{"id":"gen9vgc2024regg-2104540390","format":"[Gen 9] VGC 2024 Reg G","players":["Tempest brute","dfeefde"],"log":"|uhtml|medal-msg|<div class=\"broadcast-blue\">Curious what those medals under the avatar are? PS now has Ladder Seasons! For more information, check out the <a href=\"https:\/\/www.smogon.com\/forums\/threads\/3740067\/\">thread on Smogon.<\/a><\/div>\n|uhtml|medal-msg|<div class=\"broadcast-blue\">Curious what those medals under the avatar are? PS now has Ladder Seasons! For more information, check out the <a href=\"https:\/\/www.smogon.com\/forums\/threads\/3740067\/\">thread on Smogon.<\/a><\/div>\n|j|\u2606Tempest brute\n|j|\u2606dfeefde\n|t:|1713259574\n|gametype|doubles\n|player|p1|Tempest brute|1|1748\n|player|p2|dfeefde|265|1721\n|teamsize|p1|6\n|teamsize|p2|6\n|gen|9\n|tier|[Gen 9] VGC 2024 Reg G\n|rated|\n|rule|Species Clause: Limit one of each Pok\u00e9mon\n|rule|Item Clause: Limit one of each item\n|clearpoke\n|poke|p1|Lunala, L50|\n|poke|p1|Roaring Moon, L50|\n|poke|p1|Entei, L50|\n|poke|p1|Ogerpon-Wellspring, L50, F|\n|poke|p1|Iron Hands, L50|\n|poke|p1|Landorus-Therian, L50, M|\n|poke|p2|Terapagos, L50, M|\n|poke|p2|Annihilape, L50, M|\n|poke|p2|Incineroar, L50, M|\n|poke|p2|Amoonguss, L50, M|\n|poke|p2|Smeargle, L50, F|\n|poke|p2|Ditto, L50|\n|teampreview|4\n|inactive|Battle timer is ON: inactive players will automatically lose when time's up. (requested by dfeefde)\n|j| Rabbithorn05\n|\n|t:|1713259596\n|start\n|switch|p1a: Roaring Moon|Roaring Moon, L50|100\/100\n|switch|p1b: Iron Hands|Iron Hands, L50|100\/100\n|switch|p2a: Terapagos|Terapagos, L50, M|100\/100\n|switch|p2b: Smeargle|Smeargle, L50, F|100\/100\n|-activate|p2a: Terapagos|ability: Tera Shift\n|detailschange|p2a: Terapagos|Terapagos-Terastal, L50, M\n|-heal|p2a: Terapagos|100\/100|[silent]\n|-enditem|p1a: Roaring Moon|Booster Energy\n|-activate|p1a: Roaring Moon|ability: Protosynthesis|[fromitem]\n|-start|p1a: Roaring Moon|protosynthesisspe\n|turn|1\n|\n|t:|1713259605\n|move|p2a: Terapagos|Protect|p2a: Terapagos\n|-singleturn|p2a: Terapagos|Protect\n|move|p2b: Smeargle|Burning Bulwark|p2b: Smeargle\n|-singleturn|p2b: Smeargle|move: Protect\n|move|p1a: Roaring Moon|Substitute|p1a: Roaring Moon\n|-start|p1a: Roaring Moon|Substitute\n|-damage|p1a: Roaring Moon|76\/100\n|move|p1b: Iron Hands|Whirlwind|p2a: Terapagos\n|drag|p2a: Ditto|Ditto, L50|100\/100\n|-transform|p2a: Ditto|p1b: Iron Hands|[from] ability: Imposter\n|\n|-ability|p2b: Smeargle|Moody|boost\n|-boost|p2b: Smeargle|def|2\n|-unboost|p2b: Smeargle|spa|1\n|upkeep\n|turn|2\n|\n|t:|1713259618\n|move|p1a: Roaring Moon|Knock Off|p2b: Smeargle\n|-damage|p2b: Smeargle|49\/100\n|-enditem|p2b: Smeargle|Focus Sash|[from] move: Knock Off|[of] p1a: Roaring Moon\n|move|p2b: Smeargle|Spore|p1b: Iron Hands\n|-status|p1b: Iron Hands|slp|[from] move: Spore\n|cant|p1b: Iron Hands|slp\n|move|p2a: Ditto|Whirlwind|p1a: Roaring Moon\n|-end|p1a: Roaring Moon|Protosynthesis|[silent]\n|drag|p1a: Ogerpon|Ogerpon-Wellspring, L50, F|100\/100\n|\n|-ability|p2b: Smeargle|Moody|boost\n|-boost|p2b: Smeargle|spa|2\n|-unboost|p2b: Smeargle|spd|1\n|upkeep\n|turn|3\n|j| bluestraggler01\n|-activate|p2a: Ditto|item: Quick Claw\n|\n|t:|1713259639\n|move|p2b: Smeargle|Burning Bulwark|p2b: Smeargle\n|-singleturn|p2b: Smeargle|move: Protect\n|move|p2a: Ditto|Drain Punch|p1b: Iron Hands\n|-damage|p1b: Iron Hands|79\/100 slp\n|move|p1a: Ogerpon|Ivy Cudgel|p2b: Smeargle|[anim] Ivy Cudgel Water\n|-activate|p2b: Smeargle|move: Protect\n|-curestatus|p1b: Iron Hands|slp|[msg]\n|move|p1b: Iron Hands|Whirlwind|p2a: Ditto\n|-end|p2a: Ditto|Quark Drive|[silent]\n|drag|p2a: Annihilape|Annihilape, L50, M|100\/100\n|\n|-ability|p2b: Smeargle|Moody|boost\n|-boost|p2b: Smeargle|def|2\n|-unboost|p2b: Smeargle|spa|1\n|upkeep\n|turn|4\n|j| Gmajn\n|inactive|Tempest brute has 30 seconds left.\n|\n|t:|1713259679\n|switch|p2b: Ditto|Ditto, L50|100\/100\n|-transform|p2b: Ditto|p1a: Ogerpon|[from] ability: Imposter\n|move|p2a: Annihilape|U-turn|p1a: Ogerpon\n|-supereffective|p1a: Ogerpon\n|-damage|p1a: Ogerpon|57\/100\n|\n|t:|1713259688\n|switch|p2a: Terapagos|Terapagos-Terastal, L50, M|100\/100|[from] U-turn\n|move|p1a: Ogerpon|Ivy Cudgel|p2b: Ditto|[anim] Ivy Cudgel Water\n|-immune|p2b: Ditto|[from] ability: Water Absorb\n|move|p1b: Iron Hands|Drain Punch|p2b: Ditto\n|-damage|p2b: Ditto|60\/100\n|-heal|p1b: Iron Hands|92\/100|[from] drain|[of] p2b: Ditto\n|\n|upkeep\n|turn|5\n|inactive|dfeefde has 30 seconds left.\n|inactive|dfeefde has 20 seconds left.\n|inactive|dfeefde has 15 seconds left.\n|\n|t:|1713259729\n|move|p2a: Terapagos|Protect|p2a: Terapagos\n|-singleturn|p2a: Terapagos|Protect\n|move|p2b: Ditto|Horn Leech|p1b: Iron Hands\n|-damage|p1b: Iron Hands|73\/100\n|-heal|p2b: Ditto|76\/100|[from] drain|[of] p1b: Iron Hands\n|move|p1a: Ogerpon|Horn Leech|p2a: Terapagos\n|-activate|p2a: Terapagos|move: Protect\n|move|p1b: Iron Hands|Drain Punch|p2a: Terapagos\n|-activate|p2a: Terapagos|move: Protect\n|\n|upkeep\n|turn|6\n|\n|t:|1713259746\n|switch|p2a: Annihilape|Annihilape, L50, M|100\/100\n|move|p1a: Ogerpon|Horn Leech|p2a: Annihilape\n|-damage|p2a: Annihilape|52\/100\n|-heal|p1a: Ogerpon|82\/100|[from] drain|[of] p2a: Annihilape\n|move|p2b: Ditto|Horn Leech|p1b: Iron Hands\n|-damage|p1b: Iron Hands|51\/100\n|-heal|p2b: Ditto|94\/100|[from] drain|[of] p1b: Iron Hands\n|move|p1b: Iron Hands|Drain Punch|p2b: Ditto\n|-damage|p2b: Ditto|53\/100\n|-heal|p1b: Iron Hands|64\/100|[from] drain|[of] p2b: Ditto\n|\n|upkeep\n|turn|7\n|inactive|dfeefde has 30 seconds left.\n|\n|t:|1713259774\n|move|p2a: Annihilape|U-turn|p1a: Ogerpon\n|-supereffective|p1a: Ogerpon\n|-damage|p1a: Ogerpon|35\/100\n|\n|t:|1713259778\n|switch|p2a: Terapagos|Terapagos-Terastal, L50, M|100\/100|[from] U-turn\n|move|p2b: Ditto|Horn Leech|p1a: Ogerpon\n|-damage|p1a: Ogerpon|0 fnt\n|-heal|p2b: Ditto|73\/100|[from] drain|[of] p1a: Ogerpon\n|faint|p1a: Ogerpon\n|move|p1b: Iron Hands|Drain Punch|p2b: Ditto\n|-damage|p2b: Ditto|30\/100\n|-heal|p1b: Iron Hands|77\/100|[from] drain|[of] p2b: Ditto\n|\n|upkeep\n|\n|t:|1713259784\n|switch|p1a: Roaring Moon|Roaring Moon, L50|76\/100\n|turn|8\n|-activate|p2b: Ditto|item: Quick Claw\n|\n|t:|1713259807\n|-terastallize|p2a: Terapagos|Stellar\n|detailschange|p2a: Terapagos|Terapagos-Stellar, L50, M, tera:Stellar\n|-heal|p2a: Terapagos|100\/100|[silent]\n|move|p2b: Ditto|Spiky Shield|p2b: Ditto\n|-singleturn|p2b: Ditto|move: Protect\n|move|p1a: Roaring Moon|Acrobatics|p2b: Ditto\n|-activate|p2b: Ditto|move: Protect\n|-damage|p1a: Roaring Moon|64\/100|[from] Spiky Shield|[of] p2b: Ditto\n|move|p2a: Terapagos|Tera Starstorm|p1a: Roaring Moon|[spread] p1a,p1b\n|-damage|p1a: Roaring Moon|30\/100\n|-damage|p1b: Iron Hands|53\/100\n|move|p1b: Iron Hands|Drain Punch|p2a: Terapagos\n|-supereffective|p2a: Terapagos\n|-damage|p2a: Terapagos|55\/100\n|-heal|p1b: Iron Hands|74\/100|[from] drain|[of] p2a: Terapagos\n|-enditem|p2a: Terapagos|Weakness Policy\n|-boost|p2a: Terapagos|atk|2|[from] item: Weakness Policy\n|-boost|p2a: Terapagos|spa|2|[from] item: Weakness Policy\n|\n|upkeep\n|turn|9\n|inactive|dfeefde has 30 seconds left.\n|\n|t:|1713259839\n|move|p1a: Roaring Moon|Acrobatics|p2b: Ditto\n|-supereffective|p2b: Ditto\n|-damage|p2b: Ditto|0 fnt\n|faint|p2b: Ditto\n|move|p2a: Terapagos|Tera Starstorm|p1a: Roaring Moon|[spread] p1a,p1b\n|-damage|p1a: Roaring Moon|0 fnt\n|-damage|p1b: Iron Hands|18\/100\n|-enditem|p1b: Iron Hands|Iapapa Berry|[eat]\n|-heal|p1b: Iron Hands|51\/100|[from] item: Iapapa Berry\n|faint|p1a: Roaring Moon\n|-end|p1a: Roaring Moon|Protosynthesis|[silent]\n|move|p1b: Iron Hands|Drain Punch|p2a: Terapagos\n|-supereffective|p2a: Terapagos\n|-damage|p2a: Terapagos|6\/100\n|-heal|p1b: Iron Hands|73\/100|[from] drain|[of] p2a: Terapagos\n|\n|upkeep\n|\n|t:|1713259846\n|switch|p1a: Lunala|Lunala, L50|100\/100\n|switch|p2b: Smeargle|Smeargle, L50, F|49\/100\n|turn|10\n|\n|t:|1713259857\n|move|p2a: Terapagos|Tera Starstorm|p1a: Lunala|[spread] p1a,p1b\n|-damage|p1a: Lunala|78\/100\n|-damage|p1b: Iron Hands|18\/100\n|move|p2b: Smeargle|Spore|p1a: Lunala\n|-status|p1a: Lunala|slp|[from] move: Spore\n|cant|p1a: Lunala|slp\n|move|p1b: Iron Hands|Drain Punch|p2b: Smeargle\n|-supereffective|p2b: Smeargle\n|-damage|p2b: Smeargle|0 fnt\n|-heal|p1b: Iron Hands|33\/100|[from] drain|[of] p2b: Smeargle\n|faint|p2b: Smeargle\n|\n|-heal|p1a: Lunala|84\/100 slp|[from] item: Leftovers\n|upkeep\n|\n|t:|1713259863\n|switch|p2b: Annihilape|Annihilape, L50, M|52\/100\n|turn|11\n|\n|t:|1713259871\n|-terastallize|p1a: Lunala|Water\n|move|p2b: Annihilape|Rage Fist|p1a: Lunala\n|-damage|p1a: Lunala|54\/100 slp\n|move|p2a: Terapagos|Tera Starstorm|p1a: Lunala|[spread] p1a,p1b\n|-supereffective|p1a: Lunala\n|-damage|p1a: Lunala|0 fnt\n|-damage|p1b: Iron Hands|0 fnt\n|faint|p1a: Lunala\n|faint|p1b: Iron Hands\n|-end|p1b: Iron Hands|Quark Drive|[silent]\n|\n|win|dfeefde\n|raw|Tempest brute's rating: 1748 &rarr; <strong>1726<\/strong><br \/>(-22 for losing)\n|raw|dfeefde's rating: 1721 &rarr; <strong>1743<\/strong><br \/>(+22 for winning)\n|l|\u2606Tempest brute\n|player|p1|\n|l| Gmajn\n|l|\u2606dfeefde\n|player|p2|\n|l| bluestraggler01\n|l| Rabbithorn05\n","uploadtime":1713259885,"views":706,"formatid":"gen9vgc2024regg","rating":1726,"private":0,"password":null}