{"id":"gen9vgc2024regg-2104942505","format":"[Gen 9] VGC 2024 Reg G","players":["Tempest brute","SlowHomie"],"log":"|uhtml|medal-msg|<div class=\"broadcast-blue\">Curious what those medals under the avatar are? PS now has Ladder Seasons! For more information, check out the <a href=\"https:\/\/www.smogon.com\/forums\/threads\/3740067\/\">thread on Smogon.<\/a><\/div>\n|uhtml|medal-msg|<div class=\"broadcast-blue\">Curious what those medals under the avatar are? PS now has Ladder Seasons! For more information, check out the <a href=\"https:\/\/www.smogon.com\/forums\/threads\/3740067\/\">thread on Smogon.<\/a><\/div>\n|j|\u2606Tempest brute\n|j|\u2606SlowHomie\n|t:|1713297482\n|gametype|doubles\n|player|p1|Tempest brute|101|1774\n|player|p2|SlowHomie|hilbert|1670\n|teamsize|p1|6\n|teamsize|p2|6\n|gen|9\n|tier|[Gen 9] VGC 2024 Reg G\n|rated|\n|rule|Species Clause: Limit one of each Pok\u00e9mon\n|rule|Item Clause: Limit one of each item\n|clearpoke\n|poke|p1|Lunala, L50|\n|poke|p1|Roaring Moon, L50|\n|poke|p1|Entei, L50|\n|poke|p1|Ogerpon-Wellspring, L50, F|\n|poke|p1|Iron Hands, L50|\n|poke|p1|Landorus-Therian, L50, M|\n|poke|p2|Tornadus, L50, M|\n|poke|p2|Indeedee-F, L50, F|\n|poke|p2|Kingambit, L50, M|\n|poke|p2|Flutter Mane, L50|\n|poke|p2|Terapagos, L50, M|\n|poke|p2|Urshifu-*, L50, F|\n|teampreview|4\nSlowHomie has agreed to open team sheets.\n|c|\u2606Tempest brute|elo sniped\n|j| Hydrion\n|c|\u2606SlowHomie|oh no\n|c|\u2606SlowHomie|that's messed up\n|c|\u2606Tempest brute|wdym\n|j| ale cog\n|c| ale cog|smh\n|c|\u2606SlowHomie|ladder making us fight like this\n|c|\u2606SlowHomie|homie vs homie\n|c|\u2606SlowHomie|glhf\n|c|\u2606Tempest brute|ok I feel so tensed\n|c|\u2606Tempest brute|let me get my music u\n|c|\u2606SlowHomie|oh no worries!\n|c|\u2606SlowHomie|I love battling you!\n|c|\u2606SlowHomie|Its just sad one of us has to lose\n|c|\u2606Tempest brute|like I thought this matchup was free\n|c|\u2606Tempest brute|but then tilzy then shamoned me\n|c|\u2606SlowHomie|well lets see if I can play like Tilzy\n|\n|t:|1713297626\n|start\n|switch|p1a: Ogerpon|Ogerpon-Wellspring, L50, F|100\/100\n|switch|p1b: Entei|Entei, L50|100\/100\n|switch|p2a: Charles|Tornadus, L50, M|100\/100\n|switch|p2b: Butter Mane|Flutter Mane, L50|100\/100\n|-enditem|p2b: Butter Mane|Booster Energy\n|-activate|p2b: Butter Mane|ability: Protosynthesis|[fromitem]\n|-start|p2b: Butter Mane|protosynthesisspa\n|turn|1\n|j| UltimatheoryPK\n|\n|t:|1713297643\n|-terastallize|p1a: Ogerpon|Water\n|detailschange|p1a: Ogerpon|Ogerpon-Wellspring-Tera, L50, F, tera:Water\n|-ability|p1a: Ogerpon|Embody Aspect (Wellspring)|boost\n|-boost|p1a: Ogerpon|spd|1\n|move|p2b: Butter Mane|Protect|p2b: Butter Mane\n|-singleturn|p2b: Butter Mane|Protect\n|move|p2a: Charles|Taunt|p1a: Ogerpon\n|-start|p1a: Ogerpon|move: Taunt\n|move|p1a: Ogerpon|Ivy Cudgel|p2b: Butter Mane|[anim] Ivy Cudgel Water\n|-activate|p2b: Butter Mane|move: Protect\n|move|p1b: Entei|Sacred Fire|p2a: Charles\n|-damage|p2a: Charles|39\/100\n|-status|p2a: Charles|brn\n|\n|-damage|p2a: Charles|34\/100 brn|[from] brn\n|upkeep\n|turn|2\n|\n|t:|1713297663\n|move|p2a: Charles|Tailwind|p2a: Charles\n|-sidestart|p2: SlowHomie|move: Tailwind\n|move|p2b: Butter Mane|Moonblast|p1a: Ogerpon\n|-damage|p1a: Ogerpon|60\/100\n|move|p1a: Ogerpon|Ivy Cudgel|p2b: Butter Mane|[anim] Ivy Cudgel Water\n|-damage|p2b: Butter Mane|2\/100\n|move|p1b: Entei|Sacred Fire|p2b: Butter Mane\n|-damage|p2b: Butter Mane|0 fnt\n|faint|p2b: Butter Mane\n|-end|p2b: Butter Mane|Protosynthesis|[silent]\n|\n|-damage|p2a: Charles|28\/100 brn|[from] brn\n|upkeep\n|\n|t:|1713297669\n|switch|p2b: Rapid-SHamone|Urshifu-Rapid-Strike, L50, F|100\/100\n|turn|3\n|\n|t:|1713297676\n|switch|p2a: Darwin|Terapagos, L50, M|100\/100\n|-activate|p2a: Darwin|ability: Tera Shift\n|detailschange|p2a: Darwin|Terapagos-Terastal, L50, M\n|-heal|p2a: Darwin|100\/100|[silent]\n|move|p2b: Rapid-SHamone|Detect|p2b: Rapid-SHamone\n|-singleturn|p2b: Rapid-SHamone|Protect\n|move|p1b: Entei|Extreme Speed|p2a: Darwin\n|-activate|p2a: Darwin|ability: Tera Shell\n|-resisted|p2a: Darwin\n|-damage|p2a: Darwin|90\/100\n|move|p1a: Ogerpon|Horn Leech|p2b: Rapid-SHamone\n|-activate|p2b: Rapid-SHamone|move: Protect\n|\n|-end|p1a: Ogerpon|move: Taunt\n|upkeep\n|turn|4\n|\n|t:|1713297710\n|-terastallize|p2a: Darwin|Stellar\n|detailschange|p2a: Darwin|Terapagos-Stellar, L50, M, tera:Stellar\n|-heal|p2a: Darwin|93\/100|[silent]\n|move|p1a: Ogerpon|Spiky Shield|p1a: Ogerpon\n|-singleturn|p1a: Ogerpon|move: Protect\n|move|p2b: Rapid-SHamone|Surging Strikes|p1b: Entei\n|-supereffective|p1b: Entei\n|-crit|p1b: Entei\n|-damage|p1b: Entei|60\/100\n|-supereffective|p1b: Entei\n|-crit|p1b: Entei\n|-damage|p1b: Entei|18\/100\n|-supereffective|p1b: Entei\n|-crit|p1b: Entei\n|-damage|p1b: Entei|0 fnt\n|faint|p1b: Entei\n|-hitcount|p1: Entei|3\n|move|p2a: Darwin|Tera Starstorm|p1a: Ogerpon\n|-activate|p1a: Ogerpon|move: Protect\n|\n|upkeep\n|\n|t:|1713297718\n|switch|p1b: Roaring Moon|Roaring Moon, L50|100\/100\n|-enditem|p1b: Roaring Moon|Booster Energy\n|-activate|p1b: Roaring Moon|ability: Protosynthesis|[fromitem]\n|-start|p1b: Roaring Moon|protosynthesisspe\n|turn|5\n|\n|t:|1713297756\n|-end|p1b: Roaring Moon|Protosynthesis|[silent]\n|switch|p1b: Lunala|Lunala, L50|100\/100\n|move|p2b: Rapid-SHamone|Close Combat|p1b: Lunala\n|-immune|p1b: Lunala\n|move|p2a: Darwin|Tera Starstorm|p1b: Lunala|[spread] p1a,p1b\n|-supereffective|p1a: Ogerpon\n|-damage|p1a: Ogerpon|0 fnt\n|-damage|p1b: Lunala|84\/100\n|faint|p1a: Ogerpon\n|\n|-heal|p1b: Lunala|90\/100|[from] item: Leftovers\n|-sideend|p2: SlowHomie|move: Tailwind\n|upkeep\n|\n|t:|1713297760\n|switch|p1a: Roaring Moon|Roaring Moon, L50|100\/100\n|turn|6\n|\n|t:|1713297769\n|switch|p2a: Charles|Tornadus, L50, M|28\/100 brn\n|move|p1a: Roaring Moon|Substitute|p1a: Roaring Moon\n|-start|p1a: Roaring Moon|Substitute\n|-damage|p1a: Roaring Moon|76\/100\n|move|p2b: Rapid-SHamone|Close Combat|p1a: Roaring Moon\n|-supereffective|p1a: Roaring Moon\n|-end|p1a: Roaring Moon|Substitute\n|-unboost|p2b: Rapid-SHamone|def|1\n|-unboost|p2b: Rapid-SHamone|spd|1\n|move|p1b: Lunala|Moongeist Beam|p2b: Rapid-SHamone\n|-damage|p2b: Rapid-SHamone|27\/100\n|\n|-heal|p1b: Lunala|96\/100|[from] item: Leftovers\n|-damage|p2a: Charles|22\/100 brn|[from] brn\n|upkeep\n|turn|7\n|\n|t:|1713297779\n|move|p2a: Charles|Tailwind|p2a: Charles\n|-sidestart|p2: SlowHomie|move: Tailwind\n|move|p2b: Rapid-SHamone|Close Combat|p1a: Roaring Moon\n|-supereffective|p1a: Roaring Moon\n|-damage|p1a: Roaring Moon|0 fnt\n|-unboost|p2b: Rapid-SHamone|def|1\n|-unboost|p2b: Rapid-SHamone|spd|1\n|faint|p1a: Roaring Moon\n|-end|p1a: Roaring Moon|Protosynthesis|[silent]\n|move|p1b: Lunala|Moongeist Beam|p2b: Rapid-SHamone\n|-damage|p2b: Rapid-SHamone|0 fnt\n|faint|p2b: Rapid-SHamone\n|\n|-heal|p1b: Lunala|100\/100|[from] item: Leftovers\n|-damage|p2a: Charles|16\/100 brn|[from] brn\n|upkeep\n|\n|t:|1713297783\n|switch|p2b: Darwin|Terapagos-Stellar, L50, M, tera:Stellar|93\/100\n|turn|8\n|\n|t:|1713297787\n|move|p1b: Lunala|Protect|p1b: Lunala\n|-singleturn|p1b: Lunala|Protect\n|move|p2a: Charles|Bleakwind Storm|p1b: Lunala\n|-activate|p1b: Lunala|move: Protect\n|move|p2b: Darwin|Dark Pulse|p1b: Lunala\n|-activate|p1b: Lunala|move: Protect\n|\n|-damage|p2a: Charles|11\/100 brn|[from] brn\n|upkeep\n|turn|9\n|c|\u2606Tempest brute|wait\n|c|\u2606Tempest brute|dark pulse\n|\n|t:|1713297795\n|move|p2a: Charles|Taunt|p1b: Lunala\n|-start|p1b: Lunala|move: Taunt\n|move|p2b: Darwin|Dark Pulse|p1b: Lunala\n|-supereffective|p1b: Lunala\n|-damage|p1b: Lunala|33\/100\n|cant|p1b: Lunala|move: Taunt|Moonlight\n|\n|-heal|p1b: Lunala|39\/100|[from] item: Leftovers\n|-damage|p2a: Charles|5\/100 brn|[from] brn\n|upkeep\n|turn|10\n|c|\u2606SlowHomie|yeah\n|c|\u2606SlowHomie|its a new development\n|j| alchemistake\n|c|\u2606Tempest brute|welp\n|c|\u2606SlowHomie|after you beat me so bad in two consecutive room tours\n|c|\u2606SlowHomie|sorry fam\n|l| alchemistake\n|c|\u2606Tempest brute|welp\n|\n|t:|1713297815\n|move|p2a: Charles|Bleakwind Storm|p1b: Lunala\n|-damage|p1b: Lunala|9\/100\n|move|p2b: Darwin|Dark Pulse|p1b: Lunala\n|-supereffective|p1b: Lunala\n|-damage|p1b: Lunala|0 fnt\n|faint|p1b: Lunala\n|\n|win|SlowHomie\n|raw|Tempest brute's rating: 1774 &rarr; <strong>1748<\/strong><br \/>(-26 for losing)\n|raw|SlowHomie's rating: 1670 &rarr; <strong>1696<\/strong><br \/>(+26 for winning)\n|j| OUWW ROCCIA\n|c|\u2606SlowHomie|gg wp\n|c|\u2606Tempest brute|gg\n|c|\u2606Tempest brute|I need to bring hands\n|c|\u2606Tempest brute|now that you got dark pulse\n|l|\u2606Tempest brute\n|player|p1|\n|c|\u2606SlowHomie|yeah hands is a threat\n|l| UltimatheoryPK\n|l|\u2606SlowHomie\n|player|p2|\n|l| Hydrion\n","uploadtime":1713297826,"views":176,"formatid":"gen9vgc2024regg","rating":1696,"private":0,"password":null}