{"id":"gen9vgc2024regg-2104404318","format":"[Gen 9] VGC 2024 Reg G","players":["Aki Hoshino","SMDR"],"log":"|uhtml|medal-msg|<div class=\"broadcast-blue\">Curious what those medals under the avatar are? PS now has Ladder Seasons! For more information, check out the <a href=\"https:\/\/www.smogon.com\/forums\/threads\/3740067\/\">thread on Smogon.<\/a><\/div>\n|uhtml|medal-msg|<div class=\"broadcast-blue\">Curious what those medals under the avatar are? PS now has Ladder Seasons! For more information, check out the <a href=\"https:\/\/www.smogon.com\/forums\/threads\/3740067\/\">thread on Smogon.<\/a><\/div>\n|j|\u2606Aki Hoshino\n|j|\u2606SMDR\n|t:|1713238170\n|gametype|doubles\n|player|p1|Aki Hoshino|aromalady|1747\n|player|p2|SMDR|102|1673\n|teamsize|p1|6\n|teamsize|p2|6\n|gen|9\n|tier|[Gen 9] VGC 2024 Reg G\n|rated|\n|rule|Species Clause: Limit one of each Pok\u00e9mon\n|rule|Item Clause: Limit one of each item\n|clearpoke\n|poke|p1|Whimsicott, L50, M|\n|poke|p1|Calyrex-Ice, L50|\n|poke|p1|Urshifu-*, L50, F|\n|poke|p1|Landorus, L50, M|\n|poke|p1|Ogerpon-Wellspring, L50, F|\n|poke|p1|Heatran, L50, F|\n|poke|p2|Terapagos, L50, M|\n|poke|p2|Comfey, L50, M|\n|poke|p2|Incineroar, L50, M|\n|poke|p2|Chi-Yu, L50|\n|poke|p2|Whimsicott, L50, M|\n|poke|p2|Rillaboom, L50, F|\n|teampreview|4\n|c|\u2606SMDR|hi\n|j| tester66432\n|inactive|Battle timer is ON: inactive players will automatically lose when time's up. (requested by SMDR)\n|j| shane999999\n|inactive|Aki Hoshino has 60 seconds left.\n|\n|t:|1713238261\n|start\n|switch|p1a: Whimsicott|Whimsicott, L50, M|100\/100\n|switch|p1b: Calyrex|Calyrex-Ice, L50|100\/100\n|switch|p2a: Terapagos|Terapagos, L50, M|100\/100\n|switch|p2b: Whimsicott|Whimsicott, L50, M|100\/100\n|-ability|p1b: Calyrex|As One\n|-ability|p1b: Calyrex|Unnerve\n|-activate|p2a: Terapagos|ability: Tera Shift\n|detailschange|p2a: Terapagos|Terapagos-Terastal, L50, M\n|-heal|p2a: Terapagos|100\/100|[silent]\n|turn|1\n|j| Rabbithorn05\n|inactive|Aki Hoshino has 30 seconds left.\n|\n|t:|1713238289\n|move|p1a: Whimsicott|Tailwind|p1a: Whimsicott\n|-sidestart|p1: Aki Hoshino|move: Tailwind\n|move|p2b: Whimsicott|Tailwind|p2b: Whimsicott\n|-sidestart|p2: SMDR|move: Tailwind\n|move|p2a: Terapagos|Tera Starstorm|p1b: Calyrex\n|-damage|p1b: Calyrex|33\/100\n|move|p1b: Calyrex|Glacial Lance|p2b: Whimsicott|[spread] p2a,p2b\n|-activate|p2a: Terapagos|ability: Tera Shell\n|-resisted|p2a: Terapagos\n|-supereffective|p2b: Whimsicott\n|-damage|p2a: Terapagos|76\/100\n|-damage|p2b: Whimsicott|6\/100\n|\n|upkeep\n|turn|2\n|\n|t:|1713238309\n|-terastallize|p2a: Terapagos|Stellar\n|detailschange|p2a: Terapagos|Terapagos-Stellar, L50, M, tera:Stellar\n|-heal|p2a: Terapagos|82\/100|[silent]\n|move|p1b: Calyrex|Protect|p1b: Calyrex\n|-singleturn|p1b: Calyrex|Protect\n|move|p2b: Whimsicott|Fake Tears|p1a: Whimsicott\n|-unboost|p1a: Whimsicott|spd|2\n|move|p2a: Terapagos|Tera Starstorm|p1b: Calyrex|[spread] p1a\n|-activate|p1b: Calyrex|move: Protect\n|-enditem|p1a: Whimsicott|Focus Sash\n|-damage|p1a: Whimsicott|1\/100\n|move|p1a: Whimsicott|Trick Room|p1a: Whimsicott\n|-fieldstart|move: Trick Room|[of] p1a: Whimsicott\n|\n|upkeep\n|turn|3\n|inactive|Aki Hoshino has 30 seconds left.\n|inactive|Aki Hoshino has 20 seconds left.\n|\n|t:|1713238346\n|switch|p2b: Comfey|Comfey, L50, M|100\/100\n|move|p1b: Calyrex|Glacial Lance|p2b: Comfey|[spread] p2a,p2b\n|-damage|p2a: Terapagos|43\/100\n|-damage|p2b: Comfey|50\/100\n|move|p2a: Terapagos|Tera Starstorm|p1b: Calyrex|[spread] p1a,p1b\n|-damage|p1a: Whimsicott|0 fnt\n|-damage|p1b: Calyrex|0 fnt\n|-enditem|p2b: Comfey|Sitrus Berry|[eat]\n|-heal|p2b: Comfey|75\/100|[from] item: Sitrus Berry\n|faint|p1a: Whimsicott\n|faint|p1b: Calyrex\n|\n|upkeep\n|\n|t:|1713238359\n|switch|p1b: Urshifu|Urshifu, L50, F|100\/100\n|switch|p1a: Ogerpon|Ogerpon-Wellspring, L50, F|100\/100\n|turn|4\n|j| fac10\n|inactive|Aki Hoshino has 30 seconds left.\n|\n|t:|1713238389\n|switch|p2a: Whimsicott|Whimsicott, L50, M|6\/100\n|-terastallize|p1a: Ogerpon|Water\n|detailschange|p1a: Ogerpon|Ogerpon-Wellspring-Tera, L50, F, tera:Water\n|-ability|p1a: Ogerpon|Embody Aspect (Wellspring)|boost\n|-boost|p1a: Ogerpon|spd|1\n|move|p2b: Comfey|Draining Kiss|p1b: Urshifu\n|-supereffective|p1b: Urshifu\n|-crit|p1b: Urshifu\n|-damage|p1b: Urshifu|0 fnt\n|-heal|p2b: Comfey|100\/100|[from] drain|[of] p1b: Urshifu\n|faint|p1b: Urshifu\n|move|p1a: Ogerpon|Follow Me|p1a: Ogerpon\n|-singleturn|p1a: Ogerpon|move: Follow Me\n|\n|-sideend|p1: Aki Hoshino|move: Tailwind\n|-sideend|p2: SMDR|move: Tailwind\n|upkeep\n|turn|5\n|-message|Aki Hoshino forfeited.\n|\n|win|SMDR\n|raw|Aki Hoshino's rating: 1747 &rarr; <strong>1723<\/strong><br \/>(-24 for losing)\n|raw|SMDR's rating: 1673 &rarr; <strong>1697<\/strong><br \/>(+24 for winning)\n|l|\u2606Aki Hoshino\n|player|p1|\n|l| shane999999\n","uploadtime":1713238506,"views":209,"formatid":"gen9vgc2024regg","rating":1697,"private":0,"password":null}