{"id":"gen9vgc2024regg-2104501585","format":"[Gen 9] VGC 2024 Reg G","players":["Aki Hoshino","lol lol lol blue"],"log":"|uhtml|medal-msg|<div class=\"broadcast-blue\">Curious what those medals under the avatar are? PS now has Ladder Seasons! For more information, check out the <a href=\"https:\/\/www.smogon.com\/forums\/threads\/3740067\/\">thread on Smogon.<\/a><\/div>\n|uhtml|medal-msg|<div class=\"broadcast-blue\">Curious what those medals under the avatar are? PS now has Ladder Seasons! For more information, check out the <a href=\"https:\/\/www.smogon.com\/forums\/threads\/3740067\/\">thread on Smogon.<\/a><\/div>\n|j|\u2606Aki Hoshino\n|j|\u2606lol lol lol blue\n|t:|1713253672\n|gametype|doubles\n|player|p1|Aki Hoshino|aromalady|1774\n|player|p2|lol lol lol blue|emmet|1682\n|teamsize|p1|6\n|teamsize|p2|6\n|gen|9\n|tier|[Gen 9] VGC 2024 Reg G\n|rated|\n|rule|Species Clause: Limit one of each Pok\u00e9mon\n|rule|Item Clause: Limit one of each item\n|clearpoke\n|poke|p1|Whimsicott, L50, M|\n|poke|p1|Calyrex-Ice, L50|\n|poke|p1|Urshifu-*, L50, M|\n|poke|p1|Landorus, L50, M|\n|poke|p1|Ogerpon-Wellspring, L50, F|\n|poke|p1|Heatran, L50, F|\n|poke|p2|Torkoal, L50, F|\n|poke|p2|Calyrex-Ice, L50|\n|poke|p2|Farigiraf, L50, F|\n|poke|p2|Ogerpon-Hearthflame, L50, F|\n|poke|p2|Flutter Mane, L50|\n|poke|p2|Urshifu-*, L50, M|\n|teampreview|4\nlol lol lol blue rejected open team sheets.\n|j| Kuuki average\n|l| Kuuki average\n|\n|t:|1713253709\n|start\n|switch|p1a: Whimsicott|Whimsicott, L50, M|100\/100\n|switch|p1b: Calyrex|Calyrex-Ice, L50|100\/100\n|switch|p2a: Calyrex|Calyrex-Ice, L50|100\/100\n|switch|p2b: Ogerpon|Ogerpon-Hearthflame, L50, F|100\/100\n|-ability|p1b: Calyrex|As One\n|-ability|p1b: Calyrex|Unnerve\n|-ability|p2a: Calyrex|As One\n|-ability|p2a: Calyrex|Unnerve\n|-ability|p2b: Ogerpon|Mold Breaker\n|turn|1\n|j| Kuuki average\n|j| cz1023\n|j| piplupBOSS\n|inactive|Battle timer is ON: inactive players will automatically lose when time's up. (requested by lol lol lol blue)\n|\n|t:|1713253753\n|switch|p1b: Heatran|Heatran, L50, F|100\/100\n|move|p2b: Ogerpon|Follow Me|p2b: Ogerpon\n|-singleturn|p2b: Ogerpon|move: Follow Me\n|move|p1a: Whimsicott|Moonblast|p2b: Ogerpon\n|-resisted|p2b: Ogerpon\n|-damage|p2b: Ogerpon|83\/100\n|move|p2a: Calyrex|Trick Room|p2a: Calyrex\n|-fieldstart|move: Trick Room|[of] p2a: Calyrex\n|\n|upkeep\n|turn|2\n|j| MadaHayai\n|inactive|Aki Hoshino has 30 seconds left.\n|j| laodaniubi\n|l| Kuuki average\n|inactive|Aki Hoshino has 20 seconds left.\n|inactive|Aki Hoshino has 15 seconds left.\n|inactive|Aki Hoshino has 10 seconds left.\n|\n|t:|1713253798\n|-terastallize|p2a: Calyrex|Water\n|move|p1a: Whimsicott|Encore|p2a: Calyrex\n|-start|p2a: Calyrex|Encore\n|move|p2a: Calyrex|Trick Room|p2a: Calyrex\n|-fieldend|move: Trick Room\n|move|p2b: Ogerpon|Ivy Cudgel|p1a: Whimsicott|[anim] Ivy Cudgel Fire\n|-supereffective|p1a: Whimsicott\n|-enditem|p1a: Whimsicott|Focus Sash\n|-damage|p1a: Whimsicott|1\/100\n|move|p1b: Heatran|Heat Wave|p2a: Calyrex|[spread] p2a,p2b\n|-resisted|p2a: Calyrex\n|-damage|p2a: Calyrex|88\/100\n|-damage|p2b: Ogerpon|50\/100\n|\n|upkeep\n|turn|3\n|j| Kuuki average\n|inactive|Aki Hoshino has 30 seconds left.\n|inactive|lol lol lol blue has 30 seconds left.\n|inactive|Aki Hoshino has 20 seconds left.\n|inactive|Aki Hoshino has 15 seconds left.\n|\n|t:|1713253843\n|switch|p2a: Urshifu|Urshifu, L50, M|100\/100\n|move|p1a: Whimsicott|Moonblast|p2b: Ogerpon\n|-resisted|p2b: Ogerpon\n|-damage|p2b: Ogerpon|33\/100\n|move|p2b: Ogerpon|Ivy Cudgel|p1a: Whimsicott|[anim] Ivy Cudgel Fire\n|-supereffective|p1a: Whimsicott\n|-damage|p1a: Whimsicott|0 fnt\n|faint|p1a: Whimsicott\n|move|p1b: Heatran|Heat Wave|p2a: Urshifu|[spread] p2a\n|-miss|p1b: Heatran|p2b: Ogerpon\n|-damage|p2a: Urshifu|42\/100\n|\n|upkeep\n|inactive|Aki Hoshino has 30 seconds left.\n|\n|t:|1713253870\n|switch|p1a: Urshifu|Urshifu, L50, M|100\/100\n|turn|4\n|j| Rabbithorn05\n|inactive|Aki Hoshino has 30 seconds left.\n|inactive|Aki Hoshino has 20 seconds left.\n|inactive|lol lol lol blue has 30 seconds left.\n|inactive|Aki Hoshino has 15 seconds left.\n|\n|t:|1713253912\n|-terastallize|p1b: Heatran|Bug\n|move|p1a: Urshifu|Sucker Punch|p2b: Ogerpon\n|-damage|p2b: Ogerpon|0 fnt\n|faint|p2b: Ogerpon\n|move|p2a: Urshifu|Close Combat|p1a: Urshifu\n|-supereffective|p1a: Urshifu\n|-damage|p1a: Urshifu|0 fnt\n|-unboost|p2a: Urshifu|def|1\n|-unboost|p2a: Urshifu|spd|1\n|faint|p1a: Urshifu\n|move|p1b: Heatran|Heat Wave|p2a: Urshifu\n|-damage|p2a: Urshifu|0 fnt\n|faint|p2a: Urshifu\n|\n|upkeep\n|\n|t:|1713253926\n|switch|p1a: Calyrex|Calyrex-Ice, L50|100\/100\n|switch|p2a: Calyrex|Calyrex-Ice, L50, tera:Water|88\/100\n|switch|p2b: Torkoal|Torkoal, L50, F|100\/100\n|-ability|p1a: Calyrex|As One\n|-ability|p1a: Calyrex|Unnerve\n|-ability|p2a: Calyrex|As One\n|-ability|p2a: Calyrex|Unnerve\n|-weather|SunnyDay|[from] ability: Drought|[of] p2b: Torkoal\n|turn|5\n|inactive|Aki Hoshino has 30 seconds left.\n|\n|t:|1713253956\n|move|p2b: Torkoal|Protect|p2b: Torkoal\n|-singleturn|p2b: Torkoal|Protect\n|move|p1b: Heatran|Earth Power|p2b: Torkoal\n|-activate|p2b: Torkoal|move: Protect\n|move|p1a: Calyrex|Glacial Lance|p2a: Calyrex|[spread] p2a\n|-activate|p2b: Torkoal|move: Protect\n|-resisted|p2a: Calyrex\n|-damage|p2a: Calyrex|72\/100\n|move|p2a: Calyrex|Trick Room|p2a: Calyrex\n|-fieldstart|move: Trick Room|[of] p2a: Calyrex\n|\n|-weather|SunnyDay|[upkeep]\n|upkeep\n|turn|6\n|inactive|lol lol lol blue has 30 seconds left.\n|\n|t:|1713253982\n|move|p1a: Calyrex|Protect|p1a: Calyrex\n|-singleturn|p1a: Calyrex|Protect\n|move|p2b: Torkoal|Eruption|p1a: Calyrex|[spread] \n|-activate|p1a: Calyrex|move: Protect\n|-start|p1b: Heatran|ability: Flash Fire\n|move|p2a: Calyrex|Glacial Lance|p1b: Heatran|[spread] p1b\n|-activate|p1a: Calyrex|move: Protect\n|-damage|p1b: Heatran|46\/100\n|move|p1b: Heatran|Earth Power|p2b: Torkoal\n|-supereffective|p2b: Torkoal\n|-damage|p2b: Torkoal|19\/100\n|\n|-weather|SunnyDay|[upkeep]\n|upkeep\n|turn|7\n|l| laodaniubi\n|inactive|Aki Hoshino has 30 seconds left.\n|\n|t:|1713254016\n|move|p1b: Heatran|Protect|p1b: Heatran\n|-singleturn|p1b: Heatran|Protect\n|move|p2b: Torkoal|Heat Wave|p1b: Heatran|[spread] p1a\n|-activate|p1b: Heatran|move: Protect\n|-supereffective|p1a: Calyrex\n|-damage|p1a: Calyrex|10\/100\n|-status|p1a: Calyrex|brn\n|move|p2a: Calyrex|Glacial Lance|p1b: Heatran|[spread] p1a\n|-activate|p1b: Heatran|move: Protect\n|-resisted|p1a: Calyrex\n|-damage|p1a: Calyrex|0 fnt\n|faint|p1a: Calyrex\n|-ability|p2a: Calyrex|Chilling Neigh|boost\n|-boost|p2a: Calyrex|atk|1\n|\n|-weather|SunnyDay|[upkeep]\n|upkeep\n|turn|8\n|\n|t:|1713254035\n|move|p2b: Torkoal|Solar Beam||[still]\n|-prepare|p2b: Torkoal|Solar Beam\n|-anim|p2b: Torkoal|Solar Beam|p1b: Heatran\n|-resisted|p1b: Heatran\n|-damage|p1b: Heatran|32\/100\n|move|p2a: Calyrex|Glacial Lance|p1b: Heatran\n|-damage|p1b: Heatran|0 fnt\n|faint|p1b: Heatran\n|\n|win|lol lol lol blue\n|raw|Aki Hoshino's rating: 1774 &rarr; <strong>1749<\/strong><br \/>(-25 for losing)\n|raw|lol lol lol blue's rating: 1682 &rarr; <strong>1707<\/strong><br \/>(+25 for winning)\n|l|\u2606Aki Hoshino\n|player|p1|\n|c|\u2606lol lol lol blue|gg\n","uploadtime":1713254072,"views":367,"formatid":"gen9vgc2024regg","rating":1707,"private":0,"password":null}