{"id":"gen9vgc2024regg-2104537796","format":"[Gen 9] VGC 2024 Reg G","players":["dfeefde","Aki Hoshino"],"log":"|uhtml|medal-msg|<div class=\"broadcast-blue\">Curious what those medals under the avatar are? PS now has Ladder Seasons! For more information, check out the <a href=\"https:\/\/www.smogon.com\/forums\/threads\/3740067\/\">thread on Smogon.<\/a><\/div>\n|uhtml|medal-msg|<div class=\"broadcast-blue\">Curious what those medals under the avatar are? PS now has Ladder Seasons! For more information, check out the <a href=\"https:\/\/www.smogon.com\/forums\/threads\/3740067\/\">thread on Smogon.<\/a><\/div>\n|j|\u2606dfeefde\n|j|\u2606Aki Hoshino\n|t:|1713259189\n|gametype|doubles\n|player|p1|dfeefde|265|1724\n|player|p2|Aki Hoshino|aromalady|1765\n|teamsize|p1|6\n|teamsize|p2|6\n|gen|9\n|tier|[Gen 9] VGC 2024 Reg G\n|rated|\n|rule|Species Clause: Limit one of each Pok\u00e9mon\n|rule|Item Clause: Limit one of each item\n|clearpoke\n|poke|p1|Terapagos, L50, M|\n|poke|p1|Annihilape, L50, M|\n|poke|p1|Incineroar, L50, M|\n|poke|p1|Amoonguss, L50, M|\n|poke|p1|Smeargle, L50, M|\n|poke|p1|Ditto, L50|\n|poke|p2|Whimsicott, L50, F|\n|poke|p2|Calyrex-Ice, L50|\n|poke|p2|Urshifu-*, L50, F|\n|poke|p2|Landorus, L50, M|\n|poke|p2|Ogerpon-Wellspring, L50, F|\n|poke|p2|Heatran, L50, M|\n|teampreview|4\n|j| Rabbithorn05\n|inactive|Battle timer is ON: inactive players will automatically lose when time's up. (requested by dfeefde)\n|\n|t:|1713259214\n|start\n|switch|p1a: Terapagos|Terapagos, L50, M|100\/100\n|switch|p1b: Smeargle|Smeargle, L50, M|100\/100\n|switch|p2a: Whimsicott|Whimsicott, L50, F|100\/100\n|switch|p2b: Calyrex|Calyrex-Ice, L50|100\/100\n|-activate|p1a: Terapagos|ability: Tera Shift\n|detailschange|p1a: Terapagos|Terapagos-Terastal, L50, M\n|-heal|p1a: Terapagos|100\/100|[silent]\n|-ability|p2b: Calyrex|As One\n|-ability|p2b: Calyrex|Unnerve\n|turn|1\n|inactive|Aki Hoshino has 30 seconds left.\n|\n|t:|1713259240\n|-terastallize|p1a: Terapagos|Stellar\n|detailschange|p1a: Terapagos|Terapagos-Stellar, L50, M, tera:Stellar\n|-heal|p1a: Terapagos|100\/100|[silent]\n|move|p1b: Smeargle|Vacuum Wave|p1a: Terapagos\n|-supereffective|p1a: Terapagos\n|-damage|p1a: Terapagos|95\/100\n|-enditem|p1a: Terapagos|Weakness Policy\n|-boost|p1a: Terapagos|atk|2|[from] item: Weakness Policy\n|-boost|p1a: Terapagos|spa|2|[from] item: Weakness Policy\n|move|p2a: Whimsicott|Moonblast|p1a: Terapagos\n|-damage|p1a: Terapagos|73\/100\n|move|p1a: Terapagos|Tera Starstorm|p2a: Whimsicott|[spread] p2a,p2b\n|-enditem|p2a: Whimsicott|Focus Sash\n|-damage|p2a: Whimsicott|1\/100\n|-damage|p2b: Calyrex|46\/100\n|move|p2b: Calyrex|Glacial Lance|p1b: Smeargle|[spread] p1a,p1b\n|-damage|p1a: Terapagos|34\/100\n|-enditem|p1b: Smeargle|Focus Sash\n|-damage|p1b: Smeargle|1\/100\n|\n|-ability|p1b: Smeargle|Moody|boost\n|-boost|p1b: Smeargle|spe|2\n|-unboost|p1b: Smeargle|spd|1\n|upkeep\n|turn|2\n|j| bluestraggler01\n|inactive|Aki Hoshino has 30 seconds left.\n|inactive|Aki Hoshino has 20 seconds left.\n|inactive|Aki Hoshino has 15 seconds left.\n|\n|t:|1713259283\n|move|p1b: Smeargle|Vacuum Wave|p2a: Whimsicott\n|-resisted|p2a: Whimsicott\n|-damage|p2a: Whimsicott|0 fnt\n|faint|p2a: Whimsicott\n|move|p1a: Terapagos|Tera Starstorm|p2b: Calyrex\n|-damage|p2b: Calyrex|0 fnt\n|faint|p2b: Calyrex\n|\n|-ability|p1b: Smeargle|Moody|boost\n|-boost|p1b: Smeargle|spe|2\n|-unboost|p1b: Smeargle|atk|1\n|upkeep\n|\n|t:|1713259286\n|switch|p2a: Urshifu|Urshifu, L50, F|100\/100\n|switch|p2b: Ogerpon|Ogerpon-Wellspring, L50, F|100\/100\n|turn|3\n|inactive|Aki Hoshino has 30 seconds left.\n|inactive|Aki Hoshino has 20 seconds left.\n|inactive|Aki Hoshino has 15 seconds left.\n|\n|t:|1713259330\n|move|p1b: Smeargle|Spore|p2a: Urshifu\n|-status|p2a: Urshifu|slp|[from] move: Spore\n|cant|p2a: Urshifu|slp\n|move|p2b: Ogerpon|Ivy Cudgel|p1a: Terapagos|[anim] Ivy Cudgel Water\n|-damage|p1a: Terapagos|0 fnt\n|faint|p1a: Terapagos\n|\n|-ability|p1b: Smeargle|Moody|boost\n|-boost|p1b: Smeargle|atk|2\n|-unboost|p1b: Smeargle|spd|1\n|upkeep\n|j| biei2024\n|\n|t:|1713259350\n|switch|p1a: Ditto|Ditto, L50|100\/100\n|-transform|p1a: Ditto|p2b: Ogerpon|[from] ability: Imposter\n|turn|4\n|inactive|Aki Hoshino has 30 seconds left.\n|-activate|p1a: Ditto|item: Quick Claw\n|\n|t:|1713259384\n|move|p1b: Smeargle|Vacuum Wave|p2a: Urshifu\n|-supereffective|p2a: Urshifu\n|-damage|p2a: Urshifu|90\/100 slp\n|move|p1a: Ditto|Wood Hammer|p2a: Urshifu\n|-damage|p2a: Urshifu|34\/100 slp\n|-damage|p1a: Ditto|79\/100|[from] Recoil\n|cant|p2a: Urshifu|slp\n|move|p2b: Ogerpon|Wood Hammer|p1b: Smeargle\n|-damage|p1b: Smeargle|0 fnt\n|faint|p1b: Smeargle\n|-damage|p2b: Ogerpon|99\/100|[from] Recoil\n|\n|upkeep\n|\n|t:|1713259395\n|switch|p1b: Annihilape|Annihilape, L50, M|100\/100\n|turn|5\n|j| Gmajn\n|inactive|Aki Hoshino has 30 seconds left.\n|\n|t:|1713259429\n|-terastallize|p2a: Urshifu|Ghost\n|move|p2b: Ogerpon|Follow Me|p2b: Ogerpon\n|-singleturn|p2b: Ogerpon|move: Follow Me\n|move|p1b: Annihilape|Close Combat|p2b: Ogerpon\n|-damage|p2b: Ogerpon|34\/100\n|-unboost|p1b: Annihilape|def|1\n|-unboost|p1b: Annihilape|spd|1\n|-curestatus|p2a: Urshifu|slp|[msg]\n|move|p2a: Urshifu|Wicked Blow|p1a: Ditto\n|-crit|p1a: Ditto\n|-damage|p1a: Ditto|0 fnt\n|faint|p1a: Ditto\n|\n|upkeep\n|turn|6\n|-message|dfeefde forfeited.\n|\n|win|Aki Hoshino\n|raw|dfeefde's rating: 1724 &rarr; <strong>1706<\/strong><br \/>(-18 for losing)\n|raw|Aki Hoshino's rating: 1765 &rarr; <strong>1783<\/strong><br \/>(+18 for winning)\n|l|\u2606dfeefde\n|player|p1|\n|c| Rabbithorn05|gg\n|l|\u2606Aki Hoshino\n|player|p2|\n|l| biei2024\n|l| Rabbithorn05\n","uploadtime":1713259450,"views":263,"formatid":"gen9vgc2024regg","rating":1706,"private":0,"password":null}