{"id":"gen9vgc2024regg-2105164920","format":"[Gen 9] VGC 2024 Reg G","players":["dfeefde","wonder gawd"],"log":"|uhtml|medal-msg|<div class=\"broadcast-blue\">Curious what those medals under the avatar are? PS now has Ladder Seasons! For more information, check out the <a href=\"https:\/\/www.smogon.com\/forums\/threads\/3740067\/\">thread on Smogon.<\/a><\/div>\n|uhtml|medal-msg|<div class=\"broadcast-blue\">Curious what those medals under the avatar are? PS now has Ladder Seasons! For more information, check out the <a href=\"https:\/\/www.smogon.com\/forums\/threads\/3740067\/\">thread on Smogon.<\/a><\/div>\n|j|\u2606dfeefde\n|j|\u2606wonder gawd\n|t:|1713321564\n|gametype|doubles\n|player|p1|dfeefde|266|1761\n|player|p2|wonder gawd|265|1723\n|teamsize|p1|6\n|teamsize|p2|6\n|gen|9\n|tier|[Gen 9] VGC 2024 Reg G\n|rated|\n|rule|Species Clause: Limit one of each Pok\u00e9mon\n|rule|Item Clause: Limit one of each item\n|clearpoke\n|poke|p1|Terapagos, L50, M|\n|poke|p1|Flutter Mane, L50|\n|poke|p1|Annihilape, L50, M|\n|poke|p1|Comfey, L50, F|\n|poke|p1|Smeargle, L50, M|\n|poke|p1|Ditto, L50|\n|poke|p2|Urshifu-*, L50, M|\n|poke|p2|Tornadus, L50, M|\n|poke|p2|Brute Bonnet, L50|\n|poke|p2|Lunala, L50|\n|poke|p2|Zoroark-Hisui, L50, F|\n|poke|p2|Sneasler, L50, F|\n|teampreview|4\n|j| pseudonymvgc\n|inactive|Battle timer is ON: inactive players will automatically lose when time's up. (requested by dfeefde)\n|\n|t:|1713321600\n|start\n|switch|p1a: Terapagos|Terapagos, L50, M|100\/100\n|switch|p1b: Smeargle|Smeargle, L50, M|100\/100\n|switch|p2a: Tornadus|Tornadus, L50, M, shiny|100\/100\n|switch|p2b: Brute Bonnet|Brute Bonnet, L50|100\/100\n|-activate|p1a: Terapagos|ability: Tera Shift\n|detailschange|p1a: Terapagos|Terapagos-Terastal, L50, M\n|-heal|p1a: Terapagos|100\/100|[silent]\n|-enditem|p2b: Brute Bonnet|Booster Energy\n|-activate|p2b: Brute Bonnet|ability: Protosynthesis|[fromitem]\n|-start|p2b: Brute Bonnet|protosynthesisatk\n|turn|1\n|\n|t:|1713321612\n|-terastallize|p1a: Terapagos|Stellar\n|detailschange|p1a: Terapagos|Terapagos-Stellar, L50, M, tera:Stellar\n|-heal|p1a: Terapagos|100\/100|[silent]\n|move|p2a: Tornadus|Tailwind|p2a: Tornadus\n|-sidestart|p2: wonder gawd|move: Tailwind\n|move|p1b: Smeargle|Vacuum Wave|p1a: Terapagos\n|-supereffective|p1a: Terapagos\n|-damage|p1a: Terapagos|95\/100\n|-enditem|p1a: Terapagos|Weakness Policy\n|-boost|p1a: Terapagos|atk|2|[from] item: Weakness Policy\n|-boost|p1a: Terapagos|spa|2|[from] item: Weakness Policy\n|move|p1a: Terapagos|Flamethrower|p2b: Brute Bonnet\n|-supereffective|p2b: Brute Bonnet\n|-damage|p2b: Brute Bonnet|0 fnt\n|faint|p2b: Brute Bonnet\n|-end|p2b: Brute Bonnet|Protosynthesis|[silent]\n|\n|-ability|p1b: Smeargle|Moody|boost\n|-boost|p1b: Smeargle|def|2\n|-unboost|p1b: Smeargle|spe|1\n|upkeep\n|\n|t:|1713321624\n|switch|p2b: Lunala|Lunala, L50|100\/100\n|turn|2\n|\n|t:|1713321641\n|move|p1b: Smeargle|Wide Guard|p1b: Smeargle\n|-singleturn|p1b: Smeargle|Wide Guard\n|move|p2a: Tornadus|Bleakwind Storm|p1b: Smeargle|[spread] \n|-activate|p1a: Terapagos|move: Wide Guard\n|-activate|p1b: Smeargle|move: Wide Guard\n|move|p2b: Lunala|Meteor Beam||[still]\n|-prepare|p2b: Lunala|Meteor Beam\n|-boost|p2b: Lunala|spa|1\n|-enditem|p2b: Lunala|Power Herb\n|-anim|p2b: Lunala|Meteor Beam|p1b: Smeargle\n|-enditem|p1b: Smeargle|Focus Sash\n|-damage|p1b: Smeargle|1\/100\n|move|p1a: Terapagos|Tera Starstorm|p2a: Tornadus|[spread] p2a,p2b\n|-enditem|p2a: Tornadus|Focus Sash\n|-damage|p2a: Tornadus|1\/100\n|-damage|p2b: Lunala|76\/100\n|\n|-ability|p1b: Smeargle|Moody|boost\n|-boost|p1b: Smeargle|atk|2\n|-unboost|p1b: Smeargle|spe|1\n|upkeep\n|turn|3\n|j| Congwuyu\n|j| mio.v\n|inactive|dfeefde has 30 seconds left.\n|\n|t:|1713321668\n|move|p2b: Lunala|Wide Guard|p2b: Lunala\n|-singleturn|p2b: Lunala|Wide Guard\n|move|p1b: Smeargle|Vacuum Wave|p2a: Tornadus\n|-resisted|p2a: Tornadus\n|-damage|p2a: Tornadus|0 fnt\n|faint|p2a: Tornadus\n|move|p1a: Terapagos|Tera Starstorm|p2b: Lunala\n|-activate|p2b: Lunala|move: Wide Guard\n|\n|-ability|p1b: Smeargle|Moody|boost\n|-boost|p1b: Smeargle|spe|2\n|-unboost|p1b: Smeargle|def|1\n|upkeep\n|\n|t:|1713321675\n|switch|p2a: Urshifu|Urshifu, L50, M|100\/100\n|turn|4\n|j| allplay\n|inactive|wonder gawd has 30 seconds left.\n|\n|t:|1713321710\n|move|p1b: Smeargle|Vacuum Wave|p2a: Urshifu\n|-supereffective|p2a: Urshifu\n|-damage|p2a: Urshifu|91\/100\n|move|p2a: Urshifu|Wicked Blow|p1b: Smeargle\n|-crit|p1b: Smeargle\n|-damage|p1b: Smeargle|0 fnt\n|faint|p1b: Smeargle\n|move|p2b: Lunala|Meteor Beam||[still]\n|-prepare|p2b: Lunala|Meteor Beam\n|-boost|p2b: Lunala|spa|1\n|move|p1a: Terapagos|Rapid Spin|p2a: Urshifu\n|-damage|p2a: Urshifu|42\/100\n|-boost|p1a: Terapagos|spe|1\n|\n|-sideend|p2: wonder gawd|move: Tailwind\n|upkeep\n|\n|t:|1713321723\n|switch|p1b: Ditto|Ditto, L50|100\/100\n|-transform|p1b: Ditto|p2a: Urshifu|[from] ability: Imposter\n|turn|5\n|\n|t:|1713321729\n|move|p1a: Terapagos|Tera Starstorm|p2b: Lunala|[spread] p2a,p2b\n|-damage|p2a: Urshifu|0 fnt\n|-damage|p2b: Lunala|25\/100\n|faint|p2a: Urshifu\n|move|p1b: Ditto|Wicked Blow|p2b: Lunala\n|-supereffective|p2b: Lunala\n|-crit|p2b: Lunala\n|-damage|p2b: Lunala|0 fnt\n|faint|p2b: Lunala\n|\n|win|dfeefde\n|raw|dfeefde's rating: 1761 &rarr; <strong>1779<\/strong><br \/>(+18 for winning)\n|raw|wonder gawd's rating: 1723 &rarr; <strong>1705<\/strong><br \/>(-18 for losing)\n|l|\u2606wonder gawd\n|player|p2|\n","uploadtime":1713321741,"views":268,"formatid":"gen9vgc2024regg","rating":1705,"private":0,"password":null}