{"id":"gen9vgc2024regg-2106714309","format":"[Gen 9] VGC 2024 Reg G","players":["goatphonium","Aki Hoshino"],"log":"|uhtml|medal-msg|<div class=\"broadcast-blue\">Curious what those medals under the avatar are? PS now has Ladder Seasons! For more information, check out the <a href=\"https:\/\/www.smogon.com\/forums\/threads\/3740067\/\">thread on Smogon.<\/a><\/div>\n|uhtml|medal-msg|<div class=\"broadcast-blue\">Curious what those medals under the avatar are? PS now has Ladder Seasons! For more information, check out the <a href=\"https:\/\/www.smogon.com\/forums\/threads\/3740067\/\">thread on Smogon.<\/a><\/div>\n|j|\u2606goatphonium\n|j|\u2606Aki Hoshino\n|t:|1713494264\n|gametype|doubles\n|player|p1|goatphonium|169|1679\n|player|p2|Aki Hoshino|aromalady|1795\n|teamsize|p1|6\n|teamsize|p2|6\n|gen|9\n|tier|[Gen 9] VGC 2024 Reg G\n|rated|\n|rule|Species Clause: Limit one of each Pok\u00e9mon\n|rule|Item Clause: Limit one of each item\n|clearpoke\n|poke|p1|Mienshao, L50, M|\n|poke|p1|Calyrex-Ice, L50|\n|poke|p1|Torkoal, L50, F|\n|poke|p1|Pincurchin, L50, F|\n|poke|p1|Farigiraf, L50, M|\n|poke|p1|Ogerpon-Cornerstone, L50, F|\n|poke|p2|Whimsicott, L50, F|\n|poke|p2|Calyrex-Ice, L50|\n|poke|p2|Urshifu-*, L50, F|\n|poke|p2|Landorus, L50, M|\n|poke|p2|Ogerpon-Wellspring, L50, F|\n|poke|p2|Heatran, L50, F|\n|teampreview|4\n|j| ttaizou\n|\n|t:|1713494323\n|start\n|switch|p1a: Mienshao|Mienshao, L50, M|100\/100\n|switch|p1b: Calyrex|Calyrex-Ice, L50|100\/100\n|switch|p2a: Whimsicott|Whimsicott, L50, F|100\/100\n|switch|p2b: Calyrex|Calyrex-Ice, L50|100\/100\n|-ability|p2b: Calyrex|As One\n|-ability|p2b: Calyrex|Unnerve\n|-ability|p1b: Calyrex|As One\n|-ability|p1b: Calyrex|Unnerve\n|turn|1\n|\n|t:|1713494350\n|move|p1a: Mienshao|Fake Out|p2b: Calyrex\n|-damage|p2b: Calyrex|90\/100\n|move|p2a: Whimsicott|Moonblast|p1a: Mienshao\n|-supereffective|p1a: Mienshao\n|-enditem|p1a: Mienshao|Focus Sash\n|-damage|p1a: Mienshao|1\/100\n|cant|p2b: Calyrex|flinch\n|move|p1b: Calyrex|Glacial Lance|p2a: Whimsicott|[spread] p2a,p2b\n|-supereffective|p2a: Whimsicott\n|-resisted|p2b: Calyrex\n|-enditem|p2a: Whimsicott|Focus Sash\n|-damage|p2a: Whimsicott|1\/100\n|-damage|p2b: Calyrex|70\/100\n|\n|upkeep\n|turn|2\n|j| Cooku\n|j|+Charcadet\n|j| RagingBoltLover\n|j| VantaGold\n|l| VantaGold\n|\n|t:|1713494452\n|switch|p2a: Heatran|Heatran, L50, F|100\/100\n|move|p1a: Mienshao|Coaching|p1b: Calyrex\n|-boost|p1b: Calyrex|atk|1\n|-boost|p1b: Calyrex|def|1\n|move|p2b: Calyrex|Glacial Lance|p1a: Mienshao|[spread] p1a,p1b\n|-resisted|p1b: Calyrex\n|-damage|p1a: Mienshao|0 fnt\n|-damage|p1b: Calyrex|89\/100\n|faint|p1a: Mienshao\n|-ability|p2b: Calyrex|Chilling Neigh|boost\n|-boost|p2b: Calyrex|atk|1\n|move|p1b: Calyrex|Glacial Lance|p2b: Calyrex|[spread] p2a,p2b\n|-resisted|p2a: Heatran\n|-resisted|p2b: Calyrex\n|-damage|p2a: Heatran|81\/100\n|-damage|p2b: Calyrex|38\/100\n|\n|upkeep\n|\n|t:|1713494461\n|switch|p1a: Ogerpon|Ogerpon-Cornerstone, L50, F|100\/100\n|turn|3\n|j| tubtimebattles\n|\n|t:|1713494503\n|-terastallize|p1b: Calyrex|Water\n|move|p2b: Calyrex|Protect|p2b: Calyrex\n|-singleturn|p2b: Calyrex|Protect\n|move|p1a: Ogerpon|Ivy Cudgel|p2a: Heatran|[anim] Ivy Cudgel Rock\n|-damage|p2a: Heatran|32\/100\n|move|p2a: Heatran|Heat Wave|p1b: Calyrex|[spread] p1a,p1b\n|-resisted|p1b: Calyrex\n|-damage|p1a: Ogerpon|60\/100\n|-damage|p1b: Calyrex|76\/100\n|move|p1b: Calyrex|Glacial Lance|p2a: Heatran|[spread] p2a\n|-activate|p2b: Calyrex|move: Protect\n|-resisted|p2a: Heatran\n|-damage|p2a: Heatran|13\/100\n|\n|upkeep\n|turn|4\n|j| VantaGold\n|l| VantaGold\n|j| biei2024\n|\n|t:|1713494583\n|move|p1a: Ogerpon|Ivy Cudgel|p2b: Calyrex|[anim] Ivy Cudgel Rock\n|-supereffective|p2b: Calyrex\n|-damage|p2b: Calyrex|0 fnt\n|faint|p2b: Calyrex\n|move|p2a: Heatran|Flash Cannon|p1a: Ogerpon\n|-supereffective|p1a: Ogerpon\n|-damage|p1a: Ogerpon|0 fnt\n|faint|p1a: Ogerpon\n|move|p1b: Calyrex|Trick Room|p1b: Calyrex\n|-fieldstart|move: Trick Room|[of] p1b: Calyrex\n|\n|upkeep\n|\n|t:|1713494593\n|switch|p2b: Whimsicott|Whimsicott, L50, F|1\/100\n|switch|p1a: Pincurchin|Pincurchin, L50, F|100\/100\n|-fieldstart|move: Electric Terrain|[from] ability: Electric Surge|[of] p1a: Pincurchin\n|turn|5\n|\n|t:|1713494612\n|move|p1b: Calyrex|Protect|p1b: Calyrex\n|-singleturn|p1b: Calyrex|Protect\n|move|p2b: Whimsicott|Encore|p1b: Calyrex\n|-activate|p1b: Calyrex|move: Protect\n|move|p1a: Pincurchin|Electroweb|p2b: Whimsicott|[spread] p2a,p2b\n|-resisted|p2b: Whimsicott\n|-damage|p2a: Heatran|0 fnt\n|-damage|p2b: Whimsicott|0 fnt\n|faint|p2a: Heatran\n|faint|p2b: Whimsicott\n|\n|upkeep\n|\n|t:|1713494615\n|switch|p2a: Urshifu|Urshifu, L50, F|100\/100\n|turn|6\n|l| ttaizou\n|\n|t:|1713494626\n|move|p2a: Urshifu|Sucker Punch|p1b: Calyrex\n|-damage|p1b: Calyrex|55\/100\n|move|p1a: Pincurchin|Thunderbolt|p2a: Urshifu\n|-damage|p2a: Urshifu|11\/100\n|-status|p2a: Urshifu|par\n|move|p1b: Calyrex|Glacial Lance|p2a: Urshifu\n|-damage|p2a: Urshifu|0 fnt\n|faint|p2a: Urshifu\n|\n|win|goatphonium\n|raw|goatphonium's rating: 1679 &rarr; <strong>1705<\/strong><br \/>(+26 for winning)\n|raw|Aki Hoshino's rating: 1795 &rarr; <strong>1769<\/strong><br \/>(-26 for losing)\n|l|\u2606Aki Hoshino\n|player|p2|\n|l|\u2606goatphonium\n|player|p1|\n|l|+Charcadet\n|l| biei2024\n|l| tubtimebattles\n","uploadtime":1713494831,"views":218,"formatid":"gen9vgc2024regg","rating":1705,"private":0,"password":null}