{"id":"gen9vgc2024regg-2106717507","format":"[Gen 9] VGC 2024 Reg G","players":["th001","Aki Hoshino"],"log":"|uhtml|medal-msg|<div class=\"broadcast-blue\">Curious what those medals under the avatar are? PS now has Ladder Seasons! For more information, check out the <a href=\"https:\/\/www.smogon.com\/forums\/threads\/3740067\/\">thread on Smogon.<\/a><\/div>\n|uhtml|medal-msg|<div class=\"broadcast-blue\">Curious what those medals under the avatar are? PS now has Ladder Seasons! For more information, check out the <a href=\"https:\/\/www.smogon.com\/forums\/threads\/3740067\/\">thread on Smogon.<\/a><\/div>\n|j|\u2606th001\n|j|\u2606Aki Hoshino\n|t:|1713494657\n|gametype|doubles\n|player|p1|th001|169|1715\n|player|p2|Aki Hoshino|aromalady|1769\n|teamsize|p1|6\n|teamsize|p2|6\n|gen|9\n|tier|[Gen 9] VGC 2024 Reg G\n|rated|\n|rule|Species Clause: Limit one of each Pok\u00e9mon\n|rule|Item Clause: Limit one of each item\n|clearpoke\n|poke|p1|Koraidon, L50|\n|poke|p1|Brute Bonnet, L50|\n|poke|p1|Whimsicott, L50, F|\n|poke|p1|Raging Bolt, L50|\n|poke|p1|Flutter Mane, L50|\n|poke|p1|Chi-Yu, L50|\n|poke|p2|Whimsicott, L50, M|\n|poke|p2|Calyrex-Ice, L50|\n|poke|p2|Urshifu-*, L50, M|\n|poke|p2|Landorus, L50, M|\n|poke|p2|Ogerpon-Wellspring, L50, F|\n|poke|p2|Heatran, L50, M|\n|teampreview|4\n|j| RagingBoltLover\n|j|+Charcadet\n|j| bluestraggler01\n|j| alpha male combee\n|\n|t:|1713494751\n|start\n|switch|p1a: Whimsicott|Whimsicott, L50, F|100\/100\n|switch|p1b: Koraidon|Koraidon, L50|100\/100\n|switch|p2a: Whimsicott|Whimsicott, L50, M|100\/100\n|switch|p2b: Calyrex|Calyrex-Ice, L50|100\/100\n|-ability|p2b: Calyrex|As One\n|-ability|p2b: Calyrex|Unnerve\n|-weather|SunnyDay|[from] ability: Orichalcum Pulse|[of] p1b: Koraidon\n|-activate|p1b: Koraidon|Orichalcum Pulse|[source]\n|turn|1\n|j| Cooku\n|l| alpha male combee\n|\n|t:|1713494791\n|-terastallize|p1b: Koraidon|Fire\n|-terastallize|p2b: Calyrex|Dragon\n|move|p1a: Whimsicott|Tailwind|p1a: Whimsicott\n|-sidestart|p1: th001|move: Tailwind\n|move|p2a: Whimsicott|Tailwind|p2a: Whimsicott\n|-sidestart|p2: Aki Hoshino|move: Tailwind\n|move|p1b: Koraidon|Collision Course|p2b: Calyrex\n|-damage|p2b: Calyrex|44\/100\n|move|p2b: Calyrex|Glacial Lance|p1b: Koraidon|[spread] p1a,p1b\n|-supereffective|p1a: Whimsicott\n|-resisted|p1b: Koraidon\n|-enditem|p1a: Whimsicott|Focus Sash\n|-damage|p1a: Whimsicott|1\/100\n|-damage|p1b: Koraidon|77\/100\n|\n|-weather|SunnyDay|[upkeep]\n|upkeep\n|turn|2\n|\n|t:|1713494832\n|move|p2b: Calyrex|Protect|p2b: Calyrex\n|-singleturn|p2b: Calyrex|Protect\n|move|p1a: Whimsicott|Encore|p2a: Whimsicott\n|-start|p2a: Whimsicott|Encore\n|move|p1b: Koraidon|Collision Course|p2b: Calyrex\n|-activate|p2b: Calyrex|move: Protect\n|move|p2a: Whimsicott|Tailwind||[still]\n|-fail|p2a: Whimsicott\n|\n|-weather|SunnyDay|[upkeep]\n|upkeep\n|turn|3\n|\n|t:|1713494876\n|switch|p1a: Raging Bolt|Raging Bolt, L50|100\/100\n|-activate|p1a: Raging Bolt|ability: Protosynthesis\n|-start|p1a: Raging Bolt|protosynthesisspa\n|switch|p2a: Urshifu|Urshifu, L50, M|100\/100\n|switch|p2b: Landorus|Landorus, L50, M|100\/100\n|move|p1b: Koraidon|Collision Course|p2b: Landorus\n|-resisted|p2b: Landorus\n|-damage|p2b: Landorus|63\/100\n|\n|-weather|SunnyDay|[upkeep]\n|upkeep\n|turn|4\n|\n|t:|1713494914\n|switch|p2a: Whimsicott|Whimsicott, L50, M|100\/100\n|move|p2b: Landorus|Protect|p2b: Landorus\n|-singleturn|p2b: Landorus|Protect\n|move|p1a: Raging Bolt|Thunderclap||[still]\n|-fail|p1a: Raging Bolt\n|move|p1b: Koraidon|Flare Blitz|p2b: Landorus\n|-activate|p2b: Landorus|move: Protect\n|\n|-weather|SunnyDay|[upkeep]\n|-sideend|p1: th001|move: Tailwind\n|-sideend|p2: Aki Hoshino|move: Tailwind\n|upkeep\n|turn|5\n|j| BROKE1TH\n|\n|t:|1713494994\n|switch|p1b: Chi-Yu|Chi-Yu, L50|100\/100\n|-ability|p1b: Chi-Yu|Beads of Ruin\n|move|p2b: Landorus|Earth Power|p1a: Raging Bolt\n|-supereffective|p1a: Raging Bolt\n|-damage|p1a: Raging Bolt|0 fnt\n|faint|p1a: Raging Bolt\n|-end|p1a: Raging Bolt|Protosynthesis|[silent]\n|move|p2a: Whimsicott|Trick Room|p2a: Whimsicott\n|-fieldstart|move: Trick Room|[of] p2a: Whimsicott\n|\n|-weather|none\n|upkeep\n|-message|th001 forfeited.\n|\n|win|Aki Hoshino\n|raw|th001's rating: 1715 &rarr; <strong>1698<\/strong><br \/>(-17 for losing)\n|raw|Aki Hoshino's rating: 1769 &rarr; <strong>1786<\/strong><br \/>(+17 for winning)\n|l|\u2606th001\n|player|p1|\n|l| BROKE1TH\n|l|\u2606Aki Hoshino\n|player|p2|\n|l| bluestraggler01\n","uploadtime":1713495246,"views":194,"formatid":"gen9vgc2024regg","rating":1698,"private":0,"password":null}