{"id":"gen9vgc2024regg-2107516818","format":"[Gen 9] VGC 2024 Reg G","players":["SlowHomie","lin7482"],"log":"|uhtml|medal-msg|<div class=\"broadcast-blue\">Curious what those medals under the avatar are? PS now has Ladder Seasons! For more information, check out the <a href=\"https:\/\/www.smogon.com\/forums\/threads\/3740067\/\">thread on Smogon.<\/a><\/div>\n|uhtml|medal-msg|<div class=\"broadcast-blue\">Curious what those medals under the avatar are? PS now has Ladder Seasons! For more information, check out the <a href=\"https:\/\/www.smogon.com\/forums\/threads\/3740067\/\">thread on Smogon.<\/a><\/div>\n|j|\u2606SlowHomie\n|j|\u2606lin7482\n|t:|1713587990\n|gametype|doubles\n|player|p1|SlowHomie|youngster-gen4dp|1674\n|player|p2|lin7482|265|1707\n|teamsize|p1|6\n|teamsize|p2|6\n|gen|9\n|tier|[Gen 9] VGC 2024 Reg G\n|rated|\n|rule|Species Clause: Limit one of each Pok\u00e9mon\n|rule|Item Clause: Limit one of each item\n|clearpoke\n|poke|p1|Tornadus, L50, M|\n|poke|p1|Indeedee-F, L50, F|\n|poke|p1|Kingambit, L50, M|\n|poke|p1|Flutter Mane, L50|\n|poke|p1|Terapagos, L50, M|\n|poke|p1|Urshifu-*, L50, M|\n|poke|p2|Calyrex-Shadow, L50|\n|poke|p2|Smeargle, L50, M|\n|poke|p2|Incineroar, L50, F|\n|poke|p2|Tornadus, L50, M|\n|poke|p2|Urshifu-*, L50, M|\n|poke|p2|Rillaboom, L50, M|\n|teampreview|4\n|inactive|Battle timer is ON: inactive players will automatically lose when time's up. (requested by lin7482)\nSlowHomie has agreed to open team sheets.\n|c|\u2606SlowHomie|glhf\n|\n|t:|1713588016\n|start\n|switch|p1a: Charles|Tornadus, L50, M|100\/100\n|switch|p1b: Rapid-SHamone|Urshifu-Rapid-Strike, L50, M|100\/100\n|switch|p2a: Incineroar|Incineroar, L50, F|100\/100\n|switch|p2b: Urshifu|Urshifu-Rapid-Strike, L50, M|100\/100\n|-ability|p2a: Incineroar|Intimidate|boost\n|-unboost|p1a: Charles|atk|1\n|-unboost|p1b: Rapid-SHamone|atk|1\n|turn|1\n|inactive|lin7482 has 30 seconds left.\n|inactive|lin7482 has 20 seconds left.\n|\n|t:|1713588054\n|switch|p1a: Indizzle|Indeedee-F, L50, F|100\/100\n|-fieldstart|move: Psychic Terrain|[from] ability: Psychic Surge|[of] p1a: Indizzle\n|-terastallize|p2a: Incineroar|Grass\n|move|p2b: Urshifu|Surging Strikes|p1a: Indizzle\n|-crit|p1a: Indizzle\n|-damage|p1a: Indizzle|79\/100\n|-crit|p1a: Indizzle\n|-damage|p1a: Indizzle|61\/100\n|-crit|p1a: Indizzle\n|-damage|p1a: Indizzle|40\/100\n|-enditem|p1a: Indizzle|Sitrus Berry|[eat]\n|-heal|p1a: Indizzle|65\/100|[from] item: Sitrus Berry\n|-hitcount|p1a: Indizzle|3\n|move|p1b: Rapid-SHamone|Surging Strikes|p2a: Incineroar\n|-resisted|p2a: Incineroar\n|-crit|p2a: Incineroar\n|-damage|p2a: Incineroar|89\/100\n|-resisted|p2a: Incineroar\n|-crit|p2a: Incineroar\n|-damage|p2a: Incineroar|78\/100\n|-resisted|p2a: Incineroar\n|-crit|p2a: Incineroar\n|-damage|p2a: Incineroar|67\/100\n|-hitcount|p2a: Incineroar|3\n|move|p2a: Incineroar|Parting Shot|p1b: Rapid-SHamone\n|-unboost|p1b: Rapid-SHamone|atk|1\n|-unboost|p1b: Rapid-SHamone|spa|1\n|j| bluestraggler01\n|\n|t:|1713588075\n|switch|p2a: Calyrex|Calyrex-Shadow, L50|100\/100|[from] Parting Shot\n|-ability|p2a: Calyrex|As One\n|-ability|p2a: Calyrex|Unnerve\n|\n|upkeep\n|turn|2\n|inactive|SlowHomie has 30 seconds left.\n|inactive|lin7482 has 30 seconds left.\n|inactive|lin7482 has 20 seconds left.\n|inactive|lin7482 has 15 seconds left.\n|inactive|lin7482 has 10 seconds left.\n|\n|t:|1713588124\n|switch|p2a: Incineroar|Incineroar, L50, F, tera:Grass|67\/100\n|-ability|p2a: Incineroar|Intimidate|boost\n|-unboost|p1a: Indizzle|atk|1\n|-unboost|p1b: Rapid-SHamone|atk|1\n|move|p1a: Indizzle|Follow Me|p1a: Indizzle\n|-singleturn|p1a: Indizzle|move: Follow Me\n|move|p2b: Urshifu|Surging Strikes|p1a: Indizzle\n|-crit|p1a: Indizzle\n|-damage|p1a: Indizzle|47\/100\n|-crit|p1a: Indizzle\n|-damage|p1a: Indizzle|27\/100\n|-crit|p1a: Indizzle\n|-damage|p1a: Indizzle|8\/100\n|-hitcount|p1a: Indizzle|3\n|move|p1b: Rapid-SHamone|Surging Strikes|p2a: Incineroar\n|-resisted|p2a: Incineroar\n|-crit|p2a: Incineroar\n|-damage|p2a: Incineroar|57\/100\n|-resisted|p2a: Incineroar\n|-crit|p2a: Incineroar\n|-damage|p2a: Incineroar|47\/100\n|-resisted|p2a: Incineroar\n|-crit|p2a: Incineroar\n|-damage|p2a: Incineroar|36\/100\n|-hitcount|p2a: Incineroar|3\n|\n|upkeep\n|turn|3\n|\n|t:|1713588147\n|move|p2b: Urshifu|Surging Strikes|p1a: Indizzle\n|-crit|p1a: Indizzle\n|-damage|p1a: Indizzle|0 fnt\n|faint|p1a: Indizzle\n|-hitcount|p1: Indizzle|1\n|move|p1b: Rapid-SHamone|Close Combat|p2a: Incineroar\n|-damage|p2a: Incineroar|13\/100\n|-unboost|p1b: Rapid-SHamone|def|1\n|-unboost|p1b: Rapid-SHamone|spd|1\n|move|p2a: Incineroar|Knock Off|p1b: Rapid-SHamone\n|-resisted|p1b: Rapid-SHamone\n|-damage|p1b: Rapid-SHamone|67\/100\n|-enditem|p1b: Rapid-SHamone|Splash Plate|[from] move: Knock Off|[of] p2a: Incineroar\n|\n|upkeep\n|\n|t:|1713588155\n|switch|p1a: Charles|Tornadus, L50, M|100\/100\n|turn|4\n|\n|t:|1713588169\n|move|p2b: Urshifu|Surging Strikes|p1a: Charles\n|-crit|p1a: Charles\n|-damage|p1a: Charles|73\/100\n|-crit|p1a: Charles\n|-damage|p1a: Charles|44\/100\n|-crit|p1a: Charles\n|-damage|p1a: Charles|14\/100\n|-hitcount|p1a: Charles|3\n|move|p1a: Charles|Bleakwind Storm|p2a: Incineroar|[spread] p2a,p2b\n|-supereffective|p2a: Incineroar\n|-supereffective|p2b: Urshifu\n|-damage|p2a: Incineroar|0 fnt\n|-damage|p2b: Urshifu|0 fnt\n|faint|p2a: Incineroar\n|faint|p2b: Urshifu\n|move|p1b: Rapid-SHamone|Surging Strikes|p2: Incineroar|[notarget]\n|-fail|p1b: Rapid-SHamone\n|\n|upkeep\n|\n|t:|1713588177\n|switch|p2b: Smeargle|Smeargle, L50, M|100\/100\n|switch|p2a: Calyrex|Calyrex-Shadow, L50|100\/100\n|-ability|p2a: Calyrex|As One\n|-ability|p2a: Calyrex|Unnerve\n|turn|5\n|\n|t:|1713588190\n|move|p1a: Charles|Protect|p1a: Charles\n|-singleturn|p1a: Charles|Protect\n|move|p1b: Rapid-SHamone|Detect|p1b: Rapid-SHamone\n|-singleturn|p1b: Rapid-SHamone|Protect\n|move|p2b: Smeargle|Fake Out|p1a: Charles\n|-hint|Psychic Terrain doesn't affect Pok\u00e9mon immune to Ground.\n|-activate|p1a: Charles|move: Protect\n|move|p2a: Calyrex|Astral Barrage|p1b: Rapid-SHamone|[spread] \n|-activate|p1a: Charles|move: Protect\n|-activate|p1b: Rapid-SHamone|move: Protect\n|\n|-fieldend|move: Psychic Terrain\n|-ability|p2b: Smeargle|Moody|boost\n|-boost|p2b: Smeargle|spa|2\n|-unboost|p2b: Smeargle|spe|1\n|upkeep\n|turn|6\n|\n|t:|1713588208\n|move|p2b: Smeargle|Follow Me|p2b: Smeargle\n|-singleturn|p2b: Smeargle|move: Follow Me\n|move|p1a: Charles|Tailwind|p1a: Charles\n|-sidestart|p1: SlowHomie|move: Tailwind\n|move|p1b: Rapid-SHamone|Surging Strikes|p2b: Smeargle\n|-crit|p2b: Smeargle\n|-damage|p2b: Smeargle|55\/100\n|-crit|p2b: Smeargle\n|-damage|p2b: Smeargle|7\/100\n|-crit|p2b: Smeargle\n|-damage|p2b: Smeargle|0 fnt\n|faint|p2b: Smeargle\n|-hitcount|p2: Smeargle|3\n|move|p2a: Calyrex|Astral Barrage|p1b: Rapid-SHamone|[spread] p1a,p1b\n|-damage|p1a: Charles|0 fnt\n|-damage|p1b: Rapid-SHamone|0 fnt\n|faint|p1a: Charles\n|faint|p1b: Rapid-SHamone\n|-ability|p2a: Calyrex|Grim Neigh|boost\n|-boost|p2a: Calyrex|spa|2\n|\n|upkeep\n|\n|t:|1713588214\n|switch|p1b: Darwin|Terapagos, L50, M|100\/100\n|-activate|p1b: Darwin|ability: Tera Shift\n|detailschange|p1b: Darwin|Terapagos-Terastal, L50, M\n|-heal|p1b: Darwin|100\/100|[silent]\n|turn|7\n|\n|t:|1713588224\n|move|p1b: Darwin|Dark Pulse|p2a: Calyrex\n|-supereffective|p2a: Calyrex\n|-enditem|p2a: Calyrex|Focus Sash\n|-damage|p2a: Calyrex|1\/100\n|cant|p2a: Calyrex|flinch\n|\n|upkeep\n|turn|8\n|-message|lin7482 forfeited.\n|\n|win|SlowHomie\n|raw|SlowHomie's rating: 1674 &rarr; <strong>1696<\/strong><br \/>(+22 for winning)\n|raw|lin7482's rating: 1707 &rarr; <strong>1685<\/strong><br \/>(-22 for losing)\n|l|\u2606lin7482\n|player|p2|\n|l|\u2606SlowHomie\n|player|p1|\n|l| bluestraggler01\n","uploadtime":1713588240,"views":130,"formatid":"gen9vgc2024regg","rating":1685,"private":0,"password":null}