{"id":"gen9vgc2024regg-2107091250","format":"[Gen 9] VGC 2024 Reg G","players":["Krisuerte","miniat"],"log":"|uhtml|medal-msg|<div class=\"broadcast-blue\">Curious what those medals under the avatar are? PS now has Ladder Seasons! For more information, check out the <a href=\"https:\/\/www.smogon.com\/forums\/threads\/3740067\/\">thread on Smogon.<\/a><\/div>\n|uhtml|medal-msg|<div class=\"broadcast-blue\">Curious what those medals under the avatar are? PS now has Ladder Seasons! For more information, check out the <a href=\"https:\/\/www.smogon.com\/forums\/threads\/3740067\/\">thread on Smogon.<\/a><\/div>\n|j|\u2606Krisuerte\n|j|\u2606miniat\n|t:|1713542217\n|gametype|doubles\n|player|p1|Krisuerte|102|1741\n|player|p2|miniat|cress|1658\n|teamsize|p1|6\n|teamsize|p2|6\n|gen|9\n|tier|[Gen 9] VGC 2024 Reg G\n|rated|\n|rule|Species Clause: Limit one of each Pok\u00e9mon\n|rule|Item Clause: Limit one of each item\n|clearpoke\n|poke|p1|Groudon, L50|\n|poke|p1|Gouging Fire, L50|\n|poke|p1|Raging Bolt, L50|\n|poke|p1|Flutter Mane, L50|\n|poke|p1|Urshifu-*, L50, M|\n|poke|p1|Ogerpon-Hearthflame, L50, F|\n|poke|p2|Grimmsnarl, L50, M|\n|poke|p2|Incineroar, L50, M|\n|poke|p2|Terapagos, L50, M|\n|poke|p2|Rillaboom, L50, F|\n|poke|p2|Comfey, L50, F|\n|poke|p2|Amoonguss, L50, M|\n|teampreview|4\n|\n|t:|1713542234\n|start\n|switch|p1a: Groudon|Groudon, L50|100\/100\n|switch|p1b: Gouging Fire|Gouging Fire, L50|100\/100\n|switch|p2a: Grimmsnarl|Grimmsnarl, L50, M|100\/100\n|switch|p2b: Terapagos|Terapagos, L50, M|100\/100\n|-activate|p2b: Terapagos|ability: Tera Shift\n|detailschange|p2b: Terapagos|Terapagos-Terastal, L50, M\n|-heal|p2b: Terapagos|100\/100|[silent]\n|-weather|SunnyDay|[from] ability: Drought|[of] p1a: Groudon\n|-activate|p1b: Gouging Fire|ability: Protosynthesis\n|-start|p1b: Gouging Fire|protosynthesisspe\n|turn|1\n|\n|t:|1713542252\n|move|p2a: Grimmsnarl|Reflect|p2a: Grimmsnarl\n|-sidestart|p2: miniat|Reflect\n|move|p1b: Gouging Fire|Howl|p1b: Gouging Fire|[spread] p1a,p1b\n|-boost|p1a: Groudon|atk|1\n|-boost|p1b: Gouging Fire|atk|1\n|move|p2b: Terapagos|Calm Mind|p2b: Terapagos\n|-boost|p2b: Terapagos|spa|1\n|-boost|p2b: Terapagos|spd|1\n|move|p1a: Groudon|Precipice Blades|p2b: Terapagos|[spread] p2a,p2b\n|-activate|p2b: Terapagos|ability: Tera Shell\n|-resisted|p2b: Terapagos\n|-damage|p2a: Grimmsnarl|54\/100\n|-damage|p2b: Terapagos|77\/100\n|\n|-weather|SunnyDay|[upkeep]\n|-heal|p2b: Terapagos|83\/100|[from] item: Leftovers\n|upkeep\n|turn|2\n|\n|t:|1713542270\n|move|p2b: Terapagos|Protect|p2b: Terapagos\n|-singleturn|p2b: Terapagos|Protect\n|move|p2a: Grimmsnarl|Parting Shot|p1b: Gouging Fire\n|-fail|p1b: Gouging Fire|unboost|[from] item: Clear Amulet|[of] p1b: Gouging Fire\n|move|p1b: Gouging Fire|Howl|p1b: Gouging Fire|[spread] p1a,p1b\n|-boost|p1a: Groudon|atk|1\n|-boost|p1b: Gouging Fire|atk|1\n|move|p1a: Groudon|Precipice Blades|p2a: Grimmsnarl|[spread] \n|-activate|p2b: Terapagos|move: Protect\n|-miss|p1a: Groudon|p2a: Grimmsnarl\n|\n|-weather|SunnyDay|[upkeep]\n|-heal|p2b: Terapagos|89\/100|[from] item: Leftovers\n|upkeep\n|turn|3\n|j| lswagh\n|\n|t:|1713542294\n|-terastallize|p2b: Terapagos|Stellar\n|detailschange|p2b: Terapagos|Terapagos-Stellar, L50, M, tera:Stellar\n|-heal|p2b: Terapagos|92\/100|[silent]\n|-ability|p2b: Terapagos|Teraform Zero\n|-weather|none\n|-end|p1b: Gouging Fire|Protosynthesis\n|move|p2a: Grimmsnarl|Parting Shot|p1a: Groudon\n|-unboost|p1a: Groudon|atk|1\n|-unboost|p1a: Groudon|spa|1\n|\n|t:|1713542296\n|switch|p2a: Incineroar|Incineroar, L50, M|100\/100|[from] Parting Shot\n|-ability|p2a: Incineroar|Intimidate|boost\n|-unboost|p1a: Groudon|atk|1\n|-fail|p1b: Gouging Fire|unboost|[from] item: Clear Amulet|[of] p1b: Gouging Fire\n|move|p1b: Gouging Fire|Howl|p1b: Gouging Fire|[spread] p1a,p1b\n|-boost|p1a: Groudon|atk|1\n|-boost|p1b: Gouging Fire|atk|1\n|move|p2b: Terapagos|Tera Starstorm|p1b: Gouging Fire|[spread] p1a,p1b\n|-damage|p1a: Groudon|68\/100\n|-damage|p1b: Gouging Fire|50\/100\n|move|p1a: Groudon|Precipice Blades|p2a: Incineroar|[spread] p2a\n|-miss|p1a: Groudon|p2b: Terapagos\n|-supereffective|p2a: Incineroar\n|-damage|p2a: Incineroar|0 fnt\n|faint|p2a: Incineroar\n|\n|-heal|p2b: Terapagos|98\/100|[from] item: Leftovers\n|upkeep\n|j| Fancy Cucudrula\n|\n|t:|1713542308\n|switch|p2a: Comfey|Comfey, L50, F|100\/100\n|turn|4\n|\n|t:|1713542339\n|switch|p1a: Ogerpon|Ogerpon-Hearthflame, L50, F|100\/100\n|-ability|p1a: Ogerpon|Mold Breaker\n|move|p2a: Comfey|Helping Hand|p2b: Terapagos\n|-singleturn|p2b: Terapagos|Helping Hand|[of] p2a: Comfey\n|move|p1b: Gouging Fire|Flare Blitz|p2a: Comfey\n|-damage|p2a: Comfey|25\/100\n|-damage|p1b: Gouging Fire|32\/100|[from] Recoil\n|move|p2b: Terapagos|Tera Starstorm|p1b: Gouging Fire|[spread] p1a,p1b\n|-damage|p1a: Ogerpon|26\/100\n|-damage|p1b: Gouging Fire|0 fnt\n|faint|p1b: Gouging Fire\n|-end|p1b: Gouging Fire|Protosynthesis|[silent]\n|\n|-heal|p2b: Terapagos|100\/100|[from] item: Leftovers\n|upkeep\n|\n|t:|1713542356\n|switch|p1b: Groudon|Groudon, L50|68\/100\n|-weather|SunnyDay|[from] ability: Drought|[of] p1b: Groudon\n|turn|5\n|\n|t:|1713542376\n|move|p1a: Ogerpon|Spiky Shield|p1a: Ogerpon\n|-singleturn|p1a: Ogerpon|move: Protect\n|move|p2a: Comfey|Protect|p2a: Comfey\n|-singleturn|p2a: Comfey|Protect\n|move|p2b: Terapagos|Tera Starstorm|p1b: Groudon|[spread] p1b\n|-activate|p1a: Ogerpon|move: Protect\n|-damage|p1b: Groudon|33\/100\n|move|p1b: Groudon|Precipice Blades|p2a: Comfey|[spread] p2b\n|-activate|p2a: Comfey|move: Protect\n|-damage|p2b: Terapagos|79\/100\n|\n|-weather|SunnyDay|[upkeep]\n|-heal|p2b: Terapagos|85\/100|[from] item: Leftovers\n|upkeep\n|turn|6\n|\n|t:|1713542432\n|-terastallize|p1a: Ogerpon|Fire\n|detailschange|p1a: Ogerpon|Ogerpon-Hearthflame-Tera, L50, F, tera:Fire\n|-ability|p1a: Ogerpon|Embody Aspect (Hearthflame)|boost\n|-boost|p1a: Ogerpon|atk|1\n|move|p2a: Comfey|Floral Healing|p2b: Terapagos\n|-heal|p2b: Terapagos|100\/100\n|move|p1a: Ogerpon|Ivy Cudgel|p2b: Terapagos|[anim] Ivy Cudgel Fire\n|-damage|p2b: Terapagos|26\/100\n|move|p2b: Terapagos|Tera Starstorm|p1a: Ogerpon|[spread] p1a,p1b\n|-supereffective|p1a: Ogerpon\n|-damage|p1a: Ogerpon|0 fnt\n|-damage|p1b: Groudon|0 fnt\n|faint|p1a: Ogerpon\n|faint|p1b: Groudon\n|\n|-weather|SunnyDay|[upkeep]\n|-heal|p2b: Terapagos|32\/100|[from] item: Leftovers\n|upkeep\n|l| Fancy Cucudrula\n|\n|t:|1713542451\n|switch|p1b: Urshifu|Urshifu, L50, M|100\/100\n|turn|7\n|\n|t:|1713542460\n|move|p2a: Comfey|Draining Kiss|p1b: Urshifu\n|-supereffective|p1b: Urshifu\n|-damage|p1b: Urshifu|16\/100\n|-heal|p2a: Comfey|99\/100|[from] drain|[of] p1b: Urshifu\n|move|p1b: Urshifu|Wicked Blow|p2b: Terapagos\n|-crit|p2b: Terapagos\n|-damage|p2b: Terapagos|0 fnt\n|faint|p2b: Terapagos\n|\n|-weather|SunnyDay|[upkeep]\n|upkeep\n|\n|t:|1713542462\n|switch|p2b: Grimmsnarl|Grimmsnarl, L50, M|54\/100\n|turn|8\n|j| ahfoong0411\n|l| lswagh\n|\n|t:|1713542479\n|move|p2a: Comfey|Draining Kiss|p1b: Urshifu\n|-supereffective|p1b: Urshifu\n|-damage|p1b: Urshifu|0 fnt\n|-heal|p2a: Comfey|100\/100|[from] drain|[of] p1b: Urshifu\n|faint|p1b: Urshifu\n|\n|win|miniat\n|raw|Krisuerte's rating: 1741 &rarr; <strong>1716<\/strong><br \/>(-25 for losing)\n|raw|miniat's rating: 1658 &rarr; <strong>1683<\/strong><br \/>(+25 for winning)\n|l|\u2606Krisuerte\n|player|p1|\n|l| ahfoong0411\n","uploadtime":1713542485,"views":202,"formatid":"gen9vgc2024regg","rating":1683,"private":0,"password":null}