{"id":"gen9vgc2024regg-2108842326","format":"[Gen 9] VGC 2024 Reg G","players":["Tempest brute","zhz2021"],"log":"|uhtml|medal-msg|<div class=\"broadcast-blue\">Curious what those medals under the avatar are? PS now has Ladder Seasons! For more information, check out the <a href=\"https:\/\/www.smogon.com\/forums\/threads\/3740067\/\">thread on Smogon.<\/a><\/div>\n|uhtml|medal-msg|<div class=\"broadcast-blue\">Curious what those medals under the avatar are? PS now has Ladder Seasons! For more information, check out the <a href=\"https:\/\/www.smogon.com\/forums\/threads\/3740067\/\">thread on Smogon.<\/a><\/div>\n|j|\u2606Tempest brute\n|j|\u2606zhz2021\n|t:|1713768334\n|gametype|doubles\n|player|p1|Tempest brute|169|1744\n|player|p2|zhz2021|marley|1687\n|teamsize|p1|6\n|teamsize|p2|6\n|gen|9\n|tier|[Gen 9] VGC 2024 Reg G\n|rated|\n|rule|Species Clause: Limit one of each Pok\u00e9mon\n|rule|Item Clause: Limit one of each item\n|clearpoke\n|poke|p1|Lunala, L50|\n|poke|p1|Roaring Moon, L50|\n|poke|p1|Entei, L50|\n|poke|p1|Ogerpon-Wellspring, L50, F|\n|poke|p1|Iron Hands, L50|\n|poke|p1|Glimmora, L50, F|\n|poke|p2|Weezing-Galar, L50, F|\n|poke|p2|Kyogre, L50|\n|poke|p2|Indeedee-F, L50, F|\n|poke|p2|Regigigas, L50|\n|poke|p2|Tornadus, L50, M|\n|poke|p2|Archaludon, L50, M|\n|teampreview|4\n|inactive|Battle timer is ON: inactive players will automatically lose when time's up. (requested by zhz2021)\n|\n|t:|1713768349\n|start\n|switch|p1a: Lunala|Lunala, L50|100\/100\n|switch|p1b: Roaring Moon|Roaring Moon, L50|100\/100\n|switch|p2a: Fallen Titan|Regigigas, L50, shiny|100\/100\n|switch|p2b: Gladsraeli|Weezing-Galar, L50, F, shiny|100\/100\n|-ability|p2b: Gladsraeli|Neutralizing Gas\n|turn|1\n|\n|t:|1713768359\n|-terastallize|p1a: Lunala|Water\n|move|p1b: Roaring Moon|Substitute|p1b: Roaring Moon\n|-start|p1b: Roaring Moon|Substitute\n|-damage|p1b: Roaring Moon|76\/100\n|move|p2a: Fallen Titan|Knock Off|p1a: Lunala\n|-damage|p1a: Lunala|59\/100\n|-enditem|p1a: Lunala|Leftovers|[from] move: Knock Off|[of] p2a: Fallen Titan\n|-damage|p2a: Fallen Titan|91\/100|[from] item: Life Orb\n|move|p2b: Gladsraeli|Dazzling Gleam|p1a: Lunala|[spread] p1a,p1b\n|-supereffective|p1b: Roaring Moon\n|-crit|p1b: Roaring Moon\n|-end|p1b: Roaring Moon|Substitute\n|-crit|p1a: Lunala\n|-damage|p1a: Lunala|38\/100\n|move|p1a: Lunala|Will-O-Wisp|p2a: Fallen Titan|[miss]\n|-miss|p1a: Lunala|p2a: Fallen Titan\n|\n|upkeep\n|turn|2\n|j| bluestraggler01\n|\n|t:|1713768378\n|-end|p1b: Roaring Moon|Protosynthesis|[silent]\n|switch|p1b: Iron Hands|Iron Hands, L50|100\/100\n|move|p1a: Lunala|Protect|p1a: Lunala\n|-singleturn|p1a: Lunala|Protect\n|move|p2a: Fallen Titan|Crush Grip|p1b: Iron Hands\n|-damage|p1b: Iron Hands|40\/100\n|-damage|p2a: Fallen Titan|81\/100|[from] item: Life Orb\n|move|p2b: Gladsraeli|Taunt|p1a: Lunala\n|-activate|p1a: Lunala|move: Protect\n|\n|upkeep\n|turn|3\n|\n|t:|1713768392\n|move|p2a: Fallen Titan|Protect|p2a: Fallen Titan\n|-singleturn|p2a: Fallen Titan|Protect\n|move|p1b: Iron Hands|Fake Out|p2a: Fallen Titan\n|-activate|p2a: Fallen Titan|move: Protect\n|move|p2b: Gladsraeli|Dazzling Gleam|p1b: Iron Hands|[spread] p1a,p1b\n|-supereffective|p1b: Iron Hands\n|-damage|p1a: Lunala|25\/100\n|-damage|p1b: Iron Hands|7\/100\n|-enditem|p1b: Iron Hands|Iapapa Berry|[eat]\n|-heal|p1b: Iron Hands|40\/100|[from] item: Iapapa Berry\n|move|p1a: Lunala|Moonlight|p1a: Lunala\n|-heal|p1a: Lunala|75\/100\n|\n|upkeep\n|turn|4\n|\n|t:|1713768408\n|move|p2a: Fallen Titan|Crush Grip|p1a: Lunala\n|-damage|p1a: Lunala|17\/100\n|-damage|p2a: Fallen Titan|71\/100|[from] item: Life Orb\n|move|p2b: Gladsraeli|Dazzling Gleam|p1a: Lunala|[spread] p1a,p1b\n|-supereffective|p1b: Iron Hands\n|-damage|p1a: Lunala|3\/100\n|-damage|p1b: Iron Hands|5\/100\n|move|p1a: Lunala|Will-O-Wisp|p2a: Fallen Titan|[miss]\n|-miss|p1a: Lunala|p2a: Fallen Titan\n|move|p1b: Iron Hands|Drain Punch|p2a: Fallen Titan\n|-supereffective|p2a: Fallen Titan\n|-damage|p2a: Fallen Titan|9\/100\n|-heal|p1b: Iron Hands|28\/100|[from] drain|[of] p2a: Fallen Titan\n|\n|upkeep\n|turn|5\n|j| Syachilove0408\n|\n|t:|1713768422\n|move|p1a: Lunala|Protect|p1a: Lunala\n|-singleturn|p1a: Lunala|Protect\n|move|p2a: Fallen Titan|Crush Grip|p1b: Iron Hands\n|-damage|p1b: Iron Hands|13\/100\n|-damage|p2a: Fallen Titan|0 fnt|[from] item: Life Orb\n|faint|p2a: Fallen Titan\n|-end|p2a: Fallen Titan|Slow Start|[silent]\n|move|p2b: Gladsraeli|Dazzling Gleam|p1b: Iron Hands|[spread] p1b\n|-activate|p1a: Lunala|move: Protect\n|-supereffective|p1b: Iron Hands\n|-damage|p1b: Iron Hands|0 fnt\n|faint|p1b: Iron Hands\n|-end|p1b: Iron Hands|Quark Drive|[silent]\n|\n|upkeep\n|\n|t:|1713768437\n|switch|p2a: Archaludon|Archaludon, L50, M, shiny|100\/100\n|switch|p1b: Ogerpon|Ogerpon-Wellspring, L50, F|100\/100\n|turn|6\n|\n|t:|1713768448\n|move|p1b: Ogerpon|Horn Leech|p2b: Gladsraeli\n|-resisted|p2b: Gladsraeli\n|-damage|p2b: Gladsraeli|79\/100\n|move|p2b: Gladsraeli|Dazzling Gleam|p1a: Lunala|[spread] p1a,p1b\n|-damage|p1a: Lunala|0 fnt\n|-damage|p1b: Ogerpon|77\/100\n|faint|p1a: Lunala\n|move|p2a: Archaludon|Draco Meteor|p1b: Ogerpon\n|-damage|p1b: Ogerpon|25\/100\n|-unboost|p2a: Archaludon|spa|2\n|\n|upkeep\n|\n|t:|1713768451\n|switch|p1a: Roaring Moon|Roaring Moon, L50|76\/100\n|turn|7\n|\n|t:|1713768466\n|move|p1a: Roaring Moon|Acrobatics|p2b: Gladsraeli\n|-damage|p2b: Gladsraeli|61\/100\n|move|p1b: Ogerpon|Ivy Cudgel|p2b: Gladsraeli|[anim] Ivy Cudgel Water\n|-crit|p2b: Gladsraeli\n|-damage|p2b: Gladsraeli|0 fnt\n|faint|p2b: Gladsraeli\n|-end|p2b: Gladsraeli|ability: Neutralizing Gas\n|-enditem|p1a: Roaring Moon|Booster Energy\n|-activate|p1a: Roaring Moon|ability: Protosynthesis|[fromitem]\n|-start|p1a: Roaring Moon|protosynthesisspe\n|move|p2a: Archaludon|Body Press|p1a: Roaring Moon\n|-supereffective|p1a: Roaring Moon\n|-damage|p1a: Roaring Moon|21\/100\n|\n|upkeep\n|\n|t:|1713768479\n|switch|p2b: Kyogre|Kyogre, L50, shiny|100\/100\n|-weather|RainDance|[from] ability: Drizzle|[of] p2b: Kyogre\n|turn|8\n|j| Manchester1997\n|\n|t:|1713768485\n|move|p1a: Roaring Moon|Knock Off|p2b: Kyogre\n|-damage|p2b: Kyogre|49\/100\n|-enditem|p2b: Kyogre|Choice Scarf|[from] move: Knock Off|[of] p1a: Roaring Moon\n|move|p2b: Kyogre|Thunder|p1b: Ogerpon\n|-damage|p1b: Ogerpon|0 fnt\n|faint|p1b: Ogerpon\n|move|p2a: Archaludon|Body Press|p1a: Roaring Moon\n|-supereffective|p1a: Roaring Moon\n|-damage|p1a: Roaring Moon|0 fnt\n|faint|p1a: Roaring Moon\n|-end|p1a: Roaring Moon|Protosynthesis|[silent]\n|\n|win|zhz2021\n|raw|Tempest brute's rating: 1744 &rarr; <strong>1721<\/strong><br \/>(-23 for losing)\n|raw|zhz2021's rating: 1687 &rarr; <strong>1710<\/strong><br \/>(+23 for winning)\n|l|\u2606Tempest brute\n|player|p1|\n|l|\u2606zhz2021\n|player|p2|\n|l| Syachilove0408\n|l| bluestraggler01\n","uploadtime":1713768664,"views":197,"formatid":"gen9vgc2024regg","rating":1710,"private":0,"password":null}