{"id":"gen9vgc2024regg-2108145140","format":"[Gen 9] VGC 2024 Reg G","players":["Krisuerte","infinitygroudon"],"log":"|uhtml|medal-msg|<div class=\"broadcast-blue\">Curious what those medals under the avatar are? PS now has Ladder Seasons! For more information, check out the <a href=\"https:\/\/www.smogon.com\/forums\/threads\/3740067\/\">thread on Smogon.<\/a><\/div>\n|uhtml|medal-msg|<div class=\"broadcast-blue\">Curious what those medals under the avatar are? PS now has Ladder Seasons! For more information, check out the <a href=\"https:\/\/www.smogon.com\/forums\/threads\/3740067\/\">thread on Smogon.<\/a><\/div>\n|j|\u2606Krisuerte\n|j|\u2606infinitygroudon\n|t:|1713673243\n|gametype|doubles\n|player|p1|Krisuerte|101|1699\n|player|p2|infinitygroudon|rancher|1696\n|teamsize|p1|6\n|teamsize|p2|6\n|gen|9\n|tier|[Gen 9] VGC 2024 Reg G\n|rated|\n|rule|Species Clause: Limit one of each Pok\u00e9mon\n|rule|Item Clause: Limit one of each item\n|clearpoke\n|poke|p1|Raichu, L50, M|\n|poke|p1|Kyogre, L50|\n|poke|p1|Tornadus, L50, M|\n|poke|p1|Urshifu-*, L50, M|\n|poke|p1|Archaludon, L50, M|\n|poke|p1|Ogerpon-Wellspring, L50, F|\n|poke|p2|Miraidon, L50|\n|poke|p2|Incineroar, L50, F|\n|poke|p2|Iron Leaves, L50|\n|poke|p2|Tornadus, L50, M|\n|poke|p2|Urshifu-*, L50, F|\n|poke|p2|Chi-Yu, L50|\n|teampreview|4\n|\n|t:|1713673274\n|start\n|switch|p1a: Kyogre|Kyogre, L50|100\/100\n|switch|p1b: Tornadus|Tornadus, L50, M|100\/100\n|switch|p2a: Iron Leaves|Iron Leaves, L50|100\/100\n|switch|p2b: Tornadus|Tornadus, L50, M|100\/100\n|-weather|RainDance|[from] ability: Drizzle|[of] p1a: Kyogre\n|turn|1\n|\n|t:|1713673308\n|switch|p1a: Archaludon|Archaludon, L50, M|100\/100\n|-terastallize|p1b: Tornadus|Flying\n|move|p2b: Tornadus|Tailwind|p2b: Tornadus\n|-sidestart|p2: infinitygroudon|move: Tailwind\n|move|p2a: Iron Leaves|Psyblade|p1a: Archaludon\n|-resisted|p1a: Archaludon\n|-damage|p1a: Archaludon|80\/100\n|-ability|p1a: Archaludon|Stamina|boost\n|-boost|p1a: Archaludon|def|1\n|move|p1b: Tornadus|Bleakwind Storm|p2a: Iron Leaves|[spread] p2a,p2b\n|-supereffective|p2a: Iron Leaves\n|-damage|p2a: Iron Leaves|12\/100\n|-damage|p2b: Tornadus|36\/100\n|\n|-weather|RainDance|[upkeep]\n|upkeep\n|turn|2\n|\n|t:|1713673332\n|move|p2b: Tornadus|Bleakwind Storm|p1b: Tornadus|[spread] p1a,p1b\n|-resisted|p1a: Archaludon\n|-damage|p1a: Archaludon|63\/100\n|-damage|p1b: Tornadus|57\/100\n|-ability|p1a: Archaludon|Stamina|boost\n|-boost|p1a: Archaludon|def|1\n|move|p2a: Iron Leaves|Psyblade|p1b: Tornadus\n|-damage|p1b: Tornadus|0 fnt\n|faint|p1b: Tornadus\n|move|p1a: Archaludon|Electro Shot||[still]\n|-prepare|p1a: Archaludon|Electro Shot\n|-boost|p1a: Archaludon|spa|1\n|-anim|p1a: Archaludon|Electro Shot|p2b: Tornadus\n|-supereffective|p2b: Tornadus\n|-damage|p2b: Tornadus|0 fnt\n|faint|p2b: Tornadus\n|\n|-weather|RainDance|[upkeep]\n|upkeep\n|\n|t:|1713673350\n|switch|p2b: Urshifu|Urshifu-Rapid-Strike, L50, F|100\/100\n|switch|p1b: Raichu|Raichu, L50, M|100\/100\n|turn|3\n|\n|t:|1713673363\n|move|p2b: Urshifu|Detect|p2b: Urshifu\n|-singleturn|p2b: Urshifu|Protect\n|move|p1b: Raichu|Fake Out|p2b: Urshifu\n|-activate|p2b: Urshifu|move: Protect\n|move|p2a: Iron Leaves|Psyblade|p1b: Raichu\n|-enditem|p1b: Raichu|Focus Sash\n|-damage|p1b: Raichu|1\/100\n|move|p1a: Archaludon|Electro Shot||[still]\n|-activate|p1b: Raichu|ability: Lightning Rod\n|-prepare|p1a: Archaludon|Electro Shot\n|-boost|p1a: Archaludon|spa|1\n|-anim|p1a: Archaludon|Electro Shot|p1b: Raichu\n|-ability|p1b: Raichu|Lightning Rod|boost\n|-boost|p1b: Raichu|spa|1\n|\n|-weather|RainDance|[upkeep]\n|upkeep\n|turn|4\n|\n|t:|1713673389\n|-terastallize|p2b: Urshifu|Water\n|move|p1b: Raichu|Protect|p1b: Raichu\n|-singleturn|p1b: Raichu|Protect\n|move|p2a: Iron Leaves|Psyblade|p1b: Raichu\n|-activate|p1b: Raichu|move: Protect\n|move|p2b: Urshifu|Surging Strikes|p1a: Archaludon\n|-resisted|p1a: Archaludon\n|-crit|p1a: Archaludon\n|-damage|p1a: Archaludon|46\/100\n|-ability|p1a: Archaludon|Stamina|boost\n|-boost|p1a: Archaludon|def|1\n|-resisted|p1a: Archaludon\n|-crit|p1a: Archaludon\n|-damage|p1a: Archaludon|28\/100\n|-ability|p1a: Archaludon|Stamina|boost\n|-boost|p1a: Archaludon|def|1\n|-resisted|p1a: Archaludon\n|-crit|p1a: Archaludon\n|-damage|p1a: Archaludon|9\/100\n|-ability|p1a: Archaludon|Stamina|boost\n|-boost|p1a: Archaludon|def|1\n|-hitcount|p1a: Archaludon|3\n|move|p1a: Archaludon|Flash Cannon|p2a: Iron Leaves\n|-damage|p2a: Iron Leaves|0 fnt\n|faint|p2a: Iron Leaves\n|-end|p2a: Iron Leaves|Quark Drive|[silent]\n|\n|-weather|RainDance|[upkeep]\n|-sideend|p2: infinitygroudon|move: Tailwind\n|upkeep\n|\n|t:|1713673396\n|switch|p2a: Miraidon|Miraidon, L50|100\/100\n|-fieldstart|move: Electric Terrain|[from] ability: Hadron Engine|[of] p2a: Miraidon\n|turn|5\n|\n|t:|1713673436\n|switch|p1b: Kyogre|Kyogre, L50|100\/100\n|move|p2b: Urshifu|Aqua Jet|p1b: Kyogre\n|-resisted|p1b: Kyogre\n|-damage|p1b: Kyogre|75\/100\n|move|p2a: Miraidon|Electro Drift|p1a: Archaludon\n|-resisted|p1a: Archaludon\n|-damage|p1a: Archaludon|0 fnt\n|faint|p1a: Archaludon\n|\n|-weather|none\n|upkeep\n|\n|t:|1713673450\n|switch|p1a: Raichu|Raichu, L50, M|1\/100\n|turn|6\n|\n|t:|1713673476\n|move|p1a: Raichu|Fake Out|p2a: Miraidon\n|-damage|p2a: Miraidon|94\/100\n|move|p2b: Urshifu|Aqua Jet|p1a: Raichu\n|-damage|p1a: Raichu|0 fnt\n|faint|p1a: Raichu\n|cant|p2a: Miraidon|flinch\n|move|p1b: Kyogre|Ice Beam|p2a: Miraidon\n|-supereffective|p2a: Miraidon\n|-damage|p2a: Miraidon|23\/100\n|\n|upkeep\n|turn|7\n|\n|t:|1713673492\n|move|p2a: Miraidon|Electro Drift|p1b: Kyogre\n|-supereffective|p1b: Kyogre\n|-damage|p1b: Kyogre|0 fnt\n|faint|p1b: Kyogre\n|\n|win|infinitygroudon\n|raw|Krisuerte's rating: 1699 &rarr; <strong>1679<\/strong><br \/>(-20 for losing)\n|raw|infinitygroudon's rating: 1696 &rarr; <strong>1716<\/strong><br \/>(+20 for winning)\n|l|\u2606Krisuerte\n|player|p1|\n|l|\u2606infinitygroudon\n|player|p2|\n","uploadtime":1713673716,"views":83,"formatid":"gen9vgc2024regg","rating":1679,"private":0,"password":null}