{"id":"gen9vgc2024regg-2109715560","format":"[Gen 9] VGC 2024 Reg G","players":["xycmj","Chief dano"],"log":"|uhtml|medal-msg|<div class=\"broadcast-blue\">Curious what those medals under the avatar are? PS now has Ladder Seasons! For more information, check out the <a href=\"https:\/\/www.smogon.com\/forums\/threads\/3740067\/\">thread on Smogon.<\/a><\/div>\n|uhtml|medal-msg|<div class=\"broadcast-blue\">Curious what those medals under the avatar are? PS now has Ladder Seasons! For more information, check out the <a href=\"https:\/\/www.smogon.com\/forums\/threads\/3740067\/\">thread on Smogon.<\/a><\/div>\n|j|\u2606xycmj\n|j|\u2606Chief dano\n|t:|1713875199\n|gametype|doubles\n|player|p1|xycmj|acetrainerf|1717\n|player|p2|Chief dano|policeman-gen4|1747\n|teamsize|p1|6\n|teamsize|p2|6\n|gen|9\n|tier|[Gen 9] VGC 2024 Reg G\n|rated|\n|rule|Species Clause: Limit one of each Pok\u00e9mon\n|rule|Item Clause: Limit one of each item\n|clearpoke\n|poke|p1|Tornadus, L50, M|\n|poke|p1|Kyogre, L50|\n|poke|p1|Flutter Mane, L50|\n|poke|p1|Archaludon, L50, F|\n|poke|p1|Weezing-Galar, L50, F|\n|poke|p1|Indeedee-F, L50, F|\n|poke|p2|Ogerpon-Wellspring, L50, F|\n|poke|p2|Rillaboom, L50, F|\n|poke|p2|Zamazenta-*, L50|\n|poke|p2|Tyranitar, L50, F|\n|poke|p2|Flutter Mane, L50|\n|poke|p2|Urshifu-*, L50, M|\n|teampreview|4\n|inactive|Battle timer is ON: inactive players will automatically lose when time's up. (requested by xycmj)\n|\n|t:|1713875248\n|start\n|switch|p1a: Kyogre|Kyogre, L50|100\/100\n|switch|p1b: Indeedee|Indeedee-F, L50, F|100\/100\n|switch|p2a: Tyranitar|Tyranitar, L50, F|100\/100\n|switch|p2b: Zamazenta|Zamazenta-Crowned, L50|100\/100\n|-weather|RainDance|[from] ability: Drizzle|[of] p1a: Kyogre\n|-ability|p2b: Zamazenta|Dauntless Shield|boost\n|-boost|p2b: Zamazenta|def|1\n|-fieldstart|move: Psychic Terrain|[from] ability: Psychic Surge|[of] p1b: Indeedee\n|-weather|Sandstorm|[from] ability: Sand Stream|[of] p2a: Tyranitar\n|turn|1\n|inactive|xycmj has 30 seconds left.\n|\n|t:|1713875280\n|-terastallize|p1a: Kyogre|Water\n|move|p1b: Indeedee|Helping Hand|p1a: Kyogre\n|-singleturn|p1a: Kyogre|Helping Hand|[of] p1b: Indeedee\n|move|p2b: Zamazenta|Wide Guard|p2b: Zamazenta\n|-singleturn|p2b: Zamazenta|Wide Guard\n|move|p1a: Kyogre|Water Spout|p2b: Zamazenta|[spread] \n|-activate|p2a: Tyranitar|move: Wide Guard\n|-activate|p2b: Zamazenta|move: Wide Guard\n|move|p2a: Tyranitar|Knock Off|p1b: Indeedee\n|-supereffective|p1b: Indeedee\n|-damage|p1b: Indeedee|0 fnt\n|-damage|p2a: Tyranitar|84\/100|[from] item: Rocky Helmet|[of] p1b: Indeedee\n|-enditem|p1b: Indeedee|Rocky Helmet|[from] move: Knock Off|[of] p2a: Tyranitar\n|faint|p1b: Indeedee\n|\n|-weather|Sandstorm|[upkeep]\n|-damage|p1a: Kyogre|94\/100|[from] Sandstorm\n|upkeep\n|j| giftedyewsucks\n|j| BankitVGC\n|j| Candor532\n|\n|t:|1713875304\n|switch|p1b: Archaludon|Archaludon, L50, F|100\/100\n|turn|2\n|inactive|Chief dano has 30 seconds left.\n|\n|t:|1713875335\n|-terastallize|p2a: Tyranitar|Fairy\n|move|p2b: Zamazenta|Wide Guard|p2b: Zamazenta\n|-singleturn|p2b: Zamazenta|Wide Guard\n|move|p1a: Kyogre|Water Spout|p2a: Tyranitar|[spread] \n|-activate|p2a: Tyranitar|move: Wide Guard\n|-activate|p2b: Zamazenta|move: Wide Guard\n|move|p1b: Archaludon|Flash Cannon|p2a: Tyranitar\n|-supereffective|p2a: Tyranitar\n|-damage|p2a: Tyranitar|45\/100\n|move|p2a: Tyranitar|Knock Off|p1a: Kyogre\n|-damage|p1a: Kyogre|28\/100\n|-enditem|p1a: Kyogre|Choice Scarf|[from] move: Knock Off|[of] p2a: Tyranitar\n|\n|-weather|Sandstorm|[upkeep]\n|-damage|p1a: Kyogre|22\/100|[from] Sandstorm\n|-damage|p2a: Tyranitar|39\/100|[from] Sandstorm\n|upkeep\n|turn|3\n|inactive|xycmj has 30 seconds left.\n|\n|t:|1713875362\n|switch|p1a: Weezing|Weezing-Galar, L50, F|100\/100\n|-ability|p1a: Weezing|Neutralizing Gas\n|switch|p2a: Rillaboom|Rillaboom, L50, F|100\/100\n|move|p2b: Zamazenta|Body Press|p1a: Weezing\n|-resisted|p1a: Weezing\n|-damage|p1a: Weezing|87\/100\n|move|p1b: Archaludon|Flash Cannon|p2a: Rillaboom\n|-damage|p2a: Rillaboom|66\/100\n|-unboost|p2a: Rillaboom|spd|1\n|\n|-weather|Sandstorm|[upkeep]\n|-damage|p2a: Rillaboom|60\/100|[from] Sandstorm\n|-damage|p1a: Weezing|81\/100|[from] Sandstorm\n|upkeep\n|turn|4\n|inactive|xycmj has 30 seconds left.\n|inactive|xycmj has 20 seconds left.\n|inactive|xycmj has 15 seconds left.\n|inactive|xycmj has 10 seconds left.\n|\n|t:|1713875411\n|move|p1a: Weezing|Protect|p1a: Weezing\n|-singleturn|p1a: Weezing|Protect\n|move|p2b: Zamazenta|Iron Defense|p2b: Zamazenta\n|-boost|p2b: Zamazenta|def|2\n|move|p2a: Rillaboom|Taunt|p1a: Weezing\n|-activate|p1a: Weezing|move: Protect\n|move|p1b: Archaludon|Flash Cannon|p2a: Rillaboom\n|-damage|p2a: Rillaboom|3\/100\n|\n|-weather|Sandstorm|[upkeep]\n|-damage|p2a: Rillaboom|0 fnt|[from] Sandstorm\n|-damage|p1a: Weezing|75\/100|[from] Sandstorm\n|faint|p2a: Rillaboom\n|upkeep\n|inactive|Chief dano has 30 seconds left.\n|\n|t:|1713875436\n|switch|p2a: Tyranitar|Tyranitar, L50, F, tera:Fairy|39\/100\n|turn|5\n|inactive|xycmj has 30 seconds left.\n|inactive|Chief dano has 30 seconds left.\n|\n|t:|1713875471\n|move|p2b: Zamazenta|Heavy Slam|p1a: Weezing\n|-supereffective|p1a: Weezing\n|-damage|p1a: Weezing|0 fnt\n|faint|p1a: Weezing\n|-end|p1a: Weezing|ability: Neutralizing Gas\n|move|p1b: Archaludon|Dragon Pulse|p2b: Zamazenta\n|-resisted|p2b: Zamazenta\n|-damage|p2b: Zamazenta|88\/100\n|move|p2a: Tyranitar|Knock Off|p1b: Archaludon\n|-damage|p1b: Archaludon|60\/100\n|-ability|p1b: Archaludon|Stamina|boost\n|-boost|p1b: Archaludon|def|1\n|-enditem|p1b: Archaludon|Assault Vest|[from] move: Knock Off|[of] p2a: Tyranitar\n|\n|-weather|none\n|-fieldend|move: Psychic Terrain\n|upkeep\n|j| gntnc\n|\n|t:|1713875486\n|switch|p1a: Kyogre|Kyogre, L50, tera:Water|22\/100\n|-weather|RainDance|[from] ability: Drizzle|[of] p1a: Kyogre\n|turn|6\n|\n|t:|1713875496\n|move|p2b: Zamazenta|Body Press|p1a: Kyogre\n|-damage|p1a: Kyogre|0 fnt\n|faint|p1a: Kyogre\n|move|p1b: Archaludon|Flash Cannon|p2a: Tyranitar\n|-supereffective|p2a: Tyranitar\n|-damage|p2a: Tyranitar|0 fnt\n|faint|p2a: Tyranitar\n|\n|-weather|RainDance|[upkeep]\n|upkeep\n|\n|t:|1713875507\n|switch|p2a: Urshifu|Urshifu, L50, M|100\/100\n|turn|7\n|-message|xycmj forfeited.\n|\n|win|Chief dano\n|raw|xycmj's rating: 1717 &rarr; <strong>1699<\/strong><br \/>(-18 for losing)\n|raw|Chief dano's rating: 1747 &rarr; <strong>1765<\/strong><br \/>(+18 for winning)\n|l|\u2606xycmj\n|player|p1|\n|l|\u2606Chief dano\n|player|p2|\n|l| BankitVGC\n|l| Candor532\n","uploadtime":1713875730,"views":105,"formatid":"gen9vgc2024regg","rating":1699,"private":0,"password":null}