{"id":"gen9vgc2024regg-2109531035","format":"[Gen 9] VGC 2024 Reg G","players":["Bobbybottleservice","infinitygroudon"],"log":"|uhtml|medal-msg|<div class=\"broadcast-blue\">Curious what those medals under the avatar are? PS now has Ladder Seasons! For more information, check out the <a href=\"https:\/\/www.smogon.com\/forums\/threads\/3740067\/\">thread on Smogon.<\/a><\/div>\n|uhtml|medal-msg|<div class=\"broadcast-blue\">Curious what those medals under the avatar are? PS now has Ladder Seasons! For more information, check out the <a href=\"https:\/\/www.smogon.com\/forums\/threads\/3740067\/\">thread on Smogon.<\/a><\/div>\n|j|\u2606Bobbybottleservice\n|j|\u2606infinitygroudon\n|t:|1713846993\n|gametype|doubles\n|player|p1|Bobbybottleservice|jessiejames-gen1|1703\n|player|p2|infinitygroudon|rancher|1698\n|teamsize|p1|6\n|teamsize|p2|6\n|gen|9\n|tier|[Gen 9] VGC 2024 Reg G\n|rated|\n|rule|Species Clause: Limit one of each Pok\u00e9mon\n|rule|Item Clause: Limit one of each item\n|clearpoke\n|poke|p1|Chien-Pao, L50|\n|poke|p1|Dondozo, L50, M|\n|poke|p1|Dragonite, L50, M|\n|poke|p1|Chi-Yu, L50|\n|poke|p1|Tatsugiri, L50, F|\n|poke|p1|Miraidon, L50|\n|poke|p2|Miraidon, L50|\n|poke|p2|Incineroar, L50, F|\n|poke|p2|Iron Leaves, L50|\n|poke|p2|Tornadus, L50, M|\n|poke|p2|Urshifu-*, L50, F|\n|poke|p2|Chi-Yu, L50|\n|teampreview|4\n|inactive|Battle timer is ON: inactive players will automatically lose when time's up. (requested by Bobbybottleservice)\n|j| rinplx8356\n|j| zxc123zxc\n|j| gregoryhelmsworth\n|inactive|Bobbybottleservice has 60 seconds left.\n|\n|t:|1713847025\n|start\n|switch|p1a: Chien-Pao|Chien-Pao, L50|100\/100\n|switch|p1b: Dragonite|Dragonite, L50, M, shiny|100\/100\n|switch|p2a: Incineroar|Incineroar, L50, F|100\/100\n|switch|p2b: Miraidon|Miraidon, L50|100\/100\n|-ability|p1a: Chien-Pao|Sword of Ruin\n|-fieldstart|move: Electric Terrain|[from] ability: Hadron Engine|[of] p2b: Miraidon\n|-ability|p2a: Incineroar|Intimidate|boost\n|-unboost|p1a: Chien-Pao|atk|1\n|-fail|p1b: Dragonite|unboost|Attack|[from] ability: Inner Focus|[of] p1b: Dragonite\n|turn|1\n|\n|t:|1713847044\n|-terastallize|p2b: Miraidon|Steel\n|move|p1a: Chien-Pao|Protect|p1a: Chien-Pao\n|-singleturn|p1a: Chien-Pao|Protect\n|move|p1b: Dragonite|Extreme Speed|p2b: Miraidon\n|-resisted|p2b: Miraidon\n|-damage|p2b: Miraidon|83\/100\n|move|p2b: Miraidon|Electro Drift|p1b: Dragonite\n|-damage|p1b: Dragonite|49\/100\n|move|p2a: Incineroar|Flare Blitz|p1b: Dragonite\n|-resisted|p1b: Dragonite\n|-damage|p1b: Dragonite|20\/100\n|-damage|p2a: Incineroar|91\/100|[from] Recoil\n|\n|upkeep\n|turn|2\n|\n|t:|1713847062\n|move|p1a: Chien-Pao|Sacred Sword|p2b: Miraidon\n|-supereffective|p2b: Miraidon\n|-damage|p2b: Miraidon|40\/100\n|move|p2b: Miraidon|Volt Switch|p1a: Chien-Pao\n|-damage|p1a: Chien-Pao|9\/100\n|\n|t:|1713847069\n|switch|p2b: Iron Leaves|Iron Leaves, L50|100\/100|[from] Volt Switch\n|-activate|p2b: Iron Leaves|ability: Quark Drive\n|-start|p2b: Iron Leaves|quarkdrivespe\n|move|p1b: Dragonite|Stomping Tantrum|p2a: Incineroar\n|-supereffective|p2a: Incineroar\n|-damage|p2a: Incineroar|23\/100\n|-enditem|p2a: Incineroar|Sitrus Berry|[eat]\n|-heal|p2a: Incineroar|48\/100|[from] item: Sitrus Berry\n|move|p2a: Incineroar|Flare Blitz|p1a: Chien-Pao\n|-supereffective|p1a: Chien-Pao\n|-crit|p1a: Chien-Pao\n|-damage|p1a: Chien-Pao|0 fnt\n|faint|p1a: Chien-Pao\n|-damage|p2a: Incineroar|46\/100|[from] Recoil\n|\n|upkeep\n|\n|t:|1713847081\n|switch|p1a: Dondozo|Dondozo, L50, M, shiny|100\/100\n|turn|3\n|\n|t:|1713847095\n|switch|p1b: Tatsugiri|Tatsugiri, L50, F|100\/100\n|-activate|p1b: Tatsugiri|ability: Commander|[of] p1a: Dondozo\n|-boost|p1a: Dondozo|atk|2\n|-boost|p1a: Dondozo|spa|2\n|-boost|p1a: Dondozo|spe|2\n|-boost|p1a: Dondozo|def|2\n|-boost|p1a: Dondozo|spd|2\n|-terastallize|p1a: Dondozo|Fairy\n|move|p2b: Iron Leaves|Psyblade|p1b: Tatsugiri|[miss]\n|-miss|p2b: Iron Leaves|p1b: Tatsugiri\n|move|p1a: Dondozo|Order Up|p2b: Iron Leaves\n|-damage|p2b: Iron Leaves|47\/100\n|-boost|p1a: Dondozo|atk|1\n|move|p2a: Incineroar|Parting Shot|p1a: Dondozo\n|-unboost|p1a: Dondozo|atk|1\n|-unboost|p1a: Dondozo|spa|1\n|\n|t:|1713847107\n|switch|p2a: Miraidon|Miraidon, L50, tera:Steel|40\/100|[from] Parting Shot\n|-activate|p2a: Miraidon|ability: Hadron Engine\n|\n|upkeep\n|turn|4\n|\n|t:|1713847114\n|move|p2b: Iron Leaves|Psyblade|p1a: Dondozo\n|-damage|p1a: Dondozo|76\/100\n|move|p2a: Miraidon|Volt Switch|p1a: Dondozo\n|-damage|p1a: Dondozo|51\/100\n|\n|t:|1713847119\n|switch|p2a: Incineroar|Incineroar, L50, F|46\/100|[from] Volt Switch\n|-ability|p2a: Incineroar|Intimidate|boost\n|-unboost|p1a: Dondozo|atk|1\n|-unboost|p1b: Tatsugiri|atk|1\n|move|p1a: Dondozo|Earthquake|p2a: Incineroar|[spread] p2a,p2b\n|-miss|p1a: Dondozo|p1b: Tatsugiri\n|-supereffective|p2a: Incineroar\n|-resisted|p2b: Iron Leaves\n|-damage|p2a: Incineroar|0 fnt\n|-damage|p2b: Iron Leaves|29\/100\n|faint|p2a: Incineroar\n|\n|-heal|p1a: Dondozo|57\/100|[from] item: Leftovers\n|upkeep\n|\n|t:|1713847125\n|switch|p2a: Miraidon|Miraidon, L50, tera:Steel|40\/100\n|-activate|p2a: Miraidon|ability: Hadron Engine\n|turn|5\n|j| TheRealAlphaNerd\n|\n|t:|1713847130\n|move|p1a: Dondozo|Protect|p1a: Dondozo\n|-singleturn|p1a: Dondozo|Protect\n|move|p2b: Iron Leaves|Psyblade|p1a: Dondozo\n|-activate|p1a: Dondozo|move: Protect\n|move|p2a: Miraidon|Electro Drift|p1a: Dondozo\n|-activate|p1a: Dondozo|move: Protect\n|\n|-heal|p1a: Dondozo|63\/100|[from] item: Leftovers\n|-fieldend|move: Electric Terrain\n|-end|p2b: Iron Leaves|Quark Drive\n|upkeep\n|turn|6\n|\n|t:|1713847136\n|move|p2a: Miraidon|Electro Drift|p1a: Dondozo\n|-crit|p1a: Dondozo\n|-damage|p1a: Dondozo|0 fnt\n|faint|p1a: Dondozo\n|move|p2b: Iron Leaves|Psyblade|p1b: Tatsugiri\n|-damage|p1b: Tatsugiri|2\/100\n|\n|upkeep\n|\n|t:|1713847141\n|switch|p1a: Dragonite|Dragonite, L50, M, shiny|20\/100\n|turn|7\n|\n|t:|1713847148\n|move|p1a: Dragonite|Extreme Speed|p2b: Iron Leaves\n|-damage|p2b: Iron Leaves|0 fnt\n|faint|p2b: Iron Leaves\n|-end|p2b: Iron Leaves|Quark Drive|[silent]\n|move|p1b: Tatsugiri|Draco Meteor|p2a: Miraidon\n|-resisted|p2a: Miraidon\n|-damage|p2a: Miraidon|22\/100\n|-unboost|p1b: Tatsugiri|spa|2\n|move|p2a: Miraidon|Snarl|p1b: Tatsugiri|[spread] p1a\n|-miss|p2a: Miraidon|p1b: Tatsugiri\n|-damage|p1a: Dragonite|12\/100\n|-unboost|p1a: Dragonite|spa|1\n|\n|upkeep\n|\n|t:|1713847151\n|switch|p2b: Chi-Yu|Chi-Yu, L50|100\/100\n|-ability|p2b: Chi-Yu|Beads of Ruin\n|turn|8\n|j| ryu_rio\n|\n|t:|1713847166\n|move|p1a: Dragonite|Extreme Speed|p2b: Chi-Yu\n|-damage|p2b: Chi-Yu|46\/100\n|move|p1b: Tatsugiri|Draco Meteor|p2b: Chi-Yu\n|-damage|p2b: Chi-Yu|11\/100\n|-unboost|p1b: Tatsugiri|spa|2\n|move|p2a: Miraidon|Snarl|p1b: Tatsugiri|[spread] p1a,p1b\n|-damage|p1a: Dragonite|2\/100\n|-damage|p1b: Tatsugiri|0 fnt\n|-unboost|p1a: Dragonite|spa|1\n|faint|p1b: Tatsugiri\n|move|p2b: Chi-Yu|Heat Wave|p1a: Dragonite\n|-resisted|p1a: Dragonite\n|-damage|p1a: Dragonite|0 fnt\n|faint|p1a: Dragonite\n|-damage|p2b: Chi-Yu|1\/100|[from] item: Life Orb\n|\n|win|infinitygroudon\n|raw|Bobbybottleservice's rating: 1703 &rarr; <strong>1683<\/strong><br \/>(-20 for losing)\n|raw|infinitygroudon's rating: 1698 &rarr; <strong>1718<\/strong><br \/>(+20 for winning)\n|l|\u2606Bobbybottleservice\n|player|p1|\n|l|\u2606infinitygroudon\n|player|p2|\n|l| rinplx8356\n|l| gregoryhelmsworth\n|l| ryu_rio\n","uploadtime":1713847183,"views":104,"formatid":"gen9vgc2024regg","rating":1683,"private":0,"password":null}