{"id":"gen9vgc2024regg-2111119716","format":"[Gen 9] VGC 2024 Reg G","players":["BlvckTheGamer","war3infi"],"log":"|uhtml|medal-msg|<div class=\"broadcast-blue\">Curious what those medals under the avatar are? PS now has Ladder Seasons! For more information, check out the <a href=\"https:\/\/www.smogon.com\/forums\/threads\/3740067\/\">thread on Smogon.<\/a><\/div>\n|uhtml|medal-msg|<div class=\"broadcast-blue\">Curious what those medals under the avatar are? PS now has Ladder Seasons! For more information, check out the <a href=\"https:\/\/www.smogon.com\/forums\/threads\/3740067\/\">thread on Smogon.<\/a><\/div>\n|j|\u2606BlvckTheGamer\n|j|\u2606war3infi\n|t:|1714033108\n|gametype|doubles\n|player|p1|BlvckTheGamer|266|1733\n|player|p2|war3infi|dawn|1726\n|teamsize|p1|6\n|teamsize|p2|6\n|gen|9\n|tier|[Gen 9] VGC 2024 Reg G\n|rated|\n|rule|Species Clause: Limit one of each Pok\u00e9mon\n|rule|Item Clause: Limit one of each item\n|clearpoke\n|poke|p1|Sableye, L50, F|\n|poke|p1|Ho-Oh, L50|\n|poke|p1|Walking Wake, L50|\n|poke|p1|Kingambit, L50, M|\n|poke|p1|Amoonguss, L50, M|\n|poke|p1|Flutter Mane, L50|\n|poke|p2|Chi-Yu, L50|\n|poke|p2|Flutter Mane, L50|\n|poke|p2|Koraidon, L50|\n|poke|p2|Brute Bonnet, L50|\n|poke|p2|Raging Bolt, L50|\n|poke|p2|Tornadus, L50, M|\n|teampreview|4\n|\n|t:|1714033137\n|start\n|switch|p1a: Sableye|Sableye, L50, F|100\/100\n|switch|p1b: Walking Wake|Walking Wake, L50|100\/100\n|switch|p2a: Flutter Mane|Flutter Mane, L50|100\/100\n|switch|p2b: Koraidon|Koraidon, L50|100\/100\n|-weather|SunnyDay|[from] ability: Orichalcum Pulse|[of] p2b: Koraidon\n|-activate|p2a: Flutter Mane|ability: Protosynthesis\n|-start|p2a: Flutter Mane|protosynthesisspe\n|-activate|p1b: Walking Wake|ability: Protosynthesis\n|-start|p1b: Walking Wake|protosynthesisspe\n|-activate|p2b: Koraidon|Orichalcum Pulse|[source]\n|turn|1\n|\n|t:|1714033158\n|-terastallize|p1b: Walking Wake|Fire\n|move|p2b: Koraidon|Protect|p2b: Koraidon\n|-singleturn|p2b: Koraidon|Protect\n|move|p1a: Sableye|Light Screen|p1a: Sableye\n|-sidestart|p1: BlvckTheGamer|move: Light Screen\n|move|p2a: Flutter Mane|Moonblast|p1b: Walking Wake\n|-resisted|p1b: Walking Wake\n|-damage|p1b: Walking Wake|82\/100\n|move|p1b: Walking Wake|Draco Meteor|p2b: Koraidon\n|-activate|p2b: Koraidon|move: Protect\n|\n|-weather|SunnyDay|[upkeep]\n|upkeep\n|turn|2\n|\n|t:|1714033172\n|-terastallize|p2b: Koraidon|Fire\n|move|p1a: Sableye|Reflect|p1a: Sableye\n|-sidestart|p1: BlvckTheGamer|Reflect\n|move|p2a: Flutter Mane|Moonblast|p1a: Sableye\n|-supereffective|p1a: Sableye\n|-damage|p1a: Sableye|22\/100\n|move|p1b: Walking Wake|Hydro Steam|p2b: Koraidon\n|-supereffective|p2b: Koraidon\n|-damage|p2b: Koraidon|0 fnt\n|faint|p2b: Koraidon\n|-damage|p1b: Walking Wake|72\/100|[from] item: Life Orb\n|\n|-weather|SunnyDay|[upkeep]\n|upkeep\n|\n|t:|1714033194\n|switch|p2b: Raging Bolt|Raging Bolt, L50|100\/100\n|-activate|p2b: Raging Bolt|ability: Protosynthesis\n|-start|p2b: Raging Bolt|protosynthesisspa\n|turn|3\n|j| biei\u2014test\n|\n|t:|1714033216\n|switch|p1a: Ho-Oh|Ho-Oh, L50|100\/100\n|move|p2b: Raging Bolt|Protect|p2b: Raging Bolt\n|-singleturn|p2b: Raging Bolt|Protect\n|move|p2a: Flutter Mane|Shadow Ball|p1b: Walking Wake\n|-damage|p1b: Walking Wake|41\/100\n|move|p1b: Walking Wake|Draco Meteor|p2b: Raging Bolt\n|-activate|p2b: Raging Bolt|move: Protect\n|\n|-weather|SunnyDay|[upkeep]\n|upkeep\n|turn|4\n|j| Rabbithorn05\n|\n|t:|1714033241\n|-end|p2b: Raging Bolt|Protosynthesis|[silent]\n|switch|p2b: Chi-Yu|Chi-Yu, L50|100\/100\n|-ability|p2b: Chi-Yu|Beads of Ruin\n|move|p1b: Walking Wake|Protect|p1b: Walking Wake\n|-singleturn|p1b: Walking Wake|Protect\n|move|p2a: Flutter Mane|Shadow Ball|p1b: Walking Wake\n|-activate|p1b: Walking Wake|move: Protect\n|move|p1a: Ho-Oh|Sacred Fire|p2a: Flutter Mane\n|-crit|p2a: Flutter Mane\n|-enditem|p2a: Flutter Mane|Focus Sash\n|-damage|p2a: Flutter Mane|1\/100\n|-status|p2a: Flutter Mane|brn\n|\n|-weather|SunnyDay|[upkeep]\n|-damage|p2a: Flutter Mane|0 fnt|[from] brn\n|faint|p2a: Flutter Mane\n|-end|p2a: Flutter Mane|Protosynthesis|[silent]\n|upkeep\n|\n|t:|1714033249\n|switch|p2a: Raging Bolt|Raging Bolt, L50|100\/100\n|-activate|p2a: Raging Bolt|ability: Protosynthesis\n|-start|p2a: Raging Bolt|protosynthesisspa\n|turn|5\n|j| bluestraggler01\n|\n|t:|1714033282\n|move|p1b: Walking Wake|Hydro Steam|p2b: Chi-Yu\n|-supereffective|p2b: Chi-Yu\n|-damage|p2b: Chi-Yu|0 fnt\n|faint|p2b: Chi-Yu\n|-damage|p1b: Walking Wake|31\/100|[from] item: Life Orb\n|move|p2a: Raging Bolt|Thunderbolt|p1a: Ho-Oh\n|-supereffective|p1a: Ho-Oh\n|-damage|p1a: Ho-Oh|57\/100\n|-damage|p2a: Raging Bolt|91\/100|[from] item: Life Orb\n|move|p1a: Ho-Oh|Earthquake|p2a: Raging Bolt|[spread] p1b,p2a\n|-supereffective|p1b: Walking Wake\n|-supereffective|p2a: Raging Bolt\n|-damage|p1b: Walking Wake|0 fnt\n|-damage|p2a: Raging Bolt|43\/100\n|faint|p1b: Walking Wake\n|-end|p1b: Walking Wake|Protosynthesis|[silent]\n|\n|-weather|none\n|-end|p2a: Raging Bolt|Protosynthesis\n|upkeep\n|-message|war3infi forfeited.\n|\n|win|BlvckTheGamer\n|raw|BlvckTheGamer's rating: 1733 &rarr; <strong>1753<\/strong><br \/>(+20 for winning)\n|raw|war3infi's rating: 1726 &rarr; <strong>1706<\/strong><br \/>(-20 for losing)\n|l|\u2606war3infi\n|player|p2|\n|l| biei\u2014test\n|l|\u2606BlvckTheGamer\n|player|p1|\n|l| bluestraggler01\n","uploadtime":1714033319,"views":182,"formatid":"gen9vgc2024regg","rating":1706,"private":0,"password":null}