{"id":"gen9vgc2024regg-2111055746","format":"[Gen 9] VGC 2024 Reg G","players":["OznerolVGC","war3infi"],"log":"|uhtml|medal-msg|<div class=\"broadcast-blue\">Curious what those medals under the avatar are? PS now has Ladder Seasons! For more information, check out the <a href=\"https:\/\/www.smogon.com\/forums\/threads\/3740067\/\">thread on Smogon.<\/a><\/div>\n|uhtml|medal-msg|<div class=\"broadcast-blue\">Curious what those medals under the avatar are? PS now has Ladder Seasons! For more information, check out the <a href=\"https:\/\/www.smogon.com\/forums\/threads\/3740067\/\">thread on Smogon.<\/a><\/div>\n|j|\u2606OznerolVGC\n|j|\u2606war3infi\n|t:|1714021903\n|gametype|doubles\n|player|p1|OznerolVGC|102|1708\n|player|p2|war3infi|dawn|1726\n|teamsize|p1|6\n|teamsize|p2|6\n|gen|9\n|tier|[Gen 9] VGC 2024 Reg G\n|rated|\n|rule|Species Clause: Limit one of each Pok\u00e9mon\n|rule|Item Clause: Limit one of each item\n|clearpoke\n|poke|p1|Calyrex-Shadow, L50|\n|poke|p1|Mienshao, L50, M|\n|poke|p1|Chi-Yu, L50|\n|poke|p1|Tornadus, L50, M|\n|poke|p1|Urshifu-*, L50, M|\n|poke|p1|Indeedee-F, L50, F|\n|poke|p2|Chi-Yu, L50|\n|poke|p2|Flutter Mane, L50|\n|poke|p2|Koraidon, L50|\n|poke|p2|Brute Bonnet, L50|\n|poke|p2|Raging Bolt, L50|\n|poke|p2|Tornadus, L50, M|\n|teampreview|4\n|j| Candor532\n|j| SameVGCMons\n|l| Candor532\n|inactive|Battle timer is ON: inactive players will automatically lose when time's up. (requested by war3infi)\nwar3infi rejected open team sheets.\n|\n|t:|1714021964\n|start\n|switch|p1a: Chi-Yu|Chi-Yu, L50|100\/100\n|switch|p1b: Mienshao|Mienshao, L50, M|100\/100\n|switch|p2a: Koraidon|Koraidon, L50|100\/100\n|switch|p2b: Tornadus|Tornadus, L50, M|100\/100\n|-ability|p1a: Chi-Yu|Beads of Ruin\n|-weather|SunnyDay|[from] ability: Orichalcum Pulse|[of] p2a: Koraidon\n|-activate|p2a: Koraidon|Orichalcum Pulse|[source]\n|turn|1\n|inactive|OznerolVGC has 30 seconds left.\n|\n|t:|1714021992\n|move|p1b: Mienshao|Feint|p2a: Koraidon\n|-damage|p2a: Koraidon|89\/100\n|move|p2b: Tornadus|Tailwind|p2b: Tornadus\n|-sidestart|p2: war3infi|move: Tailwind\n|move|p2a: Koraidon|Scale Shot|p1b: Mienshao\n|-damage|p1b: Mienshao|69\/100\n|-damage|p1b: Mienshao|38\/100\n|-enditem|p1b: Mienshao|Sitrus Berry|[eat]\n|-heal|p1b: Mienshao|63\/100|[from] item: Sitrus Berry\n|-hitcount|p1b: Mienshao|2\n|-unboost|p2a: Koraidon|def|1\n|-boost|p2a: Koraidon|spe|1\n|move|p1a: Chi-Yu|Overheat|p2a: Koraidon\n|-resisted|p2a: Koraidon\n|-damage|p2a: Koraidon|23\/100\n|-unboost|p1a: Chi-Yu|spa|2\n|\n|-weather|SunnyDay|[upkeep]\n|upkeep\n|turn|2\n|j| iraqanid\n|j| Angello7796\n|j| Candor532\n|j| danieljnthn\n|inactive|OznerolVGC has 30 seconds left.\n|inactive|OznerolVGC has 20 seconds left.\n|inactive|OznerolVGC has 15 seconds left.\n|\n|t:|1714022032\n|move|p1b: Mienshao|Feint|p2a: Koraidon\n|-damage|p2a: Koraidon|7\/100\n|move|p2b: Tornadus|Taunt|p1b: Mienshao\n|-start|p1b: Mienshao|move: Taunt\n|move|p2a: Koraidon|Collision Course|p1a: Chi-Yu\n|-supereffective|p1a: Chi-Yu\n|-damage|p1a: Chi-Yu|0 fnt\n|faint|p1a: Chi-Yu\n|\n|-weather|SunnyDay|[upkeep]\n|upkeep\n|\n|t:|1714022051\n|switch|p1a: Calyrex|Calyrex-Shadow, L50|100\/100\n|-ability|p1a: Calyrex|As One\n|-ability|p1a: Calyrex|Unnerve\n|turn|3\n|inactive|OznerolVGC has 30 seconds left.\n|\n|t:|1714022082\n|move|p1b: Mienshao|Feint|p2a: Koraidon\n|-damage|p2a: Koraidon|0 fnt\n|faint|p2a: Koraidon\n|move|p2b: Tornadus|Bleakwind Storm|p1a: Calyrex|[spread] p1a\n|-miss|p2b: Tornadus|p1b: Mienshao\n|-damage|p1a: Calyrex|69\/100\n|-unboost|p1a: Calyrex|spe|1\n|move|p1a: Calyrex|Astral Barrage|p2b: Tornadus\n|-damage|p2b: Tornadus|0 fnt\n|faint|p2b: Tornadus\n|-ability|p1a: Calyrex|Grim Neigh|boost\n|-boost|p1a: Calyrex|spa|1\n|\n|-weather|SunnyDay|[upkeep]\n|upkeep\n|\n|t:|1714022086\n|switch|p2a: Flutter Mane|Flutter Mane, L50|100\/100\n|switch|p2b: Chi-Yu|Chi-Yu, L50|100\/100\n|-ability|p2b: Chi-Yu|Beads of Ruin\n|-activate|p2a: Flutter Mane|ability: Protosynthesis\n|-start|p2a: Flutter Mane|protosynthesisspe\n|turn|4\n|j| moon7777\n|inactive|OznerolVGC has 30 seconds left.\n|inactive|OznerolVGC has 20 seconds left.\n|inactive|OznerolVGC has 15 seconds left.\n|inactive|OznerolVGC has 10 seconds left.\n|inactive|OznerolVGC has 5 seconds left.\n|\n|t:|1714022137\n|-terastallize|p1a: Calyrex|Normal\n|move|p2a: Flutter Mane|Moonblast|p1b: Mienshao\n|-supereffective|p1b: Mienshao\n|-damage|p1b: Mienshao|0 fnt\n|faint|p1b: Mienshao\n|move|p2b: Chi-Yu|Heat Wave|p1a: Calyrex\n|-damage|p1a: Calyrex|0 fnt\n|faint|p1a: Calyrex\n|\n|-weather|SunnyDay|[upkeep]\n|-sideend|p2: war3infi|move: Tailwind\n|upkeep\n|j| strikesuitzero\n|\n|t:|1714022147\n|switch|p1b: Tornadus|Tornadus, L50, M|100\/100\n|turn|5\n|j| bluestraggler01\n|\n|t:|1714022163\n|move|p1b: Tornadus|Rain Dance|p1b: Tornadus\n|-weather|RainDance\n|-end|p2a: Flutter Mane|Protosynthesis\n|move|p2b: Chi-Yu|Heat Wave|p1b: Tornadus\n|-damage|p1b: Tornadus|51\/100\n|move|p2a: Flutter Mane|Moonblast|p1b: Tornadus\n|-damage|p1b: Tornadus|0 fnt\n|faint|p1b: Tornadus\n|\n|win|war3infi\n|raw|OznerolVGC's rating: 1708 &rarr; <strong>1689<\/strong><br \/>(-19 for losing)\n|raw|war3infi's rating: 1726 &rarr; <strong>1745<\/strong><br \/>(+19 for winning)\n|l| SameVGCMons\n|l|\u2606OznerolVGC\n|player|p1|\n|l|\u2606war3infi\n|player|p2|\n|l| danieljnthn\n|l| Candor532\n|j| Candor532\n|l| Candor532\n|l| bluestraggler01\n|l| strikesuitzero\n|j| bluestraggler01\n","uploadtime":1714022362,"views":90,"formatid":"gen9vgc2024regg","rating":1689,"private":0,"password":null}