{"id":"gen9vgc2024regg-2111177295","format":"[Gen 9] VGC 2024 Reg G","players":["war3infi","OznerolVGC"],"log":"|uhtml|medal-msg|<div class=\"broadcast-blue\">Curious what those medals under the avatar are? PS now has Ladder Seasons! For more information, check out the <a href=\"https:\/\/www.smogon.com\/forums\/threads\/3740067\/\">thread on Smogon.<\/a><\/div>\n|uhtml|medal-msg|<div class=\"broadcast-blue\">Curious what those medals under the avatar are? PS now has Ladder Seasons! For more information, check out the <a href=\"https:\/\/www.smogon.com\/forums\/threads\/3740067\/\">thread on Smogon.<\/a><\/div>\n|j|\u2606war3infi\n|j|\u2606OznerolVGC\n|t:|1714042154\n|gametype|doubles\n|player|p1|war3infi|dawn|1743\n|player|p2|OznerolVGC|101|1731\n|teamsize|p1|6\n|teamsize|p2|6\n|gen|9\n|tier|[Gen 9] VGC 2024 Reg G\n|rated|\n|rule|Species Clause: Limit one of each Pok\u00e9mon\n|rule|Item Clause: Limit one of each item\n|clearpoke\n|poke|p1|Chi-Yu, L50|\n|poke|p1|Flutter Mane, L50|\n|poke|p1|Koraidon, L50|\n|poke|p1|Brute Bonnet, L50|\n|poke|p1|Raging Bolt, L50|\n|poke|p1|Tornadus, L50, M|\n|poke|p2|Calyrex-Shadow, L50|\n|poke|p2|Chi-Yu, L50|\n|poke|p2|Urshifu-*, L50, F|\n|poke|p2|Tornadus, L50, M|\n|poke|p2|Mienshao, L50, M|\n|poke|p2|Indeedee-F, L50, F|\n|teampreview|4\n|\n|t:|1714042191\n|start\n|switch|p1a: Tornadus|Tornadus, L50, M|100\/100\n|switch|p1b: Koraidon|Koraidon, L50|100\/100\n|switch|p2a: Chi-Yu|Chi-Yu, L50|100\/100\n|switch|p2b: Calyrex|Calyrex-Shadow, L50|100\/100\n|-ability|p2b: Calyrex|As One\n|-ability|p2b: Calyrex|Unnerve\n|-ability|p2a: Chi-Yu|Beads of Ruin\n|-weather|SunnyDay|[from] ability: Orichalcum Pulse|[of] p1b: Koraidon\n|-activate|p1b: Koraidon|Orichalcum Pulse|[source]\n|turn|1\n|inactive|Battle timer is ON: inactive players will automatically lose when time's up. (requested by war3infi)\n|\n|t:|1714042252\n|switch|p2a: Indeedee|Indeedee-F, L50, F|100\/100\n|-fieldstart|move: Psychic Terrain|[from] ability: Psychic Surge|[of] p2a: Indeedee\n|-terastallize|p1b: Koraidon|Fire\n|move|p1a: Tornadus|Tailwind|p1a: Tornadus\n|-sidestart|p1: war3infi|move: Tailwind\n|move|p1b: Koraidon|Flare Blitz|p2b: Calyrex\n|-damage|p2b: Calyrex|0 fnt\n|faint|p2b: Calyrex\n|-damage|p1b: Koraidon|68\/100|[from] Recoil\n|\n|-weather|SunnyDay|[upkeep]\n|upkeep\n|\n|t:|1714042266\n|switch|p2b: Chi-Yu|Chi-Yu, L50|100\/100\n|-ability|p2b: Chi-Yu|Beads of Ruin\n|turn|2\n|\n|t:|1714042279\n|-terastallize|p2b: Chi-Yu|Ghost\n|move|p1b: Koraidon|Flare Blitz|p2a: Indeedee\n|-crit|p2a: Indeedee\n|-damage|p2a: Indeedee|0 fnt\n|-damage|p1b: Koraidon|52\/100|[from] item: Rocky Helmet|[of] p2a: Indeedee\n|faint|p2a: Indeedee\n|-damage|p1b: Koraidon|20\/100|[from] Recoil\n|move|p1a: Tornadus|Bleakwind Storm|p2b: Chi-Yu\n|-damage|p2b: Chi-Yu|60\/100\n|move|p2b: Chi-Yu|Heat Wave|p1b: Koraidon|[spread] p1b\n|-miss|p2b: Chi-Yu|p1a: Tornadus\n|-resisted|p1b: Koraidon\n|-damage|p1b: Koraidon|0 fnt\n|faint|p1b: Koraidon\n|\n|-weather|SunnyDay|[upkeep]\n|upkeep\n|\n|t:|1714042292\n|switch|p1b: Chi-Yu|Chi-Yu, L50|100\/100\n|switch|p2a: Urshifu|Urshifu-Rapid-Strike, L50, F|100\/100\n|-ability|p1b: Chi-Yu|Beads of Ruin\n|turn|3\n|\n|t:|1714042307\n|move|p1b: Chi-Yu|Dark Pulse|p2b: Chi-Yu\n|-supereffective|p2b: Chi-Yu\n|-damage|p2b: Chi-Yu|0 fnt\n|faint|p2b: Chi-Yu\n|move|p1a: Tornadus|Bleakwind Storm|p2a: Urshifu|[miss]\n|-miss|p1a: Tornadus|p2a: Urshifu\n|move|p2a: Urshifu|Close Combat|p1b: Chi-Yu\n|-supereffective|p1b: Chi-Yu\n|-damage|p1b: Chi-Yu|0 fnt\n|-unboost|p2a: Urshifu|def|1\n|-unboost|p2a: Urshifu|spd|1\n|faint|p1b: Chi-Yu\n|\n|-weather|SunnyDay|[upkeep]\n|upkeep\n|\n|t:|1714042313\n|switch|p1b: Flutter Mane|Flutter Mane, L50|100\/100\n|-activate|p1b: Flutter Mane|ability: Protosynthesis\n|-start|p1b: Flutter Mane|protosynthesisspe\n|turn|4\n|\n|t:|1714042317\n|move|p2a: Urshifu|Detect|p2a: Urshifu\n|-singleturn|p2a: Urshifu|Protect\n|move|p1b: Flutter Mane|Moonblast|p2a: Urshifu\n|-activate|p2a: Urshifu|move: Protect\n|move|p1a: Tornadus|Bleakwind Storm|p2a: Urshifu\n|-activate|p2a: Urshifu|move: Protect\n|\n|-weather|SunnyDay|[upkeep]\n|-sideend|p1: war3infi|move: Tailwind\n|upkeep\n|turn|5\n|\n|t:|1714042331\n|move|p2a: Urshifu|Detect||[still]\n|-fail|p2a: Urshifu\n|move|p1b: Flutter Mane|Moonblast|p2a: Urshifu\n|-supereffective|p2a: Urshifu\n|-enditem|p2a: Urshifu|Focus Sash\n|-damage|p2a: Urshifu|1\/100\n|-unboost|p2a: Urshifu|spa|1\n|move|p1a: Tornadus|Bleakwind Storm|p2a: Urshifu\n|-supereffective|p2a: Urshifu\n|-damage|p2a: Urshifu|0 fnt\n|faint|p2a: Urshifu\n|\n|win|war3infi\n|raw|war3infi's rating: 1743 &rarr; <strong>1762<\/strong><br \/>(+19 for winning)\n|raw|OznerolVGC's rating: 1731 &rarr; <strong>1712<\/strong><br \/>(-19 for losing)\n|l|\u2606OznerolVGC\n|player|p2|\n|l|\u2606war3infi\n|player|p1|\n","uploadtime":1714042505,"views":210,"formatid":"gen9vgc2024regg","rating":1712,"private":0,"password":null}