{"id":"gen9vgc2024regg-2112509665","format":"[Gen 9] VGC 2024 Reg G","players":["CyanConure","th001"],"log":"|html|<div class=\"broadcast-red\"><strong>This battle is required to be public due to one or more player having a season medal.<\/strong><br \/>During the public phase, you can discuss the state of the ladder <a href=\"\/seasondiscussion\">in a special chatroom.<\/a><\/div>\n|uhtml|medal-msg|<div class=\"broadcast-blue\">Curious what those medals under the avatar are? PS now has Ladder Seasons! For more information, check out the <a href=\"https:\/\/www.smogon.com\/forums\/threads\/3740067\/\">thread on Smogon.<\/a><\/div>\n|uhtml|medal-msg|<div class=\"broadcast-blue\">Curious what those medals under the avatar are? PS now has Ladder Seasons! For more information, check out the <a href=\"https:\/\/www.smogon.com\/forums\/threads\/3740067\/\">thread on Smogon.<\/a><\/div>\n|j|\u2606CyanConure\n|j|\u2606th001\n|t:|1714191385\n|gametype|doubles\n|player|p1|CyanConure|falkner|1653\n|player|p2|th001|169|1786\n|teamsize|p1|6\n|teamsize|p2|6\n|gen|9\n|tier|[Gen 9] VGC 2024 Reg G\n|rated|\n|rule|Species Clause: Limit one of each Pok\u00e9mon\n|rule|Item Clause: Limit one of each item\n|clearpoke\n|poke|p1|Terapagos, L50, M|\n|poke|p1|Incineroar, L50, M|\n|poke|p1|Rillaboom, L50, M|\n|poke|p1|Comfey, L50, M|\n|poke|p1|Urshifu-*, L50, M|\n|poke|p1|Ogerpon-Wellspring, L50, F|\n|poke|p2|Koraidon, L50|\n|poke|p2|Flutter Mane, L50|\n|poke|p2|Chi-Yu, L50|\n|poke|p2|Brute Bonnet, L50|\n|poke|p2|Whimsicott, L50, F|\n|poke|p2|Raging Bolt, L50|\n|teampreview|4\n|inactive|Battle timer is ON: inactive players will automatically lose when time's up. (requested by CyanConure)\n|inactive|CyanConure has 60 seconds left.\n|inactive|th001 has 60 seconds left.\n|inactive|th001 has 30 seconds left.\n|\n|t:|1714191453\n|start\n|switch|p1a: Buff Furry Man|Incineroar, L50, M|100\/100\n|switch|p1b: Sadge (Wo)Man|Ogerpon-Wellspring, L50, F|100\/100\n|switch|p2a: Brute Bonnet|Brute Bonnet, L50|100\/100\n|switch|p2b: Koraidon|Koraidon, L50|100\/100\n|-weather|SunnyDay|[from] ability: Orichalcum Pulse|[of] p2b: Koraidon\n|-activate|p2a: Brute Bonnet|ability: Protosynthesis\n|-start|p2a: Brute Bonnet|protosynthesisdef\n|-activate|p2b: Koraidon|Orichalcum Pulse|[source]\n|-ability|p1a: Buff Furry Man|Intimidate|boost\n|-unboost|p2a: Brute Bonnet|atk|1\n|-fail|p2b: Koraidon|unboost|[from] item: Clear Amulet|[of] p2b: Koraidon\n|turn|1\n|j| Candor532\n|inactive|CyanConure has 30 seconds left.\n|j| Kartana67\n|\n|t:|1714191488\n|move|p1a: Buff Furry Man|Fake Out|p2b: Koraidon\n|-damage|p2b: Koraidon|91\/100\n|move|p1b: Sadge (Wo)Man|Follow Me|p1b: Sadge (Wo)Man\n|-singleturn|p1b: Sadge (Wo)Man|move: Follow Me\n|cant|p2b: Koraidon|flinch\n|move|p2a: Brute Bonnet|Spore|p1b: Sadge (Wo)Man\n|-immune|p1b: Sadge (Wo)Man\n|\n|-weather|SunnyDay|[upkeep]\n|upkeep\n|turn|2\n|j| quesoblancofundido\n|inactive|th001 has 30 seconds left.\n|\n|t:|1714191516\n|move|p1b: Sadge (Wo)Man|Follow Me|p1b: Sadge (Wo)Man\n|-singleturn|p1b: Sadge (Wo)Man|move: Follow Me\n|move|p2b: Koraidon|Collision Course|p1b: Sadge (Wo)Man\n|-damage|p1b: Sadge (Wo)Man|17\/100\n|move|p1a: Buff Furry Man|Will-O-Wisp|p2b: Koraidon\n|-status|p2b: Koraidon|brn\n|move|p2a: Brute Bonnet|Spore|p1b: Sadge (Wo)Man\n|-immune|p1b: Sadge (Wo)Man\n|\n|-weather|SunnyDay|[upkeep]\n|-damage|p2b: Koraidon|86\/100 brn|[from] brn\n|upkeep\n|turn|3\n|l| quesoblancofundido\n|inactive|CyanConure has 30 seconds left.\n|inactive|th001 has 30 seconds left.\n|inactive|th001 has 20 seconds left.\n|j| Congwuyu\n|l| Congwuyu\n|\n|t:|1714191556\n|move|p1b: Sadge (Wo)Man|Follow Me|p1b: Sadge (Wo)Man\n|-singleturn|p1b: Sadge (Wo)Man|move: Follow Me\n|move|p2b: Koraidon|Collision Course|p1b: Sadge (Wo)Man\n|-damage|p1b: Sadge (Wo)Man|0 fnt\n|faint|p1b: Sadge (Wo)Man\n|move|p2a: Brute Bonnet|Spore|p1a: Buff Furry Man\n|-status|p1a: Buff Furry Man|slp|[from] move: Spore\n|cant|p1a: Buff Furry Man|slp\n|\n|-weather|SunnyDay|[upkeep]\n|-damage|p2b: Koraidon|80\/100 brn|[from] brn\n|upkeep\n|\n|t:|1714191574\n|switch|p1b: Medic Man|Comfey, L50, M, shiny|100\/100\n|turn|4\n|\n|t:|1714191604\n|switch|p2b: Chi-Yu|Chi-Yu, L50|100\/100\n|-ability|p2b: Chi-Yu|Beads of Ruin\n|switch|p1a: Turtle Man|Terapagos, L50, M|100\/100\n|-activate|p1a: Turtle Man|ability: Tera Shift\n|detailschange|p1a: Turtle Man|Terapagos-Terastal, L50, M\n|-heal|p1a: Turtle Man|100\/100|[silent]\n|move|p1b: Medic Man|Taunt|p2a: Brute Bonnet\n|-start|p2a: Brute Bonnet|move: Taunt\n|cant|p2a: Brute Bonnet|move: Taunt|Spore\n|\n|-weather|SunnyDay|[upkeep]\n|upkeep\n|turn|5\n|j| bluestraggler01\n|inactive|CyanConure has 30 seconds left.\n|\n|t:|1714191631\n|-end|p2a: Brute Bonnet|Protosynthesis|[silent]\n|switch|p2a: Whimsicott|Whimsicott, L50, F|100\/100\n|-terastallize|p1a: Turtle Man|Stellar\n|detailschange|p1a: Turtle Man|Terapagos-Stellar, L50, M, tera:Stellar\n|-heal|p1a: Turtle Man|100\/100|[silent]\n|-ability|p1a: Turtle Man|Teraform Zero\n|-weather|none\n|move|p1b: Medic Man|Protect|p1b: Medic Man\n|-singleturn|p1b: Medic Man|Protect\n|move|p2b: Chi-Yu|Heat Wave|p1b: Medic Man|[spread] p1a\n|-activate|p1b: Medic Man|move: Protect\n|-damage|p1a: Turtle Man|69\/100\n|move|p1a: Turtle Man|Tera Starstorm|p2b: Chi-Yu|[spread] p2a,p2b\n|-damage|p2a: Whimsicott|7\/100\n|-damage|p2b: Chi-Yu|58\/100\n|\n|upkeep\n|turn|6\n|j| Gmaybe\n|inactive|th001 has 30 seconds left.\n|inactive|th001 has 20 seconds left.\n|inactive|th001 has 15 seconds left.\n|inactive|th001 has 10 seconds left.\n|inactive|th001 has 5 seconds left.\n|\n|t:|1714191686\n|move|p1b: Medic Man|Draining Kiss|p2a: Whimsicott\n|-damage|p2a: Whimsicott|0 fnt\n|faint|p2a: Whimsicott\n|move|p2b: Chi-Yu|Heat Wave|p1b: Medic Man|[spread] p1a,p1b\n|-damage|p1a: Turtle Man|33\/100\n|-damage|p1b: Medic Man|45\/100\n|move|p1a: Turtle Man|Earth Power|p2b: Chi-Yu\n|-supereffective|p2b: Chi-Yu\n|-damage|p2b: Chi-Yu|0 fnt\n|faint|p2b: Chi-Yu\n|\n|upkeep\n|\n|t:|1714191694\n|switch|p2a: Koraidon|Koraidon, L50|80\/100 brn\n|switch|p2b: Brute Bonnet|Brute Bonnet, L50|100\/100\n|-weather|SunnyDay|[from] ability: Orichalcum Pulse|[of] p2a: Koraidon\n|-activate|p2b: Brute Bonnet|ability: Protosynthesis\n|-start|p2b: Brute Bonnet|protosynthesisdef\n|-activate|p2a: Koraidon|Orichalcum Pulse|[source]\n|turn|7\n|j| CheesyBrie\n|l| CheesyBrie\n|inactive|th001 has 30 seconds left.\n|inactive|th001 has 20 seconds left.\n|inactive|CyanConure has 30 seconds left.\n|inactive|th001 has 15 seconds left.\n|j| pppbbbb\n|inactive|th001 has 10 seconds left.\n|inactive|CyanConure has 20 seconds left.\n|inactive|th001 has 5 seconds left.\n|\n|t:|1714191747\n|move|p1b: Medic Man|Floral Healing|p1a: Turtle Man\n|-heal|p1a: Turtle Man|84\/100\n|move|p2a: Koraidon|Flare Blitz|p1b: Medic Man\n|-damage|p1b: Medic Man|2\/100\n|-damage|p2a: Koraidon|68\/100 brn|[from] Recoil\n|move|p1a: Turtle Man|Tera Starstorm|p2b: Brute Bonnet|[spread] p2a,p2b\n|-damage|p2a: Koraidon|29\/100 brn\n|-damage|p2b: Brute Bonnet|67\/100\n|move|p2b: Brute Bonnet|Crunch|p1a: Turtle Man\n|-damage|p1a: Turtle Man|61\/100\n|\n|-weather|SunnyDay|[upkeep]\n|-damage|p2a: Koraidon|23\/100 brn|[from] brn\n|upkeep\n|turn|8\n|-message|th001 forfeited.\n|\n|win|CyanConure\n|raw|CyanConure's rating: 1653 &rarr; <strong>1680<\/strong><br \/>(+27 for winning)\n|raw|th001's rating: 1786 &rarr; <strong>1759<\/strong><br \/>(-27 for losing)\n|l|\u2606th001\n|player|p2|\n|l| Candor532\n|l| Kartana67\n|l| bluestraggler01\n","uploadtime":1714192000,"views":101,"formatid":"gen9vgc2024regg","rating":1680,"private":0,"password":null}