{"id":"gen9vgc2024regg-2113175986","format":"[Gen 9] VGC 2024 Reg G","players":["sliverfish01","war3infi"],"log":"|j|\u2606sliverfish01\n|j|\u2606war3infi\n|t:|1714284109\n|gametype|doubles\n|player|p1|sliverfish01|102|1699\n|player|p2|war3infi|dawn|1805\n|teamsize|p1|6\n|teamsize|p2|6\n|gen|9\n|tier|[Gen 9] VGC 2024 Reg G\n|rated|\n|rule|Species Clause: Limit one of each Pok\u00e9mon\n|rule|Item Clause: Limit one of each item\n|clearpoke\n|poke|p1|Calyrex-Shadow, L50|\n|poke|p1|Indeedee-F, L50, F|\n|poke|p1|Urshifu-*, L50, M|\n|poke|p1|Chi-Yu, L50|\n|poke|p1|Mienshao, L50, M|\n|poke|p1|Tornadus, L50, M|\n|poke|p2|Calyrex-Ice, L50|\n|poke|p2|Pelipper, L50, F|\n|poke|p2|Urshifu-*, L50, M|\n|poke|p2|Pikachu, L50, F|\n|poke|p2|Rillaboom, L50, F|\n|poke|p2|Ogerpon-Cornerstone, L50, F|\n|teampreview|4\n|\n|t:|1714284161\n|start\n|switch|p1a: Tornadus|Tornadus, L50, M|100\/100\n|switch|p1b: Urshifu|Urshifu-Rapid-Strike, L50, M|100\/100\n|switch|p2a: Calyrex|Calyrex-Ice, L50|100\/100\n|switch|p2b: Pelipper|Pelipper, L50, F|100\/100\n|-ability|p2a: Calyrex|As One\n|-ability|p2a: Calyrex|Unnerve\n|-weather|RainDance|[from] ability: Drizzle|[of] p2b: Pelipper\n|turn|1\n|\n|t:|1714284176\n|-terastallize|p1b: Urshifu|Water\n|-terastallize|p2a: Calyrex|Grass\n|move|p2b: Pelipper|Wide Guard|p2b: Pelipper\n|-singleturn|p2b: Pelipper|Wide Guard\n|move|p1a: Tornadus|Bleakwind Storm|p2b: Pelipper|[spread] \n|-activate|p2a: Calyrex|move: Wide Guard\n|-activate|p2b: Pelipper|move: Wide Guard\n|move|p1b: Urshifu|Surging Strikes|p2a: Calyrex\n|-resisted|p2a: Calyrex\n|-crit|p2a: Calyrex\n|-damage|p2a: Calyrex|86\/100\n|-resisted|p2a: Calyrex\n|-crit|p2a: Calyrex\n|-damage|p2a: Calyrex|71\/100\n|-resisted|p2a: Calyrex\n|-crit|p2a: Calyrex\n|-damage|p2a: Calyrex|57\/100\n|-hitcount|p2a: Calyrex|3\n|move|p2a: Calyrex|Trick Room|p2a: Calyrex\n|-fieldstart|move: Trick Room|[of] p2a: Calyrex\n|\n|-weather|RainDance|[upkeep]\n|upkeep\n|turn|2\n|j| chrisqingyu\n|j| edoreon55555\n|\n|t:|1714284222\n|switch|p1a: Mienshao|Mienshao, L50, M|100\/100\n|move|p1b: Urshifu|Detect|p1b: Urshifu\n|-singleturn|p1b: Urshifu|Protect\n|move|p2a: Calyrex|Glacial Lance|p1a: Mienshao|[spread] p1a\n|-activate|p1b: Urshifu|move: Protect\n|-enditem|p1a: Mienshao|Focus Sash\n|-damage|p1a: Mienshao|1\/100\n|move|p2b: Pelipper|Hurricane|p1b: Urshifu\n|-activate|p1b: Urshifu|move: Protect\n|\n|-weather|RainDance|[upkeep]\n|upkeep\n|turn|3\n|\n|t:|1714284250\n|move|p1a: Mienshao|Fake Out|p2b: Pelipper\n|-damage|p2b: Pelipper|87\/100\n|-damage|p1a: Mienshao|0 fnt|[from] item: Rocky Helmet|[of] p2b: Pelipper\n|faint|p1a: Mienshao\n|move|p2a: Calyrex|High Horsepower|p1b: Urshifu\n|-damage|p1b: Urshifu|63\/100\n|cant|p2b: Pelipper|flinch\n|move|p1b: Urshifu|Surging Strikes|p2a: Calyrex\n|-resisted|p2a: Calyrex\n|-crit|p2a: Calyrex\n|-damage|p2a: Calyrex|43\/100\n|-resisted|p2a: Calyrex\n|-crit|p2a: Calyrex\n|-damage|p2a: Calyrex|29\/100\n|-resisted|p2a: Calyrex\n|-crit|p2a: Calyrex\n|-damage|p2a: Calyrex|15\/100\n|-hitcount|p2a: Calyrex|3\n|\n|-weather|RainDance|[upkeep]\n|upkeep\n|\n|t:|1714284263\n|switch|p1a: Tornadus|Tornadus, L50, M|100\/100\n|turn|4\n|\n|t:|1714284276\n|move|p1b: Urshifu|Aqua Jet|p2a: Calyrex\n|-resisted|p2a: Calyrex\n|-damage|p2a: Calyrex|0 fnt\n|faint|p2a: Calyrex\n|move|p2b: Pelipper|Hurricane|p1b: Urshifu\n|-damage|p1b: Urshifu|0 fnt\n|faint|p1b: Urshifu\n|move|p1a: Tornadus|Bleakwind Storm|p2b: Pelipper\n|-damage|p2b: Pelipper|23\/100\n|\n|-weather|RainDance|[upkeep]\n|upkeep\n|\n|t:|1714284283\n|switch|p2a: Rillaboom|Rillaboom, L50, F|100\/100\n|switch|p1b: Calyrex|Calyrex-Shadow, L50|100\/100\n|-ability|p1b: Calyrex|As One\n|-ability|p1b: Calyrex|Unnerve\n|-fieldstart|move: Grassy Terrain|[from] ability: Grassy Surge|[of] p2a: Rillaboom\n|turn|5\n|\n|t:|1714284291\n|move|p1a: Tornadus|Protect|p1a: Tornadus\n|-singleturn|p1a: Tornadus|Protect\n|move|p1b: Calyrex|Protect|p1b: Calyrex\n|-singleturn|p1b: Calyrex|Protect\n|move|p2b: Pelipper|Weather Ball|p1a: Tornadus\n|-activate|p1a: Tornadus|move: Protect\n|move|p2a: Rillaboom|Wood Hammer|p1a: Tornadus\n|-activate|p1a: Tornadus|move: Protect\n|\n|-weather|none\n|-fieldend|move: Trick Room\n|upkeep\n|turn|6\n|\n|t:|1714284306\n|move|p2b: Pelipper|Wide Guard|p2b: Pelipper\n|-singleturn|p2b: Pelipper|Wide Guard\n|move|p1b: Calyrex|Astral Barrage|p2b: Pelipper|[spread] \n|-activate|p2a: Rillaboom|move: Wide Guard\n|-activate|p2b: Pelipper|move: Wide Guard\n|move|p1a: Tornadus|Bleakwind Storm|p2a: Rillaboom|[spread] \n|-activate|p2a: Rillaboom|move: Wide Guard\n|-activate|p2b: Pelipper|move: Wide Guard\n|move|p2a: Rillaboom|Wood Hammer|p1b: Calyrex\n|-damage|p1b: Calyrex|14\/100\n|-damage|p2a: Rillaboom|76\/100|[from] Recoil\n|\n|-heal|p1b: Calyrex|20\/100|[from] Grassy Terrain\n|-heal|p2a: Rillaboom|82\/100|[from] Grassy Terrain\n|upkeep\n|turn|7\n|\n|t:|1714284322\n|move|p1b: Calyrex|Protect|p1b: Calyrex\n|-singleturn|p1b: Calyrex|Protect\n|move|p2b: Pelipper|Wide Guard|p2b: Pelipper\n|-singleturn|p2b: Pelipper|Wide Guard\n|move|p2a: Rillaboom|Grassy Glide|p1b: Calyrex\n|-activate|p1b: Calyrex|move: Protect\n|move|p1a: Tornadus|Bleakwind Storm|p2b: Pelipper|[spread] \n|-activate|p2a: Rillaboom|move: Wide Guard\n|-activate|p2b: Pelipper|move: Wide Guard\n|\n|-heal|p1b: Calyrex|26\/100|[from] Grassy Terrain\n|-heal|p2a: Rillaboom|88\/100|[from] Grassy Terrain\n|upkeep\n|turn|8\n|\n|t:|1714284344\n|move|p1b: Calyrex|Protect||[still]\n|-fail|p1b: Calyrex\n|move|p2b: Pelipper|Wide Guard|p2b: Pelipper\n|-singleturn|p2b: Pelipper|Wide Guard\n|move|p2a: Rillaboom|Grassy Glide|p1b: Calyrex\n|-damage|p1b: Calyrex|0 fnt\n|faint|p1b: Calyrex\n|move|p1a: Tornadus|Bleakwind Storm|p2b: Pelipper|[spread] \n|-activate|p2a: Rillaboom|move: Wide Guard\n|-activate|p2b: Pelipper|move: Wide Guard\n|\n|-heal|p2a: Rillaboom|94\/100|[from] Grassy Terrain\n|upkeep\n|turn|9\n|-message|sliverfish01 forfeited.\n|\n|win|war3infi\n|raw|sliverfish01's rating: 1699 &rarr; <strong>1685<\/strong><br \/>(-14 for losing)\n|raw|war3infi's rating: 1805 &rarr; <strong>1819<\/strong><br \/>(+14 for winning)\n|l|\u2606sliverfish01\n|player|p1|\n|l|\u2606war3infi\n|player|p2|\n|l| edoreon55555\n|j| edoreon55555\n|l| edoreon55555\n","uploadtime":1714284567,"views":83,"formatid":"gen9vgc2024regg","rating":1685,"private":0,"password":null}