{"id":"gen9vgc2024regg-2113267287","format":"[Gen 9] VGC 2024 Reg G","players":["gossifleur23","sliverfish01"],"log":"|j|\u2606gossifleur23\n|j|\u2606sliverfish01\n|t:|1714301752\n|gametype|doubles\n|player|p1|gossifleur23|lisia|1689\n|player|p2|sliverfish01|101|1748\n|teamsize|p1|6\n|teamsize|p2|6\n|gen|9\n|tier|[Gen 9] VGC 2024 Reg G\n|rated|\n|rule|Species Clause: Limit one of each Pok\u00e9mon\n|rule|Item Clause: Limit one of each item\n|clearpoke\n|poke|p1|Whimsicott, L50, M|\n|poke|p1|Miraidon, L50|\n|poke|p1|Chi-Yu, L50|\n|poke|p1|Flutter Mane, L50|\n|poke|p1|Ogerpon-Wellspring, L50, F|\n|poke|p1|Regidrago, L50|\n|poke|p2|Calyrex-Shadow, L50|\n|poke|p2|Indeedee-F, L50, F|\n|poke|p2|Urshifu-*, L50, M|\n|poke|p2|Chi-Yu, L50|\n|poke|p2|Mienshao, L50, M|\n|poke|p2|Tornadus, L50, M|\n|teampreview|4\n|j| haveagooddayz\n|\n|t:|1714301791\n|start\n|switch|p1a: Whimsicott|Whimsicott, L50, M|100\/100\n|switch|p1b: Ogerpon|Ogerpon-Wellspring, L50, F|100\/100\n|switch|p2a: Tornadus|Tornadus, L50, M|100\/100\n|switch|p2b: Chi-Yu|Chi-Yu, L50|100\/100\n|-ability|p2b: Chi-Yu|Beads of Ruin\n|turn|1\n|\n|t:|1714301826\n|-terastallize|p1b: Ogerpon|Water\n|detailschange|p1b: Ogerpon|Ogerpon-Wellspring-Tera, L50, F, tera:Water\n|-ability|p1b: Ogerpon|Embody Aspect (Wellspring)|boost\n|-boost|p1b: Ogerpon|spd|1\n|move|p1a: Whimsicott|Tailwind|p1a: Whimsicott\n|-sidestart|p1: gossifleur23|move: Tailwind\n|move|p1b: Ogerpon|Ivy Cudgel|p2b: Chi-Yu|[anim] Ivy Cudgel Water\n|-supereffective|p2b: Chi-Yu\n|-damage|p2b: Chi-Yu|0 fnt\n|faint|p2b: Chi-Yu\n|move|p2a: Tornadus|Bleakwind Storm|p1b: Ogerpon|[spread] p1a,p1b\n|-supereffective|p1a: Whimsicott\n|-damage|p1a: Whimsicott|15\/100\n|-damage|p1b: Ogerpon|80\/100\n|\n|upkeep\n|\n|t:|1714301831\n|switch|p2b: Mienshao|Mienshao, L50, M|100\/100\n|turn|2\n|\n|t:|1714301855\n|move|p2a: Tornadus|Protect|p2a: Tornadus\n|-singleturn|p2a: Tornadus|Protect\n|move|p1a: Whimsicott|Encore|p2a: Tornadus\n|-activate|p2a: Tornadus|move: Protect\n|move|p1b: Ogerpon|Horn Leech|p2b: Mienshao\n|-damage|p2b: Mienshao|27\/100\n|-heal|p1b: Ogerpon|100\/100|[from] drain|[of] p2b: Mienshao\n|move|p2b: Mienshao|Poison Jab|p1a: Whimsicott\n|-supereffective|p1a: Whimsicott\n|-crit|p1a: Whimsicott\n|-damage|p1a: Whimsicott|0 fnt\n|faint|p1a: Whimsicott\n|\n|upkeep\n|\n|t:|1714301863\n|switch|p1a: Miraidon|Miraidon, L50|100\/100\n|-fieldstart|move: Electric Terrain|[from] ability: Hadron Engine|[of] p1a: Miraidon\n|turn|3\n|j| edoreon55555\n|l| edoreon55555\n|\n|t:|1714301887\n|move|p2a: Tornadus|Tailwind|p2a: Tornadus\n|-sidestart|p2: sliverfish01|move: Tailwind\n|move|p1a: Miraidon|Dazzling Gleam|p2a: Tornadus|[spread] p2a,p2b\n|-crit|p2a: Tornadus\n|-supereffective|p2b: Mienshao\n|-damage|p2a: Tornadus|39\/100\n|-damage|p2b: Mienshao|0 fnt\n|faint|p2b: Mienshao\n|-damage|p1a: Miraidon|91\/100|[from] item: Life Orb\n|move|p1b: Ogerpon|Ivy Cudgel|p2a: Tornadus|[anim] Ivy Cudgel Water\n|-damage|p2a: Tornadus|0 fnt\n|faint|p2a: Tornadus\n|\n|upkeep\n|\n|t:|1714301893\n|switch|p2b: Calyrex|Calyrex-Shadow, L50|100\/100\n|-ability|p2b: Calyrex|As One\n|-ability|p2b: Calyrex|Unnerve\n|turn|4\n|\n|t:|1714301901\n|move|p2b: Calyrex|Protect|p2b: Calyrex\n|-singleturn|p2b: Calyrex|Protect\n|move|p1a: Miraidon|Protect|p1a: Miraidon\n|-singleturn|p1a: Miraidon|Protect\n|move|p1b: Ogerpon|Horn Leech|p2b: Calyrex\n|-activate|p2b: Calyrex|move: Protect\n|\n|-sideend|p1: gossifleur23|move: Tailwind\n|upkeep\n|turn|5\n|\n|t:|1714301909\n|move|p2b: Calyrex|Astral Barrage|p1b: Ogerpon|[spread] p1a,p1b\n|-damage|p1a: Miraidon|33\/100\n|-damage|p1b: Ogerpon|61\/100\n|-damage|p2b: Calyrex|91\/100|[from] item: Life Orb\n|move|p1a: Miraidon|Electro Drift|p2b: Calyrex\n|-damage|p2b: Calyrex|0 fnt\n|faint|p2b: Calyrex\n|-damage|p1a: Miraidon|23\/100|[from] item: Life Orb\n|\n|win|gossifleur23\n|raw|gossifleur23's rating: 1689 &rarr; <strong>1712<\/strong><br \/>(+23 for winning)\n|raw|sliverfish01's rating: 1748 &rarr; <strong>1725<\/strong><br \/>(-23 for losing)\n|l|\u2606sliverfish01\n|player|p2|\n|l| haveagooddayz\n","uploadtime":1714302105,"views":169,"formatid":"gen9vgc2024regg","rating":1712,"private":0,"password":null}