{"id":"gen9vgc2024regg-2113262147","format":"[Gen 9] VGC 2024 Reg G","players":["sliverfish01","tuanzai233"],"log":"|j|\u2606sliverfish01\n|j|\u2606tuanzai233\n|t:|1714300803\n|gametype|doubles\n|player|p1|sliverfish01|101|1697\n|player|p2|tuanzai233|2|1734\n|teamsize|p1|6\n|teamsize|p2|6\n|gen|9\n|tier|[Gen 9] VGC 2024 Reg G\n|rated|\n|rule|Species Clause: Limit one of each Pok\u00e9mon\n|rule|Item Clause: Limit one of each item\n|clearpoke\n|poke|p1|Calyrex-Shadow, L50|\n|poke|p1|Indeedee-F, L50, F|\n|poke|p1|Urshifu-*, L50, F|\n|poke|p1|Chi-Yu, L50|\n|poke|p1|Mienshao, L50, M|\n|poke|p1|Tornadus, L50, M|\n|poke|p2|Indeedee-F, L50, F|\n|poke|p2|Torkoal, L50, M|\n|poke|p2|Calyrex-Ice, L50|\n|poke|p2|Annihilape, L50, M|\n|poke|p2|Urshifu-*, L50, M|\n|poke|p2|Brute Bonnet, L50|\n|teampreview|4\n|inactive|Battle timer is ON: inactive players will automatically lose when time's up. (requested by tuanzai233)\n|\n|t:|1714300842\n|start\n|switch|p1a: Chi-Yu|Chi-Yu, L50|100\/100\n|switch|p1b: Urshifu|Urshifu-Rapid-Strike, L50, F|100\/100\n|switch|p2a: Calyrex|Calyrex-Ice, L50|100\/100\n|switch|p2b: Brute Bonnet|Brute Bonnet, L50, shiny|100\/100\n|-ability|p2a: Calyrex|As One\n|-ability|p2a: Calyrex|Unnerve\n|-ability|p1a: Chi-Yu|Beads of Ruin\n|turn|1\n|\n|t:|1714300858\n|-terastallize|p2a: Calyrex|Fire\n|move|p2b: Brute Bonnet|Rage Powder|p2b: Brute Bonnet\n|-singleturn|p2b: Brute Bonnet|move: Rage Powder\n|move|p1a: Chi-Yu|Heat Wave|p2b: Brute Bonnet|[spread] p2a,p2b\n|-resisted|p2a: Calyrex\n|-supereffective|p2b: Brute Bonnet\n|-damage|p2a: Calyrex|84\/100\n|-damage|p2b: Brute Bonnet|23\/100\n|-enditem|p2b: Brute Bonnet|Sitrus Berry|[eat]\n|-heal|p2b: Brute Bonnet|47\/100|[from] item: Sitrus Berry\n|move|p1b: Urshifu|Surging Strikes|p2b: Brute Bonnet\n|-resisted|p2b: Brute Bonnet\n|-crit|p2b: Brute Bonnet\n|-damage|p2b: Brute Bonnet|39\/100\n|-resisted|p2b: Brute Bonnet\n|-crit|p2b: Brute Bonnet\n|-damage|p2b: Brute Bonnet|31\/100\n|-resisted|p2b: Brute Bonnet\n|-crit|p2b: Brute Bonnet\n|-damage|p2b: Brute Bonnet|24\/100\n|-hitcount|p2b: Brute Bonnet|3\n|move|p2a: Calyrex|Trick Room|p2a: Calyrex\n|-fieldstart|move: Trick Room|[of] p2a: Calyrex\n|\n|upkeep\n|turn|2\n|\n|t:|1714300872\n|move|p1b: Urshifu|Detect|p1b: Urshifu\n|-singleturn|p1b: Urshifu|Protect\n|move|p2a: Calyrex|High Horsepower|p1a: Chi-Yu\n|-supereffective|p1a: Chi-Yu\n|-damage|p1a: Chi-Yu|0 fnt\n|faint|p1a: Chi-Yu\n|-ability|p2a: Calyrex|Chilling Neigh|boost\n|-boost|p2a: Calyrex|atk|1\n|move|p2b: Brute Bonnet|Spore|p1b: Urshifu\n|-activate|p1b: Urshifu|move: Protect\n|\n|upkeep\n|\n|t:|1714300879\n|switch|p1a: Mienshao|Mienshao, L50, M|100\/100\n|turn|3\n|\n|t:|1714300894\n|move|p1a: Mienshao|Fake Out|p2b: Brute Bonnet\n|-damage|p2b: Brute Bonnet|14\/100\n|cant|p2b: Brute Bonnet|flinch\n|move|p2a: Calyrex|High Horsepower|p1a: Mienshao\n|-enditem|p1a: Mienshao|Focus Sash\n|-damage|p1a: Mienshao|1\/100\n|move|p1b: Urshifu|Surging Strikes|p2a: Calyrex\n|-supereffective|p2a: Calyrex\n|-crit|p2a: Calyrex\n|-damage|p2a: Calyrex|57\/100\n|-supereffective|p2a: Calyrex\n|-crit|p2a: Calyrex\n|-damage|p2a: Calyrex|27\/100\n|-supereffective|p2a: Calyrex\n|-crit|p2a: Calyrex\n|-damage|p2a: Calyrex|0 fnt\n|faint|p2a: Calyrex\n|-hitcount|p2: Calyrex|3\n|\n|upkeep\n|\n|t:|1714300899\n|switch|p2a: Urshifu|Urshifu, L50, M|100\/100\n|turn|4\n|inactive|sliverfish01 has 30 seconds left.\n|\n|t:|1714300934\n|move|p1b: Urshifu|Detect|p1b: Urshifu\n|-singleturn|p1b: Urshifu|Protect\n|move|p2b: Brute Bonnet|Spore|p1b: Urshifu\n|-activate|p1b: Urshifu|move: Protect\n|move|p2a: Urshifu|Wicked Blow|p1a: Mienshao\n|-resisted|p1a: Mienshao\n|-crit|p1a: Mienshao\n|-damage|p1a: Mienshao|0 fnt\n|faint|p1a: Mienshao\n|\n|upkeep\n|\n|t:|1714300941\n|switch|p1a: Calyrex|Calyrex-Shadow, L50|100\/100\n|-ability|p1a: Calyrex|As One\n|-ability|p1a: Calyrex|Unnerve\n|turn|5\n|j| bluestraggler01\n|inactive|sliverfish01 has 30 seconds left.\n|\n|t:|1714300974\n|-terastallize|p1a: Calyrex|Fighting\n|move|p1b: Urshifu|Aqua Jet|p2b: Brute Bonnet\n|-resisted|p2b: Brute Bonnet\n|-damage|p2b: Brute Bonnet|6\/100\n|move|p2b: Brute Bonnet|Spore|p1b: Urshifu\n|-status|p1b: Urshifu|slp|[from] move: Spore\n|move|p2a: Urshifu|Wicked Blow|p1a: Calyrex\n|-resisted|p1a: Calyrex\n|-crit|p1a: Calyrex\n|-damage|p1a: Calyrex|66\/100\n|move|p1a: Calyrex|Tera Blast|p2a: Urshifu|[anim] Tera Blast Fighting\n|-supereffective|p2a: Urshifu\n|-enditem|p2a: Urshifu|Focus Sash\n|-damage|p2a: Urshifu|1\/100\n|-damage|p1a: Calyrex|56\/100|[from] item: Life Orb\n|\n|-fieldend|move: Trick Room\n|upkeep\n|turn|6\n|\n|t:|1714300998\n|move|p2a: Urshifu|Detect|p2a: Urshifu\n|-singleturn|p2a: Urshifu|Protect\n|move|p1a: Calyrex|Astral Barrage|p2b: Brute Bonnet|[spread] p2b\n|-activate|p2a: Urshifu|move: Protect\n|-resisted|p2b: Brute Bonnet\n|-damage|p2b: Brute Bonnet|0 fnt\n|faint|p2b: Brute Bonnet\n|-end|p2b: Brute Bonnet|Protosynthesis|[silent]\n|-ability|p1a: Calyrex|Grim Neigh|boost\n|-boost|p1a: Calyrex|spa|1\n|-damage|p1a: Calyrex|47\/100|[from] item: Life Orb\n|cant|p1b: Urshifu|slp\n|\n|upkeep\n|\n|t:|1714301001\n|switch|p2b: Torkoal|Torkoal, L50, M|100\/100\n|-weather|SunnyDay|[from] ability: Drought|[of] p2b: Torkoal\n|turn|7\n|\n|t:|1714301016\n|cant|p1b: Urshifu|slp\n|move|p2a: Urshifu|Sucker Punch|p1a: Calyrex\n|-resisted|p1a: Calyrex\n|-damage|p1a: Calyrex|24\/100\n|move|p1a: Calyrex|Astral Barrage|p2a: Urshifu|[spread] p2a,p2b\n|-resisted|p2a: Urshifu\n|-crit|p2b: Torkoal\n|-damage|p2a: Urshifu|0 fnt\n|-damage|p2b: Torkoal|0 fnt\n|faint|p2a: Urshifu\n|faint|p2b: Torkoal\n|-damage|p1a: Calyrex|14\/100|[from] item: Life Orb\n|\n|win|sliverfish01\n|raw|sliverfish01's rating: 1697 &rarr; <strong>1719<\/strong><br \/>(+22 for winning)\n|raw|tuanzai233's rating: 1734 &rarr; <strong>1712<\/strong><br \/>(-22 for losing)\n|l|\u2606tuanzai233\n|player|p2|\n|l|\u2606sliverfish01\n|player|p1|\n|l| bluestraggler01\n","uploadtime":1714301281,"views":151,"formatid":"gen9vgc2024regg","rating":1712,"private":0,"password":null}