{"id":"gen9vgc2024regg-2113264737","format":"[Gen 9] VGC 2024 Reg G","players":["El.surge","tuanzai233"],"log":"|j|\u2606El.surge\n|j|\u2606tuanzai233\n|t:|1714301282\n|gametype|doubles\n|player|p1|El.surge|169|1688\n|player|p2|tuanzai233|2|1723\n|teamsize|p1|6\n|teamsize|p2|6\n|gen|9\n|tier|[Gen 9] VGC 2024 Reg G\n|rated|\n|rule|Species Clause: Limit one of each Pok\u00e9mon\n|rule|Item Clause: Limit one of each item\n|clearpoke\n|poke|p1|Kyogre, L50|\n|poke|p1|Chien-Pao, L50|\n|poke|p1|Raging Bolt, L50|\n|poke|p1|Amoonguss, L50, M|\n|poke|p1|Indeedee-F, L50, F|\n|poke|p1|Iron Valiant, L50|\n|poke|p2|Indeedee-F, L50, F|\n|poke|p2|Torkoal, L50, M|\n|poke|p2|Calyrex-Ice, L50|\n|poke|p2|Annihilape, L50, M|\n|poke|p2|Urshifu-*, L50, F|\n|poke|p2|Brute Bonnet, L50|\n|teampreview|4\n|inactive|Battle timer is ON: inactive players will automatically lose when time's up. (requested by El.surge)\n|j| TuxSH\n|inactive|El.surge has 60 seconds left.\n|inactive|El.surge has 30 seconds left.\n|inactive|El.surge has 20 seconds left.\n|inactive|El.surge has 15 seconds left.\n|inactive|El.surge has 10 seconds left.\n|inactive|El.surge has 5 seconds left.\n|\n|t:|1714301387\n|start\n|switch|p1a: Kyogre|Kyogre, L50|100\/100\n|switch|p1b: Amoonguss|Amoonguss, L50, M|100\/100\n|switch|p2a: Annihilape|Annihilape, L50, M|100\/100\n|switch|p2b: Brute Bonnet|Brute Bonnet, L50, shiny|100\/100\n|-weather|RainDance|[from] ability: Drizzle|[of] p1a: Kyogre\n|turn|1\n|inactive|El.surge has 30 seconds left.\n|inactive|tuanzai233 has 30 seconds left.\n|inactive|tuanzai233 has 20 seconds left.\n|\n|t:|1714301424\n|-end|p2b: Brute Bonnet|Protosynthesis|[silent]\n|switch|p2b: Torkoal|Torkoal, L50, M|100\/100\n|-weather|SunnyDay|[from] ability: Drought|[of] p2b: Torkoal\n|move|p1a: Kyogre|Protect|p1a: Kyogre\n|-singleturn|p1a: Kyogre|Protect\n|move|p2a: Annihilape|Final Gambit|p1b: Amoonguss\n|-damage|p1b: Amoonguss|2\/100\n|faint|p2a: Annihilape\n|move|p1b: Amoonguss|Spore|p2b: Torkoal\n|-status|p2b: Torkoal|slp|[from] move: Spore\n|\n|-weather|SunnyDay|[upkeep]\n|upkeep\n|\n|t:|1714301432\n|switch|p2a: Brute Bonnet|Brute Bonnet, L50, shiny|100\/100\n|-activate|p2a: Brute Bonnet|ability: Protosynthesis\n|-start|p2a: Brute Bonnet|protosynthesisdef\n|turn|2\n|\n|t:|1714301450\n|switch|p1b: Raging Bolt|Raging Bolt, L50|100\/100\n|-activate|p1b: Raging Bolt|ability: Protosynthesis\n|-start|p1b: Raging Bolt|protosynthesisspa\n|switch|p2b: Calyrex|Calyrex-Ice, L50|100\/100\n|-ability|p2b: Calyrex|As One\n|-ability|p2b: Calyrex|Unnerve\n|-terastallize|p1a: Kyogre|Grass\n|move|p1a: Kyogre|Ice Beam|p2a: Brute Bonnet\n|-supereffective|p2a: Brute Bonnet\n|-damage|p2a: Brute Bonnet|46\/100\n|-enditem|p2a: Brute Bonnet|Sitrus Berry|[eat]\n|-heal|p2a: Brute Bonnet|71\/100|[from] item: Sitrus Berry\n|move|p2a: Brute Bonnet|Spore|p1a: Kyogre\n|-immune|p1a: Kyogre\n|\n|-weather|SunnyDay|[upkeep]\n|upkeep\n|turn|3\n|j| favouredwolf454\n|inactive|El.surge has 30 seconds left.\n|inactive|El.surge has 20 seconds left.\n|inactive|tuanzai233 has 30 seconds left.\n|inactive|El.surge has 15 seconds left.\n|inactive|El.surge has 10 seconds left.\n|\n|t:|1714301497\n|move|p1b: Raging Bolt|Protect|p1b: Raging Bolt\n|-singleturn|p1b: Raging Bolt|Protect\n|move|p2a: Brute Bonnet|Rage Powder|p2a: Brute Bonnet\n|-singleturn|p2a: Brute Bonnet|move: Rage Powder\n|move|p1a: Kyogre|Ice Beam|p2a: Brute Bonnet\n|-supereffective|p2a: Brute Bonnet\n|-damage|p2a: Brute Bonnet|23\/100\n|move|p2b: Calyrex|Glacial Lance|p1b: Raging Bolt|[spread] p1a\n|-activate|p1b: Raging Bolt|move: Protect\n|-supereffective|p1a: Kyogre\n|-damage|p1a: Kyogre|5\/100\n|\n|-weather|SunnyDay|[upkeep]\n|upkeep\n|turn|4\n|inactive|El.surge has 30 seconds left.\n|\n|t:|1714301530\n|move|p2a: Brute Bonnet|Rage Powder|p2a: Brute Bonnet\n|-singleturn|p2a: Brute Bonnet|move: Rage Powder\n|move|p1a: Kyogre|Ice Beam|p2a: Brute Bonnet\n|-supereffective|p2a: Brute Bonnet\n|-crit|p2a: Brute Bonnet\n|-damage|p2a: Brute Bonnet|0 fnt\n|faint|p2a: Brute Bonnet\n|-end|p2a: Brute Bonnet|Protosynthesis|[silent]\n|move|p1b: Raging Bolt|Draco Meteor|p2b: Calyrex\n|-damage|p2b: Calyrex|21\/100\n|-unboost|p1b: Raging Bolt|spa|2\n|-damage|p1b: Raging Bolt|91\/100|[from] item: Life Orb\n|move|p2b: Calyrex|Glacial Lance|p1b: Raging Bolt|[spread] p1a,p1b\n|-supereffective|p1a: Kyogre\n|-supereffective|p1b: Raging Bolt\n|-damage|p1a: Kyogre|0 fnt\n|-damage|p1b: Raging Bolt|0 fnt\n|faint|p1a: Kyogre\n|faint|p1b: Raging Bolt\n|-end|p1b: Raging Bolt|Protosynthesis|[silent]\n|-ability|p2b: Calyrex|Chilling Neigh|boost\n|-boost|p2b: Calyrex|atk|2\n|\n|-weather|SunnyDay|[upkeep]\n|upkeep\n|\n|t:|1714301544\n|switch|p1a: Amoonguss|Amoonguss, L50, M|35\/100\n|switch|p1b: Chien-Pao|Chien-Pao, L50|100\/100\n|switch|p2a: Torkoal|Torkoal, L50, M|100\/100 slp\n|-ability|p1b: Chien-Pao|Sword of Ruin\n|turn|5\n|j| edoreon55555\n|inactive|El.surge has 30 seconds left.\n|j| aniigematna\n|\n|t:|1714301576\n|move|p2b: Calyrex|Protect|p2b: Calyrex\n|-singleturn|p2b: Calyrex|Protect\n|move|p1b: Chien-Pao|Sacred Sword|p2b: Calyrex\n|-activate|p2b: Calyrex|move: Protect\n|move|p1a: Amoonguss|Pollen Puff|p2a: Torkoal\n|-resisted|p2a: Torkoal\n|-damage|p2a: Torkoal|89\/100 slp\n|cant|p2a: Torkoal|slp\n|\n|-weather|none\n|upkeep\n|turn|6\n|\n|t:|1714301593\n|-terastallize|p2a: Torkoal|Fire\n|move|p1a: Amoonguss|Protect|p1a: Amoonguss\n|-singleturn|p1a: Amoonguss|Protect\n|move|p1b: Chien-Pao|Sacred Sword|p2b: Calyrex\n|-damage|p2b: Calyrex|0 fnt\n|faint|p2b: Calyrex\n|cant|p2a: Torkoal|slp\n|\n|upkeep\n|turn|7\n|\n|t:|1714301615\n|move|p1a: Amoonguss|Protect||[still]\n|-fail|p1a: Amoonguss\n|move|p1b: Chien-Pao|Sacred Sword|p2a: Torkoal\n|-damage|p2a: Torkoal|59\/100 slp\n|cant|p2a: Torkoal|slp\n|\n|upkeep\n|turn|8\n|\n|t:|1714301622\n|move|p1a: Amoonguss|Protect|p1a: Amoonguss\n|-singleturn|p1a: Amoonguss|Protect\n|move|p1b: Chien-Pao|Sacred Sword|p2a: Torkoal\n|-damage|p2a: Torkoal|29\/100 slp\n|-curestatus|p2a: Torkoal|slp|[msg]\n|move|p2a: Torkoal|Eruption|p1b: Chien-Pao|[spread] p1b\n|-activate|p1a: Amoonguss|move: Protect\n|-supereffective|p1b: Chien-Pao\n|-damage|p1b: Chien-Pao|26\/100\n|\n|upkeep\n|turn|9\n|\n|t:|1714301633\n|move|p1b: Chien-Pao|Sacred Sword|p2a: Torkoal\n|-damage|p2a: Torkoal|0 fnt\n|faint|p2a: Torkoal\n|\n|win|El.surge\n|raw|El.surge's rating: 1688 &rarr; <strong>1710<\/strong><br \/>(+22 for winning)\n|raw|tuanzai233's rating: 1723 &rarr; <strong>1701<\/strong><br \/>(-22 for losing)\n|l|\u2606tuanzai233\n|player|p2|\n|l|\u2606El.surge\n|player|p1|\n|l| aniigematna\n|l| edoreon55555\n|l| favouredwolf454\n","uploadtime":1714301830,"views":82,"formatid":"gen9vgc2024regg","rating":1701,"private":0,"password":null}