{"id":"gen9vgc2024regg-2113624736","format":"[Gen 9] VGC 2024 Reg G","players":["qrich27","Dot1Q"],"log":"|j|\u2606qrich27\n|j|\u2606Dot1Q\n|t:|1714344251\n|gametype|doubles\n|player|p1|qrich27|2|1666\n|player|p2|Dot1Q|veteran|1697\n|teamsize|p1|6\n|teamsize|p2|6\n|gen|9\n|tier|[Gen 9] VGC 2024 Reg G\n|rated|\n|rule|Species Clause: Limit one of each Pok\u00e9mon\n|rule|Item Clause: Limit one of each item\n|clearpoke\n|poke|p1|Kyogre, L50|\n|poke|p1|Porygon2, L50|\n|poke|p1|Tornadus, L50, M|\n|poke|p1|Torkoal, L50, M|\n|poke|p1|Lilligant-Hisui, L50, F|\n|poke|p1|Farigiraf, L50, F|\n|poke|p2|Dragonite, L50, F|\n|poke|p2|Calyrex-Shadow, L50|\n|poke|p2|Dondozo, L50, F|\n|poke|p2|Chi-Yu, L50|\n|poke|p2|Chien-Pao, L50|\n|poke|p2|Tatsugiri-Stretchy, L50, F|\n|teampreview|4\nDot1Q has agreed to open team sheets.\n|\n|t:|1714344297\n|start\n|switch|p1a: Lilligant|Lilligant-Hisui, L50, F|100\/100\n|switch|p1b: Torkoal|Torkoal, L50, M|100\/100\n|switch|p2a: Calyrex|Calyrex-Shadow, L50|100\/100\n|switch|p2b: Chi-Yu|Chi-Yu, L50|100\/100\n|-ability|p2a: Calyrex|As One\n|-ability|p2a: Calyrex|Unnerve\n|-ability|p2b: Chi-Yu|Beads of Ruin\n|-weather|SunnyDay|[from] ability: Drought|[of] p1b: Torkoal\n|turn|1\n|\n|t:|1714344313\n|move|p1a: Lilligant|After You|p1b: Torkoal\n|-activate|p1b: Torkoal|move: After You\n|move|p1b: Torkoal|Eruption|p2a: Calyrex|[spread] p2a,p2b\n|-resisted|p2b: Chi-Yu\n|-damage|p2a: Calyrex|0 fnt\n|-damage|p2b: Chi-Yu|53\/100\n|faint|p2a: Calyrex\n|-damage|p1b: Torkoal|91\/100|[from] item: Life Orb\n|move|p2b: Chi-Yu|Heat Wave|p1a: Lilligant|[spread] p1a,p1b\n|-supereffective|p1a: Lilligant\n|-resisted|p1b: Torkoal\n|-enditem|p1a: Lilligant|Focus Sash\n|-damage|p1a: Lilligant|1\/100\n|-damage|p1b: Torkoal|31\/100\n|\n|-weather|SunnyDay|[upkeep]\n|upkeep\n|\n|t:|1714344325\n|switch|p2a: Dondozo|Dondozo, L50, F|100\/100\n|turn|2\n|\n|t:|1714344343\n|move|p2a: Dondozo|Protect|p2a: Dondozo\n|-singleturn|p2a: Dondozo|Protect\n|move|p1a: Lilligant|Close Combat|p2b: Chi-Yu\n|-supereffective|p2b: Chi-Yu\n|-damage|p2b: Chi-Yu|0 fnt\n|-unboost|p1a: Lilligant|def|1\n|-unboost|p1a: Lilligant|spd|1\n|faint|p2b: Chi-Yu\n|move|p1b: Torkoal|Earth Power|p2a: Dondozo\n|-activate|p2a: Dondozo|move: Protect\n|\n|-weather|SunnyDay|[upkeep]\n|upkeep\n|\n|t:|1714344351\n|switch|p2b: Tatsugiri|Tatsugiri-Stretchy, L50, F|100\/100\n|-activate|p2b: Tatsugiri|ability: Commander|[of] p2a: Dondozo\n|-boost|p2a: Dondozo|atk|2\n|-boost|p2a: Dondozo|spa|2\n|-boost|p2a: Dondozo|spe|2\n|-boost|p2a: Dondozo|def|2\n|-boost|p2a: Dondozo|spd|2\n|turn|3\n|\n|t:|1714344366\n|-terastallize|p2a: Dondozo|Dragon\n|move|p1b: Torkoal|Protect|p1b: Torkoal\n|-singleturn|p1b: Torkoal|Protect\n|move|p1a: Lilligant|Leaf Blade|p2a: Dondozo\n|-resisted|p2a: Dondozo\n|-damage|p2a: Dondozo|94\/100\n|move|p2a: Dondozo|Earthquake|p1a: Lilligant|[spread] p1a\n|-miss|p2a: Dondozo|p2b: Tatsugiri\n|-activate|p1b: Torkoal|move: Protect\n|-resisted|p1a: Lilligant\n|-damage|p1a: Lilligant|0 fnt\n|faint|p1a: Lilligant\n|\n|-weather|SunnyDay|[upkeep]\n|-heal|p2a: Dondozo|99\/100|[from] item: Leftovers\n|upkeep\n|\n|t:|1714344390\n|switch|p1a: Kyogre|Kyogre, L50|100\/100\n|-weather|RainDance|[from] ability: Drizzle|[of] p1a: Kyogre\n|turn|4\n|\n|t:|1714344405\n|switch|p1b: Farigiraf|Farigiraf, L50, F|100\/100\n|move|p2a: Dondozo|Earthquake|p1b: Farigiraf|[spread] p1a,p1b\n|-miss|p2a: Dondozo|p2b: Tatsugiri\n|-damage|p1a: Kyogre|59\/100\n|-damage|p1b: Farigiraf|49\/100\n|move|p1a: Kyogre|Ice Beam|p2a: Dondozo\n|-supereffective|p2a: Dondozo\n|-damage|p2a: Dondozo|35\/100\n|\n|-weather|RainDance|[upkeep]\n|-heal|p2a: Dondozo|41\/100|[from] item: Leftovers\n|upkeep\n|turn|5\n|\n|t:|1714344428\n|move|p2a: Dondozo|Earthquake|p1b: Farigiraf|[spread] p1a,p1b\n|-miss|p2a: Dondozo|p2b: Tatsugiri\n|-damage|p1a: Kyogre|17\/100\n|-damage|p1b: Farigiraf|0 fnt\n|faint|p1b: Farigiraf\n|move|p1a: Kyogre|Ice Beam|p2a: Dondozo\n|-supereffective|p2a: Dondozo\n|-damage|p2a: Dondozo|0 fnt\n|faint|p2a: Dondozo\n|\n|-weather|RainDance|[upkeep]\n|upkeep\n|\n|t:|1714344439\n|switch|p1b: Torkoal|Torkoal, L50, M|31\/100\n|-weather|SunnyDay|[from] ability: Drought|[of] p1b: Torkoal\n|turn|6\n|\n|t:|1714344449\n|-terastallize|p1a: Kyogre|Dragon\n|move|p1a: Kyogre|Ice Beam|p2b: Tatsugiri\n|-crit|p2b: Tatsugiri\n|-damage|p2b: Tatsugiri|4\/100\n|-enditem|p2b: Tatsugiri|Sitrus Berry|[eat]\n|-heal|p2b: Tatsugiri|29\/100|[from] item: Sitrus Berry\n|move|p2b: Tatsugiri|Draco Meteor|p1a: Kyogre\n|-supereffective|p1a: Kyogre\n|-damage|p1a: Kyogre|0 fnt\n|-unboost|p2b: Tatsugiri|spa|2\n|faint|p1a: Kyogre\n|move|p1b: Torkoal|Earth Power|p2b: Tatsugiri\n|-damage|p2b: Tatsugiri|0 fnt\n|faint|p2b: Tatsugiri\n|-damage|p1b: Torkoal|21\/100|[from] item: Life Orb\n|\n|win|qrich27\n|raw|qrich27's rating: 1666 &rarr; <strong>1688<\/strong><br \/>(+22 for winning)\n|raw|Dot1Q's rating: 1697 &rarr; <strong>1675<\/strong><br \/>(-22 for losing)\n|l|\u2606Dot1Q\n|player|p2|\n|l|\u2606qrich27\n|player|p1|\n","uploadtime":1714344706,"views":40,"formatid":"gen9vgc2024regg","rating":1675,"private":0,"password":null}