{"id":"gen9vgc2024regg-2113196822","format":"[Gen 9] VGC 2024 Reg G","players":["zhz2021","war3infi"],"log":"|j|\u2606zhz2021\n|j|\u2606war3infi\n|t:|1714288026\n|gametype|doubles\n|player|p1|zhz2021|marley|1661\n|player|p2|war3infi|dawn|1755\n|teamsize|p1|6\n|teamsize|p2|6\n|gen|9\n|tier|[Gen 9] VGC 2024 Reg G\n|rated|\n|rule|Species Clause: Limit one of each Pok\u00e9mon\n|rule|Item Clause: Limit one of each item\n|clearpoke\n|poke|p1|Weezing-Galar, L50, F|\n|poke|p1|Kyogre, L50|\n|poke|p1|Indeedee-F, L50, F|\n|poke|p1|Regigigas, L50|\n|poke|p1|Tornadus, L50, M|\n|poke|p1|Archaludon, L50, M|\n|poke|p2|Calyrex-Ice, L50|\n|poke|p2|Pelipper, L50, M|\n|poke|p2|Urshifu-*, L50, F|\n|poke|p2|Pikachu, L50, F|\n|poke|p2|Rillaboom, L50, M|\n|poke|p2|Farigiraf, L50, F|\n|teampreview|4\n|j| Chysialy\n|c| Chysialy|bo 3?\n|\n|t:|1714288097\n|start\n|switch|p1a: Kyogre|Kyogre, L50, shiny|100\/100\n|switch|p1b: Indeedee|Indeedee-F, L50, F, shiny|100\/100\n|switch|p2a: Pikachu|Pikachu, L50, F|100\/100\n|switch|p2b: Calyrex|Calyrex-Ice, L50|100\/100\n|-ability|p2b: Calyrex|As One\n|-ability|p2b: Calyrex|Unnerve\n|-weather|RainDance|[from] ability: Drizzle|[of] p1a: Kyogre\n|-fieldstart|move: Psychic Terrain|[from] ability: Psychic Surge|[of] p1b: Indeedee\n|turn|1\n|c|\u2606zhz2021|i never won once\n|c|\u2606zhz2021|pikachu\n|c|\u2606zhz2021|is hard to deal with\n|j| bluestraggler01\n|c| Chysialy|\u86ee\u5e72\u76ae\u5361\u4e18\n|c|\u2606zhz2021|\u592a\u96be\u6253\u4e86\n|c| Chysialy|\u4ed6\u4e0d\u4f1a\u5f00\u7a7a\u95f4\u7684\n|\n|t:|1714288139\n|-terastallize|p2b: Calyrex|Grass\n|move|p1b: Indeedee|Follow Me|p1b: Indeedee\n|-singleturn|p1b: Indeedee|move: Follow Me\n|move|p1a: Kyogre|Water Spout|p2b: Calyrex|[spread] p2a,p2b\n|-resisted|p2b: Calyrex\n|-enditem|p2a: Pikachu|Focus Sash\n|-damage|p2a: Pikachu|2\/100\n|-damage|p2b: Calyrex|68\/100\n|move|p2a: Pikachu|Endeavor|p1b: Indeedee\n|-damage|p1b: Indeedee|1\/100\n|-damage|p2a: Pikachu|0 fnt|[from] item: Rocky Helmet|[of] p1b: Indeedee\n|faint|p2a: Pikachu\n|move|p2b: Calyrex|Trick Room|p2b: Calyrex\n|-fieldstart|move: Trick Room|[of] p2b: Calyrex\n|\n|-weather|RainDance|[upkeep]\n|upkeep\n|c|\u2606zhz2021|\u4f1a\u5f00\u7684\u3002\u3002\u3002\n|\n|t:|1714288163\n|switch|p2a: Rillaboom|Rillaboom, L50, M|100\/100\n|-fieldstart|move: Grassy Terrain|[from] ability: Grassy Surge|[of] p2a: Rillaboom\n|turn|2\n|c| bluestraggler01|\u672c\u6765\u4e0d\u5f00\uff0c\u4f60\u975e\u5f97\u8bf4\u51fa\u6765\n|c| Chysialy|\u4e00\u7fa4\u6697\u96f7\u7684\u9635\u5bb9\n|\n|t:|1714288194\n|switch|p1a: Archaludon|Archaludon, L50, M, shiny|100\/100\n|move|p1b: Indeedee|Protect|p1b: Indeedee\n|-singleturn|p1b: Indeedee|Protect\n|move|p2b: Calyrex|Glacial Lance|p1a: Archaludon|[spread] p1a\n|-activate|p1b: Indeedee|move: Protect\n|-damage|p1a: Archaludon|59\/100\n|-ability|p1a: Archaludon|Stamina|boost\n|-boost|p1a: Archaludon|def|1\n|move|p2a: Rillaboom|Wood Hammer|p1a: Archaludon\n|-resisted|p1a: Archaludon\n|-damage|p1a: Archaludon|50\/100\n|-ability|p1a: Archaludon|Stamina|boost\n|-boost|p1a: Archaludon|def|1\n|-damage|p2a: Rillaboom|98\/100|[from] Recoil\n|\n|-weather|RainDance|[upkeep]\n|-heal|p2b: Calyrex|73\/100|[from] Grassy Terrain\n|-heal|p1b: Indeedee|7\/100|[from] Grassy Terrain\n|-heal|p2a: Rillaboom|100\/100|[from] Grassy Terrain\n|-heal|p1a: Archaludon|55\/100|[from] Grassy Terrain\n|upkeep\n|turn|3\n|\n|t:|1714288211\n|switch|p1b: Fallen Titan|Regigigas, L50, shiny|100\/100\n|-start|p1b: Fallen Titan|ability: Slow Start\n|move|p2b: Calyrex|Glacial Lance|p1b: Fallen Titan|[spread] p1a,p1b\n|-crit|p1b: Fallen Titan\n|-damage|p1a: Archaludon|38\/100\n|-damage|p1b: Fallen Titan|18\/100\n|-ability|p1a: Archaludon|Stamina|boost\n|-boost|p1a: Archaludon|def|1\n|move|p2a: Rillaboom|Wood Hammer|p1a: Archaludon\n|-resisted|p1a: Archaludon\n|-damage|p1a: Archaludon|33\/100\n|-ability|p1a: Archaludon|Stamina|boost\n|-boost|p1a: Archaludon|def|1\n|-damage|p2a: Rillaboom|99\/100|[from] Recoil\n|move|p1a: Archaludon|Body Press|p2b: Calyrex\n|-damage|p2b: Calyrex|21\/100\n|\n|-weather|RainDance|[upkeep]\n|-heal|p2b: Calyrex|27\/100|[from] Grassy Terrain\n|-heal|p1b: Fallen Titan|24\/100|[from] Grassy Terrain\n|-heal|p2a: Rillaboom|100\/100|[from] Grassy Terrain\n|-heal|p1a: Archaludon|39\/100|[from] Grassy Terrain\n|upkeep\n|turn|4\n|j| BlackWu\n|\n|t:|1714288245\n|move|p1b: Fallen Titan|Wide Guard|p1b: Fallen Titan\n|-singleturn|p1b: Fallen Titan|Wide Guard\n|move|p2b: Calyrex|High Horsepower|p1a: Archaludon\n|-supereffective|p1a: Archaludon\n|-damage|p1a: Archaludon|20\/100\n|-ability|p1a: Archaludon|Stamina|boost\n|-boost|p1a: Archaludon|def|1\n|move|p2a: Rillaboom|Wood Hammer|p1b: Fallen Titan\n|-damage|p1b: Fallen Titan|0 fnt\n|faint|p1b: Fallen Titan\n|-end|p1b: Fallen Titan|Slow Start|[silent]\n|-damage|p2a: Rillaboom|94\/100|[from] Recoil\n|move|p1a: Archaludon|Body Press|p2b: Calyrex\n|-damage|p2b: Calyrex|0 fnt\n|faint|p2b: Calyrex\n|\n|-weather|RainDance|[upkeep]\n|-heal|p2a: Rillaboom|99\/100|[from] Grassy Terrain\n|-heal|p1a: Archaludon|26\/100|[from] Grassy Terrain\n|upkeep\n|\n|t:|1714288255\n|switch|p2b: Pelipper|Pelipper, L50, M|100\/100\n|switch|p1b: Indeedee|Indeedee-F, L50, F, shiny|7\/100\n|-fieldstart|move: Psychic Terrain|[from] ability: Psychic Surge|[of] p1b: Indeedee\n|turn|5\n|c| Chysialy|\u6253\u9519\u4e86\n|inactive|Battle timer is ON: inactive players will automatically lose when time's up. (requested by zhz2021)\n|\n|t:|1714288302\n|move|p2b: Pelipper|Tailwind|p2b: Pelipper\n|-sidestart|p2: war3infi|move: Tailwind\n|move|p1b: Indeedee|Psychic|p2b: Pelipper\n|-damage|p2b: Pelipper|36\/100\n|move|p1a: Archaludon|Electro Shot||[still]\n|-prepare|p1a: Archaludon|Electro Shot\n|-boost|p1a: Archaludon|spa|1\n|-anim|p1a: Archaludon|Electro Shot|p2b: Pelipper\n|-supereffective|p2b: Pelipper\n|-damage|p2b: Pelipper|0 fnt\n|faint|p2b: Pelipper\n|move|p2a: Rillaboom|Wood Hammer|p1a: Archaludon\n|-resisted|p1a: Archaludon\n|-damage|p1a: Archaludon|22\/100\n|-ability|p1a: Archaludon|Stamina|boost\n|-boost|p1a: Archaludon|def|1\n|-damage|p2a: Rillaboom|99\/100|[from] Recoil\n|\n|-weather|none\n|-fieldend|move: Trick Room\n|upkeep\n|turn|6\n|-message|war3infi forfeited.\n|\n|win|zhz2021\n|raw|zhz2021's rating: 1661 &rarr; <strong>1686<\/strong><br \/>(+25 for winning)\n|raw|war3infi's rating: 1755 &rarr; <strong>1730<\/strong><br \/>(-25 for losing)\n|c| Chysialy|\u7ed3\u675f\n|l|\u2606war3infi\n|player|p2|\n|c|\u2606zhz2021|\u7ec8\u4e8e\u8d62\u4e86\u4e00\u5c40\n|l| bluestraggler01\n|c| Chysialy|\u96e8\u5929\u6253\u767d\u9a6c\u672c\u6765\u5c31\u662f\u6253\u4ed4\u5427\n|c| Chysialy|\u5bf9\u9762\u8fd9\u9635\u5bb9\u5168\u662f\u6697\u96f7\uff0c\u6076\u5fc3\n|j| bluestraggler01\n|c|\u2606zhz2021|\u800c\u4e14\u77e5\u9053\u86ee\u5e72\u540e\n|c|\u2606zhz2021|\u4e0d\u6562\u6253\u4e86\n|c| Chysialy|\u86ee\u5e72\u76ae\u5361\u4e18\uff0c\u592a\u6676\u9b3c\u6b66\u9053\u5f62\u5f0f\n|c|\u2606zhz2021|\u4e0d\u77e5\u9053\u4f1a\u70b9\u54ea\u8fb9\n|l| bluestraggler01\n|c| Chysialy|\u6211\u611f\u89c9\u4f60\u6700\u540e\u6740\u7329\u7329\u6bd4\u8f83\u597d\n|c|\u2606zhz2021|\u7329\u7329\u6253\u4e0d\u52a8\u4e86\u5e94\u8be5\n|c|\u2606zhz2021|\u7279\u653b\u5927\u5634\u6b27\u6bd4\u8f83\u6015\n|c| Chysialy|\u6740\u4e86\u6ca1\u7a7a\u95f4\u987a\u98ce\n","uploadtime":1714288454,"views":112,"formatid":"gen9vgc2024regg","rating":1686,"private":0,"password":null}