{"id":"gen9vgc2024regg-2114712312","format":"[Gen 9] VGC 2024 Reg G","players":["Atrix MJ","biei2012-2022"],"log":"|j|\u2606Atrix MJ\n|j|\u2606biei2012-2022\n|t:|1714477921\n|gametype|doubles\n|player|p1|Atrix MJ|miku-fire|1712\n|player|p2|biei2012-2022|lillie-z|1674\n|teamsize|p1|6\n|teamsize|p2|6\n|gen|9\n|tier|[Gen 9] VGC 2024 Reg G\n|rated|\n|rule|Species Clause: Limit one of each Pok\u00e9mon\n|rule|Item Clause: Limit one of each item\n|clearpoke\n|poke|p1|Urshifu-*, L50, M|\n|poke|p1|Incineroar, L50, M|\n|poke|p1|Ogerpon-Wellspring, L50, F|\n|poke|p1|Farigiraf, L50, M|\n|poke|p1|Miraidon, L50|\n|poke|p1|Ninetales-Alola, L50, M|\n|poke|p2|Gloom, L50, F|\n|poke|p2|Armarouge, L50, F|\n|poke|p2|Indeedee-F, L50, F|\n|poke|p2|Dewgong, L50, M|\n|poke|p2|Ting-Lu, L50|\n|poke|p2|Lunala, L50|\n|teampreview|4\n|inactive|Battle timer is ON: inactive players will automatically lose when time's up. (requested by biei2012-2022)\n|c|\u2606biei2012-2022|glhf\n|c|\u2606Atrix MJ|Youre REAL????\n|c|\u2606Atrix MJ|GLHF\nAtrix MJ has agreed to open team sheets.\n|c|\u2606biei2012-2022|?????\n|inactive|Atrix MJ has 60 seconds left.\n|c|\u2606biei2012-2022|why not ?\n|\n|t:|1714477983\n|start\n|switch|p1a: Urshifu|Urshifu, L50, M|100\/100\n|switch|p1b: Ninetales|Ninetales-Alola, L50, M|100\/100\n|switch|p2a: Dewgong|Dewgong, L50, M|100\/100\n|switch|p2b: Armarouge|Armarouge, L50, F|100\/100\n|-weather|Snow|[from] ability: Snow Warning|[of] p1b: Ninetales\n|turn|1\n|inactive|Atrix MJ has 30 seconds left.\n|\n|t:|1714478014\n|-terastallize|p2b: Armarouge|Fire\n|move|p2a: Dewgong|Fake Out|p1a: Urshifu\n|-damage|p1a: Urshifu|95\/100\n|move|p1b: Ninetales|Aurora Veil|p1b: Ninetales\n|-sidestart|p1: Atrix MJ|move: Aurora Veil\n|cant|p1a: Urshifu|flinch\n|move|p2b: Armarouge|Heat Wave|p1b: Ninetales|[spread] p1a,p1b\n|-supereffective|p1b: Ninetales\n|-damage|p1a: Urshifu|45\/100\n|-damage|p1b: Ninetales|20\/100\n|\n|-weather|Snow|[upkeep]\n|upkeep\n|turn|2\n|inactive|Atrix MJ has 30 seconds left.\n|inactive|Atrix MJ has 20 seconds left.\n|inactive|Atrix MJ has 15 seconds left.\n|inactive|Atrix MJ has 10 seconds left.\n|inactive|Atrix MJ has 5 seconds left.\n|\n|t:|1714478067\n|move|p2a: Dewgong|Aqua Jet|p2b: Armarouge\n|-supereffective|p2b: Armarouge\n|-damage|p2b: Armarouge|82\/100\n|-ability|p2b: Armarouge|Weak Armor|boost\n|-unboost|p2b: Armarouge|def|1\n|-boost|p2b: Armarouge|spe|2\n|-enditem|p2b: Armarouge|Weakness Policy\n|-boost|p2b: Armarouge|atk|2|[from] item: Weakness Policy\n|-boost|p2b: Armarouge|spa|2|[from] item: Weakness Policy\n|move|p2b: Armarouge|Heat Wave|p1b: Ninetales|[spread] p1a,p1b\n|-supereffective|p1b: Ninetales\n|-damage|p1a: Urshifu|0 fnt\n|-damage|p1b: Ninetales|0 fnt\n|faint|p1a: Urshifu\n|faint|p1b: Ninetales\n|\n|-weather|Snow|[upkeep]\n|upkeep\n|\n|t:|1714478071\n|switch|p1b: Ogerpon|Ogerpon-Wellspring, L50, F|100\/100\n|switch|p1a: Miraidon|Miraidon, L50|100\/100\n|-fieldstart|move: Electric Terrain|[from] ability: Hadron Engine|[of] p1a: Miraidon\n|turn|3\n|\n|t:|1714478078\n|-terastallize|p1b: Ogerpon|Water\n|detailschange|p1b: Ogerpon|Ogerpon-Wellspring-Tera, L50, F, tera:Water\n|-ability|p1b: Ogerpon|Embody Aspect (Wellspring)|boost\n|-boost|p1b: Ogerpon|spd|1\n|move|p2b: Armarouge|Endure|p2b: Armarouge\n|-singleturn|p2b: Armarouge|move: Endure\n|move|p1a: Miraidon|Electro Drift|p2a: Dewgong\n|-supereffective|p2a: Dewgong\n|-damage|p2a: Dewgong|0 fnt\n|faint|p2a: Dewgong\n|move|p1b: Ogerpon|Ivy Cudgel|p2b: Armarouge|[anim] Ivy Cudgel Water\n|-supereffective|p2b: Armarouge\n|-activate|p2b: Armarouge|move: Endure\n|-damage|p2b: Armarouge|1\/100\n|-ability|p2b: Armarouge|Weak Armor|boost\n|-unboost|p2b: Armarouge|def|1\n|-boost|p2b: Armarouge|spe|2\n|\n|-weather|Snow|[upkeep]\n|upkeep\n|\n|t:|1714478081\n|switch|p2a: Indeedee|Indeedee-F, L50, F|100\/100\n|-fieldstart|move: Psychic Terrain|[from] ability: Psychic Surge|[of] p2a: Indeedee\n|turn|4\n|\n|t:|1714478095\n|move|p2a: Indeedee|Follow Me|p2a: Indeedee\n|-singleturn|p2a: Indeedee|move: Follow Me\n|move|p2b: Armarouge|Stored Power|p1a: Miraidon\n|-damage|p1a: Miraidon|0 fnt\n|faint|p1a: Miraidon\n|move|p1b: Ogerpon|Ivy Cudgel|p2a: Indeedee|[anim] Ivy Cudgel Water\n|-crit|p2a: Indeedee\n|-damage|p2a: Indeedee|0 fnt\n|faint|p2a: Indeedee\n|\n|-weather|Snow|[upkeep]\n|upkeep\n|\n|t:|1714478097\n|switch|p2a: Lunala|Lunala, L50|100\/100\n|turn|5\n|\n|t:|1714478102\n|move|p2b: Armarouge|Stored Power|p1b: Ogerpon\n|-damage|p1b: Ogerpon|0 fnt\n|faint|p1b: Ogerpon\n|\n|win|biei2012-2022\n|raw|Atrix MJ's rating: 1712 &rarr; <strong>1690<\/strong><br \/>(-22 for losing)\n|raw|biei2012-2022's rating: 1674 &rarr; <strong>1696<\/strong><br \/>(+22 for winning)\n|c|\u2606biei2012-2022|gg\n|c|\u2606biei2012-2022|have fun\n","uploadtime":1714478111,"views":409,"formatid":"gen9vgc2024regg","rating":1690,"private":0,"password":null}