{"id":"gen9vgc2024regg-2114482761","format":"[Gen 9] VGC 2024 Reg G","players":["lelouchswag","Tempest brute"],"log":"|j|\u2606lelouchswag\n|j|\u2606Tempest brute\n|t:|1714443614\n|gametype|doubles\n|player|p1|lelouchswag|265|1705\n|player|p2|Tempest brute|266|1659\n|teamsize|p1|6\n|teamsize|p2|5\n|gen|9\n|tier|[Gen 9] VGC 2024 Reg G\n|rated|\n|rule|Species Clause: Limit one of each Pok\u00e9mon\n|rule|Item Clause: Limit one of each item\n|clearpoke\n|poke|p1|Mienshao, L50, M|\n|poke|p1|Calyrex-Ice, L50|\n|poke|p1|Torkoal, L50, F|\n|poke|p1|Pincurchin, L50, F|\n|poke|p1|Farigiraf, L50, F|\n|poke|p1|Ogerpon-Cornerstone, L50, F|\n|poke|p2|Lunala, L50|\n|poke|p2|Roaring Moon, L50|\n|poke|p2|Entei, L50|\n|poke|p2|Ogerpon-Wellspring, L50, F|\n|poke|p2|Iron Hands, L50|\n|teampreview|4\n|j| AdenVGC\n|j| Gmaybe\n|l| Gmaybe\n|\n|t:|1714443646\n|start\n|switch|p1a: Ogerpon|Ogerpon-Cornerstone, L50, F|100\/100\n|switch|p1b: Calyrex|Calyrex-Ice, L50|100\/100\n|switch|p2a: Lunala|Lunala, L50|100\/100\n|switch|p2b: Iron Hands|Iron Hands, L50|100\/100\n|-ability|p1b: Calyrex|As One\n|-ability|p1b: Calyrex|Unnerve\n|turn|1\n|inactive|Battle timer is ON: inactive players will automatically lose when time's up. (requested by lelouchswag)\n|\n|t:|1714443655\n|move|p1b: Calyrex|Protect|p1b: Calyrex\n|-singleturn|p1b: Calyrex|Protect\n|move|p1a: Ogerpon|Taunt|p2a: Lunala\n|-start|p2a: Lunala|move: Taunt\n|cant|p2a: Lunala|move: Taunt|Will-O-Wisp\n|move|p2b: Iron Hands|Drain Punch|p1a: Ogerpon\n|-supereffective|p1a: Ogerpon\n|-damage|p1a: Ogerpon|8\/100\n|\n|upkeep\n|turn|2\n|\n|t:|1714443661\n|move|p1a: Ogerpon|Ivy Cudgel|p2a: Lunala|[anim] Ivy Cudgel Rock\n|-damage|p2a: Lunala|81\/100\n|move|p2a: Lunala|Moongeist Beam|p1a: Ogerpon\n|-damage|p1a: Ogerpon|0 fnt\n|faint|p1a: Ogerpon\n|move|p2b: Iron Hands|Whirlwind|p1b: Calyrex\n|drag|p1b: Farigiraf|Farigiraf, L50, F|100\/100\n|\n|-heal|p2a: Lunala|87\/100|[from] item: Leftovers\n|upkeep\n|\n|t:|1714443669\n|switch|p1a: Calyrex|Calyrex-Ice, L50|100\/100\n|-ability|p1a: Calyrex|As One\n|-ability|p1a: Calyrex|Unnerve\n|turn|3\n|j| ofbo\n|j| Congwuyu\n|\n|t:|1714443685\n|-terastallize|p1a: Calyrex|Water\n|move|p2a: Lunala|Moongeist Beam|p1a: Calyrex\n|-damage|p1a: Calyrex|67\/100\n|move|p1a: Calyrex|Glacial Lance|p2b: Iron Hands|[spread] p2a,p2b\n|-damage|p2a: Lunala|47\/100\n|-damage|p2b: Iron Hands|66\/100\n|move|p2b: Iron Hands|Whirlwind|p1b: Farigiraf\n|drag|p1b: Torkoal|Torkoal, L50, F|100\/100\n|-weather|SunnyDay|[from] ability: Drought|[of] p1b: Torkoal\n|\n|-weather|SunnyDay|[upkeep]\n|-heal|p2a: Lunala|53\/100|[from] item: Leftovers\n|-end|p2a: Lunala|move: Taunt\n|upkeep\n|turn|4\n|j| neebieplayersea\n|\n|t:|1714443702\n|-terastallize|p2a: Lunala|Water\n|move|p2a: Lunala|Moonlight|p2a: Lunala\n|-heal|p2a: Lunala|100\/100\n|move|p2b: Iron Hands|Wild Charge|p1b: Torkoal\n|-damage|p1b: Torkoal|71\/100\n|-damage|p2b: Iron Hands|61\/100|[from] Recoil\n|move|p1b: Torkoal|Heat Wave|p2a: Lunala|[spread] p2a,p2b\n|-resisted|p2a: Lunala\n|-damage|p2a: Lunala|91\/100\n|-damage|p2b: Iron Hands|14\/100\n|-status|p2b: Iron Hands|brn\n|move|p1a: Calyrex|Trick Room|p1a: Calyrex\n|-fieldstart|move: Trick Room|[of] p1a: Calyrex\n|\n|-weather|SunnyDay|[upkeep]\n|-heal|p2a: Lunala|98\/100|[from] item: Leftovers\n|-damage|p2b: Iron Hands|8\/100 brn|[from] brn\n|upkeep\n|turn|5\n|\n|t:|1714443709\n|move|p1b: Torkoal|Heat Wave|p2b: Iron Hands|[spread] p2a,p2b\n|-resisted|p2a: Lunala\n|-damage|p2a: Lunala|79\/100\n|-damage|p2b: Iron Hands|0 fnt\n|faint|p2b: Iron Hands\n|-end|p2b: Iron Hands|Quark Drive|[silent]\n|move|p1a: Calyrex|Glacial Lance|p2a: Lunala\n|-resisted|p2a: Lunala\n|-damage|p2a: Lunala|51\/100\n|move|p2a: Lunala|Will-O-Wisp|p1a: Calyrex\n|-status|p1a: Calyrex|brn\n|\n|-weather|SunnyDay|[upkeep]\n|-heal|p2a: Lunala|57\/100|[from] item: Leftovers\n|-damage|p1a: Calyrex|61\/100 brn|[from] brn\n|upkeep\n|\n|t:|1714443712\n|switch|p2b: Ogerpon|Ogerpon-Wellspring, L50, F|100\/100\n|turn|6\n|\n|t:|1714443715\n|move|p2b: Ogerpon|Spiky Shield|p2b: Ogerpon\n|-singleturn|p2b: Ogerpon|move: Protect\n|move|p1b: Torkoal|Heat Wave|p2b: Ogerpon|[spread] p2a\n|-activate|p2b: Ogerpon|move: Protect\n|-resisted|p2a: Lunala\n|-damage|p2a: Lunala|37\/100\n|move|p1a: Calyrex|Glacial Lance|p2a: Lunala|[spread] p2a\n|-activate|p2b: Ogerpon|move: Protect\n|-resisted|p2a: Lunala\n|-damage|p2a: Lunala|25\/100\n|move|p2a: Lunala|Moonlight|p2a: Lunala\n|-heal|p2a: Lunala|92\/100\n|\n|-weather|SunnyDay|[upkeep]\n|-heal|p2a: Lunala|98\/100|[from] item: Leftovers\n|-damage|p1a: Calyrex|55\/100 brn|[from] brn\n|upkeep\n|turn|7\n|j| Gmaybe\n|inactive|Tempest brute has 30 seconds left.\n|\n|t:|1714443750\n|move|p1b: Torkoal|Heat Wave|p2b: Ogerpon|[spread] p2a,p2b\n|-resisted|p2a: Lunala\n|-damage|p2a: Lunala|79\/100\n|-damage|p2b: Ogerpon|42\/100\n|move|p1a: Calyrex|Glacial Lance|p2a: Lunala|[spread] p2a,p2b\n|-resisted|p2a: Lunala\n|-damage|p2a: Lunala|70\/100\n|-damage|p2b: Ogerpon|8\/100\n|move|p2a: Lunala|Moongeist Beam|p1b: Torkoal\n|-damage|p1b: Torkoal|8\/100\n|move|p2b: Ogerpon|Horn Leech|p1a: Calyrex\n|-supereffective|p1a: Calyrex\n|-damage|p1a: Calyrex|8\/100 brn\n|-heal|p2b: Ogerpon|35\/100|[from] drain|[of] p1a: Calyrex\n|\n|-weather|none\n|-heal|p2a: Lunala|76\/100|[from] item: Leftovers\n|-damage|p1a: Calyrex|2\/100 brn|[from] brn\n|upkeep\n|turn|8\n|\n|t:|1714443759\n|switch|p1b: Farigiraf|Farigiraf, L50, F|100\/100\n|move|p2a: Lunala|Protect|p2a: Lunala\n|-singleturn|p2a: Lunala|Protect\n|move|p2b: Ogerpon|Spiky Shield|p2b: Ogerpon\n|-singleturn|p2b: Ogerpon|move: Protect\n|move|p1a: Calyrex|Glacial Lance|p2a: Lunala|[spread] \n|-activate|p2a: Lunala|move: Protect\n|-activate|p2b: Ogerpon|move: Protect\n|\n|-heal|p2a: Lunala|82\/100|[from] item: Leftovers\n|-damage|p1a: Calyrex|0 fnt|[from] brn\n|faint|p1a: Calyrex\n|-fieldend|move: Trick Room\n|upkeep\n|\n|t:|1714443764\n|switch|p1a: Torkoal|Torkoal, L50, F|8\/100\n|-weather|SunnyDay|[from] ability: Drought|[of] p1a: Torkoal\n|turn|9\n|-message|lelouchswag forfeited.\n|\n|win|Tempest brute\n|raw|lelouchswag's rating: 1705 &rarr; <strong>1682<\/strong><br \/>(-23 for losing)\n|raw|Tempest brute's rating: 1659 &rarr; <strong>1682<\/strong><br \/>(+23 for winning)\n|l|\u2606lelouchswag\n|player|p1|\n|l| neebieplayersea\n|l| AdenVGC\n|l| Congwuyu\n|l|\u2606Tempest brute\n|player|p2|\n|l| Gmaybe\n","uploadtime":1714444023,"views":37,"formatid":"gen9vgc2024regg","rating":1682,"private":0,"password":null}