{"id":"gen9vgc2024regg-2114533470","format":"[Gen 9] VGC 2024 Reg G","players":["tuanzai233","sliverfish01"],"log":"|j|\u2606tuanzai233\n|j|\u2606sliverfish01\n|t:|1714450061\n|gametype|doubles\n|player|p1|tuanzai233|265|1717\n|player|p2|sliverfish01|170|1655\n|teamsize|p1|6\n|teamsize|p2|6\n|gen|9\n|tier|[Gen 9] VGC 2024 Reg G\n|rated|\n|rule|Species Clause: Limit one of each Pok\u00e9mon\n|rule|Item Clause: Limit one of each item\n|clearpoke\n|poke|p1|Indeedee-F, L50, F|\n|poke|p1|Torkoal, L50, M|\n|poke|p1|Calyrex-Ice, L50|\n|poke|p1|Annihilape, L50, M|\n|poke|p1|Urshifu-*, L50, F|\n|poke|p1|Brute Bonnet, L50|\n|poke|p2|Calyrex-Shadow, L50|\n|poke|p2|Indeedee-F, L50, F|\n|poke|p2|Urshifu-*, L50, M|\n|poke|p2|Chi-Yu, L50|\n|poke|p2|Mienshao, L50, F|\n|poke|p2|Tornadus, L50, M|\n|teampreview|4\n|j| TyL8\n|inactive|Battle timer is ON: inactive players will automatically lose when time's up. (requested by tuanzai233)\n|\n|t:|1714450105\n|start\n|switch|p1a: Calyrex|Calyrex-Ice, L50|100\/100\n|switch|p1b: Brute Bonnet|Brute Bonnet, L50, shiny|100\/100\n|switch|p2a: Indeedee|Indeedee-F, L50, F|100\/100\n|switch|p2b: Calyrex|Calyrex-Shadow, L50|100\/100\n|-ability|p2b: Calyrex|As One\n|-ability|p2b: Calyrex|Unnerve\n|-ability|p1a: Calyrex|As One\n|-ability|p1a: Calyrex|Unnerve\n|-fieldstart|move: Psychic Terrain|[from] ability: Psychic Surge|[of] p2a: Indeedee\n|turn|1\n|inactive|sliverfish01 has 30 seconds left.\n|\n|t:|1714450132\n|-terastallize|p2b: Calyrex|Fighting\n|move|p2a: Indeedee|Helping Hand|p2b: Calyrex\n|-singleturn|p2b: Calyrex|Helping Hand|[of] p2a: Indeedee\n|move|p1a: Calyrex|Protect|p1a: Calyrex\n|-singleturn|p1a: Calyrex|Protect\n|move|p2b: Calyrex|Tera Blast|p1b: Brute Bonnet|[anim] Tera Blast Fighting\n|-supereffective|p1b: Brute Bonnet\n|-damage|p1b: Brute Bonnet|0 fnt\n|faint|p1b: Brute Bonnet\n|-end|p1b: Brute Bonnet|Protosynthesis|[silent]\n|-ability|p2b: Calyrex|Grim Neigh|boost\n|-boost|p2b: Calyrex|spa|1\n|-damage|p2b: Calyrex|91\/100|[from] item: Life Orb\n|\n|upkeep\n|\n|t:|1714450143\n|switch|p1b: Urshifu|Urshifu, L50, F|100\/100\n|turn|2\n|\n|t:|1714450155\n|-terastallize|p1a: Calyrex|Fire\n|move|p2a: Indeedee|Helping Hand|p2b: Calyrex\n|-singleturn|p2b: Calyrex|Helping Hand|[of] p2a: Indeedee\n|move|p1b: Urshifu|Detect|p1b: Urshifu\n|-singleturn|p1b: Urshifu|Protect\n|move|p2b: Calyrex|Astral Barrage|p1a: Calyrex|[spread] p1a\n|-activate|p1b: Urshifu|move: Protect\n|-damage|p1a: Calyrex|1\/100\n|-damage|p2b: Calyrex|81\/100|[from] item: Life Orb\n|move|p1a: Calyrex|Trick Room|p1a: Calyrex\n|-fieldstart|move: Trick Room|[of] p1a: Calyrex\n|\n|upkeep\n|turn|3\n|inactive|sliverfish01 has 30 seconds left.\n|\n|t:|1714450184\n|move|p2a: Indeedee|Follow Me|p2a: Indeedee\n|-singleturn|p2a: Indeedee|move: Follow Me\n|move|p1a: Calyrex|Glacial Lance|p2a: Indeedee|[spread] p2a,p2b\n|-damage|p2a: Indeedee|46\/100\n|-damage|p2b: Calyrex|18\/100\n|move|p1b: Urshifu|Wicked Blow|p2a: Indeedee\n|-supereffective|p2a: Indeedee\n|-crit|p2a: Indeedee\n|-damage|p2a: Indeedee|0 fnt\n|faint|p2a: Indeedee\n|move|p2b: Calyrex|Astral Barrage|p1b: Urshifu|[spread] p1a,p1b\n|-resisted|p1b: Urshifu\n|-damage|p1a: Calyrex|0 fnt\n|-damage|p1b: Urshifu|28\/100\n|faint|p1a: Calyrex\n|-ability|p2b: Calyrex|Grim Neigh|boost\n|-boost|p2b: Calyrex|spa|1\n|-damage|p2b: Calyrex|8\/100|[from] item: Life Orb\n|\n|upkeep\n|\n|t:|1714450191\n|switch|p1a: Torkoal|Torkoal, L50, M|100\/100\n|switch|p2a: Mienshao|Mienshao, L50, F|100\/100\n|-weather|SunnyDay|[from] ability: Drought|[of] p1a: Torkoal\n|turn|4\n|\n|t:|1714450201\n|move|p2b: Calyrex|Protect|p2b: Calyrex\n|-singleturn|p2b: Calyrex|Protect\n|move|p1a: Torkoal|Weather Ball|p2b: Calyrex\n|-activate|p2b: Calyrex|move: Protect\n|move|p1b: Urshifu|Wicked Blow|p2a: Mienshao\n|-resisted|p2a: Mienshao\n|-crit|p2a: Mienshao\n|-damage|p2a: Mienshao|39\/100\n|move|p2a: Mienshao|Close Combat|p1b: Urshifu\n|-supereffective|p1b: Urshifu\n|-damage|p1b: Urshifu|0 fnt\n|-unboost|p2a: Mienshao|def|1\n|-unboost|p2a: Mienshao|spd|1\n|faint|p1b: Urshifu\n|\n|-weather|SunnyDay|[upkeep]\n|upkeep\n|turn|5\n|\n|t:|1714450219\n|move|p1a: Torkoal|Weather Ball|p2b: Calyrex\n|-damage|p2b: Calyrex|0 fnt\n|faint|p2b: Calyrex\n|move|p2a: Mienshao|Close Combat|p1a: Torkoal\n|-damage|p1a: Torkoal|56\/100\n|-unboost|p2a: Mienshao|def|1\n|-unboost|p2a: Mienshao|spd|1\n|\n|-weather|SunnyDay|[upkeep]\n|-fieldend|move: Psychic Terrain\n|upkeep\n|\n|t:|1714450222\n|switch|p2b: Chi-Yu|Chi-Yu, L50|100\/100\n|-ability|p2b: Chi-Yu|Beads of Ruin\n|turn|6\n|j| tester66432\n|-message|tuanzai233 forfeited.\n|\n|win|sliverfish01\n|raw|tuanzai233's rating: 1717 &rarr; <strong>1693<\/strong><br \/>(-24 for losing)\n|raw|sliverfish01's rating: 1655 &rarr; <strong>1679<\/strong><br \/>(+24 for winning)\n|l|\u2606tuanzai233\n|player|p1|\n|l|\u2606sliverfish01\n|player|p2|\n|l| TyL8\n","uploadtime":1714450326,"views":41,"formatid":"gen9vgc2024regg","rating":1679,"private":0,"password":null}