{"id":"gen9vgc2024regg-2114797383","format":"[Gen 9] VGC 2024 Reg G","players":["Lil Tic","gossifleur23"],"log":"|j|\u2606Lil Tic\n|j|\u2606gossifleur23\n|t:|1714486660\n|gametype|doubles\n|player|p1|Lil Tic|ninjaboy|1676\n|player|p2|gossifleur23|lisia|1709\n|teamsize|p1|6\n|teamsize|p2|6\n|gen|9\n|tier|[Gen 9] VGC 2024 Reg G\n|rated|\n|rule|Species Clause: Limit one of each Pok\u00e9mon\n|rule|Item Clause: Limit one of each item\n|clearpoke\n|poke|p1|Zamazenta-*, L50|\n|poke|p1|Incineroar, L50, M|\n|poke|p1|Sinistcha, L50|\n|poke|p1|Tyranitar, L50, M|\n|poke|p1|Gastrodon, L50, F|\n|poke|p1|Grimmsnarl, L50, M|\n|poke|p2|Whimsicott, L50, M|\n|poke|p2|Miraidon, L50|\n|poke|p2|Chi-Yu, L50|\n|poke|p2|Flutter Mane, L50|\n|poke|p2|Ogerpon-Wellspring, L50, F|\n|poke|p2|Regidrago, L50|\n|teampreview|4\n|j| Conquistatore\n|j| hhxh\u955c\u82b1\u6c34\u6708\n|\n|t:|1714486702\n|start\n|switch|p1a: Grimmsnarl|Grimmsnarl, L50, M, shiny|100\/100\n|switch|p1b: Tyranitar|Tyranitar, L50, M|100\/100\n|switch|p2a: Chi-Yu|Chi-Yu, L50|100\/100\n|switch|p2b: Flutter Mane|Flutter Mane, L50|100\/100\n|-ability|p2a: Chi-Yu|Beads of Ruin\n|-weather|Sandstorm|[from] ability: Sand Stream|[of] p1b: Tyranitar\n|turn|1\n|j| saferg16\n|\n|t:|1714486710\n|move|p1a: Grimmsnarl|Light Screen|p1a: Grimmsnarl\n|-sidestart|p1: Lil Tic|move: Light Screen\n|move|p2a: Chi-Yu|Heat Wave|p1a: Grimmsnarl|[spread] p1a,p1b\n|-resisted|p1b: Tyranitar\n|-damage|p1a: Grimmsnarl|69\/100\n|-damage|p1b: Tyranitar|94\/100\n|move|p2b: Flutter Mane|Dazzling Gleam|p1a: Grimmsnarl|[spread] p1a,p1b\n|-supereffective|p1a: Grimmsnarl\n|-supereffective|p1b: Tyranitar\n|-damage|p1a: Grimmsnarl|0 fnt\n|-damage|p1b: Tyranitar|61\/100\n|faint|p1a: Grimmsnarl\n|move|p1b: Tyranitar|Rock Slide|p2a: Chi-Yu|[spread] p2a,p2b\n|-supereffective|p2a: Chi-Yu\n|-damage|p2a: Chi-Yu|0 fnt\n|-damage|p2b: Flutter Mane|24\/100\n|faint|p2a: Chi-Yu\n|\n|-weather|Sandstorm|[upkeep]\n|-damage|p2b: Flutter Mane|18\/100|[from] Sandstorm\n|upkeep\n|\n|t:|1714486726\n|switch|p2a: Miraidon|Miraidon, L50|100\/100\n|switch|p1a: Zamazenta|Zamazenta-Crowned, L50|100\/100\n|-fieldstart|move: Electric Terrain|[from] ability: Hadron Engine|[of] p2a: Miraidon\n|-ability|p1a: Zamazenta|Dauntless Shield|boost\n|-boost|p1a: Zamazenta|def|1\n|turn|2\n|\n|t:|1714486734\n|move|p2a: Miraidon|Electro Drift|p1b: Tyranitar\n|-damage|p1b: Tyranitar|29\/100\n|-damage|p2a: Miraidon|91\/100|[from] item: Life Orb\n|move|p2b: Flutter Mane|Dazzling Gleam|p1b: Tyranitar|[spread] p1a,p1b\n|-supereffective|p1b: Tyranitar\n|-damage|p1a: Zamazenta|81\/100\n|-damage|p1b: Tyranitar|5\/100\n|move|p1a: Zamazenta|Body Press|p2a: Miraidon\n|-damage|p2a: Miraidon|30\/100\n|move|p1b: Tyranitar|Rock Slide|p2b: Flutter Mane|[spread] p2a,p2b\n|-damage|p2a: Miraidon|0 fnt\n|-damage|p2b: Flutter Mane|0 fnt\n|faint|p2a: Miraidon\n|faint|p2b: Flutter Mane\n|-end|p2b: Flutter Mane|Protosynthesis|[silent]\n|\n|-weather|Sandstorm|[upkeep]\n|upkeep\n|j| Rabbithorn01\n|j| CromoScope3\n|\n|t:|1714486741\n|switch|p2b: Ogerpon|Ogerpon-Wellspring, L50, F|100\/100\n|turn|3\n|\n|t:|1714486757\n|switch|p1b: Incineroar|Incineroar, L50, M|100\/100\n|-ability|p1b: Incineroar|Intimidate|boost\n|-unboost|p2b: Ogerpon|atk|1\n|-terastallize|p2b: Ogerpon|Water\n|detailschange|p2b: Ogerpon|Ogerpon-Wellspring-Tera, L50, F, tera:Water\n|-ability|p2b: Ogerpon|Embody Aspect (Wellspring)|boost\n|-boost|p2b: Ogerpon|spd|1\n|move|p1a: Zamazenta|Iron Defense|p1a: Zamazenta\n|-boost|p1a: Zamazenta|def|2\n|move|p2b: Ogerpon|Ivy Cudgel|p1a: Zamazenta|[anim] Ivy Cudgel Water\n|-crit|p1a: Zamazenta\n|-damage|p1a: Zamazenta|10\/100\n|\n|-weather|Sandstorm|[upkeep]\n|-damage|p2b: Ogerpon|95\/100|[from] Sandstorm\n|upkeep\n|turn|4\n|\n|t:|1714486768\n|move|p2b: Ogerpon|Spiky Shield|p2b: Ogerpon\n|-singleturn|p2b: Ogerpon|move: Protect\n|move|p1b: Incineroar|Fake Out|p2b: Ogerpon\n|-activate|p2b: Ogerpon|move: Protect\n|-damage|p1b: Incineroar|88\/100|[from] Spiky Shield|[of] p2b: Ogerpon\n|move|p1a: Zamazenta|Iron Defense|p1a: Zamazenta\n|-boost|p1a: Zamazenta|def|2\n|\n|-weather|Sandstorm|[upkeep]\n|-damage|p2b: Ogerpon|89\/100|[from] Sandstorm\n|upkeep\n|turn|5\n|\n|t:|1714486776\n|move|p1a: Zamazenta|Body Press|p2b: Ogerpon\n|-damage|p2b: Ogerpon|0 fnt\n|faint|p2b: Ogerpon\n|\n|win|Lil Tic\n|raw|Lil Tic's rating: 1676 &rarr; <strong>1698<\/strong><br \/>(+22 for winning)\n|raw|gossifleur23's rating: 1709 &rarr; <strong>1687<\/strong><br \/>(-22 for losing)\n|l|\u2606gossifleur23\n|player|p2|\n|l|\u2606Lil Tic\n|player|p1|\n|l| Conquistatore\n|l| CromoScope3\n","uploadtime":1714486791,"views":46,"formatid":"gen9vgc2024regg","rating":1687,"private":0,"password":null}