{"id":"gen9vgc2024regg-2114908379","format":"[Gen 9] VGC 2024 Reg G","players":["soap858","SlowHomie"],"log":"|j|\u2606soap858\n|j|\u2606SlowHomie\n|t:|1714495968\n|gametype|doubles\n|player|p1|soap858|265|1651\n|player|p2|SlowHomie|hilbert|1716\n|teamsize|p1|6\n|teamsize|p2|6\n|gen|9\n|tier|[Gen 9] VGC 2024 Reg G\n|rated|\n|rule|Species Clause: Limit one of each Pok\u00e9mon\n|rule|Item Clause: Limit one of each item\n|clearpoke\n|poke|p1|Ho-Oh, L50|\n|poke|p1|Rillaboom, L50, M|\n|poke|p1|Ogerpon-Wellspring, L50, F|\n|poke|p1|Ting-Lu, L50|\n|poke|p1|Raging Bolt, L50|\n|poke|p1|Grimmsnarl, L50, M|\n|poke|p2|Tornadus, L50, M|\n|poke|p2|Indeedee-F, L50, F|\n|poke|p2|Kingambit, L50, M|\n|poke|p2|Flutter Mane, L50|\n|poke|p2|Terapagos, L50, M|\n|poke|p2|Urshifu-*, L50, M|\n|teampreview|4\nSlowHomie has agreed to open team sheets.\n|j| Dudebrahbro\n|inactive|Battle timer is ON: inactive players will automatically lose when time's up. (requested by soap858)\n|j| ale cog\n|j| cepsilon\n|inactive|SlowHomie has 60 seconds left.\n|inactive|SlowHomie has 30 seconds left.\n|\n|t:|1714496077\n|start\n|switch|p1a: Ho-Oh|Ho-Oh, L50|100\/100\n|switch|p1b: Ogerpon|Ogerpon-Wellspring, L50, F|100\/100\n|switch|p2a: Butter Mane|Flutter Mane, L50|100\/100\n|switch|p2b: Darwin|Terapagos, L50, M|100\/100\n|-activate|p2b: Darwin|ability: Tera Shift\n|detailschange|p2b: Darwin|Terapagos-Terastal, L50, M\n|-heal|p2b: Darwin|100\/100|[silent]\n|-enditem|p2a: Butter Mane|Booster Energy\n|-activate|p2a: Butter Mane|ability: Protosynthesis|[fromitem]\n|-start|p2a: Butter Mane|protosynthesisspa\n|turn|1\n|\n|t:|1714496099\n|-end|p2a: Butter Mane|Protosynthesis|[silent]\n|switch|p2a: Indizzle|Indeedee-F, L50, F|100\/100\n|-fieldstart|move: Psychic Terrain|[from] ability: Psychic Surge|[of] p2a: Indizzle\n|-terastallize|p2b: Darwin|Stellar\n|detailschange|p2b: Darwin|Terapagos-Stellar, L50, M, tera:Stellar\n|-heal|p2b: Darwin|100\/100|[silent]\n|-ability|p2b: Darwin|Teraform Zero\n|-fieldend|move: Psychic Terrain\n|move|p1b: Ogerpon|Ivy Cudgel|p2b: Darwin|[anim] Ivy Cudgel Water\n|-crit|p2b: Darwin\n|-damage|p2b: Darwin|51\/100\n|move|p1a: Ho-Oh|Sacred Fire|p2a: Indizzle\n|-damage|p2a: Indizzle|46\/100\n|-enditem|p2a: Indizzle|Sitrus Berry|[eat]\n|-heal|p2a: Indizzle|71\/100|[from] item: Sitrus Berry\n|move|p2b: Darwin|Tera Starstorm|p1b: Ogerpon|[spread] p1a,p1b\n|-damage|p1a: Ho-Oh|60\/100\n|-damage|p1b: Ogerpon|40\/100\n|\n|upkeep\n|turn|2\n|j| Congwuyu\n|inactive|soap858 has 30 seconds left.\n|inactive|soap858 has 20 seconds left.\n|inactive|soap858 has 15 seconds left.\n|inactive|soap858 has 10 seconds left.\n|inactive|soap858 has 5 seconds left.\n|\n|t:|1714496149\n|switch|p2b: King Goober|Kingambit, L50, M|100\/100\n|-terastallize|p1b: Ogerpon|Water\n|detailschange|p1b: Ogerpon|Ogerpon-Wellspring-Tera, L50, F, tera:Water\n|-ability|p1b: Ogerpon|Embody Aspect (Wellspring)|boost\n|-boost|p1b: Ogerpon|spd|1\n|move|p1b: Ogerpon|Ivy Cudgel|p2a: Indizzle|[anim] Ivy Cudgel Water\n|-damage|p2a: Indizzle|6\/100\n|move|p1a: Ho-Oh|Sacred Fire|p2a: Indizzle\n|-damage|p2a: Indizzle|0 fnt\n|faint|p2a: Indizzle\n|\n|upkeep\n|j| Scottishtown\n|j| wefwefwefd\n|inactive|SlowHomie has 30 seconds left.\n|l| Congwuyu\n|inactive|SlowHomie has 20 seconds left.\n|\n|t:|1714496189\n|switch|p2a: Darwin|Terapagos-Stellar, L50, M, tera:Stellar|51\/100\n|turn|3\n|\n|t:|1714496204\n|move|p1b: Ogerpon|Spiky Shield|p1b: Ogerpon\n|-singleturn|p1b: Ogerpon|move: Protect\n|move|p1a: Ho-Oh|Protect|p1a: Ho-Oh\n|-singleturn|p1a: Ho-Oh|Protect\n|move|p2b: King Goober|Sucker Punch||[still]\n|-fail|p2b: King Goober\n|move|p2a: Darwin|Tera Starstorm|p1a: Ho-Oh|[spread] \n|-activate|p1a: Ho-Oh|move: Protect\n|-activate|p1b: Ogerpon|move: Protect\n|\n|upkeep\n|turn|4\n|inactive|SlowHomie has 30 seconds left.\n|\n|t:|1714496231\n|switch|p2b: Butter Mane|Flutter Mane, L50|100\/100\n|move|p1b: Ogerpon|Ivy Cudgel|p2b: Butter Mane|[anim] Ivy Cudgel Water\n|-damage|p2b: Butter Mane|7\/100\n|move|p1a: Ho-Oh|Sacred Fire|p2b: Butter Mane\n|-damage|p2b: Butter Mane|0 fnt\n|faint|p2b: Butter Mane\n|-end|p2b: Butter Mane|Protosynthesis|[silent]\n|move|p2a: Darwin|Tera Starstorm|p1b: Ogerpon|[spread] p1a,p1b\n|-supereffective|p1b: Ogerpon\n|-damage|p1a: Ho-Oh|22\/100\n|-damage|p1b: Ogerpon|0 fnt\n|faint|p1b: Ogerpon\n|\n|upkeep\n|\n|t:|1714496248\n|switch|p2b: King Goober|Kingambit, L50, M|100\/100\n|switch|p1b: Rillaboom|Rillaboom, L50, M|100\/100\n|-fieldstart|move: Grassy Terrain|[from] ability: Grassy Surge|[of] p1b: Rillaboom\n|turn|5\n|\n|t:|1714496263\n|move|p1b: Rillaboom|Fake Out|p2a: Darwin\n|-damage|p2a: Darwin|43\/100\n|move|p2b: King Goober|Sucker Punch||[still]\n|-fail|p2b: King Goober\n|move|p1a: Ho-Oh|Recover|p1a: Ho-Oh\n|-heal|p1a: Ho-Oh|72\/100\n|cant|p2a: Darwin|flinch\n|\n|-heal|p2a: Darwin|49\/100|[from] Grassy Terrain\n|upkeep\n|turn|6\n|\n|t:|1714496288\n|move|p1b: Rillaboom|Grassy Glide|p2a: Darwin\n|-damage|p2a: Darwin|25\/100\n|move|p2b: King Goober|Sucker Punch||[still]\n|-fail|p2b: King Goober\n|move|p1a: Ho-Oh|Sacred Fire|p2a: Darwin\n|-damage|p2a: Darwin|0 fnt\n|faint|p2a: Darwin\n|\n|upkeep\n|turn|7\n|inactive|SlowHomie has 30 seconds left.\n|inactive|SlowHomie has 20 seconds left.\n|c|\u2606SlowHomie|ggs\n|inactive|SlowHomie has 15 seconds left.\n|inactive|SlowHomie has 10 seconds left.\n|c|\u2606soap858|Gg\n|\n|t:|1714496333\n|switch|p1a: Raging Bolt|Raging Bolt, L50|100\/100\n|move|p1b: Rillaboom|U-turn|p2b: King Goober\n|-damage|p2b: King Goober|82\/100\n|\n|t:|1714496346\n|switch|p1b: Ho-Oh|Ho-Oh, L50|100\/100|[from] U-turn\n|move|p2b: King Goober|Kowtow Cleave|p1a: Raging Bolt\n|-damage|p1a: Raging Bolt|60\/100\n|\n|-heal|p1a: Raging Bolt|66\/100|[from] Grassy Terrain\n|-heal|p1a: Raging Bolt|72\/100|[from] item: Leftovers\n|-heal|p2b: King Goober|87\/100|[from] Grassy Terrain\n|upkeep\n|turn|8\n|l| Dudebrahbro\n|-message|SlowHomie forfeited.\n|\n|win|soap858\n|raw|soap858's rating: 1651 &rarr; <strong>1675<\/strong><br \/>(+24 for winning)\n|raw|SlowHomie's rating: 1716 &rarr; <strong>1692<\/strong><br \/>(-24 for losing)\n|l|\u2606SlowHomie\n|player|p2|\n|l| Scottishtown\n|l|\u2606soap858\n|player|p1|\n|j|\u2606soap858\n|player|p1|soap858|265|\n|l|\u2606soap858\n|player|p1|\n|j|\u2606soap858\n|player|p1|soap858|265|\n","uploadtime":1714496496,"views":32,"formatid":"gen9vgc2024regg","rating":1675,"private":0,"password":null}