{"id":"gen9vgc2024regg-2115632873","format":"[Gen 9] VGC 2024 Reg G","players":["Atrix MJ","fyfyyalt1"],"log":"|j|\u2606Atrix MJ\n|j|\u2606fyfyyalt1\n|t:|1714582462\n|gametype|doubles\n|player|p1|Atrix MJ|miku-fire|1682\n|player|p2|fyfyyalt1|1|1702\n|teamsize|p1|6\n|teamsize|p2|6\n|gen|9\n|tier|[Gen 9] VGC 2024 Reg G\n|rated|\n|rule|Species Clause: Limit one of each Pok\u00e9mon\n|rule|Item Clause: Limit one of each item\n|clearpoke\n|poke|p1|Urshifu-*, L50, F|\n|poke|p1|Incineroar, L50, M|\n|poke|p1|Ogerpon-Wellspring, L50, F|\n|poke|p1|Farigiraf, L50, F|\n|poke|p1|Miraidon, L50|\n|poke|p1|Ninetales-Alola, L50, F|\n|poke|p2|Tornadus, L50, M|\n|poke|p2|Landorus, L50, M|\n|poke|p2|Kyogre, L50|\n|poke|p2|Farigiraf, L50, M|\n|poke|p2|Archaludon, L50, F|\n|poke|p2|Chien-Pao, L50|\n|teampreview|4\n|inactive|Battle timer is ON: inactive players will automatically lose when time's up. (requested by Atrix MJ)\n|j| Therazer456\n|\n|t:|1714582493\n|start\n|switch|p1a: Miraidon|Miraidon, L50|100\/100\n|switch|p1b: Ninetales|Ninetales-Alola, L50, F|100\/100\n|switch|p2a: Tornadus|Tornadus, L50, M|100\/100\n|switch|p2b: Landorus|Landorus, L50, M|100\/100\n|-fieldstart|move: Electric Terrain|[from] ability: Hadron Engine|[of] p1a: Miraidon\n|-weather|Snow|[from] ability: Snow Warning|[of] p1b: Ninetales\n|turn|1\n|j| rybot.v2\n|j| BenzVGC\n|\n|t:|1714582508\n|-terastallize|p2b: Landorus|Poison\n|move|p2a: Tornadus|Tailwind|p2a: Tornadus\n|-sidestart|p2: fyfyyalt1|move: Tailwind\n|move|p2b: Landorus|Sludge Bomb|p1a: Miraidon\n|-damage|p1a: Miraidon|26\/100\n|move|p1a: Miraidon|Draco Meteor|p2b: Landorus\n|-crit|p2b: Landorus\n|-damage|p2b: Landorus|0 fnt\n|-unboost|p1a: Miraidon|spa|2\n|faint|p2b: Landorus\n|move|p1b: Ninetales|Blizzard|p2a: Tornadus\n|-supereffective|p2a: Tornadus\n|-damage|p2a: Tornadus|7\/100\n|\n|-weather|Snow|[upkeep]\n|upkeep\n|inactive|fyfyyalt1 has 30 seconds left.\n|\n|t:|1714582533\n|switch|p2b: Archaludon|Archaludon, L50, F|100\/100\n|turn|2\n|\n|t:|1714582553\n|move|p1b: Ninetales|Protect|p1b: Ninetales\n|-singleturn|p1b: Ninetales|Protect\n|move|p2a: Tornadus|Bleakwind Storm|p1b: Ninetales|[spread] p1a\n|-activate|p1b: Ninetales|move: Protect\n|-resisted|p1a: Miraidon\n|-damage|p1a: Miraidon|11\/100\n|move|p2b: Archaludon|Flash Cannon|p1b: Ninetales\n|-activate|p1b: Ninetales|move: Protect\n|move|p1a: Miraidon|Draco Meteor|p2a: Tornadus\n|-damage|p2a: Tornadus|0 fnt\n|-unboost|p1a: Miraidon|spa|2\n|faint|p2a: Tornadus\n|\n|-weather|Snow|[upkeep]\n|upkeep\n|inactive|fyfyyalt1 has 30 seconds left.\n|inactive|fyfyyalt1 has 20 seconds left.\n|\n|t:|1714582591\n|switch|p2a: Chien-Pao|Chien-Pao, L50|100\/100\n|-ability|p2a: Chien-Pao|Sword of Ruin\n|turn|3\n|j| Rabbithorn01\n|\n|t:|1714582615\n|switch|p1b: Ogerpon|Ogerpon-Wellspring, L50, F|100\/100\n|move|p2a: Chien-Pao|Ice Spinner|p1a: Miraidon\n|-supereffective|p1a: Miraidon\n|-damage|p1a: Miraidon|0 fnt\n|-fieldend|move: Electric Terrain\n|faint|p1a: Miraidon\n|move|p2b: Archaludon|Flash Cannon|p1b: Ogerpon\n|-resisted|p1b: Ogerpon\n|-damage|p1b: Ogerpon|80\/100\n|\n|-weather|Snow|[upkeep]\n|upkeep\n|\n|t:|1714582624\n|switch|p1a: Urshifu|Urshifu, L50, F|100\/100\n|turn|4\n|\n|t:|1714582639\n|move|p1b: Ogerpon|Spiky Shield|p1b: Ogerpon\n|-singleturn|p1b: Ogerpon|move: Protect\n|move|p1a: Urshifu|Protect|p1a: Urshifu\n|-singleturn|p1a: Urshifu|Protect\n|move|p2a: Chien-Pao|Ice Spinner|p1a: Urshifu\n|-activate|p1a: Urshifu|move: Protect\n|move|p2b: Archaludon|Body Press|p1a: Urshifu\n|-activate|p1a: Urshifu|move: Protect\n|\n|-weather|Snow|[upkeep]\n|-sideend|p2: fyfyyalt1|move: Tailwind\n|upkeep\n|turn|5\n|\n|t:|1714582654\n|-terastallize|p1b: Ogerpon|Water\n|detailschange|p1b: Ogerpon|Ogerpon-Wellspring-Tera, L50, F, tera:Water\n|-ability|p1b: Ogerpon|Embody Aspect (Wellspring)|boost\n|-boost|p1b: Ogerpon|spd|1\n|move|p2a: Chien-Pao|Ice Spinner|p1b: Ogerpon\n|-resisted|p1b: Ogerpon\n|-crit|p1b: Ogerpon\n|-damage|p1b: Ogerpon|23\/100\n|move|p1b: Ogerpon|Ivy Cudgel|p2a: Chien-Pao|[anim] Ivy Cudgel Water\n|-damage|p2a: Chien-Pao|32\/100\n|move|p1a: Urshifu|Wicked Blow|p2a: Chien-Pao\n|-resisted|p2a: Chien-Pao\n|-crit|p2a: Chien-Pao\n|-damage|p2a: Chien-Pao|5\/100\n|move|p2b: Archaludon|Body Press|p1a: Urshifu\n|-supereffective|p1a: Urshifu\n|-damage|p1a: Urshifu|43\/100\n|\n|-weather|none\n|upkeep\n|turn|6\n|j| dijondan\n|j| DittoTang\n|\n|t:|1714582672\n|move|p1b: Ogerpon|Follow Me|p1b: Ogerpon\n|-singleturn|p1b: Ogerpon|move: Follow Me\n|move|p2a: Chien-Pao|Ice Spinner|p1b: Ogerpon\n|-resisted|p1b: Ogerpon\n|-damage|p1b: Ogerpon|0 fnt\n|faint|p1b: Ogerpon\n|move|p1a: Urshifu|Close Combat|p2b: Archaludon\n|-supereffective|p2b: Archaludon\n|-damage|p2b: Archaludon|0 fnt\n|-unboost|p1a: Urshifu|def|1\n|-unboost|p1a: Urshifu|spd|1\n|faint|p2b: Archaludon\n|\n|upkeep\n|\n|t:|1714582675\n|switch|p1b: Ninetales|Ninetales-Alola, L50, F|100\/100\n|-weather|Snow|[from] ability: Snow Warning|[of] p1b: Ninetales\n|turn|7\n|\n|t:|1714582679\n|move|p2a: Chien-Pao|Sucker Punch|p1a: Urshifu\n|-resisted|p1a: Urshifu\n|-damage|p1a: Urshifu|24\/100\n|move|p1a: Urshifu|Sucker Punch||[still]\n|-fail|p1a: Urshifu\n|move|p1b: Ninetales|Moonblast|p2a: Chien-Pao\n|-supereffective|p2a: Chien-Pao\n|-damage|p2a: Chien-Pao|0 fnt\n|faint|p2a: Chien-Pao\n|\n|win|Atrix MJ\n|raw|Atrix MJ's rating: 1682 &rarr; <strong>1704<\/strong><br \/>(+22 for winning)\n|raw|fyfyyalt1's rating: 1716 &rarr; <strong>1694<\/strong><br \/>(-22 for losing)\n|l|\u2606fyfyyalt1\n|player|p2|\n|l| Therazer456\n|l| rybot.v2\n|l| dijondan\n|l|\u2606Atrix MJ\n|player|p1|\n|l| DittoTang\n","uploadtime":1714582684,"views":44,"formatid":"gen9vgc2024regg","rating":1694,"private":0,"password":null}