{"id":"gen9vgc2024regg-2115070216","format":"[Gen 9] VGC 2024 Reg G","players":["Tempest brute","Aether Longfellow"],"log":"|j|\u2606Tempest brute\n|j|\u2606Aether Longfellow\n|t:|1714510535\n|gametype|doubles\n|player|p1|Tempest brute|265|1739\n|player|p2|Aether Longfellow|roxie|1723\n|teamsize|p1|6\n|teamsize|p2|6\n|gen|9\n|tier|[Gen 9] VGC 2024 Reg G\n|rated|\n|rule|Species Clause: Limit one of each Pok\u00e9mon\n|rule|Item Clause: Limit one of each item\n|clearpoke\n|poke|p1|Lunala, L50|\n|poke|p1|Roaring Moon, L50|\n|poke|p1|Entei, L50|\n|poke|p1|Ogerpon-Wellspring, L50, F|\n|poke|p1|Iron Hands, L50|\n|poke|p1|Corviknight, L50, M|\n|poke|p2|Zamazenta-*, L50|\n|poke|p2|Ogerpon, L50, F|\n|poke|p2|Pelipper, L50, F|\n|poke|p2|Incineroar, L50, F|\n|poke|p2|Raging Bolt, L50|\n|poke|p2|Amoonguss, L50, M|\n|teampreview|4\n|j| Sarns\n|c|\u2606Tempest brute|cool team\n|c|\u2606Tempest brute|i like the ogerpon\n|c|\u2606Aether Longfellow|thanks\n|j| Donnerfuss\n|\n|t:|1714510627\n|start\n|switch|p1a: Ogerpon|Ogerpon-Wellspring, L50, F|100\/100\n|switch|p1b: Lunala|Lunala, L50|100\/100\n|switch|p2a: Raging Bolt|Raging Bolt, L50|100\/100\n|switch|p2b: Zamazenta|Zamazenta-Crowned, L50, shiny|100\/100\n|-ability|p2b: Zamazenta|Dauntless Shield|boost\n|-boost|p2b: Zamazenta|def|1\n|turn|1\n|c|\u2606Tempest brute|ragin bolt also i s a neat additon to the zmamazenta teams\n|\n|t:|1714510643\n|switch|p1a: Iron Hands|Iron Hands, L50|100\/100\n|move|p2b: Zamazenta|Iron Defense|p2b: Zamazenta\n|-boost|p2b: Zamazenta|def|2\n|move|p1b: Lunala|Will-O-Wisp|p2b: Zamazenta\n|-status|p2b: Zamazenta|brn\n|move|p2a: Raging Bolt|Volt Switch|p1b: Lunala\n|-crit|p1b: Lunala\n|-damage|p1b: Lunala|86\/100\n|\n|t:|1714510653\n|-end|p2a: Raging Bolt|Protosynthesis|[silent]\n|switch|p2a: Ogerpon|Ogerpon, L50, F|100\/100|[from] Volt Switch\n|\n|-heal|p1b: Lunala|92\/100|[from] item: Leftovers\n|-damage|p2b: Zamazenta|95\/100 brn|[from] brn\n|upkeep\n|turn|2\n|\n|t:|1714510672\n|move|p1b: Lunala|Protect|p1b: Lunala\n|-singleturn|p1b: Lunala|Protect\n|move|p2b: Zamazenta|Iron Defense|p2b: Zamazenta\n|-boost|p2b: Zamazenta|def|2\n|move|p2a: Ogerpon|Encore|p1b: Lunala\n|-activate|p1b: Lunala|move: Protect\n|move|p1a: Iron Hands|Whirlwind|p2b: Zamazenta\n|drag|p2b: Pelipper|Pelipper, L50, F, shiny|100\/100\n|-weather|RainDance|[from] ability: Drizzle|[of] p2b: Pelipper\n|\n|-weather|RainDance|[upkeep]\n|-heal|p1b: Lunala|98\/100|[from] item: Leftovers\n|upkeep\n|turn|3\n|\n|t:|1714510685\n|switch|p1b: Corviknight|Corviknight, L50, M|100\/100\n|move|p2a: Ogerpon|Ivy Cudgel|p1a: Iron Hands\n|-damage|p1a: Iron Hands|69\/100\n|move|p2b: Pelipper|Hurricane|p1b: Corviknight\n|-resisted|p1b: Corviknight\n|-damage|p1b: Corviknight|78\/100\n|-start|p1b: Corviknight|confusion\n|move|p1a: Iron Hands|Drain Punch|p2a: Ogerpon\n|-damage|p2a: Ogerpon|61\/100\n|-heal|p1a: Iron Hands|83\/100|[from] drain|[of] p2a: Ogerpon\n|\n|-weather|RainDance|[upkeep]\n|upkeep\n|turn|4\n|\n|t:|1714510712\n|switch|p1b: Lunala|Lunala, L50|98\/100\n|move|p2a: Ogerpon|Encore|p1a: Iron Hands\n|-start|p1a: Iron Hands|Encore\n|move|p2b: Pelipper|Weather Ball|p1b: Lunala\n|-damage|p1b: Lunala|57\/100\n|move|p1a: Iron Hands|Drain Punch|p2a: Ogerpon\n|-damage|p2a: Ogerpon|24\/100\n|-heal|p1a: Iron Hands|96\/100|[from] drain|[of] p2a: Ogerpon\n|\n|-weather|RainDance|[upkeep]\n|-heal|p1b: Lunala|63\/100|[from] item: Leftovers\n|upkeep\n|turn|5\n|\n|t:|1714510728\n|-end|p1a: Iron Hands|Quark Drive|[silent]\n|switch|p1a: Corviknight|Corviknight, L50, M|78\/100\n|-terastallize|p2b: Pelipper|Stellar\n|move|p1b: Lunala|Protect|p1b: Lunala\n|-singleturn|p1b: Lunala|Protect\n|move|p2a: Ogerpon|U-turn|p1b: Lunala\n|-activate|p1b: Lunala|move: Protect\n|move|p2b: Pelipper|Weather Ball|p1b: Lunala\n|-activate|p1b: Lunala|move: Protect\n|\n|-weather|RainDance|[upkeep]\n|-heal|p1b: Lunala|69\/100|[from] item: Leftovers\n|upkeep\n|turn|6\n|\n|t:|1714510741\n|switch|p1b: Ogerpon|Ogerpon-Wellspring, L50, F|100\/100\n|move|p2a: Ogerpon|Encore||[still]\n|-fail|p2a: Ogerpon\n|move|p2b: Pelipper|Weather Ball|p1a: Corviknight\n|-damage|p1a: Corviknight|0 fnt\n|faint|p1a: Corviknight\n|\n|-weather|none\n|upkeep\n|\n|t:|1714510746\n|switch|p1a: Iron Hands|Iron Hands, L50|96\/100\n|turn|7\n|j| rsccs\n|\n|t:|1714510753\n|switch|p2b: Raging Bolt|Raging Bolt, L50|100\/100\n|move|p2a: Ogerpon|Spiky Shield|p2a: Ogerpon\n|-singleturn|p2a: Ogerpon|move: Protect\n|move|p1b: Ogerpon|Horn Leech|p2b: Raging Bolt\n|-resisted|p2b: Raging Bolt\n|-damage|p2b: Raging Bolt|85\/100\n|move|p1a: Iron Hands|Wild Charge|p2b: Raging Bolt\n|-resisted|p2b: Raging Bolt\n|-damage|p2b: Raging Bolt|77\/100\n|-damage|p1a: Iron Hands|94\/100|[from] Recoil\n|\n|upkeep\n|turn|8\n|\n|t:|1714510772\n|move|p2a: Ogerpon|U-turn|p1b: Ogerpon\n|-supereffective|p1b: Ogerpon\n|-damage|p1b: Ogerpon|53\/100\n|c|\u2606Tempest brute|omz that pelliper set\n|c|\u2606Tempest brute|goes insane\n|\n|t:|1714510782\n|switch|p2a: Zamazenta|Zamazenta-Crowned, L50, shiny|95\/100 brn|[from] U-turn\n|move|p1b: Ogerpon|Ivy Cudgel|p2a: Zamazenta|[anim] Ivy Cudgel Water\n|-damage|p2a: Zamazenta|58\/100 brn\n|move|p2b: Raging Bolt|Electroweb|p1b: Ogerpon|[spread] p1a,p1b\n|-resisted|p1a: Iron Hands\n|-damage|p1a: Iron Hands|87\/100\n|-damage|p1b: Ogerpon|33\/100\n|-unboost|p1a: Iron Hands|spe|1\n|-unboost|p1b: Ogerpon|spe|1\n|move|p1a: Iron Hands|Drain Punch|p2a: Zamazenta\n|-supereffective|p2a: Zamazenta\n|-damage|p2a: Zamazenta|16\/100 brn\n|-heal|p1a: Iron Hands|100\/100|[from] drain|[of] p2a: Zamazenta\n|\n|-damage|p2a: Zamazenta|10\/100 brn|[from] brn\n|upkeep\n|turn|9\n|\n|t:|1714510799\n|switch|p1b: Lunala|Lunala, L50|69\/100\n|move|p2a: Zamazenta|Body Press|p1a: Iron Hands\n|-damage|p1a: Iron Hands|87\/100\n|move|p2b: Raging Bolt|Electroweb|p1a: Iron Hands|[spread] p1a,p1b\n|-resisted|p1a: Iron Hands\n|-crit|p1a: Iron Hands\n|-damage|p1a: Iron Hands|76\/100\n|-damage|p1b: Lunala|58\/100\n|-unboost|p1a: Iron Hands|spe|1\n|-unboost|p1b: Lunala|spe|1\n|move|p1a: Iron Hands|Drain Punch|p2b: Raging Bolt\n|-damage|p2b: Raging Bolt|50\/100\n|-heal|p1a: Iron Hands|88\/100|[from] drain|[of] p2b: Raging Bolt\n|\n|-heal|p1b: Lunala|64\/100|[from] item: Leftovers\n|-damage|p2a: Zamazenta|4\/100 brn|[from] brn\n|upkeep\n|turn|10\n|\n|t:|1714510823\n|move|p2a: Zamazenta|Body Press|p1a: Iron Hands\n|-damage|p1a: Iron Hands|76\/100\n|move|p2b: Raging Bolt|Volt Switch|p1b: Lunala\n|-crit|p1b: Lunala\n|-damage|p1b: Lunala|31\/100\n|\n|t:|1714510828\n|-end|p2b: Raging Bolt|Protosynthesis|[silent]\n|switch|p2b: Ogerpon|Ogerpon, L50, F|24\/100|[from] Volt Switch\n|move|p1b: Lunala|Moonlight|p1b: Lunala\n|-heal|p1b: Lunala|81\/100\n|move|p1a: Iron Hands|Wild Charge|p2b: Ogerpon\n|-resisted|p2b: Ogerpon\n|-damage|p2b: Ogerpon|0 fnt\n|faint|p2b: Ogerpon\n|-damage|p1a: Iron Hands|71\/100|[from] Recoil\n|\n|-heal|p1b: Lunala|87\/100|[from] item: Leftovers\n|-damage|p2a: Zamazenta|0 fnt|[from] brn\n|faint|p2a: Zamazenta\n|upkeep\n|\n|t:|1714510831\n|switch|p2a: Pelipper|Pelipper, L50, F, shiny, tera:Stellar|100\/100\n|switch|p2b: Raging Bolt|Raging Bolt, L50|50\/100\n|-weather|RainDance|[from] ability: Drizzle|[of] p2a: Pelipper\n|turn|11\n|\n|t:|1714510849\n|switch|p1b: Ogerpon|Ogerpon-Wellspring, L50, F|33\/100\n|move|p2a: Pelipper|Protect|p2a: Pelipper\n|-singleturn|p2a: Pelipper|Protect\n|move|p2b: Raging Bolt|Draco Meteor|p1a: Iron Hands\n|-damage|p1a: Iron Hands|23\/100\n|-unboost|p2b: Raging Bolt|spa|2\n|-enditem|p1a: Iron Hands|Iapapa Berry|[eat]\n|-heal|p1a: Iron Hands|56\/100|[from] item: Iapapa Berry\n|move|p1a: Iron Hands|Wild Charge|p2a: Pelipper\n|-activate|p2a: Pelipper|move: Protect\n|\n|-weather|RainDance|[upkeep]\n|upkeep\n|turn|12\n|\n|t:|1714510877\n|move|p1b: Ogerpon|Horn Leech|p2a: Pelipper\n|-damage|p2a: Pelipper|47\/100\n|-heal|p1b: Ogerpon|52\/100|[from] drain|[of] p2a: Pelipper\n|move|p2a: Pelipper|Hurricane|p1a: Iron Hands\n|-damage|p1a: Iron Hands|14\/100\n|-start|p1a: Iron Hands|confusion\n|move|p2b: Raging Bolt|Electroweb|p1b: Ogerpon|[spread] p1a,p1b\n|-resisted|p1a: Iron Hands\n|-damage|p1a: Iron Hands|10\/100\n|-damage|p1b: Ogerpon|41\/100\n|-unboost|p1a: Iron Hands|spe|1\n|-unboost|p1b: Ogerpon|spe|1\n|-activate|p1a: Iron Hands|confusion\n|-damage|p1a: Iron Hands|2\/100|[from] confusion\n|\n|-weather|RainDance|[upkeep]\n|upkeep\n|turn|13\n|\n|t:|1714510901\n|move|p1b: Ogerpon|Spiky Shield|p1b: Ogerpon\n|-singleturn|p1b: Ogerpon|move: Protect\n|move|p2b: Raging Bolt|Thunderclap|p1a: Iron Hands\n|-resisted|p1a: Iron Hands\n|-damage|p1a: Iron Hands|0 fnt\n|faint|p1a: Iron Hands\n|-end|p1a: Iron Hands|Quark Drive|[silent]\n|move|p2a: Pelipper|Hurricane|p1b: Ogerpon\n|-activate|p1b: Ogerpon|move: Protect\n|\n|-weather|RainDance|[upkeep]\n|upkeep\n|\n|t:|1714510905\n|switch|p1a: Lunala|Lunala, L50|87\/100\n|turn|14\n|\n|t:|1714510918\n|-terastallize|p1a: Lunala|Water\n|move|p2a: Pelipper|Protect|p2a: Pelipper\n|-singleturn|p2a: Pelipper|Protect\n|move|p1a: Lunala|Moongeist Beam|p2a: Pelipper\n|-activate|p2a: Pelipper|move: Protect\n|move|p2b: Raging Bolt|Draco Meteor|p1a: Lunala\n|-damage|p1a: Lunala|67\/100\n|-unboost|p2b: Raging Bolt|spa|2\n|move|p1b: Ogerpon|Horn Leech|p2b: Raging Bolt\n|-resisted|p2b: Raging Bolt\n|-damage|p2b: Raging Bolt|34\/100\n|-heal|p1b: Ogerpon|51\/100|[from] drain|[of] p2b: Raging Bolt\n|\n|-weather|RainDance|[upkeep]\n|-heal|p1a: Lunala|74\/100|[from] item: Leftovers\n|upkeep\n|turn|15\n|\n|t:|1714510933\n|move|p2b: Raging Bolt|Thunderclap|p1a: Lunala\n|-supereffective|p1a: Lunala\n|-damage|p1a: Lunala|56\/100\n|move|p1a: Lunala|Moongeist Beam|p2a: Pelipper\n|-damage|p2a: Pelipper|0 fnt\n|faint|p2a: Pelipper\n|move|p1b: Ogerpon|Horn Leech|p2b: Raging Bolt\n|-resisted|p2b: Raging Bolt\n|-damage|p2b: Raging Bolt|19\/100\n|-heal|p1b: Ogerpon|60\/100|[from] drain|[of] p2b: Raging Bolt\n|\n|-weather|none\n|-heal|p1a: Lunala|62\/100|[from] item: Leftovers\n|upkeep\n|turn|16\n|c|\u2606Aether Longfellow|gg\n|c|\u2606Tempest brute|gg\n|\n|t:|1714510943\n|move|p1a: Lunala|Moongeist Beam|p2b: Raging Bolt\n|-crit|p2b: Raging Bolt\n|-damage|p2b: Raging Bolt|0 fnt\n|faint|p2b: Raging Bolt\n|-end|p2b: Raging Bolt|Protosynthesis|[silent]\n|\n|win|Tempest brute\n|raw|Tempest brute's rating: 1739 &rarr; <strong>1758<\/strong><br \/>(+19 for winning)\n|raw|Aether Longfellow's rating: 1723 &rarr; <strong>1704<\/strong><br \/>(-19 for losing)\n|l|\u2606Tempest brute\n|player|p1|\n|l| Sarns\n|l| rsccs\n","uploadtime":1714511138,"views":92,"formatid":"gen9vgc2024regg","rating":1704,"private":0,"password":null}