{"id":"gen9vgc2024regg-2115647274","format":"[Gen 9] VGC 2024 Reg G","players":["infinitygroudon","Lil Tic"],"log":"|j|\u2606infinitygroudon\n|j|\u2606Lil Tic\n|t:|1714583708\n|gametype|doubles\n|player|p1|infinitygroudon|rancher|1725\n|player|p2|Lil Tic|ninjaboy|1713\n|teamsize|p1|6\n|teamsize|p2|6\n|gen|9\n|tier|[Gen 9] VGC 2024 Reg G\n|rated|\n|rule|Species Clause: Limit one of each Pok\u00e9mon\n|rule|Item Clause: Limit one of each item\n|clearpoke\n|poke|p1|Miraidon, L50|\n|poke|p1|Incineroar, L50, M|\n|poke|p1|Iron Leaves, L50|\n|poke|p1|Tornadus, L50, M|\n|poke|p1|Urshifu-*, L50, F|\n|poke|p1|Chi-Yu, L50|\n|poke|p2|Zamazenta-*, L50|\n|poke|p2|Incineroar, L50, F|\n|poke|p2|Sinistcha, L50|\n|poke|p2|Tyranitar, L50, F|\n|poke|p2|Gastrodon, L50, M|\n|poke|p2|Grimmsnarl, L50, M|\n|teampreview|4\n|inactive|Battle timer is ON: inactive players will automatically lose when time's up. (requested by Lil Tic)\n|\n|t:|1714583747\n|start\n|switch|p1a: Iron Leaves|Iron Leaves, L50|100\/100\n|switch|p1b: Tornadus|Tornadus, L50, M|100\/100\n|switch|p2a: Grimmsnarl|Grimmsnarl, L50, M, shiny|100\/100\n|switch|p2b: Tyranitar|Tyranitar, L50, F|100\/100\n|-weather|Sandstorm|[from] ability: Sand Stream|[of] p2b: Tyranitar\n|turn|1\n|\n|t:|1714583766\n|-terastallize|p1a: Iron Leaves|Dark\n|move|p1b: Tornadus|Protect|p1b: Tornadus\n|-singleturn|p1b: Tornadus|Protect\n|move|p2a: Grimmsnarl|Reflect|p2a: Grimmsnarl\n|-sidestart|p2: Lil Tic|Reflect\n|move|p1a: Iron Leaves|Leaf Blade|p2a: Grimmsnarl\n|-damage|p2a: Grimmsnarl|57\/100\n|move|p2b: Tyranitar|Knock Off|p1a: Iron Leaves\n|-resisted|p1a: Iron Leaves\n|-damage|p1a: Iron Leaves|68\/100\n|-enditem|p1a: Iron Leaves|Choice Band|[from] move: Knock Off|[of] p2b: Tyranitar\n|\n|-weather|Sandstorm|[upkeep]\n|-damage|p1b: Tornadus|95\/100|[from] Sandstorm\n|-damage|p1a: Iron Leaves|62\/100|[from] Sandstorm\n|-damage|p2a: Grimmsnarl|51\/100|[from] Sandstorm\n|upkeep\n|turn|2\n|\n|t:|1714583784\n|move|p2a: Grimmsnarl|Light Screen|p2a: Grimmsnarl\n|-sidestart|p2: Lil Tic|move: Light Screen\n|move|p1b: Tornadus|Bleakwind Storm|p2a: Grimmsnarl|[spread] p2b\n|-miss|p1b: Tornadus|p2a: Grimmsnarl\n|-resisted|p2b: Tyranitar\n|-damage|p2b: Tyranitar|96\/100\n|move|p1a: Iron Leaves|Close Combat|p2b: Tyranitar\n|-supereffective|p2b: Tyranitar\n|-damage|p2b: Tyranitar|18\/100\n|-unboost|p1a: Iron Leaves|def|1\n|-unboost|p1a: Iron Leaves|spd|1\n|move|p2b: Tyranitar|Rock Slide|p1b: Tornadus|[spread] \n|-miss|p2b: Tyranitar|p1a: Iron Leaves\n|-miss|p2b: Tyranitar|p1b: Tornadus\n|\n|-weather|Sandstorm|[upkeep]\n|-damage|p1b: Tornadus|89\/100|[from] Sandstorm\n|-damage|p1a: Iron Leaves|56\/100|[from] Sandstorm\n|-damage|p2a: Grimmsnarl|45\/100|[from] Sandstorm\n|upkeep\n|turn|3\n|j| Rabbithorn01\n|inactive|infinitygroudon has 30 seconds left.\n|\n|t:|1714583811\n|move|p1b: Tornadus|Protect|p1b: Tornadus\n|-singleturn|p1b: Tornadus|Protect\n|move|p1a: Iron Leaves|Leaf Blade|p2a: Grimmsnarl\n|-damage|p2a: Grimmsnarl|17\/100\n|move|p2b: Tyranitar|Stone Edge|p1b: Tornadus\n|-activate|p1b: Tornadus|move: Protect\n|move|p2a: Grimmsnarl|Spirit Break|p1a: Iron Leaves\n|-supereffective|p1a: Iron Leaves\n|-damage|p1a: Iron Leaves|0 fnt\n|faint|p1a: Iron Leaves\n|-end|p1a: Iron Leaves|Quark Drive|[silent]\n|\n|-weather|Sandstorm|[upkeep]\n|-damage|p1b: Tornadus|83\/100|[from] Sandstorm\n|-damage|p2a: Grimmsnarl|11\/100|[from] Sandstorm\n|upkeep\n|\n|t:|1714583818\n|switch|p1a: Urshifu|Urshifu-Rapid-Strike, L50, F|100\/100\n|turn|4\n|inactive|Lil Tic has 30 seconds left.\n|inactive|Lil Tic has 20 seconds left.\n|inactive|Lil Tic has 15 seconds left.\n|\n|t:|1714583860\n|move|p1b: Tornadus|Bleakwind Storm|p2a: Grimmsnarl|[spread] p2a,p2b\n|-resisted|p2b: Tyranitar\n|-damage|p2a: Grimmsnarl|0 fnt\n|-damage|p2b: Tyranitar|14\/100\n|-unboost|p2b: Tyranitar|spe|1\n|faint|p2a: Grimmsnarl\n|move|p1a: Urshifu|Close Combat|p2b: Tyranitar\n|-supereffective|p2b: Tyranitar\n|-damage|p2b: Tyranitar|0 fnt\n|-unboost|p1a: Urshifu|def|1\n|-unboost|p1a: Urshifu|spd|1\n|faint|p2b: Tyranitar\n|\n|-weather|Sandstorm|[upkeep]\n|-damage|p1b: Tornadus|77\/100|[from] Sandstorm\n|-damage|p1a: Urshifu|94\/100|[from] Sandstorm\n|upkeep\n|\n|t:|1714583864\n|switch|p2b: Sinistcha|Sinistcha, L50|100\/100\n|switch|p2a: Zamazenta|Zamazenta-Crowned, L50|100\/100\n|-ability|p2a: Zamazenta|Dauntless Shield|boost\n|-boost|p2a: Zamazenta|def|1\n|turn|5\n|\n|t:|1714583885\n|switch|p1a: Miraidon|Miraidon, L50|100\/100\n|-fieldstart|move: Electric Terrain|[from] ability: Hadron Engine|[of] p1a: Miraidon\n|move|p1b: Tornadus|Taunt|p2a: Zamazenta\n|-start|p2a: Zamazenta|move: Taunt\n|move|p2a: Zamazenta|Body Press|p1a: Miraidon\n|-damage|p1a: Miraidon|45\/100\n|move|p2b: Sinistcha|Trick Room|p2b: Sinistcha\n|-fieldstart|move: Trick Room|[of] p2b: Sinistcha\n|\n|-weather|none\n|upkeep\n|turn|6\n|j| BlindMagneton\n|j| BirdGoneMega\n|\n|t:|1714583904\n|move|p2b: Sinistcha|Matcha Gotcha|p1b: Tornadus|[spread] p1a,p1b\n|-resisted|p1a: Miraidon\n|-resisted|p1b: Tornadus\n|-damage|p1a: Miraidon|38\/100\n|-damage|p1b: Tornadus|60\/100\n|move|p2a: Zamazenta|Body Press|p1a: Miraidon\n|-damage|p1a: Miraidon|0 fnt\n|faint|p1a: Miraidon\n|move|p1b: Tornadus|Bleakwind Storm|p2a: Zamazenta|[spread] p2b\n|-miss|p1b: Tornadus|p2a: Zamazenta\n|-supereffective|p2b: Sinistcha\n|-damage|p2b: Sinistcha|49\/100\n|\n|upkeep\n|\n|t:|1714583915\n|switch|p1a: Urshifu|Urshifu-Rapid-Strike, L50, F|94\/100\n|turn|7\n|\n|t:|1714583924\n|-terastallize|p2a: Zamazenta|Water\n|move|p1a: Urshifu|Detect|p1a: Urshifu\n|-singleturn|p1a: Urshifu|Protect\n|move|p2b: Sinistcha|Matcha Gotcha|p1a: Urshifu|[spread] p1b\n|-activate|p1a: Urshifu|move: Protect\n|-resisted|p1b: Tornadus\n|-damage|p1b: Tornadus|45\/100\n|-heal|p2b: Sinistcha|56\/100|[from] drain|[of] p1b: Tornadus\n|move|p2a: Zamazenta|Body Press|p1a: Urshifu\n|-activate|p1a: Urshifu|move: Protect\n|move|p1b: Tornadus|Bleakwind Storm|p2b: Sinistcha|[spread] p2a,p2b\n|-supereffective|p2b: Sinistcha\n|-damage|p2a: Zamazenta|84\/100\n|-damage|p2b: Sinistcha|2\/100\n|\n|-end|p2a: Zamazenta|move: Taunt\n|upkeep\n|turn|8\n|\n|t:|1714583946\n|move|p1a: Urshifu|Aqua Jet|p2b: Sinistcha\n|-resisted|p2b: Sinistcha\n|-damage|p2b: Sinistcha|0 fnt\n|-damage|p1a: Urshifu|78\/100|[from] item: Rocky Helmet|[of] p2b: Sinistcha\n|faint|p2b: Sinistcha\n|move|p2a: Zamazenta|Heavy Slam|p1b: Tornadus\n|-damage|p1b: Tornadus|0 fnt\n|faint|p1b: Tornadus\n|\n|-sideend|p2: Lil Tic|Reflect\n|upkeep\n|turn|9\n|\n|t:|1714583961\n|move|p1a: Urshifu|Surging Strikes|p2a: Zamazenta\n|-resisted|p2a: Zamazenta\n|-crit|p2a: Zamazenta\n|-damage|p2a: Zamazenta|77\/100\n|-resisted|p2a: Zamazenta\n|-crit|p2a: Zamazenta\n|-damage|p2a: Zamazenta|69\/100\n|-resisted|p2a: Zamazenta\n|-crit|p2a: Zamazenta\n|-damage|p2a: Zamazenta|63\/100\n|-hitcount|p2a: Zamazenta|3\n|move|p2a: Zamazenta|Body Press|p1a: Urshifu\n|-damage|p1a: Urshifu|12\/100\n|\n|-sideend|p2: Lil Tic|move: Light Screen\n|-fieldend|move: Trick Room\n|-fieldend|move: Electric Terrain\n|upkeep\n|turn|10\n|\n|t:|1714583967\n|move|p2a: Zamazenta|Body Press|p1a: Urshifu\n|-damage|p1a: Urshifu|0 fnt\n|faint|p1a: Urshifu\n|\n|win|Lil Tic\n|raw|infinitygroudon's rating: 1725 &rarr; <strong>1704<\/strong><br \/>(-21 for losing)\n|raw|Lil Tic's rating: 1713 &rarr; <strong>1734<\/strong><br \/>(+21 for winning)\n|l|\u2606infinitygroudon\n|player|p1|\n|l|\u2606Lil Tic\n|player|p2|\n|l| BirdGoneMega\n","uploadtime":1714583975,"views":79,"formatid":"gen9vgc2024regg","rating":1704,"private":0,"password":null}