{"id":"gen9vgc2024regg-2115512288","format":"[Gen 9] VGC 2024 Reg G","players":["ccvvbbnn","Daleseries12"],"log":"|j|\u2606ccvvbbnn\n|j|\u2606Daleseries12\n|t:|1714571474\n|gametype|doubles\n|player|p1|ccvvbbnn|265|1690\n|player|p2|Daleseries12|169|1748\n|teamsize|p1|6\n|teamsize|p2|6\n|gen|9\n|tier|[Gen 9] VGC 2024 Reg G\n|rated|\n|rule|Species Clause: Limit one of each Pok\u00e9mon\n|rule|Item Clause: Limit one of each item\n|clearpoke\n|poke|p1|Miraidon, L50|\n|poke|p1|Dondozo, L50, M|\n|poke|p1|Tatsugiri-Droopy, L50, F|\n|poke|p1|Raging Bolt, L50|\n|poke|p1|Regigigas, L50|\n|poke|p1|Iron Leaves, L50|\n|poke|p2|Zamazenta-*, L50|\n|poke|p2|Chien-Pao, L50|\n|poke|p2|Entei, L50|\n|poke|p2|Amoonguss, L50, F|\n|poke|p2|Raging Bolt, L50|\n|poke|p2|Brute Bonnet, L50|\n|teampreview|4\n|\n|t:|1714571508\n|start\n|switch|p1a: Iron Leaves|Iron Leaves, L50|100\/100\n|switch|p1b: Miraidon|Miraidon, L50|100\/100\n|switch|p2a: Chien-Pao|Chien-Pao, L50|100\/100\n|switch|p2b: Zamazenta|Zamazenta-Crowned, L50|100\/100\n|-fieldstart|move: Electric Terrain|[from] ability: Hadron Engine|[of] p1b: Miraidon\n|-activate|p1a: Iron Leaves|ability: Quark Drive\n|-start|p1a: Iron Leaves|quarkdriveatk\n|-enditem|p1a: Iron Leaves|Electric Seed\n|-boost|p1a: Iron Leaves|def|1|[from] item: Electric Seed\n|-ability|p2a: Chien-Pao|Sword of Ruin\n|-ability|p2b: Zamazenta|Dauntless Shield|boost\n|-boost|p2b: Zamazenta|def|1\n|turn|1\n|inactive|Battle timer is ON: inactive players will automatically lose when time's up. (requested by Daleseries12)\n|j| THUNDERSND77\n|inactive|Daleseries12 has 60 seconds left.\n|\n|t:|1714571544\n|-terastallize|p1b: Miraidon|Electric\n|move|p1b: Miraidon|Electro Drift|p2b: Zamazenta\n|-damage|p2b: Zamazenta|0 fnt\n|faint|p2b: Zamazenta\n|-damage|p1b: Miraidon|91\/100|[from] item: Life Orb\n|move|p2a: Chien-Pao|Ice Spinner|p1b: Miraidon\n|-damage|p1b: Miraidon|29\/100\n|-fieldend|move: Electric Terrain\n|-end|p1a: Iron Leaves|Quark Drive\n|move|p1a: Iron Leaves|Leaf Blade|p2a: Chien-Pao\n|-damage|p2a: Chien-Pao|33\/100\n|\n|upkeep\n|\n|t:|1714571563\n|switch|p2b: Raging Bolt|Raging Bolt, L50|100\/100\n|turn|2\n|\n|t:|1714571588\n|move|p1b: Miraidon|Protect|p1b: Miraidon\n|-singleturn|p1b: Miraidon|Protect\n|move|p2a: Chien-Pao|Protect|p2a: Chien-Pao\n|-singleturn|p2a: Chien-Pao|Protect\n|move|p1a: Iron Leaves|Leaf Blade|p2a: Chien-Pao\n|-activate|p2a: Chien-Pao|move: Protect\n|move|p2b: Raging Bolt|Snarl|p1b: Miraidon|[spread] p1a\n|-activate|p1b: Miraidon|move: Protect\n|-supereffective|p1a: Iron Leaves\n|-damage|p1a: Iron Leaves|67\/100\n|-unboost|p1a: Iron Leaves|spa|1\n|\n|upkeep\n|turn|3\n|j| Xzbjhrw\n|inactive|Daleseries12 has 30 seconds left.\n|\n|t:|1714571616\n|move|p2a: Chien-Pao|Sucker Punch|p1b: Miraidon\n|-damage|p1b: Miraidon|0 fnt\n|faint|p1b: Miraidon\n|move|p1a: Iron Leaves|Leaf Blade|p2a: Chien-Pao\n|-damage|p2a: Chien-Pao|0 fnt\n|faint|p2a: Chien-Pao\n|move|p2b: Raging Bolt|Snarl|p1a: Iron Leaves\n|-supereffective|p1a: Iron Leaves\n|-damage|p1a: Iron Leaves|21\/100\n|-unboost|p1a: Iron Leaves|spa|1\n|\n|upkeep\n|l| Xzbjhrw\n|j| AydenFinn12\n|inactive|Daleseries12 has 30 seconds left.\n|j| leandre2\n|l| AydenFinn12\n|inactive|Daleseries12 has 20 seconds left.\n|inactive|Daleseries12 has 15 seconds left.\n|inactive|Daleseries12 has 10 seconds left.\n|inactive|Daleseries12 has 5 seconds left.\n|\n|t:|1714571668\n|switch|p1b: Tatsugiri|Tatsugiri-Droopy, L50, F|100\/100\n|switch|p2a: Amoonguss|Amoonguss, L50, F|100\/100\n|turn|4\n|\n|t:|1714571686\n|-terastallize|p2b: Raging Bolt|Fairy\n|move|p1b: Tatsugiri|Soak|p2a: Amoonguss\n|-start|p2a: Amoonguss|typechange|Water\n|move|p1a: Iron Leaves|Leaf Blade|p2a: Amoonguss\n|-supereffective|p2a: Amoonguss\n|-damage|p2a: Amoonguss|27\/100\n|-damage|p1a: Iron Leaves|5\/100|[from] item: Rocky Helmet|[of] p2a: Amoonguss\n|move|p2b: Raging Bolt|Snarl|p1a: Iron Leaves|[spread] p1a,p1b\n|-supereffective|p1a: Iron Leaves\n|-damage|p1a: Iron Leaves|0 fnt\n|-damage|p1b: Tatsugiri|79\/100\n|-unboost|p1b: Tatsugiri|spa|1\n|faint|p1a: Iron Leaves\n|-end|p1a: Iron Leaves|Quark Drive|[silent]\n|move|p2a: Amoonguss|Spore|p1b: Tatsugiri\n|-status|p1b: Tatsugiri|slp|[from] move: Spore\n|\n|upkeep\n|\n|t:|1714571694\n|switch|p1a: Dondozo|Dondozo, L50, M|100\/100\n|-activate|p1b: Tatsugiri|ability: Commander|[of] p1a: Dondozo\n|-boost|p1a: Dondozo|atk|2\n|-boost|p1a: Dondozo|spa|2\n|-boost|p1a: Dondozo|spe|2\n|-boost|p1a: Dondozo|def|2\n|-boost|p1a: Dondozo|spd|2\n|turn|5\n|l| THUNDERSND77\n|inactive|Daleseries12 has 30 seconds left.\n|\n|t:|1714571721\n|move|p2b: Raging Bolt|Thunderclap|p1a: Dondozo\n|-supereffective|p1a: Dondozo\n|-damage|p1a: Dondozo|67\/100\n|move|p1a: Dondozo|Earthquake|p2b: Raging Bolt|[spread] p2a,p2b\n|-miss|p1a: Dondozo|p1b: Tatsugiri\n|-damage|p2a: Amoonguss|0 fnt\n|-damage|p2b: Raging Bolt|66\/100\n|faint|p2a: Amoonguss\n|\n|-heal|p1a: Dondozo|73\/100|[from] item: Leftovers\n|upkeep\n|turn|6\n|j| THUNDERSND77\n|\n|t:|1714571732\n|move|p1a: Dondozo|Protect|p1a: Dondozo\n|-singleturn|p1a: Dondozo|Protect\n|move|p2b: Raging Bolt|Discharge|p1a: Dondozo|[spread] \n|-miss|p2b: Raging Bolt|p1b: Tatsugiri\n|-activate|p1a: Dondozo|move: Protect\n|\n|-heal|p1a: Dondozo|79\/100|[from] item: Leftovers\n|upkeep\n|turn|7\n|j| AydenFinn12\n|\n|t:|1714571738\n|move|p1a: Dondozo|Earthquake|p2b: Raging Bolt|[spread] p2b\n|-miss|p1a: Dondozo|p1b: Tatsugiri\n|-damage|p2b: Raging Bolt|31\/100\n|move|p2b: Raging Bolt|Discharge|p1a: Dondozo|[spread] p1a\n|-miss|p2b: Raging Bolt|p1b: Tatsugiri\n|-supereffective|p1a: Dondozo\n|-damage|p1a: Dondozo|50\/100\n|\n|-heal|p1a: Dondozo|56\/100|[from] item: Leftovers\n|upkeep\n|turn|8\n|\n|t:|1714571750\n|move|p1a: Dondozo|Protect|p1a: Dondozo\n|-singleturn|p1a: Dondozo|Protect\n|move|p2b: Raging Bolt|Thunderclap||[still]\n|-fail|p2b: Raging Bolt\n|\n|-heal|p1a: Dondozo|62\/100|[from] item: Leftovers\n|upkeep\n|turn|9\n|\n|t:|1714571755\n|move|p2b: Raging Bolt|Thunderclap|p1a: Dondozo\n|-supereffective|p1a: Dondozo\n|-damage|p1a: Dondozo|30\/100\n|move|p1a: Dondozo|Earthquake|p2b: Raging Bolt|[spread] p2b\n|-miss|p1a: Dondozo|p1b: Tatsugiri\n|-damage|p2b: Raging Bolt|0 fnt\n|faint|p2b: Raging Bolt\n|-end|p2b: Raging Bolt|Protosynthesis|[silent]\n|\n|win|ccvvbbnn\n|raw|ccvvbbnn's rating: 1690 &rarr; <strong>1713<\/strong><br \/>(+23 for winning)\n|raw|Daleseries12's rating: 1748 &rarr; <strong>1725<\/strong><br \/>(-23 for losing)\n|l|\u2606ccvvbbnn\n|player|p1|\n|l| AydenFinn12\n|l|\u2606Daleseries12\n|player|p2|\n|l| THUNDERSND77\n","uploadtime":1714571968,"views":156,"formatid":"gen9vgc2024regg","rating":1713,"private":0,"password":null}