{"id":"gen9vgc2024regg-2115474933","format":"[Gen 9] VGC 2024 Reg G","players":["Krisuerte","Tempest brute"],"log":"|j|\u2606Krisuerte\n|j|\u2606Tempest brute\n|t:|1714567431\n|gametype|doubles\n|player|p1|Krisuerte|170|1783\n|player|p2|Tempest brute|265|1819\n|teamsize|p1|6\n|teamsize|p2|6\n|gen|9\n|tier|[Gen 9] VGC 2024 Reg G\n|rated|\n|rule|Species Clause: Limit one of each Pok\u00e9mon\n|rule|Item Clause: Limit one of each item\n|clearpoke\n|poke|p1|Groudon, L50|\n|poke|p1|Gouging Fire, L50|\n|poke|p1|Raging Bolt, L50|\n|poke|p1|Flutter Mane, L50|\n|poke|p1|Walking Wake, L50|\n|poke|p1|Urshifu-*, L50, F|\n|poke|p2|Lunala, L50|\n|poke|p2|Roaring Moon, L50|\n|poke|p2|Entei, L50|\n|poke|p2|Ogerpon-Wellspring, L50, F|\n|poke|p2|Iron Hands, L50|\n|poke|p2|Corviknight, L50, M|\n|teampreview|4\n|\n|t:|1714567486\n|start\n|switch|p1a: Urshifu|Urshifu, L50, F|100\/100\n|switch|p1b: Flutter Mane|Flutter Mane, L50|100\/100\n|switch|p2a: Lunala|Lunala, L50|100\/100\n|switch|p2b: Roaring Moon|Roaring Moon, L50|100\/100\n|-enditem|p2b: Roaring Moon|Booster Energy\n|-activate|p2b: Roaring Moon|ability: Protosynthesis|[fromitem]\n|-start|p2b: Roaring Moon|protosynthesisspe\n|turn|1\n|\n|t:|1714567517\n|-terastallize|p2a: Lunala|Water\n|move|p2b: Roaring Moon|Knock Off|p1b: Flutter Mane\n|-damage|p1b: Flutter Mane|13\/100\n|-enditem|p1b: Flutter Mane|Choice Specs|[from] move: Knock Off|[of] p2b: Roaring Moon\n|move|p1b: Flutter Mane|Moonblast|p2b: Roaring Moon\n|-supereffective|p2b: Roaring Moon\n|-damage|p2b: Roaring Moon|0 fnt\n|faint|p2b: Roaring Moon\n|-end|p2b: Roaring Moon|Protosynthesis|[silent]\n|move|p1a: Urshifu|Wicked Blow|p2a: Lunala\n|-crit|p2a: Lunala\n|-damage|p2a: Lunala|77\/100\n|move|p2a: Lunala|Will-O-Wisp|p1a: Urshifu\n|-status|p1a: Urshifu|brn\n|\n|-heal|p2a: Lunala|83\/100|[from] item: Leftovers\n|-damage|p1a: Urshifu|95\/100 brn|[from] brn\n|upkeep\n|\n|t:|1714567527\n|switch|p2b: Entei|Entei, L50|100\/100\n|turn|2\n|\n|t:|1714567549\n|move|p2a: Lunala|Protect|p2a: Lunala\n|-singleturn|p2a: Lunala|Protect\n|move|p1b: Flutter Mane|Moonblast|p2a: Lunala\n|-activate|p2a: Lunala|move: Protect\n|move|p1a: Urshifu|Wicked Blow|p2b: Entei\n|-crit|p2b: Entei\n|-damage|p2b: Entei|74\/100\n|move|p2b: Entei|Stomping Tantrum|p1b: Flutter Mane\n|-damage|p1b: Flutter Mane|0 fnt\n|faint|p1b: Flutter Mane\n|-end|p1b: Flutter Mane|Protosynthesis|[silent]\n|\n|-heal|p2a: Lunala|89\/100|[from] item: Leftovers\n|-damage|p1a: Urshifu|89\/100 brn|[from] brn\n|upkeep\n|\n|t:|1714567566\n|switch|p1b: Groudon|Groudon, L50|100\/100\n|-weather|SunnyDay|[from] ability: Drought|[of] p1b: Groudon\n|turn|3\n|\n|t:|1714567578\n|switch|p1a: Gouging Fire|Gouging Fire, L50|100\/100\n|-activate|p1a: Gouging Fire|ability: Protosynthesis\n|-start|p1a: Gouging Fire|protosynthesisspe\n|-terastallize|p1b: Groudon|Fire\n|move|p2b: Entei|Stomping Tantrum|p1b: Groudon\n|-supereffective|p1b: Groudon\n|-damage|p1b: Groudon|72\/100\n|move|p2a: Lunala|Moongeist Beam|p1b: Groudon\n|-damage|p1b: Groudon|42\/100\n|move|p1b: Groudon|Precipice Blades|p2a: Lunala|[spread] p2a\n|-miss|p1b: Groudon|p2b: Entei\n|-damage|p2a: Lunala|53\/100\n|\n|-weather|SunnyDay|[upkeep]\n|-heal|p2a: Lunala|59\/100|[from] item: Leftovers\n|upkeep\n|turn|4\n|j| wlsdx\n|\n|t:|1714567613\n|switch|p1b: Urshifu|Urshifu, L50, F|89\/100 brn\n|move|p1a: Gouging Fire|Howl|p1a: Gouging Fire|[spread] p1a,p1b\n|-boost|p1a: Gouging Fire|atk|1\n|-boost|p1b: Urshifu|atk|1\n|move|p2b: Entei|Stomping Tantrum|p1b: Urshifu\n|-damage|p1b: Urshifu|68\/100 brn\n|move|p2a: Lunala|Moonlight|p2a: Lunala\n|-heal|p2a: Lunala|100\/100\n|\n|-weather|SunnyDay|[upkeep]\n|-damage|p1b: Urshifu|62\/100 brn|[from] brn\n|upkeep\n|turn|5\n|\n|t:|1714567633\n|move|p1a: Gouging Fire|Breaking Swipe|p2a: Lunala|[spread] p2a,p2b\n|-damage|p2a: Lunala|91\/100\n|-damage|p2b: Entei|48\/100\n|-unboost|p2a: Lunala|atk|1\n|-unboost|p2b: Entei|atk|1\n|move|p1b: Urshifu|Wicked Blow|p2b: Entei\n|-crit|p2b: Entei\n|-damage|p2b: Entei|9\/100\n|move|p2b: Entei|Sacred Fire|p1b: Urshifu\n|-damage|p1b: Urshifu|21\/100 brn\n|move|p2a: Lunala|Moongeist Beam|p1a: Gouging Fire\n|-damage|p1a: Gouging Fire|65\/100\n|\n|-weather|SunnyDay|[upkeep]\n|-heal|p2a: Lunala|98\/100|[from] item: Leftovers\n|-damage|p1b: Urshifu|15\/100 brn|[from] brn\n|upkeep\n|turn|6\n|\n|t:|1714567655\n|move|p2b: Entei|Extreme Speed|p1b: Urshifu\n|-damage|p1b: Urshifu|0 fnt\n|faint|p1b: Urshifu\n|move|p1a: Gouging Fire|Breaking Swipe|p2a: Lunala|[spread] p2a,p2b\n|-damage|p2a: Lunala|79\/100\n|-damage|p2b: Entei|0 fnt\n|-unboost|p2a: Lunala|atk|1\n|faint|p2b: Entei\n|move|p2a: Lunala|Moongeist Beam|p1a: Gouging Fire\n|-damage|p1a: Gouging Fire|28\/100\n|\n|-weather|SunnyDay|[upkeep]\n|-heal|p2a: Lunala|85\/100|[from] item: Leftovers\n|upkeep\n|\n|t:|1714567670\n|switch|p1b: Groudon|Groudon, L50, tera:Fire|42\/100\n|switch|p2b: Ogerpon|Ogerpon-Wellspring, L50, F|100\/100\n|turn|7\n|\n|t:|1714567682\n|move|p2b: Ogerpon|Spiky Shield|p2b: Ogerpon\n|-singleturn|p2b: Ogerpon|move: Protect\n|move|p2a: Lunala|Protect|p2a: Lunala\n|-singleturn|p2a: Lunala|Protect\n|move|p1a: Gouging Fire|Breaking Swipe|p2a: Lunala|[spread] \n|-activate|p2a: Lunala|move: Protect\n|-activate|p2b: Ogerpon|move: Protect\n|-damage|p1a: Gouging Fire|16\/100|[from] Spiky Shield|[of] p2b: Ogerpon\n|move|p1b: Groudon|Thunder Punch|p2a: Lunala\n|-activate|p2a: Lunala|move: Protect\n|\n|-weather|none\n|-end|p1a: Gouging Fire|Protosynthesis\n|-heal|p2a: Lunala|91\/100|[from] item: Leftovers\n|upkeep\n|turn|8\n|\n|t:|1714567707\n|move|p1a: Gouging Fire|Breaking Swipe|p2a: Lunala|[spread] p2a,p2b\n|-crit|p2b: Ogerpon\n|-damage|p2a: Lunala|73\/100\n|-damage|p2b: Ogerpon|60\/100\n|-unboost|p2a: Lunala|atk|1\n|-unboost|p2b: Ogerpon|atk|1\n|move|p2b: Ogerpon|Ivy Cudgel|p1b: Groudon|[anim] Ivy Cudgel Water\n|-supereffective|p1b: Groudon\n|-damage|p1b: Groudon|0 fnt\n|faint|p1b: Groudon\n|move|p2a: Lunala|Moongeist Beam|p1a: Gouging Fire\n|-damage|p1a: Gouging Fire|0 fnt\n|faint|p1a: Gouging Fire\n|-end|p1a: Gouging Fire|Protosynthesis|[silent]\n|\n|win|Tempest brute\n|raw|Krisuerte's rating: 1783 &rarr; <strong>1765<\/strong><br \/>(-18 for losing)\n|raw|Tempest brute's rating: 1819 &rarr; <strong>1837<\/strong><br \/>(+18 for winning)\n|l|\u2606Krisuerte\n|player|p1|\n|l|\u2606Tempest brute\n|player|p2|\n|l| wlsdx\n","uploadtime":1714567864,"views":867,"formatid":"gen9vgc2024regg","rating":1765,"private":0,"password":null}