{"id":"gen9vgc2024regg-2115609913","format":"[Gen 9] VGC 2024 Reg G","players":["Daleseries12","Atrix MJ"],"log":"|j|\u2606Daleseries12\n|j|\u2606Atrix MJ\n|t:|1714580454\n|gametype|doubles\n|player|p1|Daleseries12|265|1735\n|player|p2|Atrix MJ|miku-fire|1689\n|teamsize|p1|6\n|teamsize|p2|6\n|gen|9\n|tier|[Gen 9] VGC 2024 Reg G\n|rated|\n|rule|Species Clause: Limit one of each Pok\u00e9mon\n|rule|Item Clause: Limit one of each item\n|clearpoke\n|poke|p1|Zamazenta-*, L50|\n|poke|p1|Chien-Pao, L50|\n|poke|p1|Entei, L50|\n|poke|p1|Amoonguss, L50, F|\n|poke|p1|Raging Bolt, L50|\n|poke|p1|Roaring Moon, L50|\n|poke|p2|Urshifu-*, L50, F|\n|poke|p2|Incineroar, L50, M|\n|poke|p2|Ogerpon-Wellspring, L50, F|\n|poke|p2|Farigiraf, L50, M|\n|poke|p2|Miraidon, L50|\n|poke|p2|Ninetales-Alola, L50, M|\n|teampreview|4\n|inactive|Battle timer is ON: inactive players will automatically lose when time's up. (requested by Atrix MJ)\n|j| thomas shelby 1\n|inactive|Daleseries12 has 60 seconds left.\n|inactive|Atrix MJ has 60 seconds left.\n|\n|t:|1714580502\n|start\n|switch|p1a: Roaring Moon|Roaring Moon, L50|100\/100\n|switch|p1b: Chien-Pao|Chien-Pao, L50|100\/100\n|switch|p2a: Miraidon|Miraidon, L50|100\/100\n|switch|p2b: Farigiraf|Farigiraf, L50, M|100\/100\n|-fieldstart|move: Electric Terrain|[from] ability: Hadron Engine|[of] p2a: Miraidon\n|-ability|p1b: Chien-Pao|Sword of Ruin\n|-enditem|p1a: Roaring Moon|Booster Energy\n|-activate|p1a: Roaring Moon|ability: Protosynthesis|[fromitem]\n|-start|p1a: Roaring Moon|protosynthesisspe\n|turn|1\n|inactive|Atrix MJ has 30 seconds left.\n|\n|t:|1714580534\n|switch|p2a: LeBron James|Incineroar, L50, M|100\/100\n|-ability|p2a: LeBron James|Intimidate|boost\n|-unboost|p1a: Roaring Moon|atk|1\n|-unboost|p1b: Chien-Pao|atk|1\n|-terastallize|p2b: Farigiraf|Fairy\n|move|p1a: Roaring Moon|Knock Off|p2a: LeBron James\n|-resisted|p2a: LeBron James\n|-damage|p2a: LeBron James|81\/100\n|-enditem|p2a: LeBron James|Clear Amulet|[from] move: Knock Off|[of] p1a: Roaring Moon\n|move|p1b: Chien-Pao|Ice Spinner|p2a: LeBron James\n|-resisted|p2a: LeBron James\n|-damage|p2a: LeBron James|62\/100\n|-fieldend|move: Electric Terrain\n|move|p2b: Farigiraf|Trick Room|p2b: Farigiraf\n|-fieldstart|move: Trick Room|[of] p2b: Farigiraf\n|\n|upkeep\n|turn|2\n|j| oherrodersir\n|inactive|Daleseries12 has 30 seconds left.\n|\n|t:|1714580565\n|switch|p1b: Raging Bolt|Raging Bolt, L50|100\/100\n|-end|p1a: Roaring Moon|Protosynthesis|[silent]\n|switch|p1a: Zamazenta|Zamazenta-Crowned, L50|100\/100\n|-ability|p1a: Zamazenta|Dauntless Shield|boost\n|-boost|p1a: Zamazenta|def|1\n|move|p2b: Farigiraf|Hyper Voice|p1a: Zamazenta|[spread] p1a,p1b\n|-resisted|p1a: Zamazenta\n|-damage|p1a: Zamazenta|89\/100\n|-damage|p1b: Raging Bolt|82\/100\n|-enditem|p2b: Farigiraf|Throat Spray\n|-boost|p2b: Farigiraf|spa|1|[from] item: Throat Spray\n|move|p2a: LeBron James|Flare Blitz|p1a: Zamazenta\n|-supereffective|p1a: Zamazenta\n|-damage|p1a: Zamazenta|40\/100\n|-damage|p2a: LeBron James|47\/100|[from] Recoil\n|\n|upkeep\n|turn|3\n|inactive|Daleseries12 has 30 seconds left.\n|inactive|Atrix MJ has 30 seconds left.\n|\n|t:|1714580595\n|-terastallize|p1a: Zamazenta|Water\n|move|p2b: Farigiraf|Psychic|p1a: Zamazenta\n|-damage|p1a: Zamazenta|0 fnt\n|faint|p1a: Zamazenta\n|move|p2a: LeBron James|Knock Off|p1b: Raging Bolt\n|-damage|p1b: Raging Bolt|40\/100\n|-enditem|p1b: Raging Bolt|Assault Vest|[from] move: Knock Off|[of] p2a: LeBron James\n|move|p1b: Raging Bolt|Snarl|p2b: Farigiraf|[spread] p2a,p2b\n|-resisted|p2a: LeBron James\n|-resisted|p2b: Farigiraf\n|-damage|p2a: LeBron James|39\/100\n|-damage|p2b: Farigiraf|92\/100\n|-unboost|p2a: LeBron James|spa|1\n|-unboost|p2b: Farigiraf|spa|1\n|\n|upkeep\n|j| khrice\n|j| lilpup800\n|l| khrice\n|inactive|Daleseries12 has 30 seconds left.\n|j| khrice\n|inactive|Daleseries12 has 20 seconds left.\n|\n|t:|1714580633\n|switch|p1a: Roaring Moon|Roaring Moon, L50|100\/100\n|turn|4\n|l| khrice\n|\n|t:|1714580644\n|move|p1a: Roaring Moon|Protect|p1a: Roaring Moon\n|-singleturn|p1a: Roaring Moon|Protect\n|move|p2b: Farigiraf|Hyper Voice|p1b: Raging Bolt|[spread] p1b\n|-activate|p1a: Roaring Moon|move: Protect\n|-damage|p1b: Raging Bolt|13\/100\n|move|p2a: LeBron James|Flare Blitz|p1b: Raging Bolt\n|-resisted|p1b: Raging Bolt\n|-damage|p1b: Raging Bolt|0 fnt\n|faint|p1b: Raging Bolt\n|-end|p1b: Raging Bolt|Protosynthesis|[silent]\n|-damage|p2a: LeBron James|35\/100|[from] Recoil\n|\n|upkeep\n|\n|t:|1714580655\n|switch|p1b: Chien-Pao|Chien-Pao, L50|100\/100\n|-ability|p1b: Chien-Pao|Sword of Ruin\n|turn|5\n|\n|t:|1714580670\n|move|p1b: Chien-Pao|Protect|p1b: Chien-Pao\n|-singleturn|p1b: Chien-Pao|Protect\n|move|p2b: Farigiraf|Hyper Voice|p1a: Roaring Moon|[spread] p1a\n|-activate|p1b: Chien-Pao|move: Protect\n|-damage|p1a: Roaring Moon|71\/100\n|move|p2a: LeBron James|Will-O-Wisp|p1a: Roaring Moon\n|-status|p1a: Roaring Moon|brn\n|move|p1a: Roaring Moon|Acrobatics|p2b: Farigiraf\n|-damage|p2b: Farigiraf|68\/100\n|\n|-damage|p1a: Roaring Moon|64\/100 brn|[from] brn\n|-fieldend|move: Trick Room\n|upkeep\n|turn|6\n|j| Judang\n|j| tetsuokaga\n|\n|t:|1714580693\n|switch|p2a: Ninetales|Ninetales-Alola, L50, M|100\/100\n|-weather|Snow|[from] ability: Snow Warning|[of] p2a: Ninetales\n|move|p1b: Chien-Pao|Ice Spinner|p2b: Farigiraf\n|-damage|p2b: Farigiraf|8\/100\n|move|p1a: Roaring Moon|Acrobatics|p2a: Ninetales\n|-damage|p2a: Ninetales|78\/100\n|move|p2b: Farigiraf|Trick Room|p2b: Farigiraf\n|-fieldstart|move: Trick Room|[of] p2b: Farigiraf\n|\n|-weather|Snow|[upkeep]\n|-damage|p1a: Roaring Moon|58\/100 brn|[from] brn\n|upkeep\n|turn|7\n|j| Rabbithorn01\n|inactive|Daleseries12 has 30 seconds left.\n|inactive|Atrix MJ has 30 seconds left.\n|inactive|Daleseries12 has 20 seconds left.\n|\n|t:|1714580729\n|switch|p2b: LeBron James|Incineroar, L50, M|35\/100\n|-ability|p2b: LeBron James|Intimidate|boost\n|-unboost|p1a: Roaring Moon|atk|1\n|-unboost|p1b: Chien-Pao|atk|1\n|move|p2a: Ninetales|Blizzard|p1a: Roaring Moon|[spread] p1a,p1b\n|-supereffective|p1a: Roaring Moon\n|-resisted|p1b: Chien-Pao\n|-damage|p1a: Roaring Moon|6\/100 brn\n|-damage|p1b: Chien-Pao|75\/100\n|move|p1a: Roaring Moon|Acrobatics|p2b: LeBron James\n|-damage|p2b: LeBron James|19\/100\n|move|p1b: Chien-Pao|Ice Spinner|p2b: LeBron James\n|-resisted|p2b: LeBron James\n|-damage|p2b: LeBron James|0 fnt\n|faint|p2b: LeBron James\n|\n|-weather|Snow|[upkeep]\n|-damage|p1a: Roaring Moon|0 fnt|[from] brn\n|faint|p1a: Roaring Moon\n|-end|p1a: Roaring Moon|Protosynthesis|[silent]\n|upkeep\n|\n|t:|1714580747\n|switch|p2b: Farigiraf|Farigiraf, L50, M, tera:Fairy|8\/100\n|turn|8\n|\n|t:|1714580759\n|move|p2b: Farigiraf|Hyper Voice|p1b: Chien-Pao\n|-damage|p1b: Chien-Pao|2\/100\n|move|p2a: Ninetales|Moonblast|p1b: Chien-Pao\n|-supereffective|p1b: Chien-Pao\n|-damage|p1b: Chien-Pao|0 fnt\n|faint|p1b: Chien-Pao\n|\n|win|Atrix MJ\n|raw|Daleseries12's rating: 1735 &rarr; <strong>1712<\/strong><br \/>(-23 for losing)\n|raw|Atrix MJ's rating: 1689 &rarr; <strong>1712<\/strong><br \/>(+23 for winning)\n|l| tetsuokaga\n|l|\u2606Daleseries12\n|player|p1|\n|l| Judang\n|l|\u2606Atrix MJ\n|player|p2|\n|l| thomas shelby 1\n","uploadtime":1714580766,"views":150,"formatid":"gen9vgc2024regg","rating":1712,"private":0,"password":null}