{"id":"gen9vgc2024regg-2115652694","format":"[Gen 9] VGC 2024 Reg G","players":["Daleseries12","infinitygroudon"],"log":"|j|\u2606Daleseries12\n|j|\u2606infinitygroudon\n|t:|1714584178\n|gametype|doubles\n|player|p1|Daleseries12|265|1726\n|player|p2|infinitygroudon|rancher|1717\n|teamsize|p1|6\n|teamsize|p2|6\n|gen|9\n|tier|[Gen 9] VGC 2024 Reg G\n|rated|\n|rule|Species Clause: Limit one of each Pok\u00e9mon\n|rule|Item Clause: Limit one of each item\n|clearpoke\n|poke|p1|Zamazenta-*, L50|\n|poke|p1|Chien-Pao, L50|\n|poke|p1|Entei, L50|\n|poke|p1|Amoonguss, L50, F|\n|poke|p1|Raging Bolt, L50|\n|poke|p1|Roaring Moon, L50|\n|poke|p2|Miraidon, L50|\n|poke|p2|Incineroar, L50, M|\n|poke|p2|Iron Leaves, L50|\n|poke|p2|Tornadus, L50, M|\n|poke|p2|Urshifu-*, L50, F|\n|poke|p2|Chi-Yu, L50|\n|teampreview|4\n|\n|t:|1714584225\n|start\n|switch|p1a: Chien-Pao|Chien-Pao, L50|100\/100\n|switch|p1b: Raging Bolt|Raging Bolt, L50|100\/100\n|switch|p2a: Iron Leaves|Iron Leaves, L50|100\/100\n|switch|p2b: Urshifu|Urshifu-Rapid-Strike, L50, F|100\/100\n|-ability|p1a: Chien-Pao|Sword of Ruin\n|turn|1\n|inactive|Battle timer is ON: inactive players will automatically lose when time's up. (requested by Daleseries12)\n|j| cc521\n|inactive|Daleseries12 has 60 seconds left.\n|\n|t:|1714584257\n|switch|p1a: Roaring Moon|Roaring Moon, L50|100\/100\n|-enditem|p1a: Roaring Moon|Booster Energy\n|-activate|p1a: Roaring Moon|ability: Protosynthesis|[fromitem]\n|-start|p1a: Roaring Moon|protosynthesisspe\n|switch|p2b: Miraidon|Miraidon, L50|100\/100\n|-fieldstart|move: Electric Terrain|[from] ability: Hadron Engine|[of] p2b: Miraidon\n|-activate|p2a: Iron Leaves|ability: Quark Drive\n|-start|p2a: Iron Leaves|quarkdrivespe\n|-terastallize|p2a: Iron Leaves|Dark\n|move|p2a: Iron Leaves|Psyblade|p1b: Raging Bolt\n|-damage|p1b: Raging Bolt|32\/100\n|move|p1b: Raging Bolt|Snarl|p2b: Miraidon|[spread] p2b\n|-miss|p1b: Raging Bolt|p2a: Iron Leaves\n|-damage|p2b: Miraidon|90\/100\n|-unboost|p2b: Miraidon|spa|1\n|\n|upkeep\n|turn|2\n|inactive|Daleseries12 has 30 seconds left.\n|j| precipiceagle\n|inactive|Daleseries12 has 20 seconds left.\n|\n|t:|1714584296\n|move|p1b: Raging Bolt|Thunderclap|p2a: Iron Leaves\n|-damage|p2a: Iron Leaves|48\/100\n|move|p1a: Roaring Moon|Breaking Swipe|p2a: Iron Leaves|[spread] p2a,p2b\n|-supereffective|p2b: Miraidon\n|-damage|p2a: Iron Leaves|21\/100\n|-damage|p2b: Miraidon|52\/100\n|-unboost|p2a: Iron Leaves|atk|1\n|-unboost|p2b: Miraidon|atk|1\n|move|p2a: Iron Leaves|Psyblade|p1b: Raging Bolt\n|-damage|p1b: Raging Bolt|0 fnt\n|faint|p1b: Raging Bolt\n|-end|p1b: Raging Bolt|Protosynthesis|[silent]\n|move|p2b: Miraidon|Draco Meteor|p1a: Roaring Moon\n|-supereffective|p1a: Roaring Moon\n|-damage|p1a: Roaring Moon|14\/100\n|-unboost|p2b: Miraidon|spa|2\n|\n|upkeep\n|j| BenzVGC\n|\n|t:|1714584321\n|switch|p1b: Chien-Pao|Chien-Pao, L50|100\/100\n|-ability|p1b: Chien-Pao|Sword of Ruin\n|turn|3\n|\n|t:|1714584346\n|-end|p2a: Iron Leaves|Quark Drive|[silent]\n|switch|p2a: Chi-Yu|Chi-Yu, L50|100\/100\n|-ability|p2a: Chi-Yu|Beads of Ruin\n|move|p1a: Roaring Moon|Breaking Swipe|p2a: Chi-Yu|[spread] p2a,p2b\n|-supereffective|p2b: Miraidon\n|-damage|p2a: Chi-Yu|48\/100\n|-damage|p2b: Miraidon|2\/100\n|-unboost|p2a: Chi-Yu|atk|1\n|-unboost|p2b: Miraidon|atk|1\n|move|p2b: Miraidon|Volt Switch|p1b: Chien-Pao\n|-damage|p1b: Chien-Pao|48\/100\n|\n|t:|1714584357\n|switch|p2b: Urshifu|Urshifu-Rapid-Strike, L50, F|100\/100|[from] Volt Switch\n|move|p1b: Chien-Pao|Ice Spinner|p2b: Urshifu\n|-resisted|p2b: Urshifu\n|-damage|p2b: Urshifu|73\/100\n|-fieldend|move: Electric Terrain\n|\n|upkeep\n|turn|4\n|inactive|Daleseries12 has 30 seconds left.\n|inactive|Daleseries12 has 20 seconds left.\n|inactive|Daleseries12 has 15 seconds left.\n|\n|t:|1714584401\n|switch|p1b: Zamazenta|Zamazenta-Crowned, L50|100\/100\n|-ability|p1b: Zamazenta|Dauntless Shield|boost\n|-boost|p1b: Zamazenta|def|1\n|move|p2b: Urshifu|Aqua Jet|p1a: Roaring Moon\n|-resisted|p1a: Roaring Moon\n|-damage|p1a: Roaring Moon|0 fnt\n|faint|p1a: Roaring Moon\n|-end|p1a: Roaring Moon|Protosynthesis|[silent]\n|move|p2a: Chi-Yu|Heat Wave|p1b: Zamazenta|[miss]\n|-miss|p2a: Chi-Yu|p1b: Zamazenta\n|\n|upkeep\n|\n|t:|1714584411\n|switch|p1a: Chien-Pao|Chien-Pao, L50|48\/100\n|-ability|p1a: Chien-Pao|Sword of Ruin\n|turn|5\n|\n|t:|1714584431\n|-terastallize|p1b: Zamazenta|Grass\n|move|p1a: Chien-Pao|Protect|p1a: Chien-Pao\n|-singleturn|p1a: Chien-Pao|Protect\n|move|p2a: Chi-Yu|Protect|p2a: Chi-Yu\n|-singleturn|p2a: Chi-Yu|Protect\n|move|p1b: Zamazenta|Body Press|p2a: Chi-Yu\n|-activate|p2a: Chi-Yu|move: Protect\n|move|p2b: Urshifu|Surging Strikes|p1a: Chien-Pao\n|-crit|p1a: Chien-Pao\n|-damage|p1a: Chien-Pao|15\/100\n|-crit|p1a: Chien-Pao\n|-damage|p1a: Chien-Pao|0 fnt\n|faint|p1a: Chien-Pao\n|-hitcount|p1: Chien-Pao|2\n|\n|upkeep\n|turn|6\n|\n|t:|1714584451\n|move|p1b: Zamazenta|Body Press|p2a: Chi-Yu\n|-supereffective|p2a: Chi-Yu\n|-damage|p2a: Chi-Yu|0 fnt\n|faint|p2a: Chi-Yu\n|move|p2b: Urshifu|Close Combat|p1b: Zamazenta\n|-damage|p1b: Zamazenta|75\/100\n|-unboost|p2b: Urshifu|def|1\n|-unboost|p2b: Urshifu|spd|1\n|\n|upkeep\n|\n|t:|1714584457\n|switch|p2a: Miraidon|Miraidon, L50|2\/100\n|-fieldstart|move: Electric Terrain|[from] ability: Hadron Engine|[of] p2a: Miraidon\n|turn|7\n|\n|t:|1714584467\n|move|p2a: Miraidon|Draco Meteor|p1b: Zamazenta|[miss]\n|-miss|p2a: Miraidon|p1b: Zamazenta\n|move|p1b: Zamazenta|Body Press|p2a: Miraidon\n|-damage|p2a: Miraidon|0 fnt\n|faint|p2a: Miraidon\n|move|p2b: Urshifu|Close Combat|p1b: Zamazenta\n|-damage|p1b: Zamazenta|50\/100\n|-unboost|p2b: Urshifu|def|1\n|-unboost|p2b: Urshifu|spd|1\n|\n|upkeep\n|\n|t:|1714584470\n|switch|p2a: Iron Leaves|Iron Leaves, L50, tera:Dark|21\/100\n|-activate|p2a: Iron Leaves|ability: Quark Drive\n|-start|p2a: Iron Leaves|quarkdrivespe\n|turn|8\n|l| cc521\n|\n|t:|1714584483\n|move|p2a: Iron Leaves|Psyblade|p1b: Zamazenta\n|-damage|p1b: Zamazenta|16\/100\n|move|p1b: Zamazenta|Body Press|p2a: Iron Leaves\n|-supereffective|p2a: Iron Leaves\n|-damage|p2a: Iron Leaves|0 fnt\n|faint|p2a: Iron Leaves\n|-end|p2a: Iron Leaves|Quark Drive|[silent]\n|move|p2b: Urshifu|Close Combat|p1b: Zamazenta\n|-damage|p1b: Zamazenta|0 fnt\n|-unboost|p2b: Urshifu|def|1\n|-unboost|p2b: Urshifu|spd|1\n|faint|p1b: Zamazenta\n|\n|win|infinitygroudon\n|raw|Daleseries12's rating: 1726 &rarr; <strong>1705<\/strong><br \/>(-21 for losing)\n|raw|infinitygroudon's rating: 1717 &rarr; <strong>1738<\/strong><br \/>(+21 for winning)\n|l|\u2606infinitygroudon\n|player|p2|\n|l| precipiceagle\n|l|\u2606Daleseries12\n|player|p1|\n","uploadtime":1714584714,"views":116,"formatid":"gen9vgc2024regg","rating":1705,"private":0,"password":null}