{"id":"gen9vgc2024regg-2115659334","format":"[Gen 9] VGC 2024 Reg G","players":["fyfyyalt1","Daleseries12"],"log":"|j|\u2606fyfyyalt1\n|j|\u2606Daleseries12\n|t:|1714584759\n|gametype|doubles\n|player|p1|fyfyyalt1|1|1740\n|player|p2|Daleseries12|265|1726\n|teamsize|p1|6\n|teamsize|p2|6\n|gen|9\n|tier|[Gen 9] VGC 2024 Reg G\n|rated|\n|rule|Species Clause: Limit one of each Pok\u00e9mon\n|rule|Item Clause: Limit one of each item\n|clearpoke\n|poke|p1|Tornadus, L50, M|\n|poke|p1|Landorus, L50, M|\n|poke|p1|Kyogre, L50|\n|poke|p1|Farigiraf, L50, F|\n|poke|p1|Archaludon, L50, M|\n|poke|p1|Chien-Pao, L50|\n|poke|p2|Zamazenta-*, L50|\n|poke|p2|Chien-Pao, L50|\n|poke|p2|Entei, L50|\n|poke|p2|Amoonguss, L50, M|\n|poke|p2|Raging Bolt, L50|\n|poke|p2|Roaring Moon, L50|\n|teampreview|4\n|j| Judang\n|\n|t:|1714584810\n|start\n|switch|p1a: Tornadus|Tornadus, L50, M|100\/100\n|switch|p1b: Chien-Pao|Chien-Pao, L50|100\/100\n|switch|p2a: Chien-Pao|Chien-Pao, L50|100\/100\n|switch|p2b: Raging Bolt|Raging Bolt, L50|100\/100\n|-ability|p2a: Chien-Pao|Sword of Ruin\n|-ability|p1b: Chien-Pao|Sword of Ruin\n|turn|1\n|inactive|Battle timer is ON: inactive players will automatically lose when time's up. (requested by Daleseries12)\n|\n|t:|1714584834\n|-end|p2b: Raging Bolt|Protosynthesis|[silent]\n|switch|p2b: Zamazenta|Zamazenta-Crowned, L50|100\/100\n|-ability|p2b: Zamazenta|Dauntless Shield|boost\n|-boost|p2b: Zamazenta|def|1\n|move|p1a: Tornadus|Tailwind|p1a: Tornadus\n|-sidestart|p1: fyfyyalt1|move: Tailwind\n|move|p1b: Chien-Pao|Ice Spinner|p2b: Zamazenta\n|-resisted|p2b: Zamazenta\n|-damage|p2b: Zamazenta|89\/100\n|move|p2a: Chien-Pao|Ice Spinner|p1a: Tornadus\n|-supereffective|p1a: Tornadus\n|-damage|p1a: Tornadus|0 fnt\n|faint|p1a: Tornadus\n|\n|upkeep\n|\n|t:|1714584839\n|switch|p1a: Landorus|Landorus, L50, M|100\/100\n|turn|2\n|j| PoggibonsiCity\n|j| ND9PON venesha\n|inactive|Daleseries12 has 30 seconds left.\n|\n|t:|1714584867\n|-terastallize|p1a: Landorus|Poison\n|-terastallize|p2b: Zamazenta|Grass\n|move|p2a: Chien-Pao|Protect|p2a: Chien-Pao\n|-singleturn|p2a: Chien-Pao|Protect\n|move|p1b: Chien-Pao|Ice Spinner|p2a: Chien-Pao\n|-activate|p2a: Chien-Pao|move: Protect\n|move|p1a: Landorus|Sandsear Storm|p2a: Chien-Pao|[spread] p2b\n|-activate|p2a: Chien-Pao|move: Protect\n|-resisted|p2b: Zamazenta\n|-damage|p2b: Zamazenta|68\/100\n|move|p2b: Zamazenta|Behemoth Bash|p1b: Chien-Pao\n|-supereffective|p1b: Chien-Pao\n|-enditem|p1b: Chien-Pao|Focus Sash\n|-damage|p1b: Chien-Pao|1\/100\n|\n|upkeep\n|turn|3\n|inactive|Daleseries12 has 30 seconds left.\n|\n|t:|1714584893\n|move|p1b: Chien-Pao|Sucker Punch|p2a: Chien-Pao\n|-resisted|p2a: Chien-Pao\n|-damage|p2a: Chien-Pao|77\/100\n|move|p2a: Chien-Pao|Sucker Punch||[still]\n|-fail|p2a: Chien-Pao\n|move|p1a: Landorus|Sandsear Storm|p2b: Zamazenta|[spread] p2a,p2b\n|-resisted|p2b: Zamazenta\n|-damage|p2a: Chien-Pao|0 fnt\n|-damage|p2b: Zamazenta|48\/100\n|faint|p2a: Chien-Pao\n|move|p2b: Zamazenta|Behemoth Bash|p1a: Landorus\n|-damage|p1a: Landorus|40\/100\n|\n|upkeep\n|\n|t:|1714584916\n|switch|p2a: Raging Bolt|Raging Bolt, L50|100\/100\n|turn|4\n|\n|t:|1714584933\n|move|p1b: Chien-Pao|Protect|p1b: Chien-Pao\n|-singleturn|p1b: Chien-Pao|Protect\n|move|p1a: Landorus|Protect|p1a: Landorus\n|-singleturn|p1a: Landorus|Protect\n|move|p2b: Zamazenta|Wide Guard|p2b: Zamazenta\n|-singleturn|p2b: Zamazenta|Wide Guard\n|move|p2a: Raging Bolt|Discharge|p1a: Landorus|[spread] \n|-activate|p2b: Zamazenta|move: Wide Guard\n|-activate|p1a: Landorus|move: Protect\n|-activate|p1b: Chien-Pao|move: Protect\n|\n|-sideend|p1: fyfyyalt1|move: Tailwind\n|upkeep\n|turn|5\n|\n|t:|1714584956\n|move|p2a: Raging Bolt|Thunderclap|p1a: Landorus\n|-damage|p1a: Landorus|0 fnt\n|faint|p1a: Landorus\n|move|p1b: Chien-Pao|Ice Spinner|p2b: Zamazenta\n|-supereffective|p2b: Zamazenta\n|-damage|p2b: Zamazenta|0 fnt\n|faint|p2b: Zamazenta\n|\n|upkeep\n|\n|t:|1714584962\n|switch|p2b: Roaring Moon|Roaring Moon, L50|100\/100\n|switch|p1a: Archaludon|Archaludon, L50, M|100\/100\n|-enditem|p2b: Roaring Moon|Booster Energy\n|-activate|p2b: Roaring Moon|ability: Protosynthesis|[fromitem]\n|-start|p2b: Roaring Moon|protosynthesisspe\n|turn|6\n|inactive|Daleseries12 has 30 seconds left.\n|\n|t:|1714584991\n|move|p1b: Chien-Pao|Sucker Punch|p2a: Raging Bolt\n|-damage|p2a: Raging Bolt|58\/100\n|move|p2b: Roaring Moon|Breaking Swipe|p1a: Archaludon|[spread] p1a,p1b\n|-damage|p1a: Archaludon|78\/100\n|-damage|p1b: Chien-Pao|0 fnt\n|-unboost|p1a: Archaludon|atk|1\n|-ability|p1a: Archaludon|Stamina|boost\n|-boost|p1a: Archaludon|def|1\n|faint|p1b: Chien-Pao\n|move|p1a: Archaludon|Draco Meteor|p2a: Raging Bolt\n|-supereffective|p2a: Raging Bolt\n|-crit|p2a: Raging Bolt\n|-damage|p2a: Raging Bolt|0 fnt\n|-unboost|p1a: Archaludon|spa|2\n|faint|p2a: Raging Bolt\n|-end|p2a: Raging Bolt|Protosynthesis|[silent]\n|\n|upkeep\n|turn|7\n|\n|t:|1714585013\n|move|p2b: Roaring Moon|Knock Off|p1a: Archaludon\n|-damage|p1a: Archaludon|56\/100\n|-ability|p1a: Archaludon|Stamina|boost\n|-boost|p1a: Archaludon|def|1\n|-enditem|p1a: Archaludon|Assault Vest|[from] move: Knock Off|[of] p2b: Roaring Moon\n|move|p1a: Archaludon|Body Press|p2b: Roaring Moon\n|-supereffective|p2b: Roaring Moon\n|-damage|p2b: Roaring Moon|0 fnt\n|faint|p2b: Roaring Moon\n|-end|p2b: Roaring Moon|Protosynthesis|[silent]\n|\n|win|fyfyyalt1\n|raw|fyfyyalt1's rating: 1740 &rarr; <strong>1759<\/strong><br \/>(+19 for winning)\n|raw|Daleseries12's rating: 1726 &rarr; <strong>1707<\/strong><br \/>(-19 for losing)\n|c|\u2606fyfyyalt1|gg\n|l| ND9PON venesha\n|l| PoggibonsiCity\n|l|\u2606Daleseries12\n|player|p2|\n","uploadtime":1714585271,"views":80,"formatid":"gen9vgc2024regg","rating":1707,"private":0,"password":null}