{"id":"gen9vgc2024regg-2116246492","format":"[Gen 9] VGC 2024 Reg G","players":["Tempest brute","CyanConure"],"log":"|j|\u2606Tempest brute\n|j|\u2606CyanConure\n|t:|1714659195\n|gametype|doubles\n|player|p1|Tempest brute|266|1843\n|player|p2|CyanConure|falkner|1692\n|teamsize|p1|6\n|teamsize|p2|6\n|gen|9\n|tier|[Gen 9] VGC 2024 Reg G\n|rated|\n|rule|Species Clause: Limit one of each Pok\u00e9mon\n|rule|Item Clause: Limit one of each item\n|clearpoke\n|poke|p1|Lunala, L50|\n|poke|p1|Roaring Moon, L50|\n|poke|p1|Entei, L50|\n|poke|p1|Ogerpon-Wellspring, L50, F|\n|poke|p1|Iron Hands, L50|\n|poke|p1|Corviknight, L50, F|\n|poke|p2|Terapagos, L50, M|\n|poke|p2|Incineroar, L50, M|\n|poke|p2|Rillaboom, L50, M|\n|poke|p2|Comfey, L50, M|\n|poke|p2|Urshifu-*, L50, M|\n|poke|p2|Ogerpon-Wellspring, L50, F|\n|teampreview|4\n|inactive|Battle timer is ON: inactive players will automatically lose when time's up. (requested by CyanConure)\n|j| Hydrion\n|j| dazaivgc\n|inactive|Tempest brute has 60 seconds left.\n|\n|t:|1714659255\n|start\n|switch|p1a: Corviknight|Corviknight, L50, F|100\/100\n|switch|p1b: Lunala|Lunala, L50|100\/100\n|switch|p2a: Buff Furry Man|Incineroar, L50, M|100\/100\n|switch|p2b: Sadge (Wo)Man|Ogerpon-Wellspring, L50, F|100\/100\n|-ability|p2a: Buff Furry Man|Intimidate|boost\n|-ability|p1a: Corviknight|Mirror Armor\n|-unboost|p2a: Buff Furry Man|atk|1\n|-unboost|p1b: Lunala|atk|1\n|turn|1\n|j| Gmaybe\n|inactive|CyanConure has 30 seconds left.\n|\n|t:|1714659287\n|move|p2b: Sadge (Wo)Man|Follow Me|p2b: Sadge (Wo)Man\n|-singleturn|p2b: Sadge (Wo)Man|move: Follow Me\n|move|p1b: Lunala|Will-O-Wisp|p2b: Sadge (Wo)Man|[miss]\n|-miss|p1b: Lunala|p2b: Sadge (Wo)Man\n|move|p1a: Corviknight|Brave Bird|p2b: Sadge (Wo)Man\n|-supereffective|p2b: Sadge (Wo)Man\n|-damage|p2b: Sadge (Wo)Man|16\/100\n|-damage|p1a: Corviknight|76\/100|[from] Recoil\n|move|p2a: Buff Furry Man|Knock Off|p1b: Lunala\n|-supereffective|p1b: Lunala\n|-damage|p1b: Lunala|67\/100\n|-enditem|p1b: Lunala|Leftovers|[from] move: Knock Off|[of] p2a: Buff Furry Man\n|\n|upkeep\n|turn|2\n|\n|t:|1714659304\n|move|p2b: Sadge (Wo)Man|Spiky Shield|p2b: Sadge (Wo)Man\n|-singleturn|p2b: Sadge (Wo)Man|move: Protect\n|move|p1b: Lunala|Moonlight|p1b: Lunala\n|-heal|p1b: Lunala|100\/100\n|move|p1a: Corviknight|Tailwind|p1a: Corviknight\n|-sidestart|p1: Tempest brute|move: Tailwind\n|move|p2a: Buff Furry Man|Knock Off|p1b: Lunala\n|-supereffective|p1b: Lunala\n|-damage|p1b: Lunala|77\/100\n|\n|upkeep\n|turn|3\n|\n|t:|1714659326\n|switch|p1b: Ogerpon|Ogerpon-Wellspring, L50, F|100\/100\n|move|p1a: Corviknight|Brave Bird|p2b: Sadge (Wo)Man\n|-supereffective|p2b: Sadge (Wo)Man\n|-damage|p2b: Sadge (Wo)Man|0 fnt\n|faint|p2b: Sadge (Wo)Man\n|-damage|p1a: Corviknight|71\/100|[from] Recoil\n|move|p2a: Buff Furry Man|Knock Off|p1b: Ogerpon\n|-damage|p1b: Ogerpon|84\/100\n|\n|upkeep\n|\n|t:|1714659344\n|switch|p2b: Turtle Man|Terapagos, L50, M|100\/100\n|-activate|p2b: Turtle Man|ability: Tera Shift\n|detailschange|p2b: Turtle Man|Terapagos-Terastal, L50, M\n|-heal|p2b: Turtle Man|100\/100|[silent]\n|turn|4\n|\n|t:|1714659354\n|move|p1b: Ogerpon|Ivy Cudgel|p2a: Buff Furry Man|[anim] Ivy Cudgel Water\n|-supereffective|p2a: Buff Furry Man\n|-damage|p2a: Buff Furry Man|7\/100\n|-enditem|p2a: Buff Furry Man|Sitrus Berry|[eat]\n|-heal|p2a: Buff Furry Man|31\/100|[from] item: Sitrus Berry\n|move|p1a: Corviknight|Taunt|p2b: Turtle Man\n|-start|p2b: Turtle Man|move: Taunt\n|cant|p2b: Turtle Man|move: Taunt|Calm Mind\n|move|p2a: Buff Furry Man|Parting Shot|p1b: Ogerpon\n|-unboost|p1b: Ogerpon|atk|1\n|-unboost|p1b: Ogerpon|spa|1\n|\n|t:|1714659367\n|switch|p2a: Medic Man|Comfey, L50, M, shiny|100\/100|[from] Parting Shot\n|\n|upkeep\n|turn|5\n|\n|t:|1714659373\n|switch|p2b: Buff Furry Man|Incineroar, L50, M|31\/100\n|-ability|p2b: Buff Furry Man|Intimidate|boost\n|-ability|p1a: Corviknight|Mirror Armor\n|-unboost|p2b: Buff Furry Man|atk|1\n|-unboost|p1b: Ogerpon|atk|1\n|move|p1b: Ogerpon|Ivy Cudgel|p2a: Medic Man|[anim] Ivy Cudgel Water\n|-damage|p2a: Medic Man|73\/100\n|move|p1a: Corviknight|Brave Bird|p2a: Medic Man\n|-damage|p2a: Medic Man|37\/100\n|-damage|p1a: Corviknight|62\/100|[from] Recoil\n|move|p2a: Medic Man|Taunt|p1a: Corviknight\n|-start|p1a: Corviknight|move: Taunt\n|\n|-sideend|p1: Tempest brute|move: Tailwind\n|upkeep\n|turn|6\n|\n|t:|1714659393\n|switch|p2b: Turtle Man|Terapagos-Terastal, L50, M|100\/100\n|move|p2a: Medic Man|Protect|p2a: Medic Man\n|-singleturn|p2a: Medic Man|Protect\n|move|p1b: Ogerpon|Ivy Cudgel|p2b: Turtle Man|[anim] Ivy Cudgel Water\n|-activate|p2b: Turtle Man|ability: Tera Shell\n|-resisted|p2b: Turtle Man\n|-crit|p2b: Turtle Man\n|-damage|p2b: Turtle Man|69\/100\n|move|p1a: Corviknight|Brave Bird|p2a: Medic Man\n|-activate|p2a: Medic Man|move: Protect\n|\n|upkeep\n|turn|7\n|\n|t:|1714659410\n|switch|p2a: Buff Furry Man|Incineroar, L50, M|31\/100\n|-ability|p2a: Buff Furry Man|Intimidate|boost\n|-ability|p1a: Corviknight|Mirror Armor\n|-unboost|p2a: Buff Furry Man|atk|1\n|-unboost|p1b: Ogerpon|atk|1\n|move|p1b: Ogerpon|Ivy Cudgel|p2a: Buff Furry Man|[anim] Ivy Cudgel Water\n|-supereffective|p2a: Buff Furry Man\n|-damage|p2a: Buff Furry Man|0 fnt\n|faint|p2a: Buff Furry Man\n|move|p2b: Turtle Man|Calm Mind|p2b: Turtle Man\n|-boost|p2b: Turtle Man|spa|1\n|-boost|p2b: Turtle Man|spd|1\n|move|p1a: Corviknight|Brave Bird|p2b: Turtle Man\n|-damage|p2b: Turtle Man|37\/100\n|-damage|p1a: Corviknight|52\/100|[from] Recoil\n|\n|upkeep\n|\n|t:|1714659427\n|switch|p2a: Medic Man|Comfey, L50, M, shiny|37\/100\n|turn|8\n|\n|t:|1714659437\n|switch|p1b: Lunala|Lunala, L50|77\/100\n|-terastallize|p2b: Turtle Man|Stellar\n|detailschange|p2b: Turtle Man|Terapagos-Stellar, L50, M, tera:Stellar\n|-heal|p2b: Turtle Man|53\/100|[silent]\n|move|p2a: Medic Man|Floral Healing|p2b: Turtle Man\n|-heal|p2b: Turtle Man|100\/100\n|move|p2b: Turtle Man|Tera Starstorm|p1b: Lunala|[spread] p1a,p1b\n|-damage|p1a: Corviknight|0 fnt\n|-damage|p1b: Lunala|46\/100\n|faint|p1a: Corviknight\n|\n|upkeep\n|j| neebieplayersea\n|\n|t:|1714659445\n|switch|p1a: Ogerpon|Ogerpon-Wellspring, L50, F|84\/100\n|turn|9\n|\n|t:|1714659456\n|move|p2a: Medic Man|Protect|p2a: Medic Man\n|-singleturn|p2a: Medic Man|Protect\n|move|p1a: Ogerpon|Ivy Cudgel|p2a: Medic Man|[anim] Ivy Cudgel Water\n|-activate|p2a: Medic Man|move: Protect\n|move|p1b: Lunala|Moonlight|p1b: Lunala\n|-heal|p1b: Lunala|96\/100\n|move|p2b: Turtle Man|Tera Starstorm|p1a: Ogerpon|[spread] p1a,p1b\n|-damage|p1a: Ogerpon|23\/100\n|-damage|p1b: Lunala|64\/100\n|\n|upkeep\n|turn|10\n|l| neebieplayersea\n|inactive|CyanConure has 30 seconds left.\n|\n|t:|1714659490\n|move|p2a: Medic Man|Draining Kiss|p1a: Ogerpon\n|-damage|p1a: Ogerpon|8\/100\n|-heal|p2a: Medic Man|50\/100|[from] drain|[of] p1a: Ogerpon\n|move|p1a: Ogerpon|Ivy Cudgel|p2a: Medic Man|[anim] Ivy Cudgel Water\n|-damage|p2a: Medic Man|0 fnt\n|faint|p2a: Medic Man\n|move|p1b: Lunala|Moonlight|p1b: Lunala\n|-heal|p1b: Lunala|100\/100\n|move|p2b: Turtle Man|Calm Mind|p2b: Turtle Man\n|-boost|p2b: Turtle Man|spa|1\n|-boost|p2b: Turtle Man|spd|1\n|\n|upkeep\n|turn|11\n|\n|t:|1714659504\n|move|p1a: Ogerpon|Ivy Cudgel|p2b: Turtle Man|[anim] Ivy Cudgel Water\n|-crit|p2b: Turtle Man\n|-damage|p2b: Turtle Man|45\/100\n|move|p1b: Lunala|Will-O-Wisp|p2b: Turtle Man\n|-status|p2b: Turtle Man|brn\n|move|p2b: Turtle Man|Tera Starstorm|p1b: Lunala|[spread] p1a,p1b\n|-damage|p1a: Ogerpon|0 fnt\n|-damage|p1b: Lunala|77\/100\n|faint|p1a: Ogerpon\n|\n|-damage|p2b: Turtle Man|39\/100 brn|[from] brn\n|upkeep\n|\n|t:|1714659509\n|switch|p1a: Iron Hands|Iron Hands, L50|100\/100\n|turn|12\n|\n|t:|1714659521\n|move|p1a: Iron Hands|Fake Out|p2b: Turtle Man\n|-damage|p2b: Turtle Man|31\/100 brn\n|move|p1b: Lunala|Moongeist Beam|p2b: Turtle Man\n|-immune|p2b: Turtle Man\n|move|p2b: Turtle Man|Tera Starstorm|p1a: Iron Hands|[spread] p1a,p1b\n|-damage|p1a: Iron Hands|50\/100\n|-damage|p1b: Lunala|28\/100\n|\n|-damage|p2b: Turtle Man|25\/100 brn|[from] brn\n|upkeep\n|turn|13\n|\n|t:|1714659533\n|move|p1b: Lunala|Moonlight|p1b: Lunala\n|-heal|p1b: Lunala|78\/100\n|move|p2b: Turtle Man|Tera Starstorm|p1a: Iron Hands|[spread] p1a,p1b\n|-damage|p1a: Iron Hands|1\/100\n|-damage|p1b: Lunala|34\/100\n|-enditem|p1a: Iron Hands|Iapapa Berry|[eat]\n|-heal|p1a: Iron Hands|34\/100|[from] item: Iapapa Berry\n|move|p1a: Iron Hands|Drain Punch|p2b: Turtle Man\n|-supereffective|p2b: Turtle Man\n|-damage|p2b: Turtle Man|0 fnt\n|-heal|p1a: Iron Hands|48\/100|[from] drain|[of] p2b: Turtle Man\n|faint|p2b: Turtle Man\n|\n|win|Tempest brute\n|raw|Tempest brute's rating: 1843 &rarr; <strong>1855<\/strong><br \/>(+12 for winning)\n|raw|CyanConure's rating: 1692 &rarr; <strong>1680<\/strong><br \/>(-12 for losing)\n|c|\u2606Tempest brute|gg\n|l|\u2606CyanConure\n|player|p2|\n|l|\u2606Tempest brute\n|player|p1|\n|j|\u2606Tempest brute\n|player|p1|Tempest brute|266|\n|l| Hydrion\n|l| Gmaybe\n|l| dazaivgc\n","uploadtime":1714659715,"views":49,"formatid":"gen9vgc2024regg","rating":1680,"private":0,"password":null}