{"id":"gen9vgc2024regg-2116796778","format":"[Gen 9] VGC 2024 Reg G","players":["Lil Tic","Tempest brute"],"log":"|j|\u2606Lil Tic\n|j|\u2606Tempest brute\n|t:|1714719020\n|gametype|doubles\n|player|p1|Lil Tic|ninjaboy|1712\n|player|p2|Tempest brute|170|1737\n|teamsize|p1|6\n|teamsize|p2|6\n|gen|9\n|tier|[Gen 9] VGC 2024 Reg G\n|rated|\n|rule|Species Clause: Limit one of each Pok\u00e9mon\n|rule|Item Clause: Limit one of each item\n|clearpoke\n|poke|p1|Zamazenta-*, L50|\n|poke|p1|Incineroar, L50, M|\n|poke|p1|Sinistcha, L50|\n|poke|p1|Tyranitar, L50, M|\n|poke|p1|Gastrodon, L50, F|\n|poke|p1|Grimmsnarl, L50, M|\n|poke|p2|Lunala, L50|\n|poke|p2|Roaring Moon, L50|\n|poke|p2|Entei, L50|\n|poke|p2|Ogerpon-Wellspring, L50, F|\n|poke|p2|Iron Hands, L50|\n|poke|p2|Corviknight, L50, F|\n|teampreview|4\n|inactive|Battle timer is ON: inactive players will automatically lose when time's up. (requested by Lil Tic)\n|\n|t:|1714719047\n|start\n|switch|p1a: Grimmsnarl|Grimmsnarl, L50, M, shiny|100\/100\n|switch|p1b: Tyranitar|Tyranitar, L50, M|100\/100\n|switch|p2a: Lunala|Lunala, L50|100\/100\n|switch|p2b: Entei|Entei, L50|100\/100\n|-weather|Sandstorm|[from] ability: Sand Stream|[of] p1b: Tyranitar\n|turn|1\n|\n|t:|1714719058\n|switch|p2b: Iron Hands|Iron Hands, L50|100\/100\n|move|p2a: Lunala|Protect|p2a: Lunala\n|-singleturn|p2a: Lunala|Protect\n|move|p1a: Grimmsnarl|Reflect|p1a: Grimmsnarl\n|-sidestart|p1: Lil Tic|Reflect\n|move|p1b: Tyranitar|Stone Edge|p2b: Iron Hands\n|-resisted|p2b: Iron Hands\n|-crit|p2b: Iron Hands\n|-damage|p2b: Iron Hands|75\/100\n|\n|-weather|Sandstorm|[upkeep]\n|-damage|p2a: Lunala|94\/100|[from] Sandstorm\n|-damage|p1a: Grimmsnarl|95\/100|[from] Sandstorm\n|-damage|p2b: Iron Hands|69\/100|[from] Sandstorm\n|-heal|p2a: Lunala|100\/100|[from] item: Leftovers\n|upkeep\n|turn|2\n|\n|t:|1714719080\n|-terastallize|p1b: Tyranitar|Fairy\n|move|p2b: Iron Hands|Fake Out|p1b: Tyranitar\n|-damage|p1b: Tyranitar|94\/100\n|move|p2a: Lunala|Will-O-Wisp|p1b: Tyranitar\n|-status|p1b: Tyranitar|brn\n|cant|p1b: Tyranitar|flinch\n|move|p1a: Grimmsnarl|Spirit Break|p2a: Lunala\n|-damage|p2a: Lunala|91\/100\n|-unboost|p2a: Lunala|spa|1\n|\n|-weather|Sandstorm|[upkeep]\n|-damage|p2a: Lunala|84\/100|[from] Sandstorm\n|-damage|p1b: Tyranitar|88\/100 brn|[from] Sandstorm\n|-damage|p1a: Grimmsnarl|89\/100|[from] Sandstorm\n|-damage|p2b: Iron Hands|63\/100|[from] Sandstorm\n|-heal|p2a: Lunala|91\/100|[from] item: Leftovers\n|-damage|p1b: Tyranitar|83\/100 brn|[from] brn\n|upkeep\n|turn|3\n|\n|t:|1714719096\n|-end|p2b: Iron Hands|Quark Drive|[silent]\n|switch|p2b: Ogerpon|Ogerpon-Wellspring, L50, F|100\/100\n|move|p2a: Lunala|Protect|p2a: Lunala\n|-singleturn|p2a: Lunala|Protect\n|move|p1a: Grimmsnarl|Light Screen|p1a: Grimmsnarl\n|-sidestart|p1: Lil Tic|move: Light Screen\n|move|p1b: Tyranitar|Knock Off|p2b: Ogerpon\n|-crit|p2b: Ogerpon\n|-damage|p2b: Ogerpon|72\/100\n|\n|-weather|Sandstorm|[upkeep]\n|-damage|p2b: Ogerpon|66\/100|[from] Sandstorm\n|-damage|p2a: Lunala|84\/100|[from] Sandstorm\n|-damage|p1b: Tyranitar|77\/100 brn|[from] Sandstorm\n|-damage|p1a: Grimmsnarl|83\/100|[from] Sandstorm\n|-heal|p2a: Lunala|91\/100|[from] item: Leftovers\n|-damage|p1b: Tyranitar|71\/100 brn|[from] brn\n|upkeep\n|turn|4\n|\n|t:|1714719110\n|move|p2b: Ogerpon|Swords Dance|p2b: Ogerpon\n|-boost|p2b: Ogerpon|atk|2\n|move|p2a: Lunala|Will-O-Wisp|p1a: Grimmsnarl\n|-status|p1a: Grimmsnarl|brn\n|move|p1b: Tyranitar|Knock Off|p2a: Lunala\n|-supereffective|p2a: Lunala\n|-damage|p2a: Lunala|9\/100\n|-enditem|p2a: Lunala|Leftovers|[from] move: Knock Off|[of] p1b: Tyranitar\n|move|p1a: Grimmsnarl|Spirit Break|p2b: Ogerpon\n|-damage|p2b: Ogerpon|50\/100\n|-unboost|p2b: Ogerpon|spa|1\n|\n|-weather|Sandstorm|[upkeep]\n|-damage|p2b: Ogerpon|44\/100|[from] Sandstorm\n|-damage|p2a: Lunala|3\/100|[from] Sandstorm\n|-damage|p1b: Tyranitar|65\/100 brn|[from] Sandstorm\n|-damage|p1a: Grimmsnarl|77\/100 brn|[from] Sandstorm\n|-damage|p1b: Tyranitar|59\/100 brn|[from] brn\n|-damage|p1a: Grimmsnarl|71\/100 brn|[from] brn\n|upkeep\n|turn|5\n|j| Skaalwyrm\n|j| Endracer10\n|l| Skaalwyrm\n|\n|t:|1714719124\n|move|p2b: Ogerpon|Spiky Shield|p2b: Ogerpon\n|-singleturn|p2b: Ogerpon|move: Protect\n|move|p2a: Lunala|Protect|p2a: Lunala\n|-singleturn|p2a: Lunala|Protect\n|move|p1a: Grimmsnarl|Parting Shot|p2b: Ogerpon\n|-activate|p2b: Ogerpon|move: Protect\n|move|p1b: Tyranitar|Stone Edge|p2b: Ogerpon\n|-activate|p2b: Ogerpon|move: Protect\n|\n|-weather|none\n|-damage|p1b: Tyranitar|54\/100 brn|[from] brn\n|-damage|p1a: Grimmsnarl|65\/100 brn|[from] brn\n|upkeep\n|turn|6\n|\n|t:|1714719146\n|-terastallize|p2b: Ogerpon|Water\n|detailschange|p2b: Ogerpon|Ogerpon-Wellspring-Tera, L50, F, tera:Water\n|-ability|p2b: Ogerpon|Embody Aspect (Wellspring)|boost\n|-boost|p2b: Ogerpon|spd|1\n|move|p1a: Grimmsnarl|Parting Shot|p2b: Ogerpon\n|-unboost|p2b: Ogerpon|atk|1\n|-unboost|p2b: Ogerpon|spa|1\n|\n|t:|1714719151\n|switch|p1a: Sinistcha|Sinistcha, L50|100\/100|[from] Parting Shot\n|-heal|p1b: Tyranitar|78\/100 brn|[from] ability: Hospitality|[of] p1a: Sinistcha\n|move|p2b: Ogerpon|Ivy Cudgel|p1b: Tyranitar|[anim] Ivy Cudgel Water\n|-damage|p1b: Tyranitar|15\/100 brn\n|move|p2a: Lunala|Moonlight|p2a: Lunala\n|-heal|p2a: Lunala|53\/100\n|move|p1b: Tyranitar|Knock Off|p2a: Lunala\n|-supereffective|p2a: Lunala\n|-damage|p2a: Lunala|3\/100\n|\n|-damage|p1b: Tyranitar|9\/100 brn|[from] brn\n|upkeep\n|turn|7\n|\n|t:|1714719163\n|switch|p2b: Entei|Entei, L50|100\/100\n|switch|p1b: Zamazenta|Zamazenta-Crowned, L50|100\/100\n|-ability|p1b: Zamazenta|Dauntless Shield|boost\n|-boost|p1b: Zamazenta|def|1\n|move|p2a: Lunala|Protect|p2a: Lunala\n|-singleturn|p2a: Lunala|Protect\n|move|p1a: Sinistcha|Matcha Gotcha|p2b: Entei|[spread] \n|-activate|p2a: Lunala|move: Protect\n|-miss|p1a: Sinistcha|p2b: Entei\n|\n|upkeep\n|turn|8\n|\n|t:|1714719175\n|switch|p1a: Tyranitar|Tyranitar, L50, M, tera:Fairy|9\/100 brn\n|-weather|Sandstorm|[from] ability: Sand Stream|[of] p1a: Tyranitar\n|move|p1b: Zamazenta|Heavy Slam|p2a: Lunala\n|-damage|p2a: Lunala|0 fnt\n|faint|p2a: Lunala\n|move|p2b: Entei|Sacred Fire|p1a: Tyranitar\n|-damage|p1a: Tyranitar|0 fnt\n|faint|p1a: Tyranitar\n|\n|-weather|Sandstorm|[upkeep]\n|-damage|p2b: Entei|94\/100|[from] Sandstorm\n|-sideend|p1: Lil Tic|Reflect\n|upkeep\n|\n|t:|1714719181\n|switch|p2a: Iron Hands|Iron Hands, L50|63\/100\n|switch|p1a: Grimmsnarl|Grimmsnarl, L50, M, shiny|65\/100 brn\n|turn|9\n|\n|t:|1714719186\n|move|p1b: Zamazenta|Protect|p1b: Zamazenta\n|-singleturn|p1b: Zamazenta|Protect\n|move|p1a: Grimmsnarl|Reflect|p1a: Grimmsnarl\n|-sidestart|p1: Lil Tic|Reflect\n|move|p2b: Entei|Sacred Fire|p1b: Zamazenta\n|-activate|p1b: Zamazenta|move: Protect\n|move|p2a: Iron Hands|Whirlwind|p1b: Zamazenta\n|drag|p1b: Sinistcha|Sinistcha, L50|100\/100\n|-heal|p1a: Grimmsnarl|90\/100 brn|[from] ability: Hospitality|[of] p1b: Sinistcha\n|\n|-weather|Sandstorm|[upkeep]\n|-damage|p2b: Entei|88\/100|[from] Sandstorm\n|-damage|p1b: Sinistcha|94\/100|[from] Sandstorm\n|-damage|p1a: Grimmsnarl|84\/100 brn|[from] Sandstorm\n|-damage|p2a: Iron Hands|56\/100|[from] Sandstorm\n|-damage|p1a: Grimmsnarl|78\/100 brn|[from] brn\n|upkeep\n|turn|10\n|\n|t:|1714719199\n|move|p1a: Grimmsnarl|Parting Shot|p2b: Entei\n|-unboost|p2b: Entei|atk|1\n|-unboost|p2b: Entei|spa|1\n|\n|t:|1714719202\n|switch|p1a: Zamazenta|Zamazenta-Crowned, L50|100\/100|[from] Parting Shot\n|move|p2b: Entei|Sacred Fire|p1b: Sinistcha\n|-supereffective|p1b: Sinistcha\n|-damage|p1b: Sinistcha|63\/100\n|move|p1b: Sinistcha|Matcha Gotcha|p2a: Iron Hands|[spread] p2a,p2b\n|-resisted|p2b: Entei\n|-damage|p2a: Iron Hands|41\/100\n|-heal|p1b: Sinistcha|74\/100|[from] drain|[of] p2a: Iron Hands\n|-damage|p2b: Entei|81\/100\n|-heal|p1b: Sinistcha|78\/100|[from] drain|[of] p2b: Entei\n|move|p2a: Iron Hands|Wild Charge|p1b: Sinistcha\n|-resisted|p1b: Sinistcha\n|-damage|p1b: Sinistcha|67\/100\n|-damage|p2a: Iron Hands|25\/100|[from] item: Rocky Helmet|[of] p1b: Sinistcha\n|-enditem|p2a: Iron Hands|Iapapa Berry|[eat]\n|-heal|p2a: Iron Hands|58\/100|[from] item: Iapapa Berry\n|-damage|p2a: Iron Hands|56\/100|[from] Recoil\n|\n|-weather|Sandstorm|[upkeep]\n|-damage|p2b: Entei|75\/100|[from] Sandstorm\n|-damage|p1b: Sinistcha|61\/100|[from] Sandstorm\n|-damage|p2a: Iron Hands|50\/100|[from] Sandstorm\n|-sideend|p1: Lil Tic|move: Light Screen\n|upkeep\n|turn|11\n|\n|t:|1714719215\n|move|p1b: Sinistcha|Rage Powder|p1b: Sinistcha\n|-singleturn|p1b: Sinistcha|move: Rage Powder\n|move|p1a: Zamazenta|Iron Defense|p1a: Zamazenta\n|-boost|p1a: Zamazenta|def|2\n|move|p2b: Entei|Sacred Fire|p1b: Sinistcha|[miss]\n|-miss|p2b: Entei|p1b: Sinistcha\n|move|p2a: Iron Hands|Drain Punch|p1b: Sinistcha\n|-immune|p1b: Sinistcha\n|\n|-weather|Sandstorm|[upkeep]\n|-damage|p2b: Entei|69\/100|[from] Sandstorm\n|-damage|p1b: Sinistcha|55\/100|[from] Sandstorm\n|-damage|p2a: Iron Hands|44\/100|[from] Sandstorm\n|upkeep\n|turn|12\n|-message|Tempest brute forfeited.\n|\n|win|Lil Tic\n|raw|Lil Tic's rating: 1712 &rarr; <strong>1733<\/strong><br \/>(+21 for winning)\n|raw|Tempest brute's rating: 1737 &rarr; <strong>1716<\/strong><br \/>(-21 for losing)\n|l|\u2606Tempest brute\n|player|p2|\n|l|\u2606Lil Tic\n|player|p1|\n|l| Endracer10\n","uploadtime":1714719490,"views":171,"formatid":"gen9vgc2024regg","rating":1716,"private":0,"password":null}