{"id":"gen9vgc2024regg-2116108042","format":"[Gen 9] VGC 2024 Reg G","players":["Babakauma","Lil Tic"],"log":"|j|\u2606Babakauma\n|j|\u2606Lil Tic\n|t:|1714641772\n|gametype|doubles\n|player|p1|Babakauma|lucas|1766\n|player|p2|Lil Tic|ninjaboy|1760\n|teamsize|p1|6\n|teamsize|p2|6\n|gen|9\n|tier|[Gen 9] VGC 2024 Reg G\n|rated|\n|rule|Species Clause: Limit one of each Pok\u00e9mon\n|rule|Item Clause: Limit one of each item\n|clearpoke\n|poke|p1|Incineroar, L50, M|\n|poke|p1|Farigiraf, L50, M|\n|poke|p1|Kyogre, L50|\n|poke|p1|Urshifu-*, L50, F|\n|poke|p1|Tornadus, L50, M|\n|poke|p1|Amoonguss, L50, M|\n|poke|p2|Zamazenta-*, L50|\n|poke|p2|Incineroar, L50, F|\n|poke|p2|Sinistcha, L50|\n|poke|p2|Tyranitar, L50, F|\n|poke|p2|Gastrodon, L50, M|\n|poke|p2|Grimmsnarl, L50, M|\n|teampreview|4\n|inactive|Battle timer is ON: inactive players will automatically lose when time's up. (requested by Babakauma)\n|inactive|Babakauma has 60 seconds left.\n|inactive|Babakauma has 30 seconds left.\n|\n|t:|1714641846\n|start\n|switch|p1a: Amoonguss|Amoonguss, L50, M|100\/100\n|switch|p1b: Kyogre|Kyogre, L50|100\/100\n|switch|p2a: Incineroar|Incineroar, L50, F|100\/100\n|switch|p2b: Zamazenta|Zamazenta-Crowned, L50|100\/100\n|-ability|p2b: Zamazenta|Dauntless Shield|boost\n|-boost|p2b: Zamazenta|def|1\n|-weather|RainDance|[from] ability: Drizzle|[of] p1b: Kyogre\n|-ability|p2a: Incineroar|Intimidate|boost\n|-unboost|p1a: Amoonguss|atk|1\n|-unboost|p1b: Kyogre|atk|1\n|turn|1\n|j| wang roger\n|j| DittoTang\n|inactive|Babakauma has 30 seconds left.\n|inactive|Lil Tic has 30 seconds left.\n|l| wang roger\n|inactive|Lil Tic has 20 seconds left.\n|inactive|Lil Tic has 15 seconds left.\n|\n|t:|1714641890\n|-terastallize|p2b: Zamazenta|Water\n|move|p2a: Incineroar|Fake Out|p1a: Amoonguss\n|-damage|p1a: Amoonguss|90\/100\n|move|p2b: Zamazenta|Body Press|p1b: Kyogre\n|-damage|p1b: Kyogre|41\/100\n|move|p1b: Kyogre|Ice Beam|p2b: Zamazenta\n|-resisted|p2b: Zamazenta\n|-damage|p2b: Zamazenta|83\/100\n|cant|p1a: Amoonguss|flinch\n|\n|-weather|RainDance|[upkeep]\n|upkeep\n|turn|2\n|\n|t:|1714641913\n|switch|p1b: Farigiraf|Farigiraf, L50, M|100\/100\n|move|p2b: Zamazenta|Body Press|p1b: Farigiraf\n|-damage|p1b: Farigiraf|39\/100\n|move|p2a: Incineroar|Taunt|p1a: Amoonguss\n|-start|p1a: Amoonguss|move: Taunt\n|cant|p1a: Amoonguss|move: Taunt|Spore\n|\n|-weather|RainDance|[upkeep]\n|upkeep\n|turn|3\n|inactive|Babakauma has 30 seconds left.\n|\n|t:|1714641938\n|move|p1b: Farigiraf|Protect|p1b: Farigiraf\n|-singleturn|p1b: Farigiraf|Protect\n|move|p2b: Zamazenta|Body Press|p1b: Farigiraf\n|-activate|p1b: Farigiraf|move: Protect\n|move|p2a: Incineroar|Parting Shot|p1a: Amoonguss\n|-unboost|p1a: Amoonguss|atk|1\n|-unboost|p1a: Amoonguss|spa|1\n|\n|t:|1714641949\n|switch|p2a: Sinistcha|Sinistcha, L50|100\/100|[from] Parting Shot\n|-heal|p2b: Zamazenta|100\/100|[from] ability: Hospitality|[of] p2a: Sinistcha\n|move|p1a: Amoonguss|Sludge Bomb|p2b: Zamazenta\n|-damage|p2b: Zamazenta|88\/100\n|-status|p2b: Zamazenta|psn\n|\n|-weather|RainDance|[upkeep]\n|-damage|p2b: Zamazenta|76\/100 psn|[from] psn\n|upkeep\n|turn|4\n|inactive|Babakauma has 30 seconds left.\n|\n|t:|1714641977\n|move|p2b: Zamazenta|Body Press|p1b: Farigiraf\n|-damage|p1b: Farigiraf|0 fnt\n|faint|p1b: Farigiraf\n|move|p2a: Sinistcha|Life Dew||[still]|[spread] p2a,p2b\n|-fail|p2a: Sinistcha|heal\n|-heal|p2b: Zamazenta|100\/100 psn\n|move|p1a: Amoonguss|Sludge Bomb|p2a: Sinistcha\n|-damage|p2a: Sinistcha|81\/100\n|-status|p2a: Sinistcha|psn\n|\n|-weather|RainDance|[upkeep]\n|-damage|p2b: Zamazenta|88\/100 psn|[from] psn\n|-damage|p2a: Sinistcha|69\/100 psn|[from] psn\n|-end|p1a: Amoonguss|move: Taunt\n|upkeep\n|\n|t:|1714641994\n|switch|p1b: Urshifu|Urshifu, L50, F|100\/100\n|turn|5\n|inactive|Lil Tic has 30 seconds left.\n|\n|t:|1714642020\n|switch|p2a: Incineroar|Incineroar, L50, F|100\/100\n|-ability|p2a: Incineroar|Intimidate|boost\n|-unboost|p1a: Amoonguss|atk|1\n|-unboost|p1b: Urshifu|atk|1\n|-terastallize|p1b: Urshifu|Ghost\n|move|p2b: Zamazenta|Iron Defense|p2b: Zamazenta\n|-boost|p2b: Zamazenta|def|2\n|move|p1b: Urshifu|Wicked Blow|p2a: Incineroar\n|-resisted|p2a: Incineroar\n|-crit|p2a: Incineroar\n|-damage|p2a: Incineroar|69\/100\n|move|p1a: Amoonguss|Sludge Bomb|p2b: Zamazenta\n|-damage|p2b: Zamazenta|75\/100 psn\n|\n|-weather|none\n|-damage|p2b: Zamazenta|63\/100 psn|[from] psn\n|upkeep\n|turn|6\n|\n|t:|1714642044\n|move|p1a: Amoonguss|Rage Powder|p1a: Amoonguss\n|-singleturn|p1a: Amoonguss|move: Rage Powder\n|move|p2b: Zamazenta|Body Press|p1a: Amoonguss\n|-resisted|p1a: Amoonguss\n|-damage|p1a: Amoonguss|49\/100\n|-enditem|p1a: Amoonguss|Sitrus Berry|[eat]\n|-heal|p1a: Amoonguss|74\/100|[from] item: Sitrus Berry\n|move|p1b: Urshifu|Wicked Blow|p2b: Zamazenta\n|-crit|p2b: Zamazenta\n|-damage|p2b: Zamazenta|24\/100 psn\n|move|p2a: Incineroar|Flare Blitz|p1b: Urshifu\n|-damage|p1b: Urshifu|47\/100\n|-damage|p2a: Incineroar|53\/100|[from] Recoil\n|\n|-damage|p2b: Zamazenta|12\/100 psn|[from] psn\n|upkeep\n|turn|7\n|\n|t:|1714642065\n|switch|p2a: Sinistcha|Sinistcha, L50|69\/100 psn\n|-heal|p2b: Zamazenta|36\/100 psn|[from] ability: Hospitality|[of] p2a: Sinistcha\n|move|p1a: Amoonguss|Rage Powder|p1a: Amoonguss\n|-singleturn|p1a: Amoonguss|move: Rage Powder\n|move|p2b: Zamazenta|Heavy Slam|p1a: Amoonguss\n|-damage|p1a: Amoonguss|32\/100\n|move|p1b: Urshifu|Close Combat|p2a: Sinistcha\n|-immune|p2a: Sinistcha\n|\n|-damage|p2b: Zamazenta|24\/100 psn|[from] psn\n|-damage|p2a: Sinistcha|57\/100 psn|[from] psn\n|upkeep\n|turn|8\n|inactive|Babakauma has 30 seconds left.\n|\n|t:|1714642101\n|move|p1b: Urshifu|Detect|p1b: Urshifu\n|-singleturn|p1b: Urshifu|Protect\n|move|p2b: Zamazenta|Heavy Slam|p1b: Urshifu\n|-activate|p1b: Urshifu|move: Protect\n|move|p2a: Sinistcha|Life Dew|p2a: Sinistcha|[spread] p2a,p2b\n|-heal|p2a: Sinistcha|82\/100 psn\n|-heal|p2b: Zamazenta|49\/100 psn\n|move|p1a: Amoonguss|Sludge Bomb|p2b: Zamazenta\n|-damage|p2b: Zamazenta|37\/100 psn\n|\n|-damage|p2b: Zamazenta|25\/100 psn|[from] psn\n|-damage|p2a: Sinistcha|70\/100 psn|[from] psn\n|upkeep\n|turn|9\n|inactive|Babakauma has 30 seconds left.\n|\n|t:|1714642128\n|move|p1a: Amoonguss|Rage Powder|p1a: Amoonguss\n|-singleturn|p1a: Amoonguss|move: Rage Powder\n|move|p2b: Zamazenta|Heavy Slam|p1a: Amoonguss\n|-damage|p1a: Amoonguss|0 fnt\n|faint|p1a: Amoonguss\n|move|p1b: Urshifu|Wicked Blow|p2b: Zamazenta\n|-crit|p2b: Zamazenta\n|-damage|p2b: Zamazenta|0 fnt\n|faint|p2b: Zamazenta\n|move|p2a: Sinistcha|Life Dew|p2a: Sinistcha\n|-heal|p2a: Sinistcha|95\/100 psn\n|\n|-damage|p2a: Sinistcha|83\/100 psn|[from] psn\n|upkeep\n|\n|t:|1714642143\n|switch|p2b: Tyranitar|Tyranitar, L50, F|100\/100\n|switch|p1a: Kyogre|Kyogre, L50|41\/100\n|-weather|RainDance|[from] ability: Drizzle|[of] p1a: Kyogre\n|-weather|Sandstorm|[from] ability: Sand Stream|[of] p2b: Tyranitar\n|turn|10\n|inactive|Babakauma has 30 seconds left.\n|j| poolsideguy\n|\n|t:|1714642175\n|move|p2a: Sinistcha|Rage Powder|p2a: Sinistcha\n|-singleturn|p2a: Sinistcha|move: Rage Powder\n|move|p1b: Urshifu|Wicked Blow|p2a: Sinistcha\n|-supereffective|p2a: Sinistcha\n|-crit|p2a: Sinistcha\n|-damage|p2a: Sinistcha|0 fnt\n|-damage|p1b: Urshifu|31\/100|[from] item: Rocky Helmet|[of] p2a: Sinistcha\n|faint|p2a: Sinistcha\n|move|p1a: Kyogre|Ice Beam|p2b: Tyranitar\n|-damage|p2b: Tyranitar|79\/100\n|move|p2b: Tyranitar|Knock Off|p1a: Kyogre\n|-damage|p1a: Kyogre|0 fnt\n|-enditem|p1a: Kyogre|Choice Specs|[from] move: Knock Off|[of] p2b: Tyranitar\n|faint|p1a: Kyogre\n|\n|-weather|Sandstorm|[upkeep]\n|-damage|p1b: Urshifu|25\/100|[from] Sandstorm\n|upkeep\n|\n|t:|1714642184\n|switch|p2a: Incineroar|Incineroar, L50, F|53\/100\n|-ability|p2a: Incineroar|Intimidate|boost\n|-unboost|p1b: Urshifu|atk|1\n|turn|11\n|inactive|Babakauma has 30 seconds left.\n|\n|t:|1714642216\n|move|p1b: Urshifu|Close Combat|p2b: Tyranitar\n|-supereffective|p2b: Tyranitar\n|-damage|p2b: Tyranitar|0 fnt\n|-unboost|p1b: Urshifu|def|1\n|-unboost|p1b: Urshifu|spd|1\n|faint|p2b: Tyranitar\n|move|p2a: Incineroar|Flare Blitz|p1b: Urshifu\n|-damage|p1b: Urshifu|0 fnt\n|faint|p1b: Urshifu\n|-damage|p2a: Incineroar|47\/100|[from] Recoil\n|\n|win|Lil Tic\n|raw|Babakauma's rating: 1766 &rarr; <strong>1746<\/strong><br \/>(-20 for losing)\n|raw|Lil Tic's rating: 1760 &rarr; <strong>1780<\/strong><br \/>(+20 for winning)\n|l| DittoTang\n|c|\u2606Babakauma|GG\n|c|\u2606Lil Tic|Gg\n|l|\u2606Lil Tic\n|player|p2|\n|l|\u2606Babakauma\n|player|p1|\n","uploadtime":1714642424,"views":449,"formatid":"gen9vgc2024regg","rating":1746,"private":0,"password":null}