{"id":"gen9vgc2024regg-2116631613","format":"[Gen 9] VGC 2024 Reg G","players":["yoyotakatest","Lil Tic"],"log":"|j|\u2606yoyotakatest\n|j|\u2606Lil Tic\n|t:|1714695899\n|gametype|doubles\n|player|p1|yoyotakatest|102|1678\n|player|p2|Lil Tic|ninjaboy|1728\n|teamsize|p1|6\n|teamsize|p2|6\n|gen|9\n|tier|[Gen 9] VGC 2024 Reg G\n|rated|\n|rule|Species Clause: Limit one of each Pok\u00e9mon\n|rule|Item Clause: Limit one of each item\n|clearpoke\n|poke|p1|Miraidon, L50|\n|poke|p1|Iron Valiant, L50|\n|poke|p1|Incineroar, L50, M|\n|poke|p1|Thundurus, L50, M|\n|poke|p1|Farigiraf, L50, M|\n|poke|p1|Araquanid, L50, F|\n|poke|p2|Zamazenta-*, L50|\n|poke|p2|Incineroar, L50, M|\n|poke|p2|Sinistcha, L50|\n|poke|p2|Tyranitar, L50, F|\n|poke|p2|Gastrodon, L50, M|\n|poke|p2|Grimmsnarl, L50, M|\n|teampreview|4\n|j| DGENERAT\n|j| NILINRU2\n|\n|t:|1714695953\n|start\n|switch|p1a: Miraidon|Miraidon, L50|100\/100\n|switch|p1b: Iron Valiant|Iron Valiant, L50|100\/100\n|switch|p2a: Grimmsnarl|Grimmsnarl, L50, M, shiny|100\/100\n|switch|p2b: Gastrodon|Gastrodon, L50, M|100\/100\n|-fieldstart|move: Electric Terrain|[from] ability: Hadron Engine|[of] p1a: Miraidon\n|-activate|p1b: Iron Valiant|ability: Quark Drive\n|-start|p1b: Iron Valiant|quarkdrivespe\n|turn|1\n|\n|t:|1714696010\n|move|p2a: Grimmsnarl|Light Screen|p2a: Grimmsnarl\n|-sidestart|p2: Lil Tic|move: Light Screen\n|move|p1b: Iron Valiant|Encore|p2a: Grimmsnarl\n|-start|p2a: Grimmsnarl|Encore\n|move|p1a: Miraidon|Volt Switch|p2a: Grimmsnarl\n|-damage|p2a: Grimmsnarl|42\/100\n|j| lczsb2\n|\n|t:|1714696023\n|switch|p1a: Thundurus|Thundurus, L50, M|100\/100|[from] Volt Switch\n|move|p2b: Gastrodon|Muddy Water|p1b: Iron Valiant|[spread] p1b\n|-miss|p2b: Gastrodon|p1a: Thundurus\n|-damage|p1b: Iron Valiant|60\/100\n|-unboost|p1b: Iron Valiant|accuracy|1\n|\n|upkeep\n|turn|2\n|\n|t:|1714696041\n|-end|p1b: Iron Valiant|Quark Drive|[silent]\n|switch|p1b: Miraidon|Miraidon, L50|100\/100\n|-activate|p1b: Miraidon|ability: Hadron Engine\n|switch|p2a: Zamazenta|Zamazenta-Crowned, L50|100\/100\n|-ability|p2a: Zamazenta|Dauntless Shield|boost\n|-boost|p2a: Zamazenta|def|1\n|move|p1a: Thundurus|Grass Knot|p2b: Gastrodon\n|-supereffective|p2b: Gastrodon\n|-damage|p2b: Gastrodon|64\/100\n|move|p2b: Gastrodon|Muddy Water|p1a: Thundurus|[spread] p1a,p1b\n|-resisted|p1b: Miraidon\n|-damage|p1a: Thundurus|81\/100\n|-damage|p1b: Miraidon|91\/100\n|\n|-heal|p2b: Gastrodon|70\/100|[from] item: Leftovers\n|upkeep\n|turn|3\n|\n|t:|1714696071\n|-terastallize|p1b: Miraidon|Electric\n|move|p1a: Thundurus|Thunder Wave|p2a: Zamazenta\n|-status|p2a: Zamazenta|par\n|move|p1b: Miraidon|Volt Switch|p2a: Zamazenta\n|-damage|p2a: Zamazenta|42\/100 par\n|\n|t:|1714696079\n|switch|p1b: Iron Valiant|Iron Valiant, L50|60\/100|[from] Volt Switch\n|-activate|p1b: Iron Valiant|ability: Quark Drive\n|-start|p1b: Iron Valiant|quarkdrivespe\n|cant|p2a: Zamazenta|par\n|move|p2b: Gastrodon|Muddy Water|p1a: Thundurus|[spread] p1a,p1b\n|-damage|p1a: Thundurus|61\/100\n|-damage|p1b: Iron Valiant|19\/100\n|\n|-heal|p2b: Gastrodon|76\/100|[from] item: Leftovers\n|upkeep\n|turn|4\n|\n|t:|1714696101\n|move|p1b: Iron Valiant|Wide Guard|p1b: Iron Valiant\n|-singleturn|p1b: Iron Valiant|Wide Guard\n|move|p1a: Thundurus|Grass Knot|p2b: Gastrodon\n|-supereffective|p2b: Gastrodon\n|-damage|p2b: Gastrodon|38\/100\n|move|p2a: Zamazenta|Body Press|p1b: Iron Valiant\n|-resisted|p1b: Iron Valiant\n|-damage|p1b: Iron Valiant|0 fnt\n|faint|p1b: Iron Valiant\n|-end|p1b: Iron Valiant|Quark Drive|[silent]\n|move|p2b: Gastrodon|Muddy Water|p1a: Thundurus\n|-activate|p1a: Thundurus|move: Wide Guard\n|\n|-heal|p2b: Gastrodon|44\/100|[from] item: Leftovers\n|upkeep\n|\n|t:|1714696117\n|switch|p1b: Miraidon|Miraidon, L50, tera:Electric|91\/100\n|-activate|p1b: Miraidon|ability: Hadron Engine\n|turn|5\n|\n|t:|1714696144\n|move|p2b: Gastrodon|Protect|p2b: Gastrodon\n|-singleturn|p2b: Gastrodon|Protect\n|move|p1b: Miraidon|Volt Switch|p2a: Zamazenta\n|-damage|p2a: Zamazenta|0 fnt\n|faint|p2a: Zamazenta\n|\n|t:|1714696151\n|switch|p1b: Farigiraf|Farigiraf, L50, M|100\/100|[from] Volt Switch\n|move|p1a: Thundurus|Grass Knot|p2b: Gastrodon\n|-activate|p2b: Gastrodon|move: Protect\n|\n|-heal|p2b: Gastrodon|50\/100|[from] item: Leftovers\n|-fieldend|move: Electric Terrain\n|upkeep\n|\n|t:|1714696156\n|switch|p2a: Sinistcha|Sinistcha, L50|100\/100\n|-heal|p2b: Gastrodon|74\/100|[from] ability: Hospitality|[of] p2a: Sinistcha\n|turn|6\n|j| sinatraselect\n|\n|t:|1714696170\n|move|p1a: Thundurus|Thunder Wave|p2a: Sinistcha|[miss]\n|-miss|p1a: Thundurus|p2a: Sinistcha\n|move|p1b: Farigiraf|Hyper Voice|p2a: Sinistcha|[spread] p2b\n|-immune|p2a: Sinistcha\n|-damage|p2b: Gastrodon|55\/100\n|-enditem|p1b: Farigiraf|Throat Spray\n|-boost|p1b: Farigiraf|spa|1|[from] item: Throat Spray\n|move|p2b: Gastrodon|Muddy Water|p1b: Farigiraf|[spread] p1a,p1b\n|-damage|p1a: Thundurus|42\/100\n|-damage|p1b: Farigiraf|78\/100\n|move|p2a: Sinistcha|Trick Room|p2a: Sinistcha\n|-fieldstart|move: Trick Room|[of] p2a: Sinistcha\n|\n|-heal|p2b: Gastrodon|61\/100|[from] item: Leftovers\n|upkeep\n|turn|7\n|j| HellFireVGC\n|j| Tartaruga_PP\n|l| HellFireVGC\n|\n|t:|1714696203\n|move|p1a: Thundurus|Eerie Impulse|p2b: Gastrodon\n|-unboost|p2b: Gastrodon|spa|2\n|move|p2b: Gastrodon|Muddy Water|p1b: Farigiraf|[spread] p1a,p1b\n|-damage|p1a: Thundurus|31\/100\n|-damage|p1b: Farigiraf|67\/100\n|move|p1b: Farigiraf|Psychic|p2b: Gastrodon\n|-damage|p2b: Gastrodon|28\/100\n|move|p2a: Sinistcha|Life Dew||[still]|[spread] \n|-ability|p2b: Gastrodon|Storm Drain|boost\n|-boost|p2b: Gastrodon|spa|1\n|-fail|p2a: Sinistcha|heal\n|\n|-heal|p2b: Gastrodon|34\/100|[from] item: Leftovers\n|upkeep\n|turn|8\n|c|\u2606Lil Tic|Say what u want but this gastrodon been cranking the muddy waters since day one\n|\n|t:|1714696233\n|switch|p2b: Grimmsnarl|Grimmsnarl, L50, M, shiny|42\/100\n|move|p1a: Thundurus|Thunder Wave|p2a: Sinistcha\n|-status|p2a: Sinistcha|par\n|move|p2a: Sinistcha|Matcha Gotcha|p1b: Farigiraf|[spread] p1a,p1b\n|-resisted|p1a: Thundurus\n|-damage|p1a: Thundurus|18\/100\n|-damage|p1b: Farigiraf|42\/100\n|-status|p1a: Thundurus|brn\n|-status|p1b: Farigiraf|brn\n|move|p1b: Farigiraf|Psychic|p2a: Sinistcha\n|-damage|p2a: Sinistcha|55\/100 par\n|-unboost|p2a: Sinistcha|spd|1\n|\n|-damage|p1b: Farigiraf|36\/100 brn|[from] brn\n|-damage|p1a: Thundurus|12\/100 brn|[from] brn\n|-sideend|p2: Lil Tic|move: Light Screen\n|upkeep\n|turn|9\n|\n|t:|1714696261\n|switch|p1a: Miraidon|Miraidon, L50, tera:Electric|91\/100\n|-fieldstart|move: Electric Terrain|[from] ability: Hadron Engine|[of] p1a: Miraidon\n|move|p2b: Grimmsnarl|Light Screen|p2b: Grimmsnarl\n|-sidestart|p2: Lil Tic|move: Light Screen\n|move|p2a: Sinistcha|Life Dew|p2a: Sinistcha|[spread] p2a,p2b\n|-heal|p2a: Sinistcha|80\/100 par\n|-heal|p2b: Grimmsnarl|67\/100\n|move|p1b: Farigiraf|Psychic|p2a: Sinistcha\n|-damage|p2a: Sinistcha|12\/100 par\n|\n|-damage|p1b: Farigiraf|30\/100 brn|[from] brn\n|upkeep\n|turn|10\n|\n|t:|1714696289\n|cant|p2a: Sinistcha|par\n|move|p2b: Grimmsnarl|Spirit Break|p1a: Miraidon\n|-damage|p1a: Miraidon|63\/100\n|-unboost|p1a: Miraidon|spa|1\n|move|p1b: Farigiraf|Hyper Voice|p2b: Grimmsnarl|[spread] p2b\n|-immune|p2a: Sinistcha\n|-damage|p2b: Grimmsnarl|38\/100\n|move|p1a: Miraidon|Volt Switch|p2b: Grimmsnarl\n|-damage|p2b: Grimmsnarl|0 fnt\n|faint|p2b: Grimmsnarl\n|\n|t:|1714696302\n|switch|p1a: Thundurus|Thundurus, L50, M|12\/100 brn|[from] Volt Switch\n|\n|-damage|p1b: Farigiraf|24\/100 brn|[from] brn\n|-damage|p1a: Thundurus|6\/100 brn|[from] brn\n|-fieldend|move: Trick Room\n|upkeep\n|\n|t:|1714696307\n|switch|p2b: Gastrodon|Gastrodon, L50, M|34\/100\n|turn|11\n|\n|t:|1714696320\n|move|p1a: Thundurus|Eerie Impulse|p2b: Gastrodon\n|-unboost|p2b: Gastrodon|spa|2\n|move|p1b: Farigiraf|Psychic|p2a: Sinistcha\n|-damage|p2a: Sinistcha|0 fnt\n|faint|p2a: Sinistcha\n|move|p2b: Gastrodon|Muddy Water|p1b: Farigiraf|[spread] p1a,p1b\n|-damage|p1a: Thundurus|0 fnt\n|-damage|p1b: Farigiraf|12\/100 brn\n|faint|p1a: Thundurus\n|\n|-heal|p2b: Gastrodon|39\/100|[from] item: Leftovers\n|-damage|p1b: Farigiraf|6\/100 brn|[from] brn\n|upkeep\n|\n|t:|1714696334\n|switch|p1a: Miraidon|Miraidon, L50, tera:Electric|63\/100\n|-activate|p1a: Miraidon|ability: Hadron Engine\n|turn|12\n|\n|t:|1714696341\n|move|p2b: Gastrodon|Protect|p2b: Gastrodon\n|-singleturn|p2b: Gastrodon|Protect\n|move|p1a: Miraidon|Dazzling Gleam|p2b: Gastrodon\n|-activate|p2b: Gastrodon|move: Protect\n|move|p1b: Farigiraf|Hyper Voice|p2b: Gastrodon\n|-activate|p2b: Gastrodon|move: Protect\n|\n|-heal|p2b: Gastrodon|45\/100|[from] item: Leftovers\n|-damage|p1b: Farigiraf|0 fnt|[from] brn\n|faint|p1b: Farigiraf\n|upkeep\n|turn|13\n|\n|t:|1714696354\n|move|p1a: Miraidon|Dazzling Gleam|p2b: Gastrodon\n|-damage|p2b: Gastrodon|11\/100\n|move|p2b: Gastrodon|Earth Power|p1a: Miraidon\n|-supereffective|p1a: Miraidon\n|-damage|p1a: Miraidon|38\/100\n|\n|-heal|p2b: Gastrodon|17\/100|[from] item: Leftovers\n|-fieldend|move: Electric Terrain\n|upkeep\n|turn|14\n|\n|t:|1714696364\n|move|p2b: Gastrodon|Protect|p2b: Gastrodon\n|-singleturn|p2b: Gastrodon|Protect\n|move|p1a: Miraidon|Dazzling Gleam|p2b: Gastrodon\n|-activate|p2b: Gastrodon|move: Protect\n|\n|-heal|p2b: Gastrodon|23\/100|[from] item: Leftovers\n|upkeep\n|turn|15\n|\n|t:|1714696372\n|move|p1a: Miraidon|Dazzling Gleam|p2b: Gastrodon\n|-damage|p2b: Gastrodon|0 fnt\n|faint|p2b: Gastrodon\n|\n|win|yoyotakatest\n|raw|yoyotakatest's rating: 1678 &rarr; <strong>1701<\/strong><br \/>(+23 for winning)\n|raw|Lil Tic's rating: 1728 &rarr; <strong>1705<\/strong><br \/>(-23 for losing)\n|c|\u2606Lil Tic|Gg\n|c|\u2606yoyotakatest|gg\n|l| sinatraselect\n|l|\u2606Lil Tic\n|player|p2|\n|l|\u2606yoyotakatest\n|player|p1|\n|l| DGENERAT\n|l| lczsb2\n|l| Tartaruga_PP\n","uploadtime":1714696529,"views":139,"formatid":"gen9vgc2024regg","rating":1701,"private":0,"password":null}