{"id":"gen9vgc2024regg-2116989938","format":"[Gen 9] VGC 2024 Reg G","players":["Js1132","kojimuranishi"],"log":"|j|\u2606Js1132\n|j|\u2606kojimuranishi\n|t:|1714745525\n|gametype|doubles\n|player|p1|Js1132|169|1654\n|player|p2|kojimuranishi|1|1733\n|teamsize|p1|6\n|teamsize|p2|6\n|gen|9\n|tier|[Gen 9] VGC 2024 Reg G\n|rated|\n|rule|Species Clause: Limit one of each Pok\u00e9mon\n|rule|Item Clause: Limit one of each item\n|clearpoke\n|poke|p1|Calyrex-Shadow, L50|\n|poke|p1|Tornadus, L50, M|\n|poke|p1|Urshifu-*, L50, M|\n|poke|p1|Rillaboom, L50, F|\n|poke|p1|Incineroar, L50, F|\n|poke|p1|Amoonguss, L50, F|\n|poke|p2|Calyrex-Shadow, L50|\n|poke|p2|Urshifu-*, L50, F|\n|poke|p2|Raging Bolt, L50|\n|poke|p2|Chien-Pao, L50|\n|poke|p2|Dragonite, L50, M|\n|poke|p2|Flutter Mane, L50|\n|teampreview|4\n|j| lswagh\n|j| sayoerza\n|l|\u2606Js1132\n|player|p1|\n|j|\u2606Js1132\n|player|p1|Js1132|169|\n|\n|t:|1714745585\n|start\n|switch|p1a: Amoonguss|Amoonguss, L50, F, shiny|100\/100\n|switch|p1b: Incineroar|Incineroar, L50, F|100\/100\n|switch|p2a: Flutter Mane|Flutter Mane, L50|100\/100\n|switch|p2b: Raging Bolt|Raging Bolt, L50|100\/100\n|-ability|p1b: Incineroar|Intimidate|boost\n|-unboost|p2a: Flutter Mane|atk|1\n|-unboost|p2b: Raging Bolt|atk|1\n|turn|1\n|j| greg_testmann\n|j| syntheticeggz\n|\n|t:|1714745612\n|-end|p2b: Raging Bolt|Protosynthesis|[silent]\n|switch|p2b: Dragonite|Dragonite, L50, M|100\/100\n|move|p2a: Flutter Mane|Protect|p2a: Flutter Mane\n|-singleturn|p2a: Flutter Mane|Protect\n|move|p1b: Incineroar|Knock Off|p2a: Flutter Mane\n|-activate|p2a: Flutter Mane|move: Protect\n|move|p1a: Amoonguss|Sludge Bomb|p2a: Flutter Mane\n|-activate|p2a: Flutter Mane|move: Protect\n|\n|upkeep\n|turn|2\n|j| Arutowk1\n|l|\u2606Js1132\n|player|p1|\n|\n|t:|1714745646\n|move|p2a: Flutter Mane|Moonblast|p1a: Amoonguss\n|-resisted|p1a: Amoonguss\n|-damage|p1a: Amoonguss|81\/100\n|move|p2b: Dragonite|Aerial Ace|p1a: Amoonguss\n|-supereffective|p1a: Amoonguss\n|-damage|p1a: Amoonguss|0 fnt\n|faint|p1a: Amoonguss\n|move|p1b: Incineroar|Will-O-Wisp|p2b: Dragonite\n|-status|p2b: Dragonite|brn\n|\n|-damage|p2b: Dragonite|95\/100 brn|[from] brn\n|upkeep\n|j|\u2606Js1132\n|player|p1|Js1132|169|\n|\n|t:|1714745657\n|switch|p1a: Calyrex|Calyrex-Shadow, L50|100\/100\n|-ability|p1a: Calyrex|As One\n|-ability|p1a: Calyrex|Unnerve\n|turn|3\n|\n|t:|1714745671\n|-terastallize|p2b: Dragonite|Normal\n|move|p1a: Calyrex|Protect|p1a: Calyrex\n|-singleturn|p1a: Calyrex|Protect\n|move|p2a: Flutter Mane|Protect|p2a: Flutter Mane\n|-singleturn|p2a: Flutter Mane|Protect\n|move|p2b: Dragonite|Aerial Ace|p1a: Calyrex\n|-activate|p1a: Calyrex|move: Protect\n|move|p1b: Incineroar|Knock Off|p2a: Flutter Mane\n|-activate|p2a: Flutter Mane|move: Protect\n|\n|-damage|p2b: Dragonite|89\/100 brn|[from] brn\n|upkeep\n|turn|4\n|\n|t:|1714745687\n|move|p1a: Calyrex|Astral Barrage|p2b: Dragonite|[spread] p2a\n|-immune|p2b: Dragonite\n|-supereffective|p2a: Flutter Mane\n|-enditem|p2a: Flutter Mane|Focus Sash\n|-damage|p2a: Flutter Mane|1\/100\n|move|p2a: Flutter Mane|Moonblast|p1a: Calyrex\n|-damage|p1a: Calyrex|50\/100\n|move|p2b: Dragonite|Aerial Ace|p1a: Calyrex\n|-damage|p1a: Calyrex|20\/100\n|move|p1b: Incineroar|Knock Off|p2b: Dragonite\n|-damage|p2b: Dragonite|50\/100 brn\n|-enditem|p2b: Dragonite|Choice Band|[from] move: Knock Off|[of] p1b: Incineroar\n|\n|-damage|p2b: Dragonite|45\/100 brn|[from] brn\n|upkeep\n|turn|5\n|\n|t:|1714745712\n|move|p1a: Calyrex|Protect|p1a: Calyrex\n|-singleturn|p1a: Calyrex|Protect\n|move|p2a: Flutter Mane|Protect|p2a: Flutter Mane\n|-singleturn|p2a: Flutter Mane|Protect\n|move|p2b: Dragonite|Breaking Swipe|p1b: Incineroar|[spread] p1b\n|-activate|p1a: Calyrex|move: Protect\n|-damage|p1b: Incineroar|89\/100\n|-unboost|p1b: Incineroar|atk|1\n|move|p1b: Incineroar|Parting Shot|p2b: Dragonite\n|-unboost|p2b: Dragonite|atk|1\n|-unboost|p2b: Dragonite|spa|1\n|\n|t:|1714745724\n|switch|p1b: Rillaboom|Rillaboom, L50, F|100\/100|[from] Parting Shot\n|-fieldstart|move: Grassy Terrain|[from] ability: Grassy Surge|[of] p1b: Rillaboom\n|\n|-heal|p1a: Calyrex|27\/100|[from] Grassy Terrain\n|-heal|p2a: Flutter Mane|7\/100|[from] Grassy Terrain\n|-heal|p2b: Dragonite|50\/100 brn|[from] Grassy Terrain\n|-damage|p2b: Dragonite|45\/100 brn|[from] brn\n|upkeep\n|turn|6\n|l|\u2606Js1132\n|player|p1|\n|j|\u2606Js1132\n|player|p1|Js1132|169|\n|\n|t:|1714745753\n|-end|p2a: Flutter Mane|Protosynthesis|[silent]\n|switch|p2a: Chien-Pao|Chien-Pao, L50|100\/100\n|-ability|p2a: Chien-Pao|Sword of Ruin\n|move|p1b: Rillaboom|Grassy Glide|p2a: Chien-Pao\n|-damage|p2a: Chien-Pao|52\/100\n|move|p1a: Calyrex|Psychic|p2b: Dragonite\n|-damage|p2b: Dragonite|0 fnt\n|faint|p2b: Dragonite\n|-ability|p1a: Calyrex|Grim Neigh|boost\n|-boost|p1a: Calyrex|spa|1\n|\n|-heal|p1a: Calyrex|33\/100|[from] Grassy Terrain\n|-heal|p2a: Chien-Pao|58\/100|[from] Grassy Terrain\n|upkeep\n|l|\u2606Js1132\n|player|p1|\n|\n|t:|1714745769\n|switch|p2b: Raging Bolt|Raging Bolt, L50|100\/100\n|turn|7\n|j|\u2606Js1132\n|player|p1|Js1132|169|\n|\n|t:|1714745783\n|-terastallize|p1b: Rillaboom|Fire\n|move|p1a: Calyrex|Protect|p1a: Calyrex\n|-singleturn|p1a: Calyrex|Protect\n|move|p2b: Raging Bolt|Thunderclap||[still]\n|-fail|p2b: Raging Bolt\n|move|p2a: Chien-Pao|Ice Spinner|p1b: Rillaboom\n|-resisted|p1b: Rillaboom\n|-damage|p1b: Rillaboom|67\/100\n|-fieldend|move: Grassy Terrain\n|-damage|p2a: Chien-Pao|48\/100|[from] item: Life Orb\n|move|p1b: Rillaboom|U-turn|p2a: Chien-Pao\n|-supereffective|p2a: Chien-Pao\n|-damage|p2a: Chien-Pao|0 fnt\n|faint|p2a: Chien-Pao\n|\n|t:|1714745798\n|switch|p1b: Incineroar|Incineroar, L50, F|89\/100|[from] U-turn\n|-ability|p1b: Incineroar|Intimidate|boost\n|-unboost|p2b: Raging Bolt|atk|1\n|\n|upkeep\n|\n|t:|1714745803\n|switch|p2a: Flutter Mane|Flutter Mane, L50|7\/100\n|turn|8\n|\n|t:|1714745812\n|move|p2a: Flutter Mane|Protect|p2a: Flutter Mane\n|-singleturn|p2a: Flutter Mane|Protect\n|move|p1b: Incineroar|Fake Out|p2b: Raging Bolt\n|-damage|p2b: Raging Bolt|92\/100\n|cant|p2b: Raging Bolt|flinch\n|move|p1a: Calyrex|Astral Barrage|p2a: Flutter Mane|[spread] p2b\n|-activate|p2a: Flutter Mane|move: Protect\n|-damage|p2b: Raging Bolt|45\/100\n|\n|upkeep\n|turn|9\n|j| still_EndR\n|l| still_EndR\n|\n|t:|1714745835\n|move|p1a: Calyrex|Protect|p1a: Calyrex\n|-singleturn|p1a: Calyrex|Protect\n|move|p2b: Raging Bolt|Thunderclap||[still]\n|-fail|p2b: Raging Bolt\n|move|p2a: Flutter Mane|Moonblast|p1b: Incineroar\n|-damage|p1b: Incineroar|50\/100\n|move|p1b: Incineroar|Parting Shot|p2b: Raging Bolt\n|-unboost|p2b: Raging Bolt|atk|1\n|-unboost|p2b: Raging Bolt|spa|1\n|j| still_EndR\n|l| still_EndR\n|\n|t:|1714745846\n|switch|p1b: Rillaboom|Rillaboom, L50, F, tera:Fire|67\/100|[from] Parting Shot\n|-fieldstart|move: Grassy Terrain|[from] ability: Grassy Surge|[of] p1b: Rillaboom\n|\n|-heal|p1a: Calyrex|39\/100|[from] Grassy Terrain\n|-heal|p2a: Flutter Mane|13\/100|[from] Grassy Terrain\n|-heal|p1b: Rillaboom|73\/100|[from] Grassy Terrain\n|-heal|p2b: Raging Bolt|51\/100|[from] Grassy Terrain\n|upkeep\n|turn|10\n|j| grain cookie\n|c|\u2606Js1132|Gg\n|\n|t:|1714745864\n|move|p2a: Flutter Mane|Protect|p2a: Flutter Mane\n|-singleturn|p2a: Flutter Mane|Protect\n|move|p1b: Rillaboom|Fake Out|p2b: Raging Bolt\n|-damage|p2b: Raging Bolt|39\/100\n|move|p1a: Calyrex|Astral Barrage|p2b: Raging Bolt|[spread] p2b\n|-activate|p2a: Flutter Mane|move: Protect\n|-damage|p2b: Raging Bolt|0 fnt\n|faint|p2b: Raging Bolt\n|-end|p2b: Raging Bolt|Protosynthesis|[silent]\n|-ability|p1a: Calyrex|Grim Neigh|boost\n|-boost|p1a: Calyrex|spa|1\n|\n|-heal|p1a: Calyrex|45\/100|[from] Grassy Terrain\n|-heal|p2a: Flutter Mane|20\/100|[from] Grassy Terrain\n|-heal|p1b: Rillaboom|79\/100|[from] Grassy Terrain\n|upkeep\n|turn|11\n|-message|kojimuranishi forfeited.\n|\n|win|Js1132\n|raw|Js1132's rating: 1654 &rarr; <strong>1678<\/strong><br \/>(+24 for winning)\n|raw|kojimuranishi's rating: 1733 &rarr; <strong>1709<\/strong><br \/>(-24 for losing)\n|l|\u2606kojimuranishi\n|player|p2|\n|l| syntheticeggz\n|l| greg_testmann\n|l| sayoerza\n|l|\u2606Js1132\n|player|p1|\n|l| lswagh\n|l| grain cookie\n","uploadtime":1714746118,"views":38,"formatid":"gen9vgc2024regg","rating":1678,"private":0,"password":null}