{"id":"gen9vgc2024regg-2117118708","format":"[Gen 9] VGC 2024 Reg G","players":["PuniHina","Krisuerte"],"log":"|j|\u2606PuniHina\n|j|\u2606Krisuerte\n|t:|1714756725\n|gametype|doubles\n|player|p1|PuniHina|lacey|1727\n|player|p2|Krisuerte|265|1779\n|teamsize|p1|6\n|teamsize|p2|6\n|gen|9\n|tier|[Gen 9] VGC 2024 Reg G\n|rated|\n|rule|Species Clause: Limit one of each Pok\u00e9mon\n|rule|Item Clause: Limit one of each item\n|clearpoke\n|poke|p1|Terapagos, L50, M|\n|poke|p1|Urshifu-*, L50, M|\n|poke|p1|Tornadus, L50, M|\n|poke|p1|Incineroar, L50, F|\n|poke|p1|Rillaboom, L50, F|\n|poke|p1|Flutter Mane, L50|\n|poke|p2|Groudon, L50|\n|poke|p2|Gouging Fire, L50|\n|poke|p2|Raging Bolt, L50|\n|poke|p2|Flutter Mane, L50|\n|poke|p2|Walking Wake, L50|\n|poke|p2|Urshifu-*, L50, M|\n|teampreview|4\n|inactive|Battle timer is ON: inactive players will automatically lose when time's up. (requested by PuniHina)\n|\n|t:|1714756763\n|start\n|switch|p1a: Terapagos|Terapagos, L50, M|100\/100\n|switch|p1b: Tornadus|Tornadus, L50, M|100\/100\n|switch|p2a: Flutter Mane|Flutter Mane, L50|100\/100\n|switch|p2b: Urshifu|Urshifu, L50, M|100\/100\n|-activate|p1a: Terapagos|ability: Tera Shift\n|detailschange|p1a: Terapagos|Terapagos-Terastal, L50, M\n|-heal|p1a: Terapagos|100\/100|[silent]\n|turn|1\n|inactive|Krisuerte has 30 seconds left.\n|\n|t:|1714756794\n|-terastallize|p1a: Terapagos|Stellar\n|detailschange|p1a: Terapagos|Terapagos-Stellar, L50, M, tera:Stellar\n|-heal|p1a: Terapagos|100\/100|[silent]\n|move|p1b: Tornadus|Tailwind|p1b: Tornadus\n|-sidestart|p1: PuniHina|move: Tailwind\n|move|p1a: Terapagos|Tera Starstorm|p2a: Flutter Mane|[spread] p2a,p2b\n|-damage|p2a: Flutter Mane|38\/100\n|-damage|p2b: Urshifu|22\/100\n|move|p2a: Flutter Mane|Dazzling Gleam|p1a: Terapagos|[spread] p1a,p1b\n|-damage|p1a: Terapagos|70\/100\n|-damage|p1b: Tornadus|55\/100\n|move|p2b: Urshifu|Close Combat|p1a: Terapagos\n|-supereffective|p1a: Terapagos\n|-damage|p1a: Terapagos|0 fnt\n|-unboost|p2b: Urshifu|def|1\n|-unboost|p2b: Urshifu|spd|1\n|faint|p1a: Terapagos\n|\n|upkeep\n|j| Meditate Golisopod\n|\n|t:|1714756808\n|switch|p1a: ItaRin|Flutter Mane, L50|100\/100\n|-enditem|p1a: ItaRin|Booster Energy\n|-activate|p1a: ItaRin|ability: Protosynthesis|[fromitem]\n|-start|p1a: ItaRin|protosynthesisspa\n|turn|2\n|\n|t:|1714756829\n|move|p2b: Urshifu|Detect|p2b: Urshifu\n|-singleturn|p2b: Urshifu|Protect\n|move|p1a: ItaRin|Substitute|p1a: ItaRin\n|-start|p1a: ItaRin|Substitute\n|-damage|p1a: ItaRin|76\/100\n|move|p1b: Tornadus|Bleakwind Storm|p2a: Flutter Mane|[spread] p2a\n|-activate|p2b: Urshifu|move: Protect\n|-damage|p2a: Flutter Mane|9\/100\n|move|p2a: Flutter Mane|Dazzling Gleam|p1a: ItaRin|[spread] p1a,p1b\n|-end|p1a: ItaRin|Substitute\n|-damage|p1b: Tornadus|12\/100\n|\n|upkeep\n|turn|3\n|j| moreBonusPls\n|inactive|Krisuerte has 30 seconds left.\n|\n|t:|1714756861\n|move|p1b: Tornadus|Rain Dance|p1b: Tornadus\n|-weather|RainDance\n|move|p2b: Urshifu|Sucker Punch||[still]\n|-fail|p2b: Urshifu\n|move|p1a: ItaRin|Moonblast|p2a: Flutter Mane\n|-damage|p2a: Flutter Mane|0 fnt\n|faint|p2a: Flutter Mane\n|-end|p2a: Flutter Mane|Protosynthesis|[silent]\n|\n|-weather|RainDance|[upkeep]\n|upkeep\n|\n|t:|1714756875\n|switch|p2a: Groudon|Groudon, L50|100\/100\n|-weather|SunnyDay|[from] ability: Drought|[of] p2a: Groudon\n|turn|4\n|l| Meditate Golisopod\n|inactive|Krisuerte has 30 seconds left.\n|\n|t:|1714756904\n|-terastallize|p2a: Groudon|Fire\n|move|p2b: Urshifu|Sucker Punch|p1a: ItaRin\n|-damage|p1a: ItaRin|20\/100\n|move|p1a: ItaRin|Moonblast|p2a: Groudon\n|-resisted|p2a: Groudon\n|-damage|p2a: Groudon|80\/100\n|move|p1b: Tornadus|Bleakwind Storm|p2b: Urshifu|[spread] p2a,p2b\n|-supereffective|p2b: Urshifu\n|-damage|p2a: Groudon|60\/100\n|-damage|p2b: Urshifu|0 fnt\n|faint|p2b: Urshifu\n|move|p2a: Groudon|Thunder Punch|p1b: Tornadus\n|-supereffective|p1b: Tornadus\n|-damage|p1b: Tornadus|0 fnt\n|-damage|p2a: Groudon|44\/100|[from] item: Rocky Helmet|[of] p1b: Tornadus\n|faint|p1b: Tornadus\n|\n|-weather|SunnyDay|[upkeep]\n|-sideend|p1: PuniHina|move: Tailwind\n|upkeep\n|\n|t:|1714756923\n|switch|p2b: Gouging Fire|Gouging Fire, L50|100\/100\n|switch|p1b: Urshifu|Urshifu-Rapid-Strike, L50, M|100\/100\n|-activate|p2b: Gouging Fire|ability: Protosynthesis\n|-start|p2b: Gouging Fire|protosynthesisspe\n|turn|5\n|inactive|Krisuerte has 30 seconds left.\n|\n|t:|1714756955\n|move|p1a: ItaRin|Protect|p1a: ItaRin\n|-singleturn|p1a: ItaRin|Protect\n|move|p2b: Gouging Fire|Flare Blitz|p1a: ItaRin\n|-activate|p1a: ItaRin|move: Protect\n|move|p1b: Urshifu|Surging Strikes|p2a: Groudon\n|-supereffective|p2a: Groudon\n|-crit|p2a: Groudon\n|-damage|p2a: Groudon|32\/100\n|-supereffective|p2a: Groudon\n|-crit|p2a: Groudon\n|-damage|p2a: Groudon|20\/100\n|-supereffective|p2a: Groudon\n|-crit|p2a: Groudon\n|-damage|p2a: Groudon|7\/100\n|-hitcount|p2a: Groudon|3\n|move|p2a: Groudon|Thunder Punch|p1b: Urshifu\n|-supereffective|p1b: Urshifu\n|-damage|p1b: Urshifu|36\/100\n|\n|-weather|SunnyDay|[upkeep]\n|upkeep\n|turn|6\n|\n|t:|1714756977\n|move|p1a: ItaRin|Protect||[still]\n|-fail|p1a: ItaRin\n|move|p1b: Urshifu|Aqua Jet|p2a: Groudon\n|-supereffective|p2a: Groudon\n|-damage|p2a: Groudon|0 fnt\n|faint|p2a: Groudon\n|move|p2b: Gouging Fire|Flare Blitz|p1a: ItaRin\n|-damage|p1a: ItaRin|0 fnt\n|faint|p1a: ItaRin\n|-end|p1a: ItaRin|Protosynthesis|[silent]\n|-damage|p2b: Gouging Fire|96\/100|[from] Recoil\n|\n|-weather|SunnyDay|[upkeep]\n|upkeep\n|turn|7\n|\n|t:|1714756991\n|move|p1b: Urshifu|Detect|p1b: Urshifu\n|-singleturn|p1b: Urshifu|Protect\n|move|p2b: Gouging Fire|Breaking Swipe|p1b: Urshifu\n|-activate|p1b: Urshifu|move: Protect\n|\n|-weather|SunnyDay|[upkeep]\n|upkeep\n|turn|8\n|\n|t:|1714757010\n|move|p2b: Gouging Fire|Flare Blitz|p1b: Urshifu\n|-resisted|p1b: Urshifu\n|-damage|p1b: Urshifu|0 fnt\n|faint|p1b: Urshifu\n|-damage|p2b: Gouging Fire|86\/100|[from] Recoil\n|\n|win|Krisuerte\n|raw|PuniHina's rating: 1727 &rarr; <strong>1710<\/strong><br \/>(-17 for losing)\n|raw|Krisuerte's rating: 1779 &rarr; <strong>1796<\/strong><br \/>(+17 for winning)\n|l|\u2606Krisuerte\n|player|p2|\n|l| moreBonusPls\n|l|\u2606PuniHina\n|player|p1|\n","uploadtime":1714757223,"views":119,"formatid":"gen9vgc2024regg","rating":1710,"private":0,"password":null}