{"id":"gen9vgc2024regg-2117351935","format":"[Gen 9] VGC 2024 Reg G","players":["TheLoanRanger","Paradox Mourinho"],"log":"|j|\u2606TheLoanRanger\n|j|\u2606Paradox Mourinho\n|t:|1714781189\n|gametype|doubles\n|player|p1|TheLoanRanger|gardenia|1655\n|player|p2|Paradox Mourinho|lance|1744\n|teamsize|p1|6\n|teamsize|p2|6\n|gen|9\n|tier|[Gen 9] VGC 2024 Reg G\n|rated|\n|rule|Species Clause: Limit one of each Pok\u00e9mon\n|rule|Item Clause: Limit one of each item\n|clearpoke\n|poke|p1|Miraidon, L50|\n|poke|p1|Iron Valiant, L50|\n|poke|p1|Ogerpon-Wellspring, L50, F|\n|poke|p1|Gholdengo, L50|\n|poke|p1|Landorus-Therian, L50, M|\n|poke|p1|Chi-Yu, L50|\n|poke|p2|Terapagos, L50, M|\n|poke|p2|Tornadus, L50, M|\n|poke|p2|Chi-Yu, L50|\n|poke|p2|Ogerpon-Wellspring, L50, F|\n|poke|p2|Raging Bolt, L50|\n|poke|p2|Landorus, L50, M|\n|teampreview|4\nTheLoanRanger has agreed to open team sheets.\n|j| Samevgcmons\n|inactive|Battle timer is ON: inactive players will automatically lose when time's up. (requested by Paradox Mourinho)\n|\n|t:|1714781225\n|start\n|switch|p1a: Landorus|Landorus-Therian, L50, M|100\/100\n|switch|p1b: Ogerpon|Ogerpon-Wellspring, L50, F|100\/100\n|switch|p2a: Raging Bolt|Raging Bolt, L50|100\/100\n|switch|p2b: Tornadus|Tornadus, L50, M|100\/100\n|-ability|p1a: Landorus|Intimidate|boost\n|-unboost|p2a: Raging Bolt|atk|1\n|-unboost|p2b: Tornadus|atk|1\n|turn|1\n|\n|t:|1714781244\n|move|p2b: Tornadus|Tailwind|p2b: Tornadus\n|-sidestart|p2: Paradox Mourinho|move: Tailwind\n|move|p2a: Raging Bolt|Thunderbolt|p1b: Ogerpon\n|-damage|p1b: Ogerpon|53\/100\n|move|p1b: Ogerpon|Wood Hammer|p2a: Raging Bolt\n|-resisted|p2a: Raging Bolt\n|-damage|p2a: Raging Bolt|77\/100\n|-damage|p1b: Ogerpon|44\/100|[from] Recoil\n|move|p1a: Landorus|Stomping Tantrum|p2a: Raging Bolt\n|-supereffective|p2a: Raging Bolt\n|-damage|p2a: Raging Bolt|17\/100\n|\n|upkeep\n|turn|2\n|inactive|TheLoanRanger has 30 seconds left.\n|\n|t:|1714781269\n|-end|p2a: Raging Bolt|Protosynthesis|[silent]\n|switch|p2a: Landorus|Landorus, L50, M|100\/100\n|move|p1b: Ogerpon|Spiky Shield|p1b: Ogerpon\n|-singleturn|p1b: Ogerpon|move: Protect\n|move|p2b: Tornadus|Bleakwind Storm|p1a: Landorus|[spread] p1a\n|-activate|p1b: Ogerpon|move: Protect\n|-damage|p1a: Landorus|77\/100\n|move|p1a: Landorus|U-turn|p2a: Landorus\n|-resisted|p2a: Landorus\n|-damage|p2a: Landorus|86\/100\n|\n|t:|1714781276\n|switch|p1a: Iron Valiant|Iron Valiant, L50|100\/100|[from] U-turn\n|\n|upkeep\n|turn|3\n|inactive|TheLoanRanger has 30 seconds left.\n|\n|t:|1714781306\n|-terastallize|p1b: Ogerpon|Water\n|detailschange|p1b: Ogerpon|Ogerpon-Wellspring-Tera, L50, F, tera:Water\n|-ability|p1b: Ogerpon|Embody Aspect (Wellspring)|boost\n|-boost|p1b: Ogerpon|spd|1\n|move|p2b: Tornadus|Taunt|p1a: Iron Valiant\n|-start|p1a: Iron Valiant|move: Taunt\n|move|p2a: Landorus|Earth Power|p1b: Ogerpon\n|-damage|p1b: Ogerpon|0 fnt\n|faint|p1b: Ogerpon\n|move|p1a: Iron Valiant|Icy Wind|p2b: Tornadus|[spread] p2a,p2b\n|-supereffective|p2a: Landorus\n|-supereffective|p2b: Tornadus\n|-damage|p2a: Landorus|25\/100\n|-damage|p2b: Tornadus|77\/100\n|-unboost|p2a: Landorus|spe|1\n|-unboost|p2b: Tornadus|spe|1\n|\n|upkeep\n|\n|t:|1714781316\n|switch|p1b: Miraidon|Miraidon, L50|100\/100\n|-fieldstart|move: Electric Terrain|[from] ability: Hadron Engine|[of] p1b: Miraidon\n|-activate|p1a: Iron Valiant|ability: Quark Drive\n|-start|p1a: Iron Valiant|quarkdrivespe\n|turn|4\n|inactive|Paradox Mourinho has 30 seconds left.\n|\n|t:|1714781349\n|switch|p2b: Raging Bolt|Raging Bolt, L50|17\/100\n|move|p2a: Landorus|Protect|p2a: Landorus\n|-singleturn|p2a: Landorus|Protect\n|move|p1a: Iron Valiant|Icy Wind|p2b: Raging Bolt|[spread] p2b\n|-activate|p2a: Landorus|move: Protect\n|-supereffective|p2b: Raging Bolt\n|-damage|p2b: Raging Bolt|3\/100\n|-unboost|p2b: Raging Bolt|spe|1\n|move|p1b: Miraidon|Volt Switch|p2b: Raging Bolt\n|-resisted|p2b: Raging Bolt\n|-damage|p2b: Raging Bolt|0 fnt\n|faint|p2b: Raging Bolt\n|-end|p2b: Raging Bolt|Protosynthesis|[silent]\n|\n|t:|1714781353\n|switch|p1b: Landorus|Landorus-Therian, L50, M|77\/100|[from] Volt Switch\n|-ability|p1b: Landorus|Intimidate|boost\n|-unboost|p2a: Landorus|atk|1\n|\n|-sideend|p2: Paradox Mourinho|move: Tailwind\n|upkeep\n|\n|t:|1714781362\n|switch|p2b: Tortugol|Terapagos, L50, M|100\/100\n|-activate|p2b: Tortugol|ability: Tera Shift\n|detailschange|p2b: Tortugol|Terapagos-Terastal, L50, M\n|-heal|p2b: Tortugol|100\/100|[silent]\n|turn|5\n|\n|t:|1714781375\n|switch|p2a: Tornadus|Tornadus, L50, M|77\/100\n|-terastallize|p2b: Tortugol|Stellar\n|detailschange|p2b: Tortugol|Terapagos-Stellar, L50, M, tera:Stellar\n|-heal|p2b: Tortugol|100\/100|[silent]\n|-ability|p2b: Tortugol|Teraform Zero\n|-fieldend|move: Electric Terrain\n|-end|p1a: Iron Valiant|Quark Drive\n|move|p1a: Iron Valiant|Icy Wind|p2a: Tornadus|[spread] p2a,p2b\n|-supereffective|p2a: Tornadus\n|-damage|p2a: Tornadus|52\/100\n|-damage|p2b: Tortugol|93\/100\n|-unboost|p2a: Tornadus|spe|1\n|-unboost|p2b: Tortugol|spe|1\n|move|p1b: Landorus|Stomping Tantrum|p2b: Tortugol\n|-damage|p2b: Tortugol|72\/100\n|move|p2b: Tortugol|Tera Starstorm|p1b: Landorus|[spread] p1a,p1b\n|-enditem|p1a: Iron Valiant|Focus Sash\n|-damage|p1a: Iron Valiant|1\/100\n|-damage|p1b: Landorus|34\/100\n|\n|-end|p1a: Iron Valiant|move: Taunt\n|upkeep\n|turn|6\n|\n|t:|1714781401\n|switch|p1b: Miraidon|Miraidon, L50|100\/100\n|-fieldstart|move: Electric Terrain|[from] ability: Hadron Engine|[of] p1b: Miraidon\n|-activate|p1a: Iron Valiant|ability: Quark Drive\n|-start|p1a: Iron Valiant|quarkdrivespe\n|move|p2a: Tornadus|Tailwind|p2a: Tornadus\n|-sidestart|p2: Paradox Mourinho|move: Tailwind\n|move|p1a: Iron Valiant|Close Combat|p2b: Tortugol\n|-supereffective|p2b: Tortugol\n|-damage|p2b: Tortugol|0 fnt\n|-unboost|p1a: Iron Valiant|def|1\n|-unboost|p1a: Iron Valiant|spd|1\n|faint|p2b: Tortugol\n|\n|upkeep\n|\n|t:|1714781410\n|switch|p2b: Landorus|Landorus, L50, M|25\/100\n|turn|7\n|inactive|TheLoanRanger has 30 seconds left.\n|inactive|TheLoanRanger has 20 seconds left.\n|\n|t:|1714781448\n|move|p2a: Tornadus|Rain Dance|p2a: Tornadus\n|-weather|RainDance\n|move|p2b: Landorus|Sandsear Storm|p1a: Iron Valiant|[spread] p1a,p1b\n|-supereffective|p1b: Miraidon\n|-damage|p1a: Iron Valiant|0 fnt\n|-damage|p1b: Miraidon|2\/100\n|faint|p1a: Iron Valiant\n|-end|p1a: Iron Valiant|Quark Drive|[silent]\n|move|p1b: Miraidon|Volt Switch|p2a: Tornadus\n|-supereffective|p2a: Tornadus\n|-damage|p2a: Tornadus|0 fnt\n|faint|p2a: Tornadus\n|\n|t:|1714781452\n|switch|p1b: Landorus|Landorus-Therian, L50, M|34\/100|[from] Volt Switch\n|-ability|p1b: Landorus|Intimidate|boost\n|-unboost|p2b: Landorus|atk|1\n|\n|-weather|RainDance|[upkeep]\n|upkeep\n|\n|t:|1714781453\n|switch|p1a: Miraidon|Miraidon, L50|2\/100\n|-activate|p1a: Miraidon|ability: Hadron Engine\n|turn|8\n|\n|t:|1714781460\n|move|p2b: Landorus|Sandsear Storm|p1b: Landorus|[spread] p1a\n|-immune|p1b: Landorus\n|-supereffective|p1a: Miraidon\n|-damage|p1a: Miraidon|0 fnt\n|faint|p1a: Miraidon\n|move|p1b: Landorus|Rock Tomb|p2b: Landorus\n|-damage|p2b: Landorus|0 fnt\n|faint|p2b: Landorus\n|\n|win|TheLoanRanger\n|raw|TheLoanRanger's rating: 1655 &rarr; <strong>1680<\/strong><br \/>(+25 for winning)\n|raw|Paradox Mourinho's rating: 1744 &rarr; <strong>1719<\/strong><br \/>(-25 for losing)\n|l|\u2606Paradox Mourinho\n|player|p2|\n|l| Samevgcmons\n","uploadtime":1714781710,"views":98,"formatid":"gen9vgc2024regg","rating":1680,"private":0,"password":null}