{"id":"gen9vgc2024regg-2117175297","format":"[Gen 9] VGC 2024 Reg G","players":["kojimuranishi","PECKHAM"],"log":"|j|\u2606kojimuranishi\n|j|\u2606PECKHAM\n|t:|1714761748\n|gametype|doubles\n|player|p1|kojimuranishi|1|1676\n|player|p2|PECKHAM|1|1714\n|teamsize|p1|6\n|teamsize|p2|6\n|gen|9\n|tier|[Gen 9] VGC 2024 Reg G\n|rated|\n|rule|Species Clause: Limit one of each Pok\u00e9mon\n|rule|Item Clause: Limit one of each item\n|clearpoke\n|poke|p1|Calyrex-Shadow, L50|\n|poke|p1|Urshifu-*, L50, F|\n|poke|p1|Raging Bolt, L50|\n|poke|p1|Chien-Pao, L50|\n|poke|p1|Dragonite, L50, M|\n|poke|p1|Flutter Mane, L50|\n|poke|p2|Terapagos, L50, M|\n|poke|p2|Amoonguss, L50, M|\n|poke|p2|Incineroar, L50, F|\n|poke|p2|Scream Tail, L50|\n|poke|p2|Raging Bolt, L50|\n|poke|p2|Clefairy, L50, F|\n|teampreview|4\n|j| huchen\n|\n|t:|1714761789\n|start\n|switch|p1a: Calyrex|Calyrex-Shadow, L50|100\/100\n|switch|p1b: Urshifu|Urshifu-Rapid-Strike, L50, F|100\/100\n|switch|p2a: Terapagos|Terapagos, L50, M|100\/100\n|switch|p2b: Amoonguss|Amoonguss, L50, M|100\/100\n|-ability|p1a: Calyrex|As One\n|-ability|p1a: Calyrex|Unnerve\n|-activate|p2a: Terapagos|ability: Tera Shift\n|detailschange|p2a: Terapagos|Terapagos-Terastal, L50, M\n|-heal|p2a: Terapagos|100\/100|[silent]\n|turn|1\n|j| bluestraggler01\n|inactive|Battle timer is ON: inactive players will automatically lose when time's up. (requested by PECKHAM)\n|\n|t:|1714761837\n|-terastallize|p2a: Terapagos|Stellar\n|detailschange|p2a: Terapagos|Terapagos-Stellar, L50, M, tera:Stellar\n|-heal|p2a: Terapagos|100\/100|[silent]\n|move|p2b: Amoonguss|Rage Powder|p2b: Amoonguss\n|-singleturn|p2b: Amoonguss|move: Rage Powder\n|move|p1b: Urshifu|U-turn|p2b: Amoonguss\n|-damage|p2b: Amoonguss|77\/100\n|-damage|p1b: Urshifu|84\/100|[from] item: Rocky Helmet|[of] p2b: Amoonguss\n|\n|t:|1714761846\n|switch|p1b: Dragonite|Dragonite, L50, M|100\/100|[from] U-turn\n|move|p1a: Calyrex|Psyshock|p2b: Amoonguss\n|-supereffective|p2b: Amoonguss\n|-damage|p2b: Amoonguss|0 fnt\n|faint|p2b: Amoonguss\n|-ability|p1a: Calyrex|Grim Neigh|boost\n|-boost|p1a: Calyrex|spa|1\n|move|p2a: Terapagos|Tera Starstorm|p1b: Dragonite|[spread] p1a,p1b\n|-crit|p1a: Calyrex\n|-damage|p1a: Calyrex|46\/100\n|-damage|p1b: Dragonite|84\/100\n|\n|upkeep\n|\n|t:|1714761862\n|switch|p2b: Clefairy|Clefairy, L50, F|100\/100\n|turn|2\n|\n|t:|1714761874\n|move|p1b: Dragonite|Extreme Speed|p2a: Terapagos\n|-damage|p2a: Terapagos|81\/100\n|move|p1a: Calyrex|Psyshock|p2a: Terapagos\n|-damage|p2a: Terapagos|35\/100\n|move|p2a: Terapagos|Tera Starstorm|p1b: Dragonite|[spread] p1a,p1b\n|-damage|p1a: Calyrex|11\/100\n|-damage|p1b: Dragonite|53\/100\n|move|p2b: Clefairy|Life Dew||[still]|[spread] p2a,p2b\n|-heal|p2a: Terapagos|60\/100\n|-fail|p2b: Clefairy|heal\n|\n|-heal|p2a: Terapagos|66\/100|[from] item: Leftovers\n|upkeep\n|turn|3\n|inactive|kojimuranishi has 30 seconds left.\n|\n|t:|1714761900\n|move|p2a: Terapagos|Protect|p2a: Terapagos\n|-singleturn|p2a: Terapagos|Protect\n|move|p1b: Dragonite|Extreme Speed|p2b: Clefairy\n|-damage|p2b: Clefairy|63\/100\n|move|p1a: Calyrex|Psyshock|p2b: Clefairy\n|-damage|p2b: Clefairy|0 fnt\n|faint|p2b: Clefairy\n|-ability|p1a: Calyrex|Grim Neigh|boost\n|-boost|p1a: Calyrex|spa|1\n|\n|-heal|p2a: Terapagos|72\/100|[from] item: Leftovers\n|upkeep\n|j| frosteefromyt\n|\n|t:|1714761907\n|switch|p2b: Raging Bolt|Raging Bolt, L50|100\/100\n|turn|4\n|inactive|kojimuranishi has 30 seconds left.\n|inactive|PECKHAM has 30 seconds left.\n|l| bluestraggler01\n|inactive|kojimuranishi has 20 seconds left.\n|\n|t:|1714761945\n|move|p1b: Dragonite|Extreme Speed|p2b: Raging Bolt\n|-damage|p2b: Raging Bolt|66\/100\n|move|p1a: Calyrex|Psyshock|p2b: Raging Bolt\n|-damage|p2b: Raging Bolt|0 fnt\n|faint|p2b: Raging Bolt\n|-end|p2b: Raging Bolt|Protosynthesis|[silent]\n|-ability|p1a: Calyrex|Grim Neigh|boost\n|-boost|p1a: Calyrex|spa|1\n|move|p2a: Terapagos|Tera Starstorm|p1b: Dragonite|[spread] p1a,p1b\n|-damage|p1a: Calyrex|0 fnt\n|-damage|p1b: Dragonite|19\/100\n|faint|p1a: Calyrex\n|\n|-heal|p2a: Terapagos|78\/100|[from] item: Leftovers\n|upkeep\n|c|\u2606PECKHAM|nice call\n|\n|t:|1714761962\n|switch|p1a: Urshifu|Urshifu-Rapid-Strike, L50, F|84\/100\n|turn|5\n|\n|t:|1714761968\n|-terastallize|p1b: Dragonite|Normal\n|move|p1b: Dragonite|Extreme Speed|p2a: Terapagos\n|-damage|p2a: Terapagos|38\/100\n|move|p1a: Urshifu|Close Combat|p2a: Terapagos\n|-supereffective|p2a: Terapagos\n|-damage|p2a: Terapagos|0 fnt\n|-unboost|p1a: Urshifu|def|1\n|-unboost|p1a: Urshifu|spd|1\n|faint|p2a: Terapagos\n|\n|win|kojimuranishi\n|raw|kojimuranishi's rating: 1676 &rarr; <strong>1698<\/strong><br \/>(+22 for winning)\n|raw|PECKHAM's rating: 1714 &rarr; <strong>1692<\/strong><br \/>(-22 for losing)\n|l|\u2606PECKHAM\n|player|p2|\n|l| huchen\n|l| frosteefromyt\n|l|\u2606kojimuranishi\n|player|p1|\n","uploadtime":1714762243,"views":75,"formatid":"gen9vgc2024regg","rating":1692,"private":0,"password":null}