{"id":"gen9vgc2024regg-2117313351","format":"[Gen 9] VGC 2024 Reg G","players":["Krisuerte","LilTic"],"log":"|j|\u2606Krisuerte\n|j|\u2606LilTic\n|t:|1714776239\n|gametype|doubles\n|player|p1|Krisuerte|265|1697\n|player|p2|LilTic|ninjaboy|1784\n|teamsize|p1|6\n|teamsize|p2|6\n|gen|9\n|tier|[Gen 9] VGC 2024 Reg G\n|rated|\n|rule|Species Clause: Limit one of each Pok\u00e9mon\n|rule|Item Clause: Limit one of each item\n|clearpoke\n|poke|p1|Ogerpon-Wellspring, L50, F|\n|poke|p1|Kyogre, L50|\n|poke|p1|Tornadus, L50, M|\n|poke|p1|Urshifu-*, L50, M|\n|poke|p1|Archaludon, L50, F|\n|poke|p1|Landorus, L50, M|\n|poke|p2|Zamazenta-*, L50|\n|poke|p2|Incineroar, L50, M|\n|poke|p2|Sinistcha, L50|\n|poke|p2|Tyranitar, L50, M|\n|poke|p2|Gastrodon, L50, F|\n|poke|p2|Grimmsnarl, L50, M|\n|teampreview|4\n|\n|t:|1714776262\n|start\n|switch|p1a: Tornadus|Tornadus, L50, M|100\/100\n|switch|p1b: Landorus|Landorus, L50, M|100\/100\n|switch|p2a: Grimmsnarl|Grimmsnarl, L50, M, shiny|100\/100\n|switch|p2b: Tyranitar|Tyranitar, L50, M|100\/100\n|-weather|Sandstorm|[from] ability: Sand Stream|[of] p2b: Tyranitar\n|turn|1\n|inactive|Battle timer is ON: inactive players will automatically lose when time's up. (requested by Krisuerte)\n|j| lurkingsombres\n|l| lurkingsombres\n|\n|t:|1714776279\n|move|p1a: Tornadus|Rain Dance|p1a: Tornadus\n|-weather|RainDance\n|move|p2a: Grimmsnarl|Light Screen|p2a: Grimmsnarl\n|-sidestart|p2: LilTic|move: Light Screen\n|move|p1b: Landorus|Earth Power|p2b: Tyranitar\n|-supereffective|p2b: Tyranitar\n|-damage|p2b: Tyranitar|43\/100\n|move|p2b: Tyranitar|Rock Slide|p1a: Tornadus|[spread] p1a\n|-miss|p2b: Tyranitar|p1b: Landorus\n|-supereffective|p1a: Tornadus\n|-damage|p1a: Tornadus|28\/100\n|\n|-weather|RainDance|[upkeep]\n|upkeep\n|turn|2\n|\n|t:|1714776304\n|move|p1a: Tornadus|Tailwind|p1a: Tornadus\n|-sidestart|p1: Krisuerte|move: Tailwind\n|move|p2a: Grimmsnarl|Parting Shot|p1b: Landorus\n|-unboost|p1b: Landorus|atk|1\n|-unboost|p1b: Landorus|spa|1\n|\n|t:|1714776307\n|switch|p2a: Sinistcha|Sinistcha, L50|100\/100|[from] Parting Shot\n|-heal|p2b: Tyranitar|67\/100|[from] ability: Hospitality|[of] p2a: Sinistcha\n|move|p1b: Landorus|Sandsear Storm|p2a: Sinistcha|[spread] p2a,p2b\n|-resisted|p2a: Sinistcha\n|-supereffective|p2b: Tyranitar\n|-damage|p2a: Sinistcha|86\/100\n|-damage|p2b: Tyranitar|36\/100\n|move|p2b: Tyranitar|Rock Slide|p1b: Landorus|[spread] p1a,p1b\n|-supereffective|p1a: Tornadus\n|-damage|p1a: Tornadus|0 fnt\n|-damage|p1b: Landorus|60\/100\n|faint|p1a: Tornadus\n|\n|-weather|RainDance|[upkeep]\n|upkeep\n|\n|t:|1714776325\n|switch|p1a: Kyogre|Kyogre, L50|100\/100\n|turn|3\n|inactive|Krisuerte has 30 seconds left.\n|\n|t:|1714776351\n|switch|p2b: Grimmsnarl|Grimmsnarl, L50, M, shiny|100\/100\n|-terastallize|p1a: Kyogre|Water\n|move|p1b: Landorus|Sandsear Storm|p2a: Sinistcha|[spread] p2a,p2b\n|-resisted|p2a: Sinistcha\n|-damage|p2a: Sinistcha|71\/100\n|-damage|p2b: Grimmsnarl|77\/100\n|move|p1a: Kyogre|Water Spout|p2a: Sinistcha|[spread] p2a,p2b\n|-resisted|p2a: Sinistcha\n|-damage|p2a: Sinistcha|0 fnt\n|-damage|p2b: Grimmsnarl|0 fnt\n|faint|p2a: Sinistcha\n|faint|p2b: Grimmsnarl\n|\n|-weather|RainDance|[upkeep]\n|upkeep\n|\n|t:|1714776355\n|switch|p2a: Tyranitar|Tyranitar, L50, M|36\/100\n|switch|p2b: Zamazenta|Zamazenta-Crowned, L50|100\/100\n|-ability|p2b: Zamazenta|Dauntless Shield|boost\n|-boost|p2b: Zamazenta|def|1\n|-weather|Sandstorm|[from] ability: Sand Stream|[of] p2a: Tyranitar\n|turn|4\n|inactive|Krisuerte has 30 seconds left.\n|\n|t:|1714776385\n|switch|p1b: Urshifu|Urshifu-Rapid-Strike, L50, M|100\/100\n|move|p2b: Zamazenta|Protect|p2b: Zamazenta\n|-singleturn|p2b: Zamazenta|Protect\n|move|p1a: Kyogre|Water Spout|p2a: Tyranitar|[spread] p2a\n|-activate|p2b: Zamazenta|move: Protect\n|-supereffective|p2a: Tyranitar\n|-damage|p2a: Tyranitar|0 fnt\n|faint|p2a: Tyranitar\n|\n|-weather|Sandstorm|[upkeep]\n|-damage|p1b: Urshifu|95\/100|[from] Sandstorm\n|-damage|p1a: Kyogre|95\/100|[from] Sandstorm\n|upkeep\n|turn|5\n|\n|t:|1714776401\n|-terastallize|p2b: Zamazenta|Water\n|move|p1b: Urshifu|Surging Strikes|p2b: Zamazenta\n|-resisted|p2b: Zamazenta\n|-crit|p2b: Zamazenta\n|-damage|p2b: Zamazenta|90\/100\n|-resisted|p2b: Zamazenta\n|-crit|p2b: Zamazenta\n|-damage|p2b: Zamazenta|79\/100\n|-resisted|p2b: Zamazenta\n|-crit|p2b: Zamazenta\n|-damage|p2b: Zamazenta|69\/100\n|-hitcount|p2b: Zamazenta|3\n|move|p1a: Kyogre|Water Spout|p2b: Zamazenta\n|-resisted|p2b: Zamazenta\n|-damage|p2b: Zamazenta|33\/100\n|move|p2b: Zamazenta|Body Press|p1a: Kyogre\n|-damage|p1a: Kyogre|32\/100\n|\n|-weather|Sandstorm|[upkeep]\n|-damage|p1b: Urshifu|89\/100|[from] Sandstorm\n|-damage|p1a: Kyogre|26\/100|[from] Sandstorm\n|-damage|p2b: Zamazenta|27\/100|[from] Sandstorm\n|-sideend|p1: Krisuerte|move: Tailwind\n|upkeep\n|turn|6\n|-message|LilTic forfeited.\n|\n|win|Krisuerte\n|raw|Krisuerte's rating: 1697 &rarr; <strong>1722<\/strong><br \/>(+25 for winning)\n|raw|LilTic's rating: 1784 &rarr; <strong>1759<\/strong><br \/>(-25 for losing)\n|l|\u2606LilTic\n|player|p2|\n|l|\u2606Krisuerte\n|player|p1|\n","uploadtime":1714776665,"views":249,"formatid":"gen9vgc2024regg","rating":1722,"private":0,"password":null}