{"id":"gen9vgc2024regg-2117212226","format":"[Gen 9] VGC 2024 Reg G","players":["SlowHomie","kojimuranishi"],"log":"|j|\u2606SlowHomie\n|j|\u2606kojimuranishi\n|t:|1714765255\n|gametype|doubles\n|player|p1|SlowHomie|hilbert|1671\n|player|p2|kojimuranishi|1|1720\n|teamsize|p1|6\n|teamsize|p2|6\n|gen|9\n|tier|[Gen 9] VGC 2024 Reg G\n|rated|\n|rule|Species Clause: Limit one of each Pok\u00e9mon\n|rule|Item Clause: Limit one of each item\n|clearpoke\n|poke|p1|Tornadus, L50, M|\n|poke|p1|Amoonguss, L50, F|\n|poke|p1|Raging Bolt, L50|\n|poke|p1|Gholdengo, L50|\n|poke|p1|Terapagos, L50, M|\n|poke|p1|Incineroar, L50, F|\n|poke|p2|Calyrex-Shadow, L50|\n|poke|p2|Urshifu-*, L50, M|\n|poke|p2|Raging Bolt, L50|\n|poke|p2|Chien-Pao, L50|\n|poke|p2|Dragonite, L50, M|\n|poke|p2|Flutter Mane, L50|\n|teampreview|4\nSlowHomie has agreed to open team sheets.\n|j| ale cog\n|inactive|Battle timer is ON: inactive players will automatically lose when time's up. (requested by kojimuranishi)\n|\n|t:|1714765286\n|start\n|switch|p1a: Amoonguss|Amoonguss, L50, F|100\/100\n|switch|p1b: Terapagos|Terapagos, L50, M|100\/100\n|switch|p2a: Calyrex|Calyrex-Shadow, L50|100\/100\n|switch|p2b: Urshifu|Urshifu-Rapid-Strike, L50, M|100\/100\n|-ability|p2a: Calyrex|As One\n|-ability|p2a: Calyrex|Unnerve\n|-activate|p1b: Terapagos|ability: Tera Shift\n|detailschange|p1b: Terapagos|Terapagos-Terastal, L50, M\n|-heal|p1b: Terapagos|100\/100|[silent]\n|turn|1\n|\n|t:|1714765310\n|move|p1a: Amoonguss|Rage Powder|p1a: Amoonguss\n|-singleturn|p1a: Amoonguss|move: Rage Powder\n|move|p2b: Urshifu|U-turn|p1a: Amoonguss\n|-damage|p1a: Amoonguss|79\/100\n|-damage|p2b: Urshifu|84\/100|[from] item: Rocky Helmet|[of] p1a: Amoonguss\n|inactive|kojimuranishi has 30 seconds left.\n|inactive|kojimuranishi has 20 seconds left.\n|j| hiwatarikai55\n|inactive|kojimuranishi has 15 seconds left.\n|\n|t:|1714765352\n|switch|p2b: Chien-Pao|Chien-Pao, L50|100\/100|[from] U-turn\n|-ability|p2b: Chien-Pao|Sword of Ruin\n|move|p2a: Calyrex|Psyshock|p1a: Amoonguss\n|-supereffective|p1a: Amoonguss\n|-damage|p1a: Amoonguss|0 fnt\n|faint|p1a: Amoonguss\n|-ability|p2a: Calyrex|Grim Neigh|boost\n|-boost|p2a: Calyrex|spa|1\n|move|p1b: Terapagos|Calm Mind|p1b: Terapagos\n|-boost|p1b: Terapagos|spa|1\n|-boost|p1b: Terapagos|spd|1\n|\n|upkeep\n|\n|t:|1714765359\n|switch|p1a: Tornadus|Tornadus, L50, M|100\/100\n|turn|2\n|\n|t:|1714765373\n|move|p1b: Terapagos|Protect|p1b: Terapagos\n|-singleturn|p1b: Terapagos|Protect\n|move|p1a: Tornadus|Tailwind|p1a: Tornadus\n|-sidestart|p1: SlowHomie|move: Tailwind\n|move|p2a: Calyrex|Psyshock|p1b: Terapagos\n|-activate|p1b: Terapagos|move: Protect\n|move|p2b: Chien-Pao|Ice Spinner|p1a: Tornadus\n|-supereffective|p1a: Tornadus\n|-enditem|p1a: Tornadus|Focus Sash\n|-damage|p1a: Tornadus|1\/100\n|-damage|p2b: Chien-Pao|91\/100|[from] item: Life Orb\n|\n|upkeep\n|turn|3\n|\n|t:|1714765391\n|-terastallize|p1b: Terapagos|Stellar\n|detailschange|p1b: Terapagos|Terapagos-Stellar, L50, M, tera:Stellar\n|-heal|p1b: Terapagos|100\/100|[silent]\n|move|p2b: Chien-Pao|Sucker Punch|p1a: Tornadus\n|-damage|p1a: Tornadus|0 fnt\n|faint|p1a: Tornadus\n|-damage|p2b: Chien-Pao|81\/100|[from] item: Life Orb\n|move|p1b: Terapagos|Tera Starstorm|p2a: Calyrex|[spread] p2a,p2b\n|-damage|p2a: Calyrex|32\/100\n|-damage|p2b: Chien-Pao|0 fnt\n|faint|p2b: Chien-Pao\n|move|p2a: Calyrex|Psyshock|p1b: Terapagos\n|-damage|p1b: Terapagos|33\/100\n|\n|upkeep\n|\n|t:|1714765407\n|switch|p2b: Dragonite|Dragonite, L50, M|100\/100\n|switch|p1a: Gholdengo|Gholdengo, L50|100\/100\n|turn|4\n|inactive|kojimuranishi has 30 seconds left.\n|\n|t:|1714765436\n|-terastallize|p2b: Dragonite|Normal\n|move|p2b: Dragonite|Extreme Speed|p1b: Terapagos\n|-damage|p1b: Terapagos|0 fnt\n|faint|p1b: Terapagos\n|move|p1a: Gholdengo|Dazzling Gleam|p2a: Calyrex|[spread] p2a,p2b\n|-damage|p2a: Calyrex|0 fnt\n|-damage|p2b: Dragonite|85\/100\n|faint|p2a: Calyrex\n|\n|upkeep\n|\n|t:|1714765446\n|switch|p2a: Urshifu|Urshifu-Rapid-Strike, L50, M|84\/100\n|turn|5\n|\n|t:|1714765453\n|move|p2b: Dragonite|Extreme Speed|p1a: Gholdengo\n|-immune|p1a: Gholdengo\n|move|p1a: Gholdengo|Dazzling Gleam|p2b: Dragonite|[spread] p2a,p2b\n|-supereffective|p2a: Urshifu\n|-damage|p2a: Urshifu|0 fnt\n|-damage|p2b: Dragonite|54\/100\n|faint|p2a: Urshifu\n|\n|-sideend|p1: SlowHomie|move: Tailwind\n|upkeep\n|turn|6\n|inactive|kojimuranishi has 30 seconds left.\n|inactive|kojimuranishi has 20 seconds left.\n|inactive|kojimuranishi has 15 seconds left.\n|inactive|kojimuranishi has 10 seconds left.\n|inactive|kojimuranishi has 5 seconds left.\n|\n|t:|1714765506\n|move|p2b: Dragonite|Extreme Speed|p1a: Gholdengo\n|-immune|p1a: Gholdengo\n|move|p1a: Gholdengo|Dazzling Gleam|p2b: Dragonite\n|-damage|p2b: Dragonite|10\/100\n|\n|upkeep\n|turn|7\n|l| hiwatarikai55\n|j| hiwatarikai55\n|-message|kojimuranishi forfeited.\n|\n|win|SlowHomie\n|raw|SlowHomie's rating: 1671 &rarr; <strong>1694<\/strong><br \/>(+23 for winning)\n|raw|kojimuranishi's rating: 1720 &rarr; <strong>1697<\/strong><br \/>(-23 for losing)\n|l|\u2606kojimuranishi\n|player|p2|\n|l| hiwatarikai55\n","uploadtime":1714765517,"views":98,"formatid":"gen9vgc2024regg","rating":1694,"private":0,"password":null}