{"id":"gen9vgc2024regg-2118059569","format":"[Gen 9] VGC 2024 Reg G","players":["SeaWolfMikess","war3infi"],"log":"|j|\u2606SeaWolfMikess\n|j|\u2606war3infi\n|t:|1714879341\n|gametype|doubles\n|player|p1|SeaWolfMikess|hugh|1754\n|player|p2|war3infi|dawn|1727\n|teamsize|p1|6\n|teamsize|p2|6\n|gen|9\n|tier|[Gen 9] VGC 2024 Reg G\n|rated|\n|rule|Species Clause: Limit one of each Pok\u00e9mon\n|rule|Item Clause: Limit one of each item\n|clearpoke\n|poke|p1|Smeargle, L50, F|\n|poke|p1|Volbeat, L50, M|\n|poke|p1|Raging Bolt, L50|\n|poke|p1|Ogerpon-Wellspring, L50, F|\n|poke|p1|Urshifu-*, L50, M|\n|poke|p1|Calyrex-Shadow, L50|\n|poke|p2|Farigiraf, L50, F|\n|poke|p2|Ursaluna-Bloodmoon, L50, M|\n|poke|p2|Incineroar, L50, F|\n|poke|p2|Whimsicott, L50, F|\n|poke|p2|Ogerpon-Cornerstone, L50, F|\n|poke|p2|Miraidon, L50|\n|teampreview|4\n|\n|t:|1714879366\n|start\n|switch|p1a: Volbeat|Volbeat, L50, M|100\/100\n|switch|p1b: Urshifu|Urshifu, L50, M|100\/100\n|switch|p2a: Miraidon|Miraidon, L50|100\/100\n|switch|p2b: Whimsicott|Whimsicott, L50, F|100\/100\n|-fieldstart|move: Electric Terrain|[from] ability: Hadron Engine|[of] p2a: Miraidon\n|turn|1\n|j| DogeAtHome\n|\n|t:|1714879377\n|switch|p1b: Raging Bolt|Raging Bolt, L50|100\/100\n|move|p2a: Miraidon|Volt Switch|p1b: Raging Bolt\n|-resisted|p1b: Raging Bolt\n|-damage|p1b: Raging Bolt|87\/100\n|\n|t:|1714879385\n|switch|p2a: Ursaluna|Ursaluna-Bloodmoon, L50, M|100\/100|[from] Volt Switch\n|move|p2b: Whimsicott|Moonblast|p1b: Raging Bolt\n|-supereffective|p1b: Raging Bolt\n|-damage|p1b: Raging Bolt|43\/100\n|-unboost|p1b: Raging Bolt|spa|1\n|move|p1a: Volbeat|Struggle Bug|p2a: Ursaluna|[spread] p2a,p2b\n|-damage|p2a: Ursaluna|87\/100\n|-damage|p2b: Whimsicott|84\/100\n|-unboost|p2a: Ursaluna|spa|1\n|-unboost|p2b: Whimsicott|spa|1\n|\n|upkeep\n|turn|2\n|\n|t:|1714879424\n|move|p1a: Volbeat|Tailwind|p1a: Volbeat\n|-sidestart|p1: SeaWolfMikess|move: Tailwind\n|move|p1b: Raging Bolt|Dragon Pulse|p2a: Ursaluna\n|-damage|p2a: Ursaluna|41\/100\n|move|p2b: Whimsicott|Moonblast|p1b: Raging Bolt\n|-supereffective|p1b: Raging Bolt\n|-crit|p1b: Raging Bolt\n|-damage|p1b: Raging Bolt|0 fnt\n|faint|p1b: Raging Bolt\n|-end|p1b: Raging Bolt|Protosynthesis|[silent]\n|move|p2a: Ursaluna|Hyper Voice|p1a: Volbeat\n|-damage|p1a: Volbeat|37\/100\n|-damage|p2a: Ursaluna|31\/100|[from] item: Life Orb\n|\n|upkeep\n|\n|t:|1714879448\n|switch|p1b: Urshifu|Urshifu, L50, M|100\/100\n|turn|3\n|\n|t:|1714879451\n|-terastallize|p1b: Urshifu|Ghost\n|move|p1a: Volbeat|Tail Glow|p1a: Volbeat\n|-boost|p1a: Volbeat|spa|3\n|move|p2b: Whimsicott|Tailwind|p2b: Whimsicott\n|-sidestart|p2: war3infi|move: Tailwind\n|move|p1b: Urshifu|Wicked Blow|p2a: Ursaluna\n|-crit|p2a: Ursaluna\n|-damage|p2a: Ursaluna|0 fnt\n|faint|p2a: Ursaluna\n|\n|upkeep\n|\n|t:|1714879464\n|switch|p2a: Miraidon|Miraidon, L50|100\/100\n|-activate|p2a: Miraidon|ability: Hadron Engine\n|turn|4\n|\n|t:|1714879493\n|-terastallize|p2a: Miraidon|Electric\n|move|p2b: Whimsicott|Encore|p1a: Volbeat\n|-start|p1a: Volbeat|Encore\n|move|p1a: Volbeat|Tail Glow|p1a: Volbeat\n|-boost|p1a: Volbeat|spa|3\n|move|p2a: Miraidon|Volt Switch|p1b: Urshifu\n|-damage|p1b: Urshifu|0 fnt\n|faint|p1b: Urshifu\n|\n|t:|1714879504\n|switch|p2a: Farigiraf|Farigiraf, L50, F|100\/100|[from] Volt Switch\n|-enditem|p2a: Farigiraf|Electric Seed\n|-boost|p2a: Farigiraf|def|1|[from] item: Electric Seed\n|\n|upkeep\n|\n|t:|1714879506\n|switch|p1b: Calyrex|Calyrex-Shadow, L50|100\/100\n|-ability|p1b: Calyrex|As One\n|-ability|p1b: Calyrex|Unnerve\n|turn|5\n|-message|SeaWolfMikess forfeited.\n|\n|win|war3infi\n|raw|SeaWolfMikess's rating: 1754 &rarr; <strong>1732<\/strong><br \/>(-22 for losing)\n|raw|war3infi's rating: 1727 &rarr; <strong>1749<\/strong><br \/>(+22 for winning)\n|l|\u2606SeaWolfMikess\n|player|p1|\n|l|\u2606war3infi\n|player|p2|\n|l| DogeAtHome\n","uploadtime":1714879679,"views":355,"formatid":"gen9vgc2024regg","rating":1732,"private":0,"password":null}