{"id":"gen9vgc2024regg-2118734953","format":"[Gen 9] VGC 2024 Reg G","players":["war3infi","Paradox Mourinho"],"log":"|j|\u2606war3infi\n|j|\u2606Paradox Mourinho\n|t:|1714970482\n|gametype|doubles\n|player|p1|war3infi|dawn|1734\n|player|p2|Paradox Mourinho|lance|1671\n|teamsize|p1|6\n|teamsize|p2|6\n|gen|9\n|tier|[Gen 9] VGC 2024 Reg G\n|rated|\n|rule|Species Clause: Limit one of each Pok\u00e9mon\n|rule|Item Clause: Limit one of each item\n|clearpoke\n|poke|p1|Pikachu, L50, F|\n|poke|p1|Calyrex-Shadow, L50|\n|poke|p1|Tornadus, L50, M|\n|poke|p1|Urshifu-*, L50, F|\n|poke|p1|Ditto, L50|\n|poke|p1|Ogerpon-Wellspring, L50, F|\n|poke|p2|Ogerpon-Wellspring, L50, F|\n|poke|p2|Landorus, L50, M|\n|poke|p2|Incineroar, L50, M|\n|poke|p2|Calyrex-Ice, L50|\n|poke|p2|Flutter Mane, L50|\n|poke|p2|Regieleki, L50|\n|teampreview|4\n|j| pu-Tynamo-po\n|\n|t:|1714970507\n|start\n|switch|p1a: Pikachu|Pikachu, L50, F|100\/100\n|switch|p1b: Urshifu|Urshifu-Rapid-Strike, L50, F|100\/100\n|switch|p2a: Incineroar|Incineroar, L50, M|100\/100\n|switch|p2b: Calyrex|Calyrex-Ice, L50|100\/100\n|-ability|p2b: Calyrex|As One\n|-ability|p2b: Calyrex|Unnerve\n|-ability|p2a: Incineroar|Intimidate|boost\n|-unboost|p1a: Pikachu|atk|1\n|-unboost|p1b: Urshifu|atk|1\n|turn|1\n|\n|t:|1714970518\n|move|p1a: Pikachu|Fake Out|p2b: Calyrex\n|-damage|p2b: Calyrex|97\/100\n|move|p2a: Incineroar|Fake Out|p1b: Urshifu\n|-damage|p1b: Urshifu|90\/100\n|cant|p1b: Urshifu|flinch\n|cant|p2b: Calyrex|flinch\n|\n|upkeep\n|turn|2\n|\n|t:|1714970540\n|-terastallize|p1b: Urshifu|Water\n|move|p2b: Calyrex|Protect|p2b: Calyrex\n|-singleturn|p2b: Calyrex|Protect\n|move|p1a: Pikachu|Endeavor|p2b: Calyrex\n|-activate|p2b: Calyrex|move: Protect\n|move|p1b: Urshifu|Surging Strikes|p2b: Calyrex\n|-crit|p2b: Calyrex\n|-damage|p2b: Calyrex|76\/100\n|-crit|p2b: Calyrex\n|-damage|p2b: Calyrex|57\/100\n|-crit|p2b: Calyrex\n|-damage|p2b: Calyrex|35\/100\n|-hitcount|p2b: Calyrex|3\n|move|p2a: Incineroar|Parting Shot|p1b: Urshifu\n|-unboost|p1b: Urshifu|atk|1\n|-unboost|p1b: Urshifu|spa|1\n|j| GriefersVGC\n|\n|t:|1714970548\n|switch|p2a: Regieleki|Regieleki, L50|100\/100|[from] Parting Shot\n|\n|upkeep\n|turn|3\n|\n|t:|1714970568\n|move|p1b: Urshifu|Detect|p1b: Urshifu\n|-singleturn|p1b: Urshifu|Protect\n|move|p2a: Regieleki|Electroweb|p1a: Pikachu|[spread] \n|-activate|p1b: Urshifu|move: Protect\n|-ability|p1a: Pikachu|Lightning Rod|boost\n|-boost|p1a: Pikachu|spa|1\n|move|p1a: Pikachu|Nuzzle|p2b: Calyrex\n|-damage|p2b: Calyrex|32\/100\n|-status|p2b: Calyrex|par\n|move|p2b: Calyrex|Glacial Lance|p1a: Pikachu|[spread] p1a\n|-activate|p1b: Urshifu|move: Protect\n|-enditem|p1a: Pikachu|Focus Sash\n|-damage|p1a: Pikachu|2\/100\n|\n|upkeep\n|turn|4\n|\n|t:|1714970593\n|move|p1b: Urshifu|Aqua Jet|p2b: Calyrex\n|-damage|p2b: Calyrex|20\/100 par\n|move|p2a: Regieleki|Tera Blast|p1a: Pikachu\n|-damage|p1a: Pikachu|0 fnt\n|faint|p1a: Pikachu\n|cant|p2b: Calyrex|par\n|\n|upkeep\n|\n|t:|1714970609\n|switch|p1a: Calyrex|Calyrex-Shadow, L50|100\/100\n|-ability|p1a: Calyrex|As One\n|-ability|p1a: Calyrex|Unnerve\n|turn|5\n|\n|t:|1714970625\n|-terastallize|p2a: Regieleki|Ghost\n|move|p1b: Urshifu|Detect|p1b: Urshifu\n|-singleturn|p1b: Urshifu|Protect\n|move|p2a: Regieleki|Tera Blast|p1a: Calyrex|[anim] Tera Blast Ghost\n|-supereffective|p1a: Calyrex\n|-damage|p1a: Calyrex|0 fnt\n|faint|p1a: Calyrex\n|move|p2b: Calyrex|Glacial Lance|p1b: Urshifu\n|-activate|p1b: Urshifu|move: Protect\n|\n|upkeep\n|\n|t:|1714970633\n|switch|p1a: Ditto|Ditto, L50|100\/100\n|-transform|p1a: Ditto|p2b: Calyrex|[from] ability: Imposter\n|turn|6\n|\n|t:|1714970647\n|move|p1b: Urshifu|Aqua Jet|p2a: Regieleki\n|-damage|p2a: Regieleki|67\/100\n|move|p2a: Regieleki|Thunderbolt|p1b: Urshifu\n|-supereffective|p1b: Urshifu\n|-damage|p1b: Urshifu|0 fnt\n|faint|p1b: Urshifu\n|move|p1a: Ditto|Glacial Lance|p2a: Regieleki|[spread] p2a,p2b\n|-resisted|p2b: Calyrex\n|-damage|p2a: Regieleki|0 fnt\n|-damage|p2b: Calyrex|3\/100 par\n|faint|p2a: Regieleki\n|-ability|p1a: Ditto|Chilling Neigh|boost\n|-boost|p1a: Ditto|atk|1\n|move|p2b: Calyrex|Glacial Lance|p1a: Ditto\n|-resisted|p1a: Ditto\n|-damage|p1a: Ditto|71\/100\n|\n|upkeep\n|\n|t:|1714970660\n|switch|p2a: Incineroar|Incineroar, L50, M|100\/100\n|-ability|p2a: Incineroar|Intimidate|boost\n|-unboost|p1a: Ditto|atk|1\n|turn|7\n|\n|t:|1714970664\n|move|p1a: Ditto|Protect|p1a: Ditto\n|-singleturn|p1a: Ditto|Protect\n|move|p2a: Incineroar|Fake Out|p1a: Ditto\n|-activate|p1a: Ditto|move: Protect\n|move|p2b: Calyrex|Glacial Lance|p1a: Ditto\n|-activate|p1a: Ditto|move: Protect\n|\n|upkeep\n|turn|8\n|\n|t:|1714970669\n|move|p2a: Incineroar|Flare Blitz|p1a: Ditto\n|-supereffective|p1a: Ditto\n|-damage|p1a: Ditto|2\/100\n|-status|p1a: Ditto|brn\n|-damage|p2a: Incineroar|83\/100|[from] Recoil\n|move|p1a: Ditto|High Horsepower|p2a: Incineroar\n|-supereffective|p2a: Incineroar\n|-damage|p2a: Incineroar|50\/100\n|-enditem|p2a: Incineroar|Sitrus Berry|[eat]\n|-heal|p2a: Incineroar|74\/100|[from] item: Sitrus Berry\n|move|p2b: Calyrex|Glacial Lance|p1a: Ditto\n|-resisted|p1a: Ditto\n|-damage|p1a: Ditto|0 fnt\n|faint|p1a: Ditto\n|\n|win|Paradox Mourinho\n|raw|war3infi's rating: 1734 &rarr; <strong>1710<\/strong><br \/>(-24 for losing)\n|raw|Paradox Mourinho's rating: 1671 &rarr; <strong>1695<\/strong><br \/>(+24 for winning)\n|l| GriefersVGC\n|l|\u2606war3infi\n|player|p1|\n|l|\u2606Paradox Mourinho\n|player|p2|\n|l| pu-Tynamo-po\n","uploadtime":1714970831,"views":124,"formatid":"gen9vgc2024regg","rating":1695,"private":0,"password":null}