{"id":"gen9vgc2024regg-2118269646","format":"[Gen 9] VGC 2024 Reg G","players":["StarSyz","Daleseries12"],"log":"|j|\u2606StarSyz\n|j|\u2606Daleseries12\n|t:|1714915894\n|gametype|doubles\n|player|p1|StarSyz|klara|1738\n|player|p2|Daleseries12|102|1712\n|teamsize|p1|6\n|teamsize|p2|6\n|gen|9\n|tier|[Gen 9] VGC 2024 Reg G\n|rated|\n|rule|Species Clause: Limit one of each Pok\u00e9mon\n|rule|Item Clause: Limit one of each item\n|clearpoke\n|poke|p1|Koraidon, L50|\n|poke|p1|Flutter Mane, L50|\n|poke|p1|Chi-Yu, L50|\n|poke|p1|Indeedee-F, L50, F|\n|poke|p1|Raging Bolt, L50|\n|poke|p1|Brute Bonnet, L50|\n|poke|p2|Zamazenta-*, L50|\n|poke|p2|Chien-Pao, L50|\n|poke|p2|Entei, L50|\n|poke|p2|Amoonguss, L50, F|\n|poke|p2|Raging Bolt, L50|\n|poke|p2|Incineroar, L50, M|\n|teampreview|4\n|inactive|Battle timer is ON: inactive players will automatically lose when time's up. (requested by StarSyz)\n|j| gugga gugga gu\n|inactive|StarSyz has 60 seconds left.\n|inactive|Daleseries12 has 60 seconds left.\n|\n|t:|1714915945\n|start\n|switch|p1a: Chi-Yu|Chi-Yu, L50|100\/100\n|switch|p1b: Indeedee|Indeedee-F, L50, F|100\/100\n|switch|p2a: Incineroar|Incineroar, L50, M|100\/100\n|switch|p2b: Zamazenta|Zamazenta-Crowned, L50|100\/100\n|-ability|p1a: Chi-Yu|Beads of Ruin\n|-ability|p2b: Zamazenta|Dauntless Shield|boost\n|-boost|p2b: Zamazenta|def|1\n|-fieldstart|move: Psychic Terrain|[from] ability: Psychic Surge|[of] p1b: Indeedee\n|-ability|p2a: Incineroar|Intimidate|boost\n|-unboost|p1a: Chi-Yu|atk|1\n|-unboost|p1b: Indeedee|atk|1\n|turn|1\n|inactive|StarSyz has 30 seconds left.\n|inactive|Daleseries12 has 30 seconds left.\n|inactive|StarSyz has 20 seconds left.\n|inactive|Daleseries12 has 20 seconds left.\n|inactive|Daleseries12 has 15 seconds left.\n|\n|t:|1714915985\n|switch|p2b: Raging Bolt|Raging Bolt, L50|100\/100\n|move|p1b: Indeedee|Follow Me|p1b: Indeedee\n|-singleturn|p1b: Indeedee|move: Follow Me\n|move|p1a: Chi-Yu|Overheat|p2b: Raging Bolt|[miss]\n|-miss|p1a: Chi-Yu|p2b: Raging Bolt\n|move|p2a: Incineroar|Parting Shot|p1b: Indeedee\n|-unboost|p1b: Indeedee|atk|1\n|-unboost|p1b: Indeedee|spa|1\n|\n|t:|1714915995\n|switch|p2a: Entei|Entei, L50|100\/100|[from] Parting Shot\n|\n|upkeep\n|turn|2\n|inactive|StarSyz has 30 seconds left.\n|\n|t:|1714916024\n|move|p1b: Indeedee|Helping Hand|p1a: Chi-Yu\n|-singleturn|p1a: Chi-Yu|Helping Hand|[of] p1b: Indeedee\n|move|p1a: Chi-Yu|Overheat|p2a: Entei\n|-resisted|p2a: Entei\n|-damage|p2a: Entei|31\/100\n|-unboost|p1a: Chi-Yu|spa|2\n|move|p2a: Entei|Stone Edge|p1a: Chi-Yu\n|-supereffective|p1a: Chi-Yu\n|-damage|p1a: Chi-Yu|0 fnt\n|faint|p1a: Chi-Yu\n|move|p2b: Raging Bolt|Snarl|p1b: Indeedee\n|-supereffective|p1b: Indeedee\n|-damage|p1b: Indeedee|58\/100\n|-unboost|p1b: Indeedee|spa|1\n|\n|upkeep\n|\n|t:|1714916038\n|switch|p1a: Flutter Mane|Flutter Mane, L50|100\/100\n|turn|3\n|inactive|Daleseries12 has 30 seconds left.\n|inactive|Daleseries12 has 20 seconds left.\n|inactive|Daleseries12 has 15 seconds left.\n|\n|t:|1714916079\n|-terastallize|p1a: Flutter Mane|Fairy\n|-terastallize|p2b: Raging Bolt|Fairy\n|move|p1b: Indeedee|Helping Hand|p1a: Flutter Mane\n|-singleturn|p1a: Flutter Mane|Helping Hand|[of] p1b: Indeedee\n|move|p1a: Flutter Mane|Dazzling Gleam|p2a: Entei|[spread] p2a,p2b\n|-resisted|p2a: Entei\n|-damage|p2a: Entei|0 fnt\n|-damage|p2b: Raging Bolt|50\/100\n|faint|p2a: Entei\n|move|p2b: Raging Bolt|Discharge|p1b: Indeedee|[spread] p1a,p1b\n|-damage|p1a: Flutter Mane|65\/100\n|-damage|p1b: Indeedee|22\/100\n|\n|upkeep\n|\n|t:|1714916096\n|switch|p2a: Zamazenta|Zamazenta-Crowned, L50|100\/100\n|turn|4\n|\n|t:|1714916111\n|-end|p1a: Flutter Mane|Protosynthesis|[silent]\n|switch|p1a: Koraidon|Koraidon, L50|100\/100\n|-weather|SunnyDay|[from] ability: Orichalcum Pulse|[of] p1a: Koraidon\n|-activate|p2b: Raging Bolt|ability: Protosynthesis\n|-start|p2b: Raging Bolt|protosynthesisspa\n|-activate|p1a: Koraidon|Orichalcum Pulse|[source]\n|move|p2a: Zamazenta|Wide Guard|p2a: Zamazenta\n|-singleturn|p2a: Zamazenta|Wide Guard\n|move|p1b: Indeedee|Follow Me|p1b: Indeedee\n|-singleturn|p1b: Indeedee|move: Follow Me\n|move|p2b: Raging Bolt|Discharge|p1b: Indeedee|[spread] p1a,p1b\n|-activate|p2a: Zamazenta|move: Wide Guard\n|-resisted|p1a: Koraidon\n|-damage|p1a: Koraidon|79\/100\n|-damage|p1b: Indeedee|0 fnt\n|faint|p1b: Indeedee\n|\n|-weather|SunnyDay|[upkeep]\n|upkeep\n|\n|t:|1714916115\n|switch|p1b: Flutter Mane|Flutter Mane, L50, tera:Fairy|65\/100\n|-activate|p1b: Flutter Mane|ability: Protosynthesis\n|-start|p1b: Flutter Mane|protosynthesisspe\n|turn|5\n|inactive|Daleseries12 has 30 seconds left.\n|inactive|Daleseries12 has 20 seconds left.\n|inactive|Daleseries12 has 15 seconds left.\n|\n|t:|1714916155\n|-end|p2b: Raging Bolt|Protosynthesis|[silent]\n|switch|p2b: Incineroar|Incineroar, L50, M|100\/100\n|-ability|p2b: Incineroar|Intimidate|boost\n|-fail|p1a: Koraidon|unboost|[from] item: Clear Amulet|[of] p1a: Koraidon\n|-unboost|p1b: Flutter Mane|atk|1\n|move|p1b: Flutter Mane|Moonblast|p2b: Incineroar\n|-damage|p2b: Incineroar|15\/100\n|-unboost|p2b: Incineroar|spa|1\n|-enditem|p2b: Incineroar|Sitrus Berry|[eat]\n|-heal|p2b: Incineroar|40\/100|[from] item: Sitrus Berry\n|move|p1a: Koraidon|Flare Blitz|p2a: Zamazenta\n|-supereffective|p2a: Zamazenta\n|-damage|p2a: Zamazenta|0 fnt\n|faint|p2a: Zamazenta\n|-damage|p1a: Koraidon|45\/100|[from] Recoil\n|\n|-weather|SunnyDay|[upkeep]\n|-fieldend|move: Psychic Terrain\n|upkeep\n|\n|t:|1714916169\n|switch|p2a: Raging Bolt|Raging Bolt, L50, tera:Fairy|50\/100\n|-activate|p2a: Raging Bolt|ability: Protosynthesis\n|-start|p2a: Raging Bolt|protosynthesisspa\n|turn|6\n|inactive|Daleseries12 has 30 seconds left.\n|\n|t:|1714916198\n|move|p2b: Incineroar|Fake Out|p1a: Koraidon\n|-damage|p1a: Koraidon|36\/100\n|move|p2a: Raging Bolt|Thunderclap|p1b: Flutter Mane\n|-damage|p1b: Flutter Mane|12\/100\n|move|p1b: Flutter Mane|Moonblast|p2a: Raging Bolt\n|-damage|p2a: Raging Bolt|0 fnt\n|faint|p2a: Raging Bolt\n|-end|p2a: Raging Bolt|Protosynthesis|[silent]\n|cant|p1a: Koraidon|flinch\n|\n|-weather|SunnyDay|[upkeep]\n|upkeep\n|turn|7\n|\n|t:|1714916207\n|move|p1b: Flutter Mane|Moonblast|p2b: Incineroar\n|-damage|p2b: Incineroar|0 fnt\n|faint|p2b: Incineroar\n|\n|win|StarSyz\n|raw|StarSyz's rating: 1738 &rarr; <strong>1757<\/strong><br \/>(+19 for winning)\n|raw|Daleseries12's rating: 1712 &rarr; <strong>1693<\/strong><br \/>(-19 for losing)\n|l| gugga gugga gu\n|l|\u2606StarSyz\n|player|p1|\n|l|\u2606Daleseries12\n|player|p2|\n","uploadtime":1714916408,"views":34,"formatid":"gen9vgc2024regg","rating":1693,"private":0,"password":null}