{"id":"gen9vgc2024regg-2118069099","format":"[Gen 9] VGC 2024 Reg G","players":["Man I hate cheese","war3infi"],"log":"|j|\u2606Man I hate cheese\n|j|\u2606war3infi\n|t:|1714880631\n|gametype|doubles\n|player|p1|Man I hate cheese|266|1729\n|player|p2|war3infi|dawn|1740\n|teamsize|p1|6\n|teamsize|p2|6\n|gen|9\n|tier|[Gen 9] VGC 2024 Reg G\n|rated|\n|rule|Species Clause: Limit one of each Pok\u00e9mon\n|rule|Item Clause: Limit one of each item\n|clearpoke\n|poke|p1|Urshifu-*, L50, M|\n|poke|p1|Kyogre, L50|\n|poke|p1|Dondozo, L50, M|\n|poke|p1|Tatsugiri, L50, F|\n|poke|p1|Amoonguss, L50, M|\n|poke|p1|Tornadus, L50, M|\n|poke|p2|Farigiraf, L50, F|\n|poke|p2|Ursaluna-Bloodmoon, L50, M|\n|poke|p2|Incineroar, L50, F|\n|poke|p2|Whimsicott, L50, M|\n|poke|p2|Ogerpon-Cornerstone, L50, F|\n|poke|p2|Miraidon, L50|\n|teampreview|4\n|j| neebieplayersea\nMan I hate cheese has agreed to open team sheets.\n|j| diaozhatian24\n|\n|t:|1714880671\n|start\n|switch|p1a: Kyogre|Kyogre, L50|100\/100\n|switch|p1b: Amoonguss|Amoonguss, L50, M|100\/100\n|switch|p2a: Whimsicott|Whimsicott, L50, M|100\/100\n|switch|p2b: Miraidon|Miraidon, L50|100\/100\n|-fieldstart|move: Electric Terrain|[from] ability: Hadron Engine|[of] p2b: Miraidon\n|-weather|RainDance|[from] ability: Drizzle|[of] p1a: Kyogre\n|turn|1\n|j| lolsmoke1\n|\n|t:|1714880688\n|-terastallize|p2b: Miraidon|Electric\n|move|p1b: Amoonguss|Rage Powder|p1b: Amoonguss\n|-singleturn|p1b: Amoonguss|move: Rage Powder\n|move|p2a: Whimsicott|Tailwind|p2a: Whimsicott\n|-sidestart|p2: war3infi|move: Tailwind\n|move|p2b: Miraidon|Discharge|p1b: Amoonguss|[spread] p2a,p1a,p1b\n|-resisted|p2a: Whimsicott\n|-supereffective|p1a: Kyogre\n|-resisted|p1b: Amoonguss\n|-damage|p2a: Whimsicott|14\/100\n|-damage|p1a: Kyogre|0 fnt\n|-damage|p1b: Amoonguss|65\/100\n|faint|p1a: Kyogre\n|\n|-weather|RainDance|[upkeep]\n|upkeep\n|c| diaozhatian24|6\n|\n|t:|1714880699\n|switch|p1a: Dondozo|Dondozo, L50, M|100\/100\n|turn|2\n|\n|t:|1714880706\n|switch|p1b: Tatsugiri|Tatsugiri, L50, F|100\/100\n|-activate|p1b: Tatsugiri|ability: Commander|[of] p1a: Dondozo\n|-boost|p1a: Dondozo|atk|2\n|-boost|p1a: Dondozo|spa|2\n|-boost|p1a: Dondozo|spe|2\n|-boost|p1a: Dondozo|def|2\n|-boost|p1a: Dondozo|spd|2\n|-terastallize|p1a: Dondozo|Grass\n|move|p2a: Whimsicott|Protect|p2a: Whimsicott\n|-singleturn|p2a: Whimsicott|Protect\n|move|p2b: Miraidon|Discharge|p1a: Dondozo|[spread] p1a\n|-miss|p2b: Miraidon|p1b: Tatsugiri\n|-activate|p2a: Whimsicott|move: Protect\n|-resisted|p1a: Dondozo\n|-damage|p1a: Dondozo|67\/100\n|move|p1a: Dondozo|Earthquake|p2a: Whimsicott|[spread] p2b\n|-miss|p1a: Dondozo|p1b: Tatsugiri\n|-activate|p2a: Whimsicott|move: Protect\n|-supereffective|p2b: Miraidon\n|-damage|p2b: Miraidon|6\/100\n|\n|-weather|RainDance|[upkeep]\n|upkeep\n|turn|3\n|\n|t:|1714880726\n|switch|p2b: Incineroar|Incineroar, L50, F|100\/100\n|-ability|p2b: Incineroar|Intimidate|boost\n|-fail|p1a: Dondozo|unboost|[from] item: Clear Amulet|[of] p1a: Dondozo\n|-unboost|p1b: Tatsugiri|atk|1\n|move|p2a: Whimsicott|Moonblast|p1a: Dondozo\n|-damage|p1a: Dondozo|47\/100\n|move|p1a: Dondozo|Earthquake|p2a: Whimsicott|[spread] p2a,p2b\n|-miss|p1a: Dondozo|p1b: Tatsugiri\n|-resisted|p2a: Whimsicott\n|-supereffective|p2b: Incineroar\n|-damage|p2a: Whimsicott|0 fnt\n|-damage|p2b: Incineroar|27\/100\n|faint|p2a: Whimsicott\n|\n|-weather|RainDance|[upkeep]\n|upkeep\n|j| rinplx8357\n|\n|t:|1714880738\n|switch|p2a: Miraidon|Miraidon, L50, tera:Electric|6\/100\n|-activate|p2a: Miraidon|ability: Hadron Engine\n|turn|4\n|\n|t:|1714880742\n|move|p1a: Dondozo|Protect|p1a: Dondozo\n|-singleturn|p1a: Dondozo|Protect\n|move|p2b: Incineroar|Fake Out|p1a: Dondozo\n|-activate|p1a: Dondozo|move: Protect\n|move|p2a: Miraidon|Draco Meteor|p1a: Dondozo\n|-activate|p1a: Dondozo|move: Protect\n|\n|-weather|RainDance|[upkeep]\n|-sideend|p2: war3infi|move: Tailwind\n|upkeep\n|turn|5\n|\n|t:|1714880748\n|move|p2a: Miraidon|Draco Meteor|p1a: Dondozo\n|-damage|p1a: Dondozo|0 fnt\n|-unboost|p2a: Miraidon|spa|2\n|faint|p1a: Dondozo\n|move|p2b: Incineroar|U-turn|p1b: Tatsugiri\n|-damage|p1b: Tatsugiri|69\/100\n|\n|t:|1714880751\n|switch|p2b: Ogerpon|Ogerpon-Cornerstone, L50, F|100\/100|[from] U-turn\n|\n|-weather|none\n|-fieldend|move: Electric Terrain\n|upkeep\n|\n|t:|1714880755\n|switch|p1a: Amoonguss|Amoonguss, L50, M|98\/100\n|turn|6\n|\n|t:|1714880766\n|move|p1b: Tatsugiri|Muddy Water|p2b: Ogerpon|[spread] p2a,p2b\n|-damage|p2a: Miraidon|0 fnt\n|-damage|p2b: Ogerpon|59\/100\n|faint|p2a: Miraidon\n|move|p2b: Ogerpon|Ivy Cudgel|p1b: Tatsugiri|[anim] Ivy Cudgel Rock\n|-damage|p1b: Tatsugiri|0 fnt\n|faint|p1b: Tatsugiri\n|move|p1a: Amoonguss|Pollen Puff|p2b: Ogerpon\n|-supereffective|p2b: Ogerpon\n|-damage|p2b: Ogerpon|15\/100\n|\n|upkeep\n|\n|t:|1714880772\n|switch|p2a: Incineroar|Incineroar, L50, F|27\/100\n|-ability|p2a: Incineroar|Intimidate|boost\n|-unboost|p1a: Amoonguss|atk|1\n|turn|7\n|\n|t:|1714880777\n|move|p1a: Amoonguss|Protect|p1a: Amoonguss\n|-singleturn|p1a: Amoonguss|Protect\n|move|p2a: Incineroar|Fake Out|p1a: Amoonguss\n|-activate|p1a: Amoonguss|move: Protect\n|move|p2b: Ogerpon|Ivy Cudgel|p1a: Amoonguss|[anim] Ivy Cudgel Rock\n|-activate|p1a: Amoonguss|move: Protect\n|\n|upkeep\n|turn|8\n|\n|t:|1714880785\n|move|p2b: Ogerpon|Ivy Cudgel|p1a: Amoonguss|[anim] Ivy Cudgel Rock\n|-damage|p1a: Amoonguss|40\/100\n|move|p2a: Incineroar|Flare Blitz|p1a: Amoonguss\n|-supereffective|p1a: Amoonguss\n|-damage|p1a: Amoonguss|0 fnt\n|-damage|p2a: Incineroar|11\/100|[from] item: Rocky Helmet|[of] p1a: Amoonguss\n|faint|p1a: Amoonguss\n|-damage|p2a: Incineroar|0 fnt|[from] Recoil\n|faint|p2a: Incineroar\n|\n|win|war3infi\n|raw|Man I hate cheese's rating: 1729 &rarr; <strong>1710<\/strong><br \/>(-19 for losing)\n|raw|war3infi's rating: 1740 &rarr; <strong>1759<\/strong><br \/>(+19 for winning)\n|c|\u2606Man I hate cheese|gg\n|l|\u2606Man I hate cheese\n|player|p1|\n|l|\u2606war3infi\n|player|p2|\n|l| diaozhatian24\n","uploadtime":1714880799,"views":191,"formatid":"gen9vgc2024regg","rating":1710,"private":0,"password":null}