{"id":"gen9vgc2024regg-2118763196","format":"[Gen 9] VGC 2024 Reg G","players":["Therazer456","ccvvbbnn"],"log":"|j|\u2606Therazer456\n|j|\u2606ccvvbbnn\n|t:|1714975434\n|gametype|doubles\n|player|p1|Therazer456|ghetsis|1696\n|player|p2|ccvvbbnn|266|1691\n|teamsize|p1|6\n|teamsize|p2|6\n|gen|9\n|tier|[Gen 9] VGC 2024 Reg G\n|rated|\n|rule|Species Clause: Limit one of each Pok\u00e9mon\n|rule|Item Clause: Limit one of each item\n|clearpoke\n|poke|p1|Calyrex-Ice, L50|\n|poke|p1|Porygon2, L50|\n|poke|p1|Raging Bolt, L50|\n|poke|p1|Incineroar, L50, F|\n|poke|p1|Iron Jugulis, L50|\n|poke|p1|Amoonguss, L50, F|\n|poke|p2|Miraidon, L50|\n|poke|p2|Dondozo, L50, F|\n|poke|p2|Tatsugiri-Droopy, L50, F|\n|poke|p2|Chi-Yu, L50|\n|poke|p2|Raging Bolt, L50|\n|poke|p2|Iron Leaves, L50|\n|teampreview|4\n|j| Baitong1997\n|\n|t:|1714975454\n|start\n|switch|p1a: Robin|Iron Jugulis, L50|100\/100\n|switch|p1b: Wreath|Calyrex-Ice, L50|100\/100\n|switch|p2a: Miraidon|Miraidon, L50|100\/100\n|switch|p2b: Chi-Yu|Chi-Yu, L50|100\/100\n|-ability|p1b: Wreath|As One\n|-ability|p1b: Wreath|Unnerve\n|-ability|p2b: Chi-Yu|Beads of Ruin\n|-fieldstart|move: Electric Terrain|[from] ability: Hadron Engine|[of] p2a: Miraidon\n|-activate|p1a: Robin|ability: Quark Drive\n|-start|p1a: Robin|quarkdrivespe\n|turn|1\n|\n|t:|1714975468\n|-terastallize|p2a: Miraidon|Electric\n|-terastallize|p1b: Wreath|Fire\n|move|p1a: Robin|Snarl|p2a: Miraidon|[spread] p2a,p2b\n|-resisted|p2b: Chi-Yu\n|-damage|p2a: Miraidon|81\/100\n|-damage|p2b: Chi-Yu|89\/100\n|-unboost|p2a: Miraidon|spa|1\n|-unboost|p2b: Chi-Yu|spa|1\n|move|p2b: Chi-Yu|Overheat|p1b: Wreath\n|-resisted|p1b: Wreath\n|-damage|p1b: Wreath|78\/100\n|-unboost|p2b: Chi-Yu|spa|2\n|move|p2a: Miraidon|Volt Switch|p1a: Robin\n|-supereffective|p1a: Robin\n|-damage|p1a: Robin|0 fnt\n|faint|p1a: Robin\n|-end|p1a: Robin|Quark Drive|[silent]\n|-damage|p2a: Miraidon|72\/100|[from] item: Life Orb\n|\n|t:|1714975483\n|switch|p2a: Dondozo|Dondozo, L50, F, shiny|100\/100|[from] Volt Switch\n|move|p1b: Wreath|Trick Room|p1b: Wreath\n|-fieldstart|move: Trick Room|[of] p1b: Wreath\n|\n|upkeep\n|\n|t:|1714975487\n|switch|p1a: Rosette|Amoonguss, L50, F, shiny|100\/100\n|turn|2\n|\n|t:|1714975503\n|switch|p1b: Duck Mark 2|Porygon2, L50, shiny|100\/100\n|-ability|p1b: Duck Mark 2|Download|boost\n|-boost|p1b: Duck Mark 2|atk|1\n|move|p1a: Rosette|Clear Smog|p2a: Dondozo\n|-damage|p2a: Dondozo|83\/100\n|-clearboost|p2a: Dondozo\n|move|p2a: Dondozo|Earthquake|p1a: Rosette|[spread] p2b,p1a,p1b\n|-supereffective|p2b: Chi-Yu\n|-damage|p2b: Chi-Yu|20\/100\n|-damage|p1a: Rosette|81\/100\n|-damage|p1b: Duck Mark 2|86\/100\n|move|p2b: Chi-Yu|Overheat|p1a: Rosette\n|-supereffective|p1a: Rosette\n|-damage|p1a: Rosette|10\/100\n|-unboost|p2b: Chi-Yu|spa|2\n|\n|-heal|p2a: Dondozo|89\/100|[from] item: Leftovers\n|upkeep\n|turn|3\n|\n|t:|1714975523\n|switch|p1a: Wreath|Calyrex-Ice, L50, tera:Fire|78\/100\n|-ability|p1a: Wreath|As One\n|-ability|p1a: Wreath|Unnerve\n|move|p2a: Dondozo|Order Up|p1a: Wreath\n|-damage|p1a: Wreath|65\/100\n|move|p1b: Duck Mark 2|Tera Blast|p2b: Chi-Yu\n|-damage|p2b: Chi-Yu|0 fnt\n|faint|p2b: Chi-Yu\n|\n|-heal|p2a: Dondozo|95\/100|[from] item: Leftovers\n|upkeep\n|\n|t:|1714975535\n|switch|p2b: Miraidon|Miraidon, L50, tera:Electric|72\/100\n|-activate|p2b: Miraidon|ability: Hadron Engine\n|turn|4\n|\n|t:|1714975544\n|switch|p2b: Tatsugiri|Tatsugiri-Droopy, L50, F, shiny|100\/100\n|-activate|p2b: Tatsugiri|ability: Commander|[of] p2a: Dondozo\n|-boost|p2a: Dondozo|atk|2\n|-boost|p2a: Dondozo|spa|2\n|-boost|p2a: Dondozo|spe|2\n|-boost|p2a: Dondozo|def|2\n|-boost|p2a: Dondozo|spd|2\n|move|p1a: Wreath|Glacial Lance|p2b: Tatsugiri|[spread] p2a\n|-miss|p1a: Wreath|p2b: Tatsugiri\n|-resisted|p2a: Dondozo\n|-damage|p2a: Dondozo|86\/100\n|move|p1b: Duck Mark 2|Tera Blast|p2b: Tatsugiri|[miss]\n|-miss|p1b: Duck Mark 2|p2b: Tatsugiri\n|move|p2a: Dondozo|Earthquake|p1a: Wreath|[spread] p1a,p1b\n|-miss|p2a: Dondozo|p2b: Tatsugiri\n|-supereffective|p1a: Wreath\n|-damage|p1a: Wreath|14\/100\n|-damage|p1b: Duck Mark 2|59\/100\n|\n|-heal|p2a: Dondozo|92\/100|[from] item: Leftovers\n|upkeep\n|turn|5\n|\n|t:|1714975563\n|move|p1a: Wreath|Protect|p1a: Wreath\n|-singleturn|p1a: Wreath|Protect\n|move|p1b: Duck Mark 2|Recover|p1b: Duck Mark 2\n|-heal|p1b: Duck Mark 2|100\/100\n|move|p2a: Dondozo|Order Up|p1b: Duck Mark 2\n|-damage|p1b: Duck Mark 2|68\/100\n|-boost|p2a: Dondozo|def|1\n|\n|-heal|p2a: Dondozo|98\/100|[from] item: Leftovers\n|-fieldend|move: Trick Room\n|-fieldend|move: Electric Terrain\n|upkeep\n|turn|6\n|\n|t:|1714975587\n|switch|p1a: Rosette|Amoonguss, L50, F, shiny|43\/100\n|move|p2a: Dondozo|Body Press|p1b: Duck Mark 2\n|-supereffective|p1b: Duck Mark 2\n|-damage|p1b: Duck Mark 2|0 fnt\n|faint|p1b: Duck Mark 2\n|\n|-heal|p2a: Dondozo|100\/100|[from] item: Leftovers\n|upkeep\n|-message|Therazer456 forfeited.\n|\n|win|ccvvbbnn\n|raw|Therazer456's rating: 1696 &rarr; <strong>1676<\/strong><br \/>(-20 for losing)\n|raw|ccvvbbnn's rating: 1691 &rarr; <strong>1711<\/strong><br \/>(+20 for winning)\n|l|\u2606Therazer456\n|player|p1|\n|l|\u2606ccvvbbnn\n|player|p2|\n|l| Baitong1997\n","uploadtime":1714975829,"views":45,"formatid":"gen9vgc2024regg","rating":1676,"private":0,"password":null}