{"id":"gen9vgc2024regg-2118223493","format":"[Gen 9] VGC 2024 Reg G","players":["tuanzai233","Tabird"],"log":"|j|\u2606tuanzai233\n|j|\u2606Tabird\n|t:|1714908623\n|gametype|doubles\n|player|p1|tuanzai233|102|1699\n|player|p2|Tabird|norman|1741\n|teamsize|p1|6\n|teamsize|p2|6\n|gen|9\n|tier|[Gen 9] VGC 2024 Reg G\n|rated|\n|rule|Species Clause: Limit one of each Pok\u00e9mon\n|rule|Item Clause: Limit one of each item\n|clearpoke\n|poke|p1|Indeedee-F, L50, F|\n|poke|p1|Torkoal, L50, M|\n|poke|p1|Calyrex-Ice, L50|\n|poke|p1|Annihilape, L50, F|\n|poke|p1|Urshifu-*, L50, F|\n|poke|p1|Brute Bonnet, L50|\n|poke|p2|Kyogre, L50|\n|poke|p2|Chien-Pao, L50|\n|poke|p2|Urshifu-*, L50, M|\n|poke|p2|Raging Bolt, L50|\n|poke|p2|Amoonguss, L50, M|\n|poke|p2|Incineroar, L50, F|\n|teampreview|4\n|j| Krapouchi\n|inactive|Battle timer is ON: inactive players will automatically lose when time's up. (requested by tuanzai233)\n|\n|t:|1714908655\n|start\n|switch|p1a: Annihilape|Annihilape, L50, F|100\/100\n|switch|p1b: Brute Bonnet|Brute Bonnet, L50, shiny|100\/100\n|switch|p2a: Incineroar|Incineroar, L50, F|100\/100\n|switch|p2b: Amoonguss|Amoonguss, L50, M, shiny|100\/100\n|-ability|p2a: Incineroar|Intimidate|boost\n|-unboost|p1a: Annihilape|atk|1\n|-ability|p1a: Annihilape|Defiant|boost\n|-boost|p1a: Annihilape|atk|2\n|-unboost|p1b: Brute Bonnet|atk|1\n|turn|1\n|j| Gmaybe\n|\n|t:|1714908679\n|-terastallize|p2a: Incineroar|Ghost\n|move|p2b: Amoonguss|Protect|p2b: Amoonguss\n|-singleturn|p2b: Amoonguss|Protect\n|move|p1a: Annihilape|Final Gambit|p2a: Incineroar\n|-immune|p2a: Incineroar\n|move|p2a: Incineroar|Will-O-Wisp|p1a: Annihilape\n|-status|p1a: Annihilape|brn\n|move|p1b: Brute Bonnet|Crunch|p2b: Amoonguss\n|-activate|p2b: Amoonguss|move: Protect\n|\n|-damage|p1a: Annihilape|95\/100 brn|[from] brn\n|upkeep\n|turn|2\n|\n|t:|1714908701\n|move|p1a: Annihilape|Final Gambit|p2b: Amoonguss\n|-damage|p2b: Amoonguss|8\/100\n|-enditem|p2b: Amoonguss|Sitrus Berry|[eat]\n|-heal|p2b: Amoonguss|33\/100|[from] item: Sitrus Berry\n|faint|p1a: Annihilape\n|move|p2a: Incineroar|Will-O-Wisp|p1b: Brute Bonnet\n|-status|p1b: Brute Bonnet|brn\n|move|p1b: Brute Bonnet|Pollen Puff|p2b: Amoonguss\n|-damage|p2b: Amoonguss|20\/100\n|move|p2b: Amoonguss|Pollen Puff|p1b: Brute Bonnet\n|-supereffective|p1b: Brute Bonnet\n|-damage|p1b: Brute Bonnet|47\/100 brn\n|-enditem|p1b: Brute Bonnet|Sitrus Berry|[eat]\n|-heal|p1b: Brute Bonnet|72\/100 brn|[from] item: Sitrus Berry\n|\n|-damage|p1b: Brute Bonnet|66\/100 brn|[from] brn\n|upkeep\n|\n|t:|1714908711\n|switch|p1a: Calyrex|Calyrex-Ice, L50|100\/100\n|-ability|p1a: Calyrex|As One\n|-ability|p1a: Calyrex|Unnerve\n|turn|3\n|l| Krapouchi\n|\n|t:|1714908727\n|switch|p2b: Kyogre|Kyogre, L50|100\/100\n|-weather|RainDance|[from] ability: Drizzle|[of] p2b: Kyogre\n|move|p1b: Brute Bonnet|Rage Powder|p1b: Brute Bonnet\n|-singleturn|p1b: Brute Bonnet|move: Rage Powder\n|move|p2a: Incineroar|Knock Off|p1a: Calyrex\n|-supereffective|p1a: Calyrex\n|-crit|p1a: Calyrex\n|-damage|p1a: Calyrex|34\/100\n|-enditem|p1a: Calyrex|Clear Amulet|[from] move: Knock Off|[of] p2a: Incineroar\n|move|p1a: Calyrex|Glacial Lance|p2a: Incineroar|[spread] p2a,p2b\n|-resisted|p2b: Kyogre\n|-damage|p2a: Incineroar|60\/100\n|-damage|p2b: Kyogre|74\/100\n|\n|-weather|RainDance|[upkeep]\n|-damage|p1b: Brute Bonnet|60\/100 brn|[from] brn\n|upkeep\n|turn|4\n|\n|t:|1714908747\n|move|p1a: Calyrex|Protect|p1a: Calyrex\n|-singleturn|p1a: Calyrex|Protect\n|move|p2b: Kyogre|Origin Pulse|p1a: Calyrex|[spread] \n|-activate|p1a: Calyrex|move: Protect\n|-miss|p2b: Kyogre|p1b: Brute Bonnet\n|move|p2a: Incineroar|Parting Shot|p1b: Brute Bonnet\n|-unboost|p1b: Brute Bonnet|atk|1\n|-unboost|p1b: Brute Bonnet|spa|1\n|\n|t:|1714908756\n|switch|p2a: Amoonguss|Amoonguss, L50, M, shiny|53\/100|[from] Parting Shot\n|move|p1b: Brute Bonnet|Spore|p2b: Kyogre\n|-status|p2b: Kyogre|slp|[from] move: Spore\n|\n|-weather|RainDance|[upkeep]\n|-damage|p1b: Brute Bonnet|54\/100 brn|[from] brn\n|upkeep\n|turn|5\n|\n|t:|1714908764\n|switch|p2a: Incineroar|Incineroar, L50, F, tera:Ghost|60\/100\n|-ability|p2a: Incineroar|Intimidate|boost\n|-unboost|p1a: Calyrex|atk|1\n|-unboost|p1b: Brute Bonnet|atk|1\n|cant|p2b: Kyogre|slp\n|move|p1b: Brute Bonnet|Pollen Puff|p1a: Calyrex\n|-heal|p1a: Calyrex|84\/100\n|move|p1a: Calyrex|Glacial Lance|p2a: Incineroar|[spread] p2a,p2b\n|-resisted|p2b: Kyogre\n|-damage|p2a: Incineroar|33\/100\n|-damage|p2b: Kyogre|56\/100 slp\n|\n|-weather|RainDance|[upkeep]\n|-damage|p1b: Brute Bonnet|48\/100 brn|[from] brn\n|upkeep\n|turn|6\n|\n|t:|1714908780\n|-terastallize|p1a: Calyrex|Fire\n|-curestatus|p2b: Kyogre|slp|[msg]\n|move|p2b: Kyogre|Origin Pulse|p1a: Calyrex|[spread] p1b\n|-miss|p2b: Kyogre|p1a: Calyrex\n|-resisted|p1b: Brute Bonnet\n|-damage|p1b: Brute Bonnet|25\/100 brn\n|move|p2a: Incineroar|Will-O-Wisp|p1a: Calyrex\n|-immune|p1a: Calyrex\n|move|p1b: Brute Bonnet|Pollen Puff|p1a: Calyrex\n|-heal|p1a: Calyrex|100\/100\n|move|p1a: Calyrex|Trick Room|p1a: Calyrex\n|-fieldstart|move: Trick Room|[of] p1a: Calyrex\n|\n|-weather|RainDance|[upkeep]\n|-damage|p1b: Brute Bonnet|19\/100 brn|[from] brn\n|upkeep\n|turn|7\n|j| ImASuperOPPlayerV3\n|\n|t:|1714908798\n|switch|p2a: Amoonguss|Amoonguss, L50, M, shiny|86\/100\n|move|p1a: Calyrex|Glacial Lance|p2a: Amoonguss|[spread] p2a,p2b\n|-supereffective|p2a: Amoonguss\n|-crit|p2a: Amoonguss\n|-resisted|p2b: Kyogre\n|-damage|p2a: Amoonguss|0 fnt\n|-damage|p2b: Kyogre|41\/100\n|faint|p2a: Amoonguss\n|-ability|p1a: Calyrex|Chilling Neigh|boost\n|-boost|p1a: Calyrex|atk|1\n|move|p1b: Brute Bonnet|Spore|p2b: Kyogre\n|-status|p2b: Kyogre|slp|[from] move: Spore\n|cant|p2b: Kyogre|slp\n|\n|-weather|none\n|-damage|p1b: Brute Bonnet|13\/100 brn|[from] brn\n|upkeep\n|\n|t:|1714908810\n|switch|p2a: Incineroar|Incineroar, L50, F, tera:Ghost|33\/100\n|-ability|p2a: Incineroar|Intimidate|boost\n|-unboost|p1a: Calyrex|atk|1\n|-unboost|p1b: Brute Bonnet|atk|1\n|turn|8\n|\n|t:|1714908821\n|move|p1a: Calyrex|Glacial Lance|p2b: Kyogre|[spread] p2a,p2b\n|-resisted|p2b: Kyogre\n|-damage|p2a: Incineroar|2\/100\n|-damage|p2b: Kyogre|24\/100 slp\n|move|p1b: Brute Bonnet|Crunch|p2a: Incineroar\n|-supereffective|p2a: Incineroar\n|-damage|p2a: Incineroar|0 fnt\n|faint|p2a: Incineroar\n|-curestatus|p2b: Kyogre|slp|[msg]\n|move|p2b: Kyogre|Origin Pulse|p1b: Brute Bonnet|[spread] p1a\n|-miss|p2b: Kyogre|p1b: Brute Bonnet\n|-supereffective|p1a: Calyrex\n|-damage|p1a: Calyrex|44\/100\n|\n|-damage|p1b: Brute Bonnet|7\/100 brn|[from] brn\n|upkeep\n|\n|t:|1714908834\n|switch|p2a: Urshifu|Urshifu-Rapid-Strike, L50, M|100\/100\n|turn|9\n|\n|t:|1714908843\n|move|p2a: Urshifu|Aqua Jet|p1b: Brute Bonnet\n|-resisted|p1b: Brute Bonnet\n|-damage|p1b: Brute Bonnet|1\/100 brn\n|move|p1a: Calyrex|Glacial Lance|p2a: Urshifu|[spread] p2a,p2b\n|-resisted|p2a: Urshifu\n|-crit|p2a: Urshifu\n|-resisted|p2b: Kyogre\n|-damage|p2a: Urshifu|54\/100\n|-damage|p2b: Kyogre|6\/100\n|move|p1b: Brute Bonnet|Spore|p2b: Kyogre\n|-status|p2b: Kyogre|slp|[from] move: Spore\n|cant|p2b: Kyogre|slp\n|\n|-damage|p1b: Brute Bonnet|0 fnt|[from] brn\n|faint|p1b: Brute Bonnet\n|-end|p1b: Brute Bonnet|Protosynthesis|[silent]\n|upkeep\n|\n|t:|1714908849\n|switch|p1b: Torkoal|Torkoal, L50, M|100\/100\n|-weather|SunnyDay|[from] ability: Drought|[of] p1b: Torkoal\n|turn|10\n|-message|Tabird forfeited.\n|\n|win|tuanzai233\n|raw|tuanzai233's rating: 1699 &rarr; <strong>1721<\/strong><br \/>(+22 for winning)\n|raw|Tabird's rating: 1741 &rarr; <strong>1719<\/strong><br \/>(-22 for losing)\n|l|\u2606Tabird\n|player|p2|\n|l|\u2606tuanzai233\n|player|p1|\n|l| Gmaybe\n|l| ImASuperOPPlayerV3\n","uploadtime":1714909081,"views":188,"formatid":"gen9vgc2024regg","rating":1719,"private":0,"password":null}