{"id":"gen9vgc2024regg-2118982562","format":"[Gen 9] VGC 2024 Reg G","players":["tuanzai233","SlowHomie"],"log":"|j|\u2606tuanzai233\n|j|\u2606SlowHomie\n|t:|1715006201\n|gametype|doubles\n|player|p1|tuanzai233|101|1684\n|player|p2|SlowHomie|hilbert|1696\n|teamsize|p1|6\n|teamsize|p2|6\n|gen|9\n|tier|[Gen 9] VGC 2024 Reg G\n|rated|\n|rule|Species Clause: Limit one of each Pok\u00e9mon\n|rule|Item Clause: Limit one of each item\n|clearpoke\n|poke|p1|Indeedee-F, L50, F|\n|poke|p1|Torkoal, L50, M|\n|poke|p1|Calyrex-Ice, L50|\n|poke|p1|Annihilape, L50, M|\n|poke|p1|Urshifu-*, L50, F|\n|poke|p1|Brute Bonnet, L50|\n|poke|p2|Tornadus, L50, M|\n|poke|p2|Amoonguss, L50, M|\n|poke|p2|Raging Bolt, L50|\n|poke|p2|Gholdengo, L50|\n|poke|p2|Terapagos, L50, M|\n|poke|p2|Urshifu-*, L50, F|\n|teampreview|4\nSlowHomie has agreed to open team sheets.\n|inactive|Battle timer is ON: inactive players will automatically lose when time's up. (requested by tuanzai233)\n|\n|t:|1715006228\n|start\n|switch|p1a: Annihilape|Annihilape, L50, M|100\/100\n|switch|p1b: Brute Bonnet|Brute Bonnet, L50|100\/100\n|switch|p2a: Gholdengo|Gholdengo, L50|100\/100\n|switch|p2b: Terapagos|Terapagos, L50, M|100\/100\n|-activate|p2b: Terapagos|ability: Tera Shift\n|detailschange|p2b: Terapagos|Terapagos-Terastal, L50, M\n|-heal|p2b: Terapagos|100\/100|[silent]\n|turn|1\n|\n|t:|1715006248\n|-terastallize|p2b: Terapagos|Stellar\n|detailschange|p2b: Terapagos|Terapagos-Stellar, L50, M, tera:Stellar\n|-heal|p2b: Terapagos|100\/100|[silent]\n|move|p1a: Annihilape|Shadow Claw|p2a: Gholdengo\n|-supereffective|p2a: Gholdengo\n|-damage|p2a: Gholdengo|43\/100\n|move|p2a: Gholdengo|Make It Rain|p1a: Annihilape|[spread] p1a,p1b\n|-crit|p1a: Annihilape\n|-damage|p1a: Annihilape|0 fnt\n|-damage|p1b: Brute Bonnet|45\/100\n|-unboost|p2a: Gholdengo|spa|1\n|-enditem|p1b: Brute Bonnet|Sitrus Berry|[eat]\n|-heal|p1b: Brute Bonnet|70\/100|[from] item: Sitrus Berry\n|faint|p1a: Annihilape\n|move|p2b: Terapagos|Tera Starstorm|p1b: Brute Bonnet\n|-damage|p1b: Brute Bonnet|29\/100\n|move|p1b: Brute Bonnet|Crunch|p2a: Gholdengo\n|-supereffective|p2a: Gholdengo\n|-damage|p2a: Gholdengo|0 fnt\n|faint|p2a: Gholdengo\n|\n|upkeep\n|\n|t:|1715006266\n|switch|p1a: Calyrex|Calyrex-Ice, L50|100\/100\n|switch|p2a: Raging Bolt|Raging Bolt, L50|100\/100\n|-ability|p1a: Calyrex|As One\n|-ability|p1a: Calyrex|Unnerve\n|turn|2\n|\n|t:|1715006273\n|move|p1b: Brute Bonnet|Rage Powder|p1b: Brute Bonnet\n|-singleturn|p1b: Brute Bonnet|move: Rage Powder\n|move|p2b: Terapagos|Tera Starstorm|p1b: Brute Bonnet|[spread] p1a,p1b\n|-damage|p1a: Calyrex|75\/100\n|-damage|p1b: Brute Bonnet|0 fnt\n|faint|p1b: Brute Bonnet\n|-end|p1b: Brute Bonnet|Protosynthesis|[silent]\n|move|p2a: Raging Bolt|Volt Switch|p1a: Calyrex\n|-damage|p1a: Calyrex|51\/100\n|j| ale cog\n|\n|t:|1715006280\n|-end|p2a: Raging Bolt|Protosynthesis|[silent]\n|switch|p2a: Amoonguss|Amoonguss, L50, M|100\/100|[from] Volt Switch\n|move|p1a: Calyrex|Trick Room|p1a: Calyrex\n|-fieldstart|move: Trick Room|[of] p1a: Calyrex\n|\n|upkeep\n|j| SaberSerenity\n|\n|t:|1715006284\n|switch|p1b: Torkoal|Torkoal, L50, M|100\/100\n|-weather|SunnyDay|[from] ability: Drought|[of] p1b: Torkoal\n|turn|3\n|\n|t:|1715006302\n|-terastallize|p1b: Torkoal|Fire\n|move|p2b: Terapagos|Protect|p2b: Terapagos\n|-singleturn|p2b: Terapagos|Protect\n|move|p1b: Torkoal|Eruption|p2a: Amoonguss|[spread] p2a\n|-activate|p2b: Terapagos|move: Protect\n|-supereffective|p2a: Amoonguss\n|-damage|p2a: Amoonguss|0 fnt\n|faint|p2a: Amoonguss\n|move|p1a: Calyrex|Glacial Lance|p2b: Terapagos\n|-activate|p2b: Terapagos|move: Protect\n|\n|-weather|SunnyDay|[upkeep]\n|upkeep\n|\n|t:|1715006308\n|switch|p2a: Raging Bolt|Raging Bolt, L50|100\/100\n|-activate|p2a: Raging Bolt|ability: Protosynthesis\n|-start|p2a: Raging Bolt|protosynthesisspa\n|turn|4\n|j| Rabbithorn01\n|\n|t:|1715006316\n|move|p2a: Raging Bolt|Thunderclap|p1b: Torkoal\n|-damage|p1b: Torkoal|34\/100\n|move|p1b: Torkoal|Weather Ball|p2b: Terapagos\n|-damage|p2b: Terapagos|29\/100\n|move|p1a: Calyrex|Glacial Lance|p2b: Terapagos|[spread] p2a,p2b\n|-supereffective|p2a: Raging Bolt\n|-damage|p2a: Raging Bolt|1\/100\n|-damage|p2b: Terapagos|0 fnt\n|faint|p2b: Terapagos\n|-ability|p1a: Calyrex|Chilling Neigh|boost\n|-boost|p1a: Calyrex|atk|1\n|\n|-weather|SunnyDay|[upkeep]\n|upkeep\n|turn|5\n|-message|SlowHomie forfeited.\n|\n|win|tuanzai233\n|raw|tuanzai233's rating: 1684 &rarr; <strong>1705<\/strong><br \/>(+21 for winning)\n|raw|SlowHomie's rating: 1696 &rarr; <strong>1675<\/strong><br \/>(-21 for losing)\n|c|\u2606tuanzai233|gg\n|c|\u2606SlowHomie|gg\n|l|\u2606tuanzai233\n|player|p1|\n|l|\u2606SlowHomie\n|player|p2|\n","uploadtime":1715006329,"views":107,"formatid":"gen9vgc2024regg","rating":1675,"private":0,"password":null}