{"id":"gen9vgc2024regg-2118523338","format":"[Gen 9] VGC 2024 Reg G","players":["Spottedwoot","Dr Axolotl"],"log":"|j|\u2606Spottedwoot\n|j|\u2606Dr Axolotl\n|t:|1714944107\n|gametype|doubles\n|player|p1|Spottedwoot|101|1749\n|player|p2|Dr Axolotl|cynthia-gen4|1673\n|teamsize|p1|6\n|teamsize|p2|6\n|gen|9\n|tier|[Gen 9] VGC 2024 Reg G\n|rated|\n|rule|Species Clause: Limit one of each Pok\u00e9mon\n|rule|Item Clause: Limit one of each item\n|clearpoke\n|poke|p1|Calyrex-Shadow, L50|\n|poke|p1|Urshifu-*, L50, F|\n|poke|p1|Whimsicott, L50, F|\n|poke|p1|Kingambit, L50, F|\n|poke|p1|Rillaboom, L50, F|\n|poke|p1|Incineroar, L50, F|\n|poke|p2|Incineroar, L50, M|\n|poke|p2|Raging Bolt, L50|\n|poke|p2|Urshifu-*, L50, M|\n|poke|p2|Amoonguss, L50, F|\n|poke|p2|Terapagos, L50, M|\n|poke|p2|Chien-Pao, L50|\n|teampreview|4\n|j| Lap0\n|inactive|Battle timer is ON: inactive players will automatically lose when time's up. (requested by Spottedwoot)\n|\n|t:|1714944136\n|start\n|switch|p1a: Calyrex|Calyrex-Shadow, L50|100\/100\n|switch|p1b: Whimsicott|Whimsicott, L50, F|100\/100\n|switch|p2a: Urshifu|Urshifu-Rapid-Strike, L50, M|100\/100\n|switch|p2b: Chien-Pao|Chien-Pao, L50|100\/100\n|-ability|p1a: Calyrex|As One\n|-ability|p1a: Calyrex|Unnerve\n|-ability|p2b: Chien-Pao|Sword of Ruin\n|turn|1\n|inactive|Spottedwoot has 30 seconds left.\n|\n|t:|1714944166\n|-terastallize|p2a: Urshifu|Water\n|-terastallize|p1a: Calyrex|Fighting\n|move|p1b: Whimsicott|Tailwind|p1b: Whimsicott\n|-sidestart|p1: Spottedwoot|move: Tailwind\n|move|p1a: Calyrex|Astral Barrage|p2a: Urshifu|[spread] p2a,p2b\n|-resisted|p2b: Chien-Pao\n|-damage|p2a: Urshifu|7\/100\n|-damage|p2b: Chien-Pao|38\/100\n|-damage|p1a: Calyrex|91\/100|[from] item: Life Orb\n|move|p2a: Urshifu|Surging Strikes|p1a: Calyrex\n|-crit|p1a: Calyrex\n|-damage|p1a: Calyrex|46\/100\n|-crit|p1a: Calyrex\n|-damage|p1a: Calyrex|0 fnt\n|faint|p1a: Calyrex\n|-hitcount|p1: Calyrex|2\n|move|p2b: Chien-Pao|Ice Spinner|p1b: Whimsicott\n|-supereffective|p1b: Whimsicott\n|-damage|p1b: Whimsicott|0 fnt\n|faint|p1b: Whimsicott\n|\n|upkeep\n|\n|t:|1714944178\n|switch|p1a: Urshifu|Urshifu-Rapid-Strike, L50, F|100\/100\n|switch|p1b: Rillaboom|Rillaboom, L50, F|100\/100\n|-fieldstart|move: Grassy Terrain|[from] ability: Grassy Surge|[of] p1b: Rillaboom\n|turn|2\n|\n|t:|1714944184\n|switch|p2a: Terapagos|Terapagos, L50, M|100\/100\n|-activate|p2a: Terapagos|ability: Tera Shift\n|detailschange|p2a: Terapagos|Terapagos-Terastal, L50, M\n|-heal|p2a: Terapagos|100\/100|[silent]\n|switch|p2b: Amoonguss|Amoonguss, L50, F|100\/100\n|move|p1b: Rillaboom|Grassy Glide|p2a: Terapagos\n|-activate|p2a: Terapagos|ability: Tera Shell\n|-resisted|p2a: Terapagos\n|-damage|p2a: Terapagos|85\/100\n|move|p1a: Urshifu|Surging Strikes|p2b: Amoonguss\n|-resisted|p2b: Amoonguss\n|-crit|p2b: Amoonguss\n|-damage|p2b: Amoonguss|93\/100\n|-damage|p1a: Urshifu|84\/100|[from] item: Rocky Helmet|[of] p2b: Amoonguss\n|-resisted|p2b: Amoonguss\n|-crit|p2b: Amoonguss\n|-damage|p2b: Amoonguss|85\/100\n|-damage|p1a: Urshifu|67\/100|[from] item: Rocky Helmet|[of] p2b: Amoonguss\n|-resisted|p2b: Amoonguss\n|-crit|p2b: Amoonguss\n|-damage|p2b: Amoonguss|77\/100\n|-damage|p1a: Urshifu|51\/100|[from] item: Rocky Helmet|[of] p2b: Amoonguss\n|-hitcount|p2b: Amoonguss|3\n|\n|-heal|p1a: Urshifu|57\/100|[from] Grassy Terrain\n|-heal|p2a: Terapagos|91\/100|[from] Grassy Terrain\n|-heal|p2b: Amoonguss|83\/100|[from] Grassy Terrain\n|upkeep\n|turn|3\n|\n|t:|1714944198\n|move|p2b: Amoonguss|Rage Powder|p2b: Amoonguss\n|-singleturn|p2b: Amoonguss|move: Rage Powder\n|move|p1a: Urshifu|Close Combat|p2b: Amoonguss\n|-resisted|p2b: Amoonguss\n|-damage|p2b: Amoonguss|58\/100\n|-unboost|p1a: Urshifu|def|1\n|-unboost|p1a: Urshifu|spd|1\n|-damage|p1a: Urshifu|40\/100|[from] item: Rocky Helmet|[of] p2b: Amoonguss\n|move|p1b: Rillaboom|Wood Hammer|p2a: Terapagos\n|-damage|p2a: Terapagos|24\/100\n|-damage|p1b: Rillaboom|78\/100|[from] Recoil\n|move|p2a: Terapagos|Tera Starstorm|p1a: Urshifu\n|-damage|p1a: Urshifu|0 fnt\n|faint|p1a: Urshifu\n|\n|-heal|p1b: Rillaboom|84\/100|[from] Grassy Terrain\n|-heal|p2a: Terapagos|30\/100|[from] Grassy Terrain\n|-heal|p2b: Amoonguss|64\/100|[from] Grassy Terrain\n|upkeep\n|turn|4\n|\n|t:|1714944204\n|move|p1b: Rillaboom|Wood Hammer|p2a: Terapagos\n|-damage|p2a: Terapagos|0 fnt\n|faint|p2a: Terapagos\n|-damage|p1b: Rillaboom|74\/100|[from] Recoil\n|move|p2b: Amoonguss|Pollen Puff|p1b: Rillaboom\n|-supereffective|p1b: Rillaboom\n|-damage|p1b: Rillaboom|30\/100\n|\n|-heal|p1b: Rillaboom|36\/100|[from] Grassy Terrain\n|-heal|p2b: Amoonguss|70\/100|[from] Grassy Terrain\n|-sideend|p1: Spottedwoot|move: Tailwind\n|upkeep\n|\n|t:|1714944206\n|switch|p2a: Chien-Pao|Chien-Pao, L50|38\/100\n|-ability|p2a: Chien-Pao|Sword of Ruin\n|turn|5\n|\n|t:|1714944208\n|move|p2a: Chien-Pao|Sucker Punch|p1b: Rillaboom\n|-crit|p1b: Rillaboom\n|-damage|p1b: Rillaboom|0 fnt\n|faint|p1b: Rillaboom\n|\n|win|Dr Axolotl\n|raw|Spottedwoot's rating: 1749 &rarr; <strong>1725<\/strong><br \/>(-24 for losing)\n|raw|Dr Axolotl's rating: 1673 &rarr; <strong>1697<\/strong><br \/>(+24 for winning)\n|l|\u2606Spottedwoot\n|player|p1|\n|c|\u2606Dr Axolotl|gg\n|l| Lap0\n|l|\u2606Dr Axolotl\n|player|p2|\n","uploadtime":1714944384,"views":71,"formatid":"gen9vgc2024regg","rating":1697,"private":0,"password":null}