{"id":"gen9vgc2024regg-2118818396","format":"[Gen 9] VGC 2024 Reg G","players":["ccvvbbnn","Js1132"],"log":"|j|\u2606ccvvbbnn\n|j|\u2606Js1132\n|t:|1714985147\n|gametype|doubles\n|player|p1|ccvvbbnn|2|1725\n|player|p2|Js1132|265|1660\n|teamsize|p1|6\n|teamsize|p2|6\n|gen|9\n|tier|[Gen 9] VGC 2024 Reg G\n|rated|\n|rule|Species Clause: Limit one of each Pok\u00e9mon\n|rule|Item Clause: Limit one of each item\n|clearpoke\n|poke|p1|Miraidon, L50|\n|poke|p1|Dondozo, L50, F|\n|poke|p1|Tatsugiri-Droopy, L50, F|\n|poke|p1|Chi-Yu, L50|\n|poke|p1|Raging Bolt, L50|\n|poke|p1|Iron Leaves, L50|\n|poke|p2|Farigiraf, L50, F|\n|poke|p2|Ursaluna-Bloodmoon, L50, M|\n|poke|p2|Miraidon, L50|\n|poke|p2|Ogerpon-Cornerstone, L50, F|\n|poke|p2|Incineroar, L50, F|\n|poke|p2|Whimsicott, L50, F|\n|teampreview|4\n|inactive|Battle timer is ON: inactive players will automatically lose when time's up. (requested by Js1132)\n|\n|t:|1714985164\n|start\n|switch|p1a: Miraidon|Miraidon, L50|100\/100\n|switch|p1b: Chi-Yu|Chi-Yu, L50|100\/100\n|switch|p2a: Miraidon|Miraidon, L50|100\/100\n|switch|p2b: Incineroar|Incineroar, L50, F|100\/100\n|-ability|p1b: Chi-Yu|Beads of Ruin\n|-fieldstart|move: Electric Terrain|[from] ability: Hadron Engine|[of] p1a: Miraidon\n|-activate|p2a: Miraidon|ability: Hadron Engine\n|-ability|p2b: Incineroar|Intimidate|boost\n|-unboost|p1a: Miraidon|atk|1\n|-unboost|p1b: Chi-Yu|atk|1\n|turn|1\n|inactive|ccvvbbnn has 30 seconds left.\n|j| rinplx8357\n|inactive|ccvvbbnn has 20 seconds left.\n|inactive|ccvvbbnn has 15 seconds left.\n|inactive|ccvvbbnn has 10 seconds left.\n|inactive|ccvvbbnn has 5 seconds left.\n|\n|t:|1714985216\n|switch|p1b: Iron Leaves|Iron Leaves, L50|100\/100\n|-activate|p1b: Iron Leaves|ability: Quark Drive\n|-start|p1b: Iron Leaves|quarkdriveatk\n|-enditem|p1b: Iron Leaves|Electric Seed\n|-boost|p1b: Iron Leaves|def|1|[from] item: Electric Seed\n|-terastallize|p2a: Miraidon|Electric\n|move|p1a: Miraidon|Protect|p1a: Miraidon\n|-singleturn|p1a: Miraidon|Protect\n|move|p2b: Incineroar|Fake Out|p1a: Miraidon\n|-activate|p1a: Miraidon|move: Protect\n|move|p2a: Miraidon|Electro Drift|p1a: Miraidon\n|-activate|p1a: Miraidon|move: Protect\n|\n|upkeep\n|turn|2\n|j| giftedyewsucks\n|\n|t:|1714985233\n|-terastallize|p1a: Miraidon|Electric\n|move|p1a: Miraidon|Electro Drift|p2b: Incineroar\n|-damage|p2b: Incineroar|3\/100\n|-damage|p1a: Miraidon|91\/100|[from] item: Life Orb\n|move|p2a: Miraidon|Electro Drift|p1a: Miraidon\n|-resisted|p1a: Miraidon\n|-damage|p1a: Miraidon|0 fnt\n|faint|p1a: Miraidon\n|move|p1b: Iron Leaves|Psyblade|p2a: Miraidon\n|-damage|p2a: Miraidon|23\/100\n|move|p2b: Incineroar|U-turn|p1b: Iron Leaves\n|-supereffective|p1b: Iron Leaves\n|-damage|p1b: Iron Leaves|28\/100\n|l|\u2606Js1132\n|inactive|Js1132 disconnected and has a minute to reconnect!\n|player|p2|\n|j|\u2606Js1132\n|inactive|Js1132 reconnected and has 35 seconds left.\n|player|p2|Js1132|265|\n|\n|t:|1714985257\n|switch|p2b: Whimsicott|Whimsicott, L50, F|100\/100|[from] U-turn\n|\n|upkeep\n|\n|t:|1714985261\n|switch|p1a: Raging Bolt|Raging Bolt, L50|100\/100\n|turn|3\n|\n|t:|1714985267\n|move|p1a: Raging Bolt|Thunderclap|p2a: Miraidon\n|-resisted|p2a: Miraidon\n|-damage|p2a: Miraidon|0 fnt\n|faint|p2a: Miraidon\n|move|p2b: Whimsicott|Moonblast|p1b: Iron Leaves\n|-damage|p1b: Iron Leaves|0 fnt\n|faint|p1b: Iron Leaves\n|-end|p1b: Iron Leaves|Quark Drive|[silent]\n|\n|upkeep\n|\n|t:|1714985273\n|switch|p2a: Incineroar|Incineroar, L50, F|3\/100\n|switch|p1b: Chi-Yu|Chi-Yu, L50|100\/100\n|-ability|p1b: Chi-Yu|Beads of Ruin\n|-ability|p2a: Incineroar|Intimidate|boost\n|-unboost|p1a: Raging Bolt|atk|1\n|-unboost|p1b: Chi-Yu|atk|1\n|turn|4\n|\n|t:|1714985278\n|move|p2a: Incineroar|Fake Out|p1b: Chi-Yu\n|-damage|p1b: Chi-Yu|78\/100\n|cant|p1b: Chi-Yu|flinch\n|move|p2b: Whimsicott|Moonblast|p1a: Raging Bolt\n|-supereffective|p1a: Raging Bolt\n|-damage|p1a: Raging Bolt|60\/100\n|move|p1a: Raging Bolt|Rising Voltage|p2a: Incineroar\n|-hint|Rising Voltage's BP doubled on grounded target.\n|-damage|p2a: Incineroar|0 fnt\n|faint|p2a: Incineroar\n|\n|upkeep\n|\n|t:|1714985285\n|switch|p2a: Ogerpon|Ogerpon-Cornerstone, L50, F|100\/100\n|turn|5\n|\n|t:|1714985299\n|move|p2b: Whimsicott|Tailwind|p2b: Whimsicott\n|-sidestart|p2: Js1132|move: Tailwind\n|move|p1a: Raging Bolt|Thunderclap|p2a: Ogerpon\n|-resisted|p2a: Ogerpon\n|-damage|p2a: Ogerpon|55\/100\n|move|p2a: Ogerpon|Ivy Cudgel|p1b: Chi-Yu|[anim] Ivy Cudgel Rock\n|-supereffective|p1b: Chi-Yu\n|-damage|p1b: Chi-Yu|0 fnt\n|faint|p1b: Chi-Yu\n|\n|-fieldend|move: Electric Terrain\n|upkeep\n|turn|6\n|\n|t:|1714985308\n|move|p2b: Whimsicott|Moonblast|p1a: Raging Bolt\n|-supereffective|p1a: Raging Bolt\n|-damage|p1a: Raging Bolt|26\/100\n|-unboost|p1a: Raging Bolt|spa|1\n|move|p2a: Ogerpon|Ivy Cudgel|p1a: Raging Bolt|[anim] Ivy Cudgel Rock\n|-damage|p1a: Raging Bolt|0 fnt\n|faint|p1a: Raging Bolt\n|-end|p1a: Raging Bolt|Protosynthesis|[silent]\n|\n|win|Js1132\n|raw|ccvvbbnn's rating: 1725 &rarr; <strong>1701<\/strong><br \/>(-24 for losing)\n|raw|Js1132's rating: 1660 &rarr; <strong>1684<\/strong><br \/>(+24 for winning)\n|l|\u2606ccvvbbnn\n|player|p1|\n|l| rinplx8357\n|l|\u2606Js1132\n|player|p2|\n|l| giftedyewsucks\n","uploadtime":1714985506,"views":40,"formatid":"gen9vgc2024regg","rating":1684,"private":0,"password":null}