{"id":"gen9vgc2024regg-2118099910","format":"[Gen 9] VGC 2024 Reg G","players":["war3infi","Jdaboy1337"],"log":"|j|\u2606war3infi\n|j|\u2606Jdaboy1337\n|t:|1714885268\n|gametype|doubles\n|player|p1|war3infi|dawn|1720\n|player|p2|Jdaboy1337|169|1701\n|teamsize|p1|6\n|teamsize|p2|6\n|gen|9\n|tier|[Gen 9] VGC 2024 Reg G\n|rated|\n|rule|Species Clause: Limit one of each Pok\u00e9mon\n|rule|Item Clause: Limit one of each item\n|clearpoke\n|poke|p1|Farigiraf, L50, M|\n|poke|p1|Ursaluna-Bloodmoon, L50, M|\n|poke|p1|Incineroar, L50, M|\n|poke|p1|Whimsicott, L50, M|\n|poke|p1|Miraidon, L50|\n|poke|p1|Amoonguss, L50, M|\n|poke|p2|Calyrex-Shadow, L50|\n|poke|p2|Muk-Alola, L50, F|\n|poke|p2|Smeargle, L50, F|\n|poke|p2|Scream Tail, L50|\n|poke|p2|Baxcalibur, L50, M|\n|poke|p2|Kingambit, L50, F|\n|teampreview|4\n|inactive|Battle timer is ON: inactive players will automatically lose when time's up. (requested by Jdaboy1337)\n|j| salvefml\n|\n|t:|1714885296\n|start\n|switch|p1a: Ursaluna|Ursaluna-Bloodmoon, L50, M|100\/100\n|switch|p1b: Whimsicott|Whimsicott, L50, M|100\/100\n|switch|p2a: Muk|Muk-Alola, L50, F|100\/100\n|switch|p2b: Smeargle|Smeargle, L50, F|100\/100\n|turn|1\n|\n|t:|1714885313\n|-terastallize|p2b: Smeargle|Dark\n|move|p1a: Ursaluna|Protect|p1a: Ursaluna\n|-singleturn|p1a: Ursaluna|Protect\n|move|p2a: Muk|Protect|p2a: Muk\n|-singleturn|p2a: Muk|Protect\n|move|p1b: Whimsicott|Moonblast|p2b: Smeargle\n|-supereffective|p2b: Smeargle\n|-enditem|p2b: Smeargle|Focus Sash\n|-damage|p2b: Smeargle|1\/100\n|move|p2b: Smeargle|Spore|p1a: Ursaluna\n|-activate|p1a: Ursaluna|move: Protect\n|\n|-ability|p2b: Smeargle|Moody|boost\n|-boost|p2b: Smeargle|spd|2\n|-unboost|p2b: Smeargle|spe|1\n|upkeep\n|turn|2\n|\n|t:|1714885334\n|-terastallize|p1a: Ursaluna|Normal\n|move|p2b: Smeargle|Follow Me|p2b: Smeargle\n|-singleturn|p2b: Smeargle|move: Follow Me\n|move|p1b: Whimsicott|Moonblast|p2b: Smeargle\n|-supereffective|p2b: Smeargle\n|-damage|p2b: Smeargle|0 fnt\n|faint|p2b: Smeargle\n|-ability|p2a: Muk|Moody|[from] ability: Power of Alchemy|[of] p2b: Smeargle\n|move|p1a: Ursaluna|Blood Moon|p2a: Muk\n|-damage|p2a: Muk|10\/100\n|move|p2a: Muk|Minimize|p2a: Muk\n|-boost|p2a: Muk|evasion|2\n|\n|-heal|p2a: Muk|16\/100|[from] item: Leftovers\n|-ability|p2a: Muk|Moody|boost\n|-boost|p2a: Muk|spa|2\n|-unboost|p2a: Muk|atk|1\n|upkeep\n|\n|t:|1714885341\n|switch|p2b: Scream Tail|Scream Tail, L50|100\/100\n|-enditem|p2b: Scream Tail|Booster Energy\n|-activate|p2b: Scream Tail|ability: Protosynthesis|[fromitem]\n|-start|p2b: Scream Tail|protosynthesisspe\n|turn|3\n|\n|t:|1714885356\n|move|p2a: Muk|Protect|p2a: Muk\n|-singleturn|p2a: Muk|Protect\n|move|p1b: Whimsicott|Tailwind|p1b: Whimsicott\n|-sidestart|p1: war3infi|move: Tailwind\n|move|p2b: Scream Tail|Encore|p1b: Whimsicott\n|-start|p1b: Whimsicott|Encore\n|move|p1a: Ursaluna|Hyper Voice|p2b: Scream Tail|[spread] p2b\n|-activate|p2a: Muk|move: Protect\n|-damage|p2b: Scream Tail|61\/100\n|\n|-heal|p2a: Muk|22\/100|[from] item: Leftovers\n|-ability|p2a: Muk|Moody|boost\n|-boost|p2a: Muk|spd|2\n|-unboost|p2a: Muk|def|1\n|upkeep\n|turn|4\n|\n|t:|1714885368\n|switch|p1b: Miraidon|Miraidon, L50|100\/100\n|-fieldstart|move: Electric Terrain|[from] ability: Hadron Engine|[of] p1b: Miraidon\n|move|p2b: Scream Tail|Encore|p1a: Ursaluna\n|-start|p1a: Ursaluna|Encore\n|move|p1a: Ursaluna|Hyper Voice|p2a: Muk|[spread] p2a,p2b\n|-damage|p2a: Muk|0 fnt\n|-damage|p2b: Scream Tail|16\/100\n|faint|p2a: Muk\n|\n|upkeep\n|\n|t:|1714885376\n|switch|p2a: Calyrex|Calyrex-Shadow, L50|100\/100\n|-ability|p2a: Calyrex|As One\n|-ability|p2a: Calyrex|Unnerve\n|turn|5\n|\n|t:|1714885382\n|move|p1b: Miraidon|Volt Switch|p2b: Scream Tail\n|-damage|p2b: Scream Tail|0 fnt\n|faint|p2b: Scream Tail\n|-end|p2b: Scream Tail|Protosynthesis|[silent]\n|\n|t:|1714885385\n|switch|p1b: Incineroar|Incineroar, L50, M|100\/100|[from] Volt Switch\n|-ability|p1b: Incineroar|Intimidate|boost\n|-unboost|p2a: Calyrex|atk|1\n|-enditem|p2a: Calyrex|White Herb\n|-clearnegativeboost|p2a: Calyrex|[silent]\n|move|p1a: Ursaluna|Hyper Voice|p2a: Calyrex\n|-damage|p2a: Calyrex|18\/100\n|move|p2a: Calyrex|Draining Kiss|p1b: Incineroar\n|-damage|p1b: Incineroar|88\/100\n|-heal|p2a: Calyrex|29\/100|[from] drain|[of] p1b: Incineroar\n|\n|upkeep\n|turn|6\n|-message|Jdaboy1337 forfeited.\n|\n|win|war3infi\n|raw|war3infi's rating: 1720 &rarr; <strong>1739<\/strong><br \/>(+19 for winning)\n|raw|Jdaboy1337's rating: 1701 &rarr; <strong>1682<\/strong><br \/>(-19 for losing)\n|l|\u2606Jdaboy1337\n|player|p2|\n|l|\u2606war3infi\n|player|p1|\n|l| salvefml\n","uploadtime":1714885575,"views":93,"formatid":"gen9vgc2024regg","rating":1682,"private":0,"password":null}