{"id":"gen9vgc2024regg-2118062484","format":"[Gen 9] VGC 2024 Reg G","players":["Man I hate cheese","ccvvbbnn"],"log":"|j|\u2606Man I hate cheese\n|j|\u2606ccvvbbnn\n|t:|1714879734\n|gametype|doubles\n|player|p1|Man I hate cheese|266|1730\n|player|p2|ccvvbbnn|266|1689\n|teamsize|p1|6\n|teamsize|p2|6\n|gen|9\n|tier|[Gen 9] VGC 2024 Reg G\n|rated|\n|rule|Species Clause: Limit one of each Pok\u00e9mon\n|rule|Item Clause: Limit one of each item\n|clearpoke\n|poke|p1|Urshifu-*, L50, M|\n|poke|p1|Kyogre, L50|\n|poke|p1|Dondozo, L50, F|\n|poke|p1|Tatsugiri, L50, F|\n|poke|p1|Amoonguss, L50, M|\n|poke|p1|Tornadus, L50, M|\n|poke|p2|Miraidon, L50|\n|poke|p2|Dondozo, L50, F|\n|poke|p2|Tatsugiri-Droopy, L50, F|\n|poke|p2|Chi-Yu, L50|\n|poke|p2|Raging Bolt, L50|\n|poke|p2|Iron Leaves, L50|\n|teampreview|4\nMan I hate cheese has agreed to open team sheets.\n|\n|t:|1714879766\n|start\n|switch|p1a: Kyogre|Kyogre, L50|100\/100\n|switch|p1b: Tornadus|Tornadus, L50, M|100\/100\n|switch|p2a: Miraidon|Miraidon, L50|100\/100\n|switch|p2b: Raging Bolt|Raging Bolt, L50|100\/100\n|-fieldstart|move: Electric Terrain|[from] ability: Hadron Engine|[of] p2a: Miraidon\n|-weather|RainDance|[from] ability: Drizzle|[of] p1a: Kyogre\n|turn|1\n|\n|t:|1714879782\n|-terastallize|p1a: Kyogre|Grass\n|move|p2a: Miraidon|Protect|p2a: Miraidon\n|-singleturn|p2a: Miraidon|Protect\n|move|p1b: Tornadus|Bleakwind Storm|p2b: Raging Bolt|[spread] p2b\n|-activate|p2a: Miraidon|move: Protect\n|-resisted|p2b: Raging Bolt\n|-damage|p2b: Raging Bolt|88\/100\n|move|p1a: Kyogre|Ice Beam|p2a: Miraidon\n|-activate|p2a: Miraidon|move: Protect\n|move|p2b: Raging Bolt|Electroweb|p1b: Tornadus|[spread] p1a,p1b\n|-resisted|p1a: Kyogre\n|-supereffective|p1b: Tornadus\n|-damage|p1a: Kyogre|90\/100\n|-damage|p1b: Tornadus|8\/100\n|-unboost|p1b: Tornadus|spe|1\n|\n|-weather|RainDance|[upkeep]\n|upkeep\n|turn|2\n|\n|t:|1714879819\n|move|p1b: Tornadus|Tailwind|p1b: Tornadus\n|-sidestart|p1: Man I hate cheese|move: Tailwind\n|move|p1a: Kyogre|Ice Beam|p2a: Miraidon\n|-supereffective|p2a: Miraidon\n|-damage|p2a: Miraidon|41\/100\n|move|p2a: Miraidon|Draco Meteor|p1a: Kyogre\n|-damage|p1a: Kyogre|0 fnt\n|-unboost|p2a: Miraidon|spa|2\n|faint|p1a: Kyogre\n|-damage|p2a: Miraidon|32\/100|[from] item: Life Orb\n|move|p2b: Raging Bolt|Electroweb|p1b: Tornadus\n|-supereffective|p1b: Tornadus\n|-damage|p1b: Tornadus|0 fnt\n|faint|p1b: Tornadus\n|\n|-weather|RainDance|[upkeep]\n|upkeep\n|\n|t:|1714879828\n|switch|p1b: Amoonguss|Amoonguss, L50, M|100\/100\n|switch|p1a: Urshifu|Urshifu, L50, M|100\/100\n|turn|3\n|\n|t:|1714879842\n|move|p1a: Urshifu|Wicked Blow|p2a: Miraidon\n|-crit|p2a: Miraidon\n|-damage|p2a: Miraidon|0 fnt\n|faint|p2a: Miraidon\n|move|p2b: Raging Bolt|Electroweb|p1b: Amoonguss|[spread] p1a,p1b\n|-crit|p1a: Urshifu\n|-resisted|p1b: Amoonguss\n|-damage|p1a: Urshifu|43\/100\n|-damage|p1b: Amoonguss|90\/100\n|-unboost|p1a: Urshifu|spe|1\n|-unboost|p1b: Amoonguss|spe|1\n|move|p1b: Amoonguss|Pollen Puff|p1a: Urshifu\n|-heal|p1a: Urshifu|93\/100\n|\n|-weather|RainDance|[upkeep]\n|upkeep\n|j| shadowhere\n|\n|t:|1714879844\n|switch|p2a: Dondozo|Dondozo, L50, F, shiny|100\/100\n|turn|4\n|\n|t:|1714879876\n|move|p1a: Urshifu|Detect|p1a: Urshifu\n|-singleturn|p1a: Urshifu|Protect\n|move|p2b: Raging Bolt|Draco Meteor|p1a: Urshifu\n|-activate|p1a: Urshifu|move: Protect\n|move|p2a: Dondozo|Order Up|p1a: Urshifu\n|-activate|p1a: Urshifu|move: Protect\n|move|p1b: Amoonguss|Pollen Puff|p2a: Dondozo\n|-damage|p2a: Dondozo|86\/100\n|\n|-weather|RainDance|[upkeep]\n|-heal|p2a: Dondozo|92\/100|[from] item: Leftovers\n|upkeep\n|turn|5\n|\n|t:|1714879892\n|move|p1b: Amoonguss|Rage Powder|p1b: Amoonguss\n|-singleturn|p1b: Amoonguss|move: Rage Powder\n|move|p1a: Urshifu|Wicked Blow|p2a: Dondozo\n|-crit|p2a: Dondozo\n|-damage|p2a: Dondozo|46\/100\n|move|p2b: Raging Bolt|Draco Meteor|p1b: Amoonguss\n|-damage|p1b: Amoonguss|40\/100\n|-unboost|p2b: Raging Bolt|spa|2\n|move|p2a: Dondozo|Order Up|p1b: Amoonguss\n|-damage|p1b: Amoonguss|16\/100\n|\n|-weather|none\n|-heal|p2a: Dondozo|52\/100|[from] item: Leftovers\n|-sideend|p1: Man I hate cheese|move: Tailwind\n|-fieldend|move: Electric Terrain\n|upkeep\n|turn|6\n|j| neebieplayersea\n|\n|t:|1714879912\n|-end|p2b: Raging Bolt|Protosynthesis|[silent]\n|switch|p2b: Tatsugiri|Tatsugiri-Droopy, L50, F, shiny|100\/100\n|-activate|p2b: Tatsugiri|ability: Commander|[of] p2a: Dondozo\n|-boost|p2a: Dondozo|atk|2\n|-boost|p2a: Dondozo|spa|2\n|-boost|p2a: Dondozo|spe|2\n|-boost|p2a: Dondozo|def|2\n|-boost|p2a: Dondozo|spd|2\n|-terastallize|p2a: Dondozo|Grass\n|move|p1b: Amoonguss|Rage Powder|p1b: Amoonguss\n|-singleturn|p1b: Amoonguss|move: Rage Powder\n|move|p2a: Dondozo|Earthquake|p1a: Urshifu|[spread] p1a,p1b\n|-miss|p2a: Dondozo|p2b: Tatsugiri\n|-damage|p1a: Urshifu|55\/100\n|-damage|p1b: Amoonguss|0 fnt\n|faint|p1b: Amoonguss\n|move|p1a: Urshifu|Wicked Blow|p2a: Dondozo\n|-crit|p2a: Dondozo\n|-damage|p2a: Dondozo|6\/100\n|\n|-heal|p2a: Dondozo|12\/100|[from] item: Leftovers\n|upkeep\n|turn|7\n|\n|t:|1714879931\n|move|p2a: Dondozo|Body Press|p1a: Urshifu\n|-supereffective|p1a: Urshifu\n|-damage|p1a: Urshifu|0 fnt\n|faint|p1a: Urshifu\n|\n|win|ccvvbbnn\n|raw|Man I hate cheese's rating: 1730 &rarr; <strong>1708<\/strong><br \/>(-22 for losing)\n|raw|ccvvbbnn's rating: 1689 &rarr; <strong>1711<\/strong><br \/>(+22 for winning)\n|l| neebieplayersea\n|c|\u2606Man I hate cheese|gg\n|l|\u2606ccvvbbnn\n|player|p2|\n|l|\u2606Man I hate cheese\n|player|p1|\n","uploadtime":1714880098,"views":133,"formatid":"gen9vgc2024regg","rating":1708,"private":0,"password":null}