{"id":"gen9vgc2024regg-2119392025","format":"[Gen 9] VGC 2024 Reg G","players":["The Umpire","Therazer456"],"log":"|j|\u2606The Umpire\n|j|\u2606Therazer456\n|t:|1715046144\n|gametype|doubles\n|player|p1|The Umpire|volkner|1639\n|player|p2|Therazer456|ghetsis|1700\n|teamsize|p1|6\n|teamsize|p2|6\n|gen|9\n|tier|[Gen 9] VGC 2024 Reg G\n|rated|\n|rule|Species Clause: Limit one of each Pok\u00e9mon\n|rule|Item Clause: Limit one of each item\n|clearpoke\n|poke|p1|Calyrex-Ice, L50|\n|poke|p1|Urshifu-*, L50, F|\n|poke|p1|Ursaluna-Bloodmoon, L50, M|\n|poke|p1|Araquanid, L50, M|\n|poke|p1|Farigiraf, L50, M|\n|poke|p1|Smeargle, L50, F|\n|poke|p2|Calyrex-Ice, L50|\n|poke|p2|Porygon2, L50|\n|poke|p2|Raging Bolt, L50|\n|poke|p2|Incineroar, L50, M|\n|poke|p2|Iron Jugulis, L50|\n|poke|p2|Amoonguss, L50, F|\n|teampreview|4\n|\n|t:|1715046169\n|start\n|switch|p1a: Calyrex|Calyrex-Ice, L50|100\/100\n|switch|p1b: Smeargle|Smeargle, L50, F|100\/100\n|switch|p2a: Orion|Incineroar, L50, M, shiny|100\/100\n|switch|p2b: Rosette|Amoonguss, L50, F, shiny|100\/100\n|-ability|p1a: Calyrex|As One\n|-ability|p1a: Calyrex|Unnerve\n|-ability|p2a: Orion|Intimidate|boost\n|-fail|p1a: Calyrex|unboost|[from] item: Clear Amulet|[of] p1a: Calyrex\n|-unboost|p1b: Smeargle|atk|1\n|turn|1\n|\n|t:|1715046204\n|-terastallize|p2b: Rosette|Water\n|move|p1b: Smeargle|Fake Out|p2b: Rosette\n|-damage|p2b: Rosette|96\/100\n|move|p2a: Orion|Knock Off|p1a: Calyrex\n|-supereffective|p1a: Calyrex\n|-damage|p1a: Calyrex|48\/100\n|-enditem|p1a: Calyrex|Clear Amulet|[from] move: Knock Off|[of] p2a: Orion\n|move|p1a: Calyrex|Glacial Lance|p2b: Rosette|[spread] p2a,p2b\n|-resisted|p2a: Orion\n|-resisted|p2b: Rosette\n|-crit|p2b: Rosette\n|-damage|p2a: Orion|70\/100\n|-damage|p2b: Rosette|59\/100\n|move|p2b: Rosette|Spore|p1b: Smeargle\n|-status|p1b: Smeargle|slp|[from] move: Spore\n|\n|upkeep\n|turn|2\n|\n|t:|1715046225\n|move|p1a: Calyrex|Protect|p1a: Calyrex\n|-singleturn|p1a: Calyrex|Protect\n|move|p2a: Orion|Knock Off|p1b: Smeargle\n|-enditem|p1b: Smeargle|Focus Sash\n|-damage|p1b: Smeargle|1\/100 slp\n|cant|p1b: Smeargle|slp\n|move|p2b: Rosette|Pollen Puff|p1b: Smeargle\n|-damage|p1b: Smeargle|0 fnt\n|faint|p1b: Smeargle\n|\n|upkeep\n|\n|t:|1715046239\n|switch|p1b: Urshifu|Urshifu, L50, F|100\/100\n|turn|3\n|j| La voz favorita\n|\n|t:|1715046258\n|-terastallize|p1a: Calyrex|Fire\n|move|p2a: Orion|Flare Blitz|p1a: Calyrex\n|-resisted|p1a: Calyrex\n|-damage|p1a: Calyrex|31\/100\n|-damage|p2a: Orion|64\/100|[from] Recoil\n|move|p1b: Urshifu|Wicked Blow|p2b: Rosette\n|-crit|p2b: Rosette\n|-damage|p2b: Rosette|0 fnt\n|faint|p2b: Rosette\n|move|p1a: Calyrex|Trick Room|p1a: Calyrex\n|-fieldstart|move: Trick Room|[of] p1a: Calyrex\n|\n|upkeep\n|\n|t:|1715046263\n|switch|p2b: Wreath|Calyrex-Ice, L50|100\/100\n|-ability|p2b: Wreath|As One\n|-ability|p2b: Wreath|Unnerve\n|turn|4\n|j| ryu_rio\n|\n|t:|1715046287\n|switch|p2a: California|Raging Bolt, L50|100\/100\n|move|p1a: Calyrex|Close Combat|p2a: California\n|-damage|p2a: California|63\/100\n|-unboost|p1a: Calyrex|def|1\n|-unboost|p1a: Calyrex|spd|1\n|move|p2b: Wreath|Glacial Lance|p1b: Urshifu|[spread] p1a,p1b\n|-resisted|p1a: Calyrex\n|-damage|p1a: Calyrex|5\/100\n|-damage|p1b: Urshifu|55\/100\n|move|p1b: Urshifu|Wicked Blow|p2b: Wreath\n|-supereffective|p2b: Wreath\n|-crit|p2b: Wreath\n|-damage|p2b: Wreath|0 fnt\n|faint|p2b: Wreath\n|\n|upkeep\n|j| dope alien\n|\n|t:|1715046301\n|switch|p2b: Orion|Incineroar, L50, M, shiny|64\/100\n|-ability|p2b: Orion|Intimidate|boost\n|-unboost|p1a: Calyrex|atk|1\n|-unboost|p1b: Urshifu|atk|1\n|turn|5\n|\n|t:|1715046317\n|move|p1a: Calyrex|Glacial Lance|p2a: California|[spread] p2a,p2b\n|-supereffective|p2a: California\n|-resisted|p2b: Orion\n|-damage|p2a: California|0 fnt\n|-damage|p2b: Orion|45\/100\n|faint|p2a: California\n|-end|p2a: California|Protosynthesis|[silent]\n|-ability|p1a: Calyrex|Chilling Neigh|boost\n|-boost|p1a: Calyrex|atk|1\n|move|p1b: Urshifu|Wicked Blow|p2b: Orion\n|-resisted|p2b: Orion\n|-crit|p2b: Orion\n|-damage|p2b: Orion|0 fnt\n|faint|p2b: Orion\n|\n|win|The Umpire\n|raw|The Umpire's rating: 1659 &rarr; <strong>1681<\/strong><br \/>(+22 for winning)\n|raw|Therazer456's rating: 1700 &rarr; <strong>1678<\/strong><br \/>(-22 for losing)\n|l|\u2606Therazer456\n|player|p2|\n|l|\u2606The Umpire\n|player|p1|\n|l| La voz favorita\n|l| dope alien\n","uploadtime":1715046584,"views":82,"formatid":"gen9vgc2024regg","rating":1678,"private":0,"password":null}