{"id":"gen9vgc2024regg-2119517946","format":"[Gen 9] VGC 2024 Reg G","players":["nsbnsb","lelouchswag"],"log":"|j|\u2606nsbnsb\n|j|\u2606lelouchswag\n|t:|1715064609\n|gametype|doubles\n|player|p1|nsbnsb|n|1710\n|player|p2|lelouchswag|265|1696\n|teamsize|p1|6\n|teamsize|p2|6\n|gen|9\n|tier|[Gen 9] VGC 2024 Reg G\n|rated|\n|rule|Species Clause: Limit one of each Pok\u00e9mon\n|rule|Item Clause: Limit one of each item\n|clearpoke\n|poke|p1|Calyrex-Shadow, L50|\n|poke|p1|Indeedee-F, L50, F|\n|poke|p1|Tornadus, L50, M|\n|poke|p1|Chi-Yu, L50|\n|poke|p1|Mienshao, L50, M|\n|poke|p1|Urshifu-*, L50, F|\n|poke|p2|Mienshao, L50, F|\n|poke|p2|Calyrex-Ice, L50|\n|poke|p2|Torkoal, L50, M|\n|poke|p2|Pincurchin, L50, F|\n|poke|p2|Farigiraf, L50, M|\n|poke|p2|Ogerpon-Cornerstone, L50, F|\n|teampreview|4\n|inactive|Battle timer is ON: inactive players will automatically lose when time's up. (requested by nsbnsb)\n|\n|t:|1715064636\n|start\n|switch|p1a: Calyrex|Calyrex-Shadow, L50|100\/100\n|switch|p1b: Indeedee|Indeedee-F, L50, F|100\/100\n|switch|p2a: Ogerpon|Ogerpon-Cornerstone, L50, F|100\/100\n|switch|p2b: Calyrex|Calyrex-Ice, L50|100\/100\n|-ability|p1a: Calyrex|As One\n|-ability|p1a: Calyrex|Unnerve\n|-ability|p2b: Calyrex|As One\n|-ability|p2b: Calyrex|Unnerve\n|-fieldstart|move: Psychic Terrain|[from] ability: Psychic Surge|[of] p1b: Indeedee\n|turn|1\n|\n|t:|1715064654\n|move|p1b: Indeedee|Helping Hand|p1a: Calyrex\n|-singleturn|p1a: Calyrex|Helping Hand|[of] p1b: Indeedee\n|move|p2b: Calyrex|Protect|p2b: Calyrex\n|-singleturn|p2b: Calyrex|Protect\n|move|p1a: Calyrex|Expanding Force|p2a: Ogerpon|[spread] p2a\n|-activate|p2b: Calyrex|move: Protect\n|-ability|p2a: Ogerpon|Sturdy\n|-damage|p2a: Ogerpon|1\/100\n|-damage|p1a: Calyrex|91\/100|[from] item: Life Orb\n|move|p2a: Ogerpon|Taunt|p1b: Indeedee\n|-start|p1b: Indeedee|move: Taunt\n|\n|upkeep\n|turn|2\n|j| MJS25\n|\n|t:|1715064667\n|switch|p1b: Urshifu|Urshifu, L50, F|100\/100\n|-terastallize|p2b: Calyrex|Water\n|move|p1a: Calyrex|Astral Barrage|p2b: Calyrex|[spread] p2a,p2b\n|-crit|p2b: Calyrex\n|-damage|p2a: Ogerpon|0 fnt\n|-damage|p2b: Calyrex|27\/100\n|faint|p2a: Ogerpon\n|-ability|p1a: Calyrex|Grim Neigh|boost\n|-boost|p1a: Calyrex|spa|1\n|-damage|p1a: Calyrex|81\/100|[from] item: Life Orb\n|move|p2b: Calyrex|Trick Room|p2b: Calyrex\n|-fieldstart|move: Trick Room|[of] p2b: Calyrex\n|\n|upkeep\n|\n|t:|1715064675\n|switch|p2a: Farigiraf|Farigiraf, L50, M|100\/100\n|turn|3\n|inactive|nsbnsb has 30 seconds left.\n|\n|t:|1715064709\n|move|p1a: Calyrex|Protect|p1a: Calyrex\n|-singleturn|p1a: Calyrex|Protect\n|move|p2b: Calyrex|Glacial Lance|p1b: Urshifu|[spread] p1b\n|-activate|p1a: Calyrex|move: Protect\n|-damage|p1b: Urshifu|38\/100\n|move|p2a: Farigiraf|Tera Blast|p1b: Urshifu\n|-damage|p1b: Urshifu|0 fnt\n|faint|p1b: Urshifu\n|-damage|p2a: Farigiraf|91\/100|[from] item: Life Orb\n|\n|upkeep\n|\n|t:|1715064712\n|switch|p1b: Indeedee|Indeedee-F, L50, F|100\/100\n|turn|4\n|\n|t:|1715064723\n|switch|p1a: Chi-Yu|Chi-Yu, L50|100\/100\n|-ability|p1a: Chi-Yu|Beads of Ruin\n|move|p2b: Calyrex|Glacial Lance|p1b: Indeedee|[spread] p1a,p1b\n|-resisted|p1a: Chi-Yu\n|-damage|p1a: Chi-Yu|54\/100\n|-damage|p1b: Indeedee|41\/100\n|move|p2a: Farigiraf|Shadow Ball|p1a: Chi-Yu\n|-resisted|p1a: Chi-Yu\n|-damage|p1a: Chi-Yu|34\/100\n|-unboost|p1a: Chi-Yu|spd|1\n|-damage|p2a: Farigiraf|81\/100|[from] item: Life Orb\n|move|p1b: Indeedee|Trick Room|p1b: Indeedee\n|-fieldend|move: Trick Room\n|\n|upkeep\n|turn|5\n|\n|t:|1715064746\n|move|p1b: Indeedee|Helping Hand|p1a: Chi-Yu\n|-singleturn|p1a: Chi-Yu|Helping Hand|[of] p1b: Indeedee\n|move|p1a: Chi-Yu|Heat Wave|p2a: Farigiraf|[spread] p2a,p2b\n|-resisted|p2b: Calyrex\n|-damage|p2a: Farigiraf|0 fnt\n|-damage|p2b: Calyrex|0 fnt\n|faint|p2a: Farigiraf\n|faint|p2b: Calyrex\n|\n|-fieldend|move: Psychic Terrain\n|upkeep\n|l| MJS25\n|-message|lelouchswag forfeited.\n|\n|win|nsbnsb\n|raw|nsbnsb's rating: 1710 &rarr; <strong>1729<\/strong><br \/>(+19 for winning)\n|raw|lelouchswag's rating: 1696 &rarr; <strong>1677<\/strong><br \/>(-19 for losing)\n|l|\u2606lelouchswag\n|player|p2|\n|l|\u2606nsbnsb\n|player|p1|\n","uploadtime":1715064940,"views":34,"formatid":"gen9vgc2024regg","rating":1677,"private":0,"password":null}