{"id":"gen9vgc2024regg-2120209258","format":"[Gen 9] VGC 2024 Reg G","players":["AlirezaFirouja","Omega Gio"],"log":"|j|\u2606AlirezaFirouja\n|j|\u2606Omega Gio\n|t:|1715141822\n|gametype|doubles\n|player|p1|AlirezaFirouja|2|1706\n|player|p2|Omega Gio|steven|1719\n|teamsize|p1|6\n|teamsize|p2|6\n|gen|9\n|tier|[Gen 9] VGC 2024 Reg G\n|rated|\n|rule|Species Clause: Limit one of each Pok\u00e9mon\n|rule|Item Clause: Limit one of each item\n|clearpoke\n|poke|p1|Miraidon, L50|\n|poke|p1|Whimsicott, L50, F|\n|poke|p1|Chi-Yu, L50|\n|poke|p1|Urshifu-*, L50, M|\n|poke|p1|Flutter Mane, L50|\n|poke|p1|Kingambit, L50, M|\n|poke|p2|Zacian-*, L50|\n|poke|p2|Whimsicott, L50, F|\n|poke|p2|Regidrago, L50|\n|poke|p2|Chi-Yu, L50|\n|poke|p2|Farigiraf, L50, F|\n|poke|p2|Clefairy, L50, F|\n|teampreview|4\n|inactive|Battle timer is ON: inactive players will automatically lose when time's up. (requested by Omega Gio)\n|j| Nesnero\n|\n|t:|1715141840\n|start\n|switch|p1a: Whimsicott|Whimsicott, L50, F|100\/100\n|switch|p1b: Chi-Yu|Chi-Yu, L50|100\/100\n|switch|p2a: Zacian|Zacian, L50|100\/100\n|switch|p2b: Whimsicott|Whimsicott, L50, F|100\/100\n|-ability|p2a: Zacian|Intrepid Sword|boost\n|-boost|p2a: Zacian|atk|1\n|-ability|p1b: Chi-Yu|Beads of Ruin\n|turn|1\n|\n|t:|1715141851\n|switch|p2a: Chi-Yu|Chi-Yu, L50|100\/100\n|-ability|p2a: Chi-Yu|Beads of Ruin\n|move|p2b: Whimsicott|Tailwind|p2b: Whimsicott\n|-sidestart|p2: Omega Gio|move: Tailwind\n|move|p1a: Whimsicott|Tailwind|p1a: Whimsicott\n|-sidestart|p1: AlirezaFirouja|move: Tailwind\n|move|p1b: Chi-Yu|Heat Wave|p2b: Whimsicott|[spread] p2a,p2b\n|-resisted|p2a: Chi-Yu\n|-supereffective|p2b: Whimsicott\n|-damage|p2a: Chi-Yu|79\/100\n|-enditem|p2b: Whimsicott|Focus Sash\n|-damage|p2b: Whimsicott|1\/100\n|\n|upkeep\n|turn|2\n|\n|t:|1715141861\n|move|p2b: Whimsicott|Protect|p2b: Whimsicott\n|-singleturn|p2b: Whimsicott|Protect\n|move|p2a: Chi-Yu|Snarl|p1b: Chi-Yu|[spread] p1a,p1b\n|-resisted|p1a: Whimsicott\n|-resisted|p1b: Chi-Yu\n|-damage|p1a: Whimsicott|78\/100\n|-damage|p1b: Chi-Yu|87\/100\n|-unboost|p1b: Chi-Yu|spa|1\n|move|p1a: Whimsicott|Moonblast|p2a: Chi-Yu\n|-damage|p2a: Chi-Yu|47\/100\n|move|p1b: Chi-Yu|Heat Wave|p2a: Chi-Yu|[spread] p2a\n|-activate|p2b: Whimsicott|move: Protect\n|-resisted|p2a: Chi-Yu\n|-damage|p2a: Chi-Yu|33\/100\n|\n|upkeep\n|turn|3\n|j| Hov867\n|\n|t:|1715141878\n|move|p2a: Chi-Yu|Snarl|p1a: Whimsicott|[spread] p1a,p1b\n|-resisted|p1a: Whimsicott\n|-resisted|p1b: Chi-Yu\n|-damage|p1a: Whimsicott|57\/100\n|-damage|p1b: Chi-Yu|72\/100\n|-unboost|p1b: Chi-Yu|spa|1\n|move|p2b: Whimsicott|Moonblast|p1a: Whimsicott\n|-damage|p1a: Whimsicott|0 fnt\n|faint|p1a: Whimsicott\n|move|p1b: Chi-Yu|Heat Wave|p2b: Whimsicott|[spread] p2a,p2b\n|-resisted|p2a: Chi-Yu\n|-crit|p2a: Chi-Yu\n|-supereffective|p2b: Whimsicott\n|-damage|p2a: Chi-Yu|0 fnt\n|-damage|p2b: Whimsicott|0 fnt\n|faint|p2a: Chi-Yu\n|faint|p2b: Whimsicott\n|\n|upkeep\n|\n|t:|1715141893\n|switch|p2b: Regidrago|Regidrago, L50|100\/100\n|switch|p1a: Urshifu|Urshifu-Rapid-Strike, L50, M|100\/100\n|switch|p2a: Zacian|Zacian, L50|100\/100\n|turn|4\n|l| Nesnero\n|\n|t:|1715141917\n|move|p1a: Urshifu|Surging Strikes|p2a: Zacian\n|-crit|p2a: Zacian\n|-damage|p2a: Zacian|78\/100\n|-crit|p2a: Zacian\n|-damage|p2a: Zacian|55\/100\n|-crit|p2a: Zacian\n|-damage|p2a: Zacian|32\/100\n|-hitcount|p2a: Zacian|3\n|move|p2a: Zacian|Play Rough|p1a: Urshifu\n|-supereffective|p1a: Urshifu\n|-damage|p1a: Urshifu|11\/100\n|move|p1b: Chi-Yu|Overheat|p2a: Zacian\n|-damage|p2a: Zacian|0 fnt\n|-unboost|p1b: Chi-Yu|spa|2\n|faint|p2a: Zacian\n|move|p2b: Regidrago|Dragon Energy|p1b: Chi-Yu|[spread] p1a,p1b\n|-damage|p1a: Urshifu|0 fnt\n|-damage|p1b: Chi-Yu|0 fnt\n|faint|p1a: Urshifu\n|faint|p1b: Chi-Yu\n|\n|-sideend|p1: AlirezaFirouja|move: Tailwind\n|-sideend|p2: Omega Gio|move: Tailwind\n|upkeep\n|\n|t:|1715141929\n|switch|p1b: Miraidon|Miraidon, L50|100\/100\n|-fieldstart|move: Electric Terrain|[from] ability: Hadron Engine|[of] p1b: Miraidon\n|turn|5\n|\n|t:|1715141934\n|-terastallize|p1b: Miraidon|Fairy\n|-terastallize|p2b: Regidrago|Dragon\n|move|p1b: Miraidon|Dazzling Gleam|p2b: Regidrago\n|-supereffective|p2b: Regidrago\n|-damage|p2b: Regidrago|0 fnt\n|faint|p2b: Regidrago\n|\n|win|AlirezaFirouja\n|raw|AlirezaFirouja's rating: 1706 &rarr; <strong>1727<\/strong><br \/>(+21 for winning)\n|raw|Omega Gio's rating: 1719 &rarr; <strong>1698<\/strong><br \/>(-21 for losing)\n|l|\u2606Omega Gio\n|player|p2|\n|l|\u2606AlirezaFirouja\n|player|p1|\n|l| Hov867\n|j| Nesnero\n|l| Nesnero\n","uploadtime":1715142113,"views":34,"formatid":"gen9vgc2024regg","rating":1698,"private":0,"password":null}