{"id":"gen9vgc2024regg-2120247088","format":"[Gen 9] VGC 2024 Reg G","players":["AlirezaFirouja","testing122024GA"],"log":"|j|\u2606AlirezaFirouja\n|j|\u2606testing122024GA\n|t:|1715148266\n|gametype|doubles\n|player|p1|AlirezaFirouja|2|1707\n|player|p2|testing122024GA|169|1690\n|teamsize|p1|6\n|teamsize|p2|6\n|gen|9\n|tier|[Gen 9] VGC 2024 Reg G\n|rated|\n|rule|Species Clause: Limit one of each Pok\u00e9mon\n|rule|Item Clause: Limit one of each item\n|clearpoke\n|poke|p1|Miraidon, L50|\n|poke|p1|Whimsicott, L50, F|\n|poke|p1|Chi-Yu, L50|\n|poke|p1|Urshifu-*, L50, F|\n|poke|p1|Flutter Mane, L50|\n|poke|p1|Kingambit, L50, F|\n|poke|p2|Groudon, L50|\n|poke|p2|Flutter Mane, L50|\n|poke|p2|Incineroar, L50, M|\n|poke|p2|Rillaboom, L50, M|\n|poke|p2|Thundurus, L50, M|\n|poke|p2|Ogerpon-Wellspring, L50, F|\n|teampreview|4\n|inactive|Battle timer is ON: inactive players will automatically lose when time's up. (requested by testing122024GA)\n|\n|t:|1715148276\n|start\n|switch|p1a: Whimsicott|Whimsicott, L50, F|100\/100\n|switch|p1b: Chi-Yu|Chi-Yu, L50|100\/100\n|switch|p2a: Thundurus|Thundurus, L50, M|100\/100\n|switch|p2b: Flutter Mane|Flutter Mane, L50, shiny|100\/100\n|-ability|p1b: Chi-Yu|Beads of Ruin\n|turn|1\n|\n|t:|1715148286\n|-terastallize|p2b: Flutter Mane|Fairy\n|move|p1a: Whimsicott|Taunt|p2a: Thundurus\n|-start|p2a: Thundurus|move: Taunt\n|cant|p2a: Thundurus|move: Taunt|Taunt\n|move|p2b: Flutter Mane|Moonblast|p1b: Chi-Yu\n|-enditem|p1b: Chi-Yu|Focus Sash\n|-damage|p1b: Chi-Yu|1\/100\n|-unboost|p1b: Chi-Yu|spa|1\n|move|p1b: Chi-Yu|Heat Wave|p2a: Thundurus|[spread] p2a,p2b\n|-damage|p2a: Thundurus|69\/100\n|-damage|p2b: Flutter Mane|66\/100\n|\n|upkeep\n|turn|2\n|j| bigpoppalololol\n|\n|t:|1715148303\n|move|p1b: Chi-Yu|Protect|p1b: Chi-Yu\n|-singleturn|p1b: Chi-Yu|Protect\n|move|p1a: Whimsicott|Tailwind|p1a: Whimsicott\n|-sidestart|p1: AlirezaFirouja|move: Tailwind\n|move|p2b: Flutter Mane|Moonblast|p1a: Whimsicott\n|-damage|p1a: Whimsicott|0 fnt\n|faint|p1a: Whimsicott\n|move|p2a: Thundurus|Wildbolt Storm|p1b: Chi-Yu\n|-activate|p1b: Chi-Yu|move: Protect\n|\n|upkeep\n|\n|t:|1715148307\n|switch|p1a: Miraidon|Miraidon, L50|100\/100\n|-fieldstart|move: Electric Terrain|[from] ability: Hadron Engine|[of] p1a: Miraidon\n|turn|3\n|\n|t:|1715148319\n|switch|p1b: Flutter Mane|Flutter Mane, L50|100\/100\n|-enditem|p1b: Flutter Mane|Booster Energy\n|-activate|p1b: Flutter Mane|ability: Protosynthesis|[fromitem]\n|-start|p1b: Flutter Mane|protosynthesisspe\n|-end|p2b: Flutter Mane|Protosynthesis|[silent]\n|switch|p2b: Incineroar|Incineroar, L50, M|100\/100\n|-ability|p2b: Incineroar|Intimidate|boost\n|-unboost|p1a: Miraidon|atk|1\n|-unboost|p1b: Flutter Mane|atk|1\n|move|p1a: Miraidon|Electro Drift|p2b: Incineroar\n|-damage|p2b: Incineroar|0 fnt\n|faint|p2b: Incineroar\n|move|p2a: Thundurus|Wildbolt Storm|p1b: Flutter Mane|[spread] p1a,p1b\n|-resisted|p1a: Miraidon\n|-damage|p1a: Miraidon|93\/100\n|-damage|p1b: Flutter Mane|69\/100\n|\n|-end|p2a: Thundurus|move: Taunt\n|upkeep\n|\n|t:|1715148341\n|switch|p2b: Groudon|Groudon, L50|100\/100\n|-weather|SunnyDay|[from] ability: Drought|[of] p2b: Groudon\n|turn|4\n|\n|t:|1715148366\n|move|p2a: Thundurus|Eerie Impulse|p1b: Flutter Mane\n|-unboost|p1b: Flutter Mane|spa|2\n|move|p1b: Flutter Mane|Moonblast|p2b: Groudon\n|-damage|p2b: Groudon|77\/100\n|move|p1a: Miraidon|Electro Drift|p2a: Thundurus\n|-damage|p2a: Thundurus|0 fnt\n|faint|p2a: Thundurus\n|move|p2b: Groudon|Precipice Blades|p1b: Flutter Mane|[spread] p1b\n|-miss|p2b: Groudon|p1a: Miraidon\n|-damage|p1b: Flutter Mane|0 fnt\n|faint|p1b: Flutter Mane\n|-end|p1b: Flutter Mane|Protosynthesis|[silent]\n|\n|-weather|SunnyDay|[upkeep]\n|upkeep\n|\n|t:|1715148375\n|switch|p1b: Chi-Yu|Chi-Yu, L50|1\/100\n|switch|p2a: Flutter Mane|Flutter Mane, L50, shiny, tera:Fairy|66\/100\n|-ability|p1b: Chi-Yu|Beads of Ruin\n|-activate|p2a: Flutter Mane|ability: Protosynthesis\n|-start|p2a: Flutter Mane|protosynthesisspe\n|turn|5\n|\n|t:|1715148382\n|move|p1a: Miraidon|Electro Drift|p2a: Flutter Mane\n|-damage|p2a: Flutter Mane|0 fnt\n|faint|p2a: Flutter Mane\n|-end|p2a: Flutter Mane|Protosynthesis|[silent]\n|move|p1b: Chi-Yu|Overheat|p2b: Groudon|[miss]\n|-miss|p1b: Chi-Yu|p2b: Groudon\n|move|p2b: Groudon|Precipice Blades|p1a: Miraidon|[spread] p1a,p1b\n|-supereffective|p1a: Miraidon\n|-supereffective|p1b: Chi-Yu\n|-damage|p1a: Miraidon|0 fnt\n|-damage|p1b: Chi-Yu|0 fnt\n|faint|p1a: Miraidon\n|faint|p1b: Chi-Yu\n|\n|win|testing122024GA\n|raw|AlirezaFirouja's rating: 1707 &rarr; <strong>1686<\/strong><br \/>(-21 for losing)\n|raw|testing122024GA's rating: 1690 &rarr; <strong>1711<\/strong><br \/>(+21 for winning)\n|l|\u2606AlirezaFirouja\n|player|p1|\n|l|\u2606testing122024GA\n|player|p2|\n","uploadtime":1715148398,"views":41,"formatid":"gen9vgc2024regg","rating":1686,"private":0,"password":null}