{"id":"gen9vgc2024regg-2120254392","format":"[Gen 9] VGC 2024 Reg G","players":["RobbieXIII","Omega Gio"],"log":"|j|\u2606RobbieXIII\n|j|\u2606Omega Gio\n|t:|1715149597\n|gametype|doubles\n|player|p1|RobbieXIII|bugcatcher-gen4dp|1713\n|player|p2|Omega Gio|steven|1737\n|teamsize|p1|6\n|teamsize|p2|6\n|gen|9\n|tier|[Gen 9] VGC 2024 Reg G\n|rated|\n|rule|Species Clause: Limit one of each Pok\u00e9mon\n|rule|Item Clause: Limit one of each item\n|clearpoke\n|poke|p1|Entei, L50|\n|poke|p1|Raging Bolt, L50|\n|poke|p1|Chien-Pao, L50|\n|poke|p1|Milotic, L50, F|\n|poke|p1|Amoonguss, L50, M|\n|poke|p1|Necrozma-Dusk-Mane, L50|\n|poke|p2|Zacian-*, L50|\n|poke|p2|Whimsicott, L50, M|\n|poke|p2|Regidrago, L50|\n|poke|p2|Chi-Yu, L50|\n|poke|p2|Farigiraf, L50, F|\n|poke|p2|Scizor, L50, M|\n|teampreview|4\n|inactive|Battle timer is ON: inactive players will automatically lose when time's up. (requested by Omega Gio)\n|inactive|RobbieXIII also wants the timer to be on.\n|j| Sanji8\n|j| bahaa9001\n|inactive|RobbieXIII has 60 seconds left.\n|inactive|Omega Gio has 60 seconds left.\n|\n|t:|1715149646\n|start\n|switch|p1a: Entei|Entei, L50|100\/100\n|switch|p1b: Chien-Pao|Chien-Pao, L50|100\/100\n|switch|p2a: Chi-Yu|Chi-Yu, L50|100\/100\n|switch|p2b: Zacian|Zacian, L50|100\/100\n|-ability|p2a: Chi-Yu|Beads of Ruin\n|-ability|p2b: Zacian|Intrepid Sword|boost\n|-boost|p2b: Zacian|atk|1\n|-ability|p1b: Chien-Pao|Sword of Ruin\n|turn|1\n|inactive|RobbieXIII has 30 seconds left.\n|\n|t:|1715149672\n|-terastallize|p2b: Zacian|Ground\n|move|p1b: Chien-Pao|Protect|p1b: Chien-Pao\n|-singleturn|p1b: Chien-Pao|Protect\n|move|p2a: Chi-Yu|Flamethrower|p1b: Chien-Pao\n|-activate|p1b: Chien-Pao|move: Protect\n|move|p2b: Zacian|Tera Blast|p1a: Entei|[anim] Tera Blast Ground\n|-supereffective|p1a: Entei\n|-damage|p1a: Entei|0 fnt\n|faint|p1a: Entei\n|\n|upkeep\n|\n|t:|1715149686\n|switch|p1a: Amoonguss|Amoonguss, L50, M|100\/100\n|turn|2\n|\n|t:|1715149698\n|-terastallize|p1a: Amoonguss|Water\n|move|p2a: Chi-Yu|Flamethrower|p1b: Chien-Pao\n|-supereffective|p1b: Chien-Pao\n|-enditem|p1b: Chien-Pao|Focus Sash\n|-damage|p1b: Chien-Pao|1\/100\n|move|p2b: Zacian|Iron Head|p1b: Chien-Pao\n|-supereffective|p1b: Chien-Pao\n|-damage|p1b: Chien-Pao|0 fnt\n|faint|p1b: Chien-Pao\n|move|p1a: Amoonguss|Spore|p2b: Zacian\n|-status|p2b: Zacian|slp|[from] move: Spore\n|\n|upkeep\n|\n|t:|1715149711\n|switch|p1b: Necrozma|Necrozma-Dusk-Mane, L50|100\/100\n|turn|3\n|\n|t:|1715149723\n|move|p1a: Amoonguss|Rage Powder|p1a: Amoonguss\n|-singleturn|p1a: Amoonguss|move: Rage Powder\n|move|p2a: Chi-Yu|Flamethrower|p1a: Amoonguss\n|-resisted|p1a: Amoonguss\n|-damage|p1a: Amoonguss|72\/100\n|cant|p2b: Zacian|slp\n|move|p1b: Necrozma|Trick Room|p1b: Necrozma\n|-fieldstart|move: Trick Room|[of] p1b: Necrozma\n|\n|upkeep\n|turn|4\n|\n|t:|1715149738\n|move|p1a: Amoonguss|Spore|p2a: Chi-Yu\n|-status|p2a: Chi-Yu|slp|[from] move: Spore\n|move|p1b: Necrozma|Sunsteel Strike|p2b: Zacian\n|-damage|p2b: Zacian|36\/100 slp\n|cant|p2b: Zacian|slp\n|cant|p2a: Chi-Yu|slp\n|\n|upkeep\n|turn|5\n|\n|t:|1715149755\n|-curestatus|p2b: Zacian|slp|[msg]\n|move|p2b: Zacian|Protect|p2b: Zacian\n|-singleturn|p2b: Zacian|Protect\n|move|p1a: Amoonguss|Pollen Puff|p2a: Chi-Yu\n|-damage|p2a: Chi-Yu|79\/100 slp\n|move|p1b: Necrozma|Sunsteel Strike|p2b: Zacian\n|-activate|p2b: Zacian|move: Protect\n|-curestatus|p2a: Chi-Yu|slp|[msg]\n|move|p2a: Chi-Yu|Flamethrower|p1a: Amoonguss\n|-resisted|p1a: Amoonguss\n|-damage|p1a: Amoonguss|41\/100\n|\n|upkeep\n|turn|6\n|\n|t:|1715149779\n|switch|p2b: Scizor|Scizor, L50, M|100\/100\n|move|p1a: Amoonguss|Spore|p2a: Chi-Yu\n|-status|p2a: Chi-Yu|slp|[from] move: Spore\n|move|p1b: Necrozma|Sunsteel Strike|p2b: Scizor\n|-resisted|p2b: Scizor\n|-crit|p2b: Scizor\n|-damage|p2b: Scizor|47\/100\n|cant|p2a: Chi-Yu|slp\n|\n|upkeep\n|turn|7\n|j| bigpoppalololol\n|\n|t:|1715149800\n|move|p1a: Amoonguss|Spore|p2b: Scizor\n|-status|p2b: Scizor|slp|[from] move: Spore\n|cant|p2b: Scizor|slp\n|move|p1b: Necrozma|Sunsteel Strike|p2a: Chi-Yu\n|-resisted|p2a: Chi-Yu\n|-damage|p2a: Chi-Yu|24\/100 slp\n|cant|p2a: Chi-Yu|slp\n|\n|-fieldend|move: Trick Room\n|upkeep\n|turn|8\n|\n|t:|1715149816\n|move|p1a: Amoonguss|Rage Powder|p1a: Amoonguss\n|-singleturn|p1a: Amoonguss|move: Rage Powder\n|cant|p2a: Chi-Yu|slp\n|cant|p2b: Scizor|slp\n|move|p1b: Necrozma|Trick Room|p1b: Necrozma\n|-fieldstart|move: Trick Room|[of] p1b: Necrozma\n|\n|upkeep\n|turn|9\n|\n|t:|1715149828\n|move|p1a: Amoonguss|Spore|p2b: Scizor\n|-fail|p2b: Scizor|slp\n|-curestatus|p2b: Scizor|slp|[msg]\n|move|p2b: Scizor|U-turn|p1a: Amoonguss\n|-damage|p1a: Amoonguss|0 fnt\n|-damage|p2b: Scizor|30\/100|[from] item: Rocky Helmet|[of] p1a: Amoonguss\n|faint|p1a: Amoonguss\n|\n|t:|1715149837\n|switch|p2b: Zacian|Zacian, L50, tera:Ground|36\/100|[from] U-turn\n|move|p1b: Necrozma|Sunsteel Strike|p2a: Chi-Yu\n|-resisted|p2a: Chi-Yu\n|-damage|p2a: Chi-Yu|0 fnt\n|faint|p2a: Chi-Yu\n|\n|upkeep\n|\n|t:|1715149843\n|switch|p2a: Scizor|Scizor, L50, M|30\/100\n|turn|10\n|\n|t:|1715149862\n|move|p2a: Scizor|Bug Bite|p1b: Necrozma\n|-damage|p1b: Necrozma|46\/100\n|move|p1b: Necrozma|Photon Geyser|p2a: Scizor\n|-resisted|p2a: Scizor\n|-damage|p2a: Scizor|0 fnt\n|faint|p2a: Scizor\n|move|p2b: Zacian|Tera Blast|p1b: Necrozma|[anim] Tera Blast Ground\n|-supereffective|p1b: Necrozma\n|-damage|p1b: Necrozma|6\/100\n|\n|upkeep\n|\n|t:|1715149868\n|switch|p2a: Regidrago|Regidrago, L50|100\/100\n|turn|11\n|\n|t:|1715149879\n|move|p1b: Necrozma|Sunsteel Strike|p2b: Zacian\n|-damage|p2b: Zacian|0 fnt\n|faint|p2b: Zacian\n|move|p2a: Regidrago|Dragon Energy|p1b: Necrozma\n|-resisted|p1b: Necrozma\n|-damage|p1b: Necrozma|0 fnt\n|faint|p1b: Necrozma\n|\n|win|Omega Gio\n|raw|RobbieXIII's rating: 1713 &rarr; <strong>1694<\/strong><br \/>(-19 for losing)\n|raw|Omega Gio's rating: 1737 &rarr; <strong>1756<\/strong><br \/>(+19 for winning)\n|l|\u2606RobbieXIII\n|player|p1|\n|l|\u2606Omega Gio\n|player|p2|\n|l| Sanji8\n","uploadtime":1715150081,"views":38,"formatid":"gen9vgc2024regg","rating":1694,"private":0,"password":null}