{"id":"gen9vgc2024regg-2121054523","format":"[Gen 9] VGC 2024 Reg G","players":["cicibi","Jdaboy1337"],"log":"|j|\u2606cicibi\n|j|\u2606Jdaboy1337\n|t:|1715248076\n|gametype|doubles\n|player|p1|cicibi|cilan|1682\n|player|p2|Jdaboy1337|169|1774\n|teamsize|p1|6\n|teamsize|p2|6\n|gen|9\n|tier|[Gen 9] VGC 2024 Reg G\n|rated|\n|rule|Species Clause: Limit one of each Pok\u00e9mon\n|rule|Item Clause: Limit one of each item\n|clearpoke\n|poke|p1|Amoonguss, L50, M|\n|poke|p1|Incineroar, L50, M|\n|poke|p1|Lunala, L50|\n|poke|p1|Raging Bolt, L50|\n|poke|p1|Ursaluna, L50, M|\n|poke|p1|Urshifu-*, L50, M|\n|poke|p2|Calyrex-Shadow, L50|\n|poke|p2|Muk-Alola, L50, F|\n|poke|p2|Smeargle, L50, F|\n|poke|p2|Scream Tail, L50|\n|poke|p2|Baxcalibur, L50, F|\n|poke|p2|Kingambit, L50, M|\n|teampreview|4\n|inactive|Battle timer is ON: inactive players will automatically lose when time's up. (requested by Jdaboy1337)\n|inactive|cicibi has 60 seconds left.\n|inactive|Jdaboy1337 has 60 seconds left.\n|inactive|cicibi has 30 seconds left.\n|inactive|Jdaboy1337 has 30 seconds left.\n|inactive|cicibi has 20 seconds left.\n|inactive|cicibi has 15 seconds left.\n|inactive|cicibi has 10 seconds left.\n|\n|t:|1715248158\n|start\n|switch|p1a: Lunala|Lunala, L50|100\/100\n|switch|p1b: Amoonguss|Amoonguss, L50, M|100\/100\n|switch|p2a: Muk|Muk-Alola, L50, F|100\/100\n|switch|p2b: Smeargle|Smeargle, L50, F|100\/100\n|turn|1\n|inactive|Jdaboy1337 has 30 seconds left.\n|\n|t:|1715248191\n|-terastallize|p1a: Lunala|Grass\n|move|p2b: Smeargle|Fake Out|p1b: Amoonguss\n|-damage|p1b: Amoonguss|96\/100\n|move|p1a: Lunala|Meteor Beam||[still]\n|-prepare|p1a: Lunala|Meteor Beam\n|-boost|p1a: Lunala|spa|1\n|-enditem|p1a: Lunala|Power Herb\n|-anim|p1a: Lunala|Meteor Beam|p2a: Muk\n|-damage|p2a: Muk|50\/100\n|move|p2a: Muk|Minimize|p2a: Muk\n|-boost|p2a: Muk|evasion|2\n|cant|p1b: Amoonguss|flinch\n|\n|-heal|p2a: Muk|56\/100|[from] item: Leftovers\n|-ability|p2b: Smeargle|Moody|boost\n|-boost|p2b: Smeargle|spd|2\n|-unboost|p2b: Smeargle|def|1\n|upkeep\n|turn|2\n|inactive|cicibi has 30 seconds left.\n|\n|t:|1715248223\n|move|p2b: Smeargle|Follow Me|p2b: Smeargle\n|-singleturn|p2b: Smeargle|move: Follow Me\n|move|p2a: Muk|Minimize|p2a: Muk\n|-boost|p2a: Muk|evasion|2\n|move|p1b: Amoonguss|Spore|p2b: Smeargle\n|-status|p2b: Smeargle|slp|[from] move: Spore\n|move|p1a: Lunala|Trick Room|p1a: Lunala\n|-fieldstart|move: Trick Room|[of] p1a: Lunala\n|\n|-heal|p2a: Muk|62\/100|[from] item: Leftovers\n|-ability|p2b: Smeargle|Moody|boost\n|-boost|p2b: Smeargle|spd|2\n|-unboost|p2b: Smeargle|def|1\n|upkeep\n|turn|3\n|\n|t:|1715248241\n|switch|p1b: Ursaluna|Ursaluna, L50, M|100\/100\n|move|p2a: Muk|Protect|p2a: Muk\n|-singleturn|p2a: Muk|Protect\n|cant|p2b: Smeargle|slp\n|move|p1a: Lunala|Meteor Beam||[still]\n|-prepare|p1a: Lunala|Meteor Beam\n|-boost|p1a: Lunala|spa|1\n|\n|-heal|p2a: Muk|68\/100|[from] item: Leftovers\n|-status|p1b: Ursaluna|brn|[from] item: Flame Orb\n|-ability|p2b: Smeargle|Moody|boost\n|-boost|p2b: Smeargle|spe|2\n|-unboost|p2b: Smeargle|atk|1\n|upkeep\n|turn|4\n|\n|t:|1715248260\n|-terastallize|p2a: Muk|Fairy\n|cant|p2b: Smeargle|slp\n|move|p2a: Muk|Minimize|p2a: Muk\n|-boost|p2a: Muk|evasion|2\n|move|p1b: Ursaluna|Headlong Rush|p2a: Muk|[miss]\n|-miss|p1b: Ursaluna|p2a: Muk\n|move|p1a: Lunala|Meteor Beam|p2a: Muk|[from]lockedmove|[miss]\n|-miss|p1a: Lunala|p2a: Muk\n|\n|-heal|p2a: Muk|74\/100|[from] item: Leftovers\n|-damage|p1b: Ursaluna|95\/100 brn|[from] brn\n|-ability|p2b: Smeargle|Moody|boost\n|-boost|p2b: Smeargle|atk|2\n|-unboost|p2b: Smeargle|def|1\n|upkeep\n|turn|5\n|inactive|cicibi has 30 seconds left.\n|\n|t:|1715248294\n|cant|p2b: Smeargle|slp\n|move|p2a: Muk|Toxic|p1a: Lunala\n|-status|p1a: Lunala|tox\n|move|p1b: Ursaluna|Facade|p2b: Smeargle\n|-enditem|p2b: Smeargle|Focus Sash\n|-damage|p2b: Smeargle|1\/100 slp\n|move|p1a: Lunala|Moongeist Beam|p2a: Muk|[miss]\n|-miss|p1a: Lunala|p2a: Muk\n|\n|-heal|p2a: Muk|81\/100|[from] item: Leftovers\n|-damage|p1a: Lunala|94\/100 tox|[from] psn\n|-damage|p1b: Ursaluna|89\/100 brn|[from] brn\n|-ability|p2b: Smeargle|Moody|boost\n|-boost|p2b: Smeargle|def|2\n|-unboost|p2b: Smeargle|spa|1\n|upkeep\n|turn|6\n|inactive|cicibi has 30 seconds left.\n|\n|t:|1715248322\n|switch|p1b: Amoonguss|Amoonguss, L50, M|100\/100\n|-curestatus|p2b: Smeargle|slp|[msg]\n|move|p2b: Smeargle|Follow Me|p2b: Smeargle\n|-singleturn|p2b: Smeargle|move: Follow Me\n|move|p2a: Muk|Knock Off|p1b: Amoonguss\n|-damage|p1b: Amoonguss|74\/100\n|-enditem|p1b: Amoonguss|Sitrus Berry|[from] move: Knock Off|[of] p2a: Muk\n|move|p1a: Lunala|Moongeist Beam|p2b: Smeargle\n|-immune|p2b: Smeargle\n|\n|-heal|p2a: Muk|87\/100|[from] item: Leftovers\n|-damage|p1a: Lunala|82\/100 tox|[from] psn\n|-fieldend|move: Trick Room\n|-ability|p2b: Smeargle|Moody|boost\n|-boost|p2b: Smeargle|spe|2\n|-unboost|p2b: Smeargle|spd|1\n|upkeep\n|turn|7\n|inactive|cicibi has 30 seconds left.\n|\n|t:|1715248347\n|move|p2b: Smeargle|Follow Me|p2b: Smeargle\n|-singleturn|p2b: Smeargle|move: Follow Me\n|move|p2a: Muk|Knock Off|p1a: Lunala\n|-damage|p1a: Lunala|63\/100 tox\n|move|p1b: Amoonguss|Spore|p2b: Smeargle\n|-status|p2b: Smeargle|slp|[from] move: Spore\n|move|p1a: Lunala|Trick Room|p1a: Lunala\n|-fieldstart|move: Trick Room|[of] p1a: Lunala\n|\n|-heal|p2a: Muk|93\/100|[from] item: Leftovers\n|-damage|p1a: Lunala|44\/100 tox|[from] psn\n|-ability|p2b: Smeargle|Moody|boost\n|-boost|p2b: Smeargle|spd|2\n|-unboost|p2b: Smeargle|atk|1\n|upkeep\n|turn|8\n|\n|t:|1715248367\n|move|p2a: Muk|Protect|p2a: Muk\n|-singleturn|p2a: Muk|Protect\n|cant|p2b: Smeargle|slp\n|move|p1b: Amoonguss|Pollen Puff|p1a: Lunala\n|-heal|p1a: Lunala|94\/100 tox\n|move|p1a: Lunala|Meteor Beam||[still]\n|-prepare|p1a: Lunala|Meteor Beam\n|-boost|p1a: Lunala|spa|1\n|\n|-heal|p2a: Muk|99\/100|[from] item: Leftovers\n|-damage|p1a: Lunala|69\/100 tox|[from] psn\n|-ability|p2b: Smeargle|Moody|boost\n|-boost|p2b: Smeargle|atk|2\n|-unboost|p2b: Smeargle|def|1\n|upkeep\n|turn|9\n|\n|t:|1715248389\n|-curestatus|p2b: Smeargle|slp|[msg]\n|move|p2b: Smeargle|Follow Me|p2b: Smeargle\n|-singleturn|p2b: Smeargle|move: Follow Me\n|move|p1b: Amoonguss|Spore|p2b: Smeargle\n|-status|p2b: Smeargle|slp|[from] move: Spore\n|move|p2a: Muk|Knock Off|p1b: Amoonguss\n|-damage|p1b: Amoonguss|53\/100\n|move|p1a: Lunala|Meteor Beam|p2b: Smeargle|[from]lockedmove\n|-damage|p2b: Smeargle|0 fnt\n|faint|p2b: Smeargle\n|-ability|p2a: Muk|Moody|[from] ability: Power of Alchemy|[of] p2b: Smeargle\n|\n|-heal|p2a: Muk|100\/100|[from] item: Leftovers\n|-damage|p1a: Lunala|38\/100 tox|[from] psn\n|-ability|p2a: Muk|Moody|boost\n|-boost|p2a: Muk|spe|2\n|-unboost|p2a: Muk|spd|1\n|upkeep\n|\n|t:|1715248396\n|switch|p2b: Scream Tail|Scream Tail, L50|100\/100\n|-enditem|p2b: Scream Tail|Booster Energy\n|-activate|p2b: Scream Tail|ability: Protosynthesis|[fromitem]\n|-start|p2b: Scream Tail|protosynthesisspe\n|turn|10\n|inactive|cicibi has 30 seconds left.\n|\n|t:|1715248426\n|move|p2b: Scream Tail|Protect|p2b: Scream Tail\n|-singleturn|p2b: Scream Tail|Protect\n|move|p1b: Amoonguss|Pollen Puff|p1a: Lunala\n|-heal|p1a: Lunala|88\/100 tox\n|move|p1a: Lunala|Moongeist Beam|p2a: Muk|[miss]\n|-miss|p1a: Lunala|p2a: Muk\n|move|p2a: Muk|Knock Off|p1a: Lunala\n|-damage|p1a: Lunala|70\/100 tox\n|\n|-damage|p1a: Lunala|33\/100 tox|[from] psn\n|-ability|p2a: Muk|Moody|boost\n|-boost|p2a: Muk|spe|2\n|-unboost|p2a: Muk|def|1\n|upkeep\n|turn|11\n|\n|t:|1715248448\n|move|p1b: Amoonguss|Pollen Puff|p1a: Lunala\n|-heal|p1a: Lunala|83\/100 tox\n|move|p1a: Lunala|Moongeist Beam|p2b: Scream Tail\n|-supereffective|p2b: Scream Tail\n|-damage|p2b: Scream Tail|0 fnt\n|faint|p2b: Scream Tail\n|-end|p2b: Scream Tail|Protosynthesis|[silent]\n|move|p2a: Muk|Knock Off|p1a: Lunala\n|-damage|p1a: Lunala|65\/100 tox\n|\n|-damage|p1a: Lunala|22\/100 tox|[from] psn\n|-fieldend|move: Trick Room\n|-ability|p2a: Muk|Moody|boost\n|-boost|p2a: Muk|spe|2\n|-unboost|p2a: Muk|spa|1\n|upkeep\n|\n|t:|1715248454\n|switch|p2b: Calyrex|Calyrex-Shadow, L50|100\/100\n|-ability|p2b: Calyrex|As One\n|-ability|p2b: Calyrex|Unnerve\n|turn|12\n|\n|t:|1715248471\n|switch|p1a: Ursaluna|Ursaluna, L50, M|89\/100 brn\n|move|p2a: Muk|Knock Off|p1a: Ursaluna\n|-crit|p1a: Ursaluna\n|-damage|p1a: Ursaluna|49\/100 brn\n|-enditem|p1a: Ursaluna|Flame Orb|[from] move: Knock Off|[of] p2a: Muk\n|move|p2b: Calyrex|Psych Up|p2a: Muk\n|-copyboost|p2b: Calyrex|p2a: Muk|[from] move: Psych Up\n|-enditem|p2b: Calyrex|White Herb\n|-clearnegativeboost|p2b: Calyrex|[silent]\n|move|p1b: Amoonguss|Spore|p2b: Calyrex|[miss]\n|-miss|p1b: Amoonguss|p2b: Calyrex\n|\n|-damage|p1a: Ursaluna|43\/100 brn|[from] brn\n|-ability|p2a: Muk|Moody|boost\n|-boost|p2a: Muk|spa|2\n|-unboost|p2a: Muk|spd|1\n|upkeep\n|turn|13\n|j| nidemingzi\n|inactive|cicibi has 30 seconds left.\n|inactive|Jdaboy1337 has 30 seconds left.\n|inactive|Jdaboy1337 has 20 seconds left.\n|\n|t:|1715248507\n|move|p2a: Muk|Protect|p2a: Muk\n|-singleturn|p2a: Muk|Protect\n|move|p1b: Amoonguss|Rage Powder|p1b: Amoonguss\n|-singleturn|p1b: Amoonguss|move: Rage Powder\n|move|p2b: Calyrex|Astral Barrage|p1a: Ursaluna|[spread] p1b\n|-immune|p1a: Ursaluna\n|-damage|p1b: Amoonguss|5\/100\n|move|p1a: Ursaluna|Headlong Rush|p2b: Calyrex\n|-damage|p2b: Calyrex|0 fnt\n|-unboost|p1a: Ursaluna|def|1\n|-unboost|p1a: Ursaluna|spd|1\n|faint|p2b: Calyrex\n|\n|-damage|p1a: Ursaluna|37\/100 brn|[from] brn\n|-ability|p2a: Muk|Moody|boost\n|-boost|p2a: Muk|def|2\n|-unboost|p2a: Muk|spd|1\n|upkeep\n|turn|14\n|inactive|cicibi has 30 seconds left.\n|\n|t:|1715248539\n|move|p1b: Amoonguss|Protect|p1b: Amoonguss\n|-singleturn|p1b: Amoonguss|Protect\n|move|p2a: Muk|Knock Off|p1b: Amoonguss\n|-activate|p1b: Amoonguss|move: Protect\n|move|p1a: Ursaluna|Facade|p2a: Muk|[miss]\n|-miss|p1a: Ursaluna|p2a: Muk\n|\n|-damage|p1a: Ursaluna|32\/100 brn|[from] brn\n|-ability|p2a: Muk|Moody|boost\n|-boost|p2a: Muk|spa|2\n|-unboost|p2a: Muk|spd|1\n|upkeep\n|turn|15\n|\n|t:|1715248560\n|switch|p1b: Urshifu|Urshifu-Rapid-Strike, L50, M|100\/100\n|move|p2a: Muk|Knock Off|p1a: Ursaluna\n|-damage|p1a: Ursaluna|7\/100 brn\n|move|p1a: Ursaluna|Facade|p2a: Muk\n|-damage|p2a: Muk|36\/100\n|\n|-heal|p2a: Muk|42\/100|[from] item: Leftovers\n|-damage|p1a: Ursaluna|1\/100 brn|[from] brn\n|-ability|p2a: Muk|Moody|boost\n|-boost|p2a: Muk|def|2\n|-unboost|p2a: Muk|atk|1\n|upkeep\n|turn|16\n|\n|t:|1715248577\n|switch|p1a: Amoonguss|Amoonguss, L50, M|38\/100\n|move|p2a: Muk|Toxic|p1b: Urshifu\n|-status|p1b: Urshifu|tox\n|move|p1b: Urshifu|Surging Strikes|p2a: Muk|[miss]\n|-miss|p1b: Urshifu|p2a: Muk\n|\n|-heal|p2a: Muk|48\/100|[from] item: Leftovers\n|-damage|p1b: Urshifu|94\/100 tox|[from] psn\n|-ability|p2a: Muk|Moody|boost\n|-boost|p2a: Muk|atk|2\n|-unboost|p2a: Muk|spe|1\n|upkeep\n|turn|17\n|\n|t:|1715248593\n|switch|p1a: Ursaluna|Ursaluna, L50, M|1\/100 brn\n|move|p2a: Muk|Knock Off|p1a: Ursaluna\n|-damage|p1a: Ursaluna|0 fnt\n|faint|p1a: Ursaluna\n|move|p1b: Urshifu|Surging Strikes|p2a: Muk\n|-crit|p2a: Muk\n|-damage|p2a: Muk|29\/100\n|-crit|p2a: Muk\n|-damage|p2a: Muk|12\/100\n|-crit|p2a: Muk\n|-damage|p2a: Muk|0 fnt\n|faint|p2a: Muk\n|-hitcount|p2: Muk|3\n|\n|win|cicibi\n|raw|cicibi's rating: 1682 &rarr; <strong>1707<\/strong><br \/>(+25 for winning)\n|raw|Jdaboy1337's rating: 1774 &rarr; <strong>1749<\/strong><br \/>(-25 for losing)\n|l|\u2606Jdaboy1337\n|player|p2|\n|c|\u2606cicibi|Ggs\n","uploadtime":1715248619,"views":110,"formatid":"gen9vgc2024regg","rating":1707,"private":0,"password":null}