{"id":"gen9vgc2024regg-2121316927","format":"[Gen 9] VGC 2024 Reg G","players":["Jesuuuus","bwahacough"],"log":"|j|\u2606Jesuuuus\n|j|\u2606bwahacough\n|t:|1715276290\n|gametype|doubles\n|player|p1|Jesuuuus|alec-anime|1728\n|player|p2|bwahacough|medium|1732\n|teamsize|p1|6\n|teamsize|p2|6\n|gen|9\n|tier|[Gen 9] VGC 2024 Reg G\n|rated|\n|rule|Species Clause: Limit one of each Pok\u00e9mon\n|rule|Item Clause: Limit one of each item\n|clearpoke\n|poke|p1|Tyranitar, L50, M|\n|poke|p1|Excadrill, L50, M|\n|poke|p1|Suicune, L50|\n|poke|p1|Miraidon, L50|\n|poke|p1|Ogerpon-Cornerstone, L50, F|\n|poke|p1|Kommo-o, L50, M|\n|poke|p2|Lycanroc, L50, M|\n|poke|p2|Tyranitar, L50, F|\n|poke|p2|Calyrex-Shadow, L50|\n|poke|p2|Farigiraf, L50, M|\n|poke|p2|Urshifu-*, L50, F|\n|poke|p2|Whimsicott, L50, F|\n|teampreview|4\nbwahacough has agreed to open team sheets.\nJesuuuus has agreed to open team sheets.\n|j| shane999999\n|\n|t:|1715276331\n|start\n|switch|p1a: Miraidon|Miraidon, L50|100\/100\n|switch|p1b: Suicune|Suicune, L50|100\/100\n|switch|p2a: Calyrex|Calyrex-Shadow, L50|100\/100\n|switch|p2b: Whimsicott|Whimsicott, L50, F|100\/100\n|-ability|p2a: Calyrex|As One\n|-ability|p2a: Calyrex|Unnerve\n|-fieldstart|move: Electric Terrain|[from] ability: Hadron Engine|[of] p1a: Miraidon\n|turn|1\n|\n|t:|1715276349\n|move|p1a: Miraidon|Protect|p1a: Miraidon\n|-singleturn|p1a: Miraidon|Protect\n|move|p2b: Whimsicott|Tailwind|p2b: Whimsicott\n|-sidestart|p2: bwahacough|move: Tailwind\n|move|p2a: Calyrex|Astral Barrage|p1a: Miraidon|[spread] p1b\n|-activate|p1a: Miraidon|move: Protect\n|-damage|p1b: Suicune|56\/100\n|move|p1b: Suicune|Snarl|p2b: Whimsicott|[spread] p2a,p2b\n|-supereffective|p2a: Calyrex\n|-crit|p2a: Calyrex\n|-resisted|p2b: Whimsicott\n|-damage|p2a: Calyrex|50\/100\n|-damage|p2b: Whimsicott|97\/100\n|-unboost|p2a: Calyrex|spa|1\n|-unboost|p2b: Whimsicott|spa|1\n|\n|upkeep\n|turn|2\n|j| rinplx8357\n|\n|t:|1715276373\n|move|p2a: Calyrex|Astral Barrage|p1b: Suicune|[spread] p1a,p1b\n|-damage|p1a: Miraidon|48\/100\n|-damage|p1b: Suicune|24\/100\n|move|p2b: Whimsicott|Moonblast|p1a: Miraidon\n|-supereffective|p1a: Miraidon\n|-damage|p1a: Miraidon|18\/100\n|move|p1a: Miraidon|Volt Switch|p2a: Calyrex\n|-damage|p2a: Calyrex|0 fnt\n|-enditem|p1b: Suicune|Sitrus Berry|[eat]\n|-heal|p1b: Suicune|48\/100|[from] item: Sitrus Berry\n|faint|p2a: Calyrex\n|\n|t:|1715276391\n|switch|p1a: Excadrill|Excadrill, L50, M|100\/100|[from] Volt Switch\n|move|p1b: Suicune|Tailwind|p1b: Suicune\n|-sidestart|p1: Jesuuuus|move: Tailwind\n|\n|upkeep\n|\n|t:|1715276394\n|switch|p2a: Urshifu|Urshifu-Rapid-Strike, L50, F|100\/100\n|turn|3\n|\n|t:|1715276436\n|switch|p1b: Tyranitar|Tyranitar, L50, M|100\/100\n|-weather|Sandstorm|[from] ability: Sand Stream|[of] p1b: Tyranitar\n|move|p2b: Whimsicott|Encore|p1b: Tyranitar\n|-hint|Since gen 7, Dark is immune to Prankster moves.\n|-immune|p1b: Tyranitar\n|move|p1a: Excadrill|Iron Head|p2b: Whimsicott\n|-supereffective|p2b: Whimsicott\n|-damage|p2b: Whimsicott|0 fnt\n|faint|p2b: Whimsicott\n|move|p2a: Urshifu|Surging Strikes|p1a: Excadrill\n|-supereffective|p1a: Excadrill\n|-crit|p1a: Excadrill\n|-damage|p1a: Excadrill|2\/100\n|-supereffective|p1a: Excadrill\n|-crit|p1a: Excadrill\n|-damage|p1a: Excadrill|0 fnt\n|faint|p1a: Excadrill\n|-hitcount|p1: Excadrill|2\n|\n|-weather|Sandstorm|[upkeep]\n|-damage|p2a: Urshifu|94\/100|[from] Sandstorm\n|upkeep\n|\n|t:|1715276456\n|switch|p1a: Suicune|Suicune, L50|48\/100\n|switch|p2b: Lycanroc|Lycanroc, L50, M|100\/100\n|turn|4\n|\n|t:|1715276474\n|-terastallize|p2b: Lycanroc|Rock\n|-terastallize|p1b: Tyranitar|Grass\n|move|p2b: Lycanroc|Rock Slide|p1b: Tyranitar|[spread] p1a,p1b\n|-damage|p1a: Suicune|18\/100\n|-damage|p1b: Tyranitar|69\/100\n|move|p2a: Urshifu|Surging Strikes|p1a: Suicune\n|-resisted|p1a: Suicune\n|-crit|p1a: Suicune\n|-damage|p1a: Suicune|7\/100\n|-resisted|p1a: Suicune\n|-crit|p1a: Suicune\n|-damage|p1a: Suicune|0 fnt\n|faint|p1a: Suicune\n|-hitcount|p1: Suicune|2\n|move|p1b: Tyranitar|Low Kick|p2b: Lycanroc\n|-supereffective|p2b: Lycanroc\n|-damage|p2b: Lycanroc|23\/100\n|\n|-weather|Sandstorm|[upkeep]\n|-damage|p2a: Urshifu|88\/100|[from] Sandstorm\n|-damage|p1b: Tyranitar|63\/100|[from] Sandstorm\n|-sideend|p2: bwahacough|move: Tailwind\n|upkeep\n|\n|t:|1715276489\n|switch|p1a: Miraidon|Miraidon, L50|18\/100\n|-activate|p1a: Miraidon|ability: Hadron Engine\n|turn|5\n|\n|t:|1715276512\n|move|p2b: Lycanroc|Protect|p2b: Lycanroc\n|-singleturn|p2b: Lycanroc|Protect\n|move|p1a: Miraidon|Electro Drift|p2a: Urshifu\n|-supereffective|p2a: Urshifu\n|-damage|p2a: Urshifu|0 fnt\n|faint|p2a: Urshifu\n|move|p1b: Tyranitar|Low Kick|p2b: Lycanroc\n|-activate|p2b: Lycanroc|move: Protect\n|\n|-weather|Sandstorm|[upkeep]\n|-damage|p1a: Miraidon|12\/100|[from] Sandstorm\n|-damage|p1b: Tyranitar|57\/100|[from] Sandstorm\n|-sideend|p1: Jesuuuus|move: Tailwind\n|-fieldend|move: Electric Terrain\n|upkeep\n|turn|6\n|\n|t:|1715276519\n|move|p2b: Lycanroc|Rock Slide|p1a: Miraidon|[spread] p1a,p1b\n|-damage|p1a: Miraidon|0 fnt\n|-damage|p1b: Tyranitar|29\/100\n|faint|p1a: Miraidon\n|move|p1b: Tyranitar|Low Kick|p2b: Lycanroc\n|-supereffective|p2b: Lycanroc\n|-damage|p2b: Lycanroc|0 fnt\n|faint|p2b: Lycanroc\n|\n|win|Jesuuuus\n|raw|Jesuuuus's rating: 1728 &rarr; <strong>1749<\/strong><br \/>(+21 for winning)\n|raw|bwahacough's rating: 1742 &rarr; <strong>1721<\/strong><br \/>(-21 for losing)\n|c|\u2606Jesuuuus|gg wp\n|l| rinplx8357\n|c|\u2606Jesuuuus|sand is awsome\n|l|\u2606bwahacough\n|player|p2|\n|l| shane999999\n|l|\u2606Jesuuuus\n|player|p1|\n","uploadtime":1715276717,"views":155,"formatid":"gen9vgc2024regg","rating":1721,"private":0,"password":null}