{"id":"gen9vgc2024regg-2121307859","format":"[Gen 9] VGC 2024 Reg G","players":["bwahacough","Jesuuuus"],"log":"|j|\u2606bwahacough\n|j|\u2606Jesuuuus\n|t:|1715275505\n|gametype|doubles\n|player|p1|bwahacough|medium|1733\n|player|p2|Jesuuuus|alec-anime|1728\n|teamsize|p1|6\n|teamsize|p2|6\n|gen|9\n|tier|[Gen 9] VGC 2024 Reg G\n|rated|\n|rule|Species Clause: Limit one of each Pok\u00e9mon\n|rule|Item Clause: Limit one of each item\n|clearpoke\n|poke|p1|Lycanroc, L50, M|\n|poke|p1|Tyranitar, L50, M|\n|poke|p1|Calyrex-Shadow, L50|\n|poke|p1|Farigiraf, L50, F|\n|poke|p1|Urshifu-*, L50, F|\n|poke|p1|Whimsicott, L50, F|\n|poke|p2|Tyranitar, L50, M|\n|poke|p2|Excadrill, L50, F|\n|poke|p2|Suicune, L50|\n|poke|p2|Miraidon, L50|\n|poke|p2|Ogerpon-Cornerstone, L50, F|\n|poke|p2|Kommo-o, L50, F|\n|teampreview|4\n|j| giftedyewsucks\n|c|\u2606Jesuuuus|gl hf\nbwahacough has agreed to open team sheets.\nJesuuuus has agreed to open team sheets.\n|c|\u2606bwahacough|u2\n|j| rybot.v2\n|\n|t:|1715275610\n|start\n|switch|p1a: Calyrex|Calyrex-Shadow, L50|100\/100\n|switch|p1b: Urshifu|Urshifu-Rapid-Strike, L50, F|100\/100\n|switch|p2a: Suicune|Suicune, L50|100\/100\n|switch|p2b: Miraidon|Miraidon, L50|100\/100\n|-ability|p1a: Calyrex|As One\n|-ability|p1a: Calyrex|Unnerve\n|-fieldstart|move: Electric Terrain|[from] ability: Hadron Engine|[of] p2b: Miraidon\n|turn|1\n|\n|t:|1715275647\n|-terastallize|p2b: Miraidon|Electric\n|move|p1a: Calyrex|Astral Barrage|p2b: Miraidon|[spread] p2a,p2b\n|-damage|p2a: Suicune|51\/100\n|-damage|p2b: Miraidon|30\/100\n|move|p2b: Miraidon|Volt Switch|p1b: Urshifu\n|-supereffective|p1b: Urshifu\n|-damage|p1b: Urshifu|0 fnt\n|faint|p1b: Urshifu\n|\n|t:|1715275664\n|switch|p2b: Tyranitar|Tyranitar, L50, M|100\/100|[from] Volt Switch\n|-weather|Sandstorm|[from] ability: Sand Stream|[of] p2b: Tyranitar\n|move|p2a: Suicune|Tailwind|p2a: Suicune\n|-sidestart|p2: Jesuuuus|move: Tailwind\n|\n|-weather|Sandstorm|[upkeep]\n|-damage|p1a: Calyrex|94\/100|[from] Sandstorm\n|-damage|p2a: Suicune|45\/100|[from] Sandstorm\n|upkeep\n|\n|t:|1715275666\n|switch|p1b: Lycanroc|Lycanroc, L50, M|100\/100\n|turn|2\n|\n|t:|1715275703\n|move|p1b: Lycanroc|Close Combat|p2b: Tyranitar\n|-supereffective|p2b: Tyranitar\n|-damage|p2b: Tyranitar|0 fnt\n|-unboost|p1b: Lycanroc|def|1\n|-unboost|p1b: Lycanroc|spd|1\n|faint|p2b: Tyranitar\n|move|p1a: Calyrex|Astral Barrage|p2a: Suicune\n|-damage|p2a: Suicune|0 fnt\n|faint|p2a: Suicune\n|-ability|p1a: Calyrex|Grim Neigh|boost\n|-boost|p1a: Calyrex|spa|1\n|\n|-weather|Sandstorm|[upkeep]\n|-damage|p1a: Calyrex|88\/100|[from] Sandstorm\n|upkeep\n|\n|t:|1715275712\n|switch|p2a: Miraidon|Miraidon, L50, tera:Electric|30\/100\n|switch|p2b: Ogerpon|Ogerpon-Cornerstone, L50, F|100\/100\n|-activate|p2a: Miraidon|ability: Hadron Engine\n|turn|3\n|\n|t:|1715275745\n|switch|p1a: Whimsicott|Whimsicott, L50, F|100\/100\n|move|p1b: Lycanroc|Protect|p1b: Lycanroc\n|-singleturn|p1b: Lycanroc|Protect\n|move|p2b: Ogerpon|Follow Me|p2b: Ogerpon\n|-singleturn|p2b: Ogerpon|move: Follow Me\n|move|p2a: Miraidon|Electro Drift|p1a: Whimsicott\n|-resisted|p1a: Whimsicott\n|-damage|p1a: Whimsicott|30\/100\n|\n|-weather|Sandstorm|[upkeep]\n|-damage|p2a: Miraidon|24\/100|[from] Sandstorm\n|-damage|p1a: Whimsicott|24\/100|[from] Sandstorm\n|upkeep\n|turn|4\n|\n|t:|1715275767\n|move|p2a: Miraidon|Protect|p2a: Miraidon\n|-singleturn|p2a: Miraidon|Protect\n|move|p1a: Whimsicott|Tailwind|p1a: Whimsicott\n|-sidestart|p1: bwahacough|move: Tailwind\n|move|p1b: Lycanroc|Rock Slide|p2a: Miraidon|[spread] p2b\n|-activate|p2a: Miraidon|move: Protect\n|-damage|p2b: Ogerpon|61\/100\n|cant|p2b: Ogerpon|flinch\n|\n|-weather|Sandstorm|[upkeep]\n|-damage|p2a: Miraidon|19\/100|[from] Sandstorm\n|-damage|p1a: Whimsicott|18\/100|[from] Sandstorm\n|-sideend|p2: Jesuuuus|move: Tailwind\n|upkeep\n|turn|5\n|c|\u2606Jesuuuus|gg wp\n|-message|Jesuuuus forfeited.\n|\n|win|bwahacough\n|raw|bwahacough's rating: 1750 &rarr; <strong>1769<\/strong><br \/>(+19 for winning)\n|raw|Jesuuuus's rating: 1728 &rarr; <strong>1709<\/strong><br \/>(-19 for losing)\n|l|\u2606Jesuuuus\n|player|p2|\n|l|\u2606bwahacough\n|player|p1|\n|l| giftedyewsucks\n|l| rybot.v2\n","uploadtime":1715276020,"views":51,"formatid":"gen9vgc2024regg","rating":1709,"private":0,"password":null}