{"id":"gen9vgc2024regg-2121295950","format":"[Gen 9] VGC 2024 Reg G","players":["Sodiumtoad","gossifleur23"],"log":"|j|\u2606Sodiumtoad\n|j|\u2606gossifleur23\n|t:|1715274474\n|gametype|doubles\n|player|p1|Sodiumtoad|janine|1689\n|player|p2|gossifleur23|lisia|1811\n|teamsize|p1|6\n|teamsize|p2|6\n|gen|9\n|tier|[Gen 9] VGC 2024 Reg G\n|rated|\n|rule|Species Clause: Limit one of each Pok\u00e9mon\n|rule|Item Clause: Limit one of each item\n|clearpoke\n|poke|p1|Calyrex-Ice, L50|\n|poke|p1|Trapinch, L50, F|\n|poke|p1|Annihilape, L50, M|\n|poke|p1|Pelipper, L50, M|\n|poke|p1|Quagsire, L50, F|\n|poke|p1|Kingambit, L50, F|\n|poke|p2|Whimsicott, L50, F|\n|poke|p2|Miraidon, L50|\n|poke|p2|Chi-Yu, L50|\n|poke|p2|Flutter Mane, L50|\n|poke|p2|Ogerpon-Wellspring, L50, F|\n|poke|p2|Regidrago, L50|\n|teampreview|4\n|\n|t:|1715274487\n|start\n|switch|p1a: Annihilape|Annihilape, L50, M|100\/100\n|switch|p1b: Calyrex|Calyrex-Ice, L50|100\/100\n|switch|p2a: Chi-Yu|Chi-Yu, L50|100\/100\n|switch|p2b: Flutter Mane|Flutter Mane, L50|100\/100\n|-ability|p1b: Calyrex|As One\n|-ability|p1b: Calyrex|Unnerve\n|-ability|p2a: Chi-Yu|Beads of Ruin\n|turn|1\n|j| bluestraggler01\n|j| Luigi over mario\n|j| DaviidGdl\n|\n|t:|1715274507\n|-terastallize|p2b: Flutter Mane|Fairy\n|move|p1b: Calyrex|Protect|p1b: Calyrex\n|-singleturn|p1b: Calyrex|Protect\n|move|p2a: Chi-Yu|Dark Pulse|p1b: Calyrex\n|-activate|p1b: Calyrex|move: Protect\n|move|p1a: Annihilape|Close Combat|p2a: Chi-Yu\n|-supereffective|p2a: Chi-Yu\n|-crit|p2a: Chi-Yu\n|-damage|p2a: Chi-Yu|0 fnt\n|-unboost|p1a: Annihilape|def|1\n|-unboost|p1a: Annihilape|spd|1\n|faint|p2a: Chi-Yu\n|move|p2b: Flutter Mane|Moonblast|p1b: Calyrex\n|-activate|p1b: Calyrex|move: Protect\n|\n|upkeep\n|\n|t:|1715274512\n|switch|p2a: Miraidon|Miraidon, L50|100\/100\n|-fieldstart|move: Electric Terrain|[from] ability: Hadron Engine|[of] p2a: Miraidon\n|turn|2\n|\n|t:|1715274528\n|switch|p1a: Trapinch|Trapinch, L50, F|100\/100\n|-terastallize|p1b: Calyrex|Grass\n|move|p2b: Flutter Mane|Moonblast|p1b: Calyrex\n|-damage|p1b: Calyrex|30\/100\n|move|p2a: Miraidon|Dazzling Gleam|p1b: Calyrex|[spread] p1a,p1b\n|-damage|p1a: Trapinch|25\/100\n|-damage|p1b: Calyrex|2\/100\n|-damage|p2a: Miraidon|91\/100|[from] item: Life Orb\n|move|p1b: Calyrex|Trick Room|p1b: Calyrex\n|-fieldstart|move: Trick Room|[of] p1b: Calyrex\n|\n|upkeep\n|turn|3\n|j| Endracer10\n|\n|t:|1715274543\n|move|p1b: Calyrex|Protect|p1b: Calyrex\n|-singleturn|p1b: Calyrex|Protect\n|move|p2a: Miraidon|Protect|p2a: Miraidon\n|-singleturn|p2a: Miraidon|Protect\n|move|p1a: Trapinch|Earthquake|p2a: Miraidon|[spread] p2b\n|-activate|p1b: Calyrex|move: Protect\n|-activate|p2a: Miraidon|move: Protect\n|-damage|p2b: Flutter Mane|21\/100\n|move|p2b: Flutter Mane|Moonblast|p1b: Calyrex\n|-activate|p1b: Calyrex|move: Protect\n|\n|upkeep\n|turn|4\n|j| giftedyewsucks\n|inactive|Battle timer is ON: inactive players will automatically lose when time's up. (requested by gossifleur23)\n|\n|t:|1715274583\n|switch|p1b: Pelipper|Pelipper, L50, M|100\/100\n|-weather|RainDance|[from] ability: Drizzle|[of] p1b: Pelipper\n|move|p1a: Trapinch|Earthquake|p2b: Flutter Mane|[spread] p2a,p2b\n|-immune|p1b: Pelipper\n|-supereffective|p2a: Miraidon\n|-damage|p2a: Miraidon|22\/100\n|-damage|p2b: Flutter Mane|0 fnt\n|faint|p2b: Flutter Mane\n|-end|p2b: Flutter Mane|Protosynthesis|[silent]\n|move|p2a: Miraidon|Dazzling Gleam|p1b: Pelipper|[spread] p1a,p1b\n|-damage|p1a: Trapinch|0 fnt\n|-damage|p1b: Pelipper|52\/100\n|faint|p1a: Trapinch\n|-damage|p2a: Miraidon|12\/100|[from] item: Life Orb\n|\n|-weather|RainDance|[upkeep]\n|upkeep\n|\n|t:|1715274600\n|switch|p1a: Calyrex|Calyrex-Ice, L50, tera:Grass|2\/100\n|switch|p2b: Ogerpon|Ogerpon-Wellspring, L50, F|100\/100\n|-ability|p1a: Calyrex|As One\n|-ability|p1a: Calyrex|Unnerve\n|turn|5\n|\n|t:|1715274605\n|move|p2b: Ogerpon|Spiky Shield|p2b: Ogerpon\n|-singleturn|p2b: Ogerpon|move: Protect\n|move|p2a: Miraidon|Protect|p2a: Miraidon\n|-singleturn|p2a: Miraidon|Protect\n|move|p1a: Calyrex|Glacial Lance|p2b: Ogerpon|[spread] \n|-activate|p2a: Miraidon|move: Protect\n|-activate|p2b: Ogerpon|move: Protect\n|move|p1b: Pelipper|Hurricane|p2b: Ogerpon\n|-activate|p2b: Ogerpon|move: Protect\n|\n|-weather|RainDance|[upkeep]\n|upkeep\n|turn|6\n|\n|t:|1715274621\n|move|p2a: Miraidon|Protect|p2a: Miraidon\n|-singleturn|p2a: Miraidon|Protect\n|move|p1a: Calyrex|Glacial Lance|p2b: Ogerpon|[spread] p2b\n|-activate|p2a: Miraidon|move: Protect\n|-damage|p2b: Ogerpon|37\/100\n|move|p1b: Pelipper|Hurricane|p2b: Ogerpon\n|-supereffective|p2b: Ogerpon\n|-damage|p2b: Ogerpon|0 fnt\n|faint|p2b: Ogerpon\n|\n|-weather|RainDance|[upkeep]\n|-fieldend|move: Trick Room\n|-fieldend|move: Electric Terrain\n|upkeep\n|turn|7\n|\n|t:|1715274635\n|move|p2a: Miraidon|Dazzling Gleam|p1a: Calyrex|[spread] p1a,p1b\n|-damage|p1a: Calyrex|0 fnt\n|-damage|p1b: Pelipper|15\/100\n|faint|p1a: Calyrex\n|-damage|p2a: Miraidon|3\/100|[from] item: Life Orb\n|move|p1b: Pelipper|Hurricane|p2a: Miraidon\n|-resisted|p2a: Miraidon\n|-damage|p2a: Miraidon|0 fnt\n|faint|p2a: Miraidon\n|\n|win|Sodiumtoad\n|raw|Sodiumtoad's rating: 1689 &rarr; <strong>1716<\/strong><br \/>(+27 for winning)\n|raw|gossifleur23's rating: 1811 &rarr; <strong>1784<\/strong><br \/>(-27 for losing)\n|l|\u2606gossifleur23\n|player|p2|\n|l| Endracer10\n|l| Luigi over mario\n|l| bluestraggler01\n","uploadtime":1715274760,"views":151,"formatid":"gen9vgc2024regg","rating":1716,"private":0,"password":null}