{"id":"gen9vgc2024regg-2121300144","format":"[Gen 9] VGC 2024 Reg G","players":["Auraen","gossifleur23"],"log":"|j|\u2606Auraen\n|j|\u2606gossifleur23\n|t:|1715274840\n|gametype|doubles\n|player|p1|Auraen|169|1682\n|player|p2|gossifleur23|lisia|1757\n|teamsize|p1|6\n|teamsize|p2|6\n|gen|9\n|tier|[Gen 9] VGC 2024 Reg G\n|rated|\n|rule|Species Clause: Limit one of each Pok\u00e9mon\n|rule|Item Clause: Limit one of each item\n|clearpoke\n|poke|p1|Articuno-Galar, L50|\n|poke|p1|Zacian-*, L50|\n|poke|p1|Rillaboom, L50, F|\n|poke|p1|Incineroar, L50, F|\n|poke|p1|Ogerpon-Wellspring, L50, F|\n|poke|p1|Gouging Fire, L50|\n|poke|p2|Whimsicott, L50, F|\n|poke|p2|Miraidon, L50|\n|poke|p2|Chi-Yu, L50|\n|poke|p2|Flutter Mane, L50|\n|poke|p2|Ogerpon-Wellspring, L50, F|\n|poke|p2|Regidrago, L50|\n|teampreview|4\n|j| bluestraggler01\n|inactive|Battle timer is ON: inactive players will automatically lose when time's up. (requested by gossifleur23)\n|j| aeqe\n|\n|t:|1715274871\n|start\n|switch|p1a: Rillaboom|Rillaboom, L50, F|100\/100\n|switch|p1b: Zacian|Zacian-Crowned, L50|100\/100\n|switch|p2a: Whimsicott|Whimsicott, L50, F|100\/100\n|switch|p2b: Flutter Mane|Flutter Mane, L50|100\/100\n|-ability|p1b: Zacian|Intrepid Sword|boost\n|-boost|p1b: Zacian|atk|1\n|-fieldstart|move: Grassy Terrain|[from] ability: Grassy Surge|[of] p1a: Rillaboom\n|turn|1\n|\n|t:|1715274887\n|move|p2a: Whimsicott|Tailwind|p2a: Whimsicott\n|-sidestart|p2: gossifleur23|move: Tailwind\n|move|p2b: Flutter Mane|Moonblast|p1a: Rillaboom\n|-damage|p1a: Rillaboom|18\/100\n|-unboost|p1a: Rillaboom|spa|1\n|move|p1b: Zacian|Behemoth Blade|p2b: Flutter Mane\n|-supereffective|p2b: Flutter Mane\n|-damage|p2b: Flutter Mane|0 fnt\n|faint|p2b: Flutter Mane\n|-end|p2b: Flutter Mane|Protosynthesis|[silent]\n|move|p1a: Rillaboom|U-turn|p2a: Whimsicott\n|-damage|p2a: Whimsicott|46\/100\n|\n|t:|1715274891\n|switch|p1a: Incineroar|Incineroar, L50, F|100\/100|[from] U-turn\n|-ability|p1a: Incineroar|Intimidate|boost\n|-unboost|p2a: Whimsicott|atk|1\n|\n|-heal|p2a: Whimsicott|52\/100|[from] Grassy Terrain\n|upkeep\n|\n|t:|1715274903\n|switch|p2b: Chi-Yu|Chi-Yu, L50|100\/100\n|-ability|p2b: Chi-Yu|Beads of Ruin\n|turn|2\n|inactive|gossifleur23 has 30 seconds left.\n|\n|t:|1715274933\n|move|p1b: Zacian|Protect|p1b: Zacian\n|-singleturn|p1b: Zacian|Protect\n|move|p2a: Whimsicott|Fake Tears|p1b: Zacian\n|-activate|p1b: Zacian|move: Protect\n|move|p2b: Chi-Yu|Heat Wave|p1a: Incineroar|[spread] p1a\n|-activate|p1b: Zacian|move: Protect\n|-resisted|p1a: Incineroar\n|-damage|p1a: Incineroar|87\/100\n|move|p1a: Incineroar|Knock Off|p2b: Chi-Yu\n|-resisted|p2b: Chi-Yu\n|-damage|p2b: Chi-Yu|70\/100\n|-enditem|p2b: Chi-Yu|Choice Scarf|[from] move: Knock Off|[of] p1a: Incineroar\n|\n|-heal|p2a: Whimsicott|58\/100|[from] Grassy Terrain\n|-heal|p2b: Chi-Yu|76\/100|[from] Grassy Terrain\n|-heal|p1a: Incineroar|93\/100|[from] Grassy Terrain\n|upkeep\n|turn|3\n|\n|t:|1715274947\n|switch|p1b: Articuno|Articuno-Galar, L50|100\/100\n|move|p2a: Whimsicott|Encore||[still]\n|-fail|p2a: Whimsicott\n|move|p2b: Chi-Yu|Heat Wave|p1b: Articuno|[spread] p1a,p1b\n|-resisted|p1a: Incineroar\n|-damage|p1a: Incineroar|78\/100\n|-damage|p1b: Articuno|51\/100\n|move|p1a: Incineroar|U-turn|p2b: Chi-Yu\n|-damage|p2b: Chi-Yu|47\/100\n|\n|t:|1715274961\n|switch|p1a: Rillaboom|Rillaboom, L50, F|18\/100|[from] U-turn\n|\n|-heal|p2a: Whimsicott|63\/100|[from] Grassy Terrain\n|-heal|p2b: Chi-Yu|54\/100|[from] Grassy Terrain\n|-heal|p1a: Rillaboom|24\/100|[from] Grassy Terrain\n|upkeep\n|turn|4\n|\n|t:|1715274981\n|switch|p2a: Miraidon|Miraidon, L50|100\/100\n|-fieldstart|move: Electric Terrain|[from] ability: Hadron Engine|[of] p2a: Miraidon\n|switch|p1a: Incineroar|Incineroar, L50, F|78\/100\n|-ability|p1a: Incineroar|Intimidate|boost\n|-unboost|p2a: Miraidon|atk|1\n|-unboost|p2b: Chi-Yu|atk|1\n|-terastallize|p2b: Chi-Yu|Ghost\n|move|p1b: Articuno|Protect|p1b: Articuno\n|-singleturn|p1b: Articuno|Protect\n|move|p2b: Chi-Yu|Heat Wave|p1b: Articuno|[spread] p1a\n|-activate|p1b: Articuno|move: Protect\n|-resisted|p1a: Incineroar\n|-damage|p1a: Incineroar|63\/100\n|\n|-sideend|p2: gossifleur23|move: Tailwind\n|upkeep\n|turn|5\n|\n|t:|1715274996\n|switch|p1b: Rillaboom|Rillaboom, L50, F|24\/100\n|-fieldstart|move: Grassy Terrain|[from] ability: Grassy Surge|[of] p1b: Rillaboom\n|move|p2a: Miraidon|Dazzling Gleam|p1b: Rillaboom|[spread] p1a,p1b\n|-damage|p1a: Incineroar|39\/100\n|-damage|p1b: Rillaboom|0 fnt\n|faint|p1b: Rillaboom\n|-damage|p2a: Miraidon|91\/100|[from] item: Life Orb\n|move|p2b: Chi-Yu|Heat Wave|p1a: Incineroar\n|-resisted|p1a: Incineroar\n|-damage|p1a: Incineroar|19\/100\n|move|p1a: Incineroar|Knock Off|p2b: Chi-Yu\n|-supereffective|p2b: Chi-Yu\n|-damage|p2b: Chi-Yu|0 fnt\n|faint|p2b: Chi-Yu\n|\n|-heal|p2a: Miraidon|96\/100|[from] Grassy Terrain\n|-heal|p1a: Incineroar|25\/100|[from] Grassy Terrain\n|upkeep\n|\n|t:|1715275002\n|switch|p2b: Whimsicott|Whimsicott, L50, F|63\/100\n|switch|p1b: Zacian|Zacian-Crowned, L50|100\/100\n|turn|6\n|\n|t:|1715275022\n|move|p2a: Miraidon|Protect|p2a: Miraidon\n|-singleturn|p2a: Miraidon|Protect\n|move|p2b: Whimsicott|Tailwind|p2b: Whimsicott\n|-sidestart|p2: gossifleur23|move: Tailwind\n|move|p1b: Zacian|Behemoth Blade|p2b: Whimsicott\n|-supereffective|p2b: Whimsicott\n|-damage|p2b: Whimsicott|0 fnt\n|faint|p2b: Whimsicott\n|move|p1a: Incineroar|Knock Off|p2a: Miraidon\n|-activate|p2a: Miraidon|move: Protect\n|\n|-heal|p2a: Miraidon|100\/100|[from] Grassy Terrain\n|-heal|p1a: Incineroar|31\/100|[from] Grassy Terrain\n|upkeep\n|turn|7\n|\n|t:|1715275030\n|move|p2a: Miraidon|Electro Drift|p1b: Zacian\n|-damage|p1b: Zacian|44\/100\n|-damage|p2a: Miraidon|91\/100|[from] item: Life Orb\n|move|p1b: Zacian|Substitute|p1b: Zacian\n|-start|p1b: Zacian|Substitute\n|-damage|p1b: Zacian|19\/100\n|move|p1a: Incineroar|U-turn|p2a: Miraidon\n|-damage|p2a: Miraidon|72\/100\n|\n|t:|1715275033\n|switch|p1a: Articuno|Articuno-Galar, L50|51\/100|[from] U-turn\n|\n|-heal|p2a: Miraidon|78\/100|[from] Grassy Terrain\n|-heal|p1b: Zacian|25\/100|[from] Grassy Terrain\n|upkeep\n|turn|8\n|j| giftedyewsucks\n|\n|t:|1715275039\n|-terastallize|p1a: Articuno|Ground\n|move|p2a: Miraidon|Electro Drift|p1a: Articuno\n|-immune|p1a: Articuno\n|move|p1b: Zacian|Sacred Sword|p2a: Miraidon\n|-damage|p2a: Miraidon|46\/100\n|move|p1a: Articuno|Tailwind|p1a: Articuno\n|-sidestart|p1: Auraen|move: Tailwind\n|\n|-heal|p2a: Miraidon|51\/100|[from] Grassy Terrain\n|-heal|p1b: Zacian|31\/100|[from] Grassy Terrain\n|-heal|p1a: Articuno|57\/100|[from] Grassy Terrain\n|upkeep\n|turn|9\n|\n|t:|1715275045\n|move|p1b: Zacian|Protect|p1b: Zacian\n|-singleturn|p1b: Zacian|Protect\n|move|p1a: Articuno|Protect|p1a: Articuno\n|-singleturn|p1a: Articuno|Protect\n|move|p2a: Miraidon|Electro Drift|p1b: Zacian\n|-activate|p1b: Zacian|move: Protect\n|\n|-heal|p2a: Miraidon|57\/100|[from] Grassy Terrain\n|-heal|p1b: Zacian|37\/100|[from] Grassy Terrain\n|-heal|p1a: Articuno|63\/100|[from] Grassy Terrain\n|-sideend|p2: gossifleur23|move: Tailwind\n|-fieldend|move: Grassy Terrain\n|upkeep\n|turn|10\n|\n|t:|1715275049\n|move|p1b: Zacian|Sacred Sword|p2a: Miraidon\n|-damage|p2a: Miraidon|25\/100\n|move|p1a: Articuno|Tera Blast|p2a: Miraidon|[anim] Tera Blast Ground\n|-supereffective|p2a: Miraidon\n|-damage|p2a: Miraidon|0 fnt\n|faint|p2a: Miraidon\n|\n|win|Auraen\n|raw|Auraen's rating: 1682 &rarr; <strong>1706<\/strong><br \/>(+24 for winning)\n|raw|gossifleur23's rating: 1757 &rarr; <strong>1733<\/strong><br \/>(-24 for losing)\n|l|\u2606gossifleur23\n|player|p2|\n|l| giftedyewsucks\n|l| bluestraggler01\n","uploadtime":1715275186,"views":71,"formatid":"gen9vgc2024regg","rating":1706,"private":0,"password":null}