{"id":"gen9vgc2024regg-2121293952","format":"[Gen 9] VGC 2024 Reg G","players":["bwahacough","gossifleur23"],"log":"|j|\u2606bwahacough\n|j|\u2606gossifleur23\n|t:|1715274299\n|gametype|doubles\n|player|p1|bwahacough|medium|1683\n|player|p2|gossifleur23|lisia|1840\n|teamsize|p1|6\n|teamsize|p2|6\n|gen|9\n|tier|[Gen 9] VGC 2024 Reg G\n|rated|\n|rule|Species Clause: Limit one of each Pok\u00e9mon\n|rule|Item Clause: Limit one of each item\n|clearpoke\n|poke|p1|Lycanroc, L50, F|\n|poke|p1|Tyranitar, L50, F|\n|poke|p1|Calyrex-Shadow, L50|\n|poke|p1|Farigiraf, L50, F|\n|poke|p1|Urshifu-*, L50, F|\n|poke|p1|Whimsicott, L50, F|\n|poke|p2|Whimsicott, L50, F|\n|poke|p2|Miraidon, L50|\n|poke|p2|Chi-Yu, L50|\n|poke|p2|Flutter Mane, L50|\n|poke|p2|Ogerpon-Wellspring, L50, F|\n|poke|p2|Regidrago, L50|\n|teampreview|4\n|j| Luigi over mario\n|j| WaitMePlzUwU25\n|j| giftedyewsucks\n|j| Samevgcmons\n|\n|t:|1715274343\n|start\n|switch|p1a: Lycanroc|Lycanroc, L50, F|100\/100\n|switch|p1b: Tyranitar|Tyranitar, L50, F|100\/100\n|switch|p2a: Whimsicott|Whimsicott, L50, F|100\/100\n|switch|p2b: Miraidon|Miraidon, L50|100\/100\n|-fieldstart|move: Electric Terrain|[from] ability: Hadron Engine|[of] p2b: Miraidon\n|-weather|Sandstorm|[from] ability: Sand Stream|[of] p1b: Tyranitar\n|turn|1\n|\n|t:|1715274352\n|move|p2a: Whimsicott|Tailwind|p2a: Whimsicott\n|-sidestart|p2: gossifleur23|move: Tailwind\n|move|p2b: Miraidon|Dazzling Gleam|p1b: Tyranitar|[spread] p1a,p1b\n|-supereffective|p1b: Tyranitar\n|-damage|p1a: Lycanroc|60\/100\n|-damage|p1b: Tyranitar|60\/100\n|-damage|p2b: Miraidon|91\/100|[from] item: Life Orb\n|move|p1a: Lycanroc|Rock Slide|p2b: Miraidon|[spread] p2a\n|-miss|p1a: Lycanroc|p2b: Miraidon\n|-damage|p2a: Whimsicott|58\/100\n|move|p1b: Tyranitar|Rock Slide|p2b: Miraidon|[spread] p2a,p2b\n|-damage|p2a: Whimsicott|14\/100\n|-damage|p2b: Miraidon|59\/100\n|\n|-weather|Sandstorm|[upkeep]\n|-damage|p2b: Miraidon|54\/100|[from] Sandstorm\n|-damage|p2a: Whimsicott|8\/100|[from] Sandstorm\n|upkeep\n|turn|2\n|\n|t:|1715274371\n|move|p2b: Miraidon|Electro Drift|p1b: Tyranitar\n|-damage|p1b: Tyranitar|0 fnt\n|faint|p1b: Tyranitar\n|-damage|p2b: Miraidon|44\/100|[from] item: Life Orb\n|move|p2a: Whimsicott|Moonblast|p1a: Lycanroc\n|-damage|p1a: Lycanroc|28\/100\n|-unboost|p1a: Lycanroc|spa|1\n|move|p1a: Lycanroc|Rock Slide|p2a: Whimsicott|[spread] p2a\n|-miss|p1a: Lycanroc|p2b: Miraidon\n|-damage|p2a: Whimsicott|0 fnt\n|faint|p2a: Whimsicott\n|\n|-weather|Sandstorm|[upkeep]\n|-damage|p2b: Miraidon|38\/100|[from] Sandstorm\n|upkeep\n|j| DaviidGdl\n|\n|t:|1715274383\n|switch|p2a: Ogerpon|Ogerpon-Wellspring, L50, F|100\/100\n|switch|p1b: Whimsicott|Whimsicott, L50, F|100\/100\n|turn|3\n|l| WaitMePlzUwU25\n|\n|t:|1715274400\n|move|p2b: Miraidon|Protect|p2b: Miraidon\n|-singleturn|p2b: Miraidon|Protect\n|move|p1b: Whimsicott|Tailwind|p1b: Whimsicott\n|-sidestart|p1: bwahacough|move: Tailwind\n|move|p1a: Lycanroc|Endeavor|p2a: Ogerpon\n|-damage|p2a: Ogerpon|22\/100\n|move|p2a: Ogerpon|Horn Leech|p1a: Lycanroc\n|-supereffective|p1a: Lycanroc\n|-crit|p1a: Lycanroc\n|-damage|p1a: Lycanroc|0 fnt\n|-heal|p2a: Ogerpon|34\/100|[from] drain|[of] p1a: Lycanroc\n|faint|p1a: Lycanroc\n|\n|-weather|Sandstorm|[upkeep]\n|-damage|p2b: Miraidon|32\/100|[from] Sandstorm\n|-damage|p1b: Whimsicott|95\/100|[from] Sandstorm\n|-damage|p2a: Ogerpon|28\/100|[from] Sandstorm\n|upkeep\n|\n|t:|1715274411\n|switch|p1a: Calyrex|Calyrex-Shadow, L50|100\/100\n|-ability|p1a: Calyrex|As One\n|-ability|p1a: Calyrex|Unnerve\n|turn|4\n|\n|t:|1715274435\n|switch|p2a: Chi-Yu|Chi-Yu, L50|100\/100\n|-ability|p2a: Chi-Yu|Beads of Ruin\n|move|p2b: Miraidon|Protect|p2b: Miraidon\n|-singleturn|p2b: Miraidon|Protect\n|move|p1b: Whimsicott|Encore|p2b: Miraidon\n|-activate|p2b: Miraidon|move: Protect\n|move|p1a: Calyrex|Astral Barrage|p2b: Miraidon|[spread] p2a\n|-activate|p2b: Miraidon|move: Protect\n|-resisted|p2a: Chi-Yu\n|-damage|p2a: Chi-Yu|54\/100\n|\n|-weather|Sandstorm|[upkeep]\n|-damage|p2a: Chi-Yu|47\/100|[from] Sandstorm\n|-damage|p1a: Calyrex|94\/100|[from] Sandstorm\n|-damage|p2b: Miraidon|27\/100|[from] Sandstorm\n|-damage|p1b: Whimsicott|89\/100|[from] Sandstorm\n|-sideend|p2: gossifleur23|move: Tailwind\n|upkeep\n|turn|5\n|\n|t:|1715274452\n|move|p2b: Miraidon|Protect||[still]\n|-fail|p2b: Miraidon\n|move|p1a: Calyrex|Astral Barrage|p2b: Miraidon|[spread] p2a,p2b\n|-resisted|p2a: Chi-Yu\n|-damage|p2a: Chi-Yu|0 fnt\n|-damage|p2b: Miraidon|0 fnt\n|faint|p2a: Chi-Yu\n|faint|p2b: Miraidon\n|-ability|p1a: Calyrex|Grim Neigh|boost\n|-boost|p1a: Calyrex|spa|2\n|move|p1b: Whimsicott|Moonblast|p2: Chi-Yu|[notarget]\n|-fail|p1b: Whimsicott\n|\n|-weather|none\n|-fieldend|move: Electric Terrain\n|upkeep\n|\n|t:|1715274457\n|switch|p2b: Ogerpon|Ogerpon-Wellspring, L50, F|28\/100\n|turn|6\n|\n|t:|1715274459\n|move|p1a: Calyrex|Astral Barrage|p2b: Ogerpon\n|-damage|p2b: Ogerpon|0 fnt\n|faint|p2b: Ogerpon\n|\n|win|bwahacough\n|raw|bwahacough's rating: 1661 &rarr; <strong>1690<\/strong><br \/>(+29 for winning)\n|raw|gossifleur23's rating: 1840 &rarr; <strong>1811<\/strong><br \/>(-29 for losing)\n|l|\u2606gossifleur23\n|player|p2|\n|l|\u2606bwahacough\n|player|p1|\n|l| giftedyewsucks\n|l| Samevgcmons\n|l| Luigi over mario\n","uploadtime":1715274630,"views":39,"formatid":"gen9vgc2024regg","rating":1690,"private":0,"password":null}