{"id":"gen9vgc2024regg-2121311204","format":"[Gen 9] VGC 2024 Reg G","players":["Jesuuuus","Specsapagos"],"log":"|j|\u2606Jesuuuus\n|j|\u2606Specsapagos\n|t:|1715275792\n|gametype|doubles\n|player|p1|Jesuuuus|alec-anime|1709\n|player|p2|Specsapagos|hilbert|1699\n|teamsize|p1|6\n|teamsize|p2|6\n|gen|9\n|tier|[Gen 9] VGC 2024 Reg G\n|rated|\n|rule|Species Clause: Limit one of each Pok\u00e9mon\n|rule|Item Clause: Limit one of each item\n|clearpoke\n|poke|p1|Tyranitar, L50, M|\n|poke|p1|Excadrill, L50, F|\n|poke|p1|Suicune, L50|\n|poke|p1|Miraidon, L50|\n|poke|p1|Ogerpon-Cornerstone, L50, F|\n|poke|p1|Kommo-o, L50, F|\n|poke|p2|Tornadus, L50, M|\n|poke|p2|Amoonguss, L50, F|\n|poke|p2|Raging Bolt, L50|\n|poke|p2|Gholdengo, L50|\n|poke|p2|Terapagos, L50, M|\n|poke|p2|Urshifu-*, L50, M|\n|teampreview|4\n|c|\u2606Specsapagos|glhf!\nSpecsapagos has agreed to open team sheets.\n|c|\u2606Jesuuuus|gl hf\n|j| shane999999\n|\n|t:|1715275826\n|start\n|switch|p1a: Miraidon|Miraidon, L50|100\/100\n|switch|p1b: Kommo-o|Kommo-o, L50, F|100\/100\n|switch|p2a: Amoonguss|Amoonguss, L50, F|100\/100\n|switch|p2b: Terapagos|Terapagos, L50, M|100\/100\n|-activate|p2b: Terapagos|ability: Tera Shift\n|detailschange|p2b: Terapagos|Terapagos-Terastal, L50, M\n|-heal|p2b: Terapagos|100\/100|[silent]\n|-fieldstart|move: Electric Terrain|[from] ability: Hadron Engine|[of] p1a: Miraidon\n|turn|1\n|j| transform\n|\n|t:|1715275874\n|-terastallize|p2b: Terapagos|Stellar\n|detailschange|p2b: Terapagos|Terapagos-Stellar, L50, M, tera:Stellar\n|-heal|p2b: Terapagos|100\/100|[silent]\n|-ability|p2b: Terapagos|Teraform Zero\n|-fieldend|move: Electric Terrain\n|move|p2b: Terapagos|Protect|p2b: Terapagos\n|-singleturn|p2b: Terapagos|Protect\n|move|p1a: Miraidon|Volt Switch|p2a: Amoonguss\n|-resisted|p2a: Amoonguss\n|-damage|p2a: Amoonguss|81\/100\n|j| giftedyewsucks\n|\n|t:|1715275887\n|switch|p1a: Tyranitar|Tyranitar, L50, M|100\/100|[from] Volt Switch\n|-weather|Sandstorm|[from] ability: Sand Stream|[of] p1a: Tyranitar\n|move|p1b: Kommo-o|Iron Defense|p1b: Kommo-o\n|-boost|p1b: Kommo-o|def|2\n|move|p2a: Amoonguss|Spore|p1a: Tyranitar\n|-status|p1a: Tyranitar|slp|[from] move: Spore\n|\n|-weather|Sandstorm|[upkeep]\n|-damage|p2b: Terapagos|94\/100|[from] Sandstorm\n|-damage|p2a: Amoonguss|75\/100|[from] Sandstorm\n|upkeep\n|turn|2\n|l| giftedyewsucks\n|\n|t:|1715275917\n|switch|p2b: Tornadus|Tornadus, L50, M|100\/100\n|move|p1b: Kommo-o|Body Press|p2b: Tornadus\n|-resisted|p2b: Tornadus\n|-damage|p2b: Tornadus|33\/100\n|cant|p1a: Tyranitar|slp\n|move|p2a: Amoonguss|Pollen Puff|p1a: Tyranitar\n|-supereffective|p1a: Tyranitar\n|-damage|p1a: Tyranitar|86\/100 slp\n|\n|-weather|Sandstorm|[upkeep]\n|-damage|p2b: Tornadus|27\/100|[from] Sandstorm\n|-damage|p2a: Amoonguss|69\/100|[from] Sandstorm\n|upkeep\n|turn|3\n|\n|t:|1715275939\n|move|p2b: Tornadus|Bleakwind Storm|p1b: Kommo-o|[spread] p1b\n|-miss|p2b: Tornadus|p1a: Tyranitar\n|-supereffective|p1b: Kommo-o\n|-damage|p1b: Kommo-o|30\/100\n|move|p1b: Kommo-o|Body Press|p2b: Tornadus\n|-resisted|p2b: Tornadus\n|-damage|p2b: Tornadus|0 fnt\n|faint|p2b: Tornadus\n|cant|p1a: Tyranitar|slp\n|move|p2a: Amoonguss|Pollen Puff|p2: Tornadus|[notarget]\n|-fail|p2a: Amoonguss\n|\n|-weather|Sandstorm|[upkeep]\n|-damage|p2a: Amoonguss|63\/100|[from] Sandstorm\n|-heal|p1b: Kommo-o|36\/100|[from] item: Leftovers\n|upkeep\n|\n|t:|1715275945\n|switch|p2b: Raging Bolt|Raging Bolt, L50|100\/100\n|turn|4\n|\n|t:|1715275974\n|switch|p2a: Terapagos|Terapagos-Stellar, L50, M, tera:Stellar|94\/100\n|move|p1b: Kommo-o|Protect|p1b: Kommo-o\n|-singleturn|p1b: Kommo-o|Protect\n|move|p2b: Raging Bolt|Dragon Pulse|p1b: Kommo-o\n|-activate|p1b: Kommo-o|move: Protect\n|-curestatus|p1a: Tyranitar|slp|[msg]\n|move|p1a: Tyranitar|Knock Off|p2b: Raging Bolt\n|-damage|p2b: Raging Bolt|62\/100\n|-enditem|p2b: Raging Bolt|Assault Vest|[from] move: Knock Off|[of] p1a: Tyranitar\n|\n|-weather|Sandstorm|[upkeep]\n|-damage|p2a: Terapagos|88\/100|[from] Sandstorm\n|-damage|p2b: Raging Bolt|56\/100|[from] Sandstorm\n|-heal|p1b: Kommo-o|42\/100|[from] item: Leftovers\n|upkeep\n|turn|5\n|\n|t:|1715276014\n|switch|p1b: Suicune|Suicune, L50|100\/100\n|move|p2a: Terapagos|Tera Starstorm|p1a: Tyranitar|[spread] p1a,p1b\n|-damage|p1a: Tyranitar|71\/100\n|-damage|p1b: Suicune|77\/100\n|move|p2b: Raging Bolt|Volt Switch|p1b: Suicune\n|-supereffective|p1b: Suicune\n|-damage|p1b: Suicune|34\/100\n|-enditem|p1b: Suicune|Sitrus Berry|[eat]\n|-heal|p1b: Suicune|58\/100|[from] item: Sitrus Berry\n|\n|t:|1715276021\n|-end|p2b: Raging Bolt|Protosynthesis|[silent]\n|switch|p2b: Amoonguss|Amoonguss, L50, F|96\/100|[from] Volt Switch\n|move|p1a: Tyranitar|Knock Off|p2a: Terapagos\n|-damage|p2a: Terapagos|57\/100\n|-enditem|p2a: Terapagos|Covert Cloak|[from] move: Knock Off|[of] p1a: Tyranitar\n|\n|-weather|none\n|upkeep\n|turn|6\n|\n|t:|1715276049\n|switch|p1a: Kommo-o|Kommo-o, L50, F|42\/100\n|move|p2a: Terapagos|Protect|p2a: Terapagos\n|-singleturn|p2a: Terapagos|Protect\n|move|p1b: Suicune|Tailwind|p1b: Suicune\n|-sidestart|p1: Jesuuuus|move: Tailwind\n|move|p2b: Amoonguss|Spore|p1b: Suicune\n|-status|p1b: Suicune|slp|[from] move: Spore\n|\n|-heal|p1a: Kommo-o|48\/100|[from] item: Leftovers\n|upkeep\n|turn|7\n|j| giftedyewsucks\n|l| giftedyewsucks\n|\n|t:|1715276066\n|switch|p2a: Raging Bolt|Raging Bolt, L50|56\/100\n|cant|p1b: Suicune|slp\n|move|p1a: Kommo-o|Body Press|p2a: Raging Bolt\n|-damage|p2a: Raging Bolt|21\/100\n|move|p2b: Amoonguss|Pollen Puff|p2a: Raging Bolt\n|-heal|p2a: Raging Bolt|71\/100\n|\n|-heal|p1a: Kommo-o|54\/100|[from] item: Leftovers\n|upkeep\n|turn|8\n|\n|t:|1715276091\n|move|p1a: Kommo-o|Protect|p1a: Kommo-o\n|-singleturn|p1a: Kommo-o|Protect\n|cant|p1b: Suicune|slp\n|move|p2a: Raging Bolt|Dragon Pulse|p1a: Kommo-o\n|-activate|p1a: Kommo-o|move: Protect\n|move|p2b: Amoonguss|Pollen Puff|p2a: Raging Bolt\n|-heal|p2a: Raging Bolt|100\/100\n|\n|-heal|p1a: Kommo-o|60\/100|[from] item: Leftovers\n|upkeep\n|turn|9\n|\n|t:|1715276120\n|-terastallize|p1a: Kommo-o|Steel\n|cant|p1b: Suicune|slp\n|move|p1a: Kommo-o|Iron Defense|p1a: Kommo-o\n|-boost|p1a: Kommo-o|def|2\n|move|p2a: Raging Bolt|Dragon Pulse|p1a: Kommo-o\n|-resisted|p1a: Kommo-o\n|-damage|p1a: Kommo-o|38\/100\n|move|p2b: Amoonguss|Spore|p1b: Suicune\n|-fail|p1b: Suicune|slp\n|\n|-heal|p1a: Kommo-o|44\/100|[from] item: Leftovers\n|-sideend|p1: Jesuuuus|move: Tailwind\n|upkeep\n|turn|10\n|\n|t:|1715276146\n|move|p2a: Raging Bolt|Volt Switch|p1a: Kommo-o\n|-damage|p1a: Kommo-o|10\/100\n|j| rinplx8357\n|\n|t:|1715276149\n|-end|p2a: Raging Bolt|Protosynthesis|[silent]\n|switch|p2a: Terapagos|Terapagos-Stellar, L50, M, tera:Stellar|57\/100|[from] Volt Switch\n|-curestatus|p1b: Suicune|slp|[msg]\n|move|p1b: Suicune|Tailwind|p1b: Suicune\n|-sidestart|p1: Jesuuuus|move: Tailwind\n|move|p1a: Kommo-o|Body Press|p2a: Terapagos\n|-supereffective|p2a: Terapagos\n|-crit|p2a: Terapagos\n|-damage|p2a: Terapagos|0 fnt\n|faint|p2a: Terapagos\n|move|p2b: Amoonguss|Spore|p1b: Suicune\n|-status|p1b: Suicune|slp|[from] move: Spore\n|\n|-heal|p1a: Kommo-o|16\/100|[from] item: Leftovers\n|upkeep\n|\n|t:|1715276155\n|switch|p2a: Raging Bolt|Raging Bolt, L50|100\/100\n|turn|11\n|c|\u2606Specsapagos|damn\n|c|\u2606Specsapagos|well played\n|c|\u2606Jesuuuus|gg wp\n|\n|t:|1715276173\n|cant|p1b: Suicune|slp\n|move|p1a: Kommo-o|Body Press|p2a: Raging Bolt\n|-damage|p2a: Raging Bolt|28\/100\n|move|p2a: Raging Bolt|Volt Switch|p1b: Suicune\n|-supereffective|p1b: Suicune\n|-damage|p1b: Suicune|12\/100 slp\n|move|p2b: Amoonguss|Pollen Puff|p2a: Raging Bolt\n|-heal|p2a: Raging Bolt|78\/100\n|\n|-heal|p1a: Kommo-o|22\/100|[from] item: Leftovers\n|upkeep\n|turn|12\n|\n|t:|1715276198\n|-curestatus|p1b: Suicune|slp|[msg]\n|move|p1b: Suicune|Helping Hand|p1a: Kommo-o\n|-singleturn|p1a: Kommo-o|Helping Hand|[of] p1b: Suicune\n|move|p1a: Kommo-o|Body Press|p2a: Raging Bolt\n|-damage|p2a: Raging Bolt|0 fnt\n|faint|p2a: Raging Bolt\n|-end|p2a: Raging Bolt|Protosynthesis|[silent]\n|move|p2b: Amoonguss|Pollen Puff|p2: Raging Bolt|[notarget]\n|-fail|p2b: Amoonguss\n|\n|-heal|p1a: Kommo-o|29\/100|[from] item: Leftovers\n|upkeep\n|turn|13\n|-message|Specsapagos forfeited.\n|\n|win|Jesuuuus\n|raw|Jesuuuus's rating: 1709 &rarr; <strong>1728<\/strong><br \/>(+19 for winning)\n|raw|Specsapagos's rating: 1699 &rarr; <strong>1680<\/strong><br \/>(-19 for losing)\n|l| shane999999\n|l|\u2606Jesuuuus\n|player|p1|\n|l|\u2606Specsapagos\n|player|p2|\n|j| ale cog\n|l| transform\n|l| rinplx8357\n","uploadtime":1715276209,"views":63,"formatid":"gen9vgc2024regg","rating":1680,"private":0,"password":null}