{"id":"gen9vgc2024regg-2122298409","format":"[Gen 9] VGC 2024 Reg G","players":["The Umpire","bwahacough"],"log":"|j|\u2606The Umpire\n|j|\u2606bwahacough\n|t:|1715395547\n|gametype|doubles\n|player|p1|The Umpire|volkner|1740\n|player|p2|bwahacough|medium|1820\n|teamsize|p1|6\n|teamsize|p2|6\n|gen|9\n|tier|[Gen 9] VGC 2024 Reg G\n|rated|\n|rule|Species Clause: Limit one of each Pok\u00e9mon\n|rule|Item Clause: Limit one of each item\n|clearpoke\n|poke|p1|Calyrex-Ice, L50|\n|poke|p1|Urshifu-*, L50, F|\n|poke|p1|Ursaluna-Bloodmoon, L50, M|\n|poke|p1|Raging Bolt, L50|\n|poke|p1|Farigiraf, L50, F|\n|poke|p1|Smeargle, L50, F|\n|poke|p2|Lycanroc, L50, F|\n|poke|p2|Tyranitar, L50, M|\n|poke|p2|Calyrex-Shadow, L50|\n|poke|p2|Farigiraf, L50, M|\n|poke|p2|Urshifu-*, L50, F|\n|poke|p2|Whimsicott, L50, M|\n|teampreview|4\n|j| Upsilon Sul G\n|j| Judang\n|\n|t:|1715395586\n|start\n|switch|p1a: Farigiraf|Farigiraf, L50, F|100\/100\n|switch|p1b: Smeargle|Smeargle, L50, F|100\/100\n|switch|p2a: Calyrex|Calyrex-Shadow, L50|100\/100\n|switch|p2b: Urshifu|Urshifu-Rapid-Strike, L50, F|100\/100\n|-ability|p2a: Calyrex|As One\n|-ability|p2a: Calyrex|Unnerve\n|turn|1\n|\n|t:|1715395603\n|-terastallize|p1b: Smeargle|Grass\n|move|p1b: Smeargle|Follow Me|p1b: Smeargle\n|-singleturn|p1b: Smeargle|move: Follow Me\n|move|p2a: Calyrex|Pollen Puff|p1b: Smeargle\n|-supereffective|p1b: Smeargle\n|-enditem|p1b: Smeargle|Focus Sash\n|-damage|p1b: Smeargle|1\/100\n|move|p2b: Urshifu|U-turn|p1b: Smeargle\n|-supereffective|p1b: Smeargle\n|-damage|p1b: Smeargle|0 fnt\n|faint|p1b: Smeargle\n|\n|t:|1715395611\n|switch|p2b: Farigiraf|Farigiraf, L50, M, shiny|100\/100|[from] U-turn\n|move|p1a: Farigiraf|Trick Room|p1a: Farigiraf\n|-fieldstart|move: Trick Room|[of] p1a: Farigiraf\n|\n|upkeep\n|\n|t:|1715395616\n|switch|p1b: Calyrex|Calyrex-Ice, L50|100\/100\n|-ability|p1b: Calyrex|As One\n|-ability|p1b: Calyrex|Unnerve\n|turn|2\n|\n|t:|1715395626\n|-terastallize|p2a: Calyrex|Water\n|move|p2b: Farigiraf|Helping Hand|p2a: Calyrex\n|-singleturn|p2a: Calyrex|Helping Hand|[of] p2b: Farigiraf\n|move|p1b: Calyrex|Glacial Lance|p2a: Calyrex|[spread] p2a,p2b\n|-resisted|p2a: Calyrex\n|-damage|p2a: Calyrex|62\/100\n|-damage|p2b: Farigiraf|51\/100\n|move|p1a: Farigiraf|Hyper Voice|p2b: Farigiraf|[spread] p2a,p2b\n|-damage|p2a: Calyrex|28\/100\n|-damage|p2b: Farigiraf|20\/100\n|move|p2a: Calyrex|Pollen Puff|p1b: Calyrex\n|-supereffective|p1b: Calyrex\n|-damage|p1b: Calyrex|0 fnt\n|faint|p1b: Calyrex\n|-ability|p2a: Calyrex|Grim Neigh|boost\n|-boost|p2a: Calyrex|spa|1\n|\n|upkeep\n|\n|t:|1715395635\n|switch|p1b: Raging Bolt|Raging Bolt, L50|100\/100\n|-enditem|p1b: Raging Bolt|Booster Energy\n|-activate|p1b: Raging Bolt|ability: Protosynthesis|[fromitem]\n|-start|p1b: Raging Bolt|protosynthesisspa\n|turn|3\n|\n|t:|1715395641\n|move|p2b: Farigiraf|Protect|p2b: Farigiraf\n|-singleturn|p2b: Farigiraf|Protect\n|move|p1a: Farigiraf|Hyper Voice|p2a: Calyrex|[spread] p2a\n|-activate|p2b: Farigiraf|move: Protect\n|-damage|p2a: Calyrex|0 fnt\n|faint|p2a: Calyrex\n|move|p1b: Raging Bolt|Thunderbolt|p2b: Farigiraf\n|-activate|p2b: Farigiraf|move: Protect\n|\n|upkeep\n|\n|t:|1715395644\n|switch|p2a: Tyranitar|Tyranitar, L50, M|100\/100\n|-weather|Sandstorm|[from] ability: Sand Stream|[of] p2a: Tyranitar\n|turn|4\n|\n|t:|1715395654\n|move|p2b: Farigiraf|Helping Hand|p2a: Tyranitar\n|-singleturn|p2a: Tyranitar|Helping Hand|[of] p2b: Farigiraf\n|move|p1a: Farigiraf|Hyper Voice|p2b: Farigiraf|[spread] p2a,p2b\n|-resisted|p2a: Tyranitar\n|-damage|p2a: Tyranitar|92\/100\n|-damage|p2b: Farigiraf|0 fnt\n|faint|p2b: Farigiraf\n|move|p2a: Tyranitar|Knock Off|p1a: Farigiraf\n|-supereffective|p1a: Farigiraf\n|-damage|p1a: Farigiraf|0 fnt\n|-enditem|p1a: Farigiraf|Safety Goggles|[from] move: Knock Off|[of] p2a: Tyranitar\n|faint|p1a: Farigiraf\n|move|p1b: Raging Bolt|Thunderbolt|p2a: Tyranitar\n|-damage|p2a: Tyranitar|60\/100\n|-status|p2a: Tyranitar|par\n|\n|-weather|Sandstorm|[upkeep]\n|-damage|p1b: Raging Bolt|94\/100|[from] Sandstorm\n|upkeep\n|\n|t:|1715395656\n|switch|p2b: Urshifu|Urshifu-Rapid-Strike, L50, F|100\/100\n|turn|5\n|\n|t:|1715395670\n|cant|p2a: Tyranitar|par\n|move|p1b: Raging Bolt|Thunderbolt|p2b: Urshifu\n|-supereffective|p2b: Urshifu\n|-damage|p2b: Urshifu|0 fnt\n|faint|p2b: Urshifu\n|\n|-weather|Sandstorm|[upkeep]\n|-damage|p1b: Raging Bolt|88\/100|[from] Sandstorm\n|-fieldend|move: Trick Room\n|upkeep\n|turn|6\n|\n|t:|1715395676\n|move|p1b: Raging Bolt|Thunderbolt|p2a: Tyranitar\n|-crit|p2a: Tyranitar\n|-damage|p2a: Tyranitar|10\/100 par\n|move|p2a: Tyranitar|Low Kick|p1b: Raging Bolt\n|-damage|p1b: Raging Bolt|57\/100\n|\n|-weather|Sandstorm|[upkeep]\n|-damage|p1b: Raging Bolt|50\/100|[from] Sandstorm\n|upkeep\n|turn|7\n|-message|bwahacough forfeited.\n|\n|win|The Umpire\n|raw|The Umpire's rating: 1740 &rarr; <strong>1761<\/strong><br \/>(+21 for winning)\n|raw|bwahacough's rating: 1766 &rarr; <strong>1745<\/strong><br \/>(-21 for losing)\n|l|\u2606bwahacough\n|player|p2|\n|l|\u2606The Umpire\n|player|p1|\n|l| Upsilon Sul G\n","uploadtime":1715395899,"views":227,"formatid":"gen9vgc2024regg","rating":1745,"private":0,"password":null}