{"id":"gen9vgc2024regg-2122228300","format":"[Gen 9] VGC 2024 Reg G","players":["SeaWolfMikess","bwahacough"],"log":"|j|\u2606SeaWolfMikess\n|j|\u2606bwahacough\n|t:|1715385935\n|gametype|doubles\n|player|p1|SeaWolfMikess|hugh|1688\n|player|p2|bwahacough|medium|1753\n|teamsize|p1|6\n|teamsize|p2|6\n|gen|9\n|tier|[Gen 9] VGC 2024 Reg G\n|rated|\n|rule|Species Clause: Limit one of each Pok\u00e9mon\n|rule|Item Clause: Limit one of each item\n|clearpoke\n|poke|p1|Rillaboom, L50, M|\n|poke|p1|Gastrodon-East, L50, F|\n|poke|p1|Incineroar, L50, F|\n|poke|p1|Calyrex-Shadow, L50|\n|poke|p1|Tornadus, L50, M|\n|poke|p1|Maushold-Four, L50|\n|poke|p2|Lycanroc, L50, F|\n|poke|p2|Tyranitar, L50, F|\n|poke|p2|Calyrex-Shadow, L50|\n|poke|p2|Farigiraf, L50, M|\n|poke|p2|Urshifu-*, L50, F|\n|poke|p2|Whimsicott, L50, F|\n|teampreview|4\n|\n|t:|1715385966\n|start\n|switch|p1a: Rillaboom|Rillaboom, L50, M|100\/100\n|switch|p1b: Incineroar|Incineroar, L50, F|100\/100\n|switch|p2a: Calyrex|Calyrex-Shadow, L50|100\/100\n|switch|p2b: Whimsicott|Whimsicott, L50, F|100\/100\n|-ability|p2a: Calyrex|As One\n|-ability|p2a: Calyrex|Unnerve\n|-fieldstart|move: Grassy Terrain|[from] ability: Grassy Surge|[of] p1a: Rillaboom\n|-ability|p1b: Incineroar|Intimidate|boost\n|-unboost|p2a: Calyrex|atk|1\n|-unboost|p2b: Whimsicott|atk|1\n|turn|1\n|j| Laithani\n|\n|t:|1715385981\n|switch|p2b: Farigiraf|Farigiraf, L50, M, shiny|100\/100\n|move|p1b: Incineroar|Fake Out||[still]\n|cant|p2b: Farigiraf|ability: Armor Tail|Fake Out|[of] p1b: Incineroar\n|move|p2a: Calyrex|Tera Blast|p1b: Incineroar\n|-damage|p1b: Incineroar|61\/100\n|move|p1a: Rillaboom|Wood Hammer|p2a: Calyrex\n|-damage|p2a: Calyrex|6\/100\n|-damage|p1a: Rillaboom|73\/100|[from] Recoil\n|\n|-heal|p2a: Calyrex|12\/100|[from] Grassy Terrain\n|-heal|p1a: Rillaboom|79\/100|[from] Grassy Terrain\n|-heal|p1b: Incineroar|67\/100|[from] Grassy Terrain\n|upkeep\n|turn|2\n|\n|t:|1715385991\n|move|p2b: Farigiraf|Helping Hand|p2a: Calyrex\n|-singleturn|p2a: Calyrex|Helping Hand|[of] p2b: Farigiraf\n|move|p2a: Calyrex|Tera Blast|p1a: Rillaboom\n|-damage|p1a: Rillaboom|32\/100\n|move|p1a: Rillaboom|Wood Hammer|p2a: Calyrex\n|-damage|p2a: Calyrex|0 fnt\n|faint|p2a: Calyrex\n|-damage|p1a: Rillaboom|29\/100|[from] Recoil\n|move|p1b: Incineroar|Parting Shot|p2b: Farigiraf\n|-unboost|p2b: Farigiraf|atk|1\n|-unboost|p2b: Farigiraf|spa|1\n|\n|t:|1715385999\n|switch|p1b: Calyrex|Calyrex-Shadow, L50|100\/100|[from] Parting Shot\n|-ability|p1b: Calyrex|As One\n|-ability|p1b: Calyrex|Unnerve\n|\n|-heal|p1a: Rillaboom|34\/100|[from] Grassy Terrain\n|upkeep\n|\n|t:|1715386008\n|switch|p2a: Urshifu|Urshifu-Rapid-Strike, L50, F|100\/100\n|turn|3\n|\n|t:|1715386028\n|switch|p1a: Gastrodon|Gastrodon-East, L50, F|100\/100\n|move|p1b: Calyrex|Nasty Plot|p1b: Calyrex\n|-boost|p1b: Calyrex|spa|2\n|move|p2a: Urshifu|Ice Spinner|p1b: Calyrex\n|-damage|p1b: Calyrex|49\/100\n|-fieldend|move: Grassy Terrain\n|move|p2b: Farigiraf|Psychic|p1b: Calyrex\n|-resisted|p1b: Calyrex\n|-damage|p1b: Calyrex|38\/100\n|\n|upkeep\n|turn|4\n|\n|t:|1715386043\n|switch|p2a: Whimsicott|Whimsicott, L50, F|100\/100\n|-terastallize|p1b: Calyrex|Fairy\n|move|p1b: Calyrex|Draining Kiss|p2a: Whimsicott\n|-damage|p2a: Whimsicott|29\/100\n|-heal|p1b: Calyrex|85\/100|[from] drain|[of] p2a: Whimsicott\n|move|p2b: Farigiraf|Dazzling Gleam|p1b: Calyrex|[spread] p1a,p1b\n|-damage|p1a: Gastrodon|91\/100\n|-damage|p1b: Calyrex|75\/100\n|move|p1a: Gastrodon|Yawn|p2b: Farigiraf\n|-start|p2b: Farigiraf|move: Yawn|[of] p1a: Gastrodon\n|\n|-heal|p1a: Gastrodon|97\/100|[from] item: Leftovers\n|upkeep\n|turn|5\n|\n|t:|1715386070\n|switch|p2b: Urshifu|Urshifu-Rapid-Strike, L50, F|100\/100\n|move|p2a: Whimsicott|Tailwind|p2a: Whimsicott\n|-sidestart|p2: bwahacough|move: Tailwind\n|move|p1b: Calyrex|Draining Kiss|p2a: Whimsicott\n|-damage|p2a: Whimsicott|0 fnt\n|-heal|p1b: Calyrex|93\/100|[from] drain|[of] p2a: Whimsicott\n|faint|p2a: Whimsicott\n|-ability|p1b: Calyrex|Grim Neigh|boost\n|-boost|p1b: Calyrex|spa|1\n|move|p1a: Gastrodon|Yawn|p2b: Urshifu\n|-start|p2b: Urshifu|move: Yawn|[of] p1a: Gastrodon\n|\n|-heal|p1a: Gastrodon|100\/100|[from] item: Leftovers\n|upkeep\n|\n|t:|1715386073\n|switch|p2a: Farigiraf|Farigiraf, L50, M, shiny|100\/100\n|turn|6\n|\n|t:|1715386079\n|move|p2a: Farigiraf|Helping Hand|p2b: Urshifu\n|-singleturn|p2b: Urshifu|Helping Hand|[of] p2a: Farigiraf\n|move|p2b: Urshifu|Ice Spinner|p1b: Calyrex\n|-damage|p1b: Calyrex|23\/100\n|move|p1b: Calyrex|Draining Kiss|p2b: Urshifu\n|-supereffective|p2b: Urshifu\n|-damage|p2b: Urshifu|0 fnt\n|-heal|p1b: Calyrex|99\/100|[from] drain|[of] p2b: Urshifu\n|faint|p2b: Urshifu\n|-ability|p1b: Calyrex|Grim Neigh|boost\n|-boost|p1b: Calyrex|spa|1\n|move|p1a: Gastrodon|Yawn|p2a: Farigiraf\n|-start|p2a: Farigiraf|move: Yawn|[of] p1a: Gastrodon\n|\n|upkeep\n|turn|7\n|-message|bwahacough forfeited.\n|\n|win|SeaWolfMikess\n|raw|SeaWolfMikess's rating: 1688 &rarr; <strong>1712<\/strong><br \/>(+24 for winning)\n|raw|bwahacough's rating: 1753 &rarr; <strong>1729<\/strong><br \/>(-24 for losing)\n|l|\u2606bwahacough\n|player|p2|\n|l| Laithani\n|l|\u2606SeaWolfMikess\n|player|p1|\n","uploadtime":1715386342,"views":110,"formatid":"gen9vgc2024regg","rating":1712,"private":0,"password":null}