{"id":"gen9vgc2024regg-2122297716","format":"[Gen 9] VGC 2024 Reg G","players":["TheLoanRanger","bwahacough"],"log":"|j|\u2606TheLoanRanger\n|j|\u2606bwahacough\n|t:|1715395449\n|gametype|doubles\n|player|p1|TheLoanRanger|gardenia|1711\n|player|p2|bwahacough|medium|1820\n|teamsize|p1|6\n|teamsize|p2|6\n|gen|9\n|tier|[Gen 9] VGC 2024 Reg G\n|rated|\n|rule|Species Clause: Limit one of each Pok\u00e9mon\n|rule|Item Clause: Limit one of each item\n|clearpoke\n|poke|p1|Miraidon, L50|\n|poke|p1|Iron Valiant, L50|\n|poke|p1|Ogerpon-Wellspring, L50, F|\n|poke|p1|Gholdengo, L50|\n|poke|p1|Landorus-Therian, L50, M|\n|poke|p1|Chi-Yu, L50|\n|poke|p2|Lycanroc, L50, F|\n|poke|p2|Tyranitar, L50, M|\n|poke|p2|Calyrex-Shadow, L50|\n|poke|p2|Farigiraf, L50, F|\n|poke|p2|Urshifu-*, L50, F|\n|poke|p2|Whimsicott, L50, F|\n|teampreview|4\nTheLoanRanger has agreed to open team sheets.\nbwahacough has agreed to open team sheets.\n|j| TheBiggestDork\n|\n|t:|1715395489\n|start\n|switch|p1a: Iron Valiant|Iron Valiant, L50|100\/100\n|switch|p1b: Miraidon|Miraidon, L50|100\/100\n|switch|p2a: Calyrex|Calyrex-Shadow, L50|100\/100\n|switch|p2b: Whimsicott|Whimsicott, L50, F|100\/100\n|-ability|p2a: Calyrex|As One\n|-ability|p2a: Calyrex|Unnerve\n|-fieldstart|move: Electric Terrain|[from] ability: Hadron Engine|[of] p1b: Miraidon\n|-activate|p1a: Iron Valiant|ability: Quark Drive\n|-start|p1a: Iron Valiant|quarkdrivespe\n|turn|1\n|j| Judang\n|\n|t:|1715395513\n|move|p1a: Iron Valiant|Wide Guard|p1a: Iron Valiant\n|-singleturn|p1a: Iron Valiant|Wide Guard\n|move|p2b: Whimsicott|Taunt|p1a: Iron Valiant\n|-start|p1a: Iron Valiant|move: Taunt\n|move|p2a: Calyrex|Astral Barrage|p1a: Iron Valiant|[spread] \n|-activate|p1a: Iron Valiant|move: Wide Guard\n|-activate|p1b: Miraidon|move: Wide Guard\n|move|p1b: Miraidon|Discharge|p2b: Whimsicott|[spread] p2a,p2b\n|-activate|p1a: Iron Valiant|move: Wide Guard\n|-resisted|p2b: Whimsicott\n|-damage|p2a: Calyrex|18\/100\n|-damage|p2b: Whimsicott|59\/100\n|\n|upkeep\n|turn|2\n|\n|t:|1715395552\n|move|p2b: Whimsicott|Tailwind|p2b: Whimsicott\n|-sidestart|p2: bwahacough|move: Tailwind\n|move|p2a: Calyrex|Astral Barrage|p1b: Miraidon|[spread] p1a,p1b\n|-enditem|p1a: Iron Valiant|Focus Sash\n|-damage|p1a: Iron Valiant|1\/100\n|-damage|p1b: Miraidon|35\/100\n|move|p1a: Iron Valiant|Spirit Break|p2b: Whimsicott\n|-damage|p2b: Whimsicott|12\/100\n|-unboost|p2b: Whimsicott|spa|1\n|move|p1b: Miraidon|Discharge|p2b: Whimsicott|[spread] p1a,p2a,p2b\n|-resisted|p2b: Whimsicott\n|-damage|p1a: Iron Valiant|0 fnt\n|-damage|p2a: Calyrex|0 fnt\n|-damage|p2b: Whimsicott|0 fnt\n|faint|p1a: Iron Valiant\n|-end|p1a: Iron Valiant|Quark Drive|[silent]\n|faint|p2a: Calyrex\n|faint|p2b: Whimsicott\n|\n|upkeep\n|\n|t:|1715395561\n|switch|p2a: Lycanroc|Lycanroc, L50, F|100\/100\n|switch|p1a: Landorus|Landorus-Therian, L50, M|100\/100\n|switch|p2b: Tyranitar|Tyranitar, L50, M|100\/100\n|-weather|Sandstorm|[from] ability: Sand Stream|[of] p2b: Tyranitar\n|-ability|p1a: Landorus|Intimidate|boost\n|-unboost|p2a: Lycanroc|atk|1\n|-fail|p2b: Tyranitar|unboost|[from] item: Clear Amulet|[of] p2b: Tyranitar\n|turn|3\n|j| Upsilon Sul G\n|\n|t:|1715395595\n|-terastallize|p2b: Tyranitar|Grass\n|move|p2a: Lycanroc|Rock Slide|p1b: Miraidon|[spread] p1a,p1b\n|-damage|p1a: Landorus|75\/100\n|-damage|p1b: Miraidon|17\/100\n|move|p1b: Miraidon|Discharge|p2a: Lycanroc|[spread] p2a,p2b\n|-immune|p1a: Landorus\n|-resisted|p2b: Tyranitar\n|-damage|p2a: Lycanroc|18\/100\n|-damage|p2b: Tyranitar|65\/100\n|move|p2b: Tyranitar|Rock Slide|p1a: Landorus|[spread] p1a,p1b\n|-damage|p1a: Landorus|42\/100\n|-damage|p1b: Miraidon|0 fnt\n|faint|p1b: Miraidon\n|move|p1a: Landorus|U-turn|p2b: Tyranitar\n|-supereffective|p2b: Tyranitar\n|-damage|p2b: Tyranitar|31\/100\n|\n|t:|1715395608\n|switch|p1a: Chi-Yu|Chi-Yu, L50|100\/100|[from] U-turn\n|-ability|p1a: Chi-Yu|Beads of Ruin\n|\n|-weather|Sandstorm|[upkeep]\n|-damage|p1a: Chi-Yu|95\/100|[from] Sandstorm\n|-damage|p2b: Tyranitar|25\/100|[from] Sandstorm\n|upkeep\n|\n|t:|1715395609\n|switch|p1b: Landorus|Landorus-Therian, L50, M|42\/100\n|-ability|p1b: Landorus|Intimidate|boost\n|-unboost|p2a: Lycanroc|atk|1\n|-fail|p2b: Tyranitar|unboost|[from] item: Clear Amulet|[of] p2b: Tyranitar\n|turn|4\n|\n|t:|1715395655\n|-terastallize|p1a: Chi-Yu|Ground\n|move|p2a: Lycanroc|Rock Slide|p1b: Landorus|[spread] p1a,p1b\n|-resisted|p1a: Chi-Yu\n|-damage|p1a: Chi-Yu|84\/100\n|-damage|p1b: Landorus|23\/100\n|move|p1a: Chi-Yu|Dark Pulse|p2b: Tyranitar\n|-damage|p2b: Tyranitar|0 fnt\n|faint|p2b: Tyranitar\n|cant|p1b: Landorus|flinch\n|\n|-weather|Sandstorm|[upkeep]\n|upkeep\n|turn|5\n|\n|t:|1715395666\n|move|p2a: Lycanroc|Rock Slide|p1a: Chi-Yu|[spread] p1a,p1b\n|-resisted|p1a: Chi-Yu\n|-damage|p1a: Chi-Yu|73\/100\n|-damage|p1b: Landorus|7\/100\n|cant|p1a: Chi-Yu|flinch\n|cant|p1b: Landorus|flinch\n|\n|-weather|Sandstorm|[upkeep]\n|-sideend|p2: bwahacough|move: Tailwind\n|-fieldend|move: Electric Terrain\n|upkeep\n|turn|6\n|\n|t:|1715395672\n|move|p2a: Lycanroc|Rock Slide|p1a: Chi-Yu|[spread] p1a,p1b\n|-resisted|p1a: Chi-Yu\n|-damage|p1a: Chi-Yu|62\/100\n|-damage|p1b: Landorus|0 fnt\n|faint|p1b: Landorus\n|move|p1a: Chi-Yu|Dark Pulse|p2a: Lycanroc\n|-damage|p2a: Lycanroc|0 fnt\n|faint|p2a: Lycanroc\n|\n|win|TheLoanRanger\n|raw|TheLoanRanger's rating: 1711 &rarr; <strong>1735<\/strong><br \/>(+24 for winning)\n|raw|bwahacough's rating: 1790 &rarr; <strong>1766<\/strong><br \/>(-24 for losing)\n|l|\u2606bwahacough\n|player|p2|\n|l|\u2606TheLoanRanger\n|player|p1|\n|l| TheBiggestDork\n|l| Upsilon Sul G\n","uploadtime":1715395899,"views":214,"formatid":"gen9vgc2024regg","rating":1735,"private":0,"password":null}