{"id":"gen9vgc2024regg-2122611185","format":"[Gen 9] VGC 2024 Reg G","players":["cicibi","Auraen"],"log":"|j|\u2606cicibi\n|j|\u2606Auraen\n|t:|1715446136\n|gametype|doubles\n|player|p1|cicibi|cilan|1800\n|player|p2|Auraen|170|1704\n|teamsize|p1|6\n|teamsize|p2|6\n|gen|9\n|tier|[Gen 9] VGC 2024 Reg G\n|rated|\n|rule|Species Clause: Limit one of each Pok\u00e9mon\n|rule|Item Clause: Limit one of each item\n|clearpoke\n|poke|p1|Amoonguss, L50, F|\n|poke|p1|Incineroar, L50, F|\n|poke|p1|Lunala, L50|\n|poke|p1|Raging Bolt, L50|\n|poke|p1|Ursaluna, L50, M|\n|poke|p1|Urshifu-*, L50, F|\n|poke|p2|Articuno-Galar, L50|\n|poke|p2|Zacian-*, L50|\n|poke|p2|Rillaboom, L50, F|\n|poke|p2|Incineroar, L50, F|\n|poke|p2|Ogerpon-Wellspring, L50, F|\n|poke|p2|Gouging Fire, L50|\n|teampreview|4\n|\n|t:|1715446166\n|start\n|switch|p1a: Lunala|Lunala, L50|100\/100\n|switch|p1b: Incineroar|Incineroar, L50, F|100\/100\n|switch|p2a: Zacian|Zacian-Crowned, L50|100\/100\n|switch|p2b: Incineroar|Incineroar, L50, F|100\/100\n|-ability|p2a: Zacian|Intrepid Sword|boost\n|-boost|p2a: Zacian|atk|1\n|-ability|p1b: Incineroar|Intimidate|boost\n|-unboost|p2a: Zacian|atk|1\n|-unboost|p2b: Incineroar|atk|1\n|-ability|p2b: Incineroar|Intimidate|boost\n|-unboost|p1a: Lunala|atk|1\n|-unboost|p1b: Incineroar|atk|1\n|turn|1\n|\n|t:|1715446190\n|move|p1b: Incineroar|Fake Out|p2a: Zacian\n|-resisted|p2a: Zacian\n|-damage|p2a: Zacian|97\/100\n|move|p2b: Incineroar|Fake Out|p1a: Lunala\n|-immune|p1a: Lunala\n|cant|p2a: Zacian|flinch\n|move|p1a: Lunala|Meteor Beam||[still]\n|-prepare|p1a: Lunala|Meteor Beam\n|-boost|p1a: Lunala|spa|1\n|-enditem|p1a: Lunala|Power Herb\n|-anim|p1a: Lunala|Meteor Beam|p2b: Incineroar\n|-supereffective|p2b: Incineroar\n|-damage|p2b: Incineroar|19\/100\n|\n|upkeep\n|turn|2\n|\n|t:|1715446214\n|-terastallize|p1a: Lunala|Grass\n|move|p2a: Zacian|Substitute|p2a: Zacian\n|-start|p2a: Zacian|Substitute\n|-damage|p2a: Zacian|73\/100\n|move|p1b: Incineroar|Parting Shot|p2a: Zacian\n|-unboost|p2a: Zacian|atk|1\n|-unboost|p2a: Zacian|spa|1\n|\n|t:|1715446221\n|switch|p1b: Ursaluna|Ursaluna, L50, M|100\/100|[from] Parting Shot\n|move|p2b: Incineroar|U-turn|p1a: Lunala\n|-supereffective|p1a: Lunala\n|-damage|p1a: Lunala|90\/100\n|\n|t:|1715446225\n|switch|p2b: Rillaboom|Rillaboom, L50, F|100\/100|[from] U-turn\n|-fieldstart|move: Grassy Terrain|[from] ability: Grassy Surge|[of] p2b: Rillaboom\n|move|p1a: Lunala|Trick Room|p1a: Lunala\n|-fieldstart|move: Trick Room|[of] p1a: Lunala\n|\n|-heal|p1a: Lunala|97\/100|[from] Grassy Terrain\n|-heal|p2a: Zacian|79\/100|[from] Grassy Terrain\n|-status|p1b: Ursaluna|brn|[from] item: Flame Orb\n|upkeep\n|turn|3\n|\n|t:|1715446242\n|switch|p2b: Incineroar|Incineroar, L50, F|19\/100\n|-ability|p2b: Incineroar|Intimidate|boost\n|-unboost|p1a: Lunala|atk|1\n|-unboost|p1b: Ursaluna|atk|1\n|move|p1b: Ursaluna|Facade|p2b: Incineroar\n|-damage|p2b: Incineroar|0 fnt\n|faint|p2b: Incineroar\n|move|p1a: Lunala|Moongeist Beam|p2a: Zacian\n|-end|p2a: Zacian|Substitute\n|move|p2a: Zacian|Behemoth Blade|p1a: Lunala\n|-damage|p1a: Lunala|68\/100\n|\n|-heal|p1a: Lunala|74\/100|[from] Grassy Terrain\n|-heal|p2a: Zacian|85\/100|[from] Grassy Terrain\n|-damage|p1b: Ursaluna|95\/100 brn|[from] brn\n|upkeep\n|\n|t:|1715446245\n|switch|p2b: Ogerpon|Ogerpon-Wellspring, L50, F|100\/100\n|turn|4\n|\n|t:|1715446273\n|-terastallize|p2b: Ogerpon|Water\n|detailschange|p2b: Ogerpon|Ogerpon-Wellspring-Tera, L50, F, tera:Water\n|-ability|p2b: Ogerpon|Embody Aspect (Wellspring)|boost\n|-boost|p2b: Ogerpon|spd|1\n|move|p1b: Ursaluna|Headlong Rush|p2a: Zacian\n|-supereffective|p2a: Zacian\n|-damage|p2a: Zacian|0 fnt\n|-unboost|p1b: Ursaluna|def|1\n|-unboost|p1b: Ursaluna|spd|1\n|faint|p2a: Zacian\n|move|p1a: Lunala|Moongeist Beam|p2b: Ogerpon\n|-damage|p2b: Ogerpon|41\/100\n|move|p2b: Ogerpon|Horn Leech|p1b: Ursaluna\n|-supereffective|p1b: Ursaluna\n|-damage|p1b: Ursaluna|0 fnt\n|-heal|p2b: Ogerpon|97\/100|[from] drain|[of] p1b: Ursaluna\n|faint|p1b: Ursaluna\n|\n|-heal|p1a: Lunala|80\/100|[from] Grassy Terrain\n|-heal|p2b: Ogerpon|100\/100|[from] Grassy Terrain\n|upkeep\n|\n|t:|1715446298\n|switch|p1b: Incineroar|Incineroar, L50, F|100\/100\n|switch|p2a: Rillaboom|Rillaboom, L50, F|100\/100\n|-ability|p1b: Incineroar|Intimidate|boost\n|-unboost|p2a: Rillaboom|atk|1\n|-unboost|p2b: Ogerpon|atk|1\n|turn|5\n|\n|t:|1715446310\n|move|p1b: Incineroar|Fake Out|p2b: Ogerpon\n|-crit|p2b: Ogerpon\n|-damage|p2b: Ogerpon|87\/100\n|cant|p2b: Ogerpon|flinch\n|move|p2a: Rillaboom|U-turn|p1a: Lunala\n|-supereffective|p1a: Lunala\n|-damage|p1a: Lunala|42\/100\n|move|p1a: Lunala|Moongeist Beam|p1b: Incineroar\n|-resisted|p1b: Incineroar\n|-crit|p1b: Incineroar\n|-damage|p1b: Incineroar|57\/100\n|\n|-heal|p1b: Incineroar|63\/100|[from] Grassy Terrain\n|-heal|p1a: Lunala|48\/100|[from] Grassy Terrain\n|-heal|p2b: Ogerpon|92\/100|[from] Grassy Terrain\n|upkeep\n|turn|6\n|\n|t:|1715446334\n|move|p2b: Ogerpon|Follow Me|p2b: Ogerpon\n|-singleturn|p2b: Ogerpon|move: Follow Me\n|move|p1b: Incineroar|Flare Blitz|p2b: Ogerpon\n|-resisted|p2b: Ogerpon\n|-damage|p2b: Ogerpon|70\/100\n|-damage|p1b: Incineroar|56\/100|[from] Recoil\n|move|p2a: Rillaboom|U-turn|p1a: Lunala\n|-supereffective|p1a: Lunala\n|-damage|p1a: Lunala|12\/100\n|move|p1a: Lunala|Moongeist Beam|p2b: Ogerpon\n|-damage|p2b: Ogerpon|12\/100\n|\n|-heal|p1b: Incineroar|62\/100|[from] Grassy Terrain\n|-heal|p1a: Lunala|18\/100|[from] Grassy Terrain\n|-heal|p2b: Ogerpon|18\/100|[from] Grassy Terrain\n|-fieldend|move: Trick Room\n|-fieldend|move: Grassy Terrain\n|upkeep\n|turn|7\n|\n|t:|1715446360\n|switch|p1b: Raging Bolt|Raging Bolt, L50|100\/100\n|move|p2b: Ogerpon|Ivy Cudgel|p1a: Lunala|[anim] Ivy Cudgel Water\n|-resisted|p1a: Lunala\n|-damage|p1a: Lunala|0 fnt\n|faint|p1a: Lunala\n|move|p2a: Rillaboom|U-turn|p1b: Raging Bolt\n|-damage|p1b: Raging Bolt|78\/100\n|\n|upkeep\n|\n|t:|1715446370\n|switch|p1a: Incineroar|Incineroar, L50, F|62\/100\n|-ability|p1a: Incineroar|Intimidate|boost\n|-unboost|p2a: Rillaboom|atk|1\n|-unboost|p2b: Ogerpon|atk|1\n|turn|8\n|-message|Auraen forfeited.\n|\n|win|cicibi\n|raw|cicibi's rating: 1800 &rarr; <strong>1815<\/strong><br \/>(+15 for winning)\n|raw|Auraen's rating: 1704 &rarr; <strong>1689<\/strong><br \/>(-15 for losing)\n|l|\u2606Auraen\n|player|p2|\n|l|\u2606cicibi\n|player|p1|\n","uploadtime":1715446392,"views":99,"formatid":"gen9vgc2024regg","rating":1689,"private":0,"password":null}