{"id":"gen9vgc2024regg-2122280713","format":"[Gen 9] VGC 2024 Reg G","players":["The Umpire","bwahacough"],"log":"|j|\u2606The Umpire\n|j|\u2606bwahacough\n|t:|1715393088\n|gametype|doubles\n|player|p1|The Umpire|volkner|1747\n|player|p2|bwahacough|medium|1784\n|teamsize|p1|6\n|teamsize|p2|6\n|gen|9\n|tier|[Gen 9] VGC 2024 Reg G\n|rated|\n|rule|Species Clause: Limit one of each Pok\u00e9mon\n|rule|Item Clause: Limit one of each item\n|clearpoke\n|poke|p1|Calyrex-Ice, L50|\n|poke|p1|Urshifu-*, L50, F|\n|poke|p1|Ursaluna-Bloodmoon, L50, M|\n|poke|p1|Raging Bolt, L50|\n|poke|p1|Farigiraf, L50, F|\n|poke|p1|Smeargle, L50, F|\n|poke|p2|Lycanroc, L50, M|\n|poke|p2|Tyranitar, L50, M|\n|poke|p2|Calyrex-Shadow, L50|\n|poke|p2|Farigiraf, L50, M|\n|poke|p2|Urshifu-*, L50, F|\n|poke|p2|Whimsicott, L50, M|\n|teampreview|4\n|\n|t:|1715393136\n|start\n|switch|p1a: Farigiraf|Farigiraf, L50, F|100\/100\n|switch|p1b: Smeargle|Smeargle, L50, F|100\/100\n|switch|p2a: Whimsicott|Whimsicott, L50, M|100\/100\n|switch|p2b: Calyrex|Calyrex-Shadow, L50|100\/100\n|-ability|p2b: Calyrex|As One\n|-ability|p2b: Calyrex|Unnerve\n|turn|1\n|\n|t:|1715393149\n|move|p1b: Smeargle|Fake Out|p2a: Whimsicott\n|-damage|p2a: Whimsicott|95\/100\n|move|p2b: Calyrex|Pollen Puff|p1a: Farigiraf\n|-supereffective|p1a: Farigiraf\n|-crit|p1a: Farigiraf\n|-damage|p1a: Farigiraf|0 fnt\n|faint|p1a: Farigiraf\n|-ability|p2b: Calyrex|Grim Neigh|boost\n|-boost|p2b: Calyrex|spa|1\n|cant|p2a: Whimsicott|flinch\n|\n|-ability|p1b: Smeargle|Moody|boost\n|-boost|p1b: Smeargle|spa|2\n|-unboost|p1b: Smeargle|spd|1\n|upkeep\n|\n|t:|1715393158\n|switch|p1a: Calyrex|Calyrex-Ice, L50|100\/100\n|-ability|p1a: Calyrex|As One\n|-ability|p1a: Calyrex|Unnerve\n|turn|2\n|\n|t:|1715393170\n|move|p1b: Smeargle|Follow Me|p1b: Smeargle\n|-singleturn|p1b: Smeargle|move: Follow Me\n|move|p2b: Calyrex|Pollen Puff|p1b: Smeargle\n|-enditem|p1b: Smeargle|Focus Sash\n|-damage|p1b: Smeargle|1\/100\n|move|p2a: Whimsicott|Moonblast|p1b: Smeargle\n|-damage|p1b: Smeargle|0 fnt\n|faint|p1b: Smeargle\n|move|p1a: Calyrex|Trick Room|p1a: Calyrex\n|-fieldstart|move: Trick Room|[of] p1a: Calyrex\n|\n|upkeep\n|\n|t:|1715393181\n|switch|p1b: Urshifu|Urshifu, L50, F|100\/100\n|turn|3\n|\n|t:|1715393192\n|switch|p2b: Tyranitar|Tyranitar, L50, M|100\/100\n|-weather|Sandstorm|[from] ability: Sand Stream|[of] p2b: Tyranitar\n|-terastallize|p2a: Whimsicott|Ghost\n|move|p1a: Calyrex|Glacial Lance|p2a: Whimsicott|[spread] p2a,p2b\n|-damage|p2a: Whimsicott|29\/100\n|-damage|p2b: Tyranitar|52\/100\n|move|p1b: Urshifu|Wicked Blow|p2b: Tyranitar\n|-resisted|p2b: Tyranitar\n|-crit|p2b: Tyranitar\n|-damage|p2b: Tyranitar|13\/100\n|move|p2a: Whimsicott|Moonblast|p1b: Urshifu\n|-supereffective|p1b: Urshifu\n|-damage|p1b: Urshifu|0 fnt\n|faint|p1b: Urshifu\n|\n|-weather|Sandstorm|[upkeep]\n|-damage|p1a: Calyrex|95\/100|[from] Sandstorm\n|-damage|p2a: Whimsicott|23\/100|[from] Sandstorm\n|upkeep\n|turn|4\n|\n|t:|1715393207\n|switch|p2a: Urshifu|Urshifu-Rapid-Strike, L50, F|100\/100\n|move|p2b: Tyranitar|Protect|p2b: Tyranitar\n|-singleturn|p2b: Tyranitar|Protect\n|move|p1a: Calyrex|Glacial Lance|p2a: Urshifu|[spread] p2a\n|-activate|p2b: Tyranitar|move: Protect\n|-resisted|p2a: Urshifu\n|-damage|p2a: Urshifu|75\/100\n|\n|-weather|Sandstorm|[upkeep]\n|-damage|p1a: Calyrex|89\/100|[from] Sandstorm\n|-damage|p2a: Urshifu|69\/100|[from] Sandstorm\n|upkeep\n|turn|5\n|\n|t:|1715393216\n|switch|p2b: Whimsicott|Whimsicott, L50, M, tera:Ghost|23\/100\n|move|p1a: Calyrex|Glacial Lance|p2a: Urshifu|[spread] p2a,p2b\n|-resisted|p2a: Urshifu\n|-damage|p2a: Urshifu|40\/100\n|-damage|p2b: Whimsicott|0 fnt\n|faint|p2b: Whimsicott\n|-ability|p1a: Calyrex|Chilling Neigh|boost\n|-boost|p1a: Calyrex|atk|1\n|move|p2a: Urshifu|Surging Strikes|p1a: Calyrex\n|-crit|p1a: Calyrex\n|-damage|p1a: Calyrex|67\/100\n|-crit|p1a: Calyrex\n|-damage|p1a: Calyrex|45\/100\n|-crit|p1a: Calyrex\n|-damage|p1a: Calyrex|25\/100\n|-hitcount|p1a: Calyrex|3\n|\n|-weather|Sandstorm|[upkeep]\n|-damage|p1a: Calyrex|19\/100|[from] Sandstorm\n|-damage|p2a: Urshifu|33\/100|[from] Sandstorm\n|upkeep\n|\n|t:|1715393219\n|switch|p2b: Tyranitar|Tyranitar, L50, M|13\/100\n|turn|6\n|\n|t:|1715393226\n|move|p2b: Tyranitar|Protect|p2b: Tyranitar\n|-singleturn|p2b: Tyranitar|Protect\n|move|p1a: Calyrex|Glacial Lance|p2b: Tyranitar|[spread] p2a\n|-activate|p2b: Tyranitar|move: Protect\n|-resisted|p2a: Urshifu\n|-damage|p2a: Urshifu|0 fnt\n|faint|p2a: Urshifu\n|-ability|p1a: Calyrex|Chilling Neigh|boost\n|-boost|p1a: Calyrex|atk|1\n|\n|-weather|Sandstorm|[upkeep]\n|-damage|p1a: Calyrex|13\/100|[from] Sandstorm\n|-fieldend|move: Trick Room\n|upkeep\n|-message|The Umpire forfeited.\n|\n|win|bwahacough\n|raw|The Umpire's rating: 1747 &rarr; <strong>1730<\/strong><br \/>(-17 for losing)\n|raw|bwahacough's rating: 1794 &rarr; <strong>1811<\/strong><br \/>(+17 for winning)\n|l|\u2606The Umpire\n|player|p1|\n|l|\u2606bwahacough\n|player|p2|\n","uploadtime":1715393406,"views":123,"formatid":"gen9vgc2024regg","rating":1730,"private":0,"password":null}