{"id":"gen9vgc2024regg-2122168776","format":"[Gen 9] VGC 2024 Reg G","players":["TheLoanRanger","bwahacough"],"log":"|j|\u2606TheLoanRanger\n|j|\u2606bwahacough\n|t:|1715378306\n|gametype|doubles\n|player|p1|TheLoanRanger|gardenia|1713\n|player|p2|bwahacough|medium|1812\n|teamsize|p1|6\n|teamsize|p2|6\n|gen|9\n|tier|[Gen 9] VGC 2024 Reg G\n|rated|\n|rule|Species Clause: Limit one of each Pok\u00e9mon\n|rule|Item Clause: Limit one of each item\n|clearpoke\n|poke|p1|Miraidon, L50|\n|poke|p1|Kingambit, L50, M|\n|poke|p1|Urshifu-*, L50, F|\n|poke|p1|Ogerpon-Hearthflame, L50, F|\n|poke|p1|Landorus-Therian, L50, M|\n|poke|p1|Whimsicott, L50, F|\n|poke|p2|Lycanroc, L50, F|\n|poke|p2|Tyranitar, L50, M|\n|poke|p2|Calyrex-Shadow, L50|\n|poke|p2|Farigiraf, L50, M|\n|poke|p2|Urshifu-*, L50, F|\n|poke|p2|Whimsicott, L50, F|\n|teampreview|4\nTheLoanRanger has agreed to open team sheets.\nbwahacough has agreed to open team sheets.\n|j| Liboire2\n|j| Hydrion\n|\n|t:|1715378381\n|start\n|switch|p1a: Miraidon|Miraidon, L50|100\/100\n|switch|p1b: Whimsicott|Whimsicott, L50, F|100\/100\n|switch|p2a: Calyrex|Calyrex-Shadow, L50|100\/100\n|switch|p2b: Whimsicott|Whimsicott, L50, F|100\/100\n|-ability|p2a: Calyrex|As One\n|-ability|p2a: Calyrex|Unnerve\n|-fieldstart|move: Electric Terrain|[from] ability: Hadron Engine|[of] p1a: Miraidon\n|turn|1\n|\n|t:|1715378408\n|-terastallize|p1a: Miraidon|Electric\n|move|p1b: Whimsicott|Light Screen|p1b: Whimsicott\n|-sidestart|p1: TheLoanRanger|move: Light Screen\n|move|p2b: Whimsicott|Tailwind|p2b: Whimsicott\n|-sidestart|p2: bwahacough|move: Tailwind\n|move|p2a: Calyrex|Astral Barrage|p1b: Whimsicott|[spread] p1a,p1b\n|-damage|p1a: Miraidon|50\/100\n|-damage|p1b: Whimsicott|16\/100\n|move|p1a: Miraidon|Volt Switch|p2a: Calyrex\n|-damage|p2a: Calyrex|0 fnt\n|faint|p2a: Calyrex\n|\n|t:|1715378417\n|switch|p1a: Urshifu|Urshifu-Rapid-Strike, L50, F|100\/100|[from] Volt Switch\n|\n|upkeep\n|\n|t:|1715378423\n|switch|p2a: Tyranitar|Tyranitar, L50, M|100\/100\n|-weather|Sandstorm|[from] ability: Sand Stream|[of] p2a: Tyranitar\n|turn|2\n|j| Judang\n|inactive|Battle timer is ON: inactive players will automatically lose when time's up. (requested by bwahacough)\n|\n|t:|1715378517\n|switch|p1b: Kingambit|Kingambit, L50, M|100\/100\n|-terastallize|p2a: Tyranitar|Grass\n|move|p2b: Whimsicott|Moonblast|p1a: Urshifu\n|-supereffective|p1a: Urshifu\n|-damage|p1a: Urshifu|58\/100\n|move|p2a: Tyranitar|Rock Slide|p1a: Urshifu|[spread] p1a,p1b\n|-resisted|p1a: Urshifu\n|-resisted|p1b: Kingambit\n|-damage|p1a: Urshifu|44\/100\n|-damage|p1b: Kingambit|90\/100\n|move|p1a: Urshifu|Surging Strikes|p2b: Whimsicott\n|-resisted|p2b: Whimsicott\n|-crit|p2b: Whimsicott\n|-damage|p2b: Whimsicott|89\/100\n|-resisted|p2b: Whimsicott\n|-crit|p2b: Whimsicott\n|-damage|p2b: Whimsicott|78\/100\n|-resisted|p2b: Whimsicott\n|-crit|p2b: Whimsicott\n|-damage|p2b: Whimsicott|67\/100\n|-hitcount|p2b: Whimsicott|3\n|\n|-weather|Sandstorm|[upkeep]\n|-damage|p2b: Whimsicott|61\/100|[from] Sandstorm\n|-damage|p2a: Tyranitar|95\/100|[from] Sandstorm\n|-damage|p1a: Urshifu|38\/100|[from] Sandstorm\n|upkeep\n|turn|3\n|inactive|TheLoanRanger has 30 seconds left.\n|inactive|TheLoanRanger has 20 seconds left.\n|inactive|TheLoanRanger has 15 seconds left.\n|inactive|TheLoanRanger has 10 seconds left.\n|inactive|TheLoanRanger has 5 seconds left.\n|\n|t:|1715378568\n|switch|p1a: Whimsicott|Whimsicott, L50, F|16\/100\n|move|p2b: Whimsicott|Cotton Spore|p1a: Whimsicott|[spread] \n|-immune|p1a: Whimsicott\n|-hint|Since gen 7, Dark is immune to Prankster moves.\n|-immune|p1b: Kingambit\n|move|p2a: Tyranitar|Low Kick|p1b: Kingambit\n|-supereffective|p1b: Kingambit\n|-damage|p1b: Kingambit|0 fnt\n|faint|p1b: Kingambit\n|\n|-weather|Sandstorm|[upkeep]\n|-damage|p2b: Whimsicott|55\/100|[from] Sandstorm\n|-damage|p1a: Whimsicott|10\/100|[from] Sandstorm\n|-damage|p2a: Tyranitar|89\/100|[from] Sandstorm\n|upkeep\n|\n|t:|1715378580\n|switch|p1b: Miraidon|Miraidon, L50, tera:Electric|50\/100\n|-activate|p1b: Miraidon|ability: Hadron Engine\n|turn|4\n|\n|t:|1715378598\n|move|p2b: Whimsicott|Cotton Spore|p1b: Miraidon|[spread] p1b\n|-immune|p1a: Whimsicott\n|-unboost|p1b: Miraidon|spe|2\n|move|p1a: Whimsicott|Tailwind|p1a: Whimsicott\n|-sidestart|p1: TheLoanRanger|move: Tailwind\n|move|p1b: Miraidon|Volt Switch|p2b: Whimsicott\n|-resisted|p2b: Whimsicott\n|-damage|p2b: Whimsicott|0 fnt\n|faint|p2b: Whimsicott\n|\n|t:|1715378605\n|switch|p1b: Urshifu|Urshifu-Rapid-Strike, L50, F|38\/100|[from] Volt Switch\n|move|p2a: Tyranitar|Knock Off|p1b: Urshifu\n|-resisted|p1b: Urshifu\n|-damage|p1b: Urshifu|11\/100\n|-enditem|p1b: Urshifu|Covert Cloak|[from] move: Knock Off|[of] p2a: Tyranitar\n|\n|-weather|Sandstorm|[upkeep]\n|-damage|p1a: Whimsicott|4\/100|[from] Sandstorm\n|-damage|p1b: Urshifu|5\/100|[from] Sandstorm\n|-damage|p2a: Tyranitar|83\/100|[from] Sandstorm\n|-sideend|p2: bwahacough|move: Tailwind\n|upkeep\n|j| macmilan\n|\n|t:|1715378620\n|switch|p2b: Lycanroc|Lycanroc, L50, F|100\/100\n|turn|5\n|inactive|TheLoanRanger has 30 seconds left.\n|\n|t:|1715378651\n|move|p1a: Whimsicott|Moonblast|p2b: Lycanroc\n|-damage|p2b: Lycanroc|60\/100\n|move|p2b: Lycanroc|Rock Slide|p1a: Whimsicott|[spread] p1a,p1b\n|-resisted|p1b: Urshifu\n|-damage|p1a: Whimsicott|0 fnt\n|-damage|p1b: Urshifu|0 fnt\n|faint|p1a: Whimsicott\n|faint|p1b: Urshifu\n|move|p2a: Tyranitar|Rock Slide|p1: Whimsicott|[notarget]\n|-fail|p2a: Tyranitar\n|\n|-weather|Sandstorm|[upkeep]\n|-damage|p2a: Tyranitar|77\/100|[from] Sandstorm\n|-sideend|p1: TheLoanRanger|move: Light Screen\n|-fieldend|move: Electric Terrain\n|upkeep\n|\n|t:|1715378655\n|switch|p1b: Miraidon|Miraidon, L50, tera:Electric|50\/100\n|-fieldstart|move: Electric Terrain|[from] ability: Hadron Engine|[of] p1b: Miraidon\n|turn|6\n|\n|t:|1715378662\n|move|p1b: Miraidon|Discharge|p2b: Lycanroc|[spread] p2a,p2b\n|-resisted|p2a: Tyranitar\n|-damage|p2a: Tyranitar|25\/100\n|-damage|p2b: Lycanroc|0 fnt\n|-status|p2a: Tyranitar|par\n|faint|p2b: Lycanroc\n|move|p2a: Tyranitar|Knock Off|p1b: Miraidon\n|-damage|p1b: Miraidon|0 fnt\n|-enditem|p1b: Miraidon|Choice Specs|[from] move: Knock Off|[of] p2a: Tyranitar\n|faint|p1b: Miraidon\n|\n|win|bwahacough\n|raw|TheLoanRanger's rating: 1713 &rarr; <strong>1700<\/strong><br \/>(-13 for losing)\n|raw|bwahacough's rating: 1837 &rarr; <strong>1850<\/strong><br \/>(+13 for winning)\n|l|\u2606TheLoanRanger\n|player|p1|\n|l|\u2606bwahacough\n|player|p2|\n|l| macmilan\n|l| Hydrion\n","uploadtime":1715378891,"views":56,"formatid":"gen9vgc2024regg","rating":1700,"private":0,"password":null}