{"id":"gen9vgc2024regg-2122534570","format":"[Gen 9] VGC 2024 Reg G","players":["kojimuranishi","gossifleur23"],"log":"|j|\u2606kojimuranishi\n|j|\u2606gossifleur23\n|t:|1715436928\n|gametype|doubles\n|player|p1|kojimuranishi|101|1675\n|player|p2|gossifleur23|lisia|1821\n|teamsize|p1|6\n|teamsize|p2|6\n|gen|9\n|tier|[Gen 9] VGC 2024 Reg G\n|rated|\n|rule|Species Clause: Limit one of each Pok\u00e9mon\n|rule|Item Clause: Limit one of each item\n|clearpoke\n|poke|p1|Kyogre, L50|\n|poke|p1|Flutter Mane, L50|\n|poke|p1|Urshifu-*, L50, F|\n|poke|p1|Chien-Pao, L50|\n|poke|p1|Dragonite, L50, M|\n|poke|p1|Raging Bolt, L50|\n|poke|p2|Whimsicott, L50, F|\n|poke|p2|Miraidon, L50|\n|poke|p2|Chi-Yu, L50|\n|poke|p2|Flutter Mane, L50|\n|poke|p2|Ogerpon-Wellspring, L50, F|\n|poke|p2|Regidrago, L50|\n|teampreview|4\n|j| dmddo wogus\n|\n|t:|1715436984\n|start\n|switch|p1a: Flutter Mane|Flutter Mane, L50|100\/100\n|switch|p1b: Kyogre|Kyogre, L50|100\/100\n|switch|p2a: Flutter Mane|Flutter Mane, L50|100\/100\n|switch|p2b: Ogerpon|Ogerpon-Wellspring, L50, F|100\/100\n|-weather|RainDance|[from] ability: Drizzle|[of] p1b: Kyogre\n|turn|1\n|\n|t:|1715437011\n|-terastallize|p1b: Kyogre|Grass\n|move|p2a: Flutter Mane|Moonblast|p1b: Kyogre\n|-damage|p1b: Kyogre|49\/100\n|move|p1a: Flutter Mane|Icy Wind|p2a: Flutter Mane|[spread] p2a,p2b\n|-damage|p2a: Flutter Mane|84\/100\n|-damage|p2b: Ogerpon|88\/100\n|-unboost|p2a: Flutter Mane|spe|1\n|-unboost|p2b: Ogerpon|spe|1\n|move|p1b: Kyogre|Thunder|p2b: Ogerpon\n|-damage|p2b: Ogerpon|48\/100\n|-status|p2b: Ogerpon|par\n|cant|p2b: Ogerpon|par\n|\n|-weather|RainDance|[upkeep]\n|upkeep\n|turn|2\n|\n|t:|1715437064\n|move|p1a: Flutter Mane|Shadow Ball|p2a: Flutter Mane\n|-supereffective|p2a: Flutter Mane\n|-damage|p2a: Flutter Mane|0 fnt\n|faint|p2a: Flutter Mane\n|-end|p2a: Flutter Mane|Protosynthesis|[silent]\n|move|p1b: Kyogre|Thunder|p2b: Ogerpon\n|-damage|p2b: Ogerpon|8\/100 par\n|move|p2b: Ogerpon|Ivy Cudgel|p1a: Flutter Mane|[anim] Ivy Cudgel Water\n|-enditem|p1a: Flutter Mane|Focus Sash\n|-damage|p1a: Flutter Mane|1\/100\n|\n|-weather|RainDance|[upkeep]\n|upkeep\n|\n|t:|1715437087\n|switch|p2a: Miraidon|Miraidon, L50|100\/100\n|-fieldstart|move: Electric Terrain|[from] ability: Hadron Engine|[of] p2a: Miraidon\n|turn|3\n|\n|t:|1715437098\n|move|p2a: Miraidon|Protect|p2a: Miraidon\n|-singleturn|p2a: Miraidon|Protect\n|move|p1a: Flutter Mane|Icy Wind|p2b: Ogerpon|[spread] p2b\n|-activate|p2a: Miraidon|move: Protect\n|-damage|p2b: Ogerpon|0 fnt\n|faint|p2b: Ogerpon\n|move|p1b: Kyogre|Ice Beam|p2a: Miraidon\n|-activate|p2a: Miraidon|move: Protect\n|\n|-weather|RainDance|[upkeep]\n|upkeep\n|\n|t:|1715437108\n|switch|p2b: Whimsicott|Whimsicott, L50, F|100\/100\n|turn|4\n|\n|t:|1715437126\n|-terastallize|p2a: Miraidon|Fairy\n|move|p2b: Whimsicott|Fake Tears|p1b: Kyogre\n|-unboost|p1b: Kyogre|spd|2\n|move|p2a: Miraidon|Dazzling Gleam|p1b: Kyogre|[spread] p1a,p1b\n|-damage|p1a: Flutter Mane|0 fnt\n|-damage|p1b: Kyogre|0 fnt\n|faint|p1a: Flutter Mane\n|-end|p1a: Flutter Mane|Protosynthesis|[silent]\n|faint|p1b: Kyogre\n|-damage|p2a: Miraidon|91\/100|[from] item: Life Orb\n|\n|-weather|RainDance|[upkeep]\n|upkeep\n|\n|t:|1715437140\n|switch|p1a: Dragonite|Dragonite, L50, M|100\/100\n|switch|p1b: Chien-Pao|Chien-Pao, L50|100\/100\n|-ability|p1b: Chien-Pao|Sword of Ruin\n|turn|5\n|j| Rabbithorn01\n|j| TuxSH\n|inactive|Battle timer is ON: inactive players will automatically lose when time's up. (requested by gossifleur23)\n|\n|t:|1715437161\n|move|p1b: Chien-Pao|Protect|p1b: Chien-Pao\n|-singleturn|p1b: Chien-Pao|Protect\n|move|p1a: Dragonite|Extreme Speed|p2a: Miraidon\n|-damage|p2a: Miraidon|32\/100\n|move|p2a: Miraidon|Dazzling Gleam|p1a: Dragonite|[spread] p1a\n|-activate|p1b: Chien-Pao|move: Protect\n|-supereffective|p1a: Dragonite\n|-damage|p1a: Dragonite|52\/100\n|-damage|p2a: Miraidon|22\/100|[from] item: Life Orb\n|move|p2b: Whimsicott|Moonblast|p1b: Chien-Pao\n|-activate|p1b: Chien-Pao|move: Protect\n|\n|-weather|none\n|upkeep\n|turn|6\n|\n|t:|1715437179\n|move|p2a: Miraidon|Protect|p2a: Miraidon\n|-singleturn|p2a: Miraidon|Protect\n|move|p1a: Dragonite|Extreme Speed|p2a: Miraidon\n|-activate|p2a: Miraidon|move: Protect\n|move|p1b: Chien-Pao|Ice Spinner|p2b: Whimsicott\n|-supereffective|p2b: Whimsicott\n|-damage|p2b: Whimsicott|0 fnt\n|-fieldend|move: Electric Terrain\n|faint|p2b: Whimsicott\n|-damage|p1b: Chien-Pao|91\/100|[from] item: Life Orb\n|\n|upkeep\n|turn|7\n|\n|t:|1715437194\n|move|p1a: Dragonite|Extreme Speed|p2a: Miraidon\n|-damage|p2a: Miraidon|0 fnt\n|faint|p2a: Miraidon\n|\n|win|kojimuranishi\n|raw|kojimuranishi's rating: 1675 &rarr; <strong>1703<\/strong><br \/>(+28 for winning)\n|raw|gossifleur23's rating: 1821 &rarr; <strong>1793<\/strong><br \/>(-28 for losing)\n|l|\u2606gossifleur23\n|player|p2|\n|l|\u2606kojimuranishi\n|player|p1|\n|l| TuxSH\n|l| dmddo wogus\n","uploadtime":1715437207,"views":78,"formatid":"gen9vgc2024regg","rating":1703,"private":0,"password":null}