{"id":"gen9vgc2024regg-2122105285","format":"[Gen 9] VGC 2024 Reg G","players":["bwahacough","Auraen"],"log":"|j|\u2606bwahacough\n|j|\u2606Auraen\n|t:|1715371256\n|gametype|doubles\n|player|p1|bwahacough|medium|1779\n|player|p2|Auraen|266|1696\n|teamsize|p1|6\n|teamsize|p2|6\n|gen|9\n|tier|[Gen 9] VGC 2024 Reg G\n|rated|\n|rule|Species Clause: Limit one of each Pok\u00e9mon\n|rule|Item Clause: Limit one of each item\n|clearpoke\n|poke|p1|Lycanroc, L50, F|\n|poke|p1|Tyranitar, L50, M|\n|poke|p1|Calyrex-Shadow, L50|\n|poke|p1|Farigiraf, L50, M|\n|poke|p1|Urshifu-*, L50, F|\n|poke|p1|Whimsicott, L50, M|\n|poke|p2|Articuno-Galar, L50|\n|poke|p2|Zacian-*, L50|\n|poke|p2|Rillaboom, L50, F|\n|poke|p2|Incineroar, L50, M|\n|poke|p2|Ogerpon-Wellspring, L50, F|\n|poke|p2|Gouging Fire, L50|\n|teampreview|4\n|j| jordangerous\n|\n|t:|1715371279\n|start\n|switch|p1a: Lycanroc|Lycanroc, L50, F|100\/100\n|switch|p1b: Tyranitar|Tyranitar, L50, M|100\/100\n|switch|p2a: Ogerpon|Ogerpon-Wellspring, L50, F|100\/100\n|switch|p2b: Gouging Fire|Gouging Fire, L50|100\/100\n|-weather|Sandstorm|[from] ability: Sand Stream|[of] p1b: Tyranitar\n|-enditem|p2b: Gouging Fire|Booster Energy\n|-activate|p2b: Gouging Fire|ability: Protosynthesis|[fromitem]\n|-start|p2b: Gouging Fire|protosynthesisspe\n|turn|1\n|\n|t:|1715371297\n|switch|p2a: Incineroar|Incineroar, L50, M|100\/100\n|-ability|p2a: Incineroar|Intimidate|boost\n|-unboost|p1a: Lycanroc|atk|1\n|-fail|p1b: Tyranitar|unboost|[from] item: Clear Amulet|[of] p1b: Tyranitar\n|move|p1a: Lycanroc|Protect|p1a: Lycanroc\n|-singleturn|p1a: Lycanroc|Protect\n|move|p2b: Gouging Fire|Breaking Swipe|p1b: Tyranitar|[spread] p1b\n|-activate|p1a: Lycanroc|move: Protect\n|-damage|p1b: Tyranitar|85\/100\n|move|p1b: Tyranitar|Rock Slide|p2a: Incineroar|[spread] p2a,p2b\n|-supereffective|p2a: Incineroar\n|-supereffective|p2b: Gouging Fire\n|-damage|p2a: Incineroar|58\/100\n|-damage|p2b: Gouging Fire|56\/100\n|\n|-weather|Sandstorm|[upkeep]\n|-damage|p2b: Gouging Fire|50\/100|[from] Sandstorm\n|-damage|p2a: Incineroar|52\/100|[from] Sandstorm\n|upkeep\n|turn|2\n|\n|t:|1715371322\n|switch|p1a: Farigiraf|Farigiraf, L50, M, shiny|100\/100\n|move|p2b: Gouging Fire|Burning Bulwark|p2b: Gouging Fire\n|-singleturn|p2b: Gouging Fire|move: Protect\n|move|p1b: Tyranitar|Rock Slide|p2b: Gouging Fire|[spread] p2a\n|-activate|p2b: Gouging Fire|move: Protect\n|-supereffective|p2a: Incineroar\n|-damage|p2a: Incineroar|4\/100\n|move|p2a: Incineroar|Knock Off|p1b: Tyranitar\n|-resisted|p1b: Tyranitar\n|-damage|p1b: Tyranitar|71\/100\n|-enditem|p1b: Tyranitar|Clear Amulet|[from] move: Knock Off|[of] p2a: Incineroar\n|\n|-weather|Sandstorm|[upkeep]\n|-damage|p2b: Gouging Fire|44\/100|[from] Sandstorm\n|-damage|p2a: Incineroar|0 fnt|[from] Sandstorm\n|faint|p2a: Incineroar\n|upkeep\n|\n|t:|1715371325\n|switch|p2a: Ogerpon|Ogerpon-Wellspring, L50, F|100\/100\n|turn|3\n|\n|t:|1715371348\n|-terastallize|p2a: Ogerpon|Water\n|detailschange|p2a: Ogerpon|Ogerpon-Wellspring-Tera, L50, F, tera:Water\n|-ability|p2a: Ogerpon|Embody Aspect (Wellspring)|boost\n|-boost|p2a: Ogerpon|spd|1\n|-terastallize|p1b: Tyranitar|Grass\n|move|p1a: Farigiraf|Helping Hand|p1b: Tyranitar\n|-singleturn|p1b: Tyranitar|Helping Hand|[of] p1a: Farigiraf\n|move|p2b: Gouging Fire|Howl|p2b: Gouging Fire|[spread] p2a,p2b\n|-boost|p2a: Ogerpon|atk|1\n|-boost|p2b: Gouging Fire|atk|1\n|move|p2a: Ogerpon|Ivy Cudgel|p1a: Farigiraf|[anim] Ivy Cudgel Water\n|-damage|p1a: Farigiraf|6\/100\n|move|p1b: Tyranitar|Rock Slide|p2b: Gouging Fire|[spread] p2a,p2b\n|-supereffective|p2b: Gouging Fire\n|-damage|p2a: Ogerpon|59\/100\n|-damage|p2b: Gouging Fire|0 fnt\n|faint|p2b: Gouging Fire\n|-end|p2b: Gouging Fire|Protosynthesis|[silent]\n|\n|-weather|Sandstorm|[upkeep]\n|-damage|p2a: Ogerpon|53\/100|[from] Sandstorm\n|-damage|p1b: Tyranitar|65\/100|[from] Sandstorm\n|upkeep\n|\n|t:|1715371350\n|switch|p2b: Rillaboom|Rillaboom, L50, F|100\/100\n|-fieldstart|move: Grassy Terrain|[from] ability: Grassy Surge|[of] p2b: Rillaboom\n|turn|4\n|\n|t:|1715371371\n|move|p1a: Farigiraf|Protect|p1a: Farigiraf\n|-singleturn|p1a: Farigiraf|Protect\n|move|p2a: Ogerpon|Horn Leech|p1b: Tyranitar\n|-resisted|p1b: Tyranitar\n|-damage|p1b: Tyranitar|35\/100\n|-heal|p2a: Ogerpon|69\/100|[from] drain|[of] p1b: Tyranitar\n|move|p2b: Rillaboom|U-turn|p1b: Tyranitar\n|-supereffective|p1b: Tyranitar\n|-damage|p1b: Tyranitar|0 fnt\n|faint|p1b: Tyranitar\n|\n|-weather|Sandstorm|[upkeep]\n|-damage|p2a: Ogerpon|63\/100|[from] Sandstorm\n|-damage|p2b: Rillaboom|95\/100|[from] Sandstorm\n|-heal|p2a: Ogerpon|69\/100|[from] Grassy Terrain\n|-heal|p2b: Rillaboom|100\/100|[from] Grassy Terrain\n|-heal|p1a: Farigiraf|12\/100|[from] Grassy Terrain\n|upkeep\n|\n|t:|1715371393\n|switch|p1b: Lycanroc|Lycanroc, L50, F|100\/100\n|turn|5\n|\n|t:|1715371396\n|move|p1a: Farigiraf|Helping Hand|p1b: Lycanroc\n|-singleturn|p1b: Lycanroc|Helping Hand|[of] p1a: Farigiraf\n|move|p1b: Lycanroc|Rock Slide|p2a: Ogerpon|[spread] p2a,p2b\n|-damage|p2a: Ogerpon|22\/100\n|-damage|p2b: Rillaboom|58\/100\n|cant|p2a: Ogerpon|flinch\n|move|p2b: Rillaboom|U-turn|p1b: Lycanroc\n|-damage|p1b: Lycanroc|36\/100\n|\n|-weather|none\n|-heal|p1b: Lycanroc|42\/100|[from] Grassy Terrain\n|-heal|p2a: Ogerpon|28\/100|[from] Grassy Terrain\n|-heal|p2b: Rillaboom|64\/100|[from] Grassy Terrain\n|-heal|p1a: Farigiraf|18\/100|[from] Grassy Terrain\n|upkeep\n|turn|6\n|-message|Auraen forfeited.\n|\n|win|bwahacough\n|raw|bwahacough's rating: 1794 &rarr; <strong>1809<\/strong><br \/>(+15 for winning)\n|raw|Auraen's rating: 1696 &rarr; <strong>1681<\/strong><br \/>(-15 for losing)\n|l|\u2606Auraen\n|player|p2|\n|l| jordangerous\n|l|\u2606bwahacough\n|player|p1|\n","uploadtime":1715371680,"views":35,"formatid":"gen9vgc2024regg","rating":1681,"private":0,"password":null}