{"id":"gen9vgc2024regg-2122275394","format":"[Gen 9] VGC 2024 Reg G","players":["bwahacough","The Umpire"],"log":"|j|\u2606bwahacough\n|j|\u2606The Umpire\n|t:|1715392367\n|gametype|doubles\n|player|p1|bwahacough|medium|1814\n|player|p2|The Umpire|volkner|1720\n|teamsize|p1|6\n|teamsize|p2|6\n|gen|9\n|tier|[Gen 9] VGC 2024 Reg G\n|rated|\n|rule|Species Clause: Limit one of each Pok\u00e9mon\n|rule|Item Clause: Limit one of each item\n|clearpoke\n|poke|p1|Lycanroc, L50, F|\n|poke|p1|Tyranitar, L50, F|\n|poke|p1|Calyrex-Shadow, L50|\n|poke|p1|Farigiraf, L50, F|\n|poke|p1|Urshifu-*, L50, F|\n|poke|p1|Whimsicott, L50, M|\n|poke|p2|Calyrex-Ice, L50|\n|poke|p2|Urshifu-*, L50, M|\n|poke|p2|Ursaluna-Bloodmoon, L50, M|\n|poke|p2|Raging Bolt, L50|\n|poke|p2|Farigiraf, L50, M|\n|poke|p2|Smeargle, L50, M|\n|teampreview|4\n|\n|t:|1715392402\n|start\n|switch|p1a: Urshifu|Urshifu-Rapid-Strike, L50, F|100\/100\n|switch|p1b: Calyrex|Calyrex-Shadow, L50|100\/100\n|switch|p2a: Calyrex|Calyrex-Ice, L50|100\/100\n|switch|p2b: Smeargle|Smeargle, L50, M|100\/100\n|-ability|p1b: Calyrex|As One\n|-ability|p1b: Calyrex|Unnerve\n|-ability|p2a: Calyrex|As One\n|-ability|p2a: Calyrex|Unnerve\n|turn|1\n|\n|t:|1715392415\n|-terastallize|p2a: Calyrex|Fire\n|move|p2b: Smeargle|Fake Out|p1a: Urshifu\n|-crit|p1a: Urshifu\n|-damage|p1a: Urshifu|90\/100\n|move|p1b: Calyrex|Pollen Puff|p2a: Calyrex\n|-resisted|p2a: Calyrex\n|-damage|p2a: Calyrex|82\/100\n|cant|p1a: Urshifu|flinch\n|move|p2a: Calyrex|Trick Room|p2a: Calyrex\n|-fieldstart|move: Trick Room|[of] p2a: Calyrex\n|\n|upkeep\n|turn|2\n|\n|t:|1715392430\n|move|p2b: Smeargle|Follow Me|p2b: Smeargle\n|-singleturn|p2b: Smeargle|move: Follow Me\n|move|p1a: Urshifu|Aqua Jet|p2b: Smeargle\n|-damage|p2b: Smeargle|19\/100\n|move|p2a: Calyrex|Glacial Lance|p1b: Calyrex|[spread] p1a,p1b\n|-resisted|p1a: Urshifu\n|-damage|p1a: Urshifu|61\/100\n|-damage|p1b: Calyrex|31\/100\n|move|p1b: Calyrex|Pollen Puff|p2b: Smeargle\n|-damage|p2b: Smeargle|0 fnt\n|faint|p2b: Smeargle\n|-ability|p1b: Calyrex|Grim Neigh|boost\n|-boost|p1b: Calyrex|spa|1\n|\n|upkeep\n|\n|t:|1715392446\n|switch|p2b: Urshifu|Urshifu, L50, M|100\/100\n|turn|3\n|\n|t:|1715392453\n|switch|p1b: Tyranitar|Tyranitar, L50, F|100\/100\n|-weather|Sandstorm|[from] ability: Sand Stream|[of] p1b: Tyranitar\n|move|p1a: Urshifu|Aqua Jet|p2a: Calyrex\n|-supereffective|p2a: Calyrex\n|-damage|p2a: Calyrex|37\/100\n|move|p2a: Calyrex|Glacial Lance|p1a: Urshifu|[spread] p1a,p1b\n|-resisted|p1a: Urshifu\n|-damage|p1a: Urshifu|35\/100\n|-damage|p1b: Tyranitar|55\/100\n|move|p2b: Urshifu|Close Combat|p1a: Urshifu\n|-damage|p1a: Urshifu|0 fnt\n|-unboost|p2b: Urshifu|def|1\n|-unboost|p2b: Urshifu|spd|1\n|faint|p1a: Urshifu\n|\n|-weather|Sandstorm|[upkeep]\n|-damage|p2a: Calyrex|31\/100|[from] Sandstorm\n|-damage|p2b: Urshifu|95\/100|[from] Sandstorm\n|upkeep\n|\n|t:|1715392455\n|switch|p1a: Farigiraf|Farigiraf, L50, F, shiny|100\/100\n|turn|4\n|\n|t:|1715392473\n|move|p2a: Calyrex|Glacial Lance|p1b: Tyranitar|[spread] p1a,p1b\n|-damage|p1a: Farigiraf|50\/100\n|-damage|p1b: Tyranitar|7\/100\n|move|p1a: Farigiraf|Dazzling Gleam|p2a: Calyrex|[spread] p2a,p2b\n|-resisted|p2a: Calyrex\n|-supereffective|p2b: Urshifu\n|-damage|p2a: Calyrex|26\/100\n|-damage|p2b: Urshifu|0 fnt\n|faint|p2b: Urshifu\n|move|p1b: Tyranitar|Rock Slide|p2a: Calyrex\n|-supereffective|p2a: Calyrex\n|-damage|p2a: Calyrex|0 fnt\n|faint|p2a: Calyrex\n|\n|-weather|Sandstorm|[upkeep]\n|upkeep\n|\n|t:|1715392478\n|switch|p2b: Raging Bolt|Raging Bolt, L50|100\/100\n|-enditem|p2b: Raging Bolt|Booster Energy\n|-activate|p2b: Raging Bolt|ability: Protosynthesis|[fromitem]\n|-start|p2b: Raging Bolt|protosynthesisspa\n|turn|5\n|\n|t:|1715392488\n|move|p2b: Raging Bolt|Protect|p2b: Raging Bolt\n|-singleturn|p2b: Raging Bolt|Protect\n|move|p1a: Farigiraf|Dazzling Gleam|p2b: Raging Bolt\n|-activate|p2b: Raging Bolt|move: Protect\n|move|p1b: Tyranitar|Low Kick|p2b: Raging Bolt\n|-activate|p2b: Raging Bolt|move: Protect\n|\n|-weather|Sandstorm|[upkeep]\n|-damage|p2b: Raging Bolt|94\/100|[from] Sandstorm\n|-fieldend|move: Trick Room\n|upkeep\n|turn|6\n|\n|t:|1715392498\n|move|p2b: Raging Bolt|Thunderbolt|p1a: Farigiraf\n|-damage|p1a: Farigiraf|0 fnt\n|faint|p1a: Farigiraf\n|move|p1b: Tyranitar|Low Kick|p2b: Raging Bolt\n|-damage|p2b: Raging Bolt|61\/100\n|\n|-weather|Sandstorm|[upkeep]\n|-damage|p2b: Raging Bolt|55\/100|[from] Sandstorm\n|upkeep\n|\n|t:|1715392510\n|switch|p1a: Calyrex|Calyrex-Shadow, L50|31\/100\n|-ability|p1a: Calyrex|As One\n|-ability|p1a: Calyrex|Unnerve\n|turn|7\n|\n|t:|1715392517\n|move|p2b: Raging Bolt|Thunderclap|p1a: Calyrex\n|-damage|p1a: Calyrex|0 fnt\n|faint|p1a: Calyrex\n|move|p1b: Tyranitar|Low Kick|p2b: Raging Bolt\n|-damage|p2b: Raging Bolt|22\/100\n|\n|-weather|none\n|upkeep\n|turn|8\n|\n|t:|1715392523\n|-terastallize|p1b: Tyranitar|Grass\n|move|p2b: Raging Bolt|Thunderbolt|p1b: Tyranitar\n|-resisted|p1b: Tyranitar\n|-damage|p1b: Tyranitar|0 fnt\n|faint|p1b: Tyranitar\n|\n|win|The Umpire\n|raw|bwahacough's rating: 1814 &rarr; <strong>1789<\/strong><br \/>(-25 for losing)\n|raw|The Umpire's rating: 1720 &rarr; <strong>1745<\/strong><br \/>(+25 for winning)\n|j| Kuuki average\n|l|\u2606bwahacough\n|player|p1|\n|l|\u2606The Umpire\n|player|p2|\n|l| Kuuki average\n","uploadtime":1715392713,"views":169,"formatid":"gen9vgc2024regg","rating":1745,"private":0,"password":null}