{"id":"gen9vgc2024regg-2123972922","format":"[Gen 9] VGC 2024 Reg G","players":["Sir Aaron07","MomeriA12"],"log":"|j|\u2606Sir Aaron07\n|j|\u2606MomeriA12\n|t:|1715626395\n|gametype|doubles\n|player|p1|Sir Aaron07|red-masters3|1681\n|player|p2|MomeriA12|265|1738\n|teamsize|p1|6\n|teamsize|p2|6\n|gen|9\n|tier|[Gen 9] VGC 2024 Reg G\n|rated|\n|rule|Species Clause: Limit one of each Pok\u00e9mon\n|rule|Item Clause: Limit one of each item\n|clearpoke\n|poke|p1|Tornadus, L50, M|\n|poke|p1|Amoonguss, L50, F|\n|poke|p1|Raging Bolt, L50|\n|poke|p1|Gholdengo, L50|\n|poke|p1|Terapagos, L50, M|\n|poke|p1|Urshifu-*, L50, M|\n|poke|p2|Kyogre, L50|\n|poke|p2|Tornadus, L50, M|\n|poke|p2|Raichu, L50, M|\n|poke|p2|Dragonite, L50, M|\n|poke|p2|Kingambit, L50, F|\n|poke|p2|Goodra-Hisui, L50, F|\n|teampreview|4\nSir Aaron07 has agreed to open team sheets.\n|\n|t:|1715626429\n|start\n|switch|p1a: Amoonguss|Amoonguss, L50, F|100\/100\n|switch|p1b: Terapagos|Terapagos, L50, M|100\/100\n|switch|p2a: Raichu|Raichu, L50, M|100\/100\n|switch|p2b: Kyogre|Kyogre, L50|100\/100\n|-activate|p1b: Terapagos|ability: Tera Shift\n|detailschange|p1b: Terapagos|Terapagos-Terastal, L50, M\n|-heal|p1b: Terapagos|100\/100|[silent]\n|-weather|RainDance|[from] ability: Drizzle|[of] p2b: Kyogre\n|turn|1\n|\n|t:|1715626449\n|-terastallize|p1b: Terapagos|Stellar\n|detailschange|p1b: Terapagos|Terapagos-Stellar, L50, M, tera:Stellar\n|-heal|p1b: Terapagos|100\/100|[silent]\n|-ability|p1b: Terapagos|Teraform Zero\n|-weather|none\n|move|p2a: Raichu|Fake Out|p1a: Amoonguss\n|-damage|p1a: Amoonguss|95\/100\n|-damage|p2a: Raichu|84\/100|[from] item: Rocky Helmet|[of] p1a: Amoonguss\n|move|p2b: Kyogre|Water Spout|p1a: Amoonguss|[spread] p1a,p1b\n|-resisted|p1a: Amoonguss\n|-damage|p1a: Amoonguss|56\/100\n|-damage|p1b: Terapagos|48\/100\n|move|p1b: Terapagos|Calm Mind|p1b: Terapagos\n|-boost|p1b: Terapagos|spa|1\n|-boost|p1b: Terapagos|spd|1\n|cant|p1a: Amoonguss|flinch\n|\n|upkeep\n|turn|2\n|\n|t:|1715626475\n|move|p1b: Terapagos|Protect|p1b: Terapagos\n|-singleturn|p1b: Terapagos|Protect\n|move|p2a: Raichu|Thunder|p1a: Amoonguss\n|-resisted|p1a: Amoonguss\n|-damage|p1a: Amoonguss|37\/100\n|-status|p1a: Amoonguss|par\n|move|p2b: Kyogre|Ice Beam|p1a: Amoonguss\n|-supereffective|p1a: Amoonguss\n|-damage|p1a: Amoonguss|0 fnt\n|faint|p1a: Amoonguss\n|\n|upkeep\n|\n|t:|1715626486\n|switch|p1a: Tornadus|Tornadus, L50, M|100\/100\n|turn|3\n|\n|t:|1715626505\n|switch|p2b: Tornadus|Tornadus, L50, M|100\/100\n|move|p1a: Tornadus|Tailwind|p1a: Tornadus\n|-sidestart|p1: Sir Aaron07|move: Tailwind\n|move|p1b: Terapagos|Tera Starstorm|p2a: Raichu|[spread] p2a,p2b\n|-damage|p2a: Raichu|0 fnt\n|-damage|p2b: Tornadus|43\/100\n|faint|p2a: Raichu\n|\n|upkeep\n|\n|t:|1715626514\n|switch|p2a: Kyogre|Kyogre, L50|100\/100\n|-weather|RainDance|[from] ability: Drizzle|[of] p2a: Kyogre\n|turn|4\n|\n|t:|1715626519\n|-terastallize|p2a: Kyogre|Water\n|move|p1b: Terapagos|Protect|p1b: Terapagos\n|-singleturn|p1b: Terapagos|Protect\n|move|p1a: Tornadus|Taunt|p2b: Tornadus\n|-start|p2b: Tornadus|move: Taunt\n|cant|p2b: Tornadus|move: Taunt|Tailwind\n|move|p2a: Kyogre|Water Spout|p1b: Terapagos|[spread] p1a\n|-activate|p1b: Terapagos|move: Protect\n|-enditem|p1a: Tornadus|Focus Sash\n|-damage|p1a: Tornadus|1\/100\n|\n|-weather|RainDance|[upkeep]\n|upkeep\n|turn|5\n|\n|t:|1715626536\n|switch|p2a: Kingambit|Kingambit, L50, F|100\/100\n|move|p1a: Tornadus|Bleakwind Storm|p2b: Tornadus|[spread] p2a,p2b\n|-resisted|p2a: Kingambit\n|-damage|p2a: Kingambit|90\/100\n|-damage|p2b: Tornadus|9\/100\n|move|p1b: Terapagos|Tera Starstorm|p2a: Kingambit|[spread] p2a,p2b\n|-damage|p2a: Kingambit|47\/100\n|-damage|p2b: Tornadus|0 fnt\n|faint|p2b: Tornadus\n|\n|-weather|RainDance|[upkeep]\n|upkeep\n|\n|t:|1715626546\n|switch|p2b: Kyogre|Kyogre, L50, tera:Water|100\/100\n|turn|6\n|\n|t:|1715626575\n|move|p1a: Tornadus|Protect|p1a: Tornadus\n|-singleturn|p1a: Tornadus|Protect\n|move|p2b: Kyogre|Protect|p2b: Kyogre\n|-singleturn|p2b: Kyogre|Protect\n|move|p1b: Terapagos|Tera Starstorm|p2a: Kingambit|[spread] p2a\n|-activate|p2b: Kyogre|move: Protect\n|-crit|p2a: Kingambit\n|-damage|p2a: Kingambit|0 fnt\n|faint|p2a: Kingambit\n|\n|-weather|RainDance|[upkeep]\n|-sideend|p1: Sir Aaron07|move: Tailwind\n|upkeep\n|turn|7\n|\n|t:|1715626586\n|move|p1a: Tornadus|Tailwind|p1a: Tornadus\n|-sidestart|p1: Sir Aaron07|move: Tailwind\n|move|p1b: Terapagos|Tera Starstorm|p2b: Kyogre\n|-supereffective|p2b: Kyogre\n|-damage|p2b: Kyogre|0 fnt\n|faint|p2b: Kyogre\n|\n|win|Sir Aaron07\n|raw|Sir Aaron07's rating: 1681 &rarr; <strong>1704<\/strong><br \/>(+23 for winning)\n|raw|MomeriA12's rating: 1738 &rarr; <strong>1715<\/strong><br \/>(-23 for losing)\n|l|\u2606MomeriA12\n|player|p2|\n|j| ale cog\n","uploadtime":1715626696,"views":87,"formatid":"gen9vgc2024regg","rating":1704,"private":0,"password":null}