{"id":"gen9vgc2024regg-2123932754","format":"[Gen 9] VGC 2024 Reg G","players":["bwahacough","The Umpire"],"log":"|j|\u2606bwahacough\n|j|\u2606The Umpire\n|t:|1715622870\n|gametype|doubles\n|player|p1|bwahacough|medium|1766\n|player|p2|The Umpire|volkner|1773\n|teamsize|p1|6\n|teamsize|p2|6\n|gen|9\n|tier|[Gen 9] VGC 2024 Reg G\n|rated|\n|rule|Species Clause: Limit one of each Pok\u00e9mon\n|rule|Item Clause: Limit one of each item\n|clearpoke\n|poke|p1|Lycanroc, L50, F|\n|poke|p1|Tyranitar, L50, F|\n|poke|p1|Calyrex-Shadow, L50|\n|poke|p1|Farigiraf, L50, M|\n|poke|p1|Urshifu-*, L50, F|\n|poke|p1|Whimsicott, L50, F|\n|poke|p2|Miraidon, L50|\n|poke|p2|Iron Hands, L50|\n|poke|p2|Farigiraf, L50, M|\n|poke|p2|Ursaluna-Bloodmoon, L50, M|\n|poke|p2|Tornadus, L50, M|\n|poke|p2|Chi-Yu, L50|\n|teampreview|4\n|\n|t:|1715622893\n|start\n|switch|p1a: Lycanroc|Lycanroc, L50, F|100\/100\n|switch|p1b: Tyranitar|Tyranitar, L50, F|100\/100\n|switch|p2a: Miraidon|Miraidon, L50|100\/100\n|switch|p2b: Tornadus|Tornadus, L50, M|100\/100\n|-fieldstart|move: Electric Terrain|[from] ability: Hadron Engine|[of] p2a: Miraidon\n|-weather|Sandstorm|[from] ability: Sand Stream|[of] p1b: Tyranitar\n|turn|1\n|\n|t:|1715622911\n|-terastallize|p2b: Tornadus|Steel\n|move|p1a: Lycanroc|Rock Slide|p2a: Miraidon|[spread] p2a,p2b\n|-resisted|p2b: Tornadus\n|-damage|p2a: Miraidon|71\/100\n|-damage|p2b: Tornadus|80\/100\n|move|p2a: Miraidon|Volt Switch|p1b: Tyranitar\n|-damage|p1b: Tyranitar|46\/100\n|\n|t:|1715622922\n|switch|p2a: Farigiraf|Farigiraf, L50, M|100\/100|[from] Volt Switch\n|-enditem|p2a: Farigiraf|Electric Seed\n|-boost|p2a: Farigiraf|def|1|[from] item: Electric Seed\n|cant|p2b: Tornadus|flinch\n|move|p1b: Tyranitar|Rock Slide|p2a: Farigiraf|[spread] p2a,p2b\n|-resisted|p2b: Tornadus\n|-damage|p2a: Farigiraf|85\/100\n|-damage|p2b: Tornadus|57\/100\n|\n|-weather|Sandstorm|[upkeep]\n|-damage|p2a: Farigiraf|79\/100|[from] Sandstorm\n|upkeep\n|turn|2\n|\n|t:|1715622935\n|switch|p2b: Iron Hands|Iron Hands, L50, shiny|100\/100\n|-activate|p2b: Iron Hands|ability: Quark Drive\n|-start|p2b: Iron Hands|quarkdriveatk\n|move|p1a: Lycanroc|Close Combat|p2b: Iron Hands\n|-damage|p2b: Iron Hands|71\/100\n|-unboost|p1a: Lycanroc|def|1\n|-unboost|p1a: Lycanroc|spd|1\n|move|p1b: Tyranitar|Knock Off|p2a: Farigiraf\n|-supereffective|p2a: Farigiraf\n|-damage|p2a: Farigiraf|35\/100\n|move|p2a: Farigiraf|Trick Room|p2a: Farigiraf\n|-fieldstart|move: Trick Room|[of] p2a: Farigiraf\n|\n|-weather|Sandstorm|[upkeep]\n|-damage|p2b: Iron Hands|65\/100|[from] Sandstorm\n|-damage|p2a: Farigiraf|29\/100|[from] Sandstorm\n|upkeep\n|turn|3\n|\n|t:|1715622952\n|move|p1b: Tyranitar|Protect|p1b: Tyranitar\n|-singleturn|p1b: Tyranitar|Protect\n|move|p1a: Lycanroc|Protect|p1a: Lycanroc\n|-singleturn|p1a: Lycanroc|Protect\n|move|p2b: Iron Hands|Wild Charge|p1b: Tyranitar\n|-activate|p1b: Tyranitar|move: Protect\n|move|p2a: Farigiraf|Psychic|p1a: Lycanroc\n|-activate|p1a: Lycanroc|move: Protect\n|\n|-weather|Sandstorm|[upkeep]\n|-damage|p2b: Iron Hands|59\/100|[from] Sandstorm\n|-damage|p2a: Farigiraf|22\/100|[from] Sandstorm\n|upkeep\n|turn|4\n|\n|t:|1715622969\n|move|p2b: Iron Hands|Wild Charge|p1b: Tyranitar\n|-damage|p1b: Tyranitar|0 fnt\n|faint|p1b: Tyranitar\n|-damage|p2b: Iron Hands|49\/100|[from] Recoil\n|move|p2a: Farigiraf|Psychic|p1a: Lycanroc\n|-damage|p1a: Lycanroc|44\/100\n|move|p1a: Lycanroc|Close Combat|p2a: Farigiraf\n|-damage|p2a: Farigiraf|0 fnt\n|-unboost|p1a: Lycanroc|def|1\n|-unboost|p1a: Lycanroc|spd|1\n|faint|p2a: Farigiraf\n|\n|-weather|Sandstorm|[upkeep]\n|-damage|p2b: Iron Hands|43\/100|[from] Sandstorm\n|upkeep\n|\n|t:|1715622981\n|switch|p1b: Urshifu|Urshifu-Rapid-Strike, L50, F|100\/100\n|switch|p2a: Miraidon|Miraidon, L50|71\/100\n|-activate|p2a: Miraidon|ability: Hadron Engine\n|turn|5\n|\n|t:|1715622990\n|-terastallize|p1b: Urshifu|Ghost\n|move|p2b: Iron Hands|Wild Charge|p1b: Urshifu\n|-damage|p1b: Urshifu|8\/100\n|-damage|p2b: Iron Hands|24\/100|[from] Recoil\n|move|p1b: Urshifu|Close Combat|p2a: Miraidon\n|-damage|p2a: Miraidon|0 fnt\n|-unboost|p1b: Urshifu|def|1\n|-unboost|p1b: Urshifu|spd|1\n|faint|p2a: Miraidon\n|move|p1a: Lycanroc|Close Combat|p2b: Iron Hands\n|-damage|p2b: Iron Hands|0 fnt\n|-unboost|p1a: Lycanroc|def|1\n|-unboost|p1a: Lycanroc|spd|1\n|faint|p2b: Iron Hands\n|-end|p2b: Iron Hands|Quark Drive|[silent]\n|\n|-weather|none\n|-fieldend|move: Electric Terrain\n|upkeep\n|-message|The Umpire forfeited.\n|\n|win|bwahacough\n|raw|bwahacough's rating: 1745 &rarr; <strong>1767<\/strong><br \/>(+22 for winning)\n|raw|The Umpire's rating: 1773 &rarr; <strong>1751<\/strong><br \/>(-22 for losing)\n|l|\u2606The Umpire\n|player|p2|\n|l|\u2606bwahacough\n|player|p1|\n","uploadtime":1715623233,"views":356,"formatid":"gen9vgc2024regg","rating":1751,"private":0,"password":null}