{"id":"gen9vgc2024regg-2123385782","format":"[Gen 9] VGC 2024 Reg G","players":["AZUNA_Fan","The Umpire"],"log":"|j|\u2606AZUNA_Fan\n|j|\u2606The Umpire\n|t:|1715553310\n|gametype|doubles\n|player|p1|AZUNA_Fan|dawn-gen4pt|1732\n|player|p2|The Umpire|volkner|1721\n|teamsize|p1|6\n|teamsize|p2|6\n|gen|9\n|tier|[Gen 9] VGC 2024 Reg G\n|rated|\n|rule|Species Clause: Limit one of each Pok\u00e9mon\n|rule|Item Clause: Limit one of each item\n|clearpoke\n|poke|p1|Calyrex-Shadow, L50|\n|poke|p1|Urshifu-*, L50, F|\n|poke|p1|Indeedee-F, L50, F|\n|poke|p1|Maushold, L50|\n|poke|p1|Dondozo, L50, F|\n|poke|p1|Tatsugiri, L50, M|\n|poke|p2|Miraidon, L50|\n|poke|p2|Iron Hands, L50|\n|poke|p2|Farigiraf, L50, M|\n|poke|p2|Ursaluna-Bloodmoon, L50, M|\n|poke|p2|Tornadus, L50, M|\n|poke|p2|Chi-Yu, L50|\n|teampreview|4\n|j| DaN00biest\n|\n|t:|1715553332\n|start\n|switch|p1a: Urshifu|Urshifu, L50, F|100\/100\n|switch|p1b: Indeedee|Indeedee-F, L50, F|100\/100\n|switch|p2a: Tornadus|Tornadus, L50, M|100\/100\n|switch|p2b: Chi-Yu|Chi-Yu, L50|100\/100\n|-ability|p2b: Chi-Yu|Beads of Ruin\n|-fieldstart|move: Psychic Terrain|[from] ability: Psychic Surge|[of] p1b: Indeedee\n|turn|1\n|j| dullb0y da cabiuna\n|\n|t:|1715553357\n|move|p2b: Chi-Yu|Heat Wave|p1a: Urshifu|[spread] p1a,p1b\n|-damage|p1a: Urshifu|17\/100\n|-damage|p1b: Indeedee|50\/100\n|move|p2a: Tornadus|Bleakwind Storm|p1a: Urshifu|[spread] p1b\n|-miss|p2a: Tornadus|p1a: Urshifu\n|-damage|p1b: Indeedee|4\/100\n|move|p1a: Urshifu|Close Combat|p2b: Chi-Yu\n|-supereffective|p2b: Chi-Yu\n|-damage|p2b: Chi-Yu|0 fnt\n|-unboost|p1a: Urshifu|def|1\n|-unboost|p1a: Urshifu|spd|1\n|faint|p2b: Chi-Yu\n|move|p1b: Indeedee|Trick Room|p1b: Indeedee\n|-fieldstart|move: Trick Room|[of] p1b: Indeedee\n|\n|upkeep\n|\n|t:|1715553366\n|switch|p2b: Ursaluna|Ursaluna-Bloodmoon, L50, M|100\/100\n|turn|2\n|\n|t:|1715553386\n|switch|p1b: Dondozo|Dondozo, L50, F|100\/100\n|switch|p1a: Tatsugiri|Tatsugiri, L50, M|100\/100\n|-activate|p1a: Tatsugiri|ability: Commander|[of] p1b: Dondozo\n|-boost|p1b: Dondozo|atk|2\n|-boost|p1b: Dondozo|spa|2\n|-boost|p1b: Dondozo|spe|2\n|-boost|p1b: Dondozo|def|2\n|-boost|p1b: Dondozo|spd|2\n|move|p2b: Ursaluna|Hyper Voice|p1b: Dondozo|[spread] p1b\n|-miss|p2b: Ursaluna|p1a: Tatsugiri\n|-damage|p1b: Dondozo|78\/100\n|-damage|p2b: Ursaluna|91\/100|[from] item: Life Orb\n|move|p2a: Tornadus|Bleakwind Storm|p1a: Tatsugiri|[spread] p1b\n|-miss|p2a: Tornadus|p1a: Tatsugiri\n|-damage|p1b: Dondozo|63\/100\n|-unboost|p1b: Dondozo|spe|1\n|\n|upkeep\n|turn|3\n|j| BenzVGC\n|\n|t:|1715553410\n|-terastallize|p1b: Dondozo|Steel\n|move|p2b: Ursaluna|Protect|p2b: Ursaluna\n|-singleturn|p2b: Ursaluna|Protect\n|move|p1b: Dondozo|Liquidation|p2b: Ursaluna\n|-activate|p2b: Ursaluna|move: Protect\n|move|p2a: Tornadus|Bleakwind Storm|p1a: Tatsugiri|[spread] p1b\n|-miss|p2a: Tornadus|p1a: Tatsugiri\n|-resisted|p1b: Dondozo\n|-damage|p1b: Dondozo|56\/100\n|\n|upkeep\n|turn|4\n|\n|t:|1715553423\n|-terastallize|p2b: Ursaluna|Normal\n|move|p2b: Ursaluna|Earth Power|p1b: Dondozo\n|-supereffective|p1b: Dondozo\n|-crit|p1b: Dondozo\n|-damage|p1b: Dondozo|0 fnt\n|faint|p1b: Dondozo\n|-damage|p2b: Ursaluna|81\/100|[from] item: Life Orb\n|move|p2a: Tornadus|Bleakwind Storm|p1a: Tatsugiri\n|-damage|p1a: Tatsugiri|35\/100\n|-unboost|p1a: Tatsugiri|spe|1\n|\n|upkeep\n|\n|t:|1715553435\n|switch|p1b: Indeedee|Indeedee-F, L50, F|4\/100\n|turn|5\n|-message|AZUNA_Fan forfeited.\n|\n|win|The Umpire\n|raw|AZUNA_Fan's rating: 1732 &rarr; <strong>1711<\/strong><br \/>(-21 for losing)\n|raw|The Umpire's rating: 1721 &rarr; <strong>1742<\/strong><br \/>(+21 for winning)\n|l|\u2606AZUNA_Fan\n|player|p1|\n|l|\u2606The Umpire\n|player|p2|\n|l| DaN00biest\n|l| dullb0y da cabiuna\n|l| BenzVGC\n","uploadtime":1715553622,"views":49,"formatid":"gen9vgc2024regg","rating":1711,"private":0,"password":null}