{"id":"gen9vgc2024regg-2123384454","format":"[Gen 9] VGC 2024 Reg G","players":["Auraen","The Umpire"],"log":"|j|\u2606Auraen\n|j|\u2606The Umpire\n|t:|1715553139\n|gametype|doubles\n|player|p1|Auraen|265|1712\n|player|p2|The Umpire|volkner|1700\n|teamsize|p1|6\n|teamsize|p2|6\n|gen|9\n|tier|[Gen 9] VGC 2024 Reg G\n|rated|\n|rule|Species Clause: Limit one of each Pok\u00e9mon\n|rule|Item Clause: Limit one of each item\n|clearpoke\n|poke|p1|Articuno-Galar, L50|\n|poke|p1|Zacian-*, L50|\n|poke|p1|Rillaboom, L50, F|\n|poke|p1|Incineroar, L50, F|\n|poke|p1|Ogerpon-Wellspring, L50, F|\n|poke|p1|Gouging Fire, L50|\n|poke|p2|Miraidon, L50|\n|poke|p2|Iron Hands, L50|\n|poke|p2|Farigiraf, L50, M|\n|poke|p2|Ursaluna-Bloodmoon, L50, M|\n|poke|p2|Tornadus, L50, M|\n|poke|p2|Chi-Yu, L50|\n|teampreview|4\n|j| DaN00biest\n|\n|t:|1715553184\n|start\n|switch|p1a: Rillaboom|Rillaboom, L50, F|100\/100\n|switch|p1b: Zacian|Zacian-Crowned, L50|100\/100\n|switch|p2a: Miraidon|Miraidon, L50|100\/100\n|switch|p2b: Farigiraf|Farigiraf, L50, M|100\/100\n|-fieldstart|move: Electric Terrain|[from] ability: Hadron Engine|[of] p2a: Miraidon\n|-enditem|p2b: Farigiraf|Electric Seed\n|-boost|p2b: Farigiraf|def|1|[from] item: Electric Seed\n|-ability|p1b: Zacian|Intrepid Sword|boost\n|-boost|p1b: Zacian|atk|1\n|-fieldstart|move: Grassy Terrain|[from] ability: Grassy Surge|[of] p1a: Rillaboom\n|turn|1\n|\n|t:|1715553202\n|move|p1b: Zacian|Substitute|p1b: Zacian\n|-start|p1b: Zacian|Substitute\n|-damage|p1b: Zacian|76\/100\n|move|p2a: Miraidon|Volt Switch|p1b: Zacian\n|-end|p1b: Zacian|Substitute\n|\n|t:|1715553207\n|switch|p2a: Iron Hands|Iron Hands, L50, shiny|100\/100|[from] Volt Switch\n|move|p1a: Rillaboom|High Horsepower|p2a: Iron Hands\n|-supereffective|p2a: Iron Hands\n|-damage|p2a: Iron Hands|31\/100\n|move|p2b: Farigiraf|Trick Room|p2b: Farigiraf\n|-fieldstart|move: Trick Room|[of] p2b: Farigiraf\n|\n|-heal|p2a: Iron Hands|37\/100|[from] Grassy Terrain\n|-heal|p1b: Zacian|82\/100|[from] Grassy Terrain\n|upkeep\n|turn|2\n|\n|t:|1715553226\n|move|p1b: Zacian|Protect|p1b: Zacian\n|-singleturn|p1b: Zacian|Protect\n|move|p2a: Iron Hands|Close Combat|p1a: Rillaboom\n|-damage|p1a: Rillaboom|26\/100\n|-unboost|p2a: Iron Hands|def|1\n|-unboost|p2a: Iron Hands|spd|1\n|move|p2b: Farigiraf|Foul Play|p1a: Rillaboom\n|-damage|p1a: Rillaboom|0 fnt\n|faint|p1a: Rillaboom\n|\n|-heal|p2a: Iron Hands|43\/100|[from] Grassy Terrain\n|-heal|p1b: Zacian|88\/100|[from] Grassy Terrain\n|upkeep\n|j| dullb0y da cabiuna\n|\n|t:|1715553231\n|switch|p1a: Articuno|Articuno-Galar, L50|100\/100\n|turn|3\n|\n|t:|1715553248\n|move|p2a: Iron Hands|Close Combat|p1b: Zacian\n|-damage|p1b: Zacian|29\/100\n|-unboost|p2a: Iron Hands|def|1\n|-unboost|p2a: Iron Hands|spd|1\n|move|p2b: Farigiraf|Foul Play|p1b: Zacian\n|-resisted|p1b: Zacian\n|-damage|p1b: Zacian|7\/100\n|move|p1a: Articuno|Freezing Glare|p2a: Iron Hands\n|-supereffective|p2a: Iron Hands\n|-damage|p2a: Iron Hands|0 fnt\n|faint|p2a: Iron Hands\n|-end|p2a: Iron Hands|Quark Drive|[silent]\n|move|p1b: Zacian|Sacred Sword|p2b: Farigiraf\n|-damage|p2b: Farigiraf|59\/100\n|\n|-heal|p2b: Farigiraf|65\/100|[from] Grassy Terrain\n|-heal|p1b: Zacian|13\/100|[from] Grassy Terrain\n|upkeep\n|\n|t:|1715553256\n|switch|p2a: Ursaluna|Ursaluna-Bloodmoon, L50, M|100\/100\n|turn|4\n|\n|t:|1715553263\n|-terastallize|p2a: Ursaluna|Normal\n|move|p1a: Articuno|Protect|p1a: Articuno\n|-singleturn|p1a: Articuno|Protect\n|move|p1b: Zacian|Protect|p1b: Zacian\n|-singleturn|p1b: Zacian|Protect\n|move|p2b: Farigiraf|Foul Play|p1a: Articuno\n|-activate|p1a: Articuno|move: Protect\n|move|p2a: Ursaluna|Hyper Voice|p1a: Articuno|[spread] \n|-activate|p1a: Articuno|move: Protect\n|-activate|p1b: Zacian|move: Protect\n|\n|-heal|p2b: Farigiraf|71\/100|[from] Grassy Terrain\n|-heal|p1b: Zacian|19\/100|[from] Grassy Terrain\n|upkeep\n|turn|5\n|\n|t:|1715553273\n|switch|p1b: Ogerpon|Ogerpon-Wellspring, L50, F|100\/100\n|move|p2b: Farigiraf|Foul Play|p1a: Articuno\n|-supereffective|p1a: Articuno\n|-damage|p1a: Articuno|74\/100\n|-damage|p2b: Farigiraf|55\/100|[from] item: Rocky Helmet|[of] p1a: Articuno\n|move|p2a: Ursaluna|Hyper Voice|p1b: Ogerpon|[spread] p1a,p1b\n|-damage|p1a: Articuno|6\/100\n|-damage|p1b: Ogerpon|40\/100\n|-damage|p2a: Ursaluna|91\/100|[from] item: Life Orb\n|move|p1a: Articuno|Tailwind|p1a: Articuno\n|-sidestart|p1: Auraen|move: Tailwind\n|\n|-heal|p2b: Farigiraf|61\/100|[from] Grassy Terrain\n|-heal|p2a: Ursaluna|97\/100|[from] Grassy Terrain\n|-heal|p1b: Ogerpon|45\/100|[from] Grassy Terrain\n|-fieldend|move: Trick Room\n|-fieldend|move: Grassy Terrain\n|upkeep\n|turn|6\n|j| BenzVGC\n|\n|t:|1715553291\n|-terastallize|p1a: Articuno|Ground\n|move|p1b: Ogerpon|Horn Leech|p2b: Farigiraf\n|-damage|p2b: Farigiraf|38\/100\n|-heal|p1b: Ogerpon|58\/100|[from] drain|[of] p2b: Farigiraf\n|move|p1a: Articuno|Tera Blast|p2b: Farigiraf|[anim] Tera Blast Ground\n|-damage|p2b: Farigiraf|0 fnt\n|faint|p2b: Farigiraf\n|move|p2a: Ursaluna|Hyper Voice|p1a: Articuno|[spread] p1a,p1b\n|-damage|p1a: Articuno|0 fnt\n|-damage|p1b: Ogerpon|0 fnt\n|faint|p1a: Articuno\n|faint|p1b: Ogerpon\n|-damage|p2a: Ursaluna|87\/100|[from] item: Life Orb\n|\n|upkeep\n|-message|Auraen forfeited.\n|\n|win|The Umpire\n|raw|Auraen's rating: 1712 &rarr; <strong>1691<\/strong><br \/>(-21 for losing)\n|raw|The Umpire's rating: 1700 &rarr; <strong>1721<\/strong><br \/>(+21 for winning)\n|l|\u2606Auraen\n|player|p1|\n|l|\u2606The Umpire\n|player|p2|\n|l| DaN00biest\n|l| dullb0y da cabiuna\n","uploadtime":1715553484,"views":38,"formatid":"gen9vgc2024regg","rating":1691,"private":0,"password":null}