{"id":"gen9vgc2024regg-2124964431","format":"[Gen 9] VGC 2024 Reg G","players":["StarSyz","Krisuerte"],"log":"|j|\u2606StarSyz\n|j|\u2606Krisuerte\n|t:|1715965281\n|gametype|doubles\n|player|p1|StarSyz|klara|1711\n|player|p2|Krisuerte|102|1717\n|teamsize|p1|6\n|teamsize|p2|6\n|gen|9\n|tier|[Gen 9] VGC 2024 Reg G\n|rated|\n|rule|Species Clause: Limit one of each Pok\u00e9mon\n|rule|Item Clause: Limit one of each item\n|clearpoke\n|poke|p1|Miraidon, L50|\n|poke|p1|Incineroar, L50, F|\n|poke|p1|Urshifu-*, L50, F|\n|poke|p1|Entei, L50|\n|poke|p1|Ursaluna-Bloodmoon, L50, M|\n|poke|p1|Farigiraf, L50, M|\n|poke|p2|Sinistcha-Masterpiece, L50|\n|poke|p2|Kyogre, L50|\n|poke|p2|Tornadus, L50, M|\n|poke|p2|Urshifu-*, L50, M|\n|poke|p2|Archaludon, L50, M|\n|poke|p2|Landorus, L50, M|\n|teampreview|4\n|inactive|Battle timer is ON: inactive players will automatically lose when time's up. (requested by StarSyz)\n|inactive|Krisuerte has 60 seconds left.\n|\n|t:|1715965318\n|start\n|switch|p1a: Miraidon|Miraidon, L50|100\/100\n|switch|p1b: Farigiraf|Farigiraf, L50, M|100\/100\n|switch|p2a: Kyogre|Kyogre, L50|100\/100\n|switch|p2b: Tornadus|Tornadus, L50, M|100\/100\n|-fieldstart|move: Electric Terrain|[from] ability: Hadron Engine|[of] p1a: Miraidon\n|-weather|RainDance|[from] ability: Drizzle|[of] p2a: Kyogre\n|turn|1\n|inactive|Krisuerte has 30 seconds left.\n|inactive|Krisuerte has 20 seconds left.\n|inactive|Krisuerte has 15 seconds left.\n|\n|t:|1715965359\n|-terastallize|p2a: Kyogre|Ghost\n|-terastallize|p1b: Farigiraf|Water\n|move|p2b: Tornadus|Tailwind|p2b: Tornadus\n|-sidestart|p2: Krisuerte|move: Tailwind\n|move|p2a: Kyogre|Water Spout|p1a: Miraidon|[spread] p1a,p1b\n|-resisted|p1a: Miraidon\n|-resisted|p1b: Farigiraf\n|-damage|p1a: Miraidon|39\/100\n|-damage|p1b: Farigiraf|22\/100\n|move|p1a: Miraidon|Volt Switch|p2a: Kyogre\n|-damage|p2a: Kyogre|37\/100\n|\n|t:|1715965370\n|switch|p1a: Ursaluna|Ursaluna-Bloodmoon, L50, M|100\/100|[from] Volt Switch\n|move|p1b: Farigiraf|Trick Room|p1b: Farigiraf\n|-fieldstart|move: Trick Room|[of] p1b: Farigiraf\n|\n|-weather|RainDance|[upkeep]\n|upkeep\n|turn|2\n|\n|t:|1715965393\n|switch|p2a: Archaludon|Archaludon, L50, M|100\/100\n|move|p1b: Farigiraf|Helping Hand|p1a: Ursaluna\n|-singleturn|p1a: Ursaluna|Helping Hand|[of] p1b: Farigiraf\n|move|p2b: Tornadus|Scary Face|p2a: Archaludon\n|-unboost|p2a: Archaludon|spe|2\n|move|p1a: Ursaluna|Hyper Voice|p2b: Tornadus|[spread] p2a,p2b\n|-resisted|p2a: Archaludon\n|-damage|p2a: Archaludon|68\/100\n|-damage|p2b: Tornadus|14\/100\n|-ability|p2a: Archaludon|Stamina|boost\n|-boost|p2a: Archaludon|def|1\n|-damage|p1a: Ursaluna|91\/100|[from] item: Life Orb\n|\n|-weather|RainDance|[upkeep]\n|upkeep\n|turn|3\n|inactive|Krisuerte has 30 seconds left.\n|inactive|Krisuerte has 20 seconds left.\n|inactive|Krisuerte has 15 seconds left.\n|inactive|Krisuerte has 10 seconds left.\n|inactive|Krisuerte has 5 seconds left.\n|\n|t:|1715965444\n|switch|p1b: Urshifu|Urshifu, L50, F|100\/100\n|switch|p2a: Landorus|Landorus, L50, M|100\/100\n|move|p1a: Ursaluna|Earth Power|p2a: Landorus\n|-immune|p2a: Landorus\n|move|p2b: Tornadus|Bleakwind Storm|p1b: Urshifu|[spread] p1a,p1b\n|-supereffective|p1b: Urshifu\n|-damage|p1a: Ursaluna|58\/100\n|-damage|p1b: Urshifu|29\/100\n|\n|-weather|RainDance|[upkeep]\n|upkeep\n|turn|4\n|inactive|Krisuerte has 30 seconds left.\n|inactive|Krisuerte has 20 seconds left.\n|\n|t:|1715965484\n|switch|p2b: Kyogre|Kyogre, L50, tera:Ghost|37\/100\n|move|p2a: Landorus|Protect|p2a: Landorus\n|-singleturn|p2a: Landorus|Protect\n|move|p1a: Ursaluna|Hyper Voice|p2a: Landorus|[spread] p2b\n|-activate|p2a: Landorus|move: Protect\n|-damage|p2b: Kyogre|2\/100\n|-damage|p1a: Ursaluna|49\/100|[from] item: Life Orb\n|move|p1b: Urshifu|Wicked Blow|p2a: Landorus\n|-crit|p2a: Landorus\n|-damage|p2a: Landorus|0 fnt\n|faint|p2a: Landorus\n|\n|-weather|RainDance|[upkeep]\n|-sideend|p2: Krisuerte|move: Tailwind\n|upkeep\n|\n|t:|1715965502\n|switch|p2a: Tornadus|Tornadus, L50, M|14\/100\n|turn|5\n|\n|t:|1715965514\n|move|p2a: Tornadus|Scary Face|p2b: Kyogre\n|-unboost|p2b: Kyogre|spe|2\n|move|p2b: Kyogre|Origin Pulse|p1a: Ursaluna|[spread] p1a,p1b\n|-supereffective|p1a: Ursaluna\n|-crit|p1b: Urshifu\n|-damage|p1a: Ursaluna|0 fnt\n|-damage|p1b: Urshifu|0 fnt\n|faint|p1a: Ursaluna\n|faint|p1b: Urshifu\n|\n|-weather|none\n|-fieldend|move: Trick Room\n|-fieldend|move: Electric Terrain\n|upkeep\n|\n|t:|1715965517\n|switch|p1b: Miraidon|Miraidon, L50|39\/100\n|switch|p1a: Farigiraf|Farigiraf, L50, M, tera:Water|22\/100\n|-fieldstart|move: Electric Terrain|[from] ability: Hadron Engine|[of] p1b: Miraidon\n|turn|6\n|inactive|Krisuerte has 30 seconds left.\n|inactive|Krisuerte has 20 seconds left.\n|inactive|Krisuerte has 15 seconds left.\n|\n|t:|1715965559\n|switch|p2b: Archaludon|Archaludon, L50, M|68\/100\n|move|p1a: Farigiraf|Helping Hand|p1b: Miraidon\n|-singleturn|p1b: Miraidon|Helping Hand|[of] p1a: Farigiraf\n|move|p1b: Miraidon|Parabolic Charge|p2b: Archaludon|[spread] p1a,p2a,p2b\n|-supereffective|p1a: Farigiraf\n|-supereffective|p2a: Tornadus\n|-resisted|p2b: Archaludon\n|-damage|p1a: Farigiraf|0 fnt\n|-heal|p1b: Miraidon|52\/100|[from] drain|[of] p1a: Farigiraf\n|-damage|p2a: Tornadus|0 fnt\n|-heal|p1b: Miraidon|58\/100|[from] drain|[of] p2a: Tornadus\n|-damage|p2b: Archaludon|21\/100\n|-heal|p1b: Miraidon|83\/100|[from] drain|[of] p2b: Archaludon\n|-ability|p2b: Archaludon|Stamina|boost\n|-boost|p2b: Archaludon|def|1\n|faint|p1a: Farigiraf\n|faint|p2a: Tornadus\n|\n|upkeep\n|\n|t:|1715965577\n|switch|p2a: Kyogre|Kyogre, L50, tera:Ghost|2\/100\n|-weather|RainDance|[from] ability: Drizzle|[of] p2a: Kyogre\n|turn|7\n|inactive|Krisuerte has 30 seconds left.\n|\n|t:|1715965607\n|move|p1b: Miraidon|Parabolic Charge|p2a: Kyogre|[spread] p2a,p2b\n|-resisted|p2b: Archaludon\n|-damage|p2a: Kyogre|0 fnt\n|-heal|p1b: Miraidon|84\/100|[from] drain|[of] p2a: Kyogre\n|-damage|p2b: Archaludon|0 fnt\n|-heal|p1b: Miraidon|94\/100|[from] drain|[of] p2b: Archaludon\n|faint|p2a: Kyogre\n|faint|p2b: Archaludon\n|\n|win|StarSyz\n|raw|StarSyz's rating: 1711 &rarr; <strong>1731<\/strong><br \/>(+20 for winning)\n|raw|Krisuerte's rating: 1717 &rarr; <strong>1697<\/strong><br \/>(-20 for losing)\n|l|\u2606StarSyz\n|player|p1|\n|l|\u2606Krisuerte\n|player|p2|\n","uploadtime":1715965804,"views":35,"formatid":"gen9vgc2024regg","rating":1697,"private":0,"password":null}