{"id":"gen9vgc2024regg-2124442159","format":"[Gen 9] VGC 2024 Reg G","players":["chin8","GRIFFY98"],"log":"|j|\u2606chin8\n|j|\u2606GRIFFY98\n|t:|1715688468\n|gametype|doubles\n|player|p1|chin8|gentleman-gen4dp|1661\n|player|p2|GRIFFY98|170|1705\n|teamsize|p1|6\n|teamsize|p2|6\n|gen|9\n|tier|[Gen 9] VGC 2024 Reg G\n|rated|\n|rule|Species Clause: Limit one of each Pok\u00e9mon\n|rule|Item Clause: Limit one of each item\n|clearpoke\n|poke|p1|Calyrex-Shadow, L50|\n|poke|p1|Incineroar, L50, F|\n|poke|p1|Rillaboom, L50, F|\n|poke|p1|Urshifu-*, L50, M|\n|poke|p1|Ogerpon-Wellspring, L50, F|\n|poke|p1|Gholdengo, L50|\n|poke|p2|Dondozo, L50, F|\n|poke|p2|Tatsugiri, L50, M|\n|poke|p2|Kingambit, L50, M|\n|poke|p2|Ogerpon-Hearthflame, L50, F|\n|poke|p2|Landorus, L50, M|\n|poke|p2|Calyrex-Shadow, L50|\n|teampreview|4\n|inactive|Battle timer is ON: inactive players will automatically lose when time's up. (requested by GRIFFY98)\n|\n|t:|1715688483\n|start\n|switch|p1a: Urshifu|Urshifu, L50, M|100\/100\n|switch|p1b: Rillaboom|Rillaboom, L50, F|100\/100\n|switch|p2a: Dondozo|Dondozo, L50, F|100\/100\n|switch|p2b: Calyrex|Calyrex-Shadow, L50|100\/100\n|-ability|p2b: Calyrex|As One\n|-ability|p2b: Calyrex|Unnerve\n|-fieldstart|move: Grassy Terrain|[from] ability: Grassy Surge|[of] p1b: Rillaboom\n|turn|1\n|\n|t:|1715688501\n|switch|p1a: Incineroar|Incineroar, L50, F|100\/100\n|-ability|p1a: Incineroar|Intimidate|boost\n|-unboost|p2a: Dondozo|atk|1\n|-unboost|p2b: Calyrex|atk|1\n|move|p2b: Calyrex|Draining Kiss|p1a: Incineroar\n|-damage|p1a: Incineroar|78\/100\n|move|p1b: Rillaboom|Wood Hammer|p2a: Dondozo\n|-supereffective|p2a: Dondozo\n|-damage|p2a: Dondozo|4\/100\n|-damage|p1b: Rillaboom|84\/100|[from] item: Rocky Helmet|[of] p2a: Dondozo\n|-damage|p1b: Rillaboom|49\/100|[from] Recoil\n|move|p2a: Dondozo|Wave Crash|p1a: Incineroar\n|-supereffective|p1a: Incineroar\n|-damage|p1a: Incineroar|9\/100\n|-damage|p2a: Dondozo|0 fnt|[from] Recoil\n|faint|p2a: Dondozo\n|\n|-heal|p1b: Rillaboom|55\/100|[from] Grassy Terrain\n|-heal|p1a: Incineroar|15\/100|[from] Grassy Terrain\n|upkeep\n|\n|t:|1715688506\n|switch|p2a: Landorus|Landorus, L50, M|100\/100\n|turn|2\n|\n|t:|1715688525\n|move|p1a: Incineroar|Fake Out|p2a: Landorus\n|-damage|p2a: Landorus|87\/100\n|move|p2b: Calyrex|Draining Kiss|p1a: Incineroar\n|-damage|p1a: Incineroar|0 fnt\n|faint|p1a: Incineroar\n|-ability|p2b: Calyrex|Grim Neigh|boost\n|-boost|p2b: Calyrex|spa|1\n|cant|p2a: Landorus|flinch\n|move|p1b: Rillaboom|Wood Hammer|p2b: Calyrex\n|-damage|p2b: Calyrex|11\/100\n|-damage|p1b: Rillaboom|30\/100|[from] Recoil\n|\n|-heal|p2b: Calyrex|16\/100|[from] Grassy Terrain\n|-heal|p1b: Rillaboom|36\/100|[from] Grassy Terrain\n|upkeep\n|\n|t:|1715688534\n|switch|p1a: Calyrex|Calyrex-Shadow, L50|100\/100\n|-ability|p1a: Calyrex|As One\n|-ability|p1a: Calyrex|Unnerve\n|turn|3\n|inactive|GRIFFY98 has 30 seconds left.\n|\n|t:|1715688563\n|switch|p2b: Tatsugiri|Tatsugiri, L50, M|100\/100\n|move|p1b: Rillaboom|Grassy Glide|p2b: Tatsugiri\n|-damage|p2b: Tatsugiri|37\/100\n|move|p1a: Calyrex|Calm Mind|p1a: Calyrex\n|-boost|p1a: Calyrex|spa|1\n|-boost|p1a: Calyrex|spd|1\n|move|p2a: Landorus|Substitute|p2a: Landorus\n|-start|p2a: Landorus|Substitute\n|-damage|p2a: Landorus|62\/100\n|\n|-heal|p2b: Tatsugiri|42\/100|[from] Grassy Terrain\n|-heal|p1b: Rillaboom|42\/100|[from] Grassy Terrain\n|upkeep\n|turn|4\n|\n|t:|1715688573\n|move|p2a: Landorus|Protect|p2a: Landorus\n|-singleturn|p2a: Landorus|Protect\n|move|p1b: Rillaboom|Grassy Glide|p2a: Landorus\n|-activate|p2a: Landorus|move: Protect\n|move|p1a: Calyrex|Astral Barrage|p2b: Tatsugiri|[spread] p2b\n|-activate|p2a: Landorus|move: Protect\n|-damage|p2b: Tatsugiri|0 fnt\n|faint|p2b: Tatsugiri\n|-ability|p1a: Calyrex|Grim Neigh|boost\n|-boost|p1a: Calyrex|spa|1\n|\n|-heal|p1b: Rillaboom|47\/100|[from] Grassy Terrain\n|upkeep\n|\n|t:|1715688577\n|switch|p2b: Calyrex|Calyrex-Shadow, L50|16\/100\n|-ability|p2b: Calyrex|As One\n|-ability|p2b: Calyrex|Unnerve\n|turn|5\n|\n|t:|1715688587\n|move|p1b: Rillaboom|Grassy Glide|p2b: Calyrex\n|-damage|p2b: Calyrex|0 fnt\n|faint|p2b: Calyrex\n|move|p1a: Calyrex|Astral Barrage|p2a: Landorus\n|-end|p2a: Landorus|Substitute\n|move|p2a: Landorus|Earth Power|p1a: Calyrex\n|-damage|p1a: Calyrex|52\/100\n|\n|-heal|p1a: Calyrex|58\/100|[from] Grassy Terrain\n|-heal|p1b: Rillaboom|53\/100|[from] Grassy Terrain\n|-fieldend|move: Grassy Terrain\n|upkeep\n|turn|6\n|-message|GRIFFY98 forfeited.\n|\n|win|chin8\n|raw|chin8's rating: 1661 &rarr; <strong>1684<\/strong><br \/>(+23 for winning)\n|raw|GRIFFY98's rating: 1705 &rarr; <strong>1682<\/strong><br \/>(-23 for losing)\n|l|\u2606GRIFFY98\n|player|p2|\n|l|\u2606chin8\n|player|p1|\n","uploadtime":1715688802,"views":24,"formatid":"gen9vgc2024regg","rating":1682,"private":0,"password":null}