{"id":"gen9vgc2024regg-2124870699","format":"[Gen 9] VGC 2024 Reg G","players":["cicibi","lorenzombie"],"log":"|j|\u2606cicibi\n|j|\u2606lorenzombie\n|t:|1715857199\n|gametype|doubles\n|player|p1|cicibi|cilan|1669\n|player|p2|lorenzombie|peony|1702\n|teamsize|p1|6\n|teamsize|p2|6\n|gen|9\n|tier|[Gen 9] VGC 2024 Reg G\n|rated|\n|rule|Species Clause: Limit one of each Pok\u00e9mon\n|rule|Item Clause: Limit one of each item\n|clearpoke\n|poke|p1|Chi-Yu, L50|\n|poke|p1|Dondozo, L50, F|\n|poke|p1|Urshifu-*, L50, F|\n|poke|p1|Lunala, L50|\n|poke|p1|Rillaboom, L50, M|\n|poke|p1|Ursaluna, L50, F|\n|poke|p2|Ursaluna-Bloodmoon, L50, M|\n|poke|p2|Farigiraf, L50, F|\n|poke|p2|Calyrex-Ice, L50|\n|poke|p2|Ogerpon-Cornerstone, L50, F|\n|poke|p2|Pincurchin, L50, M|\n|poke|p2|Chandelure, L50, F|\n|teampreview|4\n|inactive|Battle timer is ON: inactive players will automatically lose when time's up. (requested by lorenzombie)\n|inactive|cicibi has 60 seconds left.\n|inactive|cicibi has 30 seconds left.\n|\n|t:|1715857267\n|start\n|switch|p1a: Chi-Yu|Chi-Yu, L50|100\/100\n|switch|p1b: Urshifu|Urshifu, L50, F|100\/100\n|switch|p2a: Ogerpon|Ogerpon-Cornerstone, L50, F|100\/100\n|switch|p2b: Farigiraf|Farigiraf, L50, F|100\/100\n|-ability|p1a: Chi-Yu|Beads of Ruin\n|turn|1\n|inactive|cicibi has 30 seconds left.\n|j| Precipiceagle\n|\n|t:|1715857301\n|switch|p1a: Lunala|Lunala, L50|100\/100\n|move|p2a: Ogerpon|Follow Me|p2a: Ogerpon\n|-singleturn|p2a: Ogerpon|move: Follow Me\n|move|p1b: Urshifu|Wicked Blow|p2a: Ogerpon\n|-crit|p2a: Ogerpon\n|-damage|p2a: Ogerpon|8\/100\n|move|p2b: Farigiraf|Trick Room|p2b: Farigiraf\n|-fieldstart|move: Trick Room|[of] p2b: Farigiraf\n|\n|upkeep\n|turn|2\n|\n|t:|1715857322\n|move|p2a: Ogerpon|Follow Me|p2a: Ogerpon\n|-singleturn|p2a: Ogerpon|move: Follow Me\n|move|p1b: Urshifu|Wicked Blow|p2a: Ogerpon\n|-crit|p2a: Ogerpon\n|-damage|p2a: Ogerpon|0 fnt\n|faint|p2a: Ogerpon\n|move|p2b: Farigiraf|Trick Room|p2b: Farigiraf\n|-fieldend|move: Trick Room\n|move|p1a: Lunala|Trick Room|p1a: Lunala\n|-fieldstart|move: Trick Room|[of] p1a: Lunala\n|\n|upkeep\n|\n|t:|1715857335\n|switch|p2a: Calyrex|Calyrex-Ice, L50|100\/100\n|-ability|p2a: Calyrex|As One\n|-ability|p2a: Calyrex|Unnerve\n|turn|3\n|j| yunxiu496\n|\n|t:|1715857352\n|-terastallize|p2a: Calyrex|Water\n|move|p1a: Lunala|Wide Guard|p1a: Lunala\n|-singleturn|p1a: Lunala|Wide Guard\n|move|p2b: Farigiraf|Hyper Voice|p1a: Lunala|[spread] \n|-activate|p1a: Lunala|move: Wide Guard\n|-activate|p1b: Urshifu|move: Wide Guard\n|move|p2a: Calyrex|High Horsepower|p1b: Urshifu\n|-crit|p1b: Urshifu\n|-damage|p1b: Urshifu|39\/100\n|move|p1b: Urshifu|Wicked Blow|p2a: Calyrex\n|-crit|p2a: Calyrex\n|-damage|p2a: Calyrex|58\/100\n|\n|upkeep\n|turn|4\n|\n|t:|1715857377\n|move|p1b: Urshifu|Protect|p1b: Urshifu\n|-singleturn|p1b: Urshifu|Protect\n|move|p2b: Farigiraf|Psychic Noise|p1a: Lunala\n|-resisted|p1a: Lunala\n|-damage|p1a: Lunala|94\/100\n|-start|p1a: Lunala|move: Heal Block\n|-enditem|p2b: Farigiraf|Throat Spray\n|-boost|p2b: Farigiraf|spa|1|[from] item: Throat Spray\n|move|p2a: Calyrex|Glacial Lance|p1b: Urshifu|[spread] p1a\n|-activate|p1b: Urshifu|move: Protect\n|-damage|p1a: Lunala|47\/100\n|move|p1a: Lunala|Trick Room|p1a: Lunala\n|-fieldend|move: Trick Room\n|\n|upkeep\n|turn|5\n|inactive|cicibi has 30 seconds left.\n|inactive|cicibi has 20 seconds left.\n|\n|t:|1715857414\n|-terastallize|p1b: Urshifu|Dark\n|move|p1b: Urshifu|Wicked Blow|p2a: Calyrex\n|-crit|p2a: Calyrex\n|-damage|p2a: Calyrex|0 fnt\n|faint|p2a: Calyrex\n|move|p1a: Lunala|Meteor Beam||[still]\n|-prepare|p1a: Lunala|Meteor Beam\n|-boost|p1a: Lunala|spa|1\n|-enditem|p1a: Lunala|Power Herb\n|-anim|p1a: Lunala|Meteor Beam|p2b: Farigiraf\n|-damage|p2b: Farigiraf|36\/100\n|move|p2b: Farigiraf|Trick Room|p2b: Farigiraf\n|-fieldstart|move: Trick Room|[of] p2b: Farigiraf\n|\n|-end|p1a: Lunala|move: Heal Block\n|upkeep\n|\n|t:|1715857420\n|switch|p2a: Ursaluna|Ursaluna-Bloodmoon, L50, M|100\/100\n|turn|6\n|inactive|cicibi has 30 seconds left.\n|\n|t:|1715857449\n|move|p1b: Urshifu|Protect|p1b: Urshifu\n|-singleturn|p1b: Urshifu|Protect\n|move|p2a: Ursaluna|Earth Power|p1b: Urshifu\n|-activate|p1b: Urshifu|move: Protect\n|move|p2b: Farigiraf|Trick Room|p2b: Farigiraf\n|-fieldend|move: Trick Room\n|move|p1a: Lunala|Trick Room|p1a: Lunala\n|-fieldstart|move: Trick Room|[of] p1a: Lunala\n|\n|upkeep\n|turn|7\n|\n|t:|1715857474\n|move|p1a: Lunala|Wide Guard|p1a: Lunala\n|-singleturn|p1a: Lunala|Wide Guard\n|move|p2a: Ursaluna|Hyper Voice|p1a: Lunala|[spread] \n|-activate|p1a: Lunala|move: Wide Guard\n|-activate|p1b: Urshifu|move: Wide Guard\n|move|p2b: Farigiraf|Psychic Noise|p1a: Lunala\n|-resisted|p1a: Lunala\n|-damage|p1a: Lunala|28\/100\n|-start|p1a: Lunala|move: Heal Block\n|move|p1b: Urshifu|Close Combat|p2a: Ursaluna\n|-supereffective|p2a: Ursaluna\n|-damage|p2a: Ursaluna|0 fnt\n|-unboost|p1b: Urshifu|def|1\n|-unboost|p1b: Urshifu|spd|1\n|faint|p2a: Ursaluna\n|\n|upkeep\n|turn|8\n|-message|lorenzombie forfeited.\n|\n|win|cicibi\n|raw|cicibi's rating: 1669 &rarr; <strong>1691<\/strong><br \/>(+22 for winning)\n|raw|lorenzombie's rating: 1702 &rarr; <strong>1680<\/strong><br \/>(-22 for losing)\n|l|\u2606lorenzombie\n|player|p2|\n|l| Precipiceagle\n|l| yunxiu496\n","uploadtime":1715857495,"views":70,"formatid":"gen9vgc2024regg","rating":1680,"private":0,"password":null}