{"id":"gen9vgc2024regg-2124874260","format":"[Gen 9] VGC 2024 Reg G","players":["BassoTara","tuanzai233"],"log":"|j|\u2606BassoTara\n|j|\u2606tuanzai233\n|t:|1715857699\n|gametype|doubles\n|player|p1|BassoTara|1|1701\n|player|p2|tuanzai233|2|1693\n|teamsize|p1|6\n|teamsize|p2|6\n|gen|9\n|tier|[Gen 9] VGC 2024 Reg G\n|rated|\n|rule|Species Clause: Limit one of each Pok\u00e9mon\n|rule|Item Clause: Limit one of each item\n|clearpoke\n|poke|p1|Rillaboom, L50, F|\n|poke|p1|Ogerpon-Hearthflame, L50, F|\n|poke|p1|Indeedee-F, L50, F|\n|poke|p1|Necrozma-Dawn-Wings, L50|\n|poke|p1|Gallade, L50, M|\n|poke|p1|Torkoal, L50, M|\n|poke|p2|Indeedee-F, L50, F|\n|poke|p2|Torkoal, L50, M|\n|poke|p2|Calyrex-Ice, L50|\n|poke|p2|Annihilape, L50, F|\n|poke|p2|Urshifu-*, L50, M|\n|poke|p2|Brute Bonnet, L50|\n|teampreview|4\nBassoTara has agreed to open team sheets.\n|j| Kurenaiwing\n|inactive|Battle timer is ON: inactive players will automatically lose when time's up. (requested by tuanzai233)\n|\n|t:|1715857733\n|start\n|switch|p1a: Indeedee|Indeedee-F, L50, F|100\/100\n|switch|p1b: Necrozma|Necrozma-Dawn-Wings, L50|100\/100\n|switch|p2a: Calyrex|Calyrex-Ice, L50|100\/100\n|switch|p2b: Brute Bonnet|Brute Bonnet, L50, shiny|100\/100\n|-ability|p2a: Calyrex|As One\n|-ability|p2a: Calyrex|Unnerve\n|-fieldstart|move: Psychic Terrain|[from] ability: Psychic Surge|[of] p1a: Indeedee\n|-enditem|p1a: Indeedee|Psychic Seed\n|-boost|p1a: Indeedee|spd|1|[from] item: Psychic Seed\n|turn|1\n|inactive|BassoTara has 30 seconds left.\n|inactive|BassoTara has 20 seconds left.\n|inactive|BassoTara has 15 seconds left.\n|inactive|BassoTara has 10 seconds left.\n|inactive|BassoTara has 5 seconds left.\n|\n|t:|1715857784\n|-terastallize|p1b: Necrozma|Fairy\n|move|p2a: Calyrex|Protect|p2a: Calyrex\n|-singleturn|p2a: Calyrex|Protect\n|move|p1a: Indeedee|Follow Me|p1a: Indeedee\n|-singleturn|p1a: Indeedee|move: Follow Me\n|move|p1b: Necrozma|Meteor Beam||[still]\n|-prepare|p1b: Necrozma|Meteor Beam\n|-boost|p1b: Necrozma|spa|1\n|-enditem|p1b: Necrozma|Power Herb\n|-anim|p1b: Necrozma|Meteor Beam|p2a: Calyrex\n|-activate|p2a: Calyrex|move: Protect\n|move|p2b: Brute Bonnet|Spore|p1a: Indeedee\n|-status|p1a: Indeedee|slp|[from] move: Spore\n|\n|upkeep\n|turn|2\n|\n|t:|1715857801\n|-terastallize|p2a: Calyrex|Fire\n|cant|p1a: Indeedee|slp\n|move|p1b: Necrozma|Moongeist Beam|p2a: Calyrex\n|-crit|p2a: Calyrex\n|-damage|p2a: Calyrex|9\/100\n|move|p2b: Brute Bonnet|Spore|p1b: Necrozma\n|-status|p1b: Necrozma|slp|[from] move: Spore\n|move|p2a: Calyrex|Glacial Lance|p1a: Indeedee|[spread] p1a,p1b\n|-damage|p1a: Indeedee|39\/100 slp\n|-damage|p1b: Necrozma|51\/100 slp\n|\n|upkeep\n|turn|3\n|\n|t:|1715857823\n|cant|p1a: Indeedee|slp\n|cant|p1b: Necrozma|slp\n|move|p2b: Brute Bonnet|Pollen Puff|p2a: Calyrex\n|-heal|p2a: Calyrex|59\/100\n|move|p2a: Calyrex|Glacial Lance|p1a: Indeedee|[spread] p1a,p1b\n|-damage|p1a: Indeedee|0 fnt\n|-damage|p1b: Necrozma|4\/100 slp\n|faint|p1a: Indeedee\n|-ability|p2a: Calyrex|Chilling Neigh|boost\n|-boost|p2a: Calyrex|atk|1\n|\n|upkeep\n|\n|t:|1715857837\n|switch|p1a: Ogerpon|Ogerpon-Hearthflame, L50, F|100\/100\n|-ability|p1a: Ogerpon|Mold Breaker\n|turn|4\n|\n|t:|1715857844\n|move|p2b: Brute Bonnet|Rage Powder|p2b: Brute Bonnet\n|-singleturn|p2b: Brute Bonnet|move: Rage Powder\n|move|p1a: Ogerpon|Ivy Cudgel|p2b: Brute Bonnet|[anim] Ivy Cudgel Fire\n|-supereffective|p2b: Brute Bonnet\n|-crit|p2b: Brute Bonnet\n|-damage|p2b: Brute Bonnet|0 fnt\n|faint|p2b: Brute Bonnet\n|-end|p2b: Brute Bonnet|Protosynthesis|[silent]\n|-curestatus|p1b: Necrozma|slp|[msg]\n|move|p1b: Necrozma|Moongeist Beam|p2a: Calyrex\n|-damage|p2a: Calyrex|0 fnt\n|faint|p2a: Calyrex\n|\n|upkeep\n|\n|t:|1715857852\n|switch|p2b: Torkoal|Torkoal, L50, M|100\/100\n|switch|p2a: Urshifu|Urshifu, L50, M|100\/100\n|-weather|SunnyDay|[from] ability: Drought|[of] p2b: Torkoal\n|turn|5\n|j| THUNDERSND77\n|inactive|BassoTara has 30 seconds left.\n|\n|t:|1715857880\n|move|p1a: Ogerpon|Ivy Cudgel|p2b: Torkoal|[anim] Ivy Cudgel Fire\n|-resisted|p2b: Torkoal\n|-damage|p2b: Torkoal|69\/100\n|move|p2a: Urshifu|Wicked Blow|p1b: Necrozma\n|-resisted|p1b: Necrozma\n|-crit|p1b: Necrozma\n|-damage|p1b: Necrozma|0 fnt\n|faint|p1b: Necrozma\n|move|p2b: Torkoal|Weather Ball|p1a: Ogerpon\n|-damage|p1a: Ogerpon|6\/100\n|\n|-weather|SunnyDay|[upkeep]\n|-fieldend|move: Psychic Terrain\n|upkeep\n|\n|t:|1715857892\n|switch|p1b: Torkoal|Torkoal, L50, M|100\/100\n|turn|6\n|\n|t:|1715857899\n|move|p1a: Ogerpon|Spiky Shield|p1a: Ogerpon\n|-singleturn|p1a: Ogerpon|move: Protect\n|move|p2a: Urshifu|Wicked Blow|p1a: Ogerpon\n|-crit|p1a: Ogerpon\n|-damage|p1a: Ogerpon|0 fnt\n|faint|p1a: Ogerpon\n|move|p2b: Torkoal|Earth Power|p1b: Torkoal\n|-supereffective|p1b: Torkoal\n|-damage|p1b: Torkoal|30\/100\n|move|p1b: Torkoal|Eruption|p2a: Urshifu|[spread] p2a,p2b\n|-resisted|p2b: Torkoal\n|-damage|p2a: Urshifu|60\/100\n|-damage|p2b: Torkoal|52\/100\n|\n|-weather|SunnyDay|[upkeep]\n|upkeep\n|turn|7\n|l| Kurenaiwing\n|-message|BassoTara forfeited.\n|\n|win|tuanzai233\n|raw|BassoTara's rating: 1701 &rarr; <strong>1681<\/strong><br \/>(-20 for losing)\n|raw|tuanzai233's rating: 1693 &rarr; <strong>1713<\/strong><br \/>(+20 for winning)\n|l|\u2606BassoTara\n|player|p1|\n|l|\u2606tuanzai233\n|player|p2|\n|l| THUNDERSND77\n","uploadtime":1715857968,"views":34,"formatid":"gen9vgc2024regg","rating":1681,"private":0,"password":null}