{"id":"gen9vgc2024regg-2125288497","format":"[Gen 9] VGC 2024 Reg G","players":["shulivgc","JSNJS"],"log":"|j|\u2606shulivgc\n|j|\u2606JSNJS\n|t:|1716002816\n|gametype|doubles\n|player|p1|shulivgc|#smogonxnpa2024draftee2|1703\n|player|p2|JSNJS|pokemonbreeder|1658\n|teamsize|p1|6\n|teamsize|p2|6\n|gen|9\n|tier|[Gen 9] VGC 2024 Reg G\n|rated|\n|rule|Species Clause: Limit one of each Pok\u00e9mon\n|rule|Item Clause: Limit one of each item\n|clearpoke\n|poke|p1|Calyrex-Ice, L50|\n|poke|p1|Amoonguss, L50, M|\n|poke|p1|Incineroar, L50, F|\n|poke|p1|Raging Bolt, L50|\n|poke|p1|Urshifu-*, L50, M|\n|poke|p1|Tornadus, L50, M|\n|poke|p2|Farigiraf, L50, F|\n|poke|p2|Stonjourner, L50, F|\n|poke|p2|Urshifu-*, L50, M|\n|poke|p2|Venusaur, L50, M|\n|poke|p2|Primarina, L50, M|\n|poke|p2|Eternatus, L50|\n|teampreview|4\n|j| GiveMeChance\n|\n|t:|1716002860\n|start\n|switch|p1a: Calyrex|Calyrex-Ice, L50|100\/100\n|switch|p1b: Raging Bolt|Raging Bolt, L50|100\/100\n|switch|p2a: Charlotte|Farigiraf, L50, F|100\/100\n|switch|p2b: Brut|Urshifu, L50, M|100\/100\n|-ability|p1a: Calyrex|As One\n|-ability|p1a: Calyrex|Unnerve\n|turn|1\n|\n|t:|1716002902\n|switch|p1a: Amoonguss|Amoonguss, L50, M|100\/100\n|move|p2b: Brut|Wicked Blow|p1a: Amoonguss\n|-crit|p1a: Amoonguss\n|-damage|p1a: Amoonguss|25\/100\n|-damage|p2b: Brut|84\/100|[from] item: Rocky Helmet|[of] p1a: Amoonguss\n|move|p1b: Raging Bolt|Thunderbolt|p2b: Brut\n|-damage|p2b: Brut|23\/100\n|move|p2a: Charlotte|Imprison|p2a: Charlotte\n|-start|p2a: Charlotte|move: Imprison\n|\n|upkeep\n|turn|2\n|\n|t:|1716002919\n|move|p1a: Amoonguss|Rage Powder|p1a: Amoonguss\n|-singleturn|p1a: Amoonguss|move: Rage Powder\n|move|p2b: Brut|Wicked Blow|p1a: Amoonguss\n|-crit|p1a: Amoonguss\n|-damage|p1a: Amoonguss|0 fnt\n|-damage|p2b: Brut|6\/100|[from] item: Rocky Helmet|[of] p1a: Amoonguss\n|faint|p1a: Amoonguss\n|move|p1b: Raging Bolt|Electroweb|p2a: Charlotte|[spread] p2a\n|-miss|p1b: Raging Bolt|p2b: Brut\n|-damage|p2a: Charlotte|83\/100\n|-unboost|p2a: Charlotte|spe|1\n|move|p2a: Charlotte|Hyper Voice|p1b: Raging Bolt\n|-damage|p1b: Raging Bolt|80\/100\n|\n|upkeep\n|\n|t:|1716002929\n|switch|p1a: Urshifu|Urshifu-Rapid-Strike, L50, M|100\/100\n|turn|3\n|\n|t:|1716002941\n|-terastallize|p1a: Urshifu|Water\n|move|p2b: Brut|Wicked Blow|p1b: Raging Bolt\n|-crit|p1b: Raging Bolt\n|-damage|p1b: Raging Bolt|2\/100\n|move|p1a: Urshifu|Surging Strikes|p2a: Charlotte\n|-crit|p2a: Charlotte\n|-damage|p2a: Charlotte|55\/100\n|-crit|p2a: Charlotte\n|-damage|p2a: Charlotte|24\/100\n|-enditem|p2a: Charlotte|Aguav Berry|[eat]\n|-heal|p2a: Charlotte|57\/100|[from] item: Aguav Berry\n|-crit|p2a: Charlotte\n|-damage|p2a: Charlotte|28\/100\n|-hitcount|p2a: Charlotte|3\n|move|p1b: Raging Bolt|Electroweb|p2b: Brut|[spread] p2a,p2b\n|-crit|p2b: Brut\n|-damage|p2a: Charlotte|12\/100\n|-damage|p2b: Brut|0 fnt\n|-unboost|p2a: Charlotte|spe|1\n|faint|p2b: Brut\n|move|p2a: Charlotte|Hyper Voice|p1b: Raging Bolt|[spread] p1a,p1b\n|-damage|p1a: Urshifu|67\/100\n|-damage|p1b: Raging Bolt|0 fnt\n|faint|p1b: Raging Bolt\n|-end|p1b: Raging Bolt|Protosynthesis|[silent]\n|\n|upkeep\n|\n|t:|1716002955\n|switch|p2b: Viruspatium|Eternatus, L50|100\/100\n|switch|p1b: Calyrex|Calyrex-Ice, L50|100\/100\n|-ability|p1b: Calyrex|As One\n|-ability|p1b: Calyrex|Unnerve\n|-ability|p2b: Viruspatium|Pressure\n|turn|4\n|\n|t:|1716002963\n|move|p2a: Charlotte|Helping Hand|p2b: Viruspatium\n|-singleturn|p2b: Viruspatium|Helping Hand|[of] p2a: Charlotte\n|move|p2b: Viruspatium|Meteor Beam||[still]\n|-prepare|p2b: Viruspatium|Meteor Beam\n|-boost|p2b: Viruspatium|spa|1\n|-enditem|p2b: Viruspatium|Power Herb\n|-anim|p2b: Viruspatium|Meteor Beam|p1b: Calyrex\n|-supereffective|p1b: Calyrex\n|-damage|p1b: Calyrex|0 fnt\n|faint|p1b: Calyrex\n|move|p1a: Urshifu|Surging Strikes|p2b: Viruspatium\n|-resisted|p2b: Viruspatium\n|-crit|p2b: Viruspatium\n|-damage|p2b: Viruspatium|86\/100\n|-resisted|p2b: Viruspatium\n|-crit|p2b: Viruspatium\n|-damage|p2b: Viruspatium|74\/100\n|-resisted|p2b: Viruspatium\n|-crit|p2b: Viruspatium\n|-damage|p2b: Viruspatium|60\/100\n|-hitcount|p2b: Viruspatium|3\n|\n|upkeep\n|turn|5\n|-message|shulivgc forfeited.\n|\n|win|JSNJS\n|raw|shulivgc's rating: 1703 &rarr; <strong>1680<\/strong><br \/>(-23 for losing)\n|raw|JSNJS's rating: 1658 &rarr; <strong>1681<\/strong><br \/>(+23 for winning)\n|l|\u2606shulivgc\n|player|p1|\n|l|\u2606JSNJS\n|player|p2|\n|l| GiveMeChance\n","uploadtime":1716003155,"views":72,"formatid":"gen9vgc2024regg","rating":1680,"private":0,"password":null}