{"id":"gen9vgc2024regg-2127972988","format":"[Gen 9] VGC 2024 Reg G","players":["BapeChiang","moon7777"],"log":"|j|\u2606BapeChiang\n|j|\u2606moon7777\n|t:|1716355094\n|gametype|doubles\n|player|p1|BapeChiang|buck|1670\n|player|p2|moon7777|265|1757\n|teamsize|p1|6\n|teamsize|p2|6\n|gen|9\n|tier|[Gen 9] VGC 2024 Reg G\n|rated|\n|rule|Species Clause: Limit one of each Pok\u00e9mon\n|rule|Item Clause: Limit one of each item\n|clearpoke\n|poke|p1|Calyrex-Ice, L50|\n|poke|p1|Incineroar, L50, F|\n|poke|p1|Amoonguss, L50, M|\n|poke|p1|Urshifu-*, L50, M|\n|poke|p1|Pelipper, L50, M|\n|poke|p1|Raging Bolt, L50|\n|poke|p2|Amoonguss, L50, M|\n|poke|p2|Gholdengo, L50|\n|poke|p2|Rillaboom, L50, M|\n|poke|p2|Incineroar, L50, F|\n|poke|p2|Urshifu-*, L50, M|\n|poke|p2|Lunala, L50|\n|teampreview|4\nBapeChiang has agreed to open team sheets.\nmoon7777 has agreed to open team sheets.\n|j| syachilove0408\n|inactive|Battle timer is ON: inactive players will automatically lose when time's up. (requested by moon7777)\n|\n|t:|1716355150\n|start\n|switch|p1a: Calyrex|Calyrex-Ice, L50|100\/100\n|switch|p1b: Pelipper|Pelipper, L50, M|100\/100\n|switch|p2a: Lunala|Lunala, L50|100\/100\n|switch|p2b: Gholdengo|Gholdengo, L50|100\/100\n|-ability|p1a: Calyrex|As One\n|-ability|p1a: Calyrex|Unnerve\n|-weather|RainDance|[from] ability: Drizzle|[of] p1b: Pelipper\n|turn|1\n|\n|t:|1716355172\n|-terastallize|p1a: Calyrex|Grass\n|move|p1b: Pelipper|Wide Guard|p1b: Pelipper\n|-singleturn|p1b: Pelipper|Wide Guard\n|move|p2a: Lunala|Meteor Beam||[still]\n|-prepare|p2a: Lunala|Meteor Beam\n|-boost|p2a: Lunala|spa|1\n|-enditem|p2a: Lunala|Power Herb\n|-anim|p2a: Lunala|Meteor Beam|p1a: Calyrex|[miss]\n|-miss|p2a: Lunala|p1a: Calyrex\n|move|p2b: Gholdengo|Shadow Ball|p1a: Calyrex\n|-damage|p1a: Calyrex|56\/100\n|move|p1a: Calyrex|Glacial Lance|p2b: Gholdengo|[spread] p2a,p2b\n|-resisted|p2b: Gholdengo\n|-damage|p2a: Lunala|78\/100\n|-damage|p2b: Gholdengo|74\/100\n|\n|-weather|RainDance|[upkeep]\n|upkeep\n|turn|2\n|inactive|moon7777 has 30 seconds left.\n|\n|t:|1716355201\n|move|p1a: Calyrex|Protect|p1a: Calyrex\n|-singleturn|p1a: Calyrex|Protect\n|move|p2a: Lunala|Moongeist Beam|p1a: Calyrex\n|-activate|p1a: Calyrex|move: Protect\n|move|p1b: Pelipper|Weather Ball|p2b: Gholdengo\n|-damage|p2b: Gholdengo|8\/100\n|move|p2b: Gholdengo|Shadow Ball|p1b: Pelipper\n|-enditem|p1b: Pelipper|Focus Sash\n|-damage|p1b: Pelipper|1\/100\n|-unboost|p1b: Pelipper|spd|1\n|\n|-weather|RainDance|[upkeep]\n|upkeep\n|turn|3\n|\n|t:|1716355219\n|switch|p2b: Amoonguss|Amoonguss, L50, M|100\/100\n|move|p1b: Pelipper|Weather Ball|p2b: Amoonguss\n|-resisted|p2b: Amoonguss\n|-damage|p2b: Amoonguss|68\/100\n|move|p2a: Lunala|Moongeist Beam|p1a: Calyrex\n|-damage|p1a: Calyrex|2\/100\n|move|p1a: Calyrex|Glacial Lance|p2b: Amoonguss|[spread] p2a,p2b\n|-supereffective|p2b: Amoonguss\n|-damage|p2a: Lunala|30\/100\n|-damage|p2b: Amoonguss|0 fnt\n|faint|p2b: Amoonguss\n|-ability|p1a: Calyrex|Chilling Neigh|boost\n|-boost|p1a: Calyrex|atk|1\n|\n|-weather|RainDance|[upkeep]\n|upkeep\n|j| keltr1ck\n|\n|t:|1716355235\n|switch|p2b: Incineroar|Incineroar, L50, F|100\/100\n|-ability|p2b: Incineroar|Intimidate|boost\n|-fail|p1a: Calyrex|unboost|[from] item: Clear Amulet|[of] p1a: Calyrex\n|-unboost|p1b: Pelipper|atk|1\n|turn|4\n|\n|t:|1716355253\n|switch|p1b: Amoonguss|Amoonguss, L50, M|100\/100\n|move|p1a: Calyrex|Protect|p1a: Calyrex\n|-singleturn|p1a: Calyrex|Protect\n|move|p2b: Incineroar|Fake Out|p1b: Amoonguss\n|-damage|p1b: Amoonguss|91\/100\n|-damage|p2b: Incineroar|84\/100|[from] item: Rocky Helmet|[of] p1b: Amoonguss\n|move|p2a: Lunala|Moongeist Beam|p1a: Calyrex\n|-activate|p1a: Calyrex|move: Protect\n|\n|-weather|RainDance|[upkeep]\n|upkeep\n|turn|5\n|\n|t:|1716355270\n|move|p1b: Amoonguss|Rage Powder|p1b: Amoonguss\n|-singleturn|p1b: Amoonguss|move: Rage Powder\n|move|p2a: Lunala|Moongeist Beam|p1b: Amoonguss\n|-damage|p1b: Amoonguss|10\/100\n|move|p2b: Incineroar|Knock Off|p1b: Amoonguss\n|-damage|p1b: Amoonguss|0 fnt\n|-damage|p2b: Incineroar|68\/100|[from] item: Rocky Helmet|[of] p1b: Amoonguss\n|-enditem|p1b: Amoonguss|Rocky Helmet|[from] move: Knock Off|[of] p2b: Incineroar\n|faint|p1b: Amoonguss\n|move|p1a: Calyrex|High Horsepower|p2a: Lunala\n|-damage|p2a: Lunala|0 fnt\n|faint|p2a: Lunala\n|-ability|p1a: Calyrex|Chilling Neigh|boost\n|-boost|p1a: Calyrex|atk|1\n|\n|-weather|none\n|upkeep\n|\n|t:|1716355285\n|switch|p2a: Gholdengo|Gholdengo, L50|8\/100\n|switch|p1b: Pelipper|Pelipper, L50, M|1\/100\n|-weather|RainDance|[from] ability: Drizzle|[of] p1b: Pelipper\n|turn|6\n|\n|t:|1716355294\n|move|p1b: Pelipper|Weather Ball|p2a: Gholdengo\n|-damage|p2a: Gholdengo|0 fnt\n|faint|p2a: Gholdengo\n|move|p2b: Incineroar|Knock Off|p1a: Calyrex\n|-damage|p1a: Calyrex|0 fnt\n|-enditem|p1a: Calyrex|Clear Amulet|[from] move: Knock Off|[of] p2b: Incineroar\n|faint|p1a: Calyrex\n|\n|-weather|RainDance|[upkeep]\n|upkeep\n|\n|t:|1716355302\n|switch|p1a: Urshifu|Urshifu-Rapid-Strike, L50, M|100\/100\n|turn|7\n|-message|moon7777 forfeited.\n|\n|win|BapeChiang\n|raw|BapeChiang's rating: 1670 &rarr; <strong>1695<\/strong><br \/>(+25 for winning)\n|raw|moon7777's rating: 1757 &rarr; <strong>1732<\/strong><br \/>(-25 for losing)\n|l|\u2606moon7777\n|player|p2|\n|l|\u2606BapeChiang\n|player|p1|\n|l| keltr1ck\n|l| syachilove0408\n","uploadtime":1716355485,"views":14,"formatid":"gen9vgc2024regg","rating":1695,"private":0,"password":null}