{"id":"gen9vgc2024regg-2127183221","format":"[Gen 9] VGC 2024 Reg G","players":["The Umpire","yuanyangjun"],"log":"|j|\u2606The Umpire\n|j|\u2606yuanyangjun\n|t:|1716258392\n|gametype|doubles\n|player|p1|The Umpire|volkner|1662\n|player|p2|yuanyangjun|dawn|1697\n|teamsize|p1|6\n|teamsize|p2|6\n|gen|9\n|tier|[Gen 9] VGC 2024 Reg G\n|rated|\n|rule|Species Clause: Limit one of each Pok\u00e9mon\n|rule|Item Clause: Limit one of each item\n|clearpoke\n|poke|p1|Zamazenta-*, L50|\n|poke|p1|Chien-Pao, L50|\n|poke|p1|Dondozo, L50, F|\n|poke|p1|Ting-Lu, L50|\n|poke|p1|Raging Bolt, L50|\n|poke|p1|Gholdengo, L50|\n|poke|p2|Grimmsnarl, L50, M|\n|poke|p2|Terapagos, L50, M|\n|poke|p2|Flutter Mane, L50|\n|poke|p2|Raging Bolt, L50|\n|poke|p2|Comfey, L50, F|\n|poke|p2|Ditto, L50|\n|teampreview|4\n|\n|t:|1716258407\n|start\n|switch|p1a: Zamazenta|Zamazenta-Crowned, L50|100\/100\n|switch|p1b: Chien-Pao|Chien-Pao, L50|100\/100\n|switch|p2a: Grimmsnarl|Grimmsnarl, L50, M, shiny|100\/100\n|switch|p2b: Terapagos|Terapagos, L50, M|100\/100\n|-activate|p2b: Terapagos|ability: Tera Shift\n|detailschange|p2b: Terapagos|Terapagos-Terastal, L50, M\n|-heal|p2b: Terapagos|100\/100|[silent]\n|-ability|p1b: Chien-Pao|Sword of Ruin\n|-ability|p1a: Zamazenta|Dauntless Shield|boost\n|-boost|p1a: Zamazenta|def|1\n|turn|1\n|\n|t:|1716258425\n|move|p2a: Grimmsnarl|Fake Out|p1b: Chien-Pao\n|-damage|p1b: Chien-Pao|86\/100\n|cant|p1b: Chien-Pao|flinch\n|move|p1a: Zamazenta|Heavy Slam|p2a: Grimmsnarl\n|-supereffective|p2a: Grimmsnarl\n|-damage|p2a: Grimmsnarl|0 fnt\n|faint|p2a: Grimmsnarl\n|move|p2b: Terapagos|Tera Starstorm|p1b: Chien-Pao\n|-damage|p1b: Chien-Pao|0 fnt\n|faint|p1b: Chien-Pao\n|\n|upkeep\n|\n|t:|1716258442\n|switch|p1b: Ting-Lu|Ting-Lu, L50|100\/100\n|switch|p2a: Ditto|Ditto, L50, shiny|100\/100\n|-ability|p1b: Ting-Lu|Vessel of Ruin\n|-transform|p2a: Ditto|p1b: Ting-Lu|[from] ability: Imposter\n|-ability|p2a: Ditto|Vessel of Ruin\n|turn|2\n|\n|t:|1716258457\n|switch|p2b: Comfey|Comfey, L50, F|100\/100\n|move|p1a: Zamazenta|Protect|p1a: Zamazenta\n|-singleturn|p1a: Zamazenta|Protect\n|move|p2a: Ditto|Ruination|p1a: Zamazenta\n|-activate|p1a: Zamazenta|move: Protect\n|move|p1b: Ting-Lu|Ruination|p2b: Comfey\n|-damage|p2b: Comfey|50\/100\n|\n|upkeep\n|turn|3\n|-activate|p2a: Ditto|item: Quick Claw\n|\n|t:|1716258471\n|move|p2b: Comfey|Synthesis|p2b: Comfey\n|-heal|p2b: Comfey|100\/100\n|move|p2a: Ditto|Ruination|p1a: Zamazenta\n|-damage|p1a: Zamazenta|51\/100\n|move|p1a: Zamazenta|Heavy Slam|p2b: Comfey\n|-supereffective|p2b: Comfey\n|-damage|p2b: Comfey|8\/100\n|-damage|p1a: Zamazenta|34\/100|[from] item: Rocky Helmet|[of] p2b: Comfey\n|move|p1b: Ting-Lu|Ruination|p2a: Ditto\n|-damage|p2a: Ditto|51\/100\n|\n|upkeep\n|turn|4\n|\n|t:|1716258495\n|move|p2b: Comfey|Floral Healing|p2a: Ditto\n|-heal|p2a: Ditto|100\/100\n|move|p1a: Zamazenta|Body Press|p2a: Ditto\n|-supereffective|p2a: Ditto\n|-damage|p2a: Ditto|0 fnt\n|faint|p2a: Ditto\n|move|p1b: Ting-Lu|Taunt|p2b: Comfey\n|-start|p2b: Comfey|move: Taunt\n|\n|upkeep\n|\n|t:|1716258504\n|switch|p2a: Terapagos|Terapagos-Terastal, L50, M|100\/100\n|turn|5\n|\n|t:|1716258511\n|-terastallize|p2a: Terapagos|Stellar\n|detailschange|p2a: Terapagos|Terapagos-Stellar, L50, M, tera:Stellar\n|-heal|p2a: Terapagos|100\/100|[silent]\n|move|p1a: Zamazenta|Protect|p1a: Zamazenta\n|-singleturn|p1a: Zamazenta|Protect\n|move|p2b: Comfey|Draining Kiss|p1b: Ting-Lu\n|-supereffective|p1b: Ting-Lu\n|-damage|p1b: Ting-Lu|84\/100\n|-heal|p2b: Comfey|30\/100|[from] drain|[of] p1b: Ting-Lu\n|-damage|p2b: Comfey|13\/100|[from] item: Rocky Helmet|[of] p1b: Ting-Lu\n|move|p2a: Terapagos|Tera Starstorm|p1a: Zamazenta|[spread] p1b\n|-activate|p1a: Zamazenta|move: Protect\n|-damage|p1b: Ting-Lu|55\/100\n|move|p1b: Ting-Lu|Ruination|p2a: Terapagos\n|-damage|p2a: Terapagos|50\/100\n|\n|upkeep\n|turn|6\n|\n|t:|1716258529\n|move|p2b: Comfey|Draining Kiss|p1a: Zamazenta\n|-damage|p1a: Zamazenta|26\/100\n|-heal|p2b: Comfey|21\/100|[from] drain|[of] p1a: Zamazenta\n|move|p1a: Zamazenta|Body Press|p2a: Terapagos\n|-supereffective|p2a: Terapagos\n|-damage|p2a: Terapagos|0 fnt\n|faint|p2a: Terapagos\n|move|p1b: Ting-Lu|Sand Tomb|p2b: Comfey\n|-damage|p2b: Comfey|8\/100\n|-activate|p2b: Comfey|move: Sand Tomb|[of] p1b: Ting-Lu\n|\n|-damage|p2b: Comfey|0 fnt|[from] move: Sand Tomb|[partiallytrapped]\n|faint|p2b: Comfey\n|\n|win|The Umpire\n|upkeep\n|raw|The Umpire's rating: 1662 &rarr; <strong>1684<\/strong><br \/>(+22 for winning)\n|raw|yuanyangjun's rating: 1697 &rarr; <strong>1675<\/strong><br \/>(-22 for losing)\n|l|\u2606yuanyangjun\n|player|p2|\n|l|\u2606The Umpire\n|player|p1|\n","uploadtime":1716258670,"views":16,"formatid":"gen9vgc2024regg","rating":1675,"private":0,"password":null}