{"id":"gen9vgc2024regg-2127884411","format":"[Gen 9] VGC 2024 Reg G","players":["ggttmmhh","shulivgc"],"log":"|j|\u2606ggttmmhh\n|j|\u2606shulivgc\n|t:|1716342417\n|gametype|doubles\n|player|p1|ggttmmhh|266|1686\n|player|p2|shulivgc|#smogonxnpa2024draftee2|1781\n|teamsize|p1|6\n|teamsize|p2|6\n|gen|9\n|tier|[Gen 9] VGC 2024 Reg G\n|rated|\n|rule|Species Clause: Limit one of each Pok\u00e9mon\n|rule|Item Clause: Limit one of each item\n|clearpoke\n|poke|p1|Kyogre, L50|\n|poke|p1|Whimsicott, L50, F|\n|poke|p1|Incineroar, L50, M|\n|poke|p1|Chien-Pao, L50|\n|poke|p1|Rillaboom, L50, M|\n|poke|p1|Landorus, L50, M|\n|poke|p2|Miraidon, L50|\n|poke|p2|Farigiraf, L50, M|\n|poke|p2|Iron Hands, L50|\n|poke|p2|Landorus, L50, M|\n|poke|p2|Araquanid, L50, M|\n|poke|p2|Whimsicott, L50, F|\n|teampreview|4\n|\n|t:|1716342446\n|start\n|switch|p1a: Kyogre|Kyogre, L50|100\/100\n|switch|p1b: Whimsicott|Whimsicott, L50, F|100\/100\n|switch|p2a: Miraidon|Miraidon, L50|100\/100\n|switch|p2b: Whimsicott|Whimsicott, L50, F|100\/100\n|-fieldstart|move: Electric Terrain|[from] ability: Hadron Engine|[of] p2a: Miraidon\n|-weather|RainDance|[from] ability: Drizzle|[of] p1a: Kyogre\n|turn|1\n|j| cz1023\n|\n|t:|1716342460\n|-terastallize|p2a: Miraidon|Electric\n|-terastallize|p1a: Kyogre|Grass\n|move|p2b: Whimsicott|Tailwind|p2b: Whimsicott\n|-sidestart|p2: shulivgc|move: Tailwind\n|move|p1b: Whimsicott|Tailwind|p1b: Whimsicott\n|-sidestart|p1: ggttmmhh|move: Tailwind\n|move|p2a: Miraidon|Volt Switch|p1a: Kyogre\n|-resisted|p1a: Kyogre\n|-damage|p1a: Kyogre|69\/100\n|\n|t:|1716342465\n|switch|p2a: Araquanid|Araquanid, L50, M|100\/100|[from] Volt Switch\n|move|p1a: Kyogre|Origin Pulse|p2a: Araquanid|[spread] p2a,p2b\n|-resisted|p2a: Araquanid\n|-crit|p2a: Araquanid\n|-resisted|p2b: Whimsicott\n|-damage|p2a: Araquanid|58\/100\n|-damage|p2b: Whimsicott|43\/100\n|\n|-weather|RainDance|[upkeep]\n|upkeep\n|turn|2\n|\n|t:|1716342490\n|move|p2b: Whimsicott|Encore|p1b: Whimsicott\n|-start|p1b: Whimsicott|Encore\n|move|p1b: Whimsicott|Tailwind||[still]\n|-fail|p1b: Whimsicott\n|move|p1a: Kyogre|Thunder|p2a: Araquanid\n|-supereffective|p2a: Araquanid\n|-damage|p2a: Araquanid|0 fnt\n|faint|p2a: Araquanid\n|\n|-weather|RainDance|[upkeep]\n|upkeep\n|\n|t:|1716342501\n|switch|p2a: Miraidon|Miraidon, L50, tera:Electric|100\/100\n|-activate|p2a: Miraidon|ability: Hadron Engine\n|turn|3\n|l| cz1023\n|\n|t:|1716342529\n|switch|p1b: Rillaboom|Rillaboom, L50, M|100\/100\n|-fieldstart|move: Grassy Terrain|[from] ability: Grassy Surge|[of] p1b: Rillaboom\n|move|p2a: Miraidon|Volt Switch|p1a: Kyogre\n|-resisted|p1a: Kyogre\n|-damage|p1a: Kyogre|53\/100\n|\n|t:|1716342536\n|switch|p2a: Farigiraf|Farigiraf, L50, M|100\/100|[from] Volt Switch\n|move|p2b: Whimsicott|Moonblast|p1a: Kyogre\n|-damage|p1a: Kyogre|37\/100\n|move|p1a: Kyogre|Origin Pulse|p2a: Farigiraf|[spread] p2b\n|-miss|p1a: Kyogre|p2a: Farigiraf\n|-resisted|p2b: Whimsicott\n|-damage|p2b: Whimsicott|0 fnt\n|faint|p2b: Whimsicott\n|\n|-weather|RainDance|[upkeep]\n|-heal|p1a: Kyogre|43\/100|[from] Grassy Terrain\n|upkeep\n|\n|t:|1716342541\n|switch|p2b: Miraidon|Miraidon, L50, tera:Electric|100\/100\n|-fieldstart|move: Electric Terrain|[from] ability: Hadron Engine|[of] p2b: Miraidon\n|-enditem|p2a: Farigiraf|Electric Seed\n|-boost|p2a: Farigiraf|def|1|[from] item: Electric Seed\n|turn|4\n|\n|t:|1716342571\n|move|p2b: Miraidon|Electro Drift|p1a: Kyogre\n|-resisted|p1a: Kyogre\n|-damage|p1a: Kyogre|0 fnt\n|faint|p1a: Kyogre\n|move|p1b: Rillaboom|Wood Hammer|p2b: Miraidon\n|-damage|p2b: Miraidon|25\/100\n|-damage|p1b: Rillaboom|78\/100|[from] Recoil\n|move|p2a: Farigiraf|Psychic|p1b: Rillaboom\n|-damage|p1b: Rillaboom|35\/100\n|\n|-weather|RainDance|[upkeep]\n|-sideend|p1: ggttmmhh|move: Tailwind\n|-sideend|p2: shulivgc|move: Tailwind\n|upkeep\n|\n|t:|1716342583\n|switch|p1a: Landorus|Landorus, L50, M|100\/100\n|turn|5\n|j| rabbithorn01\n|\n|t:|1716342588\n|move|p2b: Miraidon|Electro Drift|p1b: Rillaboom\n|-resisted|p1b: Rillaboom\n|-damage|p1b: Rillaboom|0 fnt\n|faint|p1b: Rillaboom\n|move|p1a: Landorus|Sandsear Storm|p2b: Miraidon|[spread] p2a,p2b\n|-supereffective|p2b: Miraidon\n|-damage|p2a: Farigiraf|50\/100\n|-damage|p2b: Miraidon|0 fnt\n|faint|p2b: Miraidon\n|move|p2a: Farigiraf|Psychic|p1a: Landorus\n|-damage|p1a: Landorus|55\/100\n|\n|-weather|none\n|upkeep\n|-message|shulivgc forfeited.\n|\n|win|ggttmmhh\n|raw|ggttmmhh's rating: 1686 &rarr; <strong>1711<\/strong><br \/>(+25 for winning)\n|raw|shulivgc's rating: 1781 &rarr; <strong>1756<\/strong><br \/>(-25 for losing)\n|l|\u2606ggttmmhh\n|player|p1|\n|l|\u2606shulivgc\n|player|p2|\n|j| bluestraggler01\n","uploadtime":1716342672,"views":174,"formatid":"gen9vgc2024regg","rating":1711,"private":0,"password":null}