{"id":"gen9vgc2024regg-2127653954","format":"[Gen 9] VGC 2024 Reg G","players":["GBVGC X76","AcediaRose26"],"log":"|j|\u2606GBVGC X76\n|j|\u2606AcediaRose26\n|t:|1716316982\n|gametype|doubles\n|player|p1|GBVGC X76|hanbei-conquest|1733\n|player|p2|AcediaRose26|wallace|1707\n|teamsize|p1|6\n|teamsize|p2|6\n|gen|9\n|tier|[Gen 9] VGC 2024 Reg G\n|rated|\n|rule|Species Clause: Limit one of each Pok\u00e9mon\n|rule|Item Clause: Limit one of each item\n|clearpoke\n|poke|p1|Regidrago, L50|\n|poke|p1|Tornadus, L50, M|\n|poke|p1|Terapagos, L50, M|\n|poke|p1|Urshifu-*, L50, M|\n|poke|p1|Chien-Pao, L50|\n|poke|p1|Farigiraf, L50, F|\n|poke|p2|Terapagos, L50, M|\n|poke|p2|Rillaboom, L50, M|\n|poke|p2|Chi-Yu, L50|\n|poke|p2|Mienshao, L50, M|\n|poke|p2|Comfey, L50, F|\n|poke|p2|Amoonguss, L50, M|\n|teampreview|4\n|inactive|Battle timer is ON: inactive players will automatically lose when time's up. (requested by AcediaRose26)\nGBVGC X76 has agreed to open team sheets.\nAcediaRose26 has agreed to open team sheets.\n|inactive|GBVGC X76 has 30 seconds left.\n|inactive|AcediaRose26 has 30 seconds left.\n|inactive|GBVGC X76 has 20 seconds left.\n|inactive|AcediaRose26 has 20 seconds left.\n|inactive|GBVGC X76 has 15 seconds left.\n|inactive|AcediaRose26 has 15 seconds left.\n|inactive|GBVGC X76 has 10 seconds left.\n|\n|t:|1716317031\n|start\n|switch|p1a: Tornadus|Tornadus, L50, M|100\/100\n|switch|p1b: Regidrago|Regidrago, L50|100\/100\n|switch|p2a: Terapagos|Terapagos, L50, M|100\/100\n|switch|p2b: Amoonguss|Amoonguss, L50, M|100\/100\n|-activate|p2a: Terapagos|ability: Tera Shift\n|detailschange|p2a: Terapagos|Terapagos-Terastal, L50, M\n|-heal|p2a: Terapagos|100\/100|[silent]\n|turn|1\n|inactive|AcediaRose26 has 30 seconds left.\n|inactive|AcediaRose26 has 20 seconds left.\n|\n|t:|1716317067\n|-terastallize|p2a: Terapagos|Stellar\n|detailschange|p2a: Terapagos|Terapagos-Stellar, L50, M, tera:Stellar\n|-heal|p2a: Terapagos|100\/100|[silent]\n|move|p2b: Amoonguss|Protect|p2b: Amoonguss\n|-singleturn|p2b: Amoonguss|Protect\n|move|p1a: Tornadus|Bleakwind Storm|p2b: Amoonguss|[spread] p2a\n|-activate|p2b: Amoonguss|move: Protect\n|-damage|p2a: Terapagos|82\/100\n|move|p1b: Regidrago|Dragon Energy|p2a: Terapagos|[spread] p2a\n|-activate|p2b: Amoonguss|move: Protect\n|-damage|p2a: Terapagos|12\/100\n|-damage|p1b: Regidrago|91\/100|[from] item: Life Orb\n|move|p2a: Terapagos|Tera Starstorm|p1a: Tornadus|[spread] p1a,p1b\n|-damage|p1a: Tornadus|42\/100\n|-damage|p1b: Regidrago|25\/100\n|\n|upkeep\n|turn|2\n|j| Hydrion\n|inactive|AcediaRose26 has 30 seconds left.\n|j| Fulimba\n|inactive|GBVGC X76 has 30 seconds left.\n|inactive|AcediaRose26 has 20 seconds left.\n|inactive|AcediaRose26 has 15 seconds left.\n|inactive|AcediaRose26 has 10 seconds left.\n|inactive|AcediaRose26 has 5 seconds left.\n|\n|t:|1716317122\n|move|p1a: Tornadus|Tailwind|p1a: Tornadus\n|-sidestart|p1: GBVGC X76|move: Tailwind\n|move|p1b: Regidrago|Draco Meteor|p2b: Amoonguss|[miss]\n|-miss|p1b: Regidrago|p2b: Amoonguss\n|move|p2a: Terapagos|Tera Starstorm|p1b: Regidrago|[spread] p1a,p1b\n|-damage|p1a: Tornadus|0 fnt\n|-damage|p1b: Regidrago|0 fnt\n|faint|p1a: Tornadus\n|faint|p1b: Regidrago\n|move|p2b: Amoonguss|Spore|p1: Tornadus|[notarget]\n|-fail|p2b: Amoonguss\n|\n|upkeep\n|\n|t:|1716317127\n|switch|p1a: Urshifu|Urshifu-Rapid-Strike, L50, M|100\/100\n|switch|p1b: Terapagos|Terapagos, L50, M|100\/100\n|-activate|p1b: Terapagos|ability: Tera Shift\n|detailschange|p1b: Terapagos|Terapagos-Terastal, L50, M\n|-heal|p1b: Terapagos|100\/100|[silent]\n|turn|3\n|inactive|GBVGC X76 has 30 seconds left.\n|inactive|AcediaRose26 has 30 seconds left.\n|\n|t:|1716317156\n|-terastallize|p1b: Terapagos|Stellar\n|detailschange|p1b: Terapagos|Terapagos-Stellar, L50, M, tera:Stellar\n|-heal|p1b: Terapagos|100\/100|[silent]\n|move|p2b: Amoonguss|Rage Powder|p2b: Amoonguss\n|-singleturn|p2b: Amoonguss|move: Rage Powder\n|move|p1a: Urshifu|Close Combat|p2b: Amoonguss\n|-resisted|p2b: Amoonguss\n|-crit|p2b: Amoonguss\n|-damage|p2b: Amoonguss|57\/100\n|-unboost|p1a: Urshifu|def|1\n|-unboost|p1a: Urshifu|spd|1\n|-damage|p1a: Urshifu|84\/100|[from] item: Rocky Helmet|[of] p2b: Amoonguss\n|move|p1b: Terapagos|Tera Starstorm|p2b: Amoonguss|[spread] p2a,p2b\n|-supereffective|p2a: Terapagos\n|-damage|p2a: Terapagos|0 fnt\n|-damage|p2b: Amoonguss|3\/100\n|faint|p2a: Terapagos\n|\n|upkeep\n|inactive|AcediaRose26 has 30 seconds left.\n|\n|t:|1716317181\n|switch|p2a: Mienshao|Mienshao, L50, M|100\/100\n|turn|4\n|\n|t:|1716317188\n|move|p2b: Amoonguss|Rage Powder|p2b: Amoonguss\n|-singleturn|p2b: Amoonguss|move: Rage Powder\n|move|p1a: Urshifu|Close Combat|p2b: Amoonguss\n|-resisted|p2b: Amoonguss\n|-damage|p2b: Amoonguss|0 fnt\n|-unboost|p1a: Urshifu|def|1\n|-unboost|p1a: Urshifu|spd|1\n|-damage|p1a: Urshifu|68\/100|[from] item: Rocky Helmet|[of] p2b: Amoonguss\n|faint|p2b: Amoonguss\n|move|p1b: Terapagos|Tera Starstorm|p2a: Mienshao\n|-enditem|p2a: Mienshao|Focus Sash\n|-damage|p2a: Mienshao|1\/100\n|move|p2a: Mienshao|Close Combat|p1a: Urshifu\n|-damage|p1a: Urshifu|0 fnt\n|-unboost|p2a: Mienshao|def|1\n|-unboost|p2a: Mienshao|spd|1\n|faint|p1a: Urshifu\n|\n|upkeep\n|\n|t:|1716317192\n|switch|p2b: Chi-Yu|Chi-Yu, L50|100\/100\n|-ability|p2b: Chi-Yu|Beads of Ruin\n|turn|5\n|\n|t:|1716317197\n|move|p2a: Mienshao|Wide Guard|p2a: Mienshao\n|-singleturn|p2a: Mienshao|Wide Guard\n|move|p2b: Chi-Yu|Dark Pulse|p1b: Terapagos\n|-damage|p1b: Terapagos|64\/100\n|move|p1b: Terapagos|Tera Starstorm|p2b: Chi-Yu|[spread] \n|-activate|p2a: Mienshao|move: Wide Guard\n|-activate|p2b: Chi-Yu|move: Wide Guard\n|\n|-sideend|p1: GBVGC X76|move: Tailwind\n|upkeep\n|turn|6\n|\n|t:|1716317204\n|move|p2a: Mienshao|Wide Guard|p2a: Mienshao\n|-singleturn|p2a: Mienshao|Wide Guard\n|move|p2b: Chi-Yu|Dark Pulse|p1b: Terapagos\n|-damage|p1b: Terapagos|29\/100\n|cant|p1b: Terapagos|flinch\n|\n|upkeep\n|turn|7\n|\n|t:|1716317209\n|move|p2a: Mienshao|Wide Guard|p2a: Mienshao\n|-singleturn|p2a: Mienshao|Wide Guard\n|move|p2b: Chi-Yu|Dark Pulse|p1b: Terapagos\n|-damage|p1b: Terapagos|0 fnt\n|faint|p1b: Terapagos\n|\n|win|AcediaRose26\n|raw|GBVGC X76's rating: 1733 &rarr; <strong>1712<\/strong><br \/>(-21 for losing)\n|raw|AcediaRose26's rating: 1707 &rarr; <strong>1728<\/strong><br \/>(+21 for winning)\n|l|\u2606AcediaRose26\n|player|p2|\n|l| Fulimba\n|l| Hydrion\n","uploadtime":1716317372,"views":105,"formatid":"gen9vgc2024regg","rating":1712,"private":0,"password":null}