{"id":"gen9vgc2024regg-2127617177","format":"[Gen 9] VGC 2024 Reg G","players":["xixing","GBVGC X76"],"log":"|j|\u2606xixing\n|j|\u2606GBVGC X76\n|t:|1716313640\n|gametype|doubles\n|player|p1|xixing|karen|1652\n|player|p2|GBVGC X76|hanbei-conquest|1766\n|teamsize|p1|6\n|teamsize|p2|6\n|gen|9\n|tier|[Gen 9] VGC 2024 Reg G\n|rated|\n|rule|Species Clause: Limit one of each Pok\u00e9mon\n|rule|Item Clause: Limit one of each item\n|clearpoke\n|poke|p1|Calyrex-Ice, L50|\n|poke|p1|Indeedee-F, L50, F|\n|poke|p1|Ting-Lu, L50|\n|poke|p1|Cresselia, L50, F|\n|poke|p1|Incineroar, L50, M|\n|poke|p1|Torkoal, L50, F|\n|poke|p2|Regidrago, L50|\n|poke|p2|Tornadus, L50, M|\n|poke|p2|Terapagos, L50, M|\n|poke|p2|Urshifu-*, L50, M|\n|poke|p2|Chien-Pao, L50|\n|poke|p2|Farigiraf, L50, M|\n|teampreview|4\n|inactive|Battle timer is ON: inactive players will automatically lose when time's up. (requested by xixing)\nGBVGC X76 has agreed to open team sheets.\n|\n|t:|1716313662\n|start\n|switch|p1a: Cresselia|Cresselia, L50, F|100\/100\n|switch|p1b: Ting-Lu|Ting-Lu, L50|100\/100\n|switch|p2a: Farigiraf|Farigiraf, L50, M|100\/100\n|switch|p2b: Terapagos|Terapagos, L50, M|100\/100\n|-activate|p2b: Terapagos|ability: Tera Shift\n|detailschange|p2b: Terapagos|Terapagos-Terastal, L50, M\n|-heal|p2b: Terapagos|100\/100|[silent]\n|-ability|p1b: Ting-Lu|Vessel of Ruin\n|turn|1\n|\n|t:|1716313674\n|-terastallize|p2b: Terapagos|Stellar\n|detailschange|p2b: Terapagos|Terapagos-Stellar, L50, M, tera:Stellar\n|-heal|p2b: Terapagos|100\/100|[silent]\n|move|p1a: Cresselia|Helping Hand|p1b: Ting-Lu\n|-singleturn|p1b: Ting-Lu|Helping Hand|[of] p1a: Cresselia\n|move|p2b: Terapagos|Tera Starstorm|p1a: Cresselia|[spread] p1a,p1b\n|-damage|p1a: Cresselia|72\/100\n|-damage|p1b: Ting-Lu|62\/100\n|move|p2a: Farigiraf|Imprison|p2a: Farigiraf\n|-start|p2a: Farigiraf|move: Imprison\n|move|p1b: Ting-Lu|Earthquake|p2b: Terapagos|[spread] p2a,p2b\n|-immune|p1a: Cresselia|[from] ability: Levitate\n|-damage|p2a: Farigiraf|32\/100\n|-damage|p2b: Terapagos|41\/100\n|-enditem|p2a: Farigiraf|Sitrus Berry|[eat]\n|-heal|p2a: Farigiraf|57\/100|[from] item: Sitrus Berry\n|\n|upkeep\n|turn|2\n|j| cz1023\n|\n|t:|1716313690\n|move|p2a: Farigiraf|Helping Hand|p2b: Terapagos\n|-singleturn|p2b: Terapagos|Helping Hand|[of] p2a: Farigiraf\n|move|p2b: Terapagos|Tera Starstorm|p1b: Ting-Lu|[spread] p1a,p1b\n|-damage|p1a: Cresselia|33\/100\n|-damage|p1b: Ting-Lu|10\/100\n|move|p1a: Cresselia|Lunar Blessing|p1a: Cresselia|[spread] p1a,p1b\n|-heal|p1a: Cresselia|58\/100\n|-heal|p1b: Ting-Lu|35\/100\n|move|p1b: Ting-Lu|Earthquake|p2b: Terapagos|[spread] p2a,p2b\n|-immune|p1a: Cresselia|[from] ability: Levitate\n|-damage|p2a: Farigiraf|6\/100\n|-damage|p2b: Terapagos|1\/100\n|\n|upkeep\n|turn|3\n|\n|t:|1716313704\n|move|p2a: Farigiraf|Helping Hand|p2b: Terapagos\n|-singleturn|p2b: Terapagos|Helping Hand|[of] p2a: Farigiraf\n|move|p2b: Terapagos|Tera Starstorm|p1b: Ting-Lu|[spread] p1a,p1b\n|-damage|p1a: Cresselia|15\/100\n|-damage|p1b: Ting-Lu|0 fnt\n|faint|p1b: Ting-Lu\n|move|p1a: Cresselia|Lunar Blessing|p1a: Cresselia\n|-heal|p1a: Cresselia|41\/100\n|\n|upkeep\n|\n|t:|1716313711\n|switch|p1b: Calyrex|Calyrex-Ice, L50|100\/100\n|-ability|p1b: Calyrex|As One\n|-ability|p1b: Calyrex|Unnerve\n|turn|4\n|\n|t:|1716313718\n|move|p2a: Farigiraf|Helping Hand|p2b: Terapagos\n|-singleturn|p2b: Terapagos|Helping Hand|[of] p2a: Farigiraf\n|move|p2b: Terapagos|Tera Starstorm|p1a: Cresselia|[spread] p1a,p1b\n|-damage|p1a: Cresselia|0 fnt\n|-damage|p1b: Calyrex|42\/100\n|faint|p1a: Cresselia\n|move|p1b: Calyrex|Glacial Lance|p2a: Farigiraf|[spread] p2a,p2b\n|-damage|p2a: Farigiraf|0 fnt\n|-damage|p2b: Terapagos|0 fnt\n|faint|p2a: Farigiraf\n|faint|p2b: Terapagos\n|-ability|p1b: Calyrex|Chilling Neigh|boost\n|-boost|p1b: Calyrex|atk|2\n|\n|upkeep\n|\n|t:|1716313723\n|switch|p2b: Regidrago|Regidrago, L50|100\/100\n|switch|p2a: Chien-Pao|Chien-Pao, L50|100\/100\n|switch|p1a: Indeedee|Indeedee-F, L50, F|100\/100\n|-ability|p2a: Chien-Pao|Sword of Ruin\n|-fieldstart|move: Psychic Terrain|[from] ability: Psychic Surge|[of] p1a: Indeedee\n|-enditem|p1a: Indeedee|Psychic Seed\n|-boost|p1a: Indeedee|spd|1|[from] item: Psychic Seed\n|turn|5\n|\n|t:|1716313730\n|-terastallize|p1a: Indeedee|Fairy\n|move|p1b: Calyrex|Protect|p1b: Calyrex\n|-singleturn|p1b: Calyrex|Protect\n|move|p2a: Chien-Pao|Throat Chop|p1a: Indeedee\n|-resisted|p1a: Indeedee\n|-damage|p1a: Indeedee|72\/100\n|-start|p1a: Indeedee|Throat Chop|[silent]\n|move|p2b: Regidrago|Dragon Energy|p1a: Indeedee|[spread] \n|-activate|p1b: Calyrex|move: Protect\n|-immune|p1a: Indeedee\n|move|p1a: Indeedee|Trick Room|p1a: Indeedee\n|-fieldstart|move: Trick Room|[of] p1a: Indeedee\n|\n|upkeep\n|turn|6\n|\n|t:|1716313747\n|move|p2b: Regidrago|Protect|p2b: Regidrago\n|-singleturn|p2b: Regidrago|Protect\n|move|p2a: Chien-Pao|Protect|p2a: Chien-Pao\n|-singleturn|p2a: Chien-Pao|Protect\n|move|p1b: Calyrex|Glacial Lance|p2b: Regidrago|[spread] \n|-activate|p2a: Chien-Pao|move: Protect\n|-activate|p2b: Regidrago|move: Protect\n|move|p1a: Indeedee|Dazzling Gleam|p2a: Chien-Pao|[spread] \n|-activate|p2a: Chien-Pao|move: Protect\n|-activate|p2b: Regidrago|move: Protect\n|\n|-end|p1a: Indeedee|Throat Chop|[silent]\n|upkeep\n|turn|7\n|\n|t:|1716313754\n|move|p2b: Regidrago|Protect||[still]\n|-fail|p2b: Regidrago\n|move|p2a: Chien-Pao|Protect|p2a: Chien-Pao\n|-singleturn|p2a: Chien-Pao|Protect\n|move|p1b: Calyrex|Glacial Lance|p2b: Regidrago|[spread] p2b\n|-activate|p2a: Chien-Pao|move: Protect\n|-supereffective|p2b: Regidrago\n|-damage|p2b: Regidrago|0 fnt\n|faint|p2b: Regidrago\n|-ability|p1b: Calyrex|Chilling Neigh|boost\n|-boost|p1b: Calyrex|atk|1\n|move|p1a: Indeedee|Dazzling Gleam|p2a: Chien-Pao\n|-activate|p2a: Chien-Pao|move: Protect\n|\n|upkeep\n|turn|8\n|-message|GBVGC X76 forfeited.\n|\n|win|xixing\n|raw|xixing's rating: 1652 &rarr; <strong>1677<\/strong><br \/>(+25 for winning)\n|raw|GBVGC X76's rating: 1747 &rarr; <strong>1722<\/strong><br \/>(-25 for losing)\n|l|\u2606xixing\n|player|p1|\n","uploadtime":1716313777,"views":51,"formatid":"gen9vgc2024regg","rating":1677,"private":0,"password":null}