{"id":"gen9vgc2024regg-2127992146","format":"[Gen 9] VGC 2024 Reg G","players":["The Umpire","moon7777"],"log":"|j|\u2606The Umpire\n|j|\u2606moon7777\n|t:|1716358508\n|gametype|doubles\n|player|p1|The Umpire|volkner|1670\n|player|p2|moon7777|265|1728\n|teamsize|p1|6\n|teamsize|p2|6\n|gen|9\n|tier|[Gen 9] VGC 2024 Reg G\n|rated|\n|rule|Species Clause: Limit one of each Pok\u00e9mon\n|rule|Item Clause: Limit one of each item\n|clearpoke\n|poke|p1|Zamazenta-*, L50|\n|poke|p1|Chien-Pao, L50|\n|poke|p1|Dondozo, L50, M|\n|poke|p1|Ting-Lu, L50|\n|poke|p1|Raging Bolt, L50|\n|poke|p1|Gholdengo, L50|\n|poke|p2|Amoonguss, L50, F|\n|poke|p2|Gholdengo, L50|\n|poke|p2|Rillaboom, L50, F|\n|poke|p2|Incineroar, L50, M|\n|poke|p2|Urshifu-*, L50, F|\n|poke|p2|Lunala, L50|\n|teampreview|4\n|\n|t:|1716358537\n|start\n|switch|p1a: Ting-Lu|Ting-Lu, L50|100\/100\n|switch|p1b: Dondozo|Dondozo, L50, M|100\/100\n|switch|p2a: Gholdengo|Gholdengo, L50|100\/100\n|switch|p2b: Incineroar|Incineroar, L50, M|100\/100\n|-ability|p2b: Incineroar|Intimidate|boost\n|-unboost|p1a: Ting-Lu|atk|1\n|-unboost|p1b: Dondozo|atk|1\n|-ability|p1a: Ting-Lu|Vessel of Ruin\n|turn|1\n|\n|t:|1716358555\n|move|p2a: Gholdengo|Thunderbolt|p1b: Dondozo\n|-supereffective|p1b: Dondozo\n|-damage|p1b: Dondozo|43\/100\n|move|p2b: Incineroar|Knock Off|p1b: Dondozo\n|-damage|p1b: Dondozo|18\/100\n|-enditem|p1b: Dondozo|Leftovers|[from] move: Knock Off|[of] p2b: Incineroar\n|move|p1a: Ting-Lu|Sand Tomb|p2b: Incineroar|[miss]\n|-miss|p1a: Ting-Lu|p2b: Incineroar\n|move|p1b: Dondozo|Yawn|p2b: Incineroar\n|-start|p2b: Incineroar|move: Yawn|[of] p1b: Dondozo\n|\n|upkeep\n|turn|2\n|\n|t:|1716358580\n|switch|p2a: Urshifu|Urshifu-Rapid-Strike, L50, F|100\/100\n|move|p1b: Dondozo|Protect|p1b: Dondozo\n|-singleturn|p1b: Dondozo|Protect\n|move|p2b: Incineroar|Parting Shot|p1a: Ting-Lu\n|-unboost|p1a: Ting-Lu|atk|1\n|-unboost|p1a: Ting-Lu|spa|1\n|\n|t:|1716358591\n|switch|p2b: Gholdengo|Gholdengo, L50|100\/100|[from] Parting Shot\n|move|p1a: Ting-Lu|Sand Tomb|p2a: Urshifu\n|-damage|p2a: Urshifu|93\/100\n|-activate|p2a: Urshifu|move: Sand Tomb|[of] p1a: Ting-Lu\n|\n|-damage|p2a: Urshifu|81\/100|[from] move: Sand Tomb|[partiallytrapped]\n|upkeep\n|turn|3\n|\n|t:|1716358606\n|-terastallize|p1a: Ting-Lu|Poison\n|move|p2a: Urshifu|Surging Strikes|p1a: Ting-Lu\n|-crit|p1a: Ting-Lu\n|-damage|p1a: Ting-Lu|90\/100\n|-damage|p2a: Urshifu|64\/100|[from] item: Rocky Helmet|[of] p1a: Ting-Lu\n|-crit|p1a: Ting-Lu\n|-damage|p1a: Ting-Lu|80\/100\n|-damage|p2a: Urshifu|48\/100|[from] item: Rocky Helmet|[of] p1a: Ting-Lu\n|-crit|p1a: Ting-Lu\n|-damage|p1a: Ting-Lu|69\/100\n|-damage|p2a: Urshifu|31\/100|[from] item: Rocky Helmet|[of] p1a: Ting-Lu\n|-hitcount|p1a: Ting-Lu|3\n|move|p2b: Gholdengo|Dazzling Gleam|p1b: Dondozo|[spread] p1a,p1b\n|-resisted|p1a: Ting-Lu\n|-damage|p1a: Ting-Lu|60\/100\n|-damage|p1b: Dondozo|2\/100\n|move|p1a: Ting-Lu|Ruination|p2b: Gholdengo\n|-damage|p2b: Gholdengo|50\/100\n|move|p1b: Dondozo|Yawn|p2a: Urshifu\n|-start|p2a: Urshifu|move: Yawn|[of] p1b: Dondozo\n|\n|-damage|p2a: Urshifu|19\/100|[from] move: Sand Tomb|[partiallytrapped]\n|upkeep\n|turn|4\n|\n|t:|1716358633\n|switch|p2b: Incineroar|Incineroar, L50, M|100\/100\n|-ability|p2b: Incineroar|Intimidate|boost\n|-unboost|p1a: Ting-Lu|atk|1\n|-unboost|p1b: Dondozo|atk|1\n|move|p1a: Ting-Lu|Protect|p1a: Ting-Lu\n|-singleturn|p1a: Ting-Lu|Protect\n|move|p2a: Urshifu|Surging Strikes|p1b: Dondozo\n|-resisted|p1b: Dondozo\n|-crit|p1b: Dondozo\n|-damage|p1b: Dondozo|0 fnt\n|faint|p1b: Dondozo\n|-hitcount|p1: Dondozo|1\n|\n|-damage|p2a: Urshifu|6\/100|[from] move: Sand Tomb|[partiallytrapped]\n|-end|p2a: Urshifu|move: Yawn|[silent]\n|-status|p2a: Urshifu|slp\n|upkeep\n|\n|t:|1716358643\n|switch|p1b: Chien-Pao|Chien-Pao, L50|100\/100\n|-ability|p1b: Chien-Pao|Sword of Ruin\n|turn|5\n|\n|t:|1716358656\n|-terastallize|p2b: Incineroar|Ghost\n|move|p1b: Chien-Pao|Protect|p1b: Chien-Pao\n|-singleturn|p1b: Chien-Pao|Protect\n|cant|p2a: Urshifu|slp\n|move|p2b: Incineroar|Parting Shot|p1b: Chien-Pao\n|-activate|p1b: Chien-Pao|move: Protect\n|move|p1a: Ting-Lu|Ruination|p2b: Incineroar\n|-damage|p2b: Incineroar|50\/100\n|\n|-damage|p2a: Urshifu|0 fnt|[from] move: Sand Tomb|[partiallytrapped]\n|faint|p2a: Urshifu\n|upkeep\n|\n|t:|1716358669\n|switch|p2a: Lunala|Lunala, L50|100\/100\n|turn|6\n|j| Reyggor\n|j| forever16\n|\n|t:|1716358686\n|move|p1b: Chien-Pao|Lash Out|p2b: Incineroar\n|-supereffective|p2b: Incineroar\n|-damage|p2b: Incineroar|0 fnt\n|faint|p2b: Incineroar\n|move|p2a: Lunala|Meteor Beam||[still]\n|-prepare|p2a: Lunala|Meteor Beam\n|-boost|p2a: Lunala|spa|1\n|-enditem|p2a: Lunala|Power Herb\n|-anim|p2a: Lunala|Meteor Beam|p1b: Chien-Pao\n|-supereffective|p1b: Chien-Pao\n|-enditem|p1b: Chien-Pao|Focus Sash\n|-damage|p1b: Chien-Pao|1\/100\n|move|p1a: Ting-Lu|Ruination|p2a: Lunala\n|-damage|p2a: Lunala|50\/100\n|\n|upkeep\n|\n|t:|1716358689\n|switch|p2b: Gholdengo|Gholdengo, L50|50\/100\n|turn|7\n|\n|t:|1716358704\n|move|p1b: Chien-Pao|Lash Out|p2b: Gholdengo\n|-supereffective|p2b: Gholdengo\n|-damage|p2b: Gholdengo|0 fnt\n|faint|p2b: Gholdengo\n|move|p2a: Lunala|Moongeist Beam|p1b: Chien-Pao\n|-resisted|p1b: Chien-Pao\n|-damage|p1b: Chien-Pao|0 fnt\n|faint|p1b: Chien-Pao\n|move|p1a: Ting-Lu|Sand Tomb|p2a: Lunala\n|-damage|p2a: Lunala|46\/100\n|-activate|p2a: Lunala|move: Sand Tomb|[of] p1a: Ting-Lu\n|\n|-damage|p2a: Lunala|33\/100|[from] move: Sand Tomb|[partiallytrapped]\n|upkeep\n|\n|t:|1716358711\n|switch|p1b: Zamazenta|Zamazenta-Crowned, L50|100\/100\n|-ability|p1b: Zamazenta|Dauntless Shield|boost\n|-boost|p1b: Zamazenta|def|1\n|turn|8\n|\n|t:|1716358715\n|move|p1b: Zamazenta|Heavy Slam|p2a: Lunala\n|-damage|p2a: Lunala|0 fnt\n|faint|p2a: Lunala\n|\n|win|The Umpire\n|raw|The Umpire's rating: 1670 &rarr; <strong>1693<\/strong><br \/>(+23 for winning)\n|raw|moon7777's rating: 1728 &rarr; <strong>1705<\/strong><br \/>(-23 for losing)\n|l|\u2606The Umpire\n|player|p1|\n|l|\u2606moon7777\n|player|p2|\n","uploadtime":1716358976,"views":18,"formatid":"gen9vgc2024regg","rating":1693,"private":0,"password":null}