{"id":"gen9vgc2024regg-2127606437","format":"[Gen 9] VGC 2024 Reg G","players":["GBVGC X76","AcediaRose26"],"log":"|j|\u2606GBVGC X76\n|j|\u2606AcediaRose26\n|t:|1716312679\n|gametype|doubles\n|player|p1|GBVGC X76|hanbei-conquest|1728\n|player|p2|AcediaRose26|wallace|1717\n|teamsize|p1|6\n|teamsize|p2|6\n|gen|9\n|tier|[Gen 9] VGC 2024 Reg G\n|rated|\n|rule|Species Clause: Limit one of each Pok\u00e9mon\n|rule|Item Clause: Limit one of each item\n|clearpoke\n|poke|p1|Regidrago, L50|\n|poke|p1|Tornadus, L50, M|\n|poke|p1|Terapagos, L50, M|\n|poke|p1|Urshifu-*, L50, F|\n|poke|p1|Chien-Pao, L50|\n|poke|p1|Farigiraf, L50, M|\n|poke|p2|Terapagos, L50, M|\n|poke|p2|Rillaboom, L50, F|\n|poke|p2|Chi-Yu, L50|\n|poke|p2|Mienshao, L50, F|\n|poke|p2|Comfey, L50, F|\n|poke|p2|Amoonguss, L50, M|\n|teampreview|4\n|inactive|Battle timer is ON: inactive players will automatically lose when time's up. (requested by AcediaRose26)\nGBVGC X76 has agreed to open team sheets.\nAcediaRose26 has agreed to open team sheets.\n|j| JME140593\n|inactive|GBVGC X76 has 30 seconds left.\n|inactive|AcediaRose26 has 30 seconds left.\n|inactive|AcediaRose26 has 20 seconds left.\n|inactive|AcediaRose26 has 15 seconds left.\n|inactive|AcediaRose26 has 10 seconds left.\n|\n|t:|1716312729\n|start\n|switch|p1a: Tornadus|Tornadus, L50, M|100\/100\n|switch|p1b: Urshifu|Urshifu-Rapid-Strike, L50, F|100\/100\n|switch|p2a: Rillaboom|Rillaboom, L50, F|100\/100\n|switch|p2b: Terapagos|Terapagos, L50, M|100\/100\n|-activate|p2b: Terapagos|ability: Tera Shift\n|detailschange|p2b: Terapagos|Terapagos-Terastal, L50, M\n|-heal|p2b: Terapagos|100\/100|[silent]\n|-fieldstart|move: Grassy Terrain|[from] ability: Grassy Surge|[of] p2a: Rillaboom\n|turn|1\n|inactive|AcediaRose26 has 30 seconds left.\n|\n|t:|1716312755\n|move|p2a: Rillaboom|Fake Out|p1b: Urshifu\n|-damage|p1b: Urshifu|87\/100\n|cant|p1b: Urshifu|flinch\n|move|p1a: Tornadus|Bleakwind Storm|p2b: Terapagos|[spread] p2a,p2b\n|-supereffective|p2a: Rillaboom\n|-activate|p2b: Terapagos|ability: Tera Shell\n|-resisted|p2b: Terapagos\n|-damage|p2a: Rillaboom|62\/100\n|-damage|p2b: Terapagos|89\/100\n|-unboost|p2b: Terapagos|spe|1\n|move|p2b: Terapagos|Tera Starstorm|p1b: Urshifu\n|-damage|p1b: Urshifu|0 fnt\n|faint|p1b: Urshifu\n|\n|-heal|p2a: Rillaboom|68\/100|[from] Grassy Terrain\n|-heal|p2b: Terapagos|95\/100|[from] Grassy Terrain\n|upkeep\n|\n|t:|1716312765\n|switch|p1b: Terapagos|Terapagos, L50, M|100\/100\n|-activate|p1b: Terapagos|ability: Tera Shift\n|detailschange|p1b: Terapagos|Terapagos-Terastal, L50, M\n|-heal|p1b: Terapagos|100\/100|[silent]\n|turn|2\n|\n|t:|1716312783\n|-terastallize|p1b: Terapagos|Stellar\n|detailschange|p1b: Terapagos|Terapagos-Stellar, L50, M, tera:Stellar\n|-heal|p1b: Terapagos|100\/100|[silent]\n|-ability|p1b: Terapagos|Teraform Zero\n|-fieldend|move: Grassy Terrain\n|move|p1a: Tornadus|Tailwind|p1a: Tornadus\n|-sidestart|p1: GBVGC X76|move: Tailwind\n|move|p1b: Terapagos|Hyper Beam|p2b: Terapagos\n|-damage|p2b: Terapagos|0 fnt\n|-mustrecharge|p1b: Terapagos\n|faint|p2b: Terapagos\n|move|p2a: Rillaboom|Grassy Glide|p1b: Terapagos\n|-damage|p1b: Terapagos|81\/100\n|\n|upkeep\n|\n|t:|1716312797\n|switch|p2b: Mienshao|Mienshao, L50, F|100\/100\n|turn|3\n|inactive|AcediaRose26 has 30 seconds left.\n|inactive|AcediaRose26 has 20 seconds left.\n|\n|t:|1716312836\n|switch|p2a: Comfey|Comfey, L50, F, shiny|100\/100\n|move|p1a: Tornadus|Bleakwind Storm|p2b: Mienshao|[spread] p2b\n|-miss|p1a: Tornadus|p2a: Comfey\n|-supereffective|p2b: Mienshao\n|-enditem|p2b: Mienshao|Focus Sash\n|-damage|p2b: Mienshao|1\/100\n|-unboost|p2b: Mienshao|spe|1\n|cant|p1b: Terapagos|recharge\n|move|p2b: Mienshao|Close Combat|p1b: Terapagos\n|-supereffective|p1b: Terapagos\n|-damage|p1b: Terapagos|8\/100\n|-unboost|p2b: Mienshao|def|1\n|-unboost|p2b: Mienshao|spd|1\n|\n|upkeep\n|turn|4\n|inactive|AcediaRose26 has 30 seconds left.\n|j| sayoerza\n|inactive|AcediaRose26 has 20 seconds left.\n|inactive|AcediaRose26 has 15 seconds left.\n|inactive|AcediaRose26 has 10 seconds left.\n|inactive|AcediaRose26 has 5 seconds left.\n|\n|t:|1716312886\n|switch|p1b: Farigiraf|Farigiraf, L50, M|100\/100\n|-terastallize|p2a: Comfey|Steel\n|move|p2a: Comfey|Floral Healing||[still]\n|cant|p1b: Farigiraf|ability: Armor Tail|Floral Healing|[of] p2a: Comfey\n|move|p2b: Mienshao|Feint||[still]\n|cant|p1b: Farigiraf|ability: Armor Tail|Feint|[of] p2b: Mienshao\n|move|p1a: Tornadus|Bleakwind Storm|p2a: Comfey|[spread] p2a,p2b\n|-resisted|p2a: Comfey\n|-supereffective|p2b: Mienshao\n|-damage|p2a: Comfey|86\/100\n|-damage|p2b: Mienshao|0 fnt\n|faint|p2b: Mienshao\n|\n|upkeep\n|\n|t:|1716312890\n|switch|p2b: Rillaboom|Rillaboom, L50, F|68\/100\n|-fieldstart|move: Grassy Terrain|[from] ability: Grassy Surge|[of] p2b: Rillaboom\n|turn|5\n|\n|t:|1716312905\n|move|p1b: Farigiraf|Helping Hand|p1a: Tornadus\n|-singleturn|p1a: Tornadus|Helping Hand|[of] p1b: Farigiraf\n|move|p2a: Comfey|Floral Healing|p2b: Rillaboom\n|-heal|p2b: Rillaboom|100\/100\n|move|p1a: Tornadus|Bleakwind Storm|p2a: Comfey|[spread] p2a,p2b\n|-resisted|p2a: Comfey\n|-supereffective|p2b: Rillaboom\n|-crit|p2b: Rillaboom\n|-damage|p2a: Comfey|61\/100\n|-damage|p2b: Rillaboom|11\/100\n|-unboost|p2a: Comfey|spe|1\n|move|p2b: Rillaboom|Wood Hammer|p1a: Tornadus\n|-resisted|p1a: Tornadus\n|-damage|p1a: Tornadus|60\/100\n|-damage|p2b: Rillaboom|0 fnt|[from] Recoil\n|faint|p2b: Rillaboom\n|\n|-heal|p2a: Comfey|67\/100|[from] Grassy Terrain\n|-sideend|p1: GBVGC X76|move: Tailwind\n|upkeep\n|turn|6\n|\n|t:|1716312924\n|move|p1b: Farigiraf|Helping Hand|p1a: Tornadus\n|-singleturn|p1a: Tornadus|Helping Hand|[of] p1b: Farigiraf\n|move|p2a: Comfey|Floral Healing||[still]\n|cant|p1b: Farigiraf|ability: Armor Tail|Floral Healing|[of] p2a: Comfey\n|move|p1a: Tornadus|Bleakwind Storm|p2a: Comfey\n|-resisted|p2a: Comfey\n|-damage|p2a: Comfey|38\/100\n|-enditem|p2a: Comfey|Sitrus Berry|[eat]\n|-heal|p2a: Comfey|63\/100|[from] item: Sitrus Berry\n|\n|-heal|p2a: Comfey|68\/100|[from] Grassy Terrain\n|upkeep\n|turn|7\n|\n|t:|1716312933\n|move|p2a: Comfey|Draining Kiss||[still]\n|cant|p1b: Farigiraf|ability: Armor Tail|Draining Kiss|[of] p2a: Comfey\n|move|p1a: Tornadus|Rain Dance|p1a: Tornadus\n|-weather|RainDance\n|move|p1b: Farigiraf|Psychic|p2a: Comfey\n|-resisted|p2a: Comfey\n|-damage|p2a: Comfey|48\/100\n|-unboost|p2a: Comfey|spd|1\n|\n|-weather|RainDance|[upkeep]\n|-heal|p2a: Comfey|54\/100|[from] Grassy Terrain\n|upkeep\n|turn|8\n|\n|t:|1716312939\n|move|p1b: Farigiraf|Helping Hand|p1a: Tornadus\n|-singleturn|p1a: Tornadus|Helping Hand|[of] p1b: Farigiraf\n|move|p2a: Comfey|Draining Kiss||[still]\n|cant|p1b: Farigiraf|ability: Armor Tail|Draining Kiss|[of] p2a: Comfey\n|move|p1a: Tornadus|Bleakwind Storm|p2a: Comfey\n|-resisted|p2a: Comfey\n|-damage|p2a: Comfey|4\/100\n|\n|-weather|RainDance|[upkeep]\n|-heal|p2a: Comfey|9\/100|[from] Grassy Terrain\n|upkeep\n|turn|9\n|\n|t:|1716312942\n|switch|p1b: Terapagos|Terapagos-Stellar, L50, M, tera:Stellar|8\/100\n|move|p2a: Comfey|Draining Kiss|p1a: Tornadus\n|-damage|p1a: Tornadus|45\/100\n|-heal|p2a: Comfey|23\/100|[from] drain|[of] p1a: Tornadus\n|move|p1a: Tornadus|Bleakwind Storm|p2a: Comfey\n|-resisted|p2a: Comfey\n|-damage|p2a: Comfey|0 fnt\n|faint|p2a: Comfey\n|\n|win|GBVGC X76\n|raw|GBVGC X76's rating: 1728 &rarr; <strong>1747<\/strong><br \/>(+19 for winning)\n|raw|AcediaRose26's rating: 1717 &rarr; <strong>1698<\/strong><br \/>(-19 for losing)\n|l|\u2606AcediaRose26\n|player|p2|\n|l| sayoerza\n|l| JME140593\n","uploadtime":1716312962,"views":62,"formatid":"gen9vgc2024regg","rating":1698,"private":0,"password":null}