{"id":"gen9vgc2024regg-2127238122","format":"[Gen 9] VGC 2024 Reg G","players":["Joshsensei","tuanzai233t"],"log":"|j|\u2606Joshsensei\n|j|\u2606tuanzai233t\n|t:|1716265987\n|gametype|doubles\n|player|p1|Joshsensei|101|1717\n|player|p2|tuanzai233t|102|1721\n|teamsize|p1|6\n|teamsize|p2|6\n|gen|9\n|tier|[Gen 9] VGC 2024 Reg G\n|rated|\n|rule|Species Clause: Limit one of each Pok\u00e9mon\n|rule|Item Clause: Limit one of each item\n|clearpoke\n|poke|p1|Terapagos, L50, M|\n|poke|p1|Comfey, L50, F|\n|poke|p1|Sableye, L50, F|\n|poke|p1|Maushold-Four, L50|\n|poke|p1|Annihilape, L50, M|\n|poke|p1|Dragonite, L50, F|\n|poke|p2|Indeedee-F, L50, F|\n|poke|p2|Torkoal, L50, M|\n|poke|p2|Calyrex-Ice, L50|\n|poke|p2|Annihilape, L50, M|\n|poke|p2|Urshifu-*, L50, M|\n|poke|p2|Brute Bonnet, L50|\n|teampreview|4\n|\n|t:|1716266018\n|start\n|switch|p1a: Maushold|Maushold-Four, L50|100\/100\n|switch|p1b: Annihilape|Annihilape, L50, M|100\/100\n|switch|p2a: Calyrex|Calyrex-Ice, L50|100\/100\n|switch|p2b: Brute Bonnet|Brute Bonnet, L50, shiny|100\/100\n|-ability|p2a: Calyrex|As One\n|-ability|p2a: Calyrex|Unnerve\n|turn|1\n|\n|t:|1716266028\n|move|p2a: Calyrex|Protect|p2a: Calyrex\n|-singleturn|p2a: Calyrex|Protect\n|move|p1a: Maushold|Taunt|p2b: Brute Bonnet\n|-start|p2b: Brute Bonnet|move: Taunt\n|move|p1b: Annihilape|Bulk Up|p1b: Annihilape\n|-boost|p1b: Annihilape|atk|1\n|-boost|p1b: Annihilape|def|1\n|cant|p2b: Brute Bonnet|move: Taunt|Spore\n|\n|upkeep\n|turn|2\n|\n|t:|1716266048\n|-terastallize|p2a: Calyrex|Fire\n|move|p1a: Maushold|Beat Up|p1b: Annihilape\n|-damage|p1b: Annihilape|99\/100\n|-damage|p1b: Annihilape|97\/100\n|-damage|p1b: Annihilape|96\/100\n|-damage|p1b: Annihilape|95\/100\n|-hitcount|p1b: Annihilape|4\n|move|p1b: Annihilape|Rage Fist|p2a: Calyrex\n|-damage|p2a: Calyrex|10\/100\n|move|p2b: Brute Bonnet|Pollen Puff|p2a: Calyrex\n|-heal|p2a: Calyrex|60\/100\n|move|p2a: Calyrex|Trick Room|p2a: Calyrex\n|-fieldstart|move: Trick Room|[of] p2a: Calyrex\n|\n|-heal|p1b: Annihilape|100\/100|[from] item: Leftovers\n|upkeep\n|turn|3\n|\n|t:|1716266077\n|-end|p2b: Brute Bonnet|Protosynthesis|[silent]\n|switch|p2b: Torkoal|Torkoal, L50, M|100\/100\n|-weather|SunnyDay|[from] ability: Drought|[of] p2b: Torkoal\n|move|p1a: Maushold|Follow Me|p1a: Maushold\n|-singleturn|p1a: Maushold|move: Follow Me\n|move|p2a: Calyrex|Glacial Lance|p1b: Annihilape|[spread] p1a,p1b\n|-crit|p1b: Annihilape\n|-damage|p1a: Maushold|41\/100\n|-damage|p1b: Annihilape|41\/100\n|move|p1b: Annihilape|Rage Fist|p2b: Torkoal\n|-damage|p2b: Torkoal|0 fnt\n|faint|p2b: Torkoal\n|\n|-weather|SunnyDay|[upkeep]\n|-heal|p1b: Annihilape|47\/100|[from] item: Leftovers\n|upkeep\n|\n|t:|1716266088\n|switch|p2b: Brute Bonnet|Brute Bonnet, L50, shiny|100\/100\n|-activate|p2b: Brute Bonnet|ability: Protosynthesis\n|-start|p2b: Brute Bonnet|protosynthesisdef\n|turn|4\n|\n|t:|1716266110\n|-terastallize|p1b: Annihilape|Fire\n|move|p1a: Maushold|Follow Me|p1a: Maushold\n|-singleturn|p1a: Maushold|move: Follow Me\n|move|p2a: Calyrex|Glacial Lance|p1b: Annihilape|[spread] p1a,p1b\n|-resisted|p1b: Annihilape\n|-damage|p1a: Maushold|0 fnt\n|-damage|p1b: Annihilape|34\/100\n|faint|p1a: Maushold\n|-ability|p2a: Calyrex|Chilling Neigh|boost\n|-boost|p2a: Calyrex|atk|1\n|move|p2b: Brute Bonnet|Spore|p1b: Annihilape\n|-status|p1b: Annihilape|slp|[from] move: Spore\n|cant|p1b: Annihilape|slp\n|\n|-weather|SunnyDay|[upkeep]\n|-heal|p1b: Annihilape|40\/100 slp|[from] item: Leftovers\n|upkeep\n|\n|t:|1716266115\n|switch|p1a: Comfey|Comfey, L50, F|100\/100\n|turn|5\n|\n|t:|1716266130\n|move|p1a: Comfey|Floral Healing|p1b: Annihilape\n|-heal|p1b: Annihilape|90\/100 slp\n|move|p2a: Calyrex|Glacial Lance|p1a: Comfey|[spread] p1a,p1b\n|-resisted|p1b: Annihilape\n|-damage|p1a: Comfey|24\/100\n|-damage|p1b: Annihilape|65\/100 slp\n|move|p2b: Brute Bonnet|Spore|p1a: Comfey\n|-status|p1a: Comfey|slp|[from] move: Spore\n|-curestatus|p1b: Annihilape|slp|[msg]\n|move|p1b: Annihilape|Rage Fist|p2a: Calyrex\n|-crit|p2a: Calyrex\n|-damage|p2a: Calyrex|0 fnt\n|faint|p2a: Calyrex\n|\n|-weather|SunnyDay|[upkeep]\n|-heal|p1b: Annihilape|71\/100|[from] item: Leftovers\n|upkeep\n|\n|t:|1716266133\n|switch|p2a: Urshifu|Urshifu, L50, M|100\/100\n|turn|6\n|\n|t:|1716266146\n|cant|p1a: Comfey|slp\n|move|p2b: Brute Bonnet|Spore|p1b: Annihilape\n|-status|p1b: Annihilape|slp|[from] move: Spore\n|cant|p1b: Annihilape|slp\n|move|p2a: Urshifu|Wicked Blow|p1b: Annihilape\n|-crit|p1b: Annihilape\n|-damage|p1b: Annihilape|12\/100 slp\n|\n|-weather|SunnyDay|[upkeep]\n|-heal|p1b: Annihilape|18\/100 slp|[from] item: Leftovers\n|-fieldend|move: Trick Room\n|upkeep\n|turn|7\n|\n|t:|1716266161\n|cant|p1a: Comfey|slp\n|move|p2a: Urshifu|Wicked Blow|p1b: Annihilape\n|-crit|p1b: Annihilape\n|-damage|p1b: Annihilape|0 fnt\n|faint|p1b: Annihilape\n|move|p2b: Brute Bonnet|Crunch|p1a: Comfey\n|-resisted|p1a: Comfey\n|-damage|p1a: Comfey|8\/100 slp\n|-unboost|p1a: Comfey|def|1\n|\n|-weather|none\n|-end|p2b: Brute Bonnet|Protosynthesis\n|upkeep\n|\n|t:|1716266164\n|switch|p1b: Dragonite|Dragonite, L50, F|100\/100\n|turn|8\n|\n|t:|1716266172\n|move|p2a: Urshifu|Detect|p2a: Urshifu\n|-singleturn|p2a: Urshifu|Protect\n|cant|p1a: Comfey|slp\n|move|p1b: Dragonite|Extreme Speed|p2a: Urshifu\n|-activate|p2a: Urshifu|move: Protect\n|move|p2b: Brute Bonnet|Crunch|p1a: Comfey\n|-resisted|p1a: Comfey\n|-damage|p1a: Comfey|0 fnt\n|faint|p1a: Comfey\n|\n|upkeep\n|turn|9\n|\n|t:|1716266181\n|move|p1b: Dragonite|Extreme Speed|p2a: Urshifu\n|-damage|p2a: Urshifu|49\/100\n|move|p2a: Urshifu|Wicked Blow|p1b: Dragonite\n|-crit|p1b: Dragonite\n|-damage|p1b: Dragonite|31\/100\n|move|p2b: Brute Bonnet|Spore|p1b: Dragonite\n|-status|p1b: Dragonite|slp|[from] move: Spore\n|\n|upkeep\n|turn|10\n|-message|Joshsensei forfeited.\n|\n|win|tuanzai233t\n|raw|Joshsensei's rating: 1717 &rarr; <strong>1697<\/strong><br \/>(-20 for losing)\n|raw|tuanzai233t's rating: 1721 &rarr; <strong>1741<\/strong><br \/>(+20 for winning)\n|l|\u2606Joshsensei\n|player|p1|\n|l|\u2606tuanzai233t\n|player|p2|\n","uploadtime":1716266417,"views":67,"formatid":"gen9vgc2024regg","rating":1697,"private":0,"password":null}