{"id":"gen9vgc2024regg-2127572542","format":"[Gen 9] VGC 2024 Reg G","players":["TigerSkinRoll2.0","Billy_HMD"],"log":"|j|\u2606TigerSkinRoll2.0\n|j|\u2606Billy_HMD\n|t:|1716309641\n|gametype|doubles\n|player|p1|TigerSkinRoll2.0|backersf|1658\n|player|p2|Billy_HMD|dawn|1735\n|teamsize|p1|6\n|teamsize|p2|6\n|gen|9\n|tier|[Gen 9] VGC 2024 Reg G\n|rated|\n|rule|Species Clause: Limit one of each Pok\u00e9mon\n|rule|Item Clause: Limit one of each item\n|clearpoke\n|poke|p1|Kyogre, L50|\n|poke|p1|Tornadus, L50, M|\n|poke|p1|Tsareena, L50, F|\n|poke|p1|Incineroar, L50, M|\n|poke|p1|Rillaboom, L50, M|\n|poke|p1|Urshifu-*, L50, M|\n|poke|p2|Calyrex-Ice, L50|\n|poke|p2|Incineroar, L50, F|\n|poke|p2|Pelipper, L50, M|\n|poke|p2|Amoonguss, L50, M|\n|poke|p2|Urshifu-*, L50, M|\n|poke|p2|Raging Bolt, L50|\n|teampreview|4\n|inactive|Battle timer is ON: inactive players will automatically lose when time's up. (requested by Billy_HMD)\n|\n|t:|1716309670\n|start\n|switch|p1a: Kyogre|Kyogre, L50|100\/100\n|switch|p1b: Tsareena|Tsareena, L50, F|100\/100\n|switch|p2a: Raging Bolt|Raging Bolt, L50|100\/100\n|switch|p2b: Calyrex|Calyrex-Ice, L50|100\/100\n|-ability|p2b: Calyrex|As One\n|-ability|p2b: Calyrex|Unnerve\n|-weather|RainDance|[from] ability: Drizzle|[of] p1a: Kyogre\n|turn|1\n|inactive|TigerSkinRoll2.0 has 30 seconds left.\n|inactive|Billy_HMD has 30 seconds left.\n|j| shanehuang99\n|inactive|TigerSkinRoll2.0 has 20 seconds left.\n|inactive|TigerSkinRoll2.0 has 15 seconds left.\n|inactive|TigerSkinRoll2.0 has 10 seconds left.\n|inactive|TigerSkinRoll2.0 has 5 seconds left.\n|\n|t:|1716309722\n|switch|p1a: Incineroar|Incineroar, L50, M|100\/100\n|-ability|p1a: Incineroar|Intimidate|boost\n|-unboost|p2a: Raging Bolt|atk|1\n|-fail|p2b: Calyrex|unboost|[from] item: Clear Amulet|[of] p2b: Calyrex\n|-terastallize|p1b: Tsareena|Steel\n|-terastallize|p2b: Calyrex|Grass\n|move|p1b: Tsareena|Taunt|p2b: Calyrex\n|-start|p2b: Calyrex|move: Taunt\n|move|p2a: Raging Bolt|Thunderbolt|p1a: Incineroar\n|-damage|p1a: Incineroar|59\/100\n|move|p2b: Calyrex|Glacial Lance|p1b: Tsareena|[spread] p1a,p1b\n|-resisted|p1a: Incineroar\n|-resisted|p1b: Tsareena\n|-damage|p1a: Incineroar|35\/100\n|-damage|p1b: Tsareena|64\/100\n|\n|-weather|RainDance|[upkeep]\n|upkeep\n|turn|2\n|inactive|TigerSkinRoll2.0 has 30 seconds left.\n|inactive|Billy_HMD has 30 seconds left.\n|inactive|TigerSkinRoll2.0 has 20 seconds left.\n|inactive|TigerSkinRoll2.0 has 15 seconds left.\n|inactive|TigerSkinRoll2.0 has 10 seconds left.\n|inactive|TigerSkinRoll2.0 has 5 seconds left.\n|\n|t:|1716309772\n|move|p1a: Incineroar|Fake Out|p2b: Calyrex\n|-damage|p2b: Calyrex|93\/100\n|move|p1b: Tsareena|Triple Axel|p2a: Raging Bolt\n|-supereffective|p2a: Raging Bolt\n|-damage|p2a: Raging Bolt|88\/100\n|-supereffective|p2a: Raging Bolt\n|-damage|p2a: Raging Bolt|62\/100\n|-hitcount|p2a: Raging Bolt|2\n|move|p2a: Raging Bolt|Thunderbolt|p1a: Incineroar\n|-damage|p1a: Incineroar|0 fnt\n|faint|p1a: Incineroar\n|cant|p2b: Calyrex|flinch\n|\n|-weather|RainDance|[upkeep]\n|upkeep\n|inactive|TigerSkinRoll2.0 has 30 seconds left.\n|\n|t:|1716309806\n|switch|p1a: Urshifu|Urshifu, L50, M|100\/100\n|turn|3\n|inactive|Billy_HMD has 30 seconds left.\n|inactive|TigerSkinRoll2.0 has 30 seconds left.\n|inactive|Billy_HMD has 20 seconds left.\n|inactive|Billy_HMD has 15 seconds left.\n|\n|t:|1716309847\n|switch|p2b: Incineroar|Incineroar, L50, F|100\/100\n|-ability|p2b: Incineroar|Intimidate|boost\n|-unboost|p1a: Urshifu|atk|1\n|-unboost|p1b: Tsareena|atk|1\n|move|p1a: Urshifu|Wicked Blow|p2a: Raging Bolt\n|-crit|p2a: Raging Bolt\n|-damage|p2a: Raging Bolt|4\/100\n|move|p1b: Tsareena|Triple Axel|p2a: Raging Bolt\n|-supereffective|p2a: Raging Bolt\n|-damage|p2a: Raging Bolt|0 fnt\n|faint|p2a: Raging Bolt\n|-end|p2a: Raging Bolt|Protosynthesis|[silent]\n|-hitcount|p2: Raging Bolt|1\n|\n|-weather|RainDance|[upkeep]\n|upkeep\n|inactive|Billy_HMD has 30 seconds left.\n|\n|t:|1716309881\n|switch|p2a: Urshifu|Urshifu-Rapid-Strike, L50, M|100\/100\n|turn|4\n|inactive|TigerSkinRoll2.0 has 30 seconds left.\n|inactive|Billy_HMD has 30 seconds left.\n|inactive|TigerSkinRoll2.0 has 20 seconds left.\n|\n|t:|1716309921\n|switch|p1b: Kyogre|Kyogre, L50|100\/100\n|move|p2a: Urshifu|Surging Strikes|p1b: Kyogre\n|-resisted|p1b: Kyogre\n|-crit|p1b: Kyogre\n|-damage|p1b: Kyogre|83\/100\n|-resisted|p1b: Kyogre\n|-crit|p1b: Kyogre\n|-damage|p1b: Kyogre|64\/100\n|-resisted|p1b: Kyogre\n|-crit|p1b: Kyogre\n|-damage|p1b: Kyogre|47\/100\n|-hitcount|p1b: Kyogre|3\n|move|p1a: Urshifu|Wicked Blow|p2a: Urshifu\n|-resisted|p2a: Urshifu\n|-crit|p2a: Urshifu\n|-damage|p2a: Urshifu|64\/100\n|move|p2b: Incineroar|Will-O-Wisp|p1a: Urshifu\n|-status|p1a: Urshifu|brn\n|\n|-weather|RainDance|[upkeep]\n|-damage|p1a: Urshifu|95\/100 brn|[from] brn\n|upkeep\n|turn|5\n|inactive|TigerSkinRoll2.0 has 30 seconds left.\n|inactive|Billy_HMD has 30 seconds left.\n|inactive|TigerSkinRoll2.0 has 20 seconds left.\n|inactive|Billy_HMD has 20 seconds left.\n|inactive|TigerSkinRoll2.0 has 15 seconds left.\n|inactive|Billy_HMD has 15 seconds left.\n|inactive|TigerSkinRoll2.0 has 10 seconds left.\n|inactive|TigerSkinRoll2.0 has 5 seconds left.\n|\n|t:|1716309973\n|move|p1b: Kyogre|Origin Pulse|p2b: Incineroar|[spread] p2a,p2b\n|-resisted|p2a: Urshifu\n|-supereffective|p2b: Incineroar\n|-damage|p2a: Urshifu|11\/100\n|-damage|p2b: Incineroar|0 fnt\n|faint|p2b: Incineroar\n|move|p2a: Urshifu|Surging Strikes|p1b: Kyogre\n|-resisted|p1b: Kyogre\n|-crit|p1b: Kyogre\n|-damage|p1b: Kyogre|28\/100\n|-resisted|p1b: Kyogre\n|-crit|p1b: Kyogre\n|-damage|p1b: Kyogre|11\/100\n|-resisted|p1b: Kyogre\n|-crit|p1b: Kyogre\n|-damage|p1b: Kyogre|0 fnt\n|faint|p1b: Kyogre\n|-hitcount|p1: Kyogre|3\n|move|p1a: Urshifu|Close Combat|p2a: Urshifu\n|-damage|p2a: Urshifu|0 fnt\n|-unboost|p1a: Urshifu|def|1\n|-unboost|p1a: Urshifu|spd|1\n|faint|p2a: Urshifu\n|\n|-weather|none\n|-damage|p1a: Urshifu|89\/100 brn|[from] brn\n|upkeep\n|\n|t:|1716309996\n|switch|p1b: Tsareena|Tsareena, L50, F, tera:Steel|64\/100\n|switch|p2b: Calyrex|Calyrex-Ice, L50, tera:Grass|93\/100\n|-ability|p2b: Calyrex|As One\n|-ability|p2b: Calyrex|Unnerve\n|turn|6\n|inactive|TigerSkinRoll2.0 has 30 seconds left.\n|\n|t:|1716310028\n|move|p1a: Urshifu|Wicked Blow|p2b: Calyrex\n|-crit|p2b: Calyrex\n|-damage|p2b: Calyrex|73\/100\n|move|p1b: Tsareena|Triple Axel|p2b: Calyrex\n|-supereffective|p2b: Calyrex\n|-damage|p2b: Calyrex|63\/100\n|-supereffective|p2b: Calyrex\n|-damage|p2b: Calyrex|44\/100\n|-supereffective|p2b: Calyrex\n|-damage|p2b: Calyrex|17\/100\n|-hitcount|p2b: Calyrex|3\n|move|p2b: Calyrex|High Horsepower|p1b: Tsareena\n|-supereffective|p1b: Tsareena\n|-damage|p1b: Tsareena|0 fnt\n|faint|p1b: Tsareena\n|-ability|p2b: Calyrex|Chilling Neigh|boost\n|-boost|p2b: Calyrex|atk|1\n|\n|-damage|p1a: Urshifu|83\/100 brn|[from] brn\n|upkeep\n|turn|7\n|\n|t:|1716310048\n|move|p1a: Urshifu|Wicked Blow|p2b: Calyrex\n|-crit|p2b: Calyrex\n|-damage|p2b: Calyrex|0 fnt\n|faint|p2b: Calyrex\n|\n|win|TigerSkinRoll2.0\n|raw|TigerSkinRoll2.0's rating: 1658 &rarr; <strong>1682<\/strong><br \/>(+24 for winning)\n|raw|Billy_HMD's rating: 1735 &rarr; <strong>1711<\/strong><br \/>(-24 for losing)\n|l| shanehuang99\n|l|\u2606Billy_HMD\n|player|p2|\n|l|\u2606TigerSkinRoll2.0\n|player|p1|\n","uploadtime":1716310057,"views":41,"formatid":"gen9vgc2024regg","rating":1682,"private":0,"password":null}