{"id":"gen9vgc2024regg-2127169090","format":"[Gen 9] VGC 2024 Reg G","players":["DaleG","ggttmmhh"],"log":"|j|\u2606DaleG\n|j|\u2606ggttmmhh\n|t:|1716256653\n|gametype|doubles\n|player|p1|DaleG|170|1688\n|player|p2|ggttmmhh|101|1775\n|teamsize|p1|6\n|teamsize|p2|6\n|gen|9\n|tier|[Gen 9] VGC 2024 Reg G\n|rated|\n|rule|Species Clause: Limit one of each Pok\u00e9mon\n|rule|Item Clause: Limit one of each item\n|clearpoke\n|poke|p1|Zamazenta-*, L50|\n|poke|p1|Chien-Pao, L50|\n|poke|p1|Amoonguss, L50, F|\n|poke|p1|Raging Bolt, L50|\n|poke|p1|Entei, L50|\n|poke|p1|Walking Wake, L50|\n|poke|p2|Kyogre, L50|\n|poke|p2|Whimsicott, L50, M|\n|poke|p2|Incineroar, L50, M|\n|poke|p2|Chien-Pao, L50|\n|poke|p2|Rillaboom, L50, M|\n|poke|p2|Basculegion, L50, M|\n|teampreview|4\n|\n|t:|1716256721\n|start\n|switch|p1a: Zamazenta|Zamazenta-Crowned, L50|100\/100\n|switch|p1b: Raging Bolt|Raging Bolt, L50|100\/100\n|switch|p2a: Whimsicott|Whimsicott, L50, M|100\/100\n|switch|p2b: Kyogre|Kyogre, L50|100\/100\n|-ability|p1a: Zamazenta|Dauntless Shield|boost\n|-boost|p1a: Zamazenta|def|1\n|-weather|RainDance|[from] ability: Drizzle|[of] p2b: Kyogre\n|turn|1\n|inactive|Battle timer is ON: inactive players will automatically lose when time's up. (requested by DaleG)\n|\n|t:|1716256752\n|-terastallize|p2b: Kyogre|Grass\n|move|p1a: Zamazenta|Wide Guard|p1a: Zamazenta\n|-singleturn|p1a: Zamazenta|Wide Guard\n|move|p2a: Whimsicott|Tailwind|p2a: Whimsicott\n|-sidestart|p2: ggttmmhh|move: Tailwind\n|move|p2b: Kyogre|Water Spout|p1b: Raging Bolt|[spread] \n|-activate|p1a: Zamazenta|move: Wide Guard\n|-activate|p1b: Raging Bolt|move: Wide Guard\n|move|p1b: Raging Bolt|Discharge|p2b: Kyogre|[spread] p2a,p2b\n|-activate|p1a: Zamazenta|move: Wide Guard\n|-resisted|p2a: Whimsicott\n|-resisted|p2b: Kyogre\n|-damage|p2a: Whimsicott|76\/100\n|-damage|p2b: Kyogre|92\/100\n|-status|p2b: Kyogre|par\n|\n|-weather|RainDance|[upkeep]\n|upkeep\n|turn|2\n|inactive|DaleG has 30 seconds left.\n|inactive|DaleG has 20 seconds left.\n|inactive|DaleG has 15 seconds left.\n|inactive|DaleG has 10 seconds left.\n|\n|t:|1716256800\n|move|p2a: Whimsicott|Encore|p1a: Zamazenta\n|-start|p1a: Zamazenta|Encore\n|move|p1a: Zamazenta|Wide Guard|p1a: Zamazenta\n|-singleturn|p1a: Zamazenta|Wide Guard\n|move|p2b: Kyogre|Ice Beam|p1b: Raging Bolt\n|-supereffective|p1b: Raging Bolt\n|-damage|p1b: Raging Bolt|62\/100\n|move|p1b: Raging Bolt|Snarl|p2b: Kyogre|[spread] p2a,p2b\n|-resisted|p2a: Whimsicott\n|-damage|p2a: Whimsicott|63\/100\n|-damage|p2b: Kyogre|84\/100 par\n|-unboost|p2b: Kyogre|spa|1\n|\n|-weather|RainDance|[upkeep]\n|upkeep\n|turn|3\n|inactive|DaleG has 30 seconds left.\n|\n|t:|1716256830\n|move|p1a: Zamazenta|Wide Guard|p1a: Zamazenta\n|-singleturn|p1a: Zamazenta|Wide Guard\n|move|p2a: Whimsicott|Moonblast|p1b: Raging Bolt\n|-supereffective|p1b: Raging Bolt\n|-damage|p1b: Raging Bolt|22\/100\n|move|p2b: Kyogre|Water Spout|p1b: Raging Bolt|[spread] \n|-activate|p1a: Zamazenta|move: Wide Guard\n|-activate|p1b: Raging Bolt|move: Wide Guard\n|move|p1b: Raging Bolt|Draco Meteor|p2b: Kyogre|[miss]\n|-miss|p1b: Raging Bolt|p2b: Kyogre\n|\n|-weather|RainDance|[upkeep]\n|upkeep\n|turn|4\n|inactive|DaleG has 30 seconds left.\n|inactive|ggttmmhh has 30 seconds left.\n|\n|t:|1716256861\n|switch|p2b: Chien-Pao|Chien-Pao, L50|100\/100\n|-ability|p2b: Chien-Pao|Sword of Ruin\n|-end|p1b: Raging Bolt|Protosynthesis|[silent]\n|switch|p1b: Amoonguss|Amoonguss, L50, F|100\/100\n|move|p1a: Zamazenta|Wide Guard|p1a: Zamazenta\n|-singleturn|p1a: Zamazenta|Wide Guard\n|move|p2a: Whimsicott|Moonblast|p1b: Amoonguss\n|-resisted|p1b: Amoonguss\n|-damage|p1b: Amoonguss|85\/100\n|-unboost|p1b: Amoonguss|spa|1\n|\n|-weather|RainDance|[upkeep]\n|-end|p1a: Zamazenta|Encore\n|-sideend|p2: ggttmmhh|move: Tailwind\n|upkeep\n|turn|5\n|inactive|DaleG has 30 seconds left.\n|inactive|ggttmmhh has 30 seconds left.\n|inactive|DaleG has 20 seconds left.\n|inactive|ggttmmhh has 20 seconds left.\n|inactive|DaleG has 15 seconds left.\n|inactive|ggttmmhh has 15 seconds left.\n|inactive|ggttmmhh has 10 seconds left.\n|\n|t:|1716256906\n|-terastallize|p1b: Amoonguss|Water\n|move|p2b: Chien-Pao|Icicle Crash|p1b: Amoonguss\n|-resisted|p1b: Amoonguss\n|-damage|p1b: Amoonguss|64\/100\n|move|p1a: Zamazenta|Heavy Slam|p2a: Whimsicott\n|-supereffective|p2a: Whimsicott\n|-damage|p2a: Whimsicott|0 fnt\n|faint|p2a: Whimsicott\n|move|p1b: Amoonguss|Pollen Puff|p2b: Chien-Pao\n|-supereffective|p2b: Chien-Pao\n|-damage|p2b: Chien-Pao|59\/100\n|\n|-weather|none\n|upkeep\n|j| Fulimba\n|\n|t:|1716256923\n|switch|p2a: Kyogre|Kyogre, L50, tera:Grass|84\/100 par\n|-weather|RainDance|[from] ability: Drizzle|[of] p2a: Kyogre\n|turn|6\n|\n|t:|1716256936\n|move|p2b: Chien-Pao|Protect|p2b: Chien-Pao\n|-singleturn|p2b: Chien-Pao|Protect\n|move|p1a: Zamazenta|Body Press|p2a: Kyogre\n|-damage|p2a: Kyogre|14\/100 par\n|move|p2a: Kyogre|Thunder|p1b: Amoonguss\n|-supereffective|p1b: Amoonguss\n|-damage|p1b: Amoonguss|0 fnt\n|faint|p1b: Amoonguss\n|\n|-weather|RainDance|[upkeep]\n|upkeep\n|\n|t:|1716256953\n|switch|p1b: Chien-Pao|Chien-Pao, L50|100\/100\n|-ability|p1b: Chien-Pao|Sword of Ruin\n|turn|7\n|\n|t:|1716256974\n|move|p2b: Chien-Pao|Protect||[still]\n|-fail|p2b: Chien-Pao\n|move|p1b: Chien-Pao|Crunch|p2a: Kyogre\n|-damage|p2a: Kyogre|0 fnt\n|faint|p2a: Kyogre\n|move|p1a: Zamazenta|Body Press|p2b: Chien-Pao\n|-supereffective|p2b: Chien-Pao\n|-damage|p2b: Chien-Pao|0 fnt\n|faint|p2b: Chien-Pao\n|\n|-weather|RainDance|[upkeep]\n|upkeep\n|l|\u2606ggttmmhh\n|inactive|ggttmmhh disconnected and has a minute to reconnect!\n|player|p2|\n|inactive|ggttmmhh has 30 seconds left.\n|inactive|ggttmmhh has 20 seconds left.\n|inactive|ggttmmhh has 15 seconds left.\n|inactive|ggttmmhh has 10 seconds left.\n|inactive|ggttmmhh has 5 seconds left.\n|-message|ggttmmhh lost due to inactivity.\n|\n|win|DaleG\n|raw|DaleG's rating: 1688 &rarr; <strong>1713<\/strong><br \/>(+25 for winning)\n|raw|ggttmmhh's rating: 1775 &rarr; <strong>1750<\/strong><br \/>(-25 for losing)\n|l|\u2606DaleG\n|player|p1|\n|l| Fulimba\n","uploadtime":1716257282,"views":73,"formatid":"gen9vgc2024regg","rating":1713,"private":0,"password":null}