{"id":"gen9vgc2024regg-2128052843","format":"[Gen 9] VGC 2024 Reg G","players":["cdkjio","seanyboy335"],"log":"|j|\u2606cdkjio\n|j|\u2606seanyboy335\n|t:|1716369050\n|gametype|doubles\n|player|p1|cdkjio|iris-gen5bw2|1711\n|player|p2|seanyboy335|benga|1792\n|teamsize|p1|6\n|teamsize|p2|6\n|gen|9\n|tier|[Gen 9] VGC 2024 Reg G\n|rated|\n|rule|Species Clause: Limit one of each Pok\u00e9mon\n|rule|Item Clause: Limit one of each item\n|clearpoke\n|poke|p1|Miraidon, L50|\n|poke|p1|Ursaluna, L50, M|\n|poke|p1|Araquanid, L50, M|\n|poke|p1|Sinistcha-Masterpiece, L50|\n|poke|p1|Iron Bundle, L50|\n|poke|p1|Chi-Yu, L50|\n|poke|p2|Calyrex-Shadow, L50|\n|poke|p2|Clefairy, L50, F|\n|poke|p2|Smeargle, L50, F|\n|poke|p2|Urshifu-*, L50, F|\n|poke|p2|Chi-Yu, L50|\n|poke|p2|Rillaboom, L50, F|\n|teampreview|4\n|inactive|Battle timer is ON: inactive players will automatically lose when time's up. (requested by seanyboy335)\n|j| tuanzai233\n|\n|t:|1716369076\n|start\n|switch|p1a: Iron Bundle|Iron Bundle, L50|100\/100\n|switch|p1b: Chi-Yu|Chi-Yu, L50|100\/100\n|switch|p2a: Rillaboom|Rillaboom, L50, F|100\/100\n|switch|p2b: Calyrex|Calyrex-Shadow, L50|100\/100\n|-ability|p2b: Calyrex|As One\n|-ability|p2b: Calyrex|Unnerve\n|-ability|p1b: Chi-Yu|Beads of Ruin\n|-fieldstart|move: Grassy Terrain|[from] ability: Grassy Surge|[of] p2a: Rillaboom\n|turn|1\n|inactive|seanyboy335 has 30 seconds left.\n|\n|t:|1716369102\n|-terastallize|p1a: Iron Bundle|Ghost\n|-terastallize|p2a: Rillaboom|Fire\n|move|p2a: Rillaboom|Fake Out|p1b: Chi-Yu\n|-damage|p1b: Chi-Yu|79\/100\n|move|p2b: Calyrex|Astral Barrage|p1b: Chi-Yu|[spread] p1a,p1b\n|-supereffective|p1a: Iron Bundle\n|-resisted|p1b: Chi-Yu\n|-enditem|p1a: Iron Bundle|Focus Sash\n|-damage|p1a: Iron Bundle|1\/100\n|-damage|p1b: Chi-Yu|52\/100\n|move|p1a: Iron Bundle|Icy Wind|p2b: Calyrex|[spread] p2a,p2b\n|-resisted|p2a: Rillaboom\n|-damage|p2a: Rillaboom|91\/100\n|-damage|p2b: Calyrex|75\/100\n|-unboost|p2a: Rillaboom|spe|1\n|move|p1b: Chi-Yu|Heat Wave|p2b: Calyrex|[spread] p2a,p2b\n|-resisted|p2a: Rillaboom\n|-damage|p2a: Rillaboom|75\/100\n|-damage|p2b: Calyrex|24\/100\n|\n|-heal|p2b: Calyrex|30\/100|[from] Grassy Terrain\n|-heal|p1a: Iron Bundle|7\/100|[from] Grassy Terrain\n|-heal|p1b: Chi-Yu|58\/100|[from] Grassy Terrain\n|-heal|p2a: Rillaboom|81\/100|[from] Grassy Terrain\n|upkeep\n|turn|2\n|inactive|seanyboy335 has 30 seconds left.\n|inactive|seanyboy335 has 20 seconds left.\n|inactive|seanyboy335 has 15 seconds left.\n|inactive|seanyboy335 has 10 seconds left.\n|inactive|seanyboy335 has 5 seconds left.\n|\n|t:|1716369155\n|move|p2b: Calyrex|Protect|p2b: Calyrex\n|-singleturn|p2b: Calyrex|Protect\n|move|p1b: Chi-Yu|Protect|p1b: Chi-Yu\n|-singleturn|p1b: Chi-Yu|Protect\n|move|p2a: Rillaboom|Grassy Glide|p1b: Chi-Yu\n|-activate|p1b: Chi-Yu|move: Protect\n|move|p1a: Iron Bundle|Hydro Pump|p2a: Rillaboom|[miss]\n|-miss|p1a: Iron Bundle|p2a: Rillaboom\n|\n|-heal|p2b: Calyrex|36\/100|[from] Grassy Terrain\n|-heal|p1a: Iron Bundle|13\/100|[from] Grassy Terrain\n|-heal|p1b: Chi-Yu|64\/100|[from] Grassy Terrain\n|-heal|p2a: Rillaboom|86\/100|[from] Grassy Terrain\n|upkeep\n|turn|3\n|inactive|seanyboy335 has 30 seconds left.\n|inactive|seanyboy335 has 20 seconds left.\n|inactive|seanyboy335 has 15 seconds left.\n|inactive|seanyboy335 has 10 seconds left.\n|inactive|seanyboy335 has 5 seconds left.\n|\n|t:|1716369205\n|switch|p1b: Miraidon|Miraidon, L50|100\/100\n|-fieldstart|move: Electric Terrain|[from] ability: Hadron Engine|[of] p1b: Miraidon\n|-activate|p1a: Iron Bundle|ability: Quark Drive\n|-start|p1a: Iron Bundle|quarkdrivespe\n|move|p1a: Iron Bundle|Freeze-Dry|p2b: Calyrex\n|-damage|p2b: Calyrex|7\/100\n|move|p2b: Calyrex|Draining Kiss|p1b: Miraidon\n|-supereffective|p1b: Miraidon\n|-damage|p1b: Miraidon|79\/100\n|-heal|p2b: Calyrex|23\/100|[from] drain|[of] p1b: Miraidon\n|move|p2a: Rillaboom|Grassy Glide|p1a: Iron Bundle\n|-damage|p1a: Iron Bundle|0 fnt\n|faint|p1a: Iron Bundle\n|-end|p1a: Iron Bundle|Quark Drive|[silent]\n|\n|upkeep\n|\n|t:|1716369224\n|switch|p1a: Chi-Yu|Chi-Yu, L50|64\/100\n|-ability|p1a: Chi-Yu|Beads of Ruin\n|turn|4\n|inactive|cdkjio has 30 seconds left.\n|\n|t:|1716369258\n|switch|p2a: Smeargle|Smeargle, L50, F|100\/100\n|move|p2b: Calyrex|Protect|p2b: Calyrex\n|-singleturn|p2b: Calyrex|Protect\n|move|p1a: Chi-Yu|Protect|p1a: Chi-Yu\n|-singleturn|p1a: Chi-Yu|Protect\n|move|p1b: Miraidon|Volt Switch|p2b: Calyrex\n|-activate|p2b: Calyrex|move: Protect\n|\n|-ability|p2a: Smeargle|Moody|boost\n|-boost|p2a: Smeargle|spa|2\n|-unboost|p2a: Smeargle|spd|1\n|upkeep\n|turn|5\n|c| tuanzai233|pity\n|inactive|seanyboy335 has 30 seconds left.\n|inactive|cdkjio has 30 seconds left.\n|inactive|seanyboy335 has 20 seconds left.\n|inactive|cdkjio has 20 seconds left.\n|\n|t:|1716369305\n|switch|p2b: Rillaboom|Rillaboom, L50, F, tera:Fire|86\/100\n|-fieldstart|move: Grassy Terrain|[from] ability: Grassy Surge|[of] p2b: Rillaboom\n|switch|p1b: Ursaluna|Ursaluna, L50, M|100\/100\n|move|p1a: Chi-Yu|Heat Wave|p2a: Smeargle|[spread] p2a,p2b\n|-crit|p2a: Smeargle\n|-resisted|p2b: Rillaboom\n|-enditem|p2a: Smeargle|Focus Sash\n|-damage|p2a: Smeargle|1\/100\n|-damage|p2b: Rillaboom|69\/100\n|move|p2a: Smeargle|Spore|p1a: Chi-Yu\n|-status|p1a: Chi-Yu|slp|[from] move: Spore\n|\n|-heal|p1a: Chi-Yu|70\/100 slp|[from] Grassy Terrain\n|-heal|p2a: Smeargle|7\/100|[from] Grassy Terrain\n|-heal|p2b: Rillaboom|75\/100|[from] Grassy Terrain\n|-ability|p2a: Smeargle|Moody|boost\n|-boost|p2a: Smeargle|spe|2\n|-unboost|p2a: Smeargle|spa|1\n|upkeep\n|turn|6\n|inactive|seanyboy335 has 30 seconds left.\n|inactive|seanyboy335 has 20 seconds left.\n|inactive|seanyboy335 has 15 seconds left.\n|\n|t:|1716369348\n|switch|p1a: Miraidon|Miraidon, L50|79\/100\n|-fieldstart|move: Electric Terrain|[from] ability: Hadron Engine|[of] p1a: Miraidon\n|move|p2a: Smeargle|Spore|p1b: Ursaluna\n|-activate|p1b: Ursaluna|move: Electric Terrain\n|move|p2b: Rillaboom|Wood Hammer|p1a: Miraidon\n|-resisted|p1a: Miraidon\n|-damage|p1a: Miraidon|53\/100\n|-damage|p2b: Rillaboom|67\/100|[from] Recoil\n|move|p1b: Ursaluna|High Horsepower|p2b: Rillaboom\n|-supereffective|p2b: Rillaboom\n|-damage|p2b: Rillaboom|0 fnt\n|faint|p2b: Rillaboom\n|\n|-ability|p2a: Smeargle|Moody|boost\n|-boost|p2a: Smeargle|atk|2\n|-unboost|p2a: Smeargle|spe|1\n|upkeep\n|\n|t:|1716369355\n|switch|p2b: Calyrex|Calyrex-Shadow, L50|23\/100\n|-ability|p2b: Calyrex|As One\n|-ability|p2b: Calyrex|Unnerve\n|turn|7\n|inactive|seanyboy335 has 30 seconds left.\n|inactive|cdkjio has 30 seconds left.\n|inactive|seanyboy335 has 20 seconds left.\n|inactive|seanyboy335 has 15 seconds left.\n|inactive|seanyboy335 has 10 seconds left.\n|\n|t:|1716369400\n|move|p2b: Calyrex|Protect|p2b: Calyrex\n|-singleturn|p2b: Calyrex|Protect\n|move|p2a: Smeargle|Follow Me|p2a: Smeargle\n|-singleturn|p2a: Smeargle|move: Follow Me\n|move|p1a: Miraidon|Volt Switch|p2a: Smeargle\n|-damage|p2a: Smeargle|0 fnt\n|faint|p2a: Smeargle\n|j| tester66432\n|\n|t:|1716369407\n|switch|p1a: Chi-Yu|Chi-Yu, L50|70\/100 slp|[from] Volt Switch\n|-ability|p1a: Chi-Yu|Beads of Ruin\n|move|p1b: Ursaluna|Rock Slide|p2b: Calyrex\n|-activate|p2b: Calyrex|move: Protect\n|\n|upkeep\n|\n|t:|1716369409\n|switch|p2a: Clefairy|Clefairy, L50, F|100\/100\n|turn|8\n|inactive|cdkjio has 30 seconds left.\n|\n|t:|1716369435\n|switch|p1a: Miraidon|Miraidon, L50|53\/100\n|-activate|p1a: Miraidon|ability: Hadron Engine\n|move|p2a: Clefairy|Follow Me|p2a: Clefairy\n|-singleturn|p2a: Clefairy|move: Follow Me\n|move|p2b: Calyrex|Nasty Plot|p2b: Calyrex\n|-boost|p2b: Calyrex|spa|2\n|move|p1b: Ursaluna|Rock Slide|p2a: Clefairy|[spread] p2a,p2b\n|-damage|p2a: Clefairy|83\/100\n|-damage|p2b: Calyrex|9\/100\n|\n|upkeep\n|turn|9\n|inactive|seanyboy335 has 30 seconds left.\n|\n|t:|1716369468\n|move|p2a: Clefairy|Helping Hand|p2b: Calyrex\n|-singleturn|p2b: Calyrex|Helping Hand|[of] p2a: Clefairy\n|move|p2b: Calyrex|Draining Kiss|p1a: Miraidon\n|-supereffective|p1a: Miraidon\n|-damage|p1a: Miraidon|1\/100\n|-heal|p2b: Calyrex|48\/100|[from] drain|[of] p1a: Miraidon\n|move|p1a: Miraidon|Parabolic Charge|p2a: Clefairy|[spread] p2a,p2b\n|-immune|p1b: Ursaluna\n|-damage|p2a: Clefairy|49\/100\n|-heal|p1a: Miraidon|16\/100|[from] drain|[of] p2a: Clefairy\n|-damage|p2b: Calyrex|18\/100\n|-heal|p1a: Miraidon|31\/100|[from] drain|[of] p2b: Calyrex\n|move|p1b: Ursaluna|Rock Slide|p2a: Clefairy|[spread] p2a,p2b\n|-damage|p2a: Clefairy|30\/100\n|-damage|p2b: Calyrex|3\/100\n|\n|upkeep\n|turn|10\n|j| Fulimba\n|inactive|seanyboy335 has 30 seconds left.\n|inactive|seanyboy335 has 20 seconds left.\n|inactive|seanyboy335 has 15 seconds left.\n|inactive|seanyboy335 has 10 seconds left.\n|\n|t:|1716369517\n|move|p2b: Calyrex|Protect|p2b: Calyrex\n|-singleturn|p2b: Calyrex|Protect\n|move|p2a: Clefairy|Protect|p2a: Clefairy\n|-singleturn|p2a: Clefairy|Protect\n|move|p1a: Miraidon|Parabolic Charge|p2b: Calyrex|[spread] \n|-activate|p2a: Clefairy|move: Protect\n|-activate|p2b: Calyrex|move: Protect\n|-immune|p1b: Ursaluna\n|move|p1b: Ursaluna|High Horsepower|p2b: Calyrex\n|-activate|p2b: Calyrex|move: Protect\n|\n|-fieldend|move: Electric Terrain\n|upkeep\n|turn|11\n|j| precipiceagle\n|inactive|seanyboy335 has 30 seconds left.\n|inactive|seanyboy335 has 20 seconds left.\n|\n|t:|1716369556\n|move|p2a: Clefairy|Helping Hand|p2b: Calyrex\n|-singleturn|p2b: Calyrex|Helping Hand|[of] p2a: Clefairy\n|move|p2b: Calyrex|Draining Kiss|p1a: Miraidon\n|-supereffective|p1a: Miraidon\n|-damage|p1a: Miraidon|0 fnt\n|-heal|p2b: Calyrex|26\/100|[from] drain|[of] p1a: Miraidon\n|faint|p1a: Miraidon\n|-ability|p2b: Calyrex|Grim Neigh|boost\n|-boost|p2b: Calyrex|spa|1\n|move|p1b: Ursaluna|High Horsepower|p2b: Calyrex\n|-damage|p2b: Calyrex|0 fnt\n|faint|p2b: Calyrex\n|\n|upkeep\n|inactive|seanyboy335 has 30 seconds left this turn.\n|\n|t:|1716369565\n|switch|p1a: Chi-Yu|Chi-Yu, L50|70\/100 slp\n|-ability|p1a: Chi-Yu|Beads of Ruin\n|turn|12\n|inactive|seanyboy335 has 30 seconds left this turn.\n|-message|seanyboy335 forfeited.\n|\n|win|cdkjio\n|inactive|seanyboy335 has 25 seconds left this turn.\n|raw|cdkjio's rating: 1711 &rarr; <strong>1736<\/strong><br \/>(+25 for winning)\n|raw|seanyboy335's rating: 1792 &rarr; <strong>1767<\/strong><br \/>(-25 for losing)\n|l|\u2606seanyboy335\n|player|p2|\n|l|\u2606cdkjio\n|player|p1|\n|l| precipiceagle\n|c| tuanzai233|hello\n|l| tuanzai233\n|j| tuanzai233\n|l| tuanzai233\n|l| Fulimba\n|l| tester66432\n","uploadtime":1716369729,"views":214,"formatid":"gen9vgc2024regg","rating":1736,"private":0,"password":null}