{"id":"gen9vgc2024regg-2128332870","format":"[Gen 9] VGC 2024 Reg G","players":["AcediaRose26","Krisuerte"],"log":"|j|\u2606AcediaRose26\n|j|\u2606Krisuerte\n|t:|1716399904\n|gametype|doubles\n|player|p1|AcediaRose26|wallace|1716\n|player|p2|Krisuerte|265|1738\n|teamsize|p1|6\n|teamsize|p2|6\n|gen|9\n|tier|[Gen 9] VGC 2024 Reg G\n|rated|\n|rule|Species Clause: Limit one of each Pok\u00e9mon\n|rule|Item Clause: Limit one of each item\n|clearpoke\n|poke|p1|Terapagos, L50, M|\n|poke|p1|Rillaboom, L50, M|\n|poke|p1|Chi-Yu, L50|\n|poke|p1|Mienshao, L50, M|\n|poke|p1|Comfey, L50, M|\n|poke|p1|Amoonguss, L50, M|\n|poke|p2|Groudon, L50|\n|poke|p2|Grimmsnarl, L50, M|\n|poke|p2|Flutter Mane, L50|\n|poke|p2|Raging Bolt, L50|\n|poke|p2|Ogerpon-Hearthflame, L50, F|\n|poke|p2|Walking Wake, L50|\n|teampreview|4\n|inactive|Battle timer is ON: inactive players will automatically lose when time's up. (requested by AcediaRose26)\nAcediaRose26 has agreed to open team sheets.\n|inactive|AcediaRose26 has 60 seconds left.\n|\n|t:|1716399938\n|start\n|switch|p1a: Mienshao|Mienshao, L50, M|100\/100\n|switch|p1b: Terapagos|Terapagos, L50, M|100\/100\n|switch|p2a: Grimmsnarl|Grimmsnarl, L50, M|100\/100\n|switch|p2b: Ogerpon|Ogerpon-Hearthflame, L50, F|100\/100\n|-activate|p1b: Terapagos|ability: Tera Shift\n|detailschange|p1b: Terapagos|Terapagos-Terastal, L50, M\n|-heal|p1b: Terapagos|100\/100|[silent]\n|-ability|p2b: Ogerpon|Mold Breaker\n|turn|1\n|inactive|Krisuerte has 30 seconds left.\n|inactive|Krisuerte has 20 seconds left.\n|inactive|Krisuerte has 15 seconds left.\n|inactive|Krisuerte has 10 seconds left.\n|\n|t:|1716399986\n|move|p1a: Mienshao|Feint|p2b: Ogerpon\n|-damage|p2b: Ogerpon|88\/100\n|move|p2a: Grimmsnarl|Light Screen|p2a: Grimmsnarl\n|-sidestart|p2: Krisuerte|move: Light Screen\n|move|p2b: Ogerpon|Ivy Cudgel|p1b: Terapagos|[anim] Ivy Cudgel Fire\n|-damage|p1b: Terapagos|57\/100\n|move|p1b: Terapagos|Tera Starstorm|p2b: Ogerpon\n|-damage|p2b: Ogerpon|26\/100\n|\n|upkeep\n|turn|2\n|inactive|AcediaRose26 has 30 seconds left.\n|inactive|Krisuerte has 30 seconds left.\n|\n|t:|1716400017\n|switch|p1b: Chi-Yu|Chi-Yu, L50|100\/100\n|-ability|p1b: Chi-Yu|Beads of Ruin\n|move|p2a: Grimmsnarl|Reflect|p2a: Grimmsnarl\n|-sidestart|p2: Krisuerte|Reflect\n|move|p2b: Ogerpon|Ivy Cudgel|p1b: Chi-Yu|[anim] Ivy Cudgel Fire\n|-resisted|p1b: Chi-Yu\n|-crit|p1b: Chi-Yu\n|-damage|p1b: Chi-Yu|32\/100\n|move|p1a: Mienshao|Close Combat|p2a: Grimmsnarl\n|-damage|p2a: Grimmsnarl|62\/100\n|-unboost|p1a: Mienshao|def|1\n|-unboost|p1a: Mienshao|spd|1\n|\n|upkeep\n|turn|3\n|inactive|Krisuerte has 30 seconds left.\n|\n|t:|1716400043\n|move|p1b: Chi-Yu|Heat Wave|p2a: Grimmsnarl|[spread] p2b\n|-miss|p1b: Chi-Yu|p2a: Grimmsnarl\n|-damage|p2b: Ogerpon|0 fnt\n|faint|p2b: Ogerpon\n|move|p1a: Mienshao|Close Combat|p2a: Grimmsnarl\n|-damage|p2a: Grimmsnarl|21\/100\n|-unboost|p1a: Mienshao|def|1\n|-unboost|p1a: Mienshao|spd|1\n|move|p2a: Grimmsnarl|Foul Play|p1a: Mienshao\n|-resisted|p1a: Mienshao\n|-damage|p1a: Mienshao|11\/100\n|\n|upkeep\n|\n|t:|1716400065\n|switch|p2b: Flutter Mane|Flutter Mane, L50|100\/100\n|turn|4\n|\n|t:|1716400087\n|switch|p1b: Rillaboom|Rillaboom, L50, M|100\/100\n|-fieldstart|move: Grassy Terrain|[from] ability: Grassy Surge|[of] p1b: Rillaboom\n|-terastallize|p2b: Flutter Mane|Fairy\n|move|p1a: Mienshao|Wide Guard|p1a: Mienshao\n|-singleturn|p1a: Mienshao|Wide Guard\n|move|p2a: Grimmsnarl|Misty Terrain|p2a: Grimmsnarl\n|-fieldstart|move: Misty Terrain\n|move|p2b: Flutter Mane|Dazzling Gleam|p1a: Mienshao|[spread] \n|-activate|p1a: Mienshao|move: Wide Guard\n|-activate|p1b: Rillaboom|move: Wide Guard\n|\n|upkeep\n|turn|5\n|j| bluestraggler01\n|inactive|Krisuerte has 30 seconds left.\n|\n|t:|1716400118\n|-end|p2b: Flutter Mane|Protosynthesis|[silent]\n|switch|p2b: Groudon|Groudon, L50|100\/100\n|-weather|SunnyDay|[from] ability: Drought|[of] p2b: Groudon\n|move|p1a: Mienshao|Wide Guard|p1a: Mienshao\n|-singleturn|p1a: Mienshao|Wide Guard\n|move|p1b: Rillaboom|Wood Hammer|p2b: Groudon\n|-supereffective|p2b: Groudon\n|-damage|p2b: Groudon|50\/100\n|-damage|p1b: Rillaboom|84\/100|[from] Recoil\n|move|p2a: Grimmsnarl|Foul Play|p1a: Mienshao\n|-resisted|p1a: Mienshao\n|-damage|p1a: Mienshao|0 fnt\n|faint|p1a: Mienshao\n|\n|-weather|SunnyDay|[upkeep]\n|upkeep\n|\n|t:|1716400136\n|switch|p1a: Chi-Yu|Chi-Yu, L50|32\/100\n|-ability|p1a: Chi-Yu|Beads of Ruin\n|turn|6\n|\n|t:|1716400160\n|move|p2b: Groudon|Protect|p2b: Groudon\n|-singleturn|p2b: Groudon|Protect\n|move|p1a: Chi-Yu|Dark Pulse|p2b: Groudon\n|-activate|p2b: Groudon|move: Protect\n|move|p1b: Rillaboom|Wood Hammer|p2b: Groudon\n|-activate|p2b: Groudon|move: Protect\n|move|p2a: Grimmsnarl|Foul Play|p1b: Rillaboom\n|-damage|p1b: Rillaboom|41\/100\n|\n|-weather|SunnyDay|[upkeep]\n|upkeep\n|turn|7\n|inactive|Krisuerte has 30 seconds left.\n|\n|t:|1716400188\n|move|p1a: Chi-Yu|Dark Pulse|p2b: Groudon\n|-damage|p2b: Groudon|20\/100\n|move|p2b: Groudon|Precipice Blades|p1a: Chi-Yu|[spread] p1a,p1b\n|-supereffective|p1a: Chi-Yu\n|-resisted|p1b: Rillaboom\n|-damage|p1a: Chi-Yu|0 fnt\n|-damage|p1b: Rillaboom|18\/100\n|faint|p1a: Chi-Yu\n|move|p1b: Rillaboom|Wood Hammer|p2a: Grimmsnarl\n|-damage|p2a: Grimmsnarl|0 fnt\n|faint|p2a: Grimmsnarl\n|-damage|p1b: Rillaboom|11\/100|[from] Recoil\n|\n|-weather|SunnyDay|[upkeep]\n|upkeep\n|\n|t:|1716400211\n|switch|p1a: Terapagos|Terapagos-Terastal, L50, M|57\/100\n|switch|p2a: Flutter Mane|Flutter Mane, L50, tera:Fairy|100\/100\n|-activate|p2a: Flutter Mane|ability: Protosynthesis\n|-start|p2a: Flutter Mane|protosynthesisspe\n|turn|8\n|\n|t:|1716400236\n|-terastallize|p1a: Terapagos|Stellar\n|detailschange|p1a: Terapagos|Terapagos-Stellar, L50, M, tera:Stellar\n|-heal|p1a: Terapagos|68\/100|[silent]\n|-ability|p1a: Terapagos|Teraform Zero\n|-weather|none\n|-end|p2a: Flutter Mane|Protosynthesis\n|-fieldend|Misty Terrain\n|move|p2a: Flutter Mane|Moonblast|p1a: Terapagos\n|-damage|p1a: Terapagos|3\/100\n|-unboost|p1a: Terapagos|spa|1\n|move|p2b: Groudon|Heat Crash|p1b: Rillaboom\n|-supereffective|p1b: Rillaboom\n|-damage|p1b: Rillaboom|0 fnt\n|faint|p1b: Rillaboom\n|move|p1a: Terapagos|Tera Starstorm|p2b: Groudon|[spread] p2a,p2b\n|-supereffective|p2a: Flutter Mane\n|-damage|p2a: Flutter Mane|48\/100\n|-damage|p2b: Groudon|0 fnt\n|faint|p2b: Groudon\n|\n|-sideend|p2: Krisuerte|move: Light Screen\n|upkeep\n|turn|9\n|\n|t:|1716400258\n|move|p2a: Flutter Mane|Moonblast|p1a: Terapagos\n|-damage|p1a: Terapagos|0 fnt\n|faint|p1a: Terapagos\n|\n|win|Krisuerte\n|raw|AcediaRose26's rating: 1716 &rarr; <strong>1697<\/strong><br \/>(-19 for losing)\n|raw|Krisuerte's rating: 1738 &rarr; <strong>1757<\/strong><br \/>(+19 for winning)\n|l|\u2606AcediaRose26\n|player|p1|\n|l|\u2606Krisuerte\n|player|p2|\n|l| bluestraggler01\n","uploadtime":1716400439,"views":47,"formatid":"gen9vgc2024regg","rating":1697,"private":0,"password":null}