{"id":"gen9vgc2024regg-2128905865","format":"[Gen 9] VGC 2024 Reg G","players":["pppbbbb","chin8"],"log":"|j|\u2606pppbbbb\n|j|\u2606chin8\n|t:|1716473990\n|gametype|doubles\n|player|p1|pppbbbb|170|1655\n|player|p2|chin8|gentleman-gen4dp|1817\n|teamsize|p1|6\n|teamsize|p2|6\n|gen|9\n|tier|[Gen 9] VGC 2024 Reg G\n|rated|\n|rule|Species Clause: Limit one of each Pok\u00e9mon\n|rule|Item Clause: Limit one of each item\n|clearpoke\n|poke|p1|Tornadus, L50, M|\n|poke|p1|Farigiraf, L50, M|\n|poke|p1|Regieleki, L50|\n|poke|p1|Ursaluna-Bloodmoon, L50, M|\n|poke|p1|Urshifu-*, L50, M|\n|poke|p1|Kyogre, L50|\n|poke|p2|Calyrex-Shadow, L50|\n|poke|p2|Incineroar, L50, M|\n|poke|p2|Rillaboom, L50, M|\n|poke|p2|Ogerpon-Wellspring, L50, F|\n|poke|p2|Flutter Mane, L50|\n|poke|p2|Chi-Yu, L50|\n|teampreview|4\n|inactive|Battle timer is ON: inactive players will automatically lose when time's up. (requested by pppbbbb)\npppbbbb has agreed to open team sheets.\n|j| rabbithorn01\n|inactive|chin8 has 60 seconds left.\n|\n|t:|1716474028\n|start\n|switch|p1a: Farigiraf|Farigiraf, L50, M|100\/100\n|switch|p1b: Ursaluna|Ursaluna-Bloodmoon, L50, M|100\/100\n|switch|p2a: Flutter Mane|Flutter Mane, L50|100\/100\n|switch|p2b: Calyrex|Calyrex-Shadow, L50|100\/100\n|-ability|p2b: Calyrex|As One\n|-ability|p2b: Calyrex|Unnerve\n|-enditem|p2a: Flutter Mane|Booster Energy\n|-activate|p2a: Flutter Mane|ability: Protosynthesis|[fromitem]\n|-start|p2a: Flutter Mane|protosynthesisspe\n|turn|1\n|inactive|pppbbbb has 30 seconds left.\n|inactive|pppbbbb has 20 seconds left.\n|\n|t:|1716474067\n|move|p2a: Flutter Mane|Moonblast|p1b: Ursaluna\n|-damage|p1b: Ursaluna|42\/100\n|move|p2b: Calyrex|Calm Mind|p2b: Calyrex\n|-boost|p2b: Calyrex|spa|1\n|-boost|p2b: Calyrex|spd|1\n|move|p1b: Ursaluna|Hyper Voice|p2a: Flutter Mane|[spread] p2a,p2b\n|-crit|p2a: Flutter Mane\n|-damage|p2a: Flutter Mane|27\/100\n|-damage|p2b: Calyrex|72\/100\n|move|p1a: Farigiraf|Trick Room|p1a: Farigiraf\n|-fieldstart|move: Trick Room|[of] p1a: Farigiraf\n|\n|upkeep\n|turn|2\n|inactive|chin8 has 30 seconds left.\n|\n|t:|1716474094\n|move|p1a: Farigiraf|Helping Hand|p1b: Ursaluna\n|-singleturn|p1b: Ursaluna|Helping Hand|[of] p1a: Farigiraf\n|move|p2b: Calyrex|Protect|p2b: Calyrex\n|-singleturn|p2b: Calyrex|Protect\n|move|p1b: Ursaluna|Hyper Voice|p2a: Flutter Mane|[spread] p2a\n|-activate|p2b: Calyrex|move: Protect\n|-damage|p2a: Flutter Mane|0 fnt\n|faint|p2a: Flutter Mane\n|-end|p2a: Flutter Mane|Protosynthesis|[silent]\n|\n|upkeep\n|\n|t:|1716474096\n|switch|p2a: Rillaboom|Rillaboom, L50, M|100\/100\n|-fieldstart|move: Grassy Terrain|[from] ability: Grassy Surge|[of] p2a: Rillaboom\n|turn|3\n|j| Mr.Ready\n|inactive|pppbbbb has 30 seconds left.\n|inactive|pppbbbb has 20 seconds left.\n|inactive|pppbbbb has 15 seconds left.\n|j| trashman99\n|inactive|pppbbbb has 10 seconds left.\n|\n|t:|1716474144\n|-terastallize|p1b: Ursaluna|Normal\n|move|p1a: Farigiraf|Helping Hand|p1b: Ursaluna\n|-singleturn|p1b: Ursaluna|Helping Hand|[of] p1a: Farigiraf\n|move|p1b: Ursaluna|Blood Moon|p2b: Calyrex\n|-damage|p2b: Calyrex|0 fnt\n|faint|p2b: Calyrex\n|move|p2a: Rillaboom|Wood Hammer|p1b: Ursaluna\n|-damage|p1b: Ursaluna|0 fnt\n|faint|p1b: Ursaluna\n|-damage|p2a: Rillaboom|86\/100|[from] Recoil\n|\n|-heal|p2a: Rillaboom|92\/100|[from] Grassy Terrain\n|upkeep\n|j| sradjoker\n|\n|t:|1716474169\n|switch|p1b: Kyogre|Kyogre, L50|100\/100\n|switch|p2b: Ogerpon|Ogerpon-Wellspring, L50, F|100\/100\n|-weather|RainDance|[from] ability: Drizzle|[of] p1b: Kyogre\n|turn|4\n|inactive|pppbbbb has 30 seconds left.\n|inactive|pppbbbb has 20 seconds left.\n|l| rabbithorn01\n|inactive|pppbbbb has 15 seconds left.\n|inactive|pppbbbb has 10 seconds left.\n|j| rabbithorn01\n|inactive|pppbbbb has 5 seconds left.\n|\n|t:|1716474219\n|move|p1a: Farigiraf|Ally Switch|p1a: Farigiraf\n|swap|p1a: Farigiraf|1|[from] move: Ally Switch\n|move|p2a: Rillaboom|Wood Hammer|p1b: Farigiraf\n|-damage|p1b: Farigiraf|33\/100\n|-enditem|p1b: Farigiraf|Sitrus Berry|[eat]\n|-heal|p1b: Farigiraf|57\/100|[from] item: Sitrus Berry\n|-damage|p2a: Rillaboom|67\/100|[from] Recoil\n|move|p2b: Ogerpon|Ivy Cudgel|p1a: Kyogre|[anim] Ivy Cudgel Water\n|-resisted|p1a: Kyogre\n|-damage|p1a: Kyogre|58\/100\n|move|p1a: Kyogre|Ice Beam|p2a: Rillaboom\n|-supereffective|p2a: Rillaboom\n|-damage|p2a: Rillaboom|0 fnt\n|faint|p2a: Rillaboom\n|\n|-weather|RainDance|[upkeep]\n|-heal|p1b: Farigiraf|63\/100|[from] Grassy Terrain\n|-heal|p1a: Kyogre|64\/100|[from] Grassy Terrain\n|upkeep\n|turn|5\n|-message|chin8 forfeited.\n|\n|win|pppbbbb\n|raw|pppbbbb's rating: 1655 &rarr; <strong>1684<\/strong><br \/>(+29 for winning)\n|raw|chin8's rating: 1817 &rarr; <strong>1788<\/strong><br \/>(-29 for losing)\n|l|\u2606chin8\n|player|p2|\n","uploadtime":1716474238,"views":22,"formatid":"gen9vgc2024regg","rating":1684,"private":0,"password":null}