{"id":"gen9vgc2024regg-2128888204","format":"[Gen 9] VGC 2024 Reg G","players":["xixing","chin8"],"log":"|j|\u2606xixing\n|j|\u2606chin8\n|t:|1716472276\n|gametype|doubles\n|player|p1|xixing|karen|1726\n|player|p2|chin8|gentleman-gen4dp|1850\n|teamsize|p1|6\n|teamsize|p2|6\n|gen|9\n|tier|[Gen 9] VGC 2024 Reg G\n|rated|\n|rule|Species Clause: Limit one of each Pok\u00e9mon\n|rule|Item Clause: Limit one of each item\n|clearpoke\n|poke|p1|Calyrex-Ice, L50|\n|poke|p1|Indeedee-F, L50, F|\n|poke|p1|Ting-Lu, L50|\n|poke|p1|Cresselia, L50, F|\n|poke|p1|Incineroar, L50, F|\n|poke|p1|Torkoal, L50, F|\n|poke|p2|Calyrex-Shadow, L50|\n|poke|p2|Incineroar, L50, F|\n|poke|p2|Rillaboom, L50, M|\n|poke|p2|Ogerpon-Wellspring, L50, F|\n|poke|p2|Flutter Mane, L50|\n|poke|p2|Chi-Yu, L50|\n|teampreview|4\n|inactive|Battle timer is ON: inactive players will automatically lose when time's up. (requested by xixing)\n|j| Satansinlaw\n|\n|t:|1716472293\n|start\n|switch|p1a: Cresselia|Cresselia, L50, F|100\/100\n|switch|p1b: Ting-Lu|Ting-Lu, L50|100\/100\n|switch|p2a: Chi-Yu|Chi-Yu, L50|100\/100\n|switch|p2b: Flutter Mane|Flutter Mane, L50|100\/100\n|-ability|p2a: Chi-Yu|Beads of Ruin\n|-ability|p1b: Ting-Lu|Vessel of Ruin\n|-enditem|p2b: Flutter Mane|Booster Energy\n|-activate|p2b: Flutter Mane|ability: Protosynthesis|[fromitem]\n|-start|p2b: Flutter Mane|protosynthesisspe\n|turn|1\n|\n|t:|1716472312\n|-terastallize|p1a: Cresselia|Water\n|move|p2b: Flutter Mane|Moonblast|p1a: Cresselia\n|-damage|p1a: Cresselia|68\/100\n|-unboost|p1a: Cresselia|spa|1\n|move|p2a: Chi-Yu|Dark Pulse|p1a: Cresselia\n|-damage|p1a: Cresselia|43\/100\n|move|p1b: Ting-Lu|Earthquake|p2b: Flutter Mane|[spread] p2a,p2b\n|-immune|p1a: Cresselia|[from] ability: Levitate\n|-supereffective|p2a: Chi-Yu\n|-enditem|p2a: Chi-Yu|Focus Sash\n|-damage|p2a: Chi-Yu|1\/100\n|-damage|p2b: Flutter Mane|0 fnt\n|faint|p2b: Flutter Mane\n|-end|p2b: Flutter Mane|Protosynthesis|[silent]\n|move|p1a: Cresselia|Trick Room|p1a: Cresselia\n|-fieldstart|move: Trick Room|[of] p1a: Cresselia\n|\n|upkeep\n|\n|t:|1716472316\n|switch|p2b: Ogerpon|Ogerpon-Wellspring, L50, F|100\/100\n|turn|2\n|\n|t:|1716472325\n|move|p1a: Cresselia|Helping Hand|p1b: Ting-Lu\n|-singleturn|p1b: Ting-Lu|Helping Hand|[of] p1a: Cresselia\n|move|p2a: Chi-Yu|Protect|p2a: Chi-Yu\n|-singleturn|p2a: Chi-Yu|Protect\n|move|p1b: Ting-Lu|Earthquake|p2b: Ogerpon|[spread] p2b\n|-activate|p2a: Chi-Yu|move: Protect\n|-immune|p1a: Cresselia|[from] ability: Levitate\n|-resisted|p2b: Ogerpon\n|-damage|p2b: Ogerpon|48\/100\n|move|p2b: Ogerpon|Horn Leech|p1b: Ting-Lu\n|-supereffective|p1b: Ting-Lu\n|-damage|p1b: Ting-Lu|52\/100\n|-heal|p2b: Ogerpon|83\/100|[from] drain|[of] p1b: Ting-Lu\n|\n|upkeep\n|turn|3\n|j| IshzarkVGC\n|\n|t:|1716472339\n|switch|p1a: Calyrex|Calyrex-Ice, L50|100\/100\n|-ability|p1a: Calyrex|As One\n|-ability|p1a: Calyrex|Unnerve\n|move|p1b: Ting-Lu|Earthquake|p2a: Chi-Yu|[spread] p1a,p2a,p2b\n|-supereffective|p2a: Chi-Yu\n|-resisted|p2b: Ogerpon\n|-damage|p1a: Calyrex|67\/100\n|-damage|p2a: Chi-Yu|0 fnt\n|-damage|p2b: Ogerpon|52\/100\n|faint|p2a: Chi-Yu\n|move|p2b: Ogerpon|Horn Leech|p1b: Ting-Lu\n|-supereffective|p1b: Ting-Lu\n|-damage|p1b: Ting-Lu|0 fnt\n|-heal|p2b: Ogerpon|90\/100|[from] drain|[of] p1b: Ting-Lu\n|faint|p1b: Ting-Lu\n|\n|upkeep\n|\n|t:|1716472344\n|switch|p1b: Indeedee|Indeedee-F, L50, F|100\/100\n|switch|p2a: Calyrex|Calyrex-Shadow, L50|100\/100\n|-ability|p2a: Calyrex|As One\n|-ability|p2a: Calyrex|Unnerve\n|-fieldstart|move: Psychic Terrain|[from] ability: Psychic Surge|[of] p1b: Indeedee\n|-enditem|p1b: Indeedee|Psychic Seed\n|-boost|p1b: Indeedee|spd|1|[from] item: Psychic Seed\n|turn|4\n|\n|t:|1716472354\n|-terastallize|p2b: Ogerpon|Water\n|detailschange|p2b: Ogerpon|Ogerpon-Wellspring-Tera, L50, F, tera:Water\n|-ability|p2b: Ogerpon|Embody Aspect (Wellspring)|boost\n|-boost|p2b: Ogerpon|spd|1\n|move|p1a: Calyrex|Glacial Lance|p2b: Ogerpon|[spread] p2a,p2b\n|-resisted|p2b: Ogerpon\n|-damage|p2a: Calyrex|41\/100\n|-damage|p2b: Ogerpon|55\/100\n|move|p1b: Indeedee|Dazzling Gleam|p2a: Calyrex|[spread] p2a,p2b\n|-damage|p2a: Calyrex|29\/100\n|-damage|p2b: Ogerpon|47\/100\n|move|p2b: Ogerpon|Horn Leech|p1a: Calyrex\n|-damage|p1a: Calyrex|42\/100\n|-heal|p2b: Ogerpon|62\/100|[from] drain|[of] p1a: Calyrex\n|move|p2a: Calyrex|Astral Barrage|p1a: Calyrex|[spread] p1a\n|-immune|p1b: Indeedee\n|-supereffective|p1a: Calyrex\n|-damage|p1a: Calyrex|0 fnt\n|faint|p1a: Calyrex\n|-ability|p2a: Calyrex|Grim Neigh|boost\n|-boost|p2a: Calyrex|spa|1\n|\n|upkeep\n|\n|t:|1716472357\n|switch|p1a: Cresselia|Cresselia, L50, F, tera:Water|43\/100\n|turn|5\n|\n|t:|1716472372\n|move|p1a: Cresselia|Helping Hand|p1b: Indeedee\n|-singleturn|p1b: Indeedee|Helping Hand|[of] p1a: Cresselia\n|move|p1b: Indeedee|Dazzling Gleam|p2a: Calyrex|[spread] p2a,p2b\n|-damage|p2a: Calyrex|9\/100\n|-damage|p2b: Ogerpon|49\/100\n|move|p2b: Ogerpon|Horn Leech|p1a: Cresselia\n|-supereffective|p1a: Cresselia\n|-damage|p1a: Cresselia|0 fnt\n|-heal|p2b: Ogerpon|77\/100|[from] drain|[of] p1a: Cresselia\n|faint|p1a: Cresselia\n|move|p2a: Calyrex|Astral Barrage|p1b: Indeedee\n|-immune|p1b: Indeedee\n|\n|-fieldend|move: Trick Room\n|upkeep\n|turn|6\n|\n|t:|1716472379\n|move|p2a: Calyrex|Draining Kiss|p1b: Indeedee\n|-damage|p1b: Indeedee|81\/100\n|-heal|p2a: Calyrex|23\/100|[from] drain|[of] p1b: Indeedee\n|move|p2b: Ogerpon|Ivy Cudgel|p1b: Indeedee|[anim] Ivy Cudgel Water\n|-damage|p1b: Indeedee|15\/100\n|move|p1b: Indeedee|Dazzling Gleam|p2b: Ogerpon|[spread] p2a,p2b\n|-crit|p2a: Calyrex\n|-damage|p2a: Calyrex|5\/100\n|-damage|p2b: Ogerpon|68\/100\n|\n|upkeep\n|turn|7\n|j| rabbithorn01\n|-message|xixing forfeited.\n|\n|win|chin8\n|raw|xixing's rating: 1726 &rarr; <strong>1713<\/strong><br \/>(-13 for losing)\n|raw|chin8's rating: 1850 &rarr; <strong>1863<\/strong><br \/>(+13 for winning)\n|l|\u2606chin8\n|player|p2|\n|l|\u2606xixing\n|player|p1|\n","uploadtime":1716472474,"views":63,"formatid":"gen9vgc2024regg","rating":1713,"private":0,"password":null}