{"id":"gen9vgc2024regg-2128391999","format":"[Gen 9] VGC 2024 Reg G","players":["philosovgc-x","moon7777"],"log":"|j|\u2606philosovgc-x\n|j|\u2606moon7777\n|t:|1716405317\n|gametype|doubles\n|player|p1|philosovgc-x|medium|1693\n|player|p2|moon7777|169|1767\n|teamsize|p1|6\n|teamsize|p2|6\n|gen|9\n|tier|[Gen 9] VGC 2024 Reg G\n|rated|\n|rule|Species Clause: Limit one of each Pok\u00e9mon\n|rule|Item Clause: Limit one of each item\n|clearpoke\n|poke|p1|Lycanroc, L50, M|\n|poke|p1|Tyranitar, L50, M|\n|poke|p1|Calyrex-Shadow, L50|\n|poke|p1|Farigiraf, L50, F|\n|poke|p1|Urshifu-*, L50, F|\n|poke|p1|Whimsicott, L50, M|\n|poke|p2|Amoonguss, L50, F|\n|poke|p2|Gholdengo, L50|\n|poke|p2|Rillaboom, L50, M|\n|poke|p2|Incineroar, L50, M|\n|poke|p2|Urshifu-*, L50, M|\n|poke|p2|Lunala, L50|\n|teampreview|4\n|j| hoozayisdead\nphilosovgc-x has agreed to open team sheets.\nmoon7777 has agreed to open team sheets.\n|\n|t:|1716405362\n|start\n|switch|p1a: Urshifu|Urshifu-Rapid-Strike, L50, F|100\/100\n|switch|p1b: Calyrex|Calyrex-Shadow, L50|100\/100\n|switch|p2a: Urshifu|Urshifu-Rapid-Strike, L50, M|100\/100\n|switch|p2b: Lunala|Lunala, L50|100\/100\n|-ability|p1b: Calyrex|As One\n|-ability|p1b: Calyrex|Unnerve\n|turn|1\n|\n|t:|1716405397\n|switch|p2b: Amoonguss|Amoonguss, L50, F|100\/100\n|-terastallize|p1b: Calyrex|Water\n|move|p2a: Urshifu|U-turn|p1b: Calyrex\n|-damage|p1b: Calyrex|68\/100\n|\n|t:|1716405403\n|switch|p2a: Rillaboom|Rillaboom, L50, M|100\/100|[from] U-turn\n|-fieldstart|move: Grassy Terrain|[from] ability: Grassy Surge|[of] p2a: Rillaboom\n|move|p1b: Calyrex|Expanding Force|p2a: Rillaboom\n|-damage|p2a: Rillaboom|47\/100\n|move|p1a: Urshifu|Surging Strikes|p2b: Amoonguss\n|-resisted|p2b: Amoonguss\n|-crit|p2b: Amoonguss\n|-damage|p2b: Amoonguss|88\/100\n|-damage|p1a: Urshifu|84\/100|[from] item: Rocky Helmet|[of] p2b: Amoonguss\n|-resisted|p2b: Amoonguss\n|-crit|p2b: Amoonguss\n|-damage|p2b: Amoonguss|75\/100\n|-damage|p1a: Urshifu|68\/100|[from] item: Rocky Helmet|[of] p2b: Amoonguss\n|-resisted|p2b: Amoonguss\n|-crit|p2b: Amoonguss\n|-damage|p2b: Amoonguss|62\/100\n|-damage|p1a: Urshifu|51\/100|[from] item: Rocky Helmet|[of] p2b: Amoonguss\n|-hitcount|p2b: Amoonguss|3\n|\n|-heal|p1b: Calyrex|74\/100|[from] Grassy Terrain\n|-heal|p1a: Urshifu|57\/100|[from] Grassy Terrain\n|-heal|p2a: Rillaboom|52\/100|[from] Grassy Terrain\n|-heal|p2b: Amoonguss|67\/100|[from] Grassy Terrain\n|upkeep\n|turn|2\n|j| shanehuang99\n|\n|t:|1716405433\n|switch|p1a: Farigiraf|Farigiraf, L50, F, shiny|100\/100\n|move|p2a: Rillaboom|Grassy Glide||[still]\n|cant|p1a: Farigiraf|ability: Armor Tail|Grassy Glide|[of] p2a: Rillaboom\n|move|p1b: Calyrex|Expanding Force|p2a: Rillaboom\n|-damage|p2a: Rillaboom|3\/100\n|move|p2b: Amoonguss|Pollen Puff|p2a: Rillaboom\n|-heal|p2a: Rillaboom|53\/100\n|\n|-heal|p1b: Calyrex|80\/100|[from] Grassy Terrain\n|-heal|p2a: Rillaboom|59\/100|[from] Grassy Terrain\n|-heal|p2b: Amoonguss|73\/100|[from] Grassy Terrain\n|upkeep\n|turn|3\n|j| Hydra53\n|\n|t:|1716405469\n|move|p1b: Calyrex|Expanding Force|p2a: Rillaboom\n|-damage|p2a: Rillaboom|14\/100\n|move|p2a: Rillaboom|Wood Hammer|p1b: Calyrex\n|-supereffective|p1b: Calyrex\n|-damage|p1b: Calyrex|0 fnt\n|faint|p1b: Calyrex\n|-damage|p2a: Rillaboom|0 fnt|[from] Recoil\n|faint|p2a: Rillaboom\n|move|p1a: Farigiraf|Psychic|p2b: Amoonguss\n|-supereffective|p2b: Amoonguss\n|-damage|p2b: Amoonguss|13\/100\n|-unboost|p2b: Amoonguss|spd|1\n|move|p2b: Amoonguss|Pollen Puff|p2: Rillaboom|[notarget]\n|-fail|p2b: Amoonguss\n|\n|-heal|p2b: Amoonguss|19\/100|[from] Grassy Terrain\n|upkeep\n|\n|t:|1716405493\n|switch|p1b: Tyranitar|Tyranitar, L50, M|100\/100\n|switch|p2a: Lunala|Lunala, L50|100\/100\n|-weather|Sandstorm|[from] ability: Sand Stream|[of] p1b: Tyranitar\n|turn|4\n|l| shanehuang99\n|\n|t:|1716405534\n|-terastallize|p2a: Lunala|Fairy\n|move|p2b: Amoonguss|Protect|p2b: Amoonguss\n|-singleturn|p2b: Amoonguss|Protect\n|move|p2a: Lunala|Meteor Beam||[still]\n|-prepare|p2a: Lunala|Meteor Beam\n|-boost|p2a: Lunala|spa|1\n|-enditem|p2a: Lunala|Power Herb\n|-anim|p2a: Lunala|Meteor Beam|p1a: Farigiraf\n|-damage|p1a: Farigiraf|30\/100\n|move|p1b: Tyranitar|Knock Off|p2a: Lunala\n|-resisted|p2a: Lunala\n|-damage|p2a: Lunala|94\/100\n|move|p1a: Farigiraf|Psychic|p2b: Amoonguss\n|-activate|p2b: Amoonguss|move: Protect\n|\n|-weather|Sandstorm|[upkeep]\n|-damage|p2a: Lunala|88\/100|[from] Sandstorm\n|-damage|p2b: Amoonguss|13\/100|[from] Sandstorm\n|-heal|p2a: Lunala|94\/100|[from] Grassy Terrain\n|-heal|p1a: Farigiraf|36\/100|[from] Grassy Terrain\n|-heal|p2b: Amoonguss|19\/100|[from] Grassy Terrain\n|upkeep\n|turn|5\n|\n|t:|1716405570\n|switch|p2b: Urshifu|Urshifu-Rapid-Strike, L50, M|100\/100\n|move|p2a: Lunala|Meteor Beam||[still]\n|-prepare|p2a: Lunala|Meteor Beam\n|-boost|p2a: Lunala|spa|1\n|move|p1b: Tyranitar|Rock Slide|p2a: Lunala|[spread] p2a,p2b\n|-resisted|p2b: Urshifu\n|-damage|p2a: Lunala|68\/100\n|-damage|p2b: Urshifu|86\/100\n|move|p1a: Farigiraf|Psychic|p2b: Urshifu\n|-supereffective|p2b: Urshifu\n|-damage|p2b: Urshifu|0 fnt\n|faint|p2b: Urshifu\n|\n|-weather|Sandstorm|[upkeep]\n|-damage|p2a: Lunala|62\/100|[from] Sandstorm\n|-heal|p2a: Lunala|68\/100|[from] Grassy Terrain\n|-heal|p1a: Farigiraf|42\/100|[from] Grassy Terrain\n|-fieldend|move: Grassy Terrain\n|upkeep\n|\n|t:|1716405585\n|switch|p2b: Amoonguss|Amoonguss, L50, F|52\/100\n|turn|6\n|\n|t:|1716405592\n|move|p2b: Amoonguss|Protect|p2b: Amoonguss\n|-singleturn|p2b: Amoonguss|Protect\n|move|p2a: Lunala|Meteor Beam|p1a: Farigiraf|[from]lockedmove\n|-damage|p1a: Farigiraf|0 fnt\n|faint|p1a: Farigiraf\n|move|p1b: Tyranitar|Rock Slide|p2a: Lunala|[spread] p2a\n|-activate|p2b: Amoonguss|move: Protect\n|-damage|p2a: Lunala|42\/100\n|\n|-weather|Sandstorm|[upkeep]\n|-damage|p2a: Lunala|36\/100|[from] Sandstorm\n|-damage|p2b: Amoonguss|46\/100|[from] Sandstorm\n|upkeep\n|\n|t:|1716405594\n|switch|p1a: Urshifu|Urshifu-Rapid-Strike, L50, F|57\/100\n|turn|7\n|\n|t:|1716405611\n|move|p2b: Amoonguss|Rage Powder|p2b: Amoonguss\n|-singleturn|p2b: Amoonguss|move: Rage Powder\n|move|p1a: Urshifu|Surging Strikes|p2b: Amoonguss\n|-resisted|p2b: Amoonguss\n|-crit|p2b: Amoonguss\n|-damage|p2b: Amoonguss|34\/100\n|-damage|p1a: Urshifu|41\/100|[from] item: Rocky Helmet|[of] p2b: Amoonguss\n|-resisted|p2b: Amoonguss\n|-crit|p2b: Amoonguss\n|-damage|p2b: Amoonguss|21\/100\n|-damage|p1a: Urshifu|24\/100|[from] item: Rocky Helmet|[of] p2b: Amoonguss\n|-resisted|p2b: Amoonguss\n|-crit|p2b: Amoonguss\n|-damage|p2b: Amoonguss|9\/100\n|-damage|p1a: Urshifu|8\/100|[from] item: Rocky Helmet|[of] p2b: Amoonguss\n|-hitcount|p2b: Amoonguss|3\n|move|p2a: Lunala|Moongeist Beam|p1a: Urshifu\n|-damage|p1a: Urshifu|0 fnt\n|faint|p1a: Urshifu\n|move|p1b: Tyranitar|Rock Slide|p2b: Amoonguss|[spread] p2a,p2b\n|-damage|p2a: Lunala|13\/100\n|-damage|p2b: Amoonguss|0 fnt\n|faint|p2b: Amoonguss\n|\n|-weather|Sandstorm|[upkeep]\n|-damage|p2a: Lunala|7\/100|[from] Sandstorm\n|upkeep\n|turn|8\n|\n|t:|1716405620\n|move|p2a: Lunala|Moongeist Beam|p1b: Tyranitar\n|-resisted|p1b: Tyranitar\n|-damage|p1b: Tyranitar|67\/100\n|move|p1b: Tyranitar|Rock Slide|p2a: Lunala\n|-damage|p2a: Lunala|0 fnt\n|faint|p2a: Lunala\n|\n|win|philosovgc-x\n|raw|philosovgc-x's rating: 1667 &rarr; <strong>1693<\/strong><br \/>(+26 for winning)\n|raw|moon7777's rating: 1767 &rarr; <strong>1741<\/strong><br \/>(-26 for losing)\n|l|\u2606moon7777\n|player|p2|\n|l| Hydra53\n|l|\u2606philosovgc-x\n|player|p1|\n|l| hoozayisdead\n","uploadtime":1716405838,"views":60,"formatid":"gen9vgc2024regg","rating":1693,"private":0,"password":null}