{"id":"gen9vgc2024regg-2128895714","format":"[Gen 9] VGC 2024 Reg G","players":["pppbbbb","chin8"],"log":"|j|\u2606pppbbbb\n|j|\u2606chin8\n|t:|1716473015\n|gametype|doubles\n|player|p1|pppbbbb|170|1692\n|player|p2|chin8|gentleman-gen4dp|1825\n|teamsize|p1|6\n|teamsize|p2|6\n|gen|9\n|tier|[Gen 9] VGC 2024 Reg G\n|rated|\n|rule|Species Clause: Limit one of each Pok\u00e9mon\n|rule|Item Clause: Limit one of each item\n|clearpoke\n|poke|p1|Tornadus, L50, M|\n|poke|p1|Farigiraf, L50, F|\n|poke|p1|Regieleki, L50|\n|poke|p1|Ursaluna-Bloodmoon, L50, M|\n|poke|p1|Urshifu-*, L50, F|\n|poke|p1|Kyogre, L50|\n|poke|p2|Calyrex-Shadow, L50|\n|poke|p2|Incineroar, L50, M|\n|poke|p2|Rillaboom, L50, F|\n|poke|p2|Ogerpon-Wellspring, L50, F|\n|poke|p2|Flutter Mane, L50|\n|poke|p2|Chi-Yu, L50|\n|teampreview|4\n|inactive|Battle timer is ON: inactive players will automatically lose when time's up. (requested by pppbbbb)\npppbbbb has agreed to open team sheets.\n|j| MasterAlpacaVGC\n|inactive|pppbbbb has 60 seconds left.\n|inactive|pppbbbb has 30 seconds left.\n|j| rabbithorn01\n|\n|t:|1716473078\n|start\n|switch|p1a: Tornadus|Tornadus, L50, M|100\/100\n|switch|p1b: Regieleki|Regieleki, L50|100\/100\n|switch|p2a: Calyrex|Calyrex-Shadow, L50|100\/100\n|switch|p2b: Flutter Mane|Flutter Mane, L50|100\/100\n|-ability|p2a: Calyrex|As One\n|-ability|p2a: Calyrex|Unnerve\n|-enditem|p2b: Flutter Mane|Booster Energy\n|-activate|p2b: Flutter Mane|ability: Protosynthesis|[fromitem]\n|-start|p2b: Flutter Mane|protosynthesisspe\n|turn|1\n|\n|t:|1716473096\n|move|p1a: Tornadus|Tailwind|p1a: Tornadus\n|-sidestart|p1: pppbbbb|move: Tailwind\n|move|p1b: Regieleki|Electroweb|p2a: Calyrex|[spread] p2a,p2b\n|-crit|p2a: Calyrex\n|-damage|p2a: Calyrex|56\/100\n|-damage|p2b: Flutter Mane|67\/100\n|-unboost|p2b: Flutter Mane|spe|1\n|-damage|p1b: Regieleki|91\/100|[from] item: Life Orb\n|move|p2a: Calyrex|Calm Mind|p2a: Calyrex\n|-boost|p2a: Calyrex|spa|1\n|-boost|p2a: Calyrex|spd|1\n|move|p2b: Flutter Mane|Dazzling Gleam|p1b: Regieleki|[spread] p1a,p1b\n|-damage|p1a: Tornadus|53\/100\n|-damage|p1b: Regieleki|22\/100\n|\n|upkeep\n|turn|2\n|\n|t:|1716473115\n|-end|p2b: Flutter Mane|Protosynthesis|[silent]\n|switch|p2b: Rillaboom|Rillaboom, L50, F|100\/100\n|-fieldstart|move: Grassy Terrain|[from] ability: Grassy Surge|[of] p2b: Rillaboom\n|move|p2a: Calyrex|Protect|p2a: Calyrex\n|-singleturn|p2a: Calyrex|Protect\n|move|p1b: Regieleki|Electroweb|p2b: Rillaboom|[spread] p2b\n|-activate|p2a: Calyrex|move: Protect\n|-resisted|p2b: Rillaboom\n|-damage|p2b: Rillaboom|91\/100\n|-unboost|p2b: Rillaboom|spe|1\n|-damage|p1b: Regieleki|12\/100|[from] item: Life Orb\n|move|p1a: Tornadus|Bleakwind Storm|p2b: Rillaboom|[spread] p2b\n|-activate|p2a: Calyrex|move: Protect\n|-supereffective|p2b: Rillaboom\n|-damage|p2b: Rillaboom|41\/100\n|\n|-heal|p1b: Regieleki|18\/100|[from] Grassy Terrain\n|-heal|p2a: Calyrex|62\/100|[from] Grassy Terrain\n|-heal|p2b: Rillaboom|47\/100|[from] Grassy Terrain\n|upkeep\n|turn|3\n|j| FBISurveillanceMan\n|inactive|pppbbbb has 30 seconds left.\n|inactive|pppbbbb has 20 seconds left.\n|inactive|pppbbbb has 15 seconds left.\n|inactive|pppbbbb has 10 seconds left.\n|inactive|pppbbbb has 5 seconds left.\n|\n|t:|1716473166\n|switch|p1a: Kyogre|Kyogre, L50|100\/100\n|-weather|RainDance|[from] ability: Drizzle|[of] p1a: Kyogre\n|move|p2b: Rillaboom|Fake Out|p1b: Regieleki\n|-damage|p1b: Regieleki|0 fnt\n|faint|p1b: Regieleki\n|move|p2a: Calyrex|Draining Kiss|p1a: Kyogre\n|-damage|p1a: Kyogre|78\/100\n|-heal|p2a: Calyrex|78\/100|[from] drain|[of] p1a: Kyogre\n|\n|-weather|RainDance|[upkeep]\n|-heal|p1a: Kyogre|84\/100|[from] Grassy Terrain\n|-heal|p2a: Calyrex|84\/100|[from] Grassy Terrain\n|-heal|p2b: Rillaboom|53\/100|[from] Grassy Terrain\n|upkeep\n|j| trashman99\n|\n|t:|1716473181\n|switch|p1b: Urshifu|Urshifu, L50, F|100\/100\n|turn|4\n|\n|t:|1716473196\n|-terastallize|p2a: Calyrex|Fairy\n|move|p2a: Calyrex|Protect|p2a: Calyrex\n|-singleturn|p2a: Calyrex|Protect\n|move|p1b: Urshifu|Sucker Punch|p2b: Rillaboom\n|-damage|p2b: Rillaboom|6\/100\n|move|p2b: Rillaboom|Grassy Glide|p1a: Kyogre\n|-supereffective|p1a: Kyogre\n|-damage|p1a: Kyogre|16\/100\n|move|p1a: Kyogre|Water Spout|p2b: Rillaboom|[spread] p2b\n|-activate|p2a: Calyrex|move: Protect\n|-resisted|p2b: Rillaboom\n|-damage|p2b: Rillaboom|0 fnt\n|faint|p2b: Rillaboom\n|\n|-weather|RainDance|[upkeep]\n|-heal|p1a: Kyogre|22\/100|[from] Grassy Terrain\n|-heal|p2a: Calyrex|90\/100|[from] Grassy Terrain\n|-sideend|p1: pppbbbb|move: Tailwind\n|upkeep\n|\n|t:|1716473206\n|switch|p2b: Flutter Mane|Flutter Mane, L50|67\/100\n|turn|5\n|inactive|pppbbbb has 30 seconds left.\n|\n|t:|1716473240\n|switch|p1a: Tornadus|Tornadus, L50, M|53\/100\n|-terastallize|p1b: Urshifu|Poison\n|move|p1b: Urshifu|Sucker Punch|p2b: Flutter Mane\n|-damage|p2b: Flutter Mane|0 fnt\n|faint|p2b: Flutter Mane\n|-end|p2b: Flutter Mane|Protosynthesis|[silent]\n|move|p2a: Calyrex|Astral Barrage|p1b: Urshifu|[spread] p1a,p1b\n|-damage|p1a: Tornadus|0 fnt\n|-damage|p1b: Urshifu|0 fnt\n|faint|p1a: Tornadus\n|faint|p1b: Urshifu\n|-ability|p2a: Calyrex|Grim Neigh|boost\n|-boost|p2a: Calyrex|spa|2\n|\n|-weather|RainDance|[upkeep]\n|-heal|p2a: Calyrex|96\/100|[from] Grassy Terrain\n|upkeep\n|j| Mr.Ready\n|\n|t:|1716473251\n|switch|p2b: Ogerpon|Ogerpon-Wellspring, L50, F|100\/100\n|switch|p1b: Kyogre|Kyogre, L50|22\/100\n|turn|6\n|\n|t:|1716473259\n|move|p2a: Calyrex|Astral Barrage|p1b: Kyogre\n|-damage|p1b: Kyogre|0 fnt\n|faint|p1b: Kyogre\n|\n|win|chin8\n|raw|pppbbbb's rating: 1692 &rarr; <strong>1679<\/strong><br \/>(-13 for losing)\n|raw|chin8's rating: 1825 &rarr; <strong>1838<\/strong><br \/>(+13 for winning)\n|c|\u2606pppbbbb|gg\n|l|\u2606chin8\n|player|p2|\n","uploadtime":1716473272,"views":20,"formatid":"gen9vgc2024regg","rating":1679,"private":0,"password":null}