{"id":"gen9vgc2024regg-2128792027","format":"[Gen 9] VGC 2024 Reg G","players":["chin8","seanyboy335"],"log":"|j|\u2606chin8\n|j|\u2606seanyboy335\n|t:|1716460138\n|gametype|doubles\n|player|p1|chin8|gentleman-gen4dp|1649\n|player|p2|seanyboy335|benga|1729\n|teamsize|p1|6\n|teamsize|p2|6\n|gen|9\n|tier|[Gen 9] VGC 2024 Reg G\n|rated|\n|rule|Species Clause: Limit one of each Pok\u00e9mon\n|rule|Item Clause: Limit one of each item\n|clearpoke\n|poke|p1|Calyrex-Shadow, L50|\n|poke|p1|Incineroar, L50, M|\n|poke|p1|Rillaboom, L50, M|\n|poke|p1|Ogerpon-Wellspring, L50, F|\n|poke|p1|Flutter Mane, L50|\n|poke|p1|Chi-Yu, L50|\n|poke|p2|Calyrex-Shadow, L50|\n|poke|p2|Clefairy, L50, F|\n|poke|p2|Smeargle, L50, M|\n|poke|p2|Urshifu-*, L50, M|\n|poke|p2|Chi-Yu, L50|\n|poke|p2|Rillaboom, L50, F|\n|teampreview|4\n|inactive|Battle timer is ON: inactive players will automatically lose when time's up. (requested by seanyboy335)\n|inactive|chin8 has 60 seconds left.\n|\n|t:|1716460173\n|start\n|switch|p1a: Flutter Mane|Flutter Mane, L50|100\/100\n|switch|p1b: Chi-Yu|Chi-Yu, L50|100\/100\n|switch|p2a: Clefairy|Clefairy, L50, F|100\/100\n|switch|p2b: Calyrex|Calyrex-Shadow, L50|100\/100\n|-ability|p2b: Calyrex|As One\n|-ability|p2b: Calyrex|Unnerve\n|-ability|p1b: Chi-Yu|Beads of Ruin\n|-enditem|p1a: Flutter Mane|Booster Energy\n|-activate|p1a: Flutter Mane|ability: Protosynthesis|[fromitem]\n|-start|p1a: Flutter Mane|protosynthesisspe\n|turn|1\n|\n|t:|1716460184\n|-terastallize|p2b: Calyrex|Fairy\n|move|p2a: Clefairy|Follow Me|p2a: Clefairy\n|-singleturn|p2a: Clefairy|move: Follow Me\n|move|p1a: Flutter Mane|Icy Wind|p2b: Calyrex|[spread] p2a,p2b\n|-damage|p2a: Clefairy|85\/100\n|-damage|p2b: Calyrex|87\/100\n|-unboost|p2a: Clefairy|spe|1\n|move|p2b: Calyrex|Nasty Plot|p2b: Calyrex\n|-boost|p2b: Calyrex|spa|2\n|move|p1b: Chi-Yu|Heat Wave|p2b: Calyrex|[spread] p2a\n|-miss|p1b: Chi-Yu|p2b: Calyrex\n|-damage|p2a: Clefairy|43\/100\n|-status|p2a: Clefairy|brn\n|\n|-damage|p2a: Clefairy|37\/100 brn|[from] brn\n|upkeep\n|turn|2\n|j| IshzarkVGC\n|inactive|chin8 has 30 seconds left.\n|\n|t:|1716460215\n|move|p2a: Clefairy|Follow Me|p2a: Clefairy\n|-singleturn|p2a: Clefairy|move: Follow Me\n|move|p1a: Flutter Mane|Moonblast|p2a: Clefairy\n|-damage|p2a: Clefairy|0 fnt\n|faint|p2a: Clefairy\n|move|p2b: Calyrex|Astral Barrage|p1b: Chi-Yu|[spread] p1a,p1b\n|-supereffective|p1a: Flutter Mane\n|-resisted|p1b: Chi-Yu\n|-damage|p1a: Flutter Mane|0 fnt\n|-damage|p1b: Chi-Yu|49\/100\n|faint|p1a: Flutter Mane\n|-end|p1a: Flutter Mane|Protosynthesis|[silent]\n|-ability|p2b: Calyrex|Grim Neigh|boost\n|-boost|p2b: Calyrex|spa|1\n|move|p1b: Chi-Yu|Overheat|p2b: Calyrex\n|-damage|p2b: Calyrex|2\/100\n|-unboost|p1b: Chi-Yu|spa|2\n|\n|upkeep\n|\n|t:|1716460226\n|switch|p1a: Incineroar|Incineroar, L50, M|100\/100\n|switch|p2a: Smeargle|Smeargle, L50, M|100\/100\n|-ability|p1a: Incineroar|Intimidate|boost\n|-unboost|p2a: Smeargle|atk|1\n|-unboost|p2b: Calyrex|atk|1\n|turn|3\n|\n|t:|1716460248\n|move|p2a: Smeargle|Fake Out|p1a: Incineroar\n|-damage|p1a: Incineroar|97\/100\n|cant|p1a: Incineroar|flinch\n|move|p2b: Calyrex|Draining Kiss|p1b: Chi-Yu\n|-damage|p1b: Chi-Yu|0 fnt\n|-heal|p2b: Calyrex|26\/100|[from] drain|[of] p1b: Chi-Yu\n|faint|p1b: Chi-Yu\n|-ability|p2b: Calyrex|Grim Neigh|boost\n|-boost|p2b: Calyrex|spa|1\n|\n|-ability|p2a: Smeargle|Moody|boost\n|-boost|p2a: Smeargle|def|2\n|-unboost|p2a: Smeargle|spe|1\n|upkeep\n|\n|t:|1716460250\n|switch|p1b: Calyrex|Calyrex-Shadow, L50|100\/100\n|-ability|p1b: Calyrex|As One\n|-ability|p1b: Calyrex|Unnerve\n|turn|4\n|j| Mr.Ready\n|\n|t:|1716460270\n|move|p1b: Calyrex|Protect|p1b: Calyrex\n|-singleturn|p1b: Calyrex|Protect\n|move|p2a: Smeargle|Wide Guard|p2a: Smeargle\n|-singleturn|p2a: Smeargle|Wide Guard\n|move|p2b: Calyrex|Astral Barrage|p1b: Calyrex|[spread] p1a\n|-activate|p1b: Calyrex|move: Protect\n|-resisted|p1a: Incineroar\n|-damage|p1a: Incineroar|40\/100\n|move|p1a: Incineroar|Flare Blitz|p2b: Calyrex\n|-damage|p2b: Calyrex|0 fnt\n|-enditem|p1a: Incineroar|Sitrus Berry|[eat]\n|-heal|p1a: Incineroar|64\/100|[from] item: Sitrus Berry\n|faint|p2b: Calyrex\n|-damage|p1a: Incineroar|56\/100|[from] Recoil\n|\n|-ability|p2a: Smeargle|Moody|boost\n|-boost|p2a: Smeargle|def|2\n|-unboost|p2a: Smeargle|spa|1\n|upkeep\n|\n|t:|1716460277\n|switch|p2b: Chi-Yu|Chi-Yu, L50|100\/100\n|-ability|p2b: Chi-Yu|Beads of Ruin\n|turn|5\n|\n|t:|1716460291\n|-terastallize|p1b: Calyrex|Fairy\n|move|p2a: Smeargle|Wide Guard|p2a: Smeargle\n|-singleturn|p2a: Smeargle|Wide Guard\n|move|p1b: Calyrex|Draining Kiss|p2a: Smeargle\n|-damage|p2a: Smeargle|2\/100\n|move|p2b: Chi-Yu|Overheat|p1b: Calyrex\n|-damage|p1b: Calyrex|25\/100\n|-unboost|p2b: Chi-Yu|spa|2\n|move|p1a: Incineroar|Knock Off|p2a: Smeargle\n|-damage|p2a: Smeargle|0 fnt\n|-enditem|p2a: Smeargle|Focus Sash|[from] move: Knock Off|[of] p1a: Incineroar\n|faint|p2a: Smeargle\n|\n|upkeep\n|turn|6\n|\n|t:|1716460315\n|move|p1b: Calyrex|Protect|p1b: Calyrex\n|-singleturn|p1b: Calyrex|Protect\n|move|p2b: Chi-Yu|Overheat|p1b: Calyrex\n|-activate|p1b: Calyrex|move: Protect\n|move|p1a: Incineroar|Flare Blitz|p2b: Chi-Yu\n|-resisted|p2b: Chi-Yu\n|-damage|p2b: Chi-Yu|67\/100\n|-damage|p1a: Incineroar|47\/100|[from] Recoil\n|\n|upkeep\n|turn|7\n|\n|t:|1716460330\n|move|p1b: Calyrex|Draining Kiss|p2b: Chi-Yu\n|-damage|p2b: Chi-Yu|32\/100\n|-heal|p1b: Calyrex|48\/100|[from] drain|[of] p2b: Chi-Yu\n|move|p2b: Chi-Yu|Overheat|p1b: Calyrex\n|-damage|p1b: Calyrex|10\/100\n|-unboost|p2b: Chi-Yu|spa|2\n|move|p1a: Incineroar|Flare Blitz|p2b: Chi-Yu\n|-resisted|p2b: Chi-Yu\n|-damage|p2b: Chi-Yu|0 fnt\n|faint|p2b: Chi-Yu\n|-damage|p1a: Incineroar|39\/100|[from] Recoil\n|\n|win|chin8\n|raw|chin8's rating: 1649 &rarr; <strong>1674<\/strong><br \/>(+25 for winning)\n|raw|seanyboy335's rating: 1729 &rarr; <strong>1704<\/strong><br \/>(-25 for losing)\n|l|\u2606chin8\n|player|p1|\n|l|\u2606seanyboy335\n|player|p2|\n|l| Mr.Ready\n|l| IshzarkVGC\n","uploadtime":1716460527,"views":21,"formatid":"gen9vgc2024regg","rating":1674,"private":0,"password":null}