{"id":"gen9vgc2024regg-2128345246","format":"[Gen 9] VGC 2024 Reg G","players":["La voz favorita","Krisuerte"],"log":"|j|\u2606La voz favorita\n|j|\u2606Krisuerte\n|t:|1716401023\n|gametype|doubles\n|player|p1|La voz favorita|101|1820\n|player|p2|Krisuerte|265|1739\n|teamsize|p1|6\n|teamsize|p2|6\n|gen|9\n|tier|[Gen 9] VGC 2024 Reg G\n|rated|\n|rule|Species Clause: Limit one of each Pok\u00e9mon\n|rule|Item Clause: Limit one of each item\n|clearpoke\n|poke|p1|Zamazenta-*, L50|\n|poke|p1|Chien-Pao, L50|\n|poke|p1|Urshifu-*, L50, F|\n|poke|p1|Chi-Yu, L50|\n|poke|p1|Rillaboom, L50, F|\n|poke|p1|Raging Bolt, L50|\n|poke|p2|Groudon, L50|\n|poke|p2|Grimmsnarl, L50, M|\n|poke|p2|Flutter Mane, L50|\n|poke|p2|Raging Bolt, L50|\n|poke|p2|Ogerpon-Hearthflame, L50, F|\n|poke|p2|Walking Wake, L50|\n|teampreview|4\n|j| fyfyy\nLa voz favorita has agreed to open team sheets.\n|j| Tempest brute\n|c| Tempest brute|go VOZ!\n|\n|t:|1716401121\n|start\n|switch|p1a: Chien-Pao|Chien-Pao, L50|100\/100\n|switch|p1b: Urshifu|Urshifu-Rapid-Strike, L50, F|100\/100\n|switch|p2a: Groudon|Groudon, L50|100\/100\n|switch|p2b: Walking Wake|Walking Wake, L50|100\/100\n|-ability|p1a: Chien-Pao|Sword of Ruin\n|-weather|SunnyDay|[from] ability: Drought|[of] p2a: Groudon\n|-activate|p2b: Walking Wake|ability: Protosynthesis\n|-start|p2b: Walking Wake|protosynthesisspa\n|turn|1\n|j| ekalsow\n|\n|t:|1716401164\n|-terastallize|p1a: Chien-Pao|Dark\n|-terastallize|p2a: Groudon|Fire\n|move|p1b: Urshifu|Close Combat|p2a: Groudon\n|-damage|p2a: Groudon|46\/100\n|-unboost|p1b: Urshifu|def|1\n|-unboost|p1b: Urshifu|spd|1\n|move|p1a: Chien-Pao|Throat Chop|p2a: Groudon\n|-damage|p2a: Groudon|1\/100\n|-start|p2a: Groudon|Throat Chop|[silent]\n|move|p2b: Walking Wake|Snarl|p1a: Chien-Pao|[spread] p1a,p1b\n|-resisted|p1a: Chien-Pao\n|-resisted|p1b: Urshifu\n|-damage|p1a: Chien-Pao|88\/100\n|-damage|p1b: Urshifu|82\/100\n|-unboost|p1a: Chien-Pao|spa|1\n|-unboost|p1b: Urshifu|spa|1\n|move|p2a: Groudon|Heat Crash|p1a: Chien-Pao\n|-damage|p1a: Chien-Pao|0 fnt\n|faint|p1a: Chien-Pao\n|\n|-weather|SunnyDay|[upkeep]\n|upkeep\n|\n|t:|1716401229\n|switch|p1a: Zamazenta|Zamazenta-Crowned, L50, shiny|100\/100\n|-ability|p1a: Zamazenta|Dauntless Shield|boost\n|-boost|p1a: Zamazenta|def|1\n|turn|2\n|inactive|Battle timer is ON: inactive players will automatically lose when time's up. (requested by Krisuerte)\n|\n|t:|1716401257\n|switch|p2a: Flutter Mane|Flutter Mane, L50|100\/100\n|-activate|p2a: Flutter Mane|ability: Protosynthesis\n|-start|p2a: Flutter Mane|protosynthesisspe\n|move|p1a: Zamazenta|Protect|p1a: Zamazenta\n|-singleturn|p1a: Zamazenta|Protect\n|move|p1b: Urshifu|Close Combat|p2b: Walking Wake\n|-damage|p2b: Walking Wake|44\/100\n|-unboost|p1b: Urshifu|def|1\n|-unboost|p1b: Urshifu|spd|1\n|move|p2b: Walking Wake|Flamethrower|p1a: Zamazenta\n|-activate|p1a: Zamazenta|move: Protect\n|\n|-weather|SunnyDay|[upkeep]\n|upkeep\n|turn|3\n|inactive|La voz favorita has 30 seconds left.\n|inactive|La voz favorita has 20 seconds left.\n|\n|t:|1716401293\n|switch|p1b: Rillaboom|Rillaboom, L50, F, shiny|100\/100\n|-fieldstart|move: Grassy Terrain|[from] ability: Grassy Surge|[of] p1b: Rillaboom\n|move|p2a: Flutter Mane|Dazzling Gleam|p1b: Rillaboom|[spread] p1a,p1b\n|-damage|p1a: Zamazenta|70\/100\n|-damage|p1b: Rillaboom|67\/100\n|move|p1a: Zamazenta|Body Press|p2b: Walking Wake\n|-damage|p2b: Walking Wake|0 fnt\n|faint|p2b: Walking Wake\n|-end|p2b: Walking Wake|Protosynthesis|[silent]\n|\n|-weather|SunnyDay|[upkeep]\n|-heal|p1a: Zamazenta|76\/100|[from] Grassy Terrain\n|-heal|p1b: Rillaboom|73\/100|[from] Grassy Terrain\n|upkeep\n|inactive|Krisuerte has 30 seconds left.\n|c|\u2606La voz favorita|Slow wake?\n|inactive|Krisuerte has 20 seconds left.\n|inactive|Krisuerte has 15 seconds left.\n|inactive|Krisuerte has 10 seconds left.\n|inactive|Krisuerte has 5 seconds left.\n|l| Tempest brute\n|\n|t:|1716401348\n|switch|p2b: Groudon|Groudon, L50, tera:Fire|1\/100\n|turn|4\n|inactive|La voz favorita has 30 seconds left.\n|\n|t:|1716401381\n|move|p1b: Rillaboom|Grassy Glide|p2b: Groudon\n|-resisted|p2b: Groudon\n|-damage|p2b: Groudon|0 fnt\n|faint|p2b: Groudon\n|move|p2a: Flutter Mane|Dazzling Gleam|p1b: Rillaboom|[spread] p1a,p1b\n|-damage|p1a: Zamazenta|44\/100\n|-damage|p1b: Rillaboom|43\/100\n|move|p1a: Zamazenta|Heavy Slam|p2a: Flutter Mane\n|-supereffective|p2a: Flutter Mane\n|-damage|p2a: Flutter Mane|0 fnt\n|faint|p2a: Flutter Mane\n|-end|p2a: Flutter Mane|Protosynthesis|[silent]\n|\n|-weather|SunnyDay|[upkeep]\n|-heal|p1a: Zamazenta|50\/100|[from] Grassy Terrain\n|-heal|p1b: Rillaboom|48\/100|[from] Grassy Terrain\n|upkeep\n|\n|t:|1716401402\n|switch|p2a: Raging Bolt|Raging Bolt, L50|100\/100\n|-activate|p2a: Raging Bolt|ability: Protosynthesis\n|-start|p2a: Raging Bolt|protosynthesisspa\n|turn|5\n|j| Tempest brute\n|\n|t:|1716401424\n|move|p1a: Zamazenta|Protect|p1a: Zamazenta\n|-singleturn|p1a: Zamazenta|Protect\n|move|p1b: Rillaboom|Knock Off|p2a: Raging Bolt\n|-damage|p2a: Raging Bolt|75\/100\n|-enditem|p2a: Raging Bolt|Leftovers|[from] move: Knock Off|[of] p1b: Rillaboom\n|move|p2a: Raging Bolt|Thunderbolt|p1a: Zamazenta\n|-activate|p1a: Zamazenta|move: Protect\n|\n|-weather|none\n|-end|p2a: Raging Bolt|Protosynthesis\n|-heal|p1a: Zamazenta|56\/100|[from] Grassy Terrain\n|-heal|p1b: Rillaboom|54\/100|[from] Grassy Terrain\n|-heal|p2a: Raging Bolt|82\/100|[from] Grassy Terrain\n|upkeep\n|turn|6\n|l|\u2606Krisuerte\n|inactive|Krisuerte disconnected and has a minute to reconnect!\n|player|p2|\n|inactive|Krisuerte has 30 seconds left.\n|c|\u2606La voz favorita|Bruh\n|inactive|Krisuerte has 20 seconds left.\n|inactive|Krisuerte has 15 seconds left.\n|inactive|Krisuerte has 10 seconds left.\n|inactive|Krisuerte has 5 seconds left.\n|-message|Krisuerte lost due to inactivity.\n|\n|win|La voz favorita\n|raw|La voz favorita's rating: 1820 &rarr; <strong>1835<\/strong><br \/>(+15 for winning)\n|raw|Krisuerte's rating: 1739 &rarr; <strong>1724<\/strong><br \/>(-15 for losing)\n|c|\u2606La voz favorita|Sure.. we take those\n|l| ekalsow\n|l|\u2606La voz favorita\n|player|p1|\n","uploadtime":1716401684,"views":166,"formatid":"gen9vgc2024regg","rating":1724,"private":0,"password":null}