{"id":"gen9vgc2024regg-2128893528","format":"[Gen 9] VGC 2024 Reg G","players":["seanyboy335","pppbbbb"],"log":"|j|\u2606seanyboy335\n|j|\u2606pppbbbb\n|t:|1716472806\n|gametype|doubles\n|player|p1|seanyboy335|benga|1749\n|player|p2|pppbbbb|170|1710\n|teamsize|p1|6\n|teamsize|p2|6\n|gen|9\n|tier|[Gen 9] VGC 2024 Reg G\n|rated|\n|rule|Species Clause: Limit one of each Pok\u00e9mon\n|rule|Item Clause: Limit one of each item\n|clearpoke\n|poke|p1|Calyrex-Shadow, L50|\n|poke|p1|Clefairy, L50, F|\n|poke|p1|Smeargle, L50, F|\n|poke|p1|Urshifu-*, L50, F|\n|poke|p1|Chi-Yu, L50|\n|poke|p1|Rillaboom, L50, F|\n|poke|p2|Tornadus, L50, M|\n|poke|p2|Farigiraf, L50, M|\n|poke|p2|Regieleki, L50|\n|poke|p2|Ursaluna-Bloodmoon, L50, M|\n|poke|p2|Urshifu-*, L50, M|\n|poke|p2|Kyogre, L50|\n|teampreview|4\n|inactive|Battle timer is ON: inactive players will automatically lose when time's up. (requested by seanyboy335)\npppbbbb has agreed to open team sheets.\n|j| rabbithorn01\n|inactive|seanyboy335 has 60 seconds left.\n|inactive|pppbbbb has 60 seconds left.\n|j| La voz favorita\n|\n|t:|1716472858\n|start\n|switch|p1a: Smeargle|Smeargle, L50, F|100\/100\n|switch|p1b: Calyrex|Calyrex-Shadow, L50|100\/100\n|switch|p2a: Tornadus|Tornadus, L50, M|100\/100\n|switch|p2b: Regieleki|Regieleki, L50|100\/100\n|-ability|p1b: Calyrex|As One\n|-ability|p1b: Calyrex|Unnerve\n|turn|1\n|inactive|pppbbbb has 30 seconds left.\n|\n|t:|1716472891\n|move|p2a: Tornadus|Protect|p2a: Tornadus\n|-singleturn|p2a: Tornadus|Protect\n|move|p1a: Smeargle|Follow Me|p1a: Smeargle\n|-singleturn|p1a: Smeargle|move: Follow Me\n|move|p2b: Regieleki|Electroweb|p1a: Smeargle|[spread] p1a,p1b\n|-damage|p1a: Smeargle|37\/100\n|-damage|p1b: Calyrex|71\/100\n|-unboost|p1a: Smeargle|spe|1\n|-damage|p2b: Regieleki|91\/100|[from] item: Life Orb\n|move|p1b: Calyrex|Nasty Plot|p1b: Calyrex\n|-boost|p1b: Calyrex|spa|2\n|\n|-ability|p1a: Smeargle|Moody|boost\n|-boost|p1a: Smeargle|def|2\n|-unboost|p1a: Smeargle|spe|1\n|upkeep\n|turn|2\n|j| Mr.Ready\n|inactive|seanyboy335 has 30 seconds left.\n|j| trashman99\n|\n|t:|1716472923\n|switch|p1a: Clefairy|Clefairy, L50, F|100\/100\n|-terastallize|p1b: Calyrex|Fairy\n|move|p2b: Regieleki|Electroweb|p1b: Calyrex|[spread] p1a,p1b\n|-damage|p1a: Clefairy|76\/100\n|-damage|p1b: Calyrex|51\/100\n|-unboost|p1a: Clefairy|spe|1\n|-damage|p2b: Regieleki|81\/100|[from] item: Life Orb\n|move|p1b: Calyrex|Draining Kiss|p2b: Regieleki\n|-damage|p2b: Regieleki|0 fnt\n|-heal|p1b: Calyrex|99\/100|[from] drain|[of] p2b: Regieleki\n|faint|p2b: Regieleki\n|-ability|p1b: Calyrex|Grim Neigh|boost\n|-boost|p1b: Calyrex|spa|1\n|move|p2a: Tornadus|Bleakwind Storm|p1a: Clefairy|[spread] p1a,p1b\n|-damage|p1a: Clefairy|46\/100\n|-damage|p1b: Calyrex|75\/100\n|-unboost|p1a: Clefairy|spe|1\n|\n|upkeep\n|l| rabbithorn01\n|l| La voz favorita\n|\n|t:|1716472943\n|switch|p2b: Kyogre|Kyogre, L50|100\/100\n|-weather|RainDance|[from] ability: Drizzle|[of] p2b: Kyogre\n|turn|3\n|\n|t:|1716472960\n|-terastallize|p2b: Kyogre|Water\n|move|p1b: Calyrex|Protect|p1b: Calyrex\n|-singleturn|p1b: Calyrex|Protect\n|move|p1a: Clefairy|Follow Me|p1a: Clefairy\n|-singleturn|p1a: Clefairy|move: Follow Me\n|move|p2a: Tornadus|Tailwind|p2a: Tornadus\n|-sidestart|p2: pppbbbb|move: Tailwind\n|move|p2b: Kyogre|Water Spout|p1a: Clefairy|[spread] p1a\n|-activate|p1b: Calyrex|move: Protect\n|-crit|p1a: Clefairy\n|-damage|p1a: Clefairy|0 fnt\n|faint|p1a: Clefairy\n|\n|-weather|RainDance|[upkeep]\n|upkeep\n|\n|t:|1716472963\n|switch|p1a: Smeargle|Smeargle, L50, F|37\/100\n|turn|4\n|j| rabbithorn01\n|\n|t:|1716472983\n|switch|p2a: Farigiraf|Farigiraf, L50, M|100\/100\n|move|p1a: Smeargle|Wide Guard|p1a: Smeargle\n|-singleturn|p1a: Smeargle|Wide Guard\n|move|p2b: Kyogre|Water Spout|p1b: Calyrex|[spread] \n|-activate|p1a: Smeargle|move: Wide Guard\n|-activate|p1b: Calyrex|move: Wide Guard\n|move|p1b: Calyrex|Astral Barrage|p2b: Kyogre|[spread] p2b\n|-immune|p2a: Farigiraf\n|-damage|p2b: Kyogre|5\/100\n|\n|-weather|RainDance|[upkeep]\n|-ability|p1a: Smeargle|Moody|boost\n|-boost|p1a: Smeargle|atk|2\n|-unboost|p1a: Smeargle|def|1\n|upkeep\n|turn|5\n|-message|pppbbbb forfeited.\n|\n|win|seanyboy335\n|raw|seanyboy335's rating: 1749 &rarr; <strong>1767<\/strong><br \/>(+18 for winning)\n|raw|pppbbbb's rating: 1710 &rarr; <strong>1692<\/strong><br \/>(-18 for losing)\n|l| trashman99\n|l| Mr.Ready\n|l|\u2606seanyboy335\n|player|p1|\n|l|\u2606pppbbbb\n|player|p2|\n","uploadtime":1716473011,"views":26,"formatid":"gen9vgc2024regg","rating":1692,"private":0,"password":null}