{"id":"gen9vgc2024regg-2128858393","format":"[Gen 9] VGC 2024 Reg G","players":["chin8","to carburando"],"log":"|j|\u2606chin8\n|j|\u2606to carburando\n|t:|1716469173\n|gametype|doubles\n|player|p1|chin8|gentleman-gen4dp|1771\n|player|p2|to carburando|gambler|1712\n|teamsize|p1|6\n|teamsize|p2|6\n|gen|9\n|tier|[Gen 9] VGC 2024 Reg G\n|rated|\n|rule|Species Clause: Limit one of each Pok\u00e9mon\n|rule|Item Clause: Limit one of each item\n|clearpoke\n|poke|p1|Calyrex-Shadow, L50|\n|poke|p1|Incineroar, L50, F|\n|poke|p1|Rillaboom, L50, F|\n|poke|p1|Ogerpon-Wellspring, L50, F|\n|poke|p1|Flutter Mane, L50|\n|poke|p1|Chi-Yu, L50|\n|poke|p2|Kyogre, L50|\n|poke|p2|Tornadus, L50, M|\n|poke|p2|Indeedee-F, L50, F|\n|poke|p2|Incineroar, L50, M|\n|poke|p2|Archaludon, L50, F|\n|poke|p2|Tsareena, L50, F|\n|teampreview|4\n|inactive|Battle timer is ON: inactive players will automatically lose when time's up. (requested by chin8)\n|\n|t:|1716469195\n|start\n|switch|p1a: Flutter Mane|Flutter Mane, L50|100\/100\n|switch|p1b: Chi-Yu|Chi-Yu, L50|100\/100\n|switch|p2a: Tsareena|Tsareena, L50, F|100\/100\n|switch|p2b: Incineroar|Incineroar, L50, M|100\/100\n|-ability|p1b: Chi-Yu|Beads of Ruin\n|-ability|p2b: Incineroar|Intimidate|boost\n|-unboost|p1a: Flutter Mane|atk|1\n|-unboost|p1b: Chi-Yu|atk|1\n|-enditem|p1a: Flutter Mane|Booster Energy\n|-activate|p1a: Flutter Mane|ability: Protosynthesis|[fromitem]\n|-start|p1a: Flutter Mane|protosynthesisspe\n|turn|1\n|\n|t:|1716469212\n|move|p1a: Flutter Mane|Protect|p1a: Flutter Mane\n|-singleturn|p1a: Flutter Mane|Protect\n|move|p1b: Chi-Yu|Protect|p1b: Chi-Yu\n|-singleturn|p1b: Chi-Yu|Protect\n|move|p2a: Tsareena|Protect|p2a: Tsareena\n|-singleturn|p2a: Tsareena|Protect\n|move|p2b: Incineroar|Parting Shot|p1a: Flutter Mane\n|-activate|p1a: Flutter Mane|move: Protect\n|\n|upkeep\n|turn|2\n|\n|t:|1716469223\n|switch|p2b: Kyogre|Kyogre, L50|100\/100\n|-weather|RainDance|[from] ability: Drizzle|[of] p2b: Kyogre\n|move|p1a: Flutter Mane|Moonblast|p2a: Tsareena\n|-damage|p2a: Tsareena|30\/100\n|move|p1b: Chi-Yu|Heat Wave|p2a: Tsareena|[spread] p2a,p2b\n|-supereffective|p2a: Tsareena\n|-crit|p2a: Tsareena\n|-resisted|p2b: Kyogre\n|-damage|p2a: Tsareena|0 fnt\n|-damage|p2b: Kyogre|92\/100\n|faint|p2a: Tsareena\n|\n|-weather|RainDance|[upkeep]\n|upkeep\n|\n|t:|1716469234\n|switch|p2a: Tornadus|Tornadus, L50, M|100\/100\n|turn|3\n|\n|t:|1716469240\n|move|p1a: Flutter Mane|Protect|p1a: Flutter Mane\n|-singleturn|p1a: Flutter Mane|Protect\n|move|p2b: Kyogre|Protect|p2b: Kyogre\n|-singleturn|p2b: Kyogre|Protect\n|move|p2a: Tornadus|Bleakwind Storm|p1b: Chi-Yu|[spread] p1b\n|-activate|p1a: Flutter Mane|move: Protect\n|-crit|p1b: Chi-Yu\n|-damage|p1b: Chi-Yu|37\/100\n|move|p1b: Chi-Yu|Dark Pulse|p2b: Kyogre\n|-activate|p2b: Kyogre|move: Protect\n|\n|-weather|RainDance|[upkeep]\n|upkeep\n|turn|4\n|\n|t:|1716469253\n|switch|p1b: Rillaboom|Rillaboom, L50, F|100\/100\n|-fieldstart|move: Grassy Terrain|[from] ability: Grassy Surge|[of] p1b: Rillaboom\n|switch|p2b: Incineroar|Incineroar, L50, M|100\/100\n|-ability|p2b: Incineroar|Intimidate|boost\n|-unboost|p1a: Flutter Mane|atk|1\n|-unboost|p1b: Rillaboom|atk|1\n|move|p1a: Flutter Mane|Icy Wind|p2a: Tornadus|[spread] p2a,p2b\n|-supereffective|p2a: Tornadus\n|-resisted|p2b: Incineroar\n|-damage|p2a: Tornadus|59\/100\n|-damage|p2b: Incineroar|95\/100\n|-unboost|p2a: Tornadus|spe|1\n|-unboost|p2b: Incineroar|spe|1\n|move|p2a: Tornadus|Bleakwind Storm|p1b: Rillaboom|[spread] p1a,p1b\n|-supereffective|p1b: Rillaboom\n|-damage|p1a: Flutter Mane|64\/100\n|-damage|p1b: Rillaboom|51\/100\n|\n|-weather|RainDance|[upkeep]\n|-heal|p1a: Flutter Mane|70\/100|[from] Grassy Terrain\n|-heal|p1b: Rillaboom|57\/100|[from] Grassy Terrain\n|-heal|p2b: Incineroar|100\/100|[from] Grassy Terrain\n|upkeep\n|turn|5\n|j| Hyperhit94\n|\n|t:|1716469267\n|switch|p1b: Chi-Yu|Chi-Yu, L50|37\/100\n|-ability|p1b: Chi-Yu|Beads of Ruin\n|move|p2a: Tornadus|Protect|p2a: Tornadus\n|-singleturn|p2a: Tornadus|Protect\n|move|p1a: Flutter Mane|Moonblast|p2b: Incineroar\n|-damage|p2b: Incineroar|45\/100\n|-enditem|p2b: Incineroar|Sitrus Berry|[eat]\n|-heal|p2b: Incineroar|70\/100|[from] item: Sitrus Berry\n|move|p2b: Incineroar|Will-O-Wisp|p1b: Chi-Yu\n|-immune|p1b: Chi-Yu\n|\n|-weather|RainDance|[upkeep]\n|-heal|p1a: Flutter Mane|76\/100|[from] Grassy Terrain\n|-heal|p1b: Chi-Yu|44\/100|[from] Grassy Terrain\n|-heal|p2b: Incineroar|76\/100|[from] Grassy Terrain\n|upkeep\n|turn|6\n|\n|t:|1716469286\n|move|p2a: Tornadus|Tailwind|p2a: Tornadus\n|-sidestart|p2: to carburando|move: Tailwind\n|move|p1a: Flutter Mane|Moonblast|p2b: Incineroar\n|-damage|p2b: Incineroar|25\/100\n|move|p1b: Chi-Yu|Dark Pulse|p2a: Tornadus\n|-damage|p2a: Tornadus|0 fnt\n|faint|p2a: Tornadus\n|move|p2b: Incineroar|Knock Off|p1a: Flutter Mane\n|-damage|p1a: Flutter Mane|16\/100\n|\n|-weather|none\n|-heal|p1a: Flutter Mane|22\/100|[from] Grassy Terrain\n|-heal|p1b: Chi-Yu|50\/100|[from] Grassy Terrain\n|-heal|p2b: Incineroar|31\/100|[from] Grassy Terrain\n|upkeep\n|\n|t:|1716469293\n|switch|p2a: Kyogre|Kyogre, L50|92\/100\n|-weather|RainDance|[from] ability: Drizzle|[of] p2a: Kyogre\n|turn|7\n|\n|t:|1716469301\n|move|p1a: Flutter Mane|Protect|p1a: Flutter Mane\n|-singleturn|p1a: Flutter Mane|Protect\n|move|p2a: Kyogre|Protect|p2a: Kyogre\n|-singleturn|p2a: Kyogre|Protect\n|move|p1b: Chi-Yu|Protect|p1b: Chi-Yu\n|-singleturn|p1b: Chi-Yu|Protect\n|move|p2b: Incineroar|Knock Off|p1a: Flutter Mane\n|-activate|p1a: Flutter Mane|move: Protect\n|\n|-weather|RainDance|[upkeep]\n|-heal|p1a: Flutter Mane|28\/100|[from] Grassy Terrain\n|-heal|p2a: Kyogre|98\/100|[from] Grassy Terrain\n|-heal|p1b: Chi-Yu|56\/100|[from] Grassy Terrain\n|-heal|p2b: Incineroar|37\/100|[from] Grassy Terrain\n|upkeep\n|turn|8\n|\n|t:|1716469309\n|move|p1a: Flutter Mane|Icy Wind|p2a: Kyogre|[spread] p2a\n|-miss|p1a: Flutter Mane|p2b: Incineroar\n|-resisted|p2a: Kyogre\n|-damage|p2a: Kyogre|92\/100\n|-unboost|p2a: Kyogre|spe|1\n|move|p1b: Chi-Yu|Dark Pulse|p2a: Kyogre\n|-damage|p2a: Kyogre|54\/100\n|cant|p2a: Kyogre|flinch\n|move|p2b: Incineroar|Knock Off|p1a: Flutter Mane\n|-damage|p1a: Flutter Mane|0 fnt\n|faint|p1a: Flutter Mane\n|-end|p1a: Flutter Mane|Protosynthesis|[silent]\n|\n|-weather|RainDance|[upkeep]\n|-heal|p1b: Chi-Yu|62\/100|[from] Grassy Terrain\n|-heal|p2a: Kyogre|60\/100|[from] Grassy Terrain\n|-heal|p2b: Incineroar|43\/100|[from] Grassy Terrain\n|-fieldend|move: Grassy Terrain\n|upkeep\n|-message|to carburando forfeited.\n|\n|win|chin8\n|raw|chin8's rating: 1771 &rarr; <strong>1788<\/strong><br \/>(+17 for winning)\n|raw|to carburando's rating: 1712 &rarr; <strong>1695<\/strong><br \/>(-17 for losing)\n|l|\u2606to carburando\n|player|p2|\n|l|\u2606chin8\n|player|p1|\n","uploadtime":1716469558,"views":30,"formatid":"gen9vgc2024regg","rating":1695,"private":0,"password":null}