{"id":"gen9vgc2024regg-2128394562","format":"[Gen 9] VGC 2024 Reg G","players":["AcediaRose26","philosovgc-x"],"log":"|j|\u2606AcediaRose26\n|j|\u2606philosovgc-x\n|t:|1716405563\n|gametype|doubles\n|player|p1|AcediaRose26|wallace|1664\n|player|p2|philosovgc-x|medium|1667\n|teamsize|p1|6\n|teamsize|p2|6\n|gen|9\n|tier|[Gen 9] VGC 2024 Reg G\n|rated|\n|rule|Species Clause: Limit one of each Pok\u00e9mon\n|rule|Item Clause: Limit one of each item\n|clearpoke\n|poke|p1|Terapagos, L50, M|\n|poke|p1|Rillaboom, L50, F|\n|poke|p1|Chi-Yu, L50|\n|poke|p1|Mienshao, L50, M|\n|poke|p1|Comfey, L50, F|\n|poke|p1|Amoonguss, L50, M|\n|poke|p2|Lycanroc, L50, M|\n|poke|p2|Tyranitar, L50, F|\n|poke|p2|Calyrex-Shadow, L50|\n|poke|p2|Farigiraf, L50, M|\n|poke|p2|Urshifu-*, L50, F|\n|poke|p2|Whimsicott, L50, M|\n|teampreview|4\n|inactive|Battle timer is ON: inactive players will automatically lose when time's up. (requested by AcediaRose26)\nAcediaRose26 has agreed to open team sheets.\nphilosovgc-x has agreed to open team sheets.\n|inactive|AcediaRose26 has 30 seconds left.\n|inactive|AcediaRose26 has 20 seconds left.\n|inactive|AcediaRose26 has 15 seconds left.\n|\n|t:|1716405610\n|start\n|switch|p1a: Terapagos|Terapagos, L50, M|100\/100\n|switch|p1b: Amoonguss|Amoonguss, L50, M|100\/100\n|switch|p2a: Lycanroc|Lycanroc, L50, M|100\/100\n|switch|p2b: Tyranitar|Tyranitar, L50, F|100\/100\n|-activate|p1a: Terapagos|ability: Tera Shift\n|detailschange|p1a: Terapagos|Terapagos-Terastal, L50, M\n|-heal|p1a: Terapagos|100\/100|[silent]\n|-weather|Sandstorm|[from] ability: Sand Stream|[of] p2b: Tyranitar\n|turn|1\n|inactive|AcediaRose26 has 30 seconds left.\n|inactive|AcediaRose26 has 20 seconds left.\n|\n|t:|1716405649\n|switch|p2a: Whimsicott|Whimsicott, L50, M|100\/100\n|-terastallize|p1a: Terapagos|Stellar\n|detailschange|p1a: Terapagos|Terapagos-Stellar, L50, M, tera:Stellar\n|-heal|p1a: Terapagos|100\/100|[silent]\n|-ability|p1a: Terapagos|Teraform Zero\n|-weather|none\n|move|p1b: Amoonguss|Rage Powder|p1b: Amoonguss\n|-singleturn|p1b: Amoonguss|move: Rage Powder\n|move|p1a: Terapagos|Tera Starstorm|p2a: Whimsicott|[spread] p2a,p2b\n|-damage|p2a: Whimsicott|37\/100\n|-damage|p2b: Tyranitar|52\/100\n|move|p2b: Tyranitar|Knock Off|p1b: Amoonguss\n|-damage|p1b: Amoonguss|55\/100\n|-damage|p2b: Tyranitar|36\/100|[from] item: Rocky Helmet|[of] p1b: Amoonguss\n|-enditem|p1b: Amoonguss|Rocky Helmet|[from] move: Knock Off|[of] p2b: Tyranitar\n|\n|upkeep\n|turn|2\n|inactive|AcediaRose26 has 30 seconds left.\n|inactive|AcediaRose26 has 20 seconds left.\n|\n|t:|1716405688\n|switch|p1b: Rillaboom|Rillaboom, L50, F|100\/100\n|-fieldstart|move: Grassy Terrain|[from] ability: Grassy Surge|[of] p1b: Rillaboom\n|move|p2a: Whimsicott|Tailwind|p2a: Whimsicott\n|-sidestart|p2: philosovgc-x|move: Tailwind\n|move|p2b: Tyranitar|Rock Slide|p1b: Rillaboom|[spread] p1a,p1b\n|-damage|p1a: Terapagos|83\/100\n|-damage|p1b: Rillaboom|71\/100\n|cant|p1a: Terapagos|flinch\n|\n|-heal|p2a: Whimsicott|43\/100|[from] Grassy Terrain\n|-heal|p2b: Tyranitar|42\/100|[from] Grassy Terrain\n|-heal|p1a: Terapagos|89\/100|[from] Grassy Terrain\n|-heal|p1b: Rillaboom|77\/100|[from] Grassy Terrain\n|upkeep\n|turn|3\n|inactive|AcediaRose26 has 30 seconds left.\n|\n|t:|1716405716\n|move|p1b: Rillaboom|Fake Out|p2a: Whimsicott\n|-damage|p2a: Whimsicott|28\/100\n|cant|p2a: Whimsicott|flinch\n|move|p2b: Tyranitar|Knock Off|p1b: Rillaboom\n|-damage|p1b: Rillaboom|25\/100\n|-enditem|p1b: Rillaboom|Assault Vest|[from] move: Knock Off|[of] p2b: Tyranitar\n|move|p1a: Terapagos|Tera Starstorm|p2b: Tyranitar|[spread] p2a,p2b\n|-damage|p2a: Whimsicott|0 fnt\n|-damage|p2b: Tyranitar|0 fnt\n|faint|p2a: Whimsicott\n|faint|p2b: Tyranitar\n|\n|-heal|p1a: Terapagos|95\/100|[from] Grassy Terrain\n|-heal|p1b: Rillaboom|30\/100|[from] Grassy Terrain\n|upkeep\n|\n|t:|1716405722\n|switch|p2a: Urshifu|Urshifu-Rapid-Strike, L50, F|100\/100\n|switch|p2b: Lycanroc|Lycanroc, L50, M|100\/100\n|turn|4\n|\n|t:|1716405738\n|switch|p1a: Amoonguss|Amoonguss, L50, M|88\/100\n|-terastallize|p2a: Urshifu|Ghost\n|move|p1b: Rillaboom|Grassy Glide|p2a: Urshifu\n|-damage|p2a: Urshifu|64\/100\n|move|p2b: Lycanroc|Rock Slide|p1b: Rillaboom|[spread] p1b\n|-miss|p2b: Lycanroc|p1a: Amoonguss\n|-damage|p1b: Rillaboom|1\/100\n|move|p2a: Urshifu|Surging Strikes|p1a: Amoonguss\n|-resisted|p1a: Amoonguss\n|-crit|p1a: Amoonguss\n|-damage|p1a: Amoonguss|76\/100\n|-resisted|p1a: Amoonguss\n|-crit|p1a: Amoonguss\n|-damage|p1a: Amoonguss|63\/100\n|-resisted|p1a: Amoonguss\n|-crit|p1a: Amoonguss\n|-damage|p1a: Amoonguss|49\/100\n|-hitcount|p1a: Amoonguss|3\n|\n|-heal|p2a: Urshifu|70\/100|[from] Grassy Terrain\n|-heal|p1b: Rillaboom|7\/100|[from] Grassy Terrain\n|-heal|p1a: Amoonguss|55\/100|[from] Grassy Terrain\n|upkeep\n|turn|5\n|j| Hydra53\n|l| Hydra53\n|inactive|AcediaRose26 has 30 seconds left.\n|inactive|AcediaRose26 has 20 seconds left.\n|inactive|AcediaRose26 has 15 seconds left.\n|inactive|AcediaRose26 has 10 seconds left.\n|\n|t:|1716405787\n|move|p1b: Rillaboom|Grassy Glide|p2b: Lycanroc\n|-supereffective|p2b: Lycanroc\n|-enditem|p2b: Lycanroc|Focus Sash\n|-damage|p2b: Lycanroc|1\/100\n|move|p2b: Lycanroc|Rock Slide|p1a: Amoonguss|[spread] p1a,p1b\n|-damage|p1a: Amoonguss|31\/100\n|-damage|p1b: Rillaboom|0 fnt\n|faint|p1b: Rillaboom\n|move|p2a: Urshifu|Surging Strikes|p1a: Amoonguss\n|-resisted|p1a: Amoonguss\n|-crit|p1a: Amoonguss\n|-damage|p1a: Amoonguss|17\/100\n|-resisted|p1a: Amoonguss\n|-crit|p1a: Amoonguss\n|-damage|p1a: Amoonguss|5\/100\n|-resisted|p1a: Amoonguss\n|-crit|p1a: Amoonguss\n|-damage|p1a: Amoonguss|0 fnt\n|faint|p1a: Amoonguss\n|-hitcount|p1: Amoonguss|3\n|\n|-heal|p2b: Lycanroc|7\/100|[from] Grassy Terrain\n|-heal|p2a: Urshifu|76\/100|[from] Grassy Terrain\n|-sideend|p2: philosovgc-x|move: Tailwind\n|upkeep\n|\n|t:|1716405796\n|switch|p1b: Terapagos|Terapagos-Stellar, L50, M, tera:Stellar|95\/100\n|switch|p1a: Chi-Yu|Chi-Yu, L50|100\/100\n|-ability|p1a: Chi-Yu|Beads of Ruin\n|turn|6\n|\n|t:|1716405813\n|move|p2b: Lycanroc|Protect|p2b: Lycanroc\n|-singleturn|p2b: Lycanroc|Protect\n|move|p1a: Chi-Yu|Snarl|p2b: Lycanroc|[spread] p2a\n|-activate|p2b: Lycanroc|move: Protect\n|-supereffective|p2a: Urshifu\n|-damage|p2a: Urshifu|2\/100\n|-unboost|p2a: Urshifu|spa|1\n|move|p2a: Urshifu|Surging Strikes|p1a: Chi-Yu\n|-supereffective|p1a: Chi-Yu\n|-crit|p1a: Chi-Yu\n|-damage|p1a: Chi-Yu|0 fnt\n|faint|p1a: Chi-Yu\n|-hitcount|p1: Chi-Yu|1\n|move|p1b: Terapagos|Tera Starstorm|p2b: Lycanroc|[spread] p2a\n|-activate|p2b: Lycanroc|move: Protect\n|-supereffective|p2a: Urshifu\n|-damage|p2a: Urshifu|0 fnt\n|faint|p2a: Urshifu\n|\n|-heal|p2b: Lycanroc|13\/100|[from] Grassy Terrain\n|-heal|p1b: Terapagos|100\/100|[from] Grassy Terrain\n|-fieldend|move: Grassy Terrain\n|upkeep\n|turn|7\n|\n|t:|1716405823\n|move|p2b: Lycanroc|Rock Slide|p1b: Terapagos\n|-damage|p1b: Terapagos|78\/100\n|move|p1b: Terapagos|Tera Starstorm|p2b: Lycanroc\n|-damage|p2b: Lycanroc|0 fnt\n|faint|p2b: Lycanroc\n|\n|win|AcediaRose26\n|raw|AcediaRose26's rating: 1664 &rarr; <strong>1686<\/strong><br \/>(+22 for winning)\n|raw|philosovgc-x's rating: 1707 &rarr; <strong>1685<\/strong><br \/>(-22 for losing)\n|l|\u2606philosovgc-x\n|player|p2|\n|l|\u2606AcediaRose26\n|player|p1|\n","uploadtime":1716405976,"views":12,"formatid":"gen9vgc2024regg","rating":1685,"private":0,"password":null}