{"id":"gen9vgc2024regg-2128483138","format":"[Gen 9] VGC 2024 Reg G","players":["code_anish","La voz favorita"],"log":"|j|\u2606code_anish\n|j|\u2606La voz favorita\n|t:|1716414711\n|gametype|doubles\n|player|p1|code_anish|yellow|1751\n|player|p2|La voz favorita|101|1822\n|teamsize|p1|6\n|teamsize|p2|6\n|gen|9\n|tier|[Gen 9] VGC 2024 Reg G\n|rated|\n|rule|Species Clause: Limit one of each Pok\u00e9mon\n|rule|Item Clause: Limit one of each item\n|clearpoke\n|poke|p1|Koraidon, L50|\n|poke|p1|Tornadus, L50, M|\n|poke|p1|Flutter Mane, L50|\n|poke|p1|Raging Bolt, L50|\n|poke|p1|Gastrodon-East, L50, M|\n|poke|p1|Chi-Yu, L50|\n|poke|p2|Zamazenta-*, L50|\n|poke|p2|Chien-Pao, L50|\n|poke|p2|Urshifu-*, L50, F|\n|poke|p2|Chi-Yu, L50|\n|poke|p2|Rillaboom, L50, F|\n|poke|p2|Raging Bolt, L50|\n|teampreview|4\nLa voz favorita has agreed to open team sheets.\ncode_anish has agreed to open team sheets.\n|c|\u2606La voz favorita|Oh\n|c|\u2606La voz favorita|hi code\n|c|\u2606code_anish|o\n|c|\u2606code_anish|hey lol\n|c|\u2606code_anish|what if mutual agreement to go easy on me\n|c|\u2606La voz favorita|Dude how high on ladder are you\n|c|\u2606La voz favorita|Mmmm nah I\u2019m top 19 rn\u2026\n|c|\u2606code_anish|im not high, i just lost like 30 off last game too\n|c|\u2606La voz favorita|Damn\n|\n|t:|1716414805\n|start\n|switch|p1a: Kosei|Chi-Yu, L50|100\/100\n|switch|p1b: Tsubaki|Tornadus, L50, M|100\/100\n|switch|p2a: Rillaboom|Rillaboom, L50, F, shiny|100\/100\n|switch|p2b: Urshifu|Urshifu-Rapid-Strike, L50, F|100\/100\n|-ability|p1a: Kosei|Beads of Ruin\n|-fieldstart|move: Grassy Terrain|[from] ability: Grassy Surge|[of] p2a: Rillaboom\n|turn|1\n|\n|t:|1716414863\n|switch|p1a: Takeshi|Koraidon, L50|100\/100\n|-weather|SunnyDay|[from] ability: Orichalcum Pulse|[of] p1a: Takeshi\n|-activate|p1a: Takeshi|Orichalcum Pulse|[source]\n|-terastallize|p2a: Rillaboom|Fire\n|move|p2b: Urshifu|Close Combat|p1b: Tsubaki\n|-resisted|p1b: Tsubaki\n|-damage|p1b: Tsubaki|68\/100\n|-unboost|p2b: Urshifu|def|1\n|-unboost|p2b: Urshifu|spd|1\n|-damage|p2b: Urshifu|84\/100|[from] item: Rocky Helmet|[of] p1b: Tsubaki\n|move|p1b: Tsubaki|Bleakwind Storm|p2b: Urshifu|[spread] p2a,p2b\n|-supereffective|p2b: Urshifu\n|-damage|p2a: Rillaboom|78\/100\n|-damage|p2b: Urshifu|0 fnt\n|-unboost|p2a: Rillaboom|spe|1\n|faint|p2b: Urshifu\n|move|p2a: Rillaboom|Knock Off|p1a: Takeshi\n|-resisted|p1a: Takeshi\n|-damage|p1a: Takeshi|88\/100\n|-enditem|p1a: Takeshi|Clear Amulet|[from] move: Knock Off|[of] p2a: Rillaboom\n|\n|-weather|SunnyDay|[upkeep]\n|-heal|p1a: Takeshi|94\/100|[from] Grassy Terrain\n|-heal|p2a: Rillaboom|84\/100|[from] Grassy Terrain\n|upkeep\n|\n|t:|1716414884\n|switch|p2b: Zamazenta|Zamazenta-Crowned, L50, shiny|100\/100\n|-ability|p2b: Zamazenta|Dauntless Shield|boost\n|-boost|p2b: Zamazenta|def|1\n|turn|2\n|\n|t:|1716414900\n|switch|p2a: Chien-Pao|Chien-Pao, L50|100\/100\n|-ability|p2a: Chien-Pao|Sword of Ruin\n|move|p1a: Takeshi|Collision Course|p2a: Chien-Pao\n|-supereffective|p2a: Chien-Pao\n|-crit|p2a: Chien-Pao\n|-enditem|p2a: Chien-Pao|Focus Sash\n|-damage|p2a: Chien-Pao|1\/100\n|move|p2b: Zamazenta|Body Press|p1a: Takeshi\n|-damage|p1a: Takeshi|16\/100\n|move|p1b: Tsubaki|Bleakwind Storm|p2a: Chien-Pao|[spread] p2a,p2b\n|-crit|p2a: Chien-Pao\n|-damage|p2a: Chien-Pao|0 fnt\n|-damage|p2b: Zamazenta|80\/100\n|faint|p2a: Chien-Pao\n|\n|-weather|SunnyDay|[upkeep]\n|-heal|p1a: Takeshi|22\/100|[from] Grassy Terrain\n|-heal|p2b: Zamazenta|86\/100|[from] Grassy Terrain\n|upkeep\n|\n|t:|1716414904\n|switch|p2a: Rillaboom|Rillaboom, L50, F, shiny, tera:Fire|84\/100\n|turn|3\n|c|\u2606La voz favorita|Man I\u2019m cooked. I gotta take a break\n|c|\u2606La voz favorita|Guess I am going easy on you\n|c|\u2606code_anish|i appreciate going easy fr\n|c|\u2606code_anish|but seriously it happens\n|\n|t:|1716414949\n|move|p1a: Takeshi|Protect|p1a: Takeshi\n|-singleturn|p1a: Takeshi|Protect\n|move|p2a: Rillaboom|Fake Out|p1a: Takeshi\n|-activate|p1a: Takeshi|move: Protect\n|move|p2b: Zamazenta|Substitute|p2b: Zamazenta\n|-start|p2b: Zamazenta|Substitute\n|-damage|p2b: Zamazenta|62\/100\n|move|p1b: Tsubaki|Bleakwind Storm|p2a: Rillaboom|[spread] p2a\n|-miss|p1b: Tsubaki|p2b: Zamazenta\n|-damage|p2a: Rillaboom|62\/100\n|\n|-weather|SunnyDay|[upkeep]\n|-heal|p1a: Takeshi|28\/100|[from] Grassy Terrain\n|-heal|p2b: Zamazenta|68\/100|[from] Grassy Terrain\n|-heal|p2a: Rillaboom|68\/100|[from] Grassy Terrain\n|upkeep\n|turn|4\n|\n|t:|1716414970\n|move|p2b: Zamazenta|Protect|p2b: Zamazenta\n|-singleturn|p2b: Zamazenta|Protect\n|move|p1a: Takeshi|Collision Course|p2a: Rillaboom\n|-damage|p2a: Rillaboom|0 fnt\n|faint|p2a: Rillaboom\n|move|p1b: Tsubaki|Bleakwind Storm|p2b: Zamazenta\n|-activate|p2b: Zamazenta|move: Protect\n|\n|-weather|SunnyDay|[upkeep]\n|-heal|p1a: Takeshi|35\/100|[from] Grassy Terrain\n|-heal|p2b: Zamazenta|74\/100|[from] Grassy Terrain\n|upkeep\n|turn|5\n|\n|t:|1716414983\n|move|p1a: Takeshi|Collision Course|p2b: Zamazenta\n|-supereffective|p2b: Zamazenta\n|-end|p2b: Zamazenta|Substitute\n|move|p2b: Zamazenta|Body Press|p1a: Takeshi\n|-damage|p1a: Takeshi|0 fnt\n|faint|p1a: Takeshi\n|move|p1b: Tsubaki|Bleakwind Storm|p2b: Zamazenta\n|-damage|p2b: Zamazenta|45\/100\n|\n|-weather|none\n|-heal|p2b: Zamazenta|51\/100|[from] Grassy Terrain\n|-fieldend|move: Grassy Terrain\n|upkeep\n|\n|t:|1716414987\n|switch|p1a: Kosei|Chi-Yu, L50|100\/100\n|-ability|p1a: Kosei|Beads of Ruin\n|turn|6\n|c|\u2606La voz favorita|Ggs I\u2019m quite tired\n|c|\u2606code_anish|ggs\n|\n|t:|1716415002\n|-terastallize|p1a: Kosei|Ghost\n|move|p1b: Tsubaki|Tailwind|p1b: Tsubaki\n|-sidestart|p1: code_anish|move: Tailwind\n|move|p1a: Kosei|Overheat|p2b: Zamazenta\n|-supereffective|p2b: Zamazenta\n|-damage|p2b: Zamazenta|0 fnt\n|-unboost|p1a: Kosei|spa|2\n|faint|p2b: Zamazenta\n|\n|win|code_anish\n|raw|code_anish's rating: 1751 &rarr; <strong>1775<\/strong><br \/>(+24 for winning)\n|raw|La voz favorita's rating: 1822 &rarr; <strong>1798<\/strong><br \/>(-24 for losing)\n|l|\u2606La voz favorita\n|player|p2|\n","uploadtime":1716415147,"views":394,"formatid":"gen9vgc2024regg","rating":1775,"private":0,"password":null}