{"id":"gen9vgc2024regg-2129152024","format":"[Gen 9] VGC 2024 Reg G","players":["chin8","Riverpasta"],"log":"|j|\u2606chin8\n|j|\u2606Riverpasta\n|t:|1716496557\n|gametype|doubles\n|player|p1|chin8|gentleman-gen4dp|1697\n|player|p2|Riverpasta|red|1716\n|teamsize|p1|6\n|teamsize|p2|6\n|gen|9\n|tier|[Gen 9] VGC 2024 Reg G\n|rated|\n|rule|Species Clause: Limit one of each Pok\u00e9mon\n|rule|Item Clause: Limit one of each item\n|clearpoke\n|poke|p1|Calyrex-Shadow, L50|\n|poke|p1|Incineroar, L50, M|\n|poke|p1|Rillaboom, L50, M|\n|poke|p1|Ogerpon-Wellspring, L50, F|\n|poke|p1|Flutter Mane, L50|\n|poke|p1|Chi-Yu, L50|\n|poke|p2|Zamazenta-*, L50|\n|poke|p2|Rillaboom, L50, F|\n|poke|p2|Roaring Moon, L50|\n|poke|p2|Rotom-Wash, L50|\n|poke|p2|Flutter Mane, L50|\n|poke|p2|Entei, L50|\n|teampreview|4\nRiverpasta has agreed to open team sheets.\n|inactive|Battle timer is ON: inactive players will automatically lose when time's up. (requested by Riverpasta)\n|\n|t:|1716496616\n|start\n|switch|p1a: Flutter Mane|Flutter Mane, L50|100\/100\n|switch|p1b: Ogerpon|Ogerpon-Wellspring, L50, F|100\/100\n|switch|p2a: Entei|Entei, L50|100\/100\n|switch|p2b: Flutter Mane|Flutter Mane, L50|100\/100\n|-enditem|p1a: Flutter Mane|Booster Energy\n|-activate|p1a: Flutter Mane|ability: Protosynthesis|[fromitem]\n|-start|p1a: Flutter Mane|protosynthesisspe\n|turn|1\n|\n|t:|1716496636\n|move|p2a: Entei|Protect|p2a: Entei\n|-singleturn|p2a: Entei|Protect\n|move|p1a: Flutter Mane|Icy Wind|p2a: Entei|[spread] p2b\n|-activate|p2a: Entei|move: Protect\n|-damage|p2b: Flutter Mane|84\/100\n|-unboost|p2b: Flutter Mane|spe|1\n|move|p1b: Ogerpon|Ivy Cudgel|p2b: Flutter Mane|[anim] Ivy Cudgel Water\n|-damage|p2b: Flutter Mane|0 fnt\n|faint|p2b: Flutter Mane\n|-end|p2b: Flutter Mane|Protosynthesis|[silent]\n|\n|upkeep\n|c|\u2606Riverpasta|Bruhhh\n|c|\u2606Riverpasta|You cudgeled that slot\n|\n|t:|1716496648\n|switch|p2b: Zamazenta|Zamazenta-Crowned, L50|100\/100\n|-ability|p2b: Zamazenta|Dauntless Shield|boost\n|-boost|p2b: Zamazenta|def|1\n|turn|2\n|\n|t:|1716496662\n|switch|p2a: Roaring Moon|Roaring Moon, L50|100\/100\n|-enditem|p2a: Roaring Moon|Booster Energy\n|-activate|p2a: Roaring Moon|ability: Protosynthesis|[fromitem]\n|-start|p2a: Roaring Moon|protosynthesisspe\n|move|p1a: Flutter Mane|Moonblast|p2a: Roaring Moon\n|-supereffective|p2a: Roaring Moon\n|-damage|p2a: Roaring Moon|0 fnt\n|faint|p2a: Roaring Moon\n|-end|p2a: Roaring Moon|Protosynthesis|[silent]\n|move|p2b: Zamazenta|Behemoth Bash|p1a: Flutter Mane\n|-supereffective|p1a: Flutter Mane\n|-damage|p1a: Flutter Mane|0 fnt\n|faint|p1a: Flutter Mane\n|-end|p1a: Flutter Mane|Protosynthesis|[silent]\n|move|p1b: Ogerpon|Ivy Cudgel|p2b: Zamazenta|[anim] Ivy Cudgel Water\n|-damage|p2b: Zamazenta|79\/100\n|\n|upkeep\n|c|\u2606Riverpasta|WHAT\n|c|\u2606Riverpasta|NO WAY YOU MAKE THAT READ\n|\n|t:|1716496675\n|switch|p1a: Incineroar|Incineroar, L50, M|100\/100\n|switch|p2a: Entei|Entei, L50|100\/100\n|-ability|p1a: Incineroar|Intimidate|boost\n|-fail|p2a: Entei|unboost|Attack|[from] ability: Inner Focus|[of] p2a: Entei\n|-unboost|p2b: Zamazenta|atk|1\n|turn|3\n|\n|t:|1716496687\n|switch|p1a: Calyrex|Calyrex-Shadow, L50|100\/100\n|-ability|p1a: Calyrex|As One\n|-ability|p1a: Calyrex|Unnerve\n|-terastallize|p2a: Entei|Normal\n|move|p2b: Zamazenta|Protect|p2b: Zamazenta\n|-singleturn|p2b: Zamazenta|Protect\n|move|p1b: Ogerpon|Ivy Cudgel|p2a: Entei|[anim] Ivy Cudgel Water\n|-damage|p2a: Entei|49\/100\n|move|p2a: Entei|Sacred Fire|p1b: Ogerpon|[miss]\n|-miss|p2a: Entei|p1b: Ogerpon\n|\n|upkeep\n|turn|4\n|c|\u2606Riverpasta|That is criminal\n|\n|t:|1716496704\n|switch|p1a: Incineroar|Incineroar, L50, M|100\/100\n|-ability|p1a: Incineroar|Intimidate|boost\n|-fail|p2a: Entei|unboost|Attack|[from] ability: Inner Focus|[of] p2a: Entei\n|-unboost|p2b: Zamazenta|atk|1\n|move|p2b: Zamazenta|Protect|p2b: Zamazenta\n|-singleturn|p2b: Zamazenta|Protect\n|move|p1b: Ogerpon|Ivy Cudgel|p2a: Entei|[anim] Ivy Cudgel Water\n|-damage|p2a: Entei|0 fnt\n|faint|p2a: Entei\n|\n|upkeep\n|turn|5\n|-message|Riverpasta forfeited.\n|\n|win|chin8\n|raw|chin8's rating: 1697 &rarr; <strong>1718<\/strong><br \/>(+21 for winning)\n|raw|Riverpasta's rating: 1716 &rarr; <strong>1695<\/strong><br \/>(-21 for losing)\n|l|\u2606Riverpasta\n|player|p2|\n|l|\u2606chin8\n|player|p1|\n","uploadtime":1716496950,"views":53,"formatid":"gen9vgc2024regg","rating":1695,"private":0,"password":null}