{"id":"gen9vgc2024regg-2129061392","format":"[Gen 9] VGC 2024 Reg G","players":["xixing","LoCaramerda"],"log":"|j|\u2606xixing\n|j|\u2606LoCaramerda\n|t:|1716488117\n|gametype|doubles\n|player|p1|xixing|karen|1711\n|player|p2|LoCaramerda|ltsurge|1737\n|teamsize|p1|6\n|teamsize|p2|6\n|gen|9\n|tier|[Gen 9] VGC 2024 Reg G\n|rated|\n|rule|Species Clause: Limit one of each Pok\u00e9mon\n|rule|Item Clause: Limit one of each item\n|clearpoke\n|poke|p1|Calyrex-Ice, L50|\n|poke|p1|Indeedee-F, L50, F|\n|poke|p1|Ting-Lu, L50|\n|poke|p1|Cresselia, L50, F|\n|poke|p1|Incineroar, L50, F|\n|poke|p1|Torkoal, L50, F|\n|poke|p2|Grimmsnarl, L50, M|\n|poke|p2|Entei, L50|\n|poke|p2|Lugia, L50|\n|poke|p2|Rillaboom, L50, M|\n|poke|p2|Ditto, L50|\n|poke|p2|Goodra-Hisui, L50, M|\n|teampreview|4\n|inactive|Battle timer is ON: inactive players will automatically lose when time's up. (requested by LoCaramerda)\n|inactive|xixing also wants the timer to be on.\n|j| Barbamitsos?\n|inactive|LoCaramerda has 60 seconds left.\n|\n|t:|1716488154\n|start\n|switch|p1a: Cresselia|Cresselia, L50, F|100\/100\n|switch|p1b: Incineroar|Incineroar, L50, F, shiny|100\/100\n|switch|p2a: LoArtiste|Grimmsnarl, L50, M|100\/100\n|switch|p2b: LoGossot|Entei, L50|100\/100\n|-ability|p1b: Incineroar|Intimidate|boost\n|-unboost|p2a: LoArtiste|atk|1\n|-fail|p2b: LoGossot|unboost|Attack|[from] ability: Inner Focus|[of] p2b: LoGossot\n|turn|1\n|\n|t:|1716488165\n|move|p1b: Incineroar|Fake Out|p2a: LoArtiste\n|-damage|p2a: LoArtiste|88\/100\n|cant|p2a: LoArtiste|flinch\n|move|p2b: LoGossot|Crunch|p1a: Cresselia\n|-supereffective|p1a: Cresselia\n|-damage|p1a: Cresselia|56\/100\n|move|p1a: Cresselia|Trick Room|p1a: Cresselia\n|-fieldstart|move: Trick Room|[of] p1a: Cresselia\n|\n|upkeep\n|turn|2\n|\n|t:|1716488177\n|move|p1a: Cresselia|Helping Hand|p1b: Incineroar\n|-singleturn|p1b: Incineroar|Helping Hand|[of] p1a: Cresselia\n|move|p2a: LoArtiste|Reflect|p2a: LoArtiste\n|-sidestart|p2: LoCaramerda|Reflect\n|move|p1b: Incineroar|Knock Off|p2b: LoGossot\n|-damage|p2b: LoGossot|45\/100\n|-enditem|p2b: LoGossot|Choice Band|[from] move: Knock Off|[of] p1b: Incineroar\n|move|p2b: LoGossot|Crunch|p1a: Cresselia\n|-supereffective|p1a: Cresselia\n|-damage|p1a: Cresselia|28\/100\n|\n|upkeep\n|turn|3\n|\n|t:|1716488199\n|move|p1b: Incineroar|Knock Off|p2b: LoGossot\n|-damage|p2b: LoGossot|22\/100\n|move|p2a: LoArtiste|Spirit Break|p1a: Cresselia\n|-crit|p1a: Cresselia\n|-damage|p1a: Cresselia|2\/100\n|-unboost|p1a: Cresselia|spa|1\n|move|p1a: Cresselia|Psychic|p2b: LoGossot\n|-damage|p2b: LoGossot|4\/100\n|move|p2b: LoGossot|Crunch|p1a: Cresselia\n|-supereffective|p1a: Cresselia\n|-damage|p1a: Cresselia|0 fnt\n|faint|p1a: Cresselia\n|\n|upkeep\n|\n|t:|1716488203\n|switch|p1a: Calyrex|Calyrex-Ice, L50|100\/100\n|-ability|p1a: Calyrex|As One\n|-ability|p1a: Calyrex|Unnerve\n|turn|4\n|\n|t:|1716488223\n|switch|p1b: Indeedee|Indeedee-F, L50, F|100\/100\n|-fieldstart|move: Psychic Terrain|[from] ability: Psychic Surge|[of] p1b: Indeedee\n|-enditem|p1b: Indeedee|Psychic Seed\n|-boost|p1b: Indeedee|spd|1|[from] item: Psychic Seed\n|move|p2a: LoArtiste|Thunder Wave|p1a: Calyrex\n|-activate|p1a: Calyrex|move: Psychic Terrain\n|move|p1a: Calyrex|Glacial Lance|p2b: LoGossot|[spread] p2a,p2b\n|-resisted|p2b: LoGossot\n|-damage|p2a: LoArtiste|49\/100\n|-damage|p2b: LoGossot|0 fnt\n|faint|p2b: LoGossot\n|-ability|p1a: Calyrex|Chilling Neigh|boost\n|-boost|p1a: Calyrex|atk|1\n|\n|upkeep\n|\n|t:|1716488229\n|switch|p2b: LoPutoCrack|Ditto, L50|100\/100\n|-transform|p2b: LoPutoCrack|p1a: Calyrex|[from] ability: Imposter\n|turn|5\n|\n|t:|1716488252\n|switch|p1b: Incineroar|Incineroar, L50, F, shiny|100\/100\n|-ability|p1b: Incineroar|Intimidate|boost\n|-unboost|p2a: LoArtiste|atk|1\n|-unboost|p2b: LoPutoCrack|atk|1\n|move|p2b: LoPutoCrack|Glacial Lance|p1a: Calyrex|[spread] p1a,p1b\n|-resisted|p1a: Calyrex\n|-resisted|p1b: Incineroar\n|-damage|p1a: Calyrex|83\/100\n|-damage|p1b: Incineroar|70\/100\n|move|p1a: Calyrex|Glacial Lance|p2b: LoPutoCrack|[spread] p2a,p2b\n|-resisted|p2b: LoPutoCrack\n|-damage|p2a: LoArtiste|0 fnt\n|-damage|p2b: LoPutoCrack|79\/100\n|faint|p2a: LoArtiste\n|-ability|p1a: Calyrex|Chilling Neigh|boost\n|-boost|p1a: Calyrex|atk|1\n|\n|-fieldend|move: Trick Room\n|upkeep\n|\n|t:|1716488265\n|switch|p2a: LoPollastre|Lugia, L50|100\/100\n|turn|6\n|\n|t:|1716488281\n|-terastallize|p2a: LoPollastre|Fairy\n|move|p2b: LoPutoCrack|Protect|p2b: LoPutoCrack\n|-singleturn|p2b: LoPutoCrack|Protect\n|move|p2a: LoPollastre|Calm Mind|p2a: LoPollastre\n|-boost|p2a: LoPollastre|spa|1\n|-boost|p2a: LoPollastre|spd|1\n|move|p1b: Incineroar|Knock Off|p2a: LoPollastre\n|-resisted|p2a: LoPollastre\n|-damage|p2a: LoPollastre|95\/100\n|-enditem|p2a: LoPollastre|Leftovers|[from] move: Knock Off|[of] p1b: Incineroar\n|move|p1a: Calyrex|Glacial Lance|p2b: LoPutoCrack|[spread] p2a\n|-activate|p2b: LoPutoCrack|move: Protect\n|-damage|p2a: LoPollastre|50\/100\n|\n|upkeep\n|turn|7\n|\n|t:|1716488302\n|move|p2a: LoPollastre|Shadow Ball|p1a: Calyrex\n|-supereffective|p1a: Calyrex\n|-damage|p1a: Calyrex|48\/100\n|move|p1b: Incineroar|Knock Off|p2b: LoPutoCrack\n|-supereffective|p2b: LoPutoCrack\n|-damage|p2b: LoPutoCrack|27\/100\n|-enditem|p2b: LoPutoCrack|Focus Sash|[from] move: Knock Off|[of] p1b: Incineroar\n|move|p1a: Calyrex|Glacial Lance|p2b: LoPutoCrack|[spread] p2a,p2b\n|-resisted|p2b: LoPutoCrack\n|-damage|p2a: LoPollastre|3\/100\n|-damage|p2b: LoPutoCrack|0 fnt\n|faint|p2b: LoPutoCrack\n|-ability|p1a: Calyrex|Chilling Neigh|boost\n|-boost|p1a: Calyrex|atk|1\n|\n|upkeep\n|turn|8\n|-message|LoCaramerda forfeited.\n|\n|win|xixing\n|raw|xixing's rating: 1711 &rarr; <strong>1732<\/strong><br \/>(+21 for winning)\n|raw|LoCaramerda's rating: 1737 &rarr; <strong>1716<\/strong><br \/>(-21 for losing)\n|l|\u2606LoCaramerda\n|player|p2|\n|l|\u2606xixing\n|player|p1|\n","uploadtime":1716488328,"views":86,"formatid":"gen9vgc2024regg","rating":1716,"private":0,"password":null}