{"id":"gen9vgc2024regg-2129143981","format":"[Gen 9] VGC 2024 Reg G","players":["Riverpasta","chin8"],"log":"|j|\u2606Riverpasta\n|j|\u2606chin8\n|t:|1716495767\n|gametype|doubles\n|player|p1|Riverpasta|red|1720\n|player|p2|chin8|gentleman-gen4dp|1675\n|teamsize|p1|6\n|teamsize|p2|6\n|gen|9\n|tier|[Gen 9] VGC 2024 Reg G\n|rated|\n|rule|Species Clause: Limit one of each Pok\u00e9mon\n|rule|Item Clause: Limit one of each item\n|clearpoke\n|poke|p1|Zamazenta-*, L50|\n|poke|p1|Rillaboom, L50, M|\n|poke|p1|Roaring Moon, L50|\n|poke|p1|Rotom-Wash, L50|\n|poke|p1|Flutter Mane, L50|\n|poke|p1|Entei, L50|\n|poke|p2|Calyrex-Shadow, L50|\n|poke|p2|Incineroar, L50, M|\n|poke|p2|Rillaboom, L50, M|\n|poke|p2|Ogerpon-Wellspring, L50, F|\n|poke|p2|Flutter Mane, L50|\n|poke|p2|Chi-Yu, L50|\n|teampreview|4\n|j| KiloWeighs\n|c| KiloWeighs|Go Chin8\n|j| AMD_T75\n|inactive|Battle timer is ON: inactive players will automatically lose when time's up. (requested by chin8)\n|\n|t:|1716495812\n|start\n|switch|p1a: Roaring Moon|Roaring Moon, L50|100\/100\n|switch|p1b: Entei|Entei, L50|100\/100\n|switch|p2a: Calyrex|Calyrex-Shadow, L50|100\/100\n|switch|p2b: Incineroar|Incineroar, L50, M|100\/100\n|-ability|p2a: Calyrex|As One\n|-ability|p2a: Calyrex|Unnerve\n|-ability|p2b: Incineroar|Intimidate|boost\n|-unboost|p1a: Roaring Moon|atk|1\n|-fail|p1b: Entei|unboost|Attack|[from] ability: Inner Focus|[of] p1b: Entei\n|-enditem|p1a: Roaring Moon|Booster Energy\n|-activate|p1a: Roaring Moon|ability: Protosynthesis|[fromitem]\n|-start|p1a: Roaring Moon|protosynthesisspe\n|turn|1\n|\n|t:|1716495825\n|move|p1a: Roaring Moon|Protect|p1a: Roaring Moon\n|-singleturn|p1a: Roaring Moon|Protect\n|move|p2a: Calyrex|Protect|p2a: Calyrex\n|-singleturn|p2a: Calyrex|Protect\n|move|p1b: Entei|Protect|p1b: Entei\n|-singleturn|p1b: Entei|Protect\n|move|p2b: Incineroar|Parting Shot|p1b: Entei\n|-activate|p1b: Entei|move: Protect\n|\n|upkeep\n|turn|2\n|inactive|Riverpasta has 30 seconds left.\n|\n|t:|1716495853\n|-terastallize|p2a: Calyrex|Fairy\n|move|p1a: Roaring Moon|Tailwind|p1a: Roaring Moon\n|-sidestart|p1: Riverpasta|move: Tailwind\n|move|p1b: Entei|Sacred Fire|p2a: Calyrex\n|-damage|p2a: Calyrex|31\/100\n|-damage|p1b: Entei|91\/100|[from] item: Life Orb\n|move|p2a: Calyrex|Draining Kiss|p1a: Roaring Moon\n|-supereffective|p1a: Roaring Moon\n|-damage|p1a: Roaring Moon|0 fnt\n|-heal|p2a: Calyrex|100\/100|[from] drain|[of] p1a: Roaring Moon\n|faint|p1a: Roaring Moon\n|-end|p1a: Roaring Moon|Protosynthesis|[silent]\n|-ability|p2a: Calyrex|Grim Neigh|boost\n|-boost|p2a: Calyrex|spa|1\n|move|p2b: Incineroar|Parting Shot|p1b: Entei\n|-unboost|p1b: Entei|atk|1\n|-unboost|p1b: Entei|spa|1\n|c|\u2606Riverpasta|Bruh\n|\n|t:|1716495873\n|switch|p2b: Rillaboom|Rillaboom, L50, M|100\/100|[from] Parting Shot\n|-fieldstart|move: Grassy Terrain|[from] ability: Grassy Surge|[of] p2b: Rillaboom\n|\n|-heal|p1b: Entei|97\/100|[from] Grassy Terrain\n|upkeep\n|\n|t:|1716495879\n|switch|p1a: Zamazenta|Zamazenta-Crowned, L50|100\/100\n|-ability|p1a: Zamazenta|Dauntless Shield|boost\n|-boost|p1a: Zamazenta|def|1\n|turn|3\n|j| AveMujicaOfficial\n|\n|t:|1716495902\n|move|p1a: Zamazenta|Wide Guard|p1a: Zamazenta\n|-singleturn|p1a: Zamazenta|Wide Guard\n|move|p2b: Rillaboom|Fake Out|p1a: Zamazenta\n|-resisted|p1a: Zamazenta\n|-damage|p1a: Zamazenta|98\/100\n|move|p1b: Entei|Sacred Fire|p2b: Rillaboom\n|-supereffective|p2b: Rillaboom\n|-damage|p2b: Rillaboom|16\/100\n|-damage|p1b: Entei|87\/100|[from] item: Life Orb\n|move|p2a: Calyrex|Draining Kiss|p1a: Zamazenta\n|-damage|p1a: Zamazenta|65\/100\n|\n|-heal|p1a: Zamazenta|71\/100|[from] Grassy Terrain\n|-heal|p1b: Entei|93\/100|[from] Grassy Terrain\n|-heal|p2b: Rillaboom|22\/100|[from] Grassy Terrain\n|upkeep\n|turn|4\n|\n|t:|1716495926\n|switch|p2b: Incineroar|Incineroar, L50, M|100\/100\n|-ability|p2b: Incineroar|Intimidate|boost\n|-unboost|p1a: Zamazenta|atk|1\n|-fail|p1b: Entei|unboost|Attack|[from] ability: Inner Focus|[of] p1b: Entei\n|move|p2a: Calyrex|Protect|p2a: Calyrex\n|-singleturn|p2a: Calyrex|Protect\n|move|p1a: Zamazenta|Behemoth Bash|p2a: Calyrex\n|-activate|p2a: Calyrex|move: Protect\n|move|p1b: Entei|Sacred Fire|p2a: Calyrex\n|-activate|p2a: Calyrex|move: Protect\n|\n|-heal|p1a: Zamazenta|77\/100|[from] Grassy Terrain\n|-heal|p1b: Entei|99\/100|[from] Grassy Terrain\n|upkeep\n|turn|5\n|\n|t:|1716495942\n|move|p1a: Zamazenta|Wide Guard|p1a: Zamazenta\n|-singleturn|p1a: Zamazenta|Wide Guard\n|move|p2b: Incineroar|Fake Out|p1a: Zamazenta\n|-resisted|p1a: Zamazenta\n|-damage|p1a: Zamazenta|75\/100\n|move|p1b: Entei|Sacred Fire|p2a: Calyrex\n|-damage|p2a: Calyrex|55\/100\n|-damage|p1b: Entei|90\/100|[from] item: Life Orb\n|move|p2a: Calyrex|Draining Kiss|p1a: Zamazenta\n|-damage|p1a: Zamazenta|41\/100\n|-heal|p2a: Calyrex|81\/100|[from] drain|[of] p1a: Zamazenta\n|\n|-heal|p1a: Zamazenta|47\/100|[from] Grassy Terrain\n|-heal|p1b: Entei|96\/100|[from] Grassy Terrain\n|-heal|p2a: Calyrex|87\/100|[from] Grassy Terrain\n|-sideend|p1: Riverpasta|move: Tailwind\n|upkeep\n|turn|6\n|inactive|Riverpasta has 30 seconds left.\n|\n|t:|1716495967\n|switch|p2b: Rillaboom|Rillaboom, L50, M|22\/100\n|move|p2a: Calyrex|Protect|p2a: Calyrex\n|-singleturn|p2a: Calyrex|Protect\n|move|p1a: Zamazenta|Body Press|p2b: Rillaboom\n|-damage|p2b: Rillaboom|0 fnt\n|faint|p2b: Rillaboom\n|move|p1b: Entei|Sacred Fire|p2a: Calyrex\n|-activate|p2a: Calyrex|move: Protect\n|\n|-heal|p2a: Calyrex|93\/100|[from] Grassy Terrain\n|-heal|p1a: Zamazenta|54\/100|[from] Grassy Terrain\n|-heal|p1b: Entei|100\/100|[from] Grassy Terrain\n|-fieldend|move: Grassy Terrain\n|upkeep\n|\n|t:|1716495974\n|switch|p2b: Incineroar|Incineroar, L50, M|100\/100\n|-ability|p2b: Incineroar|Intimidate|boost\n|-unboost|p1a: Zamazenta|atk|1\n|-fail|p1b: Entei|unboost|Attack|[from] ability: Inner Focus|[of] p1b: Entei\n|turn|7\n|\n|t:|1716495982\n|switch|p1b: Flutter Mane|Flutter Mane, L50|100\/100\n|move|p1a: Zamazenta|Protect|p1a: Zamazenta\n|-singleturn|p1a: Zamazenta|Protect\n|move|p2b: Incineroar|Fake Out|p1a: Zamazenta\n|-activate|p1a: Zamazenta|move: Protect\n|move|p2a: Calyrex|Draining Kiss|p1a: Zamazenta\n|-activate|p1a: Zamazenta|move: Protect\n|\n|upkeep\n|turn|8\n|inactive|Riverpasta has 30 seconds left.\n|\n|t:|1716496009\n|switch|p2b: Flutter Mane|Flutter Mane, L50|100\/100\n|-enditem|p2b: Flutter Mane|Booster Energy\n|-activate|p2b: Flutter Mane|ability: Protosynthesis|[fromitem]\n|-start|p2b: Flutter Mane|protosynthesisspe\n|move|p2a: Calyrex|Astral Barrage|p1a: Zamazenta|[spread] p1a,p1b\n|-supereffective|p1b: Flutter Mane\n|-damage|p1a: Zamazenta|0 fnt\n|-enditem|p1b: Flutter Mane|Focus Sash\n|-damage|p1b: Flutter Mane|1\/100\n|faint|p1a: Zamazenta\n|-ability|p2a: Calyrex|Grim Neigh|boost\n|-boost|p2a: Calyrex|spa|1\n|move|p1b: Flutter Mane|Icy Wind|p2a: Calyrex|[spread] p2a,p2b\n|-damage|p2a: Calyrex|79\/100\n|-damage|p2b: Flutter Mane|84\/100\n|-unboost|p2b: Flutter Mane|spe|1\n|\n|upkeep\n|c|\u2606Riverpasta|You USED BARRAGE\n|\n|t:|1716496018\n|switch|p1a: Entei|Entei, L50|100\/100\n|turn|9\n|c| KiloWeighs|Yes\n|\n|t:|1716496033\n|-terastallize|p1a: Entei|Normal\n|move|p1a: Entei|Extreme Speed|p2a: Calyrex\n|-damage|p2a: Calyrex|28\/100\n|-damage|p1a: Entei|91\/100|[from] item: Life Orb\n|move|p2a: Calyrex|Astral Barrage|p1a: Entei|[spread] p1b\n|-immune|p1a: Entei\n|-supereffective|p1b: Flutter Mane\n|-damage|p1b: Flutter Mane|0 fnt\n|faint|p1b: Flutter Mane\n|-end|p1b: Flutter Mane|Protosynthesis|[silent]\n|-ability|p2a: Calyrex|Grim Neigh|boost\n|-boost|p2a: Calyrex|spa|1\n|move|p2b: Flutter Mane|Moonblast|p1a: Entei\n|-crit|p1a: Entei\n|-damage|p1a: Entei|11\/100\n|\n|upkeep\n|turn|10\n|c|\u2606Riverpasta|And that lives\n|c|\u2606Riverpasta|Dude caly is so unfair\n|\n|t:|1716496051\n|move|p1a: Entei|Extreme Speed|p2a: Calyrex\n|-damage|p2a: Calyrex|0 fnt\n|faint|p2a: Calyrex\n|-damage|p1a: Entei|1\/100|[from] item: Life Orb\n|move|p2b: Flutter Mane|Moonblast|p1a: Entei\n|-crit|p1a: Entei\n|-damage|p1a: Entei|0 fnt\n|faint|p1a: Entei\n|\n|win|chin8\n|raw|Riverpasta's rating: 1720 &rarr; <strong>1697<\/strong><br \/>(-23 for losing)\n|raw|chin8's rating: 1675 &rarr; <strong>1698<\/strong><br \/>(+23 for winning)\n|l|\u2606chin8\n|player|p2|\n|c| KiloWeighs|Lol\n|c| KiloWeighs|GGWP\n|c|\u2606Riverpasta|Gg\n|c|\u2606Riverpasta|Its like bringing a tactical nuke to a gunfight\n|c|\u2606Riverpasta|And then youre just playing protect the president\n|c| KiloWeighs|OMSIM.\n|l|\u2606Riverpasta\n|player|p1|\n|l| KiloWeighs\n","uploadtime":1716496262,"views":19,"formatid":"gen9vgc2024regg","rating":1697,"private":0,"password":null}