{"id":"gen9vgc2024regg-2129847880","format":"[Gen 9] VGC 2024 Reg G","players":["philosovgc-x","seanyboy335"],"log":"|j|\u2606philosovgc-x\n|j|\u2606seanyboy335\n|t:|1716582781\n|gametype|doubles\n|player|p1|philosovgc-x|medium|1702\n|player|p2|seanyboy335|benga|1658\n|teamsize|p1|6\n|teamsize|p2|6\n|gen|9\n|tier|[Gen 9] VGC 2024 Reg G\n|rated|\n|rule|Species Clause: Limit one of each Pok\u00e9mon\n|rule|Item Clause: Limit one of each item\n|clearpoke\n|poke|p1|Lycanroc, L50, M|\n|poke|p1|Tyranitar, L50, M|\n|poke|p1|Calyrex-Shadow, L50|\n|poke|p1|Farigiraf, L50, F|\n|poke|p1|Urshifu-*, L50, M|\n|poke|p1|Whimsicott, L50, F|\n|poke|p2|Calyrex-Shadow, L50|\n|poke|p2|Clefairy, L50, F|\n|poke|p2|Smeargle, L50, F|\n|poke|p2|Urshifu-*, L50, M|\n|poke|p2|Chi-Yu, L50|\n|poke|p2|Rillaboom, L50, M|\n|teampreview|4\n|inactive|Battle timer is ON: inactive players will automatically lose when time's up. (requested by seanyboy335)\n|inactive|seanyboy335 has 60 seconds left.\n|\n|t:|1716582820\n|start\n|switch|p1a: Calyrex|Calyrex-Shadow, L50|100\/100\n|switch|p1b: Whimsicott|Whimsicott, L50, F|100\/100\n|switch|p2a: Clefairy|Clefairy, L50, F|100\/100\n|switch|p2b: Calyrex|Calyrex-Shadow, L50|100\/100\n|-ability|p1a: Calyrex|As One\n|-ability|p1a: Calyrex|Unnerve\n|-ability|p2b: Calyrex|As One\n|-ability|p2b: Calyrex|Unnerve\n|turn|1\n|\n|t:|1716582834\n|-terastallize|p1a: Calyrex|Dragon\n|-terastallize|p2b: Calyrex|Fairy\n|move|p1b: Whimsicott|Light Screen|p1b: Whimsicott\n|-sidestart|p1: philosovgc-x|move: Light Screen\n|move|p1a: Calyrex|Astral Barrage|p2b: Calyrex|[spread] p2a,p2b\n|-damage|p2a: Clefairy|31\/100\n|-damage|p2b: Calyrex|43\/100\n|move|p2b: Calyrex|Astral Barrage|p1b: Whimsicott|[spread] p1a,p1b\n|-crit|p1a: Calyrex\n|-damage|p1a: Calyrex|30\/100\n|-damage|p1b: Whimsicott|68\/100\n|move|p2a: Clefairy|Heal Pulse|p2b: Calyrex\n|-heal|p2b: Calyrex|93\/100\n|\n|upkeep\n|turn|2\n|inactive|seanyboy335 has 30 seconds left.\n|\n|t:|1716582865\n|move|p2a: Clefairy|Protect|p2a: Clefairy\n|-singleturn|p2a: Clefairy|Protect\n|move|p1b: Whimsicott|Tailwind|p1b: Whimsicott\n|-sidestart|p1: philosovgc-x|move: Tailwind\n|move|p1a: Calyrex|Astral Barrage|p2a: Clefairy|[spread] p2b\n|-activate|p2a: Clefairy|move: Protect\n|-damage|p2b: Calyrex|35\/100\n|move|p2b: Calyrex|Astral Barrage|p1a: Calyrex|[spread] p1a,p1b\n|-damage|p1a: Calyrex|0 fnt\n|-damage|p1b: Whimsicott|34\/100\n|faint|p1a: Calyrex\n|-ability|p2b: Calyrex|Grim Neigh|boost\n|-boost|p2b: Calyrex|spa|1\n|\n|upkeep\n|\n|t:|1716582876\n|switch|p1a: Farigiraf|Farigiraf, L50, F, shiny|100\/100\n|turn|3\n|\n|t:|1716582898\n|move|p1a: Farigiraf|Protect|p1a: Farigiraf\n|-singleturn|p1a: Farigiraf|Protect\n|move|p2a: Clefairy|Follow Me|p2a: Clefairy\n|-singleturn|p2a: Clefairy|move: Follow Me\n|move|p1b: Whimsicott|Moonblast|p2a: Clefairy\n|-damage|p2a: Clefairy|8\/100\n|-unboost|p2a: Clefairy|spa|1\n|move|p2b: Calyrex|Draining Kiss|p1b: Whimsicott\n|-damage|p1b: Whimsicott|5\/100\n|-heal|p2b: Calyrex|53\/100|[from] drain|[of] p1b: Whimsicott\n|\n|upkeep\n|turn|4\n|inactive|seanyboy335 has 30 seconds left.\n|inactive|seanyboy335 has 20 seconds left.\n|\n|t:|1716582934\n|move|p2a: Clefairy|Follow Me|p2a: Clefairy\n|-singleturn|p2a: Clefairy|move: Follow Me\n|move|p1b: Whimsicott|Encore|p2a: Clefairy\n|-start|p2a: Clefairy|Encore\n|move|p2b: Calyrex|Astral Barrage|p1b: Whimsicott|[spread] p1b\n|-immune|p1a: Farigiraf\n|-damage|p1b: Whimsicott|0 fnt\n|faint|p1b: Whimsicott\n|-ability|p2b: Calyrex|Grim Neigh|boost\n|-boost|p2b: Calyrex|spa|1\n|move|p1a: Farigiraf|Trick Room|p1a: Farigiraf\n|-fieldstart|move: Trick Room|[of] p1a: Farigiraf\n|\n|upkeep\n|\n|t:|1716582937\n|switch|p1b: Tyranitar|Tyranitar, L50, M|100\/100\n|-weather|Sandstorm|[from] ability: Sand Stream|[of] p1b: Tyranitar\n|turn|5\n|\n|t:|1716582955\n|move|p2a: Clefairy|Follow Me|p2a: Clefairy\n|-singleturn|p2a: Clefairy|move: Follow Me\n|move|p1a: Farigiraf|Psychic|p2a: Clefairy\n|-damage|p2a: Clefairy|0 fnt\n|faint|p2a: Clefairy\n|move|p1b: Tyranitar|Rock Slide|p2b: Calyrex\n|-damage|p2b: Calyrex|21\/100\n|move|p2b: Calyrex|Draining Kiss|p1b: Tyranitar\n|-supereffective|p1b: Tyranitar\n|-damage|p1b: Tyranitar|54\/100\n|-heal|p2b: Calyrex|56\/100|[from] drain|[of] p1b: Tyranitar\n|\n|-weather|Sandstorm|[upkeep]\n|-damage|p2b: Calyrex|50\/100|[from] Sandstorm\n|-sideend|p1: philosovgc-x|move: Light Screen\n|-sideend|p1: philosovgc-x|move: Tailwind\n|upkeep\n|\n|t:|1716582970\n|switch|p2a: Smeargle|Smeargle, L50, F|100\/100\n|turn|6\n|\n|t:|1716582980\n|move|p2a: Smeargle|Wide Guard|p2a: Smeargle\n|-singleturn|p2a: Smeargle|Wide Guard\n|move|p1a: Farigiraf|Psychic|p2a: Smeargle\n|-damage|p2a: Smeargle|37\/100\n|-unboost|p2a: Smeargle|spd|1\n|move|p1b: Tyranitar|Knock Off|p2a: Smeargle\n|-damage|p2a: Smeargle|0 fnt\n|-enditem|p2a: Smeargle|Focus Sash|[from] move: Knock Off|[of] p1b: Tyranitar\n|faint|p2a: Smeargle\n|move|p2b: Calyrex|Draining Kiss|p1b: Tyranitar\n|-supereffective|p1b: Tyranitar\n|-damage|p1b: Tyranitar|0 fnt\n|-heal|p2b: Calyrex|91\/100|[from] drain|[of] p1b: Tyranitar\n|faint|p1b: Tyranitar\n|-ability|p2b: Calyrex|Grim Neigh|boost\n|-boost|p2b: Calyrex|spa|1\n|\n|-weather|Sandstorm|[upkeep]\n|-damage|p2b: Calyrex|85\/100|[from] Sandstorm\n|upkeep\n|-message|philosovgc-x forfeited.\n|\n|win|seanyboy335\n|raw|philosovgc-x's rating: 1720 &rarr; <strong>1696<\/strong><br \/>(-24 for losing)\n|raw|seanyboy335's rating: 1658 &rarr; <strong>1682<\/strong><br \/>(+24 for winning)\n|l|\u2606philosovgc-x\n|player|p1|\n|l|\u2606seanyboy335\n|player|p2|\n","uploadtime":1716583201,"views":23,"formatid":"gen9vgc2024regg","rating":1682,"private":0,"password":null}