{"id":"gen9vgc2024regg-2129851869","format":"[Gen 9] VGC 2024 Reg G","players":["seanyboy335","philosovgc-x"],"log":"|j|\u2606seanyboy335\n|j|\u2606philosovgc-x\n|t:|1716583213\n|gametype|doubles\n|player|p1|seanyboy335|benga|1696\n|player|p2|philosovgc-x|medium|1726\n|teamsize|p1|6\n|teamsize|p2|6\n|gen|9\n|tier|[Gen 9] VGC 2024 Reg G\n|rated|\n|rule|Species Clause: Limit one of each Pok\u00e9mon\n|rule|Item Clause: Limit one of each item\n|clearpoke\n|poke|p1|Calyrex-Shadow, L50|\n|poke|p1|Clefairy, L50, F|\n|poke|p1|Smeargle, L50, F|\n|poke|p1|Urshifu-*, L50, F|\n|poke|p1|Chi-Yu, L50|\n|poke|p1|Rillaboom, L50, M|\n|poke|p2|Lycanroc, L50, F|\n|poke|p2|Tyranitar, L50, M|\n|poke|p2|Calyrex-Shadow, L50|\n|poke|p2|Farigiraf, L50, M|\n|poke|p2|Urshifu-*, L50, M|\n|poke|p2|Whimsicott, L50, M|\n|teampreview|4\n|inactive|Battle timer is ON: inactive players will automatically lose when time's up. (requested by seanyboy335)\n|\n|t:|1716583232\n|start\n|switch|p1a: Smeargle|Smeargle, L50, F|100\/100\n|switch|p1b: Calyrex|Calyrex-Shadow, L50|100\/100\n|switch|p2a: Calyrex|Calyrex-Shadow, L50|100\/100\n|switch|p2b: Whimsicott|Whimsicott, L50, M|100\/100\n|-ability|p2a: Calyrex|As One\n|-ability|p2a: Calyrex|Unnerve\n|-ability|p1b: Calyrex|As One\n|-ability|p1b: Calyrex|Unnerve\n|turn|1\n|\n|t:|1716583250\n|switch|p2a: Farigiraf|Farigiraf, L50, M, shiny|100\/100\n|move|p1a: Smeargle|Wide Guard|p1a: Smeargle\n|-singleturn|p1a: Smeargle|Wide Guard\n|move|p2b: Whimsicott|Light Screen|p2b: Whimsicott\n|-sidestart|p2: philosovgc-x|move: Light Screen\n|move|p1b: Calyrex|Nasty Plot|p1b: Calyrex\n|-boost|p1b: Calyrex|spa|2\n|\n|-ability|p1a: Smeargle|Moody|boost\n|-boost|p1a: Smeargle|atk|2\n|-unboost|p1a: Smeargle|spd|1\n|upkeep\n|turn|2\n|\n|t:|1716583269\n|-terastallize|p1b: Calyrex|Fairy\n|move|p2b: Whimsicott|Encore|p1b: Calyrex\n|-start|p1b: Calyrex|Encore\n|move|p1b: Calyrex|Nasty Plot|p1b: Calyrex\n|-boost|p1b: Calyrex|spa|2\n|move|p1a: Smeargle|Spore|p2a: Farigiraf\n|-activate|p2a: Farigiraf|item: Safety Goggles|Spore\n|move|p2a: Farigiraf|Psychic|p1a: Smeargle\n|-damage|p1a: Smeargle|4\/100\n|-unboost|p1a: Smeargle|spd|1\n|\n|-ability|p1a: Smeargle|Moody|boost\n|-boost|p1a: Smeargle|spe|2\n|-unboost|p1a: Smeargle|spd|1\n|upkeep\n|turn|3\n|inactive|seanyboy335 has 30 seconds left.\n|\n|t:|1716583295\n|switch|p1b: Clefairy|Clefairy, L50, F|100\/100\n|move|p1a: Smeargle|Follow Me|p1a: Smeargle\n|-singleturn|p1a: Smeargle|move: Follow Me\n|move|p2b: Whimsicott|Tailwind|p2b: Whimsicott\n|-sidestart|p2: philosovgc-x|move: Tailwind\n|move|p2a: Farigiraf|Dazzling Gleam|p1a: Smeargle|[spread] p1a,p1b\n|-damage|p1a: Smeargle|0 fnt\n|-damage|p1b: Clefairy|87\/100\n|faint|p1a: Smeargle\n|\n|upkeep\n|\n|t:|1716583299\n|switch|p1a: Urshifu|Urshifu-Rapid-Strike, L50, F|100\/100\n|turn|4\n|\n|t:|1716583307\n|move|p1b: Clefairy|Follow Me|p1b: Clefairy\n|-singleturn|p1b: Clefairy|move: Follow Me\n|move|p2b: Whimsicott|Moonblast|p1b: Clefairy\n|-damage|p1b: Clefairy|64\/100\n|-unboost|p1b: Clefairy|spa|1\n|move|p2a: Farigiraf|Psychic|p1b: Clefairy\n|-damage|p1b: Clefairy|35\/100\n|move|p1a: Urshifu|Surging Strikes|p2a: Farigiraf\n|-crit|p2a: Farigiraf\n|-damage|p2a: Farigiraf|80\/100\n|-crit|p2a: Farigiraf\n|-damage|p2a: Farigiraf|61\/100\n|-crit|p2a: Farigiraf\n|-damage|p2a: Farigiraf|39\/100\n|-hitcount|p2a: Farigiraf|3\n|\n|upkeep\n|turn|5\n|\n|t:|1716583330\n|move|p1b: Clefairy|Follow Me|p1b: Clefairy\n|-singleturn|p1b: Clefairy|move: Follow Me\n|move|p2b: Whimsicott|Moonblast|p1b: Clefairy\n|-damage|p1b: Clefairy|12\/100\n|move|p2a: Farigiraf|Psychic|p1b: Clefairy\n|-damage|p1b: Clefairy|0 fnt\n|faint|p1b: Clefairy\n|move|p1a: Urshifu|Surging Strikes|p2b: Whimsicott\n|-resisted|p2b: Whimsicott\n|-crit|p2b: Whimsicott\n|-damage|p2b: Whimsicott|86\/100\n|-resisted|p2b: Whimsicott\n|-crit|p2b: Whimsicott\n|-damage|p2b: Whimsicott|71\/100\n|-resisted|p2b: Whimsicott\n|-crit|p2b: Whimsicott\n|-damage|p2b: Whimsicott|57\/100\n|-hitcount|p2b: Whimsicott|3\n|\n|-sideend|p2: philosovgc-x|move: Light Screen\n|upkeep\n|\n|t:|1716583333\n|switch|p1b: Calyrex|Calyrex-Shadow, L50, tera:Fairy|100\/100\n|-ability|p1b: Calyrex|As One\n|-ability|p1b: Calyrex|Unnerve\n|turn|6\n|\n|t:|1716583367\n|move|p1a: Urshifu|Protect|p1a: Urshifu\n|-singleturn|p1a: Urshifu|Protect\n|move|p2b: Whimsicott|Light Screen|p2b: Whimsicott\n|-sidestart|p2: philosovgc-x|move: Light Screen\n|move|p1b: Calyrex|Astral Barrage|p2a: Farigiraf|[spread] p2b\n|-immune|p2a: Farigiraf\n|-damage|p2b: Whimsicott|24\/100\n|move|p2a: Farigiraf|Psychic|p1a: Urshifu\n|-activate|p1a: Urshifu|move: Protect\n|\n|-sideend|p2: philosovgc-x|move: Tailwind\n|upkeep\n|turn|7\n|\n|t:|1716583385\n|move|p2b: Whimsicott|Encore|p1a: Urshifu\n|-start|p1a: Urshifu|Encore\n|move|p1b: Calyrex|Astral Barrage|p2b: Whimsicott|[spread] p2b\n|-immune|p2a: Farigiraf\n|-damage|p2b: Whimsicott|0 fnt\n|faint|p2b: Whimsicott\n|-ability|p1b: Calyrex|Grim Neigh|boost\n|-boost|p1b: Calyrex|spa|1\n|move|p1a: Urshifu|Protect||[still]\n|-fail|p1a: Urshifu\n|move|p2a: Farigiraf|Psychic|p1a: Urshifu\n|-supereffective|p1a: Urshifu\n|-damage|p1a: Urshifu|15\/100\n|\n|upkeep\n|\n|t:|1716583390\n|switch|p2b: Calyrex|Calyrex-Shadow, L50|100\/100\n|-ability|p2b: Calyrex|As One\n|-ability|p2b: Calyrex|Unnerve\n|turn|8\n|\n|t:|1716583412\n|move|p1a: Urshifu|Protect|p1a: Urshifu\n|-singleturn|p1a: Urshifu|Protect\n|move|p2b: Calyrex|Astral Barrage|p1a: Urshifu|[spread] p1b\n|-activate|p1a: Urshifu|move: Protect\n|-damage|p1b: Calyrex|27\/100\n|move|p1b: Calyrex|Astral Barrage|p2b: Calyrex|[spread] p2b\n|-immune|p2a: Farigiraf\n|-supereffective|p2b: Calyrex\n|-damage|p2b: Calyrex|0 fnt\n|faint|p2b: Calyrex\n|-ability|p1b: Calyrex|Grim Neigh|boost\n|-boost|p1b: Calyrex|spa|1\n|move|p2a: Farigiraf|Trick Room|p2a: Farigiraf\n|-fieldstart|move: Trick Room|[of] p2a: Farigiraf\n|\n|upkeep\n|\n|t:|1716583421\n|switch|p2b: Tyranitar|Tyranitar, L50, M|100\/100\n|-weather|Sandstorm|[from] ability: Sand Stream|[of] p2b: Tyranitar\n|turn|9\n|inactive|seanyboy335 has 30 seconds left.\n|\n|t:|1716583452\n|-terastallize|p2b: Tyranitar|Grass\n|move|p1a: Urshifu|Protect||[still]\n|-fail|p1a: Urshifu\n|move|p2a: Farigiraf|Dazzling Gleam|p1a: Urshifu|[spread] p1a,p1b\n|-supereffective|p1a: Urshifu\n|-damage|p1a: Urshifu|0 fnt\n|-damage|p1b: Calyrex|13\/100\n|faint|p1a: Urshifu\n|move|p2b: Tyranitar|Tera Blast|p1b: Calyrex|[anim] Tera Blast Grass\n|-damage|p1b: Calyrex|0 fnt\n|faint|p1b: Calyrex\n|\n|win|philosovgc-x\n|raw|seanyboy335's rating: 1696 &rarr; <strong>1677<\/strong><br \/>(-19 for losing)\n|raw|philosovgc-x's rating: 1705 &rarr; <strong>1724<\/strong><br \/>(+19 for winning)\n|l|\u2606philosovgc-x\n|player|p2|\n|l|\u2606seanyboy335\n|player|p1|\n","uploadtime":1716583617,"views":38,"formatid":"gen9vgc2024regg","rating":1677,"private":0,"password":null}