{"id":"gen9vgc2024regg-2129192222","format":"[Gen 9] VGC 2024 Reg G","players":["philosovgc-x","ScarfAccelgor"],"log":"|j|\u2606philosovgc-x\n|j|\u2606ScarfAccelgor\n|t:|1716500644\n|gametype|doubles\n|player|p1|philosovgc-x|medium|1739\n|player|p2|ScarfAccelgor|2|1712\n|teamsize|p1|6\n|teamsize|p2|6\n|gen|9\n|tier|[Gen 9] VGC 2024 Reg G\n|rated|\n|rule|Species Clause: Limit one of each Pok\u00e9mon\n|rule|Item Clause: Limit one of each item\n|clearpoke\n|poke|p1|Lycanroc-Dusk, L50, M|\n|poke|p1|Calyrex-Shadow, L50|\n|poke|p1|Chi-Yu, L50|\n|poke|p1|Urshifu-*, L50, F|\n|poke|p1|Whimsicott, L50, M|\n|poke|p1|Indeedee, L50, M|\n|poke|p2|Calyrex-Shadow, L50|\n|poke|p2|Urshifu-*, L50, M|\n|poke|p2|Raging Bolt, L50|\n|poke|p2|Incineroar, L50, F|\n|poke|p2|Gastrodon-East, L50, F|\n|poke|p2|Flutter Mane, L50|\n|teampreview|4\nScarfAccelgor has agreed to open team sheets.\nphilosovgc-x has agreed to open team sheets.\n|j| trashman99\n|\n|t:|1716500784\n|start\n|switch|p1a: Calyrex|Calyrex-Shadow, L50|100\/100\n|switch|p1b: Urshifu|Urshifu-Rapid-Strike, L50, F|100\/100\n|switch|p2a: Raging Bolt|Raging Bolt, L50|100\/100\n|switch|p2b: Incineroar|Incineroar, L50, F|100\/100\n|-ability|p1a: Calyrex|As One\n|-ability|p1a: Calyrex|Unnerve\n|-ability|p2b: Incineroar|Intimidate|boost\n|-unboost|p1a: Calyrex|atk|1\n|-unboost|p1b: Urshifu|atk|1\n|turn|1\n|\n|t:|1716500805\n|switch|p1b: Indeedee|Indeedee, L50, M, shiny|100\/100\n|-fieldstart|move: Psychic Terrain|[from] ability: Psychic Surge|[of] p1b: Indeedee\n|-terastallize|p1a: Calyrex|Water\n|move|p1a: Calyrex|Tera Blast|p2b: Incineroar|[anim] Tera Blast Water\n|-supereffective|p2b: Incineroar\n|-damage|p2b: Incineroar|0 fnt\n|faint|p2b: Incineroar\n|-ability|p1a: Calyrex|Grim Neigh|boost\n|-boost|p1a: Calyrex|spa|1\n|move|p2a: Raging Bolt|Electroweb|p1b: Indeedee|[spread] p1a,p1b\n|-supereffective|p1a: Calyrex\n|-damage|p1a: Calyrex|59\/100\n|-damage|p1b: Indeedee|67\/100\n|-unboost|p1a: Calyrex|spe|1\n|-unboost|p1b: Indeedee|spe|1\n|\n|upkeep\n|\n|t:|1716500844\n|switch|p2b: Calyrex|Calyrex-Shadow, L50|100\/100\n|-ability|p2b: Calyrex|As One\n|-ability|p2b: Calyrex|Unnerve\n|turn|2\n|\n|t:|1716500857\n|switch|p1a: Whimsicott|Whimsicott, L50, M|100\/100\n|move|p2b: Calyrex|Protect|p2b: Calyrex\n|-singleturn|p2b: Calyrex|Protect\n|move|p1b: Indeedee|Expanding Force|p2a: Raging Bolt|[spread] p2a\n|-activate|p2b: Calyrex|move: Protect\n|-damage|p2a: Raging Bolt|75\/100\n|move|p2a: Raging Bolt|Electroweb|p1b: Indeedee|[spread] p1a,p1b\n|-resisted|p1a: Whimsicott\n|-damage|p1a: Whimsicott|90\/100\n|-damage|p1b: Indeedee|38\/100\n|-unboost|p1a: Whimsicott|spe|1\n|-unboost|p1b: Indeedee|spe|1\n|\n|upkeep\n|turn|3\n|\n|t:|1716500906\n|move|p1a: Whimsicott|Tailwind|p1a: Whimsicott\n|-sidestart|p1: philosovgc-x|move: Tailwind\n|move|p2b: Calyrex|Astral Barrage|p1a: Whimsicott|[spread] p1a\n|-immune|p1b: Indeedee\n|-damage|p1a: Whimsicott|41\/100\n|move|p1b: Indeedee|Expanding Force|p2a: Raging Bolt|[spread] p2a,p2b\n|-resisted|p2b: Calyrex\n|-damage|p2a: Raging Bolt|50\/100\n|-damage|p2b: Calyrex|76\/100\n|move|p2a: Raging Bolt|Electroweb|p1a: Whimsicott|[spread] p1a\n|-miss|p2a: Raging Bolt|p1b: Indeedee\n|-resisted|p1a: Whimsicott\n|-damage|p1a: Whimsicott|30\/100\n|-unboost|p1a: Whimsicott|spe|1\n|\n|upkeep\n|turn|4\n|\n|t:|1716500944\n|-end|p2a: Raging Bolt|Protosynthesis|[silent]\n|switch|p2a: Flutter Mane|Flutter Mane, L50|100\/100\n|-enditem|p2a: Flutter Mane|Booster Energy\n|-activate|p2a: Flutter Mane|ability: Protosynthesis|[fromitem]\n|-start|p2a: Flutter Mane|protosynthesisspe\n|move|p2b: Calyrex|Astral Barrage|p1b: Indeedee|[spread] p1a\n|-immune|p1b: Indeedee\n|-damage|p1a: Whimsicott|0 fnt\n|faint|p1a: Whimsicott\n|-ability|p2b: Calyrex|Grim Neigh|boost\n|-boost|p2b: Calyrex|spa|1\n|move|p1b: Indeedee|Expanding Force|p2b: Calyrex|[spread] p2a,p2b\n|-resisted|p2b: Calyrex\n|-crit|p2b: Calyrex\n|-damage|p2a: Flutter Mane|52\/100\n|-damage|p2b: Calyrex|40\/100\n|\n|upkeep\n|\n|t:|1716500947\n|switch|p1a: Calyrex|Calyrex-Shadow, L50, tera:Water|59\/100\n|-ability|p1a: Calyrex|As One\n|-ability|p1a: Calyrex|Unnerve\n|turn|5\n|\n|t:|1716500984\n|switch|p1b: Urshifu|Urshifu-Rapid-Strike, L50, F|100\/100\n|move|p2a: Flutter Mane|Protect|p2a: Flutter Mane\n|-singleturn|p2a: Flutter Mane|Protect\n|move|p1a: Calyrex|Astral Barrage|p2a: Flutter Mane|[spread] p2b\n|-activate|p2a: Flutter Mane|move: Protect\n|-supereffective|p2b: Calyrex\n|-damage|p2b: Calyrex|0 fnt\n|faint|p2b: Calyrex\n|-ability|p1a: Calyrex|Grim Neigh|boost\n|-boost|p1a: Calyrex|spa|1\n|\n|-fieldend|move: Psychic Terrain\n|upkeep\n|-message|ScarfAccelgor forfeited.\n|\n|win|philosovgc-x\n|raw|philosovgc-x's rating: 1685 &rarr; <strong>1707<\/strong><br \/>(+22 for winning)\n|raw|ScarfAccelgor's rating: 1712 &rarr; <strong>1690<\/strong><br \/>(-22 for losing)\n|l|\u2606ScarfAccelgor\n|player|p2|\n|l|\u2606philosovgc-x\n|player|p1|\n|l| trashman99\n","uploadtime":1716501213,"views":32,"formatid":"gen9vgc2024regg","rating":1690,"private":0,"password":null}