{"id":"gen9vgc2024regg-2129172059","format":"[Gen 9] VGC 2024 Reg G","players":["chin8","KSunfr"],"log":"|j|\u2606chin8\n|j|\u2606KSunfr\n|t:|1716498529\n|gametype|doubles\n|player|p1|chin8|gentleman-gen4dp|1696\n|player|p2|KSunfr|102|1701\n|teamsize|p1|6\n|teamsize|p2|6\n|gen|9\n|tier|[Gen 9] VGC 2024 Reg G\n|rated|\n|rule|Species Clause: Limit one of each Pok\u00e9mon\n|rule|Item Clause: Limit one of each item\n|clearpoke\n|poke|p1|Calyrex-Shadow, L50|\n|poke|p1|Incineroar, L50, M|\n|poke|p1|Rillaboom, L50, M|\n|poke|p1|Ogerpon-Wellspring, L50, F|\n|poke|p1|Flutter Mane, L50|\n|poke|p1|Chi-Yu, L50|\n|poke|p2|Flutter Mane, L50|\n|poke|p2|Raging Bolt, L50|\n|poke|p2|Oranguru, L50, M|\n|poke|p2|Urshifu-*, L50, M|\n|poke|p2|Tornadus, L50, M|\n|poke|p2|Terapagos, L50, M|\n|teampreview|4\n|inactive|Battle timer is ON: inactive players will automatically lose when time's up. (requested by KSunfr)\n|j| grumpyolddude\n|inactive|KSunfr has 60 seconds left.\n|\n|t:|1716498564\n|start\n|switch|p1a: Calyrex|Calyrex-Shadow, L50|100\/100\n|switch|p1b: Ogerpon|Ogerpon-Wellspring, L50, F|100\/100\n|switch|p2a: Flutter Mane|Flutter Mane, L50|100\/100\n|switch|p2b: Oranguru|Oranguru, L50, M|100\/100\n|-ability|p1a: Calyrex|As One\n|-ability|p1a: Calyrex|Unnerve\n|-enditem|p2a: Flutter Mane|Booster Energy\n|-activate|p2a: Flutter Mane|ability: Protosynthesis|[fromitem]\n|-start|p2a: Flutter Mane|protosynthesisspe\n|turn|1\n|\n|t:|1716498587\n|-terastallize|p1a: Calyrex|Fairy\n|move|p2a: Flutter Mane|Icy Wind|p1b: Ogerpon|[spread] p1a,p1b\n|-damage|p1a: Calyrex|87\/100\n|-damage|p1b: Ogerpon|87\/100\n|-unboost|p1b: Ogerpon|spe|1\n|move|p1a: Calyrex|Calm Mind|p1a: Calyrex\n|-boost|p1a: Calyrex|spa|1\n|-boost|p1a: Calyrex|spd|1\n|move|p1b: Ogerpon|Ivy Cudgel|p2b: Oranguru|[anim] Ivy Cudgel Water\n|-damage|p2b: Oranguru|60\/100\n|move|p2b: Oranguru|Foul Play|p1a: Calyrex\n|-resisted|p1a: Calyrex\n|-damage|p1a: Calyrex|80\/100\n|\n|upkeep\n|turn|2\n|\n|t:|1716498607\n|move|p2a: Flutter Mane|Fake Tears|p1a: Calyrex\n|-fail|p1a: Calyrex|unboost|[from] item: Clear Amulet|[of] p1a: Calyrex\n|move|p1a: Calyrex|Draining Kiss|p2b: Oranguru\n|-damage|p2b: Oranguru|21\/100\n|-heal|p1a: Calyrex|100\/100|[from] drain|[of] p2b: Oranguru\n|move|p1b: Ogerpon|Ivy Cudgel|p2b: Oranguru|[anim] Ivy Cudgel Water\n|-crit|p2b: Oranguru\n|-damage|p2b: Oranguru|0 fnt\n|faint|p2b: Oranguru\n|\n|upkeep\n|\n|t:|1716498613\n|switch|p2b: Terapagos|Terapagos, L50, M|100\/100\n|-activate|p2b: Terapagos|ability: Tera Shift\n|detailschange|p2b: Terapagos|Terapagos-Terastal, L50, M\n|-heal|p2b: Terapagos|100\/100|[silent]\n|turn|3\n|j| ChestnaughtGamings\n|\n|t:|1716498627\n|-terastallize|p2b: Terapagos|Stellar\n|detailschange|p2b: Terapagos|Terapagos-Stellar, L50, M, tera:Stellar\n|-heal|p2b: Terapagos|100\/100|[silent]\n|move|p1a: Calyrex|Protect|p1a: Calyrex\n|-singleturn|p1a: Calyrex|Protect\n|move|p2a: Flutter Mane|Icy Wind|p1b: Ogerpon|[spread] p1b\n|-activate|p1a: Calyrex|move: Protect\n|-damage|p1b: Ogerpon|75\/100\n|-unboost|p1b: Ogerpon|spe|1\n|move|p2b: Terapagos|Tera Starstorm|p1b: Ogerpon|[spread] p1b\n|-activate|p1a: Calyrex|move: Protect\n|-damage|p1b: Ogerpon|19\/100\n|move|p1b: Ogerpon|Ivy Cudgel|p2b: Terapagos|[anim] Ivy Cudgel Water\n|-damage|p2b: Terapagos|64\/100\n|\n|upkeep\n|turn|4\n|\n|t:|1716498642\n|switch|p1b: Rillaboom|Rillaboom, L50, M|100\/100\n|-fieldstart|move: Grassy Terrain|[from] ability: Grassy Surge|[of] p1b: Rillaboom\n|move|p2a: Flutter Mane|Moonblast|p1b: Rillaboom\n|-damage|p1b: Rillaboom|71\/100\n|move|p1a: Calyrex|Astral Barrage|p2b: Terapagos|[spread] p2a\n|-immune|p2b: Terapagos\n|-supereffective|p2a: Flutter Mane\n|-damage|p2a: Flutter Mane|0 fnt\n|faint|p2a: Flutter Mane\n|-end|p2a: Flutter Mane|Protosynthesis|[silent]\n|-ability|p1a: Calyrex|Grim Neigh|boost\n|-boost|p1a: Calyrex|spa|1\n|move|p2b: Terapagos|Tera Starstorm|p1b: Rillaboom|[spread] p1a,p1b\n|-supereffective|p1a: Calyrex\n|-damage|p1a: Calyrex|19\/100\n|-damage|p1b: Rillaboom|30\/100\n|\n|-heal|p1a: Calyrex|24\/100|[from] Grassy Terrain\n|-heal|p2b: Terapagos|70\/100|[from] Grassy Terrain\n|-heal|p1b: Rillaboom|36\/100|[from] Grassy Terrain\n|upkeep\n|\n|t:|1716498646\n|switch|p2a: Urshifu|Urshifu, L50, M|100\/100\n|turn|5\n|\n|t:|1716498667\n|move|p2a: Urshifu|Detect|p2a: Urshifu\n|-singleturn|p2a: Urshifu|Protect\n|move|p1b: Rillaboom|Fake Out|p2a: Urshifu\n|-activate|p2a: Urshifu|move: Protect\n|move|p1a: Calyrex|Draining Kiss|p2a: Urshifu\n|-activate|p2a: Urshifu|move: Protect\n|move|p2b: Terapagos|Tera Starstorm|p1b: Rillaboom|[spread] p1a,p1b\n|-supereffective|p1a: Calyrex\n|-damage|p1a: Calyrex|0 fnt\n|-damage|p1b: Rillaboom|0 fnt\n|faint|p1a: Calyrex\n|faint|p1b: Rillaboom\n|\n|-heal|p2b: Terapagos|75\/100|[from] Grassy Terrain\n|upkeep\n|-message|chin8 forfeited.\n|\n|win|KSunfr\n|raw|chin8's rating: 1696 &rarr; <strong>1676<\/strong><br \/>(-20 for losing)\n|raw|KSunfr's rating: 1701 &rarr; <strong>1721<\/strong><br \/>(+20 for winning)\n|l|\u2606chin8\n|player|p1|\n|l|\u2606KSunfr\n|player|p2|\n|l| ChestnaughtGamings\n","uploadtime":1716498875,"views":26,"formatid":"gen9vgc2024regg","rating":1676,"private":0,"password":null}