{"id":"gen9vgc2024regg-2129173668","format":"[Gen 9] VGC 2024 Reg G","players":["KSunfr","philosovgc-x"],"log":"|j|\u2606KSunfr\n|j|\u2606philosovgc-x\n|t:|1716498692\n|gametype|doubles\n|player|p1|KSunfr|102|1721\n|player|p2|philosovgc-x|medium|1646\n|teamsize|p1|6\n|teamsize|p2|6\n|gen|9\n|tier|[Gen 9] VGC 2024 Reg G\n|rated|\n|rule|Species Clause: Limit one of each Pok\u00e9mon\n|rule|Item Clause: Limit one of each item\n|clearpoke\n|poke|p1|Flutter Mane, L50|\n|poke|p1|Raging Bolt, L50|\n|poke|p1|Oranguru, L50, F|\n|poke|p1|Urshifu-*, L50, M|\n|poke|p1|Tornadus, L50, M|\n|poke|p1|Terapagos, L50, M|\n|poke|p2|Lycanroc-Dusk, L50, F|\n|poke|p2|Calyrex-Shadow, L50|\n|poke|p2|Chi-Yu, L50|\n|poke|p2|Urshifu-*, L50, F|\n|poke|p2|Whimsicott, L50, F|\n|poke|p2|Indeedee, L50, M|\n|teampreview|4\n|inactive|Battle timer is ON: inactive players will automatically lose when time's up. (requested by KSunfr)\nphilosovgc-x has agreed to open team sheets.\nKSunfr has agreed to open team sheets.\n|inactive|KSunfr has 30 seconds left.\n|j| ChestnaughtGamings\n|inactive|KSunfr has 20 seconds left.\n|\n|t:|1716498751\n|start\n|switch|p1a: Flutter Mane|Flutter Mane, L50|100\/100\n|switch|p1b: Terapagos|Terapagos, L50, M|100\/100\n|switch|p2a: Calyrex|Calyrex-Shadow, L50|100\/100\n|switch|p2b: Whimsicott|Whimsicott, L50, F|100\/100\n|-ability|p2a: Calyrex|As One\n|-ability|p2a: Calyrex|Unnerve\n|-activate|p1b: Terapagos|ability: Tera Shift\n|detailschange|p1b: Terapagos|Terapagos-Terastal, L50, M\n|-heal|p1b: Terapagos|100\/100|[silent]\n|-enditem|p1a: Flutter Mane|Booster Energy\n|-activate|p1a: Flutter Mane|ability: Protosynthesis|[fromitem]\n|-start|p1a: Flutter Mane|protosynthesisspe\n|turn|1\n|\n|t:|1716498771\n|-terastallize|p1b: Terapagos|Stellar\n|detailschange|p1b: Terapagos|Terapagos-Stellar, L50, M, tera:Stellar\n|-heal|p1b: Terapagos|100\/100|[silent]\n|move|p2b: Whimsicott|Tailwind|p2b: Whimsicott\n|-sidestart|p2: philosovgc-x|move: Tailwind\n|move|p2a: Calyrex|Expanding Force|p1b: Terapagos\n|-damage|p1b: Terapagos|47\/100\n|move|p1a: Flutter Mane|Icy Wind|p2b: Whimsicott|[spread] p2a,p2b\n|-supereffective|p2b: Whimsicott\n|-damage|p2a: Calyrex|87\/100\n|-damage|p2b: Whimsicott|77\/100\n|-unboost|p2a: Calyrex|spe|1\n|-unboost|p2b: Whimsicott|spe|1\n|move|p1b: Terapagos|Tera Starstorm|p2a: Calyrex|[spread] p2a,p2b\n|-damage|p2a: Calyrex|26\/100\n|-damage|p2b: Whimsicott|17\/100\n|\n|upkeep\n|turn|2\n|\n|t:|1716498791\n|switch|p2b: Indeedee|Indeedee, L50, M, shiny|100\/100\n|-fieldstart|move: Psychic Terrain|[from] ability: Psychic Surge|[of] p2b: Indeedee\n|switch|p1b: Urshifu|Urshifu, L50, M|100\/100\n|move|p2a: Calyrex|Expanding Force|p1b: Urshifu|[spread] p1a\n|-immune|p1b: Urshifu\n|-damage|p1a: Flutter Mane|0 fnt\n|faint|p1a: Flutter Mane\n|-end|p1a: Flutter Mane|Protosynthesis|[silent]\n|-ability|p2a: Calyrex|Grim Neigh|boost\n|-boost|p2a: Calyrex|spa|1\n|\n|upkeep\n|\n|t:|1716498805\n|switch|p1a: Raging Bolt|Raging Bolt, L50|100\/100\n|turn|3\n|\n|t:|1716498822\n|move|p2b: Indeedee|Expanding Force|p1b: Urshifu|[spread] p1a\n|-immune|p1b: Urshifu\n|-damage|p1a: Raging Bolt|71\/100\n|move|p2a: Calyrex|Expanding Force|p1b: Urshifu|[spread] p1a\n|-immune|p1b: Urshifu\n|-damage|p1a: Raging Bolt|0 fnt\n|faint|p1a: Raging Bolt\n|-end|p1a: Raging Bolt|Protosynthesis|[silent]\n|-ability|p2a: Calyrex|Grim Neigh|boost\n|-boost|p2a: Calyrex|spa|1\n|move|p1b: Urshifu|Wicked Blow|p2b: Indeedee\n|-supereffective|p2b: Indeedee\n|-crit|p2b: Indeedee\n|-enditem|p2b: Indeedee|Focus Sash\n|-damage|p2b: Indeedee|1\/100\n|\n|upkeep\n|\n|t:|1716498829\n|switch|p1a: Terapagos|Terapagos-Stellar, L50, M, tera:Stellar|47\/100\n|turn|4\n|\n|t:|1716498848\n|move|p2b: Indeedee|Imprison|p2b: Indeedee\n|-start|p2b: Indeedee|move: Imprison\n|move|p2a: Calyrex|Expanding Force|p1b: Urshifu|[spread] p1a\n|-immune|p1b: Urshifu\n|-crit|p1a: Terapagos\n|-damage|p1a: Terapagos|0 fnt\n|faint|p1a: Terapagos\n|-ability|p2a: Calyrex|Grim Neigh|boost\n|-boost|p2a: Calyrex|spa|1\n|move|p1b: Urshifu|Wicked Blow|p2b: Indeedee\n|-supereffective|p2b: Indeedee\n|-crit|p2b: Indeedee\n|-damage|p2b: Indeedee|0 fnt\n|faint|p2b: Indeedee\n|\n|-sideend|p2: philosovgc-x|move: Tailwind\n|upkeep\n|\n|t:|1716498862\n|switch|p2b: Chi-Yu|Chi-Yu, L50|100\/100\n|-ability|p2b: Chi-Yu|Beads of Ruin\n|turn|5\n|\n|t:|1716498874\n|switch|p2a: Whimsicott|Whimsicott, L50, F|17\/100\n|move|p1b: Urshifu|Detect|p1b: Urshifu\n|-singleturn|p1b: Urshifu|Protect\n|move|p2b: Chi-Yu|Heat Wave|p1b: Urshifu\n|-activate|p1b: Urshifu|move: Protect\n|\n|upkeep\n|turn|6\n|\n|t:|1716498882\n|move|p2a: Whimsicott|Tailwind|p2a: Whimsicott\n|-sidestart|p2: philosovgc-x|move: Tailwind\n|move|p2b: Chi-Yu|Heat Wave|p1b: Urshifu\n|-enditem|p1b: Urshifu|Focus Sash\n|-damage|p1b: Urshifu|1\/100\n|move|p1b: Urshifu|Wicked Blow|p2a: Whimsicott\n|-resisted|p2a: Whimsicott\n|-crit|p2a: Whimsicott\n|-damage|p2a: Whimsicott|0 fnt\n|faint|p2a: Whimsicott\n|\n|-fieldend|move: Psychic Terrain\n|upkeep\n|\n|t:|1716498890\n|switch|p2a: Calyrex|Calyrex-Shadow, L50|26\/100\n|-ability|p2a: Calyrex|As One\n|-ability|p2a: Calyrex|Unnerve\n|turn|7\n|\n|t:|1716498894\n|move|p1b: Urshifu|Sucker Punch|p2a: Calyrex\n|-supereffective|p2a: Calyrex\n|-damage|p2a: Calyrex|0 fnt\n|faint|p2a: Calyrex\n|move|p2b: Chi-Yu|Heat Wave|p1b: Urshifu\n|-damage|p1b: Urshifu|0 fnt\n|faint|p1b: Urshifu\n|\n|win|philosovgc-x\n|raw|KSunfr's rating: 1721 &rarr; <strong>1698<\/strong><br \/>(-23 for losing)\n|raw|philosovgc-x's rating: 1665 &rarr; <strong>1688<\/strong><br \/>(+23 for winning)\n|l|\u2606KSunfr\n|player|p1|\n|l| ChestnaughtGamings\n","uploadtime":1716499001,"views":14,"formatid":"gen9vgc2024regg","rating":1688,"private":0,"password":null}