{"id":"gen9vgc2024regg-2130166829","format":"[Gen 9] VGC 2024 Reg G","players":["yu_037711","brmbmls"],"log":"|j|\u2606yu_037711\n|j|\u2606brmbmls\n|t:|1716631604\n|gametype|doubles\n|player|p1|yu_037711|dawn|1715\n|player|p2|brmbmls|101|1739\n|teamsize|p1|6\n|teamsize|p2|6\n|gen|9\n|tier|[Gen 9] VGC 2024 Reg G\n|rated|\n|rule|Species Clause: Limit one of each Pok\u00e9mon\n|rule|Item Clause: Limit one of each item\n|clearpoke\n|poke|p1|Koraidon, L50|\n|poke|p1|Tornadus, L50, M|\n|poke|p1|Flutter Mane, L50|\n|poke|p1|Chi-Yu, L50|\n|poke|p1|Walking Wake, L50|\n|poke|p1|Raging Bolt, L50|\n|poke|p2|Zamazenta-*, L50|\n|poke|p2|Chien-Pao, L50|\n|poke|p2|Dragonite, L50, M|\n|poke|p2|Ceruledge, L50, F|\n|poke|p2|Rillaboom, L50, M|\n|poke|p2|Flutter Mane, L50|\n|teampreview|4\n|\n|t:|1716631662\n|start\n|switch|p1a: Chi-Yu|Chi-Yu, L50|100\/100\n|switch|p1b: Flutter Mane|Flutter Mane, L50|100\/100\n|switch|p2a: Zamazenta|Zamazenta-Crowned, L50, shiny|100\/100\n|switch|p2b: Rillaboom|Rillaboom, L50, M, shiny|100\/100\n|-ability|p1a: Chi-Yu|Beads of Ruin\n|-ability|p2a: Zamazenta|Dauntless Shield|boost\n|-boost|p2a: Zamazenta|def|1\n|-fieldstart|move: Grassy Terrain|[from] ability: Grassy Surge|[of] p2b: Rillaboom\n|turn|1\n|\n|t:|1716631698\n|-terastallize|p2a: Zamazenta|Water\n|move|p2b: Rillaboom|Fake Out|p1a: Chi-Yu\n|-crit|p1a: Chi-Yu\n|-damage|p1a: Chi-Yu|62\/100\n|cant|p1a: Chi-Yu|flinch\n|move|p1b: Flutter Mane|Moonblast|p2a: Zamazenta\n|-damage|p2a: Zamazenta|57\/100\n|-unboost|p2a: Zamazenta|spa|1\n|move|p2a: Zamazenta|Heavy Slam|p1b: Flutter Mane\n|-supereffective|p1b: Flutter Mane\n|-enditem|p1b: Flutter Mane|Focus Sash\n|-damage|p1b: Flutter Mane|1\/100\n|\n|-heal|p1a: Chi-Yu|68\/100|[from] Grassy Terrain\n|-heal|p1b: Flutter Mane|7\/100|[from] Grassy Terrain\n|-heal|p2a: Zamazenta|63\/100|[from] Grassy Terrain\n|upkeep\n|turn|2\n|\n|t:|1716631727\n|move|p2b: Rillaboom|Grassy Glide|p1b: Flutter Mane\n|-damage|p1b: Flutter Mane|0 fnt\n|faint|p1b: Flutter Mane\n|-end|p1b: Flutter Mane|Protosynthesis|[silent]\n|move|p1a: Chi-Yu|Dark Pulse|p2a: Zamazenta\n|-damage|p2a: Zamazenta|28\/100\n|move|p2a: Zamazenta|Body Press|p1a: Chi-Yu\n|-supereffective|p1a: Chi-Yu\n|-damage|p1a: Chi-Yu|0 fnt\n|faint|p1a: Chi-Yu\n|\n|-heal|p2a: Zamazenta|34\/100|[from] Grassy Terrain\n|upkeep\n|\n|t:|1716631742\n|switch|p1b: Walking Wake|Walking Wake, L50|100\/100\n|switch|p1a: Koraidon|Koraidon, L50|100\/100\n|-weather|SunnyDay|[from] ability: Orichalcum Pulse|[of] p1a: Koraidon\n|-activate|p1b: Walking Wake|ability: Protosynthesis\n|-start|p1b: Walking Wake|protosynthesisspe\n|-activate|p1a: Koraidon|Orichalcum Pulse|[source]\n|turn|3\n|j| THUNDERSND77\n|\n|t:|1716631759\n|-terastallize|p1a: Koraidon|Fire\n|move|p2b: Rillaboom|Protect|p2b: Rillaboom\n|-singleturn|p2b: Rillaboom|Protect\n|move|p1b: Walking Wake|Dragon Pulse|p2a: Zamazenta\n|-damage|p2a: Zamazenta|0 fnt\n|faint|p2a: Zamazenta\n|-damage|p1b: Walking Wake|91\/100|[from] item: Life Orb\n|move|p1a: Koraidon|Flame Charge|p2b: Rillaboom\n|-activate|p2b: Rillaboom|move: Protect\n|\n|-weather|SunnyDay|[upkeep]\n|-heal|p1b: Walking Wake|97\/100|[from] Grassy Terrain\n|upkeep\n|\n|t:|1716631770\n|switch|p2a: Chien-Pao|Chien-Pao, L50|100\/100\n|-ability|p2a: Chien-Pao|Sword of Ruin\n|turn|4\n|\n|t:|1716631786\n|move|p1b: Walking Wake|Protect|p1b: Walking Wake\n|-singleturn|p1b: Walking Wake|Protect\n|move|p2a: Chien-Pao|Sucker Punch|p1a: Koraidon\n|-damage|p1a: Koraidon|55\/100\n|move|p2b: Rillaboom|Grassy Glide|p1b: Walking Wake\n|-activate|p1b: Walking Wake|move: Protect\n|move|p1a: Koraidon|Flame Charge|p2a: Chien-Pao\n|-supereffective|p2a: Chien-Pao\n|-enditem|p2a: Chien-Pao|Focus Sash\n|-damage|p2a: Chien-Pao|1\/100\n|-boost|p1a: Koraidon|spe|1\n|\n|-weather|SunnyDay|[upkeep]\n|-heal|p1a: Koraidon|61\/100|[from] Grassy Terrain\n|-heal|p1b: Walking Wake|100\/100|[from] Grassy Terrain\n|-heal|p2a: Chien-Pao|7\/100|[from] Grassy Terrain\n|upkeep\n|turn|5\n|\n|t:|1716631822\n|move|p2a: Chien-Pao|Protect|p2a: Chien-Pao\n|-singleturn|p2a: Chien-Pao|Protect\n|move|p2b: Rillaboom|Grassy Glide|p1b: Walking Wake\n|-damage|p1b: Walking Wake|35\/100\n|move|p1a: Koraidon|Flame Charge|p2b: Rillaboom\n|-supereffective|p2b: Rillaboom\n|-damage|p2b: Rillaboom|0 fnt\n|-boost|p1a: Koraidon|spe|1\n|faint|p2b: Rillaboom\n|move|p1b: Walking Wake|Hydro Steam|p2a: Chien-Pao\n|-activate|p2a: Chien-Pao|move: Protect\n|\n|-weather|SunnyDay|[upkeep]\n|-heal|p1a: Koraidon|67\/100|[from] Grassy Terrain\n|-heal|p1b: Walking Wake|41\/100|[from] Grassy Terrain\n|-heal|p2a: Chien-Pao|13\/100|[from] Grassy Terrain\n|-fieldend|move: Grassy Terrain\n|upkeep\n|\n|t:|1716631832\n|switch|p2b: Dragonite|Dragonite, L50, M|100\/100\n|turn|6\n|\n|t:|1716631854\n|move|p1b: Walking Wake|Protect|p1b: Walking Wake\n|-singleturn|p1b: Walking Wake|Protect\n|move|p2b: Dragonite|Extreme Speed|p1b: Walking Wake\n|-activate|p1b: Walking Wake|move: Protect\n|move|p2a: Chien-Pao|Sucker Punch|p1a: Koraidon\n|-damage|p1a: Koraidon|24\/100\n|move|p1a: Koraidon|Flame Charge|p2a: Chien-Pao\n|-supereffective|p2a: Chien-Pao\n|-damage|p2a: Chien-Pao|0 fnt\n|-boost|p1a: Koraidon|spe|1\n|faint|p2a: Chien-Pao\n|\n|-weather|SunnyDay|[upkeep]\n|upkeep\n|turn|7\n|\n|t:|1716631873\n|move|p1b: Walking Wake|Protect|p1b: Walking Wake\n|-singleturn|p1b: Walking Wake|Protect\n|move|p2b: Dragonite|Extreme Speed|p1b: Walking Wake\n|-activate|p1b: Walking Wake|move: Protect\n|move|p1a: Koraidon|Collision Course|p2b: Dragonite\n|-resisted|p2b: Dragonite\n|-damage|p2b: Dragonite|64\/100\n|\n|-weather|none\n|-end|p1b: Walking Wake|Protosynthesis\n|upkeep\n|turn|8\n|\n|t:|1716631890\n|move|p2b: Dragonite|Extreme Speed|p1b: Walking Wake\n|-crit|p1b: Walking Wake\n|-damage|p1b: Walking Wake|0 fnt\n|faint|p1b: Walking Wake\n|-end|p1b: Walking Wake|Protosynthesis|[silent]\n|move|p1a: Koraidon|Collision Course|p2b: Dragonite\n|-resisted|p2b: Dragonite\n|-damage|p2b: Dragonite|37\/100\n|\n|upkeep\n|turn|9\n|\n|t:|1716631899\n|move|p1a: Koraidon|Protect|p1a: Koraidon\n|-singleturn|p1a: Koraidon|Protect\n|move|p2b: Dragonite|Extreme Speed|p1a: Koraidon\n|-activate|p1a: Koraidon|move: Protect\n|\n|upkeep\n|turn|10\n|\n|t:|1716631906\n|move|p1a: Koraidon|Protect||[still]\n|-fail|p1a: Koraidon\n|move|p2b: Dragonite|Extreme Speed|p1a: Koraidon\n|-damage|p1a: Koraidon|0 fnt\n|faint|p1a: Koraidon\n|\n|win|brmbmls\n|raw|yu_037711's rating: 1715 &rarr; <strong>1696<\/strong><br \/>(-19 for losing)\n|raw|brmbmls's rating: 1739 &rarr; <strong>1758<\/strong><br \/>(+19 for winning)\n","uploadtime":1716631910,"views":49,"formatid":"gen9vgc2024regg","rating":1696,"private":0,"password":null}