{"id":"gen9vgc2024regg-2130433474","format":"[Gen 9] VGC 2024 Reg G","players":["Tempest brute","DaleG"],"log":"|j|\u203dTempest brute\n|j|\u2606DaleG\n|t:|1716667409\n|gametype|doubles\n|player|p1|Tempest brute|2|1714\n|player|p2|DaleG|1|1765\n|teamsize|p1|6\n|teamsize|p2|6\n|gen|9\n|tier|[Gen 9] VGC 2024 Reg G\n|rated|\n|rule|Species Clause: Limit one of each Pok\u00e9mon\n|rule|Item Clause: Limit one of each item\n|clearpoke\n|poke|p1|Lunala, L50|\n|poke|p1|Roaring Moon, L50|\n|poke|p1|Entei, L50|\n|poke|p1|Ogerpon-Wellspring, L50, F|\n|poke|p1|Iron Hands, L50|\n|poke|p1|Ursaluna-Bloodmoon, L50, M|\n|poke|p2|Zamazenta-*, L50|\n|poke|p2|Chien-Pao, L50|\n|poke|p2|Amoonguss, L50, F|\n|poke|p2|Raging Bolt, L50|\n|poke|p2|Entei, L50|\n|poke|p2|Iron Treads, L50|\n|teampreview|4\n|inactive|Battle timer is ON: inactive players will automatically lose when time's up. (requested by DaleG)\n|\n|t:|1716667450\n|start\n|switch|p1a: Lunala|Lunala, L50|100\/100\n|switch|p1b: Entei|Entei, L50|100\/100\n|switch|p2a: Raging Bolt|Raging Bolt, L50|100\/100\n|switch|p2b: Zamazenta|Zamazenta-Crowned, L50|100\/100\n|-ability|p2b: Zamazenta|Dauntless Shield|boost\n|-boost|p2b: Zamazenta|def|1\n|turn|1\n|\n|t:|1716667474\n|move|p2b: Zamazenta|Iron Defense|p2b: Zamazenta\n|-boost|p2b: Zamazenta|def|2\n|move|p1b: Entei|Stomping Tantrum|p2a: Raging Bolt\n|-supereffective|p2a: Raging Bolt\n|-damage|p2a: Raging Bolt|63\/100\n|move|p1a: Lunala|Will-O-Wisp|p2b: Zamazenta\n|-status|p2b: Zamazenta|brn\n|move|p2a: Raging Bolt|Snarl|p1b: Entei|[spread] p1a,p1b\n|-supereffective|p1a: Lunala\n|-damage|p1a: Lunala|82\/100\n|-damage|p1b: Entei|91\/100\n|-unboost|p1a: Lunala|spa|1\n|-unboost|p1b: Entei|spa|1\n|\n|-heal|p1a: Lunala|88\/100|[from] item: Leftovers\n|-damage|p2b: Zamazenta|95\/100 brn|[from] brn\n|upkeep\n|turn|2\n|\n|t:|1716667495\n|move|p2b: Zamazenta|Iron Defense|p2b: Zamazenta\n|-boost|p2b: Zamazenta|def|2\n|move|p1b: Entei|Sacred Fire|p2b: Zamazenta\n|-supereffective|p2b: Zamazenta\n|-damage|p2b: Zamazenta|81\/100 brn\n|move|p1a: Lunala|Moongeist Beam|p2b: Zamazenta\n|-damage|p2b: Zamazenta|59\/100 brn\n|move|p2a: Raging Bolt|Snarl|p1b: Entei|[spread] p1a,p1b\n|-supereffective|p1a: Lunala\n|-damage|p1a: Lunala|48\/100\n|-damage|p1b: Entei|82\/100\n|-unboost|p1a: Lunala|spa|1\n|-unboost|p1b: Entei|spa|1\n|\n|-heal|p1a: Lunala|55\/100|[from] item: Leftovers\n|-damage|p2b: Zamazenta|53\/100 brn|[from] brn\n|upkeep\n|turn|3\n|\n|t:|1716667519\n|move|p2b: Zamazenta|Body Press|p1b: Entei\n|-damage|p1b: Entei|12\/100\n|move|p1b: Entei|Stomping Tantrum|p2a: Raging Bolt\n|-supereffective|p2a: Raging Bolt\n|-damage|p2a: Raging Bolt|29\/100\n|move|p1a: Lunala|Moonlight|p1a: Lunala\n|-heal|p1a: Lunala|100\/100\n|move|p2a: Raging Bolt|Draco Meteor|p1a: Lunala\n|-damage|p1a: Lunala|80\/100\n|-unboost|p2a: Raging Bolt|spa|2\n|\n|-heal|p1a: Lunala|86\/100|[from] item: Leftovers\n|-damage|p2b: Zamazenta|47\/100 brn|[from] brn\n|upkeep\n|turn|4\n|inactive|DaleG has 30 seconds left.\n|\n|t:|1716667545\n|-end|p2a: Raging Bolt|Protosynthesis|[silent]\n|switch|p2a: Amoonguss|Amoonguss, L50, F|100\/100\n|move|p1b: Entei|Extreme Speed|p2b: Zamazenta\n|-resisted|p2b: Zamazenta\n|-damage|p2b: Zamazenta|45\/100 brn\n|move|p2b: Zamazenta|Body Press|p1b: Entei\n|-damage|p1b: Entei|0 fnt\n|faint|p1b: Entei\n|move|p1a: Lunala|Moongeist Beam|p2b: Zamazenta\n|-damage|p2b: Zamazenta|30\/100 brn\n|\n|-heal|p1a: Lunala|92\/100|[from] item: Leftovers\n|-damage|p2b: Zamazenta|24\/100 brn|[from] brn\n|upkeep\n|\n|t:|1716667563\n|switch|p1b: Ursaluna|Ursaluna-Bloodmoon, L50, M|100\/100\n|turn|5\n|l|\u2606DaleG\n|inactive|DaleG disconnected and has a minute to reconnect!\n|player|p2|\n|inactive|DaleG has 30 seconds left.\n|inactive|DaleG has 20 seconds left.\n|inactive|DaleG has 15 seconds left.\n|inactive|DaleG has 10 seconds left.\n|inactive|DaleG has 5 seconds left.\n|-message|DaleG lost due to inactivity.\n|\n|win|Tempest brute\n|raw|Tempest brute's rating: 1714 &rarr; <strong>1737<\/strong><br \/>(+23 for winning)\n|raw|DaleG's rating: 1765 &rarr; <strong>1742<\/strong><br \/>(-23 for losing)\n|l|\u203dTempest brute\n|player|p1|\n","uploadtime":1716667812,"views":76,"formatid":"gen9vgc2024regg","rating":1737,"private":0,"password":null}