{"id":"gen9vgc2024regg-2130595421","format":"[Gen 9] VGC 2024 Reg G","players":["almota","theyboi carti"],"log":"|j|\u2606almota\n|j|\u2606theyboi carti\n|t:|1716688722\n|gametype|doubles\n|player|p1|almota|170|1661\n|player|p2|theyboi carti|fantina|1696\n|teamsize|p1|6\n|teamsize|p2|6\n|gen|9\n|tier|[Gen 9] VGC 2024 Reg G\n|rated|\n|rule|Species Clause: Limit one of each Pok\u00e9mon\n|rule|Item Clause: Limit one of each item\n|clearpoke\n|poke|p1|Lugia, L50|\n|poke|p1|Toxapex, L50, F|\n|poke|p1|Glimmora, L50, F|\n|poke|p1|Garganacl, L50, M|\n|poke|p1|Rillaboom, L50, M|\n|poke|p1|Ting-Lu, L50|\n|poke|p2|Kyogre, L50|\n|poke|p2|Urshifu-*, L50, M|\n|poke|p2|Indeedee-F, L50, F|\n|poke|p2|Tornadus, L50, M|\n|poke|p2|Flutter Mane, L50|\n|poke|p2|Archaludon, L50, F|\n|teampreview|4\n|inactive|Battle timer is ON: inactive players will automatically lose when time's up. (requested by theyboi carti)\n|inactive|theyboi carti has 60 seconds left.\n|\n|t:|1716688753\n|start\n|switch|p1a: Glimmora|Glimmora, L50, F|100\/100\n|switch|p1b: Rillaboom|Rillaboom, L50, M|100\/100\n|switch|p2a: Flutter Mane|Flutter Mane, L50|100\/100\n|switch|p2b: Urshifu|Urshifu, L50, M|100\/100\n|-fieldstart|move: Grassy Terrain|[from] ability: Grassy Surge|[of] p1b: Rillaboom\n|-enditem|p2a: Flutter Mane|Booster Energy\n|-activate|p2a: Flutter Mane|ability: Protosynthesis|[fromitem]\n|-start|p2a: Flutter Mane|protosynthesisspe\n|turn|1\n|inactive|almota has 30 seconds left.\n|\n|t:|1716688780\n|move|p2b: Urshifu|Protect|p2b: Urshifu\n|-singleturn|p2b: Urshifu|Protect\n|move|p1a: Glimmora|Spiky Shield|p1a: Glimmora\n|-singleturn|p1a: Glimmora|move: Protect\n|move|p2a: Flutter Mane|Moonblast|p1b: Rillaboom\n|-damage|p1b: Rillaboom|53\/100\n|move|p1b: Rillaboom|Wood Hammer|p2a: Flutter Mane\n|-damage|p2a: Flutter Mane|0 fnt\n|faint|p2a: Flutter Mane\n|-end|p2a: Flutter Mane|Protosynthesis|[silent]\n|-damage|p1b: Rillaboom|29\/100|[from] Recoil\n|\n|-heal|p1b: Rillaboom|35\/100|[from] Grassy Terrain\n|upkeep\n|\n|t:|1716688798\n|switch|p2a: Kyogre|Kyogre, L50|100\/100\n|-weather|RainDance|[from] ability: Drizzle|[of] p2a: Kyogre\n|turn|2\n|\n|t:|1716688823\n|-terastallize|p2a: Kyogre|Grass\n|move|p1b: Rillaboom|Grassy Glide|p2a: Kyogre\n|-resisted|p2a: Kyogre\n|-damage|p2a: Kyogre|79\/100\n|move|p2b: Urshifu|Wicked Blow|p1b: Rillaboom\n|-crit|p1b: Rillaboom\n|-damage|p1b: Rillaboom|0 fnt\n|faint|p1b: Rillaboom\n|move|p2a: Kyogre|Water Spout|p1a: Glimmora\n|-supereffective|p1a: Glimmora\n|-enditem|p1a: Glimmora|Focus Sash\n|-damage|p1a: Glimmora|1\/100\n|move|p1a: Glimmora|Sludge Bomb|p2b: Urshifu\n|-damage|p2b: Urshifu|22\/100\n|\n|-weather|RainDance|[upkeep]\n|-heal|p2b: Urshifu|27\/100|[from] Grassy Terrain\n|-heal|p2a: Kyogre|84\/100|[from] Grassy Terrain\n|-heal|p1a: Glimmora|7\/100|[from] Grassy Terrain\n|upkeep\n|inactive|almota has 30 seconds left.\n|\n|t:|1716688852\n|switch|p1b: Lugia|Lugia, L50|100\/100\n|turn|3\n|\n|t:|1716688863\n|-terastallize|p1b: Lugia|Fairy\n|move|p2b: Urshifu|Wicked Blow|p1b: Lugia\n|-resisted|p1b: Lugia\n|-crit|p1b: Lugia\n|-damage|p1b: Lugia|93\/100\n|move|p2a: Kyogre|Water Spout|p1a: Glimmora|[spread] p1a,p1b\n|-supereffective|p1a: Glimmora\n|-damage|p1a: Glimmora|0 fnt\n|-damage|p1b: Lugia|40\/100\n|faint|p1a: Glimmora\n|move|p1b: Lugia|Aeroblast|p2a: Kyogre\n|-supereffective|p2a: Kyogre\n|-crit|p2a: Kyogre\n|-damage|p2a: Kyogre|6\/100\n|\n|-weather|RainDance|[upkeep]\n|-heal|p2b: Urshifu|33\/100|[from] Grassy Terrain\n|-heal|p2a: Kyogre|11\/100|[from] Grassy Terrain\n|-heal|p1b: Lugia|46\/100|[from] Grassy Terrain\n|-heal|p1b: Lugia|52\/100|[from] item: Leftovers\n|upkeep\n|\n|t:|1716688878\n|switch|p1a: Garganacl|Garganacl, L50, M|100\/100\n|turn|4\n|\n|t:|1716688896\n|move|p1a: Garganacl|Wide Guard|p1a: Garganacl\n|-singleturn|p1a: Garganacl|Wide Guard\n|move|p2b: Urshifu|Close Combat|p1a: Garganacl\n|-supereffective|p1a: Garganacl\n|-damage|p1a: Garganacl|31\/100\n|-unboost|p2b: Urshifu|def|1\n|-unboost|p2b: Urshifu|spd|1\n|-enditem|p1a: Garganacl|Sitrus Berry|[eat]\n|-heal|p1a: Garganacl|56\/100|[from] item: Sitrus Berry\n|move|p2a: Kyogre|Ice Beam|p1a: Garganacl\n|-damage|p1a: Garganacl|29\/100\n|move|p1b: Lugia|Aeroblast|p2b: Urshifu\n|-supereffective|p2b: Urshifu\n|-crit|p2b: Urshifu\n|-damage|p2b: Urshifu|0 fnt\n|faint|p2b: Urshifu\n|\n|-weather|RainDance|[upkeep]\n|-heal|p2a: Kyogre|17\/100|[from] Grassy Terrain\n|-heal|p1b: Lugia|58\/100|[from] Grassy Terrain\n|-heal|p1b: Lugia|64\/100|[from] item: Leftovers\n|-heal|p1a: Garganacl|35\/100|[from] Grassy Terrain\n|upkeep\n|\n|t:|1716688903\n|switch|p2b: Archaludon|Archaludon, L50, F|100\/100\n|turn|5\n|inactive|theyboi carti has 30 seconds left.\n|\n|t:|1716688933\n|move|p1a: Garganacl|Protect||[still]\n|-fail|p1a: Garganacl\n|move|p2a: Kyogre|Ice Beam|p1a: Garganacl\n|-damage|p1a: Garganacl|6\/100\n|move|p1b: Lugia|Aeroblast|p2a: Kyogre\n|-supereffective|p2a: Kyogre\n|-crit|p2a: Kyogre\n|-damage|p2a: Kyogre|0 fnt\n|faint|p2a: Kyogre\n|move|p2b: Archaludon|Electro Shot||[still]\n|-prepare|p2b: Archaludon|Electro Shot\n|-boost|p2b: Archaludon|spa|1\n|-anim|p2b: Archaludon|Electro Shot|p1a: Garganacl\n|-damage|p1a: Garganacl|0 fnt\n|faint|p1a: Garganacl\n|\n|-weather|RainDance|[upkeep]\n|-heal|p1b: Lugia|70\/100|[from] Grassy Terrain\n|-heal|p1b: Lugia|77\/100|[from] item: Leftovers\n|-fieldend|move: Grassy Terrain\n|upkeep\n|turn|6\n|\n|t:|1716688949\n|move|p1b: Lugia|Calm Mind|p1b: Lugia\n|-boost|p1b: Lugia|spa|1\n|-boost|p1b: Lugia|spd|1\n|move|p2b: Archaludon|Flash Cannon|p1b: Lugia\n|-supereffective|p1b: Lugia\n|-damage|p1b: Lugia|31\/100\n|\n|-weather|none\n|-heal|p1b: Lugia|38\/100|[from] item: Leftovers\n|upkeep\n|turn|7\n|\n|t:|1716688965\n|move|p1b: Lugia|Recover|p1b: Lugia\n|-heal|p1b: Lugia|88\/100\n|move|p2b: Archaludon|Flash Cannon|p1b: Lugia\n|-supereffective|p1b: Lugia\n|-damage|p1b: Lugia|43\/100\n|\n|-heal|p1b: Lugia|49\/100|[from] item: Leftovers\n|upkeep\n|turn|8\n|\n|t:|1716688972\n|move|p1b: Lugia|Calm Mind|p1b: Lugia\n|-boost|p1b: Lugia|spa|1\n|-boost|p1b: Lugia|spd|1\n|move|p2b: Archaludon|Flash Cannon|p1b: Lugia\n|-supereffective|p1b: Lugia\n|-damage|p1b: Lugia|15\/100\n|\n|-heal|p1b: Lugia|21\/100|[from] item: Leftovers\n|upkeep\n|turn|9\n|\n|t:|1716688979\n|move|p1b: Lugia|Recover|p1b: Lugia\n|-heal|p1b: Lugia|71\/100\n|move|p2b: Archaludon|Flash Cannon|p1b: Lugia\n|-supereffective|p1b: Lugia\n|-damage|p1b: Lugia|40\/100\n|\n|-heal|p1b: Lugia|47\/100|[from] item: Leftovers\n|upkeep\n|turn|10\n|\n|t:|1716688986\n|move|p1b: Lugia|Calm Mind|p1b: Lugia\n|-boost|p1b: Lugia|spa|1\n|-boost|p1b: Lugia|spd|1\n|move|p2b: Archaludon|Flash Cannon|p1b: Lugia\n|-supereffective|p1b: Lugia\n|-damage|p1b: Lugia|18\/100\n|\n|-heal|p1b: Lugia|24\/100|[from] item: Leftovers\n|upkeep\n|turn|11\n|\n|t:|1716688993\n|move|p1b: Lugia|Recover|p1b: Lugia\n|-heal|p1b: Lugia|75\/100\n|move|p2b: Archaludon|Flash Cannon|p1b: Lugia\n|-supereffective|p1b: Lugia\n|-damage|p1b: Lugia|49\/100\n|\n|-heal|p1b: Lugia|55\/100|[from] item: Leftovers\n|upkeep\n|turn|12\n|\n|t:|1716689000\n|move|p1b: Lugia|Recover|p1b: Lugia\n|-heal|p1b: Lugia|100\/100\n|move|p2b: Archaludon|Flash Cannon|p1b: Lugia\n|-supereffective|p1b: Lugia\n|-damage|p1b: Lugia|87\/100\n|\n|-heal|p1b: Lugia|93\/100|[from] item: Leftovers\n|upkeep\n|turn|13\n|\n|t:|1716689007\n|move|p1b: Lugia|Calm Mind|p1b: Lugia\n|-boost|p1b: Lugia|spa|1\n|-boost|p1b: Lugia|spd|1\n|move|p2b: Archaludon|Flash Cannon|p1b: Lugia\n|-supereffective|p1b: Lugia\n|-damage|p1b: Lugia|71\/100\n|\n|-heal|p1b: Lugia|77\/100|[from] item: Leftovers\n|upkeep\n|turn|14\n|\n|t:|1716689015\n|move|p1b: Lugia|Earth Power|p2b: Archaludon\n|-supereffective|p2b: Archaludon\n|-damage|p2b: Archaludon|22\/100\n|-ability|p2b: Archaludon|Stamina|boost\n|-boost|p2b: Archaludon|def|1\n|move|p2b: Archaludon|Flash Cannon|p1b: Lugia\n|-supereffective|p1b: Lugia\n|-damage|p1b: Lugia|54\/100\n|\n|-heal|p1b: Lugia|60\/100|[from] item: Leftovers\n|upkeep\n|turn|15\n|\n|t:|1716689023\n|move|p1b: Lugia|Earth Power|p2b: Archaludon\n|-supereffective|p2b: Archaludon\n|-damage|p2b: Archaludon|0 fnt\n|faint|p2b: Archaludon\n|\n|win|almota\n|raw|almota's rating: 1661 &rarr; <strong>1683<\/strong><br \/>(+22 for winning)\n|raw|theyboi carti's rating: 1696 &rarr; <strong>1674<\/strong><br \/>(-22 for losing)\n|l|\u2606theyboi carti\n|player|p2|\n","uploadtime":1716689259,"views":39,"formatid":"gen9vgc2024regg","rating":1674,"private":0,"password":null}