{"id":"gen9vgc2024regg-2130807287","format":"[Gen 9] VGC 2024 Reg G","players":["tuanzai233t","ScarfAccelgor"],"log":"|j|\u2606tuanzai233t\n|j|\u2606ScarfAccelgor\n|t:|1716726270\n|gametype|doubles\n|player|p1|tuanzai233t|101|1701\n|player|p2|ScarfAccelgor|2|1749\n|teamsize|p1|6\n|teamsize|p2|6\n|gen|9\n|tier|[Gen 9] VGC 2024 Reg G\n|rated|\n|rule|Species Clause: Limit one of each Pok\u00e9mon\n|rule|Item Clause: Limit one of each item\n|clearpoke\n|poke|p1|Indeedee-F, L50, F|\n|poke|p1|Torkoal, L50, M|\n|poke|p1|Calyrex-Ice, L50|\n|poke|p1|Annihilape, L50, F|\n|poke|p1|Urshifu-*, L50, F|\n|poke|p1|Brute Bonnet, L50|\n|poke|p2|Calyrex-Shadow, L50|\n|poke|p2|Urshifu-*, L50, F|\n|poke|p2|Raging Bolt, L50|\n|poke|p2|Incineroar, L50, F|\n|poke|p2|Gastrodon-East, L50, M|\n|poke|p2|Flutter Mane, L50|\n|teampreview|4\nScarfAccelgor has agreed to open team sheets.\n|inactive|Battle timer is ON: inactive players will automatically lose when time's up. (requested by tuanzai233t)\n|j| Kal0sunleashed\n|j| 549TheGoat\n|inactive|ScarfAccelgor has 60 seconds left.\n|\n|t:|1716726333\n|start\n|switch|p1a: Calyrex|Calyrex-Ice, L50|100\/100\n|switch|p1b: Brute Bonnet|Brute Bonnet, L50, shiny|100\/100\n|switch|p2a: Urshifu|Urshifu, L50, F|100\/100\n|switch|p2b: Gastrodon|Gastrodon-East, L50, M|100\/100\n|-ability|p1a: Calyrex|As One\n|-ability|p1a: Calyrex|Unnerve\n|turn|1\n|inactive|ScarfAccelgor has 30 seconds left.\n|\n|t:|1716726361\n|switch|p2a: Incineroar|Incineroar, L50, F|100\/100\n|-ability|p2a: Incineroar|Intimidate|boost\n|-fail|p1a: Calyrex|unboost|[from] item: Clear Amulet|[of] p1a: Calyrex\n|-unboost|p1b: Brute Bonnet|atk|1\n|-terastallize|p1a: Calyrex|Fire\n|move|p2b: Gastrodon|Protect|p2b: Gastrodon\n|-singleturn|p2b: Gastrodon|Protect\n|move|p1b: Brute Bonnet|Spore|p2a: Incineroar\n|-activate|p2a: Incineroar|item: Safety Goggles|Spore\n|move|p1a: Calyrex|Glacial Lance|p2a: Incineroar|[spread] p2a\n|-activate|p2b: Gastrodon|move: Protect\n|-resisted|p2a: Incineroar\n|-damage|p2a: Incineroar|75\/100\n|\n|upkeep\n|turn|2\n|\n|t:|1716726375\n|move|p1a: Calyrex|Protect|p1a: Calyrex\n|-singleturn|p1a: Calyrex|Protect\n|move|p2a: Incineroar|Fake Out|p1b: Brute Bonnet\n|-damage|p1b: Brute Bonnet|94\/100\n|cant|p1b: Brute Bonnet|flinch\n|move|p2b: Gastrodon|Yawn|p1a: Calyrex\n|-activate|p1a: Calyrex|move: Protect\n|\n|upkeep\n|turn|3\n|inactive|ScarfAccelgor has 30 seconds left.\n|\n|t:|1716726402\n|move|p2a: Incineroar|Flare Blitz|p1b: Brute Bonnet\n|-supereffective|p1b: Brute Bonnet\n|-damage|p1b: Brute Bonnet|28\/100\n|-status|p1b: Brute Bonnet|brn\n|-enditem|p1b: Brute Bonnet|Sitrus Berry|[eat]\n|-heal|p1b: Brute Bonnet|52\/100 brn|[from] item: Sitrus Berry\n|-damage|p2a: Incineroar|51\/100|[from] Recoil\n|move|p1b: Brute Bonnet|Spore|p2b: Gastrodon\n|-status|p2b: Gastrodon|slp|[from] move: Spore\n|move|p1a: Calyrex|High Horsepower|p2a: Incineroar\n|-supereffective|p2a: Incineroar\n|-damage|p2a: Incineroar|0 fnt\n|faint|p2a: Incineroar\n|-ability|p1a: Calyrex|Chilling Neigh|boost\n|-boost|p1a: Calyrex|atk|1\n|cant|p2b: Gastrodon|slp\n|\n|-damage|p1b: Brute Bonnet|46\/100 brn|[from] brn\n|upkeep\n|inactive|ScarfAccelgor has 30 seconds left.\n|\n|t:|1716726429\n|switch|p2a: Urshifu|Urshifu, L50, F|100\/100\n|turn|4\n|\n|t:|1716726439\n|move|p1b: Brute Bonnet|Rage Powder|p1b: Brute Bonnet\n|-singleturn|p1b: Brute Bonnet|move: Rage Powder\n|move|p2a: Urshifu|Close Combat|p1b: Brute Bonnet\n|-supereffective|p1b: Brute Bonnet\n|-damage|p1b: Brute Bonnet|0 fnt\n|-unboost|p2a: Urshifu|def|1\n|-unboost|p2a: Urshifu|spd|1\n|faint|p1b: Brute Bonnet\n|-end|p1b: Brute Bonnet|Protosynthesis|[silent]\n|cant|p2b: Gastrodon|slp\n|move|p1a: Calyrex|Trick Room|p1a: Calyrex\n|-fieldstart|move: Trick Room|[of] p1a: Calyrex\n|\n|upkeep\n|\n|t:|1716726443\n|switch|p1b: Torkoal|Torkoal, L50, M|100\/100\n|-weather|SunnyDay|[from] ability: Drought|[of] p1b: Torkoal\n|turn|5\n|inactive|ScarfAccelgor has 30 seconds left.\n|inactive|ScarfAccelgor has 20 seconds left.\n|inactive|ScarfAccelgor has 15 seconds left.\n|inactive|ScarfAccelgor has 10 seconds left.\n|\n|t:|1716726491\n|cant|p2b: Gastrodon|slp\n|move|p2a: Urshifu|Protect|p2a: Urshifu\n|-singleturn|p2a: Urshifu|Protect\n|move|p1b: Torkoal|Eruption|p2a: Urshifu|[spread] p2b\n|-activate|p2a: Urshifu|move: Protect\n|-resisted|p2b: Gastrodon\n|-damage|p2b: Gastrodon|63\/100 slp\n|move|p1a: Calyrex|Glacial Lance|p2a: Urshifu|[spread] p2b\n|-activate|p2a: Urshifu|move: Protect\n|-damage|p2b: Gastrodon|0 fnt\n|faint|p2b: Gastrodon\n|-ability|p1a: Calyrex|Chilling Neigh|boost\n|-boost|p1a: Calyrex|atk|1\n|\n|-weather|SunnyDay|[upkeep]\n|upkeep\n|-message|ScarfAccelgor forfeited.\n|\n|win|tuanzai233t\n|raw|tuanzai233t's rating: 1701 &rarr; <strong>1724<\/strong><br \/>(+23 for winning)\n|raw|ScarfAccelgor's rating: 1749 &rarr; <strong>1726<\/strong><br \/>(-23 for losing)\n|l|\u2606ScarfAccelgor\n|player|p2|\n|l|\u2606tuanzai233t\n|player|p1|\n|l| Kal0sunleashed\n|l| 549TheGoat\n","uploadtime":1716726676,"views":60,"formatid":"gen9vgc2024regg","rating":1724,"private":0,"password":null}