{"id":"gen9vgc2024regg-2130292899","format":"[Gen 9] VGC 2024 Reg G","players":["DaleG","Riverpasta"],"log":"|j|\u2606DaleG\n|j|\u2606Riverpasta\n|t:|1716650831\n|gametype|doubles\n|player|p1|DaleG|169|1808\n|player|p2|Riverpasta|red|1670\n|teamsize|p1|6\n|teamsize|p2|6\n|gen|9\n|tier|[Gen 9] VGC 2024 Reg G\n|rated|\n|rule|Species Clause: Limit one of each Pok\u00e9mon\n|rule|Item Clause: Limit one of each item\n|clearpoke\n|poke|p1|Zamazenta-*, L50|\n|poke|p1|Chien-Pao, L50|\n|poke|p1|Amoonguss, L50, M|\n|poke|p1|Raging Bolt, L50|\n|poke|p1|Entei, L50|\n|poke|p1|Iron Treads, L50|\n|poke|p2|Zamazenta-*, L50|\n|poke|p2|Rillaboom, L50, M|\n|poke|p2|Rotom-Wash, L50|\n|poke|p2|Flutter Mane, L50|\n|poke|p2|Entei, L50|\n|poke|p2|Chien-Pao, L50|\n|teampreview|4\n|inactive|Battle timer is ON: inactive players will automatically lose when time's up. (requested by Riverpasta)\n|\n|t:|1716650888\n|start\n|switch|p1a: Zamazenta|Zamazenta-Crowned, L50|100\/100\n|switch|p1b: Entei|Entei, L50|100\/100\n|switch|p2a: Entei|Entei, L50|100\/100\n|switch|p2b: Flutter Mane|Flutter Mane, L50|100\/100\n|-ability|p1a: Zamazenta|Dauntless Shield|boost\n|-boost|p1a: Zamazenta|def|1\n|turn|1\n|\n|t:|1716650909\n|move|p2b: Flutter Mane|Icy Wind|p1b: Entei|[spread] p1a,p1b\n|-resisted|p1a: Zamazenta\n|-resisted|p1b: Entei\n|-damage|p1a: Zamazenta|96\/100\n|-damage|p1b: Entei|94\/100\n|-unboost|p1a: Zamazenta|spe|1\n|-unboost|p1b: Entei|spe|1\n|move|p2a: Entei|Sacred Fire|p1a: Zamazenta\n|-supereffective|p1a: Zamazenta\n|-damage|p1a: Zamazenta|53\/100\n|move|p1a: Zamazenta|Iron Defense|p1a: Zamazenta\n|-boost|p1a: Zamazenta|def|2\n|move|p1b: Entei|Sacred Fire|p2b: Flutter Mane\n|-enditem|p2b: Flutter Mane|Focus Sash\n|-damage|p2b: Flutter Mane|1\/100\n|-damage|p1b: Entei|84\/100|[from] item: Life Orb\n|\n|upkeep\n|turn|2\n|inactive|DaleG has 30 seconds left.\n|inactive|Riverpasta has 30 seconds left.\n|inactive|DaleG has 20 seconds left.\n|\n|t:|1716650944\n|move|p2b: Flutter Mane|Moonblast|p1a: Zamazenta\n|-damage|p1a: Zamazenta|17\/100\n|move|p2a: Entei|Sacred Fire|p1a: Zamazenta\n|-supereffective|p1a: Zamazenta\n|-damage|p1a: Zamazenta|0 fnt\n|faint|p1a: Zamazenta\n|move|p1b: Entei|Stomping Tantrum|p2b: Flutter Mane\n|-damage|p2b: Flutter Mane|0 fnt\n|faint|p2b: Flutter Mane\n|-end|p2b: Flutter Mane|Protosynthesis|[silent]\n|-damage|p1b: Entei|74\/100|[from] item: Life Orb\n|\n|upkeep\n|\n|t:|1716650957\n|switch|p2b: Chien-Pao|Chien-Pao, L50|100\/100\n|switch|p1a: Iron Treads|Iron Treads, L50|100\/100\n|-ability|p2b: Chien-Pao|Sword of Ruin\n|turn|3\n|\n|t:|1716650975\n|move|p2b: Chien-Pao|Protect|p2b: Chien-Pao\n|-singleturn|p2b: Chien-Pao|Protect\n|move|p1b: Entei|Protect|p1b: Entei\n|-singleturn|p1b: Entei|Protect\n|move|p1a: Iron Treads|Rock Slide|p2a: Entei|[spread] p2a\n|-activate|p2b: Chien-Pao|move: Protect\n|-supereffective|p2a: Entei\n|-damage|p2a: Entei|45\/100\n|move|p2a: Entei|Stomping Tantrum|p1b: Entei\n|-activate|p1b: Entei|move: Protect\n|\n|upkeep\n|turn|4\n|inactive|Riverpasta has 30 seconds left.\n|\n|t:|1716651003\n|switch|p2a: Zamazenta|Zamazenta-Crowned, L50|100\/100\n|-ability|p2a: Zamazenta|Dauntless Shield|boost\n|-boost|p2a: Zamazenta|def|1\n|move|p1b: Entei|Extreme Speed|p2b: Chien-Pao\n|-damage|p2b: Chien-Pao|49\/100\n|-damage|p1b: Entei|65\/100|[from] item: Life Orb\n|move|p1a: Iron Treads|Rock Slide|p2a: Zamazenta|[spread] p2a,p2b\n|-resisted|p2a: Zamazenta\n|-supereffective|p2b: Chien-Pao\n|-damage|p2a: Zamazenta|98\/100\n|-damage|p2b: Chien-Pao|0 fnt\n|faint|p2b: Chien-Pao\n|\n|upkeep\n|\n|t:|1716651013\n|switch|p2b: Entei|Entei, L50|45\/100\n|turn|5\n|\n|t:|1716651030\n|-end|p1a: Iron Treads|Quark Drive|[silent]\n|switch|p1a: Amoonguss|Amoonguss, L50, M|100\/100\n|-terastallize|p1b: Entei|Normal\n|move|p2b: Entei|Protect|p2b: Entei\n|-singleturn|p2b: Entei|Protect\n|move|p1b: Entei|Extreme Speed|p2b: Entei\n|-activate|p2b: Entei|move: Protect\n|move|p2a: Zamazenta|Body Press|p1b: Entei\n|-supereffective|p1b: Entei\n|-damage|p1b: Entei|0 fnt\n|faint|p1b: Entei\n|\n|upkeep\n|\n|t:|1716651042\n|switch|p1b: Iron Treads|Iron Treads, L50|100\/100\n|turn|6\n|c|\u2606Riverpasta|Why would you run scarf treads instead of booster energy\n|\n|t:|1716651059\n|-terastallize|p2b: Entei|Normal\n|move|p1b: Iron Treads|High Horsepower|p2b: Entei\n|-damage|p2b: Entei|0 fnt\n|faint|p2b: Entei\n|move|p2a: Zamazenta|Body Press|p1b: Iron Treads\n|-supereffective|p1b: Iron Treads\n|-damage|p1b: Iron Treads|0 fnt\n|faint|p1b: Iron Treads\n|-end|p1b: Iron Treads|Quark Drive|[silent]\n|move|p1a: Amoonguss|Spore|p2a: Zamazenta\n|-status|p2a: Zamazenta|slp|[from] move: Spore\n|\n|upkeep\n|turn|7\n|inactive|DaleG has 30 seconds left.\n|\n|t:|1716651088\n|cant|p2a: Zamazenta|slp\n|move|p1a: Amoonguss|Pollen Puff|p2a: Zamazenta\n|-resisted|p2a: Zamazenta\n|-damage|p2a: Zamazenta|95\/100 slp\n|\n|upkeep\n|turn|8\n|\n|t:|1716651093\n|-curestatus|p2a: Zamazenta|slp|[msg]\n|move|p2a: Zamazenta|Behemoth Bash|p1a: Amoonguss\n|-damage|p1a: Amoonguss|69\/100\n|-damage|p2a: Zamazenta|78\/100|[from] item: Rocky Helmet|[of] p1a: Amoonguss\n|move|p1a: Amoonguss|Pollen Puff|p2a: Zamazenta\n|-resisted|p2a: Zamazenta\n|-damage|p2a: Zamazenta|75\/100\n|\n|upkeep\n|turn|9\n|\n|t:|1716651104\n|move|p2a: Zamazenta|Behemoth Bash|p1a: Amoonguss\n|-damage|p1a: Amoonguss|41\/100\n|-damage|p2a: Zamazenta|59\/100|[from] item: Rocky Helmet|[of] p1a: Amoonguss\n|move|p1a: Amoonguss|Spore|p2a: Zamazenta\n|-status|p2a: Zamazenta|slp|[from] move: Spore\n|\n|upkeep\n|turn|10\n|\n|t:|1716651113\n|cant|p2a: Zamazenta|slp\n|move|p1a: Amoonguss|Pollen Puff|p2a: Zamazenta\n|-resisted|p2a: Zamazenta\n|-damage|p2a: Zamazenta|56\/100 slp\n|\n|upkeep\n|turn|11\n|\n|t:|1716651119\n|cant|p2a: Zamazenta|slp\n|move|p1a: Amoonguss|Pollen Puff|p2a: Zamazenta\n|-resisted|p2a: Zamazenta\n|-damage|p2a: Zamazenta|53\/100 slp\n|\n|upkeep\n|turn|12\n|\n|t:|1716651124\n|-curestatus|p2a: Zamazenta|slp|[msg]\n|move|p2a: Zamazenta|Behemoth Bash|p1a: Amoonguss\n|-damage|p1a: Amoonguss|9\/100\n|-damage|p2a: Zamazenta|36\/100|[from] item: Rocky Helmet|[of] p1a: Amoonguss\n|move|p1a: Amoonguss|Pollen Puff|p2a: Zamazenta\n|-resisted|p2a: Zamazenta\n|-damage|p2a: Zamazenta|33\/100\n|\n|upkeep\n|turn|13\n|\n|t:|1716651137\n|move|p2a: Zamazenta|Behemoth Bash|p1a: Amoonguss\n|-damage|p1a: Amoonguss|0 fnt\n|-damage|p2a: Zamazenta|17\/100|[from] item: Rocky Helmet|[of] p1a: Amoonguss\n|faint|p1a: Amoonguss\n|\n|win|Riverpasta\n|raw|DaleG's rating: 1808 &rarr; <strong>1780<\/strong><br \/>(-28 for losing)\n|raw|Riverpasta's rating: 1670 &rarr; <strong>1698<\/strong><br \/>(+28 for winning)\n|l|\u2606Riverpasta\n|player|p2|\n|l|\u2606DaleG\n|player|p1|\n","uploadtime":1716651352,"views":27,"formatid":"gen9vgc2024regg","rating":1698,"private":0,"password":null}