{"id":"gen9vgc2024regg-2130161444","format":"[Gen 9] VGC 2024 Reg G","players":["meanrook","brmbmls"],"log":"|j|\u2606meanrook\n|j|\u2606brmbmls\n|t:|1716630549\n|gametype|doubles\n|player|p1|meanrook|ethan|1703\n|player|p2|brmbmls|101|1721\n|teamsize|p1|6\n|teamsize|p2|6\n|gen|9\n|tier|[Gen 9] VGC 2024 Reg G\n|rated|\n|rule|Species Clause: Limit one of each Pok\u00e9mon\n|rule|Item Clause: Limit one of each item\n|clearpoke\n|poke|p1|Incineroar, L50, M|\n|poke|p1|Raging Bolt, L50|\n|poke|p1|Comfey, L50, F|\n|poke|p1|Rillaboom, L50, F|\n|poke|p1|Terapagos, L50, M|\n|poke|p1|Ogerpon-Wellspring, L50, F|\n|poke|p2|Zamazenta-*, L50|\n|poke|p2|Chien-Pao, L50|\n|poke|p2|Dragonite, L50, F|\n|poke|p2|Ceruledge, L50, F|\n|poke|p2|Rillaboom, L50, M|\n|poke|p2|Flutter Mane, L50|\n|teampreview|4\n|\n|t:|1716630561\n|start\n|switch|p1a: Terapagos|Terapagos, L50, M|100\/100\n|switch|p1b: Ogerpon|Ogerpon-Wellspring, L50, F|100\/100\n|switch|p2a: Zamazenta|Zamazenta-Crowned, L50, shiny|100\/100\n|switch|p2b: Flutter Rod|Flutter Mane, L50, shiny|100\/100\n|-activate|p1a: Terapagos|ability: Tera Shift\n|detailschange|p1a: Terapagos|Terapagos-Terastal, L50, M\n|-heal|p1a: Terapagos|100\/100|[silent]\n|-ability|p2a: Zamazenta|Dauntless Shield|boost\n|-boost|p2a: Zamazenta|def|1\n|-enditem|p2b: Flutter Rod|Booster Energy\n|-activate|p2b: Flutter Rod|ability: Protosynthesis|[fromitem]\n|-start|p2b: Flutter Rod|protosynthesisspe\n|turn|1\n|inactive|Battle timer is ON: inactive players will automatically lose when time's up. (requested by brmbmls)\n|\n|t:|1716630577\n|move|p1b: Ogerpon|Follow Me|p1b: Ogerpon\n|-singleturn|p1b: Ogerpon|move: Follow Me\n|move|p2b: Flutter Rod|Taunt|p1b: Ogerpon\n|-start|p1b: Ogerpon|move: Taunt\n|move|p2a: Zamazenta|Body Press|p1b: Ogerpon\n|-damage|p1b: Ogerpon|38\/100\n|move|p1a: Terapagos|Calm Mind|p1a: Terapagos\n|-boost|p1a: Terapagos|spa|1\n|-boost|p1a: Terapagos|spd|1\n|\n|upkeep\n|turn|2\n|\n|t:|1716630598\n|switch|p1b: Raging Bolt|Raging Bolt, L50|100\/100\n|-enditem|p1b: Raging Bolt|Booster Energy\n|-activate|p1b: Raging Bolt|ability: Protosynthesis|[fromitem]\n|-start|p1b: Raging Bolt|protosynthesisspa\n|move|p1a: Terapagos|Protect|p1a: Terapagos\n|-singleturn|p1a: Terapagos|Protect\n|move|p2b: Flutter Rod|Moonblast|p1a: Terapagos\n|-activate|p1a: Terapagos|move: Protect\n|move|p2a: Zamazenta|Body Press|p1a: Terapagos\n|-activate|p1a: Terapagos|move: Protect\n|\n|upkeep\n|turn|3\n|\n|t:|1716630610\n|move|p1a: Terapagos|Protect||[still]\n|-fail|p1a: Terapagos\n|move|p2b: Flutter Rod|Icy Wind|p1a: Terapagos|[spread] p1a,p1b\n|-activate|p1a: Terapagos|ability: Tera Shell\n|-resisted|p1a: Terapagos\n|-supereffective|p1b: Raging Bolt\n|-damage|p1a: Terapagos|97\/100\n|-damage|p1b: Raging Bolt|79\/100\n|-unboost|p1b: Raging Bolt|spe|1\n|move|p2a: Zamazenta|Body Press|p1a: Terapagos\n|-supereffective|p1a: Terapagos\n|-damage|p1a: Terapagos|0 fnt\n|faint|p1a: Terapagos\n|move|p1b: Raging Bolt|Thunderbolt|p2a: Zamazenta\n|-damage|p2a: Zamazenta|51\/100\n|\n|upkeep\n|\n|t:|1716630615\n|switch|p1a: Comfey|Comfey, L50, F|100\/100\n|turn|4\n|j| hdwyzdmszrj\n|\n|t:|1716630632\n|-terastallize|p1b: Raging Bolt|Electric\n|move|p1b: Raging Bolt|Thunderclap|p2a: Zamazenta\n|-damage|p2a: Zamazenta|0 fnt\n|faint|p2a: Zamazenta\n|move|p2b: Flutter Rod|Taunt|p1a: Comfey\n|-start|p1a: Comfey|move: Taunt\n|cant|p1a: Comfey|move: Taunt|Trick Room\n|\n|upkeep\n|\n|t:|1716630649\n|switch|p2a: Chien-Pao|Chien-Pao, L50|100\/100\n|-ability|p2a: Chien-Pao|Sword of Ruin\n|turn|5\n|\n|t:|1716630668\n|switch|p1a: Ogerpon|Ogerpon-Wellspring, L50, F|38\/100\n|-terastallize|p2b: Flutter Rod|Fairy\n|move|p2a: Chien-Pao|Sucker Punch|p1b: Raging Bolt\n|-damage|p1b: Raging Bolt|44\/100\n|move|p2b: Flutter Rod|Moonblast|p1b: Raging Bolt\n|-damage|p1b: Raging Bolt|0 fnt\n|faint|p1b: Raging Bolt\n|-end|p1b: Raging Bolt|Protosynthesis|[silent]\n|\n|upkeep\n|-message|meanrook forfeited.\n|\n|win|brmbmls\n|raw|meanrook's rating: 1703 &rarr; <strong>1684<\/strong><br \/>(-19 for losing)\n|raw|brmbmls's rating: 1721 &rarr; <strong>1740<\/strong><br \/>(+19 for winning)\n|l|\u2606meanrook\n|player|p1|\n","uploadtime":1716630678,"views":35,"formatid":"gen9vgc2024regg","rating":1684,"private":0,"password":null}