{"id":"gen9vgc2024regg-2130851000","format":"[Gen 9] VGC 2024 Reg G","players":["DaleG","tuanzai233t"],"log":"|j|\u2606DaleG\n|j|\u2606tuanzai233t\n|t:|1716732680\n|gametype|doubles\n|player|p1|DaleG|169|1737\n|player|p2|tuanzai233t|101|1759\n|teamsize|p1|6\n|teamsize|p2|6\n|gen|9\n|tier|[Gen 9] VGC 2024 Reg G\n|rated|\n|rule|Species Clause: Limit one of each Pok\u00e9mon\n|rule|Item Clause: Limit one of each item\n|clearpoke\n|poke|p1|Zamazenta-*, L50|\n|poke|p1|Chien-Pao, L50|\n|poke|p1|Amoonguss, L50, F|\n|poke|p1|Raging Bolt, L50|\n|poke|p1|Entei, L50|\n|poke|p1|Chi-Yu, L50|\n|poke|p2|Indeedee-F, L50, F|\n|poke|p2|Torkoal, L50, M|\n|poke|p2|Calyrex-Ice, L50|\n|poke|p2|Annihilape, L50, M|\n|poke|p2|Urshifu-*, L50, F|\n|poke|p2|Brute Bonnet, L50|\n|teampreview|4\n|\n|t:|1716732705\n|start\n|switch|p1a: Chien-Pao|Chien-Pao, L50|100\/100\n|switch|p1b: Zamazenta|Zamazenta-Crowned, L50|100\/100\n|switch|p2a: Calyrex|Calyrex-Ice, L50|100\/100\n|switch|p2b: Annihilape|Annihilape, L50, M|100\/100\n|-ability|p2a: Calyrex|As One\n|-ability|p2a: Calyrex|Unnerve\n|-ability|p1a: Chien-Pao|Sword of Ruin\n|-ability|p1b: Zamazenta|Dauntless Shield|boost\n|-boost|p1b: Zamazenta|def|1\n|turn|1\n|inactive|Battle timer is ON: inactive players will automatically lose when time's up. (requested by DaleG)\n|\n|t:|1716732723\n|-terastallize|p2a: Calyrex|Fire\n|move|p1a: Chien-Pao|Sucker Punch||[still]\n|-fail|p1a: Chien-Pao\n|move|p2b: Annihilape|Coaching|p2a: Calyrex\n|-boost|p2a: Calyrex|atk|1\n|-boost|p2a: Calyrex|def|1\n|move|p1b: Zamazenta|Iron Defense|p1b: Zamazenta\n|-boost|p1b: Zamazenta|def|2\n|move|p2a: Calyrex|Glacial Lance|p1a: Chien-Pao|[spread] p1a,p1b\n|-resisted|p1a: Chien-Pao\n|-resisted|p1b: Zamazenta\n|-damage|p1a: Chien-Pao|36\/100\n|-damage|p1b: Zamazenta|86\/100\n|\n|upkeep\n|turn|2\n|inactive|DaleG has 30 seconds left.\n|inactive|DaleG has 20 seconds left.\n|\n|t:|1716732760\n|move|p2b: Annihilape|Coaching|p2a: Calyrex\n|-boost|p2a: Calyrex|atk|1\n|-boost|p2a: Calyrex|def|1\n|move|p1a: Chien-Pao|Crunch|p2b: Annihilape\n|-damage|p2b: Annihilape|40\/100\n|move|p1b: Zamazenta|Iron Defense|p1b: Zamazenta\n|-boost|p1b: Zamazenta|def|2\n|move|p2a: Calyrex|Trick Room|p2a: Calyrex\n|-fieldstart|move: Trick Room|[of] p2a: Calyrex\n|\n|upkeep\n|turn|3\n|inactive|DaleG has 30 seconds left.\n|\n|t:|1716732794\n|switch|p2b: Torkoal|Torkoal, L50, M|100\/100\n|-weather|SunnyDay|[from] ability: Drought|[of] p2b: Torkoal\n|move|p1a: Chien-Pao|Protect|p1a: Chien-Pao\n|-singleturn|p1a: Chien-Pao|Protect\n|move|p2a: Calyrex|Glacial Lance|p1b: Zamazenta|[spread] p1b\n|-activate|p1a: Chien-Pao|move: Protect\n|-resisted|p1b: Zamazenta\n|-damage|p1b: Zamazenta|73\/100\n|move|p1b: Zamazenta|Body Press|p2a: Calyrex\n|-damage|p2a: Calyrex|37\/100\n|\n|-weather|SunnyDay|[upkeep]\n|upkeep\n|turn|4\n|inactive|DaleG has 30 seconds left.\n|\n|t:|1716732823\n|move|p1b: Zamazenta|Wide Guard|p1b: Zamazenta\n|-singleturn|p1b: Zamazenta|Wide Guard\n|move|p1a: Chien-Pao|Sucker Punch|p2b: Torkoal\n|-damage|p2b: Torkoal|61\/100\n|move|p2b: Torkoal|Weather Ball|p1b: Zamazenta\n|-supereffective|p1b: Zamazenta\n|-damage|p1b: Zamazenta|0 fnt\n|faint|p1b: Zamazenta\n|move|p2a: Calyrex|High Horsepower|p1a: Chien-Pao\n|-damage|p1a: Chien-Pao|0 fnt\n|faint|p1a: Chien-Pao\n|-ability|p2a: Calyrex|Chilling Neigh|boost\n|-boost|p2a: Calyrex|atk|1\n|\n|-weather|SunnyDay|[upkeep]\n|upkeep\n|\n|t:|1716732832\n|switch|p1b: Entei|Entei, L50|100\/100\n|switch|p1a: Amoonguss|Amoonguss, L50, F|100\/100\n|turn|5\n|\n|t:|1716732857\n|-terastallize|p1a: Amoonguss|Water\n|move|p2b: Torkoal|Weather Ball|p1a: Amoonguss\n|-resisted|p1a: Amoonguss\n|-damage|p1a: Amoonguss|68\/100\n|move|p1a: Amoonguss|Spore|p2a: Calyrex\n|-status|p2a: Calyrex|slp|[from] move: Spore\n|cant|p2a: Calyrex|slp\n|move|p1b: Entei|Stomping Tantrum|p2b: Torkoal\n|-supereffective|p2b: Torkoal\n|-damage|p2b: Torkoal|8\/100\n|-damage|p1b: Entei|91\/100|[from] item: Life Orb\n|\n|-weather|SunnyDay|[upkeep]\n|upkeep\n|turn|6\n|\n|t:|1716732876\n|move|p1b: Entei|Extreme Speed|p2b: Torkoal\n|-damage|p2b: Torkoal|0 fnt\n|faint|p2b: Torkoal\n|-damage|p1b: Entei|81\/100|[from] item: Life Orb\n|move|p1a: Amoonguss|Clear Smog|p2a: Calyrex\n|-damage|p2a: Calyrex|27\/100 slp\n|-clearboost|p2a: Calyrex\n|cant|p2a: Calyrex|slp\n|\n|-weather|SunnyDay|[upkeep]\n|-fieldend|move: Trick Room\n|upkeep\n|\n|t:|1716732895\n|switch|p2b: Annihilape|Annihilape, L50, M|40\/100\n|turn|7\n|\n|t:|1716732910\n|move|p2b: Annihilape|Close Combat|p1a: Amoonguss\n|-damage|p1a: Amoonguss|32\/100\n|-unboost|p2b: Annihilape|def|1\n|-unboost|p2b: Annihilape|spd|1\n|-damage|p2b: Annihilape|23\/100|[from] item: Rocky Helmet|[of] p1a: Amoonguss\n|move|p1b: Entei|Stomping Tantrum|p2a: Calyrex\n|-supereffective|p2a: Calyrex\n|-damage|p2a: Calyrex|0 fnt\n|faint|p2a: Calyrex\n|-damage|p1b: Entei|72\/100|[from] item: Life Orb\n|move|p1a: Amoonguss|Spore|p2b: Annihilape\n|-status|p2b: Annihilape|slp|[from] move: Spore\n|\n|-weather|none\n|upkeep\n|\n|t:|1716732917\n|switch|p2a: Urshifu|Urshifu, L50, F|100\/100\n|turn|8\n|\n|t:|1716732935\n|move|p1a: Amoonguss|Rage Powder|p1a: Amoonguss\n|-singleturn|p1a: Amoonguss|move: Rage Powder\n|cant|p2b: Annihilape|slp\n|move|p2a: Urshifu|Wicked Blow|p1a: Amoonguss\n|-crit|p1a: Amoonguss\n|-damage|p1a: Amoonguss|0 fnt\n|-damage|p2a: Urshifu|84\/100|[from] item: Rocky Helmet|[of] p1a: Amoonguss\n|faint|p1a: Amoonguss\n|move|p1b: Entei|Sacred Fire|p2a: Urshifu\n|-damage|p2a: Urshifu|15\/100\n|-damage|p1b: Entei|62\/100|[from] item: Life Orb\n|\n|upkeep\n|turn|9\n|\n|t:|1716732949\n|move|p2a: Urshifu|Detect|p2a: Urshifu\n|-singleturn|p2a: Urshifu|Protect\n|move|p1b: Entei|Extreme Speed|p2a: Urshifu\n|-activate|p2a: Urshifu|move: Protect\n|cant|p2b: Annihilape|slp\n|\n|upkeep\n|turn|10\n|\n|t:|1716732961\n|move|p1b: Entei|Extreme Speed|p2a: Urshifu\n|-damage|p2a: Urshifu|0 fnt\n|faint|p2a: Urshifu\n|-damage|p1b: Entei|53\/100|[from] item: Life Orb\n|-curestatus|p2b: Annihilape|slp|[msg]\n|move|p2b: Annihilape|Close Combat|p1b: Entei\n|-damage|p1b: Entei|9\/100\n|-unboost|p2b: Annihilape|def|1\n|-unboost|p2b: Annihilape|spd|1\n|\n|upkeep\n|turn|11\n|\n|t:|1716732980\n|move|p2b: Annihilape|Close Combat|p1b: Entei\n|-damage|p1b: Entei|0 fnt\n|-unboost|p2b: Annihilape|def|1\n|-unboost|p2b: Annihilape|spd|1\n|faint|p1b: Entei\n|\n|win|tuanzai233t\n|raw|DaleG's rating: 1737 &rarr; <strong>1718<\/strong><br \/>(-19 for losing)\n|raw|tuanzai233t's rating: 1759 &rarr; <strong>1778<\/strong><br \/>(+19 for winning)\n|l|\u2606tuanzai233t\n|player|p2|\n|l|\u2606DaleG\n|player|p1|\n","uploadtime":1716733186,"views":87,"formatid":"gen9vgc2024regg","rating":1718,"private":0,"password":null}