{"id":"gen9vgc2024regg-2131928524","format":"[Gen 9] VGC 2024 Reg G","players":["testing_chue","Meme Games"],"log":"|j|\u2606testing_chue\n|j|\u2606Meme Games\n|t:|1716870658\n|gametype|doubles\n|player|p1|testing_chue|doctor|1695\n|player|p2|Meme Games|2|1710\n|teamsize|p1|6\n|teamsize|p2|6\n|gen|9\n|tier|[Gen 9] VGC 2024 Reg G\n|rated|\n|rule|Species Clause: Limit one of each Pok\u00e9mon\n|rule|Item Clause: Limit one of each item\n|clearpoke\n|poke|p1|Smeargle, L50, M|\n|poke|p1|Incineroar, L50, M|\n|poke|p1|Muk-Alola, L50, M|\n|poke|p1|Latias, L50, F|\n|poke|p1|Farigiraf, L50, F|\n|poke|p1|Lugia, L50|\n|poke|p2|Groudon, L50|\n|poke|p2|Exeggutor, L50, F|\n|poke|p2|Indeedee-F, L50, F|\n|poke|p2|Yanmega, L50, M|\n|poke|p2|Tornadus, L50, M|\n|poke|p2|Iron Crown, L50|\n|teampreview|4\n|inactive|Battle timer is ON: inactive players will automatically lose when time's up. (requested by testing_chue)\n|inactive|Meme Games has 60 seconds left.\n|\n|t:|1716870695\n|start\n|switch|p1a: Smeargle|Smeargle, L50, M|100\/100\n|switch|p1b: Muk|Muk-Alola, L50, M|100\/100\n|switch|p2a: Iron Crown|Iron Crown, L50|100\/100\n|switch|p2b: Yanmega|Yanmega, L50, M|100\/100\n|-enditem|p2a: Iron Crown|Booster Energy\n|-activate|p2a: Iron Crown|ability: Quark Drive|[fromitem]\n|-start|p2a: Iron Crown|quarkdrivespe\n|turn|1\n|\n|t:|1716870706\n|move|p1a: Smeargle|Fake Out|p2b: Yanmega\n|-damage|p2b: Yanmega|94\/100\n|move|p2a: Iron Crown|Gravity|p2a: Iron Crown\n|-fieldstart|move: Gravity\n|cant|p2b: Yanmega|flinch\n|move|p1b: Muk|Minimize|p1b: Muk\n|-boost|p1b: Muk|evasion|2\n|\n|-ability|p2b: Yanmega|Speed Boost|boost\n|-boost|p2b: Yanmega|spe|1\n|-ability|p1a: Smeargle|Moody|boost\n|-boost|p1a: Smeargle|spd|2\n|-unboost|p1a: Smeargle|atk|1\n|upkeep\n|turn|2\n|\n|t:|1716870714\n|move|p1a: Smeargle|Follow Me|p1a: Smeargle\n|-singleturn|p1a: Smeargle|move: Follow Me\n|move|p2a: Iron Crown|Tachyon Cutter|p1a: Smeargle\n|-damage|p1a: Smeargle|78\/100\n|-damage|p1a: Smeargle|54\/100\n|-hitcount|p1a: Smeargle|2\n|move|p2b: Yanmega|Hypnosis|p1a: Smeargle\n|-status|p1a: Smeargle|slp|[from] move: Hypnosis\n|move|p1b: Muk|Minimize|p1b: Muk\n|-boost|p1b: Muk|evasion|2\n|\n|-ability|p2b: Yanmega|Speed Boost|boost\n|-boost|p2b: Yanmega|spe|1\n|-ability|p1a: Smeargle|Moody|boost\n|-boost|p1a: Smeargle|spd|2\n|-unboost|p1a: Smeargle|spa|1\n|upkeep\n|turn|3\n|\n|t:|1716870724\n|move|p1b: Muk|Protect|p1b: Muk\n|-singleturn|p1b: Muk|Protect\n|cant|p1a: Smeargle|slp\n|move|p2b: Yanmega|Hypnosis|p1b: Muk\n|-activate|p1b: Muk|move: Protect\n|move|p2a: Iron Crown|Tachyon Cutter|p1b: Muk\n|-activate|p1b: Muk|move: Protect\n|\n|-ability|p2b: Yanmega|Speed Boost|boost\n|-boost|p2b: Yanmega|spe|1\n|-ability|p1a: Smeargle|Moody|boost\n|-boost|p1a: Smeargle|spa|2\n|-unboost|p1a: Smeargle|spd|1\n|upkeep\n|turn|4\n|\n|t:|1716870732\n|cant|p1a: Smeargle|slp\n|move|p2b: Yanmega|Hypnosis|p1b: Muk|[miss]\n|-miss|p2b: Yanmega|p1b: Muk\n|move|p2a: Iron Crown|Tachyon Cutter|p1b: Muk\n|-damage|p1b: Muk|81\/100\n|-damage|p1b: Muk|63\/100\n|-hitcount|p1b: Muk|2\n|move|p1b: Muk|Knock Off|p2a: Iron Crown\n|-supereffective|p2a: Iron Crown\n|-damage|p2a: Iron Crown|55\/100\n|\n|-heal|p1b: Muk|69\/100|[from] item: Leftovers\n|-ability|p2b: Yanmega|Speed Boost|boost\n|-boost|p2b: Yanmega|spe|1\n|-ability|p1a: Smeargle|Moody|boost\n|-boost|p1a: Smeargle|def|2\n|-unboost|p1a: Smeargle|atk|1\n|upkeep\n|turn|5\n|\n|t:|1716870745\n|move|p1b: Muk|Protect|p1b: Muk\n|-singleturn|p1b: Muk|Protect\n|move|p2b: Yanmega|Hypnosis|p1b: Muk\n|-activate|p1b: Muk|move: Protect\n|move|p2a: Iron Crown|Tachyon Cutter|p1b: Muk\n|-activate|p1b: Muk|move: Protect\n|cant|p1a: Smeargle|slp\n|\n|-heal|p1b: Muk|75\/100|[from] item: Leftovers\n|-fieldend|move: Gravity\n|-ability|p2b: Yanmega|Speed Boost|boost\n|-boost|p2b: Yanmega|spe|1\n|-ability|p1a: Smeargle|Moody|boost\n|-boost|p1a: Smeargle|def|2\n|-unboost|p1a: Smeargle|spe|1\n|upkeep\n|turn|6\n|\n|t:|1716870753\n|move|p2b: Yanmega|Hypnosis|p1b: Muk|[miss]\n|-miss|p2b: Yanmega|p1b: Muk\n|move|p2a: Iron Crown|Gravity|p2a: Iron Crown\n|-fieldstart|move: Gravity\n|-curestatus|p1a: Smeargle|slp|[msg]\n|move|p1a: Smeargle|Spore|p2a: Iron Crown\n|-status|p2a: Iron Crown|slp|[from] move: Spore\n|move|p1b: Muk|Minimize|p1b: Muk\n|-boost|p1b: Muk|evasion|2\n|\n|-heal|p1b: Muk|82\/100|[from] item: Leftovers\n|-ability|p2b: Yanmega|Speed Boost|boost\n|-boost|p2b: Yanmega|spe|1\n|-ability|p1a: Smeargle|Moody|boost\n|-boost|p1a: Smeargle|spe|2\n|-unboost|p1a: Smeargle|spd|1\n|upkeep\n|turn|7\n|\n|t:|1716870763\n|move|p2b: Yanmega|Hypnosis|p1a: Smeargle\n|-status|p1a: Smeargle|slp|[from] move: Hypnosis\n|cant|p2a: Iron Crown|slp\n|cant|p1a: Smeargle|slp\n|move|p1b: Muk|Poison Gas||[still]|[spread] p2a,p2b\n|-fail|p1b: Muk\n|-status|p2b: Yanmega|psn\n|\n|-heal|p1b: Muk|88\/100|[from] item: Leftovers\n|-damage|p2b: Yanmega|82\/100 psn|[from] psn\n|-ability|p1a: Smeargle|Moody|boost\n|-boost|p1a: Smeargle|atk|2\n|-unboost|p1a: Smeargle|def|1\n|upkeep\n|turn|8\n|\n|t:|1716870770\n|switch|p2b: Groudon|Groudon, L50|100\/100\n|-weather|SunnyDay|[from] ability: Drought|[of] p2b: Groudon\n|move|p1b: Muk|Protect|p1b: Muk\n|-singleturn|p1b: Muk|Protect\n|cant|p1a: Smeargle|slp\n|cant|p2a: Iron Crown|slp\n|\n|-weather|SunnyDay|[upkeep]\n|-heal|p1b: Muk|94\/100|[from] item: Leftovers\n|-ability|p1a: Smeargle|Moody|boost\n|-boost|p1a: Smeargle|spe|2\n|-unboost|p1a: Smeargle|spa|1\n|upkeep\n|turn|9\n|\n|t:|1716870779\n|-terastallize|p1b: Muk|Water\n|cant|p1a: Smeargle|slp\n|-curestatus|p2a: Iron Crown|slp|[msg]\n|move|p2a: Iron Crown|Tachyon Cutter|p1b: Muk\n|-resisted|p1b: Muk\n|-damage|p1b: Muk|84\/100\n|-resisted|p1b: Muk\n|-damage|p1b: Muk|75\/100\n|-hitcount|p1b: Muk|2\n|move|p2b: Groudon|Precipice Blades|p1a: Smeargle|[spread] p1a,p1b\n|-damage|p1a: Smeargle|0 fnt\n|-damage|p1b: Muk|7\/100\n|faint|p1a: Smeargle\n|-ability|p1b: Muk|Moody|[from] ability: Power of Alchemy|[of] p1a: Smeargle\n|move|p1b: Muk|Poison Gas|p2b: Groudon|[spread] p2a,p2b\n|-immune|p2a: Iron Crown\n|-status|p2b: Groudon|psn\n|\n|-weather|SunnyDay|[upkeep]\n|-heal|p1b: Muk|13\/100|[from] item: Leftovers\n|-damage|p2b: Groudon|88\/100 psn|[from] psn\n|-ability|p1b: Muk|Moody|boost\n|-boost|p1b: Muk|spa|2\n|-unboost|p1b: Muk|atk|1\n|upkeep\n|\n|t:|1716870786\n|switch|p1a: Latias|Latias, L50, F|100\/100\n|turn|10\n|\n|t:|1716870793\n|-terastallize|p2b: Groudon|Ground\n|move|p1b: Muk|Protect|p1b: Muk\n|-singleturn|p1b: Muk|Protect\n|move|p2a: Iron Crown|Tachyon Cutter|p1b: Muk\n|-activate|p1b: Muk|move: Protect\n|move|p1a: Latias|Psych Up|p1b: Muk\n|-copyboost|p1a: Latias|p1b: Muk|[from] move: Psych Up\n|move|p2b: Groudon|Precipice Blades|p1a: Latias|[spread] \n|-activate|p1b: Muk|move: Protect\n|-miss|p2b: Groudon|p1a: Latias\n|\n|-weather|SunnyDay|[upkeep]\n|-heal|p1b: Muk|19\/100|[from] item: Leftovers\n|-damage|p2b: Groudon|76\/100 psn|[from] psn\n|-fieldend|move: Gravity\n|-ability|p1b: Muk|Moody|boost\n|-boost|p1b: Muk|spa|2\n|-unboost|p1b: Muk|def|1\n|upkeep\n|turn|11\n|\n|t:|1716870805\n|move|p2a: Iron Crown|Gravity|p2a: Iron Crown\n|-fieldstart|move: Gravity\n|move|p1a: Latias|Stored Power|p2b: Groudon\n|-damage|p2b: Groudon|0 fnt\n|faint|p2b: Groudon\n|move|p1b: Muk|Knock Off|p2a: Iron Crown\n|-supereffective|p2a: Iron Crown\n|-damage|p2a: Iron Crown|20\/100\n|\n|-weather|SunnyDay|[upkeep]\n|-heal|p1b: Muk|25\/100|[from] item: Leftovers\n|-ability|p1b: Muk|Moody|boost\n|-boost|p1b: Muk|spe|2\n|-unboost|p1b: Muk|spa|1\n|upkeep\n|\n|t:|1716870809\n|switch|p2b: Exeggutor|Exeggutor, L50, F|100\/100\n|turn|12\n|\n|t:|1716870821\n|move|p1b: Muk|Protect|p1b: Muk\n|-singleturn|p1b: Muk|Protect\n|move|p2a: Iron Crown|Tachyon Cutter|p1b: Muk\n|-activate|p1b: Muk|move: Protect\n|move|p2b: Exeggutor|Hypnosis|p1a: Latias\n|-status|p1a: Latias|slp|[from] move: Hypnosis\n|cant|p1a: Latias|slp\n|\n|-weather|none\n|-heal|p1b: Muk|31\/100|[from] item: Leftovers\n|-ability|p1b: Muk|Moody|boost\n|-boost|p1b: Muk|spa|2\n|-unboost|p1b: Muk|spe|1\n|upkeep\n|turn|13\n|\n|t:|1716870836\n|move|p2a: Iron Crown|Tachyon Cutter|p1a: Latias\n|-damage|p1a: Latias|83\/100 slp\n|-damage|p1a: Latias|66\/100 slp\n|-hitcount|p1a: Latias|2\n|-curestatus|p1a: Latias|slp|[msg]\n|move|p1a: Latias|Psych Up|p1b: Muk\n|-copyboost|p1a: Latias|p1b: Muk|[from] move: Psych Up\n|move|p2b: Exeggutor|Expanding Force|p1b: Muk\n|-damage|p1b: Muk|1\/100\n|move|p1b: Muk|Knock Off|p2a: Iron Crown\n|-supereffective|p2a: Iron Crown\n|-damage|p2a: Iron Crown|0 fnt\n|faint|p2a: Iron Crown\n|-end|p2a: Iron Crown|Quark Drive|[silent]\n|\n|-heal|p1b: Muk|7\/100|[from] item: Leftovers\n|-ability|p1b: Muk|Moody|boost\n|-boost|p1b: Muk|spd|2\n|-unboost|p1b: Muk|spa|1\n|upkeep\n|\n|t:|1716870846\n|switch|p2a: Yanmega|Yanmega, L50, M|82\/100 psn\n|turn|14\n|\n|t:|1716870856\n|move|p1a: Latias|Protect|p1a: Latias\n|-singleturn|p1a: Latias|Protect\n|move|p2a: Yanmega|Bug Buzz|p1a: Latias\n|-activate|p1a: Latias|move: Protect\n|move|p2b: Exeggutor|Hypnosis|p1a: Latias\n|-activate|p1a: Latias|move: Protect\n|move|p1b: Muk|Poison Gas|p2b: Exeggutor|[spread] p2a,p2b\n|-fail|p2a: Yanmega|psn\n|-status|p2b: Exeggutor|psn\n|\n|-heal|p1b: Muk|13\/100|[from] item: Leftovers\n|-damage|p2a: Yanmega|70\/100 psn|[from] psn\n|-damage|p2b: Exeggutor|88\/100 psn|[from] psn\n|-ability|p2a: Yanmega|Speed Boost|boost\n|-boost|p2a: Yanmega|spe|1\n|-ability|p1b: Muk|Moody|boost\n|-boost|p1b: Muk|spa|2\n|-unboost|p1b: Muk|atk|1\n|upkeep\n|turn|15\n|\n|t:|1716870866\n|move|p2a: Yanmega|Bug Buzz|p1a: Latias\n|-supereffective|p1a: Latias\n|-damage|p1a: Latias|0 fnt\n|faint|p1a: Latias\n|move|p2b: Exeggutor|Expanding Force|p1b: Muk|[miss]\n|-miss|p2b: Exeggutor|p1b: Muk\n|move|p1b: Muk|Knock Off|p2b: Exeggutor\n|-supereffective|p2b: Exeggutor\n|-damage|p2b: Exeggutor|48\/100 psn\n|-enditem|p2b: Exeggutor|Miracle Seed|[from] move: Knock Off|[of] p1b: Muk\n|\n|-heal|p1b: Muk|19\/100|[from] item: Leftovers\n|-damage|p2a: Yanmega|57\/100 psn|[from] psn\n|-damage|p2b: Exeggutor|36\/100 psn|[from] psn\n|-fieldend|move: Gravity\n|-ability|p2a: Yanmega|Speed Boost|boost\n|-boost|p2a: Yanmega|spe|1\n|-ability|p1b: Muk|Moody|boost\n|-boost|p1b: Muk|spe|2\n|-unboost|p1b: Muk|def|1\n|upkeep\n|\n|t:|1716870870\n|switch|p1a: Lugia|Lugia, L50|100\/100\n|turn|16\n|-message|Meme Games forfeited.\n|\n|win|testing_chue\n|raw|testing_chue's rating: 1695 &rarr; <strong>1716<\/strong><br \/>(+21 for winning)\n|raw|Meme Games's rating: 1710 &rarr; <strong>1689<\/strong><br \/>(-21 for losing)\n|l|\u2606testing_chue\n|player|p1|\n|l|\u2606Meme Games\n|player|p2|\n","uploadtime":1716871088,"views":56,"formatid":"gen9vgc2024regg","rating":1689,"private":0,"password":null}