{"id":"gen9vgc2024regg-2131038293","format":"[Gen 9] VGC 2024 Reg G","players":["WahedDjeleba","Millymister"],"log":"|j|\u2606WahedDjeleba\n|j|\u2606Millymister\n|t:|1716754602\n|gametype|doubles\n|player|p1|WahedDjeleba|lucas|1716\n|player|p2|Millymister|265|1665\n|teamsize|p1|6\n|teamsize|p2|6\n|gen|9\n|tier|[Gen 9] VGC 2024 Reg G\n|rated|\n|rule|Species Clause: Limit one of each Pok\u00e9mon\n|rule|Item Clause: Limit one of each item\n|clearpoke\n|poke|p1|Calyrex-Ice, L50|\n|poke|p1|Incineroar, L50, F|\n|poke|p1|Dondozo, L50, F|\n|poke|p1|Tatsugiri-Droopy, L50, M|\n|poke|p1|Raging Bolt, L50|\n|poke|p1|Rillaboom, L50, F|\n|poke|p2|Lunala, L50|\n|poke|p2|Grimmsnarl, L50, M|\n|poke|p2|Rillaboom, L50, F|\n|poke|p2|Incineroar, L50, F|\n|poke|p2|Urshifu-*, L50, F|\n|poke|p2|Tornadus, L50, M|\n|teampreview|4\n|\n|t:|1716754631\n|start\n|switch|p1a: Calyrex|Calyrex-Ice, L50|100\/100\n|switch|p1b: Incineroar|Incineroar, L50, F|100\/100\n|switch|p2a: Grimmsnarl|Grimmsnarl, L50, M|100\/100\n|switch|p2b: King kunt|Incineroar, L50, F|100\/100\n|-ability|p1a: Calyrex|As One\n|-ability|p1a: Calyrex|Unnerve\n|-ability|p1b: Incineroar|Intimidate|boost\n|-unboost|p2a: Grimmsnarl|atk|1\n|-unboost|p2b: King kunt|atk|1\n|-ability|p2b: King kunt|Intimidate|boost\n|-fail|p1a: Calyrex|unboost|[from] item: Clear Amulet|[of] p1a: Calyrex\n|-unboost|p1b: Incineroar|atk|1\n|turn|1\n|\n|t:|1716754653\n|move|p1b: Incineroar|Fake Out|p2b: King kunt\n|-damage|p2b: King kunt|95\/100\n|cant|p2b: King kunt|flinch\n|move|p2a: Grimmsnarl|Reflect|p2a: Grimmsnarl\n|-sidestart|p2: Millymister|Reflect\n|move|p1a: Calyrex|High Horsepower|p2b: King kunt\n|-supereffective|p2b: King kunt\n|-damage|p2b: King kunt|51\/100\n|\n|upkeep\n|turn|2\n|\n|t:|1716754675\n|move|p1a: Calyrex|Protect|p1a: Calyrex\n|-singleturn|p1a: Calyrex|Protect\n|move|p1b: Incineroar|Parting Shot|p2b: King kunt\n|-unboost|p2b: King kunt|atk|1\n|-unboost|p2b: King kunt|spa|1\n|\n|t:|1716754681\n|switch|p1b: Dondozo|Dondozo, L50, F|100\/100|[from] Parting Shot\n|move|p2b: King kunt|Will-O-Wisp|p1a: Calyrex\n|-activate|p1a: Calyrex|move: Protect\n|move|p2a: Grimmsnarl|Spirit Break|p1a: Calyrex\n|-activate|p1a: Calyrex|move: Protect\n|\n|upkeep\n|turn|3\n|\n|t:|1716754700\n|switch|p2b: Rillaboom|Rillaboom, L50, F|100\/100\n|-fieldstart|move: Grassy Terrain|[from] ability: Grassy Surge|[of] p2b: Rillaboom\n|switch|p1a: Incineroar|Incineroar, L50, F|100\/100\n|-ability|p1a: Incineroar|Intimidate|boost\n|-unboost|p2a: Grimmsnarl|atk|1\n|-unboost|p2b: Rillaboom|atk|1\n|move|p1b: Dondozo|Protect|p1b: Dondozo\n|-singleturn|p1b: Dondozo|Protect\n|move|p2a: Grimmsnarl|Thunder Wave|p1b: Dondozo\n|-activate|p1b: Dondozo|move: Protect\n|\n|upkeep\n|turn|4\n|\n|t:|1716754722\n|switch|p1b: Calyrex|Calyrex-Ice, L50|100\/100\n|-ability|p1b: Calyrex|As One\n|-ability|p1b: Calyrex|Unnerve\n|move|p2b: Rillaboom|Fake Out|p1a: Incineroar\n|-damage|p1a: Incineroar|92\/100\n|move|p2a: Grimmsnarl|Thunder Wave|p1b: Calyrex\n|-status|p1b: Calyrex|par\n|cant|p1a: Incineroar|flinch\n|\n|-heal|p1a: Incineroar|98\/100|[from] Grassy Terrain\n|upkeep\n|turn|5\n|\n|t:|1716754753\n|switch|p2a: King kunt|Incineroar, L50, F|51\/100\n|-ability|p2a: King kunt|Intimidate|boost\n|-unboost|p1a: Incineroar|atk|1\n|-fail|p1b: Calyrex|unboost|[from] item: Clear Amulet|[of] p1b: Calyrex\n|move|p1a: Incineroar|Will-O-Wisp|p2b: Rillaboom\n|-status|p2b: Rillaboom|brn\n|move|p2b: Rillaboom|U-turn|p1a: Incineroar\n|-damage|p1a: Incineroar|90\/100\n|\n|t:|1716754770\n|switch|p2b: Lunala|Lunala, L50|100\/100|[from] U-turn\n|cant|p1b: Calyrex|par\n|\n|-heal|p1a: Incineroar|96\/100|[from] Grassy Terrain\n|-heal|p2a: King kunt|57\/100|[from] Grassy Terrain\n|upkeep\n|turn|6\n|\n|t:|1716754793\n|-terastallize|p1a: Incineroar|Ghost\n|-terastallize|p2b: Lunala|Fairy\n|move|p1a: Incineroar|Knock Off|p2b: Lunala\n|-resisted|p2b: Lunala\n|-damage|p2b: Lunala|97\/100\n|-enditem|p2b: Lunala|Leftovers|[from] move: Knock Off|[of] p1a: Incineroar\n|move|p2b: Lunala|Calm Mind|p2b: Lunala\n|-boost|p2b: Lunala|spa|1\n|-boost|p2b: Lunala|spd|1\n|move|p2a: King kunt|Knock Off|p1b: Calyrex\n|-supereffective|p1b: Calyrex\n|-damage|p1b: Calyrex|53\/100 par\n|-enditem|p1b: Calyrex|Clear Amulet|[from] move: Knock Off|[of] p2a: King kunt\n|cant|p1b: Calyrex|par\n|\n|-heal|p1a: Incineroar|100\/100|[from] Grassy Terrain\n|-heal|p2b: Lunala|100\/100|[from] Grassy Terrain\n|-heal|p2a: King kunt|63\/100|[from] Grassy Terrain\n|-heal|p1b: Calyrex|59\/100 par|[from] Grassy Terrain\n|upkeep\n|turn|7\n|\n|t:|1716754817\n|switch|p1b: Tatsugiri|Tatsugiri-Droopy, L50, M|100\/100\n|move|p1a: Incineroar|Parting Shot|p2b: Lunala\n|-unboost|p2b: Lunala|atk|1\n|-unboost|p2b: Lunala|spa|1\n|\n|t:|1716754822\n|switch|p1a: Dondozo|Dondozo, L50, F|100\/100|[from] Parting Shot\n|-activate|p1b: Tatsugiri|ability: Commander|[of] p1a: Dondozo\n|-boost|p1a: Dondozo|atk|2\n|-boost|p1a: Dondozo|spa|2\n|-boost|p1a: Dondozo|spe|2\n|-boost|p1a: Dondozo|def|2\n|-boost|p1a: Dondozo|spd|2\n|move|p2b: Lunala|Calm Mind|p2b: Lunala\n|-boost|p2b: Lunala|spa|1\n|-boost|p2b: Lunala|spd|1\n|move|p2a: King kunt|Parting Shot|p1b: Tatsugiri|[miss]\n|-miss|p2a: King kunt|p1b: Tatsugiri\n|\n|-heal|p2a: King kunt|69\/100|[from] Grassy Terrain\n|-fieldend|move: Grassy Terrain\n|upkeep\n|turn|8\n|\n|t:|1716754851\n|switch|p2a: Rillaboom|Rillaboom, L50, F|100\/100 brn\n|-fieldstart|move: Grassy Terrain|[from] ability: Grassy Surge|[of] p2a: Rillaboom\n|move|p2b: Lunala|Protect|p2b: Lunala\n|-singleturn|p2b: Lunala|Protect\n|move|p1a: Dondozo|Wave Crash|p2a: Rillaboom\n|-resisted|p2a: Rillaboom\n|-damage|p2a: Rillaboom|76\/100 brn\n|-damage|p1a: Dondozo|94\/100|[from] Recoil\n|\n|-heal|p1a: Dondozo|99\/100|[from] Grassy Terrain\n|-heal|p1a: Dondozo|100\/100|[from] item: Leftovers\n|-heal|p2a: Rillaboom|82\/100 brn|[from] Grassy Terrain\n|-damage|p2a: Rillaboom|76\/100 brn|[from] brn\n|-sideend|p2: Millymister|Reflect\n|upkeep\n|turn|9\n|\n|t:|1716754871\n|move|p2a: Rillaboom|Fake Out|p1a: Dondozo\n|-damage|p1a: Dondozo|98\/100\n|cant|p1a: Dondozo|flinch\n|move|p2b: Lunala|Calm Mind|p2b: Lunala\n|-boost|p2b: Lunala|spa|1\n|-boost|p2b: Lunala|spd|1\n|\n|-heal|p1a: Dondozo|100\/100|[from] Grassy Terrain\n|-heal|p2a: Rillaboom|82\/100 brn|[from] Grassy Terrain\n|-damage|p2a: Rillaboom|76\/100 brn|[from] brn\n|upkeep\n|turn|10\n|\n|t:|1716754885\n|move|p2b: Lunala|Protect|p2b: Lunala\n|-singleturn|p2b: Lunala|Protect\n|move|p1a: Dondozo|Order Up|p2a: Rillaboom\n|-damage|p2a: Rillaboom|42\/100 brn\n|-boost|p1a: Dondozo|def|1\n|move|p2a: Rillaboom|Wood Hammer|p1a: Dondozo\n|-supereffective|p1a: Dondozo\n|-damage|p1a: Dondozo|79\/100\n|-damage|p2a: Rillaboom|34\/100 brn|[from] Recoil\n|\n|-heal|p1a: Dondozo|85\/100|[from] Grassy Terrain\n|-heal|p1a: Dondozo|91\/100|[from] item: Leftovers\n|-heal|p2a: Rillaboom|40\/100 brn|[from] Grassy Terrain\n|-damage|p2a: Rillaboom|34\/100 brn|[from] brn\n|upkeep\n|turn|11\n|\n|t:|1716754905\n|move|p1a: Dondozo|Body Press|p2a: Rillaboom\n|-damage|p2a: Rillaboom|0 fnt\n|faint|p2a: Rillaboom\n|move|p2b: Lunala|Moongeist Beam|p1a: Dondozo\n|-damage|p1a: Dondozo|46\/100\n|\n|-heal|p1a: Dondozo|53\/100|[from] Grassy Terrain\n|-heal|p1a: Dondozo|59\/100|[from] item: Leftovers\n|upkeep\n|\n|t:|1716754917\n|switch|p2a: Grimmsnarl|Grimmsnarl, L50, M|100\/100\n|turn|12\n|\n|t:|1716754926\n|move|p2a: Grimmsnarl|Reflect|p2a: Grimmsnarl\n|-sidestart|p2: Millymister|Reflect\n|move|p1a: Dondozo|Wave Crash|p2b: Lunala\n|-damage|p2b: Lunala|78\/100\n|-damage|p1a: Dondozo|51\/100|[from] Recoil\n|move|p2b: Lunala|Moongeist Beam|p1a: Dondozo\n|-damage|p1a: Dondozo|11\/100\n|\n|-heal|p1a: Dondozo|18\/100|[from] Grassy Terrain\n|-heal|p1a: Dondozo|24\/100|[from] item: Leftovers\n|-heal|p2b: Lunala|84\/100|[from] Grassy Terrain\n|-fieldend|move: Grassy Terrain\n|upkeep\n|turn|13\n|\n|t:|1716754948\n|move|p2a: Grimmsnarl|Thunder Wave|p1a: Dondozo\n|-status|p1a: Dondozo|par\n|move|p2b: Lunala|Calm Mind|p2b: Lunala\n|-boost|p2b: Lunala|spa|1\n|-boost|p2b: Lunala|spd|1\n|move|p1a: Dondozo|Wave Crash|p2b: Lunala\n|-damage|p2b: Lunala|41\/100\n|-damage|p1a: Dondozo|9\/100 par|[from] Recoil\n|\n|-heal|p1a: Dondozo|15\/100 par|[from] item: Leftovers\n|upkeep\n|turn|14\n|\n|t:|1716754970\n|move|p2b: Lunala|Moongeist Beam|p1a: Dondozo\n|-damage|p1a: Dondozo|0 fnt\n|faint|p1a: Dondozo\n|move|p2a: Grimmsnarl|Spirit Break|p1b: Tatsugiri\n|-supereffective|p1b: Tatsugiri\n|-enditem|p1b: Tatsugiri|Focus Sash\n|-damage|p1b: Tatsugiri|1\/100\n|-unboost|p1b: Tatsugiri|spa|1\n|\n|upkeep\n|\n|t:|1716754983\n|switch|p1a: Calyrex|Calyrex-Ice, L50|59\/100 par\n|-ability|p1a: Calyrex|As One\n|-ability|p1a: Calyrex|Unnerve\n|turn|15\n|\n|t:|1716754990\n|move|p2b: Lunala|Protect|p2b: Lunala\n|-singleturn|p2b: Lunala|Protect\n|move|p1a: Calyrex|Protect|p1a: Calyrex\n|-singleturn|p1a: Calyrex|Protect\n|move|p2a: Grimmsnarl|Thunder Wave|p1b: Tatsugiri\n|-status|p1b: Tatsugiri|par\n|move|p1b: Tatsugiri|Muddy Water|p2a: Grimmsnarl|[spread] p2a\n|-activate|p2b: Lunala|move: Protect\n|-damage|p2a: Grimmsnarl|80\/100\n|\n|upkeep\n|turn|16\n|\n|t:|1716755009\n|switch|p1a: Incineroar|Incineroar, L50, F, tera:Ghost|100\/100\n|-ability|p1a: Incineroar|Intimidate|boost\n|-unboost|p2a: Grimmsnarl|atk|1\n|-unboost|p2b: Lunala|atk|1\n|move|p2b: Lunala|Moongeist Beam|p1a: Incineroar\n|-supereffective|p1a: Incineroar\n|-damage|p1a: Incineroar|0 fnt\n|faint|p1a: Incineroar\n|move|p2a: Grimmsnarl|Spirit Break|p1b: Tatsugiri\n|-supereffective|p1b: Tatsugiri\n|-damage|p1b: Tatsugiri|0 fnt\n|faint|p1b: Tatsugiri\n|\n|upkeep\n|-message|WahedDjeleba forfeited.\n|\n|win|Millymister\n|raw|WahedDjeleba's rating: 1716 &rarr; <strong>1693<\/strong><br \/>(-23 for losing)\n|raw|Millymister's rating: 1665 &rarr; <strong>1688<\/strong><br \/>(+23 for winning)\n|l|\u2606WahedDjeleba\n|player|p1|\n|l|\u2606Millymister\n|player|p2|\n","uploadtime":1716755168,"views":15,"formatid":"gen9vgc2024regg","rating":1688,"private":0,"password":null}