{"id":"gen9vgc2024regg-2131553289","format":"[Gen 9] VGC 2024 Reg G","players":["Billy_HMD","DaleG"],"log":"|j|\u2606Billy_HMD\n|j|\u2606DaleG\n|t:|1716826861\n|gametype|doubles\n|player|p1|Billy_HMD|dawn|1657\n|player|p2|DaleG|1|1718\n|teamsize|p1|6\n|teamsize|p2|6\n|gen|9\n|tier|[Gen 9] VGC 2024 Reg G\n|rated|\n|rule|Species Clause: Limit one of each Pok\u00e9mon\n|rule|Item Clause: Limit one of each item\n|clearpoke\n|poke|p1|Calyrex-Ice, L50|\n|poke|p1|Incineroar, L50, F|\n|poke|p1|Pelipper, L50, F|\n|poke|p1|Amoonguss, L50, F|\n|poke|p1|Urshifu-*, L50, M|\n|poke|p1|Raging Bolt, L50|\n|poke|p2|Zamazenta-*, L50|\n|poke|p2|Chien-Pao, L50|\n|poke|p2|Amoonguss, L50, F|\n|poke|p2|Raging Bolt, L50|\n|poke|p2|Entei, L50|\n|poke|p2|Chi-Yu, L50|\n|teampreview|4\n|inactive|Battle timer is ON: inactive players will automatically lose when time's up. (requested by Billy_HMD)\n|\n|t:|1716826895\n|start\n|switch|p1a: Incineroar|Incineroar, L50, F|100\/100\n|switch|p1b: Raging Bolt|Raging Bolt, L50|100\/100\n|switch|p2a: Zamazenta|Zamazenta-Crowned, L50|100\/100\n|switch|p2b: Raging Bolt|Raging Bolt, L50|100\/100\n|-ability|p2a: Zamazenta|Dauntless Shield|boost\n|-boost|p2a: Zamazenta|def|1\n|-ability|p1a: Incineroar|Intimidate|boost\n|-unboost|p2a: Zamazenta|atk|1\n|-unboost|p2b: Raging Bolt|atk|1\n|turn|1\n|inactive|DaleG has 30 seconds left.\n|\n|t:|1716826927\n|-end|p2b: Raging Bolt|Protosynthesis|[silent]\n|switch|p2b: Amoonguss|Amoonguss, L50, F|100\/100\n|-terastallize|p1a: Incineroar|Ghost\n|move|p1a: Incineroar|Fake Out|p2b: Amoonguss\n|-damage|p2b: Amoonguss|93\/100\n|-damage|p1a: Incineroar|84\/100|[from] item: Rocky Helmet|[of] p2b: Amoonguss\n|move|p2a: Zamazenta|Iron Defense|p2a: Zamazenta\n|-boost|p2a: Zamazenta|def|2\n|move|p1b: Raging Bolt|Draco Meteor|p2b: Amoonguss\n|-damage|p2b: Amoonguss|19\/100\n|-unboost|p1b: Raging Bolt|spa|2\n|\n|upkeep\n|turn|2\n|inactive|Billy_HMD has 30 seconds left.\n|\n|t:|1716826960\n|switch|p2b: Raging Bolt|Raging Bolt, L50|100\/100\n|move|p2a: Zamazenta|Body Press|p1b: Raging Bolt\n|-damage|p1b: Raging Bolt|4\/100\n|move|p1b: Raging Bolt|Draco Meteor|p2b: Raging Bolt\n|-supereffective|p2b: Raging Bolt\n|-damage|p2b: Raging Bolt|56\/100\n|-unboost|p1b: Raging Bolt|spa|2\n|move|p1a: Incineroar|Will-O-Wisp|p2a: Zamazenta\n|-status|p2a: Zamazenta|brn\n|\n|-damage|p2a: Zamazenta|95\/100 brn|[from] brn\n|upkeep\n|turn|3\n|j| bluestraggler01\n|inactive|Billy_HMD has 30 seconds left.\n|inactive|Billy_HMD has 20 seconds left.\n|inactive|Billy_HMD has 15 seconds left.\n|inactive|Billy_HMD has 10 seconds left.\n|\n|t:|1716827005\n|-end|p1b: Raging Bolt|Protosynthesis|[silent]\n|switch|p1b: Calyrex|Calyrex-Ice, L50|100\/100\n|-ability|p1b: Calyrex|As One\n|-ability|p1b: Calyrex|Unnerve\n|move|p2a: Zamazenta|Iron Defense|p2a: Zamazenta\n|-boost|p2a: Zamazenta|def|2\n|move|p2b: Raging Bolt|Snarl|p1b: Calyrex|[spread] \n|-miss|p2b: Raging Bolt|p1a: Incineroar\n|-miss|p2b: Raging Bolt|p1b: Calyrex\n|move|p1a: Incineroar|Parting Shot|p2b: Raging Bolt\n|-unboost|p2b: Raging Bolt|atk|1\n|-unboost|p2b: Raging Bolt|spa|1\n|inactive|Billy_HMD has 30 seconds left.\n|\n|t:|1716827032\n|switch|p1a: Urshifu|Urshifu-Rapid-Strike, L50, M|100\/100|[from] Parting Shot\n|\n|-damage|p2a: Zamazenta|89\/100 brn|[from] brn\n|upkeep\n|turn|4\n|\n|t:|1716827056\n|-end|p2b: Raging Bolt|Protosynthesis|[silent]\n|switch|p2b: Amoonguss|Amoonguss, L50, F|52\/100\n|-terastallize|p2a: Zamazenta|Grass\n|move|p1a: Urshifu|Surging Strikes|p2a: Zamazenta\n|-resisted|p2a: Zamazenta\n|-crit|p2a: Zamazenta\n|-damage|p2a: Zamazenta|82\/100 brn\n|-resisted|p2a: Zamazenta\n|-crit|p2a: Zamazenta\n|-damage|p2a: Zamazenta|75\/100 brn\n|-resisted|p2a: Zamazenta\n|-crit|p2a: Zamazenta\n|-damage|p2a: Zamazenta|69\/100 brn\n|-hitcount|p2a: Zamazenta|3\n|move|p2a: Zamazenta|Body Press|p1b: Calyrex\n|-damage|p1b: Calyrex|54\/100\n|move|p1b: Calyrex|Glacial Lance|p2a: Zamazenta|[spread] p2a,p2b\n|-supereffective|p2a: Zamazenta\n|-supereffective|p2b: Amoonguss\n|-damage|p2a: Zamazenta|46\/100 brn\n|-damage|p2b: Amoonguss|0 fnt\n|faint|p2b: Amoonguss\n|-ability|p1b: Calyrex|Chilling Neigh|boost\n|-boost|p1b: Calyrex|atk|1\n|\n|-damage|p2a: Zamazenta|40\/100 brn|[from] brn\n|upkeep\n|l| bluestraggler01\n|inactive|DaleG has 30 seconds left.\n|\n|t:|1716827084\n|switch|p2b: Raging Bolt|Raging Bolt, L50|56\/100\n|turn|5\n|inactive|Billy_HMD has 30 seconds left.\n|\n|t:|1716827111\n|switch|p1a: Incineroar|Incineroar, L50, F, tera:Ghost|84\/100\n|-ability|p1a: Incineroar|Intimidate|boost\n|-unboost|p2a: Zamazenta|atk|1\n|-unboost|p2b: Raging Bolt|atk|1\n|move|p1b: Calyrex|Protect|p1b: Calyrex\n|-singleturn|p1b: Calyrex|Protect\n|move|p2a: Zamazenta|Body Press|p1b: Calyrex\n|-activate|p1b: Calyrex|move: Protect\n|move|p2b: Raging Bolt|Discharge|p1b: Calyrex|[spread] p2a,p1a\n|-activate|p1b: Calyrex|move: Protect\n|-resisted|p2a: Zamazenta\n|-damage|p2a: Zamazenta|27\/100 brn\n|-damage|p1a: Incineroar|57\/100\n|\n|-damage|p2a: Zamazenta|21\/100 brn|[from] brn\n|upkeep\n|turn|6\n|inactive|Billy_HMD has 30 seconds left.\n|\n|t:|1716827146\n|move|p2a: Zamazenta|Wide Guard|p2a: Zamazenta\n|-singleturn|p2a: Zamazenta|Wide Guard\n|move|p1a: Incineroar|Fake Out|p2b: Raging Bolt\n|-damage|p2b: Raging Bolt|47\/100\n|cant|p2b: Raging Bolt|flinch\n|move|p1b: Calyrex|Glacial Lance|p2a: Zamazenta|[spread] \n|-activate|p2a: Zamazenta|move: Wide Guard\n|-activate|p2b: Raging Bolt|move: Wide Guard\n|\n|-damage|p2a: Zamazenta|16\/100 brn|[from] brn\n|upkeep\n|turn|7\n|inactive|Billy_HMD has 30 seconds left.\n|\n|t:|1716827183\n|move|p1b: Calyrex|Protect|p1b: Calyrex\n|-singleturn|p1b: Calyrex|Protect\n|move|p2a: Zamazenta|Body Press|p1b: Calyrex\n|-activate|p1b: Calyrex|move: Protect\n|move|p2b: Raging Bolt|Snarl|p1a: Incineroar|[spread] p1a\n|-activate|p1b: Calyrex|move: Protect\n|-supereffective|p1a: Incineroar\n|-damage|p1a: Incineroar|34\/100\n|-unboost|p1a: Incineroar|spa|1\n|move|p1a: Incineroar|Parting Shot|p2b: Raging Bolt\n|-unboost|p2b: Raging Bolt|atk|1\n|-unboost|p2b: Raging Bolt|spa|1\n|\n|t:|1716827199\n|switch|p1a: Urshifu|Urshifu-Rapid-Strike, L50, M|100\/100|[from] Parting Shot\n|\n|-damage|p2a: Zamazenta|10\/100 brn|[from] brn\n|upkeep\n|turn|8\n|inactive|Billy_HMD has 30 seconds left.\n|\n|t:|1716827227\n|move|p2b: Raging Bolt|Thunderclap|p1a: Urshifu\n|-supereffective|p1a: Urshifu\n|-damage|p1a: Urshifu|11\/100\n|move|p1a: Urshifu|Surging Strikes|p2a: Zamazenta\n|-resisted|p2a: Zamazenta\n|-crit|p2a: Zamazenta\n|-damage|p2a: Zamazenta|3\/100 brn\n|-resisted|p2a: Zamazenta\n|-crit|p2a: Zamazenta\n|-damage|p2a: Zamazenta|0 fnt\n|faint|p2a: Zamazenta\n|-hitcount|p2: Zamazenta|2\n|move|p1b: Calyrex|Glacial Lance|p2b: Raging Bolt\n|-supereffective|p2b: Raging Bolt\n|-damage|p2b: Raging Bolt|0 fnt\n|faint|p2b: Raging Bolt\n|-end|p2b: Raging Bolt|Protosynthesis|[silent]\n|-ability|p1b: Calyrex|Chilling Neigh|boost\n|-boost|p1b: Calyrex|atk|1\n|\n|upkeep\n|\n|t:|1716827234\n|switch|p2a: Chien-Pao|Chien-Pao, L50|100\/100\n|-ability|p2a: Chien-Pao|Sword of Ruin\n|turn|9\n|\n|t:|1716827248\n|move|p1a: Urshifu|Surging Strikes|p2a: Chien-Pao\n|-crit|p2a: Chien-Pao\n|-damage|p2a: Chien-Pao|71\/100\n|-crit|p2a: Chien-Pao\n|-damage|p2a: Chien-Pao|41\/100\n|-crit|p2a: Chien-Pao\n|-damage|p2a: Chien-Pao|13\/100\n|-hitcount|p2a: Chien-Pao|3\n|move|p2a: Chien-Pao|Crunch|p1b: Calyrex\n|-supereffective|p1b: Calyrex\n|-damage|p1b: Calyrex|0 fnt\n|faint|p1b: Calyrex\n|\n|upkeep\n|\n|t:|1716827258\n|switch|p1b: Incineroar|Incineroar, L50, F, tera:Ghost|34\/100\n|-ability|p1b: Incineroar|Intimidate|boost\n|-unboost|p2a: Chien-Pao|atk|1\n|turn|10\n|\n|t:|1716827263\n|move|p1b: Incineroar|Fake Out|p2a: Chien-Pao\n|-damage|p2a: Chien-Pao|0 fnt\n|faint|p2a: Chien-Pao\n|\n|win|Billy_HMD\n|raw|Billy_HMD's rating: 1657 &rarr; <strong>1680<\/strong><br \/>(+23 for winning)\n|raw|DaleG's rating: 1718 &rarr; <strong>1695<\/strong><br \/>(-23 for losing)\n|l|\u2606DaleG\n|player|p2|\n|l|\u2606Billy_HMD\n|player|p1|\n","uploadtime":1716827442,"views":16,"formatid":"gen9vgc2024regg","rating":1680,"private":0,"password":null}