{"id":"gen9vgc2024regg-2131968602","format":"[Gen 9] VGC 2024 Reg G","players":["StarSyz","BapeChiang"],"log":"|j|\u2606StarSyz\n|j|\u2606BapeChiang\n|t:|1716877604\n|gametype|doubles\n|player|p1|StarSyz|klara|1806\n|player|p2|BapeChiang|buck|1756\n|teamsize|p1|6\n|teamsize|p2|6\n|gen|9\n|tier|[Gen 9] VGC 2024 Reg G\n|rated|\n|rule|Species Clause: Limit one of each Pok\u00e9mon\n|rule|Item Clause: Limit one of each item\n|clearpoke\n|poke|p1|Zacian-*, L50|\n|poke|p1|Incineroar, L50, M|\n|poke|p1|Rillaboom, L50, F|\n|poke|p1|Chien-Pao, L50|\n|poke|p1|Urshifu-*, L50, M|\n|poke|p1|Tornadus, L50, M|\n|poke|p2|Zamazenta-*, L50|\n|poke|p2|Rillaboom, L50, M|\n|poke|p2|Chien-Pao, L50|\n|poke|p2|Urshifu-*, L50, F|\n|poke|p2|Pelipper, L50, F|\n|poke|p2|Raging Bolt, L50|\n|teampreview|4\n|inactive|Battle timer is ON: inactive players will automatically lose when time's up. (requested by StarSyz)\n|inactive|StarSyz has 60 seconds left.\n|\n|t:|1716877639\n|start\n|switch|p1a: Zacian|Zacian-Crowned, L50|100\/100\n|switch|p1b: Incineroar|Incineroar, L50, M|100\/100\n|switch|p2a: Zamazenta|Zamazenta-Crowned, L50|100\/100\n|switch|p2b: Raging Bolt|Raging Bolt, L50|100\/100\n|-ability|p1a: Zacian|Intrepid Sword|boost\n|-boost|p1a: Zacian|atk|1\n|-ability|p2a: Zamazenta|Dauntless Shield|boost\n|-boost|p2a: Zamazenta|def|1\n|-ability|p1b: Incineroar|Intimidate|boost\n|-unboost|p2a: Zamazenta|atk|1\n|-unboost|p2b: Raging Bolt|atk|1\n|turn|1\n|inactive|StarSyz has 30 seconds left.\n|\n|t:|1716877670\n|-terastallize|p1b: Incineroar|Ghost\n|move|p2a: Zamazenta|Protect|p2a: Zamazenta\n|-singleturn|p2a: Zamazenta|Protect\n|move|p1b: Incineroar|Fake Out|p2b: Raging Bolt\n|-damage|p2b: Raging Bolt|92\/100\n|move|p1a: Zacian|Play Rough|p2b: Raging Bolt\n|-supereffective|p2b: Raging Bolt\n|-damage|p2b: Raging Bolt|0 fnt\n|faint|p2b: Raging Bolt\n|-end|p2b: Raging Bolt|Protosynthesis|[silent]\n|\n|upkeep\n|\n|t:|1716877683\n|switch|p2b: Urshifu|Urshifu-Rapid-Strike, L50, F|100\/100\n|turn|2\n|\n|t:|1716877699\n|switch|p1b: Rillaboom|Rillaboom, L50, F|100\/100\n|-fieldstart|move: Grassy Terrain|[from] ability: Grassy Surge|[of] p1b: Rillaboom\n|-terastallize|p2a: Zamazenta|Grass\n|move|p2b: Urshifu|Close Combat|p1a: Zacian\n|-damage|p1a: Zacian|40\/100\n|-unboost|p2b: Urshifu|def|1\n|-unboost|p2b: Urshifu|spd|1\n|move|p1a: Zacian|Play Rough|p2b: Urshifu\n|-supereffective|p2b: Urshifu\n|-damage|p2b: Urshifu|0 fnt\n|faint|p2b: Urshifu\n|move|p2a: Zamazenta|Body Press|p1a: Zacian\n|-damage|p1a: Zacian|0 fnt\n|faint|p1a: Zacian\n|\n|upkeep\n|\n|t:|1716877718\n|switch|p1a: Incineroar|Incineroar, L50, M, tera:Ghost|100\/100\n|switch|p2b: Pelipper|Pelipper, L50, F|100\/100\n|-weather|RainDance|[from] ability: Drizzle|[of] p2b: Pelipper\n|-ability|p1a: Incineroar|Intimidate|boost\n|-unboost|p2a: Zamazenta|atk|1\n|-unboost|p2b: Pelipper|atk|1\n|turn|3\n|\n|t:|1716877732\n|switch|p1a: Chien-Pao|Chien-Pao, L50|100\/100\n|-ability|p1a: Chien-Pao|Sword of Ruin\n|move|p2a: Zamazenta|Body Press|p1b: Rillaboom\n|-damage|p1b: Rillaboom|22\/100\n|move|p2b: Pelipper|Hurricane|p1a: Chien-Pao\n|-damage|p1a: Chien-Pao|24\/100\n|-start|p1a: Chien-Pao|confusion\n|move|p1b: Rillaboom|Wood Hammer|p2b: Pelipper\n|-damage|p2b: Pelipper|0 fnt\n|-damage|p1b: Rillaboom|6\/100|[from] item: Rocky Helmet|[of] p2b: Pelipper\n|faint|p2b: Pelipper\n|-damage|p1b: Rillaboom|0 fnt|[from] Recoil\n|faint|p1b: Rillaboom\n|\n|-weather|RainDance|[upkeep]\n|-heal|p1a: Chien-Pao|29\/100|[from] Grassy Terrain\n|upkeep\n|\n|t:|1716877749\n|switch|p1b: Incineroar|Incineroar, L50, M, tera:Ghost|100\/100\n|-ability|p1b: Incineroar|Intimidate|boost\n|-unboost|p2a: Zamazenta|atk|1\n|turn|4\n|\n|t:|1716877756\n|move|p2a: Zamazenta|Protect|p2a: Zamazenta\n|-singleturn|p2a: Zamazenta|Protect\n|move|p1b: Incineroar|Fake Out|p2a: Zamazenta\n|-activate|p2a: Zamazenta|move: Protect\n|-activate|p1a: Chien-Pao|confusion\n|move|p1a: Chien-Pao|Sacred Sword|p2a: Zamazenta\n|-activate|p2a: Zamazenta|move: Protect\n|\n|-weather|RainDance|[upkeep]\n|-heal|p1a: Chien-Pao|35\/100|[from] Grassy Terrain\n|upkeep\n|turn|5\n|\n|t:|1716877770\n|-activate|p1a: Chien-Pao|confusion\n|-damage|p1a: Chien-Pao|17\/100|[from] confusion\n|move|p2a: Zamazenta|Body Press|p1a: Chien-Pao\n|-supereffective|p1a: Chien-Pao\n|-damage|p1a: Chien-Pao|0 fnt\n|faint|p1a: Chien-Pao\n|move|p1b: Incineroar|Will-O-Wisp|p2a: Zamazenta|[miss]\n|-miss|p1b: Incineroar|p2a: Zamazenta\n|\n|-weather|RainDance|[upkeep]\n|upkeep\n|turn|6\n|\n|t:|1716877782\n|move|p2a: Zamazenta|Heavy Slam|p1b: Incineroar\n|-damage|p1b: Incineroar|83\/100\n|move|p1b: Incineroar|Will-O-Wisp|p2a: Zamazenta\n|-status|p2a: Zamazenta|brn\n|\n|-weather|RainDance|[upkeep]\n|-heal|p1b: Incineroar|89\/100|[from] Grassy Terrain\n|-damage|p2a: Zamazenta|95\/100 brn|[from] brn\n|-fieldend|move: Grassy Terrain\n|upkeep\n|turn|7\n|\n|t:|1716877796\n|move|p2a: Zamazenta|Heavy Slam|p1b: Incineroar\n|-damage|p1b: Incineroar|80\/100\n|move|p1b: Incineroar|Parting Shot|p2a: Zamazenta\n|-unboost|p2a: Zamazenta|atk|1\n|-unboost|p2a: Zamazenta|spa|1\n|\n|-weather|none\n|-damage|p2a: Zamazenta|89\/100 brn|[from] brn\n|upkeep\n|turn|8\n|\n|t:|1716877805\n|move|p2a: Zamazenta|Heavy Slam|p1b: Incineroar\n|-damage|p1b: Incineroar|72\/100\n|move|p1b: Incineroar|Knock Off|p2a: Zamazenta\n|-damage|p2a: Zamazenta|78\/100 brn\n|\n|-damage|p2a: Zamazenta|72\/100 brn|[from] brn\n|upkeep\n|turn|9\n|\n|t:|1716877814\n|move|p2a: Zamazenta|Heavy Slam|p1b: Incineroar\n|-crit|p1b: Incineroar\n|-damage|p1b: Incineroar|39\/100\n|move|p1b: Incineroar|Knock Off|p2a: Zamazenta\n|-damage|p2a: Zamazenta|63\/100 brn\n|\n|-damage|p2a: Zamazenta|57\/100 brn|[from] brn\n|upkeep\n|turn|10\n|\n|t:|1716877823\n|move|p2a: Zamazenta|Heavy Slam|p1b: Incineroar\n|-damage|p1b: Incineroar|31\/100\n|move|p1b: Incineroar|Parting Shot|p2a: Zamazenta\n|-unboost|p2a: Zamazenta|atk|1\n|-unboost|p2a: Zamazenta|spa|1\n|\n|-damage|p2a: Zamazenta|51\/100 brn|[from] brn\n|upkeep\n|turn|11\n|\n|t:|1716877832\n|move|p2a: Zamazenta|Heavy Slam|p1b: Incineroar\n|-damage|p1b: Incineroar|25\/100\n|move|p1b: Incineroar|Knock Off|p2a: Zamazenta\n|-damage|p2a: Zamazenta|42\/100 brn\n|\n|-damage|p2a: Zamazenta|36\/100 brn|[from] brn\n|upkeep\n|turn|12\n|\n|t:|1716877842\n|move|p2a: Zamazenta|Heavy Slam|p1b: Incineroar\n|-damage|p1b: Incineroar|19\/100\n|move|p1b: Incineroar|Knock Off|p2a: Zamazenta\n|-damage|p2a: Zamazenta|26\/100 brn\n|\n|-damage|p2a: Zamazenta|20\/100 brn|[from] brn\n|upkeep\n|turn|13\n|\n|t:|1716877851\n|move|p2a: Zamazenta|Heavy Slam|p1b: Incineroar\n|-damage|p1b: Incineroar|12\/100\n|move|p1b: Incineroar|Knock Off|p2a: Zamazenta\n|-damage|p2a: Zamazenta|10\/100 brn\n|\n|-damage|p2a: Zamazenta|5\/100 brn|[from] brn\n|upkeep\n|turn|14\n|j| DittoTang\n|\n|t:|1716877859\n|move|p2a: Zamazenta|Heavy Slam|p1b: Incineroar\n|-damage|p1b: Incineroar|6\/100\n|move|p1b: Incineroar|Knock Off|p2a: Zamazenta\n|-damage|p2a: Zamazenta|0 fnt\n|faint|p2a: Zamazenta\n|\n|win|StarSyz\n|raw|StarSyz's rating: 1806 &rarr; <strong>1823<\/strong><br \/>(+17 for winning)\n|raw|BapeChiang's rating: 1756 &rarr; <strong>1739<\/strong><br \/>(-17 for losing)\n|l| DittoTang\n|l|\u2606StarSyz\n|player|p1|\n|l|\u2606BapeChiang\n|player|p2|\n","uploadtime":1716878075,"views":157,"formatid":"gen9vgc2024regg","rating":1739,"private":0,"password":null}