{"id":"gen9vgc2024regg-2131944246","format":"[Gen 9] VGC 2024 Reg G","players":["Riverpasta","AZUNA_Fan"],"log":"|j|\u2606Riverpasta\n|j|\u2606AZUNA_Fan\n|t:|1716873242\n|gametype|doubles\n|player|p1|Riverpasta|red|1654\n|player|p2|AZUNA_Fan|dawn-gen4pt|1747\n|teamsize|p1|6\n|teamsize|p2|6\n|gen|9\n|tier|[Gen 9] VGC 2024 Reg G\n|rated|\n|rule|Species Clause: Limit one of each Pok\u00e9mon\n|rule|Item Clause: Limit one of each item\n|clearpoke\n|poke|p1|Calyrex-Shadow, L50|\n|poke|p1|Glimmora, L50, F|\n|poke|p1|Dondozo, L50, M|\n|poke|p1|Tatsugiri, L50, F|\n|poke|p1|Whimsicott, L50, M|\n|poke|p1|Chi-Yu, L50|\n|poke|p2|Calyrex-Shadow, L50|\n|poke|p2|Urshifu-*, L50, F|\n|poke|p2|Indeedee-F, L50, F|\n|poke|p2|Maushold, L50|\n|poke|p2|Dondozo, L50, M|\n|poke|p2|Tatsugiri, L50, M|\n|teampreview|4\n|c|\u2606Riverpasta|Maushold\n|c|\u2606Riverpasta|Havent seen that in a while\n|\n|t:|1716873278\n|start\n|switch|p1a: Glimmora|Glimmora, L50, F|100\/100\n|switch|p1b: Whimsicott|Whimsicott, L50, M|100\/100\n|switch|p2a: Calyrex|Calyrex-Shadow, L50|100\/100\n|switch|p2b: Urshifu|Urshifu, L50, F|100\/100\n|-ability|p2a: Calyrex|As One\n|-ability|p2a: Calyrex|Unnerve\n|turn|1\n|j| joeldengo\n|\n|t:|1716873291\n|move|p1b: Whimsicott|Tailwind|p1b: Whimsicott\n|-sidestart|p1: Riverpasta|move: Tailwind\n|move|p1a: Glimmora|Mortal Spin|p2b: Urshifu|[spread] p2a,p2b\n|-resisted|p2a: Calyrex\n|-damage|p2a: Calyrex|99\/100\n|-damage|p2b: Urshifu|95\/100\n|-status|p2a: Calyrex|psn\n|-status|p2b: Urshifu|psn\n|move|p2a: Calyrex|Astral Barrage|p1a: Glimmora|[spread] p1a,p1b\n|-damage|p1a: Glimmora|46\/100\n|-damage|p1b: Whimsicott|0 fnt\n|faint|p1b: Whimsicott\n|-ability|p2a: Calyrex|Grim Neigh|boost\n|-boost|p2a: Calyrex|spa|1\n|move|p2b: Urshifu|Wicked Blow|p1a: Glimmora\n|-crit|p1a: Glimmora\n|-damage|p1a: Glimmora|0 fnt\n|-activate|p1a: Glimmora|ability: Toxic Debris\n|-sidestart|p2: AZUNA_Fan|move: Toxic Spikes\n|faint|p1a: Glimmora\n|\n|-damage|p2a: Calyrex|86\/100 psn|[from] psn\n|-damage|p2b: Urshifu|83\/100 psn|[from] psn\n|upkeep\n|\n|t:|1716873305\n|switch|p1b: Chi-Yu|Chi-Yu, L50|100\/100\n|switch|p1a: Calyrex|Calyrex-Shadow, L50|100\/100\n|-ability|p1a: Calyrex|As One\n|-ability|p1a: Calyrex|Unnerve\n|-ability|p1b: Chi-Yu|Beads of Ruin\n|turn|2\n|\n|t:|1716873341\n|switch|p2a: Tatsugiri|Tatsugiri, L50, M|100\/100\n|-status|p2a: Tatsugiri|psn\n|switch|p2b: Dondozo|Dondozo, L50, M|100\/100\n|-activate|p2a: Tatsugiri|ability: Commander|[of] p2b: Dondozo\n|-boost|p2b: Dondozo|atk|2\n|-boost|p2b: Dondozo|spa|2\n|-boost|p2b: Dondozo|spe|2\n|-boost|p2b: Dondozo|def|2\n|-boost|p2b: Dondozo|spd|2\n|-status|p2b: Dondozo|psn\n|-terastallize|p1a: Calyrex|Fairy\n|move|p1a: Calyrex|Astral Barrage|p2a: Tatsugiri|[spread] p2b\n|-miss|p1a: Calyrex|p2a: Tatsugiri\n|-damage|p2b: Dondozo|70\/100 psn\n|move|p1b: Chi-Yu|Heat Wave|p2b: Dondozo|[spread] p2b\n|-miss|p1b: Chi-Yu|p2a: Tatsugiri\n|-resisted|p2b: Dondozo\n|-damage|p2b: Dondozo|55\/100 psn\n|\n|-damage|p2b: Dondozo|42\/100 psn|[from] psn\n|-damage|p2a: Tatsugiri|88\/100 psn|[from] psn\n|upkeep\n|turn|3\n|\n|t:|1716873370\n|move|p1a: Calyrex|Astral Barrage|p2b: Dondozo|[spread] p2b\n|-miss|p1a: Calyrex|p2a: Tatsugiri\n|-damage|p2b: Dondozo|14\/100 psn\n|move|p1b: Chi-Yu|Heat Wave|p2b: Dondozo|[spread] p2b\n|-miss|p1b: Chi-Yu|p2a: Tatsugiri\n|-resisted|p2b: Dondozo\n|-damage|p2b: Dondozo|0 fnt\n|faint|p2b: Dondozo\n|\n|-damage|p2a: Tatsugiri|75\/100 psn|[from] psn\n|upkeep\n|\n|t:|1716873390\n|switch|p2b: Urshifu|Urshifu, L50, F|83\/100 psn\n|turn|4\n|\n|t:|1716873416\n|move|p1a: Calyrex|Draining Kiss|p2a: Tatsugiri\n|-supereffective|p2a: Tatsugiri\n|-damage|p2a: Tatsugiri|0 fnt\n|faint|p2a: Tatsugiri\n|-ability|p1a: Calyrex|Grim Neigh|boost\n|-boost|p1a: Calyrex|spa|1\n|move|p1b: Chi-Yu|Heat Wave|p2b: Urshifu\n|-damage|p2b: Urshifu|0 fnt\n|faint|p2b: Urshifu\n|\n|-sideend|p1: Riverpasta|move: Tailwind\n|upkeep\n|\n|t:|1716873425\n|switch|p2b: Calyrex|Calyrex-Shadow, L50|86\/100 psn\n|-ability|p2b: Calyrex|As One\n|-ability|p2b: Calyrex|Unnerve\n|turn|5\n|-message|AZUNA_Fan forfeited.\n|\n|win|Riverpasta\n|raw|Riverpasta's rating: 1654 &rarr; <strong>1679<\/strong><br \/>(+25 for winning)\n|raw|AZUNA_Fan's rating: 1747 &rarr; <strong>1722<\/strong><br \/>(-25 for losing)\n|l|\u2606AZUNA_Fan\n|player|p2|\n|l|\u2606Riverpasta\n|player|p1|\n","uploadtime":1716873605,"views":25,"formatid":"gen9vgc2024regg","rating":1679,"private":0,"password":null}