{"id":"gen9vgc2024regg-2131587101","format":"[Gen 9] VGC 2024 Reg G","players":["Shio_desu","philosovgc-x"],"log":"|j|\u2606Shio_desu\n|j|\u2606philosovgc-x\n|t:|1716830380\n|gametype|doubles\n|player|p1|Shio_desu|falkner|1652\n|player|p2|philosovgc-x|medium|1713\n|teamsize|p1|6\n|teamsize|p2|6\n|gen|9\n|tier|[Gen 9] VGC 2024 Reg G\n|rated|\n|rule|Species Clause: Limit one of each Pok\u00e9mon\n|rule|Item Clause: Limit one of each item\n|clearpoke\n|poke|p1|Kyogre, L50|\n|poke|p1|Tornadus, L50, M|\n|poke|p1|Archaludon, L50, F|\n|poke|p1|Rillaboom, L50, M|\n|poke|p1|Urshifu-*, L50, M|\n|poke|p1|Farigiraf, L50, M|\n|poke|p2|Lycanroc, L50, M|\n|poke|p2|Tyranitar, L50, M|\n|poke|p2|Calyrex-Shadow, L50|\n|poke|p2|Farigiraf, L50, M|\n|poke|p2|Urshifu-*, L50, F|\n|poke|p2|Whimsicott, L50, M|\n|teampreview|4\n|j| 49nomarine\n|\n|t:|1716830417\n|start\n|switch|p1a: Rillaboom|Rillaboom, L50, M|100\/100\n|switch|p1b: Farigiraf|Farigiraf, L50, M|100\/100\n|switch|p2a: Calyrex|Calyrex-Shadow, L50|100\/100\n|switch|p2b: Whimsicott|Whimsicott, L50, M|100\/100\n|-ability|p2a: Calyrex|As One\n|-ability|p2a: Calyrex|Unnerve\n|-fieldstart|move: Grassy Terrain|[from] ability: Grassy Surge|[of] p1a: Rillaboom\n|turn|1\n|\n|t:|1716830431\n|move|p2a: Calyrex|Pollen Puff|p1a: Rillaboom\n|-supereffective|p1a: Rillaboom\n|-damage|p1a: Rillaboom|30\/100\n|move|p2b: Whimsicott|Moonblast|p1a: Rillaboom\n|-damage|p1a: Rillaboom|12\/100\n|-unboost|p1a: Rillaboom|spa|1\n|move|p1a: Rillaboom|U-turn|p2a: Calyrex\n|-damage|p2a: Calyrex|72\/100\n|\n|t:|1716830442\n|switch|p1a: Kyogre|Kyogre, L50|100\/100|[from] U-turn\n|-weather|RainDance|[from] ability: Drizzle|[of] p1a: Kyogre\n|move|p1b: Farigiraf|Trick Room|p1b: Farigiraf\n|-fieldstart|move: Trick Room|[of] p1b: Farigiraf\n|\n|-weather|RainDance|[upkeep]\n|-heal|p2a: Calyrex|78\/100|[from] Grassy Terrain\n|upkeep\n|turn|2\n|\n|t:|1716830457\n|move|p2b: Whimsicott|Light Screen|p2b: Whimsicott\n|-sidestart|p2: philosovgc-x|move: Light Screen\n|move|p1b: Farigiraf|Hyper Voice|p2a: Calyrex|[spread] p2b\n|-immune|p2a: Calyrex\n|-damage|p2b: Whimsicott|81\/100\n|-enditem|p1b: Farigiraf|Throat Spray\n|-boost|p1b: Farigiraf|spa|1|[from] item: Throat Spray\n|move|p1a: Kyogre|Water Spout|p2a: Calyrex|[spread] p2a,p2b\n|-resisted|p2b: Whimsicott\n|-damage|p2a: Calyrex|2\/100\n|-damage|p2b: Whimsicott|39\/100\n|move|p2a: Calyrex|Pollen Puff|p1b: Farigiraf\n|-supereffective|p1b: Farigiraf\n|-damage|p1b: Farigiraf|0 fnt\n|faint|p1b: Farigiraf\n|-ability|p2a: Calyrex|Grim Neigh|boost\n|-boost|p2a: Calyrex|spa|1\n|\n|-weather|RainDance|[upkeep]\n|-heal|p2b: Whimsicott|45\/100|[from] Grassy Terrain\n|-heal|p2a: Calyrex|8\/100|[from] Grassy Terrain\n|upkeep\n|\n|t:|1716830476\n|switch|p1b: Archaludon|Archaludon, L50, F|100\/100\n|turn|3\n|\n|t:|1716830482\n|switch|p2a: Lycanroc|Lycanroc, L50, M|100\/100\n|move|p1b: Archaludon|Electro Shot||[still]\n|-prepare|p1b: Archaludon|Electro Shot\n|-boost|p1b: Archaludon|spa|1\n|-anim|p1b: Archaludon|Electro Shot|p2b: Whimsicott\n|-resisted|p2b: Whimsicott\n|-damage|p2b: Whimsicott|21\/100\n|move|p1a: Kyogre|Water Spout|p2b: Whimsicott|[spread] p2a,p2b\n|-supereffective|p2a: Lycanroc\n|-resisted|p2b: Whimsicott\n|-enditem|p2a: Lycanroc|Focus Sash\n|-damage|p2a: Lycanroc|1\/100\n|-damage|p2b: Whimsicott|0 fnt\n|faint|p2b: Whimsicott\n|\n|-weather|RainDance|[upkeep]\n|-heal|p2a: Lycanroc|7\/100|[from] Grassy Terrain\n|upkeep\n|\n|t:|1716830486\n|switch|p2b: Tyranitar|Tyranitar, L50, M|100\/100\n|-weather|Sandstorm|[from] ability: Sand Stream|[of] p2b: Tyranitar\n|turn|4\n|\n|t:|1716830517\n|-terastallize|p2b: Tyranitar|Grass\n|move|p2a: Lycanroc|Protect|p2a: Lycanroc\n|-singleturn|p2a: Lycanroc|Protect\n|move|p2b: Tyranitar|Knock Off|p1a: Kyogre\n|-damage|p1a: Kyogre|53\/100\n|-enditem|p1a: Kyogre|Mystic Water|[from] move: Knock Off|[of] p2b: Tyranitar\n|move|p1b: Archaludon|Flash Cannon|p2b: Tyranitar\n|-damage|p2b: Tyranitar|66\/100\n|move|p1a: Kyogre|Water Spout|p2a: Lycanroc|[spread] p2b\n|-activate|p2a: Lycanroc|move: Protect\n|-resisted|p2b: Tyranitar\n|-damage|p2b: Tyranitar|56\/100\n|\n|-weather|Sandstorm|[upkeep]\n|-damage|p2b: Tyranitar|50\/100|[from] Sandstorm\n|-damage|p1a: Kyogre|47\/100|[from] Sandstorm\n|-heal|p2b: Tyranitar|56\/100|[from] Grassy Terrain\n|-heal|p1a: Kyogre|53\/100|[from] Grassy Terrain\n|-heal|p2a: Lycanroc|13\/100|[from] Grassy Terrain\n|upkeep\n|turn|5\n|\n|t:|1716830545\n|move|p2b: Tyranitar|Tera Blast|p1a: Kyogre|[anim] Tera Blast Grass\n|-supereffective|p1a: Kyogre\n|-damage|p1a: Kyogre|0 fnt\n|faint|p1a: Kyogre\n|move|p1b: Archaludon|Flash Cannon|p2a: Lycanroc\n|-supereffective|p2a: Lycanroc\n|-damage|p2a: Lycanroc|0 fnt\n|faint|p2a: Lycanroc\n|\n|-weather|Sandstorm|[upkeep]\n|-damage|p2b: Tyranitar|50\/100|[from] Sandstorm\n|-heal|p2b: Tyranitar|56\/100|[from] Grassy Terrain\n|-fieldend|move: Trick Room\n|-fieldend|move: Grassy Terrain\n|upkeep\n|j| Sarns\n|\n|t:|1716830555\n|switch|p2a: Calyrex|Calyrex-Shadow, L50|8\/100\n|switch|p1a: Rillaboom|Rillaboom, L50, M|12\/100\n|-ability|p2a: Calyrex|As One\n|-ability|p2a: Calyrex|Unnerve\n|-fieldstart|move: Grassy Terrain|[from] ability: Grassy Surge|[of] p1a: Rillaboom\n|turn|6\n|\n|t:|1716830595\n|move|p1a: Rillaboom|Fake Out|p2b: Tyranitar\n|-damage|p2b: Tyranitar|45\/100\n|move|p2a: Calyrex|Astral Barrage|p1a: Rillaboom|[spread] p1a,p1b\n|-damage|p1a: Rillaboom|0 fnt\n|-damage|p1b: Archaludon|8\/100\n|-ability|p1b: Archaludon|Stamina|boost\n|-boost|p1b: Archaludon|def|1\n|faint|p1a: Rillaboom\n|-ability|p2a: Calyrex|Grim Neigh|boost\n|-boost|p2a: Calyrex|spa|1\n|move|p1b: Archaludon|Flash Cannon|p2a: Calyrex\n|-damage|p2a: Calyrex|0 fnt\n|faint|p2a: Calyrex\n|cant|p2b: Tyranitar|flinch\n|\n|-weather|Sandstorm|[upkeep]\n|-damage|p2b: Tyranitar|39\/100|[from] Sandstorm\n|-heal|p1b: Archaludon|15\/100|[from] Grassy Terrain\n|-heal|p1b: Archaludon|21\/100|[from] item: Leftovers\n|-heal|p2b: Tyranitar|45\/100|[from] Grassy Terrain\n|-sideend|p2: philosovgc-x|move: Light Screen\n|upkeep\n|turn|7\n|\n|t:|1716830629\n|move|p1b: Archaludon|Protect|p1b: Archaludon\n|-singleturn|p1b: Archaludon|Protect\n|move|p2b: Tyranitar|Knock Off|p1b: Archaludon\n|-activate|p1b: Archaludon|move: Protect\n|\n|-weather|Sandstorm|[upkeep]\n|-damage|p2b: Tyranitar|39\/100|[from] Sandstorm\n|-heal|p1b: Archaludon|27\/100|[from] Grassy Terrain\n|-heal|p1b: Archaludon|33\/100|[from] item: Leftovers\n|-heal|p2b: Tyranitar|45\/100|[from] Grassy Terrain\n|upkeep\n|turn|8\n|j| zariganiman\n|\n|t:|1716830640\n|-terastallize|p1b: Archaludon|Fairy\n|move|p1b: Archaludon|Dragon Pulse|p2b: Tyranitar\n|-damage|p2b: Tyranitar|0 fnt\n|faint|p2b: Tyranitar\n|\n|win|Shio_desu\n|raw|Shio_desu's rating: 1652 &rarr; <strong>1675<\/strong><br \/>(+23 for winning)\n|raw|philosovgc-x's rating: 1713 &rarr; <strong>1690<\/strong><br \/>(-23 for losing)\n|l|\u2606Shio_desu\n|player|p1|\n|l| 49nomarine\n|l| Sarns\n|l|\u2606philosovgc-x\n|player|p2|\n","uploadtime":1716830882,"views":31,"formatid":"gen9vgc2024regg","rating":1675,"private":0,"password":null}