{"id":"gen9vgc2024regg-2131985140","format":"[Gen 9] VGC 2024 Reg G","players":["fangame10","BapeChiang"],"log":"|j|\u2606fangame10\n|j|\u2606BapeChiang\n|t:|1716880555\n|gametype|doubles\n|player|p1|fangame10|red|1672\n|player|p2|BapeChiang|buck|1714\n|teamsize|p1|6\n|teamsize|p2|6\n|gen|9\n|tier|[Gen 9] VGC 2024 Reg G\n|rated|\n|rule|Species Clause: Limit one of each Pok\u00e9mon\n|rule|Item Clause: Limit one of each item\n|clearpoke\n|poke|p1|Kyurem-White, L50|\n|poke|p1|Ninetales-Alola, L50, F|\n|poke|p1|Milotic, L50, F|\n|poke|p1|Urshifu-*, L50, F|\n|poke|p1|Ursaluna-Bloodmoon, L50, M|\n|poke|p1|Indeedee-F, L50, F|\n|poke|p2|Zamazenta-*, L50|\n|poke|p2|Rillaboom, L50, F|\n|poke|p2|Chien-Pao, L50|\n|poke|p2|Urshifu-*, L50, M|\n|poke|p2|Pelipper, L50, M|\n|poke|p2|Raging Bolt, L50|\n|teampreview|4\n|inactive|Battle timer is ON: inactive players will automatically lose when time's up. (requested by fangame10)\n|\n|t:|1716880576\n|start\n|switch|p1a: Urshifu|Urshifu-Rapid-Strike, L50, F|100\/100\n|switch|p1b: Indeedee|Indeedee-F, L50, F, shiny|100\/100\n|switch|p2a: Zamazenta|Zamazenta-Crowned, L50|100\/100\n|switch|p2b: Urshifu|Urshifu-Rapid-Strike, L50, M|100\/100\n|-ability|p2a: Zamazenta|Dauntless Shield|boost\n|-boost|p2a: Zamazenta|def|1\n|-fieldstart|move: Psychic Terrain|[from] ability: Psychic Surge|[of] p1b: Indeedee\n|turn|1\n|j| VIERAkids\n|\n|t:|1716880600\n|move|p1b: Indeedee|Helping Hand|p1a: Urshifu\n|-singleturn|p1a: Urshifu|Helping Hand|[of] p1b: Indeedee\n|move|p2b: Urshifu|Surging Strikes|p1a: Urshifu\n|-resisted|p1a: Urshifu\n|-crit|p1a: Urshifu\n|-damage|p1a: Urshifu|89\/100\n|-resisted|p1a: Urshifu\n|-crit|p1a: Urshifu\n|-damage|p1a: Urshifu|77\/100\n|-resisted|p1a: Urshifu\n|-crit|p1a: Urshifu\n|-damage|p1a: Urshifu|65\/100\n|-hitcount|p1a: Urshifu|3\n|move|p1a: Urshifu|Close Combat|p2a: Zamazenta\n|-supereffective|p2a: Zamazenta\n|-damage|p2a: Zamazenta|31\/100\n|-unboost|p1a: Urshifu|def|1\n|-unboost|p1a: Urshifu|spd|1\n|move|p2a: Zamazenta|Body Press|p1a: Urshifu\n|-damage|p1a: Urshifu|0 fnt\n|faint|p1a: Urshifu\n|\n|upkeep\n|j| tester66432\n|\n|t:|1716880616\n|switch|p1a: Kyurem|Kyurem-White, L50, shiny|100\/100\n|-ability|p1a: Kyurem|Turboblaze\n|turn|2\n|\n|t:|1716880643\n|-terastallize|p1a: Kyurem|Fairy\n|move|p2a: Zamazenta|Protect|p2a: Zamazenta\n|-singleturn|p2a: Zamazenta|Protect\n|move|p2b: Urshifu|Surging Strikes|p1b: Indeedee\n|-crit|p1b: Indeedee\n|-damage|p1b: Indeedee|78\/100\n|-crit|p1b: Indeedee\n|-damage|p1b: Indeedee|56\/100\n|-crit|p1b: Indeedee\n|-damage|p1b: Indeedee|36\/100\n|-enditem|p1b: Indeedee|Sitrus Berry|[eat]\n|-heal|p1b: Indeedee|61\/100|[from] item: Sitrus Berry\n|-hitcount|p1b: Indeedee|3\n|move|p1a: Kyurem|Earth Power|p2a: Zamazenta\n|-activate|p2a: Zamazenta|move: Protect\n|move|p1b: Indeedee|Trick Room|p1b: Indeedee\n|-fieldstart|move: Trick Room|[of] p1b: Indeedee\n|\n|upkeep\n|turn|3\n|\n|t:|1716880667\n|switch|p1b: Ursaluna|Ursaluna-Bloodmoon, L50, M|100\/100\n|switch|p2a: Pelipper|Pelipper, L50, M|100\/100\n|-weather|RainDance|[from] ability: Drizzle|[of] p2a: Pelipper\n|move|p1a: Kyurem|Freeze-Dry|p2b: Urshifu\n|-supereffective|p2b: Urshifu\n|-damage|p2b: Urshifu|0 fnt\n|faint|p2b: Urshifu\n|\n|-weather|RainDance|[upkeep]\n|upkeep\n|\n|t:|1716880682\n|switch|p2b: Zamazenta|Zamazenta-Crowned, L50|31\/100\n|turn|4\n|\n|t:|1716880692\n|-terastallize|p2b: Zamazenta|Grass\n|move|p1b: Ursaluna|Protect|p1b: Ursaluna\n|-singleturn|p1b: Ursaluna|Protect\n|move|p2a: Pelipper|Hurricane|p1a: Kyurem\n|-damage|p1a: Kyurem|77\/100\n|move|p1a: Kyurem|Freeze-Dry|p2a: Pelipper\n|-supereffective|p2a: Pelipper\n|-damage|p2a: Pelipper|0 fnt\n|faint|p2a: Pelipper\n|move|p2b: Zamazenta|Heavy Slam|p1a: Kyurem\n|-supereffective|p1a: Kyurem\n|-damage|p1a: Kyurem|36\/100\n|\n|-weather|RainDance|[upkeep]\n|upkeep\n|\n|t:|1716880710\n|switch|p2a: Chien-Pao|Chien-Pao, L50|100\/100\n|-ability|p2a: Chien-Pao|Sword of Ruin\n|turn|5\n|\n|t:|1716880719\n|move|p1b: Ursaluna|Hyper Voice|p2b: Zamazenta|[spread] p2a,p2b\n|-damage|p2a: Chien-Pao|10\/100\n|-damage|p2b: Zamazenta|0 fnt\n|faint|p2b: Zamazenta\n|-damage|p1b: Ursaluna|90\/100|[from] item: Life Orb\n|move|p1a: Kyurem|Freeze-Dry|p2a: Chien-Pao\n|-resisted|p2a: Chien-Pao\n|-damage|p2a: Chien-Pao|0 fnt\n|faint|p2a: Chien-Pao\n|\n|win|fangame10\n|raw|fangame10's rating: 1672 &rarr; <strong>1694<\/strong><br \/>(+22 for winning)\n|raw|BapeChiang's rating: 1714 &rarr; <strong>1692<\/strong><br \/>(-22 for losing)\n|l|\u2606fangame10\n|player|p1|\n|l|\u2606BapeChiang\n|player|p2|\n|l| VIERAkids\n|l| tester66432\n","uploadtime":1716880869,"views":81,"formatid":"gen9vgc2024regg","rating":1692,"private":0,"password":null}