{"id":"gen9vgc2024regg-2132321763","format":"[Gen 9] VGC 2024 Reg G","players":["Crysantimo","blooddealer"],"log":"|j|\u2606Crysantimo\n|j|\u2606blooddealer\n|t:|1716920701\n|gametype|doubles\n|player|p1|Crysantimo|madame-gen4dp|1713\n|player|p2|blooddealer|palmer|1690\n|teamsize|p1|6\n|teamsize|p2|6\n|gen|9\n|tier|[Gen 9] VGC 2024 Reg G\n|rated|\n|rule|Species Clause: Limit one of each Pok\u00e9mon\n|rule|Item Clause: Limit one of each item\n|clearpoke\n|poke|p1|Cresselia, L50, F|\n|poke|p1|Grimmsnarl, L50, M|\n|poke|p1|Zamazenta-*, L50|\n|poke|p1|Araquanid, L50, F|\n|poke|p1|Raichu, L50, M|\n|poke|p1|Ogerpon, L50, F|\n|poke|p2|Lunala, L50|\n|poke|p2|Tornadus, L50, M|\n|poke|p2|Mudsdale, L50, M|\n|poke|p2|Urshifu-*, L50, M|\n|poke|p2|Indeedee-F, L50, F|\n|poke|p2|Weezing-Galar, L50, F|\n|teampreview|4\n|inactive|Battle timer is ON: inactive players will automatically lose when time's up. (requested by blooddealer)\n|inactive|Crysantimo has 60 seconds left.\n|\n|t:|1716920750\n|start\n|switch|p1a: Araquanid|Araquanid, L50, F|100\/100\n|switch|p1b: Zamazenta|Zamazenta-Crowned, L50|100\/100\n|switch|p2a: Indeedee|Indeedee-F, L50, F|100\/100\n|switch|p2b: Lunala|Lunala, L50|100\/100\n|-ability|p1b: Zamazenta|Dauntless Shield|boost\n|-boost|p1b: Zamazenta|def|1\n|-fieldstart|move: Psychic Terrain|[from] ability: Psychic Surge|[of] p2a: Indeedee\n|turn|1\n|inactive|Crysantimo has 30 seconds left.\n|inactive|blooddealer has 30 seconds left.\n|inactive|blooddealer has 20 seconds left.\n|inactive|blooddealer has 15 seconds left.\n|\n|t:|1716920794\n|-terastallize|p1a: Araquanid|Water\n|move|p1b: Zamazenta|Behemoth Bash|p2a: Indeedee\n|-damage|p2a: Indeedee|44\/100\n|move|p2b: Lunala|Expanding Force|p1a: Araquanid|[spread] p1a,p1b\n|-damage|p1a: Araquanid|49\/100\n|-damage|p1b: Zamazenta|43\/100\n|move|p1a: Araquanid|Liquidation|p2a: Indeedee\n|-damage|p2a: Indeedee|0 fnt\n|faint|p2a: Indeedee\n|\n|upkeep\n|\n|t:|1716920808\n|switch|p2a: Mudsdale|Mudsdale, L50, M|100\/100\n|turn|2\n|\n|t:|1716920817\n|switch|p1a: Grimmsnarl|Grimmsnarl, L50, M|100\/100\n|-terastallize|p2a: Mudsdale|Grass\n|move|p1b: Zamazenta|Behemoth Bash|p2b: Lunala\n|-damage|p2b: Lunala|85\/100\n|move|p2a: Mudsdale|High Horsepower|p1b: Zamazenta\n|-supereffective|p1b: Zamazenta\n|-damage|p1b: Zamazenta|0 fnt\n|faint|p1b: Zamazenta\n|move|p2b: Lunala|Trick Room|p2b: Lunala\n|-fieldstart|move: Trick Room|[of] p2b: Lunala\n|\n|upkeep\n|\n|t:|1716920826\n|switch|p1b: Araquanid|Araquanid, L50, F, tera:Water|49\/100\n|turn|3\n|\n|t:|1716920846\n|move|p1a: Grimmsnarl|Reflect|p1a: Grimmsnarl\n|-sidestart|p1: Crysantimo|Reflect\n|move|p2a: Mudsdale|High Horsepower|p1a: Grimmsnarl\n|-damage|p1a: Grimmsnarl|50\/100\n|move|p1b: Araquanid|Liquidation|p2b: Lunala\n|-damage|p2b: Lunala|19\/100\n|move|p2b: Lunala|Expanding Force|p1a: Grimmsnarl|[spread] p1b\n|-immune|p1a: Grimmsnarl\n|-damage|p1b: Araquanid|0 fnt\n|faint|p1b: Araquanid\n|\n|upkeep\n|\n|t:|1716920853\n|switch|p1b: Ogerpon|Ogerpon, L50, F|100\/100\n|turn|4\n|inactive|blooddealer has 30 seconds left.\n|\n|t:|1716920879\n|move|p1b: Ogerpon|Follow Me|p1b: Ogerpon\n|-singleturn|p1b: Ogerpon|move: Follow Me\n|move|p2a: Mudsdale|High Horsepower|p1b: Ogerpon\n|-resisted|p1b: Ogerpon\n|-damage|p1b: Ogerpon|67\/100\n|move|p1a: Grimmsnarl|Spirit Break|p2b: Lunala\n|-damage|p2b: Lunala|0 fnt\n|faint|p2b: Lunala\n|\n|upkeep\n|\n|t:|1716920888\n|switch|p2b: Urshifu|Urshifu, L50, M|100\/100\n|turn|5\n|\n|t:|1716920894\n|move|p1b: Ogerpon|Follow Me|p1b: Ogerpon\n|-singleturn|p1b: Ogerpon|move: Follow Me\n|move|p2a: Mudsdale|High Horsepower|p1b: Ogerpon\n|-resisted|p1b: Ogerpon\n|-damage|p1b: Ogerpon|36\/100\n|move|p2b: Urshifu|Wicked Blow|p1b: Ogerpon\n|-crit|p1b: Ogerpon\n|-damage|p1b: Ogerpon|0 fnt\n|faint|p1b: Ogerpon\n|move|p1a: Grimmsnarl|Spirit Break|p2b: Urshifu\n|-supereffective|p2b: Urshifu\n|-damage|p2b: Urshifu|0 fnt\n|faint|p2b: Urshifu\n|\n|-fieldend|move: Psychic Terrain\n|upkeep\n|turn|6\n|\n|t:|1716920908\n|move|p2a: Mudsdale|High Horsepower|p1a: Grimmsnarl\n|-damage|p1a: Grimmsnarl|0 fnt\n|faint|p1a: Grimmsnarl\n|\n|win|blooddealer\n|raw|Crysantimo's rating: 1713 &rarr; <strong>1692<\/strong><br \/>(-21 for losing)\n|raw|blooddealer's rating: 1690 &rarr; <strong>1711<\/strong><br \/>(+21 for winning)\n|c|\u2606Crysantimo|Gg\n|l|\u2606blooddealer\n|player|p2|\n","uploadtime":1716921099,"views":36,"formatid":"gen9vgc2024regg","rating":1692,"private":0,"password":null}