{"id":"gen9vgc2024regg-2132151191","format":"[Gen 9] VGC 2024 Reg G","players":["Pazitas","standardvr"],"log":"|j|\u2606Pazitas\n|j|\u2606standardvr\n|t:|1716904468\n|gametype|doubles\n|player|p1|Pazitas|bianca|1732\n|player|p2|standardvr|blue|1712\n|teamsize|p1|6\n|teamsize|p2|6\n|gen|9\n|tier|[Gen 9] VGC 2024 Reg G\n|rated|\n|rule|Species Clause: Limit one of each Pok\u00e9mon\n|rule|Item Clause: Limit one of each item\n|clearpoke\n|poke|p1|Zamazenta-*, L50|\n|poke|p1|Pelipper, L50, F|\n|poke|p1|Rillaboom, L50, M|\n|poke|p1|Chien-Pao, L50|\n|poke|p1|Moltres-Galar, L50|\n|poke|p1|Raging Bolt, L50|\n|poke|p2|Clefairy, L50, M|\n|poke|p2|Calyrex-Shadow, L50|\n|poke|p2|Urshifu-*, L50, M|\n|poke|p2|Indeedee-F, L50, F|\n|poke|p2|Whimsicott, L50, F|\n|poke|p2|Pawmot, L50, F|\n|teampreview|4\n|inactive|Battle timer is ON: inactive players will automatically lose when time's up. (requested by standardvr)\n|j| darajahmaksura\n|\n|t:|1716904514\n|start\n|switch|p1a: Zag|Raging Bolt, L50|100\/100\n|switch|p1b: Zamazenta|Zamazenta-Crowned, L50|100\/100\n|switch|p2a: Clefairy|Clefairy, L50, M|100\/100\n|switch|p2b: Urshifu|Urshifu-Rapid-Strike, L50, M|100\/100\n|-ability|p1b: Zamazenta|Dauntless Shield|boost\n|-boost|p1b: Zamazenta|def|1\n|turn|1\n|l| darajahmaksura\n|inactive|standardvr has 30 seconds left.\n|\n|t:|1716904542\n|-terastallize|p1b: Zamazenta|Grass\n|move|p2a: Clefairy|Protect|p2a: Clefairy\n|-singleturn|p2a: Clefairy|Protect\n|move|p2b: Urshifu|Close Combat|p1b: Zamazenta\n|-damage|p1b: Zamazenta|75\/100\n|-unboost|p2b: Urshifu|def|1\n|-unboost|p2b: Urshifu|spd|1\n|move|p1b: Zamazenta|Heavy Slam|p2a: Clefairy\n|-activate|p2a: Clefairy|move: Protect\n|move|p1a: Zag|Electroweb|p2b: Urshifu|[spread] p2b\n|-activate|p2a: Clefairy|move: Protect\n|-supereffective|p2b: Urshifu\n|-damage|p2b: Urshifu|31\/100\n|-unboost|p2b: Urshifu|spe|1\n|\n|upkeep\n|turn|2\n|inactive|standardvr has 30 seconds left.\n|\n|t:|1716904573\n|move|p2a: Clefairy|Protect|p2a: Clefairy\n|-singleturn|p2a: Clefairy|Protect\n|move|p1b: Zamazenta|Heavy Slam|p2a: Clefairy\n|-activate|p2a: Clefairy|move: Protect\n|move|p2b: Urshifu|Close Combat|p1a: Zag\n|-damage|p1a: Zag|51\/100\n|-unboost|p2b: Urshifu|def|1\n|-unboost|p2b: Urshifu|spd|1\n|move|p1a: Zag|Thunderbolt|p2a: Clefairy\n|-activate|p2a: Clefairy|move: Protect\n|\n|upkeep\n|turn|3\n|\n|t:|1716904595\n|switch|p2a: Whimsicott|Whimsicott, L50, F|100\/100\n|move|p1b: Zamazenta|Heavy Slam|p2a: Whimsicott\n|-supereffective|p2a: Whimsicott\n|-damage|p2a: Whimsicott|0 fnt\n|faint|p2a: Whimsicott\n|move|p2b: Urshifu|Close Combat|p1b: Zamazenta\n|-damage|p1b: Zamazenta|48\/100\n|-unboost|p2b: Urshifu|def|1\n|-unboost|p2b: Urshifu|spd|1\n|move|p1a: Zag|Thunderbolt|p2b: Urshifu\n|-supereffective|p2b: Urshifu\n|-damage|p2b: Urshifu|0 fnt\n|faint|p2b: Urshifu\n|\n|upkeep\n|\n|t:|1716904611\n|switch|p2a: Clefairy|Clefairy, L50, M|100\/100\n|switch|p2b: Calyrex|Calyrex-Shadow, L50|100\/100\n|-ability|p2b: Calyrex|As One\n|-ability|p2b: Calyrex|Unnerve\n|turn|4\n|\n|t:|1716904621\n|-terastallize|p2b: Calyrex|Ghost\n|move|p2a: Clefairy|Protect|p2a: Clefairy\n|-singleturn|p2a: Clefairy|Protect\n|move|p1b: Zamazenta|Wide Guard|p1b: Zamazenta\n|-singleturn|p1b: Zamazenta|Wide Guard\n|move|p2b: Calyrex|Shadow Ball|p1b: Zamazenta\n|-damage|p1b: Zamazenta|0 fnt\n|faint|p1b: Zamazenta\n|-ability|p2b: Calyrex|Grim Neigh|boost\n|-boost|p2b: Calyrex|spa|1\n|move|p1a: Zag|Electroweb|p2b: Calyrex|[spread] p2b\n|-activate|p2a: Clefairy|move: Protect\n|-damage|p2b: Calyrex|84\/100\n|-unboost|p2b: Calyrex|spe|1\n|\n|upkeep\n|\n|t:|1716904638\n|switch|p1b: Mermaids|Moltres-Galar, L50|100\/100\n|turn|5\n|\n|t:|1716904650\n|move|p2a: Clefairy|Helping Hand|p2b: Calyrex\n|-singleturn|p2b: Calyrex|Helping Hand|[of] p2a: Clefairy\n|move|p2b: Calyrex|Shadow Ball|p1a: Zag\n|-damage|p1a: Zag|0 fnt\n|faint|p1a: Zag\n|-end|p1a: Zag|Protosynthesis|[silent]\n|-ability|p2b: Calyrex|Grim Neigh|boost\n|-boost|p2b: Calyrex|spa|1\n|move|p1b: Mermaids|Tailwind|p1b: Mermaids\n|-sidestart|p1: Pazitas|move: Tailwind\n|\n|upkeep\n|\n|t:|1716904658\n|switch|p1a: Rillaboom|Rillaboom, L50, M|100\/100\n|-fieldstart|move: Grassy Terrain|[from] ability: Grassy Surge|[of] p1a: Rillaboom\n|turn|6\n|\n|t:|1716904671\n|move|p2a: Clefairy|Helping Hand|p2b: Calyrex\n|-singleturn|p2b: Calyrex|Helping Hand|[of] p2a: Clefairy\n|move|p1b: Mermaids|Fiery Wrath|p2a: Clefairy|[spread] p2a,p2b\n|-resisted|p2a: Clefairy\n|-supereffective|p2b: Calyrex\n|-damage|p2a: Clefairy|89\/100\n|-damage|p2b: Calyrex|32\/100\n|move|p1a: Rillaboom|Taunt|p2a: Clefairy\n|-start|p2a: Clefairy|move: Taunt\n|move|p2b: Calyrex|Shadow Ball|p1b: Mermaids\n|-resisted|p1b: Mermaids\n|-damage|p1b: Mermaids|0 fnt\n|faint|p1b: Mermaids\n|-ability|p2b: Calyrex|Grim Neigh|boost\n|-boost|p2b: Calyrex|spa|1\n|\n|-heal|p2b: Calyrex|38\/100|[from] Grassy Terrain\n|-heal|p2a: Clefairy|95\/100|[from] Grassy Terrain\n|upkeep\n|turn|7\n|j| rabbithorn01\n|\n|t:|1716904692\n|move|p1a: Rillaboom|Wood Hammer|p2b: Calyrex\n|-damage|p2b: Calyrex|0 fnt\n|faint|p2b: Calyrex\n|-damage|p1a: Rillaboom|90\/100|[from] Recoil\n|-activate|p2a: Clefairy|move: Struggle\n|move|p2a: Clefairy|Struggle|p1a: Rillaboom\n|-damage|p1a: Rillaboom|84\/100\n|-damage|p2a: Clefairy|70\/100|[from] recoil\n|\n|-heal|p1a: Rillaboom|91\/100|[from] Grassy Terrain\n|-heal|p2a: Clefairy|76\/100|[from] Grassy Terrain\n|upkeep\n|turn|8\n|j| zariganiman\n|-message|standardvr forfeited.\n|\n|win|Pazitas\n|raw|Pazitas's rating: 1732 &rarr; <strong>1751<\/strong><br \/>(+19 for winning)\n|raw|standardvr's rating: 1712 &rarr; <strong>1693<\/strong><br \/>(-19 for losing)\n|l|\u2606standardvr\n|player|p2|\n|c|\u2606Pazitas|gg\n|l|\u2606Pazitas\n|player|p1|\n|n| Enorihs|zariganiman\n","uploadtime":1716904884,"views":40,"formatid":"gen9vgc2024regg","rating":1693,"private":0,"password":null}