{"id":"gen9vgc2024regg-2132629871","format":"[Gen 9] VGC 2024 Reg G","players":["gliscor43","Bobby Seegul"],"log":"|j|\u2606gliscor43\n|j|\u2606Bobby Seegul\n|t:|1716957285\n|gametype|doubles\n|player|p1|gliscor43|mars|1651\n|player|p2|Bobby Seegul|buck|1721\n|teamsize|p1|6\n|teamsize|p2|6\n|gen|9\n|tier|[Gen 9] VGC 2024 Reg G\n|rated|\n|rule|Species Clause: Limit one of each Pok\u00e9mon\n|rule|Item Clause: Limit one of each item\n|clearpoke\n|poke|p1|Kyogre, L50|\n|poke|p1|Whimsicott, L50, F|\n|poke|p1|Ogerpon-Cornerstone, L50, F|\n|poke|p1|Clefairy, L50, F|\n|poke|p1|Farigiraf, L50, M|\n|poke|p1|Iron Hands, L50|\n|poke|p2|Eternatus, L50|\n|poke|p2|Rillaboom, L50, M|\n|poke|p2|Grimmsnarl, L50, M|\n|poke|p2|Ting-Lu, L50|\n|poke|p2|Ogerpon-Wellspring, L50, F|\n|poke|p2|Heatran, L50, M|\n|teampreview|4\n|\n|t:|1716957343\n|start\n|switch|p1a: Whimsicott|Whimsicott, L50, F|100\/100\n|switch|p1b: Iron Hands|Iron Hands, L50|100\/100\n|switch|p2a: Eternatus|Eternatus, L50|100\/100\n|switch|p2b: Rillaboom|Rillaboom, L50, M|100\/100\n|-ability|p2a: Eternatus|Pressure\n|-fieldstart|move: Grassy Terrain|[from] ability: Grassy Surge|[of] p2b: Rillaboom\n|turn|1\n|\n|t:|1716957360\n|move|p1b: Iron Hands|Fake Out|p2a: Eternatus\n|-damage|p2a: Eternatus|87\/100\n|move|p1a: Whimsicott|Tailwind|p1a: Whimsicott\n|-sidestart|p1: gliscor43|move: Tailwind\n|cant|p2a: Eternatus|flinch\n|move|p2b: Rillaboom|U-turn|p1a: Whimsicott\n|-damage|p1a: Whimsicott|65\/100\n|\n|t:|1716957368\n|switch|p2b: Grimmsnarl|Grimmsnarl, L50, M|100\/100|[from] U-turn\n|\n|-heal|p1a: Whimsicott|71\/100|[from] Grassy Terrain\n|-heal|p2a: Eternatus|93\/100|[from] Grassy Terrain\n|upkeep\n|turn|2\n|\n|t:|1716957375\n|move|p2b: Grimmsnarl|Reflect|p2b: Grimmsnarl\n|-sidestart|p2: Bobby Seegul|Reflect\n|move|p1a: Whimsicott|Moonblast|p2b: Grimmsnarl\n|-supereffective|p2b: Grimmsnarl\n|-damage|p2b: Grimmsnarl|43\/100\n|-unboost|p2b: Grimmsnarl|spa|1\n|move|p2a: Eternatus|Sludge Bomb|p1a: Whimsicott\n|-supereffective|p1a: Whimsicott\n|-damage|p1a: Whimsicott|0 fnt\n|faint|p1a: Whimsicott\n|move|p1b: Iron Hands|Heavy Slam|p2b: Grimmsnarl\n|-supereffective|p2b: Grimmsnarl\n|-damage|p2b: Grimmsnarl|0 fnt\n|faint|p2b: Grimmsnarl\n|\n|-heal|p2a: Eternatus|99\/100|[from] Grassy Terrain\n|upkeep\n|\n|t:|1716957389\n|switch|p1a: Kyogre|Kyogre, L50|100\/100\n|switch|p2b: Rillaboom|Rillaboom, L50, M|100\/100\n|-weather|RainDance|[from] ability: Drizzle|[of] p1a: Kyogre\n|turn|3\n|\n|t:|1716957398\n|-end|p1b: Iron Hands|Quark Drive|[silent]\n|switch|p1b: Clefairy|Clefairy, L50, F|100\/100\n|move|p2b: Rillaboom|Fake Out|p1a: Kyogre\n|-damage|p1a: Kyogre|89\/100\n|move|p1a: Kyogre|Ice Beam|p2a: Eternatus\n|-supereffective|p2a: Eternatus\n|-damage|p2a: Eternatus|38\/100\n|move|p2a: Eternatus|Cosmic Power|p2a: Eternatus\n|-boost|p2a: Eternatus|def|1\n|-boost|p2a: Eternatus|spd|1\n|\n|-weather|RainDance|[upkeep]\n|-heal|p1a: Kyogre|95\/100|[from] Grassy Terrain\n|-heal|p2a: Eternatus|45\/100|[from] Grassy Terrain\n|upkeep\n|turn|4\n|\n|t:|1716957420\n|-terastallize|p2a: Eternatus|Fairy\n|-terastallize|p1b: Clefairy|Steel\n|move|p1b: Clefairy|Follow Me|p1b: Clefairy\n|-singleturn|p1b: Clefairy|move: Follow Me\n|move|p1a: Kyogre|Ice Beam|p2a: Eternatus\n|-crit|p2a: Eternatus\n|-damage|p2a: Eternatus|1\/100\n|move|p2a: Eternatus|Recover|p2a: Eternatus\n|-heal|p2a: Eternatus|51\/100\n|move|p2b: Rillaboom|Wood Hammer|p1b: Clefairy\n|-resisted|p1b: Clefairy\n|-damage|p1b: Clefairy|62\/100\n|-damage|p2b: Rillaboom|89\/100|[from] Recoil\n|\n|-weather|RainDance|[upkeep]\n|-heal|p1a: Kyogre|100\/100|[from] Grassy Terrain\n|-heal|p2a: Eternatus|57\/100|[from] Grassy Terrain\n|-heal|p2b: Rillaboom|95\/100|[from] Grassy Terrain\n|-heal|p1b: Clefairy|68\/100|[from] Grassy Terrain\n|-sideend|p1: gliscor43|move: Tailwind\n|upkeep\n|turn|5\n|\n|t:|1716957437\n|switch|p2b: Ogerpon|Ogerpon-Wellspring, L50, F|100\/100\n|move|p1b: Clefairy|Follow Me|p1b: Clefairy\n|-singleturn|p1b: Clefairy|move: Follow Me\n|move|p2a: Eternatus|Recover|p2a: Eternatus\n|-heal|p2a: Eternatus|100\/100\n|move|p1a: Kyogre|Water Spout|p2a: Eternatus|[spread] p2a\n|-immune|p2b: Ogerpon|[from] ability: Water Absorb\n|-damage|p2a: Eternatus|49\/100\n|\n|-weather|RainDance|[upkeep]\n|-heal|p2a: Eternatus|56\/100|[from] Grassy Terrain\n|-heal|p1b: Clefairy|74\/100|[from] Grassy Terrain\n|-fieldend|move: Grassy Terrain\n|upkeep\n|turn|6\n|\n|t:|1716957465\n|move|p1b: Clefairy|Follow Me|p1b: Clefairy\n|-singleturn|p1b: Clefairy|move: Follow Me\n|move|p2a: Eternatus|Dynamax Cannon|p1b: Clefairy\n|-resisted|p1b: Clefairy\n|-damage|p1b: Clefairy|55\/100\n|move|p2b: Ogerpon|Ivy Cudgel|p1b: Clefairy|[anim] Ivy Cudgel Water\n|-damage|p1b: Clefairy|0 fnt\n|faint|p1b: Clefairy\n|move|p1a: Kyogre|Ice Beam|p2b: Ogerpon\n|-damage|p2b: Ogerpon|64\/100\n|-status|p2b: Ogerpon|frz\n|\n|-weather|RainDance|[upkeep]\n|upkeep\n|\n|t:|1716957472\n|switch|p1b: Iron Hands|Iron Hands, L50|100\/100\n|turn|7\n|\n|t:|1716957487\n|move|p1b: Iron Hands|Fake Out|p2a: Eternatus\n|-damage|p2a: Eternatus|49\/100\n|cant|p2a: Eternatus|flinch\n|cant|p2b: Ogerpon|frz\n|move|p1a: Kyogre|Water Spout|p2a: Eternatus|[spread] p2a\n|-heal|p2b: Ogerpon|89\/100 frz|[from] ability: Water Absorb|[of] p1a: Kyogre\n|-damage|p2a: Eternatus|0 fnt\n|faint|p2a: Eternatus\n|\n|-weather|none\n|upkeep\n|\n|t:|1716957495\n|switch|p2a: Rillaboom|Rillaboom, L50, M|95\/100\n|-fieldstart|move: Grassy Terrain|[from] ability: Grassy Surge|[of] p2a: Rillaboom\n|turn|8\n|\n|t:|1716957514\n|cant|p2b: Ogerpon|frz\n|move|p1a: Kyogre|Ice Beam|p2a: Rillaboom\n|-supereffective|p2a: Rillaboom\n|-damage|p2a: Rillaboom|3\/100\n|move|p2a: Rillaboom|Wood Hammer|p1a: Kyogre\n|-supereffective|p1a: Kyogre\n|-damage|p1a: Kyogre|0 fnt\n|faint|p1a: Kyogre\n|-damage|p2a: Rillaboom|0 fnt|[from] Recoil\n|faint|p2a: Rillaboom\n|move|p1b: Iron Hands|Drain Punch|p2b: Ogerpon\n|-damage|p2b: Ogerpon|52\/100 frz\n|\n|-heal|p2b: Ogerpon|58\/100 frz|[from] Grassy Terrain\n|upkeep\n|turn|9\n|\n|t:|1716957532\n|cant|p2b: Ogerpon|frz\n|move|p1b: Iron Hands|Drain Punch|p2b: Ogerpon\n|-damage|p2b: Ogerpon|24\/100 frz\n|\n|-heal|p2b: Ogerpon|30\/100 frz|[from] Grassy Terrain\n|-sideend|p2: Bobby Seegul|Reflect\n|upkeep\n|turn|10\n|\n|t:|1716957536\n|cant|p2b: Ogerpon|frz\n|move|p1b: Iron Hands|Drain Punch|p2b: Ogerpon\n|-damage|p2b: Ogerpon|0 fnt\n|faint|p2b: Ogerpon\n|\n|win|gliscor43\n|raw|gliscor43's rating: 1651 &rarr; <strong>1675<\/strong><br \/>(+24 for winning)\n|raw|Bobby Seegul's rating: 1721 &rarr; <strong>1697<\/strong><br \/>(-24 for losing)\n|c|\u2606Bobby Seegul|thats so annoying\n","uploadtime":1716957546,"views":25,"formatid":"gen9vgc2024regg","rating":1675,"private":0,"password":null}