{"id":"gen9vgc2024regg-2132151407","format":"[Gen 9] VGC 2024 Reg G","players":["Betsie","Bobby Seegul"],"log":"|j|\u2606Betsie\n|j|\u2606Bobby Seegul\n|t:|1716904489\n|gametype|doubles\n|player|p1|Betsie|grimsley-masters|1726\n|player|p2|Bobby Seegul|buck|1656\n|teamsize|p1|6\n|teamsize|p2|6\n|gen|9\n|tier|[Gen 9] VGC 2024 Reg G\n|rated|\n|rule|Species Clause: Limit one of each Pok\u00e9mon\n|rule|Item Clause: Limit one of each item\n|clearpoke\n|poke|p1|Tornadus, L50, M|\n|poke|p1|Chi-Yu, L50|\n|poke|p1|Calyrex-Shadow, L50|\n|poke|p1|Indeedee-F, L50, F|\n|poke|p1|Urshifu-*, L50, F|\n|poke|p1|Amoonguss, L50, M|\n|poke|p2|Eternatus, L50|\n|poke|p2|Rillaboom, L50, F|\n|poke|p2|Grimmsnarl, L50, M|\n|poke|p2|Ting-Lu, L50|\n|poke|p2|Ogerpon-Wellspring, L50, F|\n|poke|p2|Heatran, L50, F|\n|teampreview|4\n|inactive|Battle timer is ON: inactive players will automatically lose when time's up. (requested by Betsie)\n|j| niunai\n|j| Marguerit Maida\n|inactive|Bobby Seegul has 60 seconds left.\n|l| niunai\n|inactive|Betsie has 60 seconds left.\n|\n|t:|1716904539\n|start\n|switch|p1a: Urshifu|Urshifu-Rapid-Strike, L50, F|100\/100\n|switch|p1b: Chi-Yu|Chi-Yu, L50|100\/100\n|switch|p2a: Grimmsnarl|Grimmsnarl, L50, M|100\/100\n|switch|p2b: Eternatus|Eternatus, L50|100\/100\n|-ability|p2b: Eternatus|Pressure\n|-ability|p1b: Chi-Yu|Beads of Ruin\n|turn|1\n|inactive|Betsie has 30 seconds left.\n|inactive|Bobby Seegul has 30 seconds left.\n|\n|t:|1716904568\n|move|p2a: Grimmsnarl|Light Screen|p2a: Grimmsnarl\n|-sidestart|p2: Bobby Seegul|move: Light Screen\n|move|p1a: Urshifu|Surging Strikes|p2a: Grimmsnarl\n|-crit|p2a: Grimmsnarl\n|-damage|p2a: Grimmsnarl|78\/100\n|-crit|p2a: Grimmsnarl\n|-damage|p2a: Grimmsnarl|58\/100\n|-crit|p2a: Grimmsnarl\n|-damage|p2a: Grimmsnarl|38\/100\n|-hitcount|p2a: Grimmsnarl|3\n|move|p2b: Eternatus|Cosmic Power|p2b: Eternatus\n|-boost|p2b: Eternatus|def|1\n|-boost|p2b: Eternatus|spd|1\n|move|p1b: Chi-Yu|Heat Wave|p2b: Eternatus|[spread] p2b\n|-miss|p1b: Chi-Yu|p2a: Grimmsnarl\n|-resisted|p2b: Eternatus\n|-damage|p2b: Eternatus|86\/100\n|\n|upkeep\n|turn|2\n|inactive|Bobby Seegul has 30 seconds left.\n|inactive|Bobby Seegul has 20 seconds left.\n|\n|t:|1716904604\n|move|p2a: Grimmsnarl|Thunder Wave|p1a: Urshifu\n|-status|p1a: Urshifu|par\n|move|p2b: Eternatus|Dynamax Cannon|p1a: Urshifu\n|-damage|p1a: Urshifu|0 fnt\n|faint|p1a: Urshifu\n|move|p1b: Chi-Yu|Heat Wave|p2a: Grimmsnarl|[spread] p2a,p2b\n|-resisted|p2b: Eternatus\n|-damage|p2a: Grimmsnarl|0 fnt\n|-damage|p2b: Eternatus|71\/100\n|faint|p2a: Grimmsnarl\n|\n|upkeep\n|\n|t:|1716904615\n|switch|p1a: Calyrex|Calyrex-Shadow, L50|100\/100\n|switch|p2a: Ting-Lu|Ting-Lu, L50|100\/100\n|-ability|p1a: Calyrex|As One\n|-ability|p1a: Calyrex|Unnerve\n|-ability|p2a: Ting-Lu|Vessel of Ruin\n|turn|3\n|\n|t:|1716904628\n|switch|p1b: Indeedee|Indeedee-F, L50, F|100\/100\n|-fieldstart|move: Psychic Terrain|[from] ability: Psychic Surge|[of] p1b: Indeedee\n|move|p1a: Calyrex|Protect|p1a: Calyrex\n|-singleturn|p1a: Calyrex|Protect\n|move|p2b: Eternatus|Cosmic Power|p2b: Eternatus\n|-boost|p2b: Eternatus|def|1\n|-boost|p2b: Eternatus|spd|1\n|move|p2a: Ting-Lu|Snarl|p1a: Calyrex|[spread] p1b\n|-activate|p1a: Calyrex|move: Protect\n|-supereffective|p1b: Indeedee\n|-damage|p1b: Indeedee|86\/100\n|-unboost|p1b: Indeedee|spa|1\n|\n|upkeep\n|turn|4\n|\n|t:|1716904648\n|-terastallize|p1a: Calyrex|Fighting\n|move|p1b: Indeedee|Helping Hand|p1a: Calyrex\n|-singleturn|p1a: Calyrex|Helping Hand|[of] p1b: Indeedee\n|move|p1a: Calyrex|Tera Blast|p2a: Ting-Lu|[anim] Tera Blast Fighting\n|-supereffective|p2a: Ting-Lu\n|-damage|p2a: Ting-Lu|70\/100\n|move|p2b: Eternatus|Sludge Bomb|p1a: Calyrex\n|-damage|p1a: Calyrex|65\/100\n|move|p2a: Ting-Lu|Snarl|p1a: Calyrex|[spread] p1a,p1b\n|-resisted|p1a: Calyrex\n|-supereffective|p1b: Indeedee\n|-damage|p1a: Calyrex|61\/100\n|-damage|p1b: Indeedee|69\/100\n|-unboost|p1a: Calyrex|spa|1\n|-unboost|p1b: Indeedee|spa|1\n|\n|upkeep\n|turn|5\n|\n|t:|1716904670\n|move|p1b: Indeedee|Helping Hand|p1a: Calyrex\n|-singleturn|p1a: Calyrex|Helping Hand|[of] p1b: Indeedee\n|move|p1a: Calyrex|Expanding Force|p2b: Eternatus|[spread] p2b\n|-immune|p2a: Ting-Lu\n|-supereffective|p2b: Eternatus\n|-damage|p2b: Eternatus|46\/100\n|move|p2b: Eternatus|Dynamax Cannon|p1a: Calyrex\n|-damage|p1a: Calyrex|27\/100\n|move|p2a: Ting-Lu|Snarl|p1b: Indeedee|[spread] p1a,p1b\n|-resisted|p1a: Calyrex\n|-supereffective|p1b: Indeedee\n|-damage|p1a: Calyrex|23\/100\n|-damage|p1b: Indeedee|52\/100\n|-unboost|p1a: Calyrex|spa|1\n|-unboost|p1b: Indeedee|spa|1\n|\n|upkeep\n|turn|6\n|\n|t:|1716904683\n|move|p1b: Indeedee|Follow Me|p1b: Indeedee\n|-singleturn|p1b: Indeedee|move: Follow Me\n|move|p1a: Calyrex|Expanding Force|p2a: Ting-Lu|[spread] p2b\n|-immune|p2a: Ting-Lu\n|-supereffective|p2b: Eternatus\n|-damage|p2b: Eternatus|32\/100\n|move|p2b: Eternatus|Recover|p2b: Eternatus\n|-heal|p2b: Eternatus|82\/100\n|move|p2a: Ting-Lu|Snarl|p1b: Indeedee|[spread] p1a,p1b\n|-resisted|p1a: Calyrex\n|-supereffective|p1b: Indeedee\n|-crit|p1b: Indeedee\n|-damage|p1a: Calyrex|19\/100\n|-damage|p1b: Indeedee|30\/100\n|-unboost|p1a: Calyrex|spa|1\n|-unboost|p1b: Indeedee|spa|1\n|\n|upkeep\n|turn|7\n|-message|Betsie forfeited.\n|\n|win|Bobby Seegul\n|raw|Betsie's rating: 1726 &rarr; <strong>1702<\/strong><br \/>(-24 for losing)\n|raw|Bobby Seegul's rating: 1656 &rarr; <strong>1680<\/strong><br \/>(+24 for winning)\n|l|\u2606Betsie\n|player|p1|\n|j| rabbithorn01\n|l|\u2606Bobby Seegul\n|player|p2|\n","uploadtime":1716904758,"views":18,"formatid":"gen9vgc2024regg","rating":1680,"private":0,"password":null}