{"id":"gen9vgc2024regg-2132581347","format":"[Gen 9] VGC 2024 Reg G","players":["shuijun1+shu\u4fa0","war3infi"],"log":"|j|\u2606shuijun1+shu\u4fa0\n|j|\u2606war3infi\n|t:|1716950189\n|gametype|doubles\n|player|p1|shuijun1+shu\u4fa0|iono|1742\n|player|p2|war3infi|dawn|1723\n|teamsize|p1|6\n|teamsize|p2|6\n|gen|9\n|tier|[Gen 9] VGC 2024 Reg G\n|rated|\n|rule|Species Clause: Limit one of each Pok\u00e9mon\n|rule|Item Clause: Limit one of each item\n|clearpoke\n|poke|p1|Armarouge, L50, M|\n|poke|p1|Zamazenta-*, L50|\n|poke|p1|Indeedee, L50, M|\n|poke|p1|Maushold, L50|\n|poke|p1|Roaring Moon, L50|\n|poke|p1|Urshifu-*, L50, M|\n|poke|p2|Miraidon, L50|\n|poke|p2|Sneasler, L50, F|\n|poke|p2|Landorus, L50, M|\n|poke|p2|Araquanid, L50, M|\n|poke|p2|Incineroar, L50, F|\n|poke|p2|Tornadus, L50, M|\n|teampreview|4\n|j| GameLurker69\n|j| vivixRANDOM\n|\n|t:|1716950221\n|start\n|switch|p1a: Maushold|Maushold, L50|100\/100\n|switch|p1b: Roaring Moon|Roaring Moon, L50|100\/100\n|switch|p2a: Tornadus|Tornadus, L50, M|100\/100\n|switch|p2b: Miraidon|Miraidon, L50|100\/100\n|-fieldstart|move: Electric Terrain|[from] ability: Hadron Engine|[of] p2b: Miraidon\n|-enditem|p1b: Roaring Moon|Booster Energy\n|-activate|p1b: Roaring Moon|ability: Protosynthesis|[fromitem]\n|-start|p1b: Roaring Moon|protosynthesisspe\n|turn|1\n|\n|t:|1716950241\n|-terastallize|p2b: Miraidon|Fairy\n|move|p1b: Roaring Moon|Tailwind|p1b: Roaring Moon\n|-sidestart|p1: shuijun1+shu\u4fa0|move: Tailwind\n|move|p1a: Maushold|Population Bomb|p2b: Miraidon\n|-damage|p2b: Miraidon|90\/100\n|-damage|p2b: Miraidon|78\/100\n|-damage|p2b: Miraidon|67\/100\n|-damage|p2b: Miraidon|56\/100\n|-damage|p2b: Miraidon|45\/100\n|-damage|p2b: Miraidon|35\/100\n|-damage|p2b: Miraidon|24\/100\n|-damage|p2b: Miraidon|14\/100\n|-damage|p2b: Miraidon|3\/100\n|-damage|p2b: Miraidon|0 fnt\n|faint|p2b: Miraidon\n|-hitcount|p2: Miraidon|10\n|move|p2a: Tornadus|Bleakwind Storm|p1a: Maushold|[spread] p1b\n|-miss|p2a: Tornadus|p1a: Maushold\n|-damage|p1b: Roaring Moon|68\/100\n|\n|upkeep\n|\n|t:|1716950253\n|switch|p2b: Sneasler|Sneasler, L50, F|100\/100\n|-enditem|p2b: Sneasler|Electric Seed\n|-boost|p2b: Sneasler|def|1|[from] item: Electric Seed\n|turn|2\n|\n|t:|1716950277\n|switch|p1a: Armarouge|Armarouge, L50, M, shiny|100\/100\n|-terastallize|p1b: Roaring Moon|Ghost\n|move|p2a: Tornadus|Tailwind|p2a: Tornadus\n|-sidestart|p2: war3infi|move: Tailwind\n|move|p2b: Sneasler|Close Combat|p1a: Armarouge\n|-resisted|p1a: Armarouge\n|-damage|p1a: Armarouge|70\/100\n|-unboost|p2b: Sneasler|def|1\n|-unboost|p2b: Sneasler|spd|1\n|-ability|p1a: Armarouge|Weak Armor|boost\n|-unboost|p1a: Armarouge|def|1\n|-boost|p1a: Armarouge|spe|2\n|move|p1b: Roaring Moon|Earthquake|p2a: Tornadus|[spread] p1a,p2b\n|-immune|p2a: Tornadus\n|-supereffective|p1a: Armarouge\n|-supereffective|p2b: Sneasler\n|-damage|p1a: Armarouge|0 fnt\n|-damage|p2b: Sneasler|23\/100\n|faint|p1a: Armarouge\n|\n|upkeep\n|j| cz1023\n|\n|t:|1716950289\n|switch|p1a: Maushold|Maushold, L50|100\/100\n|turn|3\n|\n|t:|1716950298\n|move|p1a: Maushold|Feint|p2b: Sneasler\n|-damage|p2b: Sneasler|0 fnt\n|faint|p2b: Sneasler\n|move|p1b: Roaring Moon|Knock Off|p2a: Tornadus\n|-damage|p2a: Tornadus|15\/100\n|-enditem|p2a: Tornadus|Focus Sash|[from] move: Knock Off|[of] p1b: Roaring Moon\n|move|p2a: Tornadus|Bleakwind Storm|p1a: Maushold|[spread] p1a,p1b\n|-damage|p1a: Maushold|40\/100\n|-damage|p1b: Roaring Moon|30\/100\n|-unboost|p1b: Roaring Moon|spe|1\n|\n|upkeep\n|\n|t:|1716950307\n|switch|p2b: Landorus|Landorus, L50, M|100\/100\n|turn|4\n|\n|t:|1716950316\n|move|p1a: Maushold|Feint|p2a: Tornadus\n|-damage|p2a: Tornadus|0 fnt\n|faint|p2a: Tornadus\n|move|p1b: Roaring Moon|Knock Off|p2b: Landorus\n|-damage|p2b: Landorus|39\/100\n|-enditem|p2b: Landorus|Life Orb|[from] move: Knock Off|[of] p1b: Roaring Moon\n|move|p2b: Landorus|Sandsear Storm|p1a: Maushold|[spread] p1a,p1b\n|-damage|p1a: Maushold|0 fnt\n|-damage|p1b: Roaring Moon|0 fnt\n|faint|p1a: Maushold\n|faint|p1b: Roaring Moon\n|-end|p1b: Roaring Moon|Protosynthesis|[silent]\n|\n|-sideend|p1: shuijun1+shu\u4fa0|move: Tailwind\n|upkeep\n|\n|t:|1716950325\n|switch|p1b: Indeedee|Indeedee, L50, M|100\/100\n|-fieldstart|move: Psychic Terrain|[from] ability: Psychic Surge|[of] p1b: Indeedee\n|turn|5\n|\n|t:|1716950328\n|move|p2b: Landorus|Earth Power|p1b: Indeedee\n|-damage|p1b: Indeedee|24\/100\n|move|p1b: Indeedee|Expanding Force|p2b: Landorus\n|-damage|p2b: Landorus|0 fnt\n|faint|p2b: Landorus\n|\n|win|shuijun1+shu\u4fa0\n|raw|shuijun1+shu\u4fa0's rating: 1742 &rarr; <strong>1761<\/strong><br \/>(+19 for winning)\n|raw|war3infi's rating: 1723 &rarr; <strong>1704<\/strong><br \/>(-19 for losing)\n|l|\u2606shuijun1+shu\u4fa0\n|player|p1|\n|l|\u2606war3infi\n|player|p2|\n","uploadtime":1716950359,"views":68,"formatid":"gen9vgc2024regg","rating":1704,"private":0,"password":null}