{"id":"gen9vgc2024regg-2132603491","format":"[Gen 9] VGC 2024 Reg G","players":["igashino1021","Superbian"],"log":"|j|\u2606igashino1021\n|j|\u2606Superbian\n|t:|1716953247\n|gametype|doubles\n|player|p1|igashino1021|rosa|1700\n|player|p2|Superbian|veteran|1663\n|teamsize|p1|6\n|teamsize|p2|6\n|gen|9\n|tier|[Gen 9] VGC 2024 Reg G\n|rated|\n|rule|Species Clause: Limit one of each Pok\u00e9mon\n|rule|Item Clause: Limit one of each item\n|clearpoke\n|poke|p1|Calyrex-Shadow, L50|\n|poke|p1|Tornadus, L50, M|\n|poke|p1|Urshifu-*, L50, M|\n|poke|p1|Raging Bolt, L50|\n|poke|p1|Rillaboom, L50, M|\n|poke|p1|Farigiraf, L50, M|\n|poke|p2|Terapagos, L50, M|\n|poke|p2|Rillaboom, L50, M|\n|poke|p2|Incineroar, L50, F|\n|poke|p2|Amoonguss, L50, M|\n|poke|p2|Farigiraf, L50, M|\n|poke|p2|Tornadus, L50, M|\n|teampreview|4\n|inactive|Battle timer is ON: inactive players will automatically lose when time's up. (requested by igashino1021)\n|inactive|igashino1021 has 60 seconds left.\n|j| Farlen\n|inactive|igashino1021 has 30 seconds left.\n|inactive|igashino1021 has 20 seconds left.\n|inactive|igashino1021 has 15 seconds left.\n|inactive|igashino1021 has 10 seconds left.\n|inactive|igashino1021 has 5 seconds left.\n|\n|t:|1716953340\n|start\n|switch|p1a: Urshifu|Urshifu-Rapid-Strike, L50, M|100\/100\n|switch|p1b: Tornadus|Tornadus, L50, M, shiny|100\/100\n|switch|p2a: Farigiraf|Farigiraf, L50, M|100\/100\n|switch|p2b: Incineroar|Incineroar, L50, F|100\/100\n|-ability|p2b: Incineroar|Intimidate|boost\n|-unboost|p1a: Urshifu|atk|1\n|-unboost|p1b: Tornadus|atk|1\n|turn|1\n|inactive|Superbian has 30 seconds left.\n|\n|t:|1716953366\n|switch|p1b: Farigiraf|Farigiraf, L50, M, shiny|100\/100\n|-terastallize|p1a: Urshifu|Water\n|-terastallize|p2b: Incineroar|Grass\n|move|p1a: Urshifu|Surging Strikes|p2b: Incineroar\n|-resisted|p2b: Incineroar\n|-crit|p2b: Incineroar\n|-damage|p2b: Incineroar|87\/100\n|-resisted|p2b: Incineroar\n|-crit|p2b: Incineroar\n|-damage|p2b: Incineroar|75\/100\n|-resisted|p2b: Incineroar\n|-crit|p2b: Incineroar\n|-damage|p2b: Incineroar|61\/100\n|-hitcount|p2b: Incineroar|3\n|move|p2b: Incineroar|Will-O-Wisp|p1a: Urshifu\n|-status|p1a: Urshifu|brn\n|move|p2a: Farigiraf|Trick Room|p2a: Farigiraf\n|-fieldstart|move: Trick Room|[of] p2a: Farigiraf\n|\n|-damage|p1a: Urshifu|94\/100 brn|[from] brn\n|upkeep\n|turn|2\n|inactive|igashino1021 has 30 seconds left.\n|\n|t:|1716953393\n|move|p2a: Farigiraf|Hyper Voice|p1b: Farigiraf|[spread] p1a,p1b\n|-damage|p1a: Urshifu|53\/100 brn\n|-damage|p1b: Farigiraf|62\/100\n|-enditem|p2a: Farigiraf|Throat Spray\n|-boost|p2a: Farigiraf|spa|1|[from] item: Throat Spray\n|move|p2b: Incineroar|Parting Shot|p1b: Farigiraf\n|-unboost|p1b: Farigiraf|atk|1\n|-unboost|p1b: Farigiraf|spa|1\n|\n|t:|1716953401\n|switch|p2b: Amoonguss|Amoonguss, L50, M|100\/100|[from] Parting Shot\n|move|p1b: Farigiraf|Tera Blast|p2a: Farigiraf\n|-damage|p2a: Farigiraf|75\/100\n|-damage|p1b: Farigiraf|53\/100|[from] item: Life Orb\n|move|p1a: Urshifu|Surging Strikes|p2a: Farigiraf\n|-crit|p2a: Farigiraf\n|-damage|p2a: Farigiraf|59\/100\n|-crit|p2a: Farigiraf\n|-damage|p2a: Farigiraf|44\/100\n|-crit|p2a: Farigiraf\n|-damage|p2a: Farigiraf|28\/100\n|-hitcount|p2a: Farigiraf|3\n|\n|-damage|p1a: Urshifu|47\/100 brn|[from] brn\n|upkeep\n|turn|3\n|\n|t:|1716953425\n|switch|p1b: Rillaboom|Rillaboom, L50, M, shiny|100\/100\n|-fieldstart|move: Grassy Terrain|[from] ability: Grassy Surge|[of] p1b: Rillaboom\n|move|p2b: Amoonguss|Pollen Puff|p2a: Farigiraf\n|-heal|p2a: Farigiraf|78\/100\n|move|p2a: Farigiraf|Hyper Voice|p1b: Rillaboom|[spread] p1a,p1b\n|-damage|p1a: Urshifu|0 fnt\n|-damage|p1b: Rillaboom|45\/100\n|faint|p1a: Urshifu\n|\n|-heal|p2a: Farigiraf|84\/100|[from] Grassy Terrain\n|-heal|p1b: Rillaboom|51\/100|[from] Grassy Terrain\n|upkeep\n|\n|t:|1716953441\n|switch|p1a: Farigiraf|Farigiraf, L50, M, shiny|53\/100\n|turn|4\n|\n|t:|1716953451\n|move|p2b: Amoonguss|Sludge Bomb|p1b: Rillaboom\n|-supereffective|p1b: Rillaboom\n|-damage|p1b: Rillaboom|0 fnt\n|faint|p1b: Rillaboom\n|move|p2a: Farigiraf|Hyper Voice|p1a: Farigiraf\n|-damage|p1a: Farigiraf|0 fnt\n|faint|p1a: Farigiraf\n|\n|-heal|p2a: Farigiraf|90\/100|[from] Grassy Terrain\n|upkeep\n|j| thomas shelby 1\n|\n|t:|1716953458\n|switch|p1b: Tornadus|Tornadus, L50, M, shiny|100\/100\n|turn|5\n|-message|igashino1021 forfeited.\n|\n|win|Superbian\n|raw|igashino1021's rating: 1700 &rarr; <strong>1678<\/strong><br \/>(-22 for losing)\n|raw|Superbian's rating: 1663 &rarr; <strong>1685<\/strong><br \/>(+22 for winning)\n|l|\u2606igashino1021\n|player|p1|\n|l|\u2606Superbian\n|player|p2|\n|l| thomas shelby 1\n","uploadtime":1716954078,"views":13,"formatid":"gen9vgc2024regg","rating":1678,"private":0,"password":null}