{"id":"gen9vgc2024regg-2133317246","format":"[Gen 9] VGC 2024 Reg G","players":["AZUNA_Fan","tempest flute"],"log":"|j|\u2606AZUNA_Fan\n|j|\u2606tempest flute\n|t:|1717043472\n|gametype|doubles\n|player|p1|AZUNA_Fan|dawn-gen4pt|1664\n|player|p2|tempest flute|magmasuit|1727\n|teamsize|p1|6\n|teamsize|p2|6\n|gen|9\n|tier|[Gen 9] VGC 2024 Reg G\n|rated|\n|rule|Species Clause: Limit one of each Pok\u00e9mon\n|rule|Item Clause: Limit one of each item\n|clearpoke\n|poke|p1|Calyrex-Shadow, L50|\n|poke|p1|Urshifu-*, L50, F|\n|poke|p1|Indeedee-F, L50, F|\n|poke|p1|Maushold, L50|\n|poke|p1|Dondozo, L50, M|\n|poke|p1|Tatsugiri, L50, F|\n|poke|p2|Zacian-*, L50|\n|poke|p2|Whimsicott, L50, F|\n|poke|p2|Chi-Yu, L50|\n|poke|p2|Regidrago, L50|\n|poke|p2|Ogerpon-Wellspring, L50, F|\n|poke|p2|Amoonguss, L50, M|\n|teampreview|4\n|inactive|Battle timer is ON: inactive players will automatically lose when time's up. (requested by tempest flute)\n|inactive|AZUNA_Fan has 60 seconds left.\n|inactive|tempest flute has 60 seconds left.\n|inactive|tempest flute has 30 seconds left.\n|inactive|tempest flute has 20 seconds left.\n|inactive|tempest flute has 15 seconds left.\n|inactive|tempest flute has 10 seconds left.\n|j| GameLurker69\n|inactive|tempest flute has 5 seconds left.\n|\n|t:|1717043560\n|start\n|switch|p1a: Calyrex|Calyrex-Shadow, L50|100\/100\n|switch|p1b: Dondozo|Dondozo, L50, M|100\/100\n|switch|p2a: FREIZA|Whimsicott, L50, F|100\/100\n|switch|p2b: VEGETA|Chi-Yu, L50|100\/100\n|-ability|p1a: Calyrex|As One\n|-ability|p1a: Calyrex|Unnerve\n|-ability|p2b: VEGETA|Beads of Ruin\n|turn|1\n|inactive|AZUNA_Fan has 30 seconds left.\n|inactive|tempest flute has 30 seconds left.\n|\n|t:|1717043592\n|switch|p1a: Tatsugiri|Tatsugiri, L50, F|100\/100\n|-activate|p1a: Tatsugiri|ability: Commander|[of] p1b: Dondozo\n|-boost|p1b: Dondozo|atk|2\n|-boost|p1b: Dondozo|spa|2\n|-boost|p1b: Dondozo|spe|2\n|-boost|p1b: Dondozo|def|2\n|-boost|p1b: Dondozo|spd|2\n|move|p2a: FREIZA|Tailwind|p2a: FREIZA\n|-sidestart|p2: tempest flute|move: Tailwind\n|move|p2b: VEGETA|Dark Pulse|p1b: Dondozo\n|-damage|p1b: Dondozo|74\/100\n|move|p1b: Dondozo|Earthquake|p2b: VEGETA|[spread] p2a,p2b\n|-miss|p1b: Dondozo|p1a: Tatsugiri\n|-resisted|p2a: FREIZA\n|-supereffective|p2b: VEGETA\n|-damage|p2a: FREIZA|67\/100\n|-damage|p2b: VEGETA|0 fnt\n|faint|p2b: VEGETA\n|-damage|p1b: Dondozo|65\/100|[from] item: Life Orb\n|\n|upkeep\n|\n|t:|1717043611\n|switch|p2b: GOKU|Regidrago, L50|100\/100\n|turn|2\n|\n|t:|1717043626\n|move|p2a: FREIZA|Moonblast|p1b: Dondozo\n|-damage|p1b: Dondozo|50\/100\n|move|p2b: GOKU|Dragon Energy|p1a: Tatsugiri|[spread] p1b\n|-miss|p2b: GOKU|p1a: Tatsugiri\n|-damage|p1b: Dondozo|6\/100\n|-damage|p2b: GOKU|91\/100|[from] item: Life Orb\n|move|p1b: Dondozo|Order Up|p2b: GOKU\n|-supereffective|p2b: GOKU\n|-damage|p2b: GOKU|0 fnt\n|faint|p2b: GOKU\n|-boost|p1b: Dondozo|atk|1\n|-damage|p1b: Dondozo|0 fnt|[from] item: Life Orb\n|faint|p1b: Dondozo\n|\n|upkeep\n|\n|t:|1717043645\n|switch|p2b: FUTURE TRUNKS|Zacian-Crowned, L50|100\/100\n|switch|p1b: Indeedee|Indeedee-F, L50, F|100\/100\n|-ability|p2b: FUTURE TRUNKS|Intrepid Sword|boost\n|-boost|p2b: FUTURE TRUNKS|atk|1\n|-fieldstart|move: Psychic Terrain|[from] ability: Psychic Surge|[of] p1b: Indeedee\n|turn|3\n|inactive|AZUNA_Fan has 30 seconds left.\n|\n|t:|1717043679\n|move|p2b: FUTURE TRUNKS|Behemoth Blade|p1a: Tatsugiri\n|-resisted|p1a: Tatsugiri\n|-damage|p1a: Tatsugiri|24\/100\n|move|p2a: FREIZA|Moonblast|p1a: Tatsugiri\n|-supereffective|p1a: Tatsugiri\n|-damage|p1a: Tatsugiri|0 fnt\n|faint|p1a: Tatsugiri\n|move|p1b: Indeedee|Trick Room|p1b: Indeedee\n|-fieldstart|move: Trick Room|[of] p1b: Indeedee\n|\n|upkeep\n|\n|t:|1717043687\n|switch|p1a: Calyrex|Calyrex-Shadow, L50|100\/100\n|-ability|p1a: Calyrex|As One\n|-ability|p1a: Calyrex|Unnerve\n|turn|4\n|j| bluestraggler01\n|\n|t:|1717043699\n|move|p2a: FREIZA|Protect|p2a: FREIZA\n|-singleturn|p2a: FREIZA|Protect\n|move|p2b: FUTURE TRUNKS|Protect|p2b: FUTURE TRUNKS\n|-singleturn|p2b: FUTURE TRUNKS|Protect\n|move|p1b: Indeedee|Follow Me|p1b: Indeedee\n|-singleturn|p1b: Indeedee|move: Follow Me\n|move|p1a: Calyrex|Astral Barrage|p2b: FUTURE TRUNKS|[spread] \n|-activate|p2a: FREIZA|move: Protect\n|-activate|p2b: FUTURE TRUNKS|move: Protect\n|\n|-sideend|p2: tempest flute|move: Tailwind\n|upkeep\n|turn|5\n|\n|t:|1717043714\n|move|p1b: Indeedee|Follow Me|p1b: Indeedee\n|-singleturn|p1b: Indeedee|move: Follow Me\n|move|p2a: FREIZA|Moonblast|p1b: Indeedee\n|-damage|p1b: Indeedee|67\/100\n|move|p1a: Calyrex|Astral Barrage|p2a: FREIZA|[spread] p2a,p2b\n|-damage|p2a: FREIZA|0 fnt\n|-damage|p2b: FUTURE TRUNKS|32\/100\n|faint|p2a: FREIZA\n|-ability|p1a: Calyrex|Grim Neigh|boost\n|-boost|p1a: Calyrex|spa|1\n|move|p2b: FUTURE TRUNKS|Behemoth Blade|p1b: Indeedee\n|-damage|p1b: Indeedee|0 fnt\n|faint|p1b: Indeedee\n|\n|upkeep\n|turn|6\n|\n|t:|1717043727\n|move|p1a: Calyrex|Astral Barrage|p2b: FUTURE TRUNKS\n|-damage|p2b: FUTURE TRUNKS|0 fnt\n|faint|p2b: FUTURE TRUNKS\n|\n|win|AZUNA_Fan\n|raw|AZUNA_Fan's rating: 1664 &rarr; <strong>1688<\/strong><br \/>(+24 for winning)\n|raw|tempest flute's rating: 1727 &rarr; <strong>1703<\/strong><br \/>(-24 for losing)\n|l|\u2606AZUNA_Fan\n|player|p1|\n|c|\u2606tempest flute|how are u slower\n|l|\u2606tempest flute\n|player|p2|\n|l| GameLurker69\n","uploadtime":1717043965,"views":10,"formatid":"gen9vgc2024regg","rating":1688,"private":0,"password":null}