{"id":"gen9vgc2024regg-2133930246","format":"[Gen 9] VGC 2024 Reg G","players":["code_anish","Lilherc"],"log":"|j|\u2606code_anish\n|j|\u2606Lilherc\n|t:|1717120992\n|gametype|doubles\n|player|p1|code_anish|yellow|1740\n|player|p2|Lilherc|170|1712\n|teamsize|p1|6\n|teamsize|p2|6\n|gen|9\n|tier|[Gen 9] VGC 2024 Reg G\n|rated|\n|rule|Species Clause: Limit one of each Pok\u00e9mon\n|rule|Item Clause: Limit one of each item\n|clearpoke\n|poke|p1|Miraidon, L50|\n|poke|p1|Incineroar, L50, M|\n|poke|p1|Farigiraf, L50, F|\n|poke|p1|Iron Bundle, L50|\n|poke|p1|Landorus, L50, M|\n|poke|p1|Ogerpon-Hearthflame, L50, F|\n|poke|p2|Miraidon, L50|\n|poke|p2|Annihilape, L50, F|\n|poke|p2|Ogerpon-Wellspring, L50, F|\n|poke|p2|Iron Treads, L50|\n|poke|p2|Incineroar, L50, M|\n|poke|p2|Tornadus, L50, M|\n|teampreview|4\n|j| scottstotts1234\n|j| BICVGCBIC\n|\n|t:|1717121048\n|start\n|switch|p1a: Iron Bundle|Iron Bundle, L50|100\/100\n|switch|p1b: Miraidon|Miraidon, L50|100\/100\n|switch|p2a: Annihilape|Annihilape, L50, F|100\/100\n|switch|p2b: Tornadus|Tornadus, L50, M|100\/100\n|-fieldstart|move: Electric Terrain|[from] ability: Hadron Engine|[of] p1b: Miraidon\n|-activate|p1a: Iron Bundle|ability: Quark Drive\n|-start|p1a: Iron Bundle|quarkdrivespe\n|turn|1\n|\n|t:|1717121064\n|switch|p1b: Incineroar|Incineroar, L50, M|100\/100\n|-ability|p1b: Incineroar|Intimidate|boost\n|-unboost|p2a: Annihilape|atk|1\n|-ability|p2a: Annihilape|Defiant|boost\n|-boost|p2a: Annihilape|atk|2\n|-unboost|p2b: Tornadus|atk|1\n|move|p2b: Tornadus|Tailwind|p2b: Tornadus\n|-sidestart|p2: Lilherc|move: Tailwind\n|move|p1a: Iron Bundle|Freeze-Dry|p2b: Tornadus\n|-supereffective|p2b: Tornadus\n|-damage|p2b: Tornadus|12\/100\n|move|p2a: Annihilape|Bulk Up|p2a: Annihilape\n|-boost|p2a: Annihilape|atk|1\n|-boost|p2a: Annihilape|def|1\n|\n|upkeep\n|turn|2\n|\n|t:|1717121098\n|-terastallize|p1b: Incineroar|Ghost\n|move|p2b: Tornadus|Protect|p2b: Tornadus\n|-singleturn|p2b: Tornadus|Protect\n|move|p1a: Iron Bundle|Icy Wind|p2a: Annihilape|[spread] p2a\n|-activate|p2b: Tornadus|move: Protect\n|-damage|p2a: Annihilape|86\/100\n|-unboost|p2a: Annihilape|spe|1\n|-ability|p2a: Annihilape|Defiant|boost\n|-boost|p2a: Annihilape|atk|2\n|move|p2a: Annihilape|Drain Punch|p1b: Incineroar\n|-immune|p1b: Incineroar\n|move|p1b: Incineroar|Will-O-Wisp|p2a: Annihilape|[miss]\n|-miss|p1b: Incineroar|p2a: Annihilape\n|\n|-heal|p2a: Annihilape|92\/100|[from] item: Leftovers\n|upkeep\n|turn|3\n|\n|t:|1717121141\n|move|p1a: Iron Bundle|Protect|p1a: Iron Bundle\n|-singleturn|p1a: Iron Bundle|Protect\n|move|p2b: Tornadus|Bleakwind Storm|p1b: Incineroar|[spread] p1b\n|-activate|p1a: Iron Bundle|move: Protect\n|-damage|p1b: Incineroar|76\/100\n|move|p2a: Annihilape|Rage Fist|p1b: Incineroar\n|-supereffective|p1b: Incineroar\n|-damage|p1b: Incineroar|0 fnt\n|faint|p1b: Incineroar\n|\n|-heal|p2a: Annihilape|99\/100|[from] item: Leftovers\n|upkeep\n|\n|t:|1717121151\n|switch|p1b: Miraidon|Miraidon, L50|100\/100\n|-activate|p1b: Miraidon|ability: Hadron Engine\n|turn|4\n|j| chuanOVO\n|\n|t:|1717121187\n|move|p2b: Tornadus|Protect|p2b: Tornadus\n|-singleturn|p2b: Tornadus|Protect\n|move|p1a: Iron Bundle|Freeze-Dry|p2a: Annihilape\n|-damage|p2a: Annihilape|74\/100\n|move|p1b: Miraidon|Electro Drift|p2a: Annihilape\n|-damage|p2a: Annihilape|10\/100\n|move|p2a: Annihilape|Drain Punch|p1a: Iron Bundle\n|-supereffective|p1a: Iron Bundle\n|-enditem|p1a: Iron Bundle|Focus Sash\n|-damage|p1a: Iron Bundle|1\/100\n|-heal|p2a: Annihilape|44\/100|[from] drain|[of] p1a: Iron Bundle\n|\n|-heal|p2a: Annihilape|50\/100|[from] item: Leftovers\n|-sideend|p2: Lilherc|move: Tailwind\n|upkeep\n|turn|5\n|\n|t:|1717121215\n|move|p2a: Annihilape|Protect|p2a: Annihilape\n|-singleturn|p2a: Annihilape|Protect\n|move|p2b: Tornadus|Tailwind|p2b: Tornadus\n|-sidestart|p2: Lilherc|move: Tailwind\n|move|p1a: Iron Bundle|Icy Wind|p2a: Annihilape|[spread] p2b\n|-activate|p2a: Annihilape|move: Protect\n|-supereffective|p2b: Tornadus\n|-damage|p2b: Tornadus|0 fnt\n|faint|p2b: Tornadus\n|move|p1b: Miraidon|Volt Switch|p2a: Annihilape\n|-activate|p2a: Annihilape|move: Protect\n|\n|-heal|p2a: Annihilape|56\/100|[from] item: Leftovers\n|-fieldend|move: Electric Terrain\n|-end|p1a: Iron Bundle|Quark Drive\n|upkeep\n|\n|t:|1717121234\n|switch|p2b: Ogerpon|Ogerpon-Wellspring, L50, F|100\/100\n|turn|6\n|\n|t:|1717121274\n|switch|p1b: Landorus|Landorus, L50, M|100\/100\n|move|p1a: Iron Bundle|Protect|p1a: Iron Bundle\n|-singleturn|p1a: Iron Bundle|Protect\n|move|p2b: Ogerpon|Follow Me|p2b: Ogerpon\n|-singleturn|p2b: Ogerpon|move: Follow Me\n|move|p2a: Annihilape|Rage Fist|p1b: Landorus\n|-damage|p1b: Landorus|0 fnt\n|faint|p1b: Landorus\n|\n|-heal|p2a: Annihilape|63\/100|[from] item: Leftovers\n|upkeep\n|\n|t:|1717121279\n|switch|p1b: Miraidon|Miraidon, L50|100\/100\n|-fieldstart|move: Electric Terrain|[from] ability: Hadron Engine|[of] p1b: Miraidon\n|-activate|p1a: Iron Bundle|ability: Quark Drive\n|-start|p1a: Iron Bundle|quarkdrivespe\n|turn|7\n|j| save a g\n|\n|t:|1717121297\n|move|p2b: Ogerpon|Follow Me|p2b: Ogerpon\n|-singleturn|p2b: Ogerpon|move: Follow Me\n|move|p1a: Iron Bundle|Icy Wind|p2a: Annihilape|[spread] p2a\n|-miss|p1a: Iron Bundle|p2b: Ogerpon\n|-damage|p2a: Annihilape|48\/100\n|-unboost|p2a: Annihilape|spe|1\n|-ability|p2a: Annihilape|Defiant|boost\n|-boost|p2a: Annihilape|atk|2\n|move|p1b: Miraidon|Dazzling Gleam|p2a: Annihilape|[spread] p2a,p2b\n|-supereffective|p2a: Annihilape\n|-damage|p2a: Annihilape|8\/100\n|-damage|p2b: Ogerpon|73\/100\n|move|p2a: Annihilape|Rage Fist|p1b: Miraidon\n|-damage|p1b: Miraidon|0 fnt\n|faint|p1b: Miraidon\n|\n|-heal|p2a: Annihilape|14\/100|[from] item: Leftovers\n|upkeep\n|turn|8\n|-message|code_anish forfeited.\n|\n|win|Lilherc\n|raw|code_anish's rating: 1740 &rarr; <strong>1718<\/strong><br \/>(-22 for losing)\n|raw|Lilherc's rating: 1712 &rarr; <strong>1734<\/strong><br \/>(+22 for winning)\n|l|\u2606code_anish\n|player|p1|\n|c|\u2606Lilherc|Gg\n","uploadtime":1717121319,"views":88,"formatid":"gen9vgc2024regg","rating":1718,"private":0,"password":null}