{"id":"gen9vgc2024regg-2133127712","format":"[Gen 9] VGC 2024 Reg G","players":["code_anish","La voz favorita"],"log":"|j|\u2606code_anish\n|j|\u2606La voz favorita\n|t:|1717018617\n|gametype|doubles\n|player|p1|code_anish|yellow|1805\n|player|p2|La voz favorita|170|1930\n|teamsize|p1|6\n|teamsize|p2|6\n|gen|9\n|tier|[Gen 9] VGC 2024 Reg G\n|rated|\n|rule|Species Clause: Limit one of each Pok\u00e9mon\n|rule|Item Clause: Limit one of each item\n|clearpoke\n|poke|p1|Terapagos, L50, M|\n|poke|p1|Tornadus, L50, M|\n|poke|p1|Urshifu-*, L50, F|\n|poke|p1|Rillaboom, L50, F|\n|poke|p1|Amoonguss, L50, F|\n|poke|p1|Incineroar, L50, M|\n|poke|p2|Zamazenta-*, L50|\n|poke|p2|Chien-Pao, L50|\n|poke|p2|Urshifu-*, L50, F|\n|poke|p2|Tornadus, L50, M|\n|poke|p2|Rillaboom, L50, F|\n|poke|p2|Umbreon, L50, F|\n|teampreview|4\n|c|\u2606code_anish|figures\n|c|\u2606code_anish|LMAO\n|c|\u2606La voz favorita|Bruh\n|c|\u2606La voz favorita|LMFAO\nLa voz favorita has agreed to open team sheets.\ncode_anish has agreed to open team sheets.\n|c|\u2606La voz favorita|This time I\u2019ll play better\n|j| ursuline academy\n|l| ursuline academy\n|c|\u2606code_anish|i dont doubt that\n|c|\u2606code_anish|i have about 2 games of experience with this team\n|j| UGCL\n|j| crispcabbage\n|\n|t:|1717018742\n|start\n|switch|p1a: Urshifu|Urshifu-Rapid-Strike, L50, F|100\/100\n|switch|p1b: Tsubaki|Tornadus, L50, M|100\/100\n|switch|p2a: Zamazenta|Zamazenta-Crowned, L50, shiny|100\/100\n|switch|p2b: Urshifu|Urshifu-Rapid-Strike, L50, F|100\/100\n|-ability|p2a: Zamazenta|Dauntless Shield|boost\n|-boost|p2a: Zamazenta|def|1\n|turn|1\n|c|\u2606code_anish|glhf\n|j| volcaronavgc\n|c| volcaronavgc|-=-\n|c| volcaronavgc|code did u really just\n|\n|t:|1717018785\n|switch|p1b: Amoonguss|Amoonguss, L50, F|100\/100\n|move|p2b: Urshifu|Surging Strikes|p1b: Amoonguss\n|-resisted|p1b: Amoonguss\n|-crit|p1b: Amoonguss\n|-damage|p1b: Amoonguss|92\/100\n|-damage|p2b: Urshifu|84\/100|[from] item: Rocky Helmet|[of] p1b: Amoonguss\n|-resisted|p1b: Amoonguss\n|-crit|p1b: Amoonguss\n|-damage|p1b: Amoonguss|84\/100\n|-damage|p2b: Urshifu|68\/100|[from] item: Rocky Helmet|[of] p1b: Amoonguss\n|-resisted|p1b: Amoonguss\n|-crit|p1b: Amoonguss\n|-damage|p1b: Amoonguss|76\/100\n|-damage|p2b: Urshifu|51\/100|[from] item: Rocky Helmet|[of] p1b: Amoonguss\n|-hitcount|p1b: Amoonguss|3\n|move|p2a: Zamazenta|Heavy Slam|p1b: Amoonguss\n|-damage|p1b: Amoonguss|41\/100\n|-damage|p2a: Zamazenta|84\/100|[from] item: Rocky Helmet|[of] p1b: Amoonguss\n|move|p1a: Urshifu|Close Combat|p2b: Urshifu\n|-damage|p2b: Urshifu|0 fnt\n|-unboost|p1a: Urshifu|def|1\n|-unboost|p1a: Urshifu|spd|1\n|faint|p2b: Urshifu\n|\n|upkeep\n|c| volcaronavgc|elo payday lmao\n|\n|t:|1717018806\n|switch|p2b: Rillaboom|Rillaboom, L50, F, shiny|100\/100\n|-fieldstart|move: Grassy Terrain|[from] ability: Grassy Surge|[of] p2b: Rillaboom\n|turn|2\n|c|\u2606code_anish|i talked myself into this istg\n|c|\u2606La voz favorita|I don\u2019t care if I fall off no.1\n|c| volcaronavgc|just take a photo\n|c|\u2606La voz favorita|i don\u2019t care about elo\n|c| volcaronavgc|before u do\n|c|\u2606La voz favorita|exacrly\n|l| UGCL\n|c|\u2606La voz favorita|I did\n|c| volcaronavgc|then ur accomplished\n|c| volcaronavgc|u always can say u got #1 at one point\n|\n|t:|1717018854\n|switch|p1a: Tsubaki|Tornadus, L50, M|100\/100\n|move|p2b: Rillaboom|Fake Out|p1a: Tsubaki\n|-damage|p1a: Tsubaki|88\/100\n|move|p2a: Zamazenta|Substitute|p2a: Zamazenta\n|-start|p2a: Zamazenta|Substitute\n|-damage|p2a: Zamazenta|59\/100\n|move|p1b: Amoonguss|Pollen Puff|p2b: Rillaboom\n|-supereffective|p2b: Rillaboom\n|-damage|p2b: Rillaboom|72\/100\n|\n|-heal|p2a: Zamazenta|65\/100|[from] Grassy Terrain\n|-heal|p2b: Rillaboom|78\/100|[from] Grassy Terrain\n|-heal|p1b: Amoonguss|47\/100|[from] Grassy Terrain\n|upkeep\n|turn|3\n|\n|t:|1717018870\n|switch|p2b: Umbreon|Umbreon, L50, F, shiny|100\/100\n|move|p2a: Zamazenta|Protect|p2a: Zamazenta\n|-singleturn|p2a: Zamazenta|Protect\n|move|p1b: Amoonguss|Rage Powder|p1b: Amoonguss\n|-singleturn|p1b: Amoonguss|move: Rage Powder\n|move|p1a: Tsubaki|Bleakwind Storm|p2b: Umbreon|[spread] p2b\n|-activate|p2a: Zamazenta|move: Protect\n|-crit|p2b: Umbreon\n|-damage|p2b: Umbreon|70\/100\n|\n|-heal|p2a: Zamazenta|71\/100|[from] Grassy Terrain\n|-heal|p2b: Umbreon|76\/100|[from] Grassy Terrain\n|-heal|p1b: Amoonguss|53\/100|[from] Grassy Terrain\n|upkeep\n|turn|4\n|\n|t:|1717018886\n|switch|p1b: Urshifu|Urshifu-Rapid-Strike, L50, F|100\/100\n|move|p2a: Zamazenta|Heavy Slam|p1a: Tsubaki\n|-damage|p1a: Tsubaki|43\/100\n|move|p1a: Tsubaki|Bleakwind Storm|p2a: Zamazenta|[spread] p2a,p2b\n|-activate|p2a: Zamazenta|move: Substitute|[damage]\n|-damage|p2b: Umbreon|57\/100\n|-unboost|p2b: Umbreon|spe|1\n|move|p2b: Umbreon|Yawn|p1b: Urshifu\n|-start|p1b: Urshifu|move: Yawn|[of] p2b: Umbreon\n|\n|-heal|p2a: Zamazenta|78\/100|[from] Grassy Terrain\n|-heal|p2b: Umbreon|63\/100|[from] Grassy Terrain\n|upkeep\n|turn|5\n|\n|t:|1717018967\n|-terastallize|p2b: Umbreon|Poison\n|move|p1a: Tsubaki|Tailwind|p1a: Tsubaki\n|-sidestart|p1: code_anish|move: Tailwind\n|move|p1b: Urshifu|Close Combat|p2b: Umbreon\n|-resisted|p2b: Umbreon\n|-damage|p2b: Umbreon|44\/100\n|-unboost|p1b: Urshifu|def|1\n|-unboost|p1b: Urshifu|spd|1\n|move|p2a: Zamazenta|Heavy Slam|p1a: Tsubaki\n|-damage|p1a: Tsubaki|0 fnt\n|faint|p1a: Tsubaki\n|move|p2b: Umbreon|Yawn||[still]\n|-fail|p2b: Umbreon\n|\n|-heal|p2a: Zamazenta|84\/100|[from] Grassy Terrain\n|-heal|p2b: Umbreon|50\/100|[from] Grassy Terrain\n|-end|p1b: Urshifu|move: Yawn|[silent]\n|-status|p1b: Urshifu|slp\n|upkeep\n|\n|t:|1717018978\n|switch|p1a: Amoonguss|Amoonguss, L50, F|86\/100\n|turn|6\n|\n|t:|1717018988\n|move|p1a: Amoonguss|Rage Powder|p1a: Amoonguss\n|-singleturn|p1a: Amoonguss|move: Rage Powder\n|cant|p1b: Urshifu|slp\n|move|p2a: Zamazenta|Body Press|p1a: Amoonguss\n|-resisted|p1a: Amoonguss\n|-damage|p1a: Amoonguss|60\/100\n|-damage|p2a: Zamazenta|67\/100|[from] item: Rocky Helmet|[of] p1a: Amoonguss\n|move|p2b: Umbreon|Yawn|p1a: Amoonguss\n|-start|p1a: Amoonguss|move: Yawn|[of] p2b: Umbreon\n|\n|-heal|p2a: Zamazenta|73\/100|[from] Grassy Terrain\n|-heal|p1a: Amoonguss|66\/100|[from] Grassy Terrain\n|-heal|p2b: Umbreon|55\/100|[from] Grassy Terrain\n|-fieldend|move: Grassy Terrain\n|upkeep\n|turn|7\n|\n|t:|1717019014\n|switch|p1a: Terapagos|Terapagos, L50, M|100\/100\n|-activate|p1a: Terapagos|ability: Tera Shift\n|detailschange|p1a: Terapagos|Terapagos-Terastal, L50, M\n|-heal|p1a: Terapagos|100\/100|[silent]\n|switch|p2b: Rillaboom|Rillaboom, L50, F, shiny|78\/100\n|-fieldstart|move: Grassy Terrain|[from] ability: Grassy Surge|[of] p2b: Rillaboom\n|cant|p1b: Urshifu|slp\n|move|p2a: Zamazenta|Body Press|p1b: Urshifu\n|-damage|p1b: Urshifu|8\/100 slp\n|\n|-heal|p1b: Urshifu|14\/100 slp|[from] Grassy Terrain\n|-heal|p2a: Zamazenta|80\/100|[from] Grassy Terrain\n|-heal|p2b: Rillaboom|84\/100|[from] Grassy Terrain\n|upkeep\n|turn|8\n|j| Ston3dge\n|c| volcaronavgc|code_amishvgc 3x sleep classic incoming\n|c| volcaronavgc|:>\n|c|\u2606code_anish|it's sad how poor my positioning is\n|c|\u2606code_anish|im mishing\n|c|\u2606La voz favorita|Ay ay ay\n|c|\u2606La voz favorita|don\u2019t worry\n|c|\u2606La voz favorita|it ain\u2019t over\n|\n|t:|1717019094\n|switch|p1b: Amoonguss|Amoonguss, L50, F|99\/100\n|move|p1a: Terapagos|Protect|p1a: Terapagos\n|-singleturn|p1a: Terapagos|Protect\n|move|p2b: Rillaboom|Grassy Glide|p1b: Amoonguss\n|-resisted|p1b: Amoonguss\n|-damage|p1b: Amoonguss|92\/100\n|-damage|p2b: Rillaboom|68\/100|[from] item: Rocky Helmet|[of] p1b: Amoonguss\n|move|p2a: Zamazenta|Body Press|p1a: Terapagos\n|-activate|p1a: Terapagos|move: Protect\n|\n|-heal|p2a: Zamazenta|86\/100|[from] Grassy Terrain\n|-heal|p2b: Rillaboom|73\/100|[from] Grassy Terrain\n|-heal|p1b: Amoonguss|98\/100|[from] Grassy Terrain\n|-sideend|p1: code_anish|move: Tailwind\n|upkeep\n|turn|9\n|\n|t:|1717019120\n|move|p2a: Zamazenta|Heavy Slam|p1b: Amoonguss\n|-crit|p1b: Amoonguss\n|-damage|p1b: Amoonguss|39\/100\n|-damage|p2a: Zamazenta|69\/100|[from] item: Rocky Helmet|[of] p1b: Amoonguss\n|move|p1a: Terapagos|Earth Power|p2a: Zamazenta\n|-supereffective|p2a: Zamazenta\n|-end|p2a: Zamazenta|Substitute\n|move|p2b: Rillaboom|Wood Hammer|p1b: Amoonguss\n|-resisted|p1b: Amoonguss\n|-damage|p1b: Amoonguss|24\/100\n|-damage|p2b: Rillaboom|57\/100|[from] item: Rocky Helmet|[of] p1b: Amoonguss\n|-damage|p2b: Rillaboom|52\/100|[from] Recoil\n|move|p1b: Amoonguss|Spore|p2a: Zamazenta\n|-status|p2a: Zamazenta|slp|[from] move: Spore\n|\n|-heal|p2a: Zamazenta|75\/100 slp|[from] Grassy Terrain\n|-heal|p2b: Rillaboom|58\/100|[from] Grassy Terrain\n|-heal|p1b: Amoonguss|30\/100|[from] Grassy Terrain\n|upkeep\n|turn|10\n|\n|t:|1717019201\n|switch|p1b: Urshifu|Urshifu-Rapid-Strike, L50, F|14\/100 slp\n|move|p2b: Rillaboom|Grassy Glide|p1a: Terapagos\n|-activate|p1a: Terapagos|ability: Tera Shell\n|-resisted|p1a: Terapagos\n|-damage|p1a: Terapagos|87\/100\n|cant|p2a: Zamazenta|slp\n|move|p1a: Terapagos|Calm Mind|p1a: Terapagos\n|-boost|p1a: Terapagos|spa|1\n|-boost|p1a: Terapagos|spd|1\n|\n|-heal|p2a: Zamazenta|82\/100 slp|[from] Grassy Terrain\n|-heal|p1b: Urshifu|20\/100 slp|[from] Grassy Terrain\n|-heal|p1a: Terapagos|93\/100|[from] Grassy Terrain\n|-heal|p1a: Terapagos|99\/100|[from] item: Leftovers\n|-heal|p2b: Rillaboom|63\/100|[from] Grassy Terrain\n|upkeep\n|turn|11\n|\n|t:|1717019218\n|switch|p1b: Amoonguss|Amoonguss, L50, F|63\/100\n|-terastallize|p1a: Terapagos|Stellar\n|detailschange|p1a: Terapagos|Terapagos-Stellar, L50, M, tera:Stellar\n|-heal|p1a: Terapagos|99\/100|[silent]\n|-ability|p1a: Terapagos|Teraform Zero\n|-fieldend|move: Grassy Terrain\n|-curestatus|p2a: Zamazenta|slp|[msg]\n|move|p2a: Zamazenta|Substitute|p2a: Zamazenta\n|-start|p2a: Zamazenta|Substitute\n|-damage|p2a: Zamazenta|57\/100\n|move|p1a: Terapagos|Tera Starstorm|p2b: Rillaboom|[spread] p2a,p2b\n|-crit|p2a: Zamazenta\n|-end|p2a: Zamazenta|Substitute\n|-damage|p2b: Rillaboom|25\/100\n|move|p2b: Rillaboom|Grassy Glide|p1b: Amoonguss\n|-resisted|p1b: Amoonguss\n|-damage|p1b: Amoonguss|58\/100\n|-damage|p2b: Rillaboom|8\/100|[from] item: Rocky Helmet|[of] p1b: Amoonguss\n|\n|-heal|p1a: Terapagos|100\/100|[from] item: Leftovers\n|upkeep\n|turn|12\n|\n|t:|1717019234\n|move|p1b: Amoonguss|Rage Powder|p1b: Amoonguss\n|-singleturn|p1b: Amoonguss|move: Rage Powder\n|move|p2a: Zamazenta|Body Press|p1b: Amoonguss\n|-resisted|p1b: Amoonguss\n|-damage|p1b: Amoonguss|34\/100\n|-damage|p2a: Zamazenta|40\/100|[from] item: Rocky Helmet|[of] p1b: Amoonguss\n|move|p1a: Terapagos|Tera Starstorm|p2b: Rillaboom|[spread] p2a,p2b\n|-damage|p2a: Zamazenta|0 fnt\n|-damage|p2b: Rillaboom|0 fnt\n|faint|p2a: Zamazenta\n|faint|p2b: Rillaboom\n|\n|upkeep\n|\n|t:|1717019236\n|switch|p2b: Umbreon|Umbreon, L50, F, shiny, tera:Poison|55\/100\n|turn|13\n|c|\u2606La voz favorita|You won\n|c|\u2606La voz favorita|gg\n|c|\u2606code_anish|oh wow\n|c|\u2606code_anish|gg\n|\n|t:|1717019248\n|move|p1b: Amoonguss|Rage Powder|p1b: Amoonguss\n|-singleturn|p1b: Amoonguss|move: Rage Powder\n|move|p1a: Terapagos|Tera Starstorm|p2b: Umbreon\n|-supereffective|p2b: Umbreon\n|-damage|p2b: Umbreon|0 fnt\n|faint|p2b: Umbreon\n|\n|win|code_anish\n|raw|code_anish's rating: 1805 &rarr; <strong>1832<\/strong><br \/>(+27 for winning)\n|raw|La voz favorita's rating: 1930 &rarr; <strong>1903<\/strong><br \/>(-27 for losing)\n|l|\u2606La voz favorita\n|player|p2|\n|l| Ston3dge\n|c| volcaronavgc|jesus\n|c| volcaronavgc|27\n","uploadtime":1717019264,"views":1151,"formatid":"gen9vgc2024regg","rating":1832,"private":0,"password":null}