{"id":"gen9vgc2024regg-2133418966","format":"[Gen 9] VGC 2024 Reg G","players":["Draxolotl","Aki Hoshino"],"log":"|j|\u2606Draxolotl\n|j|\u2606Aki Hoshino\n|t:|1717061677\n|gametype|doubles\n|player|p1|Draxolotl|cynthia|1661\n|player|p2|Aki Hoshino|aromalady|1770\n|teamsize|p1|6\n|teamsize|p2|6\n|gen|9\n|tier|[Gen 9] VGC 2024 Reg G\n|rated|\n|rule|Species Clause: Limit one of each Pok\u00e9mon\n|rule|Item Clause: Limit one of each item\n|clearpoke\n|poke|p1|Muk-Alola, L50, M|\n|poke|p1|Ogerpon-Cornerstone, L50, F|\n|poke|p1|Flamigo, L50, M|\n|poke|p1|Smeargle, L50, M|\n|poke|p1|Miraidon, L50|\n|poke|p1|Magmar, L50, M|\n|poke|p2|Whimsicott, L50, M|\n|poke|p2|Calyrex-Ice, L50|\n|poke|p2|Urshifu-*, L50, M|\n|poke|p2|Landorus, L50, M|\n|poke|p2|Rillaboom, L50, M|\n|poke|p2|Entei, L50|\n|teampreview|4\n|inactive|Battle timer is ON: inactive players will automatically lose when time's up. (requested by Draxolotl)\n|j| shy1535\n|inactive|Aki Hoshino has 60 seconds left.\n|\n|t:|1717061723\n|start\n|switch|p1a: Muk|Muk-Alola, L50, M|100\/100\n|switch|p1b: Smeargle|Smeargle, L50, M|100\/100\n|switch|p2a: Whimsicott|Whimsicott, L50, M|100\/100\n|switch|p2b: Urshifu|Urshifu, L50, M|100\/100\n|turn|1\n|\n|t:|1717061741\n|-terastallize|p2b: Urshifu|Ghost\n|move|p1b: Smeargle|Follow Me|p1b: Smeargle\n|-singleturn|p1b: Smeargle|move: Follow Me\n|move|p2a: Whimsicott|Endeavor|p1b: Smeargle\n|-immune|p1b: Smeargle\n|move|p2b: Urshifu|Close Combat|p1b: Smeargle\n|-supereffective|p1b: Smeargle\n|-enditem|p1b: Smeargle|Focus Sash\n|-damage|p1b: Smeargle|1\/100\n|-unboost|p2b: Urshifu|def|1\n|-unboost|p2b: Urshifu|spd|1\n|move|p1a: Muk|Minimize|p1a: Muk\n|-boost|p1a: Muk|evasion|2\n|\n|-ability|p1b: Smeargle|Moody|boost\n|-boost|p1b: Smeargle|spe|2\n|-unboost|p1b: Smeargle|spa|1\n|upkeep\n|turn|2\n|inactive|Aki Hoshino has 30 seconds left.\n|j| Kal0stest\n|inactive|Aki Hoshino has 20 seconds left.\n|\n|t:|1717061782\n|move|p1b: Smeargle|Follow Me|p1b: Smeargle\n|-singleturn|p1b: Smeargle|move: Follow Me\n|move|p2a: Whimsicott|Moonblast|p1b: Smeargle\n|-damage|p1b: Smeargle|0 fnt\n|faint|p1b: Smeargle\n|-ability|p1a: Muk|Moody|[from] ability: Power of Alchemy|[of] p1b: Smeargle\n|move|p2b: Urshifu|Close Combat|p1a: Muk|[miss]\n|-miss|p2b: Urshifu|p1a: Muk\n|move|p1a: Muk|Minimize|p1a: Muk\n|-boost|p1a: Muk|evasion|2\n|\n|-ability|p1a: Muk|Moody|boost\n|-boost|p1a: Muk|spe|2\n|-unboost|p1a: Muk|atk|1\n|upkeep\n|\n|t:|1717061789\n|switch|p1b: Magmar|Magmar, L50, M|100\/100\n|turn|3\n|j| TeraDedenee\n|\n|t:|1717061810\n|move|p1b: Magmar|Follow Me|p1b: Magmar\n|-singleturn|p1b: Magmar|move: Follow Me\n|move|p2a: Whimsicott|Endeavor|p1b: Magmar\n|-damage|p1b: Magmar|80\/100\n|move|p2b: Urshifu|Close Combat|p1b: Magmar\n|-damage|p1b: Magmar|7\/100\n|-unboost|p2b: Urshifu|def|1\n|-unboost|p2b: Urshifu|spd|1\n|move|p1a: Muk|Substitute|p1a: Muk\n|-start|p1a: Muk|Substitute\n|-damage|p1a: Muk|75\/100\n|\n|-heal|p1a: Muk|82\/100|[from] item: Leftovers\n|-ability|p1a: Muk|Moody|boost\n|-boost|p1a: Muk|spd|2\n|-unboost|p1a: Muk|def|1\n|upkeep\n|turn|4\n|l| TeraDedenee\n|\n|t:|1717061832\n|move|p2a: Whimsicott|Moonblast|p1b: Magmar\n|-resisted|p1b: Magmar\n|-damage|p1b: Magmar|0 fnt\n|faint|p1b: Magmar\n|move|p2b: Urshifu|Close Combat|p1a: Muk|[miss]\n|-miss|p2b: Urshifu|p1a: Muk\n|move|p1a: Muk|Minimize|p1a: Muk\n|-boost|p1a: Muk|evasion|2\n|\n|-heal|p1a: Muk|88\/100|[from] item: Leftovers\n|-ability|p1a: Muk|Moody|boost\n|-boost|p1a: Muk|spe|2\n|-unboost|p1a: Muk|spa|1\n|upkeep\n|\n|t:|1717061837\n|switch|p1b: Flamigo|Flamigo, L50, M|100\/100\n|-copyboost|p1b: Flamigo|p1a: Muk|[from] ability: Costar\n|-enditem|p1b: Flamigo|White Herb\n|-clearnegativeboost|p1b: Flamigo|[silent]\n|turn|5\n|inactive|Aki Hoshino has 30 seconds left.\n|\n|t:|1717061870\n|-terastallize|p1b: Flamigo|Steel\n|move|p2a: Whimsicott|Encore|p1a: Muk\n|-hint|Since gen 7, Dark is immune to Prankster moves.\n|-immune|p1a: Muk\n|move|p1b: Flamigo|Acrobatics|p2a: Whimsicott\n|-supereffective|p2a: Whimsicott\n|-enditem|p2a: Whimsicott|Focus Sash\n|-damage|p2a: Whimsicott|1\/100\n|move|p1a: Muk|Knock Off|p2b: Urshifu\n|-supereffective|p2b: Urshifu\n|-damage|p2b: Urshifu|6\/100\n|-enditem|p2b: Urshifu|Choice Band|[from] move: Knock Off|[of] p1a: Muk\n|move|p2b: Urshifu|Close Combat|p1b: Flamigo|[miss]\n|-miss|p2b: Urshifu|p1b: Flamigo\n|\n|-heal|p1a: Muk|94\/100|[from] item: Leftovers\n|-ability|p1a: Muk|Moody|boost\n|-boost|p1a: Muk|spd|2\n|-unboost|p1a: Muk|spa|1\n|upkeep\n|turn|6\n|\n|t:|1717061894\n|move|p2a: Whimsicott|Tailwind|p2a: Whimsicott\n|-sidestart|p2: Aki Hoshino|move: Tailwind\n|move|p1b: Flamigo|Acrobatics|p2a: Whimsicott\n|-supereffective|p2a: Whimsicott\n|-damage|p2a: Whimsicott|0 fnt\n|faint|p2a: Whimsicott\n|move|p2b: Urshifu|Close Combat|p1b: Flamigo\n|-supereffective|p1b: Flamigo\n|-damage|p1b: Flamigo|0 fnt\n|-unboost|p2b: Urshifu|def|1\n|-unboost|p2b: Urshifu|spd|1\n|faint|p1b: Flamigo\n|move|p1a: Muk|Knock Off|p2b: Urshifu\n|-supereffective|p2b: Urshifu\n|-damage|p2b: Urshifu|0 fnt\n|faint|p2b: Urshifu\n|\n|-heal|p1a: Muk|99\/100|[from] item: Leftovers\n|-ability|p1a: Muk|Moody|boost\n|-boost|p1a: Muk|atk|2\n|-unboost|p1a: Muk|spa|1\n|upkeep\n|\n|t:|1717061916\n|switch|p2a: Rillaboom|Rillaboom, L50, M|100\/100\n|switch|p2b: Landorus|Landorus, L50, M|100\/100\n|-fieldstart|move: Grassy Terrain|[from] ability: Grassy Surge|[of] p2a: Rillaboom\n|turn|7\n|\n|t:|1717061926\n|move|p1a: Muk|Protect|p1a: Muk\n|-singleturn|p1a: Muk|Protect\n|move|p2b: Landorus|Earth Power|p1a: Muk\n|-activate|p1a: Muk|move: Protect\n|move|p2a: Rillaboom|Wood Hammer|p1a: Muk\n|-activate|p1a: Muk|move: Protect\n|\n|-heal|p1a: Muk|100\/100|[from] Grassy Terrain\n|-ability|p1a: Muk|Moody|boost\n|-boost|p1a: Muk|def|2\n|-unboost|p1a: Muk|spd|1\n|upkeep\n|turn|8\n|\n|t:|1717061934\n|move|p2b: Landorus|Earth Power|p1a: Muk\n|-supereffective|p1a: Muk\n|-end|p1a: Muk|Substitute\n|move|p2a: Rillaboom|Wood Hammer|p1a: Muk|[miss]\n|-miss|p2a: Rillaboom|p1a: Muk\n|move|p1a: Muk|Knock Off|p2b: Landorus\n|-damage|p2b: Landorus|42\/100\n|-enditem|p2b: Landorus|Life Orb|[from] move: Knock Off|[of] p1a: Muk\n|\n|-ability|p1a: Muk|Moody|boost\n|-boost|p1a: Muk|def|2\n|-unboost|p1a: Muk|spe|1\n|upkeep\n|turn|9\n|\n|t:|1717061949\n|move|p1a: Muk|Protect|p1a: Muk\n|-singleturn|p1a: Muk|Protect\n|move|p2b: Landorus|Earth Power|p1a: Muk\n|-activate|p1a: Muk|move: Protect\n|move|p2a: Rillaboom|Wood Hammer|p1a: Muk\n|-activate|p1a: Muk|move: Protect\n|\n|-sideend|p2: Aki Hoshino|move: Tailwind\n|-ability|p1a: Muk|Moody|boost\n|-boost|p1a: Muk|spe|2\n|-unboost|p1a: Muk|def|1\n|upkeep\n|turn|10\n|\n|t:|1717061963\n|move|p1a: Muk|Substitute|p1a: Muk\n|-start|p1a: Muk|Substitute\n|-damage|p1a: Muk|75\/100\n|move|p2b: Landorus|Earth Power|p1a: Muk|[miss]\n|-miss|p2b: Landorus|p1a: Muk\n|move|p2a: Rillaboom|Wood Hammer|p1a: Muk|[miss]\n|-miss|p2a: Rillaboom|p1a: Muk\n|\n|-heal|p1a: Muk|82\/100|[from] Grassy Terrain\n|-heal|p1a: Muk|88\/100|[from] item: Leftovers\n|-ability|p1a: Muk|Moody|boost\n|-boost|p1a: Muk|def|2\n|-unboost|p1a: Muk|spa|1\n|upkeep\n|turn|11\n|-message|Aki Hoshino forfeited.\n|\n|win|Draxolotl\n|raw|Draxolotl's rating: 1661 &rarr; <strong>1687<\/strong><br \/>(+26 for winning)\n|raw|Aki Hoshino's rating: 1770 &rarr; <strong>1744<\/strong><br \/>(-26 for losing)\n|l|\u2606Aki Hoshino\n|player|p2|\n|l| Kal0stest\n|l| shy1535\n|l|\u2606Draxolotl\n|player|p1|\n|j|\u2606Draxolotl\n|player|p1|Draxolotl|cynthia|\n|l|\u2606Draxolotl\n|player|p1|\n","uploadtime":1717062169,"views":64,"formatid":"gen9vgc2024regg","rating":1687,"private":0,"password":null}