{"id":"gen9vgc2024regg-2133762987","format":"[Gen 9] VGC 2024 Reg G","players":["Riverpasta","SeaBuckthorn"],"log":"|j|\u2606Riverpasta\n|j|\u2606SeaBuckthorn\n|t:|1717100350\n|gametype|doubles\n|player|p1|Riverpasta|red|1663\n|player|p2|SeaBuckthorn|riley|1706\n|teamsize|p1|6\n|teamsize|p2|6\n|gen|9\n|tier|[Gen 9] VGC 2024 Reg G\n|rated|\n|rule|Species Clause: Limit one of each Pok\u00e9mon\n|rule|Item Clause: Limit one of each item\n|clearpoke\n|poke|p1|Zamazenta-*, L50|\n|poke|p1|Rillaboom, L50, M|\n|poke|p1|Entei, L50|\n|poke|p1|Chien-Pao, L50|\n|poke|p1|Raging Bolt, L50|\n|poke|p1|Urshifu-*, L50, M|\n|poke|p2|Regieleki, L50|\n|poke|p2|Lunala, L50|\n|poke|p2|Rillaboom, L50, F|\n|poke|p2|Urshifu-*, L50, M|\n|poke|p2|Incineroar, L50, F|\n|poke|p2|Ursaluna-Bloodmoon, L50, M|\n|teampreview|4\n|\n|t:|1717100398\n|start\n|switch|p1a: Zamazenta|Zamazenta-Crowned, L50|100\/100\n|switch|p1b: Urshifu|Urshifu-Rapid-Strike, L50, M|100\/100\n|switch|p2a: Lunala|Lunala, L50|100\/100\n|switch|p2b: Regieleki|Regieleki, L50|100\/100\n|-ability|p1a: Zamazenta|Dauntless Shield|boost\n|-boost|p1a: Zamazenta|def|1\n|turn|1\n|j| OlivierVGC\n|l| OlivierVGC\n|j| OlivierVGC\n|\n|t:|1717100434\n|switch|p1b: Raging Bolt|Raging Bolt, L50|100\/100\n|move|p2b: Regieleki|Thunderbolt|p1a: Zamazenta\n|-damage|p1a: Zamazenta|62\/100\n|move|p1a: Zamazenta|Body Press|p2b: Regieleki\n|-damage|p2b: Regieleki|0 fnt\n|faint|p2b: Regieleki\n|move|p2a: Lunala|Meteor Beam||[still]\n|-prepare|p2a: Lunala|Meteor Beam\n|-boost|p2a: Lunala|spa|1\n|-enditem|p2a: Lunala|Power Herb\n|-anim|p2a: Lunala|Meteor Beam|p1b: Raging Bolt\n|-damage|p1b: Raging Bolt|57\/100\n|\n|upkeep\n|j| salsakazam\n|\n|t:|1717100467\n|switch|p2b: Incineroar|Incineroar, L50, F|100\/100\n|-ability|p2b: Incineroar|Intimidate|boost\n|-unboost|p1a: Zamazenta|atk|1\n|-unboost|p1b: Raging Bolt|atk|1\n|turn|2\n|\n|t:|1717100482\n|-terastallize|p2b: Incineroar|Ghost\n|move|p1a: Zamazenta|Protect|p1a: Zamazenta\n|-singleturn|p1a: Zamazenta|Protect\n|move|p2b: Incineroar|Fake Out|p1b: Raging Bolt\n|-damage|p1b: Raging Bolt|48\/100\n|move|p2a: Lunala|Moonblast|p1b: Raging Bolt\n|-supereffective|p1b: Raging Bolt\n|-crit|p1b: Raging Bolt\n|-damage|p1b: Raging Bolt|0 fnt\n|faint|p1b: Raging Bolt\n|-end|p1b: Raging Bolt|Protosynthesis|[silent]\n|\n|upkeep\n|\n|t:|1717100533\n|switch|p1b: Rillaboom|Rillaboom, L50, M|100\/100\n|-fieldstart|move: Grassy Terrain|[from] ability: Grassy Surge|[of] p1b: Rillaboom\n|turn|3\n|\n|t:|1717100547\n|move|p1a: Zamazenta|Behemoth Bash|p2a: Lunala\n|-damage|p2a: Lunala|90\/100\n|move|p1b: Rillaboom|Wood Hammer|p2a: Lunala\n|-damage|p2a: Lunala|5\/100\n|-damage|p1b: Rillaboom|65\/100|[from] Recoil\n|move|p2a: Lunala|Moongeist Beam|p1b: Rillaboom\n|-damage|p1b: Rillaboom|0 fnt\n|faint|p1b: Rillaboom\n|move|p2b: Incineroar|Flare Blitz|p1a: Zamazenta\n|-supereffective|p1a: Zamazenta\n|-damage|p1a: Zamazenta|25\/100\n|-damage|p2b: Incineroar|89\/100|[from] Recoil\n|\n|-heal|p1a: Zamazenta|31\/100|[from] Grassy Terrain\n|-heal|p2a: Lunala|11\/100|[from] Grassy Terrain\n|-heal|p2b: Incineroar|95\/100|[from] Grassy Terrain\n|upkeep\n|\n|t:|1717100554\n|switch|p1b: Urshifu|Urshifu-Rapid-Strike, L50, M|100\/100\n|turn|4\n|\n|t:|1717100576\n|-terastallize|p1b: Urshifu|Water\n|move|p1b: Urshifu|Surging Strikes|p2b: Incineroar\n|-crit|p2b: Incineroar\n|-damage|p2b: Incineroar|69\/100\n|-crit|p2b: Incineroar\n|-damage|p2b: Incineroar|44\/100\n|-crit|p2b: Incineroar\n|-damage|p2b: Incineroar|19\/100\n|-hitcount|p2b: Incineroar|3\n|move|p1a: Zamazenta|Behemoth Bash|p2a: Lunala\n|-damage|p2a: Lunala|0 fnt\n|faint|p2a: Lunala\n|move|p2b: Incineroar|Flare Blitz|p1a: Zamazenta\n|-supereffective|p1a: Zamazenta\n|-crit|p1a: Zamazenta\n|-damage|p1a: Zamazenta|0 fnt\n|faint|p1a: Zamazenta\n|-damage|p2b: Incineroar|9\/100|[from] Recoil\n|\n|-heal|p2b: Incineroar|15\/100|[from] Grassy Terrain\n|upkeep\n|\n|t:|1717100594\n|switch|p2a: Urshifu|Urshifu-Rapid-Strike, L50, M|100\/100\n|turn|5\n|\n|t:|1717100608\n|move|p1b: Urshifu|Surging Strikes|p2b: Incineroar\n|-crit|p2b: Incineroar\n|-damage|p2b: Incineroar|0 fnt\n|faint|p2b: Incineroar\n|-hitcount|p2: Incineroar|1\n|move|p2a: Urshifu|Surging Strikes|p1b: Urshifu\n|-resisted|p1b: Urshifu\n|-crit|p1b: Urshifu\n|-damage|p1b: Urshifu|87\/100\n|-resisted|p1b: Urshifu\n|-crit|p1b: Urshifu\n|-damage|p1b: Urshifu|75\/100\n|-resisted|p1b: Urshifu\n|-crit|p1b: Urshifu\n|-damage|p1b: Urshifu|61\/100\n|-hitcount|p1b: Urshifu|3\n|\n|-heal|p1b: Urshifu|67\/100|[from] Grassy Terrain\n|upkeep\n|turn|6\n|\n|t:|1717100630\n|move|p1b: Urshifu|Surging Strikes|p2a: Urshifu\n|-resisted|p2a: Urshifu\n|-crit|p2a: Urshifu\n|-damage|p2a: Urshifu|86\/100\n|-resisted|p2a: Urshifu\n|-crit|p2a: Urshifu\n|-damage|p2a: Urshifu|71\/100\n|-resisted|p2a: Urshifu\n|-crit|p2a: Urshifu\n|-damage|p2a: Urshifu|56\/100\n|-hitcount|p2a: Urshifu|3\n|move|p2a: Urshifu|Close Combat|p1b: Urshifu\n|-damage|p1b: Urshifu|3\/100\n|-unboost|p2a: Urshifu|def|1\n|-unboost|p2a: Urshifu|spd|1\n|\n|-heal|p1b: Urshifu|8\/100|[from] Grassy Terrain\n|-heal|p2a: Urshifu|62\/100|[from] Grassy Terrain\n|upkeep\n|turn|7\n|\n|t:|1717100655\n|move|p1b: Urshifu|Surging Strikes|p2a: Urshifu\n|-resisted|p2a: Urshifu\n|-crit|p2a: Urshifu\n|-damage|p2a: Urshifu|42\/100\n|-resisted|p2a: Urshifu\n|-crit|p2a: Urshifu\n|-damage|p2a: Urshifu|21\/100\n|-resisted|p2a: Urshifu\n|-crit|p2a: Urshifu\n|-damage|p2a: Urshifu|0 fnt\n|faint|p2a: Urshifu\n|-hitcount|p2: Urshifu|3\n|\n|win|Riverpasta\n|raw|Riverpasta's rating: 1663 &rarr; <strong>1685<\/strong><br \/>(+22 for winning)\n|raw|SeaBuckthorn's rating: 1706 &rarr; <strong>1684<\/strong><br \/>(-22 for losing)\n|c|\u2606SeaBuckthorn|gg\n|l| OlivierVGC\n|l|\u2606Riverpasta\n|player|p1|\n|l| salsakazam\n","uploadtime":1717100918,"views":14,"formatid":"gen9vgc2024regg","rating":1684,"private":0,"password":null}