{"id":"gen9vgc2024regg-2133772384","format":"[Gen 9] VGC 2024 Reg G","players":["SuperOinge22","SeaBuckthorn"],"log":"|j|\u2606SuperOinge22\n|j|\u2606SeaBuckthorn\n|t:|1717101345\n|gametype|doubles\n|player|p1|SuperOinge22|170|1695\n|player|p2|SeaBuckthorn|riley|1719\n|teamsize|p1|6\n|teamsize|p2|6\n|gen|9\n|tier|[Gen 9] VGC 2024 Reg G\n|rated|\n|rule|Species Clause: Limit one of each Pok\u00e9mon\n|rule|Item Clause: Limit one of each item\n|clearpoke\n|poke|p1|Groudon, L50|\n|poke|p1|Tornadus, L50, M|\n|poke|p1|Rotom-Heat, L50|\n|poke|p1|Flutter Mane, L50|\n|poke|p1|Amoonguss, L50, M|\n|poke|p1|Urshifu-*, L50, M|\n|poke|p2|Regieleki, L50|\n|poke|p2|Lunala, L50|\n|poke|p2|Rillaboom, L50, F|\n|poke|p2|Urshifu-*, L50, M|\n|poke|p2|Incineroar, L50, M|\n|poke|p2|Ursaluna-Bloodmoon, L50, M|\n|teampreview|4\n|j| OlivierVGC\n|l| OlivierVGC\n|\n|t:|1717101408\n|start\n|switch|p1a: Amoonguss|Amoonguss, L50, M|100\/100\n|switch|p1b: Urshifu|Urshifu-Rapid-Strike, L50, M|100\/100\n|switch|p2a: Regieleki|Regieleki, L50|100\/100\n|switch|p2b: Lunala|Lunala, L50|100\/100\n|turn|1\n|\n|t:|1717101463\n|switch|p1b: Groudon|Groudon, L50|100\/100\n|-weather|SunnyDay|[from] ability: Drought|[of] p1b: Groudon\n|move|p2a: Regieleki|Thunderbolt|p1b: Groudon\n|-immune|p1b: Groudon\n|move|p2b: Lunala|Meteor Beam||[still]\n|-prepare|p2b: Lunala|Meteor Beam\n|-boost|p2b: Lunala|spa|1\n|-enditem|p2b: Lunala|Power Herb\n|-anim|p2b: Lunala|Meteor Beam|p1a: Amoonguss\n|-damage|p1a: Amoonguss|46\/100\n|move|p1a: Amoonguss|Sludge Bomb|p2b: Lunala\n|-resisted|p2b: Lunala\n|-damage|p2b: Lunala|95\/100\n|\n|-weather|SunnyDay|[upkeep]\n|upkeep\n|turn|2\n|j| OlivierVGC\n|\n|t:|1717101503\n|move|p2a: Regieleki|Rain Dance|p2a: Regieleki\n|-weather|RainDance\n|move|p1b: Groudon|Precipice Blades|p2a: Regieleki|[spread] \n|-miss|p1b: Groudon|p2a: Regieleki\n|-miss|p1b: Groudon|p2b: Lunala\n|move|p2b: Lunala|Moongeist Beam|p1a: Amoonguss\n|-damage|p1a: Amoonguss|0 fnt\n|faint|p1a: Amoonguss\n|\n|-weather|RainDance|[upkeep]\n|upkeep\n|\n|t:|1717101511\n|switch|p1a: Tornadus|Tornadus, L50, M|100\/100\n|turn|3\n|\n|t:|1717101539\n|move|p1a: Tornadus|Tailwind|p1a: Tornadus\n|-sidestart|p1: SuperOinge22|move: Tailwind\n|move|p1b: Groudon|Precipice Blades|p2b: Lunala|[spread] p2a,p2b\n|-supereffective|p2a: Regieleki\n|-damage|p2a: Regieleki|0 fnt\n|-damage|p2b: Lunala|34\/100\n|faint|p2a: Regieleki\n|move|p2b: Lunala|Trick Room|p2b: Lunala\n|-fieldstart|move: Trick Room|[of] p2b: Lunala\n|\n|-weather|RainDance|[upkeep]\n|upkeep\n|\n|t:|1717101549\n|switch|p2a: Urshifu|Urshifu-Rapid-Strike, L50, M|100\/100\n|turn|4\n|\n|t:|1717101576\n|switch|p1a: Urshifu|Urshifu-Rapid-Strike, L50, M|100\/100\n|move|p2a: Urshifu|Surging Strikes|p1a: Urshifu\n|-resisted|p1a: Urshifu\n|-crit|p1a: Urshifu\n|-damage|p1a: Urshifu|82\/100\n|-resisted|p1a: Urshifu\n|-crit|p1a: Urshifu\n|-damage|p1a: Urshifu|63\/100\n|-resisted|p1a: Urshifu\n|-crit|p1a: Urshifu\n|-damage|p1a: Urshifu|44\/100\n|-hitcount|p1a: Urshifu|3\n|move|p2b: Lunala|Moonblast|p1b: Groudon\n|-damage|p1b: Groudon|44\/100\n|-unboost|p1b: Groudon|spa|1\n|move|p1b: Groudon|Precipice Blades|p2a: Urshifu|[spread] p2b\n|-miss|p1b: Groudon|p2a: Urshifu\n|-damage|p2b: Lunala|0 fnt\n|faint|p2b: Lunala\n|\n|-weather|RainDance|[upkeep]\n|upkeep\n|\n|t:|1717101595\n|switch|p2b: Ursaluna|Ursaluna-Bloodmoon, L50, M|100\/100\n|turn|5\n|j| oherrodersir\n|\n|t:|1717101632\n|-terastallize|p2a: Urshifu|Water\n|move|p1a: Urshifu|Detect|p1a: Urshifu\n|-singleturn|p1a: Urshifu|Protect\n|move|p2b: Ursaluna|Blood Moon|p1a: Urshifu\n|-activate|p1a: Urshifu|move: Protect\n|move|p2a: Urshifu|Surging Strikes|p1b: Groudon\n|-supereffective|p1b: Groudon\n|-crit|p1b: Groudon\n|-damage|p1b: Groudon|0 fnt\n|faint|p1b: Groudon\n|-hitcount|p1: Groudon|1\n|\n|-weather|RainDance|[upkeep]\n|upkeep\n|\n|t:|1717101641\n|switch|p1b: Tornadus|Tornadus, L50, M|100\/100\n|turn|6\n|j| Throwawayaccount42\n|\n|t:|1717101658\n|-terastallize|p1b: Tornadus|Steel\n|move|p1b: Tornadus|Sunny Day|p1b: Tornadus\n|-weather|SunnyDay\n|move|p2b: Ursaluna|Earth Power|p1a: Urshifu\n|-damage|p1a: Urshifu|0 fnt\n|faint|p1a: Urshifu\n|move|p2a: Urshifu|Surging Strikes|p1b: Tornadus\n|-crit|p1b: Tornadus\n|-damage|p1b: Tornadus|81\/100\n|-crit|p1b: Tornadus\n|-damage|p1b: Tornadus|62\/100\n|-crit|p1b: Tornadus\n|-damage|p1b: Tornadus|45\/100\n|-hitcount|p1b: Tornadus|3\n|\n|-weather|SunnyDay|[upkeep]\n|-sideend|p1: SuperOinge22|move: Tailwind\n|upkeep\n|turn|7\n|\n|t:|1717101673\n|move|p2b: Ursaluna|Earth Power|p1b: Tornadus\n|-supereffective|p1b: Tornadus\n|-damage|p1b: Tornadus|0 fnt\n|faint|p1b: Tornadus\n|\n|win|SeaBuckthorn\n|raw|SuperOinge22's rating: 1695 &rarr; <strong>1676<\/strong><br \/>(-19 for losing)\n|raw|SeaBuckthorn's rating: 1719 &rarr; <strong>1738<\/strong><br \/>(+19 for winning)\n|l|\u2606SuperOinge22\n|player|p1|\n|l| OlivierVGC\n","uploadtime":1717101888,"views":41,"formatid":"gen9vgc2024regg","rating":1676,"private":0,"password":null}