{"id":"gen9vgc2024regg-2133691962","format":"[Gen 9] VGC 2024 Reg G","players":["ScarfAccelgor","Arcangel666"],"log":"|j|\u2606ScarfAccelgor\n|j|\u2606Arcangel666\n|t:|1717093207\n|gametype|doubles\n|player|p1|ScarfAccelgor|266|1714\n|player|p2|Arcangel666|piers|1715\n|teamsize|p1|6\n|teamsize|p2|6\n|gen|9\n|tier|[Gen 9] VGC 2024 Reg G\n|rated|\n|rule|Species Clause: Limit one of each Pok\u00e9mon\n|rule|Item Clause: Limit one of each item\n|clearpoke\n|poke|p1|Calyrex-Shadow, L50|\n|poke|p1|Urshifu-*, L50, M|\n|poke|p1|Raging Bolt, L50|\n|poke|p1|Incineroar, L50, F|\n|poke|p1|Gastrodon-East, L50, M|\n|poke|p1|Flutter Mane, L50|\n|poke|p2|Miraidon, L50|\n|poke|p2|Iron Hands, L50|\n|poke|p2|Iron Bundle, L50|\n|poke|p2|Farigiraf, L50, F|\n|poke|p2|Zapdos-Galar, L50|\n|poke|p2|Ursaluna-Bloodmoon, L50, M|\n|teampreview|4\nScarfAccelgor has agreed to open team sheets.\n|\n|t:|1717093257\n|start\n|switch|p1a: Urshifu|Urshifu, L50, M|100\/100\n|switch|p1b: Flutter Mane|Flutter Mane, L50|100\/100\n|switch|p2a: Zapdos|Zapdos-Galar, L50|100\/100\n|switch|p2b: Farigiraf|Farigiraf, L50, F, shiny|100\/100\n|-enditem|p1b: Flutter Mane|Booster Energy\n|-activate|p1b: Flutter Mane|ability: Protosynthesis|[fromitem]\n|-start|p1b: Flutter Mane|protosynthesisspe\n|turn|1\n|\n|t:|1717093278\n|switch|p2b: Iron Hands|Iron Hands, L50|100\/100\n|-terastallize|p2a: Zapdos|Fire\n|move|p1b: Flutter Mane|Moonblast|p2a: Zapdos\n|-resisted|p2a: Zapdos\n|-damage|p2a: Zapdos|77\/100\n|-unboost|p2a: Zapdos|spa|1\n|-ability|p2a: Zapdos|Defiant|boost\n|-boost|p2a: Zapdos|atk|2\n|move|p2a: Zapdos|Brave Bird|p1a: Urshifu\n|-supereffective|p1a: Urshifu\n|-enditem|p1a: Urshifu|Focus Sash\n|-damage|p1a: Urshifu|1\/100\n|-damage|p2a: Zapdos|45\/100|[from] Recoil\n|move|p1a: Urshifu|Wicked Blow|p2b: Iron Hands\n|-resisted|p2b: Iron Hands\n|-crit|p2b: Iron Hands\n|-damage|p2b: Iron Hands|80\/100\n|\n|upkeep\n|turn|2\n|\n|t:|1717093301\n|move|p1a: Urshifu|Protect|p1a: Urshifu\n|-singleturn|p1a: Urshifu|Protect\n|move|p2b: Iron Hands|Fake Out|p1a: Urshifu\n|-activate|p1a: Urshifu|move: Protect\n|move|p1b: Flutter Mane|Moonblast|p2b: Iron Hands\n|-supereffective|p2b: Iron Hands\n|-damage|p2b: Iron Hands|41\/100\n|move|p2a: Zapdos|Brave Bird|p1b: Flutter Mane\n|-damage|p1b: Flutter Mane|0 fnt\n|faint|p1b: Flutter Mane\n|-end|p1b: Flutter Mane|Protosynthesis|[silent]\n|-damage|p2a: Zapdos|19\/100|[from] Recoil\n|\n|upkeep\n|\n|t:|1717093313\n|switch|p1b: Calyrex|Calyrex-Shadow, L50|100\/100\n|-ability|p1b: Calyrex|As One\n|-ability|p1b: Calyrex|Unnerve\n|turn|3\n|\n|t:|1717093318\n|-end|p2b: Iron Hands|Quark Drive|[silent]\n|switch|p2b: Farigiraf|Farigiraf, L50, F, shiny|100\/100\n|move|p2a: Zapdos|Brave Bird|p1b: Calyrex\n|-damage|p1b: Calyrex|0 fnt\n|faint|p1b: Calyrex\n|-damage|p2a: Zapdos|0 fnt|[from] Recoil\n|faint|p2a: Zapdos\n|move|p1a: Urshifu|Wicked Blow|p2b: Farigiraf\n|-supereffective|p2b: Farigiraf\n|-crit|p2b: Farigiraf\n|-damage|p2b: Farigiraf|0 fnt\n|faint|p2b: Farigiraf\n|\n|upkeep\n|\n|t:|1717093326\n|switch|p1b: Raging Bolt|Raging Bolt, L50|100\/100\n|switch|p2a: Iron Hands|Iron Hands, L50|41\/100\n|switch|p2b: Miraidon|Miraidon, L50|100\/100\n|-fieldstart|move: Electric Terrain|[from] ability: Hadron Engine|[of] p2b: Miraidon\n|-activate|p2a: Iron Hands|ability: Quark Drive\n|-start|p2a: Iron Hands|quarkdriveatk\n|turn|4\n|\n|t:|1717093338\n|-terastallize|p1b: Raging Bolt|Electric\n|move|p1a: Urshifu|Protect|p1a: Urshifu\n|-singleturn|p1a: Urshifu|Protect\n|move|p2a: Iron Hands|Fake Out|p1b: Raging Bolt\n|-damage|p1b: Raging Bolt|88\/100\n|move|p2b: Miraidon|Electro Drift|p1a: Urshifu\n|-activate|p1a: Urshifu|move: Protect\n|cant|p1b: Raging Bolt|flinch\n|\n|upkeep\n|turn|5\n|\n|t:|1717093378\n|move|p1a: Urshifu|Sucker Punch|p2a: Iron Hands\n|-resisted|p2a: Iron Hands\n|-damage|p2a: Iron Hands|30\/100\n|move|p2b: Miraidon|Electro Drift|p1a: Urshifu\n|-damage|p1a: Urshifu|0 fnt\n|faint|p1a: Urshifu\n|move|p1b: Raging Bolt|Draco Meteor|p2a: Iron Hands\n|-damage|p2a: Iron Hands|0 fnt\n|-unboost|p1b: Raging Bolt|spa|2\n|faint|p2a: Iron Hands\n|-end|p2a: Iron Hands|Quark Drive|[silent]\n|\n|upkeep\n|turn|6\n|\n|t:|1717093390\n|move|p2b: Miraidon|Electro Drift|p1b: Raging Bolt\n|-resisted|p1b: Raging Bolt\n|-damage|p1b: Raging Bolt|53\/100\n|move|p1b: Raging Bolt|Draco Meteor|p2b: Miraidon\n|-supereffective|p2b: Miraidon\n|-damage|p2b: Miraidon|35\/100\n|-unboost|p1b: Raging Bolt|spa|2\n|\n|upkeep\n|turn|7\n|\n|t:|1717093397\n|move|p2b: Miraidon|Electro Drift|p1b: Raging Bolt\n|-resisted|p1b: Raging Bolt\n|-damage|p1b: Raging Bolt|13\/100\n|move|p1b: Raging Bolt|Draco Meteor|p2b: Miraidon\n|-supereffective|p2b: Miraidon\n|-damage|p2b: Miraidon|0 fnt\n|-unboost|p1b: Raging Bolt|spa|2\n|faint|p2b: Miraidon\n|\n|win|ScarfAccelgor\n|raw|ScarfAccelgor's rating: 1714 &rarr; <strong>1734<\/strong><br \/>(+20 for winning)\n|raw|Arcangel666's rating: 1715 &rarr; <strong>1695<\/strong><br \/>(-20 for losing)\n|l|\u2606Arcangel666\n|player|p2|\n|l|\u2606ScarfAccelgor\n|player|p1|\n","uploadtime":1717093615,"views":36,"formatid":"gen9vgc2024regg","rating":1695,"private":0,"password":null}