{"id":"gen9vgc2024regg-2133421656","format":"[Gen 9] VGC 2024 Reg G","players":["Superbian","Draxolotl"],"log":"|j|\u2606Superbian\n|j|\u2606Draxolotl\n|t:|1717062144\n|gametype|doubles\n|player|p1|Superbian|veteran|1787\n|player|p2|Draxolotl|cynthia|1687\n|teamsize|p1|6\n|teamsize|p2|6\n|gen|9\n|tier|[Gen 9] VGC 2024 Reg G\n|rated|\n|rule|Species Clause: Limit one of each Pok\u00e9mon\n|rule|Item Clause: Limit one of each item\n|clearpoke\n|poke|p1|Terapagos, L50, M|\n|poke|p1|Rillaboom, L50, M|\n|poke|p1|Incineroar, L50, F|\n|poke|p1|Amoonguss, L50, M|\n|poke|p1|Farigiraf, L50, F|\n|poke|p1|Tornadus, L50, M|\n|poke|p2|Muk-Alola, L50, M|\n|poke|p2|Ogerpon-Cornerstone, L50, F|\n|poke|p2|Flamigo, L50, M|\n|poke|p2|Smeargle, L50, M|\n|poke|p2|Miraidon, L50|\n|poke|p2|Magmar, L50, M|\n|teampreview|4\n|inactive|Battle timer is ON: inactive players will automatically lose when time's up. (requested by Draxolotl)\n|inactive|Superbian has 60 seconds left.\n|\n|t:|1717062177\n|start\n|switch|p1a: Terapagos|Terapagos, L50, M|100\/100\n|switch|p1b: Rillaboom|Rillaboom, L50, M|100\/100\n|switch|p2a: Muk|Muk-Alola, L50, M|100\/100\n|switch|p2b: Smeargle|Smeargle, L50, M|100\/100\n|-activate|p1a: Terapagos|ability: Tera Shift\n|detailschange|p1a: Terapagos|Terapagos-Terastal, L50, M\n|-heal|p1a: Terapagos|100\/100|[silent]\n|-fieldstart|move: Grassy Terrain|[from] ability: Grassy Surge|[of] p1b: Rillaboom\n|turn|1\n|\n|t:|1717062197\n|move|p2a: Muk|Protect|p2a: Muk\n|-singleturn|p2a: Muk|Protect\n|move|p2b: Smeargle|Fake Out|p1a: Terapagos\n|-activate|p1a: Terapagos|ability: Tera Shell\n|-resisted|p1a: Terapagos\n|-damage|p1a: Terapagos|99\/100\n|move|p1b: Rillaboom|Fake Out|p2b: Smeargle\n|-damage|p2b: Smeargle|76\/100\n|cant|p1a: Terapagos|flinch\n|\n|-heal|p2b: Smeargle|82\/100|[from] Grassy Terrain\n|-heal|p1a: Terapagos|100\/100|[from] Grassy Terrain\n|-ability|p2b: Smeargle|Moody|boost\n|-boost|p2b: Smeargle|spa|2\n|-unboost|p2b: Smeargle|spe|1\n|upkeep\n|turn|2\n|\n|t:|1717062217\n|-terastallize|p1b: Rillaboom|Grass\n|move|p2b: Smeargle|Follow Me|p2b: Smeargle\n|-singleturn|p2b: Smeargle|move: Follow Me\n|move|p1b: Rillaboom|Grassy Glide|p2b: Smeargle\n|-damage|p2b: Smeargle|0 fnt\n|faint|p2b: Smeargle\n|-ability|p2a: Muk|Moody|[from] ability: Power of Alchemy|[of] p2b: Smeargle\n|move|p1a: Terapagos|Earth Power|p2a: Muk\n|-supereffective|p2a: Muk\n|-damage|p2a: Muk|56\/100\n|move|p2a: Muk|Minimize|p2a: Muk\n|-boost|p2a: Muk|evasion|2\n|\n|-heal|p2a: Muk|62\/100|[from] Grassy Terrain\n|-heal|p2a: Muk|68\/100|[from] item: Leftovers\n|-ability|p2a: Muk|Moody|boost\n|-boost|p2a: Muk|def|2\n|-unboost|p2a: Muk|spe|1\n|upkeep\n|\n|t:|1717062227\n|switch|p2b: Miraidon|Miraidon, L50|100\/100\n|-fieldstart|move: Electric Terrain|[from] ability: Hadron Engine|[of] p2b: Miraidon\n|turn|3\n|\n|t:|1717062247\n|move|p2b: Miraidon|Draco Meteor|p1b: Rillaboom\n|-damage|p1b: Rillaboom|28\/100\n|-unboost|p2b: Miraidon|spa|2\n|move|p1b: Rillaboom|U-turn|p2b: Miraidon\n|-damage|p2b: Miraidon|74\/100\n|\n|t:|1717062262\n|switch|p1b: Incineroar|Incineroar, L50, F|100\/100|[from] U-turn\n|-ability|p1b: Incineroar|Intimidate|boost\n|-unboost|p2a: Muk|atk|1\n|-unboost|p2b: Miraidon|atk|1\n|move|p1a: Terapagos|Earth Power|p2a: Muk\n|-supereffective|p2a: Muk\n|-damage|p2a: Muk|22\/100\n|move|p2a: Muk|Minimize|p2a: Muk\n|-boost|p2a: Muk|evasion|2\n|\n|-heal|p2a: Muk|28\/100|[from] item: Leftovers\n|-ability|p2a: Muk|Moody|boost\n|-boost|p2a: Muk|spa|2\n|-unboost|p2a: Muk|spd|1\n|upkeep\n|turn|4\n|inactive|Superbian has 30 seconds left.\n|\n|t:|1717062292\n|move|p2a: Muk|Protect|p2a: Muk\n|-singleturn|p2a: Muk|Protect\n|move|p1b: Incineroar|Fake Out|p2b: Miraidon\n|-damage|p2b: Miraidon|64\/100\n|cant|p2b: Miraidon|flinch\n|move|p1a: Terapagos|Earth Power|p2b: Miraidon\n|-supereffective|p2b: Miraidon\n|-damage|p2b: Miraidon|11\/100\n|\n|-heal|p2a: Muk|34\/100|[from] item: Leftovers\n|-ability|p2a: Muk|Moody|boost\n|-boost|p2a: Muk|spd|2\n|-unboost|p2a: Muk|def|1\n|upkeep\n|turn|5\n|\n|t:|1717062308\n|-terastallize|p2a: Muk|Water\n|move|p2b: Miraidon|Draco Meteor|p1a: Terapagos\n|-activate|p1a: Terapagos|ability: Tera Shell\n|-resisted|p1a: Terapagos\n|-damage|p1a: Terapagos|79\/100\n|-unboost|p2b: Miraidon|spa|2\n|move|p1a: Terapagos|Tera Starstorm|p2b: Miraidon\n|-damage|p2b: Miraidon|0 fnt\n|faint|p2b: Miraidon\n|move|p1b: Incineroar|Will-O-Wisp|p2a: Muk|[miss]\n|-miss|p1b: Incineroar|p2a: Muk\n|move|p2a: Muk|Substitute|p2a: Muk\n|-start|p2a: Muk|Substitute\n|-damage|p2a: Muk|9\/100\n|\n|-heal|p1a: Terapagos|85\/100|[from] item: Leftovers\n|-heal|p2a: Muk|16\/100|[from] item: Leftovers\n|-ability|p2a: Muk|Moody|boost\n|-boost|p2a: Muk|spe|2\n|-unboost|p2a: Muk|def|1\n|upkeep\n|\n|t:|1717062313\n|switch|p2b: Flamigo|Flamigo, L50, M|100\/100\n|-copyboost|p2b: Flamigo|p2a: Muk|[from] ability: Costar\n|-enditem|p2b: Flamigo|White Herb\n|-clearnegativeboost|p2b: Flamigo|[silent]\n|turn|6\n|inactive|Superbian has 30 seconds left.\n|inactive|Superbian has 20 seconds left.\n|\n|t:|1717062348\n|move|p2b: Flamigo|Close Combat|p1b: Incineroar\n|-supereffective|p1b: Incineroar\n|-damage|p1b: Incineroar|6\/100\n|-unboost|p2b: Flamigo|def|1\n|-unboost|p2b: Flamigo|spd|1\n|move|p2a: Muk|Minimize|p2a: Muk\n|-boost|p2a: Muk|evasion|2\n|move|p1a: Terapagos|Tera Starstorm|p2b: Flamigo|[miss]\n|-miss|p1a: Terapagos|p2b: Flamigo\n|move|p1b: Incineroar|Will-O-Wisp|p2b: Flamigo|[miss]\n|-miss|p1b: Incineroar|p2b: Flamigo\n|\n|-heal|p2a: Muk|22\/100|[from] item: Leftovers\n|-heal|p1a: Terapagos|91\/100|[from] item: Leftovers\n|-ability|p2a: Muk|Moody|boost\n|-boost|p2a: Muk|def|2\n|-unboost|p2a: Muk|spe|1\n|upkeep\n|turn|7\n|\n|t:|1717062365\n|move|p2b: Flamigo|Close Combat|p1a: Terapagos\n|-supereffective|p1a: Terapagos\n|-damage|p1a: Terapagos|7\/100\n|-unboost|p2b: Flamigo|def|1\n|-unboost|p2b: Flamigo|spd|1\n|move|p1a: Terapagos|Tera Starstorm|p2b: Flamigo|[miss]\n|-miss|p1a: Terapagos|p2b: Flamigo\n|move|p1b: Incineroar|Will-O-Wisp|p2b: Flamigo\n|-status|p2b: Flamigo|brn\n|move|p2a: Muk|Knock Off|p1b: Incineroar\n|-resisted|p1b: Incineroar\n|-damage|p1b: Incineroar|0 fnt\n|-enditem|p1b: Incineroar|Safety Goggles|[from] move: Knock Off|[of] p2a: Muk\n|faint|p1b: Incineroar\n|\n|-heal|p1a: Terapagos|13\/100|[from] item: Leftovers\n|-heal|p2a: Muk|28\/100|[from] item: Leftovers\n|-damage|p2b: Flamigo|95\/100 brn|[from] brn\n|-fieldend|move: Electric Terrain\n|-ability|p2a: Muk|Moody|boost\n|-boost|p2a: Muk|def|2\n|-unboost|p2a: Muk|spe|1\n|upkeep\n|\n|t:|1717062374\n|switch|p1b: Tornadus|Tornadus, L50, M|100\/100\n|turn|8\n|\n|t:|1717062388\n|switch|p1a: Rillaboom|Rillaboom, L50, M, tera:Grass|28\/100\n|-fieldstart|move: Grassy Terrain|[from] ability: Grassy Surge|[of] p1a: Rillaboom\n|move|p1b: Tornadus|Rain Dance|p1b: Tornadus\n|-weather|RainDance\n|move|p2b: Flamigo|Close Combat|p1a: Rillaboom\n|-damage|p1a: Rillaboom|4\/100\n|-unboost|p2b: Flamigo|def|1\n|-unboost|p2b: Flamigo|spd|1\n|move|p2a: Muk|Knock Off|p1b: Tornadus\n|-damage|p1b: Tornadus|69\/100\n|-enditem|p1b: Tornadus|Covert Cloak|[from] move: Knock Off|[of] p2a: Muk\n|\n|-weather|RainDance|[upkeep]\n|-heal|p1a: Rillaboom|10\/100|[from] Grassy Terrain\n|-heal|p2a: Muk|34\/100|[from] Grassy Terrain\n|-heal|p2a: Muk|40\/100|[from] item: Leftovers\n|-damage|p2b: Flamigo|89\/100 brn|[from] brn\n|-ability|p2a: Muk|Moody|boost\n|-boost|p2a: Muk|spd|2\n|-unboost|p2a: Muk|spa|1\n|upkeep\n|turn|9\n|\n|t:|1717062410\n|move|p2b: Flamigo|Wide Guard|p2b: Flamigo\n|-singleturn|p2b: Flamigo|Wide Guard\n|move|p1a: Rillaboom|Grassy Glide|p2a: Muk|[miss]\n|-miss|p1a: Rillaboom|p2a: Muk\n|move|p1b: Tornadus|Bleakwind Storm|p2a: Muk|[spread] \n|-activate|p2a: Muk|move: Wide Guard\n|-activate|p2b: Flamigo|move: Wide Guard\n|move|p2a: Muk|Knock Off|p1a: Rillaboom\n|-crit|p1a: Rillaboom\n|-damage|p1a: Rillaboom|0 fnt\n|-enditem|p1a: Rillaboom|Assault Vest|[from] move: Knock Off|[of] p2a: Muk\n|faint|p1a: Rillaboom\n|\n|-weather|RainDance|[upkeep]\n|-heal|p2a: Muk|46\/100|[from] Grassy Terrain\n|-heal|p2a: Muk|52\/100|[from] item: Leftovers\n|-damage|p2b: Flamigo|83\/100 brn|[from] brn\n|-ability|p2a: Muk|Moody|boost\n|-boost|p2a: Muk|def|2\n|-unboost|p2a: Muk|atk|1\n|upkeep\n|\n|t:|1717062413\n|switch|p1a: Terapagos|Terapagos-Terastal, L50, M|13\/100\n|turn|10\n|\n|t:|1717062428\n|move|p2b: Flamigo|Wide Guard|p2b: Flamigo\n|-singleturn|p2b: Flamigo|Wide Guard\n|move|p1b: Tornadus|Taunt|p2b: Flamigo\n|-start|p2b: Flamigo|move: Taunt\n|move|p1a: Terapagos|Tera Starstorm|p2b: Flamigo\n|-crit|p2b: Flamigo\n|-damage|p2b: Flamigo|0 fnt\n|faint|p2b: Flamigo\n|move|p2a: Muk|Knock Off|p1a: Terapagos\n|-damage|p1a: Terapagos|0 fnt\n|-enditem|p1a: Terapagos|Leftovers|[from] move: Knock Off|[of] p2a: Muk\n|faint|p1a: Terapagos\n|\n|-weather|RainDance|[upkeep]\n|-heal|p2a: Muk|59\/100|[from] Grassy Terrain\n|-heal|p2a: Muk|65\/100|[from] item: Leftovers\n|-ability|p2a: Muk|Moody|boost\n|-boost|p2a: Muk|spd|2\n|-unboost|p2a: Muk|spa|1\n|upkeep\n|turn|11\n|\n|t:|1717062439\n|move|p2a: Muk|Protect|p2a: Muk\n|-singleturn|p2a: Muk|Protect\n|move|p1b: Tornadus|Bleakwind Storm|p2a: Muk\n|-activate|p2a: Muk|move: Protect\n|\n|-weather|RainDance|[upkeep]\n|-heal|p2a: Muk|71\/100|[from] Grassy Terrain\n|-heal|p2a: Muk|77\/100|[from] item: Leftovers\n|-ability|p2a: Muk|Moody|boost\n|-boost|p2a: Muk|spa|2\n|-unboost|p2a: Muk|spd|1\n|upkeep\n|turn|12\n|\n|t:|1717062447\n|move|p1b: Tornadus|Taunt|p2a: Muk|[miss]\n|-miss|p1b: Tornadus|p2a: Muk\n|move|p2a: Muk|Knock Off|p1b: Tornadus\n|-damage|p1b: Tornadus|55\/100\n|\n|-weather|none\n|-heal|p2a: Muk|83\/100|[from] Grassy Terrain\n|-heal|p2a: Muk|89\/100|[from] item: Leftovers\n|-fieldend|move: Grassy Terrain\n|-ability|p2a: Muk|Moody|boost\n|-boost|p2a: Muk|atk|2\n|-unboost|p2a: Muk|def|1\n|upkeep\n|turn|13\n|\n|t:|1717062452\n|move|p1b: Tornadus|Rain Dance|p1b: Tornadus\n|-weather|RainDance\n|move|p2a: Muk|Knock Off|p1b: Tornadus\n|-damage|p1b: Tornadus|25\/100\n|\n|-weather|RainDance|[upkeep]\n|-heal|p2a: Muk|95\/100|[from] item: Leftovers\n|-ability|p2a: Muk|Moody|boost\n|-boost|p2a: Muk|def|1\n|-unboost|p2a: Muk|spa|1\n|upkeep\n|turn|14\n|\n|t:|1717062455\n|move|p1b: Tornadus|Bleakwind Storm|p2a: Muk\n|-activate|p2a: Muk|move: Substitute|[damage]\n|move|p2a: Muk|Knock Off|p1b: Tornadus\n|-damage|p1b: Tornadus|0 fnt\n|faint|p1b: Tornadus\n|\n|win|Draxolotl\n|raw|Superbian's rating: 1787 &rarr; <strong>1761<\/strong><br \/>(-26 for losing)\n|raw|Draxolotl's rating: 1687 &rarr; <strong>1713<\/strong><br \/>(+26 for winning)\n|l|\u2606Superbian\n|player|p1|\n|l|\u2606Draxolotl\n|player|p2|\n","uploadtime":1717062724,"views":85,"formatid":"gen9vgc2024regg","rating":1713,"private":0,"password":null}