{"id":"gen9vgc2024regg-2133432114","format":"[Gen 9] VGC 2024 Reg G","players":["eggplanetVGC","Draxolotl"],"log":"|j|\u2606eggplanetVGC\n|j|\u2606Draxolotl\n|t:|1717063947\n|gametype|doubles\n|player|p1|eggplanetVGC|steven|1676\n|player|p2|Draxolotl|cynthia|1707\n|teamsize|p1|6\n|teamsize|p2|6\n|gen|9\n|tier|[Gen 9] VGC 2024 Reg G\n|rated|\n|rule|Species Clause: Limit one of each Pok\u00e9mon\n|rule|Item Clause: Limit one of each item\n|clearpoke\n|poke|p1|Zacian-*, L50|\n|poke|p1|Annihilape, L50, F|\n|poke|p1|Regidrago, L50|\n|poke|p1|Tornadus, L50, M|\n|poke|p1|Grimmsnarl, L50, M|\n|poke|p1|Archaludon, L50, F|\n|poke|p2|Muk-Alola, L50, M|\n|poke|p2|Ogerpon-Cornerstone, L50, F|\n|poke|p2|Flamigo, L50, M|\n|poke|p2|Smeargle, L50, M|\n|poke|p2|Miraidon, L50|\n|poke|p2|Magmar, L50, M|\n|teampreview|4\n|inactive|Battle timer is ON: inactive players will automatically lose when time's up. (requested by Draxolotl)\n|inactive|eggplanetVGC also wants the timer to be on.\n|j| p999999999\n|\n|t:|1717063962\n|start\n|switch|p1a: Regidrago|Regidrago, L50|100\/100\n|switch|p1b: Tornadus|Tornadus, L50, M|100\/100\n|switch|p2a: Muk|Muk-Alola, L50, M|100\/100\n|switch|p2b: Smeargle|Smeargle, L50, M|100\/100\n|turn|1\n|\n|t:|1717063972\n|move|p2b: Smeargle|Wide Guard|p2b: Smeargle\n|-singleturn|p2b: Smeargle|Wide Guard\n|move|p1b: Tornadus|Taunt|p2b: Smeargle\n|-start|p2b: Smeargle|move: Taunt\n|move|p1a: Regidrago|Dragon Energy|p2b: Smeargle|[spread] \n|-activate|p2a: Muk|move: Wide Guard\n|-activate|p2b: Smeargle|move: Wide Guard\n|move|p2a: Muk|Minimize|p2a: Muk\n|-boost|p2a: Muk|evasion|2\n|\n|-ability|p2b: Smeargle|Moody|boost\n|-boost|p2b: Smeargle|spe|2\n|-unboost|p2b: Smeargle|spd|1\n|upkeep\n|turn|2\n|\n|t:|1717063986\n|-terastallize|p1a: Regidrago|Dragon\n|move|p2b: Smeargle|Fake Out||[still]\n|-hint|Fake Out only works on your first turn out.\n|-fail|p2b: Smeargle\n|move|p1b: Tornadus|Bleakwind Storm|p2b: Smeargle|[spread] p2b\n|-miss|p1b: Tornadus|p2a: Muk\n|-enditem|p2b: Smeargle|Focus Sash\n|-damage|p2b: Smeargle|1\/100\n|move|p1a: Regidrago|Dragon Energy|p2b: Smeargle|[spread] p2b\n|-miss|p1a: Regidrago|p2a: Muk\n|-damage|p2b: Smeargle|0 fnt\n|faint|p2b: Smeargle\n|-ability|p2a: Muk|Moody|[from] ability: Power of Alchemy|[of] p2b: Smeargle\n|move|p2a: Muk|Minimize|p2a: Muk\n|-boost|p2a: Muk|evasion|2\n|\n|-ability|p2a: Muk|Moody|boost\n|-boost|p2a: Muk|atk|2\n|-unboost|p2a: Muk|def|1\n|upkeep\n|\n|t:|1717063993\n|switch|p2b: Magmar|Magmar, L50, M|100\/100\n|turn|3\n|\n|t:|1717064004\n|move|p2b: Magmar|Protect|p2b: Magmar\n|-singleturn|p2b: Magmar|Protect\n|move|p2a: Muk|Protect|p2a: Muk\n|-singleturn|p2a: Muk|Protect\n|move|p1b: Tornadus|Taunt|p2b: Magmar\n|-activate|p2b: Magmar|move: Protect\n|move|p1a: Regidrago|Dragon Energy|p2b: Magmar|[spread] \n|-activate|p2a: Muk|move: Protect\n|-activate|p2b: Magmar|move: Protect\n|\n|-ability|p2a: Muk|Moody|boost\n|-boost|p2a: Muk|spa|2\n|-unboost|p2a: Muk|spe|1\n|upkeep\n|turn|4\n|\n|t:|1717064018\n|move|p1b: Tornadus|Taunt|p2b: Magmar\n|-start|p2b: Magmar|move: Taunt\n|move|p2b: Magmar|Flamethrower|p1a: Regidrago\n|-resisted|p1a: Regidrago\n|-damage|p1a: Regidrago|86\/100\n|move|p1a: Regidrago|Dragon Energy|p2a: Muk|[spread] p2b\n|-miss|p1a: Regidrago|p2a: Muk\n|-damage|p2b: Magmar|20\/100\n|move|p2a: Muk|Substitute|p2a: Muk\n|-start|p2a: Muk|Substitute\n|-damage|p2a: Muk|75\/100\n|\n|-heal|p2a: Muk|82\/100|[from] item: Leftovers\n|-ability|p2a: Muk|Moody|boost\n|-boost|p2a: Muk|spd|2\n|-unboost|p2a: Muk|def|1\n|upkeep\n|turn|5\n|\n|t:|1717064036\n|move|p1b: Tornadus|Bleakwind Storm|p2b: Magmar|[spread] p2a,p2b\n|-activate|p2a: Muk|move: Substitute|[damage]\n|-crit|p2b: Magmar\n|-damage|p2b: Magmar|0 fnt\n|faint|p2b: Magmar\n|move|p1a: Regidrago|Dragon Pulse|p2a: Muk|[miss]\n|-miss|p1a: Regidrago|p2a: Muk\n|move|p2a: Muk|Minimize|p2a: Muk\n|-boost|p2a: Muk|evasion|2\n|\n|-heal|p2a: Muk|88\/100|[from] item: Leftovers\n|-ability|p2a: Muk|Moody|boost\n|-boost|p2a: Muk|spa|2\n|-unboost|p2a: Muk|atk|1\n|upkeep\n|\n|t:|1717064040\n|switch|p2b: Flamigo|Flamigo, L50, M|100\/100\n|-copyboost|p2b: Flamigo|p2a: Muk|[from] ability: Costar\n|-enditem|p2b: Flamigo|White Herb\n|-clearnegativeboost|p2b: Flamigo|[silent]\n|turn|6\n|\n|t:|1717064055\n|move|p1b: Tornadus|Tailwind|p1b: Tornadus\n|-sidestart|p1: eggplanetVGC|move: Tailwind\n|move|p1a: Regidrago|Dragon Energy|p2a: Muk|[spread] p2a\n|-miss|p1a: Regidrago|p2b: Flamigo\n|-end|p2a: Muk|Substitute\n|move|p2b: Flamigo|Acrobatics|p1b: Tornadus\n|-enditem|p1b: Tornadus|Focus Sash\n|-damage|p1b: Tornadus|1\/100\n|move|p2a: Muk|Knock Off|p1a: Regidrago\n|-damage|p1a: Regidrago|36\/100\n|-enditem|p1a: Regidrago|Dragon Fang|[from] move: Knock Off|[of] p2a: Muk\n|\n|-heal|p2a: Muk|94\/100|[from] item: Leftovers\n|-ability|p2a: Muk|Moody|boost\n|-boost|p2a: Muk|spa|2\n|-unboost|p2a: Muk|atk|1\n|upkeep\n|turn|7\n|\n|t:|1717064072\n|-terastallize|p2b: Flamigo|Steel\n|move|p1b: Tornadus|Protect|p1b: Tornadus\n|-singleturn|p1b: Tornadus|Protect\n|move|p1a: Regidrago|Draco Meteor|p2a: Muk\n|-damage|p2a: Muk|43\/100\n|-unboost|p1a: Regidrago|spa|2\n|move|p2b: Flamigo|Acrobatics|p1a: Regidrago\n|-damage|p1a: Regidrago|0 fnt\n|faint|p1a: Regidrago\n|move|p2a: Muk|Substitute|p2a: Muk\n|-start|p2a: Muk|Substitute\n|-damage|p2a: Muk|18\/100\n|\n|-heal|p2a: Muk|24\/100|[from] item: Leftovers\n|-ability|p2a: Muk|Moody|boost\n|-boost|p2a: Muk|atk|2\n|-unboost|p2a: Muk|def|1\n|upkeep\n|\n|t:|1717064086\n|switch|p1a: Zacian|Zacian-Crowned, L50|100\/100\n|-ability|p1a: Zacian|Intrepid Sword|boost\n|-boost|p1a: Zacian|atk|1\n|turn|8\n|\n|t:|1717064100\n|move|p1a: Zacian|Close Combat|p2b: Flamigo\n|-supereffective|p2b: Flamigo\n|-damage|p2b: Flamigo|0 fnt\n|-unboost|p1a: Zacian|def|1\n|-unboost|p1a: Zacian|spd|1\n|faint|p2b: Flamigo\n|move|p1b: Tornadus|Bleakwind Storm|p2a: Muk\n|-activate|p2a: Muk|move: Substitute|[damage]\n|move|p2a: Muk|Knock Off|p1a: Zacian\n|-resisted|p1a: Zacian\n|-damage|p1a: Zacian|67\/100\n|\n|-heal|p2a: Muk|30\/100|[from] item: Leftovers\n|-ability|p2a: Muk|Moody|boost\n|-boost|p2a: Muk|spe|2\n|-unboost|p2a: Muk|atk|1\n|upkeep\n|turn|9\n|\n|t:|1717064112\n|switch|p1a: Annihilape|Annihilape, L50, F|100\/100\n|move|p1b: Tornadus|Bleakwind Storm|p2a: Muk\n|-end|p2a: Muk|Substitute\n|move|p2a: Muk|Knock Off|p1a: Annihilape\n|-damage|p1a: Annihilape|53\/100\n|-enditem|p1a: Annihilape|Leftovers|[from] move: Knock Off|[of] p2a: Muk\n|\n|-heal|p2a: Muk|36\/100|[from] item: Leftovers\n|-sideend|p1: eggplanetVGC|move: Tailwind\n|-ability|p2a: Muk|Moody|boost\n|-boost|p2a: Muk|atk|2\n|-unboost|p2a: Muk|spd|1\n|upkeep\n|turn|10\n|\n|t:|1717064124\n|move|p1b: Tornadus|Bleakwind Storm|p2a: Muk\n|-damage|p2a: Muk|11\/100\n|-unboost|p2a: Muk|spe|1\n|move|p1a: Annihilape|Drain Punch|p2a: Muk\n|-damage|p2a: Muk|0 fnt\n|-heal|p1a: Annihilape|58\/100|[from] drain|[of] p2a: Muk\n|faint|p2a: Muk\n|\n|win|eggplanetVGC\n|raw|eggplanetVGC's rating: 1676 &rarr; <strong>1698<\/strong><br \/>(+22 for winning)\n|raw|Draxolotl's rating: 1707 &rarr; <strong>1685<\/strong><br \/>(-22 for losing)\n|l|\u2606Draxolotl\n|player|p2|\n|l| p999999999\n|l|\u2606eggplanetVGC\n|player|p1|\n","uploadtime":1717064133,"views":103,"formatid":"gen9vgc2024regg","rating":1685,"private":0,"password":null}