{"id":"gen9vgc2024regg-2134443161","format":"[Gen 9] VGC 2024 Reg G","players":["Kqochenekwj","Waffles4breakfast"],"log":"|j|\u2606Kqochenekwj\n|j|\u2606Waffles4breakfast\n|t:|1717188557\n|gametype|doubles\n|player|p1|Kqochenekwj|scientist|1714\n|player|p2|Waffles4breakfast|juggler|1692\n|teamsize|p1|6\n|teamsize|p2|6\n|gen|9\n|tier|[Gen 9] VGC 2024 Reg G\n|rated|\n|rule|Species Clause: Limit one of each Pok\u00e9mon\n|rule|Item Clause: Limit one of each item\n|clearpoke\n|poke|p1|Sneasler, L50, M|\n|poke|p1|Indeedee-F, L50, F|\n|poke|p1|Tyranitar, L50, F|\n|poke|p1|Excadrill, L50, F|\n|poke|p1|Calyrex-Ice, L50|\n|poke|p1|Suicune, L50|\n|poke|p2|Kyogre, L50|\n|poke|p2|Tornadus, L50, M|\n|poke|p2|Annihilape, L50, F|\n|poke|p2|Flutter Mane, L50|\n|poke|p2|Dragonite, L50, M|\n|poke|p2|Indeedee-F, L50, F|\n|teampreview|4\n|inactive|Battle timer is ON: inactive players will automatically lose when time's up. (requested by Kqochenekwj)\n|inactive|Kqochenekwj has 60 seconds left.\n|\n|t:|1717188591\n|start\n|switch|p1a: Excadrill|Excadrill, L50, F, shiny|100\/100\n|switch|p1b: Tyranitar|Tyranitar, L50, F, shiny|100\/100\n|switch|p2a: Annihilape|Annihilape, L50, F|100\/100\n|switch|p2b: Flutter Mane|Flutter Mane, L50|100\/100\n|-weather|Sandstorm|[from] ability: Sand Stream|[of] p1b: Tyranitar\n|turn|1\n|\n|t:|1717188602\n|-end|p2b: Flutter Mane|Protosynthesis|[silent]\n|switch|p2b: Kyogre|Kyogre, L50|100\/100\n|-weather|RainDance|[from] ability: Drizzle|[of] p2b: Kyogre\n|move|p1b: Tyranitar|Protect|p1b: Tyranitar\n|-singleturn|p1b: Tyranitar|Protect\n|move|p2a: Annihilape|Close Combat|p1a: Excadrill\n|-supereffective|p1a: Excadrill\n|-enditem|p1a: Excadrill|Focus Sash\n|-damage|p1a: Excadrill|1\/100\n|-unboost|p2a: Annihilape|def|1\n|-unboost|p2a: Annihilape|spd|1\n|move|p1a: Excadrill|Earthquake|p2b: Kyogre|[spread] p2a,p2b\n|-activate|p1b: Tyranitar|move: Protect\n|-damage|p2a: Annihilape|33\/100\n|-damage|p2b: Kyogre|61\/100\n|\n|-weather|RainDance|[upkeep]\n|upkeep\n|turn|2\n|\n|t:|1717188624\n|switch|p1a: Suicune|Suicune, L50, shiny|100\/100\n|-terastallize|p1b: Tyranitar|Flying\n|move|p2a: Annihilape|Close Combat|p1b: Tyranitar\n|-resisted|p1b: Tyranitar\n|-damage|p1b: Tyranitar|82\/100\n|-unboost|p2a: Annihilape|def|1\n|-unboost|p2a: Annihilape|spd|1\n|move|p2b: Kyogre|Origin Pulse|p1b: Tyranitar|[spread] p1a,p1b\n|-resisted|p1a: Suicune\n|-damage|p1a: Suicune|60\/100\n|-damage|p1b: Tyranitar|0 fnt\n|faint|p1b: Tyranitar\n|\n|-weather|RainDance|[upkeep]\n|upkeep\n|\n|t:|1717188637\n|switch|p1b: Calyrex|Calyrex-Ice, L50|100\/100\n|-ability|p1b: Calyrex|As One\n|-ability|p1b: Calyrex|Unnerve\n|turn|3\n|\n|t:|1717188646\n|switch|p1b: Excadrill|Excadrill, L50, F, shiny|1\/100\n|move|p2a: Annihilape|Close Combat|p1b: Excadrill\n|-supereffective|p1b: Excadrill\n|-damage|p1b: Excadrill|0 fnt\n|-unboost|p2a: Annihilape|def|1\n|-unboost|p2a: Annihilape|spd|1\n|faint|p1b: Excadrill\n|move|p2b: Kyogre|Origin Pulse|p1a: Suicune|[miss]\n|-miss|p2b: Kyogre|p1a: Suicune\n|move|p1a: Suicune|Tailwind|p1a: Suicune\n|-sidestart|p1: Kqochenekwj|move: Tailwind\n|\n|-weather|RainDance|[upkeep]\n|upkeep\n|\n|t:|1717188659\n|switch|p1b: Calyrex|Calyrex-Ice, L50|100\/100\n|-ability|p1b: Calyrex|As One\n|-ability|p1b: Calyrex|Unnerve\n|turn|4\n|\n|t:|1717188669\n|move|p2a: Annihilape|Close Combat|p1b: Calyrex\n|-damage|p1b: Calyrex|73\/100\n|-unboost|p2a: Annihilape|def|1\n|-unboost|p2a: Annihilape|spd|1\n|move|p1a: Suicune|Icy Wind|p2b: Kyogre|[spread] p2a,p2b\n|-resisted|p2b: Kyogre\n|-damage|p2a: Annihilape|7\/100\n|-damage|p2b: Kyogre|58\/100\n|-unboost|p2a: Annihilape|spe|1\n|-ability|p2a: Annihilape|Defiant|boost\n|-boost|p2a: Annihilape|atk|2\n|-unboost|p2b: Kyogre|spe|1\n|move|p1b: Calyrex|Seed Bomb|p2b: Kyogre\n|-supereffective|p2b: Kyogre\n|-damage|p2b: Kyogre|0 fnt\n|faint|p2b: Kyogre\n|-ability|p1b: Calyrex|Chilling Neigh|boost\n|-boost|p1b: Calyrex|atk|1\n|\n|-weather|RainDance|[upkeep]\n|upkeep\n|\n|t:|1717188678\n|switch|p2b: Tornadus|Tornadus, L50, M|100\/100\n|turn|5\n|\n|t:|1717188685\n|move|p2b: Tornadus|Tailwind|p2b: Tornadus\n|-sidestart|p2: Waffles4breakfast|move: Tailwind\n|move|p2a: Annihilape|Close Combat|p1b: Calyrex\n|-damage|p1b: Calyrex|20\/100\n|-unboost|p2a: Annihilape|def|1\n|-unboost|p2a: Annihilape|spd|1\n|move|p1a: Suicune|Icy Wind|p2a: Annihilape|[spread] p2a,p2b\n|-supereffective|p2b: Tornadus\n|-damage|p2a: Annihilape|0 fnt\n|-damage|p2b: Tornadus|77\/100\n|faint|p2a: Annihilape\n|move|p1b: Calyrex|Glacial Lance|p2b: Tornadus\n|-supereffective|p2b: Tornadus\n|-crit|p2b: Tornadus\n|-damage|p2b: Tornadus|0 fnt\n|faint|p2b: Tornadus\n|-ability|p1b: Calyrex|Chilling Neigh|boost\n|-boost|p1b: Calyrex|atk|1\n|\n|-weather|none\n|upkeep\n|\n|t:|1717188690\n|switch|p2b: Flutter Mane|Flutter Mane, L50|100\/100\n|turn|6\n|\n|t:|1717188699\n|-terastallize|p2b: Flutter Mane|Stellar\n|move|p2b: Flutter Mane|Dazzling Gleam|p1a: Suicune|[spread] p1a,p1b\n|-damage|p1a: Suicune|34\/100\n|-damage|p1b: Calyrex|0 fnt\n|faint|p1b: Calyrex\n|move|p1a: Suicune|Icy Wind|p2b: Flutter Mane\n|-damage|p2b: Flutter Mane|88\/100\n|-unboost|p2b: Flutter Mane|spe|1\n|\n|-sideend|p1: Kqochenekwj|move: Tailwind\n|upkeep\n|turn|7\n|\n|t:|1717188708\n|move|p2b: Flutter Mane|Shadow Ball|p1a: Suicune\n|-damage|p1a: Suicune|0 fnt\n|faint|p1a: Suicune\n|\n|win|Waffles4breakfast\n|raw|Kqochenekwj's rating: 1714 &rarr; <strong>1693<\/strong><br \/>(-21 for losing)\n|raw|Waffles4breakfast's rating: 1692 &rarr; <strong>1713<\/strong><br \/>(+21 for winning)\n|l|\u2606Kqochenekwj\n|player|p1|\n|l|\u2606Waffles4breakfast\n|player|p2|\n","uploadtime":1717188867,"views":33,"formatid":"gen9vgc2024regg","rating":1693,"private":0,"password":null}