{"id":"gen9vgc2024regg-2134480117","format":"[Gen 9] VGC 2024 Reg G","players":["Crifab93","DaleG"],"log":"|j|\u2606Crifab93\n|j|\u2606DaleG\n|t:|1717192895\n|gametype|doubles\n|player|p1|Crifab93|n|1730\n|player|p2|DaleG|1|1789\n|teamsize|p1|6\n|teamsize|p2|6\n|gen|9\n|tier|[Gen 9] VGC 2024 Reg G\n|rated|\n|rule|Species Clause: Limit one of each Pok\u00e9mon\n|rule|Item Clause: Limit one of each item\n|clearpoke\n|poke|p1|Calyrex-Shadow, L50|\n|poke|p1|Indeedee-F, L50, F|\n|poke|p1|Urshifu-*, L50, M|\n|poke|p1|Tornadus, L50, M|\n|poke|p1|Mienshao, L50, M|\n|poke|p1|Chi-Yu, L50|\n|poke|p2|Zamazenta-*, L50|\n|poke|p2|Chien-Pao, L50|\n|poke|p2|Amoonguss, L50, M|\n|poke|p2|Raging Bolt, L50|\n|poke|p2|Entei, L50|\n|poke|p2|Iron Treads, L50|\n|teampreview|4\n|inactive|Battle timer is ON: inactive players will automatically lose when time's up. (requested by DaleG)\n|\n|t:|1717192923\n|start\n|switch|p1a: Mienshao|Mienshao, L50, M|100\/100\n|switch|p1b: Calyrex|Calyrex-Shadow, L50|100\/100\n|switch|p2a: Raging Bolt|Raging Bolt, L50|100\/100\n|switch|p2b: Entei|Entei, L50|100\/100\n|-ability|p1b: Calyrex|As One\n|-ability|p1b: Calyrex|Unnerve\n|turn|1\n|\n|t:|1717192946\n|-terastallize|p1b: Calyrex|Fairy\n|move|p2b: Entei|Protect|p2b: Entei\n|-singleturn|p2b: Entei|Protect\n|move|p1a: Mienshao|Fake Out|p2a: Raging Bolt\n|-damage|p2a: Raging Bolt|89\/100\n|move|p1b: Calyrex|Nasty Plot|p1b: Calyrex\n|-boost|p1b: Calyrex|spa|2\n|cant|p2a: Raging Bolt|flinch\n|\n|upkeep\n|turn|2\n|inactive|DaleG has 30 seconds left.\n|inactive|DaleG has 20 seconds left.\n|inactive|DaleG has 15 seconds left.\n|inactive|DaleG has 10 seconds left.\n|inactive|DaleG has 5 seconds left.\n|\n|t:|1717192997\n|-terastallize|p2b: Entei|Normal\n|move|p1b: Calyrex|Protect|p1b: Calyrex\n|-singleturn|p1b: Calyrex|Protect\n|move|p2b: Entei|Extreme Speed|p1a: Mienshao\n|-enditem|p1a: Mienshao|Focus Sash\n|-damage|p1a: Mienshao|1\/100\n|-damage|p2b: Entei|91\/100|[from] item: Life Orb\n|move|p2a: Raging Bolt|Thunderclap|p1a: Mienshao\n|-damage|p1a: Mienshao|0 fnt\n|faint|p1a: Mienshao\n|\n|upkeep\n|\n|t:|1717193005\n|switch|p1a: Indeedee|Indeedee-F, L50, F|100\/100\n|-fieldstart|move: Psychic Terrain|[from] ability: Psychic Surge|[of] p1a: Indeedee\n|-enditem|p1a: Indeedee|Psychic Seed\n|-boost|p1a: Indeedee|spd|1|[from] item: Psychic Seed\n|turn|3\n|\n|t:|1717193020\n|move|p1a: Indeedee|Follow Me|p1a: Indeedee\n|-singleturn|p1a: Indeedee|move: Follow Me\n|move|p1b: Calyrex|Draining Kiss|p2a: Raging Bolt\n|-supereffective|p2a: Raging Bolt\n|-damage|p2a: Raging Bolt|16\/100\n|move|p2b: Entei|Sacred Fire|p1a: Indeedee\n|-damage|p1a: Indeedee|36\/100\n|-status|p1a: Indeedee|brn\n|-damage|p2b: Entei|81\/100|[from] item: Life Orb\n|move|p2a: Raging Bolt|Snarl|p1b: Calyrex|[spread] p1a,p1b\n|-supereffective|p1a: Indeedee\n|-resisted|p1b: Calyrex\n|-crit|p1b: Calyrex\n|-damage|p1a: Indeedee|16\/100 brn\n|-damage|p1b: Calyrex|89\/100\n|-unboost|p1a: Indeedee|spa|1\n|-unboost|p1b: Calyrex|spa|1\n|\n|-damage|p1a: Indeedee|10\/100 brn|[from] brn\n|upkeep\n|turn|4\n|j| xiaoliyun.official\n|inactive|DaleG has 30 seconds left.\n|\n|t:|1717193051\n|switch|p1a: Urshifu|Urshifu-Rapid-Strike, L50, M|100\/100\n|move|p1b: Calyrex|Draining Kiss|p2a: Raging Bolt\n|-supereffective|p2a: Raging Bolt\n|-damage|p2a: Raging Bolt|0 fnt\n|-heal|p1b: Calyrex|100\/100|[from] drain|[of] p2a: Raging Bolt\n|faint|p2a: Raging Bolt\n|-end|p2a: Raging Bolt|Protosynthesis|[silent]\n|-ability|p1b: Calyrex|Grim Neigh|boost\n|-boost|p1b: Calyrex|spa|1\n|move|p2b: Entei|Sacred Fire|p1b: Calyrex\n|-damage|p1b: Calyrex|30\/100\n|-enditem|p1b: Calyrex|Sitrus Berry|[eat]\n|-heal|p1b: Calyrex|56\/100|[from] item: Sitrus Berry\n|-damage|p2b: Entei|72\/100|[from] item: Life Orb\n|\n|upkeep\n|\n|t:|1717193071\n|switch|p2a: Chien-Pao|Chien-Pao, L50|100\/100\n|-ability|p2a: Chien-Pao|Sword of Ruin\n|turn|5\n|\n|t:|1717193089\n|move|p1a: Urshifu|Surging Strikes|p2b: Entei\n|-crit|p2b: Entei\n|-damage|p2b: Entei|43\/100\n|-crit|p2b: Entei\n|-damage|p2b: Entei|16\/100\n|-crit|p2b: Entei\n|-damage|p2b: Entei|0 fnt\n|faint|p2b: Entei\n|-hitcount|p2: Entei|3\n|move|p1b: Calyrex|Draining Kiss|p2a: Chien-Pao\n|-supereffective|p2a: Chien-Pao\n|-enditem|p2a: Chien-Pao|Focus Sash\n|-damage|p2a: Chien-Pao|1\/100\n|-heal|p1b: Calyrex|100\/100|[from] drain|[of] p2a: Chien-Pao\n|move|p2a: Chien-Pao|Ice Spinner|p1b: Calyrex\n|-damage|p1b: Calyrex|35\/100\n|-fieldend|move: Psychic Terrain\n|\n|upkeep\n|\n|t:|1717193095\n|switch|p2b: Zamazenta|Zamazenta-Crowned, L50|100\/100\n|-ability|p2b: Zamazenta|Dauntless Shield|boost\n|-boost|p2b: Zamazenta|def|1\n|turn|6\n|inactive|DaleG has 30 seconds left.\n|\n|t:|1717193124\n|move|p1b: Calyrex|Protect|p1b: Calyrex\n|-singleturn|p1b: Calyrex|Protect\n|move|p2a: Chien-Pao|Sucker Punch|p1a: Urshifu\n|-resisted|p1a: Urshifu\n|-damage|p1a: Urshifu|76\/100\n|move|p1a: Urshifu|Surging Strikes|p2b: Zamazenta\n|-crit|p2b: Zamazenta\n|-damage|p2b: Zamazenta|81\/100\n|-crit|p2b: Zamazenta\n|-damage|p2b: Zamazenta|63\/100\n|-crit|p2b: Zamazenta\n|-damage|p2b: Zamazenta|44\/100\n|-hitcount|p2b: Zamazenta|3\n|move|p2b: Zamazenta|Body Press|p1a: Urshifu\n|-damage|p1a: Urshifu|0 fnt\n|faint|p1a: Urshifu\n|\n|upkeep\n|\n|t:|1717193137\n|switch|p1a: Indeedee|Indeedee-F, L50, F|10\/100 brn\n|-fieldstart|move: Psychic Terrain|[from] ability: Psychic Surge|[of] p1a: Indeedee\n|turn|7\n|inactive|DaleG has 30 seconds left.\n|\n|t:|1717193171\n|move|p1a: Indeedee|Follow Me|p1a: Indeedee\n|-singleturn|p1a: Indeedee|move: Follow Me\n|move|p1b: Calyrex|Draining Kiss|p2b: Zamazenta\n|-damage|p2b: Zamazenta|0 fnt\n|-heal|p1b: Calyrex|69\/100|[from] drain|[of] p2b: Zamazenta\n|faint|p2b: Zamazenta\n|-ability|p1b: Calyrex|Grim Neigh|boost\n|-boost|p1b: Calyrex|spa|1\n|move|p2a: Chien-Pao|Ice Spinner|p1a: Indeedee\n|-damage|p1a: Indeedee|0 fnt\n|-fieldend|move: Psychic Terrain\n|faint|p1a: Indeedee\n|\n|upkeep\n|turn|8\n|inactive|DaleG has 30 seconds left.\n|\n|t:|1717193204\n|move|p2a: Chien-Pao|Sucker Punch|p1b: Calyrex\n|-resisted|p1b: Calyrex\n|-damage|p1b: Calyrex|43\/100\n|move|p1b: Calyrex|Draining Kiss|p2a: Chien-Pao\n|-supereffective|p2a: Chien-Pao\n|-damage|p2a: Chien-Pao|0 fnt\n|-heal|p1b: Calyrex|43\/100|[from] drain|[of] p2a: Chien-Pao\n|faint|p2a: Chien-Pao\n|\n|win|Crifab93\n|raw|Crifab93's rating: 1730 &rarr; <strong>1753<\/strong><br \/>(+23 for winning)\n|raw|DaleG's rating: 1789 &rarr; <strong>1766<\/strong><br \/>(-23 for losing)\n|l| xiaoliyun.official\n|l|\u2606DaleG\n|player|p2|\n|l|\u2606Crifab93\n|player|p1|\n","uploadtime":1717193342,"views":145,"formatid":"gen9vgc2024regg","rating":1753,"private":0,"password":null}