{"id":"gen9vgc2024regg-2134971470","format":"[Gen 9] VGC 2024 Reg G","players":["Madting PS","Dathluke"],"log":"|j|\u2606Madting PS\n|j|\u2606Dathluke\n|t:|1717267837\n|gametype|doubles\n|player|p1|Madting PS|ninjaboy|1781\n|player|p2|Dathluke|larry|1688\n|teamsize|p1|6\n|teamsize|p2|6\n|gen|9\n|tier|[Gen 9] VGC 2024 Reg G\n|rated|\n|rule|Species Clause: Limit one of each Pok\u00e9mon\n|rule|Item Clause: Limit one of each item\n|clearpoke\n|poke|p1|Raging Bolt, L50|\n|poke|p1|Urshifu-*, L50, M|\n|poke|p1|Ogerpon-Cornerstone, L50, F|\n|poke|p1|Calyrex-Ice, L50|\n|poke|p1|Iron Valiant, L50|\n|poke|p1|Pelipper, L50, F|\n|poke|p2|Groudon, L50|\n|poke|p2|Entei, L50|\n|poke|p2|Flutter Mane, L50|\n|poke|p2|Roaring Moon, L50|\n|poke|p2|Raging Bolt, L50|\n|poke|p2|Bronzong, L50|\n|teampreview|4\nDathluke has agreed to open team sheets.\n|inactive|Battle timer is ON: inactive players will automatically lose when time's up. (requested by Dathluke)\n|inactive|Madting PS has 60 seconds left.\n|inactive|Dathluke has 60 seconds left.\n|inactive|Madting PS has 30 seconds left.\n|inactive|Madting PS has 20 seconds left.\n|inactive|Madting PS has 15 seconds left.\n|\n|t:|1717267926\n|start\n|switch|p1a: Urshifu|Urshifu-Rapid-Strike, L50, M|100\/100\n|switch|p1b: Calyrex|Calyrex-Ice, L50|100\/100\n|switch|p2a: Bronzong|Bronzong, L50|100\/100\n|switch|p2b: Raging Bolt|Raging Bolt, L50|100\/100\n|-ability|p1b: Calyrex|As One\n|-ability|p1b: Calyrex|Unnerve\n|turn|1\n|\n|t:|1717267946\n|-terastallize|p2b: Raging Bolt|Electric\n|move|p1a: Urshifu|Surging Strikes|p2a: Bronzong\n|-crit|p2a: Bronzong\n|-damage|p2a: Bronzong|84\/100\n|-crit|p2a: Bronzong\n|-damage|p2a: Bronzong|67\/100\n|-crit|p2a: Bronzong\n|-damage|p2a: Bronzong|50\/100\n|-hitcount|p2a: Bronzong|3\n|move|p2b: Raging Bolt|Thunderbolt|p1b: Calyrex\n|-damage|p1b: Calyrex|60\/100\n|-status|p1b: Calyrex|par\n|move|p1b: Calyrex|Crunch|p2a: Bronzong\n|-supereffective|p2a: Bronzong\n|-damage|p2a: Bronzong|0 fnt\n|faint|p2a: Bronzong\n|-ability|p1b: Calyrex|Chilling Neigh|boost\n|-boost|p1b: Calyrex|atk|1\n|\n|upkeep\n|\n|t:|1717267960\n|switch|p2a: Entei|Entei, L50|100\/100\n|turn|2\n|\n|t:|1717267981\n|-end|p2b: Raging Bolt|Protosynthesis|[silent]\n|switch|p2b: Groudon|Groudon, L50|100\/100\n|-weather|SunnyDay|[from] ability: Drought|[of] p2b: Groudon\n|move|p1a: Urshifu|Detect|p1a: Urshifu\n|-singleturn|p1a: Urshifu|Protect\n|move|p2a: Entei|Sacred Fire|p1b: Calyrex\n|-supereffective|p1b: Calyrex\n|-damage|p1b: Calyrex|0 fnt\n|faint|p1b: Calyrex\n|\n|-weather|SunnyDay|[upkeep]\n|upkeep\n|\n|t:|1717267989\n|switch|p1b: Pelipper|Pelipper, L50, F|100\/100\n|-weather|RainDance|[from] ability: Drizzle|[of] p1b: Pelipper\n|turn|3\n|\n|t:|1717268013\n|switch|p2b: Raging Bolt|Raging Bolt, L50, tera:Electric|100\/100\n|move|p1a: Urshifu|Surging Strikes|p2b: Raging Bolt\n|-crit|p2b: Raging Bolt\n|-damage|p2b: Raging Bolt|75\/100\n|-crit|p2b: Raging Bolt\n|-damage|p2b: Raging Bolt|47\/100\n|-crit|p2b: Raging Bolt\n|-damage|p2b: Raging Bolt|22\/100\n|-hitcount|p2b: Raging Bolt|3\n|move|p2a: Entei|Sacred Fire|p1a: Urshifu\n|-resisted|p1a: Urshifu\n|-damage|p1a: Urshifu|87\/100\n|-status|p1a: Urshifu|brn\n|move|p1b: Pelipper|Weather Ball|p2a: Entei\n|-supereffective|p2a: Entei\n|-damage|p2a: Entei|11\/100\n|\n|-weather|RainDance|[upkeep]\n|-damage|p1a: Urshifu|81\/100 brn|[from] brn\n|upkeep\n|turn|4\n|inactive|Madting PS has 30 seconds left.\n|inactive|Dathluke has 30 seconds left.\n|\n|t:|1717268044\n|switch|p2a: Groudon|Groudon, L50|100\/100\n|-weather|SunnyDay|[from] ability: Drought|[of] p2a: Groudon\n|-activate|p2b: Raging Bolt|ability: Protosynthesis\n|-start|p2b: Raging Bolt|protosynthesisspa\n|-terastallize|p1a: Urshifu|Grass\n|move|p1a: Urshifu|Surging Strikes|p2b: Raging Bolt\n|-crit|p2b: Raging Bolt\n|-damage|p2b: Raging Bolt|19\/100\n|-crit|p2b: Raging Bolt\n|-damage|p2b: Raging Bolt|15\/100\n|-crit|p2b: Raging Bolt\n|-damage|p2b: Raging Bolt|11\/100\n|-hitcount|p2b: Raging Bolt|3\n|move|p1b: Pelipper|Tailwind|p1b: Pelipper\n|-sidestart|p1: Madting PS|move: Tailwind\n|move|p2b: Raging Bolt|Thunderbolt|p1b: Pelipper\n|-supereffective|p1b: Pelipper\n|-damage|p1b: Pelipper|0 fnt\n|faint|p1b: Pelipper\n|\n|-weather|SunnyDay|[upkeep]\n|-damage|p1a: Urshifu|74\/100 brn|[from] brn\n|upkeep\n|\n|t:|1717268058\n|switch|p1b: Iron Valiant|Iron Valiant, L50|100\/100\n|-enditem|p1b: Iron Valiant|Booster Energy\n|-activate|p1b: Iron Valiant|ability: Quark Drive|[fromitem]\n|-start|p1b: Iron Valiant|quarkdrivespe\n|turn|5\n|\n|t:|1717268072\n|move|p2b: Raging Bolt|Thunderclap|p1b: Iron Valiant\n|-damage|p1b: Iron Valiant|0 fnt\n|faint|p1b: Iron Valiant\n|-end|p1b: Iron Valiant|Quark Drive|[silent]\n|move|p1a: Urshifu|Surging Strikes|p2a: Groudon\n|-supereffective|p2a: Groudon\n|-crit|p2a: Groudon\n|-damage|p2a: Groudon|93\/100\n|-supereffective|p2a: Groudon\n|-crit|p2a: Groudon\n|-damage|p2a: Groudon|87\/100\n|-supereffective|p2a: Groudon\n|-crit|p2a: Groudon\n|-damage|p2a: Groudon|80\/100\n|-hitcount|p2a: Groudon|3\n|move|p2a: Groudon|Heat Crash|p1a: Urshifu\n|-supereffective|p1a: Urshifu\n|-damage|p1a: Urshifu|0 fnt\n|faint|p1a: Urshifu\n|\n|win|Dathluke\n|raw|Madting PS's rating: 1781 &rarr; <strong>1756<\/strong><br \/>(-25 for losing)\n|raw|Dathluke's rating: 1688 &rarr; <strong>1713<\/strong><br \/>(+25 for winning)\n|c|\u2606Dathluke|ggs\n|l|\u2606Dathluke\n|player|p2|\n","uploadtime":1717268324,"views":50,"formatid":"gen9vgc2024regg","rating":1713,"private":0,"password":null}