{"id":"gen9vgc2024regg-2134226196","format":"[Gen 9] VGC 2024 Reg G","players":["DaleG","Lilherc"],"log":"|j|\u2606DaleG\n|j|\u2606Lilherc\n|t:|1717166100\n|gametype|doubles\n|player|p1|DaleG|101|1697\n|player|p2|Lilherc|170|1757\n|teamsize|p1|6\n|teamsize|p2|6\n|gen|9\n|tier|[Gen 9] VGC 2024 Reg G\n|rated|\n|rule|Species Clause: Limit one of each Pok\u00e9mon\n|rule|Item Clause: Limit one of each item\n|clearpoke\n|poke|p1|Zamazenta-*, L50|\n|poke|p1|Chien-Pao, L50|\n|poke|p1|Amoonguss, L50, F|\n|poke|p1|Raging Bolt, L50|\n|poke|p1|Entei, L50|\n|poke|p1|Iron Treads, L50|\n|poke|p2|Miraidon, L50|\n|poke|p2|Annihilape, L50, F|\n|poke|p2|Ogerpon-Wellspring, L50, F|\n|poke|p2|Iron Treads, L50|\n|poke|p2|Incineroar, L50, F|\n|poke|p2|Tornadus, L50, M|\n|teampreview|4\n|inactive|Battle timer is ON: inactive players will automatically lose when time's up. (requested by DaleG)\n|\n|t:|1717166136\n|start\n|switch|p1a: Iron Treads|Iron Treads, L50|100\/100\n|switch|p1b: Zamazenta|Zamazenta-Crowned, L50|100\/100\n|switch|p2a: Annihilape|Annihilape, L50, F|100\/100\n|switch|p2b: Miraidon|Miraidon, L50|100\/100\n|-fieldstart|move: Electric Terrain|[from] ability: Hadron Engine|[of] p2b: Miraidon\n|-activate|p1a: Iron Treads|ability: Quark Drive\n|-start|p1a: Iron Treads|quarkdriveatk\n|-ability|p1b: Zamazenta|Dauntless Shield|boost\n|-boost|p1b: Zamazenta|def|1\n|turn|1\n|inactive|DaleG has 30 seconds left.\n|\n|t:|1717166164\n|move|p1a: Iron Treads|High Horsepower|p2b: Miraidon\n|-supereffective|p2b: Miraidon\n|-crit|p2b: Miraidon\n|-damage|p2b: Miraidon|0 fnt\n|faint|p2b: Miraidon\n|move|p1b: Zamazenta|Iron Defense|p1b: Zamazenta\n|-boost|p1b: Zamazenta|def|2\n|move|p2a: Annihilape|Bulk Up|p2a: Annihilape\n|-boost|p2a: Annihilape|atk|1\n|-boost|p2a: Annihilape|def|1\n|\n|upkeep\n|\n|t:|1717166183\n|switch|p2b: Incineroar|Incineroar, L50, F|100\/100\n|-ability|p2b: Incineroar|Intimidate|boost\n|-unboost|p1a: Iron Treads|atk|1\n|-unboost|p1b: Zamazenta|atk|1\n|turn|2\n|inactive|DaleG has 30 seconds left.\n|\n|t:|1717166211\n|-terastallize|p1a: Iron Treads|Ghost\n|-terastallize|p2b: Incineroar|Ghost\n|move|p2b: Incineroar|Fake Out|p1a: Iron Treads\n|-immune|p1a: Iron Treads\n|move|p1a: Iron Treads|High Horsepower|p2b: Incineroar\n|-damage|p2b: Incineroar|63\/100\n|move|p1b: Zamazenta|Iron Defense|p1b: Zamazenta\n|-boost|p1b: Zamazenta|def|2\n|move|p2a: Annihilape|Bulk Up|p2a: Annihilape\n|-boost|p2a: Annihilape|atk|1\n|-boost|p2a: Annihilape|def|1\n|\n|upkeep\n|turn|3\n|inactive|Lilherc has 30 seconds left.\n|inactive|DaleG has 30 seconds left.\n|\n|t:|1717166248\n|-end|p1a: Iron Treads|Quark Drive|[silent]\n|switch|p1a: Raging Bolt|Raging Bolt, L50|100\/100\n|move|p1b: Zamazenta|Heavy Slam|p2b: Incineroar\n|-damage|p2b: Incineroar|30\/100\n|move|p2a: Annihilape|Bulk Up|p2a: Annihilape\n|-boost|p2a: Annihilape|atk|1\n|-boost|p2a: Annihilape|def|1\n|move|p2b: Incineroar|Knock Off|p1a: Raging Bolt\n|-damage|p1a: Raging Bolt|71\/100\n|-enditem|p1a: Raging Bolt|Assault Vest|[from] move: Knock Off|[of] p2b: Incineroar\n|\n|upkeep\n|turn|4\n|j| rabbithorn01\n|\n|t:|1717166273\n|switch|p2b: Ogerpon|Ogerpon-Wellspring, L50, F|100\/100\n|move|p1a: Raging Bolt|Thunderclap|p2a: Annihilape\n|-damage|p2a: Annihilape|64\/100\n|move|p1b: Zamazenta|Heavy Slam|p2b: Ogerpon\n|-resisted|p2b: Ogerpon\n|-damage|p2b: Ogerpon|83\/100\n|move|p2a: Annihilape|Drain Punch|p1a: Raging Bolt\n|-damage|p1a: Raging Bolt|7\/100\n|-heal|p2a: Annihilape|99\/100|[from] drain|[of] p1a: Raging Bolt\n|\n|-heal|p2a: Annihilape|100\/100|[from] item: Leftovers\n|upkeep\n|turn|5\n|inactive|Lilherc has 30 seconds left.\n|\n|t:|1717166298\n|-end|p1a: Raging Bolt|Protosynthesis|[silent]\n|switch|p1a: Iron Treads|Iron Treads, L50, tera:Ghost|100\/100\n|-activate|p1a: Iron Treads|ability: Quark Drive\n|-start|p1a: Iron Treads|quarkdriveatk\n|move|p2b: Ogerpon|Spiky Shield|p2b: Ogerpon\n|-singleturn|p2b: Ogerpon|move: Protect\n|move|p1b: Zamazenta|Body Press|p2b: Ogerpon\n|-activate|p2b: Ogerpon|move: Protect\n|-damage|p1b: Zamazenta|88\/100|[from] Spiky Shield|[of] p2b: Ogerpon\n|move|p2a: Annihilape|Drain Punch|p1a: Iron Treads\n|-immune|p1a: Iron Treads\n|\n|-fieldend|move: Electric Terrain\n|-end|p1a: Iron Treads|Quark Drive\n|upkeep\n|turn|6\n|inactive|DaleG has 30 seconds left.\n|inactive|DaleG has 20 seconds left.\n|\n|t:|1717166337\n|switch|p2b: Incineroar|Incineroar, L50, F, tera:Ghost|30\/100\n|-ability|p2b: Incineroar|Intimidate|boost\n|-unboost|p1a: Iron Treads|atk|1\n|-unboost|p1b: Zamazenta|atk|1\n|move|p1a: Iron Treads|Iron Head|p2b: Incineroar\n|-damage|p2b: Incineroar|3\/100\n|move|p1b: Zamazenta|Heavy Slam|p2b: Incineroar\n|-damage|p2b: Incineroar|0 fnt\n|faint|p2b: Incineroar\n|move|p2a: Annihilape|Rage Fist|p1a: Iron Treads\n|-supereffective|p1a: Iron Treads\n|-damage|p1a: Iron Treads|0 fnt\n|faint|p1a: Iron Treads\n|-end|p1a: Iron Treads|Quark Drive|[silent]\n|\n|upkeep\n|\n|t:|1717166356\n|switch|p1a: Chien-Pao|Chien-Pao, L50|100\/100\n|switch|p2b: Ogerpon|Ogerpon-Wellspring, L50, F|83\/100\n|-ability|p1a: Chien-Pao|Sword of Ruin\n|turn|7\n|\n|t:|1717166373\n|move|p1a: Chien-Pao|Protect|p1a: Chien-Pao\n|-singleturn|p1a: Chien-Pao|Protect\n|move|p2b: Ogerpon|Spiky Shield|p2b: Ogerpon\n|-singleturn|p2b: Ogerpon|move: Protect\n|move|p1b: Zamazenta|Body Press|p2b: Ogerpon\n|-activate|p2b: Ogerpon|move: Protect\n|-damage|p1b: Zamazenta|76\/100|[from] Spiky Shield|[of] p2b: Ogerpon\n|move|p2a: Annihilape|Drain Punch|p1a: Chien-Pao\n|-activate|p1a: Chien-Pao|move: Protect\n|\n|upkeep\n|turn|8\n|\n|t:|1717166393\n|move|p1a: Chien-Pao|Crunch|p2a: Annihilape\n|-damage|p2a: Annihilape|75\/100\n|move|p1b: Zamazenta|Body Press|p2b: Ogerpon\n|-crit|p2b: Ogerpon\n|-damage|p2b: Ogerpon|0 fnt\n|faint|p2b: Ogerpon\n|move|p2a: Annihilape|Drain Punch|p1a: Chien-Pao\n|-supereffective|p1a: Chien-Pao\n|-enditem|p1a: Chien-Pao|Focus Sash\n|-damage|p1a: Chien-Pao|1\/100\n|-heal|p2a: Annihilape|100\/100|[from] drain|[of] p1a: Chien-Pao\n|\n|upkeep\n|turn|9\n|inactive|Lilherc has 30 seconds left.\n|\n|t:|1717166426\n|move|p1a: Chien-Pao|Protect|p1a: Chien-Pao\n|-singleturn|p1a: Chien-Pao|Protect\n|move|p2a: Annihilape|Protect|p2a: Annihilape\n|-singleturn|p2a: Annihilape|Protect\n|move|p1b: Zamazenta|Iron Defense|p1b: Zamazenta\n|-boost|p1b: Zamazenta|def|1\n|\n|upkeep\n|turn|10\n|\n|t:|1717166441\n|move|p1a: Chien-Pao|Crunch|p2a: Annihilape\n|-damage|p2a: Annihilape|75\/100\n|-unboost|p2a: Annihilape|def|1\n|-ability|p2a: Annihilape|Defiant|boost\n|-boost|p2a: Annihilape|atk|2\n|move|p1b: Zamazenta|Heavy Slam|p2a: Annihilape\n|-damage|p2a: Annihilape|58\/100\n|move|p2a: Annihilape|Drain Punch|p1a: Chien-Pao\n|-supereffective|p1a: Chien-Pao\n|-damage|p1a: Chien-Pao|0 fnt\n|-heal|p2a: Annihilape|59\/100|[from] drain|[of] p1a: Chien-Pao\n|faint|p1a: Chien-Pao\n|\n|-heal|p2a: Annihilape|65\/100|[from] item: Leftovers\n|upkeep\n|\n|t:|1717166451\n|switch|p1a: Raging Bolt|Raging Bolt, L50|7\/100\n|turn|11\n|\n|t:|1717166467\n|move|p2a: Annihilape|Protect|p2a: Annihilape\n|-singleturn|p2a: Annihilape|Protect\n|move|p1b: Zamazenta|Heavy Slam|p2a: Annihilape\n|-activate|p2a: Annihilape|move: Protect\n|move|p1a: Raging Bolt|Draco Meteor|p2a: Annihilape\n|-activate|p2a: Annihilape|move: Protect\n|\n|-heal|p2a: Annihilape|71\/100|[from] item: Leftovers\n|upkeep\n|turn|12\n|\n|t:|1717166479\n|move|p1a: Raging Bolt|Thunderclap|p2a: Annihilape\n|-damage|p2a: Annihilape|42\/100\n|move|p1b: Zamazenta|Heavy Slam|p2a: Annihilape\n|-damage|p2a: Annihilape|28\/100\n|move|p2a: Annihilape|Drain Punch|p1a: Raging Bolt\n|-crit|p1a: Raging Bolt\n|-damage|p1a: Raging Bolt|0 fnt\n|-heal|p2a: Annihilape|31\/100|[from] drain|[of] p1a: Raging Bolt\n|faint|p1a: Raging Bolt\n|-end|p1a: Raging Bolt|Protosynthesis|[silent]\n|\n|-heal|p2a: Annihilape|38\/100|[from] item: Leftovers\n|upkeep\n|turn|13\n|\n|t:|1717166496\n|move|p2a: Annihilape|Protect|p2a: Annihilape\n|-singleturn|p2a: Annihilape|Protect\n|move|p1b: Zamazenta|Heavy Slam|p2a: Annihilape\n|-activate|p2a: Annihilape|move: Protect\n|\n|-heal|p2a: Annihilape|44\/100|[from] item: Leftovers\n|upkeep\n|turn|14\n|\n|t:|1717166507\n|move|p1b: Zamazenta|Heavy Slam|p2a: Annihilape\n|-damage|p2a: Annihilape|32\/100\n|move|p2a: Annihilape|Rage Fist|p1b: Zamazenta\n|-damage|p1b: Zamazenta|0 fnt\n|faint|p1b: Zamazenta\n|\n|win|Lilherc\n|raw|DaleG's rating: 1697 &rarr; <strong>1680<\/strong><br \/>(-17 for losing)\n|raw|Lilherc's rating: 1757 &rarr; <strong>1774<\/strong><br \/>(+17 for winning)\n|c|\u2606Lilherc|Gg\n|l|\u2606DaleG\n|player|p1|\n|l|\u2606Lilherc\n|player|p2|\n|l| rabbithorn01\n","uploadtime":1717166525,"views":51,"formatid":"gen9vgc2024regg","rating":1680,"private":0,"password":null}