{"id":"gen9vgc2024regg-2134123677","format":"[Gen 9] VGC 2024 Reg G","players":["GRIFFY98","Wheeel"],"log":"|j|\u2606GRIFFY98\n|j|\u2606Wheeel\n|t:|1717153102\n|gametype|doubles\n|player|p1|GRIFFY98|266|1700\n|player|p2|Wheeel|101|1708\n|teamsize|p1|6\n|teamsize|p2|6\n|gen|9\n|tier|[Gen 9] VGC 2024 Reg G\n|rated|\n|rule|Species Clause: Limit one of each Pok\u00e9mon\n|rule|Item Clause: Limit one of each item\n|clearpoke\n|poke|p1|Tornadus, L50, M|\n|poke|p1|Gholdengo, L50|\n|poke|p1|Terapagos, L50, M|\n|poke|p1|Gastrodon, L50, F|\n|poke|p1|Clefairy, L50, F|\n|poke|p1|Mienshao, L50, F|\n|poke|p2|Flutter Mane, L50|\n|poke|p2|Chien-Pao, L50|\n|poke|p2|Pelipper, L50, M|\n|poke|p2|Zamazenta-*, L50|\n|poke|p2|Rillaboom, L50, F|\n|poke|p2|Ogerpon-Hearthflame, L50, F|\n|teampreview|4\n|inactive|Battle timer is ON: inactive players will automatically lose when time's up. (requested by Wheeel)\n|inactive|GRIFFY98 has 60 seconds left.\n|inactive|Wheeel has 60 seconds left.\n|\n|t:|1717153144\n|start\n|switch|p1a: Tornadus|Tornadus, L50, M|100\/100\n|switch|p1b: Gholdengo|Gholdengo, L50|100\/100\n|switch|p2a: Zamazenta|Zamazenta-Crowned, L50|100\/100\n|switch|p2b: Ogerpon|Ogerpon-Hearthflame, L50, F|100\/100\n|-ability|p2a: Zamazenta|Dauntless Shield|boost\n|-boost|p2a: Zamazenta|def|1\n|-ability|p2b: Ogerpon|Mold Breaker\n|turn|1\n|\n|t:|1717153163\n|-terastallize|p2b: Ogerpon|Fire\n|detailschange|p2b: Ogerpon|Ogerpon-Hearthflame-Tera, L50, F, tera:Fire\n|-ability|p2b: Ogerpon|Embody Aspect (Hearthflame)|boost\n|-boost|p2b: Ogerpon|atk|1\n|move|p1a: Tornadus|Protect|p1a: Tornadus\n|-singleturn|p1a: Tornadus|Protect\n|move|p1b: Gholdengo|Protect|p1b: Gholdengo\n|-singleturn|p1b: Gholdengo|Protect\n|move|p2a: Zamazenta|Heavy Slam|p1a: Tornadus\n|-activate|p1a: Tornadus|move: Protect\n|move|p2b: Ogerpon|Ivy Cudgel|p1b: Gholdengo|[anim] Ivy Cudgel Fire\n|-activate|p1b: Gholdengo|move: Protect\n|\n|upkeep\n|turn|2\n|inactive|GRIFFY98 has 30 seconds left.\n|\n|t:|1717153197\n|move|p1a: Tornadus|Tailwind|p1a: Tornadus\n|-sidestart|p1: GRIFFY98|move: Tailwind\n|move|p1b: Gholdengo|Shadow Ball|p2a: Zamazenta\n|-damage|p2a: Zamazenta|56\/100\n|-damage|p1b: Gholdengo|91\/100|[from] item: Life Orb\n|move|p2a: Zamazenta|Heavy Slam|p1a: Tornadus\n|-damage|p1a: Tornadus|30\/100\n|move|p2b: Ogerpon|Ivy Cudgel|p1b: Gholdengo|[anim] Ivy Cudgel Fire\n|-supereffective|p1b: Gholdengo\n|-crit|p1b: Gholdengo\n|-damage|p1b: Gholdengo|0 fnt\n|faint|p1b: Gholdengo\n|\n|upkeep\n|\n|t:|1717153200\n|switch|p1b: Terapagos|Terapagos, L50, M|100\/100\n|-activate|p1b: Terapagos|ability: Tera Shift\n|detailschange|p1b: Terapagos|Terapagos-Terastal, L50, M\n|-heal|p1b: Terapagos|100\/100|[silent]\n|turn|3\n|\n|t:|1717153223\n|switch|p2a: Rillaboom|Rillaboom, L50, F|100\/100\n|-fieldstart|move: Grassy Terrain|[from] ability: Grassy Surge|[of] p2a: Rillaboom\n|-terastallize|p1b: Terapagos|Stellar\n|detailschange|p1b: Terapagos|Terapagos-Stellar, L50, M, tera:Stellar\n|-heal|p1b: Terapagos|100\/100|[silent]\n|-ability|p1b: Terapagos|Teraform Zero\n|-fieldend|move: Grassy Terrain\n|move|p2b: Ogerpon|Spiky Shield|p2b: Ogerpon\n|-singleturn|p2b: Ogerpon|move: Protect\n|move|p1a: Tornadus|Bleakwind Storm|p2a: Rillaboom|[spread] p2a\n|-activate|p2b: Ogerpon|move: Protect\n|-supereffective|p2a: Rillaboom\n|-damage|p2a: Rillaboom|51\/100\n|move|p1b: Terapagos|Tera Starstorm|p2b: Ogerpon|[spread] p2a\n|-activate|p2b: Ogerpon|move: Protect\n|-damage|p2a: Rillaboom|5\/100\n|\n|upkeep\n|turn|4\n|\n|t:|1717153241\n|switch|p1b: Clefairy|Clefairy, L50, F|100\/100\n|move|p2a: Rillaboom|Fake Out|p1b: Clefairy\n|-crit|p1b: Clefairy\n|-damage|p1b: Clefairy|84\/100\n|move|p1a: Tornadus|Bleakwind Storm|p2a: Rillaboom|[spread] p2a\n|-miss|p1a: Tornadus|p2b: Ogerpon\n|-supereffective|p2a: Rillaboom\n|-damage|p2a: Rillaboom|0 fnt\n|faint|p2a: Rillaboom\n|move|p2b: Ogerpon|Ivy Cudgel|p1b: Clefairy|[anim] Ivy Cudgel Fire\n|-damage|p1b: Clefairy|0 fnt\n|faint|p1b: Clefairy\n|\n|upkeep\n|\n|t:|1717153249\n|switch|p2a: Chien-Pao|Chien-Pao, L50|100\/100\n|switch|p1b: Terapagos|Terapagos-Stellar, L50, M, tera:Stellar|100\/100\n|-ability|p2a: Chien-Pao|Sword of Ruin\n|turn|5\n|\n|t:|1717153274\n|move|p2a: Chien-Pao|Protect|p2a: Chien-Pao\n|-singleturn|p2a: Chien-Pao|Protect\n|move|p2b: Ogerpon|Spiky Shield|p2b: Ogerpon\n|-singleturn|p2b: Ogerpon|move: Protect\n|move|p1a: Tornadus|Taunt|p2b: Ogerpon\n|-activate|p2b: Ogerpon|move: Protect\n|move|p1b: Terapagos|Tera Starstorm|p2a: Chien-Pao|[spread] \n|-activate|p2a: Chien-Pao|move: Protect\n|-activate|p2b: Ogerpon|move: Protect\n|\n|-sideend|p1: GRIFFY98|move: Tailwind\n|upkeep\n|turn|6\n|\n|t:|1717153291\n|move|p1a: Tornadus|Tailwind|p1a: Tornadus\n|-sidestart|p1: GRIFFY98|move: Tailwind\n|move|p1b: Terapagos|Tera Starstorm|p2b: Ogerpon|[spread] p2a,p2b\n|-supereffective|p2b: Ogerpon\n|-enditem|p2a: Chien-Pao|Focus Sash\n|-damage|p2a: Chien-Pao|1\/100\n|-damage|p2b: Ogerpon|0 fnt\n|faint|p2b: Ogerpon\n|move|p2a: Chien-Pao|Throat Chop|p1a: Tornadus\n|-crit|p1a: Tornadus\n|-damage|p1a: Tornadus|0 fnt\n|faint|p1a: Tornadus\n|\n|upkeep\n|\n|t:|1717153296\n|switch|p2b: Zamazenta|Zamazenta-Crowned, L50|56\/100\n|turn|7\n|\n|t:|1717153301\n|move|p2a: Chien-Pao|Sucker Punch|p1b: Terapagos\n|-damage|p1b: Terapagos|70\/100\n|move|p1b: Terapagos|Tera Starstorm|p2b: Zamazenta|[spread] p2a,p2b\n|-damage|p2a: Chien-Pao|0 fnt\n|-damage|p2b: Zamazenta|12\/100\n|faint|p2a: Chien-Pao\n|move|p2b: Zamazenta|Body Press|p1b: Terapagos\n|-supereffective|p1b: Terapagos\n|-damage|p1b: Terapagos|9\/100\n|\n|upkeep\n|turn|8\n|\n|t:|1717153308\n|move|p1b: Terapagos|Tera Starstorm|p2b: Zamazenta\n|-damage|p2b: Zamazenta|0 fnt\n|faint|p2b: Zamazenta\n|\n|win|GRIFFY98\n|raw|GRIFFY98's rating: 1700 &rarr; <strong>1720<\/strong><br \/>(+20 for winning)\n|raw|Wheeel's rating: 1708 &rarr; <strong>1688<\/strong><br \/>(-20 for losing)\n|l|\u2606Wheeel\n|player|p2|\n|l|\u2606GRIFFY98\n|player|p1|\n|j| FlyLian\n|n| zhujinjin|flylian\n","uploadtime":1717153536,"views":31,"formatid":"gen9vgc2024regg","rating":1688,"private":0,"password":null}