{"id":"gen9vgc2024regg-2134086846","format":"[Gen 9] VGC 2024 Reg G","players":["code_anish","Read Book"],"log":"|j|\u2606code_anish\n|j|\u203dRead Book\n|t:|1717146840\n|gametype|doubles\n|player|p1|code_anish|yellow|1724\n|player|p2|Read Book|169|1679\n|teamsize|p1|6\n|teamsize|p2|6\n|gen|9\n|tier|[Gen 9] VGC 2024 Reg G\n|rated|\n|rule|Species Clause: Limit one of each Pok\u00e9mon\n|rule|Item Clause: Limit one of each item\n|clearpoke\n|poke|p1|Koraidon, L50|\n|poke|p1|Tornadus, L50, M|\n|poke|p1|Flutter Mane, L50|\n|poke|p1|Raging Bolt, L50|\n|poke|p1|Gastrodon-East, L50, M|\n|poke|p1|Chi-Yu, L50|\n|poke|p2|Lunala, L50|\n|poke|p2|Incineroar, L50, F|\n|poke|p2|Urshifu-*, L50, F|\n|poke|p2|Rillaboom, L50, F|\n|poke|p2|Pelipper, L50, M|\n|poke|p2|Amoonguss, L50, M|\n|teampreview|4\n|inactive|Battle timer is ON: inactive players will automatically lose when time's up. (requested by Read Book)\n|inactive|Read Book has 60 seconds left.\n|\n|t:|1717146900\n|start\n|switch|p1a: Kosei|Chi-Yu, L50|100\/100\n|switch|p1b: Kaori|Raging Bolt, L50|100\/100\n|switch|p2a: Incineroar|Incineroar, L50, F|100\/100\n|switch|p2b: Rillaboom|Rillaboom, L50, F|100\/100\n|-ability|p1a: Kosei|Beads of Ruin\n|-fieldstart|move: Grassy Terrain|[from] ability: Grassy Surge|[of] p2b: Rillaboom\n|-ability|p2a: Incineroar|Intimidate|boost\n|-unboost|p1a: Kosei|atk|1\n|-unboost|p1b: Kaori|atk|1\n|turn|1\n|inactive|Read Book has 30 seconds left.\n|inactive|code_anish has 30 seconds left.\n|\n|t:|1717146936\n|move|p2a: Incineroar|Fake Out|p1a: Kosei\n|-damage|p1a: Kosei|85\/100\n|cant|p1a: Kosei|flinch\n|move|p2b: Rillaboom|U-turn|p1a: Kosei\n|-damage|p1a: Kosei|52\/100\n|\n|t:|1717146945\n|switch|p2b: Amoonguss|Amoonguss, L50, M|100\/100|[from] U-turn\n|move|p1b: Kaori|Thunderbolt|p2a: Incineroar\n|-damage|p2a: Incineroar|50\/100\n|-enditem|p2a: Incineroar|Sitrus Berry|[eat]\n|-heal|p2a: Incineroar|75\/100|[from] item: Sitrus Berry\n|\n|-heal|p1a: Kosei|58\/100|[from] Grassy Terrain\n|-heal|p2a: Incineroar|81\/100|[from] Grassy Terrain\n|upkeep\n|turn|2\n|j| groundskin\n|\n|t:|1717146967\n|-terastallize|p2b: Amoonguss|Dark\n|move|p1a: Kosei|Heat Wave|p2a: Incineroar|[spread] p2a,p2b\n|-resisted|p2a: Incineroar\n|-damage|p2a: Incineroar|54\/100\n|-damage|p2b: Amoonguss|45\/100\n|-status|p2b: Amoonguss|brn\n|move|p1b: Kaori|Thunderbolt|p2a: Incineroar\n|-damage|p2a: Incineroar|4\/100\n|move|p2a: Incineroar|Parting Shot|p1b: Kaori\n|-unboost|p1b: Kaori|atk|1\n|-unboost|p1b: Kaori|spa|1\n|\n|t:|1717146979\n|switch|p2a: Lunala|Lunala, L50|100\/100|[from] Parting Shot\n|move|p2b: Amoonguss|Spore|p1a: Kosei\n|-status|p1a: Kosei|slp|[from] move: Spore\n|\n|-heal|p1a: Kosei|63\/100 slp|[from] Grassy Terrain\n|-heal|p2b: Amoonguss|51\/100 brn|[from] Grassy Terrain\n|-damage|p2b: Amoonguss|45\/100 brn|[from] brn\n|upkeep\n|turn|3\n|inactive|code_anish has 30 seconds left.\n|\n|t:|1717147004\n|switch|p2b: Incineroar|Incineroar, L50, F|4\/100\n|-ability|p2b: Incineroar|Intimidate|boost\n|-unboost|p1a: Kosei|atk|1\n|-unboost|p1b: Kaori|atk|1\n|cant|p1a: Kosei|slp\n|move|p2a: Lunala|Calm Mind|p2a: Lunala\n|-boost|p2a: Lunala|spa|1\n|-boost|p2a: Lunala|spd|1\n|move|p1b: Kaori|Thunderbolt|p2a: Lunala\n|-damage|p2a: Lunala|90\/100\n|\n|-heal|p1a: Kosei|69\/100 slp|[from] Grassy Terrain\n|-heal|p2a: Lunala|97\/100|[from] Grassy Terrain\n|-heal|p2a: Lunala|100\/100|[from] item: Leftovers\n|-heal|p2b: Incineroar|10\/100|[from] Grassy Terrain\n|upkeep\n|turn|4\n|\n|t:|1717147018\n|switch|p1a: Hiroko|Gastrodon-East, L50, M|100\/100\n|move|p1b: Kaori|Protect|p1b: Kaori\n|-singleturn|p1b: Kaori|Protect\n|move|p2b: Incineroar|Fake Out|p1a: Hiroko\n|-damage|p1a: Hiroko|92\/100\n|move|p2a: Lunala|Moonblast|p1a: Hiroko\n|-damage|p1a: Hiroko|42\/100\n|\n|-heal|p2b: Incineroar|16\/100|[from] Grassy Terrain\n|-heal|p1a: Hiroko|48\/100|[from] Grassy Terrain\n|-heal|p1a: Hiroko|53\/100|[from] item: Leftovers\n|upkeep\n|turn|5\n|\n|t:|1717147043\n|move|p1a: Hiroko|Protect|p1a: Hiroko\n|-singleturn|p1a: Hiroko|Protect\n|move|p2a: Lunala|Moongeist Beam|p1a: Hiroko\n|-activate|p1a: Hiroko|move: Protect\n|move|p1b: Kaori|Thunderbolt|p2b: Incineroar\n|-damage|p2b: Incineroar|0 fnt\n|faint|p2b: Incineroar\n|\n|-heal|p1a: Hiroko|59\/100|[from] Grassy Terrain\n|-heal|p1a: Hiroko|65\/100|[from] item: Leftovers\n|-fieldend|move: Grassy Terrain\n|upkeep\n|\n|t:|1717147051\n|switch|p2b: Rillaboom|Rillaboom, L50, F|100\/100\n|-fieldstart|move: Grassy Terrain|[from] ability: Grassy Surge|[of] p2b: Rillaboom\n|turn|6\n|inactive|code_anish has 30 seconds left.\n|j| Nabilah Chan\n|\n|t:|1717147083\n|switch|p1a: Takeshi|Koraidon, L50|100\/100\n|-weather|SunnyDay|[from] ability: Orichalcum Pulse|[of] p1a: Takeshi\n|-activate|p1b: Kaori|ability: Protosynthesis\n|-start|p1b: Kaori|protosynthesisspa\n|-activate|p1a: Takeshi|Orichalcum Pulse|[source]\n|move|p2b: Rillaboom|Fake Out|p1a: Takeshi\n|-damage|p1a: Takeshi|88\/100\n|move|p2a: Lunala|Calm Mind|p2a: Lunala\n|-boost|p2a: Lunala|spa|1\n|-boost|p2a: Lunala|spd|1\n|move|p1b: Kaori|Dragon Pulse|p2b: Rillaboom\n|-damage|p2b: Rillaboom|68\/100\n|\n|-weather|SunnyDay|[upkeep]\n|-heal|p1a: Takeshi|94\/100|[from] Grassy Terrain\n|-heal|p2b: Rillaboom|74\/100|[from] Grassy Terrain\n|upkeep\n|turn|7\n|inactive|code_anish has 30 seconds left.\n|\n|t:|1717147110\n|switch|p2b: Amoonguss|Amoonguss, L50, M, tera:Dark|79\/100 brn\n|-terastallize|p1a: Takeshi|Fire\n|move|p2a: Lunala|Protect|p2a: Lunala\n|-singleturn|p2a: Lunala|Protect\n|move|p1b: Kaori|Thunderclap||[still]\n|-fail|p1b: Kaori\n|move|p1a: Takeshi|Flare Blitz|p2a: Lunala\n|-activate|p2a: Lunala|move: Protect\n|\n|-weather|SunnyDay|[upkeep]\n|-heal|p1a: Takeshi|99\/100|[from] Grassy Terrain\n|-heal|p2b: Amoonguss|85\/100 brn|[from] Grassy Terrain\n|-damage|p2b: Amoonguss|79\/100 brn|[from] brn\n|upkeep\n|turn|8\n|inactive|code_anish has 30 seconds left.\n|\n|t:|1717147137\n|move|p1a: Takeshi|Protect|p1a: Takeshi\n|-singleturn|p1a: Takeshi|Protect\n|move|p2b: Amoonguss|Rage Powder|p2b: Amoonguss\n|-singleturn|p2b: Amoonguss|move: Rage Powder\n|move|p2a: Lunala|Moongeist Beam|p1a: Takeshi\n|-activate|p1a: Takeshi|move: Protect\n|move|p1b: Kaori|Thunderbolt|p2b: Amoonguss\n|-damage|p2b: Amoonguss|48\/100 brn\n|\n|-weather|SunnyDay|[upkeep]\n|-heal|p1a: Takeshi|100\/100|[from] Grassy Terrain\n|-heal|p2b: Amoonguss|54\/100 brn|[from] Grassy Terrain\n|-damage|p2b: Amoonguss|48\/100 brn|[from] brn\n|upkeep\n|turn|9\n|\n|t:|1717147155\n|switch|p1a: Kosei|Chi-Yu, L50|69\/100 slp\n|-ability|p1a: Kosei|Beads of Ruin\n|move|p2b: Amoonguss|Rage Powder|p2b: Amoonguss\n|-singleturn|p2b: Amoonguss|move: Rage Powder\n|move|p2a: Lunala|Moonblast|p1b: Kaori\n|-supereffective|p1b: Kaori\n|-damage|p1b: Kaori|0 fnt\n|faint|p1b: Kaori\n|-end|p1b: Kaori|Protosynthesis|[silent]\n|\n|-weather|SunnyDay|[upkeep]\n|-heal|p1a: Kosei|75\/100 slp|[from] Grassy Terrain\n|-heal|p2b: Amoonguss|54\/100 brn|[from] Grassy Terrain\n|-damage|p2b: Amoonguss|48\/100 brn|[from] brn\n|upkeep\n|\n|t:|1717147164\n|switch|p1b: Hiroko|Gastrodon-East, L50, M|65\/100\n|turn|10\n|\n|t:|1717147179\n|move|p2b: Amoonguss|Rage Powder|p2b: Amoonguss\n|-singleturn|p2b: Amoonguss|move: Rage Powder\n|-curestatus|p1a: Kosei|slp|[msg]\n|move|p1a: Kosei|Dark Pulse|p2b: Amoonguss\n|-resisted|p2b: Amoonguss\n|-damage|p2b: Amoonguss|19\/100 brn\n|-enditem|p2b: Amoonguss|Iapapa Berry|[eat]\n|-heal|p2b: Amoonguss|52\/100 brn|[from] item: Iapapa Berry\n|move|p2a: Lunala|Moonblast|p1a: Kosei\n|-damage|p1a: Kosei|7\/100\n|-unboost|p1a: Kosei|spa|1\n|move|p1b: Hiroko|Ice Beam|p2b: Amoonguss\n|-damage|p2b: Amoonguss|32\/100 brn\n|\n|-weather|none\n|-heal|p1a: Kosei|13\/100|[from] Grassy Terrain\n|-heal|p1b: Hiroko|71\/100|[from] Grassy Terrain\n|-heal|p2b: Amoonguss|38\/100 brn|[from] Grassy Terrain\n|-heal|p1b: Hiroko|77\/100|[from] item: Leftovers\n|-damage|p2b: Amoonguss|32\/100 brn|[from] brn\n|-fieldend|move: Grassy Terrain\n|upkeep\n|turn|11\n|\n|t:|1717147202\n|move|p2b: Amoonguss|Rage Powder|p2b: Amoonguss\n|-singleturn|p2b: Amoonguss|move: Rage Powder\n|move|p1a: Kosei|Dark Pulse|p2b: Amoonguss\n|-resisted|p2b: Amoonguss\n|-damage|p2b: Amoonguss|11\/100 brn\n|move|p2a: Lunala|Moongeist Beam|p1a: Kosei\n|-resisted|p1a: Kosei\n|-damage|p1a: Kosei|0 fnt\n|faint|p1a: Kosei\n|move|p1b: Hiroko|Earth Power|p2b: Amoonguss\n|-damage|p2b: Amoonguss|0 fnt\n|faint|p2b: Amoonguss\n|\n|-heal|p1b: Hiroko|83\/100|[from] item: Leftovers\n|upkeep\n|\n|t:|1717147225\n|switch|p1a: Takeshi|Koraidon, L50, tera:Fire|100\/100\n|switch|p2b: Rillaboom|Rillaboom, L50, F|74\/100\n|-weather|SunnyDay|[from] ability: Orichalcum Pulse|[of] p1a: Takeshi\n|-activate|p1a: Takeshi|Orichalcum Pulse|[source]\n|-fieldstart|move: Grassy Terrain|[from] ability: Grassy Surge|[of] p2b: Rillaboom\n|turn|12\n|inactive|Read Book has 30 seconds left.\n|inactive|Read Book has 20 seconds left.\n|inactive|Read Book has 15 seconds left.\n|inactive|Read Book has 10 seconds left.\n|\n|t:|1717147272\n|move|p1a: Takeshi|Protect|p1a: Takeshi\n|-singleturn|p1a: Takeshi|Protect\n|move|p2b: Rillaboom|Fake Out|p1b: Hiroko\n|-damage|p1b: Hiroko|71\/100\n|move|p2a: Lunala|Moongeist Beam|p1a: Takeshi\n|-activate|p1a: Takeshi|move: Protect\n|cant|p1b: Hiroko|flinch\n|\n|-weather|SunnyDay|[upkeep]\n|-heal|p2b: Rillaboom|80\/100|[from] Grassy Terrain\n|-heal|p1b: Hiroko|77\/100|[from] Grassy Terrain\n|-heal|p1b: Hiroko|83\/100|[from] item: Leftovers\n|upkeep\n|turn|13\n|\n|t:|1717147289\n|move|p1b: Hiroko|Protect|p1b: Hiroko\n|-singleturn|p1b: Hiroko|Protect\n|move|p2b: Rillaboom|Grassy Glide|p1b: Hiroko\n|-activate|p1b: Hiroko|move: Protect\n|move|p1a: Takeshi|Flame Charge|p2b: Rillaboom\n|-supereffective|p2b: Rillaboom\n|-damage|p2b: Rillaboom|0 fnt\n|-boost|p1a: Takeshi|spe|1\n|faint|p2b: Rillaboom\n|move|p2a: Lunala|Moongeist Beam|p1a: Takeshi\n|-damage|p1a: Takeshi|7\/100\n|\n|-weather|SunnyDay|[upkeep]\n|-heal|p1a: Takeshi|13\/100|[from] Grassy Terrain\n|-heal|p1b: Hiroko|89\/100|[from] Grassy Terrain\n|-heal|p1b: Hiroko|95\/100|[from] item: Leftovers\n|upkeep\n|turn|14\n|\n|t:|1717147313\n|move|p1a: Takeshi|Protect|p1a: Takeshi\n|-singleturn|p1a: Takeshi|Protect\n|move|p2a: Lunala|Protect|p2a: Lunala\n|-singleturn|p2a: Lunala|Protect\n|move|p1b: Hiroko|Yawn|p2a: Lunala\n|-activate|p2a: Lunala|move: Protect\n|\n|-weather|SunnyDay|[upkeep]\n|-heal|p1a: Takeshi|19\/100|[from] Grassy Terrain\n|-heal|p1b: Hiroko|100\/100|[from] Grassy Terrain\n|upkeep\n|turn|15\n|\n|t:|1717147323\n|move|p1a: Takeshi|Protect|p1a: Takeshi\n|-singleturn|p1a: Takeshi|Protect\n|move|p2a: Lunala|Moongeist Beam|p1a: Takeshi\n|-activate|p1a: Takeshi|move: Protect\n|move|p1b: Hiroko|Yawn|p2a: Lunala\n|-start|p2a: Lunala|move: Yawn|[of] p1b: Hiroko\n|\n|-weather|SunnyDay|[upkeep]\n|-heal|p1a: Takeshi|25\/100|[from] Grassy Terrain\n|upkeep\n|turn|16\n|\n|t:|1717147331\n|move|p1a: Takeshi|Protect||[still]\n|-fail|p1a: Takeshi\n|move|p2a: Lunala|Moongeist Beam|p1a: Takeshi\n|-damage|p1a: Takeshi|0 fnt\n|faint|p1a: Takeshi\n|move|p1b: Hiroko|Earth Power|p2a: Lunala\n|-damage|p2a: Lunala|95\/100\n|-unboost|p2a: Lunala|spd|1\n|\n|-weather|none\n|-heal|p2a: Lunala|100\/100|[from] Grassy Terrain\n|-end|p2a: Lunala|move: Yawn|[silent]\n|-status|p2a: Lunala|slp\n|-fieldend|move: Grassy Terrain\n|upkeep\n|turn|17\n|\n|t:|1717147337\n|cant|p2a: Lunala|slp\n|move|p1b: Hiroko|Earth Power|p2a: Lunala\n|-damage|p2a: Lunala|93\/100 slp\n|\n|-heal|p2a: Lunala|99\/100 slp|[from] item: Leftovers\n|upkeep\n|turn|18\n|\n|t:|1717147342\n|-curestatus|p2a: Lunala|slp|[msg]\n|move|p2a: Lunala|Moonblast|p1b: Hiroko\n|-damage|p1b: Hiroko|36\/100\n|move|p1b: Hiroko|Earth Power|p2a: Lunala\n|-damage|p2a: Lunala|85\/100\n|\n|-heal|p2a: Lunala|92\/100|[from] item: Leftovers\n|-heal|p1b: Hiroko|42\/100|[from] item: Leftovers\n|upkeep\n|turn|19\n|l| Nabilah Chan\n|-message|code_anish forfeited.\n|\n|win|Read Book\n|raw|code_anish's rating: 1735 &rarr; <strong>1712<\/strong><br \/>(-23 for losing)\n|raw|Read Book's rating: 1679 &rarr; <strong>1702<\/strong><br \/>(+23 for winning)\n|l|\u2606code_anish\n|player|p1|\n|l|\u203dRead Book\n|player|p2|\n","uploadtime":1717147502,"views":52,"formatid":"gen9vgc2024regg","rating":1702,"private":0,"password":null}