{"id":"gen9vgc2024regg-2134520983","format":"[Gen 9] VGC 2024 Reg G","players":["actuary97","MangledGalah"],"log":"|j|\u2606actuary97\n|j|\u2606MangledGalah\n|t:|1717198259\n|gametype|doubles\n|player|p1|actuary97|sabrina-lgpe|1739\n|player|p2|MangledGalah|linebacker|1654\n|teamsize|p1|6\n|teamsize|p2|6\n|gen|9\n|tier|[Gen 9] VGC 2024 Reg G\n|rated|\n|rule|Species Clause: Limit one of each Pok\u00e9mon\n|rule|Item Clause: Limit one of each item\n|clearpoke\n|poke|p1|Comfey, L50, M|\n|poke|p1|Whimsicott, L50, M|\n|poke|p1|Araquanid, L50, M|\n|poke|p1|Kyogre, L50|\n|poke|p1|Archaludon, L50, M|\n|poke|p1|Moltres-Galar, L50|\n|poke|p2|Incineroar, L50, M|\n|poke|p2|Rillaboom, L50, M|\n|poke|p2|Tornadus, L50, M|\n|poke|p2|Urshifu-*, L50, M|\n|poke|p2|Calyrex-Shadow, L50|\n|poke|p2|Entei, L50|\n|teampreview|4\n|inactive|Battle timer is ON: inactive players will automatically lose when time's up. (requested by MangledGalah)\nactuary97 has agreed to open team sheets.\n|inactive|actuary97 has 60 seconds left.\n|\n|t:|1717198294\n|start\n|switch|p1a: Kyogre|Kyogre, L50|100\/100\n|switch|p1b: Araquanid|Araquanid, L50, M, shiny|100\/100\n|switch|p2a: Tornadus|Tornadus, L50, M|100\/100\n|switch|p2b: Entei|Entei, L50|100\/100\n|-weather|RainDance|[from] ability: Drizzle|[of] p1a: Kyogre\n|turn|1\n|j| BouncyPudding\n|\n|t:|1717198309\n|-terastallize|p2b: Entei|Normal\n|move|p2b: Entei|Extreme Speed|p1a: Kyogre\n|-damage|p1a: Kyogre|42\/100\n|move|p2a: Tornadus|Taunt|p1b: Araquanid\n|-start|p1b: Araquanid|move: Taunt\n|move|p1a: Kyogre|Calm Mind|p1a: Kyogre\n|-boost|p1a: Kyogre|spa|1\n|-boost|p1a: Kyogre|spd|1\n|move|p1b: Araquanid|Liquidation|p2b: Entei\n|-damage|p2b: Entei|23\/100\n|\n|-weather|RainDance|[upkeep]\n|upkeep\n|turn|2\n|\n|t:|1717198324\n|switch|p1b: Comfey|Comfey, L50, M, shiny|100\/100\n|move|p1a: Kyogre|Protect|p1a: Kyogre\n|-singleturn|p1a: Kyogre|Protect\n|move|p2b: Entei|Extreme Speed|p1b: Comfey\n|-damage|p1b: Comfey|34\/100\n|move|p2a: Tornadus|Bleakwind Storm|p1b: Comfey|[spread] p1b\n|-activate|p1a: Kyogre|move: Protect\n|-damage|p1b: Comfey|2\/100\n|\n|-weather|RainDance|[upkeep]\n|upkeep\n|turn|3\n|\n|t:|1717198340\n|move|p1b: Comfey|Floral Healing|p1a: Kyogre\n|-heal|p1a: Kyogre|92\/100\n|move|p2b: Entei|Extreme Speed|p1a: Kyogre\n|-crit|p1a: Kyogre\n|-damage|p1a: Kyogre|7\/100\n|move|p2a: Tornadus|Bleakwind Storm|p1b: Comfey|[spread] p1a,p1b\n|-damage|p1a: Kyogre|0 fnt\n|-damage|p1b: Comfey|0 fnt\n|faint|p1a: Kyogre\n|faint|p1b: Comfey\n|\n|-weather|RainDance|[upkeep]\n|upkeep\n|c|\u2606actuary97|damn\n|\n|t:|1717198356\n|switch|p1b: Moltres|Moltres-Galar, L50, shiny|100\/100\n|switch|p1a: Araquanid|Araquanid, L50, M, shiny|100\/100\n|turn|4\n|\n|t:|1717198366\n|move|p1a: Araquanid|Wide Guard|p1a: Araquanid\n|-singleturn|p1a: Araquanid|Wide Guard\n|move|p2b: Entei|Extreme Speed|p1a: Araquanid\n|-damage|p1a: Araquanid|40\/100\n|-enditem|p1a: Araquanid|Sitrus Berry|[eat]\n|-heal|p1a: Araquanid|64\/100|[from] item: Sitrus Berry\n|move|p2a: Tornadus|Tailwind|p2a: Tornadus\n|-sidestart|p2: MangledGalah|move: Tailwind\n|move|p1b: Moltres|Snarl|p2a: Tornadus|[spread] p2a,p2b\n|-damage|p2a: Tornadus|84\/100\n|-damage|p2b: Entei|9\/100\n|-unboost|p2b: Entei|spa|1\n|-enditem|p1b: Moltres|Throat Spray\n|-boost|p1b: Moltres|spa|1|[from] item: Throat Spray\n|\n|-weather|RainDance|[upkeep]\n|upkeep\n|turn|5\n|\n|t:|1717198380\n|move|p2b: Entei|Extreme Speed|p1b: Moltres\n|-damage|p1b: Moltres|42\/100\n|-ability|p1b: Moltres|Berserk|boost\n|-boost|p1b: Moltres|spa|1\n|move|p2a: Tornadus|Taunt|p1a: Araquanid\n|-start|p1a: Araquanid|move: Taunt\n|move|p1b: Moltres|Hurricane|p2a: Tornadus\n|-damage|p2a: Tornadus|0 fnt\n|faint|p2a: Tornadus\n|move|p1a: Araquanid|Leech Life|p2b: Entei\n|-damage|p2b: Entei|0 fnt\n|-heal|p1a: Araquanid|70\/100|[from] drain|[of] p2b: Entei\n|faint|p2b: Entei\n|\n|-weather|none\n|upkeep\n|\n|t:|1717198385\n|switch|p2a: Calyrex|Calyrex-Shadow, L50|100\/100\n|switch|p2b: Urshifu|Urshifu-Rapid-Strike, L50, M|100\/100\n|-ability|p2a: Calyrex|As One\n|-ability|p2a: Calyrex|Unnerve\n|turn|6\n|\n|t:|1717198396\n|move|p2b: Urshifu|Surging Strikes|p1b: Moltres\n|-crit|p1b: Moltres\n|-damage|p1b: Moltres|20\/100\n|-crit|p1b: Moltres\n|-damage|p1b: Moltres|0 fnt\n|faint|p1b: Moltres\n|-hitcount|p1: Moltres|2\n|move|p2a: Calyrex|Astral Barrage|p1a: Araquanid\n|-damage|p1a: Araquanid|11\/100\n|move|p1a: Araquanid|Leech Life|p2a: Calyrex\n|-damage|p2a: Calyrex|71\/100\n|-heal|p1a: Araquanid|26\/100|[from] drain|[of] p2a: Calyrex\n|\n|upkeep\n|turn|7\n|\n|t:|1717198405\n|move|p2b: Urshifu|Surging Strikes|p1a: Araquanid\n|-resisted|p1a: Araquanid\n|-crit|p1a: Araquanid\n|-damage|p1a: Araquanid|15\/100\n|-resisted|p1a: Araquanid\n|-crit|p1a: Araquanid\n|-damage|p1a: Araquanid|4\/100\n|-resisted|p1a: Araquanid\n|-crit|p1a: Araquanid\n|-damage|p1a: Araquanid|0 fnt\n|faint|p1a: Araquanid\n|-hitcount|p1: Araquanid|3\n|\n|win|MangledGalah\n|raw|actuary97's rating: 1739 &rarr; <strong>1714<\/strong><br \/>(-25 for losing)\n|raw|MangledGalah's rating: 1654 &rarr; <strong>1679<\/strong><br \/>(+25 for winning)\n|l|\u2606MangledGalah\n|player|p2|\n|l|\u2606actuary97\n|player|p1|\n","uploadtime":1717198657,"views":25,"formatid":"gen9vgc2024regg","rating":1679,"private":0,"password":null}