{"id":"gen9vgc2024regg-2134621037","format":"[Gen 9] VGC 2024 Reg G","players":["Kqochenekwj","Spottedwoot"],"log":"|j|\u2606Kqochenekwj\n|j|\u2606Spottedwoot\n|t:|1717212661\n|gametype|doubles\n|player|p1|Kqochenekwj|scientist|1679\n|player|p2|Spottedwoot|169|1715\n|teamsize|p1|6\n|teamsize|p2|6\n|gen|9\n|tier|[Gen 9] VGC 2024 Reg G\n|rated|\n|rule|Species Clause: Limit one of each Pok\u00e9mon\n|rule|Item Clause: Limit one of each item\n|clearpoke\n|poke|p1|Sneasler, L50, M|\n|poke|p1|Indeedee-F, L50, F|\n|poke|p1|Tyranitar, L50, M|\n|poke|p1|Excadrill, L50, M|\n|poke|p1|Calyrex-Ice, L50|\n|poke|p1|Suicune, L50|\n|poke|p2|Miraidon, L50|\n|poke|p2|Whimsicott, L50, F|\n|poke|p2|Chi-Yu, L50|\n|poke|p2|Urshifu-*, L50, F|\n|poke|p2|Flutter Mane, L50|\n|poke|p2|Kingambit, L50, F|\n|teampreview|4\n|inactive|Battle timer is ON: inactive players will automatically lose when time's up. (requested by Kqochenekwj)\n|\n|t:|1717212676\n|start\n|switch|p1a: Sneasler|Sneasler, L50, M, shiny|100\/100\n|switch|p1b: Indeedee|Indeedee-F, L50, F|100\/100\n|switch|p2a: Miraidon|Miraidon, L50|100\/100\n|switch|p2b: Urshifu|Urshifu-Rapid-Strike, L50, F|100\/100\n|-fieldstart|move: Electric Terrain|[from] ability: Hadron Engine|[of] p2a: Miraidon\n|-fieldstart|move: Psychic Terrain|[from] ability: Psychic Surge|[of] p1b: Indeedee\n|-enditem|p1a: Sneasler|Psychic Seed\n|-boost|p1a: Sneasler|spd|1|[from] item: Psychic Seed\n|turn|1\n|\n|t:|1717212691\n|move|p1b: Indeedee|Follow Me|p1b: Indeedee\n|-singleturn|p1b: Indeedee|move: Follow Me\n|move|p1a: Sneasler|Dire Claw|p2b: Urshifu\n|-damage|p2b: Urshifu|54\/100\n|-status|p2b: Urshifu|slp\n|cant|p2b: Urshifu|slp\n|move|p2a: Miraidon|Volt Switch|p1b: Indeedee\n|-damage|p1b: Indeedee|54\/100\n|\n|t:|1717212697\n|switch|p2a: Chi-Yu|Chi-Yu, L50|100\/100|[from] Volt Switch\n|-ability|p2a: Chi-Yu|Beads of Ruin\n|\n|upkeep\n|turn|2\n|j| dinglustan\n|\n|t:|1717212714\n|-terastallize|p2a: Chi-Yu|Fire\n|move|p1a: Sneasler|Close Combat|p2b: Urshifu\n|-damage|p2b: Urshifu|0 fnt\n|-unboost|p1a: Sneasler|def|1\n|-unboost|p1a: Sneasler|spd|1\n|faint|p2b: Urshifu\n|move|p2a: Chi-Yu|Heat Wave|p1b: Indeedee|[spread] p1a,p1b\n|-damage|p1a: Sneasler|15\/100\n|-damage|p1b: Indeedee|0 fnt\n|faint|p1b: Indeedee\n|\n|upkeep\n|\n|t:|1717212730\n|switch|p2b: Kingambit|Kingambit, L50, F|100\/100\n|switch|p1b: Excadrill|Excadrill, L50, M, shiny|100\/100\n|turn|3\n|\n|t:|1717212738\n|switch|p2b: Miraidon|Miraidon, L50|100\/100\n|-fieldstart|move: Electric Terrain|[from] ability: Hadron Engine|[of] p2b: Miraidon\n|move|p1a: Sneasler|Coaching|p1b: Excadrill\n|-boost|p1b: Excadrill|atk|1\n|-boost|p1b: Excadrill|def|1\n|move|p2a: Chi-Yu|Heat Wave|p1b: Excadrill|[spread] p1a,p1b\n|-supereffective|p1b: Excadrill\n|-damage|p1a: Sneasler|0 fnt\n|-enditem|p1b: Excadrill|Focus Sash\n|-damage|p1b: Excadrill|1\/100\n|faint|p1a: Sneasler\n|move|p1b: Excadrill|Earthquake|p2b: Miraidon|[spread] p2a,p2b\n|-supereffective|p2a: Chi-Yu\n|-supereffective|p2b: Miraidon\n|-enditem|p2a: Chi-Yu|Focus Sash\n|-damage|p2a: Chi-Yu|1\/100\n|-damage|p2b: Miraidon|0 fnt\n|faint|p2b: Miraidon\n|\n|upkeep\n|\n|t:|1717212757\n|switch|p2b: Kingambit|Kingambit, L50, F|100\/100\n|switch|p1a: Calyrex|Calyrex-Ice, L50|100\/100\n|-ability|p1a: Calyrex|As One\n|-ability|p1a: Calyrex|Unnerve\n|turn|4\n|\n|t:|1717212764\n|-terastallize|p1a: Calyrex|Fairy\n|move|p1b: Excadrill|Protect|p1b: Excadrill\n|-singleturn|p1b: Excadrill|Protect\n|move|p2b: Kingambit|Sucker Punch||[still]\n|-fail|p2b: Kingambit\n|move|p2a: Chi-Yu|Overheat|p1a: Calyrex\n|-damage|p1a: Calyrex|43\/100\n|-unboost|p2a: Chi-Yu|spa|2\n|move|p1a: Calyrex|Glacial Lance|p2a: Chi-Yu|[spread] p2a,p2b\n|-resisted|p2a: Chi-Yu\n|-resisted|p2b: Kingambit\n|-damage|p2a: Chi-Yu|0 fnt\n|-damage|p2b: Kingambit|80\/100\n|faint|p2a: Chi-Yu\n|-ability|p1a: Calyrex|Chilling Neigh|boost\n|-boost|p1a: Calyrex|atk|1\n|\n|upkeep\n|turn|5\n|\n|t:|1717212781\n|move|p1b: Excadrill|Iron Head|p2b: Kingambit\n|-resisted|p2b: Kingambit\n|-damage|p2b: Kingambit|49\/100\n|move|p2b: Kingambit|Iron Head|p1a: Calyrex\n|-supereffective|p1a: Calyrex\n|-damage|p1a: Calyrex|0 fnt\n|faint|p1a: Calyrex\n|\n|upkeep\n|turn|6\n|\n|t:|1717212788\n|move|p2b: Kingambit|Sucker Punch||[still]\n|-fail|p2b: Kingambit\n|move|p1b: Excadrill|Swords Dance|p1b: Excadrill\n|-boost|p1b: Excadrill|atk|2\n|\n|upkeep\n|turn|7\n|\n|t:|1717212792\n|move|p2b: Kingambit|Sucker Punch||[still]\n|-fail|p2b: Kingambit\n|move|p1b: Excadrill|Swords Dance|p1b: Excadrill\n|-boost|p1b: Excadrill|atk|2\n|\n|-fieldend|move: Electric Terrain\n|upkeep\n|turn|8\n|\n|t:|1717212794\n|move|p1b: Excadrill|Protect|p1b: Excadrill\n|-singleturn|p1b: Excadrill|Protect\n|move|p2b: Kingambit|Sucker Punch||[still]\n|-fail|p2b: Kingambit\n|\n|upkeep\n|turn|9\n|\n|t:|1717212799\n|move|p1b: Excadrill|Earthquake|p2b: Kingambit\n|-supereffective|p2b: Kingambit\n|-damage|p2b: Kingambit|0 fnt\n|faint|p2b: Kingambit\n|\n|win|Kqochenekwj\n|raw|Kqochenekwj's rating: 1679 &rarr; <strong>1701<\/strong><br \/>(+22 for winning)\n|raw|Spottedwoot's rating: 1715 &rarr; <strong>1693<\/strong><br \/>(-22 for losing)\n|l|\u2606Spottedwoot\n|player|p2|\n|c|\u2606Kqochenekwj|Lol\n|j| im dumb srly\n|l|\u2606Kqochenekwj\n|player|p1|\n|l| dinglustan\n|l| im dumb srly\n","uploadtime":1717213042,"views":37,"formatid":"gen9vgc2024regg","rating":1693,"private":0,"password":null}