{"id":"gen9vgc2024regg-2134446797","format":"[Gen 9] VGC 2024 Reg G","players":["Crifab93","Kqochenekwj"],"log":"|j|\u2606Crifab93\n|j|\u2606Kqochenekwj\n|t:|1717188959\n|gametype|doubles\n|player|p1|Crifab93|n|1717\n|player|p2|Kqochenekwj|scientist|1705\n|teamsize|p1|6\n|teamsize|p2|6\n|gen|9\n|tier|[Gen 9] VGC 2024 Reg G\n|rated|\n|rule|Species Clause: Limit one of each Pok\u00e9mon\n|rule|Item Clause: Limit one of each item\n|clearpoke\n|poke|p1|Calyrex-Shadow, L50|\n|poke|p1|Indeedee-F, L50, F|\n|poke|p1|Urshifu-*, L50, M|\n|poke|p1|Tornadus, L50, M|\n|poke|p1|Mienshao, L50, M|\n|poke|p1|Chi-Yu, L50|\n|poke|p2|Sneasler, L50, M|\n|poke|p2|Indeedee-F, L50, F|\n|poke|p2|Tyranitar, L50, M|\n|poke|p2|Excadrill, L50, F|\n|poke|p2|Calyrex-Ice, L50|\n|poke|p2|Suicune, L50|\n|teampreview|4\n|inactive|Battle timer is ON: inactive players will automatically lose when time's up. (requested by Kqochenekwj)\n|inactive|Crifab93 has 60 seconds left.\n|\n|t:|1717189008\n|start\n|switch|p1a: Indeedee|Indeedee-F, L50, F|100\/100\n|switch|p1b: Chi-Yu|Chi-Yu, L50|100\/100\n|switch|p2a: Indeedee|Indeedee-F, L50, F|100\/100\n|switch|p2b: Tyranitar|Tyranitar, L50, M, shiny|100\/100\n|-ability|p1b: Chi-Yu|Beads of Ruin\n|-fieldstart|move: Psychic Terrain|[from] ability: Psychic Surge|[of] p2a: Indeedee\n|-enditem|p1a: Indeedee|Psychic Seed\n|-boost|p1a: Indeedee|spd|1|[from] item: Psychic Seed\n|-weather|Sandstorm|[from] ability: Sand Stream|[of] p2b: Tyranitar\n|turn|1\n|\n|t:|1717189023\n|move|p1b: Chi-Yu|Dark Pulse|p2a: Indeedee\n|-supereffective|p2a: Indeedee\n|-damage|p2a: Indeedee|0 fnt\n|faint|p2a: Indeedee\n|move|p1a: Indeedee|Imprison|p1a: Indeedee\n|-start|p1a: Indeedee|move: Imprison\n|move|p2b: Tyranitar|Rock Slide|p1a: Indeedee|[spread] p1a,p1b\n|-supereffective|p1b: Chi-Yu\n|-damage|p1a: Indeedee|72\/100\n|-damage|p1b: Chi-Yu|2\/100\n|\n|-weather|Sandstorm|[upkeep]\n|-damage|p1b: Chi-Yu|0 fnt|[from] Sandstorm\n|-damage|p1a: Indeedee|65\/100|[from] Sandstorm\n|faint|p1b: Chi-Yu\n|upkeep\n|\n|t:|1717189035\n|switch|p1b: Calyrex|Calyrex-Shadow, L50|100\/100\n|switch|p2a: Excadrill|Excadrill, L50, F, shiny|100\/100\n|-ability|p1b: Calyrex|As One\n|-ability|p1b: Calyrex|Unnerve\n|turn|2\n|\n|t:|1717189041\n|move|p2b: Tyranitar|Protect|p2b: Tyranitar\n|-singleturn|p2b: Tyranitar|Protect\n|move|p1a: Indeedee|Follow Me|p1a: Indeedee\n|-singleturn|p1a: Indeedee|move: Follow Me\n|move|p2a: Excadrill|Earthquake|p1b: Calyrex|[spread] p1a,p1b\n|-activate|p2b: Tyranitar|move: Protect\n|-damage|p1a: Indeedee|25\/100\n|-damage|p1b: Calyrex|58\/100\n|move|p1b: Calyrex|Nasty Plot|p1b: Calyrex\n|-boost|p1b: Calyrex|spa|2\n|\n|-weather|Sandstorm|[upkeep]\n|-damage|p1b: Calyrex|52\/100|[from] Sandstorm\n|-damage|p1a: Indeedee|19\/100|[from] Sandstorm\n|upkeep\n|turn|3\n|inactive|Kqochenekwj has 30 seconds left.\n|\n|t:|1717189071\n|-terastallize|p2b: Tyranitar|Flying\n|move|p1b: Calyrex|Protect|p1b: Calyrex\n|-singleturn|p1b: Calyrex|Protect\n|move|p2a: Excadrill|Earthquake|p1a: Indeedee|[spread] p1a\n|-activate|p1b: Calyrex|move: Protect\n|-immune|p2b: Tyranitar\n|-damage|p1a: Indeedee|0 fnt\n|faint|p1a: Indeedee\n|move|p2b: Tyranitar|Knock Off|p1b: Calyrex\n|-activate|p1b: Calyrex|move: Protect\n|\n|-weather|Sandstorm|[upkeep]\n|-damage|p1b: Calyrex|46\/100|[from] Sandstorm\n|-damage|p2b: Tyranitar|95\/100|[from] Sandstorm\n|-enditem|p1b: Calyrex|Sitrus Berry|[eat]\n|-heal|p1b: Calyrex|71\/100|[from] item: Sitrus Berry\n|upkeep\n|\n|t:|1717189074\n|switch|p1a: Tornadus|Tornadus, L50, M|100\/100\n|turn|4\n|\n|t:|1717189087\n|move|p1a: Tornadus|Rain Dance|p1a: Tornadus\n|-weather|RainDance\n|move|p1b: Calyrex|Astral Barrage|p2b: Tyranitar|[spread] p2a,p2b\n|-enditem|p2a: Excadrill|Focus Sash\n|-damage|p2a: Excadrill|1\/100\n|-damage|p2b: Tyranitar|12\/100\n|move|p2a: Excadrill|Earthquake|p1a: Tornadus|[spread] p1b\n|-immune|p2b: Tyranitar\n|-immune|p1a: Tornadus\n|-damage|p1b: Calyrex|24\/100\n|move|p2b: Tyranitar|Rock Slide|p1a: Tornadus|[spread] p1a,p1b\n|-supereffective|p1a: Tornadus\n|-damage|p1a: Tornadus|45\/100\n|-damage|p1b: Calyrex|0 fnt\n|faint|p1b: Calyrex\n|\n|-weather|RainDance|[upkeep]\n|upkeep\n|turn|5\n|inactive|Kqochenekwj has 30 seconds left.\n|inactive|Kqochenekwj has 20 seconds left.\n|\n|t:|1717189125\n|move|p2b: Tyranitar|Protect|p2b: Tyranitar\n|-singleturn|p2b: Tyranitar|Protect\n|move|p2a: Excadrill|Iron Head|p1a: Tornadus\n|-damage|p1a: Tornadus|1\/100\n|move|p1a: Tornadus|Bleakwind Storm|p2b: Tyranitar|[spread] p2a\n|-activate|p2b: Tyranitar|move: Protect\n|-resisted|p2a: Excadrill\n|-damage|p2a: Excadrill|0 fnt\n|faint|p2a: Excadrill\n|\n|-weather|RainDance|[upkeep]\n|-fieldend|move: Psychic Terrain\n|upkeep\n|-message|Crifab93 forfeited.\n|\n|win|Kqochenekwj\n|raw|Crifab93's rating: 1717 &rarr; <strong>1696<\/strong><br \/>(-21 for losing)\n|raw|Kqochenekwj's rating: 1705 &rarr; <strong>1726<\/strong><br \/>(+21 for winning)\n|l|\u2606Crifab93\n|player|p1|\n|l|\u2606Kqochenekwj\n|player|p2|\n","uploadtime":1717189286,"views":73,"formatid":"gen9vgc2024regg","rating":1696,"private":0,"password":null}