{"id":"gen9vgc2024regg-2134450372","format":"[Gen 9] VGC 2024 Reg G","players":["Lilherc","Crifab93"],"log":"|j|\u2606Lilherc\n|j|\u2606Crifab93\n|t:|1717189367\n|gametype|doubles\n|player|p1|Lilherc|266|1761\n|player|p2|Crifab93|n|1707\n|teamsize|p1|6\n|teamsize|p2|6\n|gen|9\n|tier|[Gen 9] VGC 2024 Reg G\n|rated|\n|rule|Species Clause: Limit one of each Pok\u00e9mon\n|rule|Item Clause: Limit one of each item\n|clearpoke\n|poke|p1|Miraidon, L50|\n|poke|p1|Rillaboom, L50, F|\n|poke|p1|Comfey, L50, F|\n|poke|p1|Annihilape, L50, F|\n|poke|p1|Sableye, L50, M|\n|poke|p1|Maushold, L50|\n|poke|p2|Calyrex-Shadow, L50|\n|poke|p2|Indeedee-F, L50, F|\n|poke|p2|Urshifu-*, L50, F|\n|poke|p2|Tornadus, L50, M|\n|poke|p2|Mienshao, L50, F|\n|poke|p2|Chi-Yu, L50|\n|teampreview|4\n|\n|t:|1717189382\n|start\n|switch|p1a: Maushold|Maushold, L50|100\/100\n|switch|p1b: Sableye|Sableye, L50, M|100\/100\n|switch|p2a: Indeedee|Indeedee-F, L50, F|100\/100\n|switch|p2b: Calyrex|Calyrex-Shadow, L50|100\/100\n|-ability|p2b: Calyrex|As One\n|-ability|p2b: Calyrex|Unnerve\n|-fieldstart|move: Psychic Terrain|[from] ability: Psychic Surge|[of] p2a: Indeedee\n|-enditem|p2a: Indeedee|Psychic Seed\n|-boost|p2a: Indeedee|spd|1|[from] item: Psychic Seed\n|turn|1\n|\n|t:|1717189392\n|move|p2a: Indeedee|Follow Me|p2a: Indeedee\n|-singleturn|p2a: Indeedee|move: Follow Me\n|move|p1b: Sableye|Light Screen|p1b: Sableye\n|-sidestart|p1: Lilherc|move: Light Screen\n|move|p2b: Calyrex|Nasty Plot|p2b: Calyrex\n|-boost|p2b: Calyrex|spa|2\n|move|p1a: Maushold|Population Bomb|p2a: Indeedee\n|-damage|p2a: Indeedee|92\/100\n|-damage|p2a: Indeedee|84\/100\n|-damage|p2a: Indeedee|75\/100\n|-damage|p2a: Indeedee|66\/100\n|-crit|p2a: Indeedee\n|-damage|p2a: Indeedee|52\/100\n|-damage|p2a: Indeedee|43\/100\n|-damage|p2a: Indeedee|35\/100\n|-damage|p2a: Indeedee|26\/100\n|-damage|p2a: Indeedee|17\/100\n|-damage|p2a: Indeedee|8\/100\n|-hitcount|p2a: Indeedee|10\n|\n|upkeep\n|turn|2\n|\n|t:|1717189427\n|switch|p2a: Chi-Yu|Chi-Yu, L50|100\/100\n|-ability|p2a: Chi-Yu|Beads of Ruin\n|move|p2b: Calyrex|Protect|p2b: Calyrex\n|-singleturn|p2b: Calyrex|Protect\n|move|p1b: Sableye|Will-O-Wisp|p2b: Calyrex\n|-activate|p2b: Calyrex|move: Psychic Terrain\n|move|p1a: Maushold|Beat Up|p2b: Calyrex\n|-activate|p2b: Calyrex|move: Protect\n|\n|upkeep\n|turn|3\n|\n|t:|1717189443\n|switch|p1a: Miraidon|Miraidon, L50|100\/100\n|-fieldstart|move: Electric Terrain|[from] ability: Hadron Engine|[of] p1a: Miraidon\n|switch|p2a: Indeedee|Indeedee-F, L50, F|8\/100\n|-fieldstart|move: Psychic Terrain|[from] ability: Psychic Surge|[of] p2a: Indeedee\n|-terastallize|p2b: Calyrex|Fairy\n|move|p1b: Sableye|Encore|p2b: Calyrex\n|-activate|p2b: Calyrex|move: Psychic Terrain\n|move|p2b: Calyrex|Draining Kiss|p1b: Sableye\n|-supereffective|p1b: Sableye\n|-damage|p1b: Sableye|0 fnt\n|faint|p1b: Sableye\n|-ability|p2b: Calyrex|Grim Neigh|boost\n|-boost|p2b: Calyrex|spa|1\n|\n|upkeep\n|\n|t:|1717189461\n|switch|p1b: Comfey|Comfey, L50, F|100\/100\n|turn|4\n|j| Trajan29\n|\n|t:|1717189473\n|move|p1b: Comfey|Draining Kiss|p2a: Indeedee\n|-activate|p2a: Indeedee|move: Psychic Terrain\n|move|p2b: Calyrex|Astral Barrage|p1a: Miraidon|[spread] p1a,p1b\n|-crit|p1a: Miraidon\n|-damage|p1a: Miraidon|0 fnt\n|-damage|p1b: Comfey|23\/100\n|faint|p1a: Miraidon\n|-ability|p2b: Calyrex|Grim Neigh|boost\n|-boost|p2b: Calyrex|spa|1\n|move|p2a: Indeedee|Imprison|p2a: Indeedee\n|-start|p2a: Indeedee|move: Imprison\n|\n|upkeep\n|\n|t:|1717189477\n|switch|p1a: Maushold|Maushold, L50|100\/100\n|turn|5\n|-message|Lilherc forfeited.\n|\n|win|Crifab93\n|raw|Lilherc's rating: 1761 &rarr; <strong>1738<\/strong><br \/>(-23 for losing)\n|raw|Crifab93's rating: 1707 &rarr; <strong>1730<\/strong><br \/>(+23 for winning)\n|l|\u2606Lilherc\n|player|p1|\n|l|\u2606Crifab93\n|player|p2|\n|l| Trajan29\n","uploadtime":1717189706,"views":87,"formatid":"gen9vgc2024regg","rating":1730,"private":0,"password":null}