{"id":"gen9vgc2024regg-2134579448","format":"[Gen 9] VGC 2024 Reg G","players":["almota","mocha_06"],"log":"|j|\u2606almota\n|j|\u2606mocha_06\n|t:|1717206603\n|gametype|doubles\n|player|p1|almota|170|1697\n|player|p2|mocha_06|265|1677\n|teamsize|p1|6\n|teamsize|p2|6\n|gen|9\n|tier|[Gen 9] VGC 2024 Reg G\n|rated|\n|rule|Species Clause: Limit one of each Pok\u00e9mon\n|rule|Item Clause: Limit one of each item\n|clearpoke\n|poke|p1|Lugia, L50|\n|poke|p1|Toxapex, L50, F|\n|poke|p1|Glimmora, L50, F|\n|poke|p1|Garganacl, L50, M|\n|poke|p1|Rillaboom, L50, F|\n|poke|p1|Ting-Lu, L50|\n|poke|p2|Kyogre, L50|\n|poke|p2|Tornadus, L50, M|\n|poke|p2|Landorus, L50, M|\n|poke|p2|Urshifu-*, L50, F|\n|poke|p2|Rillaboom, L50, F|\n|poke|p2|Incineroar, L50, M|\n|teampreview|4\nmocha_06 has agreed to open team sheets.\n|inactive|Battle timer is ON: inactive players will automatically lose when time's up. (requested by mocha_06)\n|inactive|mocha_06 has 60 seconds left.\n|\n|t:|1717206641\n|start\n|switch|p1a: Glimmora|Glimmora, L50, F|100\/100\n|switch|p1b: Rillaboom|Rillaboom, L50, F|100\/100\n|switch|p2a: Kyogre|Kyogre, L50|100\/100\n|switch|p2b: Landorus|Landorus, L50, M|100\/100\n|-weather|RainDance|[from] ability: Drizzle|[of] p2a: Kyogre\n|-fieldstart|move: Grassy Terrain|[from] ability: Grassy Surge|[of] p1b: Rillaboom\n|turn|1\n|inactive|almota has 30 seconds left.\n|inactive|almota has 20 seconds left.\n|inactive|almota has 15 seconds left.\n|inactive|almota has 10 seconds left.\n|\n|t:|1717206688\n|-terastallize|p1b: Rillaboom|Fire\n|move|p2a: Kyogre|Protect|p2a: Kyogre\n|-singleturn|p2a: Kyogre|Protect\n|move|p2b: Landorus|Protect|p2b: Landorus\n|-singleturn|p2b: Landorus|Protect\n|move|p1b: Rillaboom|Grassy Glide|p2a: Kyogre\n|-activate|p2a: Kyogre|move: Protect\n|move|p1a: Glimmora|Sludge Bomb|p2a: Kyogre\n|-activate|p2a: Kyogre|move: Protect\n|\n|-weather|RainDance|[upkeep]\n|upkeep\n|turn|2\n|inactive|almota has 30 seconds left.\n|\n|t:|1717206718\n|switch|p1b: Lugia|Lugia, L50|100\/100\n|-terastallize|p2a: Kyogre|Grass\n|move|p2a: Kyogre|Water Spout|p1a: Glimmora|[spread] p1a,p1b\n|-supereffective|p1a: Glimmora\n|-enditem|p1a: Glimmora|Focus Sash\n|-damage|p1a: Glimmora|1\/100\n|-damage|p1b: Lugia|64\/100\n|move|p2b: Landorus|Sandsear Storm|p1b: Lugia|[spread] p1a\n|-immune|p1b: Lugia\n|-supereffective|p1a: Glimmora\n|-damage|p1a: Glimmora|0 fnt\n|faint|p1a: Glimmora\n|\n|-weather|RainDance|[upkeep]\n|-heal|p1b: Lugia|70\/100|[from] item: Leftovers\n|upkeep\n|\n|t:|1717206733\n|switch|p1a: Garganacl|Garganacl, L50, M|100\/100\n|turn|3\n|\n|t:|1717206757\n|move|p1a: Garganacl|Wide Guard|p1a: Garganacl\n|-singleturn|p1a: Garganacl|Wide Guard\n|move|p2a: Kyogre|Water Spout|p1b: Lugia|[spread] \n|-activate|p1a: Garganacl|move: Wide Guard\n|-activate|p1b: Lugia|move: Wide Guard\n|move|p1b: Lugia|Aeroblast|p2a: Kyogre\n|-supereffective|p2a: Kyogre\n|-crit|p2a: Kyogre\n|-damage|p2a: Kyogre|21\/100\n|move|p2b: Landorus|Sandsear Storm|p1a: Garganacl|[spread] \n|-activate|p1a: Garganacl|move: Wide Guard\n|-activate|p1b: Lugia|move: Wide Guard\n|\n|-weather|RainDance|[upkeep]\n|-heal|p2a: Kyogre|27\/100|[from] Grassy Terrain\n|-heal|p1b: Lugia|76\/100|[from] item: Leftovers\n|upkeep\n|turn|4\n|inactive|mocha_06 has 30 seconds left.\n|inactive|almota has 30 seconds left.\n|inactive|mocha_06 has 20 seconds left.\n|\n|t:|1717206796\n|move|p1a: Garganacl|Wide Guard|p1a: Garganacl\n|-singleturn|p1a: Garganacl|Wide Guard\n|move|p2a: Kyogre|Thunder|p1b: Lugia\n|-supereffective|p1b: Lugia\n|-damage|p1b: Lugia|23\/100\n|move|p1b: Lugia|Calm Mind|p1b: Lugia\n|-boost|p1b: Lugia|spa|1\n|-boost|p1b: Lugia|spd|1\n|move|p2b: Landorus|Sandsear Storm|p1a: Garganacl|[spread] \n|-activate|p1a: Garganacl|move: Wide Guard\n|-activate|p1b: Lugia|move: Wide Guard\n|\n|-weather|RainDance|[upkeep]\n|-heal|p2a: Kyogre|33\/100|[from] Grassy Terrain\n|-heal|p1b: Lugia|29\/100|[from] item: Leftovers\n|upkeep\n|turn|5\n|inactive|almota has 30 seconds left.\n|inactive|almota has 20 seconds left.\n|\n|t:|1717206833\n|move|p1a: Garganacl|Wide Guard|p1a: Garganacl\n|-singleturn|p1a: Garganacl|Wide Guard\n|move|p2a: Kyogre|Thunder|p1b: Lugia\n|-supereffective|p1b: Lugia\n|-damage|p1b: Lugia|0 fnt\n|faint|p1b: Lugia\n|move|p2b: Landorus|Sandsear Storm|p1a: Garganacl\n|-activate|p1a: Garganacl|move: Wide Guard\n|\n|-weather|none\n|-heal|p2a: Kyogre|40\/100|[from] Grassy Terrain\n|-fieldend|move: Grassy Terrain\n|upkeep\n|\n|t:|1717206843\n|switch|p1b: Rillaboom|Rillaboom, L50, F, tera:Fire|100\/100\n|-fieldstart|move: Grassy Terrain|[from] ability: Grassy Surge|[of] p1b: Rillaboom\n|turn|6\n|\n|t:|1717206855\n|switch|p2a: Rillaboom|Rillaboom, L50, F|100\/100\n|move|p2b: Landorus|Protect|p2b: Landorus\n|-singleturn|p2b: Landorus|Protect\n|move|p1b: Rillaboom|Fake Out|p2b: Landorus\n|-activate|p2b: Landorus|move: Protect\n|move|p1a: Garganacl|Salt Cure|p2a: Rillaboom\n|-damage|p2a: Rillaboom|87\/100\n|-start|p2a: Rillaboom|Salt Cure\n|\n|-heal|p2a: Rillaboom|93\/100|[from] Grassy Terrain\n|-damage|p2a: Rillaboom|81\/100|[from] Salt Cure\n|upkeep\n|turn|7\n|inactive|mocha_06 has 30 seconds left.\n|\n|t:|1717206886\n|move|p1a: Garganacl|Protect|p1a: Garganacl\n|-singleturn|p1a: Garganacl|Protect\n|move|p2b: Landorus|Sandsear Storm|p1a: Garganacl|[spread] p1b\n|-activate|p1a: Garganacl|move: Protect\n|-supereffective|p1b: Rillaboom\n|-damage|p1b: Rillaboom|0 fnt\n|faint|p1b: Rillaboom\n|move|p2a: Rillaboom|Wood Hammer|p1a: Garganacl\n|-activate|p1a: Garganacl|move: Protect\n|\n|-heal|p2a: Rillaboom|86\/100|[from] Grassy Terrain\n|-damage|p2a: Rillaboom|74\/100|[from] Salt Cure\n|upkeep\n|turn|8\n|-message|almota forfeited.\n|\n|win|mocha_06\n|raw|almota's rating: 1697 &rarr; <strong>1676<\/strong><br \/>(-21 for losing)\n|raw|mocha_06's rating: 1677 &rarr; <strong>1698<\/strong><br \/>(+21 for winning)\n|l|\u2606almota\n|player|p1|\n|c|\u2606mocha_06|gg\n|l|\u2606mocha_06\n|player|p2|\n","uploadtime":1717207099,"views":28,"formatid":"gen9vgc2024regg","rating":1676,"private":0,"password":null}