{"id":"gen9vgc2024regg-2134940601","format":"[Gen 9] VGC 2024 Reg G","players":["code_anish","tempest flute"],"log":"|j|\u2606code_anish\n|j|\u2606tempest flute\n|t:|1717264170\n|gametype|doubles\n|player|p1|code_anish|yellow|1768\n|player|p2|tempest flute|magmasuit|1720\n|teamsize|p1|6\n|teamsize|p2|6\n|gen|9\n|tier|[Gen 9] VGC 2024 Reg G\n|rated|\n|rule|Species Clause: Limit one of each Pok\u00e9mon\n|rule|Item Clause: Limit one of each item\n|clearpoke\n|poke|p1|Terapagos, L50, M|\n|poke|p1|Volcarona, L50, F|\n|poke|p1|Urshifu-*, L50, F|\n|poke|p1|Clefairy, L50, M|\n|poke|p1|Gholdengo, L50|\n|poke|p1|Rillaboom, L50, F|\n|poke|p2|Zacian-*, L50|\n|poke|p2|Whimsicott, L50, F|\n|poke|p2|Chi-Yu, L50|\n|poke|p2|Regidrago, L50|\n|poke|p2|Ogerpon-Wellspring, L50, F|\n|poke|p2|Amoonguss, L50, F|\n|teampreview|4\n|inactive|Battle timer is ON: inactive players will automatically lose when time's up. (requested by tempest flute)\n|inactive|code_anish has 60 seconds left.\n|inactive|tempest flute has 60 seconds left.\n|j| ds des chats\n|inactive|code_anish has 30 seconds left.\n|inactive|tempest flute has 30 seconds left.\n|inactive|code_anish has 20 seconds left.\n|inactive|tempest flute has 20 seconds left.\n|inactive|code_anish has 15 seconds left.\n|inactive|tempest flute has 15 seconds left.\n|inactive|tempest flute has 10 seconds left.\n|inactive|tempest flute has 5 seconds left.\n|\n|t:|1717264258\n|start\n|switch|p1a: Clefairy|Clefairy, L50, M|100\/100\n|switch|p1b: Terapagos|Terapagos, L50, M|100\/100\n|switch|p2a: FREIZA|Whimsicott, L50, F|100\/100\n|switch|p2b: GOKU|Regidrago, L50|100\/100\n|-activate|p1b: Terapagos|ability: Tera Shift\n|detailschange|p1b: Terapagos|Terapagos-Terastal, L50, M\n|-heal|p1b: Terapagos|100\/100|[silent]\n|turn|1\n|\n|t:|1717264282\n|move|p1a: Clefairy|Follow Me|p1a: Clefairy\n|-singleturn|p1a: Clefairy|move: Follow Me\n|move|p2a: FREIZA|Moonblast|p1a: Clefairy\n|-damage|p1a: Clefairy|73\/100\n|-unboost|p1a: Clefairy|spa|1\n|move|p2b: GOKU|Dragon Energy|p1a: Clefairy|[spread] p1b\n|-immune|p1a: Clefairy\n|-activate|p1b: Terapagos|ability: Tera Shell\n|-resisted|p1b: Terapagos\n|-damage|p1b: Terapagos|68\/100\n|-damage|p2b: GOKU|91\/100|[from] item: Life Orb\n|move|p1b: Terapagos|Calm Mind|p1b: Terapagos\n|-boost|p1b: Terapagos|spa|1\n|-boost|p1b: Terapagos|spd|1\n|\n|upkeep\n|turn|2\n|inactive|tempest flute has 30 seconds left.\n|\n|t:|1717264308\n|-terastallize|p1b: Terapagos|Stellar\n|detailschange|p1b: Terapagos|Terapagos-Stellar, L50, M, tera:Stellar\n|-heal|p1b: Terapagos|76\/100|[silent]\n|move|p1a: Clefairy|Follow Me|p1a: Clefairy\n|-singleturn|p1a: Clefairy|move: Follow Me\n|move|p2a: FREIZA|Moonblast|p1a: Clefairy\n|-damage|p1a: Clefairy|41\/100\n|move|p2b: GOKU|Dragon Energy|p1a: Clefairy|[spread] p1b\n|-immune|p1a: Clefairy\n|-damage|p1b: Terapagos|47\/100\n|-damage|p2b: GOKU|81\/100|[from] item: Life Orb\n|move|p1b: Terapagos|Tera Starstorm|p2b: GOKU|[spread] p2a,p2b\n|-damage|p2a: FREIZA|12\/100\n|-damage|p2b: GOKU|22\/100\n|\n|upkeep\n|turn|3\n|inactive|tempest flute has 30 seconds left.\n|\n|t:|1717264338\n|move|p2a: FREIZA|Tailwind|p2a: FREIZA\n|-sidestart|p2: tempest flute|move: Tailwind\n|move|p2b: GOKU|Tera Blast|p1a: Clefairy\n|-damage|p1a: Clefairy|14\/100\n|-damage|p2b: GOKU|12\/100|[from] item: Life Orb\n|move|p1b: Terapagos|Tera Starstorm|p2a: FREIZA|[spread] p2a,p2b\n|-damage|p2a: FREIZA|0 fnt\n|-damage|p2b: GOKU|0 fnt\n|faint|p2a: FREIZA\n|faint|p2b: GOKU\n|move|p1a: Clefairy|Life Dew|p1a: Clefairy|[spread] p1a,p1b\n|-heal|p1a: Clefairy|39\/100\n|-heal|p1b: Terapagos|72\/100\n|\n|upkeep\n|\n|t:|1717264341\n|switch|p2a: FUTURE TRUNKS|Zacian-Crowned, L50|100\/100\n|switch|p2b: VEGETA|Chi-Yu, L50|100\/100\n|-ability|p2b: VEGETA|Beads of Ruin\n|-ability|p2a: FUTURE TRUNKS|Intrepid Sword|boost\n|-boost|p2a: FUTURE TRUNKS|atk|1\n|turn|4\n|inactive|code_anish has 30 seconds left.\n|inactive|tempest flute has 30 seconds left.\n|\n|t:|1717264370\n|move|p1b: Terapagos|Protect|p1b: Terapagos\n|-singleturn|p1b: Terapagos|Protect\n|move|p2b: VEGETA|Heat Wave|p1a: Clefairy|[spread] p1a\n|-activate|p1b: Terapagos|move: Protect\n|-damage|p1a: Clefairy|0 fnt\n|faint|p1a: Clefairy\n|move|p2a: FUTURE TRUNKS|Behemoth Blade|p1b: Terapagos\n|-activate|p1b: Terapagos|move: Protect\n|\n|upkeep\n|\n|t:|1717264374\n|switch|p1a: Volcarona|Volcarona, L50, F|100\/100\n|turn|5\n|\n|t:|1717264394\n|move|p1a: Volcarona|Rage Powder|p1a: Volcarona\n|-singleturn|p1a: Volcarona|move: Rage Powder\n|move|p2b: VEGETA|Heat Wave|p1b: Terapagos|[spread] p1a,p1b\n|-damage|p1a: Volcarona|52\/100\n|-damage|p1b: Terapagos|50\/100\n|move|p2a: FUTURE TRUNKS|Sacred Sword|p1a: Volcarona\n|-resisted|p1a: Volcarona\n|-damage|p1a: Volcarona|29\/100\n|-enditem|p1a: Volcarona|Sitrus Berry|[eat]\n|-heal|p1a: Volcarona|54\/100|[from] item: Sitrus Berry\n|move|p1b: Terapagos|Earth Power|p2b: VEGETA\n|-supereffective|p2b: VEGETA\n|-damage|p2b: VEGETA|0 fnt\n|faint|p2b: VEGETA\n|\n|upkeep\n|turn|6\n|\n|t:|1717264418\n|move|p1a: Volcarona|Rage Powder|p1a: Volcarona\n|-singleturn|p1a: Volcarona|move: Rage Powder\n|move|p2a: FUTURE TRUNKS|Behemoth Blade|p1a: Volcarona\n|-resisted|p1a: Volcarona\n|-damage|p1a: Volcarona|12\/100\n|move|p1b: Terapagos|Tera Starstorm|p2a: FUTURE TRUNKS\n|-damage|p2a: FUTURE TRUNKS|35\/100\n|\n|-sideend|p2: tempest flute|move: Tailwind\n|upkeep\n|turn|7\n|\n|t:|1717264432\n|move|p1a: Volcarona|Rage Powder|p1a: Volcarona\n|-singleturn|p1a: Volcarona|move: Rage Powder\n|move|p2a: FUTURE TRUNKS|Behemoth Blade|p1a: Volcarona\n|-resisted|p1a: Volcarona\n|-damage|p1a: Volcarona|0 fnt\n|faint|p1a: Volcarona\n|move|p1b: Terapagos|Tera Starstorm|p2a: FUTURE TRUNKS\n|-damage|p2a: FUTURE TRUNKS|0 fnt\n|faint|p2a: FUTURE TRUNKS\n|\n|win|code_anish\n|raw|code_anish's rating: 1768 &rarr; <strong>1785<\/strong><br \/>(+17 for winning)\n|raw|tempest flute's rating: 1720 &rarr; <strong>1703<\/strong><br \/>(-17 for losing)\n|l|\u2606tempest flute\n|player|p2|\n|l|\u2606code_anish\n|player|p1|\n|l| ds des chats\n","uploadtime":1717264582,"views":63,"formatid":"gen9vgc2024regg","rating":1703,"private":0,"password":null}