{"id":"gen9vgc2024regg-2134181033","format":"[Gen 9] VGC 2024 Reg G","players":["KarimSa","La voz favorita"],"log":"|j|\u2606KarimSa\n|j|\u2606La voz favorita\n|t:|1717161142\n|gametype|doubles\n|player|p1|KarimSa|169|1656\n|player|p2|La voz favorita|steven|1787\n|teamsize|p1|6\n|teamsize|p2|6\n|gen|9\n|tier|[Gen 9] VGC 2024 Reg G\n|rated|\n|rule|Species Clause: Limit one of each Pok\u00e9mon\n|rule|Item Clause: Limit one of each item\n|clearpoke\n|poke|p1|Calyrex-Shadow, L50|\n|poke|p1|Clefairy, L50, M|\n|poke|p1|Incineroar, L50, M|\n|poke|p1|Tornadus, L50, M|\n|poke|p1|Urshifu-*, L50, M|\n|poke|p1|Rillaboom, L50, M|\n|poke|p2|Zamazenta-*, L50|\n|poke|p2|Grimmsnarl, L50, M|\n|poke|p2|Moltres-Galar, L50|\n|poke|p2|Amoonguss, L50, F|\n|poke|p2|Raging Bolt, L50|\n|poke|p2|Ogerpon-Wellspring, L50, F|\n|teampreview|4\n|\n|t:|1717161183\n|start\n|switch|p1a: Incineroar|Incineroar, L50, M, shiny|100\/100\n|switch|p1b: Rillaboom|Rillaboom, L50, M|100\/100\n|switch|p2a: Grimmsnarl|Grimmsnarl, L50, M, shiny|100\/100\n|switch|p2b: Raging Bolt|Raging Bolt, L50|100\/100\n|-fieldstart|move: Grassy Terrain|[from] ability: Grassy Surge|[of] p1b: Rillaboom\n|-ability|p1a: Incineroar|Intimidate|boost\n|-unboost|p2a: Grimmsnarl|atk|1\n|-unboost|p2b: Raging Bolt|atk|1\n|turn|1\n|\n|t:|1717161215\n|-end|p2b: Raging Bolt|Protosynthesis|[silent]\n|switch|p2b: Zamazenta|Zamazenta-Crowned, L50, shiny|100\/100\n|-ability|p2b: Zamazenta|Dauntless Shield|boost\n|-boost|p2b: Zamazenta|def|1\n|move|p1a: Incineroar|Fake Out|p2a: Grimmsnarl\n|-damage|p2a: Grimmsnarl|90\/100\n|cant|p2a: Grimmsnarl|flinch\n|move|p1b: Rillaboom|Wood Hammer|p2a: Grimmsnarl\n|-damage|p2a: Grimmsnarl|5\/100\n|-damage|p1b: Rillaboom|73\/100|[from] Recoil\n|\n|-heal|p1b: Rillaboom|79\/100|[from] Grassy Terrain\n|-heal|p2a: Grimmsnarl|11\/100|[from] Grassy Terrain\n|upkeep\n|turn|2\n|\n|t:|1717161231\n|switch|p1a: Clefairy|Clefairy, L50, M|100\/100\n|switch|p2a: Moltres|Moltres-Galar, L50, shiny|100\/100\n|move|p2b: Zamazenta|Protect|p2b: Zamazenta\n|-singleturn|p2b: Zamazenta|Protect\n|move|p1b: Rillaboom|Grassy Glide|p2a: Moltres\n|-resisted|p2a: Moltres\n|-damage|p2a: Moltres|80\/100\n|\n|-heal|p1b: Rillaboom|85\/100|[from] Grassy Terrain\n|upkeep\n|turn|3\n|j| jhm88\n|\n|t:|1717161248\n|move|p1a: Clefairy|Protect|p1a: Clefairy\n|-singleturn|p1a: Clefairy|Protect\n|move|p2b: Zamazenta|Body Press|p1b: Rillaboom\n|-damage|p1b: Rillaboom|38\/100\n|move|p2a: Moltres|Nasty Plot|p2a: Moltres\n|-boost|p2a: Moltres|spa|2\n|move|p1b: Rillaboom|U-turn|p2b: Zamazenta\n|-resisted|p2b: Zamazenta\n|-damage|p2b: Zamazenta|98\/100\n|\n|t:|1717161252\n|switch|p1b: Incineroar|Incineroar, L50, M, shiny|100\/100|[from] U-turn\n|-ability|p1b: Incineroar|Intimidate|boost\n|-unboost|p2a: Moltres|atk|1\n|-unboost|p2b: Zamazenta|atk|1\n|\n|-heal|p2b: Zamazenta|100\/100|[from] Grassy Terrain\n|upkeep\n|turn|4\n|\n|t:|1717161281\n|move|p1a: Clefairy|Follow Me|p1a: Clefairy\n|-singleturn|p1a: Clefairy|move: Follow Me\n|move|p2b: Zamazenta|Iron Defense|p2b: Zamazenta\n|-boost|p2b: Zamazenta|def|2\n|move|p2a: Moltres|Nasty Plot|p2a: Moltres\n|-boost|p2a: Moltres|spa|2\n|move|p1b: Incineroar|Will-O-Wisp|p2b: Zamazenta\n|-status|p2b: Zamazenta|brn\n|\n|-damage|p2b: Zamazenta|94\/100 brn|[from] brn\n|upkeep\n|turn|5\n|\n|t:|1717161296\n|switch|p1a: Rillaboom|Rillaboom, L50, M|38\/100\n|move|p2b: Zamazenta|Heavy Slam|p1a: Rillaboom\n|-damage|p1a: Rillaboom|25\/100\n|move|p2a: Moltres|Fiery Wrath|p1b: Incineroar|[spread] p1a,p1b\n|-resisted|p1b: Incineroar\n|-damage|p1a: Rillaboom|0 fnt\n|-damage|p1b: Incineroar|68\/100\n|faint|p1a: Rillaboom\n|move|p1b: Incineroar|Parting Shot|p2a: Moltres\n|-unboost|p2a: Moltres|atk|1\n|-unboost|p2a: Moltres|spa|1\n|\n|t:|1717161304\n|switch|p1b: Calyrex|Calyrex-Shadow, L50|100\/100|[from] Parting Shot\n|-ability|p1b: Calyrex|As One\n|-ability|p1b: Calyrex|Unnerve\n|\n|-heal|p2b: Zamazenta|100\/100 brn|[from] Grassy Terrain\n|-damage|p2b: Zamazenta|94\/100 brn|[from] brn\n|-fieldend|move: Grassy Terrain\n|upkeep\n|\n|t:|1717161306\n|switch|p1a: Incineroar|Incineroar, L50, M, shiny|68\/100\n|-ability|p1a: Incineroar|Intimidate|boost\n|-unboost|p2a: Moltres|atk|1\n|-unboost|p2b: Zamazenta|atk|1\n|turn|6\n|\n|t:|1717161323\n|-terastallize|p1b: Calyrex|Ghost\n|move|p1a: Incineroar|Fake Out|p2a: Moltres\n|-damage|p2a: Moltres|70\/100\n|move|p1b: Calyrex|Astral Barrage|p2b: Zamazenta|[spread] p2a,p2b\n|-resisted|p2a: Moltres\n|-damage|p2a: Moltres|41\/100\n|-damage|p2b: Zamazenta|43\/100 brn\n|-ability|p2a: Moltres|Berserk|boost\n|-boost|p2a: Moltres|spa|1\n|move|p2b: Zamazenta|Body Press|p1a: Incineroar\n|-supereffective|p1a: Incineroar\n|-damage|p1a: Incineroar|0 fnt\n|faint|p1a: Incineroar\n|cant|p2a: Moltres|flinch\n|\n|-damage|p2b: Zamazenta|37\/100 brn|[from] brn\n|upkeep\n|\n|t:|1717161332\n|switch|p1a: Clefairy|Clefairy, L50, M|100\/100\n|turn|7\n|j| takuchyan\n|\n|t:|1717161344\n|move|p1a: Clefairy|Helping Hand|p1b: Calyrex\n|-singleturn|p1b: Calyrex|Helping Hand|[of] p1a: Clefairy\n|move|p1b: Calyrex|Astral Barrage|p2b: Zamazenta|[spread] p2a,p2b\n|-resisted|p2a: Moltres\n|-crit|p2a: Moltres\n|-damage|p2a: Moltres|0 fnt\n|-damage|p2b: Zamazenta|0 fnt\n|faint|p2a: Moltres\n|faint|p2b: Zamazenta\n|-ability|p1b: Calyrex|Grim Neigh|boost\n|-boost|p1b: Calyrex|spa|2\n|\n|upkeep\n|\n|t:|1717161347\n|switch|p2b: Grimmsnarl|Grimmsnarl, L50, M, shiny|11\/100\n|switch|p2a: Raging Bolt|Raging Bolt, L50|100\/100\n|turn|8\n|\n|t:|1717161357\n|move|p1a: Clefairy|Helping Hand|p1b: Calyrex\n|-singleturn|p1b: Calyrex|Helping Hand|[of] p1a: Clefairy\n|move|p2b: Grimmsnarl|Light Screen|p2b: Grimmsnarl\n|-sidestart|p2: La voz favorita|move: Light Screen\n|move|p1b: Calyrex|Astral Barrage|p2a: Raging Bolt|[spread] p2a,p2b\n|-resisted|p2b: Grimmsnarl\n|-damage|p2a: Raging Bolt|22\/100\n|-damage|p2b: Grimmsnarl|0 fnt\n|faint|p2b: Grimmsnarl\n|-ability|p1b: Calyrex|Grim Neigh|boost\n|-boost|p1b: Calyrex|spa|1\n|move|p2a: Raging Bolt|Snarl|p1b: Calyrex|[spread] p1a,p1b\n|-resisted|p1a: Clefairy\n|-supereffective|p1b: Calyrex\n|-damage|p1a: Clefairy|94\/100\n|-damage|p1b: Calyrex|76\/100\n|-unboost|p1a: Clefairy|spa|1\n|-unboost|p1b: Calyrex|spa|1\n|\n|upkeep\n|turn|9\n|-message|La voz favorita forfeited.\n|\n|win|KarimSa\n|raw|KarimSa's rating: 1656 &rarr; <strong>1683<\/strong><br \/>(+27 for winning)\n|raw|La voz favorita's rating: 1787 &rarr; <strong>1760<\/strong><br \/>(-27 for losing)\n|l|\u2606La voz favorita\n|player|p2|\n|l|\u2606KarimSa\n|player|p1|\n","uploadtime":1717161500,"views":93,"formatid":"gen9vgc2024regg","rating":1683,"private":0,"password":null}