{"id":"gen9vgc2024regg-2135907638","format":"[Gen 9] VGC 2024 Reg G","players":["bayo559","caixueying"],"log":"|j|\u2606bayo559\n|j|\u203dcaixueying\n|t:|1717402729\n|gametype|doubles\n|player|p1|bayo559|1|1721\n|player|p2|caixueying|beauty-gen4dp|1713\n|teamsize|p1|6\n|teamsize|p2|6\n|gen|9\n|tier|[Gen 9] VGC 2024 Reg G\n|rated|\n|rule|Species Clause: Limit one of each Pok\u00e9mon\n|rule|Item Clause: Limit one of each item\n|clearpoke\n|poke|p1|Kyogre, L50|\n|poke|p1|Archaludon, L50, F|\n|poke|p1|Landorus, L50, M|\n|poke|p1|Tornadus, L50, M|\n|poke|p1|Indeedee-F, L50, F|\n|poke|p1|Ogerpon, L50, F|\n|poke|p2|Indeedee-F, L50, F|\n|poke|p2|Ursaluna-Bloodmoon, L50, M|\n|poke|p2|Mienshao, L50, F|\n|poke|p2|Torkoal, L50, F|\n|poke|p2|Sinistcha-Masterpiece, L50|\n|poke|p2|Calyrex-Ice, L50|\n|teampreview|4\n|inactive|Battle timer is ON: inactive players will automatically lose when time's up. (requested by caixueying)\n|inactive|bayo559 has 60 seconds left.\n|inactive|caixueying has 60 seconds left.\n|inactive|bayo559 has 30 seconds left.\n|inactive|bayo559 has 20 seconds left.\n|\n|t:|1717402802\n|start\n|switch|p1a: Archaludon|Archaludon, L50, F|100\/100\n|switch|p1b: Indeedee|Indeedee-F, L50, F|100\/100\n|switch|p2a: Mienshao|Mienshao, L50, F|100\/100\n|switch|p2b: Calyrex|Calyrex-Ice, L50|100\/100\n|-ability|p2b: Calyrex|As One\n|-ability|p2b: Calyrex|Unnerve\n|-fieldstart|move: Psychic Terrain|[from] ability: Psychic Surge|[of] p1b: Indeedee\n|-enditem|p1b: Indeedee|Psychic Seed\n|-boost|p1b: Indeedee|spd|1|[from] item: Psychic Seed\n|turn|1\n|inactive|bayo559 has 30 seconds left.\n|inactive|caixueying has 30 seconds left.\n|inactive|bayo559 has 20 seconds left.\n|inactive|bayo559 has 15 seconds left.\n|inactive|bayo559 has 10 seconds left.\n|inactive|bayo559 has 5 seconds left.\n|\n|t:|1717402854\n|-terastallize|p1a: Archaludon|Poison\n|move|p2a: Mienshao|Taunt|p1b: Indeedee\n|-start|p1b: Indeedee|move: Taunt\n|move|p1a: Archaludon|Flash Cannon|p2a: Mienshao\n|-damage|p2a: Mienshao|25\/100\n|move|p1b: Indeedee|Psyshock|p2a: Mienshao\n|-supereffective|p2a: Mienshao\n|-damage|p2a: Mienshao|0 fnt\n|faint|p2a: Mienshao\n|move|p2b: Calyrex|Glacial Lance|p1a: Archaludon|[spread] p1a,p1b\n|-damage|p1a: Archaludon|56\/100\n|-damage|p1b: Indeedee|41\/100\n|-ability|p1a: Archaludon|Stamina|boost\n|-boost|p1a: Archaludon|def|1\n|\n|upkeep\n|\n|t:|1717402869\n|switch|p2a: Torkoal|Torkoal, L50, F|100\/100\n|-weather|SunnyDay|[from] ability: Drought|[of] p2a: Torkoal\n|turn|2\n|inactive|bayo559 has 30 seconds left.\n|\n|t:|1717402897\n|switch|p1b: Kyogre|Kyogre, L50|100\/100\n|-weather|RainDance|[from] ability: Drizzle|[of] p1b: Kyogre\n|move|p1a: Archaludon|Electro Shot||[still]\n|-prepare|p1a: Archaludon|Electro Shot\n|-boost|p1a: Archaludon|spa|1\n|-anim|p1a: Archaludon|Electro Shot|p2b: Calyrex\n|-crit|p2b: Calyrex\n|-damage|p2b: Calyrex|27\/100\n|move|p2a: Torkoal|Weather Ball|p1a: Archaludon\n|-damage|p1a: Archaludon|23\/100\n|-ability|p1a: Archaludon|Stamina|boost\n|-boost|p1a: Archaludon|def|1\n|move|p2b: Calyrex|Trick Room|p2b: Calyrex\n|-fieldstart|move: Trick Room|[of] p2b: Calyrex\n|\n|-weather|RainDance|[upkeep]\n|upkeep\n|turn|3\n|inactive|bayo559 has 30 seconds left.\n|\n|t:|1717402930\n|switch|p2a: Sinistcha|Sinistcha-Masterpiece, L50|100\/100\n|-heal|p2b: Calyrex|51\/100|[from] ability: Hospitality|[of] p2a: Sinistcha\n|move|p2b: Calyrex|Glacial Lance|p1b: Kyogre|[spread] p1a,p1b\n|-crit|p1a: Archaludon\n|-resisted|p1b: Kyogre\n|-damage|p1a: Archaludon|0 fnt\n|-damage|p1b: Kyogre|69\/100\n|faint|p1a: Archaludon\n|-ability|p2b: Calyrex|Chilling Neigh|boost\n|-boost|p2b: Calyrex|atk|1\n|move|p1b: Kyogre|Origin Pulse|p2b: Calyrex|[spread] p2a,p2b\n|-resisted|p2a: Sinistcha\n|-damage|p2a: Sinistcha|36\/100\n|-damage|p2b: Calyrex|0 fnt\n|-enditem|p2a: Sinistcha|Sitrus Berry|[eat]\n|-heal|p2a: Sinistcha|61\/100|[from] item: Sitrus Berry\n|faint|p2b: Calyrex\n|\n|-weather|RainDance|[upkeep]\n|upkeep\n|\n|t:|1717402947\n|switch|p2b: Torkoal|Torkoal, L50, F|100\/100\n|switch|p1a: Tornadus|Tornadus, L50, M|100\/100\n|-weather|SunnyDay|[from] ability: Drought|[of] p2b: Torkoal\n|turn|4\n|\n|t:|1717402964\n|-terastallize|p2b: Torkoal|Grass\n|move|p1a: Tornadus|Rain Dance|p1a: Tornadus\n|-weather|RainDance\n|move|p2b: Torkoal|Weather Ball|p1a: Tornadus\n|-damage|p1a: Tornadus|36\/100\n|move|p2a: Sinistcha|Matcha Gotcha|p1a: Tornadus|[spread] p1a,p1b\n|-resisted|p1a: Tornadus\n|-supereffective|p1b: Kyogre\n|-damage|p1a: Tornadus|20\/100\n|-heal|p2a: Sinistcha|67\/100|[from] drain|[of] p1a: Tornadus\n|-damage|p1b: Kyogre|38\/100\n|-heal|p2a: Sinistcha|84\/100|[from] drain|[of] p1b: Kyogre\n|-status|p1a: Tornadus|brn\n|move|p1b: Kyogre|Origin Pulse|p2a: Sinistcha|[spread] p2a,p2b\n|-resisted|p2a: Sinistcha\n|-resisted|p2b: Torkoal\n|-damage|p2a: Sinistcha|17\/100\n|-damage|p2b: Torkoal|23\/100\n|\n|-weather|RainDance|[upkeep]\n|-damage|p1a: Tornadus|14\/100 brn|[from] brn\n|upkeep\n|turn|5\n|inactive|bayo559 has 30 seconds left.\n|inactive|caixueying has 30 seconds left.\n|inactive|bayo559 has 20 seconds left.\n|inactive|bayo559 has 15 seconds left.\n|inactive|bayo559 has 10 seconds left.\n|\n|t:|1717403011\n|switch|p1b: Indeedee|Indeedee-F, L50, F|41\/100\n|move|p2b: Torkoal|Weather Ball|p1b: Indeedee\n|-damage|p1b: Indeedee|0 fnt\n|faint|p1b: Indeedee\n|move|p2a: Sinistcha|Matcha Gotcha|p1a: Tornadus\n|-resisted|p1a: Tornadus\n|-damage|p1a: Tornadus|0 fnt\n|-heal|p2a: Sinistcha|23\/100|[from] drain|[of] p1a: Tornadus\n|faint|p1a: Tornadus\n|\n|-weather|RainDance|[upkeep]\n|-fieldend|move: Psychic Terrain\n|upkeep\n|\n|t:|1717403018\n|switch|p1a: Kyogre|Kyogre, L50|38\/100\n|turn|6\n|-message|bayo559 forfeited.\n|\n|win|caixueying\n|raw|bayo559's rating: 1721 &rarr; <strong>1701<\/strong><br \/>(-20 for losing)\n|raw|caixueying's rating: 1713 &rarr; <strong>1733<\/strong><br \/>(+20 for winning)\n|l|\u2606bayo559\n|player|p1|\n|l|\u203dcaixueying\n|player|p2|\n","uploadtime":1717403033,"views":35,"formatid":"gen9vgc2024regg","rating":1701,"private":0,"password":null}