{"id":"gen9vgc2024regg-2135075173","format":"[Gen 9] VGC 2024 Reg G","players":["The Umpire","DaleG"],"log":"|j|\u2606The Umpire\n|j|\u2606DaleG\n|t:|1717281156\n|gametype|doubles\n|player|p1|The Umpire|volkner|1656\n|player|p2|DaleG|265|1732\n|teamsize|p1|6\n|teamsize|p2|6\n|gen|9\n|tier|[Gen 9] VGC 2024 Reg G\n|rated|\n|rule|Species Clause: Limit one of each Pok\u00e9mon\n|rule|Item Clause: Limit one of each item\n|clearpoke\n|poke|p1|Calyrex-Ice, L50|\n|poke|p1|Urshifu-*, L50, F|\n|poke|p1|Alcremie, L50, F|\n|poke|p1|Ursaluna-Bloodmoon, L50, M|\n|poke|p1|Farigiraf, L50, F|\n|poke|p1|Smeargle, L50, F|\n|poke|p2|Zamazenta-*, L50|\n|poke|p2|Chien-Pao, L50|\n|poke|p2|Amoonguss, L50, M|\n|poke|p2|Raging Bolt, L50|\n|poke|p2|Entei, L50|\n|poke|p2|Iron Treads, L50|\n|teampreview|4\n|inactive|Battle timer is ON: inactive players will automatically lose when time's up. (requested by DaleG)\n|\n|t:|1717281178\n|start\n|switch|p1a: Calyrex|Calyrex-Ice, L50|100\/100\n|switch|p1b: Smeargle|Smeargle, L50, F|100\/100\n|switch|p2a: Entei|Entei, L50|100\/100\n|switch|p2b: Zamazenta|Zamazenta-Crowned, L50|100\/100\n|-ability|p1a: Calyrex|As One\n|-ability|p1a: Calyrex|Unnerve\n|-ability|p2b: Zamazenta|Dauntless Shield|boost\n|-boost|p2b: Zamazenta|def|1\n|turn|1\n|inactive|DaleG has 30 seconds left.\n|\n|t:|1717281203\n|-terastallize|p1a: Calyrex|Fire\n|move|p1b: Smeargle|Fake Out|p2b: Zamazenta\n|-resisted|p2b: Zamazenta\n|-damage|p2b: Zamazenta|99\/100\n|cant|p2b: Zamazenta|flinch\n|move|p2a: Entei|Sacred Fire|p1a: Calyrex\n|-resisted|p1a: Calyrex\n|-damage|p1a: Calyrex|79\/100\n|-damage|p2a: Entei|91\/100|[from] item: Life Orb\n|move|p1a: Calyrex|Trick Room|p1a: Calyrex\n|-fieldstart|move: Trick Room|[of] p1a: Calyrex\n|\n|upkeep\n|turn|2\n|inactive|DaleG has 30 seconds left.\n|\n|t:|1717281230\n|switch|p2a: Amoonguss|Amoonguss, L50, M|100\/100\n|-terastallize|p2b: Zamazenta|Grass\n|move|p1a: Calyrex|Close Combat|p2b: Zamazenta\n|-damage|p2b: Zamazenta|76\/100\n|-unboost|p1a: Calyrex|def|1\n|-unboost|p1a: Calyrex|spd|1\n|move|p1b: Smeargle|Spore|p2a: Amoonguss\n|-immune|p2a: Amoonguss\n|move|p2b: Zamazenta|Iron Defense|p2b: Zamazenta\n|-boost|p2b: Zamazenta|def|2\n|\n|upkeep\n|turn|3\n|inactive|DaleG has 30 seconds left.\n|\n|t:|1717281260\n|switch|p1a: Ursaluna|Ursaluna-Bloodmoon, L50, M|100\/100\n|move|p2a: Amoonguss|Spore|p1a: Ursaluna\n|-status|p1a: Ursaluna|slp|[from] move: Spore\n|move|p1b: Smeargle|Decorate|p1a: Ursaluna\n|-boost|p1a: Ursaluna|atk|2\n|-boost|p1a: Ursaluna|spa|2\n|move|p2b: Zamazenta|Body Press|p1b: Smeargle\n|-supereffective|p1b: Smeargle\n|-enditem|p1b: Smeargle|Focus Sash\n|-damage|p1b: Smeargle|1\/100\n|\n|upkeep\n|turn|4\n|\n|t:|1717281279\n|move|p1b: Smeargle|Follow Me|p1b: Smeargle\n|-singleturn|p1b: Smeargle|move: Follow Me\n|move|p2a: Amoonguss|Spore|p1b: Smeargle\n|-status|p1b: Smeargle|slp|[from] move: Spore\n|cant|p1a: Ursaluna|slp\n|move|p1a: Ursaluna|Sleep Talk|p1a: Ursaluna\n|move|p1a: Ursaluna|Blood Moon|p2b: Zamazenta|[from]move: Sleep Talk\n|-damage|p2b: Zamazenta|0 fnt\n|faint|p2b: Zamazenta\n|-damage|p1a: Ursaluna|90\/100 slp|[from] item: Life Orb\n|\n|upkeep\n|\n|t:|1717281300\n|switch|p2b: Chien-Pao|Chien-Pao, L50|100\/100\n|-ability|p2b: Chien-Pao|Sword of Ruin\n|turn|5\n|\n|t:|1717281311\n|move|p2a: Amoonguss|Pollen Puff|p1b: Smeargle\n|-damage|p1b: Smeargle|0 fnt\n|faint|p1b: Smeargle\n|-curestatus|p1a: Ursaluna|slp|[msg]\n|move|p1a: Ursaluna|Sleep Talk||[still]\n|-fail|p1a: Ursaluna\n|move|p2b: Chien-Pao|Ice Spinner|p1a: Ursaluna\n|-supereffective|p1a: Ursaluna\n|-damage|p1a: Ursaluna|9\/100\n|\n|-fieldend|move: Trick Room\n|upkeep\n|\n|t:|1717281317\n|switch|p1b: Calyrex|Calyrex-Ice, L50, tera:Fire|79\/100\n|-ability|p1b: Calyrex|As One\n|-ability|p1b: Calyrex|Unnerve\n|turn|6\n|\n|t:|1717281330\n|move|p2b: Chien-Pao|Crunch|p1a: Ursaluna\n|-damage|p1a: Ursaluna|0 fnt\n|faint|p1a: Ursaluna\n|move|p1b: Calyrex|Glacial Lance|p2a: Amoonguss|[spread] p2a,p2b\n|-supereffective|p2a: Amoonguss\n|-resisted|p2b: Chien-Pao\n|-damage|p2a: Amoonguss|0 fnt\n|-damage|p2b: Chien-Pao|57\/100\n|faint|p2a: Amoonguss\n|-ability|p1b: Calyrex|Chilling Neigh|boost\n|-boost|p1b: Calyrex|atk|1\n|\n|upkeep\n|\n|t:|1717281336\n|switch|p1a: Urshifu|Urshifu, L50, F|100\/100\n|switch|p2a: Entei|Entei, L50|91\/100\n|turn|7\n|inactive|DaleG has 30 seconds left.\n|j| Kosta is King\n|inactive|DaleG has 20 seconds left.\n|\n|t:|1717281372\n|move|p2b: Chien-Pao|Crunch|p1b: Calyrex\n|-damage|p1b: Calyrex|40\/100\n|move|p2a: Entei|Stomping Tantrum|p1b: Calyrex\n|-supereffective|p1b: Calyrex\n|-damage|p1b: Calyrex|0 fnt\n|faint|p1b: Calyrex\n|-damage|p2a: Entei|81\/100|[from] item: Life Orb\n|move|p1a: Urshifu|Wicked Blow|p2a: Entei\n|-crit|p2a: Entei\n|-damage|p2a: Entei|0 fnt\n|faint|p2a: Entei\n|\n|upkeep\n|turn|8\n|\n|t:|1717281382\n|move|p2b: Chien-Pao|Ice Spinner|p1a: Urshifu\n|-damage|p1a: Urshifu|51\/100\n|move|p1a: Urshifu|Wicked Blow|p2b: Chien-Pao\n|-resisted|p2b: Chien-Pao\n|-crit|p2b: Chien-Pao\n|-damage|p2b: Chien-Pao|0 fnt\n|faint|p2b: Chien-Pao\n|\n|win|The Umpire\n|raw|The Umpire's rating: 1656 &rarr; <strong>1680<\/strong><br \/>(+24 for winning)\n|raw|DaleG's rating: 1732 &rarr; <strong>1708<\/strong><br \/>(-24 for losing)\n|l|\u2606The Umpire\n|player|p1|\n|l|\u2606DaleG\n|player|p2|\n","uploadtime":1717281548,"views":32,"formatid":"gen9vgc2024regg","rating":1680,"private":0,"password":null}