{"id":"gen9vgc2024regg-2135662725","format":"[Gen 9] VGC 2024 Reg G","players":["AllInternalScreams","CooperKid"],"log":"|j|\u2606AllInternalScreams\n|j|\u2606CooperKid\n|t:|1717365857\n|gametype|doubles\n|player|p1|AllInternalScreams|2|1701\n|player|p2|CooperKid|harlequin|1696\n|teamsize|p1|6\n|teamsize|p2|6\n|gen|9\n|tier|[Gen 9] VGC 2024 Reg G\n|rated|\n|rule|Species Clause: Limit one of each Pok\u00e9mon\n|rule|Item Clause: Limit one of each item\n|clearpoke\n|poke|p1|Dragonite, L50, M|\n|poke|p1|Chien-Pao, L50|\n|poke|p1|Flutter Mane, L50|\n|poke|p1|Entei, L50|\n|poke|p1|Ogerpon-Wellspring, L50, F|\n|poke|p1|Miraidon, L50|\n|poke|p2|Calyrex-Ice, L50|\n|poke|p2|Amoonguss, L50, F|\n|poke|p2|Incineroar, L50, M|\n|poke|p2|Urshifu-*, L50, M|\n|poke|p2|Raging Bolt, L50|\n|poke|p2|Pelipper, L50, F|\n|teampreview|4\n|inactive|Battle timer is ON: inactive players will automatically lose when time's up. (requested by CooperKid)\n|inactive|CooperKid has 60 seconds left.\n|\n|t:|1717365902\n|start\n|switch|p1a: Chien-Pao|Chien-Pao, L50|100\/100\n|switch|p1b: Dragonite|Dragonite, L50, M, shiny|100\/100\n|switch|p2a: Incineroar|Incineroar, L50, M|100\/100\n|switch|p2b: Calyrex|Calyrex-Ice, L50|100\/100\n|-ability|p2b: Calyrex|As One\n|-ability|p2b: Calyrex|Unnerve\n|-ability|p1a: Chien-Pao|Sword of Ruin\n|-ability|p2a: Incineroar|Intimidate|boost\n|-unboost|p1a: Chien-Pao|atk|1\n|-fail|p1b: Dragonite|unboost|Attack|[from] ability: Inner Focus|[of] p1b: Dragonite\n|turn|1\n|\n|t:|1717365927\n|move|p2a: Incineroar|Fake Out|p1a: Chien-Pao\n|-damage|p1a: Chien-Pao|86\/100\n|cant|p1a: Chien-Pao|flinch\n|move|p1b: Dragonite|Outrage|p2b: Calyrex\n|-damage|p2b: Calyrex|8\/100\n|move|p2b: Calyrex|Trick Room|p2b: Calyrex\n|-fieldstart|move: Trick Room|[of] p2b: Calyrex\n|\n|upkeep\n|turn|2\n|\n|t:|1717365944\n|move|p1a: Chien-Pao|Sucker Punch|p2b: Calyrex\n|-supereffective|p2b: Calyrex\n|-damage|p2b: Calyrex|0 fnt\n|faint|p2b: Calyrex\n|move|p2a: Incineroar|Knock Off|p1b: Dragonite\n|-damage|p1b: Dragonite|48\/100\n|-enditem|p1b: Dragonite|Choice Band|[from] move: Knock Off|[of] p2a: Incineroar\n|move|p1b: Dragonite|Outrage|p2a: Incineroar|[from]lockedmove\n|-damage|p2a: Incineroar|24\/100\n|-start|p1b: Dragonite|confusion|[fatigue]\n|\n|upkeep\n|\n|t:|1717365949\n|switch|p2b: Raging Bolt|Raging Bolt, L50|100\/100\n|-enditem|p2b: Raging Bolt|Booster Energy\n|-activate|p2b: Raging Bolt|ability: Protosynthesis|[fromitem]\n|-start|p2b: Raging Bolt|protosynthesisspa\n|turn|3\n|\n|t:|1717365972\n|switch|p1b: Entei|Entei, L50|100\/100\n|-terastallize|p2b: Raging Bolt|Electric\n|move|p1a: Chien-Pao|Protect|p1a: Chien-Pao\n|-singleturn|p1a: Chien-Pao|Protect\n|move|p2a: Incineroar|Parting Shot|p1b: Entei\n|-unboost|p1b: Entei|atk|1\n|-unboost|p1b: Entei|spa|1\n|\n|t:|1717365978\n|switch|p2a: Amoonguss|Amoonguss, L50, F|100\/100|[from] Parting Shot\n|move|p2b: Raging Bolt|Thunderbolt|p1a: Chien-Pao\n|-activate|p1a: Chien-Pao|move: Protect\n|\n|upkeep\n|turn|4\n|\n|t:|1717365996\n|switch|p1a: Miraidon|Miraidon, L50|100\/100\n|-fieldstart|move: Electric Terrain|[from] ability: Hadron Engine|[of] p1a: Miraidon\n|move|p2a: Amoonguss|Spore|p1a: Miraidon\n|-activate|p1a: Miraidon|move: Electric Terrain\n|move|p2b: Raging Bolt|Thunderbolt|p1b: Entei\n|-damage|p1b: Entei|30\/100\n|move|p1b: Entei|Sacred Fire|p2a: Amoonguss\n|-supereffective|p2a: Amoonguss\n|-damage|p2a: Amoonguss|40\/100\n|-enditem|p2a: Amoonguss|Sitrus Berry|[eat]\n|-heal|p2a: Amoonguss|65\/100|[from] item: Sitrus Berry\n|\n|upkeep\n|turn|5\n|\n|t:|1717366014\n|move|p2a: Amoonguss|Protect|p2a: Amoonguss\n|-singleturn|p2a: Amoonguss|Protect\n|move|p1a: Miraidon|Protect|p1a: Miraidon\n|-singleturn|p1a: Miraidon|Protect\n|move|p2b: Raging Bolt|Thunderbolt|p1b: Entei\n|-damage|p1b: Entei|0 fnt\n|faint|p1b: Entei\n|\n|-fieldend|move: Trick Room\n|upkeep\n|\n|t:|1717366022\n|switch|p1b: Dragonite|Dragonite, L50, M, shiny|48\/100\n|turn|6\n|\n|t:|1717366038\n|-terastallize|p1a: Miraidon|Electric\n|move|p2a: Amoonguss|Rage Powder|p2a: Amoonguss\n|-singleturn|p2a: Amoonguss|move: Rage Powder\n|move|p1a: Miraidon|Calm Mind|p1a: Miraidon\n|-boost|p1a: Miraidon|spa|1\n|-boost|p1a: Miraidon|spd|1\n|move|p1b: Dragonite|Outrage|p2a: Amoonguss\n|-damage|p2a: Amoonguss|7\/100\n|move|p2b: Raging Bolt|Thunderbolt|p1b: Dragonite\n|-damage|p1b: Dragonite|0 fnt\n|faint|p1b: Dragonite\n|\n|upkeep\n|\n|t:|1717366049\n|switch|p1b: Chien-Pao|Chien-Pao, L50|86\/100\n|-ability|p1b: Chien-Pao|Sword of Ruin\n|turn|7\n|\n|t:|1717366067\n|switch|p2a: Incineroar|Incineroar, L50, M|24\/100\n|-ability|p2a: Incineroar|Intimidate|boost\n|-unboost|p1a: Miraidon|atk|1\n|-unboost|p1b: Chien-Pao|atk|1\n|move|p2b: Raging Bolt|Protect|p2b: Raging Bolt\n|-singleturn|p2b: Raging Bolt|Protect\n|move|p1a: Miraidon|Dazzling Gleam|p2b: Raging Bolt|[spread] p2a\n|-activate|p2b: Raging Bolt|move: Protect\n|-damage|p2a: Incineroar|0 fnt\n|faint|p2a: Incineroar\n|move|p1b: Chien-Pao|Sacred Sword|p2b: Raging Bolt\n|-activate|p2b: Raging Bolt|move: Protect\n|\n|upkeep\n|\n|t:|1717366079\n|switch|p2a: Amoonguss|Amoonguss, L50, F|40\/100\n|turn|8\n|\n|t:|1717366101\n|move|p1b: Chien-Pao|Protect|p1b: Chien-Pao\n|-singleturn|p1b: Chien-Pao|Protect\n|move|p1a: Miraidon|Calm Mind|p1a: Miraidon\n|-boost|p1a: Miraidon|spa|1\n|-boost|p1a: Miraidon|spd|1\n|move|p2b: Raging Bolt|Thunderbolt|p1b: Chien-Pao\n|-activate|p1b: Chien-Pao|move: Protect\n|move|p2a: Amoonguss|Pollen Puff|p2b: Raging Bolt\n|-immune|p2b: Raging Bolt\n|\n|-fieldend|move: Electric Terrain\n|upkeep\n|turn|9\n|\n|t:|1717366121\n|move|p2b: Raging Bolt|Thunderclap|p1b: Chien-Pao\n|-damage|p1b: Chien-Pao|0 fnt\n|faint|p1b: Chien-Pao\n|move|p1a: Miraidon|Electro Drift|p2a: Amoonguss\n|-resisted|p2a: Amoonguss\n|-damage|p2a: Amoonguss|0 fnt\n|faint|p2a: Amoonguss\n|\n|upkeep\n|turn|10\n|\n|t:|1717366135\n|move|p1a: Miraidon|Electro Drift|p2b: Raging Bolt\n|-resisted|p2b: Raging Bolt\n|-damage|p2b: Raging Bolt|41\/100\n|move|p2b: Raging Bolt|Thunderbolt|p1a: Miraidon\n|-resisted|p1a: Miraidon\n|-damage|p1a: Miraidon|81\/100\n|\n|upkeep\n|turn|11\n|j| IshzarkVGC\n|-message|CooperKid forfeited.\n|\n|win|AllInternalScreams\n|raw|AllInternalScreams's rating: 1701 &rarr; <strong>1721<\/strong><br \/>(+20 for winning)\n|raw|CooperKid's rating: 1696 &rarr; <strong>1676<\/strong><br \/>(-20 for losing)\n|l|\u2606CooperKid\n|player|p2|\n|l|\u2606AllInternalScreams\n|player|p1|\n|l| IshzarkVGC\n","uploadtime":1717366347,"views":21,"formatid":"gen9vgc2024regg","rating":1676,"private":0,"password":null}