{"id":"gen9vgc2024regg-2135576370","format":"[Gen 9] VGC 2024 Reg G","players":["code_anish","DaleG"],"log":"|j|\u2606code_anish\n|j|\u2606DaleG\n|t:|1717355990\n|gametype|doubles\n|player|p1|code_anish|yellow|1848\n|player|p2|DaleG|169|1808\n|teamsize|p1|6\n|teamsize|p2|6\n|gen|9\n|tier|[Gen 9] VGC 2024 Reg G\n|rated|\n|rule|Species Clause: Limit one of each Pok\u00e9mon\n|rule|Item Clause: Limit one of each item\n|clearpoke\n|poke|p1|Calyrex-Ice, L50|\n|poke|p1|Pelipper, L50, F|\n|poke|p1|Landorus, L50, M|\n|poke|p1|Flutter Mane, L50|\n|poke|p1|Amoonguss, L50, F|\n|poke|p1|Rillaboom, L50, M|\n|poke|p2|Zamazenta-*, L50|\n|poke|p2|Chien-Pao, L50|\n|poke|p2|Amoonguss, L50, F|\n|poke|p2|Raging Bolt, L50|\n|poke|p2|Entei, L50|\n|poke|p2|Scream Tail, L50|\n|teampreview|4\ncode_anish has agreed to open team sheets.\n|inactive|Battle timer is ON: inactive players will automatically lose when time's up. (requested by code_anish)\n|\n|t:|1717356052\n|start\n|switch|p1a: Pelipper|Pelipper, L50, F|100\/100\n|switch|p1b: Calyrex|Calyrex-Ice, L50|100\/100\n|switch|p2a: Zamazenta|Zamazenta-Crowned, L50|100\/100\n|switch|p2b: Raging Bolt|Raging Bolt, L50|100\/100\n|-ability|p1b: Calyrex|As One\n|-ability|p1b: Calyrex|Unnerve\n|-ability|p2a: Zamazenta|Dauntless Shield|boost\n|-boost|p2a: Zamazenta|def|1\n|-weather|RainDance|[from] ability: Drizzle|[of] p1a: Pelipper\n|turn|1\n|\n|t:|1717356077\n|move|p2a: Zamazenta|Iron Defense|p2a: Zamazenta\n|-boost|p2a: Zamazenta|def|2\n|move|p1a: Pelipper|Weather Ball|p2a: Zamazenta\n|-damage|p2a: Zamazenta|58\/100\n|move|p2b: Raging Bolt|Discharge|p1b: Calyrex|[spread] p2a,p1a,p1b\n|-supereffective|p1a: Pelipper\n|-damage|p2a: Zamazenta|32\/100\n|-enditem|p1a: Pelipper|Focus Sash\n|-damage|p1a: Pelipper|1\/100\n|-damage|p1b: Calyrex|76\/100\n|move|p1b: Calyrex|Glacial Lance|p2b: Raging Bolt|[spread] p2a,p2b\n|-resisted|p2a: Zamazenta\n|-supereffective|p2b: Raging Bolt\n|-damage|p2a: Zamazenta|25\/100\n|-damage|p2b: Raging Bolt|6\/100\n|\n|-weather|RainDance|[upkeep]\n|upkeep\n|turn|2\n|inactive|DaleG has 30 seconds left.\n|inactive|DaleG has 20 seconds left.\n|inactive|DaleG has 15 seconds left.\n|inactive|DaleG has 10 seconds left.\n|\n|t:|1717356126\n|move|p1b: Calyrex|Protect|p1b: Calyrex\n|-singleturn|p1b: Calyrex|Protect\n|move|p2b: Raging Bolt|Thunderclap||[still]\n|-fail|p2b: Raging Bolt\n|move|p2a: Zamazenta|Body Press|p1b: Calyrex\n|-activate|p1b: Calyrex|move: Protect\n|move|p1a: Pelipper|Tailwind|p1a: Pelipper\n|-sidestart|p1: code_anish|move: Tailwind\n|\n|-weather|RainDance|[upkeep]\n|upkeep\n|turn|3\n|inactive|code_anish has 30 seconds left.\n|\n|t:|1717356152\n|switch|p1a: Landorus|Landorus, L50, M|100\/100\n|switch|p1b: Flutter Mane|Flutter Mane, L50|100\/100\n|-enditem|p1b: Flutter Mane|Booster Energy\n|-activate|p1b: Flutter Mane|ability: Protosynthesis|[fromitem]\n|-start|p1b: Flutter Mane|protosynthesisspe\n|move|p2b: Raging Bolt|Thunderclap||[still]\n|-fail|p2b: Raging Bolt\n|move|p2a: Zamazenta|Body Press|p1b: Flutter Mane\n|-immune|p1b: Flutter Mane\n|\n|-weather|RainDance|[upkeep]\n|upkeep\n|turn|4\n|\n|t:|1717356174\n|move|p2a: Zamazenta|Wide Guard|p2a: Zamazenta\n|-singleturn|p2a: Zamazenta|Wide Guard\n|move|p1b: Flutter Mane|Moonblast|p2a: Zamazenta\n|-damage|p2a: Zamazenta|0 fnt\n|faint|p2a: Zamazenta\n|move|p1a: Landorus|Earth Power|p2b: Raging Bolt\n|-supereffective|p2b: Raging Bolt\n|-damage|p2b: Raging Bolt|0 fnt\n|faint|p2b: Raging Bolt\n|-end|p2b: Raging Bolt|Protosynthesis|[silent]\n|\n|-weather|RainDance|[upkeep]\n|upkeep\n|\n|t:|1717356181\n|switch|p2a: Chien-Pao|Chien-Pao, L50|100\/100\n|switch|p2b: Scream Tail|Scream Tail, L50|100\/100\n|-ability|p2a: Chien-Pao|Sword of Ruin\n|-enditem|p2b: Scream Tail|Booster Energy\n|-activate|p2b: Scream Tail|ability: Protosynthesis|[fromitem]\n|-start|p2b: Scream Tail|protosynthesisspe\n|turn|5\n|inactive|DaleG has 30 seconds left.\n|\n|t:|1717356215\n|-terastallize|p2b: Scream Tail|Grass\n|move|p2a: Chien-Pao|Protect|p2a: Chien-Pao\n|-singleturn|p2a: Chien-Pao|Protect\n|move|p1b: Flutter Mane|Icy Wind|p2b: Scream Tail|[spread] p2b\n|-activate|p2a: Chien-Pao|move: Protect\n|-supereffective|p2b: Scream Tail\n|-damage|p2b: Scream Tail|82\/100\n|-unboost|p2b: Scream Tail|spe|1\n|move|p1a: Landorus|Sandsear Storm|p2b: Scream Tail|[spread] p2b\n|-activate|p2a: Chien-Pao|move: Protect\n|-resisted|p2b: Scream Tail\n|-damage|p2b: Scream Tail|59\/100\n|move|p2b: Scream Tail|Disable|p1b: Flutter Mane\n|-start|p1b: Flutter Mane|Disable|Icy Wind\n|\n|-weather|none\n|-sideend|p1: code_anish|move: Tailwind\n|upkeep\n|turn|6\n|inactive|DaleG has 30 seconds left.\n|\n|t:|1717356241\n|-terastallize|p1a: Landorus|Water\n|move|p1b: Flutter Mane|Moonblast|p2a: Chien-Pao\n|-supereffective|p2a: Chien-Pao\n|-crit|p2a: Chien-Pao\n|-enditem|p2a: Chien-Pao|Focus Sash\n|-damage|p2a: Chien-Pao|1\/100\n|move|p2a: Chien-Pao|Ice Spinner|p1a: Landorus\n|-resisted|p1a: Landorus\n|-damage|p1a: Landorus|67\/100\n|move|p2b: Scream Tail|Encore|p1b: Flutter Mane\n|-start|p1b: Flutter Mane|Encore\n|move|p1a: Landorus|Sludge Bomb|p2a: Chien-Pao\n|-damage|p2a: Chien-Pao|0 fnt\n|faint|p2a: Chien-Pao\n|\n|upkeep\n|turn|7\n|\n|t:|1717356265\n|move|p1b: Flutter Mane|Moonblast|p2b: Scream Tail\n|-damage|p2b: Scream Tail|26\/100\n|-unboost|p2b: Scream Tail|spa|1\n|move|p1a: Landorus|Sludge Bomb|p2b: Scream Tail\n|-supereffective|p2b: Scream Tail\n|-damage|p2b: Scream Tail|0 fnt\n|faint|p2b: Scream Tail\n|-end|p2b: Scream Tail|Protosynthesis|[silent]\n|\n|win|code_anish\n|raw|code_anish's rating: 1848 &rarr; <strong>1866<\/strong><br \/>(+18 for winning)\n|raw|DaleG's rating: 1808 &rarr; <strong>1790<\/strong><br \/>(-18 for losing)\n|l|\u2606DaleG\n|player|p2|\n|j| thacrow\n|l| thacrow\n|j| thacrow\n","uploadtime":1717356510,"views":561,"formatid":"gen9vgc2024regg","rating":1790,"private":0,"password":null}