{"id":"gen9vgc2024regg-2135881627","format":"[Gen 9] VGC 2024 Reg G","players":["rongyin1","kojimuranishi"],"log":"|j|\u2606rongyin1\n|j|\u2606kojimuranishi\n|t:|1717397771\n|gametype|doubles\n|player|p1|rongyin1|dawn|1713\n|player|p2|kojimuranishi|102|1738\n|teamsize|p1|6\n|teamsize|p2|6\n|gen|9\n|tier|[Gen 9] VGC 2024 Reg G\n|rated|\n|rule|Species Clause: Limit one of each Pok\u00e9mon\n|rule|Item Clause: Limit one of each item\n|clearpoke\n|poke|p1|Pelipper, L50, M|\n|poke|p1|Miraidon, L50|\n|poke|p1|Farigiraf, L50, M|\n|poke|p1|Urshifu-*, L50, M|\n|poke|p1|Iron Hands, L50|\n|poke|p1|Grimmsnarl, L50, M|\n|poke|p2|Zamazenta-*, L50|\n|poke|p2|Flutter Mane, L50|\n|poke|p2|Chien-Pao, L50|\n|poke|p2|Dragonite, L50, M|\n|poke|p2|Raging Bolt, L50|\n|poke|p2|Urshifu-*, L50, F|\n|teampreview|4\n|inactive|Battle timer is ON: inactive players will automatically lose when time's up. (requested by kojimuranishi)\n|\n|t:|1717397802\n|start\n|switch|p1a: Farigiraf|Farigiraf, L50, M|100\/100\n|switch|p1b: Grimmsnarl|Grimmsnarl, L50, M|100\/100\n|switch|p2a: Zamazenta|Zamazenta-Crowned, L50|100\/100\n|switch|p2b: Raging Bolt|Raging Bolt, L50|100\/100\n|-ability|p2a: Zamazenta|Dauntless Shield|boost\n|-boost|p2a: Zamazenta|def|1\n|turn|1\n|\n|t:|1717397825\n|move|p1b: Grimmsnarl|Thunder Wave|p2a: Zamazenta\n|-status|p2a: Zamazenta|par\n|move|p2b: Raging Bolt|Thunderbolt|p1a: Farigiraf\n|-damage|p1a: Farigiraf|53\/100\n|cant|p2a: Zamazenta|par\n|move|p1a: Farigiraf|Trick Room|p1a: Farigiraf\n|-fieldstart|move: Trick Room|[of] p1a: Farigiraf\n|\n|upkeep\n|turn|2\n|\n|t:|1717397844\n|switch|p1a: Iron Hands|Iron Hands, L50|100\/100\n|move|p1b: Grimmsnarl|Light Screen|p1b: Grimmsnarl\n|-sidestart|p1: rongyin1|move: Light Screen\n|cant|p2a: Zamazenta|par\n|move|p2b: Raging Bolt|Thunderbolt|p1b: Grimmsnarl\n|-damage|p1b: Grimmsnarl|66\/100\n|\n|upkeep\n|turn|3\n|\n|t:|1717397861\n|move|p1b: Grimmsnarl|Reflect|p1b: Grimmsnarl\n|-sidestart|p1: rongyin1|Reflect\n|move|p1a: Iron Hands|Swords Dance|p1a: Iron Hands\n|-boost|p1a: Iron Hands|atk|2\n|cant|p2a: Zamazenta|par\n|move|p2b: Raging Bolt|Thunderbolt|p1b: Grimmsnarl\n|-damage|p1b: Grimmsnarl|31\/100\n|\n|upkeep\n|turn|4\n|\n|t:|1717397878\n|move|p1a: Iron Hands|Drain Punch|p2a: Zamazenta\n|-supereffective|p2a: Zamazenta\n|-damage|p2a: Zamazenta|33\/100 par\n|move|p1b: Grimmsnarl|Spirit Break|p2b: Raging Bolt\n|-supereffective|p2b: Raging Bolt\n|-damage|p2b: Raging Bolt|52\/100\n|-unboost|p2b: Raging Bolt|spa|1\n|move|p2a: Zamazenta|Iron Defense|p2a: Zamazenta\n|-boost|p2a: Zamazenta|def|2\n|move|p2b: Raging Bolt|Thunderbolt|p1b: Grimmsnarl\n|-damage|p1b: Grimmsnarl|4\/100\n|\n|upkeep\n|turn|5\n|\n|t:|1717397901\n|switch|p1b: Farigiraf|Farigiraf, L50, M|53\/100\n|move|p2b: Raging Bolt|Thunderclap||[still]\n|cant|p1b: Farigiraf|ability: Armor Tail|Thunderclap|[of] p2b: Raging Bolt\n|move|p1a: Iron Hands|Drain Punch|p2a: Zamazenta\n|-supereffective|p2a: Zamazenta\n|-damage|p2a: Zamazenta|0 fnt\n|faint|p2a: Zamazenta\n|\n|-fieldend|move: Trick Room\n|upkeep\n|\n|t:|1717397920\n|switch|p2a: Dragonite|Dragonite, L50, M|100\/100\n|turn|6\n|\n|t:|1717397942\n|move|p2a: Dragonite|Outrage|p1b: Farigiraf\n|-damage|p1b: Farigiraf|0 fnt\n|-damage|p2a: Dragonite|84\/100|[from] item: Rocky Helmet|[of] p1b: Farigiraf\n|faint|p1b: Farigiraf\n|move|p2b: Raging Bolt|Dragon Pulse|p1a: Iron Hands\n|-damage|p1a: Iron Hands|84\/100\n|move|p1a: Iron Hands|Drain Punch|p2b: Raging Bolt\n|-damage|p2b: Raging Bolt|0 fnt\n|-heal|p1a: Iron Hands|100\/100|[from] drain|[of] p2b: Raging Bolt\n|faint|p2b: Raging Bolt\n|-end|p2b: Raging Bolt|Protosynthesis|[silent]\n|\n|upkeep\n|\n|t:|1717397955\n|switch|p2b: Chien-Pao|Chien-Pao, L50|100\/100\n|switch|p1b: Miraidon|Miraidon, L50|100\/100\n|-ability|p2b: Chien-Pao|Sword of Ruin\n|-fieldstart|move: Electric Terrain|[from] ability: Hadron Engine|[of] p1b: Miraidon\n|-activate|p1a: Iron Hands|ability: Quark Drive\n|-start|p1a: Iron Hands|quarkdriveatk\n|turn|7\n|\n|t:|1717397970\n|-terastallize|p2b: Chien-Pao|Ghost\n|-terastallize|p1b: Miraidon|Fairy\n|move|p2b: Chien-Pao|Ice Spinner|p1b: Miraidon\n|-damage|p1b: Miraidon|59\/100\n|-fieldend|move: Electric Terrain\n|-end|p1a: Iron Hands|Quark Drive\n|-damage|p2b: Chien-Pao|91\/100|[from] item: Life Orb\n|move|p1b: Miraidon|Dazzling Gleam|p2a: Dragonite|[spread] p2a,p2b\n|-supereffective|p2a: Dragonite\n|-damage|p2a: Dragonite|28\/100\n|-damage|p2b: Chien-Pao|46\/100\n|move|p2a: Dragonite|Outrage|p1a: Iron Hands|[from]lockedmove\n|-damage|p1a: Iron Hands|43\/100\n|-enditem|p1a: Iron Hands|Sitrus Berry|[eat]\n|-heal|p1a: Iron Hands|68\/100|[from] item: Sitrus Berry\n|-start|p2a: Dragonite|confusion|[fatigue]\n|move|p1a: Iron Hands|Drain Punch|p2b: Chien-Pao\n|-immune|p2b: Chien-Pao\n|\n|upkeep\n|turn|8\n|inactive|rongyin1 has 30 seconds left.\n|\n|t:|1717397996\n|move|p2b: Chien-Pao|Ice Spinner|p1b: Miraidon\n|-crit|p1b: Miraidon\n|-damage|p1b: Miraidon|0 fnt\n|faint|p1b: Miraidon\n|-damage|p2b: Chien-Pao|37\/100|[from] item: Life Orb\n|-activate|p2a: Dragonite|confusion\n|-damage|p2a: Dragonite|11\/100|[from] confusion\n|move|p1a: Iron Hands|Thunder Punch|p2b: Chien-Pao\n|-damage|p2b: Chien-Pao|0 fnt\n|faint|p2b: Chien-Pao\n|\n|upkeep\n|\n|t:|1717398007\n|switch|p1b: Grimmsnarl|Grimmsnarl, L50, M|4\/100\n|turn|9\n|-message|kojimuranishi forfeited.\n|\n|win|rongyin1\n|raw|rongyin1's rating: 1713 &rarr; <strong>1734<\/strong><br \/>(+21 for winning)\n|raw|kojimuranishi's rating: 1738 &rarr; <strong>1717<\/strong><br \/>(-21 for losing)\n|l|\u2606kojimuranishi\n|player|p2|\n|l|\u2606rongyin1\n|player|p1|\n","uploadtime":1717398254,"views":31,"formatid":"gen9vgc2024regg","rating":1717,"private":0,"password":null}