{"id":"gen9vgc2024regg-2135635512","format":"[Gen 9] VGC 2024 Reg G","players":["chipsandiggs","CooperKid"],"log":"|j|\u2606chipsandiggs\n|j|\u2606CooperKid\n|t:|1717362580\n|gametype|doubles\n|player|p1|chipsandiggs|unknownf|1700\n|player|p2|CooperKid|harlequin|1670\n|teamsize|p1|6\n|teamsize|p2|6\n|gen|9\n|tier|[Gen 9] VGC 2024 Reg G\n|rated|\n|rule|Species Clause: Limit one of each Pok\u00e9mon\n|rule|Item Clause: Limit one of each item\n|clearpoke\n|poke|p1|Terapagos, L50, M|\n|poke|p1|Incineroar, L50, F|\n|poke|p1|Rillaboom, L50, M|\n|poke|p1|Comfey, L50, F|\n|poke|p1|Ogerpon-Cornerstone, L50, F|\n|poke|p1|Amoonguss, L50, F|\n|poke|p2|Calyrex-Ice, L50|\n|poke|p2|Amoonguss, L50, M|\n|poke|p2|Incineroar, L50, M|\n|poke|p2|Urshifu-*, L50, M|\n|poke|p2|Raging Bolt, L50|\n|poke|p2|Pelipper, L50, M|\n|teampreview|4\nchipsandiggs has agreed to open team sheets.\n|inactive|Battle timer is ON: inactive players will automatically lose when time's up. (requested by chipsandiggs)\n|inactive|chipsandiggs has 60 seconds left.\n|\n|t:|1717362625\n|start\n|switch|p1a: Terapagos|Terapagos, L50, M|100\/100\n|switch|p1b: Ogerpon|Ogerpon-Cornerstone, L50, F|100\/100\n|switch|p2a: Incineroar|Incineroar, L50, M|100\/100\n|switch|p2b: Calyrex|Calyrex-Ice, L50|100\/100\n|-activate|p1a: Terapagos|ability: Tera Shift\n|detailschange|p1a: Terapagos|Terapagos-Terastal, L50, M\n|-heal|p1a: Terapagos|100\/100|[silent]\n|-ability|p2b: Calyrex|As One\n|-ability|p2b: Calyrex|Unnerve\n|-ability|p2a: Incineroar|Intimidate|boost\n|-unboost|p1a: Terapagos|atk|1\n|-unboost|p1b: Ogerpon|atk|1\n|turn|1\n|\n|t:|1717362642\n|move|p1b: Ogerpon|Spiky Shield|p1b: Ogerpon\n|-singleturn|p1b: Ogerpon|move: Protect\n|move|p1a: Terapagos|Protect|p1a: Terapagos\n|-singleturn|p1a: Terapagos|Protect\n|move|p2a: Incineroar|Fake Out|p1b: Ogerpon\n|-activate|p1b: Ogerpon|move: Protect\n|-damage|p2a: Incineroar|88\/100|[from] Spiky Shield|[of] p1b: Ogerpon\n|move|p2b: Calyrex|Trick Room|p2b: Calyrex\n|-fieldstart|move: Trick Room|[of] p2b: Calyrex\n|\n|upkeep\n|turn|2\n|\n|t:|1717362657\n|move|p2b: Calyrex|Glacial Lance|p1a: Terapagos|[spread] p1a,p1b\n|-activate|p1a: Terapagos|ability: Tera Shell\n|-resisted|p1a: Terapagos\n|-supereffective|p1b: Ogerpon\n|-damage|p1a: Terapagos|76\/100\n|-ability|p1b: Ogerpon|Sturdy\n|-damage|p1b: Ogerpon|1\/100\n|move|p2a: Incineroar|Knock Off|p1b: Ogerpon\n|-damage|p1b: Ogerpon|0 fnt\n|faint|p1b: Ogerpon\n|move|p1a: Terapagos|Calm Mind|p1a: Terapagos\n|-boost|p1a: Terapagos|spa|1\n|-boost|p1a: Terapagos|spd|1\n|\n|-heal|p1a: Terapagos|82\/100|[from] item: Leftovers\n|upkeep\n|\n|t:|1717362671\n|switch|p1b: Amoonguss|Amoonguss, L50, F|100\/100\n|turn|3\n|inactive|chipsandiggs has 30 seconds left.\n|\n|t:|1717362704\n|-terastallize|p1b: Amoonguss|Water\n|move|p2b: Calyrex|Protect|p2b: Calyrex\n|-singleturn|p2b: Calyrex|Protect\n|move|p1b: Amoonguss|Spore|p2b: Calyrex\n|-activate|p2b: Calyrex|move: Protect\n|move|p2a: Incineroar|Taunt|p1b: Amoonguss\n|-start|p1b: Amoonguss|move: Taunt\n|move|p1a: Terapagos|Tera Starstorm|p2b: Calyrex\n|-activate|p2b: Calyrex|move: Protect\n|\n|-heal|p1a: Terapagos|88\/100|[from] item: Leftovers\n|upkeep\n|turn|4\n|\n|t:|1717362724\n|switch|p1b: Suika|Comfey, L50, F|100\/100\n|move|p2b: Calyrex|Glacial Lance|p1b: Suika|[spread] p1a,p1b\n|-damage|p1a: Terapagos|41\/100\n|-damage|p1b: Suika|45\/100\n|move|p2a: Incineroar|Knock Off|p1a: Terapagos\n|-damage|p1a: Terapagos|12\/100\n|-enditem|p1a: Terapagos|Leftovers|[from] move: Knock Off|[of] p2a: Incineroar\n|move|p1a: Terapagos|Earth Power|p2a: Incineroar\n|-supereffective|p2a: Incineroar\n|-damage|p2a: Incineroar|23\/100\n|\n|upkeep\n|turn|5\n|\n|t:|1717362741\n|move|p1a: Terapagos|Protect|p1a: Terapagos\n|-singleturn|p1a: Terapagos|Protect\n|move|p1b: Suika|Protect|p1b: Suika\n|-singleturn|p1b: Suika|Protect\n|move|p2b: Calyrex|Glacial Lance|p1a: Terapagos|[spread] \n|-activate|p1a: Terapagos|move: Protect\n|-activate|p1b: Suika|move: Protect\n|move|p2a: Incineroar|Taunt|p1b: Suika\n|-activate|p1b: Suika|move: Protect\n|\n|-fieldend|move: Trick Room\n|upkeep\n|turn|6\n|\n|t:|1717362764\n|switch|p2a: Amoonguss|Amoonguss, L50, M|100\/100\n|move|p1b: Suika|Floral Healing|p1a: Terapagos\n|-heal|p1a: Terapagos|62\/100\n|move|p1a: Terapagos|Tera Starstorm|p2a: Amoonguss\n|-damage|p2a: Amoonguss|37\/100\n|-enditem|p2a: Amoonguss|Sitrus Berry|[eat]\n|-heal|p2a: Amoonguss|62\/100|[from] item: Sitrus Berry\n|move|p2b: Calyrex|Glacial Lance|p1a: Terapagos|[spread] p1a,p1b\n|-damage|p1a: Terapagos|14\/100\n|-damage|p1b: Suika|0 fnt\n|faint|p1b: Suika\n|-ability|p2b: Calyrex|Chilling Neigh|boost\n|-boost|p2b: Calyrex|atk|1\n|\n|upkeep\n|\n|t:|1717362772\n|switch|p1b: Amoonguss|Amoonguss, L50, F, tera:Water|100\/100\n|turn|7\n|\n|t:|1717362780\n|move|p1a: Terapagos|Protect|p1a: Terapagos\n|-singleturn|p1a: Terapagos|Protect\n|move|p2a: Amoonguss|Rage Powder|p2a: Amoonguss\n|-singleturn|p2a: Amoonguss|move: Rage Powder\n|move|p2b: Calyrex|Glacial Lance|p1b: Amoonguss|[spread] p1b\n|-activate|p1a: Terapagos|move: Protect\n|-resisted|p1b: Amoonguss\n|-damage|p1b: Amoonguss|65\/100\n|move|p1b: Amoonguss|Spore|p2a: Amoonguss\n|-immune|p2a: Amoonguss\n|\n|upkeep\n|turn|8\n|\n|t:|1717362794\n|move|p2a: Amoonguss|Rage Powder|p2a: Amoonguss\n|-singleturn|p2a: Amoonguss|move: Rage Powder\n|move|p1a: Terapagos|Tera Starstorm|p2a: Amoonguss\n|-damage|p2a: Amoonguss|0 fnt\n|faint|p2a: Amoonguss\n|move|p2b: Calyrex|Glacial Lance|p1a: Terapagos|[spread] p1a,p1b\n|-resisted|p1b: Amoonguss\n|-damage|p1a: Terapagos|0 fnt\n|-damage|p1b: Amoonguss|25\/100\n|faint|p1a: Terapagos\n|-ability|p2b: Calyrex|Chilling Neigh|boost\n|-boost|p2b: Calyrex|atk|1\n|move|p1b: Amoonguss|Sludge Bomb|p2b: Calyrex\n|-damage|p2b: Calyrex|80\/100\n|-status|p2b: Calyrex|psn\n|\n|-damage|p2b: Calyrex|67\/100 psn|[from] psn\n|upkeep\n|-message|chipsandiggs forfeited.\n|\n|win|CooperKid\n|raw|chipsandiggs's rating: 1700 &rarr; <strong>1678<\/strong><br \/>(-22 for losing)\n|raw|CooperKid's rating: 1670 &rarr; <strong>1692<\/strong><br \/>(+22 for winning)\n|l|\u2606chipsandiggs\n|player|p1|\n|l|\u2606CooperKid\n|player|p2|\n","uploadtime":1717362966,"views":22,"formatid":"gen9vgc2024regg","rating":1678,"private":0,"password":null}