{"id":"gen9vgc2024regg-2135047039","format":"[Gen 9] VGC 2024 Reg G","players":["almota","Spottedwoot"],"log":"|j|\u2606almota\n|j|\u2606Spottedwoot\n|t:|1717277537\n|gametype|doubles\n|player|p1|almota|170|1683\n|player|p2|Spottedwoot|170|1798\n|teamsize|p1|6\n|teamsize|p2|6\n|gen|9\n|tier|[Gen 9] VGC 2024 Reg G\n|rated|\n|rule|Species Clause: Limit one of each Pok\u00e9mon\n|rule|Item Clause: Limit one of each item\n|clearpoke\n|poke|p1|Lugia, L50|\n|poke|p1|Toxapex, L50, F|\n|poke|p1|Glimmora, L50, M|\n|poke|p1|Garganacl, L50, M|\n|poke|p1|Rillaboom, L50, F|\n|poke|p1|Ting-Lu, L50|\n|poke|p2|Miraidon, L50|\n|poke|p2|Whimsicott, L50, F|\n|poke|p2|Chi-Yu, L50|\n|poke|p2|Urshifu-*, L50, M|\n|poke|p2|Flutter Mane, L50|\n|poke|p2|Kingambit, L50, M|\n|teampreview|4\n|\n|t:|1717277554\n|start\n|switch|p1a: Lugia|Lugia, L50|100\/100\n|switch|p1b: Glimmora|Glimmora, L50, M|100\/100\n|switch|p2a: Miraidon|Miraidon, L50|100\/100\n|switch|p2b: Urshifu|Urshifu-Rapid-Strike, L50, M|100\/100\n|-fieldstart|move: Electric Terrain|[from] ability: Hadron Engine|[of] p2a: Miraidon\n|turn|1\n|inactive|Battle timer is ON: inactive players will automatically lose when time's up. (requested by almota)\n|\n|t:|1717277573\n|-terastallize|p1a: Lugia|Fairy\n|move|p2b: Urshifu|Surging Strikes|p1b: Glimmora\n|-supereffective|p1b: Glimmora\n|-crit|p1b: Glimmora\n|-damage|p1b: Glimmora|53\/100\n|-activate|p1b: Glimmora|ability: Toxic Debris\n|-sidestart|p2: Spottedwoot|move: Toxic Spikes\n|-supereffective|p1b: Glimmora\n|-crit|p1b: Glimmora\n|-damage|p1b: Glimmora|0 fnt\n|-activate|p1b: Glimmora|ability: Toxic Debris\n|-sidestart|p2: Spottedwoot|move: Toxic Spikes\n|faint|p1b: Glimmora\n|-hitcount|p1: Glimmora|2\n|move|p2a: Miraidon|Electro Drift|p1a: Lugia\n|-damage|p1a: Lugia|64\/100\n|move|p1a: Lugia|Aeroblast|p2b: Urshifu\n|-supereffective|p2b: Urshifu\n|-damage|p2b: Urshifu|10\/100\n|\n|-heal|p1a: Lugia|70\/100|[from] item: Leftovers\n|upkeep\n|\n|t:|1717277591\n|switch|p1b: Rillaboom|Rillaboom, L50, F|100\/100\n|-fieldstart|move: Grassy Terrain|[from] ability: Grassy Surge|[of] p1b: Rillaboom\n|turn|2\n|inactive|almota has 30 seconds left.\n|inactive|almota has 20 seconds left.\n|\n|t:|1717277630\n|switch|p2b: Kingambit|Kingambit, L50, M|100\/100\n|move|p1b: Rillaboom|Grassy Glide|p2b: Kingambit\n|-resisted|p2b: Kingambit\n|-damage|p2b: Kingambit|84\/100\n|move|p2a: Miraidon|Electro Drift|p1a: Lugia\n|-damage|p1a: Lugia|28\/100\n|move|p1a: Lugia|Calm Mind|p1a: Lugia\n|-boost|p1a: Lugia|spa|1\n|-boost|p1a: Lugia|spd|1\n|\n|-heal|p1a: Lugia|34\/100|[from] Grassy Terrain\n|-heal|p1a: Lugia|40\/100|[from] item: Leftovers\n|-heal|p2b: Kingambit|90\/100|[from] Grassy Terrain\n|upkeep\n|turn|3\n|inactive|almota has 30 seconds left.\n|\n|t:|1717277656\n|switch|p2a: Urshifu|Urshifu-Rapid-Strike, L50, M|10\/100\n|-status|p2a: Urshifu|tox\n|move|p1a: Lugia|Recover|p1a: Lugia\n|-heal|p1a: Lugia|90\/100\n|move|p1b: Rillaboom|U-turn|p2b: Kingambit\n|-damage|p2b: Kingambit|70\/100\n|\n|t:|1717277664\n|switch|p1b: Ting-Lu|Ting-Lu, L50|100\/100|[from] U-turn\n|-ability|p1b: Ting-Lu|Vessel of Ruin\n|move|p2b: Kingambit|Iron Head|p1a: Lugia\n|-supereffective|p1a: Lugia\n|-damage|p1a: Lugia|39\/100\n|\n|-heal|p2a: Urshifu|16\/100 tox|[from] Grassy Terrain\n|-heal|p1a: Lugia|45\/100|[from] Grassy Terrain\n|-heal|p1a: Lugia|51\/100|[from] item: Leftovers\n|-heal|p2b: Kingambit|76\/100|[from] Grassy Terrain\n|-damage|p2a: Urshifu|10\/100 tox|[from] psn\n|upkeep\n|turn|4\n|inactive|almota has 30 seconds left.\n|inactive|Spottedwoot has 30 seconds left.\n|\n|t:|1717277697\n|switch|p1b: Rillaboom|Rillaboom, L50, F|100\/100\n|-terastallize|p2a: Urshifu|Water\n|move|p2a: Urshifu|Surging Strikes|p1b: Rillaboom\n|-resisted|p1b: Rillaboom\n|-crit|p1b: Rillaboom\n|-damage|p1b: Rillaboom|85\/100\n|-resisted|p1b: Rillaboom\n|-crit|p1b: Rillaboom\n|-damage|p1b: Rillaboom|69\/100\n|-resisted|p1b: Rillaboom\n|-crit|p1b: Rillaboom\n|-damage|p1b: Rillaboom|55\/100\n|-hitcount|p1b: Rillaboom|3\n|move|p1a: Lugia|Recover|p1a: Lugia\n|-heal|p1a: Lugia|100\/100\n|move|p2b: Kingambit|Kowtow Cleave|p1b: Rillaboom\n|-damage|p1b: Rillaboom|7\/100\n|-enditem|p1b: Rillaboom|Figy Berry|[eat]\n|-heal|p1b: Rillaboom|40\/100|[from] item: Figy Berry\n|\n|-heal|p2a: Urshifu|16\/100 tox|[from] Grassy Terrain\n|-heal|p1b: Rillaboom|46\/100|[from] Grassy Terrain\n|-heal|p2b: Kingambit|82\/100|[from] Grassy Terrain\n|-damage|p2a: Urshifu|4\/100 tox|[from] psn\n|upkeep\n|turn|5\n|inactive|almota has 30 seconds left.\n|\n|t:|1717277725\n|switch|p2a: Miraidon|Miraidon, L50|100\/100\n|-status|p2a: Miraidon|tox\n|-fieldstart|move: Electric Terrain|[from] ability: Hadron Engine|[of] p2a: Miraidon\n|move|p1b: Rillaboom|Fake Out|p2b: Kingambit\n|-resisted|p2b: Kingambit\n|-damage|p2b: Kingambit|76\/100\n|move|p1a: Lugia|Earth Power|p2b: Kingambit\n|-supereffective|p2b: Kingambit\n|-damage|p2b: Kingambit|38\/100\n|cant|p2b: Kingambit|flinch\n|\n|-damage|p2a: Miraidon|95\/100 tox|[from] psn\n|upkeep\n|turn|6\n|j| milxeico\n|inactive|almota has 30 seconds left.\n|\n|t:|1717277753\n|move|p2a: Miraidon|Volt Switch|p1b: Rillaboom\n|-resisted|p1b: Rillaboom\n|-damage|p1b: Rillaboom|0 fnt\n|faint|p1b: Rillaboom\n|\n|t:|1717277757\n|switch|p2a: Urshifu|Urshifu-Rapid-Strike, L50, M, tera:Water|4\/100 tox|[from] Volt Switch\n|move|p1a: Lugia|Earth Power|p2b: Kingambit\n|-supereffective|p2b: Kingambit\n|-damage|p2b: Kingambit|0 fnt\n|faint|p2b: Kingambit\n|\n|-damage|p2a: Urshifu|0 fnt|[from] psn\n|faint|p2a: Urshifu\n|upkeep\n|\n|t:|1717277766\n|switch|p2a: Chi-Yu|Chi-Yu, L50|100\/100\n|switch|p1b: Ting-Lu|Ting-Lu, L50|100\/100\n|switch|p2b: Miraidon|Miraidon, L50|95\/100 tox\n|-activate|p2b: Miraidon|ability: Hadron Engine\n|-status|p2a: Chi-Yu|tox\n|-ability|p2a: Chi-Yu|Beads of Ruin\n|-ability|p1b: Ting-Lu|Vessel of Ruin\n|turn|7\n|\n|t:|1717277778\n|move|p2b: Miraidon|Electro Drift|p1a: Lugia\n|-damage|p1a: Lugia|74\/100\n|move|p2a: Chi-Yu|Heat Wave|p1a: Lugia|[spread] p1a,p1b\n|-damage|p1a: Lugia|60\/100\n|-damage|p1b: Ting-Lu|82\/100\n|-status|p1a: Lugia|brn\n|move|p1a: Lugia|Calm Mind|p1a: Lugia\n|-boost|p1a: Lugia|spa|1\n|-boost|p1a: Lugia|spd|1\n|move|p1b: Ting-Lu|Snarl|p2b: Miraidon|[spread] p2a,p2b\n|-resisted|p2a: Chi-Yu\n|-damage|p2a: Chi-Yu|96\/100 tox\n|-damage|p2b: Miraidon|84\/100 tox\n|-unboost|p2a: Chi-Yu|spa|1\n|-unboost|p2b: Miraidon|spa|1\n|\n|-heal|p1a: Lugia|66\/100 brn|[from] item: Leftovers\n|-damage|p2b: Miraidon|79\/100 tox|[from] psn\n|-damage|p2a: Chi-Yu|90\/100 tox|[from] psn\n|-damage|p1a: Lugia|60\/100 brn|[from] brn\n|upkeep\n|turn|8\n|-message|Spottedwoot forfeited.\n|\n|win|almota\n|raw|almota's rating: 1683 &rarr; <strong>1709<\/strong><br \/>(+26 for winning)\n|raw|Spottedwoot's rating: 1798 &rarr; <strong>1772<\/strong><br \/>(-26 for losing)\n|l|\u2606Spottedwoot\n|player|p2|\n|l| milxeico\n","uploadtime":1717277967,"views":48,"formatid":"gen9vgc2024regg","rating":1709,"private":0,"password":null}