{"id":"gen9vgc2024regg-2135649016","format":"[Gen 9] VGC 2024 Reg G","players":["chipsandiggs","Tempest brute"],"log":"|j|\u2606chipsandiggs\n|j|\u203dTempest brute\n|t:|1717364152\n|gametype|doubles\n|player|p1|chipsandiggs|unknownf|1692\n|player|p2|Tempest brute|265|1778\n|teamsize|p1|6\n|teamsize|p2|6\n|gen|9\n|tier|[Gen 9] VGC 2024 Reg G\n|rated|\n|rule|Species Clause: Limit one of each Pok\u00e9mon\n|rule|Item Clause: Limit one of each item\n|clearpoke\n|poke|p1|Terapagos, L50, M|\n|poke|p1|Incineroar, L50, M|\n|poke|p1|Rillaboom, L50, F|\n|poke|p1|Comfey, L50, F|\n|poke|p1|Ogerpon-Cornerstone, L50, F|\n|poke|p1|Amoonguss, L50, M|\n|poke|p2|Lunala, L50|\n|poke|p2|Roaring Moon, L50|\n|poke|p2|Entei, L50|\n|poke|p2|Ogerpon-Wellspring, L50, F|\n|poke|p2|Iron Hands, L50|\n|poke|p2|Ursaluna-Bloodmoon, L50, M|\n|teampreview|4\nchipsandiggs has agreed to open team sheets.\n|inactive|Battle timer is ON: inactive players will automatically lose when time's up. (requested by chipsandiggs)\n|\n|t:|1717364175\n|start\n|switch|p1a: Terapagos|Terapagos, L50, M|100\/100\n|switch|p1b: Incineroar|Incineroar, L50, M|100\/100\n|switch|p2a: Entei|Entei, L50|100\/100\n|switch|p2b: Ogerpon|Ogerpon-Wellspring, L50, F|100\/100\n|-activate|p1a: Terapagos|ability: Tera Shift\n|detailschange|p1a: Terapagos|Terapagos-Terastal, L50, M\n|-heal|p1a: Terapagos|100\/100|[silent]\n|-ability|p1b: Incineroar|Intimidate|boost\n|-fail|p2a: Entei|unboost|Attack|[from] ability: Inner Focus|[of] p2a: Entei\n|-unboost|p2b: Ogerpon|atk|1\n|turn|1\n|\n|t:|1717364192\n|move|p1b: Incineroar|Fake Out|p2b: Ogerpon\n|-damage|p2b: Ogerpon|89\/100\n|cant|p2b: Ogerpon|flinch\n|move|p2a: Entei|Snarl|p1a: Terapagos|[spread] p1a,p1b\n|-activate|p1a: Terapagos|ability: Tera Shell\n|-resisted|p1a: Terapagos\n|-resisted|p1b: Incineroar\n|-damage|p1a: Terapagos|97\/100\n|-damage|p1b: Incineroar|97\/100\n|-unboost|p1a: Terapagos|spa|1\n|-unboost|p1b: Incineroar|spa|1\n|move|p1a: Terapagos|Calm Mind|p1a: Terapagos\n|-boost|p1a: Terapagos|spa|1\n|-boost|p1a: Terapagos|spd|1\n|\n|-heal|p1a: Terapagos|100\/100|[from] item: Leftovers\n|upkeep\n|turn|2\n|inactive|chipsandiggs has 30 seconds left.\n|\n|t:|1717364224\n|move|p2b: Ogerpon|Swords Dance|p2b: Ogerpon\n|-boost|p2b: Ogerpon|atk|2\n|move|p2a: Entei|Snarl|p1a: Terapagos|[spread] p1a,p1b\n|-activate|p1a: Terapagos|ability: Tera Shell\n|-resisted|p1a: Terapagos\n|-resisted|p1b: Incineroar\n|-damage|p1a: Terapagos|98\/100\n|-damage|p1b: Incineroar|94\/100\n|-unboost|p1a: Terapagos|spa|1\n|-unboost|p1b: Incineroar|spa|1\n|move|p1a: Terapagos|Earth Power|p2a: Entei\n|-supereffective|p2a: Entei\n|-damage|p2a: Entei|79\/100\n|move|p1b: Incineroar|Parting Shot|p2b: Ogerpon\n|-unboost|p2b: Ogerpon|atk|1\n|-unboost|p2b: Ogerpon|spa|1\n|\n|t:|1717364232\n|switch|p1b: Ogerpon|Ogerpon-Cornerstone, L50, F|100\/100|[from] Parting Shot\n|\n|-heal|p1a: Terapagos|100\/100|[from] item: Leftovers\n|upkeep\n|turn|3\n|\n|t:|1717364250\n|switch|p2a: Iron Hands|Iron Hands, L50|100\/100\n|move|p1b: Ogerpon|Ivy Cudgel|p2a: Iron Hands|[anim] Ivy Cudgel Rock\n|-resisted|p2a: Iron Hands\n|-damage|p2a: Iron Hands|83\/100\n|move|p2b: Ogerpon|Horn Leech|p1b: Ogerpon\n|-damage|p1b: Ogerpon|49\/100\n|-heal|p2b: Ogerpon|100\/100|[from] drain|[of] p1b: Ogerpon\n|move|p1a: Terapagos|Calm Mind|p1a: Terapagos\n|-boost|p1a: Terapagos|spa|1\n|-boost|p1a: Terapagos|spd|1\n|\n|upkeep\n|turn|4\n|\n|t:|1717364260\n|switch|p1b: Incineroar|Incineroar, L50, M|94\/100\n|-ability|p1b: Incineroar|Intimidate|boost\n|-unboost|p2a: Iron Hands|atk|1\n|-unboost|p2b: Ogerpon|atk|1\n|move|p2a: Iron Hands|Fake Out|p1b: Incineroar\n|-damage|p1b: Incineroar|87\/100\n|move|p2b: Ogerpon|Swords Dance|p2b: Ogerpon\n|-boost|p2b: Ogerpon|atk|2\n|move|p1a: Terapagos|Calm Mind|p1a: Terapagos\n|-boost|p1a: Terapagos|spa|1\n|-boost|p1a: Terapagos|spd|1\n|\n|upkeep\n|turn|5\n|\n|t:|1717364278\n|move|p2b: Ogerpon|Spiky Shield|p2b: Ogerpon\n|-singleturn|p2b: Ogerpon|move: Protect\n|move|p1b: Incineroar|Fake Out|p2b: Ogerpon\n|-activate|p2b: Ogerpon|move: Protect\n|-damage|p1b: Incineroar|75\/100|[from] Spiky Shield|[of] p2b: Ogerpon\n|move|p1a: Terapagos|Tera Starstorm|p2b: Ogerpon\n|-activate|p2b: Ogerpon|move: Protect\n|move|p2a: Iron Hands|Whirlwind|p1a: Terapagos\n|drag|p1a: Suika|Comfey, L50, F|100\/100\n|\n|upkeep\n|turn|6\n|\n|t:|1717364294\n|switch|p1a: Ogerpon|Ogerpon-Cornerstone, L50, F|49\/100\n|-end|p2a: Iron Hands|Quark Drive|[silent]\n|switch|p2a: Entei|Entei, L50|79\/100\n|move|p2b: Ogerpon|Ivy Cudgel|p1b: Incineroar|[anim] Ivy Cudgel Water\n|-supereffective|p1b: Incineroar\n|-damage|p1b: Incineroar|0 fnt\n|faint|p1b: Incineroar\n|\n|upkeep\n|\n|t:|1717364299\n|switch|p1b: Terapagos|Terapagos-Terastal, L50, M|100\/100\n|turn|7\n|\n|t:|1717364312\n|-terastallize|p2a: Entei|Water\n|move|p1a: Ogerpon|Ivy Cudgel|p2a: Entei|[anim] Ivy Cudgel Rock\n|-damage|p2a: Entei|27\/100\n|move|p2b: Ogerpon|Ivy Cudgel|p1a: Ogerpon|[anim] Ivy Cudgel Water\n|-damage|p1a: Ogerpon|0 fnt\n|faint|p1a: Ogerpon\n|move|p2a: Entei|Snarl|p1b: Terapagos\n|-activate|p1b: Terapagos|ability: Tera Shell\n|-resisted|p1b: Terapagos\n|-damage|p1b: Terapagos|96\/100\n|-unboost|p1b: Terapagos|spa|1\n|move|p1b: Terapagos|Calm Mind|p1b: Terapagos\n|-boost|p1b: Terapagos|spa|1\n|-boost|p1b: Terapagos|spd|1\n|\n|-heal|p1b: Terapagos|100\/100|[from] item: Leftovers\n|upkeep\n|\n|t:|1717364315\n|switch|p1a: Suika|Comfey, L50, F|100\/100\n|turn|8\n|\n|t:|1717364331\n|move|p1b: Terapagos|Protect|p1b: Terapagos\n|-singleturn|p1b: Terapagos|Protect\n|move|p2b: Ogerpon|Swords Dance|p2b: Ogerpon\n|-boost|p2b: Ogerpon|atk|2\n|move|p2a: Entei|Snarl|p1a: Suika|[spread] p1a\n|-activate|p1b: Terapagos|move: Protect\n|-resisted|p1a: Suika\n|-damage|p1a: Suika|96\/100\n|-unboost|p1a: Suika|spa|1\n|move|p1a: Suika|Trick Room|p1a: Suika\n|-fieldstart|move: Trick Room|[of] p1a: Suika\n|\n|upkeep\n|turn|9\n|\n|t:|1717364344\n|-terastallize|p1b: Terapagos|Stellar\n|detailschange|p1b: Terapagos|Terapagos-Stellar, L50, M, tera:Stellar\n|-heal|p1b: Terapagos|100\/100|[silent]\n|move|p1a: Suika|Protect|p1a: Suika\n|-singleturn|p1a: Suika|Protect\n|move|p1b: Terapagos|Tera Starstorm|p2a: Entei|[spread] p2a,p2b\n|-supereffective|p2a: Entei\n|-damage|p2a: Entei|0 fnt\n|-damage|p2b: Ogerpon|66\/100\n|faint|p2a: Entei\n|move|p2b: Ogerpon|Ivy Cudgel|p1a: Suika|[anim] Ivy Cudgel Water\n|-activate|p1a: Suika|move: Protect\n|\n|upkeep\n|\n|t:|1717364347\n|switch|p2a: Iron Hands|Iron Hands, L50|83\/100\n|turn|10\n|j| JasperrepsaJ\n|\n|t:|1717364360\n|move|p2a: Iron Hands|Fake Out|p1b: Terapagos\n|-damage|p1b: Terapagos|93\/100\n|move|p1a: Suika|Draining Kiss|p2b: Ogerpon\n|-damage|p2b: Ogerpon|56\/100\n|-heal|p1a: Suika|100\/100|[from] drain|[of] p2b: Ogerpon\n|cant|p1b: Terapagos|flinch\n|move|p2b: Ogerpon|Horn Leech|p1a: Suika\n|-damage|p1a: Suika|7\/100\n|-heal|p2b: Ogerpon|96\/100|[from] drain|[of] p1a: Suika\n|-enditem|p1a: Suika|Sitrus Berry|[eat]\n|-heal|p1a: Suika|32\/100|[from] item: Sitrus Berry\n|\n|-heal|p1b: Terapagos|99\/100|[from] item: Leftovers\n|upkeep\n|turn|11\n|\n|t:|1717364367\n|move|p1a: Suika|Protect|p1a: Suika\n|-singleturn|p1a: Suika|Protect\n|move|p2a: Iron Hands|Wild Charge|p1a: Suika\n|-activate|p1a: Suika|move: Protect\n|move|p1b: Terapagos|Tera Starstorm|p2a: Iron Hands|[spread] p2a,p2b\n|-damage|p2a: Iron Hands|59\/100\n|-damage|p2b: Ogerpon|63\/100\n|move|p2b: Ogerpon|Horn Leech|p1b: Terapagos\n|-damage|p1b: Terapagos|34\/100\n|-heal|p2b: Ogerpon|100\/100|[from] drain|[of] p1b: Terapagos\n|\n|-heal|p1b: Terapagos|40\/100|[from] item: Leftovers\n|upkeep\n|turn|12\n|\n|t:|1717364376\n|move|p1a: Suika|Floral Healing|p1b: Terapagos\n|-heal|p1b: Terapagos|90\/100\n|move|p2a: Iron Hands|Wild Charge|p1a: Suika\n|-damage|p1a: Suika|0 fnt\n|faint|p1a: Suika\n|-damage|p2a: Iron Hands|54\/100|[from] Recoil\n|move|p1b: Terapagos|Tera Starstorm|p2b: Ogerpon|[spread] p2a,p2b\n|-damage|p2a: Iron Hands|28\/100\n|-damage|p2b: Ogerpon|68\/100\n|move|p2b: Ogerpon|Horn Leech|p1b: Terapagos\n|-damage|p1b: Terapagos|29\/100\n|-heal|p2b: Ogerpon|100\/100|[from] drain|[of] p1b: Terapagos\n|\n|-heal|p1b: Terapagos|35\/100|[from] item: Leftovers\n|-fieldend|move: Trick Room\n|upkeep\n|turn|13\n|-message|chipsandiggs forfeited.\n|\n|win|Tempest brute\n|raw|chipsandiggs's rating: 1692 &rarr; <strong>1677<\/strong><br \/>(-15 for losing)\n|raw|Tempest brute's rating: 1778 &rarr; <strong>1793<\/strong><br \/>(+15 for winning)\n|l|\u2606chipsandiggs\n|player|p1|\n|l| JasperrepsaJ\n","uploadtime":1717364647,"views":20,"formatid":"gen9vgc2024regg","rating":1677,"private":0,"password":null}