{"id":"gen9vgc2024regg-2135820241","format":"[Gen 9] VGC 2024 Reg G","players":["CooperKid","Man I hate cheese"],"log":"|j|\u2606CooperKid\n|j|\u2606Man I hate cheese\n|t:|1717387034\n|gametype|doubles\n|player|p1|CooperKid|harlequin|1728\n|player|p2|Man I hate cheese|1|1665\n|teamsize|p1|6\n|teamsize|p2|6\n|gen|9\n|tier|[Gen 9] VGC 2024 Reg G\n|rated|\n|rule|Species Clause: Limit one of each Pok\u00e9mon\n|rule|Item Clause: Limit one of each item\n|clearpoke\n|poke|p1|Calyrex-Ice, L50|\n|poke|p1|Amoonguss, L50, M|\n|poke|p1|Incineroar, L50, M|\n|poke|p1|Urshifu-*, L50, M|\n|poke|p1|Raging Bolt, L50|\n|poke|p1|Pelipper, L50, M|\n|poke|p2|Perrserker, L50, F|\n|poke|p2|Kyogre, L50|\n|poke|p2|Dondozo, L50, M|\n|poke|p2|Tatsugiri, L50, M|\n|poke|p2|Gholdengo, L50|\n|poke|p2|Iron Hands, L50|\n|teampreview|4\n|inactive|Battle timer is ON: inactive players will automatically lose when time's up. (requested by CooperKid)\n|\n|t:|1717387061\n|start\n|switch|p1a: Raging Bolt|Raging Bolt, L50|100\/100\n|switch|p1b: Calyrex|Calyrex-Ice, L50|100\/100\n|switch|p2a: Perrserker|Perrserker, L50, F|100\/100\n|switch|p2b: Gholdengo|Gholdengo, L50|100\/100\n|-ability|p1b: Calyrex|As One\n|-ability|p1b: Calyrex|Unnerve\n|-enditem|p1a: Raging Bolt|Booster Energy\n|-activate|p1a: Raging Bolt|ability: Protosynthesis|[fromitem]\n|-start|p1a: Raging Bolt|protosynthesisspa\n|turn|1\n|j| GyattDamnnm\n|inactive|CooperKid has 30 seconds left.\n|j| bluestraggler01\n|\n|t:|1717387091\n|-terastallize|p2b: Gholdengo|Steel\n|move|p1b: Calyrex|Protect|p1b: Calyrex\n|-singleturn|p1b: Calyrex|Protect\n|move|p2a: Perrserker|Fake Out|p1a: Raging Bolt\n|-damage|p1a: Raging Bolt|93\/100\n|move|p2b: Gholdengo|Make It Rain|p1b: Calyrex|[spread] p1a\n|-activate|p1b: Calyrex|move: Protect\n|-resisted|p1a: Raging Bolt\n|-crit|p1a: Raging Bolt\n|-damage|p1a: Raging Bolt|3\/100\n|-unboost|p2b: Gholdengo|spa|1\n|cant|p1a: Raging Bolt|flinch\n|\n|upkeep\n|turn|2\n|\n|t:|1717387109\n|switch|p1b: Urshifu|Urshifu-Rapid-Strike, L50, M|100\/100\n|move|p1a: Raging Bolt|Protect|p1a: Raging Bolt\n|-singleturn|p1a: Raging Bolt|Protect\n|move|p2a: Perrserker|Taunt|p1b: Urshifu\n|-start|p1b: Urshifu|move: Taunt\n|move|p2b: Gholdengo|Make It Rain|p1a: Raging Bolt|[spread] p1b\n|-activate|p1a: Raging Bolt|move: Protect\n|-resisted|p1b: Urshifu\n|-damage|p1b: Urshifu|35\/100\n|-unboost|p2b: Gholdengo|spa|1\n|\n|upkeep\n|turn|3\n|inactive|Man I hate cheese has 30 seconds left.\n|\n|t:|1717387136\n|switch|p2b: Iron Hands|Iron Hands, L50|100\/100\n|move|p1b: Urshifu|Close Combat|p2b: Iron Hands\n|-damage|p2b: Iron Hands|61\/100\n|-unboost|p1b: Urshifu|def|1\n|-unboost|p1b: Urshifu|spd|1\n|move|p2a: Perrserker|Knock Off|p1a: Raging Bolt\n|-damage|p1a: Raging Bolt|0 fnt\n|faint|p1a: Raging Bolt\n|-end|p1a: Raging Bolt|Protosynthesis|[silent]\n|\n|upkeep\n|\n|t:|1717387153\n|switch|p1a: Calyrex|Calyrex-Ice, L50|100\/100\n|-ability|p1a: Calyrex|As One\n|-ability|p1a: Calyrex|Unnerve\n|turn|4\n|l| bluestraggler01\n|inactive|Man I hate cheese has 30 seconds left.\n|\n|t:|1717387178\n|-terastallize|p1a: Calyrex|Grass\n|move|p2b: Iron Hands|Fake Out|p1b: Urshifu\n|-damage|p1b: Urshifu|16\/100\n|cant|p1b: Urshifu|flinch\n|move|p2a: Perrserker|Taunt|p1a: Calyrex\n|-start|p1a: Calyrex|move: Taunt\n|cant|p1a: Calyrex|move: Taunt|Trick Room\n|\n|-end|p1b: Urshifu|move: Taunt\n|upkeep\n|turn|5\n|inactive|Man I hate cheese has 30 seconds left.\n|\n|t:|1717387208\n|move|p1b: Urshifu|Close Combat|p2a: Perrserker\n|-supereffective|p2a: Perrserker\n|-damage|p2a: Perrserker|0 fnt\n|-unboost|p1b: Urshifu|def|1\n|-unboost|p1b: Urshifu|spd|1\n|faint|p2a: Perrserker\n|move|p2b: Iron Hands|Drain Punch|p1a: Calyrex\n|-damage|p1a: Calyrex|77\/100\n|-heal|p2b: Iron Hands|70\/100|[from] drain|[of] p1a: Calyrex\n|move|p1a: Calyrex|High Horsepower|p2b: Iron Hands\n|-supereffective|p2b: Iron Hands\n|-damage|p2b: Iron Hands|19\/100\n|\n|upkeep\n|\n|t:|1717387217\n|switch|p2a: Kyogre|Kyogre, L50|100\/100\n|-weather|RainDance|[from] ability: Drizzle|[of] p2a: Kyogre\n|turn|6\n|\n|t:|1717387239\n|move|p1b: Urshifu|Close Combat|p2a: Kyogre\n|-damage|p2a: Kyogre|33\/100\n|-unboost|p1b: Urshifu|def|1\n|-unboost|p1b: Urshifu|spd|1\n|move|p2a: Kyogre|Water Spout|p1a: Calyrex|[spread] p1a,p1b\n|-resisted|p1a: Calyrex\n|-resisted|p1b: Urshifu\n|-damage|p1a: Calyrex|65\/100\n|-damage|p1b: Urshifu|0 fnt\n|faint|p1b: Urshifu\n|move|p2b: Iron Hands|Drain Punch|p1a: Calyrex\n|-damage|p1a: Calyrex|44\/100\n|-heal|p2b: Iron Hands|27\/100|[from] drain|[of] p1a: Calyrex\n|move|p1a: Calyrex|Glacial Lance|p2b: Iron Hands|[spread] p2a,p2b\n|-resisted|p2a: Kyogre\n|-damage|p2a: Kyogre|0 fnt\n|-damage|p2b: Iron Hands|0 fnt\n|faint|p2a: Kyogre\n|faint|p2b: Iron Hands\n|-end|p2b: Iron Hands|Quark Drive|[silent]\n|-ability|p1a: Calyrex|Chilling Neigh|boost\n|-boost|p1a: Calyrex|atk|2\n|\n|-weather|RainDance|[upkeep]\n|-end|p1a: Calyrex|move: Taunt\n|upkeep\n|\n|t:|1717387255\n|switch|p1b: Amoonguss|Amoonguss, L50, M|100\/100\n|switch|p2b: Gholdengo|Gholdengo, L50, tera:Steel|100\/100\n|turn|7\n|\n|t:|1717387264\n|move|p1a: Calyrex|Protect|p1a: Calyrex\n|-singleturn|p1a: Calyrex|Protect\n|move|p2b: Gholdengo|Make It Rain|p1b: Amoonguss|[spread] p1b\n|-activate|p1a: Calyrex|move: Protect\n|-damage|p1b: Amoonguss|17\/100\n|-unboost|p2b: Gholdengo|spa|1\n|-enditem|p1b: Amoonguss|Sitrus Berry|[eat]\n|-heal|p1b: Amoonguss|42\/100|[from] item: Sitrus Berry\n|move|p1b: Amoonguss|Pollen Puff|p2b: Gholdengo\n|-resisted|p2b: Gholdengo\n|-damage|p2b: Gholdengo|91\/100\n|\n|-weather|RainDance|[upkeep]\n|upkeep\n|turn|8\n|\n|t:|1717387277\n|move|p2b: Gholdengo|Make It Rain|p1a: Calyrex|[spread] p1a,p1b\n|-crit|p1b: Amoonguss\n|-damage|p1a: Calyrex|0 fnt\n|-damage|p1b: Amoonguss|0 fnt\n|-unboost|p2b: Gholdengo|spa|1\n|faint|p1a: Calyrex\n|faint|p1b: Amoonguss\n|\n|win|Man I hate cheese\n|raw|CooperKid's rating: 1728 &rarr; <strong>1704<\/strong><br \/>(-24 for losing)\n|raw|Man I hate cheese's rating: 1665 &rarr; <strong>1689<\/strong><br \/>(+24 for winning)\n|l|\u2606CooperKid\n|player|p1|\n|l| GyattDamnnm\n|l|\u2606Man I hate cheese\n|player|p2|\n|j| bluestraggler01\n|j| liusu\n|l| bluestraggler01\n|l| liusu\n","uploadtime":1717387529,"views":25,"formatid":"gen9vgc2024regg","rating":1689,"private":0,"password":null}