{"id":"gen9vgc2024regg-2135765572","format":"[Gen 9] VGC 2024 Reg G","players":["rebirthruby","tempest flute"],"log":"|j|\u2606rebirthruby\n|j|\u2606tempest flute\n|t:|1717379481\n|gametype|doubles\n|player|p1|rebirthruby|169|1791\n|player|p2|tempest flute|magmasuit|1742\n|teamsize|p1|6\n|teamsize|p2|6\n|gen|9\n|tier|[Gen 9] VGC 2024 Reg G\n|rated|\n|rule|Species Clause: Limit one of each Pok\u00e9mon\n|rule|Item Clause: Limit one of each item\n|clearpoke\n|poke|p1|Terapagos, L50, M|\n|poke|p1|Clefairy, L50, M|\n|poke|p1|Comfey, L50, M|\n|poke|p1|Whimsicott, L50, M|\n|poke|p1|Munkidori, L50, M|\n|poke|p1|Incineroar, L50, F|\n|poke|p2|Zacian-*, L50|\n|poke|p2|Whimsicott, L50, F|\n|poke|p2|Chi-Yu, L50|\n|poke|p2|Regidrago, L50|\n|poke|p2|Ogerpon-Wellspring, L50, F|\n|poke|p2|Amoonguss, L50, F|\n|teampreview|4\n|inactive|Battle timer is ON: inactive players will automatically lose when time's up. (requested by tempest flute)\n|j| ImSoChove\n|\n|t:|1717379507\n|start\n|switch|p1a: Incineroar|Incineroar, L50, F|100\/100\n|switch|p1b: Terapagos|Terapagos, L50, M|100\/100\n|switch|p2a: VEGETA|Chi-Yu, L50|100\/100\n|switch|p2b: FREIZA|Whimsicott, L50, F|100\/100\n|-activate|p1b: Terapagos|ability: Tera Shift\n|detailschange|p1b: Terapagos|Terapagos-Terastal, L50, M\n|-heal|p1b: Terapagos|100\/100|[silent]\n|-ability|p2a: VEGETA|Beads of Ruin\n|-ability|p1a: Incineroar|Intimidate|boost\n|-unboost|p2a: VEGETA|atk|1\n|-unboost|p2b: FREIZA|atk|1\n|turn|1\n|j| Therazer456\n|inactive|tempest flute has 30 seconds left.\n|inactive|tempest flute has 20 seconds left.\n|inactive|tempest flute has 15 seconds left.\n|\n|t:|1717379547\n|move|p1b: Terapagos|Protect|p1b: Terapagos\n|-singleturn|p1b: Terapagos|Protect\n|move|p2a: VEGETA|Heat Wave|p1b: Terapagos|[spread] p1a\n|-activate|p1b: Terapagos|move: Protect\n|-resisted|p1a: Incineroar\n|-damage|p1a: Incineroar|79\/100\n|move|p2b: FREIZA|Moonblast|p1a: Incineroar\n|-damage|p1a: Incineroar|44\/100\n|move|p1a: Incineroar|Taunt|p2b: FREIZA\n|-start|p2b: FREIZA|move: Taunt\n|\n|upkeep\n|turn|2\n|\n|t:|1717379569\n|move|p2a: VEGETA|Heat Wave|p1b: Terapagos|[spread] p1a,p1b\n|-resisted|p1a: Incineroar\n|-activate|p1b: Terapagos|ability: Tera Shell\n|-resisted|p1b: Terapagos\n|-damage|p1a: Incineroar|23\/100\n|-damage|p1b: Terapagos|78\/100\n|move|p2b: FREIZA|Moonblast|p1b: Terapagos\n|-damage|p1b: Terapagos|37\/100\n|move|p1b: Terapagos|Calm Mind|p1b: Terapagos\n|-boost|p1b: Terapagos|spa|1\n|-boost|p1b: Terapagos|spd|1\n|move|p1a: Incineroar|Parting Shot|p2a: VEGETA\n|-unboost|p2a: VEGETA|atk|1\n|-unboost|p2a: VEGETA|spa|1\n|\n|t:|1717379584\n|switch|p1a: Comfey|Comfey, L50, M|100\/100|[from] Parting Shot\n|\n|upkeep\n|turn|3\n|\n|t:|1717379595\n|-terastallize|p1b: Terapagos|Stellar\n|detailschange|p1b: Terapagos|Terapagos-Stellar, L50, M, tera:Stellar\n|-heal|p1b: Terapagos|53\/100|[silent]\n|move|p1a: Comfey|Floral Healing|p1b: Terapagos\n|-heal|p1b: Terapagos|100\/100\n|move|p2a: VEGETA|Heat Wave|p1a: Comfey|[spread] p1a,p1b\n|-damage|p1a: Comfey|68\/100\n|-damage|p1b: Terapagos|84\/100\n|move|p2b: FREIZA|Moonblast|p1a: Comfey\n|-damage|p1a: Comfey|28\/100\n|-enditem|p1a: Comfey|Sitrus Berry|[eat]\n|-heal|p1a: Comfey|52\/100|[from] item: Sitrus Berry\n|move|p1b: Terapagos|Tera Starstorm|p2b: FREIZA|[spread] p2a,p2b\n|-damage|p2a: VEGETA|31\/100\n|-enditem|p2b: FREIZA|Focus Sash\n|-damage|p2b: FREIZA|1\/100\n|\n|upkeep\n|turn|4\n|inactive|rebirthruby has 30 seconds left.\n|\n|t:|1717379624\n|move|p1a: Comfey|Draining Kiss|p2b: FREIZA\n|-damage|p2b: FREIZA|0 fnt\n|-heal|p1a: Comfey|53\/100|[from] drain|[of] p2b: FREIZA\n|faint|p2b: FREIZA\n|move|p2a: VEGETA|Heat Wave|p1b: Terapagos|[spread] p1a,p1b\n|-damage|p1a: Comfey|22\/100\n|-damage|p1b: Terapagos|69\/100\n|move|p1b: Terapagos|Tera Starstorm|p2a: VEGETA\n|-damage|p2a: VEGETA|0 fnt\n|faint|p2a: VEGETA\n|\n|upkeep\n|\n|t:|1717379628\n|switch|p2b: BULMA|Ogerpon-Wellspring, L50, F|100\/100\n|switch|p2a: FUTURE TRUNKS|Zacian-Crowned, L50|100\/100\n|-ability|p2a: FUTURE TRUNKS|Intrepid Sword|boost\n|-boost|p2a: FUTURE TRUNKS|atk|1\n|turn|5\n|\n|t:|1717379649\n|switch|p1a: Incineroar|Incineroar, L50, F|23\/100\n|-ability|p1a: Incineroar|Intimidate|boost\n|-unboost|p2a: FUTURE TRUNKS|atk|1\n|-unboost|p2b: BULMA|atk|1\n|move|p1b: Terapagos|Protect|p1b: Terapagos\n|-singleturn|p1b: Terapagos|Protect\n|move|p2a: FUTURE TRUNKS|Sacred Sword|p1b: Terapagos\n|-activate|p1b: Terapagos|move: Protect\n|move|p2b: BULMA|Ivy Cudgel|p1a: Incineroar|[anim] Ivy Cudgel Water\n|-supereffective|p1a: Incineroar\n|-enditem|p1a: Incineroar|Passho Berry|[eat]\n|-enditem|p1a: Incineroar|Passho Berry|[weaken]\n|-damage|p1a: Incineroar|0 fnt\n|faint|p1a: Incineroar\n|\n|upkeep\n|inactive|rebirthruby has 30 seconds left.\n|inactive|rebirthruby has 20 seconds left.\n|\n|t:|1717379686\n|switch|p1a: Whimsicott|Whimsicott, L50, M|100\/100\n|turn|6\n|\n|t:|1717379703\n|move|p1a: Whimsicott|Tailwind|p1a: Whimsicott\n|-sidestart|p1: rebirthruby|move: Tailwind\n|move|p1b: Terapagos|Tera Starstorm|p2a: FUTURE TRUNKS|[spread] p2a,p2b\n|-damage|p2a: FUTURE TRUNKS|44\/100\n|-damage|p2b: BULMA|24\/100\n|move|p2a: FUTURE TRUNKS|Sacred Sword|p1b: Terapagos\n|-supereffective|p1b: Terapagos\n|-damage|p1b: Terapagos|23\/100\n|move|p2b: BULMA|Ivy Cudgel|p1b: Terapagos|[anim] Ivy Cudgel Water\n|-damage|p1b: Terapagos|0 fnt\n|faint|p1b: Terapagos\n|\n|upkeep\n|\n|t:|1717379716\n|switch|p1b: Comfey|Comfey, L50, M|22\/100\n|turn|7\n|\n|t:|1717379731\n|-terastallize|p2b: BULMA|Water\n|detailschange|p2b: BULMA|Ogerpon-Wellspring-Tera, L50, F, tera:Water\n|-ability|p2b: BULMA|Embody Aspect (Wellspring)|boost\n|-boost|p2b: BULMA|spd|1\n|move|p1b: Comfey|Draining Kiss|p2b: BULMA\n|-damage|p2b: BULMA|11\/100\n|-heal|p1b: Comfey|32\/100|[from] drain|[of] p2b: BULMA\n|move|p1a: Whimsicott|Moonblast|p2a: FUTURE TRUNKS\n|-resisted|p2a: FUTURE TRUNKS\n|-damage|p2a: FUTURE TRUNKS|32\/100\n|-unboost|p2a: FUTURE TRUNKS|spa|1\n|move|p2a: FUTURE TRUNKS|Behemoth Blade|p1b: Comfey\n|-supereffective|p1b: Comfey\n|-damage|p1b: Comfey|0 fnt\n|faint|p1b: Comfey\n|move|p2b: BULMA|Horn Leech|p1a: Whimsicott\n|-resisted|p1a: Whimsicott\n|-damage|p1a: Whimsicott|82\/100\n|-heal|p2b: BULMA|20\/100|[from] drain|[of] p1a: Whimsicott\n|\n|upkeep\n|turn|8\n|-message|rebirthruby forfeited.\n|\n|win|tempest flute\n|raw|rebirthruby's rating: 1791 &rarr; <strong>1768<\/strong><br \/>(-23 for losing)\n|raw|tempest flute's rating: 1742 &rarr; <strong>1765<\/strong><br \/>(+23 for winning)\n|l|\u2606rebirthruby\n|player|p1|\n|l| ImSoChove\n|l| Therazer456\n","uploadtime":1717379778,"views":270,"formatid":"gen9vgc2024regg","rating":1765,"private":0,"password":null}