{"id":"gen9vgc2024regg-2136263039","format":"[Gen 9] VGC 2024 Reg G","players":["emu2567","dene420"],"log":"|j|\u2606emu2567\n|j|\u2606dene420\n|t:|1717444783\n|gametype|doubles\n|player|p1|emu2567|265|1668\n|player|p2|dene420|unknown|1697\n|teamsize|p1|6\n|teamsize|p2|6\n|gen|9\n|tier|[Gen 9] VGC 2024 Reg G\n|rated|\n|rule|Species Clause: Limit one of each Pok\u00e9mon\n|rule|Item Clause: Limit one of each item\n|clearpoke\n|poke|p1|Calyrex-Ice, L50|\n|poke|p1|Amoonguss, L50, M|\n|poke|p1|Hatterene, L50, F|\n|poke|p1|Indeedee-F, L50, F|\n|poke|p1|Mienshao, L50, F|\n|poke|p1|Hariyama, L50, F|\n|poke|p2|Rayquaza, L50|\n|poke|p2|Chien-Pao, L50|\n|poke|p2|Suicune, L50|\n|poke|p2|Landorus, L50, M|\n|poke|p2|Rillaboom, L50, M|\n|poke|p2|Incineroar, L50, F|\n|teampreview|4\n|\n|t:|1717444808\n|start\n|switch|p1a: Mienshao|Mienshao, L50, F|100\/100\n|switch|p1b: Hatterene|Hatterene, L50, F|100\/100\n|switch|p2a: Incineroar|Incineroar, L50, F|100\/100\n|switch|p2b: Suicune|Suicune, L50|100\/100\n|-ability|p2a: Incineroar|Intimidate|boost\n|-fail|p1a: Mienshao|unboost|Attack|[from] ability: Inner Focus|[of] p1a: Mienshao\n|-unboost|p1b: Hatterene|atk|1\n|turn|1\n|j| OlivierVGC\n|l| OlivierVGC\n|\n|t:|1717444837\n|move|p2b: Suicune|Snarl|p1b: Hatterene|[spread] p1a,p1b\n|-resisted|p1a: Mienshao\n|-damage|p1a: Mienshao|94\/100\n|-damage|p1b: Hatterene|93\/100\n|-unboost|p1a: Mienshao|spa|1\n|-unboost|p1b: Hatterene|spa|1\n|move|p1a: Mienshao|Close Combat|p2a: Incineroar\n|-supereffective|p2a: Incineroar\n|-damage|p2a: Incineroar|0 fnt\n|-unboost|p1a: Mienshao|def|1\n|-unboost|p1a: Mienshao|spd|1\n|faint|p2a: Incineroar\n|-damage|p1a: Mienshao|84\/100|[from] item: Life Orb\n|move|p1b: Hatterene|Trick Room|p1b: Hatterene\n|-fieldstart|move: Trick Room|[of] p1b: Hatterene\n|\n|upkeep\n|\n|t:|1717444855\n|switch|p2a: Rayquaza|Rayquaza, L50|100\/100\n|-ability|p2a: Rayquaza|Air Lock\n|turn|2\n|\n|t:|1717444865\n|move|p1b: Hatterene|Dazzling Gleam|p2a: Rayquaza|[spread] p2a,p2b\n|-supereffective|p2a: Rayquaza\n|-damage|p2a: Rayquaza|68\/100\n|-damage|p2b: Suicune|87\/100\n|move|p1a: Mienshao|Close Combat|p2b: Suicune\n|-damage|p2b: Suicune|30\/100\n|-unboost|p1a: Mienshao|def|1\n|-unboost|p1a: Mienshao|spd|1\n|-damage|p1a: Mienshao|74\/100|[from] item: Life Orb\n|move|p2b: Suicune|Snarl|p1a: Mienshao|[spread] p1a\n|-miss|p2b: Suicune|p1b: Hatterene\n|-resisted|p1a: Mienshao\n|-damage|p1a: Mienshao|60\/100\n|-unboost|p1a: Mienshao|spa|1\n|move|p2a: Rayquaza|Swords Dance|p2a: Rayquaza\n|-boost|p2a: Rayquaza|atk|2\n|\n|-heal|p2b: Suicune|36\/100|[from] item: Leftovers\n|upkeep\n|turn|3\n|\n|t:|1717444887\n|move|p2a: Rayquaza|Protect|p2a: Rayquaza\n|-singleturn|p2a: Rayquaza|Protect\n|move|p1b: Hatterene|Dazzling Gleam|p2b: Suicune|[spread] p2b\n|-activate|p2a: Rayquaza|move: Protect\n|-damage|p2b: Suicune|23\/100\n|move|p1a: Mienshao|Knock Off|p2a: Rayquaza\n|-activate|p2a: Rayquaza|move: Protect\n|move|p2b: Suicune|Snarl|p1a: Mienshao|[spread] p1a,p1b\n|-resisted|p1a: Mienshao\n|-damage|p1a: Mienshao|47\/100\n|-damage|p1b: Hatterene|84\/100\n|-unboost|p1a: Mienshao|spa|1\n|-unboost|p1b: Hatterene|spa|1\n|\n|-heal|p2b: Suicune|29\/100|[from] item: Leftovers\n|upkeep\n|turn|4\n|\n|t:|1717444909\n|switch|p1b: Indeedee|Indeedee-F, L50, F|100\/100\n|-fieldstart|move: Psychic Terrain|[from] ability: Psychic Surge|[of] p1b: Indeedee\n|-terastallize|p1a: Mienshao|Dark\n|-terastallize|p2a: Rayquaza|Normal\n|move|p2a: Rayquaza|Extreme Speed|p1a: Mienshao\n|-activate|p1a: Mienshao|move: Psychic Terrain\n|move|p1a: Mienshao|Knock Off|p2a: Rayquaza\n|-damage|p2a: Rayquaza|5\/100\n|-enditem|p2a: Rayquaza|Clear Amulet|[from] move: Knock Off|[of] p1a: Mienshao\n|-damage|p1a: Mienshao|37\/100|[from] item: Life Orb\n|move|p2b: Suicune|Snarl|p1b: Indeedee|[spread] p1a,p1b\n|-resisted|p1a: Mienshao\n|-supereffective|p1b: Indeedee\n|-damage|p1a: Mienshao|21\/100\n|-damage|p1b: Indeedee|80\/100\n|-unboost|p1a: Mienshao|spa|1\n|-unboost|p1b: Indeedee|spa|1\n|\n|-heal|p2b: Suicune|34\/100|[from] item: Leftovers\n|upkeep\n|turn|5\n|j| iamTay\n|\n|t:|1717444938\n|switch|p1a: Hatterene|Hatterene, L50, F|84\/100\n|switch|p2b: Rillaboom|Rillaboom, L50, M|100\/100\n|-fieldstart|move: Grassy Terrain|[from] ability: Grassy Surge|[of] p2b: Rillaboom\n|move|p2a: Rayquaza|Protect|p2a: Rayquaza\n|-singleturn|p2a: Rayquaza|Protect\n|move|p1b: Indeedee|Shadow Ball|p2a: Rayquaza\n|-activate|p2a: Rayquaza|move: Protect\n|\n|-heal|p1a: Hatterene|90\/100|[from] Grassy Terrain\n|-heal|p2a: Rayquaza|11\/100|[from] Grassy Terrain\n|-heal|p1b: Indeedee|86\/100|[from] Grassy Terrain\n|-fieldend|move: Trick Room\n|upkeep\n|turn|6\n|\n|t:|1717444962\n|move|p2a: Rayquaza|Extreme Speed|p1a: Hatterene\n|-damage|p1a: Hatterene|0 fnt\n|faint|p1a: Hatterene\n|move|p2b: Rillaboom|U-turn|p1b: Indeedee\n|-supereffective|p1b: Indeedee\n|-damage|p1b: Indeedee|32\/100\n|\n|t:|1717444967\n|switch|p2b: Suicune|Suicune, L50|34\/100|[from] U-turn\n|move|p1b: Indeedee|Trick Room|p1b: Indeedee\n|-fieldstart|move: Trick Room|[of] p1b: Indeedee\n|\n|-heal|p2b: Suicune|40\/100|[from] Grassy Terrain\n|-heal|p2b: Suicune|46\/100|[from] item: Leftovers\n|-heal|p2a: Rayquaza|17\/100|[from] Grassy Terrain\n|-heal|p1b: Indeedee|38\/100|[from] Grassy Terrain\n|upkeep\n|\n|t:|1717444982\n|switch|p1a: Calyrex|Calyrex-Ice, L50|100\/100\n|-ability|p1a: Calyrex|As One\n|-ability|p1a: Calyrex|Unnerve\n|turn|7\n|\n|t:|1717444994\n|switch|p1b: Mienshao|Mienshao, L50, F, tera:Dark|21\/100\n|move|p2a: Rayquaza|Extreme Speed|p1a: Calyrex\n|-damage|p1a: Calyrex|42\/100\n|move|p1a: Calyrex|Glacial Lance|p2a: Rayquaza|[spread] p2a,p2b\n|-resisted|p2b: Suicune\n|-damage|p2a: Rayquaza|0 fnt\n|-damage|p2b: Suicune|28\/100\n|faint|p2a: Rayquaza\n|-ability|p1a: Calyrex|Chilling Neigh|boost\n|-boost|p1a: Calyrex|atk|1\n|move|p2b: Suicune|Scald|p1a: Calyrex\n|-damage|p1a: Calyrex|24\/100\n|\n|-heal|p1a: Calyrex|30\/100|[from] Grassy Terrain\n|-heal|p1b: Mienshao|27\/100|[from] Grassy Terrain\n|-heal|p2b: Suicune|33\/100|[from] Grassy Terrain\n|-heal|p2b: Suicune|39\/100|[from] item: Leftovers\n|upkeep\n|\n|t:|1717445002\n|switch|p2a: Rillaboom|Rillaboom, L50, M|100\/100\n|turn|8\n|\n|t:|1717445024\n|move|p1b: Mienshao|Fake Out|p2a: Rillaboom\n|-crit|p2a: Rillaboom\n|-damage|p2a: Rillaboom|74\/100\n|-damage|p1b: Mienshao|17\/100|[from] item: Life Orb\n|cant|p2a: Rillaboom|flinch\n|move|p1a: Calyrex|Glacial Lance|p2b: Suicune|[spread] p2a,p2b\n|-supereffective|p2a: Rillaboom\n|-resisted|p2b: Suicune\n|-damage|p2a: Rillaboom|0 fnt\n|-damage|p2b: Suicune|11\/100\n|faint|p2a: Rillaboom\n|-ability|p1a: Calyrex|Chilling Neigh|boost\n|-boost|p1a: Calyrex|atk|1\n|move|p2b: Suicune|Scald|p1a: Calyrex\n|-crit|p1a: Calyrex\n|-damage|p1a: Calyrex|0 fnt\n|faint|p1a: Calyrex\n|\n|-heal|p1b: Mienshao|23\/100|[from] Grassy Terrain\n|-heal|p2b: Suicune|17\/100|[from] Grassy Terrain\n|-heal|p2b: Suicune|23\/100|[from] item: Leftovers\n|upkeep\n|inactive|Battle timer is ON: inactive players will automatically lose when time's up. (requested by dene420)\n|\n|t:|1717445076\n|switch|p1a: Indeedee|Indeedee-F, L50, F|38\/100\n|-fieldstart|move: Psychic Terrain|[from] ability: Psychic Surge|[of] p1a: Indeedee\n|turn|9\n|l| iamTay\n|j| 549TheGoat\n|\n|t:|1717445099\n|move|p1a: Indeedee|Follow Me|p1a: Indeedee\n|-singleturn|p1a: Indeedee|move: Follow Me\n|move|p1b: Mienshao|Close Combat|p2b: Suicune\n|-damage|p2b: Suicune|0 fnt\n|-unboost|p1b: Mienshao|def|1\n|-unboost|p1b: Mienshao|spd|1\n|faint|p2b: Suicune\n|-damage|p1b: Mienshao|13\/100|[from] item: Life Orb\n|\n|win|emu2567\n|raw|emu2567's rating: 1668 &rarr; <strong>1690<\/strong><br \/>(+22 for winning)\n|raw|dene420's rating: 1697 &rarr; <strong>1675<\/strong><br \/>(-22 for losing)\n|l|\u2606dene420\n|player|p2|\n|l|\u2606emu2567\n|player|p1|\n","uploadtime":1717445271,"views":49,"formatid":"gen9vgc2024regg","rating":1675,"private":0,"password":null}