{"id":"gen9vgc2024regg-2136180174","format":"[Gen 9] VGC 2024 Reg G","players":["Tempest brute","AZUNA_Fan"],"log":"|j|\u203dTempest brute\n|j|\u2606AZUNA_Fan\n|t:|1717436640\n|gametype|doubles\n|player|p1|Tempest brute|265|1725\n|player|p2|AZUNA_Fan|dawn-gen4pt|1776\n|teamsize|p1|6\n|teamsize|p2|6\n|gen|9\n|tier|[Gen 9] VGC 2024 Reg G\n|rated|\n|rule|Species Clause: Limit one of each Pok\u00e9mon\n|rule|Item Clause: Limit one of each item\n|clearpoke\n|poke|p1|Lunala, L50|\n|poke|p1|Roaring Moon, L50|\n|poke|p1|Entei, L50|\n|poke|p1|Ogerpon-Wellspring, L50, F|\n|poke|p1|Iron Hands, L50|\n|poke|p1|Ursaluna-Bloodmoon, L50, M|\n|poke|p2|Calyrex-Shadow, L50|\n|poke|p2|Urshifu-*, L50, M|\n|poke|p2|Indeedee-F, L50, F|\n|poke|p2|Maushold, L50|\n|poke|p2|Dondozo, L50, M|\n|poke|p2|Tatsugiri, L50, F|\n|teampreview|4\n|inactive|Battle timer is ON: inactive players will automatically lose when time's up. (requested by AZUNA_Fan)\n|inactive|AZUNA_Fan has 60 seconds left.\n|\n|t:|1717436676\n|start\n|switch|p1a: Lunala|Lunala, L50|100\/100\n|switch|p1b: Roaring Moon|Roaring Moon, L50|100\/100\n|switch|p2a: Calyrex|Calyrex-Shadow, L50|100\/100\n|switch|p2b: Urshifu|Urshifu, L50, M|100\/100\n|-ability|p2a: Calyrex|As One\n|-ability|p2a: Calyrex|Unnerve\n|-enditem|p1b: Roaring Moon|Booster Energy\n|-activate|p1b: Roaring Moon|ability: Protosynthesis|[fromitem]\n|-start|p1b: Roaring Moon|protosynthesisspe\n|turn|1\n|inactive|AZUNA_Fan has 30 seconds left.\n|\n|t:|1717436711\n|-terastallize|p2a: Calyrex|Dark\n|-terastallize|p1a: Lunala|Water\n|move|p1b: Roaring Moon|Substitute|p1b: Roaring Moon\n|-start|p1b: Roaring Moon|Substitute\n|-damage|p1b: Roaring Moon|76\/100\n|move|p2a: Calyrex|Astral Barrage|p1a: Lunala|[spread] p1a,p1b\n|-resisted|p1b: Roaring Moon\n|-end|p1b: Roaring Moon|Substitute\n|-damage|p1a: Lunala|81\/100\n|move|p2b: Urshifu|Poison Jab|p1a: Lunala\n|-damage|p1a: Lunala|48\/100\n|move|p1a: Lunala|Moongeist Beam|p2a: Calyrex\n|-resisted|p2a: Calyrex\n|-damage|p2a: Calyrex|78\/100\n|\n|-heal|p1a: Lunala|54\/100|[from] item: Leftovers\n|upkeep\n|turn|2\n|inactive|Tempest brute has 30 seconds left.\n|inactive|Tempest brute has 20 seconds left.\n|\n|t:|1717436748\n|switch|p1a: Entei|Entei, L50|100\/100\n|move|p1b: Roaring Moon|Acrobatics|p2b: Urshifu\n|-supereffective|p2b: Urshifu\n|-damage|p2b: Urshifu|30\/100\n|move|p2a: Calyrex|Astral Barrage|p1a: Entei|[spread] p1a,p1b\n|-resisted|p1b: Roaring Moon\n|-damage|p1a: Entei|63\/100\n|-damage|p1b: Roaring Moon|46\/100\n|move|p2b: Urshifu|Poison Jab|p1b: Roaring Moon\n|-damage|p1b: Roaring Moon|5\/100\n|\n|upkeep\n|turn|3\n|\n|t:|1717436766\n|move|p1b: Roaring Moon|Acrobatics|p2b: Urshifu\n|-supereffective|p2b: Urshifu\n|-damage|p2b: Urshifu|0 fnt\n|faint|p2b: Urshifu\n|move|p2a: Calyrex|Astral Barrage|p1b: Roaring Moon|[spread] p1a,p1b\n|-resisted|p1b: Roaring Moon\n|-damage|p1a: Entei|22\/100\n|-damage|p1b: Roaring Moon|0 fnt\n|faint|p1b: Roaring Moon\n|-end|p1b: Roaring Moon|Protosynthesis|[silent]\n|-ability|p2a: Calyrex|Grim Neigh|boost\n|-boost|p2a: Calyrex|spa|1\n|move|p1a: Entei|Sacred Fire|p2a: Calyrex\n|-damage|p2a: Calyrex|40\/100\n|\n|upkeep\n|\n|t:|1717436780\n|switch|p1b: Ogerpon|Ogerpon-Wellspring, L50, F|100\/100\n|switch|p2b: Dondozo|Dondozo, L50, M|100\/100\n|turn|4\n|\n|t:|1717436786\n|move|p2b: Dondozo|Protect|p2b: Dondozo\n|-singleturn|p2b: Dondozo|Protect\n|move|p1a: Entei|Extreme Speed|p2a: Calyrex\n|-damage|p2a: Calyrex|20\/100\n|move|p2a: Calyrex|Astral Barrage|p1a: Entei|[spread] p1a,p1b\n|-damage|p1a: Entei|0 fnt\n|-damage|p1b: Ogerpon|3\/100\n|faint|p1a: Entei\n|-ability|p2a: Calyrex|Grim Neigh|boost\n|-boost|p2a: Calyrex|spa|1\n|move|p1b: Ogerpon|Ivy Cudgel|p2a: Calyrex|[anim] Ivy Cudgel Water\n|-crit|p2a: Calyrex\n|-damage|p2a: Calyrex|0 fnt\n|faint|p2a: Calyrex\n|\n|upkeep\n|\n|t:|1717436801\n|switch|p2a: Tatsugiri|Tatsugiri, L50, F|100\/100\n|switch|p1a: Lunala|Lunala, L50, tera:Water|54\/100\n|-activate|p2a: Tatsugiri|ability: Commander|[of] p2b: Dondozo\n|-boost|p2b: Dondozo|atk|2\n|-boost|p2b: Dondozo|spa|2\n|-boost|p2b: Dondozo|spe|2\n|-boost|p2b: Dondozo|def|2\n|-boost|p2b: Dondozo|spd|2\n|turn|5\n|\n|t:|1717436819\n|move|p1b: Ogerpon|Spiky Shield|p1b: Ogerpon\n|-singleturn|p1b: Ogerpon|move: Protect\n|move|p2b: Dondozo|Order Up|p1b: Ogerpon\n|-activate|p1b: Ogerpon|move: Protect\n|move|p1a: Lunala|Moonlight|p1a: Lunala\n|-heal|p1a: Lunala|100\/100\n|\n|upkeep\n|turn|6\n|\n|t:|1717436828\n|move|p2b: Dondozo|Order Up|p1b: Ogerpon\n|-damage|p1b: Ogerpon|0 fnt\n|faint|p1b: Ogerpon\n|-boost|p2b: Dondozo|atk|1\n|move|p1a: Lunala|Will-O-Wisp|p2b: Dondozo\n|-status|p2b: Dondozo|brn\n|\n|-damage|p2b: Dondozo|94\/100 brn|[from] brn\n|upkeep\n|turn|7\n|\n|t:|1717436837\n|move|p2b: Dondozo|Order Up|p1a: Lunala\n|-damage|p1a: Lunala|92\/100\n|-boost|p2b: Dondozo|atk|1\n|move|p1a: Lunala|Moongeist Beam|p2b: Dondozo\n|-damage|p2b: Dondozo|76\/100 brn\n|\n|-heal|p1a: Lunala|98\/100|[from] item: Leftovers\n|-damage|p2b: Dondozo|69\/100 brn|[from] brn\n|upkeep\n|turn|8\n|\n|t:|1717436847\n|move|p1a: Lunala|Protect|p1a: Lunala\n|-singleturn|p1a: Lunala|Protect\n|move|p2b: Dondozo|Order Up|p1a: Lunala\n|-activate|p1a: Lunala|move: Protect\n|\n|-heal|p1a: Lunala|100\/100|[from] item: Leftovers\n|-damage|p2b: Dondozo|63\/100 brn|[from] brn\n|upkeep\n|turn|9\n|inactive|Tempest brute has 30 seconds left.\n|inactive|Tempest brute has 20 seconds left.\n|inactive|Tempest brute has 15 seconds left.\n|inactive|Tempest brute has 10 seconds left.\n|inactive|Tempest brute has 5 seconds left.\n|j| lol lol lol blue\n|\n|t:|1717436902\n|move|p2b: Dondozo|Order Up|p1a: Lunala\n|-damage|p1a: Lunala|91\/100\n|-boost|p2b: Dondozo|atk|1\n|move|p1a: Lunala|Will-O-Wisp|p2a: Tatsugiri|[miss]\n|-miss|p1a: Lunala|p2a: Tatsugiri\n|\n|-heal|p1a: Lunala|98\/100|[from] item: Leftovers\n|-damage|p2b: Dondozo|57\/100 brn|[from] brn\n|upkeep\n|turn|10\n|\n|t:|1717436911\n|move|p1a: Lunala|Protect|p1a: Lunala\n|-singleturn|p1a: Lunala|Protect\n|move|p2b: Dondozo|Order Up|p1a: Lunala\n|-activate|p1a: Lunala|move: Protect\n|\n|-heal|p1a: Lunala|100\/100|[from] item: Leftovers\n|-damage|p2b: Dondozo|51\/100 brn|[from] brn\n|upkeep\n|turn|11\n|\n|t:|1717436918\n|move|p2b: Dondozo|Order Up|p1a: Lunala\n|-damage|p1a: Lunala|89\/100\n|-boost|p2b: Dondozo|atk|1\n|move|p1a: Lunala|Moongeist Beam|p2b: Dondozo\n|-damage|p2b: Dondozo|32\/100 brn\n|\n|-heal|p1a: Lunala|95\/100|[from] item: Leftovers\n|-damage|p2b: Dondozo|26\/100 brn|[from] brn\n|upkeep\n|turn|12\n|inactive|Tempest brute has 30 seconds left.\n|inactive|Tempest brute has 20 seconds left.\n|inactive|Tempest brute has 15 seconds left.\n|\n|t:|1717436960\n|move|p1a: Lunala|Protect|p1a: Lunala\n|-singleturn|p1a: Lunala|Protect\n|move|p2b: Dondozo|Earthquake|p1a: Lunala|[spread] \n|-miss|p2b: Dondozo|p2a: Tatsugiri\n|-activate|p1a: Lunala|move: Protect\n|\n|-heal|p1a: Lunala|100\/100|[from] item: Leftovers\n|-damage|p2b: Dondozo|20\/100 brn|[from] brn\n|upkeep\n|turn|13\n|\n|t:|1717436968\n|move|p2b: Dondozo|Earthquake|p1a: Lunala|[spread] p1a\n|-miss|p2b: Dondozo|p2a: Tatsugiri\n|-damage|p1a: Lunala|88\/100\n|move|p1a: Lunala|Will-O-Wisp|p2b: Dondozo\n|-fail|p2b: Dondozo|brn\n|\n|-heal|p1a: Lunala|94\/100|[from] item: Leftovers\n|-damage|p2b: Dondozo|13\/100 brn|[from] brn\n|upkeep\n|turn|14\n|inactive|Tempest brute has 30 seconds left.\n|\n|t:|1717437001\n|move|p1a: Lunala|Protect|p1a: Lunala\n|-singleturn|p1a: Lunala|Protect\n|move|p2b: Dondozo|Earthquake|p1a: Lunala|[spread] \n|-miss|p2b: Dondozo|p2a: Tatsugiri\n|-activate|p1a: Lunala|move: Protect\n|\n|-heal|p1a: Lunala|99\/100|[from] item: Leftovers\n|-damage|p2b: Dondozo|7\/100 brn|[from] brn\n|upkeep\n|turn|15\n|\n|t:|1717437015\n|move|p2b: Dondozo|Earthquake|p1a: Lunala|[spread] p1a\n|-miss|p2b: Dondozo|p2a: Tatsugiri\n|-damage|p1a: Lunala|77\/100\n|move|p1a: Lunala|Moonlight|p1a: Lunala\n|-heal|p1a: Lunala|100\/100\n|\n|-damage|p2b: Dondozo|1\/100 brn|[from] brn\n|upkeep\n|turn|16\n|j| bluestraggler01\n|\n|t:|1717437029\n|move|p2b: Dondozo|Earthquake|p1a: Lunala|[spread] p1a\n|-miss|p2b: Dondozo|p2a: Tatsugiri\n|-damage|p1a: Lunala|89\/100\n|move|p1a: Lunala|Moongeist Beam|p2b: Dondozo\n|-damage|p2b: Dondozo|0 fnt\n|faint|p2b: Dondozo\n|\n|-heal|p1a: Lunala|95\/100|[from] item: Leftovers\n|upkeep\n|turn|17\n|inactive|Tempest brute has 30 seconds left.\n|inactive|Tempest brute has 20 seconds left.\n|\n|t:|1717437066\n|move|p1a: Lunala|Moongeist Beam|p2a: Tatsugiri\n|-damage|p2a: Tatsugiri|39\/100\n|move|p2a: Tatsugiri|Mirror Coat|p1a: Lunala\n|-damage|p1a: Lunala|23\/100\n|\n|-heal|p1a: Lunala|29\/100|[from] item: Leftovers\n|upkeep\n|turn|18\n|\n|t:|1717437077\n|move|p2a: Tatsugiri|Draco Meteor|p1a: Lunala\n|-damage|p1a: Lunala|0 fnt\n|-unboost|p2a: Tatsugiri|spa|2\n|faint|p1a: Lunala\n|\n|win|AZUNA_Fan\n|raw|Tempest brute's rating: 1725 &rarr; <strong>1708<\/strong><br \/>(-17 for losing)\n|raw|AZUNA_Fan's rating: 1776 &rarr; <strong>1793<\/strong><br \/>(+17 for winning)\n|l|\u203dTempest brute\n|player|p1|\n|l|\u2606AZUNA_Fan\n|player|p2|\n|l| lol lol lol blue\n|l| bluestraggler01\n","uploadtime":1717437260,"views":53,"formatid":"gen9vgc2024regg","rating":1708,"private":0,"password":null}