{"id":"gen9vgc2024regg-2136783635","format":"[Gen 9] VGC 2024 Reg G","players":["Tempest brute","AZUNA_Fan"],"log":"|j|\u203dTempest brute\n|j|\u2606AZUNA_Fan\n|t:|1717515006\n|gametype|doubles\n|player|p1|Tempest brute|265|1795\n|player|p2|AZUNA_Fan|dawn-gen4pt|1803\n|teamsize|p1|6\n|teamsize|p2|6\n|gen|9\n|tier|[Gen 9] VGC 2024 Reg G\n|rated|\n|rule|Species Clause: Limit one of each Pok\u00e9mon\n|rule|Item Clause: Limit one of each item\n|clearpoke\n|poke|p1|Lunala, L50|\n|poke|p1|Roaring Moon, L50|\n|poke|p1|Entei, L50|\n|poke|p1|Ogerpon-Wellspring, L50, F|\n|poke|p1|Iron Hands, L50|\n|poke|p1|Ursaluna-Bloodmoon, L50, M|\n|poke|p2|Calyrex-Shadow, L50|\n|poke|p2|Urshifu-*, L50, F|\n|poke|p2|Indeedee-F, L50, F|\n|poke|p2|Maushold, L50|\n|poke|p2|Dondozo, L50, M|\n|poke|p2|Tatsugiri, L50, M|\n|teampreview|4\n|inactive|Battle timer is ON: inactive players will automatically lose when time's up. (requested by AZUNA_Fan)\n|inactive|Tempest brute has 60 seconds left.\n|j| Congwuyu\n|\n|t:|1717515049\n|start\n|switch|p1a: Lunala|Lunala, L50|100\/100\n|switch|p1b: Ursaluna|Ursaluna-Bloodmoon, L50, M|100\/100\n|switch|p2a: Calyrex|Calyrex-Shadow, L50|100\/100\n|switch|p2b: Urshifu|Urshifu, L50, F|100\/100\n|-ability|p2a: Calyrex|As One\n|-ability|p2a: Calyrex|Unnerve\n|turn|1\n|\n|t:|1717515078\n|-terastallize|p2a: Calyrex|Dark\n|-terastallize|p1a: Lunala|Water\n|move|p2a: Calyrex|Astral Barrage|p1a: Lunala|[spread] p1a\n|-immune|p1b: Ursaluna\n|-damage|p1a: Lunala|78\/100\n|move|p2b: Urshifu|Close Combat|p1b: Ursaluna\n|-supereffective|p1b: Ursaluna\n|-damage|p1b: Ursaluna|0 fnt\n|-unboost|p2b: Urshifu|def|1\n|-unboost|p2b: Urshifu|spd|1\n|faint|p1b: Ursaluna\n|move|p1a: Lunala|Will-O-Wisp|p2b: Urshifu\n|-status|p2b: Urshifu|brn\n|\n|-heal|p1a: Lunala|85\/100|[from] item: Leftovers\n|-damage|p2b: Urshifu|94\/100 brn|[from] brn\n|upkeep\n|\n|t:|1717515084\n|switch|p1b: Iron Hands|Iron Hands, L50|100\/100\n|turn|2\n|\n|t:|1717515106\n|move|p2a: Calyrex|Astral Barrage|p1a: Lunala|[spread] p1a,p1b\n|-damage|p1a: Lunala|45\/100\n|-damage|p1b: Iron Hands|56\/100\n|move|p2b: Urshifu|Close Combat|p1a: Lunala\n|-damage|p1a: Lunala|8\/100\n|-unboost|p2b: Urshifu|def|1\n|-unboost|p2b: Urshifu|spd|1\n|move|p1a: Lunala|Moongeist Beam|p2a: Calyrex\n|-resisted|p2a: Calyrex\n|-damage|p2a: Calyrex|78\/100\n|move|p1b: Iron Hands|Drain Punch|p2a: Calyrex\n|-supereffective|p2a: Calyrex\n|-damage|p2a: Calyrex|12\/100\n|-heal|p1b: Iron Hands|79\/100|[from] drain|[of] p2a: Calyrex\n|\n|-heal|p1a: Lunala|14\/100|[from] item: Leftovers\n|-damage|p2b: Urshifu|88\/100 brn|[from] brn\n|upkeep\n|turn|3\n|\n|t:|1717515128\n|switch|p2a: Dondozo|Dondozo, L50, M|100\/100\n|move|p2b: Urshifu|Close Combat|p1a: Lunala\n|-damage|p1a: Lunala|0 fnt\n|-unboost|p2b: Urshifu|def|1\n|-unboost|p2b: Urshifu|spd|1\n|faint|p1a: Lunala\n|move|p1b: Iron Hands|Drain Punch|p2a: Dondozo\n|-damage|p2a: Dondozo|73\/100\n|-heal|p1b: Iron Hands|92\/100|[from] drain|[of] p2a: Dondozo\n|\n|-damage|p2b: Urshifu|82\/100 brn|[from] brn\n|upkeep\n|\n|t:|1717515131\n|switch|p1a: Roaring Moon|Roaring Moon, L50|100\/100\n|-enditem|p1a: Roaring Moon|Booster Energy\n|-activate|p1a: Roaring Moon|ability: Protosynthesis|[fromitem]\n|-start|p1a: Roaring Moon|protosynthesisspe\n|turn|4\n|\n|t:|1717515150\n|switch|p2b: Tatsugiri|Tatsugiri, L50, M|100\/100\n|-activate|p2b: Tatsugiri|ability: Commander|[of] p2a: Dondozo\n|-boost|p2a: Dondozo|atk|2\n|-boost|p2a: Dondozo|spa|2\n|-boost|p2a: Dondozo|spe|2\n|-boost|p2a: Dondozo|def|2\n|-boost|p2a: Dondozo|spd|2\n|move|p1a: Roaring Moon|Acrobatics|p2b: Tatsugiri|[miss]\n|-miss|p1a: Roaring Moon|p2b: Tatsugiri\n|move|p2a: Dondozo|Order Up|p1a: Roaring Moon\n|-supereffective|p1a: Roaring Moon\n|-damage|p1a: Roaring Moon|28\/100\n|-boost|p2a: Dondozo|atk|1\n|move|p1b: Iron Hands|Wild Charge|p2a: Dondozo\n|-supereffective|p2a: Dondozo\n|-damage|p2a: Dondozo|43\/100\n|-damage|p1b: Iron Hands|85\/100|[from] Recoil\n|\n|upkeep\n|turn|5\n|\n|t:|1717515168\n|move|p1a: Roaring Moon|Protect|p1a: Roaring Moon\n|-singleturn|p1a: Roaring Moon|Protect\n|move|p2a: Dondozo|Earthquake|p1b: Iron Hands|[spread] p1b\n|-miss|p2a: Dondozo|p2b: Tatsugiri\n|-activate|p1a: Roaring Moon|move: Protect\n|-supereffective|p1b: Iron Hands\n|-damage|p1b: Iron Hands|33\/100\n|move|p1b: Iron Hands|Wild Charge|p2a: Dondozo\n|-supereffective|p2a: Dondozo\n|-damage|p2a: Dondozo|13\/100\n|-damage|p1b: Iron Hands|26\/100|[from] Recoil\n|\n|upkeep\n|turn|6\n|j| Therazer456\n|\n|t:|1717515181\n|move|p1a: Roaring Moon|Knock Off|p2a: Dondozo\n|-damage|p2a: Dondozo|0 fnt\n|-enditem|p2a: Dondozo|Clear Amulet|[from] move: Knock Off|[of] p1a: Roaring Moon\n|faint|p2a: Dondozo\n|move|p1b: Iron Hands|Wild Charge|p2b: Tatsugiri\n|-damage|p2b: Tatsugiri|21\/100\n|-damage|p1b: Iron Hands|15\/100|[from] Recoil\n|-enditem|p1b: Iron Hands|Iapapa Berry|[eat]\n|-heal|p1b: Iron Hands|48\/100|[from] item: Iapapa Berry\n|\n|upkeep\n|\n|t:|1717515197\n|switch|p2a: Urshifu|Urshifu, L50, F|82\/100 brn\n|turn|7\n|\n|t:|1717515207\n|move|p1a: Roaring Moon|Knock Off|p2b: Tatsugiri\n|-damage|p2b: Tatsugiri|0 fnt\n|-enditem|p2b: Tatsugiri|Focus Sash|[from] move: Knock Off|[of] p1a: Roaring Moon\n|faint|p2b: Tatsugiri\n|move|p2a: Urshifu|Close Combat|p1b: Iron Hands\n|-damage|p1b: Iron Hands|17\/100\n|-unboost|p2a: Urshifu|def|1\n|-unboost|p2a: Urshifu|spd|1\n|move|p1b: Iron Hands|Drain Punch|p2a: Urshifu\n|-supereffective|p2a: Urshifu\n|-crit|p2a: Urshifu\n|-damage|p2a: Urshifu|0 fnt\n|-heal|p1b: Iron Hands|46\/100|[from] drain|[of] p2a: Urshifu\n|faint|p2a: Urshifu\n|\n|upkeep\n|l| Congwuyu\n|\n|t:|1717515220\n|switch|p2b: Calyrex|Calyrex-Shadow, L50, tera:Dark|12\/100\n|-ability|p2b: Calyrex|As One\n|-ability|p2b: Calyrex|Unnerve\n|turn|8\n|-message|AZUNA_Fan forfeited.\n|\n|win|Tempest brute\n|raw|Tempest brute's rating: 1795 &rarr; <strong>1815<\/strong><br \/>(+20 for winning)\n|raw|AZUNA_Fan's rating: 1803 &rarr; <strong>1783<\/strong><br \/>(-20 for losing)\n|l|\u2606AZUNA_Fan\n|player|p2|\n|l| Therazer456\n|l|\u203dTempest brute\n|player|p1|\n","uploadtime":1717515453,"views":371,"formatid":"gen9vgc2024regg","rating":1783,"private":0,"password":null}