{"id":"gen9vgc2024regg-2136485608","format":"[Gen 9] VGC 2024 Reg G","players":["The Umpire","bluestraggler01"],"log":"|j|\u2606The Umpire\n|j|\u2606bluestraggler01\n|t:|1717471750\n|gametype|doubles\n|player|p1|The Umpire|volkner|1718\n|player|p2|bluestraggler01|265|1654\n|teamsize|p1|6\n|teamsize|p2|6\n|gen|9\n|tier|[Gen 9] VGC 2024 Reg G\n|rated|\n|rule|Species Clause: Limit one of each Pok\u00e9mon\n|rule|Item Clause: Limit one of each item\n|clearpoke\n|poke|p1|Miraidon, L50|\n|poke|p1|Iron Treads, L50|\n|poke|p1|Chi-Yu, L50|\n|poke|p1|Tornadus, L50, M|\n|poke|p1|Farigiraf, L50, M|\n|poke|p1|Urshifu-*, L50, M|\n|poke|p2|Groudon, L50|\n|poke|p2|Gouging Fire, L50|\n|poke|p2|Whimsicott, L50, M|\n|poke|p2|Entei, L50|\n|poke|p2|Walking Wake, L50|\n|poke|p2|Brute Bonnet, L50|\n|teampreview|4\n|\n|t:|1717471778\n|start\n|switch|p1a: Tornadus|Tornadus, L50, M|100\/100\n|switch|p1b: Urshifu|Urshifu-Rapid-Strike, L50, M|100\/100\n|switch|p2a: Whimsicott|Whimsicott, L50, M|100\/100\n|switch|p2b: Groudon|Groudon, L50|100\/100\n|-weather|SunnyDay|[from] ability: Drought|[of] p2b: Groudon\n|turn|1\n|j| GyattDamnnm\n|\n|t:|1717471793\n|switch|p2b: Walking Wake|Walking Wake, L50|100\/100\n|-activate|p2b: Walking Wake|ability: Protosynthesis\n|-start|p2b: Walking Wake|protosynthesisspe\n|move|p2a: Whimsicott|Tailwind|p2a: Whimsicott\n|-sidestart|p2: bluestraggler01|move: Tailwind\n|move|p1a: Tornadus|Bleakwind Storm|p2a: Whimsicott|[spread] p2b\n|-miss|p1a: Tornadus|p2a: Whimsicott\n|-damage|p2b: Walking Wake|57\/100\n|move|p1b: Urshifu|Surging Strikes|p2b: Walking Wake\n|-resisted|p2b: Walking Wake\n|-crit|p2b: Walking Wake\n|-damage|p2b: Walking Wake|53\/100\n|-resisted|p2b: Walking Wake\n|-crit|p2b: Walking Wake\n|-damage|p2b: Walking Wake|49\/100\n|-resisted|p2b: Walking Wake\n|-crit|p2b: Walking Wake\n|-damage|p2b: Walking Wake|45\/100\n|-hitcount|p2b: Walking Wake|3\n|\n|-weather|SunnyDay|[upkeep]\n|upkeep\n|turn|2\n|\n|t:|1717471825\n|-terastallize|p1b: Urshifu|Poison\n|move|p2a: Whimsicott|Cotton Spore|p1b: Urshifu|[spread] p1a,p1b\n|-unboost|p1a: Tornadus|spe|2\n|-unboost|p1b: Urshifu|spe|2\n|move|p1a: Tornadus|Tailwind|p1a: Tornadus\n|-sidestart|p1: The Umpire|move: Tailwind\n|move|p2b: Walking Wake|Draco Meteor|p1a: Tornadus\n|-enditem|p1a: Tornadus|Focus Sash\n|-damage|p1a: Tornadus|1\/100\n|-unboost|p2b: Walking Wake|spa|2\n|-damage|p2b: Walking Wake|35\/100|[from] item: Life Orb\n|move|p1b: Urshifu|Surging Strikes|p2a: Whimsicott\n|-resisted|p2a: Whimsicott\n|-crit|p2a: Whimsicott\n|-damage|p2a: Whimsicott|89\/100\n|-resisted|p2a: Whimsicott\n|-crit|p2a: Whimsicott\n|-damage|p2a: Whimsicott|78\/100\n|-resisted|p2a: Whimsicott\n|-crit|p2a: Whimsicott\n|-damage|p2a: Whimsicott|65\/100\n|-hitcount|p2a: Whimsicott|3\n|\n|-weather|SunnyDay|[upkeep]\n|upkeep\n|turn|3\n|\n|t:|1717471848\n|switch|p1b: Iron Treads|Iron Treads, L50, shiny|100\/100\n|move|p1a: Tornadus|Protect|p1a: Tornadus\n|-singleturn|p1a: Tornadus|Protect\n|move|p2a: Whimsicott|Encore|p1a: Tornadus\n|-activate|p1a: Tornadus|move: Protect\n|move|p2b: Walking Wake|Draco Meteor|p1b: Iron Treads\n|-resisted|p1b: Iron Treads\n|-damage|p1b: Iron Treads|69\/100\n|-unboost|p2b: Walking Wake|spa|2\n|-damage|p2b: Walking Wake|26\/100|[from] item: Life Orb\n|\n|-weather|SunnyDay|[upkeep]\n|upkeep\n|turn|4\n|j| balnam\n|\n|t:|1717471863\n|switch|p1a: Urshifu|Urshifu-Rapid-Strike, L50, M, tera:Poison|100\/100\n|-terastallize|p2b: Walking Wake|Water\n|move|p2a: Whimsicott|Encore||[still]\n|-fail|p2a: Whimsicott\n|move|p2b: Walking Wake|Hydro Steam|p1b: Iron Treads\n|-supereffective|p1b: Iron Treads\n|-damage|p1b: Iron Treads|0 fnt\n|faint|p1b: Iron Treads\n|-end|p1b: Iron Treads|Quark Drive|[silent]\n|-damage|p2b: Walking Wake|16\/100|[from] item: Life Orb\n|\n|-weather|SunnyDay|[upkeep]\n|-sideend|p2: bluestraggler01|move: Tailwind\n|upkeep\n|j| THUNDERSND77\n|\n|t:|1717471875\n|switch|p1b: Miraidon|Miraidon, L50|100\/100\n|-fieldstart|move: Electric Terrain|[from] ability: Hadron Engine|[of] p1b: Miraidon\n|turn|5\n|\n|t:|1717471889\n|move|p2a: Whimsicott|Tailwind|p2a: Whimsicott\n|-sidestart|p2: bluestraggler01|move: Tailwind\n|move|p2b: Walking Wake|Draco Meteor|p1b: Miraidon\n|-supereffective|p1b: Miraidon\n|-damage|p1b: Miraidon|55\/100\n|-unboost|p2b: Walking Wake|spa|2\n|-damage|p2b: Walking Wake|7\/100|[from] item: Life Orb\n|move|p1b: Miraidon|Volt Switch|p2a: Whimsicott\n|-resisted|p2a: Whimsicott\n|-damage|p2a: Whimsicott|0 fnt\n|faint|p2a: Whimsicott\n|\n|t:|1717471899\n|switch|p1b: Tornadus|Tornadus, L50, M|1\/100|[from] Volt Switch\n|move|p1a: Urshifu|U-turn|p2b: Walking Wake\n|-damage|p2b: Walking Wake|0 fnt\n|faint|p2b: Walking Wake\n|-end|p2b: Walking Wake|Protosynthesis|[silent]\n|\n|t:|1717471904\n|switch|p1a: Miraidon|Miraidon, L50|55\/100|[from] U-turn\n|-activate|p1a: Miraidon|ability: Hadron Engine\n|\n|-weather|none\n|-sideend|p1: The Umpire|move: Tailwind\n|upkeep\n|\n|t:|1717471908\n|switch|p2a: Groudon|Groudon, L50|100\/100\n|switch|p2b: Entei|Entei, L50|100\/100\n|-weather|SunnyDay|[from] ability: Drought|[of] p2a: Groudon\n|turn|6\n|\n|t:|1717471925\n|move|p2b: Entei|Extreme Speed|p1b: Tornadus\n|-damage|p1b: Tornadus|0 fnt\n|faint|p1b: Tornadus\n|move|p2a: Groudon|Precipice Blades|p1a: Miraidon\n|-supereffective|p1a: Miraidon\n|-damage|p1a: Miraidon|0 fnt\n|faint|p1a: Miraidon\n|\n|-weather|SunnyDay|[upkeep]\n|upkeep\n|\n|t:|1717471930\n|switch|p1b: Urshifu|Urshifu-Rapid-Strike, L50, M, tera:Poison|100\/100\n|turn|7\n|-message|The Umpire forfeited.\n|\n|win|bluestraggler01\n|raw|The Umpire's rating: 1718 &rarr; <strong>1694<\/strong><br \/>(-24 for losing)\n|raw|bluestraggler01's rating: 1654 &rarr; <strong>1678<\/strong><br \/>(+24 for winning)\n|l|\u2606The Umpire\n|player|p1|\n|l|\u2606bluestraggler01\n|player|p2|\n|l| THUNDERSND77\n|j| THUNDERSND77\n|l| THUNDERSND77\n","uploadtime":1717472133,"views":66,"formatid":"gen9vgc2024regg","rating":1678,"private":0,"password":null}