{"id":"gen9vgc2024regg-2136448400","format":"[Gen 9] VGC 2024 Reg G","players":["hydreigon_chelas","The Umpire"],"log":"|j|\u2606hydreigon_chelas\n|j|\u2606The Umpire\n|t:|1717466831\n|gametype|doubles\n|player|p1|hydreigon_chelas|pokefanf|1661\n|player|p2|The Umpire|volkner|1736\n|teamsize|p1|6\n|teamsize|p2|6\n|gen|9\n|tier|[Gen 9] VGC 2024 Reg G\n|rated|\n|rule|Species Clause: Limit one of each Pok\u00e9mon\n|rule|Item Clause: Limit one of each item\n|clearpoke\n|poke|p1|Lunala, L50|\n|poke|p1|Indeedee-F, L50, F|\n|poke|p1|Ursaluna, L50, F|\n|poke|p1|Tornadus, L50, M|\n|poke|p1|Urshifu-*, L50, M|\n|poke|p1|Incineroar, L50, F|\n|poke|p2|Miraidon, L50|\n|poke|p2|Iron Treads, L50|\n|poke|p2|Chi-Yu, L50|\n|poke|p2|Tornadus, L50, M|\n|poke|p2|Farigiraf, L50, F|\n|poke|p2|Urshifu-*, L50, F|\n|teampreview|4\nhydreigon_chelas has agreed to open team sheets.\nThe Umpire has agreed to open team sheets.\n|j| SeydouVGC\n|\n|t:|1717466871\n|start\n|switch|p1a: Lunala|Lunala, L50|100\/100\n|switch|p1b: Incineroar|Incineroar, L50, F|100\/100\n|switch|p2a: Farigiraf|Farigiraf, L50, F|100\/100\n|switch|p2b: Urshifu|Urshifu-Rapid-Strike, L50, F|100\/100\n|-ability|p1b: Incineroar|Intimidate|boost\n|-unboost|p2a: Farigiraf|atk|1\n|-unboost|p2b: Urshifu|atk|1\n|turn|1\n|\n|t:|1717466895\n|switch|p1a: Indeedee|Indeedee-F, L50, F|100\/100\n|-fieldstart|move: Psychic Terrain|[from] ability: Psychic Surge|[of] p1a: Indeedee\n|move|p2b: Urshifu|Surging Strikes|p1a: Indeedee\n|-crit|p1a: Indeedee\n|-damage|p1a: Indeedee|67\/100\n|-damage|p2b: Urshifu|84\/100|[from] item: Rocky Helmet|[of] p1a: Indeedee\n|-crit|p1a: Indeedee\n|-damage|p1a: Indeedee|32\/100\n|-damage|p2b: Urshifu|68\/100|[from] item: Rocky Helmet|[of] p1a: Indeedee\n|-crit|p1a: Indeedee\n|-damage|p1a: Indeedee|0 fnt\n|-damage|p2b: Urshifu|51\/100|[from] item: Rocky Helmet|[of] p1a: Indeedee\n|faint|p1a: Indeedee\n|-hitcount|p1: Indeedee|3\n|move|p1b: Incineroar|Will-O-Wisp|p2b: Urshifu\n|-status|p2b: Urshifu|brn\n|move|p2a: Farigiraf|Foul Play|p1b: Incineroar\n|-resisted|p1b: Incineroar\n|-damage|p1b: Incineroar|91\/100\n|\n|-damage|p2b: Urshifu|45\/100 brn|[from] brn\n|upkeep\n|\n|t:|1717466913\n|switch|p1a: Lunala|Lunala, L50|100\/100\n|-enditem|p1a: Lunala|Psychic Seed\n|-boost|p1a: Lunala|spd|1|[from] item: Psychic Seed\n|turn|2\n|inactive|Battle timer is ON: inactive players will automatically lose when time's up. (requested by The Umpire)\n|\n|t:|1717466974\n|move|p2b: Urshifu|Surging Strikes|p1a: Lunala\n|-crit|p1a: Lunala\n|-damage|p1a: Lunala|94\/100\n|-crit|p1a: Lunala\n|-damage|p1a: Lunala|81\/100\n|-crit|p1a: Lunala\n|-damage|p1a: Lunala|68\/100\n|-hitcount|p1a: Lunala|3\n|move|p1b: Incineroar|Flare Blitz|p2a: Farigiraf\n|-damage|p2a: Farigiraf|59\/100\n|-damage|p1b: Incineroar|75\/100|[from] Recoil\n|move|p2a: Farigiraf|Foul Play|p1a: Lunala\n|-supereffective|p1a: Lunala\n|-damage|p1a: Lunala|7\/100\n|move|p1a: Lunala|Trick Room|p1a: Lunala\n|-fieldstart|move: Trick Room|[of] p1a: Lunala\n|\n|-damage|p2b: Urshifu|39\/100 brn|[from] brn\n|upkeep\n|turn|3\n|\n|t:|1717466996\n|move|p1b: Incineroar|Flare Blitz|p2a: Farigiraf\n|-damage|p2a: Farigiraf|12\/100\n|-damage|p1b: Incineroar|57\/100|[from] Recoil\n|move|p1a: Lunala|Expanding Force|p2b: Urshifu|[spread] p2a,p2b\n|-resisted|p2a: Farigiraf\n|-supereffective|p2b: Urshifu\n|-damage|p2a: Farigiraf|0 fnt\n|-damage|p2b: Urshifu|0 fnt\n|faint|p2a: Farigiraf\n|faint|p2b: Urshifu\n|\n|upkeep\n|\n|t:|1717467002\n|switch|p2a: Miraidon|Miraidon, L50|100\/100\n|switch|p2b: Iron Treads|Iron Treads, L50, shiny|100\/100\n|-fieldstart|move: Electric Terrain|[from] ability: Hadron Engine|[of] p2a: Miraidon\n|-activate|p2b: Iron Treads|ability: Quark Drive\n|-start|p2b: Iron Treads|quarkdrivespe\n|turn|4\n|\n|t:|1717467019\n|-terastallize|p2a: Miraidon|Fairy\n|move|p1b: Incineroar|Will-O-Wisp|p2b: Iron Treads\n|-status|p2b: Iron Treads|brn\n|move|p1a: Lunala|Moongeist Beam|p2a: Miraidon\n|-damage|p2a: Miraidon|50\/100\n|move|p2a: Miraidon|Dazzling Gleam|p1b: Incineroar|[spread] p1a,p1b\n|-damage|p1a: Lunala|0 fnt\n|-damage|p1b: Incineroar|11\/100\n|faint|p1a: Lunala\n|move|p2b: Iron Treads|High Horsepower|p1b: Incineroar\n|-supereffective|p1b: Incineroar\n|-damage|p1b: Incineroar|0 fnt\n|faint|p1b: Incineroar\n|\n|-damage|p2b: Iron Treads|94\/100 brn|[from] brn\n|upkeep\n|\n|t:|1717467030\n|switch|p1a: Ursaluna|Ursaluna, L50, F|100\/100\n|turn|5\n|\n|t:|1717467051\n|move|p1a: Ursaluna|Protect|p1a: Ursaluna\n|-singleturn|p1a: Ursaluna|Protect\n|move|p2a: Miraidon|Dazzling Gleam|p1a: Ursaluna\n|-activate|p1a: Ursaluna|move: Protect\n|move|p2b: Iron Treads|Steel Roller|p1a: Ursaluna\n|-activate|p1a: Ursaluna|move: Protect\n|\n|-damage|p2b: Iron Treads|88\/100 brn|[from] brn\n|-status|p1a: Ursaluna|brn|[from] item: Flame Orb\n|upkeep\n|turn|6\n|\n|t:|1717467063\n|move|p1a: Ursaluna|Facade|p2a: Miraidon\n|-damage|p2a: Miraidon|0 fnt\n|faint|p2a: Miraidon\n|move|p2b: Iron Treads|Steel Roller|p1a: Ursaluna\n|-damage|p1a: Ursaluna|77\/100 brn\n|-fieldend|move: Electric Terrain\n|-end|p2b: Iron Treads|Quark Drive\n|\n|-damage|p1a: Ursaluna|71\/100 brn|[from] brn\n|-damage|p2b: Iron Treads|82\/100 brn|[from] brn\n|-fieldend|move: Trick Room\n|upkeep\n|turn|7\n|\n|t:|1717467073\n|move|p2b: Iron Treads|Iron Head|p1a: Ursaluna\n|-damage|p1a: Ursaluna|58\/100 brn\n|move|p1a: Ursaluna|Headlong Rush|p2b: Iron Treads\n|-supereffective|p2b: Iron Treads\n|-damage|p2b: Iron Treads|0 fnt\n|-unboost|p1a: Ursaluna|def|1\n|-unboost|p1a: Ursaluna|spd|1\n|faint|p2b: Iron Treads\n|-end|p2b: Iron Treads|Quark Drive|[silent]\n|\n|win|hydreigon_chelas\n|raw|hydreigon_chelas's rating: 1661 &rarr; <strong>1685<\/strong><br \/>(+24 for winning)\n|raw|The Umpire's rating: 1736 &rarr; <strong>1712<\/strong><br \/>(-24 for losing)\n|l|\u2606The Umpire\n|player|p2|\n|l|\u2606hydreigon_chelas\n|player|p1|\n","uploadtime":1717467285,"views":22,"formatid":"gen9vgc2024regg","rating":1685,"private":0,"password":null}