{"id":"gen9vgc2024regg-2136195637","format":"[Gen 9] VGC 2024 Reg G","players":["Tempest brute","Verdughost"],"log":"|j|\u203dTempest brute\n|j|\u2606Verdughost\n|t:|1717438113\n|gametype|doubles\n|player|p1|Tempest brute|265|1705\n|player|p2|Verdughost|1|1792\n|teamsize|p1|6\n|teamsize|p2|6\n|gen|9\n|tier|[Gen 9] VGC 2024 Reg G\n|rated|\n|rule|Species Clause: Limit one of each Pok\u00e9mon\n|rule|Item Clause: Limit one of each item\n|clearpoke\n|poke|p1|Lunala, L50|\n|poke|p1|Roaring Moon, L50|\n|poke|p1|Entei, L50|\n|poke|p1|Ogerpon-Wellspring, L50, F|\n|poke|p1|Iron Hands, L50|\n|poke|p1|Ursaluna-Bloodmoon, L50, M|\n|poke|p2|Urshifu-*, L50, F|\n|poke|p2|Incineroar, L50, M|\n|poke|p2|Amoonguss, L50, M|\n|poke|p2|Raging Bolt, L50|\n|poke|p2|Pelipper, L50, M|\n|poke|p2|Calyrex-Ice, L50|\n|teampreview|4\n|inactive|Battle timer is ON: inactive players will automatically lose when time's up. (requested by Verdughost)\n|inactive|Verdughost has 60 seconds left.\n|\n|t:|1717438168\n|start\n|switch|p1a: Entei|Entei, L50|100\/100\n|switch|p1b: Ursaluna|Ursaluna-Bloodmoon, L50, M|100\/100\n|switch|p2a: Urshifu|Urshifu-Rapid-Strike, L50, F|100\/100\n|switch|p2b: Pelipper|Pelipper, L50, M|100\/100\n|-weather|RainDance|[from] ability: Drizzle|[of] p2b: Pelipper\n|turn|1\n|inactive|Tempest brute has 30 seconds left.\n|inactive|Verdughost has 30 seconds left.\n|inactive|Verdughost has 20 seconds left.\n|\n|t:|1717438204\n|switch|p1a: Lunala|Lunala, L50|100\/100\n|-terastallize|p1b: Ursaluna|Normal\n|move|p2a: Urshifu|Surging Strikes|p1b: Ursaluna\n|-crit|p1b: Ursaluna\n|-damage|p1b: Ursaluna|76\/100\n|-crit|p1b: Ursaluna\n|-damage|p1b: Ursaluna|52\/100\n|-crit|p1b: Ursaluna\n|-damage|p1b: Ursaluna|29\/100\n|-hitcount|p1b: Ursaluna|3\n|move|p2b: Pelipper|Weather Ball|p1a: Lunala\n|-damage|p1a: Lunala|80\/100\n|move|p1b: Ursaluna|Blood Moon|p2a: Urshifu\n|-damage|p2a: Urshifu|0 fnt\n|faint|p2a: Urshifu\n|\n|-weather|RainDance|[upkeep]\n|-heal|p1a: Lunala|86\/100|[from] item: Leftovers\n|upkeep\n|inactive|Verdughost has 30 seconds left.\n|l|\u2606Verdughost\n|inactive|Verdughost disconnected and has a minute to reconnect!\n|player|p2|\n|inactive|Verdughost has 20 seconds left.\n|inactive|Verdughost has 15 seconds left.\n|inactive|Verdughost has 10 seconds left.\n|inactive|Verdughost has 5 seconds left.\n|j|\u2606Verdughost\n|inactive|Verdughost reconnected and has 5 seconds left.\n|player|p2|Verdughost|1|\n|\n|t:|1717438259\n|switch|p2a: Calyrex|Calyrex-Ice, L50|100\/100\n|-ability|p2a: Calyrex|As One\n|-ability|p2a: Calyrex|Unnerve\n|turn|2\n|\n|t:|1717438265\n|switch|p1b: Iron Hands|Iron Hands, L50|100\/100\n|-terastallize|p2a: Calyrex|Fire\n|move|p2b: Pelipper|Weather Ball|p1b: Iron Hands\n|-damage|p1b: Iron Hands|58\/100\n|move|p1a: Lunala|Will-O-Wisp|p2a: Calyrex|[miss]\n|-miss|p1a: Lunala|p2a: Calyrex\n|move|p2a: Calyrex|Glacial Lance|p1a: Lunala|[spread] p1a,p1b\n|-damage|p1a: Lunala|46\/100\n|-damage|p1b: Iron Hands|23\/100\n|\n|-weather|RainDance|[upkeep]\n|-heal|p1a: Lunala|52\/100|[from] item: Leftovers\n|upkeep\n|turn|3\n|inactive|Verdughost has 30 seconds left.\n|\n|t:|1717438295\n|switch|p2b: Raging Bolt|Raging Bolt, L50|100\/100\n|-enditem|p2b: Raging Bolt|Booster Energy\n|-activate|p2b: Raging Bolt|ability: Protosynthesis|[fromitem]\n|-start|p2b: Raging Bolt|protosynthesisspa\n|move|p2a: Calyrex|Protect|p2a: Calyrex\n|-singleturn|p2a: Calyrex|Protect\n|move|p1b: Iron Hands|Fake Out|p2a: Calyrex\n|-activate|p2a: Calyrex|move: Protect\n|move|p1a: Lunala|Moongeist Beam|p2b: Raging Bolt\n|-crit|p2b: Raging Bolt\n|-damage|p2b: Raging Bolt|49\/100\n|\n|-weather|RainDance|[upkeep]\n|-heal|p1a: Lunala|58\/100|[from] item: Leftovers\n|upkeep\n|turn|4\n|j| Claarity\n|\n|t:|1717438320\n|-end|p1b: Iron Hands|Quark Drive|[silent]\n|switch|p1b: Entei|Entei, L50|100\/100\n|move|p1a: Lunala|Protect|p1a: Lunala\n|-singleturn|p1a: Lunala|Protect\n|move|p2b: Raging Bolt|Thunderbolt|p1a: Lunala\n|-activate|p1a: Lunala|move: Protect\n|move|p2a: Calyrex|Glacial Lance|p1a: Lunala|[spread] p1b\n|-activate|p1a: Lunala|move: Protect\n|-resisted|p1b: Entei\n|-damage|p1b: Entei|74\/100\n|\n|-weather|RainDance|[upkeep]\n|-heal|p1a: Lunala|64\/100|[from] item: Leftovers\n|upkeep\n|turn|5\n|inactive|Verdughost has 30 seconds left.\n|\n|t:|1717438348\n|move|p1b: Entei|Stomping Tantrum|p2a: Calyrex\n|-supereffective|p2a: Calyrex\n|-damage|p2a: Calyrex|74\/100\n|move|p1a: Lunala|Moongeist Beam|p2a: Calyrex\n|-damage|p2a: Calyrex|44\/100\n|move|p2b: Raging Bolt|Thunderbolt|p1b: Entei\n|-damage|p1b: Entei|39\/100\n|move|p2a: Calyrex|Glacial Lance|p1a: Lunala|[spread] p1a,p1b\n|-resisted|p1b: Entei\n|-crit|p1b: Entei\n|-damage|p1a: Lunala|26\/100\n|-damage|p1b: Entei|0 fnt\n|faint|p1b: Entei\n|-ability|p2a: Calyrex|Chilling Neigh|boost\n|-boost|p2a: Calyrex|atk|1\n|\n|-weather|none\n|-heal|p1a: Lunala|32\/100|[from] item: Leftovers\n|upkeep\n|\n|t:|1717438362\n|switch|p1b: Iron Hands|Iron Hands, L50|23\/100\n|turn|6\n|\n|t:|1717438370\n|move|p1b: Iron Hands|Fake Out|p2a: Calyrex\n|-damage|p2a: Calyrex|36\/100\n|move|p2b: Raging Bolt|Thunderclap||[still]\n|-fail|p2b: Raging Bolt\n|move|p1a: Lunala|Moonlight|p1a: Lunala\n|-heal|p1a: Lunala|82\/100\n|cant|p2a: Calyrex|flinch\n|\n|-heal|p1a: Lunala|88\/100|[from] item: Leftovers\n|upkeep\n|turn|7\n|inactive|Verdughost has 30 seconds left.\n|\n|t:|1717438399\n|move|p2a: Calyrex|Protect|p2a: Calyrex\n|-singleturn|p2a: Calyrex|Protect\n|move|p1a: Lunala|Moongeist Beam|p2a: Calyrex\n|-activate|p2a: Calyrex|move: Protect\n|move|p2b: Raging Bolt|Thunderbolt|p1a: Lunala\n|-damage|p1a: Lunala|49\/100\n|move|p1b: Iron Hands|Drain Punch|p2a: Calyrex\n|-activate|p2a: Calyrex|move: Protect\n|\n|-heal|p1a: Lunala|55\/100|[from] item: Leftovers\n|upkeep\n|turn|8\n|inactive|Verdughost has 30 seconds left.\n|\n|t:|1717438434\n|switch|p2a: Pelipper|Pelipper, L50, M|100\/100\n|-enditem|p1b: Iron Hands|Iapapa Berry|[eat]\n|-heal|p1b: Iron Hands|57\/100|[from] item: Iapapa Berry\n|-weather|RainDance|[from] ability: Drizzle|[of] p2a: Pelipper\n|move|p1a: Lunala|Moongeist Beam|p2a: Pelipper\n|-damage|p2a: Pelipper|23\/100\n|move|p2b: Raging Bolt|Thunderbolt|p1a: Lunala\n|-damage|p1a: Lunala|15\/100\n|move|p1b: Iron Hands|Wild Charge|p2a: Pelipper\n|-supereffective|p2a: Pelipper\n|-damage|p2a: Pelipper|0 fnt\n|faint|p2a: Pelipper\n|-damage|p1b: Iron Hands|53\/100|[from] Recoil\n|\n|-weather|RainDance|[upkeep]\n|-heal|p1a: Lunala|21\/100|[from] item: Leftovers\n|upkeep\n|\n|t:|1717438453\n|switch|p2a: Calyrex|Calyrex-Ice, L50, tera:Fire|36\/100\n|-ability|p2a: Calyrex|As One\n|-ability|p2a: Calyrex|Unnerve\n|turn|9\n|\n|t:|1717438468\n|-end|p1b: Iron Hands|Quark Drive|[silent]\n|switch|p1b: Ursaluna|Ursaluna-Bloodmoon, L50, M, tera:Normal|29\/100\n|move|p1a: Lunala|Moongeist Beam|p2a: Calyrex\n|-damage|p2a: Calyrex|5\/100\n|move|p2b: Raging Bolt|Draco Meteor|p1b: Ursaluna\n|-damage|p1b: Ursaluna|0 fnt\n|-unboost|p2b: Raging Bolt|spa|2\n|faint|p1b: Ursaluna\n|move|p2a: Calyrex|Trick Room|p2a: Calyrex\n|-fieldstart|move: Trick Room|[of] p2a: Calyrex\n|\n|-weather|RainDance|[upkeep]\n|-heal|p1a: Lunala|28\/100|[from] item: Leftovers\n|upkeep\n|\n|t:|1717438473\n|switch|p1b: Iron Hands|Iron Hands, L50|53\/100\n|turn|10\n|\n|t:|1717438490\n|move|p2a: Calyrex|Protect|p2a: Calyrex\n|-singleturn|p2a: Calyrex|Protect\n|move|p1b: Iron Hands|Fake Out|p2a: Calyrex\n|-activate|p2a: Calyrex|move: Protect\n|move|p2b: Raging Bolt|Draco Meteor|p1a: Lunala\n|-damage|p1a: Lunala|0 fnt\n|-unboost|p2b: Raging Bolt|spa|2\n|faint|p1a: Lunala\n|\n|-weather|RainDance|[upkeep]\n|upkeep\n|turn|11\n|\n|t:|1717438507\n|move|p2a: Calyrex|High Horsepower|p1b: Iron Hands\n|-supereffective|p1b: Iron Hands\n|-damage|p1b: Iron Hands|0 fnt\n|faint|p1b: Iron Hands\n|-end|p1b: Iron Hands|Quark Drive|[silent]\n|\n|win|Verdughost\n|raw|Tempest brute's rating: 1705 &rarr; <strong>1690<\/strong><br \/>(-15 for losing)\n|raw|Verdughost's rating: 1792 &rarr; <strong>1807<\/strong><br \/>(+15 for winning)\n|l|\u203dTempest brute\n|player|p1|\n|l|\u2606Verdughost\n|player|p2|\n|l| Claarity\n","uploadtime":1717438523,"views":38,"formatid":"gen9vgc2024regg","rating":1690,"private":0,"password":null}