{"id":"gen9vgc2024regg-2136083939","format":"[Gen 9] VGC 2024 Reg G","players":["DaleG","AZUNA_Fan"],"log":"|j|\u2606DaleG\n|j|\u2606AZUNA_Fan\n|t:|1717427209\n|gametype|doubles\n|player|p1|DaleG|101|1776\n|player|p2|AZUNA_Fan|dawn-gen4pt|1811\n|teamsize|p1|6\n|teamsize|p2|6\n|gen|9\n|tier|[Gen 9] VGC 2024 Reg G\n|rated|\n|rule|Species Clause: Limit one of each Pok\u00e9mon\n|rule|Item Clause: Limit one of each item\n|clearpoke\n|poke|p1|Zamazenta-*, L50|\n|poke|p1|Chien-Pao, L50|\n|poke|p1|Amoonguss, L50, M|\n|poke|p1|Raging Bolt, L50|\n|poke|p1|Entei, L50|\n|poke|p1|Scream Tail, L50|\n|poke|p2|Calyrex-Shadow, L50|\n|poke|p2|Urshifu-*, L50, F|\n|poke|p2|Indeedee-F, L50, F|\n|poke|p2|Maushold, L50|\n|poke|p2|Dondozo, L50, F|\n|poke|p2|Tatsugiri, L50, F|\n|teampreview|4\n|inactive|Battle timer is ON: inactive players will automatically lose when time's up. (requested by AZUNA_Fan)\n|inactive|DaleG has 60 seconds left.\n|\n|t:|1717427239\n|start\n|switch|p1a: Raging Bolt|Raging Bolt, L50|100\/100\n|switch|p1b: Zamazenta|Zamazenta-Crowned, L50|100\/100\n|switch|p2a: Calyrex|Calyrex-Shadow, L50|100\/100\n|switch|p2b: Maushold|Maushold, L50|100\/100\n|-ability|p2a: Calyrex|As One\n|-ability|p2a: Calyrex|Unnerve\n|-ability|p1b: Zamazenta|Dauntless Shield|boost\n|-boost|p1b: Zamazenta|def|1\n|turn|1\n|inactive|DaleG has 30 seconds left.\n|inactive|AZUNA_Fan has 30 seconds left.\n|\n|t:|1717427271\n|move|p2b: Maushold|Feint|p1a: Raging Bolt\n|-damage|p1a: Raging Bolt|93\/100\n|move|p2a: Calyrex|Astral Barrage|p1b: Zamazenta|[spread] p1a,p1b\n|-damage|p1a: Raging Bolt|52\/100\n|-damage|p1b: Zamazenta|49\/100\n|move|p1b: Zamazenta|Body Press|p2b: Maushold\n|-supereffective|p2b: Maushold\n|-damage|p2b: Maushold|0 fnt\n|faint|p2b: Maushold\n|move|p1a: Raging Bolt|Snarl|p2a: Calyrex\n|-supereffective|p2a: Calyrex\n|-damage|p2a: Calyrex|21\/100\n|-unboost|p2a: Calyrex|spa|1\n|\n|upkeep\n|\n|t:|1717427284\n|switch|p2b: Dondozo|Dondozo, L50, F|100\/100\n|turn|2\n|\n|t:|1717427307\n|switch|p2a: Tatsugiri|Tatsugiri, L50, F|100\/100\n|-activate|p2a: Tatsugiri|ability: Commander|[of] p2b: Dondozo\n|-boost|p2b: Dondozo|atk|2\n|-boost|p2b: Dondozo|spa|2\n|-boost|p2b: Dondozo|spe|2\n|-boost|p2b: Dondozo|def|2\n|-boost|p2b: Dondozo|spd|2\n|-terastallize|p1a: Raging Bolt|Fairy\n|move|p1b: Zamazenta|Wide Guard|p1b: Zamazenta\n|-singleturn|p1b: Zamazenta|Wide Guard\n|move|p2b: Dondozo|Order Up|p1a: Raging Bolt\n|-immune|p1a: Raging Bolt\n|move|p1a: Raging Bolt|Discharge|p2a: Tatsugiri|[spread] p2b\n|-miss|p1a: Raging Bolt|p2a: Tatsugiri\n|-activate|p1b: Zamazenta|move: Wide Guard\n|-supereffective|p2b: Dondozo\n|-damage|p2b: Dondozo|70\/100\n|\n|upkeep\n|turn|3\n|inactive|DaleG has 30 seconds left.\n|inactive|DaleG has 20 seconds left.\n|\n|t:|1717427347\n|move|p1b: Zamazenta|Wide Guard|p1b: Zamazenta\n|-singleturn|p1b: Zamazenta|Wide Guard\n|move|p1a: Raging Bolt|Thunderclap|p2b: Dondozo\n|-supereffective|p2b: Dondozo\n|-damage|p2b: Dondozo|37\/100\n|move|p2b: Dondozo|Wave Crash|p1a: Raging Bolt\n|-damage|p1a: Raging Bolt|0 fnt\n|faint|p1a: Raging Bolt\n|-end|p1a: Raging Bolt|Protosynthesis|[silent]\n|-damage|p2b: Dondozo|20\/100|[from] Recoil\n|\n|upkeep\n|\n|t:|1717427372\n|switch|p1a: Chien-Pao|Chien-Pao, L50|100\/100\n|-ability|p1a: Chien-Pao|Sword of Ruin\n|turn|4\n|\n|t:|1717427379\n|move|p2b: Dondozo|Earthquake|p1a: Chien-Pao|[spread] p1a,p1b\n|-miss|p2b: Dondozo|p2a: Tatsugiri\n|-supereffective|p1b: Zamazenta\n|-crit|p1b: Zamazenta\n|-damage|p1a: Chien-Pao|54\/100\n|-damage|p1b: Zamazenta|0 fnt\n|faint|p1b: Zamazenta\n|move|p1a: Chien-Pao|Crunch|p2b: Dondozo\n|-damage|p2b: Dondozo|0 fnt\n|faint|p2b: Dondozo\n|\n|upkeep\n|\n|t:|1717427388\n|switch|p1b: Scream Tail|Scream Tail, L50|100\/100\n|switch|p2b: Calyrex|Calyrex-Shadow, L50|21\/100\n|-ability|p2b: Calyrex|As One\n|-ability|p2b: Calyrex|Unnerve\n|-enditem|p1b: Scream Tail|Booster Energy\n|-activate|p1b: Scream Tail|ability: Protosynthesis|[fromitem]\n|-start|p1b: Scream Tail|protosynthesisspe\n|turn|5\n|\n|t:|1717427409\n|-terastallize|p2b: Calyrex|Dark\n|move|p1b: Scream Tail|Protect|p1b: Scream Tail\n|-singleturn|p1b: Scream Tail|Protect\n|move|p1a: Chien-Pao|Protect|p1a: Chien-Pao\n|-singleturn|p1a: Chien-Pao|Protect\n|move|p2b: Calyrex|Astral Barrage|p1b: Scream Tail|[spread] \n|-activate|p1a: Chien-Pao|move: Protect\n|-activate|p1b: Scream Tail|move: Protect\n|move|p2a: Tatsugiri|Muddy Water|p1a: Chien-Pao|[spread] \n|-activate|p1a: Chien-Pao|move: Protect\n|-activate|p1b: Scream Tail|move: Protect\n|\n|upkeep\n|turn|6\n|inactive|DaleG has 30 seconds left.\n|\n|t:|1717427436\n|move|p1a: Chien-Pao|Sucker Punch|p2a: Tatsugiri\n|-enditem|p2a: Tatsugiri|Focus Sash\n|-damage|p2a: Tatsugiri|1\/100\n|move|p1b: Scream Tail|Dazzling Gleam|p2b: Calyrex|[spread] p2a,p2b\n|-supereffective|p2a: Tatsugiri\n|-supereffective|p2b: Calyrex\n|-damage|p2a: Tatsugiri|0 fnt\n|-damage|p2b: Calyrex|0 fnt\n|faint|p2a: Tatsugiri\n|faint|p2b: Calyrex\n|\n|win|DaleG\n|raw|DaleG's rating: 1776 &rarr; <strong>1798<\/strong><br \/>(+22 for winning)\n|raw|AZUNA_Fan's rating: 1811 &rarr; <strong>1789<\/strong><br \/>(-22 for losing)\n|l|\u2606AZUNA_Fan\n|player|p2|\n|l|\u2606DaleG\n|player|p1|\n","uploadtime":1717427708,"views":472,"formatid":"gen9vgc2024regg","rating":1789,"private":0,"password":null}