{"id":"gen9vgc2024regg-2136813953","format":"[Gen 9] VGC 2024 Reg G","players":["kojimuranishi","AZUNA_Fan"],"log":"|j|\u2606kojimuranishi\n|j|\u2606AZUNA_Fan\n|t:|1717517982\n|gametype|doubles\n|player|p1|kojimuranishi|102|1699\n|player|p2|AZUNA_Fan|dawn-gen4pt|1719\n|teamsize|p1|6\n|teamsize|p2|6\n|gen|9\n|tier|[Gen 9] VGC 2024 Reg G\n|rated|\n|rule|Species Clause: Limit one of each Pok\u00e9mon\n|rule|Item Clause: Limit one of each item\n|clearpoke\n|poke|p1|Calyrex-Shadow, L50|\n|poke|p1|Flutter Mane, L50|\n|poke|p1|Chien-Pao, L50|\n|poke|p1|Dragonite, L50, F|\n|poke|p1|Raging Bolt, L50|\n|poke|p1|Urshifu-*, L50, M|\n|poke|p2|Calyrex-Shadow, L50|\n|poke|p2|Urshifu-*, L50, M|\n|poke|p2|Indeedee-F, L50, F|\n|poke|p2|Maushold, L50|\n|poke|p2|Dondozo, L50, M|\n|poke|p2|Tatsugiri, L50, F|\n|teampreview|4\n|inactive|Battle timer is ON: inactive players will automatically lose when time's up. (requested by AZUNA_Fan)\n|j| dmddo wogusl\n|inactive|kojimuranishi has 60 seconds left.\n|inactive|AZUNA_Fan has 60 seconds left.\n|inactive|kojimuranishi has 30 seconds left.\n|\n|t:|1717518047\n|start\n|switch|p1a: Chien-Pao|Chien-Pao, L50|100\/100\n|switch|p1b: Raging Bolt|Raging Bolt, L50|100\/100\n|switch|p2a: Calyrex|Calyrex-Shadow, L50|100\/100\n|switch|p2b: Maushold|Maushold, L50|100\/100\n|-ability|p2a: Calyrex|As One\n|-ability|p2a: Calyrex|Unnerve\n|-ability|p1a: Chien-Pao|Sword of Ruin\n|turn|1\n|inactive|kojimuranishi has 30 seconds left.\n|j| thejruth3\n|\n|t:|1717518082\n|-terastallize|p2a: Calyrex|Dark\n|move|p2b: Maushold|Helping Hand|p2a: Calyrex\n|-singleturn|p2a: Calyrex|Helping Hand|[of] p2b: Maushold\n|move|p2a: Calyrex|Astral Barrage|p1b: Raging Bolt|[spread] p1a,p1b\n|-resisted|p1a: Chien-Pao\n|-damage|p1a: Chien-Pao|11\/100\n|-damage|p1b: Raging Bolt|31\/100\n|move|p1a: Chien-Pao|Ice Spinner|p2b: Maushold\n|-damage|p2b: Maushold|31\/100\n|-damage|p1a: Chien-Pao|2\/100|[from] item: Life Orb\n|move|p1b: Raging Bolt|Snarl|p2a: Calyrex|[spread] p2a,p2b\n|-resisted|p2a: Calyrex\n|-damage|p2a: Calyrex|95\/100\n|-damage|p2b: Maushold|12\/100\n|-unboost|p2a: Calyrex|spa|1\n|-unboost|p2b: Maushold|spa|1\n|\n|upkeep\n|turn|2\n|inactive|kojimuranishi has 30 seconds left.\n|inactive|AZUNA_Fan has 30 seconds left.\n|j| Throwawayaccount42\n|\n|t:|1717518116\n|move|p1a: Chien-Pao|Protect|p1a: Chien-Pao\n|-singleturn|p1a: Chien-Pao|Protect\n|move|p2b: Maushold|Feint|p1b: Raging Bolt\n|-damage|p1b: Raging Bolt|21\/100\n|move|p1b: Raging Bolt|Thunderclap|p2a: Calyrex\n|-damage|p2a: Calyrex|64\/100\n|move|p2a: Calyrex|Astral Barrage|p1a: Chien-Pao|[spread] p1b\n|-activate|p1a: Chien-Pao|move: Protect\n|-damage|p1b: Raging Bolt|0 fnt\n|faint|p1b: Raging Bolt\n|-end|p1b: Raging Bolt|Protosynthesis|[silent]\n|-ability|p2a: Calyrex|Grim Neigh|boost\n|-boost|p2a: Calyrex|spa|1\n|\n|upkeep\n|\n|t:|1717518131\n|switch|p1b: Dragonite|Dragonite, L50, F|100\/100\n|turn|3\n|inactive|kojimuranishi has 30 seconds left.\n|\n|t:|1717518166\n|-terastallize|p1b: Dragonite|Normal\n|move|p1a: Chien-Pao|Protect||[still]\n|-fail|p1a: Chien-Pao\n|move|p2b: Maushold|Follow Me|p2b: Maushold\n|-singleturn|p2b: Maushold|move: Follow Me\n|move|p2a: Calyrex|Astral Barrage|p1a: Chien-Pao|[spread] p1a\n|-immune|p1b: Dragonite\n|-resisted|p1a: Chien-Pao\n|-damage|p1a: Chien-Pao|0 fnt\n|faint|p1a: Chien-Pao\n|-ability|p2a: Calyrex|Grim Neigh|boost\n|-boost|p2a: Calyrex|spa|1\n|move|p1b: Dragonite|Outrage|p2b: Maushold\n|-damage|p2b: Maushold|0 fnt\n|faint|p2b: Maushold\n|\n|upkeep\n|\n|t:|1717518188\n|switch|p1a: Urshifu|Urshifu-Rapid-Strike, L50, M|100\/100\n|switch|p2b: Urshifu|Urshifu, L50, M|100\/100\n|turn|4\n|\n|t:|1717518200\n|switch|p2a: Indeedee|Indeedee-F, L50, F|100\/100\n|-fieldstart|move: Psychic Terrain|[from] ability: Psychic Surge|[of] p2a: Indeedee\n|move|p1a: Urshifu|Surging Strikes|p2a: Indeedee\n|-crit|p2a: Indeedee\n|-damage|p2a: Indeedee|81\/100\n|-crit|p2a: Indeedee\n|-damage|p2a: Indeedee|60\/100\n|-crit|p2a: Indeedee\n|-damage|p2a: Indeedee|40\/100\n|-hitcount|p2a: Indeedee|3\n|move|p2b: Urshifu|Close Combat|p1b: Dragonite\n|-supereffective|p1b: Dragonite\n|-damage|p1b: Dragonite|0 fnt\n|-unboost|p2b: Urshifu|def|1\n|-unboost|p2b: Urshifu|spd|1\n|faint|p1b: Dragonite\n|\n|upkeep\n|turn|5\n|\n|t:|1717518223\n|move|p1a: Urshifu|Surging Strikes|p2a: Indeedee\n|-crit|p2a: Indeedee\n|-damage|p2a: Indeedee|18\/100\n|-crit|p2a: Indeedee\n|-damage|p2a: Indeedee|0 fnt\n|faint|p2a: Indeedee\n|-hitcount|p2: Indeedee|2\n|move|p2b: Urshifu|Close Combat|p1a: Urshifu\n|-damage|p1a: Urshifu|0 fnt\n|-unboost|p2b: Urshifu|def|1\n|-unboost|p2b: Urshifu|spd|1\n|faint|p1a: Urshifu\n|\n|win|AZUNA_Fan\n|raw|kojimuranishi's rating: 1699 &rarr; <strong>1680<\/strong><br \/>(-19 for losing)\n|raw|AZUNA_Fan's rating: 1719 &rarr; <strong>1738<\/strong><br \/>(+19 for winning)\n|l|\u2606AZUNA_Fan\n|player|p2|\n|l| Throwawayaccount42\n|l|\u2606kojimuranishi\n|player|p1|\n|l| thejruth3\n|l| dmddo wogusl\n","uploadtime":1717518384,"views":17,"formatid":"gen9vgc2024regg","rating":1680,"private":0,"password":null}