{"id":"gen9vgc2024regg-2136124200","format":"[Gen 9] VGC 2024 Reg G","players":["KogaAF1219","Oscarbolt"],"log":"|j|\u2606KogaAF1219\n|j|\u2606Oscarbolt\n|t:|1717431234\n|gametype|doubles\n|player|p1|KogaAF1219|102|1747\n|player|p2|Oscarbolt|red|1669\n|teamsize|p1|6\n|teamsize|p2|6\n|gen|9\n|tier|[Gen 9] VGC 2024 Reg G\n|rated|\n|rule|Species Clause: Limit one of each Pok\u00e9mon\n|rule|Item Clause: Limit one of each item\n|clearpoke\n|poke|p1|Calyrex-Shadow, L50|\n|poke|p1|Indeedee, L50, M|\n|poke|p1|Whimsicott, L50, F|\n|poke|p1|Ogerpon-Cornerstone, L50, F|\n|poke|p1|Urshifu-*, L50, M|\n|poke|p1|Torkoal, L50, M|\n|poke|p2|Groudon, L50|\n|poke|p2|Flutter Mane, L50|\n|poke|p2|Great Tusk, L50|\n|poke|p2|Raging Bolt, L50|\n|poke|p2|Moltres, L50|\n|poke|p2|Entei, L50|\n|teampreview|4\nKogaAF1219 has agreed to open team sheets.\n|inactive|Battle timer is ON: inactive players will automatically lose when time's up. (requested by KogaAF1219)\n|\n|t:|1717431284\n|start\n|switch|p1a: Whimsicott|Whimsicott, L50, F|100\/100\n|switch|p1b: Ogerpon|Ogerpon-Cornerstone, L50, F|100\/100\n|switch|p2a: Groudon|Groudon, L50|100\/100\n|switch|p2b: Raging Bolt|Raging Bolt, L50|100\/100\n|-weather|SunnyDay|[from] ability: Drought|[of] p2a: Groudon\n|-activate|p2b: Raging Bolt|ability: Protosynthesis\n|-start|p2b: Raging Bolt|protosynthesisspa\n|turn|1\n|\n|t:|1717431298\n|move|p1a: Whimsicott|Tailwind|p1a: Whimsicott\n|-sidestart|p1: KogaAF1219|move: Tailwind\n|move|p1b: Ogerpon|Ivy Cudgel|p2b: Raging Bolt|[anim] Ivy Cudgel Rock\n|-damage|p2b: Raging Bolt|55\/100\n|move|p2a: Groudon|Precipice Blades|p1a: Whimsicott|[spread] p1a,p1b\n|-resisted|p1a: Whimsicott\n|-damage|p1a: Whimsicott|83\/100\n|-damage|p1b: Ogerpon|40\/100\n|move|p2b: Raging Bolt|Discharge|p1a: Whimsicott|[spread] p1a,p1b\n|-immune|p2a: Groudon\n|-resisted|p1a: Whimsicott\n|-resisted|p1b: Ogerpon\n|-damage|p1a: Whimsicott|54\/100\n|-damage|p1b: Ogerpon|11\/100\n|-status|p1b: Ogerpon|par\n|\n|-weather|SunnyDay|[upkeep]\n|upkeep\n|turn|2\n|\n|t:|1717431314\n|move|p2b: Raging Bolt|Protect|p2b: Raging Bolt\n|-singleturn|p2b: Raging Bolt|Protect\n|move|p1a: Whimsicott|Light Screen|p1a: Whimsicott\n|-sidestart|p1: KogaAF1219|move: Light Screen\n|move|p1b: Ogerpon|Horn Leech|p2a: Groudon\n|-supereffective|p2a: Groudon\n|-damage|p2a: Groudon|37\/100\n|-heal|p1b: Ogerpon|54\/100 par|[from] drain|[of] p2a: Groudon\n|-enditem|p2a: Groudon|Sitrus Berry|[eat]\n|-heal|p2a: Groudon|61\/100|[from] item: Sitrus Berry\n|move|p2a: Groudon|Precipice Blades|p1b: Ogerpon|[spread] p1a,p1b\n|-resisted|p1a: Whimsicott\n|-damage|p1a: Whimsicott|36\/100\n|-damage|p1b: Ogerpon|0 fnt\n|faint|p1b: Ogerpon\n|\n|-weather|SunnyDay|[upkeep]\n|upkeep\n|\n|t:|1717431324\n|switch|p1b: Calyrex|Calyrex-Shadow, L50|100\/100\n|-ability|p1b: Calyrex|As One\n|-ability|p1b: Calyrex|Unnerve\n|turn|3\n|j| shy1535\n|\n|t:|1717431337\n|switch|p1a: Indeedee|Indeedee, L50, M|100\/100\n|-fieldstart|move: Psychic Terrain|[from] ability: Psychic Surge|[of] p1a: Indeedee\n|move|p2b: Raging Bolt|Thunderclap|p1b: Calyrex\n|-activate|p1b: Calyrex|move: Psychic Terrain\n|move|p1b: Calyrex|Expanding Force|p2b: Raging Bolt|[spread] p2a,p2b\n|-damage|p2a: Groudon|1\/100\n|-damage|p2b: Raging Bolt|0 fnt\n|faint|p2b: Raging Bolt\n|-end|p2b: Raging Bolt|Protosynthesis|[silent]\n|-ability|p1b: Calyrex|Grim Neigh|boost\n|-boost|p1b: Calyrex|spa|1\n|-damage|p1b: Calyrex|91\/100|[from] item: Life Orb\n|move|p2a: Groudon|Precipice Blades|p1b: Calyrex|[spread] p1b\n|-miss|p2a: Groudon|p1a: Indeedee\n|-damage|p1b: Calyrex|36\/100\n|\n|-weather|SunnyDay|[upkeep]\n|upkeep\n|\n|t:|1717431348\n|switch|p2b: Flutter Mane|Flutter Mane, L50|100\/100\n|-activate|p2b: Flutter Mane|ability: Protosynthesis\n|-start|p2b: Flutter Mane|protosynthesisspe\n|turn|4\n|\n|t:|1717431361\n|switch|p1a: Whimsicott|Whimsicott, L50, F|36\/100\n|move|p2b: Flutter Mane|Protect|p2b: Flutter Mane\n|-singleturn|p2b: Flutter Mane|Protect\n|move|p2a: Groudon|Protect|p2a: Groudon\n|-singleturn|p2a: Groudon|Protect\n|move|p1b: Calyrex|Expanding Force|p2a: Groudon|[spread] \n|-activate|p2a: Groudon|move: Protect\n|-activate|p2b: Flutter Mane|move: Protect\n|\n|-weather|SunnyDay|[upkeep]\n|-sideend|p1: KogaAF1219|move: Tailwind\n|upkeep\n|turn|5\n|\n|t:|1717431373\n|move|p1a: Whimsicott|Tailwind|p1a: Whimsicott\n|-sidestart|p1: KogaAF1219|move: Tailwind\n|move|p1b: Calyrex|Expanding Force|p2a: Groudon|[spread] p2a,p2b\n|-damage|p2a: Groudon|0 fnt\n|-enditem|p2b: Flutter Mane|Focus Sash\n|-damage|p2b: Flutter Mane|1\/100\n|faint|p2a: Groudon\n|-ability|p1b: Calyrex|Grim Neigh|boost\n|-boost|p1b: Calyrex|spa|1\n|-damage|p1b: Calyrex|26\/100|[from] item: Life Orb\n|move|p2b: Flutter Mane|Shadow Ball|p1b: Calyrex\n|-supereffective|p1b: Calyrex\n|-damage|p1b: Calyrex|0 fnt\n|faint|p1b: Calyrex\n|\n|-weather|none\n|-end|p2b: Flutter Mane|Protosynthesis\n|upkeep\n|\n|t:|1717431378\n|switch|p1b: Indeedee|Indeedee, L50, M|100\/100\n|switch|p2a: Entei|Entei, L50|100\/100\n|turn|6\n|\n|t:|1717431390\n|move|p2b: Flutter Mane|Protect|p2b: Flutter Mane\n|-singleturn|p2b: Flutter Mane|Protect\n|move|p1b: Indeedee|Expanding Force|p2b: Flutter Mane|[spread] p2a\n|-activate|p2b: Flutter Mane|move: Protect\n|-damage|p2a: Entei|65\/100\n|move|p1a: Whimsicott|Moonblast|p2a: Entei\n|-resisted|p2a: Entei\n|-damage|p2a: Entei|57\/100\n|move|p2a: Entei|Sacred Fire|p1a: Whimsicott\n|-supereffective|p1a: Whimsicott\n|-damage|p1a: Whimsicott|0 fnt\n|faint|p1a: Whimsicott\n|\n|-sideend|p1: KogaAF1219|move: Light Screen\n|upkeep\n|turn|7\n|\n|t:|1717431407\n|move|p2b: Flutter Mane|Protect||[still]\n|-fail|p2b: Flutter Mane\n|move|p1b: Indeedee|Expanding Force|p2b: Flutter Mane|[spread] p2a,p2b\n|-damage|p2a: Entei|23\/100\n|-damage|p2b: Flutter Mane|0 fnt\n|faint|p2b: Flutter Mane\n|-end|p2b: Flutter Mane|Protosynthesis|[silent]\n|move|p2a: Entei|Sacred Fire|p1b: Indeedee\n|-enditem|p1b: Indeedee|Focus Sash\n|-damage|p1b: Indeedee|1\/100\n|-status|p1b: Indeedee|brn\n|\n|-damage|p1b: Indeedee|0 fnt|[from] brn\n|faint|p1b: Indeedee\n|\n|win|Oscarbolt\n|upkeep\n|raw|KogaAF1219's rating: 1747 &rarr; <strong>1723<\/strong><br \/>(-24 for losing)\n|raw|Oscarbolt's rating: 1669 &rarr; <strong>1693<\/strong><br \/>(+24 for winning)\n|l|\u2606KogaAF1219\n|player|p1|\n|l|\u2606Oscarbolt\n|player|p2|\n","uploadtime":1717431561,"views":40,"formatid":"gen9vgc2024regg","rating":1693,"private":0,"password":null}