{"id":"gen9vgc2024regg-2136650764","format":"[Gen 9] VGC 2024 Reg G","players":["SeaWolfMikess","wilderzzz"],"log":"|j|\u2606SeaWolfMikess\n|j|\u2606wilderzzz\n|t:|1717499610\n|gametype|doubles\n|player|p1|SeaWolfMikess|hugh|1655\n|player|p2|wilderzzz|170|1699\n|teamsize|p1|6\n|teamsize|p2|6\n|gen|9\n|tier|[Gen 9] VGC 2024 Reg G\n|rated|\n|rule|Species Clause: Limit one of each Pok\u00e9mon\n|rule|Item Clause: Limit one of each item\n|clearpoke\n|poke|p1|Miraidon, L50|\n|poke|p1|Tornadus, L50, M|\n|poke|p1|Chien-Pao, L50|\n|poke|p1|Urshifu-*, L50, F|\n|poke|p1|Tsareena, L50, F|\n|poke|p1|Iron Hands, L50|\n|poke|p2|Pelipper, L50, F|\n|poke|p2|Zamazenta-*, L50|\n|poke|p2|Incineroar, L50, M|\n|poke|p2|Urshifu-*, L50, M|\n|poke|p2|Rillaboom, L50, F|\n|poke|p2|Raging Bolt, L50|\n|teampreview|4\n|\n|t:|1717499636\n|start\n|switch|p1a: Miraidon|Miraidon, L50|100\/100\n|switch|p1b: Chien-Pao|Chien-Pao, L50|100\/100\n|switch|p2a: Rillaboom|Rillaboom, L50, F|100\/100\n|switch|p2b: Raging Bolt|Raging Bolt, L50|100\/100\n|-fieldstart|move: Electric Terrain|[from] ability: Hadron Engine|[of] p1a: Miraidon\n|-ability|p1b: Chien-Pao|Sword of Ruin\n|-fieldstart|move: Grassy Terrain|[from] ability: Grassy Surge|[of] p2a: Rillaboom\n|turn|1\n|\n|t:|1717499677\n|switch|p1a: Tsareena|Tsareena, L50, F|100\/100\n|-terastallize|p2a: Rillaboom|Steel\n|move|p1b: Chien-Pao|Icicle Crash|p2a: Rillaboom\n|-resisted|p2a: Rillaboom\n|-damage|p2a: Rillaboom|71\/100\n|move|p2a: Rillaboom|U-turn|p1b: Chien-Pao\n|-supereffective|p1b: Chien-Pao\n|-damage|p1b: Chien-Pao|41\/100\n|\n|t:|1717499686\n|switch|p2a: Incineroar|Incineroar, L50, M, shiny|100\/100|[from] U-turn\n|-ability|p2a: Incineroar|Intimidate|boost\n|-unboost|p1a: Tsareena|atk|1\n|-unboost|p1b: Chien-Pao|atk|1\n|move|p2b: Raging Bolt|Dragon Pulse|p1b: Chien-Pao\n|-damage|p1b: Chien-Pao|0 fnt\n|faint|p1b: Chien-Pao\n|\n|upkeep\n|\n|t:|1717499690\n|switch|p1b: Urshifu|Urshifu-Rapid-Strike, L50, F|100\/100\n|turn|2\n|\n|t:|1717499705\n|switch|p2a: Rillaboom|Rillaboom, L50, F, tera:Steel|71\/100\n|-terastallize|p1b: Urshifu|Ground\n|move|p1a: Tsareena|Helping Hand|p1b: Urshifu\n|-singleturn|p1b: Urshifu|Helping Hand|[of] p1a: Tsareena\n|move|p1b: Urshifu|Tera Blast|p2b: Raging Bolt|[anim] Tera Blast Ground\n|-supereffective|p2b: Raging Bolt\n|-damage|p2b: Raging Bolt|4\/100\n|move|p2b: Raging Bolt|Dragon Pulse|p1a: Tsareena\n|-damage|p1a: Tsareena|56\/100\n|\n|-heal|p1a: Tsareena|63\/100|[from] Grassy Terrain\n|-heal|p2a: Rillaboom|77\/100|[from] Grassy Terrain\n|-heal|p2b: Raging Bolt|10\/100|[from] Grassy Terrain\n|-heal|p2b: Raging Bolt|16\/100|[from] item: Leftovers\n|upkeep\n|turn|3\n|j| Kal0stest\n|j| THUNDERSND77\n|\n|t:|1717499736\n|-end|p2b: Raging Bolt|Protosynthesis|[silent]\n|switch|p2b: Incineroar|Incineroar, L50, M, shiny|100\/100\n|-ability|p2b: Incineroar|Intimidate|boost\n|-unboost|p1a: Tsareena|atk|1\n|-unboost|p1b: Urshifu|atk|1\n|move|p1a: Tsareena|Helping Hand|p1b: Urshifu\n|-singleturn|p1b: Urshifu|Helping Hand|[of] p1a: Tsareena\n|move|p1b: Urshifu|Tera Blast|p2a: Rillaboom|[anim] Tera Blast Ground\n|-supereffective|p2a: Rillaboom\n|-damage|p2a: Rillaboom|0 fnt\n|faint|p2a: Rillaboom\n|\n|-heal|p1a: Tsareena|69\/100|[from] Grassy Terrain\n|upkeep\n|\n|t:|1717499752\n|switch|p2a: Zamazenta|Zamazenta-Crowned, L50|100\/100\n|-ability|p2a: Zamazenta|Dauntless Shield|boost\n|-boost|p2a: Zamazenta|def|1\n|turn|4\n|\n|t:|1717499774\n|move|p1a: Tsareena|Helping Hand|p1b: Urshifu\n|-singleturn|p1b: Urshifu|Helping Hand|[of] p1a: Tsareena\n|move|p1b: Urshifu|Tera Blast|p2b: Incineroar|[anim] Tera Blast Ground\n|-supereffective|p2b: Incineroar\n|-damage|p2b: Incineroar|23\/100\n|move|p2a: Zamazenta|Body Press|p1b: Urshifu\n|-damage|p1b: Urshifu|37\/100\n|move|p2b: Incineroar|Knock Off|p1b: Urshifu\n|-damage|p1b: Urshifu|0 fnt\n|-enditem|p1b: Urshifu|Choice Scarf|[from] move: Knock Off|[of] p2b: Incineroar\n|faint|p1b: Urshifu\n|\n|-heal|p1a: Tsareena|75\/100|[from] Grassy Terrain\n|-heal|p2b: Incineroar|29\/100|[from] Grassy Terrain\n|upkeep\n|\n|t:|1717499779\n|switch|p1b: Miraidon|Miraidon, L50|100\/100\n|-fieldstart|move: Electric Terrain|[from] ability: Hadron Engine|[of] p1b: Miraidon\n|turn|5\n|\n|t:|1717499806\n|switch|p2b: Raging Bolt|Raging Bolt, L50|16\/100\n|move|p2a: Zamazenta|Protect|p2a: Zamazenta\n|-singleturn|p2a: Zamazenta|Protect\n|move|p1b: Miraidon|Electro Drift|p2b: Raging Bolt\n|-resisted|p2b: Raging Bolt\n|-damage|p2b: Raging Bolt|0 fnt\n|faint|p2b: Raging Bolt\n|-end|p2b: Raging Bolt|Protosynthesis|[silent]\n|move|p1a: Tsareena|Taunt|p2a: Zamazenta\n|-activate|p2a: Zamazenta|move: Protect\n|\n|upkeep\n|\n|t:|1717499818\n|switch|p2b: Incineroar|Incineroar, L50, M, shiny|29\/100\n|-ability|p2b: Incineroar|Intimidate|boost\n|-unboost|p1a: Tsareena|atk|1\n|-unboost|p1b: Miraidon|atk|1\n|turn|6\n|\n|t:|1717499832\n|move|p1a: Tsareena|Helping Hand|p1b: Miraidon\n|-singleturn|p1b: Miraidon|Helping Hand|[of] p1a: Tsareena\n|move|p1b: Miraidon|Electro Drift|p2a: Zamazenta\n|-damage|p2a: Zamazenta|0 fnt\n|faint|p2a: Zamazenta\n|move|p2b: Incineroar|Knock Off|p1b: Miraidon\n|-damage|p1b: Miraidon|63\/100\n|-enditem|p1b: Miraidon|Choice Specs|[from] move: Knock Off|[of] p2b: Incineroar\n|\n|upkeep\n|turn|7\n|-message|wilderzzz forfeited.\n|\n|win|SeaWolfMikess\n|raw|SeaWolfMikess's rating: 1655 &rarr; <strong>1678<\/strong><br \/>(+23 for winning)\n|raw|wilderzzz's rating: 1699 &rarr; <strong>1676<\/strong><br \/>(-23 for losing)\n|l|\u2606wilderzzz\n|player|p2|\n|l|\u2606SeaWolfMikess\n|player|p1|\n|l| Kal0stest\n|l| THUNDERSND77\n","uploadtime":1717500087,"views":28,"formatid":"gen9vgc2024regg","rating":1676,"private":0,"password":null}