{"id":"gen9vgc2024regg-2137329484","format":"[Gen 9] VGC 2024 Reg G","players":["cicibi","caixueying"],"log":"|j|\u2606cicibi\n|j|\u2606caixueying\n|t:|1717585627\n|gametype|doubles\n|player|p1|cicibi|cilan|1759\n|player|p2|caixueying|beauty-gen4dp|1680\n|teamsize|p1|6\n|teamsize|p2|6\n|gen|9\n|tier|[Gen 9] VGC 2024 Reg G\n|rated|\n|rule|Species Clause: Limit one of each Pok\u00e9mon\n|rule|Item Clause: Limit one of each item\n|clearpoke\n|poke|p1|Amoonguss, L50, M|\n|poke|p1|Chien-Pao, L50|\n|poke|p1|Flutter Mane, L50|\n|poke|p1|Incineroar, L50, M|\n|poke|p1|Urshifu-*, L50, M|\n|poke|p1|Zamazenta-*, L50|\n|poke|p2|Indeedee-F, L50, F|\n|poke|p2|Ursaluna-Bloodmoon, L50, M|\n|poke|p2|Mienshao, L50, F|\n|poke|p2|Torkoal, L50, F|\n|poke|p2|Sinistcha-Masterpiece, L50|\n|poke|p2|Calyrex-Ice, L50|\n|teampreview|4\n|inactive|Battle timer is ON: inactive players will automatically lose when time's up. (requested by caixueying)\n|inactive|cicibi has 60 seconds left.\n|inactive|caixueying has 60 seconds left.\n|j| michaevgc23\n|\n|t:|1717585679\n|start\n|switch|p1a: Chien-Pao|Chien-Pao, L50|100\/100\n|switch|p1b: Zamazenta|Zamazenta-Crowned, L50|100\/100\n|switch|p2a: Mienshao|Mienshao, L50, F|100\/100\n|switch|p2b: Calyrex|Calyrex-Ice, L50|100\/100\n|-ability|p2b: Calyrex|As One\n|-ability|p2b: Calyrex|Unnerve\n|-ability|p1a: Chien-Pao|Sword of Ruin\n|-ability|p1b: Zamazenta|Dauntless Shield|boost\n|-boost|p1b: Zamazenta|def|1\n|turn|1\n|\n|t:|1717585702\n|-terastallize|p2b: Calyrex|Fire\n|move|p1a: Chien-Pao|Throat Chop|p2b: Calyrex\n|-damage|p2b: Calyrex|68\/100\n|-start|p2b: Calyrex|Throat Chop|[silent]\n|move|p1b: Zamazenta|Iron Defense|p1b: Zamazenta\n|-boost|p1b: Zamazenta|def|2\n|move|p2a: Mienshao|Close Combat|p1a: Chien-Pao\n|-supereffective|p1a: Chien-Pao\n|-enditem|p1a: Chien-Pao|Focus Sash\n|-damage|p1a: Chien-Pao|1\/100\n|-unboost|p2a: Mienshao|def|1\n|-unboost|p2a: Mienshao|spd|1\n|move|p2b: Calyrex|Glacial Lance|p1a: Chien-Pao|[spread] p1a,p1b\n|-resisted|p1a: Chien-Pao\n|-resisted|p1b: Zamazenta\n|-damage|p1a: Chien-Pao|0 fnt\n|-damage|p1b: Zamazenta|90\/100\n|faint|p1a: Chien-Pao\n|-ability|p2b: Calyrex|Chilling Neigh|boost\n|-boost|p2b: Calyrex|atk|1\n|\n|upkeep\n|\n|t:|1717585726\n|switch|p1a: Amoonguss|Amoonguss, L50, M|100\/100\n|turn|2\n|\n|t:|1717585748\n|move|p1b: Zamazenta|Wide Guard|p1b: Zamazenta\n|-singleturn|p1b: Zamazenta|Wide Guard\n|move|p2a: Mienshao|Taunt|p1a: Amoonguss\n|-start|p1a: Amoonguss|move: Taunt\n|cant|p1a: Amoonguss|move: Taunt|Spore\n|move|p2b: Calyrex|Trick Room|p2b: Calyrex\n|-fieldstart|move: Trick Room|[of] p2b: Calyrex\n|\n|-end|p2b: Calyrex|Throat Chop|[silent]\n|upkeep\n|turn|3\n|inactive|cicibi has 30 seconds left.\n|\n|t:|1717585779\n|switch|p1a: Incineroar|Incineroar, L50, M|100\/100\n|-ability|p1a: Incineroar|Intimidate|boost\n|-fail|p2a: Mienshao|unboost|Attack|[from] ability: Inner Focus|[of] p2a: Mienshao\n|-fail|p2b: Calyrex|unboost|[from] item: Clear Amulet|[of] p2b: Calyrex\n|switch|p2a: Torkoal|Torkoal, L50, F|100\/100\n|-weather|SunnyDay|[from] ability: Drought|[of] p2a: Torkoal\n|move|p2b: Calyrex|Zen Headbutt|p1a: Incineroar\n|-immune|p1a: Incineroar\n|move|p1b: Zamazenta|Body Press|p2a: Torkoal\n|-damage|p2a: Torkoal|21\/100\n|\n|-weather|SunnyDay|[upkeep]\n|upkeep\n|turn|4\n|inactive|cicibi has 30 seconds left.\n|inactive|cicibi has 20 seconds left.\n|\n|t:|1717585818\n|switch|p2b: Indeedee|Indeedee-F, L50, F|100\/100\n|-fieldstart|move: Psychic Terrain|[from] ability: Psychic Surge|[of] p2b: Indeedee\n|move|p1a: Incineroar|Fake Out|p2a: Torkoal\n|-activate|p2a: Torkoal|move: Psychic Terrain\n|move|p2a: Torkoal|Weather Ball|p1b: Zamazenta\n|-supereffective|p1b: Zamazenta\n|-damage|p1b: Zamazenta|0 fnt\n|faint|p1b: Zamazenta\n|\n|-weather|SunnyDay|[upkeep]\n|upkeep\n|\n|t:|1717585830\n|switch|p1b: Amoonguss|Amoonguss, L50, M|100\/100\n|turn|5\n|inactive|cicibi has 30 seconds left.\n|\n|t:|1717585858\n|-terastallize|p1b: Amoonguss|Water\n|move|p2b: Indeedee|Follow Me|p2b: Indeedee\n|-singleturn|p2b: Indeedee|move: Follow Me\n|move|p2a: Torkoal|Weather Ball|p1b: Amoonguss\n|-resisted|p1b: Amoonguss\n|-damage|p1b: Amoonguss|64\/100\n|move|p1b: Amoonguss|Spore|p2b: Indeedee\n|-status|p2b: Indeedee|slp|[from] move: Spore\n|move|p1a: Incineroar|Knock Off|p2b: Indeedee\n|-supereffective|p2b: Indeedee\n|-damage|p2b: Indeedee|28\/100 slp\n|-enditem|p2b: Indeedee|Terrain Extender|[from] move: Knock Off|[of] p1a: Incineroar\n|\n|-weather|SunnyDay|[upkeep]\n|upkeep\n|turn|6\n|inactive|cicibi has 30 seconds left.\n|\n|t:|1717585892\n|move|p2a: Torkoal|Solar Beam||[still]\n|-prepare|p2a: Torkoal|Solar Beam\n|-anim|p2a: Torkoal|Solar Beam|p1b: Amoonguss\n|-supereffective|p1b: Amoonguss\n|-damage|p1b: Amoonguss|4\/100\n|-enditem|p1b: Amoonguss|Sitrus Berry|[eat]\n|-heal|p1b: Amoonguss|29\/100|[from] item: Sitrus Berry\n|move|p1b: Amoonguss|Spore|p2a: Torkoal\n|-status|p2a: Torkoal|slp|[from] move: Spore\n|move|p1a: Incineroar|Knock Off|p2b: Indeedee\n|-supereffective|p2b: Indeedee\n|-damage|p2b: Indeedee|0 fnt\n|faint|p2b: Indeedee\n|\n|-weather|SunnyDay|[upkeep]\n|-fieldend|move: Trick Room\n|upkeep\n|\n|t:|1717585906\n|switch|p2b: Mienshao|Mienshao, L50, F|100\/100\n|turn|7\n|\n|t:|1717585925\n|move|p1b: Amoonguss|Rage Powder|p1b: Amoonguss\n|-singleturn|p1b: Amoonguss|move: Rage Powder\n|move|p2b: Mienshao|Close Combat|p1b: Amoonguss\n|-damage|p1b: Amoonguss|0 fnt\n|-unboost|p2b: Mienshao|def|1\n|-unboost|p2b: Mienshao|spd|1\n|faint|p1b: Amoonguss\n|move|p1a: Incineroar|Flare Blitz|p2b: Mienshao\n|-crit|p2b: Mienshao\n|-enditem|p2b: Mienshao|Focus Sash\n|-damage|p2b: Mienshao|1\/100\n|-damage|p1a: Incineroar|78\/100|[from] Recoil\n|cant|p2a: Torkoal|slp\n|\n|-weather|none\n|upkeep\n|turn|8\n|\n|t:|1717585942\n|switch|p2a: Calyrex|Calyrex-Ice, L50, tera:Fire|68\/100\n|-ability|p2a: Calyrex|As One\n|-ability|p2a: Calyrex|Unnerve\n|move|p2b: Mienshao|Close Combat|p1a: Incineroar\n|-supereffective|p1a: Incineroar\n|-damage|p1a: Incineroar|0 fnt\n|-unboost|p2b: Mienshao|def|1\n|-unboost|p2b: Mienshao|spd|1\n|faint|p1a: Incineroar\n|\n|win|caixueying\n|raw|cicibi's rating: 1759 &rarr; <strong>1735<\/strong><br \/>(-24 for losing)\n|raw|caixueying's rating: 1680 &rarr; <strong>1704<\/strong><br \/>(+24 for winning)\n|l|\u2606caixueying\n|player|p2|\n|l|\u2606cicibi\n|player|p1|\n|l| michaevgc23\n","uploadtime":1717586149,"views":40,"formatid":"gen9vgc2024regg","rating":1704,"private":0,"password":null}