{"id":"gen9vgc2024regg-2137286846","format":"[Gen 9] VGC 2024 Reg G","players":["caixueying","Mocha_06"],"log":"|j|\u2606caixueying\n|j|\u2606Mocha_06\n|t:|1717578508\n|gametype|doubles\n|player|p1|caixueying|beauty-gen4dp|1677\n|player|p2|Mocha_06|1|1715\n|teamsize|p1|6\n|teamsize|p2|6\n|gen|9\n|tier|[Gen 9] VGC 2024 Reg G\n|rated|\n|rule|Species Clause: Limit one of each Pok\u00e9mon\n|rule|Item Clause: Limit one of each item\n|clearpoke\n|poke|p1|Indeedee-F, L50, F|\n|poke|p1|Ursaluna-Bloodmoon, L50, M|\n|poke|p1|Mienshao, L50, M|\n|poke|p1|Torkoal, L50, F|\n|poke|p1|Sinistcha-Masterpiece, L50|\n|poke|p1|Calyrex-Ice, L50|\n|poke|p2|Miraidon, L50|\n|poke|p2|Farigiraf, L50, F|\n|poke|p2|Whimsicott, L50, F|\n|poke|p2|Iron Hands, L50|\n|poke|p2|Ditto, L50|\n|poke|p2|Ogerpon-Cornerstone, L50, F|\n|teampreview|4\n|inactive|Battle timer is ON: inactive players will automatically lose when time's up. (requested by caixueying)\n|inactive|Mocha_06 has 60 seconds left.\n|\n|t:|1717578568\n|start\n|switch|p1a: Indeedee|Indeedee-F, L50, F|100\/100\n|switch|p1b: Calyrex|Calyrex-Ice, L50|100\/100\n|switch|p2a: Miraidon|Miraidon, L50|100\/100\n|switch|p2b: Farigiraf|Farigiraf, L50, F|100\/100\n|-ability|p1b: Calyrex|As One\n|-ability|p1b: Calyrex|Unnerve\n|-fieldstart|move: Electric Terrain|[from] ability: Hadron Engine|[of] p2a: Miraidon\n|-enditem|p2b: Farigiraf|Electric Seed\n|-boost|p2b: Farigiraf|def|1|[from] item: Electric Seed\n|-fieldstart|move: Psychic Terrain|[from] ability: Psychic Surge|[of] p1a: Indeedee\n|turn|1\n|inactive|Mocha_06 has 30 seconds left.\n|\n|t:|1717578599\n|-terastallize|p2a: Miraidon|Electric\n|-terastallize|p1b: Calyrex|Fire\n|move|p1a: Indeedee|Helping Hand|p1b: Calyrex\n|-singleturn|p1b: Calyrex|Helping Hand|[of] p1a: Indeedee\n|move|p2a: Miraidon|Volt Switch|p1b: Calyrex\n|-damage|p1b: Calyrex|41\/100\n|\n|t:|1717578615\n|switch|p2a: Whimsicott|Whimsicott, L50, F|100\/100|[from] Volt Switch\n|move|p2b: Farigiraf|Foul Play|p1b: Calyrex\n|-damage|p1b: Calyrex|12\/100\n|move|p1b: Calyrex|Glacial Lance|p2a: Whimsicott|[spread] p2a,p2b\n|-supereffective|p2a: Whimsicott\n|-enditem|p2a: Whimsicott|Focus Sash\n|-damage|p2a: Whimsicott|1\/100\n|-damage|p2b: Farigiraf|46\/100\n|\n|upkeep\n|turn|2\n|inactive|Mocha_06 has 30 seconds left.\n|inactive|Mocha_06 has 20 seconds left.\n|inactive|Mocha_06 has 15 seconds left.\n|\n|t:|1717578660\n|switch|p1b: Ursaluna|Ursaluna-Bloodmoon, L50, M|100\/100\n|move|p2a: Whimsicott|Moonblast|p1b: Ursaluna\n|-damage|p1b: Ursaluna|63\/100\n|-unboost|p1b: Ursaluna|spa|1\n|move|p2b: Farigiraf|Foul Play|p1b: Ursaluna\n|-damage|p1b: Ursaluna|53\/100\n|move|p1a: Indeedee|Trick Room|p1a: Indeedee\n|-fieldstart|move: Trick Room|[of] p1a: Indeedee\n|\n|upkeep\n|turn|3\n|j| rabbithorn05\n|inactive|Mocha_06 has 30 seconds left.\n|\n|t:|1717578695\n|switch|p2b: Miraidon|Miraidon, L50, tera:Electric|100\/100\n|-fieldstart|move: Electric Terrain|[from] ability: Hadron Engine|[of] p2b: Miraidon\n|move|p2a: Whimsicott|Encore|p1a: Indeedee\n|-start|p1a: Indeedee|Encore\n|move|p1b: Ursaluna|Blood Moon|p2b: Miraidon\n|-damage|p2b: Miraidon|47\/100\n|move|p1a: Indeedee|Trick Room|p1a: Indeedee\n|-fieldend|move: Trick Room\n|\n|upkeep\n|turn|4\n|\n|t:|1717578718\n|switch|p1a: Sinistcha|Sinistcha-Masterpiece, L50|100\/100\n|-heal|p1b: Ursaluna|78\/100|[from] ability: Hospitality|[of] p1a: Sinistcha\n|move|p2b: Miraidon|Volt Switch|p1a: Sinistcha\n|-resisted|p1a: Sinistcha\n|-damage|p1a: Sinistcha|22\/100\n|-enditem|p1a: Sinistcha|Sitrus Berry|[eat]\n|-heal|p1a: Sinistcha|47\/100|[from] item: Sitrus Berry\n|\n|t:|1717578730\n|switch|p2b: Farigiraf|Farigiraf, L50, F|46\/100|[from] Volt Switch\n|move|p2a: Whimsicott|Moonblast|p1b: Ursaluna\n|-damage|p1b: Ursaluna|36\/100\n|-unboost|p1b: Ursaluna|spa|1\n|move|p1b: Ursaluna|Hyper Voice|p2b: Farigiraf|[spread] p2a,p2b\n|-crit|p2b: Farigiraf\n|-damage|p2a: Whimsicott|0 fnt\n|-damage|p2b: Farigiraf|0 fnt\n|faint|p2a: Whimsicott\n|faint|p2b: Farigiraf\n|-enditem|p1b: Ursaluna|Throat Spray\n|-boost|p1b: Ursaluna|spa|1|[from] item: Throat Spray\n|\n|upkeep\n|\n|t:|1717578744\n|switch|p2a: Miraidon|Miraidon, L50, tera:Electric|47\/100\n|switch|p2b: Iron Hands|Iron Hands, L50|100\/100\n|-activate|p2a: Miraidon|ability: Hadron Engine\n|-activate|p2b: Iron Hands|ability: Quark Drive\n|-start|p2b: Iron Hands|quarkdriveatk\n|turn|5\n|inactive|Mocha_06 has 30 seconds left.\n|inactive|Mocha_06 has 20 seconds left.\n|inactive|Mocha_06 has 15 seconds left.\n|\n|t:|1717578786\n|switch|p1b: Indeedee|Indeedee-F, L50, F|100\/100\n|-fieldstart|move: Psychic Terrain|[from] ability: Psychic Surge|[of] p1b: Indeedee\n|-end|p2b: Iron Hands|Quark Drive\n|move|p2b: Iron Hands|Fake Out|p1b: Indeedee\n|-activate|p1b: Indeedee|move: Psychic Terrain\n|move|p2a: Miraidon|Discharge|p1b: Indeedee|[spread] p2b,p1a,p1b\n|-resisted|p2b: Iron Hands\n|-resisted|p1a: Sinistcha\n|-damage|p2b: Iron Hands|77\/100\n|-damage|p1a: Sinistcha|12\/100\n|-damage|p1b: Indeedee|33\/100\n|-status|p1b: Indeedee|par\n|move|p1a: Sinistcha|Trick Room|p1a: Sinistcha\n|-fieldstart|move: Trick Room|[of] p1a: Sinistcha\n|\n|upkeep\n|turn|6\n|\n|t:|1717578802\n|move|p1b: Indeedee|Psychic|p2a: Miraidon\n|-damage|p2a: Miraidon|15\/100\n|move|p1a: Sinistcha|Matcha Gotcha|p2a: Miraidon|[spread] p2a\n|-miss|p1a: Sinistcha|p2b: Iron Hands\n|-damage|p2a: Miraidon|0 fnt\n|-heal|p1a: Sinistcha|19\/100|[from] drain|[of] p2a: Miraidon\n|faint|p2a: Miraidon\n|move|p2b: Iron Hands|Wild Charge|p1a: Sinistcha\n|-resisted|p1a: Sinistcha\n|-damage|p1a: Sinistcha|0 fnt\n|faint|p1a: Sinistcha\n|-damage|p2b: Iron Hands|73\/100|[from] Recoil\n|\n|upkeep\n|\n|t:|1717578815\n|switch|p1a: Calyrex|Calyrex-Ice, L50, tera:Fire|12\/100\n|-ability|p1a: Calyrex|As One\n|-ability|p1a: Calyrex|Unnerve\n|turn|7\n|\n|t:|1717578824\n|move|p1a: Calyrex|Zen Headbutt|p2b: Iron Hands|[miss]\n|-miss|p1a: Calyrex|p2b: Iron Hands\n|move|p1b: Indeedee|Psychic|p2b: Iron Hands\n|-supereffective|p2b: Iron Hands\n|-damage|p2b: Iron Hands|29\/100\n|move|p2b: Iron Hands|Wild Charge|p1a: Calyrex\n|-damage|p1a: Calyrex|0 fnt\n|faint|p1a: Calyrex\n|-damage|p2b: Iron Hands|26\/100|[from] Recoil\n|\n|upkeep\n|-message|Mocha_06 forfeited.\n|\n|win|caixueying\n|raw|caixueying's rating: 1677 &rarr; <strong>1699<\/strong><br \/>(+22 for winning)\n|raw|Mocha_06's rating: 1715 &rarr; <strong>1693<\/strong><br \/>(-22 for losing)\n|l|\u2606caixueying\n|player|p1|\n|l|\u2606Mocha_06\n|player|p2|\n|j|\u2606Mocha_06\n|player|p2|Mocha_06|1|\n|l|\u2606Mocha_06\n|player|p2|\n","uploadtime":1717578840,"views":15,"formatid":"gen9vgc2024regg","rating":1693,"private":0,"password":null}