{"id":"gen9vgc2024regg-2137653041","format":"[Gen 9] VGC 2024 Reg G","players":["RomanGODra","A silly team"],"log":"|j|\u2606RomanGODra\n|j|\u2606A silly team\n|t:|1717620429\n|gametype|doubles\n|player|p1|RomanGODra|waiter-gen4dp|1712\n|player|p2|A silly team|swimmer-gen4|1651\n|teamsize|p1|6\n|teamsize|p2|6\n|gen|9\n|tier|[Gen 9] VGC 2024 Reg G\n|rated|\n|rule|Species Clause: Limit one of each Pok\u00e9mon\n|rule|Item Clause: Limit one of each item\n|clearpoke\n|poke|p1|Terapagos, L50, M|\n|poke|p1|Rillaboom, L50, F|\n|poke|p1|Scream Tail, L50|\n|poke|p1|Goodra-Hisui, L50, M|\n|poke|p1|Ogerpon-Wellspring, L50, F|\n|poke|p1|Incineroar, L50, M|\n|poke|p2|Alcremie, L50, F|\n|poke|p2|Ting-Lu, L50|\n|poke|p2|Araquanid, L50, M|\n|poke|p2|Eternatus, L50|\n|poke|p2|Cresselia, L50, F|\n|poke|p2|Shiftry, L50, F|\n|teampreview|4\n|inactive|Battle timer is ON: inactive players will automatically lose when time's up. (requested by A silly team)\n|inactive|RomanGODra has 60 seconds left.\n|j| futonkagebunshin\n|\n|t:|1717620468\n|start\n|switch|p1a: Incineroar|Incineroar, L50, M|100\/100\n|switch|p1b: Goodra|Goodra-Hisui, L50, M|100\/100\n|switch|p2a: Eternatus|Eternatus, L50|100\/100\n|switch|p2b: Shiftry|Shiftry, L50, F|100\/100\n|-ability|p2a: Eternatus|Pressure\n|-ability|p1a: Incineroar|Intimidate|boost\n|-unboost|p2a: Eternatus|atk|1\n|-unboost|p2b: Shiftry|atk|1\n|turn|1\n|\n|t:|1717620481\n|move|p2b: Shiftry|Fake Out|p1b: Goodra\n|-resisted|p1b: Goodra\n|-damage|p1b: Goodra|98\/100\n|move|p2a: Eternatus|Cosmic Power|p2a: Eternatus\n|-boost|p2a: Eternatus|def|1\n|-boost|p2a: Eternatus|spd|1\n|move|p1a: Incineroar|Will-O-Wisp|p2b: Shiftry\n|-status|p2b: Shiftry|brn\n|cant|p1b: Goodra|flinch\n|\n|-heal|p1b: Goodra|100\/100|[from] item: Leftovers\n|-damage|p2b: Shiftry|94\/100 brn|[from] brn\n|upkeep\n|turn|2\n|\n|t:|1717620501\n|move|p2a: Eternatus|Cosmic Power|p2a: Eternatus\n|-boost|p2a: Eternatus|def|1\n|-boost|p2a: Eternatus|spd|1\n|move|p2b: Shiftry|Will-O-Wisp|p1b: Goodra\n|-status|p1b: Goodra|brn\n|move|p1a: Incineroar|Knock Off|p2a: Eternatus\n|-damage|p2a: Eternatus|86\/100\n|-enditem|p2a: Eternatus|Leftovers|[from] move: Knock Off|[of] p1a: Incineroar\n|move|p1b: Goodra|Acid Armor|p1b: Goodra\n|-boost|p1b: Goodra|def|2\n|\n|-damage|p2b: Shiftry|88\/100 brn|[from] brn\n|-damage|p1b: Goodra|95\/100 brn|[from] brn\n|upkeep\n|turn|3\n|inactive|A silly team has 30 seconds left.\n|\n|t:|1717620532\n|switch|p2b: Alcremie|Alcremie, L50, F|100\/100\n|move|p2a: Eternatus|Cosmic Power|p2a: Eternatus\n|-boost|p2a: Eternatus|def|1\n|-boost|p2a: Eternatus|spd|1\n|move|p1a: Incineroar|Parting Shot|p2a: Eternatus\n|-unboost|p2a: Eternatus|atk|1\n|-unboost|p2a: Eternatus|spa|1\n|\n|t:|1717620537\n|switch|p1a: BISHOP|Scream Tail, L50, shiny|100\/100|[from] Parting Shot\n|-enditem|p1a: BISHOP|Booster Energy\n|-activate|p1a: BISHOP|ability: Protosynthesis|[fromitem]\n|-start|p1a: BISHOP|protosynthesisspe\n|move|p1b: Goodra|Acid Armor|p1b: Goodra\n|-boost|p1b: Goodra|def|2\n|\n|-heal|p1b: Goodra|100\/100 brn|[from] item: Leftovers\n|-damage|p1b: Goodra|95\/100 brn|[from] brn\n|upkeep\n|turn|4\n|\n|t:|1717620556\n|move|p1a: BISHOP|Encore|p2a: Eternatus\n|-block|p2a: Eternatus|ability: Aroma Veil|[of] p2b: Alcremie\n|move|p2a: Eternatus|Sludge Bomb|p1a: BISHOP\n|-supereffective|p1a: BISHOP\n|-damage|p1a: BISHOP|65\/100\n|-status|p1a: BISHOP|psn\n|move|p2b: Alcremie|Decorate|p2a: Eternatus\n|-boost|p2a: Eternatus|atk|2\n|-boost|p2a: Eternatus|spa|2\n|move|p1b: Goodra|Body Press|p2b: Alcremie\n|-resisted|p2b: Alcremie\n|-crit|p2b: Alcremie\n|-damage|p2b: Alcremie|73\/100\n|\n|-heal|p1b: Goodra|100\/100 brn|[from] item: Leftovers\n|-damage|p1a: BISHOP|53\/100 psn|[from] psn\n|-damage|p1b: Goodra|95\/100 brn|[from] brn\n|upkeep\n|turn|5\n|c|\u2606RomanGODra|Oh I\u2019m screwed\n|c|\u2606RomanGODra|Alright gg\n|-message|RomanGODra forfeited.\n|\n|win|A silly team\n|raw|RomanGODra's rating: 1712 &rarr; <strong>1689<\/strong><br \/>(-23 for losing)\n|raw|A silly team's rating: 1651 &rarr; <strong>1674<\/strong><br \/>(+23 for winning)\n|l|\u2606RomanGODra\n|player|p1|\n|c|\u2606A silly team|lol\n|l|\u2606A silly team\n|player|p2|\n","uploadtime":1717620739,"views":35,"formatid":"gen9vgc2024regg","rating":1674,"private":0,"password":null}