{"id":"gen9vgc2024regg-2137871150","format":"[Gen 9] VGC 2024 Reg G","players":["Therazer456","war3infi"],"log":"|j|\u2606Therazer456\n|j|\u2606war3infi\n|t:|1717649758\n|gametype|doubles\n|player|p1|Therazer456|ghetsis|1727\n|player|p2|war3infi|dawn|1778\n|teamsize|p1|6\n|teamsize|p2|6\n|gen|9\n|tier|[Gen 9] VGC 2024 Reg G\n|rated|\n|rule|Species Clause: Limit one of each Pok\u00e9mon\n|rule|Item Clause: Limit one of each item\n|clearpoke\n|poke|p1|Calyrex-Ice, L50|\n|poke|p1|Porygon2, L50|\n|poke|p1|Raging Bolt, L50|\n|poke|p1|Incineroar, L50, F|\n|poke|p1|Iron Jugulis, L50|\n|poke|p1|Amoonguss, L50, F|\n|poke|p2|Calyrex-Ice, L50|\n|poke|p2|Pelipper, L50, F|\n|poke|p2|Rillaboom, L50, M|\n|poke|p2|Okidogi, L50, M|\n|poke|p2|Raging Bolt, L50|\n|poke|p2|Urshifu-*, L50, F|\n|teampreview|4\n|\n|t:|1717649787\n|start\n|switch|p1a: Wreath|Calyrex-Ice, L50|100\/100\n|switch|p1b: Rosette|Amoonguss, L50, F, shiny|100\/100\n|switch|p2a: Calyrex|Calyrex-Ice, L50|100\/100\n|switch|p2b: Okidogi|Okidogi, L50, M|100\/100\n|-ability|p2a: Calyrex|As One\n|-ability|p2a: Calyrex|Unnerve\n|-ability|p1a: Wreath|As One\n|-ability|p1a: Wreath|Unnerve\n|turn|1\n|\n|t:|1717649803\n|-terastallize|p1b: Rosette|Water\n|move|p2b: Okidogi|Drain Punch|p1b: Rosette\n|-damage|p1b: Rosette|68\/100\n|move|p2a: Calyrex|Glacial Lance|p1b: Rosette|[spread] p1a,p1b\n|-resisted|p1a: Wreath\n|-resisted|p1b: Rosette\n|-damage|p1a: Wreath|83\/100\n|-damage|p1b: Rosette|46\/100\n|move|p1a: Wreath|Glacial Lance|p2b: Okidogi|[spread] p2a,p2b\n|-resisted|p2a: Calyrex\n|-damage|p2a: Calyrex|84\/100\n|-damage|p2b: Okidogi|60\/100\n|move|p1b: Rosette|Spore|p2a: Calyrex\n|-status|p2a: Calyrex|slp|[from] move: Spore\n|\n|upkeep\n|turn|2\n|\n|t:|1717649821\n|move|p2b: Okidogi|Drain Punch|p1b: Rosette\n|-damage|p1b: Rosette|15\/100\n|-heal|p2b: Okidogi|78\/100|[from] drain|[of] p1b: Rosette\n|cant|p2a: Calyrex|slp\n|move|p1b: Rosette|Pollen Puff|p2a: Calyrex\n|-supereffective|p2a: Calyrex\n|-damage|p2a: Calyrex|59\/100 slp\n|move|p1a: Wreath|Trick Room|p1a: Wreath\n|-fieldstart|move: Trick Room|[of] p1a: Wreath\n|\n|upkeep\n|turn|3\n|\n|t:|1717649837\n|move|p1b: Rosette|Pollen Puff|p2a: Calyrex\n|-supereffective|p2a: Calyrex\n|-damage|p2a: Calyrex|36\/100 slp\n|move|p1a: Wreath|Glacial Lance|p2a: Calyrex|[spread] p2a,p2b\n|-resisted|p2a: Calyrex\n|-damage|p2a: Calyrex|19\/100 slp\n|-damage|p2b: Okidogi|36\/100\n|cant|p2a: Calyrex|slp\n|move|p2b: Okidogi|Drain Punch|p1a: Wreath\n|-damage|p1a: Wreath|58\/100\n|-heal|p2b: Okidogi|50\/100|[from] drain|[of] p1a: Wreath\n|\n|upkeep\n|turn|4\n|\n|t:|1717649856\n|-curestatus|p2a: Calyrex|slp|[msg]\n|move|p2a: Calyrex|Protect|p2a: Calyrex\n|-singleturn|p2a: Calyrex|Protect\n|move|p1b: Rosette|Spore|p2b: Okidogi\n|-status|p2b: Okidogi|slp|[from] move: Spore\n|move|p1a: Wreath|High Horsepower|p2a: Calyrex\n|-activate|p2a: Calyrex|move: Protect\n|cant|p2b: Okidogi|slp\n|\n|upkeep\n|turn|5\n|\n|t:|1717649871\n|-terastallize|p2a: Calyrex|Grass\n|move|p1b: Rosette|Pollen Puff|p2a: Calyrex\n|-supereffective|p2a: Calyrex\n|-damage|p2a: Calyrex|0 fnt\n|faint|p2a: Calyrex\n|move|p1a: Wreath|Glacial Lance|p2b: Okidogi\n|-damage|p2b: Okidogi|0 fnt\n|faint|p2b: Okidogi\n|-ability|p1a: Wreath|Chilling Neigh|boost\n|-boost|p1a: Wreath|atk|1\n|\n|upkeep\n|-message|war3infi forfeited.\n|\n|win|Therazer456\n|raw|Therazer456's rating: 1727 &rarr; <strong>1750<\/strong><br \/>(+23 for winning)\n|raw|war3infi's rating: 1778 &rarr; <strong>1755<\/strong><br \/>(-23 for losing)\n|l|\u2606war3infi\n|player|p2|\n|l|\u2606Therazer456\n|player|p1|\n","uploadtime":1717650055,"views":126,"formatid":"gen9vgc2024regg","rating":1750,"private":0,"password":null}