{"id":"gen9vgc2024regg-2137438701","format":"[Gen 9] VGC 2024 Reg G","players":["dixtrer","Inkin"],"log":"|j|\u2606dixtrer\n|j|\u2606Inkin\n|t:|1717598744\n|gametype|doubles\n|player|p1|dixtrer|2|1779\n|player|p2|Inkin|shadowtriad|1706\n|teamsize|p1|6\n|teamsize|p2|6\n|gen|9\n|tier|[Gen 9] VGC 2024 Reg G\n|rated|\n|rule|Species Clause: Limit one of each Pok\u00e9mon\n|rule|Item Clause: Limit one of each item\n|clearpoke\n|poke|p1|Urshifu-*, L50, F|\n|poke|p1|Incineroar, L50, F|\n|poke|p1|Calyrex-Shadow, L50|\n|poke|p1|Rillaboom, L50, F|\n|poke|p1|Raging Bolt, L50|\n|poke|p1|Amoonguss, L50, F|\n|poke|p2|Terapagos, L50, M|\n|poke|p2|Gholdengo, L50|\n|poke|p2|Rillaboom, L50, M|\n|poke|p2|Farigiraf, L50, M|\n|poke|p2|Pelipper, L50, M|\n|poke|p2|Urshifu-*, L50, F|\n|teampreview|4\n|\n|t:|1717598808\n|start\n|switch|p1a: Calyrex|Calyrex-Shadow, L50|100\/100\n|switch|p1b: Incineroar|Incineroar, L50, F|100\/100\n|switch|p2a: Terapagos|Terapagos, L50, M|100\/100\n|switch|p2b: Rillaboom|Rillaboom, L50, M|100\/100\n|-ability|p1a: Calyrex|As One\n|-ability|p1a: Calyrex|Unnerve\n|-activate|p2a: Terapagos|ability: Tera Shift\n|detailschange|p2a: Terapagos|Terapagos-Terastal, L50, M\n|-heal|p2a: Terapagos|100\/100|[silent]\n|-fieldstart|move: Grassy Terrain|[from] ability: Grassy Surge|[of] p2b: Rillaboom\n|-ability|p1b: Incineroar|Intimidate|boost\n|-unboost|p2a: Terapagos|atk|1\n|-unboost|p2b: Rillaboom|atk|1\n|turn|1\n|j| Maushold-8P\n|\n|t:|1717598827\n|switch|p2b: Farigiraf|Farigiraf, L50, M|100\/100\n|-terastallize|p2a: Terapagos|Stellar\n|detailschange|p2a: Terapagos|Terapagos-Stellar, L50, M, tera:Stellar\n|-heal|p2a: Terapagos|100\/100|[silent]\n|-ability|p2a: Terapagos|Teraform Zero\n|-fieldend|move: Grassy Terrain\n|move|p1a: Calyrex|Nasty Plot|p1a: Calyrex\n|-boost|p1a: Calyrex|spa|2\n|move|p2a: Terapagos|Tera Starstorm|p1b: Incineroar|[spread] p1a,p1b\n|-damage|p1a: Calyrex|41\/100\n|-damage|p1b: Incineroar|50\/100\n|move|p1b: Incineroar|Parting Shot|p2a: Terapagos\n|-unboost|p2a: Terapagos|atk|1\n|-unboost|p2a: Terapagos|spa|1\n|\n|t:|1717598839\n|switch|p1b: Amoonguss|Amoonguss, L50, F|100\/100|[from] Parting Shot\n|\n|upkeep\n|turn|2\n|\n|t:|1717598850\n|-terastallize|p1a: Calyrex|Fairy\n|move|p2b: Farigiraf|Helping Hand|p2a: Terapagos\n|-singleturn|p2a: Terapagos|Helping Hand|[of] p2b: Farigiraf\n|move|p1a: Calyrex|Draining Kiss|p2b: Farigiraf\n|-damage|p2b: Farigiraf|25\/100\n|-heal|p1a: Calyrex|100\/100|[from] drain|[of] p2b: Farigiraf\n|-damage|p1a: Calyrex|91\/100|[from] item: Life Orb\n|move|p2a: Terapagos|Tera Starstorm|p1b: Amoonguss|[spread] p1a,p1b\n|-supereffective|p1a: Calyrex\n|-damage|p1a: Calyrex|0 fnt\n|-damage|p1b: Amoonguss|46\/100\n|-enditem|p2b: Farigiraf|Sitrus Berry|[eat]\n|-heal|p2b: Farigiraf|49\/100|[from] item: Sitrus Berry\n|-enditem|p1b: Amoonguss|Sitrus Berry|[eat]\n|-heal|p1b: Amoonguss|71\/100|[from] item: Sitrus Berry\n|faint|p1a: Calyrex\n|move|p1b: Amoonguss|Spore|p2a: Terapagos\n|-status|p2a: Terapagos|slp|[from] move: Spore\n|\n|upkeep\n|\n|t:|1717598855\n|switch|p1a: Urshifu|Urshifu-Rapid-Strike, L50, F|100\/100\n|turn|3\n|\n|t:|1717598869\n|move|p1a: Urshifu|Surging Strikes|p2b: Farigiraf\n|-crit|p2b: Farigiraf\n|-damage|p2b: Farigiraf|28\/100\n|-crit|p2b: Farigiraf\n|-damage|p2b: Farigiraf|10\/100\n|-crit|p2b: Farigiraf\n|-damage|p2b: Farigiraf|0 fnt\n|faint|p2b: Farigiraf\n|-hitcount|p2: Farigiraf|3\n|cant|p2a: Terapagos|slp\n|move|p1b: Amoonguss|Sludge Bomb|p2a: Terapagos\n|-damage|p2a: Terapagos|84\/100 slp\n|\n|upkeep\n|\n|t:|1717598881\n|switch|p2b: Rillaboom|Rillaboom, L50, M|100\/100\n|-fieldstart|move: Grassy Terrain|[from] ability: Grassy Surge|[of] p2b: Rillaboom\n|turn|4\n|\n|t:|1717598896\n|switch|p2a: Urshifu|Urshifu, L50, F|100\/100\n|switch|p1b: Incineroar|Incineroar, L50, F|50\/100\n|-ability|p1b: Incineroar|Intimidate|boost\n|-unboost|p2a: Urshifu|atk|1\n|-unboost|p2b: Rillaboom|atk|1\n|move|p1a: Urshifu|Protect|p1a: Urshifu\n|-singleturn|p1a: Urshifu|Protect\n|move|p2b: Rillaboom|Fake Out|p1a: Urshifu\n|-activate|p1a: Urshifu|move: Protect\n|\n|-heal|p1b: Incineroar|56\/100|[from] Grassy Terrain\n|upkeep\n|turn|5\n|l| Maushold-8P\n|\n|t:|1717598932\n|switch|p1a: Amoonguss|Amoonguss, L50, F|100\/100\n|move|p2a: Urshifu|Close Combat|p1b: Incineroar\n|-supereffective|p1b: Incineroar\n|-damage|p1b: Incineroar|0 fnt\n|-unboost|p2a: Urshifu|def|1\n|-unboost|p2a: Urshifu|spd|1\n|faint|p1b: Incineroar\n|move|p2b: Rillaboom|Wood Hammer|p1a: Amoonguss\n|-resisted|p1a: Amoonguss\n|-damage|p1a: Amoonguss|90\/100\n|-damage|p2b: Rillaboom|97\/100|[from] Recoil\n|\n|-heal|p2b: Rillaboom|100\/100|[from] Grassy Terrain\n|-heal|p1a: Amoonguss|95\/100|[from] Grassy Terrain\n|upkeep\n|\n|t:|1717598937\n|switch|p1b: Urshifu|Urshifu-Rapid-Strike, L50, F|100\/100\n|turn|6\n|\n|t:|1717598966\n|move|p1b: Urshifu|Surging Strikes|p2a: Urshifu\n|-crit|p2a: Urshifu\n|-damage|p2a: Urshifu|68\/100\n|-crit|p2a: Urshifu\n|-damage|p2a: Urshifu|34\/100\n|-crit|p2a: Urshifu\n|-damage|p2a: Urshifu|3\/100\n|-hitcount|p2a: Urshifu|3\n|move|p2a: Urshifu|Close Combat|p1b: Urshifu\n|-damage|p1b: Urshifu|52\/100\n|-unboost|p2a: Urshifu|def|1\n|-unboost|p2a: Urshifu|spd|1\n|move|p2b: Rillaboom|Wood Hammer|p1b: Urshifu\n|-supereffective|p1b: Urshifu\n|-damage|p1b: Urshifu|0 fnt\n|faint|p1b: Urshifu\n|-damage|p2b: Rillaboom|86\/100|[from] Recoil\n|move|p1a: Amoonguss|Sludge Bomb|p2b: Rillaboom\n|-supereffective|p2b: Rillaboom\n|-damage|p2b: Rillaboom|41\/100\n|\n|-heal|p2a: Urshifu|9\/100|[from] Grassy Terrain\n|-heal|p2b: Rillaboom|47\/100|[from] Grassy Terrain\n|-heal|p1a: Amoonguss|100\/100|[from] Grassy Terrain\n|upkeep\n|turn|7\n|-message|dixtrer forfeited.\n|\n|win|Inkin\n|raw|dixtrer's rating: 1779 &rarr; <strong>1755<\/strong><br \/>(-24 for losing)\n|raw|Inkin's rating: 1706 &rarr; <strong>1730<\/strong><br \/>(+24 for winning)\n|l|\u2606dixtrer\n|player|p1|\n|l|\u2606Inkin\n|player|p2|\n","uploadtime":1717599243,"views":48,"formatid":"gen9vgc2024regg","rating":1730,"private":0,"password":null}