{"id":"gen9vgc2024regg-2137303718","format":"[Gen 9] VGC 2024 Reg G","players":["zonavideovigilada","kojimuranishi"],"log":"|j|\u2606zonavideovigilada\n|j|\u2606kojimuranishi\n|t:|1717581354\n|gametype|doubles\n|player|p1|zonavideovigilada|266|1741\n|player|p2|kojimuranishi|266|1800\n|teamsize|p1|6\n|teamsize|p2|6\n|gen|9\n|tier|[Gen 9] VGC 2024 Reg G\n|rated|\n|rule|Species Clause: Limit one of each Pok\u00e9mon\n|rule|Item Clause: Limit one of each item\n|clearpoke\n|poke|p1|Urshifu-*, L50, F|\n|poke|p1|Pelipper, L50, M|\n|poke|p1|Zacian-*, L50|\n|poke|p1|Chien-Pao, L50|\n|poke|p1|Rillaboom, L50, M|\n|poke|p1|Dragonite, L50, M|\n|poke|p2|Calyrex-Shadow, L50|\n|poke|p2|Flutter Mane, L50|\n|poke|p2|Chien-Pao, L50|\n|poke|p2|Dragonite, L50, F|\n|poke|p2|Raging Bolt, L50|\n|poke|p2|Urshifu-*, L50, F|\n|teampreview|4\n|j| michaevgc23\n|inactive|Battle timer is ON: inactive players will automatically lose when time's up. (requested by zonavideovigilada)\n|\n|t:|1717581417\n|start\n|switch|p1a: Zacian|Zacian-Crowned, L50|100\/100\n|switch|p1b: Chien-Pao|Chien-Pao, L50|100\/100\n|switch|p2a: Dragonite|Dragonite, L50, F|100\/100\n|switch|p2b: Chien-Pao|Chien-Pao, L50|100\/100\n|-ability|p1a: Zacian|Intrepid Sword|boost\n|-boost|p1a: Zacian|atk|1\n|-ability|p2b: Chien-Pao|Sword of Ruin\n|-ability|p1b: Chien-Pao|Sword of Ruin\n|turn|1\n|j| jasonrfry\n|inactive|zonavideovigilada has 30 seconds left.\n|inactive|kojimuranishi has 30 seconds left.\n|inactive|zonavideovigilada has 20 seconds left.\n|inactive|zonavideovigilada has 15 seconds left.\n|inactive|zonavideovigilada has 10 seconds left.\n|inactive|zonavideovigilada has 5 seconds left.\n|\n|t:|1717581467\n|-terastallize|p1b: Chien-Pao|Ghost\n|move|p2b: Chien-Pao|Protect|p2b: Chien-Pao\n|-singleturn|p2b: Chien-Pao|Protect\n|move|p2a: Dragonite|Extreme Speed|p1b: Chien-Pao\n|-immune|p1b: Chien-Pao\n|move|p1a: Zacian|Behemoth Blade|p2b: Chien-Pao\n|-activate|p2b: Chien-Pao|move: Protect\n|move|p1b: Chien-Pao|Icicle Crash|p2a: Dragonite\n|-supereffective|p2a: Dragonite\n|-damage|p2a: Dragonite|0 fnt\n|faint|p2a: Dragonite\n|\n|upkeep\n|\n|t:|1717581490\n|switch|p2a: Urshifu|Urshifu-Rapid-Strike, L50, F|100\/100\n|turn|2\n|inactive|kojimuranishi has 30 seconds left.\n|\n|t:|1717581522\n|-terastallize|p2a: Urshifu|Water\n|move|p2b: Chien-Pao|Sucker Punch|p1a: Zacian\n|-resisted|p1a: Zacian\n|-damage|p1a: Zacian|77\/100\n|-damage|p2b: Chien-Pao|91\/100|[from] item: Life Orb\n|move|p1b: Chien-Pao|Sucker Punch||[still]\n|-fail|p1b: Chien-Pao\n|move|p2a: Urshifu|Surging Strikes|p1b: Chien-Pao\n|-crit|p1b: Chien-Pao\n|-damage|p1b: Chien-Pao|58\/100\n|-crit|p1b: Chien-Pao\n|-damage|p1b: Chien-Pao|17\/100\n|-crit|p1b: Chien-Pao\n|-damage|p1b: Chien-Pao|0 fnt\n|faint|p1b: Chien-Pao\n|-hitcount|p1: Chien-Pao|3\n|move|p1a: Zacian|Play Rough|p2a: Urshifu\n|-damage|p2a: Urshifu|7\/100\n|\n|upkeep\n|inactive|zonavideovigilada has 30 seconds left.\n|\n|t:|1717581548\n|switch|p1b: Urshifu|Urshifu-Rapid-Strike, L50, F|100\/100\n|turn|3\n|inactive|kojimuranishi has 30 seconds left.\n|inactive|zonavideovigilada has 30 seconds left.\n|\n|t:|1717581590\n|move|p2b: Chien-Pao|Sucker Punch|p1a: Zacian\n|-resisted|p1a: Zacian\n|-damage|p1a: Zacian|53\/100\n|-damage|p2b: Chien-Pao|81\/100|[from] item: Life Orb\n|move|p1b: Urshifu|Aqua Jet|p2a: Urshifu\n|-resisted|p2a: Urshifu\n|-damage|p2a: Urshifu|0 fnt\n|faint|p2a: Urshifu\n|move|p1a: Zacian|Behemoth Blade|p2b: Chien-Pao\n|-supereffective|p2b: Chien-Pao\n|-damage|p2b: Chien-Pao|0 fnt\n|faint|p2b: Chien-Pao\n|\n|upkeep\n|\n|t:|1717581604\n|switch|p2a: Calyrex|Calyrex-Shadow, L50|100\/100\n|-ability|p2a: Calyrex|As One\n|-ability|p2a: Calyrex|Unnerve\n|turn|4\n|\n|t:|1717581621\n|move|p1b: Urshifu|Protect|p1b: Urshifu\n|-singleturn|p1b: Urshifu|Protect\n|move|p2a: Calyrex|Astral Barrage|p1a: Zacian|[spread] p1a\n|-activate|p1b: Urshifu|move: Protect\n|-damage|p1a: Zacian|0 fnt\n|faint|p1a: Zacian\n|-ability|p2a: Calyrex|Grim Neigh|boost\n|-boost|p2a: Calyrex|spa|1\n|\n|upkeep\n|\n|t:|1717581629\n|switch|p1a: Dragonite|Dragonite, L50, M|100\/100\n|turn|5\n|\n|t:|1717581641\n|move|p1b: Urshifu|Aqua Jet|p2a: Calyrex\n|-damage|p2a: Calyrex|76\/100\n|move|p2a: Calyrex|Astral Barrage|p1b: Urshifu|[spread] p1a,p1b\n|-damage|p1a: Dragonite|5\/100\n|-damage|p1b: Urshifu|0 fnt\n|faint|p1b: Urshifu\n|-ability|p2a: Calyrex|Grim Neigh|boost\n|-boost|p2a: Calyrex|spa|1\n|move|p1a: Dragonite|Dragon Claw|p2a: Calyrex\n|-damage|p2a: Calyrex|9\/100\n|\n|upkeep\n|turn|6\n|\n|t:|1717581655\n|move|p2a: Calyrex|Astral Barrage|p1a: Dragonite\n|-crit|p1a: Dragonite\n|-damage|p1a: Dragonite|0 fnt\n|faint|p1a: Dragonite\n|\n|win|kojimuranishi\n|raw|zonavideovigilada's rating: 1741 &rarr; <strong>1724<\/strong><br \/>(-17 for losing)\n|raw|kojimuranishi's rating: 1800 &rarr; <strong>1817<\/strong><br \/>(+17 for winning)\n|l| jasonrfry\n|l|\u2606kojimuranishi\n|player|p2|\n|l|\u2606zonavideovigilada\n|player|p1|\n|l| michaevgc23\n","uploadtime":1717581864,"views":58,"formatid":"gen9vgc2024regg","rating":1724,"private":0,"password":null}