{"id":"gen9vgc2024regg-2137450394","format":"[Gen 9] VGC 2024 Reg G","players":["cicibi","DaleG"],"log":"|j|\u2606cicibi\n|j|\u2606DaleG\n|t:|1717599926\n|gametype|doubles\n|player|p1|cicibi|cilan|1761\n|player|p2|DaleG|2|1758\n|teamsize|p1|6\n|teamsize|p2|6\n|gen|9\n|tier|[Gen 9] VGC 2024 Reg G\n|rated|\n|rule|Species Clause: Limit one of each Pok\u00e9mon\n|rule|Item Clause: Limit one of each item\n|clearpoke\n|poke|p1|Amoonguss, L50, F|\n|poke|p1|Chien-Pao, L50|\n|poke|p1|Flutter Mane, L50|\n|poke|p1|Incineroar, L50, F|\n|poke|p1|Urshifu-*, L50, M|\n|poke|p1|Zamazenta-*, L50|\n|poke|p2|Zamazenta-*, L50|\n|poke|p2|Chien-Pao, L50|\n|poke|p2|Amoonguss, L50, F|\n|poke|p2|Raging Bolt, L50|\n|poke|p2|Entei, L50|\n|poke|p2|Iron Treads, L50|\n|teampreview|4\n|inactive|Battle timer is ON: inactive players will automatically lose when time's up. (requested by DaleG)\n|inactive|cicibi has 60 seconds left.\n|\n|t:|1717599995\n|start\n|switch|p1a: Zamazenta|Zamazenta-Crowned, L50|100\/100\n|switch|p1b: Urshifu|Urshifu-Rapid-Strike, L50, M|100\/100\n|switch|p2a: Entei|Entei, L50|100\/100\n|switch|p2b: Zamazenta|Zamazenta-Crowned, L50|100\/100\n|-ability|p2b: Zamazenta|Dauntless Shield|boost\n|-boost|p2b: Zamazenta|def|1\n|-ability|p1a: Zamazenta|Dauntless Shield|boost\n|-boost|p1a: Zamazenta|def|1\n|turn|1\n|\n|t:|1717600015\n|switch|p2a: Amoonguss|Amoonguss, L50, F|100\/100\n|-terastallize|p2b: Zamazenta|Grass\n|move|p2b: Zamazenta|Iron Defense|p2b: Zamazenta\n|-boost|p2b: Zamazenta|def|2\n|move|p1a: Zamazenta|Iron Defense|p1a: Zamazenta\n|-boost|p1a: Zamazenta|def|2\n|move|p1b: Urshifu|Surging Strikes|p2a: Amoonguss\n|-resisted|p2a: Amoonguss\n|-crit|p2a: Amoonguss\n|-damage|p2a: Amoonguss|91\/100\n|-damage|p1b: Urshifu|84\/100|[from] item: Rocky Helmet|[of] p2a: Amoonguss\n|-resisted|p2a: Amoonguss\n|-crit|p2a: Amoonguss\n|-damage|p2a: Amoonguss|80\/100\n|-damage|p1b: Urshifu|68\/100|[from] item: Rocky Helmet|[of] p2a: Amoonguss\n|-resisted|p2a: Amoonguss\n|-crit|p2a: Amoonguss\n|-damage|p2a: Amoonguss|69\/100\n|-damage|p1b: Urshifu|51\/100|[from] item: Rocky Helmet|[of] p2a: Amoonguss\n|-hitcount|p2a: Amoonguss|3\n|-damage|p1b: Urshifu|42\/100|[from] item: Life Orb\n|\n|upkeep\n|turn|2\n|inactive|cicibi has 30 seconds left.\n|inactive|cicibi has 20 seconds left.\n|inactive|cicibi has 15 seconds left.\n|\n|t:|1717600056\n|-terastallize|p1a: Zamazenta|Grass\n|move|p2b: Zamazenta|Body Press|p1b: Urshifu\n|-damage|p1b: Urshifu|0 fnt\n|faint|p1b: Urshifu\n|move|p1a: Zamazenta|Iron Defense|p1a: Zamazenta\n|-boost|p1a: Zamazenta|def|2\n|move|p2a: Amoonguss|Spore|p1a: Zamazenta\n|-immune|p1a: Zamazenta\n|\n|upkeep\n|inactive|cicibi has 30 seconds left.\n|\n|t:|1717600084\n|switch|p1b: Chien-Pao|Chien-Pao, L50|100\/100\n|-ability|p1b: Chien-Pao|Sword of Ruin\n|turn|3\n|\n|t:|1717600109\n|switch|p2a: Entei|Entei, L50|100\/100\n|move|p1b: Chien-Pao|Protect|p1b: Chien-Pao\n|-singleturn|p1b: Chien-Pao|Protect\n|move|p2b: Zamazenta|Body Press|p1b: Chien-Pao\n|-activate|p1b: Chien-Pao|move: Protect\n|move|p1a: Zamazenta|Iron Defense|p1a: Zamazenta\n|-boost|p1a: Zamazenta|def|1\n|\n|upkeep\n|turn|4\n|\n|t:|1717600129\n|move|p2a: Entei|Protect|p2a: Entei\n|-singleturn|p2a: Entei|Protect\n|move|p1b: Chien-Pao|Ice Spinner|p2b: Zamazenta\n|-supereffective|p2b: Zamazenta\n|-damage|p2b: Zamazenta|70\/100\n|move|p2b: Zamazenta|Body Press|p1b: Chien-Pao\n|-supereffective|p1b: Chien-Pao\n|-enditem|p1b: Chien-Pao|Focus Sash\n|-damage|p1b: Chien-Pao|1\/100\n|move|p1a: Zamazenta|Body Press|p2a: Entei\n|-activate|p2a: Entei|move: Protect\n|\n|upkeep\n|turn|5\n|inactive|DaleG has 30 seconds left.\n|\n|t:|1717600158\n|move|p1b: Chien-Pao|Protect|p1b: Chien-Pao\n|-singleturn|p1b: Chien-Pao|Protect\n|move|p2a: Entei|Extreme Speed|p1b: Chien-Pao\n|-activate|p1b: Chien-Pao|move: Protect\n|move|p2b: Zamazenta|Iron Defense|p2b: Zamazenta\n|-boost|p2b: Zamazenta|def|2\n|move|p1a: Zamazenta|Body Press|p2a: Entei\n|-damage|p2a: Entei|0 fnt\n|faint|p2a: Entei\n|\n|upkeep\n|\n|t:|1717600170\n|switch|p2a: Iron Treads|Iron Treads, L50|100\/100\n|turn|6\n|inactive|DaleG has 30 seconds left.\n|inactive|DaleG has 20 seconds left.\n|\n|t:|1717600205\n|move|p2a: Iron Treads|Rock Slide|p1b: Chien-Pao|[spread] p1a,p1b\n|-supereffective|p1b: Chien-Pao\n|-damage|p1a: Zamazenta|96\/100\n|-damage|p1b: Chien-Pao|0 fnt\n|faint|p1b: Chien-Pao\n|move|p2b: Zamazenta|Body Press|p1a: Zamazenta\n|-damage|p1a: Zamazenta|74\/100\n|move|p1a: Zamazenta|Body Press|p2b: Zamazenta\n|-damage|p2b: Zamazenta|41\/100\n|\n|upkeep\n|\n|t:|1717600216\n|switch|p1b: Incineroar|Incineroar, L50, F|100\/100\n|-ability|p1b: Incineroar|Intimidate|boost\n|-unboost|p2a: Iron Treads|atk|1\n|-unboost|p2b: Zamazenta|atk|1\n|turn|7\n|\n|t:|1717600230\n|-end|p2a: Iron Treads|Quark Drive|[silent]\n|switch|p2a: Amoonguss|Amoonguss, L50, F|100\/100\n|move|p1b: Incineroar|Fake Out|p2b: Zamazenta\n|-damage|p2b: Zamazenta|39\/100\n|cant|p2b: Zamazenta|flinch\n|move|p1a: Zamazenta|Body Press|p2a: Amoonguss\n|-resisted|p2a: Amoonguss\n|-damage|p2a: Amoonguss|40\/100\n|-damage|p1a: Zamazenta|57\/100|[from] item: Rocky Helmet|[of] p2a: Amoonguss\n|\n|upkeep\n|turn|8\n|inactive|DaleG has 30 seconds left.\n|\n|t:|1717600262\n|move|p2b: Zamazenta|Body Press|p1b: Incineroar\n|-supereffective|p1b: Incineroar\n|-damage|p1b: Incineroar|0 fnt\n|faint|p1b: Incineroar\n|move|p1a: Zamazenta|Body Press|p2a: Amoonguss\n|-resisted|p2a: Amoonguss\n|-damage|p2a: Amoonguss|0 fnt\n|-damage|p1a: Zamazenta|41\/100|[from] item: Rocky Helmet|[of] p2a: Amoonguss\n|faint|p2a: Amoonguss\n|\n|upkeep\n|\n|t:|1717600268\n|switch|p2a: Iron Treads|Iron Treads, L50|100\/100\n|turn|9\n|\n|t:|1717600289\n|move|p2a: Iron Treads|Iron Head|p1a: Zamazenta\n|-damage|p1a: Zamazenta|34\/100\n|move|p2b: Zamazenta|Body Press|p1a: Zamazenta\n|-damage|p1a: Zamazenta|12\/100\n|cant|p1a: Zamazenta|flinch\n|\n|upkeep\n|turn|10\n|\n|t:|1717600298\n|move|p2a: Iron Treads|Iron Head|p1a: Zamazenta\n|-damage|p1a: Zamazenta|6\/100\n|move|p2b: Zamazenta|Body Press|p1a: Zamazenta\n|-damage|p1a: Zamazenta|0 fnt\n|faint|p1a: Zamazenta\n|\n|win|DaleG\n|raw|cicibi's rating: 1761 &rarr; <strong>1741<\/strong><br \/>(-20 for losing)\n|raw|DaleG's rating: 1758 &rarr; <strong>1778<\/strong><br \/>(+20 for winning)\n|l|\u2606cicibi\n|player|p1|\n|l|\u2606DaleG\n|player|p2|\n","uploadtime":1717600492,"views":96,"formatid":"gen9vgc2024regg","rating":1741,"private":0,"password":null}