{"id":"gen9vgc2024regg-2137076997","format":"[Gen 9] VGC 2024 Reg G","players":["burninggg","code_anish"],"log":"|j|\u2606burninggg\n|j|\u2606code_anish\n|t:|1717546328\n|gametype|doubles\n|player|p1|burninggg|102|1684\n|player|p2|code_anish|yellow|1791\n|teamsize|p1|6\n|teamsize|p2|6\n|gen|9\n|tier|[Gen 9] VGC 2024 Reg G\n|rated|\n|rule|Species Clause: Limit one of each Pok\u00e9mon\n|rule|Item Clause: Limit one of each item\n|clearpoke\n|poke|p1|Tornadus, L50, M|\n|poke|p1|Rillaboom, L50, F|\n|poke|p1|Tsareena, L50, F|\n|poke|p1|Kyogre, L50|\n|poke|p1|Dondozo, L50, F|\n|poke|p1|Tatsugiri, L50, F|\n|poke|p2|Terapagos, L50, M|\n|poke|p2|Volcarona, L50, F|\n|poke|p2|Urshifu-*, L50, M|\n|poke|p2|Clefairy, L50, F|\n|poke|p2|Gholdengo, L50|\n|poke|p2|Rillaboom, L50, F|\n|teampreview|4\n|\n|t:|1717546352\n|start\n|switch|p1a: Kyogre|Kyogre, L50|100\/100\n|switch|p1b: Tsareena|Tsareena, L50, F|100\/100\n|switch|p2a: Gholdengo|Gholdengo, L50|100\/100\n|switch|p2b: Rillaboom|Rillaboom, L50, F, shiny|100\/100\n|-weather|RainDance|[from] ability: Drizzle|[of] p1a: Kyogre\n|-fieldstart|move: Grassy Terrain|[from] ability: Grassy Surge|[of] p2b: Rillaboom\n|turn|1\n|j| purplrobe\n|\n|t:|1717546378\n|-terastallize|p1a: Kyogre|Water\n|move|p1a: Kyogre|Water Spout|p2a: Gholdengo|[spread] p2a,p2b\n|-resisted|p2b: Rillaboom\n|-damage|p2a: Gholdengo|0 fnt\n|-damage|p2b: Rillaboom|53\/100\n|faint|p2a: Gholdengo\n|move|p2b: Rillaboom|Wood Hammer|p1a: Kyogre\n|-supereffective|p1a: Kyogre\n|-damage|p1a: Kyogre|0 fnt\n|faint|p1a: Kyogre\n|-damage|p2b: Rillaboom|24\/100|[from] Recoil\n|move|p1b: Tsareena|Triple Axel|p2b: Rillaboom\n|-supereffective|p2b: Rillaboom\n|-damage|p2b: Rillaboom|10\/100\n|-supereffective|p2b: Rillaboom\n|-damage|p2b: Rillaboom|0 fnt\n|faint|p2b: Rillaboom\n|-hitcount|p2: Rillaboom|2\n|\n|-weather|RainDance|[upkeep]\n|upkeep\n|j| Lavenderawa\n|\n|t:|1717546398\n|switch|p1a: Dondozo|Dondozo, L50, F|100\/100\n|switch|p2a: Terapagos|Terapagos, L50, M|100\/100\n|switch|p2b: Urshifu|Urshifu-Rapid-Strike, L50, M|100\/100\n|-activate|p2a: Terapagos|ability: Tera Shift\n|detailschange|p2a: Terapagos|Terapagos-Terastal, L50, M\n|-heal|p2a: Terapagos|100\/100|[silent]\n|turn|2\n|\n|t:|1717546417\n|switch|p1b: Tatsugiri|Tatsugiri, L50, F|100\/100\n|-activate|p1b: Tatsugiri|ability: Commander|[of] p1a: Dondozo\n|-boost|p1a: Dondozo|atk|2\n|-boost|p1a: Dondozo|spa|2\n|-boost|p1a: Dondozo|spe|2\n|-boost|p1a: Dondozo|def|2\n|-boost|p1a: Dondozo|spd|2\n|move|p1a: Dondozo|Surf|p2a: Terapagos|[spread] p2a,p2b\n|-miss|p1a: Dondozo|p1b: Tatsugiri\n|-activate|p2a: Terapagos|ability: Tera Shell\n|-resisted|p2a: Terapagos\n|-resisted|p2b: Urshifu\n|-damage|p2a: Terapagos|73\/100\n|-damage|p2b: Urshifu|57\/100\n|move|p2b: Urshifu|Close Combat|p1a: Dondozo\n|-damage|p1a: Dondozo|76\/100\n|-unboost|p2b: Urshifu|def|1\n|-unboost|p2b: Urshifu|spd|1\n|move|p2a: Terapagos|Calm Mind|p2a: Terapagos\n|-boost|p2a: Terapagos|spa|1\n|-boost|p2a: Terapagos|spd|1\n|\n|-weather|RainDance|[upkeep]\n|-heal|p1a: Dondozo|82\/100|[from] Grassy Terrain\n|-heal|p2b: Urshifu|63\/100|[from] Grassy Terrain\n|-heal|p2a: Terapagos|79\/100|[from] Grassy Terrain\n|upkeep\n|turn|3\n|\n|t:|1717546451\n|-terastallize|p2b: Urshifu|Stellar\n|move|p1a: Dondozo|Body Press|p2a: Terapagos\n|-supereffective|p2a: Terapagos\n|-damage|p2a: Terapagos|14\/100\n|move|p2b: Urshifu|Close Combat|p1a: Dondozo\n|-damage|p1a: Dondozo|51\/100\n|-unboost|p2b: Urshifu|def|1\n|-unboost|p2b: Urshifu|spd|1\n|move|p2a: Terapagos|Tera Starstorm|p1a: Dondozo\n|-damage|p1a: Dondozo|27\/100\n|\n|-weather|RainDance|[upkeep]\n|-heal|p1a: Dondozo|33\/100|[from] Grassy Terrain\n|-heal|p2b: Urshifu|69\/100|[from] Grassy Terrain\n|-heal|p2a: Terapagos|20\/100|[from] Grassy Terrain\n|upkeep\n|turn|4\n|\n|t:|1717546466\n|move|p2a: Terapagos|Protect|p2a: Terapagos\n|-singleturn|p2a: Terapagos|Protect\n|move|p1a: Dondozo|Surf|p2b: Urshifu|[spread] p2b\n|-miss|p1a: Dondozo|p1b: Tatsugiri\n|-activate|p2a: Terapagos|move: Protect\n|-resisted|p2b: Urshifu\n|-damage|p2b: Urshifu|25\/100\n|move|p2b: Urshifu|Surging Strikes|p1a: Dondozo\n|-resisted|p1a: Dondozo\n|-crit|p1a: Dondozo\n|-damage|p1a: Dondozo|17\/100\n|-resisted|p1a: Dondozo\n|-crit|p1a: Dondozo\n|-damage|p1a: Dondozo|3\/100\n|-resisted|p1a: Dondozo\n|-crit|p1a: Dondozo\n|-damage|p1a: Dondozo|0 fnt\n|faint|p1a: Dondozo\n|-hitcount|p1: Dondozo|3\n|\n|-weather|RainDance|[upkeep]\n|-heal|p2b: Urshifu|31\/100|[from] Grassy Terrain\n|-heal|p2a: Terapagos|26\/100|[from] Grassy Terrain\n|upkeep\n|\n|t:|1717546475\n|switch|p1a: Tsareena|Tsareena, L50, F|100\/100\n|turn|5\n|\n|t:|1717546499\n|move|p2b: Urshifu|Protect|p2b: Urshifu\n|-singleturn|p2b: Urshifu|Protect\n|move|p1b: Tatsugiri|Icy Wind|p2a: Terapagos|[spread] p2a\n|-activate|p2b: Urshifu|move: Protect\n|-damage|p2a: Terapagos|19\/100\n|move|p2a: Terapagos|Tera Starstorm|p1b: Tatsugiri\n|-crit|p1b: Tatsugiri\n|-enditem|p1b: Tatsugiri|Focus Sash\n|-damage|p1b: Tatsugiri|1\/100\n|move|p1a: Tsareena|Power Whip|p2a: Terapagos\n|-damage|p2a: Terapagos|0 fnt\n|faint|p2a: Terapagos\n|\n|-weather|none\n|-heal|p2b: Urshifu|37\/100|[from] Grassy Terrain\n|-heal|p1b: Tatsugiri|7\/100|[from] Grassy Terrain\n|-fieldend|move: Grassy Terrain\n|upkeep\n|turn|6\n|\n|t:|1717546523\n|move|p2b: Urshifu|Aqua Jet||[still]\n|cant|p1a: Tsareena|ability: Queenly Majesty|Aqua Jet|[of] p2b: Urshifu\n|move|p1b: Tatsugiri|Dragon Pulse|p2b: Urshifu\n|-damage|p2b: Urshifu|0 fnt\n|faint|p2b: Urshifu\n|\n|win|burninggg\n|raw|burninggg's rating: 1684 &rarr; <strong>1710<\/strong><br \/>(+26 for winning)\n|raw|code_anish's rating: 1791 &rarr; <strong>1765<\/strong><br \/>(-26 for losing)\n|l|\u2606code_anish\n|player|p2|\n|l|\u2606burninggg\n|player|p1|\n|l| purplrobe\n|l| Lavenderawa\n","uploadtime":1717546744,"views":72,"formatid":"gen9vgc2024regg","rating":1710,"private":0,"password":null}