{"id":"gen9vgc2024regg-2137267358","format":"[Gen 9] VGC 2024 Reg G","players":["muhammadmohsin99","KSunfr"],"log":"|j|\u2606muhammadmohsin99\n|j|\u2606KSunfr\n|t:|1717575143\n|gametype|doubles\n|player|p1|muhammadmohsin99|2|1691\n|player|p2|KSunfr|dancer|1736\n|teamsize|p1|6\n|teamsize|p2|6\n|gen|9\n|tier|[Gen 9] VGC 2024 Reg G\n|rated|\n|rule|Species Clause: Limit one of each Pok\u00e9mon\n|rule|Item Clause: Limit one of each item\n|clearpoke\n|poke|p1|Zamazenta-*, L50|\n|poke|p1|Landorus, L50, M|\n|poke|p1|Tornadus, L50, M|\n|poke|p1|Ogerpon-Wellspring, L50, F|\n|poke|p1|Raging Bolt, L50|\n|poke|p1|Chi-Yu, L50|\n|poke|p2|Terapagos, L50, M|\n|poke|p2|Urshifu-*, L50, F|\n|poke|p2|Chi-Yu, L50|\n|poke|p2|Flutter Mane, L50|\n|poke|p2|Iron Hands, L50|\n|poke|p2|Grimmsnarl, L50, M|\n|teampreview|4\n|inactive|Battle timer is ON: inactive players will automatically lose when time's up. (requested by muhammadmohsin99)\n|inactive|KSunfr also wants the timer to be on.\nmuhammadmohsin99 rejected open team sheets.\n|inactive|KSunfr has 60 seconds left.\n|\n|t:|1717575184\n|start\n|switch|p1a: Tornadus|Tornadus, L50, M|100\/100\n|switch|p1b: Landorus|Landorus, L50, M|100\/100\n|switch|p2a: Grimmsnarl|Grimmsnarl, L50, M|100\/100\n|switch|p2b: Terapagos|Terapagos, L50, M|100\/100\n|-activate|p2b: Terapagos|ability: Tera Shift\n|detailschange|p2b: Terapagos|Terapagos-Terastal, L50, M\n|-heal|p2b: Terapagos|100\/100|[silent]\n|turn|1\n|j| lol lol lol blue\n|inactive|muhammadmohsin99 has 30 seconds left.\n|inactive|muhammadmohsin99 has 20 seconds left.\n|inactive|muhammadmohsin99 has 15 seconds left.\n|\n|t:|1717575228\n|move|p1a: Tornadus|Taunt|p2b: Terapagos\n|-start|p2b: Terapagos|move: Taunt\n|move|p2a: Grimmsnarl|Light Screen|p2a: Grimmsnarl\n|-sidestart|p2: KSunfr|move: Light Screen\n|move|p1b: Landorus|Sludge Bomb|p2a: Grimmsnarl\n|-supereffective|p2a: Grimmsnarl\n|-damage|p2a: Grimmsnarl|45\/100\n|move|p2b: Terapagos|Tera Starstorm|p1b: Landorus\n|-crit|p1b: Landorus\n|-damage|p1b: Landorus|0 fnt\n|faint|p1b: Landorus\n|\n|upkeep\n|\n|t:|1717575240\n|switch|p1b: Zamazenta|Zamazenta-Crowned, L50|100\/100\n|-ability|p1b: Zamazenta|Dauntless Shield|boost\n|-boost|p1b: Zamazenta|def|1\n|turn|2\n|\n|t:|1717575251\n|move|p2a: Grimmsnarl|Thunder Wave|p1b: Zamazenta\n|-status|p1b: Zamazenta|par\n|move|p1a: Tornadus|Bleakwind Storm|p2a: Grimmsnarl|[spread] p2b\n|-miss|p1a: Tornadus|p2a: Grimmsnarl\n|-activate|p2b: Terapagos|ability: Tera Shell\n|-resisted|p2b: Terapagos\n|-damage|p2b: Terapagos|88\/100\n|-unboost|p2b: Terapagos|spe|1\n|move|p2b: Terapagos|Tera Starstorm|p1a: Tornadus\n|-enditem|p1a: Tornadus|Focus Sash\n|-damage|p1a: Tornadus|1\/100\n|move|p1b: Zamazenta|Iron Defense|p1b: Zamazenta\n|-boost|p1b: Zamazenta|def|2\n|\n|upkeep\n|turn|3\n|inactive|KSunfr has 30 seconds left.\n|\n|t:|1717575284\n|move|p1a: Tornadus|Bleakwind Storm|p2b: Terapagos|[spread] p2a,p2b\n|-damage|p2a: Grimmsnarl|21\/100\n|-damage|p2b: Terapagos|64\/100\n|-unboost|p2b: Terapagos|spe|1\n|move|p2a: Grimmsnarl|Foul Play|p1a: Tornadus\n|-damage|p1a: Tornadus|0 fnt\n|faint|p1a: Tornadus\n|move|p1b: Zamazenta|Body Press|p2b: Terapagos\n|-supereffective|p2b: Terapagos\n|-damage|p2b: Terapagos|0 fnt\n|faint|p2b: Terapagos\n|\n|upkeep\n|j| dinglustan\n|inactive|KSunfr has 30 seconds left.\n|\n|t:|1717575314\n|switch|p1a: Ogerpon|Ogerpon-Wellspring, L50, F|100\/100\n|switch|p2b: Chi-Yu|Chi-Yu, L50|100\/100\n|-ability|p2b: Chi-Yu|Beads of Ruin\n|turn|4\n|inactive|KSunfr has 30 seconds left.\n|\n|t:|1717575343\n|-terastallize|p2b: Chi-Yu|Ghost\n|-terastallize|p1a: Ogerpon|Water\n|detailschange|p1a: Ogerpon|Ogerpon-Wellspring-Tera, L50, F, tera:Water\n|-ability|p1a: Ogerpon|Embody Aspect (Wellspring)|boost\n|-boost|p1a: Ogerpon|spd|1\n|cant|p1b: Zamazenta|par\n|move|p2a: Grimmsnarl|Thunder Wave|p1a: Ogerpon|[miss]\n|-miss|p2a: Grimmsnarl|p1a: Ogerpon\n|move|p2b: Chi-Yu|Heat Wave|p1b: Zamazenta|[spread] p1a,p1b\n|-resisted|p1a: Ogerpon\n|-supereffective|p1b: Zamazenta\n|-damage|p1a: Ogerpon|84\/100\n|-damage|p1b: Zamazenta|36\/100 par\n|move|p1a: Ogerpon|Ivy Cudgel|p2b: Chi-Yu|[anim] Ivy Cudgel Water\n|-crit|p2b: Chi-Yu\n|-enditem|p2b: Chi-Yu|Focus Sash\n|-damage|p2b: Chi-Yu|1\/100\n|\n|upkeep\n|turn|5\n|inactive|muhammadmohsin99 has 30 seconds left.\n|inactive|KSunfr has 30 seconds left.\n|inactive|muhammadmohsin99 has 20 seconds left.\n|inactive|muhammadmohsin99 has 15 seconds left.\n|inactive|muhammadmohsin99 has 10 seconds left.\n|\n|t:|1717575390\n|move|p2b: Chi-Yu|Protect|p2b: Chi-Yu\n|-singleturn|p2b: Chi-Yu|Protect\n|move|p1b: Zamazenta|Protect|p1b: Zamazenta\n|-singleturn|p1b: Zamazenta|Protect\n|move|p1a: Ogerpon|Ivy Cudgel|p2b: Chi-Yu|[anim] Ivy Cudgel Water\n|-activate|p2b: Chi-Yu|move: Protect\n|move|p2a: Grimmsnarl|Foul Play|p1a: Ogerpon\n|-damage|p1a: Ogerpon|39\/100\n|\n|upkeep\n|turn|6\n|inactive|KSunfr has 30 seconds left.\n|\n|t:|1717575419\n|move|p2b: Chi-Yu|Heat Wave|p1b: Zamazenta|[spread] p1a\n|-miss|p2b: Chi-Yu|p1b: Zamazenta\n|-resisted|p1a: Ogerpon\n|-damage|p1a: Ogerpon|22\/100\n|move|p1a: Ogerpon|Ivy Cudgel|p2a: Grimmsnarl|[anim] Ivy Cudgel Water\n|-damage|p2a: Grimmsnarl|0 fnt\n|faint|p2a: Grimmsnarl\n|move|p1b: Zamazenta|Heavy Slam|p2b: Chi-Yu\n|-damage|p2b: Chi-Yu|0 fnt\n|faint|p2b: Chi-Yu\n|\n|upkeep\n|\n|t:|1717575433\n|switch|p2b: Urshifu|Urshifu-Rapid-Strike, L50, F|100\/100\n|turn|7\n|\n|t:|1717575442\n|move|p2b: Urshifu|Surging Strikes|p1b: Zamazenta\n|-crit|p1b: Zamazenta\n|-damage|p1b: Zamazenta|22\/100 par\n|-crit|p1b: Zamazenta\n|-damage|p1b: Zamazenta|10\/100 par\n|-crit|p1b: Zamazenta\n|-damage|p1b: Zamazenta|0 fnt\n|faint|p1b: Zamazenta\n|-hitcount|p1: Zamazenta|3\n|move|p1a: Ogerpon|Horn Leech|p2b: Urshifu\n|-supereffective|p2b: Urshifu\n|-damage|p2b: Urshifu|14\/100\n|-heal|p1a: Ogerpon|66\/100|[from] drain|[of] p2b: Urshifu\n|\n|upkeep\n|turn|8\n|\n|t:|1717575457\n|move|p2b: Urshifu|Close Combat|p1a: Ogerpon\n|-damage|p1a: Ogerpon|4\/100\n|-unboost|p2b: Urshifu|def|1\n|-unboost|p2b: Urshifu|spd|1\n|move|p1a: Ogerpon|Horn Leech|p2b: Urshifu\n|-supereffective|p2b: Urshifu\n|-damage|p2b: Urshifu|0 fnt\n|-heal|p1a: Ogerpon|11\/100|[from] drain|[of] p2b: Urshifu\n|faint|p2b: Urshifu\n|\n|win|muhammadmohsin99\n|raw|muhammadmohsin99's rating: 1691 &rarr; <strong>1714<\/strong><br \/>(+23 for winning)\n|raw|KSunfr's rating: 1736 &rarr; <strong>1713<\/strong><br \/>(-23 for losing)\n|c|\u2606KSunfr|gg\n|l|\u2606KSunfr\n|player|p2|\n|l| dinglustan\n|l|\u2606muhammadmohsin99\n|player|p1|\n|l| lol lol lol blue\n","uploadtime":1717575733,"views":53,"formatid":"gen9vgc2024regg","rating":1713,"private":0,"password":null}