{"id":"gen9vgc2024regg-2137311129","format":"[Gen 9] VGC 2024 Reg G","players":["Betsie","kojimuranishi"],"log":"|j|\u2606Betsie\n|j|\u2606kojimuranishi\n|t:|1717582623\n|gametype|doubles\n|player|p1|Betsie|grimsley-masters|1756\n|player|p2|kojimuranishi|266|1798\n|teamsize|p1|6\n|teamsize|p2|6\n|gen|9\n|tier|[Gen 9] VGC 2024 Reg G\n|rated|\n|rule|Species Clause: Limit one of each Pok\u00e9mon\n|rule|Item Clause: Limit one of each item\n|clearpoke\n|poke|p1|Tornadus, L50, M|\n|poke|p1|Chi-Yu, L50|\n|poke|p1|Calyrex-Shadow, L50|\n|poke|p1|Indeedee-F, L50, F|\n|poke|p1|Urshifu-*, L50, F|\n|poke|p1|Iron Valiant, L50|\n|poke|p2|Calyrex-Shadow, L50|\n|poke|p2|Flutter Mane, L50|\n|poke|p2|Chien-Pao, L50|\n|poke|p2|Dragonite, L50, F|\n|poke|p2|Raging Bolt, L50|\n|poke|p2|Urshifu-*, L50, F|\n|teampreview|4\n|inactive|Battle timer is ON: inactive players will automatically lose when time's up. (requested by Betsie)\n|inactive|kojimuranishi has 60 seconds left.\n|\n|t:|1717582654\n|start\n|switch|p1a: Urshifu|Urshifu-Rapid-Strike, L50, F|100\/100\n|switch|p1b: Iron Valiant|Iron Valiant, L50|100\/100\n|switch|p2a: Urshifu|Urshifu-Rapid-Strike, L50, F|100\/100\n|switch|p2b: Raging Bolt|Raging Bolt, L50|100\/100\n|-enditem|p1b: Iron Valiant|Booster Energy\n|-activate|p1b: Iron Valiant|ability: Quark Drive|[fromitem]\n|-start|p1b: Iron Valiant|quarkdrivespe\n|turn|1\n|\n|t:|1717582678\n|switch|p1a: Indeedee|Indeedee-F, L50, F|100\/100\n|-fieldstart|move: Psychic Terrain|[from] ability: Psychic Surge|[of] p1a: Indeedee\n|move|p1b: Iron Valiant|Spirit Break|p2b: Raging Bolt\n|-supereffective|p2b: Raging Bolt\n|-damage|p2b: Raging Bolt|30\/100\n|-unboost|p2b: Raging Bolt|spa|1\n|move|p2a: Urshifu|Surging Strikes|p1b: Iron Valiant\n|-crit|p1b: Iron Valiant\n|-damage|p1b: Iron Valiant|72\/100\n|-crit|p1b: Iron Valiant\n|-damage|p1b: Iron Valiant|43\/100\n|-crit|p1b: Iron Valiant\n|-damage|p1b: Iron Valiant|14\/100\n|-hitcount|p1b: Iron Valiant|3\n|move|p2b: Raging Bolt|Thunderbolt|p1a: Indeedee\n|-damage|p1a: Indeedee|66\/100\n|\n|upkeep\n|turn|2\n|inactive|kojimuranishi has 30 seconds left.\n|j| rabbithorn05\n|inactive|kojimuranishi has 20 seconds left.\n|\n|t:|1717582714\n|-terastallize|p2a: Urshifu|Water\n|move|p1a: Indeedee|Follow Me|p1a: Indeedee\n|-singleturn|p1a: Indeedee|move: Follow Me\n|move|p1b: Iron Valiant|Spirit Break|p2a: Urshifu\n|-damage|p2a: Urshifu|61\/100\n|-unboost|p2a: Urshifu|spa|1\n|move|p2a: Urshifu|Surging Strikes|p1a: Indeedee\n|-crit|p1a: Indeedee\n|-damage|p1a: Indeedee|37\/100\n|-damage|p2a: Urshifu|45\/100|[from] item: Rocky Helmet|[of] p1a: Indeedee\n|-crit|p1a: Indeedee\n|-damage|p1a: Indeedee|10\/100\n|-damage|p2a: Urshifu|28\/100|[from] item: Rocky Helmet|[of] p1a: Indeedee\n|-crit|p1a: Indeedee\n|-damage|p1a: Indeedee|0 fnt\n|-damage|p2a: Urshifu|12\/100|[from] item: Rocky Helmet|[of] p1a: Indeedee\n|faint|p1a: Indeedee\n|-hitcount|p1: Indeedee|3\n|move|p2b: Raging Bolt|Snarl|p1b: Iron Valiant|[miss]\n|-miss|p2b: Raging Bolt|p1b: Iron Valiant\n|\n|upkeep\n|\n|t:|1717582724\n|switch|p1a: Calyrex|Calyrex-Shadow, L50|100\/100\n|-ability|p1a: Calyrex|As One\n|-ability|p1a: Calyrex|Unnerve\n|turn|3\n|inactive|kojimuranishi has 30 seconds left.\n|\n|t:|1717582751\n|move|p1b: Iron Valiant|Spirit Break|p2a: Urshifu\n|-damage|p2a: Urshifu|0 fnt\n|faint|p2a: Urshifu\n|move|p1a: Calyrex|Astral Barrage|p2b: Raging Bolt\n|-damage|p2b: Raging Bolt|0 fnt\n|faint|p2b: Raging Bolt\n|-end|p2b: Raging Bolt|Protosynthesis|[silent]\n|-ability|p1a: Calyrex|Grim Neigh|boost\n|-boost|p1a: Calyrex|spa|1\n|\n|upkeep\n|j| michaevgc23\n|\n|t:|1717582762\n|switch|p2a: Dragonite|Dragonite, L50, F|100\/100\n|switch|p2b: Chien-Pao|Chien-Pao, L50|100\/100\n|-ability|p2b: Chien-Pao|Sword of Ruin\n|turn|4\n|\n|t:|1717582785\n|move|p2b: Chien-Pao|Protect|p2b: Chien-Pao\n|-singleturn|p2b: Chien-Pao|Protect\n|move|p1b: Iron Valiant|Spirit Break|p2a: Dragonite\n|-supereffective|p2a: Dragonite\n|-damage|p2a: Dragonite|52\/100\n|-unboost|p2a: Dragonite|spa|1\n|move|p1a: Calyrex|Astral Barrage|p2a: Dragonite|[spread] p2a\n|-activate|p2b: Chien-Pao|move: Protect\n|-crit|p2a: Dragonite\n|-damage|p2a: Dragonite|0 fnt\n|faint|p2a: Dragonite\n|-ability|p1a: Calyrex|Grim Neigh|boost\n|-boost|p1a: Calyrex|spa|1\n|\n|upkeep\n|turn|5\n|-message|kojimuranishi forfeited.\n|\n|win|Betsie\n|raw|Betsie's rating: 1756 &rarr; <strong>1778<\/strong><br \/>(+22 for winning)\n|raw|kojimuranishi's rating: 1798 &rarr; <strong>1776<\/strong><br \/>(-22 for losing)\n|l|\u2606kojimuranishi\n|player|p2|\n|l| rabbithorn05\n|l| michaevgc23\n","uploadtime":1717582803,"views":366,"formatid":"gen9vgc2024regg","rating":1776,"private":0,"password":null}