{"id":"gen9vgc2024regg-2137861335","format":"[Gen 9] VGC 2024 Reg G","players":["Therazer456","La voz favorita"],"log":"|j|\u2606Therazer456\n|j|\u2606La voz favorita\n|t:|1717648065\n|gametype|doubles\n|player|p1|Therazer456|ghetsis|1677\n|player|p2|La voz favorita|steven|1717\n|teamsize|p1|6\n|teamsize|p2|6\n|gen|9\n|tier|[Gen 9] VGC 2024 Reg G\n|rated|\n|rule|Species Clause: Limit one of each Pok\u00e9mon\n|rule|Item Clause: Limit one of each item\n|clearpoke\n|poke|p1|Calyrex-Ice, L50|\n|poke|p1|Porygon2, L50|\n|poke|p1|Raging Bolt, L50|\n|poke|p1|Incineroar, L50, F|\n|poke|p1|Iron Jugulis, L50|\n|poke|p1|Amoonguss, L50, F|\n|poke|p2|Lunala, L50|\n|poke|p2|Ursaluna-Bloodmoon, L50, M|\n|poke|p2|Amoonguss, L50, F|\n|poke|p2|Incineroar, L50, F|\n|poke|p2|Urshifu-*, L50, F|\n|poke|p2|Raging Bolt, L50|\n|teampreview|4\n|j| reggie-g\nLa voz favorita has agreed to open team sheets.\n|\n|t:|1717648103\n|start\n|switch|p1a: Robin|Iron Jugulis, L50, shiny|100\/100\n|switch|p1b: California|Raging Bolt, L50|100\/100\n|switch|p2a: Incineroar|Incineroar, L50, F, shiny|100\/100\n|switch|p2b: Lunala|Lunala, L50, shiny|100\/100\n|-ability|p2a: Incineroar|Intimidate|boost\n|-unboost|p1a: Robin|atk|1\n|-unboost|p1b: California|atk|1\n|-enditem|p1a: Robin|Booster Energy\n|-activate|p1a: Robin|ability: Quark Drive|[fromitem]\n|-start|p1a: Robin|quarkdrivespe\n|turn|1\n|\n|t:|1717648116\n|move|p1a: Robin|Protect|p1a: Robin\n|-singleturn|p1a: Robin|Protect\n|move|p2b: Lunala|Wide Guard|p2b: Lunala\n|-singleturn|p2b: Lunala|Wide Guard\n|move|p1b: California|Snarl|p2b: Lunala|[spread] \n|-activate|p2a: Incineroar|move: Wide Guard\n|-activate|p2b: Lunala|move: Wide Guard\n|move|p2a: Incineroar|Knock Off|p1b: California\n|-damage|p1b: California|74\/100\n|-enditem|p1b: California|Assault Vest|[from] move: Knock Off|[of] p2a: Incineroar\n|\n|upkeep\n|turn|2\n|\n|t:|1717648146\n|move|p2b: Lunala|Wide Guard|p2b: Lunala\n|-singleturn|p2b: Lunala|Wide Guard\n|move|p1a: Robin|Snarl|p2b: Lunala|[spread] \n|-activate|p2a: Incineroar|move: Wide Guard\n|-activate|p2b: Lunala|move: Wide Guard\n|move|p1b: California|Thunderbolt|p2b: Lunala\n|-damage|p2b: Lunala|85\/100\n|move|p2a: Incineroar|Parting Shot|p1a: Robin\n|-unboost|p1a: Robin|atk|1\n|-unboost|p1a: Robin|spa|1\n|\n|t:|1717648159\n|switch|p2a: Amoonguss|Amoonguss, L50, F, shiny|100\/100|[from] Parting Shot\n|\n|upkeep\n|turn|3\n|\n|t:|1717648181\n|-terastallize|p2b: Lunala|Fairy\n|move|p1a: Robin|Taunt|p2a: Amoonguss\n|-start|p2a: Amoonguss|move: Taunt\n|move|p1b: California|Snarl|p2b: Lunala|[spread] p2a,p2b\n|-resisted|p2b: Lunala\n|-damage|p2a: Amoonguss|87\/100\n|-damage|p2b: Lunala|80\/100\n|-unboost|p2a: Amoonguss|spa|1\n|-unboost|p2b: Lunala|spa|1\n|cant|p2a: Amoonguss|move: Taunt|Spore\n|move|p2b: Lunala|Trick Room|p2b: Lunala\n|-fieldstart|move: Trick Room|[of] p2b: Lunala\n|\n|upkeep\n|turn|4\n|\n|t:|1717648202\n|switch|p2a: Ursaluna|Ursaluna-Bloodmoon, L50, M|100\/100\n|-end|p1a: Robin|Quark Drive|[silent]\n|switch|p1a: Wreath|Calyrex-Ice, L50|100\/100\n|-ability|p1a: Wreath|As One\n|-ability|p1a: Wreath|Unnerve\n|-terastallize|p1b: California|Electric\n|move|p2b: Lunala|Wide Guard|p2b: Lunala\n|-singleturn|p2b: Lunala|Wide Guard\n|move|p1b: California|Thunderbolt|p2b: Lunala\n|-damage|p2b: Lunala|35\/100\n|\n|upkeep\n|turn|5\n|j| michaevgc23\n|l| michaevgc23\n|\n|t:|1717648226\n|move|p2b: Lunala|Wide Guard|p2b: Lunala\n|-singleturn|p2b: Lunala|Wide Guard\n|move|p1a: Wreath|High Horsepower|p2a: Ursaluna\n|-damage|p2a: Ursaluna|76\/100\n|move|p2a: Ursaluna|Earth Power|p1b: California\n|-supereffective|p1b: California\n|-damage|p1b: California|0 fnt\n|faint|p1b: California\n|-end|p1b: California|Protosynthesis|[silent]\n|-damage|p2a: Ursaluna|66\/100|[from] item: Life Orb\n|\n|upkeep\n|\n|t:|1717648261\n|switch|p1b: Robin|Iron Jugulis, L50, shiny|100\/100\n|turn|6\n|\n|t:|1717648282\n|move|p2b: Lunala|Wide Guard|p2b: Lunala\n|-singleturn|p2b: Lunala|Wide Guard\n|move|p1a: Wreath|Glacial Lance|p2b: Lunala|[spread] \n|-activate|p2a: Ursaluna|move: Wide Guard\n|-activate|p2b: Lunala|move: Wide Guard\n|move|p2a: Ursaluna|Blood Moon|p1a: Wreath\n|-damage|p1a: Wreath|31\/100\n|-damage|p2a: Ursaluna|57\/100|[from] item: Life Orb\n|move|p1b: Robin|Taunt|p2b: Lunala\n|-start|p2b: Lunala|move: Taunt\n|\n|upkeep\n|turn|7\n|\n|t:|1717648309\n|switch|p2a: Incineroar|Incineroar, L50, F, shiny|100\/100\n|-ability|p2a: Incineroar|Intimidate|boost\n|-fail|p1a: Wreath|unboost|[from] item: Clear Amulet|[of] p1a: Wreath\n|-unboost|p1b: Robin|atk|1\n|move|p1a: Wreath|Glacial Lance|p2a: Incineroar|[spread] p2a,p2b\n|-resisted|p2a: Incineroar\n|-damage|p2a: Incineroar|79\/100\n|-damage|p2b: Lunala|0 fnt\n|faint|p2b: Lunala\n|-ability|p1a: Wreath|Chilling Neigh|boost\n|-boost|p1a: Wreath|atk|1\n|move|p1b: Robin|Air Slash|p2a: Incineroar\n|-damage|p2a: Incineroar|50\/100\n|\n|-fieldend|move: Trick Room\n|upkeep\n|\n|t:|1717648324\n|switch|p2b: Ursaluna|Ursaluna-Bloodmoon, L50, M|57\/100\n|turn|8\n|\n|t:|1717648367\n|move|p1b: Robin|Protect|p1b: Robin\n|-singleturn|p1b: Robin|Protect\n|move|p1a: Wreath|Protect|p1a: Wreath\n|-singleturn|p1a: Wreath|Protect\n|move|p2a: Incineroar|Fake Out|p1b: Robin\n|-activate|p1b: Robin|move: Protect\n|move|p2b: Ursaluna|Hyper Voice|p1b: Robin|[spread] \n|-activate|p1a: Wreath|move: Protect\n|-activate|p1b: Robin|move: Protect\n|\n|upkeep\n|turn|9\n|\n|t:|1717648381\n|move|p1b: Robin|Snarl|p2a: Incineroar|[spread] p2a,p2b\n|-resisted|p2a: Incineroar\n|-crit|p2a: Incineroar\n|-damage|p2a: Incineroar|38\/100\n|-damage|p2b: Ursaluna|35\/100\n|-unboost|p2a: Incineroar|spa|1\n|-unboost|p2b: Ursaluna|spa|1\n|move|p2a: Incineroar|Knock Off|p1a: Wreath\n|-supereffective|p1a: Wreath\n|-crit|p1a: Wreath\n|-damage|p1a: Wreath|0 fnt\n|-enditem|p1a: Wreath|Clear Amulet|[from] move: Knock Off|[of] p2a: Incineroar\n|faint|p1a: Wreath\n|move|p2b: Ursaluna|Blood Moon|p1b: Robin\n|-damage|p1b: Robin|20\/100\n|-damage|p2b: Ursaluna|25\/100|[from] item: Life Orb\n|\n|upkeep\n|\n|t:|1717648405\n|switch|p1a: Orion|Incineroar, L50, F, shiny|100\/100\n|-ability|p1a: Orion|Intimidate|boost\n|-unboost|p2a: Incineroar|atk|1\n|-unboost|p2b: Ursaluna|atk|1\n|turn|10\n|\n|t:|1717648422\n|switch|p2a: Amoonguss|Amoonguss, L50, F, shiny|100\/100\n|move|p2b: Ursaluna|Protect|p2b: Ursaluna\n|-singleturn|p2b: Ursaluna|Protect\n|move|p1b: Robin|Air Slash|p2a: Amoonguss\n|-supereffective|p2a: Amoonguss\n|-damage|p2a: Amoonguss|40\/100\n|move|p1a: Orion|Knock Off|p2a: Amoonguss\n|-damage|p2a: Amoonguss|4\/100\n|-damage|p1a: Orion|84\/100|[from] item: Rocky Helmet|[of] p2a: Amoonguss\n|-enditem|p2a: Amoonguss|Rocky Helmet|[from] move: Knock Off|[of] p1a: Orion\n|\n|upkeep\n|turn|11\n|\n|t:|1717648444\n|move|p2a: Amoonguss|Protect|p2a: Amoonguss\n|-singleturn|p2a: Amoonguss|Protect\n|move|p1b: Robin|Snarl|p2b: Ursaluna|[spread] p2b\n|-activate|p2a: Amoonguss|move: Protect\n|-damage|p2b: Ursaluna|3\/100\n|-unboost|p2b: Ursaluna|spa|1\n|move|p1a: Orion|Knock Off|p2b: Ursaluna\n|-damage|p2b: Ursaluna|0 fnt\n|-enditem|p2b: Ursaluna|Life Orb|[from] move: Knock Off|[of] p1a: Orion\n|faint|p2b: Ursaluna\n|\n|upkeep\n|\n|t:|1717648446\n|switch|p2b: Incineroar|Incineroar, L50, F, shiny|38\/100\n|-ability|p2b: Incineroar|Intimidate|boost\n|-unboost|p1a: Orion|atk|1\n|-unboost|p1b: Robin|atk|1\n|turn|12\n|\n|t:|1717648469\n|move|p1b: Robin|Protect|p1b: Robin\n|-singleturn|p1b: Robin|Protect\n|move|p2b: Incineroar|Fake Out|p1a: Orion\n|-damage|p1a: Orion|74\/100\n|cant|p1a: Orion|flinch\n|move|p2a: Amoonguss|Pollen Puff|p2b: Incineroar\n|-heal|p2b: Incineroar|88\/100\n|\n|upkeep\n|turn|13\n|\n|t:|1717648513\n|move|p2a: Amoonguss|Protect|p2a: Amoonguss\n|-singleturn|p2a: Amoonguss|Protect\n|move|p1b: Robin|Air Slash|p2b: Incineroar\n|-damage|p2b: Incineroar|60\/100\n|move|p1a: Orion|Knock Off|p2b: Incineroar\n|-resisted|p2b: Incineroar\n|-damage|p2b: Incineroar|48\/100\n|-enditem|p2b: Incineroar|Safety Goggles|[from] move: Knock Off|[of] p1a: Orion\n|move|p2b: Incineroar|Will-O-Wisp|p1b: Robin\n|-status|p1b: Robin|brn\n|\n|-damage|p1b: Robin|14\/100 brn|[from] brn\n|upkeep\n|turn|14\n|\n|t:|1717648548\n|move|p1b: Robin|Protect|p1b: Robin\n|-singleturn|p1b: Robin|Protect\n|move|p1a: Orion|Knock Off|p2a: Amoonguss\n|-damage|p2a: Amoonguss|0 fnt\n|faint|p2a: Amoonguss\n|move|p2b: Incineroar|Knock Off|p1b: Robin\n|-activate|p1b: Robin|move: Protect\n|\n|-damage|p1b: Robin|8\/100 brn|[from] brn\n|upkeep\n|turn|15\n|-message|La voz favorita forfeited.\n|\n|win|Therazer456\n|raw|Therazer456's rating: 1653 &rarr; <strong>1677<\/strong><br \/>(+24 for winning)\n|raw|La voz favorita's rating: 1717 &rarr; <strong>1693<\/strong><br \/>(-24 for losing)\n|l|\u2606La voz favorita\n|player|p2|\n|l|\u2606Therazer456\n|player|p1|\n","uploadtime":1717648807,"views":35,"formatid":"gen9vgc2024regg","rating":1677,"private":0,"password":null}