{"id":"gen9vgc2024regg-2137318363","format":"[Gen 9] VGC 2024 Reg G","players":["radiantwf2","luca8"],"log":"|j|\u2606radiantwf2\n|j|\u2606luca8\n|t:|1717583825\n|gametype|doubles\n|player|p1|radiantwf2|265|1656\n|player|p2|luca8|flint|1735\n|teamsize|p1|6\n|teamsize|p2|6\n|gen|9\n|tier|[Gen 9] VGC 2024 Reg G\n|rated|\n|rule|Species Clause: Limit one of each Pok\u00e9mon\n|rule|Item Clause: Limit one of each item\n|clearpoke\n|poke|p1|Zacian-*, L50|\n|poke|p1|Pelipper, L50, F|\n|poke|p1|Urshifu-*, L50, M|\n|poke|p1|Chien-Pao, L50|\n|poke|p1|Rillaboom, L50, F|\n|poke|p1|Dragonite, L50, M|\n|poke|p2|Urshifu-*, L50, M|\n|poke|p2|Calyrex-Ice, L50|\n|poke|p2|Rillaboom, L50, F|\n|poke|p2|Farigiraf, L50, M|\n|poke|p2|Primarina, L50, M|\n|poke|p2|Grimmsnarl, L50, M|\n|teampreview|4\n|inactive|Battle timer is ON: inactive players will automatically lose when time's up. (requested by radiantwf2)\n|\n|t:|1717583853\n|start\n|switch|p1a: Pelipper|Pelipper, L50, F|100\/100\n|switch|p1b: Urshifu|Urshifu-Rapid-Strike, L50, M|100\/100\n|switch|p2a: Calyrex|Calyrex-Ice, L50|100\/100\n|switch|p2b: Farigiraf|Farigiraf, L50, M|100\/100\n|-ability|p2a: Calyrex|As One\n|-ability|p2a: Calyrex|Unnerve\n|-weather|RainDance|[from] ability: Drizzle|[of] p1a: Pelipper\n|turn|1\n|\n|t:|1717583870\n|-terastallize|p1b: Urshifu|Water\n|move|p1b: Urshifu|Surging Strikes|p2a: Calyrex\n|-crit|p2a: Calyrex\n|-damage|p2a: Calyrex|69\/100\n|-crit|p2a: Calyrex\n|-damage|p2a: Calyrex|34\/100\n|-crit|p2a: Calyrex\n|-damage|p2a: Calyrex|0 fnt\n|faint|p2a: Calyrex\n|-hitcount|p2: Calyrex|3\n|-damage|p1b: Urshifu|91\/100|[from] item: Life Orb\n|move|p1a: Pelipper|Weather Ball|p2b: Farigiraf\n|-damage|p2b: Farigiraf|64\/100\n|move|p2b: Farigiraf|Nasty Plot|p2b: Farigiraf\n|-boost|p2b: Farigiraf|spa|2\n|\n|-weather|RainDance|[upkeep]\n|upkeep\n|\n|t:|1717583889\n|switch|p2a: Grimmsnarl|Grimmsnarl, L50, M|100\/100\n|turn|2\n|\n|t:|1717583899\n|move|p1a: Pelipper|Wide Guard|p1a: Pelipper\n|-singleturn|p1a: Pelipper|Wide Guard\n|move|p2a: Grimmsnarl|Fake Out|p1b: Urshifu\n|-damage|p1b: Urshifu|77\/100\n|cant|p1b: Urshifu|flinch\n|move|p2b: Farigiraf|Trick Room|p2b: Farigiraf\n|-fieldstart|move: Trick Room|[of] p2b: Farigiraf\n|\n|-weather|RainDance|[upkeep]\n|upkeep\n|turn|3\n|\n|t:|1717583917\n|move|p1a: Pelipper|Wide Guard|p1a: Pelipper\n|-singleturn|p1a: Pelipper|Wide Guard\n|move|p2b: Farigiraf|Psychic|p1b: Urshifu\n|-damage|p1b: Urshifu|0 fnt\n|faint|p1b: Urshifu\n|move|p2a: Grimmsnarl|Spirit Break|p1a: Pelipper\n|-damage|p1a: Pelipper|64\/100\n|-unboost|p1a: Pelipper|spa|1\n|\n|-weather|RainDance|[upkeep]\n|-heal|p1a: Pelipper|70\/100|[from] item: Leftovers\n|upkeep\n|\n|t:|1717583925\n|switch|p1b: Zacian|Zacian-Crowned, L50|100\/100\n|-ability|p1b: Zacian|Intrepid Sword|boost\n|-boost|p1b: Zacian|atk|1\n|turn|4\n|j| michaevgc23\n|\n|t:|1717583940\n|move|p2a: Grimmsnarl|Parting Shot|p1b: Zacian\n|-unboost|p1b: Zacian|atk|1\n|-unboost|p1b: Zacian|spa|1\n|l| michaevgc23\n|\n|t:|1717583944\n|switch|p2a: Primarina|Primarina, L50, M|100\/100|[from] Parting Shot\n|move|p2b: Farigiraf|Hyper Voice|p1b: Zacian|[spread] p1a,p1b\n|-resisted|p1b: Zacian\n|-damage|p1a: Pelipper|17\/100\n|-damage|p1b: Zacian|77\/100\n|move|p1a: Pelipper|Weather Ball|p2a: Primarina\n|-resisted|p2a: Primarina\n|-damage|p2a: Primarina|83\/100\n|move|p1b: Zacian|Behemoth Blade|p2b: Farigiraf\n|-damage|p2b: Farigiraf|9\/100\n|\n|-weather|RainDance|[upkeep]\n|-heal|p1a: Pelipper|23\/100|[from] item: Leftovers\n|upkeep\n|turn|5\n|inactive|luca8 has 30 seconds left.\n|\n|t:|1717583977\n|move|p1a: Pelipper|Wide Guard|p1a: Pelipper\n|-singleturn|p1a: Pelipper|Wide Guard\n|move|p2b: Farigiraf|Hyper Voice|p1a: Pelipper|[spread] \n|-activate|p1a: Pelipper|move: Wide Guard\n|-activate|p1b: Zacian|move: Wide Guard\n|move|p2a: Primarina|Encore|p1a: Pelipper\n|-start|p1a: Pelipper|Encore\n|move|p1b: Zacian|Behemoth Blade|p2b: Farigiraf\n|-damage|p2b: Farigiraf|0 fnt\n|faint|p2b: Farigiraf\n|\n|-weather|none\n|-heal|p1a: Pelipper|29\/100|[from] item: Leftovers\n|upkeep\n|\n|t:|1717583993\n|switch|p2b: Grimmsnarl|Grimmsnarl, L50, M|100\/100\n|turn|6\n|\n|t:|1717584001\n|move|p1b: Zacian|Protect|p1b: Zacian\n|-singleturn|p1b: Zacian|Protect\n|move|p2b: Grimmsnarl|Fake Out|p1a: Pelipper\n|-damage|p1a: Pelipper|14\/100\n|cant|p1a: Pelipper|flinch\n|move|p2a: Primarina|Hyper Voice|p1b: Zacian|[spread] p1a\n|-activate|p1b: Zacian|move: Protect\n|-resisted|p1a: Pelipper\n|-damage|p1a: Pelipper|0 fnt\n|faint|p1a: Pelipper\n|-enditem|p2a: Primarina|Throat Spray\n|-boost|p2a: Primarina|spa|1|[from] item: Throat Spray\n|\n|-fieldend|move: Trick Room\n|upkeep\n|\n|t:|1717584005\n|switch|p1a: Chien-Pao|Chien-Pao, L50|100\/100\n|-ability|p1a: Chien-Pao|Sword of Ruin\n|turn|7\n|j| KOPLUS\n|\n|t:|1717584022\n|move|p1a: Chien-Pao|Protect|p1a: Chien-Pao\n|-singleturn|p1a: Chien-Pao|Protect\n|move|p1b: Zacian|Behemoth Blade|p2b: Grimmsnarl\n|-supereffective|p2b: Grimmsnarl\n|-damage|p2b: Grimmsnarl|0 fnt\n|faint|p2b: Grimmsnarl\n|move|p2a: Primarina|Hyper Voice|p1a: Chien-Pao|[spread] p1b\n|-activate|p1a: Chien-Pao|move: Protect\n|-damage|p1b: Zacian|28\/100\n|\n|upkeep\n|turn|8\n|\n|t:|1717584034\n|move|p1b: Zacian|Behemoth Blade|p2a: Primarina\n|-damage|p2a: Primarina|6\/100\n|move|p1a: Chien-Pao|Icicle Crash|p2a: Primarina|[miss]\n|-miss|p1a: Chien-Pao|p2a: Primarina\n|move|p2a: Primarina|Hyper Voice|p1b: Zacian|[spread] p1a,p1b\n|-crit|p1b: Zacian\n|-damage|p1a: Chien-Pao|10\/100\n|-damage|p1b: Zacian|0 fnt\n|faint|p1b: Zacian\n|\n|upkeep\n|turn|9\n|\n|t:|1717584049\n|move|p1a: Chien-Pao|Sacred Sword|p2a: Primarina\n|-resisted|p2a: Primarina\n|-damage|p2a: Primarina|0 fnt\n|faint|p2a: Primarina\n|\n|win|radiantwf2\n|raw|radiantwf2's rating: 1656 &rarr; <strong>1680<\/strong><br \/>(+24 for winning)\n|raw|luca8's rating: 1735 &rarr; <strong>1711<\/strong><br \/>(-24 for losing)\n|l|\u2606luca8\n|player|p2|\n|l| KOPLUS\n","uploadtime":1717584296,"views":18,"formatid":"gen9vgc2024regg","rating":1680,"private":0,"password":null}