{"id":"gen9vgc2024regg-2137498176","format":"[Gen 9] VGC 2024 Reg G","players":["Zonavideovigilada","code_anish"],"log":"|j|\u2606Zonavideovigilada\n|j|\u2606code_anish\n|t:|1717604653\n|gametype|doubles\n|player|p1|Zonavideovigilada|1|1696\n|player|p2|code_anish|yellow|1793\n|teamsize|p1|6\n|teamsize|p2|6\n|gen|9\n|tier|[Gen 9] VGC 2024 Reg G\n|rated|\n|rule|Species Clause: Limit one of each Pok\u00e9mon\n|rule|Item Clause: Limit one of each item\n|clearpoke\n|poke|p1|Urshifu-*, L50, F|\n|poke|p1|Pelipper, L50, M|\n|poke|p1|Zacian-*, L50|\n|poke|p1|Chien-Pao, L50|\n|poke|p1|Rillaboom, L50, M|\n|poke|p1|Incineroar, L50, M|\n|poke|p2|Terapagos, L50, M|\n|poke|p2|Volcarona, L50, F|\n|poke|p2|Urshifu-*, L50, F|\n|poke|p2|Clefairy, L50, M|\n|poke|p2|Gholdengo, L50|\n|poke|p2|Rillaboom, L50, F|\n|teampreview|4\n|\n|t:|1717604699\n|start\n|switch|p1a: Zacian|Zacian-Crowned, L50|100\/100\n|switch|p1b: Urshifu|Urshifu-Rapid-Strike, L50, F|100\/100\n|switch|p2a: Urshifu|Urshifu-Rapid-Strike, L50, F|100\/100\n|switch|p2b: Rillaboom|Rillaboom, L50, F, shiny|100\/100\n|-ability|p1a: Zacian|Intrepid Sword|boost\n|-boost|p1a: Zacian|atk|1\n|-fieldstart|move: Grassy Terrain|[from] ability: Grassy Surge|[of] p2b: Rillaboom\n|turn|1\n|inactive|Battle timer is ON: inactive players will automatically lose when time's up. (requested by Zonavideovigilada)\n|\n|t:|1717604716\n|move|p2b: Rillaboom|Fake Out|p1a: Zacian\n|-resisted|p1a: Zacian\n|-damage|p1a: Zacian|95\/100\n|move|p1b: Urshifu|U-turn|p2b: Rillaboom\n|-supereffective|p2b: Rillaboom\n|-damage|p2b: Rillaboom|49\/100\n|\n|t:|1717604724\n|switch|p1b: Incineroar|Incineroar, L50, M|100\/100|[from] U-turn\n|-ability|p1b: Incineroar|Intimidate|boost\n|-unboost|p2a: Urshifu|atk|1\n|-unboost|p2b: Rillaboom|atk|1\n|cant|p1a: Zacian|flinch\n|move|p2a: Urshifu|Surging Strikes|p1a: Zacian\n|-crit|p1a: Zacian\n|-damage|p1a: Zacian|76\/100\n|-crit|p1a: Zacian\n|-damage|p1a: Zacian|57\/100\n|-crit|p1a: Zacian\n|-damage|p1a: Zacian|38\/100\n|-hitcount|p1a: Zacian|3\n|\n|-heal|p1a: Zacian|44\/100|[from] Grassy Terrain\n|-heal|p2b: Rillaboom|55\/100|[from] Grassy Terrain\n|upkeep\n|turn|2\n|\n|t:|1717604748\n|switch|p2a: Volcarona|Volcarona, L50, F|100\/100\n|switch|p2b: Gholdengo|Gholdengo, L50|100\/100\n|move|p1a: Zacian|Play Rough|p2a: Volcarona\n|-resisted|p2a: Volcarona\n|-damage|p2a: Volcarona|68\/100\n|move|p1b: Incineroar|Knock Off|p2b: Gholdengo\n|-supereffective|p2b: Gholdengo\n|-damage|p2b: Gholdengo|31\/100\n|-enditem|p2b: Gholdengo|Choice Specs|[from] move: Knock Off|[of] p1b: Incineroar\n|\n|-heal|p1a: Zacian|50\/100|[from] Grassy Terrain\n|-heal|p2b: Gholdengo|37\/100|[from] Grassy Terrain\n|-heal|p2a: Volcarona|74\/100|[from] Grassy Terrain\n|upkeep\n|turn|3\n|inactive|Zonavideovigilada has 30 seconds left.\n|inactive|code_anish has 30 seconds left.\n|\n|t:|1717604782\n|-terastallize|p1a: Zacian|Dragon\n|move|p1a: Zacian|Behemoth Blade|p2b: Gholdengo\n|-resisted|p2b: Gholdengo\n|-damage|p2b: Gholdengo|0 fnt\n|faint|p2b: Gholdengo\n|move|p2a: Volcarona|Will-O-Wisp|p1a: Zacian|[miss]\n|-miss|p2a: Volcarona|p1a: Zacian\n|move|p1b: Incineroar|Parting Shot|p2a: Volcarona\n|-unboost|p2a: Volcarona|atk|1\n|-unboost|p2a: Volcarona|spa|1\n|\n|t:|1717604794\n|switch|p1b: Urshifu|Urshifu-Rapid-Strike, L50, F|100\/100|[from] Parting Shot\n|\n|-heal|p1a: Zacian|56\/100|[from] Grassy Terrain\n|-heal|p2a: Volcarona|80\/100|[from] Grassy Terrain\n|upkeep\n|\n|t:|1717604805\n|switch|p2b: Rillaboom|Rillaboom, L50, F, shiny|55\/100\n|turn|4\n|\n|t:|1717604820\n|-terastallize|p2a: Volcarona|Water\n|move|p2b: Rillaboom|Fake Out|p1a: Zacian\n|-damage|p1a: Zacian|44\/100\n|move|p1b: Urshifu|Aqua Jet|p2b: Rillaboom\n|-resisted|p2b: Rillaboom\n|-damage|p2b: Rillaboom|44\/100\n|cant|p1a: Zacian|flinch\n|move|p2a: Volcarona|Will-O-Wisp|p1a: Zacian\n|-status|p1a: Zacian|brn\n|\n|-heal|p1a: Zacian|50\/100 brn|[from] Grassy Terrain\n|-heal|p2a: Volcarona|86\/100|[from] Grassy Terrain\n|-heal|p2b: Rillaboom|50\/100|[from] Grassy Terrain\n|-damage|p1a: Zacian|44\/100 brn|[from] brn\n|upkeep\n|turn|5\n|inactive|code_anish has 30 seconds left.\n|inactive|code_anish has 20 seconds left.\n|\n|t:|1717604859\n|switch|p1b: Incineroar|Incineroar, L50, M|100\/100\n|-ability|p1b: Incineroar|Intimidate|boost\n|-unboost|p2a: Volcarona|atk|1\n|-unboost|p2b: Rillaboom|atk|1\n|switch|p2b: Urshifu|Urshifu-Rapid-Strike, L50, F|100\/100\n|move|p2a: Volcarona|Rage Powder|p2a: Volcarona\n|-singleturn|p2a: Volcarona|move: Rage Powder\n|move|p1a: Zacian|Play Rough|p2a: Volcarona\n|-damage|p2a: Volcarona|50\/100\n|-enditem|p2a: Volcarona|Sitrus Berry|[eat]\n|-heal|p2a: Volcarona|75\/100|[from] item: Sitrus Berry\n|\n|-heal|p1a: Zacian|50\/100 brn|[from] Grassy Terrain\n|-heal|p2a: Volcarona|82\/100|[from] Grassy Terrain\n|-damage|p1a: Zacian|44\/100 brn|[from] brn\n|-fieldend|move: Grassy Terrain\n|upkeep\n|turn|6\n|\n|t:|1717604882\n|switch|p1b: Pelipper|Pelipper, L50, M|100\/100\n|-weather|RainDance|[from] ability: Drizzle|[of] p1b: Pelipper\n|move|p2b: Urshifu|Protect|p2b: Urshifu\n|-singleturn|p2b: Urshifu|Protect\n|move|p1a: Zacian|Play Rough|p2b: Urshifu\n|-activate|p2b: Urshifu|move: Protect\n|move|p2a: Volcarona|Fiery Dance|p1a: Zacian\n|-resisted|p1a: Zacian\n|-damage|p1a: Zacian|40\/100 brn\n|-boost|p2a: Volcarona|spa|1\n|\n|-weather|RainDance|[upkeep]\n|-damage|p1a: Zacian|34\/100 brn|[from] brn\n|upkeep\n|turn|7\n|\n|t:|1717604901\n|move|p2a: Volcarona|Rage Powder|p2a: Volcarona\n|-singleturn|p2a: Volcarona|move: Rage Powder\n|move|p1a: Zacian|Play Rough|p2a: Volcarona\n|-damage|p2a: Volcarona|48\/100\n|move|p2b: Urshifu|Surging Strikes|p1a: Zacian\n|-resisted|p1a: Zacian\n|-crit|p1a: Zacian\n|-damage|p1a: Zacian|18\/100 brn\n|-resisted|p1a: Zacian\n|-crit|p1a: Zacian\n|-damage|p1a: Zacian|3\/100 brn\n|-resisted|p1a: Zacian\n|-crit|p1a: Zacian\n|-damage|p1a: Zacian|0 fnt\n|faint|p1a: Zacian\n|-hitcount|p1: Zacian|3\n|move|p1b: Pelipper|Hurricane|p2a: Volcarona\n|-damage|p2a: Volcarona|3\/100\n|\n|-weather|RainDance|[upkeep]\n|upkeep\n|\n|t:|1717604918\n|switch|p1a: Urshifu|Urshifu-Rapid-Strike, L50, F|100\/100\n|turn|8\n|\n|t:|1717604927\n|move|p2b: Urshifu|Protect|p2b: Urshifu\n|-singleturn|p2b: Urshifu|Protect\n|move|p2a: Volcarona|Rage Powder|p2a: Volcarona\n|-singleturn|p2a: Volcarona|move: Rage Powder\n|move|p1a: Urshifu|Surging Strikes|p2a: Volcarona\n|-resisted|p2a: Volcarona\n|-crit|p2a: Volcarona\n|-damage|p2a: Volcarona|0 fnt\n|faint|p2a: Volcarona\n|-hitcount|p2: Volcarona|1\n|move|p1b: Pelipper|Hurricane|p2b: Urshifu\n|-activate|p2b: Urshifu|move: Protect\n|\n|-weather|RainDance|[upkeep]\n|upkeep\n|\n|t:|1717604937\n|switch|p2a: Rillaboom|Rillaboom, L50, F, shiny|50\/100\n|-fieldstart|move: Grassy Terrain|[from] ability: Grassy Surge|[of] p2a: Rillaboom\n|turn|9\n|\n|t:|1717604955\n|switch|p1a: Incineroar|Incineroar, L50, M|100\/100\n|-ability|p1a: Incineroar|Intimidate|boost\n|-unboost|p2a: Rillaboom|atk|1\n|-unboost|p2b: Urshifu|atk|1\n|move|p2a: Rillaboom|Fake Out|p1b: Pelipper\n|-damage|p1b: Pelipper|91\/100\n|-damage|p2a: Rillaboom|33\/100|[from] item: Rocky Helmet|[of] p1b: Pelipper\n|move|p2b: Urshifu|Surging Strikes|p1a: Incineroar\n|-supereffective|p1a: Incineroar\n|-crit|p1a: Incineroar\n|-damage|p1a: Incineroar|35\/100\n|-supereffective|p1a: Incineroar\n|-crit|p1a: Incineroar\n|-damage|p1a: Incineroar|0 fnt\n|faint|p1a: Incineroar\n|-hitcount|p1: Incineroar|2\n|cant|p1b: Pelipper|flinch\n|\n|-weather|RainDance|[upkeep]\n|-heal|p2a: Rillaboom|39\/100|[from] Grassy Terrain\n|upkeep\n|\n|t:|1717604965\n|switch|p1a: Urshifu|Urshifu-Rapid-Strike, L50, F|100\/100\n|turn|10\n|inactive|code_anish has 30 seconds left.\n|\n|t:|1717604999\n|move|p2a: Rillaboom|Grassy Glide|p1b: Pelipper\n|-crit|p1b: Pelipper\n|-damage|p1b: Pelipper|31\/100\n|-damage|p2a: Rillaboom|23\/100|[from] item: Rocky Helmet|[of] p1b: Pelipper\n|move|p1a: Urshifu|Surging Strikes|p2a: Rillaboom\n|-resisted|p2a: Rillaboom\n|-crit|p2a: Rillaboom\n|-damage|p2a: Rillaboom|7\/100\n|-resisted|p2a: Rillaboom\n|-crit|p2a: Rillaboom\n|-damage|p2a: Rillaboom|0 fnt\n|faint|p2a: Rillaboom\n|-hitcount|p2: Rillaboom|2\n|move|p2b: Urshifu|Surging Strikes|p1b: Pelipper\n|-resisted|p1b: Pelipper\n|-crit|p1b: Pelipper\n|-damage|p1b: Pelipper|11\/100\n|-damage|p2b: Urshifu|84\/100|[from] item: Rocky Helmet|[of] p1b: Pelipper\n|-resisted|p1b: Pelipper\n|-crit|p1b: Pelipper\n|-damage|p1b: Pelipper|0 fnt\n|-damage|p2b: Urshifu|68\/100|[from] item: Rocky Helmet|[of] p1b: Pelipper\n|faint|p1b: Pelipper\n|-hitcount|p1: Pelipper|2\n|\n|-weather|none\n|-heal|p2b: Urshifu|74\/100|[from] Grassy Terrain\n|upkeep\n|turn|11\n|\n|t:|1717605017\n|move|p1a: Urshifu|Surging Strikes|p2b: Urshifu\n|-resisted|p2b: Urshifu\n|-crit|p2b: Urshifu\n|-damage|p2b: Urshifu|62\/100\n|-resisted|p2b: Urshifu\n|-crit|p2b: Urshifu\n|-damage|p2b: Urshifu|51\/100\n|-resisted|p2b: Urshifu\n|-crit|p2b: Urshifu\n|-damage|p2b: Urshifu|40\/100\n|-hitcount|p2b: Urshifu|3\n|move|p2b: Urshifu|Surging Strikes|p1a: Urshifu\n|-resisted|p1a: Urshifu\n|-crit|p1a: Urshifu\n|-damage|p1a: Urshifu|89\/100\n|-resisted|p1a: Urshifu\n|-crit|p1a: Urshifu\n|-damage|p1a: Urshifu|77\/100\n|-resisted|p1a: Urshifu\n|-crit|p1a: Urshifu\n|-damage|p1a: Urshifu|65\/100\n|-hitcount|p1a: Urshifu|3\n|\n|-heal|p1a: Urshifu|72\/100|[from] Grassy Terrain\n|-heal|p2b: Urshifu|47\/100|[from] Grassy Terrain\n|upkeep\n|turn|12\n|\n|t:|1717605036\n|move|p1a: Urshifu|Surging Strikes|p2b: Urshifu\n|-resisted|p2b: Urshifu\n|-crit|p2b: Urshifu\n|-damage|p2b: Urshifu|36\/100\n|-resisted|p2b: Urshifu\n|-crit|p2b: Urshifu\n|-damage|p2b: Urshifu|25\/100\n|-resisted|p2b: Urshifu\n|-crit|p2b: Urshifu\n|-damage|p2b: Urshifu|13\/100\n|-hitcount|p2b: Urshifu|3\n|move|p2b: Urshifu|Close Combat|p1a: Urshifu\n|-crit|p1a: Urshifu\n|-damage|p1a: Urshifu|0 fnt\n|-unboost|p2b: Urshifu|def|1\n|-unboost|p2b: Urshifu|spd|1\n|faint|p1a: Urshifu\n|\n|win|code_anish\n|raw|Zonavideovigilada's rating: 1696 &rarr; <strong>1681<\/strong><br \/>(-15 for losing)\n|raw|code_anish's rating: 1793 &rarr; <strong>1808<\/strong><br \/>(+15 for winning)\n|l|\u2606code_anish\n|player|p2|\n|c|\u2606Zonavideovigilada|Gg\n|l|\u2606Zonavideovigilada\n|player|p1|\n","uploadtime":1717605197,"views":72,"formatid":"gen9vgc2024regg","rating":1681,"private":0,"password":null}