{"id":"gen9vgc2024regg-2137316766","format":"[Gen 9] VGC 2024 Reg G","players":["kojimuranishi","caixueying"],"log":"|j|\u2606kojimuranishi\n|j|\u2606caixueying\n|t:|1717583568\n|gametype|doubles\n|player|p1|kojimuranishi|266|1695\n|player|p2|caixueying|beauty-gen4dp|1725\n|teamsize|p1|6\n|teamsize|p2|6\n|gen|9\n|tier|[Gen 9] VGC 2024 Reg G\n|rated|\n|rule|Species Clause: Limit one of each Pok\u00e9mon\n|rule|Item Clause: Limit one of each item\n|clearpoke\n|poke|p1|Calyrex-Shadow, L50|\n|poke|p1|Flutter Mane, L50|\n|poke|p1|Chien-Pao, L50|\n|poke|p1|Dragonite, L50, F|\n|poke|p1|Raging Bolt, L50|\n|poke|p1|Urshifu-*, L50, F|\n|poke|p2|Indeedee-F, L50, F|\n|poke|p2|Ursaluna-Bloodmoon, L50, M|\n|poke|p2|Mienshao, L50, M|\n|poke|p2|Torkoal, L50, F|\n|poke|p2|Sinistcha-Masterpiece, L50|\n|poke|p2|Calyrex-Ice, L50|\n|teampreview|4\n|inactive|Battle timer is ON: inactive players will automatically lose when time's up. (requested by caixueying)\n|inactive|caixueying has 60 seconds left.\n|\n|t:|1717583600\n|start\n|switch|p1a: Flutter Mane|Flutter Mane, L50|100\/100\n|switch|p1b: Calyrex|Calyrex-Shadow, L50|100\/100\n|switch|p2a: Mienshao|Mienshao, L50, M|100\/100\n|switch|p2b: Calyrex|Calyrex-Ice, L50|100\/100\n|-ability|p1b: Calyrex|As One\n|-ability|p1b: Calyrex|Unnerve\n|-ability|p2b: Calyrex|As One\n|-ability|p2b: Calyrex|Unnerve\n|turn|1\n|j| michaevgc23\n|\n|t:|1717583620\n|-terastallize|p2b: Calyrex|Fire\n|move|p1b: Calyrex|Shadow Ball|p2b: Calyrex\n|-damage|p2b: Calyrex|58\/100\n|move|p1a: Flutter Mane|Taunt|p2b: Calyrex\n|-start|p2b: Calyrex|move: Taunt\n|move|p2a: Mienshao|Coaching|p2b: Calyrex\n|-boost|p2b: Calyrex|atk|1\n|-boost|p2b: Calyrex|def|1\n|move|p2b: Calyrex|Glacial Lance|p1a: Flutter Mane|[spread] p1a,p1b\n|-enditem|p1a: Flutter Mane|Focus Sash\n|-damage|p1a: Flutter Mane|1\/100\n|-damage|p1b: Calyrex|13\/100\n|\n|upkeep\n|turn|2\n|j| purplrobe\n|\n|t:|1717583645\n|switch|p2a: Sinistcha|Sinistcha-Masterpiece, L50|100\/100\n|-heal|p2b: Calyrex|83\/100|[from] ability: Hospitality|[of] p2a: Sinistcha\n|switch|p2b: Indeedee|Indeedee-F, L50, F|100\/100\n|-fieldstart|move: Psychic Terrain|[from] ability: Psychic Surge|[of] p2b: Indeedee\n|move|p1b: Calyrex|Shadow Ball|p2b: Indeedee\n|-immune|p2b: Indeedee\n|move|p1a: Flutter Mane|Moonblast|p2b: Indeedee\n|-damage|p2b: Indeedee|55\/100\n|\n|upkeep\n|turn|3\n|\n|t:|1717583669\n|move|p2a: Sinistcha|Rage Powder|p2a: Sinistcha\n|-singleturn|p2a: Sinistcha|move: Rage Powder\n|move|p1b: Calyrex|Shadow Ball|p2a: Sinistcha\n|-supereffective|p2a: Sinistcha\n|-damage|p2a: Sinistcha|0 fnt\n|faint|p2a: Sinistcha\n|-ability|p1b: Calyrex|Grim Neigh|boost\n|-boost|p1b: Calyrex|spa|1\n|move|p1a: Flutter Mane|Taunt|p2b: Indeedee\n|-start|p2b: Indeedee|move: Taunt\n|cant|p2b: Indeedee|move: Taunt|Trick Room\n|\n|upkeep\n|\n|t:|1717583681\n|switch|p2a: Calyrex|Calyrex-Ice, L50, tera:Fire|83\/100\n|-ability|p2a: Calyrex|As One\n|-ability|p2a: Calyrex|Unnerve\n|turn|4\n|inactive|kojimuranishi has 30 seconds left.\n|inactive|kojimuranishi has 20 seconds left.\n|\n|t:|1717583719\n|move|p1b: Calyrex|Shadow Ball|p2a: Calyrex\n|-damage|p2a: Calyrex|19\/100\n|move|p1a: Flutter Mane|Moonblast|p2b: Indeedee\n|-damage|p2b: Indeedee|7\/100\n|move|p2b: Indeedee|Psychic|p1a: Flutter Mane\n|-damage|p1a: Flutter Mane|0 fnt\n|faint|p1a: Flutter Mane\n|-end|p1a: Flutter Mane|Protosynthesis|[silent]\n|move|p2a: Calyrex|Glacial Lance|p1b: Calyrex\n|-damage|p1b: Calyrex|0 fnt\n|faint|p1b: Calyrex\n|-ability|p2a: Calyrex|Chilling Neigh|boost\n|-boost|p2a: Calyrex|atk|1\n|\n|upkeep\n|\n|t:|1717583736\n|switch|p1b: Chien-Pao|Chien-Pao, L50|100\/100\n|switch|p1a: Dragonite|Dragonite, L50, F|100\/100\n|-ability|p1b: Chien-Pao|Sword of Ruin\n|turn|5\n|\n|t:|1717583754\n|move|p1b: Chien-Pao|Ice Spinner|p2b: Indeedee\n|-damage|p2b: Indeedee|0 fnt\n|-fieldend|move: Psychic Terrain\n|faint|p2b: Indeedee\n|-damage|p1b: Chien-Pao|91\/100|[from] item: Life Orb\n|move|p1a: Dragonite|Aerial Ace|p2a: Calyrex\n|-damage|p2a: Calyrex|0 fnt\n|faint|p2a: Calyrex\n|\n|upkeep\n|-message|caixueying forfeited.\n|\n|win|kojimuranishi\n|raw|kojimuranishi's rating: 1695 &rarr; <strong>1717<\/strong><br \/>(+22 for winning)\n|raw|caixueying's rating: 1725 &rarr; <strong>1703<\/strong><br \/>(-22 for losing)\n|l|\u2606caixueying\n|player|p2|\n|l| michaevgc23\n|l|\u2606kojimuranishi\n|player|p1|\n","uploadtime":1717584011,"views":34,"formatid":"gen9vgc2024regg","rating":1703,"private":0,"password":null}