{"id":"gen9vgc2024regg-2137856500","format":"[Gen 9] VGC 2024 Reg G","players":["phononmode","Therazer456"],"log":"|j|\u2606phononmode\n|j|\u2606Therazer456\n|t:|1717647276\n|gametype|doubles\n|player|p1|phononmode|twins-gen4dp|1696\n|player|p2|Therazer456|ghetsis|1710\n|teamsize|p1|6\n|teamsize|p2|6\n|gen|9\n|tier|[Gen 9] VGC 2024 Reg G\n|rated|\n|rule|Species Clause: Limit one of each Pok\u00e9mon\n|rule|Item Clause: Limit one of each item\n|clearpoke\n|poke|p1|Ting-Lu, L50|\n|poke|p1|Calyrex-Ice, L50|\n|poke|p1|Hitmontop, L50, M|\n|poke|p1|Rillaboom, L50, M|\n|poke|p1|Dondozo, L50, M|\n|poke|p1|Skeledirge, L50, F|\n|poke|p2|Calyrex-Ice, L50|\n|poke|p2|Porygon2, L50|\n|poke|p2|Raging Bolt, L50|\n|poke|p2|Incineroar, L50, M|\n|poke|p2|Iron Jugulis, L50|\n|poke|p2|Amoonguss, L50, F|\n|teampreview|4\nphononmode has agreed to open team sheets.\n|inactive|Battle timer is ON: inactive players will automatically lose when time's up. (requested by phononmode)\n|inactive|Therazer456 has 60 seconds left.\n|\n|t:|1717647326\n|start\n|switch|p1a: Calyrex|Calyrex-Ice, L50|100\/100\n|switch|p1b: Hitmontop|Hitmontop, L50, M|100\/100\n|switch|p2a: Wreath|Calyrex-Ice, L50|100\/100\n|switch|p2b: Orion|Incineroar, L50, M, shiny|100\/100\n|-ability|p2a: Wreath|As One\n|-ability|p2a: Wreath|Unnerve\n|-ability|p1a: Calyrex|As One\n|-ability|p1a: Calyrex|Unnerve\n|-ability|p1b: Hitmontop|Intimidate|boost\n|-fail|p2a: Wreath|unboost|[from] item: Clear Amulet|[of] p2a: Wreath\n|-unboost|p2b: Orion|atk|1\n|-ability|p2b: Orion|Intimidate|boost\n|-fail|p1a: Calyrex|unboost|[from] item: Clear Amulet|[of] p1a: Calyrex\n|-unboost|p1b: Hitmontop|atk|1\n|turn|1\n|\n|t:|1717647351\n|-terastallize|p2b: Orion|Ghost\n|move|p1a: Calyrex|Protect|p1a: Calyrex\n|-singleturn|p1a: Calyrex|Protect\n|move|p1b: Hitmontop|Coaching|p1a: Calyrex\n|-boost|p1a: Calyrex|atk|1\n|-boost|p1a: Calyrex|def|1\n|move|p2b: Orion|Knock Off|p1a: Calyrex\n|-activate|p1a: Calyrex|move: Protect\n|move|p2a: Wreath|Glacial Lance|p1b: Hitmontop|[spread] p1b\n|-activate|p1a: Calyrex|move: Protect\n|-damage|p1b: Hitmontop|34\/100\n|\n|upkeep\n|turn|2\n|\n|t:|1717647373\n|-terastallize|p1a: Calyrex|Fire\n|move|p1b: Hitmontop|Coaching|p1a: Calyrex\n|-boost|p1a: Calyrex|atk|1\n|-boost|p1a: Calyrex|def|1\n|move|p2b: Orion|Knock Off|p1a: Calyrex\n|-damage|p1a: Calyrex|90\/100\n|-enditem|p1a: Calyrex|Clear Amulet|[from] move: Knock Off|[of] p2b: Orion\n|move|p1a: Calyrex|Glacial Lance|p2a: Wreath|[spread] p2a,p2b\n|-resisted|p2a: Wreath\n|-crit|p2b: Orion\n|-damage|p2a: Wreath|67\/100\n|-damage|p2b: Orion|0 fnt\n|faint|p2b: Orion\n|-ability|p1a: Calyrex|Chilling Neigh|boost\n|-boost|p1a: Calyrex|atk|1\n|move|p2a: Wreath|Trick Room|p2a: Wreath\n|-fieldstart|move: Trick Room|[of] p2a: Wreath\n|\n|upkeep\n|\n|t:|1717647378\n|switch|p2b: Rosette|Amoonguss, L50, F, shiny|100\/100\n|turn|3\n|inactive|phononmode has 30 seconds left.\n|\n|t:|1717647410\n|move|p1b: Hitmontop|Wide Guard|p1b: Hitmontop\n|-singleturn|p1b: Hitmontop|Wide Guard\n|move|p2b: Rosette|Spore|p1a: Calyrex\n|-status|p1a: Calyrex|slp|[from] move: Spore\n|cant|p1a: Calyrex|slp\n|move|p2a: Wreath|High Horsepower|p1b: Hitmontop\n|-damage|p1b: Hitmontop|0 fnt\n|-damage|p2a: Wreath|51\/100|[from] item: Rocky Helmet|[of] p1b: Hitmontop\n|faint|p1b: Hitmontop\n|-ability|p2a: Wreath|Chilling Neigh|boost\n|-boost|p2a: Wreath|atk|1\n|\n|upkeep\n|\n|t:|1717647418\n|switch|p1b: Ting-Lu|Ting-Lu, L50|100\/100\n|-ability|p1b: Ting-Lu|Vessel of Ruin\n|turn|4\n|\n|t:|1717647432\n|switch|p1b: Skeledirge|Skeledirge, L50, F|100\/100\n|move|p2b: Rosette|Clear Smog|p1a: Calyrex\n|-damage|p1a: Calyrex|80\/100 slp\n|-clearboost|p1a: Calyrex\n|cant|p1a: Calyrex|slp\n|move|p2a: Wreath|High Horsepower|p1a: Calyrex\n|-supereffective|p1a: Calyrex\n|-damage|p1a: Calyrex|6\/100 slp\n|\n|upkeep\n|turn|5\n|\n|t:|1717647456\n|-curestatus|p1a: Calyrex|slp|[msg]\n|move|p1a: Calyrex|Protect|p1a: Calyrex\n|-singleturn|p1a: Calyrex|Protect\n|move|p2a: Wreath|Protect|p2a: Wreath\n|-singleturn|p2a: Wreath|Protect\n|move|p2b: Rosette|Clear Smog|p1a: Calyrex\n|-activate|p1a: Calyrex|move: Protect\n|move|p1b: Skeledirge|Will-O-Wisp|p2a: Wreath\n|-activate|p2a: Wreath|move: Protect\n|\n|upkeep\n|turn|6\n|\n|t:|1717647474\n|switch|p1a: Ting-Lu|Ting-Lu, L50|100\/100\n|-ability|p1a: Ting-Lu|Vessel of Ruin\n|move|p1b: Skeledirge|Protect|p1b: Skeledirge\n|-singleturn|p1b: Skeledirge|Protect\n|move|p2b: Rosette|Clear Smog|p1a: Ting-Lu\n|-resisted|p1a: Ting-Lu\n|-damage|p1a: Ting-Lu|98\/100\n|-clearboost|p1a: Ting-Lu\n|move|p2a: Wreath|High Horsepower|p1b: Skeledirge\n|-activate|p1b: Skeledirge|move: Protect\n|\n|-fieldend|move: Trick Room\n|upkeep\n|turn|7\n|inactive|phononmode has 30 seconds left.\n|\n|t:|1717647505\n|move|p2a: Wreath|Protect|p2a: Wreath\n|-singleturn|p2a: Wreath|Protect\n|move|p1b: Skeledirge|Torch Song|p2a: Wreath\n|-activate|p2a: Wreath|move: Protect\n|move|p1a: Ting-Lu|Stomping Tantrum|p2a: Wreath\n|-activate|p2a: Wreath|move: Protect\n|move|p2b: Rosette|Spore|p1b: Skeledirge\n|-activate|p1b: Skeledirge|item: Safety Goggles|Spore\n|\n|upkeep\n|turn|8\n|\n|t:|1717647528\n|move|p2b: Rosette|Rage Powder|p2b: Rosette\n|-singleturn|p2b: Rosette|move: Rage Powder\n|move|p1b: Skeledirge|Torch Song|p2a: Wreath\n|-supereffective|p2a: Wreath\n|-damage|p2a: Wreath|9\/100\n|-boost|p1b: Skeledirge|spa|1\n|move|p1a: Ting-Lu|Stomping Tantrum|p2b: Rosette\n|-damage|p2b: Rosette|70\/100\n|move|p2a: Wreath|Trick Room|p2a: Wreath\n|-fieldstart|move: Trick Room|[of] p2a: Wreath\n|\n|upkeep\n|turn|9\n|\n|t:|1717647557\n|move|p2b: Rosette|Clear Smog|p1b: Skeledirge\n|-resisted|p1b: Skeledirge\n|-damage|p1b: Skeledirge|95\/100\n|-clearboost|p1b: Skeledirge\n|move|p1a: Ting-Lu|Payback|p2a: Wreath\n|-supereffective|p2a: Wreath\n|-damage|p2a: Wreath|0 fnt\n|faint|p2a: Wreath\n|move|p1b: Skeledirge|Torch Song|p2b: Rosette\n|-supereffective|p2b: Rosette\n|-damage|p2b: Rosette|17\/100\n|-boost|p1b: Skeledirge|spa|1\n|\n|upkeep\n|-message|Therazer456 forfeited.\n|\n|win|phononmode\n|raw|phononmode's rating: 1696 &rarr; <strong>1717<\/strong><br \/>(+21 for winning)\n|raw|Therazer456's rating: 1710 &rarr; <strong>1689<\/strong><br \/>(-21 for losing)\n|l|\u2606Therazer456\n|player|p2|\n|l|\u2606phononmode\n|player|p1|\n","uploadtime":1717647836,"views":26,"formatid":"gen9vgc2024regg","rating":1689,"private":0,"password":null}