{"id":"gen9vgc2024regg-2137858445","format":"[Gen 9] VGC 2024 Reg G","players":["code_anish","phononmode"],"log":"|j|\u2606code_anish\n|j|\u2606phononmode\n|t:|1717647582\n|gametype|doubles\n|player|p1|code_anish|yellow|1819\n|player|p2|phononmode|twins-gen4dp|1717\n|teamsize|p1|6\n|teamsize|p2|6\n|gen|9\n|tier|[Gen 9] VGC 2024 Reg G\n|rated|\n|rule|Species Clause: Limit one of each Pok\u00e9mon\n|rule|Item Clause: Limit one of each item\n|clearpoke\n|poke|p1|Terapagos, L50, M|\n|poke|p1|Volcarona, L50, F|\n|poke|p1|Urshifu-*, L50, M|\n|poke|p1|Clefairy, L50, M|\n|poke|p1|Gholdengo, L50|\n|poke|p1|Rillaboom, L50, F|\n|poke|p2|Ting-Lu, L50|\n|poke|p2|Calyrex-Ice, L50|\n|poke|p2|Hitmontop, L50, M|\n|poke|p2|Rillaboom, L50, M|\n|poke|p2|Dondozo, L50, F|\n|poke|p2|Skeledirge, L50, M|\n|teampreview|4\nphononmode has agreed to open team sheets.\n|inactive|Battle timer is ON: inactive players will automatically lose when time's up. (requested by phononmode)\ncode_anish has agreed to open team sheets.\n|inactive|code_anish has 30 seconds left.\n|inactive|phononmode has 30 seconds left.\n|inactive|code_anish has 20 seconds left.\n|inactive|phononmode has 20 seconds left.\n|inactive|code_anish has 15 seconds left.\n|inactive|phononmode has 15 seconds left.\n|inactive|code_anish has 10 seconds left.\n|inactive|phononmode has 10 seconds left.\n|inactive|code_anish has 5 seconds left.\n|\n|t:|1717647644\n|start\n|switch|p1a: Gholdengo|Gholdengo, L50|100\/100\n|switch|p1b: Volcarona|Volcarona, L50, F|100\/100\n|switch|p2a: Rillaboom|Rillaboom, L50, M|100\/100\n|switch|p2b: Calyrex|Calyrex-Ice, L50|100\/100\n|-ability|p2b: Calyrex|As One\n|-ability|p2b: Calyrex|Unnerve\n|-fieldstart|move: Grassy Terrain|[from] ability: Grassy Surge|[of] p2a: Rillaboom\n|turn|1\n|inactive|code_anish has 30 seconds left.\n|inactive|phononmode has 30 seconds left.\n|\n|t:|1717647678\n|switch|p2a: Ting-Lu|Ting-Lu, L50|100\/100\n|-ability|p2a: Ting-Lu|Vessel of Ruin\n|-terastallize|p2b: Calyrex|Fire\n|move|p1a: Gholdengo|Power Gem|p2b: Calyrex\n|-supereffective|p2b: Calyrex\n|-damage|p2b: Calyrex|53\/100\n|move|p1b: Volcarona|Will-O-Wisp|p2a: Ting-Lu\n|-status|p2a: Ting-Lu|brn\n|move|p2b: Calyrex|Trick Room|p2b: Calyrex\n|-fieldstart|move: Trick Room|[of] p2b: Calyrex\n|\n|-heal|p2b: Calyrex|59\/100|[from] Grassy Terrain\n|-damage|p2a: Ting-Lu|94\/100 brn|[from] brn\n|upkeep\n|turn|2\n|inactive|phononmode has 30 seconds left.\n|\n|t:|1717647704\n|move|p1b: Volcarona|Rage Powder|p1b: Volcarona\n|-singleturn|p1b: Volcarona|move: Rage Powder\n|move|p2a: Ting-Lu|Ruination|p1b: Volcarona\n|-damage|p1b: Volcarona|50\/100\n|move|p2b: Calyrex|Glacial Lance|p1b: Volcarona|[spread] p1a,p1b\n|-resisted|p1a: Gholdengo\n|-resisted|p1b: Volcarona\n|-damage|p1a: Gholdengo|69\/100\n|-damage|p1b: Volcarona|24\/100\n|move|p1a: Gholdengo|Power Gem|p2b: Calyrex\n|-supereffective|p2b: Calyrex\n|-damage|p2b: Calyrex|14\/100\n|\n|-heal|p2a: Ting-Lu|100\/100 brn|[from] Grassy Terrain\n|-heal|p2b: Calyrex|19\/100|[from] Grassy Terrain\n|-heal|p1b: Volcarona|30\/100|[from] Grassy Terrain\n|-heal|p1a: Gholdengo|75\/100|[from] Grassy Terrain\n|-damage|p2a: Ting-Lu|94\/100 brn|[from] brn\n|upkeep\n|turn|3\n|\n|t:|1717647726\n|move|p1b: Volcarona|Rage Powder|p1b: Volcarona\n|-singleturn|p1b: Volcarona|move: Rage Powder\n|move|p2a: Ting-Lu|Ruination|p1b: Volcarona\n|-damage|p1b: Volcarona|16\/100\n|move|p2b: Calyrex|Glacial Lance|p1a: Gholdengo|[spread] p1a,p1b\n|-resisted|p1a: Gholdengo\n|-crit|p1a: Gholdengo\n|-resisted|p1b: Volcarona\n|-damage|p1a: Gholdengo|28\/100\n|-damage|p1b: Volcarona|0 fnt\n|faint|p1b: Volcarona\n|-ability|p2b: Calyrex|Chilling Neigh|boost\n|-boost|p2b: Calyrex|atk|1\n|move|p1a: Gholdengo|Power Gem|p2b: Calyrex\n|-supereffective|p2b: Calyrex\n|-damage|p2b: Calyrex|0 fnt\n|faint|p2b: Calyrex\n|\n|-heal|p2a: Ting-Lu|100\/100 brn|[from] Grassy Terrain\n|-heal|p1a: Gholdengo|34\/100|[from] Grassy Terrain\n|-damage|p2a: Ting-Lu|94\/100 brn|[from] brn\n|upkeep\n|\n|t:|1717647734\n|switch|p2b: Skeledirge|Skeledirge, L50, M|100\/100\n|switch|p1b: Rillaboom|Rillaboom, L50, F, shiny|100\/100\n|turn|4\n|inactive|code_anish has 30 seconds left.\n|\n|t:|1717647773\n|switch|p2a: Rillaboom|Rillaboom, L50, M|100\/100\n|switch|p1a: Urshifu|Urshifu-Rapid-Strike, L50, M|100\/100\n|-terastallize|p1b: Rillaboom|Fire\n|move|p1b: Rillaboom|Grassy Glide|p2a: Rillaboom\n|-resisted|p2a: Rillaboom\n|-damage|p2a: Rillaboom|83\/100\n|move|p2b: Skeledirge|Torch Song|p1a: Urshifu\n|-resisted|p1a: Urshifu\n|-damage|p1a: Urshifu|68\/100\n|-boost|p2b: Skeledirge|spa|1\n|\n|-heal|p2a: Rillaboom|88\/100|[from] Grassy Terrain\n|-heal|p1a: Urshifu|74\/100|[from] Grassy Terrain\n|upkeep\n|turn|5\n|inactive|phononmode has 30 seconds left.\n|inactive|phononmode has 20 seconds left.\n|inactive|phononmode has 15 seconds left.\n|inactive|phononmode has 10 seconds left.\n|\n|t:|1717647823\n|move|p1a: Urshifu|Protect|p1a: Urshifu\n|-singleturn|p1a: Urshifu|Protect\n|move|p2b: Skeledirge|Shadow Ball|p1b: Rillaboom\n|-damage|p1b: Rillaboom|59\/100\n|move|p2a: Rillaboom|U-turn|p1b: Rillaboom\n|-resisted|p1b: Rillaboom\n|-damage|p1b: Rillaboom|48\/100\n|\n|t:|1717647830\n|switch|p2a: Ting-Lu|Ting-Lu, L50|94\/100 brn|[from] U-turn\n|-ability|p2a: Ting-Lu|Vessel of Ruin\n|move|p1b: Rillaboom|U-turn|p2a: Ting-Lu\n|-supereffective|p2a: Ting-Lu\n|-damage|p2a: Ting-Lu|64\/100 brn\n|\n|t:|1717647833\n|switch|p1b: Gholdengo|Gholdengo, L50|34\/100|[from] U-turn\n|\n|-heal|p2a: Ting-Lu|70\/100 brn|[from] Grassy Terrain\n|-heal|p1b: Gholdengo|40\/100|[from] Grassy Terrain\n|-heal|p1a: Urshifu|81\/100|[from] Grassy Terrain\n|-damage|p2a: Ting-Lu|64\/100 brn|[from] brn\n|-fieldend|move: Trick Room\n|-fieldend|move: Grassy Terrain\n|upkeep\n|turn|6\n|\n|t:|1717647854\n|switch|p2b: Rillaboom|Rillaboom, L50, M|88\/100\n|-fieldstart|move: Grassy Terrain|[from] ability: Grassy Surge|[of] p2b: Rillaboom\n|move|p1a: Urshifu|Surging Strikes|p2b: Rillaboom\n|-resisted|p2b: Rillaboom\n|-crit|p2b: Rillaboom\n|-damage|p2b: Rillaboom|78\/100\n|-resisted|p2b: Rillaboom\n|-crit|p2b: Rillaboom\n|-damage|p2b: Rillaboom|69\/100\n|-resisted|p2b: Rillaboom\n|-crit|p2b: Rillaboom\n|-damage|p2b: Rillaboom|58\/100\n|-hitcount|p2b: Rillaboom|3\n|move|p1b: Gholdengo|Make It Rain|p2b: Rillaboom|[spread] p2a,p2b\n|-damage|p2a: Ting-Lu|39\/100 brn\n|-damage|p2b: Rillaboom|0 fnt\n|-unboost|p1b: Gholdengo|spa|1\n|faint|p2b: Rillaboom\n|move|p2a: Ting-Lu|Payback|p1b: Gholdengo\n|-supereffective|p1b: Gholdengo\n|-damage|p1b: Gholdengo|0 fnt\n|faint|p1b: Gholdengo\n|\n|-heal|p1a: Urshifu|87\/100|[from] Grassy Terrain\n|-heal|p2a: Ting-Lu|45\/100 brn|[from] Grassy Terrain\n|-damage|p2a: Ting-Lu|39\/100 brn|[from] brn\n|upkeep\n|\n|t:|1717647868\n|switch|p1b: Rillaboom|Rillaboom, L50, F, shiny, tera:Fire|48\/100\n|switch|p2b: Skeledirge|Skeledirge, L50, M|100\/100\n|turn|7\n|\n|t:|1717647878\n|move|p1a: Urshifu|Surging Strikes|p2b: Skeledirge\n|-supereffective|p2b: Skeledirge\n|-crit|p2b: Skeledirge\n|-damage|p2b: Skeledirge|65\/100\n|-supereffective|p2b: Skeledirge\n|-crit|p2b: Skeledirge\n|-damage|p2b: Skeledirge|28\/100\n|-supereffective|p2b: Skeledirge\n|-crit|p2b: Skeledirge\n|-damage|p2b: Skeledirge|0 fnt\n|faint|p2b: Skeledirge\n|-hitcount|p2: Skeledirge|3\n|move|p1b: Rillaboom|Wood Hammer|p2a: Ting-Lu\n|-supereffective|p2a: Ting-Lu\n|-damage|p2a: Ting-Lu|0 fnt\n|faint|p2a: Ting-Lu\n|-damage|p1b: Rillaboom|32\/100|[from] Recoil\n|\n|win|code_anish\n|raw|code_anish's rating: 1819 &rarr; <strong>1833<\/strong><br \/>(+14 for winning)\n|raw|phononmode's rating: 1717 &rarr; <strong>1703<\/strong><br \/>(-14 for losing)\n|l|\u2606phononmode\n|player|p2|\n|l|\u2606code_anish\n|player|p1|\n","uploadtime":1717648113,"views":58,"formatid":"gen9vgc2024regg","rating":1703,"private":0,"password":null}