{"id":"gen9vgc2024regg-2137125404","format":"[Gen 9] VGC 2024 Reg G","players":["KSunfr","luca8"],"log":"|j|\u2606KSunfr\n|j|\u2606luca8\n|t:|1717552462\n|gametype|doubles\n|player|p1|KSunfr|dancer|1733\n|player|p2|luca8|flint|1664\n|teamsize|p1|6\n|teamsize|p2|6\n|gen|9\n|tier|[Gen 9] VGC 2024 Reg G\n|rated|\n|rule|Species Clause: Limit one of each Pok\u00e9mon\n|rule|Item Clause: Limit one of each item\n|clearpoke\n|poke|p1|Terapagos, L50, M|\n|poke|p1|Urshifu-*, L50, F|\n|poke|p1|Chi-Yu, L50|\n|poke|p1|Flutter Mane, L50|\n|poke|p1|Iron Hands, L50|\n|poke|p1|Grimmsnarl, L50, M|\n|poke|p2|Urshifu-*, L50, F|\n|poke|p2|Calyrex-Ice, L50|\n|poke|p2|Rillaboom, L50, F|\n|poke|p2|Farigiraf, L50, F|\n|poke|p2|Primarina, L50, M|\n|poke|p2|Grimmsnarl, L50, M|\n|teampreview|4\n|inactive|Battle timer is ON: inactive players will automatically lose when time's up. (requested by KSunfr)\n|inactive|luca8 has 60 seconds left.\n|\n|t:|1717552504\n|start\n|switch|p1a: Grimmsnarl|Grimmsnarl, L50, M|100\/100\n|switch|p1b: Iron Hands|Iron Hands, L50|100\/100\n|switch|p2a: Calyrex|Calyrex-Ice, L50|100\/100\n|switch|p2b: Grimmsnarl|Grimmsnarl, L50, M|100\/100\n|-ability|p2a: Calyrex|As One\n|-ability|p2a: Calyrex|Unnerve\n|turn|1\n|j| OlivierVGC\n|inactive|luca8 has 30 seconds left.\n|\n|t:|1717552530\n|-terastallize|p2a: Calyrex|Fire\n|move|p1a: Grimmsnarl|Foul Play|p2a: Calyrex\n|-damage|p2a: Calyrex|63\/100\n|move|p2b: Grimmsnarl|Spirit Break|p1a: Grimmsnarl\n|-supereffective|p1a: Grimmsnarl\n|-damage|p1a: Grimmsnarl|28\/100\n|-unboost|p1a: Grimmsnarl|spa|1\n|move|p1b: Iron Hands|Drain Punch|p2b: Grimmsnarl\n|-damage|p2b: Grimmsnarl|54\/100\n|move|p2a: Calyrex|Glacial Lance|p1b: Iron Hands|[spread] p1a,p1b\n|-damage|p1a: Grimmsnarl|0 fnt\n|-damage|p1b: Iron Hands|60\/100\n|faint|p1a: Grimmsnarl\n|-ability|p2a: Calyrex|Chilling Neigh|boost\n|-boost|p2a: Calyrex|atk|1\n|\n|upkeep\n|\n|t:|1717552551\n|switch|p1a: Terapagos|Terapagos, L50, M|100\/100\n|-activate|p1a: Terapagos|ability: Tera Shift\n|detailschange|p1a: Terapagos|Terapagos-Terastal, L50, M\n|-heal|p1a: Terapagos|100\/100|[silent]\n|turn|2\n|\n|t:|1717552566\n|-terastallize|p1a: Terapagos|Stellar\n|detailschange|p1a: Terapagos|Terapagos-Stellar, L50, M, tera:Stellar\n|-heal|p1a: Terapagos|100\/100|[silent]\n|move|p2a: Calyrex|Protect|p2a: Calyrex\n|-singleturn|p2a: Calyrex|Protect\n|move|p2b: Grimmsnarl|Parting Shot|p1a: Terapagos\n|-unboost|p1a: Terapagos|atk|1\n|-unboost|p1a: Terapagos|spa|1\n|\n|t:|1717552583\n|switch|p2b: Rillaboom|Rillaboom, L50, F|100\/100|[from] Parting Shot\n|-fieldstart|move: Grassy Terrain|[from] ability: Grassy Surge|[of] p2b: Rillaboom\n|move|p1a: Terapagos|Tera Starstorm|p2a: Calyrex|[spread] p2b\n|-activate|p2a: Calyrex|move: Protect\n|-damage|p2b: Rillaboom|68\/100\n|move|p1b: Iron Hands|Drain Punch|p2b: Rillaboom\n|-damage|p2b: Rillaboom|31\/100\n|-heal|p1b: Iron Hands|74\/100|[from] drain|[of] p2b: Rillaboom\n|\n|-heal|p2b: Rillaboom|37\/100|[from] Grassy Terrain\n|-heal|p1b: Iron Hands|80\/100|[from] Grassy Terrain\n|-heal|p2a: Calyrex|69\/100|[from] Grassy Terrain\n|upkeep\n|turn|3\n|\n|t:|1717552603\n|move|p2b: Rillaboom|Fake Out|p1a: Terapagos\n|-damage|p1a: Terapagos|90\/100\n|cant|p1a: Terapagos|flinch\n|move|p1b: Iron Hands|Drain Punch|p2b: Rillaboom\n|-damage|p2b: Rillaboom|0 fnt\n|-heal|p1b: Iron Hands|95\/100|[from] drain|[of] p2b: Rillaboom\n|faint|p2b: Rillaboom\n|move|p2a: Calyrex|Trick Room|p2a: Calyrex\n|-fieldstart|move: Trick Room|[of] p2a: Calyrex\n|\n|-heal|p2a: Calyrex|75\/100|[from] Grassy Terrain\n|-heal|p1b: Iron Hands|100\/100|[from] Grassy Terrain\n|-heal|p1a: Terapagos|96\/100|[from] Grassy Terrain\n|upkeep\n|\n|t:|1717552623\n|switch|p2b: Grimmsnarl|Grimmsnarl, L50, M|54\/100\n|turn|4\n|\n|t:|1717552639\n|move|p2b: Grimmsnarl|Fake Out|p1b: Iron Hands\n|-damage|p1b: Iron Hands|90\/100\n|move|p2a: Calyrex|Glacial Lance|p1b: Iron Hands|[spread] p1a,p1b\n|-damage|p1a: Terapagos|35\/100\n|-damage|p1b: Iron Hands|25\/100\n|cant|p1b: Iron Hands|flinch\n|move|p1a: Terapagos|Tera Starstorm|p2b: Grimmsnarl|[spread] p2a,p2b\n|-supereffective|p2a: Calyrex\n|-damage|p2a: Calyrex|22\/100\n|-damage|p2b: Grimmsnarl|5\/100\n|\n|-heal|p2a: Calyrex|28\/100|[from] Grassy Terrain\n|-heal|p1b: Iron Hands|31\/100|[from] Grassy Terrain\n|-heal|p2b: Grimmsnarl|11\/100|[from] Grassy Terrain\n|-heal|p1a: Terapagos|41\/100|[from] Grassy Terrain\n|upkeep\n|turn|5\n|inactive|KSunfr has 30 seconds left.\n|\n|t:|1717552674\n|move|p2b: Grimmsnarl|Parting Shot|p1b: Iron Hands\n|-unboost|p1b: Iron Hands|atk|1\n|-unboost|p1b: Iron Hands|spa|1\n|\n|t:|1717552678\n|switch|p2b: Farigiraf|Farigiraf, L50, F|100\/100|[from] Parting Shot\n|-enditem|p2b: Farigiraf|Grassy Seed\n|-boost|p2b: Farigiraf|def|1|[from] item: Grassy Seed\n|move|p2a: Calyrex|Glacial Lance|p1b: Iron Hands|[spread] p1a,p1b\n|-damage|p1a: Terapagos|0 fnt\n|-damage|p1b: Iron Hands|0 fnt\n|faint|p1a: Terapagos\n|faint|p1b: Iron Hands\n|-end|p1b: Iron Hands|Quark Drive|[silent]\n|-ability|p2a: Calyrex|Chilling Neigh|boost\n|-boost|p2a: Calyrex|atk|2\n|\n|-heal|p2a: Calyrex|34\/100|[from] Grassy Terrain\n|upkeep\n|\n|t:|1717552693\n|switch|p1b: Urshifu|Urshifu-Rapid-Strike, L50, F|100\/100\n|turn|6\n|\n|t:|1717552704\n|move|p1b: Urshifu|Detect|p1b: Urshifu\n|-singleturn|p1b: Urshifu|Protect\n|move|p2a: Calyrex|Glacial Lance|p1b: Urshifu\n|-activate|p1b: Urshifu|move: Protect\n|move|p2b: Farigiraf|Psychic|p1b: Urshifu\n|-activate|p1b: Urshifu|move: Protect\n|\n|-heal|p2a: Calyrex|40\/100|[from] Grassy Terrain\n|-fieldend|move: Grassy Terrain\n|upkeep\n|turn|7\n|\n|t:|1717552719\n|move|p1b: Urshifu|Detect|p1b: Urshifu\n|-singleturn|p1b: Urshifu|Protect\n|move|p2a: Calyrex|Glacial Lance|p1b: Urshifu\n|-activate|p1b: Urshifu|move: Protect\n|move|p2b: Farigiraf|Psychic|p1b: Urshifu\n|-activate|p1b: Urshifu|move: Protect\n|\n|-fieldend|move: Trick Room\n|upkeep\n|turn|8\n|\n|t:|1717552738\n|move|p1b: Urshifu|Surging Strikes|p2b: Farigiraf\n|-crit|p2b: Farigiraf\n|-damage|p2b: Farigiraf|76\/100\n|-crit|p2b: Farigiraf\n|-damage|p2b: Farigiraf|54\/100\n|-crit|p2b: Farigiraf\n|-damage|p2b: Farigiraf|29\/100\n|-hitcount|p2b: Farigiraf|3\n|move|p2b: Farigiraf|Psychic|p1b: Urshifu\n|-supereffective|p1b: Urshifu\n|-damage|p1b: Urshifu|17\/100\n|move|p2a: Calyrex|Glacial Lance|p1b: Urshifu\n|-resisted|p1b: Urshifu\n|-damage|p1b: Urshifu|0 fnt\n|faint|p1b: Urshifu\n|\n|win|luca8\n|raw|KSunfr's rating: 1733 &rarr; <strong>1709<\/strong><br \/>(-24 for losing)\n|raw|luca8's rating: 1664 &rarr; <strong>1688<\/strong><br \/>(+24 for winning)\n|l|\u2606KSunfr\n|player|p1|\n|l|\u2606luca8\n|player|p2|\n|l| OlivierVGC\n","uploadtime":1717552902,"views":45,"formatid":"gen9vgc2024regg","rating":1688,"private":0,"password":null}