{"id":"gen9vgc2024regg-2137579340","format":"[Gen 9] VGC 2024 Reg G","players":["pkmnallrounder","Zonavideovigilada"],"log":"|j|\u2606pkmnallrounder\n|j|\u2606Zonavideovigilada\n|t:|1717612726\n|gametype|doubles\n|player|p1|pkmnallrounder|serena|1715\n|player|p2|Zonavideovigilada|1|1716\n|teamsize|p1|6\n|teamsize|p2|6\n|gen|9\n|tier|[Gen 9] VGC 2024 Reg G\n|rated|\n|rule|Species Clause: Limit one of each Pok\u00e9mon\n|rule|Item Clause: Limit one of each item\n|clearpoke\n|poke|p1|Koraidon, L50|\n|poke|p1|Whimsicott, L50, M|\n|poke|p1|Flutter Mane, L50|\n|poke|p1|Typhlosion-Hisui, L50, F|\n|poke|p1|Raging Bolt, L50|\n|poke|p1|Tsareena, L50, F|\n|poke|p2|Urshifu-*, L50, F|\n|poke|p2|Pelipper, L50, F|\n|poke|p2|Zacian-*, L50|\n|poke|p2|Chien-Pao, L50|\n|poke|p2|Rillaboom, L50, F|\n|poke|p2|Dragonite, L50, F|\n|teampreview|4\n|\n|t:|1717612744\n|start\n|switch|p1a: Flutter Mane|Flutter Mane, L50|100\/100\n|switch|p1b: Koraidon|Koraidon, L50|100\/100\n|switch|p2a: Zacian|Zacian-Crowned, L50|100\/100\n|switch|p2b: Chien-Pao|Chien-Pao, L50|100\/100\n|-ability|p2a: Zacian|Intrepid Sword|boost\n|-boost|p2a: Zacian|atk|1\n|-ability|p2b: Chien-Pao|Sword of Ruin\n|-weather|SunnyDay|[from] ability: Orichalcum Pulse|[of] p1b: Koraidon\n|-activate|p1a: Flutter Mane|ability: Protosynthesis\n|-start|p1a: Flutter Mane|protosynthesisspa\n|-activate|p1b: Koraidon|Orichalcum Pulse|[source]\n|turn|1\n|inactive|Battle timer is ON: inactive players will automatically lose when time's up. (requested by Zonavideovigilada)\n|\n|t:|1717612777\n|switch|p2b: Pelipper|Pelipper, L50, F|100\/100\n|-weather|RainDance|[from] ability: Drizzle|[of] p2b: Pelipper\n|-end|p1a: Flutter Mane|Protosynthesis\n|-terastallize|p1b: Koraidon|Fire\n|move|p2a: Zacian|Behemoth Blade|p1a: Flutter Mane\n|-supereffective|p1a: Flutter Mane\n|-enditem|p1a: Flutter Mane|Focus Sash\n|-damage|p1a: Flutter Mane|1\/100\n|move|p1b: Koraidon|Collision Course|p2a: Zacian\n|-damage|p2a: Zacian|43\/100\n|-damage|p1b: Koraidon|91\/100|[from] item: Life Orb\n|move|p1a: Flutter Mane|Dazzling Gleam|p2b: Pelipper|[spread] p2a,p2b\n|-resisted|p2a: Zacian\n|-damage|p2a: Zacian|29\/100\n|-damage|p2b: Pelipper|54\/100\n|\n|-weather|RainDance|[upkeep]\n|upkeep\n|turn|2\n|inactive|pkmnallrounder has 30 seconds left.\n|inactive|Zonavideovigilada has 30 seconds left.\n|inactive|pkmnallrounder has 20 seconds left.\n|inactive|Zonavideovigilada has 20 seconds left.\n|inactive|Zonavideovigilada has 15 seconds left.\n|inactive|Zonavideovigilada has 10 seconds left.\n|\n|t:|1717612824\n|-end|p1a: Flutter Mane|Protosynthesis|[silent]\n|switch|p1a: Tsareena|Tsareena, L50, F|100\/100\n|switch|p2b: Dragonite|Dragonite, L50, F|100\/100\n|move|p2a: Zacian|Behemoth Blade|p1a: Tsareena\n|-damage|p1a: Tsareena|21\/100\n|move|p1b: Koraidon|Dragon Claw|p2b: Dragonite\n|-supereffective|p2b: Dragonite\n|-damage|p2b: Dragonite|0 fnt\n|faint|p2b: Dragonite\n|-damage|p1b: Koraidon|81\/100|[from] item: Life Orb\n|\n|-weather|RainDance|[upkeep]\n|upkeep\n|\n|t:|1717612845\n|switch|p2b: Pelipper|Pelipper, L50, F|54\/100\n|turn|3\n|\n|t:|1717612860\n|move|p1a: Tsareena|Protect|p1a: Tsareena\n|-singleturn|p1a: Tsareena|Protect\n|move|p2a: Zacian|Behemoth Blade|p1a: Tsareena\n|-activate|p1a: Tsareena|move: Protect\n|move|p1b: Koraidon|Dragon Claw|p2b: Pelipper\n|-damage|p2b: Pelipper|0 fnt\n|-damage|p1b: Koraidon|64\/100|[from] item: Rocky Helmet|[of] p2b: Pelipper\n|faint|p2b: Pelipper\n|-damage|p1b: Koraidon|55\/100|[from] item: Life Orb\n|\n|-weather|RainDance|[upkeep]\n|upkeep\n|\n|t:|1717612869\n|switch|p2b: Chien-Pao|Chien-Pao, L50|100\/100\n|-ability|p2b: Chien-Pao|Sword of Ruin\n|turn|4\n|inactive|pkmnallrounder has 30 seconds left.\n|inactive|pkmnallrounder has 20 seconds left.\n|\n|t:|1717612909\n|switch|p1b: Typhlosion|Typhlosion-Hisui, L50, F|100\/100\n|-item|p2a: Zacian|Rusted Sword|[from] ability: Frisk|[of] p1b: Typhlosion|[identify]\n|-item|p2b: Chien-Pao|Focus Sash|[from] ability: Frisk|[of] p1b: Typhlosion|[identify]\n|switch|p1a: Flutter Mane|Flutter Mane, L50|1\/100\n|move|p2a: Zacian|Close Combat|p1b: Typhlosion\n|-immune|p1b: Typhlosion\n|move|p2b: Chien-Pao|Icicle Crash|p1a: Flutter Mane\n|-damage|p1a: Flutter Mane|0 fnt\n|faint|p1a: Flutter Mane\n|-end|p1a: Flutter Mane|Protosynthesis|[silent]\n|\n|-weather|RainDance|[upkeep]\n|upkeep\n|\n|t:|1717612923\n|switch|p1a: Koraidon|Koraidon, L50, tera:Fire|55\/100\n|-weather|SunnyDay|[from] ability: Orichalcum Pulse|[of] p1a: Koraidon\n|-activate|p1a: Koraidon|Orichalcum Pulse|[source]\n|turn|5\n|j| UI Rain\n|inactive|Zonavideovigilada has 30 seconds left.\n|inactive|Zonavideovigilada has 20 seconds left.\n|inactive|Zonavideovigilada has 15 seconds left.\n|\n|t:|1717612966\n|switch|p1a: Tsareena|Tsareena, L50, F|21\/100\n|move|p2b: Chien-Pao|Protect|p2b: Chien-Pao\n|-singleturn|p2b: Chien-Pao|Protect\n|move|p1b: Typhlosion|Eruption|p2a: Zacian|[spread] p2a\n|-activate|p2b: Chien-Pao|move: Protect\n|-supereffective|p2a: Zacian\n|-damage|p2a: Zacian|0 fnt\n|faint|p2a: Zacian\n|\n|-weather|SunnyDay|[upkeep]\n|upkeep\n|turn|6\n|\n|t:|1717612981\n|-terastallize|p2b: Chien-Pao|Ghost\n|move|p1b: Typhlosion|Eruption|p2b: Chien-Pao\n|-enditem|p2b: Chien-Pao|Focus Sash\n|-damage|p2b: Chien-Pao|1\/100\n|move|p2b: Chien-Pao|Icicle Crash|p1a: Tsareena\n|-supereffective|p1a: Tsareena\n|-damage|p1a: Tsareena|0 fnt\n|faint|p1a: Tsareena\n|\n|-weather|SunnyDay|[upkeep]\n|upkeep\n|\n|t:|1717612986\n|switch|p1a: Koraidon|Koraidon, L50, tera:Fire|55\/100\n|-activate|p1a: Koraidon|ability: Orichalcum Pulse\n|turn|7\n|\n|t:|1717612995\n|move|p2b: Chien-Pao|Sucker Punch|p1b: Typhlosion\n|-supereffective|p1b: Typhlosion\n|-damage|p1b: Typhlosion|0 fnt\n|faint|p1b: Typhlosion\n|move|p1a: Koraidon|Dragon Claw|p2b: Chien-Pao\n|-damage|p2b: Chien-Pao|0 fnt\n|faint|p2b: Chien-Pao\n|-damage|p1a: Koraidon|45\/100|[from] item: Life Orb\n|\n|win|pkmnallrounder\n|raw|pkmnallrounder's rating: 1715 &rarr; <strong>1735<\/strong><br \/>(+20 for winning)\n|raw|Zonavideovigilada's rating: 1716 &rarr; <strong>1696<\/strong><br \/>(-20 for losing)\n|c|\u2606pkmnallrounder|Gg\n|c|\u2606Zonavideovigilada|Gg\n|l|\u2606Zonavideovigilada\n|player|p2|\n|l|\u2606pkmnallrounder\n|player|p1|\n","uploadtime":1717613063,"views":15,"formatid":"gen9vgc2024regg","rating":1696,"private":0,"password":null}