{"id":"gen9vgc2024regg-2137861929","format":"[Gen 9] VGC 2024 Reg G","players":["phononmode","Therazer456"],"log":"|j|\u2606phononmode\n|j|\u2606Therazer456\n|t:|1717648167\n|gametype|doubles\n|player|p1|phononmode|twins-gen4dp|1711\n|player|p2|Therazer456|ghetsis|1653\n|teamsize|p1|6\n|teamsize|p2|6\n|gen|9\n|tier|[Gen 9] VGC 2024 Reg G\n|rated|\n|rule|Species Clause: Limit one of each Pok\u00e9mon\n|rule|Item Clause: Limit one of each item\n|clearpoke\n|poke|p1|Ting-Lu, L50|\n|poke|p1|Calyrex-Ice, L50|\n|poke|p1|Hitmontop, L50, M|\n|poke|p1|Rillaboom, L50, F|\n|poke|p1|Dondozo, L50, F|\n|poke|p1|Skeledirge, L50, M|\n|poke|p2|Calyrex-Ice, L50|\n|poke|p2|Porygon2, L50|\n|poke|p2|Raging Bolt, L50|\n|poke|p2|Incineroar, L50, M|\n|poke|p2|Iron Jugulis, L50|\n|poke|p2|Amoonguss, L50, F|\n|teampreview|4\nphononmode has agreed to open team sheets.\n|inactive|Battle timer is ON: inactive players will automatically lose when time's up. (requested by phononmode)\n|j| michaevgc23\n|l| michaevgc23\n|inactive|Therazer456 has 60 seconds left.\n|j| michaevgc23\n|l| michaevgc23\n|inactive|Therazer456 has 30 seconds left.\n|\n|t:|1717648246\n|start\n|switch|p1a: Hitmontop|Hitmontop, L50, M|100\/100\n|switch|p1b: Calyrex|Calyrex-Ice, L50|100\/100\n|switch|p2a: Wreath|Calyrex-Ice, L50|100\/100\n|switch|p2b: Rosette|Amoonguss, L50, F, shiny|100\/100\n|-ability|p2a: Wreath|As One\n|-ability|p2a: Wreath|Unnerve\n|-ability|p1b: Calyrex|As One\n|-ability|p1b: Calyrex|Unnerve\n|-ability|p1a: Hitmontop|Intimidate|boost\n|-fail|p2a: Wreath|unboost|[from] item: Clear Amulet|[of] p2a: Wreath\n|-unboost|p2b: Rosette|atk|1\n|turn|1\n|inactive|Therazer456 has 30 seconds left.\n|\n|t:|1717648279\n|-terastallize|p2b: Rosette|Water\n|move|p1a: Hitmontop|Coaching|p1b: Calyrex\n|-boost|p1b: Calyrex|atk|1\n|-boost|p1b: Calyrex|def|1\n|move|p2a: Wreath|Glacial Lance|p1a: Hitmontop|[spread] p1a,p1b\n|-resisted|p1b: Calyrex\n|-damage|p1a: Hitmontop|30\/100\n|-damage|p1b: Calyrex|90\/100\n|move|p1b: Calyrex|Glacial Lance|p2b: Rosette|[spread] p2a,p2b\n|-resisted|p2a: Wreath\n|-resisted|p2b: Rosette\n|-damage|p2a: Wreath|76\/100\n|-damage|p2b: Rosette|66\/100\n|move|p2b: Rosette|Spore|p1b: Calyrex\n|-status|p1b: Calyrex|slp|[from] move: Spore\n|\n|upkeep\n|turn|2\n|\n|t:|1717648292\n|move|p1a: Hitmontop|Coaching|p1b: Calyrex\n|-boost|p1b: Calyrex|atk|1\n|-boost|p1b: Calyrex|def|1\n|cant|p1b: Calyrex|slp\n|move|p2b: Rosette|Clear Smog|p1b: Calyrex\n|-damage|p1b: Calyrex|79\/100 slp\n|-clearboost|p1b: Calyrex\n|move|p2a: Wreath|Trick Room|p2a: Wreath\n|-fieldstart|move: Trick Room|[of] p2a: Wreath\n|\n|upkeep\n|turn|3\n|inactive|Therazer456 has 30 seconds left.\n|inactive|Therazer456 has 20 seconds left.\n|inactive|Therazer456 has 15 seconds left.\n|\n|t:|1717648334\n|switch|p1a: Skeledirge|Skeledirge, L50, M|100\/100\n|move|p2b: Rosette|Pollen Puff|p2a: Wreath\n|-heal|p2a: Wreath|100\/100\n|cant|p1b: Calyrex|slp\n|move|p2a: Wreath|Glacial Lance|p1a: Skeledirge|[spread] p1a,p1b\n|-resisted|p1a: Skeledirge\n|-crit|p1a: Skeledirge\n|-resisted|p1b: Calyrex\n|-damage|p1a: Skeledirge|66\/100\n|-damage|p1b: Calyrex|64\/100 slp\n|\n|upkeep\n|turn|4\n|\n|t:|1717648349\n|move|p1a: Skeledirge|Protect|p1a: Skeledirge\n|-singleturn|p1a: Skeledirge|Protect\n|move|p2b: Rosette|Pollen Puff|p1a: Skeledirge\n|-activate|p1a: Skeledirge|move: Protect\n|-curestatus|p1b: Calyrex|slp|[msg]\n|move|p1b: Calyrex|Glacial Lance|p2b: Rosette|[spread] p2a,p2b\n|-resisted|p2a: Wreath\n|-resisted|p2b: Rosette\n|-damage|p2a: Wreath|83\/100\n|-damage|p2b: Rosette|42\/100\n|move|p2a: Wreath|High Horsepower|p1a: Skeledirge\n|-activate|p1a: Skeledirge|move: Protect\n|\n|upkeep\n|turn|5\n|\n|t:|1717648367\n|switch|p1a: Dondozo|Dondozo, L50, F|100\/100\n|move|p2b: Rosette|Spore|p1b: Calyrex\n|-status|p1b: Calyrex|slp|[from] move: Spore\n|cant|p1b: Calyrex|slp\n|move|p2a: Wreath|High Horsepower|p1a: Dondozo\n|-damage|p1a: Dondozo|75\/100\n|\n|-heal|p1a: Dondozo|81\/100|[from] item: Leftovers\n|upkeep\n|turn|6\n|\n|t:|1717648389\n|switch|p2b: Orion|Incineroar, L50, M, shiny|100\/100\n|-ability|p2b: Orion|Intimidate|boost\n|-unboost|p1a: Dondozo|atk|1\n|-fail|p1b: Calyrex|unboost|[from] item: Clear Amulet|[of] p1b: Calyrex\n|move|p1a: Dondozo|Protect|p1a: Dondozo\n|-singleturn|p1a: Dondozo|Protect\n|move|p2a: Wreath|Protect|p2a: Wreath\n|-singleturn|p2a: Wreath|Protect\n|cant|p1b: Calyrex|slp\n|\n|-heal|p1a: Dondozo|88\/100|[from] item: Leftovers\n|-fieldend|move: Trick Room\n|upkeep\n|turn|7\n|j| bluestraggler01\n|\n|t:|1717648413\n|move|p2b: Orion|Knock Off|p1b: Calyrex\n|-supereffective|p1b: Calyrex\n|-damage|p1b: Calyrex|5\/100 slp\n|-enditem|p1b: Calyrex|Clear Amulet|[from] move: Knock Off|[of] p2b: Orion\n|move|p2a: Wreath|Glacial Lance|p1a: Dondozo|[spread] p1a,p1b\n|-resisted|p1a: Dondozo\n|-resisted|p1b: Calyrex\n|-damage|p1a: Dondozo|72\/100\n|-damage|p1b: Calyrex|0 fnt\n|faint|p1b: Calyrex\n|-ability|p2a: Wreath|Chilling Neigh|boost\n|-boost|p2a: Wreath|atk|1\n|move|p1a: Dondozo|Curse|p1a: Dondozo\n|-unboost|p1a: Dondozo|spe|1\n|-boost|p1a: Dondozo|atk|1\n|-boost|p1a: Dondozo|def|1\n|\n|-heal|p1a: Dondozo|78\/100|[from] item: Leftovers\n|upkeep\n|\n|t:|1717648420\n|switch|p1b: Skeledirge|Skeledirge, L50, M|66\/100\n|turn|8\n|\n|t:|1717648445\n|switch|p2a: Duck Mark 2|Porygon2, L50, shiny|100\/100\n|-ability|p2a: Duck Mark 2|Download|boost\n|-boost|p2a: Duck Mark 2|spa|1\n|move|p1b: Skeledirge|Protect|p1b: Skeledirge\n|-singleturn|p1b: Skeledirge|Protect\n|move|p2b: Orion|Knock Off|p1b: Skeledirge\n|-activate|p1b: Skeledirge|move: Protect\n|move|p1a: Dondozo|Body Press|p2b: Orion\n|-supereffective|p2b: Orion\n|-damage|p2b: Orion|41\/100\n|\n|-heal|p1a: Dondozo|85\/100|[from] item: Leftovers\n|upkeep\n|turn|9\n|\n|t:|1717648463\n|switch|p1b: Hitmontop|Hitmontop, L50, M|30\/100\n|-ability|p1b: Hitmontop|Intimidate|boost\n|-unboost|p2a: Duck Mark 2|atk|1\n|-unboost|p2b: Orion|atk|1\n|move|p2b: Orion|Knock Off|p1b: Hitmontop\n|-resisted|p1b: Hitmontop\n|-damage|p1b: Hitmontop|9\/100\n|-damage|p2b: Orion|25\/100|[from] item: Rocky Helmet|[of] p1b: Hitmontop\n|-enditem|p1b: Hitmontop|Rocky Helmet|[from] move: Knock Off|[of] p2b: Orion\n|move|p2a: Duck Mark 2|Tera Blast|p1a: Dondozo\n|-damage|p1a: Dondozo|60\/100\n|move|p1a: Dondozo|Body Press|p2b: Orion\n|-supereffective|p2b: Orion\n|-damage|p2b: Orion|0 fnt\n|faint|p2b: Orion\n|\n|-heal|p1a: Dondozo|66\/100|[from] item: Leftovers\n|upkeep\n|inactive|Therazer456 has 30 seconds left.\n|\n|t:|1717648492\n|switch|p2b: Wreath|Calyrex-Ice, L50|83\/100\n|-ability|p2b: Wreath|As One\n|-ability|p2b: Wreath|Unnerve\n|turn|10\n|\n|t:|1717648510\n|move|p1b: Hitmontop|Close Combat|p2a: Duck Mark 2\n|-supereffective|p2a: Duck Mark 2\n|-damage|p2a: Duck Mark 2|40\/100\n|-unboost|p1b: Hitmontop|def|1\n|-unboost|p1b: Hitmontop|spd|1\n|move|p2a: Duck Mark 2|Tera Blast|p1a: Dondozo\n|-damage|p1a: Dondozo|45\/100\n|move|p1a: Dondozo|Body Press|p2a: Duck Mark 2\n|-supereffective|p2a: Duck Mark 2\n|-damage|p2a: Duck Mark 2|3\/100\n|move|p2b: Wreath|Trick Room|p2b: Wreath\n|-fieldstart|move: Trick Room|[of] p2b: Wreath\n|\n|-heal|p1a: Dondozo|51\/100|[from] item: Leftovers\n|upkeep\n|turn|11\n|\n|t:|1717648530\n|move|p2b: Wreath|Protect|p2b: Wreath\n|-singleturn|p2b: Wreath|Protect\n|move|p1a: Dondozo|Yawn|p2b: Wreath\n|-activate|p2b: Wreath|move: Protect\n|move|p2a: Duck Mark 2|Tera Blast|p1a: Dondozo\n|-damage|p1a: Dondozo|29\/100\n|move|p1b: Hitmontop|Coaching|p1a: Dondozo\n|-boost|p1a: Dondozo|atk|1\n|-boost|p1a: Dondozo|def|1\n|\n|-heal|p1a: Dondozo|35\/100|[from] item: Leftovers\n|upkeep\n|turn|12\n|inactive|Therazer456 has 30 seconds left.\n|\n|t:|1717648563\n|move|p1b: Hitmontop|Wide Guard|p1b: Hitmontop\n|-singleturn|p1b: Hitmontop|Wide Guard\n|move|p1a: Dondozo|Body Press|p2a: Duck Mark 2\n|-supereffective|p2a: Duck Mark 2\n|-damage|p2a: Duck Mark 2|0 fnt\n|faint|p2a: Duck Mark 2\n|move|p2b: Wreath|Glacial Lance|p1a: Dondozo|[spread] \n|-activate|p1a: Dondozo|move: Wide Guard\n|-activate|p1b: Hitmontop|move: Wide Guard\n|\n|-heal|p1a: Dondozo|41\/100|[from] item: Leftovers\n|upkeep\n|\n|t:|1717648566\n|switch|p2a: Rosette|Amoonguss, L50, F, shiny, tera:Water|75\/100\n|turn|13\n|inactive|phononmode has 30 seconds left.\n|\n|t:|1717648598\n|-terastallize|p1a: Dondozo|Steel\n|move|p1a: Dondozo|Curse|p1a: Dondozo\n|-unboost|p1a: Dondozo|spe|1\n|-boost|p1a: Dondozo|atk|1\n|-boost|p1a: Dondozo|def|1\n|move|p2a: Rosette|Spore|p1a: Dondozo\n|-status|p1a: Dondozo|slp|[from] move: Spore\n|move|p2b: Wreath|High Horsepower|p1b: Hitmontop\n|-damage|p1b: Hitmontop|0 fnt\n|faint|p1b: Hitmontop\n|-ability|p2b: Wreath|Chilling Neigh|boost\n|-boost|p2b: Wreath|atk|1\n|\n|-heal|p1a: Dondozo|47\/100 slp|[from] item: Leftovers\n|upkeep\n|\n|t:|1717648611\n|switch|p1b: Skeledirge|Skeledirge, L50, M|66\/100\n|turn|14\n|\n|t:|1717648634\n|cant|p1a: Dondozo|slp\n|move|p2a: Rosette|Pollen Puff|p1b: Skeledirge\n|-resisted|p1b: Skeledirge\n|-damage|p1b: Skeledirge|61\/100\n|move|p2b: Wreath|High Horsepower|p1b: Skeledirge\n|-supereffective|p1b: Skeledirge\n|-damage|p1b: Skeledirge|0 fnt\n|faint|p1b: Skeledirge\n|-ability|p2b: Wreath|Chilling Neigh|boost\n|-boost|p2b: Wreath|atk|1\n|\n|-heal|p1a: Dondozo|53\/100 slp|[from] item: Leftovers\n|-fieldend|move: Trick Room\n|upkeep\n|turn|15\n|\n|t:|1717648651\n|move|p2a: Rosette|Rage Powder|p2a: Rosette\n|-singleturn|p2a: Rosette|move: Rage Powder\n|move|p2b: Wreath|High Horsepower|p1a: Dondozo\n|-supereffective|p1a: Dondozo\n|-damage|p1a: Dondozo|36\/100 slp\n|cant|p1a: Dondozo|slp\n|\n|-heal|p1a: Dondozo|42\/100 slp|[from] item: Leftovers\n|upkeep\n|turn|16\n|inactive|Therazer456 has 30 seconds left.\n|j| michaevgc23\n|\n|t:|1717648682\n|move|p2b: Wreath|High Horsepower|p1a: Dondozo\n|-supereffective|p1a: Dondozo\n|-damage|p1a: Dondozo|23\/100 slp\n|move|p2a: Rosette|Spore|p1a: Dondozo\n|-fail|p1a: Dondozo|slp\n|-curestatus|p1a: Dondozo|slp|[msg]\n|move|p1a: Dondozo|Yawn|p2a: Rosette\n|-start|p2a: Rosette|move: Yawn|[of] p1a: Dondozo\n|\n|-heal|p1a: Dondozo|29\/100|[from] item: Leftovers\n|upkeep\n|turn|17\n|\n|t:|1717648696\n|move|p1a: Dondozo|Protect|p1a: Dondozo\n|-singleturn|p1a: Dondozo|Protect\n|move|p2b: Wreath|High Horsepower|p1a: Dondozo\n|-activate|p1a: Dondozo|move: Protect\n|move|p2a: Rosette|Pollen Puff|p2b: Wreath\n|-heal|p2b: Wreath|100\/100\n|\n|-heal|p1a: Dondozo|36\/100|[from] item: Leftovers\n|-end|p2a: Rosette|move: Yawn|[silent]\n|-status|p2a: Rosette|slp\n|upkeep\n|turn|18\n|\n|t:|1717648706\n|move|p2b: Wreath|High Horsepower|p1a: Dondozo\n|-supereffective|p1a: Dondozo\n|-damage|p1a: Dondozo|17\/100\n|cant|p2a: Rosette|slp\n|move|p1a: Dondozo|Body Press|p2b: Wreath\n|-damage|p2b: Wreath|71\/100\n|\n|-heal|p1a: Dondozo|23\/100|[from] item: Leftovers\n|upkeep\n|turn|19\n|l| michaevgc23\n|inactive|Therazer456 has 30 seconds left.\n|\n|t:|1717648740\n|move|p2b: Wreath|High Horsepower|p1a: Dondozo\n|-supereffective|p1a: Dondozo\n|-damage|p1a: Dondozo|4\/100\n|cant|p2a: Rosette|slp\n|move|p1a: Dondozo|Yawn|p2b: Wreath\n|-start|p2b: Wreath|move: Yawn|[of] p1a: Dondozo\n|\n|-heal|p1a: Dondozo|11\/100|[from] item: Leftovers\n|upkeep\n|turn|20\n|\n|t:|1717648748\n|move|p1a: Dondozo|Protect|p1a: Dondozo\n|-singleturn|p1a: Dondozo|Protect\n|move|p2b: Wreath|High Horsepower|p1a: Dondozo\n|-activate|p1a: Dondozo|move: Protect\n|-curestatus|p2a: Rosette|slp|[msg]\n|move|p2a: Rosette|Pollen Puff|p2b: Wreath\n|-heal|p2b: Wreath|100\/100\n|\n|-heal|p1a: Dondozo|17\/100|[from] item: Leftovers\n|-end|p2b: Wreath|move: Yawn|[silent]\n|-status|p2b: Wreath|slp\n|upkeep\n|turn|21\n|\n|t:|1717648753\n|cant|p2b: Wreath|slp\n|move|p2a: Rosette|Spore|p1a: Dondozo\n|-status|p1a: Dondozo|slp|[from] move: Spore\n|cant|p1a: Dondozo|slp\n|\n|-heal|p1a: Dondozo|23\/100 slp|[from] item: Leftovers\n|upkeep\n|turn|22\n|\n|t:|1717648758\n|cant|p2b: Wreath|slp\n|move|p2a: Rosette|Pollen Puff|p1a: Dondozo\n|-resisted|p1a: Dondozo\n|-damage|p1a: Dondozo|17\/100 slp\n|-curestatus|p1a: Dondozo|slp|[msg]\n|move|p1a: Dondozo|Curse|p1a: Dondozo\n|-unboost|p1a: Dondozo|spe|1\n|-boost|p1a: Dondozo|atk|1\n|-boost|p1a: Dondozo|def|1\n|\n|-heal|p1a: Dondozo|23\/100|[from] item: Leftovers\n|upkeep\n|turn|23\n|\n|t:|1717648770\n|move|p1a: Dondozo|Protect|p1a: Dondozo\n|-singleturn|p1a: Dondozo|Protect\n|-curestatus|p2b: Wreath|slp|[msg]\n|move|p2b: Wreath|High Horsepower|p1a: Dondozo\n|-activate|p1a: Dondozo|move: Protect\n|move|p2a: Rosette|Spore|p1a: Dondozo\n|-activate|p1a: Dondozo|move: Protect\n|\n|-heal|p1a: Dondozo|30\/100|[from] item: Leftovers\n|upkeep\n|turn|24\n|inactive|Therazer456 has 30 seconds left.\n|\n|t:|1717648789\n|move|p1a: Dondozo|Protect||[still]\n|-fail|p1a: Dondozo\n|move|p2b: Wreath|High Horsepower|p1a: Dondozo\n|-supereffective|p1a: Dondozo\n|-damage|p1a: Dondozo|13\/100\n|move|p2a: Rosette|Spore|p1a: Dondozo\n|-status|p1a: Dondozo|slp|[from] move: Spore\n|\n|-heal|p1a: Dondozo|19\/100 slp|[from] item: Leftovers\n|upkeep\n|turn|25\n|inactive|Therazer456 has 30 seconds left this turn.\n|\n|t:|1717648792\n|move|p2b: Wreath|High Horsepower|p1a: Dondozo\n|-supereffective|p1a: Dondozo\n|-damage|p1a: Dondozo|3\/100 slp\n|move|p2a: Rosette|Pollen Puff|p1a: Dondozo\n|-resisted|p1a: Dondozo\n|-damage|p1a: Dondozo|0 fnt\n|faint|p1a: Dondozo\n|\n|win|Therazer456\n|inactive|Therazer456 has 30 seconds left this turn.\n|raw|phononmode's rating: 1711 &rarr; <strong>1689<\/strong><br \/>(-22 for losing)\n|raw|Therazer456's rating: 1677 &rarr; <strong>1699<\/strong><br \/>(+22 for winning)\n|l|\u2606phononmode\n|player|p1|\n|l|\u2606Therazer456\n|player|p2|\n|l| bluestraggler01\n","uploadtime":1717648946,"views":25,"formatid":"gen9vgc2024regg","rating":1689,"private":0,"password":null}