{"id":"gen9vgc2024regg-2137855339","format":"[Gen 9] VGC 2024 Reg G","players":["Therazer456","123something"],"log":"|j|\u2606Therazer456\n|j|\u2606123something\n|t:|1717647089\n|gametype|doubles\n|player|p1|Therazer456|ghetsis|1734\n|player|p2|123something|169|1658\n|teamsize|p1|6\n|teamsize|p2|6\n|gen|9\n|tier|[Gen 9] VGC 2024 Reg G\n|rated|\n|rule|Species Clause: Limit one of each Pok\u00e9mon\n|rule|Item Clause: Limit one of each item\n|clearpoke\n|poke|p1|Calyrex-Ice, L50|\n|poke|p1|Porygon2, L50|\n|poke|p1|Raging Bolt, L50|\n|poke|p1|Incineroar, L50, M|\n|poke|p1|Iron Jugulis, L50|\n|poke|p1|Amoonguss, L50, F|\n|poke|p2|Necrozma-Dawn-Wings, L50|\n|poke|p2|Lilligant-Hisui, L50, F|\n|poke|p2|Torkoal, L50, F|\n|poke|p2|Ursaluna, L50, F|\n|poke|p2|Gallade, L50, M|\n|poke|p2|Indeedee-F, L50, F|\n|teampreview|4\n|\n|t:|1717647118\n|start\n|switch|p1a: Robin|Iron Jugulis, L50, shiny|100\/100\n|switch|p1b: Rosette|Amoonguss, L50, F, shiny|100\/100\n|switch|p2a: Indeedee|Indeedee-F, L50, F|100\/100\n|switch|p2b: Necrozma|Necrozma-Dawn-Wings, L50|100\/100\n|-fieldstart|move: Psychic Terrain|[from] ability: Psychic Surge|[of] p2a: Indeedee\n|-enditem|p2a: Indeedee|Psychic Seed\n|-boost|p2a: Indeedee|spd|1|[from] item: Psychic Seed\n|-enditem|p1a: Robin|Booster Energy\n|-activate|p1a: Robin|ability: Quark Drive|[fromitem]\n|-start|p1a: Robin|quarkdrivespe\n|turn|1\n|inactive|Battle timer is ON: inactive players will automatically lose when time's up. (requested by 123something)\n|inactive|123something has 60 seconds left.\n|\n|t:|1717647158\n|switch|p2b: Ursaluna|Ursaluna, L50, F|100\/100\n|-terastallize|p1b: Rosette|Water\n|move|p1a: Robin|Protect|p1a: Robin\n|-singleturn|p1a: Robin|Protect\n|move|p2a: Indeedee|Follow Me|p2a: Indeedee\n|-singleturn|p2a: Indeedee|move: Follow Me\n|move|p1b: Rosette|Spore|p2a: Indeedee\n|-status|p2a: Indeedee|slp|[from] move: Spore\n|\n|-status|p2b: Ursaluna|brn|[from] item: Flame Orb\n|upkeep\n|turn|2\n|inactive|123something has 30 seconds left.\n|\n|t:|1717647184\n|move|p2b: Ursaluna|Protect|p2b: Ursaluna\n|-singleturn|p2b: Ursaluna|Protect\n|move|p1b: Rosette|Rage Powder|p1b: Rosette\n|-singleturn|p1b: Rosette|move: Rage Powder\n|move|p1a: Robin|Air Slash|p2b: Ursaluna\n|-activate|p2b: Ursaluna|move: Protect\n|cant|p2a: Indeedee|slp\n|\n|-damage|p2b: Ursaluna|95\/100 brn|[from] brn\n|upkeep\n|turn|3\n|j| futonkagebunshin\n|\n|t:|1717647196\n|switch|p1b: Orion|Incineroar, L50, M, shiny|100\/100\n|-ability|p1b: Orion|Intimidate|boost\n|-unboost|p2a: Indeedee|atk|1\n|-unboost|p2b: Ursaluna|atk|1\n|move|p1a: Robin|Air Slash|p2b: Ursaluna\n|-crit|p2b: Ursaluna\n|-damage|p2b: Ursaluna|49\/100 brn\n|move|p2b: Ursaluna|Facade|p1b: Orion\n|-damage|p1b: Orion|24\/100\n|cant|p2a: Indeedee|slp\n|\n|-damage|p2b: Ursaluna|43\/100 brn|[from] brn\n|upkeep\n|turn|4\n|\n|t:|1717647218\n|switch|p2b: Torkoal|Torkoal, L50, F|100\/100\n|-weather|SunnyDay|[from] ability: Drought|[of] p2b: Torkoal\n|move|p1a: Robin|Protect|p1a: Robin\n|-singleturn|p1a: Robin|Protect\n|move|p1b: Orion|Knock Off|p2a: Indeedee\n|-supereffective|p2a: Indeedee\n|-damage|p2a: Indeedee|39\/100 slp\n|-curestatus|p2a: Indeedee|slp|[msg]\n|move|p2a: Indeedee|Trick Room|p2a: Indeedee\n|-fieldstart|move: Trick Room|[of] p2a: Indeedee\n|\n|-weather|SunnyDay|[upkeep]\n|upkeep\n|turn|5\n|-message|Therazer456 forfeited.\n|\n|win|123something\n|raw|Therazer456's rating: 1734 &rarr; <strong>1710<\/strong><br \/>(-24 for losing)\n|raw|123something's rating: 1658 &rarr; <strong>1682<\/strong><br \/>(+24 for winning)\n|l|\u2606Therazer456\n|player|p1|\n|l|\u2606123something\n|player|p2|\n|l| futonkagebunshin\n","uploadtime":1717647420,"views":27,"formatid":"gen9vgc2024regg","rating":1682,"private":0,"password":null}