{"id":"gen9vgc2024regg-2137482170","format":"[Gen 9] VGC 2024 Reg G","players":["Therazer456","nerd159"],"log":"|j|\u2606Therazer456\n|j|\u2606nerd159\n|t:|1717603061\n|gametype|doubles\n|player|p1|Therazer456|ghetsis|1743\n|player|p2|nerd159|1|1765\n|teamsize|p1|6\n|teamsize|p2|6\n|gen|9\n|tier|[Gen 9] VGC 2024 Reg G\n|rated|\n|rule|Species Clause: Limit one of each Pok\u00e9mon\n|rule|Item Clause: Limit one of each item\n|clearpoke\n|poke|p1|Calyrex-Ice, L50|\n|poke|p1|Porygon2, L50|\n|poke|p1|Raging Bolt, L50|\n|poke|p1|Incineroar, L50, M|\n|poke|p1|Iron Jugulis, L50|\n|poke|p1|Amoonguss, L50, F|\n|poke|p2|Giratina, L50|\n|poke|p2|Araquanid, L50, M|\n|poke|p2|Urshifu-*, L50, M|\n|poke|p2|Flutter Mane, L50|\n|poke|p2|Incineroar, L50, F|\n|poke|p2|Amoonguss, L50, M|\n|teampreview|4\n|\n|t:|1717603084\n|start\n|switch|p1a: Orion|Incineroar, L50, M, shiny|100\/100\n|switch|p1b: Rosette|Amoonguss, L50, F, shiny|100\/100\n|switch|p2a: Flutter Mane|Flutter Mane, L50|100\/100\n|switch|p2b: Incineroar|Incineroar, L50, F|100\/100\n|-ability|p1a: Orion|Intimidate|boost\n|-unboost|p2a: Flutter Mane|atk|1\n|-unboost|p2b: Incineroar|atk|1\n|-ability|p2b: Incineroar|Intimidate|boost\n|-unboost|p1a: Orion|atk|1\n|-unboost|p1b: Rosette|atk|1\n|-enditem|p2a: Flutter Mane|Booster Energy\n|-activate|p2a: Flutter Mane|ability: Protosynthesis|[fromitem]\n|-start|p2a: Flutter Mane|protosynthesisspe\n|turn|1\n|inactive|Battle timer is ON: inactive players will automatically lose when time's up. (requested by nerd159)\n|\n|t:|1717603106\n|move|p2a: Flutter Mane|Taunt|p1b: Rosette\n|-start|p1b: Rosette|move: Taunt\n|move|p1a: Orion|Knock Off|p2b: Incineroar\n|-resisted|p2b: Incineroar\n|-damage|p2b: Incineroar|88\/100\n|-enditem|p2b: Incineroar|Safety Goggles|[from] move: Knock Off|[of] p1a: Orion\n|move|p2b: Incineroar|Knock Off|p1a: Orion\n|-resisted|p1a: Orion\n|-damage|p1a: Orion|89\/100\n|-enditem|p1a: Orion|Safety Goggles|[from] move: Knock Off|[of] p2b: Incineroar\n|cant|p1b: Rosette|move: Taunt|Spore\n|\n|upkeep\n|turn|2\n|\n|t:|1717603116\n|move|p2a: Flutter Mane|Shadow Ball|p1b: Rosette\n|-damage|p1b: Rosette|64\/100\n|move|p1a: Orion|Flare Blitz|p2a: Flutter Mane\n|-damage|p2a: Flutter Mane|29\/100\n|-damage|p1a: Orion|73\/100|[from] Recoil\n|move|p2b: Incineroar|Flare Blitz|p1b: Rosette\n|-supereffective|p1b: Rosette\n|-damage|p1b: Rosette|13\/100\n|-damage|p2b: Incineroar|70\/100|[from] Recoil\n|move|p1b: Rosette|Pollen Puff|p1a: Orion\n|-heal|p1a: Orion|100\/100\n|\n|upkeep\n|turn|3\n|\n|t:|1717603131\n|-end|p2a: Flutter Mane|Protosynthesis|[silent]\n|switch|p2a: Araquanid|Araquanid, L50, M|100\/100\n|switch|p1b: California|Raging Bolt, L50|100\/100\n|move|p1a: Orion|Knock Off|p2a: Araquanid\n|-damage|p2a: Araquanid|61\/100\n|-enditem|p2a: Araquanid|Clear Amulet|[from] move: Knock Off|[of] p1a: Orion\n|move|p2b: Incineroar|Flare Blitz|p1b: California\n|-resisted|p1b: California\n|-damage|p1b: California|90\/100\n|-damage|p2b: Incineroar|66\/100|[from] Recoil\n|\n|upkeep\n|turn|4\n|j| geekaleek\n|inactive|Therazer456 has 30 seconds left.\n|\n|t:|1717603157\n|move|p2a: Araquanid|Protect|p2a: Araquanid\n|-singleturn|p2a: Araquanid|Protect\n|move|p1b: California|Thunderbolt|p2b: Incineroar\n|-damage|p2b: Incineroar|29\/100\n|move|p1a: Orion|Parting Shot|p2a: Araquanid\n|-activate|p2a: Araquanid|move: Protect\n|move|p2b: Incineroar|Parting Shot|p1b: California\n|-unboost|p1b: California|atk|1\n|-unboost|p1b: California|spa|1\n|\n|t:|1717603167\n|switch|p2b: Giratina|Giratina, L50|100\/100|[from] Parting Shot\n|-ability|p2b: Giratina|Pressure\n|\n|upkeep\n|turn|5\n|\n|t:|1717603185\n|-terastallize|p2a: Araquanid|Grass\n|move|p2b: Giratina|Protect|p2b: Giratina\n|-singleturn|p2b: Giratina|Protect\n|move|p1b: California|Thunderbolt|p2a: Araquanid\n|-resisted|p2a: Araquanid\n|-damage|p2a: Araquanid|48\/100\n|move|p1a: Orion|Parting Shot|p2b: Giratina\n|-activate|p2b: Giratina|move: Protect\n|move|p2a: Araquanid|Liquidation|p1a: Orion\n|-supereffective|p1a: Orion\n|-damage|p1a: Orion|0 fnt\n|faint|p1a: Orion\n|\n|upkeep\n|\n|t:|1717603195\n|switch|p1a: Rosette|Amoonguss, L50, F, shiny|47\/100\n|turn|6\n|\n|t:|1717603209\n|switch|p2b: Incineroar|Incineroar, L50, F|29\/100\n|-ability|p2b: Incineroar|Intimidate|boost\n|-unboost|p1a: Rosette|atk|1\n|-unboost|p1b: California|atk|1\n|move|p1b: California|Snarl|p2b: Incineroar|[spread] p2a,p2b\n|-resisted|p2b: Incineroar\n|-damage|p2a: Araquanid|39\/100\n|-damage|p2b: Incineroar|25\/100\n|-unboost|p2a: Araquanid|spa|1\n|-unboost|p2b: Incineroar|spa|1\n|move|p2a: Araquanid|Leech Life|p1b: California\n|-damage|p1b: California|66\/100\n|-heal|p2a: Araquanid|56\/100|[from] drain|[of] p1b: California\n|move|p1a: Rosette|Spore|p2b: Incineroar\n|-status|p2b: Incineroar|slp|[from] move: Spore\n|\n|upkeep\n|turn|7\n|j| Tlub\n|\n|t:|1717603231\n|move|p1b: California|Draco Meteor|p2a: Araquanid\n|-damage|p2a: Araquanid|19\/100\n|-unboost|p1b: California|spa|2\n|cant|p2b: Incineroar|slp\n|move|p2a: Araquanid|Leech Life|p1a: Rosette\n|-damage|p1a: Rosette|20\/100\n|-heal|p2a: Araquanid|37\/100|[from] drain|[of] p1a: Rosette\n|move|p1a: Rosette|Pollen Puff|p2a: Araquanid\n|-supereffective|p2a: Araquanid\n|-damage|p2a: Araquanid|6\/100\n|\n|upkeep\n|turn|8\n|\n|t:|1717603249\n|move|p2a: Araquanid|Protect|p2a: Araquanid\n|-singleturn|p2a: Araquanid|Protect\n|move|p1b: California|Draco Meteor|p2a: Araquanid\n|-activate|p2a: Araquanid|move: Protect\n|-curestatus|p2b: Incineroar|slp|[msg]\n|move|p2b: Incineroar|Flare Blitz|p1a: Rosette\n|-supereffective|p1a: Rosette\n|-damage|p1a: Rosette|0 fnt\n|faint|p1a: Rosette\n|-damage|p2b: Incineroar|18\/100|[from] Recoil\n|\n|upkeep\n|\n|t:|1717603251\n|switch|p1a: Wreath|Calyrex-Ice, L50|100\/100\n|-ability|p1a: Wreath|As One\n|-ability|p1a: Wreath|Unnerve\n|turn|9\n|\n|t:|1717603269\n|switch|p2a: Flutter Mane|Flutter Mane, L50|29\/100\n|-terastallize|p1a: Wreath|Fire\n|move|p1b: California|Draco Meteor|p2a: Flutter Mane\n|-immune|p2a: Flutter Mane\n|move|p2b: Incineroar|Knock Off|p1a: Wreath\n|-damage|p1a: Wreath|77\/100\n|-enditem|p1a: Wreath|Clear Amulet|[from] move: Knock Off|[of] p2b: Incineroar\n|move|p1a: Wreath|High Horsepower|p2b: Incineroar\n|-supereffective|p2b: Incineroar\n|-damage|p2b: Incineroar|0 fnt\n|faint|p2b: Incineroar\n|-ability|p1a: Wreath|Chilling Neigh|boost\n|-boost|p1a: Wreath|atk|1\n|\n|upkeep\n|\n|t:|1717603292\n|switch|p2b: Araquanid|Araquanid, L50, M, tera:Grass|6\/100\n|turn|10\n|\n|t:|1717603304\n|move|p2b: Araquanid|Protect|p2b: Araquanid\n|-singleturn|p2b: Araquanid|Protect\n|move|p2a: Flutter Mane|Moonblast|p1b: California\n|-supereffective|p1b: California\n|-crit|p1b: California\n|-damage|p1b: California|0 fnt\n|faint|p1b: California\n|-end|p1b: California|Protosynthesis|[silent]\n|move|p1a: Wreath|Glacial Lance|p2b: Araquanid|[spread] p2a\n|-activate|p2b: Araquanid|move: Protect\n|-damage|p2a: Flutter Mane|0 fnt\n|faint|p2a: Flutter Mane\n|-end|p2a: Flutter Mane|Protosynthesis|[silent]\n|-ability|p1a: Wreath|Chilling Neigh|boost\n|-boost|p1a: Wreath|atk|1\n|\n|upkeep\n|\n|t:|1717603306\n|switch|p2a: Giratina|Giratina, L50|100\/100\n|-ability|p2a: Giratina|Pressure\n|turn|11\n|\n|t:|1717603311\n|move|p2a: Giratina|Shadow Ball|p1a: Wreath\n|-damage|p1a: Wreath|55\/100\n|move|p2b: Araquanid|Liquidation|p1a: Wreath\n|-supereffective|p1a: Wreath\n|-damage|p1a: Wreath|0 fnt\n|faint|p1a: Wreath\n|\n|win|nerd159\n|raw|Therazer456's rating: 1743 &rarr; <strong>1724<\/strong><br \/>(-19 for losing)\n|raw|nerd159's rating: 1765 &rarr; <strong>1784<\/strong><br \/>(+19 for winning)\n|l|\u2606Therazer456\n|player|p1|\n|l| Tlub\n","uploadtime":1717603533,"views":40,"formatid":"gen9vgc2024regg","rating":1724,"private":0,"password":null}