{"id":"gen9vgc2024regg-2138630898","format":"[Gen 9] VGC 2024 Reg G","players":["edo ghira","Akane111"],"log":"|j|\u2606edo ghira\n|j|\u2606Akane111\n|t:|1717752958\n|gametype|doubles\n|player|p1|edo ghira|lance|1751\n|player|p2|Akane111|1|1755\n|teamsize|p1|6\n|teamsize|p2|6\n|gen|9\n|tier|[Gen 9] VGC 2024 Reg G\n|rated|\n|rule|Species Clause: Limit one of each Pok\u00e9mon\n|rule|Item Clause: Limit one of each item\n|clearpoke\n|poke|p1|Terapagos, L50, M|\n|poke|p1|Rillaboom, L50, F|\n|poke|p1|Electabuzz, L50, M|\n|poke|p1|Talonflame, L50, M|\n|poke|p1|Urshifu-*, L50, F|\n|poke|p1|Chi-Yu, L50|\n|poke|p2|Lunala, L50|\n|poke|p2|Pelipper, L50, F|\n|poke|p2|Urshifu-*, L50, M|\n|poke|p2|Incineroar, L50, M|\n|poke|p2|Rillaboom, L50, M|\n|poke|p2|Zoroark-Hisui, L50, F|\n|teampreview|4\n|inactive|Battle timer is ON: inactive players will automatically lose when time's up. (requested by Akane111)\n|inactive|edo ghira has 60 seconds left.\n|inactive|Akane111 has 60 seconds left.\n|j| Kal0stest\n|inactive|edo ghira has 30 seconds left.\n|inactive|edo ghira has 20 seconds left.\n|\n|t:|1717753029\n|start\n|switch|p1a: Terapagos|Terapagos, L50, M|100\/100\n|switch|p1b: Electabuzz|Electabuzz, L50, M|100\/100\n|switch|p2a: Lunala|Lunala, L50, shiny|100\/100\n|switch|p2b: Incineroar|Incineroar, L50, M, shiny|100\/100\n|-activate|p1a: Terapagos|ability: Tera Shift\n|detailschange|p1a: Terapagos|Terapagos-Terastal, L50, M\n|-heal|p1a: Terapagos|100\/100|[silent]\n|-ability|p2b: Incineroar|Intimidate|boost\n|-fail|p1a: Terapagos|unboost|[from] item: Clear Amulet|[of] p1a: Terapagos\n|-unboost|p1b: Electabuzz|atk|1\n|turn|1\n|inactive|Akane111 has 30 seconds left.\n|\n|t:|1717753061\n|move|p2b: Incineroar|Fake Out|p1a: Terapagos\n|-activate|p1a: Terapagos|ability: Tera Shell\n|-resisted|p1a: Terapagos\n|-damage|p1a: Terapagos|97\/100\n|move|p2a: Lunala|Calm Mind|p2a: Lunala\n|-boost|p2a: Lunala|spa|1\n|-boost|p2a: Lunala|spd|1\n|move|p1b: Electabuzz|Taunt|p2a: Lunala\n|-start|p2a: Lunala|move: Taunt\n|cant|p1a: Terapagos|flinch\n|\n|upkeep\n|turn|2\n|j| rabbihorn\n|inactive|edo ghira has 30 seconds left.\n|inactive|Akane111 has 30 seconds left.\n|inactive|Akane111 has 20 seconds left.\n|\n|t:|1717753097\n|move|p2a: Lunala|Moongeist Beam|p1b: Electabuzz\n|-damage|p1b: Electabuzz|42\/100\n|move|p1b: Electabuzz|Volt Switch|p2a: Lunala\n|-damage|p2a: Lunala|95\/100\n|\n|t:|1717753103\n|switch|p1b: Urshifu|Urshifu-Rapid-Strike, L50, F|100\/100|[from] Volt Switch\n|move|p1a: Terapagos|Calm Mind|p1a: Terapagos\n|-boost|p1a: Terapagos|spa|1\n|-boost|p1a: Terapagos|spd|1\n|move|p2b: Incineroar|Parting Shot|p1a: Terapagos\n|-fail|p1a: Terapagos|unboost|[from] item: Clear Amulet|[of] p1a: Terapagos\n|\n|-heal|p2a: Lunala|100\/100|[from] item: Leftovers\n|upkeep\n|turn|3\n|inactive|Akane111 has 30 seconds left.\n|inactive|Akane111 has 20 seconds left.\n|\n|t:|1717753138\n|switch|p2b: Rillaboom|Rillaboom, L50, M|100\/100\n|-fieldstart|move: Grassy Terrain|[from] ability: Grassy Surge|[of] p2b: Rillaboom\n|move|p1b: Urshifu|Surging Strikes|p2b: Rillaboom\n|-resisted|p2b: Rillaboom\n|-crit|p2b: Rillaboom\n|-damage|p2b: Rillaboom|89\/100\n|-resisted|p2b: Rillaboom\n|-crit|p2b: Rillaboom\n|-damage|p2b: Rillaboom|78\/100\n|-resisted|p2b: Rillaboom\n|-crit|p2b: Rillaboom\n|-damage|p2b: Rillaboom|67\/100\n|-hitcount|p2b: Rillaboom|3\n|move|p2a: Lunala|Moonblast|p1b: Urshifu\n|-supereffective|p1b: Urshifu\n|-damage|p1b: Urshifu|0 fnt\n|faint|p1b: Urshifu\n|move|p1a: Terapagos|Calm Mind|p1a: Terapagos\n|-boost|p1a: Terapagos|spa|1\n|-boost|p1a: Terapagos|spd|1\n|\n|-heal|p1a: Terapagos|100\/100|[from] Grassy Terrain\n|-heal|p2b: Rillaboom|73\/100|[from] Grassy Terrain\n|upkeep\n|\n|t:|1717753153\n|switch|p1b: Electabuzz|Electabuzz, L50, M|42\/100\n|turn|4\n|inactive|edo ghira has 30 seconds left.\n|\n|t:|1717753183\n|-terastallize|p1a: Terapagos|Stellar\n|detailschange|p1a: Terapagos|Terapagos-Stellar, L50, M, tera:Stellar\n|-heal|p1a: Terapagos|100\/100|[silent]\n|-ability|p1a: Terapagos|Teraform Zero\n|-fieldend|move: Grassy Terrain\n|move|p2b: Rillaboom|Fake Out|p1a: Terapagos\n|-damage|p1a: Terapagos|92\/100\n|move|p1b: Electabuzz|Follow Me|p1b: Electabuzz\n|-singleturn|p1b: Electabuzz|move: Follow Me\n|move|p2a: Lunala|Moongeist Beam|p1b: Electabuzz\n|-damage|p1b: Electabuzz|0 fnt\n|faint|p1b: Electabuzz\n|cant|p1a: Terapagos|flinch\n|\n|-end|p2a: Lunala|move: Taunt\n|upkeep\n|\n|t:|1717753194\n|switch|p1b: Rillaboom|Rillaboom, L50, F|100\/100\n|-fieldstart|move: Grassy Terrain|[from] ability: Grassy Surge|[of] p1b: Rillaboom\n|turn|5\n|j| AreS414141\n|\n|t:|1717753219\n|move|p1b: Rillaboom|Grassy Glide|p2a: Lunala\n|-damage|p2a: Lunala|87\/100\n|move|p2a: Lunala|Calm Mind|p2a: Lunala\n|-boost|p2a: Lunala|spa|1\n|-boost|p2a: Lunala|spd|1\n|move|p1a: Terapagos|Tera Starstorm|p2b: Rillaboom|[spread] p2a,p2b\n|-damage|p2a: Lunala|59\/100\n|-damage|p2b: Rillaboom|19\/100\n|move|p2b: Rillaboom|U-turn|p1a: Terapagos\n|-damage|p1a: Terapagos|77\/100\n|\n|t:|1717753235\n|switch|p2b: Urshifu|Urshifu-Rapid-Strike, L50, M|100\/100|[from] U-turn\n|\n|-heal|p2a: Lunala|65\/100|[from] Grassy Terrain\n|-heal|p2a: Lunala|72\/100|[from] item: Leftovers\n|-heal|p1a: Terapagos|83\/100|[from] Grassy Terrain\n|upkeep\n|turn|6\n|\n|t:|1717753252\n|move|p1b: Rillaboom|Grassy Glide|p2b: Urshifu\n|-supereffective|p2b: Urshifu\n|-damage|p2b: Urshifu|22\/100\n|move|p2b: Urshifu|Close Combat|p1a: Terapagos\n|-supereffective|p1a: Terapagos\n|-damage|p1a: Terapagos|0 fnt\n|-unboost|p2b: Urshifu|def|1\n|-unboost|p2b: Urshifu|spd|1\n|faint|p1a: Terapagos\n|move|p2a: Lunala|Moongeist Beam|p1b: Rillaboom\n|-damage|p1b: Rillaboom|24\/100\n|\n|-heal|p2b: Urshifu|28\/100|[from] Grassy Terrain\n|-heal|p2a: Lunala|78\/100|[from] Grassy Terrain\n|-heal|p2a: Lunala|84\/100|[from] item: Leftovers\n|-heal|p1b: Rillaboom|30\/100|[from] Grassy Terrain\n|upkeep\n|turn|7\n|-message|edo ghira forfeited.\n|\n|win|Akane111\n|raw|edo ghira's rating: 1751 &rarr; <strong>1731<\/strong><br \/>(-20 for losing)\n|raw|Akane111's rating: 1755 &rarr; <strong>1775<\/strong><br \/>(+20 for winning)\n|l|\u2606edo ghira\n|player|p1|\n|l| Kal0stest\n|l|\u2606Akane111\n|player|p2|\n","uploadtime":1717753520,"views":77,"formatid":"gen9vgc2024regg","rating":1731,"private":0,"password":null}