{"id":"gen9vgc2024regg-2138068705","format":"[Gen 9] VGC 2024 Reg G","players":["AZUNA_Fan","MigraineMan"],"log":"|j|\u2606AZUNA_Fan\n|j|\u2606MigraineMan\n|t:|1717681201\n|gametype|doubles\n|player|p1|AZUNA_Fan|dawn-gen4pt|1783\n|player|p2|MigraineMan|2|1698\n|teamsize|p1|6\n|teamsize|p2|6\n|gen|9\n|tier|[Gen 9] VGC 2024 Reg G\n|rated|\n|rule|Species Clause: Limit one of each Pok\u00e9mon\n|rule|Item Clause: Limit one of each item\n|clearpoke\n|poke|p1|Calyrex-Shadow, L50|\n|poke|p1|Urshifu-*, L50, F|\n|poke|p1|Indeedee-F, L50, F|\n|poke|p1|Maushold, L50|\n|poke|p1|Dondozo, L50, F|\n|poke|p1|Tatsugiri, L50, M|\n|poke|p2|Calyrex-Ice, L50|\n|poke|p2|Kingambit, L50, F|\n|poke|p2|Urshifu-*, L50, F|\n|poke|p2|Ursaluna-Bloodmoon, L50, M|\n|poke|p2|Tornadus, L50, M|\n|poke|p2|Farigiraf, L50, M|\n|teampreview|4\n|inactive|Battle timer is ON: inactive players will automatically lose when time's up. (requested by AZUNA_Fan)\n|j| jbleacher2\n|j| Kal0stest\n|inactive|AZUNA_Fan has 60 seconds left.\n|\n|t:|1717681233\n|start\n|switch|p1a: Calyrex|Calyrex-Shadow, L50|100\/100\n|switch|p1b: Urshifu|Urshifu, L50, F|100\/100\n|switch|p2a: Tornadus|Tornadus, L50, M|100\/100\n|switch|p2b: Urshifu|Urshifu-Rapid-Strike, L50, F|100\/100\n|-ability|p1a: Calyrex|As One\n|-ability|p1a: Calyrex|Unnerve\n|turn|1\n|inactive|AZUNA_Fan has 30 seconds left.\n|inactive|MigraineMan has 30 seconds left.\n|\n|t:|1717681267\n|move|p2a: Tornadus|Tailwind|p2a: Tornadus\n|-sidestart|p2: MigraineMan|move: Tailwind\n|move|p2b: Urshifu|Surging Strikes|p1b: Urshifu\n|-crit|p1b: Urshifu\n|-damage|p1b: Urshifu|76\/100\n|-crit|p1b: Urshifu\n|-damage|p1b: Urshifu|54\/100\n|-crit|p1b: Urshifu\n|-damage|p1b: Urshifu|30\/100\n|-hitcount|p1b: Urshifu|3\n|move|p1a: Calyrex|Astral Barrage|p2b: Urshifu|[spread] p2a,p2b\n|-damage|p2a: Tornadus|18\/100\n|-damage|p2b: Urshifu|0 fnt\n|faint|p2b: Urshifu\n|-ability|p1a: Calyrex|Grim Neigh|boost\n|-boost|p1a: Calyrex|spa|1\n|move|p1b: Urshifu|Wicked Blow|p2a: Tornadus\n|-crit|p2a: Tornadus\n|-damage|p2a: Tornadus|0 fnt\n|faint|p2a: Tornadus\n|\n|upkeep\n|\n|t:|1717681271\n|switch|p2a: Calyrex|Calyrex-Ice, L50|100\/100\n|switch|p2b: Ursaluna|Ursaluna-Bloodmoon, L50, M|100\/100\n|-ability|p2a: Calyrex|As One\n|-ability|p2a: Calyrex|Unnerve\n|turn|2\n|inactive|AZUNA_Fan has 30 seconds left.\n|\n|t:|1717681297\n|-terastallize|p2a: Calyrex|Ice\n|move|p2b: Ursaluna|Blood Moon|p1a: Calyrex\n|-damage|p1a: Calyrex|3\/100\n|-damage|p2b: Ursaluna|91\/100|[from] item: Life Orb\n|move|p2a: Calyrex|Glacial Lance|p1a: Calyrex|[spread] p1a,p1b\n|-damage|p1a: Calyrex|0 fnt\n|-damage|p1b: Urshifu|0 fnt\n|faint|p1a: Calyrex\n|faint|p1b: Urshifu\n|-ability|p2a: Calyrex|Chilling Neigh|boost\n|-boost|p2a: Calyrex|atk|2\n|\n|upkeep\n|\n|t:|1717681309\n|switch|p1a: Dondozo|Dondozo, L50, F|100\/100\n|switch|p1b: Tatsugiri|Tatsugiri, L50, M|100\/100\n|-activate|p1b: Tatsugiri|ability: Commander|[of] p1a: Dondozo\n|-boost|p1a: Dondozo|atk|2\n|-boost|p1a: Dondozo|spa|2\n|-boost|p1a: Dondozo|spe|2\n|-boost|p1a: Dondozo|def|2\n|-boost|p1a: Dondozo|spd|2\n|turn|3\n|\n|t:|1717681326\n|move|p2b: Ursaluna|Protect|p2b: Ursaluna\n|-singleturn|p2b: Ursaluna|Protect\n|move|p2a: Calyrex|Glacial Lance|p1a: Dondozo|[spread] p1a\n|-miss|p2a: Calyrex|p1b: Tatsugiri\n|-resisted|p1a: Dondozo\n|-damage|p1a: Dondozo|80\/100\n|move|p1a: Dondozo|Earthquake|p2a: Calyrex|[spread] p2a\n|-miss|p1a: Dondozo|p1b: Tatsugiri\n|-activate|p2b: Ursaluna|move: Protect\n|-damage|p2a: Calyrex|73\/100\n|\n|upkeep\n|turn|4\n|\n|t:|1717681346\n|move|p2b: Ursaluna|Blood Moon|p1a: Dondozo\n|-damage|p1a: Dondozo|39\/100\n|-damage|p2b: Ursaluna|81\/100|[from] item: Life Orb\n|move|p2a: Calyrex|Glacial Lance|p1a: Dondozo|[spread] p1a\n|-miss|p2a: Calyrex|p1b: Tatsugiri\n|-resisted|p1a: Dondozo\n|-damage|p1a: Dondozo|19\/100\n|move|p1a: Dondozo|Wave Crash|p2b: Ursaluna\n|-supereffective|p2b: Ursaluna\n|-damage|p2b: Ursaluna|0 fnt\n|faint|p2b: Ursaluna\n|-damage|p1a: Dondozo|0 fnt|[from] Recoil\n|faint|p1a: Dondozo\n|\n|-sideend|p2: MigraineMan|move: Tailwind\n|upkeep\n|turn|5\n|\n|t:|1717681363\n|move|p2a: Calyrex|Glacial Lance|p1b: Tatsugiri\n|-enditem|p1b: Tatsugiri|Focus Sash\n|-damage|p1b: Tatsugiri|1\/100\n|move|p1b: Tatsugiri|Counter|p2a: Calyrex\n|-damage|p2a: Calyrex|0 fnt\n|faint|p2a: Calyrex\n|\n|win|AZUNA_Fan\n|raw|AZUNA_Fan's rating: 1783 &rarr; <strong>1798<\/strong><br \/>(+15 for winning)\n|raw|MigraineMan's rating: 1698 &rarr; <strong>1683<\/strong><br \/>(-15 for losing)\n|l| Kal0stest\n|c|\u2606MigraineMan|What\n|l|\u2606MigraineMan\n|player|p2|\n|l|\u2606AZUNA_Fan\n|player|p1|\n|l| jbleacher2\n","uploadtime":1717681614,"views":13,"formatid":"gen9vgc2024regg","rating":1683,"private":0,"password":null}