{"id":"gen9vgc2024regg-2138095192","format":"[Gen 9] VGC 2024 Reg G","players":["pint of guiness","pkmnallrounder"],"log":"|j|\u203dpint of guiness\n|j|\u2606pkmnallrounder\n|t:|1717684005\n|gametype|doubles\n|player|p1|pint of guiness|102|1682\n|player|p2|pkmnallrounder|serena|1708\n|teamsize|p1|6\n|teamsize|p2|6\n|gen|9\n|tier|[Gen 9] VGC 2024 Reg G\n|rated|\n|rule|Species Clause: Limit one of each Pok\u00e9mon\n|rule|Item Clause: Limit one of each item\n|clearpoke\n|poke|p1|Miraidon, L50|\n|poke|p1|Murkrow, L50, F|\n|poke|p1|Chi-Yu, L50|\n|poke|p1|Iron Hands, L50|\n|poke|p1|Ursaluna, L50, M|\n|poke|p1|Farigiraf, L50, F|\n|poke|p2|Koraidon, L50|\n|poke|p2|Whimsicott, L50, F|\n|poke|p2|Flutter Mane, L50|\n|poke|p2|Typhlosion-Hisui, L50, F|\n|poke|p2|Raging Bolt, L50|\n|poke|p2|Incineroar, L50, F|\n|teampreview|4\n|j| NEO001\n|\n|t:|1717684032\n|start\n|switch|p1a: Farigiraf|Farigiraf, L50, F, shiny|100\/100\n|switch|p1b: Miraidon|Miraidon, L50|100\/100\n|switch|p2a: Whimsicott|Whimsicott, L50, F|100\/100\n|switch|p2b: Flutter Mane|Flutter Mane, L50|100\/100\n|-fieldstart|move: Electric Terrain|[from] ability: Hadron Engine|[of] p1b: Miraidon\n|-enditem|p1a: Farigiraf|Electric Seed\n|-boost|p1a: Farigiraf|def|1|[from] item: Electric Seed\n|turn|1\n|\n|t:|1717684051\n|-terastallize|p1b: Miraidon|Fairy\n|move|p1b: Miraidon|Dazzling Gleam|p2a: Whimsicott|[spread] p2a,p2b\n|-damage|p2a: Whimsicott|21\/100\n|-damage|p2b: Flutter Mane|33\/100\n|move|p2b: Flutter Mane|Imprison|p2b: Flutter Mane\n|-start|p2b: Flutter Mane|move: Imprison\n|move|p2a: Whimsicott|Moonblast|p1b: Miraidon\n|-damage|p1b: Miraidon|75\/100\n|cant|p1a: Farigiraf|move: Imprison|Trick Room\n|\n|upkeep\n|turn|2\n|l| NEO001\n|\n|t:|1717684075\n|switch|p1b: Iron Hands|Iron Hands, L50, shiny|100\/100\n|-activate|p1b: Iron Hands|ability: Quark Drive\n|-start|p1b: Iron Hands|quarkdriveatk\n|move|p2a: Whimsicott|Tailwind|p2a: Whimsicott\n|-sidestart|p2: pkmnallrounder|move: Tailwind\n|move|p2b: Flutter Mane|Dazzling Gleam|p1b: Iron Hands|[spread] p1a,p1b\n|-supereffective|p1b: Iron Hands\n|-damage|p1a: Farigiraf|75\/100\n|-damage|p1b: Iron Hands|68\/100\n|move|p1a: Farigiraf|Light Screen|p1a: Farigiraf\n|-sidestart|p1: pint of guiness|move: Light Screen\n|\n|upkeep\n|turn|3\n|j| rabbihorn\n|j| NEO001\n|\n|t:|1717684090\n|switch|p1a: Ursaluna|Ursaluna, L50, M, shiny|100\/100\n|move|p2b: Flutter Mane|Dazzling Gleam|p1b: Iron Hands|[spread] p1a,p1b\n|-supereffective|p1b: Iron Hands\n|-damage|p1a: Ursaluna|80\/100\n|-damage|p1b: Iron Hands|47\/100\n|move|p2a: Whimsicott|Moonblast|p1b: Iron Hands\n|-supereffective|p1b: Iron Hands\n|-damage|p1b: Iron Hands|29\/100\n|move|p1b: Iron Hands|Wild Charge|p2b: Flutter Mane\n|-damage|p2b: Flutter Mane|0 fnt\n|faint|p2b: Flutter Mane\n|-end|p2b: Flutter Mane|Protosynthesis|[silent]\n|-damage|p1b: Iron Hands|24\/100|[from] Recoil\n|\n|-status|p1a: Ursaluna|brn|[from] item: Flame Orb\n|upkeep\n|\n|t:|1717684113\n|switch|p2b: Typhlosion|Typhlosion-Hisui, L50, F|100\/100\n|-item|p1a: Ursaluna|Flame Orb|[from] ability: Frisk|[of] p2b: Typhlosion|[identify]\n|-item|p1b: Iron Hands|Assault Vest|[from] ability: Frisk|[of] p2b: Typhlosion|[identify]\n|turn|4\n|\n|t:|1717684135\n|switch|p2a: Koraidon|Koraidon, L50|100\/100\n|-weather|SunnyDay|[from] ability: Orichalcum Pulse|[of] p2a: Koraidon\n|-activate|p2a: Koraidon|Orichalcum Pulse|[source]\n|-terastallize|p2b: Typhlosion|Fire\n|move|p1a: Ursaluna|Protect|p1a: Ursaluna\n|-singleturn|p1a: Ursaluna|Protect\n|move|p2b: Typhlosion|Eruption|p1a: Ursaluna|[spread] p1b\n|-activate|p1a: Ursaluna|move: Protect\n|-damage|p1b: Iron Hands|0 fnt\n|faint|p1b: Iron Hands\n|-end|p1b: Iron Hands|Quark Drive|[silent]\n|\n|-weather|SunnyDay|[upkeep]\n|-damage|p1a: Ursaluna|74\/100 brn|[from] brn\n|upkeep\n|\n|t:|1717684148\n|switch|p1b: Farigiraf|Farigiraf, L50, F, shiny|75\/100\n|turn|5\n|\n|t:|1717684153\n|move|p2b: Typhlosion|Eruption|p1b: Farigiraf|[spread] p1a,p1b\n|-damage|p1a: Ursaluna|12\/100 brn\n|-damage|p1b: Farigiraf|20\/100\n|move|p2a: Koraidon|Collision Course|p1b: Farigiraf\n|-damage|p1b: Farigiraf|0 fnt\n|faint|p1b: Farigiraf\n|-damage|p2a: Koraidon|91\/100|[from] item: Life Orb\n|move|p1a: Ursaluna|Headlong Rush|p2b: Typhlosion\n|-supereffective|p2b: Typhlosion\n|-damage|p2b: Typhlosion|0 fnt\n|-unboost|p1a: Ursaluna|def|1\n|-unboost|p1a: Ursaluna|spd|1\n|faint|p2b: Typhlosion\n|\n|-weather|SunnyDay|[upkeep]\n|-damage|p1a: Ursaluna|6\/100 brn|[from] brn\n|-sideend|p2: pkmnallrounder|move: Tailwind\n|-fieldend|move: Electric Terrain\n|upkeep\n|\n|t:|1717684157\n|switch|p2b: Whimsicott|Whimsicott, L50, F|21\/100\n|switch|p1b: Miraidon|Miraidon, L50, tera:Fairy|75\/100\n|-fieldstart|move: Electric Terrain|[from] ability: Hadron Engine|[of] p1b: Miraidon\n|turn|6\n|j| thejruth3\n|\n|t:|1717684233\n|move|p1b: Miraidon|Dazzling Gleam|p2b: Whimsicott|[spread] p2a,p2b\n|-supereffective|p2a: Koraidon\n|-damage|p2a: Koraidon|0 fnt\n|-damage|p2b: Whimsicott|0 fnt\n|faint|p2a: Koraidon\n|faint|p2b: Whimsicott\n|\n|win|pint of guiness\n|raw|pint of guiness's rating: 1657 &rarr; <strong>1680<\/strong><br \/>(+23 for winning)\n|raw|pkmnallrounder's rating: 1708 &rarr; <strong>1685<\/strong><br \/>(-23 for losing)\n|l|\u2606pkmnallrounder\n|player|p2|\n|l|\u203dpint of guiness\n|player|p1|\n","uploadtime":1717684380,"views":24,"formatid":"gen9vgc2024regg","rating":1680,"private":0,"password":null}