{"id":"gen9vgc2024regg-2138683645","format":"[Gen 9] VGC 2024 Reg G","players":["edo ghira","stbai"],"log":"|j|\u2606edo ghira\n|j|\u2606stbai\n|t:|1717761503\n|gametype|doubles\n|player|p1|edo ghira|lance|1742\n|player|p2|stbai|janitor|1690\n|teamsize|p1|6\n|teamsize|p2|6\n|gen|9\n|tier|[Gen 9] VGC 2024 Reg G\n|rated|\n|rule|Species Clause: Limit one of each Pok\u00e9mon\n|rule|Item Clause: Limit one of each item\n|clearpoke\n|poke|p1|Terapagos, L50, M|\n|poke|p1|Rillaboom, L50, F|\n|poke|p1|Electabuzz, L50, M|\n|poke|p1|Talonflame, L50, F|\n|poke|p1|Urshifu-*, L50, M|\n|poke|p1|Chi-Yu, L50|\n|poke|p2|Tatsugiri, L50, F|\n|poke|p2|Terapagos, L50, M|\n|poke|p2|Ditto, L50|\n|poke|p2|Pawmot, L50, M|\n|poke|p2|Latios, L50, M|\n|poke|p2|Dondozo, L50, F|\n|teampreview|4\n|inactive|Battle timer is ON: inactive players will automatically lose when time's up. (requested by stbai)\n|inactive|edo ghira has 60 seconds left.\n|inactive|edo ghira has 30 seconds left.\n|\n|t:|1717761564\n|start\n|switch|p1a: Terapagos|Terapagos, L50, M|100\/100\n|switch|p1b: Rillaboom|Rillaboom, L50, F|100\/100\n|switch|p2a: Latios|Latios, L50, M|100\/100\n|switch|p2b: Terapagos|Terapagos, L50, M|100\/100\n|-activate|p2b: Terapagos|ability: Tera Shift\n|detailschange|p2b: Terapagos|Terapagos-Terastal, L50, M\n|-heal|p2b: Terapagos|100\/100|[silent]\n|-activate|p1a: Terapagos|ability: Tera Shift\n|detailschange|p1a: Terapagos|Terapagos-Terastal, L50, M\n|-heal|p1a: Terapagos|100\/100|[silent]\n|-fieldstart|move: Grassy Terrain|[from] ability: Grassy Surge|[of] p1b: Rillaboom\n|turn|1\n|j| michaevgc23\n|inactive|stbai has 30 seconds left.\n|\n|t:|1717761592\n|-terastallize|p2b: Terapagos|Stellar\n|detailschange|p2b: Terapagos|Terapagos-Stellar, L50, M, tera:Stellar\n|-heal|p2b: Terapagos|100\/100|[silent]\n|-ability|p2b: Terapagos|Teraform Zero\n|-fieldend|move: Grassy Terrain\n|move|p1b: Rillaboom|Fake Out|p2a: Latios\n|-damage|p2a: Latios|83\/100\n|move|p2a: Latios|Luster Purge|p1b: Rillaboom\n|-damage|p1b: Rillaboom|69\/100\n|move|p2b: Terapagos|Tera Starstorm|p1b: Rillaboom|[spread] p1a,p1b\n|-activate|p1a: Terapagos|ability: Tera Shell\n|-resisted|p1a: Terapagos\n|-damage|p1a: Terapagos|76\/100\n|-damage|p1b: Rillaboom|27\/100\n|move|p1a: Terapagos|Calm Mind|p1a: Terapagos\n|-boost|p1a: Terapagos|spa|1\n|-boost|p1a: Terapagos|spd|1\n|\n|upkeep\n|turn|2\n|\n|t:|1717761613\n|move|p1a: Terapagos|Protect|p1a: Terapagos\n|-singleturn|p1a: Terapagos|Protect\n|move|p2a: Latios|Luster Purge|p1a: Terapagos\n|-activate|p1a: Terapagos|move: Protect\n|move|p2b: Terapagos|Tera Starstorm|p1a: Terapagos|[spread] p1b\n|-activate|p1a: Terapagos|move: Protect\n|-damage|p1b: Rillaboom|0 fnt\n|faint|p1b: Rillaboom\n|\n|upkeep\n|\n|t:|1717761621\n|switch|p1b: Talonflame|Talonflame, L50, F|100\/100\n|turn|3\n|\n|t:|1717761627\n|-terastallize|p1a: Terapagos|Stellar\n|detailschange|p1a: Terapagos|Terapagos-Stellar, L50, M, tera:Stellar\n|-heal|p1a: Terapagos|82\/100|[silent]\n|move|p1b: Talonflame|Tailwind|p1b: Talonflame\n|-sidestart|p1: edo ghira|move: Tailwind\n|move|p1a: Terapagos|Tera Starstorm|p2b: Terapagos|[spread] p2a,p2b\n|-supereffective|p2b: Terapagos\n|-damage|p2a: Latios|35\/100\n|-damage|p2b: Terapagos|32\/100\n|move|p2a: Latios|Tailwind|p2a: Latios\n|-sidestart|p2: stbai|move: Tailwind\n|move|p2b: Terapagos|Tera Starstorm|p1a: Terapagos|[spread] p1a,p1b\n|-supereffective|p1a: Terapagos\n|-damage|p1a: Terapagos|32\/100\n|-damage|p1b: Talonflame|6\/100\n|\n|upkeep\n|turn|4\n|\n|t:|1717761644\n|switch|p2a: Dondozo|Dondozo, L50, F|100\/100\n|switch|p2b: Tatsugiri|Tatsugiri, L50, F|100\/100\n|-activate|p2b: Tatsugiri|ability: Commander|[of] p2a: Dondozo\n|-boost|p2a: Dondozo|atk|2\n|-boost|p2a: Dondozo|spa|2\n|-boost|p2a: Dondozo|spe|2\n|-boost|p2a: Dondozo|def|2\n|-boost|p2a: Dondozo|spd|2\n|move|p1b: Talonflame|Brave Bird|p2b: Tatsugiri|[miss]\n|-miss|p1b: Talonflame|p2b: Tatsugiri\n|move|p1a: Terapagos|Tera Starstorm|p2b: Tatsugiri|[spread] p2a\n|-miss|p1a: Terapagos|p2b: Tatsugiri\n|-damage|p2a: Dondozo|84\/100\n|\n|-heal|p2a: Dondozo|90\/100|[from] item: Leftovers\n|upkeep\n|turn|5\n|\n|t:|1717761659\n|move|p1a: Terapagos|Protect|p1a: Terapagos\n|-singleturn|p1a: Terapagos|Protect\n|move|p1b: Talonflame|Will-O-Wisp|p2a: Dondozo\n|-status|p2a: Dondozo|brn\n|move|p2a: Dondozo|Order Up|p1b: Talonflame\n|-damage|p1b: Talonflame|0 fnt\n|faint|p1b: Talonflame\n|-boost|p2a: Dondozo|atk|1\n|\n|-heal|p2a: Dondozo|96\/100 brn|[from] item: Leftovers\n|-damage|p2a: Dondozo|90\/100 brn|[from] brn\n|upkeep\n|\n|t:|1717761665\n|switch|p1b: Urshifu|Urshifu-Rapid-Strike, L50, M|100\/100\n|turn|6\n|\n|t:|1717761673\n|move|p1b: Urshifu|Surging Strikes|p2a: Dondozo\n|-resisted|p2a: Dondozo\n|-crit|p2a: Dondozo\n|-damage|p2a: Dondozo|82\/100 brn\n|-resisted|p2a: Dondozo\n|-crit|p2a: Dondozo\n|-damage|p2a: Dondozo|75\/100 brn\n|-resisted|p2a: Dondozo\n|-crit|p2a: Dondozo\n|-damage|p2a: Dondozo|67\/100 brn\n|-hitcount|p2a: Dondozo|3\n|move|p2a: Dondozo|Earthquake|p1b: Urshifu|[spread] p1a,p1b\n|-miss|p2a: Dondozo|p2b: Tatsugiri\n|-damage|p1a: Terapagos|17\/100\n|-damage|p1b: Urshifu|74\/100\n|move|p1a: Terapagos|Tera Starstorm|p2a: Dondozo|[spread] p2a\n|-miss|p1a: Terapagos|p2b: Tatsugiri\n|-damage|p2a: Dondozo|48\/100 brn\n|\n|-heal|p2a: Dondozo|54\/100 brn|[from] item: Leftovers\n|-damage|p2a: Dondozo|48\/100 brn|[from] brn\n|-sideend|p1: edo ghira|move: Tailwind\n|-sideend|p2: stbai|move: Tailwind\n|upkeep\n|turn|7\n|\n|t:|1717761690\n|move|p1a: Terapagos|Protect|p1a: Terapagos\n|-singleturn|p1a: Terapagos|Protect\n|move|p1b: Urshifu|Surging Strikes|p2a: Dondozo\n|-resisted|p2a: Dondozo\n|-crit|p2a: Dondozo\n|-damage|p2a: Dondozo|41\/100 brn\n|-resisted|p2a: Dondozo\n|-crit|p2a: Dondozo\n|-damage|p2a: Dondozo|33\/100 brn\n|-resisted|p2a: Dondozo\n|-crit|p2a: Dondozo\n|-damage|p2a: Dondozo|25\/100 brn\n|-hitcount|p2a: Dondozo|3\n|move|p2a: Dondozo|Earthquake|p1a: Terapagos|[spread] p1b\n|-miss|p2a: Dondozo|p2b: Tatsugiri\n|-activate|p1a: Terapagos|move: Protect\n|-damage|p1b: Urshifu|46\/100\n|\n|-heal|p2a: Dondozo|31\/100 brn|[from] item: Leftovers\n|-damage|p2a: Dondozo|25\/100 brn|[from] brn\n|upkeep\n|turn|8\n|inactive|edo ghira has 30 seconds left.\n|\n|t:|1717761719\n|move|p1b: Urshifu|Surging Strikes|p2a: Dondozo\n|-resisted|p2a: Dondozo\n|-crit|p2a: Dondozo\n|-damage|p2a: Dondozo|17\/100 brn\n|-resisted|p2a: Dondozo\n|-crit|p2a: Dondozo\n|-damage|p2a: Dondozo|10\/100 brn\n|-resisted|p2a: Dondozo\n|-crit|p2a: Dondozo\n|-damage|p2a: Dondozo|2\/100 brn\n|-hitcount|p2a: Dondozo|3\n|move|p2a: Dondozo|Order Up|p1a: Terapagos\n|-damage|p1a: Terapagos|0 fnt\n|faint|p1a: Terapagos\n|-boost|p2a: Dondozo|atk|1\n|\n|-heal|p2a: Dondozo|8\/100 brn|[from] item: Leftovers\n|-damage|p2a: Dondozo|2\/100 brn|[from] brn\n|upkeep\n|turn|9\n|\n|t:|1717761732\n|move|p1b: Urshifu|Surging Strikes|p2a: Dondozo\n|-resisted|p2a: Dondozo\n|-crit|p2a: Dondozo\n|-damage|p2a: Dondozo|0 fnt\n|faint|p2a: Dondozo\n|-hitcount|p2: Dondozo|1\n|\n|upkeep\n|\n|t:|1717761735\n|switch|p2a: Latios|Latios, L50, M|35\/100\n|turn|10\n|l| michaevgc23\n|\n|t:|1717761738\n|move|p1b: Urshifu|Surging Strikes|p2a: Latios\n|-resisted|p2a: Latios\n|-crit|p2a: Latios\n|-damage|p2a: Latios|22\/100\n|-resisted|p2a: Latios\n|-crit|p2a: Latios\n|-damage|p2a: Latios|10\/100\n|-resisted|p2a: Latios\n|-crit|p2a: Latios\n|-damage|p2a: Latios|0 fnt\n|faint|p2a: Latios\n|-hitcount|p2: Latios|3\n|move|p2b: Tatsugiri|Dragon Pulse|p1b: Urshifu\n|-damage|p1b: Urshifu|0 fnt\n|faint|p1b: Urshifu\n|\n|win|stbai\n|raw|edo ghira's rating: 1742 &rarr; <strong>1719<\/strong><br \/>(-23 for losing)\n|raw|stbai's rating: 1690 &rarr; <strong>1713<\/strong><br \/>(+23 for winning)\n|l|\u2606stbai\n|player|p2|\n|l|\u2606edo ghira\n|player|p1|\n","uploadtime":1717761960,"views":20,"formatid":"gen9vgc2024regg","rating":1713,"private":0,"password":null}