{"id":"gen9vgc2024regg-2138030339","format":"[Gen 9] VGC 2024 Reg G","players":["FlyAwayVGC","edo ghira"],"log":"|j|\u2606FlyAwayVGC\n|j|\u2606edo ghira\n|t:|1717676575\n|gametype|doubles\n|player|p1|FlyAwayVGC|harlequin|1736\n|player|p2|edo ghira|lance|1757\n|teamsize|p1|6\n|teamsize|p2|6\n|gen|9\n|tier|[Gen 9] VGC 2024 Reg G\n|rated|\n|rule|Species Clause: Limit one of each Pok\u00e9mon\n|rule|Item Clause: Limit one of each item\n|clearpoke\n|poke|p1|Kyogre, L50|\n|poke|p1|Iron Jugulis, L50|\n|poke|p1|Tsareena, L50, F|\n|poke|p1|Raging Bolt, L50|\n|poke|p1|Urshifu-*, L50, F|\n|poke|p1|Incineroar, L50, F|\n|poke|p2|Terapagos, L50, M|\n|poke|p2|Rillaboom, L50, M|\n|poke|p2|Electabuzz, L50, F|\n|poke|p2|Talonflame, L50, M|\n|poke|p2|Urshifu-*, L50, M|\n|poke|p2|Chi-Yu, L50|\n|teampreview|4\n|j| Kal0stest\n|\n|t:|1717676621\n|start\n|switch|p1a: Abyss Angel|Iron Jugulis, L50|100\/100\n|switch|p1b: 300 Million|Raging Bolt, L50|100\/100\n|switch|p2a: Terapagos|Terapagos, L50, M|100\/100\n|switch|p2b: Rillaboom|Rillaboom, L50, M|100\/100\n|-activate|p2a: Terapagos|ability: Tera Shift\n|detailschange|p2a: Terapagos|Terapagos-Terastal, L50, M\n|-heal|p2a: Terapagos|100\/100|[silent]\n|-fieldstart|move: Grassy Terrain|[from] ability: Grassy Surge|[of] p2b: Rillaboom\n|-enditem|p1a: Abyss Angel|Booster Energy\n|-activate|p1a: Abyss Angel|ability: Quark Drive|[fromitem]\n|-start|p1a: Abyss Angel|quarkdrivespe\n|turn|1\n|\n|t:|1717676636\n|move|p2b: Rillaboom|Fake Out|p1a: Abyss Angel\n|-damage|p1a: Abyss Angel|84\/100\n|cant|p1a: Abyss Angel|flinch\n|move|p2a: Terapagos|Calm Mind|p2a: Terapagos\n|-boost|p2a: Terapagos|spa|1\n|-boost|p2a: Terapagos|spd|1\n|move|p1b: 300 Million|Volt Switch|p2a: Terapagos\n|-activate|p2a: Terapagos|ability: Tera Shell\n|-resisted|p2a: Terapagos\n|-damage|p2a: Terapagos|83\/100\n|\n|t:|1717676644\n|-end|p1b: 300 Million|Protosynthesis|[silent]\n|switch|p1b: Venus|Tsareena, L50, F|100\/100|[from] Volt Switch\n|\n|-heal|p2a: Terapagos|89\/100|[from] Grassy Terrain\n|upkeep\n|turn|2\n|\n|t:|1717676662\n|move|p2a: Terapagos|Protect|p2a: Terapagos\n|-singleturn|p2a: Terapagos|Protect\n|move|p1a: Abyss Angel|Tailwind|p1a: Abyss Angel\n|-sidestart|p1: FlyAwayVGC|move: Tailwind\n|move|p1b: Venus|Taunt|p2a: Terapagos\n|-activate|p2a: Terapagos|move: Protect\n|move|p2b: Rillaboom|U-turn|p1b: Venus\n|-supereffective|p1b: Venus\n|-damage|p1b: Venus|46\/100\n|\n|t:|1717676672\n|switch|p2b: Electabuzz|Electabuzz, L50, F|100\/100|[from] U-turn\n|\n|-heal|p1b: Venus|52\/100|[from] Grassy Terrain\n|-heal|p2a: Terapagos|95\/100|[from] Grassy Terrain\n|upkeep\n|turn|3\n|inactive|Battle timer is ON: inactive players will automatically lose when time's up. (requested by edo ghira)\n|\n|t:|1717676690\n|move|p2b: Electabuzz|Follow Me|p2b: Electabuzz\n|-singleturn|p2b: Electabuzz|move: Follow Me\n|move|p1a: Abyss Angel|Snarl|p2b: Electabuzz|[spread] p2a,p2b\n|-damage|p2a: Terapagos|84\/100\n|-damage|p2b: Electabuzz|85\/100\n|-unboost|p2b: Electabuzz|spa|1\n|move|p1b: Venus|Power Whip|p2b: Electabuzz\n|-damage|p2b: Electabuzz|30\/100\n|move|p2a: Terapagos|Calm Mind|p2a: Terapagos\n|-boost|p2a: Terapagos|spa|1\n|-boost|p2a: Terapagos|spd|1\n|\n|-heal|p1b: Venus|58\/100|[from] Grassy Terrain\n|-heal|p2b: Electabuzz|36\/100|[from] Grassy Terrain\n|-heal|p2a: Terapagos|90\/100|[from] Grassy Terrain\n|upkeep\n|turn|4\n|\n|t:|1717676706\n|move|p2b: Electabuzz|Follow Me|p2b: Electabuzz\n|-singleturn|p2b: Electabuzz|move: Follow Me\n|move|p1a: Abyss Angel|Hurricane|p2b: Electabuzz\n|-resisted|p2b: Electabuzz\n|-damage|p2b: Electabuzz|19\/100\n|move|p1b: Venus|Power Whip|p2b: Electabuzz\n|-damage|p2b: Electabuzz|0 fnt\n|-status|p1b: Venus|par|[from] ability: Static|[of] p2b: Electabuzz\n|faint|p2b: Electabuzz\n|move|p2a: Terapagos|Calm Mind|p2a: Terapagos\n|-boost|p2a: Terapagos|spa|1\n|-boost|p2a: Terapagos|spd|1\n|\n|-heal|p1b: Venus|64\/100 par|[from] Grassy Terrain\n|-heal|p2a: Terapagos|96\/100|[from] Grassy Terrain\n|upkeep\n|\n|t:|1717676722\n|switch|p2b: Talonflame|Talonflame, L50, M|100\/100\n|turn|5\n|j| Mr.Ready\n|\n|t:|1717676739\n|move|p2a: Terapagos|Protect|p2a: Terapagos\n|-singleturn|p2a: Terapagos|Protect\n|move|p2b: Talonflame|Tailwind|p2b: Talonflame\n|-sidestart|p2: edo ghira|move: Tailwind\n|move|p1a: Abyss Angel|Hurricane|p2a: Terapagos\n|-activate|p2a: Terapagos|move: Protect\n|move|p1b: Venus|Power Whip|p2a: Terapagos\n|-activate|p2a: Terapagos|move: Protect\n|\n|-heal|p2a: Terapagos|100\/100|[from] Grassy Terrain\n|-heal|p1b: Venus|69\/100 par|[from] Grassy Terrain\n|-sideend|p1: FlyAwayVGC|move: Tailwind\n|-fieldend|move: Grassy Terrain\n|upkeep\n|turn|6\n|inactive|edo ghira has 30 seconds left.\n|\n|t:|1717676768\n|move|p1b: Venus|Protect|p1b: Venus\n|-singleturn|p1b: Venus|Protect\n|move|p2b: Talonflame|Will-O-Wisp|p1a: Abyss Angel\n|-status|p1a: Abyss Angel|brn\n|move|p1a: Abyss Angel|Tailwind|p1a: Abyss Angel\n|-sidestart|p1: FlyAwayVGC|move: Tailwind\n|move|p2a: Terapagos|Tera Starstorm|p1b: Venus\n|-activate|p1b: Venus|move: Protect\n|\n|-damage|p1a: Abyss Angel|78\/100 brn|[from] brn\n|upkeep\n|turn|7\n|\n|t:|1717676788\n|move|p2b: Talonflame|Protect|p2b: Talonflame\n|-singleturn|p2b: Talonflame|Protect\n|move|p1a: Abyss Angel|Hurricane|p2b: Talonflame\n|-activate|p2b: Talonflame|move: Protect\n|move|p2a: Terapagos|Tera Starstorm|p1b: Venus\n|-damage|p1b: Venus|0 fnt\n|faint|p1b: Venus\n|\n|-damage|p1a: Abyss Angel|72\/100 brn|[from] brn\n|upkeep\n|\n|t:|1717676803\n|switch|p1b: Whalefall|Kyogre, L50|100\/100\n|-weather|RainDance|[from] ability: Drizzle|[of] p1b: Whalefall\n|turn|8\n|\n|t:|1717676816\n|-terastallize|p2a: Terapagos|Stellar\n|detailschange|p2a: Terapagos|Terapagos-Stellar, L50, M, tera:Stellar\n|-heal|p2a: Terapagos|100\/100|[silent]\n|-ability|p2a: Terapagos|Teraform Zero\n|-weather|none\n|move|p2b: Talonflame|Brave Bird|p1b: Whalefall\n|-damage|p1b: Whalefall|56\/100\n|-damage|p2b: Talonflame|81\/100|[from] Recoil\n|move|p1a: Abyss Angel|Hurricane|p2a: Terapagos\n|-damage|p2a: Terapagos|87\/100\n|move|p1b: Whalefall|Ice Beam|p2a: Terapagos\n|-damage|p2a: Terapagos|78\/100\n|move|p2a: Terapagos|Tera Starstorm|p1b: Whalefall|[spread] p1a,p1b\n|-damage|p1a: Abyss Angel|0 fnt\n|-damage|p1b: Whalefall|14\/100\n|faint|p1a: Abyss Angel\n|-end|p1a: Abyss Angel|Quark Drive|[silent]\n|\n|-sideend|p2: edo ghira|move: Tailwind\n|upkeep\n|\n|t:|1717676835\n|switch|p1a: 300 Million|Raging Bolt, L50|100\/100\n|turn|9\n|\n|t:|1717676849\n|move|p2b: Talonflame|Protect|p2b: Talonflame\n|-singleturn|p2b: Talonflame|Protect\n|move|p1b: Whalefall|Ice Beam|p2a: Terapagos\n|-damage|p2a: Terapagos|69\/100\n|move|p1a: 300 Million|Thunderbolt|p2b: Talonflame\n|-activate|p2b: Talonflame|move: Protect\n|move|p2a: Terapagos|Tera Starstorm|p1a: 300 Million|[spread] p1a,p1b\n|-damage|p1a: 300 Million|13\/100\n|-damage|p1b: Whalefall|0 fnt\n|faint|p1b: Whalefall\n|\n|-sideend|p1: FlyAwayVGC|move: Tailwind\n|upkeep\n|turn|10\n|-message|FlyAwayVGC forfeited.\n|\n|win|edo ghira\n|raw|FlyAwayVGC's rating: 1736 &rarr; <strong>1717<\/strong><br \/>(-19 for losing)\n|raw|edo ghira's rating: 1757 &rarr; <strong>1776<\/strong><br \/>(+19 for winning)\n|l|\u2606FlyAwayVGC\n|player|p1|\n|l|\u2606edo ghira\n|player|p2|\n|l| Kal0stest\n|l| Mr.Ready\n","uploadtime":1717677047,"views":59,"formatid":"gen9vgc2024regg","rating":1717,"private":0,"password":null}