{"id":"gen9vgc2024regg-2138028301","format":"[Gen 9] VGC 2024 Reg G","players":["FlyAwayVGC","Zonavideovigilada"],"log":"|j|\u2606FlyAwayVGC\n|j|\u2606Zonavideovigilada\n|t:|1717676298\n|gametype|doubles\n|player|p1|FlyAwayVGC|harlequin|1755\n|player|p2|Zonavideovigilada|169|1774\n|teamsize|p1|6\n|teamsize|p2|6\n|gen|9\n|tier|[Gen 9] VGC 2024 Reg G\n|rated|\n|rule|Species Clause: Limit one of each Pok\u00e9mon\n|rule|Item Clause: Limit one of each item\n|clearpoke\n|poke|p1|Kyogre, L50|\n|poke|p1|Iron Jugulis, L50|\n|poke|p1|Tsareena, L50, F|\n|poke|p1|Raging Bolt, L50|\n|poke|p1|Urshifu-*, L50, M|\n|poke|p1|Incineroar, L50, M|\n|poke|p2|Urshifu-*, L50, F|\n|poke|p2|Pelipper, L50, F|\n|poke|p2|Zacian-*, L50|\n|poke|p2|Chien-Pao, L50|\n|poke|p2|Rillaboom, L50, M|\n|poke|p2|Dragonite, L50, F|\n|teampreview|4\n|\n|t:|1717676339\n|start\n|switch|p1a: Abyss Angel|Iron Jugulis, L50|100\/100\n|switch|p1b: Whalefall|Kyogre, L50|100\/100\n|switch|p2a: Dragonite|Dragonite, L50, F|100\/100\n|switch|p2b: Rillaboom|Rillaboom, L50, M|100\/100\n|-weather|RainDance|[from] ability: Drizzle|[of] p1b: Whalefall\n|-fieldstart|move: Grassy Terrain|[from] ability: Grassy Surge|[of] p2b: Rillaboom\n|-enditem|p1a: Abyss Angel|Booster Energy\n|-activate|p1a: Abyss Angel|ability: Quark Drive|[fromitem]\n|-start|p1a: Abyss Angel|quarkdrivespe\n|turn|1\n|\n|t:|1717676372\n|switch|p1b: Venus|Tsareena, L50, F|100\/100\n|move|p1a: Abyss Angel|Hurricane|p2b: Rillaboom\n|-supereffective|p2b: Rillaboom\n|-damage|p2b: Rillaboom|39\/100\n|move|p2b: Rillaboom|U-turn|p1b: Venus\n|-supereffective|p1b: Venus\n|-damage|p1b: Venus|50\/100\n|\n|t:|1717676383\n|switch|p2b: Chien-Pao|Chien-Pao, L50|100\/100|[from] U-turn\n|-ability|p2b: Chien-Pao|Sword of Ruin\n|move|p2a: Dragonite|Outrage|p1b: Venus\n|-damage|p1b: Venus|0 fnt\n|faint|p1b: Venus\n|\n|-weather|RainDance|[upkeep]\n|upkeep\n|\n|t:|1717676395\n|switch|p1b: Whalefall|Kyogre, L50|100\/100\n|turn|2\n|\n|t:|1717676411\n|move|p1a: Abyss Angel|Hurricane|p2b: Chien-Pao\n|-damage|p2b: Chien-Pao|18\/100\n|move|p2b: Chien-Pao|Icicle Crash|p1a: Abyss Angel|[miss]\n|-miss|p2b: Chien-Pao|p1a: Abyss Angel\n|move|p1b: Whalefall|Ice Beam|p2a: Dragonite\n|-supereffective|p2a: Dragonite\n|-crit|p2a: Dragonite\n|-damage|p2a: Dragonite|0 fnt\n|faint|p2a: Dragonite\n|\n|-weather|RainDance|[upkeep]\n|-heal|p2b: Chien-Pao|24\/100|[from] Grassy Terrain\n|upkeep\n|\n|t:|1717676422\n|switch|p2a: Rillaboom|Rillaboom, L50, M|39\/100\n|turn|3\n|j| KHAN ZAMAI\n|\n|t:|1717676443\n|-terastallize|p1b: Whalefall|Grass\n|move|p2a: Rillaboom|Fake Out|p1a: Abyss Angel\n|-crit|p1a: Abyss Angel\n|-damage|p1a: Abyss Angel|70\/100\n|cant|p1a: Abyss Angel|flinch\n|move|p2b: Chien-Pao|Icicle Crash|p1a: Abyss Angel\n|-supereffective|p1a: Abyss Angel\n|-crit|p1a: Abyss Angel\n|-damage|p1a: Abyss Angel|0 fnt\n|faint|p1a: Abyss Angel\n|-end|p1a: Abyss Angel|Quark Drive|[silent]\n|move|p1b: Whalefall|Water Spout|p2b: Chien-Pao|[spread] p2a,p2b\n|-resisted|p2a: Rillaboom\n|-damage|p2a: Rillaboom|5\/100\n|-damage|p2b: Chien-Pao|0 fnt\n|faint|p2b: Chien-Pao\n|\n|-weather|RainDance|[upkeep]\n|-heal|p2a: Rillaboom|11\/100|[from] Grassy Terrain\n|upkeep\n|\n|t:|1717676457\n|switch|p2b: Zacian|Zacian-Crowned, L50|100\/100\n|switch|p1a: 300 Million|Raging Bolt, L50|100\/100\n|-ability|p2b: Zacian|Intrepid Sword|boost\n|-boost|p2b: Zacian|atk|1\n|turn|4\n|l| KHAN ZAMAI\n|j| KHAN ZAMAI\n|l| KHAN ZAMAI\n|j| Kal0stest\n|\n|t:|1717676516\n|-terastallize|p2b: Zacian|Dragon\n|move|p2a: Rillaboom|Grassy Glide|p1b: Whalefall\n|-resisted|p1b: Whalefall\n|-damage|p1b: Whalefall|84\/100\n|move|p2b: Zacian|Play Rough|p1a: 300 Million\n|-supereffective|p1a: 300 Million\n|-damage|p1a: 300 Million|0 fnt\n|faint|p1a: 300 Million\n|-end|p1a: 300 Million|Protosynthesis|[silent]\n|move|p1b: Whalefall|Origin Pulse|p2b: Zacian|[spread] p2a,p2b\n|-resisted|p2a: Rillaboom\n|-resisted|p2b: Zacian\n|-crit|p2b: Zacian\n|-damage|p2a: Rillaboom|0 fnt\n|-damage|p2b: Zacian|52\/100\n|faint|p2a: Rillaboom\n|\n|-weather|RainDance|[upkeep]\n|-heal|p2b: Zacian|58\/100|[from] Grassy Terrain\n|-heal|p1b: Whalefall|90\/100|[from] Grassy Terrain\n|upkeep\n|turn|5\n|\n|t:|1717676548\n|move|p2b: Zacian|Protect|p2b: Zacian\n|-singleturn|p2b: Zacian|Protect\n|move|p1b: Whalefall|Ice Beam|p2b: Zacian\n|-activate|p2b: Zacian|move: Protect\n|\n|-weather|none\n|-heal|p2b: Zacian|63\/100|[from] Grassy Terrain\n|-heal|p1b: Whalefall|96\/100|[from] Grassy Terrain\n|-fieldend|move: Grassy Terrain\n|upkeep\n|turn|6\n|\n|t:|1717676557\n|move|p2b: Zacian|Behemoth Blade|p1b: Whalefall\n|-damage|p1b: Whalefall|17\/100\n|move|p1b: Whalefall|Ice Beam|p2b: Zacian\n|-supereffective|p2b: Zacian\n|-damage|p2b: Zacian|8\/100\n|\n|upkeep\n|turn|7\n|\n|t:|1717676565\n|move|p2b: Zacian|Behemoth Blade|p1b: Whalefall\n|-damage|p1b: Whalefall|0 fnt\n|faint|p1b: Whalefall\n|\n|win|Zonavideovigilada\n|raw|FlyAwayVGC's rating: 1755 &rarr; <strong>1736<\/strong><br \/>(-19 for losing)\n|raw|Zonavideovigilada's rating: 1774 &rarr; <strong>1793<\/strong><br \/>(+19 for winning)\n|l|\u2606FlyAwayVGC\n|player|p1|\n|l|\u2606Zonavideovigilada\n|player|p2|\n|l| Kal0stest\n","uploadtime":1717676771,"views":108,"formatid":"gen9vgc2024regg","rating":1736,"private":0,"password":null}