{"id":"gen9vgc2024regg-2138046773","format":"[Gen 9] VGC 2024 Reg G","players":["Cyclades","edo ghira"],"log":"|j|\u2606Cyclades\n|j|\u2606edo ghira\n|t:|1717678696\n|gametype|doubles\n|player|p1|Cyclades|ninjaboy|1714\n|player|p2|edo ghira|lance|1718\n|teamsize|p1|6\n|teamsize|p2|6\n|gen|9\n|tier|[Gen 9] VGC 2024 Reg G\n|rated|\n|rule|Species Clause: Limit one of each Pok\u00e9mon\n|rule|Item Clause: Limit one of each item\n|clearpoke\n|poke|p1|Lunala, L50|\n|poke|p1|Urshifu-*, L50, M|\n|poke|p1|Tornadus, L50, M|\n|poke|p1|Rillaboom, L50, F|\n|poke|p1|Chi-Yu, L50|\n|poke|p1|Amoonguss, L50, M|\n|poke|p2|Terapagos, L50, M|\n|poke|p2|Rillaboom, L50, F|\n|poke|p2|Electabuzz, L50, M|\n|poke|p2|Talonflame, L50, F|\n|poke|p2|Urshifu-*, L50, M|\n|poke|p2|Chi-Yu, L50|\n|teampreview|4\n|\n|t:|1717678741\n|start\n|switch|p1a: Lunala|Lunala, L50|100\/100\n|switch|p1b: Tornadus|Tornadus, L50, M|100\/100\n|switch|p2a: Terapagos|Terapagos, L50, M|100\/100\n|switch|p2b: Chi-Yu|Chi-Yu, L50|100\/100\n|-activate|p2a: Terapagos|ability: Tera Shift\n|detailschange|p2a: Terapagos|Terapagos-Terastal, L50, M\n|-heal|p2a: Terapagos|100\/100|[silent]\n|-ability|p2b: Chi-Yu|Beads of Ruin\n|turn|1\n|\n|t:|1717678767\n|move|p1b: Tornadus|Tailwind|p1b: Tornadus\n|-sidestart|p1: Cyclades|move: Tailwind\n|move|p1a: Lunala|Meteor Beam||[still]\n|-prepare|p1a: Lunala|Meteor Beam\n|-boost|p1a: Lunala|spa|1\n|-enditem|p1a: Lunala|Power Herb\n|-anim|p1a: Lunala|Meteor Beam|p2b: Chi-Yu\n|-supereffective|p2b: Chi-Yu\n|-enditem|p2b: Chi-Yu|Focus Sash\n|-damage|p2b: Chi-Yu|1\/100\n|move|p2b: Chi-Yu|Snarl|p1a: Lunala|[spread] p1a,p1b\n|-supereffective|p1a: Lunala\n|-damage|p1a: Lunala|54\/100\n|-damage|p1b: Tornadus|68\/100\n|-unboost|p1a: Lunala|spa|1\n|move|p2a: Terapagos|Calm Mind|p2a: Terapagos\n|-boost|p2a: Terapagos|spa|1\n|-boost|p2a: Terapagos|spd|1\n|\n|upkeep\n|turn|2\n|\n|t:|1717678798\n|switch|p2b: Electabuzz|Electabuzz, L50, M|100\/100\n|move|p1b: Tornadus|Bleakwind Storm|p2a: Terapagos|[spread] p2a\n|-miss|p1b: Tornadus|p2b: Electabuzz\n|-activate|p2a: Terapagos|ability: Tera Shell\n|-resisted|p2a: Terapagos\n|-damage|p2a: Terapagos|93\/100\n|move|p1a: Lunala|Moonblast|p2a: Terapagos\n|-damage|p2a: Terapagos|73\/100\n|move|p2a: Terapagos|Calm Mind|p2a: Terapagos\n|-boost|p2a: Terapagos|spa|1\n|-boost|p2a: Terapagos|spd|1\n|\n|upkeep\n|turn|3\n|\n|t:|1717678824\n|-terastallize|p2a: Terapagos|Stellar\n|detailschange|p2a: Terapagos|Terapagos-Stellar, L50, M, tera:Stellar\n|-heal|p2a: Terapagos|80\/100|[silent]\n|move|p2b: Electabuzz|Feint|p1b: Tornadus\n|-damage|p1b: Tornadus|62\/100\n|move|p1b: Tornadus|Taunt|p2b: Electabuzz\n|-start|p2b: Electabuzz|move: Taunt\n|move|p1a: Lunala|Moonblast|p2a: Terapagos\n|-damage|p2a: Terapagos|68\/100\n|move|p2a: Terapagos|Tera Starstorm|p1b: Tornadus|[spread] p1a,p1b\n|-damage|p1a: Lunala|1\/100\n|-damage|p1b: Tornadus|0 fnt\n|faint|p1b: Tornadus\n|\n|upkeep\n|\n|t:|1717678841\n|switch|p1b: Urshifu|Urshifu, L50, M|100\/100\n|turn|4\n|\n|t:|1717678860\n|move|p1b: Urshifu|Close Combat|p2a: Terapagos\n|-supereffective|p2a: Terapagos\n|-damage|p2a: Terapagos|0 fnt\n|-unboost|p1b: Urshifu|def|1\n|-unboost|p1b: Urshifu|spd|1\n|faint|p2a: Terapagos\n|move|p1a: Lunala|Moongeist Beam|p2b: Electabuzz\n|-damage|p2b: Electabuzz|55\/100\n|move|p2b: Electabuzz|Volt Switch|p1a: Lunala\n|-damage|p1a: Lunala|0 fnt\n|faint|p1a: Lunala\n|\n|t:|1717678875\n|switch|p2b: Talonflame|Talonflame, L50, F|100\/100|[from] Volt Switch\n|\n|-sideend|p1: Cyclades|move: Tailwind\n|upkeep\n|\n|t:|1717678881\n|switch|p1a: Chi-Yu|Chi-Yu, L50|100\/100\n|switch|p2a: Electabuzz|Electabuzz, L50, M|55\/100\n|-ability|p1a: Chi-Yu|Beads of Ruin\n|turn|5\n|\n|t:|1717678903\n|-terastallize|p1b: Urshifu|Dark\n|move|p2a: Electabuzz|Feint|p1b: Urshifu\n|-damage|p1b: Urshifu|91\/100\n|move|p2b: Talonflame|Brave Bird|p1b: Urshifu\n|-damage|p1b: Urshifu|23\/100\n|-damage|p2b: Talonflame|75\/100|[from] Recoil\n|move|p1b: Urshifu|Sucker Punch||[still]\n|-fail|p1b: Urshifu\n|move|p1a: Chi-Yu|Heat Wave|p2a: Electabuzz|[spread] p2a\n|-miss|p1a: Chi-Yu|p2b: Talonflame\n|-damage|p2a: Electabuzz|9\/100\n|-damage|p1a: Chi-Yu|91\/100|[from] item: Life Orb\n|\n|upkeep\n|turn|6\n|\n|t:|1717678921\n|move|p2a: Electabuzz|Follow Me|p2a: Electabuzz\n|-singleturn|p2a: Electabuzz|move: Follow Me\n|move|p1b: Urshifu|Sucker Punch||[still]\n|-fail|p1b: Urshifu\n|move|p2b: Talonflame|Brave Bird|p1b: Urshifu\n|-damage|p1b: Urshifu|0 fnt\n|faint|p1b: Urshifu\n|-damage|p2b: Talonflame|66\/100|[from] Recoil\n|move|p1a: Chi-Yu|Heat Wave|p2a: Electabuzz|[spread] p2a,p2b\n|-resisted|p2b: Talonflame\n|-damage|p2a: Electabuzz|0 fnt\n|-damage|p2b: Talonflame|20\/100\n|faint|p2a: Electabuzz\n|-damage|p1a: Chi-Yu|82\/100|[from] item: Life Orb\n|\n|upkeep\n|\n|t:|1717678930\n|switch|p2a: Chi-Yu|Chi-Yu, L50|1\/100\n|-ability|p2a: Chi-Yu|Beads of Ruin\n|turn|7\n|\n|t:|1717678941\n|move|p2b: Talonflame|Brave Bird|p1a: Chi-Yu\n|-damage|p1a: Chi-Yu|10\/100\n|-damage|p2b: Talonflame|0 fnt|[from] Recoil\n|faint|p2b: Talonflame\n|move|p2a: Chi-Yu|Dark Pulse|p1a: Chi-Yu\n|-resisted|p1a: Chi-Yu\n|-crit|p1a: Chi-Yu\n|-damage|p1a: Chi-Yu|0 fnt\n|faint|p1a: Chi-Yu\n|\n|win|edo ghira\n|raw|Cyclades's rating: 1714 &rarr; <strong>1694<\/strong><br \/>(-20 for losing)\n|raw|edo ghira's rating: 1718 &rarr; <strong>1738<\/strong><br \/>(+20 for winning)\n|l|\u2606Cyclades\n|player|p1|\n|l|\u2606edo ghira\n|player|p2|\n","uploadtime":1717679122,"views":17,"formatid":"gen9vgc2024regg","rating":1694,"private":0,"password":null}