{"id":"gen9vgc2024regg-2138696672","format":"[Gen 9] VGC 2024 Reg G","players":["stbai","edo ghira"],"log":"|j|\u2606stbai\n|j|\u2606edo ghira\n|t:|1717763307\n|gametype|doubles\n|player|p1|stbai|janitor|1677\n|player|p2|edo ghira|lance|1711\n|teamsize|p1|6\n|teamsize|p2|6\n|gen|9\n|tier|[Gen 9] VGC 2024 Reg G\n|rated|\n|rule|Species Clause: Limit one of each Pok\u00e9mon\n|rule|Item Clause: Limit one of each item\n|clearpoke\n|poke|p1|Tatsugiri, L50, M|\n|poke|p1|Terapagos, L50, M|\n|poke|p1|Ditto, L50|\n|poke|p1|Pawmot, L50, F|\n|poke|p1|Latios, L50, M|\n|poke|p1|Dondozo, L50, F|\n|poke|p2|Terapagos, L50, M|\n|poke|p2|Rillaboom, L50, F|\n|poke|p2|Electabuzz, L50, F|\n|poke|p2|Talonflame, L50, F|\n|poke|p2|Urshifu-*, L50, M|\n|poke|p2|Chi-Yu, L50|\n|teampreview|4\n|inactive|Battle timer is ON: inactive players will automatically lose when time's up. (requested by stbai)\n|inactive|edo ghira has 60 seconds left.\n|\n|t:|1717763342\n|start\n|switch|p1a: Terapagos|Terapagos, L50, M|100\/100\n|switch|p1b: Pawmot|Pawmot, L50, F|100\/100\n|switch|p2a: Terapagos|Terapagos, L50, M|100\/100\n|switch|p2b: Talonflame|Talonflame, L50, F|100\/100\n|-activate|p1a: Terapagos|ability: Tera Shift\n|detailschange|p1a: Terapagos|Terapagos-Terastal, L50, M\n|-heal|p1a: Terapagos|100\/100|[silent]\n|-activate|p2a: Terapagos|ability: Tera Shift\n|detailschange|p2a: Terapagos|Terapagos-Terastal, L50, M\n|-heal|p2a: Terapagos|100\/100|[silent]\n|turn|1\n|\n|t:|1717763363\n|-terastallize|p1a: Terapagos|Stellar\n|detailschange|p1a: Terapagos|Terapagos-Stellar, L50, M, tera:Stellar\n|-heal|p1a: Terapagos|100\/100|[silent]\n|move|p1b: Pawmot|Fake Out|p2b: Talonflame\n|-damage|p2b: Talonflame|79\/100\n|move|p2b: Talonflame|Will-O-Wisp|p1b: Pawmot\n|-status|p1b: Pawmot|brn\n|move|p1a: Terapagos|Tera Starstorm|p2b: Talonflame|[spread] p2a,p2b\n|-activate|p2a: Terapagos|ability: Tera Shell\n|-resisted|p2a: Terapagos\n|-damage|p2a: Terapagos|74\/100\n|-damage|p2b: Talonflame|0 fnt\n|faint|p2b: Talonflame\n|move|p2a: Terapagos|Calm Mind|p2a: Terapagos\n|-boost|p2a: Terapagos|spa|1\n|-boost|p2a: Terapagos|spd|1\n|\n|-damage|p1b: Pawmot|94\/100 brn|[from] brn\n|upkeep\n|\n|t:|1717763382\n|switch|p2b: Rillaboom|Rillaboom, L50, F|100\/100\n|-fieldstart|move: Grassy Terrain|[from] ability: Grassy Surge|[of] p2b: Rillaboom\n|turn|2\n|\n|t:|1717763403\n|-curestatus|p1b: Pawmot|brn|[from] ability: Natural Cure\n|switch|p1b: Dondozo|Dondozo, L50, F|100\/100\n|-terastallize|p2a: Terapagos|Stellar\n|detailschange|p2a: Terapagos|Terapagos-Stellar, L50, M, tera:Stellar\n|-heal|p2a: Terapagos|80\/100|[silent]\n|-ability|p2a: Terapagos|Teraform Zero\n|-fieldend|move: Grassy Terrain\n|move|p2b: Rillaboom|Fake Out|p1a: Terapagos\n|-damage|p1a: Terapagos|91\/100\n|cant|p1a: Terapagos|flinch\n|move|p2a: Terapagos|Tera Starstorm|p1a: Terapagos|[spread] p1a,p1b\n|-supereffective|p1a: Terapagos\n|-damage|p1a: Terapagos|20\/100\n|-damage|p1b: Dondozo|67\/100\n|\n|-heal|p1b: Dondozo|73\/100|[from] item: Leftovers\n|upkeep\n|turn|3\n|\n|t:|1717763424\n|move|p2a: Terapagos|Protect|p2a: Terapagos\n|-singleturn|p2a: Terapagos|Protect\n|move|p1b: Dondozo|Protect|p1b: Dondozo\n|-singleturn|p1b: Dondozo|Protect\n|move|p1a: Terapagos|Tera Starstorm|p2a: Terapagos|[spread] p2b\n|-activate|p2a: Terapagos|move: Protect\n|-damage|p2b: Rillaboom|54\/100\n|move|p2b: Rillaboom|U-turn|p1b: Dondozo\n|-activate|p1b: Dondozo|move: Protect\n|\n|-heal|p1b: Dondozo|79\/100|[from] item: Leftovers\n|upkeep\n|turn|4\n|\n|t:|1717763440\n|switch|p1a: Tatsugiri|Tatsugiri, L50, M|100\/100\n|-activate|p1a: Tatsugiri|ability: Commander|[of] p1b: Dondozo\n|-boost|p1b: Dondozo|atk|2\n|-boost|p1b: Dondozo|spa|2\n|-boost|p1b: Dondozo|spe|2\n|-boost|p1b: Dondozo|def|2\n|-boost|p1b: Dondozo|spd|2\n|move|p1b: Dondozo|Order Up|p2b: Rillaboom\n|-crit|p2b: Rillaboom\n|-damage|p2b: Rillaboom|0 fnt\n|faint|p2b: Rillaboom\n|-boost|p1b: Dondozo|atk|1\n|move|p2a: Terapagos|Tera Starstorm|p1a: Tatsugiri|[spread] p1b\n|-miss|p2a: Terapagos|p1a: Tatsugiri\n|-damage|p1b: Dondozo|62\/100\n|\n|-heal|p1b: Dondozo|68\/100|[from] item: Leftovers\n|upkeep\n|\n|t:|1717763453\n|switch|p2b: Urshifu|Urshifu-Rapid-Strike, L50, M|100\/100\n|turn|5\n|\n|t:|1717763459\n|move|p2b: Urshifu|Surging Strikes|p1b: Dondozo\n|-resisted|p1b: Dondozo\n|-crit|p1b: Dondozo\n|-damage|p1b: Dondozo|60\/100\n|-resisted|p1b: Dondozo\n|-crit|p1b: Dondozo\n|-damage|p1b: Dondozo|52\/100\n|-resisted|p1b: Dondozo\n|-crit|p1b: Dondozo\n|-damage|p1b: Dondozo|44\/100\n|-hitcount|p1b: Dondozo|3\n|move|p1b: Dondozo|Earthquake|p2b: Urshifu|[spread] p2a,p2b\n|-miss|p1b: Dondozo|p1a: Tatsugiri\n|-damage|p2a: Terapagos|50\/100\n|-damage|p2b: Urshifu|43\/100\n|move|p2a: Terapagos|Tera Starstorm|p1a: Tatsugiri|[spread] p1b\n|-miss|p2a: Terapagos|p1a: Tatsugiri\n|-damage|p1b: Dondozo|25\/100\n|\n|-heal|p1b: Dondozo|31\/100|[from] item: Leftovers\n|upkeep\n|turn|6\n|inactive|edo ghira has 30 seconds left.\n|\n|t:|1717763487\n|move|p2b: Urshifu|Surging Strikes|p1b: Dondozo\n|-resisted|p1b: Dondozo\n|-crit|p1b: Dondozo\n|-damage|p1b: Dondozo|23\/100\n|-resisted|p1b: Dondozo\n|-crit|p1b: Dondozo\n|-damage|p1b: Dondozo|16\/100\n|-resisted|p1b: Dondozo\n|-crit|p1b: Dondozo\n|-damage|p1b: Dondozo|8\/100\n|-hitcount|p1b: Dondozo|3\n|move|p1b: Dondozo|Earthquake|p2b: Urshifu|[spread] p2a,p2b\n|-miss|p1b: Dondozo|p1a: Tatsugiri\n|-damage|p2a: Terapagos|18\/100\n|-damage|p2b: Urshifu|0 fnt\n|faint|p2b: Urshifu\n|move|p2a: Terapagos|Tera Starstorm|p1a: Tatsugiri|[spread] p1b\n|-miss|p2a: Terapagos|p1a: Tatsugiri\n|-damage|p1b: Dondozo|0 fnt\n|faint|p1b: Dondozo\n|\n|upkeep\n|\n|t:|1717763501\n|switch|p1b: Pawmot|Pawmot, L50, F|94\/100\n|turn|7\n|\n|t:|1717763504\n|move|p2a: Terapagos|Protect|p2a: Terapagos\n|-singleturn|p2a: Terapagos|Protect\n|move|p1b: Pawmot|Fake Out|p2a: Terapagos\n|-activate|p2a: Terapagos|move: Protect\n|move|p1a: Tatsugiri|Dragon Pulse|p2a: Terapagos\n|-activate|p2a: Terapagos|move: Protect\n|\n|upkeep\n|turn|8\n|\n|t:|1717763509\n|move|p1b: Pawmot|Revival Blessing|p1b: Pawmot\n|\n|t:|1717763512\n|-heal|p1: Dondozo|50\/100|[from] move: Revival Blessing\n|move|p1a: Tatsugiri|Dragon Pulse|p2a: Terapagos\n|-damage|p2a: Terapagos|0 fnt\n|faint|p2a: Terapagos\n|\n|win|stbai\n|raw|stbai's rating: 1677 &rarr; <strong>1699<\/strong><br \/>(+22 for winning)\n|raw|edo ghira's rating: 1711 &rarr; <strong>1689<\/strong><br \/>(-22 for losing)\n|l|\u2606edo ghira\n|player|p2|\n|l|\u2606stbai\n|player|p1|\n","uploadtime":1717763778,"views":33,"formatid":"gen9vgc2024regg","rating":1689,"private":0,"password":null}