{"id":"gen9vgc2024regg-2138651902","format":"[Gen 9] VGC 2024 Reg G","players":["xixing","edo ghira"],"log":"|j|\u2606xixing\n|j|\u2606edo ghira\n|t:|1717756568\n|gametype|doubles\n|player|p1|xixing|karen|1691\n|player|p2|edo ghira|lance|1738\n|teamsize|p1|6\n|teamsize|p2|6\n|gen|9\n|tier|[Gen 9] VGC 2024 Reg G\n|rated|\n|rule|Species Clause: Limit one of each Pok\u00e9mon\n|rule|Item Clause: Limit one of each item\n|clearpoke\n|poke|p1|Calyrex-Ice, L50|\n|poke|p1|Indeedee-F, L50, F|\n|poke|p1|Ting-Lu, L50|\n|poke|p1|Cresselia, L50, F|\n|poke|p1|Incineroar, L50, F|\n|poke|p1|Torkoal, L50, M|\n|poke|p2|Terapagos, L50, M|\n|poke|p2|Rillaboom, L50, F|\n|poke|p2|Electabuzz, L50, F|\n|poke|p2|Talonflame, L50, M|\n|poke|p2|Urshifu-*, L50, M|\n|poke|p2|Chi-Yu, L50|\n|teampreview|4\n|inactive|Battle timer is ON: inactive players will automatically lose when time's up. (requested by xixing)\n|inactive|xixing has 60 seconds left.\n|inactive|edo ghira has 60 seconds left.\n|\n|t:|1717756606\n|start\n|switch|p1a: Cresselia|Cresselia, L50, F|100\/100\n|switch|p1b: Ting-Lu|Ting-Lu, L50|100\/100\n|switch|p2a: Terapagos|Terapagos, L50, M|100\/100\n|switch|p2b: Chi-Yu|Chi-Yu, L50|100\/100\n|-activate|p2a: Terapagos|ability: Tera Shift\n|detailschange|p2a: Terapagos|Terapagos-Terastal, L50, M\n|-heal|p2a: Terapagos|100\/100|[silent]\n|-ability|p2b: Chi-Yu|Beads of Ruin\n|-ability|p1b: Ting-Lu|Vessel of Ruin\n|turn|1\n|j| rabbihorn\n|j| michaevgc23\n|\n|t:|1717756618\n|-terastallize|p1a: Cresselia|Water\n|move|p2b: Chi-Yu|Dark Pulse|p1a: Cresselia\n|-damage|p1a: Cresselia|71\/100\n|move|p2a: Terapagos|Calm Mind|p2a: Terapagos\n|-boost|p2a: Terapagos|spa|1\n|-boost|p2a: Terapagos|spd|1\n|move|p1b: Ting-Lu|Earthquake|p2b: Chi-Yu|[spread] p2a,p2b\n|-immune|p1a: Cresselia|[from] ability: Levitate\n|-activate|p2a: Terapagos|ability: Tera Shell\n|-resisted|p2a: Terapagos\n|-supereffective|p2b: Chi-Yu\n|-damage|p2a: Terapagos|78\/100\n|-enditem|p2b: Chi-Yu|Focus Sash\n|-damage|p2b: Chi-Yu|1\/100\n|move|p1a: Cresselia|Trick Room|p1a: Cresselia\n|-fieldstart|move: Trick Room|[of] p1a: Cresselia\n|\n|upkeep\n|turn|2\n|j| ThL650\n|j| EllAkuro\n|\n|t:|1717756638\n|-terastallize|p2a: Terapagos|Stellar\n|detailschange|p2a: Terapagos|Terapagos-Stellar, L50, M, tera:Stellar\n|-heal|p2a: Terapagos|84\/100|[silent]\n|move|p1a: Cresselia|Helping Hand|p1b: Ting-Lu\n|-singleturn|p1b: Ting-Lu|Helping Hand|[of] p1a: Cresselia\n|move|p2b: Chi-Yu|Protect|p2b: Chi-Yu\n|-singleturn|p2b: Chi-Yu|Protect\n|move|p1b: Ting-Lu|Earthquake|p2a: Terapagos|[spread] p2a\n|-activate|p2b: Chi-Yu|move: Protect\n|-immune|p1a: Cresselia|[from] ability: Levitate\n|-damage|p2a: Terapagos|30\/100\n|move|p2a: Terapagos|Tera Starstorm|p1b: Ting-Lu|[spread] p1a,p1b\n|-supereffective|p1a: Cresselia\n|-damage|p1a: Cresselia|0 fnt\n|-damage|p1b: Ting-Lu|59\/100\n|faint|p1a: Cresselia\n|\n|upkeep\n|\n|t:|1717756655\n|switch|p1a: Calyrex|Calyrex-Ice, L50|100\/100\n|-ability|p1a: Calyrex|As One\n|-ability|p1a: Calyrex|Unnerve\n|turn|3\n|\n|t:|1717756664\n|switch|p2b: Electabuzz|Electabuzz, L50, F|100\/100\n|move|p1a: Calyrex|Protect|p1a: Calyrex\n|-singleturn|p1a: Calyrex|Protect\n|move|p2a: Terapagos|Protect|p2a: Terapagos\n|-singleturn|p2a: Terapagos|Protect\n|move|p1b: Ting-Lu|Earthquake|p2b: Electabuzz|[spread] p2b\n|-activate|p1a: Calyrex|move: Protect\n|-activate|p2a: Terapagos|move: Protect\n|-supereffective|p2b: Electabuzz\n|-damage|p2b: Electabuzz|16\/100\n|\n|upkeep\n|turn|4\n|inactive|edo ghira has 30 seconds left.\n|\n|t:|1717756696\n|switch|p1b: Indeedee|Indeedee-F, L50, F|100\/100\n|-fieldstart|move: Psychic Terrain|[from] ability: Psychic Surge|[of] p1b: Indeedee\n|-enditem|p1b: Indeedee|Psychic Seed\n|-boost|p1b: Indeedee|spd|1|[from] item: Psychic Seed\n|move|p2b: Electabuzz|Feint|p1a: Calyrex\n|-activate|p1a: Calyrex|move: Psychic Terrain\n|move|p1a: Calyrex|Glacial Lance|p2a: Terapagos|[spread] p2a,p2b\n|-damage|p2a: Terapagos|0 fnt\n|-damage|p2b: Electabuzz|0 fnt\n|faint|p2a: Terapagos\n|faint|p2b: Electabuzz\n|-ability|p1a: Calyrex|Chilling Neigh|boost\n|-boost|p1a: Calyrex|atk|2\n|\n|upkeep\n|\n|t:|1717756705\n|switch|p2a: Talonflame|Talonflame, L50, M|100\/100\n|switch|p2b: Chi-Yu|Chi-Yu, L50|1\/100\n|-ability|p2b: Chi-Yu|Beads of Ruin\n|turn|5\n|\n|t:|1717756715\n|move|p2b: Chi-Yu|Protect|p2b: Chi-Yu\n|-singleturn|p2b: Chi-Yu|Protect\n|move|p2a: Talonflame|Protect|p2a: Talonflame\n|-singleturn|p2a: Talonflame|Protect\n|move|p1a: Calyrex|Glacial Lance|p2b: Chi-Yu|[spread] \n|-activate|p2a: Talonflame|move: Protect\n|-activate|p2b: Chi-Yu|move: Protect\n|move|p1b: Indeedee|Dazzling Gleam|p2b: Chi-Yu|[spread] \n|-activate|p2a: Talonflame|move: Protect\n|-activate|p2b: Chi-Yu|move: Protect\n|\n|-fieldend|move: Trick Room\n|upkeep\n|turn|6\n|\n|t:|1717756729\n|move|p1b: Indeedee|Follow Me|p1b: Indeedee\n|-singleturn|p1b: Indeedee|move: Follow Me\n|move|p2a: Talonflame|Will-O-Wisp|p1b: Indeedee\n|-status|p1b: Indeedee|brn\n|move|p2b: Chi-Yu|Heat Wave|p1a: Calyrex|[spread] p1a,p1b\n|-supereffective|p1a: Calyrex\n|-damage|p1a: Calyrex|37\/100\n|-damage|p1b: Indeedee|69\/100 brn\n|move|p1a: Calyrex|Glacial Lance|p2b: Chi-Yu|[spread] p2a,p2b\n|-resisted|p2b: Chi-Yu\n|-damage|p2a: Talonflame|0 fnt\n|-damage|p2b: Chi-Yu|0 fnt\n|faint|p2a: Talonflame\n|faint|p2b: Chi-Yu\n|\n|win|xixing\n|raw|xixing's rating: 1691 &rarr; <strong>1714<\/strong><br \/>(+23 for winning)\n|raw|edo ghira's rating: 1738 &rarr; <strong>1715<\/strong><br \/>(-23 for losing)\n|l|\u2606edo ghira\n|player|p2|\n|l|\u2606xixing\n|player|p1|\n|l| michaevgc23\n|l| EllAkuro\n","uploadtime":1717756747,"views":32,"formatid":"gen9vgc2024regg","rating":1714,"private":0,"password":null}