{"id":"gen9vgc2024regg-2138185660","format":"[Gen 9] VGC 2024 Reg G","players":["lreeeds","Betsie"],"log":"|j|\u2606lreeeds\n|j|\u2606Betsie\n|t:|1717693140\n|gametype|doubles\n|player|p1|lreeeds|cynthia|1651\n|player|p2|Betsie|grimsley-masters|1791\n|teamsize|p1|6\n|teamsize|p2|6\n|gen|9\n|tier|[Gen 9] VGC 2024 Reg G\n|rated|\n|rule|Species Clause: Limit one of each Pok\u00e9mon\n|rule|Item Clause: Limit one of each item\n|clearpoke\n|poke|p1|Zacian-*, L50|\n|poke|p1|Pelipper, L50, F|\n|poke|p1|Incineroar, L50, F|\n|poke|p1|Amoonguss, L50, M|\n|poke|p1|Raging Bolt, L50|\n|poke|p1|Urshifu-*, L50, F|\n|poke|p2|Tornadus, L50, M|\n|poke|p2|Chi-Yu, L50|\n|poke|p2|Calyrex-Shadow, L50|\n|poke|p2|Indeedee-F, L50, F|\n|poke|p2|Urshifu-*, L50, F|\n|poke|p2|Iron Valiant, L50|\n|teampreview|4\n|inactive|Battle timer is ON: inactive players will automatically lose when time's up. (requested by Betsie)\n|inactive|lreeeds has 60 seconds left.\n|inactive|Betsie has 60 seconds left.\n|inactive|lreeeds has 30 seconds left.\n|\n|t:|1717693202\n|start\n|switch|p1a: Raging Bolt|Raging Bolt, L50|100\/100\n|switch|p1b: Pelipper|Pelipper, L50, F|100\/100\n|switch|p2a: Tornadus|Tornadus, L50, M|100\/100\n|switch|p2b: Chi-Yu|Chi-Yu, L50|100\/100\n|-ability|p2b: Chi-Yu|Beads of Ruin\n|-weather|RainDance|[from] ability: Drizzle|[of] p1b: Pelipper\n|turn|1\n|inactive|lreeeds has 30 seconds left.\n|inactive|lreeeds has 20 seconds left.\n|\n|t:|1717693240\n|move|p1b: Pelipper|Protect|p1b: Pelipper\n|-singleturn|p1b: Pelipper|Protect\n|move|p2a: Tornadus|Tailwind|p2a: Tornadus\n|-sidestart|p2: Betsie|move: Tailwind\n|move|p2b: Chi-Yu|Dark Pulse|p1a: Raging Bolt\n|-damage|p1a: Raging Bolt|47\/100\n|move|p1a: Raging Bolt|Electroweb|p2a: Tornadus|[spread] p2a,p2b\n|-supereffective|p2a: Tornadus\n|-damage|p2a: Tornadus|49\/100\n|-damage|p2b: Chi-Yu|77\/100\n|-unboost|p2b: Chi-Yu|spe|1\n|\n|-weather|RainDance|[upkeep]\n|upkeep\n|turn|2\n|inactive|lreeeds has 30 seconds left.\n|\n|t:|1717693268\n|move|p2a: Tornadus|Sunny Day|p2a: Tornadus\n|-weather|SunnyDay\n|-activate|p1a: Raging Bolt|ability: Protosynthesis\n|-start|p1a: Raging Bolt|protosynthesisspa\n|move|p1a: Raging Bolt|Thunderclap||[still]\n|-fail|p1a: Raging Bolt\n|move|p2b: Chi-Yu|Dark Pulse|p1a: Raging Bolt\n|-damage|p1a: Raging Bolt|0 fnt\n|faint|p1a: Raging Bolt\n|-end|p1a: Raging Bolt|Protosynthesis|[silent]\n|move|p1b: Pelipper|Weather Ball|p2b: Chi-Yu\n|-resisted|p2b: Chi-Yu\n|-damage|p2b: Chi-Yu|50\/100\n|\n|-weather|SunnyDay|[upkeep]\n|upkeep\n|\n|t:|1717693276\n|switch|p1a: Urshifu|Urshifu-Rapid-Strike, L50, F|100\/100\n|turn|3\n|\n|t:|1717693293\n|move|p1b: Pelipper|Wide Guard|p1b: Pelipper\n|-singleturn|p1b: Pelipper|Wide Guard\n|move|p2a: Tornadus|Bleakwind Storm|p1b: Pelipper|[spread] \n|-activate|p1a: Urshifu|move: Wide Guard\n|-activate|p1b: Pelipper|move: Wide Guard\n|move|p1a: Urshifu|Close Combat|p2b: Chi-Yu\n|-supereffective|p2b: Chi-Yu\n|-damage|p2b: Chi-Yu|0 fnt\n|-unboost|p1a: Urshifu|def|1\n|-unboost|p1a: Urshifu|spd|1\n|faint|p2b: Chi-Yu\n|\n|-weather|SunnyDay|[upkeep]\n|upkeep\n|\n|t:|1717693304\n|switch|p2b: Calyrex|Calyrex-Shadow, L50|100\/100\n|-ability|p2b: Calyrex|As One\n|-ability|p2b: Calyrex|Unnerve\n|turn|4\n|inactive|lreeeds has 30 seconds left.\n|inactive|lreeeds has 20 seconds left.\n|inactive|lreeeds has 15 seconds left.\n|inactive|lreeeds has 10 seconds left.\n|inactive|lreeeds has 5 seconds left.\n|\n|t:|1717693358\n|switch|p1a: Zacian|Zacian-Crowned, L50|100\/100\n|-ability|p1a: Zacian|Intrepid Sword|boost\n|-boost|p1a: Zacian|atk|1\n|move|p2b: Calyrex|Expanding Force|p1a: Zacian\n|-resisted|p1a: Zacian\n|-damage|p1a: Zacian|83\/100\n|move|p2a: Tornadus|Bleakwind Storm|p1b: Pelipper|[spread] p1a,p1b\n|-resisted|p1a: Zacian\n|-damage|p1a: Zacian|70\/100\n|-damage|p1b: Pelipper|42\/100\n|-unboost|p1b: Pelipper|spe|1\n|move|p1b: Pelipper|Weather Ball|p2b: Calyrex\n|-damage|p2b: Calyrex|55\/100\n|\n|-weather|SunnyDay|[upkeep]\n|-sideend|p2: Betsie|move: Tailwind\n|upkeep\n|turn|5\n|inactive|lreeeds has 30 seconds left.\n|inactive|lreeeds has 20 seconds left.\n|inactive|Betsie has 30 seconds left.\n|\n|t:|1717693405\n|switch|p1b: Urshifu|Urshifu-Rapid-Strike, L50, F|100\/100\n|move|p2b: Calyrex|Protect|p2b: Calyrex\n|-singleturn|p2b: Calyrex|Protect\n|move|p1a: Zacian|Behemoth Blade|p2a: Tornadus\n|-crit|p2a: Tornadus\n|-damage|p2a: Tornadus|0 fnt\n|faint|p2a: Tornadus\n|\n|-weather|SunnyDay|[upkeep]\n|upkeep\n|\n|t:|1717693411\n|switch|p2a: Iron Valiant|Iron Valiant, L50|100\/100\n|-enditem|p2a: Iron Valiant|Booster Energy\n|-activate|p2a: Iron Valiant|ability: Quark Drive|[fromitem]\n|-start|p2a: Iron Valiant|quarkdrivespe\n|turn|6\n|inactive|lreeeds has 30 seconds left.\n|\n|t:|1717693437\n|switch|p1a: Pelipper|Pelipper, L50, F|42\/100\n|-weather|RainDance|[from] ability: Drizzle|[of] p1a: Pelipper\n|-terastallize|p2a: Iron Valiant|Stellar\n|-terastallize|p1b: Urshifu|Water\n|move|p2a: Iron Valiant|Spirit Break|p1b: Urshifu\n|-damage|p1b: Urshifu|43\/100\n|-unboost|p1b: Urshifu|spa|1\n|move|p1b: Urshifu|Surging Strikes|p2b: Calyrex\n|-crit|p2b: Calyrex\n|-damage|p2b: Calyrex|0 fnt\n|faint|p2b: Calyrex\n|-hitcount|p2: Calyrex|1\n|\n|-weather|RainDance|[upkeep]\n|upkeep\n|turn|7\n|-message|Betsie forfeited.\n|\n|win|lreeeds\n|raw|lreeeds's rating: 1651 &rarr; <strong>1679<\/strong><br \/>(+28 for winning)\n|raw|Betsie's rating: 1791 &rarr; <strong>1763<\/strong><br \/>(-28 for losing)\n|l|\u2606Betsie\n|player|p2|\n|l|\u2606lreeeds\n|player|p1|\n","uploadtime":1717693675,"views":15,"formatid":"gen9vgc2024regg","rating":1679,"private":0,"password":null}