{"id":"gen9vgc2024regg-2138192397","format":"[Gen 9] VGC 2024 Reg G","players":["code_anish","Betsie"],"log":"|j|\u2606code_anish\n|j|\u2606Betsie\n|t:|1717693811\n|gametype|doubles\n|player|p1|code_anish|yellow|1852\n|player|p2|Betsie|grimsley-masters|1739\n|teamsize|p1|6\n|teamsize|p2|6\n|gen|9\n|tier|[Gen 9] VGC 2024 Reg G\n|rated|\n|rule|Species Clause: Limit one of each Pok\u00e9mon\n|rule|Item Clause: Limit one of each item\n|clearpoke\n|poke|p1|Kyogre, L50|\n|poke|p1|Tornadus, L50, M|\n|poke|p1|Chien-Pao, L50|\n|poke|p1|Farigiraf, L50, M|\n|poke|p1|Urshifu-*, L50, M|\n|poke|p1|Archaludon, L50, F|\n|poke|p2|Tornadus, L50, M|\n|poke|p2|Chi-Yu, L50|\n|poke|p2|Calyrex-Shadow, L50|\n|poke|p2|Indeedee-F, L50, F|\n|poke|p2|Urshifu-*, L50, M|\n|poke|p2|Iron Valiant, L50|\n|teampreview|4\n|inactive|Battle timer is ON: inactive players will automatically lose when time's up. (requested by Betsie)\n|inactive|code_anish has 60 seconds left.\n|inactive|Betsie has 60 seconds left.\n|\n|t:|1717693857\n|start\n|switch|p1a: Kyogre|Kyogre, L50|100\/100\n|switch|p1b: Tornadus|Tornadus, L50, M|100\/100\n|switch|p2a: Tornadus|Tornadus, L50, M|100\/100\n|switch|p2b: Chi-Yu|Chi-Yu, L50|100\/100\n|-weather|RainDance|[from] ability: Drizzle|[of] p1a: Kyogre\n|-ability|p2b: Chi-Yu|Beads of Ruin\n|turn|1\n|\n|t:|1717693866\n|-terastallize|p2b: Chi-Yu|Grass\n|move|p1b: Tornadus|Tailwind|p1b: Tornadus\n|-sidestart|p1: code_anish|move: Tailwind\n|move|p2a: Tornadus|Sunny Day|p2a: Tornadus\n|-weather|SunnyDay\n|move|p1a: Kyogre|Origin Pulse|p2b: Chi-Yu|[spread] p2a,p2b\n|-resisted|p2b: Chi-Yu\n|-damage|p2a: Tornadus|58\/100\n|-damage|p2b: Chi-Yu|80\/100\n|move|p2b: Chi-Yu|Heat Wave|p1a: Kyogre|[spread] p1a,p1b\n|-resisted|p1a: Kyogre\n|-damage|p1a: Kyogre|57\/100\n|-damage|p1b: Tornadus|0 fnt\n|faint|p1b: Tornadus\n|\n|-weather|SunnyDay|[upkeep]\n|upkeep\n|inactive|code_anish has 30 seconds left.\n|\n|t:|1717693897\n|switch|p1b: Urshifu|Urshifu-Rapid-Strike, L50, M|100\/100\n|turn|2\n|\n|t:|1717693908\n|switch|p1a: Chien-Pao|Chien-Pao, L50|100\/100\n|-ability|p1a: Chien-Pao|Sword of Ruin\n|switch|p2b: Indeedee|Indeedee-F, L50, F|100\/100\n|-fieldstart|move: Psychic Terrain|[from] ability: Psychic Surge|[of] p2b: Indeedee\n|move|p1b: Urshifu|U-turn|p2b: Indeedee\n|-supereffective|p2b: Indeedee\n|-damage|p2b: Indeedee|39\/100\n|-damage|p1b: Urshifu|84\/100|[from] item: Rocky Helmet|[of] p2b: Indeedee\n|j| askebom\n|\n|t:|1717693917\n|switch|p1b: Kyogre|Kyogre, L50|57\/100|[from] U-turn\n|-weather|RainDance|[from] ability: Drizzle|[of] p1b: Kyogre\n|move|p2a: Tornadus|Bleakwind Storm|p1a: Chien-Pao|[spread] p1a,p1b\n|-damage|p1a: Chien-Pao|42\/100\n|-damage|p1b: Kyogre|30\/100\n|-unboost|p1b: Kyogre|spe|1\n|\n|-weather|RainDance|[upkeep]\n|upkeep\n|turn|3\n|inactive|code_anish has 30 seconds left.\n|\n|t:|1717693946\n|move|p2b: Indeedee|Follow Me|p2b: Indeedee\n|-singleturn|p2b: Indeedee|move: Follow Me\n|move|p2a: Tornadus|Sunny Day|p2a: Tornadus\n|-weather|SunnyDay\n|move|p1a: Chien-Pao|Ice Spinner|p2b: Indeedee\n|-damage|p2b: Indeedee|0 fnt\n|-damage|p1a: Chien-Pao|26\/100|[from] item: Rocky Helmet|[of] p2b: Indeedee\n|-fieldend|move: Psychic Terrain\n|faint|p2b: Indeedee\n|move|p1b: Kyogre|Ice Beam|p2a: Tornadus\n|-supereffective|p2a: Tornadus\n|-damage|p2a: Tornadus|0 fnt\n|faint|p2a: Tornadus\n|\n|-weather|SunnyDay|[upkeep]\n|upkeep\n|\n|t:|1717693958\n|switch|p2a: Calyrex|Calyrex-Shadow, L50|100\/100\n|switch|p2b: Chi-Yu|Chi-Yu, L50, tera:Grass|80\/100\n|-ability|p2a: Calyrex|As One\n|-ability|p2a: Calyrex|Unnerve\n|-ability|p2b: Chi-Yu|Beads of Ruin\n|turn|4\n|\n|t:|1717693987\n|move|p1a: Chien-Pao|Throat Chop|p2a: Calyrex\n|-supereffective|p2a: Calyrex\n|-enditem|p2a: Calyrex|Focus Sash\n|-damage|p2a: Calyrex|1\/100\n|-start|p2a: Calyrex|Throat Chop|[silent]\n|move|p2a: Calyrex|Astral Barrage|p1b: Kyogre|[spread] p1a,p1b\n|-resisted|p1a: Chien-Pao\n|-damage|p1a: Chien-Pao|0 fnt\n|-damage|p1b: Kyogre|0 fnt\n|faint|p1a: Chien-Pao\n|faint|p1b: Kyogre\n|-ability|p2a: Calyrex|Grim Neigh|boost\n|-boost|p2a: Calyrex|spa|2\n|move|p2b: Chi-Yu|Tera Blast|p1: Chien-Pao|[notarget]\n|-fail|p2b: Chi-Yu\n|\n|-weather|SunnyDay|[upkeep]\n|-sideend|p1: code_anish|move: Tailwind\n|upkeep\n|\n|t:|1717693995\n|switch|p1a: Urshifu|Urshifu-Rapid-Strike, L50, M|84\/100\n|turn|5\n|\n|t:|1717694004\n|-terastallize|p1a: Urshifu|Grass\n|move|p1a: Urshifu|Ice Spinner|p2a: Calyrex\n|-damage|p2a: Calyrex|0 fnt\n|faint|p2a: Calyrex\n|move|p2b: Chi-Yu|Tera Blast|p1a: Urshifu|[anim] Tera Blast Grass\n|-resisted|p1a: Urshifu\n|-damage|p1a: Urshifu|21\/100\n|\n|-weather|SunnyDay|[upkeep]\n|upkeep\n|turn|6\n|\n|t:|1717694009\n|move|p1a: Urshifu|Ice Spinner|p2b: Chi-Yu\n|-supereffective|p2b: Chi-Yu\n|-damage|p2b: Chi-Yu|0 fnt\n|faint|p2b: Chi-Yu\n|\n|win|code_anish\n|raw|code_anish's rating: 1852 &rarr; <strong>1866<\/strong><br \/>(+14 for winning)\n|raw|Betsie's rating: 1739 &rarr; <strong>1725<\/strong><br \/>(-14 for losing)\n|l|\u2606Betsie\n|player|p2|\n|l|\u2606code_anish\n|player|p1|\n|l| askebom\n","uploadtime":1717694229,"views":111,"formatid":"gen9vgc2024regg","rating":1725,"private":0,"password":null}