{"id":"gen9vgc2024regg-2138191824","format":"[Gen 9] VGC 2024 Reg G","players":["lreeeds","edo ghira"],"log":"|j|\u2606lreeeds\n|j|\u2606edo ghira\n|t:|1717693756\n|gametype|doubles\n|player|p1|lreeeds|cynthia|1679\n|player|p2|edo ghira|lance|1760\n|teamsize|p1|6\n|teamsize|p2|6\n|gen|9\n|tier|[Gen 9] VGC 2024 Reg G\n|rated|\n|rule|Species Clause: Limit one of each Pok\u00e9mon\n|rule|Item Clause: Limit one of each item\n|clearpoke\n|poke|p1|Zacian-*, L50|\n|poke|p1|Pelipper, L50, F|\n|poke|p1|Incineroar, L50, F|\n|poke|p1|Amoonguss, L50, M|\n|poke|p1|Raging Bolt, L50|\n|poke|p1|Urshifu-*, L50, F|\n|poke|p2|Terapagos, L50, M|\n|poke|p2|Rillaboom, L50, M|\n|poke|p2|Electabuzz, L50, F|\n|poke|p2|Talonflame, L50, F|\n|poke|p2|Urshifu-*, L50, F|\n|poke|p2|Chi-Yu, L50|\n|teampreview|4\n|\n|t:|1717693794\n|start\n|switch|p1a: Pelipper|Pelipper, L50, F|100\/100\n|switch|p1b: Urshifu|Urshifu-Rapid-Strike, L50, F|100\/100\n|switch|p2a: Terapagos|Terapagos, L50, M|100\/100\n|switch|p2b: Talonflame|Talonflame, L50, F|100\/100\n|-activate|p2a: Terapagos|ability: Tera Shift\n|detailschange|p2a: Terapagos|Terapagos-Terastal, L50, M\n|-heal|p2a: Terapagos|100\/100|[silent]\n|-weather|RainDance|[from] ability: Drizzle|[of] p1a: Pelipper\n|turn|1\n|j| AW020\n|\n|t:|1717693811\n|switch|p1b: Raging Bolt|Raging Bolt, L50|100\/100\n|switch|p2a: Electabuzz|Electabuzz, L50, F|100\/100\n|move|p2b: Talonflame|Brave Bird|p1b: Raging Bolt\n|-resisted|p1b: Raging Bolt\n|-damage|p1b: Raging Bolt|85\/100\n|-damage|p2b: Talonflame|93\/100|[from] Recoil\n|move|p1a: Pelipper|Weather Ball|p2b: Talonflame\n|-supereffective|p2b: Talonflame\n|-crit|p2b: Talonflame\n|-damage|p2b: Talonflame|0 fnt\n|faint|p2b: Talonflame\n|\n|-weather|RainDance|[upkeep]\n|upkeep\n|\n|t:|1717693821\n|switch|p2b: Terapagos|Terapagos-Terastal, L50, M|100\/100\n|turn|2\n|\n|t:|1717693836\n|move|p2a: Electabuzz|Volt Switch|p1a: Pelipper\n|-supereffective|p1a: Pelipper\n|-enditem|p1a: Pelipper|Focus Sash\n|-damage|p1a: Pelipper|1\/100\n|\n|t:|1717693841\n|switch|p2a: Rillaboom|Rillaboom, L50, M|100\/100|[from] Volt Switch\n|-fieldstart|move: Grassy Terrain|[from] ability: Grassy Surge|[of] p2a: Rillaboom\n|move|p1a: Pelipper|Weather Ball|p2a: Rillaboom\n|-resisted|p2a: Rillaboom\n|-damage|p2a: Rillaboom|74\/100\n|move|p2b: Terapagos|Calm Mind|p2b: Terapagos\n|-boost|p2b: Terapagos|spa|1\n|-boost|p2b: Terapagos|spd|1\n|move|p1b: Raging Bolt|Snarl|p2a: Rillaboom|[spread] p2a,p2b\n|-activate|p2b: Terapagos|ability: Tera Shell\n|-resisted|p2b: Terapagos\n|-damage|p2a: Rillaboom|62\/100\n|-damage|p2b: Terapagos|97\/100\n|-unboost|p2a: Rillaboom|spa|1\n|\n|-weather|RainDance|[upkeep]\n|-heal|p2b: Terapagos|100\/100|[from] Grassy Terrain\n|-heal|p2a: Rillaboom|68\/100|[from] Grassy Terrain\n|-heal|p1b: Raging Bolt|91\/100|[from] Grassy Terrain\n|upkeep\n|turn|3\n|\n|t:|1717693872\n|move|p2a: Rillaboom|Grassy Glide|p1a: Pelipper\n|-damage|p1a: Pelipper|0 fnt\n|faint|p1a: Pelipper\n|move|p2b: Terapagos|Calm Mind|p2b: Terapagos\n|-boost|p2b: Terapagos|spa|1\n|-boost|p2b: Terapagos|spd|1\n|move|p1b: Raging Bolt|Dragon Pulse|p2b: Terapagos\n|-activate|p2b: Terapagos|ability: Tera Shell\n|-resisted|p2b: Terapagos\n|-damage|p2b: Terapagos|91\/100\n|\n|-weather|RainDance|[upkeep]\n|-heal|p2b: Terapagos|97\/100|[from] Grassy Terrain\n|-heal|p2a: Rillaboom|74\/100|[from] Grassy Terrain\n|-heal|p1b: Raging Bolt|97\/100|[from] Grassy Terrain\n|upkeep\n|\n|t:|1717693892\n|switch|p1a: Zacian|Zacian-Crowned, L50|100\/100\n|-ability|p1a: Zacian|Intrepid Sword|boost\n|-boost|p1a: Zacian|atk|1\n|turn|4\n|\n|t:|1717693912\n|move|p2b: Terapagos|Protect|p2b: Terapagos\n|-singleturn|p2b: Terapagos|Protect\n|move|p1a: Zacian|Swords Dance|p1a: Zacian\n|-boost|p1a: Zacian|atk|2\n|move|p2a: Rillaboom|U-turn|p1b: Raging Bolt\n|-damage|p1b: Raging Bolt|76\/100\n|\n|t:|1717693919\n|switch|p2a: Electabuzz|Electabuzz, L50, F|100\/100|[from] U-turn\n|move|p1b: Raging Bolt|Dragon Pulse|p2a: Electabuzz\n|-damage|p2a: Electabuzz|69\/100\n|\n|-weather|RainDance|[upkeep]\n|-heal|p2a: Electabuzz|75\/100|[from] Grassy Terrain\n|-heal|p2b: Terapagos|100\/100|[from] Grassy Terrain\n|-heal|p1b: Raging Bolt|82\/100|[from] Grassy Terrain\n|upkeep\n|turn|5\n|\n|t:|1717693943\n|move|p2a: Electabuzz|Follow Me|p2a: Electabuzz\n|-singleturn|p2a: Electabuzz|move: Follow Me\n|move|p1a: Zacian|Play Rough|p2a: Electabuzz\n|-damage|p2a: Electabuzz|0 fnt\n|faint|p2a: Electabuzz\n|move|p2b: Terapagos|Earth Power|p1a: Zacian\n|-supereffective|p1a: Zacian\n|-damage|p1a: Zacian|20\/100\n|move|p1b: Raging Bolt|Electroweb|p2b: Terapagos\n|-activate|p2b: Terapagos|ability: Tera Shell\n|-resisted|p2b: Terapagos\n|-damage|p2b: Terapagos|95\/100\n|\n|-weather|none\n|-heal|p1a: Zacian|26\/100|[from] Grassy Terrain\n|-heal|p2b: Terapagos|100\/100|[from] Grassy Terrain\n|-heal|p1b: Raging Bolt|88\/100|[from] Grassy Terrain\n|upkeep\n|\n|t:|1717693959\n|switch|p2a: Rillaboom|Rillaboom, L50, M|74\/100\n|turn|6\n|\n|t:|1717693972\n|move|p1a: Zacian|Protect|p1a: Zacian\n|-singleturn|p1a: Zacian|Protect\n|move|p2a: Rillaboom|Fake Out|p1b: Raging Bolt\n|-damage|p1b: Raging Bolt|78\/100\n|move|p2b: Terapagos|Calm Mind|p2b: Terapagos\n|-boost|p2b: Terapagos|spa|1\n|-boost|p2b: Terapagos|spd|1\n|cant|p1b: Raging Bolt|flinch\n|\n|-heal|p1a: Zacian|32\/100|[from] Grassy Terrain\n|-heal|p2a: Rillaboom|80\/100|[from] Grassy Terrain\n|-heal|p1b: Raging Bolt|84\/100|[from] Grassy Terrain\n|-fieldend|move: Grassy Terrain\n|upkeep\n|turn|7\n|\n|t:|1717694019\n|move|p1b: Raging Bolt|Thunderclap|p2b: Terapagos\n|-activate|p2b: Terapagos|ability: Tera Shell\n|-resisted|p2b: Terapagos\n|-damage|p2b: Terapagos|95\/100\n|move|p1a: Zacian|Behemoth Blade|p2b: Terapagos\n|-damage|p2b: Terapagos|0 fnt\n|faint|p2b: Terapagos\n|move|p2a: Rillaboom|U-turn|p1b: Raging Bolt\n|-crit|p1b: Raging Bolt\n|-damage|p1b: Raging Bolt|56\/100\n|\n|upkeep\n|turn|8\n|j| askebom\n|-message|edo ghira forfeited.\n|\n|win|lreeeds\n|raw|lreeeds's rating: 1679 &rarr; <strong>1704<\/strong><br \/>(+25 for winning)\n|raw|edo ghira's rating: 1760 &rarr; <strong>1735<\/strong><br \/>(-25 for losing)\n|l|\u2606edo ghira\n|player|p2|\n|l| askebom\n|l| AW020\n|l|\u2606lreeeds\n|player|p1|\n","uploadtime":1717694229,"views":26,"formatid":"gen9vgc2024regg","rating":1704,"private":0,"password":null}