{"id":"gen9vgc2024regg-2138215297","format":"[Gen 9] VGC 2024 Reg G","players":["FlyAwayVGC","Betsie"],"log":"|j|\u2606FlyAwayVGC\n|j|\u2606Betsie\n|t:|1717696093\n|gametype|doubles\n|player|p1|FlyAwayVGC|harlequin|1717\n|player|p2|Betsie|grimsley-masters|1752\n|teamsize|p1|6\n|teamsize|p2|6\n|gen|9\n|tier|[Gen 9] VGC 2024 Reg G\n|rated|\n|rule|Species Clause: Limit one of each Pok\u00e9mon\n|rule|Item Clause: Limit one of each item\n|clearpoke\n|poke|p1|Kyogre, L50|\n|poke|p1|Iron Jugulis, L50|\n|poke|p1|Tsareena, L50, F|\n|poke|p1|Raging Bolt, L50|\n|poke|p1|Urshifu-*, L50, M|\n|poke|p1|Incineroar, L50, F|\n|poke|p2|Tornadus, L50, M|\n|poke|p2|Chi-Yu, L50|\n|poke|p2|Calyrex-Shadow, L50|\n|poke|p2|Indeedee-F, L50, F|\n|poke|p2|Urshifu-*, L50, F|\n|poke|p2|Iron Valiant, L50|\n|teampreview|4\n|inactive|Battle timer is ON: inactive players will automatically lose when time's up. (requested by Betsie)\n|\n|t:|1717696122\n|start\n|switch|p1a: Abyss Angel|Iron Jugulis, L50|100\/100\n|switch|p1b: 300 Million|Raging Bolt, L50|100\/100\n|switch|p2a: Iron Valiant|Iron Valiant, L50|100\/100\n|switch|p2b: Tornadus|Tornadus, L50, M|100\/100\n|-enditem|p2a: Iron Valiant|Booster Energy\n|-activate|p2a: Iron Valiant|ability: Quark Drive|[fromitem]\n|-start|p2a: Iron Valiant|quarkdrivespe\n|-enditem|p1a: Abyss Angel|Booster Energy\n|-activate|p1a: Abyss Angel|ability: Quark Drive|[fromitem]\n|-start|p1a: Abyss Angel|quarkdrivespe\n|turn|1\n|inactive|Betsie has 30 seconds left.\n|inactive|Betsie has 20 seconds left.\n|inactive|Betsie has 15 seconds left.\n|\n|t:|1717696162\n|move|p2b: Tornadus|Tailwind|p2b: Tornadus\n|-sidestart|p2: Betsie|move: Tailwind\n|move|p2a: Iron Valiant|Spirit Break|p1b: 300 Million\n|-supereffective|p1b: 300 Million\n|-damage|p1b: 300 Million|30\/100\n|-unboost|p1b: 300 Million|spa|1\n|move|p1a: Abyss Angel|Tailwind|p1a: Abyss Angel\n|-sidestart|p1: FlyAwayVGC|move: Tailwind\n|move|p1b: 300 Million|Volt Switch|p2a: Iron Valiant\n|-damage|p2a: Iron Valiant|32\/100\n|\n|t:|1717696183\n|-end|p1b: 300 Million|Protosynthesis|[silent]\n|switch|p1b: Whalefall|Kyogre, L50|100\/100|[from] Volt Switch\n|-weather|RainDance|[from] ability: Drizzle|[of] p1b: Whalefall\n|\n|-weather|RainDance|[upkeep]\n|upkeep\n|turn|2\n|\n|t:|1717696198\n|move|p2b: Tornadus|Sunny Day|p2b: Tornadus\n|-weather|SunnyDay\n|move|p2a: Iron Valiant|Spirit Break|p1a: Abyss Angel\n|-supereffective|p1a: Abyss Angel\n|-damage|p1a: Abyss Angel|11\/100\n|-unboost|p1a: Abyss Angel|spa|1\n|move|p1a: Abyss Angel|Hurricane|p2a: Iron Valiant\n|-supereffective|p2a: Iron Valiant\n|-damage|p2a: Iron Valiant|0 fnt\n|faint|p2a: Iron Valiant\n|-end|p2a: Iron Valiant|Quark Drive|[silent]\n|move|p1b: Whalefall|Thunder|p2b: Tornadus|[miss]\n|-miss|p1b: Whalefall|p2b: Tornadus\n|\n|-weather|SunnyDay|[upkeep]\n|upkeep\n|j| sayoerza\n|\n|t:|1717696208\n|switch|p2a: Calyrex|Calyrex-Shadow, L50|100\/100\n|-ability|p2a: Calyrex|As One\n|-ability|p2a: Calyrex|Unnerve\n|turn|3\n|\n|t:|1717696224\n|switch|p1b: 300 Million|Raging Bolt, L50|30\/100\n|-activate|p1b: 300 Million|ability: Protosynthesis\n|-start|p1b: 300 Million|protosynthesisspa\n|move|p2a: Calyrex|Protect|p2a: Calyrex\n|-singleturn|p2a: Calyrex|Protect\n|move|p1a: Abyss Angel|Snarl|p2a: Calyrex|[spread] p2b\n|-activate|p2a: Calyrex|move: Protect\n|-damage|p2b: Tornadus|87\/100\n|move|p2b: Tornadus|Icy Wind|p1b: 300 Million|[spread] p1a,p1b\n|-supereffective|p1a: Abyss Angel\n|-supereffective|p1b: 300 Million\n|-damage|p1a: Abyss Angel|0 fnt\n|-damage|p1b: 300 Million|8\/100\n|-unboost|p1b: 300 Million|spe|1\n|faint|p1a: Abyss Angel\n|-end|p1a: Abyss Angel|Quark Drive|[silent]\n|\n|-weather|SunnyDay|[upkeep]\n|upkeep\n|\n|t:|1717696236\n|switch|p1a: Whalefall|Kyogre, L50|100\/100\n|-weather|RainDance|[from] ability: Drizzle|[of] p1a: Whalefall\n|-end|p1b: 300 Million|Protosynthesis\n|turn|4\n|inactive|FlyAwayVGC has 30 seconds left.\n|\n|t:|1717696266\n|switch|p2a: Indeedee|Indeedee-F, L50, F|100\/100\n|-fieldstart|move: Psychic Terrain|[from] ability: Psychic Surge|[of] p2a: Indeedee\n|move|p2b: Tornadus|Sunny Day|p2b: Tornadus\n|-weather|SunnyDay\n|-activate|p1b: 300 Million|ability: Protosynthesis\n|-start|p1b: 300 Million|protosynthesisspa\n|move|p1a: Whalefall|Ice Beam|p2a: Indeedee\n|-damage|p2a: Indeedee|64\/100\n|move|p1b: 300 Million|Volt Switch|p2a: Indeedee\n|-damage|p2a: Indeedee|0 fnt\n|faint|p2a: Indeedee\n|\n|t:|1717696278\n|-end|p1b: 300 Million|Protosynthesis|[silent]\n|switch|p1b: The Mouth Is Wide|Urshifu-Rapid-Strike, L50, M|100\/100|[from] Volt Switch\n|\n|-weather|SunnyDay|[upkeep]\n|-sideend|p2: Betsie|move: Tailwind\n|-sideend|p1: FlyAwayVGC|move: Tailwind\n|upkeep\n|\n|t:|1717696281\n|switch|p2a: Calyrex|Calyrex-Shadow, L50|100\/100\n|-ability|p2a: Calyrex|As One\n|-ability|p2a: Calyrex|Unnerve\n|turn|5\n|\n|t:|1717696296\n|switch|p1b: 300 Million|Raging Bolt, L50|8\/100\n|-activate|p1b: 300 Million|ability: Protosynthesis\n|-start|p1b: 300 Million|protosynthesisspa\n|move|p2b: Tornadus|Tailwind|p2b: Tornadus\n|-sidestart|p2: Betsie|move: Tailwind\n|move|p2a: Calyrex|Expanding Force|p1b: 300 Million|[spread] p1a,p1b\n|-damage|p1a: Whalefall|69\/100\n|-damage|p1b: 300 Million|0 fnt\n|faint|p1b: 300 Million\n|-end|p1b: 300 Million|Protosynthesis|[silent]\n|-ability|p2a: Calyrex|Grim Neigh|boost\n|-boost|p2a: Calyrex|spa|1\n|move|p1a: Whalefall|Ice Beam|p2a: Calyrex\n|-damage|p2a: Calyrex|64\/100\n|\n|-weather|SunnyDay|[upkeep]\n|upkeep\n|\n|t:|1717696310\n|switch|p1b: The Mouth Is Wide|Urshifu-Rapid-Strike, L50, M|100\/100\n|turn|6\n|\n|t:|1717696329\n|-terastallize|p2b: Tornadus|Steel\n|-terastallize|p1b: The Mouth Is Wide|Water\n|move|p1b: The Mouth Is Wide|Aqua Jet|p2a: Calyrex\n|-activate|p2a: Calyrex|move: Psychic Terrain\n|move|p2a: Calyrex|Expanding Force|p1b: The Mouth Is Wide|[spread] p1a,p1b\n|-damage|p1a: Whalefall|27\/100\n|-damage|p1b: The Mouth Is Wide|0 fnt\n|faint|p1b: The Mouth Is Wide\n|-ability|p2a: Calyrex|Grim Neigh|boost\n|-boost|p2a: Calyrex|spa|1\n|move|p2b: Tornadus|Bleakwind Storm|p1a: Whalefall\n|-damage|p1a: Whalefall|6\/100\n|move|p1a: Whalefall|Ice Beam|p2a: Calyrex\n|-damage|p2a: Calyrex|27\/100\n|\n|-weather|SunnyDay|[upkeep]\n|upkeep\n|turn|7\n|\n|t:|1717696346\n|move|p2a: Calyrex|Expanding Force|p1a: Whalefall\n|-damage|p1a: Whalefall|0 fnt\n|faint|p1a: Whalefall\n|\n|win|Betsie\n|raw|FlyAwayVGC's rating: 1717 &rarr; <strong>1699<\/strong><br \/>(-18 for losing)\n|raw|Betsie's rating: 1752 &rarr; <strong>1770<\/strong><br \/>(+18 for winning)\n|l| sayoerza\n|l|\u2606FlyAwayVGC\n|player|p1|\n","uploadtime":1717696584,"views":32,"formatid":"gen9vgc2024regg","rating":1699,"private":0,"password":null}