{"id":"gen9vgc2024regg-2138491036","format":"[Gen 9] VGC 2024 Reg G","players":["zizi15","DaleG"],"log":"|j|\u2606zizi15\n|j|\u2606DaleG\n|t:|1717729016\n|gametype|doubles\n|player|p1|zizi15|169|1665\n|player|p2|DaleG|169|1770\n|teamsize|p1|6\n|teamsize|p2|6\n|gen|9\n|tier|[Gen 9] VGC 2024 Reg G\n|rated|\n|rule|Species Clause: Limit one of each Pok\u00e9mon\n|rule|Item Clause: Limit one of each item\n|clearpoke\n|poke|p1|Tyranitar, L50, F|\n|poke|p1|Excadrill, L50, F|\n|poke|p1|Reshiram, L50|\n|poke|p1|Ogerpon-Wellspring, L50, F|\n|poke|p1|Mimikyu, L50, F|\n|poke|p1|Thundurus-Therian, L50, M|\n|poke|p2|Zamazenta-*, L50|\n|poke|p2|Chien-Pao, L50|\n|poke|p2|Amoonguss, L50, M|\n|poke|p2|Raging Bolt, L50|\n|poke|p2|Entei, L50|\n|poke|p2|Chandelure, L50, M|\n|teampreview|4\n|inactive|Battle timer is ON: inactive players will automatically lose when time's up. (requested by zizi15)\n|j| VGC Bagre\n|inactive|zizi15 has 60 seconds left.\n|inactive|DaleG has 60 seconds left.\n|inactive|DaleG has 30 seconds left.\n|\n|t:|1717729078\n|start\n|switch|p1a: Thundurus|Thundurus-Therian, L50, M|100\/100\n|switch|p1b: Mimikyu|Mimikyu, L50, F|100\/100\n|switch|p2a: Zamazenta|Zamazenta-Crowned, L50|100\/100\n|switch|p2b: Amoonguss|Amoonguss, L50, M|100\/100\n|-ability|p2a: Zamazenta|Dauntless Shield|boost\n|-boost|p2a: Zamazenta|def|1\n|turn|1\n|inactive|DaleG has 30 seconds left.\n|inactive|DaleG has 20 seconds left.\n|inactive|DaleG has 15 seconds left.\n|inactive|DaleG has 10 seconds left.\n|\n|t:|1717729127\n|-terastallize|p2a: Zamazenta|Grass\n|move|p1a: Thundurus|Volt Switch|p2a: Zamazenta\n|-resisted|p2a: Zamazenta\n|-damage|p2a: Zamazenta|88\/100\n|\n|t:|1717729132\n|switch|p1a: Reshiram|Reshiram, L50|100\/100|[from] Volt Switch\n|-ability|p1a: Reshiram|Turboblaze\n|move|p2a: Zamazenta|Iron Defense|p2a: Zamazenta\n|-boost|p2a: Zamazenta|def|2\n|move|p1b: Mimikyu|Taunt|p2b: Amoonguss\n|-start|p2b: Amoonguss|move: Taunt\n|cant|p2b: Amoonguss|move: Taunt|Spore\n|\n|upkeep\n|turn|2\n|inactive|DaleG has 30 seconds left.\n|\n|t:|1717729163\n|switch|p2b: Chandelure|Chandelure, L50, M|100\/100\n|-terastallize|p1a: Reshiram|Fairy\n|move|p2a: Zamazenta|Body Press|p1a: Reshiram\n|-resisted|p1a: Reshiram\n|-damage|p1a: Reshiram|48\/100\n|move|p1a: Reshiram|Heat Wave|p2b: Chandelure|[spread] p2a,p2b\n|-supereffective|p2a: Zamazenta\n|-resisted|p2b: Chandelure\n|-damage|p2a: Zamazenta|23\/100\n|-damage|p2b: Chandelure|66\/100\n|move|p1b: Mimikyu|Trick Room|p1b: Mimikyu\n|-fieldstart|move: Trick Room|[of] p1b: Mimikyu\n|\n|upkeep\n|turn|3\n|inactive|DaleG has 30 seconds left.\n|\n|t:|1717729190\n|switch|p2b: Amoonguss|Amoonguss, L50, M|100\/100\n|move|p2a: Zamazenta|Wide Guard|p2a: Zamazenta\n|-singleturn|p2a: Zamazenta|Wide Guard\n|move|p1b: Mimikyu|Taunt|p2b: Amoonguss\n|-start|p2b: Amoonguss|move: Taunt\n|move|p1a: Reshiram|Heat Wave|p2a: Zamazenta|[spread] \n|-activate|p2a: Zamazenta|move: Wide Guard\n|-activate|p2b: Amoonguss|move: Wide Guard\n|\n|upkeep\n|turn|4\n|\n|t:|1717729213\n|switch|p1b: Tyranitar|Tyranitar, L50, F|100\/100\n|-weather|Sandstorm|[from] ability: Sand Stream|[of] p1b: Tyranitar\n|move|p2a: Zamazenta|Wide Guard|p2a: Zamazenta\n|-singleturn|p2a: Zamazenta|Wide Guard\n|move|p2b: Amoonguss|Pollen Puff|p2a: Zamazenta\n|-heal|p2a: Zamazenta|73\/100\n|move|p1a: Reshiram|Heat Wave|p2a: Zamazenta|[spread] \n|-activate|p2a: Zamazenta|move: Wide Guard\n|-activate|p2b: Amoonguss|move: Wide Guard\n|\n|-weather|Sandstorm|[upkeep]\n|-damage|p2b: Amoonguss|95\/100|[from] Sandstorm\n|-damage|p1a: Reshiram|42\/100|[from] Sandstorm\n|-damage|p2a: Zamazenta|67\/100|[from] Sandstorm\n|upkeep\n|turn|5\n|\n|t:|1717729237\n|move|p2a: Zamazenta|Wide Guard|p2a: Zamazenta\n|-singleturn|p2a: Zamazenta|Wide Guard\n|move|p2b: Amoonguss|Pollen Puff|p2a: Zamazenta\n|-heal|p2a: Zamazenta|100\/100\n|move|p1b: Tyranitar|Knock Off|p2b: Amoonguss\n|-damage|p2b: Amoonguss|63\/100\n|-damage|p1b: Tyranitar|84\/100|[from] item: Rocky Helmet|[of] p2b: Amoonguss\n|-enditem|p2b: Amoonguss|Rocky Helmet|[from] move: Knock Off|[of] p1b: Tyranitar\n|move|p1a: Reshiram|Blue Flare|p2a: Zamazenta\n|-supereffective|p2a: Zamazenta\n|-damage|p2a: Zamazenta|0 fnt\n|faint|p2a: Zamazenta\n|\n|-weather|Sandstorm|[upkeep]\n|-damage|p2b: Amoonguss|57\/100|[from] Sandstorm\n|-damage|p1a: Reshiram|36\/100|[from] Sandstorm\n|-end|p2b: Amoonguss|move: Taunt\n|upkeep\n|\n|t:|1717729261\n|switch|p2a: Raging Bolt|Raging Bolt, L50|100\/100\n|turn|6\n|\n|t:|1717729284\n|switch|p1a: Thundurus|Thundurus-Therian, L50, M|100\/100\n|move|p2b: Amoonguss|Spore|p1a: Thundurus\n|-status|p1a: Thundurus|slp|[from] move: Spore\n|move|p1b: Tyranitar|Knock Off|p2a: Raging Bolt\n|-damage|p2a: Raging Bolt|65\/100\n|-enditem|p2a: Raging Bolt|Assault Vest|[from] move: Knock Off|[of] p1b: Tyranitar\n|move|p2a: Raging Bolt|Discharge|p1a: Thundurus|[spread] p2b,p1b\n|-immune|p1a: Thundurus|[from] ability: Volt Absorb\n|-resisted|p2b: Amoonguss\n|-damage|p2b: Amoonguss|41\/100\n|-damage|p1b: Tyranitar|68\/100\n|\n|-weather|Sandstorm|[upkeep]\n|-damage|p2b: Amoonguss|35\/100|[from] Sandstorm\n|-damage|p2a: Raging Bolt|59\/100|[from] Sandstorm\n|-damage|p1a: Thundurus|95\/100 slp|[from] Sandstorm\n|-fieldend|move: Trick Room\n|upkeep\n|turn|7\n|inactive|zizi15 has 30 seconds left.\n|inactive|DaleG has 30 seconds left.\n|inactive|DaleG has 20 seconds left.\n|inactive|DaleG has 15 seconds left.\n|inactive|DaleG has 10 seconds left.\n|j| also known as aka\n|inactive|DaleG has 5 seconds left.\n|\n|t:|1717729336\n|cant|p1a: Thundurus|slp\n|move|p2a: Raging Bolt|Draco Meteor|p1a: Thundurus|[miss]\n|-miss|p2a: Raging Bolt|p1a: Thundurus\n|move|p1b: Tyranitar|Knock Off|p2b: Amoonguss\n|-damage|p2b: Amoonguss|13\/100\n|move|p2b: Amoonguss|Spore|p1b: Tyranitar\n|-status|p1b: Tyranitar|slp|[from] move: Spore\n|\n|-weather|Sandstorm|[upkeep]\n|-damage|p1a: Thundurus|89\/100 slp|[from] Sandstorm\n|-damage|p2a: Raging Bolt|53\/100|[from] Sandstorm\n|-damage|p2b: Amoonguss|7\/100|[from] Sandstorm\n|upkeep\n|turn|8\n|\n|t:|1717729355\n|switch|p2b: Chandelure|Chandelure, L50, M|66\/100\n|cant|p1a: Thundurus|slp\n|move|p2a: Raging Bolt|Draco Meteor|p1a: Thundurus\n|-damage|p1a: Thundurus|0 fnt\n|-unboost|p2a: Raging Bolt|spa|2\n|faint|p1a: Thundurus\n|cant|p1b: Tyranitar|slp\n|\n|-weather|none\n|upkeep\n|\n|t:|1717729375\n|switch|p1a: Mimikyu|Mimikyu, L50, F|100\/100\n|turn|9\n|inactive|DaleG has 30 seconds left.\n|inactive|DaleG has 20 seconds left.\n|\n|t:|1717729411\n|switch|p2b: Amoonguss|Amoonguss, L50, M|40\/100\n|move|p1a: Mimikyu|Taunt|p2a: Raging Bolt\n|-start|p2a: Raging Bolt|move: Taunt\n|move|p2a: Raging Bolt|Discharge|p1b: Tyranitar|[spread] p2b,p1a,p1b\n|-resisted|p2b: Amoonguss\n|-damage|p2b: Amoonguss|32\/100\n|-activate|p1a: Mimikyu|ability: Disguise\n|-damage|p1a: Mimikyu|100\/100\n|-damage|p1b: Tyranitar|55\/100 slp\n|detailschange|p1a: Mimikyu|Mimikyu-Busted, L50, F\n|-damage|p1a: Mimikyu|88\/100|[from] pokemon: Mimikyu-Busted\n|cant|p1b: Tyranitar|slp\n|\n|upkeep\n|turn|10\n|inactive|DaleG has 30 seconds left.\n|\n|t:|1717729443\n|switch|p2b: Chandelure|Chandelure, L50, M|66\/100\n|move|p1a: Mimikyu|Play Rough|p2a: Raging Bolt\n|-supereffective|p2a: Raging Bolt\n|-damage|p2a: Raging Bolt|3\/100\n|-unboost|p2a: Raging Bolt|atk|1\n|move|p2a: Raging Bolt|Draco Meteor|p1b: Tyranitar\n|-damage|p1b: Tyranitar|24\/100 slp\n|-unboost|p2a: Raging Bolt|spa|2\n|cant|p1b: Tyranitar|slp\n|\n|upkeep\n|turn|11\n|inactive|zizi15 has 30 seconds left.\n|\n|t:|1717729477\n|switch|p1a: Reshiram|Reshiram, L50, tera:Fairy|36\/100\n|-ability|p1a: Reshiram|Turboblaze\n|-end|p2a: Raging Bolt|Protosynthesis|[silent]\n|switch|p2a: Amoonguss|Amoonguss, L50, M|65\/100\n|move|p2b: Chandelure|Heat Wave|p1b: Tyranitar|[spread] p1b\n|-miss|p2b: Chandelure|p1a: Reshiram\n|-resisted|p1b: Tyranitar\n|-damage|p1b: Tyranitar|9\/100 slp\n|-curestatus|p1b: Tyranitar|slp|[msg]\n|move|p1b: Tyranitar|Rock Slide|p2b: Chandelure|[spread] p2a,p2b\n|-supereffective|p2b: Chandelure\n|-damage|p2a: Amoonguss|48\/100\n|-damage|p2b: Chandelure|0 fnt\n|faint|p2b: Chandelure\n|\n|upkeep\n|\n|t:|1717729490\n|switch|p2b: Raging Bolt|Raging Bolt, L50|3\/100\n|turn|12\n|inactive|DaleG has 30 seconds left.\n|\n|t:|1717729518\n|switch|p1b: Mimikyu|Mimikyu-Busted, L50, F|88\/100\n|move|p2b: Raging Bolt|Thunderclap|p1a: Reshiram\n|-damage|p1a: Reshiram|12\/100\n|move|p1a: Reshiram|Heat Wave|p2b: Raging Bolt|[spread] p2a,p2b\n|-supereffective|p2a: Amoonguss\n|-resisted|p2b: Raging Bolt\n|-damage|p2a: Amoonguss|0 fnt\n|-damage|p2b: Raging Bolt|0 fnt\n|faint|p2a: Amoonguss\n|faint|p2b: Raging Bolt\n|-end|p2b: Raging Bolt|Protosynthesis|[silent]\n|\n|win|zizi15\n|raw|zizi15's rating: 1665 &rarr; <strong>1691<\/strong><br \/>(+26 for winning)\n|raw|DaleG's rating: 1770 &rarr; <strong>1744<\/strong><br \/>(-26 for losing)\n|c|\u2606zizi15|gg\n|l|\u2606DaleG\n|player|p2|\n","uploadtime":1717729541,"views":22,"formatid":"gen9vgc2024regg","rating":1691,"private":0,"password":null}