{"id":"gen9vgc2024regg-2138371170","format":"[Gen 9] VGC 2024 Reg G","players":["hydreigon_chelas","Icewing96"],"log":"|j|\u2606hydreigon_chelas\n|j|\u2606Icewing96\n|t:|1717713104\n|gametype|doubles\n|player|p1|hydreigon_chelas|pokefanf|1688\n|player|p2|Icewing96|shadowtriad|1715\n|teamsize|p1|6\n|teamsize|p2|6\n|gen|9\n|tier|[Gen 9] VGC 2024 Reg G\n|rated|\n|rule|Species Clause: Limit one of each Pok\u00e9mon\n|rule|Item Clause: Limit one of each item\n|clearpoke\n|poke|p1|Landorus, L50, M|\n|poke|p1|Zacian-*, L50|\n|poke|p1|Rillaboom, L50, M|\n|poke|p1|Incineroar, L50, F|\n|poke|p1|Urshifu-*, L50, F|\n|poke|p1|Tornadus, L50, M|\n|poke|p2|Miraidon, L50|\n|poke|p2|Landorus, L50, M|\n|poke|p2|Chi-Yu, L50|\n|poke|p2|Whimsicott, L50, M|\n|poke|p2|Farigiraf, L50, M|\n|poke|p2|Iron Hands, L50|\n|teampreview|4\n|inactive|Battle timer is ON: inactive players will automatically lose when time's up. (requested by Icewing96)\nhydreigon_chelas has agreed to open team sheets.\n|j| Samevgcmons\nIcewing96 has agreed to open team sheets.\n|inactive|hydreigon_chelas has 30 seconds left.\n|inactive|Icewing96 has 30 seconds left.\n|inactive|hydreigon_chelas has 20 seconds left.\n|inactive|Icewing96 has 20 seconds left.\n|inactive|hydreigon_chelas has 15 seconds left.\n|\n|t:|1717713152\n|start\n|switch|p1a: Landorus|Landorus, L50, M|100\/100\n|switch|p1b: Rillaboom|Rillaboom, L50, M|100\/100\n|switch|p2a: Miraidon|Miraidon, L50|100\/100\n|switch|p2b: Farigiraf|Farigiraf, L50, M|100\/100\n|-fieldstart|move: Electric Terrain|[from] ability: Hadron Engine|[of] p2a: Miraidon\n|-enditem|p2b: Farigiraf|Electric Seed\n|-boost|p2b: Farigiraf|def|1|[from] item: Electric Seed\n|-fieldstart|move: Grassy Terrain|[from] ability: Grassy Surge|[of] p1b: Rillaboom\n|turn|1\n|\n|t:|1717713163\n|move|p1a: Landorus|Protect|p1a: Landorus\n|-singleturn|p1a: Landorus|Protect\n|move|p2a: Miraidon|Draco Meteor|p1a: Landorus\n|-activate|p1a: Landorus|move: Protect\n|move|p1b: Rillaboom|U-turn|p2a: Miraidon\n|-damage|p2a: Miraidon|78\/100\n|\n|t:|1717713171\n|switch|p1b: Urshifu|Urshifu-Rapid-Strike, L50, F|100\/100|[from] U-turn\n|move|p2b: Farigiraf|Trick Room|p2b: Farigiraf\n|-fieldstart|move: Trick Room|[of] p2b: Farigiraf\n|\n|-heal|p2a: Miraidon|84\/100|[from] Grassy Terrain\n|upkeep\n|turn|2\n|\n|t:|1717713186\n|move|p2b: Farigiraf|Psychic Noise|p1b: Urshifu\n|-supereffective|p1b: Urshifu\n|-crit|p1b: Urshifu\n|-damage|p1b: Urshifu|0 fnt\n|faint|p1b: Urshifu\n|move|p1a: Landorus|Earth Power|p2a: Miraidon\n|-supereffective|p2a: Miraidon\n|-crit|p2a: Miraidon\n|-damage|p2a: Miraidon|0 fnt\n|faint|p2a: Miraidon\n|\n|upkeep\n|\n|t:|1717713201\n|switch|p1b: Zacian|Zacian-Crowned, L50|100\/100\n|switch|p2a: Iron Hands|Iron Hands, L50|100\/100\n|-ability|p1b: Zacian|Intrepid Sword|boost\n|-boost|p1b: Zacian|atk|1\n|turn|3\n|\n|t:|1717713218\n|move|p1a: Landorus|Protect|p1a: Landorus\n|-singleturn|p1a: Landorus|Protect\n|move|p1b: Zacian|Protect|p1b: Zacian\n|-singleturn|p1b: Zacian|Protect\n|move|p2a: Iron Hands|Fake Out|p1b: Zacian\n|-activate|p1b: Zacian|move: Protect\n|move|p2b: Farigiraf|Foul Play|p1a: Landorus\n|-activate|p1a: Landorus|move: Protect\n|\n|upkeep\n|turn|4\n|\n|t:|1717713248\n|move|p2b: Farigiraf|Helping Hand|p2a: Iron Hands\n|-singleturn|p2a: Iron Hands|Helping Hand|[of] p2b: Farigiraf\n|move|p2a: Iron Hands|Drain Punch|p1a: Landorus\n|-resisted|p1a: Landorus\n|-damage|p1a: Landorus|59\/100\n|move|p1a: Landorus|Earth Power|p2a: Iron Hands\n|-supereffective|p2a: Iron Hands\n|-damage|p2a: Iron Hands|19\/100\n|move|p1b: Zacian|Swords Dance|p1b: Zacian\n|-boost|p1b: Zacian|atk|2\n|\n|-heal|p2a: Iron Hands|25\/100|[from] Grassy Terrain\n|upkeep\n|turn|5\n|\n|t:|1717713260\n|switch|p2b: Chi-Yu|Chi-Yu, L50|100\/100\n|-ability|p2b: Chi-Yu|Beads of Ruin\n|move|p1a: Landorus|Protect|p1a: Landorus\n|-singleturn|p1a: Landorus|Protect\n|move|p1b: Zacian|Protect|p1b: Zacian\n|-singleturn|p1b: Zacian|Protect\n|move|p2a: Iron Hands|Drain Punch|p1b: Zacian\n|-activate|p1b: Zacian|move: Protect\n|\n|-heal|p2a: Iron Hands|31\/100|[from] Grassy Terrain\n|-fieldend|move: Trick Room\n|-fieldend|move: Grassy Terrain\n|upkeep\n|turn|6\n|\n|t:|1717713277\n|switch|p1a: Rillaboom|Rillaboom, L50, M|100\/100\n|-fieldstart|move: Grassy Terrain|[from] ability: Grassy Surge|[of] p1a: Rillaboom\n|-terastallize|p1b: Zacian|Fighting\n|-terastallize|p2a: Iron Hands|Water\n|move|p2b: Chi-Yu|Overheat|p1b: Zacian\n|-damage|p1b: Zacian|26\/100\n|-unboost|p2b: Chi-Yu|spa|2\n|move|p1b: Zacian|Sacred Sword|p2b: Chi-Yu\n|-supereffective|p2b: Chi-Yu\n|-damage|p2b: Chi-Yu|0 fnt\n|faint|p2b: Chi-Yu\n|move|p2a: Iron Hands|Ice Punch|p1a: Rillaboom\n|-supereffective|p1a: Rillaboom\n|-damage|p1a: Rillaboom|46\/100\n|\n|-heal|p1b: Zacian|32\/100|[from] Grassy Terrain\n|-heal|p1a: Rillaboom|52\/100|[from] Grassy Terrain\n|-heal|p2a: Iron Hands|37\/100|[from] Grassy Terrain\n|upkeep\n|\n|t:|1717713286\n|switch|p2b: Farigiraf|Farigiraf, L50, M|100\/100\n|turn|7\n|\n|t:|1717713294\n|move|p1b: Zacian|Behemoth Blade|p2b: Farigiraf\n|-damage|p2b: Farigiraf|0 fnt\n|faint|p2b: Farigiraf\n|move|p1a: Rillaboom|Wood Hammer|p2a: Iron Hands\n|-supereffective|p2a: Iron Hands\n|-damage|p2a: Iron Hands|0 fnt\n|faint|p2a: Iron Hands\n|-end|p2a: Iron Hands|Quark Drive|[silent]\n|-damage|p1a: Rillaboom|39\/100|[from] Recoil\n|\n|win|hydreigon_chelas\n|raw|hydreigon_chelas's rating: 1688 &rarr; <strong>1710<\/strong><br \/>(+22 for winning)\n|raw|Icewing96's rating: 1715 &rarr; <strong>1693<\/strong><br \/>(-22 for losing)\n|l|\u2606Icewing96\n|player|p2|\n|l| Samevgcmons\n|l|\u2606hydreigon_chelas\n|player|p1|\n","uploadtime":1717713529,"views":16,"formatid":"gen9vgc2024regg","rating":1693,"private":0,"password":null}