{"id":"gen9vgc2024regg-2138611930","format":"[Gen 9] VGC 2024 Reg G","players":["roykeenkennedy","pint of guiness"],"log":"|j|\u2606roykeenkennedy\n|j|\u203dpint of guiness\n|t:|1717749635\n|gametype|doubles\n|player|p1|roykeenkennedy|alder|1691\n|player|p2|pint of guiness|266|1675\n|teamsize|p1|6\n|teamsize|p2|6\n|gen|9\n|tier|[Gen 9] VGC 2024 Reg G\n|rated|\n|rule|Species Clause: Limit one of each Pok\u00e9mon\n|rule|Item Clause: Limit one of each item\n|clearpoke\n|poke|p1|Zamazenta-*, L50|\n|poke|p1|Grimmsnarl, L50, M|\n|poke|p1|Sinistcha, L50|\n|poke|p1|Incineroar, L50, M|\n|poke|p1|Raging Bolt, L50|\n|poke|p1|Pelipper, L50, M|\n|poke|p2|Miraidon, L50|\n|poke|p2|Murkrow, L50, F|\n|poke|p2|Chi-Yu, L50|\n|poke|p2|Iron Hands, L50|\n|poke|p2|Ursaluna, L50, F|\n|poke|p2|Farigiraf, L50, M|\n|teampreview|4\n|\n|t:|1717749659\n|start\n|switch|p1a: Grimmsnarl|Grimmsnarl, L50, M|100\/100\n|switch|p1b: Raging Bolt|Raging Bolt, L50|100\/100\n|switch|p2a: Miraidon|Miraidon, L50|100\/100\n|switch|p2b: Farigiraf|Farigiraf, L50, M, shiny|100\/100\n|-fieldstart|move: Electric Terrain|[from] ability: Hadron Engine|[of] p2a: Miraidon\n|-enditem|p2b: Farigiraf|Electric Seed\n|-boost|p2b: Farigiraf|def|1|[from] item: Electric Seed\n|turn|1\n|inactive|Battle timer is ON: inactive players will automatically lose when time's up. (requested by pint of guiness)\n|\n|t:|1717749675\n|-terastallize|p2a: Miraidon|Fairy\n|-terastallize|p1b: Raging Bolt|Electric\n|move|p2b: Farigiraf|Helping Hand|p2a: Miraidon\n|-singleturn|p2a: Miraidon|Helping Hand|[of] p2b: Farigiraf\n|move|p1a: Grimmsnarl|Light Screen|p1a: Grimmsnarl\n|-sidestart|p1: roykeenkennedy|move: Light Screen\n|move|p2a: Miraidon|Dazzling Gleam|p1b: Raging Bolt|[spread] p1a,p1b\n|-supereffective|p1a: Grimmsnarl\n|-damage|p1a: Grimmsnarl|0 fnt\n|-damage|p1b: Raging Bolt|65\/100\n|faint|p1a: Grimmsnarl\n|move|p1b: Raging Bolt|Charge Beam|p2b: Farigiraf\n|-damage|p2b: Farigiraf|64\/100\n|-boost|p1b: Raging Bolt|spa|1\n|\n|upkeep\n|\n|t:|1717749692\n|switch|p1a: Sinistcha|Sinistcha, L50|100\/100\n|-heal|p1b: Raging Bolt|90\/100|[from] ability: Hospitality|[of] p1a: Sinistcha\n|turn|2\n|\n|t:|1717749701\n|switch|p2a: Iron Hands|Iron Hands, L50, shiny|100\/100\n|-activate|p2a: Iron Hands|ability: Quark Drive\n|-start|p2a: Iron Hands|quarkdriveatk\n|move|p1b: Raging Bolt|Charge Beam|p2b: Farigiraf\n|-damage|p2b: Farigiraf|8\/100\n|-boost|p1b: Raging Bolt|spa|1\n|move|p1a: Sinistcha|Matcha Gotcha|p2a: Iron Hands|[spread] p2a,p2b\n|-damage|p2a: Iron Hands|87\/100\n|-damage|p2b: Farigiraf|0 fnt\n|-status|p2a: Iron Hands|brn\n|faint|p2b: Farigiraf\n|\n|-damage|p2a: Iron Hands|81\/100 brn|[from] brn\n|upkeep\n|inactiveoff|Battle timer is now OFF.\n|inactive|Battle timer is ON: inactive players will automatically lose when time's up. (requested by roykeenkennedy)\n|j| chant de la terre\n|j| Kal0stest\n|inactive|pint of guiness has 30 seconds left.\n|inactive|pint of guiness has 20 seconds left.\n|inactive|pint of guiness has 15 seconds left.\n|inactive|pint of guiness has 10 seconds left.\n|inactive|pint of guiness has 5 seconds left.\n|\n|t:|1717749803\n|switch|p2b: Chi-Yu|Chi-Yu, L50|100\/100\n|-ability|p2b: Chi-Yu|Beads of Ruin\n|turn|3\n|inactive|pint of guiness has 30 seconds left.\n|inactive|pint of guiness has 20 seconds left.\n|inactive|pint of guiness has 15 seconds left.\n|inactive|pint of guiness has 10 seconds left.\n|inactive|pint of guiness has 5 seconds left.\n|\n|t:|1717749858\n|move|p1b: Raging Bolt|Thunderclap|p2b: Chi-Yu\n|-enditem|p2b: Chi-Yu|Focus Sash\n|-damage|p2b: Chi-Yu|1\/100\n|move|p2b: Chi-Yu|Flamethrower|p1b: Raging Bolt\n|-damage|p1b: Raging Bolt|66\/100\n|move|p1a: Sinistcha|Life Dew||[still]|[spread] p1a,p1b\n|-fail|p1a: Sinistcha|heal\n|-heal|p1b: Raging Bolt|91\/100\n|move|p2a: Iron Hands|Wild Charge|p1b: Raging Bolt\n|-resisted|p1b: Raging Bolt\n|-damage|p1b: Raging Bolt|73\/100\n|-damage|p2a: Iron Hands|77\/100 brn|[from] Recoil\n|\n|-damage|p2a: Iron Hands|71\/100 brn|[from] brn\n|upkeep\n|turn|4\n|inactive|pint of guiness has 30 seconds left.\n|inactive|pint of guiness has 20 seconds left.\n|inactive|pint of guiness has 15 seconds left.\n|inactive|pint of guiness has 10 seconds left.\n|inactive|pint of guiness has 5 seconds left.\n|\n|t:|1717749913\n|move|p1b: Raging Bolt|Thunderclap|p2b: Chi-Yu\n|-damage|p2b: Chi-Yu|0 fnt\n|faint|p2b: Chi-Yu\n|move|p1a: Sinistcha|Life Dew||[still]|[spread] p1a,p1b\n|-fail|p1a: Sinistcha|heal\n|-heal|p1b: Raging Bolt|98\/100\n|move|p2a: Iron Hands|Wild Charge|p1b: Raging Bolt\n|-resisted|p1b: Raging Bolt\n|-damage|p1b: Raging Bolt|82\/100\n|-damage|p2a: Iron Hands|67\/100 brn|[from] Recoil\n|\n|-damage|p2a: Iron Hands|61\/100 brn|[from] brn\n|upkeep\n|inactive|pint of guiness has 30 seconds left.\n|inactive|pint of guiness has 20 seconds left.\n|inactive|pint of guiness has 15 seconds left.\n|n|\u2606pint of guiness|pintofguiness\n|inactive|pint of guiness has 10 seconds left.\n|inactive|pint of guiness has 5 seconds left.\n|\n|t:|1717749968\n|switch|p2b: Miraidon|Miraidon, L50, tera:Fairy|100\/100\n|-activate|p2b: Miraidon|ability: Hadron Engine\n|turn|5\n|inactive|pint of guiness has 30 seconds left.\n|inactive|pint of guiness has 20 seconds left.\n|inactive|pint of guiness has 15 seconds left.\n|inactive|pint of guiness has 10 seconds left.\n|inactive|pint of guiness has 5 seconds left.\n|\n|t:|1717750023\n|move|p1a: Sinistcha|Rage Powder|p1a: Sinistcha\n|-singleturn|p1a: Sinistcha|move: Rage Powder\n|move|p1b: Raging Bolt|Thunderclap|p2b: Miraidon\n|-damage|p2b: Miraidon|0 fnt\n|faint|p2b: Miraidon\n|move|p2a: Iron Hands|Wild Charge|p1a: Sinistcha\n|-resisted|p1a: Sinistcha\n|-damage|p1a: Sinistcha|81\/100\n|-damage|p2a: Iron Hands|58\/100 brn|[from] Recoil\n|-enditem|p1a: Sinistcha|Eject Button\n|\n|t:|1717750032\n|switch|p1a: Zamazenta|Zamazenta-Crowned, L50|100\/100\n|-ability|p1a: Zamazenta|Dauntless Shield|boost\n|-boost|p1a: Zamazenta|def|1\n|\n|-damage|p2a: Iron Hands|52\/100 brn|[from] brn\n|-fieldend|move: Electric Terrain\n|-end|p2a: Iron Hands|Quark Drive\n|upkeep\n|turn|6\n|inactive|pint of guiness has 30 seconds left.\n|inactive|pint of guiness has 20 seconds left.\n|inactive|pint of guiness has 15 seconds left.\n|inactive|pint of guiness has 10 seconds left.\n|inactive|pint of guiness has 5 seconds left.\n|\n|t:|1717750087\n|move|p1a: Zamazenta|Body Press|p2a: Iron Hands\n|-damage|p2a: Iron Hands|9\/100 brn\n|move|p1b: Raging Bolt|Dragon Pulse|p2a: Iron Hands\n|-damage|p2a: Iron Hands|0 fnt\n|faint|p2a: Iron Hands\n|-end|p2a: Iron Hands|Quark Drive|[silent]\n|\n|win|roykeenkennedy\n|raw|roykeenkennedy's rating: 1691 &rarr; <strong>1711<\/strong><br \/>(+20 for winning)\n|raw|pint of guiness's rating: 1694 &rarr; <strong>1674<\/strong><br \/>(-20 for losing)\n|l| Kal0stest\n|l|\u2606roykeenkennedy\n|player|p1|\n|l|\u2606pint of guiness\n|player|p2|\n","uploadtime":1717750315,"views":16,"formatid":"gen9vgc2024regg","rating":1674,"private":0,"password":null}