{"id":"gen9vgc2024regg-2138188866","format":"[Gen 9] VGC 2024 Reg G","players":["Betsie","ccc2014"],"log":"|j|\u2606Betsie\n|j|\u2606ccc2014\n|t:|1717693455\n|gametype|doubles\n|player|p1|Betsie|grimsley-masters|1763\n|player|p2|ccc2014|dawn|1691\n|teamsize|p1|6\n|teamsize|p2|6\n|gen|9\n|tier|[Gen 9] VGC 2024 Reg G\n|rated|\n|rule|Species Clause: Limit one of each Pok\u00e9mon\n|rule|Item Clause: Limit one of each item\n|clearpoke\n|poke|p1|Tornadus, L50, M|\n|poke|p1|Chi-Yu, L50|\n|poke|p1|Calyrex-Shadow, L50|\n|poke|p1|Indeedee-F, L50, F|\n|poke|p1|Urshifu-*, L50, M|\n|poke|p1|Iron Valiant, L50|\n|poke|p2|Urshifu-*, L50, M|\n|poke|p2|Chien-Pao, L50|\n|poke|p2|Pelipper, L50, M|\n|poke|p2|Rillaboom, L50, M|\n|poke|p2|Raging Bolt, L50|\n|poke|p2|Zamazenta-*, L50|\n|teampreview|4\n|inactive|Battle timer is ON: inactive players will automatically lose when time's up. (requested by Betsie)\n|j| BlackFlash=Crit\n|inactive|ccc2014 has 60 seconds left.\n|inactive|ccc2014 has 30 seconds left.\n|j| jheinzm\n|inactive|ccc2014 has 20 seconds left.\n|\n|t:|1717693528\n|start\n|switch|p1a: Chi-Yu|Chi-Yu, L50|100\/100\n|switch|p1b: Tornadus|Tornadus, L50, M|100\/100\n|switch|p2a: Urshifu|Urshifu-Rapid-Strike, L50, M|100\/100\n|switch|p2b: Chien-Pao|Chien-Pao, L50|100\/100\n|-ability|p2b: Chien-Pao|Sword of Ruin\n|-ability|p1a: Chi-Yu|Beads of Ruin\n|turn|1\n|inactive|ccc2014 has 30 seconds left.\n|\n|t:|1717693553\n|-terastallize|p1a: Chi-Yu|Grass\n|move|p2b: Chien-Pao|Sucker Punch|p1a: Chi-Yu\n|-damage|p1a: Chi-Yu|0 fnt\n|faint|p1a: Chi-Yu\n|-damage|p2b: Chien-Pao|91\/100|[from] item: Life Orb\n|move|p2a: Urshifu|Aqua Jet|p1b: Tornadus\n|-damage|p1b: Tornadus|65\/100\n|move|p1b: Tornadus|Tailwind|p1b: Tornadus\n|-sidestart|p1: Betsie|move: Tailwind\n|\n|upkeep\n|\n|t:|1717693561\n|switch|p1a: Calyrex|Calyrex-Shadow, L50|100\/100\n|-ability|p1a: Calyrex|As One\n|-ability|p1a: Calyrex|Unnerve\n|turn|2\n|c|\u2606Betsie|thats crazy\n|\n|t:|1717693582\n|switch|p1b: Indeedee|Indeedee-F, L50, F|100\/100\n|-fieldstart|move: Psychic Terrain|[from] ability: Psychic Surge|[of] p1b: Indeedee\n|move|p2b: Chien-Pao|Protect|p2b: Chien-Pao\n|-singleturn|p2b: Chien-Pao|Protect\n|move|p2a: Urshifu|Detect|p2a: Urshifu\n|-singleturn|p2a: Urshifu|Protect\n|move|p1a: Calyrex|Expanding Force|p2a: Urshifu|[spread] \n|-activate|p2a: Urshifu|move: Protect\n|-activate|p2b: Chien-Pao|move: Protect\n|\n|upkeep\n|turn|3\n|inactive|Betsie has 30 seconds left.\n|inactive|ccc2014 has 30 seconds left.\n|\n|t:|1717693615\n|switch|p2a: Rillaboom|Rillaboom, L50, M|100\/100\n|-fieldstart|move: Grassy Terrain|[from] ability: Grassy Surge|[of] p2a: Rillaboom\n|move|p1b: Indeedee|Helping Hand|p1a: Calyrex\n|-singleturn|p1a: Calyrex|Helping Hand|[of] p1b: Indeedee\n|move|p1a: Calyrex|Astral Barrage|p2a: Rillaboom|[spread] p2a,p2b\n|-resisted|p2b: Chien-Pao\n|-damage|p2a: Rillaboom|12\/100\n|-damage|p2b: Chien-Pao|20\/100\n|move|p2b: Chien-Pao|Icicle Crash|p1a: Calyrex\n|-damage|p1a: Calyrex|10\/100\n|-damage|p2b: Chien-Pao|10\/100|[from] item: Life Orb\n|\n|-heal|p1a: Calyrex|16\/100|[from] Grassy Terrain\n|-heal|p2b: Chien-Pao|16\/100|[from] Grassy Terrain\n|-heal|p2a: Rillaboom|18\/100|[from] Grassy Terrain\n|upkeep\n|turn|4\n|inactive|ccc2014 has 30 seconds left.\n|\n|t:|1717693646\n|switch|p1b: Tornadus|Tornadus, L50, M|65\/100\n|move|p1a: Calyrex|Protect|p1a: Calyrex\n|-singleturn|p1a: Calyrex|Protect\n|move|p2a: Rillaboom|Fake Out|p1b: Tornadus\n|-damage|p1b: Tornadus|42\/100\n|move|p2b: Chien-Pao|Ice Shard|p1a: Calyrex\n|-activate|p1a: Calyrex|move: Protect\n|\n|-heal|p1a: Calyrex|22\/100|[from] Grassy Terrain\n|-heal|p2b: Chien-Pao|22\/100|[from] Grassy Terrain\n|-heal|p2a: Rillaboom|24\/100|[from] Grassy Terrain\n|-sideend|p1: Betsie|move: Tailwind\n|upkeep\n|turn|5\n|inactive|ccc2014 has 30 seconds left.\n|inactive|ccc2014 has 20 seconds left.\n|\n|t:|1717693684\n|switch|p1b: Indeedee|Indeedee-F, L50, F|100\/100\n|-fieldstart|move: Psychic Terrain|[from] ability: Psychic Surge|[of] p1b: Indeedee\n|switch|p2a: Raging Bolt|Raging Bolt, L50|100\/100\n|move|p2b: Chien-Pao|Protect|p2b: Chien-Pao\n|-singleturn|p2b: Chien-Pao|Protect\n|move|p1a: Calyrex|Astral Barrage|p2b: Chien-Pao|[spread] p2a\n|-activate|p2b: Chien-Pao|move: Protect\n|-damage|p2a: Raging Bolt|70\/100\n|\n|upkeep\n|turn|6\n|inactive|Betsie has 30 seconds left.\n|inactive|ccc2014 has 30 seconds left.\n|inactive|ccc2014 has 20 seconds left.\n|inactive|ccc2014 has 15 seconds left.\n|inactive|ccc2014 has 10 seconds left.\n|\n|t:|1717693729\n|switch|p2b: Rillaboom|Rillaboom, L50, M|24\/100\n|-fieldstart|move: Grassy Terrain|[from] ability: Grassy Surge|[of] p2b: Rillaboom\n|switch|p1b: Tornadus|Tornadus, L50, M|42\/100\n|-terastallize|p2a: Raging Bolt|Electric\n|move|p1a: Calyrex|Protect|p1a: Calyrex\n|-singleturn|p1a: Calyrex|Protect\n|move|p2a: Raging Bolt|Electroweb|p1a: Calyrex|[spread] p1b\n|-activate|p1a: Calyrex|move: Protect\n|-supereffective|p1b: Tornadus\n|-damage|p1b: Tornadus|0 fnt\n|faint|p1b: Tornadus\n|\n|-heal|p1a: Calyrex|28\/100|[from] Grassy Terrain\n|-heal|p2b: Rillaboom|30\/100|[from] Grassy Terrain\n|-heal|p2a: Raging Bolt|76\/100|[from] Grassy Terrain\n|upkeep\n|\n|t:|1717693740\n|switch|p1b: Indeedee|Indeedee-F, L50, F|100\/100\n|-fieldstart|move: Psychic Terrain|[from] ability: Psychic Surge|[of] p1b: Indeedee\n|turn|7\n|inactive|ccc2014 has 30 seconds left.\n|\n|t:|1717693775\n|switch|p2b: Chien-Pao|Chien-Pao, L50|22\/100\n|-ability|p2b: Chien-Pao|Sword of Ruin\n|move|p1b: Indeedee|Helping Hand|p1a: Calyrex\n|-singleturn|p1a: Calyrex|Helping Hand|[of] p1b: Indeedee\n|move|p1a: Calyrex|Expanding Force|p2b: Chien-Pao|[spread] p2a\n|-immune|p2b: Chien-Pao\n|-damage|p2a: Raging Bolt|15\/100\n|move|p2a: Raging Bolt|Electroweb|p1b: Indeedee|[spread] p1a,p1b\n|-damage|p1a: Calyrex|0 fnt\n|-damage|p1b: Indeedee|67\/100\n|-unboost|p1b: Indeedee|spe|1\n|faint|p1a: Calyrex\n|\n|upkeep\n|turn|8\n|-message|Betsie forfeited.\n|\n|win|ccc2014\n|raw|Betsie's rating: 1763 &rarr; <strong>1739<\/strong><br \/>(-24 for losing)\n|raw|ccc2014's rating: 1691 &rarr; <strong>1715<\/strong><br \/>(+24 for winning)\n|l|\u2606Betsie\n|player|p1|\n|l|\u2606ccc2014\n|player|p2|\n","uploadtime":1717693893,"views":42,"formatid":"gen9vgc2024regg","rating":1715,"private":0,"password":null}