{"id":"gen9vgc2024regg-2138569615","format":"[Gen 9] VGC 2024 Reg G","players":["lon0907vgc","phononmode"],"log":"|j|\u2606lon0907vgc\n|j|\u2606phononmode\n|t:|1717742031\n|gametype|doubles\n|player|p1|lon0907vgc|lass-gen4dp|1702\n|player|p2|phononmode|twins-gen4dp|1721\n|teamsize|p1|6\n|teamsize|p2|6\n|gen|9\n|tier|[Gen 9] VGC 2024 Reg G\n|rated|\n|rule|Species Clause: Limit one of each Pok\u00e9mon\n|rule|Item Clause: Limit one of each item\n|clearpoke\n|poke|p1|Miraidon, L50|\n|poke|p1|Ursaluna-Bloodmoon, L50, M|\n|poke|p1|Iron Hands, L50|\n|poke|p1|Farigiraf, L50, M|\n|poke|p1|Volcarona, L50, F|\n|poke|p1|Whimsicott, L50, M|\n|poke|p2|Ting-Lu, L50|\n|poke|p2|Calyrex-Ice, L50|\n|poke|p2|Rillaboom, L50, F|\n|poke|p2|Dondozo, L50, F|\n|poke|p2|Skeledirge, L50, F|\n|poke|p2|Grimmsnarl, L50, M|\n|teampreview|4\nphononmode has agreed to open team sheets.\n|inactive|Battle timer is ON: inactive players will automatically lose when time's up. (requested by phononmode)\n|j| save a g\n|inactive|lon0907vgc has 60 seconds left.\n|inactive|phononmode has 60 seconds left.\n|\n|t:|1717742094\n|start\n|switch|p1a: Volcarona|Volcarona, L50, F|100\/100\n|switch|p1b: Miraidon|Miraidon, L50|100\/100\n|switch|p2a: Rillaboom|Rillaboom, L50, F|100\/100\n|switch|p2b: Calyrex|Calyrex-Ice, L50|100\/100\n|-ability|p2b: Calyrex|As One\n|-ability|p2b: Calyrex|Unnerve\n|-fieldstart|move: Electric Terrain|[from] ability: Hadron Engine|[of] p1b: Miraidon\n|-fieldstart|move: Grassy Terrain|[from] ability: Grassy Surge|[of] p2a: Rillaboom\n|turn|1\n|\n|t:|1717742113\n|switch|p1b: Farigiraf|Farigiraf, L50, M|100\/100\n|switch|p2a: Ting-Lu|Ting-Lu, L50|100\/100\n|-ability|p2a: Ting-Lu|Vessel of Ruin\n|-terastallize|p2b: Calyrex|Fire\n|move|p1a: Volcarona|Will-O-Wisp|p2b: Calyrex\n|-immune|p2b: Calyrex\n|move|p2b: Calyrex|Trick Room|p2b: Calyrex\n|-fieldstart|move: Trick Room|[of] p2b: Calyrex\n|\n|upkeep\n|turn|2\n|\n|t:|1717742133\n|move|p1a: Volcarona|Rage Powder|p1a: Volcarona\n|-singleturn|p1a: Volcarona|move: Rage Powder\n|move|p2a: Ting-Lu|Ruination|p1a: Volcarona\n|-damage|p1a: Volcarona|50\/100\n|move|p2b: Calyrex|Glacial Lance|p1b: Farigiraf|[spread] p1a,p1b\n|-resisted|p1a: Volcarona\n|-damage|p1a: Volcarona|22\/100\n|-damage|p1b: Farigiraf|34\/100\n|move|p1b: Farigiraf|Trick Room|p1b: Farigiraf\n|-fieldend|move: Trick Room\n|\n|-heal|p1a: Volcarona|29\/100|[from] Grassy Terrain\n|-heal|p1b: Farigiraf|40\/100|[from] Grassy Terrain\n|upkeep\n|turn|3\n|\n|t:|1717742150\n|switch|p1a: Iron Hands|Iron Hands, L50|100\/100\n|switch|p1b: Miraidon|Miraidon, L50|100\/100\n|-fieldstart|move: Electric Terrain|[from] ability: Hadron Engine|[of] p1b: Miraidon\n|-activate|p1a: Iron Hands|ability: Quark Drive\n|-start|p1a: Iron Hands|quarkdriveatk\n|move|p2a: Ting-Lu|Payback|p1b: Miraidon\n|-damage|p1b: Miraidon|73\/100\n|move|p2b: Calyrex|Trick Room|p2b: Calyrex\n|-fieldstart|move: Trick Room|[of] p2b: Calyrex\n|\n|upkeep\n|turn|4\n|\n|t:|1717742166\n|switch|p2a: Rillaboom|Rillaboom, L50, F|100\/100\n|-fieldstart|move: Grassy Terrain|[from] ability: Grassy Surge|[of] p2a: Rillaboom\n|-end|p1a: Iron Hands|Quark Drive\n|-terastallize|p1b: Miraidon|Fairy\n|move|p2b: Calyrex|Protect|p2b: Calyrex\n|-singleturn|p2b: Calyrex|Protect\n|move|p1a: Iron Hands|Fake Out|p2b: Calyrex\n|-activate|p2b: Calyrex|move: Protect\n|move|p1b: Miraidon|Electro Drift|p2b: Calyrex\n|-activate|p2b: Calyrex|move: Protect\n|\n|-heal|p1b: Miraidon|79\/100|[from] Grassy Terrain\n|upkeep\n|turn|5\n|\n|t:|1717742182\n|switch|p1b: Volcarona|Volcarona, L50, F|29\/100\n|move|p2a: Rillaboom|Grassy Glide|p1b: Volcarona\n|-resisted|p1b: Volcarona\n|-crit|p1b: Volcarona\n|-damage|p1b: Volcarona|13\/100\n|-damage|p2a: Rillaboom|84\/100|[from] item: Rocky Helmet|[of] p1b: Volcarona\n|move|p1a: Iron Hands|Drain Punch|p2b: Calyrex\n|-damage|p2b: Calyrex|74\/100\n|move|p2b: Calyrex|Glacial Lance|p1a: Iron Hands|[spread] p1a,p1b\n|-resisted|p1b: Volcarona\n|-damage|p1a: Iron Hands|58\/100\n|-damage|p1b: Volcarona|0 fnt\n|faint|p1b: Volcarona\n|-ability|p2b: Calyrex|Chilling Neigh|boost\n|-boost|p2b: Calyrex|atk|1\n|\n|-heal|p2b: Calyrex|80\/100|[from] Grassy Terrain\n|-heal|p1a: Iron Hands|64\/100|[from] Grassy Terrain\n|-heal|p2a: Rillaboom|90\/100|[from] Grassy Terrain\n|upkeep\n|-message|lon0907vgc forfeited.\n|\n|win|phononmode\n|raw|lon0907vgc's rating: 1702 &rarr; <strong>1683<\/strong><br \/>(-19 for losing)\n|raw|phononmode's rating: 1721 &rarr; <strong>1740<\/strong><br \/>(+19 for winning)\n|l|\u2606lon0907vgc\n|player|p1|\n|l|\u2606phononmode\n|player|p2|\n","uploadtime":1717742422,"views":36,"formatid":"gen9vgc2024regg","rating":1683,"private":0,"password":null}