{"id":"gen9vgc2024regg-2139375998","format":"[Gen 9] VGC 2024 Reg G","players":["The Umpire","YuanqiNono"],"log":"|j|\u2606The Umpire\n|j|\u2606YuanqiNono\n|t:|1717857807\n|gametype|doubles\n|player|p1|The Umpire|volkner|1761\n|player|p2|YuanqiNono|265|1784\n|teamsize|p1|6\n|teamsize|p2|6\n|gen|9\n|tier|[Gen 9] VGC 2024 Reg G\n|rated|\n|rule|Species Clause: Limit one of each Pok\u00e9mon\n|rule|Item Clause: Limit one of each item\n|clearpoke\n|poke|p1|Zamazenta-*, L50|\n|poke|p1|Chien-Pao, L50|\n|poke|p1|Scream Tail, L50|\n|poke|p1|Rillaboom, L50, F|\n|poke|p1|Moltres-Galar, L50|\n|poke|p1|Chandelure, L50, M|\n|poke|p2|Raging Bolt, L50|\n|poke|p2|Zamazenta-*, L50|\n|poke|p2|Incineroar, L50, F|\n|poke|p2|Urshifu-*, L50, F|\n|poke|p2|Kingambit, L50, M|\n|poke|p2|Tornadus, L50, M|\n|teampreview|4\n|j| GSBird\n|\n|t:|1717857874\n|start\n|switch|p1a: Zamazenta|Zamazenta-Crowned, L50|100\/100\n|switch|p1b: Scream Tail|Scream Tail, L50, shiny|100\/100\n|switch|p2a: Incineroar|Incineroar, L50, F|100\/100\n|switch|p2b: Tornadus|Tornadus, L50, M|100\/100\n|-ability|p1a: Zamazenta|Dauntless Shield|boost\n|-boost|p1a: Zamazenta|def|1\n|-ability|p2a: Incineroar|Intimidate|boost\n|-unboost|p1a: Zamazenta|atk|1\n|-unboost|p1b: Scream Tail|atk|1\n|-enditem|p1b: Scream Tail|Booster Energy\n|-activate|p1b: Scream Tail|ability: Protosynthesis|[fromitem]\n|-start|p1b: Scream Tail|protosynthesisspe\n|turn|1\n|\n|t:|1717857912\n|-terastallize|p2a: Incineroar|Ghost\n|move|p1a: Zamazenta|Protect|p1a: Zamazenta\n|-singleturn|p1a: Zamazenta|Protect\n|move|p1b: Scream Tail|Dazzling Gleam|p2b: Tornadus|[spread] p2a,p2b\n|-damage|p2a: Incineroar|90\/100\n|-damage|p2b: Tornadus|81\/100\n|move|p2b: Tornadus|Bleakwind Storm|p1b: Scream Tail|[spread] p1b\n|-activate|p1a: Zamazenta|move: Protect\n|-damage|p1b: Scream Tail|73\/100\n|move|p2a: Incineroar|Knock Off|p1b: Scream Tail\n|-damage|p1b: Scream Tail|53\/100\n|\n|upkeep\n|turn|2\n|\n|t:|1717857938\n|switch|p2a: Zamazenta|Zamazenta-Crowned, L50|100\/100\n|-ability|p2a: Zamazenta|Dauntless Shield|boost\n|-boost|p2a: Zamazenta|def|1\n|move|p2b: Tornadus|Tailwind|p2b: Tornadus\n|-sidestart|p2: YuanqiNono|move: Tailwind\n|move|p1b: Scream Tail|Encore||[still]\n|-fail|p1b: Scream Tail\n|move|p1a: Zamazenta|Body Press|p2b: Tornadus\n|-resisted|p2b: Tornadus\n|-damage|p2b: Tornadus|29\/100\n|\n|upkeep\n|turn|3\n|\n|t:|1717857956\n|move|p1b: Scream Tail|Protect|p1b: Scream Tail\n|-singleturn|p1b: Scream Tail|Protect\n|move|p2b: Tornadus|Bleakwind Storm|p1a: Zamazenta|[spread] p1a\n|-activate|p1b: Scream Tail|move: Protect\n|-damage|p1a: Zamazenta|72\/100\n|-unboost|p1a: Zamazenta|spe|1\n|move|p2a: Zamazenta|Heavy Slam|p1b: Scream Tail\n|-activate|p1b: Scream Tail|move: Protect\n|move|p1a: Zamazenta|Body Press|p2a: Zamazenta\n|-supereffective|p2a: Zamazenta\n|-damage|p2a: Zamazenta|47\/100\n|\n|upkeep\n|turn|4\n|\n|t:|1717857992\n|-end|p1b: Scream Tail|Protosynthesis|[silent]\n|switch|p1b: Chandelure|Chandelure, L50, M, shiny|100\/100\n|-terastallize|p1a: Zamazenta|Dragon\n|move|p2a: Zamazenta|Protect|p2a: Zamazenta\n|-singleturn|p2a: Zamazenta|Protect\n|move|p2b: Tornadus|Bleakwind Storm|p1a: Zamazenta|[spread] p1a,p1b\n|-damage|p1a: Zamazenta|46\/100\n|-damage|p1b: Chandelure|48\/100\n|-unboost|p1a: Zamazenta|spe|1\n|move|p1a: Zamazenta|Heavy Slam|p2b: Tornadus\n|-damage|p2b: Tornadus|0 fnt\n|faint|p2b: Tornadus\n|\n|upkeep\n|\n|t:|1717858009\n|switch|p2b: Urshifu|Urshifu-Rapid-Strike, L50, F|100\/100\n|turn|5\n|\n|t:|1717858016\n|move|p2b: Urshifu|Surging Strikes|p1b: Chandelure\n|-supereffective|p1b: Chandelure\n|-crit|p1b: Chandelure\n|-damage|p1b: Chandelure|0 fnt\n|faint|p1b: Chandelure\n|-hitcount|p1: Chandelure|1\n|move|p2a: Zamazenta|Body Press|p1a: Zamazenta\n|-damage|p1a: Zamazenta|19\/100\n|move|p1a: Zamazenta|Body Press|p2b: Urshifu\n|-damage|p2b: Urshifu|33\/100\n|\n|-sideend|p2: YuanqiNono|move: Tailwind\n|upkeep\n|j| Freedomxxx\n|\n|t:|1717858027\n|switch|p1b: Scream Tail|Scream Tail, L50, shiny|53\/100\n|turn|6\n|\n|t:|1717858038\n|move|p2b: Urshifu|Surging Strikes|p1b: Scream Tail\n|-crit|p1b: Scream Tail\n|-damage|p1b: Scream Tail|36\/100\n|-crit|p1b: Scream Tail\n|-damage|p1b: Scream Tail|20\/100\n|-crit|p1b: Scream Tail\n|-damage|p1b: Scream Tail|2\/100\n|-hitcount|p1b: Scream Tail|3\n|move|p1b: Scream Tail|Disable|p2b: Urshifu\n|-start|p2b: Urshifu|Disable|Surging Strikes\n|move|p2a: Zamazenta|Body Press|p1a: Zamazenta\n|-damage|p1a: Zamazenta|0 fnt\n|faint|p1a: Zamazenta\n|\n|upkeep\n|\n|t:|1717858048\n|switch|p1a: Chien-Pao|Chien-Pao, L50|100\/100\n|-ability|p1a: Chien-Pao|Sword of Ruin\n|turn|7\n|\n|t:|1717858061\n|switch|p2b: Incineroar|Incineroar, L50, F, tera:Ghost|90\/100\n|-ability|p2b: Incineroar|Intimidate|boost\n|-unboost|p1a: Chien-Pao|atk|1\n|-unboost|p1b: Scream Tail|atk|1\n|move|p2a: Zamazenta|Protect|p2a: Zamazenta\n|-singleturn|p2a: Zamazenta|Protect\n|move|p1a: Chien-Pao|Sacred Sword|p2a: Zamazenta\n|-activate|p2a: Zamazenta|move: Protect\n|move|p1b: Scream Tail|Dazzling Gleam|p2b: Incineroar|[spread] p2b\n|-activate|p2a: Zamazenta|move: Protect\n|-damage|p2b: Incineroar|80\/100\n|\n|upkeep\n|turn|8\n|\n|t:|1717858088\n|move|p2b: Incineroar|Fake Out|p1b: Scream Tail\n|-damage|p1b: Scream Tail|0 fnt\n|faint|p1b: Scream Tail\n|-end|p1b: Scream Tail|Protosynthesis|[silent]\n|move|p1a: Chien-Pao|Sacred Sword|p2a: Zamazenta\n|-supereffective|p2a: Zamazenta\n|-crit|p2a: Zamazenta\n|-damage|p2a: Zamazenta|0 fnt\n|faint|p2a: Zamazenta\n|\n|upkeep\n|\n|t:|1717858098\n|switch|p2a: Urshifu|Urshifu-Rapid-Strike, L50, F|33\/100\n|turn|9\n|\n|t:|1717858105\n|move|p2a: Urshifu|Surging Strikes|p1a: Chien-Pao\n|-crit|p1a: Chien-Pao\n|-damage|p1a: Chien-Pao|73\/100\n|-crit|p1a: Chien-Pao\n|-damage|p1a: Chien-Pao|40\/100\n|-crit|p1a: Chien-Pao\n|-damage|p1a: Chien-Pao|7\/100\n|-hitcount|p1a: Chien-Pao|3\n|move|p1a: Chien-Pao|Icicle Crash|p2a: Urshifu\n|-resisted|p2a: Urshifu\n|-damage|p2a: Urshifu|12\/100\n|move|p2b: Incineroar|Knock Off|p1a: Chien-Pao\n|-resisted|p1a: Chien-Pao\n|-damage|p1a: Chien-Pao|0 fnt\n|-enditem|p1a: Chien-Pao|Focus Sash|[from] move: Knock Off|[of] p2b: Incineroar\n|faint|p1a: Chien-Pao\n|\n|win|YuanqiNono\n|raw|The Umpire's rating: 1761 &rarr; <strong>1742<\/strong><br \/>(-19 for losing)\n|raw|YuanqiNono's rating: 1784 &rarr; <strong>1803<\/strong><br \/>(+19 for winning)\n|l|\u2606The Umpire\n|player|p1|\n|l| GSBird\n|l|\u2606YuanqiNono\n|player|p2|\n","uploadtime":1717858123,"views":101,"formatid":"gen9vgc2024regg","rating":1742,"private":0,"password":null}