{"id":"gen9vgc2024regg-2139682699","format":"[Gen 9] VGC 2024 Reg G","players":["AZUNA_Fan","Betsie"],"log":"|j|\u2606AZUNA_Fan\n|j|\u2606Betsie\n|t:|1717896610\n|gametype|doubles\n|player|p1|AZUNA_Fan|dawn-gen4pt|1790\n|player|p2|Betsie|grimsley-masters|1773\n|teamsize|p1|6\n|teamsize|p2|6\n|gen|9\n|tier|[Gen 9] VGC 2024 Reg G\n|rated|\n|rule|Species Clause: Limit one of each Pok\u00e9mon\n|rule|Item Clause: Limit one of each item\n|clearpoke\n|poke|p1|Calyrex-Shadow, L50|\n|poke|p1|Urshifu-*, L50, F|\n|poke|p1|Indeedee-F, L50, F|\n|poke|p1|Maushold, L50|\n|poke|p1|Dondozo, L50, M|\n|poke|p1|Tatsugiri, L50, F|\n|poke|p2|Tornadus, L50, M|\n|poke|p2|Chi-Yu, L50|\n|poke|p2|Calyrex-Shadow, L50|\n|poke|p2|Indeedee-F, L50, F|\n|poke|p2|Urshifu-*, L50, M|\n|poke|p2|Flutter Mane, L50|\n|teampreview|4\n|inactive|Battle timer is ON: inactive players will automatically lose when time's up. (requested by Betsie)\n|inactive|AZUNA_Fan also wants the timer to be on.\n|inactive|AZUNA_Fan has 60 seconds left.\n|inactive|Betsie has 60 seconds left.\n|c|\u2606Betsie|lol this time i wont get 4 flinches\n|inactive|Betsie has 30 seconds left.\n|c|\u2606AZUNA_Fan|lol\n|\n|t:|1717896672\n|start\n|switch|p1a: Calyrex|Calyrex-Shadow, L50|100\/100\n|switch|p1b: Dondozo|Dondozo, L50, M|100\/100\n|switch|p2a: Tornadus|Tornadus, L50, M|100\/100\n|switch|p2b: Chi-Yu|Chi-Yu, L50|100\/100\n|-ability|p1a: Calyrex|As One\n|-ability|p1a: Calyrex|Unnerve\n|-ability|p2b: Chi-Yu|Beads of Ruin\n|turn|1\n|\n|t:|1717896695\n|-terastallize|p1a: Calyrex|Dark\n|move|p2a: Tornadus|Tailwind|p2a: Tornadus\n|-sidestart|p2: Betsie|move: Tailwind\n|move|p2b: Chi-Yu|Overheat|p1a: Calyrex\n|-damage|p1a: Calyrex|0 fnt\n|-unboost|p2b: Chi-Yu|spa|2\n|faint|p1a: Calyrex\n|move|p1b: Dondozo|Wave Crash|p2b: Chi-Yu\n|-supereffective|p2b: Chi-Yu\n|-damage|p2b: Chi-Yu|0 fnt\n|faint|p2b: Chi-Yu\n|-damage|p1b: Dondozo|81\/100|[from] Recoil\n|\n|upkeep\n|\n|t:|1717896712\n|switch|p1a: Tatsugiri|Tatsugiri, L50, F|100\/100\n|switch|p2b: Calyrex|Calyrex-Shadow, L50|100\/100\n|-activate|p1a: Tatsugiri|ability: Commander|[of] p1b: Dondozo\n|-boost|p1b: Dondozo|atk|2\n|-boost|p1b: Dondozo|spa|2\n|-boost|p1b: Dondozo|spe|2\n|-boost|p1b: Dondozo|def|2\n|-boost|p1b: Dondozo|spd|2\n|-ability|p2b: Calyrex|As One\n|-ability|p2b: Calyrex|Unnerve\n|turn|2\n|\n|t:|1717896723\n|move|p2b: Calyrex|Astral Barrage|p1b: Dondozo|[spread] p1b\n|-miss|p2b: Calyrex|p1a: Tatsugiri\n|-damage|p1b: Dondozo|58\/100\n|move|p2a: Tornadus|Bleakwind Storm|p1a: Tatsugiri|[spread] p1b\n|-miss|p2a: Tornadus|p1a: Tatsugiri\n|-damage|p1b: Dondozo|46\/100\n|move|p1b: Dondozo|Order Up|p2b: Calyrex\n|-damage|p2b: Calyrex|51\/100\n|-boost|p1b: Dondozo|atk|1\n|\n|upkeep\n|turn|3\n|\n|t:|1717896741\n|move|p2b: Calyrex|Protect|p2b: Calyrex\n|-singleturn|p2b: Calyrex|Protect\n|move|p2a: Tornadus|Bleakwind Storm|p1a: Tatsugiri|[spread] \n|-miss|p2a: Tornadus|p1a: Tatsugiri\n|-miss|p2a: Tornadus|p1b: Dondozo\n|move|p1b: Dondozo|Order Up|p2b: Calyrex\n|-activate|p2b: Calyrex|move: Protect\n|\n|upkeep\n|turn|4\n|\n|t:|1717896749\n|switch|p2b: Urshifu|Urshifu-Rapid-Strike, L50, M|100\/100\n|move|p2a: Tornadus|Bleakwind Storm|p1a: Tatsugiri|[spread] p1b\n|-miss|p2a: Tornadus|p1a: Tatsugiri\n|-damage|p1b: Dondozo|32\/100\n|move|p1b: Dondozo|Order Up|p2b: Urshifu\n|-damage|p2b: Urshifu|52\/100\n|-boost|p1b: Dondozo|atk|1\n|\n|-sideend|p2: Betsie|move: Tailwind\n|upkeep\n|turn|5\n|\n|t:|1717896766\n|move|p2a: Tornadus|Tailwind|p2a: Tornadus\n|-sidestart|p2: Betsie|move: Tailwind\n|move|p2b: Urshifu|Close Combat|p1b: Dondozo\n|-damage|p1b: Dondozo|6\/100\n|-unboost|p2b: Urshifu|def|1\n|-unboost|p2b: Urshifu|spd|1\n|move|p1b: Dondozo|Order Up|p2b: Urshifu\n|-damage|p2b: Urshifu|0 fnt\n|faint|p2b: Urshifu\n|-boost|p1b: Dondozo|atk|1\n|\n|upkeep\n|\n|t:|1717896773\n|switch|p2b: Calyrex|Calyrex-Shadow, L50|51\/100\n|-ability|p2b: Calyrex|As One\n|-ability|p2b: Calyrex|Unnerve\n|turn|6\n|\n|t:|1717896784\n|move|p2b: Calyrex|Astral Barrage|p1b: Dondozo|[spread] p1b\n|-miss|p2b: Calyrex|p1a: Tatsugiri\n|-damage|p1b: Dondozo|0 fnt\n|faint|p1b: Dondozo\n|-ability|p2b: Calyrex|Grim Neigh|boost\n|-boost|p2b: Calyrex|spa|1\n|move|p2a: Tornadus|Icy Wind|p1a: Tatsugiri\n|-damage|p1a: Tatsugiri|78\/100\n|-unboost|p1a: Tatsugiri|spe|1\n|\n|upkeep\n|\n|t:|1717896795\n|switch|p1b: Maushold|Maushold, L50|100\/100\n|turn|7\n|-message|AZUNA_Fan forfeited.\n|\n|win|Betsie\n|raw|AZUNA_Fan's rating: 1790 &rarr; <strong>1769<\/strong><br \/>(-21 for losing)\n|raw|Betsie's rating: 1773 &rarr; <strong>1794<\/strong><br \/>(+21 for winning)\n|l|\u2606AZUNA_Fan\n|player|p1|\n","uploadtime":1717897069,"views":169,"formatid":"gen9vgc2024regg","rating":1769,"private":0,"password":null}