{"id":"gen9vgc2024regg-2139010498","format":"[Gen 9] VGC 2024 Reg G","players":["SeaWolfMikess","FBISurveillanceMan"],"log":"|j|\u2606SeaWolfMikess\n|j|\u2606FBISurveillanceMan\n|t:|1717798252\n|gametype|doubles\n|player|p1|SeaWolfMikess|266|1662\n|player|p2|FBISurveillanceMan|harlequin|1710\n|teamsize|p1|6\n|teamsize|p2|6\n|gen|9\n|tier|[Gen 9] VGC 2024 Reg G\n|rated|\n|rule|Species Clause: Limit one of each Pok\u00e9mon\n|rule|Item Clause: Limit one of each item\n|clearpoke\n|poke|p1|Calyrex-Ice, L50|\n|poke|p1|Porygon2, L50|\n|poke|p1|Incineroar, L50, F|\n|poke|p1|Amoonguss, L50, M|\n|poke|p1|Urshifu-*, L50, F|\n|poke|p1|Flutter Mane, L50|\n|poke|p2|Terapagos, L50, M|\n|poke|p2|Incineroar, L50, M|\n|poke|p2|Rillaboom, L50, M|\n|poke|p2|Raging Bolt, L50|\n|poke|p2|Urshifu-*, L50, F|\n|poke|p2|Scream Tail, L50|\n|teampreview|4\n|\n|t:|1717798275\n|start\n|switch|p1a: Calyrex|Calyrex-Ice, L50|100\/100\n|switch|p1b: Incineroar|Incineroar, L50, F|100\/100\n|switch|p2a: Incineroar|Incineroar, L50, M|100\/100\n|switch|p2b: Terapagos|Terapagos, L50, M|100\/100\n|-activate|p2b: Terapagos|ability: Tera Shift\n|detailschange|p2b: Terapagos|Terapagos-Terastal, L50, M\n|-heal|p2b: Terapagos|100\/100|[silent]\n|-ability|p1a: Calyrex|As One\n|-ability|p1a: Calyrex|Unnerve\n|-ability|p1b: Incineroar|Intimidate|boost\n|-unboost|p2a: Incineroar|atk|1\n|-unboost|p2b: Terapagos|atk|1\n|-ability|p2a: Incineroar|Intimidate|boost\n|-fail|p1a: Calyrex|unboost|[from] item: Clear Amulet|[of] p1a: Calyrex\n|-unboost|p1b: Incineroar|atk|1\n|turn|1\n|\n|t:|1717798282\n|switch|p1a: Urshifu|Urshifu-Rapid-Strike, L50, F|100\/100\n|move|p1b: Incineroar|Fake Out|p2b: Terapagos\n|-activate|p2b: Terapagos|ability: Tera Shell\n|-resisted|p2b: Terapagos\n|-damage|p2b: Terapagos|98\/100\n|move|p2a: Incineroar|Fake Out|p1a: Urshifu\n|-damage|p1a: Urshifu|93\/100\n|cant|p2b: Terapagos|flinch\n|\n|-heal|p2b: Terapagos|100\/100|[from] item: Leftovers\n|upkeep\n|turn|2\n|\n|t:|1717798309\n|switch|p2b: Rillaboom|Rillaboom, L50, M|100\/100\n|-fieldstart|move: Grassy Terrain|[from] ability: Grassy Surge|[of] p2b: Rillaboom\n|switch|p2a: Urshifu|Urshifu-Rapid-Strike, L50, F|100\/100\n|move|p1a: Urshifu|U-turn|p2b: Rillaboom\n|-supereffective|p2b: Rillaboom\n|-damage|p2b: Rillaboom|45\/100\n|\n|t:|1717798318\n|switch|p1a: Amoonguss|Amoonguss, L50, M|100\/100|[from] U-turn\n|move|p1b: Incineroar|Parting Shot|p2b: Rillaboom\n|-unboost|p2b: Rillaboom|atk|1\n|-unboost|p2b: Rillaboom|spa|1\n|\n|t:|1717798323\n|switch|p1b: Calyrex|Calyrex-Ice, L50|100\/100|[from] Parting Shot\n|-ability|p1b: Calyrex|As One\n|-ability|p1b: Calyrex|Unnerve\n|\n|-heal|p2b: Rillaboom|51\/100|[from] Grassy Terrain\n|upkeep\n|turn|3\n|\n|t:|1717798342\n|move|p2b: Rillaboom|Fake Out|p1b: Calyrex\n|-damage|p1b: Calyrex|94\/100\n|move|p2a: Urshifu|U-turn|p1b: Calyrex\n|-supereffective|p1b: Calyrex\n|-damage|p1b: Calyrex|62\/100\n|\n|t:|1717798346\n|switch|p2a: Incineroar|Incineroar, L50, M|100\/100|[from] U-turn\n|-ability|p2a: Incineroar|Intimidate|boost\n|-unboost|p1a: Amoonguss|atk|1\n|-fail|p1b: Calyrex|unboost|[from] item: Clear Amulet|[of] p1b: Calyrex\n|cant|p1b: Calyrex|flinch\n|move|p1a: Amoonguss|Pollen Puff|p1b: Calyrex\n|-heal|p1b: Calyrex|100\/100\n|\n|-heal|p2b: Rillaboom|57\/100|[from] Grassy Terrain\n|upkeep\n|turn|4\n|\n|t:|1717798369\n|switch|p2b: Terapagos|Terapagos-Terastal, L50, M|100\/100\n|switch|p1b: Incineroar|Incineroar, L50, F|100\/100\n|-ability|p1b: Incineroar|Intimidate|boost\n|-unboost|p2a: Incineroar|atk|1\n|-unboost|p2b: Terapagos|atk|1\n|move|p2a: Incineroar|Fake Out|p1b: Incineroar\n|-damage|p1b: Incineroar|93\/100\n|move|p1a: Amoonguss|Spore|p2b: Terapagos\n|-status|p2b: Terapagos|slp|[from] move: Spore\n|\n|-heal|p1b: Incineroar|99\/100|[from] Grassy Terrain\n|upkeep\n|turn|5\n|\n|t:|1717798386\n|switch|p2a: Rillaboom|Rillaboom, L50, M|57\/100\n|move|p1b: Incineroar|Knock Off|p2a: Rillaboom\n|-damage|p2a: Rillaboom|20\/100\n|-enditem|p2a: Rillaboom|Assault Vest|[from] move: Knock Off|[of] p1b: Incineroar\n|cant|p2b: Terapagos|slp\n|move|p1a: Amoonguss|Spore|p2a: Rillaboom\n|-immune|p2a: Rillaboom\n|\n|-heal|p1b: Incineroar|100\/100|[from] Grassy Terrain\n|-heal|p2a: Rillaboom|26\/100|[from] Grassy Terrain\n|upkeep\n|turn|6\n|\n|t:|1717798393\n|move|p2a: Rillaboom|Fake Out|p1b: Incineroar\n|-damage|p1b: Incineroar|87\/100\n|cant|p1b: Incineroar|flinch\n|-curestatus|p2b: Terapagos|slp|[msg]\n|move|p2b: Terapagos|Substitute|p2b: Terapagos\n|-start|p2b: Terapagos|Substitute\n|-damage|p2b: Terapagos|75\/100\n|move|p1a: Amoonguss|Spore||[still]\n|-fail|p1a: Amoonguss\n|\n|-heal|p1b: Incineroar|93\/100|[from] Grassy Terrain\n|-heal|p2b: Terapagos|82\/100|[from] Grassy Terrain\n|-heal|p2b: Terapagos|88\/100|[from] item: Leftovers\n|-heal|p2a: Rillaboom|32\/100|[from] Grassy Terrain\n|-fieldend|move: Grassy Terrain\n|upkeep\n|turn|7\n|\n|t:|1717798417\n|switch|p2a: Incineroar|Incineroar, L50, M|100\/100\n|-ability|p2a: Incineroar|Intimidate|boost\n|-unboost|p1a: Amoonguss|atk|1\n|-unboost|p1b: Incineroar|atk|1\n|switch|p1a: Urshifu|Urshifu-Rapid-Strike, L50, F|93\/100\n|move|p2b: Terapagos|Protect|p2b: Terapagos\n|-singleturn|p2b: Terapagos|Protect\n|move|p1b: Incineroar|Parting Shot|p2b: Terapagos\n|-activate|p2b: Terapagos|move: Protect\n|\n|-heal|p2b: Terapagos|94\/100|[from] item: Leftovers\n|upkeep\n|turn|8\n|\n|t:|1717798433\n|move|p2a: Incineroar|Fake Out|p1a: Urshifu\n|-damage|p1a: Urshifu|82\/100\n|cant|p1a: Urshifu|flinch\n|move|p1b: Incineroar|Parting Shot|p2b: Terapagos\n|-unboost|p2b: Terapagos|atk|1\n|-unboost|p2b: Terapagos|spa|1\n|\n|t:|1717798439\n|switch|p1b: Calyrex|Calyrex-Ice, L50|100\/100|[from] Parting Shot\n|-ability|p1b: Calyrex|As One\n|-ability|p1b: Calyrex|Unnerve\n|move|p2b: Terapagos|Tera Starstorm|p1a: Urshifu\n|-damage|p1a: Urshifu|32\/100\n|\n|-heal|p2b: Terapagos|100\/100|[from] item: Leftovers\n|upkeep\n|turn|9\n|\n|t:|1717798451\n|move|p1a: Urshifu|Coaching|p1b: Calyrex\n|-boost|p1b: Calyrex|atk|1\n|-boost|p1b: Calyrex|def|1\n|move|p2b: Terapagos|Calm Mind|p2b: Terapagos\n|-boost|p2b: Terapagos|spa|1\n|-boost|p2b: Terapagos|spd|1\n|move|p2a: Incineroar|Will-O-Wisp|p1b: Calyrex\n|-status|p1b: Calyrex|brn\n|move|p1b: Calyrex|Glacial Lance|p2a: Incineroar|[spread] p2a,p2b\n|-activate|p2b: Terapagos|ability: Tera Shell\n|-resisted|p2b: Terapagos\n|-activate|p2b: Terapagos|move: Substitute|[damage]\n|-resisted|p2a: Incineroar\n|-damage|p2a: Incineroar|80\/100\n|\n|-damage|p1b: Calyrex|95\/100 brn|[from] brn\n|upkeep\n|turn|10\n|\n|t:|1717798466\n|switch|p2a: Urshifu|Urshifu-Rapid-Strike, L50, F|100\/100\n|move|p1a: Urshifu|Coaching|p1b: Calyrex\n|-boost|p1b: Calyrex|atk|1\n|-boost|p1b: Calyrex|def|1\n|move|p2b: Terapagos|Tera Starstorm|p1a: Urshifu\n|-damage|p1a: Urshifu|0 fnt\n|faint|p1a: Urshifu\n|move|p1b: Calyrex|Glacial Lance|p2b: Terapagos|[spread] p2a,p2b\n|-activate|p2b: Terapagos|ability: Tera Shell\n|-resisted|p2b: Terapagos\n|-end|p2b: Terapagos|Substitute\n|-resisted|p2a: Urshifu\n|-damage|p2a: Urshifu|73\/100\n|\n|-damage|p1b: Calyrex|89\/100 brn|[from] brn\n|upkeep\n|\n|t:|1717798484\n|switch|p1a: Incineroar|Incineroar, L50, F|93\/100\n|-ability|p1a: Incineroar|Intimidate|boost\n|-unboost|p2a: Urshifu|atk|1\n|-unboost|p2b: Terapagos|atk|1\n|turn|11\n|\n|t:|1717798489\n|switch|p2a: Incineroar|Incineroar, L50, M|80\/100\n|-ability|p2a: Incineroar|Intimidate|boost\n|-unboost|p1a: Incineroar|atk|1\n|-fail|p1b: Calyrex|unboost|[from] item: Clear Amulet|[of] p1b: Calyrex\n|move|p1a: Incineroar|Fake Out|p2a: Incineroar\n|-damage|p2a: Incineroar|73\/100\n|move|p2b: Terapagos|Substitute|p2b: Terapagos\n|-start|p2b: Terapagos|Substitute\n|-damage|p2b: Terapagos|75\/100\n|move|p1b: Calyrex|High Horsepower|p2a: Incineroar\n|-supereffective|p2a: Incineroar\n|-damage|p2a: Incineroar|0 fnt\n|faint|p2a: Incineroar\n|-ability|p1b: Calyrex|Chilling Neigh|boost\n|-boost|p1b: Calyrex|atk|1\n|\n|-heal|p2b: Terapagos|82\/100|[from] item: Leftovers\n|-damage|p1b: Calyrex|83\/100 brn|[from] brn\n|upkeep\n|\n|t:|1717798499\n|switch|p2a: Urshifu|Urshifu-Rapid-Strike, L50, F|73\/100\n|turn|12\n|\n|t:|1717798521\n|move|p2a: Urshifu|U-turn|p1b: Calyrex\n|-supereffective|p1b: Calyrex\n|-damage|p1b: Calyrex|67\/100 brn\n|\n|t:|1717798523\n|switch|p2a: Rillaboom|Rillaboom, L50, M|32\/100|[from] U-turn\n|-fieldstart|move: Grassy Terrain|[from] ability: Grassy Surge|[of] p2a: Rillaboom\n|move|p1a: Incineroar|Parting Shot|p2b: Terapagos\n|-unboost|p2b: Terapagos|atk|1\n|-unboost|p2b: Terapagos|spa|1\n|\n|t:|1717798529\n|switch|p1a: Amoonguss|Amoonguss, L50, M|100\/100|[from] Parting Shot\n|move|p2b: Terapagos|Calm Mind|p2b: Terapagos\n|-boost|p2b: Terapagos|spa|1\n|-boost|p2b: Terapagos|spd|1\n|move|p1b: Calyrex|Glacial Lance|p2a: Rillaboom|[spread] p2a,p2b\n|-end|p2b: Terapagos|Substitute\n|-supereffective|p2a: Rillaboom\n|-damage|p2a: Rillaboom|0 fnt\n|faint|p2a: Rillaboom\n|-ability|p1b: Calyrex|Chilling Neigh|boost\n|-boost|p1b: Calyrex|atk|1\n|\n|-heal|p2b: Terapagos|88\/100|[from] Grassy Terrain\n|-heal|p2b: Terapagos|94\/100|[from] item: Leftovers\n|-heal|p1b: Calyrex|72\/100 brn|[from] Grassy Terrain\n|-damage|p1b: Calyrex|67\/100 brn|[from] brn\n|upkeep\n|\n|t:|1717798533\n|switch|p2a: Urshifu|Urshifu-Rapid-Strike, L50, F|73\/100\n|turn|13\n|\n|t:|1717798563\n|-terastallize|p2a: Urshifu|Grass\n|move|p1a: Amoonguss|Rage Powder|p1a: Amoonguss\n|-singleturn|p1a: Amoonguss|move: Rage Powder\n|move|p2a: Urshifu|Surging Strikes|p1b: Calyrex\n|-crit|p1b: Calyrex\n|-damage|p1b: Calyrex|52\/100 brn\n|-crit|p1b: Calyrex\n|-damage|p1b: Calyrex|39\/100 brn\n|-crit|p1b: Calyrex\n|-damage|p1b: Calyrex|26\/100 brn\n|-hitcount|p1b: Calyrex|3\n|move|p2b: Terapagos|Calm Mind|p2b: Terapagos\n|-boost|p2b: Terapagos|spa|1\n|-boost|p2b: Terapagos|spd|1\n|move|p1b: Calyrex|Glacial Lance|p2a: Urshifu|[spread] p2a,p2b\n|-supereffective|p2a: Urshifu\n|-damage|p2a: Urshifu|0 fnt\n|-damage|p2b: Terapagos|19\/100\n|faint|p2a: Urshifu\n|-ability|p1b: Calyrex|Chilling Neigh|boost\n|-boost|p1b: Calyrex|atk|1\n|\n|-heal|p2b: Terapagos|25\/100|[from] Grassy Terrain\n|-heal|p2b: Terapagos|31\/100|[from] item: Leftovers\n|-heal|p1b: Calyrex|31\/100 brn|[from] Grassy Terrain\n|-damage|p1b: Calyrex|26\/100 brn|[from] brn\n|upkeep\n|turn|14\n|\n|t:|1717798582\n|move|p2b: Terapagos|Protect|p2b: Terapagos\n|-singleturn|p2b: Terapagos|Protect\n|move|p1a: Amoonguss|Rage Powder|p1a: Amoonguss\n|-singleturn|p1a: Amoonguss|move: Rage Powder\n|move|p1b: Calyrex|Trick Room|p1b: Calyrex\n|-fieldstart|move: Trick Room|[of] p1b: Calyrex\n|\n|-heal|p1b: Calyrex|31\/100 brn|[from] Grassy Terrain\n|-heal|p2b: Terapagos|37\/100|[from] Grassy Terrain\n|-heal|p2b: Terapagos|44\/100|[from] item: Leftovers\n|-damage|p1b: Calyrex|26\/100 brn|[from] brn\n|upkeep\n|turn|15\n|\n|t:|1717798586\n|move|p1a: Amoonguss|Pollen Puff|p1b: Calyrex\n|-heal|p1b: Calyrex|75\/100 brn\n|move|p1b: Calyrex|Glacial Lance|p2b: Terapagos\n|-damage|p2b: Terapagos|0 fnt\n|faint|p2b: Terapagos\n|\n|win|SeaWolfMikess\n|raw|SeaWolfMikess's rating: 1662 &rarr; <strong>1685<\/strong><br \/>(+23 for winning)\n|raw|FBISurveillanceMan's rating: 1710 &rarr; <strong>1687<\/strong><br \/>(-23 for losing)\n|l|\u2606SeaWolfMikess\n|player|p1|\n","uploadtime":1717798758,"views":26,"formatid":"gen9vgc2024regg","rating":1685,"private":0,"password":null}