{"id":"gen9vgc2024regg-2139511191","format":"[Gen 9] VGC 2024 Reg G","players":["phononmode","AZUNA_Fan"],"log":"|j|\u2606phononmode\n|j|\u2606AZUNA_Fan\n|t:|1717873968\n|gametype|doubles\n|player|p1|phononmode|twins-gen4dp|1699\n|player|p2|AZUNA_Fan|dawn-gen4pt|1784\n|teamsize|p1|6\n|teamsize|p2|6\n|gen|9\n|tier|[Gen 9] VGC 2024 Reg G\n|rated|\n|rule|Species Clause: Limit one of each Pok\u00e9mon\n|rule|Item Clause: Limit one of each item\n|clearpoke\n|poke|p1|Ting-Lu, L50|\n|poke|p1|Calyrex-Ice, L50|\n|poke|p1|Rillaboom, L50, M|\n|poke|p1|Dondozo, L50, M|\n|poke|p1|Skeledirge, L50, M|\n|poke|p1|Raging Bolt, L50|\n|poke|p2|Calyrex-Shadow, L50|\n|poke|p2|Urshifu-*, L50, M|\n|poke|p2|Indeedee-F, L50, F|\n|poke|p2|Maushold, L50|\n|poke|p2|Dondozo, L50, F|\n|poke|p2|Tatsugiri, L50, F|\n|teampreview|4\n|inactive|Battle timer is ON: inactive players will automatically lose when time's up. (requested by AZUNA_Fan)\nphononmode has agreed to open team sheets.\n|j| Therazer456\n|inactive|phononmode has 60 seconds left.\n|\n|t:|1717874007\n|start\n|switch|p1a: Rillaboom|Rillaboom, L50, M|100\/100\n|switch|p1b: Ting-Lu|Ting-Lu, L50|100\/100\n|switch|p2a: Calyrex|Calyrex-Shadow, L50|100\/100\n|switch|p2b: Urshifu|Urshifu, L50, M|100\/100\n|-ability|p2a: Calyrex|As One\n|-ability|p2a: Calyrex|Unnerve\n|-fieldstart|move: Grassy Terrain|[from] ability: Grassy Surge|[of] p1a: Rillaboom\n|-ability|p1b: Ting-Lu|Vessel of Ruin\n|turn|1\n|inactive|AZUNA_Fan has 30 seconds left.\n|\n|t:|1717874041\n|-terastallize|p2a: Calyrex|Dark\n|move|p2a: Calyrex|Astral Barrage|p1b: Ting-Lu|[spread] p1a,p1b\n|-resisted|p1b: Ting-Lu\n|-damage|p1a: Rillaboom|41\/100\n|-damage|p1b: Ting-Lu|88\/100\n|move|p2b: Urshifu|Poison Jab|p1a: Rillaboom\n|-supereffective|p1a: Rillaboom\n|-damage|p1a: Rillaboom|0 fnt\n|faint|p1a: Rillaboom\n|move|p1b: Ting-Lu|Payback|p2b: Urshifu\n|-resisted|p2b: Urshifu\n|-damage|p2b: Urshifu|90\/100\n|\n|-heal|p2b: Urshifu|95\/100|[from] Grassy Terrain\n|-heal|p1b: Ting-Lu|94\/100|[from] Grassy Terrain\n|upkeep\n|\n|t:|1717874051\n|switch|p1a: Calyrex|Calyrex-Ice, L50|100\/100\n|-ability|p1a: Calyrex|As One\n|-ability|p1a: Calyrex|Unnerve\n|turn|2\n|\n|t:|1717874062\n|-terastallize|p1a: Calyrex|Fire\n|move|p2a: Calyrex|Astral Barrage|p1a: Calyrex|[spread] p1a,p1b\n|-resisted|p1b: Ting-Lu\n|-damage|p1a: Calyrex|63\/100\n|-damage|p1b: Ting-Lu|83\/100\n|move|p2b: Urshifu|Poison Jab|p1a: Calyrex\n|-damage|p1a: Calyrex|32\/100\n|-status|p1a: Calyrex|psn\n|move|p1a: Calyrex|Glacial Lance|p2a: Calyrex|[spread] p2a,p2b\n|-damage|p2a: Calyrex|46\/100\n|-damage|p2b: Urshifu|30\/100\n|move|p1b: Ting-Lu|Stomping Tantrum|p2b: Urshifu\n|-damage|p2b: Urshifu|0 fnt\n|faint|p2b: Urshifu\n|\n|-heal|p2a: Calyrex|52\/100|[from] Grassy Terrain\n|-heal|p1a: Calyrex|38\/100 psn|[from] Grassy Terrain\n|-heal|p1b: Ting-Lu|89\/100|[from] Grassy Terrain\n|-damage|p1a: Calyrex|26\/100 psn|[from] psn\n|upkeep\n|j| vortex198700\n|\n|t:|1717874081\n|switch|p2b: Dondozo|Dondozo, L50, F|100\/100\n|turn|3\n|\n|t:|1717874089\n|move|p1a: Calyrex|Protect|p1a: Calyrex\n|-singleturn|p1a: Calyrex|Protect\n|move|p2a: Calyrex|Astral Barrage|p1b: Ting-Lu|[spread] p1b\n|-activate|p1a: Calyrex|move: Protect\n|-resisted|p1b: Ting-Lu\n|-damage|p1b: Ting-Lu|77\/100\n|move|p2b: Dondozo|Wave Crash|p1b: Ting-Lu\n|-supereffective|p1b: Ting-Lu\n|-crit|p1b: Ting-Lu\n|-damage|p1b: Ting-Lu|0 fnt\n|faint|p1b: Ting-Lu\n|-damage|p2b: Dondozo|73\/100|[from] Recoil\n|\n|-heal|p2a: Calyrex|58\/100|[from] Grassy Terrain\n|-heal|p2b: Dondozo|80\/100|[from] Grassy Terrain\n|-heal|p1a: Calyrex|31\/100 psn|[from] Grassy Terrain\n|-damage|p1a: Calyrex|19\/100 psn|[from] psn\n|upkeep\n|\n|t:|1717874105\n|switch|p1b: Dondozo|Dondozo, L50, M|100\/100\n|turn|4\n|\n|t:|1717874111\n|move|p1a: Calyrex|Protect|p1a: Calyrex\n|-singleturn|p1a: Calyrex|Protect\n|move|p2a: Calyrex|Astral Barrage|p1b: Dondozo|[spread] p1b\n|-activate|p1a: Calyrex|move: Protect\n|-damage|p1b: Dondozo|51\/100\n|move|p2b: Dondozo|Order Up|p1b: Dondozo\n|-damage|p1b: Dondozo|39\/100\n|move|p1b: Dondozo|Body Press|p2a: Calyrex\n|-supereffective|p2a: Calyrex\n|-crit|p2a: Calyrex\n|-damage|p2a: Calyrex|0 fnt\n|faint|p2a: Calyrex\n|\n|-heal|p2b: Dondozo|86\/100|[from] Grassy Terrain\n|-heal|p1a: Calyrex|25\/100 psn|[from] Grassy Terrain\n|-heal|p1b: Dondozo|45\/100|[from] Grassy Terrain\n|-heal|p1b: Dondozo|51\/100|[from] item: Leftovers\n|-damage|p1a: Calyrex|13\/100 psn|[from] psn\n|upkeep\n|l| vortex198700\n|\n|t:|1717874130\n|switch|p2a: Tatsugiri|Tatsugiri, L50, F|100\/100\n|-activate|p2a: Tatsugiri|ability: Commander|[of] p2b: Dondozo\n|-boost|p2b: Dondozo|atk|2\n|-boost|p2b: Dondozo|spa|2\n|-boost|p2b: Dondozo|spe|2\n|-boost|p2b: Dondozo|def|2\n|-boost|p2b: Dondozo|spd|2\n|turn|5\n|\n|t:|1717874141\n|move|p2b: Dondozo|Earthquake|p1a: Calyrex|[spread] p1a,p1b\n|-miss|p2b: Dondozo|p2a: Tatsugiri\n|-supereffective|p1a: Calyrex\n|-damage|p1a: Calyrex|0 fnt\n|-damage|p1b: Dondozo|46\/100\n|faint|p1a: Calyrex\n|move|p1b: Dondozo|Yawn|p2b: Dondozo\n|-start|p2b: Dondozo|move: Yawn|[of] p1b: Dondozo\n|\n|-heal|p2b: Dondozo|92\/100|[from] Grassy Terrain\n|-heal|p1b: Dondozo|52\/100|[from] Grassy Terrain\n|-heal|p1b: Dondozo|58\/100|[from] item: Leftovers\n|-fieldend|move: Grassy Terrain\n|upkeep\n|turn|6\n|\n|t:|1717874153\n|move|p1b: Dondozo|Protect|p1b: Dondozo\n|-singleturn|p1b: Dondozo|Protect\n|move|p2b: Dondozo|Order Up|p1b: Dondozo\n|-activate|p1b: Dondozo|move: Protect\n|\n|-heal|p1b: Dondozo|64\/100|[from] item: Leftovers\n|-end|p2b: Dondozo|move: Yawn|[silent]\n|-status|p2b: Dondozo|slp\n|upkeep\n|turn|7\n|\n|t:|1717874160\n|cant|p2b: Dondozo|slp\n|move|p1b: Dondozo|Curse|p1b: Dondozo\n|-unboost|p1b: Dondozo|spe|1\n|-boost|p1b: Dondozo|atk|1\n|-boost|p1b: Dondozo|def|1\n|\n|-heal|p1b: Dondozo|71\/100|[from] item: Leftovers\n|upkeep\n|turn|8\n|\n|t:|1717874168\n|cant|p2b: Dondozo|slp\n|move|p1b: Dondozo|Curse|p1b: Dondozo\n|-unboost|p1b: Dondozo|spe|1\n|-boost|p1b: Dondozo|atk|1\n|-boost|p1b: Dondozo|def|1\n|\n|-heal|p1b: Dondozo|77\/100|[from] item: Leftovers\n|upkeep\n|turn|9\n|j| Kurbies\n|\n|t:|1717874176\n|-curestatus|p2b: Dondozo|slp|[msg]\n|move|p2b: Dondozo|Order Up|p1b: Dondozo\n|-damage|p1b: Dondozo|65\/100\n|-boost|p2b: Dondozo|atk|1\n|move|p1b: Dondozo|Curse|p1b: Dondozo\n|-unboost|p1b: Dondozo|spe|1\n|-boost|p1b: Dondozo|atk|1\n|-boost|p1b: Dondozo|def|1\n|\n|-heal|p1b: Dondozo|71\/100|[from] item: Leftovers\n|upkeep\n|turn|10\n|\n|t:|1717874190\n|move|p1b: Dondozo|Protect|p1b: Dondozo\n|-singleturn|p1b: Dondozo|Protect\n|move|p2b: Dondozo|Order Up|p1b: Dondozo\n|-activate|p1b: Dondozo|move: Protect\n|\n|-heal|p1b: Dondozo|77\/100|[from] item: Leftovers\n|upkeep\n|turn|11\n|\n|t:|1717874197\n|move|p2b: Dondozo|Order Up|p1b: Dondozo\n|-damage|p1b: Dondozo|66\/100\n|-boost|p2b: Dondozo|atk|1\n|move|p1b: Dondozo|Yawn|p2b: Dondozo\n|-start|p2b: Dondozo|move: Yawn|[of] p1b: Dondozo\n|\n|-heal|p1b: Dondozo|72\/100|[from] item: Leftovers\n|upkeep\n|turn|12\n|\n|t:|1717874205\n|move|p1b: Dondozo|Protect|p1b: Dondozo\n|-singleturn|p1b: Dondozo|Protect\n|move|p2b: Dondozo|Order Up|p1b: Dondozo\n|-activate|p1b: Dondozo|move: Protect\n|\n|-heal|p1b: Dondozo|79\/100|[from] item: Leftovers\n|-end|p2b: Dondozo|move: Yawn|[silent]\n|-status|p2b: Dondozo|slp\n|upkeep\n|turn|13\n|\n|t:|1717874213\n|cant|p2b: Dondozo|slp\n|move|p1b: Dondozo|Curse|p1b: Dondozo\n|-unboost|p1b: Dondozo|spe|1\n|-boost|p1b: Dondozo|atk|1\n|-boost|p1b: Dondozo|def|1\n|\n|-heal|p1b: Dondozo|85\/100|[from] item: Leftovers\n|upkeep\n|turn|14\n|\n|t:|1717874221\n|cant|p2b: Dondozo|slp\n|move|p1b: Dondozo|Curse|p1b: Dondozo\n|-unboost|p1b: Dondozo|spe|1\n|-boost|p1b: Dondozo|atk|1\n|-boost|p1b: Dondozo|def|1\n|\n|-heal|p1b: Dondozo|91\/100|[from] item: Leftovers\n|upkeep\n|turn|15\n|\n|t:|1717874229\n|-curestatus|p2b: Dondozo|slp|[msg]\n|move|p2b: Dondozo|Order Up|p1b: Dondozo\n|-damage|p1b: Dondozo|79\/100\n|-boost|p2b: Dondozo|atk|1\n|move|p1b: Dondozo|Curse|p1b: Dondozo\n|-unboost|p1b: Dondozo|spe|1\n|-boost|p1b: Dondozo|atk|1\n|-boost|p1b: Dondozo|def|1\n|\n|-heal|p1b: Dondozo|85\/100|[from] item: Leftovers\n|upkeep\n|turn|16\n|\n|t:|1717874239\n|move|p1b: Dondozo|Protect|p1b: Dondozo\n|-singleturn|p1b: Dondozo|Protect\n|move|p2b: Dondozo|Order Up|p1b: Dondozo\n|-activate|p1b: Dondozo|move: Protect\n|\n|-heal|p1b: Dondozo|91\/100|[from] item: Leftovers\n|upkeep\n|turn|17\n|\n|t:|1717874247\n|move|p2b: Dondozo|Protect|p2b: Dondozo\n|-singleturn|p2b: Dondozo|Protect\n|move|p1b: Dondozo|Yawn|p2b: Dondozo\n|-activate|p2b: Dondozo|move: Protect\n|\n|-heal|p1b: Dondozo|97\/100|[from] item: Leftovers\n|upkeep\n|turn|18\n|\n|t:|1717874257\n|move|p2b: Dondozo|Earthquake|p1b: Dondozo|[spread] p1b\n|-miss|p2b: Dondozo|p2a: Tatsugiri\n|-damage|p1b: Dondozo|86\/100\n|move|p1b: Dondozo|Yawn|p2b: Dondozo\n|-start|p2b: Dondozo|move: Yawn|[of] p1b: Dondozo\n|\n|-heal|p1b: Dondozo|93\/100|[from] item: Leftovers\n|upkeep\n|turn|19\n|\n|t:|1717874264\n|move|p2b: Dondozo|Earthquake|p1b: Dondozo|[spread] p1b\n|-miss|p2b: Dondozo|p2a: Tatsugiri\n|-damage|p1b: Dondozo|82\/100\n|move|p1b: Dondozo|Body Press|p2b: Dondozo\n|-damage|p2b: Dondozo|76\/100\n|\n|-heal|p1b: Dondozo|88\/100|[from] item: Leftovers\n|-end|p2b: Dondozo|move: Yawn|[silent]\n|-status|p2b: Dondozo|slp\n|upkeep\n|turn|20\n|\n|t:|1717874274\n|cant|p2b: Dondozo|slp\n|move|p1b: Dondozo|Body Press|p2b: Dondozo\n|-damage|p2b: Dondozo|62\/100 slp\n|\n|-heal|p1b: Dondozo|94\/100|[from] item: Leftovers\n|upkeep\n|turn|21\n|\n|t:|1717874280\n|-curestatus|p2b: Dondozo|slp|[msg]\n|move|p2b: Dondozo|Earthquake|p1b: Dondozo|[spread] p1b\n|-miss|p2b: Dondozo|p2a: Tatsugiri\n|-damage|p1b: Dondozo|83\/100\n|move|p1b: Dondozo|Body Press|p2b: Dondozo\n|-damage|p2b: Dondozo|48\/100\n|\n|-heal|p1b: Dondozo|89\/100|[from] item: Leftovers\n|upkeep\n|turn|22\n|\n|t:|1717874299\n|move|p2b: Dondozo|Earthquake|p1b: Dondozo|[spread] p1b\n|-miss|p2b: Dondozo|p2a: Tatsugiri\n|-damage|p1b: Dondozo|78\/100\n|move|p1b: Dondozo|Yawn|p2b: Dondozo\n|-start|p2b: Dondozo|move: Yawn|[of] p1b: Dondozo\n|\n|-heal|p1b: Dondozo|84\/100|[from] item: Leftovers\n|upkeep\n|turn|23\n|\n|t:|1717874306\n|move|p1b: Dondozo|Protect|p1b: Dondozo\n|-singleturn|p1b: Dondozo|Protect\n|move|p2b: Dondozo|Earthquake|p1b: Dondozo|[spread] \n|-miss|p2b: Dondozo|p2a: Tatsugiri\n|-activate|p1b: Dondozo|move: Protect\n|\n|-heal|p1b: Dondozo|90\/100|[from] item: Leftovers\n|-end|p2b: Dondozo|move: Yawn|[silent]\n|-status|p2b: Dondozo|slp\n|upkeep\n|turn|24\n|\n|t:|1717874315\n|cant|p2b: Dondozo|slp\n|move|p1b: Dondozo|Body Press|p2b: Dondozo\n|-damage|p2b: Dondozo|32\/100 slp\n|\n|-heal|p1b: Dondozo|96\/100|[from] item: Leftovers\n|upkeep\n|turn|25\n|\n|t:|1717874325\n|cant|p2b: Dondozo|slp\n|move|p1b: Dondozo|Body Press|p2b: Dondozo\n|-damage|p2b: Dondozo|18\/100 slp\n|\n|-heal|p1b: Dondozo|100\/100|[from] item: Leftovers\n|upkeep\n|turn|26\n|l| Kurbies\n|\n|t:|1717874331\n|-curestatus|p2b: Dondozo|slp|[msg]\n|move|p2b: Dondozo|Earthquake|p1b: Dondozo|[spread] p1b\n|-miss|p2b: Dondozo|p2a: Tatsugiri\n|-damage|p1b: Dondozo|89\/100\n|move|p1b: Dondozo|Body Press|p2b: Dondozo\n|-damage|p2b: Dondozo|1\/100\n|\n|-heal|p1b: Dondozo|95\/100|[from] item: Leftovers\n|upkeep\n|turn|27\n|\n|t:|1717874339\n|move|p1b: Dondozo|Protect|p1b: Dondozo\n|-singleturn|p1b: Dondozo|Protect\n|move|p2b: Dondozo|Earthquake|p1b: Dondozo|[spread] \n|-miss|p2b: Dondozo|p2a: Tatsugiri\n|-activate|p1b: Dondozo|move: Protect\n|\n|-heal|p1b: Dondozo|100\/100|[from] item: Leftovers\n|upkeep\n|turn|28\n|\n|t:|1717874347\n|move|p2b: Dondozo|Earthquake|p1b: Dondozo|[spread] p1b\n|-miss|p2b: Dondozo|p2a: Tatsugiri\n|-damage|p1b: Dondozo|89\/100\n|move|p1b: Dondozo|Body Press|p2b: Dondozo\n|-damage|p2b: Dondozo|0 fnt\n|faint|p2b: Dondozo\n|\n|-heal|p1b: Dondozo|95\/100|[from] item: Leftovers\n|upkeep\n|turn|29\n|\n|t:|1717874357\n|move|p1b: Dondozo|Body Press|p2a: Tatsugiri\n|-enditem|p2a: Tatsugiri|Focus Sash\n|-damage|p2a: Tatsugiri|1\/100\n|move|p2a: Tatsugiri|Counter|p1b: Dondozo\n|-damage|p1b: Dondozo|0 fnt\n|faint|p1b: Dondozo\n|\n|win|AZUNA_Fan\n|raw|phononmode's rating: 1699 &rarr; <strong>1684<\/strong><br \/>(-15 for losing)\n|raw|AZUNA_Fan's rating: 1784 &rarr; <strong>1799<\/strong><br \/>(+15 for winning)\n|l| Therazer456\n|l|\u2606phononmode\n|player|p1|\n|l|\u2606AZUNA_Fan\n|player|p2|\n","uploadtime":1717874365,"views":154,"formatid":"gen9vgc2024regg","rating":1684,"private":0,"password":null}