{"id":"gen9vgc2024regg-2139497089","format":"[Gen 9] VGC 2024 Reg G","players":["pkmnallrounder","AZUNA_Fan"],"log":"|j|\u2606pkmnallrounder\n|j|\u2606AZUNA_Fan\n|t:|1717872267\n|gametype|doubles\n|player|p1|pkmnallrounder|serena|1719\n|player|p2|AZUNA_Fan|dawn-gen4pt|1845\n|teamsize|p1|6\n|teamsize|p2|6\n|gen|9\n|tier|[Gen 9] VGC 2024 Reg G\n|rated|\n|rule|Species Clause: Limit one of each Pok\u00e9mon\n|rule|Item Clause: Limit one of each item\n|clearpoke\n|poke|p1|Koraidon, L50|\n|poke|p1|Typhlosion-Hisui, L50, M|\n|poke|p1|Flutter Mane, L50|\n|poke|p1|Tornadus, L50, M|\n|poke|p1|Raging Bolt, L50|\n|poke|p1|Arcanine-Hisui, L50, M|\n|poke|p2|Calyrex-Shadow, L50|\n|poke|p2|Urshifu-*, L50, F|\n|poke|p2|Indeedee-F, L50, F|\n|poke|p2|Maushold, L50|\n|poke|p2|Dondozo, L50, M|\n|poke|p2|Tatsugiri, L50, M|\n|teampreview|4\n|inactive|Battle timer is ON: inactive players will automatically lose when time's up. (requested by AZUNA_Fan)\n|\n|t:|1717872295\n|start\n|switch|p1a: Tornadus|Tornadus, L50, M|100\/100\n|switch|p1b: Flutter Mane|Flutter Mane, L50|100\/100\n|switch|p2a: Calyrex|Calyrex-Shadow, L50|100\/100\n|switch|p2b: Urshifu|Urshifu, L50, F|100\/100\n|-ability|p2a: Calyrex|As One\n|-ability|p2a: Calyrex|Unnerve\n|turn|1\n|j| giftedyew\n|\n|t:|1717872309\n|move|p2b: Urshifu|Sucker Punch|p1b: Flutter Mane\n|-enditem|p1b: Flutter Mane|Focus Sash\n|-damage|p1b: Flutter Mane|1\/100\n|move|p1a: Tornadus|Tailwind|p1a: Tornadus\n|-sidestart|p1: pkmnallrounder|move: Tailwind\n|move|p1b: Flutter Mane|Dazzling Gleam|p2b: Urshifu|[spread] p2a,p2b\n|-supereffective|p2b: Urshifu\n|-damage|p2a: Calyrex|66\/100\n|-damage|p2b: Urshifu|0 fnt\n|faint|p2b: Urshifu\n|move|p2a: Calyrex|Astral Barrage|p1b: Flutter Mane|[spread] p1a,p1b\n|-supereffective|p1b: Flutter Mane\n|-damage|p1a: Tornadus|26\/100\n|-damage|p1b: Flutter Mane|0 fnt\n|faint|p1b: Flutter Mane\n|-end|p1b: Flutter Mane|Protosynthesis|[silent]\n|-ability|p2a: Calyrex|Grim Neigh|boost\n|-boost|p2a: Calyrex|spa|1\n|\n|upkeep\n|\n|t:|1717872324\n|switch|p1b: Raging Bolt|Raging Bolt, L50|100\/100\n|switch|p2b: Dondozo|Dondozo, L50, M|100\/100\n|turn|2\n|j| I7 KEK\n|inactive|pkmnallrounder has 30 seconds left.\n|\n|t:|1717872349\n|move|p2b: Dondozo|Protect|p2b: Dondozo\n|-singleturn|p2b: Dondozo|Protect\n|move|p1a: Tornadus|Sunny Day|p1a: Tornadus\n|-weather|SunnyDay\n|-activate|p1b: Raging Bolt|ability: Protosynthesis\n|-start|p1b: Raging Bolt|protosynthesisspa\n|move|p1b: Raging Bolt|Thunderbolt|p2a: Calyrex\n|-damage|p2a: Calyrex|0 fnt\n|faint|p2a: Calyrex\n|\n|-weather|SunnyDay|[upkeep]\n|upkeep\n|\n|t:|1717872358\n|switch|p2a: Tatsugiri|Tatsugiri, L50, M|100\/100\n|-activate|p2a: Tatsugiri|ability: Commander|[of] p2b: Dondozo\n|-boost|p2b: Dondozo|atk|2\n|-boost|p2b: Dondozo|spa|2\n|-boost|p2b: Dondozo|spe|2\n|-boost|p2b: Dondozo|def|2\n|-boost|p2b: Dondozo|spd|2\n|turn|3\n|\n|t:|1717872368\n|-terastallize|p1b: Raging Bolt|Fairy\n|-terastallize|p2b: Dondozo|Grass\n|move|p1a: Tornadus|Bleakwind Storm|p2a: Tatsugiri|[spread] p2b\n|-miss|p1a: Tornadus|p2a: Tatsugiri\n|-supereffective|p2b: Dondozo\n|-damage|p2b: Dondozo|73\/100\n|move|p1b: Raging Bolt|Thunderbolt|p2b: Dondozo\n|-resisted|p2b: Dondozo\n|-damage|p2b: Dondozo|60\/100\n|move|p2b: Dondozo|Order Up|p1a: Tornadus\n|-damage|p1a: Tornadus|0 fnt\n|faint|p1a: Tornadus\n|-boost|p2b: Dondozo|atk|1\n|\n|-weather|SunnyDay|[upkeep]\n|upkeep\n|\n|t:|1717872373\n|switch|p1a: Typhlosion|Typhlosion-Hisui, L50, M|100\/100\n|-item|p2a: Tatsugiri|Focus Sash|[from] ability: Frisk|[of] p1a: Typhlosion|[identify]\n|-item|p2b: Dondozo|Clear Amulet|[from] ability: Frisk|[of] p1a: Typhlosion|[identify]\n|turn|4\n|\n|t:|1717872386\n|move|p2b: Dondozo|Protect|p2b: Dondozo\n|-singleturn|p2b: Dondozo|Protect\n|move|p1a: Typhlosion|Eruption|p2b: Dondozo|[spread] \n|-miss|p1a: Typhlosion|p2a: Tatsugiri\n|-activate|p2b: Dondozo|move: Protect\n|move|p1b: Raging Bolt|Thunderbolt|p2b: Dondozo\n|-activate|p2b: Dondozo|move: Protect\n|\n|-weather|SunnyDay|[upkeep]\n|-sideend|p1: pkmnallrounder|move: Tailwind\n|upkeep\n|turn|5\n|\n|t:|1717872396\n|move|p1b: Raging Bolt|Thunderclap|p2b: Dondozo\n|-resisted|p2b: Dondozo\n|-damage|p2b: Dondozo|50\/100\n|move|p1a: Typhlosion|Eruption|p2a: Tatsugiri|[spread] p2b\n|-miss|p1a: Typhlosion|p2a: Tatsugiri\n|-supereffective|p2b: Dondozo\n|-damage|p2b: Dondozo|0 fnt\n|faint|p2b: Dondozo\n|\n|-weather|SunnyDay|[upkeep]\n|upkeep\n|turn|6\n|-message|AZUNA_Fan forfeited.\n|\n|win|pkmnallrounder\n|raw|pkmnallrounder's rating: 1719 &rarr; <strong>1746<\/strong><br \/>(+27 for winning)\n|raw|AZUNA_Fan's rating: 1845 &rarr; <strong>1818<\/strong><br \/>(-27 for losing)\n|l|\u2606AZUNA_Fan\n|player|p2|\n|l| I7 KEK\n|l|\u2606pkmnallrounder\n|player|p1|\n|l| giftedyew\n","uploadtime":1717872552,"views":31,"formatid":"gen9vgc2024regg","rating":1746,"private":0,"password":null}