{"id":"gen9vgc2024regg-2139134289","format":"[Gen 9] VGC 2024 Reg G","players":["Dathluke","TheOnlyFizzo"],"log":"|j|\u2606Dathluke\n|j|\u2606TheOnlyFizzo\n|t:|1717815492\n|gametype|doubles\n|player|p1|Dathluke|larry|1710\n|player|p2|TheOnlyFizzo|170|1732\n|teamsize|p1|6\n|teamsize|p2|6\n|gen|9\n|tier|[Gen 9] VGC 2024 Reg G\n|rated|\n|rule|Species Clause: Limit one of each Pok\u00e9mon\n|rule|Item Clause: Limit one of each item\n|clearpoke\n|poke|p1|Iron Hands, L50|\n|poke|p1|Grimmsnarl, L50, M|\n|poke|p1|Urshifu-*, L50, F|\n|poke|p1|Terapagos, L50, M|\n|poke|p1|Flutter Mane, L50|\n|poke|p1|Chi-Yu, L50|\n|poke|p2|Miraidon, L50|\n|poke|p2|Iron Hands, L50|\n|poke|p2|Farigiraf, L50, M|\n|poke|p2|Ursaluna-Bloodmoon, L50, M|\n|poke|p2|Smeargle, L50, M|\n|poke|p2|Annihilape, L50, F|\n|teampreview|4\n|inactive|Battle timer is ON: inactive players will automatically lose when time's up. (requested by Dathluke)\nDathluke has agreed to open team sheets.\n|inactive|TheOnlyFizzo has 60 seconds left.\n|inactive|TheOnlyFizzo has 30 seconds left.\n|inactive|TheOnlyFizzo has 20 seconds left.\n|inactive|TheOnlyFizzo has 15 seconds left.\n|inactive|TheOnlyFizzo has 10 seconds left.\n|inactive|TheOnlyFizzo has 5 seconds left.\n|\n|t:|1717815583\n|start\n|switch|p1a: Flutter Mane|Flutter Mane, L50|100\/100\n|switch|p1b: Grimmsnarl|Grimmsnarl, L50, M|100\/100\n|switch|p2a: Miraidon|Miraidon, L50|100\/100\n|switch|p2b: Smeargle|Smeargle, L50, M|100\/100\n|-fieldstart|move: Electric Terrain|[from] ability: Hadron Engine|[of] p2a: Miraidon\n|-enditem|p1a: Flutter Mane|Booster Energy\n|-activate|p1a: Flutter Mane|ability: Protosynthesis|[fromitem]\n|-start|p1a: Flutter Mane|protosynthesisspe\n|turn|1\n|\n|t:|1717815603\n|-terastallize|p2a: Miraidon|Electric\n|move|p2b: Smeargle|Wide Guard|p2b: Smeargle\n|-singleturn|p2b: Smeargle|Wide Guard\n|move|p1b: Grimmsnarl|Light Screen|p1b: Grimmsnarl\n|-sidestart|p1: Dathluke|move: Light Screen\n|move|p1a: Flutter Mane|Moonblast|p2a: Miraidon\n|-damage|p2a: Miraidon|79\/100\n|move|p2a: Miraidon|Discharge|p1b: Grimmsnarl|[spread] p1a,p1b\n|-activate|p2b: Smeargle|move: Wide Guard\n|-damage|p1a: Flutter Mane|51\/100\n|-damage|p1b: Grimmsnarl|43\/100\n|\n|-ability|p2b: Smeargle|Moody|boost\n|-boost|p2b: Smeargle|spe|2\n|-unboost|p2b: Smeargle|spa|1\n|upkeep\n|turn|2\n|inactive|TheOnlyFizzo has 30 seconds left.\n|inactive|TheOnlyFizzo has 20 seconds left.\n|inactive|TheOnlyFizzo has 15 seconds left.\n|j| ROcKetBaby001\n|inactive|TheOnlyFizzo has 10 seconds left.\n|\n|t:|1717815650\n|switch|p1b: Iron Hands|Iron Hands, L50|100\/100\n|-activate|p1b: Iron Hands|ability: Quark Drive\n|-start|p1b: Iron Hands|quarkdriveatk\n|move|p2b: Smeargle|Wide Guard|p2b: Smeargle\n|-singleturn|p2b: Smeargle|Wide Guard\n|move|p1a: Flutter Mane|Moonblast|p2b: Smeargle\n|-damage|p2b: Smeargle|47\/100\n|move|p2a: Miraidon|Discharge|p1b: Iron Hands|[spread] p1a,p1b\n|-activate|p2b: Smeargle|move: Wide Guard\n|-crit|p1a: Flutter Mane\n|-resisted|p1b: Iron Hands\n|-damage|p1a: Flutter Mane|0 fnt\n|-damage|p1b: Iron Hands|87\/100\n|faint|p1a: Flutter Mane\n|-end|p1a: Flutter Mane|Protosynthesis|[silent]\n|\n|-ability|p2b: Smeargle|Moody|boost\n|-boost|p2b: Smeargle|spd|2\n|-unboost|p2b: Smeargle|atk|1\n|upkeep\n|\n|t:|1717815662\n|switch|p1a: Terapagos|Terapagos, L50, M|100\/100\n|-activate|p1a: Terapagos|ability: Tera Shift\n|detailschange|p1a: Terapagos|Terapagos-Terastal, L50, M\n|-heal|p1a: Terapagos|100\/100|[silent]\n|turn|3\n|inactive|TheOnlyFizzo has 30 seconds left.\n|inactive|TheOnlyFizzo has 20 seconds left.\n|inactive|TheOnlyFizzo has 15 seconds left.\n|inactive|TheOnlyFizzo has 10 seconds left.\n|inactive|TheOnlyFizzo has 5 seconds left.\n|\n|t:|1717815713\n|move|p2b: Smeargle|Wide Guard|p2b: Smeargle\n|-singleturn|p2b: Smeargle|Wide Guard\n|move|p2a: Miraidon|Electro Drift|p1a: Terapagos\n|-activate|p1a: Terapagos|ability: Tera Shell\n|-resisted|p1a: Terapagos\n|-damage|p1a: Terapagos|53\/100\n|move|p1a: Terapagos|Tera Starstorm|p2a: Miraidon\n|-damage|p2a: Miraidon|26\/100\n|move|p1b: Iron Hands|Drain Punch|p2b: Smeargle\n|-supereffective|p2b: Smeargle\n|-damage|p2b: Smeargle|0 fnt\n|-heal|p1b: Iron Hands|100\/100|[from] drain|[of] p2b: Smeargle\n|faint|p2b: Smeargle\n|\n|upkeep\n|inactive|TheOnlyFizzo has 30 seconds left.\n|\n|t:|1717815739\n|switch|p2b: Iron Hands|Iron Hands, L50|100\/100\n|-activate|p2b: Iron Hands|ability: Quark Drive\n|-start|p2b: Iron Hands|quarkdriveatk\n|turn|4\n|l| ROcKetBaby001\n|\n|t:|1717815747\n|switch|p1a: Grimmsnarl|Grimmsnarl, L50, M|43\/100\n|move|p2b: Iron Hands|Fake Out|p1b: Iron Hands\n|-damage|p1b: Iron Hands|87\/100\n|move|p2a: Miraidon|Electro Drift|p1a: Grimmsnarl\n|-damage|p1a: Grimmsnarl|0 fnt\n|faint|p1a: Grimmsnarl\n|cant|p1b: Iron Hands|flinch\n|\n|upkeep\n|\n|t:|1717815754\n|switch|p1a: Terapagos|Terapagos-Terastal, L50, M|53\/100\n|turn|5\n|\n|t:|1717815772\n|-terastallize|p1a: Terapagos|Stellar\n|detailschange|p1a: Terapagos|Terapagos-Stellar, L50, M, tera:Stellar\n|-heal|p1a: Terapagos|66\/100|[silent]\n|-ability|p1a: Terapagos|Teraform Zero\n|-fieldend|move: Electric Terrain\n|-end|p1b: Iron Hands|Quark Drive\n|-end|p2b: Iron Hands|Quark Drive\n|move|p2a: Miraidon|Electro Drift|p1a: Terapagos\n|-damage|p1a: Terapagos|32\/100\n|move|p1a: Terapagos|Tera Starstorm|p2b: Iron Hands|[spread] p2a,p2b\n|-supereffective|p2a: Miraidon\n|-damage|p2a: Miraidon|0 fnt\n|-damage|p2b: Iron Hands|45\/100\n|faint|p2a: Miraidon\n|move|p1b: Iron Hands|Drain Punch|p2b: Iron Hands\n|-damage|p2b: Iron Hands|17\/100\n|-heal|p1b: Iron Hands|100\/100|[from] drain|[of] p2b: Iron Hands\n|move|p2b: Iron Hands|Drain Punch|p1b: Iron Hands\n|-damage|p1b: Iron Hands|68\/100\n|-heal|p2b: Iron Hands|32\/100|[from] drain|[of] p1b: Iron Hands\n|\n|upkeep\n|\n|t:|1717815794\n|switch|p2a: Annihilape|Annihilape, L50, F|100\/100\n|turn|6\n|\n|t:|1717815801\n|move|p2a: Annihilape|Close Combat|p1a: Terapagos\n|-supereffective|p1a: Terapagos\n|-damage|p1a: Terapagos|0 fnt\n|-unboost|p2a: Annihilape|def|1\n|-unboost|p2a: Annihilape|spd|1\n|faint|p1a: Terapagos\n|move|p1b: Iron Hands|Drain Punch|p2b: Iron Hands\n|-damage|p2b: Iron Hands|5\/100\n|-heal|p1b: Iron Hands|83\/100|[from] drain|[of] p2b: Iron Hands\n|move|p2b: Iron Hands|Drain Punch|p1b: Iron Hands\n|-damage|p1b: Iron Hands|52\/100\n|-heal|p2b: Iron Hands|19\/100|[from] drain|[of] p1b: Iron Hands\n|\n|upkeep\n|turn|7\n|\n|t:|1717815820\n|move|p2a: Annihilape|Close Combat|p1b: Iron Hands\n|-damage|p1b: Iron Hands|18\/100\n|-unboost|p2a: Annihilape|def|1\n|-unboost|p2a: Annihilape|spd|1\n|move|p1b: Iron Hands|Drain Punch|p2b: Iron Hands\n|-damage|p2b: Iron Hands|0 fnt\n|-heal|p1b: Iron Hands|28\/100|[from] drain|[of] p2b: Iron Hands\n|faint|p2b: Iron Hands\n|-end|p2b: Iron Hands|Quark Drive|[silent]\n|\n|upkeep\n|turn|8\n|\n|t:|1717815832\n|move|p2a: Annihilape|Close Combat|p1b: Iron Hands\n|-damage|p1b: Iron Hands|0 fnt\n|-unboost|p2a: Annihilape|def|1\n|-unboost|p2a: Annihilape|spd|1\n|faint|p1b: Iron Hands\n|-end|p1b: Iron Hands|Quark Drive|[silent]\n|\n|win|TheOnlyFizzo\n|raw|Dathluke's rating: 1710 &rarr; <strong>1691<\/strong><br \/>(-19 for losing)\n|raw|TheOnlyFizzo's rating: 1732 &rarr; <strong>1751<\/strong><br \/>(+19 for winning)\n|l|\u2606Dathluke\n|player|p1|\n|l|\u2606TheOnlyFizzo\n|player|p2|\n","uploadtime":1717816062,"views":26,"formatid":"gen9vgc2024regg","rating":1691,"private":0,"password":null}