{"id":"gen9vgc2024regg-2139416222","format":"[Gen 9] VGC 2024 Reg G","players":["fyfyy","Robert1211"],"log":"|j|\u2606fyfyy\n|j|\u2606Robert1211\n|t:|1717862687\n|gametype|doubles\n|player|p1|fyfyy|juan|1692\n|player|p2|Robert1211|102|1692\n|teamsize|p1|6\n|teamsize|p2|6\n|gen|9\n|tier|[Gen 9] VGC 2024 Reg G\n|rated|\n|rule|Species Clause: Limit one of each Pok\u00e9mon\n|rule|Item Clause: Limit one of each item\n|clearpoke\n|poke|p1|Tornadus, L50, M|\n|poke|p1|Landorus, L50, M|\n|poke|p1|Kyogre, L50|\n|poke|p1|Farigiraf, L50, F|\n|poke|p1|Archaludon, L50, M|\n|poke|p1|Chien-Pao, L50|\n|poke|p2|Zamazenta-*, L50|\n|poke|p2|Ting-Lu, L50|\n|poke|p2|Flutter Mane, L50|\n|poke|p2|Incineroar, L50, F|\n|poke|p2|Raging Bolt, L50|\n|poke|p2|Primarina, L50, F|\n|teampreview|4\n|\n|t:|1717862727\n|start\n|switch|p1a: Kyogre|Kyogre, L50|100\/100\n|switch|p1b: Landorus|Landorus, L50, M|100\/100\n|switch|p2a: Ting-Lu|Ting-Lu, L50|100\/100\n|switch|p2b: Zamazenta|Zamazenta-Crowned, L50|100\/100\n|-weather|RainDance|[from] ability: Drizzle|[of] p1a: Kyogre\n|-ability|p2b: Zamazenta|Dauntless Shield|boost\n|-boost|p2b: Zamazenta|def|1\n|-ability|p2a: Ting-Lu|Vessel of Ruin\n|turn|1\n|\n|t:|1717862742\n|-terastallize|p1a: Kyogre|Water\n|-terastallize|p2a: Ting-Lu|Dragon\n|move|p2b: Zamazenta|Protect|p2b: Zamazenta\n|-singleturn|p2b: Zamazenta|Protect\n|move|p1a: Kyogre|Hydro Pump|p2a: Ting-Lu\n|-resisted|p2a: Ting-Lu\n|-damage|p2a: Ting-Lu|75\/100\n|move|p1b: Landorus|Earth Power|p2b: Zamazenta\n|-activate|p2b: Zamazenta|move: Protect\n|move|p2a: Ting-Lu|Snarl|p1a: Kyogre|[spread] p1a,p1b\n|-damage|p1a: Kyogre|94\/100\n|-damage|p1b: Landorus|90\/100\n|-unboost|p1a: Kyogre|spa|1\n|-unboost|p1b: Landorus|spa|1\n|\n|-weather|RainDance|[upkeep]\n|upkeep\n|turn|2\n|\n|t:|1717862789\n|switch|p1a: Farigiraf|Farigiraf, L50, F|100\/100\n|move|p2b: Zamazenta|Body Press|p1a: Farigiraf\n|-damage|p1a: Farigiraf|46\/100\n|-enditem|p1a: Farigiraf|Sitrus Berry|[eat]\n|-heal|p1a: Farigiraf|71\/100|[from] item: Sitrus Berry\n|move|p1b: Landorus|Sandsear Storm|p2a: Ting-Lu|[spread] p2a,p2b\n|-supereffective|p2b: Zamazenta\n|-damage|p2a: Ting-Lu|59\/100\n|-damage|p2b: Zamazenta|58\/100\n|move|p2a: Ting-Lu|Heavy Slam|p1b: Landorus\n|-damage|p1b: Landorus|48\/100\n|\n|-weather|RainDance|[upkeep]\n|upkeep\n|turn|3\n|\n|t:|1717862810\n|move|p2b: Zamazenta|Protect|p2b: Zamazenta\n|-singleturn|p2b: Zamazenta|Protect\n|move|p1b: Landorus|Protect|p1b: Landorus\n|-singleturn|p1b: Landorus|Protect\n|move|p1a: Farigiraf|Psychic|p2a: Ting-Lu\n|-damage|p2a: Ting-Lu|47\/100\n|move|p2a: Ting-Lu|Snarl|p1a: Farigiraf|[spread] \n|-activate|p1b: Landorus|move: Protect\n|-miss|p2a: Ting-Lu|p1a: Farigiraf\n|\n|-weather|RainDance|[upkeep]\n|upkeep\n|turn|4\n|\n|t:|1717862835\n|switch|p2b: Primarina|Primarina, L50, F|100\/100\n|move|p1b: Landorus|Sandsear Storm|p2b: Primarina|[spread] p2a,p2b\n|-damage|p2a: Ting-Lu|31\/100\n|-damage|p2b: Primarina|73\/100\n|move|p1a: Farigiraf|Psychic|p2a: Ting-Lu\n|-damage|p2a: Ting-Lu|18\/100\n|move|p2a: Ting-Lu|Lash Out|p1a: Farigiraf\n|-supereffective|p1a: Farigiraf\n|-damage|p1a: Farigiraf|0 fnt\n|faint|p1a: Farigiraf\n|\n|-weather|RainDance|[upkeep]\n|upkeep\n|\n|t:|1717862839\n|switch|p1a: Kyogre|Kyogre, L50, tera:Water|94\/100\n|turn|5\n|\n|t:|1717862880\n|move|p1a: Kyogre|Water Spout|p2b: Primarina|[spread] p2a,p2b\n|-resisted|p2a: Ting-Lu\n|-resisted|p2b: Primarina\n|-damage|p2a: Ting-Lu|0 fnt\n|-damage|p2b: Primarina|37\/100\n|faint|p2a: Ting-Lu\n|-enditem|p2b: Primarina|Maranga Berry|[eat]\n|-boost|p2b: Primarina|spd|1|[from] item: Maranga Berry\n|move|p1b: Landorus|Sludge Bomb|p2b: Primarina\n|-supereffective|p2b: Primarina\n|-damage|p2b: Primarina|0 fnt\n|faint|p2b: Primarina\n|\n|-weather|none\n|upkeep\n|\n|t:|1717862891\n|switch|p2b: Zamazenta|Zamazenta-Crowned, L50|58\/100\n|switch|p2a: Raging Bolt|Raging Bolt, L50|100\/100\n|turn|6\n|\n|t:|1717862926\n|switch|p1a: Archaludon|Archaludon, L50, M|100\/100\n|move|p2a: Raging Bolt|Thunderclap||[still]\n|-fail|p2a: Raging Bolt\n|move|p2b: Zamazenta|Heavy Slam|p1b: Landorus\n|-damage|p1b: Landorus|0 fnt\n|faint|p1b: Landorus\n|\n|upkeep\n|\n|t:|1717862933\n|switch|p1b: Kyogre|Kyogre, L50, tera:Water|94\/100\n|-weather|RainDance|[from] ability: Drizzle|[of] p1b: Kyogre\n|turn|7\n|\n|t:|1717862973\n|move|p2a: Raging Bolt|Thunderclap|p1b: Kyogre\n|-supereffective|p1b: Kyogre\n|-crit|p1b: Kyogre\n|-damage|p1b: Kyogre|7\/100\n|move|p1b: Kyogre|Hydro Pump|p2a: Raging Bolt\n|-resisted|p2a: Raging Bolt\n|-damage|p2a: Raging Bolt|50\/100\n|move|p2b: Zamazenta|Body Press|p1b: Kyogre\n|-damage|p1b: Kyogre|0 fnt\n|faint|p1b: Kyogre\n|move|p1a: Archaludon|Draco Meteor|p2a: Raging Bolt\n|-supereffective|p2a: Raging Bolt\n|-damage|p2a: Raging Bolt|0 fnt\n|-unboost|p1a: Archaludon|spa|2\n|faint|p2a: Raging Bolt\n|-end|p2a: Raging Bolt|Protosynthesis|[silent]\n|\n|-weather|RainDance|[upkeep]\n|upkeep\n|turn|8\n|\n|t:|1717862987\n|move|p2b: Zamazenta|Iron Defense|p2b: Zamazenta\n|-boost|p2b: Zamazenta|def|2\n|move|p1a: Archaludon|Electro Shot||[still]\n|-prepare|p1a: Archaludon|Electro Shot\n|-boost|p1a: Archaludon|spa|1\n|-anim|p1a: Archaludon|Electro Shot|p2b: Zamazenta\n|-damage|p2b: Zamazenta|39\/100\n|\n|-weather|RainDance|[upkeep]\n|upkeep\n|turn|9\n|\n|t:|1717862996\n|move|p2b: Zamazenta|Body Press|p1a: Archaludon\n|-supereffective|p1a: Archaludon\n|-damage|p1a: Archaludon|0 fnt\n|faint|p1a: Archaludon\n|\n|win|Robert1211\n|raw|fyfyy's rating: 1710 &rarr; <strong>1689<\/strong><br \/>(-21 for losing)\n|raw|Robert1211's rating: 1692 &rarr; <strong>1713<\/strong><br \/>(+21 for winning)\n|l|\u2606Robert1211\n|player|p2|\n|l|\u2606fyfyy\n|player|p1|\n","uploadtime":1717863142,"views":14,"formatid":"gen9vgc2024regg","rating":1689,"private":0,"password":null}