{"id":"gen9vgc2024regg-2139581120","format":"[Gen 9] VGC 2024 Reg G","players":["phononmode","Zonavideovigilada"],"log":"|j|\u2606phononmode\n|j|\u2606Zonavideovigilada\n|t:|1717882635\n|gametype|doubles\n|player|p1|phononmode|twins-gen4dp|1691\n|player|p2|Zonavideovigilada|1|1776\n|teamsize|p1|6\n|teamsize|p2|6\n|gen|9\n|tier|[Gen 9] VGC 2024 Reg G\n|rated|\n|rule|Species Clause: Limit one of each Pok\u00e9mon\n|rule|Item Clause: Limit one of each item\n|clearpoke\n|poke|p1|Ting-Lu, L50|\n|poke|p1|Calyrex-Ice, L50|\n|poke|p1|Rillaboom, L50, F|\n|poke|p1|Dondozo, L50, F|\n|poke|p1|Skeledirge, L50, F|\n|poke|p1|Glimmora, L50, M|\n|poke|p2|Zamazenta-*, L50|\n|poke|p2|Amoonguss, L50, M|\n|poke|p2|Pelipper, L50, F|\n|poke|p2|Urshifu-*, L50, F|\n|poke|p2|Ting-Lu, L50|\n|poke|p2|Chien-Pao, L50|\n|teampreview|4\nphononmode has agreed to open team sheets.\n|inactive|Battle timer is ON: inactive players will automatically lose when time's up. (requested by phononmode)\n|\n|t:|1717882666\n|start\n|switch|p1a: Rillaboom|Rillaboom, L50, F|100\/100\n|switch|p1b: Calyrex|Calyrex-Ice, L50|100\/100\n|switch|p2a: Zamazenta|Zamazenta-Crowned, L50|100\/100\n|switch|p2b: Amoonguss|Amoonguss, L50, M|100\/100\n|-ability|p1b: Calyrex|As One\n|-ability|p1b: Calyrex|Unnerve\n|-ability|p2a: Zamazenta|Dauntless Shield|boost\n|-boost|p2a: Zamazenta|def|1\n|-fieldstart|move: Grassy Terrain|[from] ability: Grassy Surge|[of] p1a: Rillaboom\n|turn|1\n|\n|t:|1717882682\n|switch|p2b: Chien-Pao|Chien-Pao, L50|100\/100\n|-ability|p2b: Chien-Pao|Sword of Ruin\n|move|p1a: Rillaboom|Fake Out|p2a: Zamazenta\n|-resisted|p2a: Zamazenta\n|-damage|p2a: Zamazenta|96\/100\n|cant|p2a: Zamazenta|flinch\n|move|p1b: Calyrex|Glacial Lance|p2b: Chien-Pao|[spread] p2a,p2b\n|-resisted|p2a: Zamazenta\n|-resisted|p2b: Chien-Pao\n|-crit|p2b: Chien-Pao\n|-damage|p2a: Zamazenta|80\/100\n|-damage|p2b: Chien-Pao|40\/100\n|\n|-heal|p2b: Chien-Pao|46\/100|[from] Grassy Terrain\n|-heal|p2a: Zamazenta|86\/100|[from] Grassy Terrain\n|upkeep\n|turn|2\n|j| MonkfernoYT\n|\n|t:|1717882702\n|move|p2b: Chien-Pao|Protect|p2b: Chien-Pao\n|-singleturn|p2b: Chien-Pao|Protect\n|move|p1a: Rillaboom|Grassy Glide|p2b: Chien-Pao\n|-activate|p2b: Chien-Pao|move: Protect\n|move|p2a: Zamazenta|Body Press|p1b: Calyrex\n|-damage|p1b: Calyrex|50\/100\n|move|p1b: Calyrex|Glacial Lance|p2b: Chien-Pao|[spread] p2a\n|-activate|p2b: Chien-Pao|move: Protect\n|-resisted|p2a: Zamazenta\n|-damage|p2a: Zamazenta|71\/100\n|\n|-heal|p2b: Chien-Pao|52\/100|[from] Grassy Terrain\n|-heal|p2a: Zamazenta|77\/100|[from] Grassy Terrain\n|-heal|p1b: Calyrex|56\/100|[from] Grassy Terrain\n|upkeep\n|turn|3\n|inactive|Zonavideovigilada has 30 seconds left.\n|\n|t:|1717882734\n|move|p1a: Rillaboom|Grassy Glide|p2b: Chien-Pao\n|-damage|p2b: Chien-Pao|0 fnt\n|faint|p2b: Chien-Pao\n|move|p2a: Zamazenta|Body Press|p1b: Calyrex\n|-damage|p1b: Calyrex|16\/100\n|move|p1b: Calyrex|Glacial Lance|p2a: Zamazenta\n|-resisted|p2a: Zamazenta\n|-damage|p2a: Zamazenta|62\/100\n|\n|-heal|p2a: Zamazenta|68\/100|[from] Grassy Terrain\n|-heal|p1b: Calyrex|22\/100|[from] Grassy Terrain\n|upkeep\n|\n|t:|1717882745\n|switch|p2b: Amoonguss|Amoonguss, L50, M|100\/100\n|turn|4\n|\n|t:|1717882755\n|switch|p1b: Skeledirge|Skeledirge, L50, F|100\/100\n|move|p2a: Zamazenta|Body Press|p1b: Skeledirge\n|-immune|p1b: Skeledirge\n|move|p1a: Rillaboom|U-turn|p2b: Amoonguss\n|-damage|p2b: Amoonguss|77\/100\n|\n|t:|1717882763\n|switch|p1a: Dondozo|Dondozo, L50, F|100\/100|[from] U-turn\n|move|p2b: Amoonguss|Pollen Puff|p2a: Zamazenta\n|-heal|p2a: Zamazenta|100\/100\n|\n|-heal|p2b: Amoonguss|83\/100|[from] Grassy Terrain\n|upkeep\n|turn|5\n|inactive|Zonavideovigilada has 30 seconds left.\n|\n|t:|1717882792\n|switch|p2a: Ting-Lu|Ting-Lu, L50|100\/100\n|-ability|p2a: Ting-Lu|Vessel of Ruin\n|move|p1b: Skeledirge|Will-O-Wisp|p2a: Ting-Lu\n|-status|p2a: Ting-Lu|brn\n|move|p1a: Dondozo|Yawn|p2b: Amoonguss\n|-start|p2b: Amoonguss|move: Yawn|[of] p1a: Dondozo\n|move|p2b: Amoonguss|Spore|p1b: Skeledirge\n|-activate|p1b: Skeledirge|item: Safety Goggles|Spore\n|\n|-heal|p2b: Amoonguss|89\/100|[from] Grassy Terrain\n|-damage|p2a: Ting-Lu|95\/100 brn|[from] brn\n|-fieldend|move: Grassy Terrain\n|upkeep\n|turn|6\n|inactive|Zonavideovigilada has 30 seconds left.\n|\n|t:|1717882817\n|move|p1b: Skeledirge|Torch Song|p2b: Amoonguss\n|-supereffective|p2b: Amoonguss\n|-damage|p2b: Amoonguss|53\/100\n|-boost|p1b: Skeledirge|spa|1\n|move|p2a: Ting-Lu|Throat Chop|p1b: Skeledirge\n|-supereffective|p1b: Skeledirge\n|-damage|p1b: Skeledirge|77\/100\n|-start|p1b: Skeledirge|Throat Chop|[silent]\n|move|p1a: Dondozo|Curse|p1a: Dondozo\n|-unboost|p1a: Dondozo|spe|1\n|-boost|p1a: Dondozo|atk|1\n|-boost|p1a: Dondozo|def|1\n|move|p2b: Amoonguss|Spore|p1a: Dondozo\n|-status|p1a: Dondozo|slp|[from] move: Spore\n|\n|-damage|p2a: Ting-Lu|89\/100 brn|[from] brn\n|-end|p2b: Amoonguss|move: Yawn|[silent]\n|-status|p2b: Amoonguss|slp\n|upkeep\n|turn|7\n|inactive|phononmode has 30 seconds left.\n|\n|t:|1717882844\n|switch|p2b: Zamazenta|Zamazenta-Crowned, L50|100\/100\n|move|p1b: Skeledirge|Hex|p2b: Zamazenta\n|-damage|p2b: Zamazenta|81\/100\n|move|p2a: Ting-Lu|Throat Chop|p1b: Skeledirge\n|-supereffective|p1b: Skeledirge\n|-damage|p1b: Skeledirge|53\/100\n|cant|p1a: Dondozo|slp\n|\n|-damage|p2a: Ting-Lu|83\/100 brn|[from] brn\n|-end|p1b: Skeledirge|Throat Chop|[silent]\n|upkeep\n|turn|8\n|\n|t:|1717882864\n|move|p2b: Zamazenta|Protect|p2b: Zamazenta\n|-singleturn|p2b: Zamazenta|Protect\n|move|p1b: Skeledirge|Slack Off|p1b: Skeledirge\n|-heal|p1b: Skeledirge|100\/100\n|move|p2a: Ting-Lu|Snarl|p1a: Dondozo|[spread] p1a,p1b\n|-supereffective|p1b: Skeledirge\n|-damage|p1a: Dondozo|95\/100 slp\n|-damage|p1b: Skeledirge|88\/100\n|-unboost|p1a: Dondozo|spa|1\n|-unboost|p1b: Skeledirge|spa|1\n|-curestatus|p1a: Dondozo|slp|[msg]\n|move|p1a: Dondozo|Yawn|p2b: Zamazenta\n|-activate|p2b: Zamazenta|move: Protect\n|\n|-heal|p1a: Dondozo|100\/100|[from] item: Leftovers\n|-damage|p2a: Ting-Lu|77\/100 brn|[from] brn\n|upkeep\n|turn|9\n|-message|Zonavideovigilada forfeited.\n|\n|win|phononmode\n|raw|phononmode's rating: 1691 &rarr; <strong>1716<\/strong><br \/>(+25 for winning)\n|raw|Zonavideovigilada's rating: 1776 &rarr; <strong>1751<\/strong><br \/>(-25 for losing)\n|l|\u2606Zonavideovigilada\n|player|p2|\n|l|\u2606phononmode\n|player|p1|\n|l| MonkfernoYT\n","uploadtime":1717883138,"views":25,"formatid":"gen9vgc2024regg","rating":1716,"private":0,"password":null}