{"id":"gen9vgc2024regg-2139708952","format":"[Gen 9] VGC 2024 Reg G","players":["Tempest brute","TheOnlyFizzo"],"log":"|j|\u2606Tempest brute\n|j|\u2606TheOnlyFizzo\n|t:|1717900316\n|gametype|doubles\n|player|p1|Tempest brute|101|1810\n|player|p2|TheOnlyFizzo|102|1751\n|teamsize|p1|6\n|teamsize|p2|6\n|gen|9\n|tier|[Gen 9] VGC 2024 Reg G\n|rated|\n|rule|Species Clause: Limit one of each Pok\u00e9mon\n|rule|Item Clause: Limit one of each item\n|clearpoke\n|poke|p1|Lunala, L50|\n|poke|p1|Roaring Moon, L50|\n|poke|p1|Entei, L50|\n|poke|p1|Ogerpon-Wellspring, L50, F|\n|poke|p1|Iron Hands, L50|\n|poke|p1|Ursaluna-Bloodmoon, L50, M|\n|poke|p2|Miraidon, L50|\n|poke|p2|Iron Hands, L50|\n|poke|p2|Farigiraf, L50, M|\n|poke|p2|Ursaluna-Bloodmoon, L50, M|\n|poke|p2|Smeargle, L50, M|\n|poke|p2|Annihilape, L50, M|\n|teampreview|4\n|inactive|Battle timer is ON: inactive players will automatically lose when time's up. (requested by TheOnlyFizzo)\n|inactive|TheOnlyFizzo has 60 seconds left.\n|inactive|TheOnlyFizzo has 30 seconds left.\n|\n|t:|1717900391\n|start\n|switch|p1a: Lunala|Lunala, L50|100\/100\n|switch|p1b: Entei|Entei, L50|100\/100\n|switch|p2a: Annihilape|Annihilape, L50, M|100\/100\n|switch|p2b: Smeargle|Smeargle, L50, M|100\/100\n|turn|1\n|\n|t:|1717900406\n|move|p2b: Smeargle|Water Shuriken|p2a: Annihilape\n|-damage|p2a: Annihilape|99\/100\n|-damage|p2a: Annihilape|98\/100\n|-damage|p2a: Annihilape|96\/100\n|-damage|p2a: Annihilape|95\/100\n|-hitcount|p2a: Annihilape|4\n|move|p2a: Annihilape|Rage Fist|p1a: Lunala\n|-supereffective|p1a: Lunala\n|-damage|p1a: Lunala|0 fnt\n|faint|p1a: Lunala\n|move|p1b: Entei|Sacred Fire|p2b: Smeargle\n|-damage|p2b: Smeargle|0 fnt\n|faint|p2b: Smeargle\n|\n|upkeep\n|\n|t:|1717900426\n|switch|p1a: Ursaluna|Ursaluna-Bloodmoon, L50, M|100\/100\n|switch|p2b: Miraidon|Miraidon, L50|100\/100\n|-fieldstart|move: Electric Terrain|[from] ability: Hadron Engine|[of] p2b: Miraidon\n|turn|2\n|\n|t:|1717900448\n|move|p2a: Annihilape|Rage Fist|p1b: Entei\n|-damage|p1b: Entei|11\/100\n|move|p2b: Miraidon|Dragon Pulse|p1a: Ursaluna\n|-damage|p1a: Ursaluna|31\/100\n|move|p1b: Entei|Sacred Fire|p2a: Annihilape\n|-damage|p2a: Annihilape|48\/100\n|move|p1a: Ursaluna|Blood Moon|p2a: Annihilape\n|-damage|p2a: Annihilape|0 fnt\n|faint|p2a: Annihilape\n|\n|upkeep\n|\n|t:|1717900464\n|switch|p2a: Ursaluna|Ursaluna-Bloodmoon, L50, M|100\/100\n|turn|3\n|\n|t:|1717900471\n|move|p1a: Ursaluna|Protect|p1a: Ursaluna\n|-singleturn|p1a: Ursaluna|Protect\n|move|p2a: Ursaluna|Vacuum Wave|p1a: Ursaluna\n|-activate|p1a: Ursaluna|move: Protect\n|move|p2b: Miraidon|Dragon Pulse|p1b: Entei\n|-damage|p1b: Entei|0 fnt\n|faint|p1b: Entei\n|\n|upkeep\n|\n|t:|1717900476\n|switch|p1b: Iron Hands|Iron Hands, L50|100\/100\n|-activate|p1b: Iron Hands|ability: Quark Drive\n|-start|p1b: Iron Hands|quarkdriveatk\n|turn|4\n|inactive|TheOnlyFizzo has 30 seconds left.\n|inactive|TheOnlyFizzo has 20 seconds left.\n|inactive|TheOnlyFizzo has 15 seconds left.\n|inactive|TheOnlyFizzo has 10 seconds left.\n|\n|t:|1717900524\n|-terastallize|p1b: Iron Hands|Grass\n|move|p1b: Iron Hands|Fake Out|p2b: Miraidon\n|-damage|p2b: Miraidon|87\/100\n|move|p2a: Ursaluna|Vacuum Wave|p1a: Ursaluna\n|-supereffective|p1a: Ursaluna\n|-damage|p1a: Ursaluna|0 fnt\n|faint|p1a: Ursaluna\n|-damage|p2a: Ursaluna|90\/100|[from] item: Life Orb\n|cant|p2b: Miraidon|flinch\n|\n|upkeep\n|turn|5\n|-message|Tempest brute forfeited.\n|\n|win|TheOnlyFizzo\n|raw|Tempest brute's rating: 1810 &rarr; <strong>1787<\/strong><br \/>(-23 for losing)\n|raw|TheOnlyFizzo's rating: 1751 &rarr; <strong>1774<\/strong><br \/>(+23 for winning)\n|l|\u2606Tempest brute\n|player|p1|\n|l|\u2606TheOnlyFizzo\n|player|p2|\n","uploadtime":1717900671,"views":276,"formatid":"gen9vgc2024regg","rating":1774,"private":0,"password":null}