{"id":"gen9vgc2024regg-2139512712","format":"[Gen 9] VGC 2024 Reg G","players":["khe7marak","hydreigon_chelas"],"log":"|j|\u2606khe7marak\n|j|\u2606hydreigon_chelas\n|t:|1717874152\n|gametype|doubles\n|player|p1|khe7marak|265|1726\n|player|p2|hydreigon_chelas|pokefanf|1700\n|teamsize|p1|6\n|teamsize|p2|6\n|gen|9\n|tier|[Gen 9] VGC 2024 Reg G\n|rated|\n|rule|Species Clause: Limit one of each Pok\u00e9mon\n|rule|Item Clause: Limit one of each item\n|clearpoke\n|poke|p1|Calyrex-Ice, L50|\n|poke|p1|Ursaluna, L50, M|\n|poke|p1|Porygon2, L50|\n|poke|p1|Incineroar, L50, M|\n|poke|p1|Rillaboom, L50, M|\n|poke|p1|Urshifu-*, L50, F|\n|poke|p2|Lunala, L50|\n|poke|p2|Indeedee-F, L50, F|\n|poke|p2|Ursaluna, L50, M|\n|poke|p2|Tornadus, L50, M|\n|poke|p2|Urshifu-*, L50, F|\n|poke|p2|Incineroar, L50, F|\n|teampreview|4\n|j| Kurbies\nhydreigon_chelas has agreed to open team sheets.\n|\n|t:|1717874176\n|start\n|switch|p1a: Porygon2|Porygon2, L50|100\/100\n|switch|p1b: Urshifu|Urshifu-Rapid-Strike, L50, F|100\/100\n|switch|p2a: Incineroar|Incineroar, L50, F|100\/100\n|switch|p2b: Urshifu|Urshifu-Rapid-Strike, L50, F|100\/100\n|-ability|p2a: Incineroar|Intimidate|boost\n|-unboost|p1a: Porygon2|atk|1\n|-unboost|p1b: Urshifu|atk|1\n|-ability|p1a: Porygon2|Download|boost\n|-boost|p1a: Porygon2|spa|1\n|turn|1\n|\n|t:|1717874209\n|-terastallize|p1a: Porygon2|Flying\n|move|p2a: Incineroar|Fake Out|p1b: Urshifu\n|-damage|p1b: Urshifu|90\/100\n|cant|p1b: Urshifu|flinch\n|move|p2b: Urshifu|Close Combat|p1b: Urshifu\n|-damage|p1b: Urshifu|25\/100\n|-unboost|p2b: Urshifu|def|1\n|-unboost|p2b: Urshifu|spd|1\n|move|p1a: Porygon2|Tera Blast|p2b: Urshifu|[anim] Tera Blast Flying\n|-supereffective|p2b: Urshifu\n|-damage|p2b: Urshifu|0 fnt\n|faint|p2b: Urshifu\n|\n|upkeep\n|\n|t:|1717874231\n|switch|p2b: Lunala|Lunala, L50|100\/100\n|turn|2\n|\n|t:|1717874244\n|switch|p2a: Indeedee|Indeedee-F, L50, F|100\/100\n|-fieldstart|move: Psychic Terrain|[from] ability: Psychic Surge|[of] p2a: Indeedee\n|-enditem|p2b: Lunala|Psychic Seed\n|-boost|p2b: Lunala|spd|1|[from] item: Psychic Seed\n|move|p1b: Urshifu|Surging Strikes|p2b: Lunala\n|-crit|p2b: Lunala\n|-damage|p2b: Lunala|94\/100\n|-crit|p2b: Lunala\n|-damage|p2b: Lunala|82\/100\n|-crit|p2b: Lunala\n|-damage|p2b: Lunala|67\/100\n|-hitcount|p2b: Lunala|3\n|move|p2b: Lunala|Expanding Force|p1b: Urshifu|[spread] p1a,p1b\n|-supereffective|p1b: Urshifu\n|-damage|p1a: Porygon2|68\/100\n|-damage|p1b: Urshifu|0 fnt\n|faint|p1b: Urshifu\n|move|p1a: Porygon2|Shadow Ball|p2b: Lunala\n|-supereffective|p2b: Lunala\n|-damage|p2b: Lunala|10\/100\n|\n|upkeep\n|j| giftedyew\n|\n|t:|1717874260\n|switch|p1b: Calyrex|Calyrex-Ice, L50|100\/100\n|-ability|p1b: Calyrex|As One\n|-ability|p1b: Calyrex|Unnerve\n|turn|3\n|\n|t:|1717874278\n|move|p2a: Indeedee|Helping Hand|p2b: Lunala\n|-singleturn|p2b: Lunala|Helping Hand|[of] p2a: Indeedee\n|move|p1b: Calyrex|Protect|p1b: Calyrex\n|-singleturn|p1b: Calyrex|Protect\n|move|p2b: Lunala|Moongeist Beam|p1b: Calyrex\n|-activate|p1b: Calyrex|move: Protect\n|move|p1a: Porygon2|Trick Room|p1a: Porygon2\n|-fieldstart|move: Trick Room|[of] p1a: Porygon2\n|\n|upkeep\n|turn|4\n|\n|t:|1717874291\n|move|p2b: Lunala|Wide Guard|p2b: Lunala\n|-singleturn|p2b: Lunala|Wide Guard\n|move|p1b: Calyrex|Glacial Lance|p2b: Lunala|[spread] \n|-activate|p2a: Indeedee|move: Wide Guard\n|-activate|p2b: Lunala|move: Wide Guard\n|move|p1a: Porygon2|Recover|p1a: Porygon2\n|-heal|p1a: Porygon2|100\/100\n|move|p2a: Indeedee|Trick Room|p2a: Indeedee\n|-fieldend|move: Trick Room\n|\n|upkeep\n|turn|5\n|j| Therazer456\n|\n|t:|1717874313\n|move|p2b: Lunala|Expanding Force|p1b: Calyrex|[spread] p1a,p1b\n|-resisted|p1b: Calyrex\n|-damage|p1a: Porygon2|68\/100\n|-damage|p1b: Calyrex|76\/100\n|move|p1a: Porygon2|Tera Blast|p2a: Indeedee|[anim] Tera Blast Flying\n|-damage|p2a: Indeedee|60\/100\n|move|p1b: Calyrex|High Horsepower|p2b: Lunala\n|-damage|p2b: Lunala|0 fnt\n|faint|p2b: Lunala\n|-ability|p1b: Calyrex|Chilling Neigh|boost\n|-boost|p1b: Calyrex|atk|1\n|move|p2a: Indeedee|Trick Room|p2a: Indeedee\n|-fieldstart|move: Trick Room|[of] p2a: Indeedee\n|\n|upkeep\n|\n|t:|1717874319\n|switch|p2b: Incineroar|Incineroar, L50, F|100\/100\n|-ability|p2b: Incineroar|Intimidate|boost\n|-unboost|p1a: Porygon2|atk|1\n|-fail|p1b: Calyrex|unboost|[from] item: Clear Amulet|[of] p1b: Calyrex\n|turn|6\n|\n|t:|1717874338\n|move|p2a: Indeedee|Helping Hand|p2b: Incineroar\n|-singleturn|p2b: Incineroar|Helping Hand|[of] p2a: Indeedee\n|move|p1b: Calyrex|Glacial Lance|p2b: Incineroar|[spread] p2a,p2b\n|-resisted|p2b: Incineroar\n|-damage|p2a: Indeedee|0 fnt\n|-damage|p2b: Incineroar|61\/100\n|faint|p2a: Indeedee\n|-ability|p1b: Calyrex|Chilling Neigh|boost\n|-boost|p1b: Calyrex|atk|1\n|move|p1a: Porygon2|Tera Blast|p2b: Incineroar|[anim] Tera Blast Flying\n|-damage|p2b: Incineroar|27\/100\n|move|p2b: Incineroar|Flare Blitz|p1b: Calyrex\n|-supereffective|p1b: Calyrex\n|-damage|p1b: Calyrex|0 fnt\n|faint|p1b: Calyrex\n|-damage|p2b: Incineroar|2\/100|[from] Recoil\n|\n|-fieldend|move: Psychic Terrain\n|upkeep\n|\n|t:|1717874340\n|switch|p1b: Incineroar|Incineroar, L50, M|100\/100\n|-ability|p1b: Incineroar|Intimidate|boost\n|-unboost|p2b: Incineroar|atk|1\n|turn|7\n|-message|hydreigon_chelas forfeited.\n|\n|win|khe7marak\n|raw|khe7marak's rating: 1726 &rarr; <strong>1745<\/strong><br \/>(+19 for winning)\n|raw|hydreigon_chelas's rating: 1700 &rarr; <strong>1681<\/strong><br \/>(-19 for losing)\n|l|\u2606hydreigon_chelas\n|player|p2|\n|l| Therazer456\n|l|\u2606khe7marak\n|player|p1|\n|l| giftedyew\n|l| Kurbies\n","uploadtime":1717874487,"views":27,"formatid":"gen9vgc2024regg","rating":1681,"private":0,"password":null}