{"id":"gen9vgc2024regg-2139675837","format":"[Gen 9] VGC 2024 Reg G","players":["lon0907vgc","Betsie"],"log":"|j|\u2606lon0907vgc\n|j|\u2606Betsie\n|t:|1717895648\n|gametype|doubles\n|player|p1|lon0907vgc|lass-gen4dp|1714\n|player|p2|Betsie|grimsley-masters|1742\n|teamsize|p1|6\n|teamsize|p2|6\n|gen|9\n|tier|[Gen 9] VGC 2024 Reg G\n|rated|\n|rule|Species Clause: Limit one of each Pok\u00e9mon\n|rule|Item Clause: Limit one of each item\n|clearpoke\n|poke|p1|Miraidon, L50|\n|poke|p1|Ursaluna-Bloodmoon, L50, M|\n|poke|p1|Iron Hands, L50|\n|poke|p1|Farigiraf, L50, M|\n|poke|p1|Volcarona, L50, M|\n|poke|p1|Whimsicott, L50, F|\n|poke|p2|Tornadus, L50, M|\n|poke|p2|Chi-Yu, L50|\n|poke|p2|Calyrex-Shadow, L50|\n|poke|p2|Indeedee-F, L50, F|\n|poke|p2|Urshifu-*, L50, F|\n|poke|p2|Flutter Mane, L50|\n|teampreview|4\n|inactive|Battle timer is ON: inactive players will automatically lose when time's up. (requested by Betsie)\n|j| Syachilove0408\n|inactive|lon0907vgc has 60 seconds left.\n|\n|t:|1717895681\n|start\n|switch|p1a: Miraidon|Miraidon, L50|100\/100\n|switch|p1b: Farigiraf|Farigiraf, L50, M|100\/100\n|switch|p2a: Chi-Yu|Chi-Yu, L50|100\/100\n|switch|p2b: Tornadus|Tornadus, L50, M|100\/100\n|-fieldstart|move: Electric Terrain|[from] ability: Hadron Engine|[of] p1a: Miraidon\n|-enditem|p1b: Farigiraf|Electric Seed\n|-boost|p1b: Farigiraf|def|1|[from] item: Electric Seed\n|-ability|p2a: Chi-Yu|Beads of Ruin\n|turn|1\n|j| Luxraykeeper\n|\n|t:|1717895703\n|-terastallize|p1b: Farigiraf|Water\n|move|p2b: Tornadus|Tailwind|p2b: Tornadus\n|-sidestart|p2: Betsie|move: Tailwind\n|move|p2a: Chi-Yu|Dark Pulse|p1a: Miraidon\n|-damage|p1a: Miraidon|8\/100\n|cant|p1a: Miraidon|flinch\n|move|p1b: Farigiraf|Trick Room|p1b: Farigiraf\n|-fieldstart|move: Trick Room|[of] p1b: Farigiraf\n|\n|upkeep\n|turn|2\n|j| THUNDERSND77\n|\n|t:|1717895725\n|move|p1b: Farigiraf|Psychic|p2b: Tornadus\n|-damage|p2b: Tornadus|56\/100\n|move|p1a: Miraidon|Volt Switch|p2a: Chi-Yu\n|-damage|p2a: Chi-Yu|0 fnt\n|faint|p2a: Chi-Yu\n|\n|t:|1717895736\n|switch|p1a: Iron Hands|Iron Hands, L50|100\/100|[from] Volt Switch\n|-activate|p1a: Iron Hands|ability: Quark Drive\n|-start|p1a: Iron Hands|quarkdriveatk\n|move|p2b: Tornadus|Icy Wind|p1a: Iron Hands|[spread] p1a,p1b\n|-resisted|p1b: Farigiraf\n|-damage|p1a: Iron Hands|94\/100\n|-damage|p1b: Farigiraf|96\/100\n|-unboost|p1a: Iron Hands|spe|1\n|-unboost|p1b: Farigiraf|spe|1\n|\n|upkeep\n|\n|t:|1717895740\n|switch|p2a: Indeedee|Indeedee-F, L50, F|100\/100\n|-fieldstart|move: Psychic Terrain|[from] ability: Psychic Surge|[of] p2a: Indeedee\n|-end|p1a: Iron Hands|Quark Drive\n|turn|3\n|inactive|lon0907vgc has 30 seconds left.\n|\n|t:|1717895770\n|switch|p2b: Calyrex|Calyrex-Shadow, L50|100\/100\n|-ability|p2b: Calyrex|As One\n|-ability|p2b: Calyrex|Unnerve\n|move|p1b: Farigiraf|Helping Hand|p1a: Iron Hands\n|-singleturn|p1a: Iron Hands|Helping Hand|[of] p1b: Farigiraf\n|move|p1a: Iron Hands|Drain Punch|p2a: Indeedee\n|-damage|p2a: Indeedee|34\/100\n|-heal|p1a: Iron Hands|100\/100|[from] drain|[of] p2a: Indeedee\n|-damage|p1a: Iron Hands|84\/100|[from] item: Rocky Helmet|[of] p2a: Indeedee\n|move|p2a: Indeedee|Trick Room|p2a: Indeedee\n|-fieldend|move: Trick Room\n|\n|upkeep\n|turn|4\n|\n|t:|1717895794\n|move|p2b: Calyrex|Expanding Force|p1a: Iron Hands|[spread] p1a,p1b\n|-supereffective|p1a: Iron Hands\n|-damage|p1a: Iron Hands|0 fnt\n|-damage|p1b: Farigiraf|41\/100\n|faint|p1a: Iron Hands\n|-end|p1a: Iron Hands|Quark Drive|[silent]\n|-ability|p2b: Calyrex|Grim Neigh|boost\n|-boost|p2b: Calyrex|spa|1\n|move|p2a: Indeedee|Imprison|p2a: Indeedee\n|-start|p2a: Indeedee|move: Imprison\n|cant|p1b: Farigiraf|move: Imprison|Trick Room\n|\n|-sideend|p2: Betsie|move: Tailwind\n|upkeep\n|inactive|lon0907vgc has 30 seconds left.\n|\n|t:|1717895824\n|switch|p1a: Miraidon|Miraidon, L50|8\/100\n|-fieldstart|move: Electric Terrain|[from] ability: Hadron Engine|[of] p1a: Miraidon\n|turn|5\n|\n|t:|1717895840\n|move|p2a: Indeedee|Helping Hand|p2b: Calyrex\n|-singleturn|p2b: Calyrex|Helping Hand|[of] p2a: Indeedee\n|move|p1b: Farigiraf|Ally Switch|p1b: Farigiraf\n|swap|p1b: Farigiraf|0|[from] move: Ally Switch\n|move|p2b: Calyrex|Astral Barrage|p1a: Farigiraf|[spread] p1a,p1b\n|-damage|p1a: Farigiraf|0 fnt\n|-damage|p1b: Miraidon|0 fnt\n|faint|p1a: Farigiraf\n|faint|p1b: Miraidon\n|-ability|p2b: Calyrex|Grim Neigh|boost\n|-boost|p2b: Calyrex|spa|2\n|\n|upkeep\n|-message|lon0907vgc forfeited.\n|\n|win|Betsie\n|raw|lon0907vgc's rating: 1714 &rarr; <strong>1696<\/strong><br \/>(-18 for losing)\n|raw|Betsie's rating: 1742 &rarr; <strong>1760<\/strong><br \/>(+18 for winning)\n|l|\u2606lon0907vgc\n|player|p1|\n|l| Syachilove0408\n|l| THUNDERSND77\n|j| Syachilove0408\n|l| Luxraykeeper\n|l| Syachilove0408\n","uploadtime":1717896100,"views":19,"formatid":"gen9vgc2024regg","rating":1696,"private":0,"password":null}