{"id":"gen9vgc2024regg-2139693752","format":"[Gen 9] VGC 2024 Reg G","players":["Betsie","Robert1211"],"log":"|j|\u2606Betsie\n|j|\u2606Robert1211\n|t:|1717898182\n|gametype|doubles\n|player|p1|Betsie|grimsley-masters|1760\n|player|p2|Robert1211|102|1718\n|teamsize|p1|6\n|teamsize|p2|6\n|gen|9\n|tier|[Gen 9] VGC 2024 Reg G\n|rated|\n|rule|Species Clause: Limit one of each Pok\u00e9mon\n|rule|Item Clause: Limit one of each item\n|clearpoke\n|poke|p1|Tornadus, L50, M|\n|poke|p1|Chi-Yu, L50|\n|poke|p1|Calyrex-Shadow, L50|\n|poke|p1|Indeedee-F, L50, F|\n|poke|p1|Urshifu-*, L50, F|\n|poke|p1|Flutter Mane, L50|\n|poke|p2|Zamazenta-*, L50|\n|poke|p2|Ting-Lu, L50|\n|poke|p2|Flutter Mane, L50|\n|poke|p2|Incineroar, L50, M|\n|poke|p2|Raging Bolt, L50|\n|poke|p2|Primarina, L50, M|\n|teampreview|4\n|inactive|Battle timer is ON: inactive players will automatically lose when time's up. (requested by Betsie)\n|\n|t:|1717898210\n|start\n|switch|p1a: Chi-Yu|Chi-Yu, L50|100\/100\n|switch|p1b: Indeedee|Indeedee-F, L50, F|100\/100\n|switch|p2a: Primarina|Primarina, L50, M|100\/100\n|switch|p2b: Ting-Lu|Ting-Lu, L50|100\/100\n|-ability|p1a: Chi-Yu|Beads of Ruin\n|-fieldstart|move: Psychic Terrain|[from] ability: Psychic Surge|[of] p1b: Indeedee\n|-ability|p2b: Ting-Lu|Vessel of Ruin\n|turn|1\n|inactive|Robert1211 has 30 seconds left.\n|inactive|Robert1211 has 20 seconds left.\n|\n|t:|1717898246\n|-terastallize|p1a: Chi-Yu|Grass\n|move|p1b: Indeedee|Helping Hand|p1a: Chi-Yu\n|-singleturn|p1a: Chi-Yu|Helping Hand|[of] p1b: Indeedee\n|move|p2a: Primarina|Protect|p2a: Primarina\n|-singleturn|p2a: Primarina|Protect\n|move|p1a: Chi-Yu|Tera Blast|p2b: Ting-Lu|[anim] Tera Blast Grass\n|-supereffective|p2b: Ting-Lu\n|-damage|p2b: Ting-Lu|0 fnt\n|faint|p2b: Ting-Lu\n|\n|upkeep\n|\n|t:|1717898266\n|switch|p2b: Zamazenta|Zamazenta-Crowned, L50|100\/100\n|-ability|p2b: Zamazenta|Dauntless Shield|boost\n|-boost|p2b: Zamazenta|def|1\n|turn|2\n|inactive|Robert1211 has 30 seconds left.\n|\n|t:|1717898297\n|switch|p1b: Calyrex|Calyrex-Shadow, L50|100\/100\n|-ability|p1b: Calyrex|As One\n|-ability|p1b: Calyrex|Unnerve\n|switch|p2a: Incineroar|Incineroar, L50, M|100\/100\n|-ability|p2a: Incineroar|Intimidate|boost\n|-unboost|p1a: Chi-Yu|atk|1\n|-unboost|p1b: Calyrex|atk|1\n|move|p2b: Zamazenta|Iron Defense|p2b: Zamazenta\n|-boost|p2b: Zamazenta|def|2\n|move|p1a: Chi-Yu|Tera Blast|p2a: Incineroar|[anim] Tera Blast Grass\n|-resisted|p2a: Incineroar\n|-damage|p2a: Incineroar|61\/100\n|\n|upkeep\n|turn|3\n|inactive|Robert1211 has 30 seconds left.\n|inactive|Betsie has 30 seconds left.\n|inactive|Robert1211 has 20 seconds left.\n|inactive|Robert1211 has 15 seconds left.\n|\n|t:|1717898340\n|switch|p2a: Primarina|Primarina, L50, M|100\/100\n|move|p1b: Calyrex|Astral Barrage|p2b: Zamazenta|[spread] p2a,p2b\n|-damage|p2a: Primarina|37\/100\n|-damage|p2b: Zamazenta|48\/100\n|move|p2b: Zamazenta|Body Press|p1a: Chi-Yu\n|-damage|p1a: Chi-Yu|0 fnt\n|faint|p1a: Chi-Yu\n|\n|upkeep\n|\n|t:|1717898357\n|switch|p1a: Urshifu|Urshifu-Rapid-Strike, L50, F|100\/100\n|turn|4\n|\n|t:|1717898381\n|move|p2a: Primarina|Protect|p2a: Primarina\n|-singleturn|p2a: Primarina|Protect\n|move|p1a: Urshifu|Surging Strikes|p2a: Primarina\n|-resisted|p2a: Primarina\n|-crit|p2a: Primarina\n|-damage|p2a: Primarina|26\/100\n|-resisted|p2a: Primarina\n|-crit|p2a: Primarina\n|-damage|p2a: Primarina|12\/100\n|-resisted|p2a: Primarina\n|-crit|p2a: Primarina\n|-damage|p2a: Primarina|0 fnt\n|faint|p2a: Primarina\n|-hitcount|p2: Primarina|3\n|move|p1b: Calyrex|Expanding Force|p2b: Zamazenta\n|-damage|p2b: Zamazenta|0 fnt\n|faint|p2b: Zamazenta\n|-ability|p1b: Calyrex|Grim Neigh|boost\n|-boost|p1b: Calyrex|spa|1\n|\n|upkeep\n|\n|t:|1717898396\n|switch|p2b: Incineroar|Incineroar, L50, M|61\/100\n|-ability|p2b: Incineroar|Intimidate|boost\n|-unboost|p1a: Urshifu|atk|1\n|-unboost|p1b: Calyrex|atk|1\n|turn|5\n|-message|Robert1211 forfeited.\n|\n|win|Betsie\n|raw|Betsie's rating: 1760 &rarr; <strong>1778<\/strong><br \/>(+18 for winning)\n|raw|Robert1211's rating: 1718 &rarr; <strong>1700<\/strong><br \/>(-18 for losing)\n|l|\u2606Robert1211\n|player|p2|\n|l|\u2606Betsie\n|player|p1|\n","uploadtime":1717898595,"views":36,"formatid":"gen9vgc2024regg","rating":1700,"private":0,"password":null}