{"id":"gen9vgc2024regg-2139728330","format":"[Gen 9] VGC 2024 Reg G","players":["Waffles4breakfast","AZUNA_Fan"],"log":"|j|\u2606Waffles4breakfast\n|j|\u2606AZUNA_Fan\n|t:|1717903119\n|gametype|doubles\n|player|p1|Waffles4breakfast|juggler|1743\n|player|p2|AZUNA_Fan|dawn-gen4pt|1831\n|teamsize|p1|6\n|teamsize|p2|6\n|gen|9\n|tier|[Gen 9] VGC 2024 Reg G\n|rated|\n|rule|Species Clause: Limit one of each Pok\u00e9mon\n|rule|Item Clause: Limit one of each item\n|clearpoke\n|poke|p1|Kyogre, L50|\n|poke|p1|Tornadus, L50, M|\n|poke|p1|Annihilape, L50, F|\n|poke|p1|Flutter Mane, L50|\n|poke|p1|Dragonite, L50, M|\n|poke|p1|Indeedee-F, L50, F|\n|poke|p2|Calyrex-Shadow, L50|\n|poke|p2|Urshifu-*, L50, F|\n|poke|p2|Indeedee-F, L50, F|\n|poke|p2|Maushold, L50|\n|poke|p2|Dondozo, L50, M|\n|poke|p2|Tatsugiri, L50, F|\n|teampreview|4\n|inactive|Battle timer is ON: inactive players will automatically lose when time's up. (requested by AZUNA_Fan)\n|\n|t:|1717903131\n|start\n|switch|p1a: Kyogre|Kyogre, L50|100\/100\n|switch|p1b: Tornadus|Tornadus, L50, M|100\/100\n|switch|p2a: Urshifu|Urshifu, L50, F|100\/100\n|switch|p2b: Calyrex|Calyrex-Shadow, L50|100\/100\n|-ability|p2b: Calyrex|As One\n|-ability|p2b: Calyrex|Unnerve\n|-weather|RainDance|[from] ability: Drizzle|[of] p1a: Kyogre\n|turn|1\n|\n|t:|1717903145\n|move|p1b: Tornadus|Tailwind|p1b: Tornadus\n|-sidestart|p1: Waffles4breakfast|move: Tailwind\n|move|p2a: Urshifu|Sucker Punch|p1a: Kyogre\n|-crit|p1a: Kyogre\n|-damage|p1a: Kyogre|13\/100\n|move|p1a: Kyogre|Origin Pulse|p2a: Urshifu|[spread] p2a,p2b\n|-damage|p2a: Urshifu|0 fnt\n|-damage|p2b: Calyrex|0 fnt\n|faint|p2a: Urshifu\n|faint|p2b: Calyrex\n|\n|-weather|RainDance|[upkeep]\n|upkeep\n|\n|t:|1717903154\n|switch|p2b: Tatsugiri|Tatsugiri, L50, F|100\/100\n|switch|p2a: Dondozo|Dondozo, L50, M|100\/100\n|-activate|p2b: Tatsugiri|ability: Commander|[of] p2a: Dondozo\n|-boost|p2a: Dondozo|atk|2\n|-boost|p2a: Dondozo|spa|2\n|-boost|p2a: Dondozo|spe|2\n|-boost|p2a: Dondozo|def|2\n|-boost|p2a: Dondozo|spd|2\n|turn|2\n|\n|t:|1717903167\n|move|p2a: Dondozo|Protect|p2a: Dondozo\n|-singleturn|p2a: Dondozo|Protect\n|move|p1b: Tornadus|Bleakwind Storm|p2a: Dondozo|[spread] \n|-miss|p1b: Tornadus|p2b: Tatsugiri\n|-activate|p2a: Dondozo|move: Protect\n|move|p1a: Kyogre|Origin Pulse|p2a: Dondozo|[spread] \n|-miss|p1a: Kyogre|p2b: Tatsugiri\n|-activate|p2a: Dondozo|move: Protect\n|\n|-weather|RainDance|[upkeep]\n|upkeep\n|turn|3\n|\n|t:|1717903180\n|move|p1b: Tornadus|Bleakwind Storm|p2a: Dondozo|[spread] p2a\n|-miss|p1b: Tornadus|p2b: Tatsugiri\n|-damage|p2a: Dondozo|85\/100\n|move|p1a: Kyogre|Origin Pulse|p2b: Tatsugiri|[spread] p2a\n|-miss|p1a: Kyogre|p2b: Tatsugiri\n|-resisted|p2a: Dondozo\n|-damage|p2a: Dondozo|62\/100\n|move|p2a: Dondozo|Wave Crash|p1b: Tornadus\n|-damage|p1b: Tornadus|0 fnt\n|faint|p1b: Tornadus\n|-damage|p2a: Dondozo|39\/100|[from] Recoil\n|\n|-weather|RainDance|[upkeep]\n|upkeep\n|\n|t:|1717903189\n|switch|p1b: Annihilape|Annihilape, L50, F|100\/100\n|turn|4\n|\n|t:|1717903195\n|move|p2a: Dondozo|Protect|p2a: Dondozo\n|-singleturn|p2a: Dondozo|Protect\n|move|p1b: Annihilape|Final Gambit|p2a: Dondozo\n|-activate|p2a: Dondozo|move: Protect\n|move|p1a: Kyogre|Origin Pulse|p2b: Tatsugiri|[spread] \n|-miss|p1a: Kyogre|p2b: Tatsugiri\n|-activate|p2a: Dondozo|move: Protect\n|\n|-weather|RainDance|[upkeep]\n|-sideend|p1: Waffles4breakfast|move: Tailwind\n|upkeep\n|turn|5\n|j| GyattDamnnm\n|\n|t:|1717903204\n|move|p1b: Annihilape|Final Gambit|p2a: Dondozo\n|-damage|p2a: Dondozo|0 fnt\n|faint|p1b: Annihilape\n|faint|p2a: Dondozo\n|move|p1a: Kyogre|Origin Pulse|p2b: Tatsugiri|[miss]\n|-miss|p1a: Kyogre|p2b: Tatsugiri\n|\n|-weather|none\n|upkeep\n|\n|t:|1717903210\n|switch|p1b: Dragonite|Dragonite, L50, M|100\/100\n|turn|6\n|\n|t:|1717903226\n|-terastallize|p1b: Dragonite|Normal\n|move|p1b: Dragonite|Extreme Speed|p2b: Tatsugiri\n|-enditem|p2b: Tatsugiri|Focus Sash\n|-damage|p2b: Tatsugiri|1\/100\n|move|p1a: Kyogre|Origin Pulse|p2b: Tatsugiri\n|-resisted|p2b: Tatsugiri\n|-damage|p2b: Tatsugiri|0 fnt\n|faint|p2b: Tatsugiri\n|\n|win|Waffles4breakfast\n|raw|Waffles4breakfast's rating: 1743 &rarr; <strong>1768<\/strong><br \/>(+25 for winning)\n|raw|AZUNA_Fan's rating: 1831 &rarr; <strong>1806<\/strong><br \/>(-25 for losing)\n|l|\u2606Waffles4breakfast\n|player|p1|\n|l|\u2606AZUNA_Fan\n|player|p2|\n|l| GyattDamnnm\n","uploadtime":1717903444,"views":162,"formatid":"gen9vgc2024regg","rating":1768,"private":0,"password":null}