{"id":"gen9vgc2024regg-2139691546","format":"[Gen 9] VGC 2024 Reg G","players":["AZUNA_Fan","Betsie"],"log":"|j|\u2606AZUNA_Fan\n|j|\u2606Betsie\n|t:|1717897868\n|gametype|doubles\n|player|p1|AZUNA_Fan|dawn-gen4pt|1787\n|player|p2|Betsie|grimsley-masters|1765\n|teamsize|p1|6\n|teamsize|p2|6\n|gen|9\n|tier|[Gen 9] VGC 2024 Reg G\n|rated|\n|rule|Species Clause: Limit one of each Pok\u00e9mon\n|rule|Item Clause: Limit one of each item\n|clearpoke\n|poke|p1|Calyrex-Shadow, L50|\n|poke|p1|Urshifu-*, L50, M|\n|poke|p1|Indeedee-F, L50, F|\n|poke|p1|Maushold, L50|\n|poke|p1|Dondozo, L50, F|\n|poke|p1|Tatsugiri, L50, F|\n|poke|p2|Tornadus, L50, M|\n|poke|p2|Chi-Yu, L50|\n|poke|p2|Calyrex-Shadow, L50|\n|poke|p2|Indeedee-F, L50, F|\n|poke|p2|Urshifu-*, L50, M|\n|poke|p2|Flutter Mane, L50|\n|teampreview|4\n|inactive|Battle timer is ON: inactive players will automatically lose when time's up. (requested by Betsie)\n|inactive|AZUNA_Fan also wants the timer to be on.\n|c|\u2606Betsie|flinch\n|inactive|Betsie has 60 seconds left.\n|\n|t:|1717897923\n|start\n|switch|p1a: Calyrex|Calyrex-Shadow, L50|100\/100\n|switch|p1b: Dondozo|Dondozo, L50, F|100\/100\n|switch|p2a: Urshifu|Urshifu-Rapid-Strike, L50, M|100\/100\n|switch|p2b: Tornadus|Tornadus, L50, M|100\/100\n|-ability|p1a: Calyrex|As One\n|-ability|p1a: Calyrex|Unnerve\n|turn|1\n|\n|t:|1717897937\n|switch|p1b: Maushold|Maushold, L50|100\/100\n|-terastallize|p2a: Urshifu|Water\n|move|p2b: Tornadus|Tailwind|p2b: Tornadus\n|-sidestart|p2: Betsie|move: Tailwind\n|move|p2a: Urshifu|Surging Strikes|p1a: Calyrex\n|-crit|p1a: Calyrex\n|-damage|p1a: Calyrex|81\/100\n|-crit|p1a: Calyrex\n|-damage|p1a: Calyrex|62\/100\n|-crit|p1a: Calyrex\n|-damage|p1a: Calyrex|42\/100\n|-hitcount|p1a: Calyrex|3\n|move|p1a: Calyrex|Astral Barrage|p2b: Tornadus|[spread] p2a,p2b\n|-damage|p2a: Urshifu|0 fnt\n|-damage|p2b: Tornadus|35\/100\n|faint|p2a: Urshifu\n|-ability|p1a: Calyrex|Grim Neigh|boost\n|-boost|p1a: Calyrex|spa|1\n|\n|upkeep\n|\n|t:|1717897961\n|switch|p2a: Chi-Yu|Chi-Yu, L50|100\/100\n|-ability|p2a: Chi-Yu|Beads of Ruin\n|turn|2\n|\n|t:|1717897973\n|move|p1b: Maushold|Follow Me|p1b: Maushold\n|-singleturn|p1b: Maushold|move: Follow Me\n|move|p2a: Chi-Yu|Heat Wave|p1a: Calyrex|[spread] p1a,p1b\n|-damage|p1a: Calyrex|0 fnt\n|-damage|p1b: Maushold|3\/100\n|faint|p1a: Calyrex\n|move|p2b: Tornadus|Bleakwind Storm|p1b: Maushold|[miss]\n|-miss|p2b: Tornadus|p1b: Maushold\n|\n|upkeep\n|\n|t:|1717897981\n|switch|p1a: Dondozo|Dondozo, L50, F|100\/100\n|turn|3\n|\n|t:|1717897985\n|switch|p1b: Tatsugiri|Tatsugiri, L50, F|100\/100\n|-activate|p1b: Tatsugiri|ability: Commander|[of] p1a: Dondozo\n|-boost|p1a: Dondozo|atk|2\n|-boost|p1a: Dondozo|spa|2\n|-boost|p1a: Dondozo|spe|2\n|-boost|p1a: Dondozo|def|2\n|-boost|p1a: Dondozo|spd|2\n|move|p2b: Tornadus|Sunny Day|p2b: Tornadus\n|-weather|SunnyDay\n|move|p2a: Chi-Yu|Heat Wave|p1a: Dondozo|[spread] p1a\n|-miss|p2a: Chi-Yu|p1b: Tatsugiri\n|-resisted|p1a: Dondozo\n|-damage|p1a: Dondozo|76\/100\n|move|p1a: Dondozo|Order Up|p2b: Tornadus\n|-damage|p2b: Tornadus|0 fnt\n|faint|p2b: Tornadus\n|-boost|p1a: Dondozo|atk|1\n|\n|-weather|SunnyDay|[upkeep]\n|upkeep\n|j| Ec1lipse\n|\n|t:|1717897997\n|switch|p2b: Calyrex|Calyrex-Shadow, L50|100\/100\n|-ability|p2b: Calyrex|As One\n|-ability|p2b: Calyrex|Unnerve\n|turn|4\n|\n|t:|1717898006\n|move|p2b: Calyrex|Astral Barrage|p1b: Tatsugiri|[spread] p1a\n|-miss|p2b: Calyrex|p1b: Tatsugiri\n|-damage|p1a: Dondozo|46\/100\n|move|p2a: Chi-Yu|Heat Wave|p1b: Tatsugiri|[spread] p1a\n|-miss|p2a: Chi-Yu|p1b: Tatsugiri\n|-resisted|p1a: Dondozo\n|-damage|p1a: Dondozo|20\/100\n|move|p1a: Dondozo|Earthquake|p2b: Calyrex|[spread] p2a,p2b\n|-miss|p1a: Dondozo|p1b: Tatsugiri\n|-supereffective|p2a: Chi-Yu\n|-damage|p2a: Chi-Yu|0 fnt\n|-damage|p2b: Calyrex|44\/100\n|faint|p2a: Chi-Yu\n|\n|-weather|SunnyDay|[upkeep]\n|-sideend|p2: Betsie|move: Tailwind\n|upkeep\n|turn|5\n|\n|t:|1717898024\n|move|p2b: Calyrex|Astral Barrage|p1a: Dondozo|[spread] p1a\n|-miss|p2b: Calyrex|p1b: Tatsugiri\n|-damage|p1a: Dondozo|0 fnt\n|faint|p1a: Dondozo\n|-ability|p2b: Calyrex|Grim Neigh|boost\n|-boost|p2b: Calyrex|spa|1\n|\n|-weather|SunnyDay|[upkeep]\n|upkeep\n|\n|t:|1717898031\n|switch|p1a: Maushold|Maushold, L50|3\/100\n|turn|6\n|\n|t:|1717898036\n|move|p2b: Calyrex|Astral Barrage|p1b: Tatsugiri|[spread] p1b\n|-immune|p1a: Maushold\n|-damage|p1b: Tatsugiri|17\/100\n|move|p1a: Maushold|Thunder Wave|p2b: Calyrex\n|-status|p2b: Calyrex|par\n|move|p1b: Tatsugiri|Mirror Coat|p2b: Calyrex\n|-damage|p2b: Calyrex|0 fnt\n|faint|p2b: Calyrex\n|\n|win|AZUNA_Fan\n|raw|AZUNA_Fan's rating: 1787 &rarr; <strong>1806<\/strong><br \/>(+19 for winning)\n|raw|Betsie's rating: 1765 &rarr; <strong>1746<\/strong><br \/>(-19 for losing)\n|l| Ec1lipse\n|l|\u2606AZUNA_Fan\n|player|p1|\n","uploadtime":1717898178,"views":56,"formatid":"gen9vgc2024regg","rating":1746,"private":0,"password":null}