{"id":"gen9vgc2024regg-2139547645","format":"[Gen 9] VGC 2024 Reg G","players":["phononmode","AZUNA_Fan"],"log":"|j|\u2606phononmode\n|j|\u2606AZUNA_Fan\n|t:|1717878433\n|gametype|doubles\n|player|p1|phononmode|twins-gen4dp|1748\n|player|p2|AZUNA_Fan|dawn-gen4pt|1817\n|teamsize|p1|6\n|teamsize|p2|6\n|gen|9\n|tier|[Gen 9] VGC 2024 Reg G\n|rated|\n|rule|Species Clause: Limit one of each Pok\u00e9mon\n|rule|Item Clause: Limit one of each item\n|clearpoke\n|poke|p1|Ting-Lu, L50|\n|poke|p1|Calyrex-Ice, L50|\n|poke|p1|Rillaboom, L50, F|\n|poke|p1|Dondozo, L50, F|\n|poke|p1|Skeledirge, L50, F|\n|poke|p1|Raging Bolt, L50|\n|poke|p2|Urshifu-*, L50, F|\n|poke|p2|Iron Jugulis, L50|\n|poke|p2|Kyogre, L50|\n|poke|p2|Wo-Chien, L50|\n|poke|p2|Incineroar, L50, F|\n|poke|p2|Grimmsnarl, L50, M|\n|teampreview|4\n|inactive|Battle timer is ON: inactive players will automatically lose when time's up. (requested by AZUNA_Fan)\nphononmode has agreed to open team sheets.\n|inactive|AZUNA_Fan has 60 seconds left.\n|inactive|AZUNA_Fan has 30 seconds left.\n|\n|t:|1717878493\n|start\n|switch|p1a: Rillaboom|Rillaboom, L50, F|100\/100\n|switch|p1b: Raging Bolt|Raging Bolt, L50|100\/100\n|switch|p2a: Incineroar|Incineroar, L50, F|100\/100\n|switch|p2b: Grimmsnarl|Grimmsnarl, L50, M|100\/100\n|-fieldstart|move: Grassy Terrain|[from] ability: Grassy Surge|[of] p1a: Rillaboom\n|-ability|p2a: Incineroar|Intimidate|boost\n|-unboost|p1a: Rillaboom|atk|1\n|-unboost|p1b: Raging Bolt|atk|1\n|-enditem|p1b: Raging Bolt|Booster Energy\n|-activate|p1b: Raging Bolt|ability: Protosynthesis|[fromitem]\n|-start|p1b: Raging Bolt|protosynthesisspa\n|turn|1\n|\n|t:|1717878512\n|move|p1a: Rillaboom|Fake Out|p2a: Incineroar\n|-damage|p2a: Incineroar|93\/100\n|move|p2b: Grimmsnarl|Light Screen|p2b: Grimmsnarl\n|-sidestart|p2: AZUNA_Fan|move: Light Screen\n|move|p1b: Raging Bolt|Thunderbolt|p2a: Incineroar\n|-damage|p2a: Incineroar|53\/100\n|cant|p2a: Incineroar|flinch\n|\n|-heal|p2a: Incineroar|59\/100|[from] Grassy Terrain\n|upkeep\n|turn|2\n|\n|t:|1717878533\n|-terastallize|p1b: Raging Bolt|Electric\n|move|p1a: Rillaboom|U-turn|p2a: Incineroar\n|-damage|p2a: Incineroar|43\/100\n|\n|t:|1717878537\n|switch|p1a: Calyrex|Calyrex-Ice, L50|100\/100|[from] U-turn\n|-ability|p1a: Calyrex|As One\n|-ability|p1a: Calyrex|Unnerve\n|move|p1b: Raging Bolt|Thunderbolt|p2a: Incineroar\n|-crit|p2a: Incineroar\n|-damage|p2a: Incineroar|0 fnt\n|faint|p2a: Incineroar\n|move|p2b: Grimmsnarl|Spirit Break|p1b: Raging Bolt\n|-damage|p1b: Raging Bolt|77\/100\n|-unboost|p1b: Raging Bolt|spa|1\n|\n|-heal|p1b: Raging Bolt|83\/100|[from] Grassy Terrain\n|upkeep\n|\n|t:|1717878552\n|switch|p2a: Kyogre|Kyogre, L50|100\/100\n|-weather|RainDance|[from] ability: Drizzle|[of] p2a: Kyogre\n|turn|3\n|\n|t:|1717878575\n|-end|p1b: Raging Bolt|Protosynthesis|[silent]\n|switch|p1b: Ting-Lu|Ting-Lu, L50|100\/100\n|-ability|p1b: Ting-Lu|Vessel of Ruin\n|move|p2b: Grimmsnarl|Thunder Wave|p1a: Calyrex\n|-status|p1a: Calyrex|par\n|move|p2a: Kyogre|Origin Pulse|p1b: Ting-Lu|[spread] p1a,p1b\n|-supereffective|p1b: Ting-Lu\n|-damage|p1a: Calyrex|61\/100 par\n|-damage|p1b: Ting-Lu|50\/100\n|cant|p1a: Calyrex|par\n|\n|-weather|RainDance|[upkeep]\n|-heal|p1b: Ting-Lu|56\/100|[from] Grassy Terrain\n|-heal|p1a: Calyrex|67\/100 par|[from] Grassy Terrain\n|upkeep\n|turn|4\n|\n|t:|1717878595\n|switch|p2b: Wo-Chien|Wo-Chien, L50|100\/100\n|-ability|p2b: Wo-Chien|Tablets of Ruin\n|switch|p1b: Rillaboom|Rillaboom, L50, F|100\/100\n|move|p1a: Calyrex|Protect|p1a: Calyrex\n|-singleturn|p1a: Calyrex|Protect\n|move|p2a: Kyogre|Water Spout|p1a: Calyrex|[spread] p1b\n|-activate|p1a: Calyrex|move: Protect\n|-resisted|p1b: Rillaboom\n|-damage|p1b: Rillaboom|45\/100\n|\n|-weather|RainDance|[upkeep]\n|-heal|p1b: Rillaboom|51\/100|[from] Grassy Terrain\n|-heal|p1a: Calyrex|73\/100 par|[from] Grassy Terrain\n|upkeep\n|turn|5\n|inactive|AZUNA_Fan has 30 seconds left.\n|inactive|phononmode has 30 seconds left.\n|inactive|AZUNA_Fan has 20 seconds left.\n|inactive|AZUNA_Fan has 15 seconds left.\n|\n|t:|1717878639\n|switch|p2a: Grimmsnarl|Grimmsnarl, L50, M|100\/100\n|-terastallize|p2b: Wo-Chien|Poison\n|move|p1b: Rillaboom|Fake Out|p2a: Grimmsnarl\n|-damage|p2a: Grimmsnarl|89\/100\n|move|p2b: Wo-Chien|Leech Seed|p1a: Calyrex\n|-start|p1a: Calyrex|move: Leech Seed\n|move|p1a: Calyrex|Trick Room|p1a: Calyrex\n|-fieldstart|move: Trick Room|[of] p1a: Calyrex\n|\n|-weather|RainDance|[upkeep]\n|-heal|p1a: Calyrex|79\/100 par|[from] Grassy Terrain\n|-heal|p2a: Grimmsnarl|95\/100|[from] Grassy Terrain\n|-heal|p1b: Rillaboom|57\/100|[from] Grassy Terrain\n|-damage|p1a: Calyrex|67\/100 par|[from] Leech Seed|[of] p2b: Wo-Chien\n|-fieldend|move: Grassy Terrain\n|upkeep\n|turn|6\n|inactive|AZUNA_Fan has 30 seconds left.\n|inactive|AZUNA_Fan has 20 seconds left.\n|inactive|AZUNA_Fan has 15 seconds left.\n|\n|t:|1717878680\n|move|p2a: Grimmsnarl|Thunder Wave|p1b: Rillaboom|[miss]\n|-miss|p2a: Grimmsnarl|p1b: Rillaboom\n|move|p1a: Calyrex|Glacial Lance|p2b: Wo-Chien|[spread] p2a,p2b\n|-damage|p2a: Grimmsnarl|43\/100\n|-damage|p2b: Wo-Chien|61\/100\n|move|p1b: Rillaboom|Wood Hammer|p2a: Grimmsnarl\n|-damage|p2a: Grimmsnarl|0 fnt\n|faint|p2a: Grimmsnarl\n|-damage|p1b: Rillaboom|43\/100|[from] Recoil\n|move|p2b: Wo-Chien|Ruination|p1a: Calyrex\n|-damage|p1a: Calyrex|34\/100 par\n|\n|-weather|RainDance|[upkeep]\n|-heal|p2b: Wo-Chien|67\/100|[from] item: Leftovers\n|-damage|p1a: Calyrex|22\/100 par|[from] Leech Seed|[of] p2b: Wo-Chien\n|-heal|p2b: Wo-Chien|80\/100|[silent]\n|upkeep\n|\n|t:|1717878696\n|switch|p2a: Kyogre|Kyogre, L50|100\/100\n|turn|7\n|\n|t:|1717878717\n|switch|p1a: Raging Bolt|Raging Bolt, L50, tera:Electric|83\/100\n|move|p1b: Rillaboom|Wood Hammer|p2a: Kyogre\n|-supereffective|p2a: Kyogre\n|-damage|p2a: Kyogre|0 fnt\n|faint|p2a: Kyogre\n|-damage|p1b: Rillaboom|10\/100|[from] Recoil\n|move|p2b: Wo-Chien|Pollen Puff|p1b: Rillaboom\n|-supereffective|p1b: Rillaboom\n|-damage|p1b: Rillaboom|0 fnt\n|faint|p1b: Rillaboom\n|\n|-weather|none\n|-heal|p2b: Wo-Chien|86\/100|[from] item: Leftovers\n|upkeep\n|\n|t:|1717878730\n|switch|p1b: Calyrex|Calyrex-Ice, L50|22\/100 par\n|-ability|p1b: Calyrex|As One\n|-ability|p1b: Calyrex|Unnerve\n|turn|8\n|j| camala 690420\n|inactive|AZUNA_Fan has 30 seconds left.\n|\n|t:|1717878757\n|move|p1b: Calyrex|Glacial Lance|p2b: Wo-Chien\n|-damage|p2b: Wo-Chien|33\/100\n|move|p1a: Raging Bolt|Calm Mind|p1a: Raging Bolt\n|-boost|p1a: Raging Bolt|spa|1\n|-boost|p1a: Raging Bolt|spd|1\n|move|p2b: Wo-Chien|Leech Seed|p1a: Raging Bolt\n|-start|p1a: Raging Bolt|move: Leech Seed\n|\n|-heal|p2b: Wo-Chien|40\/100|[from] item: Leftovers\n|-damage|p1a: Raging Bolt|70\/100|[from] Leech Seed|[of] p2b: Wo-Chien\n|-heal|p2b: Wo-Chien|55\/100|[silent]\n|-sideend|p2: AZUNA_Fan|move: Light Screen\n|upkeep\n|turn|9\n|inactive|phononmode has 30 seconds left.\n|\n|t:|1717878787\n|move|p2b: Wo-Chien|Protect|p2b: Wo-Chien\n|-singleturn|p2b: Wo-Chien|Protect\n|move|p1b: Calyrex|Glacial Lance|p2b: Wo-Chien\n|-activate|p2b: Wo-Chien|move: Protect\n|move|p1a: Raging Bolt|Thunderbolt|p2b: Wo-Chien\n|-activate|p2b: Wo-Chien|move: Protect\n|\n|-heal|p2b: Wo-Chien|61\/100|[from] item: Leftovers\n|-damage|p1a: Raging Bolt|58\/100|[from] Leech Seed|[of] p2b: Wo-Chien\n|-heal|p2b: Wo-Chien|76\/100|[silent]\n|-fieldend|move: Trick Room\n|upkeep\n|turn|10\n|\n|t:|1717878807\n|move|p2b: Wo-Chien|Pollen Puff|p1b: Calyrex\n|-supereffective|p1b: Calyrex\n|-damage|p1b: Calyrex|0 fnt\n|faint|p1b: Calyrex\n|move|p1a: Raging Bolt|Thunderbolt|p2b: Wo-Chien\n|-damage|p2b: Wo-Chien|1\/100\n|\n|-heal|p2b: Wo-Chien|7\/100|[from] item: Leftovers\n|-damage|p1a: Raging Bolt|45\/100|[from] Leech Seed|[of] p2b: Wo-Chien\n|-heal|p2b: Wo-Chien|22\/100|[silent]\n|upkeep\n|\n|t:|1717878811\n|switch|p1b: Ting-Lu|Ting-Lu, L50|56\/100\n|-ability|p1b: Ting-Lu|Vessel of Ruin\n|turn|11\n|-message|AZUNA_Fan forfeited.\n|\n|win|phononmode\n|raw|phononmode's rating: 1748 &rarr; <strong>1772<\/strong><br \/>(+24 for winning)\n|raw|AZUNA_Fan's rating: 1817 &rarr; <strong>1793<\/strong><br \/>(-24 for losing)\n|l|\u2606AZUNA_Fan\n|player|p2|\n|l|\u2606phononmode\n|player|p1|\n|l| camala 690420\n","uploadtime":1717879084,"views":185,"formatid":"gen9vgc2024regg","rating":1772,"private":0,"password":null}