{"id":"gen9vgc2024regg-2139727456","format":"[Gen 9] VGC 2024 Reg G","players":["Tempest brute","Dathluke"],"log":"|j|\u2606Tempest brute\n|j|\u2606Dathluke\n|t:|1717902984\n|gametype|doubles\n|player|p1|Tempest brute|101|1753\n|player|p2|Dathluke|larry|1758\n|teamsize|p1|6\n|teamsize|p2|6\n|gen|9\n|tier|[Gen 9] VGC 2024 Reg G\n|rated|\n|rule|Species Clause: Limit one of each Pok\u00e9mon\n|rule|Item Clause: Limit one of each item\n|clearpoke\n|poke|p1|Lunala, L50|\n|poke|p1|Roaring Moon, L50|\n|poke|p1|Entei, L50|\n|poke|p1|Ogerpon-Wellspring, L50, F|\n|poke|p1|Iron Hands, L50|\n|poke|p1|Ursaluna-Bloodmoon, L50, M|\n|poke|p2|Iron Hands, L50|\n|poke|p2|Grimmsnarl, L50, M|\n|poke|p2|Urshifu-*, L50, F|\n|poke|p2|Terapagos, L50, M|\n|poke|p2|Flutter Mane, L50|\n|poke|p2|Chi-Yu, L50|\n|teampreview|4\nDathluke has agreed to open team sheets.\n|inactive|Battle timer is ON: inactive players will automatically lose when time's up. (requested by Dathluke)\n|inactive|Dathluke has 60 seconds left.\n|\n|t:|1717903029\n|start\n|switch|p1a: Entei|Entei, L50|100\/100\n|switch|p1b: Ogerpon|Ogerpon-Wellspring, L50, F|100\/100\n|switch|p2a: Grimmsnarl|Grimmsnarl, L50, M|100\/100\n|switch|p2b: Urshifu|Urshifu-Rapid-Strike, L50, F|100\/100\n|turn|1\n|\n|t:|1717903051\n|move|p2b: Urshifu|Detect|p2b: Urshifu\n|-singleturn|p2b: Urshifu|Protect\n|move|p2a: Grimmsnarl|Reflect|p2a: Grimmsnarl\n|-sidestart|p2: Dathluke|Reflect\n|move|p1b: Ogerpon|Horn Leech|p2b: Urshifu\n|-activate|p2b: Urshifu|move: Protect\n|move|p1a: Entei|Sacred Fire|p2b: Urshifu\n|-activate|p2b: Urshifu|move: Protect\n|\n|upkeep\n|turn|2\n|\n|t:|1717903067\n|switch|p1a: Lunala|Lunala, L50|100\/100\n|move|p2b: Urshifu|Close Combat|p1a: Lunala\n|-immune|p1a: Lunala\n|move|p1b: Ogerpon|Horn Leech|p2b: Urshifu\n|-supereffective|p2b: Urshifu\n|-damage|p2b: Urshifu|49\/100\n|move|p2a: Grimmsnarl|Foul Play|p1a: Lunala\n|-supereffective|p1a: Lunala\n|-damage|p1a: Lunala|60\/100\n|\n|-heal|p1a: Lunala|66\/100|[from] item: Leftovers\n|upkeep\n|turn|3\n|j| THUNDERSND77\n|inactive|Tempest brute has 30 seconds left.\n|inactive|Tempest brute has 20 seconds left.\n|inactive|Tempest brute has 15 seconds left.\n|inactive|Tempest brute has 10 seconds left.\n|inactive|Tempest brute has 5 seconds left.\n|\n|t:|1717903122\n|move|p2b: Urshifu|Detect|p2b: Urshifu\n|-singleturn|p2b: Urshifu|Protect\n|move|p2a: Grimmsnarl|Light Screen|p2a: Grimmsnarl\n|-sidestart|p2: Dathluke|move: Light Screen\n|move|p1b: Ogerpon|Swords Dance|p1b: Ogerpon\n|-boost|p1b: Ogerpon|atk|2\n|move|p1a: Lunala|Will-O-Wisp|p2a: Grimmsnarl\n|-status|p2a: Grimmsnarl|brn\n|\n|-heal|p1a: Lunala|73\/100|[from] item: Leftovers\n|-damage|p2a: Grimmsnarl|95\/100 brn|[from] brn\n|upkeep\n|turn|4\n|\n|t:|1717903135\n|move|p2a: Grimmsnarl|Thunder Wave|p1b: Ogerpon\n|-status|p1b: Ogerpon|par\n|move|p2b: Urshifu|Close Combat|p1b: Ogerpon\n|-damage|p1b: Ogerpon|32\/100 par\n|-unboost|p2b: Urshifu|def|1\n|-unboost|p2b: Urshifu|spd|1\n|move|p1a: Lunala|Moonlight|p1a: Lunala\n|-heal|p1a: Lunala|100\/100\n|move|p1b: Ogerpon|Horn Leech|p2b: Urshifu\n|-supereffective|p2b: Urshifu\n|-damage|p2b: Urshifu|0 fnt\n|-heal|p1b: Ogerpon|57\/100 par|[from] drain|[of] p2b: Urshifu\n|faint|p2b: Urshifu\n|\n|-damage|p2a: Grimmsnarl|89\/100 brn|[from] brn\n|upkeep\n|\n|t:|1717903145\n|switch|p2b: Terapagos|Terapagos, L50, M|100\/100\n|-activate|p2b: Terapagos|ability: Tera Shift\n|detailschange|p2b: Terapagos|Terapagos-Terastal, L50, M\n|-heal|p2b: Terapagos|100\/100|[silent]\n|turn|5\n|\n|t:|1717903169\n|-terastallize|p2b: Terapagos|Stellar\n|detailschange|p2b: Terapagos|Terapagos-Stellar, L50, M, tera:Stellar\n|-heal|p2b: Terapagos|100\/100|[silent]\n|move|p2b: Terapagos|Tera Starstorm|p1b: Ogerpon|[spread] p1a,p1b\n|-damage|p1a: Lunala|83\/100\n|-damage|p1b: Ogerpon|0 fnt\n|faint|p1b: Ogerpon\n|move|p1a: Lunala|Will-O-Wisp|p2b: Terapagos|[miss]\n|-miss|p1a: Lunala|p2b: Terapagos\n|move|p2a: Grimmsnarl|Foul Play|p1a: Lunala\n|-supereffective|p1a: Lunala\n|-damage|p1a: Lunala|41\/100\n|\n|-heal|p1a: Lunala|47\/100|[from] item: Leftovers\n|-damage|p2a: Grimmsnarl|83\/100 brn|[from] brn\n|upkeep\n|inactive|Tempest brute has 30 seconds left.\n|inactive|Tempest brute has 20 seconds left.\n|\n|t:|1717903208\n|switch|p1b: Iron Hands|Iron Hands, L50|100\/100\n|turn|6\n|\n|t:|1717903212\n|switch|p2b: Iron Hands|Iron Hands, L50|100\/100\n|move|p1a: Lunala|Protect|p1a: Lunala\n|-singleturn|p1a: Lunala|Protect\n|move|p2a: Grimmsnarl|Thunder Wave|p1a: Lunala\n|-activate|p1a: Lunala|move: Protect\n|move|p1b: Iron Hands|Drain Punch|p2b: Iron Hands\n|-damage|p2b: Iron Hands|83\/100\n|\n|-heal|p1a: Lunala|53\/100|[from] item: Leftovers\n|-damage|p2a: Grimmsnarl|77\/100 brn|[from] brn\n|upkeep\n|turn|7\n|\n|t:|1717903224\n|move|p2a: Grimmsnarl|Thunder Wave|p1a: Lunala\n|-status|p1a: Lunala|par\n|move|p2b: Iron Hands|Wild Charge|p1a: Lunala\n|-damage|p1a: Lunala|14\/100 par\n|-damage|p2b: Iron Hands|73\/100|[from] Recoil\n|move|p1b: Iron Hands|Drain Punch|p2b: Iron Hands\n|-damage|p2b: Iron Hands|57\/100\n|move|p1a: Lunala|Moonlight|p1a: Lunala\n|-heal|p1a: Lunala|64\/100 par\n|\n|-heal|p1a: Lunala|70\/100 par|[from] item: Leftovers\n|-damage|p2a: Grimmsnarl|71\/100 brn|[from] brn\n|upkeep\n|turn|8\n|\n|t:|1717903242\n|move|p1a: Lunala|Protect|p1a: Lunala\n|-singleturn|p1a: Lunala|Protect\n|move|p2a: Grimmsnarl|Foul Play|p1a: Lunala\n|-activate|p1a: Lunala|move: Protect\n|move|p2b: Iron Hands|Drain Punch|p1b: Iron Hands\n|-damage|p1b: Iron Hands|74\/100\n|-heal|p2b: Iron Hands|71\/100|[from] drain|[of] p1b: Iron Hands\n|move|p1b: Iron Hands|Drain Punch|p2b: Iron Hands\n|-damage|p2b: Iron Hands|56\/100\n|-heal|p1b: Iron Hands|81\/100|[from] drain|[of] p2b: Iron Hands\n|\n|-heal|p1a: Lunala|76\/100 par|[from] item: Leftovers\n|-damage|p2a: Grimmsnarl|65\/100 brn|[from] brn\n|-sideend|p2: Dathluke|Reflect\n|upkeep\n|turn|9\n|\n|t:|1717903252\n|move|p2a: Grimmsnarl|Foul Play|p1a: Lunala\n|-supereffective|p1a: Lunala\n|-damage|p1a: Lunala|39\/100 par\n|move|p2b: Iron Hands|Wild Charge|p1a: Lunala\n|-damage|p1a: Lunala|1\/100 par\n|-damage|p2b: Iron Hands|47\/100|[from] Recoil\n|move|p1b: Iron Hands|Drain Punch|p2b: Iron Hands\n|-damage|p2b: Iron Hands|24\/100\n|-heal|p1b: Iron Hands|92\/100|[from] drain|[of] p2b: Iron Hands\n|move|p1a: Lunala|Will-O-Wisp|p2b: Iron Hands\n|-status|p2b: Iron Hands|brn\n|\n|-heal|p1a: Lunala|7\/100 par|[from] item: Leftovers\n|-damage|p2a: Grimmsnarl|59\/100 brn|[from] brn\n|-damage|p2b: Iron Hands|18\/100 brn|[from] brn\n|upkeep\n|turn|10\n|\n|t:|1717903269\n|move|p1a: Lunala|Protect|p1a: Lunala\n|-singleturn|p1a: Lunala|Protect\n|move|p2a: Grimmsnarl|Reflect|p2a: Grimmsnarl\n|-sidestart|p2: Dathluke|Reflect\n|move|p2b: Iron Hands|Wild Charge|p1a: Lunala\n|-activate|p1a: Lunala|move: Protect\n|move|p1b: Iron Hands|Drain Punch|p2a: Grimmsnarl\n|-damage|p2a: Grimmsnarl|39\/100 brn\n|-heal|p1b: Iron Hands|100\/100|[from] drain|[of] p2a: Grimmsnarl\n|\n|-heal|p1a: Lunala|13\/100 par|[from] item: Leftovers\n|-damage|p2a: Grimmsnarl|33\/100 brn|[from] brn\n|-damage|p2b: Iron Hands|12\/100 brn|[from] brn\n|-sideend|p2: Dathluke|move: Light Screen\n|upkeep\n|turn|11\n|\n|t:|1717903287\n|move|p2a: Grimmsnarl|Foul Play|p1a: Lunala\n|-supereffective|p1a: Lunala\n|-damage|p1a: Lunala|0 fnt\n|faint|p1a: Lunala\n|move|p2b: Iron Hands|Drain Punch|p1b: Iron Hands\n|-damage|p1b: Iron Hands|86\/100\n|-heal|p2b: Iron Hands|19\/100 brn|[from] drain|[of] p1b: Iron Hands\n|move|p1b: Iron Hands|Drain Punch|p2a: Grimmsnarl\n|-damage|p2a: Grimmsnarl|11\/100 brn\n|-heal|p1b: Iron Hands|95\/100|[from] drain|[of] p2a: Grimmsnarl\n|\n|-damage|p2a: Grimmsnarl|5\/100 brn|[from] brn\n|-damage|p2b: Iron Hands|13\/100 brn|[from] brn\n|upkeep\n|\n|t:|1717903289\n|switch|p1a: Entei|Entei, L50|100\/100\n|turn|12\n|\n|t:|1717903300\n|move|p1a: Entei|Extreme Speed|p2a: Grimmsnarl\n|-damage|p2a: Grimmsnarl|0 fnt\n|faint|p2a: Grimmsnarl\n|move|p2b: Iron Hands|Drain Punch|p1b: Iron Hands\n|-damage|p1b: Iron Hands|80\/100\n|-heal|p2b: Iron Hands|21\/100 brn|[from] drain|[of] p1b: Iron Hands\n|move|p1b: Iron Hands|Drain Punch|p2b: Iron Hands\n|-damage|p2b: Iron Hands|5\/100 brn\n|-heal|p1b: Iron Hands|88\/100|[from] drain|[of] p2b: Iron Hands\n|\n|-damage|p2b: Iron Hands|0 fnt|[from] brn\n|faint|p2b: Iron Hands\n|-end|p2b: Iron Hands|Quark Drive|[silent]\n|upkeep\n|\n|t:|1717903303\n|switch|p2b: Terapagos|Terapagos-Stellar, L50, M, tera:Stellar|100\/100\n|turn|13\n|\n|t:|1717903311\n|move|p2b: Terapagos|Tera Starstorm|p1b: Iron Hands|[spread] p1a,p1b\n|-damage|p1a: Entei|65\/100\n|-damage|p1b: Iron Hands|48\/100\n|move|p1a: Entei|Snarl|p2b: Terapagos\n|-damage|p2b: Terapagos|93\/100\n|-unboost|p2b: Terapagos|spa|1\n|move|p1b: Iron Hands|Drain Punch|p2b: Terapagos\n|-supereffective|p2b: Terapagos\n|-crit|p2b: Terapagos\n|-damage|p2b: Terapagos|16\/100\n|-heal|p1b: Iron Hands|84\/100|[from] drain|[of] p2b: Terapagos\n|\n|upkeep\n|turn|14\n|j| GyattDamnnm\n|\n|t:|1717903319\n|move|p2b: Terapagos|Tera Starstorm|p1b: Iron Hands|[spread] p1a,p1b\n|-damage|p1a: Entei|41\/100\n|-damage|p1b: Iron Hands|56\/100\n|move|p1a: Entei|Sacred Fire|p2b: Terapagos\n|-damage|p2b: Terapagos|0 fnt\n|faint|p2b: Terapagos\n|\n|win|Tempest brute\n|raw|Tempest brute's rating: 1729 &rarr; <strong>1751<\/strong><br \/>(+22 for winning)\n|raw|Dathluke's rating: 1758 &rarr; <strong>1736<\/strong><br \/>(-22 for losing)\n|l|\u2606Dathluke\n|player|p2|\n|l|\u2606Tempest brute\n|player|p1|\n|l| THUNDERSND77\n","uploadtime":1717903583,"views":105,"formatid":"gen9vgc2024regg","rating":1736,"private":0,"password":null}