{"id":"gen9vgc2024regg-2139464378","format":"[Gen 9] VGC 2024 Reg G","players":["xixing","phononmode"],"log":"|j|\u2606xixing\n|j|\u2606phononmode\n|t:|1717868349\n|gametype|doubles\n|player|p1|xixing|karen|1703\n|player|p2|phononmode|twins-gen4dp|1726\n|teamsize|p1|6\n|teamsize|p2|6\n|gen|9\n|tier|[Gen 9] VGC 2024 Reg G\n|rated|\n|rule|Species Clause: Limit one of each Pok\u00e9mon\n|rule|Item Clause: Limit one of each item\n|clearpoke\n|poke|p1|Calyrex-Ice, L50|\n|poke|p1|Indeedee-F, L50, F|\n|poke|p1|Ting-Lu, L50|\n|poke|p1|Cresselia, L50, F|\n|poke|p1|Incineroar, L50, M|\n|poke|p1|Torkoal, L50, F|\n|poke|p2|Ting-Lu, L50|\n|poke|p2|Calyrex-Ice, L50|\n|poke|p2|Rillaboom, L50, M|\n|poke|p2|Dondozo, L50, F|\n|poke|p2|Skeledirge, L50, M|\n|poke|p2|Grimmsnarl, L50, M|\n|teampreview|4\n|inactive|Battle timer is ON: inactive players will automatically lose when time's up. (requested by xixing)\nphononmode has agreed to open team sheets.\n|\n|t:|1717868373\n|start\n|switch|p1a: Cresselia|Cresselia, L50, F|100\/100\n|switch|p1b: Incineroar|Incineroar, L50, M, shiny|100\/100\n|switch|p2a: Calyrex|Calyrex-Ice, L50|100\/100\n|switch|p2b: Skeledirge|Skeledirge, L50, M|100\/100\n|-ability|p2a: Calyrex|As One\n|-ability|p2a: Calyrex|Unnerve\n|-ability|p1b: Incineroar|Intimidate|boost\n|-fail|p2a: Calyrex|unboost|[from] item: Clear Amulet|[of] p2a: Calyrex\n|-unboost|p2b: Skeledirge|atk|1\n|turn|1\n|\n|t:|1717868397\n|switch|p2b: Ting-Lu|Ting-Lu, L50|100\/100\n|-ability|p2b: Ting-Lu|Vessel of Ruin\n|-terastallize|p2a: Calyrex|Fire\n|move|p1a: Cresselia|Helping Hand|p1b: Incineroar\n|-singleturn|p1b: Incineroar|Helping Hand|[of] p1a: Cresselia\n|move|p1b: Incineroar|Flare Blitz|p2a: Calyrex\n|-resisted|p2a: Calyrex\n|-damage|p2a: Calyrex|73\/100\n|-damage|p1b: Incineroar|90\/100|[from] Recoil\n|move|p2a: Calyrex|Glacial Lance|p1b: Incineroar|[spread] p1a,p1b\n|-resisted|p1b: Incineroar\n|-damage|p1a: Cresselia|66\/100\n|-damage|p1b: Incineroar|62\/100\n|\n|upkeep\n|turn|2\n|\n|t:|1717868420\n|move|p1a: Cresselia|Helping Hand|p1b: Incineroar\n|-singleturn|p1b: Incineroar|Helping Hand|[of] p1a: Cresselia\n|move|p1b: Incineroar|Knock Off|p2a: Calyrex\n|-crit|p2a: Calyrex\n|-damage|p2a: Calyrex|2\/100\n|-enditem|p2a: Calyrex|Clear Amulet|[from] move: Knock Off|[of] p1b: Incineroar\n|move|p2a: Calyrex|Glacial Lance|p1a: Cresselia|[spread] p1a,p1b\n|-resisted|p1b: Incineroar\n|-damage|p1a: Cresselia|30\/100\n|-damage|p1b: Incineroar|33\/100\n|move|p2b: Ting-Lu|Stomping Tantrum|p1b: Incineroar\n|-supereffective|p1b: Incineroar\n|-damage|p1b: Incineroar|0 fnt\n|faint|p1b: Incineroar\n|\n|upkeep\n|\n|t:|1717868428\n|switch|p1b: Calyrex|Calyrex-Ice, L50|100\/100\n|-ability|p1b: Calyrex|As One\n|-ability|p1b: Calyrex|Unnerve\n|turn|3\n|\n|t:|1717868443\n|-terastallize|p1b: Calyrex|Grass\n|move|p2a: Calyrex|Glacial Lance|p1a: Cresselia|[spread] p1a,p1b\n|-supereffective|p1b: Calyrex\n|-damage|p1a: Cresselia|0 fnt\n|-damage|p1b: Calyrex|22\/100\n|faint|p1a: Cresselia\n|-ability|p2a: Calyrex|Chilling Neigh|boost\n|-boost|p2a: Calyrex|atk|1\n|move|p1b: Calyrex|Glacial Lance|p2a: Calyrex|[spread] p2a,p2b\n|-resisted|p2a: Calyrex\n|-supereffective|p2b: Ting-Lu\n|-damage|p2a: Calyrex|0 fnt\n|-damage|p2b: Ting-Lu|33\/100\n|faint|p2a: Calyrex\n|-ability|p1b: Calyrex|Chilling Neigh|boost\n|-boost|p1b: Calyrex|atk|1\n|move|p2b: Ting-Lu|Payback|p1b: Calyrex\n|-damage|p1b: Calyrex|0 fnt\n|faint|p1b: Calyrex\n|\n|upkeep\n|\n|t:|1717868457\n|switch|p1a: Torkoal|Torkoal, L50, F|100\/100\n|switch|p2a: Dondozo|Dondozo, L50, F|100\/100\n|-weather|SunnyDay|[from] ability: Drought|[of] p1a: Torkoal\n|turn|4\n|\n|t:|1717868466\n|move|p2b: Ting-Lu|Ruination|p1a: Torkoal\n|-damage|p1a: Torkoal|51\/100\n|move|p2a: Dondozo|Yawn|p1a: Torkoal\n|-start|p1a: Torkoal|move: Yawn|[of] p2a: Dondozo\n|move|p1a: Torkoal|Weather Ball|p2b: Ting-Lu\n|-damage|p2b: Ting-Lu|8\/100\n|\n|-weather|SunnyDay|[upkeep]\n|upkeep\n|turn|5\n|-message|xixing forfeited.\n|\n|win|phononmode\n|raw|xixing's rating: 1703 &rarr; <strong>1684<\/strong><br \/>(-19 for losing)\n|raw|phononmode's rating: 1726 &rarr; <strong>1745<\/strong><br \/>(+19 for winning)\n|l|\u2606phononmode\n|player|p2|\n|l|\u2606xixing\n|player|p1|\n","uploadtime":1717868676,"views":24,"formatid":"gen9vgc2024regg","rating":1684,"private":0,"password":null}