{"id":"gen9vgc2024regg-2139553347","format":"[Gen 9] VGC 2024 Reg G","players":["FBISurveillanceMan","AZUNA_Fan"],"log":"|j|\u2606FBISurveillanceMan\n|j|\u2606AZUNA_Fan\n|t:|1717879134\n|gametype|doubles\n|player|p1|FBISurveillanceMan|harlequin|1700\n|player|p2|AZUNA_Fan|dawn-gen4pt|1803\n|teamsize|p1|6\n|teamsize|p2|6\n|gen|9\n|tier|[Gen 9] VGC 2024 Reg G\n|rated|\n|rule|Species Clause: Limit one of each Pok\u00e9mon\n|rule|Item Clause: Limit one of each item\n|clearpoke\n|poke|p1|Rillaboom, L50, F|\n|poke|p1|Calyrex-Shadow, L50|\n|poke|p1|Urshifu-*, L50, M|\n|poke|p1|Incineroar, L50, F|\n|poke|p1|Ogerpon-Hearthflame, L50, F|\n|poke|p1|Raging Bolt, L50|\n|poke|p2|Urshifu-*, L50, F|\n|poke|p2|Iron Jugulis, L50|\n|poke|p2|Kyogre, L50|\n|poke|p2|Wo-Chien, L50|\n|poke|p2|Incineroar, L50, F|\n|poke|p2|Grimmsnarl, L50, M|\n|teampreview|4\n|inactive|Battle timer is ON: inactive players will automatically lose when time's up. (requested by AZUNA_Fan)\nFBISurveillanceMan has agreed to open team sheets.\n|inactive|FBISurveillanceMan has 60 seconds left.\n|inactive|AZUNA_Fan has 60 seconds left.\nAZUNA_Fan has agreed to open team sheets.\n|\n|t:|1717879187\n|start\n|switch|p1a: Rillaboom|Rillaboom, L50, F|100\/100\n|switch|p1b: Raging Bolt|Raging Bolt, L50|100\/100\n|switch|p2a: Iron Jugulis|Iron Jugulis, L50|100\/100\n|switch|p2b: Incineroar|Incineroar, L50, F|100\/100\n|-fieldstart|move: Grassy Terrain|[from] ability: Grassy Surge|[of] p1a: Rillaboom\n|-ability|p2b: Incineroar|Intimidate|boost\n|-unboost|p1a: Rillaboom|atk|1\n|-unboost|p1b: Raging Bolt|atk|1\n|-enditem|p2a: Iron Jugulis|Booster Energy\n|-activate|p2a: Iron Jugulis|ability: Quark Drive|[fromitem]\n|-start|p2a: Iron Jugulis|quarkdrivespe\n|-enditem|p1b: Raging Bolt|Booster Energy\n|-activate|p1b: Raging Bolt|ability: Protosynthesis|[fromitem]\n|-start|p1b: Raging Bolt|protosynthesisspa\n|turn|1\n|\n|t:|1717879208\n|move|p1a: Rillaboom|Fake Out|p2b: Incineroar\n|-crit|p2b: Incineroar\n|-damage|p2b: Incineroar|82\/100\n|move|p2a: Iron Jugulis|Snarl|p1a: Rillaboom|[spread] p1a,p1b\n|-damage|p1a: Rillaboom|85\/100\n|-damage|p1b: Raging Bolt|84\/100\n|-unboost|p1a: Rillaboom|spa|1\n|-unboost|p1b: Raging Bolt|spa|1\n|move|p1b: Raging Bolt|Thunderbolt|p2b: Incineroar\n|-damage|p2b: Incineroar|44\/100\n|cant|p2b: Incineroar|flinch\n|\n|-heal|p1a: Rillaboom|91\/100|[from] Grassy Terrain\n|-heal|p1b: Raging Bolt|90\/100|[from] Grassy Terrain\n|-heal|p2b: Incineroar|50\/100|[from] Grassy Terrain\n|upkeep\n|turn|2\n|inactive|AZUNA_Fan has 30 seconds left.\n|inactive|AZUNA_Fan has 20 seconds left.\n|inactive|AZUNA_Fan has 15 seconds left.\n|\n|t:|1717879249\n|move|p2a: Iron Jugulis|Tailwind|p2a: Iron Jugulis\n|-sidestart|p2: AZUNA_Fan|move: Tailwind\n|move|p2b: Incineroar|Will-O-Wisp|p1a: Rillaboom\n|-status|p1a: Rillaboom|brn\n|move|p1a: Rillaboom|U-turn|p2b: Incineroar\n|-damage|p2b: Incineroar|43\/100\n|j| camala 690420\n|\n|t:|1717879261\n|switch|p1a: Calyrex|Calyrex-Shadow, L50|100\/100|[from] U-turn\n|-ability|p1a: Calyrex|As One\n|-ability|p1a: Calyrex|Unnerve\n|move|p1b: Raging Bolt|Thunderbolt|p2a: Iron Jugulis\n|-supereffective|p2a: Iron Jugulis\n|-damage|p2a: Iron Jugulis|6\/100\n|\n|-heal|p2b: Incineroar|49\/100|[from] Grassy Terrain\n|-heal|p1b: Raging Bolt|97\/100|[from] Grassy Terrain\n|upkeep\n|turn|3\n|\n|t:|1717879286\n|-end|p1b: Raging Bolt|Protosynthesis|[silent]\n|switch|p1b: Rillaboom|Rillaboom, L50, F|91\/100 brn\n|-terastallize|p1a: Calyrex|Fairy\n|move|p2a: Iron Jugulis|Snarl|p1a: Calyrex|[spread] p1a,p1b\n|-resisted|p1a: Calyrex\n|-damage|p1a: Calyrex|92\/100\n|-damage|p1b: Rillaboom|77\/100 brn\n|-unboost|p1b: Rillaboom|spa|1\n|move|p1a: Calyrex|Calm Mind|p1a: Calyrex\n|-boost|p1a: Calyrex|spa|1\n|-boost|p1a: Calyrex|spd|1\n|move|p2b: Incineroar|Knock Off|p1a: Calyrex\n|-resisted|p1a: Calyrex\n|-damage|p1a: Calyrex|72\/100\n|-enditem|p1a: Calyrex|Covert Cloak|[from] move: Knock Off|[of] p2b: Incineroar\n|\n|-heal|p1a: Calyrex|78\/100|[from] Grassy Terrain\n|-heal|p2b: Incineroar|55\/100|[from] Grassy Terrain\n|-heal|p1b: Rillaboom|82\/100 brn|[from] Grassy Terrain\n|-damage|p1b: Rillaboom|77\/100 brn|[from] brn\n|upkeep\n|turn|4\n|\n|t:|1717879309\n|move|p2a: Iron Jugulis|Snarl|p1a: Calyrex|[spread] p1a\n|-miss|p2a: Iron Jugulis|p1b: Rillaboom\n|-resisted|p1a: Calyrex\n|-damage|p1a: Calyrex|73\/100\n|-unboost|p1a: Calyrex|spa|1\n|move|p1a: Calyrex|Calm Mind|p1a: Calyrex\n|-boost|p1a: Calyrex|spa|1\n|-boost|p1a: Calyrex|spd|1\n|move|p2b: Incineroar|Parting Shot|p1a: Calyrex\n|-unboost|p1a: Calyrex|atk|1\n|-unboost|p1a: Calyrex|spa|1\n|\n|t:|1717879328\n|switch|p2b: Kyogre|Kyogre, L50|100\/100|[from] Parting Shot\n|-weather|RainDance|[from] ability: Drizzle|[of] p2b: Kyogre\n|move|p1b: Rillaboom|U-turn|p2b: Kyogre\n|-damage|p2b: Kyogre|90\/100\n|\n|t:|1717879333\n|switch|p1b: Raging Bolt|Raging Bolt, L50|97\/100|[from] U-turn\n|\n|-weather|RainDance|[upkeep]\n|-heal|p2b: Kyogre|96\/100|[from] Grassy Terrain\n|-heal|p1a: Calyrex|79\/100|[from] Grassy Terrain\n|-heal|p1b: Raging Bolt|100\/100|[from] Grassy Terrain\n|upkeep\n|turn|5\n|inactive|AZUNA_Fan has 30 seconds left.\n|\n|t:|1717879366\n|move|p2a: Iron Jugulis|Snarl|p1b: Raging Bolt|[spread] p1a,p1b\n|-resisted|p1a: Calyrex\n|-damage|p1a: Calyrex|75\/100\n|-damage|p1b: Raging Bolt|86\/100\n|-unboost|p1a: Calyrex|spa|1\n|-unboost|p1b: Raging Bolt|spa|1\n|move|p2b: Kyogre|Ice Beam|p1b: Raging Bolt\n|-supereffective|p1b: Raging Bolt\n|-crit|p1b: Raging Bolt\n|-damage|p1b: Raging Bolt|0 fnt\n|faint|p1b: Raging Bolt\n|-end|p1b: Raging Bolt|Protosynthesis|[silent]\n|move|p1a: Calyrex|Calm Mind|p1a: Calyrex\n|-boost|p1a: Calyrex|spa|1\n|-boost|p1a: Calyrex|spd|1\n|\n|-weather|RainDance|[upkeep]\n|-heal|p2b: Kyogre|100\/100|[from] Grassy Terrain\n|-heal|p1a: Calyrex|81\/100|[from] Grassy Terrain\n|-sideend|p2: AZUNA_Fan|move: Tailwind\n|-fieldend|move: Grassy Terrain\n|upkeep\n|\n|t:|1717879373\n|switch|p1b: Urshifu|Urshifu-Rapid-Strike, L50, M|100\/100\n|turn|6\n|\n|t:|1717879389\n|move|p1b: Urshifu|Aqua Jet|p2a: Iron Jugulis\n|-damage|p2a: Iron Jugulis|0 fnt\n|faint|p2a: Iron Jugulis\n|-end|p2a: Iron Jugulis|Quark Drive|[silent]\n|move|p1a: Calyrex|Calm Mind|p1a: Calyrex\n|-boost|p1a: Calyrex|spa|1\n|-boost|p1a: Calyrex|spd|1\n|move|p2b: Kyogre|Thunder|p1b: Urshifu\n|-supereffective|p1b: Urshifu\n|-enditem|p1b: Urshifu|Focus Sash\n|-damage|p1b: Urshifu|1\/100\n|\n|-weather|RainDance|[upkeep]\n|upkeep\n|\n|t:|1717879403\n|switch|p2a: Urshifu|Urshifu-Rapid-Strike, L50, F|100\/100\n|turn|7\n|\n|t:|1717879420\n|switch|p1a: Rillaboom|Rillaboom, L50, F|77\/100 brn\n|-fieldstart|move: Grassy Terrain|[from] ability: Grassy Surge|[of] p1a: Rillaboom\n|move|p2a: Urshifu|Surging Strikes|p1a: Rillaboom\n|-resisted|p1a: Rillaboom\n|-crit|p1a: Rillaboom\n|-damage|p1a: Rillaboom|62\/100 brn\n|-resisted|p1a: Rillaboom\n|-crit|p1a: Rillaboom\n|-damage|p1a: Rillaboom|47\/100 brn\n|-resisted|p1a: Rillaboom\n|-crit|p1a: Rillaboom\n|-damage|p1a: Rillaboom|33\/100 brn\n|-hitcount|p1a: Rillaboom|3\n|move|p1b: Urshifu|Close Combat|p2a: Urshifu\n|-damage|p2a: Urshifu|32\/100\n|-unboost|p1b: Urshifu|def|1\n|-unboost|p1b: Urshifu|spd|1\n|move|p2b: Kyogre|Water Spout|p1a: Rillaboom|[spread] p1a,p1b\n|-resisted|p1a: Rillaboom\n|-resisted|p1b: Urshifu\n|-damage|p1a: Rillaboom|0 fnt\n|-damage|p1b: Urshifu|0 fnt\n|faint|p1a: Rillaboom\n|faint|p1b: Urshifu\n|\n|-weather|RainDance|[upkeep]\n|-heal|p2a: Urshifu|39\/100|[from] Grassy Terrain\n|upkeep\n|\n|t:|1717879426\n|switch|p1b: Calyrex|Calyrex-Shadow, L50, tera:Fairy|81\/100\n|-ability|p1b: Calyrex|As One\n|-ability|p1b: Calyrex|Unnerve\n|turn|8\n|inactive|AZUNA_Fan has 30 seconds left.\n|\n|t:|1717879457\n|move|p2a: Urshifu|Surging Strikes|p1b: Calyrex\n|-crit|p1b: Calyrex\n|-damage|p1b: Calyrex|50\/100\n|-crit|p1b: Calyrex\n|-damage|p1b: Calyrex|20\/100\n|-crit|p1b: Calyrex\n|-damage|p1b: Calyrex|0 fnt\n|faint|p1b: Calyrex\n|-hitcount|p1: Calyrex|3\n|\n|win|AZUNA_Fan\n|raw|FBISurveillanceMan's rating: 1700 &rarr; <strong>1686<\/strong><br \/>(-14 for losing)\n|raw|AZUNA_Fan's rating: 1803 &rarr; <strong>1817<\/strong><br \/>(+14 for winning)\n|l| camala 690420\n","uploadtime":1717879643,"views":15,"formatid":"gen9vgc2024regg","rating":1686,"private":0,"password":null}