{"id":"gen9vgc2024regg-2139432236","format":"[Gen 9] VGC 2024 Reg G","players":["cicibi","nsbnsb"],"log":"|j|\u2606cicibi\n|j|\u2606nsbnsb\n|t:|1717864569\n|gametype|doubles\n|player|p1|cicibi|cilan|1792\n|player|p2|nsbnsb|n|1717\n|teamsize|p1|6\n|teamsize|p2|6\n|gen|9\n|tier|[Gen 9] VGC 2024 Reg G\n|rated|\n|rule|Species Clause: Limit one of each Pok\u00e9mon\n|rule|Item Clause: Limit one of each item\n|clearpoke\n|poke|p1|Koraidon, L50|\n|poke|p1|Ogerpon-Hearthflame, L50, F|\n|poke|p1|Flutter Mane, L50|\n|poke|p1|Chien-Pao, L50|\n|poke|p1|Ditto, L50|\n|poke|p1|Garganacl, L50, F|\n|poke|p2|Calyrex-Shadow, L50|\n|poke|p2|Indeedee-F, L50, F|\n|poke|p2|Tornadus, L50, M|\n|poke|p2|Chi-Yu, L50|\n|poke|p2|Mienshao, L50, F|\n|poke|p2|Urshifu-*, L50, M|\n|teampreview|4\n|inactive|Battle timer is ON: inactive players will automatically lose when time's up. (requested by nsbnsb)\n|inactive|cicibi has 60 seconds left.\n|\n|t:|1717864612\n|start\n|switch|p1a: Garganacl|Garganacl, L50, F|100\/100\n|switch|p1b: Flutter Mane|Flutter Mane, L50|100\/100\n|switch|p2a: Tornadus|Tornadus, L50, M|100\/100\n|switch|p2b: Chi-Yu|Chi-Yu, L50|100\/100\n|-ability|p2b: Chi-Yu|Beads of Ruin\n|-enditem|p1b: Flutter Mane|Booster Energy\n|-activate|p1b: Flutter Mane|ability: Protosynthesis|[fromitem]\n|-start|p1b: Flutter Mane|protosynthesisspe\n|turn|1\n|\n|t:|1717864631\n|move|p1b: Flutter Mane|Protect|p1b: Flutter Mane\n|-singleturn|p1b: Flutter Mane|Protect\n|move|p2a: Tornadus|Sunny Day|p2a: Tornadus\n|-weather|SunnyDay\n|move|p2b: Chi-Yu|Overheat|p1a: Garganacl\n|-resisted|p1a: Garganacl\n|-damage|p1a: Garganacl|9\/100\n|-unboost|p2b: Chi-Yu|spa|2\n|move|p1a: Garganacl|Salt Cure|p2a: Tornadus\n|-supereffective|p2a: Tornadus\n|-damage|p2a: Tornadus|73\/100\n|\n|-weather|SunnyDay|[upkeep]\n|upkeep\n|turn|2\n|inactive|cicibi has 30 seconds left.\n|inactive|cicibi has 20 seconds left.\n|inactive|cicibi has 15 seconds left.\n|inactive|cicibi has 10 seconds left.\n|\n|t:|1717864680\n|switch|p1a: Ditto|Ditto, L50|100\/100\n|-transform|p1a: Ditto|p2b: Chi-Yu|[from] ability: Imposter\n|-ability|p1a: Ditto|Beads of Ruin\n|move|p2a: Tornadus|Tailwind|p2a: Tornadus\n|-sidestart|p2: nsbnsb|move: Tailwind\n|move|p2b: Chi-Yu|Overheat|p1b: Flutter Mane|[miss]\n|-miss|p2b: Chi-Yu|p1b: Flutter Mane\n|move|p1b: Flutter Mane|Moonblast|p2a: Tornadus\n|-damage|p2a: Tornadus|16\/100\n|\n|-weather|SunnyDay|[upkeep]\n|upkeep\n|turn|3\n|inactive|cicibi has 30 seconds left.\n|\n|t:|1717864707\n|move|p1b: Flutter Mane|Protect|p1b: Flutter Mane\n|-singleturn|p1b: Flutter Mane|Protect\n|move|p2b: Chi-Yu|Overheat|p1b: Flutter Mane\n|-activate|p1b: Flutter Mane|move: Protect\n|move|p2a: Tornadus|Bleakwind Storm|p1b: Flutter Mane|[spread] p1a\n|-activate|p1b: Flutter Mane|move: Protect\n|-damage|p1a: Ditto|71\/100\n|move|p1a: Ditto|Snarl|p2a: Tornadus|[spread] p2a,p2b\n|-resisted|p2b: Chi-Yu\n|-damage|p2a: Tornadus|0 fnt\n|-damage|p2b: Chi-Yu|94\/100\n|-unboost|p2b: Chi-Yu|spa|1\n|faint|p2a: Tornadus\n|\n|-weather|SunnyDay|[upkeep]\n|upkeep\n|\n|t:|1717864711\n|switch|p2a: Calyrex|Calyrex-Shadow, L50|100\/100\n|-ability|p2a: Calyrex|As One\n|-ability|p2a: Calyrex|Unnerve\n|turn|4\n|inactive|cicibi has 30 seconds left.\n|j| bluestraggler01\n|\n|t:|1717864745\n|-end|p1b: Flutter Mane|Protosynthesis|[silent]\n|switch|p1b: Garganacl|Garganacl, L50, F|9\/100\n|-terastallize|p2a: Calyrex|Fairy\n|move|p2a: Calyrex|Astral Barrage|p1b: Garganacl|[spread] p1a,p1b\n|-resisted|p1a: Ditto\n|-damage|p1a: Ditto|36\/100\n|-damage|p1b: Garganacl|0 fnt\n|faint|p1b: Garganacl\n|-ability|p2a: Calyrex|Grim Neigh|boost\n|-boost|p2a: Calyrex|spa|1\n|-damage|p2a: Calyrex|91\/100|[from] item: Life Orb\n|move|p2b: Chi-Yu|Overheat|p1a: Ditto\n|-resisted|p1a: Ditto\n|-damage|p1a: Ditto|0 fnt\n|-unboost|p2b: Chi-Yu|spa|2\n|faint|p1a: Ditto\n|\n|-weather|SunnyDay|[upkeep]\n|upkeep\n|\n|t:|1717864767\n|switch|p1a: Flutter Mane|Flutter Mane, L50|100\/100\n|switch|p1b: Koraidon|Koraidon, L50|100\/100\n|-activate|p1a: Flutter Mane|ability: Protosynthesis\n|-start|p1a: Flutter Mane|protosynthesisspe\n|-activate|p1b: Koraidon|ability: Orichalcum Pulse\n|turn|5\n|\n|t:|1717864776\n|switch|p2b: Indeedee|Indeedee-F, L50, F|100\/100\n|-fieldstart|move: Psychic Terrain|[from] ability: Psychic Surge|[of] p2b: Indeedee\n|move|p1a: Flutter Mane|Protect|p1a: Flutter Mane\n|-singleturn|p1a: Flutter Mane|Protect\n|move|p1b: Koraidon|Protect|p1b: Koraidon\n|-singleturn|p1b: Koraidon|Protect\n|move|p2a: Calyrex|Astral Barrage|p1b: Koraidon|[spread] \n|-activate|p1a: Flutter Mane|move: Protect\n|-activate|p1b: Koraidon|move: Protect\n|\n|-weather|none\n|-end|p1a: Flutter Mane|Protosynthesis\n|-sideend|p2: nsbnsb|move: Tailwind\n|upkeep\n|turn|6\n|j| vanthoci\n|inactive|cicibi has 30 seconds left.\n|inactive|cicibi has 20 seconds left.\n|inactive|cicibi has 15 seconds left.\n|\n|t:|1717864817\n|-terastallize|p1a: Flutter Mane|Fairy\n|move|p2b: Indeedee|Follow Me|p2b: Indeedee\n|-singleturn|p2b: Indeedee|move: Follow Me\n|move|p2a: Calyrex|Astral Barrage|p1a: Flutter Mane|[spread] p1a,p1b\n|-damage|p1a: Flutter Mane|8\/100\n|-damage|p1b: Koraidon|5\/100\n|-damage|p2a: Calyrex|81\/100|[from] item: Life Orb\n|move|p1a: Flutter Mane|Moonblast|p2b: Indeedee\n|-crit|p2b: Indeedee\n|-damage|p2b: Indeedee|18\/100\n|move|p1b: Koraidon|Flame Charge|p2b: Indeedee\n|-damage|p2b: Indeedee|0 fnt\n|-boost|p1b: Koraidon|spe|1\n|-damage|p1b: Koraidon|0 fnt|[from] item: Rocky Helmet|[of] p2b: Indeedee\n|faint|p2b: Indeedee\n|faint|p1b: Koraidon\n|\n|upkeep\n|\n|t:|1717864825\n|switch|p2b: Chi-Yu|Chi-Yu, L50|94\/100\n|-ability|p2b: Chi-Yu|Beads of Ruin\n|turn|7\n|\n|t:|1717864843\n|move|p2a: Calyrex|Expanding Force|p1a: Flutter Mane\n|-damage|p1a: Flutter Mane|0 fnt\n|faint|p1a: Flutter Mane\n|-end|p1a: Flutter Mane|Protosynthesis|[silent]\n|-damage|p2a: Calyrex|71\/100|[from] item: Life Orb\n|\n|win|nsbnsb\n|raw|cicibi's rating: 1792 &rarr; <strong>1768<\/strong><br \/>(-24 for losing)\n|raw|nsbnsb's rating: 1717 &rarr; <strong>1741<\/strong><br \/>(+24 for winning)\n|l|\u2606cicibi\n|player|p1|\n|l|\u2606nsbnsb\n|player|p2|\n|l| vanthoci\n|l| bluestraggler01\n","uploadtime":1717865080,"views":35,"formatid":"gen9vgc2024regg","rating":1741,"private":0,"password":null}