{"id":"gen9vgc2024regg-2139701420","format":"[Gen 9] VGC 2024 Reg G","players":["Robert1211","Tempest brute"],"log":"|j|\u2606Robert1211\n|j|\u2606Tempest brute\n|t:|1717899245\n|gametype|doubles\n|player|p1|Robert1211|102|1716\n|player|p2|Tempest brute|101|1828\n|teamsize|p1|6\n|teamsize|p2|6\n|gen|9\n|tier|[Gen 9] VGC 2024 Reg G\n|rated|\n|rule|Species Clause: Limit one of each Pok\u00e9mon\n|rule|Item Clause: Limit one of each item\n|clearpoke\n|poke|p1|Zamazenta-*, L50|\n|poke|p1|Ting-Lu, L50|\n|poke|p1|Flutter Mane, L50|\n|poke|p1|Incineroar, L50, M|\n|poke|p1|Raging Bolt, L50|\n|poke|p1|Primarina, L50, F|\n|poke|p2|Lunala, L50|\n|poke|p2|Roaring Moon, L50|\n|poke|p2|Entei, L50|\n|poke|p2|Ogerpon-Wellspring, L50, F|\n|poke|p2|Iron Hands, L50|\n|poke|p2|Ursaluna-Bloodmoon, L50, M|\n|teampreview|4\n|\n|t:|1717899267\n|start\n|switch|p1a: Primarina|Primarina, L50, F|100\/100\n|switch|p1b: Ting-Lu|Ting-Lu, L50|100\/100\n|switch|p2a: Lunala|Lunala, L50|100\/100\n|switch|p2b: Entei|Entei, L50|100\/100\n|-ability|p1b: Ting-Lu|Vessel of Ruin\n|turn|1\n|j| GyattDamnnm\n|\n|t:|1717899301\n|move|p2b: Entei|Snarl|p1a: Primarina|[spread] p1a,p1b\n|-resisted|p1a: Primarina\n|-resisted|p1b: Ting-Lu\n|-damage|p1a: Primarina|98\/100\n|-damage|p1b: Ting-Lu|99\/100\n|-unboost|p1a: Primarina|spa|1\n|-unboost|p1b: Ting-Lu|spa|1\n|-enditem|p1a: Primarina|Maranga Berry|[eat]\n|-boost|p1a: Primarina|spd|1|[from] item: Maranga Berry\n|move|p2a: Lunala|Will-O-Wisp|p1b: Ting-Lu\n|-status|p1b: Ting-Lu|brn\n|move|p1a: Primarina|Calm Mind|p1a: Primarina\n|-boost|p1a: Primarina|spa|1\n|-boost|p1a: Primarina|spd|1\n|move|p1b: Ting-Lu|Snarl|p2b: Entei|[spread] p2a,p2b\n|-supereffective|p2a: Lunala\n|-damage|p2a: Lunala|95\/100\n|-damage|p2b: Entei|98\/100\n|-unboost|p2a: Lunala|spa|1\n|-unboost|p2b: Entei|spa|1\n|\n|-heal|p2a: Lunala|100\/100|[from] item: Leftovers\n|-damage|p1b: Ting-Lu|93\/100 brn|[from] brn\n|upkeep\n|turn|2\n|\n|t:|1717899322\n|move|p2b: Entei|Snarl|p1a: Primarina|[spread] p1a,p1b\n|-resisted|p1a: Primarina\n|-resisted|p1b: Ting-Lu\n|-damage|p1a: Primarina|98\/100\n|-damage|p1b: Ting-Lu|93\/100 brn\n|-unboost|p1a: Primarina|spa|1\n|-unboost|p1b: Ting-Lu|spa|1\n|move|p2a: Lunala|Will-O-Wisp|p1a: Primarina|[miss]\n|-miss|p2a: Lunala|p1a: Primarina\n|move|p1a: Primarina|Calm Mind|p1a: Primarina\n|-boost|p1a: Primarina|spa|1\n|-boost|p1a: Primarina|spd|1\n|move|p1b: Ting-Lu|Lash Out|p2a: Lunala\n|-supereffective|p2a: Lunala\n|-damage|p2a: Lunala|52\/100\n|\n|-heal|p2a: Lunala|58\/100|[from] item: Leftovers\n|-damage|p1b: Ting-Lu|87\/100 brn|[from] brn\n|upkeep\n|turn|3\n|\n|t:|1717899340\n|move|p2b: Entei|Snarl|p1a: Primarina|[spread] p1a,p1b\n|-resisted|p1a: Primarina\n|-resisted|p1b: Ting-Lu\n|-damage|p1a: Primarina|97\/100\n|-damage|p1b: Ting-Lu|86\/100 brn\n|-unboost|p1a: Primarina|spa|1\n|-unboost|p1b: Ting-Lu|spa|1\n|move|p2a: Lunala|Moonlight|p2a: Lunala\n|-heal|p2a: Lunala|100\/100\n|move|p1a: Primarina|Calm Mind|p1a: Primarina\n|-boost|p1a: Primarina|spa|1\n|-boost|p1a: Primarina|spd|1\n|move|p1b: Ting-Lu|Lash Out|p2a: Lunala\n|-supereffective|p2a: Lunala\n|-damage|p2a: Lunala|49\/100\n|\n|-heal|p2a: Lunala|55\/100|[from] item: Leftovers\n|-damage|p1b: Ting-Lu|80\/100 brn|[from] brn\n|upkeep\n|turn|4\n|\n|t:|1717899370\n|switch|p2a: Ogerpon|Ogerpon-Wellspring, L50, F|100\/100\n|move|p2b: Entei|Snarl|p1a: Primarina|[spread] p1a,p1b\n|-resisted|p1a: Primarina\n|-resisted|p1b: Ting-Lu\n|-damage|p1a: Primarina|97\/100\n|-damage|p1b: Ting-Lu|79\/100 brn\n|-unboost|p1a: Primarina|spa|1\n|-unboost|p1b: Ting-Lu|spa|1\n|move|p1a: Primarina|Calm Mind|p1a: Primarina\n|-boost|p1a: Primarina|spa|1\n|-boost|p1a: Primarina|spd|1\n|move|p1b: Ting-Lu|Lash Out|p2a: Ogerpon\n|-damage|p2a: Ogerpon|65\/100\n|\n|-damage|p1b: Ting-Lu|73\/100 brn|[from] brn\n|upkeep\n|turn|5\n|\n|t:|1717899396\n|switch|p1b: Zamazenta|Zamazenta-Crowned, L50|100\/100\n|-ability|p1b: Zamazenta|Dauntless Shield|boost\n|-boost|p1b: Zamazenta|def|1\n|move|p1a: Primarina|Protect|p1a: Primarina\n|-singleturn|p1a: Primarina|Protect\n|move|p2a: Ogerpon|Swords Dance|p2a: Ogerpon\n|-boost|p2a: Ogerpon|atk|2\n|move|p2b: Entei|Snarl|p1a: Primarina|[spread] p1b\n|-activate|p1a: Primarina|move: Protect\n|-resisted|p1b: Zamazenta\n|-damage|p1b: Zamazenta|99\/100\n|-unboost|p1b: Zamazenta|spa|1\n|\n|upkeep\n|turn|6\n|\n|t:|1717899411\n|switch|p2b: Lunala|Lunala, L50|55\/100\n|move|p2a: Ogerpon|Spiky Shield|p2a: Ogerpon\n|-singleturn|p2a: Ogerpon|move: Protect\n|move|p1b: Zamazenta|Body Press|p2a: Ogerpon\n|-activate|p2a: Ogerpon|move: Protect\n|-damage|p1b: Zamazenta|87\/100|[from] Spiky Shield|[of] p2a: Ogerpon\n|move|p1a: Primarina|Hyper Voice|p2a: Ogerpon|[spread] p2b\n|-activate|p2a: Ogerpon|move: Protect\n|-damage|p2b: Lunala|35\/100\n|\n|-heal|p2b: Lunala|41\/100|[from] item: Leftovers\n|upkeep\n|turn|7\n|j| Potato38683\n|\n|t:|1717899431\n|move|p1b: Zamazenta|Body Press|p2a: Ogerpon\n|-damage|p2a: Ogerpon|0 fnt\n|faint|p2a: Ogerpon\n|move|p2b: Lunala|Moonlight|p2b: Lunala\n|-heal|p2b: Lunala|91\/100\n|move|p1a: Primarina|Hyper Voice|p2b: Lunala\n|-damage|p2b: Lunala|61\/100\n|\n|-heal|p2b: Lunala|67\/100|[from] item: Leftovers\n|upkeep\n|\n|t:|1717899435\n|switch|p2a: Iron Hands|Iron Hands, L50|100\/100\n|turn|8\n|\n|t:|1717899453\n|move|p1a: Primarina|Protect|p1a: Primarina\n|-singleturn|p1a: Primarina|Protect\n|move|p2a: Iron Hands|Fake Out|p1a: Primarina\n|-activate|p1a: Primarina|move: Protect\n|move|p1b: Zamazenta|Iron Defense|p1b: Zamazenta\n|-boost|p1b: Zamazenta|def|2\n|move|p2b: Lunala|Will-O-Wisp|p1b: Zamazenta\n|-status|p1b: Zamazenta|brn\n|\n|-heal|p2b: Lunala|73\/100|[from] item: Leftovers\n|-damage|p1b: Zamazenta|81\/100 brn|[from] brn\n|upkeep\n|turn|9\n|\n|t:|1717899475\n|switch|p1a: Incineroar|Incineroar, L50, M|100\/100\n|-ability|p1a: Incineroar|Intimidate|boost\n|-unboost|p2a: Iron Hands|atk|1\n|-unboost|p2b: Lunala|atk|1\n|move|p1b: Zamazenta|Body Press|p2a: Iron Hands\n|-damage|p2a: Iron Hands|66\/100\n|move|p2b: Lunala|Moonlight|p2b: Lunala\n|-heal|p2b: Lunala|100\/100\n|move|p2a: Iron Hands|Wild Charge|p1a: Incineroar\n|-damage|p1a: Incineroar|78\/100\n|-damage|p2a: Iron Hands|62\/100|[from] Recoil\n|\n|-damage|p1b: Zamazenta|75\/100 brn|[from] brn\n|upkeep\n|turn|10\n|\n|t:|1717899498\n|-terastallize|p2b: Lunala|Water\n|move|p1a: Incineroar|Fake Out|p2a: Iron Hands\n|-damage|p2a: Iron Hands|54\/100\n|move|p1b: Zamazenta|Iron Defense|p1b: Zamazenta\n|-boost|p1b: Zamazenta|def|2\n|move|p2b: Lunala|Moongeist Beam|p1b: Zamazenta\n|-damage|p1b: Zamazenta|44\/100 brn\n|cant|p2a: Iron Hands|flinch\n|\n|-damage|p1b: Zamazenta|38\/100 brn|[from] brn\n|upkeep\n|turn|11\n|\n|t:|1717899515\n|move|p1b: Zamazenta|Body Press|p2a: Iron Hands\n|-damage|p2a: Iron Hands|7\/100\n|-enditem|p2a: Iron Hands|Iapapa Berry|[eat]\n|-heal|p2a: Iron Hands|40\/100|[from] item: Iapapa Berry\n|move|p2b: Lunala|Moongeist Beam|p1b: Zamazenta\n|-damage|p1b: Zamazenta|5\/100 brn\n|move|p1a: Incineroar|Knock Off|p2b: Lunala\n|-crit|p2b: Lunala\n|-damage|p2b: Lunala|80\/100\n|-enditem|p2b: Lunala|Leftovers|[from] move: Knock Off|[of] p1a: Incineroar\n|move|p2a: Iron Hands|Drain Punch|p1a: Incineroar\n|-supereffective|p1a: Incineroar\n|-damage|p1a: Incineroar|42\/100\n|-heal|p2a: Iron Hands|55\/100|[from] drain|[of] p1a: Incineroar\n|-enditem|p1a: Incineroar|Sitrus Berry|[eat]\n|-heal|p1a: Incineroar|66\/100|[from] item: Sitrus Berry\n|\n|-damage|p1b: Zamazenta|0 fnt|[from] brn\n|faint|p1b: Zamazenta\n|upkeep\n|\n|t:|1717899538\n|switch|p1b: Primarina|Primarina, L50, F|97\/100\n|turn|12\n|\n|t:|1717899559\n|-end|p2a: Iron Hands|Quark Drive|[silent]\n|switch|p2a: Entei|Entei, L50|98\/100\n|-terastallize|p1b: Primarina|Normal\n|move|p2b: Lunala|Will-O-Wisp|p1b: Primarina\n|-status|p1b: Primarina|brn\n|move|p1b: Primarina|Moonblast|p2a: Entei\n|-resisted|p2a: Entei\n|-damage|p2a: Entei|85\/100\n|move|p1a: Incineroar|Will-O-Wisp|p2a: Entei\n|-immune|p2a: Entei\n|\n|-damage|p1b: Primarina|91\/100 brn|[from] brn\n|upkeep\n|turn|13\n|\n|t:|1717899580\n|move|p2a: Entei|Stomping Tantrum|p1a: Incineroar\n|-supereffective|p1a: Incineroar\n|-damage|p1a: Incineroar|32\/100\n|move|p2b: Lunala|Moongeist Beam|p1a: Incineroar\n|-resisted|p1a: Incineroar\n|-damage|p1a: Incineroar|11\/100\n|move|p1b: Primarina|Hyper Voice|p2a: Entei|[spread] p2a,p2b\n|-supereffective|p2a: Entei\n|-resisted|p2b: Lunala\n|-damage|p2a: Entei|49\/100\n|-damage|p2b: Lunala|69\/100\n|move|p1a: Incineroar|Knock Off|p2a: Entei\n|-damage|p2a: Entei|9\/100\n|-enditem|p2a: Entei|Assault Vest|[from] move: Knock Off|[of] p1a: Incineroar\n|\n|-damage|p1b: Primarina|85\/100 brn|[from] brn\n|upkeep\n|turn|14\n|l| Potato38683\n|\n|t:|1717899601\n|switch|p1a: Ting-Lu|Ting-Lu, L50|73\/100 brn\n|-ability|p1a: Ting-Lu|Vessel of Ruin\n|move|p2a: Entei|Sacred Fire|p1a: Ting-Lu\n|-damage|p1a: Ting-Lu|45\/100 brn\n|move|p2b: Lunala|Moonlight|p2b: Lunala\n|-heal|p2b: Lunala|100\/100\n|move|p1b: Primarina|Calm Mind|p1b: Primarina\n|-boost|p1b: Primarina|spa|1\n|-boost|p1b: Primarina|spd|1\n|\n|-damage|p1b: Primarina|79\/100 brn|[from] brn\n|-damage|p1a: Ting-Lu|39\/100 brn|[from] brn\n|upkeep\n|turn|15\n|\n|t:|1717899623\n|move|p2a: Entei|Sacred Fire|p1a: Ting-Lu\n|-damage|p1a: Ting-Lu|14\/100 brn\n|move|p2b: Lunala|Moongeist Beam|p1a: Ting-Lu\n|-resisted|p1a: Ting-Lu\n|-damage|p1a: Ting-Lu|6\/100 brn\n|move|p1b: Primarina|Hyper Voice|p2a: Entei|[spread] p2a,p2b\n|-supereffective|p2a: Entei\n|-resisted|p2b: Lunala\n|-damage|p2a: Entei|0 fnt\n|-damage|p2b: Lunala|95\/100\n|faint|p2a: Entei\n|move|p1a: Ting-Lu|Snarl|p2b: Lunala\n|-damage|p2b: Lunala|89\/100\n|-unboost|p2b: Lunala|spa|1\n|\n|-damage|p1b: Primarina|73\/100 brn|[from] brn\n|-damage|p1a: Ting-Lu|0 fnt|[from] brn\n|faint|p1a: Ting-Lu\n|upkeep\n|\n|t:|1717899640\n|switch|p2a: Iron Hands|Iron Hands, L50|55\/100\n|switch|p1a: Incineroar|Incineroar, L50, M|11\/100\n|-ability|p1a: Incineroar|Intimidate|boost\n|-unboost|p2a: Iron Hands|atk|1\n|-unboost|p2b: Lunala|atk|1\n|turn|16\n|\n|t:|1717899657\n|move|p1a: Incineroar|Fake Out|p2a: Iron Hands\n|-damage|p2a: Iron Hands|48\/100\n|cant|p2a: Iron Hands|flinch\n|move|p2b: Lunala|Moongeist Beam|p1a: Incineroar\n|-resisted|p1a: Incineroar\n|-damage|p1a: Incineroar|0 fnt\n|faint|p1a: Incineroar\n|move|p1b: Primarina|Moonblast|p2a: Iron Hands\n|-supereffective|p2a: Iron Hands\n|-damage|p2a: Iron Hands|0 fnt\n|faint|p2a: Iron Hands\n|-end|p2a: Iron Hands|Quark Drive|[silent]\n|\n|-damage|p1b: Primarina|67\/100 brn|[from] brn\n|upkeep\n|turn|17\n|inactive|Battle timer is ON: inactive players will automatically lose when time's up. (requested by Robert1211)\n|\n|t:|1717899694\n|move|p2b: Lunala|Will-O-Wisp|p1b: Primarina\n|-fail|p1b: Primarina|brn\n|move|p1b: Primarina|Calm Mind|p1b: Primarina\n|-boost|p1b: Primarina|spa|1\n|-boost|p1b: Primarina|spd|1\n|\n|-damage|p1b: Primarina|61\/100 brn|[from] brn\n|upkeep\n|turn|18\n|\n|t:|1717899702\n|move|p2b: Lunala|Will-O-Wisp|p1b: Primarina\n|-fail|p1b: Primarina|brn\n|move|p1b: Primarina|Calm Mind|p1b: Primarina\n|-boost|p1b: Primarina|spa|1\n|-boost|p1b: Primarina|spd|1\n|\n|-damage|p1b: Primarina|56\/100 brn|[from] brn\n|upkeep\n|turn|19\n|\n|t:|1717899709\n|move|p2b: Lunala|Moonlight|p2b: Lunala\n|-heal|p2b: Lunala|100\/100\n|move|p1b: Primarina|Calm Mind|p1b: Primarina\n|-boost|p1b: Primarina|spa|1\n|-boost|p1b: Primarina|spd|1\n|\n|-damage|p1b: Primarina|50\/100 brn|[from] brn\n|upkeep\n|turn|20\n|inactive|Tempest brute has 30 seconds left.\n|\n|t:|1717899737\n|move|p2b: Lunala|Protect|p2b: Lunala\n|-singleturn|p2b: Lunala|Protect\n|move|p1b: Primarina|Calm Mind|p1b: Primarina\n|-boost|p1b: Primarina|spa|1\n|-boost|p1b: Primarina|spd|1\n|\n|-damage|p1b: Primarina|44\/100 brn|[from] brn\n|upkeep\n|turn|21\n|\n|t:|1717899746\n|move|p2b: Lunala|Protect|p2b: Lunala\n|-singleturn|p2b: Lunala|Protect\n|move|p1b: Primarina|Moonblast|p2b: Lunala\n|-activate|p2b: Lunala|move: Protect\n|\n|-damage|p1b: Primarina|38\/100 brn|[from] brn\n|upkeep\n|turn|22\n|\n|t:|1717899754\n|move|p2b: Lunala|Protect||[still]\n|-fail|p2b: Lunala\n|move|p1b: Primarina|Moonblast|p2b: Lunala\n|-damage|p2b: Lunala|46\/100\n|\n|-damage|p1b: Primarina|32\/100 brn|[from] brn\n|upkeep\n|turn|23\n|\n|t:|1717899770\n|move|p2b: Lunala|Moonlight|p2b: Lunala\n|-heal|p2b: Lunala|96\/100\n|move|p1b: Primarina|Moonblast|p2b: Lunala\n|-damage|p2b: Lunala|0 fnt\n|faint|p2b: Lunala\n|\n|win|Robert1211\n|raw|Robert1211's rating: 1716 &rarr; <strong>1742<\/strong><br \/>(+26 for winning)\n|raw|Tempest brute's rating: 1828 &rarr; <strong>1802<\/strong><br \/>(-26 for losing)\n|l|\u2606Tempest brute\n|player|p2|\n|l|\u2606Robert1211\n|player|p1|\n|l| GyattDamnnm\n","uploadtime":1717899979,"views":59,"formatid":"gen9vgc2024regg","rating":1742,"private":0,"password":null}