{"id":"gen9vgc2024regg-2139717214","format":"[Gen 9] VGC 2024 Reg G","players":["YuanqiNono","Tempest brute"],"log":"|j|\u2606YuanqiNono\n|j|\u2606Tempest brute\n|t:|1717901491\n|gametype|doubles\n|player|p1|YuanqiNono|102|1787\n|player|p2|Tempest brute|101|1800\n|teamsize|p1|6\n|teamsize|p2|6\n|gen|9\n|tier|[Gen 9] VGC 2024 Reg G\n|rated|\n|rule|Species Clause: Limit one of each Pok\u00e9mon\n|rule|Item Clause: Limit one of each item\n|clearpoke\n|poke|p1|Raging Bolt, L50|\n|poke|p1|Zamazenta-*, L50|\n|poke|p1|Incineroar, L50, F|\n|poke|p1|Urshifu-*, L50, F|\n|poke|p1|Kingambit, L50, F|\n|poke|p1|Tornadus, L50, M|\n|poke|p2|Lunala, L50|\n|poke|p2|Roaring Moon, L50|\n|poke|p2|Entei, L50|\n|poke|p2|Ogerpon-Wellspring, L50, F|\n|poke|p2|Iron Hands, L50|\n|poke|p2|Ursaluna-Bloodmoon, L50, M|\n|teampreview|4\n|j| GyattDamnnm\n|j| bluestraggler01\n|\n|t:|1717901558\n|start\n|switch|p1a: Incineroar|Incineroar, L50, F|100\/100\n|switch|p1b: Raging Bolt|Raging Bolt, L50|100\/100\n|switch|p2a: Lunala|Lunala, L50|100\/100\n|switch|p2b: Entei|Entei, L50|100\/100\n|-ability|p1a: Incineroar|Intimidate|boost\n|-unboost|p2a: Lunala|atk|1\n|-fail|p2b: Entei|unboost|Attack|[from] ability: Inner Focus|[of] p2b: Entei\n|turn|1\n|\n|t:|1717901584\n|switch|p2a: Ogerpon|Ogerpon-Wellspring, L50, F|100\/100\n|-terastallize|p1a: Incineroar|Ghost\n|move|p2b: Entei|Snarl|p1b: Raging Bolt|[spread] p1a,p1b\n|-supereffective|p1a: Incineroar\n|-damage|p1a: Incineroar|90\/100\n|-damage|p1b: Raging Bolt|96\/100\n|-unboost|p1a: Incineroar|spa|1\n|-unboost|p1b: Raging Bolt|spa|1\n|move|p1b: Raging Bolt|Snarl|p2a: Ogerpon|[spread] p2a,p2b\n|-damage|p2a: Ogerpon|91\/100\n|-damage|p2b: Entei|95\/100\n|-unboost|p2a: Ogerpon|spa|1\n|-unboost|p2b: Entei|spa|1\n|move|p1a: Incineroar|Knock Off|p2a: Ogerpon\n|-damage|p2a: Ogerpon|66\/100\n|\n|upkeep\n|turn|2\n|j| Nesnero\n|\n|t:|1717901611\n|move|p2a: Ogerpon|Ivy Cudgel|p1a: Incineroar|[anim] Ivy Cudgel Water\n|-damage|p1a: Incineroar|44\/100\n|move|p2b: Entei|Sacred Fire|p1a: Incineroar\n|-damage|p1a: Incineroar|6\/100\n|-status|p1a: Incineroar|brn\n|move|p1b: Raging Bolt|Thunderbolt|p2a: Ogerpon\n|-damage|p2a: Ogerpon|33\/100\n|move|p1a: Incineroar|Parting Shot|p2a: Ogerpon\n|-unboost|p2a: Ogerpon|atk|1\n|-unboost|p2a: Ogerpon|spa|1\n|\n|t:|1717901625\n|switch|p1a: Urshifu|Urshifu-Rapid-Strike, L50, F|100\/100|[from] Parting Shot\n|\n|upkeep\n|turn|3\n|\n|t:|1717901637\n|-end|p1b: Raging Bolt|Protosynthesis|[silent]\n|switch|p1b: Incineroar|Incineroar, L50, F, tera:Ghost|6\/100 brn\n|-ability|p1b: Incineroar|Intimidate|boost\n|-unboost|p2a: Ogerpon|atk|1\n|-fail|p2b: Entei|unboost|Attack|[from] ability: Inner Focus|[of] p2b: Entei\n|move|p1a: Urshifu|U-turn|p2a: Ogerpon\n|-supereffective|p2a: Ogerpon\n|-damage|p2a: Ogerpon|0 fnt\n|faint|p2a: Ogerpon\n|\n|t:|1717901646\n|switch|p1a: Raging Bolt|Raging Bolt, L50|96\/100|[from] U-turn\n|move|p2b: Entei|Sacred Fire|p1a: Raging Bolt\n|-resisted|p1a: Raging Bolt\n|-damage|p1a: Raging Bolt|77\/100\n|-status|p1a: Raging Bolt|brn\n|\n|-damage|p1a: Raging Bolt|71\/100 brn|[from] brn\n|-damage|p1b: Incineroar|0 fnt|[from] brn\n|faint|p1b: Incineroar\n|upkeep\n|\n|t:|1717901658\n|switch|p2a: Lunala|Lunala, L50|100\/100\n|switch|p1b: Urshifu|Urshifu-Rapid-Strike, L50, F|100\/100\n|turn|4\n|\n|t:|1717901677\n|-terastallize|p2b: Entei|Water\n|move|p1a: Raging Bolt|Thunderclap|p2b: Entei\n|-supereffective|p2b: Entei\n|-damage|p2b: Entei|53\/100\n|move|p1b: Urshifu|Close Combat|p2b: Entei\n|-damage|p2b: Entei|0 fnt\n|-unboost|p1b: Urshifu|def|1\n|-unboost|p1b: Urshifu|spd|1\n|faint|p2b: Entei\n|move|p2a: Lunala|Will-O-Wisp|p1b: Urshifu\n|-status|p1b: Urshifu|brn\n|\n|-damage|p1b: Urshifu|94\/100 brn|[from] brn\n|-damage|p1a: Raging Bolt|65\/100 brn|[from] brn\n|upkeep\n|\n|t:|1717901687\n|switch|p2b: Iron Hands|Iron Hands, L50|100\/100\n|turn|5\n|\n|t:|1717901700\n|move|p2b: Iron Hands|Fake Out|p1a: Raging Bolt\n|-damage|p1a: Raging Bolt|55\/100 brn\n|move|p1b: Urshifu|Close Combat|p2b: Iron Hands\n|-damage|p2b: Iron Hands|79\/100\n|-unboost|p1b: Urshifu|def|1\n|-unboost|p1b: Urshifu|spd|1\n|move|p2a: Lunala|Moongeist Beam|p1a: Raging Bolt\n|-damage|p1a: Raging Bolt|28\/100 brn\n|cant|p1a: Raging Bolt|flinch\n|\n|-damage|p1b: Urshifu|88\/100 brn|[from] brn\n|-damage|p1a: Raging Bolt|23\/100 brn|[from] brn\n|upkeep\n|turn|6\n|\n|t:|1717901720\n|move|p1b: Urshifu|Close Combat|p2b: Iron Hands\n|-damage|p2b: Iron Hands|58\/100\n|-unboost|p1b: Urshifu|def|1\n|-unboost|p1b: Urshifu|spd|1\n|move|p2a: Lunala|Moongeist Beam|p1a: Raging Bolt\n|-damage|p1a: Raging Bolt|0 fnt\n|faint|p1a: Raging Bolt\n|-end|p1a: Raging Bolt|Protosynthesis|[silent]\n|move|p2b: Iron Hands|Drain Punch|p1b: Urshifu\n|-damage|p1b: Urshifu|0 fnt\n|-heal|p2b: Iron Hands|88\/100|[from] drain|[of] p1b: Urshifu\n|faint|p1b: Urshifu\n|\n|upkeep\n|\n|t:|1717901736\n|switch|p1a: Zamazenta|Zamazenta-Crowned, L50|100\/100\n|-ability|p1a: Zamazenta|Dauntless Shield|boost\n|-boost|p1a: Zamazenta|def|1\n|turn|7\n|-message|YuanqiNono forfeited.\n|\n|win|Tempest brute\n|raw|YuanqiNono's rating: 1787 &rarr; <strong>1768<\/strong><br \/>(-19 for losing)\n|raw|Tempest brute's rating: 1800 &rarr; <strong>1819<\/strong><br \/>(+19 for winning)\n|l|\u2606YuanqiNono\n|player|p1|\n|l| GyattDamnnm\n|l| bluestraggler01\n|l| Nesnero\n|l|\u2606Tempest brute\n|player|p2|\n","uploadtime":1717901921,"views":191,"formatid":"gen9vgc2024regg","rating":1768,"private":0,"password":null}