{"id":"gen9vgc2024regg-2139507597","format":"[Gen 9] VGC 2024 Reg G","players":["AZUNA_Fan","pkmnallrounder"],"log":"|j|\u2606AZUNA_Fan\n|j|\u2606pkmnallrounder\n|t:|1717873523\n|gametype|doubles\n|player|p1|AZUNA_Fan|dawn-gen4pt|1833\n|player|p2|pkmnallrounder|serena|1776\n|teamsize|p1|6\n|teamsize|p2|6\n|gen|9\n|tier|[Gen 9] VGC 2024 Reg G\n|rated|\n|rule|Species Clause: Limit one of each Pok\u00e9mon\n|rule|Item Clause: Limit one of each item\n|clearpoke\n|poke|p1|Calyrex-Shadow, L50|\n|poke|p1|Urshifu-*, L50, M|\n|poke|p1|Indeedee-F, L50, F|\n|poke|p1|Maushold, L50|\n|poke|p1|Dondozo, L50, F|\n|poke|p1|Tatsugiri, L50, F|\n|poke|p2|Koraidon, L50|\n|poke|p2|Typhlosion-Hisui, L50, M|\n|poke|p2|Flutter Mane, L50|\n|poke|p2|Tornadus, L50, M|\n|poke|p2|Raging Bolt, L50|\n|poke|p2|Arcanine-Hisui, L50, M|\n|teampreview|4\n|inactive|Battle timer is ON: inactive players will automatically lose when time's up. (requested by AZUNA_Fan)\n|c|\u2606AZUNA_Fan|again\n|j| Satansinlaw\n|inactive|AZUNA_Fan has 60 seconds left.\n|inactive|pkmnallrounder has 60 seconds left.\n|c|\u2606pkmnallrounder|Again im afraid what u will pull this time\n|j| kate24\n|inactive|pkmnallrounder has 30 seconds left.\n|\n|t:|1717873591\n|start\n|switch|p1a: Calyrex|Calyrex-Shadow, L50|100\/100\n|switch|p1b: Maushold|Maushold, L50|100\/100\n|switch|p2a: Tornadus|Tornadus, L50, M|100\/100\n|switch|p2b: Flutter Mane|Flutter Mane, L50|100\/100\n|-ability|p1a: Calyrex|As One\n|-ability|p1a: Calyrex|Unnerve\n|turn|1\n|inactive|AZUNA_Fan has 30 seconds left.\n|j| Therazer456\n|\n|t:|1717873617\n|move|p1b: Maushold|Helping Hand|p1a: Calyrex\n|-singleturn|p1a: Calyrex|Helping Hand|[of] p1b: Maushold\n|move|p2a: Tornadus|Sunny Day|p2a: Tornadus\n|-weather|SunnyDay\n|-activate|p2b: Flutter Mane|ability: Protosynthesis\n|-start|p2b: Flutter Mane|protosynthesisspa\n|move|p1a: Calyrex|Astral Barrage|p2b: Flutter Mane|[spread] p2a,p2b\n|-supereffective|p2b: Flutter Mane\n|-damage|p2a: Tornadus|0 fnt\n|-enditem|p2b: Flutter Mane|Focus Sash\n|-damage|p2b: Flutter Mane|1\/100\n|faint|p2a: Tornadus\n|-ability|p1a: Calyrex|Grim Neigh|boost\n|-boost|p1a: Calyrex|spa|1\n|move|p2b: Flutter Mane|Dazzling Gleam|p1b: Maushold|[spread] p1a,p1b\n|-damage|p1a: Calyrex|69\/100\n|-damage|p1b: Maushold|52\/100\n|\n|-weather|SunnyDay|[upkeep]\n|upkeep\n|\n|t:|1717873629\n|switch|p2a: Typhlosion|Typhlosion-Hisui, L50, M|100\/100\n|-item|p1a: Calyrex|Choice Specs|[from] ability: Frisk|[of] p2a: Typhlosion|[identify]\n|-item|p1b: Maushold|Mental Herb|[from] ability: Frisk|[of] p2a: Typhlosion|[identify]\n|turn|2\n|j| khe7marak\n|\n|t:|1717873650\n|-end|p2b: Flutter Mane|Protosynthesis|[silent]\n|switch|p2b: Raging Bolt|Raging Bolt, L50|100\/100\n|-activate|p2b: Raging Bolt|ability: Protosynthesis\n|-start|p2b: Raging Bolt|protosynthesisspa\n|-terastallize|p2a: Typhlosion|Fire\n|move|p2a: Typhlosion|Eruption|p1a: Calyrex|[spread] p1a,p1b\n|-damage|p1a: Calyrex|0 fnt\n|-damage|p1b: Maushold|0 fnt\n|faint|p1a: Calyrex\n|faint|p1b: Maushold\n|\n|-weather|SunnyDay|[upkeep]\n|upkeep\n|\n|t:|1717873662\n|switch|p1a: Urshifu|Urshifu, L50, M|100\/100\n|switch|p1b: Tatsugiri|Tatsugiri, L50, F|100\/100\n|turn|3\n|j| I7 KEK\n|l| I7 KEK\n|\n|t:|1717873685\n|move|p1a: Urshifu|Sucker Punch|p2a: Typhlosion\n|-damage|p2a: Typhlosion|10\/100\n|move|p2a: Typhlosion|Eruption|p1b: Tatsugiri|[spread] p1a,p1b\n|-resisted|p1b: Tatsugiri\n|-damage|p1a: Urshifu|86\/100\n|-damage|p1b: Tatsugiri|97\/100\n|move|p2b: Raging Bolt|Electroweb|p1b: Tatsugiri|[spread] p1a,p1b\n|-crit|p1b: Tatsugiri\n|-damage|p1a: Urshifu|46\/100\n|-damage|p1b: Tatsugiri|35\/100\n|-unboost|p1a: Urshifu|spe|1\n|-unboost|p1b: Tatsugiri|spe|1\n|move|p1b: Tatsugiri|Mirror Coat|p2b: Raging Bolt\n|-damage|p2b: Raging Bolt|23\/100\n|\n|-weather|SunnyDay|[upkeep]\n|upkeep\n|turn|4\n|j| Kurbies\n|inactive|AZUNA_Fan has 30 seconds left.\n|\n|t:|1717873711\n|switch|p2a: Flutter Mane|Flutter Mane, L50|1\/100\n|-activate|p2a: Flutter Mane|ability: Protosynthesis\n|-start|p2a: Flutter Mane|protosynthesisspa\n|move|p2b: Raging Bolt|Thunderclap|p1a: Urshifu\n|-damage|p1a: Urshifu|0 fnt\n|faint|p1a: Urshifu\n|move|p1b: Tatsugiri|Muddy Water|p2a: Flutter Mane|[spread] p2a,p2b\n|-resisted|p2b: Raging Bolt\n|-damage|p2a: Flutter Mane|0 fnt\n|-damage|p2b: Raging Bolt|18\/100\n|-unboost|p2b: Raging Bolt|accuracy|1\n|faint|p2a: Flutter Mane\n|-end|p2a: Flutter Mane|Protosynthesis|[silent]\n|\n|-weather|SunnyDay|[upkeep]\n|upkeep\n|\n|t:|1717873718\n|switch|p2a: Typhlosion|Typhlosion-Hisui, L50, M, tera:Fire|10\/100\n|-item|p1b: Tatsugiri|Focus Sash|[from] ability: Frisk|[of] p2a: Typhlosion|[identify]\n|turn|5\n|\n|t:|1717873730\n|move|p2b: Raging Bolt|Thunderclap|p1b: Tatsugiri|[miss]\n|-miss|p2b: Raging Bolt|p1b: Tatsugiri\n|move|p2a: Typhlosion|Shadow Ball|p1b: Tatsugiri\n|-damage|p1b: Tatsugiri|0 fnt\n|faint|p1b: Tatsugiri\n|\n|win|pkmnallrounder\n|raw|AZUNA_Fan's rating: 1833 &rarr; <strong>1810<\/strong><br \/>(-23 for losing)\n|raw|pkmnallrounder's rating: 1776 &rarr; <strong>1799<\/strong><br \/>(+23 for winning)\n|c|\u2606pkmnallrounder|Gg\n|l|\u2606AZUNA_Fan\n|player|p1|\n|l| kate24\n|l| Satansinlaw\n|l| khe7marak\n|l| Kurbies\n","uploadtime":1717873934,"views":739,"formatid":"gen9vgc2024regg","rating":1799,"private":0,"password":null}