{"id":"gen9vgc2024regg-2140362870","format":"[Gen 9] VGC 2024 Reg G","players":["RealAthenaCykes","AZUNA_Fan"],"log":"|j|\u2606RealAthenaCykes\n|j|\u2606AZUNA_Fan\n|t:|1717995403\n|gametype|doubles\n|player|p1|RealAthenaCykes|clemont|1712\n|player|p2|AZUNA_Fan|dawn-gen4pt|1796\n|teamsize|p1|6\n|teamsize|p2|6\n|gen|9\n|tier|[Gen 9] VGC 2024 Reg G\n|rated|\n|rule|Species Clause: Limit one of each Pok\u00e9mon\n|rule|Item Clause: Limit one of each item\n|clearpoke\n|poke|p1|Calyrex-Ice, L50|\n|poke|p1|Glimmora, L50, F|\n|poke|p1|Smeargle, L50, F|\n|poke|p1|Farigiraf, L50, M|\n|poke|p1|Annihilape, L50, M|\n|poke|p1|Ursaluna-Bloodmoon, L50, M|\n|poke|p2|Calyrex-Shadow, L50|\n|poke|p2|Urshifu-*, L50, F|\n|poke|p2|Indeedee-F, L50, F|\n|poke|p2|Maushold, L50|\n|poke|p2|Dondozo, L50, M|\n|poke|p2|Tatsugiri, L50, F|\n|teampreview|4\n|inactive|Battle timer is ON: inactive players will automatically lose when time's up. (requested by AZUNA_Fan)\n|inactive|RealAthenaCykes also wants the timer to be on.\nRealAthenaCykes has agreed to open team sheets.\nAZUNA_Fan has agreed to open team sheets.\n|\n|t:|1717995437\n|start\n|switch|p1a: Smeargle|Smeargle, L50, F|100\/100\n|switch|p1b: Farigiraf|Farigiraf, L50, M|100\/100\n|switch|p2a: Calyrex|Calyrex-Shadow, L50|100\/100\n|switch|p2b: Urshifu|Urshifu, L50, F|100\/100\n|-ability|p2a: Calyrex|As One\n|-ability|p2a: Calyrex|Unnerve\n|turn|1\n|inactive|AZUNA_Fan has 30 seconds left.\n|\n|t:|1717995463\n|move|p1a: Smeargle|Fake Out|p2b: Urshifu\n|-damage|p2b: Urshifu|95\/100\n|move|p2a: Calyrex|Expanding Force|p1a: Smeargle\n|-enditem|p1a: Smeargle|Focus Sash\n|-damage|p1a: Smeargle|1\/100\n|cant|p2b: Urshifu|flinch\n|move|p1b: Farigiraf|Trick Room|p1b: Farigiraf\n|-fieldstart|move: Trick Room|[of] p1b: Farigiraf\n|\n|upkeep\n|turn|2\n|\n|t:|1717995475\n|switch|p1b: Calyrex|Calyrex-Ice, L50|100\/100\n|-ability|p1b: Calyrex|As One\n|-ability|p1b: Calyrex|Unnerve\n|move|p1a: Smeargle|Spore|p2b: Urshifu\n|-status|p2b: Urshifu|slp|[from] move: Spore\n|cant|p2b: Urshifu|slp\n|move|p2a: Calyrex|Expanding Force|p1a: Smeargle\n|-damage|p1a: Smeargle|0 fnt\n|faint|p1a: Smeargle\n|-ability|p2a: Calyrex|Grim Neigh|boost\n|-boost|p2a: Calyrex|spa|1\n|\n|upkeep\n|\n|t:|1717995486\n|switch|p1a: Ursaluna|Ursaluna-Bloodmoon, L50, M|100\/100\n|turn|3\n|\n|t:|1717995492\n|-terastallize|p1a: Ursaluna|Normal\n|move|p1a: Ursaluna|Hyper Voice|p2b: Urshifu|[spread] p2a,p2b\n|-damage|p2a: Calyrex|36\/100\n|-damage|p2b: Urshifu|2\/100 slp\n|-damage|p1a: Ursaluna|90\/100|[from] item: Life Orb\n|move|p1b: Calyrex|Glacial Lance|p2a: Calyrex|[spread] p2a,p2b\n|-damage|p2a: Calyrex|0 fnt\n|-damage|p2b: Urshifu|0 fnt\n|faint|p2a: Calyrex\n|faint|p2b: Urshifu\n|-ability|p1b: Calyrex|Chilling Neigh|boost\n|-boost|p1b: Calyrex|atk|2\n|\n|upkeep\n|\n|t:|1717995503\n|switch|p2b: Tatsugiri|Tatsugiri, L50, F|100\/100\n|switch|p2a: Dondozo|Dondozo, L50, M|100\/100\n|-activate|p2b: Tatsugiri|ability: Commander|[of] p2a: Dondozo\n|-boost|p2a: Dondozo|atk|2\n|-boost|p2a: Dondozo|spa|2\n|-boost|p2a: Dondozo|spe|2\n|-boost|p2a: Dondozo|def|2\n|-boost|p2a: Dondozo|spd|2\n|turn|4\n|\n|t:|1717995513\n|move|p2a: Dondozo|Protect|p2a: Dondozo\n|-singleturn|p2a: Dondozo|Protect\n|move|p1a: Ursaluna|Blood Moon|p2a: Dondozo\n|-activate|p2a: Dondozo|move: Protect\n|move|p1b: Calyrex|High Horsepower|p2a: Dondozo\n|-activate|p2a: Dondozo|move: Protect\n|\n|upkeep\n|turn|5\n|j| futonkagebunshin\n|\n|t:|1717995524\n|move|p1a: Ursaluna|Hyper Voice|p2b: Tatsugiri|[spread] p2a\n|-miss|p1a: Ursaluna|p2b: Tatsugiri\n|-damage|p2a: Dondozo|73\/100\n|-damage|p1a: Ursaluna|80\/100|[from] item: Life Orb\n|move|p1b: Calyrex|High Horsepower|p2a: Dondozo\n|-damage|p2a: Dondozo|57\/100\n|move|p2a: Dondozo|Wave Crash|p1a: Ursaluna\n|-damage|p1a: Ursaluna|22\/100\n|-damage|p2a: Dondozo|38\/100|[from] Recoil\n|\n|-fieldend|move: Trick Room\n|upkeep\n|turn|6\n|\n|t:|1717995536\n|move|p1a: Ursaluna|Protect|p1a: Ursaluna\n|-singleturn|p1a: Ursaluna|Protect\n|move|p2a: Dondozo|Earthquake|p1a: Ursaluna|[spread] p1b\n|-miss|p2a: Dondozo|p2b: Tatsugiri\n|-activate|p1a: Ursaluna|move: Protect\n|-damage|p1b: Calyrex|79\/100\n|move|p1b: Calyrex|Trick Room|p1b: Calyrex\n|-fieldstart|move: Trick Room|[of] p1b: Calyrex\n|\n|upkeep\n|turn|7\n|\n|t:|1717995546\n|move|p2a: Dondozo|Protect|p2a: Dondozo\n|-singleturn|p2a: Dondozo|Protect\n|move|p1a: Ursaluna|Blood Moon|p2a: Dondozo\n|-activate|p2a: Dondozo|move: Protect\n|move|p1b: Calyrex|High Horsepower|p2a: Dondozo\n|-activate|p2a: Dondozo|move: Protect\n|\n|upkeep\n|turn|8\n|-message|AZUNA_Fan forfeited.\n|\n|win|RealAthenaCykes\n|raw|RealAthenaCykes's rating: 1712 &rarr; <strong>1737<\/strong><br \/>(+25 for winning)\n|raw|AZUNA_Fan's rating: 1796 &rarr; <strong>1771<\/strong><br \/>(-25 for losing)\n|l|\u2606AZUNA_Fan\n|player|p2|\n|l| futonkagebunshin\n","uploadtime":1717995759,"views":53,"formatid":"gen9vgc2024regg","rating":1737,"private":0,"password":null}