{"id":"gen9vgc2024regg-2140067081","format":"[Gen 9] VGC 2024 Reg G","players":["Krisuerte","3timer"],"log":"|j|\u2606Krisuerte\n|j|\u26063timer\n|t:|1717956408\n|gametype|doubles\n|player|p1|Krisuerte|1|1731\n|player|p2|3timer|102|1813\n|teamsize|p1|6\n|teamsize|p2|6\n|gen|9\n|tier|[Gen 9] VGC 2024 Reg G\n|rated|\n|rule|Species Clause: Limit one of each Pok\u00e9mon\n|rule|Item Clause: Limit one of each item\n|clearpoke\n|poke|p1|Indeedee-F, L50, F|\n|poke|p1|Calyrex-Shadow, L50|\n|poke|p1|Clefairy, L50, M|\n|poke|p1|Chi-Yu, L50|\n|poke|p1|Urshifu-*, L50, M|\n|poke|p1|Tornadus, L50, M|\n|poke|p2|Farigiraf, L50, M|\n|poke|p2|Annihilape, L50, M|\n|poke|p2|Calyrex-Ice, L50|\n|poke|p2|Smeargle, L50, M|\n|poke|p2|Maushold-Four, L50|\n|poke|p2|Ursaluna-Bloodmoon, L50, M|\n|teampreview|4\n|inactive|Battle timer is ON: inactive players will automatically lose when time's up. (requested by 3timer)\n|inactive|Krisuerte has 60 seconds left.\n|\n|t:|1717956462\n|start\n|switch|p1a: Chi-Yu|Chi-Yu, L50|100\/100\n|switch|p1b: Urshifu|Urshifu-Rapid-Strike, L50, M|100\/100\n|switch|p2a: Calyrex|Calyrex-Ice, L50|100\/100\n|switch|p2b: Smeargle|Smeargle, L50, M|100\/100\n|-ability|p2a: Calyrex|As One\n|-ability|p2a: Calyrex|Unnerve\n|-ability|p1a: Chi-Yu|Beads of Ruin\n|turn|1\n|\n|t:|1717956485\n|-terastallize|p2b: Smeargle|Grass\n|move|p2b: Smeargle|Follow Me|p2b: Smeargle\n|-singleturn|p2b: Smeargle|move: Follow Me\n|move|p1a: Chi-Yu|Dark Pulse|p2b: Smeargle\n|-enditem|p2b: Smeargle|Focus Sash\n|-damage|p2b: Smeargle|1\/100\n|move|p1b: Urshifu|Surging Strikes|p2b: Smeargle\n|-resisted|p2b: Smeargle\n|-crit|p2b: Smeargle\n|-damage|p2b: Smeargle|0 fnt\n|faint|p2b: Smeargle\n|-hitcount|p2: Smeargle|1\n|move|p2a: Calyrex|Trick Room|p2a: Calyrex\n|-fieldstart|move: Trick Room|[of] p2a: Calyrex\n|\n|upkeep\n|\n|t:|1717956494\n|switch|p2b: Ursaluna|Ursaluna-Bloodmoon, L50, M|100\/100\n|turn|2\n|\n|t:|1717956518\n|switch|p1a: Clefairy|Clefairy, L50, M|100\/100\n|-terastallize|p1b: Urshifu|Water\n|move|p2a: Calyrex|Close Combat|p1a: Clefairy\n|-resisted|p1a: Clefairy\n|-damage|p1a: Clefairy|77\/100\n|-unboost|p2a: Calyrex|def|1\n|-unboost|p2a: Calyrex|spd|1\n|move|p2b: Ursaluna|Blood Moon|p1b: Urshifu\n|-damage|p1b: Urshifu|0 fnt\n|faint|p1b: Urshifu\n|-damage|p2b: Ursaluna|90\/100|[from] item: Life Orb\n|\n|upkeep\n|inactive|Krisuerte has 30 seconds left.\n|\n|t:|1717956548\n|switch|p1b: Chi-Yu|Chi-Yu, L50|100\/100\n|-ability|p1b: Chi-Yu|Beads of Ruin\n|turn|3\n|\n|t:|1717956568\n|move|p2a: Calyrex|Protect|p2a: Calyrex\n|-singleturn|p2a: Calyrex|Protect\n|move|p1a: Clefairy|After You|p1b: Chi-Yu\n|-activate|p1b: Chi-Yu|move: After You\n|move|p1b: Chi-Yu|Heat Wave|p2b: Ursaluna|[spread] \n|-activate|p2a: Calyrex|move: Protect\n|-miss|p1b: Chi-Yu|p2b: Ursaluna\n|move|p2b: Ursaluna|Hyper Voice|p1a: Clefairy|[spread] p1a,p1b\n|-damage|p1a: Clefairy|20\/100\n|-damage|p1b: Chi-Yu|55\/100\n|-damage|p2b: Ursaluna|80\/100|[from] item: Life Orb\n|\n|upkeep\n|turn|4\n|\n|t:|1717956584\n|switch|p2a: Maushold|Maushold-Four, L50|100\/100\n|move|p1a: Clefairy|After You|p1b: Chi-Yu\n|-activate|p1b: Chi-Yu|move: After You\n|move|p1b: Chi-Yu|Heat Wave|p2b: Ursaluna|[spread] p2a\n|-miss|p1b: Chi-Yu|p2b: Ursaluna\n|-damage|p2a: Maushold|46\/100\n|move|p2b: Ursaluna|Hyper Voice|p1b: Chi-Yu|[spread] p1a,p1b\n|-damage|p1a: Clefairy|0 fnt\n|-damage|p1b: Chi-Yu|9\/100\n|faint|p1a: Clefairy\n|-damage|p2b: Ursaluna|70\/100|[from] item: Life Orb\n|\n|upkeep\n|\n|t:|1717956598\n|switch|p1a: Calyrex|Calyrex-Shadow, L50|100\/100\n|-ability|p1a: Calyrex|As One\n|-ability|p1a: Calyrex|Unnerve\n|turn|5\n|\n|t:|1717956608\n|move|p1a: Calyrex|Protect|p1a: Calyrex\n|-singleturn|p1a: Calyrex|Protect\n|move|p2a: Maushold|Feint|p1b: Chi-Yu\n|-damage|p1b: Chi-Yu|0 fnt\n|faint|p1b: Chi-Yu\n|move|p2b: Ursaluna|Hyper Voice|p1a: Calyrex\n|-activate|p1a: Calyrex|move: Protect\n|\n|-fieldend|move: Trick Room\n|upkeep\n|turn|6\n|j| bluestraggler01\n|\n|t:|1717956620\n|move|p2a: Maushold|Follow Me|p2a: Maushold\n|-singleturn|p2a: Maushold|move: Follow Me\n|move|p1a: Calyrex|Expanding Force|p2a: Maushold\n|-damage|p2a: Maushold|0 fnt\n|faint|p2a: Maushold\n|-ability|p1a: Calyrex|Grim Neigh|boost\n|-boost|p1a: Calyrex|spa|1\n|move|p2b: Ursaluna|Blood Moon|p1a: Calyrex\n|-enditem|p1a: Calyrex|Focus Sash\n|-damage|p1a: Calyrex|1\/100\n|-damage|p2b: Ursaluna|60\/100|[from] item: Life Orb\n|\n|upkeep\n|\n|t:|1717956622\n|switch|p2a: Calyrex|Calyrex-Ice, L50|100\/100\n|-ability|p2a: Calyrex|As One\n|-ability|p2a: Calyrex|Unnerve\n|turn|7\n|\n|t:|1717956640\n|move|p1a: Calyrex|Expanding Force|p2b: Ursaluna\n|-damage|p2b: Ursaluna|0 fnt\n|faint|p2b: Ursaluna\n|-ability|p1a: Calyrex|Grim Neigh|boost\n|-boost|p1a: Calyrex|spa|1\n|move|p2a: Calyrex|Glacial Lance|p1a: Calyrex\n|-damage|p1a: Calyrex|0 fnt\n|faint|p1a: Calyrex\n|\n|win|3timer\n|raw|Krisuerte's rating: 1731 &rarr; <strong>1716<\/strong><br \/>(-15 for losing)\n|raw|3timer's rating: 1813 &rarr; <strong>1828<\/strong><br \/>(+15 for winning)\n|l|\u26063timer\n|player|p2|\n|l|\u2606Krisuerte\n|player|p1|\n|l| bluestraggler01\n","uploadtime":1717956786,"views":93,"formatid":"gen9vgc2024regg","rating":1716,"private":0,"password":null}