{"id":"gen9vgc2024regg-2140945867","format":"[Gen 9] VGC 2024 Reg G","players":["hydreigon_chelas","SeaWolfMikess"],"log":"|j|\u2606hydreigon_chelas\n|j|\u2606SeaWolfMikess\n|t:|1718071010\n|gametype|doubles\n|player|p1|hydreigon_chelas|pokefanf|1697\n|player|p2|SeaWolfMikess|hugh|1652\n|teamsize|p1|6\n|teamsize|p2|6\n|gen|9\n|tier|[Gen 9] VGC 2024 Reg G\n|rated|\n|rule|Species Clause: Limit one of each Pok\u00e9mon\n|rule|Item Clause: Limit one of each item\n|clearpoke\n|poke|p1|Volcarona, L50, M|\n|poke|p1|Landorus, L50, M|\n|poke|p1|Overqwil, L50, M|\n|poke|p1|Tornadus, L50, M|\n|poke|p1|Kyogre, L50|\n|poke|p1|Rillaboom, L50, M|\n|poke|p2|Smeargle, L50, M|\n|poke|p2|Volbeat, L50, M|\n|poke|p2|Raging Bolt, L50|\n|poke|p2|Ogerpon-Wellspring, L50, F|\n|poke|p2|Urshifu-*, L50, F|\n|poke|p2|Calyrex-Shadow, L50|\n|teampreview|4\n|j| hariyana gramde\nhydreigon_chelas has agreed to open team sheets.\n|\n|t:|1718071039\n|start\n|switch|p1a: Rillaboom|Rillaboom, L50, M|100\/100\n|switch|p1b: Tornadus|Tornadus, L50, M|100\/100\n|switch|p2a: Volbeat|Volbeat, L50, M|100\/100\n|switch|p2b: Urshifu|Urshifu, L50, F|100\/100\n|-fieldstart|move: Grassy Terrain|[from] ability: Grassy Surge|[of] p1a: Rillaboom\n|turn|1\n|\n|t:|1718071047\n|-terastallize|p2b: Urshifu|Ghost\n|move|p1a: Rillaboom|Fake Out|p2a: Volbeat\n|-damage|p2a: Volbeat|77\/100\n|move|p1b: Tornadus|Bleakwind Storm|p2a: Volbeat|[spread] p2a,p2b\n|-supereffective|p2a: Volbeat\n|-damage|p2a: Volbeat|0 fnt\n|-damage|p2b: Urshifu|44\/100\n|-unboost|p2b: Urshifu|spe|1\n|faint|p2a: Volbeat\n|move|p2b: Urshifu|Wicked Blow|p1b: Tornadus\n|-crit|p1b: Tornadus\n|-enditem|p1b: Tornadus|Focus Sash\n|-damage|p1b: Tornadus|1\/100\n|\n|-heal|p2b: Urshifu|50\/100|[from] Grassy Terrain\n|upkeep\n|\n|t:|1718071057\n|switch|p2a: Calyrex|Calyrex-Shadow, L50|100\/100\n|-ability|p2a: Calyrex|As One\n|-ability|p2a: Calyrex|Unnerve\n|turn|2\n|\n|t:|1718071076\n|switch|p2b: Raging Bolt|Raging Bolt, L50|100\/100\n|move|p1b: Tornadus|Protect|p1b: Tornadus\n|-singleturn|p1b: Tornadus|Protect\n|move|p2a: Calyrex|Astral Barrage|p1a: Rillaboom|[spread] p1a\n|-activate|p1b: Tornadus|move: Protect\n|-damage|p1a: Rillaboom|54\/100\n|move|p1a: Rillaboom|U-turn|p2a: Calyrex\n|-damage|p2a: Calyrex|75\/100\n|j| summerdog\n|\n|t:|1718071088\n|switch|p1a: Landorus|Landorus, L50, M|100\/100|[from] U-turn\n|\n|-heal|p2a: Calyrex|81\/100|[from] Grassy Terrain\n|upkeep\n|turn|3\n|\n|t:|1718071094\n|move|p1b: Tornadus|Tailwind|p1b: Tornadus\n|-sidestart|p1: hydreigon_chelas|move: Tailwind\n|move|p1a: Landorus|Sandsear Storm|p2b: Raging Bolt|[spread] p2a,p2b\n|-supereffective|p2b: Raging Bolt\n|-damage|p2a: Calyrex|28\/100\n|-damage|p2b: Raging Bolt|32\/100\n|move|p2a: Calyrex|Astral Barrage|p1a: Landorus|[spread] p1a,p1b\n|-damage|p1a: Landorus|23\/100\n|-damage|p1b: Tornadus|0 fnt\n|faint|p1b: Tornadus\n|-ability|p2a: Calyrex|Grim Neigh|boost\n|-boost|p2a: Calyrex|spa|1\n|move|p2b: Raging Bolt|Dragon Pulse|p1a: Landorus\n|-damage|p1a: Landorus|0 fnt\n|faint|p1a: Landorus\n|\n|-heal|p2a: Calyrex|34\/100|[from] Grassy Terrain\n|-heal|p2b: Raging Bolt|38\/100|[from] Grassy Terrain\n|upkeep\n|\n|t:|1718071101\n|switch|p1b: Rillaboom|Rillaboom, L50, M|54\/100\n|switch|p1a: Kyogre|Kyogre, L50|100\/100\n|-weather|RainDance|[from] ability: Drizzle|[of] p1a: Kyogre\n|turn|4\n|\n|t:|1718071121\n|move|p2a: Calyrex|Protect|p2a: Calyrex\n|-singleturn|p2a: Calyrex|Protect\n|move|p1b: Rillaboom|Fake Out|p2b: Raging Bolt\n|-damage|p2b: Raging Bolt|26\/100\n|cant|p2b: Raging Bolt|flinch\n|move|p1a: Kyogre|Water Spout|p2a: Calyrex|[spread] p2b\n|-activate|p2a: Calyrex|move: Protect\n|-resisted|p2b: Raging Bolt\n|-damage|p2b: Raging Bolt|0 fnt\n|faint|p2b: Raging Bolt\n|-end|p2b: Raging Bolt|Protosynthesis|[silent]\n|\n|-weather|RainDance|[upkeep]\n|-heal|p2a: Calyrex|40\/100|[from] Grassy Terrain\n|-heal|p1b: Rillaboom|60\/100|[from] Grassy Terrain\n|upkeep\n|\n|t:|1718071125\n|switch|p2b: Urshifu|Urshifu, L50, F, tera:Ghost|50\/100\n|turn|5\n|\n|t:|1718071152\n|move|p1b: Rillaboom|Grassy Glide|p2a: Calyrex\n|-damage|p2a: Calyrex|2\/100\n|move|p2b: Urshifu|Sucker Punch|p1a: Kyogre\n|-crit|p1a: Kyogre\n|-damage|p1a: Kyogre|0 fnt\n|faint|p1a: Kyogre\n|move|p2a: Calyrex|Astral Barrage|p1b: Rillaboom\n|-damage|p1b: Rillaboom|0 fnt\n|faint|p1b: Rillaboom\n|\n|win|SeaWolfMikess\n|raw|hydreigon_chelas's rating: 1697 &rarr; <strong>1674<\/strong><br \/>(-23 for losing)\n|raw|SeaWolfMikess's rating: 1652 &rarr; <strong>1675<\/strong><br \/>(+23 for winning)\n|l|\u2606hydreigon_chelas\n|player|p1|\n|j|\u2606hydreigon_chelas\n|player|p1|hydreigon_chelas|pokefanf|\n","uploadtime":1718071351,"views":28,"formatid":"gen9vgc2024regg","rating":1674,"private":0,"password":null}