{"id":"gen9vgc2024regg-2140239140","format":"[Gen 9] VGC 2024 Reg G","players":["HumorlessMonkee","actuary97"],"log":"|j|\u2606HumorlessMonkee\n|j|\u2606actuary97\n|t:|1717977629\n|gametype|doubles\n|player|p1|HumorlessMonkee|magmasuit|1716\n|player|p2|actuary97|sabrina-lgpe|1659\n|teamsize|p1|6\n|teamsize|p2|6\n|gen|9\n|tier|[Gen 9] VGC 2024 Reg G\n|rated|\n|rule|Species Clause: Limit one of each Pok\u00e9mon\n|rule|Item Clause: Limit one of each item\n|clearpoke\n|poke|p1|Kyogre, L50|\n|poke|p1|Urshifu-*, L50, F|\n|poke|p1|Tsareena, L50, F|\n|poke|p1|Chien-Pao, L50|\n|poke|p1|Ditto, L50|\n|poke|p1|Tornadus, L50, M|\n|poke|p2|Comfey, L50, M|\n|poke|p2|Whimsicott, L50, M|\n|poke|p2|Araquanid, L50, M|\n|poke|p2|Kyogre, L50|\n|poke|p2|Archaludon, L50, M|\n|poke|p2|Moltres-Galar, L50|\n|teampreview|4\n|inactive|Battle timer is ON: inactive players will automatically lose when time's up. (requested by HumorlessMonkee)\nactuary97 has agreed to open team sheets.\n|inactive|HumorlessMonkee has 60 seconds left.\n|\n|t:|1717977683\n|start\n|switch|p1a: Tornadus|Tornadus, L50, M, shiny|100\/100\n|switch|p1b: Kyogre|Kyogre, L50, shiny|100\/100\n|switch|p2a: Kyogre|Kyogre, L50|100\/100\n|switch|p2b: Comfey|Comfey, L50, M, shiny|100\/100\n|-weather|RainDance|[from] ability: Drizzle|[of] p1b: Kyogre\n|turn|1\n|\n|t:|1717977696\n|switch|p2b: Archaludon|Archaludon, L50, M, shiny|100\/100\n|move|p1a: Tornadus|Bleakwind Storm|p2a: Kyogre|[spread] p2a,p2b\n|-resisted|p2b: Archaludon\n|-damage|p2a: Kyogre|77\/100\n|-damage|p2b: Archaludon|89\/100\n|-ability|p2b: Archaludon|Stamina|boost\n|-boost|p2b: Archaludon|def|1\n|move|p1b: Kyogre|Water Spout|p2a: Kyogre|[spread] p2a,p2b\n|-resisted|p2a: Kyogre\n|-resisted|p2b: Archaludon\n|-damage|p2a: Kyogre|38\/100\n|-damage|p2b: Archaludon|47\/100\n|-ability|p2b: Archaludon|Stamina|boost\n|-boost|p2b: Archaludon|def|1\n|move|p2a: Kyogre|Calm Mind|p2a: Kyogre\n|-boost|p2a: Kyogre|spa|1\n|-boost|p2a: Kyogre|spd|1\n|\n|-weather|RainDance|[upkeep]\n|upkeep\n|turn|2\n|\n|t:|1717977720\n|move|p2a: Kyogre|Protect|p2a: Kyogre\n|-singleturn|p2a: Kyogre|Protect\n|move|p1a: Tornadus|Bleakwind Storm|p2b: Archaludon|[spread] p2b\n|-activate|p2a: Kyogre|move: Protect\n|-resisted|p2b: Archaludon\n|-damage|p2b: Archaludon|35\/100\n|-unboost|p2b: Archaludon|spe|1\n|-ability|p2b: Archaludon|Stamina|boost\n|-boost|p2b: Archaludon|def|1\n|move|p1b: Kyogre|Water Spout|p2a: Kyogre|[spread] p2b\n|-activate|p2a: Kyogre|move: Protect\n|-resisted|p2b: Archaludon\n|-damage|p2b: Archaludon|0 fnt\n|faint|p2b: Archaludon\n|\n|-weather|RainDance|[upkeep]\n|upkeep\n|\n|t:|1717977723\n|switch|p2b: Araquanid|Araquanid, L50, M, shiny|100\/100\n|turn|3\n|j| firen'desire\n|\n|t:|1717977738\n|move|p1b: Kyogre|Protect|p1b: Kyogre\n|-singleturn|p1b: Kyogre|Protect\n|move|p2b: Araquanid|Wide Guard|p2b: Araquanid\n|-singleturn|p2b: Araquanid|Wide Guard\n|move|p1a: Tornadus|Taunt|p2b: Araquanid\n|-start|p2b: Araquanid|move: Taunt\n|move|p2a: Kyogre|Calm Mind|p2a: Kyogre\n|-boost|p2a: Kyogre|spa|1\n|-boost|p2a: Kyogre|spd|1\n|\n|-weather|RainDance|[upkeep]\n|upkeep\n|turn|4\n|\n|t:|1717977752\n|move|p1a: Tornadus|Bleakwind Storm|p2a: Kyogre|[spread] p2a,p2b\n|-supereffective|p2b: Araquanid\n|-damage|p2a: Kyogre|28\/100\n|-damage|p2b: Araquanid|56\/100\n|move|p1b: Kyogre|Water Spout|p2b: Araquanid|[spread] p2a,p2b\n|-resisted|p2a: Kyogre\n|-resisted|p2b: Araquanid\n|-damage|p2a: Kyogre|8\/100\n|-damage|p2b: Araquanid|14\/100\n|-enditem|p2b: Araquanid|Sitrus Berry|[eat]\n|-heal|p2b: Araquanid|39\/100|[from] item: Sitrus Berry\n|move|p2a: Kyogre|Origin Pulse|p1b: Kyogre|[spread] p1a,p1b\n|-resisted|p1b: Kyogre\n|-damage|p1a: Tornadus|0 fnt\n|-damage|p1b: Kyogre|47\/100\n|faint|p1a: Tornadus\n|move|p2b: Araquanid|Liquidation|p1b: Kyogre\n|-resisted|p1b: Kyogre\n|-damage|p1b: Kyogre|12\/100\n|\n|-weather|RainDance|[upkeep]\n|upkeep\n|inactive|HumorlessMonkee has 30 seconds left.\n|\n|t:|1717977779\n|switch|p1a: Urshifu|Urshifu-Rapid-Strike, L50, F|100\/100\n|turn|5\n|\n|t:|1717977796\n|move|p2a: Kyogre|Protect|p2a: Kyogre\n|-singleturn|p2a: Kyogre|Protect\n|move|p1a: Urshifu|Surging Strikes|p2a: Kyogre\n|-resisted|p2a: Kyogre\n|-crit|p2a: Kyogre\n|-damage|p2a: Kyogre|0 fnt\n|faint|p2a: Kyogre\n|-hitcount|p2: Kyogre|1\n|move|p1b: Kyogre|Origin Pulse|p2b: Araquanid|[miss]\n|-miss|p1b: Kyogre|p2b: Araquanid\n|move|p2b: Araquanid|Liquidation|p1b: Kyogre\n|-resisted|p1b: Kyogre\n|-damage|p1b: Kyogre|0 fnt\n|faint|p1b: Kyogre\n|\n|-weather|none\n|upkeep\n|\n|t:|1717977807\n|switch|p1b: Chien-Pao|Chien-Pao, L50|100\/100\n|switch|p2a: Comfey|Comfey, L50, M, shiny|100\/100\n|-ability|p1b: Chien-Pao|Sword of Ruin\n|turn|6\n|\n|t:|1717977825\n|-terastallize|p1a: Urshifu|Grass\n|-terastallize|p2a: Comfey|Steel\n|move|p2a: Comfey|Floral Healing|p2b: Araquanid\n|-heal|p2b: Araquanid|89\/100\n|move|p1a: Urshifu|Surging Strikes|p2b: Araquanid\n|-resisted|p2b: Araquanid\n|-crit|p2b: Araquanid\n|-damage|p2b: Araquanid|75\/100\n|-resisted|p2b: Araquanid\n|-crit|p2b: Araquanid\n|-damage|p2b: Araquanid|62\/100\n|-resisted|p2b: Araquanid\n|-crit|p2b: Araquanid\n|-damage|p2b: Araquanid|48\/100\n|-hitcount|p2b: Araquanid|3\n|move|p1b: Chien-Pao|Ice Spinner|p2b: Araquanid\n|-resisted|p2b: Araquanid\n|-damage|p2b: Araquanid|17\/100\n|move|p2b: Araquanid|Leech Life|p1b: Chien-Pao\n|-supereffective|p1b: Chien-Pao\n|-damage|p1b: Chien-Pao|35\/100\n|-heal|p2b: Araquanid|46\/100|[from] drain|[of] p1b: Chien-Pao\n|\n|-end|p2b: Araquanid|move: Taunt\n|upkeep\n|turn|7\n|inactive|HumorlessMonkee has 30 seconds left.\n|\n|t:|1717977859\n|move|p2a: Comfey|Draining Kiss|p1b: Chien-Pao\n|-supereffective|p1b: Chien-Pao\n|-damage|p1b: Chien-Pao|0 fnt\n|faint|p1b: Chien-Pao\n|move|p1a: Urshifu|Surging Strikes|p2a: Comfey\n|-crit|p2a: Comfey\n|-damage|p2a: Comfey|76\/100\n|-crit|p2a: Comfey\n|-damage|p2a: Comfey|51\/100\n|-crit|p2a: Comfey\n|-damage|p2a: Comfey|28\/100\n|-hitcount|p2a: Comfey|3\n|move|p2b: Araquanid|Leech Life|p1a: Urshifu\n|-supereffective|p1a: Urshifu\n|-damage|p1a: Urshifu|48\/100\n|-heal|p2b: Araquanid|72\/100|[from] drain|[of] p1a: Urshifu\n|\n|upkeep\n|turn|8\n|\n|t:|1717977870\n|move|p2a: Comfey|Draining Kiss|p1a: Urshifu\n|-crit|p1a: Urshifu\n|-damage|p1a: Urshifu|11\/100\n|-heal|p2a: Comfey|60\/100|[from] drain|[of] p1a: Urshifu\n|move|p1a: Urshifu|Surging Strikes|p2a: Comfey\n|-crit|p2a: Comfey\n|-damage|p2a: Comfey|37\/100\n|-crit|p2a: Comfey\n|-damage|p2a: Comfey|14\/100\n|-crit|p2a: Comfey\n|-damage|p2a: Comfey|0 fnt\n|faint|p2a: Comfey\n|-hitcount|p2: Comfey|3\n|move|p2b: Araquanid|Leech Life|p1a: Urshifu\n|-supereffective|p1a: Urshifu\n|-damage|p1a: Urshifu|0 fnt\n|-heal|p2b: Araquanid|78\/100|[from] drain|[of] p1a: Urshifu\n|faint|p1a: Urshifu\n|\n|win|actuary97\n|raw|HumorlessMonkee's rating: 1716 &rarr; <strong>1693<\/strong><br \/>(-23 for losing)\n|raw|actuary97's rating: 1659 &rarr; <strong>1682<\/strong><br \/>(+23 for winning)\n|c|\u2606actuary97|gg\n|l|\u2606HumorlessMonkee\n|player|p1|\n|l| firen'desire\n|l|\u2606actuary97\n|player|p2|\n","uploadtime":1717977896,"views":23,"formatid":"gen9vgc2024regg","rating":1682,"private":0,"password":null}