{"id":"gen9vgc2024regg-2140649926","format":"[Gen 9] VGC 2024 Reg G","players":["RomanGODra","pkmnallrounder"],"log":"|j|\u2606RomanGODra\n|j|\u2606pkmnallrounder\n|t:|1718037493\n|gametype|doubles\n|player|p1|RomanGODra|waiter-gen4dp|1716\n|player|p2|pkmnallrounder|serena|1721\n|teamsize|p1|6\n|teamsize|p2|6\n|gen|9\n|tier|[Gen 9] VGC 2024 Reg G\n|rated|\n|rule|Species Clause: Limit one of each Pok\u00e9mon\n|rule|Item Clause: Limit one of each item\n|clearpoke\n|poke|p1|Terapagos, L50, M|\n|poke|p1|Raging Bolt, L50|\n|poke|p1|Scream Tail, L50|\n|poke|p1|Grimmsnarl, L50, M|\n|poke|p1|Ogerpon-Wellspring, L50, F|\n|poke|p1|Rillaboom, L50, F|\n|poke|p2|Dialga-Origin, L50|\n|poke|p2|Ursaluna, L50, M|\n|poke|p2|Basculegion-F, L50, F|\n|poke|p2|Pelipper, L50, F|\n|poke|p2|Amoonguss, L50, F|\n|poke|p2|Zapdos, L50|\n|teampreview|4\n|j| Tlub\n|inactive|Battle timer is ON: inactive players will automatically lose when time's up. (requested by pkmnallrounder)\n|\n|t:|1718037532\n|start\n|switch|p1a: PAWN|Grimmsnarl, L50, M, shiny|100\/100\n|switch|p1b: Rillaboom|Rillaboom, L50, F|100\/100\n|switch|p2a: Zapdos|Zapdos, L50|100\/100\n|switch|p2b: Pelipper|Pelipper, L50, F|100\/100\n|-weather|RainDance|[from] ability: Drizzle|[of] p2b: Pelipper\n|-fieldstart|move: Grassy Terrain|[from] ability: Grassy Surge|[of] p1b: Rillaboom\n|turn|1\n|\n|t:|1718037543\n|move|p1b: Rillaboom|Fake Out|p2b: Pelipper\n|-damage|p2b: Pelipper|82\/100\n|move|p1a: PAWN|Light Screen|p1a: PAWN\n|-sidestart|p1: RomanGODra|move: Light Screen\n|move|p2a: Zapdos|Hurricane|p1b: Rillaboom\n|-supereffective|p1b: Rillaboom\n|-damage|p1b: Rillaboom|31\/100\n|cant|p2b: Pelipper|flinch\n|\n|-weather|RainDance|[upkeep]\n|-heal|p1b: Rillaboom|37\/100|[from] Grassy Terrain\n|upkeep\n|turn|2\n|inactive|RomanGODra has 30 seconds left.\n|inactive|pkmnallrounder has 30 seconds left.\n|\n|t:|1718037574\n|move|p2a: Zapdos|Hurricane|p1b: Rillaboom\n|-supereffective|p1b: Rillaboom\n|-damage|p1b: Rillaboom|0 fnt\n|faint|p1b: Rillaboom\n|move|p2b: Pelipper|Hurricane|p1a: PAWN\n|-damage|p1a: PAWN|67\/100\n|move|p1a: PAWN|Foul Play|p2b: Pelipper\n|-damage|p2b: Pelipper|63\/100\n|\n|-weather|RainDance|[upkeep]\n|-heal|p1a: PAWN|73\/100|[from] Grassy Terrain\n|upkeep\n|\n|t:|1718037581\n|switch|p1b: KING|Terapagos, L50, M|100\/100\n|-activate|p1b: KING|ability: Tera Shift\n|detailschange|p1b: KING|Terapagos-Terastal, L50, M\n|-heal|p1b: KING|100\/100|[silent]\n|turn|3\n|j| shy1535\n|inactive|pkmnallrounder has 30 seconds left.\n|inactive|pkmnallrounder has 20 seconds left.\n|inactive|pkmnallrounder has 15 seconds left.\n|\n|t:|1718037623\n|switch|p2b: Dialga|Dialga-Origin, L50|100\/100\n|move|p1a: PAWN|Thunder Wave|p2b: Dialga\n|-status|p2b: Dialga|par\n|move|p2a: Zapdos|Discharge|p1b: KING|[spread] p1a,p1b\n|-activate|p2b: Dialga|ability: Telepathy\n|-activate|p1b: KING|ability: Tera Shell\n|-resisted|p1b: KING\n|-damage|p1a: PAWN|50\/100\n|-damage|p1b: KING|91\/100\n|-status|p1a: PAWN|par\n|move|p1b: KING|Calm Mind|p1b: KING\n|-boost|p1b: KING|spa|1\n|-boost|p1b: KING|spd|1\n|\n|-weather|RainDance|[upkeep]\n|-heal|p1b: KING|97\/100|[from] Grassy Terrain\n|-heal|p1a: PAWN|56\/100 par|[from] Grassy Terrain\n|upkeep\n|turn|4\n|inactive|RomanGODra has 30 seconds left.\n|\n|t:|1718037656\n|move|p1a: PAWN|Reflect|p1a: PAWN\n|-sidestart|p1: RomanGODra|Reflect\n|move|p2a: Zapdos|Discharge|p1a: PAWN|[spread] p1a,p1b\n|-activate|p2b: Dialga|ability: Telepathy\n|-damage|p1a: PAWN|35\/100 par\n|-damage|p1b: KING|86\/100\n|move|p1b: KING|Calm Mind|p1b: KING\n|-boost|p1b: KING|spa|1\n|-boost|p1b: KING|spd|1\n|move|p2b: Dialga|Trick Room|p2b: Dialga\n|-fieldstart|move: Trick Room|[of] p2b: Dialga\n|\n|-weather|RainDance|[upkeep]\n|-heal|p1a: PAWN|41\/100 par|[from] Grassy Terrain\n|-heal|p1b: KING|92\/100|[from] Grassy Terrain\n|upkeep\n|turn|5\n|inactive|RomanGODra has 30 seconds left.\n|\n|t:|1718037688\n|move|p1b: KING|Protect|p1b: KING\n|-singleturn|p1b: KING|Protect\n|move|p1a: PAWN|Foul Play|p2a: Zapdos\n|-damage|p2a: Zapdos|77\/100\n|move|p2b: Dialga|Flash Cannon|p1a: PAWN\n|-supereffective|p1a: PAWN\n|-damage|p1a: PAWN|0 fnt\n|faint|p1a: PAWN\n|move|p2a: Zapdos|Thunder|p1b: KING\n|-activate|p1b: KING|move: Protect\n|\n|-weather|none\n|-heal|p1b: KING|98\/100|[from] Grassy Terrain\n|-fieldend|move: Grassy Terrain\n|upkeep\n|\n|t:|1718037701\n|switch|p1a: BISHOP|Scream Tail, L50, shiny|100\/100\n|-enditem|p1a: BISHOP|Booster Energy\n|-activate|p1a: BISHOP|ability: Protosynthesis|[fromitem]\n|-start|p1a: BISHOP|protosynthesisspe\n|turn|6\n|\n|t:|1718037715\n|move|p1a: BISHOP|Protect|p1a: BISHOP\n|-singleturn|p1a: BISHOP|Protect\n|cant|p2b: Dialga|par\n|move|p1b: KING|Tera Starstorm|p2a: Zapdos\n|-damage|p2a: Zapdos|0 fnt\n|faint|p2a: Zapdos\n|\n|upkeep\n|\n|t:|1718037718\n|switch|p2a: Ursaluna|Ursaluna, L50, M|100\/100\n|turn|7\n|inactive|RomanGODra has 30 seconds left.\n|inactive|RomanGODra has 20 seconds left.\n|inactive|RomanGODra has 15 seconds left.\n|\n|t:|1718037758\n|-terastallize|p1a: BISHOP|Ghost\n|move|p2a: Ursaluna|Earthquake|p1b: KING|[spread] p1a,p1b\n|-activate|p2b: Dialga|ability: Telepathy\n|-damage|p1a: BISHOP|74\/100\n|-damage|p1b: KING|72\/100\n|move|p2b: Dialga|Flash Cannon|p1a: BISHOP\n|-damage|p1a: BISHOP|45\/100\n|move|p1b: KING|Tera Starstorm|p2a: Ursaluna\n|-damage|p2a: Ursaluna|12\/100\n|move|p1a: BISHOP|Disable|p2a: Ursaluna\n|-start|p2a: Ursaluna|Disable|Earthquake\n|\n|-status|p2a: Ursaluna|brn|[from] item: Flame Orb\n|upkeep\n|turn|8\n|inactive|pkmnallrounder has 30 seconds left.\n|\n|t:|1718037783\n|switch|p2a: Pelipper|Pelipper, L50, F|63\/100\n|-weather|RainDance|[from] ability: Drizzle|[of] p2a: Pelipper\n|move|p1b: KING|Protect|p1b: KING\n|-singleturn|p1b: KING|Protect\n|move|p1a: BISHOP|Protect|p1a: BISHOP\n|-singleturn|p1a: BISHOP|Protect\n|cant|p2b: Dialga|par\n|\n|-weather|RainDance|[upkeep]\n|-sideend|p1: RomanGODra|move: Light Screen\n|-fieldend|move: Trick Room\n|upkeep\n|turn|9\n|\n|t:|1718037800\n|move|p1a: BISHOP|Encore|p2b: Dialga\n|-start|p2b: Dialga|Encore\n|move|p2a: Pelipper|Hurricane|p1a: BISHOP\n|-damage|p1a: BISHOP|12\/100\n|move|p1b: KING|Tera Starstorm|p2a: Pelipper\n|-damage|p2a: Pelipper|0 fnt\n|faint|p2a: Pelipper\n|cant|p2b: Dialga|par\n|\n|-weather|RainDance|[upkeep]\n|upkeep\n|\n|t:|1718037810\n|switch|p2a: Ursaluna|Ursaluna, L50, M|12\/100 brn\n|turn|10\n|-message|pkmnallrounder forfeited.\n|\n|win|RomanGODra\n|raw|RomanGODra's rating: 1716 &rarr; <strong>1736<\/strong><br \/>(+20 for winning)\n|raw|pkmnallrounder's rating: 1721 &rarr; <strong>1701<\/strong><br \/>(-20 for losing)\n|l|\u2606pkmnallrounder\n|player|p2|\n|l| Tlub\n|l|\u2606RomanGODra\n|player|p1|\n|l| shy1535\n","uploadtime":1718038026,"views":29,"formatid":"gen9vgc2024regg","rating":1701,"private":0,"password":null}