{"id":"gen9vgc2024regg-2140371427","format":"[Gen 9] VGC 2024 Reg G","players":["bluestraggler01","AZUNA_Fan"],"log":"|j|\u2606bluestraggler01\n|j|\u2606AZUNA_Fan\n|t:|1717996978\n|gametype|doubles\n|player|p1|bluestraggler01|1|1671\n|player|p2|AZUNA_Fan|dawn-gen4pt|1772\n|teamsize|p1|6\n|teamsize|p2|6\n|gen|9\n|tier|[Gen 9] VGC 2024 Reg G\n|rated|\n|rule|Species Clause: Limit one of each Pok\u00e9mon\n|rule|Item Clause: Limit one of each item\n|clearpoke\n|poke|p1|Groudon, L50|\n|poke|p1|Gouging Fire, L50|\n|poke|p1|Whimsicott, L50, F|\n|poke|p1|Entei, L50|\n|poke|p1|Walking Wake, L50|\n|poke|p1|Brute Bonnet, L50|\n|poke|p2|Calyrex-Shadow, L50|\n|poke|p2|Urshifu-*, L50, F|\n|poke|p2|Indeedee-F, L50, F|\n|poke|p2|Maushold, L50|\n|poke|p2|Dondozo, L50, F|\n|poke|p2|Tatsugiri, L50, M|\n|teampreview|4\n|inactive|Battle timer is ON: inactive players will automatically lose when time's up. (requested by AZUNA_Fan)\n|inactive|bluestraggler01 has 60 seconds left.\n|\n|t:|1717997017\n|start\n|switch|p1a: Walking Wake|Walking Wake, L50|100\/100\n|switch|p1b: Groudon|Groudon, L50|100\/100\n|switch|p2a: Calyrex|Calyrex-Shadow, L50|100\/100\n|switch|p2b: Indeedee|Indeedee-F, L50, F|100\/100\n|-ability|p2a: Calyrex|As One\n|-ability|p2a: Calyrex|Unnerve\n|-weather|SunnyDay|[from] ability: Drought|[of] p1b: Groudon\n|-activate|p1a: Walking Wake|ability: Protosynthesis\n|-start|p1a: Walking Wake|protosynthesisspe\n|-fieldstart|move: Psychic Terrain|[from] ability: Psychic Surge|[of] p2b: Indeedee\n|turn|1\n|j| Kal0stest\n|inactive|AZUNA_Fan has 30 seconds left.\n|\n|t:|1717997045\n|-terastallize|p2a: Calyrex|Dark\n|move|p1b: Groudon|Helping Hand|p1a: Walking Wake\n|-singleturn|p1a: Walking Wake|Helping Hand|[of] p1b: Groudon\n|move|p1a: Walking Wake|Snarl|p2b: Indeedee|[spread] p2a,p2b\n|-resisted|p2a: Calyrex\n|-supereffective|p2b: Indeedee\n|-damage|p2a: Calyrex|86\/100\n|-damage|p2b: Indeedee|54\/100\n|-unboost|p2a: Calyrex|spa|1\n|-unboost|p2b: Indeedee|spa|1\n|-damage|p1a: Walking Wake|91\/100|[from] item: Life Orb\n|move|p2a: Calyrex|Expanding Force|p1a: Walking Wake|[spread] p1a,p1b\n|-damage|p1a: Walking Wake|21\/100\n|-damage|p1b: Groudon|50\/100\n|move|p2b: Indeedee|Dazzling Gleam|p1b: Groudon|[spread] p1a,p1b\n|-supereffective|p1a: Walking Wake\n|-damage|p1a: Walking Wake|0 fnt\n|-damage|p1b: Groudon|42\/100\n|faint|p1a: Walking Wake\n|-end|p1a: Walking Wake|Protosynthesis|[silent]\n|\n|-weather|SunnyDay|[upkeep]\n|upkeep\n|\n|t:|1717997065\n|switch|p1a: Brute Bonnet|Brute Bonnet, L50|100\/100\n|-activate|p1a: Brute Bonnet|ability: Protosynthesis\n|-start|p1a: Brute Bonnet|protosynthesisdef\n|turn|2\n|\n|t:|1717997081\n|switch|p2b: Dondozo|Dondozo, L50, F|100\/100\n|move|p1b: Groudon|Protect|p1b: Groudon\n|-singleturn|p1b: Groudon|Protect\n|move|p2a: Calyrex|Expanding Force|p1a: Brute Bonnet|[spread] \n|-activate|p1b: Groudon|move: Protect\n|-immune|p1a: Brute Bonnet\n|move|p1a: Brute Bonnet|Spore|p2a: Calyrex\n|-status|p2a: Calyrex|slp|[from] move: Spore\n|\n|-weather|SunnyDay|[upkeep]\n|upkeep\n|turn|3\n|\n|t:|1717997101\n|switch|p2b: Indeedee|Indeedee-F, L50, F|54\/100\n|cant|p2a: Calyrex|slp\n|move|p1b: Groudon|Precipice Blades|p2b: Indeedee|[spread] p2a,p2b\n|-damage|p2a: Calyrex|39\/100 slp\n|-damage|p2b: Indeedee|4\/100\n|move|p1a: Brute Bonnet|Spore|p2b: Indeedee\n|-activate|p2b: Indeedee|item: Safety Goggles|Spore\n|\n|-weather|SunnyDay|[upkeep]\n|upkeep\n|turn|4\n|\n|t:|1717997116\n|-end|p1a: Brute Bonnet|Protosynthesis|[silent]\n|switch|p1a: Entei|Entei, L50|100\/100\n|move|p2b: Indeedee|Follow Me|p2b: Indeedee\n|-singleturn|p2b: Indeedee|move: Follow Me\n|cant|p2a: Calyrex|slp\n|move|p1b: Groudon|Precipice Blades|p2b: Indeedee|[spread] p2a,p2b\n|-damage|p2a: Calyrex|0 fnt\n|-damage|p2b: Indeedee|0 fnt\n|faint|p2a: Calyrex\n|faint|p2b: Indeedee\n|\n|-weather|SunnyDay|[upkeep]\n|upkeep\n|\n|t:|1717997126\n|switch|p2a: Dondozo|Dondozo, L50, F|100\/100\n|switch|p2b: Tatsugiri|Tatsugiri, L50, M|100\/100\n|-activate|p2b: Tatsugiri|ability: Commander|[of] p2a: Dondozo\n|-boost|p2a: Dondozo|atk|2\n|-boost|p2a: Dondozo|spa|2\n|-boost|p2a: Dondozo|spe|2\n|-boost|p2a: Dondozo|def|2\n|-boost|p2a: Dondozo|spd|2\n|turn|5\n|\n|t:|1717997139\n|switch|p1a: Brute Bonnet|Brute Bonnet, L50|100\/100\n|-activate|p1a: Brute Bonnet|ability: Protosynthesis\n|-start|p1a: Brute Bonnet|protosynthesisdef\n|move|p1b: Groudon|Protect|p1b: Groudon\n|-singleturn|p1b: Groudon|Protect\n|move|p2a: Dondozo|Wave Crash|p1b: Groudon\n|-activate|p1b: Groudon|move: Protect\n|\n|-weather|none\n|-end|p1a: Brute Bonnet|Protosynthesis\n|-fieldend|move: Psychic Terrain\n|upkeep\n|turn|6\n|\n|t:|1717997162\n|move|p2a: Dondozo|Wave Crash|p1b: Groudon\n|-supereffective|p1b: Groudon\n|-damage|p1b: Groudon|0 fnt\n|faint|p1b: Groudon\n|-damage|p2a: Dondozo|88\/100|[from] Recoil\n|move|p1a: Brute Bonnet|Spore|p2a: Dondozo\n|-status|p2a: Dondozo|slp|[from] move: Spore\n|\n|upkeep\n|\n|t:|1717997165\n|switch|p1b: Entei|Entei, L50|100\/100\n|turn|7\n|\n|t:|1717997175\n|cant|p2a: Dondozo|slp\n|move|p1b: Entei|Sacred Fire|p2a: Dondozo\n|-resisted|p2a: Dondozo\n|-damage|p2a: Dondozo|75\/100 slp\n|move|p1a: Brute Bonnet|Seed Bomb|p2a: Dondozo\n|-supereffective|p2a: Dondozo\n|-damage|p2a: Dondozo|51\/100 slp\n|\n|upkeep\n|turn|8\n|\n|t:|1717997185\n|cant|p2a: Dondozo|slp\n|move|p1b: Entei|Sacred Fire|p2a: Dondozo\n|-resisted|p2a: Dondozo\n|-damage|p2a: Dondozo|36\/100 slp\n|move|p1a: Brute Bonnet|Seed Bomb|p2a: Dondozo\n|-supereffective|p2a: Dondozo\n|-damage|p2a: Dondozo|10\/100 slp\n|\n|upkeep\n|turn|9\n|\n|t:|1717997195\n|move|p1a: Brute Bonnet|Rage Powder|p1a: Brute Bonnet\n|-singleturn|p1a: Brute Bonnet|move: Rage Powder\n|cant|p2a: Dondozo|slp\n|move|p1b: Entei|Sacred Fire|p2a: Dondozo\n|-resisted|p2a: Dondozo\n|-damage|p2a: Dondozo|0 fnt\n|faint|p2a: Dondozo\n|\n|upkeep\n|turn|10\n|-message|AZUNA_Fan forfeited.\n|\n|win|bluestraggler01\n|raw|bluestraggler01's rating: 1671 &rarr; <strong>1697<\/strong><br \/>(+26 for winning)\n|raw|AZUNA_Fan's rating: 1772 &rarr; <strong>1746<\/strong><br \/>(-26 for losing)\n|l|\u2606AZUNA_Fan\n|player|p2|\n|l| Kal0stest\n","uploadtime":1717997405,"views":61,"formatid":"gen9vgc2024regg","rating":1697,"private":0,"password":null}