{"id":"gen9vgc2024regg-2140352209","format":"[Gen 9] VGC 2024 Reg G","players":["roykeenkennedy","AZUNA_Fan"],"log":"|j|\u2606roykeenkennedy\n|j|\u2606AZUNA_Fan\n|t:|1717993599\n|gametype|doubles\n|player|p1|roykeenkennedy|alder|1657\n|player|p2|AZUNA_Fan|dawn-gen4pt|1750\n|teamsize|p1|6\n|teamsize|p2|6\n|gen|9\n|tier|[Gen 9] VGC 2024 Reg G\n|rated|\n|rule|Species Clause: Limit one of each Pok\u00e9mon\n|rule|Item Clause: Limit one of each item\n|clearpoke\n|poke|p1|Zamazenta-*, L50|\n|poke|p1|Grimmsnarl, L50, M|\n|poke|p1|Sinistcha, L50|\n|poke|p1|Incineroar, L50, M|\n|poke|p1|Raging Bolt, L50|\n|poke|p1|Pelipper, L50, M|\n|poke|p2|Calyrex-Shadow, L50|\n|poke|p2|Urshifu-*, L50, F|\n|poke|p2|Indeedee-F, L50, F|\n|poke|p2|Maushold, L50|\n|poke|p2|Dondozo, L50, F|\n|poke|p2|Tatsugiri, L50, M|\n|teampreview|4\n|inactive|Battle timer is ON: inactive players will automatically lose when time's up. (requested by AZUNA_Fan)\n|inactive|roykeenkennedy has 60 seconds left.\n|inactive|AZUNA_Fan has 60 seconds left.\n|\n|t:|1717993645\n|start\n|switch|p1a: Raging Bolt|Raging Bolt, L50|100\/100\n|switch|p1b: Grimmsnarl|Grimmsnarl, L50, M|100\/100\n|switch|p2a: Calyrex|Calyrex-Shadow, L50|100\/100\n|switch|p2b: Maushold|Maushold, L50|100\/100\n|-ability|p2a: Calyrex|As One\n|-ability|p2a: Calyrex|Unnerve\n|turn|1\n|inactive|roykeenkennedy has 30 seconds left.\n|inactive|AZUNA_Fan has 30 seconds left.\n|\n|t:|1717993673\n|-terastallize|p2a: Calyrex|Dark\n|move|p1b: Grimmsnarl|Light Screen|p1b: Grimmsnarl\n|-sidestart|p1: roykeenkennedy|move: Light Screen\n|move|p2a: Calyrex|Astral Barrage|p1a: Raging Bolt|[spread] p1a,p1b\n|-resisted|p1b: Grimmsnarl\n|-damage|p1a: Raging Bolt|75\/100\n|-damage|p1b: Grimmsnarl|77\/100\n|move|p2b: Maushold|Thunder Wave|p1b: Grimmsnarl\n|-status|p1b: Grimmsnarl|par\n|move|p1a: Raging Bolt|Snarl|p2a: Calyrex|[spread] p2a,p2b\n|-resisted|p2a: Calyrex\n|-damage|p2a: Calyrex|95\/100\n|-damage|p2b: Maushold|83\/100\n|-unboost|p2a: Calyrex|spa|1\n|-unboost|p2b: Maushold|spa|1\n|\n|upkeep\n|turn|2\n|\n|t:|1717993693\n|switch|p2b: Dondozo|Dondozo, L50, F|100\/100\n|-terastallize|p1a: Raging Bolt|Electric\n|cant|p1b: Grimmsnarl|par\n|move|p2a: Calyrex|Astral Barrage|p1b: Grimmsnarl|[spread] p1a,p1b\n|-resisted|p1b: Grimmsnarl\n|-damage|p1a: Raging Bolt|56\/100\n|-damage|p1b: Grimmsnarl|62\/100 par\n|move|p1a: Raging Bolt|Charge Beam|p2a: Calyrex\n|-damage|p2a: Calyrex|53\/100\n|-boost|p1a: Raging Bolt|spa|1\n|\n|upkeep\n|turn|3\n|inactive|AZUNA_Fan has 30 seconds left.\n|\n|t:|1717993719\n|switch|p2a: Tatsugiri|Tatsugiri, L50, M|100\/100\n|-activate|p2a: Tatsugiri|ability: Commander|[of] p2b: Dondozo\n|-boost|p2b: Dondozo|atk|2\n|-boost|p2b: Dondozo|spa|2\n|-boost|p2b: Dondozo|spe|2\n|-boost|p2b: Dondozo|def|2\n|-boost|p2b: Dondozo|spd|2\n|move|p1b: Grimmsnarl|Parting Shot|p2b: Dondozo\n|-fail|p2b: Dondozo|unboost|[from] item: Clear Amulet|[of] p2b: Dondozo\n|move|p2b: Dondozo|Wave Crash|p1a: Raging Bolt\n|-crit|p1a: Raging Bolt\n|-damage|p1a: Raging Bolt|0 fnt\n|faint|p1a: Raging Bolt\n|-end|p1a: Raging Bolt|Protosynthesis|[silent]\n|-damage|p2b: Dondozo|83\/100|[from] Recoil\n|\n|upkeep\n|\n|t:|1717993738\n|switch|p1a: Sinistcha|Sinistcha, L50|100\/100\n|-heal|p1b: Grimmsnarl|86\/100 par|[from] ability: Hospitality|[of] p1a: Sinistcha\n|turn|4\n|\n|t:|1717993746\n|cant|p1b: Grimmsnarl|par\n|move|p2b: Dondozo|Order Up|p1a: Sinistcha\n|-damage|p1a: Sinistcha|67\/100\n|-enditem|p1a: Sinistcha|Eject Button\n|-boost|p2b: Dondozo|atk|1\n|\n|t:|1717993753\n|switch|p1a: Zamazenta|Zamazenta-Crowned, L50|100\/100\n|-ability|p1a: Zamazenta|Dauntless Shield|boost\n|-boost|p1a: Zamazenta|def|1\n|\n|upkeep\n|turn|5\n|\n|t:|1717993763\n|move|p1a: Zamazenta|Protect|p1a: Zamazenta\n|-singleturn|p1a: Zamazenta|Protect\n|cant|p1b: Grimmsnarl|par\n|move|p2b: Dondozo|Wave Crash|p1a: Zamazenta\n|-activate|p1a: Zamazenta|move: Protect\n|\n|upkeep\n|turn|6\n|inactive|roykeenkennedy has 30 seconds left.\n|\n|t:|1717993788\n|move|p1b: Grimmsnarl|Reflect|p1b: Grimmsnarl\n|-sidestart|p1: roykeenkennedy|Reflect\n|move|p2b: Dondozo|Wave Crash|p1a: Zamazenta\n|-damage|p1a: Zamazenta|63\/100\n|-damage|p2b: Dondozo|72\/100|[from] Recoil\n|move|p1a: Zamazenta|Body Press|p2b: Dondozo\n|-damage|p2b: Dondozo|54\/100\n|\n|upkeep\n|turn|7\n|\n|t:|1717993800\n|switch|p1b: Sinistcha|Sinistcha, L50|67\/100\n|-heal|p1a: Zamazenta|88\/100|[from] ability: Hospitality|[of] p1b: Sinistcha\n|move|p2b: Dondozo|Wave Crash|p1a: Zamazenta\n|-damage|p1a: Zamazenta|45\/100\n|-damage|p2b: Dondozo|42\/100|[from] Recoil\n|move|p1a: Zamazenta|Body Press|p2b: Dondozo\n|-damage|p2b: Dondozo|25\/100\n|\n|upkeep\n|turn|8\n|j| regulationCrap\n|\n|t:|1717993816\n|move|p1a: Zamazenta|Protect|p1a: Zamazenta\n|-singleturn|p1a: Zamazenta|Protect\n|move|p2b: Dondozo|Order Up|p1b: Sinistcha\n|-damage|p1b: Sinistcha|36\/100\n|-boost|p2b: Dondozo|atk|1\n|move|p1b: Sinistcha|Trick Room|p1b: Sinistcha\n|-fieldstart|move: Trick Room|[of] p1b: Sinistcha\n|\n|-sideend|p1: roykeenkennedy|move: Light Screen\n|upkeep\n|turn|9\n|\n|t:|1717993829\n|move|p1b: Sinistcha|Matcha Gotcha|p2b: Dondozo|[spread] p2b\n|-miss|p1b: Sinistcha|p2a: Tatsugiri\n|-supereffective|p2b: Dondozo\n|-damage|p2b: Dondozo|4\/100\n|-heal|p1b: Sinistcha|51\/100|[from] drain|[of] p2b: Dondozo\n|move|p1a: Zamazenta|Body Press|p2a: Tatsugiri|[miss]\n|-miss|p1a: Zamazenta|p2a: Tatsugiri\n|move|p2b: Dondozo|Order Up|p1b: Sinistcha\n|-damage|p1b: Sinistcha|17\/100\n|-boost|p2b: Dondozo|atk|1\n|\n|upkeep\n|turn|10\n|\n|t:|1717993848\n|move|p2b: Dondozo|Protect|p2b: Dondozo\n|-singleturn|p2b: Dondozo|Protect\n|move|p1b: Sinistcha|Life Dew|p1b: Sinistcha|[spread] p1a,p1b\n|-heal|p1a: Zamazenta|70\/100\n|-heal|p1b: Sinistcha|42\/100\n|move|p1a: Zamazenta|Body Press|p2b: Dondozo\n|-activate|p2b: Dondozo|move: Protect\n|\n|upkeep\n|turn|11\n|\n|t:|1717993861\n|move|p1b: Sinistcha|Matcha Gotcha|p2b: Dondozo|[spread] p2b\n|-miss|p1b: Sinistcha|p2a: Tatsugiri\n|-supereffective|p2b: Dondozo\n|-damage|p2b: Dondozo|0 fnt\n|-heal|p1b: Sinistcha|44\/100|[from] drain|[of] p2b: Dondozo\n|faint|p2b: Dondozo\n|move|p1a: Zamazenta|Body Press|p2a: Tatsugiri\n|-enditem|p2a: Tatsugiri|Focus Sash\n|-damage|p2a: Tatsugiri|1\/100\n|\n|upkeep\n|\n|t:|1717993875\n|switch|p2b: Maushold|Maushold, L50|83\/100\n|turn|12\n|\n|t:|1717993893\n|move|p1b: Sinistcha|Matcha Gotcha|p2a: Tatsugiri|[spread] p2a,p2b\n|-damage|p2a: Tatsugiri|0 fnt\n|-heal|p1b: Sinistcha|45\/100|[from] drain|[of] p2a: Tatsugiri\n|-damage|p2b: Maushold|52\/100\n|-heal|p1b: Sinistcha|63\/100|[from] drain|[of] p2b: Maushold\n|faint|p2a: Tatsugiri\n|move|p2b: Maushold|Thunder Wave|p1a: Zamazenta\n|-status|p1a: Zamazenta|par\n|move|p1a: Zamazenta|Body Press|p2b: Maushold\n|-supereffective|p2b: Maushold\n|-damage|p2b: Maushold|0 fnt\n|faint|p2b: Maushold\n|\n|-fieldend|move: Trick Room\n|upkeep\n|\n|t:|1717993908\n|switch|p2b: Calyrex|Calyrex-Shadow, L50, tera:Dark|53\/100\n|-ability|p2b: Calyrex|As One\n|-ability|p2b: Calyrex|Unnerve\n|turn|13\n|\n|t:|1717993917\n|switch|p1b: Grimmsnarl|Grimmsnarl, L50, M|86\/100 par\n|move|p2b: Calyrex|Astral Barrage|p1a: Zamazenta|[spread] p1a,p1b\n|-resisted|p1b: Grimmsnarl\n|-damage|p1a: Zamazenta|23\/100 par\n|-damage|p1b: Grimmsnarl|49\/100 par\n|move|p1a: Zamazenta|Body Press|p2b: Calyrex\n|-supereffective|p2b: Calyrex\n|-damage|p2b: Calyrex|0 fnt\n|faint|p2b: Calyrex\n|\n|win|roykeenkennedy\n|raw|roykeenkennedy's rating: 1657 &rarr; <strong>1682<\/strong><br \/>(+25 for winning)\n|raw|AZUNA_Fan's rating: 1750 &rarr; <strong>1725<\/strong><br \/>(-25 for losing)\n|l|\u2606AZUNA_Fan\n|player|p2|\n|l|\u2606roykeenkennedy\n|player|p1|\n|l| regulationCrap\n","uploadtime":1717994111,"views":21,"formatid":"gen9vgc2024regg","rating":1682,"private":0,"password":null}