{"id":"gen9vgc2024regg-2140629502","format":"[Gen 9] VGC 2024 Reg G","players":["Krisuerte","KSunfr"],"log":"|j|\u2606Krisuerte\n|j|\u2606KSunfr\n|t:|1718035386\n|gametype|doubles\n|player|p1|Krisuerte|266|1781\n|player|p2|KSunfr|dancer|1778\n|teamsize|p1|6\n|teamsize|p2|6\n|gen|9\n|tier|[Gen 9] VGC 2024 Reg G\n|rated|\n|rule|Species Clause: Limit one of each Pok\u00e9mon\n|rule|Item Clause: Limit one of each item\n|clearpoke\n|poke|p1|Sinistcha-Masterpiece, L50|\n|poke|p1|Kyogre, L50|\n|poke|p1|Tornadus, L50, M|\n|poke|p1|Urshifu-*, L50, M|\n|poke|p1|Archaludon, L50, F|\n|poke|p1|Landorus, L50, M|\n|poke|p2|Terapagos, L50, M|\n|poke|p2|Urshifu-*, L50, M|\n|poke|p2|Chi-Yu, L50|\n|poke|p2|Flutter Mane, L50|\n|poke|p2|Iron Hands, L50|\n|poke|p2|Grimmsnarl, L50, M|\n|teampreview|4\n|inactive|Battle timer is ON: inactive players will automatically lose when time's up. (requested by KSunfr)\nKSunfr has agreed to open team sheets.\n|\n|t:|1718035416\n|start\n|switch|p1a: Kyogre|Kyogre, L50|100\/100\n|switch|p1b: Tornadus|Tornadus, L50, M|100\/100\n|switch|p2a: Grimmsnarl|Grimmsnarl, L50, M|100\/100\n|switch|p2b: Flutter Mane|Flutter Mane, L50|100\/100\n|-weather|RainDance|[from] ability: Drizzle|[of] p1a: Kyogre\n|-enditem|p2b: Flutter Mane|Booster Energy\n|-activate|p2b: Flutter Mane|ability: Protosynthesis|[fromitem]\n|-start|p2b: Flutter Mane|protosynthesisspe\n|turn|1\n|\n|t:|1718035433\n|move|p1b: Tornadus|Tailwind|p1b: Tornadus\n|-sidestart|p1: Krisuerte|move: Tailwind\n|move|p2a: Grimmsnarl|Light Screen|p2a: Grimmsnarl\n|-sidestart|p2: KSunfr|move: Light Screen\n|move|p2b: Flutter Mane|Icy Wind|p1a: Kyogre|[spread] p1a,p1b\n|-resisted|p1a: Kyogre\n|-supereffective|p1b: Tornadus\n|-crit|p1b: Tornadus\n|-damage|p1a: Kyogre|97\/100\n|-damage|p1b: Tornadus|61\/100\n|-unboost|p1a: Kyogre|spe|1\n|move|p1a: Kyogre|Water Spout|p2b: Flutter Mane|[spread] p2a,p2b\n|-damage|p2a: Grimmsnarl|11\/100\n|-damage|p2b: Flutter Mane|10\/100\n|\n|-weather|RainDance|[upkeep]\n|upkeep\n|turn|2\n|j| getback04\n|\n|t:|1718035455\n|-terastallize|p1b: Tornadus|Dark\n|move|p2a: Grimmsnarl|Thunder Wave|p1a: Kyogre\n|-status|p1a: Kyogre|par\n|move|p1b: Tornadus|Bleakwind Storm|p2a: Grimmsnarl|[spread] p2a,p2b\n|-damage|p2a: Grimmsnarl|0 fnt\n|-damage|p2b: Flutter Mane|0 fnt\n|faint|p2a: Grimmsnarl\n|faint|p2b: Flutter Mane\n|-end|p2b: Flutter Mane|Protosynthesis|[silent]\n|move|p1a: Kyogre|Water Spout|p2: Grimmsnarl|[notarget]\n|-fail|p1a: Kyogre\n|\n|-weather|RainDance|[upkeep]\n|upkeep\n|\n|t:|1718035462\n|switch|p2b: Urshifu|Urshifu-Rapid-Strike, L50, M|100\/100\n|switch|p2a: Terapagos|Terapagos, L50, M|100\/100\n|-activate|p2a: Terapagos|ability: Tera Shift\n|detailschange|p2a: Terapagos|Terapagos-Terastal, L50, M\n|-heal|p2a: Terapagos|100\/100|[silent]\n|turn|3\n|\n|t:|1718035484\n|switch|p1a: Archaludon|Archaludon, L50, F|100\/100\n|move|p2b: Urshifu|Detect|p2b: Urshifu\n|-singleturn|p2b: Urshifu|Protect\n|move|p1b: Tornadus|Bleakwind Storm|p2a: Terapagos|[spread] p2a\n|-activate|p2b: Urshifu|move: Protect\n|-activate|p2a: Terapagos|ability: Tera Shell\n|-resisted|p2a: Terapagos\n|-damage|p2a: Terapagos|90\/100\n|move|p2a: Terapagos|Tera Starstorm|p1b: Tornadus\n|-damage|p1b: Tornadus|0 fnt\n|faint|p1b: Tornadus\n|\n|-weather|RainDance|[upkeep]\n|upkeep\n|\n|t:|1718035502\n|switch|p1b: Urshifu|Urshifu-Rapid-Strike, L50, M|100\/100\n|turn|4\n|\n|t:|1718035526\n|-terastallize|p2a: Terapagos|Stellar\n|detailschange|p2a: Terapagos|Terapagos-Stellar, L50, M, tera:Stellar\n|-heal|p2a: Terapagos|93\/100|[silent]\n|-ability|p2a: Terapagos|Teraform Zero\n|-weather|none\n|move|p1b: Urshifu|Close Combat|p2a: Terapagos\n|-supereffective|p2a: Terapagos\n|-damage|p2a: Terapagos|1\/100\n|-unboost|p1b: Urshifu|def|1\n|-unboost|p1b: Urshifu|spd|1\n|move|p1a: Archaludon|Flash Cannon|p2a: Terapagos\n|-damage|p2a: Terapagos|0 fnt\n|faint|p2a: Terapagos\n|move|p2b: Urshifu|Surging Strikes|p1b: Urshifu\n|-resisted|p1b: Urshifu\n|-crit|p1b: Urshifu\n|-damage|p1b: Urshifu|85\/100\n|-resisted|p1b: Urshifu\n|-crit|p1b: Urshifu\n|-damage|p1b: Urshifu|70\/100\n|-resisted|p1b: Urshifu\n|-crit|p1b: Urshifu\n|-damage|p1b: Urshifu|55\/100\n|-hitcount|p1b: Urshifu|3\n|\n|-sideend|p1: Krisuerte|move: Tailwind\n|upkeep\n|turn|5\n|inactive|Krisuerte has 30 seconds left.\n|inactive|KSunfr has 30 seconds left.\n|\n|t:|1718035561\n|switch|p1b: Kyogre|Kyogre, L50|97\/100 par\n|-weather|RainDance|[from] ability: Drizzle|[of] p1b: Kyogre\n|move|p2b: Urshifu|Surging Strikes|p1b: Kyogre\n|-resisted|p1b: Kyogre\n|-crit|p1b: Kyogre\n|-damage|p1b: Kyogre|80\/100 par\n|-resisted|p1b: Kyogre\n|-crit|p1b: Kyogre\n|-damage|p1b: Kyogre|65\/100 par\n|-resisted|p1b: Kyogre\n|-crit|p1b: Kyogre\n|-damage|p1b: Kyogre|47\/100 par\n|-hitcount|p1b: Kyogre|3\n|move|p1a: Archaludon|Electro Shot||[still]\n|-prepare|p1a: Archaludon|Electro Shot\n|-boost|p1a: Archaludon|spa|1\n|-anim|p1a: Archaludon|Electro Shot|p2b: Urshifu\n|-supereffective|p2b: Urshifu\n|-damage|p2b: Urshifu|0 fnt\n|faint|p2b: Urshifu\n|\n|win|Krisuerte\n|raw|Krisuerte's rating: 1781 &rarr; <strong>1801<\/strong><br \/>(+20 for winning)\n|raw|KSunfr's rating: 1778 &rarr; <strong>1758<\/strong><br \/>(-20 for losing)\n|l|\u2606KSunfr\n|player|p2|\n|l|\u2606Krisuerte\n|player|p1|\n|l| getback04\n","uploadtime":1718035805,"views":142,"formatid":"gen9vgc2024regg","rating":1758,"private":0,"password":null}