{"id":"gen9vgc2024regg-2140590406","format":"[Gen 9] VGC 2024 Reg G","players":["The Umpire","actuary97"],"log":"|j|\u2606The Umpire\n|j|\u2606actuary97\n|t:|1718031286\n|gametype|doubles\n|player|p1|The Umpire|volkner|1741\n|player|p2|actuary97|sabrina-lgpe|1697\n|teamsize|p1|6\n|teamsize|p2|6\n|gen|9\n|tier|[Gen 9] VGC 2024 Reg G\n|rated|\n|rule|Species Clause: Limit one of each Pok\u00e9mon\n|rule|Item Clause: Limit one of each item\n|clearpoke\n|poke|p1|Zamazenta-*, L50|\n|poke|p1|Chien-Pao, L50|\n|poke|p1|Scream Tail, L50|\n|poke|p1|Rillaboom, L50, F|\n|poke|p1|Moltres-Galar, L50|\n|poke|p1|Chandelure, L50, F|\n|poke|p2|Comfey, L50, M|\n|poke|p2|Whimsicott, L50, M|\n|poke|p2|Araquanid, L50, M|\n|poke|p2|Kyogre, L50|\n|poke|p2|Archaludon, L50, M|\n|poke|p2|Moltres-Galar, L50|\n|teampreview|4\nactuary97 has agreed to open team sheets.\nThe Umpire has agreed to open team sheets.\n|j| stickywall\n|c|\u2606actuary97|chandelure! love it\n|c|\u2606actuary97|glhf\n|c|\u2606The Umpire|u2!!\n|\n|t:|1718031357\n|start\n|switch|p1a: Zamazenta|Zamazenta-Crowned, L50|100\/100\n|switch|p1b: Scream Tail|Scream Tail, L50, shiny|100\/100\n|switch|p2a: Whimsicott|Whimsicott, L50, M, shiny|100\/100\n|switch|p2b: Archaludon|Archaludon, L50, M, shiny|100\/100\n|-ability|p1a: Zamazenta|Dauntless Shield|boost\n|-boost|p1a: Zamazenta|def|1\n|-enditem|p1b: Scream Tail|Booster Energy\n|-activate|p1b: Scream Tail|ability: Protosynthesis|[fromitem]\n|-start|p1b: Scream Tail|protosynthesisspe\n|turn|1\n|\n|t:|1718031375\n|move|p1b: Scream Tail|Encore||[still]\n|-fail|p1b: Scream Tail\n|move|p2a: Whimsicott|Beat Up|p2b: Archaludon\n|-damage|p2b: Archaludon|99\/100\n|-ability|p2b: Archaludon|Stamina|boost\n|-boost|p2b: Archaludon|def|1\n|-damage|p2b: Archaludon|97\/100\n|-ability|p2b: Archaludon|Stamina|boost\n|-boost|p2b: Archaludon|def|1\n|-damage|p2b: Archaludon|96\/100\n|-ability|p2b: Archaludon|Stamina|boost\n|-boost|p2b: Archaludon|def|1\n|-damage|p2b: Archaludon|96\/100\n|-ability|p2b: Archaludon|Stamina|boost\n|-boost|p2b: Archaludon|def|1\n|-hitcount|p2b: Archaludon|4\n|move|p1a: Zamazenta|Body Press|p2b: Archaludon\n|-supereffective|p2b: Archaludon\n|-damage|p2b: Archaludon|65\/100\n|-ability|p2b: Archaludon|Stamina|boost\n|-boost|p2b: Archaludon|def|1\n|move|p2b: Archaludon|Body Press|p1a: Zamazenta\n|-supereffective|p1a: Zamazenta\n|-damage|p1a: Zamazenta|30\/100\n|\n|upkeep\n|turn|2\n|\n|t:|1718031391\n|move|p2a: Whimsicott|Encore||[still]\n|-fail|p2a: Whimsicott\n|move|p1b: Scream Tail|Disable|p2b: Archaludon\n|-start|p2b: Archaludon|Disable|Body Press\n|move|p1a: Zamazenta|Heavy Slam|p2a: Whimsicott\n|-supereffective|p2a: Whimsicott\n|-enditem|p2a: Whimsicott|Focus Sash\n|-damage|p2a: Whimsicott|1\/100\n|cant|p2b: Archaludon|Disable|Body Press\n|\n|upkeep\n|turn|3\n|c|\u2606actuary97|oh I can't encore your encore!!\n|c|\u2606The Umpire|nope i don't think so\n|c|\u2606actuary97|I never knew that interaction exist\n|c|\u2606The Umpire|its a weird mechanic\n|c|\u2606actuary97|oh because the move failed\n|c|\u2606actuary97|dang\n|c|\u2606actuary97|I would've set up tailwind for sure\n|j| fukan123\n|\n|t:|1718031428\n|move|p2a: Whimsicott|Tailwind|p2a: Whimsicott\n|-sidestart|p2: actuary97|move: Tailwind\n|move|p1b: Scream Tail|Encore|p2a: Whimsicott\n|-start|p2a: Whimsicott|Encore\n|move|p2b: Archaludon|Flash Cannon|p1b: Scream Tail\n|-supereffective|p1b: Scream Tail\n|-damage|p1b: Scream Tail|45\/100\n|-unboost|p1b: Scream Tail|spd|1\n|move|p1a: Zamazenta|Body Press|p2b: Archaludon\n|-supereffective|p2b: Archaludon\n|-damage|p2b: Archaludon|38\/100\n|-ability|p2b: Archaludon|Stamina|boost\n|-boost|p2b: Archaludon|def|1\n|\n|upkeep\n|turn|4\n|\n|t:|1718031446\n|switch|p2a: Comfey|Comfey, L50, M, shiny|100\/100\n|move|p1b: Scream Tail|Dazzling Gleam|p2b: Archaludon|[spread] p2a,p2b\n|-damage|p2a: Comfey|85\/100\n|-damage|p2b: Archaludon|28\/100\n|move|p2b: Archaludon|Flash Cannon|p1b: Scream Tail\n|-supereffective|p1b: Scream Tail\n|-damage|p1b: Scream Tail|0 fnt\n|faint|p1b: Scream Tail\n|-end|p1b: Scream Tail|Protosynthesis|[silent]\n|move|p1a: Zamazenta|Body Press|p2a: Comfey\n|-resisted|p2a: Comfey\n|-crit|p2a: Comfey\n|-damage|p2a: Comfey|25\/100\n|\n|upkeep\n|\n|t:|1718031459\n|switch|p1b: Chien-Pao|Chien-Pao, L50|100\/100\n|-ability|p1b: Chien-Pao|Sword of Ruin\n|turn|5\n|\n|t:|1718031467\n|move|p2a: Comfey|Draining Kiss|p1b: Chien-Pao\n|-supereffective|p1b: Chien-Pao\n|-damage|p1b: Chien-Pao|35\/100\n|-heal|p2a: Comfey|74\/100|[from] drain|[of] p1b: Chien-Pao\n|move|p2b: Archaludon|Flash Cannon|p1b: Chien-Pao\n|-supereffective|p1b: Chien-Pao\n|-damage|p1b: Chien-Pao|0 fnt\n|faint|p1b: Chien-Pao\n|move|p1a: Zamazenta|Heavy Slam|p2a: Comfey\n|-supereffective|p2a: Comfey\n|-damage|p2a: Comfey|0 fnt\n|faint|p2a: Comfey\n|\n|-end|p2b: Archaludon|Disable\n|upkeep\n|\n|t:|1718031483\n|switch|p1b: Rillaboom|Rillaboom, L50, F|100\/100\n|switch|p2a: Whimsicott|Whimsicott, L50, M, shiny|1\/100\n|-fieldstart|move: Grassy Terrain|[from] ability: Grassy Surge|[of] p1b: Rillaboom\n|turn|6\n|\n|t:|1718031498\n|switch|p2a: Kyogre|Kyogre, L50|100\/100\n|-weather|RainDance|[from] ability: Drizzle|[of] p2a: Kyogre\n|move|p1b: Rillaboom|Fake Out|p2b: Archaludon\n|-resisted|p2b: Archaludon\n|-damage|p2b: Archaludon|27\/100\n|cant|p2b: Archaludon|flinch\n|move|p1a: Zamazenta|Body Press|p2a: Kyogre\n|-damage|p2a: Kyogre|48\/100\n|\n|-weather|RainDance|[upkeep]\n|-heal|p2a: Kyogre|54\/100|[from] Grassy Terrain\n|-heal|p2b: Archaludon|33\/100|[from] Grassy Terrain\n|-heal|p1a: Zamazenta|36\/100|[from] Grassy Terrain\n|-sideend|p2: actuary97|move: Tailwind\n|upkeep\n|turn|7\n|\n|t:|1718031517\n|-terastallize|p1a: Zamazenta|Dragon\n|-terastallize|p2a: Kyogre|Grass\n|move|p1a: Zamazenta|Body Press|p2b: Archaludon\n|-supereffective|p2b: Archaludon\n|-damage|p2b: Archaludon|6\/100\n|move|p1b: Rillaboom|Wood Hammer|p2b: Archaludon\n|-resisted|p2b: Archaludon\n|-damage|p2b: Archaludon|2\/100\n|-damage|p1b: Rillaboom|99\/100|[from] Recoil\n|move|p2a: Kyogre|Ice Beam|p1b: Rillaboom\n|-supereffective|p1b: Rillaboom\n|-crit|p1b: Rillaboom\n|-damage|p1b: Rillaboom|25\/100\n|move|p2b: Archaludon|Body Press|p1a: Zamazenta\n|-damage|p1a: Zamazenta|0 fnt\n|faint|p1a: Zamazenta\n|\n|-weather|RainDance|[upkeep]\n|-heal|p1b: Rillaboom|32\/100|[from] Grassy Terrain\n|-heal|p2a: Kyogre|59\/100|[from] Grassy Terrain\n|-heal|p2b: Archaludon|8\/100|[from] Grassy Terrain\n|upkeep\n|turn|8\n|c|\u2606actuary97|gg\n|c|\u2606The Umpire|gg\n|\n|t:|1718031532\n|move|p1b: Rillaboom|Wood Hammer|p2b: Archaludon\n|-resisted|p2b: Archaludon\n|-damage|p2b: Archaludon|4\/100\n|-damage|p1b: Rillaboom|30\/100|[from] Recoil\n|move|p2a: Kyogre|Ice Beam|p1b: Rillaboom\n|-supereffective|p1b: Rillaboom\n|-damage|p1b: Rillaboom|0 fnt\n|faint|p1b: Rillaboom\n|\n|win|actuary97\n|raw|The Umpire's rating: 1741 &rarr; <strong>1718<\/strong><br \/>(-23 for losing)\n|raw|actuary97's rating: 1697 &rarr; <strong>1720<\/strong><br \/>(+23 for winning)\n|l|\u2606The Umpire\n|player|p1|\n|l| fukan123\n","uploadtime":1718031743,"views":59,"formatid":"gen9vgc2024regg","rating":1718,"private":0,"password":null}