{"id":"gen9vgc2024regg-2140425111","format":"[Gen 9] VGC 2024 Reg G","players":["Zorua0","Tempest brute"],"log":"|j|\u2606Zorua0\n|j|\u2606Tempest brute\n|t:|1718007459\n|gametype|doubles\n|player|p1|Zorua0|1|1699\n|player|p2|Tempest brute|1|1760\n|teamsize|p1|6\n|teamsize|p2|6\n|gen|9\n|tier|[Gen 9] VGC 2024 Reg G\n|rated|\n|rule|Species Clause: Limit one of each Pok\u00e9mon\n|rule|Item Clause: Limit one of each item\n|clearpoke\n|poke|p1|Kyogre, L50|\n|poke|p1|Amoonguss, L50, M|\n|poke|p1|Chien-Pao, L50|\n|poke|p1|Archaludon, L50, F|\n|poke|p1|Tornadus, L50, M|\n|poke|p1|Urshifu-*, L50, F|\n|poke|p2|Lunala, L50|\n|poke|p2|Roaring Moon, L50|\n|poke|p2|Entei, L50|\n|poke|p2|Ogerpon-Wellspring, L50, F|\n|poke|p2|Iron Hands, L50|\n|poke|p2|Ursaluna-Bloodmoon, L50, M|\n|teampreview|4\nZorua0 has agreed to open team sheets.\n|\n|t:|1718007494\n|start\n|switch|p1a: Tornadus|Tornadus, L50, M|100\/100\n|switch|p1b: Kyogre|Kyogre, L50|100\/100\n|switch|p2a: Lunala|Lunala, L50|100\/100\n|switch|p2b: Roaring Moon|Roaring Moon, L50|100\/100\n|-weather|RainDance|[from] ability: Drizzle|[of] p1b: Kyogre\n|-enditem|p2b: Roaring Moon|Booster Energy\n|-activate|p2b: Roaring Moon|ability: Protosynthesis|[fromitem]\n|-start|p2b: Roaring Moon|protosynthesisspe\n|turn|1\n|j| Kal0stest\n|\n|t:|1718007522\n|-terastallize|p2a: Lunala|Water\n|move|p1a: Tornadus|Tailwind|p1a: Tornadus\n|-sidestart|p1: Zorua0|move: Tailwind\n|move|p1b: Kyogre|Water Spout|p2b: Roaring Moon|[spread] p2a,p2b\n|-resisted|p2a: Lunala\n|-resisted|p2b: Roaring Moon\n|-damage|p2a: Lunala|83\/100\n|-damage|p2b: Roaring Moon|52\/100\n|move|p2b: Roaring Moon|Knock Off|p1b: Kyogre\n|-damage|p1b: Kyogre|58\/100\n|-enditem|p1b: Kyogre|Mystic Water|[from] move: Knock Off|[of] p2b: Roaring Moon\n|move|p2a: Lunala|Moongeist Beam|p1a: Tornadus\n|-damage|p1a: Tornadus|52\/100\n|\n|-weather|RainDance|[upkeep]\n|-heal|p2a: Lunala|89\/100|[from] item: Leftovers\n|upkeep\n|turn|2\n|\n|t:|1718007543\n|move|p2b: Roaring Moon|Protect|p2b: Roaring Moon\n|-singleturn|p2b: Roaring Moon|Protect\n|move|p2a: Lunala|Protect|p2a: Lunala\n|-singleturn|p2a: Lunala|Protect\n|move|p1a: Tornadus|Bleakwind Storm|p2b: Roaring Moon|[spread] \n|-activate|p2a: Lunala|move: Protect\n|-activate|p2b: Roaring Moon|move: Protect\n|move|p1b: Kyogre|Origin Pulse|p2a: Lunala|[spread] \n|-activate|p2a: Lunala|move: Protect\n|-activate|p2b: Roaring Moon|move: Protect\n|\n|-weather|RainDance|[upkeep]\n|-heal|p2a: Lunala|96\/100|[from] item: Leftovers\n|upkeep\n|turn|3\n|\n|t:|1718007557\n|move|p1a: Tornadus|Bleakwind Storm|p2a: Lunala|[spread] p2a,p2b\n|-damage|p2a: Lunala|76\/100\n|-damage|p2b: Roaring Moon|26\/100\n|-unboost|p2b: Roaring Moon|spe|1\n|move|p1b: Kyogre|Origin Pulse|p2b: Roaring Moon|[spread] p2a,p2b\n|-resisted|p2a: Lunala\n|-resisted|p2b: Roaring Moon\n|-damage|p2a: Lunala|54\/100\n|-damage|p2b: Roaring Moon|0 fnt\n|faint|p2b: Roaring Moon\n|-end|p2b: Roaring Moon|Protosynthesis|[silent]\n|move|p2a: Lunala|Moongeist Beam|p1b: Kyogre\n|-damage|p1b: Kyogre|26\/100\n|\n|-weather|RainDance|[upkeep]\n|-heal|p2a: Lunala|60\/100|[from] item: Leftovers\n|upkeep\n|\n|t:|1718007572\n|switch|p2b: Iron Hands|Iron Hands, L50|100\/100\n|turn|4\n|j| BlackWu\n|\n|t:|1718007601\n|move|p1b: Kyogre|Protect|p1b: Kyogre\n|-singleturn|p1b: Kyogre|Protect\n|move|p2b: Iron Hands|Fake Out|p1b: Kyogre\n|-activate|p1b: Kyogre|move: Protect\n|move|p1a: Tornadus|Bleakwind Storm|p2b: Iron Hands|[spread] p2a,p2b\n|-damage|p2a: Lunala|40\/100\n|-damage|p2b: Iron Hands|75\/100\n|move|p2a: Lunala|Moonlight|p2a: Lunala\n|-heal|p2a: Lunala|65\/100\n|\n|-weather|RainDance|[upkeep]\n|-heal|p2a: Lunala|71\/100|[from] item: Leftovers\n|-sideend|p1: Zorua0|move: Tailwind\n|upkeep\n|turn|5\n|\n|t:|1718007620\n|move|p1a: Tornadus|Tailwind|p1a: Tornadus\n|-sidestart|p1: Zorua0|move: Tailwind\n|move|p1b: Kyogre|Origin Pulse|p2a: Lunala|[spread] p2a,p2b\n|-resisted|p2a: Lunala\n|-damage|p2a: Lunala|51\/100\n|-damage|p2b: Iron Hands|27\/100\n|move|p2a: Lunala|Moongeist Beam|p1b: Kyogre\n|-damage|p1b: Kyogre|0 fnt\n|faint|p1b: Kyogre\n|move|p2b: Iron Hands|Wild Charge|p1a: Tornadus\n|-supereffective|p1a: Tornadus\n|-damage|p1a: Tornadus|0 fnt\n|faint|p1a: Tornadus\n|-damage|p2b: Iron Hands|17\/100|[from] Recoil\n|-enditem|p2b: Iron Hands|Iapapa Berry|[eat]\n|-heal|p2b: Iron Hands|50\/100|[from] item: Iapapa Berry\n|\n|-weather|none\n|-heal|p2a: Lunala|57\/100|[from] item: Leftovers\n|upkeep\n|\n|t:|1718007631\n|switch|p1a: Archaludon|Archaludon, L50, F|100\/100\n|switch|p1b: Amoonguss|Amoonguss, L50, M|100\/100\n|turn|6\n|\n|t:|1718007682\n|-end|p2b: Iron Hands|Quark Drive|[silent]\n|switch|p2b: Ogerpon|Ogerpon-Wellspring, L50, F|100\/100\n|move|p1a: Archaludon|Body Press|p2a: Lunala\n|-damage|p2a: Lunala|41\/100\n|move|p2a: Lunala|Moongeist Beam|p1b: Amoonguss\n|-damage|p1b: Amoonguss|64\/100\n|move|p1b: Amoonguss|Spore|p2b: Ogerpon\n|-immune|p2b: Ogerpon\n|\n|-heal|p2a: Lunala|48\/100|[from] item: Leftovers\n|upkeep\n|turn|7\n|\n|t:|1718007721\n|move|p1a: Archaludon|Electro Shot||[still]\n|-prepare|p1a: Archaludon|Electro Shot\n|-boost|p1a: Archaludon|spa|1\n|move|p2b: Ogerpon|Swords Dance|p2b: Ogerpon\n|-boost|p2b: Ogerpon|atk|2\n|move|p2a: Lunala|Moongeist Beam|p1b: Amoonguss\n|-damage|p1b: Amoonguss|27\/100\n|-enditem|p1b: Amoonguss|Sitrus Berry|[eat]\n|-heal|p1b: Amoonguss|52\/100|[from] item: Sitrus Berry\n|move|p1b: Amoonguss|Pollen Puff|p2b: Ogerpon\n|-supereffective|p2b: Ogerpon\n|-damage|p2b: Ogerpon|66\/100\n|\n|-heal|p2a: Lunala|54\/100|[from] item: Leftovers\n|upkeep\n|turn|8\n|\n|t:|1718007752\n|move|p2b: Ogerpon|Spiky Shield|p2b: Ogerpon\n|-singleturn|p2b: Ogerpon|move: Protect\n|move|p2a: Lunala|Protect|p2a: Lunala\n|-singleturn|p2a: Lunala|Protect\n|move|p1a: Archaludon|Electro Shot|p2a: Lunala|[from]lockedmove\n|-activate|p2a: Lunala|move: Protect\n|move|p1b: Amoonguss|Pollen Puff|p2b: Ogerpon\n|-activate|p2b: Ogerpon|move: Protect\n|\n|-heal|p2a: Lunala|60\/100|[from] item: Leftovers\n|-sideend|p1: Zorua0|move: Tailwind\n|upkeep\n|turn|9\n|\n|t:|1718007771\n|move|p2b: Ogerpon|Ivy Cudgel|p1b: Amoonguss|[anim] Ivy Cudgel Water\n|-resisted|p1b: Amoonguss\n|-damage|p1b: Amoonguss|5\/100\n|move|p2a: Lunala|Moongeist Beam|p1b: Amoonguss\n|-damage|p1b: Amoonguss|0 fnt\n|faint|p1b: Amoonguss\n|move|p1a: Archaludon|Body Press|p2b: Ogerpon\n|-damage|p2b: Ogerpon|42\/100\n|\n|-heal|p2a: Lunala|66\/100|[from] item: Leftovers\n|upkeep\n|turn|10\n|\n|t:|1718007787\n|move|p2b: Ogerpon|Ivy Cudgel|p1a: Archaludon|[anim] Ivy Cudgel Water\n|-resisted|p1a: Archaludon\n|-damage|p1a: Archaludon|58\/100\n|-ability|p1a: Archaludon|Stamina|boost\n|-boost|p1a: Archaludon|def|1\n|move|p2a: Lunala|Moongeist Beam|p1a: Archaludon\n|-damage|p1a: Archaludon|24\/100\n|-ability|p1a: Archaludon|Stamina|boost\n|-boost|p1a: Archaludon|def|1\n|move|p1a: Archaludon|Draco Meteor|p2a: Lunala|[miss]\n|-miss|p1a: Archaludon|p2a: Lunala\n|\n|-heal|p2a: Lunala|72\/100|[from] item: Leftovers\n|upkeep\n|turn|11\n|\n|t:|1718007838\n|move|p2b: Ogerpon|Ivy Cudgel|p1a: Archaludon|[anim] Ivy Cudgel Water\n|-resisted|p1a: Archaludon\n|-damage|p1a: Archaludon|3\/100\n|-ability|p1a: Archaludon|Stamina|boost\n|-boost|p1a: Archaludon|def|1\n|move|p2a: Lunala|Moongeist Beam|p1a: Archaludon\n|-damage|p1a: Archaludon|0 fnt\n|faint|p1a: Archaludon\n|\n|win|Tempest brute\n|raw|Zorua0's rating: 1699 &rarr; <strong>1682<\/strong><br \/>(-17 for losing)\n|raw|Tempest brute's rating: 1760 &rarr; <strong>1777<\/strong><br \/>(+17 for winning)\n|l|\u2606Tempest brute\n|player|p2|\n|l| Kal0stest\n|l|\u2606Zorua0\n|player|p1|\n","uploadtime":1718007976,"views":43,"formatid":"gen9vgc2024regg","rating":1682,"private":0,"password":null}