{"id":"gen9vgc2024regg-2140040160","format":"[Gen 9] VGC 2024 Reg G","players":["The Umpire","3timer"],"log":"|j|\u2606The Umpire\n|j|\u26063timer\n|t:|1717953308\n|gametype|doubles\n|player|p1|The Umpire|volkner|1753\n|player|p2|3timer|102|1689\n|teamsize|p1|6\n|teamsize|p2|6\n|gen|9\n|tier|[Gen 9] VGC 2024 Reg G\n|rated|\n|rule|Species Clause: Limit one of each Pok\u00e9mon\n|rule|Item Clause: Limit one of each item\n|clearpoke\n|poke|p1|Calyrex-Shadow, L50|\n|poke|p1|Clefairy, L50, F|\n|poke|p1|Urshifu-*, L50, F|\n|poke|p1|Incineroar, L50, F|\n|poke|p1|Rillaboom, L50, M|\n|poke|p1|Pachirisu, L50, F|\n|poke|p2|Farigiraf, L50, F|\n|poke|p2|Annihilape, L50, F|\n|poke|p2|Calyrex-Ice, L50|\n|poke|p2|Smeargle, L50, F|\n|poke|p2|Maushold-Four, L50|\n|poke|p2|Ursaluna-Bloodmoon, L50, M|\n|teampreview|4\n|inactive|Battle timer is ON: inactive players will automatically lose when time's up. (requested by 3timer)\n|\n|t:|1717953345\n|start\n|switch|p1a: Calyrex|Calyrex-Shadow, L50|100\/100\n|switch|p1b: Pachirisu|Pachirisu, L50, F, shiny|100\/100\n|switch|p2a: Calyrex|Calyrex-Ice, L50|100\/100\n|switch|p2b: Smeargle|Smeargle, L50, F|100\/100\n|-ability|p1a: Calyrex|As One\n|-ability|p1a: Calyrex|Unnerve\n|-ability|p2a: Calyrex|As One\n|-ability|p2a: Calyrex|Unnerve\n|turn|1\n|\n|t:|1717953368\n|-terastallize|p2a: Calyrex|Grass\n|move|p1a: Calyrex|Calm Mind|p1a: Calyrex\n|-boost|p1a: Calyrex|spa|1\n|-boost|p1a: Calyrex|spd|1\n|move|p1b: Pachirisu|Nuzzle|p2a: Calyrex\n|-resisted|p2a: Calyrex\n|-damage|p2a: Calyrex|99\/100\n|-status|p2a: Calyrex|par\n|move|p2b: Smeargle|Decorate|p2a: Calyrex\n|-boost|p2a: Calyrex|atk|2\n|-boost|p2a: Calyrex|spa|2\n|move|p2a: Calyrex|Glacial Lance|p1b: Pachirisu|[spread] p1a,p1b\n|-damage|p1a: Calyrex|0 fnt\n|-damage|p1b: Pachirisu|0 fnt\n|faint|p1a: Calyrex\n|faint|p1b: Pachirisu\n|-ability|p2a: Calyrex|Chilling Neigh|boost\n|-boost|p2a: Calyrex|atk|2\n|\n|upkeep\n|\n|t:|1717953380\n|switch|p1a: Incineroar|Incineroar, L50, F|100\/100\n|switch|p1b: Urshifu|Urshifu-Rapid-Strike, L50, F|100\/100\n|-ability|p1a: Incineroar|Intimidate|boost\n|-fail|p2a: Calyrex|unboost|[from] item: Clear Amulet|[of] p2a: Calyrex\n|-fail|p2b: Smeargle|unboost|Attack|[from] ability: Own Tempo|[of] p2b: Smeargle\n|turn|2\n|\n|t:|1717953389\n|switch|p2b: Farigiraf|Farigiraf, L50, F|100\/100\n|move|p1b: Urshifu|Surging Strikes|p2b: Farigiraf\n|-crit|p2b: Farigiraf\n|-damage|p2b: Farigiraf|82\/100\n|-crit|p2b: Farigiraf\n|-damage|p2b: Farigiraf|63\/100\n|-crit|p2b: Farigiraf\n|-damage|p2b: Farigiraf|46\/100\n|-hitcount|p2b: Farigiraf|3\n|move|p1a: Incineroar|Knock Off|p2b: Farigiraf\n|-supereffective|p2b: Farigiraf\n|-damage|p2b: Farigiraf|0 fnt\n|-enditem|p2b: Farigiraf|Throat Spray|[from] move: Knock Off|[of] p1a: Incineroar\n|faint|p2b: Farigiraf\n|move|p2a: Calyrex|Close Combat|p1b: Urshifu\n|-enditem|p1b: Urshifu|Focus Sash\n|-damage|p1b: Urshifu|1\/100\n|-unboost|p2a: Calyrex|def|1\n|-unboost|p2a: Calyrex|spd|1\n|\n|upkeep\n|\n|t:|1717953396\n|switch|p2b: Smeargle|Smeargle, L50, F|100\/100\n|turn|3\n|\n|t:|1717953413\n|move|p1b: Urshifu|Detect|p1b: Urshifu\n|-singleturn|p1b: Urshifu|Protect\n|move|p2b: Smeargle|Follow Me|p2b: Smeargle\n|-singleturn|p2b: Smeargle|move: Follow Me\n|move|p1a: Incineroar|Knock Off|p2b: Smeargle\n|-damage|p2b: Smeargle|50\/100\n|-enditem|p2b: Smeargle|Focus Sash|[from] move: Knock Off|[of] p1a: Incineroar\n|move|p2a: Calyrex|Glacial Lance|p1a: Incineroar|[spread] p1a\n|-activate|p1b: Urshifu|move: Protect\n|-resisted|p1a: Incineroar\n|-damage|p1a: Incineroar|20\/100\n|\n|upkeep\n|turn|4\n|\n|t:|1717953424\n|switch|p2b: Ursaluna|Ursaluna-Bloodmoon, L50, M|100\/100\n|move|p1b: Urshifu|Surging Strikes|p2a: Calyrex\n|-resisted|p2a: Calyrex\n|-crit|p2a: Calyrex\n|-damage|p2a: Calyrex|89\/100 par\n|-resisted|p2a: Calyrex\n|-crit|p2a: Calyrex\n|-damage|p2a: Calyrex|81\/100 par\n|-resisted|p2a: Calyrex\n|-crit|p2a: Calyrex\n|-damage|p2a: Calyrex|72\/100 par\n|-hitcount|p2a: Calyrex|3\n|move|p1a: Incineroar|Knock Off|p2a: Calyrex\n|-damage|p2a: Calyrex|35\/100 par\n|-enditem|p2a: Calyrex|Clear Amulet|[from] move: Knock Off|[of] p1a: Incineroar\n|cant|p2a: Calyrex|par\n|\n|upkeep\n|turn|5\n|\n|t:|1717953446\n|move|p1b: Urshifu|Surging Strikes|p2b: Ursaluna\n|-supereffective|p2b: Ursaluna\n|-crit|p2b: Ursaluna\n|-damage|p2b: Ursaluna|73\/100\n|-supereffective|p2b: Ursaluna\n|-crit|p2b: Ursaluna\n|-damage|p2b: Ursaluna|40\/100\n|-supereffective|p2b: Ursaluna\n|-crit|p2b: Ursaluna\n|-damage|p2b: Ursaluna|10\/100\n|-hitcount|p2b: Ursaluna|3\n|move|p1a: Incineroar|Knock Off|p2a: Calyrex\n|-damage|p2a: Calyrex|10\/100 par\n|move|p2b: Ursaluna|Hyper Voice|p1b: Urshifu|[spread] p1a,p1b\n|-damage|p1a: Incineroar|0 fnt\n|-damage|p1b: Urshifu|0 fnt\n|faint|p1a: Incineroar\n|faint|p1b: Urshifu\n|-damage|p2b: Ursaluna|0 fnt|[from] item: Life Orb\n|faint|p2b: Ursaluna\n|\n|win|3timer\n|raw|The Umpire's rating: 1753 &rarr; <strong>1729<\/strong><br \/>(-24 for losing)\n|raw|3timer's rating: 1689 &rarr; <strong>1713<\/strong><br \/>(+24 for winning)\n|l|\u26063timer\n|player|p2|\n|l|\u2606The Umpire\n|player|p1|\n","uploadtime":1717953641,"views":23,"formatid":"gen9vgc2024regg","rating":1713,"private":0,"password":null}