{"id":"gen9vgc2024regg-2140169199","format":"[Gen 9] VGC 2024 Reg G","players":["khe7marak","The Umpire"],"log":"|j|\u2606khe7marak\n|j|\u2606The Umpire\n|t:|1717968414\n|gametype|doubles\n|player|p1|khe7marak|101|1701\n|player|p2|The Umpire|volkner|1705\n|teamsize|p1|6\n|teamsize|p2|6\n|gen|9\n|tier|[Gen 9] VGC 2024 Reg G\n|rated|\n|rule|Species Clause: Limit one of each Pok\u00e9mon\n|rule|Item Clause: Limit one of each item\n|clearpoke\n|poke|p1|Rayquaza, L50|\n|poke|p1|Chien-Pao, L50|\n|poke|p1|Kingambit, L50, M|\n|poke|p1|Rillaboom, L50, M|\n|poke|p1|Farigiraf, L50, F|\n|poke|p1|Incineroar, L50, M|\n|poke|p2|Zamazenta-*, L50|\n|poke|p2|Chien-Pao, L50|\n|poke|p2|Dondozo, L50, M|\n|poke|p2|Ting-Lu, L50|\n|poke|p2|Raging Bolt, L50|\n|poke|p2|Chandelure, L50, M|\n|teampreview|4\n|\n|t:|1717968441\n|start\n|switch|p1a: Chien-Pao|Chien-Pao, L50|100\/100\n|switch|p1b: Farigiraf|Farigiraf, L50, F|100\/100\n|switch|p2a: Zamazenta|Zamazenta-Crowned, L50|100\/100\n|switch|p2b: Chien-Pao|Chien-Pao, L50|100\/100\n|-ability|p1a: Chien-Pao|Sword of Ruin\n|-ability|p2b: Chien-Pao|Sword of Ruin\n|-ability|p2a: Zamazenta|Dauntless Shield|boost\n|-boost|p2a: Zamazenta|def|1\n|turn|1\n|\n|t:|1717968462\n|move|p2b: Chien-Pao|Throat Chop|p1b: Farigiraf\n|-supereffective|p1b: Farigiraf\n|-damage|p1b: Farigiraf|0 fnt\n|faint|p1b: Farigiraf\n|move|p1a: Chien-Pao|Sacred Sword|p2a: Zamazenta\n|-supereffective|p2a: Zamazenta\n|-damage|p2a: Zamazenta|46\/100\n|move|p2a: Zamazenta|Heavy Slam|p1a: Chien-Pao\n|-supereffective|p1a: Chien-Pao\n|-enditem|p1a: Chien-Pao|Focus Sash\n|-damage|p1a: Chien-Pao|1\/100\n|\n|upkeep\n|\n|t:|1717968469\n|switch|p1b: Incineroar|Incineroar, L50, M|100\/100\n|-ability|p1b: Incineroar|Intimidate|boost\n|-unboost|p2a: Zamazenta|atk|1\n|-unboost|p2b: Chien-Pao|atk|1\n|turn|2\n|j| Yagamoth\n|\n|t:|1717968496\n|switch|p2b: Ting-Lu|Ting-Lu, L50|100\/100\n|-ability|p2b: Ting-Lu|Vessel of Ruin\n|move|p1a: Chien-Pao|Protect|p1a: Chien-Pao\n|-singleturn|p1a: Chien-Pao|Protect\n|move|p2a: Zamazenta|Protect|p2a: Zamazenta\n|-singleturn|p2a: Zamazenta|Protect\n|move|p1b: Incineroar|Flare Blitz|p2a: Zamazenta\n|-activate|p2a: Zamazenta|move: Protect\n|\n|upkeep\n|turn|3\n|\n|t:|1717968519\n|-terastallize|p2a: Zamazenta|Dragon\n|move|p1a: Chien-Pao|Sacred Sword|p2a: Zamazenta\n|-damage|p2a: Zamazenta|19\/100\n|move|p2a: Zamazenta|Body Press|p1a: Chien-Pao\n|-supereffective|p1a: Chien-Pao\n|-damage|p1a: Chien-Pao|0 fnt\n|faint|p1a: Chien-Pao\n|move|p2b: Ting-Lu|Sand Tomb|p1b: Incineroar\n|-supereffective|p1b: Incineroar\n|-damage|p1b: Incineroar|79\/100\n|-activate|p1b: Incineroar|move: Sand Tomb|[of] p2b: Ting-Lu\n|move|p1b: Incineroar|Flare Blitz|p2a: Zamazenta\n|-resisted|p2a: Zamazenta\n|-damage|p2a: Zamazenta|9\/100\n|-damage|p1b: Incineroar|76\/100|[from] Recoil\n|\n|-damage|p1b: Incineroar|63\/100|[from] move: Sand Tomb|[partiallytrapped]\n|upkeep\n|\n|t:|1717968526\n|switch|p1a: Rayquaza|Rayquaza, L50|100\/100\n|-ability|p1a: Rayquaza|Air Lock\n|turn|4\n|\n|t:|1717968547\n|switch|p2a: Dondozo|Dondozo, L50, M|100\/100\n|move|p1a: Rayquaza|Swords Dance|p1a: Rayquaza\n|-boost|p1a: Rayquaza|atk|2\n|move|p2b: Ting-Lu|Taunt|p1a: Rayquaza\n|-start|p1a: Rayquaza|move: Taunt\n|move|p1b: Incineroar|Parting Shot|p2b: Ting-Lu\n|-unboost|p2b: Ting-Lu|atk|1\n|-unboost|p2b: Ting-Lu|spa|1\n|\n|-damage|p1b: Incineroar|51\/100|[from] move: Sand Tomb|[partiallytrapped]\n|upkeep\n|turn|5\n|\n|t:|1717968565\n|-terastallize|p1a: Rayquaza|Normal\n|move|p1a: Rayquaza|Extreme Speed|p2b: Ting-Lu\n|-damage|p2b: Ting-Lu|52\/100\n|-damage|p1a: Rayquaza|84\/100|[from] item: Rocky Helmet|[of] p2b: Ting-Lu\n|move|p2b: Ting-Lu|Sand Tomb|p1b: Incineroar|[miss]\n|-miss|p2b: Ting-Lu|p1b: Incineroar\n|move|p1b: Incineroar|Flare Blitz|p2b: Ting-Lu\n|-damage|p2b: Ting-Lu|25\/100\n|-damage|p1b: Incineroar|35\/100|[from] item: Rocky Helmet|[of] p2b: Ting-Lu\n|-damage|p1b: Incineroar|23\/100|[from] Recoil\n|move|p2a: Dondozo|Yawn|p1a: Rayquaza\n|-start|p1a: Rayquaza|move: Yawn|[of] p2a: Dondozo\n|\n|-damage|p1b: Incineroar|11\/100|[from] move: Sand Tomb|[partiallytrapped]\n|upkeep\n|turn|6\n|\n|t:|1717968585\n|move|p2b: Ting-Lu|Protect|p2b: Ting-Lu\n|-singleturn|p2b: Ting-Lu|Protect\n|move|p1a: Rayquaza|Extreme Speed|p2b: Ting-Lu\n|-activate|p2b: Ting-Lu|move: Protect\n|move|p1b: Incineroar|Knock Off|p2a: Dondozo\n|-damage|p2a: Dondozo|77\/100\n|-enditem|p2a: Dondozo|Leftovers|[from] move: Knock Off|[of] p1b: Incineroar\n|move|p2a: Dondozo|Wave Crash|p1b: Incineroar\n|-supereffective|p1b: Incineroar\n|-damage|p1b: Incineroar|0 fnt\n|faint|p1b: Incineroar\n|-damage|p2a: Dondozo|74\/100|[from] Recoil\n|\n|-end|p1a: Rayquaza|move: Yawn|[silent]\n|-status|p1a: Rayquaza|slp\n|upkeep\n|turn|7\n|\n|t:|1717968592\n|cant|p1a: Rayquaza|slp\n|move|p2b: Ting-Lu|Sand Tomb|p1a: Rayquaza\n|-damage|p1a: Rayquaza|76\/100 slp\n|-activate|p1a: Rayquaza|move: Sand Tomb|[of] p2b: Ting-Lu\n|move|p2a: Dondozo|Wave Crash|p1a: Rayquaza\n|-damage|p1a: Rayquaza|37\/100 slp\n|-damage|p2a: Dondozo|63\/100|[from] Recoil\n|\n|-damage|p1a: Rayquaza|25\/100 slp|[from] move: Sand Tomb|[partiallytrapped]\n|-end|p1a: Rayquaza|move: Taunt\n|upkeep\n|turn|8\n|j| Random to the Max\n|\n|t:|1717968601\n|cant|p1a: Rayquaza|slp\n|move|p2b: Ting-Lu|Sand Tomb|p1a: Rayquaza\n|-damage|p1a: Rayquaza|17\/100 slp\n|move|p2a: Dondozo|Wave Crash|p1a: Rayquaza\n|-damage|p1a: Rayquaza|0 fnt\n|faint|p1a: Rayquaza\n|-damage|p2a: Dondozo|58\/100|[from] Recoil\n|\n|win|The Umpire\n|raw|khe7marak's rating: 1701 &rarr; <strong>1681<\/strong><br \/>(-20 for losing)\n|raw|The Umpire's rating: 1705 &rarr; <strong>1725<\/strong><br \/>(+20 for winning)\n|l|\u2606khe7marak\n|player|p1|\n|l|\u2606The Umpire\n|player|p2|\n|l| Random to the Max\n","uploadtime":1717968860,"views":16,"formatid":"gen9vgc2024regg","rating":1681,"private":0,"password":null}