{"id":"gen9vgc2024regg-2140366352","format":"[Gen 9] VGC 2024 Reg G","players":["AZUNA_Fan","The Umpire"],"log":"|j|\u2606AZUNA_Fan\n|j|\u2606The Umpire\n|t:|1717996039\n|gametype|doubles\n|player|p1|AZUNA_Fan|dawn-gen4pt|1768\n|player|p2|The Umpire|volkner|1724\n|teamsize|p1|6\n|teamsize|p2|6\n|gen|9\n|tier|[Gen 9] VGC 2024 Reg G\n|rated|\n|rule|Species Clause: Limit one of each Pok\u00e9mon\n|rule|Item Clause: Limit one of each item\n|clearpoke\n|poke|p1|Calyrex-Shadow, L50|\n|poke|p1|Urshifu-*, L50, F|\n|poke|p1|Indeedee-F, L50, F|\n|poke|p1|Maushold, L50|\n|poke|p1|Dondozo, L50, M|\n|poke|p1|Tatsugiri, L50, F|\n|poke|p2|Zamazenta-*, L50|\n|poke|p2|Chien-Pao, L50|\n|poke|p2|Scream Tail, L50|\n|poke|p2|Rillaboom, L50, M|\n|poke|p2|Moltres-Galar, L50|\n|poke|p2|Chandelure, L50, M|\n|teampreview|4\n|inactive|Battle timer is ON: inactive players will automatically lose when time's up. (requested by AZUNA_Fan)\n|\n|t:|1717996063\n|start\n|switch|p1a: Calyrex|Calyrex-Shadow, L50|100\/100\n|switch|p1b: Urshifu|Urshifu, L50, F|100\/100\n|switch|p2a: Zamazenta|Zamazenta-Crowned, L50|100\/100\n|switch|p2b: Rillaboom|Rillaboom, L50, M|100\/100\n|-ability|p1a: Calyrex|As One\n|-ability|p1a: Calyrex|Unnerve\n|-ability|p2a: Zamazenta|Dauntless Shield|boost\n|-boost|p2a: Zamazenta|def|1\n|-fieldstart|move: Grassy Terrain|[from] ability: Grassy Surge|[of] p2b: Rillaboom\n|turn|1\n|\n|t:|1717996084\n|-terastallize|p1b: Urshifu|Poison\n|move|p1a: Calyrex|Astral Barrage|p2b: Rillaboom|[spread] p2a,p2b\n|-damage|p2a: Zamazenta|48\/100\n|-damage|p2b: Rillaboom|44\/100\n|move|p2a: Zamazenta|Body Press|p1b: Urshifu\n|-resisted|p1b: Urshifu\n|-damage|p1b: Urshifu|68\/100\n|move|p1b: Urshifu|Poison Jab|p2b: Rillaboom\n|-supereffective|p2b: Rillaboom\n|-damage|p2b: Rillaboom|0 fnt\n|faint|p2b: Rillaboom\n|\n|-heal|p2a: Zamazenta|54\/100|[from] Grassy Terrain\n|-heal|p1b: Urshifu|74\/100|[from] Grassy Terrain\n|upkeep\n|\n|t:|1717996095\n|switch|p2b: Scream Tail|Scream Tail, L50, shiny|100\/100\n|-enditem|p2b: Scream Tail|Booster Energy\n|-activate|p2b: Scream Tail|ability: Protosynthesis|[fromitem]\n|-start|p2b: Scream Tail|protosynthesisspe\n|turn|2\n|\n|t:|1717996105\n|-terastallize|p2b: Scream Tail|Grass\n|move|p2a: Zamazenta|Wide Guard|p2a: Zamazenta\n|-singleturn|p2a: Zamazenta|Wide Guard\n|move|p2b: Scream Tail|Disable|p1b: Urshifu\n|-start|p1b: Urshifu|Disable|Poison Jab\n|move|p1a: Calyrex|Astral Barrage|p2a: Zamazenta|[spread] \n|-activate|p2a: Zamazenta|move: Wide Guard\n|-activate|p2b: Scream Tail|move: Wide Guard\n|cant|p1b: Urshifu|Disable|Poison Jab\n|\n|-heal|p2a: Zamazenta|60\/100|[from] Grassy Terrain\n|-heal|p1b: Urshifu|79\/100|[from] Grassy Terrain\n|upkeep\n|turn|3\n|\n|t:|1717996127\n|switch|p1b: Dondozo|Dondozo, L50, M|100\/100\n|move|p2b: Scream Tail|Disable|p1a: Calyrex\n|-start|p1a: Calyrex|Disable|Astral Barrage\n|cant|p1a: Calyrex|Disable|Astral Barrage\n|move|p2a: Zamazenta|Heavy Slam|p1a: Calyrex\n|-crit|p1a: Calyrex\n|-damage|p1a: Calyrex|34\/100\n|\n|-heal|p1a: Calyrex|40\/100|[from] Grassy Terrain\n|-heal|p2a: Zamazenta|66\/100|[from] Grassy Terrain\n|upkeep\n|turn|4\n|\n|t:|1717996145\n|switch|p1a: Tatsugiri|Tatsugiri, L50, F|100\/100\n|-activate|p1a: Tatsugiri|ability: Commander|[of] p1b: Dondozo\n|-boost|p1b: Dondozo|atk|2\n|-boost|p1b: Dondozo|spa|2\n|-boost|p1b: Dondozo|spe|2\n|-boost|p1b: Dondozo|def|2\n|-boost|p1b: Dondozo|spd|2\n|move|p2b: Scream Tail|Dazzling Gleam|p1a: Tatsugiri|[spread] p1b\n|-miss|p2b: Scream Tail|p1a: Tatsugiri\n|-damage|p1b: Dondozo|95\/100\n|move|p1b: Dondozo|Wave Crash|p2a: Zamazenta\n|-damage|p2a: Zamazenta|16\/100\n|-damage|p1b: Dondozo|82\/100|[from] Recoil\n|move|p2a: Zamazenta|Body Press|p1b: Dondozo\n|-damage|p1b: Dondozo|65\/100\n|\n|-heal|p1b: Dondozo|72\/100|[from] Grassy Terrain\n|-heal|p2a: Zamazenta|22\/100|[from] Grassy Terrain\n|upkeep\n|turn|5\n|\n|t:|1717996165\n|move|p2a: Zamazenta|Protect|p2a: Zamazenta\n|-singleturn|p2a: Zamazenta|Protect\n|move|p2b: Scream Tail|Encore|p1b: Dondozo\n|-start|p1b: Dondozo|Encore\n|move|p1b: Dondozo|Wave Crash|p2a: Zamazenta\n|-activate|p2a: Zamazenta|move: Protect\n|\n|-heal|p1b: Dondozo|78\/100|[from] Grassy Terrain\n|-heal|p2a: Zamazenta|28\/100|[from] Grassy Terrain\n|-fieldend|move: Grassy Terrain\n|upkeep\n|turn|6\n|-message|AZUNA_Fan forfeited.\n|\n|win|The Umpire\n|raw|AZUNA_Fan's rating: 1768 &rarr; <strong>1745<\/strong><br \/>(-23 for losing)\n|raw|The Umpire's rating: 1724 &rarr; <strong>1747<\/strong><br \/>(+23 for winning)\n|l|\u2606AZUNA_Fan\n|player|p1|\n|l|\u2606The Umpire\n|player|p2|\n","uploadtime":1717996445,"views":57,"formatid":"gen9vgc2024regg","rating":1745,"private":0,"password":null}