{"id":"gen9vgc2024regg-2140261068","format":"[Gen 9] VGC 2024 Reg G","players":["lon0907vgc","3timer"],"log":"|j|\u2606lon0907vgc\n|j|\u26063timer\n|t:|1717980649\n|gametype|doubles\n|player|p1|lon0907vgc|lass-gen4dp|1685\n|player|p2|3timer|2|1844\n|teamsize|p1|6\n|teamsize|p2|6\n|gen|9\n|tier|[Gen 9] VGC 2024 Reg G\n|rated|\n|rule|Species Clause: Limit one of each Pok\u00e9mon\n|rule|Item Clause: Limit one of each item\n|clearpoke\n|poke|p1|Miraidon, L50|\n|poke|p1|Ursaluna-Bloodmoon, L50, M|\n|poke|p1|Iron Hands, L50|\n|poke|p1|Farigiraf, L50, M|\n|poke|p1|Volcarona, L50, F|\n|poke|p1|Whimsicott, L50, F|\n|poke|p2|Calyrex-Ice, L50|\n|poke|p2|Farigiraf, L50, M|\n|poke|p2|Smeargle, L50, M|\n|poke|p2|Thundurus, L50, M|\n|poke|p2|Ogerpon-Wellspring, L50, F|\n|poke|p2|Ursaluna-Bloodmoon, L50, M|\n|teampreview|4\n|inactive|Battle timer is ON: inactive players will automatically lose when time's up. (requested by 3timer)\n|\n|t:|1717980676\n|start\n|switch|p1a: Miraidon|Miraidon, L50|100\/100\n|switch|p1b: Volcarona|Volcarona, L50, F|100\/100\n|switch|p2a: Calyrex|Calyrex-Ice, L50|100\/100\n|switch|p2b: Smeargle|Smeargle, L50, M|100\/100\n|-ability|p2a: Calyrex|As One\n|-ability|p2a: Calyrex|Unnerve\n|-fieldstart|move: Electric Terrain|[from] ability: Hadron Engine|[of] p1a: Miraidon\n|turn|1\n|\n|t:|1717980693\n|switch|p1b: Farigiraf|Farigiraf, L50, M|100\/100\n|-enditem|p1b: Farigiraf|Electric Seed\n|-boost|p1b: Farigiraf|def|1|[from] item: Electric Seed\n|move|p2b: Smeargle|Follow Me|p2b: Smeargle\n|-singleturn|p2b: Smeargle|move: Follow Me\n|move|p1a: Miraidon|Volt Switch|p2b: Smeargle\n|-enditem|p2b: Smeargle|Focus Sash\n|-damage|p2b: Smeargle|1\/100\n|\n|t:|1717980711\n|switch|p1a: Iron Hands|Iron Hands, L50|100\/100|[from] Volt Switch\n|-activate|p1a: Iron Hands|ability: Quark Drive\n|-start|p1a: Iron Hands|quarkdriveatk\n|move|p2a: Calyrex|Trick Room|p2a: Calyrex\n|-fieldstart|move: Trick Room|[of] p2a: Calyrex\n|\n|upkeep\n|turn|2\n|inactive|lon0907vgc has 30 seconds left.\n|\n|t:|1717980745\n|switch|p2b: Farigiraf|Farigiraf, L50, M|100\/100\n|move|p1a: Iron Hands|Drain Punch|p2a: Calyrex\n|-crit|p2a: Calyrex\n|-damage|p2a: Calyrex|44\/100\n|move|p2a: Calyrex|Glacial Lance|p1a: Iron Hands|[spread] p1a,p1b\n|-damage|p1a: Iron Hands|58\/100\n|-damage|p1b: Farigiraf|61\/100\n|move|p1b: Farigiraf|Psychic|p2b: Farigiraf\n|-resisted|p2b: Farigiraf\n|-damage|p2b: Farigiraf|84\/100\n|\n|upkeep\n|turn|3\n|inactive|lon0907vgc has 30 seconds left.\n|inactive|lon0907vgc has 20 seconds left.\n|inactive|lon0907vgc has 15 seconds left.\n|inactive|lon0907vgc has 10 seconds left.\n|\n|t:|1717980791\n|move|p1b: Farigiraf|Helping Hand|p1a: Iron Hands\n|-singleturn|p1a: Iron Hands|Helping Hand|[of] p1b: Farigiraf\n|move|p2a: Calyrex|Glacial Lance|p1b: Farigiraf|[spread] p1a,p1b\n|-damage|p1a: Iron Hands|16\/100\n|-damage|p1b: Farigiraf|19\/100\n|move|p1a: Iron Hands|Drain Punch|p2b: Farigiraf\n|-damage|p2b: Farigiraf|0 fnt\n|-heal|p1a: Iron Hands|55\/100|[from] drain|[of] p2b: Farigiraf\n|faint|p2b: Farigiraf\n|\n|upkeep\n|\n|t:|1717980795\n|switch|p2b: Ursaluna|Ursaluna-Bloodmoon, L50, M|100\/100\n|turn|4\n|inactive|lon0907vgc has 30 seconds left.\n|\n|t:|1717980826\n|-terastallize|p2b: Ursaluna|Normal\n|move|p1b: Farigiraf|Ally Switch|p1b: Farigiraf\n|swap|p1b: Farigiraf|0|[from] move: Ally Switch\n|move|p2a: Calyrex|Glacial Lance|p1b: Iron Hands|[spread] p1a,p1b\n|-damage|p1a: Farigiraf|0 fnt\n|-damage|p1b: Iron Hands|14\/100\n|faint|p1a: Farigiraf\n|-ability|p2a: Calyrex|Chilling Neigh|boost\n|-boost|p2a: Calyrex|atk|1\n|move|p1b: Iron Hands|Drain Punch|p2b: Ursaluna\n|-supereffective|p2b: Ursaluna\n|-damage|p2b: Ursaluna|21\/100\n|-heal|p1b: Iron Hands|50\/100|[from] drain|[of] p2b: Ursaluna\n|move|p2b: Ursaluna|Hyper Voice|p1b: Iron Hands\n|-crit|p1b: Iron Hands\n|-damage|p1b: Iron Hands|0 fnt\n|faint|p1b: Iron Hands\n|-end|p1b: Iron Hands|Quark Drive|[silent]\n|-damage|p2b: Ursaluna|11\/100|[from] item: Life Orb\n|\n|upkeep\n|\n|t:|1717980839\n|switch|p1b: Miraidon|Miraidon, L50|100\/100\n|switch|p1a: Volcarona|Volcarona, L50, F|100\/100\n|-activate|p1b: Miraidon|ability: Hadron Engine\n|turn|5\n|\n|t:|1717980851\n|-terastallize|p1b: Miraidon|Fairy\n|move|p1a: Volcarona|Rage Powder|p1a: Volcarona\n|-singleturn|p1a: Volcarona|move: Rage Powder\n|move|p2a: Calyrex|High Horsepower|p1a: Volcarona\n|-damage|p1a: Volcarona|48\/100\n|-damage|p2a: Calyrex|28\/100|[from] item: Rocky Helmet|[of] p1a: Volcarona\n|-status|p2a: Calyrex|brn|[from] ability: Flame Body|[of] p1a: Volcarona\n|move|p2b: Ursaluna|Blood Moon|p1a: Volcarona\n|-damage|p1a: Volcarona|0 fnt\n|faint|p1a: Volcarona\n|-damage|p2b: Ursaluna|1\/100|[from] item: Life Orb\n|move|p1b: Miraidon|Dazzling Gleam|p2b: Ursaluna|[spread] p2a,p2b\n|-damage|p2a: Calyrex|0 fnt\n|-damage|p2b: Ursaluna|0 fnt\n|faint|p2a: Calyrex\n|faint|p2b: Ursaluna\n|\n|-fieldend|move: Trick Room\n|-fieldend|move: Electric Terrain\n|upkeep\n|\n|t:|1717980853\n|switch|p2b: Smeargle|Smeargle, L50, M|1\/100\n|turn|6\n|\n|t:|1717980863\n|move|p2b: Smeargle|Follow Me|p2b: Smeargle\n|-singleturn|p2b: Smeargle|move: Follow Me\n|move|p1b: Miraidon|Dazzling Gleam|p2b: Smeargle\n|-damage|p2b: Smeargle|0 fnt\n|faint|p2b: Smeargle\n|\n|win|lon0907vgc\n|raw|lon0907vgc's rating: 1685 &rarr; <strong>1714<\/strong><br \/>(+29 for winning)\n|raw|3timer's rating: 1844 &rarr; <strong>1815<\/strong><br \/>(-29 for losing)\n|l|\u26063timer\n|player|p2|\n|l|\u2606lon0907vgc\n|player|p1|\n","uploadtime":1717981115,"views":38,"formatid":"gen9vgc2024regg","rating":1714,"private":0,"password":null}