{"id":"gen9vgc2024regg-2140375289","format":"[Gen 9] VGC 2024 Reg G","players":["Peeeeeen\u6975clutch","AZUNA_Fan"],"log":"|j|\u2606Peeeeeen\u6975clutch\n|j|\u2606AZUNA_Fan\n|t:|1717997721\n|gametype|doubles\n|player|p1|Peeeeeen\u6975clutch|lucas-gen4pt|1672\n|player|p2|AZUNA_Fan|dawn-gen4pt|1757\n|teamsize|p1|6\n|teamsize|p2|6\n|gen|9\n|tier|[Gen 9] VGC 2024 Reg G\n|rated|\n|rule|Species Clause: Limit one of each Pok\u00e9mon\n|rule|Item Clause: Limit one of each item\n|clearpoke\n|poke|p1|Gholdengo, L50|\n|poke|p1|Landorus-Therian, L50, M|\n|poke|p1|Miraidon, L50|\n|poke|p1|Whimsicott, L50, F|\n|poke|p1|Urshifu-*, L50, F|\n|poke|p1|Iron Valiant, L50|\n|poke|p2|Calyrex-Shadow, L50|\n|poke|p2|Urshifu-*, L50, M|\n|poke|p2|Indeedee-F, L50, F|\n|poke|p2|Maushold, L50|\n|poke|p2|Dondozo, L50, F|\n|poke|p2|Tatsugiri, L50, M|\n|teampreview|4\n|inactive|Battle timer is ON: inactive players will automatically lose when time's up. (requested by AZUNA_Fan)\n|inactive|Peeeeeen\u6975clutch has 60 seconds left.\n|\n|t:|1717997766\n|start\n|switch|p1a: Whimsicott|Whimsicott, L50, F|100\/100\n|switch|p1b: Miraidon|Miraidon, L50|100\/100\n|switch|p2a: Calyrex|Calyrex-Shadow, L50|100\/100\n|switch|p2b: Maushold|Maushold, L50|100\/100\n|-ability|p2a: Calyrex|As One\n|-ability|p2a: Calyrex|Unnerve\n|-fieldstart|move: Electric Terrain|[from] ability: Hadron Engine|[of] p1b: Miraidon\n|turn|1\n|inactive|Peeeeeen\u6975clutch has 30 seconds left.\n|\n|t:|1717997793\n|move|p2b: Maushold|Follow Me|p2b: Maushold\n|-singleturn|p2b: Maushold|move: Follow Me\n|move|p1a: Whimsicott|Tailwind|p1a: Whimsicott\n|-sidestart|p1: Peeeeeen\u6975clutch|move: Tailwind\n|move|p1b: Miraidon|Dazzling Gleam|p2a: Calyrex|[spread] p2a,p2b\n|-damage|p2a: Calyrex|71\/100\n|-damage|p2b: Maushold|54\/100\n|move|p2a: Calyrex|Astral Barrage|p1b: Miraidon|[spread] p1a,p1b\n|-enditem|p1a: Whimsicott|Focus Sash\n|-damage|p1a: Whimsicott|1\/100\n|-damage|p1b: Miraidon|31\/100\n|\n|upkeep\n|turn|2\n|inactive|Peeeeeen\u6975clutch has 30 seconds left.\n|\n|t:|1717997821\n|move|p2b: Maushold|Follow Me|p2b: Maushold\n|-singleturn|p2b: Maushold|move: Follow Me\n|move|p1b: Miraidon|Dazzling Gleam|p2b: Maushold|[spread] p2a,p2b\n|-damage|p2a: Calyrex|37\/100\n|-damage|p2b: Maushold|6\/100\n|move|p1a: Whimsicott|Moonblast|p2b: Maushold\n|-damage|p2b: Maushold|0 fnt\n|faint|p2b: Maushold\n|move|p2a: Calyrex|Astral Barrage|p1a: Whimsicott|[spread] p1a,p1b\n|-damage|p1a: Whimsicott|0 fnt\n|-damage|p1b: Miraidon|0 fnt\n|faint|p1a: Whimsicott\n|faint|p1b: Miraidon\n|-ability|p2a: Calyrex|Grim Neigh|boost\n|-boost|p2a: Calyrex|spa|2\n|\n|upkeep\n|\n|t:|1717997838\n|switch|p1b: Urshifu|Urshifu, L50, F|100\/100\n|switch|p1a: Gholdengo|Gholdengo, L50, shiny|100\/100\n|switch|p2b: Dondozo|Dondozo, L50, F|100\/100\n|turn|3\n|\n|t:|1717997857\n|-terastallize|p1a: Gholdengo|Normal\n|move|p1b: Urshifu|Wicked Blow|p2b: Dondozo\n|-crit|p2b: Dondozo\n|-damage|p2b: Dondozo|39\/100\n|-damage|p1b: Urshifu|91\/100|[from] item: Life Orb\n|move|p1a: Gholdengo|Shadow Ball|p2b: Dondozo\n|-damage|p2b: Dondozo|0 fnt\n|faint|p2b: Dondozo\n|move|p2a: Calyrex|Astral Barrage|p1a: Gholdengo|[spread] p1b\n|-immune|p1a: Gholdengo\n|-resisted|p1b: Urshifu\n|-damage|p1b: Urshifu|0 fnt\n|faint|p1b: Urshifu\n|-ability|p2a: Calyrex|Grim Neigh|boost\n|-boost|p2a: Calyrex|spa|1\n|\n|upkeep\n|\n|t:|1717997872\n|switch|p2b: Tatsugiri|Tatsugiri, L50, M|100\/100\n|turn|4\n|\n|t:|1717997890\n|move|p1a: Gholdengo|Protect|p1a: Gholdengo\n|-singleturn|p1a: Gholdengo|Protect\n|move|p2a: Calyrex|Astral Barrage|p1a: Gholdengo\n|-activate|p1a: Gholdengo|move: Protect\n|move|p2b: Tatsugiri|Mirror Coat||[still]\n|-fail|p2b: Tatsugiri\n|\n|-sideend|p1: Peeeeeen\u6975clutch|move: Tailwind\n|upkeep\n|turn|5\n|\n|t:|1717997907\n|-terastallize|p2b: Tatsugiri|Dragon\n|move|p2a: Calyrex|Astral Barrage|p1a: Gholdengo\n|-immune|p1a: Gholdengo\n|move|p2b: Tatsugiri|Draco Meteor|p1a: Gholdengo|[miss]\n|-miss|p2b: Tatsugiri|p1a: Gholdengo\n|move|p1a: Gholdengo|Shadow Ball|p2b: Tatsugiri\n|-damage|p2b: Tatsugiri|36\/100\n|\n|-fieldend|move: Electric Terrain\n|upkeep\n|turn|6\n|\n|t:|1717997922\n|move|p1a: Gholdengo|Protect|p1a: Gholdengo\n|-singleturn|p1a: Gholdengo|Protect\n|move|p2a: Calyrex|Astral Barrage|p1a: Gholdengo\n|-activate|p1a: Gholdengo|move: Protect\n|move|p2b: Tatsugiri|Draco Meteor|p1a: Gholdengo\n|-activate|p1a: Gholdengo|move: Protect\n|\n|upkeep\n|turn|7\n|\n|t:|1717997934\n|move|p2a: Calyrex|Astral Barrage|p1a: Gholdengo\n|-immune|p1a: Gholdengo\n|move|p2b: Tatsugiri|Draco Meteor|p1a: Gholdengo\n|-damage|p1a: Gholdengo|16\/100\n|-unboost|p2b: Tatsugiri|spa|2\n|move|p1a: Gholdengo|Shadow Ball|p2b: Tatsugiri\n|-damage|p2b: Tatsugiri|0 fnt\n|faint|p2b: Tatsugiri\n|\n|upkeep\n|turn|8\n|\n|t:|1717997949\n|move|p2a: Calyrex|Astral Barrage|p1a: Gholdengo\n|-immune|p1a: Gholdengo\n|move|p1a: Gholdengo|Shadow Ball|p2a: Calyrex\n|-supereffective|p2a: Calyrex\n|-damage|p2a: Calyrex|0 fnt\n|faint|p2a: Calyrex\n|\n|win|Peeeeeen\u6975clutch\n|raw|Peeeeeen\u6975clutch's rating: 1672 &rarr; <strong>1697<\/strong><br \/>(+25 for winning)\n|raw|AZUNA_Fan's rating: 1757 &rarr; <strong>1732<\/strong><br \/>(-25 for losing)\n|l|\u2606AZUNA_Fan\n|player|p2|\n|l|\u2606Peeeeeen\u6975clutch\n|player|p1|\n","uploadtime":1717998091,"views":29,"formatid":"gen9vgc2024regg","rating":1697,"private":0,"password":null}