{"id":"gen9vgc2024regg-2140650958","format":"[Gen 9] VGC 2024 Reg G","players":["nsbnsb","cicibi"],"log":"|j|\u2606nsbnsb\n|j|\u2606cicibi\n|t:|1718037598\n|gametype|doubles\n|player|p1|nsbnsb|n|1717\n|player|p2|cicibi|cilan|1667\n|teamsize|p1|6\n|teamsize|p2|6\n|gen|9\n|tier|[Gen 9] VGC 2024 Reg G\n|rated|\n|rule|Species Clause: Limit one of each Pok\u00e9mon\n|rule|Item Clause: Limit one of each item\n|clearpoke\n|poke|p1|Calyrex-Ice, L50|\n|poke|p1|Incineroar, L50, F|\n|poke|p1|Rillaboom, L50, M|\n|poke|p1|Raging Bolt, L50|\n|poke|p1|Pelipper, L50, M|\n|poke|p1|Urshifu-*, L50, F|\n|poke|p2|Raging Bolt, L50|\n|poke|p2|Amoonguss, L50, M|\n|poke|p2|Chi-Yu, L50|\n|poke|p2|Urshifu-*, L50, F|\n|poke|p2|Calyrex-Ice, L50|\n|poke|p2|Flutter Mane, L50|\n|teampreview|4\n|inactive|Battle timer is ON: inactive players will automatically lose when time's up. (requested by nsbnsb)\n|inactive|cicibi has 60 seconds left.\n|\n|t:|1718037649\n|start\n|switch|p1a: Pelipper|Pelipper, L50, M|100\/100\n|switch|p1b: Urshifu|Urshifu-Rapid-Strike, L50, F|100\/100\n|switch|p2a: Amoonguss|Amoonguss, L50, M|100\/100\n|switch|p2b: Raging Bolt|Raging Bolt, L50|100\/100\n|-weather|RainDance|[from] ability: Drizzle|[of] p1a: Pelipper\n|turn|1\n|\n|t:|1718037666\n|switch|p1b: Raging Bolt|Raging Bolt, L50|100\/100\n|-enditem|p1b: Raging Bolt|Booster Energy\n|-activate|p1b: Raging Bolt|ability: Protosynthesis|[fromitem]\n|-start|p1b: Raging Bolt|protosynthesisspa\n|-terastallize|p2a: Amoonguss|Water\n|move|p1a: Pelipper|Hurricane|p2a: Amoonguss\n|-damage|p2a: Amoonguss|50\/100\n|-enditem|p2a: Amoonguss|Sitrus Berry|[eat]\n|-heal|p2a: Amoonguss|75\/100|[from] item: Sitrus Berry\n|move|p2b: Raging Bolt|Electroweb|p1a: Pelipper|[spread] p1a,p1b\n|-supereffective|p1a: Pelipper\n|-resisted|p1b: Raging Bolt\n|-enditem|p1a: Pelipper|Focus Sash\n|-damage|p1a: Pelipper|1\/100\n|-damage|p1b: Raging Bolt|96\/100\n|-unboost|p1a: Pelipper|spe|1\n|-unboost|p1b: Raging Bolt|spe|1\n|move|p2a: Amoonguss|Spore|p1a: Pelipper\n|-status|p1a: Pelipper|slp|[from] move: Spore\n|\n|-weather|RainDance|[upkeep]\n|upkeep\n|turn|2\n|inactive|cicibi has 30 seconds left.\n|\n|t:|1718037696\n|move|p2a: Amoonguss|Protect|p2a: Amoonguss\n|-singleturn|p2a: Amoonguss|Protect\n|move|p2b: Raging Bolt|Electroweb|p1b: Raging Bolt|[spread] p1a,p1b\n|-supereffective|p1a: Pelipper\n|-resisted|p1b: Raging Bolt\n|-damage|p1a: Pelipper|0 fnt\n|-damage|p1b: Raging Bolt|92\/100\n|-unboost|p1b: Raging Bolt|spe|1\n|faint|p1a: Pelipper\n|move|p1b: Raging Bolt|Thunderbolt|p2a: Amoonguss\n|-activate|p2a: Amoonguss|move: Protect\n|\n|-weather|RainDance|[upkeep]\n|upkeep\n|\n|t:|1718037699\n|switch|p1a: Calyrex|Calyrex-Ice, L50|100\/100\n|-ability|p1a: Calyrex|As One\n|-ability|p1a: Calyrex|Unnerve\n|turn|3\n|inactive|cicibi has 30 seconds left.\n|inactive|cicibi has 20 seconds left.\n|inactive|cicibi has 15 seconds left.\n|inactive|cicibi has 10 seconds left.\n|inactive|cicibi has 5 seconds left.\n|\n|t:|1718037749\n|move|p2b: Raging Bolt|Electroweb|p1a: Calyrex|[spread] p1a,p1b\n|-resisted|p1b: Raging Bolt\n|-damage|p1a: Calyrex|86\/100\n|-damage|p1b: Raging Bolt|88\/100\n|-unboost|p1b: Raging Bolt|spe|1\n|move|p2a: Amoonguss|Spore|p1a: Calyrex\n|-status|p1a: Calyrex|slp|[from] move: Spore\n|move|p1b: Raging Bolt|Thunderbolt|p2a: Amoonguss\n|-supereffective|p2a: Amoonguss\n|-damage|p2a: Amoonguss|0 fnt\n|faint|p2a: Amoonguss\n|cant|p1a: Calyrex|slp\n|\n|-weather|RainDance|[upkeep]\n|upkeep\n|\n|t:|1718037764\n|switch|p2a: Calyrex|Calyrex-Ice, L50|100\/100\n|-ability|p2a: Calyrex|As One\n|-ability|p2a: Calyrex|Unnerve\n|turn|4\n|\n|t:|1718037783\n|move|p1b: Raging Bolt|Thunderclap|p2a: Calyrex\n|-damage|p2a: Calyrex|64\/100\n|move|p2b: Raging Bolt|Volt Switch|p1b: Raging Bolt\n|-resisted|p1b: Raging Bolt\n|-damage|p1b: Raging Bolt|80\/100\n|\n|t:|1718037788\n|-end|p2b: Raging Bolt|Protosynthesis|[silent]\n|switch|p2b: Urshifu|Urshifu-Rapid-Strike, L50, F|100\/100|[from] Volt Switch\n|move|p2a: Calyrex|Glacial Lance|p1b: Raging Bolt|[spread] p1a,p1b\n|-resisted|p1a: Calyrex\n|-supereffective|p1b: Raging Bolt\n|-damage|p1a: Calyrex|68\/100 slp\n|-damage|p1b: Raging Bolt|0 fnt\n|faint|p1b: Raging Bolt\n|-end|p1b: Raging Bolt|Protosynthesis|[silent]\n|-ability|p2a: Calyrex|Chilling Neigh|boost\n|-boost|p2a: Calyrex|atk|1\n|cant|p1a: Calyrex|slp\n|\n|-weather|RainDance|[upkeep]\n|upkeep\n|\n|t:|1718037790\n|switch|p1b: Urshifu|Urshifu-Rapid-Strike, L50, F|100\/100\n|turn|5\n|\n|t:|1718037815\n|move|p1b: Urshifu|Surging Strikes|p2a: Calyrex\n|-crit|p2a: Calyrex\n|-damage|p2a: Calyrex|44\/100\n|-crit|p2a: Calyrex\n|-damage|p2a: Calyrex|25\/100\n|-crit|p2a: Calyrex\n|-damage|p2a: Calyrex|5\/100\n|-hitcount|p2a: Calyrex|3\n|move|p2b: Urshifu|Surging Strikes|p1a: Calyrex\n|-crit|p1a: Calyrex\n|-damage|p1a: Calyrex|50\/100 slp\n|-crit|p1a: Calyrex\n|-damage|p1a: Calyrex|31\/100 slp\n|-crit|p1a: Calyrex\n|-damage|p1a: Calyrex|12\/100 slp\n|-hitcount|p1a: Calyrex|3\n|move|p2a: Calyrex|Glacial Lance|p1a: Calyrex|[spread] p1a,p1b\n|-resisted|p1a: Calyrex\n|-resisted|p1b: Urshifu\n|-damage|p1a: Calyrex|0 fnt\n|-damage|p1b: Urshifu|59\/100\n|faint|p1a: Calyrex\n|-ability|p2a: Calyrex|Chilling Neigh|boost\n|-boost|p2a: Calyrex|atk|1\n|\n|-weather|none\n|upkeep\n|turn|6\n|-message|nsbnsb forfeited.\n|\n|win|cicibi\n|raw|nsbnsb's rating: 1717 &rarr; <strong>1694<\/strong><br \/>(-23 for losing)\n|raw|cicibi's rating: 1667 &rarr; <strong>1690<\/strong><br \/>(+23 for winning)\n|l|\u2606nsbnsb\n|player|p1|\n","uploadtime":1718037841,"views":37,"formatid":"gen9vgc2024regg","rating":1690,"private":0,"password":null}