{"id":"gen9vgc2024regg-2140688414","format":"[Gen 9] VGC 2024 Reg G","players":["Tempest brute","WeiDVGC"],"log":"|j|\u2606Tempest brute\n|j|\u2606WeiDVGC\n|t:|1718041320\n|gametype|doubles\n|player|p1|Tempest brute|265|1776\n|player|p2|WeiDVGC|silver|1751\n|teamsize|p1|6\n|teamsize|p2|6\n|gen|9\n|tier|[Gen 9] VGC 2024 Reg G\n|rated|\n|rule|Species Clause: Limit one of each Pok\u00e9mon\n|rule|Item Clause: Limit one of each item\n|clearpoke\n|poke|p1|Lunala, L50|\n|poke|p1|Roaring Moon, L50|\n|poke|p1|Entei, L50|\n|poke|p1|Ogerpon-Wellspring, L50, F|\n|poke|p1|Iron Hands, L50|\n|poke|p1|Ursaluna-Bloodmoon, L50, M|\n|poke|p2|Koraidon, L50|\n|poke|p2|Chien-Pao, L50|\n|poke|p2|Chi-Yu, L50|\n|poke|p2|Whimsicott, L50, F|\n|poke|p2|Raging Bolt, L50|\n|poke|p2|Amoonguss, L50, F|\n|teampreview|4\n|inactive|Battle timer is ON: inactive players will automatically lose when time's up. (requested by WeiDVGC)\n|inactive|Tempest brute has 60 seconds left.\n|inactive|WeiDVGC has 60 seconds left.\n|j| 1st gen magnetron\n|inactive|Tempest brute has 30 seconds left.\n|\n|t:|1718041388\n|start\n|switch|p1a: Lunala|Lunala, L50|100\/100\n|switch|p1b: Entei|Entei, L50|100\/100\n|switch|p2a: Chi-Yu|Chi-Yu, L50|100\/100\n|switch|p2b: Koraidon|Koraidon, L50|100\/100\n|-weather|SunnyDay|[from] ability: Orichalcum Pulse|[of] p2b: Koraidon\n|-activate|p2b: Koraidon|Orichalcum Pulse|[source]\n|-ability|p2a: Chi-Yu|Beads of Ruin\n|turn|1\n|\n|t:|1718041412\n|-terastallize|p1a: Lunala|Water\n|move|p2b: Koraidon|Protect|p2b: Koraidon\n|-singleturn|p2b: Koraidon|Protect\n|move|p2a: Chi-Yu|Dark Pulse|p1a: Lunala\n|-damage|p1a: Lunala|82\/100\n|move|p1b: Entei|Stomping Tantrum|p2a: Chi-Yu\n|-supereffective|p2a: Chi-Yu\n|-damage|p2a: Chi-Yu|42\/100\n|move|p1a: Lunala|Moongeist Beam|p2b: Koraidon\n|-activate|p2b: Koraidon|move: Protect\n|\n|-weather|SunnyDay|[upkeep]\n|-heal|p1a: Lunala|88\/100|[from] item: Leftovers\n|upkeep\n|turn|2\n|inactive|Tempest brute has 30 seconds left.\n|inactive|WeiDVGC has 30 seconds left.\n|inactive|WeiDVGC has 20 seconds left.\n|\n|t:|1718041448\n|-terastallize|p2b: Koraidon|Fire\n|move|p2b: Koraidon|Collision Course|p1b: Entei\n|-damage|p1b: Entei|32\/100\n|move|p2a: Chi-Yu|Taunt|p1a: Lunala\n|-start|p1a: Lunala|move: Taunt\n|move|p1b: Entei|Stomping Tantrum|p2a: Chi-Yu\n|-supereffective|p2a: Chi-Yu\n|-damage|p2a: Chi-Yu|0 fnt\n|faint|p2a: Chi-Yu\n|cant|p1a: Lunala|move: Taunt|Will-O-Wisp\n|\n|-weather|SunnyDay|[upkeep]\n|-heal|p1a: Lunala|94\/100|[from] item: Leftovers\n|upkeep\n|\n|t:|1718041462\n|switch|p2a: Amoonguss|Amoonguss, L50, F|100\/100\n|turn|3\n|\n|t:|1718041467\n|switch|p1a: Ogerpon|Ogerpon-Wellspring, L50, F|100\/100\n|move|p2b: Koraidon|Collision Course|p1b: Entei\n|-damage|p1b: Entei|0 fnt\n|faint|p1b: Entei\n|move|p2a: Amoonguss|Spore|p1a: Ogerpon\n|-immune|p1a: Ogerpon\n|\n|-weather|SunnyDay|[upkeep]\n|upkeep\n|\n|t:|1718041472\n|switch|p1b: Lunala|Lunala, L50, tera:Water|94\/100\n|turn|4\n|\n|t:|1718041491\n|move|p1a: Ogerpon|Spiky Shield|p1a: Ogerpon\n|-singleturn|p1a: Ogerpon|move: Protect\n|move|p1b: Lunala|Protect|p1b: Lunala\n|-singleturn|p1b: Lunala|Protect\n|move|p2b: Koraidon|Collision Course|p1b: Lunala\n|-activate|p1b: Lunala|move: Protect\n|move|p2a: Amoonguss|Pollen Puff|p1b: Lunala\n|-activate|p1b: Lunala|move: Protect\n|\n|-weather|SunnyDay|[upkeep]\n|-heal|p1b: Lunala|99\/100|[from] item: Leftovers\n|upkeep\n|turn|5\n|\n|t:|1718041498\n|move|p2b: Koraidon|Collision Course|p1b: Lunala\n|-damage|p1b: Lunala|51\/100\n|move|p1a: Ogerpon|Swords Dance|p1a: Ogerpon\n|-boost|p1a: Ogerpon|atk|2\n|move|p1b: Lunala|Moongeist Beam|p2a: Amoonguss\n|-damage|p2a: Amoonguss|61\/100\n|move|p2a: Amoonguss|Spore|p1b: Lunala\n|-status|p1b: Lunala|slp|[from] move: Spore\n|\n|-weather|none\n|-heal|p1b: Lunala|57\/100 slp|[from] item: Leftovers\n|upkeep\n|turn|6\n|\n|t:|1718041510\n|switch|p2b: Chien-Pao|Chien-Pao, L50|100\/100\n|-ability|p2b: Chien-Pao|Sword of Ruin\n|move|p1a: Ogerpon|Ivy Cudgel|p2b: Chien-Pao|[anim] Ivy Cudgel Water\n|-enditem|p2b: Chien-Pao|Focus Sash\n|-damage|p2b: Chien-Pao|1\/100\n|cant|p1b: Lunala|slp\n|move|p2a: Amoonguss|Pollen Puff|p1a: Ogerpon\n|-supereffective|p1a: Ogerpon\n|-damage|p1a: Ogerpon|69\/100\n|\n|-heal|p1b: Lunala|63\/100 slp|[from] item: Leftovers\n|upkeep\n|turn|7\n|\n|t:|1718041534\n|switch|p2a: Koraidon|Koraidon, L50, tera:Fire|100\/100\n|-weather|SunnyDay|[from] ability: Orichalcum Pulse|[of] p2a: Koraidon\n|-activate|p2a: Koraidon|Orichalcum Pulse|[source]\n|move|p2b: Chien-Pao|Sacred Sword|p1b: Lunala\n|-damage|p1b: Lunala|37\/100 slp\n|move|p1a: Ogerpon|Ivy Cudgel|p2a: Koraidon|[anim] Ivy Cudgel Water\n|-supereffective|p2a: Koraidon\n|-damage|p2a: Koraidon|0 fnt\n|faint|p2a: Koraidon\n|-curestatus|p1b: Lunala|slp|[msg]\n|move|p1b: Lunala|Moongeist Beam|p2b: Chien-Pao\n|-resisted|p2b: Chien-Pao\n|-damage|p2b: Chien-Pao|0 fnt\n|faint|p2b: Chien-Pao\n|\n|-weather|SunnyDay|[upkeep]\n|-heal|p1b: Lunala|43\/100|[from] item: Leftovers\n|upkeep\n|\n|t:|1718041544\n|switch|p2b: Amoonguss|Amoonguss, L50, F|94\/100\n|turn|8\n|-message|WeiDVGC forfeited.\n|\n|win|Tempest brute\n|raw|Tempest brute's rating: 1776 &rarr; <strong>1795<\/strong><br \/>(+19 for winning)\n|raw|WeiDVGC's rating: 1751 &rarr; <strong>1732<\/strong><br \/>(-19 for losing)\n|l|\u2606WeiDVGC\n|player|p2|\n|l| 1st gen magnetron\n|l|\u2606Tempest brute\n|player|p1|\n","uploadtime":1718041789,"views":69,"formatid":"gen9vgc2024regg","rating":1732,"private":0,"password":null}