{"id":"gen9vgc2024regg-2141640398","format":"[Gen 9] VGC 2024 Reg G","players":["The Umpire","kumikodesu"],"log":"|j|\u2606The Umpire\n|j|\u2606kumikodesu\n|t:|1718160932\n|gametype|doubles\n|player|p1|The Umpire|volkner|1674\n|player|p2|kumikodesu|265|1700\n|teamsize|p1|6\n|teamsize|p2|6\n|gen|9\n|tier|[Gen 9] VGC 2024 Reg G\n|rated|\n|rule|Species Clause: Limit one of each Pok\u00e9mon\n|rule|Item Clause: Limit one of each item\n|clearpoke\n|poke|p1|Calyrex-Ice, L50|\n|poke|p1|Urshifu-*, L50, F|\n|poke|p1|Sentret, L50, F|\n|poke|p1|Ursaluna-Bloodmoon, L50, M|\n|poke|p1|Farigiraf, L50, F|\n|poke|p1|Smeargle, L50, F|\n|poke|p2|Flamigo, L50, F|\n|poke|p2|Tatsugiri, L50, M|\n|poke|p2|Dondozo, L50, M|\n|poke|p2|Smeargle, L50, F|\n|poke|p2|Calyrex-Shadow, L50|\n|poke|p2|Muk-Alola, L50, M|\n|teampreview|4\n|\n|t:|1718160953\n|start\n|switch|p1a: Calyrex|Calyrex-Ice, L50|100\/100\n|switch|p1b: Smeargle|Smeargle, L50, F|100\/100\n|switch|p2a: Smeargle|Smeargle, L50, F|100\/100\n|switch|p2b: Tatsugiri|Tatsugiri, L50, M|100\/100\n|-ability|p1a: Calyrex|As One\n|-ability|p1a: Calyrex|Unnerve\n|turn|1\n|\n|t:|1718160981\n|move|p2b: Tatsugiri|Protect|p2b: Tatsugiri\n|-singleturn|p2b: Tatsugiri|Protect\n|move|p1b: Smeargle|Fake Out|p2a: Smeargle\n|-damage|p2a: Smeargle|89\/100\n|cant|p2a: Smeargle|flinch\n|move|p1a: Calyrex|Glacial Lance|p2a: Smeargle|[spread] p2a\n|-activate|p2b: Tatsugiri|move: Protect\n|-damage|p2a: Smeargle|0 fnt\n|faint|p2a: Smeargle\n|-ability|p1a: Calyrex|Chilling Neigh|boost\n|-boost|p1a: Calyrex|atk|1\n|\n|-status|p2b: Tatsugiri|tox|[from] item: Toxic Orb\n|-ability|p1b: Smeargle|Moody|boost\n|-boost|p1b: Smeargle|spe|2\n|-unboost|p1b: Smeargle|atk|1\n|upkeep\n|\n|t:|1718160994\n|switch|p2a: Dondozo|Dondozo, L50, M|100\/100\n|-activate|p2b: Tatsugiri|ability: Commander|[of] p2a: Dondozo\n|-boost|p2a: Dondozo|atk|2\n|-boost|p2a: Dondozo|spa|2\n|-boost|p2a: Dondozo|spe|2\n|-boost|p2a: Dondozo|def|2\n|-boost|p2a: Dondozo|spd|2\n|turn|2\n|\n|t:|1718161016\n|switch|p1b: Sentret|Sentret, L50, F|100\/100\n|-terastallize|p2a: Dondozo|Grass\n|move|p2a: Dondozo|Body Press|p1a: Calyrex\n|-damage|p1a: Calyrex|66\/100\n|move|p1a: Calyrex|Trick Room|p1a: Calyrex\n|-fieldstart|move: Trick Room|[of] p1a: Calyrex\n|\n|-damage|p2b: Tatsugiri|94\/100 tox|[from] psn\n|upkeep\n|turn|3\n|\n|t:|1718161036\n|move|p1a: Calyrex|Protect|p1a: Calyrex\n|-singleturn|p1a: Calyrex|Protect\n|move|p1b: Sentret|Follow Me|p1b: Sentret\n|-singleturn|p1b: Sentret|move: Follow Me\n|move|p2a: Dondozo|Body Press|p1b: Sentret\n|-supereffective|p1b: Sentret\n|-enditem|p1b: Sentret|Focus Sash\n|-damage|p1b: Sentret|1\/100\n|\n|-damage|p2b: Tatsugiri|82\/100 tox|[from] psn\n|upkeep\n|turn|4\n|j| summerdog\n|\n|t:|1718161051\n|move|p1b: Sentret|Endeavor|p2a: Dondozo\n|-damage|p2a: Dondozo|1\/100\n|-damage|p1b: Sentret|0 fnt|[from] item: Rocky Helmet|[of] p2a: Dondozo\n|faint|p1b: Sentret\n|move|p1a: Calyrex|Glacial Lance|p2b: Tatsugiri|[spread] p2a\n|-miss|p1a: Calyrex|p2b: Tatsugiri\n|-supereffective|p2a: Dondozo\n|-damage|p2a: Dondozo|0 fnt\n|faint|p2a: Dondozo\n|-ability|p1a: Calyrex|Chilling Neigh|boost\n|-boost|p1a: Calyrex|atk|1\n|\n|-damage|p2b: Tatsugiri|64\/100 tox|[from] psn\n|upkeep\n|\n|t:|1718161065\n|switch|p1b: Ursaluna|Ursaluna-Bloodmoon, L50, M|100\/100\n|switch|p2a: Calyrex|Calyrex-Shadow, L50|100\/100\n|-ability|p2a: Calyrex|As One\n|-ability|p2a: Calyrex|Unnerve\n|turn|5\n|-message|kumikodesu forfeited.\n|\n|win|The Umpire\n|raw|The Umpire's rating: 1674 &rarr; <strong>1695<\/strong><br \/>(+21 for winning)\n|raw|kumikodesu's rating: 1700 &rarr; <strong>1679<\/strong><br \/>(-21 for losing)\n|l|\u2606kumikodesu\n|player|p2|\n","uploadtime":1718161074,"views":56,"formatid":"gen9vgc2024regg","rating":1679,"private":0,"password":null}