{"id":"gen9vgc2024regg-2141207941","format":"[Gen 9] VGC 2024 Reg G","players":["RomanGODra","Axel316"],"log":"|j|\u2606RomanGODra\n|j|\u2606Axel316\n|t:|1718112667\n|gametype|doubles\n|player|p1|RomanGODra|waiter-gen4dp|1712\n|player|p2|Axel316|265|1747\n|teamsize|p1|6\n|teamsize|p2|6\n|gen|9\n|tier|[Gen 9] VGC 2024 Reg G\n|rated|\n|rule|Species Clause: Limit one of each Pok\u00e9mon\n|rule|Item Clause: Limit one of each item\n|clearpoke\n|poke|p1|Terapagos, L50, M|\n|poke|p1|Raging Bolt, L50|\n|poke|p1|Scream Tail, L50|\n|poke|p1|Grimmsnarl, L50, M|\n|poke|p1|Ogerpon-Wellspring, L50, F|\n|poke|p1|Rillaboom, L50, F|\n|poke|p2|Kyogre, L50|\n|poke|p2|Incineroar, L50, M|\n|poke|p2|Farigiraf, L50, M|\n|poke|p2|Archaludon, L50, F|\n|poke|p2|Dragonite, L50, M|\n|poke|p2|Chien-Pao, L50|\n|teampreview|4\n|inactive|Battle timer is ON: inactive players will automatically lose when time's up. (requested by RomanGODra)\nRomanGODra rejected open team sheets.\n|\n|t:|1718112694\n|start\n|switch|p1a: KING|Terapagos, L50, M|100\/100\n|switch|p1b: PAWN|Grimmsnarl, L50, M, shiny|100\/100\n|switch|p2a: Kyogre|Kyogre, L50|100\/100\n|switch|p2b: Incineroar|Incineroar, L50, M|100\/100\n|-activate|p1a: KING|ability: Tera Shift\n|detailschange|p1a: KING|Terapagos-Terastal, L50, M\n|-heal|p1a: KING|100\/100|[silent]\n|-weather|RainDance|[from] ability: Drizzle|[of] p2a: Kyogre\n|-ability|p2b: Incineroar|Intimidate|boost\n|-unboost|p1a: KING|atk|1\n|-unboost|p1b: PAWN|atk|1\n|turn|1\n|j| jiusuishan\n|\n|t:|1718112712\n|switch|p1b: Ogerpon|Ogerpon-Wellspring, L50, F|100\/100\n|move|p1a: KING|Protect|p1a: KING\n|-singleturn|p1a: KING|Protect\n|move|p2b: Incineroar|Fake Out|p1b: Ogerpon\n|-damage|p1b: Ogerpon|87\/100\n|move|p2a: Kyogre|Water Spout|p1b: Ogerpon|[spread] \n|-activate|p1a: KING|move: Protect\n|-heal|p1b: Ogerpon|100\/100|[from] ability: Water Absorb|[of] p2a: Kyogre\n|\n|-weather|RainDance|[upkeep]\n|upkeep\n|turn|2\n|\n|t:|1718112730\n|switch|p2b: Archaludon|Archaludon, L50, F|100\/100\n|move|p2a: Kyogre|Water Spout|p1b: Ogerpon|[spread] p1a\n|-immune|p1b: Ogerpon|[from] ability: Water Absorb\n|-activate|p1a: KING|ability: Tera Shell\n|-resisted|p1a: KING\n|-damage|p1a: KING|61\/100\n|move|p1b: Ogerpon|Ivy Cudgel|p2b: Archaludon|[anim] Ivy Cudgel Water\n|-resisted|p2b: Archaludon\n|-damage|p2b: Archaludon|70\/100\n|-ability|p2b: Archaludon|Stamina|boost\n|-boost|p2b: Archaludon|def|1\n|move|p1a: KING|Calm Mind|p1a: KING\n|-boost|p1a: KING|spa|1\n|-boost|p1a: KING|spd|1\n|\n|-weather|RainDance|[upkeep]\n|upkeep\n|turn|3\n|\n|t:|1718112749\n|move|p1a: KING|Protect|p1a: KING\n|-singleturn|p1a: KING|Protect\n|move|p2a: Kyogre|Water Spout|p1a: KING|[spread] \n|-activate|p1a: KING|move: Protect\n|-immune|p1b: Ogerpon|[from] ability: Water Absorb\n|move|p1b: Ogerpon|Horn Leech|p2a: Kyogre\n|-supereffective|p2a: Kyogre\n|-damage|p2a: Kyogre|8\/100\n|move|p2b: Archaludon|Electro Shot||[still]\n|-prepare|p2b: Archaludon|Electro Shot\n|-boost|p2b: Archaludon|spa|1\n|-anim|p2b: Archaludon|Electro Shot|p1b: Ogerpon\n|-damage|p1b: Ogerpon|33\/100\n|\n|-weather|RainDance|[upkeep]\n|upkeep\n|turn|4\n|\n|t:|1718112771\n|switch|p2a: Incineroar|Incineroar, L50, M|100\/100\n|-ability|p2a: Incineroar|Intimidate|boost\n|-unboost|p1a: KING|atk|1\n|-unboost|p1b: Ogerpon|atk|1\n|-terastallize|p1a: KING|Stellar\n|detailschange|p1a: KING|Terapagos-Stellar, L50, M, tera:Stellar\n|-heal|p1a: KING|71\/100|[silent]\n|-ability|p1a: KING|Teraform Zero\n|-weather|none\n|move|p1b: Ogerpon|Follow Me|p1b: Ogerpon\n|-singleturn|p1b: Ogerpon|move: Follow Me\n|move|p1a: KING|Earth Power|p2b: Archaludon\n|-supereffective|p2b: Archaludon\n|-damage|p2b: Archaludon|0 fnt\n|faint|p2b: Archaludon\n|\n|upkeep\n|j| thejruth3\n|\n|t:|1718112791\n|switch|p2b: Kyogre|Kyogre, L50|8\/100\n|-weather|RainDance|[from] ability: Drizzle|[of] p2b: Kyogre\n|turn|5\n|\n|t:|1718112801\n|move|p1b: Ogerpon|Spiky Shield|p1b: Ogerpon\n|-singleturn|p1b: Ogerpon|move: Protect\n|move|p1a: KING|Protect|p1a: KING\n|-singleturn|p1a: KING|Protect\n|move|p2a: Incineroar|Fake Out|p1a: KING\n|-activate|p1a: KING|move: Protect\n|move|p2b: Kyogre|Ice Beam|p1b: Ogerpon\n|-activate|p1b: Ogerpon|move: Protect\n|\n|-weather|RainDance|[upkeep]\n|upkeep\n|turn|6\n|inactive|RomanGODra has 30 seconds left.\n|\n|t:|1718112831\n|move|p2b: Kyogre|Ice Beam|p1b: Ogerpon\n|-damage|p1b: Ogerpon|1\/100\n|-status|p1b: Ogerpon|frz\n|cant|p1b: Ogerpon|frz\n|move|p1a: KING|Tera Starstorm|p2b: Kyogre|[spread] p2a,p2b\n|-damage|p2a: Incineroar|50\/100\n|-damage|p2b: Kyogre|0 fnt\n|-enditem|p2a: Incineroar|Sitrus Berry|[eat]\n|-heal|p2a: Incineroar|75\/100|[from] item: Sitrus Berry\n|faint|p2b: Kyogre\n|move|p2a: Incineroar|Taunt|p1a: KING\n|-start|p1a: KING|move: Taunt\n|\n|-weather|RainDance|[upkeep]\n|upkeep\n|c|\u2606RomanGODra|Oh wow\n|\n|t:|1718112846\n|switch|p2b: Chien-Pao|Chien-Pao, L50|100\/100\n|-ability|p2b: Chien-Pao|Sword of Ruin\n|turn|7\n|\n|t:|1718112861\n|switch|p1a: PAWN|Grimmsnarl, L50, M, shiny|100\/100\n|move|p2b: Chien-Pao|Sacred Sword|p1a: PAWN\n|-damage|p1a: PAWN|60\/100\n|cant|p1b: Ogerpon|frz\n|move|p2a: Incineroar|Knock Off|p1b: Ogerpon\n|-damage|p1b: Ogerpon|0 fnt\n|faint|p1b: Ogerpon\n|\n|-weather|RainDance|[upkeep]\n|upkeep\n|\n|t:|1718112867\n|switch|p1b: BISHOP|Scream Tail, L50, shiny|100\/100\n|-enditem|p1b: BISHOP|Booster Energy\n|-activate|p1b: BISHOP|ability: Protosynthesis|[fromitem]\n|-start|p1b: BISHOP|protosynthesisspe\n|turn|8\n|\n|t:|1718112889\n|move|p1b: BISHOP|Protect|p1b: BISHOP\n|-singleturn|p1b: BISHOP|Protect\n|move|p2b: Chien-Pao|Protect|p2b: Chien-Pao\n|-singleturn|p2b: Chien-Pao|Protect\n|move|p1a: PAWN|Reflect|p1a: PAWN\n|-sidestart|p1: RomanGODra|Reflect\n|move|p2a: Incineroar|Knock Off|p1b: BISHOP\n|-activate|p1b: BISHOP|move: Protect\n|\n|-weather|RainDance|[upkeep]\n|upkeep\n|turn|9\n|\n|t:|1718112910\n|move|p2b: Chien-Pao|Protect||[still]\n|-fail|p2b: Chien-Pao\n|move|p1b: BISHOP|Encore|p2b: Chien-Pao\n|-start|p2b: Chien-Pao|Encore\n|move|p2a: Incineroar|Taunt|p1b: BISHOP\n|-start|p1b: BISHOP|move: Taunt\n|move|p1a: PAWN|Foul Play|p2b: Chien-Pao\n|-resisted|p2b: Chien-Pao\n|-damage|p2b: Chien-Pao|66\/100\n|\n|-weather|none\n|upkeep\n|turn|10\n|inactive|RomanGODra has 30 seconds left.\n|inactive|RomanGODra has 20 seconds left.\n|\n|t:|1718112946\n|move|p2b: Chien-Pao|Protect|p2b: Chien-Pao\n|-singleturn|p2b: Chien-Pao|Protect\n|move|p1b: BISHOP|Dazzling Gleam|p2b: Chien-Pao|[spread] p2a\n|-activate|p2b: Chien-Pao|move: Protect\n|-damage|p2a: Incineroar|62\/100\n|move|p2a: Incineroar|Knock Off|p1b: BISHOP\n|-damage|p1b: BISHOP|77\/100\n|move|p1a: PAWN|Foul Play|p2a: Incineroar\n|-resisted|p2a: Incineroar\n|-damage|p2a: Incineroar|40\/100\n|\n|upkeep\n|turn|11\n|-message|Axel316 forfeited.\n|\n|win|RomanGODra\n|raw|RomanGODra's rating: 1712 &rarr; <strong>1734<\/strong><br \/>(+22 for winning)\n|raw|Axel316's rating: 1747 &rarr; <strong>1725<\/strong><br \/>(-22 for losing)\n|l|\u2606Axel316\n|player|p2|\n|l| jiusuishan\n|l|\u2606RomanGODra\n|player|p1|\n","uploadtime":1718113110,"views":36,"formatid":"gen9vgc2024regg","rating":1725,"private":0,"password":null}