{"id":"gen9vgc2024regg-2141235670","format":"[Gen 9] VGC 2024 Reg G","players":["RomanGODra","FlyAwayVGC"],"log":"|j|\u2606RomanGODra\n|j|\u2606FlyAwayVGC\n|t:|1718115660\n|gametype|doubles\n|player|p1|RomanGODra|waiter-gen4dp|1718\n|player|p2|FlyAwayVGC|blue-masters2|1709\n|teamsize|p1|6\n|teamsize|p2|6\n|gen|9\n|tier|[Gen 9] VGC 2024 Reg G\n|rated|\n|rule|Species Clause: Limit one of each Pok\u00e9mon\n|rule|Item Clause: Limit one of each item\n|clearpoke\n|poke|p1|Terapagos, L50, M|\n|poke|p1|Raging Bolt, L50|\n|poke|p1|Scream Tail, L50|\n|poke|p1|Grimmsnarl, L50, M|\n|poke|p1|Ogerpon-Wellspring, L50, F|\n|poke|p1|Rillaboom, L50, F|\n|poke|p2|Kyogre, L50|\n|poke|p2|Iron Jugulis, L50|\n|poke|p2|Tsareena, L50, F|\n|poke|p2|Raging Bolt, L50|\n|poke|p2|Urshifu-*, L50, F|\n|poke|p2|Incineroar, L50, M|\n|teampreview|4\n|inactive|Battle timer is ON: inactive players will automatically lose when time's up. (requested by FlyAwayVGC)\n|j| stewpeed\nRomanGODra rejected open team sheets.\n|\n|t:|1718115690\n|start\n|switch|p1a: PAWN|Grimmsnarl, L50, M, shiny|100\/100\n|switch|p1b: KING|Terapagos, L50, M|100\/100\n|switch|p2a: Abyss Angel|Iron Jugulis, L50|100\/100\n|switch|p2b: Whalefall|Kyogre, L50|100\/100\n|-activate|p1b: KING|ability: Tera Shift\n|detailschange|p1b: KING|Terapagos-Terastal, L50, M\n|-heal|p1b: KING|100\/100|[silent]\n|-weather|RainDance|[from] ability: Drizzle|[of] p2b: Whalefall\n|-enditem|p2a: Abyss Angel|Booster Energy\n|-activate|p2a: Abyss Angel|ability: Quark Drive|[fromitem]\n|-start|p2a: Abyss Angel|quarkdrivespe\n|turn|1\n|j| rabbihorn\n|inactive|FlyAwayVGC has 30 seconds left.\n|\n|t:|1718115719\n|switch|p2b: 300 Million|Raging Bolt, L50|100\/100\n|move|p1b: KING|Protect|p1b: KING\n|-singleturn|p1b: KING|Protect\n|move|p1a: PAWN|Light Screen|p1a: PAWN\n|-sidestart|p1: RomanGODra|move: Light Screen\n|move|p2a: Abyss Angel|Tailwind|p2a: Abyss Angel\n|-sidestart|p2: FlyAwayVGC|move: Tailwind\n|\n|-weather|RainDance|[upkeep]\n|upkeep\n|turn|2\n|\n|t:|1718115738\n|move|p2a: Abyss Angel|Snarl|p1b: KING|[spread] p1a,p1b\n|-resisted|p1a: PAWN\n|-activate|p1b: KING|ability: Tera Shell\n|-resisted|p1b: KING\n|-damage|p1a: PAWN|97\/100\n|-damage|p1b: KING|95\/100\n|-unboost|p1a: PAWN|spa|1\n|move|p2b: 300 Million|Thunder|p1b: KING\n|-damage|p1b: KING|41\/100\n|move|p1b: KING|Calm Mind|p1b: KING\n|-boost|p1b: KING|spa|1\n|-boost|p1b: KING|spd|1\n|move|p1a: PAWN|Foul Play|p2a: Abyss Angel\n|-resisted|p2a: Abyss Angel\n|-damage|p2a: Abyss Angel|90\/100\n|\n|-weather|RainDance|[upkeep]\n|upkeep\n|turn|3\n|inactive|RomanGODra has 30 seconds left.\n|\n|t:|1718115773\n|switch|p1a: Ogerpon|Ogerpon-Wellspring, L50, F|100\/100\n|move|p1b: KING|Protect|p1b: KING\n|-singleturn|p1b: KING|Protect\n|move|p2a: Abyss Angel|Hurricane|p1b: KING\n|-activate|p1b: KING|move: Protect\n|move|p2b: 300 Million|Thunder|p1a: Ogerpon\n|-crit|p1a: Ogerpon\n|-damage|p1a: Ogerpon|0 fnt\n|faint|p1a: Ogerpon\n|\n|-weather|RainDance|[upkeep]\n|upkeep\n|c|\u2606RomanGODra|Come on brow\n|c|\u2606RomanGODra|bro\n|\n|t:|1718115792\n|switch|p1a: Raging Bolt|Raging Bolt, L50|100\/100\n|turn|4\n|\n|t:|1718115817\n|-end|p2a: Abyss Angel|Quark Drive|[silent]\n|switch|p2a: Venus|Tsareena, L50, F|100\/100\n|-terastallize|p2b: 300 Million|Electric\n|-terastallize|p1b: KING|Stellar\n|detailschange|p1b: KING|Terapagos-Stellar, L50, M, tera:Stellar\n|-heal|p1b: KING|57\/100|[silent]\n|-ability|p1b: KING|Teraform Zero\n|-weather|none\n|move|p1a: Raging Bolt|Thunderclap||[still]\n|cant|p2a: Venus|ability: Queenly Majesty|Thunderclap|[of] p1a: Raging Bolt\n|move|p2b: 300 Million|Thunder|p1b: KING|[miss]\n|-miss|p2b: 300 Million|p1b: KING\n|move|p1b: KING|Tera Starstorm|p2b: 300 Million|[spread] p2a,p2b\n|-supereffective|p2b: 300 Million\n|-damage|p2a: Venus|46\/100\n|-damage|p2b: 300 Million|1\/100\n|\n|-sideend|p2: FlyAwayVGC|move: Tailwind\n|upkeep\n|turn|5\n|\n|t:|1718115838\n|move|p1b: KING|Protect|p1b: KING\n|-singleturn|p1b: KING|Protect\n|move|p1a: Raging Bolt|Electroweb|p2b: 300 Million|[spread] \n|-miss|p1a: Raging Bolt|p2a: Venus\n|-miss|p1a: Raging Bolt|p2b: 300 Million\n|move|p2a: Venus|Triple Axel|p1a: Raging Bolt\n|-supereffective|p1a: Raging Bolt\n|-damage|p1a: Raging Bolt|87\/100\n|-supereffective|p1a: Raging Bolt\n|-damage|p1a: Raging Bolt|59\/100\n|-supereffective|p1a: Raging Bolt\n|-damage|p1a: Raging Bolt|24\/100\n|-hitcount|p1a: Raging Bolt|3\n|move|p2b: 300 Million|Thunder|p1b: KING\n|-activate|p1b: KING|move: Protect\n|\n|upkeep\n|turn|6\n|j| Kal0stest\n|\n|t:|1718115857\n|move|p2a: Venus|Protect|p2a: Venus\n|-singleturn|p2a: Venus|Protect\n|move|p1a: Raging Bolt|Electroweb|p2b: 300 Million|[spread] p2b\n|-activate|p2a: Venus|move: Protect\n|-resisted|p2b: 300 Million\n|-damage|p2b: 300 Million|0 fnt\n|faint|p2b: 300 Million\n|-end|p2b: 300 Million|Protosynthesis|[silent]\n|move|p1b: KING|Tera Starstorm|p2a: Venus\n|-activate|p2a: Venus|move: Protect\n|\n|upkeep\n|\n|t:|1718115869\n|switch|p2b: Abyss Angel|Iron Jugulis, L50|90\/100\n|turn|7\n|\n|t:|1718115893\n|-end|p1a: Raging Bolt|Protosynthesis|[silent]\n|switch|p1a: PAWN|Grimmsnarl, L50, M, shiny|97\/100\n|move|p2b: Abyss Angel|Tailwind|p2b: Abyss Angel\n|-sidestart|p2: FlyAwayVGC|move: Tailwind\n|move|p2a: Venus|Triple Axel|p1a: PAWN\n|-damage|p1a: PAWN|91\/100\n|-damage|p1a: PAWN|78\/100\n|-damage|p1a: PAWN|60\/100\n|-hitcount|p1a: PAWN|3\n|move|p1b: KING|Tera Starstorm|p2b: Abyss Angel|[spread] p2a,p2b\n|-damage|p2a: Venus|0 fnt\n|-damage|p2b: Abyss Angel|21\/100\n|faint|p2a: Venus\n|\n|upkeep\n|\n|t:|1718115903\n|switch|p2a: Whalefall|Kyogre, L50|100\/100\n|-weather|RainDance|[from] ability: Drizzle|[of] p2a: Whalefall\n|turn|8\n|\n|t:|1718115913\n|move|p1b: KING|Protect|p1b: KING\n|-singleturn|p1b: KING|Protect\n|move|p1a: PAWN|Thunder Wave|p2a: Whalefall\n|-status|p2a: Whalefall|par\n|move|p2b: Abyss Angel|Hurricane|p1a: PAWN\n|-damage|p1a: PAWN|23\/100\n|-start|p1a: PAWN|confusion\n|move|p2a: Whalefall|Water Spout|p1b: KING|[spread] p1a\n|-activate|p1b: KING|move: Protect\n|-damage|p1a: PAWN|0 fnt\n|faint|p1a: PAWN\n|\n|-weather|RainDance|[upkeep]\n|-sideend|p1: RomanGODra|move: Light Screen\n|upkeep\n|\n|t:|1718115924\n|switch|p1a: Raging Bolt|Raging Bolt, L50|24\/100\n|turn|9\n|\n|t:|1718115941\n|move|p1a: Raging Bolt|Thunderclap|p2a: Whalefall\n|-supereffective|p2a: Whalefall\n|-damage|p2a: Whalefall|65\/100 par\n|move|p2b: Abyss Angel|Hurricane|p1b: KING\n|-damage|p1b: KING|35\/100\n|cant|p2a: Whalefall|par\n|move|p1b: KING|Tera Starstorm|p2a: Whalefall|[spread] p2a,p2b\n|-damage|p2a: Whalefall|43\/100 par\n|-damage|p2b: Abyss Angel|0 fnt\n|faint|p2b: Abyss Angel\n|-end|p2b: Abyss Angel|Quark Drive|[silent]\n|\n|-weather|RainDance|[upkeep]\n|upkeep\n|turn|10\n|\n|t:|1718115955\n|move|p1b: KING|Protect|p1b: KING\n|-singleturn|p1b: KING|Protect\n|move|p1a: Raging Bolt|Electroweb|p2a: Whalefall\n|-supereffective|p2a: Whalefall\n|-damage|p2a: Whalefall|17\/100 par\n|-unboost|p2a: Whalefall|spe|1\n|cant|p2a: Whalefall|par\n|\n|-weather|RainDance|[upkeep]\n|-sideend|p2: FlyAwayVGC|move: Tailwind\n|upkeep\n|turn|11\n|-message|FlyAwayVGC forfeited.\n|\n|win|RomanGODra\n|raw|RomanGODra's rating: 1718 &rarr; <strong>1737<\/strong><br \/>(+19 for winning)\n|raw|FlyAwayVGC's rating: 1709 &rarr; <strong>1690<\/strong><br \/>(-19 for losing)\n|l|\u2606FlyAwayVGC\n|player|p2|\n|l| stewpeed\n|l|\u2606RomanGODra\n|player|p1|\n|l| Kal0stest\n","uploadtime":1718115969,"views":25,"formatid":"gen9vgc2024regg","rating":1690,"private":0,"password":null}