{"id":"gen9vgc2024regg-2141708946","format":"[Gen 9] VGC 2024 Reg G","players":["cicibi","massan2580"],"log":"|j|\u2606cicibi\n|j|\u2606massan2580\n|t:|1718172470\n|gametype|doubles\n|player|p1|cicibi|cilan|1718\n|player|p2|massan2580|1|1776\n|teamsize|p1|6\n|teamsize|p2|6\n|gen|9\n|tier|[Gen 9] VGC 2024 Reg G\n|rated|\n|rule|Species Clause: Limit one of each Pok\u00e9mon\n|rule|Item Clause: Limit one of each item\n|clearpoke\n|poke|p1|Raging Bolt, L50|\n|poke|p1|Amoonguss, L50, M|\n|poke|p1|Chi-Yu, L50|\n|poke|p1|Urshifu-*, L50, F|\n|poke|p1|Calyrex-Ice, L50|\n|poke|p1|Flutter Mane, L50|\n|poke|p2|Urshifu-*, L50, F|\n|poke|p2|Chien-Pao, L50|\n|poke|p2|Terapagos, L50, M|\n|poke|p2|Chi-Yu, L50|\n|poke|p2|Indeedee-F, L50, F|\n|poke|p2|Amoonguss, L50, F|\n|teampreview|4\n|j| Therazer456\n|inactive|Battle timer is ON: inactive players will automatically lose when time's up. (requested by massan2580)\n|j| Harry 555\n|l| Harry 555\n|inactive|cicibi has 60 seconds left.\n|\n|t:|1718172522\n|start\n|switch|p1a: Flutter Mane|Flutter Mane, L50|100\/100\n|switch|p1b: Urshifu|Urshifu-Rapid-Strike, L50, F|100\/100\n|switch|p2a: Chien-Pao|Chien-Pao, L50|100\/100\n|switch|p2b: Terapagos|Terapagos, L50, M|100\/100\n|-activate|p2b: Terapagos|ability: Tera Shift\n|detailschange|p2b: Terapagos|Terapagos-Terastal, L50, M\n|-heal|p2b: Terapagos|100\/100|[silent]\n|-ability|p2a: Chien-Pao|Sword of Ruin\n|-enditem|p1a: Flutter Mane|Booster Energy\n|-activate|p1a: Flutter Mane|ability: Protosynthesis|[fromitem]\n|-start|p1a: Flutter Mane|protosynthesisspe\n|turn|1\n|\n|t:|1718172541\n|move|p2a: Chien-Pao|Sucker Punch|p1a: Flutter Mane\n|-damage|p1a: Flutter Mane|0 fnt\n|faint|p1a: Flutter Mane\n|-end|p1a: Flutter Mane|Protosynthesis|[silent]\n|-damage|p2a: Chien-Pao|91\/100|[from] item: Life Orb\n|move|p1b: Urshifu|Surging Strikes|p2a: Chien-Pao\n|-crit|p2a: Chien-Pao\n|-damage|p2a: Chien-Pao|63\/100\n|-crit|p2a: Chien-Pao\n|-damage|p2a: Chien-Pao|36\/100\n|-crit|p2a: Chien-Pao\n|-damage|p2a: Chien-Pao|6\/100\n|-hitcount|p2a: Chien-Pao|3\n|move|p2b: Terapagos|Meteor Beam||[still]\n|-prepare|p2b: Terapagos|Meteor Beam\n|-boost|p2b: Terapagos|spa|1\n|-enditem|p2b: Terapagos|Power Herb\n|-anim|p2b: Terapagos|Meteor Beam|p1b: Urshifu\n|-resisted|p1b: Urshifu\n|-damage|p1b: Urshifu|58\/100\n|\n|upkeep\n|\n|t:|1718172563\n|switch|p1a: Calyrex|Calyrex-Ice, L50|100\/100\n|-ability|p1a: Calyrex|As One\n|-ability|p1a: Calyrex|Unnerve\n|turn|2\n|inactive|cicibi has 30 seconds left.\n|inactive|cicibi has 20 seconds left.\n|\n|t:|1718172600\n|switch|p2a: Amoonguss|Amoonguss, L50, F|100\/100\n|move|p1b: Urshifu|Surging Strikes|p2b: Terapagos\n|-activate|p2b: Terapagos|ability: Tera Shell\n|-resisted|p2b: Terapagos\n|-crit|p2b: Terapagos\n|-damage|p2b: Terapagos|93\/100\n|-resisted|p2b: Terapagos\n|-crit|p2b: Terapagos\n|-damage|p2b: Terapagos|84\/100\n|-resisted|p2b: Terapagos\n|-crit|p2b: Terapagos\n|-damage|p2b: Terapagos|76\/100\n|-hitcount|p2b: Terapagos|3\n|move|p2b: Terapagos|Tera Starstorm|p1b: Urshifu\n|-damage|p1b: Urshifu|0 fnt\n|faint|p1b: Urshifu\n|move|p1a: Calyrex|Trick Room|p1a: Calyrex\n|-fieldstart|move: Trick Room|[of] p1a: Calyrex\n|\n|upkeep\n|\n|t:|1718172617\n|switch|p1b: Raging Bolt|Raging Bolt, L50|100\/100\n|turn|3\n|\n|t:|1718172637\n|-terastallize|p2b: Terapagos|Stellar\n|detailschange|p2b: Terapagos|Terapagos-Stellar, L50, M, tera:Stellar\n|-heal|p2b: Terapagos|82\/100|[silent]\n|move|p2a: Amoonguss|Spore|p1a: Calyrex\n|-status|p1a: Calyrex|slp|[from] move: Spore\n|cant|p1a: Calyrex|slp\n|move|p1b: Raging Bolt|Draco Meteor|p2b: Terapagos\n|-damage|p2b: Terapagos|32\/100\n|-unboost|p1b: Raging Bolt|spa|2\n|move|p2b: Terapagos|Tera Starstorm|p1a: Calyrex|[spread] p1a,p1b\n|-damage|p1a: Calyrex|60\/100 slp\n|-damage|p1b: Raging Bolt|69\/100\n|\n|upkeep\n|turn|4\n|\n|t:|1718172661\n|move|p2b: Terapagos|Protect|p2b: Terapagos\n|-singleturn|p2b: Terapagos|Protect\n|move|p2a: Amoonguss|Foul Play|p1a: Calyrex\n|-supereffective|p1a: Calyrex\n|-damage|p1a: Calyrex|12\/100 slp\n|cant|p1a: Calyrex|slp\n|move|p1b: Raging Bolt|Volt Switch|p2b: Terapagos\n|-activate|p2b: Terapagos|move: Protect\n|\n|upkeep\n|turn|5\n|-message|cicibi forfeited.\n|\n|win|massan2580\n|raw|cicibi's rating: 1718 &rarr; <strong>1701<\/strong><br \/>(-17 for losing)\n|raw|massan2580's rating: 1776 &rarr; <strong>1793<\/strong><br \/>(+17 for winning)\n|l|\u2606cicibi\n|player|p1|\n|l| Therazer456\n|l|\u2606massan2580\n|player|p2|\n","uploadtime":1718172840,"views":35,"formatid":"gen9vgc2024regg","rating":1701,"private":0,"password":null}