{"id":"gen9vgc2024regg-2141144027","format":"[Gen 9] VGC 2024 Reg G","players":["MigraineMan","a810g"],"log":"|j|\u2606MigraineMan\n|j|\u2606a810g\n|t:|1718104137\n|gametype|doubles\n|player|p1|MigraineMan|266|1704\n|player|p2|a810g|2|1665\n|teamsize|p1|6\n|teamsize|p2|6\n|gen|9\n|tier|[Gen 9] VGC 2024 Reg G\n|rated|\n|rule|Species Clause: Limit one of each Pok\u00e9mon\n|rule|Item Clause: Limit one of each item\n|clearpoke\n|poke|p1|Calyrex-Shadow, L50|\n|poke|p1|Clefairy, L50, M|\n|poke|p1|Tornadus, L50, M|\n|poke|p1|Urshifu-*, L50, F|\n|poke|p1|Rillaboom, L50, F|\n|poke|p1|Incineroar, L50, M|\n|poke|p2|Roaring Moon, L50|\n|poke|p2|Incineroar, L50, M|\n|poke|p2|Calyrex-Shadow, L50|\n|poke|p2|Ogerpon-Wellspring, L50, F|\n|poke|p2|Mienshao, L50, M|\n|poke|p2|Indeedee-F, L50, F|\n|teampreview|4\n|\n|t:|1718104218\n|start\n|switch|p1a: Calyrex|Calyrex-Shadow, L50|100\/100\n|switch|p1b: Tornadus|Tornadus, L50, M, shiny|100\/100\n|switch|p2a: Epownedya|Calyrex-Shadow, L50|100\/100\n|switch|p2b: Ori|Mienshao, L50, M|100\/100\n|-ability|p1a: Calyrex|As One\n|-ability|p1a: Calyrex|Unnerve\n|-ability|p2a: Epownedya|As One\n|-ability|p2a: Epownedya|Unnerve\n|turn|1\n|inactive|Battle timer is ON: inactive players will automatically lose when time's up. (requested by MigraineMan)\n|inactiveoff|Battle timer is now OFF.\n|j| Orcojjn\n|j| THUNDERSND77\n|\n|t:|1718104254\n|-terastallize|p2a: Epownedya|Ghost\n|-terastallize|p1a: Calyrex|Fairy\n|move|p2b: Ori|Fake Out|p1a: Calyrex\n|-damage|p1a: Calyrex|83\/100\n|move|p1b: Tornadus|Tailwind|p1b: Tornadus\n|-sidestart|p1: MigraineMan|move: Tailwind\n|move|p1a: Calyrex|Calm Mind|p1a: Calyrex\n|-boost|p1a: Calyrex|spa|1\n|-boost|p1a: Calyrex|spd|1\n|move|p2a: Epownedya|Astral Barrage|p1a: Calyrex|[spread] p1a,p1b\n|-damage|p1a: Calyrex|11\/100\n|-enditem|p1b: Tornadus|Focus Sash\n|-damage|p1b: Tornadus|1\/100\n|\n|upkeep\n|turn|2\n|\n|t:|1718104283\n|switch|p1b: Incineroar|Incineroar, L50, M, shiny|100\/100\n|-ability|p1b: Incineroar|Intimidate|boost\n|-unboost|p2a: Epownedya|atk|1\n|-fail|p2b: Ori|unboost|Attack|[from] ability: Inner Focus|[of] p2b: Ori\n|move|p2b: Ori|Feint|p1a: Calyrex\n|-damage|p1a: Calyrex|0 fnt\n|faint|p1a: Calyrex\n|move|p2a: Epownedya|Astral Barrage|p1b: Incineroar\n|-resisted|p1b: Incineroar\n|-damage|p1b: Incineroar|47\/100\n|\n|upkeep\n|j| rabbihorn\n|\n|t:|1718104295\n|switch|p1a: Rillaboom|Rillaboom, L50, F, shiny|100\/100\n|-fieldstart|move: Grassy Terrain|[from] ability: Grassy Surge|[of] p1a: Rillaboom\n|turn|3\n|\n|t:|1718104310\n|switch|p2a: Azula|Roaring Moon, L50|100\/100\n|-enditem|p1b: Incineroar|Sitrus Berry|[eat]\n|-heal|p1b: Incineroar|72\/100|[from] item: Sitrus Berry\n|-enditem|p2a: Azula|Booster Energy\n|-activate|p2a: Azula|ability: Protosynthesis|[fromitem]\n|-start|p2a: Azula|protosynthesisspe\n|move|p1a: Rillaboom|Wood Hammer|p2a: Azula\n|-resisted|p2a: Azula\n|-damage|p2a: Azula|63\/100\n|-damage|p1a: Rillaboom|88\/100|[from] Recoil\n|move|p1b: Incineroar|Will-O-Wisp|p2b: Ori\n|-status|p2b: Ori|brn\n|move|p2b: Ori|Close Combat|p1b: Incineroar\n|-supereffective|p1b: Incineroar\n|-damage|p1b: Incineroar|12\/100\n|-unboost|p2b: Ori|def|1\n|-unboost|p2b: Ori|spd|1\n|\n|-heal|p2a: Azula|69\/100|[from] Grassy Terrain\n|-heal|p1a: Rillaboom|94\/100|[from] Grassy Terrain\n|-heal|p1b: Incineroar|18\/100|[from] Grassy Terrain\n|-damage|p2b: Ori|95\/100 brn|[from] brn\n|upkeep\n|turn|4\n|j| Kal0stest\n|\n|t:|1718104349\n|move|p2a: Azula|Knock Off|p1a: Rillaboom\n|-damage|p1a: Rillaboom|52\/100\n|-enditem|p1a: Rillaboom|Assault Vest|[from] move: Knock Off|[of] p2a: Azula\n|move|p1a: Rillaboom|U-turn|p2a: Azula\n|-supereffective|p2a: Azula\n|-damage|p2a: Azula|21\/100\n|\n|t:|1718104355\n|switch|p1a: Tornadus|Tornadus, L50, M, shiny|1\/100|[from] U-turn\n|move|p1b: Incineroar|Will-O-Wisp|p2a: Azula|[miss]\n|-miss|p1b: Incineroar|p2a: Azula\n|move|p2b: Ori|Close Combat|p1b: Incineroar\n|-supereffective|p1b: Incineroar\n|-damage|p1b: Incineroar|0 fnt\n|-unboost|p2b: Ori|def|1\n|-unboost|p2b: Ori|spd|1\n|faint|p1b: Incineroar\n|\n|-heal|p2a: Azula|27\/100|[from] Grassy Terrain\n|-heal|p2b: Ori|100\/100 brn|[from] Grassy Terrain\n|-damage|p2b: Ori|95\/100 brn|[from] brn\n|-sideend|p1: MigraineMan|move: Tailwind\n|upkeep\n|\n|t:|1718104357\n|switch|p1b: Rillaboom|Rillaboom, L50, F, shiny|52\/100\n|turn|5\n|\n|t:|1718104386\n|move|p1b: Rillaboom|Fake Out|p2a: Azula\n|-damage|p2a: Azula|14\/100\n|move|p2b: Ori|Feint|p1a: Tornadus\n|-damage|p1a: Tornadus|0 fnt\n|faint|p1a: Tornadus\n|cant|p2a: Azula|flinch\n|\n|-heal|p2a: Azula|20\/100|[from] Grassy Terrain\n|-heal|p2b: Ori|100\/100 brn|[from] Grassy Terrain\n|-heal|p1b: Rillaboom|58\/100|[from] Grassy Terrain\n|-damage|p2b: Ori|95\/100 brn|[from] brn\n|upkeep\n|turn|6\n|\n|t:|1718104400\n|move|p2a: Azula|Protect|p2a: Azula\n|-singleturn|p2a: Azula|Protect\n|move|p1b: Rillaboom|Grassy Glide|p2a: Azula\n|-activate|p2a: Azula|move: Protect\n|move|p2b: Ori|Close Combat|p1b: Rillaboom\n|-damage|p1b: Rillaboom|25\/100\n|-unboost|p2b: Ori|def|1\n|-unboost|p2b: Ori|spd|1\n|\n|-heal|p2a: Azula|26\/100|[from] Grassy Terrain\n|-heal|p2b: Ori|100\/100 brn|[from] Grassy Terrain\n|-heal|p1b: Rillaboom|30\/100|[from] Grassy Terrain\n|-damage|p2b: Ori|95\/100 brn|[from] brn\n|upkeep\n|turn|7\n|l| Orcojjn\n|-message|MigraineMan forfeited.\n|\n|win|a810g\n|raw|MigraineMan's rating: 1704 &rarr; <strong>1682<\/strong><br \/>(-22 for losing)\n|raw|a810g's rating: 1665 &rarr; <strong>1687<\/strong><br \/>(+22 for winning)\n|l|\u2606MigraineMan\n|player|p1|\n|l| rabbihorn\n|l| THUNDERSND77\n|l| Kal0stest\n","uploadtime":1718104607,"views":18,"formatid":"gen9vgc2024regg","rating":1682,"private":0,"password":null}