{"id":"gen9vgc2024regg-2141102878","format":"[Gen 9] VGC 2024 Reg G","players":["Himmafridge","bluestraggler01"],"log":"|j|\u2606Himmafridge\n|j|\u2606bluestraggler01\n|t:|1718097240\n|gametype|doubles\n|player|p1|Himmafridge|steven|1709\n|player|p2|bluestraggler01|101|1716\n|teamsize|p1|6\n|teamsize|p2|6\n|gen|9\n|tier|[Gen 9] VGC 2024 Reg G\n|rated|\n|rule|Species Clause: Limit one of each Pok\u00e9mon\n|rule|Item Clause: Limit one of each item\n|clearpoke\n|poke|p1|Annihilape, L50, M|\n|poke|p1|Calyrex-Ice, L50|\n|poke|p1|Electabuzz, L50, M|\n|poke|p1|Farigiraf, L50, F|\n|poke|p1|Smeargle, L50, F|\n|poke|p1|Ursaluna-Bloodmoon, L50, M|\n|poke|p2|Groudon, L50|\n|poke|p2|Gouging Fire, L50|\n|poke|p2|Whimsicott, L50, M|\n|poke|p2|Entei, L50|\n|poke|p2|Walking Wake, L50|\n|poke|p2|Brute Bonnet, L50|\n|teampreview|4\n|inactive|Battle timer is ON: inactive players will automatically lose when time's up. (requested by bluestraggler01)\nbluestraggler01 rejected open team sheets.\n|\n|t:|1718097287\n|start\n|switch|p1a: Calyrex|Calyrex-Ice, L50|100\/100\n|switch|p1b: Smeargle|Smeargle, L50, F|100\/100\n|switch|p2a: Gouging Fire|Gouging Fire, L50|100\/100\n|switch|p2b: Groudon|Groudon, L50|100\/100\n|-ability|p1a: Calyrex|As One\n|-ability|p1a: Calyrex|Unnerve\n|-weather|SunnyDay|[from] ability: Drought|[of] p2b: Groudon\n|-activate|p2a: Gouging Fire|ability: Protosynthesis\n|-start|p2a: Gouging Fire|protosynthesisspe\n|turn|1\n|\n|t:|1718097310\n|-terastallize|p1a: Calyrex|Fire\n|move|p2b: Groudon|Helping Hand|p2a: Gouging Fire\n|-singleturn|p2a: Gouging Fire|Helping Hand|[of] p2b: Groudon\n|move|p1b: Smeargle|Fake Out|p2b: Groudon\n|-damage|p2b: Groudon|97\/100\n|move|p2a: Gouging Fire|Flare Blitz|p1a: Calyrex\n|-resisted|p1a: Calyrex\n|-damage|p1a: Calyrex|67\/100\n|-damage|p2a: Gouging Fire|89\/100|[from] Recoil\n|move|p1a: Calyrex|Trick Room|p1a: Calyrex\n|-fieldstart|move: Trick Room|[of] p1a: Calyrex\n|\n|-weather|SunnyDay|[upkeep]\n|upkeep\n|turn|2\n|inactive|Himmafridge has 30 seconds left.\n|inactive|bluestraggler01 has 30 seconds left.\n|\n|t:|1718097346\n|-terastallize|p2b: Groudon|Fire\n|move|p1a: Calyrex|Protect|p1a: Calyrex\n|-singleturn|p1a: Calyrex|Protect\n|move|p2b: Groudon|Precipice Blades|p1a: Calyrex|[spread] p1b\n|-activate|p1a: Calyrex|move: Protect\n|-enditem|p1b: Smeargle|Focus Sash\n|-damage|p1b: Smeargle|1\/100\n|move|p1b: Smeargle|Spore|p2b: Groudon\n|-status|p2b: Groudon|slp|[from] move: Spore\n|move|p2a: Gouging Fire|Flare Blitz|p1b: Smeargle\n|-damage|p1b: Smeargle|0 fnt\n|faint|p1b: Smeargle\n|-damage|p2a: Gouging Fire|89\/100|[from] Recoil\n|\n|-weather|SunnyDay|[upkeep]\n|upkeep\n|\n|t:|1718097361\n|switch|p1b: Ursaluna|Ursaluna-Bloodmoon, L50, M|100\/100\n|turn|3\n|\n|t:|1718097385\n|move|p1a: Calyrex|Glacial Lance|p2a: Gouging Fire|[spread] p2a,p2b\n|-resisted|p2b: Groudon\n|-damage|p2a: Gouging Fire|44\/100\n|-damage|p2b: Groudon|79\/100 slp\n|move|p1b: Ursaluna|Hyper Voice|p2a: Gouging Fire|[spread] p2a,p2b\n|-damage|p2a: Gouging Fire|0 fnt\n|-damage|p2b: Groudon|30\/100 slp\n|faint|p2a: Gouging Fire\n|-end|p2a: Gouging Fire|Protosynthesis|[silent]\n|-damage|p1b: Ursaluna|91\/100|[from] item: Life Orb\n|cant|p2b: Groudon|slp\n|\n|-weather|SunnyDay|[upkeep]\n|upkeep\n|\n|t:|1718097395\n|switch|p2a: Brute Bonnet|Brute Bonnet, L50|100\/100\n|-activate|p2a: Brute Bonnet|ability: Protosynthesis\n|-start|p2a: Brute Bonnet|protosynthesisdef\n|turn|4\n|\n|t:|1718097404\n|move|p1a: Calyrex|Glacial Lance|p2a: Brute Bonnet|[spread] p2a,p2b\n|-supereffective|p2a: Brute Bonnet\n|-resisted|p2b: Groudon\n|-damage|p2a: Brute Bonnet|37\/100\n|-damage|p2b: Groudon|12\/100 slp\n|move|p1b: Ursaluna|Hyper Voice|p2a: Brute Bonnet|[spread] p2a,p2b\n|-damage|p2a: Brute Bonnet|1\/100\n|-damage|p2b: Groudon|0 fnt\n|faint|p2b: Groudon\n|-damage|p1b: Ursaluna|81\/100|[from] item: Life Orb\n|move|p2a: Brute Bonnet|Spore|p1b: Ursaluna\n|-status|p1b: Ursaluna|slp|[from] move: Spore\n|\n|-weather|SunnyDay|[upkeep]\n|upkeep\n|\n|t:|1718097411\n|switch|p2b: Entei|Entei, L50|100\/100\n|turn|5\n|\n|t:|1718097423\n|move|p2a: Brute Bonnet|Sucker Punch|p1a: Calyrex\n|-damage|p1a: Calyrex|47\/100\n|move|p1a: Calyrex|Glacial Lance|p2a: Brute Bonnet|[spread] p2a,p2b\n|-supereffective|p2a: Brute Bonnet\n|-resisted|p2b: Entei\n|-damage|p2a: Brute Bonnet|0 fnt\n|-damage|p2b: Entei|68\/100\n|faint|p2a: Brute Bonnet\n|-end|p2a: Brute Bonnet|Protosynthesis|[silent]\n|-ability|p1a: Calyrex|Chilling Neigh|boost\n|-boost|p1a: Calyrex|atk|1\n|cant|p1b: Ursaluna|slp\n|move|p2b: Entei|Sacred Fire|p1b: Ursaluna\n|-damage|p1b: Ursaluna|0 fnt\n|faint|p1b: Ursaluna\n|\n|-weather|none\n|-fieldend|move: Trick Room\n|upkeep\n|\n|t:|1718097436\n|switch|p1b: Electabuzz|Electabuzz, L50, M|100\/100\n|turn|6\n|-message|bluestraggler01 forfeited.\n|\n|win|Himmafridge\n|raw|Himmafridge's rating: 1709 &rarr; <strong>1729<\/strong><br \/>(+20 for winning)\n|raw|bluestraggler01's rating: 1716 &rarr; <strong>1696<\/strong><br \/>(-20 for losing)\n|l|\u2606bluestraggler01\n|player|p2|\n|l|\u2606Himmafridge\n|player|p1|\n","uploadtime":1718097690,"views":54,"formatid":"gen9vgc2024regg","rating":1696,"private":0,"password":null}