{"id":"gen9vgc2024regg-2141128069","format":"[Gen 9] VGC 2024 Reg G","players":["RomanGODra","Jace196"],"log":"|j|\u2606RomanGODra\n|j|\u2606Jace196\n|t:|1718101574\n|gametype|doubles\n|player|p1|RomanGODra|waiter-gen4dp|1756\n|player|p2|Jace196|palmer|1656\n|teamsize|p1|6\n|teamsize|p2|6\n|gen|9\n|tier|[Gen 9] VGC 2024 Reg G\n|rated|\n|rule|Species Clause: Limit one of each Pok\u00e9mon\n|rule|Item Clause: Limit one of each item\n|clearpoke\n|poke|p1|Terapagos, L50, M|\n|poke|p1|Raging Bolt, L50|\n|poke|p1|Scream Tail, L50|\n|poke|p1|Grimmsnarl, L50, M|\n|poke|p1|Ogerpon-Wellspring, L50, F|\n|poke|p1|Rillaboom, L50, M|\n|poke|p2|Miraidon, L50|\n|poke|p2|Incineroar, L50, M|\n|poke|p2|Grimmsnarl, L50, M|\n|poke|p2|Iron Hands, L50|\n|poke|p2|Pelipper, L50, M|\n|poke|p2|Wo-Chien, L50|\n|teampreview|4\n|\n|t:|1718101624\n|start\n|switch|p1a: Rillaboom|Rillaboom, L50, M|100\/100\n|switch|p1b: KING|Terapagos, L50, M|100\/100\n|switch|p2a: Grimmsnarl|Grimmsnarl, L50, M|100\/100\n|switch|p2b: Incineroar|Incineroar, L50, M|100\/100\n|-activate|p1b: KING|ability: Tera Shift\n|detailschange|p1b: KING|Terapagos-Terastal, L50, M\n|-heal|p1b: KING|100\/100|[silent]\n|-fieldstart|move: Grassy Terrain|[from] ability: Grassy Surge|[of] p1a: Rillaboom\n|-ability|p2b: Incineroar|Intimidate|boost\n|-unboost|p1a: Rillaboom|atk|1\n|-unboost|p1b: KING|atk|1\n|turn|1\n|\n|t:|1718101635\n|move|p2a: Grimmsnarl|Light Screen|p2a: Grimmsnarl\n|-sidestart|p2: Jace196|move: Light Screen\n|move|p1b: KING|Calm Mind|p1b: KING\n|-boost|p1b: KING|spa|1\n|-boost|p1b: KING|spd|1\n|move|p1a: Rillaboom|Taunt|p2b: Incineroar\n|-start|p2b: Incineroar|move: Taunt\n|cant|p2b: Incineroar|move: Taunt|Parting Shot\n|\n|upkeep\n|turn|2\n|j| D3athStalk3r\n|\n|t:|1718101655\n|move|p2a: Grimmsnarl|Thunder Wave|p1b: KING\n|-status|p1b: KING|par\n|move|p1a: Rillaboom|Taunt|p2a: Grimmsnarl\n|-start|p2a: Grimmsnarl|move: Taunt\n|move|p2b: Incineroar|Knock Off|p1b: KING\n|-activate|p1b: KING|ability: Tera Shell\n|-resisted|p1b: KING\n|-damage|p1b: KING|86\/100 par\n|-enditem|p1b: KING|Covert Cloak|[from] move: Knock Off|[of] p2b: Incineroar\n|move|p1b: KING|Calm Mind|p1b: KING\n|-boost|p1b: KING|spa|1\n|-boost|p1b: KING|spd|1\n|\n|-heal|p1b: KING|92\/100 par|[from] Grassy Terrain\n|upkeep\n|turn|3\n|\n|t:|1718101682\n|move|p1a: Rillaboom|Wood Hammer|p2a: Grimmsnarl\n|-damage|p2a: Grimmsnarl|26\/100\n|-damage|p1a: Rillaboom|74\/100|[from] Recoil\n|move|p2b: Incineroar|Flare Blitz|p1a: Rillaboom\n|-supereffective|p1a: Rillaboom\n|-damage|p1a: Rillaboom|0 fnt\n|faint|p1a: Rillaboom\n|-damage|p2b: Incineroar|77\/100|[from] Recoil\n|move|p2a: Grimmsnarl|Spirit Break|p1b: KING\n|-damage|p1b: KING|68\/100 par\n|-unboost|p1b: KING|spa|1\n|move|p1b: KING|Tera Starstorm|p2a: Grimmsnarl\n|-damage|p2a: Grimmsnarl|0 fnt\n|faint|p2a: Grimmsnarl\n|\n|-heal|p2b: Incineroar|83\/100|[from] Grassy Terrain\n|-heal|p1b: KING|75\/100 par|[from] Grassy Terrain\n|-end|p2b: Incineroar|move: Taunt\n|upkeep\n|\n|t:|1718101704\n|switch|p1a: BISHOP|Scream Tail, L50, shiny|100\/100\n|switch|p2a: Iron Hands|Iron Hands, L50|100\/100\n|-enditem|p1a: BISHOP|Booster Energy\n|-activate|p1a: BISHOP|ability: Protosynthesis|[fromitem]\n|-start|p1a: BISHOP|protosynthesisspe\n|turn|4\n|\n|t:|1718101721\n|move|p1a: BISHOP|Protect|p1a: BISHOP\n|-singleturn|p1a: BISHOP|Protect\n|move|p1b: KING|Protect|p1b: KING\n|-singleturn|p1b: KING|Protect\n|move|p2b: Incineroar|Parting Shot|p1b: KING\n|-activate|p1b: KING|move: Protect\n|move|p2a: Iron Hands|Heavy Slam|p1a: BISHOP\n|-activate|p1a: BISHOP|move: Protect\n|\n|-heal|p2b: Incineroar|89\/100|[from] Grassy Terrain\n|-heal|p1b: KING|81\/100 par|[from] Grassy Terrain\n|upkeep\n|turn|5\n|\n|t:|1718101751\n|move|p1a: BISHOP|Disable|p2a: Iron Hands\n|-start|p2a: Iron Hands|Disable|Heavy Slam\n|move|p2b: Incineroar|Parting Shot|p1b: KING\n|-unboost|p1b: KING|atk|1\n|-unboost|p1b: KING|spa|1\n|\n|t:|1718101761\n|switch|p2b: Miraidon|Miraidon, L50|100\/100|[from] Parting Shot\n|-fieldstart|move: Electric Terrain|[from] ability: Hadron Engine|[of] p2b: Miraidon\n|-enditem|p2b: Miraidon|Electric Seed\n|-boost|p2b: Miraidon|def|1|[from] item: Electric Seed\n|-activate|p2a: Iron Hands|ability: Quark Drive\n|-start|p2a: Iron Hands|quarkdriveatk\n|cant|p2a: Iron Hands|Disable|Heavy Slam\n|move|p1b: KING|Calm Mind|p1b: KING\n|-boost|p1b: KING|spa|1\n|-boost|p1b: KING|spd|1\n|\n|upkeep\n|turn|6\n|j| Falcon108\n|j| THUNDERSND77\n|\n|t:|1718101786\n|-end|p2a: Iron Hands|Quark Drive|[silent]\n|switch|p2a: Incineroar|Incineroar, L50, M|89\/100\n|-ability|p2a: Incineroar|Intimidate|boost\n|-unboost|p1a: BISHOP|atk|1\n|-unboost|p1b: KING|atk|1\n|-terastallize|p1b: KING|Stellar\n|detailschange|p1b: KING|Terapagos-Stellar, L50, M, tera:Stellar\n|-heal|p1b: KING|86\/100 par|[silent]\n|-ability|p1b: KING|Teraform Zero\n|-fieldend|move: Electric Terrain\n|move|p1a: BISHOP|Encore||[still]\n|-fail|p1a: BISHOP\n|move|p2b: Miraidon|Calm Mind|p2b: Miraidon\n|-boost|p2b: Miraidon|spa|1\n|-boost|p2b: Miraidon|spd|1\n|cant|p1b: KING|par\n|\n|upkeep\n|turn|7\n|\n|t:|1718101813\n|move|p2a: Incineroar|Fake Out|p1a: BISHOP\n|-damage|p1a: BISHOP|92\/100\n|cant|p1a: BISHOP|flinch\n|move|p2b: Miraidon|Parabolic Charge|p1b: KING|[spread] p2a,p1a,p1b\n|-damage|p2a: Incineroar|69\/100\n|-damage|p1a: BISHOP|63\/100\n|-damage|p1b: KING|76\/100 par\n|move|p1b: KING|Earth Power|p2b: Miraidon\n|-supereffective|p2b: Miraidon\n|-damage|p2b: Miraidon|60\/100\n|\n|upkeep\n|turn|8\n|\n|t:|1718101830\n|move|p1a: BISHOP|Encore|p2b: Miraidon\n|-start|p2b: Miraidon|Encore\n|move|p2b: Miraidon|Parabolic Charge|p1b: KING|[spread] p2a,p1a,p1b\n|-damage|p2a: Incineroar|50\/100\n|-heal|p2b: Miraidon|70\/100|[from] drain|[of] p2a: Incineroar\n|-damage|p1a: BISHOP|35\/100\n|-heal|p2b: Miraidon|85\/100|[from] drain|[of] p1a: BISHOP\n|-damage|p1b: KING|66\/100 par\n|-heal|p2b: Miraidon|92\/100|[from] drain|[of] p1b: KING\n|-enditem|p2a: Incineroar|Sitrus Berry|[eat]\n|-heal|p2a: Incineroar|75\/100|[from] item: Sitrus Berry\n|move|p2a: Incineroar|Parting Shot|p1b: KING\n|-unboost|p1b: KING|atk|1\n|-unboost|p1b: KING|spa|1\n|\n|t:|1718101844\n|switch|p2a: Iron Hands|Iron Hands, L50|100\/100|[from] Parting Shot\n|cant|p1b: KING|par\n|\n|-sideend|p2: Jace196|move: Light Screen\n|upkeep\n|turn|9\n|j| rabbihorn\n|\n|t:|1718101862\n|move|p1a: BISHOP|Protect|p1a: BISHOP\n|-singleturn|p1a: BISHOP|Protect\n|move|p2a: Iron Hands|Fake Out|p1a: BISHOP\n|-activate|p1a: BISHOP|move: Protect\n|move|p2b: Miraidon|Parabolic Charge|p1a: BISHOP|[spread] p2a,p1b\n|-activate|p1a: BISHOP|move: Protect\n|-resisted|p2a: Iron Hands\n|-damage|p2a: Iron Hands|90\/100\n|-heal|p2b: Miraidon|99\/100|[from] drain|[of] p2a: Iron Hands\n|-damage|p1b: KING|55\/100 par\n|-heal|p2b: Miraidon|100\/100|[from] drain|[of] p1b: KING\n|move|p1b: KING|Calm Mind|p1b: KING\n|-boost|p1b: KING|spa|1\n|-boost|p1b: KING|spd|1\n|\n|upkeep\n|turn|10\n|\n|t:|1718101870\n|move|p1a: BISHOP|Disable|p2b: Miraidon\n|-start|p2b: Miraidon|Disable|Parabolic Charge\n|cant|p2b: Miraidon|Disable|Parabolic Charge\n|move|p2a: Iron Hands|Drain Punch|p1b: KING\n|-supereffective|p1b: KING\n|-damage|p1b: KING|5\/100 par\n|-heal|p2a: Iron Hands|100\/100|[from] drain|[of] p1b: KING\n|cant|p1b: KING|par\n|\n|-end|p2b: Miraidon|Encore\n|upkeep\n|turn|11\n|\n|t:|1718101910\n|move|p1a: BISHOP|Disable|p2a: Iron Hands\n|-start|p2a: Iron Hands|Disable|Drain Punch\n|move|p2b: Miraidon|Calm Mind|p2b: Miraidon\n|-boost|p2b: Miraidon|spa|1\n|-boost|p2b: Miraidon|spd|1\n|move|p2a: Iron Hands|Heavy Slam|p1b: KING\n|-crit|p1b: KING\n|-damage|p1b: KING|0 fnt\n|faint|p1b: KING\n|\n|upkeep\n|\n|t:|1718101912\n|switch|p1b: Raging Bolt|Raging Bolt, L50|100\/100\n|turn|12\n|l| D3athStalk3r\n|\n|t:|1718101939\n|-end|p2a: Iron Hands|Quark Drive|[silent]\n|switch|p2a: Incineroar|Incineroar, L50, M|75\/100\n|-ability|p2a: Incineroar|Intimidate|boost\n|-unboost|p1a: BISHOP|atk|1\n|-unboost|p1b: Raging Bolt|atk|1\n|move|p2b: Miraidon|Protect|p2b: Miraidon\n|-singleturn|p2b: Miraidon|Protect\n|move|p1a: BISHOP|Dazzling Gleam|p2a: Incineroar|[spread] p2a\n|-activate|p2b: Miraidon|move: Protect\n|-damage|p2a: Incineroar|62\/100\n|move|p1b: Raging Bolt|Draco Meteor|p2b: Miraidon\n|-activate|p2b: Miraidon|move: Protect\n|\n|upkeep\n|turn|13\n|c|\u2606RomanGODra|Bro you can\u2019t lose\n|c|\u2606RomanGODra|finish it\n|\n|t:|1718101970\n|-terastallize|p2b: Miraidon|Electric\n|move|p1a: BISHOP|Dazzling Gleam|p2a: Incineroar|[spread] p2a,p2b\n|-damage|p2a: Incineroar|52\/100\n|-damage|p2b: Miraidon|94\/100\n|move|p2b: Miraidon|Calm Mind|p2b: Miraidon\n|-boost|p2b: Miraidon|spa|1\n|-boost|p2b: Miraidon|spd|1\n|move|p1b: Raging Bolt|Draco Meteor|p2b: Miraidon\n|-damage|p2b: Miraidon|70\/100\n|-unboost|p1b: Raging Bolt|spa|2\n|move|p2a: Incineroar|Parting Shot|p1b: Raging Bolt\n|-unboost|p1b: Raging Bolt|atk|1\n|-unboost|p1b: Raging Bolt|spa|1\n|c|\u2606RomanGODra|Fine\n|c|\u2606RomanGODra|Have fun\n|\n|t:|1718101985\n|switch|p2a: Iron Hands|Iron Hands, L50|100\/100|[from] Parting Shot\n|\n|-end|p2b: Miraidon|Disable\n|upkeep\n|turn|14\n|l|\u2606RomanGODra\n|player|p1|\n|c|\u2606Jace196|Thank you\n|c|\u2606Jace196|Gg\n|inactive|Battle timer is ON: inactive players will automatically lose when time's up. (requested by Jace196)\n|inactive|RomanGODra has 30 seconds to reconnect!\n|inactive|RomanGODra has 20 seconds to reconnect!\n|inactive|RomanGODra has 15 seconds to reconnect!\n|inactive|RomanGODra has 10 seconds to reconnect!\n|c| rabbihorn|y don't that coward just forfeit\n|j|\u2606RomanGODra\n|inactive|RomanGODra reconnected and has 40 seconds left.\n|player|p1|RomanGODra|waiter-gen4dp|\n|\n|t:|1718102097\n|move|p1a: BISHOP|Dazzling Gleam|p2b: Miraidon|[spread] p2a,p2b\n|-supereffective|p2a: Iron Hands\n|-damage|p2a: Iron Hands|84\/100\n|-damage|p2b: Miraidon|65\/100\n|move|p2b: Miraidon|Parabolic Charge|p1b: Raging Bolt|[spread] p2a,p1a,p1b\n|-resisted|p2a: Iron Hands\n|-resisted|p1b: Raging Bolt\n|-damage|p2a: Iron Hands|57\/100\n|-heal|p2b: Miraidon|83\/100|[from] drain|[of] p2a: Iron Hands\n|-damage|p1a: BISHOP|0 fnt\n|-heal|p2b: Miraidon|100\/100|[from] drain|[of] p1a: BISHOP\n|-damage|p1b: Raging Bolt|86\/100\n|faint|p1a: BISHOP\n|-end|p1a: BISHOP|Protosynthesis|[silent]\n|move|p1b: Raging Bolt|Electroweb|p2a: Iron Hands|[spread] p2a,p2b\n|-resisted|p2a: Iron Hands\n|-resisted|p2b: Miraidon\n|-damage|p2a: Iron Hands|54\/100\n|-damage|p2b: Miraidon|99\/100\n|-unboost|p2a: Iron Hands|spe|1\n|-unboost|p2b: Miraidon|spe|1\n|move|p2a: Iron Hands|Heavy Slam|p1b: Raging Bolt\n|-resisted|p1b: Raging Bolt\n|-damage|p1b: Raging Bolt|78\/100\n|\n|upkeep\n|turn|15\n|c|\u2606RomanGODra|Why did you just finish me\n|c|\u2606RomanGODra|you were being unsportsmanlike first\n|inactive|RomanGODra has 30 seconds left.\n|inactive|RomanGODra has 20 seconds left.\n|inactive|RomanGODra has 15 seconds left.\n|inactive|RomanGODra has 10 seconds left.\n|inactive|RomanGODra has 5 seconds left.\n|l|\u2606RomanGODra\n|inactive|RomanGODra disconnected and has a minute to reconnect!\n|player|p1|\n|-message|RomanGODra lost due to inactivity.\n|\n|win|Jace196\n|raw|RomanGODra's rating: 1756 &rarr; <strong>1730<\/strong><br \/>(-26 for losing)\n|raw|Jace196's rating: 1656 &rarr; <strong>1682<\/strong><br \/>(+26 for winning)\n|l| THUNDERSND77\n|j|\u2606RomanGODra\n|player|p1|RomanGODra|waiter-gen4dp|\n|l|\u2606RomanGODra\n|player|p1|\n","uploadtime":1718102161,"views":45,"formatid":"gen9vgc2024regg","rating":1682,"private":0,"password":null}