{"id":"gen9vgc2024regg-2141782459","format":"[Gen 9] VGC 2024 Reg G","players":["Chashao","tuanzai233t"],"log":"|j|\u2606Chashao\n|j|\u2606tuanzai233t\n|t:|1718186115\n|gametype|doubles\n|player|p1|Chashao|hilbert|1689\n|player|p2|tuanzai233t|265|1801\n|teamsize|p1|6\n|teamsize|p2|6\n|gen|9\n|tier|[Gen 9] VGC 2024 Reg G\n|rated|\n|rule|Species Clause: Limit one of each Pok\u00e9mon\n|rule|Item Clause: Limit one of each item\n|clearpoke\n|poke|p1|Calyrex-Shadow, L50|\n|poke|p1|Mienshao, L50, F|\n|poke|p1|Chi-Yu, L50|\n|poke|p1|Rillaboom, L50, M|\n|poke|p1|Tornadus, L50, M|\n|poke|p1|Clefairy, L50, F|\n|poke|p2|Indeedee-F, L50, F|\n|poke|p2|Torkoal, L50, M|\n|poke|p2|Calyrex-Ice, L50|\n|poke|p2|Annihilape, L50, M|\n|poke|p2|Urshifu-*, L50, M|\n|poke|p2|Brute Bonnet, L50|\n|teampreview|4\ntuanzai233t has agreed to open team sheets.\n|\n|t:|1718186141\n|start\n|switch|p1a: Li Xiaolong|Mienshao, L50, F, shiny|100\/100\n|switch|p1b: TSM_Crylix|Calyrex-Shadow, L50|100\/100\n|switch|p2a: Calyrex|Calyrex-Ice, L50|100\/100\n|switch|p2b: Brute Bonnet|Brute Bonnet, L50, shiny|100\/100\n|-ability|p1b: TSM_Crylix|As One\n|-ability|p1b: TSM_Crylix|Unnerve\n|-ability|p2a: Calyrex|As One\n|-ability|p2a: Calyrex|Unnerve\n|turn|1\n|inactive|Battle timer is ON: inactive players will automatically lose when time's up. (requested by tuanzai233t)\n|\n|t:|1718186172\n|-terastallize|p2a: Calyrex|Fire\n|move|p1a: Li Xiaolong|Fake Out|p2b: Brute Bonnet\n|-damage|p2b: Brute Bonnet|91\/100\n|move|p1b: TSM_Crylix|Astral Barrage|p2b: Brute Bonnet|[spread] p2a,p2b\n|-resisted|p2b: Brute Bonnet\n|-damage|p2a: Calyrex|65\/100\n|-damage|p2b: Brute Bonnet|72\/100\n|cant|p2b: Brute Bonnet|flinch\n|move|p2a: Calyrex|Trick Room|p2a: Calyrex\n|-fieldstart|move: Trick Room|[of] p2a: Calyrex\n|\n|upkeep\n|turn|2\n|inactive|Chashao has 30 seconds left.\n|j| simagungou\n|inactive|Chashao has 20 seconds left.\n|inactive|Chashao has 15 seconds left.\n|\n|t:|1718186214\n|move|p1b: TSM_Crylix|Protect|p1b: TSM_Crylix\n|-singleturn|p1b: TSM_Crylix|Protect\n|move|p2a: Calyrex|High Horsepower|p1a: Li Xiaolong\n|-damage|p1a: Li Xiaolong|24\/100\n|move|p2b: Brute Bonnet|Spore|p1b: TSM_Crylix\n|-activate|p1b: TSM_Crylix|move: Protect\n|move|p1a: Li Xiaolong|Close Combat|p2b: Brute Bonnet\n|-supereffective|p2b: Brute Bonnet\n|-damage|p2b: Brute Bonnet|0 fnt\n|-unboost|p1a: Li Xiaolong|def|1\n|-unboost|p1a: Li Xiaolong|spd|1\n|faint|p2b: Brute Bonnet\n|-end|p2b: Brute Bonnet|Protosynthesis|[silent]\n|\n|upkeep\n|\n|t:|1718186219\n|switch|p2b: Torkoal|Torkoal, L50, M|100\/100\n|-weather|SunnyDay|[from] ability: Drought|[of] p2b: Torkoal\n|turn|3\n|\n|t:|1718186240\n|move|p1a: Li Xiaolong|Wide Guard|p1a: Li Xiaolong\n|-singleturn|p1a: Li Xiaolong|Wide Guard\n|move|p2b: Torkoal|Weather Ball|p1b: TSM_Crylix\n|-damage|p1b: TSM_Crylix|27\/100\n|move|p2a: Calyrex|High Horsepower|p1b: TSM_Crylix\n|-damage|p1b: TSM_Crylix|0 fnt\n|faint|p1b: TSM_Crylix\n|-ability|p2a: Calyrex|Chilling Neigh|boost\n|-boost|p2a: Calyrex|atk|1\n|\n|-weather|SunnyDay|[upkeep]\n|upkeep\n|\n|t:|1718186250\n|switch|p1b: Karepippi|Clefairy, L50, F|100\/100\n|turn|4\n|\n|t:|1718186273\n|move|p2b: Torkoal|Weather Ball|p1a: Li Xiaolong\n|-damage|p1a: Li Xiaolong|0 fnt\n|faint|p1a: Li Xiaolong\n|move|p1b: Karepippi|After You|p1: Li Xiaolong|[notarget]\n|-fail|p1b: Karepippi\n|move|p2a: Calyrex|High Horsepower|p1b: Karepippi\n|-damage|p1b: Karepippi|45\/100\n|\n|-weather|SunnyDay|[upkeep]\n|upkeep\n|\n|t:|1718186276\n|switch|p1a: Super Saiyan|Rillaboom, L50, M, shiny|100\/100\n|-fieldstart|move: Grassy Terrain|[from] ability: Grassy Surge|[of] p1a: Super Saiyan\n|turn|5\n|l| simagungou\n|j| THUNDERSND77\n|\n|t:|1718186299\n|-terastallize|p1a: Super Saiyan|Fire\n|move|p1a: Super Saiyan|Fake Out|p2a: Calyrex\n|-damage|p2a: Calyrex|57\/100\n|move|p2b: Torkoal|Eruption|p1a: Super Saiyan|[spread] p1a,p1b\n|-resisted|p1a: Super Saiyan\n|-crit|p1a: Super Saiyan\n|-damage|p1a: Super Saiyan|65\/100\n|-damage|p1b: Karepippi|0 fnt\n|faint|p1b: Karepippi\n|cant|p2a: Calyrex|flinch\n|\n|-weather|SunnyDay|[upkeep]\n|-heal|p2a: Calyrex|63\/100|[from] Grassy Terrain\n|-heal|p1a: Super Saiyan|71\/100|[from] Grassy Terrain\n|-fieldend|move: Trick Room\n|upkeep\n|turn|6\n|-message|Chashao forfeited.\n|\n|win|tuanzai233t\n|raw|Chashao's rating: 1689 &rarr; <strong>1675<\/strong><br \/>(-14 for losing)\n|raw|tuanzai233t's rating: 1801 &rarr; <strong>1815<\/strong><br \/>(+14 for winning)\n|j| splash2ndcousin\n|l|\u2606Chashao\n|player|p1|\n|l|\u2606tuanzai233t\n|player|p2|\n|l| THUNDERSND77\n","uploadtime":1718186452,"views":13,"formatid":"gen9vgc2024regg","rating":1675,"private":0,"password":null}