{"id":"gen9vgc2024regg-2141107754","format":"[Gen 9] VGC 2024 Reg G","players":["bluestraggler01","MigraineMan"],"log":"|j|\u2606bluestraggler01\n|j|\u2606MigraineMan\n|t:|1718098095\n|gametype|doubles\n|player|p1|bluestraggler01|101|1673\n|player|p2|MigraineMan|1|1696\n|teamsize|p1|6\n|teamsize|p2|6\n|gen|9\n|tier|[Gen 9] VGC 2024 Reg G\n|rated|\n|rule|Species Clause: Limit one of each Pok\u00e9mon\n|rule|Item Clause: Limit one of each item\n|clearpoke\n|poke|p1|Groudon, L50|\n|poke|p1|Gouging Fire, L50|\n|poke|p1|Whimsicott, L50, M|\n|poke|p1|Entei, L50|\n|poke|p1|Walking Wake, L50|\n|poke|p1|Brute Bonnet, L50|\n|poke|p2|Calyrex-Ice, L50|\n|poke|p2|Raging Bolt, L50|\n|poke|p2|Urshifu-*, L50, M|\n|poke|p2|Ursaluna-Bloodmoon, L50, M|\n|poke|p2|Tornadus, L50, M|\n|poke|p2|Farigiraf, L50, M|\n|teampreview|4\n|inactive|Battle timer is ON: inactive players will automatically lose when time's up. (requested by bluestraggler01)\nbluestraggler01 rejected open team sheets.\n|\n|t:|1718098138\n|start\n|switch|p1a: Entei|Entei, L50|100\/100\n|switch|p1b: Gouging Fire|Gouging Fire, L50|100\/100\n|switch|p2a: Tornadus|Tornadus, L50, M|100\/100\n|switch|p2b: Raging Bolt|Raging Bolt, L50|100\/100\n|-enditem|p1b: Gouging Fire|Booster Energy\n|-activate|p1b: Gouging Fire|ability: Protosynthesis|[fromitem]\n|-start|p1b: Gouging Fire|protosynthesisspe\n|turn|1\n|inactive|bluestraggler01 has 30 seconds left.\n|inactive|bluestraggler01 has 20 seconds left.\n|inactive|bluestraggler01 has 15 seconds left.\n|\n|t:|1718098179\n|-terastallize|p1b: Gouging Fire|Fairy\n|move|p2a: Tornadus|Tailwind|p2a: Tornadus\n|-sidestart|p2: MigraineMan|move: Tailwind\n|move|p1b: Gouging Fire|Howl|p1b: Gouging Fire|[spread] p1a,p1b\n|-boost|p1a: Entei|atk|1\n|-boost|p1b: Gouging Fire|atk|1\n|move|p2b: Raging Bolt|Thunderbolt|p1a: Entei\n|-damage|p1a: Entei|47\/100\n|move|p1a: Entei|Sacred Fire|p2b: Raging Bolt\n|-resisted|p2b: Raging Bolt\n|-damage|p2b: Raging Bolt|47\/100\n|\n|upkeep\n|turn|2\n|\n|t:|1718098208\n|switch|p1a: Brute Bonnet|Brute Bonnet, L50|100\/100\n|move|p2b: Raging Bolt|Thunderclap|p1b: Gouging Fire\n|-damage|p1b: Gouging Fire|64\/100\n|move|p2a: Tornadus|Bleakwind Storm|p1b: Gouging Fire|[spread] p1a,p1b\n|-supereffective|p1a: Brute Bonnet\n|-damage|p1a: Brute Bonnet|54\/100\n|-damage|p1b: Gouging Fire|36\/100\n|-unboost|p1b: Gouging Fire|spe|1\n|move|p1b: Gouging Fire|Breaking Swipe|p2b: Raging Bolt|[spread] p2a,p2b\n|-supereffective|p2b: Raging Bolt\n|-damage|p2a: Tornadus|68\/100\n|-damage|p2b: Raging Bolt|0 fnt\n|faint|p2b: Raging Bolt\n|-end|p2b: Raging Bolt|Protosynthesis|[silent]\n|\n|upkeep\n|\n|t:|1718098223\n|switch|p2b: Farigiraf|Farigiraf, L50, M|100\/100\n|turn|3\n|inactive|MigraineMan has 30 seconds left.\n|\n|t:|1718098250\n|-terastallize|p2a: Tornadus|Flying\n|move|p2b: Farigiraf|Helping Hand|p2a: Tornadus\n|-singleturn|p2a: Tornadus|Helping Hand|[of] p2b: Farigiraf\n|move|p2a: Tornadus|Bleakwind Storm|p1b: Gouging Fire|[spread] \n|-miss|p2a: Tornadus|p1a: Brute Bonnet\n|-miss|p2a: Tornadus|p1b: Gouging Fire\n|move|p1b: Gouging Fire|Flare Blitz|p2a: Tornadus\n|-damage|p2a: Tornadus|0 fnt\n|faint|p2a: Tornadus\n|-damage|p1b: Gouging Fire|16\/100|[from] Recoil\n|move|p1a: Brute Bonnet|Spore|p2b: Farigiraf\n|-status|p2b: Farigiraf|slp|[from] move: Spore\n|\n|upkeep\n|c|\u2606MigraineMan|Lmaooo\n|\n|t:|1718098265\n|switch|p2a: Calyrex|Calyrex-Ice, L50|100\/100\n|-ability|p2a: Calyrex|As One\n|-ability|p2a: Calyrex|Unnerve\n|turn|4\n|\n|t:|1718098287\n|move|p2a: Calyrex|Glacial Lance|p1b: Gouging Fire|[spread] p1a,p1b\n|-supereffective|p1a: Brute Bonnet\n|-damage|p1a: Brute Bonnet|0 fnt\n|-damage|p1b: Gouging Fire|0 fnt\n|faint|p1a: Brute Bonnet\n|-end|p1a: Brute Bonnet|Protosynthesis|[silent]\n|faint|p1b: Gouging Fire\n|-end|p1b: Gouging Fire|Protosynthesis|[silent]\n|-ability|p2a: Calyrex|Chilling Neigh|boost\n|-boost|p2a: Calyrex|atk|2\n|cant|p2b: Farigiraf|slp\n|\n|-sideend|p2: MigraineMan|move: Tailwind\n|upkeep\n|\n|t:|1718098290\n|switch|p1b: Groudon|Groudon, L50|100\/100\n|switch|p1a: Entei|Entei, L50|47\/100\n|-weather|SunnyDay|[from] ability: Drought|[of] p1b: Groudon\n|turn|5\n|\n|t:|1718098304\n|move|p1a: Entei|Flare Blitz|p2a: Calyrex\n|-supereffective|p2a: Calyrex\n|-damage|p2a: Calyrex|0 fnt\n|faint|p2a: Calyrex\n|-damage|p1a: Entei|18\/100|[from] Recoil\n|move|p1b: Groudon|Heat Crash|p2b: Farigiraf\n|-damage|p2b: Farigiraf|43\/100 slp\n|-enditem|p2b: Farigiraf|Sitrus Berry|[eat]\n|-heal|p2b: Farigiraf|68\/100 slp|[from] item: Sitrus Berry\n|cant|p2b: Farigiraf|slp\n|\n|-weather|SunnyDay|[upkeep]\n|upkeep\n|turn|6\n|\n|t:|1718098309\n|move|p1b: Groudon|Helping Hand|p1a: Entei\n|-singleturn|p1a: Entei|Helping Hand|[of] p1b: Groudon\n|move|p1a: Entei|Flare Blitz|p2b: Farigiraf\n|-damage|p2b: Farigiraf|0 fnt\n|faint|p2b: Farigiraf\n|-damage|p1a: Entei|0 fnt|[from] Recoil\n|faint|p1a: Entei\n|\n|win|bluestraggler01\n|raw|bluestraggler01's rating: 1673 &rarr; <strong>1694<\/strong><br \/>(+21 for winning)\n|raw|MigraineMan's rating: 1696 &rarr; <strong>1675<\/strong><br \/>(-21 for losing)\n|j| Falcon108\n|l|\u2606bluestraggler01\n|player|p1|\n|c|\u2606MigraineMan|Wpwpwpwwp\n","uploadtime":1718098520,"views":41,"formatid":"gen9vgc2024regg","rating":1675,"private":0,"password":null}