{"id":"gen9vgc2024regg-2141789012","format":"[Gen 9] VGC 2024 Reg G","players":["Chashao","tuanzai233"],"log":"|j|\u2606Chashao\n|j|\u2606tuanzai233\n|t:|1718187285\n|gametype|doubles\n|player|p1|Chashao|hilbert|1658\n|player|p2|tuanzai233|265|1767\n|teamsize|p1|6\n|teamsize|p2|6\n|gen|9\n|tier|[Gen 9] VGC 2024 Reg G\n|rated|\n|rule|Species Clause: Limit one of each Pok\u00e9mon\n|rule|Item Clause: Limit one of each item\n|clearpoke\n|poke|p1|Calyrex-Shadow, L50|\n|poke|p1|Mienshao, L50, F|\n|poke|p1|Chi-Yu, L50|\n|poke|p1|Rillaboom, L50, M|\n|poke|p1|Tornadus, L50, M|\n|poke|p1|Clefairy, L50, F|\n|poke|p2|Indeedee-F, L50, F|\n|poke|p2|Torkoal, L50, M|\n|poke|p2|Calyrex-Ice, L50|\n|poke|p2|Annihilape, L50, F|\n|poke|p2|Urshifu-*, L50, M|\n|poke|p2|Brute Bonnet, L50|\n|teampreview|4\n|inactive|Battle timer is ON: inactive players will automatically lose when time's up. (requested by tuanzai233)\n|j| simagungou\n|\n|t:|1718187326\n|start\n|switch|p1a: Li Xiaolong|Mienshao, L50, F, shiny|100\/100\n|switch|p1b: TSM_Crylix|Calyrex-Shadow, L50|100\/100\n|switch|p2a: Calyrex|Calyrex-Ice, L50|100\/100\n|switch|p2b: Brute Bonnet|Brute Bonnet, L50, shiny|100\/100\n|-ability|p1b: TSM_Crylix|As One\n|-ability|p1b: TSM_Crylix|Unnerve\n|-ability|p2a: Calyrex|As One\n|-ability|p2a: Calyrex|Unnerve\n|turn|1\n|inactive|Chashao has 30 seconds left.\n|\n|t:|1718187353\n|-terastallize|p2a: Calyrex|Fire\n|move|p1b: TSM_Crylix|Protect|p1b: TSM_Crylix\n|-singleturn|p1b: TSM_Crylix|Protect\n|move|p1a: Li Xiaolong|Taunt|p2a: Calyrex\n|-start|p2a: Calyrex|move: Taunt\n|move|p2b: Brute Bonnet|Spore|p1b: TSM_Crylix\n|-activate|p1b: TSM_Crylix|move: Protect\n|cant|p2a: Calyrex|move: Taunt|Trick Room\n|\n|upkeep\n|turn|2\n|\n|t:|1718187376\n|-terastallize|p1b: TSM_Crylix|Fairy\n|move|p1b: TSM_Crylix|Astral Barrage|p2a: Calyrex|[spread] p2a,p2b\n|-resisted|p2b: Brute Bonnet\n|-damage|p2a: Calyrex|64\/100\n|-damage|p2b: Brute Bonnet|81\/100\n|move|p1a: Li Xiaolong|Close Combat|p2b: Brute Bonnet\n|-supereffective|p2b: Brute Bonnet\n|-damage|p2b: Brute Bonnet|3\/100\n|-unboost|p1a: Li Xiaolong|def|1\n|-unboost|p1a: Li Xiaolong|spd|1\n|move|p2b: Brute Bonnet|Crunch|p1b: TSM_Crylix\n|-resisted|p1b: TSM_Crylix\n|-damage|p1b: TSM_Crylix|81\/100\n|move|p2a: Calyrex|Glacial Lance|p1b: TSM_Crylix|[spread] p1a,p1b\n|-enditem|p1a: Li Xiaolong|Focus Sash\n|-damage|p1a: Li Xiaolong|1\/100\n|-damage|p1b: TSM_Crylix|18\/100\n|\n|upkeep\n|turn|3\n|j| GSBird\n|inactive|Chashao has 30 seconds left.\n|inactive|tuanzai233 has 30 seconds left.\n|j| shy1535\n|j| rabbihorn\n|inactive|Chashao has 20 seconds left.\n|inactive|Chashao has 15 seconds left.\n|\n|t:|1718187419\n|move|p1b: TSM_Crylix|Astral Barrage|p2a: Calyrex|[spread] p2a,p2b\n|-resisted|p2b: Brute Bonnet\n|-damage|p2a: Calyrex|29\/100\n|-damage|p2b: Brute Bonnet|0 fnt\n|faint|p2b: Brute Bonnet\n|-end|p2b: Brute Bonnet|Protosynthesis|[silent]\n|-ability|p1b: TSM_Crylix|Grim Neigh|boost\n|-boost|p1b: TSM_Crylix|spa|1\n|move|p1a: Li Xiaolong|Close Combat|p2a: Calyrex\n|-damage|p2a: Calyrex|0 fnt\n|-unboost|p1a: Li Xiaolong|def|1\n|-unboost|p1a: Li Xiaolong|spd|1\n|faint|p2a: Calyrex\n|\n|upkeep\n|\n|t:|1718187429\n|switch|p2b: Torkoal|Torkoal, L50, M|100\/100\n|switch|p2a: Urshifu|Urshifu, L50, M|100\/100\n|-weather|SunnyDay|[from] ability: Drought|[of] p2b: Torkoal\n|turn|4\n|inactive|Chashao has 30 seconds left.\n|\n|t:|1718187459\n|move|p2a: Urshifu|Detect|p2a: Urshifu\n|-singleturn|p2a: Urshifu|Protect\n|move|p1b: TSM_Crylix|Astral Barrage|p2b: Torkoal|[spread] p2b\n|-activate|p2a: Urshifu|move: Protect\n|-damage|p2b: Torkoal|0 fnt\n|faint|p2b: Torkoal\n|-ability|p1b: TSM_Crylix|Grim Neigh|boost\n|-boost|p1b: TSM_Crylix|spa|1\n|move|p1a: Li Xiaolong|Close Combat|p2a: Urshifu\n|-activate|p2a: Urshifu|move: Protect\n|\n|-weather|SunnyDay|[upkeep]\n|upkeep\n|turn|5\n|-message|tuanzai233 forfeited.\n|\n|win|Chashao\n|raw|Chashao's rating: 1658 &rarr; <strong>1684<\/strong><br \/>(+26 for winning)\n|raw|tuanzai233's rating: 1767 &rarr; <strong>1741<\/strong><br \/>(-26 for losing)\n|l|\u2606tuanzai233\n|player|p2|\n|l|\u2606Chashao\n|player|p1|\n|l| simagungou\n|l| GSBird\n|l| shy1535\n","uploadtime":1718187698,"views":21,"formatid":"gen9vgc2024regg","rating":1684,"private":0,"password":null}