{"id":"gen9vgc2024regg-2141829006","format":"[Gen 9] VGC 2024 Reg G","players":["zugasteam","RomanGODra"],"log":"|j|\u2606zugasteam\n|j|\u2606RomanGODra\n|t:|1718193621\n|gametype|doubles\n|player|p1|zugasteam|102|1719\n|player|p2|RomanGODra|waiter-gen4dp|1782\n|teamsize|p1|6\n|teamsize|p2|6\n|gen|9\n|tier|[Gen 9] VGC 2024 Reg G\n|rated|\n|rule|Species Clause: Limit one of each Pok\u00e9mon\n|rule|Item Clause: Limit one of each item\n|clearpoke\n|poke|p1|Chi-Yu, L50|\n|poke|p1|Flutter Mane, L50|\n|poke|p1|Terapagos, L50, M|\n|poke|p1|Urshifu-*, L50, F|\n|poke|p1|Iron Hands, L50|\n|poke|p1|Grimmsnarl, L50, M|\n|poke|p2|Terapagos, L50, M|\n|poke|p2|Raging Bolt, L50|\n|poke|p2|Scream Tail, L50|\n|poke|p2|Grimmsnarl, L50, M|\n|poke|p2|Ogerpon-Wellspring, L50, F|\n|poke|p2|Rillaboom, L50, F|\n|teampreview|4\n|inactive|Battle timer is ON: inactive players will automatically lose when time's up. (requested by RomanGODra)\n|\n|t:|1718193648\n|start\n|switch|p1a: Flutter Mane|Flutter Mane, L50|100\/100\n|switch|p1b: Iron Hands|Iron Hands, L50|100\/100\n|switch|p2a: PAWN|Grimmsnarl, L50, M, shiny|100\/100\n|switch|p2b: Rillaboom|Rillaboom, L50, F|100\/100\n|-fieldstart|move: Grassy Terrain|[from] ability: Grassy Surge|[of] p2b: Rillaboom\n|-enditem|p1a: Flutter Mane|Booster Energy\n|-activate|p1a: Flutter Mane|ability: Protosynthesis|[fromitem]\n|-start|p1a: Flutter Mane|protosynthesisspe\n|turn|1\n|\n|t:|1718193665\n|move|p1b: Iron Hands|Fake Out|p2a: PAWN\n|-damage|p2a: PAWN|87\/100\n|cant|p2a: PAWN|flinch\n|move|p1a: Flutter Mane|Moonblast|p2a: PAWN\n|-supereffective|p2a: PAWN\n|-damage|p2a: PAWN|3\/100\n|-unboost|p2a: PAWN|spa|1\n|move|p2b: Rillaboom|Wood Hammer|p1a: Flutter Mane\n|-damage|p1a: Flutter Mane|0 fnt\n|faint|p1a: Flutter Mane\n|-end|p1a: Flutter Mane|Protosynthesis|[silent]\n|-damage|p2b: Rillaboom|73\/100|[from] Recoil\n|\n|-heal|p2b: Rillaboom|80\/100|[from] Grassy Terrain\n|-heal|p2a: PAWN|9\/100|[from] Grassy Terrain\n|upkeep\n|\n|t:|1718193677\n|switch|p1a: Grimmsnarl|Grimmsnarl, L50, M|100\/100\n|turn|2\n|\n|t:|1718193693\n|move|p2a: PAWN|Light Screen|p2a: PAWN\n|-sidestart|p2: RomanGODra|move: Light Screen\n|move|p1a: Grimmsnarl|Reflect|p1a: Grimmsnarl\n|-sidestart|p1: zugasteam|Reflect\n|move|p2b: Rillaboom|Wood Hammer|p1b: Iron Hands\n|-damage|p1b: Iron Hands|63\/100\n|-damage|p2b: Rillaboom|64\/100|[from] Recoil\n|move|p1b: Iron Hands|Heavy Slam|p2a: PAWN\n|-supereffective|p2a: PAWN\n|-damage|p2a: PAWN|0 fnt\n|faint|p2a: PAWN\n|\n|-heal|p2b: Rillaboom|70\/100|[from] Grassy Terrain\n|-heal|p1b: Iron Hands|69\/100|[from] Grassy Terrain\n|upkeep\n|\n|t:|1718193711\n|switch|p2a: KING|Terapagos, L50, M|100\/100\n|-activate|p2a: KING|ability: Tera Shift\n|detailschange|p2a: KING|Terapagos-Terastal, L50, M\n|-heal|p2a: KING|100\/100|[silent]\n|turn|3\n|\n|t:|1718193718\n|move|p2a: KING|Protect|p2a: KING\n|-singleturn|p2a: KING|Protect\n|move|p1a: Grimmsnarl|Light Screen|p1a: Grimmsnarl\n|-sidestart|p1: zugasteam|move: Light Screen\n|move|p2b: Rillaboom|Wood Hammer|p1a: Grimmsnarl\n|-damage|p1a: Grimmsnarl|38\/100\n|-damage|p2b: Rillaboom|49\/100|[from] Recoil\n|move|p1b: Iron Hands|Drain Punch|p2a: KING\n|-activate|p2a: KING|move: Protect\n|\n|-heal|p2b: Rillaboom|55\/100|[from] Grassy Terrain\n|-heal|p1a: Grimmsnarl|44\/100|[from] Grassy Terrain\n|-heal|p1b: Iron Hands|75\/100|[from] Grassy Terrain\n|upkeep\n|turn|4\n|\n|t:|1718193733\n|switch|p2a: BISHOP|Scream Tail, L50, shiny|100\/100\n|-enditem|p2a: BISHOP|Booster Energy\n|-activate|p2a: BISHOP|ability: Protosynthesis|[fromitem]\n|-start|p2a: BISHOP|protosynthesisspe\n|move|p1a: Grimmsnarl|Thunder Wave|p2a: BISHOP\n|-status|p2a: BISHOP|par\n|move|p2b: Rillaboom|Wood Hammer|p1a: Grimmsnarl\n|-damage|p1a: Grimmsnarl|0 fnt\n|faint|p1a: Grimmsnarl\n|-damage|p2b: Rillaboom|41\/100|[from] Recoil\n|move|p1b: Iron Hands|Drain Punch|p2a: BISHOP\n|-resisted|p2a: BISHOP\n|-damage|p2a: BISHOP|91\/100 par\n|-heal|p1b: Iron Hands|79\/100|[from] drain|[of] p2a: BISHOP\n|\n|-heal|p2a: BISHOP|97\/100 par|[from] Grassy Terrain\n|-heal|p2b: Rillaboom|47\/100|[from] Grassy Terrain\n|-heal|p1b: Iron Hands|85\/100|[from] Grassy Terrain\n|upkeep\n|\n|t:|1718193738\n|switch|p1a: Terapagos|Terapagos, L50, M|100\/100\n|-activate|p1a: Terapagos|ability: Tera Shift\n|detailschange|p1a: Terapagos|Terapagos-Terastal, L50, M\n|-heal|p1a: Terapagos|100\/100|[silent]\n|turn|5\n|\n|t:|1718193755\n|cant|p2a: BISHOP|par\n|move|p1a: Terapagos|Tera Starstorm|p2a: BISHOP\n|-damage|p2a: BISHOP|63\/100 par\n|move|p2b: Rillaboom|Wood Hammer|p1b: Iron Hands\n|-damage|p1b: Iron Hands|48\/100\n|-damage|p2b: Rillaboom|31\/100|[from] Recoil\n|move|p1b: Iron Hands|Heavy Slam|p2a: BISHOP\n|-supereffective|p2a: BISHOP\n|-damage|p2a: BISHOP|0 fnt\n|faint|p2a: BISHOP\n|-end|p2a: BISHOP|Protosynthesis|[silent]\n|\n|-heal|p2b: Rillaboom|37\/100|[from] Grassy Terrain\n|-heal|p1b: Iron Hands|54\/100|[from] Grassy Terrain\n|-fieldend|move: Grassy Terrain\n|upkeep\n|\n|t:|1718193760\n|switch|p2a: KING|Terapagos-Terastal, L50, M|100\/100\n|turn|6\n|c|\u2606RomanGODra|Bro come on\n|j| Genox07\n|c|\u2606zugasteam|sorry\n|inactive|RomanGODra has 30 seconds left.\n|\n|t:|1718193787\n|-terastallize|p2a: KING|Stellar\n|detailschange|p2a: KING|Terapagos-Stellar, L50, M, tera:Stellar\n|-heal|p2a: KING|100\/100|[silent]\n|move|p1a: Terapagos|Tera Starstorm|p2a: KING\n|-damage|p2a: KING|70\/100\n|move|p2b: Rillaboom|Wood Hammer|p1b: Iron Hands\n|-damage|p1b: Iron Hands|20\/100\n|-damage|p2b: Rillaboom|24\/100|[from] Recoil\n|move|p2a: KING|Earth Power|p1b: Iron Hands\n|-supereffective|p1b: Iron Hands\n|-damage|p1b: Iron Hands|0 fnt\n|faint|p1b: Iron Hands\n|-end|p1b: Iron Hands|Quark Drive|[silent]\n|\n|upkeep\n|turn|7\n|j| THUNDERSND77\n|\n|t:|1718193807\n|-terastallize|p1a: Terapagos|Stellar\n|detailschange|p1a: Terapagos|Terapagos-Stellar, L50, M, tera:Stellar\n|-heal|p1a: Terapagos|100\/100|[silent]\n|move|p2a: KING|Protect|p2a: KING\n|-singleturn|p2a: KING|Protect\n|move|p1a: Terapagos|Tera Starstorm|p2b: Rillaboom|[spread] p2b\n|-activate|p2a: KING|move: Protect\n|-damage|p2b: Rillaboom|0 fnt\n|faint|p2b: Rillaboom\n|\n|upkeep\n|turn|8\n|inactive|RomanGODra has 30 seconds left.\n|j| qianguyidi\n|c|\u2606zugasteam|gg\n|c|\u2606RomanGODra|I just want you to know that\u2019s literally the second time today playing this same team I\u2019ve been paralyzed when all I needed to do was protect then disable\n|inactive|RomanGODra has 20 seconds left.\n|\n|t:|1718193843\n|move|p1a: Terapagos|Tera Starstorm|p2a: KING\n|-supereffective|p2a: KING\n|-damage|p2a: KING|11\/100\n|move|p2a: KING|Tera Starstorm|p1a: Terapagos\n|-supereffective|p1a: Terapagos\n|-damage|p1a: Terapagos|57\/100\n|\n|upkeep\n|turn|9\n|\n|t:|1718193850\n|move|p2a: KING|Protect|p2a: KING\n|-singleturn|p2a: KING|Protect\n|move|p1a: Terapagos|Tera Starstorm|p2a: KING\n|-activate|p2a: KING|move: Protect\n|\n|-sideend|p1: zugasteam|Reflect\n|-sideend|p2: RomanGODra|move: Light Screen\n|upkeep\n|turn|10\n|\n|t:|1718193859\n|move|p1a: Terapagos|Tera Starstorm|p2a: KING\n|-supereffective|p2a: KING\n|-damage|p2a: KING|0 fnt\n|faint|p2a: KING\n|\n|win|zugasteam\n|raw|zugasteam's rating: 1719 &rarr; <strong>1743<\/strong><br \/>(+24 for winning)\n|raw|RomanGODra's rating: 1782 &rarr; <strong>1758<\/strong><br \/>(-24 for losing)\n|c|\u2606RomanGODra|My luck against this team is so ass\n|c|\u2606RomanGODra|All I needed was that protect and it was gg\n|c|\u2606zugasteam|men\n|c|\u2606RomanGODra|Huh\n|c|\u2606zugasteam|was only a para\n|c|\u2606RomanGODra|I mean a super crucial one\n|c|\u2606RomanGODra|what does men mean lmao\n|l|\u2606zugasteam\n|player|p1|\n|l| Genox07\n|l| THUNDERSND77\n","uploadtime":1718194073,"views":74,"formatid":"gen9vgc2024regg","rating":1743,"private":0,"password":null}