{"id":"gen9vgc2024regg-2141278415","format":"[Gen 9] VGC 2024 Reg G","players":["bluestraggler01","mistah mistah 11"],"log":"|j|\u2606bluestraggler01\n|j|\u2606mistah mistah 11\n|t:|1718120032\n|gametype|doubles\n|player|p1|bluestraggler01|101|1667\n|player|p2|mistah mistah 11|102|1704\n|teamsize|p1|6\n|teamsize|p2|6\n|gen|9\n|tier|[Gen 9] VGC 2024 Reg G\n|rated|\n|rule|Species Clause: Limit one of each Pok\u00e9mon\n|rule|Item Clause: Limit one of each item\n|clearpoke\n|poke|p1|Groudon, L50|\n|poke|p1|Gouging Fire, L50|\n|poke|p1|Whimsicott, L50, F|\n|poke|p1|Entei, L50|\n|poke|p1|Walking Wake, L50|\n|poke|p1|Brute Bonnet, L50|\n|poke|p2|Eternatus, L50|\n|poke|p2|Tinkaton, L50, F|\n|poke|p2|Tornadus, L50, M|\n|poke|p2|Urshifu-*, L50, F|\n|poke|p2|Cresselia, L50, F|\n|poke|p2|Landorus, L50, M|\n|teampreview|4\n|\n|t:|1718120059\n|start\n|switch|p1a: Groudon|Groudon, L50|100\/100\n|switch|p1b: Brute Bonnet|Brute Bonnet, L50|100\/100\n|switch|p2a: Eternatus|Eternatus, L50|100\/100\n|switch|p2b: Tinkaton|Tinkaton, L50, F|100\/100\n|-ability|p2a: Eternatus|Pressure\n|-ability|p2b: Tinkaton|Mold Breaker\n|-weather|SunnyDay|[from] ability: Drought|[of] p1a: Groudon\n|-activate|p1b: Brute Bonnet|ability: Protosynthesis\n|-start|p1b: Brute Bonnet|protosynthesisdef\n|turn|1\n|j| jasonrfry4\n|\n|t:|1718120084\n|-terastallize|p2a: Eternatus|Poison\n|-terastallize|p1b: Brute Bonnet|Water\n|move|p1a: Groudon|Protect|p1a: Groudon\n|-singleturn|p1a: Groudon|Protect\n|move|p2b: Tinkaton|Fake Out|p1a: Groudon\n|-activate|p1a: Groudon|move: Protect\n|move|p2a: Eternatus|Sludge Wave|p1b: Brute Bonnet|[spread] p1b\n|-activate|p1a: Groudon|move: Protect\n|-immune|p2b: Tinkaton\n|-damage|p1b: Brute Bonnet|34\/100\n|move|p1b: Brute Bonnet|Spore|p2a: Eternatus\n|-status|p2a: Eternatus|slp|[from] move: Spore\n|\n|-weather|SunnyDay|[upkeep]\n|upkeep\n|turn|2\n|\n|t:|1718120105\n|cant|p2a: Eternatus|slp\n|move|p2b: Tinkaton|Knock Off|p1a: Groudon\n|-damage|p1a: Groudon|85\/100\n|-enditem|p1a: Groudon|Clear Amulet|[from] move: Knock Off|[of] p2b: Tinkaton\n|move|p1a: Groudon|Precipice Blades|p2b: Tinkaton|[spread] p2a,p2b\n|-supereffective|p2a: Eternatus\n|-supereffective|p2b: Tinkaton\n|-damage|p2a: Eternatus|12\/100 slp\n|-damage|p2b: Tinkaton|0 fnt\n|faint|p2b: Tinkaton\n|move|p1b: Brute Bonnet|Spore|p2a: Eternatus\n|-fail|p2a: Eternatus|slp\n|\n|-weather|SunnyDay|[upkeep]\n|upkeep\n|\n|t:|1718120123\n|switch|p2b: Tornadus|Tornadus, L50, M|100\/100\n|turn|3\n|\n|t:|1718120131\n|move|p2b: Tornadus|Tailwind|p2b: Tornadus\n|-sidestart|p2: mistah mistah 11|move: Tailwind\n|move|p1b: Brute Bonnet|Sucker Punch|p2a: Eternatus\n|-damage|p2a: Eternatus|0 fnt\n|faint|p2a: Eternatus\n|move|p1a: Groudon|Heat Crash|p2b: Tornadus\n|-enditem|p2b: Tornadus|Focus Sash\n|-damage|p2b: Tornadus|1\/100\n|\n|-weather|SunnyDay|[upkeep]\n|upkeep\n|\n|t:|1718120140\n|switch|p2a: Landorus|Landorus, L50, M|100\/100\n|turn|4\n|\n|t:|1718120148\n|move|p1a: Groudon|Protect|p1a: Groudon\n|-singleturn|p1a: Groudon|Protect\n|move|p2b: Tornadus|Rain Dance|p2b: Tornadus\n|-weather|RainDance\n|-end|p1b: Brute Bonnet|Protosynthesis\n|move|p1b: Brute Bonnet|Sucker Punch|p2a: Landorus\n|-damage|p2a: Landorus|64\/100\n|move|p2a: Landorus|Sandsear Storm|p1a: Groudon|[spread] p1b\n|-activate|p1a: Groudon|move: Protect\n|-damage|p1b: Brute Bonnet|0 fnt\n|faint|p1b: Brute Bonnet\n|-end|p1b: Brute Bonnet|Protosynthesis|[silent]\n|\n|-weather|RainDance|[upkeep]\n|upkeep\n|\n|t:|1718120160\n|switch|p1b: Whimsicott|Whimsicott, L50, F|100\/100\n|turn|5\n|\n|t:|1718120172\n|move|p1b: Whimsicott|Tailwind|p1b: Whimsicott\n|-sidestart|p1: bluestraggler01|move: Tailwind\n|move|p2b: Tornadus|Weather Ball|p1a: Groudon\n|-supereffective|p1a: Groudon\n|-crit|p1a: Groudon\n|-damage|p1a: Groudon|0 fnt\n|faint|p1a: Groudon\n|move|p2a: Landorus|Sandsear Storm|p1b: Whimsicott\n|-resisted|p1b: Whimsicott\n|-damage|p1b: Whimsicott|30\/100\n|\n|-weather|RainDance|[upkeep]\n|upkeep\n|\n|t:|1718120177\n|switch|p1a: Walking Wake|Walking Wake, L50|100\/100\n|turn|6\n|\n|t:|1718120191\n|move|p2b: Tornadus|Rain Dance||[still]\n|-fail|p2b: Tornadus\n|move|p1b: Whimsicott|Moonblast|p2a: Landorus\n|-crit|p2a: Landorus\n|-damage|p2a: Landorus|0 fnt\n|faint|p2a: Landorus\n|move|p1a: Walking Wake|Snarl|p2b: Tornadus\n|-damage|p2b: Tornadus|0 fnt\n|faint|p2b: Tornadus\n|-damage|p1a: Walking Wake|91\/100|[from] item: Life Orb\n|\n|win|bluestraggler01\n|raw|bluestraggler01's rating: 1667 &rarr; <strong>1689<\/strong><br \/>(+22 for winning)\n|raw|mistah mistah 11's rating: 1704 &rarr; <strong>1682<\/strong><br \/>(-22 for losing)\n|l|\u2606mistah mistah 11\n|player|p2|\n|l|\u2606bluestraggler01\n|player|p1|\n|l| jasonrfry4\n","uploadtime":1718120366,"views":45,"formatid":"gen9vgc2024regg","rating":1682,"private":0,"password":null}