{"id":"gen9vgc2024regg-2141191798","format":"[Gen 9] VGC 2024 Reg G","players":["massan2580","RomanGODra"],"log":"|j|\u2606massan2580\n|j|\u2606RomanGODra\n|t:|1718110771\n|gametype|doubles\n|player|p1|massan2580|169|1757\n|player|p2|RomanGODra|waiter-gen4dp|1735\n|teamsize|p1|6\n|teamsize|p2|6\n|gen|9\n|tier|[Gen 9] VGC 2024 Reg G\n|rated|\n|rule|Species Clause: Limit one of each Pok\u00e9mon\n|rule|Item Clause: Limit one of each item\n|clearpoke\n|poke|p1|Urshifu-*, L50, M|\n|poke|p1|Chien-Pao, L50|\n|poke|p1|Terapagos, L50, M|\n|poke|p1|Chi-Yu, L50|\n|poke|p1|Indeedee-F, L50, F|\n|poke|p1|Amoonguss, L50, F|\n|poke|p2|Terapagos, L50, M|\n|poke|p2|Raging Bolt, L50|\n|poke|p2|Scream Tail, L50|\n|poke|p2|Grimmsnarl, L50, M|\n|poke|p2|Ogerpon-Wellspring, L50, F|\n|poke|p2|Rillaboom, L50, F|\n|teampreview|4\n|\n|t:|1718110812\n|start\n|switch|p1a: Chien-Pao|Chien-Pao, L50|100\/100\n|switch|p1b: Urshifu|Urshifu-Rapid-Strike, L50, M|100\/100\n|switch|p2a: PAWN|Grimmsnarl, L50, M, shiny|100\/100\n|switch|p2b: KING|Terapagos, L50, M|100\/100\n|-activate|p2b: KING|ability: Tera Shift\n|detailschange|p2b: KING|Terapagos-Terastal, L50, M\n|-heal|p2b: KING|100\/100|[silent]\n|-ability|p1a: Chien-Pao|Sword of Ruin\n|turn|1\n|\n|t:|1718110825\n|switch|p2b: BISHOP|Scream Tail, L50, shiny|100\/100\n|-enditem|p2b: BISHOP|Booster Energy\n|-activate|p2b: BISHOP|ability: Protosynthesis|[fromitem]\n|-start|p2b: BISHOP|protosynthesisspe\n|move|p2a: PAWN|Thunder Wave|p1b: Urshifu\n|-status|p1b: Urshifu|par\n|move|p1a: Chien-Pao|Ice Spinner|p2a: PAWN\n|-damage|p2a: PAWN|30\/100\n|-damage|p1a: Chien-Pao|91\/100|[from] item: Life Orb\n|move|p1b: Urshifu|Surging Strikes|p2a: PAWN\n|-crit|p2a: PAWN\n|-damage|p2a: PAWN|4\/100\n|-crit|p2a: PAWN\n|-damage|p2a: PAWN|0 fnt\n|faint|p2a: PAWN\n|-hitcount|p2: PAWN|2\n|\n|upkeep\n|\n|t:|1718110834\n|switch|p2a: Raging Bolt|Raging Bolt, L50|100\/100\n|turn|2\n|\n|t:|1718110857\n|switch|p1b: Indeedee|Indeedee-F, L50, F|100\/100\n|-fieldstart|move: Psychic Terrain|[from] ability: Psychic Surge|[of] p1b: Indeedee\n|move|p2a: Raging Bolt|Thunderclap||[still]\n|-fail|p2a: Raging Bolt\n|move|p2b: BISHOP|Disable|p1a: Chien-Pao\n|-start|p1a: Chien-Pao|Disable|Ice Spinner\n|cant|p1a: Chien-Pao|Disable|Ice Spinner\n|\n|upkeep\n|turn|3\n|\n|t:|1718110887\n|switch|p1a: Terapagos|Terapagos, L50, M|100\/100\n|-activate|p1a: Terapagos|ability: Tera Shift\n|detailschange|p1a: Terapagos|Terapagos-Terastal, L50, M\n|-heal|p1a: Terapagos|100\/100|[silent]\n|move|p2b: BISHOP|Dazzling Gleam|p1a: Terapagos|[spread] p1a,p1b\n|-activate|p1a: Terapagos|ability: Tera Shell\n|-resisted|p1a: Terapagos\n|-damage|p1a: Terapagos|95\/100\n|-damage|p1b: Indeedee|87\/100\n|move|p2a: Raging Bolt|Electroweb|p1b: Indeedee|[spread] p1a,p1b\n|-damage|p1a: Terapagos|75\/100\n|-damage|p1b: Indeedee|62\/100\n|-unboost|p1a: Terapagos|spe|1\n|-unboost|p1b: Indeedee|spe|1\n|move|p1b: Indeedee|Trick Room|p1b: Indeedee\n|-fieldstart|move: Trick Room|[of] p1b: Indeedee\n|\n|upkeep\n|turn|4\n|\n|t:|1718110904\n|move|p1b: Indeedee|Helping Hand|p1a: Terapagos\n|-singleturn|p1a: Terapagos|Helping Hand|[of] p1b: Indeedee\n|move|p1a: Terapagos|Meteor Beam||[still]\n|-prepare|p1a: Terapagos|Meteor Beam\n|-boost|p1a: Terapagos|spa|1\n|-enditem|p1a: Terapagos|Power Herb\n|-anim|p1a: Terapagos|Meteor Beam|p2a: Raging Bolt\n|-damage|p2a: Raging Bolt|44\/100\n|move|p2a: Raging Bolt|Snarl|p1a: Terapagos|[spread] p1b\n|-miss|p2a: Raging Bolt|p1a: Terapagos\n|-supereffective|p1b: Indeedee\n|-damage|p1b: Indeedee|28\/100\n|-unboost|p1b: Indeedee|spa|1\n|move|p2b: BISHOP|Disable|p1a: Terapagos\n|-start|p1a: Terapagos|Disable|Meteor Beam\n|\n|upkeep\n|turn|5\n|c|\u2606RomanGODra|\u2026.\n|c|\u2606RomanGODra|nice\n|\n|t:|1718110935\n|-terastallize|p1a: Terapagos|Stellar\n|detailschange|p1a: Terapagos|Terapagos-Stellar, L50, M, tera:Stellar\n|-heal|p1a: Terapagos|81\/100|[silent]\n|-ability|p1a: Terapagos|Teraform Zero\n|-fieldend|move: Psychic Terrain\n|move|p1b: Indeedee|Follow Me|p1b: Indeedee\n|-singleturn|p1b: Indeedee|move: Follow Me\n|move|p1a: Terapagos|Tera Starstorm|p2b: BISHOP|[spread] p2a,p2b\n|-crit|p2b: BISHOP\n|-damage|p2a: Raging Bolt|1\/100\n|-damage|p2b: BISHOP|37\/100\n|move|p2a: Raging Bolt|Snarl|p1a: Terapagos|[spread] p1a,p1b\n|-supereffective|p1b: Indeedee\n|-damage|p1a: Terapagos|71\/100\n|-damage|p1b: Indeedee|0 fnt\n|-unboost|p1a: Terapagos|spa|1\n|faint|p1b: Indeedee\n|move|p2b: BISHOP|Dazzling Gleam|p1a: Terapagos\n|-damage|p1a: Terapagos|57\/100\n|\n|upkeep\n|\n|t:|1718110951\n|switch|p1b: Urshifu|Urshifu-Rapid-Strike, L50, M|100\/100 par\n|turn|6\n|\n|t:|1718110958\n|move|p2b: BISHOP|Protect|p2b: BISHOP\n|-singleturn|p2b: BISHOP|Protect\n|move|p1b: Urshifu|Aqua Jet|p2a: Raging Bolt\n|-resisted|p2a: Raging Bolt\n|-damage|p2a: Raging Bolt|0 fnt\n|faint|p2a: Raging Bolt\n|-end|p2a: Raging Bolt|Protosynthesis|[silent]\n|move|p1a: Terapagos|Tera Starstorm|p2b: BISHOP\n|-activate|p2b: BISHOP|move: Protect\n|\n|upkeep\n|\n|t:|1718110963\n|switch|p2a: KING|Terapagos-Terastal, L50, M|100\/100\n|turn|7\n|\n|t:|1718110975\n|move|p2a: KING|Protect|p2a: KING\n|-singleturn|p2a: KING|Protect\n|move|p2b: BISHOP|Protect||[still]\n|-fail|p2b: BISHOP\n|move|p1a: Terapagos|Tera Starstorm|p2a: KING|[spread] p2b\n|-activate|p2a: KING|move: Protect\n|-damage|p2b: BISHOP|7\/100\n|move|p1b: Urshifu|Close Combat|p2a: KING\n|-activate|p2a: KING|ability: Tera Shell\n|-resisted|p2a: KING\n|-damage|p2a: KING|77\/100\n|-unboost|p1b: Urshifu|def|1\n|-unboost|p1b: Urshifu|spd|1\n|\n|-fieldend|move: Trick Room\n|upkeep\n|turn|8\n|\n|t:|1718110990\n|-terastallize|p2a: KING|Stellar\n|detailschange|p2a: KING|Terapagos-Stellar, L50, M, tera:Stellar\n|-heal|p2a: KING|83\/100|[silent]\n|cant|p1b: Urshifu|par\n|move|p2b: BISHOP|Dazzling Gleam|p1a: Terapagos|[spread] p1a,p1b\n|-supereffective|p1b: Urshifu\n|-damage|p1a: Terapagos|47\/100\n|-damage|p1b: Urshifu|35\/100 par\n|move|p2a: KING|Tera Starstorm|p1b: Urshifu|[spread] p1a,p1b\n|-supereffective|p1a: Terapagos\n|-damage|p1a: Terapagos|3\/100\n|-damage|p1b: Urshifu|0 fnt\n|faint|p1b: Urshifu\n|move|p1a: Terapagos|Tera Starstorm|p2a: KING|[spread] p2a,p2b\n|-supereffective|p2a: KING\n|-damage|p2a: KING|33\/100\n|-damage|p2b: BISHOP|0 fnt\n|faint|p2b: BISHOP\n|-end|p2b: BISHOP|Protosynthesis|[silent]\n|\n|-end|p1a: Terapagos|Disable\n|upkeep\n|\n|t:|1718110998\n|switch|p1b: Chien-Pao|Chien-Pao, L50|91\/100\n|-ability|p1b: Chien-Pao|Sword of Ruin\n|turn|9\n|\n|t:|1718111003\n|move|p1b: Chien-Pao|Sacred Sword|p2a: KING\n|-supereffective|p2a: KING\n|-damage|p2a: KING|0 fnt\n|faint|p2a: KING\n|-damage|p1b: Chien-Pao|81\/100|[from] item: Life Orb\n|\n|win|massan2580\n|raw|massan2580's rating: 1757 &rarr; <strong>1776<\/strong><br \/>(+19 for winning)\n|raw|RomanGODra's rating: 1735 &rarr; <strong>1716<\/strong><br \/>(-19 for losing)\n","uploadtime":1718111157,"views":35,"formatid":"gen9vgc2024regg","rating":1716,"private":0,"password":null}