{"id":"gen9vgc2024regg-2141836578","format":"[Gen 9] VGC 2024 Reg G","players":["tuanzai233","RomanGODra"],"log":"|j|\u2606tuanzai233\n|j|\u2606RomanGODra\n|t:|1718194686\n|gametype|doubles\n|player|p1|tuanzai233|265|1695\n|player|p2|RomanGODra|waiter-gen4dp|1718\n|teamsize|p1|6\n|teamsize|p2|6\n|gen|9\n|tier|[Gen 9] VGC 2024 Reg G\n|rated|\n|rule|Species Clause: Limit one of each Pok\u00e9mon\n|rule|Item Clause: Limit one of each item\n|clearpoke\n|poke|p1|Indeedee-F, L50, F|\n|poke|p1|Torkoal, L50, M|\n|poke|p1|Calyrex-Ice, L50|\n|poke|p1|Annihilape, L50, F|\n|poke|p1|Urshifu-*, L50, M|\n|poke|p1|Brute Bonnet, L50|\n|poke|p2|Terapagos, L50, M|\n|poke|p2|Raging Bolt, L50|\n|poke|p2|Scream Tail, L50|\n|poke|p2|Grimmsnarl, L50, M|\n|poke|p2|Ogerpon-Wellspring, L50, F|\n|poke|p2|Rillaboom, L50, M|\n|teampreview|4\n|inactive|Battle timer is ON: inactive players will automatically lose when time's up. (requested by tuanzai233)\n|\n|t:|1718194741\n|start\n|switch|p1a: Calyrex|Calyrex-Ice, L50|100\/100\n|switch|p1b: Brute Bonnet|Brute Bonnet, L50, shiny|100\/100\n|switch|p2a: PAWN|Grimmsnarl, L50, M, shiny|100\/100\n|switch|p2b: Rillaboom|Rillaboom, L50, M|100\/100\n|-ability|p1a: Calyrex|As One\n|-ability|p1a: Calyrex|Unnerve\n|-fieldstart|move: Grassy Terrain|[from] ability: Grassy Surge|[of] p2b: Rillaboom\n|turn|1\n|\n|t:|1718194758\n|move|p1a: Calyrex|Protect|p1a: Calyrex\n|-singleturn|p1a: Calyrex|Protect\n|move|p2b: Rillaboom|Taunt|p1b: Brute Bonnet\n|-start|p1b: Brute Bonnet|move: Taunt\n|move|p2a: PAWN|Foul Play|p1a: Calyrex\n|-activate|p1a: Calyrex|move: Protect\n|cant|p1b: Brute Bonnet|move: Taunt|Spore\n|\n|upkeep\n|turn|2\n|\n|t:|1718194775\n|-terastallize|p1a: Calyrex|Fire\n|move|p2b: Rillaboom|Wood Hammer|p1a: Calyrex\n|-resisted|p1a: Calyrex\n|-damage|p1a: Calyrex|74\/100\n|-damage|p2b: Rillaboom|91\/100|[from] Recoil\n|move|p2a: PAWN|Foul Play|p1a: Calyrex\n|-damage|p1a: Calyrex|34\/100\n|move|p1b: Brute Bonnet|Pollen Puff|p1a: Calyrex\n|-heal|p1a: Calyrex|84\/100\n|move|p1a: Calyrex|Trick Room|p1a: Calyrex\n|-fieldstart|move: Trick Room|[of] p1a: Calyrex\n|\n|-heal|p1a: Calyrex|89\/100|[from] Grassy Terrain\n|-heal|p2b: Rillaboom|97\/100|[from] Grassy Terrain\n|upkeep\n|turn|3\n|\n|t:|1718194798\n|-end|p1b: Brute Bonnet|Protosynthesis|[silent]\n|switch|p1b: Urshifu|Urshifu, L50, M|100\/100\n|switch|p2b: KING|Terapagos, L50, M|100\/100\n|-activate|p2b: KING|ability: Tera Shift\n|detailschange|p2b: KING|Terapagos-Terastal, L50, M\n|-heal|p2b: KING|100\/100|[silent]\n|move|p2a: PAWN|Reflect|p2a: PAWN\n|-sidestart|p2: RomanGODra|Reflect\n|move|p1a: Calyrex|Glacial Lance|p2a: PAWN|[spread] p2a,p2b\n|-activate|p2b: KING|ability: Tera Shell\n|-resisted|p2b: KING\n|-crit|p2b: KING\n|-damage|p2a: PAWN|61\/100\n|-damage|p2b: KING|67\/100\n|\n|-heal|p1a: Calyrex|95\/100|[from] Grassy Terrain\n|-heal|p2a: PAWN|67\/100|[from] Grassy Terrain\n|-heal|p2b: KING|73\/100|[from] Grassy Terrain\n|upkeep\n|turn|4\n|\n|t:|1718194815\n|-terastallize|p2b: KING|Stellar\n|detailschange|p2b: KING|Terapagos-Stellar, L50, M, tera:Stellar\n|-heal|p2b: KING|81\/100|[silent]\n|-ability|p2b: KING|Teraform Zero\n|-fieldend|move: Grassy Terrain\n|move|p1a: Calyrex|Glacial Lance|p2b: KING|[spread] p2a,p2b\n|-crit|p2b: KING\n|-damage|p2a: PAWN|27\/100\n|-damage|p2b: KING|33\/100\n|move|p2a: PAWN|Foul Play|p1b: Urshifu\n|-resisted|p1b: Urshifu\n|-damage|p1b: Urshifu|87\/100\n|move|p2b: KING|Tera Starstorm|p1a: Calyrex|[spread] p1a,p1b\n|-supereffective|p1a: Calyrex\n|-damage|p1a: Calyrex|47\/100\n|-damage|p1b: Urshifu|33\/100\n|move|p1b: Urshifu|Close Combat|p2b: KING\n|-supereffective|p2b: KING\n|-damage|p2b: KING|0 fnt\n|-unboost|p1b: Urshifu|def|1\n|-unboost|p1b: Urshifu|spd|1\n|faint|p2b: KING\n|\n|upkeep\n|\n|t:|1718194832\n|switch|p2b: Raging Bolt|Raging Bolt, L50|100\/100\n|turn|5\n|\n|t:|1718194842\n|switch|p1b: Brute Bonnet|Brute Bonnet, L50, shiny|100\/100\n|move|p1a: Calyrex|Protect|p1a: Calyrex\n|-singleturn|p1a: Calyrex|Protect\n|move|p2b: Raging Bolt|Thunderclap||[still]\n|-fail|p2b: Raging Bolt\n|move|p2a: PAWN|Foul Play|p1a: Calyrex\n|-activate|p1a: Calyrex|move: Protect\n|\n|upkeep\n|turn|6\n|\n|t:|1718194852\n|move|p1b: Brute Bonnet|Rage Powder|p1b: Brute Bonnet\n|-singleturn|p1b: Brute Bonnet|move: Rage Powder\n|move|p1a: Calyrex|Glacial Lance|p2a: PAWN|[spread] p2a,p2b\n|-supereffective|p2b: Raging Bolt\n|-damage|p2a: PAWN|0 fnt\n|-damage|p2b: Raging Bolt|30\/100\n|faint|p2a: PAWN\n|-ability|p1a: Calyrex|Chilling Neigh|boost\n|-boost|p1a: Calyrex|atk|1\n|move|p2b: Raging Bolt|Electroweb|p1b: Brute Bonnet|[spread] p1a,p1b\n|-resisted|p1b: Brute Bonnet\n|-damage|p1a: Calyrex|30\/100\n|-damage|p1b: Brute Bonnet|91\/100\n|-unboost|p1b: Brute Bonnet|spe|1\n|\n|-fieldend|move: Trick Room\n|upkeep\n|\n|t:|1718194854\n|switch|p2a: Rillaboom|Rillaboom, L50, M|97\/100\n|-fieldstart|move: Grassy Terrain|[from] ability: Grassy Surge|[of] p2a: Rillaboom\n|turn|7\n|-message|RomanGODra forfeited.\n|\n|win|tuanzai233\n|raw|tuanzai233's rating: 1695 &rarr; <strong>1716<\/strong><br \/>(+21 for winning)\n|raw|RomanGODra's rating: 1718 &rarr; <strong>1697<\/strong><br \/>(-21 for losing)\n|l|\u2606RomanGODra\n|player|p2|\n|l|\u2606tuanzai233\n|player|p1|\n","uploadtime":1718195043,"views":25,"formatid":"gen9vgc2024regg","rating":1697,"private":0,"password":null}