{"id":"gen9vgc2024regg-2141232276","format":"[Gen 9] VGC 2024 Reg G","players":["maggeprutten","MigraineMan"],"log":"|j|\u2606maggeprutten\n|j|\u2606MigraineMan\n|t:|1718115301\n|gametype|doubles\n|player|p1|maggeprutten|pokekid|1672\n|player|p2|MigraineMan|169|1701\n|teamsize|p1|6\n|teamsize|p2|6\n|gen|9\n|tier|[Gen 9] VGC 2024 Reg G\n|rated|\n|rule|Species Clause: Limit one of each Pok\u00e9mon\n|rule|Item Clause: Limit one of each item\n|clearpoke\n|poke|p1|Whimsicott, L50, M|\n|poke|p1|Regidrago, L50|\n|poke|p1|Chi-Yu, L50|\n|poke|p1|Zacian-*, L50|\n|poke|p1|Ogerpon-Wellspring, L50, F|\n|poke|p1|Amoonguss, L50, F|\n|poke|p2|Calyrex-Shadow, L50|\n|poke|p2|Clefairy, L50, M|\n|poke|p2|Tornadus, L50, M|\n|poke|p2|Urshifu-*, L50, F|\n|poke|p2|Rillaboom, L50, M|\n|poke|p2|Incineroar, L50, F|\n|teampreview|4\n|inactive|Battle timer is ON: inactive players will automatically lose when time's up. (requested by maggeprutten)\n|j| stewpeed\n|inactive|MigraineMan has 60 seconds left.\n|c|\u2606maggeprutten|Hallo\n|\n|t:|1718115361\n|start\n|switch|p1a: Whimsicott|Whimsicott, L50, M|100\/100\n|switch|p1b: Chi-Yu|Chi-Yu, L50|100\/100\n|switch|p2a: Calyrex|Calyrex-Shadow, L50|100\/100\n|switch|p2b: Tornadus|Tornadus, L50, M, shiny|100\/100\n|-ability|p2a: Calyrex|As One\n|-ability|p2a: Calyrex|Unnerve\n|-ability|p1b: Chi-Yu|Beads of Ruin\n|turn|1\n|\n|t:|1718115378\n|-terastallize|p2a: Calyrex|Fairy\n|move|p1a: Whimsicott|Tailwind|p1a: Whimsicott\n|-sidestart|p1: maggeprutten|move: Tailwind\n|move|p2b: Tornadus|Tailwind|p2b: Tornadus\n|-sidestart|p2: MigraineMan|move: Tailwind\n|move|p1b: Chi-Yu|Overheat|p2a: Calyrex\n|-damage|p2a: Calyrex|0 fnt\n|-unboost|p1b: Chi-Yu|spa|2\n|faint|p2a: Calyrex\n|\n|upkeep\n|\n|t:|1718115390\n|switch|p2a: Incineroar|Incineroar, L50, F, shiny|100\/100\n|-ability|p2a: Incineroar|Intimidate|boost\n|-unboost|p1a: Whimsicott|atk|1\n|-unboost|p1b: Chi-Yu|atk|1\n|turn|2\n|j| rabbihorn\n|c|\u2606MigraineMan|Tsch\u00fcss\n|inactive|maggeprutten has 30 seconds left.\n|inactive|maggeprutten has 20 seconds left.\n|inactive|maggeprutten has 15 seconds left.\n|\n|t:|1718115433\n|switch|p1b: Ogerpon|Ogerpon-Wellspring, L50, F|100\/100\n|move|p1a: Whimsicott|Moonblast|p2a: Incineroar\n|-damage|p2a: Incineroar|73\/100\n|move|p2b: Tornadus|Bleakwind Storm|p1a: Whimsicott|[spread] p1b\n|-miss|p2b: Tornadus|p1a: Whimsicott\n|-supereffective|p1b: Ogerpon\n|-damage|p1b: Ogerpon|11\/100\n|move|p2a: Incineroar|Knock Off|p1b: Ogerpon\n|-damage|p1b: Ogerpon|0 fnt\n|faint|p1b: Ogerpon\n|\n|upkeep\n|\n|t:|1718115447\n|switch|p1b: Zacian|Zacian-Crowned, L50|100\/100\n|-ability|p1b: Zacian|Intrepid Sword|boost\n|-boost|p1b: Zacian|atk|1\n|turn|3\n|\n|t:|1718115466\n|switch|p2a: Rillaboom|Rillaboom, L50, M, shiny|100\/100\n|-fieldstart|move: Grassy Terrain|[from] ability: Grassy Surge|[of] p2a: Rillaboom\n|move|p1b: Zacian|Sacred Sword|p2a: Rillaboom\n|-damage|p2a: Rillaboom|50\/100\n|move|p1a: Whimsicott|Moonblast|p2b: Tornadus\n|-damage|p2b: Tornadus|55\/100\n|move|p2b: Tornadus|Bleakwind Storm|p1b: Zacian|[spread] p1a,p1b\n|-supereffective|p1a: Whimsicott\n|-resisted|p1b: Zacian\n|-enditem|p1a: Whimsicott|Focus Sash\n|-damage|p1a: Whimsicott|1\/100\n|-damage|p1b: Zacian|83\/100\n|\n|-heal|p1b: Zacian|89\/100|[from] Grassy Terrain\n|-heal|p1a: Whimsicott|7\/100|[from] Grassy Terrain\n|-heal|p2a: Rillaboom|56\/100|[from] Grassy Terrain\n|upkeep\n|turn|4\n|\n|t:|1718115490\n|move|p2a: Rillaboom|Fake Out|p1b: Zacian\n|-resisted|p1b: Zacian\n|-damage|p1b: Zacian|82\/100\n|cant|p1b: Zacian|flinch\n|move|p1a: Whimsicott|Moonblast|p2b: Tornadus\n|-damage|p2b: Tornadus|7\/100\n|move|p2b: Tornadus|Bleakwind Storm|p1b: Zacian|[spread] p1a,p1b\n|-supereffective|p1a: Whimsicott\n|-resisted|p1b: Zacian\n|-damage|p1a: Whimsicott|0 fnt\n|-damage|p1b: Zacian|67\/100\n|faint|p1a: Whimsicott\n|\n|-heal|p1b: Zacian|73\/100|[from] Grassy Terrain\n|-heal|p2a: Rillaboom|61\/100|[from] Grassy Terrain\n|-sideend|p1: maggeprutten|move: Tailwind\n|-sideend|p2: MigraineMan|move: Tailwind\n|upkeep\n|\n|t:|1718115505\n|switch|p1a: Chi-Yu|Chi-Yu, L50|100\/100\n|-ability|p1a: Chi-Yu|Beads of Ruin\n|turn|5\n|\n|t:|1718115523\n|switch|p2a: Incineroar|Incineroar, L50, F, shiny|73\/100\n|-ability|p2a: Incineroar|Intimidate|boost\n|-unboost|p1a: Chi-Yu|atk|1\n|-unboost|p1b: Zacian|atk|1\n|move|p2b: Tornadus|Tailwind|p2b: Tornadus\n|-sidestart|p2: MigraineMan|move: Tailwind\n|move|p1a: Chi-Yu|Heat Wave|p2b: Tornadus|[spread] p2a,p2b\n|-resisted|p2a: Incineroar\n|-crit|p2b: Tornadus\n|-damage|p2a: Incineroar|51\/100\n|-damage|p2b: Tornadus|0 fnt\n|faint|p2b: Tornadus\n|move|p1b: Zacian|Behemoth Blade|p2a: Incineroar\n|-resisted|p2a: Incineroar\n|-damage|p2a: Incineroar|27\/100\n|-enditem|p2a: Incineroar|Sitrus Berry|[eat]\n|-heal|p2a: Incineroar|52\/100|[from] item: Sitrus Berry\n|\n|-heal|p1b: Zacian|78\/100|[from] Grassy Terrain\n|-heal|p2a: Incineroar|58\/100|[from] Grassy Terrain\n|upkeep\n|\n|t:|1718115536\n|switch|p2b: Rillaboom|Rillaboom, L50, M, shiny|61\/100\n|turn|6\n|\n|t:|1718115550\n|move|p1b: Zacian|Protect|p1b: Zacian\n|-singleturn|p1b: Zacian|Protect\n|move|p1a: Chi-Yu|Heat Wave|p2b: Rillaboom|[spread] p2a\n|-miss|p1a: Chi-Yu|p2b: Rillaboom\n|-resisted|p2a: Incineroar\n|-damage|p2a: Incineroar|36\/100\n|move|p2b: Rillaboom|Wood Hammer|p1a: Chi-Yu\n|-resisted|p1a: Chi-Yu\n|-crit|p1a: Chi-Yu\n|-damage|p1a: Chi-Yu|11\/100\n|-damage|p2b: Rillaboom|43\/100|[from] Recoil\n|move|p2a: Incineroar|Will-O-Wisp|p1b: Zacian\n|-activate|p1b: Zacian|move: Protect\n|\n|-heal|p1a: Chi-Yu|17\/100|[from] Grassy Terrain\n|-heal|p2b: Rillaboom|48\/100|[from] Grassy Terrain\n|-heal|p1b: Zacian|84\/100|[from] Grassy Terrain\n|-heal|p2a: Incineroar|42\/100|[from] Grassy Terrain\n|upkeep\n|turn|7\n|inactive|maggeprutten has 30 seconds left.\n|\n|t:|1718115579\n|move|p2b: Rillaboom|Grassy Glide|p1a: Chi-Yu\n|-resisted|p1a: Chi-Yu\n|-damage|p1a: Chi-Yu|0 fnt\n|faint|p1a: Chi-Yu\n|move|p1b: Zacian|Sacred Sword|p2a: Incineroar\n|-supereffective|p2a: Incineroar\n|-crit|p2a: Incineroar\n|-damage|p2a: Incineroar|0 fnt\n|faint|p2a: Incineroar\n|\n|-heal|p2b: Rillaboom|54\/100|[from] Grassy Terrain\n|-heal|p1b: Zacian|90\/100|[from] Grassy Terrain\n|-fieldend|move: Grassy Terrain\n|upkeep\n|turn|8\n|\n|t:|1718115593\n|move|p2b: Rillaboom|Wood Hammer|p1b: Zacian\n|-resisted|p1b: Zacian\n|-damage|p1b: Zacian|64\/100\n|-damage|p2b: Rillaboom|47\/100|[from] Recoil\n|move|p1b: Zacian|Behemoth Blade|p2b: Rillaboom\n|-damage|p2b: Rillaboom|0 fnt\n|faint|p2b: Rillaboom\n|\n|win|maggeprutten\n|raw|maggeprutten's rating: 1672 &rarr; <strong>1694<\/strong><br \/>(+22 for winning)\n|raw|MigraineMan's rating: 1701 &rarr; <strong>1679<\/strong><br \/>(-22 for losing)\n|l|\u2606MigraineMan\n|player|p2|\n|l| stewpeed\n","uploadtime":1718115694,"views":11,"formatid":"gen9vgc2024regg","rating":1679,"private":0,"password":null}