{"id":"gen9vgc2024regg-2141262506","format":"[Gen 9] VGC 2024 Reg G","players":["RomanGODra","bluestraggler01"],"log":"|j|\u2606RomanGODra\n|j|\u2606bluestraggler01\n|t:|1718118427\n|gametype|doubles\n|player|p1|RomanGODra|waiter-gen4dp|1749\n|player|p2|bluestraggler01|101|1667\n|teamsize|p1|6\n|teamsize|p2|6\n|gen|9\n|tier|[Gen 9] VGC 2024 Reg G\n|rated|\n|rule|Species Clause: Limit one of each Pok\u00e9mon\n|rule|Item Clause: Limit one of each item\n|clearpoke\n|poke|p1|Terapagos, L50, M|\n|poke|p1|Raging Bolt, L50|\n|poke|p1|Scream Tail, L50|\n|poke|p1|Grimmsnarl, L50, M|\n|poke|p1|Ogerpon-Wellspring, L50, F|\n|poke|p1|Rillaboom, L50, M|\n|poke|p2|Groudon, L50|\n|poke|p2|Gouging Fire, L50|\n|poke|p2|Whimsicott, L50, F|\n|poke|p2|Entei, L50|\n|poke|p2|Walking Wake, L50|\n|poke|p2|Brute Bonnet, L50|\n|teampreview|4\n|inactive|Battle timer is ON: inactive players will automatically lose when time's up. (requested by RomanGODra)\nRomanGODra rejected open team sheets.\n|j| rabbihorn\n|\n|t:|1718118452\n|start\n|switch|p1a: PAWN|Grimmsnarl, L50, M, shiny|100\/100\n|switch|p1b: KING|Terapagos, L50, M|100\/100\n|switch|p2a: Groudon|Groudon, L50|100\/100\n|switch|p2b: Gouging Fire|Gouging Fire, L50|100\/100\n|-activate|p1b: KING|ability: Tera Shift\n|detailschange|p1b: KING|Terapagos-Terastal, L50, M\n|-heal|p1b: KING|100\/100|[silent]\n|-weather|SunnyDay|[from] ability: Drought|[of] p2a: Groudon\n|-activate|p2b: Gouging Fire|ability: Protosynthesis\n|-start|p2b: Gouging Fire|protosynthesisspe\n|turn|1\n|\n|t:|1718118467\n|move|p1b: KING|Protect|p1b: KING\n|-singleturn|p1b: KING|Protect\n|move|p1a: PAWN|Thunder Wave|p2b: Gouging Fire\n|-status|p2b: Gouging Fire|par\n|move|p2a: Groudon|Precipice Blades|p1b: KING|[spread] p1a\n|-activate|p1b: KING|move: Protect\n|-damage|p1a: PAWN|54\/100\n|cant|p2b: Gouging Fire|par\n|\n|-weather|SunnyDay|[upkeep]\n|upkeep\n|turn|2\n|\n|t:|1718118480\n|move|p1a: PAWN|Reflect|p1a: PAWN\n|-sidestart|p1: RomanGODra|Reflect\n|move|p2a: Groudon|Precipice Blades|p1a: PAWN|[spread] p1a,p1b\n|-activate|p1b: KING|ability: Tera Shell\n|-resisted|p1b: KING\n|-damage|p1a: PAWN|23\/100\n|-damage|p1b: KING|88\/100\n|cant|p2b: Gouging Fire|par\n|move|p1b: KING|Calm Mind|p1b: KING\n|-boost|p1b: KING|spa|1\n|-boost|p1b: KING|spd|1\n|\n|-weather|SunnyDay|[upkeep]\n|upkeep\n|turn|3\n|\n|t:|1718118505\n|-end|p2b: Gouging Fire|Protosynthesis|[silent]\n|switch|p2b: Whimsicott|Whimsicott, L50, F|100\/100\n|move|p1b: KING|Protect|p1b: KING\n|-singleturn|p1b: KING|Protect\n|move|p2a: Groudon|Precipice Blades|p1b: KING|[spread] p1a\n|-activate|p1b: KING|move: Protect\n|-damage|p1a: PAWN|0 fnt\n|faint|p1a: PAWN\n|\n|-weather|SunnyDay|[upkeep]\n|upkeep\n|\n|t:|1718118510\n|switch|p1a: Ogerpon|Ogerpon-Wellspring, L50, F|100\/100\n|turn|4\n|c| rabbihorn|poor gouging\n|j| 549TheGoat\n|\n|t:|1718118526\n|move|p1a: Ogerpon|Follow Me|p1a: Ogerpon\n|-singleturn|p1a: Ogerpon|move: Follow Me\n|move|p2b: Whimsicott|Moonblast|p1a: Ogerpon\n|-damage|p1a: Ogerpon|68\/100\n|move|p2a: Groudon|Heat Crash|p1a: Ogerpon\n|-crit|p1a: Ogerpon\n|-damage|p1a: Ogerpon|0 fnt\n|faint|p1a: Ogerpon\n|move|p1b: KING|Tera Starstorm|p2a: Groudon\n|-damage|p2a: Groudon|28\/100\n|\n|-weather|SunnyDay|[upkeep]\n|upkeep\n|\n|t:|1718118531\n|switch|p1a: BISHOP|Scream Tail, L50, shiny|100\/100\n|-activate|p1a: BISHOP|ability: Protosynthesis\n|-start|p1a: BISHOP|protosynthesisspe\n|turn|5\n|inactive|bluestraggler01 has 30 seconds left.\n|inactive|RomanGODra has 30 seconds left.\n|\n|t:|1718118562\n|switch|p2a: Gouging Fire|Gouging Fire, L50|100\/100 par\n|-activate|p2a: Gouging Fire|ability: Protosynthesis\n|-start|p2a: Gouging Fire|protosynthesisspe\n|-terastallize|p1b: KING|Stellar\n|detailschange|p1b: KING|Terapagos-Stellar, L50, M, tera:Stellar\n|-heal|p1b: KING|91\/100|[silent]\n|-ability|p1b: KING|Teraform Zero\n|-weather|none\n|-end|p1a: BISHOP|Protosynthesis\n|-end|p2a: Gouging Fire|Protosynthesis\n|-enditem|p1a: BISHOP|Booster Energy\n|-activate|p1a: BISHOP|ability: Protosynthesis|[fromitem]\n|-start|p1a: BISHOP|protosynthesisspe\n|-enditem|p2a: Gouging Fire|Booster Energy\n|-activate|p2a: Gouging Fire|ability: Protosynthesis|[fromitem]\n|-start|p2a: Gouging Fire|protosynthesisspe\n|move|p2b: Whimsicott|Tailwind|p2b: Whimsicott\n|-sidestart|p2: bluestraggler01|move: Tailwind\n|move|p1a: BISHOP|Dazzling Gleam|p2b: Whimsicott|[spread] p2a,p2b\n|-damage|p2a: Gouging Fire|87\/100 par\n|-damage|p2b: Whimsicott|75\/100\n|move|p1b: KING|Tera Starstorm|p2a: Gouging Fire|[spread] p2a,p2b\n|-damage|p2a: Gouging Fire|38\/100 par\n|-damage|p2b: Whimsicott|0 fnt\n|faint|p2b: Whimsicott\n|\n|upkeep\n|\n|t:|1718118585\n|switch|p2b: Groudon|Groudon, L50|28\/100\n|-weather|SunnyDay|[from] ability: Drought|[of] p2b: Groudon\n|turn|6\n|inactive|bluestraggler01 has 30 seconds left.\n|inactive|RomanGODra has 30 seconds left.\n|inactive|RomanGODra has 20 seconds left.\n|\n|t:|1718118626\n|-terastallize|p2b: Groudon|Fire\n|move|p1a: BISHOP|Dazzling Gleam|p2b: Groudon|[spread] p2a,p2b\n|-resisted|p2b: Groudon\n|-damage|p2a: Gouging Fire|26\/100 par\n|-damage|p2b: Groudon|22\/100\n|move|p2b: Groudon|Heat Crash|p1a: BISHOP\n|-damage|p1a: BISHOP|41\/100\n|move|p2a: Gouging Fire|Flare Blitz|p1a: BISHOP\n|-damage|p1a: BISHOP|0 fnt\n|faint|p1a: BISHOP\n|-end|p1a: BISHOP|Protosynthesis|[silent]\n|-damage|p2a: Gouging Fire|13\/100 par|[from] Recoil\n|move|p1b: KING|Tera Starstorm|p2b: Groudon|[spread] p2a,p2b\n|-supereffective|p2b: Groudon\n|-damage|p2a: Gouging Fire|0 fnt\n|-damage|p2b: Groudon|0 fnt\n|faint|p2a: Gouging Fire\n|-end|p2a: Gouging Fire|Protosynthesis|[silent]\n|faint|p2b: Groudon\n|\n|-weather|SunnyDay|[upkeep]\n|upkeep\n|\n|t:|1718118637\n|switch|p2b: Brute Bonnet|Brute Bonnet, L50|100\/100\n|-activate|p2b: Brute Bonnet|ability: Protosynthesis\n|-start|p2b: Brute Bonnet|protosynthesisdef\n|turn|7\n|\n|t:|1718118643\n|move|p1b: KING|Protect|p1b: KING\n|-singleturn|p1b: KING|Protect\n|move|p2b: Brute Bonnet|Spore|p1b: KING\n|-activate|p1b: KING|move: Protect\n|\n|-weather|SunnyDay|[upkeep]\n|upkeep\n|turn|8\n|\n|t:|1718118656\n|move|p1b: KING|Protect||[still]\n|-fail|p1b: KING\n|move|p2b: Brute Bonnet|Spore|p1b: KING\n|-status|p1b: KING|slp|[from] move: Spore\n|\n|-weather|SunnyDay|[upkeep]\n|-sideend|p2: bluestraggler01|move: Tailwind\n|upkeep\n|turn|9\n|\n|t:|1718118665\n|cant|p1b: KING|slp\n|move|p2b: Brute Bonnet|Seed Bomb|p1b: KING\n|-damage|p1b: KING|79\/100 slp\n|\n|-weather|SunnyDay|[upkeep]\n|-sideend|p1: RomanGODra|Reflect\n|upkeep\n|turn|10\n|\n|t:|1718118674\n|cant|p1b: KING|slp\n|move|p2b: Brute Bonnet|Seed Bomb|p1b: KING\n|-damage|p1b: KING|59\/100 slp\n|\n|-weather|none\n|-end|p2b: Brute Bonnet|Protosynthesis\n|upkeep\n|turn|11\n|\n|t:|1718118683\n|cant|p1b: KING|slp\n|move|p2b: Brute Bonnet|Seed Bomb|p1b: KING\n|-damage|p1b: KING|38\/100 slp\n|\n|upkeep\n|turn|12\n|\n|t:|1718118690\n|-curestatus|p1b: KING|slp|[msg]\n|move|p1b: KING|Tera Starstorm|p2b: Brute Bonnet\n|-damage|p2b: Brute Bonnet|44\/100\n|move|p2b: Brute Bonnet|Spore|p1b: KING\n|-status|p1b: KING|slp|[from] move: Spore\n|\n|upkeep\n|turn|13\n|c|\u2606RomanGODra|Max sleep turns come on bro\n|c|\u2606RomanGODra|so you know to sleep\n|c|\u2606RomanGODra|so stupid\n|\n|t:|1718118707\n|cant|p1b: KING|slp\n|move|p2b: Brute Bonnet|Seed Bomb|p1b: KING\n|-damage|p1b: KING|20\/100 slp\n|\n|upkeep\n|turn|14\n|\n|t:|1718118712\n|cant|p1b: KING|slp\n|move|p2b: Brute Bonnet|Seed Bomb|p1b: KING\n|-damage|p1b: KING|1\/100 slp\n|\n|upkeep\n|turn|15\n|\n|t:|1718118721\n|move|p2b: Brute Bonnet|Sucker Punch|p1b: KING\n|-damage|p1b: KING|0 fnt\n|faint|p1b: KING\n|\n|win|bluestraggler01\n|raw|RomanGODra's rating: 1749 &rarr; <strong>1724<\/strong><br \/>(-25 for losing)\n|raw|bluestraggler01's rating: 1667 &rarr; <strong>1692<\/strong><br \/>(+25 for winning)\n|c| rabbihorn|wow 1 hp\n|l|\u2606bluestraggler01\n|player|p2|\n|c|\u2606RomanGODra|That was so lame\n|c|\u2606RomanGODra|max sleep turns is so stupud\n|j| r13974682\n|l| r13974682\n|c| rabbihorn|that's pkm man\n|c| rabbihorn|but ggwp\n|c| rabbihorn|u got 2 para in a row at the beginning as well\n|c| rabbihorn|so that was not that unfair man\n|c| rabbihorn|if that goug moved just once, that would be different too\n|l| 549TheGoat\n","uploadtime":1718118904,"views":83,"formatid":"gen9vgc2024regg","rating":1692,"private":0,"password":null}