{"id":"gen9vgc2024regg-2141706738","format":"[Gen 9] VGC 2024 Reg G","players":["cicibi","imnotagni"],"log":"|j|\u2606cicibi\n|j|\u2606imnotagni\n|t:|1718172034\n|gametype|doubles\n|player|p1|cicibi|cilan|1737\n|player|p2|imnotagni|magmasuit|1763\n|teamsize|p1|6\n|teamsize|p2|6\n|gen|9\n|tier|[Gen 9] VGC 2024 Reg G\n|rated|\n|rule|Species Clause: Limit one of each Pok\u00e9mon\n|rule|Item Clause: Limit one of each item\n|clearpoke\n|poke|p1|Raging Bolt, L50|\n|poke|p1|Amoonguss, L50, F|\n|poke|p1|Chi-Yu, L50|\n|poke|p1|Urshifu-*, L50, M|\n|poke|p1|Calyrex-Ice, L50|\n|poke|p1|Flutter Mane, L50|\n|poke|p2|Kyogre, L50|\n|poke|p2|Urshifu-*, L50, M|\n|poke|p2|Tsareena, L50, F|\n|poke|p2|Chien-Pao, L50|\n|poke|p2|Ditto, L50|\n|poke|p2|Tornadus, L50, M|\n|teampreview|4\n|inactive|Battle timer is ON: inactive players will automatically lose when time's up. (requested by imnotagni)\n|j| puppet33r\n|inactive|cicibi has 60 seconds left.\n|j| Therazer456\n|inactive|cicibi has 30 seconds left.\n|inactive|cicibi has 20 seconds left.\n|inactive|cicibi has 15 seconds left.\n|inactive|cicibi has 10 seconds left.\n|\n|t:|1718172118\n|start\n|switch|p1a: Raging Bolt|Raging Bolt, L50|100\/100\n|switch|p1b: Calyrex|Calyrex-Ice, L50|100\/100\n|switch|p2a: Kyogre|Kyogre, L50, shiny|100\/100\n|switch|p2b: Tsareena|Tsareena, L50, F, shiny|100\/100\n|-ability|p1b: Calyrex|As One\n|-ability|p1b: Calyrex|Unnerve\n|-weather|RainDance|[from] ability: Drizzle|[of] p2a: Kyogre\n|turn|1\n|inactive|imnotagni has 30 seconds left.\n|inactive|imnotagni has 20 seconds left.\n|inactive|cicibi has 30 seconds left.\n|inactive|imnotagni has 15 seconds left.\n|inactive|imnotagni has 10 seconds left.\n|\n|t:|1718172163\n|-terastallize|p2b: Tsareena|Ice\n|-terastallize|p1a: Raging Bolt|Electric\n|move|p1b: Calyrex|Protect|p1b: Calyrex\n|-singleturn|p1b: Calyrex|Protect\n|move|p2a: Kyogre|Water Spout|p1a: Raging Bolt|[spread] p1a\n|-activate|p1b: Calyrex|move: Protect\n|-damage|p1a: Raging Bolt|28\/100\n|move|p2b: Tsareena|Triple Axel|p1a: Raging Bolt\n|-damage|p1a: Raging Bolt|19\/100\n|-damage|p1a: Raging Bolt|2\/100\n|-damage|p1a: Raging Bolt|0 fnt\n|faint|p1a: Raging Bolt\n|-end|p1a: Raging Bolt|Protosynthesis|[silent]\n|-hitcount|p1: Raging Bolt|3\n|\n|-weather|RainDance|[upkeep]\n|upkeep\n|j| summerdog\n|\n|t:|1718172183\n|switch|p1a: Urshifu|Urshifu-Rapid-Strike, L50, M|100\/100\n|turn|2\n|\n|t:|1718172202\n|move|p1a: Urshifu|Close Combat|p2b: Tsareena\n|-supereffective|p2b: Tsareena\n|-damage|p2b: Tsareena|0 fnt\n|-unboost|p1a: Urshifu|def|1\n|-unboost|p1a: Urshifu|spd|1\n|faint|p2b: Tsareena\n|move|p2a: Kyogre|Water Spout|p1b: Calyrex|[spread] p1a,p1b\n|-resisted|p1a: Urshifu\n|-damage|p1a: Urshifu|0 fnt\n|-damage|p1b: Calyrex|12\/100\n|faint|p1a: Urshifu\n|move|p1b: Calyrex|Trick Room|p1b: Calyrex\n|-fieldstart|move: Trick Room|[of] p1b: Calyrex\n|\n|-weather|RainDance|[upkeep]\n|upkeep\n|\n|t:|1718172218\n|switch|p2b: Chien-Pao|Chien-Pao, L50|100\/100\n|switch|p1a: Amoonguss|Amoonguss, L50, F|100\/100\n|-ability|p2b: Chien-Pao|Sword of Ruin\n|turn|3\n|\n|t:|1718172243\n|move|p1b: Calyrex|Protect|p1b: Calyrex\n|-singleturn|p1b: Calyrex|Protect\n|move|p1a: Amoonguss|Spore|p2a: Kyogre\n|-status|p2a: Kyogre|slp|[from] move: Spore\n|cant|p2a: Kyogre|slp\n|move|p2b: Chien-Pao|Ice Spinner|p1a: Amoonguss\n|-supereffective|p1a: Amoonguss\n|-damage|p1a: Amoonguss|5\/100\n|-enditem|p1a: Amoonguss|Sitrus Berry|[eat]\n|-heal|p1a: Amoonguss|30\/100|[from] item: Sitrus Berry\n|\n|-weather|RainDance|[upkeep]\n|upkeep\n|turn|4\n|inactive|cicibi has 30 seconds left.\n|inactive|imnotagni has 30 seconds left.\n|\n|t:|1718172275\n|move|p2b: Chien-Pao|Protect|p2b: Chien-Pao\n|-singleturn|p2b: Chien-Pao|Protect\n|move|p1a: Amoonguss|Spore|p2b: Chien-Pao\n|-activate|p2b: Chien-Pao|move: Protect\n|move|p1b: Calyrex|Glacial Lance|p2a: Kyogre|[spread] p2a\n|-activate|p2b: Chien-Pao|move: Protect\n|-resisted|p2a: Kyogre\n|-damage|p2a: Kyogre|63\/100 slp\n|cant|p2a: Kyogre|slp\n|\n|-weather|RainDance|[upkeep]\n|upkeep\n|turn|5\n|inactive|cicibi has 30 seconds left.\n|inactive|imnotagni has 30 seconds left.\n|inactive|cicibi has 20 seconds left.\n|inactive|imnotagni has 20 seconds left.\n|inactive|imnotagni has 15 seconds left.\n|inactive|cicibi has 15 seconds left.\n|inactive|imnotagni has 10 seconds left.\n|inactive|imnotagni has 5 seconds left.\n|\n|t:|1718172325\n|move|p1b: Calyrex|Protect|p1b: Calyrex\n|-singleturn|p1b: Calyrex|Protect\n|move|p1a: Amoonguss|Spore|p2b: Chien-Pao\n|-status|p2b: Chien-Pao|slp|[from] move: Spore\n|-curestatus|p2a: Kyogre|slp|[msg]\n|move|p2a: Kyogre|Origin Pulse|p1b: Calyrex|[spread] p1a\n|-activate|p1b: Calyrex|move: Protect\n|-resisted|p1a: Amoonguss\n|-damage|p1a: Amoonguss|0 fnt\n|faint|p1a: Amoonguss\n|cant|p2b: Chien-Pao|slp\n|\n|-weather|none\n|upkeep\n|turn|6\n|\n|t:|1718172343\n|move|p2a: Kyogre|Protect|p2a: Kyogre\n|-singleturn|p2a: Kyogre|Protect\n|cant|p2b: Chien-Pao|slp\n|move|p1b: Calyrex|High Horsepower|p2a: Kyogre\n|-activate|p2a: Kyogre|move: Protect\n|\n|-fieldend|move: Trick Room\n|upkeep\n|turn|7\n|\n|t:|1718172358\n|-curestatus|p2b: Chien-Pao|slp|[msg]\n|move|p2b: Chien-Pao|Sucker Punch|p1b: Calyrex\n|-supereffective|p1b: Calyrex\n|-damage|p1b: Calyrex|0 fnt\n|faint|p1b: Calyrex\n|\n|win|imnotagni\n|raw|cicibi's rating: 1737 &rarr; <strong>1718<\/strong><br \/>(-19 for losing)\n|raw|imnotagni's rating: 1763 &rarr; <strong>1782<\/strong><br \/>(+19 for winning)\n|l|\u2606cicibi\n|player|p1|\n|c|\u2606imnotagni|hi therazer\n|c| Therazer456|o\/\n|c| Therazer456|i exist yes\n|c|\u2606imnotagni|good to see u friend\n|c| Therazer456|o:\n|l| summerdog\n|l| Therazer456\n","uploadtime":1718172565,"views":46,"formatid":"gen9vgc2024regg","rating":1718,"private":0,"password":null}