{"id":"gen9vgc2024regg-2141910266","format":"[Gen 9] VGC 2024 Reg G","players":["Peeeeeen\u6975clutch","Bef6"],"log":"|j|\u2606Peeeeeen\u6975clutch\n|j|\u2606Bef6\n|t:|1718203111\n|gametype|doubles\n|player|p1|Peeeeeen\u6975clutch|lucas-gen4pt|1727\n|player|p2|Bef6|lucas|1675\n|teamsize|p1|6\n|teamsize|p2|6\n|gen|9\n|tier|[Gen 9] VGC 2024 Reg G\n|rated|\n|rule|Species Clause: Limit one of each Pok\u00e9mon\n|rule|Item Clause: Limit one of each item\n|clearpoke\n|poke|p1|Gholdengo, L50|\n|poke|p1|Landorus-Therian, L50, M|\n|poke|p1|Miraidon, L50|\n|poke|p1|Whimsicott, L50, M|\n|poke|p1|Urshifu-*, L50, M|\n|poke|p1|Iron Valiant, L50|\n|poke|p2|Urshifu-*, L50, M|\n|poke|p2|Iron Jugulis, L50|\n|poke|p2|Kyogre, L50|\n|poke|p2|Wo-Chien, L50|\n|poke|p2|Grimmsnarl, L50, M|\n|poke|p2|Incineroar, L50, F|\n|teampreview|4\n|inactive|Battle timer is ON: inactive players will automatically lose when time's up. (requested by Peeeeeen\u6975clutch)\n|\n|t:|1718203194\n|start\n|switch|p1a: Whimsicott|Whimsicott, L50, M|100\/100\n|switch|p1b: Landorus|Landorus-Therian, L50, M|100\/100\n|switch|p2a: Grimmsnarl|Grimmsnarl, L50, M|100\/100\n|switch|p2b: Incineroar|Incineroar, L50, F|100\/100\n|-ability|p1b: Landorus|Intimidate|boost\n|-unboost|p2a: Grimmsnarl|atk|1\n|-unboost|p2b: Incineroar|atk|1\n|-ability|p2b: Incineroar|Intimidate|boost\n|-unboost|p1a: Whimsicott|atk|1\n|-unboost|p1b: Landorus|atk|1\n|turn|1\n|\n|t:|1718203215\n|move|p2b: Incineroar|Fake Out|p1b: Landorus\n|-damage|p1b: Landorus|94\/100\n|move|p2a: Grimmsnarl|Light Screen|p2a: Grimmsnarl\n|-sidestart|p2: Bef6|move: Light Screen\n|move|p1a: Whimsicott|Moonblast|p2a: Grimmsnarl\n|-supereffective|p2a: Grimmsnarl\n|-damage|p2a: Grimmsnarl|56\/100\n|cant|p1b: Landorus|flinch\n|\n|upkeep\n|turn|2\n|\n|t:|1718203234\n|switch|p2a: Wo-Chien|Wo-Chien, L50|100\/100\n|-ability|p2a: Wo-Chien|Tablets of Ruin\n|move|p1a: Whimsicott|Moonblast|p2b: Incineroar\n|-damage|p2b: Incineroar|81\/100\n|move|p1b: Landorus|U-turn|p2b: Incineroar\n|-damage|p2b: Incineroar|71\/100\n|j| stickywall\n|\n|t:|1718203245\n|switch|p1b: Iron Valiant|Iron Valiant, L50|100\/100|[from] U-turn\n|-enditem|p1b: Iron Valiant|Booster Energy\n|-activate|p1b: Iron Valiant|ability: Quark Drive|[fromitem]\n|-start|p1b: Iron Valiant|quarkdrivespe\n|move|p2b: Incineroar|Parting Shot|p1a: Whimsicott\n|-unboost|p1a: Whimsicott|atk|1\n|-unboost|p1a: Whimsicott|spa|1\n|\n|t:|1718203256\n|switch|p2b: Grimmsnarl|Grimmsnarl, L50, M|56\/100|[from] Parting Shot\n|\n|upkeep\n|turn|3\n|\n|t:|1718203272\n|move|p2b: Grimmsnarl|Thunder Wave|p1b: Iron Valiant\n|-status|p1b: Iron Valiant|par\n|move|p1a: Whimsicott|Moonblast|p2b: Grimmsnarl\n|-supereffective|p2b: Grimmsnarl\n|-damage|p2b: Grimmsnarl|30\/100\n|-unboost|p2b: Grimmsnarl|spa|1\n|cant|p1b: Iron Valiant|par\n|move|p2a: Wo-Chien|Leech Seed|p1b: Iron Valiant\n|-start|p1b: Iron Valiant|move: Leech Seed\n|\n|-damage|p1b: Iron Valiant|88\/100 par|[from] Leech Seed|[of] p2a: Wo-Chien\n|upkeep\n|turn|4\n|inactive|Peeeeeen\u6975clutch has 30 seconds left.\n|inactive|Peeeeeen\u6975clutch has 20 seconds left.\n|\n|t:|1718203312\n|switch|p1a: Landorus|Landorus-Therian, L50, M|94\/100\n|-ability|p1a: Landorus|Intimidate|boost\n|-unboost|p2a: Wo-Chien|atk|1\n|-unboost|p2b: Grimmsnarl|atk|1\n|switch|p2b: Incineroar|Incineroar, L50, F|71\/100\n|-ability|p2b: Incineroar|Intimidate|boost\n|-unboost|p1a: Landorus|atk|1\n|-unboost|p1b: Iron Valiant|atk|1\n|move|p1b: Iron Valiant|Moonblast|p2a: Wo-Chien\n|-supereffective|p2a: Wo-Chien\n|-damage|p2a: Wo-Chien|69\/100\n|move|p2a: Wo-Chien|Pollen Puff|p2b: Incineroar\n|-heal|p2b: Incineroar|100\/100\n|\n|-heal|p2a: Wo-Chien|75\/100|[from] item: Leftovers\n|-damage|p1b: Iron Valiant|76\/100 par|[from] Leech Seed|[of] p2a: Wo-Chien\n|-heal|p2a: Wo-Chien|86\/100|[silent]\n|upkeep\n|turn|5\n|inactive|Peeeeeen\u6975clutch has 30 seconds left.\n|\n|t:|1718203338\n|-end|p1b: Iron Valiant|Quark Drive|[silent]\n|switch|p1b: Miraidon|Miraidon, L50|100\/100\n|-fieldstart|move: Electric Terrain|[from] ability: Hadron Engine|[of] p1b: Miraidon\n|move|p1a: Landorus|U-turn|p2a: Wo-Chien\n|-supereffective|p2a: Wo-Chien\n|-damage|p2a: Wo-Chien|34\/100\n|\n|t:|1718203348\n|switch|p1a: Whimsicott|Whimsicott, L50, M|100\/100|[from] U-turn\n|move|p2a: Wo-Chien|Ruination|p1a: Whimsicott\n|-damage|p1a: Whimsicott|50\/100\n|move|p2b: Incineroar|Parting Shot|p1b: Miraidon\n|-unboost|p1b: Miraidon|atk|1\n|-unboost|p1b: Miraidon|spa|1\n|\n|t:|1718203351\n|switch|p2b: Kyogre|Kyogre, L50|100\/100|[from] Parting Shot\n|-weather|RainDance|[from] ability: Drizzle|[of] p2b: Kyogre\n|\n|-weather|RainDance|[upkeep]\n|-heal|p2a: Wo-Chien|41\/100|[from] item: Leftovers\n|upkeep\n|turn|6\n|inactive|Peeeeeen\u6975clutch has 30 seconds left.\n|inactive|Peeeeeen\u6975clutch has 20 seconds left.\n|inactive|Peeeeeen\u6975clutch has 15 seconds left.\n|\n|t:|1718203394\n|-terastallize|p2b: Kyogre|Grass\n|move|p2a: Wo-Chien|Protect|p2a: Wo-Chien\n|-singleturn|p2a: Wo-Chien|Protect\n|move|p1a: Whimsicott|Tailwind|p1a: Whimsicott\n|-sidestart|p1: Peeeeeen\u6975clutch|move: Tailwind\n|move|p1b: Miraidon|Draco Meteor|p2a: Wo-Chien\n|-activate|p2a: Wo-Chien|move: Protect\n|move|p2b: Kyogre|Water Spout|p1a: Whimsicott|[spread] p1a,p1b\n|-resisted|p1a: Whimsicott\n|-resisted|p1b: Miraidon\n|-damage|p1a: Whimsicott|0 fnt\n|-damage|p1b: Miraidon|49\/100\n|faint|p1a: Whimsicott\n|\n|-weather|RainDance|[upkeep]\n|-heal|p2a: Wo-Chien|47\/100|[from] item: Leftovers\n|upkeep\n|\n|t:|1718203413\n|switch|p1a: Landorus|Landorus-Therian, L50, M|94\/100\n|-ability|p1a: Landorus|Intimidate|boost\n|-unboost|p2a: Wo-Chien|atk|1\n|-unboost|p2b: Kyogre|atk|1\n|turn|7\n|\n|t:|1718203423\n|switch|p2a: Grimmsnarl|Grimmsnarl, L50, M|30\/100\n|switch|p2b: Incineroar|Incineroar, L50, F|100\/100\n|-ability|p2b: Incineroar|Intimidate|boost\n|-unboost|p1a: Landorus|atk|1\n|-unboost|p1b: Miraidon|atk|1\n|-terastallize|p1a: Landorus|Fairy\n|move|p1b: Miraidon|Draco Meteor|p2b: Incineroar\n|-damage|p2b: Incineroar|42\/100\n|-unboost|p1b: Miraidon|spa|2\n|move|p1a: Landorus|U-turn|p2b: Incineroar\n|-damage|p2b: Incineroar|28\/100\n|\n|t:|1718203437\n|switch|p1a: Iron Valiant|Iron Valiant, L50|76\/100 par|[from] U-turn\n|-activate|p1a: Iron Valiant|ability: Quark Drive\n|-start|p1a: Iron Valiant|quarkdrivespe\n|\n|-weather|RainDance|[upkeep]\n|upkeep\n|turn|8\n|\n|t:|1718203453\n|switch|p1b: Landorus|Landorus-Therian, L50, M, tera:Fairy|94\/100\n|-ability|p1b: Landorus|Intimidate|boost\n|-unboost|p2a: Grimmsnarl|atk|1\n|-unboost|p2b: Incineroar|atk|1\n|move|p2b: Incineroar|Fake Out|p1a: Iron Valiant\n|-damage|p1a: Iron Valiant|69\/100 par\n|move|p2a: Grimmsnarl|Reflect|p2a: Grimmsnarl\n|-sidestart|p2: Bef6|Reflect\n|cant|p1a: Iron Valiant|flinch\n|\n|-weather|RainDance|[upkeep]\n|-sideend|p2: Bef6|move: Light Screen\n|upkeep\n|turn|9\n|\n|t:|1718203473\n|switch|p2b: Wo-Chien|Wo-Chien, L50|47\/100\n|-ability|p2b: Wo-Chien|Tablets of Ruin\n|move|p2a: Grimmsnarl|Thunder Wave|p1b: Landorus|[miss]\n|-miss|p2a: Grimmsnarl|p1b: Landorus\n|move|p1a: Iron Valiant|Moonblast|p2b: Wo-Chien\n|-supereffective|p2b: Wo-Chien\n|-damage|p2b: Wo-Chien|0 fnt\n|faint|p2b: Wo-Chien\n|move|p1b: Landorus|U-turn|p2a: Grimmsnarl\n|-damage|p2a: Grimmsnarl|10\/100\n|\n|t:|1718203485\n|switch|p1b: Miraidon|Miraidon, L50|49\/100|[from] U-turn\n|-activate|p1b: Miraidon|ability: Hadron Engine\n|\n|-weather|none\n|-sideend|p1: Peeeeeen\u6975clutch|move: Tailwind\n|-fieldend|move: Electric Terrain\n|-end|p1a: Iron Valiant|Quark Drive\n|upkeep\n|\n|t:|1718203488\n|switch|p2b: Kyogre|Kyogre, L50, tera:Grass|100\/100\n|-weather|RainDance|[from] ability: Drizzle|[of] p2b: Kyogre\n|turn|10\n|\n|t:|1718203504\n|cant|p1a: Iron Valiant|par\n|move|p2a: Grimmsnarl|Light Screen|p2a: Grimmsnarl\n|-sidestart|p2: Bef6|move: Light Screen\n|move|p1b: Miraidon|Draco Meteor|p2b: Kyogre\n|-crit|p2b: Kyogre\n|-damage|p2b: Kyogre|33\/100\n|-unboost|p1b: Miraidon|spa|2\n|move|p2b: Kyogre|Water Spout|p1b: Miraidon|[spread] p1a,p1b\n|-resisted|p1b: Miraidon\n|-damage|p1a: Iron Valiant|25\/100 par\n|-damage|p1b: Miraidon|34\/100\n|\n|-weather|RainDance|[upkeep]\n|upkeep\n|turn|11\n|j| jasonrfry4\n|l| jasonrfry4\n|inactive|Peeeeeen\u6975clutch has 30 seconds left.\n|\n|t:|1718203533\n|move|p1a: Iron Valiant|Wide Guard|p1a: Iron Valiant\n|-singleturn|p1a: Iron Valiant|Wide Guard\n|move|p1b: Miraidon|Draco Meteor|p2b: Kyogre\n|-damage|p2b: Kyogre|18\/100\n|-unboost|p1b: Miraidon|spa|2\n|move|p2b: Kyogre|Thunder|p1a: Iron Valiant\n|-damage|p1a: Iron Valiant|0 fnt\n|faint|p1a: Iron Valiant\n|-end|p1a: Iron Valiant|Quark Drive|[silent]\n|move|p2a: Grimmsnarl|Spirit Break|p1b: Miraidon\n|-supereffective|p1b: Miraidon\n|-damage|p1b: Miraidon|0 fnt\n|faint|p1b: Miraidon\n|\n|-weather|RainDance|[upkeep]\n|upkeep\n|\n|t:|1718203551\n|switch|p1b: Landorus|Landorus-Therian, L50, M, tera:Fairy|94\/100\n|-ability|p1b: Landorus|Intimidate|boost\n|-unboost|p2a: Grimmsnarl|atk|1\n|-unboost|p2b: Kyogre|atk|1\n|turn|12\n|\n|t:|1718203557\n|switch|p2b: Incineroar|Incineroar, L50, F|28\/100\n|-ability|p2b: Incineroar|Intimidate|boost\n|-unboost|p1b: Landorus|atk|1\n|move|p1b: Landorus|U-turn|p2b: Incineroar\n|-damage|p2b: Incineroar|19\/100\n|move|p2a: Grimmsnarl|Spirit Break|p1b: Landorus\n|-crit|p1b: Landorus\n|-damage|p1b: Landorus|46\/100\n|-unboost|p1b: Landorus|spa|1\n|\n|-weather|RainDance|[upkeep]\n|upkeep\n|turn|13\n|\n|t:|1718203575\n|move|p2b: Incineroar|Fake Out|p1b: Landorus\n|-damage|p1b: Landorus|35\/100\n|move|p2a: Grimmsnarl|Thunder Wave|p1b: Landorus\n|-status|p1b: Landorus|par\n|cant|p1b: Landorus|flinch\n|\n|-weather|RainDance|[upkeep]\n|upkeep\n|turn|14\n|\n|t:|1718203584\n|move|p2b: Incineroar|Knock Off|p1b: Landorus\n|-resisted|p1b: Landorus\n|-damage|p1b: Landorus|16\/100 par\n|-enditem|p1b: Landorus|Assault Vest|[from] move: Knock Off|[of] p2b: Incineroar\n|move|p2a: Grimmsnarl|Spirit Break|p1b: Landorus\n|-damage|p1b: Landorus|0 fnt\n|faint|p1b: Landorus\n|\n|win|Bef6\n|raw|Peeeeeen\u6975clutch's rating: 1727 &rarr; <strong>1704<\/strong><br \/>(-23 for losing)\n|raw|Bef6's rating: 1675 &rarr; <strong>1698<\/strong><br \/>(+23 for winning)\n|l|\u2606Bef6\n|player|p2|\n|l|\u2606Peeeeeen\u6975clutch\n|player|p1|\n","uploadtime":1718203782,"views":28,"formatid":"gen9vgc2024regg","rating":1698,"private":0,"password":null}