{"id":"gen9vgc2024regg-2141479572","format":"[Gen 9] VGC 2024 Reg G","players":["RealAthenaCykes","zakpaskal"],"log":"|j|\u2606RealAthenaCykes\n|j|\u2606zakpaskal\n|t:|1718140505\n|gametype|doubles\n|player|p1|RealAthenaCykes|clemont|1671\n|player|p2|zakpaskal|crasherwake|1723\n|teamsize|p1|6\n|teamsize|p2|6\n|gen|9\n|tier|[Gen 9] VGC 2024 Reg G\n|rated|\n|rule|Species Clause: Limit one of each Pok\u00e9mon\n|rule|Item Clause: Limit one of each item\n|clearpoke\n|poke|p1|Calyrex-Ice, L50|\n|poke|p1|Smeargle, L50, M|\n|poke|p1|Glimmora, L50, M|\n|poke|p1|Regieleki, L50|\n|poke|p1|Okidogi, L50, M|\n|poke|p1|Ursaluna-Bloodmoon, L50, M|\n|poke|p2|Incineroar, L50, M|\n|poke|p2|Ursaluna, L50, M|\n|poke|p2|Calyrex-Ice, L50|\n|poke|p2|Urshifu-*, L50, M|\n|poke|p2|Rillaboom, L50, M|\n|poke|p2|Cresselia, L50, F|\n|teampreview|4\n|inactive|Battle timer is ON: inactive players will automatically lose when time's up. (requested by RealAthenaCykes)\nRealAthenaCykes has agreed to open team sheets.\n|inactive|RealAthenaCykes has 60 seconds left.\n|\n|t:|1718140541\n|start\n|switch|p1a: Calyrex|Calyrex-Ice, L50|100\/100\n|switch|p1b: Okidogi|Okidogi, L50, M|100\/100\n|switch|p2a: Incineroar|Incineroar, L50, M|100\/100\n|switch|p2b: Calyrex|Calyrex-Ice, L50|100\/100\n|-ability|p1a: Calyrex|As One\n|-ability|p1a: Calyrex|Unnerve\n|-ability|p2b: Calyrex|As One\n|-ability|p2b: Calyrex|Unnerve\n|-ability|p2a: Incineroar|Intimidate|boost\n|-fail|p1a: Calyrex|unboost|[from] item: Clear Amulet|[of] p1a: Calyrex\n|-ability|p1b: Okidogi|Guard Dog|boost\n|-boost|p1b: Okidogi|atk|1\n|turn|1\n|\n|t:|1718140558\n|move|p1b: Okidogi|Upper Hand|p2a: Incineroar\n|-supereffective|p2a: Incineroar\n|-damage|p2a: Incineroar|6\/100\n|cant|p2a: Incineroar|flinch\n|move|p1a: Calyrex|High Horsepower|p2a: Incineroar\n|-supereffective|p2a: Incineroar\n|-damage|p2a: Incineroar|0 fnt\n|faint|p2a: Incineroar\n|-ability|p1a: Calyrex|Chilling Neigh|boost\n|-boost|p1a: Calyrex|atk|1\n|move|p2b: Calyrex|Zen Headbutt|p1b: Okidogi\n|-supereffective|p1b: Okidogi\n|-crit|p1b: Okidogi\n|-damage|p1b: Okidogi|0 fnt\n|faint|p1b: Okidogi\n|-ability|p2b: Calyrex|Chilling Neigh|boost\n|-boost|p2b: Calyrex|atk|1\n|\n|upkeep\n|\n|t:|1718140573\n|switch|p1b: Smeargle|Smeargle, L50, M|100\/100\n|switch|p2a: Urshifu|Urshifu, L50, M|100\/100\n|turn|2\n|\n|t:|1718140581\n|-terastallize|p2a: Urshifu|Dark\n|-terastallize|p1a: Calyrex|Grass\n|move|p2a: Urshifu|Wicked Blow|p1a: Calyrex\n|-crit|p1a: Calyrex\n|-damage|p1a: Calyrex|29\/100\n|-damage|p2a: Urshifu|91\/100|[from] item: Life Orb\n|move|p1b: Smeargle|Spore|p2b: Calyrex\n|-status|p2b: Calyrex|slp|[from] move: Spore\n|move|p1a: Calyrex|Glacial Lance|p2b: Calyrex|[spread] p2a,p2b\n|-resisted|p2b: Calyrex\n|-damage|p2a: Urshifu|4\/100\n|-damage|p2b: Calyrex|72\/100 slp\n|cant|p2b: Calyrex|slp\n|\n|upkeep\n|turn|3\n|\n|t:|1718140598\n|move|p2a: Urshifu|Detect|p2a: Urshifu\n|-singleturn|p2a: Urshifu|Protect\n|move|p1b: Smeargle|Follow Me|p1b: Smeargle\n|-singleturn|p1b: Smeargle|move: Follow Me\n|move|p1a: Calyrex|High Horsepower|p2b: Calyrex\n|-damage|p2b: Calyrex|31\/100 slp\n|cant|p2b: Calyrex|slp\n|\n|upkeep\n|turn|4\n|\n|t:|1718140611\n|switch|p2a: Rillaboom|Rillaboom, L50, M|100\/100\n|-fieldstart|move: Grassy Terrain|[from] ability: Grassy Surge|[of] p2a: Rillaboom\n|cant|p2b: Calyrex|slp\n|move|p1b: Smeargle|Follow Me|p1b: Smeargle\n|-singleturn|p1b: Smeargle|move: Follow Me\n|move|p1a: Calyrex|High Horsepower|p2b: Calyrex\n|-damage|p2b: Calyrex|0 fnt\n|faint|p2b: Calyrex\n|-ability|p1a: Calyrex|Chilling Neigh|boost\n|-boost|p1a: Calyrex|atk|1\n|\n|-heal|p1a: Calyrex|35\/100|[from] Grassy Terrain\n|upkeep\n|\n|t:|1718140620\n|switch|p2b: Urshifu|Urshifu, L50, M, tera:Dark|4\/100\n|turn|5\n|inactive|RealAthenaCykes has 30 seconds left.\n|\n|t:|1718140649\n|switch|p1a: Ursaluna|Ursaluna-Bloodmoon, L50, M|100\/100\n|move|p2a: Rillaboom|Fake Out|p1b: Smeargle\n|-damage|p1b: Smeargle|67\/100\n|cant|p1b: Smeargle|flinch\n|move|p2b: Urshifu|Wicked Blow|p1a: Ursaluna\n|-crit|p1a: Ursaluna\n|-damage|p1a: Ursaluna|29\/100\n|-damage|p2b: Urshifu|0 fnt|[from] item: Life Orb\n|faint|p2b: Urshifu\n|\n|-heal|p1b: Smeargle|73\/100|[from] Grassy Terrain\n|-heal|p1a: Ursaluna|35\/100|[from] Grassy Terrain\n|upkeep\n|turn|6\n|\n|t:|1718140659\n|move|p1b: Smeargle|Follow Me|p1b: Smeargle\n|-singleturn|p1b: Smeargle|move: Follow Me\n|move|p2a: Rillaboom|Grassy Glide|p1b: Smeargle\n|-damage|p1b: Smeargle|0 fnt\n|faint|p1b: Smeargle\n|move|p1a: Ursaluna|Blood Moon|p2a: Rillaboom\n|-damage|p2a: Rillaboom|34\/100\n|\n|-heal|p2a: Rillaboom|40\/100|[from] Grassy Terrain\n|-heal|p1a: Ursaluna|41\/100|[from] Grassy Terrain\n|upkeep\n|\n|t:|1718140667\n|switch|p1b: Calyrex|Calyrex-Ice, L50, tera:Grass|35\/100\n|-ability|p1b: Calyrex|As One\n|-ability|p1b: Calyrex|Unnerve\n|turn|7\n|\n|t:|1718140676\n|move|p1b: Calyrex|Protect|p1b: Calyrex\n|-singleturn|p1b: Calyrex|Protect\n|move|p1a: Ursaluna|Protect|p1a: Ursaluna\n|-singleturn|p1a: Ursaluna|Protect\n|move|p2a: Rillaboom|Wood Hammer|p1b: Calyrex\n|-activate|p1b: Calyrex|move: Protect\n|\n|-heal|p2a: Rillaboom|46\/100|[from] Grassy Terrain\n|-heal|p1b: Calyrex|41\/100|[from] Grassy Terrain\n|-heal|p1a: Ursaluna|47\/100|[from] Grassy Terrain\n|upkeep\n|turn|8\n|\n|t:|1718140689\n|move|p2a: Rillaboom|Wood Hammer|p1a: Ursaluna\n|-supereffective|p1a: Ursaluna\n|-damage|p1a: Ursaluna|0 fnt\n|faint|p1a: Ursaluna\n|-damage|p2a: Rillaboom|29\/100|[from] Recoil\n|move|p1b: Calyrex|Glacial Lance|p2a: Rillaboom\n|-supereffective|p2a: Rillaboom\n|-damage|p2a: Rillaboom|0 fnt\n|faint|p2a: Rillaboom\n|\n|win|RealAthenaCykes\n|raw|RealAthenaCykes's rating: 1671 &rarr; <strong>1694<\/strong><br \/>(+23 for winning)\n|raw|zakpaskal's rating: 1723 &rarr; <strong>1700<\/strong><br \/>(-23 for losing)\n|l|\u2606zakpaskal\n|player|p2|\n|l|\u2606RealAthenaCykes\n|player|p1|\n","uploadtime":1718140931,"views":23,"formatid":"gen9vgc2024regg","rating":1694,"private":0,"password":null}