{"id":"gen9vgc2024regg-2141230402","format":"[Gen 9] VGC 2024 Reg G","players":["FlyAwayVGC","fabio souza"],"log":"|j|\u2606FlyAwayVGC\n|j|\u2606fabio souza\n|t:|1718115100\n|gametype|doubles\n|player|p1|FlyAwayVGC|blue-masters2|1711\n|player|p2|fabio souza|2|1749\n|teamsize|p1|6\n|teamsize|p2|6\n|gen|9\n|tier|[Gen 9] VGC 2024 Reg G\n|rated|\n|rule|Species Clause: Limit one of each Pok\u00e9mon\n|rule|Item Clause: Limit one of each item\n|clearpoke\n|poke|p1|Kyogre, L50|\n|poke|p1|Iron Jugulis, L50|\n|poke|p1|Tsareena, L50, F|\n|poke|p1|Raging Bolt, L50|\n|poke|p1|Urshifu-*, L50, M|\n|poke|p1|Incineroar, L50, M|\n|poke|p2|Urshifu-*, L50, F|\n|poke|p2|Incineroar, L50, F|\n|poke|p2|Rillaboom, L50, M|\n|poke|p2|Terapagos, L50, M|\n|poke|p2|Sinistcha, L50|\n|poke|p2|Tornadus, L50, M|\n|teampreview|4\n|inactive|Battle timer is ON: inactive players will automatically lose when time's up. (requested by FlyAwayVGC)\n|\n|t:|1718115126\n|start\n|switch|p1a: Abyss Angel|Iron Jugulis, L50|100\/100\n|switch|p1b: Whalefall|Kyogre, L50|100\/100\n|switch|p2a: Rillaboom|Rillaboom, L50, M|100\/100\n|switch|p2b: Terapagos|Terapagos, L50, M|100\/100\n|-activate|p2b: Terapagos|ability: Tera Shift\n|detailschange|p2b: Terapagos|Terapagos-Terastal, L50, M\n|-heal|p2b: Terapagos|100\/100|[silent]\n|-fieldstart|move: Grassy Terrain|[from] ability: Grassy Surge|[of] p2a: Rillaboom\n|-weather|RainDance|[from] ability: Drizzle|[of] p1b: Whalefall\n|-enditem|p1a: Abyss Angel|Booster Energy\n|-activate|p1a: Abyss Angel|ability: Quark Drive|[fromitem]\n|-start|p1a: Abyss Angel|quarkdrivespe\n|turn|1\n|\n|t:|1718115146\n|switch|p1b: Venus|Tsareena, L50, F|100\/100\n|move|p2a: Rillaboom|Fake Out||[still]\n|cant|p1b: Venus|ability: Queenly Majesty|Fake Out|[of] p2a: Rillaboom\n|move|p1a: Abyss Angel|Tailwind|p1a: Abyss Angel\n|-sidestart|p1: FlyAwayVGC|move: Tailwind\n|move|p2b: Terapagos|Calm Mind|p2b: Terapagos\n|-boost|p2b: Terapagos|spa|1\n|-boost|p2b: Terapagos|spd|1\n|\n|-weather|RainDance|[upkeep]\n|upkeep\n|turn|2\n|\n|t:|1718115165\n|switch|p2a: Urshifu|Urshifu-Rapid-Strike, L50, F|100\/100\n|move|p1a: Abyss Angel|Snarl|p2a: Urshifu|[spread] p2a,p2b\n|-resisted|p2a: Urshifu\n|-activate|p2b: Terapagos|ability: Tera Shell\n|-resisted|p2b: Terapagos\n|-damage|p2a: Urshifu|87\/100\n|-damage|p2b: Terapagos|96\/100\n|-unboost|p2a: Urshifu|spa|1\n|-unboost|p2b: Terapagos|spa|1\n|move|p1b: Venus|Triple Axel|p2a: Urshifu\n|-resisted|p2a: Urshifu\n|-damage|p2a: Urshifu|83\/100\n|-resisted|p2a: Urshifu\n|-damage|p2a: Urshifu|76\/100\n|-resisted|p2a: Urshifu\n|-damage|p2a: Urshifu|67\/100\n|-hitcount|p2a: Urshifu|3\n|move|p2b: Terapagos|Tera Starstorm|p1b: Venus\n|-damage|p1b: Venus|50\/100\n|\n|-weather|RainDance|[upkeep]\n|-heal|p1b: Venus|56\/100|[from] Grassy Terrain\n|-heal|p2a: Urshifu|72\/100|[from] Grassy Terrain\n|-heal|p2b: Terapagos|100\/100|[from] Grassy Terrain\n|upkeep\n|turn|3\n|inactive|FlyAwayVGC has 30 seconds left.\n|inactive|fabio souza has 30 seconds left.\n|\n|t:|1718115197\n|move|p1a: Abyss Angel|Snarl|p2a: Urshifu|[spread] p2a,p2b\n|-resisted|p2a: Urshifu\n|-activate|p2b: Terapagos|ability: Tera Shell\n|-resisted|p2b: Terapagos\n|-damage|p2a: Urshifu|59\/100\n|-damage|p2b: Terapagos|95\/100\n|-unboost|p2a: Urshifu|spa|1\n|-unboost|p2b: Terapagos|spa|1\n|move|p1b: Venus|Power Whip|p2a: Urshifu|[miss]\n|-miss|p1b: Venus|p2a: Urshifu\n|move|p2a: Urshifu|Surging Strikes|p1a: Abyss Angel\n|-crit|p1a: Abyss Angel\n|-damage|p1a: Abyss Angel|65\/100\n|-crit|p1a: Abyss Angel\n|-damage|p1a: Abyss Angel|29\/100\n|-crit|p1a: Abyss Angel\n|-damage|p1a: Abyss Angel|0 fnt\n|faint|p1a: Abyss Angel\n|-end|p1a: Abyss Angel|Quark Drive|[silent]\n|-hitcount|p1: Abyss Angel|3\n|move|p2b: Terapagos|Calm Mind|p2b: Terapagos\n|-boost|p2b: Terapagos|spa|1\n|-boost|p2b: Terapagos|spd|1\n|\n|-weather|RainDance|[upkeep]\n|-heal|p1b: Venus|62\/100|[from] Grassy Terrain\n|-heal|p2a: Urshifu|64\/100|[from] Grassy Terrain\n|-heal|p2b: Terapagos|100\/100|[from] Grassy Terrain\n|upkeep\n|j| rabbihorn\n|\n|t:|1718115212\n|switch|p1a: The Mouth Is Wide|Urshifu-Rapid-Strike, L50, M|100\/100\n|turn|4\n|inactive|fabio souza has 30 seconds left.\n|\n|t:|1718115239\n|switch|p2a: Rillaboom|Rillaboom, L50, M|100\/100\n|move|p1a: The Mouth Is Wide|Surging Strikes|p2b: Terapagos\n|-activate|p2b: Terapagos|ability: Tera Shell\n|-resisted|p2b: Terapagos\n|-crit|p2b: Terapagos\n|-damage|p2b: Terapagos|88\/100\n|-resisted|p2b: Terapagos\n|-crit|p2b: Terapagos\n|-damage|p2b: Terapagos|76\/100\n|-resisted|p2b: Terapagos\n|-crit|p2b: Terapagos\n|-damage|p2b: Terapagos|65\/100\n|-hitcount|p2b: Terapagos|3\n|move|p1b: Venus|Power Whip|p2a: Rillaboom\n|-resisted|p2a: Rillaboom\n|-damage|p2a: Rillaboom|64\/100\n|move|p2b: Terapagos|Tera Starstorm|p1a: The Mouth Is Wide\n|-damage|p1a: The Mouth Is Wide|29\/100\n|\n|-weather|RainDance|[upkeep]\n|-heal|p1a: The Mouth Is Wide|35\/100|[from] Grassy Terrain\n|-heal|p1b: Venus|68\/100|[from] Grassy Terrain\n|-heal|p2a: Rillaboom|70\/100|[from] Grassy Terrain\n|-heal|p2b: Terapagos|71\/100|[from] Grassy Terrain\n|-heal|p2b: Terapagos|77\/100|[from] item: Leftovers\n|-sideend|p1: FlyAwayVGC|move: Tailwind\n|upkeep\n|turn|5\n|inactive|fabio souza has 30 seconds left.\n|\n|t:|1718115264\n|switch|p2b: Sinistcha|Sinistcha, L50|100\/100\n|-heal|p2a: Rillaboom|95\/100|[from] ability: Hospitality|[of] p2b: Sinistcha\n|-terastallize|p2a: Rillaboom|Fire\n|move|p1a: The Mouth Is Wide|Surging Strikes|p2b: Sinistcha\n|-resisted|p2b: Sinistcha\n|-crit|p2b: Sinistcha\n|-damage|p2b: Sinistcha|88\/100\n|-damage|p1a: The Mouth Is Wide|19\/100|[from] item: Rocky Helmet|[of] p2b: Sinistcha\n|-resisted|p2b: Sinistcha\n|-crit|p2b: Sinistcha\n|-damage|p2b: Sinistcha|74\/100\n|-damage|p1a: The Mouth Is Wide|2\/100|[from] item: Rocky Helmet|[of] p2b: Sinistcha\n|-resisted|p2b: Sinistcha\n|-crit|p2b: Sinistcha\n|-damage|p2b: Sinistcha|61\/100\n|-damage|p1a: The Mouth Is Wide|0 fnt|[from] item: Rocky Helmet|[of] p2b: Sinistcha\n|faint|p1a: The Mouth Is Wide\n|-hitcount|p2b: Sinistcha|3\n|move|p1b: Venus|Triple Axel|p2a: Rillaboom\n|-resisted|p2a: Rillaboom\n|-damage|p2a: Rillaboom|91\/100\n|-resisted|p2a: Rillaboom\n|-damage|p2a: Rillaboom|85\/100\n|-resisted|p2a: Rillaboom\n|-damage|p2a: Rillaboom|75\/100\n|-hitcount|p2a: Rillaboom|3\n|move|p2a: Rillaboom|Wood Hammer|p1b: Venus\n|-resisted|p1b: Venus\n|-damage|p1b: Venus|33\/100\n|-damage|p2a: Rillaboom|66\/100|[from] Recoil\n|\n|-weather|none\n|-heal|p1b: Venus|39\/100|[from] Grassy Terrain\n|-heal|p2a: Rillaboom|72\/100|[from] Grassy Terrain\n|-heal|p2b: Sinistcha|67\/100|[from] Grassy Terrain\n|-fieldend|move: Grassy Terrain\n|upkeep\n|j| RevenantBDSP\n|\n|t:|1718115269\n|switch|p1a: Whalefall|Kyogre, L50|100\/100\n|-weather|RainDance|[from] ability: Drizzle|[of] p1a: Whalefall\n|turn|6\n|j| stewpeed\n|inactive|fabio souza has 30 seconds left.\n|inactive|fabio souza has 20 seconds left.\n|inactive|fabio souza has 15 seconds left.\n|inactive|fabio souza has 10 seconds left.\n|inactive|fabio souza has 5 seconds left.\n|\n|t:|1718115324\n|-terastallize|p1a: Whalefall|Grass\n|move|p1b: Venus|Triple Axel|p2b: Sinistcha\n|-supereffective|p2b: Sinistcha\n|-damage|p2b: Sinistcha|57\/100\n|-damage|p1b: Venus|22\/100|[from] item: Rocky Helmet|[of] p2b: Sinistcha\n|-supereffective|p2b: Sinistcha\n|-damage|p2b: Sinistcha|38\/100\n|-damage|p1b: Venus|6\/100|[from] item: Rocky Helmet|[of] p2b: Sinistcha\n|-supereffective|p2b: Sinistcha\n|-damage|p2b: Sinistcha|8\/100\n|-damage|p1b: Venus|0 fnt|[from] item: Rocky Helmet|[of] p2b: Sinistcha\n|faint|p1b: Venus\n|-hitcount|p2b: Sinistcha|3\n|move|p2a: Rillaboom|Grassy Glide|p1a: Whalefall\n|-resisted|p1a: Whalefall\n|-damage|p1a: Whalefall|89\/100\n|move|p1a: Whalefall|Water Spout|p2a: Rillaboom|[spread] p2a,p2b\n|-supereffective|p2a: Rillaboom\n|-resisted|p2b: Sinistcha\n|-damage|p2a: Rillaboom|0 fnt\n|-damage|p2b: Sinistcha|0 fnt\n|faint|p2a: Rillaboom\n|faint|p2b: Sinistcha\n|\n|-weather|RainDance|[upkeep]\n|upkeep\n|\n|t:|1718115329\n|switch|p2a: Terapagos|Terapagos-Terastal, L50, M|77\/100\n|switch|p2b: Urshifu|Urshifu-Rapid-Strike, L50, F|64\/100\n|turn|7\n|\n|t:|1718115346\n|move|p2b: Urshifu|U-turn|p1a: Whalefall\n|-supereffective|p1a: Whalefall\n|-damage|p1a: Whalefall|42\/100\n|move|p1a: Whalefall|Thunder|p2b: Urshifu\n|-supereffective|p2b: Urshifu\n|-damage|p2b: Urshifu|0 fnt\n|faint|p2b: Urshifu\n|move|p2a: Terapagos|Tera Starstorm|p1a: Whalefall\n|-damage|p1a: Whalefall|20\/100\n|\n|-weather|RainDance|[upkeep]\n|-heal|p2a: Terapagos|83\/100|[from] item: Leftovers\n|upkeep\n|turn|8\n|l| stewpeed\n|j| stewpeed\n|\n|t:|1718115357\n|move|p2a: Terapagos|Protect|p2a: Terapagos\n|-singleturn|p2a: Terapagos|Protect\n|move|p1a: Whalefall|Ice Beam|p2a: Terapagos\n|-activate|p2a: Terapagos|move: Protect\n|\n|-weather|RainDance|[upkeep]\n|-heal|p2a: Terapagos|89\/100|[from] item: Leftovers\n|upkeep\n|turn|9\n|l| stewpeed\n|\n|t:|1718115361\n|move|p1a: Whalefall|Ice Beam|p2a: Terapagos\n|-damage|p2a: Terapagos|60\/100\n|move|p2a: Terapagos|Tera Starstorm|p1a: Whalefall\n|-damage|p1a: Whalefall|0 fnt\n|faint|p1a: Whalefall\n|\n|win|fabio souza\n|raw|FlyAwayVGC's rating: 1711 &rarr; <strong>1693<\/strong><br \/>(-18 for losing)\n|raw|fabio souza's rating: 1749 &rarr; <strong>1767<\/strong><br \/>(+18 for winning)\n|l|\u2606fabio souza\n|player|p2|\n|l|\u2606FlyAwayVGC\n|player|p1|\n","uploadtime":1718115373,"views":30,"formatid":"gen9vgc2024regg","rating":1693,"private":0,"password":null}