{"id":"gen9vgc2024regg-2141649633","format":"[Gen 9] VGC 2024 Reg G","players":["boooyy0000","The Umpire"],"log":"|j|\u2606boooyy0000\n|j|\u2606The Umpire\n|t:|1718162222\n|gametype|doubles\n|player|p1|boooyy0000|cynthia-gen4|1694\n|player|p2|The Umpire|volkner|1722\n|teamsize|p1|6\n|teamsize|p2|6\n|gen|9\n|tier|[Gen 9] VGC 2024 Reg G\n|rated|\n|rule|Species Clause: Limit one of each Pok\u00e9mon\n|rule|Item Clause: Limit one of each item\n|clearpoke\n|poke|p1|Iron Hands, L50|\n|poke|p1|Pelipper, L50, F|\n|poke|p1|Chi-Yu, L50|\n|poke|p1|Miraidon, L50|\n|poke|p1|Whimsicott, L50, M|\n|poke|p1|Farigiraf, L50, F|\n|poke|p2|Calyrex-Ice, L50|\n|poke|p2|Urshifu-*, L50, F|\n|poke|p2|Sentret, L50, F|\n|poke|p2|Ursaluna-Bloodmoon, L50, M|\n|poke|p2|Farigiraf, L50, F|\n|poke|p2|Smeargle, L50, M|\n|teampreview|4\n|inactive|Battle timer is ON: inactive players will automatically lose when time's up. (requested by boooyy0000)\n|\n|t:|1718162244\n|start\n|switch|p1a: Chi-Yu|Chi-Yu, L50|100\/100\n|switch|p1b: Miraidon|Miraidon, L50|100\/100\n|switch|p2a: Calyrex|Calyrex-Ice, L50|100\/100\n|switch|p2b: Smeargle|Smeargle, L50, M|100\/100\n|-ability|p2a: Calyrex|As One\n|-ability|p2a: Calyrex|Unnerve\n|-ability|p1a: Chi-Yu|Beads of Ruin\n|-fieldstart|move: Electric Terrain|[from] ability: Hadron Engine|[of] p1b: Miraidon\n|turn|1\n|j| Ryoko7\n|inactive|boooyy0000 has 30 seconds left.\n|\n|t:|1718162272\n|-terastallize|p2a: Calyrex|Fire\n|move|p2b: Smeargle|Fake Out|p1b: Miraidon\n|-damage|p1b: Miraidon|96\/100\n|move|p1a: Chi-Yu|Heat Wave|p2b: Smeargle|[spread] p2b\n|-miss|p1a: Chi-Yu|p2a: Calyrex\n|-damage|p2b: Smeargle|37\/100\n|cant|p1b: Miraidon|flinch\n|move|p2a: Calyrex|Trick Room|p2a: Calyrex\n|-fieldstart|move: Trick Room|[of] p2a: Calyrex\n|\n|-ability|p2b: Smeargle|Moody|boost\n|-boost|p2b: Smeargle|spe|2\n|-unboost|p2b: Smeargle|def|1\n|upkeep\n|turn|2\n|c| Ryoko7|don't tell me u actually use sentret in 1700+\n|c|\u2606The Umpire|nah i started at like 1600\n|c|\u2606The Umpire|with sentret\n|inactive|boooyy0000 has 30 seconds left.\n|j| infographica\n|\n|t:|1718162299\n|-terastallize|p1b: Miraidon|Electric\n|move|p2a: Calyrex|Glacial Lance|p1b: Miraidon|[spread] p1a,p1b\n|-resisted|p1a: Chi-Yu\n|-damage|p1a: Chi-Yu|51\/100\n|-damage|p1b: Miraidon|42\/100\n|move|p2b: Smeargle|Decorate|p2a: Calyrex\n|-boost|p2a: Calyrex|atk|2\n|-boost|p2a: Calyrex|spa|2\n|move|p1b: Miraidon|Parabolic Charge|p2a: Calyrex|[spread] p1a,p2a,p2b\n|-damage|p1a: Chi-Yu|0 fnt\n|-heal|p1b: Miraidon|58\/100|[from] drain|[of] p1a: Chi-Yu\n|-damage|p2a: Calyrex|42\/100\n|-heal|p1b: Miraidon|87\/100|[from] drain|[of] p2a: Calyrex\n|-damage|p2b: Smeargle|0 fnt\n|-heal|p1b: Miraidon|100\/100|[from] drain|[of] p2b: Smeargle\n|faint|p1a: Chi-Yu\n|faint|p2b: Smeargle\n|\n|upkeep\n|c| Ryoko7|and it worked?\n|c|\u2606The Umpire|ya\n|c|\u2606The Umpire|its funny\n|\n|t:|1718162312\n|switch|p2b: Ursaluna|Ursaluna-Bloodmoon, L50, M|100\/100\n|switch|p1a: Pelipper|Pelipper, L50, F|100\/100\n|-weather|RainDance|[from] ability: Drizzle|[of] p1a: Pelipper\n|turn|3\n|c|\u2606The Umpire|u endeavor then quick attach lmao\n|inactive|boooyy0000 has 30 seconds left.\n|\n|t:|1718162338\n|move|p1a: Pelipper|Wide Guard|p1a: Pelipper\n|-singleturn|p1a: Pelipper|Wide Guard\n|move|p2a: Calyrex|Glacial Lance|p1b: Miraidon|[spread] \n|-activate|p1a: Pelipper|move: Wide Guard\n|-activate|p1b: Miraidon|move: Wide Guard\n|move|p2b: Ursaluna|Earth Power|p1b: Miraidon\n|-supereffective|p1b: Miraidon\n|-damage|p1b: Miraidon|25\/100\n|-damage|p2b: Ursaluna|90\/100|[from] item: Life Orb\n|move|p1b: Miraidon|Volt Switch|p2a: Calyrex\n|-damage|p2a: Calyrex|0 fnt\n|faint|p2a: Calyrex\n|\n|t:|1718162347\n|switch|p1b: \u30b1\u30c4\u30c7\u30ab\u30a4\u30ca|Iron Hands, L50, shiny|100\/100|[from] Volt Switch\n|-activate|p1b: \u30b1\u30c4\u30c7\u30ab\u30a4\u30ca|ability: Quark Drive\n|-start|p1b: \u30b1\u30c4\u30c7\u30ab\u30a4\u30ca|quarkdriveatk\n|\n|-weather|RainDance|[upkeep]\n|upkeep\n|\n|t:|1718162350\n|switch|p2a: Sentret|Sentret, L50, F|100\/100\n|turn|4\n|\n|t:|1718162366\n|move|p2a: Sentret|Follow Me|p2a: Sentret\n|-singleturn|p2a: Sentret|move: Follow Me\n|move|p1b: \u30b1\u30c4\u30c7\u30ab\u30a4\u30ca|Belly Drum|p1b: \u30b1\u30c4\u30c7\u30ab\u30a4\u30ca\n|-damage|p1b: \u30b1\u30c4\u30c7\u30ab\u30a4\u30ca|50\/100\n|-setboost|p1b: \u30b1\u30c4\u30c7\u30ab\u30a4\u30ca|atk|6|[from] move: Belly Drum\n|-enditem|p1b: \u30b1\u30c4\u30c7\u30ab\u30a4\u30ca|Sitrus Berry|[eat]\n|-heal|p1b: \u30b1\u30c4\u30c7\u30ab\u30a4\u30ca|75\/100|[from] item: Sitrus Berry\n|move|p1a: Pelipper|Weather Ball|p2a: Sentret\n|-enditem|p2a: Sentret|Focus Sash\n|-damage|p2a: Sentret|1\/100\n|move|p2b: Ursaluna|Earth Power|p1b: \u30b1\u30c4\u30c7\u30ab\u30a4\u30ca\n|-supereffective|p1b: \u30b1\u30c4\u30c7\u30ab\u30a4\u30ca\n|-damage|p1b: \u30b1\u30c4\u30c7\u30ab\u30a4\u30ca|0 fnt\n|faint|p1b: \u30b1\u30c4\u30c7\u30ab\u30a4\u30ca\n|-end|p1b: \u30b1\u30c4\u30c7\u30ab\u30a4\u30ca|Quark Drive|[silent]\n|-damage|p2b: Ursaluna|80\/100|[from] item: Life Orb\n|\n|-weather|RainDance|[upkeep]\n|upkeep\n|\n|t:|1718162380\n|switch|p1b: Miraidon|Miraidon, L50, tera:Electric|25\/100\n|-activate|p1b: Miraidon|ability: Hadron Engine\n|turn|5\n|\n|t:|1718162395\n|move|p2a: Sentret|Endeavor|p1a: Pelipper\n|-damage|p1a: Pelipper|1\/100\n|-damage|p2a: Sentret|0 fnt|[from] item: Rocky Helmet|[of] p1a: Pelipper\n|faint|p2a: Sentret\n|move|p1a: Pelipper|Hurricane|p2b: Ursaluna\n|-damage|p2b: Ursaluna|26\/100\n|move|p2b: Ursaluna|Earth Power|p1b: Miraidon\n|-supereffective|p1b: Miraidon\n|-damage|p1b: Miraidon|0 fnt\n|faint|p1b: Miraidon\n|-damage|p2b: Ursaluna|16\/100|[from] item: Life Orb\n|\n|-weather|RainDance|[upkeep]\n|-fieldend|move: Trick Room\n|-fieldend|move: Electric Terrain\n|upkeep\n|turn|6\n|\n|t:|1718162405\n|move|p2b: Ursaluna|Vacuum Wave|p1a: Pelipper\n|-resisted|p1a: Pelipper\n|-damage|p1a: Pelipper|0 fnt\n|faint|p1a: Pelipper\n|-damage|p2b: Ursaluna|6\/100|[from] item: Life Orb\n|\n|win|The Umpire\n|raw|boooyy0000's rating: 1694 &rarr; <strong>1676<\/strong><br \/>(-18 for losing)\n|raw|The Umpire's rating: 1722 &rarr; <strong>1740<\/strong><br \/>(+18 for winning)\n","uploadtime":1718162409,"views":59,"formatid":"gen9vgc2024regg","rating":1676,"private":0,"password":null}