{"id":"gen9vgc2024regg-2142424131","format":"[Gen 9] VGC 2024 Reg G","players":["slimey18","zugasteam"],"log":"|j|\u2606slimey18\n|j|\u2606zugasteam\n|t:|1718268884\n|gametype|doubles\n|player|p1|slimey18|169|1715\n|player|p2|zugasteam|169|1698\n|teamsize|p1|6\n|teamsize|p2|6\n|gen|9\n|tier|[Gen 9] VGC 2024 Reg G\n|rated|\n|rule|Species Clause: Limit one of each Pok\u00e9mon\n|rule|Item Clause: Limit one of each item\n|clearpoke\n|poke|p1|Dusclops, L50, F|\n|poke|p1|Calyrex-Ice, L50|\n|poke|p1|Incineroar, L50, M|\n|poke|p1|Raging Bolt, L50|\n|poke|p1|Rillaboom, L50, M|\n|poke|p1|Araquanid, L50, F|\n|poke|p2|Chi-Yu, L50|\n|poke|p2|Flutter Mane, L50|\n|poke|p2|Terapagos, L50, M|\n|poke|p2|Urshifu-*, L50, F|\n|poke|p2|Iron Hands, L50|\n|poke|p2|Grimmsnarl, L50, M|\n|teampreview|4\n|\n|t:|1718268902\n|start\n|switch|p1a: Raging Bolt|Raging Bolt, L50|100\/100\n|switch|p1b: Incineroar|Incineroar, L50, M|100\/100\n|switch|p2a: Chi-Yu|Chi-Yu, L50|100\/100\n|switch|p2b: Flutter Mane|Flutter Mane, L50|100\/100\n|-ability|p2a: Chi-Yu|Beads of Ruin\n|-ability|p1b: Incineroar|Intimidate|boost\n|-unboost|p2a: Chi-Yu|atk|1\n|-unboost|p2b: Flutter Mane|atk|1\n|-enditem|p2b: Flutter Mane|Booster Energy\n|-activate|p2b: Flutter Mane|ability: Protosynthesis|[fromitem]\n|-start|p2b: Flutter Mane|protosynthesisspe\n|turn|1\n|j| yhlove0315\n|\n|t:|1718268917\n|switch|p2a: Iron Hands|Iron Hands, L50|100\/100\n|move|p2b: Flutter Mane|Protect|p2b: Flutter Mane\n|-singleturn|p2b: Flutter Mane|Protect\n|move|p1b: Incineroar|Fake Out|p2a: Iron Hands\n|-damage|p2a: Iron Hands|94\/100\n|move|p1a: Raging Bolt|Snarl|p2a: Iron Hands|[spread] p2a\n|-activate|p2b: Flutter Mane|move: Protect\n|-resisted|p2a: Iron Hands\n|-damage|p2a: Iron Hands|90\/100\n|-unboost|p2a: Iron Hands|spa|1\n|\n|upkeep\n|turn|2\n|\n|t:|1718268934\n|move|p2a: Iron Hands|Fake Out|p1a: Raging Bolt\n|-damage|p1a: Raging Bolt|88\/100\n|move|p2b: Flutter Mane|Moonblast|p1a: Raging Bolt\n|-supereffective|p1a: Raging Bolt\n|-damage|p1a: Raging Bolt|42\/100\n|cant|p1a: Raging Bolt|flinch\n|move|p1b: Incineroar|Parting Shot|p2a: Iron Hands\n|-unboost|p2a: Iron Hands|atk|1\n|-unboost|p2a: Iron Hands|spa|1\n|\n|t:|1718268946\n|switch|p1b: Calyrex|Calyrex-Ice, L50|100\/100|[from] Parting Shot\n|-ability|p1b: Calyrex|As One\n|-ability|p1b: Calyrex|Unnerve\n|\n|upkeep\n|turn|3\n|l| yhlove0315\n|\n|t:|1718268962\n|-end|p2a: Iron Hands|Quark Drive|[silent]\n|switch|p2a: Grimmsnarl|Grimmsnarl, L50, M|100\/100\n|move|p2b: Flutter Mane|Moonblast|p1a: Raging Bolt\n|-supereffective|p1a: Raging Bolt\n|-crit|p1a: Raging Bolt\n|-damage|p1a: Raging Bolt|0 fnt\n|faint|p1a: Raging Bolt\n|-end|p1a: Raging Bolt|Protosynthesis|[silent]\n|move|p1b: Calyrex|Glacial Lance|p2a: Grimmsnarl|[spread] p2a,p2b\n|-damage|p2a: Grimmsnarl|44\/100\n|-damage|p2b: Flutter Mane|0 fnt\n|faint|p2b: Flutter Mane\n|-end|p2b: Flutter Mane|Protosynthesis|[silent]\n|-ability|p1b: Calyrex|Chilling Neigh|boost\n|-boost|p1b: Calyrex|atk|1\n|\n|upkeep\n|j| yhlove0315\n|\n|t:|1718268975\n|switch|p2b: Iron Hands|Iron Hands, L50|90\/100\n|switch|p1a: Incineroar|Incineroar, L50, M|100\/100\n|-ability|p1a: Incineroar|Intimidate|boost\n|-unboost|p2a: Grimmsnarl|atk|1\n|-unboost|p2b: Iron Hands|atk|1\n|turn|4\n|\n|t:|1718268997\n|move|p1a: Incineroar|Fake Out|p2b: Iron Hands\n|-damage|p2b: Iron Hands|84\/100\n|cant|p2b: Iron Hands|flinch\n|move|p2a: Grimmsnarl|Reflect|p2a: Grimmsnarl\n|-sidestart|p2: zugasteam|Reflect\n|move|p1b: Calyrex|Trick Room|p1b: Calyrex\n|-fieldstart|move: Trick Room|[of] p1b: Calyrex\n|\n|upkeep\n|turn|5\n|\n|t:|1718269016\n|move|p1b: Calyrex|Glacial Lance|p2a: Grimmsnarl|[spread] p2a,p2b\n|-damage|p2a: Grimmsnarl|0 fnt\n|-damage|p2b: Iron Hands|44\/100\n|faint|p2a: Grimmsnarl\n|-ability|p1b: Calyrex|Chilling Neigh|boost\n|-boost|p1b: Calyrex|atk|1\n|move|p2b: Iron Hands|Drain Punch|p1a: Incineroar\n|-supereffective|p1a: Incineroar\n|-damage|p1a: Incineroar|52\/100\n|-heal|p2b: Iron Hands|64\/100|[from] drain|[of] p1a: Incineroar\n|move|p1a: Incineroar|Parting Shot|p2b: Iron Hands\n|-unboost|p2b: Iron Hands|atk|1\n|-unboost|p2b: Iron Hands|spa|1\n|\n|t:|1718269028\n|switch|p1a: Araquanid|Araquanid, L50, F|100\/100|[from] Parting Shot\n|\n|upkeep\n|\n|t:|1718269032\n|switch|p2a: Chi-Yu|Chi-Yu, L50|100\/100\n|-ability|p2a: Chi-Yu|Beads of Ruin\n|turn|6\n|\n|t:|1718269043\n|move|p2a: Chi-Yu|Protect|p2a: Chi-Yu\n|-singleturn|p2a: Chi-Yu|Protect\n|move|p1b: Calyrex|Glacial Lance|p2b: Iron Hands|[spread] p2b\n|-activate|p2a: Chi-Yu|move: Protect\n|-damage|p2b: Iron Hands|16\/100\n|move|p1a: Araquanid|Liquidation|p2a: Chi-Yu\n|-activate|p2a: Chi-Yu|move: Protect\n|move|p2b: Iron Hands|Wild Charge|p1a: Araquanid\n|-supereffective|p1a: Araquanid\n|-damage|p1a: Araquanid|48\/100\n|-enditem|p1a: Araquanid|Sitrus Berry|[eat]\n|-heal|p1a: Araquanid|72\/100|[from] item: Sitrus Berry\n|-damage|p2b: Iron Hands|7\/100|[from] Recoil\n|\n|upkeep\n|turn|7\n|\n|t:|1718269062\n|-terastallize|p2a: Chi-Yu|Ghost\n|move|p1b: Calyrex|Glacial Lance|p2a: Chi-Yu|[spread] p2a,p2b\n|-enditem|p2a: Chi-Yu|Focus Sash\n|-damage|p2a: Chi-Yu|1\/100\n|-damage|p2b: Iron Hands|0 fnt\n|faint|p2b: Iron Hands\n|-end|p2b: Iron Hands|Quark Drive|[silent]\n|-ability|p1b: Calyrex|Chilling Neigh|boost\n|-boost|p1b: Calyrex|atk|1\n|move|p1a: Araquanid|Liquidation|p2a: Chi-Yu\n|-damage|p2a: Chi-Yu|0 fnt\n|faint|p2a: Chi-Yu\n|\n|win|slimey18\n|raw|slimey18's rating: 1715 &rarr; <strong>1734<\/strong><br \/>(+19 for winning)\n|raw|zugasteam's rating: 1698 &rarr; <strong>1679<\/strong><br \/>(-19 for losing)\n|l|\u2606zugasteam\n|player|p2|\n|l| yhlove0315\n|l|\u2606slimey18\n|player|p1|\n","uploadtime":1718269267,"views":14,"formatid":"gen9vgc2024regg","rating":1679,"private":0,"password":null}