{"id":"gen9vgc2024regg-2142420248","format":"[Gen 9] VGC 2024 Reg G","players":["UahhVGC","slimey18"],"log":"|j|\u2606UahhVGC\n|j|\u2606slimey18\n|t:|1718268175\n|gametype|doubles\n|player|p1|UahhVGC|miku-psychic|1701\n|player|p2|slimey18|169|1698\n|teamsize|p1|6\n|teamsize|p2|6\n|gen|9\n|tier|[Gen 9] VGC 2024 Reg G\n|rated|\n|rule|Species Clause: Limit one of each Pok\u00e9mon\n|rule|Item Clause: Limit one of each item\n|clearpoke\n|poke|p1|Farigiraf, L50, F|\n|poke|p1|Urshifu-*, L50, M|\n|poke|p1|Iron Hands, L50|\n|poke|p1|Ursaluna, L50, F|\n|poke|p1|Iron Bundle, L50|\n|poke|p1|Miraidon, L50|\n|poke|p2|Dusclops, L50, M|\n|poke|p2|Calyrex-Ice, L50|\n|poke|p2|Incineroar, L50, M|\n|poke|p2|Raging Bolt, L50|\n|poke|p2|Rillaboom, L50, F|\n|poke|p2|Araquanid, L50, F|\n|teampreview|4\n|inactive|Battle timer is ON: inactive players will automatically lose when time's up. (requested by UahhVGC)\n|\n|t:|1718268207\n|start\n|switch|p1a: Farigiraf|Farigiraf, L50, F|100\/100\n|switch|p1b: Miraidon|Miraidon, L50|100\/100\n|switch|p2a: Rillaboom|Rillaboom, L50, F|100\/100\n|switch|p2b: Calyrex|Calyrex-Ice, L50|100\/100\n|-ability|p2b: Calyrex|As One\n|-ability|p2b: Calyrex|Unnerve\n|-fieldstart|move: Electric Terrain|[from] ability: Hadron Engine|[of] p1b: Miraidon\n|-enditem|p1a: Farigiraf|Electric Seed\n|-boost|p1a: Farigiraf|def|1|[from] item: Electric Seed\n|-fieldstart|move: Grassy Terrain|[from] ability: Grassy Surge|[of] p2a: Rillaboom\n|turn|1\n|inactive|UahhVGC has 30 seconds left.\n|inactive|UahhVGC has 20 seconds left.\n|\n|t:|1718268246\n|move|p1b: Miraidon|Volt Switch|p2b: Calyrex\n|-damage|p2b: Calyrex|64\/100\n|\n|t:|1718268249\n|switch|p1b: Ursaluna|Ursaluna, L50, F|100\/100|[from] Volt Switch\n|move|p2a: Rillaboom|U-turn|p1a: Farigiraf\n|-supereffective|p1a: Farigiraf\n|-damage|p1a: Farigiraf|69\/100\n|\n|t:|1718268256\n|switch|p2a: Incineroar|Incineroar, L50, M|100\/100|[from] U-turn\n|-ability|p2a: Incineroar|Intimidate|boost\n|-unboost|p1a: Farigiraf|atk|1\n|-unboost|p1b: Ursaluna|atk|1\n|move|p2b: Calyrex|Glacial Lance|p1b: Ursaluna|[spread] p1a,p1b\n|-supereffective|p1b: Ursaluna\n|-damage|p1a: Farigiraf|33\/100\n|-damage|p1b: Ursaluna|12\/100\n|move|p1a: Farigiraf|Trick Room|p1a: Farigiraf\n|-fieldstart|move: Trick Room|[of] p1a: Farigiraf\n|\n|-heal|p1b: Ursaluna|18\/100|[from] Grassy Terrain\n|-heal|p2b: Calyrex|70\/100|[from] Grassy Terrain\n|-heal|p1a: Farigiraf|39\/100|[from] Grassy Terrain\n|-status|p1b: Ursaluna|brn|[from] item: Flame Orb\n|upkeep\n|turn|2\n|j| Marnie squad\n|j| bluestraggler01\n|inactive|UahhVGC has 30 seconds left.\n|\n|t:|1718268283\n|switch|p2a: Rillaboom|Rillaboom, L50, F|100\/100\n|move|p1a: Farigiraf|Helping Hand|p1b: Ursaluna\n|-singleturn|p1b: Ursaluna|Helping Hand|[of] p1a: Farigiraf\n|move|p2b: Calyrex|Protect|p2b: Calyrex\n|-singleturn|p2b: Calyrex|Protect\n|move|p1b: Ursaluna|Facade|p2b: Calyrex\n|-activate|p2b: Calyrex|move: Protect\n|\n|-heal|p2b: Calyrex|76\/100|[from] Grassy Terrain\n|-heal|p1b: Ursaluna|24\/100 brn|[from] Grassy Terrain\n|-heal|p1a: Farigiraf|45\/100|[from] Grassy Terrain\n|-damage|p1b: Ursaluna|18\/100 brn|[from] brn\n|upkeep\n|turn|3\n|j| THUNDERSND77\n|\n|t:|1718268300\n|switch|p2b: Incineroar|Incineroar, L50, M|100\/100\n|-ability|p2b: Incineroar|Intimidate|boost\n|-unboost|p1a: Farigiraf|atk|1\n|-unboost|p1b: Ursaluna|atk|1\n|move|p1a: Farigiraf|Helping Hand|p1b: Ursaluna\n|-singleturn|p1b: Ursaluna|Helping Hand|[of] p1a: Farigiraf\n|move|p1b: Ursaluna|Facade|p2b: Incineroar\n|-damage|p2b: Incineroar|25\/100\n|move|p2a: Rillaboom|U-turn|p1a: Farigiraf\n|-supereffective|p1a: Farigiraf\n|-damage|p1a: Farigiraf|13\/100\n|\n|t:|1718268313\n|switch|p2a: Calyrex|Calyrex-Ice, L50|76\/100|[from] U-turn\n|-ability|p2a: Calyrex|As One\n|-ability|p2a: Calyrex|Unnerve\n|\n|-heal|p2a: Calyrex|82\/100|[from] Grassy Terrain\n|-heal|p1b: Ursaluna|24\/100 brn|[from] Grassy Terrain\n|-heal|p1a: Farigiraf|20\/100|[from] Grassy Terrain\n|-heal|p2b: Incineroar|31\/100|[from] Grassy Terrain\n|-damage|p1b: Ursaluna|18\/100 brn|[from] brn\n|upkeep\n|turn|4\n|\n|t:|1718268332\n|move|p1b: Ursaluna|Protect|p1b: Ursaluna\n|-singleturn|p1b: Ursaluna|Protect\n|move|p2a: Calyrex|Glacial Lance|p1a: Farigiraf|[spread] p1a\n|-activate|p1b: Ursaluna|move: Protect\n|-damage|p1a: Farigiraf|0 fnt\n|faint|p1a: Farigiraf\n|-ability|p2a: Calyrex|Chilling Neigh|boost\n|-boost|p2a: Calyrex|atk|1\n|move|p2b: Incineroar|Knock Off|p1b: Ursaluna\n|-activate|p1b: Ursaluna|move: Protect\n|\n|-heal|p1b: Ursaluna|24\/100 brn|[from] Grassy Terrain\n|-heal|p2a: Calyrex|87\/100|[from] Grassy Terrain\n|-heal|p2b: Incineroar|37\/100|[from] Grassy Terrain\n|-damage|p1b: Ursaluna|18\/100 brn|[from] brn\n|upkeep\n|\n|t:|1718268342\n|switch|p1a: Iron Hands|Iron Hands, L50|100\/100\n|turn|5\n|j| Feitan 999\n|\n|t:|1718268365\n|move|p2a: Calyrex|Protect|p2a: Calyrex\n|-singleturn|p2a: Calyrex|Protect\n|move|p1b: Ursaluna|Facade|p2b: Incineroar\n|-damage|p2b: Incineroar|0 fnt\n|faint|p2b: Incineroar\n|move|p1a: Iron Hands|Drain Punch|p2a: Calyrex\n|-activate|p2a: Calyrex|move: Protect\n|\n|-heal|p1b: Ursaluna|24\/100 brn|[from] Grassy Terrain\n|-heal|p2a: Calyrex|93\/100|[from] Grassy Terrain\n|-damage|p1b: Ursaluna|18\/100 brn|[from] brn\n|-fieldend|move: Trick Room\n|-fieldend|move: Grassy Terrain\n|upkeep\n|\n|t:|1718268374\n|switch|p2b: Raging Bolt|Raging Bolt, L50|100\/100\n|turn|6\n|\n|t:|1718268389\n|move|p2b: Raging Bolt|Draco Meteor|p1a: Iron Hands\n|-damage|p1a: Iron Hands|65\/100\n|-unboost|p2b: Raging Bolt|spa|2\n|move|p1a: Iron Hands|Drain Punch|p2a: Calyrex\n|-damage|p2a: Calyrex|68\/100\n|-heal|p1a: Iron Hands|75\/100|[from] drain|[of] p2a: Calyrex\n|move|p1b: Ursaluna|Facade|p2a: Calyrex\n|-damage|p2a: Calyrex|30\/100\n|move|p2a: Calyrex|Glacial Lance|p1b: Ursaluna|[spread] p1a,p1b\n|-supereffective|p1b: Ursaluna\n|-damage|p1a: Iron Hands|18\/100\n|-damage|p1b: Ursaluna|0 fnt\n|faint|p1b: Ursaluna\n|-ability|p2a: Calyrex|Chilling Neigh|boost\n|-boost|p2a: Calyrex|atk|1\n|\n|upkeep\n|\n|t:|1718268400\n|switch|p1b: Miraidon|Miraidon, L50|100\/100\n|-fieldstart|move: Electric Terrain|[from] ability: Hadron Engine|[of] p1b: Miraidon\n|-activate|p1a: Iron Hands|ability: Quark Drive\n|-start|p1a: Iron Hands|quarkdriveatk\n|turn|7\n|inactive|UahhVGC has 30 seconds left.\n|\n|t:|1718268427\n|-end|p2b: Raging Bolt|Protosynthesis|[silent]\n|switch|p2b: Rillaboom|Rillaboom, L50, F|100\/100\n|-fieldstart|move: Grassy Terrain|[from] ability: Grassy Surge|[of] p2b: Rillaboom\n|-end|p1a: Iron Hands|Quark Drive\n|-terastallize|p1b: Miraidon|Fairy\n|move|p2a: Calyrex|Protect|p2a: Calyrex\n|-singleturn|p2a: Calyrex|Protect\n|move|p1b: Miraidon|Draco Meteor|p2b: Rillaboom\n|-enditem|p2b: Rillaboom|Focus Sash\n|-damage|p2b: Rillaboom|1\/100\n|-unboost|p1b: Miraidon|spa|2\n|move|p1a: Iron Hands|Drain Punch|p2b: Rillaboom\n|-damage|p2b: Rillaboom|0 fnt\n|-heal|p1a: Iron Hands|19\/100|[from] drain|[of] p2b: Rillaboom\n|faint|p2b: Rillaboom\n|\n|-heal|p1a: Iron Hands|25\/100|[from] Grassy Terrain\n|-heal|p2a: Calyrex|36\/100|[from] Grassy Terrain\n|upkeep\n|\n|t:|1718268433\n|switch|p2b: Raging Bolt|Raging Bolt, L50|100\/100\n|turn|8\n|\n|t:|1718268456\n|move|p1b: Miraidon|Draco Meteor|p2a: Calyrex\n|-damage|p2a: Calyrex|1\/100\n|-unboost|p1b: Miraidon|spa|2\n|move|p2b: Raging Bolt|Draco Meteor|p1a: Iron Hands\n|-damage|p1a: Iron Hands|0 fnt\n|-unboost|p2b: Raging Bolt|spa|2\n|faint|p1a: Iron Hands\n|-end|p1a: Iron Hands|Quark Drive|[silent]\n|move|p2a: Calyrex|Trick Room|p2a: Calyrex\n|-fieldstart|move: Trick Room|[of] p2a: Calyrex\n|\n|-heal|p2a: Calyrex|7\/100|[from] Grassy Terrain\n|upkeep\n|turn|9\n|-message|UahhVGC forfeited.\n|\n|win|slimey18\n|raw|UahhVGC's rating: 1701 &rarr; <strong>1681<\/strong><br \/>(-20 for losing)\n|raw|slimey18's rating: 1698 &rarr; <strong>1718<\/strong><br \/>(+20 for winning)\n|l| Feitan 999\n|l| Marnie squad\n|l|\u2606UahhVGC\n|player|p1|\n|l|\u2606slimey18\n|player|p2|\n|l| THUNDERSND77\n|l| bluestraggler01\n","uploadtime":1718268712,"views":14,"formatid":"gen9vgc2024regg","rating":1681,"private":0,"password":null}