{"id":"gen9vgc2024regg-2142347482","format":"[Gen 9] VGC 2024 Reg G","players":["testing_chue","imnotagni"],"log":"|j|\u2606testing_chue\n|j|\u2606imnotagni\n|t:|1718254508\n|gametype|doubles\n|player|p1|testing_chue|doctor|1706\n|player|p2|imnotagni|magmasuit|1704\n|teamsize|p1|6\n|teamsize|p2|6\n|gen|9\n|tier|[Gen 9] VGC 2024 Reg G\n|rated|\n|rule|Species Clause: Limit one of each Pok\u00e9mon\n|rule|Item Clause: Limit one of each item\n|clearpoke\n|poke|p1|Calyrex-Ice, L50|\n|poke|p1|Alcremie-Lemon-Cream, L50, F|\n|poke|p1|Smeargle, L50, F|\n|poke|p1|Ursaluna-Bloodmoon, L50, M|\n|poke|p1|Indeedee-F, L50, F|\n|poke|p1|Urshifu-*, L50, F|\n|poke|p2|Kyogre, L50|\n|poke|p2|Urshifu-*, L50, M|\n|poke|p2|Tsareena, L50, F|\n|poke|p2|Chien-Pao, L50|\n|poke|p2|Ditto, L50|\n|poke|p2|Tornadus, L50, M|\n|teampreview|4\n|inactive|Battle timer is ON: inactive players will automatically lose when time's up. (requested by imnotagni)\n|\n|t:|1718254526\n|start\n|switch|p1a: Smeargle|Smeargle, L50, F|100\/100\n|switch|p1b: Calyrex|Calyrex-Ice, L50|100\/100\n|switch|p2a: Tsareena|Tsareena, L50, F, shiny|100\/100\n|switch|p2b: Kyogre|Kyogre, L50, shiny|100\/100\n|-ability|p1b: Calyrex|As One\n|-ability|p1b: Calyrex|Unnerve\n|-weather|RainDance|[from] ability: Drizzle|[of] p2b: Kyogre\n|turn|1\n|j| fimmm\n|inactive|imnotagni has 30 seconds left.\n|\n|t:|1718254561\n|-terastallize|p2a: Tsareena|Ice\n|move|p2b: Kyogre|Protect|p2b: Kyogre\n|-singleturn|p2b: Kyogre|Protect\n|move|p1a: Smeargle|Follow Me|p1a: Smeargle\n|-singleturn|p1a: Smeargle|move: Follow Me\n|move|p2a: Tsareena|Taunt|p1a: Smeargle\n|-start|p1a: Smeargle|move: Taunt\n|move|p1b: Calyrex|Trick Room|p1b: Calyrex\n|-fieldstart|move: Trick Room|[of] p1b: Calyrex\n|\n|-weather|RainDance|[upkeep]\n|-ability|p1a: Smeargle|Moody|boost\n|-boost|p1a: Smeargle|def|2\n|-unboost|p1a: Smeargle|spd|1\n|-enditem|p1a: Smeargle|Eject Pack\n|upkeep\n|\n|t:|1718254564\n|switch|p1a: Alcremie|Alcremie-Lemon-Cream, L50, F|100\/100\n|turn|2\n|inactive|imnotagni has 30 seconds left.\n|inactive|imnotagni has 20 seconds left.\n|inactive|imnotagni has 15 seconds left.\n|\n|t:|1718254608\n|move|p1a: Alcremie|Decorate|p1b: Calyrex\n|-boost|p1b: Calyrex|atk|2\n|-boost|p1b: Calyrex|spa|2\n|move|p1b: Calyrex|Glacial Lance|p2b: Kyogre|[spread] p2a,p2b\n|-resisted|p2a: Tsareena\n|-resisted|p2b: Kyogre\n|-damage|p2a: Tsareena|28\/100\n|-damage|p2b: Kyogre|49\/100\n|move|p2a: Tsareena|Power Whip|p1b: Calyrex\n|-damage|p1b: Calyrex|58\/100\n|move|p2b: Kyogre|Origin Pulse|p1a: Alcremie|[spread] p1a\n|-miss|p2b: Kyogre|p1b: Calyrex\n|-damage|p1a: Alcremie|27\/100\n|\n|-weather|RainDance|[upkeep]\n|upkeep\n|turn|3\n|inactive|imnotagni has 30 seconds left.\n|\n|t:|1718254642\n|move|p1a: Alcremie|Helping Hand|p1b: Calyrex\n|-singleturn|p1b: Calyrex|Helping Hand|[of] p1a: Alcremie\n|move|p2b: Kyogre|Protect|p2b: Kyogre\n|-singleturn|p2b: Kyogre|Protect\n|move|p1b: Calyrex|Glacial Lance|p2a: Tsareena|[spread] p2a\n|-activate|p2b: Kyogre|move: Protect\n|-resisted|p2a: Tsareena\n|-damage|p2a: Tsareena|0 fnt\n|faint|p2a: Tsareena\n|-ability|p1b: Calyrex|Chilling Neigh|boost\n|-boost|p1b: Calyrex|atk|1\n|\n|-weather|RainDance|[upkeep]\n|upkeep\n|\n|t:|1718254646\n|switch|p2a: Ditto|Ditto, L50|100\/100\n|-transform|p2a: Ditto|p1b: Calyrex|[from] ability: Imposter\n|-ability|p2a: Ditto|As One\n|-ability|p2a: Ditto|Unnerve\n|turn|4\n|\n|t:|1718254655\n|move|p1a: Alcremie|Helping Hand|p1b: Calyrex\n|-singleturn|p1b: Calyrex|Helping Hand|[of] p1a: Alcremie\n|move|p1b: Calyrex|Glacial Lance|p2a: Ditto|[spread] p2a,p2b\n|-resisted|p2a: Ditto\n|-resisted|p2b: Kyogre\n|-damage|p2a: Ditto|2\/100\n|-damage|p2b: Kyogre|0 fnt\n|faint|p2b: Kyogre\n|-ability|p1b: Calyrex|Chilling Neigh|boost\n|-boost|p1b: Calyrex|atk|1\n|move|p2a: Ditto|Glacial Lance|p1b: Calyrex|[spread] p1a,p1b\n|-resisted|p1b: Calyrex\n|-damage|p1a: Alcremie|0 fnt\n|-damage|p1b: Calyrex|10\/100\n|faint|p1a: Alcremie\n|-ability|p2a: Ditto|Chilling Neigh|boost\n|-boost|p2a: Ditto|atk|1\n|\n|-weather|RainDance|[upkeep]\n|upkeep\n|\n|t:|1718254667\n|switch|p1a: Ursaluna|Ursaluna-Bloodmoon, L50, M|100\/100\n|switch|p2b: Chien-Pao|Chien-Pao, L50|100\/100\n|-ability|p2b: Chien-Pao|Sword of Ruin\n|turn|5\n|\n|t:|1718254682\n|move|p2b: Chien-Pao|Sucker Punch|p1b: Calyrex\n|-supereffective|p1b: Calyrex\n|-damage|p1b: Calyrex|0 fnt\n|faint|p1b: Calyrex\n|move|p2a: Ditto|Glacial Lance|p1a: Ursaluna\n|-supereffective|p1a: Ursaluna\n|-damage|p1a: Ursaluna|0 fnt\n|faint|p1a: Ursaluna\n|-ability|p2a: Ditto|Chilling Neigh|boost\n|-boost|p2a: Ditto|atk|1\n|\n|-weather|none\n|-fieldend|move: Trick Room\n|upkeep\n|-message|testing_chue forfeited.\n|\n|win|imnotagni\n|raw|testing_chue's rating: 1706 &rarr; <strong>1686<\/strong><br \/>(-20 for losing)\n|raw|imnotagni's rating: 1704 &rarr; <strong>1724<\/strong><br \/>(+20 for winning)\n|j| rabbithorn01\n|l|\u2606testing_chue\n|player|p1|\n|l|\u2606imnotagni\n|player|p2|\n","uploadtime":1718254744,"views":16,"formatid":"gen9vgc2024regg","rating":1686,"private":0,"password":null}