{"id":"gen9vgc2024regg-2142365366","format":"[Gen 9] VGC 2024 Reg G","players":["YuanqiNono","Ringocc"],"log":"|j|\u2606YuanqiNono\n|j|\u2606Ringocc\n|t:|1718257803\n|gametype|doubles\n|player|p1|YuanqiNono|101|1670\n|player|p2|Ringocc|dawn|1708\n|teamsize|p1|6\n|teamsize|p2|6\n|gen|9\n|tier|[Gen 9] VGC 2024 Reg G\n|rated|\n|rule|Species Clause: Limit one of each Pok\u00e9mon\n|rule|Item Clause: Limit one of each item\n|clearpoke\n|poke|p1|Raging Bolt, L50|\n|poke|p1|Zamazenta-*, L50|\n|poke|p1|Incineroar, L50, F|\n|poke|p1|Urshifu-*, L50, M|\n|poke|p1|Gholdengo, L50|\n|poke|p1|Tornadus, L50, M|\n|poke|p2|Urshifu-*, L50, F|\n|poke|p2|Chien-Pao, L50|\n|poke|p2|Kyogre, L50|\n|poke|p2|Rillaboom, L50, M|\n|poke|p2|Tornadus, L50, M|\n|poke|p2|Landorus, L50, M|\n|teampreview|4\n|inactive|Battle timer is ON: inactive players will automatically lose when time's up. (requested by Ringocc)\n|\n|t:|1718257847\n|start\n|switch|p1a: Raging Bolt|Raging Bolt, L50|100\/100\n|switch|p1b: Tornadus|Tornadus, L50, M|100\/100\n|switch|p2a: Landorus|Landorus, L50, M|100\/100\n|switch|p2b: Kyogre|Kyogre, L50|100\/100\n|-weather|RainDance|[from] ability: Drizzle|[of] p2b: Kyogre\n|turn|1\n|\n|t:|1718257871\n|-terastallize|p2b: Kyogre|Grass\n|move|p1b: Tornadus|Tailwind|p1b: Tornadus\n|-sidestart|p1: YuanqiNono|move: Tailwind\n|move|p1a: Raging Bolt|Snarl|p2a: Landorus|[spread] p2a,p2b\n|-crit|p2b: Kyogre\n|-damage|p2a: Landorus|80\/100\n|-damage|p2b: Kyogre|83\/100\n|-unboost|p2a: Landorus|spa|1\n|move|p2a: Landorus|Earth Power|p1a: Raging Bolt\n|-supereffective|p1a: Raging Bolt\n|-damage|p1a: Raging Bolt|54\/100\n|move|p2b: Kyogre|Water Spout|p1b: Tornadus|[spread] p1a,p1b\n|-resisted|p1a: Raging Bolt\n|-damage|p1a: Raging Bolt|34\/100\n|-enditem|p1b: Tornadus|Focus Sash\n|-damage|p1b: Tornadus|1\/100\n|\n|-weather|RainDance|[upkeep]\n|upkeep\n|turn|2\n|inactive|YuanqiNono has 30 seconds left.\n|inactive|Ringocc has 30 seconds left.\n|inactive|Ringocc has 20 seconds left.\n|inactive|Ringocc has 15 seconds left.\n|inactive|YuanqiNono has 20 seconds left.\n|inactive|Ringocc has 10 seconds left.\n|inactive|YuanqiNono has 15 seconds left.\n|inactive|YuanqiNono has 10 seconds left.\n|\n|t:|1718257927\n|move|p1b: Tornadus|Bleakwind Storm|p2a: Landorus|[spread] p2a,p2b\n|-supereffective|p2b: Kyogre\n|-damage|p2a: Landorus|34\/100\n|-damage|p2b: Kyogre|35\/100\n|move|p1a: Raging Bolt|Draco Meteor|p2a: Landorus\n|-damage|p2a: Landorus|0 fnt\n|-unboost|p1a: Raging Bolt|spa|2\n|faint|p2a: Landorus\n|move|p2b: Kyogre|Water Spout|p1b: Tornadus|[spread] p1a,p1b\n|-resisted|p1a: Raging Bolt\n|-damage|p1a: Raging Bolt|25\/100\n|-damage|p1b: Tornadus|0 fnt\n|faint|p1b: Tornadus\n|\n|-weather|RainDance|[upkeep]\n|upkeep\n|\n|t:|1718257948\n|switch|p1b: Urshifu|Urshifu-Rapid-Strike, L50, M|100\/100\n|switch|p2a: Tornadus|Tornadus, L50, M|100\/100\n|turn|3\n|\n|t:|1718257967\n|move|p2a: Tornadus|Tailwind|p2a: Tornadus\n|-sidestart|p2: Ringocc|move: Tailwind\n|move|p1b: Urshifu|Surging Strikes|p2a: Tornadus\n|-crit|p2a: Tornadus\n|-damage|p2a: Tornadus|71\/100\n|-crit|p2a: Tornadus\n|-damage|p2a: Tornadus|38\/100\n|-enditem|p2a: Tornadus|Sitrus Berry|[eat]\n|-heal|p2a: Tornadus|63\/100|[from] item: Sitrus Berry\n|-crit|p2a: Tornadus\n|-damage|p2a: Tornadus|34\/100\n|-hitcount|p2a: Tornadus|3\n|move|p2b: Kyogre|Thunder|p1b: Urshifu\n|-supereffective|p1b: Urshifu\n|-damage|p1b: Urshifu|0 fnt\n|faint|p1b: Urshifu\n|move|p1a: Raging Bolt|Draco Meteor|p2b: Kyogre\n|-damage|p2b: Kyogre|10\/100\n|-unboost|p1a: Raging Bolt|spa|2\n|\n|-weather|RainDance|[upkeep]\n|upkeep\n|\n|t:|1718257986\n|switch|p1b: Zamazenta|Zamazenta-Crowned, L50|100\/100\n|-ability|p1b: Zamazenta|Dauntless Shield|boost\n|-boost|p1b: Zamazenta|def|1\n|turn|4\n|inactive|Ringocc has 30 seconds left.\n|\n|t:|1718258024\n|move|p2a: Tornadus|Protect|p2a: Tornadus\n|-singleturn|p2a: Tornadus|Protect\n|move|p1a: Raging Bolt|Thunderclap||[still]\n|-fail|p1a: Raging Bolt\n|move|p1b: Zamazenta|Body Press|p2b: Kyogre\n|-damage|p2b: Kyogre|0 fnt\n|faint|p2b: Kyogre\n|\n|-weather|RainDance|[upkeep]\n|-sideend|p1: YuanqiNono|move: Tailwind\n|upkeep\n|\n|t:|1718258039\n|switch|p2b: Urshifu|Urshifu-Rapid-Strike, L50, F|100\/100\n|turn|5\n|inactive|YuanqiNono has 30 seconds left.\n|inactive|Ringocc has 30 seconds left.\n|\n|t:|1718258070\n|move|p2a: Tornadus|Protect|p2a: Tornadus\n|-singleturn|p2a: Tornadus|Protect\n|move|p1a: Raging Bolt|Thunderclap||[still]\n|-fail|p1a: Raging Bolt\n|move|p2b: Urshifu|Surging Strikes|p1a: Raging Bolt\n|-resisted|p1a: Raging Bolt\n|-crit|p1a: Raging Bolt\n|-damage|p1a: Raging Bolt|12\/100\n|-resisted|p1a: Raging Bolt\n|-crit|p1a: Raging Bolt\n|-damage|p1a: Raging Bolt|0 fnt\n|faint|p1a: Raging Bolt\n|-end|p1a: Raging Bolt|Protosynthesis|[silent]\n|-hitcount|p1: Raging Bolt|2\n|move|p1b: Zamazenta|Body Press|p2b: Urshifu\n|-damage|p2b: Urshifu|28\/100\n|\n|-weather|none\n|upkeep\n|turn|6\n|inactive|YuanqiNono has 30 seconds left.\n|inactive|Ringocc has 30 seconds left.\n|inactive|YuanqiNono has 20 seconds left.\n|inactive|Ringocc has 20 seconds left.\n|inactive|Ringocc has 15 seconds left.\n|\n|t:|1718258112\n|move|p2b: Urshifu|Detect|p2b: Urshifu\n|-singleturn|p2b: Urshifu|Protect\n|move|p2a: Tornadus|Rain Dance|p2a: Tornadus\n|-weather|RainDance\n|move|p1b: Zamazenta|Heavy Slam|p2a: Tornadus\n|-damage|p2a: Tornadus|0 fnt\n|faint|p2a: Tornadus\n|\n|-weather|RainDance|[upkeep]\n|-sideend|p2: Ringocc|move: Tailwind\n|upkeep\n|turn|7\n|\n|t:|1718258127\n|-terastallize|p1b: Zamazenta|Grass\n|move|p1b: Zamazenta|Body Press|p2b: Urshifu\n|-damage|p2b: Urshifu|0 fnt\n|faint|p2b: Urshifu\n|\n|win|YuanqiNono\n|raw|YuanqiNono's rating: 1670 &rarr; <strong>1692<\/strong><br \/>(+22 for winning)\n|raw|Ringocc's rating: 1708 &rarr; <strong>1686<\/strong><br \/>(-22 for losing)\n|l|\u2606Ringocc\n|player|p2|\n|l|\u2606YuanqiNono\n|player|p1|\n","uploadtime":1718258271,"views":22,"formatid":"gen9vgc2024regg","rating":1686,"private":0,"password":null}