{"id":"gen9vgc2024regg-2142358970","format":"[Gen 9] VGC 2024 Reg G","players":["player1111","AZUNA_Fan"],"log":"|j|\u2606player1111\n|j|\u2606AZUNA_Fan\n|t:|1718256583\n|gametype|doubles\n|player|p1|player1111|serena-masters|1668\n|player|p2|AZUNA_Fan|dawn-gen4pt|1728\n|teamsize|p1|6\n|teamsize|p2|6\n|gen|9\n|tier|[Gen 9] VGC 2024 Reg G\n|rated|\n|rule|Species Clause: Limit one of each Pok\u00e9mon\n|rule|Item Clause: Limit one of each item\n|clearpoke\n|poke|p1|Kyogre, L50|\n|poke|p1|Tsareena, L50, F|\n|poke|p1|Incineroar, L50, M|\n|poke|p1|Landorus, L50, M|\n|poke|p1|Tornadus, L50, M|\n|poke|p1|Archaludon, L50, M|\n|poke|p2|Calyrex-Shadow, L50|\n|poke|p2|Urshifu-*, L50, M|\n|poke|p2|Indeedee-F, L50, F|\n|poke|p2|Maushold, L50|\n|poke|p2|Dondozo, L50, M|\n|poke|p2|Tatsugiri, L50, F|\n|teampreview|4\n|inactive|Battle timer is ON: inactive players will automatically lose when time's up. (requested by AZUNA_Fan)\n|\n|t:|1718256597\n|start\n|switch|p1a: Tornadus|Tornadus, L50, M|100\/100\n|switch|p1b: Tsareena|Tsareena, L50, F|100\/100\n|switch|p2a: Calyrex|Calyrex-Shadow, L50|100\/100\n|switch|p2b: Urshifu|Urshifu, L50, M|100\/100\n|-ability|p2a: Calyrex|As One\n|-ability|p2a: Calyrex|Unnerve\n|turn|1\n|\n|t:|1718256613\n|move|p1b: Tsareena|Protect|p1b: Tsareena\n|-singleturn|p1b: Tsareena|Protect\n|move|p1a: Tornadus|Tailwind|p1a: Tornadus\n|-sidestart|p1: player1111|move: Tailwind\n|move|p2a: Calyrex|Astral Barrage|p1b: Tsareena|[spread] p1a\n|-activate|p1b: Tsareena|move: Protect\n|-damage|p1a: Tornadus|11\/100\n|move|p2b: Urshifu|Wicked Blow|p1a: Tornadus\n|-crit|p1a: Tornadus\n|-damage|p1a: Tornadus|0 fnt\n|faint|p1a: Tornadus\n|\n|upkeep\n|\n|t:|1718256627\n|switch|p1a: Kyogre|Kyogre, L50|100\/100\n|-weather|RainDance|[from] ability: Drizzle|[of] p1a: Kyogre\n|turn|2\n|\n|t:|1718256643\n|move|p1b: Tsareena|Power Whip|p2a: Calyrex\n|-damage|p2a: Calyrex|57\/100\n|move|p1a: Kyogre|Water Spout|p2a: Calyrex|[spread] p2a,p2b\n|-damage|p2a: Calyrex|0 fnt\n|-damage|p2b: Urshifu|0 fnt\n|faint|p2a: Calyrex\n|faint|p2b: Urshifu\n|\n|-weather|RainDance|[upkeep]\n|upkeep\n|j| kennybtrying\n|\n|t:|1718256652\n|switch|p2a: Tatsugiri|Tatsugiri, L50, F|100\/100\n|switch|p2b: Dondozo|Dondozo, L50, M|100\/100\n|-activate|p2a: Tatsugiri|ability: Commander|[of] p2b: Dondozo\n|-boost|p2b: Dondozo|atk|2\n|-boost|p2b: Dondozo|spa|2\n|-boost|p2b: Dondozo|spe|2\n|-boost|p2b: Dondozo|def|2\n|-boost|p2b: Dondozo|spd|2\n|turn|3\n|\n|t:|1718256664\n|move|p2b: Dondozo|Protect|p2b: Dondozo\n|-singleturn|p2b: Dondozo|Protect\n|move|p1b: Tsareena|Power Whip|p2b: Dondozo\n|-activate|p2b: Dondozo|move: Protect\n|move|p1a: Kyogre|Ice Beam|p2b: Dondozo\n|-activate|p2b: Dondozo|move: Protect\n|\n|-weather|RainDance|[upkeep]\n|upkeep\n|turn|4\n|j| bluestraggler01\n|\n|t:|1718256676\n|move|p1b: Tsareena|Power Whip|p2b: Dondozo\n|-supereffective|p2b: Dondozo\n|-damage|p2b: Dondozo|68\/100\n|-damage|p1b: Tsareena|84\/100|[from] item: Rocky Helmet|[of] p2b: Dondozo\n|move|p1a: Kyogre|Ice Beam|p2b: Dondozo\n|-resisted|p2b: Dondozo\n|-damage|p2b: Dondozo|60\/100\n|move|p2b: Dondozo|Order Up|p1b: Tsareena\n|-damage|p1b: Tsareena|45\/100\n|-boost|p2b: Dondozo|atk|1\n|\n|-weather|RainDance|[upkeep]\n|-sideend|p1: player1111|move: Tailwind\n|upkeep\n|turn|5\n|\n|t:|1718256697\n|-terastallize|p2b: Dondozo|Grass\n|move|p2b: Dondozo|Order Up|p1b: Tsareena\n|-damage|p1b: Tsareena|0 fnt\n|faint|p1b: Tsareena\n|-boost|p2b: Dondozo|atk|1\n|move|p1a: Kyogre|Ice Beam|p2b: Dondozo\n|-supereffective|p2b: Dondozo\n|-damage|p2b: Dondozo|31\/100\n|\n|-weather|RainDance|[upkeep]\n|upkeep\n|\n|t:|1718256702\n|switch|p1b: Archaludon|Archaludon, L50, M|100\/100\n|turn|6\n|\n|t:|1718256717\n|-terastallize|p1b: Archaludon|Ghost\n|move|p2b: Dondozo|Protect|p2b: Dondozo\n|-singleturn|p2b: Dondozo|Protect\n|move|p1b: Archaludon|Electro Shot||[still]\n|-prepare|p1b: Archaludon|Electro Shot\n|-boost|p1b: Archaludon|spa|1\n|-anim|p1b: Archaludon|Electro Shot|p2b: Dondozo\n|-activate|p2b: Dondozo|move: Protect\n|move|p1a: Kyogre|Ice Beam|p2b: Dondozo\n|-activate|p2b: Dondozo|move: Protect\n|\n|-weather|none\n|upkeep\n|turn|7\n|\n|t:|1718256732\n|move|p1b: Archaludon|Protect|p1b: Archaludon\n|-singleturn|p1b: Archaludon|Protect\n|move|p2b: Dondozo|Wave Crash|p1b: Archaludon\n|-activate|p1b: Archaludon|move: Protect\n|move|p1a: Kyogre|Ice Beam|p2b: Dondozo\n|-supereffective|p2b: Dondozo\n|-damage|p2b: Dondozo|0 fnt\n|faint|p2b: Dondozo\n|\n|upkeep\n|turn|8\n|l| bluestraggler01\n|-message|AZUNA_Fan forfeited.\n|\n|win|player1111\n|raw|player1111's rating: 1668 &rarr; <strong>1691<\/strong><br \/>(+23 for winning)\n|raw|AZUNA_Fan's rating: 1728 &rarr; <strong>1705<\/strong><br \/>(-23 for losing)\n|l|\u2606AZUNA_Fan\n|player|p2|\n|l|\u2606player1111\n|player|p1|\n|j| bluestraggler01\n|l| bluestraggler01\n|l| kennybtrying\n","uploadtime":1718256897,"views":16,"formatid":"gen9vgc2024regg","rating":1691,"private":0,"password":null}