{"id":"gen9vgc2024regg-2142355401","format":"[Gen 9] VGC 2024 Reg G","players":["AZUNA_Fan","player1111"],"log":"|j|\u2606AZUNA_Fan\n|j|\u2606player1111\n|t:|1718255924\n|gametype|doubles\n|player|p1|AZUNA_Fan|dawn-gen4pt|1764\n|player|p2|player1111|serena-masters|1732\n|teamsize|p1|6\n|teamsize|p2|6\n|gen|9\n|tier|[Gen 9] VGC 2024 Reg G\n|rated|\n|rule|Species Clause: Limit one of each Pok\u00e9mon\n|rule|Item Clause: Limit one of each item\n|clearpoke\n|poke|p1|Calyrex-Shadow, L50|\n|poke|p1|Urshifu-*, L50, M|\n|poke|p1|Indeedee-F, L50, F|\n|poke|p1|Maushold, L50|\n|poke|p1|Dondozo, L50, F|\n|poke|p1|Tatsugiri, L50, F|\n|poke|p2|Kyogre, L50|\n|poke|p2|Tsareena, L50, F|\n|poke|p2|Incineroar, L50, M|\n|poke|p2|Landorus, L50, M|\n|poke|p2|Tornadus, L50, M|\n|poke|p2|Archaludon, L50, F|\n|teampreview|4\n|inactive|Battle timer is ON: inactive players will automatically lose when time's up. (requested by AZUNA_Fan)\n|inactive|player1111 has 60 seconds left.\n|\n|t:|1718255967\n|start\n|switch|p1a: Calyrex|Calyrex-Shadow, L50|100\/100\n|switch|p1b: Urshifu|Urshifu, L50, M|100\/100\n|switch|p2a: Tornadus|Tornadus, L50, M|100\/100\n|switch|p2b: Archaludon|Archaludon, L50, F|100\/100\n|-ability|p1a: Calyrex|As One\n|-ability|p1a: Calyrex|Unnerve\n|turn|1\n|\n|t:|1718255989\n|move|p2a: Tornadus|Tailwind|p2a: Tornadus\n|-sidestart|p2: player1111|move: Tailwind\n|move|p2b: Archaludon|Draco Meteor|p1a: Calyrex\n|-damage|p1a: Calyrex|34\/100\n|-unboost|p2b: Archaludon|spa|2\n|move|p1a: Calyrex|Astral Barrage|p2a: Tornadus|[spread] p2a,p2b\n|-damage|p2a: Tornadus|18\/100\n|-damage|p2b: Archaludon|0 fnt\n|faint|p2b: Archaludon\n|-ability|p1a: Calyrex|Grim Neigh|boost\n|-boost|p1a: Calyrex|spa|1\n|move|p1b: Urshifu|Wicked Blow|p2a: Tornadus\n|-crit|p2a: Tornadus\n|-damage|p2a: Tornadus|0 fnt\n|faint|p2a: Tornadus\n|\n|upkeep\n|\n|t:|1718255996\n|switch|p2a: Tsareena|Tsareena, L50, F|100\/100\n|switch|p2b: Kyogre|Kyogre, L50|100\/100\n|-weather|RainDance|[from] ability: Drizzle|[of] p2b: Kyogre\n|turn|2\n|j| jiusuishan\n|\n|t:|1718256014\n|move|p2a: Tsareena|Power Whip|p1b: Urshifu\n|-damage|p1b: Urshifu|46\/100\n|move|p2b: Kyogre|Water Spout|p1b: Urshifu|[spread] p1a,p1b\n|-damage|p1a: Calyrex|0 fnt\n|-damage|p1b: Urshifu|0 fnt\n|faint|p1a: Calyrex\n|faint|p1b: Urshifu\n|\n|-weather|RainDance|[upkeep]\n|upkeep\n|\n|t:|1718256023\n|switch|p1a: Dondozo|Dondozo, L50, F|100\/100\n|switch|p1b: Tatsugiri|Tatsugiri, L50, F|100\/100\n|-activate|p1b: Tatsugiri|ability: Commander|[of] p1a: Dondozo\n|-boost|p1a: Dondozo|atk|2\n|-boost|p1a: Dondozo|spa|2\n|-boost|p1a: Dondozo|spe|2\n|-boost|p1a: Dondozo|def|2\n|-boost|p1a: Dondozo|spd|2\n|turn|3\n|\n|t:|1718256032\n|move|p1a: Dondozo|Protect|p1a: Dondozo\n|-singleturn|p1a: Dondozo|Protect\n|move|p2a: Tsareena|Power Whip|p1a: Dondozo\n|-activate|p1a: Dondozo|move: Protect\n|move|p2b: Kyogre|Thunder|p1a: Dondozo\n|-activate|p1a: Dondozo|move: Protect\n|\n|-weather|RainDance|[upkeep]\n|upkeep\n|turn|4\n|\n|t:|1718256053\n|-terastallize|p1a: Dondozo|Grass\n|move|p2a: Tsareena|Triple Axel|p1a: Dondozo\n|-supereffective|p1a: Dondozo\n|-damage|p1a: Dondozo|96\/100\n|-damage|p2a: Tsareena|84\/100|[from] item: Rocky Helmet|[of] p1a: Dondozo\n|-supereffective|p1a: Dondozo\n|-damage|p1a: Dondozo|87\/100\n|-damage|p2a: Tsareena|68\/100|[from] item: Rocky Helmet|[of] p1a: Dondozo\n|-supereffective|p1a: Dondozo\n|-damage|p1a: Dondozo|76\/100\n|-damage|p2a: Tsareena|52\/100|[from] item: Rocky Helmet|[of] p1a: Dondozo\n|-hitcount|p1a: Dondozo|3\n|move|p2b: Kyogre|Thunder|p1a: Dondozo\n|-resisted|p1a: Dondozo\n|-damage|p1a: Dondozo|67\/100\n|move|p1a: Dondozo|Order Up|p2a: Tsareena\n|-damage|p2a: Tsareena|13\/100\n|-boost|p1a: Dondozo|atk|1\n|\n|-weather|RainDance|[upkeep]\n|-sideend|p2: player1111|move: Tailwind\n|upkeep\n|turn|5\n|\n|t:|1718256072\n|move|p2a: Tsareena|Protect|p2a: Tsareena\n|-singleturn|p2a: Tsareena|Protect\n|move|p1a: Dondozo|Earthquake|p2b: Kyogre|[spread] p2b\n|-miss|p1a: Dondozo|p1b: Tatsugiri\n|-activate|p2a: Tsareena|move: Protect\n|-damage|p2b: Kyogre|57\/100\n|move|p2b: Kyogre|Ice Beam|p1a: Dondozo\n|-supereffective|p1a: Dondozo\n|-damage|p1a: Dondozo|36\/100\n|\n|-weather|RainDance|[upkeep]\n|upkeep\n|turn|6\n|\n|t:|1718256088\n|move|p2a: Tsareena|Protect||[still]\n|-fail|p2a: Tsareena\n|move|p1a: Dondozo|Earthquake|p2b: Kyogre|[spread] p2a,p2b\n|-miss|p1a: Dondozo|p1b: Tatsugiri\n|-resisted|p2a: Tsareena\n|-damage|p2a: Tsareena|0 fnt\n|-damage|p2b: Kyogre|15\/100\n|faint|p2a: Tsareena\n|move|p2b: Kyogre|Ice Beam|p1a: Dondozo\n|-supereffective|p1a: Dondozo\n|-damage|p1a: Dondozo|6\/100\n|\n|-weather|none\n|upkeep\n|turn|7\n|-message|player1111 forfeited.\n|\n|win|AZUNA_Fan\n|raw|AZUNA_Fan's rating: 1764 &rarr; <strong>1782<\/strong><br \/>(+18 for winning)\n|raw|player1111's rating: 1732 &rarr; <strong>1714<\/strong><br \/>(-18 for losing)\n|l|\u2606player1111\n|player|p2|\n|l|\u2606AZUNA_Fan\n|player|p1|\n|l| jiusuishan\n","uploadtime":1718256346,"views":17,"formatid":"gen9vgc2024regg","rating":1714,"private":0,"password":null}