{"id":"gen9vgc2024regg-2142297480","format":"[Gen 9] VGC 2024 Reg G","players":["The Umpire","tornadus drill"],"log":"|j|\u2606The Umpire\n|j|\u2606tornadus drill\n|t:|1718246700\n|gametype|doubles\n|player|p1|The Umpire|volkner|1727\n|player|p2|tornadus drill|169|1704\n|teamsize|p1|6\n|teamsize|p2|6\n|gen|9\n|tier|[Gen 9] VGC 2024 Reg G\n|rated|\n|rule|Species Clause: Limit one of each Pok\u00e9mon\n|rule|Item Clause: Limit one of each item\n|clearpoke\n|poke|p1|Calyrex-Ice, L50|\n|poke|p1|Urshifu-*, L50, M|\n|poke|p1|Sentret, L50, M|\n|poke|p1|Ursaluna-Bloodmoon, L50, M|\n|poke|p1|Farigiraf, L50, M|\n|poke|p1|Smeargle, L50, M|\n|poke|p2|Terapagos, L50, M|\n|poke|p2|Clefairy, L50, F|\n|poke|p2|Rillaboom, L50, M|\n|poke|p2|Skeledirge, L50, M|\n|poke|p2|Urshifu-*, L50, M|\n|poke|p2|Chien-Pao, L50|\n|teampreview|4\n|\n|t:|1718246726\n|start\n|switch|p1a: Calyrex|Calyrex-Ice, L50|100\/100\n|switch|p1b: Smeargle|Smeargle, L50, M|100\/100\n|switch|p2a: Rillaboom|Rillaboom, L50, M|100\/100\n|switch|p2b: Skeledirge|Skeledirge, L50, M|100\/100\n|-ability|p1a: Calyrex|As One\n|-ability|p1a: Calyrex|Unnerve\n|-fieldstart|move: Grassy Terrain|[from] ability: Grassy Surge|[of] p2a: Rillaboom\n|turn|1\n|j| WaluigiVGC\n|\n|t:|1718246751\n|-terastallize|p1a: Calyrex|Fire\n|move|p1b: Smeargle|Fake Out|p2a: Rillaboom\n|-damage|p2a: Rillaboom|96\/100\n|cant|p2a: Rillaboom|flinch\n|move|p2b: Skeledirge|Torch Song|p1b: Smeargle\n|-damage|p1b: Smeargle|42\/100\n|-boost|p2b: Skeledirge|spa|1\n|-enditem|p2b: Skeledirge|Throat Spray\n|-boost|p2b: Skeledirge|spa|1|[from] item: Throat Spray\n|move|p1a: Calyrex|Trick Room|p1a: Calyrex\n|-fieldstart|move: Trick Room|[of] p1a: Calyrex\n|\n|-heal|p1b: Smeargle|49\/100|[from] Grassy Terrain\n|-heal|p2a: Rillaboom|100\/100|[from] Grassy Terrain\n|upkeep\n|turn|2\n|\n|t:|1718246766\n|-terastallize|p2a: Rillaboom|Fire\n|move|p2a: Rillaboom|Grassy Glide|p1b: Smeargle\n|-damage|p1b: Smeargle|0 fnt\n|faint|p1b: Smeargle\n|move|p1a: Calyrex|Glacial Lance|p2b: Skeledirge|[spread] p2a,p2b\n|-resisted|p2a: Rillaboom\n|-resisted|p2b: Skeledirge\n|-damage|p2a: Rillaboom|77\/100\n|-damage|p2b: Skeledirge|77\/100\n|move|p2b: Skeledirge|Yawn|p1a: Calyrex\n|-start|p1a: Calyrex|move: Yawn|[of] p2b: Skeledirge\n|\n|-heal|p2b: Skeledirge|83\/100|[from] Grassy Terrain\n|-heal|p2a: Rillaboom|83\/100|[from] Grassy Terrain\n|upkeep\n|\n|t:|1718246773\n|switch|p1b: Ursaluna|Ursaluna-Bloodmoon, L50, M|100\/100\n|turn|3\n|j| jeskyv2\n|\n|t:|1718246802\n|switch|p1a: Urshifu|Urshifu, L50, M|100\/100\n|switch|p2a: Terapagos|Terapagos, L50, M|100\/100\n|-activate|p2a: Terapagos|ability: Tera Shift\n|detailschange|p2a: Terapagos|Terapagos-Terastal, L50, M\n|-heal|p2a: Terapagos|100\/100|[silent]\n|move|p1b: Ursaluna|Earth Power|p2a: Terapagos\n|-activate|p2a: Terapagos|ability: Tera Shell\n|-resisted|p2a: Terapagos\n|-damage|p2a: Terapagos|76\/100\n|-damage|p1b: Ursaluna|91\/100|[from] item: Life Orb\n|move|p2b: Skeledirge|Torch Song|p1b: Ursaluna\n|-damage|p1b: Ursaluna|25\/100\n|-boost|p2b: Skeledirge|spa|1\n|\n|-heal|p1b: Ursaluna|31\/100|[from] Grassy Terrain\n|-heal|p2b: Skeledirge|89\/100|[from] Grassy Terrain\n|-heal|p2a: Terapagos|83\/100|[from] Grassy Terrain\n|-heal|p2a: Terapagos|89\/100|[from] item: Leftovers\n|upkeep\n|turn|4\n|\n|t:|1718246830\n|move|p1b: Ursaluna|Earth Power|p2b: Skeledirge\n|-supereffective|p2b: Skeledirge\n|-damage|p2b: Skeledirge|0 fnt\n|faint|p2b: Skeledirge\n|-damage|p1b: Ursaluna|21\/100|[from] item: Life Orb\n|move|p1a: Urshifu|Close Combat|p2a: Terapagos\n|-supereffective|p2a: Terapagos\n|-damage|p2a: Terapagos|0 fnt\n|-unboost|p1a: Urshifu|def|1\n|-unboost|p1a: Urshifu|spd|1\n|faint|p2a: Terapagos\n|\n|-heal|p1b: Ursaluna|27\/100|[from] Grassy Terrain\n|upkeep\n|\n|t:|1718246835\n|switch|p2b: Urshifu|Urshifu, L50, M|100\/100\n|switch|p2a: Rillaboom|Rillaboom, L50, M, tera:Fire|83\/100\n|turn|5\n|j| bluestraggler01\n|\n|t:|1718246869\n|switch|p1b: Calyrex|Calyrex-Ice, L50, tera:Fire|100\/100\n|-ability|p1b: Calyrex|As One\n|-ability|p1b: Calyrex|Unnerve\n|move|p2a: Rillaboom|Fake Out|p1a: Urshifu\n|-damage|p1a: Urshifu|85\/100\n|cant|p1a: Urshifu|flinch\n|move|p2b: Urshifu|Close Combat|p1a: Urshifu\n|-supereffective|p1a: Urshifu\n|-damage|p1a: Urshifu|0 fnt\n|-unboost|p2b: Urshifu|def|1\n|-unboost|p2b: Urshifu|spd|1\n|faint|p1a: Urshifu\n|\n|-heal|p2a: Rillaboom|89\/100|[from] Grassy Terrain\n|-fieldend|move: Trick Room\n|-fieldend|move: Grassy Terrain\n|upkeep\n|\n|t:|1718246880\n|switch|p1a: Ursaluna|Ursaluna-Bloodmoon, L50, M|27\/100\n|turn|6\n|\n|t:|1718246898\n|move|p2b: Urshifu|Close Combat|p1b: Calyrex\n|-damage|p1b: Calyrex|39\/100\n|-unboost|p2b: Urshifu|def|1\n|-unboost|p2b: Urshifu|spd|1\n|move|p2a: Rillaboom|Wood Hammer|p1a: Ursaluna\n|-supereffective|p1a: Ursaluna\n|-damage|p1a: Ursaluna|0 fnt\n|faint|p1a: Ursaluna\n|-damage|p2a: Rillaboom|80\/100|[from] Recoil\n|move|p1b: Calyrex|Glacial Lance|p2a: Rillaboom|[spread] p2a,p2b\n|-resisted|p2a: Rillaboom\n|-damage|p2a: Rillaboom|57\/100\n|-damage|p2b: Urshifu|0 fnt\n|faint|p2b: Urshifu\n|-ability|p1b: Calyrex|Chilling Neigh|boost\n|-boost|p1b: Calyrex|atk|1\n|\n|upkeep\n|turn|7\n|\n|t:|1718246912\n|move|p2a: Rillaboom|Wood Hammer|p1b: Calyrex\n|-resisted|p1b: Calyrex\n|-damage|p1b: Calyrex|22\/100\n|-damage|p2a: Rillaboom|51\/100|[from] Recoil\n|move|p1b: Calyrex|Close Combat|p2a: Rillaboom\n|-damage|p2a: Rillaboom|0 fnt\n|-unboost|p1b: Calyrex|def|1\n|-unboost|p1b: Calyrex|spd|1\n|faint|p2a: Rillaboom\n|\n|win|The Umpire\n|raw|The Umpire's rating: 1727 &rarr; <strong>1746<\/strong><br \/>(+19 for winning)\n|raw|tornadus drill's rating: 1704 &rarr; <strong>1685<\/strong><br \/>(-19 for losing)\n|l|\u2606tornadus drill\n|player|p2|\n|l|\u2606The Umpire\n|player|p1|\n","uploadtime":1718247067,"views":24,"formatid":"gen9vgc2024regg","rating":1685,"private":0,"password":null}