{"id":"gen9vgc2024regg-2142298176","format":"[Gen 9] VGC 2024 Reg G","players":["UahhVGC","war3infi"],"log":"|j|\u2606UahhVGC\n|j|\u2606war3infi\n|t:|1718246789\n|gametype|doubles\n|player|p1|UahhVGC|miku-psychic|1707\n|player|p2|war3infi|dawn|1699\n|teamsize|p1|6\n|teamsize|p2|6\n|gen|9\n|tier|[Gen 9] VGC 2024 Reg G\n|rated|\n|rule|Species Clause: Limit one of each Pok\u00e9mon\n|rule|Item Clause: Limit one of each item\n|clearpoke\n|poke|p1|Farigiraf, L50, F|\n|poke|p1|Chi-Yu, L50|\n|poke|p1|Iron Hands, L50|\n|poke|p1|Ursaluna, L50, F|\n|poke|p1|Iron Bundle, L50|\n|poke|p1|Miraidon, L50|\n|poke|p2|Terapagos, L50, M|\n|poke|p2|Grimmsnarl, L50, M|\n|poke|p2|Rillaboom, L50, F|\n|poke|p2|Raging Bolt, L50|\n|poke|p2|Flutter Mane, L50|\n|poke|p2|Urshifu-*, L50, F|\n|teampreview|4\n|j| infographica\n|c|\u2606UahhVGC|shuli?\n|j| bluestraggler01\n|c|\u2606war3infi|en\n|j| Nesnero\n|c|\u2606UahhVGC|\u597d\u591a\u7c89\u4e1d\n|\n|t:|1718246881\n|start\n|switch|p1a: Farigiraf|Farigiraf, L50, F|100\/100\n|switch|p1b: Miraidon|Miraidon, L50|100\/100\n|switch|p2a: Terapagos|Terapagos, L50, M|100\/100\n|switch|p2b: Grimmsnarl|Grimmsnarl, L50, M|100\/100\n|-activate|p2a: Terapagos|ability: Tera Shift\n|detailschange|p2a: Terapagos|Terapagos-Terastal, L50, M\n|-heal|p2a: Terapagos|100\/100|[silent]\n|-fieldstart|move: Electric Terrain|[from] ability: Hadron Engine|[of] p1b: Miraidon\n|-enditem|p1a: Farigiraf|Electric Seed\n|-boost|p1a: Farigiraf|def|1|[from] item: Electric Seed\n|turn|1\n|\n|t:|1718246910\n|switch|p2b: Raging Bolt|Raging Bolt, L50|100\/100\n|move|p1b: Miraidon|Volt Switch|p2b: Raging Bolt\n|-resisted|p2b: Raging Bolt\n|-damage|p2b: Raging Bolt|87\/100\n|\n|t:|1718246914\n|switch|p1b: Ursaluna|Ursaluna, L50, F|100\/100|[from] Volt Switch\n|move|p2a: Terapagos|Tera Starstorm|p1b: Ursaluna\n|-damage|p1b: Ursaluna|23\/100\n|move|p1a: Farigiraf|Trick Room|p1a: Farigiraf\n|-fieldstart|move: Trick Room|[of] p1a: Farigiraf\n|\n|-status|p1b: Ursaluna|brn|[from] item: Flame Orb\n|upkeep\n|turn|2\n|\n|t:|1718246940\n|-end|p2b: Raging Bolt|Protosynthesis|[silent]\n|switch|p2b: Flutter Mane|Flutter Mane, L50|100\/100\n|-enditem|p2b: Flutter Mane|Booster Energy\n|-activate|p2b: Flutter Mane|ability: Protosynthesis|[fromitem]\n|-start|p2b: Flutter Mane|protosynthesisspe\n|move|p1b: Ursaluna|Facade|p2b: Flutter Mane\n|-immune|p2b: Flutter Mane\n|move|p1a: Farigiraf|Psychic Noise|p2a: Terapagos\n|-activate|p2a: Terapagos|ability: Tera Shell\n|-resisted|p2a: Terapagos\n|-crit|p2a: Terapagos\n|-damage|p2a: Terapagos|78\/100\n|-start|p2a: Terapagos|move: Heal Block\n|move|p2a: Terapagos|Tera Starstorm|p1b: Ursaluna\n|-damage|p1b: Ursaluna|0 fnt\n|faint|p1b: Ursaluna\n|\n|upkeep\n|j| WaluigiVGC\n|\n|t:|1718246954\n|switch|p1b: Iron Hands|Iron Hands, L50|100\/100\n|-activate|p1b: Iron Hands|ability: Quark Drive\n|-start|p1b: Iron Hands|quarkdriveatk\n|turn|3\n|c|\u2606UahhVGC|\u7adf\u7136\u4e0d\u5e26\u7329\u7329\n|\n|t:|1718246989\n|-terastallize|p1b: Iron Hands|Water\n|move|p1b: Iron Hands|Drain Punch|p2a: Terapagos\n|-supereffective|p2a: Terapagos\n|-damage|p2a: Terapagos|0 fnt\n|faint|p2a: Terapagos\n|move|p1a: Farigiraf|Psychic Noise|p2b: Flutter Mane\n|-damage|p2b: Flutter Mane|72\/100\n|-start|p2b: Flutter Mane|move: Heal Block\n|move|p2b: Flutter Mane|Moonblast|p1b: Iron Hands\n|-damage|p1b: Iron Hands|75\/100\n|\n|upkeep\n|\n|t:|1718246997\n|switch|p2a: Raging Bolt|Raging Bolt, L50|87\/100\n|turn|4\n|c|\u2606war3infi|\u7329\u7329\u6253\u4e0d\u8fc7\u554a\n|\n|t:|1718247058\n|-terastallize|p2a: Raging Bolt|Electric\n|move|p2b: Flutter Mane|Protect|p2b: Flutter Mane\n|-singleturn|p2b: Flutter Mane|Protect\n|move|p1b: Iron Hands|Heavy Slam|p2b: Flutter Mane\n|-activate|p2b: Flutter Mane|move: Protect\n|move|p1a: Farigiraf|Psychic Noise|p2a: Raging Bolt\n|-damage|p2a: Raging Bolt|69\/100\n|-start|p2a: Raging Bolt|move: Heal Block\n|move|p2a: Raging Bolt|Thunderbolt|p1b: Iron Hands\n|-supereffective|p1b: Iron Hands\n|-damage|p1b: Iron Hands|0 fnt\n|faint|p1b: Iron Hands\n|-end|p1b: Iron Hands|Quark Drive|[silent]\n|\n|-end|p2b: Flutter Mane|move: Heal Block\n|upkeep\n|\n|t:|1718247062\n|switch|p1b: Miraidon|Miraidon, L50|100\/100\n|-activate|p1b: Miraidon|ability: Hadron Engine\n|turn|5\n|l| WaluigiVGC\n|\n|t:|1718247097\n|move|p1a: Farigiraf|Psychic Noise|p2a: Raging Bolt\n|-damage|p2a: Raging Bolt|52\/100\n|move|p2a: Raging Bolt|Thunderbolt|p1a: Farigiraf\n|-damage|p1a: Farigiraf|23\/100\n|move|p1b: Miraidon|Electro Drift|p2b: Flutter Mane\n|-damage|p2b: Flutter Mane|0 fnt\n|faint|p2b: Flutter Mane\n|-end|p2b: Flutter Mane|Protosynthesis|[silent]\n|\n|-end|p2a: Raging Bolt|move: Heal Block\n|-fieldend|move: Trick Room\n|-fieldend|move: Electric Terrain\n|upkeep\n|\n|t:|1718247105\n|switch|p2b: Grimmsnarl|Grimmsnarl, L50, M|100\/100\n|turn|6\n|\n|t:|1718247117\n|move|p1a: Farigiraf|Helping Hand|p1b: Miraidon\n|-singleturn|p1b: Miraidon|Helping Hand|[of] p1a: Farigiraf\n|move|p1b: Miraidon|Electro Drift|p2a: Raging Bolt\n|-resisted|p2a: Raging Bolt\n|-damage|p2a: Raging Bolt|17\/100\n|move|p2b: Grimmsnarl|Spirit Break|p1b: Miraidon\n|-supereffective|p1b: Miraidon\n|-damage|p1b: Miraidon|19\/100\n|-unboost|p1b: Miraidon|spa|1\n|move|p2a: Raging Bolt|Thunderbolt|p1a: Farigiraf\n|-damage|p1a: Farigiraf|0 fnt\n|faint|p1a: Farigiraf\n|\n|upkeep\n|turn|7\n|c|\u2606UahhVGC|gg\n|-message|UahhVGC forfeited.\n|\n|win|war3infi\n|raw|UahhVGC's rating: 1707 &rarr; <strong>1687<\/strong><br \/>(-20 for losing)\n|raw|war3infi's rating: 1699 &rarr; <strong>1719<\/strong><br \/>(+20 for winning)\n|l| Nesnero\n|l| infographica\n|l|\u2606war3infi\n|player|p2|\n|l|\u2606UahhVGC\n|player|p1|\n","uploadtime":1718247343,"views":18,"formatid":"gen9vgc2024regg","rating":1687,"private":0,"password":null}