{"id":"gen9vgc2024regg-2142342746","format":"[Gen 9] VGC 2024 Reg G","players":["AZUNA_Fan","CCC2025"],"log":"|j|\u2606AZUNA_Fan\n|j|\u2606CCC2025\n|t:|1718253665\n|gametype|doubles\n|player|p1|AZUNA_Fan|dawn-gen4pt|1847\n|player|p2|CCC2025|dawn|1731\n|teamsize|p1|6\n|teamsize|p2|6\n|gen|9\n|tier|[Gen 9] VGC 2024 Reg G\n|rated|\n|rule|Species Clause: Limit one of each Pok\u00e9mon\n|rule|Item Clause: Limit one of each item\n|clearpoke\n|poke|p1|Calyrex-Shadow, L50|\n|poke|p1|Urshifu-*, L50, M|\n|poke|p1|Indeedee-F, L50, F|\n|poke|p1|Maushold, L50|\n|poke|p1|Dondozo, L50, F|\n|poke|p1|Tatsugiri, L50, M|\n|poke|p2|Urshifu-*, L50, F|\n|poke|p2|Chien-Pao, L50|\n|poke|p2|Kyogre, L50|\n|poke|p2|Rillaboom, L50, M|\n|poke|p2|Tornadus, L50, M|\n|poke|p2|Landorus, L50, M|\n|teampreview|4\n|inactive|Battle timer is ON: inactive players will automatically lose when time's up. (requested by AZUNA_Fan)\n|\n|t:|1718253679\n|start\n|switch|p1a: Calyrex|Calyrex-Shadow, L50|100\/100\n|switch|p1b: Urshifu|Urshifu, L50, M|100\/100\n|switch|p2a: Tornadus|Tornadus, L50, M|100\/100\n|switch|p2b: Kyogre|Kyogre, L50|100\/100\n|-ability|p1a: Calyrex|As One\n|-ability|p1a: Calyrex|Unnerve\n|-weather|RainDance|[from] ability: Drizzle|[of] p2b: Kyogre\n|turn|1\n|inactive|CCC2025 has 30 seconds left.\n|\n|t:|1718253708\n|move|p1b: Urshifu|Sucker Punch|p2b: Kyogre\n|-damage|p2b: Kyogre|40\/100\n|move|p2a: Tornadus|Tailwind|p2a: Tornadus\n|-sidestart|p2: CCC2025|move: Tailwind\n|move|p2b: Kyogre|Origin Pulse|p1b: Urshifu|[spread] p1a,p1b\n|-damage|p1a: Calyrex|27\/100\n|-damage|p1b: Urshifu|10\/100\n|move|p1a: Calyrex|Astral Barrage|p2a: Tornadus|[spread] p2a,p2b\n|-damage|p2a: Tornadus|17\/100\n|-damage|p2b: Kyogre|0 fnt\n|faint|p2b: Kyogre\n|-ability|p1a: Calyrex|Grim Neigh|boost\n|-boost|p1a: Calyrex|spa|1\n|\n|-weather|RainDance|[upkeep]\n|upkeep\n|inactive|CCC2025 has 30 seconds left.\n|inactive|CCC2025 has 20 seconds left.\n|inactive|CCC2025 has 15 seconds left.\n|inactive|CCC2025 has 10 seconds left.\n|\n|t:|1718253754\n|switch|p2b: Urshifu|Urshifu-Rapid-Strike, L50, F|100\/100\n|turn|2\n|\n|t:|1718253763\n|move|p2a: Tornadus|Protect|p2a: Tornadus\n|-singleturn|p2a: Tornadus|Protect\n|move|p2b: Urshifu|Detect|p2b: Urshifu\n|-singleturn|p2b: Urshifu|Protect\n|move|p1b: Urshifu|Sucker Punch||[still]\n|-fail|p1b: Urshifu\n|move|p1a: Calyrex|Astral Barrage|p2b: Urshifu|[spread] \n|-activate|p2a: Tornadus|move: Protect\n|-activate|p2b: Urshifu|move: Protect\n|\n|-weather|RainDance|[upkeep]\n|upkeep\n|turn|3\n|\n|t:|1718253779\n|move|p2b: Urshifu|Aqua Jet|p1b: Urshifu\n|-damage|p1b: Urshifu|0 fnt\n|faint|p1b: Urshifu\n|move|p2a: Tornadus|Bleakwind Storm|p1a: Calyrex\n|-damage|p1a: Calyrex|0 fnt\n|-enditem|p2a: Tornadus|Sitrus Berry|[eat]\n|-heal|p2a: Tornadus|41\/100|[from] item: Sitrus Berry\n|faint|p1a: Calyrex\n|\n|-weather|RainDance|[upkeep]\n|upkeep\n|\n|t:|1718253788\n|switch|p1a: Dondozo|Dondozo, L50, F|100\/100\n|switch|p1b: Tatsugiri|Tatsugiri, L50, M|100\/100\n|-activate|p1b: Tatsugiri|ability: Commander|[of] p1a: Dondozo\n|-boost|p1a: Dondozo|atk|2\n|-boost|p1a: Dondozo|spa|2\n|-boost|p1a: Dondozo|spe|2\n|-boost|p1a: Dondozo|def|2\n|-boost|p1a: Dondozo|spd|2\n|turn|4\n|\n|t:|1718253804\n|-terastallize|p2b: Urshifu|Water\n|move|p2a: Tornadus|Protect|p2a: Tornadus\n|-singleturn|p2a: Tornadus|Protect\n|move|p2b: Urshifu|Surging Strikes|p1a: Dondozo\n|-resisted|p1a: Dondozo\n|-crit|p1a: Dondozo\n|-damage|p1a: Dondozo|85\/100\n|-damage|p2b: Urshifu|84\/100|[from] item: Rocky Helmet|[of] p1a: Dondozo\n|-resisted|p1a: Dondozo\n|-crit|p1a: Dondozo\n|-damage|p1a: Dondozo|71\/100\n|-damage|p2b: Urshifu|68\/100|[from] item: Rocky Helmet|[of] p1a: Dondozo\n|-resisted|p1a: Dondozo\n|-crit|p1a: Dondozo\n|-damage|p1a: Dondozo|57\/100\n|-damage|p2b: Urshifu|52\/100|[from] item: Rocky Helmet|[of] p1a: Dondozo\n|-hitcount|p1a: Dondozo|3\n|move|p1a: Dondozo|Order Up|p2a: Tornadus\n|-activate|p2a: Tornadus|move: Protect\n|\n|-weather|RainDance|[upkeep]\n|-sideend|p2: CCC2025|move: Tailwind\n|upkeep\n|turn|5\n|\n|t:|1718253827\n|move|p2a: Tornadus|Tailwind|p2a: Tornadus\n|-sidestart|p2: CCC2025|move: Tailwind\n|move|p2b: Urshifu|Surging Strikes|p1a: Dondozo\n|-resisted|p1a: Dondozo\n|-crit|p1a: Dondozo\n|-damage|p1a: Dondozo|42\/100\n|-damage|p2b: Urshifu|35\/100|[from] item: Rocky Helmet|[of] p1a: Dondozo\n|-resisted|p1a: Dondozo\n|-crit|p1a: Dondozo\n|-damage|p1a: Dondozo|27\/100\n|-damage|p2b: Urshifu|19\/100|[from] item: Rocky Helmet|[of] p1a: Dondozo\n|-resisted|p1a: Dondozo\n|-crit|p1a: Dondozo\n|-damage|p1a: Dondozo|11\/100\n|-damage|p2b: Urshifu|3\/100|[from] item: Rocky Helmet|[of] p1a: Dondozo\n|-hitcount|p1a: Dondozo|3\n|move|p1a: Dondozo|Order Up|p2a: Tornadus\n|-damage|p2a: Tornadus|7\/100\n|-boost|p1a: Dondozo|atk|1\n|\n|-weather|none\n|upkeep\n|turn|6\n|inactive|CCC2025 has 30 seconds left.\n|inactive|AZUNA_Fan has 30 seconds left.\n|inactive|CCC2025 has 20 seconds left.\n|\n|t:|1718253862\n|move|p2a: Tornadus|Rain Dance|p2a: Tornadus\n|-weather|RainDance\n|move|p2b: Urshifu|Surging Strikes|p1a: Dondozo\n|-resisted|p1a: Dondozo\n|-crit|p1a: Dondozo\n|-damage|p1a: Dondozo|0 fnt\n|-damage|p2b: Urshifu|0 fnt|[from] item: Rocky Helmet|[of] p1a: Dondozo\n|faint|p1a: Dondozo\n|faint|p2b: Urshifu\n|-hitcount|p1: Dondozo|1\n|\n|-weather|RainDance|[upkeep]\n|upkeep\n|\n|t:|1718253873\n|switch|p2b: Rillaboom|Rillaboom, L50, M|100\/100\n|-fieldstart|move: Grassy Terrain|[from] ability: Grassy Surge|[of] p2b: Rillaboom\n|turn|7\n|\n|t:|1718253881\n|-terastallize|p1b: Tatsugiri|Dragon\n|move|p2b: Rillaboom|Fake Out|p1b: Tatsugiri\n|-damage|p1b: Tatsugiri|70\/100\n|move|p2a: Tornadus|Bleakwind Storm|p1b: Tatsugiri\n|-damage|p1b: Tatsugiri|15\/100\n|-unboost|p1b: Tatsugiri|spe|1\n|cant|p1b: Tatsugiri|flinch\n|\n|-weather|RainDance|[upkeep]\n|-heal|p1b: Tatsugiri|21\/100|[from] Grassy Terrain\n|upkeep\n|turn|8\n|-message|AZUNA_Fan forfeited.\n|\n|win|CCC2025\n|raw|AZUNA_Fan's rating: 1847 &rarr; <strong>1821<\/strong><br \/>(-26 for losing)\n|raw|CCC2025's rating: 1731 &rarr; <strong>1757<\/strong><br \/>(+26 for winning)\n|l|\u2606AZUNA_Fan\n|player|p1|\n|l|\u2606CCC2025\n|player|p2|\n","uploadtime":1718253921,"views":136,"formatid":"gen9vgc2024regg","rating":1757,"private":0,"password":null}