{"id":"gen9vgc2024regg-2142300728","format":"[Gen 9] VGC 2024 Reg G","players":["war3infi","CCC2025"],"log":"|j|\u2606war3infi\n|j|\u2606CCC2025\n|t:|1718247150\n|gametype|doubles\n|player|p1|war3infi|dawn|1719\n|player|p2|CCC2025|dawn|1678\n|teamsize|p1|6\n|teamsize|p2|6\n|gen|9\n|tier|[Gen 9] VGC 2024 Reg G\n|rated|\n|rule|Species Clause: Limit one of each Pok\u00e9mon\n|rule|Item Clause: Limit one of each item\n|clearpoke\n|poke|p1|Terapagos, L50, M|\n|poke|p1|Grimmsnarl, L50, M|\n|poke|p1|Rillaboom, L50, F|\n|poke|p1|Raging Bolt, L50|\n|poke|p1|Flutter Mane, L50|\n|poke|p1|Urshifu-*, L50, F|\n|poke|p2|Urshifu-*, L50, M|\n|poke|p2|Chien-Pao, L50|\n|poke|p2|Kyogre, L50|\n|poke|p2|Rillaboom, L50, M|\n|poke|p2|Tornadus, L50, M|\n|poke|p2|Landorus, L50, M|\n|teampreview|4\n|inactive|Battle timer is ON: inactive players will automatically lose when time's up. (requested by CCC2025)\n|\n|t:|1718247192\n|start\n|switch|p1a: Terapagos|Terapagos, L50, M|100\/100\n|switch|p1b: Grimmsnarl|Grimmsnarl, L50, M|100\/100\n|switch|p2a: Landorus|Landorus, L50, M|100\/100\n|switch|p2b: Kyogre|Kyogre, L50|100\/100\n|-activate|p1a: Terapagos|ability: Tera Shift\n|detailschange|p1a: Terapagos|Terapagos-Terastal, L50, M\n|-heal|p1a: Terapagos|100\/100|[silent]\n|-weather|RainDance|[from] ability: Drizzle|[of] p2b: Kyogre\n|turn|1\n|inactive|CCC2025 has 30 seconds left.\n|\n|t:|1718247221\n|-terastallize|p1a: Terapagos|Stellar\n|detailschange|p1a: Terapagos|Terapagos-Stellar, L50, M, tera:Stellar\n|-heal|p1a: Terapagos|100\/100|[silent]\n|-ability|p1a: Terapagos|Teraform Zero\n|-weather|none\n|move|p1b: Grimmsnarl|Fake Out|p2b: Kyogre\n|-damage|p2b: Kyogre|86\/100\n|move|p2a: Landorus|Sludge Bomb|p1b: Grimmsnarl\n|-supereffective|p1b: Grimmsnarl\n|-damage|p1b: Grimmsnarl|0 fnt\n|faint|p1b: Grimmsnarl\n|move|p2b: Kyogre|Origin Pulse|p1a: Terapagos\n|-damage|p1a: Terapagos|61\/100\n|move|p1a: Terapagos|Tera Starstorm|p2a: Landorus|[spread] p2a,p2b\n|-damage|p2a: Landorus|30\/100\n|-damage|p2b: Kyogre|44\/100\n|\n|upkeep\n|\n|t:|1718247232\n|switch|p1b: Flutter Mane|Flutter Mane, L50|100\/100\n|-enditem|p1b: Flutter Mane|Booster Energy\n|-activate|p1b: Flutter Mane|ability: Protosynthesis|[fromitem]\n|-start|p1b: Flutter Mane|protosynthesisspe\n|turn|2\n|inactive|CCC2025 has 30 seconds left.\n|\n|t:|1718247265\n|move|p2a: Landorus|Protect|p2a: Landorus\n|-singleturn|p2a: Landorus|Protect\n|move|p1b: Flutter Mane|Icy Wind|p2b: Kyogre|[spread] p2b\n|-activate|p2a: Landorus|move: Protect\n|-resisted|p2b: Kyogre\n|-damage|p2b: Kyogre|39\/100\n|move|p2b: Kyogre|Origin Pulse|p1a: Terapagos|[spread] p1b\n|-miss|p2b: Kyogre|p1a: Terapagos\n|-damage|p1b: Flutter Mane|55\/100\n|move|p1a: Terapagos|Tera Starstorm|p2b: Kyogre|[spread] p2b\n|-activate|p2a: Landorus|move: Protect\n|-damage|p2b: Kyogre|1\/100\n|\n|upkeep\n|turn|3\n|j| bluestraggler01\n|j| THUNDERSND77\n|inactive|CCC2025 has 30 seconds left.\n|inactive|CCC2025 has 20 seconds left.\n|inactive|CCC2025 has 15 seconds left.\n|inactive|CCC2025 has 10 seconds left.\n|\n|t:|1718247312\n|switch|p1a: Urshifu|Urshifu-Rapid-Strike, L50, F|100\/100\n|move|p1b: Flutter Mane|Icy Wind|p2b: Kyogre|[spread] p2a,p2b\n|-supereffective|p2a: Landorus\n|-resisted|p2b: Kyogre\n|-damage|p2a: Landorus|0 fnt\n|-damage|p2b: Kyogre|0 fnt\n|faint|p2a: Landorus\n|faint|p2b: Kyogre\n|\n|upkeep\n|\n|t:|1718247322\n|switch|p2a: Rillaboom|Rillaboom, L50, M|100\/100\n|switch|p2b: Urshifu|Urshifu-Rapid-Strike, L50, M|100\/100\n|-fieldstart|move: Grassy Terrain|[from] ability: Grassy Surge|[of] p2a: Rillaboom\n|turn|4\n|inactive|war3infi has 30 seconds left.\n|inactive|war3infi has 20 seconds left.\n|inactive|war3infi has 15 seconds left.\n|inactive|CCC2025 has 30 seconds left.\n|\n|t:|1718247368\n|move|p2a: Rillaboom|Grassy Glide|p1b: Flutter Mane\n|-damage|p1b: Flutter Mane|3\/100\n|move|p1b: Flutter Mane|Thunder Wave|p2b: Urshifu\n|-status|p2b: Urshifu|par\n|move|p1a: Urshifu|Close Combat|p2a: Rillaboom\n|-damage|p2a: Rillaboom|46\/100\n|-unboost|p1a: Urshifu|def|1\n|-unboost|p1a: Urshifu|spd|1\n|move|p2b: Urshifu|Surging Strikes|p1a: Urshifu\n|-resisted|p1a: Urshifu\n|-crit|p1a: Urshifu\n|-damage|p1a: Urshifu|84\/100\n|-resisted|p1a: Urshifu\n|-crit|p1a: Urshifu\n|-damage|p1a: Urshifu|68\/100\n|-resisted|p1a: Urshifu\n|-crit|p1a: Urshifu\n|-damage|p1a: Urshifu|52\/100\n|-hitcount|p1a: Urshifu|3\n|\n|-heal|p1b: Flutter Mane|9\/100|[from] Grassy Terrain\n|-heal|p1a: Urshifu|59\/100|[from] Grassy Terrain\n|-heal|p2a: Rillaboom|52\/100|[from] Grassy Terrain\n|upkeep\n|turn|5\n|inactive|CCC2025 has 30 seconds left.\n|inactive|war3infi has 30 seconds left.\n|\n|t:|1718247403\n|move|p2a: Rillaboom|Grassy Glide|p1a: Urshifu\n|-supereffective|p1a: Urshifu\n|-damage|p1a: Urshifu|0 fnt\n|faint|p1a: Urshifu\n|move|p2b: Urshifu|Aqua Jet|p1b: Flutter Mane\n|-damage|p1b: Flutter Mane|0 fnt\n|faint|p1b: Flutter Mane\n|-end|p1b: Flutter Mane|Protosynthesis|[silent]\n|\n|-heal|p2a: Rillaboom|58\/100|[from] Grassy Terrain\n|upkeep\n|\n|t:|1718247407\n|switch|p1b: Terapagos|Terapagos-Stellar, L50, M, tera:Stellar|61\/100\n|turn|6\n|\n|t:|1718247420\n|move|p1b: Terapagos|Tera Starstorm|p2b: Urshifu|[spread] p2a,p2b\n|-damage|p2a: Rillaboom|8\/100\n|-damage|p2b: Urshifu|9\/100 par\n|move|p2a: Rillaboom|Wood Hammer|p1b: Terapagos\n|-damage|p1b: Terapagos|2\/100\n|-damage|p2a: Rillaboom|0 fnt|[from] Recoil\n|faint|p2a: Rillaboom\n|move|p2b: Urshifu|Close Combat|p1b: Terapagos\n|-supereffective|p1b: Terapagos\n|-damage|p1b: Terapagos|0 fnt\n|-unboost|p2b: Urshifu|def|1\n|-unboost|p2b: Urshifu|spd|1\n|faint|p1b: Terapagos\n|\n|win|CCC2025\n|raw|war3infi's rating: 1719 &rarr; <strong>1697<\/strong><br \/>(-22 for losing)\n|raw|CCC2025's rating: 1678 &rarr; <strong>1700<\/strong><br \/>(+22 for winning)\n|l|\u2606war3infi\n|player|p1|\n|l| THUNDERSND77\n|l|\u2606CCC2025\n|player|p2|\n","uploadtime":1718247619,"views":27,"formatid":"gen9vgc2024regg","rating":1697,"private":0,"password":null}