{"id":"gen9vgc2024regg-2142273682","format":"[Gen 9] VGC 2024 Reg G","players":["goatphonium","AnyaForger35"],"log":"|j|\u2606goatphonium\n|j|\u2606AnyaForger35\n|t:|1718243493\n|gametype|doubles\n|player|p1|goatphonium|169|1786\n|player|p2|AnyaForger35|caitlin|1647\n|teamsize|p1|6\n|teamsize|p2|6\n|gen|9\n|tier|[Gen 9] VGC 2024 Reg G\n|rated|\n|rule|Species Clause: Limit one of each Pok\u00e9mon\n|rule|Item Clause: Limit one of each item\n|clearpoke\n|poke|p1|Groudon, L50|\n|poke|p1|Exeggutor, L50, F|\n|poke|p1|Indeedee-F, L50, F|\n|poke|p1|Yanmega, L50, F|\n|poke|p1|Chandelure, L50, F|\n|poke|p1|Iron Crown, L50|\n|poke|p2|Calyrex-Ice, L50|\n|poke|p2|Annihilape, L50, F|\n|poke|p2|Torkoal, L50, M|\n|poke|p2|Indeedee-F, L50, F|\n|poke|p2|Urshifu-*, L50, F|\n|poke|p2|Brute Bonnet, L50|\n|teampreview|4\n|\n|t:|1718243560\n|start\n|switch|p1a: Indeedee|Indeedee-F, L50, F|100\/100\n|switch|p1b: Iron Crown|Iron Crown, L50|100\/100\n|switch|p2a: Annihilape|Annihilape, L50, F|100\/100\n|switch|p2b: Brute Bonnet|Brute Bonnet, L50|100\/100\n|-fieldstart|move: Psychic Terrain|[from] ability: Psychic Surge|[of] p1a: Indeedee\n|-enditem|p1b: Iron Crown|Booster Energy\n|-activate|p1b: Iron Crown|ability: Quark Drive|[fromitem]\n|-start|p1b: Iron Crown|quarkdrivespe\n|turn|1\n|inactive|Battle timer is ON: inactive players will automatically lose when time's up. (requested by AnyaForger35)\n|\n|t:|1718243584\n|switch|p2a: Urshifu|Urshifu, L50, F|100\/100\n|move|p1b: Iron Crown|Protect|p1b: Iron Crown\n|-singleturn|p1b: Iron Crown|Protect\n|move|p1a: Indeedee|Follow Me|p1a: Indeedee\n|-singleturn|p1a: Indeedee|move: Follow Me\n|move|p2b: Brute Bonnet|Spore|p1a: Indeedee\n|-activate|p1a: Indeedee|item: Safety Goggles|Spore\n|\n|upkeep\n|turn|2\n|\n|t:|1718243603\n|-terastallize|p1a: Indeedee|Water\n|move|p1a: Indeedee|Follow Me|p1a: Indeedee\n|-singleturn|p1a: Indeedee|move: Follow Me\n|move|p1b: Iron Crown|Tachyon Cutter|p2a: Urshifu\n|-damage|p2a: Urshifu|66\/100\n|-damage|p2a: Urshifu|28\/100\n|-hitcount|p2a: Urshifu|2\n|move|p2a: Urshifu|Wicked Blow|p1a: Indeedee\n|-crit|p1a: Indeedee\n|-damage|p1a: Indeedee|44\/100\n|move|p2b: Brute Bonnet|Spore|p1a: Indeedee\n|-activate|p1a: Indeedee|item: Safety Goggles|Spore\n|\n|upkeep\n|turn|3\n|\n|t:|1718243628\n|move|p2a: Urshifu|Detect|p2a: Urshifu\n|-singleturn|p2a: Urshifu|Protect\n|move|p1a: Indeedee|Follow Me|p1a: Indeedee\n|-singleturn|p1a: Indeedee|move: Follow Me\n|move|p1b: Iron Crown|Tachyon Cutter|p2a: Urshifu\n|-activate|p2a: Urshifu|move: Protect\n|move|p2b: Brute Bonnet|Crunch|p1a: Indeedee\n|-damage|p1a: Indeedee|12\/100\n|\n|upkeep\n|turn|4\n|inactive|AnyaForger35 has 30 seconds left.\n|\n|t:|1718243656\n|move|p1b: Iron Crown|Protect|p1b: Iron Crown\n|-singleturn|p1b: Iron Crown|Protect\n|move|p1a: Indeedee|Follow Me|p1a: Indeedee\n|-singleturn|p1a: Indeedee|move: Follow Me\n|move|p2b: Brute Bonnet|Rage Powder|p2b: Brute Bonnet\n|-singleturn|p2b: Brute Bonnet|move: Rage Powder\n|move|p2a: Urshifu|Wicked Blow|p1a: Indeedee\n|-crit|p1a: Indeedee\n|-damage|p1a: Indeedee|0 fnt\n|faint|p1a: Indeedee\n|\n|upkeep\n|\n|t:|1718243664\n|switch|p1a: Exeggutor|Exeggutor, L50, F|100\/100\n|turn|5\n|\n|t:|1718243675\n|-terastallize|p2a: Urshifu|Dark\n|move|p2b: Brute Bonnet|Rage Powder|p2b: Brute Bonnet\n|-singleturn|p2b: Brute Bonnet|move: Rage Powder\n|move|p1b: Iron Crown|Tachyon Cutter|p2b: Brute Bonnet\n|-damage|p2b: Brute Bonnet|81\/100\n|-damage|p2b: Brute Bonnet|62\/100\n|-hitcount|p2b: Brute Bonnet|2\n|move|p2a: Urshifu|Wicked Blow|p1a: Exeggutor\n|-supereffective|p1a: Exeggutor\n|-crit|p1a: Exeggutor\n|-damage|p1a: Exeggutor|0 fnt\n|faint|p1a: Exeggutor\n|\n|-fieldend|move: Psychic Terrain\n|upkeep\n|\n|t:|1718243682\n|switch|p1a: Groudon|Groudon, L50|100\/100\n|-weather|SunnyDay|[from] ability: Drought|[of] p1a: Groudon\n|-activate|p2b: Brute Bonnet|ability: Protosynthesis\n|-start|p2b: Brute Bonnet|protosynthesisdef\n|turn|6\n|\n|t:|1718243693\n|move|p2b: Brute Bonnet|Rage Powder|p2b: Brute Bonnet\n|-singleturn|p2b: Brute Bonnet|move: Rage Powder\n|move|p1b: Iron Crown|Gravity|p1b: Iron Crown\n|-fieldstart|move: Gravity\n|move|p2a: Urshifu|Wicked Blow|p1b: Iron Crown\n|-supereffective|p1b: Iron Crown\n|-crit|p1b: Iron Crown\n|-damage|p1b: Iron Crown|0 fnt\n|faint|p1b: Iron Crown\n|-end|p1b: Iron Crown|Quark Drive|[silent]\n|move|p1a: Groudon|Precipice Blades|p2a: Urshifu|[spread] p2a,p2b\n|-resisted|p2b: Brute Bonnet\n|-damage|p2a: Urshifu|0 fnt\n|-damage|p2b: Brute Bonnet|41\/100\n|-enditem|p2b: Brute Bonnet|Sitrus Berry|[eat]\n|-heal|p2b: Brute Bonnet|66\/100|[from] item: Sitrus Berry\n|faint|p2a: Urshifu\n|\n|-weather|SunnyDay|[upkeep]\n|upkeep\n|j| winnerdog\n|\n|t:|1718243703\n|switch|p2a: Annihilape|Annihilape, L50, F|100\/100\n|turn|7\n|\n|t:|1718243708\n|move|p2a: Annihilape|Final Gambit|p1a: Groudon\n|-damage|p1a: Groudon|0 fnt\n|faint|p2a: Annihilape\n|faint|p1a: Groudon\n|\n|win|AnyaForger35\n|raw|goatphonium's rating: 1786 &rarr; <strong>1758<\/strong><br \/>(-28 for losing)\n|raw|AnyaForger35's rating: 1647 &rarr; <strong>1675<\/strong><br \/>(+28 for winning)\n|l|\u2606goatphonium\n|player|p1|\n|l|\u2606AnyaForger35\n|player|p2|\n","uploadtime":1718243891,"views":25,"formatid":"gen9vgc2024regg","rating":1675,"private":0,"password":null}