{"id":"gen9vgc2024regg-2142762655","format":"[Gen 9] VGC 2024 Reg G","players":["imnotagni","Krisuerte"],"log":"|j|\u2606imnotagni\n|j|\u2606Krisuerte\n|t:|1718309742\n|gametype|doubles\n|player|p1|imnotagni|magmasuit|1742\n|player|p2|Krisuerte|265|1769\n|teamsize|p1|6\n|teamsize|p2|6\n|gen|9\n|tier|[Gen 9] VGC 2024 Reg G\n|rated|\n|rule|Species Clause: Limit one of each Pok\u00e9mon\n|rule|Item Clause: Limit one of each item\n|clearpoke\n|poke|p1|Kyogre, L50|\n|poke|p1|Urshifu-*, L50, M|\n|poke|p1|Tsareena, L50, F|\n|poke|p1|Chien-Pao, L50|\n|poke|p1|Ditto, L50|\n|poke|p1|Tornadus, L50, M|\n|poke|p2|Sinistcha-Masterpiece, L50|\n|poke|p2|Kyogre, L50|\n|poke|p2|Tornadus, L50, M|\n|poke|p2|Urshifu-*, L50, M|\n|poke|p2|Archaludon, L50, M|\n|poke|p2|Landorus, L50, M|\n|teampreview|4\n|inactive|Battle timer is ON: inactive players will automatically lose when time's up. (requested by imnotagni)\n|j| Mashndrow\n|\n|t:|1718309768\n|start\n|switch|p1a: Tornadus|Tornadus, L50, M, shiny|100\/100\n|switch|p1b: Chien-Pao|Chien-Pao, L50|100\/100\n|switch|p2a: Kyogre|Kyogre, L50|100\/100\n|switch|p2b: Archaludon|Archaludon, L50, M|100\/100\n|-ability|p1b: Chien-Pao|Sword of Ruin\n|-weather|RainDance|[from] ability: Drizzle|[of] p2a: Kyogre\n|turn|1\n|inactive|Krisuerte has 30 seconds left.\n|\n|t:|1718309799\n|-terastallize|p1b: Chien-Pao|Stellar\n|-terastallize|p2b: Archaludon|Electric\n|move|p1a: Tornadus|Tailwind|p1a: Tornadus\n|-sidestart|p1: imnotagni|move: Tailwind\n|move|p1b: Chien-Pao|Sacred Sword|p2b: Archaludon\n|-damage|p2b: Archaludon|61\/100\n|-ability|p2b: Archaludon|Stamina|boost\n|-boost|p2b: Archaludon|def|1\n|move|p2a: Kyogre|Origin Pulse|p1a: Tornadus|[spread] p1a\n|-miss|p2a: Kyogre|p1b: Chien-Pao\n|-damage|p1a: Tornadus|0 fnt\n|faint|p1a: Tornadus\n|move|p2b: Archaludon|Snarl|p1b: Chien-Pao|[miss]\n|-miss|p2b: Archaludon|p1b: Chien-Pao\n|\n|-weather|RainDance|[upkeep]\n|upkeep\n|\n|t:|1718309814\n|switch|p1a: Kyogre|Kyogre, L50, shiny|100\/100\n|turn|2\n|\n|t:|1718309832\n|switch|p2a: Sinistcha|Sinistcha-Masterpiece, L50|100\/100\n|-heal|p2b: Archaludon|86\/100|[from] ability: Hospitality|[of] p2a: Sinistcha\n|move|p1b: Chien-Pao|Sucker Punch||[still]\n|-fail|p1b: Chien-Pao\n|move|p1a: Kyogre|Water Spout|p2a: Sinistcha|[spread] p2a,p2b\n|-resisted|p2a: Sinistcha\n|-damage|p2a: Sinistcha|49\/100\n|-damage|p2b: Archaludon|0 fnt\n|faint|p2b: Archaludon\n|\n|-weather|RainDance|[upkeep]\n|upkeep\n|inactive|Krisuerte has 30 seconds left.\n|\n|t:|1718309863\n|switch|p2b: Kyogre|Kyogre, L50|100\/100\n|turn|3\n|\n|t:|1718309886\n|move|p2a: Sinistcha|Rage Powder|p2a: Sinistcha\n|-singleturn|p2a: Sinistcha|move: Rage Powder\n|move|p1b: Chien-Pao|Sucker Punch||[still]\n|-fail|p1b: Chien-Pao\n|move|p1a: Kyogre|Water Spout|p2b: Kyogre|[spread] p2a,p2b\n|-resisted|p2a: Sinistcha\n|-resisted|p2b: Kyogre\n|-damage|p2a: Sinistcha|0 fnt\n|-damage|p2b: Kyogre|61\/100\n|faint|p2a: Sinistcha\n|move|p2b: Kyogre|Thunder|p1a: Kyogre\n|-supereffective|p1a: Kyogre\n|-damage|p1a: Kyogre|6\/100\n|-status|p1a: Kyogre|par\n|\n|-weather|RainDance|[upkeep]\n|upkeep\n|\n|t:|1718309902\n|switch|p2a: Urshifu|Urshifu-Rapid-Strike, L50, M|100\/100\n|turn|4\n|\n|t:|1718309920\n|move|p1b: Chien-Pao|Sucker Punch|p2b: Kyogre\n|-damage|p2b: Kyogre|1\/100\n|move|p2a: Urshifu|Aqua Jet|p1a: Kyogre\n|-resisted|p1a: Kyogre\n|-damage|p1a: Kyogre|0 fnt\n|faint|p1a: Kyogre\n|move|p2b: Kyogre|Thunder|p1b: Chien-Pao\n|-enditem|p1b: Chien-Pao|Focus Sash\n|-damage|p1b: Chien-Pao|1\/100\n|\n|-weather|RainDance|[upkeep]\n|-sideend|p1: imnotagni|move: Tailwind\n|upkeep\n|\n|t:|1718309925\n|switch|p1a: Urshifu|Urshifu-Rapid-Strike, L50, M|100\/100\n|turn|5\n|inactive|imnotagni has 30 seconds left.\n|\n|t:|1718309959\n|move|p1b: Chien-Pao|Sucker Punch|p2b: Kyogre\n|-damage|p2b: Kyogre|0 fnt\n|faint|p2b: Kyogre\n|move|p1a: Urshifu|Close Combat|p2a: Urshifu\n|-crit|p2a: Urshifu\n|-damage|p2a: Urshifu|0 fnt\n|-unboost|p1a: Urshifu|def|1\n|-unboost|p1a: Urshifu|spd|1\n|faint|p2a: Urshifu\n|\n|win|imnotagni\n|raw|imnotagni's rating: 1742 &rarr; <strong>1764<\/strong><br \/>(+22 for winning)\n|raw|Krisuerte's rating: 1769 &rarr; <strong>1747<\/strong><br \/>(-22 for losing)\n|l|\u2606Krisuerte\n|player|p2|\n|l|\u2606imnotagni\n|player|p1|\n|l| Mashndrow\n","uploadtime":1718310103,"views":66,"formatid":"gen9vgc2024regg","rating":1747,"private":0,"password":null}