{"id":"gen9vgc2024regg-2142279196","format":"[Gen 9] VGC 2024 Reg G","players":["goatphonium","tornadus drill"],"log":"|j|\u2606goatphonium\n|j|\u2606tornadus drill\n|t:|1718244219\n|gametype|doubles\n|player|p1|goatphonium|169|1706\n|player|p2|tornadus drill|169|1710\n|teamsize|p1|6\n|teamsize|p2|6\n|gen|9\n|tier|[Gen 9] VGC 2024 Reg G\n|rated|\n|rule|Species Clause: Limit one of each Pok\u00e9mon\n|rule|Item Clause: Limit one of each item\n|clearpoke\n|poke|p1|Groudon, L50|\n|poke|p1|Exeggutor, L50, M|\n|poke|p1|Indeedee-F, L50, F|\n|poke|p1|Yanmega, L50, F|\n|poke|p1|Chandelure, L50, M|\n|poke|p1|Iron Crown, L50|\n|poke|p2|Terapagos, L50, M|\n|poke|p2|Clefairy, L50, F|\n|poke|p2|Rillaboom, L50, M|\n|poke|p2|Skeledirge, L50, M|\n|poke|p2|Urshifu-*, L50, M|\n|poke|p2|Chien-Pao, L50|\n|teampreview|4\n|j| jasonrfry4\n|\n|t:|1718244244\n|start\n|switch|p1a: Iron Crown|Iron Crown, L50|100\/100\n|switch|p1b: Yanmega|Yanmega, L50, F|100\/100\n|switch|p2a: Terapagos|Terapagos, L50, M|100\/100\n|switch|p2b: Clefairy|Clefairy, L50, F|100\/100\n|-activate|p2a: Terapagos|ability: Tera Shift\n|detailschange|p2a: Terapagos|Terapagos-Terastal, L50, M\n|-heal|p2a: Terapagos|100\/100|[silent]\n|-enditem|p1a: Iron Crown|Booster Energy\n|-activate|p1a: Iron Crown|ability: Quark Drive|[fromitem]\n|-start|p1a: Iron Crown|quarkdrivespe\n|turn|1\n|\n|t:|1718244255\n|move|p1a: Iron Crown|Gravity|p1a: Iron Crown\n|-fieldstart|move: Gravity\n|move|p1b: Yanmega|Hypnosis|p2b: Clefairy\n|-status|p2b: Clefairy|slp|[from] move: Hypnosis\n|move|p2a: Terapagos|Calm Mind|p2a: Terapagos\n|-boost|p2a: Terapagos|spa|1\n|-boost|p2a: Terapagos|spd|1\n|cant|p2b: Clefairy|slp\n|\n|-ability|p1b: Yanmega|Speed Boost|boost\n|-boost|p1b: Yanmega|spe|1\n|upkeep\n|turn|2\n|\n|t:|1718244269\n|-end|p1a: Iron Crown|Quark Drive|[silent]\n|switch|p1a: Groudon|Groudon, L50|100\/100\n|-weather|SunnyDay|[from] ability: Drought|[of] p1a: Groudon\n|move|p2a: Terapagos|Protect|p2a: Terapagos\n|-singleturn|p2a: Terapagos|Protect\n|move|p1b: Yanmega|Hypnosis|p2a: Terapagos\n|-activate|p2a: Terapagos|move: Protect\n|-curestatus|p2b: Clefairy|slp|[msg]\n|move|p2b: Clefairy|Life Dew||[still]|[still]|[spread] \n|-fail|p2a: Terapagos|heal\n|-fail|p2b: Clefairy|heal\n|\n|-weather|SunnyDay|[upkeep]\n|-ability|p1b: Yanmega|Speed Boost|boost\n|-boost|p1b: Yanmega|spe|1\n|upkeep\n|turn|3\n|\n|t:|1718244282\n|move|p2b: Clefairy|Follow Me|p2b: Clefairy\n|-singleturn|p2b: Clefairy|move: Follow Me\n|move|p1b: Yanmega|Hypnosis|p2b: Clefairy\n|-status|p2b: Clefairy|slp|[from] move: Hypnosis\n|move|p1a: Groudon|Precipice Blades|p2b: Clefairy|[spread] p2a,p2b\n|-activate|p2a: Terapagos|ability: Tera Shell\n|-resisted|p2a: Terapagos\n|-damage|p2a: Terapagos|77\/100\n|-damage|p2b: Clefairy|31\/100 slp\n|move|p2a: Terapagos|Tera Starstorm|p1b: Yanmega\n|-enditem|p1b: Yanmega|Focus Sash\n|-damage|p1b: Yanmega|1\/100\n|\n|-weather|SunnyDay|[upkeep]\n|-heal|p2a: Terapagos|83\/100|[from] item: Leftovers\n|-ability|p1b: Yanmega|Speed Boost|boost\n|-boost|p1b: Yanmega|spe|1\n|upkeep\n|turn|4\n|\n|t:|1718244298\n|-terastallize|p1a: Groudon|Ground\n|move|p2a: Terapagos|Protect|p2a: Terapagos\n|-singleturn|p2a: Terapagos|Protect\n|cant|p2b: Clefairy|slp\n|move|p1b: Yanmega|Tailwind|p1b: Yanmega\n|-sidestart|p1: goatphonium|move: Tailwind\n|move|p1a: Groudon|Precipice Blades|p2a: Terapagos|[spread] p2b\n|-activate|p2a: Terapagos|move: Protect\n|-damage|p2b: Clefairy|0 fnt\n|faint|p2b: Clefairy\n|\n|-weather|SunnyDay|[upkeep]\n|-heal|p2a: Terapagos|89\/100|[from] item: Leftovers\n|-ability|p1b: Yanmega|Speed Boost|boost\n|-boost|p1b: Yanmega|spe|1\n|upkeep\n|j| winnerdog\n|\n|t:|1718244307\n|switch|p2b: Urshifu|Urshifu, L50, M|100\/100\n|turn|5\n|j| Therazer456\n|\n|t:|1718244322\n|-terastallize|p2a: Terapagos|Stellar\n|detailschange|p2a: Terapagos|Terapagos-Stellar, L50, M, tera:Stellar\n|-heal|p2a: Terapagos|92\/100|[silent]\n|-ability|p2a: Terapagos|Teraform Zero\n|-weather|none\n|move|p1b: Yanmega|Hypnosis|p2a: Terapagos\n|-status|p2a: Terapagos|slp|[from] move: Hypnosis\n|move|p1a: Groudon|Precipice Blades|p2a: Terapagos|[spread] p2a,p2b\n|-damage|p2a: Terapagos|32\/100 slp\n|-damage|p2b: Urshifu|0 fnt\n|faint|p2b: Urshifu\n|cant|p2a: Terapagos|slp\n|\n|-heal|p2a: Terapagos|38\/100 slp|[from] item: Leftovers\n|-fieldend|move: Gravity\n|-ability|p1b: Yanmega|Speed Boost|boost\n|-boost|p1b: Yanmega|spe|1\n|upkeep\n|\n|t:|1718244331\n|switch|p2b: Skeledirge|Skeledirge, L50, M|100\/100\n|turn|6\n|\n|t:|1718244337\n|move|p1b: Yanmega|Hypnosis|p2b: Skeledirge|[miss]\n|-miss|p1b: Yanmega|p2b: Skeledirge\n|move|p1a: Groudon|Precipice Blades|p2b: Skeledirge|[spread] p2a,p2b\n|-supereffective|p2b: Skeledirge\n|-damage|p2a: Terapagos|0 fnt\n|-damage|p2b: Skeledirge|0 fnt\n|faint|p2a: Terapagos\n|faint|p2b: Skeledirge\n|\n|win|goatphonium\n|raw|goatphonium's rating: 1706 &rarr; <strong>1726<\/strong><br \/>(+20 for winning)\n|raw|tornadus drill's rating: 1710 &rarr; <strong>1690<\/strong><br \/>(-20 for losing)\n|l|\u2606tornadus drill\n|player|p2|\n|l| jasonrfry4\n|l|\u2606goatphonium\n|player|p1|\n|l| Therazer456\n","uploadtime":1718244581,"views":51,"formatid":"gen9vgc2024regg","rating":1690,"private":0,"password":null}