{"id":"gen9vgc2024regg-2142270437","format":"[Gen 9] VGC 2024 Reg G","players":["LaDiosalia","xixing"],"log":"|j|\u2606LaDiosalia\n|j|\u2606xixing\n|t:|1718243072\n|gametype|doubles\n|player|p1|LaDiosalia|170|1651\n|player|p2|xixing|karen|1699\n|teamsize|p1|6\n|teamsize|p2|6\n|gen|9\n|tier|[Gen 9] VGC 2024 Reg G\n|rated|\n|rule|Species Clause: Limit one of each Pok\u00e9mon\n|rule|Item Clause: Limit one of each item\n|clearpoke\n|poke|p1|Calyrex-Shadow, L50|\n|poke|p1|Wo-Chien, L50|\n|poke|p1|Incineroar, L50, M|\n|poke|p1|Urshifu-*, L50, F|\n|poke|p1|Gholdengo, L50|\n|poke|p1|Grimmsnarl, L50, M|\n|poke|p2|Calyrex-Ice, L50|\n|poke|p2|Indeedee-F, L50, F|\n|poke|p2|Ting-Lu, L50|\n|poke|p2|Cresselia, L50, F|\n|poke|p2|Incineroar, L50, F|\n|poke|p2|Torkoal, L50, M|\n|teampreview|4\n|inactive|Battle timer is ON: inactive players will automatically lose when time's up. (requested by LaDiosalia)\n|inactive|xixing also wants the timer to be on.\n|\n|t:|1718243091\n|start\n|switch|p1a: Calyrex|Calyrex-Shadow, L50|100\/100\n|switch|p1b: Incineroar|Incineroar, L50, M|100\/100\n|switch|p2a: Cresselia|Cresselia, L50, F|100\/100\n|switch|p2b: Ting-Lu|Ting-Lu, L50|100\/100\n|-ability|p1a: Calyrex|As One\n|-ability|p1a: Calyrex|Unnerve\n|-ability|p1b: Incineroar|Intimidate|boost\n|-unboost|p2a: Cresselia|atk|1\n|-unboost|p2b: Ting-Lu|atk|1\n|-ability|p2b: Ting-Lu|Vessel of Ruin\n|turn|1\n|\n|t:|1718243104\n|-terastallize|p1a: Calyrex|Fairy\n|move|p1b: Incineroar|Fake Out|p2a: Cresselia\n|-damage|p2a: Cresselia|94\/100\n|move|p1a: Calyrex|Calm Mind|p1a: Calyrex\n|-boost|p1a: Calyrex|spa|1\n|-boost|p1a: Calyrex|spd|1\n|move|p2b: Ting-Lu|Earthquake|p1b: Incineroar|[spread] p1a,p1b\n|-immune|p2a: Cresselia|[from] ability: Levitate\n|-supereffective|p1b: Incineroar\n|-crit|p1b: Incineroar\n|-damage|p1a: Calyrex|65\/100\n|-damage|p1b: Incineroar|0 fnt\n|faint|p1b: Incineroar\n|cant|p2a: Cresselia|flinch\n|\n|upkeep\n|\n|t:|1718243116\n|switch|p1b: Wo-Chien|Wo-Chien, L50|100\/100\n|-ability|p1b: Wo-Chien|Tablets of Ruin\n|turn|2\n|j| rabbithorn01\n|\n|t:|1718243129\n|switch|p2b: Indeedee|Indeedee-F, L50, F|100\/100\n|-fieldstart|move: Psychic Terrain|[from] ability: Psychic Surge|[of] p2b: Indeedee\n|-enditem|p2b: Indeedee|Psychic Seed\n|-boost|p2b: Indeedee|spd|1|[from] item: Psychic Seed\n|-terastallize|p2a: Cresselia|Water\n|move|p1a: Calyrex|Draining Kiss|p2b: Indeedee\n|-damage|p2b: Indeedee|70\/100\n|-heal|p1a: Calyrex|88\/100|[from] drain|[of] p2b: Indeedee\n|move|p1b: Wo-Chien|Leech Seed|p2a: Cresselia\n|-start|p2a: Cresselia|move: Leech Seed\n|move|p2a: Cresselia|Trick Room|p2a: Cresselia\n|-fieldstart|move: Trick Room|[of] p2a: Cresselia\n|\n|-damage|p2a: Cresselia|82\/100|[from] Leech Seed|[of] p1b: Wo-Chien\n|upkeep\n|turn|3\n|\n|t:|1718243152\n|switch|p2a: Ting-Lu|Ting-Lu, L50|100\/100\n|-ability|p2a: Ting-Lu|Vessel of Ruin\n|switch|p1b: Grimmsnarl|Grimmsnarl, L50, M|100\/100\n|move|p2b: Indeedee|Protect|p2b: Indeedee\n|-singleturn|p2b: Indeedee|Protect\n|move|p1a: Calyrex|Astral Barrage|p2b: Indeedee|[spread] p2a\n|-activate|p2b: Indeedee|move: Protect\n|-resisted|p2a: Ting-Lu\n|-damage|p2a: Ting-Lu|80\/100\n|\n|upkeep\n|turn|4\n|\n|t:|1718243166\n|move|p2b: Indeedee|Follow Me|p2b: Indeedee\n|-singleturn|p2b: Indeedee|move: Follow Me\n|move|p1b: Grimmsnarl|Reflect|p1b: Grimmsnarl\n|-sidestart|p1: LaDiosalia|Reflect\n|move|p2a: Ting-Lu|Earthquake|p1b: Grimmsnarl|[spread] p2b,p1a,p1b\n|-damage|p2b: Indeedee|19\/100\n|-damage|p1a: Calyrex|55\/100\n|-damage|p1b: Grimmsnarl|66\/100\n|move|p1a: Calyrex|Calm Mind|p1a: Calyrex\n|-boost|p1a: Calyrex|spa|1\n|-boost|p1a: Calyrex|spd|1\n|\n|upkeep\n|turn|5\n|inactive|xixing has 30 seconds left.\n|\n|t:|1718243191\n|switch|p1b: Wo-Chien|Wo-Chien, L50|100\/100\n|-ability|p1b: Wo-Chien|Tablets of Ruin\n|move|p2b: Indeedee|Protect|p2b: Indeedee\n|-singleturn|p2b: Indeedee|Protect\n|move|p2a: Ting-Lu|Earthquake|p1b: Wo-Chien|[spread] p1a,p1b\n|-activate|p2b: Indeedee|move: Protect\n|-resisted|p1b: Wo-Chien\n|-damage|p1a: Calyrex|31\/100\n|-damage|p1b: Wo-Chien|88\/100\n|move|p1a: Calyrex|Draining Kiss|p2a: Ting-Lu\n|-supereffective|p2a: Ting-Lu\n|-damage|p2a: Ting-Lu|6\/100\n|-heal|p1a: Calyrex|100\/100|[from] drain|[of] p2a: Ting-Lu\n|\n|upkeep\n|turn|6\n|-message|xixing forfeited.\n|\n|win|LaDiosalia\n|raw|LaDiosalia's rating: 1651 &rarr; <strong>1674<\/strong><br \/>(+23 for winning)\n|raw|xixing's rating: 1699 &rarr; <strong>1676<\/strong><br \/>(-23 for losing)\n|l|\u2606xixing\n|player|p2|\n|l|\u2606LaDiosalia\n|player|p1|\n|l| rabbithorn01\n","uploadtime":1718243477,"views":13,"formatid":"gen9vgc2024regg","rating":1674,"private":0,"password":null}