{"id":"gen9vgc2024regg-2142285713","format":"[Gen 9] VGC 2024 Reg G","players":["tornadus drill","The Umpire"],"log":"|j|\u2606tornadus drill\n|j|\u2606The Umpire\n|t:|1718245097\n|gametype|doubles\n|player|p1|tornadus drill|169|1751\n|player|p2|The Umpire|volkner|1736\n|teamsize|p1|6\n|teamsize|p2|6\n|gen|9\n|tier|[Gen 9] VGC 2024 Reg G\n|rated|\n|rule|Species Clause: Limit one of each Pok\u00e9mon\n|rule|Item Clause: Limit one of each item\n|clearpoke\n|poke|p1|Terapagos, L50, M|\n|poke|p1|Clefairy, L50, M|\n|poke|p1|Rillaboom, L50, F|\n|poke|p1|Skeledirge, L50, M|\n|poke|p1|Urshifu-*, L50, M|\n|poke|p1|Chien-Pao, L50|\n|poke|p2|Calyrex-Ice, L50|\n|poke|p2|Urshifu-*, L50, M|\n|poke|p2|Sentret, L50, F|\n|poke|p2|Ursaluna-Bloodmoon, L50, M|\n|poke|p2|Farigiraf, L50, F|\n|poke|p2|Smeargle, L50, M|\n|teampreview|4\n|\n|t:|1718245120\n|start\n|switch|p1a: Skeledirge|Skeledirge, L50, M|100\/100\n|switch|p1b: Terapagos|Terapagos, L50, M|100\/100\n|switch|p2a: Calyrex|Calyrex-Ice, L50|100\/100\n|switch|p2b: Smeargle|Smeargle, L50, M|100\/100\n|-activate|p1b: Terapagos|ability: Tera Shift\n|detailschange|p1b: Terapagos|Terapagos-Terastal, L50, M\n|-heal|p1b: Terapagos|100\/100|[silent]\n|-ability|p2a: Calyrex|As One\n|-ability|p2a: Calyrex|Unnerve\n|turn|1\n|j| winnerdog\n|\n|t:|1718245152\n|move|p1b: Terapagos|Calm Mind|p1b: Terapagos\n|-boost|p1b: Terapagos|spa|1\n|-boost|p1b: Terapagos|spd|1\n|move|p1a: Skeledirge|Yawn|p2a: Calyrex\n|-start|p2a: Calyrex|move: Yawn|[of] p1a: Skeledirge\n|move|p2b: Smeargle|Spore|p1b: Terapagos\n|-status|p1b: Terapagos|slp|[from] move: Spore\n|move|p2a: Calyrex|Trick Room|p2a: Calyrex\n|-fieldstart|move: Trick Room|[of] p2a: Calyrex\n|\n|upkeep\n|turn|2\n|\n|t:|1718245168\n|switch|p2a: Urshifu|Urshifu, L50, M|100\/100\n|move|p2b: Smeargle|Spore|p1a: Skeledirge\n|-status|p1a: Skeledirge|slp|[from] move: Spore\n|cant|p1a: Skeledirge|slp\n|cant|p1b: Terapagos|slp\n|\n|upkeep\n|turn|3\n|\n|t:|1718245182\n|-terastallize|p1a: Skeledirge|Fairy\n|move|p2b: Smeargle|Decorate|p2a: Urshifu\n|-boost|p2a: Urshifu|atk|2\n|-boost|p2a: Urshifu|spa|2\n|cant|p1a: Skeledirge|slp\n|move|p2a: Urshifu|Wicked Blow|p1a: Skeledirge\n|-resisted|p1a: Skeledirge\n|-crit|p1a: Skeledirge\n|-damage|p1a: Skeledirge|62\/100 slp\n|cant|p1b: Terapagos|slp\n|\n|upkeep\n|turn|4\n|j| HarukaSlowpoke\n|\n|t:|1718245199\n|move|p2b: Smeargle|Follow Me|p2b: Smeargle\n|-singleturn|p2b: Smeargle|move: Follow Me\n|-curestatus|p1a: Skeledirge|slp|[msg]\n|move|p1a: Skeledirge|Slack Off|p1a: Skeledirge\n|-heal|p1a: Skeledirge|100\/100\n|move|p2a: Urshifu|Wicked Blow|p1b: Terapagos\n|-activate|p1b: Terapagos|ability: Tera Shell\n|-resisted|p1b: Terapagos\n|-crit|p1b: Terapagos\n|-damage|p1b: Terapagos|29\/100 slp\n|cant|p1b: Terapagos|slp\n|\n|-heal|p1b: Terapagos|35\/100 slp|[from] item: Leftovers\n|upkeep\n|turn|5\n|\n|t:|1718245221\n|switch|p2b: Sentret|Sentret, L50, F|100\/100\n|switch|p1b: Urshifu|Urshifu, L50, M|100\/100\n|move|p1a: Skeledirge|Torch Song|p2a: Urshifu\n|-damage|p2a: Urshifu|64\/100\n|-boost|p1a: Skeledirge|spa|1\n|-enditem|p1a: Skeledirge|Throat Spray\n|-boost|p1a: Skeledirge|spa|1|[from] item: Throat Spray\n|move|p2a: Urshifu|Wicked Blow|p1b: Urshifu\n|-resisted|p1b: Urshifu\n|-crit|p1b: Urshifu\n|-damage|p1b: Urshifu|56\/100\n|\n|-fieldend|move: Trick Room\n|upkeep\n|turn|6\n|\n|t:|1718245241\n|move|p1b: Urshifu|Close Combat|p2a: Urshifu\n|-supereffective|p2a: Urshifu\n|-damage|p2a: Urshifu|0 fnt\n|-unboost|p1b: Urshifu|def|1\n|-unboost|p1b: Urshifu|spd|1\n|faint|p2a: Urshifu\n|move|p1a: Skeledirge|Torch Song|p2b: Sentret\n|-enditem|p2b: Sentret|Focus Sash\n|-damage|p2b: Sentret|1\/100\n|-boost|p1a: Skeledirge|spa|1\n|move|p2b: Sentret|Endeavor|p1a: Skeledirge\n|-damage|p1a: Skeledirge|1\/100\n|\n|upkeep\n|\n|t:|1718245256\n|switch|p2a: Smeargle|Smeargle, L50, M|100\/100\n|turn|7\n|l| HarukaSlowpoke\n|\n|t:|1718245265\n|switch|p1a: Terapagos|Terapagos-Terastal, L50, M|35\/100 slp\n|move|p2a: Smeargle|Fake Out|p1b: Urshifu\n|-damage|p1b: Urshifu|47\/100\n|move|p2b: Sentret|Quick Attack|p1a: Terapagos\n|-damage|p1a: Terapagos|28\/100 slp\n|cant|p1b: Urshifu|flinch\n|\n|-heal|p1a: Terapagos|34\/100 slp|[from] item: Leftovers\n|upkeep\n|turn|8\n|\n|t:|1718245280\n|move|p2b: Sentret|Follow Me|p2b: Sentret\n|-singleturn|p2b: Sentret|move: Follow Me\n|move|p1b: Urshifu|Close Combat|p2b: Sentret\n|-supereffective|p2b: Sentret\n|-damage|p2b: Sentret|0 fnt\n|-unboost|p1b: Urshifu|def|1\n|-unboost|p1b: Urshifu|spd|1\n|faint|p2b: Sentret\n|-curestatus|p1a: Terapagos|slp|[msg]\n|move|p1a: Terapagos|Tera Starstorm|p2a: Smeargle\n|-damage|p2a: Smeargle|8\/100\n|move|p2a: Smeargle|Spore|p1a: Terapagos\n|-status|p1a: Terapagos|slp|[from] move: Spore\n|\n|-heal|p1a: Terapagos|40\/100 slp|[from] item: Leftovers\n|upkeep\n|\n|t:|1718245291\n|switch|p2b: Calyrex|Calyrex-Ice, L50|100\/100\n|-ability|p2b: Calyrex|As One\n|-ability|p2b: Calyrex|Unnerve\n|turn|9\n|\n|t:|1718245303\n|-terastallize|p2b: Calyrex|Fire\n|move|p1b: Urshifu|Close Combat|p2a: Smeargle\n|-supereffective|p2a: Smeargle\n|-damage|p2a: Smeargle|0 fnt\n|-unboost|p1b: Urshifu|def|1\n|-unboost|p1b: Urshifu|spd|1\n|faint|p2a: Smeargle\n|cant|p1a: Terapagos|slp\n|move|p2b: Calyrex|Trick Room|p2b: Calyrex\n|-fieldstart|move: Trick Room|[of] p2b: Calyrex\n|\n|-heal|p1a: Terapagos|46\/100 slp|[from] item: Leftovers\n|upkeep\n|turn|10\n|\n|t:|1718245315\n|switch|p1b: Skeledirge|Skeledirge, L50, M, tera:Fairy|1\/100\n|-curestatus|p1a: Terapagos|slp|[msg]\n|move|p1a: Terapagos|Protect|p1a: Terapagos\n|-singleturn|p1a: Terapagos|Protect\n|move|p2b: Calyrex|Glacial Lance|p1b: Skeledirge|[spread] p1b\n|-activate|p1a: Terapagos|move: Protect\n|-damage|p1b: Skeledirge|0 fnt\n|faint|p1b: Skeledirge\n|-ability|p2b: Calyrex|Chilling Neigh|boost\n|-boost|p2b: Calyrex|atk|1\n|\n|-heal|p1a: Terapagos|52\/100|[from] item: Leftovers\n|upkeep\n|\n|t:|1718245327\n|switch|p1b: Urshifu|Urshifu, L50, M|47\/100\n|turn|11\n|\n|t:|1718245333\n|switch|p1a: Chien-Pao|Chien-Pao, L50|100\/100\n|-ability|p1a: Chien-Pao|Sword of Ruin\n|move|p1b: Urshifu|Sucker Punch|p2b: Calyrex\n|-damage|p2b: Calyrex|59\/100\n|move|p2b: Calyrex|Glacial Lance|p1b: Urshifu|[spread] p1a,p1b\n|-resisted|p1a: Chien-Pao\n|-damage|p1a: Chien-Pao|33\/100\n|-damage|p1b: Urshifu|0 fnt\n|faint|p1b: Urshifu\n|-ability|p2b: Calyrex|Chilling Neigh|boost\n|-boost|p2b: Calyrex|atk|1\n|\n|upkeep\n|\n|t:|1718245339\n|switch|p1b: Terapagos|Terapagos-Terastal, L50, M|52\/100\n|turn|12\n|\n|t:|1718245342\n|move|p1b: Terapagos|Protect|p1b: Terapagos\n|-singleturn|p1b: Terapagos|Protect\n|move|p1a: Chien-Pao|Protect|p1a: Chien-Pao\n|-singleturn|p1a: Chien-Pao|Protect\n|move|p2b: Calyrex|Glacial Lance|p1a: Chien-Pao|[spread] \n|-activate|p1a: Chien-Pao|move: Protect\n|-activate|p1b: Terapagos|move: Protect\n|\n|-heal|p1b: Terapagos|58\/100|[from] item: Leftovers\n|upkeep\n|turn|13\n|\n|t:|1718245346\n|move|p1b: Terapagos|Protect||[still]\n|-fail|p1b: Terapagos\n|move|p1a: Chien-Pao|Protect||[still]\n|-fail|p1a: Chien-Pao\n|move|p2b: Calyrex|Glacial Lance|p1a: Chien-Pao|[spread] p1a,p1b\n|-resisted|p1a: Chien-Pao\n|-damage|p1a: Chien-Pao|0 fnt\n|-damage|p1b: Terapagos|0 fnt\n|faint|p1a: Chien-Pao\n|faint|p1b: Terapagos\n|\n|win|The Umpire\n|raw|tornadus drill's rating: 1751 &rarr; <strong>1730<\/strong><br \/>(-21 for losing)\n|raw|The Umpire's rating: 1736 &rarr; <strong>1757<\/strong><br \/>(+21 for winning)\n|l|\u2606tornadus drill\n|player|p1|\n|l|\u2606The Umpire\n|player|p2|\n|j| HarukaSlowpoke\n","uploadtime":1718245549,"views":66,"formatid":"gen9vgc2024regg","rating":1730,"private":0,"password":null}