{"id":"gen9vgc2024regg-2142276486","format":"[Gen 9] VGC 2024 Reg G","players":["mistah mistah 11","tornadus drill"],"log":"|j|\u2606mistah mistah 11\n|j|\u2606tornadus drill\n|t:|1718243859\n|gametype|doubles\n|player|p1|mistah mistah 11|169|1661\n|player|p2|tornadus drill|169|1762\n|teamsize|p1|6\n|teamsize|p2|6\n|gen|9\n|tier|[Gen 9] VGC 2024 Reg G\n|rated|\n|rule|Species Clause: Limit one of each Pok\u00e9mon\n|rule|Item Clause: Limit one of each item\n|clearpoke\n|poke|p1|Eternatus, L50|\n|poke|p1|Tinkaton, L50, F|\n|poke|p1|Tornadus, L50, M|\n|poke|p1|Urshifu-*, L50, F|\n|poke|p1|Cresselia, L50, F|\n|poke|p1|Landorus, L50, M|\n|poke|p2|Terapagos, L50, M|\n|poke|p2|Clefairy, L50, M|\n|poke|p2|Rillaboom, L50, M|\n|poke|p2|Skeledirge, L50, F|\n|poke|p2|Urshifu-*, L50, M|\n|poke|p2|Chien-Pao, L50|\n|teampreview|4\n|\n|t:|1718243883\n|start\n|switch|p1a: Tinkaton|Tinkaton, L50, F|100\/100\n|switch|p1b: Eternatus|Eternatus, L50|100\/100\n|switch|p2a: Skeledirge|Skeledirge, L50, F|100\/100\n|switch|p2b: Urshifu|Urshifu, L50, M|100\/100\n|-ability|p1b: Eternatus|Pressure\n|-ability|p1a: Tinkaton|Mold Breaker\n|turn|1\n|\n|t:|1718243917\n|switch|p2b: Terapagos|Terapagos, L50, M|100\/100\n|-activate|p2b: Terapagos|ability: Tera Shift\n|detailschange|p2b: Terapagos|Terapagos-Terastal, L50, M\n|-heal|p2b: Terapagos|100\/100|[silent]\n|move|p1a: Tinkaton|Feint|p2b: Terapagos\n|-damage|p2b: Terapagos|94\/100\n|move|p1b: Eternatus|Sludge Wave|p2b: Terapagos|[spread] p2a,p2b\n|-immune|p1a: Tinkaton\n|-resisted|p2a: Skeledirge\n|-crit|p2a: Skeledirge\n|-damage|p2a: Skeledirge|62\/100\n|-damage|p2b: Terapagos|48\/100\n|move|p2a: Skeledirge|Yawn|p1b: Eternatus\n|-start|p1b: Eternatus|move: Yawn|[of] p2a: Skeledirge\n|\n|-heal|p2b: Terapagos|54\/100|[from] item: Leftovers\n|upkeep\n|turn|2\n|\n|t:|1718243946\n|-terastallize|p1b: Eternatus|Poison\n|move|p1a: Tinkaton|Feint|p2b: Terapagos\n|-damage|p2b: Terapagos|48\/100\n|move|p1b: Eternatus|Sludge Wave|p2a: Skeledirge|[spread] p2a,p2b\n|-immune|p1a: Tinkaton\n|-resisted|p2a: Skeledirge\n|-damage|p2a: Skeledirge|22\/100\n|-damage|p2b: Terapagos|0 fnt\n|faint|p2b: Terapagos\n|move|p2a: Skeledirge|Torch Song|p1a: Tinkaton\n|-supereffective|p1a: Tinkaton\n|-damage|p1a: Tinkaton|63\/100\n|-boost|p2a: Skeledirge|spa|1\n|-enditem|p2a: Skeledirge|Throat Spray\n|-boost|p2a: Skeledirge|spa|1|[from] item: Throat Spray\n|\n|-end|p1b: Eternatus|move: Yawn|[silent]\n|-status|p1b: Eternatus|slp\n|upkeep\n|\n|t:|1718243960\n|switch|p2b: Urshifu|Urshifu, L50, M|100\/100\n|turn|3\n|\n|t:|1718243975\n|-terastallize|p2b: Urshifu|Dark\n|cant|p1b: Eternatus|slp\n|move|p2b: Urshifu|Wicked Blow|p1b: Eternatus\n|-crit|p1b: Eternatus\n|-damage|p1b: Eternatus|0 fnt\n|faint|p1b: Eternatus\n|move|p1a: Tinkaton|Knock Off|p2b: Urshifu\n|-resisted|p2b: Urshifu\n|-damage|p2b: Urshifu|89\/100\n|-enditem|p2b: Urshifu|Choice Band|[from] move: Knock Off|[of] p1a: Tinkaton\n|move|p2a: Skeledirge|Torch Song|p1a: Tinkaton\n|-supereffective|p1a: Tinkaton\n|-damage|p1a: Tinkaton|0 fnt\n|-boost|p2a: Skeledirge|spa|1\n|faint|p1a: Tinkaton\n|\n|upkeep\n|\n|t:|1718243989\n|switch|p1b: Tornadus|Tornadus, L50, M|100\/100\n|switch|p1a: Landorus|Landorus, L50, M|100\/100\n|turn|4\n|\n|t:|1718244001\n|move|p1b: Tornadus|Rain Dance|p1b: Tornadus\n|-weather|RainDance\n|move|p1a: Landorus|Sandsear Storm|p2a: Skeledirge|[spread] p2a,p2b\n|-supereffective|p2a: Skeledirge\n|-damage|p2a: Skeledirge|0 fnt\n|-damage|p2b: Urshifu|0 fnt\n|faint|p2a: Skeledirge\n|faint|p2b: Urshifu\n|\n|-weather|RainDance|[upkeep]\n|upkeep\n|\n|t:|1718244006\n|switch|p2b: Chien-Pao|Chien-Pao, L50|100\/100\n|-ability|p2b: Chien-Pao|Sword of Ruin\n|turn|5\n|\n|t:|1718244020\n|move|p2b: Chien-Pao|Ice Spinner|p1b: Tornadus\n|-supereffective|p1b: Tornadus\n|-enditem|p1b: Tornadus|Focus Sash\n|-damage|p1b: Tornadus|1\/100\n|move|p1b: Tornadus|Hurricane|p2b: Chien-Pao\n|-damage|p2b: Chien-Pao|11\/100\n|move|p1a: Landorus|Earth Power|p2b: Chien-Pao\n|-damage|p2b: Chien-Pao|0 fnt\n|faint|p2b: Chien-Pao\n|\n|win|mistah mistah 11\n|raw|mistah mistah 11's rating: 1661 &rarr; <strong>1687<\/strong><br \/>(+26 for winning)\n|raw|tornadus drill's rating: 1762 &rarr; <strong>1736<\/strong><br \/>(-26 for losing)\n|l|\u2606tornadus drill\n|player|p2|\n|l|\u2606mistah mistah 11\n|player|p1|\n","uploadtime":1718244167,"views":27,"formatid":"gen9vgc2024regg","rating":1687,"private":0,"password":null}