{"id":"gen9vgc2024regg-2142942772","format":"[Gen 9] VGC 2024 Reg G","players":["player1111","Krisuerte"],"log":"|j|\u2606player1111\n|j|\u2606Krisuerte\n|t:|1718332661\n|gametype|doubles\n|player|p1|player1111|serena-masters|1723\n|player|p2|Krisuerte|1|1773\n|teamsize|p1|6\n|teamsize|p2|6\n|gen|9\n|tier|[Gen 9] VGC 2024 Reg G\n|rated|\n|rule|Species Clause: Limit one of each Pok\u00e9mon\n|rule|Item Clause: Limit one of each item\n|clearpoke\n|poke|p1|Kyogre, L50|\n|poke|p1|Tsareena, L50, F|\n|poke|p1|Incineroar, L50, M|\n|poke|p1|Landorus, L50, M|\n|poke|p1|Tornadus, L50, M|\n|poke|p1|Archaludon, L50, F|\n|poke|p2|Sinistcha-Masterpiece, L50|\n|poke|p2|Kyogre, L50|\n|poke|p2|Tornadus, L50, M|\n|poke|p2|Urshifu-*, L50, F|\n|poke|p2|Archaludon, L50, F|\n|poke|p2|Landorus, L50, M|\n|teampreview|4\n|j| lanlanc2\n|inactive|Battle timer is ON: inactive players will automatically lose when time's up. (requested by Krisuerte)\n|\n|t:|1718332696\n|start\n|switch|p1a: Tornadus|Tornadus, L50, M|100\/100\n|switch|p1b: Tsareena|Tsareena, L50, F|100\/100\n|switch|p2a: Kyogre|Kyogre, L50|100\/100\n|switch|p2b: Archaludon|Archaludon, L50, F|100\/100\n|-weather|RainDance|[from] ability: Drizzle|[of] p2a: Kyogre\n|turn|1\n|\n|t:|1718332712\n|-terastallize|p2a: Kyogre|Ghost\n|move|p1b: Tsareena|Protect|p1b: Tsareena\n|-singleturn|p1b: Tsareena|Protect\n|move|p1a: Tornadus|Tailwind|p1a: Tornadus\n|-sidestart|p1: player1111|move: Tailwind\n|move|p2b: Archaludon|Electro Shot||[still]\n|-prepare|p2b: Archaludon|Electro Shot\n|-boost|p2b: Archaludon|spa|1\n|-anim|p2b: Archaludon|Electro Shot|p1a: Tornadus\n|-supereffective|p1a: Tornadus\n|-damage|p1a: Tornadus|0 fnt\n|faint|p1a: Tornadus\n|move|p2a: Kyogre|Ice Beam|p1b: Tsareena\n|-activate|p1b: Tsareena|move: Protect\n|\n|-weather|RainDance|[upkeep]\n|upkeep\n|\n|t:|1718332727\n|switch|p1a: Kyogre|Kyogre, L50|100\/100\n|turn|2\n|\n|t:|1718332734\n|-terastallize|p1a: Kyogre|Water\n|move|p1b: Tsareena|Triple Axel|p2b: Archaludon\n|-damage|p2b: Archaludon|96\/100\n|-ability|p2b: Archaludon|Stamina|boost\n|-boost|p2b: Archaludon|def|1\n|-damage|p2b: Archaludon|90\/100\n|-ability|p2b: Archaludon|Stamina|boost\n|-boost|p2b: Archaludon|def|1\n|-damage|p2b: Archaludon|83\/100\n|-ability|p2b: Archaludon|Stamina|boost\n|-boost|p2b: Archaludon|def|1\n|-hitcount|p2b: Archaludon|3\n|move|p1a: Kyogre|Water Spout|p2a: Kyogre|[spread] p2a,p2b\n|-resisted|p2b: Archaludon\n|-damage|p2a: Kyogre|15\/100\n|-damage|p2b: Archaludon|23\/100\n|-ability|p2b: Archaludon|Stamina|boost\n|-boost|p2b: Archaludon|def|1\n|move|p2a: Kyogre|Ice Beam|p1a: Kyogre\n|-resisted|p1a: Kyogre\n|-damage|p1a: Kyogre|88\/100\n|move|p2b: Archaludon|Electro Shot||[still]\n|-prepare|p2b: Archaludon|Electro Shot\n|-boost|p2b: Archaludon|spa|1\n|-anim|p2b: Archaludon|Electro Shot|p1a: Kyogre\n|-supereffective|p1a: Kyogre\n|-damage|p1a: Kyogre|13\/100\n|\n|-weather|RainDance|[upkeep]\n|upkeep\n|turn|3\n|inactive|Krisuerte has 30 seconds left.\n|\n|t:|1718332768\n|switch|p2a: Sinistcha|Sinistcha-Masterpiece, L50|100\/100\n|-heal|p2b: Archaludon|48\/100|[from] ability: Hospitality|[of] p2a: Sinistcha\n|move|p1b: Tsareena|Power Whip|p2a: Sinistcha\n|-resisted|p2a: Sinistcha\n|-damage|p2a: Sinistcha|80\/100\n|-damage|p1b: Tsareena|84\/100|[from] item: Rocky Helmet|[of] p2a: Sinistcha\n|move|p1a: Kyogre|Origin Pulse|p2b: Archaludon|[spread] p2a,p2b\n|-resisted|p2a: Sinistcha\n|-resisted|p2b: Archaludon\n|-damage|p2a: Sinistcha|31\/100\n|-damage|p2b: Archaludon|2\/100\n|-ability|p2b: Archaludon|Stamina|boost\n|-boost|p2b: Archaludon|def|1\n|move|p2b: Archaludon|Snarl|p1b: Tsareena|[spread] p1a,p1b\n|-damage|p1a: Kyogre|0 fnt\n|-damage|p1b: Tsareena|53\/100\n|-unboost|p1b: Tsareena|spa|1\n|faint|p1a: Kyogre\n|\n|-weather|RainDance|[upkeep]\n|upkeep\n|\n|t:|1718332780\n|switch|p1a: Landorus|Landorus, L50, M|100\/100\n|turn|4\n|j| rabbihorn\n|inactive|Krisuerte has 30 seconds left.\n|j| THUNDERSND77\n|inactive|Krisuerte has 20 seconds left.\n|inactive|Krisuerte has 15 seconds left.\n|inactive|Krisuerte has 10 seconds left.\n|\n|t:|1718332825\n|move|p2a: Sinistcha|Rage Powder|p2a: Sinistcha\n|-singleturn|p2a: Sinistcha|move: Rage Powder\n|move|p1a: Landorus|Sandsear Storm|p2b: Archaludon|[spread] p2a,p2b\n|-resisted|p2a: Sinistcha\n|-supereffective|p2b: Archaludon\n|-damage|p2a: Sinistcha|8\/100\n|-damage|p2b: Archaludon|0 fnt\n|faint|p2b: Archaludon\n|move|p1b: Tsareena|Power Whip|p2a: Sinistcha\n|-resisted|p2a: Sinistcha\n|-damage|p2a: Sinistcha|0 fnt\n|-damage|p1b: Tsareena|37\/100|[from] item: Rocky Helmet|[of] p2a: Sinistcha\n|faint|p2a: Sinistcha\n|\n|-weather|RainDance|[upkeep]\n|-sideend|p1: player1111|move: Tailwind\n|upkeep\n|\n|t:|1718332840\n|switch|p2b: Urshifu|Urshifu-Rapid-Strike, L50, F|100\/100\n|switch|p2a: Kyogre|Kyogre, L50, tera:Ghost|15\/100\n|turn|5\n|\n|t:|1718332855\n|move|p1a: Landorus|Sandsear Storm|p2a: Kyogre|[spread] p2a,p2b\n|-damage|p2a: Kyogre|0 fnt\n|-damage|p2b: Urshifu|45\/100\n|faint|p2a: Kyogre\n|move|p1b: Tsareena|Power Whip|p2b: Urshifu\n|-supereffective|p2b: Urshifu\n|-damage|p2b: Urshifu|0 fnt\n|faint|p2b: Urshifu\n|\n|win|player1111\n|raw|player1111's rating: 1723 &rarr; <strong>1746<\/strong><br \/>(+23 for winning)\n|raw|Krisuerte's rating: 1773 &rarr; <strong>1750<\/strong><br \/>(-23 for losing)\n|l|\u2606player1111\n|player|p1|\n|l|\u2606Krisuerte\n|player|p2|\n|l| lanlanc2\n","uploadtime":1718332901,"views":48,"formatid":"gen9vgc2024regg","rating":1746,"private":0,"password":null}