{"id":"gen9vgc2024regg-2142354113","format":"[Gen 9] VGC 2024 Reg G","players":["cicibi","AZUNA_Fan"],"log":"|j|\u2606cicibi\n|j|\u2606AZUNA_Fan\n|t:|1718255686\n|gametype|doubles\n|player|p1|cicibi|cilan|1659\n|player|p2|AZUNA_Fan|dawn-gen4pt|1791\n|teamsize|p1|6\n|teamsize|p2|6\n|gen|9\n|tier|[Gen 9] VGC 2024 Reg G\n|rated|\n|rule|Species Clause: Limit one of each Pok\u00e9mon\n|rule|Item Clause: Limit one of each item\n|clearpoke\n|poke|p1|Raging Bolt, L50|\n|poke|p1|Amoonguss, L50, F|\n|poke|p1|Chi-Yu, L50|\n|poke|p1|Urshifu-*, L50, M|\n|poke|p1|Calyrex-Ice, L50|\n|poke|p1|Flutter Mane, L50|\n|poke|p2|Calyrex-Shadow, L50|\n|poke|p2|Urshifu-*, L50, F|\n|poke|p2|Indeedee-F, L50, F|\n|poke|p2|Maushold, L50|\n|poke|p2|Dondozo, L50, F|\n|poke|p2|Tatsugiri, L50, F|\n|teampreview|4\n|inactive|Battle timer is ON: inactive players will automatically lose when time's up. (requested by AZUNA_Fan)\n|inactive|cicibi has 60 seconds left.\n|inactive|AZUNA_Fan has 60 seconds left.\n|\n|t:|1718255737\n|start\n|switch|p1a: Flutter Mane|Flutter Mane, L50|100\/100\n|switch|p1b: Chi-Yu|Chi-Yu, L50|100\/100\n|switch|p2a: Calyrex|Calyrex-Shadow, L50|100\/100\n|switch|p2b: Urshifu|Urshifu, L50, F|100\/100\n|-ability|p2a: Calyrex|As One\n|-ability|p2a: Calyrex|Unnerve\n|-ability|p1b: Chi-Yu|Beads of Ruin\n|-enditem|p1a: Flutter Mane|Booster Energy\n|-activate|p1a: Flutter Mane|ability: Protosynthesis|[fromitem]\n|-start|p1a: Flutter Mane|protosynthesisspe\n|turn|1\n|inactive|cicibi has 30 seconds left.\n|inactive|AZUNA_Fan has 30 seconds left.\n|\n|t:|1718255771\n|-terastallize|p1a: Flutter Mane|Fairy\n|-terastallize|p2a: Calyrex|Dark\n|move|p2b: Urshifu|Sucker Punch|p1b: Chi-Yu\n|-resisted|p1b: Chi-Yu\n|-damage|p1b: Chi-Yu|54\/100\n|move|p1a: Flutter Mane|Icy Wind|p2b: Urshifu|[spread] p2a,p2b\n|-crit|p2a: Calyrex\n|-damage|p2a: Calyrex|74\/100\n|-damage|p2b: Urshifu|79\/100\n|-unboost|p2a: Calyrex|spe|1\n|-unboost|p2b: Urshifu|spe|1\n|move|p1b: Chi-Yu|Heat Wave|p2b: Urshifu|[spread] p2a,p2b\n|-crit|p2b: Urshifu\n|-damage|p2a: Calyrex|19\/100\n|-damage|p2b: Urshifu|0 fnt\n|faint|p2b: Urshifu\n|move|p2a: Calyrex|Astral Barrage|p1a: Flutter Mane|[spread] p1a,p1b\n|-resisted|p1b: Chi-Yu\n|-damage|p1a: Flutter Mane|11\/100\n|-damage|p1b: Chi-Yu|7\/100\n|\n|upkeep\n|\n|t:|1718255788\n|switch|p2b: Dondozo|Dondozo, L50, F|100\/100\n|turn|2\n|\n|t:|1718255798\n|switch|p2a: Tatsugiri|Tatsugiri, L50, F|100\/100\n|-activate|p2a: Tatsugiri|ability: Commander|[of] p2b: Dondozo\n|-boost|p2b: Dondozo|atk|2\n|-boost|p2b: Dondozo|spa|2\n|-boost|p2b: Dondozo|spe|2\n|-boost|p2b: Dondozo|def|2\n|-boost|p2b: Dondozo|spd|2\n|move|p1a: Flutter Mane|Protect|p1a: Flutter Mane\n|-singleturn|p1a: Flutter Mane|Protect\n|move|p1b: Chi-Yu|Protect|p1b: Chi-Yu\n|-singleturn|p1b: Chi-Yu|Protect\n|move|p2b: Dondozo|Earthquake|p1a: Flutter Mane|[spread] \n|-miss|p2b: Dondozo|p2a: Tatsugiri\n|-activate|p1a: Flutter Mane|move: Protect\n|-activate|p1b: Chi-Yu|move: Protect\n|\n|upkeep\n|turn|3\n|\n|t:|1718255823\n|move|p1a: Flutter Mane|Moonblast|p2b: Dondozo\n|-damage|p2b: Dondozo|69\/100\n|move|p2b: Dondozo|Earthquake|p1b: Chi-Yu|[spread] p1a,p1b\n|-miss|p2b: Dondozo|p2a: Tatsugiri\n|-supereffective|p1b: Chi-Yu\n|-damage|p1a: Flutter Mane|0 fnt\n|-damage|p1b: Chi-Yu|0 fnt\n|faint|p1a: Flutter Mane\n|-end|p1a: Flutter Mane|Protosynthesis|[silent]\n|faint|p1b: Chi-Yu\n|\n|upkeep\n|\n|t:|1718255834\n|switch|p1a: Amoonguss|Amoonguss, L50, F|100\/100\n|switch|p1b: Calyrex|Calyrex-Ice, L50|100\/100\n|-ability|p1b: Calyrex|As One\n|-ability|p1b: Calyrex|Unnerve\n|turn|4\n|\n|t:|1718255848\n|move|p2b: Dondozo|Order Up|p1a: Amoonguss\n|-damage|p1a: Amoonguss|73\/100\n|-boost|p2b: Dondozo|atk|1\n|move|p1b: Calyrex|High Horsepower|p2b: Dondozo\n|-damage|p2b: Dondozo|54\/100\n|-damage|p1b: Calyrex|84\/100|[from] item: Rocky Helmet|[of] p2b: Dondozo\n|move|p1a: Amoonguss|Spore|p2b: Dondozo\n|-status|p2b: Dondozo|slp|[from] move: Spore\n|\n|upkeep\n|turn|5\n|\n|t:|1718255862\n|cant|p2b: Dondozo|slp\n|move|p1b: Calyrex|Glacial Lance|p2b: Dondozo|[spread] p2b\n|-miss|p1b: Calyrex|p2a: Tatsugiri\n|-resisted|p2b: Dondozo\n|-crit|p2b: Dondozo\n|-damage|p2b: Dondozo|22\/100 slp\n|move|p1a: Amoonguss|Pollen Puff|p2b: Dondozo\n|-damage|p2b: Dondozo|15\/100 slp\n|\n|upkeep\n|turn|6\n|\n|t:|1718255877\n|move|p1a: Amoonguss|Rage Powder|p1a: Amoonguss\n|-singleturn|p1a: Amoonguss|move: Rage Powder\n|-curestatus|p2b: Dondozo|slp|[msg]\n|move|p2b: Dondozo|Order Up|p1a: Amoonguss\n|-damage|p1a: Amoonguss|35\/100\n|-enditem|p1a: Amoonguss|Sitrus Berry|[eat]\n|-heal|p1a: Amoonguss|60\/100|[from] item: Sitrus Berry\n|-boost|p2b: Dondozo|atk|1\n|move|p1b: Calyrex|Trick Room|p1b: Calyrex\n|-fieldstart|move: Trick Room|[of] p1b: Calyrex\n|\n|upkeep\n|turn|7\n|\n|t:|1718255891\n|move|p1a: Amoonguss|Pollen Puff|p2b: Dondozo\n|-damage|p2b: Dondozo|8\/100\n|move|p1b: Calyrex|Glacial Lance|p2a: Tatsugiri|[spread] p2b\n|-miss|p1b: Calyrex|p2a: Tatsugiri\n|-resisted|p2b: Dondozo\n|-damage|p2b: Dondozo|0 fnt\n|faint|p2b: Dondozo\n|-ability|p1b: Calyrex|Chilling Neigh|boost\n|-boost|p1b: Calyrex|atk|1\n|\n|upkeep\n|\n|t:|1718255900\n|switch|p2b: Calyrex|Calyrex-Shadow, L50, tera:Dark|19\/100\n|-ability|p2b: Calyrex|As One\n|-ability|p2b: Calyrex|Unnerve\n|turn|8\n|\n|t:|1718255911\n|move|p1a: Amoonguss|Pollen Puff|p2a: Tatsugiri\n|-damage|p2a: Tatsugiri|77\/100\n|move|p1b: Calyrex|Glacial Lance|p2b: Calyrex|[spread] p2a,p2b\n|-damage|p2a: Tatsugiri|0 fnt\n|-damage|p2b: Calyrex|0 fnt\n|faint|p2a: Tatsugiri\n|faint|p2b: Calyrex\n|\n|win|cicibi\n|raw|cicibi's rating: 1659 &rarr; <strong>1686<\/strong><br \/>(+27 for winning)\n|raw|AZUNA_Fan's rating: 1791 &rarr; <strong>1764<\/strong><br \/>(-27 for losing)\n|l|\u2606AZUNA_Fan\n|player|p2|\n|l|\u2606cicibi\n|player|p1|\n","uploadtime":1718256072,"views":26,"formatid":"gen9vgc2024regg","rating":1686,"private":0,"password":null}