{"id":"gen9vgc2024regg-2142704147","format":"[Gen 9] VGC 2024 Reg G","players":["kojiminori1","tornadus drill"],"log":"|j|\u2606kojiminori1\n|j|\u2606tornadus drill\n|t:|1718303530\n|gametype|doubles\n|player|p1|kojiminori1|170|1719\n|player|p2|tornadus drill|101|1669\n|teamsize|p1|6\n|teamsize|p2|6\n|gen|9\n|tier|[Gen 9] VGC 2024 Reg G\n|rated|\n|rule|Species Clause: Limit one of each Pok\u00e9mon\n|rule|Item Clause: Limit one of each item\n|clearpoke\n|poke|p1|Calyrex-Shadow, L50|\n|poke|p1|Flutter Mane, L50|\n|poke|p1|Dragonite, L50, F|\n|poke|p1|Chien-Pao, L50|\n|poke|p1|Magmar, L50, M|\n|poke|p1|Raging Bolt, L50|\n|poke|p2|Terapagos, L50, M|\n|poke|p2|Clefairy, L50, F|\n|poke|p2|Rillaboom, L50, F|\n|poke|p2|Skeledirge, L50, F|\n|poke|p2|Urshifu-*, L50, F|\n|poke|p2|Chien-Pao, L50|\n|teampreview|4\n|\n|t:|1718303552\n|start\n|switch|p1a: Calyrex|Calyrex-Shadow, L50|100\/100\n|switch|p1b: Magmar|Magmar, L50, M|100\/100\n|switch|p2a: Clefairy|Clefairy, L50, F|100\/100\n|switch|p2b: Terapagos|Terapagos, L50, M|100\/100\n|-ability|p1a: Calyrex|As One\n|-ability|p1a: Calyrex|Unnerve\n|-activate|p2b: Terapagos|ability: Tera Shift\n|detailschange|p2b: Terapagos|Terapagos-Terastal, L50, M\n|-heal|p2b: Terapagos|100\/100|[silent]\n|turn|1\n|j| Throwawayaccount42\n|j| futonkagebunshin\n|inactive|Battle timer is ON: inactive players will automatically lose when time's up. (requested by tornadus drill)\n|\n|t:|1718303597\n|move|p1a: Calyrex|Psyshock|p2a: Clefairy\n|-damage|p2a: Clefairy|65\/100\n|move|p1b: Magmar|Acid Spray|p2b: Terapagos\n|-activate|p2b: Terapagos|ability: Tera Shell\n|-resisted|p2b: Terapagos\n|-damage|p2b: Terapagos|98\/100\n|-unboost|p2b: Terapagos|spd|2\n|move|p2b: Terapagos|Calm Mind|p2b: Terapagos\n|-boost|p2b: Terapagos|spa|1\n|-boost|p2b: Terapagos|spd|1\n|move|p2a: Clefairy|Life Dew|p2a: Clefairy|[spread] p2a,p2b\n|-heal|p2a: Clefairy|90\/100\n|-heal|p2b: Terapagos|100\/100\n|\n|upkeep\n|turn|2\n|inactive|kojiminori1 has 30 seconds left.\n|\n|t:|1718303629\n|move|p2a: Clefairy|Protect|p2a: Clefairy\n|-singleturn|p2a: Clefairy|Protect\n|move|p1a: Calyrex|Psyshock|p2b: Terapagos\n|-activate|p2b: Terapagos|ability: Tera Shell\n|-resisted|p2b: Terapagos\n|-damage|p2b: Terapagos|86\/100\n|move|p1b: Magmar|Acid Spray|p2a: Clefairy\n|-activate|p2a: Clefairy|move: Protect\n|move|p2b: Terapagos|Calm Mind|p2b: Terapagos\n|-boost|p2b: Terapagos|spa|1\n|-boost|p2b: Terapagos|spd|1\n|\n|-heal|p2b: Terapagos|92\/100|[from] item: Leftovers\n|upkeep\n|turn|3\n|\n|t:|1718303648\n|-terastallize|p2b: Terapagos|Stellar\n|detailschange|p2b: Terapagos|Terapagos-Stellar, L50, M, tera:Stellar\n|-heal|p2b: Terapagos|94\/100|[silent]\n|move|p2a: Clefairy|Follow Me|p2a: Clefairy\n|-singleturn|p2a: Clefairy|move: Follow Me\n|move|p1a: Calyrex|Psyshock|p2a: Clefairy\n|-damage|p2a: Clefairy|49\/100\n|move|p1b: Magmar|Acid Spray|p2a: Clefairy\n|-supereffective|p2a: Clefairy\n|-damage|p2a: Clefairy|29\/100\n|-unboost|p2a: Clefairy|spd|2\n|move|p2b: Terapagos|Tera Starstorm|p1a: Calyrex|[spread] p1a,p1b\n|-damage|p1a: Calyrex|32\/100\n|-damage|p1b: Magmar|42\/100\n|\n|-heal|p2b: Terapagos|100\/100|[from] item: Leftovers\n|upkeep\n|turn|4\n|inactive|kojiminori1 has 30 seconds left.\n|inactive|kojiminori1 has 20 seconds left.\n|inactive|kojiminori1 has 15 seconds left.\n|\n|t:|1718303690\n|move|p1a: Calyrex|Protect|p1a: Calyrex\n|-singleturn|p1a: Calyrex|Protect\n|move|p2a: Clefairy|Protect|p2a: Clefairy\n|-singleturn|p2a: Clefairy|Protect\n|move|p1b: Magmar|Acid Spray|p2a: Clefairy\n|-activate|p2a: Clefairy|move: Protect\n|move|p2b: Terapagos|Tera Starstorm|p1a: Calyrex|[spread] p1b\n|-activate|p1a: Calyrex|move: Protect\n|-damage|p1b: Magmar|0 fnt\n|faint|p1b: Magmar\n|\n|upkeep\n|\n|t:|1718303704\n|switch|p1b: Dragonite|Dragonite, L50, F|100\/100\n|turn|5\n|\n|t:|1718303710\n|move|p2a: Clefairy|Helping Hand|p2b: Terapagos\n|-singleturn|p2b: Terapagos|Helping Hand|[of] p2a: Clefairy\n|move|p1a: Calyrex|Psyshock|p2a: Clefairy\n|-damage|p2a: Clefairy|0 fnt\n|faint|p2a: Clefairy\n|-ability|p1a: Calyrex|Grim Neigh|boost\n|-boost|p1a: Calyrex|spa|1\n|move|p2b: Terapagos|Tera Starstorm|p1b: Dragonite|[spread] p1a,p1b\n|-damage|p1a: Calyrex|0 fnt\n|-damage|p1b: Dragonite|56\/100\n|faint|p1a: Calyrex\n|move|p1b: Dragonite|Outrage|p2b: Terapagos\n|-damage|p2b: Terapagos|35\/100\n|\n|-heal|p2b: Terapagos|42\/100|[from] item: Leftovers\n|upkeep\n|j| bluestraggler02\n|\n|t:|1718303727\n|switch|p1a: Chien-Pao|Chien-Pao, L50|100\/100\n|switch|p2a: Chien-Pao|Chien-Pao, L50|100\/100\n|-ability|p1a: Chien-Pao|Sword of Ruin\n|-ability|p2a: Chien-Pao|Sword of Ruin\n|turn|6\n|\n|t:|1718303742\n|move|p2a: Chien-Pao|Ice Spinner|p1b: Dragonite\n|-supereffective|p1b: Dragonite\n|-damage|p1b: Dragonite|0 fnt\n|faint|p1b: Dragonite\n|move|p1a: Chien-Pao|Sacred Sword|p2b: Terapagos\n|-supereffective|p2b: Terapagos\n|-damage|p2b: Terapagos|0 fnt\n|faint|p2b: Terapagos\n|-damage|p1a: Chien-Pao|91\/100|[from] item: Life Orb\n|\n|upkeep\n|\n|t:|1718303744\n|switch|p2b: Skeledirge|Skeledirge, L50, F|100\/100\n|turn|7\n|\n|t:|1718303755\n|move|p1a: Chien-Pao|Protect|p1a: Chien-Pao\n|-singleturn|p1a: Chien-Pao|Protect\n|move|p2a: Chien-Pao|Sacred Sword|p1a: Chien-Pao\n|-activate|p1a: Chien-Pao|move: Protect\n|move|p2b: Skeledirge|Torch Song|p1a: Chien-Pao\n|-activate|p1a: Chien-Pao|move: Protect\n|\n|upkeep\n|turn|8\n|\n|t:|1718303767\n|-terastallize|p1a: Chien-Pao|Ghost\n|move|p2a: Chien-Pao|Sacred Sword|p1a: Chien-Pao\n|-immune|p1a: Chien-Pao\n|move|p1a: Chien-Pao|Sacred Sword|p2a: Chien-Pao\n|-supereffective|p2a: Chien-Pao\n|-crit|p2a: Chien-Pao\n|-enditem|p2a: Chien-Pao|Focus Sash\n|-damage|p2a: Chien-Pao|1\/100\n|-damage|p1a: Chien-Pao|81\/100|[from] item: Life Orb\n|move|p2b: Skeledirge|Torch Song|p1a: Chien-Pao\n|-damage|p1a: Chien-Pao|29\/100\n|-boost|p2b: Skeledirge|spa|1\n|-enditem|p2b: Skeledirge|Throat Spray\n|-boost|p2b: Skeledirge|spa|1|[from] item: Throat Spray\n|\n|upkeep\n|turn|9\n|\n|t:|1718303784\n|move|p1a: Chien-Pao|Protect|p1a: Chien-Pao\n|-singleturn|p1a: Chien-Pao|Protect\n|move|p2a: Chien-Pao|Sucker Punch||[still]\n|-fail|p2a: Chien-Pao\n|move|p2b: Skeledirge|Torch Song|p1a: Chien-Pao\n|-activate|p1a: Chien-Pao|move: Protect\n|\n|upkeep\n|turn|10\n|\n|t:|1718303793\n|move|p1a: Chien-Pao|Sucker Punch|p2b: Skeledirge\n|-supereffective|p2b: Skeledirge\n|-damage|p2b: Skeledirge|1\/100\n|-damage|p1a: Chien-Pao|19\/100|[from] item: Life Orb\n|move|p2a: Chien-Pao|Sucker Punch||[still]\n|-fail|p2a: Chien-Pao\n|move|p2b: Skeledirge|Torch Song|p1a: Chien-Pao\n|-damage|p1a: Chien-Pao|0 fnt\n|-boost|p2b: Skeledirge|spa|1\n|faint|p1a: Chien-Pao\n|\n|win|tornadus drill\n|raw|kojiminori1's rating: 1719 &rarr; <strong>1695<\/strong><br \/>(-24 for losing)\n|raw|tornadus drill's rating: 1653 &rarr; <strong>1677<\/strong><br \/>(+24 for winning)\n|l|\u2606tornadus drill\n|player|p2|\n|l|\u2606kojiminori1\n|player|p1|\n","uploadtime":1718303974,"views":44,"formatid":"gen9vgc2024regg","rating":1677,"private":0,"password":null}