{"id":"gen9vgc2024regg-2142367790","format":"[Gen 9] VGC 2024 Reg G","players":["AZUNA_Fan","Pokenerd62"],"log":"|j|\u2606AZUNA_Fan\n|j|\u2606Pokenerd62\n|t:|1718258269\n|gametype|doubles\n|player|p1|AZUNA_Fan|dawn-gen4pt|1741\n|player|p2|Pokenerd62|2|1654\n|teamsize|p1|6\n|teamsize|p2|6\n|gen|9\n|tier|[Gen 9] VGC 2024 Reg G\n|rated|\n|rule|Species Clause: Limit one of each Pok\u00e9mon\n|rule|Item Clause: Limit one of each item\n|clearpoke\n|poke|p1|Calyrex-Shadow, L50|\n|poke|p1|Urshifu-*, L50, M|\n|poke|p1|Indeedee-F, L50, F|\n|poke|p1|Maushold, L50|\n|poke|p1|Dondozo, L50, M|\n|poke|p1|Tatsugiri, L50, M|\n|poke|p2|Dialga, L50|\n|poke|p2|Iron Hands, L50|\n|poke|p2|Roaring Moon, L50|\n|poke|p2|Dondozo, L50, F|\n|poke|p2|Glimmora, L50, M|\n|poke|p2|Tatsugiri, L50, F|\n|teampreview|4\n|inactive|Battle timer is ON: inactive players will automatically lose when time's up. (requested by AZUNA_Fan)\n|inactive|AZUNA_Fan has 60 seconds left.\n|\n|t:|1718258327\n|start\n|switch|p1a: Calyrex|Calyrex-Shadow, L50|100\/100\n|switch|p1b: Maushold|Maushold, L50|100\/100\n|switch|p2a: Dialga|Dialga, L50|100\/100\n|switch|p2b: Glimmora|Glimmora, L50, M|100\/100\n|-ability|p1a: Calyrex|As One\n|-ability|p1a: Calyrex|Unnerve\n|-ability|p2a: Dialga|Pressure\n|turn|1\n|\n|t:|1718258341\n|-terastallize|p1a: Calyrex|Dark\n|move|p1b: Maushold|Helping Hand|p1a: Calyrex\n|-singleturn|p1a: Calyrex|Helping Hand|[of] p1b: Maushold\n|move|p1a: Calyrex|Astral Barrage|p2a: Dialga|[spread] p2a,p2b\n|-damage|p2a: Dialga|32\/100\n|-enditem|p2b: Glimmora|Focus Sash\n|-damage|p2b: Glimmora|1\/100\n|-enditem|p2a: Dialga|Red Card|[of] p1a: Calyrex\n|drag|p1a: Indeedee|Indeedee-F, L50, F|100\/100\n|-fieldstart|move: Psychic Terrain|[from] ability: Psychic Surge|[of] p1a: Indeedee\n|move|p2b: Glimmora|Toxic Spikes|p1b: Maushold\n|-sidestart|p1: AZUNA_Fan|move: Toxic Spikes\n|move|p2a: Dialga|Stealth Rock|p1b: Maushold\n|-sidestart|p1: AZUNA_Fan|move: Stealth Rock\n|\n|upkeep\n|turn|2\n|\n|t:|1718258359\n|move|p2b: Glimmora|Mortal Spin|p1a: Indeedee|[spread] p1a,p1b\n|-damage|p1a: Indeedee|98\/100\n|-damage|p1b: Maushold|96\/100\n|-status|p1a: Indeedee|psn\n|-status|p1b: Maushold|psn\n|move|p1b: Maushold|Thunder Wave|p2a: Dialga|[miss]\n|-miss|p1b: Maushold|p2a: Dialga\n|move|p2a: Dialga|Dragon Pulse|p1b: Maushold\n|-damage|p1b: Maushold|52\/100 psn\n|move|p1a: Indeedee|Dazzling Gleam|p2b: Glimmora|[spread] p2a,p2b\n|-resisted|p2b: Glimmora\n|-damage|p2a: Dialga|24\/100\n|-damage|p2b: Glimmora|0 fnt\n|faint|p2b: Glimmora\n|\n|-damage|p1b: Maushold|40\/100 psn|[from] psn\n|-damage|p1a: Indeedee|85\/100 psn|[from] psn\n|upkeep\n|\n|t:|1718258371\n|switch|p2b: Dondozo|Dondozo, L50, F|100\/100\n|turn|3\n|\n|t:|1718258385\n|move|p2b: Dondozo|Protect|p2b: Dondozo\n|-singleturn|p2b: Dondozo|Protect\n|move|p1b: Maushold|Thunder Wave|p2b: Dondozo\n|-activate|p2b: Dondozo|move: Protect\n|move|p2a: Dialga|Dragon Pulse|p1b: Maushold\n|-damage|p1b: Maushold|0 fnt\n|faint|p1b: Maushold\n|move|p1a: Indeedee|Dazzling Gleam|p2a: Dialga|[spread] p2a\n|-activate|p2b: Dondozo|move: Protect\n|-damage|p2a: Dialga|15\/100\n|\n|-damage|p1a: Indeedee|73\/100 psn|[from] psn\n|upkeep\n|\n|t:|1718258398\n|switch|p1b: Calyrex|Calyrex-Shadow, L50, tera:Dark|100\/100\n|-ability|p1b: Calyrex|As One\n|-ability|p1b: Calyrex|Unnerve\n|-status|p1b: Calyrex|psn\n|-damage|p1b: Calyrex|88\/100 psn|[from] Stealth Rock\n|turn|4\n|\n|t:|1718258407\n|switch|p2a: Tatsugiri|Tatsugiri, L50, F|100\/100\n|-activate|p2a: Tatsugiri|ability: Commander|[of] p2b: Dondozo\n|-boost|p2b: Dondozo|atk|2\n|-boost|p2b: Dondozo|spa|2\n|-boost|p2b: Dondozo|spe|2\n|-boost|p2b: Dondozo|def|2\n|-boost|p2b: Dondozo|spd|2\n|move|p1a: Indeedee|Helping Hand|p1b: Calyrex\n|-singleturn|p1b: Calyrex|Helping Hand|[of] p1a: Indeedee\n|move|p1b: Calyrex|Astral Barrage|p2b: Dondozo|[spread] p2b\n|-miss|p1b: Calyrex|p2a: Tatsugiri\n|-damage|p2b: Dondozo|52\/100\n|move|p2b: Dondozo|Earthquake|p1b: Calyrex|[spread] p1a,p1b\n|-miss|p2b: Dondozo|p2a: Tatsugiri\n|-damage|p1a: Indeedee|36\/100 psn\n|-damage|p1b: Calyrex|50\/100 psn\n|\n|-heal|p2b: Dondozo|58\/100|[from] item: Leftovers\n|-damage|p1b: Calyrex|38\/100 psn|[from] psn\n|-damage|p1a: Indeedee|24\/100 psn|[from] psn\n|upkeep\n|turn|5\n|inactive|Pokenerd62 has 30 seconds left.\n|\n|t:|1718258434\n|switch|p1a: Urshifu|Urshifu, L50, M|100\/100\n|-status|p1a: Urshifu|psn\n|-damage|p1a: Urshifu|95\/100 psn|[from] Stealth Rock\n|move|p1b: Calyrex|Astral Barrage|p2b: Dondozo|[spread] p2b\n|-miss|p1b: Calyrex|p2a: Tatsugiri\n|-damage|p2b: Dondozo|23\/100\n|move|p2b: Dondozo|Earthquake|p1b: Calyrex|[spread] p1a,p1b\n|-miss|p2b: Dondozo|p2a: Tatsugiri\n|-damage|p1a: Urshifu|55\/100 psn\n|-damage|p1b: Calyrex|0 fnt\n|faint|p1b: Calyrex\n|\n|-heal|p2b: Dondozo|28\/100|[from] item: Leftovers\n|-damage|p1a: Urshifu|43\/100 psn|[from] psn\n|-fieldend|move: Psychic Terrain\n|upkeep\n|\n|t:|1718258450\n|switch|p1b: Indeedee|Indeedee-F, L50, F|24\/100 psn\n|-damage|p1b: Indeedee|11\/100 psn|[from] Stealth Rock\n|-fieldstart|move: Psychic Terrain|[from] ability: Psychic Surge|[of] p1b: Indeedee\n|turn|6\n|-message|AZUNA_Fan forfeited.\n|\n|win|Pokenerd62\n|raw|AZUNA_Fan's rating: 1741 &rarr; <strong>1716<\/strong><br \/>(-25 for losing)\n|raw|Pokenerd62's rating: 1654 &rarr; <strong>1679<\/strong><br \/>(+25 for winning)\n|l|\u2606AZUNA_Fan\n|player|p1|\n|l|\u2606Pokenerd62\n|player|p2|\n","uploadtime":1718258501,"views":87,"formatid":"gen9vgc2024regg","rating":1679,"private":0,"password":null}