{"id":"gen9vgc2024regg-2142712176","format":"[Gen 9] VGC 2024 Reg G","players":["kojiminori1","AZUNA_Fan"],"log":"|j|\u2606kojiminori1\n|j|\u2606AZUNA_Fan\n|t:|1718304365\n|gametype|doubles\n|player|p1|kojiminori1|170|1726\n|player|p2|AZUNA_Fan|dawn-gen4pt|1745\n|teamsize|p1|6\n|teamsize|p2|6\n|gen|9\n|tier|[Gen 9] VGC 2024 Reg G\n|rated|\n|rule|Species Clause: Limit one of each Pok\u00e9mon\n|rule|Item Clause: Limit one of each item\n|clearpoke\n|poke|p1|Calyrex-Shadow, L50|\n|poke|p1|Flutter Mane, L50|\n|poke|p1|Dragonite, L50, F|\n|poke|p1|Chien-Pao, L50|\n|poke|p1|Magmar, L50, F|\n|poke|p1|Raging Bolt, L50|\n|poke|p2|Calyrex-Shadow, L50|\n|poke|p2|Urshifu-*, L50, F|\n|poke|p2|Indeedee-F, L50, F|\n|poke|p2|Maushold, L50|\n|poke|p2|Dondozo, L50, F|\n|poke|p2|Tatsugiri, L50, F|\n|teampreview|4\n|inactive|Battle timer is ON: inactive players will automatically lose when time's up. (requested by AZUNA_Fan)\n|j| Throwawayaccount42\n|inactive|kojiminori1 has 60 seconds left.\n|inactive|AZUNA_Fan has 60 seconds left.\n|\n|t:|1718304418\n|start\n|switch|p1a: Calyrex|Calyrex-Shadow, L50|100\/100\n|switch|p1b: Chien-Pao|Chien-Pao, L50|100\/100\n|switch|p2a: Calyrex|Calyrex-Shadow, L50|100\/100\n|switch|p2b: Maushold|Maushold, L50|100\/100\n|-ability|p1a: Calyrex|As One\n|-ability|p1a: Calyrex|Unnerve\n|-ability|p2a: Calyrex|As One\n|-ability|p2a: Calyrex|Unnerve\n|-ability|p1b: Chien-Pao|Sword of Ruin\n|turn|1\n|\n|t:|1718304438\n|-terastallize|p2a: Calyrex|Dark\n|move|p1a: Calyrex|Protect|p1a: Calyrex\n|-singleturn|p1a: Calyrex|Protect\n|move|p2a: Calyrex|Astral Barrage|p1a: Calyrex|[spread] p1b\n|-activate|p1a: Calyrex|move: Protect\n|-resisted|p1b: Chien-Pao\n|-damage|p1b: Chien-Pao|43\/100\n|move|p1b: Chien-Pao|Sacred Sword|p2b: Maushold\n|-supereffective|p2b: Maushold\n|-damage|p2b: Maushold|0 fnt\n|faint|p2b: Maushold\n|-damage|p1b: Chien-Pao|34\/100|[from] item: Life Orb\n|\n|upkeep\n|\n|t:|1718304451\n|switch|p2b: Dondozo|Dondozo, L50, F|100\/100\n|turn|2\n|inactive|kojiminori1 has 30 seconds left.\n|inactive|AZUNA_Fan has 30 seconds left.\n|j| BlackWu\n|\n|t:|1718304479\n|move|p1b: Chien-Pao|Protect|p1b: Chien-Pao\n|-singleturn|p1b: Chien-Pao|Protect\n|move|p1a: Calyrex|Astral Barrage|p2a: Calyrex|[spread] p2a,p2b\n|-resisted|p2a: Calyrex\n|-damage|p2a: Calyrex|73\/100\n|-damage|p2b: Dondozo|52\/100\n|move|p2a: Calyrex|Astral Barrage|p1b: Chien-Pao|[spread] p1a\n|-activate|p1b: Chien-Pao|move: Protect\n|-supereffective|p1a: Calyrex\n|-damage|p1a: Calyrex|0 fnt\n|faint|p1a: Calyrex\n|-ability|p2a: Calyrex|Grim Neigh|boost\n|-boost|p2a: Calyrex|spa|1\n|move|p2b: Dondozo|Wave Crash|p1b: Chien-Pao\n|-activate|p1b: Chien-Pao|move: Protect\n|\n|upkeep\n|\n|t:|1718304498\n|switch|p1a: Dragonite|Dragonite, L50, F|100\/100\n|turn|3\n|\n|t:|1718304515\n|-terastallize|p1a: Dragonite|Normal\n|move|p2b: Dondozo|Protect|p2b: Dondozo\n|-singleturn|p2b: Dondozo|Protect\n|move|p1a: Dragonite|Extreme Speed|p2a: Calyrex\n|-damage|p2a: Calyrex|0 fnt\n|faint|p2a: Calyrex\n|move|p1b: Chien-Pao|Sacred Sword|p2b: Dondozo\n|-activate|p2b: Dondozo|move: Protect\n|\n|upkeep\n|\n|t:|1718304524\n|switch|p2a: Tatsugiri|Tatsugiri, L50, F|100\/100\n|-activate|p2a: Tatsugiri|ability: Commander|[of] p2b: Dondozo\n|-boost|p2b: Dondozo|atk|2\n|-boost|p2b: Dondozo|spa|2\n|-boost|p2b: Dondozo|spe|2\n|-boost|p2b: Dondozo|def|2\n|-boost|p2b: Dondozo|spd|2\n|turn|4\n|\n|t:|1718304534\n|move|p1a: Dragonite|Extreme Speed|p2b: Dondozo\n|-crit|p2b: Dondozo\n|-damage|p2b: Dondozo|0 fnt\n|-damage|p1a: Dragonite|84\/100|[from] item: Rocky Helmet|[of] p2b: Dondozo\n|faint|p2b: Dondozo\n|move|p1b: Chien-Pao|Sacred Sword|p2a: Tatsugiri\n|-enditem|p2a: Tatsugiri|Focus Sash\n|-damage|p2a: Tatsugiri|1\/100\n|-damage|p1b: Chien-Pao|24\/100|[from] item: Life Orb\n|\n|upkeep\n|turn|5\n|-message|AZUNA_Fan forfeited.\n|\n|win|kojiminori1\n|raw|kojiminori1's rating: 1726 &rarr; <strong>1747<\/strong><br \/>(+21 for winning)\n|raw|AZUNA_Fan's rating: 1745 &rarr; <strong>1724<\/strong><br \/>(-21 for losing)\n|l|\u2606AZUNA_Fan\n|player|p2|\n|l|\u2606kojiminori1\n|player|p1|\n|l| Throwawayaccount42\n","uploadtime":1718304731,"views":62,"formatid":"gen9vgc2024regg","rating":1724,"private":0,"password":null}