{"id":"gen9vgc2024regg-2143566922","format":"[Gen 9] VGC 2024 Reg G","players":["tuanzai233","Simreaper"],"log":"|j|\u2606tuanzai233\n|j|\u2606Simreaper\n|t:|1718418885\n|gametype|doubles\n|player|p1|tuanzai233|266|1715\n|player|p2|Simreaper|101|1730\n|teamsize|p1|6\n|teamsize|p2|6\n|gen|9\n|tier|[Gen 9] VGC 2024 Reg G\n|rated|\n|rule|Species Clause: Limit one of each Pok\u00e9mon\n|rule|Item Clause: Limit one of each item\n|clearpoke\n|poke|p1|Indeedee-F, L50, F|\n|poke|p1|Torkoal, L50, M|\n|poke|p1|Calyrex-Ice, L50|\n|poke|p1|Annihilape, L50, M|\n|poke|p1|Urshifu-*, L50, F|\n|poke|p1|Brute Bonnet, L50|\n|poke|p2|Annihilape, L50, M|\n|poke|p2|Whimsicott, L50, M|\n|poke|p2|Archaludon, L50, F|\n|poke|p2|Amoonguss, L50, F|\n|poke|p2|Kyogre, L50|\n|poke|p2|Mienshao, L50, F|\n|teampreview|4\n|\n|t:|1718418913\n|start\n|switch|p1a: Annihilape|Annihilape, L50, M|100\/100\n|switch|p1b: Brute Bonnet|Brute Bonnet, L50, shiny|100\/100\n|switch|p2a: Kyogre|Kyogre, L50|100\/100\n|switch|p2b: Mienshao|Mienshao, L50, F|100\/100\n|-weather|RainDance|[from] ability: Drizzle|[of] p2a: Kyogre\n|turn|1\n|inactive|Battle timer is ON: inactive players will automatically lose when time's up. (requested by Simreaper)\n|inactive|tuanzai233 also wants the timer to be on.\n|l|\u2606tuanzai233\n|inactive|tuanzai233 disconnected and has a minute to reconnect!\n|player|p1|\n|inactive|tuanzai233 has 30 seconds to reconnect!\n|j|\u2606tuanzai233\n|inactive|tuanzai233 reconnected and has 45 seconds left.\n|player|p1|tuanzai233|266|\n|\n|t:|1718418972\n|switch|p2a: Amoonguss|Amoonguss, L50, F|100\/100\n|move|p1a: Annihilape|Final Gambit|p2a: Amoonguss\n|-damage|p2a: Amoonguss|2\/100\n|faint|p1a: Annihilape\n|move|p2b: Mienshao|Taunt|p1b: Brute Bonnet\n|-start|p1b: Brute Bonnet|move: Taunt\n|cant|p1b: Brute Bonnet|move: Taunt|Spore\n|\n|-weather|RainDance|[upkeep]\n|upkeep\n|\n|t:|1718418979\n|switch|p1a: Calyrex|Calyrex-Ice, L50|100\/100\n|-ability|p1a: Calyrex|As One\n|-ability|p1a: Calyrex|Unnerve\n|turn|2\n|\n|t:|1718419002\n|switch|p2a: Archaludon|Archaludon, L50, F, shiny|100\/100\n|move|p2b: Mienshao|Taunt|p1a: Calyrex\n|-start|p1a: Calyrex|move: Taunt\n|move|p1b: Brute Bonnet|Pollen Puff|p2b: Mienshao\n|-resisted|p2b: Mienshao\n|-damage|p2b: Mienshao|85\/100\n|move|p1a: Calyrex|Glacial Lance|p2a: Archaludon|[spread] p2a,p2b\n|-damage|p2a: Archaludon|57\/100\n|-damage|p2b: Mienshao|0 fnt\n|-ability|p2a: Archaludon|Stamina|boost\n|-boost|p2a: Archaludon|def|1\n|faint|p2b: Mienshao\n|-ability|p1a: Calyrex|Chilling Neigh|boost\n|-boost|p1a: Calyrex|atk|1\n|\n|-weather|RainDance|[upkeep]\n|upkeep\n|\n|t:|1718419015\n|switch|p2b: Kyogre|Kyogre, L50|100\/100\n|turn|3\n|j| geekaleek\n|\n|t:|1718419031\n|-end|p1b: Brute Bonnet|Protosynthesis|[silent]\n|switch|p1b: Torkoal|Torkoal, L50, M|100\/100\n|-weather|SunnyDay|[from] ability: Drought|[of] p1b: Torkoal\n|move|p2b: Kyogre|Water Spout|p1a: Calyrex|[spread] p1a,p1b\n|-supereffective|p1b: Torkoal\n|-damage|p1a: Calyrex|73\/100\n|-damage|p1b: Torkoal|1\/100\n|move|p2a: Archaludon|Electro Shot||[still]\n|-prepare|p2a: Archaludon|Electro Shot\n|-boost|p2a: Archaludon|spa|1\n|move|p1a: Calyrex|Glacial Lance|p2a: Archaludon|[spread] p2a,p2b\n|-resisted|p2b: Kyogre\n|-damage|p2a: Archaludon|12\/100\n|-damage|p2b: Kyogre|51\/100\n|-ability|p2a: Archaludon|Stamina|boost\n|-boost|p2a: Archaludon|def|1\n|\n|-weather|SunnyDay|[upkeep]\n|upkeep\n|turn|4\n|\n|t:|1718419048\n|switch|p1b: Brute Bonnet|Brute Bonnet, L50, shiny|100\/100\n|-activate|p1b: Brute Bonnet|ability: Protosynthesis\n|-start|p1b: Brute Bonnet|protosynthesisdef\n|move|p2b: Kyogre|Protect|p2b: Kyogre\n|-singleturn|p2b: Kyogre|Protect\n|move|p2a: Archaludon|Electro Shot|p1a: Calyrex|[from]lockedmove\n|-damage|p1a: Calyrex|28\/100\n|move|p1a: Calyrex|Glacial Lance|p2b: Kyogre|[spread] p2a\n|-activate|p2b: Kyogre|move: Protect\n|-damage|p2a: Archaludon|0 fnt\n|faint|p2a: Archaludon\n|-ability|p1a: Calyrex|Chilling Neigh|boost\n|-boost|p1a: Calyrex|atk|1\n|\n|-weather|SunnyDay|[upkeep]\n|-end|p1a: Calyrex|move: Taunt\n|upkeep\n|\n|t:|1718419058\n|switch|p2a: Amoonguss|Amoonguss, L50, F|35\/100\n|turn|5\n|\n|t:|1718419079\n|-terastallize|p2b: Kyogre|Grass\n|move|p2b: Kyogre|Origin Pulse|p1b: Brute Bonnet|[spread] p1a,p1b\n|-resisted|p1b: Brute Bonnet\n|-damage|p1a: Calyrex|9\/100\n|-damage|p1b: Brute Bonnet|91\/100\n|move|p1b: Brute Bonnet|Pollen Puff|p1a: Calyrex\n|-heal|p1a: Calyrex|59\/100\n|move|p1a: Calyrex|Glacial Lance|p2a: Amoonguss|[spread] p2a,p2b\n|-supereffective|p2a: Amoonguss\n|-supereffective|p2b: Kyogre\n|-damage|p2a: Amoonguss|0 fnt\n|-damage|p2b: Kyogre|0 fnt\n|faint|p2a: Amoonguss\n|faint|p2b: Kyogre\n|\n|win|tuanzai233\n|raw|tuanzai233's rating: 1715 &rarr; <strong>1736<\/strong><br \/>(+21 for winning)\n|raw|Simreaper's rating: 1730 &rarr; <strong>1709<\/strong><br \/>(-21 for losing)\n|l|\u2606Simreaper\n|player|p2|\n|l|\u2606tuanzai233\n|player|p1|\n|l| geekaleek\n","uploadtime":1718419220,"views":18,"formatid":"gen9vgc2024regg","rating":1709,"private":0,"password":null}