{"id":"gen9vgc2024regg-2143751333","format":"[Gen 9] VGC 2024 Reg G","players":["Cocobeloeil1","Bobby Seegul"],"log":"|j|\u2606Cocobeloeil1\n|j|\u2606Bobby Seegul\n|t:|1718454135\n|gametype|doubles\n|player|p1|Cocobeloeil1|169|1706\n|player|p2|Bobby Seegul|buck|1684\n|teamsize|p1|6\n|teamsize|p2|6\n|gen|9\n|tier|[Gen 9] VGC 2024 Reg G\n|rated|\n|rule|Species Clause: Limit one of each Pok\u00e9mon\n|rule|Item Clause: Limit one of each item\n|clearpoke\n|poke|p1|Eternatus, L50|\n|poke|p1|Amoonguss, L50, M|\n|poke|p1|Flutter Mane, L50|\n|poke|p1|Glimmora, L50, M|\n|poke|p1|Urshifu-*, L50, M|\n|poke|p1|Grimmsnarl, L50, M|\n|poke|p2|Eternatus, L50|\n|poke|p2|Rillaboom, L50, F|\n|poke|p2|Grimmsnarl, L50, M|\n|poke|p2|Ting-Lu, L50|\n|poke|p2|Ogerpon-Wellspring, L50, F|\n|poke|p2|Heatran, L50, F|\n|teampreview|4\n|j| 1st gen magnetron\n|inactive|Battle timer is ON: inactive players will automatically lose when time's up. (requested by Cocobeloeil1)\n|inactive|Bobby Seegul has 60 seconds left.\n|\n|t:|1718454231\n|start\n|switch|p1a: Eternatus|Eternatus, L50|100\/100\n|switch|p1b: Grimmsnarl|Grimmsnarl, L50, M|100\/100\n|switch|p2a: Grimmsnarl|Grimmsnarl, L50, M|100\/100\n|switch|p2b: Ting-Lu|Ting-Lu, L50|100\/100\n|-ability|p1a: Eternatus|Pressure\n|-ability|p2b: Ting-Lu|Vessel of Ruin\n|turn|1\n|\n|t:|1718454248\n|-terastallize|p1a: Eternatus|Poison\n|move|p2a: Grimmsnarl|Light Screen|p2a: Grimmsnarl\n|-sidestart|p2: Bobby Seegul|move: Light Screen\n|move|p1b: Grimmsnarl|Reflect|p1b: Grimmsnarl\n|-sidestart|p1: Cocobeloeil1|Reflect\n|move|p1a: Eternatus|Sludge Bomb|p2a: Grimmsnarl\n|-supereffective|p2a: Grimmsnarl\n|-damage|p2a: Grimmsnarl|1\/100\n|-status|p2a: Grimmsnarl|psn\n|move|p2b: Ting-Lu|Snarl|p1a: Eternatus|[spread] p1a,p1b\n|-crit|p1a: Eternatus\n|-resisted|p1b: Grimmsnarl\n|-damage|p1a: Eternatus|91\/100\n|-damage|p1b: Grimmsnarl|99\/100\n|-unboost|p1a: Eternatus|spa|1\n|-unboost|p1b: Grimmsnarl|spa|1\n|\n|-damage|p2a: Grimmsnarl|0 fnt|[from] psn\n|faint|p2a: Grimmsnarl\n|upkeep\n|\n|t:|1718454260\n|switch|p2a: Ogerpon|Ogerpon-Wellspring, L50, F|100\/100\n|turn|2\n|\n|t:|1718454265\n|switch|p1a: Amoonguss|Amoonguss, L50, M|100\/100\n|-terastallize|p2a: Ogerpon|Water\n|detailschange|p2a: Ogerpon|Ogerpon-Wellspring-Tera, L50, F, tera:Water\n|-ability|p2a: Ogerpon|Embody Aspect (Wellspring)|boost\n|-boost|p2a: Ogerpon|spd|1\n|move|p1b: Grimmsnarl|Thunder Wave|p2a: Ogerpon\n|-status|p2a: Ogerpon|par\n|move|p2a: Ogerpon|Swords Dance|p2a: Ogerpon\n|-boost|p2a: Ogerpon|atk|2\n|move|p2b: Ting-Lu|Fissure|p1a: Amoonguss\n|-damage|p1a: Amoonguss|0 fnt\n|faint|p1a: Amoonguss\n|-ohko\n|\n|upkeep\n|\n|t:|1718454283\n|switch|p1a: Flutter Mane|Flutter Mane, L50|100\/100\n|-enditem|p1a: Flutter Mane|Booster Energy\n|-activate|p1a: Flutter Mane|ability: Protosynthesis|[fromitem]\n|-start|p1a: Flutter Mane|protosynthesisspe\n|turn|3\n|\n|t:|1718454293\n|move|p1a: Flutter Mane|Protect|p1a: Flutter Mane\n|-singleturn|p1a: Flutter Mane|Protect\n|move|p2a: Ogerpon|Ivy Cudgel|p1b: Grimmsnarl|[anim] Ivy Cudgel Water\n|-damage|p1b: Grimmsnarl|15\/100\n|move|p1b: Grimmsnarl|Foul Play|p2a: Ogerpon\n|-damage|p2a: Ogerpon|7\/100 par\n|move|p2b: Ting-Lu|Snarl|p1b: Grimmsnarl|[spread] p1b\n|-activate|p1a: Flutter Mane|move: Protect\n|-resisted|p1b: Grimmsnarl\n|-damage|p1b: Grimmsnarl|13\/100\n|-unboost|p1b: Grimmsnarl|spa|1\n|\n|upkeep\n|turn|4\n|inactive|Bobby Seegul has 30 seconds left.\n|\n|t:|1718454318\n|move|p2a: Ogerpon|Spiky Shield|p2a: Ogerpon\n|-singleturn|p2a: Ogerpon|move: Protect\n|move|p1b: Grimmsnarl|Light Screen|p1b: Grimmsnarl\n|-sidestart|p1: Cocobeloeil1|move: Light Screen\n|move|p1a: Flutter Mane|Moonblast|p2a: Ogerpon\n|-activate|p2a: Ogerpon|move: Protect\n|move|p2b: Ting-Lu|Stomping Tantrum|p1b: Grimmsnarl\n|-damage|p1b: Grimmsnarl|0 fnt\n|faint|p1b: Grimmsnarl\n|\n|upkeep\n|\n|t:|1718454321\n|switch|p1b: Eternatus|Eternatus, L50, tera:Poison|91\/100\n|-ability|p1b: Eternatus|Pressure\n|turn|5\n|j| Kurbies\n|\n|t:|1718454334\n|move|p1a: Flutter Mane|Moonblast|p2b: Ting-Lu\n|-supereffective|p2b: Ting-Lu\n|-damage|p2b: Ting-Lu|82\/100\n|-unboost|p2b: Ting-Lu|spa|1\n|move|p1b: Eternatus|Draco Meteor|p2b: Ting-Lu\n|-damage|p2b: Ting-Lu|60\/100\n|-unboost|p1b: Eternatus|spa|2\n|move|p2a: Ogerpon|Horn Leech|p1a: Flutter Mane\n|-damage|p1a: Flutter Mane|18\/100\n|-heal|p2a: Ogerpon|45\/100 par|[from] drain|[of] p1a: Flutter Mane\n|move|p2b: Ting-Lu|Stomping Tantrum|p1b: Eternatus\n|-supereffective|p1b: Eternatus\n|-damage|p1b: Eternatus|57\/100\n|\n|upkeep\n|turn|6\n|inactive|Bobby Seegul has 30 seconds left.\n|\n|t:|1718454360\n|move|p1a: Flutter Mane|Moonblast|p2b: Ting-Lu\n|-supereffective|p2b: Ting-Lu\n|-damage|p2b: Ting-Lu|42\/100\n|move|p1b: Eternatus|Draco Meteor|p2a: Ogerpon\n|-damage|p2a: Ogerpon|23\/100 par\n|-unboost|p1b: Eternatus|spa|2\n|move|p2a: Ogerpon|Ivy Cudgel|p1b: Eternatus|[anim] Ivy Cudgel Water\n|-damage|p1b: Eternatus|0 fnt\n|faint|p1b: Eternatus\n|move|p2b: Ting-Lu|Stomping Tantrum|p1a: Flutter Mane\n|-damage|p1a: Flutter Mane|0 fnt\n|faint|p1a: Flutter Mane\n|-end|p1a: Flutter Mane|Protosynthesis|[silent]\n|\n|win|Bobby Seegul\n|raw|Cocobeloeil1's rating: 1706 &rarr; <strong>1685<\/strong><br \/>(-21 for losing)\n|raw|Bobby Seegul's rating: 1684 &rarr; <strong>1705<\/strong><br \/>(+21 for winning)\n|c|\u2606Cocobeloeil1|Gg\n|l|\u2606Cocobeloeil1\n|player|p1|\n|l|\u2606Bobby Seegul\n|player|p2|\n|l| 1st gen magnetron\n|l| Kurbies\n","uploadtime":1718454508,"views":20,"formatid":"gen9vgc2024regg","rating":1685,"private":0,"password":null}