{"id":"gen9vgc2024regg-2143063160","format":"[Gen 9] VGC 2024 Reg G","players":["rongyin1","sturbyy"],"log":"|j|\u2606rongyin1\n|j|\u2606sturbyy\n|t:|1718353724\n|gametype|doubles\n|player|p1|rongyin1|dawn|1724\n|player|p2|sturbyy|101|1667\n|teamsize|p1|6\n|teamsize|p2|6\n|gen|9\n|tier|[Gen 9] VGC 2024 Reg G\n|rated|\n|rule|Species Clause: Limit one of each Pok\u00e9mon\n|rule|Item Clause: Limit one of each item\n|clearpoke\n|poke|p1|Calyrex-Shadow, L50|\n|poke|p1|Regigigas, L50|\n|poke|p1|Iron Hands, L50|\n|poke|p1|Amoonguss, L50, M|\n|poke|p1|Weezing-Galar, L50, F|\n|poke|p1|Sableye, L50, M|\n|poke|p2|Incineroar, L50, M|\n|poke|p2|Calyrex-Ice, L50|\n|poke|p2|Amoonguss, L50, F|\n|poke|p2|Urshifu-*, L50, F|\n|poke|p2|Pelipper, L50, M|\n|poke|p2|Raging Bolt, L50|\n|teampreview|4\n|j| Jasper2452\n|j| CynthiasPuppyGirl\n|\n|t:|1718353744\n|start\n|switch|p1a: Regigigas|Regigigas, L50|100\/100\n|switch|p1b: Weezing|Weezing-Galar, L50, F|100\/100\n|switch|p2a: Incineroar|Incineroar, L50, M|100\/100\n|switch|p2b: Calyrex|Calyrex-Ice, L50|100\/100\n|-ability|p1b: Weezing|Neutralizing Gas\n|-ability|p2b: Calyrex|As One\n|-ability|p2b: Calyrex|Unnerve\n|turn|1\n|inactive|Battle timer is ON: inactive players will automatically lose when time's up. (requested by rongyin1)\n|\n|t:|1718353757\n|move|p2a: Incineroar|Fake Out|p1b: Weezing\n|-damage|p1b: Weezing|90\/100\n|move|p1a: Regigigas|Knock Off|p2b: Calyrex\n|-supereffective|p2b: Calyrex\n|-damage|p2b: Calyrex|59\/100\n|-enditem|p2b: Calyrex|Clear Amulet|[from] move: Knock Off|[of] p1a: Regigigas\n|cant|p1b: Weezing|flinch\n|move|p2b: Calyrex|High Horsepower|p1b: Weezing\n|-supereffective|p1b: Weezing\n|-damage|p1b: Weezing|20\/100\n|\n|-heal|p1b: Weezing|26\/100|[from] item: Leftovers\n|upkeep\n|turn|2\n|inactive|rongyin1 has 30 seconds left.\n|\n|t:|1718353791\n|move|p2b: Calyrex|Protect|p2b: Calyrex\n|-singleturn|p2b: Calyrex|Protect\n|move|p1a: Regigigas|High Horsepower|p2a: Incineroar|[miss]\n|-miss|p1a: Regigigas|p2a: Incineroar\n|move|p2a: Incineroar|Parting Shot|p1a: Regigigas\n|-unboost|p1a: Regigigas|atk|1\n|-unboost|p1a: Regigigas|spa|1\n|\n|t:|1718353799\n|switch|p2a: Amoonguss|Amoonguss, L50, F|100\/100|[from] Parting Shot\n|move|p1b: Weezing|Taunt|p2b: Calyrex\n|-activate|p2b: Calyrex|move: Protect\n|\n|-heal|p1b: Weezing|32\/100|[from] item: Leftovers\n|upkeep\n|turn|3\n|\n|t:|1718353819\n|move|p2a: Amoonguss|Rage Powder|p2a: Amoonguss\n|-singleturn|p2a: Amoonguss|move: Rage Powder\n|move|p1a: Regigigas|Body Slam|p2a: Amoonguss\n|-damage|p2a: Amoonguss|77\/100\n|-damage|p1a: Regigigas|84\/100|[from] item: Rocky Helmet|[of] p2a: Amoonguss\n|move|p1b: Weezing|Taunt|p2a: Amoonguss\n|-start|p2a: Amoonguss|move: Taunt\n|move|p2b: Calyrex|Trick Room|p2b: Calyrex\n|-fieldstart|move: Trick Room|[of] p2b: Calyrex\n|\n|-heal|p1b: Weezing|38\/100|[from] item: Leftovers\n|upkeep\n|turn|4\n|inactive|rongyin1 has 30 seconds left.\n|\n|t:|1718353844\n|move|p1b: Weezing|Protect|p1b: Weezing\n|-singleturn|p1b: Weezing|Protect\n|move|p2b: Calyrex|Glacial Lance|p1b: Weezing|[spread] p1a\n|-activate|p1b: Weezing|move: Protect\n|-damage|p1a: Regigigas|37\/100\n|move|p2a: Amoonguss|Pollen Puff|p2b: Calyrex\n|-heal|p2b: Calyrex|100\/100\n|move|p1a: Regigigas|Knock Off|p2a: Amoonguss\n|-damage|p2a: Amoonguss|60\/100\n|-damage|p1a: Regigigas|20\/100|[from] item: Rocky Helmet|[of] p2a: Amoonguss\n|-enditem|p2a: Amoonguss|Rocky Helmet|[from] move: Knock Off|[of] p1a: Regigigas\n|\n|-heal|p1b: Weezing|44\/100|[from] item: Leftovers\n|upkeep\n|turn|5\n|\n|t:|1718353869\n|move|p1b: Weezing|Protect||[still]\n|-fail|p1b: Weezing\n|move|p2b: Calyrex|Glacial Lance|p1b: Weezing|[spread] p1a,p1b\n|-damage|p1a: Regigigas|0 fnt\n|-damage|p1b: Weezing|0 fnt\n|faint|p1a: Regigigas\n|-end|p1a: Regigigas|Slow Start|[silent]\n|faint|p1b: Weezing\n|-end|p1b: Weezing|ability: Neutralizing Gas\n|-ability|p2b: Calyrex|Chilling Neigh|boost\n|-boost|p2b: Calyrex|atk|2\n|move|p2a: Amoonguss|Pollen Puff|p1: Regigigas|[notarget]\n|-fail|p2a: Amoonguss\n|\n|upkeep\n|\n|t:|1718353880\n|switch|p1b: Sableye|Sableye, L50, M|100\/100\n|switch|p1a: Calyrex|Calyrex-Shadow, L50|100\/100\n|-ability|p1a: Calyrex|As One\n|-ability|p1a: Calyrex|Unnerve\n|turn|6\n|\n|t:|1718353904\n|switch|p2a: Incineroar|Incineroar, L50, M|100\/100\n|-ability|p2a: Incineroar|Intimidate|boost\n|-unboost|p1a: Calyrex|atk|1\n|-unboost|p1b: Sableye|atk|1\n|move|p1a: Calyrex|Protect|p1a: Calyrex\n|-singleturn|p1a: Calyrex|Protect\n|move|p2b: Calyrex|Glacial Lance|p1b: Sableye|[spread] p1b\n|-activate|p1a: Calyrex|move: Protect\n|-damage|p1b: Sableye|0 fnt\n|faint|p1b: Sableye\n|-ability|p2b: Calyrex|Chilling Neigh|boost\n|-boost|p2b: Calyrex|atk|1\n|\n|upkeep\n|turn|7\n|-message|rongyin1 forfeited.\n|\n|win|sturbyy\n|raw|rongyin1's rating: 1724 &rarr; <strong>1701<\/strong><br \/>(-23 for losing)\n|raw|sturbyy's rating: 1667 &rarr; <strong>1690<\/strong><br \/>(+23 for winning)\n|l|\u2606rongyin1\n|player|p1|\n|l| Jasper2452\n|l| CynthiasPuppyGirl\n|l|\u2606sturbyy\n|player|p2|\n","uploadtime":1718354129,"views":19,"formatid":"gen9vgc2024regg","rating":1690,"private":0,"password":null}