{"id":"gen9vgc2024regg-2143329220","format":"[Gen 9] VGC 2024 Reg G","players":["pys_max","tuanzai233"],"log":"|j|\u2606pys_max\n|j|\u2606tuanzai233\n|t:|1718388259\n|gametype|doubles\n|player|p1|pys_max|266|1796\n|player|p2|tuanzai233|266|1735\n|teamsize|p1|6\n|teamsize|p2|6\n|gen|9\n|tier|[Gen 9] VGC 2024 Reg G\n|rated|\n|rule|Species Clause: Limit one of each Pok\u00e9mon\n|rule|Item Clause: Limit one of each item\n|clearpoke\n|poke|p1|Calyrex-Ice, L50|\n|poke|p1|Ursaluna-Bloodmoon, L50, M|\n|poke|p1|Smeargle, L50, M|\n|poke|p1|Farigiraf, L50, F|\n|poke|p1|Annihilape, L50, M|\n|poke|p1|Electabuzz, L50, M|\n|poke|p2|Indeedee-F, L50, F|\n|poke|p2|Torkoal, L50, M|\n|poke|p2|Calyrex-Ice, L50|\n|poke|p2|Annihilape, L50, F|\n|poke|p2|Urshifu-*, L50, F|\n|poke|p2|Brute Bonnet, L50|\n|teampreview|4\n|inactive|Battle timer is ON: inactive players will automatically lose when time's up. (requested by tuanzai233)\n|\n|t:|1718388297\n|start\n|switch|p1a: Ursaluna|Ursaluna-Bloodmoon, L50, M|100\/100\n|switch|p1b: Electabuzz|Electabuzz, L50, M|100\/100\n|switch|p2a: Calyrex|Calyrex-Ice, L50|100\/100\n|switch|p2b: Brute Bonnet|Brute Bonnet, L50, shiny|100\/100\n|-ability|p2a: Calyrex|As One\n|-ability|p2a: Calyrex|Unnerve\n|turn|1\n|inactive|pys_max has 30 seconds left.\n|\n|t:|1718388329\n|-terastallize|p1a: Ursaluna|Normal\n|move|p2b: Brute Bonnet|Rage Powder|p2b: Brute Bonnet\n|-singleturn|p2b: Brute Bonnet|move: Rage Powder\n|move|p1b: Electabuzz|Taunt|p2b: Brute Bonnet\n|-start|p2b: Brute Bonnet|move: Taunt\n|move|p1a: Ursaluna|Hyper Voice|p2a: Calyrex|[spread] p2a,p2b\n|-damage|p2a: Calyrex|55\/100\n|-damage|p2b: Brute Bonnet|50\/100\n|-enditem|p2b: Brute Bonnet|Sitrus Berry|[eat]\n|-heal|p2b: Brute Bonnet|75\/100|[from] item: Sitrus Berry\n|-damage|p1a: Ursaluna|91\/100|[from] item: Life Orb\n|move|p2a: Calyrex|Trick Room|p2a: Calyrex\n|-fieldstart|move: Trick Room|[of] p2a: Calyrex\n|\n|upkeep\n|turn|2\n|\n|t:|1718388353\n|move|p1a: Ursaluna|Protect|p1a: Ursaluna\n|-singleturn|p1a: Ursaluna|Protect\n|move|p2a: Calyrex|Glacial Lance|p1b: Electabuzz|[spread] p1b\n|-activate|p1a: Ursaluna|move: Protect\n|-damage|p1b: Electabuzz|55\/100\n|move|p2b: Brute Bonnet|Pollen Puff|p2a: Calyrex\n|-heal|p2a: Calyrex|100\/100\n|move|p1b: Electabuzz|Volt Switch|p2a: Calyrex\n|-crit|p2a: Calyrex\n|-damage|p2a: Calyrex|77\/100\n|\n|t:|1718388368\n|switch|p1b: Smeargle|Smeargle, L50, M|100\/100|[from] Volt Switch\n|\n|upkeep\n|turn|3\n|\n|t:|1718388376\n|move|p2a: Calyrex|Protect|p2a: Calyrex\n|-singleturn|p2a: Calyrex|Protect\n|move|p1b: Smeargle|Fake Out|p2b: Brute Bonnet\n|-damage|p2b: Brute Bonnet|71\/100\n|move|p1a: Ursaluna|Blood Moon|p2a: Calyrex\n|-activate|p2a: Calyrex|move: Protect\n|cant|p2b: Brute Bonnet|flinch\n|\n|upkeep\n|turn|4\n|\n|t:|1718388398\n|move|p2a: Calyrex|High Horsepower|p1b: Smeargle\n|-damage|p1b: Smeargle|43\/100\n|move|p1b: Smeargle|Decorate|p1a: Ursaluna\n|-boost|p1a: Ursaluna|atk|2\n|-boost|p1a: Ursaluna|spa|2\n|move|p1a: Ursaluna|Hyper Voice|p2b: Brute Bonnet|[spread] p2a,p2b\n|-damage|p2a: Calyrex|0 fnt\n|-damage|p2b: Brute Bonnet|0 fnt\n|faint|p2a: Calyrex\n|faint|p2b: Brute Bonnet\n|-end|p2b: Brute Bonnet|Protosynthesis|[silent]\n|-damage|p1a: Ursaluna|81\/100|[from] item: Life Orb\n|\n|upkeep\n|\n|t:|1718388407\n|switch|p2a: Urshifu|Urshifu, L50, F|100\/100\n|switch|p2b: Torkoal|Torkoal, L50, M|100\/100\n|-weather|SunnyDay|[from] ability: Drought|[of] p2b: Torkoal\n|turn|5\n|inactive|pys_max has 30 seconds left.\n|inactive|pys_max has 20 seconds left.\n|inactive|pys_max has 15 seconds left.\n|inactive|pys_max has 10 seconds left.\n|inactive|pys_max has 5 seconds left.\n|\n|t:|1718388460\n|switch|p1a: Electabuzz|Electabuzz, L50, M|55\/100\n|-terastallize|p2b: Torkoal|Fire\n|move|p2b: Torkoal|Weather Ball|p1a: Electabuzz\n|-damage|p1a: Electabuzz|0 fnt\n|faint|p1a: Electabuzz\n|move|p1b: Smeargle|Spore|p2a: Urshifu\n|-status|p2a: Urshifu|slp|[from] move: Spore\n|cant|p2a: Urshifu|slp\n|\n|-weather|SunnyDay|[upkeep]\n|-fieldend|move: Trick Room\n|upkeep\n|\n|t:|1718388473\n|switch|p1a: Ursaluna|Ursaluna-Bloodmoon, L50, M, tera:Normal|81\/100\n|turn|6\n|\n|t:|1718388490\n|move|p1b: Smeargle|Follow Me|p1b: Smeargle\n|-singleturn|p1b: Smeargle|move: Follow Me\n|-curestatus|p2a: Urshifu|slp|[msg]\n|move|p2a: Urshifu|Close Combat|p1b: Smeargle\n|-supereffective|p1b: Smeargle\n|-damage|p1b: Smeargle|0 fnt\n|-unboost|p2a: Urshifu|def|1\n|-unboost|p2a: Urshifu|spd|1\n|faint|p1b: Smeargle\n|move|p1a: Ursaluna|Earth Power|p2b: Torkoal\n|-supereffective|p2b: Torkoal\n|-damage|p2b: Torkoal|0 fnt\n|faint|p2b: Torkoal\n|-damage|p1a: Ursaluna|72\/100|[from] item: Life Orb\n|\n|-weather|SunnyDay|[upkeep]\n|upkeep\n|\n|t:|1718388501\n|switch|p1b: Calyrex|Calyrex-Ice, L50|100\/100\n|-ability|p1b: Calyrex|As One\n|-ability|p1b: Calyrex|Unnerve\n|turn|7\n|\n|t:|1718388524\n|move|p2a: Urshifu|Close Combat|p1a: Ursaluna\n|-supereffective|p1a: Ursaluna\n|-damage|p1a: Ursaluna|0 fnt\n|-unboost|p2a: Urshifu|def|1\n|-unboost|p2a: Urshifu|spd|1\n|faint|p1a: Ursaluna\n|move|p1b: Calyrex|Glacial Lance|p2a: Urshifu\n|-enditem|p2a: Urshifu|Focus Sash\n|-damage|p2a: Urshifu|1\/100\n|\n|-weather|SunnyDay|[upkeep]\n|upkeep\n|turn|8\n|j| askebom\n|\n|t:|1718388533\n|move|p2a: Urshifu|Wicked Blow|p1b: Calyrex\n|-supereffective|p1b: Calyrex\n|-crit|p1b: Calyrex\n|-damage|p1b: Calyrex|19\/100\n|move|p1b: Calyrex|Glacial Lance|p2a: Urshifu\n|-damage|p2a: Urshifu|0 fnt\n|faint|p2a: Urshifu\n|\n|win|pys_max\n|raw|pys_max's rating: 1796 &rarr; <strong>1813<\/strong><br \/>(+17 for winning)\n|raw|tuanzai233's rating: 1735 &rarr; <strong>1718<\/strong><br \/>(-17 for losing)\n|l|\u2606tuanzai233\n|player|p2|\n|l| askebom\n|j|\u2606tuanzai233\n|player|p2|tuanzai233|266|\n|l|\u2606pys_max\n|player|p1|\n|l|\u2606tuanzai233\n|player|p2|\n","uploadtime":1718388794,"views":71,"formatid":"gen9vgc2024regg","rating":1718,"private":0,"password":null}