{"id":"gen9vgc2024regg-2143744763","format":"[Gen 9] VGC 2024 Reg G","players":["Bobby Seegul","Cocobeloeil1"],"log":"|j|\u2606Bobby Seegul\n|j|\u2606Cocobeloeil1\n|t:|1718452996\n|gametype|doubles\n|player|p1|Bobby Seegul|buck|1661\n|player|p2|Cocobeloeil1|169|1708\n|teamsize|p1|6\n|teamsize|p2|6\n|gen|9\n|tier|[Gen 9] VGC 2024 Reg G\n|rated|\n|rule|Species Clause: Limit one of each Pok\u00e9mon\n|rule|Item Clause: Limit one of each item\n|clearpoke\n|poke|p1|Eternatus, L50|\n|poke|p1|Rillaboom, L50, F|\n|poke|p1|Grimmsnarl, L50, M|\n|poke|p1|Ting-Lu, L50|\n|poke|p1|Ogerpon-Wellspring, L50, F|\n|poke|p1|Heatran, L50, M|\n|poke|p2|Eternatus, L50|\n|poke|p2|Amoonguss, L50, F|\n|poke|p2|Flutter Mane, L50|\n|poke|p2|Glimmora, L50, M|\n|poke|p2|Urshifu-*, L50, M|\n|poke|p2|Grimmsnarl, L50, M|\n|teampreview|4\n|inactive|Battle timer is ON: inactive players will automatically lose when time's up. (requested by Cocobeloeil1)\n|\n|t:|1718453046\n|start\n|switch|p1a: Grimmsnarl|Grimmsnarl, L50, M|100\/100\n|switch|p1b: Ogerpon|Ogerpon-Wellspring, L50, F|100\/100\n|switch|p2a: Eternatus|Eternatus, L50|100\/100\n|switch|p2b: Glimmora|Glimmora, L50, M|100\/100\n|-ability|p2a: Eternatus|Pressure\n|turn|1\n|\n|t:|1718453065\n|-terastallize|p2b: Glimmora|Grass\n|move|p1a: Grimmsnarl|Light Screen|p1a: Grimmsnarl\n|-sidestart|p1: Bobby Seegul|move: Light Screen\n|move|p1b: Ogerpon|Swords Dance|p1b: Ogerpon\n|-boost|p1b: Ogerpon|atk|2\n|move|p2a: Eternatus|Sludge Bomb|p1b: Ogerpon\n|-supereffective|p1b: Ogerpon\n|-damage|p1b: Ogerpon|0 fnt\n|faint|p1b: Ogerpon\n|move|p2b: Glimmora|Mortal Spin|p1a: Grimmsnarl\n|-supereffective|p1a: Grimmsnarl\n|-damage|p1a: Grimmsnarl|88\/100\n|-status|p1a: Grimmsnarl|psn\n|\n|-damage|p1a: Grimmsnarl|75\/100 psn|[from] psn\n|upkeep\n|\n|t:|1718453078\n|switch|p1b: Heatran|Heatran, L50, M|100\/100\n|turn|2\n|\n|t:|1718453086\n|-terastallize|p1b: Heatran|Water\n|move|p1a: Grimmsnarl|Thunder Wave|p2a: Eternatus\n|-status|p2a: Eternatus|par\n|move|p2b: Glimmora|Earth Power|p1b: Heatran\n|-damage|p1b: Heatran|84\/100\n|move|p1b: Heatran|Heat Wave|p2b: Glimmora|[spread] p2a,p2b\n|-resisted|p2a: Eternatus\n|-supereffective|p2b: Glimmora\n|-damage|p2a: Eternatus|85\/100 par\n|-damage|p2b: Glimmora|52\/100\n|move|p2a: Eternatus|Sludge Bomb|p1a: Grimmsnarl\n|-supereffective|p1a: Grimmsnarl\n|-crit|p1a: Grimmsnarl\n|-damage|p1a: Grimmsnarl|0 fnt\n|faint|p1a: Grimmsnarl\n|\n|upkeep\n|\n|t:|1718453097\n|switch|p1a: Eternatus|Eternatus, L50|100\/100\n|-ability|p1a: Eternatus|Pressure\n|turn|3\n|\n|t:|1718453104\n|switch|p2a: Urshifu|Urshifu-Rapid-Strike, L50, M|100\/100\n|move|p1a: Eternatus|Sludge Bomb|p2b: Glimmora\n|-supereffective|p2b: Glimmora\n|-damage|p2b: Glimmora|0 fnt\n|faint|p2b: Glimmora\n|move|p1b: Heatran|Earth Power|p2a: Urshifu\n|-damage|p2a: Urshifu|60\/100\n|\n|upkeep\n|\n|t:|1718453115\n|switch|p2b: Eternatus|Eternatus, L50|85\/100 par\n|-ability|p2b: Eternatus|Pressure\n|turn|4\n|\n|t:|1718453133\n|move|p2a: Urshifu|Detect|p2a: Urshifu\n|-singleturn|p2a: Urshifu|Protect\n|move|p1a: Eternatus|Dynamax Cannon|p2b: Eternatus\n|-supereffective|p2b: Eternatus\n|-damage|p2b: Eternatus|0 fnt\n|faint|p2b: Eternatus\n|move|p1b: Heatran|Earth Power|p2a: Urshifu\n|-activate|p2a: Urshifu|move: Protect\n|\n|upkeep\n|\n|t:|1718453137\n|switch|p2b: Flutter Mane|Flutter Mane, L50|100\/100\n|-enditem|p2b: Flutter Mane|Booster Energy\n|-activate|p2b: Flutter Mane|ability: Protosynthesis|[fromitem]\n|-start|p2b: Flutter Mane|protosynthesisspe\n|turn|5\n|\n|t:|1718453151\n|move|p2b: Flutter Mane|Icy Wind|p1b: Heatran|[spread] p1a,p1b\n|-supereffective|p1a: Eternatus\n|-resisted|p1b: Heatran\n|-damage|p1a: Eternatus|86\/100\n|-damage|p1b: Heatran|80\/100\n|-unboost|p1a: Eternatus|spe|1\n|-unboost|p1b: Heatran|spe|1\n|move|p2a: Urshifu|Close Combat|p1b: Heatran\n|-damage|p1b: Heatran|22\/100\n|-unboost|p2a: Urshifu|def|1\n|-unboost|p2a: Urshifu|spd|1\n|-damage|p2a: Urshifu|43\/100|[from] item: Rocky Helmet|[of] p1b: Heatran\n|move|p1a: Eternatus|Sludge Bomb|p2b: Flutter Mane\n|-damage|p2b: Flutter Mane|62\/100\n|move|p1b: Heatran|Heat Wave|p2a: Urshifu|[spread] p2a,p2b\n|-resisted|p2a: Urshifu\n|-damage|p2a: Urshifu|4\/100\n|-damage|p2b: Flutter Mane|31\/100\n|\n|upkeep\n|turn|6\n|inactive|Cocobeloeil1 has 30 seconds left.\n|\n|t:|1718453178\n|move|p2b: Flutter Mane|Protect|p2b: Flutter Mane\n|-singleturn|p2b: Flutter Mane|Protect\n|move|p2a: Urshifu|Close Combat|p1b: Heatran\n|-damage|p1b: Heatran|0 fnt\n|-unboost|p2a: Urshifu|def|1\n|-unboost|p2a: Urshifu|spd|1\n|-damage|p2a: Urshifu|0 fnt|[from] item: Rocky Helmet|[of] p1b: Heatran\n|faint|p1b: Heatran\n|faint|p2a: Urshifu\n|move|p1a: Eternatus|Sludge Bomb|p2b: Flutter Mane\n|-activate|p2b: Flutter Mane|move: Protect\n|\n|upkeep\n|turn|7\n|\n|t:|1718453187\n|move|p2b: Flutter Mane|Moonblast|p1a: Eternatus\n|-crit|p1a: Eternatus\n|-damage|p1a: Eternatus|38\/100\n|move|p1a: Eternatus|Sludge Bomb|p2b: Flutter Mane\n|-damage|p2b: Flutter Mane|0 fnt\n|faint|p2b: Flutter Mane\n|-end|p2b: Flutter Mane|Protosynthesis|[silent]\n|\n|win|Bobby Seegul\n|raw|Bobby Seegul's rating: 1661 &rarr; <strong>1684<\/strong><br \/>(+23 for winning)\n|raw|Cocobeloeil1's rating: 1708 &rarr; <strong>1685<\/strong><br \/>(-23 for losing)\n|l|\u2606Cocobeloeil1\n|player|p2|\n|l|\u2606Bobby Seegul\n|player|p1|\n","uploadtime":1718453402,"views":29,"formatid":"gen9vgc2024regg","rating":1684,"private":0,"password":null}