{"id":"gen9vgc2024regg-2143810267","format":"[Gen 9] VGC 2024 Reg G","players":["CCC2023","The Umpire"],"log":"|j|\u2606CCC2023\n|j|\u2606The Umpire\n|t:|1718462929\n|gametype|doubles\n|player|p1|CCC2023|dawn|1698\n|player|p2|The Umpire|volkner|1697\n|teamsize|p1|6\n|teamsize|p2|6\n|gen|9\n|tier|[Gen 9] VGC 2024 Reg G\n|rated|\n|rule|Species Clause: Limit one of each Pok\u00e9mon\n|rule|Item Clause: Limit one of each item\n|clearpoke\n|poke|p1|Urshifu-*, L50, M|\n|poke|p1|Incineroar, L50, M|\n|poke|p1|Rillaboom, L50, M|\n|poke|p1|Tornadus, L50, M|\n|poke|p1|Raging Bolt, L50|\n|poke|p1|Calyrex-Shadow, L50|\n|poke|p2|Zamazenta-*, L50|\n|poke|p2|Flutter Mane, L50|\n|poke|p2|Tyranitar, L50, F|\n|poke|p2|Rillaboom, L50, F|\n|poke|p2|Moltres-Galar, L50|\n|poke|p2|Latios, L50, M|\n|teampreview|4\n|inactive|Battle timer is ON: inactive players will automatically lose when time's up. (requested by CCC2023)\n|\n|t:|1718462959\n|start\n|switch|p1a: Raging Bolt|Raging Bolt, L50|100\/100\n|switch|p1b: Urshifu|Urshifu-Rapid-Strike, L50, M|100\/100\n|switch|p2a: Tyranitar|Tyranitar, L50, F|100\/100\n|switch|p2b: Zamazenta|Zamazenta-Crowned, L50|100\/100\n|-ability|p2b: Zamazenta|Dauntless Shield|boost\n|-boost|p2b: Zamazenta|def|1\n|-weather|Sandstorm|[from] ability: Sand Stream|[of] p2a: Tyranitar\n|turn|1\n|inactive|CCC2023 has 30 seconds left.\n|inactive|CCC2023 has 20 seconds left.\n|inactive|CCC2023 has 15 seconds left.\n|\n|t:|1718463004\n|switch|p2a: Rillaboom|Rillaboom, L50, F|100\/100\n|-fieldstart|move: Grassy Terrain|[from] ability: Grassy Surge|[of] p2a: Rillaboom\n|move|p2b: Zamazenta|Body Press|p1b: Urshifu\n|-damage|p1b: Urshifu|39\/100\n|move|p1b: Urshifu|Surging Strikes|p2a: Rillaboom\n|-resisted|p2a: Rillaboom\n|-crit|p2a: Rillaboom\n|-damage|p2a: Rillaboom|87\/100\n|-resisted|p2a: Rillaboom\n|-crit|p2a: Rillaboom\n|-damage|p2a: Rillaboom|75\/100\n|-resisted|p2a: Rillaboom\n|-crit|p2a: Rillaboom\n|-damage|p2a: Rillaboom|63\/100\n|-hitcount|p2a: Rillaboom|3\n|move|p1a: Raging Bolt|Thunderbolt|p2a: Rillaboom\n|-resisted|p2a: Rillaboom\n|-damage|p2a: Rillaboom|40\/100\n|\n|-weather|Sandstorm|[upkeep]\n|-damage|p1b: Urshifu|33\/100|[from] Sandstorm\n|-damage|p2a: Rillaboom|33\/100|[from] Sandstorm\n|-damage|p1a: Raging Bolt|94\/100|[from] Sandstorm\n|-heal|p1b: Urshifu|39\/100|[from] Grassy Terrain\n|-heal|p2a: Rillaboom|40\/100|[from] Grassy Terrain\n|-heal|p1a: Raging Bolt|100\/100|[from] Grassy Terrain\n|upkeep\n|turn|2\n|inactive|CCC2023 has 30 seconds left.\n|\n|t:|1718463036\n|switch|p1b: Tornadus|Tornadus, L50, M|100\/100\n|move|p1a: Raging Bolt|Protect|p1a: Raging Bolt\n|-singleturn|p1a: Raging Bolt|Protect\n|move|p2a: Rillaboom|Fake Out|p1a: Raging Bolt\n|-activate|p1a: Raging Bolt|move: Protect\n|move|p2b: Zamazenta|Body Press|p1a: Raging Bolt\n|-activate|p1a: Raging Bolt|move: Protect\n|\n|-weather|Sandstorm|[upkeep]\n|-damage|p1b: Tornadus|95\/100|[from] Sandstorm\n|-damage|p2a: Rillaboom|33\/100|[from] Sandstorm\n|-damage|p1a: Raging Bolt|94\/100|[from] Sandstorm\n|-heal|p2a: Rillaboom|40\/100|[from] Grassy Terrain\n|-heal|p1a: Raging Bolt|100\/100|[from] Grassy Terrain\n|upkeep\n|turn|3\n|inactive|CCC2023 has 30 seconds left.\n|\n|t:|1718463066\n|switch|p2a: Tyranitar|Tyranitar, L50, F|100\/100\n|move|p2b: Zamazenta|Body Press|p1a: Raging Bolt\n|-damage|p1a: Raging Bolt|38\/100\n|move|p1b: Tornadus|Bleakwind Storm|p2b: Zamazenta|[spread] p2b\n|-miss|p1b: Tornadus|p2a: Tyranitar\n|-damage|p2b: Zamazenta|79\/100\n|move|p1a: Raging Bolt|Thunderbolt|p2b: Zamazenta\n|-damage|p2b: Zamazenta|35\/100\n|\n|-weather|Sandstorm|[upkeep]\n|-damage|p1b: Tornadus|89\/100|[from] Sandstorm\n|-damage|p1a: Raging Bolt|31\/100|[from] Sandstorm\n|-heal|p2b: Zamazenta|41\/100|[from] Grassy Terrain\n|-heal|p1a: Raging Bolt|38\/100|[from] Grassy Terrain\n|upkeep\n|turn|4\n|inactive|CCC2023 has 30 seconds left.\n|inactive|CCC2023 has 20 seconds left.\n|inactive|CCC2023 has 15 seconds left.\n|inactive|CCC2023 has 10 seconds left.\n|inactive|CCC2023 has 5 seconds left.\n|\n|t:|1718463117\n|move|p2b: Zamazenta|Protect|p2b: Zamazenta\n|-singleturn|p2b: Zamazenta|Protect\n|move|p1b: Tornadus|Tailwind|p1b: Tornadus\n|-sidestart|p1: CCC2023|move: Tailwind\n|move|p1a: Raging Bolt|Thunderbolt|p2b: Zamazenta\n|-activate|p2b: Zamazenta|move: Protect\n|move|p2a: Tyranitar|Knock Off|p1b: Tornadus\n|-damage|p1b: Tornadus|39\/100\n|-enditem|p1b: Tornadus|Sitrus Berry|[from] move: Knock Off|[of] p2a: Tyranitar\n|\n|-weather|Sandstorm|[upkeep]\n|-damage|p1b: Tornadus|33\/100|[from] Sandstorm\n|-damage|p1a: Raging Bolt|31\/100|[from] Sandstorm\n|-heal|p1a: Raging Bolt|38\/100|[from] Grassy Terrain\n|-heal|p2b: Zamazenta|47\/100|[from] Grassy Terrain\n|upkeep\n|turn|5\n|j| james1107\n|\n|t:|1718463139\n|-terastallize|p2b: Zamazenta|Dragon\n|move|p1b: Tornadus|Bleakwind Storm|p2b: Zamazenta|[spread] p2a,p2b\n|-resisted|p2a: Tyranitar\n|-damage|p2a: Tyranitar|90\/100\n|-damage|p2b: Zamazenta|25\/100\n|move|p1a: Raging Bolt|Thunderbolt|p2b: Zamazenta\n|-resisted|p2b: Zamazenta\n|-damage|p2b: Zamazenta|4\/100\n|move|p2b: Zamazenta|Body Press|p1a: Raging Bolt\n|-damage|p1a: Raging Bolt|0 fnt\n|faint|p1a: Raging Bolt\n|-end|p1a: Raging Bolt|Protosynthesis|[silent]\n|move|p2a: Tyranitar|Rock Slide|p1b: Tornadus\n|-supereffective|p1b: Tornadus\n|-damage|p1b: Tornadus|0 fnt\n|faint|p1b: Tornadus\n|\n|-weather|none\n|-heal|p2b: Zamazenta|10\/100|[from] Grassy Terrain\n|-heal|p2a: Tyranitar|96\/100|[from] Grassy Terrain\n|-fieldend|move: Grassy Terrain\n|upkeep\n|\n|t:|1718463163\n|switch|p1b: Calyrex|Calyrex-Shadow, L50|100\/100\n|switch|p1a: Urshifu|Urshifu-Rapid-Strike, L50, M|39\/100\n|-ability|p1b: Calyrex|As One\n|-ability|p1b: Calyrex|Unnerve\n|turn|6\n|inactive|CCC2023 has 30 seconds left.\n|\n|t:|1718463189\n|switch|p2a: Rillaboom|Rillaboom, L50, F|40\/100\n|-fieldstart|move: Grassy Terrain|[from] ability: Grassy Surge|[of] p2a: Rillaboom\n|move|p2b: Zamazenta|Wide Guard|p2b: Zamazenta\n|-singleturn|p2b: Zamazenta|Wide Guard\n|move|p1b: Calyrex|Psychic|p2b: Zamazenta\n|-damage|p2b: Zamazenta|0 fnt\n|faint|p2b: Zamazenta\n|-ability|p1b: Calyrex|Grim Neigh|boost\n|-boost|p1b: Calyrex|spa|1\n|move|p1a: Urshifu|Surging Strikes|p2a: Rillaboom\n|-resisted|p2a: Rillaboom\n|-crit|p2a: Rillaboom\n|-damage|p2a: Rillaboom|26\/100\n|-resisted|p2a: Rillaboom\n|-crit|p2a: Rillaboom\n|-damage|p2a: Rillaboom|13\/100\n|-resisted|p2a: Rillaboom\n|-crit|p2a: Rillaboom\n|-damage|p2a: Rillaboom|0 fnt\n|faint|p2a: Rillaboom\n|-hitcount|p2: Rillaboom|3\n|\n|-heal|p1a: Urshifu|45\/100|[from] Grassy Terrain\n|upkeep\n|l| james1107\n|\n|t:|1718463200\n|switch|p2b: Moltres|Moltres-Galar, L50|100\/100\n|switch|p2a: Tyranitar|Tyranitar, L50, F|96\/100\n|-weather|Sandstorm|[from] ability: Sand Stream|[of] p2a: Tyranitar\n|turn|7\n|inactive|CCC2023 has 30 seconds left.\n|inactive|CCC2023 has 20 seconds left.\n|inactive|CCC2023 has 15 seconds left.\n|inactive|CCC2023 has 10 seconds left.\n|\n|t:|1718463247\n|move|p1b: Calyrex|Pollen Puff|p2b: Moltres\n|-damage|p2b: Moltres|59\/100\n|move|p1a: Urshifu|Surging Strikes|p2a: Tyranitar\n|-supereffective|p2a: Tyranitar\n|-crit|p2a: Tyranitar\n|-damage|p2a: Tyranitar|50\/100\n|-supereffective|p2a: Tyranitar\n|-crit|p2a: Tyranitar\n|-damage|p2a: Tyranitar|6\/100\n|-supereffective|p2a: Tyranitar\n|-crit|p2a: Tyranitar\n|-damage|p2a: Tyranitar|0 fnt\n|faint|p2a: Tyranitar\n|-hitcount|p2: Tyranitar|3\n|move|p2b: Moltres|Foul Play|p1a: Urshifu\n|-resisted|p1a: Urshifu\n|-damage|p1a: Urshifu|16\/100\n|\n|-weather|Sandstorm|[upkeep]\n|-damage|p1b: Calyrex|94\/100|[from] Sandstorm\n|-damage|p1a: Urshifu|10\/100|[from] Sandstorm\n|-damage|p2b: Moltres|53\/100|[from] Sandstorm\n|-heal|p1b: Calyrex|100\/100|[from] Grassy Terrain\n|-heal|p1a: Urshifu|16\/100|[from] Grassy Terrain\n|-sideend|p1: CCC2023|move: Tailwind\n|upkeep\n|turn|8\n|inactive|CCC2023 has 30 seconds left.\n|inactive|CCC2023 has 20 seconds left.\n|\n|t:|1718463284\n|move|p1b: Calyrex|Astral Barrage|p2b: Moltres\n|-resisted|p2b: Moltres\n|-damage|p2b: Moltres|16\/100\n|-ability|p2b: Moltres|Berserk|boost\n|-boost|p2b: Moltres|spa|1\n|move|p1a: Urshifu|Surging Strikes|p2b: Moltres\n|-crit|p2b: Moltres\n|-damage|p2b: Moltres|0 fnt\n|faint|p2b: Moltres\n|-hitcount|p2: Moltres|1\n|\n|win|CCC2023\n|raw|CCC2023's rating: 1698 &rarr; <strong>1718<\/strong><br \/>(+20 for winning)\n|raw|The Umpire's rating: 1697 &rarr; <strong>1677<\/strong><br \/>(-20 for losing)\n|l|\u2606CCC2023\n|player|p1|\n|l|\u2606The Umpire\n|player|p2|\n","uploadtime":1718463497,"views":32,"formatid":"gen9vgc2024regg","rating":1677,"private":0,"password":null}