{"id":"gen9vgc2024regg-2143008231","format":"[Gen 9] VGC 2024 Reg G","players":["taku4986726","Tempest brute"],"log":"|j|\u2606taku4986726\n|j|\u2606Tempest brute\n|t:|1718343150\n|gametype|doubles\n|player|p1|taku4986726|pokekid|1725\n|player|p2|Tempest brute|101|1931\n|teamsize|p1|6\n|teamsize|p2|6\n|gen|9\n|tier|[Gen 9] VGC 2024 Reg G\n|rated|\n|rule|Species Clause: Limit one of each Pok\u00e9mon\n|rule|Item Clause: Limit one of each item\n|clearpoke\n|poke|p1|Calyrex-Shadow, L50|\n|poke|p1|Urshifu-*, L50, F|\n|poke|p1|Tauros-Paldea-Blaze, L50, M|\n|poke|p1|Indeedee-F, L50, F|\n|poke|p1|Raging Bolt, L50|\n|poke|p1|Flutter Mane, L50|\n|poke|p2|Lunala, L50|\n|poke|p2|Roaring Moon, L50|\n|poke|p2|Entei, L50|\n|poke|p2|Ogerpon-Wellspring, L50, F|\n|poke|p2|Iron Hands, L50|\n|poke|p2|Ursaluna-Bloodmoon, L50, M|\n|teampreview|4\n|j| bluestraggler02\n|\n|t:|1718343190\n|start\n|switch|p1a: Calyrex|Calyrex-Shadow, L50|100\/100\n|switch|p1b: Urshifu|Urshifu-Rapid-Strike, L50, F|100\/100\n|switch|p2a: Lunala|Lunala, L50|100\/100\n|switch|p2b: Roaring Moon|Roaring Moon, L50|100\/100\n|-ability|p1a: Calyrex|As One\n|-ability|p1a: Calyrex|Unnerve\n|-enditem|p2b: Roaring Moon|Booster Energy\n|-activate|p2b: Roaring Moon|ability: Protosynthesis|[fromitem]\n|-start|p2b: Roaring Moon|protosynthesisspe\n|turn|1\n|j| save a g\n|\n|t:|1718343219\n|-terastallize|p2a: Lunala|Water\n|move|p2b: Roaring Moon|Substitute|p2b: Roaring Moon\n|-start|p2b: Roaring Moon|Substitute\n|-damage|p2b: Roaring Moon|76\/100\n|move|p1b: Urshifu|U-turn|p2a: Lunala\n|-crit|p2a: Lunala\n|-damage|p2a: Lunala|87\/100\n|\n|t:|1718343228\n|switch|p1b: Indeedee|Indeedee-F, L50, F|100\/100|[from] U-turn\n|-fieldstart|move: Psychic Terrain|[from] ability: Psychic Surge|[of] p1b: Indeedee\n|move|p1a: Calyrex|Astral Barrage|p2b: Roaring Moon|[spread] p2a,p2b\n|-resisted|p2b: Roaring Moon\n|-activate|p2b: Roaring Moon|move: Substitute|[damage]\n|-damage|p2a: Lunala|53\/100\n|move|p2a: Lunala|Moongeist Beam|p1a: Calyrex\n|-supereffective|p1a: Calyrex\n|-enditem|p1a: Calyrex|Focus Sash\n|-damage|p1a: Calyrex|1\/100\n|\n|-heal|p2a: Lunala|59\/100|[from] item: Leftovers\n|upkeep\n|turn|2\n|\n|t:|1718343257\n|move|p1a: Calyrex|Protect|p1a: Calyrex\n|-singleturn|p1a: Calyrex|Protect\n|move|p2b: Roaring Moon|Knock Off|p1b: Indeedee\n|-supereffective|p1b: Indeedee\n|-damage|p1b: Indeedee|16\/100\n|-damage|p2b: Roaring Moon|59\/100|[from] item: Rocky Helmet|[of] p1b: Indeedee\n|-enditem|p1b: Indeedee|Rocky Helmet|[from] move: Knock Off|[of] p2b: Roaring Moon\n|move|p2a: Lunala|Moonlight|p2a: Lunala\n|-heal|p2a: Lunala|100\/100\n|move|p1b: Indeedee|Psychic|p2a: Lunala\n|-damage|p2a: Lunala|90\/100\n|\n|-heal|p2a: Lunala|96\/100|[from] item: Leftovers\n|upkeep\n|turn|3\n|\n|t:|1718343297\n|-terastallize|p1a: Calyrex|Ghost\n|move|p2b: Roaring Moon|Protect|p2b: Roaring Moon\n|-singleturn|p2b: Roaring Moon|Protect\n|move|p2a: Lunala|Protect|p2a: Lunala\n|-singleturn|p2a: Lunala|Protect\n|move|p1b: Indeedee|Follow Me|p1b: Indeedee\n|-singleturn|p1b: Indeedee|move: Follow Me\n|move|p1a: Calyrex|Astral Barrage|p2a: Lunala|[spread] \n|-activate|p2a: Lunala|move: Protect\n|-activate|p2b: Roaring Moon|move: Protect\n|\n|-heal|p2a: Lunala|100\/100|[from] item: Leftovers\n|upkeep\n|turn|4\n|\n|t:|1718343325\n|move|p1b: Indeedee|Follow Me|p1b: Indeedee\n|-singleturn|p1b: Indeedee|move: Follow Me\n|move|p2b: Roaring Moon|Knock Off|p1b: Indeedee\n|-supereffective|p1b: Indeedee\n|-damage|p1b: Indeedee|0 fnt\n|faint|p1b: Indeedee\n|move|p1a: Calyrex|Astral Barrage|p2b: Roaring Moon|[spread] p2a,p2b\n|-resisted|p2b: Roaring Moon\n|-end|p2b: Roaring Moon|Substitute\n|-damage|p2a: Lunala|79\/100\n|move|p2a: Lunala|Moongeist Beam|p1a: Calyrex\n|-supereffective|p1a: Calyrex\n|-damage|p1a: Calyrex|0 fnt\n|faint|p1a: Calyrex\n|\n|-heal|p2a: Lunala|85\/100|[from] item: Leftovers\n|upkeep\n|\n|t:|1718343339\n|switch|p1a: Urshifu|Urshifu-Rapid-Strike, L50, F|100\/100\n|switch|p1b: Tauros|Tauros-Paldea-Blaze, L50, M|100\/100\n|-ability|p1b: Tauros|Intimidate|boost\n|-unboost|p2a: Lunala|atk|1\n|-unboost|p2b: Roaring Moon|atk|1\n|turn|5\n|j| rabbihorn\n|\n|t:|1718343371\n|move|p2b: Roaring Moon|Substitute|p2b: Roaring Moon\n|-start|p2b: Roaring Moon|Substitute\n|-damage|p2b: Roaring Moon|35\/100\n|move|p1a: Urshifu|Close Combat|p2b: Roaring Moon\n|-supereffective|p2b: Roaring Moon\n|-end|p2b: Roaring Moon|Substitute\n|-unboost|p1a: Urshifu|def|1\n|-unboost|p1a: Urshifu|spd|1\n|move|p1b: Tauros|Close Combat|p2a: Lunala\n|-damage|p2a: Lunala|42\/100\n|-unboost|p1b: Tauros|def|1\n|-unboost|p1b: Tauros|spd|1\n|move|p2a: Lunala|Moonlight|p2a: Lunala\n|-heal|p2a: Lunala|92\/100\n|\n|-heal|p2a: Lunala|98\/100|[from] item: Leftovers\n|-fieldend|move: Psychic Terrain\n|upkeep\n|turn|6\n|\n|t:|1718343397\n|move|p2b: Roaring Moon|Substitute|p2b: Roaring Moon\n|-start|p2b: Roaring Moon|Substitute\n|-damage|p2b: Roaring Moon|10\/100\n|move|p1a: Urshifu|Close Combat|p2a: Lunala\n|-damage|p2a: Lunala|55\/100\n|-unboost|p1a: Urshifu|def|1\n|-unboost|p1a: Urshifu|spd|1\n|move|p1b: Tauros|Close Combat|p2a: Lunala\n|-damage|p2a: Lunala|13\/100\n|-unboost|p1b: Tauros|def|1\n|-unboost|p1b: Tauros|spd|1\n|move|p2a: Lunala|Moonlight|p2a: Lunala\n|-heal|p2a: Lunala|63\/100\n|\n|-heal|p2a: Lunala|69\/100|[from] item: Leftovers\n|upkeep\n|turn|7\n|-message|taku4986726 forfeited.\n|\n|win|Tempest brute\n|raw|taku4986726's rating: 1725 &rarr; <strong>1714<\/strong><br \/>(-11 for losing)\n|raw|Tempest brute's rating: 1902 &rarr; <strong>1913<\/strong><br \/>(+11 for winning)\n|l|\u2606taku4986726\n|player|p1|\n|l|\u2606Tempest brute\n|player|p2|\n","uploadtime":1718343425,"views":44,"formatid":"gen9vgc2024regg","rating":1714,"private":0,"password":null}