{"id":"gen9vgc2024regg-2143801340","format":"[Gen 9] VGC 2024 Reg G","players":["tuanzai233t","Axel316"],"log":"|j|\u2606tuanzai233t\n|j|\u2606Axel316\n|t:|1718461709\n|gametype|doubles\n|player|p1|tuanzai233t|101|1729\n|player|p2|Axel316|170|1697\n|teamsize|p1|6\n|teamsize|p2|6\n|gen|9\n|tier|[Gen 9] VGC 2024 Reg G\n|rated|\n|rule|Species Clause: Limit one of each Pok\u00e9mon\n|rule|Item Clause: Limit one of each item\n|clearpoke\n|poke|p1|Indeedee-F, L50, F|\n|poke|p1|Torkoal, L50, M|\n|poke|p1|Calyrex-Ice, L50|\n|poke|p1|Annihilape, L50, F|\n|poke|p1|Urshifu-*, L50, M|\n|poke|p1|Brute Bonnet, L50|\n|poke|p2|Kyogre, L50|\n|poke|p2|Incineroar, L50, M|\n|poke|p2|Farigiraf, L50, F|\n|poke|p2|Archaludon, L50, F|\n|poke|p2|Dragonite, L50, F|\n|poke|p2|Chien-Pao, L50|\n|teampreview|4\n|\n|t:|1718461738\n|start\n|switch|p1a: Annihilape|Annihilape, L50, F|100\/100\n|switch|p1b: Brute Bonnet|Brute Bonnet, L50, shiny|100\/100\n|switch|p2a: Dragonite|Dragonite, L50, F|100\/100\n|switch|p2b: Chien-Pao|Chien-Pao, L50|100\/100\n|-ability|p2b: Chien-Pao|Sword of Ruin\n|turn|1\n|inactive|Battle timer is ON: inactive players will automatically lose when time's up. (requested by Axel316)\n|\n|t:|1718461756\n|switch|p1a: Calyrex|Calyrex-Ice, L50|100\/100\n|-ability|p1a: Calyrex|As One\n|-ability|p1a: Calyrex|Unnerve\n|-terastallize|p1b: Brute Bonnet|Poison\n|move|p2b: Chien-Pao|Ice Spinner|p1b: Brute Bonnet\n|-damage|p1b: Brute Bonnet|66\/100\n|move|p2a: Dragonite|Aerial Ace|p1a: Calyrex\n|-damage|p1a: Calyrex|58\/100\n|move|p1b: Brute Bonnet|Spore|p2b: Chien-Pao\n|-status|p2b: Chien-Pao|slp|[from] move: Spore\n|\n|upkeep\n|turn|2\n|\n|t:|1718461780\n|cant|p2b: Chien-Pao|slp\n|move|p1a: Calyrex|Protect|p1a: Calyrex\n|-singleturn|p1a: Calyrex|Protect\n|move|p2a: Dragonite|Aerial Ace|p1b: Brute Bonnet\n|-damage|p1b: Brute Bonnet|17\/100\n|-enditem|p1b: Brute Bonnet|Sitrus Berry|[eat]\n|-heal|p1b: Brute Bonnet|42\/100|[from] item: Sitrus Berry\n|move|p1b: Brute Bonnet|Spore|p2a: Dragonite\n|-status|p2a: Dragonite|slp|[from] move: Spore\n|\n|upkeep\n|turn|3\n|\n|t:|1718461796\n|cant|p2b: Chien-Pao|slp\n|cant|p2a: Dragonite|slp\n|move|p1b: Brute Bonnet|Pollen Puff|p1a: Calyrex\n|-heal|p1a: Calyrex|100\/100\n|move|p1a: Calyrex|Trick Room|p1a: Calyrex\n|-fieldstart|move: Trick Room|[of] p1a: Calyrex\n|\n|upkeep\n|turn|4\n|\n|t:|1718461813\n|switch|p2a: Incineroar|Incineroar, L50, M|100\/100\n|-ability|p2a: Incineroar|Intimidate|boost\n|-fail|p1a: Calyrex|unboost|[from] item: Clear Amulet|[of] p1a: Calyrex\n|-unboost|p1b: Brute Bonnet|atk|1\n|move|p1b: Brute Bonnet|Rage Powder|p1b: Brute Bonnet\n|-singleturn|p1b: Brute Bonnet|move: Rage Powder\n|move|p1a: Calyrex|Glacial Lance|p2a: Incineroar|[spread] p2a,p2b\n|-resisted|p2a: Incineroar\n|-resisted|p2b: Chien-Pao\n|-damage|p2a: Incineroar|71\/100\n|-damage|p2b: Chien-Pao|61\/100 slp\n|-curestatus|p2b: Chien-Pao|slp|[msg]\n|move|p2b: Chien-Pao|Ice Spinner|p1b: Brute Bonnet\n|-damage|p1b: Brute Bonnet|5\/100\n|\n|upkeep\n|turn|5\n|j| She shawty\n|l| She shawty\n|\n|t:|1718461835\n|move|p2a: Incineroar|Fake Out|p1b: Brute Bonnet\n|-damage|p1b: Brute Bonnet|0 fnt\n|faint|p1b: Brute Bonnet\n|-end|p1b: Brute Bonnet|Protosynthesis|[silent]\n|move|p2b: Chien-Pao|Sucker Punch|p1a: Calyrex\n|-supereffective|p1a: Calyrex\n|-damage|p1a: Calyrex|34\/100\n|move|p1a: Calyrex|High Horsepower|p2a: Incineroar\n|-supereffective|p2a: Incineroar\n|-damage|p2a: Incineroar|0 fnt\n|faint|p2a: Incineroar\n|-ability|p1a: Calyrex|Chilling Neigh|boost\n|-boost|p1a: Calyrex|atk|1\n|\n|upkeep\n|\n|t:|1718461851\n|switch|p1b: Torkoal|Torkoal, L50, M|100\/100\n|switch|p2a: Kyogre|Kyogre, L50|100\/100\n|-weather|SunnyDay|[from] ability: Drought|[of] p1b: Torkoal\n|-weather|RainDance|[from] ability: Drizzle|[of] p2a: Kyogre\n|turn|6\n|\n|t:|1718461863\n|-terastallize|p2b: Chien-Pao|Stellar\n|move|p1a: Calyrex|Protect|p1a: Calyrex\n|-singleturn|p1a: Calyrex|Protect\n|move|p2b: Chien-Pao|Sucker Punch||[still]\n|-fail|p2b: Chien-Pao\n|move|p1b: Torkoal|Eruption|p2a: Kyogre|[spread] p2a,p2b\n|-resisted|p2a: Kyogre\n|-supereffective|p2b: Chien-Pao\n|-damage|p2a: Kyogre|90\/100\n|-damage|p2b: Chien-Pao|0 fnt\n|faint|p2b: Chien-Pao\n|move|p2a: Kyogre|Origin Pulse|p1a: Calyrex|[spread] p1b\n|-activate|p1a: Calyrex|move: Protect\n|-supereffective|p1b: Torkoal\n|-damage|p1b: Torkoal|0 fnt\n|faint|p1b: Torkoal\n|\n|-weather|RainDance|[upkeep]\n|upkeep\n|\n|t:|1718461881\n|switch|p1b: Annihilape|Annihilape, L50, F|100\/100\n|switch|p2b: Dragonite|Dragonite, L50, F|100\/100 slp\n|turn|7\n|\n|t:|1718461888\n|move|p1a: Calyrex|Glacial Lance|p2b: Dragonite|[spread] p2a,p2b\n|-resisted|p2a: Kyogre\n|-supereffective|p2b: Dragonite\n|-damage|p2a: Kyogre|43\/100\n|-damage|p2b: Dragonite|0 fnt\n|faint|p2b: Dragonite\n|-ability|p1a: Calyrex|Chilling Neigh|boost\n|-boost|p1a: Calyrex|atk|1\n|move|p1b: Annihilape|Final Gambit|p2a: Kyogre\n|-damage|p2a: Kyogre|0 fnt\n|faint|p1b: Annihilape\n|faint|p2a: Kyogre\n|\n|win|tuanzai233t\n|raw|tuanzai233t's rating: 1729 &rarr; <strong>1747<\/strong><br \/>(+18 for winning)\n|raw|Axel316's rating: 1697 &rarr; <strong>1679<\/strong><br \/>(-18 for losing)\n|l|\u2606Axel316\n|player|p2|\n|l|\u2606tuanzai233t\n|player|p1|\n","uploadtime":1718462114,"views":14,"formatid":"gen9vgc2024regg","rating":1679,"private":0,"password":null}