{"id":"gen9vgc2024regg-2143568330","format":"[Gen 9] VGC 2024 Reg G","players":["Simreaper","Krisuerte"],"log":"|j|\u2606Simreaper\n|j|\u2606Krisuerte\n|t:|1718419093\n|gametype|doubles\n|player|p1|Simreaper|101|1709\n|player|p2|Krisuerte|266|1723\n|teamsize|p1|6\n|teamsize|p2|6\n|gen|9\n|tier|[Gen 9] VGC 2024 Reg G\n|rated|\n|rule|Species Clause: Limit one of each Pok\u00e9mon\n|rule|Item Clause: Limit one of each item\n|clearpoke\n|poke|p1|Annihilape, L50, M|\n|poke|p1|Whimsicott, L50, F|\n|poke|p1|Archaludon, L50, F|\n|poke|p1|Amoonguss, L50, F|\n|poke|p1|Kyogre, L50|\n|poke|p1|Mienshao, L50, F|\n|poke|p2|Sinistcha-Masterpiece, L50|\n|poke|p2|Kyogre, L50|\n|poke|p2|Tornadus, L50, M|\n|poke|p2|Urshifu-*, L50, M|\n|poke|p2|Archaludon, L50, F|\n|poke|p2|Landorus, L50, M|\n|teampreview|4\n|j| Na ka pa\n|\n|t:|1718419121\n|start\n|switch|p1a: Kyogre|Kyogre, L50|100\/100\n|switch|p1b: Whimsicott|Whimsicott, L50, F, shiny|100\/100\n|switch|p2a: Kyogre|Kyogre, L50|100\/100\n|switch|p2b: Tornadus|Tornadus, L50, M|100\/100\n|-weather|RainDance|[from] ability: Drizzle|[of] p1a: Kyogre\n|turn|1\n|inactive|Battle timer is ON: inactive players will automatically lose when time's up. (requested by Simreaper)\n|\n|t:|1718419143\n|move|p1b: Whimsicott|Tailwind|p1b: Whimsicott\n|-sidestart|p1: Simreaper|move: Tailwind\n|move|p2b: Tornadus|Tailwind|p2b: Tornadus\n|-sidestart|p2: Krisuerte|move: Tailwind\n|move|p1a: Kyogre|Water Spout|p2a: Kyogre|[spread] p2a,p2b\n|-resisted|p2a: Kyogre\n|-damage|p2a: Kyogre|64\/100\n|-damage|p2b: Tornadus|0 fnt\n|faint|p2b: Tornadus\n|move|p2a: Kyogre|Thunder|p1a: Kyogre\n|-supereffective|p1a: Kyogre\n|-damage|p1a: Kyogre|0 fnt\n|faint|p1a: Kyogre\n|\n|-weather|RainDance|[upkeep]\n|upkeep\n|inactive|Krisuerte has 30 seconds left.\n|\n|t:|1718419175\n|switch|p1a: Archaludon|Archaludon, L50, F, shiny|100\/100\n|switch|p2b: Sinistcha|Sinistcha-Masterpiece, L50|100\/100\n|-heal|p2a: Kyogre|89\/100|[from] ability: Hospitality|[of] p2b: Sinistcha\n|turn|2\n|\n|t:|1718419194\n|switch|p2a: Archaludon|Archaludon, L50, F|100\/100\n|move|p1b: Whimsicott|Encore||[still]\n|-fail|p1b: Whimsicott\n|move|p1a: Archaludon|Snarl|p2b: Sinistcha|[spread] p2a,p2b\n|-supereffective|p2b: Sinistcha\n|-damage|p2a: Archaludon|89\/100\n|-damage|p2b: Sinistcha|78\/100\n|-unboost|p2a: Archaludon|spa|1\n|-unboost|p2b: Sinistcha|spa|1\n|-ability|p2a: Archaludon|Stamina|boost\n|-boost|p2a: Archaludon|def|1\n|move|p2b: Sinistcha|Trick Room|p2b: Sinistcha\n|-fieldstart|move: Trick Room|[of] p2b: Sinistcha\n|\n|-weather|RainDance|[upkeep]\n|upkeep\n|turn|3\n|\n|t:|1718419216\n|move|p1b: Whimsicott|Encore|p2b: Sinistcha\n|-start|p2b: Sinistcha|Encore\n|move|p2b: Sinistcha|Trick Room|p2b: Sinistcha\n|-fieldend|move: Trick Room\n|move|p1a: Archaludon|Body Press|p2a: Archaludon\n|-supereffective|p2a: Archaludon\n|-damage|p2a: Archaludon|66\/100\n|-ability|p2a: Archaludon|Stamina|boost\n|-boost|p2a: Archaludon|def|1\n|move|p2a: Archaludon|Flash Cannon|p1b: Whimsicott\n|-supereffective|p1b: Whimsicott\n|-damage|p1b: Whimsicott|29\/100\n|\n|-weather|RainDance|[upkeep]\n|upkeep\n|turn|4\n|\n|t:|1718419235\n|move|p1b: Whimsicott|Beat Up|p1a: Archaludon\n|-damage|p1a: Archaludon|99\/100\n|-ability|p1a: Archaludon|Stamina|boost\n|-boost|p1a: Archaludon|def|1\n|-damage|p1a: Archaludon|98\/100\n|-ability|p1a: Archaludon|Stamina|boost\n|-boost|p1a: Archaludon|def|1\n|-damage|p1a: Archaludon|97\/100\n|-ability|p1a: Archaludon|Stamina|boost\n|-boost|p1a: Archaludon|def|1\n|-hitcount|p1a: Archaludon|3\n|move|p1a: Archaludon|Body Press|p2a: Archaludon\n|-supereffective|p2a: Archaludon\n|-damage|p2a: Archaludon|20\/100\n|-ability|p2a: Archaludon|Stamina|boost\n|-boost|p2a: Archaludon|def|1\n|move|p2a: Archaludon|Flash Cannon|p1b: Whimsicott\n|-supereffective|p1b: Whimsicott\n|-damage|p1b: Whimsicott|0 fnt\n|faint|p1b: Whimsicott\n|move|p2b: Sinistcha|Trick Room|p2b: Sinistcha\n|-fieldstart|move: Trick Room|[of] p2b: Sinistcha\n|\n|-weather|RainDance|[upkeep]\n|-sideend|p2: Krisuerte|move: Tailwind\n|-sideend|p1: Simreaper|move: Tailwind\n|upkeep\n|\n|t:|1718419250\n|switch|p1b: Mienshao|Mienshao, L50, F|100\/100\n|turn|5\n|\n|t:|1718419270\n|switch|p2b: Kyogre|Kyogre, L50|89\/100\n|move|p1b: Mienshao|Fake Out|p2a: Archaludon\n|-resisted|p2a: Archaludon\n|-damage|p2a: Archaludon|18\/100\n|-ability|p2a: Archaludon|Stamina|boost\n|-boost|p2a: Archaludon|def|1\n|cant|p2a: Archaludon|flinch\n|move|p1a: Archaludon|Body Press|p2a: Archaludon\n|-supereffective|p2a: Archaludon\n|-damage|p2a: Archaludon|0 fnt\n|faint|p2a: Archaludon\n|\n|-weather|none\n|upkeep\n|\n|t:|1718419286\n|switch|p2a: Sinistcha|Sinistcha-Masterpiece, L50|78\/100\n|-heal|p2b: Kyogre|100\/100|[from] ability: Hospitality|[of] p2a: Sinistcha\n|turn|6\n|\n|t:|1718419304\n|-terastallize|p2b: Kyogre|Ghost\n|move|p1b: Mienshao|Wide Guard|p1b: Mienshao\n|-singleturn|p1b: Mienshao|Wide Guard\n|move|p2a: Sinistcha|Matcha Gotcha|p1a: Archaludon|[spread] \n|-activate|p1a: Archaludon|move: Wide Guard\n|-activate|p1b: Mienshao|move: Wide Guard\n|move|p2b: Kyogre|Ice Beam|p1b: Mienshao\n|-enditem|p1b: Mienshao|Focus Sash\n|-damage|p1b: Mienshao|1\/100\n|move|p1a: Archaludon|Snarl|p2a: Sinistcha|[spread] p2a,p2b\n|-supereffective|p2a: Sinistcha\n|-supereffective|p2b: Kyogre\n|-damage|p2a: Sinistcha|54\/100\n|-damage|p2b: Kyogre|83\/100\n|-unboost|p2a: Sinistcha|spa|1\n|-unboost|p2b: Kyogre|spa|1\n|\n|upkeep\n|turn|7\n|j| geekaleek\n|inactive|Simreaper has 30 seconds left.\n|\n|t:|1718419336\n|move|p2a: Sinistcha|Life Dew|p2a: Sinistcha|[spread] p2a,p2b\n|-heal|p2a: Sinistcha|80\/100\n|-heal|p2b: Kyogre|100\/100\n|move|p2b: Kyogre|Ice Beam|p1b: Mienshao\n|-damage|p1b: Mienshao|0 fnt\n|faint|p1b: Mienshao\n|move|p1a: Archaludon|Snarl|p2a: Sinistcha|[spread] p2a,p2b\n|-supereffective|p2a: Sinistcha\n|-supereffective|p2b: Kyogre\n|-damage|p2a: Sinistcha|57\/100\n|-damage|p2b: Kyogre|83\/100\n|-unboost|p2a: Sinistcha|spa|1\n|-unboost|p2b: Kyogre|spa|1\n|\n|upkeep\n|turn|8\n|\n|t:|1718419352\n|move|p2a: Sinistcha|Life Dew|p2a: Sinistcha|[spread] p2a,p2b\n|-heal|p2a: Sinistcha|83\/100\n|-heal|p2b: Kyogre|100\/100\n|move|p2b: Kyogre|Ice Beam|p1a: Archaludon\n|-damage|p1a: Archaludon|77\/100\n|-ability|p1a: Archaludon|Stamina|boost\n|-boost|p1a: Archaludon|def|1\n|move|p1a: Archaludon|Snarl|p2b: Kyogre|[spread] p2a,p2b\n|-supereffective|p2a: Sinistcha\n|-supereffective|p2b: Kyogre\n|-damage|p2a: Sinistcha|57\/100\n|-damage|p2b: Kyogre|84\/100\n|-unboost|p2a: Sinistcha|spa|1\n|-unboost|p2b: Kyogre|spa|1\n|\n|-fieldend|move: Trick Room\n|upkeep\n|turn|9\n|\n|t:|1718419371\n|move|p1a: Archaludon|Heavy Slam|p2a: Sinistcha\n|-damage|p2a: Sinistcha|26\/100\n|-damage|p1a: Archaludon|60\/100|[from] item: Rocky Helmet|[of] p2a: Sinistcha\n|move|p2b: Kyogre|Ice Beam|p1a: Archaludon\n|-damage|p1a: Archaludon|42\/100\n|-ability|p1a: Archaludon|Stamina|boost\n|-boost|p1a: Archaludon|def|1\n|move|p2a: Sinistcha|Trick Room|p2a: Sinistcha\n|-fieldstart|move: Trick Room|[of] p2a: Sinistcha\n|\n|upkeep\n|turn|10\n|-message|Simreaper forfeited.\n|\n|win|Krisuerte\n|raw|Simreaper's rating: 1709 &rarr; <strong>1690<\/strong><br \/>(-19 for losing)\n|raw|Krisuerte's rating: 1723 &rarr; <strong>1742<\/strong><br \/>(+19 for winning)\n|l|\u2606Simreaper\n|player|p1|\n|l| Na ka pa\n|l|\u2606Krisuerte\n|player|p2|\n","uploadtime":1718419630,"views":13,"formatid":"gen9vgc2024regg","rating":1690,"private":0,"password":null}