{"id":"gen9vgc2024regg-2143794660","format":"[Gen 9] VGC 2024 Reg G","players":["tuanzai233t","Axel316"],"log":"|j|\u2606tuanzai233t\n|j|\u2606Axel316\n|t:|1718460791\n|gametype|doubles\n|player|p1|tuanzai233t|101|1753\n|player|p2|Axel316|170|1746\n|teamsize|p1|6\n|teamsize|p2|6\n|gen|9\n|tier|[Gen 9] VGC 2024 Reg G\n|rated|\n|rule|Species Clause: Limit one of each Pok\u00e9mon\n|rule|Item Clause: Limit one of each item\n|clearpoke\n|poke|p1|Indeedee-F, L50, F|\n|poke|p1|Torkoal, L50, M|\n|poke|p1|Calyrex-Ice, L50|\n|poke|p1|Annihilape, L50, F|\n|poke|p1|Urshifu-*, L50, F|\n|poke|p1|Brute Bonnet, L50|\n|poke|p2|Kyogre, L50|\n|poke|p2|Incineroar, L50, M|\n|poke|p2|Farigiraf, L50, M|\n|poke|p2|Archaludon, L50, M|\n|poke|p2|Dragonite, L50, M|\n|poke|p2|Chien-Pao, L50|\n|teampreview|4\n|\n|t:|1718460836\n|start\n|switch|p1a: Annihilape|Annihilape, L50, F|100\/100\n|switch|p1b: Brute Bonnet|Brute Bonnet, L50, shiny|100\/100\n|switch|p2a: Kyogre|Kyogre, L50|100\/100\n|switch|p2b: Archaludon|Archaludon, L50, M|100\/100\n|-weather|RainDance|[from] ability: Drizzle|[of] p2a: Kyogre\n|turn|1\n|inactive|Battle timer is ON: inactive players will automatically lose when time's up. (requested by Axel316)\n|\n|t:|1718460852\n|switch|p1a: Torkoal|Torkoal, L50, M|100\/100\n|-weather|SunnyDay|[from] ability: Drought|[of] p1a: Torkoal\n|-activate|p1b: Brute Bonnet|ability: Protosynthesis\n|-start|p1b: Brute Bonnet|protosynthesisdef\n|move|p2a: Kyogre|Water Spout|p1a: Torkoal|[spread] p1a,p1b\n|-supereffective|p1a: Torkoal\n|-resisted|p1b: Brute Bonnet\n|-damage|p1a: Torkoal|12\/100\n|-damage|p1b: Brute Bonnet|89\/100\n|move|p2b: Archaludon|Electro Shot||[still]\n|-prepare|p2b: Archaludon|Electro Shot\n|-boost|p2b: Archaludon|spa|1\n|move|p1b: Brute Bonnet|Spore|p2b: Archaludon\n|-status|p2b: Archaludon|slp|[from] move: Spore\n|\n|-weather|SunnyDay|[upkeep]\n|upkeep\n|turn|2\n|\n|t:|1718460875\n|-terastallize|p2a: Kyogre|Grass\n|move|p1a: Torkoal|Protect|p1a: Torkoal\n|-singleturn|p1a: Torkoal|Protect\n|move|p2a: Kyogre|Water Spout|p1b: Brute Bonnet|[spread] p1b\n|-activate|p1a: Torkoal|move: Protect\n|-resisted|p1b: Brute Bonnet\n|-damage|p1b: Brute Bonnet|77\/100\n|cant|p2b: Archaludon|slp\n|move|p1b: Brute Bonnet|Spore|p2a: Kyogre\n|-immune|p2a: Kyogre\n|\n|-weather|SunnyDay|[upkeep]\n|upkeep\n|turn|3\n|j| shui1535\n|\n|t:|1718460894\n|switch|p2a: Incineroar|Incineroar, L50, M|100\/100\n|-ability|p2a: Incineroar|Intimidate|boost\n|-unboost|p1a: Torkoal|atk|1\n|-unboost|p1b: Brute Bonnet|atk|1\n|switch|p1a: Calyrex|Calyrex-Ice, L50|100\/100\n|-ability|p1a: Calyrex|As One\n|-ability|p1a: Calyrex|Unnerve\n|cant|p2b: Archaludon|slp\n|move|p1b: Brute Bonnet|Pollen Puff|p1a: Calyrex\n|-immune|p1a: Calyrex\n|\n|-weather|SunnyDay|[upkeep]\n|upkeep\n|turn|4\n|inactive|Axel316 has 30 seconds left.\n|\n|t:|1718460928\n|-end|p1b: Brute Bonnet|Protosynthesis|[silent]\n|switch|p1b: Annihilape|Annihilape, L50, F|100\/100\n|move|p1a: Calyrex|Protect|p1a: Calyrex\n|-singleturn|p1a: Calyrex|Protect\n|move|p2a: Incineroar|Fake Out|p1b: Annihilape\n|-immune|p1b: Annihilape\n|cant|p2b: Archaludon|slp\n|\n|-weather|SunnyDay|[upkeep]\n|upkeep\n|turn|5\n|inactive|Axel316 has 30 seconds left.\n|j| She shawty\n|\n|t:|1718460963\n|switch|p2a: Kyogre|Kyogre, L50, tera:Grass|100\/100\n|-weather|RainDance|[from] ability: Drizzle|[of] p2a: Kyogre\n|-terastallize|p1a: Calyrex|Fire\n|move|p1b: Annihilape|Final Gambit|p2a: Kyogre\n|-damage|p2a: Kyogre|0 fnt\n|faint|p1b: Annihilape\n|faint|p2a: Kyogre\n|-curestatus|p2b: Archaludon|slp|[msg]\n|move|p2b: Archaludon|Electro Shot||[still]\n|-prepare|p2b: Archaludon|Electro Shot\n|-boost|p2b: Archaludon|spa|1\n|-anim|p2b: Archaludon|Electro Shot|p1a: Calyrex\n|-damage|p1a: Calyrex|44\/100\n|move|p1a: Calyrex|Trick Room|p1a: Calyrex\n|-fieldstart|move: Trick Room|[of] p1a: Calyrex\n|\n|-weather|RainDance|[upkeep]\n|upkeep\n|\n|t:|1718460983\n|switch|p1b: Brute Bonnet|Brute Bonnet, L50, shiny|77\/100\n|switch|p2a: Incineroar|Incineroar, L50, M|100\/100\n|-ability|p2a: Incineroar|Intimidate|boost\n|-fail|p1a: Calyrex|unboost|[from] item: Clear Amulet|[of] p1a: Calyrex\n|-unboost|p1b: Brute Bonnet|atk|1\n|turn|6\n|\n|t:|1718461000\n|move|p1a: Calyrex|Protect|p1a: Calyrex\n|-singleturn|p1a: Calyrex|Protect\n|move|p1b: Brute Bonnet|Spore|p2b: Archaludon\n|-status|p2b: Archaludon|slp|[from] move: Spore\n|move|p2a: Incineroar|Knock Off|p1b: Brute Bonnet\n|-resisted|p1b: Brute Bonnet\n|-damage|p1b: Brute Bonnet|65\/100\n|-enditem|p1b: Brute Bonnet|Sitrus Berry|[from] move: Knock Off|[of] p2a: Incineroar\n|cant|p2b: Archaludon|slp\n|\n|-weather|RainDance|[upkeep]\n|upkeep\n|turn|7\n|inactive|Axel316 has 30 seconds left.\n|\n|t:|1718461032\n|switch|p2a: Chien-Pao|Chien-Pao, L50|100\/100\n|-ability|p2a: Chien-Pao|Sword of Ruin\n|move|p1a: Calyrex|Glacial Lance|p2a: Chien-Pao|[spread] p2a,p2b\n|-resisted|p2a: Chien-Pao\n|-damage|p2a: Chien-Pao|62\/100\n|-damage|p2b: Archaludon|43\/100 slp\n|-ability|p2b: Archaludon|Stamina|boost\n|-boost|p2b: Archaludon|def|1\n|move|p1b: Brute Bonnet|Pollen Puff|p1a: Calyrex\n|-heal|p1a: Calyrex|94\/100\n|-curestatus|p2b: Archaludon|slp|[msg]\n|move|p2b: Archaludon|Dragon Pulse|p1a: Calyrex\n|-damage|p1a: Calyrex|38\/100\n|\n|-weather|RainDance|[upkeep]\n|upkeep\n|turn|8\n|\n|t:|1718461054\n|move|p2a: Chien-Pao|Protect|p2a: Chien-Pao\n|-singleturn|p2a: Chien-Pao|Protect\n|move|p1a: Calyrex|Glacial Lance|p2a: Chien-Pao|[spread] p2b\n|-activate|p2a: Chien-Pao|move: Protect\n|-damage|p2b: Archaludon|4\/100\n|-ability|p2b: Archaludon|Stamina|boost\n|-boost|p2b: Archaludon|def|1\n|move|p1b: Brute Bonnet|Spore|p2b: Archaludon\n|-status|p2b: Archaludon|slp|[from] move: Spore\n|cant|p2b: Archaludon|slp\n|\n|-weather|RainDance|[upkeep]\n|upkeep\n|turn|9\n|\n|t:|1718461074\n|move|p1a: Calyrex|Protect|p1a: Calyrex\n|-singleturn|p1a: Calyrex|Protect\n|move|p2a: Chien-Pao|Sucker Punch||[still]\n|-fail|p2a: Chien-Pao\n|move|p1b: Brute Bonnet|Spore|p2a: Chien-Pao\n|-status|p2a: Chien-Pao|slp|[from] move: Spore\n|cant|p2b: Archaludon|slp\n|\n|-weather|none\n|-fieldend|move: Trick Room\n|upkeep\n|turn|10\n|\n|t:|1718461087\n|cant|p2a: Chien-Pao|slp\n|move|p1b: Brute Bonnet|Rage Powder|p1b: Brute Bonnet\n|-singleturn|p1b: Brute Bonnet|move: Rage Powder\n|cant|p2b: Archaludon|slp\n|move|p1a: Calyrex|Glacial Lance|p2a: Chien-Pao|[spread] p2a,p2b\n|-resisted|p2a: Chien-Pao\n|-damage|p2a: Chien-Pao|20\/100 slp\n|-damage|p2b: Archaludon|0 fnt\n|faint|p2b: Archaludon\n|-ability|p1a: Calyrex|Chilling Neigh|boost\n|-boost|p1a: Calyrex|atk|1\n|\n|upkeep\n|\n|t:|1718461099\n|switch|p2b: Incineroar|Incineroar, L50, M|100\/100\n|-ability|p2b: Incineroar|Intimidate|boost\n|-fail|p1a: Calyrex|unboost|[from] item: Clear Amulet|[of] p1a: Calyrex\n|-unboost|p1b: Brute Bonnet|atk|1\n|turn|11\n|\n|t:|1718461107\n|cant|p2a: Chien-Pao|slp\n|move|p1a: Calyrex|Protect|p1a: Calyrex\n|-singleturn|p1a: Calyrex|Protect\n|move|p2b: Incineroar|Taunt|p1b: Brute Bonnet\n|-start|p1b: Brute Bonnet|move: Taunt\n|move|p1b: Brute Bonnet|Pollen Puff|p2a: Chien-Pao\n|-supereffective|p2a: Chien-Pao\n|-damage|p2a: Chien-Pao|0 fnt\n|faint|p2a: Chien-Pao\n|\n|upkeep\n|turn|12\n|\n|t:|1718461121\n|move|p2b: Incineroar|Knock Off|p1a: Calyrex\n|-damage|p1a: Calyrex|12\/100\n|-enditem|p1a: Calyrex|Clear Amulet|[from] move: Knock Off|[of] p2b: Incineroar\n|move|p1b: Brute Bonnet|Pollen Puff|p1a: Calyrex\n|-heal|p1a: Calyrex|62\/100\n|move|p1a: Calyrex|High Horsepower|p2b: Incineroar\n|-supereffective|p2b: Incineroar\n|-damage|p2b: Incineroar|0 fnt\n|faint|p2b: Incineroar\n|\n|win|tuanzai233t\n|raw|tuanzai233t's rating: 1753 &rarr; <strong>1773<\/strong><br \/>(+20 for winning)\n|raw|Axel316's rating: 1746 &rarr; <strong>1726<\/strong><br \/>(-20 for losing)\n|l|\u2606Axel316\n|player|p2|\n|l|\u2606tuanzai233t\n|player|p1|\n|l| She shawty\n|l| shui1535\n","uploadtime":1718461284,"views":37,"formatid":"gen9vgc2024regg","rating":1726,"private":0,"password":null}