{"id":"gen9vgc2024regg-2143798297","format":"[Gen 9] VGC 2024 Reg G","players":["Axel316","The Umpire"],"log":"|j|\u2606Axel316\n|j|\u2606The Umpire\n|t:|1718461290\n|gametype|doubles\n|player|p1|Axel316|170|1742\n|player|p2|The Umpire|volkner|1671\n|teamsize|p1|6\n|teamsize|p2|6\n|gen|9\n|tier|[Gen 9] VGC 2024 Reg G\n|rated|\n|rule|Species Clause: Limit one of each Pok\u00e9mon\n|rule|Item Clause: Limit one of each item\n|clearpoke\n|poke|p1|Kyogre, L50|\n|poke|p1|Incineroar, L50, F|\n|poke|p1|Farigiraf, L50, M|\n|poke|p1|Archaludon, L50, F|\n|poke|p1|Dragonite, L50, M|\n|poke|p1|Chien-Pao, L50|\n|poke|p2|Zamazenta-*, L50|\n|poke|p2|Flutter Mane, L50|\n|poke|p2|Tyranitar, L50, F|\n|poke|p2|Rillaboom, L50, M|\n|poke|p2|Moltres-Galar, L50|\n|poke|p2|Latios, L50, M|\n|teampreview|4\n|j| Edyntf\n|\n|t:|1718461328\n|start\n|switch|p1a: Kyogre|Kyogre, L50|100\/100\n|switch|p1b: Archaludon|Archaludon, L50, F|100\/100\n|switch|p2a: Zamazenta|Zamazenta-Crowned, L50|100\/100\n|switch|p2b: Rillaboom|Rillaboom, L50, M|100\/100\n|-weather|RainDance|[from] ability: Drizzle|[of] p1a: Kyogre\n|-ability|p2a: Zamazenta|Dauntless Shield|boost\n|-boost|p2a: Zamazenta|def|1\n|-fieldstart|move: Grassy Terrain|[from] ability: Grassy Surge|[of] p2b: Rillaboom\n|turn|1\n|inactive|Battle timer is ON: inactive players will automatically lose when time's up. (requested by Axel316)\n|\n|t:|1718461350\n|switch|p1a: Incineroar|Incineroar, L50, F|100\/100\n|-ability|p1a: Incineroar|Intimidate|boost\n|-unboost|p2a: Zamazenta|atk|1\n|-unboost|p2b: Rillaboom|atk|1\n|move|p2a: Zamazenta|Body Press|p1a: Incineroar\n|-supereffective|p1a: Incineroar\n|-damage|p1a: Incineroar|0 fnt\n|faint|p1a: Incineroar\n|move|p2b: Rillaboom|U-turn|p1b: Archaludon\n|-resisted|p1b: Archaludon\n|-damage|p1b: Archaludon|94\/100\n|-ability|p1b: Archaludon|Stamina|boost\n|-boost|p1b: Archaludon|def|1\n|j| THUNDERSND77\n|\n|t:|1718461361\n|switch|p2b: Flutter Mane|Flutter Mane, L50, shiny|100\/100|[from] U-turn\n|-enditem|p2b: Flutter Mane|Booster Energy\n|-activate|p2b: Flutter Mane|ability: Protosynthesis|[fromitem]\n|-start|p2b: Flutter Mane|protosynthesisspe\n|move|p1b: Archaludon|Electro Shot||[still]\n|-prepare|p1b: Archaludon|Electro Shot\n|-boost|p1b: Archaludon|spa|1\n|-anim|p1b: Archaludon|Electro Shot|p2a: Zamazenta\n|-damage|p2a: Zamazenta|52\/100\n|\n|-weather|RainDance|[upkeep]\n|-heal|p2a: Zamazenta|58\/100|[from] Grassy Terrain\n|-heal|p1b: Archaludon|100\/100|[from] Grassy Terrain\n|upkeep\n|\n|t:|1718461375\n|switch|p1a: Kyogre|Kyogre, L50|100\/100\n|turn|2\n|\n|t:|1718461382\n|-terastallize|p1b: Archaludon|Bug\n|move|p2b: Flutter Mane|Thunder Wave|p1b: Archaludon\n|-status|p1b: Archaludon|par\n|move|p1a: Kyogre|Origin Pulse|p2b: Flutter Mane|[spread] p2a,p2b\n|-damage|p2a: Zamazenta|8\/100\n|-damage|p2b: Flutter Mane|43\/100\n|move|p2a: Zamazenta|Body Press|p1a: Kyogre\n|-damage|p1a: Kyogre|22\/100\n|move|p1b: Archaludon|Electro Shot||[still]\n|-prepare|p1b: Archaludon|Electro Shot\n|-boost|p1b: Archaludon|spa|1\n|-anim|p1b: Archaludon|Electro Shot|p2a: Zamazenta\n|-damage|p2a: Zamazenta|0 fnt\n|faint|p2a: Zamazenta\n|\n|-weather|RainDance|[upkeep]\n|-heal|p2b: Flutter Mane|49\/100|[from] Grassy Terrain\n|-heal|p1a: Kyogre|28\/100|[from] Grassy Terrain\n|upkeep\n|\n|t:|1718461398\n|switch|p2a: Tyranitar|Tyranitar, L50, F|100\/100\n|-weather|Sandstorm|[from] ability: Sand Stream|[of] p2a: Tyranitar\n|turn|3\n|\n|t:|1718461411\n|-terastallize|p2a: Tyranitar|Ghost\n|move|p2b: Flutter Mane|Moonblast|p1a: Kyogre\n|-damage|p1a: Kyogre|0 fnt\n|faint|p1a: Kyogre\n|move|p2a: Tyranitar|Rock Slide|p1b: Archaludon\n|-supereffective|p1b: Archaludon\n|-damage|p1b: Archaludon|60\/100 par\n|-ability|p1b: Archaludon|Stamina|boost\n|-boost|p1b: Archaludon|def|1\n|move|p1b: Archaludon|Flash Cannon|p2b: Flutter Mane\n|-supereffective|p2b: Flutter Mane\n|-damage|p2b: Flutter Mane|0 fnt\n|faint|p2b: Flutter Mane\n|-end|p2b: Flutter Mane|Protosynthesis|[silent]\n|\n|-weather|Sandstorm|[upkeep]\n|-damage|p2a: Tyranitar|94\/100|[from] Sandstorm\n|-damage|p1b: Archaludon|54\/100 par|[from] Sandstorm\n|-heal|p2a: Tyranitar|100\/100|[from] Grassy Terrain\n|-heal|p1b: Archaludon|60\/100 par|[from] Grassy Terrain\n|upkeep\n|\n|t:|1718461431\n|switch|p2b: Rillaboom|Rillaboom, L50, M|100\/100\n|switch|p1a: Chien-Pao|Chien-Pao, L50|100\/100\n|-ability|p1a: Chien-Pao|Sword of Ruin\n|turn|4\n|\n|t:|1718461442\n|move|p1a: Chien-Pao|Protect|p1a: Chien-Pao\n|-singleturn|p1a: Chien-Pao|Protect\n|move|p2b: Rillaboom|Grassy Glide|p1a: Chien-Pao\n|-activate|p1a: Chien-Pao|move: Protect\n|move|p2a: Tyranitar|Rock Slide|p1a: Chien-Pao|[spread] p1b\n|-activate|p1a: Chien-Pao|move: Protect\n|-supereffective|p1b: Archaludon\n|-damage|p1b: Archaludon|32\/100 par\n|-ability|p1b: Archaludon|Stamina|boost\n|-boost|p1b: Archaludon|def|1\n|cant|p1b: Archaludon|flinch\n|\n|-weather|Sandstorm|[upkeep]\n|-damage|p1a: Chien-Pao|95\/100|[from] Sandstorm\n|-damage|p2a: Tyranitar|94\/100|[from] Sandstorm\n|-damage|p2b: Rillaboom|94\/100|[from] Sandstorm\n|-damage|p1b: Archaludon|26\/100 par|[from] Sandstorm\n|-heal|p1a: Chien-Pao|100\/100|[from] Grassy Terrain\n|-heal|p2a: Tyranitar|100\/100|[from] Grassy Terrain\n|-heal|p2b: Rillaboom|100\/100|[from] Grassy Terrain\n|-heal|p1b: Archaludon|32\/100 par|[from] Grassy Terrain\n|upkeep\n|turn|5\n|\n|t:|1718461467\n|move|p1a: Chien-Pao|Sucker Punch|p2a: Tyranitar\n|-supereffective|p2a: Tyranitar\n|-damage|p2a: Tyranitar|12\/100\n|move|p2b: Rillaboom|Grassy Glide|p1a: Chien-Pao\n|-damage|p1a: Chien-Pao|45\/100\n|move|p2a: Tyranitar|Rock Slide|p1a: Chien-Pao|[spread] p1a,p1b\n|-supereffective|p1a: Chien-Pao\n|-crit|p1a: Chien-Pao\n|-supereffective|p1b: Archaludon\n|-damage|p1a: Chien-Pao|0 fnt\n|-damage|p1b: Archaludon|12\/100 par\n|-ability|p1b: Archaludon|Stamina|boost\n|-boost|p1b: Archaludon|def|1\n|faint|p1a: Chien-Pao\n|move|p1b: Archaludon|Dragon Pulse|p2b: Rillaboom\n|-damage|p2b: Rillaboom|32\/100\n|\n|-weather|Sandstorm|[upkeep]\n|-damage|p2a: Tyranitar|6\/100|[from] Sandstorm\n|-damage|p2b: Rillaboom|26\/100|[from] Sandstorm\n|-damage|p1b: Archaludon|6\/100 par|[from] Sandstorm\n|-heal|p2a: Tyranitar|12\/100|[from] Grassy Terrain\n|-heal|p2b: Rillaboom|32\/100|[from] Grassy Terrain\n|-heal|p1b: Archaludon|12\/100 par|[from] Grassy Terrain\n|-fieldend|move: Grassy Terrain\n|upkeep\n|turn|6\n|j| She shawty\n|\n|t:|1718461490\n|move|p2a: Tyranitar|Knock Off|p1b: Archaludon\n|-damage|p1b: Archaludon|1\/100 par\n|-ability|p1b: Archaludon|Stamina|boost\n|-boost|p1b: Archaludon|def|1\n|-enditem|p1b: Archaludon|Assault Vest|[from] move: Knock Off|[of] p2a: Tyranitar\n|move|p2b: Rillaboom|Wood Hammer|p1b: Archaludon\n|-resisted|p1b: Archaludon\n|-damage|p1b: Archaludon|0 fnt\n|faint|p1b: Archaludon\n|-damage|p2b: Rillaboom|32\/100|[from] Recoil\n|\n|win|The Umpire\n|raw|Axel316's rating: 1742 &rarr; <strong>1718<\/strong><br \/>(-24 for losing)\n|raw|The Umpire's rating: 1671 &rarr; <strong>1695<\/strong><br \/>(+24 for winning)\n|l|\u2606Axel316\n|player|p1|\n|l| Edyntf\n|l|\u2606The Umpire\n|player|p2|\n|l| THUNDERSND77\n|l| She shawty\n","uploadtime":1718461699,"views":15,"formatid":"gen9vgc2024regg","rating":1695,"private":0,"password":null}