{"id":"gen9vgc2024regg-2143571882","format":"[Gen 9] VGC 2024 Reg G","players":["tuanzai233","Krisuerte"],"log":"|j|\u2606tuanzai233\n|j|\u2606Krisuerte\n|t:|1718419634\n|gametype|doubles\n|player|p1|tuanzai233|266|1726\n|player|p2|Krisuerte|266|1716\n|teamsize|p1|6\n|teamsize|p2|6\n|gen|9\n|tier|[Gen 9] VGC 2024 Reg G\n|rated|\n|rule|Species Clause: Limit one of each Pok\u00e9mon\n|rule|Item Clause: Limit one of each item\n|clearpoke\n|poke|p1|Indeedee-F, L50, F|\n|poke|p1|Torkoal, L50, M|\n|poke|p1|Calyrex-Ice, L50|\n|poke|p1|Annihilape, L50, F|\n|poke|p1|Urshifu-*, L50, M|\n|poke|p1|Brute Bonnet, L50|\n|poke|p2|Sinistcha-Masterpiece, L50|\n|poke|p2|Kyogre, L50|\n|poke|p2|Tornadus, L50, M|\n|poke|p2|Urshifu-*, L50, M|\n|poke|p2|Archaludon, L50, F|\n|poke|p2|Landorus, L50, M|\n|teampreview|4\n|\n|t:|1718419647\n|start\n|switch|p1a: Annihilape|Annihilape, L50, F|100\/100\n|switch|p1b: Brute Bonnet|Brute Bonnet, L50, shiny|100\/100\n|switch|p2a: Kyogre|Kyogre, L50|100\/100\n|switch|p2b: Archaludon|Archaludon, L50, F|100\/100\n|-weather|RainDance|[from] ability: Drizzle|[of] p2a: Kyogre\n|turn|1\n|\n|t:|1718419661\n|switch|p2b: Sinistcha|Sinistcha-Masterpiece, L50|100\/100\n|-terastallize|p2a: Kyogre|Ghost\n|move|p1a: Annihilape|Final Gambit|p2a: Kyogre\n|-immune|p2a: Kyogre\n|move|p2a: Kyogre|Ice Beam|p1b: Brute Bonnet\n|-supereffective|p1b: Brute Bonnet\n|-damage|p1b: Brute Bonnet|11\/100\n|-enditem|p1b: Brute Bonnet|Sitrus Berry|[eat]\n|-heal|p1b: Brute Bonnet|35\/100|[from] item: Sitrus Berry\n|move|p1b: Brute Bonnet|Spore|p2b: Sinistcha\n|-immune|p2b: Sinistcha\n|\n|-weather|RainDance|[upkeep]\n|upkeep\n|turn|2\n|j| geekaleek\n|\n|t:|1718419688\n|switch|p1a: Torkoal|Torkoal, L50, M|100\/100\n|-weather|SunnyDay|[from] ability: Drought|[of] p1a: Torkoal\n|-activate|p1b: Brute Bonnet|ability: Protosynthesis\n|-start|p1b: Brute Bonnet|protosynthesisdef\n|-terastallize|p1b: Brute Bonnet|Poison\n|move|p2a: Kyogre|Ice Beam|p1b: Brute Bonnet\n|-damage|p1b: Brute Bonnet|0 fnt\n|faint|p1b: Brute Bonnet\n|-end|p1b: Brute Bonnet|Protosynthesis|[silent]\n|move|p2b: Sinistcha|Matcha Gotcha|p1a: Torkoal\n|-resisted|p1a: Torkoal\n|-damage|p1a: Torkoal|78\/100\n|\n|-weather|SunnyDay|[upkeep]\n|upkeep\n|\n|t:|1718419697\n|switch|p1b: Calyrex|Calyrex-Ice, L50|100\/100\n|-ability|p1b: Calyrex|As One\n|-ability|p1b: Calyrex|Unnerve\n|turn|3\n|j| GyattDamnnm\n|\n|t:|1718419731\n|switch|p2a: Urshifu|Urshifu-Rapid-Strike, L50, M|100\/100\n|switch|p1a: Annihilape|Annihilape, L50, F|100\/100\n|move|p2b: Sinistcha|Matcha Gotcha|p1a: Annihilape|[spread] p1a,p1b\n|-damage|p1a: Annihilape|79\/100\n|-damage|p1b: Calyrex|84\/100\n|move|p1b: Calyrex|Trick Room|p1b: Calyrex\n|-fieldstart|move: Trick Room|[of] p1b: Calyrex\n|\n|-weather|SunnyDay|[upkeep]\n|upkeep\n|turn|4\n|\n|t:|1718419757\n|switch|p2b: Kyogre|Kyogre, L50, tera:Ghost|100\/100\n|-weather|RainDance|[from] ability: Drizzle|[of] p2b: Kyogre\n|move|p1b: Calyrex|Glacial Lance|p2a: Urshifu|[spread] p2a,p2b\n|-resisted|p2a: Urshifu\n|-crit|p2b: Kyogre\n|-damage|p2a: Urshifu|75\/100\n|-damage|p2b: Kyogre|14\/100\n|move|p2a: Urshifu|Surging Strikes|p1b: Calyrex\n|-crit|p1b: Calyrex\n|-damage|p1b: Calyrex|59\/100\n|-crit|p1b: Calyrex\n|-damage|p1b: Calyrex|37\/100\n|-crit|p1b: Calyrex\n|-damage|p1b: Calyrex|10\/100\n|-hitcount|p1b: Calyrex|3\n|move|p1a: Annihilape|Shadow Claw|p2a: Urshifu\n|-damage|p2a: Urshifu|51\/100\n|\n|-weather|RainDance|[upkeep]\n|upkeep\n|turn|5\n|\n|t:|1718419782\n|switch|p1b: Torkoal|Torkoal, L50, M|78\/100\n|-weather|SunnyDay|[from] ability: Drought|[of] p1b: Torkoal\n|move|p2a: Urshifu|Aqua Jet|p1b: Torkoal\n|-supereffective|p1b: Torkoal\n|-damage|p1b: Torkoal|57\/100\n|move|p2b: Kyogre|Origin Pulse|p1a: Annihilape|[spread] p1a,p1b\n|-supereffective|p1b: Torkoal\n|-damage|p1a: Annihilape|46\/100\n|-damage|p1b: Torkoal|0 fnt\n|faint|p1b: Torkoal\n|move|p1a: Annihilape|Shadow Claw|p2b: Kyogre\n|-supereffective|p2b: Kyogre\n|-damage|p2b: Kyogre|0 fnt\n|faint|p2b: Kyogre\n|\n|-weather|SunnyDay|[upkeep]\n|upkeep\n|\n|t:|1718419807\n|switch|p1b: Calyrex|Calyrex-Ice, L50|10\/100\n|switch|p2b: Sinistcha|Sinistcha-Masterpiece, L50|100\/100\n|-ability|p1b: Calyrex|As One\n|-ability|p1b: Calyrex|Unnerve\n|-heal|p2a: Urshifu|75\/100|[from] ability: Hospitality|[of] p2b: Sinistcha\n|turn|6\n|\n|t:|1718419825\n|switch|p2b: Archaludon|Archaludon, L50, F|100\/100\n|move|p1b: Calyrex|High Horsepower|p2a: Urshifu\n|-damage|p2a: Urshifu|36\/100\n|move|p2a: Urshifu|Surging Strikes|p1b: Calyrex\n|-crit|p1b: Calyrex\n|-damage|p1b: Calyrex|3\/100\n|-crit|p1b: Calyrex\n|-damage|p1b: Calyrex|0 fnt\n|faint|p1b: Calyrex\n|-hitcount|p1: Calyrex|2\n|move|p1a: Annihilape|Shadow Claw|p2a: Urshifu\n|-damage|p2a: Urshifu|13\/100\n|\n|-weather|SunnyDay|[upkeep]\n|upkeep\n|turn|7\n|-message|tuanzai233 forfeited.\n|\n|win|Krisuerte\n|raw|tuanzai233's rating: 1726 &rarr; <strong>1705<\/strong><br \/>(-21 for losing)\n|raw|Krisuerte's rating: 1716 &rarr; <strong>1737<\/strong><br \/>(+21 for winning)\n|l|\u2606tuanzai233\n|player|p1|\n|l| geekaleek\n|l|\u2606Krisuerte\n|player|p2|\n|l| GyattDamnnm\n","uploadtime":1718420040,"views":24,"formatid":"gen9vgc2024regg","rating":1705,"private":0,"password":null}