{"id":"gen9vgc2024regg-2143813405","format":"[Gen 9] VGC 2024 Reg G","players":["CCC2023","tuanzai233t"],"log":"|j|\u2606CCC2023\n|j|\u2606tuanzai233t\n|t:|1718463344\n|gametype|doubles\n|player|p1|CCC2023|dawn|1718\n|player|p2|tuanzai233t|101|1728\n|teamsize|p1|6\n|teamsize|p2|6\n|gen|9\n|tier|[Gen 9] VGC 2024 Reg G\n|rated|\n|rule|Species Clause: Limit one of each Pok\u00e9mon\n|rule|Item Clause: Limit one of each item\n|clearpoke\n|poke|p1|Urshifu-*, L50, M|\n|poke|p1|Incineroar, L50, M|\n|poke|p1|Rillaboom, L50, M|\n|poke|p1|Tornadus, L50, M|\n|poke|p1|Raging Bolt, L50|\n|poke|p1|Calyrex-Shadow, L50|\n|poke|p2|Indeedee-F, L50, F|\n|poke|p2|Torkoal, L50, M|\n|poke|p2|Calyrex-Ice, L50|\n|poke|p2|Annihilape, L50, F|\n|poke|p2|Urshifu-*, L50, F|\n|poke|p2|Brute Bonnet, L50|\n|teampreview|4\n|inactive|Battle timer is ON: inactive players will automatically lose when time's up. (requested by tuanzai233t)\n|inactive|CCC2023 has 60 seconds left.\n|\n|t:|1718463429\n|start\n|switch|p1a: Calyrex|Calyrex-Shadow, L50|100\/100\n|switch|p1b: Raging Bolt|Raging Bolt, L50|100\/100\n|switch|p2a: Calyrex|Calyrex-Ice, L50|100\/100\n|switch|p2b: Urshifu|Urshifu, L50, F|100\/100\n|-ability|p1a: Calyrex|As One\n|-ability|p1a: Calyrex|Unnerve\n|-ability|p2a: Calyrex|As One\n|-ability|p2a: Calyrex|Unnerve\n|turn|1\n|inactive|CCC2023 has 30 seconds left.\n|inactive|CCC2023 has 20 seconds left.\n|inactive|CCC2023 has 15 seconds left.\n|inactive|CCC2023 has 10 seconds left.\n|inactive|CCC2023 has 5 seconds left.\n|\n|t:|1718463481\n|switch|p1a: Incineroar|Incineroar, L50, M, shiny|100\/100\n|-ability|p1a: Incineroar|Intimidate|boost\n|-fail|p2a: Calyrex|unboost|[from] item: Clear Amulet|[of] p2a: Calyrex\n|-unboost|p2b: Urshifu|atk|1\n|-terastallize|p2a: Calyrex|Fire\n|move|p2b: Urshifu|Close Combat|p1a: Incineroar\n|-supereffective|p1a: Incineroar\n|-damage|p1a: Incineroar|22\/100\n|-unboost|p2b: Urshifu|def|1\n|-unboost|p2b: Urshifu|spd|1\n|move|p1b: Raging Bolt|Thunderbolt|p2a: Calyrex\n|-damage|p2a: Calyrex|63\/100\n|move|p2a: Calyrex|Glacial Lance|p1b: Raging Bolt|[spread] p1a,p1b\n|-resisted|p1a: Incineroar\n|-supereffective|p1b: Raging Bolt\n|-damage|p1a: Incineroar|0 fnt\n|-damage|p1b: Raging Bolt|4\/100\n|faint|p1a: Incineroar\n|-ability|p2a: Calyrex|Chilling Neigh|boost\n|-boost|p2a: Calyrex|atk|1\n|\n|upkeep\n|inactive|CCC2023 has 30 seconds left.\n|\n|t:|1718463507\n|switch|p1a: Calyrex|Calyrex-Shadow, L50|100\/100\n|-ability|p1a: Calyrex|As One\n|-ability|p1a: Calyrex|Unnerve\n|turn|2\n|inactive|CCC2023 has 30 seconds left.\n|inactive|CCC2023 has 20 seconds left.\n|\n|t:|1718463546\n|-terastallize|p1a: Calyrex|Ghost\n|move|p2b: Urshifu|Sucker Punch|p1a: Calyrex\n|-supereffective|p1a: Calyrex\n|-damage|p1a: Calyrex|32\/100\n|move|p1a: Calyrex|Astral Barrage|p2a: Calyrex|[spread] p2a,p2b\n|-resisted|p2b: Urshifu\n|-damage|p2a: Calyrex|13\/100\n|-damage|p2b: Urshifu|15\/100\n|move|p1b: Raging Bolt|Thunderbolt|p2a: Calyrex\n|-damage|p2a: Calyrex|0 fnt\n|faint|p2a: Calyrex\n|\n|upkeep\n|\n|t:|1718463557\n|switch|p2a: Brute Bonnet|Brute Bonnet, L50, shiny|100\/100\n|turn|3\n|inactive|CCC2023 has 30 seconds left.\n|inactive|CCC2023 has 20 seconds left.\n|\n|t:|1718463593\n|switch|p1a: Rillaboom|Rillaboom, L50, M|100\/100\n|-fieldstart|move: Grassy Terrain|[from] ability: Grassy Surge|[of] p1a: Rillaboom\n|move|p2b: Urshifu|Detect|p2b: Urshifu\n|-singleturn|p2b: Urshifu|Protect\n|move|p1b: Raging Bolt|Draco Meteor|p2a: Brute Bonnet\n|-crit|p2a: Brute Bonnet\n|-damage|p2a: Brute Bonnet|20\/100\n|-unboost|p1b: Raging Bolt|spa|2\n|-enditem|p2a: Brute Bonnet|Sitrus Berry|[eat]\n|-heal|p2a: Brute Bonnet|45\/100|[from] item: Sitrus Berry\n|move|p2a: Brute Bonnet|Spore|p1a: Rillaboom\n|-immune|p1a: Rillaboom\n|\n|-heal|p2b: Urshifu|20\/100|[from] Grassy Terrain\n|-heal|p1b: Raging Bolt|10\/100|[from] Grassy Terrain\n|-heal|p2a: Brute Bonnet|51\/100|[from] Grassy Terrain\n|upkeep\n|turn|4\n|inactive|CCC2023 has 30 seconds left.\n|inactive|CCC2023 has 20 seconds left.\n|inactive|CCC2023 has 15 seconds left.\n|\n|t:|1718463636\n|switch|p2b: Torkoal|Torkoal, L50, M|100\/100\n|-weather|SunnyDay|[from] ability: Drought|[of] p2b: Torkoal\n|-activate|p1b: Raging Bolt|ability: Protosynthesis\n|-start|p1b: Raging Bolt|protosynthesisdef\n|-activate|p2a: Brute Bonnet|ability: Protosynthesis\n|-start|p2a: Brute Bonnet|protosynthesisdef\n|move|p1b: Raging Bolt|Protect|p1b: Raging Bolt\n|-singleturn|p1b: Raging Bolt|Protect\n|move|p1a: Rillaboom|Grassy Glide|p2b: Torkoal\n|-resisted|p2b: Torkoal\n|-damage|p2b: Torkoal|85\/100\n|move|p2a: Brute Bonnet|Spore|p1b: Raging Bolt\n|-activate|p1b: Raging Bolt|move: Protect\n|\n|-weather|SunnyDay|[upkeep]\n|-heal|p1b: Raging Bolt|17\/100|[from] Grassy Terrain\n|-heal|p2a: Brute Bonnet|57\/100|[from] Grassy Terrain\n|-heal|p2b: Torkoal|91\/100|[from] Grassy Terrain\n|upkeep\n|turn|5\n|inactive|CCC2023 has 30 seconds left.\n|inactive|CCC2023 has 20 seconds left.\n|inactive|CCC2023 has 15 seconds left.\n|inactive|CCC2023 has 10 seconds left.\n|\n|t:|1718463683\n|move|p1a: Rillaboom|High Horsepower|p2b: Torkoal\n|-supereffective|p2b: Torkoal\n|-damage|p2b: Torkoal|33\/100\n|move|p1b: Raging Bolt|Thunderbolt|p2b: Torkoal\n|-damage|p2b: Torkoal|0 fnt\n|faint|p2b: Torkoal\n|move|p2a: Brute Bonnet|Spore|p1b: Raging Bolt\n|-status|p1b: Raging Bolt|slp|[from] move: Spore\n|\n|-weather|SunnyDay|[upkeep]\n|-heal|p1b: Raging Bolt|23\/100 slp|[from] Grassy Terrain\n|-heal|p2a: Brute Bonnet|63\/100|[from] Grassy Terrain\n|upkeep\n|\n|t:|1718463691\n|switch|p2b: Urshifu|Urshifu, L50, F|20\/100\n|turn|6\n|j| Jigglyjoe13\n|\n|t:|1718463705\n|move|p2b: Urshifu|Detect|p2b: Urshifu\n|-singleturn|p2b: Urshifu|Protect\n|move|p1a: Rillaboom|Grassy Glide|p2b: Urshifu\n|-activate|p2b: Urshifu|move: Protect\n|cant|p1b: Raging Bolt|slp\n|move|p2a: Brute Bonnet|Crunch|p1a: Rillaboom\n|-damage|p1a: Rillaboom|69\/100\n|\n|-weather|SunnyDay|[upkeep]\n|-heal|p2b: Urshifu|26\/100|[from] Grassy Terrain\n|-heal|p1a: Rillaboom|75\/100|[from] Grassy Terrain\n|-heal|p1b: Raging Bolt|29\/100 slp|[from] Grassy Terrain\n|-heal|p2a: Brute Bonnet|69\/100|[from] Grassy Terrain\n|upkeep\n|turn|7\n|j| KounoTaro\n|\n|t:|1718463725\n|move|p2b: Urshifu|Sucker Punch|p1a: Rillaboom\n|-damage|p1a: Rillaboom|38\/100\n|move|p1a: Rillaboom|Grassy Glide|p2b: Urshifu\n|-damage|p2b: Urshifu|0 fnt\n|faint|p2b: Urshifu\n|-curestatus|p1b: Raging Bolt|slp|[msg]\n|move|p1b: Raging Bolt|Thunderbolt|p2a: Brute Bonnet\n|-resisted|p2a: Brute Bonnet\n|-damage|p2a: Brute Bonnet|58\/100\n|move|p2a: Brute Bonnet|Crunch|p1a: Rillaboom\n|-damage|p1a: Rillaboom|8\/100\n|-unboost|p1a: Rillaboom|def|1\n|\n|-weather|SunnyDay|[upkeep]\n|-heal|p1a: Rillaboom|15\/100|[from] Grassy Terrain\n|-heal|p1b: Raging Bolt|35\/100|[from] Grassy Terrain\n|-heal|p2a: Brute Bonnet|64\/100|[from] Grassy Terrain\n|-fieldend|move: Grassy Terrain\n|upkeep\n|turn|8\n|-message|tuanzai233t forfeited.\n|\n|win|CCC2023\n|raw|CCC2023's rating: 1718 &rarr; <strong>1739<\/strong><br \/>(+21 for winning)\n|raw|tuanzai233t's rating: 1728 &rarr; <strong>1707<\/strong><br \/>(-21 for losing)\n|l|\u2606tuanzai233t\n|player|p2|\n|l|\u2606CCC2023\n|player|p1|\n","uploadtime":1718463912,"views":24,"formatid":"gen9vgc2024regg","rating":1707,"private":0,"password":null}