{"id":"gen9vgc2024regg-2143317496","format":"[Gen 9] VGC 2024 Reg G","players":["pys_max","tuanzai233"],"log":"|j|\u2606pys_max\n|j|\u2606tuanzai233\n|t:|1718386992\n|gametype|doubles\n|player|p1|pys_max|266|1757\n|player|p2|tuanzai233|266|1737\n|teamsize|p1|6\n|teamsize|p2|6\n|gen|9\n|tier|[Gen 9] VGC 2024 Reg G\n|rated|\n|rule|Species Clause: Limit one of each Pok\u00e9mon\n|rule|Item Clause: Limit one of each item\n|clearpoke\n|poke|p1|Calyrex-Ice, L50|\n|poke|p1|Ursaluna-Bloodmoon, L50, M|\n|poke|p1|Smeargle, L50, M|\n|poke|p1|Farigiraf, L50, M|\n|poke|p1|Annihilape, L50, M|\n|poke|p1|Electabuzz, L50, M|\n|poke|p2|Indeedee-F, L50, F|\n|poke|p2|Torkoal, L50, M|\n|poke|p2|Calyrex-Ice, L50|\n|poke|p2|Annihilape, L50, M|\n|poke|p2|Urshifu-*, L50, F|\n|poke|p2|Brute Bonnet, L50|\n|teampreview|4\n|j| bluestraggler01\n|\n|t:|1718387029\n|start\n|switch|p1a: Electabuzz|Electabuzz, L50, M|100\/100\n|switch|p1b: Calyrex|Calyrex-Ice, L50|100\/100\n|switch|p2a: Calyrex|Calyrex-Ice, L50|100\/100\n|switch|p2b: Brute Bonnet|Brute Bonnet, L50, shiny|100\/100\n|-ability|p1b: Calyrex|As One\n|-ability|p1b: Calyrex|Unnerve\n|-ability|p2a: Calyrex|As One\n|-ability|p2a: Calyrex|Unnerve\n|turn|1\n|\n|t:|1718387050\n|-terastallize|p2b: Brute Bonnet|Poison\n|move|p1a: Electabuzz|Taunt|p2b: Brute Bonnet\n|-start|p2b: Brute Bonnet|move: Taunt\n|move|p2b: Brute Bonnet|Crunch|p1a: Electabuzz\n|-damage|p1a: Electabuzz|74\/100\n|move|p1b: Calyrex|Glacial Lance|p2a: Calyrex|[spread] p2a,p2b\n|-resisted|p2a: Calyrex\n|-damage|p2a: Calyrex|82\/100\n|-damage|p2b: Brute Bonnet|58\/100\n|move|p2a: Calyrex|Glacial Lance|p1a: Electabuzz|[spread] p1a,p1b\n|-resisted|p1b: Calyrex\n|-damage|p1a: Electabuzz|28\/100\n|-damage|p1b: Calyrex|83\/100\n|\n|upkeep\n|turn|2\n|j| Reyggor\n|\n|t:|1718387076\n|move|p1a: Electabuzz|Taunt|p2a: Calyrex\n|-start|p2a: Calyrex|move: Taunt\n|move|p2b: Brute Bonnet|Pollen Puff|p2a: Calyrex\n|-heal|p2a: Calyrex|100\/100\n|move|p1b: Calyrex|Glacial Lance|p2a: Calyrex|[spread] p2a,p2b\n|-resisted|p2a: Calyrex\n|-damage|p2a: Calyrex|83\/100\n|-damage|p2b: Brute Bonnet|21\/100\n|cant|p2a: Calyrex|move: Taunt|Trick Room\n|\n|upkeep\n|turn|3\n|\n|t:|1718387094\n|move|p1a: Electabuzz|Follow Me|p1a: Electabuzz\n|-singleturn|p1a: Electabuzz|move: Follow Me\n|move|p2b: Brute Bonnet|Crunch|p1a: Electabuzz\n|-crit|p1a: Electabuzz\n|-damage|p1a: Electabuzz|0 fnt\n|faint|p1a: Electabuzz\n|move|p1b: Calyrex|Glacial Lance|p2a: Calyrex|[spread] p2a,p2b\n|-resisted|p2a: Calyrex\n|-damage|p2a: Calyrex|65\/100\n|-damage|p2b: Brute Bonnet|0 fnt\n|faint|p2b: Brute Bonnet\n|-end|p2b: Brute Bonnet|Protosynthesis|[silent]\n|-ability|p1b: Calyrex|Chilling Neigh|boost\n|-boost|p1b: Calyrex|atk|1\n|move|p2a: Calyrex|Glacial Lance|p1b: Calyrex\n|-resisted|p1b: Calyrex\n|-damage|p1b: Calyrex|59\/100\n|\n|upkeep\n|\n|t:|1718387109\n|switch|p1a: Annihilape|Annihilape, L50, M|100\/100\n|switch|p2b: Urshifu|Urshifu, L50, F|100\/100\n|turn|4\n|l| bluestraggler01\n|inactive|Battle timer is ON: inactive players will automatically lose when time's up. (requested by tuanzai233)\n|\n|t:|1718387161\n|-terastallize|p1b: Calyrex|Fire\n|move|p1a: Annihilape|Close Combat|p2b: Urshifu\n|-supereffective|p2b: Urshifu\n|-crit|p2b: Urshifu\n|-enditem|p2b: Urshifu|Focus Sash\n|-damage|p2b: Urshifu|1\/100\n|-unboost|p1a: Annihilape|def|1\n|-unboost|p1a: Annihilape|spd|1\n|move|p2b: Urshifu|Wicked Blow|p1b: Calyrex\n|-crit|p1b: Calyrex\n|-damage|p1b: Calyrex|18\/100\n|move|p1b: Calyrex|Glacial Lance|p2a: Calyrex|[spread] p2a,p2b\n|-resisted|p2a: Calyrex\n|-damage|p2a: Calyrex|34\/100\n|-damage|p2b: Urshifu|0 fnt\n|faint|p2b: Urshifu\n|-ability|p1b: Calyrex|Chilling Neigh|boost\n|-boost|p1b: Calyrex|atk|1\n|move|p2a: Calyrex|Glacial Lance|p1a: Annihilape|[spread] p1a,p1b\n|-resisted|p1b: Calyrex\n|-damage|p1a: Annihilape|18\/100\n|-damage|p1b: Calyrex|0 fnt\n|faint|p1b: Calyrex\n|-ability|p2a: Calyrex|Chilling Neigh|boost\n|-boost|p2a: Calyrex|atk|1\n|\n|-end|p2a: Calyrex|move: Taunt\n|upkeep\n|\n|t:|1718387181\n|switch|p2b: Torkoal|Torkoal, L50, M|100\/100\n|switch|p1b: Ursaluna|Ursaluna-Bloodmoon, L50, M|100\/100\n|-weather|SunnyDay|[from] ability: Drought|[of] p2b: Torkoal\n|turn|5\n|inactive|pys_max has 30 seconds left.\n|inactive|pys_max has 20 seconds left.\n|\n|t:|1718387217\n|move|p1a: Annihilape|Close Combat|p2b: Torkoal\n|-damage|p2b: Torkoal|68\/100\n|-unboost|p1a: Annihilape|def|1\n|-unboost|p1a: Annihilape|spd|1\n|move|p1b: Ursaluna|Hyper Voice|p2b: Torkoal|[spread] p2a,p2b\n|-damage|p2a: Calyrex|0 fnt\n|-damage|p2b: Torkoal|3\/100\n|faint|p2a: Calyrex\n|-damage|p1b: Ursaluna|91\/100|[from] item: Life Orb\n|move|p2b: Torkoal|Weather Ball|p1b: Ursaluna\n|-damage|p1b: Ursaluna|2\/100\n|\n|-weather|SunnyDay|[upkeep]\n|upkeep\n|turn|6\n|-message|tuanzai233 forfeited.\n|\n|win|pys_max\n|raw|pys_max's rating: 1757 &rarr; <strong>1776<\/strong><br \/>(+19 for winning)\n|raw|tuanzai233's rating: 1737 &rarr; <strong>1718<\/strong><br \/>(-19 for losing)\n|l|\u2606tuanzai233\n|player|p2|\n|l|\u2606pys_max\n|player|p1|\n","uploadtime":1718387382,"views":72,"formatid":"gen9vgc2024regg","rating":1718,"private":0,"password":null}