{"id":"gen9vgc2024regg-2143085267","format":"[Gen 9] VGC 2024 Reg G","players":["YuanqiNono","rebornrhyme"],"log":"|j|\u2606YuanqiNono\n|j|\u2606rebornrhyme\n|t:|1718357834\n|gametype|doubles\n|player|p1|YuanqiNono|101|1700\n|player|p2|rebornrhyme|roxie|1732\n|teamsize|p1|6\n|teamsize|p2|6\n|gen|9\n|tier|[Gen 9] VGC 2024 Reg G\n|rated|\n|rule|Species Clause: Limit one of each Pok\u00e9mon\n|rule|Item Clause: Limit one of each item\n|clearpoke\n|poke|p1|Raging Bolt, L50|\n|poke|p1|Zamazenta-*, L50|\n|poke|p1|Incineroar, L50, F|\n|poke|p1|Urshifu-*, L50, F|\n|poke|p1|Gholdengo, L50|\n|poke|p1|Tornadus, L50, M|\n|poke|p2|Sableye, L50, F|\n|poke|p2|Groudon, L50|\n|poke|p2|Iron Valiant, L50|\n|poke|p2|Flutter Mane, L50|\n|poke|p2|Incineroar, L50, F|\n|poke|p2|Rillaboom, L50, M|\n|teampreview|4\nrebornrhyme rejected open team sheets.\n|inactive|Battle timer is ON: inactive players will automatically lose when time's up. (requested by rebornrhyme)\n|\n|t:|1718357873\n|start\n|switch|p1a: Zamazenta|Zamazenta-Crowned, L50|100\/100\n|switch|p1b: Tornadus|Tornadus, L50, M|100\/100\n|switch|p2a: Iron Valiant|Iron Valiant, L50|100\/100\n|switch|p2b: Sableye|Sableye, L50, F|100\/100\n|-ability|p1a: Zamazenta|Dauntless Shield|boost\n|-boost|p1a: Zamazenta|def|1\n|turn|1\n|\n|t:|1718357891\n|move|p1a: Zamazenta|Protect|p1a: Zamazenta\n|-singleturn|p1a: Zamazenta|Protect\n|move|p2b: Sableye|Gravity|p2b: Sableye\n|-fieldstart|move: Gravity\n|move|p2a: Iron Valiant|Hypnosis|p1a: Zamazenta\n|-activate|p1a: Zamazenta|move: Protect\n|move|p1b: Tornadus|Bleakwind Storm|p2b: Sableye|[spread] p2a,p2b\n|-supereffective|p2a: Iron Valiant\n|-enditem|p2a: Iron Valiant|Focus Sash\n|-damage|p2a: Iron Valiant|1\/100\n|-damage|p2b: Sableye|41\/100\n|-unboost|p2a: Iron Valiant|spe|1\n|-enditem|p2b: Sableye|Eject Button\n|\n|t:|1718357903\n|switch|p2b: Groudon|Groudon, L50|100\/100\n|-weather|SunnyDay|[from] ability: Drought|[of] p2b: Groudon\n|\n|-weather|SunnyDay|[upkeep]\n|upkeep\n|turn|2\n|inactive|YuanqiNono has 30 seconds left.\n|\n|t:|1718357929\n|-end|p2a: Iron Valiant|Quark Drive|[silent]\n|switch|p2a: Incineroar|Incineroar, L50, F|100\/100\n|-ability|p2a: Incineroar|Intimidate|boost\n|-unboost|p1a: Zamazenta|atk|1\n|-unboost|p1b: Tornadus|atk|1\n|-terastallize|p1a: Zamazenta|Grass\n|move|p1b: Tornadus|Bleakwind Storm|p2a: Incineroar|[spread] p2a,p2b\n|-damage|p2a: Incineroar|66\/100\n|-damage|p2b: Groudon|67\/100\n|move|p1a: Zamazenta|Body Press|p2b: Groudon\n|-damage|p2b: Groudon|19\/100\n|move|p2b: Groudon|Precipice Blades|p1a: Zamazenta|[spread] p1a,p1b\n|-resisted|p1a: Zamazenta\n|-damage|p1a: Zamazenta|91\/100\n|-damage|p1b: Tornadus|11\/100\n|\n|-weather|SunnyDay|[upkeep]\n|upkeep\n|turn|3\n|\n|t:|1718357949\n|switch|p2b: Sableye|Sableye, L50, F|41\/100\n|move|p1b: Tornadus|Protect|p1b: Tornadus\n|-singleturn|p1b: Tornadus|Protect\n|move|p1a: Zamazenta|Protect|p1a: Zamazenta\n|-singleturn|p1a: Zamazenta|Protect\n|move|p2a: Incineroar|Fake Out|p1b: Tornadus\n|-activate|p1b: Tornadus|move: Protect\n|\n|-weather|SunnyDay|[upkeep]\n|upkeep\n|turn|4\n|\n|t:|1718357972\n|move|p2b: Sableye|Encore|p1a: Zamazenta\n|-start|p1a: Zamazenta|Encore\n|move|p1b: Tornadus|Bleakwind Storm|p2a: Incineroar|[spread] p2a,p2b\n|-damage|p2a: Incineroar|36\/100\n|-damage|p2b: Sableye|0 fnt\n|-enditem|p2a: Incineroar|Sitrus Berry|[eat]\n|-heal|p2a: Incineroar|61\/100|[from] item: Sitrus Berry\n|faint|p2b: Sableye\n|move|p1a: Zamazenta|Protect|p1a: Zamazenta\n|-singleturn|p1a: Zamazenta|Protect\n|move|p2a: Incineroar|Knock Off|p1b: Tornadus\n|-damage|p1b: Tornadus|0 fnt\n|-enditem|p1b: Tornadus|Focus Sash|[from] move: Knock Off|[of] p2a: Incineroar\n|faint|p1b: Tornadus\n|\n|-weather|SunnyDay|[upkeep]\n|upkeep\n|\n|t:|1718357992\n|switch|p1b: Urshifu|Urshifu-Rapid-Strike, L50, F|100\/100\n|switch|p2b: Iron Valiant|Iron Valiant, L50|1\/100\n|turn|5\n|\n|t:|1718358013\n|move|p1a: Zamazenta|Protect||[still]\n|-fail|p1a: Zamazenta\n|move|p1b: Urshifu|Surging Strikes|p2b: Iron Valiant\n|-crit|p2b: Iron Valiant\n|-damage|p2b: Iron Valiant|0 fnt\n|faint|p2b: Iron Valiant\n|-end|p2b: Iron Valiant|Quark Drive|[silent]\n|-hitcount|p2: Iron Valiant|1\n|move|p2a: Incineroar|Flare Blitz|p1a: Zamazenta\n|-supereffective|p1a: Zamazenta\n|-damage|p1a: Zamazenta|31\/100\n|-damage|p2a: Incineroar|42\/100|[from] Recoil\n|\n|-weather|none\n|-fieldend|move: Gravity\n|upkeep\n|\n|t:|1718358018\n|switch|p2b: Groudon|Groudon, L50|19\/100\n|-weather|SunnyDay|[from] ability: Drought|[of] p2b: Groudon\n|turn|6\n|-message|rebornrhyme forfeited.\n|\n|win|YuanqiNono\n|raw|YuanqiNono's rating: 1700 &rarr; <strong>1722<\/strong><br \/>(+22 for winning)\n|raw|rebornrhyme's rating: 1732 &rarr; <strong>1710<\/strong><br \/>(-22 for losing)\n|l|\u2606rebornrhyme\n|player|p2|\n|l|\u2606YuanqiNono\n|player|p1|\n","uploadtime":1718358278,"views":24,"formatid":"gen9vgc2024regg","rating":1710,"private":0,"password":null}