{"id":"gen9vgc2024regg-2143215162","format":"[Gen 9] VGC 2024 Reg G","players":["tuanzai233","testing_chue"],"log":"|j|\u2606tuanzai233\n|j|\u2606testing_chue\n|t:|1718376168\n|gametype|doubles\n|player|p1|tuanzai233|266|1698\n|player|p2|testing_chue|doctor|1670\n|teamsize|p1|6\n|teamsize|p2|6\n|gen|9\n|tier|[Gen 9] VGC 2024 Reg G\n|rated|\n|rule|Species Clause: Limit one of each Pok\u00e9mon\n|rule|Item Clause: Limit one of each item\n|clearpoke\n|poke|p1|Indeedee-F, L50, F|\n|poke|p1|Torkoal, L50, M|\n|poke|p1|Calyrex-Ice, L50|\n|poke|p1|Annihilape, L50, M|\n|poke|p1|Urshifu-*, L50, F|\n|poke|p1|Brute Bonnet, L50|\n|poke|p2|Calyrex-Ice, L50|\n|poke|p2|Alcremie-Lemon-Cream, L50, F|\n|poke|p2|Smeargle, L50, M|\n|poke|p2|Ursaluna-Bloodmoon, L50, M|\n|poke|p2|Indeedee-F, L50, F|\n|poke|p2|Urshifu-*, L50, F|\n|teampreview|4\n|inactive|Battle timer is ON: inactive players will automatically lose when time's up. (requested by testing_chue)\n|\n|t:|1718376189\n|start\n|switch|p1a: Calyrex|Calyrex-Ice, L50|100\/100\n|switch|p1b: Brute Bonnet|Brute Bonnet, L50, shiny|100\/100\n|switch|p2a: Urshifu|Urshifu, L50, F|100\/100\n|switch|p2b: Alcremie|Alcremie-Lemon-Cream, L50, F|100\/100\n|-ability|p1a: Calyrex|As One\n|-ability|p1a: Calyrex|Unnerve\n|turn|1\n|\n|t:|1718376204\n|-terastallize|p1a: Calyrex|Fire\n|move|p2a: Urshifu|Detect|p2a: Urshifu\n|-singleturn|p2a: Urshifu|Protect\n|move|p1b: Brute Bonnet|Rage Powder|p1b: Brute Bonnet\n|-singleturn|p1b: Brute Bonnet|move: Rage Powder\n|move|p1a: Calyrex|Glacial Lance|p2b: Alcremie|[spread] p2b\n|-activate|p2a: Urshifu|move: Protect\n|-damage|p2b: Alcremie|46\/100\n|move|p2b: Alcremie|Decorate|p1b: Brute Bonnet\n|-boost|p1b: Brute Bonnet|atk|2\n|-boost|p1b: Brute Bonnet|spa|2\n|\n|upkeep\n|turn|2\n|j| t5vpyboeoe\n|j| askebom\n|inactive|testing_chue has 30 seconds left.\n|j| jasonrfry2\n|\n|t:|1718376234\n|-terastallize|p2b: Alcremie|Water\n|move|p1b: Brute Bonnet|Rage Powder|p1b: Brute Bonnet\n|-singleturn|p1b: Brute Bonnet|move: Rage Powder\n|move|p2a: Urshifu|Close Combat|p1b: Brute Bonnet\n|-supereffective|p1b: Brute Bonnet\n|-damage|p1b: Brute Bonnet|15\/100\n|-unboost|p2a: Urshifu|def|1\n|-unboost|p2a: Urshifu|spd|1\n|-enditem|p1b: Brute Bonnet|Sitrus Berry|[eat]\n|-heal|p1b: Brute Bonnet|40\/100|[from] item: Sitrus Berry\n|move|p2b: Alcremie|Decorate|p1b: Brute Bonnet\n|-boost|p1b: Brute Bonnet|atk|2\n|-boost|p1b: Brute Bonnet|spa|2\n|move|p1a: Calyrex|Trick Room|p1a: Calyrex\n|-fieldstart|move: Trick Room|[of] p1a: Calyrex\n|\n|upkeep\n|turn|3\n|j| bluestraggler02\n|\n|t:|1718376250\n|move|p2b: Alcremie|Encore|p1a: Calyrex\n|-start|p1a: Calyrex|Encore\n|move|p1a: Calyrex|Trick Room|p1a: Calyrex\n|-fieldend|move: Trick Room\n|move|p2a: Urshifu|Close Combat|p1b: Brute Bonnet\n|-supereffective|p1b: Brute Bonnet\n|-damage|p1b: Brute Bonnet|0 fnt\n|-unboost|p2a: Urshifu|def|1\n|-unboost|p2a: Urshifu|spd|1\n|faint|p1b: Brute Bonnet\n|-end|p1b: Brute Bonnet|Protosynthesis|[silent]\n|\n|upkeep\n|j| rabbihorn\n|l| askebom\n|\n|t:|1718376260\n|switch|p1b: Urshifu|Urshifu, L50, F|100\/100\n|turn|4\n|j| askebom\n|\n|t:|1718376269\n|move|p2a: Urshifu|U-turn|p1b: Urshifu\n|-damage|p1b: Urshifu|75\/100\n|l| askebom\n|\n|t:|1718376273\n|switch|p2a: Ursaluna|Ursaluna-Bloodmoon, L50, M|100\/100|[from] U-turn\n|move|p1b: Urshifu|Close Combat|p2a: Ursaluna\n|-supereffective|p2a: Ursaluna\n|-damage|p2a: Ursaluna|12\/100\n|-unboost|p1b: Urshifu|def|1\n|-unboost|p1b: Urshifu|spd|1\n|move|p2b: Alcremie|Alluring Voice|p1b: Urshifu\n|-supereffective|p1b: Urshifu\n|-damage|p1b: Urshifu|0 fnt\n|faint|p1b: Urshifu\n|move|p1a: Calyrex|Trick Room|p1a: Calyrex\n|-fieldstart|move: Trick Room|[of] p1a: Calyrex\n|\n|upkeep\n|\n|t:|1718376285\n|switch|p1b: Torkoal|Torkoal, L50, M|100\/100\n|-weather|SunnyDay|[from] ability: Drought|[of] p1b: Torkoal\n|turn|5\n|\n|t:|1718376301\n|switch|p2a: Urshifu|Urshifu, L50, F|100\/100\n|move|p1b: Torkoal|Eruption|p2a: Urshifu|[spread] p2a,p2b\n|-resisted|p2b: Alcremie\n|-crit|p2b: Alcremie\n|-enditem|p2a: Urshifu|Focus Sash\n|-damage|p2a: Urshifu|1\/100\n|-damage|p2b: Alcremie|0 fnt\n|faint|p2b: Alcremie\n|move|p1a: Calyrex|Trick Room|p1a: Calyrex\n|-fieldend|move: Trick Room\n|\n|-weather|SunnyDay|[upkeep]\n|-end|p1a: Calyrex|Encore\n|upkeep\n|\n|t:|1718376305\n|switch|p2b: Calyrex|Calyrex-Ice, L50|100\/100\n|-ability|p2b: Calyrex|As One\n|-ability|p2b: Calyrex|Unnerve\n|turn|6\n|\n|t:|1718376328\n|move|p2a: Urshifu|Wicked Blow|p1b: Torkoal\n|-crit|p1b: Torkoal\n|-damage|p1b: Torkoal|54\/100\n|move|p2b: Calyrex|High Horsepower|p1b: Torkoal\n|-supereffective|p1b: Torkoal\n|-damage|p1b: Torkoal|0 fnt\n|faint|p1b: Torkoal\n|-ability|p2b: Calyrex|Chilling Neigh|boost\n|-boost|p2b: Calyrex|atk|1\n|move|p1a: Calyrex|Trick Room|p1a: Calyrex\n|-fieldstart|move: Trick Room|[of] p1a: Calyrex\n|\n|-weather|SunnyDay|[upkeep]\n|upkeep\n|turn|7\n|\n|t:|1718376338\n|move|p2a: Urshifu|Detect|p2a: Urshifu\n|-singleturn|p2a: Urshifu|Protect\n|move|p2b: Calyrex|High Horsepower|p1a: Calyrex\n|-supereffective|p1a: Calyrex\n|-damage|p1a: Calyrex|23\/100\n|move|p1a: Calyrex|Glacial Lance|p2a: Urshifu|[spread] p2b\n|-activate|p2a: Urshifu|move: Protect\n|-resisted|p2b: Calyrex\n|-damage|p2b: Calyrex|82\/100\n|\n|-weather|SunnyDay|[upkeep]\n|upkeep\n|turn|8\n|-message|tuanzai233 forfeited.\n|\n|win|testing_chue\n|raw|tuanzai233's rating: 1698 &rarr; <strong>1676<\/strong><br \/>(-22 for losing)\n|raw|testing_chue's rating: 1670 &rarr; <strong>1692<\/strong><br \/>(+22 for winning)\n|l|\u2606tuanzai233\n|player|p1|\n|l|\u2606testing_chue\n|player|p2|\n","uploadtime":1718376352,"views":17,"formatid":"gen9vgc2024regg","rating":1676,"private":0,"password":null}