{"id":"gen9vgc2024regg-2143691320","format":"[Gen 9] VGC 2024 Reg G","players":["huubble","Tonyybabee"],"log":"|j|\u2606huubble\n|j|\u2606Tonyybabee\n|t:|1718442376\n|gametype|doubles\n|player|p1|huubble|camper|1669\n|player|p2|Tonyybabee|2|1700\n|teamsize|p1|6\n|teamsize|p2|6\n|gen|9\n|tier|[Gen 9] VGC 2024 Reg G\n|rated|\n|rule|Species Clause: Limit one of each Pok\u00e9mon\n|rule|Item Clause: Limit one of each item\n|clearpoke\n|poke|p1|Tyranitar, L50, F|\n|poke|p1|Excadrill, L50, F|\n|poke|p1|Reshiram, L50|\n|poke|p1|Ogerpon-Wellspring, L50, F|\n|poke|p1|Mimikyu, L50, M|\n|poke|p1|Thundurus-Therian, L50, M|\n|poke|p2|Koraidon, L50|\n|poke|p2|Thundurus-Therian, L50, M|\n|poke|p2|Armarouge, L50, F|\n|poke|p2|Whimsicott, L50, F|\n|poke|p2|Indeedee-F, L50, F|\n|poke|p2|Kingambit, L50, M|\n|teampreview|4\n|inactive|Battle timer is ON: inactive players will automatically lose when time's up. (requested by huubble)\n|j| MullyMonster\n|inactive|Tonyybabee has 60 seconds left.\n|inactive|Tonyybabee has 30 seconds left.\n|\n|t:|1718442441\n|start\n|switch|p1a: Excadrill|Excadrill, L50, F|100\/100\n|switch|p1b: Tyranitar|Tyranitar, L50, F|100\/100\n|switch|p2a: Kingambit|Kingambit, L50, M|100\/100\n|switch|p2b: Indeedee|Indeedee-F, L50, F|100\/100\n|-fieldstart|move: Psychic Terrain|[from] ability: Psychic Surge|[of] p2b: Indeedee\n|-weather|Sandstorm|[from] ability: Sand Stream|[of] p1b: Tyranitar\n|turn|1\n|\n|t:|1718442462\n|-terastallize|p2a: Kingambit|Grass\n|move|p2b: Indeedee|Follow Me|p2b: Indeedee\n|-singleturn|p2b: Indeedee|move: Follow Me\n|move|p1a: Excadrill|Rock Slide|p2b: Indeedee|[spread] p2a\n|-miss|p1a: Excadrill|p2b: Indeedee\n|-damage|p2a: Kingambit|86\/100\n|move|p1b: Tyranitar|Knock Off|p2b: Indeedee\n|-supereffective|p2b: Indeedee\n|-damage|p2b: Indeedee|11\/100\n|-enditem|p2b: Indeedee|Eject Button|[from] move: Knock Off|[of] p1b: Tyranitar\n|move|p2a: Kingambit|Brick Break|p1b: Tyranitar\n|-supereffective|p1b: Tyranitar\n|-damage|p1b: Tyranitar|21\/100\n|\n|-weather|Sandstorm|[upkeep]\n|-damage|p2b: Indeedee|5\/100|[from] Sandstorm\n|-damage|p2a: Kingambit|80\/100|[from] Sandstorm\n|upkeep\n|turn|2\n|\n|t:|1718442480\n|move|p2b: Indeedee|Follow Me|p2b: Indeedee\n|-singleturn|p2b: Indeedee|move: Follow Me\n|move|p1a: Excadrill|Rock Slide|p2b: Indeedee|[spread] p2a,p2b\n|-crit|p2a: Kingambit\n|-damage|p2a: Kingambit|53\/100\n|-damage|p2b: Indeedee|0 fnt\n|faint|p2b: Indeedee\n|move|p1b: Tyranitar|Knock Off|p2a: Kingambit\n|-damage|p2a: Kingambit|19\/100\n|-enditem|p2a: Kingambit|Assault Vest|[from] move: Knock Off|[of] p1b: Tyranitar\n|cant|p2a: Kingambit|flinch\n|\n|-weather|Sandstorm|[upkeep]\n|-damage|p2a: Kingambit|14\/100|[from] Sandstorm\n|upkeep\n|\n|t:|1718442482\n|switch|p2b: Koraidon|Koraidon, L50|100\/100\n|-weather|SunnyDay|[from] ability: Orichalcum Pulse|[of] p2b: Koraidon\n|-activate|p2b: Koraidon|Orichalcum Pulse|[source]\n|turn|3\n|\n|t:|1718442498\n|switch|p1b: Mimikyu|Mimikyu, L50, M|100\/100\n|move|p2b: Koraidon|U-turn|p1b: Mimikyu\n|-activate|p1b: Mimikyu|ability: Disguise\n|-damage|p1b: Mimikyu|100\/100\n|detailschange|p1b: Mimikyu|Mimikyu-Busted, L50, M\n|-damage|p1b: Mimikyu|88\/100|[from] pokemon: Mimikyu-Busted\n|\n|t:|1718442502\n|switch|p2b: Armarouge|Armarouge, L50, F|100\/100|[from] U-turn\n|move|p1a: Excadrill|Iron Head|p2a: Kingambit\n|-damage|p2a: Kingambit|0 fnt\n|faint|p2a: Kingambit\n|\n|-weather|SunnyDay|[upkeep]\n|upkeep\n|\n|t:|1718442504\n|switch|p2a: Koraidon|Koraidon, L50|100\/100\n|-activate|p2a: Koraidon|ability: Orichalcum Pulse\n|turn|4\n|\n|t:|1718442516\n|switch|p1b: Tyranitar|Tyranitar, L50, F|21\/100\n|-weather|Sandstorm|[from] ability: Sand Stream|[of] p1b: Tyranitar\n|move|p2a: Koraidon|Protect|p2a: Koraidon\n|-singleturn|p2a: Koraidon|Protect\n|move|p1a: Excadrill|High Horsepower|p2b: Armarouge\n|-supereffective|p2b: Armarouge\n|-damage|p2b: Armarouge|0 fnt\n|faint|p2b: Armarouge\n|\n|-weather|Sandstorm|[upkeep]\n|-damage|p2a: Koraidon|95\/100|[from] Sandstorm\n|upkeep\n|turn|5\n|-message|Tonyybabee forfeited.\n|\n|win|huubble\n|raw|huubble's rating: 1669 &rarr; <strong>1691<\/strong><br \/>(+22 for winning)\n|raw|Tonyybabee's rating: 1700 &rarr; <strong>1678<\/strong><br \/>(-22 for losing)\n|l|\u2606Tonyybabee\n|player|p2|\n|l|\u2606huubble\n|player|p1|\n|l| MullyMonster\n","uploadtime":1718442536,"views":28,"formatid":"gen9vgc2024regg","rating":1678,"private":0,"password":null}