{"id":"gen9vgc2024regg-2143311710","format":"[Gen 9] VGC 2024 Reg G","players":["pys_max","Billy_HMD"],"log":"|j|\u2606pys_max\n|j|\u2606Billy_HMD\n|t:|1718386382\n|gametype|doubles\n|player|p1|pys_max|266|1780\n|player|p2|Billy_HMD|dawn|1729\n|teamsize|p1|6\n|teamsize|p2|6\n|gen|9\n|tier|[Gen 9] VGC 2024 Reg G\n|rated|\n|rule|Species Clause: Limit one of each Pok\u00e9mon\n|rule|Item Clause: Limit one of each item\n|clearpoke\n|poke|p1|Calyrex-Ice, L50|\n|poke|p1|Ursaluna-Bloodmoon, L50, M|\n|poke|p1|Smeargle, L50, M|\n|poke|p1|Farigiraf, L50, F|\n|poke|p1|Annihilape, L50, F|\n|poke|p1|Electabuzz, L50, M|\n|poke|p2|Terapagos, L50, M|\n|poke|p2|Incineroar, L50, F|\n|poke|p2|Rillaboom, L50, M|\n|poke|p2|Urshifu-*, L50, F|\n|poke|p2|Amoonguss, L50, F|\n|poke|p2|Flutter Mane, L50|\n|teampreview|4\n|inactive|Battle timer is ON: inactive players will automatically lose when time's up. (requested by Billy_HMD)\n|inactive|Billy_HMD has 60 seconds left.\n|j| askebom\n|j| weetamfaetheyy\n|\n|t:|1718386426\n|start\n|switch|p1a: Annihilape|Annihilape, L50, F|100\/100\n|switch|p1b: Calyrex|Calyrex-Ice, L50|100\/100\n|switch|p2a: Incineroar|Incineroar, L50, F|100\/100\n|switch|p2b: Urshifu|Urshifu-Rapid-Strike, L50, F|100\/100\n|-ability|p1b: Calyrex|As One\n|-ability|p1b: Calyrex|Unnerve\n|-ability|p2a: Incineroar|Intimidate|boost\n|-unboost|p1a: Annihilape|atk|1\n|-ability|p1a: Annihilape|Defiant|boost\n|-boost|p1a: Annihilape|atk|2\n|-fail|p1b: Calyrex|unboost|[from] item: Clear Amulet|[of] p1b: Calyrex\n|turn|1\n|inactive|pys_max has 30 seconds left.\n|inactive|Billy_HMD has 30 seconds left.\n|inactive|Billy_HMD has 20 seconds left.\n|inactive|Billy_HMD has 15 seconds left.\n|\n|t:|1718386469\n|switch|p1b: Electabuzz|Electabuzz, L50, M|100\/100\n|-terastallize|p2a: Incineroar|Ghost\n|move|p1a: Annihilape|Close Combat|p2a: Incineroar\n|-immune|p2a: Incineroar\n|move|p2b: Urshifu|Surging Strikes|p1b: Electabuzz\n|-crit|p1b: Electabuzz\n|-damage|p1b: Electabuzz|85\/100\n|-crit|p1b: Electabuzz\n|-damage|p1b: Electabuzz|69\/100\n|-crit|p1b: Electabuzz\n|-damage|p1b: Electabuzz|52\/100\n|-hitcount|p1b: Electabuzz|3\n|move|p2a: Incineroar|Will-O-Wisp|p1b: Electabuzz\n|-status|p1b: Electabuzz|brn\n|\n|-damage|p1b: Electabuzz|46\/100 brn|[from] brn\n|upkeep\n|turn|2\n|inactive|pys_max has 30 seconds left.\n|inactive|Billy_HMD has 30 seconds left.\n|\n|t:|1718386502\n|move|p2b: Urshifu|Detect|p2b: Urshifu\n|-singleturn|p2b: Urshifu|Protect\n|move|p1a: Annihilape|Close Combat|p2b: Urshifu\n|-activate|p2b: Urshifu|move: Protect\n|move|p1b: Electabuzz|Volt Switch|p2b: Urshifu\n|-activate|p2b: Urshifu|move: Protect\n|move|p2a: Incineroar|Knock Off|p1b: Electabuzz\n|-damage|p1b: Electabuzz|20\/100 brn\n|-enditem|p1b: Electabuzz|Eviolite|[from] move: Knock Off|[of] p2a: Incineroar\n|\n|-damage|p1b: Electabuzz|14\/100 brn|[from] brn\n|upkeep\n|turn|3\n|inactive|Billy_HMD has 30 seconds left.\n|inactive|Billy_HMD has 20 seconds left.\n|inactive|Billy_HMD has 15 seconds left.\n|inactive|Billy_HMD has 10 seconds left.\n|j| bluestraggler01\n|inactive|Billy_HMD has 5 seconds left.\n|\n|t:|1718386554\n|move|p1b: Electabuzz|Feint|p2b: Urshifu\n|-damage|p2b: Urshifu|98\/100\n|move|p1a: Annihilape|Close Combat|p2b: Urshifu\n|-damage|p2b: Urshifu|21\/100\n|-unboost|p1a: Annihilape|def|1\n|-unboost|p1a: Annihilape|spd|1\n|move|p2b: Urshifu|Surging Strikes|p1b: Electabuzz\n|-crit|p1b: Electabuzz\n|-damage|p1b: Electabuzz|0 fnt\n|faint|p1b: Electabuzz\n|-hitcount|p1: Electabuzz|1\n|move|p2a: Incineroar|Will-O-Wisp|p1a: Annihilape\n|-status|p1a: Annihilape|brn\n|\n|-damage|p1a: Annihilape|95\/100 brn|[from] brn\n|upkeep\n|\n|t:|1718386569\n|switch|p1b: Calyrex|Calyrex-Ice, L50|100\/100\n|-ability|p1b: Calyrex|As One\n|-ability|p1b: Calyrex|Unnerve\n|turn|4\n|j| DaN00biest\n|inactive|pys_max has 30 seconds left.\n|\n|t:|1718386596\n|-terastallize|p1b: Calyrex|Fire\n|move|p2b: Urshifu|Detect|p2b: Urshifu\n|-singleturn|p2b: Urshifu|Protect\n|move|p1a: Annihilape|Close Combat|p2b: Urshifu\n|-activate|p2b: Urshifu|move: Protect\n|move|p2a: Incineroar|Knock Off|p1b: Calyrex\n|-damage|p1b: Calyrex|76\/100\n|-enditem|p1b: Calyrex|Clear Amulet|[from] move: Knock Off|[of] p2a: Incineroar\n|move|p1b: Calyrex|Glacial Lance|p2a: Incineroar|[spread] p2a\n|-activate|p2b: Urshifu|move: Protect\n|-damage|p2a: Incineroar|52\/100\n|\n|-damage|p1a: Annihilape|89\/100 brn|[from] brn\n|upkeep\n|turn|5\n|inactive|pys_max has 30 seconds left.\n|inactive|Billy_HMD has 30 seconds left.\n|inactive|pys_max has 20 seconds left.\n|inactive|Billy_HMD has 20 seconds left.\n|inactive|pys_max has 15 seconds left.\n|inactive|Billy_HMD has 15 seconds left.\n|inactive|Billy_HMD has 10 seconds left.\n|inactive|Billy_HMD has 5 seconds left.\n|\n|t:|1718386649\n|move|p2b: Urshifu|Aqua Jet|p1b: Calyrex\n|-supereffective|p1b: Calyrex\n|-damage|p1b: Calyrex|50\/100\n|move|p1a: Annihilape|Close Combat|p2b: Urshifu\n|-damage|p2b: Urshifu|0 fnt\n|-unboost|p1a: Annihilape|def|1\n|-unboost|p1a: Annihilape|spd|1\n|faint|p2b: Urshifu\n|move|p2a: Incineroar|Parting Shot|p1b: Calyrex\n|-unboost|p1b: Calyrex|atk|1\n|-unboost|p1b: Calyrex|spa|1\n|\n|t:|1718386667\n|switch|p2a: Terapagos|Terapagos, L50, M|100\/100|[from] Parting Shot\n|-activate|p2a: Terapagos|ability: Tera Shift\n|detailschange|p2a: Terapagos|Terapagos-Terastal, L50, M\n|-heal|p2a: Terapagos|100\/100|[silent]\n|move|p1b: Calyrex|Glacial Lance|p2a: Terapagos\n|-activate|p2a: Terapagos|ability: Tera Shell\n|-resisted|p2a: Terapagos\n|-damage|p2a: Terapagos|79\/100\n|\n|-heal|p2a: Terapagos|85\/100|[from] item: Leftovers\n|-damage|p1a: Annihilape|83\/100 brn|[from] brn\n|upkeep\n|\n|t:|1718386680\n|switch|p2b: Amoonguss|Amoonguss, L50, F|100\/100\n|turn|6\n|inactive|Billy_HMD has 30 seconds left.\n|inactive|Billy_HMD has 20 seconds left.\n|inactive|Billy_HMD has 15 seconds left.\n|inactive|Billy_HMD has 10 seconds left.\n|\n|t:|1718386725\n|switch|p1a: Ursaluna|Ursaluna-Bloodmoon, L50, M|100\/100\n|move|p2a: Terapagos|Earth Power|p1b: Calyrex\n|-supereffective|p1b: Calyrex\n|-damage|p1b: Calyrex|4\/100\n|move|p1b: Calyrex|Glacial Lance|p2a: Terapagos|[spread] p2a,p2b\n|-supereffective|p2b: Amoonguss\n|-damage|p2a: Terapagos|50\/100\n|-damage|p2b: Amoonguss|38\/100\n|move|p2b: Amoonguss|Pollen Puff|p2a: Terapagos\n|-heal|p2a: Terapagos|99\/100\n|\n|-heal|p2a: Terapagos|100\/100|[from] item: Leftovers\n|upkeep\n|turn|7\n|inactive|pys_max has 30 seconds left.\n|inactive|Billy_HMD has 30 seconds left.\n|inactive|Billy_HMD has 20 seconds left.\n|inactive|Billy_HMD has 15 seconds left.\n|inactive|Billy_HMD has 10 seconds left.\n|inactive|Billy_HMD has 5 seconds left.\n|\n|t:|1718386777\n|move|p1b: Calyrex|Protect|p1b: Calyrex\n|-singleturn|p1b: Calyrex|Protect\n|move|p1a: Ursaluna|Protect|p1a: Ursaluna\n|-singleturn|p1a: Ursaluna|Protect\n|move|p2a: Terapagos|Earth Power|p1b: Calyrex\n|-activate|p1b: Calyrex|move: Protect\n|move|p2b: Amoonguss|Spore|p1a: Ursaluna\n|-activate|p1a: Ursaluna|move: Protect\n|\n|upkeep\n|turn|8\n|inactive|Billy_HMD has 30 seconds left.\n|inactive|Billy_HMD has 20 seconds left.\n|inactive|Billy_HMD has 15 seconds left.\n|l| askebom\n|\n|t:|1718386821\n|switch|p2b: Incineroar|Incineroar, L50, F, tera:Ghost|52\/100\n|-ability|p2b: Incineroar|Intimidate|boost\n|-unboost|p1a: Ursaluna|atk|1\n|-unboost|p1b: Calyrex|atk|1\n|move|p2a: Terapagos|Tera Starstorm|p1a: Ursaluna\n|-damage|p1a: Ursaluna|34\/100\n|move|p1b: Calyrex|Glacial Lance|p2b: Incineroar|[spread] p2a,p2b\n|-activate|p2a: Terapagos|ability: Tera Shell\n|-resisted|p2a: Terapagos\n|-damage|p2a: Terapagos|87\/100\n|-damage|p2b: Incineroar|30\/100\n|move|p1a: Ursaluna|Hyper Voice|p2a: Terapagos|[spread] p2a,p2b\n|-damage|p2a: Terapagos|40\/100\n|-damage|p2b: Incineroar|0 fnt\n|faint|p2b: Incineroar\n|-damage|p1a: Ursaluna|25\/100|[from] item: Life Orb\n|\n|-heal|p2a: Terapagos|46\/100|[from] item: Leftovers\n|upkeep\n|\n|t:|1718386833\n|switch|p2b: Amoonguss|Amoonguss, L50, F|71\/100\n|turn|9\n|inactive|Billy_HMD has 30 seconds left.\n|inactive|Billy_HMD has 20 seconds left.\n|l| bluestraggler01\n|inactive|Billy_HMD has 15 seconds left.\n|inactive|Billy_HMD has 10 seconds left.\n|j| bluestraggler01\n|inactive|pys_max has 30 seconds left.\n|inactive|Billy_HMD has 5 seconds left.\n|inactive|pys_max has 20 seconds left.\n|inactive|pys_max has 15 seconds left.\n|inactive|pys_max has 10 seconds left.\n|\n|t:|1718386908\n|switch|p1b: Annihilape|Annihilape, L50, F|83\/100 brn\n|move|p1a: Ursaluna|Protect|p1a: Ursaluna\n|-singleturn|p1a: Ursaluna|Protect\n|move|p2a: Terapagos|Tera Starstorm|p1a: Ursaluna\n|-activate|p1a: Ursaluna|move: Protect\n|move|p2b: Amoonguss|Pollen Puff|p2a: Terapagos\n|-heal|p2a: Terapagos|96\/100\n|\n|-heal|p2a: Terapagos|100\/100|[from] item: Leftovers\n|-damage|p1b: Annihilape|77\/100 brn|[from] brn\n|upkeep\n|turn|10\n|inactive|Billy_HMD has 15 seconds left this turn.\n|inactive|Billy_HMD has 10 seconds left.\n|inactive|Billy_HMD has 5 seconds left.\n|inactive|pys_max has 30 seconds left.\n|inactiveoff|Battle timer is now OFF.\n|\n|t:|1718386979\n|move|p1b: Annihilape|Final Gambit|p2a: Terapagos\n|-damage|p2a: Terapagos|15\/100\n|faint|p1b: Annihilape\n|move|p2a: Terapagos|Tera Starstorm|p1a: Ursaluna\n|-damage|p1a: Ursaluna|0 fnt\n|faint|p1a: Ursaluna\n|move|p2b: Amoonguss|Pollen Puff|p2a: Terapagos\n|-heal|p2a: Terapagos|65\/100\n|\n|-heal|p2a: Terapagos|71\/100|[from] item: Leftovers\n|upkeep\n|-message|pys_max forfeited.\n|\n|win|Billy_HMD\n|raw|pys_max's rating: 1780 &rarr; <strong>1757<\/strong><br \/>(-23 for losing)\n|raw|Billy_HMD's rating: 1729 &rarr; <strong>1752<\/strong><br \/>(+23 for winning)\n|l|\u2606pys_max\n|player|p1|\n|l| DaN00biest\n|l|\u2606Billy_HMD\n|player|p2|\n|l| bluestraggler01\n","uploadtime":1718387243,"views":85,"formatid":"gen9vgc2024regg","rating":1752,"private":0,"password":null}