{"id":"gen9vgc2024regg-2143057322","format":"[Gen 9] VGC 2024 Reg G","players":["UahhVGC","Tempest brute"],"log":"|j|\u203dUahhVGC\n|j|\u2606Tempest brute\n|t:|1718352621\n|gametype|doubles\n|player|p1|UahhVGC|miku-psychic|1704\n|player|p2|Tempest brute|101|1836\n|teamsize|p1|6\n|teamsize|p2|6\n|gen|9\n|tier|[Gen 9] VGC 2024 Reg G\n|rated|\n|rule|Species Clause: Limit one of each Pok\u00e9mon\n|rule|Item Clause: Limit one of each item\n|clearpoke\n|poke|p1|Farigiraf, L50, M|\n|poke|p1|Urshifu-*, L50, M|\n|poke|p1|Iron Hands, L50|\n|poke|p1|Ursaluna, L50, F|\n|poke|p1|Iron Bundle, L50|\n|poke|p1|Miraidon, L50|\n|poke|p2|Lunala, L50|\n|poke|p2|Roaring Moon, L50|\n|poke|p2|Entei, L50|\n|poke|p2|Ogerpon-Wellspring, L50, F|\n|poke|p2|Iron Hands, L50|\n|poke|p2|Ursaluna-Bloodmoon, L50, M|\n|teampreview|4\n|\n|t:|1718352657\n|start\n|switch|p1a: Farigiraf|Farigiraf, L50, M|100\/100\n|switch|p1b: Miraidon|Miraidon, L50|100\/100\n|switch|p2a: Entei|Entei, L50|100\/100\n|switch|p2b: Ursaluna|Ursaluna-Bloodmoon, L50, M|100\/100\n|-fieldstart|move: Electric Terrain|[from] ability: Hadron Engine|[of] p1b: Miraidon\n|-enditem|p1a: Farigiraf|Electric Seed\n|-boost|p1a: Farigiraf|def|1|[from] item: Electric Seed\n|turn|1\n|\n|t:|1718352671\n|switch|p1b: Ursaluna|Ursaluna, L50, F|100\/100\n|move|p2b: Ursaluna|Protect|p2b: Ursaluna\n|-singleturn|p2b: Ursaluna|Protect\n|move|p2a: Entei|Snarl|p1a: Farigiraf|[spread] p1a,p1b\n|-supereffective|p1a: Farigiraf\n|-damage|p1a: Farigiraf|87\/100\n|-damage|p1b: Ursaluna|94\/100\n|-unboost|p1a: Farigiraf|spa|1\n|-unboost|p1b: Ursaluna|spa|1\n|move|p1a: Farigiraf|Trick Room|p1a: Farigiraf\n|-fieldstart|move: Trick Room|[of] p1a: Farigiraf\n|\n|-status|p1b: Ursaluna|brn|[from] item: Flame Orb\n|upkeep\n|turn|2\n|\n|t:|1718352689\n|switch|p2b: Lunala|Lunala, L50|100\/100\n|move|p1b: Ursaluna|Facade|p2b: Lunala\n|-immune|p2b: Lunala\n|move|p1a: Farigiraf|Psychic Noise|p2b: Lunala\n|-resisted|p2b: Lunala\n|-damage|p2b: Lunala|97\/100\n|-start|p2b: Lunala|move: Heal Block\n|move|p2a: Entei|Sacred Fire|p1b: Ursaluna\n|-damage|p1b: Ursaluna|65\/100 brn\n|\n|-damage|p1b: Ursaluna|59\/100 brn|[from] brn\n|upkeep\n|turn|3\n|\n|t:|1718352707\n|switch|p2a: Iron Hands|Iron Hands, L50|100\/100\n|-activate|p2a: Iron Hands|ability: Quark Drive\n|-start|p2a: Iron Hands|quarkdriveatk\n|move|p1b: Ursaluna|Swords Dance|p1b: Ursaluna\n|-boost|p1b: Ursaluna|atk|2\n|move|p1a: Farigiraf|Psychic Noise|p2a: Iron Hands\n|-supereffective|p2a: Iron Hands\n|-damage|p2a: Iron Hands|74\/100\n|-start|p2a: Iron Hands|move: Heal Block\n|move|p2b: Lunala|Will-O-Wisp|p1a: Farigiraf\n|-status|p1a: Farigiraf|brn\n|\n|-damage|p1b: Ursaluna|53\/100 brn|[from] brn\n|-damage|p1a: Farigiraf|81\/100 brn|[from] brn\n|-end|p2b: Lunala|move: Heal Block\n|upkeep\n|turn|4\n|\n|t:|1718352732\n|move|p1b: Ursaluna|Facade|p2a: Iron Hands\n|-damage|p2a: Iron Hands|0 fnt\n|faint|p2a: Iron Hands\n|-end|p2a: Iron Hands|Quark Drive|[silent]\n|move|p1a: Farigiraf|Psychic Noise|p2b: Lunala\n|-resisted|p2b: Lunala\n|-damage|p2b: Lunala|91\/100\n|-start|p2b: Lunala|move: Heal Block\n|cant|p2b: Lunala|move: Heal Block|Moonlight\n|\n|-damage|p1b: Ursaluna|47\/100 brn|[from] brn\n|-damage|p1a: Farigiraf|75\/100 brn|[from] brn\n|upkeep\n|\n|t:|1718352736\n|switch|p2a: Ursaluna|Ursaluna-Bloodmoon, L50, M|100\/100\n|turn|5\n|\n|t:|1718352758\n|switch|p1b: Iron Hands|Iron Hands, L50|100\/100\n|-activate|p1b: Iron Hands|ability: Quark Drive\n|-start|p1b: Iron Hands|quarkdriveatk\n|switch|p2b: Entei|Entei, L50|100\/100\n|move|p2a: Ursaluna|Protect|p2a: Ursaluna\n|-singleturn|p2a: Ursaluna|Protect\n|move|p1a: Farigiraf|Psychic Noise|p2a: Ursaluna\n|-activate|p2a: Ursaluna|move: Protect\n|\n|-damage|p1a: Farigiraf|68\/100 brn|[from] brn\n|-fieldend|move: Trick Room\n|-fieldend|move: Electric Terrain\n|-end|p1b: Iron Hands|Quark Drive\n|upkeep\n|turn|6\n|\n|t:|1718352768\n|move|p1b: Iron Hands|Fake Out|p2a: Ursaluna\n|-damage|p2a: Ursaluna|89\/100\n|move|p2b: Entei|Sacred Fire|p1b: Iron Hands\n|-damage|p1b: Iron Hands|70\/100\n|-status|p1b: Iron Hands|brn\n|cant|p2a: Ursaluna|flinch\n|move|p1a: Farigiraf|Trick Room|p1a: Farigiraf\n|-fieldstart|move: Trick Room|[of] p1a: Farigiraf\n|\n|-damage|p1b: Iron Hands|64\/100 brn|[from] brn\n|-damage|p1a: Farigiraf|62\/100 brn|[from] brn\n|upkeep\n|turn|7\n|\n|t:|1718352783\n|move|p2a: Ursaluna|Protect|p2a: Ursaluna\n|-singleturn|p2a: Ursaluna|Protect\n|move|p1b: Iron Hands|Drain Punch|p2a: Ursaluna\n|-activate|p2a: Ursaluna|move: Protect\n|move|p1a: Farigiraf|Psychic Noise|p2a: Ursaluna\n|-activate|p2a: Ursaluna|move: Protect\n|move|p2b: Entei|Sacred Fire|p1a: Farigiraf\n|-damage|p1a: Farigiraf|36\/100 brn\n|\n|-damage|p1b: Iron Hands|58\/100 brn|[from] brn\n|-damage|p1a: Farigiraf|30\/100 brn|[from] brn\n|upkeep\n|turn|8\n|\n|t:|1718352799\n|switch|p2a: Lunala|Lunala, L50|91\/100\n|switch|p1a: Ursaluna|Ursaluna, L50, F|47\/100 brn\n|move|p1b: Iron Hands|Wild Charge|p2a: Lunala\n|-damage|p2a: Lunala|73\/100\n|-damage|p1b: Iron Hands|53\/100 brn|[from] Recoil\n|move|p2b: Entei|Sacred Fire|p1b: Iron Hands\n|-damage|p1b: Iron Hands|27\/100 brn\n|\n|-heal|p2a: Lunala|79\/100|[from] item: Leftovers\n|-damage|p1a: Ursaluna|41\/100 brn|[from] brn\n|-damage|p1b: Iron Hands|21\/100 brn|[from] brn\n|upkeep\n|turn|9\n|\n|t:|1718352829\n|-end|p1b: Iron Hands|Quark Drive|[silent]\n|switch|p1b: Farigiraf|Farigiraf, L50, M|30\/100 brn\n|move|p2b: Entei|Extreme Speed||[still]\n|cant|p1b: Farigiraf|ability: Armor Tail|Extreme Speed|[of] p2b: Entei\n|move|p1a: Ursaluna|Headlong Rush|p2b: Entei\n|-supereffective|p2b: Entei\n|-damage|p2b: Entei|0 fnt\n|-unboost|p1a: Ursaluna|def|1\n|-unboost|p1a: Ursaluna|spd|1\n|faint|p2b: Entei\n|move|p2a: Lunala|Moonlight|p2a: Lunala\n|-heal|p2a: Lunala|100\/100\n|\n|-damage|p1a: Ursaluna|35\/100 brn|[from] brn\n|-damage|p1b: Farigiraf|24\/100 brn|[from] brn\n|upkeep\n|\n|t:|1718352833\n|switch|p2b: Ursaluna|Ursaluna-Bloodmoon, L50, M|89\/100\n|turn|10\n|\n|t:|1718352848\n|move|p1a: Ursaluna|Headlong Rush|p2a: Lunala\n|-damage|p2a: Lunala|62\/100\n|-unboost|p1a: Ursaluna|def|1\n|-unboost|p1a: Ursaluna|spd|1\n|move|p2b: Ursaluna|Earth Power|p1b: Farigiraf\n|-crit|p1b: Farigiraf\n|-damage|p1b: Farigiraf|0 fnt\n|faint|p1b: Farigiraf\n|move|p2a: Lunala|Moongeist Beam|p1a: Ursaluna\n|-immune|p1a: Ursaluna\n|\n|-heal|p2a: Lunala|69\/100|[from] item: Leftovers\n|-damage|p1a: Ursaluna|29\/100 brn|[from] brn\n|-fieldend|move: Trick Room\n|upkeep\n|\n|t:|1718352863\n|switch|p1b: Miraidon|Miraidon, L50|100\/100\n|-fieldstart|move: Electric Terrain|[from] ability: Hadron Engine|[of] p1b: Miraidon\n|turn|11\n|\n|t:|1718352878\n|move|p1b: Miraidon|Draco Meteor|p2a: Lunala\n|-damage|p2a: Lunala|0 fnt\n|-unboost|p1b: Miraidon|spa|2\n|faint|p2a: Lunala\n|-damage|p1b: Miraidon|91\/100|[from] item: Life Orb\n|move|p2b: Ursaluna|Hyper Voice|p1b: Miraidon|[spread] p1a,p1b\n|-damage|p1a: Ursaluna|0 fnt\n|-damage|p1b: Miraidon|54\/100\n|faint|p1a: Ursaluna\n|\n|upkeep\n|\n|t:|1718352885\n|switch|p1a: Iron Hands|Iron Hands, L50|21\/100 brn\n|-activate|p1a: Iron Hands|ability: Quark Drive\n|-start|p1a: Iron Hands|quarkdriveatk\n|turn|12\n|\n|t:|1718352906\n|move|p2b: Ursaluna|Protect|p2b: Ursaluna\n|-singleturn|p2b: Ursaluna|Protect\n|move|p1a: Iron Hands|Fake Out|p2b: Ursaluna\n|-activate|p2b: Ursaluna|move: Protect\n|move|p1b: Miraidon|Draco Meteor|p2b: Ursaluna\n|-activate|p2b: Ursaluna|move: Protect\n|\n|-damage|p1a: Iron Hands|15\/100 brn|[from] brn\n|upkeep\n|turn|13\n|\n|t:|1718352915\n|-terastallize|p2b: Ursaluna|Normal\n|move|p1b: Miraidon|Draco Meteor|p2b: Ursaluna\n|-damage|p2b: Ursaluna|29\/100\n|-unboost|p1b: Miraidon|spa|2\n|-damage|p1b: Miraidon|45\/100|[from] item: Life Orb\n|move|p2b: Ursaluna|Hyper Voice|p1b: Miraidon|[spread] p1a,p1b\n|-damage|p1a: Iron Hands|0 fnt\n|-damage|p1b: Miraidon|0 fnt\n|faint|p1a: Iron Hands\n|-end|p1a: Iron Hands|Quark Drive|[silent]\n|faint|p1b: Miraidon\n|\n|win|Tempest brute\n|raw|UahhVGC's rating: 1704 &rarr; <strong>1691<\/strong><br \/>(-13 for losing)\n|raw|Tempest brute's rating: 1836 &rarr; <strong>1849<\/strong><br \/>(+13 for winning)\n|l|\u203dUahhVGC\n|player|p1|\n|l|\u2606Tempest brute\n|player|p2|\n","uploadtime":1718353162,"views":60,"formatid":"gen9vgc2024regg","rating":1691,"private":0,"password":null}