{"id":"gen9vgc2024regg-2143679036","format":"[Gen 9] VGC 2024 Reg G","players":["tuanzai233","imnotagni"],"log":"|j|\u2606tuanzai233\n|j|\u2606imnotagni\n|t:|1718439717\n|gametype|doubles\n|player|p1|tuanzai233|266|1743\n|player|p2|imnotagni|magmasuit|1747\n|teamsize|p1|6\n|teamsize|p2|6\n|gen|9\n|tier|[Gen 9] VGC 2024 Reg G\n|rated|\n|rule|Species Clause: Limit one of each Pok\u00e9mon\n|rule|Item Clause: Limit one of each item\n|clearpoke\n|poke|p1|Indeedee-F, L50, F|\n|poke|p1|Torkoal, L50, M|\n|poke|p1|Calyrex-Ice, L50|\n|poke|p1|Annihilape, L50, F|\n|poke|p1|Urshifu-*, L50, F|\n|poke|p1|Brute Bonnet, L50|\n|poke|p2|Kyogre, L50|\n|poke|p2|Urshifu-*, L50, F|\n|poke|p2|Tsareena, L50, F|\n|poke|p2|Chien-Pao, L50|\n|poke|p2|Ditto, L50|\n|poke|p2|Tornadus, L50, M|\n|teampreview|4\n|inactive|Battle timer is ON: inactive players will automatically lose when time's up. (requested by imnotagni)\n|inactive|imnotagni has 60 seconds left.\n|inactive|imnotagni has 30 seconds left.\n|inactive|imnotagni has 20 seconds left.\ntuanzai233 has agreed to open team sheets.\n|inactive|imnotagni has 15 seconds left.\n|\n|t:|1718439795\n|start\n|switch|p1a: Annihilape|Annihilape, L50, F|100\/100\n|switch|p1b: Brute Bonnet|Brute Bonnet, L50, shiny|100\/100\n|switch|p2a: Kyogre|Kyogre, L50, shiny|100\/100\n|switch|p2b: Tsareena|Tsareena, L50, F, shiny|100\/100\n|-weather|RainDance|[from] ability: Drizzle|[of] p2a: Kyogre\n|turn|1\n|inactive|imnotagni has 30 seconds left.\n|inactive|imnotagni has 20 seconds left.\n|inactive|imnotagni has 15 seconds left.\n|inactive|imnotagni has 10 seconds left.\n|\n|t:|1718439841\n|-end|p1b: Brute Bonnet|Protosynthesis|[silent]\n|switch|p1b: Torkoal|Torkoal, L50, M|100\/100\n|-weather|SunnyDay|[from] ability: Drought|[of] p1b: Torkoal\n|move|p2a: Kyogre|Protect|p2a: Kyogre\n|-singleturn|p2a: Kyogre|Protect\n|move|p1a: Annihilape|Final Gambit|p2b: Tsareena\n|-damage|p2b: Tsareena|0 fnt\n|faint|p1a: Annihilape\n|faint|p2b: Tsareena\n|\n|-weather|SunnyDay|[upkeep]\n|upkeep\n|inactive|imnotagni has 30 seconds left.\n|inactive|imnotagni has 20 seconds left.\n|inactive|imnotagni has 15 seconds left.\n|\n|t:|1718439885\n|switch|p1a: Brute Bonnet|Brute Bonnet, L50, shiny|100\/100\n|switch|p2b: Chien-Pao|Chien-Pao, L50|100\/100\n|-ability|p2b: Chien-Pao|Sword of Ruin\n|-activate|p1a: Brute Bonnet|ability: Protosynthesis\n|-start|p1a: Brute Bonnet|protosynthesisdef\n|turn|2\n|inactive|imnotagni has 30 seconds left.\n|\n|t:|1718439919\n|switch|p1b: Calyrex|Calyrex-Ice, L50|100\/100\n|-ability|p1b: Calyrex|As One\n|-ability|p1b: Calyrex|Unnerve\n|-terastallize|p2a: Kyogre|Grass\n|-terastallize|p1a: Brute Bonnet|Poison\n|move|p2b: Chien-Pao|Ice Spinner|p1b: Calyrex\n|-resisted|p1b: Calyrex\n|-damage|p1b: Calyrex|84\/100\n|move|p2a: Kyogre|Water Spout|p1a: Brute Bonnet|[spread] p1a,p1b\n|-damage|p1a: Brute Bonnet|68\/100\n|-damage|p1b: Calyrex|57\/100\n|move|p1a: Brute Bonnet|Spore|p2b: Chien-Pao\n|-status|p2b: Chien-Pao|slp|[from] move: Spore\n|\n|-weather|SunnyDay|[upkeep]\n|upkeep\n|turn|3\n|\n|t:|1718439936\n|switch|p2a: Ditto|Ditto, L50|100\/100\n|-transform|p2a: Ditto|p1b: Calyrex|[from] ability: Imposter\n|-ability|p2a: Ditto|As One\n|-ability|p2a: Ditto|Unnerve\n|cant|p2b: Chien-Pao|slp\n|move|p1a: Brute Bonnet|Pollen Puff|p1b: Calyrex\n|-heal|p1b: Calyrex|100\/100\n|move|p1b: Calyrex|Trick Room|p1b: Calyrex\n|-fieldstart|move: Trick Room|[of] p1b: Calyrex\n|\n|-weather|SunnyDay|[upkeep]\n|upkeep\n|turn|4\n|\n|t:|1718439957\n|move|p1b: Calyrex|Glacial Lance|p2b: Chien-Pao|[spread] p2a,p2b\n|-resisted|p2a: Ditto\n|-resisted|p2b: Chien-Pao\n|-damage|p2a: Ditto|66\/100\n|-damage|p2b: Chien-Pao|62\/100 slp\n|move|p2a: Ditto|Glacial Lance|p1b: Calyrex|[spread] p1a,p1b\n|-resisted|p1b: Calyrex\n|-damage|p1a: Brute Bonnet|29\/100\n|-damage|p1b: Calyrex|78\/100\n|move|p1a: Brute Bonnet|Spore|p2a: Ditto\n|-activate|p2a: Ditto|item: Safety Goggles|Spore\n|-curestatus|p2b: Chien-Pao|slp|[msg]\n|move|p2b: Chien-Pao|Ice Spinner|p1a: Brute Bonnet\n|-damage|p1a: Brute Bonnet|2\/100\n|\n|-weather|SunnyDay|[upkeep]\n|upkeep\n|turn|5\n|inactive|tuanzai233 has 30 seconds left.\n|inactive|imnotagni has 30 seconds left.\n|\n|t:|1718439983\n|move|p1a: Brute Bonnet|Rage Powder|p1a: Brute Bonnet\n|-singleturn|p1a: Brute Bonnet|move: Rage Powder\n|move|p2b: Chien-Pao|Sucker Punch||[still]\n|-fail|p2b: Chien-Pao\n|move|p1b: Calyrex|Glacial Lance|p2b: Chien-Pao|[spread] p2a,p2b\n|-resisted|p2a: Ditto\n|-crit|p2a: Ditto\n|-resisted|p2b: Chien-Pao\n|-damage|p2a: Ditto|15\/100\n|-damage|p2b: Chien-Pao|23\/100\n|move|p2a: Ditto|Glacial Lance|p1b: Calyrex|[spread] p1a,p1b\n|-resisted|p1b: Calyrex\n|-damage|p1a: Brute Bonnet|0 fnt\n|-damage|p1b: Calyrex|52\/100\n|faint|p1a: Brute Bonnet\n|-end|p1a: Brute Bonnet|Protosynthesis|[silent]\n|-ability|p2a: Ditto|Chilling Neigh|boost\n|-boost|p2a: Ditto|atk|1\n|\n|-weather|none\n|upkeep\n|\n|t:|1718439987\n|switch|p1a: Torkoal|Torkoal, L50, M|100\/100\n|-weather|SunnyDay|[from] ability: Drought|[of] p1a: Torkoal\n|turn|6\n|inactive|imnotagni has 30 seconds left.\n|inactive|imnotagni has 20 seconds left.\n|inactive|imnotagni has 15 seconds left.\n|inactive|imnotagni has 10 seconds left.\n|inactive|imnotagni has 5 seconds left.\n|\n|t:|1718440040\n|move|p1a: Torkoal|Protect|p1a: Torkoal\n|-singleturn|p1a: Torkoal|Protect\n|move|p2a: Ditto|Protect|p2a: Ditto\n|-singleturn|p2a: Ditto|Protect\n|move|p2b: Chien-Pao|Protect|p2b: Chien-Pao\n|-singleturn|p2b: Chien-Pao|Protect\n|move|p1b: Calyrex|Trick Room|p1b: Calyrex\n|-fieldend|move: Trick Room\n|\n|-weather|SunnyDay|[upkeep]\n|upkeep\n|turn|7\n|inactive|imnotagni has 30 seconds left.\n|inactive|imnotagni has 20 seconds left.\n|inactive|imnotagni has 15 seconds left.\n|inactive|imnotagni has 10 seconds left.\n|\n|t:|1718440086\n|move|p2b: Chien-Pao|Ice Spinner|p1b: Calyrex\n|-resisted|p1b: Calyrex\n|-damage|p1b: Calyrex|36\/100\n|move|p2a: Ditto|High Horsepower|p1b: Calyrex\n|-damage|p1b: Calyrex|0 fnt\n|faint|p1b: Calyrex\n|-ability|p2a: Ditto|Chilling Neigh|boost\n|-boost|p2a: Ditto|atk|1\n|move|p1a: Torkoal|Eruption|p2a: Ditto|[spread] p2a,p2b\n|-supereffective|p2a: Ditto\n|-supereffective|p2b: Chien-Pao\n|-crit|p2b: Chien-Pao\n|-damage|p2a: Ditto|0 fnt\n|-damage|p2b: Chien-Pao|0 fnt\n|faint|p2a: Ditto\n|faint|p2b: Chien-Pao\n|\n|-weather|SunnyDay|[upkeep]\n|upkeep\n|\n|t:|1718440089\n|switch|p2b: Kyogre|Kyogre, L50, shiny, tera:Grass|100\/100\n|-weather|RainDance|[from] ability: Drizzle|[of] p2b: Kyogre\n|turn|8\n|-message|tuanzai233 forfeited.\n|\n|win|imnotagni\n|raw|tuanzai233's rating: 1743 &rarr; <strong>1723<\/strong><br \/>(-20 for losing)\n|raw|imnotagni's rating: 1747 &rarr; <strong>1767<\/strong><br \/>(+20 for winning)\n|l|\u2606tuanzai233\n|player|p1|\n|l|\u2606imnotagni\n|player|p2|\n","uploadtime":1718440270,"views":80,"formatid":"gen9vgc2024regg","rating":1723,"private":0,"password":null}