{"id":"gen9vgc2024regg-2143295138","format":"[Gen 9] VGC 2024 Reg G","players":["pys_max","Billy_HMD"],"log":"|j|\u2606pys_max\n|j|\u2606Billy_HMD\n|t:|1718384622\n|gametype|doubles\n|player|p1|pys_max|266|1793\n|player|p2|Billy_HMD|dawn|1689\n|teamsize|p1|6\n|teamsize|p2|6\n|gen|9\n|tier|[Gen 9] VGC 2024 Reg G\n|rated|\n|rule|Species Clause: Limit one of each Pok\u00e9mon\n|rule|Item Clause: Limit one of each item\n|clearpoke\n|poke|p1|Calyrex-Ice, L50|\n|poke|p1|Ursaluna-Bloodmoon, L50, M|\n|poke|p1|Smeargle, L50, M|\n|poke|p1|Farigiraf, L50, M|\n|poke|p1|Annihilape, L50, F|\n|poke|p1|Electabuzz, L50, M|\n|poke|p2|Terapagos, L50, M|\n|poke|p2|Incineroar, L50, F|\n|poke|p2|Rillaboom, L50, F|\n|poke|p2|Urshifu-*, L50, F|\n|poke|p2|Amoonguss, L50, M|\n|poke|p2|Flutter Mane, L50|\n|teampreview|4\n|inactive|Battle timer is ON: inactive players will automatically lose when time's up. (requested by Billy_HMD)\n|j| geekaleek\n|\n|t:|1718384650\n|start\n|switch|p1a: Smeargle|Smeargle, L50, M|100\/100\n|switch|p1b: Calyrex|Calyrex-Ice, L50|100\/100\n|switch|p2a: Incineroar|Incineroar, L50, F|100\/100\n|switch|p2b: Terapagos|Terapagos, L50, M|100\/100\n|-activate|p2b: Terapagos|ability: Tera Shift\n|detailschange|p2b: Terapagos|Terapagos-Terastal, L50, M\n|-heal|p2b: Terapagos|100\/100|[silent]\n|-ability|p1b: Calyrex|As One\n|-ability|p1b: Calyrex|Unnerve\n|-ability|p2a: Incineroar|Intimidate|boost\n|-fail|p1a: Smeargle|unboost|Attack|[from] ability: Own Tempo|[of] p1a: Smeargle\n|-fail|p1b: Calyrex|unboost|[from] item: Clear Amulet|[of] p1b: Calyrex\n|turn|1\n|inactive|Billy_HMD has 30 seconds left.\n|inactive|Billy_HMD has 20 seconds left.\n|inactive|Billy_HMD has 15 seconds left.\n|\n|t:|1718384692\n|switch|p2b: Amoonguss|Amoonguss, L50, M|100\/100\n|-terastallize|p1b: Calyrex|Fire\n|move|p1a: Smeargle|Fake Out|p2b: Amoonguss\n|-damage|p2b: Amoonguss|96\/100\n|-damage|p1a: Smeargle|84\/100|[from] item: Rocky Helmet|[of] p2b: Amoonguss\n|move|p2a: Incineroar|Knock Off|p1b: Calyrex\n|-damage|p1b: Calyrex|79\/100\n|-enditem|p1b: Calyrex|Clear Amulet|[from] move: Knock Off|[of] p2a: Incineroar\n|move|p1b: Calyrex|Trick Room|p1b: Calyrex\n|-fieldstart|move: Trick Room|[of] p1b: Calyrex\n|\n|upkeep\n|turn|2\n|j| Therazer456\n|inactive|Billy_HMD has 30 seconds left.\n|\n|t:|1718384725\n|switch|p1a: Electabuzz|Electabuzz, L50, M|100\/100\n|move|p1b: Calyrex|Protect|p1b: Calyrex\n|-singleturn|p1b: Calyrex|Protect\n|move|p2b: Amoonguss|Spore|p1b: Calyrex\n|-activate|p1b: Calyrex|move: Protect\n|move|p2a: Incineroar|Knock Off|p1a: Electabuzz\n|-damage|p1a: Electabuzz|73\/100\n|-enditem|p1a: Electabuzz|Eviolite|[from] move: Knock Off|[of] p2a: Incineroar\n|\n|upkeep\n|turn|3\n|inactive|Billy_HMD has 30 seconds left.\n|inactive|Billy_HMD has 20 seconds left.\n|inactive|Billy_HMD has 15 seconds left.\n|inactive|Billy_HMD has 10 seconds left.\n|\n|t:|1718384771\n|switch|p2b: Terapagos|Terapagos-Terastal, L50, M|100\/100\n|move|p1a: Electabuzz|Follow Me|p1a: Electabuzz\n|-singleturn|p1a: Electabuzz|move: Follow Me\n|move|p1b: Calyrex|Glacial Lance|p2b: Terapagos|[spread] p2a,p2b\n|-resisted|p2a: Incineroar\n|-crit|p2a: Incineroar\n|-activate|p2b: Terapagos|ability: Tera Shell\n|-resisted|p2b: Terapagos\n|-damage|p2a: Incineroar|66\/100\n|-damage|p2b: Terapagos|75\/100\n|move|p2a: Incineroar|Parting Shot|p1a: Electabuzz\n|-unboost|p1a: Electabuzz|atk|1\n|-unboost|p1a: Electabuzz|spa|1\n|j| bluestraggler01\n|inactive|Billy_HMD has 30 seconds left.\n|inactive|Billy_HMD has 20 seconds left.\n|\n|t:|1718384807\n|switch|p2a: Urshifu|Urshifu-Rapid-Strike, L50, F|100\/100|[from] Parting Shot\n|\n|-heal|p2b: Terapagos|81\/100|[from] item: Leftovers\n|upkeep\n|turn|4\n|inactive|Billy_HMD has 30 seconds left.\n|\n|t:|1718384834\n|-terastallize|p2b: Terapagos|Stellar\n|detailschange|p2b: Terapagos|Terapagos-Stellar, L50, M, tera:Stellar\n|-heal|p2b: Terapagos|86\/100|[silent]\n|move|p1b: Calyrex|Glacial Lance|p2b: Terapagos|[spread] p2a,p2b\n|-resisted|p2a: Urshifu\n|-damage|p2a: Urshifu|68\/100\n|-damage|p2b: Terapagos|49\/100\n|move|p2b: Terapagos|Tera Starstorm|p1a: Electabuzz|[spread] p1a,p1b\n|-supereffective|p1b: Calyrex\n|-damage|p1a: Electabuzz|27\/100\n|-damage|p1b: Calyrex|20\/100\n|move|p1a: Electabuzz|Volt Switch|p2a: Urshifu\n|-supereffective|p2a: Urshifu\n|-damage|p2a: Urshifu|19\/100\n|\n|t:|1718384848\n|switch|p1a: Smeargle|Smeargle, L50, M|84\/100|[from] Volt Switch\n|move|p2a: Urshifu|Surging Strikes|p1b: Calyrex\n|-supereffective|p1b: Calyrex\n|-crit|p1b: Calyrex\n|-damage|p1b: Calyrex|0 fnt\n|faint|p1b: Calyrex\n|-hitcount|p1: Calyrex|1\n|\n|-heal|p2b: Terapagos|55\/100|[from] item: Leftovers\n|upkeep\n|\n|t:|1718384860\n|switch|p1b: Ursaluna|Ursaluna-Bloodmoon, L50, M|100\/100\n|turn|5\n|inactive|Billy_HMD has 30 seconds left.\n|j| oherrodersir\n|inactive|Billy_HMD has 20 seconds left.\n|inactive|Billy_HMD has 15 seconds left.\n|inactive|Billy_HMD has 10 seconds left.\n|inactive|Billy_HMD has 5 seconds left.\n|\n|t:|1718384914\n|move|p2b: Terapagos|Protect|p2b: Terapagos\n|-singleturn|p2b: Terapagos|Protect\n|move|p2a: Urshifu|Aqua Jet|p1a: Smeargle\n|-damage|p1a: Smeargle|54\/100\n|move|p1a: Smeargle|Spore|p2b: Terapagos\n|-activate|p2b: Terapagos|move: Protect\n|move|p1b: Ursaluna|Hyper Voice|p2b: Terapagos|[spread] p2a\n|-activate|p2b: Terapagos|move: Protect\n|-damage|p2a: Urshifu|0 fnt\n|faint|p2a: Urshifu\n|-damage|p1b: Ursaluna|91\/100|[from] item: Life Orb\n|\n|-heal|p2b: Terapagos|61\/100|[from] item: Leftovers\n|-fieldend|move: Trick Room\n|upkeep\n|\n|t:|1718384931\n|switch|p2a: Incineroar|Incineroar, L50, F|66\/100\n|-ability|p2a: Incineroar|Intimidate|boost\n|-fail|p1a: Smeargle|unboost|Attack|[from] ability: Own Tempo|[of] p1a: Smeargle\n|-unboost|p1b: Ursaluna|atk|1\n|turn|6\n|\n|t:|1718384953\n|switch|p1a: Electabuzz|Electabuzz, L50, M|27\/100\n|move|p1b: Ursaluna|Protect|p1b: Ursaluna\n|-singleturn|p1b: Ursaluna|Protect\n|move|p2b: Terapagos|Calm Mind|p2b: Terapagos\n|-boost|p2b: Terapagos|spa|1\n|-boost|p2b: Terapagos|spd|1\n|move|p2a: Incineroar|Knock Off|p1a: Electabuzz\n|-damage|p1a: Electabuzz|0 fnt\n|faint|p1a: Electabuzz\n|\n|-heal|p2b: Terapagos|67\/100|[from] item: Leftovers\n|upkeep\n|\n|t:|1718384964\n|switch|p1a: Smeargle|Smeargle, L50, M|54\/100\n|turn|7\n|\n|t:|1718384979\n|switch|p2a: Amoonguss|Amoonguss, L50, M|100\/100\n|move|p2b: Terapagos|Protect|p2b: Terapagos\n|-singleturn|p2b: Terapagos|Protect\n|move|p1b: Ursaluna|Earth Power|p2a: Amoonguss\n|-damage|p2a: Amoonguss|43\/100\n|-damage|p1b: Ursaluna|81\/100|[from] item: Life Orb\n|move|p1a: Smeargle|Decorate|p1b: Ursaluna\n|-boost|p1b: Ursaluna|atk|2\n|-boost|p1b: Ursaluna|spa|2\n|\n|-heal|p2b: Terapagos|73\/100|[from] item: Leftovers\n|upkeep\n|turn|8\n|inactive|pys_max has 30 seconds left.\n|inactive|Billy_HMD has 30 seconds left.\n|\n|t:|1718385011\n|move|p2a: Amoonguss|Rage Powder|p2a: Amoonguss\n|-singleturn|p2a: Amoonguss|move: Rage Powder\n|move|p2b: Terapagos|Tera Starstorm|p1b: Ursaluna|[spread] p1a,p1b\n|-damage|p1a: Smeargle|0 fnt\n|-damage|p1b: Ursaluna|16\/100\n|faint|p1a: Smeargle\n|move|p1b: Ursaluna|Hyper Voice|p2b: Terapagos|[spread] p2a,p2b\n|-damage|p2a: Amoonguss|0 fnt\n|-damage|p2b: Terapagos|28\/100\n|faint|p2a: Amoonguss\n|-damage|p1b: Ursaluna|6\/100|[from] item: Life Orb\n|\n|-heal|p2b: Terapagos|34\/100|[from] item: Leftovers\n|upkeep\n|\n|t:|1718385017\n|switch|p2a: Incineroar|Incineroar, L50, F|66\/100\n|-ability|p2a: Incineroar|Intimidate|boost\n|-unboost|p1b: Ursaluna|atk|1\n|turn|9\n|-message|pys_max forfeited.\n|\n|win|Billy_HMD\n|raw|pys_max's rating: 1793 &rarr; <strong>1767<\/strong><br \/>(-26 for losing)\n|raw|Billy_HMD's rating: 1689 &rarr; <strong>1715<\/strong><br \/>(+26 for winning)\n|l|\u2606pys_max\n|player|p1|\n|l|\u2606Billy_HMD\n|player|p2|\n|l| geekaleek\n","uploadtime":1718385293,"views":13,"formatid":"gen9vgc2024regg","rating":1715,"private":0,"password":null}