{"id":"gen9vgc2024regg-2143223140","format":"[Gen 9] VGC 2024 Reg G","players":["Krisuerte","tuanzai233"],"log":"|j|\u2606Krisuerte\n|j|\u2606tuanzai233\n|t:|1718377003\n|gametype|doubles\n|player|p1|Krisuerte|1|1827\n|player|p2|tuanzai233|266|1736\n|teamsize|p1|6\n|teamsize|p2|6\n|gen|9\n|tier|[Gen 9] VGC 2024 Reg G\n|rated|\n|rule|Species Clause: Limit one of each Pok\u00e9mon\n|rule|Item Clause: Limit one of each item\n|clearpoke\n|poke|p1|Sinistcha-Masterpiece, L50|\n|poke|p1|Kyogre, L50|\n|poke|p1|Tornadus, L50, M|\n|poke|p1|Urshifu-*, L50, F|\n|poke|p1|Archaludon, L50, M|\n|poke|p1|Landorus, L50, M|\n|poke|p2|Indeedee-F, L50, F|\n|poke|p2|Torkoal, L50, M|\n|poke|p2|Calyrex-Ice, L50|\n|poke|p2|Annihilape, L50, M|\n|poke|p2|Urshifu-*, L50, F|\n|poke|p2|Brute Bonnet, L50|\n|teampreview|4\n|inactive|Battle timer is ON: inactive players will automatically lose when time's up. (requested by tuanzai233)\ntuanzai233 has agreed to open team sheets.\n|\n|t:|1718377020\n|start\n|switch|p1a: Kyogre|Kyogre, L50|100\/100\n|switch|p1b: Archaludon|Archaludon, L50, M|100\/100\n|switch|p2a: Annihilape|Annihilape, L50, M|100\/100\n|switch|p2b: Brute Bonnet|Brute Bonnet, L50, shiny|100\/100\n|-weather|RainDance|[from] ability: Drizzle|[of] p1a: Kyogre\n|turn|1\n|inactive|Krisuerte has 30 seconds left.\n|\n|t:|1718377050\n|-terastallize|p1a: Kyogre|Ghost\n|move|p2a: Annihilape|Final Gambit|p1a: Kyogre\n|-immune|p1a: Kyogre\n|move|p1b: Archaludon|Electro Shot||[still]\n|-prepare|p1b: Archaludon|Electro Shot\n|-boost|p1b: Archaludon|spa|1\n|-anim|p1b: Archaludon|Electro Shot|p2b: Brute Bonnet\n|-resisted|p2b: Brute Bonnet\n|-damage|p2b: Brute Bonnet|75\/100\n|move|p1a: Kyogre|Water Spout|p2a: Annihilape|[spread] p2a,p2b\n|-resisted|p2b: Brute Bonnet\n|-damage|p2a: Annihilape|0 fnt\n|-damage|p2b: Brute Bonnet|18\/100\n|-enditem|p2b: Brute Bonnet|Sitrus Berry|[eat]\n|-heal|p2b: Brute Bonnet|43\/100|[from] item: Sitrus Berry\n|faint|p2a: Annihilape\n|move|p2b: Brute Bonnet|Spore|p1b: Archaludon\n|-status|p1b: Archaludon|slp|[from] move: Spore\n|\n|-weather|RainDance|[upkeep]\n|upkeep\n|\n|t:|1718377054\n|switch|p2a: Torkoal|Torkoal, L50, M|100\/100\n|-weather|SunnyDay|[from] ability: Drought|[of] p2a: Torkoal\n|-activate|p2b: Brute Bonnet|ability: Protosynthesis\n|-start|p2b: Brute Bonnet|protosynthesisdef\n|turn|2\n|inactive|Krisuerte has 30 seconds left.\n|\n|t:|1718377080\n|switch|p1b: Tornadus|Tornadus, L50, M|100\/100\n|switch|p2a: Calyrex|Calyrex-Ice, L50|100\/100\n|-ability|p2a: Calyrex|As One\n|-ability|p2a: Calyrex|Unnerve\n|move|p1a: Kyogre|Water Spout|p2b: Brute Bonnet|[spread] p2a,p2b\n|-resisted|p2b: Brute Bonnet\n|-damage|p2a: Calyrex|64\/100\n|-damage|p2b: Brute Bonnet|25\/100\n|move|p2b: Brute Bonnet|Spore|p1a: Kyogre\n|-status|p1a: Kyogre|slp|[from] move: Spore\n|\n|-weather|SunnyDay|[upkeep]\n|upkeep\n|turn|3\n|\n|t:|1718377103\n|switch|p1a: Urshifu|Urshifu-Rapid-Strike, L50, F|100\/100\n|move|p2b: Brute Bonnet|Rage Powder|p2b: Brute Bonnet\n|-singleturn|p2b: Brute Bonnet|move: Rage Powder\n|move|p1b: Tornadus|Bleakwind Storm|p2b: Brute Bonnet|[spread] p2a\n|-miss|p1b: Tornadus|p2b: Brute Bonnet\n|-damage|p2a: Calyrex|45\/100\n|move|p2a: Calyrex|Trick Room|p2a: Calyrex\n|-fieldstart|move: Trick Room|[of] p2a: Calyrex\n|\n|-weather|SunnyDay|[upkeep]\n|upkeep\n|turn|4\n|inactive|Krisuerte has 30 seconds left.\n|\n|t:|1718377136\n|move|p1b: Tornadus|Scary Face|p1a: Urshifu\n|-unboost|p1a: Urshifu|spe|2\n|move|p1a: Urshifu|Close Combat|p2b: Brute Bonnet\n|-supereffective|p2b: Brute Bonnet\n|-damage|p2b: Brute Bonnet|0 fnt\n|-unboost|p1a: Urshifu|def|1\n|-unboost|p1a: Urshifu|spd|1\n|faint|p2b: Brute Bonnet\n|-end|p2b: Brute Bonnet|Protosynthesis|[silent]\n|move|p2a: Calyrex|Glacial Lance|p1b: Tornadus|[spread] p1a,p1b\n|-resisted|p1a: Urshifu\n|-supereffective|p1b: Tornadus\n|-damage|p1a: Urshifu|64\/100\n|-damage|p1b: Tornadus|0 fnt\n|faint|p1b: Tornadus\n|-ability|p2a: Calyrex|Chilling Neigh|boost\n|-boost|p2a: Calyrex|atk|1\n|\n|-weather|SunnyDay|[upkeep]\n|upkeep\n|\n|t:|1718377154\n|switch|p2b: Torkoal|Torkoal, L50, M|100\/100\n|switch|p1b: Kyogre|Kyogre, L50, tera:Ghost|100\/100 slp\n|-weather|RainDance|[from] ability: Drizzle|[of] p1b: Kyogre\n|turn|5\n|j| rabbihorn\n|\n|t:|1718377170\n|-terastallize|p2b: Torkoal|Fire\n|move|p2b: Torkoal|Eruption|p1a: Urshifu|[spread] p1a,p1b\n|-resisted|p1a: Urshifu\n|-damage|p1a: Urshifu|27\/100\n|-damage|p1b: Kyogre|76\/100 slp\n|move|p1a: Urshifu|Surging Strikes|p2a: Calyrex\n|-crit|p2a: Calyrex\n|-damage|p2a: Calyrex|21\/100\n|-crit|p2a: Calyrex\n|-damage|p2a: Calyrex|0 fnt\n|faint|p2a: Calyrex\n|-hitcount|p2: Calyrex|2\n|cant|p1b: Kyogre|slp\n|\n|-weather|RainDance|[upkeep]\n|upkeep\n|turn|6\n|-message|tuanzai233 forfeited.\n|\n|win|Krisuerte\n|raw|Krisuerte's rating: 1827 &rarr; <strong>1842<\/strong><br \/>(+15 for winning)\n|raw|tuanzai233's rating: 1736 &rarr; <strong>1721<\/strong><br \/>(-15 for losing)\n|l|\u2606tuanzai233\n|player|p2|\n|l|\u2606Krisuerte\n|player|p1|\n","uploadtime":1718377331,"views":24,"formatid":"gen9vgc2024regg","rating":1721,"private":0,"password":null}