{"id":"gen9vgc2024regg-2143248520","format":"[Gen 9] VGC 2024 Reg G","players":["Beachtoad","hydreigon_chelas"],"log":"|j|\u2606Beachtoad\n|j|\u2606hydreigon_chelas\n|t:|1718379672\n|gametype|doubles\n|player|p1|Beachtoad|janine|1633\n|player|p2|hydreigon_chelas|pokefanf|1699\n|teamsize|p1|6\n|teamsize|p2|6\n|gen|9\n|tier|[Gen 9] VGC 2024 Reg G\n|rated|\n|rule|Species Clause: Limit one of each Pok\u00e9mon\n|rule|Item Clause: Limit one of each item\n|clearpoke\n|poke|p1|Calyrex-Ice, L50|\n|poke|p1|Trapinch, L50, M|\n|poke|p1|Annihilape, L50, F|\n|poke|p1|Pelipper, L50, M|\n|poke|p1|Jigglypuff, L50, F|\n|poke|p1|Urshifu-*, L50, M|\n|poke|p2|Calyrex-Ice, L50|\n|poke|p2|Electabuzz, L50, F|\n|poke|p2|Farigiraf, L50, F|\n|poke|p2|Smeargle, L50, M|\n|poke|p2|Ursaluna-Bloodmoon, L50, M|\n|poke|p2|Annihilape, L50, M|\n|teampreview|4\n|\n|t:|1718379716\n|start\n|switch|p1a: Annihilape|Annihilape, L50, F|100\/100\n|switch|p1b: Calyrex|Calyrex-Ice, L50|100\/100\n|switch|p2a: Calyrex|Calyrex-Ice, L50|100\/100\n|switch|p2b: Smeargle|Smeargle, L50, M|100\/100\n|-ability|p2a: Calyrex|As One\n|-ability|p2a: Calyrex|Unnerve\n|-ability|p1b: Calyrex|As One\n|-ability|p1b: Calyrex|Unnerve\n|turn|1\n|j| Hastein\n|\n|t:|1718379773\n|switch|p2a: Farigiraf|Farigiraf, L50, F|100\/100\n|move|p1b: Calyrex|Protect|p1b: Calyrex\n|-singleturn|p1b: Calyrex|Protect\n|move|p1a: Annihilape|Coaching|p1b: Calyrex\n|-boost|p1b: Calyrex|atk|1\n|-boost|p1b: Calyrex|def|1\n|move|p2b: Smeargle|Spore|p1b: Calyrex\n|-activate|p1b: Calyrex|move: Protect\n|\n|upkeep\n|turn|2\n|\n|t:|1718379787\n|-terastallize|p1b: Calyrex|Grass\n|move|p1a: Annihilape|Coaching|p1b: Calyrex\n|-boost|p1b: Calyrex|atk|1\n|-boost|p1b: Calyrex|def|1\n|move|p2a: Farigiraf|Tera Blast|p1b: Calyrex\n|-damage|p1b: Calyrex|79\/100\n|move|p2b: Smeargle|Spore|p1b: Calyrex\n|-immune|p1b: Calyrex\n|move|p1b: Calyrex|Glacial Lance|p2b: Smeargle|[spread] p2a,p2b\n|-crit|p2a: Farigiraf\n|-damage|p2a: Farigiraf|0 fnt\n|-enditem|p2b: Smeargle|Focus Sash\n|-damage|p2b: Smeargle|1\/100\n|faint|p2a: Farigiraf\n|-ability|p1b: Calyrex|Chilling Neigh|boost\n|-boost|p1b: Calyrex|atk|1\n|\n|upkeep\n|\n|t:|1718379808\n|switch|p2a: Ursaluna|Ursaluna-Bloodmoon, L50, M|100\/100\n|turn|3\n|\n|t:|1718379863\n|switch|p1a: Jigglypuff|Jigglypuff, L50, F|100\/100\n|-terastallize|p2a: Ursaluna|Normal\n|move|p2a: Ursaluna|Blood Moon|p1b: Calyrex\n|-damage|p1b: Calyrex|1\/100\n|-damage|p2a: Ursaluna|91\/100|[from] item: Life Orb\n|move|p2b: Smeargle|Decorate|p2a: Ursaluna\n|-boost|p2a: Ursaluna|atk|2\n|-boost|p2a: Ursaluna|spa|2\n|move|p1b: Calyrex|Seed Bomb|p2a: Ursaluna\n|-damage|p2a: Ursaluna|0 fnt\n|faint|p2a: Ursaluna\n|-ability|p1b: Calyrex|Chilling Neigh|boost\n|-boost|p1b: Calyrex|atk|1\n|\n|upkeep\n|\n|t:|1718379878\n|switch|p2a: Calyrex|Calyrex-Ice, L50|100\/100\n|-ability|p2a: Calyrex|As One\n|-ability|p2a: Calyrex|Unnerve\n|turn|4\n|\n|t:|1718379899\n|move|p2a: Calyrex|Glacial Lance|p1b: Calyrex|[spread] p1a,p1b\n|-supereffective|p1b: Calyrex\n|-damage|p1a: Jigglypuff|34\/100\n|-damage|p1b: Calyrex|0 fnt\n|faint|p1b: Calyrex\n|-ability|p2a: Calyrex|Chilling Neigh|boost\n|-boost|p2a: Calyrex|atk|1\n|move|p2b: Smeargle|Spore|p1a: Jigglypuff\n|-status|p1a: Jigglypuff|slp|[from] move: Spore\n|cant|p1a: Jigglypuff|slp\n|\n|upkeep\n|\n|t:|1718379930\n|switch|p1b: Pelipper|Pelipper, L50, M|100\/100\n|-weather|RainDance|[from] ability: Drizzle|[of] p1b: Pelipper\n|turn|5\n|\n|t:|1718379939\n|move|p1b: Pelipper|Wide Guard|p1b: Pelipper\n|-singleturn|p1b: Pelipper|Wide Guard\n|move|p2a: Calyrex|Glacial Lance|p1a: Jigglypuff|[spread] \n|-activate|p1a: Jigglypuff|move: Wide Guard\n|-activate|p1b: Pelipper|move: Wide Guard\n|move|p2b: Smeargle|Spore|p1b: Pelipper\n|-activate|p1b: Pelipper|item: Safety Goggles|Spore\n|cant|p1a: Jigglypuff|slp\n|\n|-weather|RainDance|[upkeep]\n|upkeep\n|turn|6\n|j| Kessius_Clay\n|\n|t:|1718379986\n|move|p1b: Pelipper|Wide Guard|p1b: Pelipper\n|-singleturn|p1b: Pelipper|Wide Guard\n|move|p2a: Calyrex|Glacial Lance|p1a: Jigglypuff|[spread] \n|-activate|p1a: Jigglypuff|move: Wide Guard\n|-activate|p1b: Pelipper|move: Wide Guard\n|move|p2b: Smeargle|Spore|p1b: Pelipper\n|-activate|p1b: Pelipper|item: Safety Goggles|Spore\n|cant|p1a: Jigglypuff|slp\n|\n|-weather|RainDance|[upkeep]\n|upkeep\n|turn|7\n|l| Kessius_Clay\n|\n|t:|1718379999\n|move|p1b: Pelipper|Wide Guard|p1b: Pelipper\n|-singleturn|p1b: Pelipper|Wide Guard\n|move|p2a: Calyrex|Glacial Lance|p1a: Jigglypuff|[spread] \n|-activate|p1a: Jigglypuff|move: Wide Guard\n|-activate|p1b: Pelipper|move: Wide Guard\n|move|p2b: Smeargle|Decorate|p2a: Calyrex\n|-boost|p2a: Calyrex|atk|2\n|-boost|p2a: Calyrex|spa|2\n|-curestatus|p1a: Jigglypuff|slp|[msg]\n|move|p1a: Jigglypuff|Knock Off|p2b: Smeargle\n|-damage|p2b: Smeargle|0 fnt\n|faint|p2b: Smeargle\n|\n|-weather|RainDance|[upkeep]\n|upkeep\n|turn|8\n|\n|t:|1718380005\n|move|p1b: Pelipper|Weather Ball|p2a: Calyrex\n|-damage|p2a: Calyrex|49\/100\n|move|p2a: Calyrex|High Horsepower|p1a: Jigglypuff\n|-damage|p1a: Jigglypuff|0 fnt\n|faint|p1a: Jigglypuff\n|-ability|p2a: Calyrex|Chilling Neigh|boost\n|-boost|p2a: Calyrex|atk|1\n|\n|-weather|RainDance|[upkeep]\n|upkeep\n|\n|t:|1718380008\n|switch|p1a: Annihilape|Annihilape, L50, F|100\/100\n|turn|9\n|\n|t:|1718380011\n|move|p1a: Annihilape|Final Gambit|p2a: Calyrex\n|-damage|p2a: Calyrex|0 fnt\n|faint|p1a: Annihilape\n|faint|p2a: Calyrex\n|\n|win|Beachtoad\n|raw|Beachtoad's rating: 1652 &rarr; <strong>1675<\/strong><br \/>(+23 for winning)\n|raw|hydreigon_chelas's rating: 1699 &rarr; <strong>1676<\/strong><br \/>(-23 for losing)\n|j| bluestraggler02\n|c|\u2606Beachtoad|gg\n|l|\u2606hydreigon_chelas\n|player|p2|\n","uploadtime":1718380027,"views":28,"formatid":"gen9vgc2024regg","rating":1675,"private":0,"password":null}