{"id":"gen9vgc2024regg-2144131975","format":"[Gen 9] VGC 2024 Reg G","players":["tornadus drill","GRIFFY98"],"log":"|j|\u2606tornadus drill\n|j|\u2606GRIFFY98\n|t:|1718505530\n|gametype|doubles\n|player|p1|tornadus drill|170|1754\n|player|p2|GRIFFY98|1|1723\n|teamsize|p1|6\n|teamsize|p2|6\n|gen|9\n|tier|[Gen 9] VGC 2024 Reg G\n|rated|\n|rule|Species Clause: Limit one of each Pok\u00e9mon\n|rule|Item Clause: Limit one of each item\n|clearpoke\n|poke|p1|Terapagos, L50, M|\n|poke|p1|Clefairy, L50, M|\n|poke|p1|Rillaboom, L50, M|\n|poke|p1|Skeledirge, L50, M|\n|poke|p1|Urshifu-*, L50, F|\n|poke|p1|Chien-Pao, L50|\n|poke|p2|Tornadus, L50, M|\n|poke|p2|Gholdengo, L50|\n|poke|p2|Gastrodon, L50, M|\n|poke|p2|Clefairy, L50, F|\n|poke|p2|Mienshao, L50, M|\n|poke|p2|Terapagos, L50, M|\n|teampreview|4\n|inactive|Battle timer is ON: inactive players will automatically lose when time's up. (requested by GRIFFY98)\n|inactive|GRIFFY98 has 60 seconds left.\n|\n|t:|1718505570\n|start\n|switch|p1a: Skeledirge|Skeledirge, L50, M|100\/100\n|switch|p1b: Terapagos|Terapagos, L50, M|100\/100\n|switch|p2a: Clefairy|Clefairy, L50, F|100\/100\n|switch|p2b: Gholdengo|Gholdengo, L50|100\/100\n|-activate|p1b: Terapagos|ability: Tera Shift\n|detailschange|p1b: Terapagos|Terapagos-Terastal, L50, M\n|-heal|p1b: Terapagos|100\/100|[silent]\n|turn|1\n|\n|t:|1718505590\n|move|p2a: Clefairy|Helping Hand|p2b: Gholdengo\n|-immune|p2b: Gholdengo|[from] ability: Good as Gold\n|move|p2b: Gholdengo|Shadow Ball|p1a: Skeledirge\n|-supereffective|p1a: Skeledirge\n|-damage|p1a: Skeledirge|39\/100\n|move|p1b: Terapagos|Calm Mind|p1b: Terapagos\n|-boost|p1b: Terapagos|spa|1\n|-boost|p1b: Terapagos|spd|1\n|move|p1a: Skeledirge|Yawn|p2a: Clefairy\n|-start|p2a: Clefairy|move: Yawn|[of] p1a: Skeledirge\n|\n|upkeep\n|turn|2\n|\n|t:|1718505608\n|switch|p1a: Urshifu|Urshifu, L50, F|100\/100\n|switch|p2a: Terapagos|Terapagos, L50, M|100\/100\n|-activate|p2a: Terapagos|ability: Tera Shift\n|detailschange|p2a: Terapagos|Terapagos-Terastal, L50, M\n|-heal|p2a: Terapagos|100\/100|[silent]\n|move|p2b: Gholdengo|Shadow Ball|p1a: Urshifu\n|-resisted|p1a: Urshifu\n|-damage|p1a: Urshifu|69\/100\n|move|p1b: Terapagos|Calm Mind|p1b: Terapagos\n|-boost|p1b: Terapagos|spa|1\n|-boost|p1b: Terapagos|spd|1\n|\n|upkeep\n|turn|3\n|\n|t:|1718505626\n|switch|p2a: Clefairy|Clefairy, L50, F|100\/100\n|-terastallize|p2b: Gholdengo|Fairy\n|move|p1a: Urshifu|U-turn|p2a: Clefairy\n|-resisted|p2a: Clefairy\n|-damage|p2a: Clefairy|86\/100\n|\n|t:|1718505632\n|switch|p1a: Skeledirge|Skeledirge, L50, M|39\/100|[from] U-turn\n|move|p2b: Gholdengo|Make It Rain|p1b: Terapagos|[spread] p1a,p1b\n|-resisted|p1a: Skeledirge\n|-activate|p1b: Terapagos|ability: Tera Shell\n|-resisted|p1b: Terapagos\n|-damage|p1a: Skeledirge|20\/100\n|-damage|p1b: Terapagos|92\/100\n|-unboost|p2b: Gholdengo|spa|1\n|move|p1b: Terapagos|Calm Mind|p1b: Terapagos\n|-boost|p1b: Terapagos|spa|1\n|-boost|p1b: Terapagos|spd|1\n|\n|-heal|p1b: Terapagos|98\/100|[from] item: Leftovers\n|upkeep\n|turn|4\n|\n|t:|1718505646\n|-terastallize|p1b: Terapagos|Stellar\n|detailschange|p1b: Terapagos|Terapagos-Stellar, L50, M, tera:Stellar\n|-heal|p1b: Terapagos|99\/100|[silent]\n|move|p2a: Clefairy|Protect|p2a: Clefairy\n|-singleturn|p2a: Clefairy|Protect\n|move|p2b: Gholdengo|Shadow Ball|p1a: Skeledirge\n|-supereffective|p1a: Skeledirge\n|-damage|p1a: Skeledirge|0 fnt\n|faint|p1a: Skeledirge\n|move|p1b: Terapagos|Tera Starstorm|p2b: Gholdengo|[spread] p2b\n|-activate|p2a: Clefairy|move: Protect\n|-supereffective|p2b: Gholdengo\n|-damage|p2b: Gholdengo|0 fnt\n|faint|p2b: Gholdengo\n|\n|-heal|p1b: Terapagos|100\/100|[from] item: Leftovers\n|upkeep\n|j| bluestraggler01\n|\n|t:|1718505658\n|switch|p2b: Terapagos|Terapagos-Terastal, L50, M|100\/100\n|switch|p1a: Chien-Pao|Chien-Pao, L50|100\/100\n|-ability|p1a: Chien-Pao|Sword of Ruin\n|turn|5\n|\n|t:|1718505664\n|move|p2a: Clefairy|Helping Hand|p2b: Terapagos\n|-singleturn|p2b: Terapagos|Helping Hand|[of] p2a: Clefairy\n|move|p1a: Chien-Pao|Ice Spinner|p2b: Terapagos\n|-activate|p2b: Terapagos|ability: Tera Shell\n|-resisted|p2b: Terapagos\n|-damage|p2b: Terapagos|83\/100\n|move|p2b: Terapagos|Hyper Beam|p1b: Terapagos\n|-damage|p1b: Terapagos|66\/100\n|-mustrecharge|p2b: Terapagos\n|move|p1b: Terapagos|Tera Starstorm|p2a: Clefairy|[spread] p2a,p2b\n|-damage|p2a: Clefairy|8\/100\n|-damage|p2b: Terapagos|27\/100\n|\n|-heal|p1b: Terapagos|72\/100|[from] item: Leftovers\n|upkeep\n|turn|6\n|-message|GRIFFY98 forfeited.\n|\n|win|tornadus drill\n|raw|tornadus drill's rating: 1754 &rarr; <strong>1772<\/strong><br \/>(+18 for winning)\n|raw|GRIFFY98's rating: 1723 &rarr; <strong>1705<\/strong><br \/>(-18 for losing)\n|l|\u2606GRIFFY98\n|player|p2|\n|l|\u2606tornadus drill\n|player|p1|\n|l| bluestraggler01\n","uploadtime":1718505867,"views":31,"formatid":"gen9vgc2024regg","rating":1705,"private":0,"password":null}