{"id":"gen9vgc2024regg-2144116061","format":"[Gen 9] VGC 2024 Reg G","players":["TheOnlyFizzo","Krisuerte"],"log":"|j|\u2606TheOnlyFizzo\n|j|\u2606Krisuerte\n|t:|1718503180\n|gametype|doubles\n|player|p1|TheOnlyFizzo|265|1712\n|player|p2|Krisuerte|170|1769\n|teamsize|p1|6\n|teamsize|p2|6\n|gen|9\n|tier|[Gen 9] VGC 2024 Reg G\n|rated|\n|rule|Species Clause: Limit one of each Pok\u00e9mon\n|rule|Item Clause: Limit one of each item\n|clearpoke\n|poke|p1|Miraidon, L50|\n|poke|p1|Iron Hands, L50|\n|poke|p1|Farigiraf, L50, M|\n|poke|p1|Ursaluna-Bloodmoon, L50, M|\n|poke|p1|Smeargle, L50, F|\n|poke|p1|Annihilape, L50, F|\n|poke|p2|Sinistcha-Masterpiece, L50|\n|poke|p2|Kyogre, L50|\n|poke|p2|Tornadus, L50, M|\n|poke|p2|Urshifu-*, L50, F|\n|poke|p2|Archaludon, L50, M|\n|poke|p2|Landorus, L50, M|\n|teampreview|4\n|inactive|Battle timer is ON: inactive players will automatically lose when time's up. (requested by TheOnlyFizzo)\n|inactive|TheOnlyFizzo has 60 seconds left.\n|\n|t:|1718503226\n|start\n|switch|p1a: Farigiraf|Farigiraf, L50, M|100\/100\n|switch|p1b: Smeargle|Smeargle, L50, F|100\/100\n|switch|p2a: Kyogre|Kyogre, L50|100\/100\n|switch|p2b: Tornadus|Tornadus, L50, M|100\/100\n|-weather|RainDance|[from] ability: Drizzle|[of] p2a: Kyogre\n|turn|1\n|inactive|Krisuerte has 30 seconds left.\n|\n|t:|1718503252\n|-terastallize|p2a: Kyogre|Ghost\n|move|p1b: Smeargle|Wide Guard|p1b: Smeargle\n|-singleturn|p1b: Smeargle|Wide Guard\n|move|p2b: Tornadus|Bleakwind Storm|p1a: Farigiraf|[spread] \n|-activate|p1a: Farigiraf|move: Wide Guard\n|-activate|p1b: Smeargle|move: Wide Guard\n|move|p2a: Kyogre|Water Spout|p1b: Smeargle|[spread] \n|-activate|p1a: Farigiraf|move: Wide Guard\n|-activate|p1b: Smeargle|move: Wide Guard\n|move|p1a: Farigiraf|Trick Room|p1a: Farigiraf\n|-fieldstart|move: Trick Room|[of] p1a: Farigiraf\n|\n|-weather|RainDance|[upkeep]\n|-ability|p1b: Smeargle|Moody|boost\n|-boost|p1b: Smeargle|atk|2\n|-unboost|p1b: Smeargle|spe|1\n|upkeep\n|turn|2\n|j| Liboire1\n|inactive|TheOnlyFizzo has 30 seconds left.\n|\n|t:|1718503284\n|switch|p2a: Urshifu|Urshifu-Rapid-Strike, L50, F|100\/100\n|move|p1a: Farigiraf|Protect|p1a: Farigiraf\n|-singleturn|p1a: Farigiraf|Protect\n|move|p2b: Tornadus|Scary Face|p2a: Urshifu\n|-unboost|p2a: Urshifu|spe|2\n|move|p1b: Smeargle|Explosion|p2b: Tornadus|[spread] p2a,p2b\n|-activate|p1a: Farigiraf|move: Protect\n|-damage|p2a: Urshifu|66\/100\n|-damage|p2b: Tornadus|57\/100\n|faint|p1b: Smeargle\n|\n|-weather|RainDance|[upkeep]\n|upkeep\n|\n|t:|1718503300\n|switch|p1b: Ursaluna|Ursaluna-Bloodmoon, L50, M|100\/100\n|turn|3\n|j| Luxraykeeper\n|inactive|TheOnlyFizzo has 30 seconds left.\n|inactive|TheOnlyFizzo has 20 seconds left.\n|inactive|TheOnlyFizzo has 15 seconds left.\n|\n|t:|1718503341\n|switch|p1b: Miraidon|Miraidon, L50|100\/100\n|-fieldstart|move: Electric Terrain|[from] ability: Hadron Engine|[of] p1b: Miraidon\n|-terastallize|p1a: Farigiraf|Fairy\n|move|p2b: Tornadus|Scary Face|p2a: Urshifu\n|-unboost|p2a: Urshifu|spe|2\n|move|p2a: Urshifu|Close Combat|p1b: Miraidon\n|-damage|p1b: Miraidon|40\/100\n|-unboost|p2a: Urshifu|def|1\n|-unboost|p2a: Urshifu|spd|1\n|move|p1a: Farigiraf|Dazzling Gleam|p2a: Urshifu|[spread] p2a,p2b\n|-supereffective|p2a: Urshifu\n|-damage|p2a: Urshifu|0 fnt\n|-damage|p2b: Tornadus|34\/100\n|faint|p2a: Urshifu\n|\n|-weather|RainDance|[upkeep]\n|upkeep\n|\n|t:|1718503361\n|switch|p2a: Kyogre|Kyogre, L50, tera:Ghost|100\/100\n|turn|4\n|j| THUNDERSND77\n|\n|t:|1718503385\n|move|p2b: Tornadus|Scary Face|p2a: Kyogre\n|-unboost|p2a: Kyogre|spe|2\n|move|p2a: Kyogre|Water Spout|p1a: Farigiraf|[spread] p1a,p1b\n|-resisted|p1b: Miraidon\n|-damage|p1a: Farigiraf|0 fnt\n|-damage|p1b: Miraidon|0 fnt\n|faint|p1a: Farigiraf\n|faint|p1b: Miraidon\n|\n|-weather|RainDance|[upkeep]\n|upkeep\n|\n|t:|1718503399\n|switch|p1b: Ursaluna|Ursaluna-Bloodmoon, L50, M|100\/100\n|turn|5\n|\n|t:|1718503404\n|move|p1b: Ursaluna|Protect|p1b: Ursaluna\n|-singleturn|p1b: Ursaluna|Protect\n|move|p2a: Kyogre|Water Spout|p1b: Ursaluna\n|-activate|p1b: Ursaluna|move: Protect\n|move|p2b: Tornadus|Bleakwind Storm|p1b: Ursaluna\n|-activate|p1b: Ursaluna|move: Protect\n|\n|-weather|none\n|-fieldend|move: Trick Room\n|upkeep\n|turn|6\n|-message|TheOnlyFizzo forfeited.\n|\n|win|Krisuerte\n|raw|TheOnlyFizzo's rating: 1712 &rarr; <strong>1695<\/strong><br \/>(-17 for losing)\n|raw|Krisuerte's rating: 1769 &rarr; <strong>1786<\/strong><br \/>(+17 for winning)\n|l|\u2606TheOnlyFizzo\n|player|p1|\n|l|\u2606Krisuerte\n|player|p2|\n|l| Liboire1\n|l| Luxraykeeper\n|j| Liboire1\n|l| THUNDERSND77\n|l| Liboire1\n","uploadtime":1718503654,"views":32,"formatid":"gen9vgc2024regg","rating":1695,"private":0,"password":null}