{"id":"gen9vgc2024regg-2144860842","format":"[Gen 9] VGC 2024 Reg G","players":["Bef6","bluestraggler01"],"log":"|j|\u2606Bef6\n|j|\u2606bluestraggler01\n|t:|1718619024\n|gametype|doubles\n|player|p1|Bef6|lucas|1726\n|player|p2|bluestraggler01|265|1773\n|teamsize|p1|6\n|teamsize|p2|6\n|gen|9\n|tier|[Gen 9] VGC 2024 Reg G\n|rated|\n|rule|Species Clause: Limit one of each Pok\u00e9mon\n|rule|Item Clause: Limit one of each item\n|clearpoke\n|poke|p1|Calyrex-Ice, L50|\n|poke|p1|Ursaluna-Bloodmoon, L50, M|\n|poke|p1|Smeargle, L50, M|\n|poke|p1|Farigiraf, L50, M|\n|poke|p1|Annihilape, L50, M|\n|poke|p1|Electabuzz, L50, M|\n|poke|p2|Groudon, L50|\n|poke|p2|Gouging Fire, L50|\n|poke|p2|Entei, L50|\n|poke|p2|Brute Bonnet, L50|\n|poke|p2|Whimsicott, L50, F|\n|poke|p2|Walking Wake, L50|\n|teampreview|4\n|inactive|Battle timer is ON: inactive players will automatically lose when time's up. (requested by Bef6)\n|\n|t:|1718619089\n|start\n|switch|p1a: Calyrex|Calyrex-Ice, L50|100\/100\n|switch|p1b: Smeargle|Smeargle, L50, M|100\/100\n|switch|p2a: Brute Bonnet|Brute Bonnet, L50|100\/100\n|switch|p2b: Entei|Entei, L50|100\/100\n|-ability|p1a: Calyrex|As One\n|-ability|p1a: Calyrex|Unnerve\n|turn|1\n|inactive|Bef6 has 30 seconds left.\n|inactive|Bef6 has 20 seconds left.\n|\n|t:|1718619128\n|move|p1b: Smeargle|Follow Me|p1b: Smeargle\n|-singleturn|p1b: Smeargle|move: Follow Me\n|move|p2b: Entei|Stone Edge|p1b: Smeargle\n|-damage|p1b: Smeargle|31\/100\n|move|p1a: Calyrex|Glacial Lance|p2b: Entei|[spread] p2a,p2b\n|-supereffective|p2a: Brute Bonnet\n|-resisted|p2b: Entei\n|-damage|p2a: Brute Bonnet|23\/100\n|-damage|p2b: Entei|70\/100\n|move|p2a: Brute Bonnet|Taunt|p1b: Smeargle\n|-start|p1b: Smeargle|move: Taunt\n|\n|upkeep\n|turn|2\n|inactive|bluestraggler01 has 30 seconds left.\n|\n|t:|1718619157\n|switch|p2b: Gouging Fire|Gouging Fire, L50|100\/100\n|-enditem|p2b: Gouging Fire|Booster Energy\n|-activate|p2b: Gouging Fire|ability: Protosynthesis|[fromitem]\n|-start|p2b: Gouging Fire|protosynthesisspe\n|switch|p1b: Electabuzz|Electabuzz, L50, M|100\/100\n|-terastallize|p2a: Brute Bonnet|Water\n|move|p1a: Calyrex|Protect|p1a: Calyrex\n|-singleturn|p1a: Calyrex|Protect\n|move|p2a: Brute Bonnet|Spore|p1a: Calyrex\n|-activate|p1a: Calyrex|move: Protect\n|\n|upkeep\n|turn|3\n|inactive|Bef6 has 30 seconds left.\n|inactive|Bef6 has 20 seconds left.\n|inactive|Bef6 has 15 seconds left.\n|\n|t:|1718619198\n|-end|p2a: Brute Bonnet|Protosynthesis|[silent]\n|switch|p2a: Groudon|Groudon, L50|100\/100\n|-weather|SunnyDay|[from] ability: Drought|[of] p2a: Groudon\n|-terastallize|p1a: Calyrex|Fire\n|move|p2b: Gouging Fire|Flare Blitz|p1a: Calyrex\n|-resisted|p1a: Calyrex\n|-damage|p1a: Calyrex|79\/100\n|-damage|p2b: Gouging Fire|93\/100|[from] Recoil\n|move|p1b: Electabuzz|Volt Switch|p2a: Groudon\n|-immune|p2a: Groudon\n|move|p1a: Calyrex|Trick Room|p1a: Calyrex\n|-fieldstart|move: Trick Room|[of] p1a: Calyrex\n|\n|-weather|SunnyDay|[upkeep]\n|upkeep\n|turn|4\n|inactive|bluestraggler01 has 30 seconds left.\n|\n|t:|1718619228\n|switch|p1b: Smeargle|Smeargle, L50, M|31\/100\n|move|p1a: Calyrex|Protect|p1a: Calyrex\n|-singleturn|p1a: Calyrex|Protect\n|move|p2a: Groudon|Precipice Blades|p1b: Smeargle|[spread] \n|-activate|p1a: Calyrex|move: Protect\n|-miss|p2a: Groudon|p1b: Smeargle\n|move|p2b: Gouging Fire|Flare Blitz|p1a: Calyrex\n|-activate|p1a: Calyrex|move: Protect\n|\n|-weather|SunnyDay|[upkeep]\n|upkeep\n|turn|5\n|inactive|bluestraggler01 has 30 seconds left.\n|inactive|bluestraggler01 has 20 seconds left.\n|\n|t:|1718619265\n|move|p1b: Smeargle|Decorate|p1a: Calyrex\n|-boost|p1a: Calyrex|atk|2\n|-boost|p1a: Calyrex|spa|2\n|move|p1a: Calyrex|Glacial Lance|p2a: Groudon|[spread] p2a,p2b\n|-supereffective|p2a: Groudon\n|-damage|p2a: Groudon|0 fnt\n|-damage|p2b: Gouging Fire|6\/100\n|faint|p2a: Groudon\n|-ability|p1a: Calyrex|Chilling Neigh|boost\n|-boost|p1a: Calyrex|atk|1\n|move|p2b: Gouging Fire|Flare Blitz|p1a: Calyrex\n|-resisted|p1a: Calyrex\n|-damage|p1a: Calyrex|56\/100\n|-damage|p2b: Gouging Fire|0 fnt|[from] Recoil\n|faint|p2b: Gouging Fire\n|-end|p2b: Gouging Fire|Protosynthesis|[silent]\n|\n|-weather|SunnyDay|[upkeep]\n|upkeep\n|-message|bluestraggler01 forfeited.\n|\n|win|Bef6\n|raw|Bef6's rating: 1726 &rarr; <strong>1749<\/strong><br \/>(+23 for winning)\n|raw|bluestraggler01's rating: 1773 &rarr; <strong>1750<\/strong><br \/>(-23 for losing)\n|l|\u2606Bef6\n|player|p1|\n","uploadtime":1718619464,"views":88,"formatid":"gen9vgc2024regg","rating":1749,"private":0,"password":null}