{"id":"gen9vgc2024regg-2144240545","format":"[Gen 9] VGC 2024 Reg G","players":["Therazer456","Tempest brute"],"log":"|j|\u2606Therazer456\n|j|\u2606Tempest brute\n|t:|1718525508\n|gametype|doubles\n|player|p1|Therazer456|ghetsis|1802\n|player|p2|Tempest brute|102|1732\n|teamsize|p1|6\n|teamsize|p2|6\n|gen|9\n|tier|[Gen 9] VGC 2024 Reg G\n|rated|\n|rule|Species Clause: Limit one of each Pok\u00e9mon\n|rule|Item Clause: Limit one of each item\n|clearpoke\n|poke|p1|Calyrex-Ice, L50|\n|poke|p1|Porygon2, L50|\n|poke|p1|Raging Bolt, L50|\n|poke|p1|Incineroar, L50, M|\n|poke|p1|Iron Jugulis, L50|\n|poke|p1|Amoonguss, L50, F|\n|poke|p2|Lunala, L50|\n|poke|p2|Roaring Moon, L50|\n|poke|p2|Entei, L50|\n|poke|p2|Ogerpon-Wellspring, L50, F|\n|poke|p2|Iron Hands, L50|\n|poke|p2|Ursaluna-Bloodmoon, L50, M|\n|teampreview|4\n|\n|t:|1718525552\n|start\n|switch|p1a: Duck Mark 2|Porygon2, L50, shiny|100\/100\n|switch|p1b: Orion|Incineroar, L50, M, shiny|100\/100\n|switch|p2a: Entei|Entei, L50|100\/100\n|switch|p2b: Ursaluna|Ursaluna-Bloodmoon, L50, M|100\/100\n|-ability|p1b: Orion|Intimidate|boost\n|-fail|p2a: Entei|unboost|Attack|[from] ability: Inner Focus|[of] p2a: Entei\n|-unboost|p2b: Ursaluna|atk|1\n|-ability|p1a: Duck Mark 2|Download|boost\n|-boost|p1a: Duck Mark 2|spa|1\n|turn|1\n|\n|t:|1718525566\n|-terastallize|p2b: Ursaluna|Normal\n|move|p2a: Entei|Snarl|p1b: Orion|[spread] p1a,p1b\n|-resisted|p1b: Orion\n|-damage|p1a: Duck Mark 2|96\/100\n|-damage|p1b: Orion|97\/100\n|-unboost|p1a: Duck Mark 2|spa|1\n|-unboost|p1b: Orion|spa|1\n|move|p1b: Orion|Parting Shot|p2a: Entei\n|-unboost|p2a: Entei|atk|1\n|-unboost|p2a: Entei|spa|1\n|\n|t:|1718525571\n|switch|p1b: California|Raging Bolt, L50|100\/100|[from] Parting Shot\n|move|p1a: Duck Mark 2|Ice Beam|p2b: Ursaluna\n|-damage|p2b: Ursaluna|74\/100\n|move|p2b: Ursaluna|Blood Moon|p1b: California\n|-damage|p1b: California|40\/100\n|\n|upkeep\n|turn|2\n|\n|t:|1718525602\n|-end|p1b: California|Protosynthesis|[silent]\n|switch|p1b: Orion|Incineroar, L50, M, shiny|97\/100\n|-ability|p1b: Orion|Intimidate|boost\n|-fail|p2a: Entei|unboost|Attack|[from] ability: Inner Focus|[of] p2a: Entei\n|-unboost|p2b: Ursaluna|atk|1\n|move|p2a: Entei|Snarl|p1a: Duck Mark 2|[spread] p1a,p1b\n|-crit|p1a: Duck Mark 2\n|-resisted|p1b: Orion\n|-damage|p1a: Duck Mark 2|88\/100\n|-damage|p1b: Orion|95\/100\n|-unboost|p1a: Duck Mark 2|spa|1\n|-unboost|p1b: Orion|spa|1\n|move|p1a: Duck Mark 2|Tera Blast|p2b: Ursaluna\n|-damage|p2b: Ursaluna|52\/100\n|move|p2b: Ursaluna|Hyper Voice|p1a: Duck Mark 2|[spread] p1a,p1b\n|-damage|p1a: Duck Mark 2|58\/100\n|-damage|p1b: Orion|50\/100\n|\n|upkeep\n|turn|3\n|\n|t:|1718525636\n|move|p2a: Entei|Snarl|p1b: Orion|[spread] p1a,p1b\n|-resisted|p1b: Orion\n|-damage|p1a: Duck Mark 2|55\/100\n|-damage|p1b: Orion|48\/100\n|-unboost|p1a: Duck Mark 2|spa|1\n|-unboost|p1b: Orion|spa|1\n|move|p1b: Orion|Knock Off|p2b: Ursaluna\n|-damage|p2b: Ursaluna|19\/100\n|-enditem|p2b: Ursaluna|Safety Goggles|[from] move: Knock Off|[of] p1b: Orion\n|move|p1a: Duck Mark 2|Recover|p1a: Duck Mark 2\n|-heal|p1a: Duck Mark 2|100\/100\n|move|p2b: Ursaluna|Blood Moon|p1b: Orion\n|-damage|p1b: Orion|0 fnt\n|faint|p1b: Orion\n|\n|upkeep\n|\n|t:|1718525650\n|switch|p1b: Wreath|Calyrex-Ice, L50|100\/100\n|-ability|p1b: Wreath|As One\n|-ability|p1b: Wreath|Unnerve\n|turn|4\n|inactive|Battle timer is ON: inactive players will automatically lose when time's up. (requested by Therazer456)\n|\n|t:|1718525709\n|-terastallize|p1b: Wreath|Fire\n|move|p2a: Entei|Sacred Fire|p1b: Wreath\n|-resisted|p1b: Wreath\n|-damage|p1b: Wreath|92\/100\n|move|p1a: Duck Mark 2|Tera Blast|p2b: Ursaluna\n|-damage|p2b: Ursaluna|3\/100\n|move|p2b: Ursaluna|Hyper Voice|p1a: Duck Mark 2|[spread] p1a,p1b\n|-damage|p1a: Duck Mark 2|70\/100\n|-damage|p1b: Wreath|60\/100\n|move|p1b: Wreath|Trick Room|p1b: Wreath\n|-fieldstart|move: Trick Room|[of] p1b: Wreath\n|\n|upkeep\n|turn|5\n|\n|t:|1718525725\n|switch|p1a: California|Raging Bolt, L50|40\/100\n|switch|p2a: Lunala|Lunala, L50|100\/100\n|move|p2b: Ursaluna|Protect|p2b: Ursaluna\n|-singleturn|p2b: Ursaluna|Protect\n|move|p1b: Wreath|Glacial Lance|p2b: Ursaluna|[spread] p2a\n|-activate|p2b: Ursaluna|move: Protect\n|-damage|p2a: Lunala|84\/100\n|\n|-heal|p2a: Lunala|90\/100|[from] item: Leftovers\n|upkeep\n|turn|6\n|inactive|Tempest brute has 30 seconds left.\n|\n|t:|1718525755\n|switch|p2b: Iron Hands|Iron Hands, L50|100\/100\n|move|p2a: Lunala|Protect|p2a: Lunala\n|-singleturn|p2a: Lunala|Protect\n|move|p1b: Wreath|High Horsepower|p2b: Iron Hands\n|-supereffective|p2b: Iron Hands\n|-damage|p2b: Iron Hands|55\/100\n|move|p1a: California|Snarl|p2b: Iron Hands|[spread] p2b\n|-activate|p2a: Lunala|move: Protect\n|-resisted|p2b: Iron Hands\n|-damage|p2b: Iron Hands|50\/100\n|-unboost|p2b: Iron Hands|spa|1\n|\n|-heal|p2a: Lunala|96\/100|[from] item: Leftovers\n|upkeep\n|turn|7\n|\n|t:|1718525776\n|move|p2b: Iron Hands|Fake Out|p1b: Wreath\n|-damage|p1b: Wreath|52\/100\n|cant|p1b: Wreath|flinch\n|move|p1a: California|Draco Meteor|p2b: Iron Hands\n|-damage|p2b: Iron Hands|8\/100\n|-unboost|p1a: California|spa|2\n|move|p2a: Lunala|Moongeist Beam|p1b: Wreath\n|-damage|p1b: Wreath|26\/100\n|\n|-heal|p2a: Lunala|100\/100|[from] item: Leftovers\n|upkeep\n|turn|8\n|\n|t:|1718525796\n|-end|p1a: California|Protosynthesis|[silent]\n|switch|p1a: Duck Mark 2|Porygon2, L50, shiny|70\/100\n|-ability|p1a: Duck Mark 2|Download|boost\n|-boost|p1a: Duck Mark 2|atk|1\n|move|p1b: Wreath|Glacial Lance|p2b: Iron Hands|[spread] p2a,p2b\n|-crit|p2b: Iron Hands\n|-damage|p2a: Lunala|82\/100\n|-damage|p2b: Iron Hands|0 fnt\n|faint|p2b: Iron Hands\n|-end|p2b: Iron Hands|Quark Drive|[silent]\n|-ability|p1b: Wreath|Chilling Neigh|boost\n|-boost|p1b: Wreath|atk|1\n|move|p2a: Lunala|Moongeist Beam|p1b: Wreath\n|-damage|p1b: Wreath|0 fnt\n|faint|p1b: Wreath\n|\n|-heal|p2a: Lunala|88\/100|[from] item: Leftovers\n|-fieldend|move: Trick Room\n|upkeep\n|inactive|Tempest brute has 30 seconds left.\n|inactive|Tempest brute has 20 seconds left.\n|j| bloodcurseuk\n|inactive|Tempest brute has 15 seconds left.\n|inactive|Tempest brute has 10 seconds left.\n|inactive|Tempest brute has 5 seconds left.\n|\n|t:|1718525851\n|switch|p2b: Entei|Entei, L50|100\/100\n|switch|p1b: California|Raging Bolt, L50|40\/100\n|turn|9\n|inactive|Tempest brute has 30 seconds left.\n|inactive|Tempest brute has 20 seconds left.\n|inactive|Tempest brute has 15 seconds left.\n|\n|t:|1718525892\n|move|p2b: Entei|Stomping Tantrum|p1b: California\n|-supereffective|p1b: California\n|-crit|p1b: California\n|-damage|p1b: California|0 fnt\n|faint|p1b: California\n|-end|p1b: California|Protosynthesis|[silent]\n|move|p2a: Lunala|Moongeist Beam|p1a: Duck Mark 2\n|-immune|p1a: Duck Mark 2\n|move|p1a: Duck Mark 2|Tera Blast|p2b: Entei\n|-damage|p2b: Entei|83\/100\n|\n|-heal|p2a: Lunala|94\/100|[from] item: Leftovers\n|upkeep\n|turn|10\n|\n|t:|1718525906\n|move|p2b: Entei|Snarl|p1a: Duck Mark 2\n|-damage|p1a: Duck Mark 2|63\/100\n|-unboost|p1a: Duck Mark 2|spa|1\n|move|p2a: Lunala|Will-O-Wisp|p1a: Duck Mark 2\n|-status|p1a: Duck Mark 2|brn\n|move|p1a: Duck Mark 2|Tera Blast|p2b: Entei\n|-damage|p2b: Entei|69\/100\n|\n|-heal|p2a: Lunala|99\/100|[from] item: Leftovers\n|-damage|p1a: Duck Mark 2|57\/100 brn|[from] brn\n|upkeep\n|turn|11\n|-message|Therazer456 forfeited.\n|\n|win|Tempest brute\n|raw|Therazer456's rating: 1802 &rarr; <strong>1778<\/strong><br \/>(-24 for losing)\n|raw|Tempest brute's rating: 1732 &rarr; <strong>1756<\/strong><br \/>(+24 for winning)\n|l|\u2606Therazer456\n|player|p1|\n|l| bloodcurseuk\n","uploadtime":1718526094,"views":94,"formatid":"gen9vgc2024regg","rating":1756,"private":0,"password":null}