{"id":"gen9vgc2024regg-2144801700","format":"[Gen 9] VGC 2024 Reg G","players":["player11111","rongyin1"],"log":"|j|\u2606player11111\n|j|\u2606rongyin1\n|t:|1718607529\n|gametype|doubles\n|player|p1|player11111|serena-masters|1724\n|player|p2|rongyin1|dawn|1665\n|teamsize|p1|6\n|teamsize|p2|6\n|gen|9\n|tier|[Gen 9] VGC 2024 Reg G\n|rated|\n|rule|Species Clause: Limit one of each Pok\u00e9mon\n|rule|Item Clause: Limit one of each item\n|clearpoke\n|poke|p1|Groudon, L50|\n|poke|p1|Flutter Mane, L50|\n|poke|p1|Rillaboom, L50, M|\n|poke|p1|Iron Crown, L50|\n|poke|p1|Chi-Yu, L50|\n|poke|p1|Ogerpon-Hearthflame, L50, F|\n|poke|p2|Calyrex-Shadow, L50|\n|poke|p2|Regigigas, L50|\n|poke|p2|Iron Hands, L50|\n|poke|p2|Amoonguss, L50, M|\n|poke|p2|Weezing-Galar, L50, F|\n|poke|p2|Sableye, L50, M|\n|teampreview|4\n|inactive|Battle timer is ON: inactive players will automatically lose when time's up. (requested by rongyin1)\n|\n|t:|1718607580\n|start\n|switch|p1a: Chi-Yu|Chi-Yu, L50|100\/100\n|switch|p1b: Flutter Mane|Flutter Mane, L50|100\/100\n|switch|p2a: Regigigas|Regigigas, L50|100\/100\n|switch|p2b: Weezing|Weezing-Galar, L50, F|100\/100\n|-ability|p2b: Weezing|Neutralizing Gas\n|turn|1\n|\n|t:|1718607596\n|-terastallize|p1a: Chi-Yu|Ghost\n|move|p2b: Weezing|Protect|p2b: Weezing\n|-singleturn|p2b: Weezing|Protect\n|move|p1a: Chi-Yu|Heat Wave|p2a: Regigigas|[spread] p2a\n|-activate|p2b: Weezing|move: Protect\n|-damage|p2a: Regigigas|67\/100\n|move|p1b: Flutter Mane|Moonblast|p2a: Regigigas\n|-damage|p2a: Regigigas|28\/100\n|move|p2a: Regigigas|High Horsepower|p1a: Chi-Yu\n|-damage|p1a: Chi-Yu|51\/100\n|\n|upkeep\n|turn|2\n|inactive|rongyin1 has 30 seconds left.\n|\n|t:|1718607626\n|move|p1a: Chi-Yu|Heat Wave|p2b: Weezing|[spread] p2a,p2b\n|-damage|p2a: Regigigas|0 fnt\n|-damage|p2b: Weezing|62\/100\n|faint|p2a: Regigigas\n|-end|p2a: Regigigas|Slow Start|[silent]\n|move|p1b: Flutter Mane|Shadow Ball|p2b: Weezing\n|-damage|p2b: Weezing|26\/100\n|move|p2b: Weezing|Sludge Bomb|p1b: Flutter Mane\n|-damage|p1b: Flutter Mane|73\/100\n|\n|-heal|p2b: Weezing|32\/100|[from] item: Leftovers\n|upkeep\n|\n|t:|1718607638\n|switch|p2a: Calyrex|Calyrex-Shadow, L50|100\/100\n|-ability|p2a: Calyrex|As One\n|-ability|p2a: Calyrex|Unnerve\n|turn|3\n|\n|t:|1718607661\n|switch|p1a: Rillaboom|Rillaboom, L50, M|100\/100\n|-terastallize|p2a: Calyrex|Fairy\n|move|p1b: Flutter Mane|Protect|p1b: Flutter Mane\n|-singleturn|p1b: Flutter Mane|Protect\n|move|p2b: Weezing|Protect|p2b: Weezing\n|-singleturn|p2b: Weezing|Protect\n|move|p2a: Calyrex|Astral Barrage|p1a: Rillaboom|[spread] p1a\n|-activate|p1b: Flutter Mane|move: Protect\n|-damage|p1a: Rillaboom|60\/100\n|\n|-heal|p2b: Weezing|38\/100|[from] item: Leftovers\n|upkeep\n|turn|4\n|\n|t:|1718607683\n|move|p2a: Calyrex|Protect|p2a: Calyrex\n|-singleturn|p2a: Calyrex|Protect\n|move|p1b: Flutter Mane|Shadow Ball|p2b: Weezing\n|-damage|p2b: Weezing|1\/100\n|move|p1a: Rillaboom|U-turn|p2b: Weezing\n|-resisted|p2b: Weezing\n|-damage|p2b: Weezing|0 fnt\n|faint|p2b: Weezing\n|-end|p2b: Weezing|ability: Neutralizing Gas\n|-fieldstart|move: Grassy Terrain|[from] ability: Grassy Surge|[of] p1a: Rillaboom\n|\n|t:|1718607692\n|switch|p1a: Groudon|Groudon, L50|100\/100|[from] U-turn\n|-weather|SunnyDay|[from] ability: Drought|[of] p1a: Groudon\n|-activate|p1b: Flutter Mane|ability: Protosynthesis\n|-start|p1b: Flutter Mane|protosynthesisspe\n|\n|-weather|SunnyDay|[upkeep]\n|-heal|p1b: Flutter Mane|79\/100|[from] Grassy Terrain\n|upkeep\n|\n|t:|1718607700\n|switch|p2b: Sableye|Sableye, L50, M|100\/100\n|turn|5\n|\n|t:|1718607719\n|move|p1b: Flutter Mane|Protect|p1b: Flutter Mane\n|-singleturn|p1b: Flutter Mane|Protect\n|move|p2a: Calyrex|Astral Barrage|p1b: Flutter Mane|[spread] p1a\n|-activate|p1b: Flutter Mane|move: Protect\n|-damage|p1a: Groudon|49\/100\n|move|p1a: Groudon|Heat Crash|p2b: Sableye\n|-damage|p2b: Sableye|18\/100\n|move|p2b: Sableye|Foul Play|p1a: Groudon\n|-damage|p1a: Groudon|13\/100\n|\n|-weather|SunnyDay|[upkeep]\n|-heal|p1b: Flutter Mane|85\/100|[from] Grassy Terrain\n|-heal|p1a: Groudon|19\/100|[from] Grassy Terrain\n|-heal|p2b: Sableye|24\/100|[from] Grassy Terrain\n|upkeep\n|turn|6\n|j| save a g\n|inactive|player11111 has 30 seconds left.\n|inactive|player11111 has 20 seconds left.\n|\n|t:|1718607758\n|move|p2b: Sableye|Encore|p1b: Flutter Mane\n|-start|p1b: Flutter Mane|Encore\n|move|p1b: Flutter Mane|Protect||[still]\n|-fail|p1b: Flutter Mane\n|move|p2a: Calyrex|Astral Barrage|p1a: Groudon|[spread] p1a,p1b\n|-supereffective|p1b: Flutter Mane\n|-damage|p1a: Groudon|0 fnt\n|-damage|p1b: Flutter Mane|0 fnt\n|faint|p1a: Groudon\n|faint|p1b: Flutter Mane\n|-end|p1b: Flutter Mane|Protosynthesis|[silent]\n|-ability|p2a: Calyrex|Grim Neigh|boost\n|-boost|p2a: Calyrex|spa|2\n|\n|-weather|SunnyDay|[upkeep]\n|-heal|p2b: Sableye|30\/100|[from] Grassy Terrain\n|upkeep\n|\n|t:|1718607766\n|switch|p1b: Rillaboom|Rillaboom, L50, M|60\/100\n|switch|p1a: Chi-Yu|Chi-Yu, L50, tera:Ghost|51\/100\n|-ability|p1a: Chi-Yu|Beads of Ruin\n|turn|7\n|inactive|rongyin1 has 30 seconds left.\n|\n|t:|1718607793\n|move|p2a: Calyrex|Protect|p2a: Calyrex\n|-singleturn|p2a: Calyrex|Protect\n|move|p1b: Rillaboom|Fake Out|p2a: Calyrex\n|-activate|p2a: Calyrex|move: Protect\n|move|p1a: Chi-Yu|Heat Wave|p2a: Calyrex|[spread] p2b\n|-activate|p2a: Calyrex|move: Protect\n|-damage|p2b: Sableye|0 fnt\n|faint|p2b: Sableye\n|\n|-weather|SunnyDay|[upkeep]\n|-heal|p1a: Chi-Yu|57\/100|[from] Grassy Terrain\n|-heal|p1b: Rillaboom|66\/100|[from] Grassy Terrain\n|upkeep\n|turn|8\n|\n|t:|1718607805\n|move|p1b: Rillaboom|Grassy Glide|p2a: Calyrex\n|-damage|p2a: Calyrex|61\/100\n|move|p1a: Chi-Yu|Heat Wave|p2a: Calyrex|[miss]\n|-miss|p1a: Chi-Yu|p2a: Calyrex\n|move|p2a: Calyrex|Astral Barrage|p1b: Rillaboom|[spread] p1a,p1b\n|-supereffective|p1a: Chi-Yu\n|-damage|p1a: Chi-Yu|0 fnt\n|-damage|p1b: Rillaboom|0 fnt\n|faint|p1a: Chi-Yu\n|faint|p1b: Rillaboom\n|\n|win|rongyin1\n|raw|player11111's rating: 1724 &rarr; <strong>1701<\/strong><br \/>(-23 for losing)\n|raw|rongyin1's rating: 1665 &rarr; <strong>1688<\/strong><br \/>(+23 for winning)\n|l|\u2606player11111\n|player|p1|\n|l|\u2606rongyin1\n|player|p2|\n","uploadtime":1718607970,"views":16,"formatid":"gen9vgc2024regg","rating":1688,"private":0,"password":null}