{"id":"gen9vgc2024regg-2144001560","format":"[Gen 9] VGC 2024 Reg G","players":["RomanGODra","hockypogo"],"log":"|j|\u2606RomanGODra\n|j|\u2606hockypogo\n|t:|1718487087\n|gametype|doubles\n|player|p1|RomanGODra|waiter-gen4dp|1726\n|player|p2|hockypogo|sabrina|1698\n|teamsize|p1|6\n|teamsize|p2|6\n|gen|9\n|tier|[Gen 9] VGC 2024 Reg G\n|rated|\n|rule|Species Clause: Limit one of each Pok\u00e9mon\n|rule|Item Clause: Limit one of each item\n|clearpoke\n|poke|p1|Terapagos, L50, M|\n|poke|p1|Raging Bolt, L50|\n|poke|p1|Scream Tail, L50|\n|poke|p1|Grimmsnarl, L50, M|\n|poke|p1|Ogerpon-Wellspring, L50, F|\n|poke|p1|Rillaboom, L50, F|\n|poke|p2|Whimsicott, L50, F|\n|poke|p2|Regidrago, L50|\n|poke|p2|Chi-Yu, L50|\n|poke|p2|Zacian-*, L50|\n|poke|p2|Ogerpon-Wellspring, L50, F|\n|poke|p2|Amoonguss, L50, M|\n|teampreview|4\n|inactive|Battle timer is ON: inactive players will automatically lose when time's up. (requested by RomanGODra)\nRomanGODra rejected open team sheets.\n|inactive|hockypogo has 60 seconds left.\n|\n|t:|1718487144\n|start\n|switch|p1a: PAWN|Grimmsnarl, L50, M, shiny|100\/100\n|switch|p1b: KING|Terapagos, L50, M|100\/100\n|switch|p2a: Whimsicott|Whimsicott, L50, F|100\/100\n|switch|p2b: Zacian|Zacian-Crowned, L50|100\/100\n|-activate|p1b: KING|ability: Tera Shift\n|detailschange|p1b: KING|Terapagos-Terastal, L50, M\n|-heal|p1b: KING|100\/100|[silent]\n|-ability|p2b: Zacian|Intrepid Sword|boost\n|-boost|p2b: Zacian|atk|1\n|turn|1\n|inactive|RomanGODra has 30 seconds left.\n|\n|t:|1718487170\n|move|p1a: PAWN|Reflect|p1a: PAWN\n|-sidestart|p1: RomanGODra|Reflect\n|move|p2b: Zacian|Behemoth Blade|p1a: PAWN\n|-supereffective|p1a: PAWN\n|-crit|p1a: PAWN\n|-damage|p1a: PAWN|0 fnt\n|faint|p1a: PAWN\n|move|p2a: Whimsicott|Moonblast|p1b: KING\n|-activate|p1b: KING|ability: Tera Shell\n|-resisted|p1b: KING\n|-damage|p1b: KING|87\/100\n|move|p1b: KING|Calm Mind|p1b: KING\n|-boost|p1b: KING|spa|1\n|-boost|p1b: KING|spd|1\n|\n|upkeep\n|\n|t:|1718487177\n|switch|p1a: QUEEN|Ogerpon-Wellspring, L50, F|100\/100\n|turn|2\n|\n|t:|1718487194\n|-terastallize|p1b: KING|Stellar\n|detailschange|p1b: KING|Terapagos-Stellar, L50, M, tera:Stellar\n|-heal|p1b: KING|90\/100|[silent]\n|move|p1a: QUEEN|Follow Me|p1a: QUEEN\n|-singleturn|p1a: QUEEN|move: Follow Me\n|move|p2a: Whimsicott|Tailwind|p2a: Whimsicott\n|-sidestart|p2: hockypogo|move: Tailwind\n|move|p2b: Zacian|Play Rough|p1a: QUEEN\n|-damage|p1a: QUEEN|41\/100\n|move|p1b: KING|Tera Starstorm|p2b: Zacian|[spread] p2a,p2b\n|-damage|p2a: Whimsicott|16\/100\n|-damage|p2b: Zacian|48\/100\n|\n|upkeep\n|turn|3\n|inactive|hockypogo has 30 seconds left.\n|inactive|hockypogo has 20 seconds left.\n|inactive|hockypogo has 15 seconds left.\n|\n|t:|1718487236\n|move|p2b: Zacian|Protect|p2b: Zacian\n|-singleturn|p2b: Zacian|Protect\n|move|p1a: QUEEN|Spiky Shield|p1a: QUEEN\n|-singleturn|p1a: QUEEN|move: Protect\n|move|p2a: Whimsicott|Moonblast|p1b: KING\n|-damage|p1b: KING|75\/100\n|move|p1b: KING|Tera Starstorm|p2b: Zacian|[spread] p2a\n|-activate|p2b: Zacian|move: Protect\n|-damage|p2a: Whimsicott|0 fnt\n|faint|p2a: Whimsicott\n|\n|upkeep\n|\n|t:|1718487246\n|switch|p2a: Chi-Yu|Chi-Yu, L50|100\/100\n|-ability|p2a: Chi-Yu|Beads of Ruin\n|turn|4\n|\n|t:|1718487261\n|move|p1a: QUEEN|Follow Me|p1a: QUEEN\n|-singleturn|p1a: QUEEN|move: Follow Me\n|move|p2a: Chi-Yu|Heat Wave|p1a: QUEEN|[spread] p1a,p1b\n|-damage|p1a: QUEEN|0 fnt\n|-damage|p1b: KING|54\/100\n|faint|p1a: QUEEN\n|move|p2b: Zacian|Behemoth Blade|p1b: KING\n|-damage|p1b: KING|20\/100\n|move|p1b: KING|Tera Starstorm|p2b: Zacian|[spread] p2a,p2b\n|-damage|p2a: Chi-Yu|30\/100\n|-damage|p2b: Zacian|0 fnt\n|faint|p2b: Zacian\n|\n|upkeep\n|\n|t:|1718487272\n|switch|p2b: Amoonguss|Amoonguss, L50, M|100\/100\n|switch|p1a: BISHOP|Scream Tail, L50, shiny|100\/100\n|-enditem|p1a: BISHOP|Booster Energy\n|-activate|p1a: BISHOP|ability: Protosynthesis|[fromitem]\n|-start|p1a: BISHOP|protosynthesisspe\n|turn|5\n|\n|t:|1718487291\n|move|p1a: BISHOP|Protect|p1a: BISHOP\n|-singleturn|p1a: BISHOP|Protect\n|move|p1b: KING|Protect|p1b: KING\n|-singleturn|p1b: KING|Protect\n|move|p2a: Chi-Yu|Heat Wave|p1a: BISHOP|[spread] \n|-activate|p1a: BISHOP|move: Protect\n|-activate|p1b: KING|move: Protect\n|move|p2b: Amoonguss|Spore|p1a: BISHOP\n|-activate|p1a: BISHOP|move: Protect\n|\n|-sideend|p2: hockypogo|move: Tailwind\n|upkeep\n|turn|6\n|\n|t:|1718487306\n|move|p2b: Amoonguss|Rage Powder|p2b: Amoonguss\n|-singleturn|p2b: Amoonguss|move: Rage Powder\n|move|p1a: BISHOP|Disable|p2b: Amoonguss\n|-start|p2b: Amoonguss|Disable|Rage Powder\n|move|p2a: Chi-Yu|Heat Wave|p1b: KING|[spread] p1b\n|-miss|p2a: Chi-Yu|p1a: BISHOP\n|-damage|p1b: KING|0 fnt\n|faint|p1b: KING\n|\n|upkeep\n|turn|7\n|\n|t:|1718487321\n|move|p1a: BISHOP|Encore|p2b: Amoonguss\n|-start|p2b: Amoonguss|Encore\n|move|p2a: Chi-Yu|Heat Wave|p1a: BISHOP|[miss]\n|-miss|p2a: Chi-Yu|p1a: BISHOP\n|cant|p2b: Amoonguss|Disable|Rage Powder\n|\n|upkeep\n|turn|8\n|\n|t:|1718487329\n|move|p1a: BISHOP|Disable|p2a: Chi-Yu\n|-start|p2a: Chi-Yu|Disable|Heat Wave\n|cant|p2a: Chi-Yu|Disable|Heat Wave\n|-activate|p2b: Amoonguss|move: Struggle\n|move|p2b: Amoonguss|Struggle|p1a: BISHOP\n|-damage|p1a: BISHOP|96\/100\n|-damage|p2b: Amoonguss|75\/100|[from] recoil\n|\n|-sideend|p1: RomanGODra|Reflect\n|upkeep\n|turn|9\n|\n|t:|1718487338\n|move|p1a: BISHOP|Dazzling Gleam|p2a: Chi-Yu|[spread] p2a,p2b\n|-resisted|p2b: Amoonguss\n|-damage|p2a: Chi-Yu|13\/100\n|-damage|p2b: Amoonguss|66\/100\n|-activate|p2a: Chi-Yu|move: Struggle\n|move|p2a: Chi-Yu|Struggle|p1a: BISHOP\n|-damage|p1a: BISHOP|90\/100\n|-damage|p2a: Chi-Yu|0 fnt|[from] recoil\n|faint|p2a: Chi-Yu\n|-activate|p2b: Amoonguss|move: Struggle\n|move|p2b: Amoonguss|Struggle|p1a: BISHOP\n|-damage|p1a: BISHOP|84\/100\n|-damage|p2b: Amoonguss|41\/100|[from] recoil\n|-enditem|p2b: Amoonguss|Sitrus Berry|[eat]\n|-heal|p2b: Amoonguss|66\/100|[from] item: Sitrus Berry\n|\n|-end|p2b: Amoonguss|Encore\n|upkeep\n|turn|10\n|inactive|hockypogo has 30 seconds left.\n|\n|t:|1718487367\n|move|p1a: BISHOP|Protect|p1a: BISHOP\n|-singleturn|p1a: BISHOP|Protect\n|move|p2b: Amoonguss|Sludge Bomb|p1a: BISHOP\n|-activate|p1a: BISHOP|move: Protect\n|\n|-end|p2b: Amoonguss|Disable\n|upkeep\n|turn|11\n|\n|t:|1718487387\n|move|p1a: BISHOP|Disable|p2b: Amoonguss\n|-start|p2b: Amoonguss|Disable|Sludge Bomb\n|move|p2b: Amoonguss|Spore|p1a: BISHOP\n|-status|p1a: BISHOP|slp|[from] move: Spore\n|\n|upkeep\n|turn|12\n|\n|t:|1718487404\n|move|p2b: Amoonguss|Rage Powder|p2b: Amoonguss\n|-singleturn|p2b: Amoonguss|move: Rage Powder\n|cant|p1a: BISHOP|slp\n|\n|upkeep\n|turn|13\n|\n|t:|1718487408\n|move|p2b: Amoonguss|Rage Powder|p2b: Amoonguss\n|-singleturn|p2b: Amoonguss|move: Rage Powder\n|cant|p1a: BISHOP|slp\n|\n|upkeep\n|turn|14\n|\n|t:|1718487415\n|-curestatus|p1a: BISHOP|slp|[msg]\n|move|p1a: BISHOP|Encore|p2b: Amoonguss\n|-start|p2b: Amoonguss|Encore\n|move|p2b: Amoonguss|Rage Powder|p2b: Amoonguss\n|-singleturn|p2b: Amoonguss|move: Rage Powder\n|\n|-end|p2b: Amoonguss|Disable\n|upkeep\n|turn|15\n|\n|t:|1718487424\n|move|p2b: Amoonguss|Rage Powder|p2b: Amoonguss\n|-singleturn|p2b: Amoonguss|move: Rage Powder\n|move|p1a: BISHOP|Dazzling Gleam|p2b: Amoonguss\n|-resisted|p2b: Amoonguss\n|-damage|p2b: Amoonguss|57\/100\n|\n|upkeep\n|turn|16\n|\n|t:|1718487431\n|move|p2b: Amoonguss|Rage Powder|p2b: Amoonguss\n|-singleturn|p2b: Amoonguss|move: Rage Powder\n|move|p1a: BISHOP|Dazzling Gleam|p2b: Amoonguss\n|-resisted|p2b: Amoonguss\n|-damage|p2b: Amoonguss|47\/100\n|\n|-end|p2b: Amoonguss|Encore\n|upkeep\n|turn|17\n|c|\u2606RomanGODra|Gg\n|\n|t:|1718487445\n|move|p1a: BISHOP|Encore|p2b: Amoonguss\n|-start|p2b: Amoonguss|Encore\n|move|p2b: Amoonguss|Rage Powder|p2b: Amoonguss\n|-singleturn|p2b: Amoonguss|move: Rage Powder\n|\n|upkeep\n|turn|18\n|\n|t:|1718487449\n|move|p2b: Amoonguss|Rage Powder|p2b: Amoonguss\n|-singleturn|p2b: Amoonguss|move: Rage Powder\n|move|p1a: BISHOP|Dazzling Gleam|p2b: Amoonguss\n|-resisted|p2b: Amoonguss\n|-damage|p2b: Amoonguss|37\/100\n|\n|upkeep\n|turn|19\n|\n|t:|1718487454\n|move|p2b: Amoonguss|Rage Powder|p2b: Amoonguss\n|-singleturn|p2b: Amoonguss|move: Rage Powder\n|move|p1a: BISHOP|Dazzling Gleam|p2b: Amoonguss\n|-resisted|p2b: Amoonguss\n|-damage|p2b: Amoonguss|28\/100\n|\n|-end|p2b: Amoonguss|Encore\n|upkeep\n|turn|20\n|\n|t:|1718487462\n|move|p2b: Amoonguss|Protect|p2b: Amoonguss\n|-singleturn|p2b: Amoonguss|Protect\n|move|p1a: BISHOP|Encore|p2b: Amoonguss\n|-activate|p2b: Amoonguss|move: Protect\n|\n|upkeep\n|turn|21\n|\n|t:|1718487469\n|move|p1a: BISHOP|Encore|p2b: Amoonguss\n|-start|p2b: Amoonguss|Encore\n|move|p2b: Amoonguss|Protect||[still]\n|-fail|p2b: Amoonguss\n|\n|upkeep\n|turn|22\n|\n|t:|1718487473\n|move|p2b: Amoonguss|Protect|p2b: Amoonguss\n|-singleturn|p2b: Amoonguss|Protect\n|move|p1a: BISHOP|Dazzling Gleam|p2b: Amoonguss\n|-activate|p2b: Amoonguss|move: Protect\n|\n|upkeep\n|turn|23\n|\n|t:|1718487478\n|move|p2b: Amoonguss|Protect|p2b: Amoonguss\n|-singleturn|p2b: Amoonguss|Protect\n|move|p1a: BISHOP|Dazzling Gleam|p2b: Amoonguss\n|-activate|p2b: Amoonguss|move: Protect\n|\n|-end|p2b: Amoonguss|Encore\n|upkeep\n|turn|24\n|\n|t:|1718487490\n|move|p1a: BISHOP|Encore|p2b: Amoonguss\n|-start|p2b: Amoonguss|Encore\n|move|p2b: Amoonguss|Protect||[still]\n|-fail|p2b: Amoonguss\n|\n|upkeep\n|turn|25\n|\n|t:|1718487494\n|move|p2b: Amoonguss|Protect|p2b: Amoonguss\n|-singleturn|p2b: Amoonguss|Protect\n|move|p1a: BISHOP|Dazzling Gleam|p2b: Amoonguss\n|-activate|p2b: Amoonguss|move: Protect\n|\n|upkeep\n|turn|26\n|\n|t:|1718487502\n|move|p2b: Amoonguss|Protect||[still]\n|-fail|p2b: Amoonguss\n|move|p1a: BISHOP|Dazzling Gleam|p2b: Amoonguss\n|-resisted|p2b: Amoonguss\n|-damage|p2b: Amoonguss|19\/100\n|\n|-end|p2b: Amoonguss|Encore\n|upkeep\n|turn|27\n|j| KitsunebiLinne\n|\n|t:|1718487512\n|move|p1a: BISHOP|Protect|p1a: BISHOP\n|-singleturn|p1a: BISHOP|Protect\n|move|p2b: Amoonguss|Spore|p1a: BISHOP\n|-activate|p1a: BISHOP|move: Protect\n|\n|upkeep\n|turn|28\n|inactive|RomanGODra has 30 seconds left.\n|\n|t:|1718487542\n|move|p2b: Amoonguss|Protect|p2b: Amoonguss\n|-singleturn|p2b: Amoonguss|Protect\n|move|p1a: BISHOP|Encore|p2b: Amoonguss\n|-activate|p2b: Amoonguss|move: Protect\n|\n|upkeep\n|turn|29\n|\n|t:|1718487549\n|move|p1a: BISHOP|Encore|p2b: Amoonguss\n|-start|p2b: Amoonguss|Encore\n|move|p2b: Amoonguss|Protect||[still]\n|-fail|p2b: Amoonguss\n|\n|upkeep\n|turn|30\n|\n|t:|1718487553\n|move|p2b: Amoonguss|Protect|p2b: Amoonguss\n|-singleturn|p2b: Amoonguss|Protect\n|move|p1a: BISHOP|Dazzling Gleam|p2b: Amoonguss\n|-activate|p2b: Amoonguss|move: Protect\n|\n|upkeep\n|turn|31\n|\n|t:|1718487559\n|move|p2b: Amoonguss|Protect||[still]\n|-fail|p2b: Amoonguss\n|move|p1a: BISHOP|Disable|p2b: Amoonguss\n|-start|p2b: Amoonguss|Disable|Protect\n|\n|-end|p2b: Amoonguss|Encore\n|upkeep\n|turn|32\n|\n|t:|1718487574\n|move|p1a: BISHOP|Dazzling Gleam|p2b: Amoonguss\n|-resisted|p2b: Amoonguss\n|-damage|p2b: Amoonguss|9\/100\n|move|p2b: Amoonguss|Spore|p1a: BISHOP\n|-status|p1a: BISHOP|slp|[from] move: Spore\n|\n|upkeep\n|turn|33\n|\n|t:|1718487581\n|cant|p1a: BISHOP|slp\n|move|p2b: Amoonguss|Sludge Bomb|p1a: BISHOP\n|-supereffective|p1a: BISHOP\n|-damage|p1a: BISHOP|46\/100 slp\n|\n|upkeep\n|turn|34\n|\n|t:|1718487587\n|cant|p1a: BISHOP|slp\n|move|p2b: Amoonguss|Sludge Bomb|p1a: BISHOP\n|-supereffective|p1a: BISHOP\n|-damage|p1a: BISHOP|9\/100 slp\n|\n|upkeep\n|turn|35\n|\n|t:|1718487595\n|-curestatus|p1a: BISHOP|slp|[msg]\n|move|p1a: BISHOP|Dazzling Gleam|p2b: Amoonguss\n|-resisted|p2b: Amoonguss\n|-damage|p2b: Amoonguss|0 fnt\n|faint|p2b: Amoonguss\n|\n|win|RomanGODra\n|raw|RomanGODra's rating: 1726 &rarr; <strong>1744<\/strong><br \/>(+18 for winning)\n|raw|hockypogo's rating: 1698 &rarr; <strong>1680<\/strong><br \/>(-18 for losing)\n|c|\u2606RomanGODra|Lucky duck\n|l|\u2606hockypogo\n|player|p2|\n|l| KitsunebiLinne\n|l|\u2606RomanGODra\n|player|p1|\n","uploadtime":1718487610,"views":16,"formatid":"gen9vgc2024regg","rating":1680,"private":0,"password":null}