{"id":"gen9vgc2024regg-2144222304","format":"[Gen 9] VGC 2024 Reg G","players":["Tempest brute","ccc2014"],"log":"|j|\u2606Tempest brute\n|j|\u2606ccc2014\n|t:|1718521500\n|gametype|doubles\n|player|p1|Tempest brute|102|1745\n|player|p2|ccc2014|dawn|1769\n|teamsize|p1|6\n|teamsize|p2|6\n|gen|9\n|tier|[Gen 9] VGC 2024 Reg G\n|rated|\n|rule|Species Clause: Limit one of each Pok\u00e9mon\n|rule|Item Clause: Limit one of each item\n|clearpoke\n|poke|p1|Lunala, L50|\n|poke|p1|Roaring Moon, L50|\n|poke|p1|Entei, L50|\n|poke|p1|Ogerpon-Wellspring, L50, F|\n|poke|p1|Iron Hands, L50|\n|poke|p1|Ursaluna-Bloodmoon, L50, M|\n|poke|p2|Urshifu-*, L50, M|\n|poke|p2|Incineroar, L50, M|\n|poke|p2|Rillaboom, L50, M|\n|poke|p2|Tornadus, L50, M|\n|poke|p2|Raging Bolt, L50|\n|poke|p2|Calyrex-Shadow, L50|\n|teampreview|4\n|j| surprise specs\n|\n|t:|1718521557\n|start\n|switch|p1a: Lunala|Lunala, L50|100\/100\n|switch|p1b: Entei|Entei, L50|100\/100\n|switch|p2a: Rillaboom|Rillaboom, L50, M|100\/100\n|switch|p2b: Urshifu|Urshifu-Rapid-Strike, L50, M|100\/100\n|-fieldstart|move: Grassy Terrain|[from] ability: Grassy Surge|[of] p2a: Rillaboom\n|turn|1\n|inactive|Battle timer is ON: inactive players will automatically lose when time's up. (requested by ccc2014)\n|inactive|Tempest brute has 60 seconds left.\n|\n|t:|1718521607\n|switch|p1b: Roaring Moon|Roaring Moon, L50|100\/100\n|-enditem|p1b: Roaring Moon|Booster Energy\n|-activate|p1b: Roaring Moon|ability: Protosynthesis|[fromitem]\n|-start|p1b: Roaring Moon|protosynthesisspe\n|switch|p2a: Raging Bolt|Raging Bolt, L50|100\/100\n|move|p2b: Urshifu|Surging Strikes|p1b: Roaring Moon\n|-resisted|p1b: Roaring Moon\n|-crit|p1b: Roaring Moon\n|-damage|p1b: Roaring Moon|91\/100\n|-resisted|p1b: Roaring Moon\n|-crit|p1b: Roaring Moon\n|-damage|p1b: Roaring Moon|79\/100\n|-resisted|p1b: Roaring Moon\n|-crit|p1b: Roaring Moon\n|-damage|p1b: Roaring Moon|68\/100\n|-hitcount|p1b: Roaring Moon|3\n|move|p1a: Lunala|Will-O-Wisp|p2a: Raging Bolt|[miss]\n|-miss|p1a: Lunala|p2a: Raging Bolt\n|\n|-heal|p1b: Roaring Moon|74\/100|[from] Grassy Terrain\n|upkeep\n|turn|2\n|inactive|ccc2014 has 30 seconds left.\n|j| bloodcurseuk\n|inactive|ccc2014 has 20 seconds left.\n|inactive|ccc2014 has 15 seconds left.\n|\n|t:|1718521647\n|move|p2b: Urshifu|Detect|p2b: Urshifu\n|-singleturn|p2b: Urshifu|Protect\n|move|p1b: Roaring Moon|Knock Off|p2a: Raging Bolt\n|-damage|p2a: Raging Bolt|69\/100\n|-enditem|p2a: Raging Bolt|Magnet|[from] move: Knock Off|[of] p1b: Roaring Moon\n|move|p1a: Lunala|Moongeist Beam|p2a: Raging Bolt\n|-damage|p2a: Raging Bolt|29\/100\n|move|p2a: Raging Bolt|Draco Meteor|p1b: Roaring Moon\n|-supereffective|p1b: Roaring Moon\n|-damage|p1b: Roaring Moon|0 fnt\n|-unboost|p2a: Raging Bolt|spa|2\n|faint|p1b: Roaring Moon\n|-end|p1b: Roaring Moon|Protosynthesis|[silent]\n|\n|-heal|p2a: Raging Bolt|35\/100|[from] Grassy Terrain\n|upkeep\n|inactive|Tempest brute has 30 seconds left.\n|inactive|Tempest brute has 20 seconds left.\n|inactive|Tempest brute has 15 seconds left.\n|inactive|Tempest brute has 10 seconds left.\n|\n|t:|1718521696\n|switch|p1b: Ursaluna|Ursaluna-Bloodmoon, L50, M|100\/100\n|turn|3\n|\n|t:|1718521711\n|-end|p2a: Raging Bolt|Protosynthesis|[silent]\n|switch|p2a: Rillaboom|Rillaboom, L50, M|100\/100\n|move|p2b: Urshifu|Close Combat|p1b: Ursaluna\n|-supereffective|p1b: Ursaluna\n|-damage|p1b: Ursaluna|21\/100\n|-unboost|p2b: Urshifu|def|1\n|-unboost|p2b: Urshifu|spd|1\n|move|p1a: Lunala|Moongeist Beam|p2a: Rillaboom\n|-damage|p2a: Rillaboom|65\/100\n|move|p1b: Ursaluna|Blood Moon|p2b: Urshifu\n|-damage|p2b: Urshifu|0 fnt\n|faint|p2b: Urshifu\n|\n|-heal|p2a: Rillaboom|71\/100|[from] Grassy Terrain\n|-heal|p1b: Ursaluna|27\/100|[from] Grassy Terrain\n|upkeep\n|j| stewpeed\n|inactive|ccc2014 has 30 seconds left.\n|\n|t:|1718521739\n|switch|p2b: Calyrex|Calyrex-Shadow, L50|100\/100\n|-ability|p2b: Calyrex|As One\n|-ability|p2b: Calyrex|Unnerve\n|turn|4\n|j| mmrszk\n|inactive|ccc2014 has 30 seconds left.\n|\n|t:|1718521772\n|-terastallize|p1a: Lunala|Water\n|move|p2a: Rillaboom|Grassy Glide|p1a: Lunala\n|-supereffective|p1a: Lunala\n|-damage|p1a: Lunala|73\/100\n|move|p2b: Calyrex|Psychic|p1b: Ursaluna\n|-damage|p1b: Ursaluna|0 fnt\n|faint|p1b: Ursaluna\n|-ability|p2b: Calyrex|Grim Neigh|boost\n|-boost|p2b: Calyrex|spa|1\n|move|p1a: Lunala|Moongeist Beam|p2b: Calyrex\n|-supereffective|p2b: Calyrex\n|-enditem|p2b: Calyrex|Focus Sash\n|-damage|p2b: Calyrex|1\/100\n|\n|-heal|p2b: Calyrex|7\/100|[from] Grassy Terrain\n|-heal|p1a: Lunala|79\/100|[from] Grassy Terrain\n|-heal|p1a: Lunala|85\/100|[from] item: Leftovers\n|-heal|p2a: Rillaboom|77\/100|[from] Grassy Terrain\n|upkeep\n|\n|t:|1718521787\n|switch|p1b: Entei|Entei, L50|100\/100\n|turn|5\n|\n|t:|1718521803\n|-terastallize|p2b: Calyrex|Ghost\n|move|p1a: Lunala|Protect|p1a: Lunala\n|-singleturn|p1a: Lunala|Protect\n|move|p2a: Rillaboom|Grassy Glide|p1b: Entei\n|-resisted|p1b: Entei\n|-damage|p1b: Entei|83\/100\n|move|p2b: Calyrex|Astral Barrage|p1a: Lunala|[spread] p1b\n|-activate|p1a: Lunala|move: Protect\n|-damage|p1b: Entei|22\/100\n|move|p1b: Entei|Sacred Fire|p2a: Rillaboom\n|-supereffective|p2a: Rillaboom\n|-damage|p2a: Rillaboom|0 fnt\n|faint|p2a: Rillaboom\n|\n|-heal|p2b: Calyrex|14\/100|[from] Grassy Terrain\n|-heal|p1b: Entei|28\/100|[from] Grassy Terrain\n|-heal|p1a: Lunala|91\/100|[from] Grassy Terrain\n|-heal|p1a: Lunala|98\/100|[from] item: Leftovers\n|-fieldend|move: Grassy Terrain\n|upkeep\n|\n|t:|1718521826\n|switch|p2a: Raging Bolt|Raging Bolt, L50|35\/100\n|turn|6\n|\n|t:|1718521846\n|move|p1b: Entei|Extreme Speed|p2a: Raging Bolt\n|-damage|p2a: Raging Bolt|17\/100\n|move|p2b: Calyrex|Astral Barrage|p1b: Entei|[spread] p1a,p1b\n|-damage|p1a: Lunala|30\/100\n|-damage|p1b: Entei|0 fnt\n|faint|p1b: Entei\n|-ability|p2b: Calyrex|Grim Neigh|boost\n|-boost|p2b: Calyrex|spa|1\n|move|p1a: Lunala|Moongeist Beam|p2b: Calyrex\n|-supereffective|p2b: Calyrex\n|-damage|p2b: Calyrex|0 fnt\n|faint|p2b: Calyrex\n|move|p2a: Raging Bolt|Thunderbolt|p1a: Lunala\n|-supereffective|p1a: Lunala\n|-damage|p1a: Lunala|0 fnt\n|faint|p1a: Lunala\n|\n|win|ccc2014\n|raw|Tempest brute's rating: 1745 &rarr; <strong>1726<\/strong><br \/>(-19 for losing)\n|raw|ccc2014's rating: 1769 &rarr; <strong>1788<\/strong><br \/>(+19 for winning)\n|l|\u2606Tempest brute\n|player|p1|\n|l| surprise specs\n|l| mmrszk\n|j| mmrszk\n","uploadtime":1718521883,"views":87,"formatid":"gen9vgc2024regg","rating":1726,"private":0,"password":null}