{"id":"gen9vgc2024regg-2144919998","format":"[Gen 9] VGC 2024 Reg G","players":["trannghiemphu","Glance-Meowstic"],"log":"|j|\u2606trannghiemphu\n|j|\u2606Glance-Meowstic\n|t:|1718628512\n|gametype|doubles\n|player|p1|trannghiemphu|n|1702\n|player|p2|Glance-Meowstic|lillie-z|1674\n|teamsize|p1|6\n|teamsize|p2|6\n|gen|9\n|tier|[Gen 9] VGC 2024 Reg G\n|rated|\n|rule|Species Clause: Limit one of each Pok\u00e9mon\n|rule|Item Clause: Limit one of each item\n|clearpoke\n|poke|p1|Chi-Yu, L50|\n|poke|p1|Calyrex-Shadow, L50|\n|poke|p1|Indeedee-F, L50, F|\n|poke|p1|Urshifu-*, L50, F|\n|poke|p1|Ogerpon-Wellspring, L50, F|\n|poke|p1|Tornadus, L50, M|\n|poke|p2|Gloom, L50, M|\n|poke|p2|Armarouge, L50, F|\n|poke|p2|Indeedee-F, L50, F|\n|poke|p2|Dewgong, L50, F|\n|poke|p2|Ting-Lu, L50|\n|poke|p2|Lunala, L50|\n|teampreview|4\n|inactive|Battle timer is ON: inactive players will automatically lose when time's up. (requested by trannghiemphu)\n|\n|t:|1718628546\n|start\n|switch|p1a: Chi-Yu|Chi-Yu, L50|100\/100\n|switch|p1b: Ogerpon|Ogerpon-Wellspring, L50, F|100\/100\n|switch|p2a: Dewgong|Dewgong, L50, F|100\/100\n|switch|p2b: Lunala|Lunala, L50|100\/100\n|-ability|p1a: Chi-Yu|Beads of Ruin\n|turn|1\n|\n|t:|1718628555\n|move|p2a: Dewgong|Fake Out|p1a: Chi-Yu\n|-damage|p1a: Chi-Yu|92\/100\n|cant|p1a: Chi-Yu|flinch\n|move|p1b: Ogerpon|Horn Leech|p2a: Dewgong\n|-supereffective|p2a: Dewgong\n|-damage|p2a: Dewgong|11\/100\n|move|p2b: Lunala|Meteor Beam||[still]\n|-prepare|p2b: Lunala|Meteor Beam\n|-boost|p2b: Lunala|spa|1\n|-enditem|p2b: Lunala|Power Herb\n|-anim|p2b: Lunala|Meteor Beam|p1a: Chi-Yu\n|-supereffective|p1a: Chi-Yu\n|-damage|p1a: Chi-Yu|0 fnt\n|faint|p1a: Chi-Yu\n|\n|upkeep\n|\n|t:|1718628562\n|switch|p1a: Urshifu|Urshifu, L50, F|100\/100\n|turn|2\n|\n|t:|1718628571\n|-terastallize|p2b: Lunala|Normal\n|move|p2a: Dewgong|Aqua Jet|p1a: Urshifu\n|-damage|p1a: Urshifu|93\/100\n|move|p1a: Urshifu|Wicked Blow|p2a: Dewgong\n|-crit|p2a: Dewgong\n|-damage|p2a: Dewgong|0 fnt\n|faint|p2a: Dewgong\n|move|p1b: Ogerpon|Ivy Cudgel|p2b: Lunala|[anim] Ivy Cudgel Water\n|-damage|p2b: Lunala|74\/100\n|move|p2b: Lunala|Moonblast|p1a: Urshifu\n|-supereffective|p1a: Urshifu\n|-damage|p1a: Urshifu|0 fnt\n|faint|p1a: Urshifu\n|\n|upkeep\n|\n|t:|1718628582\n|switch|p1a: Calyrex|Calyrex-Shadow, L50|100\/100\n|switch|p2a: Indeedee|Indeedee-F, L50, F|100\/100\n|-ability|p1a: Calyrex|As One\n|-ability|p1a: Calyrex|Unnerve\n|-fieldstart|move: Psychic Terrain|[from] ability: Psychic Surge|[of] p2a: Indeedee\n|turn|3\n|\n|t:|1718628592\n|move|p2a: Indeedee|Follow Me|p2a: Indeedee\n|-singleturn|p2a: Indeedee|move: Follow Me\n|move|p1a: Calyrex|Expanding Force|p2a: Indeedee|[spread] p2a,p2b\n|-resisted|p2a: Indeedee\n|-damage|p2a: Indeedee|50\/100\n|-damage|p2b: Lunala|0 fnt\n|faint|p2b: Lunala\n|-ability|p1a: Calyrex|Grim Neigh|boost\n|-boost|p1a: Calyrex|spa|1\n|move|p1b: Ogerpon|Ivy Cudgel|p2a: Indeedee|[anim] Ivy Cudgel Water\n|-damage|p2a: Indeedee|0 fnt\n|faint|p2a: Indeedee\n|\n|upkeep\n|j| chrisqingyu\n|\n|t:|1718628597\n|switch|p2a: Ting-Lu|Ting-Lu, L50|100\/100\n|-ability|p2a: Ting-Lu|Vessel of Ruin\n|turn|4\n|\n|t:|1718628603\n|-terastallize|p1b: Ogerpon|Water\n|detailschange|p1b: Ogerpon|Ogerpon-Wellspring-Tera, L50, F, tera:Water\n|-ability|p1b: Ogerpon|Embody Aspect (Wellspring)|boost\n|-boost|p1b: Ogerpon|spd|1\n|move|p1a: Calyrex|Expanding Force|p2a: Ting-Lu\n|-immune|p2a: Ting-Lu\n|move|p1b: Ogerpon|Ivy Cudgel|p2a: Ting-Lu|[anim] Ivy Cudgel Water\n|-supereffective|p2a: Ting-Lu\n|-damage|p2a: Ting-Lu|12\/100\n|move|p2a: Ting-Lu|Fissure|p1b: Ogerpon\n|-damage|p1b: Ogerpon|0 fnt\n|faint|p1b: Ogerpon\n|-ohko\n|\n|upkeep\n|turn|5\n|c|\u2606trannghiemphu|f\n|\n|t:|1718628618\n|move|p1a: Calyrex|Expanding Force|p2a: Ting-Lu\n|-immune|p2a: Ting-Lu\n|move|p2a: Ting-Lu|Fissure|p1a: Calyrex\n|-damage|p1a: Calyrex|0 fnt\n|faint|p1a: Calyrex\n|-ohko\n|\n|win|Glance-Meowstic\n|raw|trannghiemphu's rating: 1702 &rarr; <strong>1680<\/strong><br \/>(-22 for losing)\n|raw|Glance-Meowstic's rating: 1674 &rarr; <strong>1696<\/strong><br \/>(+22 for winning)\n|l|\u2606trannghiemphu\n|player|p1|\n|c|\u2606Glance-Meowstic|thanks\n","uploadtime":1718628831,"views":31,"formatid":"gen9vgc2024regg","rating":1680,"private":0,"password":null}