{"id":"gen9vgc2024regg-2144858121","format":"[Gen 9] VGC 2024 Reg G","players":["rebornrhyme","bluestraggler01"],"log":"|j|\u2606rebornrhyme\n|j|\u2606bluestraggler01\n|t:|1718618497\n|gametype|doubles\n|player|p1|rebornrhyme|roxie|1685\n|player|p2|bluestraggler01|265|1786\n|teamsize|p1|6\n|teamsize|p2|6\n|gen|9\n|tier|[Gen 9] VGC 2024 Reg G\n|rated|\n|rule|Species Clause: Limit one of each Pok\u00e9mon\n|rule|Item Clause: Limit one of each item\n|clearpoke\n|poke|p1|Sableye, L50, F|\n|poke|p1|Groudon, L50|\n|poke|p1|Iron Valiant, L50|\n|poke|p1|Flutter Mane, L50|\n|poke|p1|Incineroar, L50, M|\n|poke|p1|Rillaboom, L50, F|\n|poke|p2|Groudon, L50|\n|poke|p2|Gouging Fire, L50|\n|poke|p2|Entei, L50|\n|poke|p2|Brute Bonnet, L50|\n|poke|p2|Whimsicott, L50, F|\n|poke|p2|Walking Wake, L50|\n|teampreview|4\n|inactive|Battle timer is ON: inactive players will automatically lose when time's up. (requested by rebornrhyme)\nrebornrhyme rejected open team sheets.\n|inactive|bluestraggler01 has 60 seconds left.\n|\n|t:|1718618548\n|start\n|switch|p1a: Iron Valiant|Iron Valiant, L50|100\/100\n|switch|p1b: Sableye|Sableye, L50, F|100\/100\n|switch|p2a: Entei|Entei, L50|100\/100\n|switch|p2b: Groudon|Groudon, L50|100\/100\n|-weather|SunnyDay|[from] ability: Drought|[of] p2b: Groudon\n|turn|1\n|\n|t:|1718618567\n|-terastallize|p2b: Groudon|Fire\n|move|p2a: Entei|Extreme Speed|p1a: Iron Valiant\n|-damage|p1a: Iron Valiant|41\/100\n|move|p1b: Sableye|Gravity|p1b: Sableye\n|-fieldstart|move: Gravity\n|move|p1a: Iron Valiant|Hypnosis|p2b: Groudon\n|-status|p2b: Groudon|slp|[from] move: Hypnosis\n|cant|p2b: Groudon|slp\n|\n|-weather|SunnyDay|[upkeep]\n|upkeep\n|turn|2\n|\n|t:|1718618589\n|-terastallize|p1a: Iron Valiant|Ghost\n|move|p2a: Entei|Extreme Speed|p1a: Iron Valiant\n|-immune|p1a: Iron Valiant\n|move|p1a: Iron Valiant|Hypnosis|p2a: Entei\n|-status|p2a: Entei|slp|[from] move: Hypnosis\n|-curestatus|p2b: Groudon|slp|[msg]\n|move|p2b: Groudon|Precipice Blades|p1b: Sableye|[spread] p1a,p1b\n|-damage|p1a: Iron Valiant|0 fnt\n|-damage|p1b: Sableye|45\/100\n|faint|p1a: Iron Valiant\n|-end|p1a: Iron Valiant|Quark Drive|[silent]\n|-enditem|p1b: Sableye|Eject Button\n|\n|t:|1718618604\n|switch|p1b: Groudon|Groudon, L50|100\/100\n|\n|-weather|SunnyDay|[upkeep]\n|upkeep\n|\n|t:|1718618606\n|switch|p1a: Sableye|Sableye, L50, F|45\/100\n|turn|3\n|\n|t:|1718618611\n|switch|p2a: Whimsicott|Whimsicott, L50, F|100\/100\n|move|p2b: Groudon|Protect|p2b: Groudon\n|-singleturn|p2b: Groudon|Protect\n|move|p1a: Sableye|Fake Out|p2b: Groudon\n|-activate|p2b: Groudon|move: Protect\n|move|p1b: Groudon|Precipice Blades|p2a: Whimsicott|[spread] p2a\n|-activate|p2b: Groudon|move: Protect\n|-resisted|p2a: Whimsicott\n|-damage|p2a: Whimsicott|58\/100\n|\n|-weather|SunnyDay|[upkeep]\n|upkeep\n|turn|4\n|\n|t:|1718618633\n|move|p1a: Sableye|Encore|p2b: Groudon\n|-start|p2b: Groudon|Encore\n|move|p2a: Whimsicott|Moonblast|p1a: Sableye\n|-supereffective|p1a: Sableye\n|-damage|p1a: Sableye|0 fnt\n|faint|p1a: Sableye\n|move|p2b: Groudon|Protect||[still]\n|-fail|p2b: Groudon\n|move|p1b: Groudon|Precipice Blades|p2b: Groudon|[spread] p2a,p2b\n|-resisted|p2a: Whimsicott\n|-supereffective|p2b: Groudon\n|-damage|p2a: Whimsicott|15\/100\n|-damage|p2b: Groudon|27\/100\n|\n|-weather|SunnyDay|[upkeep]\n|upkeep\n|\n|t:|1718618645\n|switch|p1a: Incineroar|Incineroar, L50, M|100\/100\n|-ability|p1a: Incineroar|Intimidate|boost\n|-unboost|p2a: Whimsicott|atk|1\n|-fail|p2b: Groudon|unboost|[from] item: Clear Amulet|[of] p2b: Groudon\n|turn|5\n|\n|t:|1718618651\n|switch|p2a: Entei|Entei, L50|100\/100 slp\n|switch|p2b: Walking Wake|Walking Wake, L50|100\/100\n|-activate|p2b: Walking Wake|ability: Protosynthesis\n|-start|p2b: Walking Wake|protosynthesisspe\n|move|p1a: Incineroar|Fake Out|p2a: Entei\n|-damage|p2a: Entei|86\/100 slp\n|move|p1b: Groudon|Swords Dance|p1b: Groudon\n|-boost|p1b: Groudon|atk|2\n|\n|-weather|none\n|-end|p2b: Walking Wake|Protosynthesis\n|-fieldend|move: Gravity\n|upkeep\n|turn|6\n|\n|t:|1718618671\n|switch|p2a: Groudon|Groudon, L50, tera:Fire|27\/100\n|-weather|SunnyDay|[from] ability: Drought|[of] p2a: Groudon\n|-activate|p2b: Walking Wake|ability: Protosynthesis\n|-start|p2b: Walking Wake|protosynthesisspe\n|move|p2b: Walking Wake|Hydro Steam|p1a: Incineroar\n|-supereffective|p1a: Incineroar\n|-damage|p1a: Incineroar|0 fnt\n|faint|p1a: Incineroar\n|-damage|p2b: Walking Wake|91\/100|[from] item: Life Orb\n|move|p1b: Groudon|Precipice Blades|p2a: Groudon|[spread] p2a,p2b\n|-supereffective|p2a: Groudon\n|-damage|p2a: Groudon|0 fnt\n|-damage|p2b: Walking Wake|0 fnt\n|faint|p2a: Groudon\n|faint|p2b: Walking Wake\n|-end|p2b: Walking Wake|Protosynthesis|[silent]\n|\n|-weather|SunnyDay|[upkeep]\n|upkeep\n|\n|t:|1718618685\n|switch|p2b: Entei|Entei, L50|86\/100 slp\n|switch|p2a: Whimsicott|Whimsicott, L50, F|15\/100\n|turn|7\n|\n|t:|1718618699\n|move|p2a: Whimsicott|Moonblast|p1b: Groudon\n|-damage|p1b: Groudon|66\/100\n|cant|p2b: Entei|slp\n|move|p1b: Groudon|Precipice Blades|p2b: Entei|[spread] p2a,p2b\n|-resisted|p2a: Whimsicott\n|-supereffective|p2b: Entei\n|-damage|p2a: Whimsicott|0 fnt\n|-damage|p2b: Entei|0 fnt\n|faint|p2a: Whimsicott\n|faint|p2b: Entei\n|\n|win|rebornrhyme\n|raw|rebornrhyme's rating: 1685 &rarr; <strong>1711<\/strong><br \/>(+26 for winning)\n|raw|bluestraggler01's rating: 1786 &rarr; <strong>1760<\/strong><br \/>(-26 for losing)\n|l|\u2606rebornrhyme\n|player|p1|\n","uploadtime":1718618907,"views":42,"formatid":"gen9vgc2024regg","rating":1711,"private":0,"password":null}