{"id":"gen9vgc2024regg-2144325823","format":"[Gen 9] VGC 2024 Reg G","players":["Axep91","Tempest brute"],"log":"|j|\u2606Axep91\n|j|\u2606Tempest brute\n|t:|1718542170\n|gametype|doubles\n|player|p1|Axep91|1|1663\n|player|p2|Tempest brute|102|1697\n|teamsize|p1|6\n|teamsize|p2|6\n|gen|9\n|tier|[Gen 9] VGC 2024 Reg G\n|rated|\n|rule|Species Clause: Limit one of each Pok\u00e9mon\n|rule|Item Clause: Limit one of each item\n|clearpoke\n|poke|p1|Terapagos, L50, M|\n|poke|p1|Grimmsnarl, L50, M|\n|poke|p1|Rillaboom, L50, M|\n|poke|p1|Raging Bolt, L50|\n|poke|p1|Smeargle, L50, F|\n|poke|p1|Tornadus, L50, M|\n|poke|p2|Lunala, L50|\n|poke|p2|Roaring Moon, L50|\n|poke|p2|Entei, L50|\n|poke|p2|Ogerpon-Wellspring, L50, F|\n|poke|p2|Iron Hands, L50|\n|poke|p2|Ursaluna-Bloodmoon, L50, M|\n|teampreview|4\nAxep91 has agreed to open team sheets.\n|inactive|Battle timer is ON: inactive players will automatically lose when time's up. (requested by Axep91)\n|\n|t:|1718542200\n|start\n|switch|p1a: Grimmsnarl|Grimmsnarl, L50, M|100\/100\n|switch|p1b: Raging Bolt|Raging Bolt, L50|100\/100\n|switch|p2a: Roaring Moon|Roaring Moon, L50|100\/100\n|switch|p2b: Entei|Entei, L50|100\/100\n|-enditem|p2a: Roaring Moon|Booster Energy\n|-activate|p2a: Roaring Moon|ability: Protosynthesis|[fromitem]\n|-start|p2a: Roaring Moon|protosynthesisspe\n|turn|1\n|\n|t:|1718542218\n|move|p1a: Grimmsnarl|Reflect|p1a: Grimmsnarl\n|-sidestart|p1: Axep91|Reflect\n|move|p2a: Roaring Moon|Substitute|p2a: Roaring Moon\n|-start|p2a: Roaring Moon|Substitute\n|-damage|p2a: Roaring Moon|76\/100\n|move|p2b: Entei|Sacred Fire|p1a: Grimmsnarl\n|-damage|p1a: Grimmsnarl|68\/100\n|move|p1b: Raging Bolt|Calm Mind|p1b: Raging Bolt\n|-boost|p1b: Raging Bolt|spa|1\n|-boost|p1b: Raging Bolt|spd|1\n|\n|upkeep\n|turn|2\n|\n|t:|1718542242\n|move|p1a: Grimmsnarl|Thunder Wave|p2b: Entei\n|-status|p2b: Entei|par\n|move|p2a: Roaring Moon|Knock Off|p1b: Raging Bolt\n|-damage|p1b: Raging Bolt|74\/100\n|-enditem|p1b: Raging Bolt|Leftovers|[from] move: Knock Off|[of] p2a: Roaring Moon\n|move|p1b: Raging Bolt|Dragon Pulse|p2b: Entei\n|-damage|p2b: Entei|62\/100 par\n|move|p2b: Entei|Sacred Fire|p1a: Grimmsnarl\n|-damage|p1a: Grimmsnarl|36\/100\n|\n|upkeep\n|turn|3\n|\n|t:|1718542261\n|move|p2b: Entei|Extreme Speed|p1a: Grimmsnarl\n|-damage|p1a: Grimmsnarl|20\/100\n|move|p1a: Grimmsnarl|Light Screen|p1a: Grimmsnarl\n|-sidestart|p1: Axep91|move: Light Screen\n|move|p2a: Roaring Moon|Acrobatics|p1a: Grimmsnarl\n|-damage|p1a: Grimmsnarl|0 fnt\n|faint|p1a: Grimmsnarl\n|move|p1b: Raging Bolt|Dragon Pulse|p2a: Roaring Moon\n|-supereffective|p2a: Roaring Moon\n|-end|p2a: Roaring Moon|Substitute\n|\n|upkeep\n|\n|t:|1718542272\n|switch|p1a: Smeargle|Smeargle, L50, F|100\/100\n|turn|4\n|j| piplupBOSS\n|\n|t:|1718542284\n|move|p2a: Roaring Moon|Protect|p2a: Roaring Moon\n|-singleturn|p2a: Roaring Moon|Protect\n|move|p1a: Smeargle|Decorate|p1b: Raging Bolt\n|-boost|p1b: Raging Bolt|atk|2\n|-boost|p1b: Raging Bolt|spa|2\n|move|p1b: Raging Bolt|Dragon Pulse|p2b: Entei\n|-damage|p2b: Entei|2\/100 par\n|cant|p2b: Entei|par\n|\n|-ability|p1a: Smeargle|Moody|boost\n|-boost|p1a: Smeargle|spe|2\n|-unboost|p1a: Smeargle|spd|1\n|upkeep\n|turn|5\n|inactive|Axep91 has 30 seconds left.\n|\n|t:|1718542317\n|move|p1a: Smeargle|Decorate|p1b: Raging Bolt\n|-boost|p1b: Raging Bolt|atk|2\n|-boost|p1b: Raging Bolt|spa|2\n|move|p2a: Roaring Moon|Substitute|p2a: Roaring Moon\n|-start|p2a: Roaring Moon|Substitute\n|-damage|p2a: Roaring Moon|51\/100\n|move|p1b: Raging Bolt|Dragon Pulse|p2b: Entei\n|-damage|p2b: Entei|0 fnt\n|faint|p2b: Entei\n|\n|-ability|p1a: Smeargle|Moody|boost\n|-boost|p1a: Smeargle|def|2\n|-unboost|p1a: Smeargle|spa|1\n|upkeep\n|\n|t:|1718542325\n|switch|p2b: Iron Hands|Iron Hands, L50|100\/100\n|turn|6\n|\n|t:|1718542337\n|-terastallize|p2b: Iron Hands|Grass\n|move|p2a: Roaring Moon|Protect|p2a: Roaring Moon\n|-singleturn|p2a: Roaring Moon|Protect\n|move|p1b: Raging Bolt|Thunderclap||[still]\n|-fail|p1b: Raging Bolt\n|move|p1a: Smeargle|Spore|p2b: Iron Hands\n|-immune|p2b: Iron Hands\n|move|p2b: Iron Hands|Whirlwind|p1b: Raging Bolt\n|-end|p1b: Raging Bolt|Protosynthesis|[silent]\n|drag|p1b: Terapagos|Terapagos, L50, M|100\/100\n|-activate|p1b: Terapagos|ability: Tera Shift\n|detailschange|p1b: Terapagos|Terapagos-Terastal, L50, M\n|-heal|p1b: Terapagos|100\/100|[silent]\n|\n|-ability|p1a: Smeargle|Moody|boost\n|-boost|p1a: Smeargle|spe|2\n|-unboost|p1a: Smeargle|atk|1\n|upkeep\n|turn|7\n|\n|t:|1718542360\n|-terastallize|p1b: Terapagos|Stellar\n|detailschange|p1b: Terapagos|Terapagos-Stellar, L50, M, tera:Stellar\n|-heal|p1b: Terapagos|100\/100|[silent]\n|move|p1a: Smeargle|Decorate|p1b: Terapagos\n|-boost|p1b: Terapagos|atk|2\n|-boost|p1b: Terapagos|spa|2\n|move|p2a: Roaring Moon|Knock Off|p1a: Smeargle\n|-damage|p1a: Smeargle|68\/100\n|-enditem|p1a: Smeargle|Focus Sash|[from] move: Knock Off|[of] p2a: Roaring Moon\n|move|p1b: Terapagos|Tera Starstorm|p2b: Iron Hands|[spread] p2a,p2b\n|-end|p2a: Roaring Moon|Substitute\n|-supereffective|p2b: Iron Hands\n|-damage|p2b: Iron Hands|0 fnt\n|faint|p2b: Iron Hands\n|-end|p2b: Iron Hands|Quark Drive|[silent]\n|\n|-ability|p1a: Smeargle|Moody|boost\n|-boost|p1a: Smeargle|def|2\n|-unboost|p1a: Smeargle|atk|1\n|upkeep\n|\n|t:|1718542364\n|switch|p2b: Lunala|Lunala, L50|100\/100\n|turn|8\n|-message|Tempest brute forfeited.\n|\n|win|Axep91\n|raw|Axep91's rating: 1663 &rarr; <strong>1685<\/strong><br \/>(+22 for winning)\n|raw|Tempest brute's rating: 1697 &rarr; <strong>1675<\/strong><br \/>(-22 for losing)\n|l|\u2606Tempest brute\n|player|p2|\n|l|\u2606Axep91\n|player|p1|\n","uploadtime":1718542583,"views":18,"formatid":"gen9vgc2024regg","rating":1675,"private":0,"password":null}