{"id":"gen9vgc2024regg-2144905588","format":"[Gen 9] VGC 2024 Reg G","players":["bluestraggler01","engineervgc"],"log":"|j|\u2606bluestraggler01\n|j|\u2606engineervgc\n|t:|1718626494\n|gametype|doubles\n|player|p1|bluestraggler01|265|1702\n|player|p2|engineervgc|102|1665\n|teamsize|p1|6\n|teamsize|p2|6\n|gen|9\n|tier|[Gen 9] VGC 2024 Reg G\n|rated|\n|rule|Species Clause: Limit one of each Pok\u00e9mon\n|rule|Item Clause: Limit one of each item\n|clearpoke\n|poke|p1|Groudon, L50|\n|poke|p1|Gouging Fire, L50|\n|poke|p1|Entei, L50|\n|poke|p1|Brute Bonnet, L50|\n|poke|p1|Whimsicott, L50, M|\n|poke|p1|Walking Wake, L50|\n|poke|p2|Grimmsnarl, L50, M|\n|poke|p2|Calyrex-Ice, L50|\n|poke|p2|Raging Bolt, L50|\n|poke|p2|Dondozo, L50, M|\n|poke|p2|Ting-Lu, L50|\n|poke|p2|Amoonguss, L50, M|\n|teampreview|4\n|inactive|Battle timer is ON: inactive players will automatically lose when time's up. (requested by bluestraggler01)\nbluestraggler01 rejected open team sheets.\n|j| Hydrion\n|inactive|engineervgc has 60 seconds left.\n|\n|t:|1718626562\n|start\n|switch|p1a: Brute Bonnet|Brute Bonnet, L50|100\/100\n|switch|p1b: Gouging Fire|Gouging Fire, L50|100\/100\n|switch|p2a: Dondozo|Dondozo, L50, M|100\/100\n|switch|p2b: Ting-Lu|Ting-Lu, L50|100\/100\n|-ability|p2b: Ting-Lu|Vessel of Ruin\n|-enditem|p1b: Gouging Fire|Booster Energy\n|-activate|p1b: Gouging Fire|ability: Protosynthesis|[fromitem]\n|-start|p1b: Gouging Fire|protosynthesisspe\n|turn|1\n|\n|t:|1718626576\n|move|p1b: Gouging Fire|Howl|p1b: Gouging Fire|[spread] p1a,p1b\n|-boost|p1a: Brute Bonnet|atk|1\n|-boost|p1b: Gouging Fire|atk|1\n|move|p1a: Brute Bonnet|Spore|p2b: Ting-Lu\n|-status|p2b: Ting-Lu|slp|[from] move: Spore\n|cant|p2b: Ting-Lu|slp\n|move|p2a: Dondozo|Yawn|p1a: Brute Bonnet\n|-start|p1a: Brute Bonnet|move: Yawn|[of] p2a: Dondozo\n|\n|upkeep\n|turn|2\n|\n|t:|1718626597\n|-end|p1a: Brute Bonnet|Protosynthesis|[silent]\n|switch|p1a: Groudon|Groudon, L50|100\/100\n|-weather|SunnyDay|[from] ability: Drought|[of] p1a: Groudon\n|move|p1b: Gouging Fire|Howl|p1b: Gouging Fire|[spread] p1a,p1b\n|-boost|p1a: Groudon|atk|1\n|-boost|p1b: Gouging Fire|atk|1\n|-curestatus|p2b: Ting-Lu|slp|[msg]\n|move|p2b: Ting-Lu|Sand Tomb|p1b: Gouging Fire\n|-supereffective|p1b: Gouging Fire\n|-damage|p1b: Gouging Fire|77\/100\n|-activate|p1b: Gouging Fire|move: Sand Tomb|[of] p2b: Ting-Lu\n|move|p2a: Dondozo|Yawn|p1b: Gouging Fire\n|-start|p1b: Gouging Fire|move: Yawn|[of] p2a: Dondozo\n|\n|-weather|SunnyDay|[upkeep]\n|-damage|p1b: Gouging Fire|64\/100|[from] move: Sand Tomb|[partiallytrapped]\n|upkeep\n|turn|3\n|\n|t:|1718626621\n|move|p2a: Dondozo|Protect|p2a: Dondozo\n|-singleturn|p2a: Dondozo|Protect\n|move|p1b: Gouging Fire|Howl|p1b: Gouging Fire|[spread] p1a,p1b\n|-boost|p1a: Groudon|atk|1\n|-boost|p1b: Gouging Fire|atk|1\n|move|p1a: Groudon|Precipice Blades|p2b: Ting-Lu|[spread] p2b\n|-activate|p2a: Dondozo|move: Protect\n|-damage|p2b: Ting-Lu|47\/100\n|move|p2b: Ting-Lu|Ruination|p1a: Groudon\n|-damage|p1a: Groudon|51\/100\n|\n|-weather|SunnyDay|[upkeep]\n|-damage|p1b: Gouging Fire|52\/100|[from] move: Sand Tomb|[partiallytrapped]\n|-end|p1b: Gouging Fire|move: Yawn|[silent]\n|-status|p1b: Gouging Fire|slp\n|upkeep\n|turn|4\n|inactive|bluestraggler01 has 30 seconds left.\n|inactive|engineervgc has 30 seconds left.\n|\n|t:|1718626649\n|move|p1a: Groudon|Protect|p1a: Groudon\n|-singleturn|p1a: Groudon|Protect\n|cant|p1b: Gouging Fire|slp\n|move|p2b: Ting-Lu|Sand Tomb|p1a: Groudon\n|-activate|p1a: Groudon|move: Protect\n|move|p2a: Dondozo|Yawn|p1a: Groudon\n|-activate|p1a: Groudon|move: Protect\n|\n|-weather|SunnyDay|[upkeep]\n|-damage|p1b: Gouging Fire|40\/100 slp|[from] move: Sand Tomb|[partiallytrapped]\n|upkeep\n|turn|5\n|\n|t:|1718626666\n|cant|p1b: Gouging Fire|slp\n|move|p1a: Groudon|Precipice Blades|p2a: Dondozo|[spread] p2a\n|-miss|p1a: Groudon|p2b: Ting-Lu\n|-damage|p2a: Dondozo|36\/100\n|move|p2b: Ting-Lu|Sand Tomb|p1a: Groudon\n|-damage|p1a: Groudon|39\/100\n|-activate|p1a: Groudon|move: Sand Tomb|[of] p2b: Ting-Lu\n|move|p2a: Dondozo|Yawn|p1a: Groudon\n|-start|p1a: Groudon|move: Yawn|[of] p2a: Dondozo\n|\n|-weather|SunnyDay|[upkeep]\n|-heal|p2a: Dondozo|43\/100|[from] item: Leftovers\n|-damage|p1b: Gouging Fire|28\/100 slp|[from] move: Sand Tomb|[partiallytrapped]\n|-damage|p1a: Groudon|27\/100|[from] move: Sand Tomb|[partiallytrapped]\n|upkeep\n|turn|6\n|\n|t:|1718626686\n|move|p2a: Dondozo|Protect|p2a: Dondozo\n|-singleturn|p2a: Dondozo|Protect\n|-curestatus|p1b: Gouging Fire|slp|[msg]\n|move|p1b: Gouging Fire|Flare Blitz|p2b: Ting-Lu\n|-damage|p2b: Ting-Lu|0 fnt\n|faint|p2b: Ting-Lu\n|-damage|p1b: Gouging Fire|8\/100|[from] Recoil\n|move|p1a: Groudon|Precipice Blades|p2a: Dondozo\n|-activate|p2a: Dondozo|move: Protect\n|\n|-weather|none\n|-heal|p2a: Dondozo|49\/100|[from] item: Leftovers\n|-end|p1b: Gouging Fire|Sand Tomb|[partiallytrapped]\n|-end|p1a: Groudon|Sand Tomb|[partiallytrapped]|[silent]\n|-end|p1a: Groudon|move: Yawn|[silent]\n|-status|p1a: Groudon|slp\n|upkeep\n|\n|t:|1718626694\n|switch|p2b: Calyrex|Calyrex-Ice, L50|100\/100\n|-ability|p2b: Calyrex|As One\n|-ability|p2b: Calyrex|Unnerve\n|turn|7\n|inactive|bluestraggler01 has 30 seconds left.\n|\n|t:|1718626726\n|-terastallize|p2b: Calyrex|Water\n|move|p1b: Gouging Fire|Flare Blitz|p2a: Dondozo\n|-resisted|p2a: Dondozo\n|-damage|p2a: Dondozo|14\/100\n|-damage|p1b: Gouging Fire|0 fnt|[from] Recoil\n|faint|p1b: Gouging Fire\n|-end|p1b: Gouging Fire|Protosynthesis|[silent]\n|cant|p1a: Groudon|slp\n|move|p2a: Dondozo|Wave Crash|p1a: Groudon\n|-supereffective|p1a: Groudon\n|-damage|p1a: Groudon|0 fnt\n|faint|p1a: Groudon\n|-damage|p2a: Dondozo|7\/100|[from] Recoil\n|move|p2b: Calyrex|Trick Room|p2b: Calyrex\n|-fieldstart|move: Trick Room|[of] p2b: Calyrex\n|\n|-heal|p2a: Dondozo|13\/100|[from] item: Leftovers\n|upkeep\n|\n|t:|1718626743\n|switch|p1a: Brute Bonnet|Brute Bonnet, L50|100\/100\n|switch|p1b: Entei|Entei, L50|100\/100\n|turn|8\n|\n|t:|1718626751\n|-terastallize|p1a: Brute Bonnet|Water\n|move|p2b: Calyrex|Protect|p2b: Calyrex\n|-singleturn|p2b: Calyrex|Protect\n|move|p1b: Entei|Extreme Speed|p2a: Dondozo\n|-damage|p2a: Dondozo|0 fnt\n|faint|p2a: Dondozo\n|move|p1a: Brute Bonnet|Spore|p2b: Calyrex\n|-activate|p2b: Calyrex|move: Protect\n|\n|upkeep\n|\n|t:|1718626758\n|switch|p2a: Grimmsnarl|Grimmsnarl, L50, M|100\/100\n|turn|9\n|\n|t:|1718626766\n|move|p1b: Entei|Extreme Speed|p2a: Grimmsnarl\n|-damage|p2a: Grimmsnarl|51\/100\n|move|p2a: Grimmsnarl|Misty Terrain|p2a: Grimmsnarl\n|-fieldstart|move: Misty Terrain\n|move|p2b: Calyrex|High Horsepower|p1b: Entei\n|-supereffective|p1b: Entei\n|-crit|p1b: Entei\n|-damage|p1b: Entei|0 fnt\n|faint|p1b: Entei\n|-ability|p2b: Calyrex|Chilling Neigh|boost\n|-boost|p2b: Calyrex|atk|1\n|move|p1a: Brute Bonnet|Spore|p2b: Calyrex\n|-activate|p2b: Calyrex|move: Misty Terrain\n|\n|upkeep\n|turn|10\n|-message|bluestraggler01 forfeited.\n|\n|win|engineervgc\n|raw|bluestraggler01's rating: 1702 &rarr; <strong>1680<\/strong><br \/>(-22 for losing)\n|raw|engineervgc's rating: 1665 &rarr; <strong>1687<\/strong><br \/>(+22 for winning)\n|l|\u2606bluestraggler01\n|player|p1|\n|l|\u2606engineervgc\n|player|p2|\n","uploadtime":1718627032,"views":24,"formatid":"gen9vgc2024regg","rating":1680,"private":0,"password":null}