{"id":"gen9vgc2024regg-2144536212","format":"[Gen 9] VGC 2024 Reg G","players":["Simreaper","I'll Suicad you"],"log":"|j|\u2606Simreaper\n|j|\u2606I'll Suicad you\n|t:|1718568544\n|gametype|doubles\n|player|p1|Simreaper|102|1656\n|player|p2|I'll Suicad you|lance|1736\n|teamsize|p1|6\n|teamsize|p2|6\n|gen|9\n|tier|[Gen 9] VGC 2024 Reg G\n|rated|\n|rule|Species Clause: Limit one of each Pok\u00e9mon\n|rule|Item Clause: Limit one of each item\n|clearpoke\n|poke|p1|Annihilape, L50, M|\n|poke|p1|Whimsicott, L50, M|\n|poke|p1|Archaludon, L50, M|\n|poke|p1|Amoonguss, L50, F|\n|poke|p1|Kyogre, L50|\n|poke|p1|Mienshao, L50, F|\n|poke|p2|Gothitelle, L50, M|\n|poke|p2|Zacian-*, L50|\n|poke|p2|Tornadus, L50, M|\n|poke|p2|Regidrago, L50|\n|poke|p2|Urshifu-*, L50, M|\n|poke|p2|Chi-Yu, L50|\n|teampreview|4\n|inactive|Battle timer is ON: inactive players will automatically lose when time's up. (requested by Simreaper)\n|\n|t:|1718568576\n|start\n|switch|p1a: Mienshao|Mienshao, L50, F|100\/100\n|switch|p1b: Whimsicott|Whimsicott, L50, M, shiny|100\/100\n|switch|p2a: Zacian|Zacian-Crowned, L50|100\/100\n|switch|p2b: Gothitelle|Gothitelle, L50, M|100\/100\n|-ability|p2a: Zacian|Intrepid Sword|boost\n|-boost|p2a: Zacian|atk|1\n|turn|1\n|inactive|Simreaper has 30 seconds left.\n|\n|t:|1718568607\n|move|p1a: Mienshao|Fake Out|p2a: Zacian\n|-resisted|p2a: Zacian\n|-damage|p2a: Zacian|94\/100\n|move|p1b: Whimsicott|Tailwind|p1b: Whimsicott\n|-sidestart|p1: Simreaper|move: Tailwind\n|cant|p2a: Zacian|flinch\n|move|p2b: Gothitelle|Taunt|p1b: Whimsicott\n|-start|p1b: Whimsicott|move: Taunt\n|\n|upkeep\n|turn|2\n|\n|t:|1718568628\n|move|p2a: Zacian|Protect|p2a: Zacian\n|-singleturn|p2a: Zacian|Protect\n|move|p1b: Whimsicott|Beat Up|p2b: Gothitelle\n|-supereffective|p2b: Gothitelle\n|-damage|p2b: Gothitelle|95\/100\n|-supereffective|p2b: Gothitelle\n|-damage|p2b: Gothitelle|91\/100\n|-supereffective|p2b: Gothitelle\n|-damage|p2b: Gothitelle|87\/100\n|-supereffective|p2b: Gothitelle\n|-damage|p2b: Gothitelle|82\/100\n|-hitcount|p2b: Gothitelle|4\n|move|p1a: Mienshao|Close Combat|p2a: Zacian\n|-activate|p2a: Zacian|move: Protect\n|move|p2b: Gothitelle|Thunder Wave|p1a: Mienshao\n|-status|p1a: Mienshao|par\n|\n|upkeep\n|turn|3\n|inactive|I'll Suicad you has 30 seconds left.\n|\n|t:|1718568662\n|switch|p2b: Tornadus|Tornadus, L50, M|100\/100\n|move|p1b: Whimsicott|Beat Up|p2b: Tornadus\n|-damage|p2b: Tornadus|98\/100\n|-damage|p2b: Tornadus|95\/100\n|-damage|p2b: Tornadus|92\/100\n|-hitcount|p2b: Tornadus|3\n|move|p2a: Zacian|Behemoth Blade|p1b: Whimsicott\n|-supereffective|p1b: Whimsicott\n|-damage|p1b: Whimsicott|0 fnt\n|faint|p1b: Whimsicott\n|move|p1a: Mienshao|Taunt|p2b: Tornadus\n|-start|p2b: Tornadus|move: Taunt\n|\n|upkeep\n|\n|t:|1718568679\n|switch|p1b: Kyogre|Kyogre, L50|100\/100\n|-weather|RainDance|[from] ability: Drizzle|[of] p1b: Kyogre\n|turn|4\n|\n|t:|1718568692\n|switch|p1a: Archaludon|Archaludon, L50, M, shiny|100\/100\n|switch|p2b: Gothitelle|Gothitelle, L50, M|82\/100\n|move|p2a: Zacian|Protect|p2a: Zacian\n|-singleturn|p2a: Zacian|Protect\n|move|p1b: Kyogre|Water Spout|p2b: Gothitelle|[spread] p2b\n|-activate|p2a: Zacian|move: Protect\n|-damage|p2b: Gothitelle|8\/100\n|-enditem|p2b: Gothitelle|Sitrus Berry|[eat]\n|-heal|p2b: Gothitelle|33\/100|[from] item: Sitrus Berry\n|\n|-weather|RainDance|[upkeep]\n|-sideend|p1: Simreaper|move: Tailwind\n|upkeep\n|turn|5\n|\n|t:|1718568714\n|move|p1b: Kyogre|Protect|p1b: Kyogre\n|-singleturn|p1b: Kyogre|Protect\n|move|p2b: Gothitelle|Fake Out|p1b: Kyogre\n|-activate|p1b: Kyogre|move: Protect\n|move|p2a: Zacian|Play Rough|p1b: Kyogre\n|-activate|p1b: Kyogre|move: Protect\n|move|p1a: Archaludon|Electro Shot||[still]\n|-prepare|p1a: Archaludon|Electro Shot\n|-boost|p1a: Archaludon|spa|1\n|-anim|p1a: Archaludon|Electro Shot|p2a: Zacian\n|-damage|p2a: Zacian|39\/100\n|\n|-weather|RainDance|[upkeep]\n|upkeep\n|turn|6\n|\n|t:|1718568735\n|move|p2b: Gothitelle|Helping Hand|p2a: Zacian\n|-singleturn|p2a: Zacian|Helping Hand|[of] p2b: Gothitelle\n|move|p2a: Zacian|Play Rough|p1b: Kyogre\n|-damage|p1b: Kyogre|0 fnt\n|faint|p1b: Kyogre\n|move|p1a: Archaludon|Electro Shot||[still]\n|-prepare|p1a: Archaludon|Electro Shot\n|-boost|p1a: Archaludon|spa|1\n|-anim|p1a: Archaludon|Electro Shot|p2a: Zacian\n|-damage|p2a: Zacian|0 fnt\n|faint|p2a: Zacian\n|\n|-weather|RainDance|[upkeep]\n|upkeep\n|\n|t:|1718568746\n|switch|p2a: Tornadus|Tornadus, L50, M|92\/100\n|switch|p1b: Mienshao|Mienshao, L50, F|100\/100 par\n|turn|7\n|\n|t:|1718568764\n|move|p1b: Mienshao|Fake Out|p2b: Gothitelle\n|-damage|p2b: Gothitelle|17\/100\n|move|p2a: Tornadus|Tailwind|p2a: Tornadus\n|-sidestart|p2: I'll Suicad you|move: Tailwind\n|cant|p2b: Gothitelle|flinch\n|move|p1a: Archaludon|Electro Shot||[still]\n|-prepare|p1a: Archaludon|Electro Shot\n|-boost|p1a: Archaludon|spa|1\n|-anim|p1a: Archaludon|Electro Shot|p2a: Tornadus\n|-supereffective|p2a: Tornadus\n|-damage|p2a: Tornadus|0 fnt\n|faint|p2a: Tornadus\n|\n|-weather|RainDance|[upkeep]\n|upkeep\n|\n|t:|1718568766\n|switch|p2a: Regidrago|Regidrago, L50|100\/100\n|turn|8\n|inactive|Simreaper has 30 seconds left.\n|\n|t:|1718568794\n|-terastallize|p1a: Archaludon|Fairy\n|move|p2a: Regidrago|Protect|p2a: Regidrago\n|-singleturn|p2a: Regidrago|Protect\n|move|p1b: Mienshao|Wide Guard|p1b: Mienshao\n|-singleturn|p1b: Mienshao|Wide Guard\n|move|p2b: Gothitelle|Taunt|p1b: Mienshao\n|-start|p1b: Mienshao|move: Taunt\n|move|p1a: Archaludon|Snarl|p2a: Regidrago|[spread] p2b\n|-activate|p2a: Regidrago|move: Protect\n|-supereffective|p2b: Gothitelle\n|-damage|p2b: Gothitelle|0 fnt\n|faint|p2b: Gothitelle\n|\n|-weather|none\n|upkeep\n|turn|9\n|\n|t:|1718568813\n|-terastallize|p2a: Regidrago|Dragon\n|move|p2a: Regidrago|Dragon Energy|p1a: Archaludon|[spread] p1b\n|-immune|p1a: Archaludon\n|-enditem|p1b: Mienshao|Focus Sash\n|-damage|p1b: Mienshao|1\/100 par\n|move|p1a: Archaludon|Snarl|p2a: Regidrago\n|-damage|p2a: Regidrago|56\/100\n|-unboost|p2a: Regidrago|spa|1\n|cant|p1b: Mienshao|par\n|\n|upkeep\n|turn|10\n|\n|t:|1718568831\n|move|p2a: Regidrago|Dragon Energy|p1a: Archaludon|[spread] p1b\n|-immune|p1a: Archaludon\n|-damage|p1b: Mienshao|0 fnt\n|faint|p1b: Mienshao\n|move|p1a: Archaludon|Snarl|p2a: Regidrago\n|-damage|p2a: Regidrago|11\/100\n|-unboost|p2a: Regidrago|spa|1\n|\n|-sideend|p2: I'll Suicad you|move: Tailwind\n|upkeep\n|turn|11\n|\n|t:|1718568840\n|move|p2a: Regidrago|Dragon Energy|p1a: Archaludon\n|-immune|p1a: Archaludon\n|move|p1a: Archaludon|Body Press|p2a: Regidrago\n|-damage|p2a: Regidrago|0 fnt\n|faint|p2a: Regidrago\n|\n|win|Simreaper\n|raw|Simreaper's rating: 1656 &rarr; <strong>1681<\/strong><br \/>(+25 for winning)\n|raw|I&apos;ll Suicad you's rating: 1736 &rarr; <strong>1711<\/strong><br \/>(-25 for losing)\n|l|\u2606Simreaper\n|player|p1|\n|l|\u2606I'll Suicad you\n|player|p2|\n","uploadtime":1718569019,"views":23,"formatid":"gen9vgc2024regg","rating":1681,"private":0,"password":null}