{"id":"gen9vgc2024regg-2144865143","format":"[Gen 9] VGC 2024 Reg G","players":["ZuguCapretta","bluestraggler01"],"log":"|j|\u2606ZuguCapretta\n|j|\u2606bluestraggler01\n|t:|1718619835\n|gametype|doubles\n|player|p1|ZuguCapretta|emmet|1649\n|player|p2|bluestraggler01|265|1736\n|teamsize|p1|6\n|teamsize|p2|6\n|gen|9\n|tier|[Gen 9] VGC 2024 Reg G\n|rated|\n|rule|Species Clause: Limit one of each Pok\u00e9mon\n|rule|Item Clause: Limit one of each item\n|clearpoke\n|poke|p1|Urshifu-*, L50, F|\n|poke|p1|Rillaboom, L50, M|\n|poke|p1|Ogerpon-Hearthflame, L50, F|\n|poke|p1|Raging Bolt, L50|\n|poke|p1|Grimmsnarl, L50, M|\n|poke|p1|Calyrex-Ice, L50|\n|poke|p2|Groudon, L50|\n|poke|p2|Gouging Fire, L50|\n|poke|p2|Entei, L50|\n|poke|p2|Brute Bonnet, L50|\n|poke|p2|Whimsicott, L50, M|\n|poke|p2|Walking Wake, L50|\n|teampreview|4\n|inactive|Battle timer is ON: inactive players will automatically lose when time's up. (requested by ZuguCapretta)\nbluestraggler01 rejected open team sheets.\n|\n|t:|1718619885\n|start\n|switch|p1a: Shitsnarl|Grimmsnarl, L50, M|100\/100\n|switch|p1b: Haaland|Calyrex-Ice, L50|100\/100\n|switch|p2a: Brute Bonnet|Brute Bonnet, L50|100\/100\n|switch|p2b: Gouging Fire|Gouging Fire, L50|100\/100\n|-ability|p1b: Haaland|As One\n|-ability|p1b: Haaland|Unnerve\n|-enditem|p2b: Gouging Fire|Booster Energy\n|-activate|p2b: Gouging Fire|ability: Protosynthesis|[fromitem]\n|-start|p2b: Gouging Fire|protosynthesisspe\n|turn|1\n|\n|t:|1718619904\n|-terastallize|p2a: Brute Bonnet|Water\n|move|p1b: Haaland|Protect|p1b: Haaland\n|-singleturn|p1b: Haaland|Protect\n|move|p1a: Shitsnarl|Reflect|p1a: Shitsnarl\n|-sidestart|p1: ZuguCapretta|Reflect\n|move|p2b: Gouging Fire|Howl|p2b: Gouging Fire|[spread] p2a,p2b\n|-boost|p2a: Brute Bonnet|atk|1\n|-boost|p2b: Gouging Fire|atk|1\n|move|p2a: Brute Bonnet|Spore|p1a: Shitsnarl\n|-status|p1a: Shitsnarl|slp|[from] move: Spore\n|\n|upkeep\n|turn|2\n|inactive|ZuguCapretta has 30 seconds left.\n|inactive|bluestraggler01 has 30 seconds left.\n|\n|t:|1718619936\n|switch|p1b: ReDellaCoca|Ogerpon-Hearthflame, L50, F|100\/100\n|-ability|p1b: ReDellaCoca|Mold Breaker\n|move|p2b: Gouging Fire|Flare Blitz|p1b: ReDellaCoca\n|-damage|p1b: ReDellaCoca|43\/100\n|-damage|p2b: Gouging Fire|85\/100|[from] Recoil\n|cant|p1a: Shitsnarl|slp\n|move|p2a: Brute Bonnet|Spore|p1b: ReDellaCoca\n|-immune|p1b: ReDellaCoca\n|\n|upkeep\n|turn|3\n|\n|t:|1718619959\n|-terastallize|p1b: ReDellaCoca|Fire\n|detailschange|p1b: ReDellaCoca|Ogerpon-Hearthflame-Tera, L50, F, tera:Fire\n|-ability|p1b: ReDellaCoca|Embody Aspect (Hearthflame)|boost\n|-boost|p1b: ReDellaCoca|atk|1\n|move|p2b: Gouging Fire|Flare Blitz|p1b: ReDellaCoca\n|-resisted|p1b: ReDellaCoca\n|-damage|p1b: ReDellaCoca|14\/100\n|-damage|p2b: Gouging Fire|78\/100|[from] Recoil\n|move|p1b: ReDellaCoca|Wood Hammer|p2a: Brute Bonnet\n|-supereffective|p2a: Brute Bonnet\n|-damage|p2a: Brute Bonnet|0 fnt\n|faint|p2a: Brute Bonnet\n|-end|p2a: Brute Bonnet|Protosynthesis|[silent]\n|-damage|p1b: ReDellaCoca|0 fnt|[from] Recoil\n|faint|p1b: ReDellaCoca\n|cant|p1a: Shitsnarl|slp\n|\n|upkeep\n|\n|t:|1718619975\n|switch|p1b: Raging Bolt|Raging Bolt, L50|100\/100\n|switch|p2a: Groudon|Groudon, L50|100\/100\n|-weather|SunnyDay|[from] ability: Drought|[of] p2a: Groudon\n|-activate|p1b: Raging Bolt|ability: Protosynthesis\n|-start|p1b: Raging Bolt|protosynthesisspa\n|turn|4\n|\n|t:|1718619997\n|move|p1b: Raging Bolt|Protect|p1b: Raging Bolt\n|-singleturn|p1b: Raging Bolt|Protect\n|move|p2b: Gouging Fire|Flare Blitz|p1b: Raging Bolt\n|-activate|p1b: Raging Bolt|move: Protect\n|move|p2a: Groudon|Precipice Blades|p1b: Raging Bolt|[spread] p1a\n|-activate|p1b: Raging Bolt|move: Protect\n|-damage|p1a: Shitsnarl|66\/100 slp\n|-curestatus|p1a: Shitsnarl|slp|[msg]\n|move|p1a: Shitsnarl|Foul Play|p2a: Groudon\n|-damage|p2a: Groudon|64\/100\n|\n|-weather|SunnyDay|[upkeep]\n|upkeep\n|turn|5\n|inactive|ZuguCapretta has 30 seconds left.\n|j| Kosta is King\n|\n|t:|1718620032\n|move|p2b: Gouging Fire|Flare Blitz|p1b: Raging Bolt\n|-resisted|p1b: Raging Bolt\n|-damage|p1b: Raging Bolt|74\/100\n|-damage|p2b: Gouging Fire|68\/100|[from] Recoil\n|move|p2a: Groudon|Precipice Blades|p1b: Raging Bolt|[spread] p1a\n|-miss|p2a: Groudon|p1b: Raging Bolt\n|-damage|p1a: Shitsnarl|32\/100\n|move|p1b: Raging Bolt|Draco Meteor|p2b: Gouging Fire\n|-supereffective|p2b: Gouging Fire\n|-damage|p2b: Gouging Fire|0 fnt\n|-unboost|p1b: Raging Bolt|spa|2\n|faint|p2b: Gouging Fire\n|-end|p2b: Gouging Fire|Protosynthesis|[silent]\n|move|p1a: Shitsnarl|Foul Play|p2a: Groudon\n|-damage|p2a: Groudon|29\/100\n|\n|-weather|SunnyDay|[upkeep]\n|upkeep\n|\n|t:|1718620043\n|switch|p2b: Walking Wake|Walking Wake, L50|100\/100\n|-activate|p2b: Walking Wake|ability: Protosynthesis\n|-start|p2b: Walking Wake|protosynthesisspe\n|turn|6\n|\n|t:|1718620063\n|-end|p1b: Raging Bolt|Protosynthesis|[silent]\n|switch|p1b: Haaland|Calyrex-Ice, L50|100\/100\n|-ability|p1b: Haaland|As One\n|-ability|p1b: Haaland|Unnerve\n|move|p1a: Shitsnarl|Light Screen|p1a: Shitsnarl\n|-sidestart|p1: ZuguCapretta|move: Light Screen\n|move|p2b: Walking Wake|Draco Meteor|p1b: Haaland\n|-damage|p1b: Haaland|58\/100\n|-unboost|p2b: Walking Wake|spa|2\n|-damage|p2b: Walking Wake|91\/100|[from] item: Life Orb\n|move|p2a: Groudon|Precipice Blades|p1a: Shitsnarl|[spread] p1a,p1b\n|-damage|p1a: Shitsnarl|0 fnt\n|-damage|p1b: Haaland|32\/100\n|faint|p1a: Shitsnarl\n|\n|-weather|SunnyDay|[upkeep]\n|upkeep\n|\n|t:|1718620077\n|switch|p1a: Raging Bolt|Raging Bolt, L50|74\/100\n|-activate|p1a: Raging Bolt|ability: Protosynthesis\n|-start|p1a: Raging Bolt|protosynthesisspa\n|turn|7\n|\n|t:|1718620099\n|move|p1b: Haaland|Protect|p1b: Haaland\n|-singleturn|p1b: Haaland|Protect\n|move|p2b: Walking Wake|Snarl|p1a: Raging Bolt|[spread] p1a\n|-activate|p1b: Haaland|move: Protect\n|-damage|p1a: Raging Bolt|69\/100\n|-unboost|p1a: Raging Bolt|spa|1\n|-damage|p2b: Walking Wake|82\/100|[from] item: Life Orb\n|move|p2a: Groudon|Precipice Blades|p1b: Haaland|[spread] p1a\n|-activate|p1b: Haaland|move: Protect\n|-supereffective|p1a: Raging Bolt\n|-damage|p1a: Raging Bolt|13\/100\n|move|p1a: Raging Bolt|Draco Meteor|p2a: Groudon\n|-damage|p2a: Groudon|0 fnt\n|-unboost|p1a: Raging Bolt|spa|2\n|faint|p2a: Groudon\n|\n|-weather|SunnyDay|[upkeep]\n|upkeep\n|turn|8\n|inactive|bluestraggler01 has 30 seconds left.\n|inactive|ZuguCapretta has 30 seconds left.\n|\n|t:|1718620134\n|move|p2b: Walking Wake|Draco Meteor|p1b: Haaland\n|-damage|p1b: Haaland|7\/100\n|-unboost|p2b: Walking Wake|spa|2\n|-damage|p2b: Walking Wake|72\/100|[from] item: Life Orb\n|move|p1b: Haaland|Glacial Lance|p2b: Walking Wake\n|-damage|p2b: Walking Wake|0 fnt\n|faint|p2b: Walking Wake\n|-end|p2b: Walking Wake|Protosynthesis|[silent]\n|\n|win|ZuguCapretta\n|raw|ZuguCapretta's rating: 1649 &rarr; <strong>1674<\/strong><br \/>(+25 for winning)\n|raw|bluestraggler01's rating: 1736 &rarr; <strong>1711<\/strong><br \/>(-25 for losing)\n|l|\u2606ZuguCapretta\n|player|p1|\n","uploadtime":1718620298,"views":32,"formatid":"gen9vgc2024regg","rating":1674,"private":0,"password":null}