{"id":"gen9vgc2024regg-2145189397","format":"[Gen 9] VGC 2024 Reg G","players":["AZUNA_Fan","Krisuerte"],"log":"|j|\u2606AZUNA_Fan\n|j|\u2606Krisuerte\n|t:|1718657683\n|gametype|doubles\n|player|p1|AZUNA_Fan|dawn-gen4pt|1789\n|player|p2|Krisuerte|1|1719\n|teamsize|p1|6\n|teamsize|p2|6\n|gen|9\n|tier|[Gen 9] VGC 2024 Reg G\n|rated|\n|rule|Species Clause: Limit one of each Pok\u00e9mon\n|rule|Item Clause: Limit one of each item\n|clearpoke\n|poke|p1|Calyrex-Shadow, L50|\n|poke|p1|Urshifu-*, L50, F|\n|poke|p1|Indeedee-F, L50, F|\n|poke|p1|Maushold, L50|\n|poke|p1|Dondozo, L50, F|\n|poke|p1|Tatsugiri, L50, M|\n|poke|p2|Sinistcha-Masterpiece, L50|\n|poke|p2|Kyogre, L50|\n|poke|p2|Tornadus, L50, M|\n|poke|p2|Urshifu-*, L50, M|\n|poke|p2|Archaludon, L50, F|\n|poke|p2|Landorus, L50, M|\n|teampreview|4\n|inactive|Battle timer is ON: inactive players will automatically lose when time's up. (requested by AZUNA_Fan)\n|\n|t:|1718657704\n|start\n|switch|p1a: Calyrex|Calyrex-Shadow, L50|100\/100\n|switch|p1b: Urshifu|Urshifu, L50, F|100\/100\n|switch|p2a: Kyogre|Kyogre, L50|100\/100\n|switch|p2b: Tornadus|Tornadus, L50, M|100\/100\n|-ability|p1a: Calyrex|As One\n|-ability|p1a: Calyrex|Unnerve\n|-weather|RainDance|[from] ability: Drizzle|[of] p2a: Kyogre\n|turn|1\n|\n|t:|1718657722\n|move|p1b: Urshifu|Sucker Punch|p2a: Kyogre\n|-damage|p2a: Kyogre|45\/100\n|move|p2b: Tornadus|Tailwind|p2b: Tornadus\n|-sidestart|p2: Krisuerte|move: Tailwind\n|move|p2a: Kyogre|Origin Pulse|p1a: Calyrex|[spread] p1b\n|-miss|p2a: Kyogre|p1a: Calyrex\n|-damage|p1b: Urshifu|0 fnt\n|faint|p1b: Urshifu\n|move|p1a: Calyrex|Astral Barrage|p2a: Kyogre|[spread] p2a,p2b\n|-damage|p2a: Kyogre|0 fnt\n|-damage|p2b: Tornadus|16\/100\n|faint|p2a: Kyogre\n|-ability|p1a: Calyrex|Grim Neigh|boost\n|-boost|p1a: Calyrex|spa|1\n|\n|-weather|RainDance|[upkeep]\n|upkeep\n|\n|t:|1718657744\n|switch|p1b: Dondozo|Dondozo, L50, F|100\/100\n|switch|p2a: Archaludon|Archaludon, L50, F|100\/100\n|turn|2\n|\n|t:|1718657766\n|-terastallize|p2a: Archaludon|Electric\n|move|p1b: Dondozo|Protect|p1b: Dondozo\n|-singleturn|p1b: Dondozo|Protect\n|move|p2b: Tornadus|Bleakwind Storm|p1a: Calyrex|[spread] p1a\n|-activate|p1b: Dondozo|move: Protect\n|-damage|p1a: Calyrex|68\/100\n|move|p2a: Archaludon|Electro Shot||[still]\n|-prepare|p2a: Archaludon|Electro Shot\n|-boost|p2a: Archaludon|spa|1\n|-anim|p2a: Archaludon|Electro Shot|p1a: Calyrex\n|-damage|p1a: Calyrex|0 fnt\n|faint|p1a: Calyrex\n|\n|-weather|RainDance|[upkeep]\n|upkeep\n|\n|t:|1718657779\n|switch|p1a: Tatsugiri|Tatsugiri, L50, M|100\/100\n|-activate|p1a: Tatsugiri|ability: Commander|[of] p1b: Dondozo\n|-boost|p1b: Dondozo|atk|2\n|-boost|p1b: Dondozo|spa|2\n|-boost|p1b: Dondozo|spe|2\n|-boost|p1b: Dondozo|def|2\n|-boost|p1b: Dondozo|spd|2\n|turn|3\n|\n|t:|1718657791\n|-terastallize|p1b: Dondozo|Grass\n|move|p2b: Tornadus|Bleakwind Storm|p1a: Tatsugiri|[spread] p1b\n|-miss|p2b: Tornadus|p1a: Tatsugiri\n|-supereffective|p1b: Dondozo\n|-damage|p1b: Dondozo|71\/100\n|move|p2a: Archaludon|Electro Shot||[still]\n|-prepare|p2a: Archaludon|Electro Shot\n|-boost|p2a: Archaludon|spa|1\n|-anim|p2a: Archaludon|Electro Shot|p1b: Dondozo\n|-resisted|p1b: Dondozo\n|-damage|p1b: Dondozo|57\/100\n|move|p1b: Dondozo|Order Up|p2b: Tornadus\n|-damage|p2b: Tornadus|0 fnt\n|faint|p2b: Tornadus\n|-boost|p1b: Dondozo|atk|1\n|\n|-weather|RainDance|[upkeep]\n|upkeep\n|\n|t:|1718657809\n|switch|p2b: Sinistcha|Sinistcha-Masterpiece, L50|100\/100\n|turn|4\n|\n|t:|1718657820\n|move|p2a: Archaludon|Flash Cannon|p1b: Dondozo\n|-damage|p1b: Dondozo|38\/100\n|move|p1b: Dondozo|Earthquake|p2b: Sinistcha|[spread] p2a,p2b\n|-miss|p1b: Dondozo|p1a: Tatsugiri\n|-supereffective|p2a: Archaludon\n|-resisted|p2b: Sinistcha\n|-damage|p2a: Archaludon|38\/100\n|-damage|p2b: Sinistcha|80\/100\n|-ability|p2a: Archaludon|Stamina|boost\n|-boost|p2a: Archaludon|def|1\n|move|p2b: Sinistcha|Trick Room|p2b: Sinistcha\n|-fieldstart|move: Trick Room|[of] p2b: Sinistcha\n|\n|-weather|RainDance|[upkeep]\n|-sideend|p2: Krisuerte|move: Tailwind\n|upkeep\n|turn|5\n|\n|t:|1718657838\n|move|p2b: Sinistcha|Life Dew|p2b: Sinistcha|[spread] p2a,p2b\n|-heal|p2a: Archaludon|62\/100\n|-heal|p2b: Sinistcha|100\/100\n|move|p2a: Archaludon|Flash Cannon|p1b: Dondozo\n|-damage|p1b: Dondozo|21\/100\n|move|p1b: Dondozo|Earthquake|p2a: Archaludon|[spread] p2a,p2b\n|-miss|p1b: Dondozo|p1a: Tatsugiri\n|-supereffective|p2a: Archaludon\n|-resisted|p2b: Sinistcha\n|-damage|p2a: Archaludon|0 fnt\n|-damage|p2b: Sinistcha|83\/100\n|faint|p2a: Archaludon\n|\n|-weather|none\n|upkeep\n|turn|6\n|\n|t:|1718657856\n|move|p1b: Dondozo|Protect|p1b: Dondozo\n|-singleturn|p1b: Dondozo|Protect\n|move|p2b: Sinistcha|Matcha Gotcha|p1b: Dondozo|[spread] \n|-miss|p2b: Sinistcha|p1a: Tatsugiri\n|-activate|p1b: Dondozo|move: Protect\n|\n|upkeep\n|turn|7\n|\n|t:|1718657865\n|move|p2b: Sinistcha|Matcha Gotcha|p1a: Tatsugiri|[spread] p1b\n|-miss|p2b: Sinistcha|p1a: Tatsugiri\n|-resisted|p1b: Dondozo\n|-damage|p1b: Dondozo|16\/100\n|-heal|p2b: Sinistcha|86\/100|[from] drain|[of] p1b: Dondozo\n|-status|p1b: Dondozo|brn\n|move|p1b: Dondozo|Order Up|p2b: Sinistcha\n|-damage|p2b: Sinistcha|65\/100\n|-boost|p1b: Dondozo|atk|1\n|\n|-damage|p1b: Dondozo|9\/100 brn|[from] brn\n|upkeep\n|turn|8\n|\n|t:|1718657879\n|move|p2b: Sinistcha|Life Dew|p2b: Sinistcha\n|-heal|p2b: Sinistcha|90\/100\n|move|p1b: Dondozo|Order Up|p2b: Sinistcha\n|-damage|p2b: Sinistcha|65\/100\n|-boost|p1b: Dondozo|atk|1\n|\n|-damage|p1b: Dondozo|3\/100 brn|[from] brn\n|-fieldend|move: Trick Room\n|upkeep\n|turn|9\n|\n|t:|1718657889\n|move|p1b: Dondozo|Order Up|p2b: Sinistcha\n|-damage|p2b: Sinistcha|36\/100\n|-boost|p1b: Dondozo|atk|1\n|move|p2b: Sinistcha|Life Dew|p2b: Sinistcha\n|-heal|p2b: Sinistcha|61\/100\n|\n|-damage|p1b: Dondozo|0 fnt|[from] brn\n|faint|p1b: Dondozo\n|upkeep\n|turn|10\n|\n|t:|1718657910\n|move|p1a: Tatsugiri|Draco Meteor|p2b: Sinistcha\n|-damage|p2b: Sinistcha|5\/100\n|-unboost|p1a: Tatsugiri|spa|2\n|move|p2b: Sinistcha|Matcha Gotcha|p1a: Tatsugiri\n|-damage|p1a: Tatsugiri|55\/100\n|-heal|p2b: Sinistcha|24\/100|[from] drain|[of] p1a: Tatsugiri\n|\n|upkeep\n|turn|11\n|\n|t:|1718657922\n|move|p1a: Tatsugiri|Draco Meteor|p2b: Sinistcha|[miss]\n|-miss|p1a: Tatsugiri|p2b: Sinistcha\n|move|p2b: Sinistcha|Life Dew|p2b: Sinistcha\n|-heal|p2b: Sinistcha|49\/100\n|\n|upkeep\n|turn|12\n|j| Kingdude108\n|\n|t:|1718657931\n|move|p2b: Sinistcha|Life Dew|p2b: Sinistcha\n|-heal|p2b: Sinistcha|74\/100\n|move|p1a: Tatsugiri|Mirror Coat||[still]\n|-fail|p1a: Tatsugiri\n|\n|upkeep\n|turn|13\n|-message|AZUNA_Fan forfeited.\n|\n|win|Krisuerte\n|raw|AZUNA_Fan's rating: 1789 &rarr; <strong>1765<\/strong><br \/>(-24 for losing)\n|raw|Krisuerte's rating: 1719 &rarr; <strong>1743<\/strong><br \/>(+24 for winning)\n|l|\u2606AZUNA_Fan\n|player|p1|\n|l|\u2606Krisuerte\n|player|p2|\n","uploadtime":1718658118,"views":59,"formatid":"gen9vgc2024regg","rating":1743,"private":0,"password":null}