{"id":"gen9vgc2024regg-2145095680","format":"[Gen 9] VGC 2024 Reg G","players":["fabio souza","Spottedwoot"],"log":"|j|\u2606fabio souza\n|j|\u2606Spottedwoot\n|t:|1718647775\n|gametype|doubles\n|player|p1|fabio souza|265|1767\n|player|p2|Spottedwoot|170|1670\n|teamsize|p1|6\n|teamsize|p2|6\n|gen|9\n|tier|[Gen 9] VGC 2024 Reg G\n|rated|\n|rule|Species Clause: Limit one of each Pok\u00e9mon\n|rule|Item Clause: Limit one of each item\n|clearpoke\n|poke|p1|Clefairy, L50, M|\n|poke|p1|Calyrex-Shadow, L50|\n|poke|p1|Rillaboom, L50, F|\n|poke|p1|Tornadus, L50, M|\n|poke|p1|Incineroar, L50, M|\n|poke|p1|Mienshao, L50, M|\n|poke|p2|Miraidon, L50|\n|poke|p2|Whimsicott, L50, F|\n|poke|p2|Chi-Yu, L50|\n|poke|p2|Urshifu-*, L50, F|\n|poke|p2|Flutter Mane, L50|\n|poke|p2|Kingambit, L50, F|\n|teampreview|4\n|\n|t:|1718647847\n|start\n|switch|p1a: Calyrex|Calyrex-Shadow, L50|100\/100\n|switch|p1b: Mienshao|Mienshao, L50, M|100\/100\n|switch|p2a: Whimsicott|Whimsicott, L50, F|100\/100\n|switch|p2b: Chi-Yu|Chi-Yu, L50|100\/100\n|-ability|p1a: Calyrex|As One\n|-ability|p1a: Calyrex|Unnerve\n|-ability|p2b: Chi-Yu|Beads of Ruin\n|turn|1\n|\n|t:|1718647861\n|switch|p1b: Clefairy|Clefairy, L50, M|100\/100\n|move|p1a: Calyrex|Protect|p1a: Calyrex\n|-singleturn|p1a: Calyrex|Protect\n|move|p2b: Chi-Yu|Protect|p2b: Chi-Yu\n|-singleturn|p2b: Chi-Yu|Protect\n|move|p2a: Whimsicott|Tailwind|p2a: Whimsicott\n|-sidestart|p2: Spottedwoot|move: Tailwind\n|\n|upkeep\n|turn|2\n|\n|t:|1718647880\n|move|p1b: Clefairy|Follow Me|p1b: Clefairy\n|-singleturn|p1b: Clefairy|move: Follow Me\n|move|p2a: Whimsicott|Fake Tears|p1b: Clefairy\n|-unboost|p1b: Clefairy|spd|2\n|move|p2b: Chi-Yu|Heat Wave|p1a: Calyrex|[spread] p1a\n|-miss|p2b: Chi-Yu|p1b: Clefairy\n|-damage|p1a: Calyrex|64\/100\n|move|p1a: Calyrex|Astral Barrage|p2b: Chi-Yu|[spread] p2a,p2b\n|-resisted|p2b: Chi-Yu\n|-damage|p2a: Whimsicott|0 fnt\n|-damage|p2b: Chi-Yu|68\/100\n|faint|p2a: Whimsicott\n|-ability|p1a: Calyrex|Grim Neigh|boost\n|-boost|p1a: Calyrex|spa|1\n|\n|upkeep\n|\n|t:|1718647894\n|switch|p2a: Miraidon|Miraidon, L50|100\/100\n|-fieldstart|move: Electric Terrain|[from] ability: Hadron Engine|[of] p2a: Miraidon\n|turn|3\n|\n|t:|1718647933\n|switch|p1b: Rillaboom|Rillaboom, L50, F|100\/100\n|-fieldstart|move: Grassy Terrain|[from] ability: Grassy Surge|[of] p1b: Rillaboom\n|-terastallize|p2b: Chi-Yu|Fire\n|move|p1a: Calyrex|Protect|p1a: Calyrex\n|-singleturn|p1a: Calyrex|Protect\n|move|p2a: Miraidon|Electro Drift|p1a: Calyrex\n|-activate|p1a: Calyrex|move: Protect\n|move|p2b: Chi-Yu|Heat Wave|p1b: Rillaboom|[spread] p1b\n|-activate|p1a: Calyrex|move: Protect\n|-supereffective|p1b: Rillaboom\n|-damage|p1b: Rillaboom|15\/100\n|\n|-heal|p2b: Chi-Yu|74\/100|[from] Grassy Terrain\n|-heal|p1a: Calyrex|71\/100|[from] Grassy Terrain\n|-heal|p1b: Rillaboom|20\/100|[from] Grassy Terrain\n|upkeep\n|turn|4\n|\n|t:|1718647962\n|move|p1b: Rillaboom|Fake Out|p2b: Chi-Yu\n|-damage|p2b: Chi-Yu|54\/100\n|move|p2a: Miraidon|Electro Drift|p1a: Calyrex\n|-damage|p1a: Calyrex|0 fnt\n|faint|p1a: Calyrex\n|cant|p2b: Chi-Yu|flinch\n|\n|-heal|p2b: Chi-Yu|60\/100|[from] Grassy Terrain\n|-heal|p1b: Rillaboom|26\/100|[from] Grassy Terrain\n|-sideend|p2: Spottedwoot|move: Tailwind\n|upkeep\n|\n|t:|1718647968\n|switch|p1a: Mienshao|Mienshao, L50, M|100\/100\n|turn|5\n|\n|t:|1718647975\n|switch|p2a: Kingambit|Kingambit, L50, F|100\/100\n|-terastallize|p1a: Mienshao|Fighting\n|move|p2b: Chi-Yu|Protect|p2b: Chi-Yu\n|-singleturn|p2b: Chi-Yu|Protect\n|move|p1b: Rillaboom|Grassy Glide|p2a: Kingambit\n|-resisted|p2a: Kingambit\n|-damage|p2a: Kingambit|87\/100\n|move|p1a: Mienshao|Close Combat|p2a: Kingambit\n|-supereffective|p2a: Kingambit\n|-damage|p2a: Kingambit|0 fnt\n|-unboost|p1a: Mienshao|def|1\n|-unboost|p1a: Mienshao|spd|1\n|faint|p2a: Kingambit\n|\n|-heal|p2b: Chi-Yu|67\/100|[from] Grassy Terrain\n|-heal|p1b: Rillaboom|32\/100|[from] Grassy Terrain\n|upkeep\n|\n|t:|1718647980\n|switch|p2a: Miraidon|Miraidon, L50|100\/100\n|-fieldstart|move: Electric Terrain|[from] ability: Hadron Engine|[of] p2a: Miraidon\n|turn|6\n|\n|t:|1718648029\n|move|p1a: Mienshao|Wide Guard|p1a: Mienshao\n|-singleturn|p1a: Mienshao|Wide Guard\n|move|p2a: Miraidon|Electro Drift|p1b: Rillaboom\n|-resisted|p1b: Rillaboom\n|-damage|p1b: Rillaboom|0 fnt\n|faint|p1b: Rillaboom\n|move|p2b: Chi-Yu|Heat Wave|p1a: Mienshao\n|-activate|p1a: Mienshao|move: Wide Guard\n|\n|upkeep\n|\n|t:|1718648036\n|switch|p1b: Clefairy|Clefairy, L50, M|100\/100\n|turn|7\n|\n|t:|1718648050\n|move|p1b: Clefairy|Helping Hand|p1a: Mienshao\n|-singleturn|p1a: Mienshao|Helping Hand|[of] p1b: Clefairy\n|move|p2a: Miraidon|Electro Drift|p1b: Clefairy\n|-damage|p1b: Clefairy|0 fnt\n|faint|p1b: Clefairy\n|move|p2b: Chi-Yu|Heat Wave|p1a: Mienshao\n|-enditem|p1a: Mienshao|Focus Sash\n|-damage|p1a: Mienshao|1\/100\n|move|p1a: Mienshao|Close Combat|p2a: Miraidon\n|-damage|p2a: Miraidon|0 fnt\n|-unboost|p1a: Mienshao|def|1\n|-unboost|p1a: Mienshao|spd|1\n|faint|p2a: Miraidon\n|\n|upkeep\n|turn|8\n|\n|t:|1718648064\n|move|p2b: Chi-Yu|Dark Pulse|p1a: Mienshao\n|-resisted|p1a: Mienshao\n|-damage|p1a: Mienshao|0 fnt\n|faint|p1a: Mienshao\n|\n|win|Spottedwoot\n|raw|fabio souza's rating: 1767 &rarr; <strong>1742<\/strong><br \/>(-25 for losing)\n|raw|Spottedwoot's rating: 1670 &rarr; <strong>1695<\/strong><br \/>(+25 for winning)\n|l|\u2606Spottedwoot\n|player|p2|\n|l|\u2606fabio souza\n|player|p1|\n","uploadtime":1718648216,"views":19,"formatid":"gen9vgc2024regg","rating":1695,"private":0,"password":null}