{"id":"gen9vgc2024regg-2145973888","format":"[Gen 9] VGC 2024 Reg G","players":["player11111","UahhVGC"],"log":"|j|\u2606player11111\n|j|\u2606UahhVGC\n|t:|1718764278\n|gametype|doubles\n|player|p1|player11111|serena-masters|1694\n|player|p2|UahhVGC|miku-psychic|1776\n|teamsize|p1|6\n|teamsize|p2|6\n|gen|9\n|tier|[Gen 9] VGC 2024 Reg G\n|rated|\n|rule|Species Clause: Limit one of each Pok\u00e9mon\n|rule|Item Clause: Limit one of each item\n|clearpoke\n|poke|p1|Chien-Pao, L50|\n|poke|p1|Urshifu-*, L50, M|\n|poke|p1|Incineroar, L50, M|\n|poke|p1|Zamazenta-*, L50|\n|poke|p1|Rillaboom, L50, M|\n|poke|p1|Ting-Lu, L50|\n|poke|p2|Whimsicott, L50, F|\n|poke|p2|Indeedee-F, L50, F|\n|poke|p2|Chi-Yu, L50|\n|poke|p2|Urshifu-*, L50, F|\n|poke|p2|Raging Bolt, L50|\n|poke|p2|Koraidon, L50|\n|teampreview|4\n|inactive|Battle timer is ON: inactive players will automatically lose when time's up. (requested by UahhVGC)\n|j| summerdog\n|j| Vasago\n|inactive|player11111 has 60 seconds left.\n|inactive|UahhVGC has 60 seconds left.\n|inactive|player11111 has 30 seconds left.\n|\n|t:|1718764350\n|start\n|switch|p1a: Chien-Pao|Chien-Pao, L50|100\/100\n|switch|p1b: Rillaboom|Rillaboom, L50, M|100\/100\n|switch|p2a: Indeedee|Indeedee-F, L50, F|100\/100\n|switch|p2b: Liyuu|Chi-Yu, L50|100\/100\n|-ability|p2b: Liyuu|Beads of Ruin\n|-ability|p1a: Chien-Pao|Sword of Ruin\n|-fieldstart|move: Grassy Terrain|[from] ability: Grassy Surge|[of] p1b: Rillaboom\n|-fieldstart|move: Psychic Terrain|[from] ability: Psychic Surge|[of] p2a: Indeedee\n|-enditem|p2a: Indeedee|Psychic Seed\n|-boost|p2a: Indeedee|spd|1|[from] item: Psychic Seed\n|turn|1\n|l| Vasago\n|\n|t:|1718764372\n|switch|p1b: Incineroar|Incineroar, L50, M|100\/100\n|-ability|p1b: Incineroar|Intimidate|boost\n|-unboost|p2a: Indeedee|atk|1\n|-unboost|p2b: Liyuu|atk|1\n|switch|p2a: Koraidon|Koraidon, L50|100\/100\n|-weather|SunnyDay|[from] ability: Orichalcum Pulse|[of] p2a: Koraidon\n|-activate|p2a: Koraidon|Orichalcum Pulse|[source]\n|move|p1a: Chien-Pao|Protect|p1a: Chien-Pao\n|-singleturn|p1a: Chien-Pao|Protect\n|move|p2b: Liyuu|Heat Wave|p1a: Chien-Pao|[spread] p1b\n|-activate|p1a: Chien-Pao|move: Protect\n|-resisted|p1b: Incineroar\n|-damage|p1b: Incineroar|66\/100\n|\n|-weather|SunnyDay|[upkeep]\n|upkeep\n|turn|2\n|inactive|player11111 has 30 seconds left.\n|inactive|UahhVGC has 30 seconds left.\n|inactive|UahhVGC has 20 seconds left.\n|\n|t:|1718764409\n|-terastallize|p2a: Koraidon|Fire\n|move|p2b: Liyuu|Heat Wave|p1a: Chien-Pao|[spread] p1a\n|-miss|p2b: Liyuu|p1b: Incineroar\n|-supereffective|p1a: Chien-Pao\n|-enditem|p1a: Chien-Pao|Focus Sash\n|-damage|p1a: Chien-Pao|1\/100\n|-status|p1a: Chien-Pao|brn\n|move|p1a: Chien-Pao|Sacred Sword|p2b: Liyuu\n|-supereffective|p2b: Liyuu\n|-crit|p2b: Liyuu\n|-damage|p2b: Liyuu|2\/100\n|move|p2a: Koraidon|Collision Course|p1a: Chien-Pao\n|-supereffective|p1a: Chien-Pao\n|-damage|p1a: Chien-Pao|0 fnt\n|faint|p1a: Chien-Pao\n|move|p1b: Incineroar|Knock Off|p2a: Koraidon\n|-damage|p2a: Koraidon|74\/100\n|-enditem|p2a: Koraidon|Clear Amulet|[from] move: Knock Off|[of] p1b: Incineroar\n|\n|-weather|SunnyDay|[upkeep]\n|upkeep\n|j| scotchydogg\n|\n|t:|1718764428\n|switch|p1a: Rillaboom|Rillaboom, L50, M|100\/100\n|-fieldstart|move: Grassy Terrain|[from] ability: Grassy Surge|[of] p1a: Rillaboom\n|turn|3\n|j| lucus26\n|inactive|player11111 has 30 seconds left.\n|\n|t:|1718764461\n|switch|p2a: Indeedee|Indeedee-F, L50, F|100\/100\n|-fieldstart|move: Psychic Terrain|[from] ability: Psychic Surge|[of] p2a: Indeedee\n|-terastallize|p1a: Rillaboom|Fire\n|move|p2b: Liyuu|Heat Wave|p1a: Rillaboom|[spread] p1a,p1b\n|-resisted|p1a: Rillaboom\n|-resisted|p1b: Incineroar\n|-damage|p1a: Rillaboom|70\/100\n|-damage|p1b: Incineroar|33\/100\n|move|p1a: Rillaboom|U-turn|p2b: Liyuu\n|-damage|p2b: Liyuu|0 fnt\n|faint|p2b: Liyuu\n|\n|t:|1718764475\n|switch|p1a: Zamazenta|Zamazenta-Crowned, L50|100\/100|[from] U-turn\n|-ability|p1a: Zamazenta|Dauntless Shield|boost\n|-boost|p1a: Zamazenta|def|1\n|move|p1b: Incineroar|Parting Shot|p2a: Indeedee\n|-unboost|p2a: Indeedee|atk|1\n|-unboost|p2a: Indeedee|spa|1\n|\n|t:|1718764479\n|switch|p1b: Rillaboom|Rillaboom, L50, M, tera:Fire|70\/100|[from] Parting Shot\n|-fieldstart|move: Grassy Terrain|[from] ability: Grassy Surge|[of] p1b: Rillaboom\n|\n|-weather|SunnyDay|[upkeep]\n|-heal|p1b: Rillaboom|76\/100|[from] Grassy Terrain\n|upkeep\n|\n|t:|1718764486\n|switch|p2b: Koraidon|Koraidon, L50, tera:Fire|74\/100\n|-activate|p2b: Koraidon|ability: Orichalcum Pulse\n|turn|4\n|\n|t:|1718764498\n|switch|p2a: Raging Bolt|Raging Bolt, L50|100\/100\n|-activate|p2a: Raging Bolt|ability: Protosynthesis\n|-start|p2a: Raging Bolt|protosynthesisspa\n|move|p2b: Koraidon|Protect|p2b: Koraidon\n|-singleturn|p2b: Koraidon|Protect\n|move|p1b: Rillaboom|Fake Out|p2b: Koraidon\n|-activate|p2b: Koraidon|move: Protect\n|move|p1a: Zamazenta|Iron Defense|p1a: Zamazenta\n|-boost|p1a: Zamazenta|def|2\n|\n|-weather|SunnyDay|[upkeep]\n|-heal|p2b: Koraidon|80\/100|[from] Grassy Terrain\n|-heal|p1b: Rillaboom|82\/100|[from] Grassy Terrain\n|upkeep\n|turn|5\n|inactive|UahhVGC has 30 seconds left.\n|\n|t:|1718764526\n|switch|p1b: Incineroar|Incineroar, L50, M|33\/100\n|-ability|p1b: Incineroar|Intimidate|boost\n|-unboost|p2a: Raging Bolt|atk|1\n|-unboost|p2b: Koraidon|atk|1\n|move|p1a: Zamazenta|Protect|p1a: Zamazenta\n|-singleturn|p1a: Zamazenta|Protect\n|move|p2b: Koraidon|Collision Course|p1a: Zamazenta\n|-activate|p1a: Zamazenta|move: Protect\n|move|p2a: Raging Bolt|Electroweb|p1a: Zamazenta|[spread] p1b\n|-activate|p1a: Zamazenta|move: Protect\n|-damage|p1b: Incineroar|9\/100\n|-unboost|p1b: Incineroar|spe|1\n|\n|-weather|none\n|-end|p2a: Raging Bolt|Protosynthesis\n|-heal|p2b: Koraidon|86\/100|[from] Grassy Terrain\n|-heal|p1b: Incineroar|16\/100|[from] Grassy Terrain\n|upkeep\n|turn|6\n|inactive|player11111 has 30 seconds left.\n|\n|t:|1718764552\n|switch|p1b: Rillaboom|Rillaboom, L50, M, tera:Fire|82\/100\n|move|p2b: Koraidon|Protect|p2b: Koraidon\n|-singleturn|p2b: Koraidon|Protect\n|move|p1a: Zamazenta|Body Press|p2a: Raging Bolt\n|-damage|p2a: Raging Bolt|6\/100\n|move|p2a: Raging Bolt|Electroweb|p1b: Rillaboom|[spread] p1a,p1b\n|-damage|p1a: Zamazenta|82\/100\n|-damage|p1b: Rillaboom|66\/100\n|-unboost|p1a: Zamazenta|spe|1\n|-unboost|p1b: Rillaboom|spe|1\n|\n|-heal|p2b: Koraidon|91\/100|[from] Grassy Terrain\n|-heal|p1a: Zamazenta|88\/100|[from] Grassy Terrain\n|-heal|p2a: Raging Bolt|12\/100|[from] Grassy Terrain\n|-heal|p1b: Rillaboom|72\/100|[from] Grassy Terrain\n|upkeep\n|turn|7\n|inactive|UahhVGC has 30 seconds left.\n|inactive|UahhVGC has 20 seconds left.\n|inactive|UahhVGC has 15 seconds left.\n|\n|t:|1718764596\n|-end|p2a: Raging Bolt|Protosynthesis|[silent]\n|switch|p2a: Indeedee|Indeedee-F, L50, F|100\/100\n|-fieldstart|move: Psychic Terrain|[from] ability: Psychic Surge|[of] p2a: Indeedee\n|switch|p1b: Incineroar|Incineroar, L50, M|16\/100\n|-ability|p1b: Incineroar|Intimidate|boost\n|-unboost|p2a: Indeedee|atk|1\n|-unboost|p2b: Koraidon|atk|1\n|move|p1a: Zamazenta|Body Press|p2a: Indeedee\n|-damage|p2a: Indeedee|0 fnt\n|faint|p2a: Indeedee\n|move|p2b: Koraidon|Dragon Tail|p1a: Zamazenta\n|-resisted|p1a: Zamazenta\n|-damage|p1a: Zamazenta|86\/100\n|drag|p1a: Rillaboom|Rillaboom, L50, M, tera:Fire|72\/100\n|-fieldstart|move: Grassy Terrain|[from] ability: Grassy Surge|[of] p1a: Rillaboom\n|\n|-heal|p2b: Koraidon|97\/100|[from] Grassy Terrain\n|-heal|p1a: Rillaboom|79\/100|[from] Grassy Terrain\n|-heal|p1b: Incineroar|22\/100|[from] Grassy Terrain\n|upkeep\n|\n|t:|1718764606\n|switch|p2a: Raging Bolt|Raging Bolt, L50|12\/100\n|turn|8\n|inactive|UahhVGC has 30 seconds left.\n|\n|t:|1718764634\n|move|p1a: Rillaboom|Grassy Glide|p2a: Raging Bolt\n|-resisted|p2a: Raging Bolt\n|-damage|p2a: Raging Bolt|0 fnt\n|faint|p2a: Raging Bolt\n|-end|p2a: Raging Bolt|Protosynthesis|[silent]\n|move|p2b: Koraidon|Collision Course|p1a: Rillaboom\n|-damage|p1a: Rillaboom|55\/100\n|move|p1b: Incineroar|Parting Shot|p2b: Koraidon\n|-unboost|p2b: Koraidon|atk|1\n|-unboost|p2b: Koraidon|spa|1\n|-message|UahhVGC forfeited.\n|\n|win|player11111\n|raw|player11111's rating: 1694 &rarr; <strong>1719<\/strong><br \/>(+25 for winning)\n|raw|UahhVGC's rating: 1776 &rarr; <strong>1751<\/strong><br \/>(-25 for losing)\n|l|\u2606UahhVGC\n|player|p2|\n|l| summerdog\n|l| lucus26\n|l|\u2606player11111\n|player|p1|\n|l| scotchydogg\n","uploadtime":1718764818,"views":54,"formatid":"gen9vgc2024regg","rating":1719,"private":0,"password":null}