{"id":"gen9vgc2024regg-2145481325","format":"[Gen 9] VGC 2024 Reg G","players":["pint of guiness","sturbyy"],"log":"|j|\u2606pint of guiness\n|j|\u2606sturbyy\n|t:|1718704024\n|gametype|doubles\n|player|p1|pint of guiness|169|1771\n|player|p2|sturbyy|170|1697\n|teamsize|p1|6\n|teamsize|p2|6\n|gen|9\n|tier|[Gen 9] VGC 2024 Reg G\n|rated|\n|rule|Species Clause: Limit one of each Pok\u00e9mon\n|rule|Item Clause: Limit one of each item\n|clearpoke\n|poke|p1|Miraidon, L50|\n|poke|p1|Murkrow, L50, M|\n|poke|p1|Chi-Yu, L50|\n|poke|p1|Iron Hands, L50|\n|poke|p1|Urshifu-*, L50, F|\n|poke|p1|Farigiraf, L50, M|\n|poke|p2|Incineroar, L50, M|\n|poke|p2|Calyrex-Ice, L50|\n|poke|p2|Amoonguss, L50, F|\n|poke|p2|Urshifu-*, L50, F|\n|poke|p2|Pelipper, L50, F|\n|poke|p2|Raging Bolt, L50|\n|teampreview|4\n|j| bormanda\n|\n|t:|1718704057\n|start\n|switch|p1a: Miraidon|Miraidon, L50|100\/100\n|switch|p1b: Chi-Yu|Chi-Yu, L50|100\/100\n|switch|p2a: Incineroar|Incineroar, L50, M|100\/100\n|switch|p2b: Calyrex|Calyrex-Ice, L50|100\/100\n|-ability|p2b: Calyrex|As One\n|-ability|p2b: Calyrex|Unnerve\n|-ability|p1b: Chi-Yu|Beads of Ruin\n|-fieldstart|move: Electric Terrain|[from] ability: Hadron Engine|[of] p1a: Miraidon\n|-ability|p2a: Incineroar|Intimidate|boost\n|-unboost|p1a: Miraidon|atk|1\n|-unboost|p1b: Chi-Yu|atk|1\n|turn|1\n|\n|t:|1718704078\n|switch|p1b: Iron Hands|Iron Hands, L50, shiny|100\/100\n|-activate|p1b: Iron Hands|ability: Quark Drive\n|-start|p1b: Iron Hands|quarkdriveatk\n|move|p2b: Calyrex|Protect|p2b: Calyrex\n|-singleturn|p2b: Calyrex|Protect\n|move|p1a: Miraidon|Volt Switch|p2b: Calyrex\n|-activate|p2b: Calyrex|move: Protect\n|move|p2a: Incineroar|Parting Shot|p1b: Iron Hands\n|-unboost|p1b: Iron Hands|atk|1\n|-unboost|p1b: Iron Hands|spa|1\n|\n|t:|1718704093\n|switch|p2a: Amoonguss|Amoonguss, L50, F|100\/100|[from] Parting Shot\n|\n|upkeep\n|turn|2\n|j| shanehuang99\n|\n|t:|1718704108\n|move|p2a: Amoonguss|Rage Powder|p2a: Amoonguss\n|-singleturn|p2a: Amoonguss|move: Rage Powder\n|move|p1a: Miraidon|Volt Switch|p2a: Amoonguss\n|-resisted|p2a: Amoonguss\n|-damage|p2a: Amoonguss|56\/100\n|\n|t:|1718704112\n|switch|p1a: Farigiraf|Farigiraf, L50, M, shiny|100\/100|[from] Volt Switch\n|-enditem|p1a: Farigiraf|Electric Seed\n|-boost|p1a: Farigiraf|def|1|[from] item: Electric Seed\n|move|p2b: Calyrex|Glacial Lance|p1a: Farigiraf|[spread] p1a,p1b\n|-damage|p1a: Farigiraf|65\/100\n|-damage|p1b: Iron Hands|61\/100\n|move|p1b: Iron Hands|Close Combat|p2a: Amoonguss\n|-resisted|p2a: Amoonguss\n|-damage|p2a: Amoonguss|33\/100\n|-unboost|p1b: Iron Hands|def|1\n|-unboost|p1b: Iron Hands|spd|1\n|-damage|p1b: Iron Hands|45\/100|[from] item: Rocky Helmet|[of] p2a: Amoonguss\n|\n|upkeep\n|turn|3\n|\n|t:|1718704134\n|switch|p2a: Incineroar|Incineroar, L50, M|100\/100\n|-ability|p2a: Incineroar|Intimidate|boost\n|-unboost|p1a: Farigiraf|atk|1\n|-unboost|p1b: Iron Hands|atk|1\n|-end|p1b: Iron Hands|Quark Drive|[silent]\n|switch|p1b: Chi-Yu|Chi-Yu, L50|100\/100\n|-ability|p1b: Chi-Yu|Beads of Ruin\n|move|p2b: Calyrex|Protect|p2b: Calyrex\n|-singleturn|p2b: Calyrex|Protect\n|move|p1a: Farigiraf|Hyper Voice|p2a: Incineroar|[spread] p2a\n|-activate|p2b: Calyrex|move: Protect\n|-damage|p2a: Incineroar|67\/100\n|\n|upkeep\n|turn|4\n|j| defnotzero\n|\n|t:|1718704166\n|switch|p2b: Raging Bolt|Raging Bolt, L50|100\/100\n|move|p1b: Chi-Yu|Heat Wave|p2a: Incineroar|[spread] p2a,p2b\n|-resisted|p2a: Incineroar\n|-resisted|p2b: Raging Bolt\n|-damage|p2a: Incineroar|42\/100\n|-damage|p2b: Raging Bolt|86\/100\n|move|p2a: Incineroar|Parting Shot|p1b: Chi-Yu\n|-unboost|p1b: Chi-Yu|atk|1\n|-unboost|p1b: Chi-Yu|spa|1\n|\n|t:|1718704177\n|switch|p2a: Calyrex|Calyrex-Ice, L50|100\/100|[from] Parting Shot\n|-ability|p2a: Calyrex|As One\n|-ability|p2a: Calyrex|Unnerve\n|move|p1a: Farigiraf|Hyper Voice|p2b: Raging Bolt|[spread] p2a,p2b\n|-damage|p2a: Calyrex|80\/100\n|-damage|p2b: Raging Bolt|64\/100\n|\n|upkeep\n|turn|5\n|\n|t:|1718704197\n|switch|p1b: Iron Hands|Iron Hands, L50, shiny|45\/100\n|-activate|p1b: Iron Hands|ability: Quark Drive\n|-start|p1b: Iron Hands|quarkdriveatk\n|move|p2a: Calyrex|Protect|p2a: Calyrex\n|-singleturn|p2a: Calyrex|Protect\n|move|p2b: Raging Bolt|Snarl|p1a: Farigiraf|[spread] p1a,p1b\n|-supereffective|p1a: Farigiraf\n|-resisted|p1b: Iron Hands\n|-damage|p1a: Farigiraf|41\/100\n|-damage|p1b: Iron Hands|41\/100\n|-unboost|p1a: Farigiraf|spa|1\n|-unboost|p1b: Iron Hands|spa|1\n|move|p1a: Farigiraf|Hyper Voice|p2b: Raging Bolt|[spread] p2b\n|-activate|p2a: Calyrex|move: Protect\n|-damage|p2b: Raging Bolt|56\/100\n|\n|-fieldend|move: Electric Terrain\n|-end|p1b: Iron Hands|Quark Drive\n|upkeep\n|turn|6\n|\n|t:|1718704217\n|-end|p2b: Raging Bolt|Protosynthesis|[silent]\n|switch|p2b: Incineroar|Incineroar, L50, M|42\/100\n|-ability|p2b: Incineroar|Intimidate|boost\n|-unboost|p1a: Farigiraf|atk|1\n|-unboost|p1b: Iron Hands|atk|1\n|switch|p1a: Chi-Yu|Chi-Yu, L50|100\/100\n|-ability|p1a: Chi-Yu|Beads of Ruin\n|move|p1b: Iron Hands|Close Combat|p2b: Incineroar\n|-supereffective|p2b: Incineroar\n|-damage|p2b: Incineroar|0 fnt\n|-unboost|p1b: Iron Hands|def|1\n|-unboost|p1b: Iron Hands|spd|1\n|faint|p2b: Incineroar\n|move|p2a: Calyrex|Trick Room|p2a: Calyrex\n|-fieldstart|move: Trick Room|[of] p2a: Calyrex\n|\n|upkeep\n|l| shanehuang99\n|\n|t:|1718704229\n|switch|p2b: Raging Bolt|Raging Bolt, L50|56\/100\n|turn|7\n|j| rabbihorn\n|\n|t:|1718704279\n|-end|p1b: Iron Hands|Quark Drive|[silent]\n|switch|p1b: Miraidon|Miraidon, L50|100\/100\n|-fieldstart|move: Electric Terrain|[from] ability: Hadron Engine|[of] p1b: Miraidon\n|move|p2a: Calyrex|High Horsepower|p1a: Chi-Yu\n|-supereffective|p1a: Chi-Yu\n|-damage|p1a: Chi-Yu|0 fnt\n|faint|p1a: Chi-Yu\n|-ability|p2a: Calyrex|Chilling Neigh|boost\n|-boost|p2a: Calyrex|atk|1\n|move|p2b: Raging Bolt|Volt Switch|p1b: Miraidon\n|-resisted|p1b: Miraidon\n|-damage|p1b: Miraidon|88\/100\n|j| cz1023\n|\n|t:|1718704292\n|-end|p2b: Raging Bolt|Protosynthesis|[silent]\n|switch|p2b: Amoonguss|Amoonguss, L50, F|67\/100|[from] Volt Switch\n|\n|upkeep\n|inactive|Battle timer is ON: inactive players will automatically lose when time's up. (requested by pint of guiness)\n|\n|t:|1718704309\n|switch|p1a: Iron Hands|Iron Hands, L50, shiny|41\/100\n|-activate|p1a: Iron Hands|ability: Quark Drive\n|-start|p1a: Iron Hands|quarkdriveatk\n|turn|8\n|l| rabbihorn\n|\n|t:|1718704317\n|switch|p1b: Farigiraf|Farigiraf, L50, M, shiny|41\/100\n|move|p2a: Calyrex|Protect|p2a: Calyrex\n|-singleturn|p2a: Calyrex|Protect\n|move|p2b: Amoonguss|Protect|p2b: Amoonguss\n|-singleturn|p2b: Amoonguss|Protect\n|move|p1a: Iron Hands|Fake Out|p2a: Calyrex\n|-activate|p2a: Calyrex|move: Protect\n|\n|upkeep\n|turn|9\n|\n|t:|1718704332\n|-terastallize|p1a: Iron Hands|Grass\n|move|p1a: Iron Hands|Wild Charge|p2a: Calyrex\n|-damage|p2a: Calyrex|27\/100\n|-damage|p1a: Iron Hands|30\/100|[from] Recoil\n|move|p2a: Calyrex|Glacial Lance|p1a: Iron Hands|[spread] p1a,p1b\n|-supereffective|p1a: Iron Hands\n|-damage|p1a: Iron Hands|0 fnt\n|-damage|p1b: Farigiraf|0 fnt\n|faint|p1a: Iron Hands\n|-end|p1a: Iron Hands|Quark Drive|[silent]\n|faint|p1b: Farigiraf\n|-ability|p2a: Calyrex|Chilling Neigh|boost\n|-boost|p2a: Calyrex|atk|2\n|move|p2b: Amoonguss|Pollen Puff|p1: Iron Hands|[notarget]\n|-fail|p2b: Amoonguss\n|\n|upkeep\n|-message|pint of guiness forfeited.\n|\n|win|sturbyy\n|raw|pint of guiness's rating: 1771 &rarr; <strong>1747<\/strong><br \/>(-24 for losing)\n|raw|sturbyy's rating: 1697 &rarr; <strong>1721<\/strong><br \/>(+24 for winning)\n|l|\u2606pint of guiness\n|player|p1|\n|l| bormanda\n|l| defnotzero\n|j| rabbihorn\n|l| cz1023\n","uploadtime":1718704510,"views":31,"formatid":"gen9vgc2024regg","rating":1721,"private":0,"password":null}