{"id":"gen9vgc2024regg-2145471430","format":"[Gen 9] VGC 2024 Reg G","players":["Therazer456","pint of guiness"],"log":"|j|\u2606Therazer456\n|j|\u203dpint of guiness\n|t:|1718702194\n|gametype|doubles\n|player|p1|Therazer456|ghetsis|1766\n|player|p2|pint of guiness|169|1725\n|teamsize|p1|6\n|teamsize|p2|6\n|gen|9\n|tier|[Gen 9] VGC 2024 Reg G\n|rated|\n|rule|Species Clause: Limit one of each Pok\u00e9mon\n|rule|Item Clause: Limit one of each item\n|clearpoke\n|poke|p1|Calyrex-Ice, L50|\n|poke|p1|Porygon2, L50|\n|poke|p1|Raging Bolt, L50|\n|poke|p1|Incineroar, L50, F|\n|poke|p1|Iron Jugulis, L50|\n|poke|p1|Amoonguss, L50, M|\n|poke|p2|Miraidon, L50|\n|poke|p2|Murkrow, L50, F|\n|poke|p2|Chi-Yu, L50|\n|poke|p2|Iron Hands, L50|\n|poke|p2|Urshifu-*, L50, M|\n|poke|p2|Farigiraf, L50, F|\n|teampreview|4\n|\n|t:|1718702220\n|start\n|switch|p1a: Robin|Iron Jugulis, L50, shiny|100\/100\n|switch|p1b: California|Raging Bolt, L50|100\/100\n|switch|p2a: Miraidon|Miraidon, L50|100\/100\n|switch|p2b: Chi-Yu|Chi-Yu, L50|100\/100\n|-ability|p2b: Chi-Yu|Beads of Ruin\n|-fieldstart|move: Electric Terrain|[from] ability: Hadron Engine|[of] p2a: Miraidon\n|-activate|p1a: Robin|ability: Quark Drive\n|-start|p1a: Robin|quarkdrivespe\n|turn|1\n|\n|t:|1718702238\n|-terastallize|p2a: Miraidon|Fairy\n|-terastallize|p1b: California|Electric\n|move|p1a: Robin|Protect|p1a: Robin\n|-singleturn|p1a: Robin|Protect\n|move|p2b: Chi-Yu|Snarl|p1a: Robin|[spread] p1b\n|-activate|p1a: Robin|move: Protect\n|-damage|p1b: California|84\/100\n|-unboost|p1b: California|spa|1\n|move|p2a: Miraidon|Dazzling Gleam|p1b: California|[spread] p1b\n|-activate|p1a: Robin|move: Protect\n|-damage|p1b: California|38\/100\n|move|p1b: California|Draco Meteor|p2a: Miraidon\n|-immune|p2a: Miraidon\n|\n|upkeep\n|turn|2\n|j| bormanda\n|\n|t:|1718702255\n|move|p1a: Robin|Snarl|p2a: Miraidon|[spread] p2a,p2b\n|-resisted|p2a: Miraidon\n|-resisted|p2b: Chi-Yu\n|-damage|p2a: Miraidon|90\/100\n|-damage|p2b: Chi-Yu|91\/100\n|-unboost|p2a: Miraidon|spa|1\n|-unboost|p2b: Chi-Yu|spa|1\n|move|p2b: Chi-Yu|Snarl|p1a: Robin|[spread] p1a,p1b\n|-resisted|p1a: Robin\n|-damage|p1a: Robin|91\/100\n|-damage|p1b: California|28\/100\n|-unboost|p1a: Robin|spa|1\n|-unboost|p1b: California|spa|1\n|move|p2a: Miraidon|Dazzling Gleam|p1b: California|[spread] p1a,p1b\n|-supereffective|p1a: Robin\n|-damage|p1a: Robin|0 fnt\n|-damage|p1b: California|0 fnt\n|faint|p1a: Robin\n|-end|p1a: Robin|Quark Drive|[silent]\n|faint|p1b: California\n|-end|p1b: California|Protosynthesis|[silent]\n|\n|upkeep\n|\n|t:|1718702268\n|switch|p1a: Wreath|Calyrex-Ice, L50|100\/100\n|switch|p1b: Orion|Incineroar, L50, F, shiny|100\/100\n|-ability|p1a: Wreath|As One\n|-ability|p1a: Wreath|Unnerve\n|-ability|p1b: Orion|Intimidate|boost\n|-unboost|p2a: Miraidon|atk|1\n|-unboost|p2b: Chi-Yu|atk|1\n|turn|3\n|\n|t:|1718702277\n|switch|p2b: Iron Hands|Iron Hands, L50, shiny|100\/100\n|-activate|p2b: Iron Hands|ability: Quark Drive\n|-start|p2b: Iron Hands|quarkdriveatk\n|switch|p2a: Farigiraf|Farigiraf, L50, F, shiny|100\/100\n|-enditem|p2a: Farigiraf|Electric Seed\n|-boost|p2a: Farigiraf|def|1|[from] item: Electric Seed\n|move|p1b: Orion|Knock Off|p2b: Iron Hands\n|-resisted|p2b: Iron Hands\n|-damage|p2b: Iron Hands|86\/100\n|-enditem|p2b: Iron Hands|Assault Vest|[from] move: Knock Off|[of] p1b: Orion\n|move|p1a: Wreath|Trick Room|p1a: Wreath\n|-fieldstart|move: Trick Room|[of] p1a: Wreath\n|\n|upkeep\n|turn|4\n|\n|t:|1718702287\n|move|p2b: Iron Hands|Fake Out|p1a: Wreath\n|-damage|p1a: Wreath|88\/100\n|cant|p1a: Wreath|flinch\n|move|p1b: Orion|Flare Blitz|p2b: Iron Hands\n|-damage|p2b: Iron Hands|47\/100\n|-status|p2b: Iron Hands|brn\n|-damage|p1b: Orion|84\/100|[from] Recoil\n|move|p2a: Farigiraf|Trick Room|p2a: Farigiraf\n|-fieldend|move: Trick Room\n|\n|-damage|p2b: Iron Hands|40\/100 brn|[from] brn\n|upkeep\n|turn|5\n|\n|t:|1718702302\n|move|p1b: Orion|Flare Blitz|p2b: Iron Hands\n|-damage|p2b: Iron Hands|3\/100 brn\n|-damage|p1b: Orion|69\/100|[from] Recoil\n|move|p2a: Farigiraf|Hyper Voice|p1b: Orion|[spread] p1a,p1b\n|-damage|p1a: Wreath|72\/100\n|-damage|p1b: Orion|48\/100\n|move|p2b: Iron Hands|Wild Charge|p1a: Wreath\n|-damage|p1a: Wreath|48\/100\n|-damage|p2b: Iron Hands|0 fnt|[from] Recoil\n|faint|p2b: Iron Hands\n|-end|p2b: Iron Hands|Quark Drive|[silent]\n|move|p1a: Wreath|Trick Room|p1a: Wreath\n|-fieldstart|move: Trick Room|[of] p1a: Wreath\n|\n|-fieldend|move: Electric Terrain\n|upkeep\n|\n|t:|1718702311\n|switch|p2b: Chi-Yu|Chi-Yu, L50|91\/100\n|-ability|p2b: Chi-Yu|Beads of Ruin\n|turn|6\n|\n|t:|1718702340\n|move|p1a: Wreath|High Horsepower|p2b: Chi-Yu\n|-supereffective|p2b: Chi-Yu\n|-damage|p2b: Chi-Yu|0 fnt\n|faint|p2b: Chi-Yu\n|-ability|p1a: Wreath|Chilling Neigh|boost\n|-boost|p1a: Wreath|atk|1\n|move|p1b: Orion|Parting Shot|p2a: Farigiraf\n|-unboost|p2a: Farigiraf|atk|1\n|-unboost|p2a: Farigiraf|spa|1\n|move|p2a: Farigiraf|Trick Room|p2a: Farigiraf\n|-fieldend|move: Trick Room\n|\n|upkeep\n|\n|t:|1718702344\n|switch|p2b: Miraidon|Miraidon, L50, tera:Fairy|90\/100\n|-fieldstart|move: Electric Terrain|[from] ability: Hadron Engine|[of] p2b: Miraidon\n|turn|7\n|j| Chysialy\n|\n|t:|1718702352\n|move|p2a: Farigiraf|Helping Hand|p2b: Miraidon\n|-singleturn|p2b: Miraidon|Helping Hand|[of] p2a: Farigiraf\n|move|p2b: Miraidon|Discharge|p1a: Wreath|[spread] p2a,p1a,p1b\n|-damage|p2a: Farigiraf|12\/100\n|-damage|p1a: Wreath|0 fnt\n|-damage|p1b: Orion|0 fnt\n|faint|p1a: Wreath\n|faint|p1b: Orion\n|\n|win|pint of guiness\n|raw|Therazer456's rating: 1766 &rarr; <strong>1744<\/strong><br \/>(-22 for losing)\n|raw|pint of guiness's rating: 1725 &rarr; <strong>1747<\/strong><br \/>(+22 for winning)\n|l|\u2606Therazer456\n|player|p1|\n|l| Chysialy\n|l| bormanda\n|l|\u203dpint of guiness\n|player|p2|\n","uploadtime":1718702615,"views":52,"formatid":"gen9vgc2024regg","rating":1744,"private":0,"password":null}