{"id":"gen9vgc2024regg-2145828405","format":"[Gen 9] VGC 2024 Reg G","players":["rebornrhyme","Krisuerte"],"log":"|j|\u2606rebornrhyme\n|j|\u2606Krisuerte\n|t:|1718745301\n|gametype|doubles\n|player|p1|rebornrhyme|roxie|1735\n|player|p2|Krisuerte|266|1683\n|teamsize|p1|6\n|teamsize|p2|6\n|gen|9\n|tier|[Gen 9] VGC 2024 Reg G\n|rated|\n|rule|Species Clause: Limit one of each Pok\u00e9mon\n|rule|Item Clause: Limit one of each item\n|clearpoke\n|poke|p1|Sableye, L50, M|\n|poke|p1|Groudon, L50|\n|poke|p1|Iron Valiant, L50|\n|poke|p1|Flutter Mane, L50|\n|poke|p1|Incineroar, L50, F|\n|poke|p1|Rillaboom, L50, M|\n|poke|p2|Sinistcha-Masterpiece, L50|\n|poke|p2|Kyogre, L50|\n|poke|p2|Tornadus, L50, M|\n|poke|p2|Urshifu-*, L50, F|\n|poke|p2|Archaludon, L50, F|\n|poke|p2|Landorus, L50, M|\n|teampreview|4\n|inactive|Battle timer is ON: inactive players will automatically lose when time's up. (requested by rebornrhyme)\n|inactive|Krisuerte also wants the timer to be on.\n|j| harold34\n|\n|t:|1718745348\n|start\n|switch|p1a: Iron Valiant|Iron Valiant, L50|100\/100\n|switch|p1b: Sableye|Sableye, L50, M|100\/100\n|switch|p2a: Kyogre|Kyogre, L50|100\/100\n|switch|p2b: Tornadus|Tornadus, L50, M|100\/100\n|-weather|RainDance|[from] ability: Drizzle|[of] p2a: Kyogre\n|turn|1\n|inactive|Krisuerte has 30 seconds left.\n|\n|t:|1718745377\n|move|p1b: Sableye|Fake Out|p2a: Kyogre\n|-damage|p2a: Kyogre|93\/100\n|move|p1a: Iron Valiant|Spirit Break|p2a: Kyogre\n|-damage|p2a: Kyogre|52\/100\n|-unboost|p2a: Kyogre|spa|1\n|move|p2b: Tornadus|Bleakwind Storm|p1a: Iron Valiant|[spread] p1a,p1b\n|-supereffective|p1a: Iron Valiant\n|-enditem|p1a: Iron Valiant|Focus Sash\n|-damage|p1a: Iron Valiant|1\/100\n|-damage|p1b: Sableye|43\/100\n|-enditem|p1b: Sableye|Eject Button\n|\n|t:|1718745392\n|switch|p1b: Groudon|Groudon, L50|100\/100\n|-weather|SunnyDay|[from] ability: Drought|[of] p1b: Groudon\n|cant|p2a: Kyogre|flinch\n|\n|-weather|SunnyDay|[upkeep]\n|upkeep\n|turn|2\n|inactive|Krisuerte has 30 seconds left.\n|\n|t:|1718745423\n|move|p1a: Iron Valiant|Wide Guard|p1a: Iron Valiant\n|-singleturn|p1a: Iron Valiant|Wide Guard\n|move|p2b: Tornadus|Tailwind|p2b: Tornadus\n|-sidestart|p2: Krisuerte|move: Tailwind\n|move|p2a: Kyogre|Ice Beam|p1b: Groudon\n|-supereffective|p1b: Groudon\n|-damage|p1b: Groudon|26\/100\n|move|p1b: Groudon|Heat Crash|p2b: Tornadus\n|-damage|p2b: Tornadus|15\/100\n|\n|-weather|SunnyDay|[upkeep]\n|upkeep\n|turn|3\n|inactive|rebornrhyme has 30 seconds left.\n|inactive|rebornrhyme has 20 seconds left.\n|\n|t:|1718745459\n|move|p1b: Groudon|Protect|p1b: Groudon\n|-singleturn|p1b: Groudon|Protect\n|move|p2b: Tornadus|Rain Dance|p2b: Tornadus\n|-weather|RainDance\n|move|p2a: Kyogre|Ice Beam|p1b: Groudon\n|-activate|p1b: Groudon|move: Protect\n|move|p1a: Iron Valiant|Spirit Break|p2a: Kyogre\n|-damage|p2a: Kyogre|14\/100\n|-unboost|p2a: Kyogre|spa|1\n|\n|-weather|RainDance|[upkeep]\n|upkeep\n|turn|4\n|\n|t:|1718745476\n|switch|p1b: Sableye|Sableye, L50, M|43\/100\n|move|p1a: Iron Valiant|Wide Guard|p1a: Iron Valiant\n|-singleturn|p1a: Iron Valiant|Wide Guard\n|move|p2b: Tornadus|Bleakwind Storm|p1b: Sableye|[spread] \n|-activate|p1a: Iron Valiant|move: Wide Guard\n|-activate|p1b: Sableye|move: Wide Guard\n|move|p2a: Kyogre|Ice Beam|p1b: Sableye\n|-damage|p1b: Sableye|0 fnt\n|faint|p1b: Sableye\n|\n|-weather|RainDance|[upkeep]\n|upkeep\n|\n|t:|1718745489\n|switch|p1b: Rillaboom|Rillaboom, L50, M|100\/100\n|-fieldstart|move: Grassy Terrain|[from] ability: Grassy Surge|[of] p1b: Rillaboom\n|turn|5\n|inactive|rebornrhyme has 30 seconds left.\n|\n|t:|1718745521\n|switch|p2a: Archaludon|Archaludon, L50, F|100\/100\n|-terastallize|p1b: Rillaboom|Fire\n|move|p1a: Iron Valiant|Wide Guard|p1a: Iron Valiant\n|-singleturn|p1a: Iron Valiant|Wide Guard\n|move|p2b: Tornadus|Bleakwind Storm|p1b: Rillaboom|[spread] \n|-activate|p1a: Iron Valiant|move: Wide Guard\n|-activate|p1b: Rillaboom|move: Wide Guard\n|move|p1b: Rillaboom|U-turn|p2b: Tornadus\n|-resisted|p2b: Tornadus\n|-damage|p2b: Tornadus|0 fnt\n|faint|p2b: Tornadus\n|\n|t:|1718745536\n|switch|p1b: Groudon|Groudon, L50|26\/100|[from] U-turn\n|-weather|SunnyDay|[from] ability: Drought|[of] p1b: Groudon\n|\n|-weather|SunnyDay|[upkeep]\n|-heal|p1a: Iron Valiant|7\/100|[from] Grassy Terrain\n|-heal|p1b: Groudon|32\/100|[from] Grassy Terrain\n|-sideend|p2: Krisuerte|move: Tailwind\n|upkeep\n|j| Boobookittyfjord\n|j| Bresogaming\n|\n|t:|1718745546\n|switch|p2b: Urshifu|Urshifu-Rapid-Strike, L50, F|100\/100\n|turn|6\n|inactive|Krisuerte has 30 seconds left.\n|\n|t:|1718745573\n|switch|p1b: Rillaboom|Rillaboom, L50, M, tera:Fire|100\/100\n|-terastallize|p2b: Urshifu|Water\n|move|p2b: Urshifu|Aqua Jet|p1a: Iron Valiant\n|-damage|p1a: Iron Valiant|0 fnt\n|faint|p1a: Iron Valiant\n|-end|p1a: Iron Valiant|Quark Drive|[silent]\n|move|p2a: Archaludon|Flash Cannon|p1b: Rillaboom\n|-resisted|p1b: Rillaboom\n|-damage|p1b: Rillaboom|83\/100\n|\n|-weather|SunnyDay|[upkeep]\n|-heal|p1b: Rillaboom|89\/100|[from] Grassy Terrain\n|upkeep\n|l| Boobookittyfjord\n|-message|rebornrhyme forfeited.\n|\n|win|Krisuerte\n|raw|rebornrhyme's rating: 1735 &rarr; <strong>1712<\/strong><br \/>(-23 for losing)\n|raw|Krisuerte's rating: 1683 &rarr; <strong>1706<\/strong><br \/>(+23 for winning)\n|l|\u2606rebornrhyme\n|player|p1|\n|l|\u2606Krisuerte\n|player|p2|\n|l| harold34\n|l| Bresogaming\n","uploadtime":1718745842,"views":50,"formatid":"gen9vgc2024regg","rating":1706,"private":0,"password":null}