{"id":"gen9vgc2024regg-2145463401","format":"[Gen 9] VGC 2024 Reg G","players":["Disfrazdetigre","shulivgc"],"log":"|j|\u2606Disfrazdetigre\n|j|\u2606shulivgc\n|t:|1718700692\n|gametype|doubles\n|player|p1|Disfrazdetigre|grimsley|1720\n|player|p2|shulivgc|#smogonxnpa2024draftee2|1758\n|teamsize|p1|6\n|teamsize|p2|6\n|gen|9\n|tier|[Gen 9] VGC 2024 Reg G\n|rated|\n|rule|Species Clause: Limit one of each Pok\u00e9mon\n|rule|Item Clause: Limit one of each item\n|clearpoke\n|poke|p1|Ho-Oh, L50|\n|poke|p1|Ogerpon, L50, F|\n|poke|p1|Ting-Lu, L50|\n|poke|p1|Basculegion-F, L50, F|\n|poke|p1|Raging Bolt, L50|\n|poke|p1|Medicham, L50, M|\n|poke|p2|Terapagos, L50, M|\n|poke|p2|Grimmsnarl, L50, M|\n|poke|p2|Rillaboom, L50, M|\n|poke|p2|Raging Bolt, L50|\n|poke|p2|Flutter Mane, L50|\n|poke|p2|Urshifu-*, L50, F|\n|teampreview|4\n|j| Auryz\n|inactive|Battle timer is ON: inactive players will automatically lose when time's up. (requested by Disfrazdetigre)\n|\n|t:|1718700741\n|start\n|switch|p1a: Medicham|Medicham, L50, M|100\/100\n|switch|p1b: Ogerpon|Ogerpon, L50, F|100\/100\n|switch|p2a: Terapagos|Terapagos, L50, M|100\/100\n|switch|p2b: Grimmsnarl|Grimmsnarl, L50, M|100\/100\n|-activate|p2a: Terapagos|ability: Tera Shift\n|detailschange|p2a: Terapagos|Terapagos-Terastal, L50, M\n|-heal|p2a: Terapagos|100\/100|[silent]\n|turn|1\n|\n|t:|1718700759\n|-terastallize|p2a: Terapagos|Stellar\n|detailschange|p2a: Terapagos|Terapagos-Stellar, L50, M, tera:Stellar\n|-heal|p2a: Terapagos|100\/100|[silent]\n|move|p1a: Medicham|Fake Out|p2b: Grimmsnarl\n|-damage|p2b: Grimmsnarl|75\/100\n|move|p2b: Grimmsnarl|Fake Out|p1b: Ogerpon\n|-damage|p1b: Ogerpon|82\/100\n|move|p1b: Ogerpon|Swords Dance|p1b: Ogerpon\n|-boost|p1b: Ogerpon|atk|2\n|move|p2a: Terapagos|Tera Starstorm|p1a: Medicham|[spread] p1a,p1b\n|-damage|p1a: Medicham|8\/100\n|-damage|p1b: Ogerpon|13\/100\n|\n|upkeep\n|turn|2\n|\n|t:|1718700780\n|switch|p1a: Ting-Lu|Ting-Lu, L50|100\/100\n|-ability|p1a: Ting-Lu|Vessel of Ruin\n|-terastallize|p1b: Ogerpon|Grass\n|detailschange|p1b: Ogerpon|Ogerpon-Teal-Tera, L50, F, tera:Grass\n|-ability|p1b: Ogerpon|Embody Aspect (Teal)|boost\n|-boost|p1b: Ogerpon|spe|1\n|move|p2b: Grimmsnarl|Sucker Punch|p1b: Ogerpon\n|-damage|p1b: Ogerpon|0 fnt\n|faint|p1b: Ogerpon\n|move|p2a: Terapagos|Tera Starstorm|p1a: Ting-Lu\n|-damage|p1a: Ting-Lu|72\/100\n|\n|upkeep\n|c|\u2606Disfrazdetigre|:0\n|\n|t:|1718700797\n|switch|p1b: Ho-Oh|Ho-Oh, L50|100\/100\n|turn|3\n|\n|t:|1718700802\n|move|p2a: Terapagos|Tera Starstorm|p1a: Ting-Lu|[spread] p1a,p1b\n|-damage|p1a: Ting-Lu|51\/100\n|-damage|p1b: Ho-Oh|75\/100\n|move|p1b: Ho-Oh|Tailwind|p1b: Ho-Oh\n|-sidestart|p1: Disfrazdetigre|move: Tailwind\n|move|p2b: Grimmsnarl|Spirit Break|p1a: Ting-Lu\n|-supereffective|p1a: Ting-Lu\n|-damage|p1a: Ting-Lu|2\/100\n|-unboost|p1a: Ting-Lu|spa|1\n|move|p1a: Ting-Lu|Snarl|p2b: Grimmsnarl|[spread] p2a,p2b\n|-resisted|p2b: Grimmsnarl\n|-damage|p2a: Terapagos|96\/100\n|-damage|p2b: Grimmsnarl|73\/100\n|-unboost|p2a: Terapagos|spa|1\n|\n|upkeep\n|turn|4\n|inactive|Disfrazdetigre has 30 seconds left.\n|\n|t:|1718700831\n|move|p2b: Grimmsnarl|Sucker Punch|p1a: Ting-Lu\n|-resisted|p1a: Ting-Lu\n|-damage|p1a: Ting-Lu|0 fnt\n|faint|p1a: Ting-Lu\n|move|p1b: Ho-Oh|Sacred Fire|p2b: Grimmsnarl\n|-damage|p2b: Grimmsnarl|0 fnt\n|faint|p2b: Grimmsnarl\n|move|p2a: Terapagos|Tera Starstorm|p1b: Ho-Oh\n|-damage|p1b: Ho-Oh|41\/100\n|\n|upkeep\n|\n|t:|1718700844\n|switch|p2b: Urshifu|Urshifu-Rapid-Strike, L50, F|100\/100\n|switch|p1a: Medicham|Medicham, L50, M|8\/100\n|turn|5\n|\n|t:|1718700856\n|switch|p2a: Rillaboom|Rillaboom, L50, M|100\/100\n|-fieldstart|move: Grassy Terrain|[from] ability: Grassy Surge|[of] p2a: Rillaboom\n|move|p2b: Urshifu|Detect|p2b: Urshifu\n|-singleturn|p2b: Urshifu|Protect\n|move|p1a: Medicham|Close Combat|p2a: Rillaboom\n|-damage|p2a: Rillaboom|14\/100\n|-unboost|p1a: Medicham|def|1\n|-unboost|p1a: Medicham|spd|1\n|move|p1b: Ho-Oh|Brave Bird|p2b: Urshifu\n|-activate|p2b: Urshifu|move: Protect\n|\n|-heal|p1a: Medicham|14\/100|[from] Grassy Terrain\n|-heal|p2a: Rillaboom|21\/100|[from] Grassy Terrain\n|upkeep\n|turn|6\n|\n|t:|1718700873\n|move|p2a: Rillaboom|Fake Out|p1b: Ho-Oh\n|-damage|p1b: Ho-Oh|23\/100\n|-damage|p2a: Rillaboom|11\/100|[from] item: Life Orb\n|move|p2b: Urshifu|Aqua Jet|p1a: Medicham\n|-damage|p1a: Medicham|0 fnt\n|faint|p1a: Medicham\n|cant|p1b: Ho-Oh|flinch\n|\n|-heal|p2a: Rillaboom|17\/100|[from] Grassy Terrain\n|-sideend|p1: Disfrazdetigre|move: Tailwind\n|upkeep\n|turn|7\n|-message|Disfrazdetigre forfeited.\n|\n|win|shulivgc\n|raw|Disfrazdetigre's rating: 1720 &rarr; <strong>1702<\/strong><br \/>(-18 for losing)\n|raw|shulivgc's rating: 1758 &rarr; <strong>1776<\/strong><br \/>(+18 for winning)\n|c|\u2606Disfrazdetigre|that grimm was a liar\n|l|\u2606shulivgc\n|player|p2|\n|l| Auryz\n|l|\u2606Disfrazdetigre\n|player|p1|\n","uploadtime":1718701103,"views":43,"formatid":"gen9vgc2024regg","rating":1702,"private":0,"password":null}