{"id":"gen9vgc2024regg-2145179946","format":"[Gen 9] VGC 2024 Reg G","players":["Krisuerte","AZUNA_Fan"],"log":"|j|\u2606Krisuerte\n|j|\u2606AZUNA_Fan\n|t:|1718656646\n|gametype|doubles\n|player|p1|Krisuerte|1|1748\n|player|p2|AZUNA_Fan|dawn-gen4pt|1789\n|teamsize|p1|6\n|teamsize|p2|6\n|gen|9\n|tier|[Gen 9] VGC 2024 Reg G\n|rated|\n|rule|Species Clause: Limit one of each Pok\u00e9mon\n|rule|Item Clause: Limit one of each item\n|clearpoke\n|poke|p1|Sinistcha-Masterpiece, L50|\n|poke|p1|Kyogre, L50|\n|poke|p1|Tornadus, L50, M|\n|poke|p1|Urshifu-*, L50, M|\n|poke|p1|Archaludon, L50, F|\n|poke|p1|Landorus, L50, M|\n|poke|p2|Calyrex-Shadow, L50|\n|poke|p2|Urshifu-*, L50, F|\n|poke|p2|Indeedee-F, L50, F|\n|poke|p2|Maushold, L50|\n|poke|p2|Dondozo, L50, F|\n|poke|p2|Tatsugiri, L50, M|\n|teampreview|4\n|inactive|Battle timer is ON: inactive players will automatically lose when time's up. (requested by AZUNA_Fan)\n|\n|t:|1718656661\n|start\n|switch|p1a: Kyogre|Kyogre, L50|100\/100\n|switch|p1b: Tornadus|Tornadus, L50, M|100\/100\n|switch|p2a: Calyrex|Calyrex-Shadow, L50|100\/100\n|switch|p2b: Urshifu|Urshifu, L50, F|100\/100\n|-ability|p2a: Calyrex|As One\n|-ability|p2a: Calyrex|Unnerve\n|-weather|RainDance|[from] ability: Drizzle|[of] p1a: Kyogre\n|turn|1\n|\n|t:|1718656679\n|move|p2b: Urshifu|Sucker Punch|p1a: Kyogre\n|-damage|p1a: Kyogre|44\/100\n|move|p1b: Tornadus|Tailwind|p1b: Tornadus\n|-sidestart|p1: Krisuerte|move: Tailwind\n|move|p1a: Kyogre|Water Spout|p2b: Urshifu|[spread] p2a,p2b\n|-damage|p2a: Calyrex|37\/100\n|-damage|p2b: Urshifu|15\/100\n|move|p2a: Calyrex|Astral Barrage|p1b: Tornadus|[spread] p1a,p1b\n|-damage|p1a: Kyogre|0 fnt\n|-damage|p1b: Tornadus|23\/100\n|faint|p1a: Kyogre\n|-ability|p2a: Calyrex|Grim Neigh|boost\n|-boost|p2a: Calyrex|spa|1\n|\n|-weather|RainDance|[upkeep]\n|upkeep\n|\n|t:|1718656697\n|switch|p1a: Archaludon|Archaludon, L50, F|100\/100\n|turn|2\n|\n|t:|1718656721\n|move|p2b: Urshifu|Sucker Punch|p1b: Tornadus\n|-damage|p1b: Tornadus|0 fnt\n|faint|p1b: Tornadus\n|move|p1a: Archaludon|Electro Shot||[still]\n|-prepare|p1a: Archaludon|Electro Shot\n|-boost|p1a: Archaludon|spa|1\n|-anim|p1a: Archaludon|Electro Shot|p2a: Calyrex\n|-damage|p2a: Calyrex|0 fnt\n|faint|p2a: Calyrex\n|\n|-weather|RainDance|[upkeep]\n|upkeep\n|\n|t:|1718656733\n|switch|p2a: Dondozo|Dondozo, L50, F|100\/100\n|switch|p1b: Sinistcha|Sinistcha-Masterpiece, L50|100\/100\n|turn|3\n|\n|t:|1718656757\n|switch|p2b: Tatsugiri|Tatsugiri, L50, M|100\/100\n|-activate|p2b: Tatsugiri|ability: Commander|[of] p2a: Dondozo\n|-boost|p2a: Dondozo|atk|2\n|-boost|p2a: Dondozo|spa|2\n|-boost|p2a: Dondozo|spe|2\n|-boost|p2a: Dondozo|def|2\n|-boost|p2a: Dondozo|spd|2\n|-terastallize|p1a: Archaludon|Electric\n|-terastallize|p2a: Dondozo|Grass\n|move|p1a: Archaludon|Electro Shot||[still]\n|-prepare|p1a: Archaludon|Electro Shot\n|-boost|p1a: Archaludon|spa|1\n|-anim|p1a: Archaludon|Electro Shot|p2a: Dondozo\n|-resisted|p2a: Dondozo\n|-damage|p2a: Dondozo|86\/100\n|move|p2a: Dondozo|Order Up|p1a: Archaludon\n|-damage|p1a: Archaludon|73\/100\n|-ability|p1a: Archaludon|Stamina|boost\n|-boost|p1a: Archaludon|def|1\n|-boost|p2a: Dondozo|atk|1\n|move|p1b: Sinistcha|Life Dew||[still]|[spread] p1a,p1b\n|-heal|p1a: Archaludon|98\/100\n|-fail|p1b: Sinistcha|heal\n|\n|-weather|RainDance|[upkeep]\n|upkeep\n|turn|4\n|inactive|Krisuerte has 30 seconds left.\n|\n|t:|1718656789\n|move|p1a: Archaludon|Flash Cannon|p2a: Dondozo\n|-damage|p2a: Dondozo|68\/100\n|move|p2a: Dondozo|Earthquake|p1b: Sinistcha|[spread] p1a,p1b\n|-miss|p2a: Dondozo|p2b: Tatsugiri\n|-supereffective|p1a: Archaludon\n|-resisted|p1b: Sinistcha\n|-damage|p1a: Archaludon|32\/100\n|-damage|p1b: Sinistcha|83\/100\n|-ability|p1a: Archaludon|Stamina|boost\n|-boost|p1a: Archaludon|def|1\n|move|p1b: Sinistcha|Matcha Gotcha|p2b: Tatsugiri|[spread] p2a\n|-miss|p1b: Sinistcha|p2b: Tatsugiri\n|-resisted|p2a: Dondozo\n|-damage|p2a: Dondozo|64\/100\n|-heal|p1b: Sinistcha|86\/100|[from] drain|[of] p2a: Dondozo\n|-status|p2a: Dondozo|brn\n|\n|-weather|RainDance|[upkeep]\n|-damage|p2a: Dondozo|57\/100 brn|[from] brn\n|-sideend|p1: Krisuerte|move: Tailwind\n|upkeep\n|turn|5\n|inactive|Krisuerte has 30 seconds left.\n|\n|t:|1718656814\n|move|p2a: Dondozo|Earthquake|p1a: Archaludon|[spread] p1a,p1b\n|-miss|p2a: Dondozo|p2b: Tatsugiri\n|-supereffective|p1a: Archaludon\n|-resisted|p1b: Sinistcha\n|-damage|p1a: Archaludon|0 fnt\n|-damage|p1b: Sinistcha|78\/100\n|faint|p1a: Archaludon\n|move|p1b: Sinistcha|Life Dew|p1b: Sinistcha\n|-heal|p1b: Sinistcha|100\/100\n|\n|-weather|none\n|-damage|p2a: Dondozo|51\/100 brn|[from] brn\n|upkeep\n|turn|6\n|\n|t:|1718656832\n|move|p2a: Dondozo|Order Up|p1b: Sinistcha\n|-damage|p1b: Sinistcha|79\/100\n|-boost|p2a: Dondozo|atk|1\n|move|p1b: Sinistcha|Life Dew|p1b: Sinistcha\n|-heal|p1b: Sinistcha|100\/100\n|\n|-damage|p2a: Dondozo|45\/100 brn|[from] brn\n|upkeep\n|turn|7\n|\n|t:|1718656843\n|move|p2a: Dondozo|Order Up|p1b: Sinistcha\n|-damage|p1b: Sinistcha|79\/100\n|-boost|p2a: Dondozo|atk|1\n|move|p1b: Sinistcha|Matcha Gotcha|p2a: Dondozo|[spread] p2a\n|-miss|p1b: Sinistcha|p2b: Tatsugiri\n|-resisted|p2a: Dondozo\n|-damage|p2a: Dondozo|40\/100 brn\n|-heal|p1b: Sinistcha|81\/100|[from] drain|[of] p2a: Dondozo\n|\n|-damage|p2a: Dondozo|34\/100 brn|[from] brn\n|upkeep\n|turn|8\n|\n|t:|1718656857\n|move|p2a: Dondozo|Order Up|p1b: Sinistcha\n|-damage|p1b: Sinistcha|53\/100\n|-boost|p2a: Dondozo|atk|1\n|move|p1b: Sinistcha|Life Dew|p1b: Sinistcha\n|-heal|p1b: Sinistcha|78\/100\n|\n|-damage|p2a: Dondozo|28\/100 brn|[from] brn\n|upkeep\n|turn|9\n|\n|t:|1718656867\n|move|p2a: Dondozo|Order Up|p1b: Sinistcha\n|-damage|p1b: Sinistcha|45\/100\n|-boost|p2a: Dondozo|atk|0\n|move|p1b: Sinistcha|Life Dew|p1b: Sinistcha\n|-heal|p1b: Sinistcha|71\/100\n|\n|-damage|p2a: Dondozo|22\/100 brn|[from] brn\n|upkeep\n|turn|10\n|\n|t:|1718656877\n|move|p2a: Dondozo|Order Up|p1b: Sinistcha\n|-damage|p1b: Sinistcha|41\/100\n|-boost|p2a: Dondozo|atk|0\n|move|p1b: Sinistcha|Life Dew|p1b: Sinistcha\n|-heal|p1b: Sinistcha|66\/100\n|\n|-damage|p2a: Dondozo|16\/100 brn|[from] brn\n|upkeep\n|turn|11\n|\n|t:|1718656888\n|move|p2a: Dondozo|Order Up|p1b: Sinistcha\n|-damage|p1b: Sinistcha|33\/100\n|-boost|p2a: Dondozo|atk|0\n|move|p1b: Sinistcha|Life Dew|p1b: Sinistcha\n|-heal|p1b: Sinistcha|58\/100\n|\n|-damage|p2a: Dondozo|9\/100 brn|[from] brn\n|upkeep\n|turn|12\n|\n|t:|1718656898\n|move|p2a: Dondozo|Order Up|p1b: Sinistcha\n|-damage|p1b: Sinistcha|24\/100\n|-boost|p2a: Dondozo|atk|0\n|move|p1b: Sinistcha|Trick Room|p1b: Sinistcha\n|-fieldstart|move: Trick Room|[of] p1b: Sinistcha\n|\n|-damage|p2a: Dondozo|3\/100 brn|[from] brn\n|upkeep\n|turn|13\n|\n|t:|1718656906\n|move|p1b: Sinistcha|Life Dew|p1b: Sinistcha\n|-heal|p1b: Sinistcha|49\/100\n|move|p2a: Dondozo|Order Up|p1b: Sinistcha\n|-damage|p1b: Sinistcha|18\/100\n|-boost|p2a: Dondozo|atk|0\n|\n|-damage|p2a: Dondozo|0 fnt|[from] brn\n|faint|p2a: Dondozo\n|upkeep\n|\n|t:|1718656916\n|switch|p2a: Urshifu|Urshifu, L50, F|15\/100\n|turn|14\n|\n|t:|1718656930\n|move|p1b: Sinistcha|Matcha Gotcha|p2b: Tatsugiri|[spread] p2a,p2b\n|-damage|p2a: Urshifu|0 fnt\n|-heal|p1b: Sinistcha|25\/100|[from] drain|[of] p2a: Urshifu\n|-damage|p2b: Tatsugiri|66\/100\n|-heal|p1b: Sinistcha|39\/100|[from] drain|[of] p2b: Tatsugiri\n|faint|p2a: Urshifu\n|move|p2b: Tatsugiri|Mirror Coat|p1b: Sinistcha\n|-damage|p1b: Sinistcha|0 fnt\n|faint|p1b: Sinistcha\n|\n|win|AZUNA_Fan\n|raw|Krisuerte's rating: 1748 &rarr; <strong>1730<\/strong><br \/>(-18 for losing)\n|raw|AZUNA_Fan's rating: 1789 &rarr; <strong>1807<\/strong><br \/>(+18 for winning)\n|l|\u2606AZUNA_Fan\n|player|p2|\n|l|\u2606Krisuerte\n|player|p1|\n","uploadtime":1718657132,"views":79,"formatid":"gen9vgc2024regg","rating":1730,"private":0,"password":null}