{"id":"gen9vgc2024regg-2145833637","format":"[Gen 9] VGC 2024 Reg G","players":["MigraineMan","Krisuerte"],"log":"|j|\u2606MigraineMan\n|j|\u2606Krisuerte\n|t:|1718745898\n|gametype|doubles\n|player|p1|MigraineMan|266|1693\n|player|p2|Krisuerte|266|1731\n|teamsize|p1|6\n|teamsize|p2|6\n|gen|9\n|tier|[Gen 9] VGC 2024 Reg G\n|rated|\n|rule|Species Clause: Limit one of each Pok\u00e9mon\n|rule|Item Clause: Limit one of each item\n|clearpoke\n|poke|p1|Blaziken, L50, M|\n|poke|p1|Lugia, L50|\n|poke|p1|Clefairy, L50, F|\n|poke|p1|Rillaboom, L50, F|\n|poke|p1|Urshifu-*, L50, F|\n|poke|p1|Comfey, L50, F|\n|poke|p2|Sinistcha-Masterpiece, L50|\n|poke|p2|Kyogre, L50|\n|poke|p2|Tornadus, L50, M|\n|poke|p2|Urshifu-*, L50, M|\n|poke|p2|Archaludon, L50, F|\n|poke|p2|Landorus, L50, M|\n|teampreview|4\n|inactive|Battle timer is ON: inactive players will automatically lose when time's up. (requested by Krisuerte)\n|\n|t:|1718745928\n|start\n|switch|p1a: Lugia|Lugia, L50, shiny|100\/100\n|switch|p1b: Rillaboom|Rillaboom, L50, F|100\/100\n|switch|p2a: Kyogre|Kyogre, L50|100\/100\n|switch|p2b: Tornadus|Tornadus, L50, M|100\/100\n|-weather|RainDance|[from] ability: Drizzle|[of] p2a: Kyogre\n|-fieldstart|move: Grassy Terrain|[from] ability: Grassy Surge|[of] p1b: Rillaboom\n|turn|1\n|\n|t:|1718745945\n|-terastallize|p1a: Lugia|Grass\n|-terastallize|p2a: Kyogre|Ghost\n|move|p1b: Rillaboom|Fake Out|p2a: Kyogre\n|-immune|p2a: Kyogre\n|move|p2b: Tornadus|Tailwind|p2b: Tornadus\n|-sidestart|p2: Krisuerte|move: Tailwind\n|move|p2a: Kyogre|Water Spout|p1b: Rillaboom|[spread] p1a,p1b\n|-resisted|p1a: Lugia\n|-resisted|p1b: Rillaboom\n|-damage|p1a: Lugia|80\/100\n|-damage|p1b: Rillaboom|45\/100\n|move|p1a: Lugia|Calm Mind|p1a: Lugia\n|-boost|p1a: Lugia|spa|1\n|-boost|p1a: Lugia|spd|1\n|\n|-weather|RainDance|[upkeep]\n|-heal|p1a: Lugia|86\/100|[from] Grassy Terrain\n|-heal|p1a: Lugia|93\/100|[from] item: Leftovers\n|-heal|p1b: Rillaboom|51\/100|[from] Grassy Terrain\n|upkeep\n|turn|2\n|\n|t:|1718745968\n|move|p1b: Rillaboom|Grassy Glide|p2a: Kyogre\n|-damage|p2a: Kyogre|61\/100\n|move|p2b: Tornadus|Bleakwind Storm|p1a: Lugia|[spread] p1a,p1b\n|-supereffective|p1a: Lugia\n|-supereffective|p1b: Rillaboom\n|-damage|p1a: Lugia|70\/100\n|-damage|p1b: Rillaboom|4\/100\n|move|p2a: Kyogre|Water Spout|p1a: Lugia|[spread] p1a,p1b\n|-resisted|p1a: Lugia\n|-resisted|p1b: Rillaboom\n|-damage|p1a: Lugia|54\/100\n|-damage|p1b: Rillaboom|0 fnt\n|faint|p1b: Rillaboom\n|move|p1a: Lugia|Calm Mind|p1a: Lugia\n|-boost|p1a: Lugia|spa|1\n|-boost|p1a: Lugia|spd|1\n|\n|-weather|RainDance|[upkeep]\n|-heal|p2a: Kyogre|67\/100|[from] Grassy Terrain\n|-heal|p1a: Lugia|61\/100|[from] Grassy Terrain\n|-heal|p1a: Lugia|67\/100|[from] item: Leftovers\n|upkeep\n|\n|t:|1718745977\n|switch|p1b: Comfey|Comfey, L50, F|100\/100\n|turn|3\n|j| Boobookittyfjord\n|j| harold34\n|l| Boobookittyfjord\n|inactive|MigraineMan has 30 seconds left.\n|\n|t:|1718746005\n|move|p2b: Tornadus|Bleakwind Storm|p1a: Lugia|[spread] p1a,p1b\n|-supereffective|p1a: Lugia\n|-damage|p1a: Lugia|50\/100\n|-damage|p1b: Comfey|68\/100\n|move|p2a: Kyogre|Water Spout|p1b: Comfey|[spread] p1a,p1b\n|-resisted|p1a: Lugia\n|-crit|p1a: Lugia\n|-damage|p1a: Lugia|12\/100\n|-damage|p1b: Comfey|0 fnt\n|faint|p1b: Comfey\n|move|p1a: Lugia|Calm Mind|p1a: Lugia\n|-boost|p1a: Lugia|spa|1\n|-boost|p1a: Lugia|spd|1\n|\n|-weather|RainDance|[upkeep]\n|-heal|p2a: Kyogre|73\/100|[from] Grassy Terrain\n|-heal|p1a: Lugia|18\/100|[from] Grassy Terrain\n|-heal|p1a: Lugia|24\/100|[from] item: Leftovers\n|upkeep\n|\n|t:|1718746013\n|switch|p1b: Urshifu|Urshifu-Rapid-Strike, L50, F|100\/100\n|turn|4\n|\n|t:|1718746025\n|move|p2b: Tornadus|Bleakwind Storm|p1a: Lugia|[spread] p1a,p1b\n|-supereffective|p1a: Lugia\n|-supereffective|p1b: Urshifu\n|-damage|p1a: Lugia|12\/100\n|-damage|p1b: Urshifu|4\/100\n|move|p2a: Kyogre|Water Spout|p1b: Urshifu|[spread] p1a,p1b\n|-resisted|p1a: Lugia\n|-resisted|p1b: Urshifu\n|-damage|p1a: Lugia|1\/100\n|-damage|p1b: Urshifu|0 fnt\n|faint|p1b: Urshifu\n|move|p1a: Lugia|Recover|p1a: Lugia\n|-heal|p1a: Lugia|51\/100\n|\n|-weather|RainDance|[upkeep]\n|-heal|p2a: Kyogre|79\/100|[from] Grassy Terrain\n|-heal|p1a: Lugia|57\/100|[from] Grassy Terrain\n|-heal|p1a: Lugia|63\/100|[from] item: Leftovers\n|-sideend|p2: Krisuerte|move: Tailwind\n|upkeep\n|turn|5\n|\n|t:|1718746049\n|switch|p2a: Archaludon|Archaludon, L50, F|100\/100\n|move|p2b: Tornadus|Scary Face|p1a: Lugia\n|-unboost|p1a: Lugia|spe|2\n|move|p1a: Lugia|Recover|p1a: Lugia\n|-heal|p1a: Lugia|100\/100\n|\n|-weather|none\n|-fieldend|move: Grassy Terrain\n|upkeep\n|turn|6\n|\n|t:|1718746070\n|move|p2b: Tornadus|Bleakwind Storm|p1a: Lugia\n|-supereffective|p1a: Lugia\n|-damage|p1a: Lugia|92\/100\n|move|p2a: Archaludon|Snarl|p1a: Lugia|[miss]\n|-miss|p2a: Archaludon|p1a: Lugia\n|move|p1a: Lugia|Aeroblast|p2b: Tornadus\n|-damage|p2b: Tornadus|16\/100\n|\n|-heal|p1a: Lugia|98\/100|[from] item: Leftovers\n|upkeep\n|turn|7\n|inactive|Krisuerte has 30 seconds left.\n|\n|t:|1718746099\n|move|p2b: Tornadus|Bleakwind Storm|p1a: Lugia\n|-supereffective|p1a: Lugia\n|-damage|p1a: Lugia|80\/100\n|-unboost|p1a: Lugia|spe|1\n|move|p2a: Archaludon|Snarl|p1a: Lugia\n|-damage|p1a: Lugia|76\/100\n|-unboost|p1a: Lugia|spa|1\n|move|p1a: Lugia|Calm Mind|p1a: Lugia\n|-boost|p1a: Lugia|spa|1\n|-boost|p1a: Lugia|spd|1\n|\n|-heal|p1a: Lugia|82\/100|[from] item: Leftovers\n|upkeep\n|turn|8\n|\n|t:|1718746116\n|switch|p2a: Kyogre|Kyogre, L50, tera:Ghost|79\/100\n|-weather|RainDance|[from] ability: Drizzle|[of] p2a: Kyogre\n|move|p2b: Tornadus|Bleakwind Storm|p1a: Lugia\n|-supereffective|p1a: Lugia\n|-damage|p1a: Lugia|67\/100\n|move|p1a: Lugia|Calm Mind|p1a: Lugia\n|-boost|p1a: Lugia|spa|1\n|-boost|p1a: Lugia|spd|1\n|\n|-weather|RainDance|[upkeep]\n|-heal|p1a: Lugia|73\/100|[from] item: Leftovers\n|upkeep\n|turn|9\n|\n|t:|1718746131\n|move|p2b: Tornadus|Bleakwind Storm|p1a: Lugia\n|-supereffective|p1a: Lugia\n|-damage|p1a: Lugia|61\/100\n|move|p2a: Kyogre|Ice Beam|p1a: Lugia\n|-supereffective|p1a: Lugia\n|-damage|p1a: Lugia|44\/100\n|move|p1a: Lugia|Recover|p1a: Lugia\n|-heal|p1a: Lugia|94\/100\n|\n|-weather|RainDance|[upkeep]\n|-heal|p1a: Lugia|100\/100|[from] item: Leftovers\n|upkeep\n|turn|10\n|\n|t:|1718746145\n|move|p2b: Tornadus|Bleakwind Storm|p1a: Lugia\n|-supereffective|p1a: Lugia\n|-damage|p1a: Lugia|93\/100\n|move|p2a: Kyogre|Ice Beam|p1a: Lugia\n|-supereffective|p1a: Lugia\n|-damage|p1a: Lugia|76\/100\n|move|p1a: Lugia|Aeroblast|p2a: Kyogre\n|-damage|p2a: Kyogre|20\/100\n|\n|-weather|RainDance|[upkeep]\n|-heal|p1a: Lugia|82\/100|[from] item: Leftovers\n|upkeep\n|turn|11\n|\n|t:|1718746158\n|move|p2b: Tornadus|Bleakwind Storm|p1a: Lugia\n|-supereffective|p1a: Lugia\n|-damage|p1a: Lugia|70\/100\n|move|p2a: Kyogre|Ice Beam|p1a: Lugia\n|-supereffective|p1a: Lugia\n|-damage|p1a: Lugia|52\/100\n|move|p1a: Lugia|Earth Power|p2a: Kyogre\n|-damage|p2a: Kyogre|0 fnt\n|faint|p2a: Kyogre\n|\n|-weather|RainDance|[upkeep]\n|-heal|p1a: Lugia|58\/100|[from] item: Leftovers\n|upkeep\n|\n|t:|1718746172\n|switch|p2a: Urshifu|Urshifu-Rapid-Strike, L50, M|100\/100\n|turn|12\n|inactive|Krisuerte has 30 seconds left.\n|\n|t:|1718746200\n|move|p2b: Tornadus|Bleakwind Storm|p1a: Lugia\n|-supereffective|p1a: Lugia\n|-damage|p1a: Lugia|46\/100\n|-unboost|p1a: Lugia|spe|1\n|move|p2a: Urshifu|Close Combat|p1a: Lugia\n|-damage|p1a: Lugia|1\/100\n|-unboost|p2a: Urshifu|def|1\n|-unboost|p2a: Urshifu|spd|1\n|move|p1a: Lugia|Aeroblast|p2a: Urshifu\n|-supereffective|p2a: Urshifu\n|-damage|p2a: Urshifu|0 fnt\n|faint|p2a: Urshifu\n|\n|-weather|none\n|-heal|p1a: Lugia|8\/100|[from] item: Leftovers\n|upkeep\n|\n|t:|1718746216\n|switch|p2a: Archaludon|Archaludon, L50, F|100\/100\n|turn|13\n|\n|t:|1718746237\n|move|p2b: Tornadus|Bleakwind Storm|p1a: Lugia|[miss]\n|-miss|p2b: Tornadus|p1a: Lugia\n|move|p2a: Archaludon|Body Press|p1a: Lugia\n|-damage|p1a: Lugia|0 fnt\n|faint|p1a: Lugia\n|\n|win|Krisuerte\n|raw|MigraineMan's rating: 1693 &rarr; <strong>1675<\/strong><br \/>(-18 for losing)\n|raw|Krisuerte's rating: 1731 &rarr; <strong>1749<\/strong><br \/>(+18 for winning)\n|l|\u2606MigraineMan\n|player|p1|\n|l| harold34\n|l|\u2606Krisuerte\n|player|p2|\n","uploadtime":1718746397,"views":50,"formatid":"gen9vgc2024regg","rating":1675,"private":0,"password":null}