{"id":"gen9vgc2024regg-2145816327","format":"[Gen 9] VGC 2024 Reg G","players":["Krisuerte","greenlightdmp"],"log":"|j|\u2606Krisuerte\n|j|\u2606greenlightdmp\n|t:|1718743937\n|gametype|doubles\n|player|p1|Krisuerte|266|1670\n|player|p2|greenlightdmp|101|1766\n|teamsize|p1|6\n|teamsize|p2|6\n|gen|9\n|tier|[Gen 9] VGC 2024 Reg G\n|rated|\n|rule|Species Clause: Limit one of each Pok\u00e9mon\n|rule|Item Clause: Limit one of each item\n|clearpoke\n|poke|p1|Sinistcha-Masterpiece, L50|\n|poke|p1|Kyogre, L50|\n|poke|p1|Tornadus, L50, M|\n|poke|p1|Urshifu-*, L50, M|\n|poke|p1|Archaludon, L50, F|\n|poke|p1|Landorus, L50, M|\n|poke|p2|Eternatus, L50|\n|poke|p2|Urshifu-*, L50, M|\n|poke|p2|Flutter Mane, L50|\n|poke|p2|Araquanid, L50, M|\n|poke|p2|Incineroar, L50, F|\n|poke|p2|Rillaboom, L50, M|\n|teampreview|4\n|inactive|Battle timer is ON: inactive players will automatically lose when time's up. (requested by Krisuerte)\n|j| harold34\n|inactive|greenlightdmp has 60 seconds left.\n|\n|t:|1718744003\n|start\n|switch|p1a: Kyogre|Kyogre, L50|100\/100\n|switch|p1b: Tornadus|Tornadus, L50, M|100\/100\n|switch|p2a: Eternatus|Eternatus, L50|100\/100\n|switch|p2b: Flutter Mane|Flutter Mane, L50|100\/100\n|-ability|p2a: Eternatus|Pressure\n|-weather|RainDance|[from] ability: Drizzle|[of] p1a: Kyogre\n|-enditem|p2b: Flutter Mane|Booster Energy\n|-activate|p2b: Flutter Mane|ability: Protosynthesis|[fromitem]\n|-start|p2b: Flutter Mane|protosynthesisspe\n|turn|1\n|inactive|greenlightdmp has 30 seconds left.\n|inactive|greenlightdmp has 20 seconds left.\n|inactive|greenlightdmp has 15 seconds left.\n|inactive|greenlightdmp has 10 seconds left.\n|\n|t:|1718744052\n|move|p1b: Tornadus|Tailwind|p1b: Tornadus\n|-sidestart|p1: Krisuerte|move: Tailwind\n|move|p2b: Flutter Mane|Icy Wind|p1a: Kyogre|[spread] p1a,p1b\n|-resisted|p1a: Kyogre\n|-supereffective|p1b: Tornadus\n|-damage|p1a: Kyogre|97\/100\n|-damage|p1b: Tornadus|75\/100\n|-unboost|p1a: Kyogre|spe|1\n|move|p2a: Eternatus|Dynamax Cannon|p1a: Kyogre\n|-damage|p1a: Kyogre|49\/100\n|-damage|p2a: Eternatus|91\/100|[from] item: Life Orb\n|move|p1a: Kyogre|Water Spout|p2a: Eternatus|[spread] p2a,p2b\n|-resisted|p2a: Eternatus\n|-damage|p2a: Eternatus|57\/100\n|-damage|p2b: Flutter Mane|28\/100\n|\n|-weather|RainDance|[upkeep]\n|upkeep\n|turn|2\n|inactive|Krisuerte has 30 seconds left.\n|inactive|greenlightdmp has 30 seconds left.\n|inactive|greenlightdmp has 20 seconds left.\n|inactive|greenlightdmp has 15 seconds left.\n|\n|t:|1718744092\n|switch|p1a: Archaludon|Archaludon, L50, F|100\/100\n|move|p2b: Flutter Mane|Protect|p2b: Flutter Mane\n|-singleturn|p2b: Flutter Mane|Protect\n|move|p1b: Tornadus|Bleakwind Storm|p2b: Flutter Mane|[spread] p2a\n|-activate|p2b: Flutter Mane|move: Protect\n|-damage|p2a: Eternatus|29\/100\n|-unboost|p2a: Eternatus|spe|1\n|move|p2a: Eternatus|Dynamax Cannon|p1b: Tornadus\n|-damage|p1b: Tornadus|0 fnt\n|faint|p1b: Tornadus\n|-damage|p2a: Eternatus|19\/100|[from] item: Life Orb\n|\n|-weather|RainDance|[upkeep]\n|upkeep\n|inactive|Krisuerte has 30 seconds left.\n|\n|t:|1718744118\n|switch|p1b: Urshifu|Urshifu-Rapid-Strike, L50, M|100\/100\n|turn|3\n|j| Abazza\n|inactive|greenlightdmp has 30 seconds left.\n|inactive|greenlightdmp has 20 seconds left.\n|inactive|greenlightdmp has 15 seconds left.\n|inactive|Krisuerte has 30 seconds left.\n|\n|t:|1718744169\n|move|p2a: Eternatus|Protect|p2a: Eternatus\n|-singleturn|p2a: Eternatus|Protect\n|move|p1b: Urshifu|Aqua Jet|p2b: Flutter Mane\n|-damage|p2b: Flutter Mane|0 fnt\n|faint|p2b: Flutter Mane\n|-end|p2b: Flutter Mane|Protosynthesis|[silent]\n|move|p1a: Archaludon|Flash Cannon|p2a: Eternatus\n|-activate|p2a: Eternatus|move: Protect\n|\n|-weather|RainDance|[upkeep]\n|upkeep\n|\n|t:|1718744183\n|switch|p2b: Rillaboom|Rillaboom, L50, M|100\/100\n|-fieldstart|move: Grassy Terrain|[from] ability: Grassy Surge|[of] p2b: Rillaboom\n|turn|4\n|\n|t:|1718744207\n|switch|p2a: Urshifu|Urshifu, L50, M|100\/100\n|move|p2b: Rillaboom|Fake Out|p1b: Urshifu\n|-damage|p1b: Urshifu|86\/100\n|cant|p1b: Urshifu|flinch\n|move|p1a: Archaludon|Flash Cannon|p2a: Urshifu\n|-damage|p2a: Urshifu|41\/100\n|\n|-weather|RainDance|[upkeep]\n|-heal|p1b: Urshifu|92\/100|[from] Grassy Terrain\n|-heal|p2a: Urshifu|48\/100|[from] Grassy Terrain\n|-sideend|p1: Krisuerte|move: Tailwind\n|upkeep\n|turn|5\n|inactive|greenlightdmp has 30 seconds left.\n|\n|t:|1718744238\n|-terastallize|p1b: Urshifu|Water\n|move|p1b: Urshifu|Aqua Jet|p2a: Urshifu\n|-damage|p2a: Urshifu|0 fnt\n|faint|p2a: Urshifu\n|move|p2b: Rillaboom|Grassy Glide|p1b: Urshifu\n|-supereffective|p1b: Urshifu\n|-damage|p1b: Urshifu|19\/100\n|move|p1a: Archaludon|Electro Shot||[still]\n|-prepare|p1a: Archaludon|Electro Shot\n|-boost|p1a: Archaludon|spa|1\n|-anim|p1a: Archaludon|Electro Shot|p2b: Rillaboom\n|-resisted|p2b: Rillaboom\n|-damage|p2b: Rillaboom|75\/100\n|\n|-weather|none\n|-heal|p1b: Urshifu|25\/100|[from] Grassy Terrain\n|-heal|p2b: Rillaboom|81\/100|[from] Grassy Terrain\n|upkeep\n|\n|t:|1718744246\n|switch|p2a: Eternatus|Eternatus, L50|19\/100\n|-ability|p2a: Eternatus|Pressure\n|turn|6\n|inactive|greenlightdmp has 30 seconds left.\n|\n|t:|1718744272\n|switch|p1a: Kyogre|Kyogre, L50|49\/100\n|-weather|RainDance|[from] ability: Drizzle|[of] p1a: Kyogre\n|move|p2a: Eternatus|Protect|p2a: Eternatus\n|-singleturn|p2a: Eternatus|Protect\n|move|p1b: Urshifu|Aqua Jet|p2a: Eternatus\n|-resisted|p2a: Eternatus\n|-damage|p2a: Eternatus|0 fnt\n|faint|p2a: Eternatus\n|move|p2b: Rillaboom|Grassy Glide|p1b: Urshifu\n|-supereffective|p1b: Urshifu\n|-damage|p1b: Urshifu|0 fnt\n|faint|p1b: Urshifu\n|\n|-weather|RainDance|[upkeep]\n|-heal|p2b: Rillaboom|87\/100|[from] Grassy Terrain\n|-heal|p1a: Kyogre|54\/100|[from] Grassy Terrain\n|upkeep\n|-message|greenlightdmp forfeited.\n|\n|win|Krisuerte\n|raw|Krisuerte's rating: 1670 &rarr; <strong>1695<\/strong><br \/>(+25 for winning)\n|raw|greenlightdmp's rating: 1766 &rarr; <strong>1741<\/strong><br \/>(-25 for losing)\n|l|\u2606greenlightdmp\n|player|p2|\n|l|\u2606Krisuerte\n|player|p1|\n|l| harold34\n|l| Abazza\n","uploadtime":1718744457,"views":27,"formatid":"gen9vgc2024regg","rating":1695,"private":0,"password":null}