{"id":"gen9vgc2024regg-2145101659","format":"[Gen 9] VGC 2024 Reg G","players":["Phononmode","fabio souza"],"log":"|j|\u2606Phononmode\n|j|\u2606fabio souza\n|t:|1718648397\n|gametype|doubles\n|player|p1|Phononmode|1|1693\n|player|p2|fabio souza|265|1712\n|teamsize|p1|6\n|teamsize|p2|6\n|gen|9\n|tier|[Gen 9] VGC 2024 Reg G\n|rated|\n|rule|Species Clause: Limit one of each Pok\u00e9mon\n|rule|Item Clause: Limit one of each item\n|clearpoke\n|poke|p1|Calyrex-Ice, L50|\n|poke|p1|Dondozo, L50, F|\n|poke|p1|Rillaboom, L50, M|\n|poke|p1|Ting-Lu, L50|\n|poke|p1|Skeledirge, L50, F|\n|poke|p1|Raging Bolt, L50|\n|poke|p2|Clefairy, L50, F|\n|poke|p2|Calyrex-Shadow, L50|\n|poke|p2|Rillaboom, L50, F|\n|poke|p2|Tornadus, L50, M|\n|poke|p2|Incineroar, L50, F|\n|poke|p2|Mienshao, L50, F|\n|teampreview|4\nPhononmode has agreed to open team sheets.\n|inactive|Battle timer is ON: inactive players will automatically lose when time's up. (requested by Phononmode)\n|\n|t:|1718648415\n|start\n|switch|p1a: Rillaboom|Rillaboom, L50, M|100\/100\n|switch|p1b: Calyrex|Calyrex-Ice, L50|100\/100\n|switch|p2a: Calyrex|Calyrex-Shadow, L50|100\/100\n|switch|p2b: Incineroar|Incineroar, L50, F|100\/100\n|-ability|p2a: Calyrex|As One\n|-ability|p2a: Calyrex|Unnerve\n|-ability|p1b: Calyrex|As One\n|-ability|p1b: Calyrex|Unnerve\n|-fieldstart|move: Grassy Terrain|[from] ability: Grassy Surge|[of] p1a: Rillaboom\n|-ability|p2b: Incineroar|Intimidate|boost\n|-unboost|p1a: Rillaboom|atk|1\n|-fail|p1b: Calyrex|unboost|[from] item: Clear Amulet|[of] p1b: Calyrex\n|turn|1\n|j| thejruth3\n|\n|t:|1718648431\n|switch|p1b: Ting-Lu|Ting-Lu, L50|100\/100\n|-ability|p1b: Ting-Lu|Vessel of Ruin\n|-terastallize|p1a: Rillaboom|Grass\n|move|p2a: Calyrex|Nasty Plot|p2a: Calyrex\n|-boost|p2a: Calyrex|spa|2\n|move|p1a: Rillaboom|Wood Hammer|p2a: Calyrex\n|-damage|p2a: Calyrex|0 fnt\n|faint|p2a: Calyrex\n|-damage|p1a: Rillaboom|70\/100|[from] Recoil\n|move|p2b: Incineroar|Will-O-Wisp|p1b: Ting-Lu\n|-status|p1b: Ting-Lu|brn\n|\n|-heal|p1a: Rillaboom|75\/100|[from] Grassy Terrain\n|-damage|p1b: Ting-Lu|94\/100 brn|[from] brn\n|upkeep\n|inactive|fabio souza has 30 seconds left.\n|\n|t:|1718648458\n|switch|p2a: Rillaboom|Rillaboom, L50, F|100\/100\n|turn|2\n|j| snowflakeshateme\n|\n|t:|1718648472\n|switch|p1a: Raging Bolt|Raging Bolt, L50|100\/100\n|-enditem|p1a: Raging Bolt|Booster Energy\n|-activate|p1a: Raging Bolt|ability: Protosynthesis|[fromitem]\n|-start|p1a: Raging Bolt|protosynthesisspa\n|move|p2a: Rillaboom|U-turn|p1a: Raging Bolt\n|-damage|p1a: Raging Bolt|83\/100\n|\n|t:|1718648478\n|switch|p2a: Clefairy|Clefairy, L50, F|100\/100|[from] U-turn\n|move|p2b: Incineroar|Will-O-Wisp|p1a: Raging Bolt\n|-status|p1a: Raging Bolt|brn\n|move|p1b: Ting-Lu|Ruination|p2b: Incineroar\n|-damage|p2b: Incineroar|51\/100\n|\n|-heal|p1a: Raging Bolt|89\/100 brn|[from] Grassy Terrain\n|-heal|p2b: Incineroar|57\/100|[from] Grassy Terrain\n|-heal|p1b: Ting-Lu|100\/100 brn|[from] Grassy Terrain\n|-damage|p1a: Raging Bolt|83\/100 brn|[from] brn\n|-damage|p1b: Ting-Lu|94\/100 brn|[from] brn\n|upkeep\n|turn|3\n|inactive|fabio souza has 30 seconds left.\n|\n|t:|1718648504\n|move|p2a: Clefairy|Follow Me|p2a: Clefairy\n|-singleturn|p2a: Clefairy|move: Follow Me\n|move|p1a: Raging Bolt|Thunderbolt|p2a: Clefairy\n|-damage|p2a: Clefairy|50\/100\n|move|p2b: Incineroar|Parting Shot|p1a: Raging Bolt\n|-unboost|p1a: Raging Bolt|atk|1\n|-unboost|p1a: Raging Bolt|spa|1\n|\n|t:|1718648508\n|switch|p2b: Rillaboom|Rillaboom, L50, F|100\/100|[from] Parting Shot\n|move|p1b: Ting-Lu|Ruination|p2a: Clefairy|[miss]\n|-miss|p1b: Ting-Lu|p2a: Clefairy\n|\n|-heal|p1a: Raging Bolt|89\/100 brn|[from] Grassy Terrain\n|-heal|p2a: Clefairy|55\/100|[from] Grassy Terrain\n|-heal|p1b: Ting-Lu|100\/100 brn|[from] Grassy Terrain\n|-damage|p1a: Raging Bolt|83\/100 brn|[from] brn\n|-damage|p1b: Ting-Lu|94\/100 brn|[from] brn\n|upkeep\n|turn|4\n|\n|t:|1718648520\n|move|p2a: Clefairy|Helping Hand|p2b: Rillaboom\n|-singleturn|p2b: Rillaboom|Helping Hand|[of] p2a: Clefairy\n|move|p2b: Rillaboom|Wood Hammer|p1a: Raging Bolt\n|-resisted|p1a: Raging Bolt\n|-damage|p1a: Raging Bolt|35\/100 brn\n|-damage|p2b: Rillaboom|83\/100|[from] Recoil\n|move|p1a: Raging Bolt|Calm Mind|p1a: Raging Bolt\n|-boost|p1a: Raging Bolt|spa|1\n|-boost|p1a: Raging Bolt|spd|1\n|move|p1b: Ting-Lu|Ruination|p2b: Rillaboom\n|-damage|p2b: Rillaboom|42\/100\n|\n|-heal|p2b: Rillaboom|48\/100|[from] Grassy Terrain\n|-heal|p1a: Raging Bolt|41\/100 brn|[from] Grassy Terrain\n|-heal|p2a: Clefairy|61\/100|[from] Grassy Terrain\n|-heal|p1b: Ting-Lu|100\/100 brn|[from] Grassy Terrain\n|-damage|p1a: Raging Bolt|35\/100 brn|[from] brn\n|-damage|p1b: Ting-Lu|94\/100 brn|[from] brn\n|upkeep\n|turn|5\n|\n|t:|1718648538\n|move|p2a: Clefairy|Helping Hand|p2b: Rillaboom\n|-singleturn|p2b: Rillaboom|Helping Hand|[of] p2a: Clefairy\n|move|p2b: Rillaboom|Grassy Glide|p1a: Raging Bolt\n|-resisted|p1a: Raging Bolt\n|-damage|p1a: Raging Bolt|14\/100 brn\n|move|p1a: Raging Bolt|Thunderclap||[still]\n|-fail|p1a: Raging Bolt\n|move|p1b: Ting-Lu|Payback|p2b: Rillaboom\n|-damage|p2b: Rillaboom|31\/100\n|\n|-heal|p2b: Rillaboom|37\/100|[from] Grassy Terrain\n|-heal|p1a: Raging Bolt|20\/100 brn|[from] Grassy Terrain\n|-heal|p2a: Clefairy|67\/100|[from] Grassy Terrain\n|-heal|p1b: Ting-Lu|100\/100 brn|[from] Grassy Terrain\n|-damage|p1a: Raging Bolt|14\/100 brn|[from] brn\n|-damage|p1b: Ting-Lu|94\/100 brn|[from] brn\n|-fieldend|move: Grassy Terrain\n|upkeep\n|turn|6\n|\n|t:|1718648560\n|move|p2a: Clefairy|Helping Hand|p2b: Rillaboom\n|-singleturn|p2b: Rillaboom|Helping Hand|[of] p2a: Clefairy\n|move|p1a: Raging Bolt|Thunderclap|p2b: Rillaboom\n|-resisted|p2b: Rillaboom\n|-damage|p2b: Rillaboom|28\/100\n|move|p2b: Rillaboom|U-turn|p1a: Raging Bolt\n|-damage|p1a: Raging Bolt|0 fnt\n|faint|p1a: Raging Bolt\n|-end|p1a: Raging Bolt|Protosynthesis|[silent]\n|\n|t:|1718648564\n|switch|p2b: Incineroar|Incineroar, L50, F|57\/100|[from] U-turn\n|-ability|p2b: Incineroar|Intimidate|boost\n|-unboost|p1b: Ting-Lu|atk|1\n|move|p1b: Ting-Lu|Stomping Tantrum|p2b: Incineroar\n|-supereffective|p2b: Incineroar\n|-damage|p2b: Incineroar|43\/100\n|\n|-damage|p1b: Ting-Lu|88\/100 brn|[from] brn\n|upkeep\n|\n|t:|1718648568\n|switch|p1a: Rillaboom|Rillaboom, L50, M, tera:Grass|75\/100\n|-fieldstart|move: Grassy Terrain|[from] ability: Grassy Surge|[of] p1a: Rillaboom\n|turn|7\n|inactive|fabio souza has 30 seconds left.\n|inactive|fabio souza has 20 seconds left.\n|inactive|fabio souza has 15 seconds left.\n|inactive|fabio souza has 10 seconds left.\n|inactive|fabio souza has 5 seconds left.\n|\n|t:|1718648621\n|switch|p2a: Rillaboom|Rillaboom, L50, F|28\/100\n|move|p1a: Rillaboom|Wood Hammer|p2a: Rillaboom\n|-resisted|p2a: Rillaboom\n|-damage|p2a: Rillaboom|0 fnt\n|faint|p2a: Rillaboom\n|-damage|p1a: Rillaboom|66\/100|[from] Recoil\n|move|p2b: Incineroar|Parting Shot|p1a: Rillaboom\n|-unboost|p1a: Rillaboom|atk|1\n|-unboost|p1a: Rillaboom|spa|1\n|\n|t:|1718648629\n|switch|p2b: Clefairy|Clefairy, L50, F|67\/100|[from] Parting Shot\n|move|p1b: Ting-Lu|Stomping Tantrum|p2b: Clefairy\n|-damage|p2b: Clefairy|58\/100\n|\n|-heal|p1a: Rillaboom|72\/100|[from] Grassy Terrain\n|-heal|p2b: Clefairy|64\/100|[from] Grassy Terrain\n|-heal|p1b: Ting-Lu|94\/100 brn|[from] Grassy Terrain\n|-damage|p1b: Ting-Lu|88\/100 brn|[from] brn\n|upkeep\n|\n|t:|1718648630\n|switch|p2a: Incineroar|Incineroar, L50, F|43\/100\n|-ability|p2a: Incineroar|Intimidate|boost\n|-unboost|p1a: Rillaboom|atk|1\n|-unboost|p1b: Ting-Lu|atk|1\n|turn|8\n|inactive|fabio souza has 30 seconds left.\n|inactive|fabio souza has 20 seconds left.\n|inactive|fabio souza has 15 seconds left.\n|inactive|fabio souza has 10 seconds left.\n|inactive|fabio souza has 5 seconds left.\n|\n|t:|1718648685\n|move|p2a: Incineroar|Fake Out|p1a: Rillaboom\n|-damage|p1a: Rillaboom|62\/100\n|move|p2b: Clefairy|Follow Me|p2b: Clefairy\n|-singleturn|p2b: Clefairy|move: Follow Me\n|cant|p1a: Rillaboom|flinch\n|move|p1b: Ting-Lu|Heavy Slam|p2b: Clefairy\n|-supereffective|p2b: Clefairy\n|-damage|p2b: Clefairy|50\/100\n|\n|-heal|p1a: Rillaboom|68\/100|[from] Grassy Terrain\n|-heal|p2a: Incineroar|49\/100|[from] Grassy Terrain\n|-heal|p2b: Clefairy|56\/100|[from] Grassy Terrain\n|-heal|p1b: Ting-Lu|94\/100 brn|[from] Grassy Terrain\n|-damage|p1b: Ting-Lu|88\/100 brn|[from] brn\n|upkeep\n|turn|9\n|-message|fabio souza forfeited.\n|\n|win|Phononmode\n|raw|Phononmode's rating: 1693 &rarr; <strong>1714<\/strong><br \/>(+21 for winning)\n|raw|fabio souza's rating: 1712 &rarr; <strong>1691<\/strong><br \/>(-21 for losing)\n|l|\u2606fabio souza\n|player|p2|\n|l|\u2606Phononmode\n|player|p1|\n|l| snowflakeshateme\n|l| thejruth3\n","uploadtime":1718648909,"views":24,"formatid":"gen9vgc2024regg","rating":1691,"private":0,"password":null}