{"id":"gen9vgc2024regg-2146549784","format":"[Gen 9] VGC 2024 Reg G","players":["Krisuerte","Tempest brute"],"log":"|j|\u2606Krisuerte\n|j|\u2606Tempest brute\n|t:|1718844725\n|gametype|doubles\n|player|p1|Krisuerte|265|1760\n|player|p2|Tempest brute|102|1734\n|teamsize|p1|6\n|teamsize|p2|6\n|gen|9\n|tier|[Gen 9] VGC 2024 Reg G\n|rated|\n|rule|Species Clause: Limit one of each Pok\u00e9mon\n|rule|Item Clause: Limit one of each item\n|clearpoke\n|poke|p1|Sinistcha-Masterpiece, L50|\n|poke|p1|Kyogre, L50|\n|poke|p1|Tornadus, L50, M|\n|poke|p1|Urshifu-*, L50, F|\n|poke|p1|Archaludon, L50, M|\n|poke|p1|Landorus, L50, M|\n|poke|p2|Lunala, L50|\n|poke|p2|Roaring Moon, L50|\n|poke|p2|Entei, L50|\n|poke|p2|Ogerpon-Wellspring, L50, F|\n|poke|p2|Iron Hands, L50|\n|poke|p2|Ursaluna-Bloodmoon, L50, M|\n|teampreview|4\n|c|\u2606Tempest brute|cool team!\n|\n|t:|1718844774\n|start\n|switch|p1a: Kyogre|Kyogre, L50|100\/100\n|switch|p1b: Archaludon|Archaludon, L50, M|100\/100\n|switch|p2a: Lunala|Lunala, L50|100\/100\n|switch|p2b: Roaring Moon|Roaring Moon, L50|100\/100\n|-weather|RainDance|[from] ability: Drizzle|[of] p1a: Kyogre\n|-enditem|p2b: Roaring Moon|Booster Energy\n|-activate|p2b: Roaring Moon|ability: Protosynthesis|[fromitem]\n|-start|p2b: Roaring Moon|protosynthesisspe\n|turn|1\n|j| rabbithorn05\n|\n|t:|1718844793\n|move|p2b: Roaring Moon|Knock Off|p1a: Kyogre\n|-damage|p1a: Kyogre|59\/100\n|-enditem|p1a: Kyogre|Choice Specs|[from] move: Knock Off|[of] p2b: Roaring Moon\n|move|p2a: Lunala|Moongeist Beam|p1b: Archaludon\n|-damage|p1b: Archaludon|62\/100\n|-ability|p1b: Archaludon|Stamina|boost\n|-boost|p1b: Archaludon|def|1\n|move|p1a: Kyogre|Origin Pulse|p2b: Roaring Moon|[spread] p2a,p2b\n|-resisted|p2b: Roaring Moon\n|-damage|p2a: Lunala|78\/100\n|-damage|p2b: Roaring Moon|71\/100\n|move|p1b: Archaludon|Snarl|p2b: Roaring Moon|[spread] p2a,p2b\n|-supereffective|p2a: Lunala\n|-resisted|p2b: Roaring Moon\n|-damage|p2a: Lunala|40\/100\n|-damage|p2b: Roaring Moon|65\/100\n|-unboost|p2a: Lunala|spa|1\n|-unboost|p2b: Roaring Moon|spa|1\n|\n|-weather|RainDance|[upkeep]\n|-heal|p2a: Lunala|46\/100|[from] item: Leftovers\n|upkeep\n|turn|2\n|j| summerdog\n|\n|t:|1718844837\n|move|p2a: Lunala|Protect|p2a: Lunala\n|-singleturn|p2a: Lunala|Protect\n|move|p2b: Roaring Moon|Knock Off|p1b: Archaludon\n|-damage|p1b: Archaludon|40\/100\n|-ability|p1b: Archaludon|Stamina|boost\n|-boost|p1b: Archaludon|def|1\n|-enditem|p1b: Archaludon|Assault Vest|[from] move: Knock Off|[of] p2b: Roaring Moon\n|move|p1a: Kyogre|Ice Beam|p2b: Roaring Moon\n|-supereffective|p2b: Roaring Moon\n|-damage|p2b: Roaring Moon|0 fnt\n|faint|p2b: Roaring Moon\n|-end|p2b: Roaring Moon|Protosynthesis|[silent]\n|move|p1b: Archaludon|Electro Shot||[still]\n|-prepare|p1b: Archaludon|Electro Shot\n|-boost|p1b: Archaludon|spa|1\n|-anim|p1b: Archaludon|Electro Shot|p2a: Lunala\n|-activate|p2a: Lunala|move: Protect\n|\n|-weather|RainDance|[upkeep]\n|-heal|p2a: Lunala|53\/100|[from] item: Leftovers\n|upkeep\n|\n|t:|1718844842\n|switch|p2b: Ogerpon|Ogerpon-Wellspring, L50, F|100\/100\n|turn|3\n|\n|t:|1718844867\n|switch|p1a: Sinistcha|Sinistcha-Masterpiece, L50|100\/100\n|-heal|p1b: Archaludon|65\/100|[from] ability: Hospitality|[of] p1a: Sinistcha\n|move|p2b: Ogerpon|Horn Leech|p1a: Sinistcha\n|-resisted|p1a: Sinistcha\n|-damage|p1a: Sinistcha|84\/100\n|-damage|p2b: Ogerpon|84\/100|[from] item: Rocky Helmet|[of] p1a: Sinistcha\n|move|p2a: Lunala|Moongeist Beam|p1b: Archaludon\n|-damage|p1b: Archaludon|30\/100\n|-ability|p1b: Archaludon|Stamina|boost\n|-boost|p1b: Archaludon|def|1\n|move|p1b: Archaludon|Electro Shot||[still]\n|-prepare|p1b: Archaludon|Electro Shot\n|-boost|p1b: Archaludon|spa|1\n|-anim|p1b: Archaludon|Electro Shot|p2b: Ogerpon\n|-damage|p2b: Ogerpon|0 fnt\n|faint|p2b: Ogerpon\n|\n|-weather|RainDance|[upkeep]\n|-heal|p2a: Lunala|59\/100|[from] item: Leftovers\n|upkeep\n|\n|t:|1718844869\n|switch|p2b: Iron Hands|Iron Hands, L50|100\/100\n|turn|4\n|\n|t:|1718844935\n|-terastallize|p1a: Sinistcha|Water\n|move|p2a: Lunala|Moongeist Beam|p1b: Archaludon\n|-damage|p1b: Archaludon|0 fnt\n|faint|p1b: Archaludon\n|move|p1a: Sinistcha|Life Dew|p1a: Sinistcha\n|-heal|p1a: Sinistcha|100\/100\n|move|p2b: Iron Hands|Drain Punch|p1a: Sinistcha\n|-damage|p1a: Sinistcha|73\/100\n|-damage|p2b: Iron Hands|84\/100|[from] item: Rocky Helmet|[of] p1a: Sinistcha\n|\n|-weather|RainDance|[upkeep]\n|-heal|p2a: Lunala|65\/100|[from] item: Leftovers\n|upkeep\n|\n|t:|1718844955\n|switch|p1b: Urshifu|Urshifu-Rapid-Strike, L50, F|100\/100\n|turn|5\n|\n|t:|1718844969\n|-terastallize|p2a: Lunala|Water\n|move|p1a: Sinistcha|Rage Powder|p1a: Sinistcha\n|-singleturn|p1a: Sinistcha|move: Rage Powder\n|move|p2a: Lunala|Moonlight|p2a: Lunala\n|-heal|p2a: Lunala|90\/100\n|move|p1b: Urshifu|Surging Strikes|p2a: Lunala\n|-resisted|p2a: Lunala\n|-crit|p2a: Lunala\n|-damage|p2a: Lunala|76\/100\n|-resisted|p2a: Lunala\n|-crit|p2a: Lunala\n|-damage|p2a: Lunala|62\/100\n|-resisted|p2a: Lunala\n|-crit|p2a: Lunala\n|-damage|p2a: Lunala|48\/100\n|-hitcount|p2a: Lunala|3\n|move|p2b: Iron Hands|Wild Charge|p1a: Sinistcha\n|-supereffective|p1a: Sinistcha\n|-damage|p1a: Sinistcha|0 fnt\n|-damage|p2b: Iron Hands|68\/100|[from] item: Rocky Helmet|[of] p1a: Sinistcha\n|faint|p1a: Sinistcha\n|-damage|p2b: Iron Hands|55\/100|[from] Recoil\n|\n|-weather|none\n|-heal|p2a: Lunala|54\/100|[from] item: Leftovers\n|upkeep\n|\n|t:|1718844993\n|switch|p1a: Kyogre|Kyogre, L50|59\/100\n|-weather|RainDance|[from] ability: Drizzle|[of] p1a: Kyogre\n|turn|6\n|\n|t:|1718845001\n|move|p1b: Urshifu|Surging Strikes|p2b: Iron Hands\n|-crit|p2b: Iron Hands\n|-damage|p2b: Iron Hands|30\/100\n|-crit|p2b: Iron Hands\n|-damage|p2b: Iron Hands|4\/100\n|-enditem|p2b: Iron Hands|Iapapa Berry|[eat]\n|-heal|p2b: Iron Hands|38\/100|[from] item: Iapapa Berry\n|-crit|p2b: Iron Hands\n|-damage|p2b: Iron Hands|15\/100\n|-hitcount|p2b: Iron Hands|3\n|move|p2a: Lunala|Will-O-Wisp|p1b: Urshifu\n|-status|p1b: Urshifu|brn\n|move|p1a: Kyogre|Thunder|p2b: Iron Hands\n|-resisted|p2b: Iron Hands\n|-damage|p2b: Iron Hands|0 fnt\n|faint|p2b: Iron Hands\n|-end|p2b: Iron Hands|Quark Drive|[silent]\n|\n|-weather|RainDance|[upkeep]\n|-heal|p2a: Lunala|60\/100|[from] item: Leftovers\n|-damage|p1b: Urshifu|95\/100 brn|[from] brn\n|upkeep\n|turn|7\n|-message|Tempest brute forfeited.\n|\n|win|Krisuerte\n|raw|Krisuerte's rating: 1760 &rarr; <strong>1780<\/strong><br \/>(+20 for winning)\n|raw|Tempest brute's rating: 1753 &rarr; <strong>1733<\/strong><br \/>(-20 for losing)\n|l|\u2606Tempest brute\n|player|p2|\n|l|\u2606Krisuerte\n|player|p1|\n|l| summerdog\n|l| rabbithorn05\n","uploadtime":1718845026,"views":44,"formatid":"gen9vgc2024regg","rating":1733,"private":0,"password":null}