{"id":"gen9vgc2024regg-2146048027","format":"[Gen 9] VGC 2024 Reg G","players":["player11111","Tempest brute"],"log":"|j|\u2606player11111\n|j|\u2606Tempest brute\n|t:|1718776564\n|gametype|doubles\n|player|p1|player11111|serena-masters|1647\n|player|p2|Tempest brute|2|1797\n|teamsize|p1|6\n|teamsize|p2|6\n|gen|9\n|tier|[Gen 9] VGC 2024 Reg G\n|rated|\n|rule|Species Clause: Limit one of each Pok\u00e9mon\n|rule|Item Clause: Limit one of each item\n|clearpoke\n|poke|p1|Chien-Pao, L50|\n|poke|p1|Urshifu-*, L50, F|\n|poke|p1|Incineroar, L50, F|\n|poke|p1|Zamazenta-*, L50|\n|poke|p1|Rillaboom, L50, F|\n|poke|p1|Ting-Lu, L50|\n|poke|p2|Lunala, L50|\n|poke|p2|Roaring Moon, L50|\n|poke|p2|Entei, L50|\n|poke|p2|Ogerpon-Wellspring, L50, F|\n|poke|p2|Iron Hands, L50|\n|poke|p2|Ursaluna-Bloodmoon, L50, M|\n|teampreview|4\n|j| SpecsIronHands\n|c|\u2606Tempest brute|wait\n|c|\u2606Tempest brute|specs iron hands?\n|l|\u2606player11111\n|player|p1|\n|j|\u2606player11111\n|player|p1|player11111|serena-masters|\n|\n|t:|1718776617\n|start\n|switch|p1a: Chien-Pao|Chien-Pao, L50|100\/100\n|switch|p1b: Urshifu|Urshifu-Rapid-Strike, L50, F|100\/100\n|switch|p2a: Lunala|Lunala, L50|100\/100\n|switch|p2b: Iron Hands|Iron Hands, L50|100\/100\n|-ability|p1a: Chien-Pao|Sword of Ruin\n|turn|1\n|\n|t:|1718776630\n|switch|p1b: Ting-Lu|Ting-Lu, L50|100\/100\n|-ability|p1b: Ting-Lu|Vessel of Ruin\n|-terastallize|p2a: Lunala|Water\n|move|p2b: Iron Hands|Fake Out|p1b: Ting-Lu\n|-damage|p1b: Ting-Lu|94\/100\n|move|p1a: Chien-Pao|Icicle Crash|p2a: Lunala\n|-resisted|p2a: Lunala\n|-crit|p2a: Lunala\n|-damage|p2a: Lunala|85\/100\n|move|p2a: Lunala|Will-O-Wisp|p1b: Ting-Lu\n|-status|p1b: Ting-Lu|brn\n|\n|-heal|p2a: Lunala|91\/100|[from] item: Leftovers\n|-damage|p1b: Ting-Lu|88\/100 brn|[from] brn\n|upkeep\n|turn|2\n|j| Luxraykeeper\n|\n|t:|1718776642\n|move|p1a: Chien-Pao|Protect|p1a: Chien-Pao\n|-singleturn|p1a: Chien-Pao|Protect\n|move|p2a: Lunala|Moonlight|p2a: Lunala\n|-heal|p2a: Lunala|100\/100\n|move|p2b: Iron Hands|Drain Punch|p1a: Chien-Pao\n|-activate|p1a: Chien-Pao|move: Protect\n|move|p1b: Ting-Lu|Snarl|p2a: Lunala|[spread] p2a,p2b\n|-resisted|p2b: Iron Hands\n|-damage|p2a: Lunala|98\/100\n|-damage|p2b: Iron Hands|98\/100\n|-unboost|p2a: Lunala|spa|1\n|-unboost|p2b: Iron Hands|spa|1\n|\n|-heal|p2a: Lunala|100\/100|[from] item: Leftovers\n|-damage|p1b: Ting-Lu|81\/100 brn|[from] brn\n|upkeep\n|turn|3\n|\n|t:|1718776691\n|-terastallize|p1a: Chien-Pao|Ghost\n|move|p1a: Chien-Pao|Sacred Sword|p2a: Lunala\n|-damage|p2a: Lunala|87\/100\n|move|p2a: Lunala|Will-O-Wisp|p1a: Chien-Pao|[miss]\n|-miss|p2a: Lunala|p1a: Chien-Pao\n|move|p2b: Iron Hands|Drain Punch|p1a: Chien-Pao\n|-immune|p1a: Chien-Pao\n|move|p1b: Ting-Lu|Ruination|p2b: Iron Hands\n|-damage|p2b: Iron Hands|49\/100\n|\n|-heal|p2a: Lunala|93\/100|[from] item: Leftovers\n|-damage|p1b: Ting-Lu|75\/100 brn|[from] brn\n|upkeep\n|turn|4\n|\n|t:|1718776706\n|move|p1a: Chien-Pao|Protect|p1a: Chien-Pao\n|-singleturn|p1a: Chien-Pao|Protect\n|move|p2a: Lunala|Will-O-Wisp|p1a: Chien-Pao\n|-activate|p1a: Chien-Pao|move: Protect\n|move|p2b: Iron Hands|Drain Punch|p1b: Ting-Lu\n|-supereffective|p1b: Ting-Lu\n|-crit|p1b: Ting-Lu\n|-damage|p1b: Ting-Lu|18\/100 brn\n|-heal|p2b: Iron Hands|79\/100|[from] drain|[of] p1b: Ting-Lu\n|-enditem|p1b: Ting-Lu|Sitrus Berry|[eat]\n|-heal|p1b: Ting-Lu|43\/100 brn|[from] item: Sitrus Berry\n|move|p1b: Ting-Lu|Ruination|p2b: Iron Hands\n|-damage|p2b: Iron Hands|40\/100\n|\n|-heal|p2a: Lunala|99\/100|[from] item: Leftovers\n|-damage|p1b: Ting-Lu|37\/100 brn|[from] brn\n|upkeep\n|turn|5\n|\n|t:|1718776716\n|move|p1a: Chien-Pao|Icicle Crash|p2b: Iron Hands\n|-damage|p2b: Iron Hands|4\/100\n|-enditem|p2b: Iron Hands|Iapapa Berry|[eat]\n|-heal|p2b: Iron Hands|37\/100|[from] item: Iapapa Berry\n|move|p2a: Lunala|Moongeist Beam|p1a: Chien-Pao\n|-supereffective|p1a: Chien-Pao\n|-damage|p1a: Chien-Pao|33\/100\n|cant|p2b: Iron Hands|flinch\n|move|p1b: Ting-Lu|Ruination|p2a: Lunala\n|-damage|p2a: Lunala|50\/100\n|\n|-heal|p2a: Lunala|56\/100|[from] item: Leftovers\n|-damage|p1b: Ting-Lu|31\/100 brn|[from] brn\n|upkeep\n|turn|6\n|j| summerdog\n|\n|t:|1718776728\n|move|p1a: Chien-Pao|Icicle Crash|p2b: Iron Hands\n|-damage|p2b: Iron Hands|5\/100\n|move|p2a: Lunala|Moonlight|p2a: Lunala\n|-heal|p2a: Lunala|100\/100\n|cant|p2b: Iron Hands|flinch\n|move|p1b: Ting-Lu|Ruination|p2a: Lunala\n|-damage|p2a: Lunala|50\/100\n|\n|-heal|p2a: Lunala|57\/100|[from] item: Leftovers\n|-damage|p1b: Ting-Lu|25\/100 brn|[from] brn\n|upkeep\n|turn|7\n|\n|t:|1718776743\n|move|p1a: Chien-Pao|Icicle Crash|p2a: Lunala\n|-resisted|p2a: Lunala\n|-damage|p2a: Lunala|37\/100\n|cant|p2a: Lunala|flinch\n|move|p2b: Iron Hands|Drain Punch|p1b: Ting-Lu\n|-supereffective|p1b: Ting-Lu\n|-damage|p1b: Ting-Lu|0 fnt\n|-heal|p2b: Iron Hands|18\/100|[from] drain|[of] p1b: Ting-Lu\n|faint|p1b: Ting-Lu\n|\n|-heal|p2a: Lunala|43\/100|[from] item: Leftovers\n|upkeep\n|c|\u2606Tempest brute|omg\n|\n|t:|1718776750\n|switch|p1b: Zamazenta|Zamazenta-Crowned, L50|100\/100\n|-ability|p1b: Zamazenta|Dauntless Shield|boost\n|-boost|p1b: Zamazenta|def|1\n|turn|8\n|\n|t:|1718776758\n|move|p2a: Lunala|Protect|p2a: Lunala\n|-singleturn|p2a: Lunala|Protect\n|move|p1a: Chien-Pao|Icicle Crash|p2b: Iron Hands\n|-damage|p2b: Iron Hands|0 fnt\n|faint|p2b: Iron Hands\n|-end|p2b: Iron Hands|Quark Drive|[silent]\n|move|p1b: Zamazenta|Body Press|p2a: Lunala\n|-activate|p2a: Lunala|move: Protect\n|\n|-heal|p2a: Lunala|49\/100|[from] item: Leftovers\n|upkeep\n|\n|t:|1718776767\n|switch|p2b: Entei|Entei, L50|100\/100\n|turn|9\n|\n|t:|1718776788\n|move|p2a: Lunala|Protect||[still]\n|-fail|p2a: Lunala\n|move|p1a: Chien-Pao|Sacred Sword|p2a: Lunala\n|-damage|p2a: Lunala|24\/100\n|move|p1b: Zamazenta|Body Press|p2a: Lunala\n|-damage|p2a: Lunala|0 fnt\n|faint|p2a: Lunala\n|move|p2b: Entei|Sacred Fire|p1a: Chien-Pao\n|-damage|p1a: Chien-Pao|0 fnt\n|faint|p1a: Chien-Pao\n|\n|upkeep\n|\n|t:|1718776792\n|switch|p1a: Urshifu|Urshifu-Rapid-Strike, L50, F|100\/100\n|switch|p2a: Roaring Moon|Roaring Moon, L50|100\/100\n|-enditem|p2a: Roaring Moon|Booster Energy\n|-activate|p2a: Roaring Moon|ability: Protosynthesis|[fromitem]\n|-start|p2a: Roaring Moon|protosynthesisspe\n|turn|10\n|\n|t:|1718776803\n|move|p2b: Entei|Extreme Speed|p1a: Urshifu\n|-damage|p1a: Urshifu|77\/100\n|move|p2a: Roaring Moon|Acrobatics|p1a: Urshifu\n|-supereffective|p1a: Urshifu\n|-damage|p1a: Urshifu|6\/100\n|move|p1a: Urshifu|Coaching|p1b: Zamazenta\n|-boost|p1b: Zamazenta|atk|1\n|-boost|p1b: Zamazenta|def|1\n|move|p1b: Zamazenta|Body Press|p2a: Roaring Moon\n|-supereffective|p2a: Roaring Moon\n|-damage|p2a: Roaring Moon|0 fnt\n|faint|p2a: Roaring Moon\n|-end|p2a: Roaring Moon|Protosynthesis|[silent]\n|\n|upkeep\n|turn|11\n|\n|t:|1718776817\n|move|p2b: Entei|Extreme Speed|p1a: Urshifu\n|-damage|p1a: Urshifu|0 fnt\n|faint|p1a: Urshifu\n|move|p1b: Zamazenta|Body Press|p2b: Entei\n|-damage|p2b: Entei|23\/100\n|\n|upkeep\n|turn|12\n|-message|Tempest brute forfeited.\n|\n|win|player11111\n|raw|player11111's rating: 1647 &rarr; <strong>1675<\/strong><br \/>(+28 for winning)\n|raw|Tempest brute's rating: 1797 &rarr; <strong>1769<\/strong><br \/>(-28 for losing)\n|l|\u2606Tempest brute\n|player|p2|\n|l|\u2606player11111\n|player|p1|\n|l| SpecsIronHands\n|l| Luxraykeeper\n","uploadtime":1718776994,"views":14,"formatid":"gen9vgc2024regg","rating":1675,"private":0,"password":null}