{"id":"gen9vgc2024regg-2146046572","format":"[Gen 9] VGC 2024 Reg G","players":["UahhVGC","Tempest brute"],"log":"|j|\u2606UahhVGC\n|j|\u2606Tempest brute\n|t:|1718776271\n|gametype|doubles\n|player|p1|UahhVGC|miku-psychic|1699\n|player|p2|Tempest brute|2|1782\n|teamsize|p1|6\n|teamsize|p2|6\n|gen|9\n|tier|[Gen 9] VGC 2024 Reg G\n|rated|\n|rule|Species Clause: Limit one of each Pok\u00e9mon\n|rule|Item Clause: Limit one of each item\n|clearpoke\n|poke|p1|Whimsicott, L50, M|\n|poke|p1|Indeedee-F, L50, F|\n|poke|p1|Chi-Yu, L50|\n|poke|p1|Urshifu-*, L50, M|\n|poke|p1|Iron Valiant, L50|\n|poke|p1|Calyrex-Shadow, L50|\n|poke|p2|Lunala, L50|\n|poke|p2|Roaring Moon, L50|\n|poke|p2|Entei, L50|\n|poke|p2|Ogerpon-Wellspring, L50, F|\n|poke|p2|Iron Hands, L50|\n|poke|p2|Ursaluna-Bloodmoon, L50, M|\n|teampreview|4\n|j| summerdog\n|\n|t:|1718776323\n|start\n|switch|p1a: \u53ef\u53ef\u7231\u7231\u98ce\u5996\u7cbe|Whimsicott, L50, M|100\/100\n|switch|p1b: Urshifu|Urshifu, L50, M|100\/100\n|switch|p2a: Roaring Moon|Roaring Moon, L50|100\/100\n|switch|p2b: Entei|Entei, L50|100\/100\n|-enditem|p2a: Roaring Moon|Booster Energy\n|-activate|p2a: Roaring Moon|ability: Protosynthesis|[fromitem]\n|-start|p2a: Roaring Moon|protosynthesisspe\n|turn|1\n|j| SpecsIronHands\n|j| Luxraykeeper\n|\n|t:|1718776354\n|-terastallize|p1b: Urshifu|Poison\n|move|p2a: Roaring Moon|Substitute|p2a: Roaring Moon\n|-start|p2a: Roaring Moon|Substitute\n|-damage|p2a: Roaring Moon|76\/100\n|move|p1a: \u53ef\u53ef\u7231\u7231\u98ce\u5996\u7cbe|Moonblast|p2a: Roaring Moon\n|-supereffective|p2a: Roaring Moon\n|-end|p2a: Roaring Moon|Substitute\n|move|p1b: Urshifu|Wicked Blow|p2b: Entei\n|-crit|p2b: Entei\n|-damage|p2b: Entei|19\/100\n|move|p2b: Entei|Sacred Fire|p1a: \u53ef\u53ef\u7231\u7231\u98ce\u5996\u7cbe\n|-supereffective|p1a: \u53ef\u53ef\u7231\u7231\u98ce\u5996\u7cbe\n|-enditem|p1a: \u53ef\u53ef\u7231\u7231\u98ce\u5996\u7cbe|Focus Sash\n|-damage|p1a: \u53ef\u53ef\u7231\u7231\u98ce\u5996\u7cbe|1\/100\n|-status|p1a: \u53ef\u53ef\u7231\u7231\u98ce\u5996\u7cbe|brn\n|\n|-damage|p1a: \u53ef\u53ef\u7231\u7231\u98ce\u5996\u7cbe|0 fnt|[from] brn\n|faint|p1a: \u53ef\u53ef\u7231\u7231\u98ce\u5996\u7cbe\n|upkeep\n|\n|t:|1718776369\n|switch|p1a: Iron Valiant|Iron Valiant, L50|100\/100\n|-enditem|p1a: Iron Valiant|Booster Energy\n|-activate|p1a: Iron Valiant|ability: Quark Drive|[fromitem]\n|-start|p1a: Iron Valiant|quarkdrivespe\n|turn|2\n|\n|t:|1718776381\n|move|p2a: Roaring Moon|Protect|p2a: Roaring Moon\n|-singleturn|p2a: Roaring Moon|Protect\n|move|p2b: Entei|Extreme Speed|p1a: Iron Valiant\n|-damage|p1a: Iron Valiant|71\/100\n|move|p1a: Iron Valiant|Icy Wind|p2a: Roaring Moon|[spread] \n|-activate|p2a: Roaring Moon|move: Protect\n|-miss|p1a: Iron Valiant|p2b: Entei\n|move|p1b: Urshifu|Wicked Blow|p2b: Entei\n|-crit|p2b: Entei\n|-damage|p2b: Entei|0 fnt\n|faint|p2b: Entei\n|\n|upkeep\n|\n|t:|1718776390\n|switch|p2b: Lunala|Lunala, L50|100\/100\n|turn|3\n|\n|t:|1718776415\n|-terastallize|p2b: Lunala|Water\n|move|p1a: Iron Valiant|Destiny Bond|p1a: Iron Valiant\n|-singlemove|p1a: Iron Valiant|Destiny Bond\n|move|p2a: Roaring Moon|Acrobatics|p1a: Iron Valiant\n|-supereffective|p1a: Iron Valiant\n|-damage|p1a: Iron Valiant|0 fnt\n|faint|p1a: Iron Valiant\n|-activate|p1a: Iron Valiant|move: Destiny Bond\n|-end|p1a: Iron Valiant|Quark Drive|[silent]\n|faint|p2a: Roaring Moon\n|-end|p2a: Roaring Moon|Protosynthesis|[silent]\n|move|p1b: Urshifu|Wicked Blow|p2b: Lunala\n|-crit|p2b: Lunala\n|-damage|p2b: Lunala|68\/100\n|move|p2b: Lunala|Will-O-Wisp|p1b: Urshifu\n|-status|p1b: Urshifu|brn\n|\n|-heal|p2b: Lunala|74\/100|[from] item: Leftovers\n|-damage|p1b: Urshifu|95\/100 brn|[from] brn\n|upkeep\n|\n|t:|1718776426\n|switch|p1a: Calyrex|Calyrex-Shadow, L50|100\/100\n|switch|p2a: Ogerpon|Ogerpon-Wellspring, L50, F|100\/100\n|-ability|p1a: Calyrex|As One\n|-ability|p1a: Calyrex|Unnerve\n|turn|4\n|\n|t:|1718776445\n|move|p1a: Calyrex|Expanding Force|p2a: Ogerpon\n|-damage|p2a: Ogerpon|36\/100\n|move|p1b: Urshifu|Wicked Blow|p2a: Ogerpon\n|-crit|p2a: Ogerpon\n|-damage|p2a: Ogerpon|0 fnt\n|faint|p2a: Ogerpon\n|move|p2b: Lunala|Moongeist Beam|p1a: Calyrex\n|-supereffective|p1a: Calyrex\n|-damage|p1a: Calyrex|0 fnt\n|faint|p1a: Calyrex\n|\n|-heal|p2b: Lunala|80\/100|[from] item: Leftovers\n|-damage|p1b: Urshifu|89\/100 brn|[from] brn\n|upkeep\n|turn|5\n|\n|t:|1718776453\n|move|p1b: Urshifu|Wicked Blow|p2b: Lunala\n|-crit|p2b: Lunala\n|-damage|p2b: Lunala|45\/100\n|move|p2b: Lunala|Moonlight|p2b: Lunala\n|-heal|p2b: Lunala|95\/100\n|\n|-heal|p2b: Lunala|100\/100|[from] item: Leftovers\n|-damage|p1b: Urshifu|83\/100 brn|[from] brn\n|upkeep\n|turn|6\n|c|\u2606UahhVGC|?\n|\n|t:|1718776517\n|move|p1b: Urshifu|Wicked Blow|p2b: Lunala\n|-crit|p2b: Lunala\n|-damage|p2b: Lunala|85\/100\n|move|p2b: Lunala|Moongeist Beam|p1b: Urshifu\n|-damage|p1b: Urshifu|18\/100 brn\n|\n|-heal|p2b: Lunala|91\/100|[from] item: Leftovers\n|-damage|p1b: Urshifu|12\/100 brn|[from] brn\n|upkeep\n|turn|7\n|\n|t:|1718776524\n|move|p1b: Urshifu|Wicked Blow|p2b: Lunala\n|-crit|p2b: Lunala\n|-damage|p2b: Lunala|56\/100\n|move|p2b: Lunala|Moonlight|p2b: Lunala\n|-heal|p2b: Lunala|100\/100\n|\n|-damage|p1b: Urshifu|6\/100 brn|[from] brn\n|upkeep\n|turn|8\n|j| THUNDERSND77\n|-message|UahhVGC forfeited.\n|\n|win|Tempest brute\n|raw|UahhVGC's rating: 1699 &rarr; <strong>1684<\/strong><br \/>(-15 for losing)\n|raw|Tempest brute's rating: 1782 &rarr; <strong>1797<\/strong><br \/>(+15 for winning)\n|l|\u2606UahhVGC\n|player|p1|\n|l|\u2606Tempest brute\n|player|p2|\n|l| SpecsIronHands\n|l| Luxraykeeper\n|l| THUNDERSND77\n","uploadtime":1718776717,"views":19,"formatid":"gen9vgc2024regg","rating":1684,"private":0,"password":null}