{"id":"gen9vgc2024regg-2146835461","format":"[Gen 9] VGC 2024 Reg G","players":["CaitNostamas","Billy_HMD"],"log":"|j|\u2606CaitNostamas\n|j|\u2606Billy_HMD\n|t:|1718892129\n|gametype|doubles\n|player|p1|CaitNostamas|266|1699\n|player|p2|Billy_HMD|dawn|1758\n|teamsize|p1|6\n|teamsize|p2|6\n|gen|9\n|tier|[Gen 9] VGC 2024 Reg G\n|rated|\n|rule|Species Clause: Limit one of each Pok\u00e9mon\n|rule|Item Clause: Limit one of each item\n|clearpoke\n|poke|p1|Calyrex-Ice, L50|\n|poke|p1|Smeargle, L50, M|\n|poke|p1|Amoonguss, L50, M|\n|poke|p1|Ursaluna-Bloodmoon, L50, M|\n|poke|p1|Farigiraf, L50, F|\n|poke|p1|Annihilape, L50, M|\n|poke|p2|Terapagos, L50, M|\n|poke|p2|Incineroar, L50, F|\n|poke|p2|Rillaboom, L50, M|\n|poke|p2|Urshifu-*, L50, F|\n|poke|p2|Amoonguss, L50, M|\n|poke|p2|Flutter Mane, L50|\n|teampreview|4\n|inactive|Battle timer is ON: inactive players will automatically lose when time's up. (requested by Billy_HMD)\n|\n|t:|1718892145\n|start\n|switch|p1a: Calyrex|Calyrex-Ice, L50|100\/100\n|switch|p1b: Annihilape|Annihilape, L50, M|100\/100\n|switch|p2a: Terapagos|Terapagos, L50, M|100\/100\n|switch|p2b: Flutter Mane|Flutter Mane, L50|100\/100\n|-activate|p2a: Terapagos|ability: Tera Shift\n|detailschange|p2a: Terapagos|Terapagos-Terastal, L50, M\n|-heal|p2a: Terapagos|100\/100|[silent]\n|-ability|p1a: Calyrex|As One\n|-ability|p1a: Calyrex|Unnerve\n|-enditem|p2b: Flutter Mane|Booster Energy\n|-activate|p2b: Flutter Mane|ability: Protosynthesis|[fromitem]\n|-start|p2b: Flutter Mane|protosynthesisspe\n|turn|1\n|inactive|CaitNostamas has 30 seconds left.\n|inactive|Billy_HMD has 30 seconds left.\n|inactive|CaitNostamas has 20 seconds left.\n|inactive|CaitNostamas has 15 seconds left.\n|inactive|CaitNostamas has 10 seconds left.\n|\n|t:|1718892195\n|-terastallize|p1a: Calyrex|Fire\n|move|p2b: Flutter Mane|Moonblast|p1b: Annihilape\n|-supereffective|p1b: Annihilape\n|-damage|p1b: Annihilape|14\/100\n|move|p1b: Annihilape|Final Gambit|p2a: Terapagos\n|-damage|p2a: Terapagos|85\/100\n|faint|p1b: Annihilape\n|move|p2a: Terapagos|Calm Mind|p2a: Terapagos\n|-boost|p2a: Terapagos|spa|1\n|-boost|p2a: Terapagos|spd|1\n|move|p1a: Calyrex|Trick Room|p1a: Calyrex\n|-fieldstart|move: Trick Room|[of] p1a: Calyrex\n|\n|-heal|p2a: Terapagos|92\/100|[from] item: Leftovers\n|upkeep\n|inactive|CaitNostamas has 30 seconds left.\n|\n|t:|1718892229\n|switch|p1b: Smeargle|Smeargle, L50, M|100\/100\n|turn|2\n|inactive|Billy_HMD has 30 seconds left.\n|inactive|Billy_HMD has 20 seconds left.\n|inactive|Billy_HMD has 15 seconds left.\n|\n|t:|1718892272\n|-terastallize|p2a: Terapagos|Stellar\n|detailschange|p2a: Terapagos|Terapagos-Stellar, L50, M, tera:Stellar\n|-heal|p2a: Terapagos|94\/100|[silent]\n|move|p1b: Smeargle|Decorate|p1a: Calyrex\n|-boost|p1a: Calyrex|atk|2\n|-boost|p1a: Calyrex|spa|2\n|move|p1a: Calyrex|Glacial Lance|p2a: Terapagos|[spread] p2a,p2b\n|-damage|p2a: Terapagos|19\/100\n|-damage|p2b: Flutter Mane|0 fnt\n|faint|p2b: Flutter Mane\n|-end|p2b: Flutter Mane|Protosynthesis|[silent]\n|-ability|p1a: Calyrex|Chilling Neigh|boost\n|-boost|p1a: Calyrex|atk|1\n|move|p2a: Terapagos|Tera Starstorm|p1b: Smeargle|[spread] p1a,p1b\n|-supereffective|p1a: Calyrex\n|-damage|p1a: Calyrex|21\/100\n|-enditem|p1b: Smeargle|Focus Sash\n|-damage|p1b: Smeargle|1\/100\n|\n|-heal|p2a: Terapagos|26\/100|[from] item: Leftovers\n|upkeep\n|inactive|Billy_HMD has 30 seconds left.\n|\n|t:|1718892299\n|switch|p2b: Incineroar|Incineroar, L50, F|100\/100\n|-ability|p2b: Incineroar|Intimidate|boost\n|-fail|p1a: Calyrex|unboost|[from] item: Clear Amulet|[of] p1a: Calyrex\n|-unboost|p1b: Smeargle|atk|1\n|turn|3\n|inactive|Billy_HMD has 30 seconds left.\n|inactive|Billy_HMD has 20 seconds left.\n|inactive|Billy_HMD has 15 seconds left.\n|\n|t:|1718892341\n|move|p2b: Incineroar|Fake Out|p1a: Calyrex\n|-damage|p1a: Calyrex|15\/100\n|move|p1b: Smeargle|Spore|p2a: Terapagos\n|-status|p2a: Terapagos|slp|[from] move: Spore\n|cant|p1a: Calyrex|flinch\n|cant|p2a: Terapagos|slp\n|\n|-heal|p2a: Terapagos|32\/100 slp|[from] item: Leftovers\n|upkeep\n|turn|4\n|\n|t:|1718892357\n|move|p1b: Smeargle|Follow Me|p1b: Smeargle\n|-singleturn|p1b: Smeargle|move: Follow Me\n|move|p1a: Calyrex|Glacial Lance|p2b: Incineroar|[spread] p2a,p2b\n|-resisted|p2b: Incineroar\n|-damage|p2a: Terapagos|0 fnt\n|-damage|p2b: Incineroar|46\/100\n|faint|p2a: Terapagos\n|-ability|p1a: Calyrex|Chilling Neigh|boost\n|-boost|p1a: Calyrex|atk|1\n|move|p2b: Incineroar|Knock Off|p1b: Smeargle\n|-damage|p1b: Smeargle|0 fnt\n|faint|p1b: Smeargle\n|\n|upkeep\n|\n|t:|1718892367\n|switch|p1b: Ursaluna|Ursaluna-Bloodmoon, L50, M|100\/100\n|switch|p2a: Amoonguss|Amoonguss, L50, M|100\/100\n|turn|5\n|inactive|CaitNostamas has 30 seconds left.\n|inactive|Billy_HMD has 30 seconds left.\n|inactive|CaitNostamas has 20 seconds left.\n|inactive|Billy_HMD has 20 seconds left.\n|inactive|CaitNostamas has 15 seconds left.\n|inactive|Billy_HMD has 15 seconds left.\n|inactive|Billy_HMD has 10 seconds left.\n|\n|t:|1718892418\n|move|p2a: Amoonguss|Spore|p1a: Calyrex\n|-status|p1a: Calyrex|slp|[from] move: Spore\n|cant|p1a: Calyrex|slp\n|move|p1b: Ursaluna|Earth Power|p2b: Incineroar\n|-supereffective|p2b: Incineroar\n|-damage|p2b: Incineroar|0 fnt\n|faint|p2b: Incineroar\n|-damage|p1b: Ursaluna|90\/100|[from] item: Life Orb\n|\n|-fieldend|move: Trick Room\n|upkeep\n|turn|6\n|\n|t:|1718892427\n|cant|p1a: Calyrex|slp\n|move|p1b: Ursaluna|Blood Moon|p2a: Amoonguss\n|-damage|p2a: Amoonguss|2\/100\n|-damage|p1b: Ursaluna|80\/100|[from] item: Life Orb\n|move|p2a: Amoonguss|Pollen Puff|p1a: Calyrex\n|-resisted|p1a: Calyrex\n|-damage|p1a: Calyrex|8\/100 slp\n|\n|upkeep\n|turn|7\n|-message|Billy_HMD forfeited.\n|\n|win|CaitNostamas\n|raw|CaitNostamas's rating: 1699 &rarr; <strong>1722<\/strong><br \/>(+23 for winning)\n|raw|Billy_HMD's rating: 1758 &rarr; <strong>1735<\/strong><br \/>(-23 for losing)\n|l|\u2606Billy_HMD\n|player|p2|\n|l|\u2606CaitNostamas\n|player|p1|\n","uploadtime":1718892704,"views":28,"formatid":"gen9vgc2024regg","rating":1722,"private":0,"password":null}