{"id":"gen9vgc2024regg-2146526895","format":"[Gen 9] VGC 2024 Reg G","players":["greenlightdmp","fabio souza"],"log":"|j|\u2606greenlightdmp\n|j|\u2606fabio souza\n|t:|1718841609\n|gametype|doubles\n|player|p1|greenlightdmp|1|1698\n|player|p2|fabio souza|169|1662\n|teamsize|p1|6\n|teamsize|p2|6\n|gen|9\n|tier|[Gen 9] VGC 2024 Reg G\n|rated|\n|rule|Species Clause: Limit one of each Pok\u00e9mon\n|rule|Item Clause: Limit one of each item\n|clearpoke\n|poke|p1|Lunala, L50|\n|poke|p1|Incineroar, L50, M|\n|poke|p1|Urshifu-*, L50, M|\n|poke|p1|Amoonguss, L50, F|\n|poke|p1|Ursaluna, L50, M|\n|poke|p1|Tornadus, L50, M|\n|poke|p2|Urshifu-*, L50, F|\n|poke|p2|Incineroar, L50, M|\n|poke|p2|Rillaboom, L50, F|\n|poke|p2|Terapagos, L50, M|\n|poke|p2|Sinistcha, L50|\n|poke|p2|Grimmsnarl, L50, M|\n|teampreview|4\n|\n|t:|1718841668\n|start\n|switch|p1a: Tornadus|Tornadus, L50, M|100\/100\n|switch|p1b: Amoonguss|Amoonguss, L50, F|100\/100\n|switch|p2a: Terapagos|Terapagos, L50, M|100\/100\n|switch|p2b: Grimmsnarl|Grimmsnarl, L50, M|100\/100\n|-activate|p2a: Terapagos|ability: Tera Shift\n|detailschange|p2a: Terapagos|Terapagos-Terastal, L50, M\n|-heal|p2a: Terapagos|100\/100|[silent]\n|turn|1\n|inactive|Battle timer is ON: inactive players will automatically lose when time's up. (requested by fabio souza)\n|\n|t:|1718841685\n|move|p1a: Tornadus|Tailwind|p1a: Tornadus\n|-sidestart|p1: greenlightdmp|move: Tailwind\n|move|p2b: Grimmsnarl|Taunt|p1b: Amoonguss\n|-start|p1b: Amoonguss|move: Taunt\n|move|p2a: Terapagos|Tera Starstorm|p1a: Tornadus\n|-damage|p1a: Tornadus|31\/100\n|cant|p1b: Amoonguss|move: Taunt|Spore\n|\n|upkeep\n|turn|2\n|\n|t:|1718841700\n|move|p2b: Grimmsnarl|Light Screen|p2b: Grimmsnarl\n|-sidestart|p2: fabio souza|move: Light Screen\n|move|p1a: Tornadus|Bleakwind Storm|p2b: Grimmsnarl|[spread] p2a,p2b\n|-activate|p2a: Terapagos|ability: Tera Shell\n|-resisted|p2a: Terapagos\n|-damage|p2a: Terapagos|90\/100\n|-damage|p2b: Grimmsnarl|77\/100\n|move|p2a: Terapagos|Calm Mind|p2a: Terapagos\n|-boost|p2a: Terapagos|spa|1\n|-boost|p2a: Terapagos|spd|1\n|move|p1b: Amoonguss|Clear Smog|p2a: Terapagos\n|-damage|p2a: Terapagos|84\/100\n|-clearboost|p2a: Terapagos\n|\n|upkeep\n|turn|3\n|\n|t:|1718841720\n|move|p1a: Tornadus|Rain Dance|p1a: Tornadus\n|-weather|RainDance\n|move|p2b: Grimmsnarl|Thunder Wave|p1b: Amoonguss|[miss]\n|-miss|p2b: Grimmsnarl|p1b: Amoonguss\n|move|p2a: Terapagos|Calm Mind|p2a: Terapagos\n|-boost|p2a: Terapagos|spa|1\n|-boost|p2a: Terapagos|spd|1\n|move|p1b: Amoonguss|Clear Smog|p2a: Terapagos\n|-damage|p2a: Terapagos|78\/100\n|-clearboost|p2a: Terapagos\n|\n|-weather|RainDance|[upkeep]\n|-end|p1b: Amoonguss|move: Taunt\n|upkeep\n|turn|4\n|\n|t:|1718841744\n|move|p2a: Terapagos|Protect|p2a: Terapagos\n|-singleturn|p2a: Terapagos|Protect\n|move|p2b: Grimmsnarl|Taunt|p1b: Amoonguss\n|-start|p1b: Amoonguss|move: Taunt\n|move|p1a: Tornadus|Bleakwind Storm|p2a: Terapagos|[spread] p2b\n|-activate|p2a: Terapagos|move: Protect\n|-damage|p2b: Grimmsnarl|53\/100\n|move|p1b: Amoonguss|Clear Smog|p2a: Terapagos\n|-activate|p2a: Terapagos|move: Protect\n|\n|-weather|RainDance|[upkeep]\n|-sideend|p1: greenlightdmp|move: Tailwind\n|upkeep\n|turn|5\n|\n|t:|1718841759\n|move|p2b: Grimmsnarl|Thunder Wave|p1b: Amoonguss\n|-status|p1b: Amoonguss|par\n|move|p1a: Tornadus|Bleakwind Storm|p2a: Terapagos|[spread] p2a,p2b\n|-crit|p2b: Grimmsnarl\n|-damage|p2a: Terapagos|57\/100\n|-damage|p2b: Grimmsnarl|1\/100\n|move|p2a: Terapagos|Tera Starstorm|p1a: Tornadus\n|-damage|p1a: Tornadus|0 fnt\n|faint|p1a: Tornadus\n|cant|p1b: Amoonguss|par\n|\n|-weather|RainDance|[upkeep]\n|upkeep\n|\n|t:|1718841777\n|switch|p1a: Lunala|Lunala, L50|100\/100\n|turn|6\n|\n|t:|1718841790\n|-terastallize|p2a: Terapagos|Stellar\n|detailschange|p2a: Terapagos|Terapagos-Stellar, L50, M, tera:Stellar\n|-heal|p2a: Terapagos|67\/100|[silent]\n|-ability|p2a: Terapagos|Teraform Zero\n|-weather|none\n|move|p1a: Lunala|Meteor Beam||[still]\n|-prepare|p1a: Lunala|Meteor Beam\n|-boost|p1a: Lunala|spa|1\n|-enditem|p1a: Lunala|Power Herb\n|-anim|p1a: Lunala|Meteor Beam|p2b: Grimmsnarl\n|-damage|p2b: Grimmsnarl|0 fnt\n|faint|p2b: Grimmsnarl\n|move|p2a: Terapagos|Tera Starstorm|p1a: Lunala|[spread] p1a,p1b\n|-damage|p1a: Lunala|88\/100\n|-damage|p1b: Amoonguss|69\/100 par\n|cant|p1b: Amoonguss|par\n|\n|-end|p1b: Amoonguss|move: Taunt\n|upkeep\n|\n|t:|1718841800\n|switch|p2b: Sinistcha|Sinistcha, L50|100\/100\n|-heal|p2a: Terapagos|92\/100|[from] ability: Hospitality|[of] p2b: Sinistcha\n|turn|7\n|\n|t:|1718841824\n|switch|p2b: Incineroar|Incineroar, L50, M|100\/100\n|-ability|p2b: Incineroar|Intimidate|boost\n|-unboost|p1a: Lunala|atk|1\n|-unboost|p1b: Amoonguss|atk|1\n|move|p2a: Terapagos|Protect|p2a: Terapagos\n|-singleturn|p2a: Terapagos|Protect\n|move|p1a: Lunala|Wide Guard|p1a: Lunala\n|-singleturn|p1a: Lunala|Wide Guard\n|move|p1b: Amoonguss|Spore|p2a: Terapagos\n|-activate|p2a: Terapagos|move: Protect\n|\n|upkeep\n|turn|8\n|inactive|greenlightdmp has 30 seconds left.\n|\n|t:|1718841851\n|move|p2b: Incineroar|Fake Out|p1b: Amoonguss\n|-damage|p1b: Amoonguss|61\/100 par\n|move|p1a: Lunala|Moonblast|p2a: Terapagos\n|-damage|p2a: Terapagos|72\/100\n|move|p2a: Terapagos|Calm Mind|p2a: Terapagos\n|-boost|p2a: Terapagos|spa|1\n|-boost|p2a: Terapagos|spd|1\n|cant|p1b: Amoonguss|par\n|\n|upkeep\n|turn|9\n|\n|t:|1718841869\n|move|p2a: Terapagos|Protect|p2a: Terapagos\n|-singleturn|p2a: Terapagos|Protect\n|move|p1a: Lunala|Wide Guard|p1a: Lunala\n|-singleturn|p1a: Lunala|Wide Guard\n|move|p2b: Incineroar|Knock Off|p1a: Lunala\n|-supereffective|p1a: Lunala\n|-damage|p1a: Lunala|4\/100\n|cant|p1b: Amoonguss|par\n|\n|-sideend|p2: fabio souza|move: Light Screen\n|upkeep\n|turn|10\n|\n|t:|1718841886\n|move|p1a: Lunala|Wide Guard|p1a: Lunala\n|-singleturn|p1a: Lunala|Wide Guard\n|move|p2b: Incineroar|Knock Off|p1b: Amoonguss\n|-damage|p1b: Amoonguss|31\/100 par\n|-enditem|p1b: Amoonguss|Covert Cloak|[from] move: Knock Off|[of] p2b: Incineroar\n|move|p2a: Terapagos|Earth Power|p1b: Amoonguss\n|-damage|p1b: Amoonguss|0 fnt\n|faint|p1b: Amoonguss\n|\n|upkeep\n|\n|t:|1718841895\n|switch|p1b: Urshifu|Urshifu-Rapid-Strike, L50, M|100\/100\n|turn|11\n|inactive|fabio souza has 30 seconds left.\n|\n|t:|1718841927\n|move|p1a: Lunala|Moonblast|p2b: Incineroar\n|-damage|p2b: Incineroar|49\/100\n|move|p1b: Urshifu|Close Combat|p2a: Terapagos\n|-supereffective|p2a: Terapagos\n|-damage|p2a: Terapagos|5\/100\n|-unboost|p1b: Urshifu|def|1\n|-unboost|p1b: Urshifu|spd|1\n|move|p2b: Incineroar|Knock Off|p1a: Lunala\n|-supereffective|p1a: Lunala\n|-damage|p1a: Lunala|0 fnt\n|faint|p1a: Lunala\n|move|p2a: Terapagos|Earth Power|p1b: Urshifu\n|-damage|p1b: Urshifu|0 fnt\n|faint|p1b: Urshifu\n|\n|win|fabio souza\n|raw|greenlightdmp's rating: 1698 &rarr; <strong>1676<\/strong><br \/>(-22 for losing)\n|raw|fabio souza's rating: 1662 &rarr; <strong>1684<\/strong><br \/>(+22 for winning)\n|l|\u2606fabio souza\n|player|p2|\n|l|\u2606greenlightdmp\n|player|p1|\n","uploadtime":1718842067,"views":25,"formatid":"gen9vgc2024regg","rating":1676,"private":0,"password":null}