{"id":"gen9vgc2024regg-2146387360","format":"[Gen 9] VGC 2024 Reg G","players":["hockypoco","GAPDH"],"log":"|j|\u2606hockypoco\n|j|\u2606GAPDH\n|t:|1718824508\n|gametype|doubles\n|player|p1|hockypoco|sabrina|1675\n|player|p2|GAPDH|ruinmaniac|1695\n|teamsize|p1|6\n|teamsize|p2|6\n|gen|9\n|tier|[Gen 9] VGC 2024 Reg G\n|rated|\n|rule|Species Clause: Limit one of each Pok\u00e9mon\n|rule|Item Clause: Limit one of each item\n|clearpoke\n|poke|p1|Terapagos, L50, M|\n|poke|p1|Urshifu-*, L50, F|\n|poke|p1|Chi-Yu, L50|\n|poke|p1|Flutter Mane, L50|\n|poke|p1|Iron Hands, L50|\n|poke|p1|Grimmsnarl, L50, M|\n|poke|p2|Tornadus, L50, M|\n|poke|p2|Urshifu-*, L50, F|\n|poke|p2|Farigiraf, L50, F|\n|poke|p2|Flutter Mane, L50|\n|poke|p2|Groudon, L50|\n|poke|p2|Rillaboom, L50, F|\n|teampreview|4\n|inactive|Battle timer is ON: inactive players will automatically lose when time's up. (requested by hockypoco)\nGAPDH has agreed to open team sheets.\n|inactive|hockypoco has 60 seconds left.\n|\n|t:|1718824568\n|start\n|switch|p1a: Grimmsnarl|Grimmsnarl, L50, M|100\/100\n|switch|p1b: Urshifu|Urshifu-Rapid-Strike, L50, F|100\/100\n|switch|p2a: Tornadus|Tornadus, L50, M|100\/100\n|switch|p2b: Groudon|Groudon, L50|100\/100\n|-weather|SunnyDay|[from] ability: Drought|[of] p2b: Groudon\n|turn|1\n|\n|t:|1718824586\n|-terastallize|p2b: Groudon|Fire\n|-terastallize|p1b: Urshifu|Water\n|move|p2a: Tornadus|Tailwind|p2a: Tornadus\n|-sidestart|p2: GAPDH|move: Tailwind\n|move|p1a: Grimmsnarl|Light Screen|p1a: Grimmsnarl\n|-sidestart|p1: hockypoco|move: Light Screen\n|move|p2b: Groudon|Eruption|p1a: Grimmsnarl|[spread] p1a,p1b\n|-resisted|p1b: Urshifu\n|-damage|p1a: Grimmsnarl|27\/100\n|-damage|p1b: Urshifu|53\/100\n|move|p1b: Urshifu|Surging Strikes|p2b: Groudon\n|-supereffective|p2b: Groudon\n|-crit|p2b: Groudon\n|-damage|p2b: Groudon|75\/100\n|-supereffective|p2b: Groudon\n|-crit|p2b: Groudon\n|-damage|p2b: Groudon|50\/100\n|-supereffective|p2b: Groudon\n|-crit|p2b: Groudon\n|-damage|p2b: Groudon|28\/100\n|-hitcount|p2b: Groudon|3\n|\n|-weather|SunnyDay|[upkeep]\n|upkeep\n|turn|2\n|j| rosmarino1\n|\n|t:|1718824608\n|switch|p2b: Flutter Mane|Flutter Mane, L50|100\/100\n|-activate|p2b: Flutter Mane|ability: Protosynthesis\n|-start|p2b: Flutter Mane|protosynthesisspe\n|move|p1a: Grimmsnarl|Thunder Wave|p2b: Flutter Mane\n|-status|p2b: Flutter Mane|par\n|move|p2a: Tornadus|Bleakwind Storm|p1a: Grimmsnarl|[spread] p1a,p1b\n|-crit|p1a: Grimmsnarl\n|-damage|p1a: Grimmsnarl|0 fnt\n|-damage|p1b: Urshifu|18\/100\n|-unboost|p1b: Urshifu|spe|1\n|faint|p1a: Grimmsnarl\n|move|p1b: Urshifu|Surging Strikes|p2b: Flutter Mane\n|-crit|p2b: Flutter Mane\n|-damage|p2b: Flutter Mane|74\/100 par\n|-crit|p2b: Flutter Mane\n|-damage|p2b: Flutter Mane|46\/100 par\n|-crit|p2b: Flutter Mane\n|-damage|p2b: Flutter Mane|17\/100 par\n|-hitcount|p2b: Flutter Mane|3\n|\n|-weather|SunnyDay|[upkeep]\n|upkeep\n|inactive|hockypoco has 30 seconds left.\n|\n|t:|1718824633\n|switch|p1a: Flutter Mane|Flutter Mane, L50|100\/100\n|-activate|p1a: Flutter Mane|ability: Protosynthesis\n|-start|p1a: Flutter Mane|protosynthesisspe\n|turn|3\n|inactive|hockypoco has 30 seconds left.\n|\n|t:|1718824662\n|move|p1b: Urshifu|Protect|p1b: Urshifu\n|-singleturn|p1b: Urshifu|Protect\n|move|p2a: Tornadus|Bleakwind Storm|p1a: Flutter Mane|[spread] \n|-activate|p1b: Urshifu|move: Protect\n|-miss|p2a: Tornadus|p1a: Flutter Mane\n|move|p2b: Flutter Mane|Shadow Ball|p1a: Flutter Mane\n|-supereffective|p1a: Flutter Mane\n|-damage|p1a: Flutter Mane|35\/100\n|-damage|p2b: Flutter Mane|7\/100 par|[from] item: Life Orb\n|move|p1a: Flutter Mane|Dazzling Gleam|p2a: Tornadus|[spread] p2a,p2b\n|-damage|p2a: Tornadus|61\/100\n|-damage|p2b: Flutter Mane|0 fnt\n|faint|p2b: Flutter Mane\n|-end|p2b: Flutter Mane|Protosynthesis|[silent]\n|\n|-weather|SunnyDay|[upkeep]\n|upkeep\n|\n|t:|1718824681\n|switch|p2b: Groudon|Groudon, L50, tera:Fire|28\/100\n|turn|4\n|inactive|hockypoco has 30 seconds left.\n|\n|t:|1718824715\n|move|p1a: Flutter Mane|Protect|p1a: Flutter Mane\n|-singleturn|p1a: Flutter Mane|Protect\n|move|p2a: Tornadus|Bleakwind Storm|p1a: Flutter Mane|[spread] \n|-activate|p1a: Flutter Mane|move: Protect\n|-miss|p2a: Tornadus|p1b: Urshifu\n|move|p2b: Groudon|Flamethrower|p1a: Flutter Mane\n|-activate|p1a: Flutter Mane|move: Protect\n|move|p1b: Urshifu|Surging Strikes|p2b: Groudon\n|-supereffective|p2b: Groudon\n|-crit|p2b: Groudon\n|-damage|p2b: Groudon|5\/100\n|-supereffective|p2b: Groudon\n|-crit|p2b: Groudon\n|-damage|p2b: Groudon|0 fnt\n|faint|p2b: Groudon\n|-hitcount|p2: Groudon|2\n|\n|-weather|SunnyDay|[upkeep]\n|-sideend|p2: GAPDH|move: Tailwind\n|upkeep\n|\n|t:|1718824723\n|switch|p2b: Urshifu|Urshifu, L50, F|100\/100\n|turn|5\n|inactive|hockypoco has 30 seconds left.\n|\n|t:|1718824754\n|move|p2a: Tornadus|Tailwind|p2a: Tornadus\n|-sidestart|p2: GAPDH|move: Tailwind\n|move|p1b: Urshifu|Aqua Jet|p2b: Urshifu\n|-crit|p2b: Urshifu\n|-damage|p2b: Urshifu|75\/100\n|move|p2b: Urshifu|Wicked Blow|p1a: Flutter Mane\n|-crit|p1a: Flutter Mane\n|-damage|p1a: Flutter Mane|0 fnt\n|faint|p1a: Flutter Mane\n|-end|p1a: Flutter Mane|Protosynthesis|[silent]\n|\n|-weather|none\n|upkeep\n|\n|t:|1718824762\n|switch|p1a: Terapagos|Terapagos, L50, M|100\/100\n|-activate|p1a: Terapagos|ability: Tera Shift\n|detailschange|p1a: Terapagos|Terapagos-Terastal, L50, M\n|-heal|p1a: Terapagos|100\/100|[silent]\n|turn|6\n|inactive|hockypoco has 30 seconds left.\n|inactive|hockypoco has 20 seconds left.\n|\n|t:|1718824799\n|move|p2b: Urshifu|Detect|p2b: Urshifu\n|-singleturn|p2b: Urshifu|Protect\n|move|p2a: Tornadus|Bleakwind Storm|p1a: Terapagos|[spread] p1a\n|-miss|p2a: Tornadus|p1b: Urshifu\n|-activate|p1a: Terapagos|ability: Tera Shell\n|-resisted|p1a: Terapagos\n|-damage|p1a: Terapagos|89\/100\n|move|p1a: Terapagos|Tera Starstorm|p2b: Urshifu\n|-activate|p2b: Urshifu|move: Protect\n|move|p1b: Urshifu|Surging Strikes|p2a: Tornadus\n|-crit|p2a: Tornadus\n|-damage|p2a: Tornadus|8\/100\n|-crit|p2a: Tornadus\n|-damage|p2a: Tornadus|0 fnt\n|faint|p2a: Tornadus\n|-hitcount|p2: Tornadus|2\n|\n|upkeep\n|turn|7\n|\n|t:|1718824816\n|move|p2b: Urshifu|Wicked Blow|p1b: Urshifu\n|-crit|p1b: Urshifu\n|-damage|p1b: Urshifu|0 fnt\n|faint|p1b: Urshifu\n|move|p1a: Terapagos|Tera Starstorm|p2b: Urshifu\n|-damage|p2b: Urshifu|0 fnt\n|faint|p2b: Urshifu\n|\n|win|hockypoco\n|raw|hockypoco's rating: 1675 &rarr; <strong>1696<\/strong><br \/>(+21 for winning)\n|raw|GAPDH's rating: 1695 &rarr; <strong>1674<\/strong><br \/>(-21 for losing)\n|l|\u2606GAPDH\n|player|p2|\n|l|\u2606hockypoco\n|player|p1|\n|l| rosmarino1\n","uploadtime":1718825075,"views":13,"formatid":"gen9vgc2024regg","rating":1674,"private":0,"password":null}