{"id":"gen9vgc2024regg-2146539903","format":"[Gen 9] VGC 2024 Reg G","players":["Krisuerte","Phononmode"],"log":"|j|\u2606Krisuerte\n|j|\u2606Phononmode\n|t:|1718843356\n|gametype|doubles\n|player|p1|Krisuerte|265|1764\n|player|p2|Phononmode|102|1725\n|teamsize|p1|6\n|teamsize|p2|6\n|gen|9\n|tier|[Gen 9] VGC 2024 Reg G\n|rated|\n|rule|Species Clause: Limit one of each Pok\u00e9mon\n|rule|Item Clause: Limit one of each item\n|clearpoke\n|poke|p1|Sinistcha-Masterpiece, L50|\n|poke|p1|Kyogre, L50|\n|poke|p1|Tornadus, L50, M|\n|poke|p1|Urshifu-*, L50, M|\n|poke|p1|Archaludon, L50, M|\n|poke|p1|Landorus, L50, M|\n|poke|p2|Calyrex-Ice, L50|\n|poke|p2|Rillaboom, L50, M|\n|poke|p2|Ting-Lu, L50|\n|poke|p2|Skeledirge, L50, F|\n|poke|p2|Raging Bolt, L50|\n|poke|p2|Iron Bundle, L50|\n|teampreview|4\nPhononmode has agreed to open team sheets.\n|inactive|Battle timer is ON: inactive players will automatically lose when time's up. (requested by Phononmode)\n|inactive|Phononmode has 60 seconds left.\n|j| harold34\n|\n|t:|1718843404\n|start\n|switch|p1a: Kyogre|Kyogre, L50|100\/100\n|switch|p1b: Archaludon|Archaludon, L50, M|100\/100\n|switch|p2a: Raging Bolt|Raging Bolt, L50|100\/100\n|switch|p2b: Calyrex|Calyrex-Ice, L50|100\/100\n|-ability|p2b: Calyrex|As One\n|-ability|p2b: Calyrex|Unnerve\n|-weather|RainDance|[from] ability: Drizzle|[of] p1a: Kyogre\n|-enditem|p2a: Raging Bolt|Booster Energy\n|-activate|p2a: Raging Bolt|ability: Protosynthesis|[fromitem]\n|-start|p2a: Raging Bolt|protosynthesisspa\n|turn|1\n|\n|t:|1718843424\n|-terastallize|p1a: Kyogre|Ghost\n|-terastallize|p2a: Raging Bolt|Electric\n|move|p2a: Raging Bolt|Thunderclap|p1a: Kyogre\n|-damage|p1a: Kyogre|51\/100\n|move|p1a: Kyogre|Water Spout|p2a: Raging Bolt|[spread] p2a,p2b\n|-damage|p2a: Raging Bolt|28\/100\n|-damage|p2b: Calyrex|51\/100\n|move|p1b: Archaludon|Electro Shot||[still]\n|-prepare|p1b: Archaludon|Electro Shot\n|-boost|p1b: Archaludon|spa|1\n|-anim|p1b: Archaludon|Electro Shot|p2b: Calyrex\n|-damage|p2b: Calyrex|7\/100\n|move|p2b: Calyrex|Trick Room|p2b: Calyrex\n|-fieldstart|move: Trick Room|[of] p2b: Calyrex\n|\n|-weather|RainDance|[upkeep]\n|upkeep\n|turn|2\n|j| rabbithorn05\n|\n|t:|1718843445\n|switch|p1a: Urshifu|Urshifu-Rapid-Strike, L50, M|100\/100\n|move|p2b: Calyrex|Protect|p2b: Calyrex\n|-singleturn|p2b: Calyrex|Protect\n|move|p2a: Raging Bolt|Dragon Pulse|p1b: Archaludon\n|-damage|p1b: Archaludon|41\/100\n|-ability|p1b: Archaludon|Stamina|boost\n|-boost|p1b: Archaludon|def|1\n|move|p1b: Archaludon|Snarl|p2a: Raging Bolt|[spread] p2a\n|-activate|p2b: Calyrex|move: Protect\n|-damage|p2a: Raging Bolt|7\/100\n|-unboost|p2a: Raging Bolt|spa|1\n|\n|-weather|RainDance|[upkeep]\n|upkeep\n|turn|3\n|j| summerdog\n|inactive|Phononmode has 30 seconds left.\n|\n|t:|1718843476\n|move|p1a: Urshifu|Aqua Jet|p2b: Calyrex\n|-damage|p2b: Calyrex|0 fnt\n|faint|p2b: Calyrex\n|move|p2a: Raging Bolt|Dragon Pulse|p1b: Archaludon\n|-damage|p1b: Archaludon|7\/100\n|-ability|p1b: Archaludon|Stamina|boost\n|-boost|p1b: Archaludon|def|1\n|move|p1b: Archaludon|Electro Shot||[still]\n|-prepare|p1b: Archaludon|Electro Shot\n|-boost|p1b: Archaludon|spa|1\n|-anim|p1b: Archaludon|Electro Shot|p2a: Raging Bolt\n|-resisted|p2a: Raging Bolt\n|-damage|p2a: Raging Bolt|0 fnt\n|faint|p2a: Raging Bolt\n|-end|p2a: Raging Bolt|Protosynthesis|[silent]\n|\n|-weather|RainDance|[upkeep]\n|upkeep\n|\n|t:|1718843479\n|switch|p2b: Ting-Lu|Ting-Lu, L50|100\/100\n|switch|p2a: Rillaboom|Rillaboom, L50, M|100\/100\n|-ability|p2b: Ting-Lu|Vessel of Ruin\n|-fieldstart|move: Grassy Terrain|[from] ability: Grassy Surge|[of] p2a: Rillaboom\n|turn|4\n|inactive|Krisuerte has 30 seconds left.\n|\n|t:|1718843505\n|switch|p1a: Sinistcha|Sinistcha-Masterpiece, L50|100\/100\n|-heal|p1b: Archaludon|31\/100|[from] ability: Hospitality|[of] p1a: Sinistcha\n|move|p2b: Ting-Lu|Stomping Tantrum|p1b: Archaludon\n|-supereffective|p1b: Archaludon\n|-damage|p1b: Archaludon|4\/100\n|-ability|p1b: Archaludon|Stamina|boost\n|-boost|p1b: Archaludon|def|1\n|move|p2a: Rillaboom|Wood Hammer|p1a: Sinistcha\n|-resisted|p1a: Sinistcha\n|-damage|p1a: Sinistcha|56\/100\n|-damage|p2a: Rillaboom|84\/100|[from] item: Rocky Helmet|[of] p1a: Sinistcha\n|-damage|p2a: Rillaboom|72\/100|[from] Recoil\n|move|p1b: Archaludon|Flash Cannon|p2a: Rillaboom\n|-damage|p2a: Rillaboom|0 fnt\n|faint|p2a: Rillaboom\n|\n|-weather|RainDance|[upkeep]\n|-heal|p1a: Sinistcha|62\/100|[from] Grassy Terrain\n|-heal|p1b: Archaludon|10\/100|[from] Grassy Terrain\n|upkeep\n|turn|5\n|-message|Phononmode forfeited.\n|\n|win|Krisuerte\n|raw|Krisuerte's rating: 1764 &rarr; <strong>1782<\/strong><br \/>(+18 for winning)\n|raw|Phononmode's rating: 1725 &rarr; <strong>1707<\/strong><br \/>(-18 for losing)\n|l|\u2606Phononmode\n|player|p2|\n|l|\u2606Krisuerte\n|player|p1|\n|l| harold34\n|l| summerdog\n","uploadtime":1718843524,"views":35,"formatid":"gen9vgc2024regg","rating":1707,"private":0,"password":null}