{"id":"gen9vgc2024regg-2146134201","format":"[Gen 9] VGC 2024 Reg G","players":["Tempest brute","trannghiemphu"],"log":"|j|\u2606Tempest brute\n|j|\u2606trannghiemphu\n|t:|1718793135\n|gametype|doubles\n|player|p1|Tempest brute|2|1757\n|player|p2|trannghiemphu|n|1720\n|teamsize|p1|6\n|teamsize|p2|6\n|gen|9\n|tier|[Gen 9] VGC 2024 Reg G\n|rated|\n|rule|Species Clause: Limit one of each Pok\u00e9mon\n|rule|Item Clause: Limit one of each item\n|clearpoke\n|poke|p1|Lunala, L50|\n|poke|p1|Roaring Moon, L50|\n|poke|p1|Entei, L50|\n|poke|p1|Ogerpon-Wellspring, L50, F|\n|poke|p1|Iron Hands, L50|\n|poke|p1|Ursaluna-Bloodmoon, L50, M|\n|poke|p2|Calyrex-Shadow, L50|\n|poke|p2|Urshifu-*, L50, F|\n|poke|p2|Tornadus, L50, M|\n|poke|p2|Chi-Yu, L50|\n|poke|p2|Ogerpon-Wellspring, L50, F|\n|poke|p2|Indeedee-F, L50, F|\n|teampreview|4\n|inactive|Battle timer is ON: inactive players will automatically lose when time's up. (requested by trannghiemphu)\n|\n|t:|1718793170\n|start\n|switch|p1a: Lunala|Lunala, L50|100\/100\n|switch|p1b: Iron Hands|Iron Hands, L50|100\/100\n|switch|p2a: Chi-Yu|Chi-Yu, L50|100\/100\n|switch|p2b: Indeedee|Indeedee-F, L50, F|100\/100\n|-ability|p2a: Chi-Yu|Beads of Ruin\n|-fieldstart|move: Psychic Terrain|[from] ability: Psychic Surge|[of] p2b: Indeedee\n|-enditem|p2b: Indeedee|Psychic Seed\n|-boost|p2b: Indeedee|spd|1|[from] item: Psychic Seed\n|turn|1\n|\n|t:|1718793184\n|-terastallize|p1a: Lunala|Water\n|move|p2b: Indeedee|Follow Me|p2b: Indeedee\n|-singleturn|p2b: Indeedee|move: Follow Me\n|move|p2a: Chi-Yu|Heat Wave|p1a: Lunala|[spread] p1a\n|-miss|p2a: Chi-Yu|p1b: Iron Hands\n|-resisted|p1a: Lunala\n|-damage|p1a: Lunala|93\/100\n|move|p1a: Lunala|Will-O-Wisp|p2b: Indeedee\n|-status|p2b: Indeedee|brn\n|move|p1b: Iron Hands|Drain Punch|p2b: Indeedee\n|-damage|p2b: Indeedee|63\/100 brn\n|\n|-heal|p1a: Lunala|99\/100|[from] item: Leftovers\n|-damage|p2b: Indeedee|56\/100 brn|[from] brn\n|upkeep\n|turn|2\n|\n|t:|1718793198\n|-end|p1b: Iron Hands|Quark Drive|[silent]\n|switch|p1b: Entei|Entei, L50|100\/100\n|move|p1a: Lunala|Protect|p1a: Lunala\n|-singleturn|p1a: Lunala|Protect\n|move|p2a: Chi-Yu|Heat Wave|p1b: Entei|[spread] p1b\n|-activate|p1a: Lunala|move: Protect\n|-resisted|p1b: Entei\n|-damage|p1b: Entei|85\/100\n|move|p2b: Indeedee|Imprison|p2b: Indeedee\n|-start|p2b: Indeedee|move: Imprison\n|\n|-heal|p1a: Lunala|100\/100|[from] item: Leftovers\n|-damage|p2b: Indeedee|50\/100 brn|[from] brn\n|upkeep\n|turn|3\n|\n|t:|1718793211\n|switch|p2a: Urshifu|Urshifu, L50, F|100\/100\n|move|p1a: Lunala|Protect||[still]\n|-fail|p1a: Lunala\n|move|p2b: Indeedee|Follow Me|p2b: Indeedee\n|-singleturn|p2b: Indeedee|move: Follow Me\n|move|p1b: Entei|Snarl|p2b: Indeedee|[spread] p2a,p2b\n|-resisted|p2a: Urshifu\n|-supereffective|p2b: Indeedee\n|-damage|p2a: Urshifu|98\/100\n|-damage|p2b: Indeedee|40\/100 brn\n|-unboost|p2a: Urshifu|spa|1\n|-unboost|p2b: Indeedee|spa|1\n|\n|-damage|p2b: Indeedee|34\/100 brn|[from] brn\n|upkeep\n|turn|4\n|\n|t:|1718793221\n|move|p2b: Indeedee|Helping Hand|p2a: Urshifu\n|-singleturn|p2a: Urshifu|Helping Hand|[of] p2b: Indeedee\n|move|p2a: Urshifu|Wicked Blow|p1a: Lunala\n|-crit|p1a: Lunala\n|-damage|p1a: Lunala|66\/100\n|move|p1b: Entei|Sacred Fire|p2b: Indeedee\n|-damage|p2b: Indeedee|0 fnt\n|faint|p2b: Indeedee\n|move|p1a: Lunala|Will-O-Wisp|p2a: Urshifu\n|-status|p2a: Urshifu|brn\n|\n|-heal|p1a: Lunala|73\/100|[from] item: Leftovers\n|-damage|p2a: Urshifu|92\/100 brn|[from] brn\n|upkeep\n|\n|t:|1718793224\n|switch|p2b: Calyrex|Calyrex-Shadow, L50|100\/100\n|-ability|p2b: Calyrex|As One\n|-ability|p2b: Calyrex|Unnerve\n|turn|5\n|\n|t:|1718793233\n|switch|p2a: Chi-Yu|Chi-Yu, L50|100\/100\n|-ability|p2a: Chi-Yu|Beads of Ruin\n|-terastallize|p2b: Calyrex|Ghost\n|move|p1a: Lunala|Protect|p1a: Lunala\n|-singleturn|p1a: Lunala|Protect\n|move|p2b: Calyrex|Astral Barrage|p1b: Entei|[spread] p1b\n|-activate|p1a: Lunala|move: Protect\n|-damage|p1b: Entei|6\/100\n|move|p1b: Entei|Snarl|p2b: Calyrex|[spread] p2a,p2b\n|-resisted|p2a: Chi-Yu\n|-supereffective|p2b: Calyrex\n|-damage|p2a: Chi-Yu|97\/100\n|-damage|p2b: Calyrex|78\/100\n|-unboost|p2a: Chi-Yu|spa|1\n|-unboost|p2b: Calyrex|spa|1\n|\n|-heal|p1a: Lunala|79\/100|[from] item: Leftovers\n|-fieldend|move: Psychic Terrain\n|upkeep\n|turn|6\n|\n|t:|1718793246\n|move|p1b: Entei|Extreme Speed|p2a: Chi-Yu\n|-damage|p2a: Chi-Yu|62\/100\n|move|p2a: Chi-Yu|Overheat|p1a: Lunala\n|-resisted|p1a: Lunala\n|-damage|p1a: Lunala|60\/100\n|-unboost|p2a: Chi-Yu|spa|2\n|move|p2b: Calyrex|Astral Barrage|p1b: Entei|[spread] p1a,p1b\n|-damage|p1a: Lunala|3\/100\n|-damage|p1b: Entei|0 fnt\n|faint|p1b: Entei\n|-ability|p2b: Calyrex|Grim Neigh|boost\n|-boost|p2b: Calyrex|spa|1\n|move|p1a: Lunala|Moongeist Beam|p2b: Calyrex\n|-supereffective|p2b: Calyrex\n|-damage|p2b: Calyrex|0 fnt\n|faint|p2b: Calyrex\n|\n|-heal|p1a: Lunala|9\/100|[from] item: Leftovers\n|upkeep\n|\n|t:|1718793260\n|switch|p2b: Urshifu|Urshifu, L50, F|92\/100 brn\n|switch|p1b: Iron Hands|Iron Hands, L50|100\/100\n|turn|7\n|\n|t:|1718793271\n|move|p2b: Urshifu|Sucker Punch||[still]\n|-fail|p2b: Urshifu\n|move|p2a: Chi-Yu|Overheat|p1b: Iron Hands\n|-damage|p1b: Iron Hands|75\/100\n|-unboost|p2a: Chi-Yu|spa|2\n|move|p1a: Lunala|Moonlight|p1a: Lunala\n|-heal|p1a: Lunala|59\/100\n|move|p1b: Iron Hands|Drain Punch|p2a: Chi-Yu\n|-supereffective|p2a: Chi-Yu\n|-damage|p2a: Chi-Yu|0 fnt\n|-heal|p1b: Iron Hands|91\/100|[from] drain|[of] p2a: Chi-Yu\n|faint|p2a: Chi-Yu\n|\n|-heal|p1a: Lunala|65\/100|[from] item: Leftovers\n|-damage|p2b: Urshifu|86\/100 brn|[from] brn\n|upkeep\n|turn|8\n|-message|trannghiemphu forfeited.\n|\n|win|Tempest brute\n|raw|Tempest brute's rating: 1757 &rarr; <strong>1775<\/strong><br \/>(+18 for winning)\n|raw|trannghiemphu's rating: 1720 &rarr; <strong>1702<\/strong><br \/>(-18 for losing)\n|l|\u2606trannghiemphu\n|player|p2|\n|l|\u2606Tempest brute\n|player|p1|\n","uploadtime":1718793536,"views":16,"formatid":"gen9vgc2024regg","rating":1702,"private":0,"password":null}