{"id":"gen9vgc2024regg-2146556353","format":"[Gen 9] VGC 2024 Reg G","players":["Krisuerte","Phononmode"],"log":"|j|\u2606Krisuerte\n|j|\u2606Phononmode\n|t:|1718845635\n|gametype|doubles\n|player|p1|Krisuerte|265|1787\n|player|p2|Phononmode|102|1727\n|teamsize|p1|6\n|teamsize|p2|6\n|gen|9\n|tier|[Gen 9] VGC 2024 Reg G\n|rated|\n|rule|Species Clause: Limit one of each Pok\u00e9mon\n|rule|Item Clause: Limit one of each item\n|clearpoke\n|poke|p1|Sinistcha-Masterpiece, L50|\n|poke|p1|Kyogre, L50|\n|poke|p1|Tornadus, L50, M|\n|poke|p1|Urshifu-*, L50, F|\n|poke|p1|Archaludon, L50, M|\n|poke|p1|Landorus, L50, M|\n|poke|p2|Calyrex-Ice, L50|\n|poke|p2|Rillaboom, L50, F|\n|poke|p2|Ting-Lu, L50|\n|poke|p2|Skeledirge, L50, M|\n|poke|p2|Raging Bolt, L50|\n|poke|p2|Iron Bundle, L50|\n|teampreview|4\nPhononmode has agreed to open team sheets.\n|inactive|Battle timer is ON: inactive players will automatically lose when time's up. (requested by Phononmode)\n|\n|t:|1718845669\n|start\n|switch|p1a: Kyogre|Kyogre, L50|100\/100\n|switch|p1b: Archaludon|Archaludon, L50, M|100\/100\n|switch|p2a: Rillaboom|Rillaboom, L50, F|100\/100\n|switch|p2b: Calyrex|Calyrex-Ice, L50|100\/100\n|-ability|p2b: Calyrex|As One\n|-ability|p2b: Calyrex|Unnerve\n|-weather|RainDance|[from] ability: Drizzle|[of] p1a: Kyogre\n|-fieldstart|move: Grassy Terrain|[from] ability: Grassy Surge|[of] p2a: Rillaboom\n|turn|1\n|j| ghostistheman\n|\n|t:|1718845688\n|-terastallize|p1a: Kyogre|Ghost\n|move|p2b: Calyrex|Protect|p2b: Calyrex\n|-singleturn|p2b: Calyrex|Protect\n|move|p1b: Archaludon|Electro Shot||[still]\n|-prepare|p1b: Archaludon|Electro Shot\n|-boost|p1b: Archaludon|spa|1\n|-anim|p1b: Archaludon|Electro Shot|p2b: Calyrex\n|-activate|p2b: Calyrex|move: Protect\n|move|p1a: Kyogre|Water Spout|p2b: Calyrex|[spread] p2a\n|-activate|p2b: Calyrex|move: Protect\n|-resisted|p2a: Rillaboom\n|-damage|p2a: Rillaboom|8\/100\n|move|p2a: Rillaboom|Wood Hammer|p1a: Kyogre\n|-damage|p1a: Kyogre|4\/100\n|-damage|p2a: Rillaboom|0 fnt|[from] Recoil\n|faint|p2a: Rillaboom\n|\n|-weather|RainDance|[upkeep]\n|-heal|p1a: Kyogre|10\/100|[from] Grassy Terrain\n|upkeep\n|j| rabbithorn05\n|\n|t:|1718845705\n|switch|p2a: Iron Bundle|Iron Bundle, L50|100\/100\n|turn|2\n|inactive|Krisuerte has 30 seconds left.\n|inactive|Phononmode has 30 seconds left.\n|inactive|Phononmode has 20 seconds left.\n|\n|t:|1718845751\n|switch|p1a: Urshifu|Urshifu-Rapid-Strike, L50, F|100\/100\n|move|p2a: Iron Bundle|Freeze-Dry|p1b: Archaludon\n|-damage|p1b: Archaludon|69\/100\n|-ability|p1b: Archaludon|Stamina|boost\n|-boost|p1b: Archaludon|def|1\n|move|p1b: Archaludon|Flash Cannon|p2b: Calyrex\n|-supereffective|p2b: Calyrex\n|-damage|p2b: Calyrex|14\/100\n|move|p2b: Calyrex|Trick Room|p2b: Calyrex\n|-fieldstart|move: Trick Room|[of] p2b: Calyrex\n|\n|-weather|RainDance|[upkeep]\n|-heal|p2b: Calyrex|19\/100|[from] Grassy Terrain\n|-heal|p1b: Archaludon|75\/100|[from] Grassy Terrain\n|upkeep\n|turn|3\n|inactive|Krisuerte has 30 seconds left.\n|inactive|Phononmode has 30 seconds left.\n|\n|t:|1718845778\n|move|p2b: Calyrex|Protect|p2b: Calyrex\n|-singleturn|p2b: Calyrex|Protect\n|move|p1a: Urshifu|Aqua Jet|p2b: Calyrex\n|-damage|p2b: Calyrex|0 fnt\n|faint|p2b: Calyrex\n|move|p1b: Archaludon|Snarl|p2a: Iron Bundle\n|-damage|p2a: Iron Bundle|40\/100\n|move|p2a: Iron Bundle|Freeze-Dry|p1a: Urshifu\n|-supereffective|p1a: Urshifu\n|-damage|p1a: Urshifu|13\/100\n|-status|p1a: Urshifu|frz\n|\n|-weather|RainDance|[upkeep]\n|-heal|p1b: Archaludon|81\/100|[from] Grassy Terrain\n|-heal|p1a: Urshifu|18\/100 frz|[from] Grassy Terrain\n|-heal|p2a: Iron Bundle|46\/100|[from] Grassy Terrain\n|upkeep\n|j| summerdog\n|\n|t:|1718845791\n|switch|p2b: Raging Bolt|Raging Bolt, L50|100\/100\n|-enditem|p2b: Raging Bolt|Booster Energy\n|-activate|p2b: Raging Bolt|ability: Protosynthesis|[fromitem]\n|-start|p2b: Raging Bolt|protosynthesisspa\n|turn|4\n|\n|t:|1718845815\n|switch|p1a: Sinistcha|Sinistcha-Masterpiece, L50|100\/100\n|-heal|p1b: Archaludon|100\/100|[from] ability: Hospitality|[of] p1a: Sinistcha\n|move|p2a: Iron Bundle|Protect|p2a: Iron Bundle\n|-singleturn|p2a: Iron Bundle|Protect\n|move|p2b: Raging Bolt|Calm Mind|p2b: Raging Bolt\n|-boost|p2b: Raging Bolt|spa|1\n|-boost|p2b: Raging Bolt|spd|1\n|move|p1b: Archaludon|Snarl|p2b: Raging Bolt|[spread] p2b\n|-activate|p2a: Iron Bundle|move: Protect\n|-damage|p2b: Raging Bolt|88\/100\n|-unboost|p2b: Raging Bolt|spa|1\n|\n|-weather|RainDance|[upkeep]\n|-heal|p2b: Raging Bolt|94\/100|[from] Grassy Terrain\n|-heal|p2a: Iron Bundle|52\/100|[from] Grassy Terrain\n|upkeep\n|turn|5\n|inactive|Krisuerte has 30 seconds left.\n|inactive|Krisuerte has 20 seconds left.\n|\n|t:|1718845853\n|move|p1a: Sinistcha|Rage Powder|p1a: Sinistcha\n|-singleturn|p1a: Sinistcha|move: Rage Powder\n|move|p2b: Raging Bolt|Dragon Pulse|p1a: Sinistcha\n|-crit|p1a: Sinistcha\n|-damage|p1a: Sinistcha|6\/100\n|move|p1b: Archaludon|Electro Shot||[still]\n|-prepare|p1b: Archaludon|Electro Shot\n|-boost|p1b: Archaludon|spa|1\n|-anim|p1b: Archaludon|Electro Shot|p2a: Iron Bundle\n|-supereffective|p2a: Iron Bundle\n|-damage|p2a: Iron Bundle|0 fnt\n|faint|p2a: Iron Bundle\n|-end|p2a: Iron Bundle|Quark Drive|[silent]\n|\n|-weather|none\n|-heal|p1a: Sinistcha|12\/100|[from] Grassy Terrain\n|-heal|p2b: Raging Bolt|99\/100|[from] Grassy Terrain\n|-fieldend|move: Grassy Terrain\n|upkeep\n|turn|6\n|-message|Phononmode forfeited.\n|\n|win|Krisuerte\n|raw|Krisuerte's rating: 1787 &rarr; <strong>1804<\/strong><br \/>(+17 for winning)\n|raw|Phononmode's rating: 1727 &rarr; <strong>1710<\/strong><br \/>(-17 for losing)\n|l|\u2606Phononmode\n|player|p2|\n|l|\u2606Krisuerte\n|player|p1|\n","uploadtime":1718845866,"views":34,"formatid":"gen9vgc2024regg","rating":1710,"private":0,"password":null}