{"id":"gen9vgc2024regg-2146334354","format":"[Gen 9] VGC 2024 Reg G","players":["PritzShow","AZUNA_Fan"],"log":"|j|\u2606PritzShow\n|j|\u2606AZUNA_Fan\n|t:|1718818665\n|gametype|doubles\n|player|p1|PritzShow|102|1681\n|player|p2|AZUNA_Fan|dawn-gen4pt|1763\n|teamsize|p1|6\n|teamsize|p2|6\n|gen|9\n|tier|[Gen 9] VGC 2024 Reg G\n|rated|\n|rule|Species Clause: Limit one of each Pok\u00e9mon\n|rule|Item Clause: Limit one of each item\n|clearpoke\n|poke|p1|Zacian-*, L50|\n|poke|p1|Rillaboom, L50, F|\n|poke|p1|Incineroar, L50, F|\n|poke|p1|Farigiraf, L50, M|\n|poke|p1|Landorus-Therian, L50, M|\n|poke|p1|Raging Bolt, L50|\n|poke|p2|Calyrex-Shadow, L50|\n|poke|p2|Urshifu-*, L50, M|\n|poke|p2|Indeedee-F, L50, F|\n|poke|p2|Maushold, L50|\n|poke|p2|Dondozo, L50, M|\n|poke|p2|Tatsugiri, L50, F|\n|teampreview|4\n|inactive|Battle timer is ON: inactive players will automatically lose when time's up. (requested by AZUNA_Fan)\n|inactive|PritzShow also wants the timer to be on.\n|inactive|AZUNA_Fan has 60 seconds left.\n|j| Rekxxar\n|\n|t:|1718818716\n|start\n|switch|p1a: Landorus|Landorus-Therian, L50, M|100\/100\n|switch|p1b: Zacian|Zacian, L50|100\/100\n|switch|p2a: Calyrex|Calyrex-Shadow, L50|100\/100\n|switch|p2b: Maushold|Maushold, L50|100\/100\n|-ability|p2a: Calyrex|As One\n|-ability|p2a: Calyrex|Unnerve\n|-ability|p1a: Landorus|Intimidate|boost\n|-unboost|p2a: Calyrex|atk|1\n|-unboost|p2b: Maushold|atk|1\n|-ability|p1b: Zacian|Intrepid Sword|boost\n|-boost|p1b: Zacian|atk|1\n|turn|1\n|j| Therazer456\n|inactive|PritzShow has 30 seconds left.\n|inactive|AZUNA_Fan has 30 seconds left.\n|inactive|AZUNA_Fan has 20 seconds left.\n|\n|t:|1718818760\n|switch|p2b: Indeedee|Indeedee-F, L50, F|100\/100\n|-fieldstart|move: Psychic Terrain|[from] ability: Psychic Surge|[of] p2b: Indeedee\n|move|p1a: Landorus|U-turn|p2b: Indeedee\n|-supereffective|p2b: Indeedee\n|-damage|p2b: Indeedee|52\/100\n|\n|t:|1718818765\n|switch|p1a: Rillaboom|Rillaboom, L50, F|100\/100|[from] U-turn\n|-fieldstart|move: Grassy Terrain|[from] ability: Grassy Surge|[of] p1a: Rillaboom\n|move|p1b: Zacian|Play Rough|p2a: Calyrex\n|-damage|p2a: Calyrex|44\/100\n|-unboost|p2a: Calyrex|atk|1\n|move|p2a: Calyrex|Expanding Force|p1b: Zacian\n|-damage|p1b: Zacian|42\/100\n|\n|-heal|p1b: Zacian|48\/100|[from] Grassy Terrain\n|-heal|p2a: Calyrex|50\/100|[from] Grassy Terrain\n|-heal|p2b: Indeedee|58\/100|[from] Grassy Terrain\n|upkeep\n|turn|2\n|inactive|AZUNA_Fan has 30 seconds left.\n|inactive|PritzShow has 30 seconds left.\n|\n|t:|1718818796\n|switch|p2b: Maushold|Maushold, L50|100\/100\n|move|p1b: Zacian|Substitute|p1b: Zacian\n|-start|p1b: Zacian|Substitute\n|-damage|p1b: Zacian|23\/100\n|move|p2a: Calyrex|Expanding Force|p1b: Zacian\n|-end|p1b: Zacian|Substitute\n|move|p1a: Rillaboom|U-turn|p2b: Maushold\n|-damage|p2b: Maushold|76\/100\n|\n|t:|1718818803\n|switch|p1a: Raging Bolt|Raging Bolt, L50|100\/100|[from] U-turn\n|-enditem|p1a: Raging Bolt|Booster Energy\n|-activate|p1a: Raging Bolt|ability: Protosynthesis|[fromitem]\n|-start|p1a: Raging Bolt|protosynthesisspa\n|\n|-heal|p1b: Zacian|28\/100|[from] Grassy Terrain\n|-heal|p2a: Calyrex|56\/100|[from] Grassy Terrain\n|-heal|p2b: Maushold|82\/100|[from] Grassy Terrain\n|upkeep\n|turn|3\n|j| dnr ljdarkrai\n|\n|t:|1718818824\n|-terastallize|p1a: Raging Bolt|Electric\n|move|p2b: Maushold|Follow Me|p2b: Maushold\n|-singleturn|p2b: Maushold|move: Follow Me\n|move|p1b: Zacian|Play Rough|p2b: Maushold\n|-damage|p2b: Maushold|17\/100\n|move|p2a: Calyrex|Expanding Force|p1b: Zacian\n|-damage|p1b: Zacian|0 fnt\n|faint|p1b: Zacian\n|-ability|p2a: Calyrex|Grim Neigh|boost\n|-boost|p2a: Calyrex|spa|1\n|move|p1a: Raging Bolt|Electroweb|p2a: Calyrex|[spread] p2a,p2b\n|-damage|p2a: Calyrex|24\/100\n|-damage|p2b: Maushold|0 fnt\n|-unboost|p2a: Calyrex|spe|1\n|faint|p2b: Maushold\n|\n|-heal|p2a: Calyrex|30\/100|[from] Grassy Terrain\n|upkeep\n|\n|t:|1718818840\n|switch|p1b: Landorus|Landorus-Therian, L50, M|100\/100\n|switch|p2b: Urshifu|Urshifu, L50, M|100\/100\n|-ability|p1b: Landorus|Intimidate|boost\n|-unboost|p2a: Calyrex|atk|1\n|-unboost|p2b: Urshifu|atk|1\n|turn|4\n|\n|t:|1718818854\n|switch|p2a: Indeedee|Indeedee-F, L50, F|58\/100\n|-fieldstart|move: Psychic Terrain|[from] ability: Psychic Surge|[of] p2a: Indeedee\n|move|p1b: Landorus|U-turn|p2a: Indeedee\n|-supereffective|p2a: Indeedee\n|-damage|p2a: Indeedee|3\/100\n|\n|t:|1718818859\n|switch|p1b: Rillaboom|Rillaboom, L50, F|100\/100|[from] U-turn\n|-fieldstart|move: Grassy Terrain|[from] ability: Grassy Surge|[of] p1b: Rillaboom\n|move|p2b: Urshifu|Wicked Blow|p1a: Raging Bolt\n|-crit|p1a: Raging Bolt\n|-damage|p1a: Raging Bolt|19\/100\n|move|p1a: Raging Bolt|Electroweb|p2b: Urshifu|[spread] p2a,p2b\n|-damage|p2a: Indeedee|0 fnt\n|-damage|p2b: Urshifu|35\/100\n|-unboost|p2b: Urshifu|spe|1\n|faint|p2a: Indeedee\n|\n|-heal|p1a: Raging Bolt|25\/100|[from] Grassy Terrain\n|-heal|p2b: Urshifu|41\/100|[from] Grassy Terrain\n|upkeep\n|\n|t:|1718818872\n|switch|p2a: Calyrex|Calyrex-Shadow, L50|30\/100\n|-ability|p2a: Calyrex|As One\n|-ability|p2a: Calyrex|Unnerve\n|turn|5\n|-message|AZUNA_Fan forfeited.\n|\n|win|PritzShow\n|raw|PritzShow's rating: 1681 &rarr; <strong>1706<\/strong><br \/>(+25 for winning)\n|raw|AZUNA_Fan's rating: 1763 &rarr; <strong>1738<\/strong><br \/>(-25 for losing)\n|l|\u2606AZUNA_Fan\n|player|p2|\n|l|\u2606PritzShow\n|player|p1|\n|l| Therazer456\n|l| dnr ljdarkrai\n","uploadtime":1718819038,"views":29,"formatid":"gen9vgc2024regg","rating":1706,"private":0,"password":null}