{"id":"gen9vgc2024regg-2146558879","format":"[Gen 9] VGC 2024 Reg G","players":["Phononmode","player11111"],"log":"|j|\u2606Phononmode\n|j|\u2606player11111\n|t:|1718845985\n|gametype|doubles\n|player|p1|Phononmode|102|1730\n|player|p2|player11111|serena-masters|1709\n|teamsize|p1|6\n|teamsize|p2|6\n|gen|9\n|tier|[Gen 9] VGC 2024 Reg G\n|rated|\n|rule|Species Clause: Limit one of each Pok\u00e9mon\n|rule|Item Clause: Limit one of each item\n|clearpoke\n|poke|p1|Calyrex-Ice, L50|\n|poke|p1|Rillaboom, L50, M|\n|poke|p1|Ting-Lu, L50|\n|poke|p1|Skeledirge, L50, M|\n|poke|p1|Raging Bolt, L50|\n|poke|p1|Iron Bundle, L50|\n|poke|p2|Chien-Pao, L50|\n|poke|p2|Urshifu-*, L50, F|\n|poke|p2|Zamazenta-*, L50|\n|poke|p2|Rillaboom, L50, F|\n|poke|p2|Ting-Lu, L50|\n|poke|p2|Ogerpon-Hearthflame, L50, F|\n|teampreview|4\nPhononmode has agreed to open team sheets.\n|inactive|Battle timer is ON: inactive players will automatically lose when time's up. (requested by Phononmode)\n|j| summerdog\n|j| rabbithorn05\n|inactive|Phononmode has 60 seconds left.\n|inactive|player11111 has 60 seconds left.\n|\n|t:|1718846043\n|start\n|switch|p1a: Rillaboom|Rillaboom, L50, M|100\/100\n|switch|p1b: Skeledirge|Skeledirge, L50, M|100\/100\n|switch|p2a: Chien-Pao|Chien-Pao, L50|100\/100\n|switch|p2b: Zamazenta|Zamazenta-Crowned, L50|100\/100\n|-ability|p2a: Chien-Pao|Sword of Ruin\n|-ability|p2b: Zamazenta|Dauntless Shield|boost\n|-boost|p2b: Zamazenta|def|1\n|-fieldstart|move: Grassy Terrain|[from] ability: Grassy Surge|[of] p1a: Rillaboom\n|turn|1\n|\n|t:|1718846063\n|move|p2a: Chien-Pao|Protect|p2a: Chien-Pao\n|-singleturn|p2a: Chien-Pao|Protect\n|move|p2b: Zamazenta|Protect|p2b: Zamazenta\n|-singleturn|p2b: Zamazenta|Protect\n|move|p1a: Rillaboom|Fake Out|p2a: Chien-Pao\n|-activate|p2a: Chien-Pao|move: Protect\n|move|p1b: Skeledirge|Will-O-Wisp|p2a: Chien-Pao\n|-activate|p2a: Chien-Pao|move: Protect\n|\n|upkeep\n|turn|2\n|inactive|player11111 has 30 seconds left.\n|inactive|player11111 has 20 seconds left.\n|inactive|player11111 has 15 seconds left.\n|inactive|player11111 has 10 seconds left.\n|inactive|player11111 has 5 seconds left.\n|\n|t:|1718846118\n|switch|p1b: Iron Bundle|Iron Bundle, L50|100\/100\n|move|p2a: Chien-Pao|Protect|p2a: Chien-Pao\n|-singleturn|p2a: Chien-Pao|Protect\n|move|p2b: Zamazenta|Protect|p2b: Zamazenta\n|-singleturn|p2b: Zamazenta|Protect\n|move|p1a: Rillaboom|Grassy Glide|p2a: Chien-Pao\n|-activate|p2a: Chien-Pao|move: Protect\n|\n|upkeep\n|turn|3\n|l| rabbithorn05\n|inactive|player11111 has 30 seconds left.\n|inactive|player11111 has 20 seconds left.\n|j| ghostistheman\n|inactive|player11111 has 15 seconds left.\n|inactive|player11111 has 10 seconds left.\n|inactive|player11111 has 5 seconds left.\n|c|\u2606Phononmode|triple protect?\n|\n|t:|1718846173\n|move|p2a: Chien-Pao|Protect|p2a: Chien-Pao\n|-singleturn|p2a: Chien-Pao|Protect\n|move|p2b: Zamazenta|Protect||[still]\n|-fail|p2b: Zamazenta\n|move|p1b: Iron Bundle|Encore|p2a: Chien-Pao\n|-activate|p2a: Chien-Pao|move: Protect\n|move|p1a: Rillaboom|U-turn|p2a: Chien-Pao\n|-activate|p2a: Chien-Pao|move: Protect\n|\n|upkeep\n|turn|4\n|inactive|player11111 has 30 seconds left.\n|j| rabbithorn05\n|inactive|player11111 has 20 seconds left.\n|\n|t:|1718846213\n|move|p1b: Iron Bundle|Encore|p2a: Chien-Pao\n|-start|p2a: Chien-Pao|Encore\n|move|p2a: Chien-Pao|Protect||[still]\n|-fail|p2a: Chien-Pao\n|move|p2b: Zamazenta|Body Press|p1b: Iron Bundle\n|-supereffective|p1b: Iron Bundle\n|-damage|p1b: Iron Bundle|0 fnt\n|faint|p1b: Iron Bundle\n|-end|p1b: Iron Bundle|Quark Drive|[silent]\n|move|p1a: Rillaboom|U-turn|p2a: Chien-Pao\n|-supereffective|p2a: Chien-Pao\n|-damage|p2a: Chien-Pao|32\/100\n|c|\u2606Phononmode|quadruple?\n|\n|t:|1718846230\n|switch|p1a: Calyrex|Calyrex-Ice, L50|100\/100|[from] U-turn\n|-ability|p1a: Calyrex|As One\n|-ability|p1a: Calyrex|Unnerve\n|\n|-heal|p2a: Chien-Pao|38\/100|[from] Grassy Terrain\n|upkeep\n|\n|t:|1718846235\n|switch|p1b: Skeledirge|Skeledirge, L50, M|100\/100\n|turn|5\n|\n|t:|1718846249\n|switch|p2a: Ogerpon|Ogerpon-Hearthflame, L50, F|100\/100\n|-ability|p2a: Ogerpon|Mold Breaker\n|move|p2b: Zamazenta|Iron Defense|p2b: Zamazenta\n|-boost|p2b: Zamazenta|def|2\n|move|p1b: Skeledirge|Will-O-Wisp|p2b: Zamazenta\n|-status|p2b: Zamazenta|brn\n|move|p1a: Calyrex|Trick Room|p1a: Calyrex\n|-fieldstart|move: Trick Room|[of] p1a: Calyrex\n|\n|-damage|p2b: Zamazenta|95\/100 brn|[from] brn\n|-fieldend|move: Grassy Terrain\n|upkeep\n|turn|6\n|c| rabbithorn05|he just isn't even using the game,system choose the first move for him when it time out\n|c|\u2606Phononmode|I see\n|inactive|Phononmode has 30 seconds left.\n|\n|t:|1718846282\n|-terastallize|p1a: Calyrex|Fire\n|-terastallize|p2b: Zamazenta|Water\n|move|p2a: Ogerpon|Spiky Shield|p2a: Ogerpon\n|-singleturn|p2a: Ogerpon|move: Protect\n|move|p1a: Calyrex|Glacial Lance|p2b: Zamazenta|[spread] p2b\n|-activate|p2a: Ogerpon|move: Protect\n|-resisted|p2b: Zamazenta\n|-damage|p2b: Zamazenta|88\/100 brn\n|move|p1b: Skeledirge|Torch Song|p2a: Ogerpon\n|-activate|p2a: Ogerpon|move: Protect\n|move|p2b: Zamazenta|Iron Defense|p2b: Zamazenta\n|-boost|p2b: Zamazenta|def|2\n|\n|-damage|p2b: Zamazenta|82\/100 brn|[from] brn\n|upkeep\n|turn|7\n|inactive|player11111 has 30 seconds left.\n|\n|t:|1718846313\n|move|p1a: Calyrex|Glacial Lance|p2a: Ogerpon|[spread] p2a,p2b\n|-resisted|p2b: Zamazenta\n|-damage|p2a: Ogerpon|20\/100\n|-damage|p2b: Zamazenta|76\/100 brn\n|move|p1b: Skeledirge|Torch Song|p2a: Ogerpon\n|-damage|p2a: Ogerpon|0 fnt\n|-boost|p1b: Skeledirge|spa|1\n|faint|p2a: Ogerpon\n|move|p2b: Zamazenta|Body Press|p1a: Calyrex\n|-damage|p1a: Calyrex|48\/100\n|\n|-damage|p2b: Zamazenta|70\/100 brn|[from] brn\n|upkeep\n|\n|t:|1718846330\n|switch|p2a: Rillaboom|Rillaboom, L50, F|100\/100\n|-fieldstart|move: Grassy Terrain|[from] ability: Grassy Surge|[of] p2a: Rillaboom\n|turn|8\n|\n|t:|1718846345\n|move|p1a: Calyrex|Protect|p1a: Calyrex\n|-singleturn|p1a: Calyrex|Protect\n|move|p2a: Rillaboom|Grassy Glide|p1b: Skeledirge\n|-resisted|p1b: Skeledirge\n|-damage|p1b: Skeledirge|86\/100\n|move|p1b: Skeledirge|Will-O-Wisp|p2a: Rillaboom\n|-status|p2a: Rillaboom|brn\n|move|p2b: Zamazenta|Behemoth Bash|p1b: Skeledirge\n|-resisted|p1b: Skeledirge\n|-damage|p1b: Skeledirge|79\/100\n|\n|-heal|p1a: Calyrex|54\/100|[from] Grassy Terrain\n|-heal|p1b: Skeledirge|85\/100|[from] Grassy Terrain\n|-heal|p2b: Zamazenta|76\/100 brn|[from] Grassy Terrain\n|-damage|p2a: Rillaboom|94\/100 brn|[from] brn\n|-damage|p2b: Zamazenta|70\/100 brn|[from] brn\n|upkeep\n|turn|9\n|\n|t:|1718846364\n|switch|p1b: Rillaboom|Rillaboom, L50, M|100\/100\n|move|p1a: Calyrex|Glacial Lance|p2b: Zamazenta|[spread] p2a,p2b\n|-supereffective|p2a: Rillaboom\n|-resisted|p2b: Zamazenta\n|-damage|p2a: Rillaboom|0 fnt\n|-damage|p2b: Zamazenta|65\/100 brn\n|faint|p2a: Rillaboom\n|-ability|p1a: Calyrex|Chilling Neigh|boost\n|-boost|p1a: Calyrex|atk|1\n|move|p2b: Zamazenta|Body Press|p1a: Calyrex\n|-damage|p1a: Calyrex|6\/100\n|\n|-heal|p1a: Calyrex|12\/100|[from] Grassy Terrain\n|-heal|p2b: Zamazenta|71\/100 brn|[from] Grassy Terrain\n|-damage|p2b: Zamazenta|65\/100 brn|[from] brn\n|-fieldend|move: Trick Room\n|upkeep\n|\n|t:|1718846370\n|switch|p2a: Chien-Pao|Chien-Pao, L50|38\/100\n|-ability|p2a: Chien-Pao|Sword of Ruin\n|turn|10\n|\n|t:|1718846386\n|switch|p1b: Skeledirge|Skeledirge, L50, M|85\/100\n|move|p2a: Chien-Pao|Sacred Sword|p1a: Calyrex\n|-damage|p1a: Calyrex|0 fnt\n|faint|p1a: Calyrex\n|move|p2b: Zamazenta|Body Press|p1b: Skeledirge\n|-immune|p1b: Skeledirge\n|\n|-heal|p2a: Chien-Pao|44\/100|[from] Grassy Terrain\n|-heal|p2b: Zamazenta|71\/100 brn|[from] Grassy Terrain\n|-heal|p1b: Skeledirge|91\/100|[from] Grassy Terrain\n|-damage|p2b: Zamazenta|65\/100 brn|[from] brn\n|upkeep\n|\n|t:|1718846391\n|switch|p1a: Rillaboom|Rillaboom, L50, M|100\/100\n|turn|11\n|\n|t:|1718846410\n|move|p2a: Chien-Pao|Protect|p2a: Chien-Pao\n|-singleturn|p2a: Chien-Pao|Protect\n|move|p1a: Rillaboom|Fake Out|p2b: Zamazenta\n|-damage|p2b: Zamazenta|60\/100 brn\n|cant|p2b: Zamazenta|flinch\n|move|p1b: Skeledirge|Will-O-Wisp|p2a: Chien-Pao\n|-activate|p2a: Chien-Pao|move: Protect\n|\n|-heal|p2a: Chien-Pao|50\/100|[from] Grassy Terrain\n|-heal|p2b: Zamazenta|66\/100 brn|[from] Grassy Terrain\n|-heal|p1b: Skeledirge|97\/100|[from] Grassy Terrain\n|-damage|p2b: Zamazenta|60\/100 brn|[from] brn\n|upkeep\n|turn|12\n|\n|t:|1718846434\n|move|p1a: Rillaboom|Grassy Glide|p2a: Chien-Pao\n|-damage|p2a: Chien-Pao|0 fnt\n|faint|p2a: Chien-Pao\n|move|p2b: Zamazenta|Behemoth Bash|p1b: Skeledirge\n|-resisted|p1b: Skeledirge\n|-damage|p1b: Skeledirge|91\/100\n|move|p1b: Skeledirge|Will-O-Wisp|p2b: Zamazenta|[miss]\n|-miss|p1b: Skeledirge|p2b: Zamazenta\n|\n|-heal|p2b: Zamazenta|66\/100 brn|[from] Grassy Terrain\n|-heal|p1b: Skeledirge|97\/100|[from] Grassy Terrain\n|-damage|p2b: Zamazenta|60\/100 brn|[from] brn\n|-fieldend|move: Grassy Terrain\n|upkeep\n|turn|13\n|-message|player11111 forfeited.\n|\n|win|Phononmode\n|raw|Phononmode's rating: 1730 &rarr; <strong>1749<\/strong><br \/>(+19 for winning)\n|raw|player11111's rating: 1709 &rarr; <strong>1690<\/strong><br \/>(-19 for losing)\n|l|\u2606player11111\n|player|p2|\n|l|\u2606Phononmode\n|player|p1|\n","uploadtime":1718846445,"views":12,"formatid":"gen9vgc2024regg","rating":1690,"private":0,"password":null}