{"id":"gen9vgc2024regg-2146154132","format":"[Gen 9] VGC 2024 Reg G","players":["Balala0706","LosingHorseVGC"],"log":"|j|\u2606Balala0706\n|j|\u2606LosingHorseVGC\n|t:|1718796561\n|gametype|doubles\n|player|p1|Balala0706|iris-gen5bw2|1699\n|player|p2|LosingHorseVGC|lucas|1712\n|teamsize|p1|6\n|teamsize|p2|6\n|gen|9\n|tier|[Gen 9] VGC 2024 Reg G\n|rated|\n|rule|Species Clause: Limit one of each Pok\u00e9mon\n|rule|Item Clause: Limit one of each item\n|clearpoke\n|poke|p1|Kyogre, L50|\n|poke|p1|Incineroar, L50, M|\n|poke|p1|Wo-Chien, L50|\n|poke|p1|Grimmsnarl, L50, M|\n|poke|p1|Urshifu-*, L50, F|\n|poke|p1|Iron Jugulis, L50|\n|poke|p2|Calyrex-Ice, L50|\n|poke|p2|Raging Bolt, L50|\n|poke|p2|Ogerpon-Cornerstone, L50, F|\n|poke|p2|Urshifu-*, L50, F|\n|poke|p2|Pelipper, L50, M|\n|poke|p2|Landorus, L50, M|\n|teampreview|4\n|inactive|Battle timer is ON: inactive players will automatically lose when time's up. (requested by LosingHorseVGC)\n|inactive|Balala0706 has 60 seconds left.\n|\n|t:|1718796615\n|start\n|switch|p1a: Grimmsnarl|Grimmsnarl, L50, M|100\/100\n|switch|p1b: Kyogre|Kyogre, L50|100\/100\n|switch|p2a: Raging Bolt|Raging Bolt, L50|100\/100\n|switch|p2b: Urshifu|Urshifu-Rapid-Strike, L50, F|100\/100\n|-weather|RainDance|[from] ability: Drizzle|[of] p1b: Kyogre\n|turn|1\n|j| rabbithorn05\n|j| THUNDERSND77\n|j| bluestraggler01\n|inactive|Balala0706 has 30 seconds left.\n|\n|t:|1718796644\n|move|p1a: Grimmsnarl|Light Screen|p1a: Grimmsnarl\n|-sidestart|p1: Balala0706|move: Light Screen\n|move|p2b: Urshifu|Close Combat|p1b: Kyogre\n|-damage|p1b: Kyogre|47\/100\n|-unboost|p2b: Urshifu|def|1\n|-unboost|p2b: Urshifu|spd|1\n|move|p2a: Raging Bolt|Dragon Pulse|p1b: Kyogre\n|-damage|p1b: Kyogre|27\/100\n|-damage|p2a: Raging Bolt|91\/100|[from] item: Life Orb\n|move|p1b: Kyogre|Thunder|p2b: Urshifu\n|-supereffective|p2b: Urshifu\n|-enditem|p2b: Urshifu|Focus Sash\n|-damage|p2b: Urshifu|1\/100\n|\n|-weather|RainDance|[upkeep]\n|upkeep\n|turn|2\n|inactive|Balala0706 has 30 seconds left.\n|\n|t:|1718796672\n|move|p1a: Grimmsnarl|Thunder Wave|p2b: Urshifu\n|-status|p2b: Urshifu|par\n|move|p2a: Raging Bolt|Thunderbolt|p1a: Grimmsnarl\n|-damage|p1a: Grimmsnarl|59\/100\n|-damage|p2a: Raging Bolt|81\/100|[from] item: Life Orb\n|move|p1b: Kyogre|Origin Pulse|p2b: Urshifu|[spread] p2a,p2b\n|-resisted|p2a: Raging Bolt\n|-resisted|p2b: Urshifu\n|-damage|p2a: Raging Bolt|48\/100\n|-damage|p2b: Urshifu|0 fnt\n|faint|p2b: Urshifu\n|\n|-weather|RainDance|[upkeep]\n|upkeep\n|\n|t:|1718796685\n|switch|p2b: Calyrex|Calyrex-Ice, L50|100\/100\n|-ability|p2b: Calyrex|As One\n|-ability|p2b: Calyrex|Unnerve\n|turn|3\n|inactive|Balala0706 has 30 seconds left.\n|inactive|Balala0706 has 20 seconds left.\n|\n|t:|1718796723\n|switch|p1b: Wo-Chien|Wo-Chien, L50|100\/100\n|-ability|p1b: Wo-Chien|Tablets of Ruin\n|-terastallize|p2a: Raging Bolt|Electric\n|move|p1a: Grimmsnarl|Reflect|p1a: Grimmsnarl\n|-sidestart|p1: Balala0706|Reflect\n|move|p2a: Raging Bolt|Thunderbolt|p1b: Wo-Chien\n|-resisted|p1b: Wo-Chien\n|-damage|p1b: Wo-Chien|80\/100\n|-damage|p2a: Raging Bolt|38\/100|[from] item: Life Orb\n|move|p2b: Calyrex|Glacial Lance|p1a: Grimmsnarl|[spread] p1a,p1b\n|-supereffective|p1b: Wo-Chien\n|-damage|p1a: Grimmsnarl|30\/100\n|-damage|p1b: Wo-Chien|35\/100\n|\n|-weather|RainDance|[upkeep]\n|-heal|p1b: Wo-Chien|42\/100|[from] item: Leftovers\n|upkeep\n|turn|4\n|j| Maushold-3P\n|\n|t:|1718796746\n|-terastallize|p1b: Wo-Chien|Poison\n|move|p2a: Raging Bolt|Thunderbolt|p1b: Wo-Chien\n|-damage|p1b: Wo-Chien|0 fnt\n|faint|p1b: Wo-Chien\n|-damage|p2a: Raging Bolt|28\/100|[from] item: Life Orb\n|move|p2b: Calyrex|Glacial Lance|p1a: Grimmsnarl\n|-damage|p1a: Grimmsnarl|0 fnt\n|faint|p1a: Grimmsnarl\n|-ability|p2b: Calyrex|Chilling Neigh|boost\n|-boost|p2b: Calyrex|atk|1\n|\n|-weather|RainDance|[upkeep]\n|upkeep\n|\n|t:|1718796755\n|switch|p1b: Urshifu|Urshifu-Rapid-Strike, L50, F|100\/100\n|switch|p1a: Kyogre|Kyogre, L50|27\/100\n|turn|5\n|\n|t:|1718796770\n|move|p2a: Raging Bolt|Thunderclap|p1a: Kyogre\n|-supereffective|p1a: Kyogre\n|-damage|p1a: Kyogre|0 fnt\n|faint|p1a: Kyogre\n|-damage|p2a: Raging Bolt|18\/100|[from] item: Life Orb\n|move|p1b: Urshifu|Surging Strikes|p2b: Calyrex\n|-crit|p2b: Calyrex\n|-damage|p2b: Calyrex|80\/100\n|-crit|p2b: Calyrex\n|-damage|p2b: Calyrex|56\/100\n|-crit|p2b: Calyrex\n|-damage|p2b: Calyrex|33\/100\n|-hitcount|p2b: Calyrex|3\n|move|p2b: Calyrex|Zen Headbutt|p1b: Urshifu\n|-supereffective|p1b: Urshifu\n|-damage|p1b: Urshifu|0 fnt\n|faint|p1b: Urshifu\n|\n|win|LosingHorseVGC\n|raw|Balala0706's rating: 1699 &rarr; <strong>1680<\/strong><br \/>(-19 for losing)\n|raw|LosingHorseVGC's rating: 1712 &rarr; <strong>1731<\/strong><br \/>(+19 for winning)\n|l| bluestraggler01\n|l|\u2606Balala0706\n|player|p1|\n|l|\u2606LosingHorseVGC\n|player|p2|\n|l| THUNDERSND77\n","uploadtime":1718796784,"views":25,"formatid":"gen9vgc2024regg","rating":1680,"private":0,"password":null}