{"id":"gen9vgc2024regg-2146023963","format":"[Gen 9] VGC 2024 Reg G","players":["The Umpire","AZUNA_Fan"],"log":"|j|\u2606The Umpire\n|j|\u2606AZUNA_Fan\n|t:|1718772080\n|gametype|doubles\n|player|p1|The Umpire|volkner|1702\n|player|p2|AZUNA_Fan|dawn-gen4pt|1745\n|teamsize|p1|6\n|teamsize|p2|6\n|gen|9\n|tier|[Gen 9] VGC 2024 Reg G\n|rated|\n|rule|Species Clause: Limit one of each Pok\u00e9mon\n|rule|Item Clause: Limit one of each item\n|clearpoke\n|poke|p1|Zamazenta-*, L50|\n|poke|p1|Flutter Mane, L50|\n|poke|p1|Tyranitar, L50, M|\n|poke|p1|Rillaboom, L50, M|\n|poke|p1|Moltres-Galar, L50|\n|poke|p1|Latios, L50, M|\n|poke|p2|Calyrex-Shadow, L50|\n|poke|p2|Urshifu-*, L50, F|\n|poke|p2|Indeedee-F, L50, F|\n|poke|p2|Maushold, L50|\n|poke|p2|Dondozo, L50, M|\n|poke|p2|Tatsugiri, L50, M|\n|teampreview|4\n|inactive|Battle timer is ON: inactive players will automatically lose when time's up. (requested by AZUNA_Fan)\n|j| SizzleMeBritches\n|\n|t:|1718772097\n|start\n|switch|p1a: Tyranitar|Tyranitar, L50, M|100\/100\n|switch|p1b: Zamazenta|Zamazenta-Crowned, L50|100\/100\n|switch|p2a: Calyrex|Calyrex-Shadow, L50|100\/100\n|switch|p2b: Urshifu|Urshifu, L50, F|100\/100\n|-ability|p2a: Calyrex|As One\n|-ability|p2a: Calyrex|Unnerve\n|-ability|p1b: Zamazenta|Dauntless Shield|boost\n|-boost|p1b: Zamazenta|def|1\n|-weather|Sandstorm|[from] ability: Sand Stream|[of] p1a: Tyranitar\n|turn|1\n|inactive|AZUNA_Fan has 30 seconds left.\n|\n|t:|1718772125\n|-terastallize|p2b: Urshifu|Poison\n|move|p2a: Calyrex|Astral Barrage|p1b: Zamazenta|[spread] p1a,p1b\n|-resisted|p1a: Tyranitar\n|-damage|p1a: Tyranitar|77\/100\n|-damage|p1b: Zamazenta|48\/100\n|move|p1b: Zamazenta|Body Press|p2b: Urshifu\n|-resisted|p2b: Urshifu\n|-damage|p2b: Urshifu|64\/100\n|move|p2b: Urshifu|Close Combat|p1a: Tyranitar\n|-supereffective|p1a: Tyranitar\n|-damage|p1a: Tyranitar|0 fnt\n|-unboost|p2b: Urshifu|def|1\n|-unboost|p2b: Urshifu|spd|1\n|faint|p1a: Tyranitar\n|\n|-weather|Sandstorm|[upkeep]\n|-damage|p2a: Calyrex|94\/100|[from] Sandstorm\n|-damage|p2b: Urshifu|58\/100|[from] Sandstorm\n|upkeep\n|\n|t:|1718772138\n|switch|p1a: Flutter Mane|Flutter Mane, L50, shiny|100\/100\n|-enditem|p1a: Flutter Mane|Booster Energy\n|-activate|p1a: Flutter Mane|ability: Protosynthesis|[fromitem]\n|-start|p1a: Flutter Mane|protosynthesisspe\n|turn|2\n|\n|t:|1718772157\n|switch|p2a: Tatsugiri|Tatsugiri, L50, M|100\/100\n|switch|p2b: Dondozo|Dondozo, L50, M|100\/100\n|-activate|p2a: Tatsugiri|ability: Commander|[of] p2b: Dondozo\n|-boost|p2b: Dondozo|atk|2\n|-boost|p2b: Dondozo|spa|2\n|-boost|p2b: Dondozo|spe|2\n|-boost|p2b: Dondozo|def|2\n|-boost|p2b: Dondozo|spd|2\n|-terastallize|p1a: Flutter Mane|Normal\n|move|p1a: Flutter Mane|Thunder Wave|p2a: Tatsugiri|[miss]\n|-miss|p1a: Flutter Mane|p2a: Tatsugiri\n|move|p1b: Zamazenta|Heavy Slam|p2a: Tatsugiri|[miss]\n|-miss|p1b: Zamazenta|p2a: Tatsugiri\n|\n|-weather|Sandstorm|[upkeep]\n|-damage|p1a: Flutter Mane|94\/100|[from] Sandstorm\n|-damage|p2b: Dondozo|94\/100|[from] Sandstorm\n|-damage|p2a: Tatsugiri|94\/100|[from] Sandstorm\n|upkeep\n|turn|3\n|\n|t:|1718772176\n|move|p1a: Flutter Mane|Thunder Wave|p2b: Dondozo\n|-status|p2b: Dondozo|par\n|move|p1b: Zamazenta|Body Press|p2b: Dondozo\n|-damage|p2b: Dondozo|76\/100 par\n|-damage|p1b: Zamazenta|32\/100|[from] item: Rocky Helmet|[of] p2b: Dondozo\n|move|p2b: Dondozo|Wave Crash|p1a: Flutter Mane\n|-damage|p1a: Flutter Mane|0 fnt\n|faint|p1a: Flutter Mane\n|-end|p1a: Flutter Mane|Protosynthesis|[silent]\n|-damage|p2b: Dondozo|54\/100 par|[from] Recoil\n|\n|-weather|Sandstorm|[upkeep]\n|-damage|p2a: Tatsugiri|88\/100|[from] Sandstorm\n|-damage|p2b: Dondozo|48\/100 par|[from] Sandstorm\n|upkeep\n|\n|t:|1718772186\n|switch|p1a: Rillaboom|Rillaboom, L50, M|100\/100\n|-fieldstart|move: Grassy Terrain|[from] ability: Grassy Surge|[of] p1a: Rillaboom\n|turn|4\n|\n|t:|1718772199\n|move|p2b: Dondozo|Protect|p2b: Dondozo\n|-singleturn|p2b: Dondozo|Protect\n|move|p1a: Rillaboom|Grassy Glide|p2b: Dondozo\n|-activate|p2b: Dondozo|move: Protect\n|move|p1b: Zamazenta|Body Press|p2b: Dondozo\n|-activate|p2b: Dondozo|move: Protect\n|\n|-weather|Sandstorm|[upkeep]\n|-damage|p2a: Tatsugiri|82\/100|[from] Sandstorm\n|-damage|p1a: Rillaboom|94\/100|[from] Sandstorm\n|-damage|p2b: Dondozo|42\/100 par|[from] Sandstorm\n|-heal|p1b: Zamazenta|38\/100|[from] Grassy Terrain\n|-heal|p2a: Tatsugiri|88\/100|[from] Grassy Terrain\n|-heal|p1a: Rillaboom|100\/100|[from] Grassy Terrain\n|-heal|p2b: Dondozo|48\/100 par|[from] Grassy Terrain\n|upkeep\n|turn|5\n|\n|t:|1718772214\n|move|p1a: Rillaboom|Grassy Glide|p2b: Dondozo\n|-supereffective|p2b: Dondozo\n|-damage|p2b: Dondozo|13\/100 par\n|-damage|p1a: Rillaboom|84\/100|[from] item: Rocky Helmet|[of] p2b: Dondozo\n|move|p1b: Zamazenta|Body Press|p2b: Dondozo\n|-damage|p2b: Dondozo|0 fnt\n|-damage|p1b: Zamazenta|22\/100|[from] item: Rocky Helmet|[of] p2b: Dondozo\n|faint|p2b: Dondozo\n|\n|-weather|none\n|-heal|p1b: Zamazenta|28\/100|[from] Grassy Terrain\n|-heal|p2a: Tatsugiri|94\/100|[from] Grassy Terrain\n|-heal|p1a: Rillaboom|90\/100|[from] Grassy Terrain\n|upkeep\n|\n|t:|1718772234\n|switch|p2b: Urshifu|Urshifu, L50, F, tera:Poison|58\/100\n|turn|6\n|j| THUNDERSND77\n|j| harold34\n|l| SizzleMeBritches\n|\n|t:|1718772255\n|move|p1a: Rillaboom|Grassy Glide|p2b: Urshifu\n|-resisted|p2b: Urshifu\n|-damage|p2b: Urshifu|34\/100\n|move|p1b: Zamazenta|Heavy Slam|p2b: Urshifu\n|-damage|p2b: Urshifu|0 fnt\n|faint|p2b: Urshifu\n|move|p2a: Tatsugiri|Draco Meteor|p1b: Zamazenta\n|-resisted|p1b: Zamazenta\n|-damage|p1b: Zamazenta|4\/100\n|-unboost|p2a: Tatsugiri|spa|2\n|\n|-heal|p1b: Zamazenta|11\/100|[from] Grassy Terrain\n|-heal|p2a: Tatsugiri|100\/100|[from] Grassy Terrain\n|-heal|p1a: Rillaboom|96\/100|[from] Grassy Terrain\n|upkeep\n|\n|t:|1718772269\n|switch|p2b: Calyrex|Calyrex-Shadow, L50|94\/100\n|-ability|p2b: Calyrex|As One\n|-ability|p2b: Calyrex|Unnerve\n|turn|7\n|\n|t:|1718772293\n|move|p1b: Zamazenta|Protect|p1b: Zamazenta\n|-singleturn|p1b: Zamazenta|Protect\n|move|p2b: Calyrex|Astral Barrage|p1b: Zamazenta|[spread] p1a\n|-activate|p1b: Zamazenta|move: Protect\n|-damage|p1a: Rillaboom|15\/100\n|move|p1a: Rillaboom|Wood Hammer|p2b: Calyrex\n|-damage|p2b: Calyrex|2\/100\n|-damage|p1a: Rillaboom|0 fnt|[from] Recoil\n|faint|p1a: Rillaboom\n|move|p2a: Tatsugiri|Counter||[still]\n|-fail|p2a: Tatsugiri\n|\n|-heal|p2b: Calyrex|8\/100|[from] Grassy Terrain\n|-heal|p1b: Zamazenta|17\/100|[from] Grassy Terrain\n|upkeep\n|turn|8\n|\n|t:|1718772313\n|move|p1b: Zamazenta|Wide Guard|p1b: Zamazenta\n|-singleturn|p1b: Zamazenta|Wide Guard\n|move|p2b: Calyrex|Astral Barrage|p1b: Zamazenta\n|-activate|p1b: Zamazenta|move: Wide Guard\n|move|p2a: Tatsugiri|Muddy Water|p1b: Zamazenta\n|-activate|p1b: Zamazenta|move: Wide Guard\n|\n|-heal|p2b: Calyrex|14\/100|[from] Grassy Terrain\n|-heal|p1b: Zamazenta|23\/100|[from] Grassy Terrain\n|-fieldend|move: Grassy Terrain\n|upkeep\n|turn|9\n|\n|t:|1718772326\n|move|p1b: Zamazenta|Protect||[still]\n|-fail|p1b: Zamazenta\n|move|p2b: Calyrex|Astral Barrage|p1b: Zamazenta\n|-damage|p1b: Zamazenta|0 fnt\n|faint|p1b: Zamazenta\n|\n|win|AZUNA_Fan\n|raw|The Umpire's rating: 1702 &rarr; <strong>1684<\/strong><br \/>(-18 for losing)\n|raw|AZUNA_Fan's rating: 1745 &rarr; <strong>1763<\/strong><br \/>(+18 for winning)\n|l|\u2606The Umpire\n|player|p1|\n|l|\u2606AZUNA_Fan\n|player|p2|\n|l| harold34\n|l| THUNDERSND77\n|j| THUNDERSND77\n|l| THUNDERSND77\n","uploadtime":1718772561,"views":39,"formatid":"gen9vgc2024regg","rating":1684,"private":0,"password":null}