{"id":"gen9vgc2024regg-2146922104","format":"[Gen 9] VGC 2024 Reg G","players":["RomanGODra","Zonavideovigilada"],"log":"|j|\u2606RomanGODra\n|j|\u2606Zonavideovigilada\n|t:|1718902155\n|gametype|doubles\n|player|p1|RomanGODra|waiter-gen4dp|1736\n|player|p2|Zonavideovigilada|266|1715\n|teamsize|p1|6\n|teamsize|p2|6\n|gen|9\n|tier|[Gen 9] VGC 2024 Reg G\n|rated|\n|rule|Species Clause: Limit one of each Pok\u00e9mon\n|rule|Item Clause: Limit one of each item\n|clearpoke\n|poke|p1|Terapagos, L50, M|\n|poke|p1|Raging Bolt, L50|\n|poke|p1|Scream Tail, L50|\n|poke|p1|Grimmsnarl, L50, M|\n|poke|p1|Ogerpon-Wellspring, L50, F|\n|poke|p1|Rillaboom, L50, M|\n|poke|p2|Zamazenta-*, L50|\n|poke|p2|Amoonguss, L50, F|\n|poke|p2|Pelipper, L50, M|\n|poke|p2|Urshifu-*, L50, F|\n|poke|p2|Ting-Lu, L50|\n|poke|p2|Chien-Pao, L50|\n|teampreview|4\nRomanGODra rejected open team sheets.\n|j| Therazer456\n|inactive|Battle timer is ON: inactive players will automatically lose when time's up. (requested by RomanGODra)\n|j| REITERATE\n|\n|t:|1718902193\n|start\n|switch|p1a: PAWN|Grimmsnarl, L50, M, shiny|100\/100\n|switch|p1b: KING|Terapagos, L50, M|100\/100\n|switch|p2a: Ting-Lu|Ting-Lu, L50|100\/100\n|switch|p2b: Zamazenta|Zamazenta-Crowned, L50|100\/100\n|-activate|p1b: KING|ability: Tera Shift\n|detailschange|p1b: KING|Terapagos-Terastal, L50, M\n|-heal|p1b: KING|100\/100|[silent]\n|-ability|p2b: Zamazenta|Dauntless Shield|boost\n|-boost|p2b: Zamazenta|def|1\n|-ability|p2a: Ting-Lu|Vessel of Ruin\n|turn|1\n|\n|t:|1718902202\n|move|p1b: KING|Protect|p1b: KING\n|-singleturn|p1b: KING|Protect\n|move|p1a: PAWN|Reflect|p1a: PAWN\n|-sidestart|p1: RomanGODra|Reflect\n|move|p2b: Zamazenta|Heavy Slam|p1a: PAWN\n|-supereffective|p1a: PAWN\n|-damage|p1a: PAWN|40\/100\n|move|p2a: Ting-Lu|Sand Tomb|p1b: KING\n|-activate|p1b: KING|move: Protect\n|\n|upkeep\n|turn|2\n|j| viaan\n|\n|t:|1718902227\n|switch|p1b: ROOK|Rillaboom, L50, M|100\/100\n|-fieldstart|move: Grassy Terrain|[from] ability: Grassy Surge|[of] p1b: ROOK\n|move|p1a: PAWN|Thunder Wave|p2b: Zamazenta\n|-status|p2b: Zamazenta|par\n|move|p2b: Zamazenta|Body Press|p1b: ROOK\n|-damage|p1b: ROOK|59\/100\n|move|p2a: Ting-Lu|Snarl|p1b: ROOK|[spread] p1a,p1b\n|-resisted|p1a: PAWN\n|-damage|p1a: PAWN|38\/100\n|-damage|p1b: ROOK|52\/100\n|-unboost|p1a: PAWN|spa|1\n|-unboost|p1b: ROOK|spa|1\n|\n|-heal|p1b: ROOK|58\/100|[from] Grassy Terrain\n|-heal|p1a: PAWN|44\/100|[from] Grassy Terrain\n|upkeep\n|turn|3\n|\n|t:|1718902243\n|switch|p2a: Amoonguss|Amoonguss, L50, F|100\/100\n|move|p1b: ROOK|Wood Hammer|p2a: Amoonguss\n|-resisted|p2a: Amoonguss\n|-damage|p2a: Amoonguss|80\/100\n|-damage|p1b: ROOK|50\/100|[from] Recoil\n|move|p2b: Zamazenta|Body Press|p1b: ROOK\n|-crit|p1b: ROOK\n|-damage|p1b: ROOK|0 fnt\n|faint|p1b: ROOK\n|move|p1a: PAWN|Foul Play|p2a: Amoonguss\n|-damage|p2a: Amoonguss|57\/100\n|\n|-heal|p1a: PAWN|50\/100|[from] Grassy Terrain\n|-heal|p2a: Amoonguss|63\/100|[from] Grassy Terrain\n|upkeep\n|\n|t:|1718902250\n|switch|p1b: KING|Terapagos-Terastal, L50, M|100\/100\n|turn|4\n|\n|t:|1718902269\n|switch|p1a: BISHOP|Scream Tail, L50, shiny|100\/100\n|-enditem|p1a: BISHOP|Booster Energy\n|-activate|p1a: BISHOP|ability: Protosynthesis|[fromitem]\n|-start|p1a: BISHOP|protosynthesisspe\n|move|p1b: KING|Protect|p1b: KING\n|-singleturn|p1b: KING|Protect\n|cant|p2b: Zamazenta|par\n|move|p2a: Amoonguss|Protect||[still]\n|-fail|p2a: Amoonguss\n|\n|-heal|p2a: Amoonguss|69\/100|[from] Grassy Terrain\n|upkeep\n|turn|5\n|\n|t:|1718902281\n|move|p1a: BISHOP|Encore|p2a: Amoonguss\n|-start|p2a: Amoonguss|Encore\n|move|p1b: KING|Calm Mind|p1b: KING\n|-boost|p1b: KING|spa|1\n|-boost|p1b: KING|spd|1\n|move|p2b: Zamazenta|Body Press|p1b: KING\n|-activate|p1b: KING|ability: Tera Shell\n|-resisted|p1b: KING\n|-damage|p1b: KING|83\/100\n|move|p2a: Amoonguss|Protect||[still]\n|-fail|p2a: Amoonguss\n|\n|-heal|p1b: KING|89\/100|[from] Grassy Terrain\n|-heal|p2a: Amoonguss|75\/100|[from] Grassy Terrain\n|upkeep\n|turn|6\n|\n|t:|1718902296\n|switch|p2a: Ting-Lu|Ting-Lu, L50|100\/100\n|-ability|p2a: Ting-Lu|Vessel of Ruin\n|move|p1a: BISHOP|Disable|p2b: Zamazenta\n|-start|p2b: Zamazenta|Disable|Body Press\n|move|p1b: KING|Calm Mind|p1b: KING\n|-boost|p1b: KING|spa|1\n|-boost|p1b: KING|spd|1\n|move|p2b: Zamazenta|Heavy Slam|p1a: BISHOP\n|-supereffective|p1a: BISHOP\n|-damage|p1a: BISHOP|42\/100\n|\n|-heal|p1a: BISHOP|48\/100|[from] Grassy Terrain\n|-heal|p1b: KING|95\/100|[from] Grassy Terrain\n|-fieldend|move: Grassy Terrain\n|upkeep\n|turn|7\n|\n|t:|1718902314\n|-terastallize|p1b: KING|Stellar\n|detailschange|p1b: KING|Terapagos-Stellar, L50, M, tera:Stellar\n|-heal|p1b: KING|96\/100|[silent]\n|move|p1a: BISHOP|Protect|p1a: BISHOP\n|-singleturn|p1a: BISHOP|Protect\n|move|p1b: KING|Earth Power|p2b: Zamazenta\n|-supereffective|p2b: Zamazenta\n|-damage|p2b: Zamazenta|23\/100 par\n|move|p2b: Zamazenta|Heavy Slam|p1a: BISHOP\n|-activate|p1a: BISHOP|move: Protect\n|move|p2a: Ting-Lu|Snarl|p1a: BISHOP|[spread] p1b\n|-activate|p1a: BISHOP|move: Protect\n|-damage|p1b: KING|94\/100\n|\n|upkeep\n|turn|8\n|inactive|Zonavideovigilada has 30 seconds left.\n|\n|t:|1718902340\n|move|p2b: Zamazenta|Protect|p2b: Zamazenta\n|-singleturn|p2b: Zamazenta|Protect\n|move|p1a: BISHOP|Encore|p2a: Ting-Lu\n|-start|p2a: Ting-Lu|Encore\n|move|p1b: KING|Tera Starstorm|p2a: Ting-Lu|[spread] p2a\n|-activate|p2b: Zamazenta|move: Protect\n|-damage|p2a: Ting-Lu|77\/100\n|move|p2a: Ting-Lu|Snarl|p1b: KING|[spread] p1a,p1b\n|-damage|p1a: BISHOP|42\/100\n|-damage|p1b: KING|92\/100\n|-unboost|p1a: BISHOP|spa|1\n|\n|-sideend|p1: RomanGODra|Reflect\n|upkeep\n|turn|9\n|\n|t:|1718902356\n|switch|p2a: Amoonguss|Amoonguss, L50, F|100\/100\n|move|p2b: Zamazenta|Wide Guard|p2b: Zamazenta\n|-singleturn|p2b: Zamazenta|Wide Guard\n|move|p1a: BISHOP|Disable||[still]\n|-fail|p1a: BISHOP\n|move|p1b: KING|Tera Starstorm|p2b: Zamazenta|[spread] \n|-activate|p2a: Amoonguss|move: Wide Guard\n|-activate|p2b: Zamazenta|move: Wide Guard\n|\n|-end|p2b: Zamazenta|Disable\n|upkeep\n|turn|10\n|inactive|Zonavideovigilada has 30 seconds left.\n|\n|t:|1718902383\n|move|p1a: BISHOP|Protect|p1a: BISHOP\n|-singleturn|p1a: BISHOP|Protect\n|move|p1b: KING|Protect|p1b: KING\n|-singleturn|p1b: KING|Protect\n|cant|p2b: Zamazenta|par\n|move|p2a: Amoonguss|Spore|p1b: KING\n|-activate|p1b: KING|move: Protect\n|\n|upkeep\n|turn|11\n|\n|t:|1718902405\n|move|p2a: Amoonguss|Protect|p2a: Amoonguss\n|-singleturn|p2a: Amoonguss|Protect\n|move|p1a: BISHOP|Disable|p2a: Amoonguss\n|-activate|p2a: Amoonguss|move: Protect\n|move|p1b: KING|Tera Starstorm|p2b: Zamazenta|[spread] p2b\n|-activate|p2a: Amoonguss|move: Protect\n|-damage|p2b: Zamazenta|0 fnt\n|faint|p2b: Zamazenta\n|\n|upkeep\n|\n|t:|1718902419\n|switch|p2b: Ting-Lu|Ting-Lu, L50|77\/100\n|-ability|p2b: Ting-Lu|Vessel of Ruin\n|turn|12\n|\n|t:|1718902428\n|move|p1a: BISHOP|Protect|p1a: BISHOP\n|-singleturn|p1a: BISHOP|Protect\n|move|p1b: KING|Protect|p1b: KING\n|-singleturn|p1b: KING|Protect\n|move|p2b: Ting-Lu|Heavy Slam|p1a: BISHOP\n|-activate|p1a: BISHOP|move: Protect\n|move|p2a: Amoonguss|Spore|p1b: KING\n|-activate|p1b: KING|move: Protect\n|\n|upkeep\n|turn|13\n|\n|t:|1718902443\n|move|p2a: Amoonguss|Protect|p2a: Amoonguss\n|-singleturn|p2a: Amoonguss|Protect\n|move|p1a: BISHOP|Disable|p2a: Amoonguss\n|-activate|p2a: Amoonguss|move: Protect\n|move|p1b: KING|Tera Starstorm|p2a: Amoonguss|[spread] p2b\n|-activate|p2a: Amoonguss|move: Protect\n|-damage|p2b: Ting-Lu|51\/100\n|move|p2b: Ting-Lu|Heavy Slam|p1a: BISHOP\n|-supereffective|p1a: BISHOP\n|-damage|p1a: BISHOP|0 fnt\n|faint|p1a: BISHOP\n|-end|p1a: BISHOP|Protosynthesis|[silent]\n|\n|upkeep\n|\n|t:|1718902445\n|switch|p1a: PAWN|Grimmsnarl, L50, M, shiny|50\/100\n|turn|14\n|\n|t:|1718902462\n|move|p1a: PAWN|Thunder Wave|p2a: Amoonguss\n|-status|p2a: Amoonguss|par\n|move|p1b: KING|Tera Starstorm|p2a: Amoonguss|[spread] p2a,p2b\n|-crit|p2b: Ting-Lu\n|-damage|p2a: Amoonguss|62\/100 par\n|-damage|p2b: Ting-Lu|14\/100\n|move|p2b: Ting-Lu|Heavy Slam|p1a: PAWN\n|-supereffective|p1a: PAWN\n|-damage|p1a: PAWN|0 fnt\n|faint|p1a: PAWN\n|move|p2a: Amoonguss|Spore|p1b: KING\n|-status|p1b: KING|slp|[from] move: Spore\n|\n|upkeep\n|turn|15\n|\n|t:|1718902476\n|cant|p1b: KING|slp\n|move|p2b: Ting-Lu|Sand Tomb|p1b: KING\n|-damage|p1b: KING|83\/100 slp\n|-activate|p1b: KING|move: Sand Tomb|[of] p2b: Ting-Lu\n|cant|p2a: Amoonguss|par\n|\n|-damage|p1b: KING|71\/100 slp|[from] move: Sand Tomb|[partiallytrapped]\n|upkeep\n|turn|16\n|\n|t:|1718902486\n|cant|p1b: KING|slp\n|move|p2b: Ting-Lu|Throat Chop|p1b: KING\n|-damage|p1b: KING|53\/100 slp\n|move|p2a: Amoonguss|Pollen Puff|p2b: Ting-Lu\n|-heal|p2b: Ting-Lu|64\/100\n|\n|-damage|p1b: KING|40\/100 slp|[from] move: Sand Tomb|[partiallytrapped]\n|upkeep\n|turn|17\n|-message|RomanGODra forfeited.\n|\n|win|Zonavideovigilada\n|raw|RomanGODra's rating: 1736 &rarr; <strong>1715<\/strong><br \/>(-21 for losing)\n|raw|Zonavideovigilada's rating: 1715 &rarr; <strong>1736<\/strong><br \/>(+21 for winning)\n|l|\u2606RomanGODra\n|player|p1|\n|l|\u2606Zonavideovigilada\n|player|p2|\n|l| viaan\n|l| Therazer456\n","uploadtime":1718902638,"views":27,"formatid":"gen9vgc2024regg","rating":1715,"private":0,"password":null}