{"id":"gen9vgc2024regg-2146545380","format":"[Gen 9] VGC 2024 Reg G","players":["Phononmode","Krisuerte"],"log":"|j|\u2606Phononmode\n|j|\u2606Krisuerte\n|t:|1718844121\n|gametype|doubles\n|player|p1|Phononmode|102|1698\n|player|p2|Krisuerte|265|1770\n|teamsize|p1|6\n|teamsize|p2|6\n|gen|9\n|tier|[Gen 9] VGC 2024 Reg G\n|rated|\n|rule|Species Clause: Limit one of each Pok\u00e9mon\n|rule|Item Clause: Limit one of each item\n|clearpoke\n|poke|p1|Calyrex-Ice, L50|\n|poke|p1|Rillaboom, L50, M|\n|poke|p1|Ting-Lu, L50|\n|poke|p1|Skeledirge, L50, F|\n|poke|p1|Raging Bolt, L50|\n|poke|p1|Iron Bundle, L50|\n|poke|p2|Sinistcha-Masterpiece, L50|\n|poke|p2|Kyogre, L50|\n|poke|p2|Tornadus, L50, M|\n|poke|p2|Urshifu-*, L50, F|\n|poke|p2|Archaludon, L50, F|\n|poke|p2|Landorus, L50, M|\n|teampreview|4\nPhononmode has agreed to open team sheets.\n|j| summerdog\n|inactive|Battle timer is ON: inactive players will automatically lose when time's up. (requested by Krisuerte)\n|\n|t:|1718844148\n|start\n|switch|p1a: Rillaboom|Rillaboom, L50, M|100\/100\n|switch|p1b: Raging Bolt|Raging Bolt, L50|100\/100\n|switch|p2a: Kyogre|Kyogre, L50|100\/100\n|switch|p2b: Archaludon|Archaludon, L50, F|100\/100\n|-weather|RainDance|[from] ability: Drizzle|[of] p2a: Kyogre\n|-fieldstart|move: Grassy Terrain|[from] ability: Grassy Surge|[of] p1a: Rillaboom\n|-enditem|p1b: Raging Bolt|Booster Energy\n|-activate|p1b: Raging Bolt|ability: Protosynthesis|[fromitem]\n|-start|p1b: Raging Bolt|protosynthesisspa\n|turn|1\n|j| rabbithorn05\n|inactive|Krisuerte has 30 seconds left.\n|\n|t:|1718844186\n|-terastallize|p2a: Kyogre|Ghost\n|-terastallize|p1a: Rillaboom|Grass\n|move|p1a: Rillaboom|Grassy Glide|p2a: Kyogre\n|-damage|p2a: Kyogre|41\/100\n|move|p1b: Raging Bolt|Thunderclap|p2a: Kyogre\n|-damage|p2a: Kyogre|7\/100\n|move|p2b: Archaludon|Electro Shot||[still]\n|-prepare|p2b: Archaludon|Electro Shot\n|-boost|p2b: Archaludon|spa|1\n|-anim|p2b: Archaludon|Electro Shot|p1b: Raging Bolt\n|-resisted|p1b: Raging Bolt\n|-damage|p1b: Raging Bolt|87\/100\n|move|p2a: Kyogre|Ice Beam|p1b: Raging Bolt\n|-supereffective|p1b: Raging Bolt\n|-damage|p1b: Raging Bolt|0 fnt\n|faint|p1b: Raging Bolt\n|-end|p1b: Raging Bolt|Protosynthesis|[silent]\n|\n|-weather|RainDance|[upkeep]\n|-heal|p2a: Kyogre|13\/100|[from] Grassy Terrain\n|upkeep\n|j| no onions?\n|c| no onions?|damn\n|\n|t:|1718844201\n|switch|p1b: Calyrex|Calyrex-Ice, L50|100\/100\n|-ability|p1b: Calyrex|As One\n|-ability|p1b: Calyrex|Unnerve\n|turn|2\n|c| no onions?|not gonna hit 1709\n|c| no onions?|1700*\n|c|\u2606Phononmode|rip\n|inactive|Krisuerte has 30 seconds left.\n|c| no onions?|oh mb\n|\n|t:|1718844232\n|move|p1a: Rillaboom|Grassy Glide|p2a: Kyogre\n|-damage|p2a: Kyogre|0 fnt\n|faint|p2a: Kyogre\n|move|p2b: Archaludon|Electro Shot||[still]\n|-prepare|p2b: Archaludon|Electro Shot\n|-boost|p2b: Archaludon|spa|1\n|-anim|p2b: Archaludon|Electro Shot|p1b: Calyrex\n|-damage|p1b: Calyrex|37\/100\n|move|p1b: Calyrex|Trick Room|p1b: Calyrex\n|-fieldstart|move: Trick Room|[of] p1b: Calyrex\n|\n|-weather|RainDance|[upkeep]\n|-heal|p1b: Calyrex|43\/100|[from] Grassy Terrain\n|upkeep\n|c| no onions?|didnt realize u had mons left\n|\n|t:|1718844246\n|switch|p2a: Urshifu|Urshifu-Rapid-Strike, L50, F|100\/100\n|turn|3\n|\n|t:|1718844256\n|switch|p1b: Ting-Lu|Ting-Lu, L50|100\/100\n|-ability|p1b: Ting-Lu|Vessel of Ruin\n|move|p2a: Urshifu|Detect|p2a: Urshifu\n|-singleturn|p2a: Urshifu|Protect\n|move|p1a: Rillaboom|Grassy Glide|p2a: Urshifu\n|-activate|p2a: Urshifu|move: Protect\n|move|p2b: Archaludon|Electro Shot||[still]\n|-prepare|p2b: Archaludon|Electro Shot\n|-boost|p2b: Archaludon|spa|1\n|-anim|p2b: Archaludon|Electro Shot|p1b: Ting-Lu\n|-immune|p1b: Ting-Lu\n|\n|-weather|RainDance|[upkeep]\n|upkeep\n|turn|4\n|inactive|Phononmode has 30 seconds left.\n|\n|t:|1718844286\n|switch|p2a: Sinistcha|Sinistcha-Masterpiece, L50|100\/100\n|move|p1a: Rillaboom|Grassy Glide|p2a: Sinistcha\n|-resisted|p2a: Sinistcha\n|-damage|p2a: Sinistcha|72\/100\n|-damage|p1a: Rillaboom|84\/100|[from] item: Rocky Helmet|[of] p2a: Sinistcha\n|move|p1b: Ting-Lu|Stomping Tantrum|p2b: Archaludon\n|-supereffective|p2b: Archaludon\n|-damage|p2b: Archaludon|48\/100\n|-ability|p2b: Archaludon|Stamina|boost\n|-boost|p2b: Archaludon|def|1\n|move|p2b: Archaludon|Flash Cannon|p1a: Rillaboom\n|-damage|p1a: Rillaboom|0 fnt\n|faint|p1a: Rillaboom\n|\n|-weather|RainDance|[upkeep]\n|-heal|p2a: Sinistcha|78\/100|[from] Grassy Terrain\n|-heal|p2b: Archaludon|54\/100|[from] Grassy Terrain\n|upkeep\n|\n|t:|1718844289\n|switch|p1a: Calyrex|Calyrex-Ice, L50|43\/100\n|-ability|p1a: Calyrex|As One\n|-ability|p1a: Calyrex|Unnerve\n|turn|5\n|inactive|Krisuerte has 30 seconds left.\n|c| no onions?|he prob has wg\n|c| no onions?|idk if it learn it tho\n|inactive|Krisuerte has 20 seconds left.\n|\n|t:|1718844328\n|move|p2a: Sinistcha|Rage Powder|p2a: Sinistcha\n|-singleturn|p2a: Sinistcha|move: Rage Powder\n|move|p1b: Ting-Lu|Stomping Tantrum|p2a: Sinistcha\n|-resisted|p2a: Sinistcha\n|-damage|p2a: Sinistcha|62\/100\n|-damage|p1b: Ting-Lu|84\/100|[from] item: Rocky Helmet|[of] p2a: Sinistcha\n|move|p1a: Calyrex|High Horsepower|p2a: Sinistcha\n|-resisted|p2a: Sinistcha\n|-damage|p2a: Sinistcha|42\/100\n|-damage|p1a: Calyrex|27\/100|[from] item: Rocky Helmet|[of] p2a: Sinistcha\n|move|p2b: Archaludon|Electro Shot||[still]\n|-prepare|p2b: Archaludon|Electro Shot\n|-boost|p2b: Archaludon|spa|1\n|-anim|p2b: Archaludon|Electro Shot|p1a: Calyrex\n|-damage|p1a: Calyrex|0 fnt\n|faint|p1a: Calyrex\n|\n|-weather|none\n|-heal|p1b: Ting-Lu|90\/100|[from] Grassy Terrain\n|-heal|p2a: Sinistcha|48\/100|[from] Grassy Terrain\n|-heal|p2b: Archaludon|60\/100|[from] Grassy Terrain\n|-fieldend|move: Grassy Terrain\n|upkeep\n|turn|6\n|c|\u2606Phononmode|what's wg\n|c| no onions?|it dosent\n|c| no onions?|wide gaurd\n|c|\u2606Phononmode|ah it doesn't\n|-message|Phononmode forfeited.\n|\n|win|Krisuerte\n|raw|Phononmode's rating: 1698 &rarr; <strong>1682<\/strong><br \/>(-16 for losing)\n|raw|Krisuerte's rating: 1770 &rarr; <strong>1786<\/strong><br \/>(+16 for winning)\n|l|\u2606Phononmode\n|player|p1|\n","uploadtime":1718844353,"views":37,"formatid":"gen9vgc2024regg","rating":1682,"private":0,"password":null}