{"id":"gen9vgc2024regg-2146323004","format":"[Gen 9] VGC 2024 Reg G","players":["AZUNA_Fan","Billy_HMD"],"log":"|j|\u2606AZUNA_Fan\n|j|\u2606Billy_HMD\n|t:|1718817406\n|gametype|doubles\n|player|p1|AZUNA_Fan|dawn-gen4pt|1793\n|player|p2|Billy_HMD|dawn|1806\n|teamsize|p1|6\n|teamsize|p2|6\n|gen|9\n|tier|[Gen 9] VGC 2024 Reg G\n|rated|\n|rule|Species Clause: Limit one of each Pok\u00e9mon\n|rule|Item Clause: Limit one of each item\n|clearpoke\n|poke|p1|Calyrex-Shadow, L50|\n|poke|p1|Urshifu-*, L50, F|\n|poke|p1|Indeedee-F, L50, F|\n|poke|p1|Maushold, L50|\n|poke|p1|Dondozo, L50, F|\n|poke|p1|Tatsugiri, L50, M|\n|poke|p2|Terapagos, L50, M|\n|poke|p2|Incineroar, L50, F|\n|poke|p2|Rillaboom, L50, M|\n|poke|p2|Urshifu-*, L50, F|\n|poke|p2|Amoonguss, L50, M|\n|poke|p2|Flutter Mane, L50|\n|teampreview|4\n|inactive|Battle timer is ON: inactive players will automatically lose when time's up. (requested by Billy_HMD)\n|inactive|AZUNA_Fan also wants the timer to be on.\n|\n|t:|1718817432\n|start\n|switch|p1a: Calyrex|Calyrex-Shadow, L50|100\/100\n|switch|p1b: Urshifu|Urshifu, L50, F|100\/100\n|switch|p2a: Terapagos|Terapagos, L50, M|100\/100\n|switch|p2b: Incineroar|Incineroar, L50, F|100\/100\n|-ability|p1a: Calyrex|As One\n|-ability|p1a: Calyrex|Unnerve\n|-activate|p2a: Terapagos|ability: Tera Shift\n|detailschange|p2a: Terapagos|Terapagos-Terastal, L50, M\n|-heal|p2a: Terapagos|100\/100|[silent]\n|-ability|p2b: Incineroar|Intimidate|boost\n|-unboost|p1a: Calyrex|atk|1\n|-unboost|p1b: Urshifu|atk|1\n|turn|1\n|\n|t:|1718817451\n|move|p2b: Incineroar|Fake Out|p1b: Urshifu\n|-damage|p1b: Urshifu|89\/100\n|move|p1a: Calyrex|Expanding Force|p2a: Terapagos\n|-activate|p2a: Terapagos|ability: Tera Shell\n|-resisted|p2a: Terapagos\n|-damage|p2a: Terapagos|71\/100\n|cant|p1b: Urshifu|flinch\n|move|p2a: Terapagos|Calm Mind|p2a: Terapagos\n|-boost|p2a: Terapagos|spa|1\n|-boost|p2a: Terapagos|spd|1\n|\n|-heal|p2a: Terapagos|78\/100|[from] item: Leftovers\n|upkeep\n|turn|2\n|inactive|Billy_HMD has 30 seconds left.\n|inactive|AZUNA_Fan has 30 seconds left.\n|inactive|Billy_HMD has 20 seconds left.\n|\n|t:|1718817486\n|switch|p2a: Flutter Mane|Flutter Mane, L50|100\/100\n|-enditem|p2a: Flutter Mane|Booster Energy\n|-activate|p2a: Flutter Mane|ability: Protosynthesis|[fromitem]\n|-start|p2a: Flutter Mane|protosynthesisspe\n|-terastallize|p1a: Calyrex|Dark\n|move|p1a: Calyrex|Expanding Force|p2a: Flutter Mane\n|-damage|p2a: Flutter Mane|39\/100\n|move|p1b: Urshifu|Close Combat|p2a: Flutter Mane\n|-immune|p2a: Flutter Mane\n|move|p2b: Incineroar|Knock Off|p1a: Calyrex\n|-resisted|p1a: Calyrex\n|-damage|p1a: Calyrex|83\/100\n|-enditem|p1a: Calyrex|Choice Specs|[from] move: Knock Off|[of] p2b: Incineroar\n|\n|upkeep\n|turn|3\n|inactive|Billy_HMD has 30 seconds left.\n|inactive|Billy_HMD has 20 seconds left.\n|inactive|Billy_HMD has 15 seconds left.\n|\n|t:|1718817528\n|-terastallize|p2a: Flutter Mane|Fairy\n|move|p2a: Flutter Mane|Moonblast|p1a: Calyrex\n|-supereffective|p1a: Calyrex\n|-damage|p1a: Calyrex|0 fnt\n|faint|p1a: Calyrex\n|move|p1b: Urshifu|Close Combat|p2b: Incineroar\n|-supereffective|p2b: Incineroar\n|-damage|p2b: Incineroar|1\/100\n|-unboost|p1b: Urshifu|def|1\n|-unboost|p1b: Urshifu|spd|1\n|move|p2b: Incineroar|Will-O-Wisp|p1b: Urshifu\n|-status|p1b: Urshifu|brn\n|\n|-damage|p1b: Urshifu|83\/100 brn|[from] brn\n|upkeep\n|\n|t:|1718817540\n|switch|p1a: Dondozo|Dondozo, L50, F|100\/100\n|turn|4\n|inactive|Billy_HMD has 30 seconds left.\n|inactive|Billy_HMD has 20 seconds left.\n|inactive|Billy_HMD has 15 seconds left.\n|\n|t:|1718817590\n|move|p2a: Flutter Mane|Thunder Wave|p1a: Dondozo\n|-status|p1a: Dondozo|par\n|move|p1b: Urshifu|Close Combat|p2a: Flutter Mane\n|-resisted|p2a: Flutter Mane\n|-damage|p2a: Flutter Mane|17\/100\n|-unboost|p1b: Urshifu|def|1\n|-unboost|p1b: Urshifu|spd|1\n|move|p2b: Incineroar|Parting Shot|p1a: Dondozo\n|-unboost|p1a: Dondozo|atk|1\n|-unboost|p1a: Dondozo|spa|1\n|\n|t:|1718817598\n|switch|p2b: Rillaboom|Rillaboom, L50, M|100\/100|[from] Parting Shot\n|-fieldstart|move: Grassy Terrain|[from] ability: Grassy Surge|[of] p2b: Rillaboom\n|move|p1a: Dondozo|Earthquake|p2a: Flutter Mane|[spread] p1b,p2a,p2b\n|-resisted|p2b: Rillaboom\n|-damage|p1b: Urshifu|77\/100 brn\n|-damage|p2a: Flutter Mane|7\/100\n|-damage|p2b: Rillaboom|98\/100\n|\n|-heal|p2a: Flutter Mane|13\/100|[from] Grassy Terrain\n|-heal|p1b: Urshifu|83\/100 brn|[from] Grassy Terrain\n|-heal|p2b: Rillaboom|100\/100|[from] Grassy Terrain\n|-damage|p1b: Urshifu|77\/100 brn|[from] brn\n|upkeep\n|turn|5\n|j| Deathbydeath01\n|-message|AZUNA_Fan forfeited.\n|\n|win|Billy_HMD\n|raw|AZUNA_Fan's rating: 1793 &rarr; <strong>1774<\/strong><br \/>(-19 for losing)\n|raw|Billy_HMD's rating: 1806 &rarr; <strong>1825<\/strong><br \/>(+19 for winning)\n|l|\u2606AZUNA_Fan\n|player|p1|\n|l|\u2606Billy_HMD\n|player|p2|\n","uploadtime":1718817772,"views":300,"formatid":"gen9vgc2024regg","rating":1774,"private":0,"password":null}