{"id":"gen9vgc2024regg-2146367157","format":"[Gen 9] VGC 2024 Reg G","players":["tuanzai233t","AZUNA_Fan"],"log":"|j|\u2606tuanzai233t\n|j|\u2606AZUNA_Fan\n|t:|1718822302\n|gametype|doubles\n|player|p1|tuanzai233t|2|1671\n|player|p2|AZUNA_Fan|dawn-gen4pt|1797\n|teamsize|p1|6\n|teamsize|p2|6\n|gen|9\n|tier|[Gen 9] VGC 2024 Reg G\n|rated|\n|rule|Species Clause: Limit one of each Pok\u00e9mon\n|rule|Item Clause: Limit one of each item\n|clearpoke\n|poke|p1|Indeedee-F, L50, F|\n|poke|p1|Torkoal, L50, M|\n|poke|p1|Calyrex-Ice, L50|\n|poke|p1|Annihilape, L50, F|\n|poke|p1|Urshifu-*, L50, F|\n|poke|p1|Brute Bonnet, L50|\n|poke|p2|Calyrex-Shadow, L50|\n|poke|p2|Urshifu-*, L50, F|\n|poke|p2|Indeedee-F, L50, F|\n|poke|p2|Maushold, L50|\n|poke|p2|Dondozo, L50, M|\n|poke|p2|Tatsugiri, L50, M|\n|teampreview|4\n|inactive|Battle timer is ON: inactive players will automatically lose when time's up. (requested by AZUNA_Fan)\n|\n|t:|1718822328\n|start\n|switch|p1a: Calyrex|Calyrex-Ice, L50|100\/100\n|switch|p1b: Annihilape|Annihilape, L50, F|100\/100\n|switch|p2a: Calyrex|Calyrex-Shadow, L50|100\/100\n|switch|p2b: Urshifu|Urshifu, L50, F|100\/100\n|-ability|p2a: Calyrex|As One\n|-ability|p2a: Calyrex|Unnerve\n|-ability|p1a: Calyrex|As One\n|-ability|p1a: Calyrex|Unnerve\n|turn|1\n|inactive|AZUNA_Fan has 30 seconds left.\n|\n|t:|1718822358\n|-terastallize|p1a: Calyrex|Fire\n|move|p2b: Urshifu|Sucker Punch|p1b: Annihilape\n|-damage|p1b: Annihilape|42\/100\n|move|p1b: Annihilape|Shadow Claw|p2a: Calyrex\n|-supereffective|p2a: Calyrex\n|-damage|p2a: Calyrex|5\/100\n|move|p2a: Calyrex|Trick|p1a: Calyrex\n|-activate|p2a: Calyrex|move: Trick|[of] p1a: Calyrex\n|-item|p1a: Calyrex|Choice Specs|[from] move: Trick\n|-item|p2a: Calyrex|Clear Amulet|[from] move: Trick\n|move|p1a: Calyrex|Trick Room|p1a: Calyrex\n|-fieldstart|move: Trick Room|[of] p1a: Calyrex\n|\n|upkeep\n|turn|2\n|\n|t:|1718822383\n|switch|p1a: Urshifu|Urshifu, L50, F|100\/100\n|switch|p1b: Brute Bonnet|Brute Bonnet, L50|100\/100\n|move|p2b: Urshifu|Sucker Punch||[still]\n|-fail|p2b: Urshifu\n|move|p2a: Calyrex|Pollen Puff|p1b: Brute Bonnet\n|-supereffective|p1b: Brute Bonnet\n|-damage|p1b: Brute Bonnet|3\/100\n|\n|upkeep\n|turn|3\n|\n|t:|1718822401\n|move|p2b: Urshifu|Sucker Punch|p1a: Urshifu\n|-resisted|p1a: Urshifu\n|-damage|p1a: Urshifu|86\/100\n|move|p1b: Brute Bonnet|Spore|p2a: Calyrex\n|-status|p2a: Calyrex|slp|[from] move: Spore\n|move|p1a: Urshifu|Close Combat|p2b: Urshifu\n|-supereffective|p2b: Urshifu\n|-damage|p2b: Urshifu|0 fnt\n|-unboost|p1a: Urshifu|def|1\n|-unboost|p1a: Urshifu|spd|1\n|faint|p2b: Urshifu\n|cant|p2a: Calyrex|slp\n|\n|upkeep\n|\n|t:|1718822412\n|switch|p2b: Dondozo|Dondozo, L50, M|100\/100\n|turn|4\n|inactive|AZUNA_Fan has 30 seconds left.\n|\n|t:|1718822444\n|-terastallize|p2b: Dondozo|Grass\n|move|p1a: Urshifu|Sucker Punch|p2a: Calyrex\n|-supereffective|p2a: Calyrex\n|-damage|p2a: Calyrex|0 fnt\n|-enditem|p1b: Brute Bonnet|Sitrus Berry|[eat]\n|-heal|p1b: Brute Bonnet|28\/100|[from] item: Sitrus Berry\n|faint|p2a: Calyrex\n|move|p1b: Brute Bonnet|Spore|p2b: Dondozo\n|-immune|p2b: Dondozo\n|move|p2b: Dondozo|Wave Crash|p1a: Urshifu\n|-damage|p1a: Urshifu|40\/100\n|-damage|p2b: Dondozo|88\/100|[from] Recoil\n|\n|upkeep\n|\n|t:|1718822456\n|switch|p2a: Tatsugiri|Tatsugiri, L50, M|100\/100\n|-activate|p2a: Tatsugiri|ability: Commander|[of] p2b: Dondozo\n|-boost|p2b: Dondozo|atk|2\n|-boost|p2b: Dondozo|spa|2\n|-boost|p2b: Dondozo|spe|2\n|-boost|p2b: Dondozo|def|2\n|-boost|p2b: Dondozo|spd|2\n|turn|5\n|\n|t:|1718822480\n|move|p1b: Brute Bonnet|Crunch|p2b: Dondozo\n|-damage|p2b: Dondozo|76\/100\n|-damage|p1b: Brute Bonnet|12\/100|[from] item: Rocky Helmet|[of] p2b: Dondozo\n|move|p1a: Urshifu|Wicked Blow|p2b: Dondozo\n|-crit|p2b: Dondozo\n|-damage|p2b: Dondozo|32\/100\n|-damage|p1a: Urshifu|23\/100|[from] item: Rocky Helmet|[of] p2b: Dondozo\n|move|p2b: Dondozo|Earthquake|p1a: Urshifu|[spread] p1a,p1b\n|-miss|p2b: Dondozo|p2a: Tatsugiri\n|-resisted|p1b: Brute Bonnet\n|-damage|p1a: Urshifu|0 fnt\n|-damage|p1b: Brute Bonnet|0 fnt\n|faint|p1a: Urshifu\n|faint|p1b: Brute Bonnet\n|-end|p1b: Brute Bonnet|Protosynthesis|[silent]\n|\n|-fieldend|move: Trick Room\n|upkeep\n|\n|t:|1718822484\n|switch|p1a: Calyrex|Calyrex-Ice, L50, tera:Fire|100\/100\n|switch|p1b: Annihilape|Annihilape, L50, F|42\/100\n|-ability|p1a: Calyrex|As One\n|-ability|p1a: Calyrex|Unnerve\n|turn|6\n|\n|t:|1718822502\n|move|p1b: Annihilape|Final Gambit|p2b: Dondozo\n|-damage|p2b: Dondozo|0 fnt\n|faint|p1b: Annihilape\n|faint|p2b: Dondozo\n|move|p1a: Calyrex|Glacial Lance|p2a: Tatsugiri\n|-enditem|p2a: Tatsugiri|Focus Sash\n|-damage|p2a: Tatsugiri|1\/100\n|\n|upkeep\n|turn|7\n|\n|t:|1718822510\n|move|p2a: Tatsugiri|Muddy Water|p1a: Calyrex\n|-supereffective|p1a: Calyrex\n|-damage|p1a: Calyrex|44\/100\n|move|p1a: Calyrex|Glacial Lance|p2a: Tatsugiri\n|-damage|p2a: Tatsugiri|0 fnt\n|faint|p2a: Tatsugiri\n|\n|win|tuanzai233t\n|raw|tuanzai233t's rating: 1671 &rarr; <strong>1698<\/strong><br \/>(+27 for winning)\n|raw|AZUNA_Fan's rating: 1797 &rarr; <strong>1770<\/strong><br \/>(-27 for losing)\n|l|\u2606AZUNA_Fan\n|player|p2|\n","uploadtime":1718822685,"views":28,"formatid":"gen9vgc2024regg","rating":1698,"private":0,"password":null}