{"id":"gen9vgc2024regg-2146856092","format":"[Gen 9] VGC 2024 Reg G","players":["Yankiken","Goriwaku"],"log":"|j|\u2606Yankiken\n|j|\u2606Goriwaku\n|t:|1718894627\n|gametype|doubles\n|player|p1|Yankiken|lady-gen4|1655\n|player|p2|Goriwaku|rosa|1748\n|teamsize|p1|6\n|teamsize|p2|6\n|gen|9\n|tier|[Gen 9] VGC 2024 Reg G\n|rated|\n|rule|Species Clause: Limit one of each Pok\u00e9mon\n|rule|Item Clause: Limit one of each item\n|clearpoke\n|poke|p1|Kyogre, L50|\n|poke|p1|Incineroar, L50, M|\n|poke|p1|Wo-Chien, L50|\n|poke|p1|Grimmsnarl, L50, M|\n|poke|p1|Urshifu-*, L50, M|\n|poke|p1|Iron Jugulis, L50|\n|poke|p2|Regieleki, L50|\n|poke|p2|Urshifu-*, L50, F|\n|poke|p2|Tornadus, L50, M|\n|poke|p2|Farigiraf, L50, F|\n|poke|p2|Kyogre, L50|\n|poke|p2|Ogerpon-Cornerstone, L50, F|\n|teampreview|4\n|inactive|Battle timer is ON: inactive players will automatically lose when time's up. (requested by Goriwaku)\n|inactive|Yankiken has 60 seconds left.\n|inactive|Goriwaku has 60 seconds left.\n|inactive|Goriwaku has 30 seconds left.\n|\n|t:|1718894689\n|start\n|switch|p1a: Grimmsnarl|Grimmsnarl, L50, M|100\/100\n|switch|p1b: Urshifu|Urshifu-Rapid-Strike, L50, M|100\/100\n|switch|p2a: Regieleki|Regieleki, L50, shiny|100\/100\n|switch|p2b: Urshifu|Urshifu-Rapid-Strike, L50, F|100\/100\n|turn|1\n|inactive|Goriwaku has 30 seconds left.\n|\n|t:|1718894723\n|move|p1a: Grimmsnarl|Light Screen|p1a: Grimmsnarl\n|-sidestart|p1: Yankiken|move: Light Screen\n|move|p2a: Regieleki|Electroweb|p1a: Grimmsnarl|[spread] p1a,p1b\n|-supereffective|p1b: Urshifu\n|-damage|p1a: Grimmsnarl|87\/100\n|-damage|p1b: Urshifu|58\/100\n|-unboost|p1a: Grimmsnarl|spe|1\n|-unboost|p1b: Urshifu|spe|1\n|-damage|p2a: Regieleki|91\/100|[from] item: Life Orb\n|move|p1b: Urshifu|Surging Strikes|p2a: Regieleki\n|-crit|p2a: Regieleki\n|-damage|p2a: Regieleki|54\/100\n|-crit|p2a: Regieleki\n|-damage|p2a: Regieleki|22\/100\n|-crit|p2a: Regieleki\n|-damage|p2a: Regieleki|0 fnt\n|faint|p2a: Regieleki\n|-hitcount|p2: Regieleki|3\n|move|p2b: Urshifu|Close Combat|p1b: Urshifu\n|-damage|p1b: Urshifu|0 fnt\n|-unboost|p2b: Urshifu|def|1\n|-unboost|p2b: Urshifu|spd|1\n|faint|p1b: Urshifu\n|\n|upkeep\n|inactive|Goriwaku has 30 seconds left.\n|\n|t:|1718894752\n|switch|p2a: Kyogre|Kyogre, L50, shiny|100\/100\n|switch|p1b: Kyogre|Kyogre, L50|100\/100\n|-weather|RainDance|[from] ability: Drizzle|[of] p2a: Kyogre\n|turn|2\n|inactive|Goriwaku has 30 seconds left.\n|inactive|Goriwaku has 20 seconds left.\n|inactive|Goriwaku has 15 seconds left.\n|inactive|Goriwaku has 10 seconds left.\n|j| EllAkuro\n|\n|t:|1718894798\n|-terastallize|p2a: Kyogre|Grass\n|move|p1a: Grimmsnarl|Reflect|p1a: Grimmsnarl\n|-sidestart|p1: Yankiken|Reflect\n|move|p2b: Urshifu|Surging Strikes|p1a: Grimmsnarl\n|-crit|p1a: Grimmsnarl\n|-damage|p1a: Grimmsnarl|54\/100\n|-crit|p1a: Grimmsnarl\n|-damage|p1a: Grimmsnarl|21\/100\n|-crit|p1a: Grimmsnarl\n|-damage|p1a: Grimmsnarl|0 fnt\n|faint|p1a: Grimmsnarl\n|-hitcount|p1: Grimmsnarl|3\n|move|p1b: Kyogre|Thunder|p2b: Urshifu\n|-supereffective|p2b: Urshifu\n|-crit|p2b: Urshifu\n|-damage|p2b: Urshifu|0 fnt\n|faint|p2b: Urshifu\n|move|p2a: Kyogre|Origin Pulse|p1b: Kyogre\n|-resisted|p1b: Kyogre\n|-damage|p1b: Kyogre|86\/100\n|\n|-weather|RainDance|[upkeep]\n|upkeep\n|\n|t:|1718894815\n|switch|p2b: Ogerpon|Ogerpon-Cornerstone, L50, F|100\/100\n|switch|p1a: Wo-Chien|Wo-Chien, L50|100\/100\n|-ability|p1a: Wo-Chien|Tablets of Ruin\n|turn|3\n|\n|t:|1718894833\n|-terastallize|p1b: Kyogre|Grass\n|move|p2b: Ogerpon|Ivy Cudgel|p1a: Wo-Chien|[anim] Ivy Cudgel Rock\n|-crit|p1a: Wo-Chien\n|-damage|p1a: Wo-Chien|47\/100\n|move|p1a: Wo-Chien|Pollen Puff|p1b: Kyogre\n|-heal|p1b: Kyogre|100\/100\n|move|p1b: Kyogre|Ice Beam|p2a: Kyogre\n|-supereffective|p2a: Kyogre\n|-damage|p2a: Kyogre|68\/100\n|move|p2a: Kyogre|Ice Beam|p1a: Wo-Chien\n|-supereffective|p1a: Wo-Chien\n|-damage|p1a: Wo-Chien|14\/100\n|\n|-weather|RainDance|[upkeep]\n|-heal|p1a: Wo-Chien|20\/100|[from] item: Leftovers\n|upkeep\n|turn|4\n|\n|t:|1718894853\n|move|p1a: Wo-Chien|Protect|p1a: Wo-Chien\n|-singleturn|p1a: Wo-Chien|Protect\n|move|p2b: Ogerpon|Ivy Cudgel|p1b: Kyogre|[anim] Ivy Cudgel Rock\n|-damage|p1b: Kyogre|75\/100\n|move|p1b: Kyogre|Ice Beam|p2b: Ogerpon\n|-supereffective|p2b: Ogerpon\n|-damage|p2b: Ogerpon|23\/100\n|move|p2a: Kyogre|Ice Beam|p1b: Kyogre\n|-supereffective|p1b: Kyogre\n|-damage|p1b: Kyogre|52\/100\n|\n|-weather|RainDance|[upkeep]\n|-heal|p1a: Wo-Chien|26\/100|[from] item: Leftovers\n|upkeep\n|turn|5\n|inactive|Goriwaku has 30 seconds left.\n|j| Auryz\n|l| Auryz\n|inactive|Goriwaku has 20 seconds left.\n|\n|t:|1718894888\n|move|p2b: Ogerpon|Ivy Cudgel|p1a: Wo-Chien|[anim] Ivy Cudgel Rock\n|-damage|p1a: Wo-Chien|2\/100\n|move|p1a: Wo-Chien|Pollen Puff|p1b: Kyogre\n|-heal|p1b: Kyogre|100\/100\n|move|p2a: Kyogre|Ice Beam|p1a: Wo-Chien\n|-supereffective|p1a: Wo-Chien\n|-damage|p1a: Wo-Chien|0 fnt\n|faint|p1a: Wo-Chien\n|move|p1b: Kyogre|Origin Pulse|p2b: Ogerpon|[spread] p2a,p2b\n|-resisted|p2a: Kyogre\n|-damage|p2a: Kyogre|54\/100\n|-damage|p2b: Ogerpon|0 fnt\n|faint|p2b: Ogerpon\n|\n|-weather|RainDance|[upkeep]\n|upkeep\n|turn|6\n|\n|t:|1718894905\n|move|p1b: Kyogre|Ice Beam|p2a: Kyogre\n|-supereffective|p2a: Kyogre\n|-damage|p2a: Kyogre|23\/100\n|move|p2a: Kyogre|Ice Beam|p1b: Kyogre\n|-supereffective|p1b: Kyogre\n|-damage|p1b: Kyogre|77\/100\n|\n|-weather|none\n|upkeep\n|turn|7\n|j| rabbithorn05\n|\n|t:|1718894913\n|move|p2a: Kyogre|Ice Beam|p1b: Kyogre\n|-supereffective|p1b: Kyogre\n|-damage|p1b: Kyogre|56\/100\n|move|p1b: Kyogre|Ice Beam|p2a: Kyogre\n|-supereffective|p2a: Kyogre\n|-damage|p2a: Kyogre|0 fnt\n|faint|p2a: Kyogre\n|\n|win|Yankiken\n|raw|Yankiken's rating: 1655 &rarr; <strong>1680<\/strong><br \/>(+25 for winning)\n|raw|Goriwaku's rating: 1748 &rarr; <strong>1723<\/strong><br \/>(-25 for losing)\n|l|\u2606Goriwaku\n|player|p2|\n|l|\u2606Yankiken\n|player|p1|\n|l| EllAkuro\n","uploadtime":1718894991,"views":17,"formatid":"gen9vgc2024regg","rating":1680,"private":0,"password":null}