{"id":"gen9vgc2024regg-2146354517","format":"[Gen 9] VGC 2024 Reg G","players":["tuanzai233t","AZUNA_Fan"],"log":"|j|\u2606tuanzai233t\n|j|\u2606AZUNA_Fan\n|t:|1718820924\n|gametype|doubles\n|player|p1|tuanzai233t|2|1729\n|player|p2|AZUNA_Fan|dawn-gen4pt|1830\n|teamsize|p1|6\n|teamsize|p2|6\n|gen|9\n|tier|[Gen 9] VGC 2024 Reg G\n|rated|\n|rule|Species Clause: Limit one of each Pok\u00e9mon\n|rule|Item Clause: Limit one of each item\n|clearpoke\n|poke|p1|Indeedee-F, L50, F|\n|poke|p1|Torkoal, L50, M|\n|poke|p1|Calyrex-Ice, L50|\n|poke|p1|Annihilape, L50, F|\n|poke|p1|Urshifu-*, L50, M|\n|poke|p1|Brute Bonnet, L50|\n|poke|p2|Calyrex-Shadow, L50|\n|poke|p2|Urshifu-*, L50, F|\n|poke|p2|Indeedee-F, L50, F|\n|poke|p2|Maushold, L50|\n|poke|p2|Dondozo, L50, M|\n|poke|p2|Tatsugiri, L50, M|\n|teampreview|4\n|inactive|Battle timer is ON: inactive players will automatically lose when time's up. (requested by AZUNA_Fan)\n|inactive|AZUNA_Fan has 60 seconds left.\n|\n|t:|1718820965\n|start\n|switch|p1a: Calyrex|Calyrex-Ice, L50|100\/100\n|switch|p1b: Urshifu|Urshifu, L50, M|100\/100\n|switch|p2a: Calyrex|Calyrex-Shadow, L50|100\/100\n|switch|p2b: Urshifu|Urshifu, L50, F|100\/100\n|-ability|p2a: Calyrex|As One\n|-ability|p2a: Calyrex|Unnerve\n|-ability|p1a: Calyrex|As One\n|-ability|p1a: Calyrex|Unnerve\n|turn|1\n|inactive|AZUNA_Fan has 30 seconds left.\n|inactive|AZUNA_Fan has 20 seconds left.\n|\n|t:|1718821002\n|-terastallize|p2a: Calyrex|Dark\n|-terastallize|p1a: Calyrex|Fire\n|move|p2a: Calyrex|Astral Barrage|p1a: Calyrex|[spread] p1a,p1b\n|-resisted|p1b: Urshifu\n|-damage|p1a: Calyrex|52\/100\n|-damage|p1b: Urshifu|43\/100\n|move|p1b: Urshifu|Close Combat|p2b: Urshifu\n|-supereffective|p2b: Urshifu\n|-damage|p2b: Urshifu|0 fnt\n|-unboost|p1b: Urshifu|def|1\n|-unboost|p1b: Urshifu|spd|1\n|faint|p2b: Urshifu\n|move|p1a: Calyrex|Trick Room|p1a: Calyrex\n|-fieldstart|move: Trick Room|[of] p1a: Calyrex\n|\n|upkeep\n|\n|t:|1718821015\n|switch|p2b: Dondozo|Dondozo, L50, M|100\/100\n|turn|2\n|j| dnr ljdarkrai\n|j| shanehuang\n|\n|t:|1718821032\n|switch|p1a: Brute Bonnet|Brute Bonnet, L50|100\/100\n|switch|p2a: Tatsugiri|Tatsugiri, L50, M|100\/100\n|-activate|p2a: Tatsugiri|ability: Commander|[of] p2b: Dondozo\n|-boost|p2b: Dondozo|atk|2\n|-boost|p2b: Dondozo|spa|2\n|-boost|p2b: Dondozo|spe|2\n|-boost|p2b: Dondozo|def|2\n|-boost|p2b: Dondozo|spd|2\n|move|p1b: Urshifu|Detect|p1b: Urshifu\n|-singleturn|p1b: Urshifu|Protect\n|move|p2b: Dondozo|Earthquake|p1a: Brute Bonnet|[spread] p1a\n|-miss|p2b: Dondozo|p2a: Tatsugiri\n|-activate|p1b: Urshifu|move: Protect\n|-resisted|p1a: Brute Bonnet\n|-damage|p1a: Brute Bonnet|89\/100\n|\n|upkeep\n|turn|3\n|\n|t:|1718821052\n|move|p2b: Dondozo|Protect|p2b: Dondozo\n|-singleturn|p2b: Dondozo|Protect\n|move|p1a: Brute Bonnet|Spore|p2b: Dondozo\n|-activate|p2b: Dondozo|move: Protect\n|move|p1b: Urshifu|Wicked Blow|p2b: Dondozo\n|-crit|p2b: Dondozo\n|-damage|p2b: Dondozo|55\/100\n|-damage|p1b: Urshifu|27\/100|[from] item: Rocky Helmet|[of] p2b: Dondozo\n|\n|upkeep\n|turn|4\n|\n|t:|1718821067\n|move|p1a: Brute Bonnet|Spore|p2b: Dondozo\n|-status|p2b: Dondozo|slp|[from] move: Spore\n|move|p1b: Urshifu|Wicked Blow|p2b: Dondozo\n|-crit|p2b: Dondozo\n|-damage|p2b: Dondozo|10\/100 slp\n|-damage|p1b: Urshifu|10\/100|[from] item: Rocky Helmet|[of] p2b: Dondozo\n|cant|p2b: Dondozo|slp\n|\n|upkeep\n|turn|5\n|-message|AZUNA_Fan forfeited.\n|\n|win|tuanzai233t\n|raw|tuanzai233t's rating: 1729 &rarr; <strong>1755<\/strong><br \/>(+26 for winning)\n|raw|AZUNA_Fan's rating: 1830 &rarr; <strong>1804<\/strong><br \/>(-26 for losing)\n|l|\u2606AZUNA_Fan\n|player|p2|\n|l| dnr ljdarkrai\n","uploadtime":1718821281,"views":78,"formatid":"gen9vgc2024regg","rating":1755,"private":0,"password":null}