{"id":"gen9vgc2024regg-2146143098","format":"[Gen 9] VGC 2024 Reg G","players":["Tempest brute","LosingHorseVGC"],"log":"|j|\u2606Tempest brute\n|j|\u2606LosingHorseVGC\n|t:|1718794703\n|gametype|doubles\n|player|p1|Tempest brute|2|1790\n|player|p2|LosingHorseVGC|lucas|1730\n|teamsize|p1|6\n|teamsize|p2|6\n|gen|9\n|tier|[Gen 9] VGC 2024 Reg G\n|rated|\n|rule|Species Clause: Limit one of each Pok\u00e9mon\n|rule|Item Clause: Limit one of each item\n|clearpoke\n|poke|p1|Lunala, L50|\n|poke|p1|Roaring Moon, L50|\n|poke|p1|Entei, L50|\n|poke|p1|Ogerpon-Wellspring, L50, F|\n|poke|p1|Iron Hands, L50|\n|poke|p1|Ursaluna-Bloodmoon, L50, M|\n|poke|p2|Calyrex-Ice, L50|\n|poke|p2|Raging Bolt, L50|\n|poke|p2|Ogerpon-Cornerstone, L50, F|\n|poke|p2|Urshifu-*, L50, F|\n|poke|p2|Pelipper, L50, M|\n|poke|p2|Landorus, L50, M|\n|teampreview|4\n|inactive|Battle timer is ON: inactive players will automatically lose when time's up. (requested by LosingHorseVGC)\n|\n|t:|1718794723\n|start\n|switch|p1a: Lunala|Lunala, L50|100\/100\n|switch|p1b: Ogerpon|Ogerpon-Wellspring, L50, F|100\/100\n|switch|p2a: Calyrex|Calyrex-Ice, L50|100\/100\n|switch|p2b: Raging Bolt|Raging Bolt, L50|100\/100\n|-ability|p2a: Calyrex|As One\n|-ability|p2a: Calyrex|Unnerve\n|turn|1\n|j| rabbithorn05\n|\n|t:|1718794748\n|switch|p1b: Iron Hands|Iron Hands, L50|100\/100\n|move|p2b: Raging Bolt|Thunderbolt|p1a: Lunala\n|-damage|p1a: Lunala|82\/100\n|-damage|p2b: Raging Bolt|91\/100|[from] item: Life Orb\n|move|p1a: Lunala|Will-O-Wisp|p2a: Calyrex\n|-status|p2a: Calyrex|brn\n|move|p2a: Calyrex|Glacial Lance|p1a: Lunala|[spread] p1a,p1b\n|-damage|p1a: Lunala|62\/100\n|-damage|p1b: Iron Hands|83\/100\n|\n|-heal|p1a: Lunala|68\/100|[from] item: Leftovers\n|-damage|p2a: Calyrex|94\/100 brn|[from] brn\n|upkeep\n|turn|2\n|inactive|LosingHorseVGC has 30 seconds left.\n|\n|t:|1718794775\n|move|p2b: Raging Bolt|Thunderbolt|p1a: Lunala\n|-damage|p1a: Lunala|28\/100\n|-damage|p2b: Raging Bolt|81\/100|[from] item: Life Orb\n|move|p1a: Lunala|Moonlight|p1a: Lunala\n|-heal|p1a: Lunala|78\/100\n|move|p2a: Calyrex|Zen Headbutt|p1b: Iron Hands\n|-supereffective|p1b: Iron Hands\n|-damage|p1b: Iron Hands|54\/100\n|move|p1b: Iron Hands|Drain Punch|p2b: Raging Bolt\n|-damage|p2b: Raging Bolt|47\/100\n|-heal|p1b: Iron Hands|67\/100|[from] drain|[of] p2b: Raging Bolt\n|\n|-heal|p1a: Lunala|85\/100|[from] item: Leftovers\n|-damage|p2a: Calyrex|88\/100 brn|[from] brn\n|upkeep\n|turn|3\n|j| nowisit\n|\n|t:|1718794798\n|-terastallize|p2b: Raging Bolt|Electric\n|move|p2b: Raging Bolt|Thunderbolt|p1a: Lunala\n|-damage|p1a: Lunala|29\/100\n|-damage|p2b: Raging Bolt|37\/100|[from] item: Life Orb\n|move|p1a: Lunala|Moonlight|p1a: Lunala\n|-heal|p1a: Lunala|79\/100\n|move|p2a: Calyrex|Lash Out|p1a: Lunala\n|-supereffective|p1a: Lunala\n|-damage|p1a: Lunala|34\/100\n|move|p1b: Iron Hands|Drain Punch|p2b: Raging Bolt\n|-damage|p2b: Raging Bolt|1\/100\n|-heal|p1b: Iron Hands|82\/100|[from] drain|[of] p2b: Raging Bolt\n|\n|-heal|p1a: Lunala|40\/100|[from] item: Leftovers\n|-damage|p2a: Calyrex|82\/100 brn|[from] brn\n|upkeep\n|turn|4\n|inactive|LosingHorseVGC has 30 seconds left.\n|\n|t:|1718794826\n|move|p2b: Raging Bolt|Protect|p2b: Raging Bolt\n|-singleturn|p2b: Raging Bolt|Protect\n|move|p1a: Lunala|Protect|p1a: Lunala\n|-singleturn|p1a: Lunala|Protect\n|move|p2a: Calyrex|Zen Headbutt|p1b: Iron Hands\n|-supereffective|p1b: Iron Hands\n|-damage|p1b: Iron Hands|50\/100\n|move|p1b: Iron Hands|Drain Punch|p2b: Raging Bolt\n|-activate|p2b: Raging Bolt|move: Protect\n|\n|-heal|p1a: Lunala|46\/100|[from] item: Leftovers\n|-damage|p2a: Calyrex|75\/100 brn|[from] brn\n|upkeep\n|turn|5\n|\n|t:|1718794834\n|switch|p1a: Ogerpon|Ogerpon-Wellspring, L50, F|100\/100\n|move|p2b: Raging Bolt|Thunderbolt|p1a: Ogerpon\n|-damage|p1a: Ogerpon|13\/100\n|-damage|p2b: Raging Bolt|0 fnt|[from] item: Life Orb\n|faint|p2b: Raging Bolt\n|-end|p2b: Raging Bolt|Protosynthesis|[silent]\n|move|p2a: Calyrex|Zen Headbutt|p1b: Iron Hands|[miss]\n|-miss|p2a: Calyrex|p1b: Iron Hands\n|move|p1b: Iron Hands|Drain Punch|p2a: Calyrex\n|-damage|p2a: Calyrex|53\/100 brn\n|-heal|p1b: Iron Hands|59\/100|[from] drain|[of] p2a: Calyrex\n|\n|-damage|p2a: Calyrex|47\/100 brn|[from] brn\n|upkeep\n|\n|t:|1718794846\n|switch|p2b: Ogerpon|Ogerpon-Cornerstone, L50, F|100\/100\n|turn|6\n|\n|t:|1718794864\n|move|p2b: Ogerpon|Ivy Cudgel|p1a: Ogerpon|[anim] Ivy Cudgel Rock\n|-damage|p1a: Ogerpon|0 fnt\n|faint|p1a: Ogerpon\n|move|p2a: Calyrex|Glacial Lance|p1b: Iron Hands\n|-damage|p1b: Iron Hands|38\/100\n|move|p1b: Iron Hands|Drain Punch|p2a: Calyrex\n|-damage|p2a: Calyrex|22\/100 brn\n|-heal|p1b: Iron Hands|47\/100|[from] drain|[of] p2a: Calyrex\n|\n|-damage|p2a: Calyrex|16\/100 brn|[from] brn\n|upkeep\n|\n|t:|1718794874\n|switch|p1a: Roaring Moon|Roaring Moon, L50|100\/100\n|-enditem|p1a: Roaring Moon|Booster Energy\n|-activate|p1a: Roaring Moon|ability: Protosynthesis|[fromitem]\n|-start|p1a: Roaring Moon|protosynthesisspe\n|turn|7\n|\n|t:|1718794890\n|move|p2b: Ogerpon|Follow Me|p2b: Ogerpon\n|-singleturn|p2b: Ogerpon|move: Follow Me\n|move|p1a: Roaring Moon|Knock Off|p2b: Ogerpon\n|-damage|p2b: Ogerpon|59\/100\n|move|p2a: Calyrex|Glacial Lance|p1b: Iron Hands|[spread] p1a,p1b\n|-supereffective|p1a: Roaring Moon\n|-damage|p1a: Roaring Moon|53\/100\n|-damage|p1b: Iron Hands|32\/100\n|move|p1b: Iron Hands|Drain Punch|p2b: Ogerpon\n|-supereffective|p2b: Ogerpon\n|-crit|p2b: Ogerpon\n|-damage|p2b: Ogerpon|0 fnt\n|-heal|p1b: Iron Hands|50\/100|[from] drain|[of] p2b: Ogerpon\n|faint|p2b: Ogerpon\n|\n|-damage|p2a: Calyrex|9\/100 brn|[from] brn\n|upkeep\n|\n|t:|1718794898\n|switch|p2b: Urshifu|Urshifu-Rapid-Strike, L50, F|100\/100\n|turn|8\n|-message|LosingHorseVGC forfeited.\n|\n|win|Tempest brute\n|raw|Tempest brute's rating: 1790 &rarr; <strong>1807<\/strong><br \/>(+17 for winning)\n|raw|LosingHorseVGC's rating: 1730 &rarr; <strong>1713<\/strong><br \/>(-17 for losing)\n|l|\u2606LosingHorseVGC\n|player|p2|\n|l| nowisit\n","uploadtime":1718794952,"views":49,"formatid":"gen9vgc2024regg","rating":1713,"private":0,"password":null}