{"id":"gen9vgc2024regg-2146672046","format":"[Gen 9] VGC 2024 Reg G","players":["eatingpower","fangame10"],"log":"|j|\u2606eatingpower\n|j|\u2606fangame10\n|t:|1718864108\n|gametype|doubles\n|player|p1|eatingpower|102|1694\n|player|p2|fangame10|red|1761\n|teamsize|p1|6\n|teamsize|p2|6\n|gen|9\n|tier|[Gen 9] VGC 2024 Reg G\n|rated|\n|rule|Species Clause: Limit one of each Pok\u00e9mon\n|rule|Item Clause: Limit one of each item\n|clearpoke\n|poke|p1|Kyogre, L50|\n|poke|p1|Incineroar, L50, M|\n|poke|p1|Wo-Chien, L50|\n|poke|p1|Grimmsnarl, L50, M|\n|poke|p1|Urshifu-*, L50, M|\n|poke|p1|Iron Jugulis, L50|\n|poke|p2|Kyurem-White, L50|\n|poke|p2|Ninetales-Alola, L50, F|\n|poke|p2|Milotic, L50, F|\n|poke|p2|Chi-Yu, L50|\n|poke|p2|Ursaluna-Bloodmoon, L50, M|\n|poke|p2|Indeedee-F, L50, F|\n|teampreview|4\n|inactive|Battle timer is ON: inactive players will automatically lose when time's up. (requested by fangame10)\n|inactive|eatingpower has 60 seconds left.\n|inactive|fangame10 has 60 seconds left.\n|\n|t:|1718864152\n|start\n|switch|p1a: Grimmsnarl|Grimmsnarl, L50, M, shiny|100\/100\n|switch|p1b: Iron Jugulis|Iron Jugulis, L50, shiny|100\/100\n|switch|p2a: Kyurem|Kyurem-White, L50, shiny|100\/100\n|switch|p2b: Milotic|Milotic, L50, F, shiny|100\/100\n|-ability|p2a: Kyurem|Turboblaze\n|-enditem|p1b: Iron Jugulis|Booster Energy\n|-activate|p1b: Iron Jugulis|ability: Quark Drive|[fromitem]\n|-start|p1b: Iron Jugulis|quarkdrivespe\n|turn|1\n|\n|t:|1718864165\n|move|p1a: Grimmsnarl|Light Screen|p1a: Grimmsnarl\n|-sidestart|p1: eatingpower|move: Light Screen\n|move|p1b: Iron Jugulis|Tailwind|p1b: Iron Jugulis\n|-sidestart|p1: eatingpower|move: Tailwind\n|move|p2a: Kyurem|Blizzard|p1a: Grimmsnarl|[spread] p1a,p1b\n|-supereffective|p1b: Iron Jugulis\n|-damage|p1a: Grimmsnarl|67\/100\n|-damage|p1b: Iron Jugulis|25\/100\n|move|p2b: Milotic|Hypnosis|p1a: Grimmsnarl\n|-status|p1a: Grimmsnarl|slp|[from] move: Hypnosis\n|\n|upkeep\n|turn|2\n|j| Tasty Pangolin\n|\n|t:|1718864183\n|move|p1b: Iron Jugulis|Hurricane|p2a: Kyurem\n|-damage|p2a: Kyurem|75\/100\n|-start|p2a: Kyurem|confusion\n|cant|p1a: Grimmsnarl|slp\n|-activate|p2a: Kyurem|confusion\n|move|p2a: Kyurem|Freeze-Dry|p1b: Iron Jugulis\n|-supereffective|p1b: Iron Jugulis\n|-damage|p1b: Iron Jugulis|0 fnt\n|faint|p1b: Iron Jugulis\n|-end|p1b: Iron Jugulis|Quark Drive|[silent]\n|move|p2b: Milotic|Coil|p2b: Milotic\n|-boost|p2b: Milotic|atk|1\n|-boost|p2b: Milotic|def|1\n|-boost|p2b: Milotic|accuracy|1\n|\n|upkeep\n|\n|t:|1718864196\n|switch|p1b: Kyogre|Kyogre, L50, shiny|100\/100\n|-weather|RainDance|[from] ability: Drizzle|[of] p1b: Kyogre\n|turn|3\n|\n|t:|1718864213\n|move|p1b: Kyogre|Thunder|p2b: Milotic\n|-supereffective|p2b: Milotic\n|-damage|p2b: Milotic|48\/100\n|-status|p2b: Milotic|par\n|-curestatus|p1a: Grimmsnarl|slp|[msg]\n|move|p1a: Grimmsnarl|Spirit Break|p2a: Kyurem\n|-supereffective|p2a: Kyurem\n|-damage|p2a: Kyurem|23\/100\n|-unboost|p2a: Kyurem|spa|1\n|-activate|p2a: Kyurem|confusion\n|move|p2a: Kyurem|Freeze-Dry|p1b: Kyogre\n|-supereffective|p1b: Kyogre\n|-damage|p1b: Kyogre|83\/100\n|move|p2b: Milotic|Hypnosis|p1b: Kyogre|[miss]\n|-miss|p2b: Milotic|p1b: Kyogre\n|\n|-weather|RainDance|[upkeep]\n|-heal|p2b: Milotic|54\/100 par|[from] item: Leftovers\n|upkeep\n|turn|4\n|\n|t:|1718864233\n|switch|p2a: Ninetales|Ninetales-Alola, L50, F, shiny|100\/100\n|-weather|Snow|[from] ability: Snow Warning|[of] p2a: Ninetales\n|move|p1b: Kyogre|Thunder|p2b: Milotic|[miss]\n|-miss|p1b: Kyogre|p2b: Milotic\n|move|p1a: Grimmsnarl|Spirit Break|p2b: Milotic\n|-crit|p2b: Milotic\n|-damage|p2b: Milotic|9\/100 par\n|-unboost|p2b: Milotic|spa|1\n|-ability|p2b: Milotic|Competitive|boost\n|-boost|p2b: Milotic|spa|2\n|cant|p2b: Milotic|par\n|\n|-weather|Snow|[upkeep]\n|-heal|p2b: Milotic|15\/100 par|[from] item: Leftovers\n|-sideend|p1: eatingpower|move: Tailwind\n|upkeep\n|turn|5\n|\n|t:|1718864250\n|move|p2a: Ninetales|Aurora Veil|p2a: Ninetales\n|-sidestart|p2: fangame10|move: Aurora Veil\n|move|p1b: Kyogre|Water Spout|p2b: Milotic|[spread] p2a,p2b\n|-resisted|p2b: Milotic\n|-damage|p2a: Ninetales|57\/100\n|-damage|p2b: Milotic|5\/100 par\n|move|p1a: Grimmsnarl|Spirit Break|p2b: Milotic\n|-damage|p2b: Milotic|0 fnt\n|faint|p2b: Milotic\n|\n|-weather|Snow|[upkeep]\n|upkeep\n|\n|t:|1718864252\n|switch|p2b: Chi-Yu|Chi-Yu, L50|100\/100\n|-ability|p2b: Chi-Yu|Beads of Ruin\n|turn|6\n|j| THUNDERSND77\n|\n|t:|1718864266\n|switch|p1b: Urshifu|Urshifu-Rapid-Strike, L50, M|100\/100\n|-terastallize|p2b: Chi-Yu|Grass\n|move|p1a: Grimmsnarl|Thunder Wave|p2a: Ninetales\n|-status|p2a: Ninetales|par\n|move|p2b: Chi-Yu|Tera Blast|p1b: Urshifu|[anim] Tera Blast Grass\n|-supereffective|p1b: Urshifu\n|-damage|p1b: Urshifu|0 fnt\n|faint|p1b: Urshifu\n|move|p2a: Ninetales|Moonblast|p1a: Grimmsnarl\n|-supereffective|p1a: Grimmsnarl\n|-damage|p1a: Grimmsnarl|0 fnt\n|faint|p1a: Grimmsnarl\n|\n|-weather|Snow|[upkeep]\n|upkeep\n|\n|t:|1718864269\n|switch|p1b: Kyogre|Kyogre, L50, shiny|83\/100\n|-weather|RainDance|[from] ability: Drizzle|[of] p1b: Kyogre\n|turn|7\n|\n|t:|1718864282\n|move|p2b: Chi-Yu|Tera Blast|p1b: Kyogre|[anim] Tera Blast Grass\n|-supereffective|p1b: Kyogre\n|-damage|p1b: Kyogre|46\/100\n|move|p1b: Kyogre|Ice Beam|p2b: Chi-Yu\n|-supereffective|p2b: Chi-Yu\n|-damage|p2b: Chi-Yu|48\/100\n|move|p2a: Ninetales|Fake Tears|p1b: Kyogre\n|-unboost|p1b: Kyogre|spd|2\n|\n|-weather|RainDance|[upkeep]\n|upkeep\n|turn|8\n|\n|t:|1718864297\n|-terastallize|p1b: Kyogre|Grass\n|move|p2b: Chi-Yu|Tera Blast|p1b: Kyogre|[anim] Tera Blast Grass\n|-resisted|p1b: Kyogre\n|-damage|p1b: Kyogre|30\/100\n|move|p1b: Kyogre|Origin Pulse|p2b: Chi-Yu|[spread] p2a,p2b\n|-resisted|p2b: Chi-Yu\n|-damage|p2a: Ninetales|0 fnt\n|-damage|p2b: Chi-Yu|20\/100\n|faint|p2a: Ninetales\n|\n|-weather|RainDance|[upkeep]\n|-sideend|p1: eatingpower|move: Light Screen\n|upkeep\n|\n|t:|1718864303\n|switch|p2a: Kyurem|Kyurem-White, L50, shiny|23\/100\n|-ability|p2a: Kyurem|Turboblaze\n|turn|9\n|\n|t:|1718864310\n|move|p2b: Chi-Yu|Tera Blast|p1b: Kyogre|[anim] Tera Blast Grass\n|-resisted|p1b: Kyogre\n|-damage|p1b: Kyogre|5\/100\n|move|p2a: Kyurem|Freeze-Dry|p1b: Kyogre\n|-supereffective|p1b: Kyogre\n|-damage|p1b: Kyogre|0 fnt\n|faint|p1b: Kyogre\n|\n|win|fangame10\n|raw|eatingpower's rating: 1694 &rarr; <strong>1678<\/strong><br \/>(-16 for losing)\n|raw|fangame10's rating: 1761 &rarr; <strong>1777<\/strong><br \/>(+16 for winning)\n|l|\u2606eatingpower\n|player|p1|\n|l|\u2606fangame10\n|player|p2|\n|l| Tasty Pangolin\n|l| THUNDERSND77\n","uploadtime":1718864477,"views":39,"formatid":"gen9vgc2024regg","rating":1678,"private":0,"password":null}