{"id":"gen9vgc2024regg-2146226159","format":"[Gen 9] VGC 2024 Reg G","players":["SERENA2024","heelflores"],"log":"|j|\u2606SERENA2024\n|j|\u2606heelflores\n|t:|1718806562\n|gametype|doubles\n|player|p1|SERENA2024|iono|1698\n|player|p2|heelflores|roughneck-gen4|1679\n|teamsize|p1|6\n|teamsize|p2|6\n|gen|9\n|tier|[Gen 9] VGC 2024 Reg G\n|rated|\n|rule|Species Clause: Limit one of each Pok\u00e9mon\n|rule|Item Clause: Limit one of each item\n|clearpoke\n|poke|p1|Ting-Lu, L50|\n|poke|p1|Calyrex-Shadow, L50|\n|poke|p1|Dondozo, L50, M|\n|poke|p1|Raging Bolt, L50|\n|poke|p1|Scream Tail, L50|\n|poke|p1|Ogerpon-Hearthflame, L50, F|\n|poke|p2|Terapagos, L50, M|\n|poke|p2|Amoonguss, L50, M|\n|poke|p2|Flutter Mane, L50|\n|poke|p2|Urshifu-*, L50, F|\n|poke|p2|Ogerpon-Hearthflame, L50, F|\n|poke|p2|Iron Hands, L50|\n|teampreview|4\n|j| rabbithorn05\n|\n|t:|1718806591\n|start\n|switch|p1a: Ting-Lu|Ting-Lu, L50|100\/100\n|switch|p1b: Dondozo|Dondozo, L50, M|100\/100\n|switch|p2a: Terapagos|Terapagos, L50, M|100\/100\n|switch|p2b: Flutter Mane|Flutter Mane, L50|100\/100\n|-activate|p2a: Terapagos|ability: Tera Shift\n|detailschange|p2a: Terapagos|Terapagos-Terastal, L50, M\n|-heal|p2a: Terapagos|100\/100|[silent]\n|-ability|p1a: Ting-Lu|Vessel of Ruin\n|-enditem|p2b: Flutter Mane|Booster Energy\n|-activate|p2b: Flutter Mane|ability: Protosynthesis|[fromitem]\n|-start|p2b: Flutter Mane|protosynthesisspe\n|turn|1\n|j| Sid Kagenow\n|inactive|Battle timer is ON: inactive players will automatically lose when time's up. (requested by SERENA2024)\n|\n|t:|1718806642\n|switch|p2a: Amoonguss|Amoonguss, L50, M|100\/100\n|move|p1b: Dondozo|Protect|p1b: Dondozo\n|-singleturn|p1b: Dondozo|Protect\n|move|p2b: Flutter Mane|Taunt|p1b: Dondozo\n|-activate|p1b: Dondozo|move: Protect\n|move|p1a: Ting-Lu|Taunt|p2b: Flutter Mane\n|-start|p2b: Flutter Mane|move: Taunt\n|\n|upkeep\n|turn|2\n|\n|t:|1718806666\n|move|p2a: Amoonguss|Protect|p2a: Amoonguss\n|-singleturn|p2a: Amoonguss|Protect\n|move|p2b: Flutter Mane|Icy Wind|p1a: Ting-Lu|[spread] p1a,p1b\n|-supereffective|p1a: Ting-Lu\n|-resisted|p1b: Dondozo\n|-damage|p1a: Ting-Lu|87\/100\n|-damage|p1b: Dondozo|97\/100\n|-unboost|p1a: Ting-Lu|spe|1\n|-unboost|p1b: Dondozo|spe|1\n|move|p1a: Ting-Lu|Taunt|p2a: Amoonguss\n|-activate|p2a: Amoonguss|move: Protect\n|move|p1b: Dondozo|Yawn|p2b: Flutter Mane\n|-start|p2b: Flutter Mane|move: Yawn|[of] p1b: Dondozo\n|\n|-heal|p1b: Dondozo|100\/100|[from] item: Leftovers\n|upkeep\n|turn|3\n|c| rabbithorn05|oh that is not oblivious?\n|\n|t:|1718806687\n|-end|p2b: Flutter Mane|Protosynthesis|[silent]\n|switch|p2b: Urshifu|Urshifu-Rapid-Strike, L50, F|100\/100\n|move|p2a: Amoonguss|Spore|p1a: Ting-Lu\n|-status|p1a: Ting-Lu|slp|[from] move: Spore\n|cant|p1a: Ting-Lu|slp\n|move|p1b: Dondozo|Yawn|p2a: Amoonguss\n|-start|p2a: Amoonguss|move: Yawn|[of] p1b: Dondozo\n|\n|upkeep\n|turn|4\n|\n|t:|1718806707\n|switch|p2a: Terapagos|Terapagos-Terastal, L50, M|100\/100\n|-terastallize|p1a: Ting-Lu|Water\n|move|p2b: Urshifu|Surging Strikes|p1a: Ting-Lu\n|-resisted|p1a: Ting-Lu\n|-crit|p1a: Ting-Lu\n|-damage|p1a: Ting-Lu|80\/100 slp\n|-damage|p2b: Urshifu|84\/100|[from] item: Rocky Helmet|[of] p1a: Ting-Lu\n|-resisted|p1a: Ting-Lu\n|-crit|p1a: Ting-Lu\n|-damage|p1a: Ting-Lu|75\/100 slp\n|-damage|p2b: Urshifu|67\/100|[from] item: Rocky Helmet|[of] p1a: Ting-Lu\n|-resisted|p1a: Ting-Lu\n|-crit|p1a: Ting-Lu\n|-damage|p1a: Ting-Lu|69\/100 slp\n|-damage|p2b: Urshifu|51\/100|[from] item: Rocky Helmet|[of] p1a: Ting-Lu\n|-hitcount|p1a: Ting-Lu|3\n|cant|p1a: Ting-Lu|slp\n|move|p1b: Dondozo|Yawn|p2b: Urshifu\n|-start|p2b: Urshifu|move: Yawn|[of] p1b: Dondozo\n|\n|upkeep\n|turn|5\n|\n|t:|1718806729\n|switch|p2b: Amoonguss|Amoonguss, L50, M|100\/100\n|move|p2a: Terapagos|Protect|p2a: Terapagos\n|-singleturn|p2a: Terapagos|Protect\n|-curestatus|p1a: Ting-Lu|slp|[msg]\n|move|p1a: Ting-Lu|Stealth Rock|p2a: Terapagos\n|-sidestart|p2: heelflores|move: Stealth Rock\n|move|p1b: Dondozo|Yawn|p2a: Terapagos\n|-activate|p2a: Terapagos|move: Protect\n|\n|upkeep\n|turn|6\n|inactive|heelflores has 30 seconds left.\n|\n|t:|1718806754\n|move|p2b: Amoonguss|Protect|p2b: Amoonguss\n|-singleturn|p2b: Amoonguss|Protect\n|move|p2a: Terapagos|Tera Starstorm|p1a: Ting-Lu\n|-damage|p1a: Ting-Lu|39\/100\n|move|p1a: Ting-Lu|Taunt|p2b: Amoonguss\n|-activate|p2b: Amoonguss|move: Protect\n|move|p1b: Dondozo|Yawn|p2b: Amoonguss\n|-activate|p2b: Amoonguss|move: Protect\n|\n|upkeep\n|turn|7\n|\n|t:|1718806775\n|move|p2a: Terapagos|Tera Starstorm|p1a: Ting-Lu\n|-damage|p1a: Ting-Lu|11\/100\n|move|p2b: Amoonguss|Spore|p1b: Dondozo\n|-status|p1b: Dondozo|slp|[from] move: Spore\n|move|p1a: Ting-Lu|Taunt|p2b: Amoonguss\n|-start|p2b: Amoonguss|move: Taunt\n|cant|p1b: Dondozo|slp\n|\n|upkeep\n|turn|8\n|\n|t:|1718806792\n|switch|p2b: Urshifu|Urshifu-Rapid-Strike, L50, F|51\/100\n|-damage|p2b: Urshifu|45\/100|[from] Stealth Rock\n|switch|p1a: Scream Tail|Scream Tail, L50|100\/100\n|-enditem|p1a: Scream Tail|Booster Energy\n|-activate|p1a: Scream Tail|ability: Protosynthesis|[fromitem]\n|-start|p1a: Scream Tail|protosynthesisspe\n|move|p2a: Terapagos|Meteor Beam||[still]\n|-prepare|p2a: Terapagos|Meteor Beam\n|-boost|p2a: Terapagos|spa|1\n|-enditem|p2a: Terapagos|Power Herb\n|-anim|p2a: Terapagos|Meteor Beam|p1b: Dondozo\n|-damage|p1b: Dondozo|61\/100 slp\n|-curestatus|p1b: Dondozo|slp|[msg]\n|move|p1b: Dondozo|Yawn|p2a: Terapagos\n|-start|p2a: Terapagos|move: Yawn|[of] p1b: Dondozo\n|\n|-heal|p1b: Dondozo|67\/100|[from] item: Leftovers\n|upkeep\n|turn|9\n|inactive|heelflores has 30 seconds left.\n|inactive|heelflores has 20 seconds left.\n|\n|t:|1718806831\n|switch|p2a: Amoonguss|Amoonguss, L50, M|100\/100\n|-damage|p2a: Amoonguss|88\/100|[from] Stealth Rock\n|move|p1a: Scream Tail|Encore||[still]\n|-fail|p1a: Scream Tail\n|move|p2b: Urshifu|Surging Strikes|p1a: Scream Tail\n|-crit|p1a: Scream Tail\n|-damage|p1a: Scream Tail|81\/100\n|-crit|p1a: Scream Tail\n|-damage|p1a: Scream Tail|65\/100\n|-crit|p1a: Scream Tail\n|-damage|p1a: Scream Tail|47\/100\n|-hitcount|p1a: Scream Tail|3\n|move|p1b: Dondozo|Yawn|p2b: Urshifu\n|-start|p2b: Urshifu|move: Yawn|[of] p1b: Dondozo\n|\n|-heal|p1b: Dondozo|73\/100|[from] item: Leftovers\n|upkeep\n|turn|10\n|\n|t:|1718806853\n|move|p1a: Scream Tail|Play Rough|p2b: Urshifu\n|-supereffective|p2b: Urshifu\n|-damage|p2b: Urshifu|0 fnt\n|faint|p2b: Urshifu\n|move|p2a: Amoonguss|Spore|p1b: Dondozo\n|-status|p1b: Dondozo|slp|[from] move: Spore\n|cant|p1b: Dondozo|slp\n|\n|-heal|p1b: Dondozo|79\/100 slp|[from] item: Leftovers\n|upkeep\n|\n|t:|1718806862\n|switch|p2b: Terapagos|Terapagos-Terastal, L50, M|100\/100\n|-damage|p2b: Terapagos|88\/100|[from] Stealth Rock\n|turn|11\n|\n|t:|1718806887\n|switch|p2a: Flutter Mane|Flutter Mane, L50|100\/100\n|-damage|p2a: Flutter Mane|88\/100|[from] Stealth Rock\n|-terastallize|p2b: Terapagos|Stellar\n|detailschange|p2b: Terapagos|Terapagos-Stellar, L50, M, tera:Stellar\n|-heal|p2b: Terapagos|92\/100|[silent]\n|move|p1a: Scream Tail|Disable||[still]\n|-fail|p1a: Scream Tail\n|move|p2b: Terapagos|Tera Starstorm|p1b: Dondozo|[spread] p1a,p1b\n|-damage|p1a: Scream Tail|22\/100\n|-damage|p1b: Dondozo|50\/100 slp\n|cant|p1b: Dondozo|slp\n|\n|-heal|p1b: Dondozo|57\/100 slp|[from] item: Leftovers\n|upkeep\n|turn|12\n|inactive|heelflores has 30 seconds left.\n|\n|t:|1718806922\n|move|p1a: Scream Tail|Protect|p1a: Scream Tail\n|-singleturn|p1a: Scream Tail|Protect\n|move|p2a: Flutter Mane|Taunt|p1b: Dondozo\n|-immune|p1b: Dondozo|[from] ability: Oblivious\n|move|p2b: Terapagos|Tera Starstorm|p1b: Dondozo|[spread] p1b\n|-activate|p1a: Scream Tail|move: Protect\n|-damage|p1b: Dondozo|27\/100 slp\n|-curestatus|p1b: Dondozo|slp|[msg]\n|move|p1b: Dondozo|Wave Crash|p2a: Flutter Mane\n|-damage|p2a: Flutter Mane|29\/100\n|-damage|p1b: Dondozo|15\/100|[from] Recoil\n|\n|-heal|p1b: Dondozo|22\/100|[from] item: Leftovers\n|upkeep\n|turn|13\n|inactive|SERENA2024 has 30 seconds left.\n|\n|t:|1718806949\n|-end|p2a: Flutter Mane|Protosynthesis|[silent]\n|switch|p2a: Amoonguss|Amoonguss, L50, M|100\/100\n|-damage|p2a: Amoonguss|88\/100|[from] Stealth Rock\n|move|p1a: Scream Tail|Play Rough|p2a: Amoonguss\n|-resisted|p2a: Amoonguss\n|-damage|p2a: Amoonguss|78\/100\n|-damage|p1a: Scream Tail|5\/100|[from] item: Rocky Helmet|[of] p2a: Amoonguss\n|move|p2b: Terapagos|Tera Starstorm|p1a: Scream Tail|[spread] p1a,p1b\n|-crit|p1a: Scream Tail\n|-damage|p1a: Scream Tail|0 fnt\n|-damage|p1b: Dondozo|0 fnt\n|faint|p1a: Scream Tail\n|-end|p1a: Scream Tail|Protosynthesis|[silent]\n|faint|p1b: Dondozo\n|\n|upkeep\n|\n|t:|1718806953\n|switch|p1a: Calyrex|Calyrex-Shadow, L50|100\/100\n|switch|p1b: Ting-Lu|Ting-Lu, L50, tera:Water|11\/100\n|-ability|p1a: Calyrex|As One\n|-ability|p1a: Calyrex|Unnerve\n|-ability|p1b: Ting-Lu|Vessel of Ruin\n|turn|14\n|\n|t:|1718806968\n|move|p1a: Calyrex|Psyshock|p2a: Amoonguss\n|-supereffective|p2a: Amoonguss\n|-damage|p2a: Amoonguss|11\/100\n|move|p2b: Terapagos|Tera Starstorm|p1a: Calyrex|[spread] p1a,p1b\n|-supereffective|p1b: Ting-Lu\n|-damage|p1a: Calyrex|66\/100\n|-damage|p1b: Ting-Lu|0 fnt\n|faint|p1b: Ting-Lu\n|move|p2a: Amoonguss|Pollen Puff|p2b: Terapagos\n|-heal|p2b: Terapagos|100\/100\n|\n|upkeep\n|turn|15\n|-message|SERENA2024 forfeited.\n|\n|win|heelflores\n|raw|SERENA2024's rating: 1698 &rarr; <strong>1677<\/strong><br \/>(-21 for losing)\n|raw|heelflores's rating: 1679 &rarr; <strong>1700<\/strong><br \/>(+21 for winning)\n|l|\u2606SERENA2024\n|player|p1|\n|c| rabbithorn05|wow gg\n","uploadtime":1718806987,"views":17,"formatid":"gen9vgc2024regg","rating":1677,"private":0,"password":null}