{"id":"gen9vgc2024regg-2146548157","format":"[Gen 9] VGC 2024 Reg G","players":["AnyaForger30","Krisuerte"],"log":"|j|\u2606AnyaForger30\n|j|\u2606Krisuerte\n|t:|1718844506\n|gametype|doubles\n|player|p1|AnyaForger30|caitlin|1673\n|player|p2|Krisuerte|265|1786\n|teamsize|p1|6\n|teamsize|p2|6\n|gen|9\n|tier|[Gen 9] VGC 2024 Reg G\n|rated|\n|rule|Species Clause: Limit one of each Pok\u00e9mon\n|rule|Item Clause: Limit one of each item\n|clearpoke\n|poke|p1|Rillaboom, L50, M|\n|poke|p1|Raging Bolt, L50|\n|poke|p1|Terapagos, L50, M|\n|poke|p1|Urshifu-*, L50, M|\n|poke|p1|Grimmsnarl, L50, M|\n|poke|p1|Flutter Mane, L50|\n|poke|p2|Sinistcha-Masterpiece, L50|\n|poke|p2|Kyogre, L50|\n|poke|p2|Tornadus, L50, M|\n|poke|p2|Urshifu-*, L50, M|\n|poke|p2|Archaludon, L50, M|\n|poke|p2|Landorus, L50, M|\n|teampreview|4\n|j| DisasterBruhMoment\n|j| rabbithorn05\n|inactive|Battle timer is ON: inactive players will automatically lose when time's up. (requested by AnyaForger30)\n|\n|t:|1718844536\n|start\n|switch|p1a: Terapagos|Terapagos, L50, M|100\/100\n|switch|p1b: Grimmsnarl|Grimmsnarl, L50, M|100\/100\n|switch|p2a: Kyogre|Kyogre, L50|100\/100\n|switch|p2b: Tornadus|Tornadus, L50, M|100\/100\n|-activate|p1a: Terapagos|ability: Tera Shift\n|detailschange|p1a: Terapagos|Terapagos-Terastal, L50, M\n|-heal|p1a: Terapagos|100\/100|[silent]\n|-weather|RainDance|[from] ability: Drizzle|[of] p2a: Kyogre\n|turn|1\n|inactive|Krisuerte has 30 seconds left.\n|\n|t:|1718844565\n|move|p1b: Grimmsnarl|Fake Out|p2a: Kyogre\n|-damage|p2a: Kyogre|85\/100\n|move|p1a: Terapagos|Tera Starstorm|p2a: Kyogre\n|-damage|p2a: Kyogre|26\/100\n|move|p2b: Tornadus|Bleakwind Storm|p1b: Grimmsnarl|[spread] p1a,p1b\n|-activate|p1a: Terapagos|ability: Tera Shell\n|-resisted|p1a: Terapagos\n|-damage|p1a: Terapagos|85\/100\n|-damage|p1b: Grimmsnarl|57\/100\n|cant|p2a: Kyogre|flinch\n|\n|-weather|RainDance|[upkeep]\n|upkeep\n|turn|2\n|\n|t:|1718844584\n|move|p2b: Tornadus|Tailwind|p2b: Tornadus\n|-sidestart|p2: Krisuerte|move: Tailwind\n|move|p1b: Grimmsnarl|Sucker Punch|p2a: Kyogre\n|-damage|p2a: Kyogre|0 fnt\n|faint|p2a: Kyogre\n|move|p1a: Terapagos|Tera Starstorm|p2b: Tornadus\n|-damage|p2b: Tornadus|16\/100\n|\n|-weather|RainDance|[upkeep]\n|upkeep\n|\n|t:|1718844594\n|switch|p2a: Urshifu|Urshifu-Rapid-Strike, L50, M|100\/100\n|turn|3\n|inactive|Krisuerte has 30 seconds left.\n|\n|t:|1718844625\n|move|p2b: Tornadus|Rain Dance||[still]\n|-fail|p2b: Tornadus\n|move|p2a: Urshifu|Close Combat|p1a: Terapagos\n|-supereffective|p1a: Terapagos\n|-crit|p1a: Terapagos\n|-damage|p1a: Terapagos|0 fnt\n|-unboost|p2a: Urshifu|def|1\n|-unboost|p2a: Urshifu|spd|1\n|faint|p1a: Terapagos\n|move|p1b: Grimmsnarl|Spirit Break|p2a: Urshifu\n|-supereffective|p2a: Urshifu\n|-damage|p2a: Urshifu|0 fnt\n|faint|p2a: Urshifu\n|\n|-weather|RainDance|[upkeep]\n|upkeep\n|\n|t:|1718844640\n|switch|p1a: Urshifu|Urshifu-Rapid-Strike, L50, M|100\/100\n|switch|p2a: Landorus|Landorus, L50, M|100\/100\n|turn|4\n|\n|t:|1718844655\n|-terastallize|p2a: Landorus|Poison\n|move|p1a: Urshifu|Aqua Jet|p2a: Landorus\n|-damage|p2a: Landorus|57\/100\n|move|p1b: Grimmsnarl|Sucker Punch|p2b: Tornadus\n|-damage|p2b: Tornadus|0 fnt\n|faint|p2b: Tornadus\n|move|p2a: Landorus|Sandsear Storm|p1b: Grimmsnarl|[spread] p1a,p1b\n|-damage|p1a: Urshifu|36\/100\n|-damage|p1b: Grimmsnarl|0 fnt\n|faint|p1b: Grimmsnarl\n|\n|-weather|RainDance|[upkeep]\n|upkeep\n|\n|t:|1718844664\n|switch|p1b: Raging Bolt|Raging Bolt, L50|100\/100\n|turn|5\n|\n|t:|1718844683\n|-terastallize|p1a: Urshifu|Grass\n|move|p2a: Landorus|Sandsear Storm|p1a: Urshifu|[spread] p1a,p1b\n|-resisted|p1a: Urshifu\n|-supereffective|p1b: Raging Bolt\n|-damage|p1a: Urshifu|0 fnt\n|-damage|p1b: Raging Bolt|33\/100\n|faint|p1a: Urshifu\n|move|p1b: Raging Bolt|Electroweb|p2a: Landorus\n|-damage|p2a: Landorus|17\/100\n|-unboost|p2a: Landorus|spe|1\n|\n|-weather|none\n|-sideend|p2: Krisuerte|move: Tailwind\n|upkeep\n|turn|6\n|\n|t:|1718844697\n|move|p2a: Landorus|Protect|p2a: Landorus\n|-singleturn|p2a: Landorus|Protect\n|move|p1b: Raging Bolt|Thunderclap||[still]\n|-fail|p1b: Raging Bolt\n|\n|upkeep\n|turn|7\n|\n|t:|1718844712\n|move|p1b: Raging Bolt|Thunderclap|p2a: Landorus\n|-damage|p2a: Landorus|0 fnt\n|faint|p2a: Landorus\n|\n|win|AnyaForger30\n|raw|AnyaForger30's rating: 1673 &rarr; <strong>1699<\/strong><br \/>(+26 for winning)\n|raw|Krisuerte's rating: 1786 &rarr; <strong>1760<\/strong><br \/>(-26 for losing)\n|l|\u2606AnyaForger30\n|player|p1|\n|l|\u2606Krisuerte\n|player|p2|\n","uploadtime":1718844974,"views":36,"formatid":"gen9vgc2024regg","rating":1699,"private":0,"password":null}