{"id":"gen9vgc2024regg-2147692422","format":"[Gen 9] VGC 2024 Reg G","players":["greenlightdmp","CaitNostamas"],"log":"|j|\u2606greenlightdmp\n|j|\u2606CaitNostamas\n|t:|1719006445\n|gametype|doubles\n|player|p1|greenlightdmp|1|1689\n|player|p2|CaitNostamas|265|1722\n|teamsize|p1|6\n|teamsize|p2|6\n|gen|9\n|tier|[Gen 9] VGC 2024 Reg G\n|rated|\n|rule|Species Clause: Limit one of each Pok\u00e9mon\n|rule|Item Clause: Limit one of each item\n|clearpoke\n|poke|p1|Miraidon, L50|\n|poke|p1|Iron Hands, L50|\n|poke|p1|Farigiraf, L50, M|\n|poke|p1|Ursaluna-Bloodmoon, L50, M|\n|poke|p1|Ogerpon-Hearthflame, L50, F|\n|poke|p1|Iron Bundle, L50|\n|poke|p2|Calyrex-Ice, L50|\n|poke|p2|Smeargle, L50, F|\n|poke|p2|Amoonguss, L50, M|\n|poke|p2|Ursaluna-Bloodmoon, L50, M|\n|poke|p2|Farigiraf, L50, F|\n|poke|p2|Annihilape, L50, F|\n|teampreview|4\n|inactive|Battle timer is ON: inactive players will automatically lose when time's up. (requested by greenlightdmp)\n|inactive|greenlightdmp has 60 seconds left.\n|\n|t:|1719006485\n|start\n|switch|p1a: Miraidon|Miraidon, L50|100\/100\n|switch|p1b: Iron Bundle|Iron Bundle, L50, shiny|100\/100\n|switch|p2a: Ursaluna|Ursaluna-Bloodmoon, L50, M|100\/100\n|switch|p2b: Farigiraf|Farigiraf, L50, F|100\/100\n|-fieldstart|move: Electric Terrain|[from] ability: Hadron Engine|[of] p1a: Miraidon\n|-activate|p1b: Iron Bundle|ability: Quark Drive\n|-start|p1b: Iron Bundle|quarkdrivespe\n|turn|1\n|inactive|greenlightdmp has 30 seconds left.\n|inactive|CaitNostamas has 30 seconds left.\n|inactive|greenlightdmp has 20 seconds left.\n|inactive|CaitNostamas has 20 seconds left.\n|j| oherrodersir\n|inactive|greenlightdmp has 15 seconds left.\n|inactive|CaitNostamas has 15 seconds left.\n|inactive|greenlightdmp has 10 seconds left.\n|inactive|CaitNostamas has 10 seconds left.\n|\n|t:|1719006533\n|-terastallize|p2b: Farigiraf|Ground\n|move|p2a: Ursaluna|Protect|p2a: Ursaluna\n|-singleturn|p2a: Ursaluna|Protect\n|move|p1b: Iron Bundle|Freeze-Dry|p2b: Farigiraf\n|-supereffective|p2b: Farigiraf\n|-damage|p2b: Farigiraf|32\/100\n|move|p1a: Miraidon|Draco Meteor|p2b: Farigiraf\n|-damage|p2b: Farigiraf|0 fnt\n|-unboost|p1a: Miraidon|spa|2\n|faint|p2b: Farigiraf\n|\n|upkeep\n|\n|t:|1719006542\n|switch|p2b: Calyrex|Calyrex-Ice, L50|100\/100\n|-ability|p2b: Calyrex|As One\n|-ability|p2b: Calyrex|Unnerve\n|turn|2\n|\n|t:|1719006556\n|switch|p1a: Iron Hands|Iron Hands, L50, shiny|100\/100\n|-activate|p1a: Iron Hands|ability: Quark Drive\n|-start|p1a: Iron Hands|quarkdriveatk\n|move|p1b: Iron Bundle|Encore|p2a: Ursaluna\n|-start|p2a: Ursaluna|Encore\n|move|p2a: Ursaluna|Protect||[still]\n|-fail|p2a: Ursaluna\n|move|p2b: Calyrex|Trick Room|p2b: Calyrex\n|-fieldstart|move: Trick Room|[of] p2b: Calyrex\n|\n|upkeep\n|turn|3\n|\n|t:|1719006574\n|switch|p2a: Smeargle|Smeargle, L50, F|100\/100\n|move|p1a: Iron Hands|Fake Out|p2b: Calyrex\n|-damage|p2b: Calyrex|87\/100\n|cant|p2b: Calyrex|flinch\n|move|p1b: Iron Bundle|Encore|p2b: Calyrex\n|-start|p2b: Calyrex|Encore\n|\n|upkeep\n|turn|4\n|\n|t:|1719006594\n|switch|p2b: Ursaluna|Ursaluna-Bloodmoon, L50, M|100\/100\n|move|p2a: Smeargle|Decorate|p2b: Ursaluna\n|-boost|p2b: Ursaluna|atk|2\n|-boost|p2b: Ursaluna|spa|2\n|move|p1a: Iron Hands|Close Combat|p2a: Smeargle\n|-supereffective|p2a: Smeargle\n|-enditem|p2a: Smeargle|Focus Sash\n|-damage|p2a: Smeargle|1\/100\n|-unboost|p1a: Iron Hands|def|1\n|-unboost|p1a: Iron Hands|spd|1\n|move|p1b: Iron Bundle|Freeze-Dry|p2a: Smeargle\n|-damage|p2a: Smeargle|0 fnt\n|faint|p2a: Smeargle\n|\n|upkeep\n|j| scottstotts1234\n|\n|t:|1719006603\n|switch|p2a: Calyrex|Calyrex-Ice, L50|87\/100\n|-ability|p2a: Calyrex|As One\n|-ability|p2a: Calyrex|Unnerve\n|turn|5\n|\n|t:|1719006625\n|-end|p1a: Iron Hands|Quark Drive|[silent]\n|switch|p1a: Ogerpon|Ogerpon-Hearthflame, L50, F|100\/100\n|-ability|p1a: Ogerpon|Mold Breaker\n|move|p1b: Iron Bundle|Protect|p1b: Iron Bundle\n|-singleturn|p1b: Iron Bundle|Protect\n|move|p2b: Ursaluna|Hyper Voice|p1b: Iron Bundle|[spread] p1a\n|-activate|p1b: Iron Bundle|move: Protect\n|-damage|p1a: Ogerpon|0 fnt\n|faint|p1a: Ogerpon\n|-damage|p2b: Ursaluna|90\/100|[from] item: Life Orb\n|move|p2a: Calyrex|Glacial Lance|p1b: Iron Bundle\n|-activate|p1b: Iron Bundle|move: Protect\n|\n|-fieldend|move: Electric Terrain\n|-end|p1b: Iron Bundle|Quark Drive\n|upkeep\n|\n|t:|1719006642\n|switch|p1a: Iron Hands|Iron Hands, L50, shiny|100\/100\n|turn|6\n|\n|t:|1719006651\n|move|p1a: Iron Hands|Fake Out|p2b: Ursaluna\n|-damage|p2b: Ursaluna|79\/100\n|cant|p2b: Ursaluna|flinch\n|move|p2a: Calyrex|Glacial Lance|p1a: Iron Hands|[spread] p1a,p1b\n|-resisted|p1b: Iron Bundle\n|-damage|p1a: Iron Hands|54\/100\n|-damage|p1b: Iron Bundle|82\/100\n|move|p1b: Iron Bundle|Encore|p2a: Calyrex\n|-start|p2a: Calyrex|Encore\n|\n|-fieldend|move: Trick Room\n|upkeep\n|turn|7\n|\n|t:|1719006668\n|move|p1b: Iron Bundle|Icy Wind|p2a: Calyrex|[spread] p2a,p2b\n|-resisted|p2a: Calyrex\n|-supereffective|p2b: Ursaluna\n|-damage|p2a: Calyrex|80\/100\n|-damage|p2b: Ursaluna|32\/100\n|-unboost|p2b: Ursaluna|spe|1\n|move|p1a: Iron Hands|Close Combat|p2b: Ursaluna\n|-supereffective|p2b: Ursaluna\n|-damage|p2b: Ursaluna|0 fnt\n|-unboost|p1a: Iron Hands|def|1\n|-unboost|p1a: Iron Hands|spd|1\n|faint|p2b: Ursaluna\n|move|p2a: Calyrex|Glacial Lance|p1a: Iron Hands|[spread] p1a,p1b\n|-resisted|p1b: Iron Bundle\n|-damage|p1a: Iron Hands|0 fnt\n|-damage|p1b: Iron Bundle|63\/100\n|faint|p1a: Iron Hands\n|-end|p1a: Iron Hands|Quark Drive|[silent]\n|-ability|p2a: Calyrex|Chilling Neigh|boost\n|-boost|p2a: Calyrex|atk|1\n|\n|upkeep\n|\n|t:|1719006682\n|switch|p1a: Miraidon|Miraidon, L50|100\/100\n|-fieldstart|move: Electric Terrain|[from] ability: Hadron Engine|[of] p1a: Miraidon\n|-activate|p1b: Iron Bundle|ability: Quark Drive\n|-start|p1b: Iron Bundle|quarkdrivespe\n|turn|8\n|\n|t:|1719006694\n|-terastallize|p1a: Miraidon|Electric\n|move|p1b: Iron Bundle|Freeze-Dry|p2a: Calyrex\n|-resisted|p2a: Calyrex\n|-damage|p2a: Calyrex|68\/100\n|move|p1a: Miraidon|Electro Drift|p2a: Calyrex\n|-damage|p2a: Calyrex|0 fnt\n|faint|p2a: Calyrex\n|\n|win|greenlightdmp\n|raw|greenlightdmp's rating: 1689 &rarr; <strong>1711<\/strong><br \/>(+22 for winning)\n|raw|CaitNostamas's rating: 1722 &rarr; <strong>1700<\/strong><br \/>(-22 for losing)\n|l|\u2606CaitNostamas\n|player|p2|\n","uploadtime":1719006712,"views":35,"formatid":"gen9vgc2024regg","rating":1700,"private":0,"password":null}