{"id":"gen9vgc2024regg-2147111536","format":"[Gen 9] VGC 2024 Reg G","players":["The Umpire","WwwxxX"],"log":"|j|\u2606The Umpire\n|j|\u2606WwwxxX\n|t:|1718924178\n|gametype|doubles\n|player|p1|The Umpire|volkner|1759\n|player|p2|WwwxxX|266|1711\n|teamsize|p1|6\n|teamsize|p2|6\n|gen|9\n|tier|[Gen 9] VGC 2024 Reg G\n|rated|\n|rule|Species Clause: Limit one of each Pok\u00e9mon\n|rule|Item Clause: Limit one of each item\n|clearpoke\n|poke|p1|Zamazenta-*, L50|\n|poke|p1|Chien-Pao, L50|\n|poke|p1|Flutter Mane, L50|\n|poke|p1|Rillaboom, L50, M|\n|poke|p1|Moltres-Galar, L50|\n|poke|p1|Latios, L50, M|\n|poke|p2|Glimmora, L50, F|\n|poke|p2|Tyranitar, L50, F|\n|poke|p2|Dondozo, L50, F|\n|poke|p2|Tatsugiri, L50, M|\n|poke|p2|Zamazenta-*, L50|\n|poke|p2|Amoonguss, L50, F|\n|teampreview|4\n|inactive|Battle timer is ON: inactive players will automatically lose when time's up. (requested by WwwxxX)\n|\n|t:|1718924199\n|start\n|switch|p1a: Zamazenta|Zamazenta-Crowned, L50|100\/100\n|switch|p1b: Latios|Latios, L50, M|100\/100\n|switch|p2a: Glimmora|Glimmora, L50, F|100\/100\n|switch|p2b: Tyranitar|Tyranitar, L50, F|100\/100\n|-ability|p1a: Zamazenta|Dauntless Shield|boost\n|-boost|p1a: Zamazenta|def|1\n|-weather|Sandstorm|[from] ability: Sand Stream|[of] p2b: Tyranitar\n|turn|1\n|\n|t:|1718924212\n|move|p1b: Latios|Protect|p1b: Latios\n|-singleturn|p1b: Latios|Protect\n|move|p1a: Zamazenta|Protect|p1a: Zamazenta\n|-singleturn|p1a: Zamazenta|Protect\n|move|p2a: Glimmora|Toxic Spikes|p1a: Zamazenta\n|-sidestart|p1: The Umpire|move: Toxic Spikes\n|move|p2b: Tyranitar|Knock Off|p1b: Latios\n|-activate|p1b: Latios|move: Protect\n|\n|-weather|Sandstorm|[upkeep]\n|-damage|p1b: Latios|95\/100|[from] Sandstorm\n|upkeep\n|turn|2\n|\n|t:|1718924229\n|move|p1b: Latios|Luster Purge|p2a: Glimmora\n|-supereffective|p2a: Glimmora\n|-enditem|p2a: Glimmora|Focus Sash\n|-damage|p2a: Glimmora|1\/100\n|-damage|p1b: Latios|85\/100|[from] item: Life Orb\n|move|p1a: Zamazenta|Body Press|p2b: Tyranitar\n|-supereffective|p2b: Tyranitar\n|-damage|p2b: Tyranitar|0 fnt\n|faint|p2b: Tyranitar\n|move|p2a: Glimmora|Mortal Spin|p1a: Zamazenta|[spread] p1b\n|-immune|p1a: Zamazenta\n|-damage|p1b: Latios|79\/100\n|-status|p1b: Latios|psn\n|\n|-weather|Sandstorm|[upkeep]\n|-damage|p1b: Latios|74\/100 psn|[from] Sandstorm\n|-damage|p1b: Latios|61\/100 psn|[from] psn\n|upkeep\n|\n|t:|1718924246\n|switch|p2b: Dondozo|Dondozo, L50, F|100\/100\n|turn|3\n|\n|t:|1718924255\n|move|p2a: Glimmora|Spiky Shield|p2a: Glimmora\n|-singleturn|p2a: Glimmora|move: Protect\n|move|p2b: Dondozo|Protect|p2b: Dondozo\n|-singleturn|p2b: Dondozo|Protect\n|move|p1b: Latios|Luster Purge|p2b: Dondozo\n|-activate|p2b: Dondozo|move: Protect\n|move|p1a: Zamazenta|Body Press|p2b: Dondozo\n|-activate|p2b: Dondozo|move: Protect\n|\n|-weather|Sandstorm|[upkeep]\n|-damage|p1b: Latios|56\/100 psn|[from] Sandstorm\n|-damage|p2b: Dondozo|94\/100|[from] Sandstorm\n|-heal|p2b: Dondozo|100\/100|[from] item: Leftovers\n|-damage|p1b: Latios|43\/100 psn|[from] psn\n|upkeep\n|turn|4\n|j| simagungou2\n|\n|t:|1718924277\n|switch|p2a: Tatsugiri|Tatsugiri, L50, M|100\/100\n|-activate|p2a: Tatsugiri|ability: Commander|[of] p2b: Dondozo\n|-boost|p2b: Dondozo|atk|2\n|-boost|p2b: Dondozo|spa|2\n|-boost|p2b: Dondozo|spe|2\n|-boost|p2b: Dondozo|def|2\n|-boost|p2b: Dondozo|spd|2\n|move|p1b: Latios|Luster Purge|p2b: Dondozo\n|-crit|p2b: Dondozo\n|-damage|p2b: Dondozo|27\/100\n|-unboost|p2b: Dondozo|spd|1\n|-damage|p1b: Latios|34\/100 psn|[from] item: Life Orb\n|move|p1a: Zamazenta|Body Press|p2b: Dondozo\n|-damage|p2b: Dondozo|12\/100\n|move|p2b: Dondozo|Order Up|p1b: Latios\n|-supereffective|p1b: Latios\n|-damage|p1b: Latios|0 fnt\n|faint|p1b: Latios\n|-boost|p2b: Dondozo|atk|1\n|\n|-weather|Sandstorm|[upkeep]\n|-damage|p2a: Tatsugiri|95\/100|[from] Sandstorm\n|-damage|p2b: Dondozo|6\/100|[from] Sandstorm\n|-heal|p2b: Dondozo|12\/100|[from] item: Leftovers\n|upkeep\n|\n|t:|1718924291\n|switch|p1b: Flutter Mane|Flutter Mane, L50, shiny|100\/100\n|-status|p1b: Flutter Mane|psn\n|-enditem|p1b: Flutter Mane|Booster Energy\n|-activate|p1b: Flutter Mane|ability: Protosynthesis|[fromitem]\n|-start|p1b: Flutter Mane|protosynthesisspe\n|turn|5\n|\n|t:|1718924306\n|move|p2b: Dondozo|Protect|p2b: Dondozo\n|-singleturn|p2b: Dondozo|Protect\n|move|p1b: Flutter Mane|Moonblast|p2b: Dondozo\n|-activate|p2b: Dondozo|move: Protect\n|move|p1a: Zamazenta|Body Press|p2b: Dondozo\n|-activate|p2b: Dondozo|move: Protect\n|\n|-weather|Sandstorm|[upkeep]\n|-damage|p1b: Flutter Mane|95\/100 psn|[from] Sandstorm\n|-damage|p2a: Tatsugiri|89\/100|[from] Sandstorm\n|-damage|p2b: Dondozo|6\/100|[from] Sandstorm\n|-heal|p2b: Dondozo|12\/100|[from] item: Leftovers\n|-damage|p1b: Flutter Mane|83\/100 psn|[from] psn\n|upkeep\n|turn|6\n|\n|t:|1718924323\n|move|p1b: Flutter Mane|Moonblast|p2b: Dondozo\n|-damage|p2b: Dondozo|0 fnt\n|faint|p2b: Dondozo\n|move|p1a: Zamazenta|Body Press|p2a: Tatsugiri\n|-damage|p2a: Tatsugiri|0 fnt\n|faint|p2a: Tatsugiri\n|\n|-weather|Sandstorm|[upkeep]\n|-damage|p1b: Flutter Mane|77\/100 psn|[from] Sandstorm\n|-damage|p1b: Flutter Mane|65\/100 psn|[from] psn\n|upkeep\n|-message|WwwxxX forfeited.\n|\n|win|The Umpire\n|raw|The Umpire's rating: 1759 &rarr; <strong>1776<\/strong><br \/>(+17 for winning)\n|raw|WwwxxX's rating: 1711 &rarr; <strong>1694<\/strong><br \/>(-17 for losing)\n|l|\u2606WwwxxX\n|player|p2|\n|l|\u2606The Umpire\n|player|p1|\n|l| simagungou2\n","uploadtime":1718924596,"views":65,"formatid":"gen9vgc2024regg","rating":1694,"private":0,"password":null}