{"id":"gen9vgc2024regg-2147963659","format":"[Gen 9] VGC 2024 Reg G","players":["CCC2026","Tamamonineteam"],"log":"|j|\u2606CCC2026\n|j|\u2606Tamamonineteam\n|t:|1719053318\n|gametype|doubles\n|player|p1|CCC2026|dawn|1699\n|player|p2|Tamamonineteam|102|1720\n|teamsize|p1|6\n|teamsize|p2|6\n|gen|9\n|tier|[Gen 9] VGC 2024 Reg G\n|rated|\n|rule|Species Clause: Limit one of each Pok\u00e9mon\n|rule|Item Clause: Limit one of each item\n|clearpoke\n|poke|p1|Urshifu-*, L50, M|\n|poke|p1|Incineroar, L50, M|\n|poke|p1|Rillaboom, L50, M|\n|poke|p1|Tornadus, L50, M|\n|poke|p1|Raging Bolt, L50|\n|poke|p1|Calyrex-Shadow, L50|\n|poke|p2|Enamorus, L50, F|\n|poke|p2|Whimsicott, L50, F|\n|poke|p2|Urshifu-*, L50, M|\n|poke|p2|Incineroar, L50, F|\n|poke|p2|Gholdengo, L50|\n|poke|p2|Terapagos, L50, M|\n|teampreview|4\n|inactive|Battle timer is ON: inactive players will automatically lose when time's up. (requested by CCC2026)\n|inactive|CCC2026 has 60 seconds left.\n|\n|t:|1719053379\n|start\n|switch|p1a: Tornadus|Tornadus, L50, M|100\/100\n|switch|p1b: Raging Bolt|Raging Bolt, L50|100\/100\n|switch|p2a: Enamorus|Enamorus, L50, F|100\/100\n|switch|p2b: Incineroar|Incineroar, L50, F|100\/100\n|-ability|p2b: Incineroar|Intimidate|boost\n|-unboost|p1a: Tornadus|atk|1\n|-unboost|p1b: Raging Bolt|atk|1\n|turn|1\n|\n|t:|1719053403\n|move|p1b: Raging Bolt|Protect|p1b: Raging Bolt\n|-singleturn|p1b: Raging Bolt|Protect\n|move|p2b: Incineroar|Fake Out|p1b: Raging Bolt\n|-activate|p1b: Raging Bolt|move: Protect\n|move|p2a: Enamorus|Superpower|p1b: Raging Bolt\n|-activate|p1b: Raging Bolt|move: Protect\n|move|p1a: Tornadus|Bleakwind Storm|p2b: Incineroar|[spread] p2a,p2b\n|-damage|p2a: Enamorus|71\/100\n|-damage|p2b: Incineroar|70\/100\n|\n|upkeep\n|turn|2\n|inactive|CCC2026 has 30 seconds left.\n|inactive|Tamamonineteam has 30 seconds left.\n|\n|t:|1719053434\n|switch|p2a: Whimsicott|Whimsicott, L50, F|100\/100\n|move|p1a: Tornadus|Tailwind|p1a: Tornadus\n|-sidestart|p1: CCC2026|move: Tailwind\n|move|p1b: Raging Bolt|Thunderbolt|p2a: Whimsicott\n|-resisted|p2a: Whimsicott\n|-damage|p2a: Whimsicott|64\/100\n|move|p2b: Incineroar|Parting Shot|p1b: Raging Bolt\n|-unboost|p1b: Raging Bolt|atk|1\n|-unboost|p1b: Raging Bolt|spa|1\n|\n|t:|1719053444\n|switch|p2b: Enamorus|Enamorus, L50, F|71\/100|[from] Parting Shot\n|\n|upkeep\n|turn|3\n|inactive|CCC2026 has 30 seconds left.\n|\n|t:|1719053471\n|move|p2a: Whimsicott|Tailwind|p2a: Whimsicott\n|-sidestart|p2: Tamamonineteam|move: Tailwind\n|move|p2b: Enamorus|Play Rough|p1b: Raging Bolt\n|-supereffective|p1b: Raging Bolt\n|-damage|p1b: Raging Bolt|33\/100\n|move|p1a: Tornadus|Bleakwind Storm|p2b: Enamorus|[spread] p2a,p2b\n|-supereffective|p2a: Whimsicott\n|-damage|p2a: Whimsicott|0 fnt\n|-damage|p2b: Enamorus|44\/100\n|faint|p2a: Whimsicott\n|move|p1b: Raging Bolt|Thunderbolt|p2b: Enamorus\n|-supereffective|p2b: Enamorus\n|-damage|p2b: Enamorus|0 fnt\n|faint|p2b: Enamorus\n|\n|upkeep\n|\n|t:|1719053487\n|switch|p2a: Incineroar|Incineroar, L50, F|70\/100\n|switch|p2b: Terapagos|Terapagos, L50, M|100\/100\n|-activate|p2b: Terapagos|ability: Tera Shift\n|detailschange|p2b: Terapagos|Terapagos-Terastal, L50, M\n|-heal|p2b: Terapagos|100\/100|[silent]\n|-ability|p2a: Incineroar|Intimidate|boost\n|-unboost|p1a: Tornadus|atk|1\n|-unboost|p1b: Raging Bolt|atk|1\n|turn|4\n|\n|t:|1719053511\n|move|p1a: Tornadus|Protect|p1a: Tornadus\n|-singleturn|p1a: Tornadus|Protect\n|move|p1b: Raging Bolt|Protect|p1b: Raging Bolt\n|-singleturn|p1b: Raging Bolt|Protect\n|move|p2b: Terapagos|Calm Mind|p2b: Terapagos\n|-boost|p2b: Terapagos|spa|1\n|-boost|p2b: Terapagos|spd|1\n|move|p2a: Incineroar|Knock Off|p1a: Tornadus\n|-activate|p1a: Tornadus|move: Protect\n|\n|upkeep\n|turn|5\n|\n|t:|1719053534\n|move|p1b: Raging Bolt|Thunderclap|p2b: Terapagos\n|-activate|p2b: Terapagos|ability: Tera Shell\n|-resisted|p2b: Terapagos\n|-damage|p2b: Terapagos|91\/100\n|move|p1a: Tornadus|Bleakwind Storm|p2a: Incineroar|[spread] p2a,p2b\n|-damage|p2a: Incineroar|41\/100\n|-damage|p2b: Terapagos|73\/100\n|-unboost|p2a: Incineroar|spe|1\n|move|p2b: Terapagos|Tera Starstorm|p1a: Tornadus\n|-damage|p1a: Tornadus|21\/100\n|-enditem|p1a: Tornadus|Sitrus Berry|[eat]\n|-heal|p1a: Tornadus|46\/100|[from] item: Sitrus Berry\n|move|p2a: Incineroar|Knock Off|p1a: Tornadus\n|-damage|p1a: Tornadus|17\/100\n|\n|-heal|p2b: Terapagos|80\/100|[from] item: Leftovers\n|-sideend|p1: CCC2026|move: Tailwind\n|upkeep\n|turn|6\n|inactive|CCC2026 has 30 seconds left.\n|inactive|CCC2026 has 20 seconds left.\n|inactive|CCC2026 has 15 seconds left.\n|\n|t:|1719053577\n|move|p1a: Tornadus|Tailwind|p1a: Tornadus\n|-sidestart|p1: CCC2026|move: Tailwind\n|move|p1b: Raging Bolt|Thunderclap||[still]\n|-fail|p1b: Raging Bolt\n|move|p2b: Terapagos|Calm Mind|p2b: Terapagos\n|-boost|p2b: Terapagos|spa|1\n|-boost|p2b: Terapagos|spd|1\n|move|p2a: Incineroar|Knock Off|p1b: Raging Bolt\n|-damage|p1b: Raging Bolt|0 fnt\n|-enditem|p1b: Raging Bolt|Magnet|[from] move: Knock Off|[of] p2a: Incineroar\n|faint|p1b: Raging Bolt\n|-end|p1b: Raging Bolt|Protosynthesis|[silent]\n|\n|-heal|p2b: Terapagos|86\/100|[from] item: Leftovers\n|-sideend|p2: Tamamonineteam|move: Tailwind\n|upkeep\n|\n|t:|1719053599\n|switch|p1b: Urshifu|Urshifu-Rapid-Strike, L50, M|100\/100\n|turn|7\n|\n|t:|1719053608\n|-terastallize|p2b: Terapagos|Stellar\n|detailschange|p2b: Terapagos|Terapagos-Stellar, L50, M, tera:Stellar\n|-heal|p2b: Terapagos|90\/100|[silent]\n|move|p1b: Urshifu|Close Combat|p2b: Terapagos\n|-supereffective|p2b: Terapagos\n|-damage|p2b: Terapagos|6\/100\n|-unboost|p1b: Urshifu|def|1\n|-unboost|p1b: Urshifu|spd|1\n|move|p1a: Tornadus|Bleakwind Storm|p2b: Terapagos|[spread] p2a,p2b\n|-damage|p2a: Incineroar|11\/100\n|-damage|p2b: Terapagos|0 fnt\n|faint|p2b: Terapagos\n|move|p2a: Incineroar|Knock Off|p1b: Urshifu\n|-resisted|p1b: Urshifu\n|-damage|p1b: Urshifu|71\/100\n|-enditem|p1b: Urshifu|Mystic Water|[from] move: Knock Off|[of] p2a: Incineroar\n|\n|upkeep\n|turn|8\n|-message|Tamamonineteam forfeited.\n|\n|win|CCC2026\n|raw|CCC2026's rating: 1699 &rarr; <strong>1720<\/strong><br \/>(+21 for winning)\n|raw|Tamamonineteam's rating: 1720 &rarr; <strong>1699<\/strong><br \/>(-21 for losing)\n|l|\u2606Tamamonineteam\n|player|p2|\n|l|\u2606CCC2026\n|player|p1|\n","uploadtime":1719053835,"views":31,"formatid":"gen9vgc2024regg","rating":1699,"private":0,"password":null}