{"id":"gen9vgc2024regg-2147528037","format":"[Gen 9] VGC 2024 Reg G","players":["rebornrhyme","Therazer456"],"log":"|j|\u2606rebornrhyme\n|j|\u2606Therazer456\n|t:|1718987107\n|gametype|doubles\n|player|p1|rebornrhyme|102|1666\n|player|p2|Therazer456|ghetsis|1743\n|teamsize|p1|6\n|teamsize|p2|6\n|gen|9\n|tier|[Gen 9] VGC 2024 Reg G\n|rated|\n|rule|Species Clause: Limit one of each Pok\u00e9mon\n|rule|Item Clause: Limit one of each item\n|clearpoke\n|poke|p1|Groudon, L50|\n|poke|p1|Flutter Mane, L50|\n|poke|p1|Sableye, L50, F|\n|poke|p1|Incineroar, L50, M|\n|poke|p1|Iron Valiant, L50|\n|poke|p1|Rillaboom, L50, F|\n|poke|p2|Calyrex-Ice, L50|\n|poke|p2|Porygon2, L50|\n|poke|p2|Raging Bolt, L50|\n|poke|p2|Incineroar, L50, F|\n|poke|p2|Iron Jugulis, L50|\n|poke|p2|Amoonguss, L50, M|\n|teampreview|4\n|j| Auryz\nrebornrhyme rejected open team sheets.\n|\n|t:|1718987154\n|start\n|switch|p1a: Sableye|Sableye, L50, F|100\/100\n|switch|p1b: Iron Valiant|Iron Valiant, L50|100\/100\n|switch|p2a: Robin|Iron Jugulis, L50, shiny|100\/100\n|switch|p2b: Wreath|Calyrex-Ice, L50|100\/100\n|-ability|p2b: Wreath|As One\n|-ability|p2b: Wreath|Unnerve\n|-enditem|p2a: Robin|Booster Energy\n|-activate|p2a: Robin|ability: Quark Drive|[fromitem]\n|-start|p2a: Robin|quarkdrivespe\n|turn|1\n|inactive|Battle timer is ON: inactive players will automatically lose when time's up. (requested by rebornrhyme)\n|\n|t:|1718987175\n|-terastallize|p2b: Wreath|Fire\n|move|p2a: Robin|Air Slash|p1b: Iron Valiant\n|-supereffective|p1b: Iron Valiant\n|-enditem|p1b: Iron Valiant|Focus Sash\n|-damage|p1b: Iron Valiant|1\/100\n|move|p1b: Iron Valiant|Hypnosis|p2b: Wreath\n|-status|p2b: Wreath|slp|[from] move: Hypnosis\n|move|p1a: Sableye|Gravity|p1a: Sableye\n|-fieldstart|move: Gravity\n|cant|p2b: Wreath|slp\n|\n|upkeep\n|turn|2\n|inactive|rebornrhyme has 30 seconds left.\n|\n|t:|1718987200\n|move|p2a: Robin|Snarl|p1b: Iron Valiant|[spread] p1a,p1b\n|-crit|p1a: Sableye\n|-resisted|p1b: Iron Valiant\n|-damage|p1a: Sableye|60\/100\n|-damage|p1b: Iron Valiant|0 fnt\n|-unboost|p1a: Sableye|spa|1\n|faint|p1b: Iron Valiant\n|-end|p1b: Iron Valiant|Quark Drive|[silent]\n|-enditem|p1a: Sableye|Eject Button\n|j| futonkagebunshin\n|\n|t:|1718987206\n|switch|p1a: Groudon|Groudon, L50|100\/100\n|-weather|SunnyDay|[from] ability: Drought|[of] p1a: Groudon\n|cant|p2b: Wreath|slp\n|\n|-weather|SunnyDay|[upkeep]\n|upkeep\n|\n|t:|1718987209\n|switch|p1b: Sableye|Sableye, L50, F|60\/100\n|turn|3\n|\n|t:|1718987222\n|cant|p2b: Wreath|slp\n|move|p1b: Sableye|Fake Out|p2a: Robin\n|-damage|p2a: Robin|93\/100\n|cant|p2a: Robin|flinch\n|move|p1a: Groudon|Precipice Blades|p2b: Wreath|[spread] p2a,p2b\n|-supereffective|p2b: Wreath\n|-damage|p2a: Robin|33\/100\n|-damage|p2b: Wreath|34\/100 slp\n|\n|-weather|SunnyDay|[upkeep]\n|upkeep\n|turn|4\n|\n|t:|1718987238\n|switch|p2b: Duck Mark 2|Porygon2, L50, shiny|100\/100\n|-ability|p2b: Duck Mark 2|Download|boost\n|-boost|p2b: Duck Mark 2|spa|1\n|move|p2a: Robin|Air Slash|p1a: Groudon\n|-damage|p1a: Groudon|70\/100\n|move|p1a: Groudon|Precipice Blades|p2a: Robin|[spread] p2a,p2b\n|-damage|p2a: Robin|0 fnt\n|-damage|p2b: Duck Mark 2|67\/100\n|faint|p2a: Robin\n|-end|p2a: Robin|Quark Drive|[silent]\n|move|p1b: Sableye|Foul Play|p2b: Duck Mark 2\n|-damage|p2b: Duck Mark 2|54\/100\n|\n|-weather|SunnyDay|[upkeep]\n|upkeep\n|\n|t:|1718987252\n|switch|p2a: Rosette|Amoonguss, L50, M, shiny|100\/100\n|turn|5\n|\n|t:|1718987268\n|move|p1a: Groudon|Heat Crash|p2a: Rosette\n|-supereffective|p2a: Rosette\n|-damage|p2a: Rosette|0 fnt\n|faint|p2a: Rosette\n|move|p2b: Duck Mark 2|Tera Blast|p1a: Groudon\n|-damage|p1a: Groudon|24\/100\n|move|p1b: Sableye|Foul Play|p2b: Duck Mark 2\n|-damage|p2b: Duck Mark 2|40\/100\n|\n|-weather|SunnyDay|[upkeep]\n|-fieldend|move: Gravity\n|upkeep\n|\n|t:|1718987277\n|switch|p2a: Wreath|Calyrex-Ice, L50, tera:Fire|34\/100 slp\n|-ability|p2a: Wreath|As One\n|-ability|p2a: Wreath|Unnerve\n|turn|6\n|\n|t:|1718987287\n|-curestatus|p2a: Wreath|slp|[msg]\n|move|p2a: Wreath|Protect|p2a: Wreath\n|-singleturn|p2a: Wreath|Protect\n|move|p1a: Groudon|Precipice Blades|p2b: Duck Mark 2|[spread] \n|-activate|p2a: Wreath|move: Protect\n|-miss|p1a: Groudon|p2b: Duck Mark 2\n|move|p1b: Sableye|Gravity|p1b: Sableye\n|-fieldstart|move: Gravity\n|move|p2b: Duck Mark 2|Trick Room|p2b: Duck Mark 2\n|-fieldstart|move: Trick Room|[of] p2b: Duck Mark 2\n|\n|-weather|none\n|upkeep\n|turn|7\n|inactive|rebornrhyme has 30 seconds left.\n|\n|t:|1718987315\n|move|p1a: Groudon|Protect|p1a: Groudon\n|-singleturn|p1a: Groudon|Protect\n|move|p2a: Wreath|Glacial Lance|p1a: Groudon|[spread] p1b\n|-activate|p1a: Groudon|move: Protect\n|-damage|p1b: Sableye|12\/100\n|move|p1b: Sableye|Foul Play|p2a: Wreath\n|-damage|p2a: Wreath|0 fnt\n|faint|p2a: Wreath\n|move|p2b: Duck Mark 2|Foul Play|p1b: Sableye\n|-damage|p1b: Sableye|0 fnt\n|faint|p1b: Sableye\n|\n|upkeep\n|\n|t:|1718987338\n|switch|p1b: Incineroar|Incineroar, L50, M|100\/100\n|-ability|p1b: Incineroar|Intimidate|boost\n|-unboost|p2b: Duck Mark 2|atk|1\n|turn|8\n|\n|t:|1718987347\n|move|p1b: Incineroar|Fake Out|p2b: Duck Mark 2\n|-damage|p2b: Duck Mark 2|31\/100\n|cant|p2b: Duck Mark 2|flinch\n|move|p1a: Groudon|Precipice Blades|p2b: Duck Mark 2\n|-damage|p2b: Duck Mark 2|0 fnt\n|faint|p2b: Duck Mark 2\n|\n|win|rebornrhyme\n|raw|rebornrhyme's rating: 1666 &rarr; <strong>1691<\/strong><br \/>(+25 for winning)\n|raw|Therazer456's rating: 1753 &rarr; <strong>1728<\/strong><br \/>(-25 for losing)\n|l|\u2606rebornrhyme\n|player|p1|\n|l|\u2606Therazer456\n|player|p2|\n|l| Auryz\n|l| futonkagebunshin\n","uploadtime":1718987624,"views":33,"formatid":"gen9vgc2024regg","rating":1691,"private":0,"password":null}