{"id":"gen9vgc2024regg-2147307351","format":"[Gen 9] VGC 2024 Reg G","players":["AsukaHikaru","grain cookie"],"log":"|j|\u2606AsukaHikaru\n|j|\u2606grain cookie\n|t:|1718953740\n|gametype|doubles\n|player|p1|AsukaHikaru|volkner|1652\n|player|p2|grain cookie|baker|1702\n|teamsize|p1|6\n|teamsize|p2|6\n|gen|9\n|tier|[Gen 9] VGC 2024 Reg G\n|rated|\n|rule|Species Clause: Limit one of each Pok\u00e9mon\n|rule|Item Clause: Limit one of each item\n|clearpoke\n|poke|p1|Clefairy, L50, F|\n|poke|p1|Calyrex-Shadow, L50|\n|poke|p1|Raging Bolt, L50|\n|poke|p1|Grimmsnarl, L50, M|\n|poke|p1|Annihilape, L50, M|\n|poke|p1|Incineroar, L50, M|\n|poke|p2|Rayquaza, L50|\n|poke|p2|Chien-Pao, L50|\n|poke|p2|Rillaboom, L50, M|\n|poke|p2|Incineroar, L50, M|\n|poke|p2|Araquanid, L50, F|\n|poke|p2|Gholdengo, L50|\n|teampreview|4\ngrain cookie has agreed to open team sheets.\n|j| THUNDERSND77\n|\n|t:|1718953766\n|start\n|switch|p1a: uzi|Calyrex-Shadow, L50|100\/100\n|switch|p1b: Incineroar|Incineroar, L50, M|100\/100\n|switch|p2a: Rayquaza|Rayquaza, L50|100\/100\n|switch|p2b: Incineroar|Incineroar, L50, M|100\/100\n|-ability|p1a: uzi|As One\n|-ability|p1a: uzi|Unnerve\n|-ability|p2a: Rayquaza|Air Lock\n|-ability|p2b: Incineroar|Intimidate|boost\n|-unboost|p1a: uzi|atk|1\n|-unboost|p1b: Incineroar|atk|1\n|-ability|p1b: Incineroar|Intimidate|boost\n|-fail|p2a: Rayquaza|unboost|[from] item: Clear Amulet|[of] p2a: Rayquaza\n|-unboost|p2b: Incineroar|atk|1\n|turn|1\n|inactive|Battle timer is ON: inactive players will automatically lose when time's up. (requested by grain cookie)\n|\n|t:|1718953790\n|-terastallize|p1a: uzi|Fairy\n|-terastallize|p2a: Rayquaza|Normal\n|move|p1b: Incineroar|Fake Out|p2a: Rayquaza\n|-crit|p2a: Rayquaza\n|-damage|p2a: Rayquaza|84\/100\n|move|p2b: Incineroar|Fake Out|p1b: Incineroar\n|-damage|p1b: Incineroar|95\/100\n|move|p1a: uzi|Calm Mind|p1a: uzi\n|-boost|p1a: uzi|spa|1\n|-boost|p1a: uzi|spd|1\n|cant|p2a: Rayquaza|flinch\n|\n|upkeep\n|turn|2\n|j| autumdog\n|j| rabbihorn\n|\n|t:|1718953816\n|move|p1a: uzi|Protect|p1a: uzi\n|-singleturn|p1a: uzi|Protect\n|move|p2a: Rayquaza|Protect|p2a: Rayquaza\n|-singleturn|p2a: Rayquaza|Protect\n|move|p1b: Incineroar|Knock Off|p2a: Rayquaza\n|-activate|p2a: Rayquaza|move: Protect\n|move|p2b: Incineroar|Flare Blitz|p1a: uzi\n|-activate|p1a: uzi|move: Protect\n|\n|upkeep\n|turn|3\n|inactive|grain cookie has 30 seconds left.\n|\n|t:|1718953842\n|move|p2a: Rayquaza|Extreme Speed|p1a: uzi\n|-damage|p1a: uzi|60\/100\n|move|p1a: uzi|Draining Kiss|p2a: Rayquaza\n|-damage|p2a: Rayquaza|36\/100\n|-heal|p1a: uzi|93\/100|[from] drain|[of] p2a: Rayquaza\n|move|p1b: Incineroar|Knock Off|p2a: Rayquaza\n|-damage|p2a: Rayquaza|11\/100\n|-enditem|p2a: Rayquaza|Clear Amulet|[from] move: Knock Off|[of] p1b: Incineroar\n|move|p2b: Incineroar|Parting Shot|p1a: uzi\n|-unboost|p1a: uzi|atk|1\n|-unboost|p1a: uzi|spa|1\n|\n|t:|1718953857\n|switch|p2b: Chien-Pao|Chien-Pao, L50|100\/100|[from] Parting Shot\n|-ability|p2b: Chien-Pao|Sword of Ruin\n|\n|upkeep\n|turn|4\n|\n|t:|1718953865\n|move|p1a: uzi|Protect|p1a: uzi\n|-singleturn|p1a: uzi|Protect\n|move|p2a: Rayquaza|Extreme Speed|p1b: Incineroar\n|-damage|p1b: Incineroar|45\/100\n|-enditem|p1b: Incineroar|Sitrus Berry|[eat]\n|-heal|p1b: Incineroar|70\/100|[from] item: Sitrus Berry\n|move|p2b: Chien-Pao|Sacred Sword|p1b: Incineroar\n|-supereffective|p1b: Incineroar\n|-damage|p1b: Incineroar|5\/100\n|move|p1b: Incineroar|Parting Shot|p2a: Rayquaza\n|-unboost|p2a: Rayquaza|atk|1\n|-unboost|p2a: Rayquaza|spa|1\n|\n|t:|1718953879\n|switch|p1b: Clefairy|Clefairy, L50, F|100\/100|[from] Parting Shot\n|\n|upkeep\n|turn|5\n|inactive|grain cookie has 30 seconds left.\n|\n|t:|1718953904\n|switch|p2a: Incineroar|Incineroar, L50, M|100\/100\n|-ability|p2a: Incineroar|Intimidate|boost\n|-unboost|p1a: uzi|atk|1\n|-unboost|p1b: Clefairy|atk|1\n|move|p2b: Chien-Pao|Icicle Crash|p1b: Clefairy\n|-damage|p1b: Clefairy|56\/100\n|move|p1a: uzi|Draining Kiss|p2a: Incineroar\n|-damage|p2a: Incineroar|73\/100\n|-heal|p1a: uzi|100\/100|[from] drain|[of] p2a: Incineroar\n|cant|p1b: Clefairy|flinch\n|\n|upkeep\n|turn|6\n|j| chrisqingyu\n|\n|t:|1718953927\n|move|p1b: Clefairy|Protect|p1b: Clefairy\n|-singleturn|p1b: Clefairy|Protect\n|move|p2a: Incineroar|Fake Out|p1b: Clefairy\n|-activate|p1b: Clefairy|move: Protect\n|move|p2b: Chien-Pao|Icicle Crash|p1b: Clefairy\n|-activate|p1b: Clefairy|move: Protect\n|move|p1a: uzi|Draining Kiss|p2b: Chien-Pao\n|-supereffective|p2b: Chien-Pao\n|-enditem|p2b: Chien-Pao|Focus Sash\n|-damage|p2b: Chien-Pao|1\/100\n|\n|upkeep\n|turn|7\n|\n|t:|1718953941\n|move|p2b: Chien-Pao|Protect|p2b: Chien-Pao\n|-singleturn|p2b: Chien-Pao|Protect\n|move|p1a: uzi|Astral Barrage|p2a: Incineroar|[spread] p2a\n|-activate|p2b: Chien-Pao|move: Protect\n|-resisted|p2a: Incineroar\n|-damage|p2a: Incineroar|57\/100\n|move|p2a: Incineroar|Flare Blitz|p1a: uzi\n|-damage|p1a: uzi|67\/100\n|-damage|p2a: Incineroar|45\/100|[from] Recoil\n|move|p1b: Clefairy|Life Dew|p1b: Clefairy|[spread] p1a,p1b\n|-heal|p1a: uzi|92\/100\n|-heal|p1b: Clefairy|81\/100\n|\n|upkeep\n|turn|8\n|inactive|grain cookie has 30 seconds left.\n|\n|t:|1718953969\n|switch|p2b: Rayquaza|Rayquaza, L50, tera:Normal|11\/100\n|-ability|p2b: Rayquaza|Air Lock\n|move|p1a: uzi|Draining Kiss|p2b: Rayquaza\n|-damage|p2b: Rayquaza|0 fnt\n|-heal|p1a: uzi|99\/100|[from] drain|[of] p2b: Rayquaza\n|faint|p2b: Rayquaza\n|-ability|p1a: uzi|Grim Neigh|boost\n|-boost|p1a: uzi|spa|1\n|move|p2a: Incineroar|Parting Shot|p1a: uzi\n|-unboost|p1a: uzi|atk|1\n|-unboost|p1a: uzi|spa|1\n|\n|t:|1718953977\n|switch|p2a: Chien-Pao|Chien-Pao, L50|1\/100|[from] Parting Shot\n|-ability|p2a: Chien-Pao|Sword of Ruin\n|move|p1b: Clefairy|Life Dew|p1b: Clefairy|[spread] p1a,p1b\n|-heal|p1a: uzi|100\/100\n|-heal|p1b: Clefairy|100\/100\n|\n|upkeep\n|\n|t:|1718953983\n|switch|p2b: Incineroar|Incineroar, L50, M|45\/100\n|-ability|p2b: Incineroar|Intimidate|boost\n|-unboost|p1a: uzi|atk|1\n|-unboost|p1b: Clefairy|atk|1\n|turn|9\n|\n|t:|1718953996\n|switch|p1b: Incineroar|Incineroar, L50, M|5\/100\n|-ability|p1b: Incineroar|Intimidate|boost\n|-unboost|p2a: Chien-Pao|atk|1\n|-unboost|p2b: Incineroar|atk|1\n|move|p1a: uzi|Protect|p1a: uzi\n|-singleturn|p1a: uzi|Protect\n|move|p2b: Incineroar|Fake Out|p1a: uzi\n|-activate|p1a: uzi|move: Protect\n|move|p2a: Chien-Pao|Icicle Crash|p1b: Incineroar\n|-resisted|p1b: Incineroar\n|-damage|p1b: Incineroar|0 fnt\n|faint|p1b: Incineroar\n|\n|upkeep\n|\n|t:|1718954007\n|switch|p1b: Clefairy|Clefairy, L50, F|100\/100\n|turn|10\n|\n|t:|1718954026\n|move|p2a: Chien-Pao|Protect|p2a: Chien-Pao\n|-singleturn|p2a: Chien-Pao|Protect\n|move|p1a: uzi|Calm Mind|p1a: uzi\n|-boost|p1a: uzi|spa|1\n|-boost|p1a: uzi|spd|1\n|move|p2b: Incineroar|Parting Shot|p1a: uzi\n|-unboost|p1a: uzi|atk|1\n|-unboost|p1a: uzi|spa|1\n|\n|t:|1718954034\n|switch|p2b: Gholdengo|Gholdengo, L50|100\/100|[from] Parting Shot\n|move|p1b: Clefairy|Life Dew||[still]|[still]|[spread] \n|-fail|p1a: uzi|heal\n|-fail|p1b: Clefairy|heal\n|\n|upkeep\n|turn|11\n|\n|t:|1718954051\n|move|p1b: Clefairy|Follow Me|p1b: Clefairy\n|-singleturn|p1b: Clefairy|move: Follow Me\n|move|p2a: Chien-Pao|Icicle Crash|p1b: Clefairy\n|-damage|p1b: Clefairy|71\/100\n|move|p1a: uzi|Astral Barrage|p2b: Gholdengo|[spread] p2a,p2b\n|-resisted|p2a: Chien-Pao\n|-crit|p2a: Chien-Pao\n|-supereffective|p2b: Gholdengo\n|-damage|p2a: Chien-Pao|0 fnt\n|-damage|p2b: Gholdengo|3\/100\n|faint|p2a: Chien-Pao\n|-ability|p1a: uzi|Grim Neigh|boost\n|-boost|p1a: uzi|spa|1\n|move|p2b: Gholdengo|Make It Rain|p1a: uzi|[spread] p1a,p1b\n|-supereffective|p1a: uzi\n|-supereffective|p1b: Clefairy\n|-damage|p1a: uzi|70\/100\n|-damage|p1b: Clefairy|0 fnt\n|-unboost|p2b: Gholdengo|spa|1\n|faint|p1b: Clefairy\n|\n|-heal|p2b: Gholdengo|9\/100|[from] item: Leftovers\n|upkeep\n|\n|t:|1718954070\n|switch|p2a: Incineroar|Incineroar, L50, M|45\/100\n|switch|p1b: Annihilape|Annihilape, L50, M|100\/100\n|-ability|p2a: Incineroar|Intimidate|boost\n|-unboost|p1a: uzi|atk|0\n|-unboost|p1b: Annihilape|atk|1\n|-ability|p1b: Annihilape|Defiant|boost\n|-boost|p1b: Annihilape|atk|2\n|turn|12\n|-message|grain cookie forfeited.\n|\n|win|AsukaHikaru\n|raw|AsukaHikaru's rating: 1652 &rarr; <strong>1675<\/strong><br \/>(+23 for winning)\n|raw|grain cookie's rating: 1702 &rarr; <strong>1679<\/strong><br \/>(-23 for losing)\n|l|\u2606grain cookie\n|player|p2|\n|l|\u2606AsukaHikaru\n|player|p1|\n","uploadtime":1718954177,"views":57,"formatid":"gen9vgc2024regg","rating":1675,"private":0,"password":null}