{"id":"gen9vgc2024regg-2147519765","format":"[Gen 9] VGC 2024 Reg G","players":["Therazer456","Krisuerte"],"log":"|j|\u2606Therazer456\n|j|\u2606Krisuerte\n|t:|1718986160\n|gametype|doubles\n|player|p1|Therazer456|ghetsis|1815\n|player|p2|Krisuerte|102|1783\n|teamsize|p1|6\n|teamsize|p2|6\n|gen|9\n|tier|[Gen 9] VGC 2024 Reg G\n|rated|\n|rule|Species Clause: Limit one of each Pok\u00e9mon\n|rule|Item Clause: Limit one of each item\n|clearpoke\n|poke|p1|Calyrex-Ice, L50|\n|poke|p1|Porygon2, L50|\n|poke|p1|Raging Bolt, L50|\n|poke|p1|Incineroar, L50, M|\n|poke|p1|Iron Jugulis, L50|\n|poke|p1|Amoonguss, L50, F|\n|poke|p2|Sinistcha-Masterpiece, L50|\n|poke|p2|Kyogre, L50|\n|poke|p2|Tornadus, L50, M|\n|poke|p2|Urshifu-*, L50, M|\n|poke|p2|Archaludon, L50, M|\n|poke|p2|Landorus, L50, M|\n|teampreview|4\n|inactive|Battle timer is ON: inactive players will automatically lose when time's up. (requested by Krisuerte)\n|\n|t:|1718986222\n|start\n|switch|p1a: Robin|Iron Jugulis, L50, shiny|100\/100\n|switch|p1b: California|Raging Bolt, L50|100\/100\n|switch|p2a: Kyogre|Kyogre, L50|100\/100\n|switch|p2b: Archaludon|Archaludon, L50, M|100\/100\n|-weather|RainDance|[from] ability: Drizzle|[of] p2a: Kyogre\n|-enditem|p1a: Robin|Booster Energy\n|-activate|p1a: Robin|ability: Quark Drive|[fromitem]\n|-start|p1a: Robin|quarkdrivespe\n|turn|1\n|inactive|Krisuerte has 30 seconds left.\n|\n|t:|1718986250\n|move|p1a: Robin|Protect|p1a: Robin\n|-singleturn|p1a: Robin|Protect\n|move|p2a: Kyogre|Ice Beam|p1b: California\n|-supereffective|p1b: California\n|-damage|p1b: California|43\/100\n|move|p2b: Archaludon|Snarl|p1b: California|[spread] p1b\n|-activate|p1a: Robin|move: Protect\n|-damage|p1b: California|35\/100\n|-unboost|p1b: California|spa|1\n|move|p1b: California|Draco Meteor|p2b: Archaludon\n|-damage|p2b: Archaludon|65\/100\n|-unboost|p1b: California|spa|2\n|-ability|p2b: Archaludon|Stamina|boost\n|-boost|p2b: Archaludon|def|1\n|\n|-weather|RainDance|[upkeep]\n|upkeep\n|turn|2\n|inactive|Krisuerte has 30 seconds left.\n|\n|t:|1718986279\n|switch|p2a: Sinistcha|Sinistcha-Masterpiece, L50|100\/100\n|-heal|p2b: Archaludon|90\/100|[from] ability: Hospitality|[of] p2a: Sinistcha\n|-end|p1b: California|Protosynthesis|[silent]\n|switch|p1b: Rosette|Amoonguss, L50, F, shiny|100\/100\n|move|p1a: Robin|Snarl|p2b: Archaludon|[spread] p2a,p2b\n|-supereffective|p2a: Sinistcha\n|-damage|p2a: Sinistcha|67\/100\n|-damage|p2b: Archaludon|75\/100\n|-unboost|p2a: Sinistcha|spa|1\n|-unboost|p2b: Archaludon|spa|1\n|-ability|p2b: Archaludon|Stamina|boost\n|-boost|p2b: Archaludon|def|1\n|move|p2b: Archaludon|Electro Shot||[still]\n|-prepare|p2b: Archaludon|Electro Shot\n|-boost|p2b: Archaludon|spa|1\n|-anim|p2b: Archaludon|Electro Shot|p1a: Robin\n|-supereffective|p1a: Robin\n|-damage|p1a: Robin|3\/100\n|\n|-weather|RainDance|[upkeep]\n|upkeep\n|turn|3\n|inactive|Krisuerte has 30 seconds left.\n|\n|t:|1718986314\n|move|p1a: Robin|Air Slash|p2a: Sinistcha\n|-supereffective|p2a: Sinistcha\n|-damage|p2a: Sinistcha|9\/100\n|move|p2b: Archaludon|Electro Shot||[still]\n|-prepare|p2b: Archaludon|Electro Shot\n|-boost|p2b: Archaludon|spa|1\n|-anim|p2b: Archaludon|Electro Shot|p1a: Robin\n|-supereffective|p1a: Robin\n|-damage|p1a: Robin|0 fnt\n|faint|p1a: Robin\n|-end|p1a: Robin|Quark Drive|[silent]\n|cant|p2a: Sinistcha|flinch\n|move|p1b: Rosette|Spore|p2b: Archaludon\n|-status|p2b: Archaludon|slp|[from] move: Spore\n|\n|-weather|RainDance|[upkeep]\n|upkeep\n|\n|t:|1718986329\n|switch|p1a: Wreath|Calyrex-Ice, L50|100\/100\n|-ability|p1a: Wreath|As One\n|-ability|p1a: Wreath|Unnerve\n|turn|4\n|j| futonkagebunshin\n|\n|t:|1718986344\n|cant|p2b: Archaludon|slp\n|move|p2a: Sinistcha|Life Dew|p2a: Sinistcha|[spread] p2a,p2b\n|-heal|p2a: Sinistcha|35\/100\n|-heal|p2b: Archaludon|99\/100 slp\n|move|p1b: Rosette|Pollen Puff|p2a: Sinistcha\n|-damage|p2a: Sinistcha|17\/100\n|move|p1a: Wreath|Trick Room|p1a: Wreath\n|-fieldstart|move: Trick Room|[of] p1a: Wreath\n|\n|-weather|RainDance|[upkeep]\n|upkeep\n|turn|5\n|\n|t:|1718986364\n|switch|p2a: Urshifu|Urshifu-Rapid-Strike, L50, M|100\/100\n|move|p1b: Rosette|Spore|p2a: Urshifu\n|-status|p2a: Urshifu|slp|[from] move: Spore\n|move|p1a: Wreath|High Horsepower|p2a: Urshifu\n|-damage|p2a: Urshifu|68\/100 slp\n|cant|p2b: Archaludon|slp\n|\n|-weather|none\n|upkeep\n|turn|6\n|\n|t:|1718986380\n|switch|p1a: California|Raging Bolt, L50|35\/100\n|cant|p2a: Urshifu|slp\n|move|p1b: Rosette|Pollen Puff|p1a: California\n|-heal|p1a: California|84\/100\n|cant|p2b: Archaludon|slp\n|\n|upkeep\n|turn|7\n|j| Auryz\n|inactive|Krisuerte has 30 seconds left.\n|\n|t:|1718986406\n|-terastallize|p1a: California|Electric\n|cant|p2a: Urshifu|slp\n|move|p1b: Rosette|Pollen Puff|p1a: California\n|-heal|p1a: California|100\/100\n|move|p1a: California|Thunderbolt|p2a: Urshifu\n|-supereffective|p2a: Urshifu\n|-damage|p2a: Urshifu|0 fnt\n|faint|p2a: Urshifu\n|-curestatus|p2b: Archaludon|slp|[msg]\n|move|p2b: Archaludon|Snarl|p1b: Rosette|[spread] p1a,p1b\n|-crit|p1a: California\n|-damage|p1a: California|83\/100\n|-damage|p1b: Rosette|82\/100\n|-unboost|p1a: California|spa|1\n|\n|upkeep\n|\n|t:|1718986428\n|switch|p2a: Kyogre|Kyogre, L50|100\/100\n|-weather|RainDance|[from] ability: Drizzle|[of] p2a: Kyogre\n|turn|8\n|\n|t:|1718986439\n|move|p1b: Rosette|Spore|p2a: Kyogre\n|-status|p2a: Kyogre|slp|[from] move: Spore\n|move|p1a: California|Thunderbolt|p2a: Kyogre\n|-supereffective|p2a: Kyogre\n|-damage|p2a: Kyogre|48\/100 slp\n|cant|p2a: Kyogre|slp\n|move|p2b: Archaludon|Electro Shot||[still]\n|-prepare|p2b: Archaludon|Electro Shot\n|-boost|p2b: Archaludon|spa|1\n|-anim|p2b: Archaludon|Electro Shot|p1a: California\n|-resisted|p1a: California\n|-damage|p1a: California|59\/100\n|\n|-weather|RainDance|[upkeep]\n|-fieldend|move: Trick Room\n|upkeep\n|turn|9\n|\n|t:|1718986463\n|cant|p2a: Kyogre|slp\n|move|p2b: Archaludon|Snarl|p1a: California|[spread] p1a,p1b\n|-crit|p1a: California\n|-damage|p1a: California|35\/100\n|-damage|p1b: Rosette|58\/100\n|-unboost|p1a: California|spa|1\n|move|p1a: California|Thunderbolt|p2a: Kyogre\n|-supereffective|p2a: Kyogre\n|-damage|p2a: Kyogre|5\/100 slp\n|move|p1b: Rosette|Spore|p2b: Archaludon\n|-status|p2b: Archaludon|slp|[from] move: Spore\n|\n|-weather|RainDance|[upkeep]\n|upkeep\n|turn|10\n|\n|t:|1718986482\n|move|p1a: California|Thunderclap|p2a: Kyogre\n|-supereffective|p2a: Kyogre\n|-damage|p2a: Kyogre|0 fnt\n|faint|p2a: Kyogre\n|cant|p2b: Archaludon|slp\n|move|p1b: Rosette|Pollen Puff|p1a: California\n|-heal|p1a: California|84\/100\n|\n|-weather|RainDance|[upkeep]\n|upkeep\n|\n|t:|1718986493\n|switch|p2a: Sinistcha|Sinistcha-Masterpiece, L50|17\/100\n|-heal|p2b: Archaludon|100\/100 slp|[from] ability: Hospitality|[of] p2a: Sinistcha\n|turn|11\n|\n|t:|1718986500\n|-curestatus|p2b: Archaludon|slp|[msg]\n|move|p2b: Archaludon|Flash Cannon|p1b: Rosette\n|-damage|p1b: Rosette|0 fnt\n|faint|p1b: Rosette\n|move|p1a: California|Draco Meteor|p2a: Sinistcha\n|-damage|p2a: Sinistcha|0 fnt\n|-unboost|p1a: California|spa|2\n|faint|p2a: Sinistcha\n|\n|-weather|RainDance|[upkeep]\n|upkeep\n|\n|t:|1718986507\n|switch|p1b: Wreath|Calyrex-Ice, L50|100\/100\n|-ability|p1b: Wreath|As One\n|-ability|p1b: Wreath|Unnerve\n|turn|12\n|\n|t:|1718986517\n|move|p1b: Wreath|Protect|p1b: Wreath\n|-singleturn|p1b: Wreath|Protect\n|move|p2b: Archaludon|Flash Cannon|p1b: Wreath\n|-activate|p1b: Wreath|move: Protect\n|move|p1a: California|Snarl|p2b: Archaludon\n|-crit|p2b: Archaludon\n|-damage|p2b: Archaludon|75\/100\n|-unboost|p2b: Archaludon|spa|1\n|-ability|p2b: Archaludon|Stamina|boost\n|-boost|p2b: Archaludon|def|1\n|\n|-weather|none\n|upkeep\n|turn|13\n|\n|t:|1718986532\n|move|p2b: Archaludon|Flash Cannon|p1b: Wreath\n|-supereffective|p1b: Wreath\n|-damage|p1b: Wreath|22\/100\n|move|p1a: California|Snarl|p2b: Archaludon\n|-damage|p2b: Archaludon|68\/100\n|-unboost|p2b: Archaludon|spa|1\n|-ability|p2b: Archaludon|Stamina|boost\n|-boost|p2b: Archaludon|def|1\n|move|p1b: Wreath|High Horsepower|p2b: Archaludon|[miss]\n|-miss|p1b: Wreath|p2b: Archaludon\n|\n|upkeep\n|turn|14\n|\n|t:|1718986546\n|move|p2b: Archaludon|Flash Cannon|p1b: Wreath\n|-supereffective|p1b: Wreath\n|-damage|p1b: Wreath|0 fnt\n|faint|p1b: Wreath\n|move|p1a: California|Draco Meteor|p2b: Archaludon\n|-damage|p2b: Archaludon|48\/100\n|-unboost|p1a: California|spa|2\n|-ability|p2b: Archaludon|Stamina|boost\n|-boost|p2b: Archaludon|def|1\n|\n|upkeep\n|turn|15\n|\n|t:|1718986557\n|move|p2b: Archaludon|Body Press|p1a: California\n|-damage|p1a: California|27\/100\n|move|p1a: California|Draco Meteor|p2b: Archaludon\n|-damage|p2b: Archaludon|34\/100\n|-ability|p2b: Archaludon|Stamina|boost\n|-boost|p2b: Archaludon|def|1\n|\n|upkeep\n|turn|16\n|-message|Therazer456 forfeited.\n|\n|win|Krisuerte\n|raw|Therazer456's rating: 1815 &rarr; <strong>1793<\/strong><br \/>(-22 for losing)\n|raw|Krisuerte's rating: 1783 &rarr; <strong>1805<\/strong><br \/>(+22 for winning)\n|l|\u2606Therazer456\n|player|p1|\n|l|\u2606Krisuerte\n|player|p2|\n|l| Auryz\n","uploadtime":1718986780,"views":436,"formatid":"gen9vgc2024regg","rating":1793,"private":0,"password":null}