{"id":"gen9vgc2024regg-2148260022","format":"[Gen 9] VGC 2024 Reg G","players":["funnypinkturtle","Auraen"],"log":"|j|\u2606funnypinkturtle\n|j|\u2606Auraen\n|t:|1719094945\n|gametype|doubles\n|player|p1|funnypinkturtle|li|1681\n|player|p2|Auraen|harlequin|1701\n|teamsize|p1|6\n|teamsize|p2|6\n|gen|9\n|tier|[Gen 9] VGC 2024 Reg G\n|rated|\n|rule|Species Clause: Limit one of each Pok\u00e9mon\n|rule|Item Clause: Limit one of each item\n|clearpoke\n|poke|p1|Moltres-Galar, L50|\n|poke|p1|Zamazenta-*, L50|\n|poke|p1|Swampert, L50, F|\n|poke|p1|Incineroar, L50, F|\n|poke|p1|Amoonguss, L50, F|\n|poke|p1|Flutter Mane, L50|\n|poke|p2|Terapagos, L50, M|\n|poke|p2|Munkidori, L50, M|\n|poke|p2|Incineroar, L50, F|\n|poke|p2|Goodra, L50, M|\n|poke|p2|Sinistcha, L50|\n|poke|p2|Primarina, L50, M|\n|teampreview|4\n|c|\u2606funnypinkturtle|glhf\n|\n|t:|1719095015\n|start\n|switch|p1a: Incineroar|Incineroar, L50, F, shiny|100\/100\n|switch|p1b: Zamazenta|Zamazenta-Crowned, L50, shiny|100\/100\n|switch|p2a: Incineroar|Incineroar, L50, F|100\/100\n|switch|p2b: Terapagos|Terapagos, L50, M|100\/100\n|-activate|p2b: Terapagos|ability: Tera Shift\n|detailschange|p2b: Terapagos|Terapagos-Terastal, L50, M\n|-heal|p2b: Terapagos|100\/100|[silent]\n|-ability|p1b: Zamazenta|Dauntless Shield|boost\n|-boost|p1b: Zamazenta|def|1\n|-ability|p1a: Incineroar|Intimidate|boost\n|-unboost|p2a: Incineroar|atk|1\n|-unboost|p2b: Terapagos|atk|1\n|-ability|p2a: Incineroar|Intimidate|boost\n|-unboost|p1a: Incineroar|atk|1\n|-unboost|p1b: Zamazenta|atk|1\n|turn|1\n|\n|t:|1719095027\n|switch|p2a: Munkidori|Munkidori, L50, M|100\/100\n|move|p1b: Zamazenta|Protect|p1b: Zamazenta\n|-singleturn|p1b: Zamazenta|Protect\n|move|p1a: Incineroar|Knock Off|p2b: Terapagos\n|-activate|p2b: Terapagos|ability: Tera Shell\n|-resisted|p2b: Terapagos\n|-damage|p2b: Terapagos|90\/100\n|-enditem|p2b: Terapagos|Choice Specs|[from] move: Knock Off|[of] p1a: Incineroar\n|move|p2b: Terapagos|Earth Power|p1b: Zamazenta\n|-activate|p1b: Zamazenta|move: Protect\n|\n|upkeep\n|turn|2\n|\n|t:|1719095045\n|move|p2a: Munkidori|Fake Out|p1b: Zamazenta\n|-resisted|p1b: Zamazenta\n|-damage|p1b: Zamazenta|99\/100\n|cant|p1b: Zamazenta|flinch\n|move|p1a: Incineroar|Parting Shot|p2b: Terapagos\n|-unboost|p2b: Terapagos|atk|1\n|-unboost|p2b: Terapagos|spa|1\n|\n|t:|1719095049\n|switch|p1a: Moltres|Moltres-Galar, L50, shiny|100\/100|[from] Parting Shot\n|move|p2b: Terapagos|Earth Power|p1a: Moltres\n|-immune|p1a: Moltres\n|\n|upkeep\n|turn|3\n|\n|t:|1719095058\n|move|p1b: Zamazenta|Iron Defense|p1b: Zamazenta\n|-boost|p1b: Zamazenta|def|2\n|move|p2a: Munkidori|Parting Shot|p1b: Zamazenta\n|-unboost|p1b: Zamazenta|atk|1\n|-unboost|p1b: Zamazenta|spa|1\n|\n|t:|1719095060\n|switch|p2a: Sinistcha|Sinistcha, L50|100\/100|[from] Parting Shot\n|-heal|p2b: Terapagos|100\/100|[from] ability: Hospitality|[of] p2a: Sinistcha\n|move|p1a: Moltres|Fiery Wrath|p2b: Terapagos|[spread] p2a,p2b\n|-supereffective|p2a: Sinistcha\n|-activate|p2b: Terapagos|ability: Tera Shell\n|-resisted|p2b: Terapagos\n|-damage|p2a: Sinistcha|62\/100\n|-damage|p2b: Terapagos|91\/100\n|move|p2b: Terapagos|Earth Power|p1b: Zamazenta\n|-supereffective|p1b: Zamazenta\n|-damage|p1b: Zamazenta|75\/100\n|\n|upkeep\n|turn|4\n|\n|t:|1719095080\n|switch|p2b: Incineroar|Incineroar, L50, F|100\/100\n|-ability|p2b: Incineroar|Intimidate|boost\n|-unboost|p1a: Moltres|atk|1\n|-unboost|p1b: Zamazenta|atk|1\n|-terastallize|p1b: Zamazenta|Grass\n|move|p2a: Sinistcha|Rage Powder|p2a: Sinistcha\n|-singleturn|p2a: Sinistcha|move: Rage Powder\n|move|p1b: Zamazenta|Heavy Slam|p2a: Sinistcha\n|-damage|p2a: Sinistcha|43\/100\n|-damage|p1b: Zamazenta|59\/100|[from] item: Rocky Helmet|[of] p2a: Sinistcha\n|move|p1a: Moltres|Fiery Wrath|p2b: Incineroar|[spread] p2a,p2b\n|-supereffective|p2a: Sinistcha\n|-resisted|p2b: Incineroar\n|-damage|p2a: Sinistcha|2\/100\n|-damage|p2b: Incineroar|91\/100\n|\n|upkeep\n|turn|5\n|\n|t:|1719095099\n|switch|p2a: Terapagos|Terapagos-Terastal, L50, M|91\/100\n|move|p2b: Incineroar|Fake Out|p1b: Zamazenta\n|-damage|p1b: Zamazenta|55\/100\n|cant|p1b: Zamazenta|flinch\n|move|p1a: Moltres|Fiery Wrath|p2b: Incineroar|[spread] p2a,p2b\n|-resisted|p2b: Incineroar\n|-damage|p2a: Terapagos|72\/100\n|-damage|p2b: Incineroar|81\/100\n|\n|upkeep\n|turn|6\n|\n|t:|1719095119\n|switch|p2b: Sinistcha|Sinistcha, L50|2\/100\n|-heal|p2a: Terapagos|97\/100|[from] ability: Hospitality|[of] p2b: Sinistcha\n|-terastallize|p2a: Terapagos|Stellar\n|detailschange|p2a: Terapagos|Terapagos-Stellar, L50, M, tera:Stellar\n|-heal|p2a: Terapagos|98\/100|[silent]\n|move|p1b: Zamazenta|Body Press|p2a: Terapagos\n|-supereffective|p2a: Terapagos\n|-damage|p2a: Terapagos|0 fnt\n|faint|p2a: Terapagos\n|move|p1a: Moltres|Fiery Wrath|p2b: Sinistcha\n|-supereffective|p2b: Sinistcha\n|-damage|p2b: Sinistcha|0 fnt\n|faint|p2b: Sinistcha\n|\n|upkeep\n|-message|Auraen forfeited.\n|\n|win|funnypinkturtle\n|raw|funnypinkturtle's rating: 1681 &rarr; <strong>1702<\/strong><br \/>(+21 for winning)\n|raw|Auraen's rating: 1701 &rarr; <strong>1680<\/strong><br \/>(-21 for losing)\n|l|\u2606Auraen\n|player|p2|\n|l|\u2606funnypinkturtle\n|player|p1|\n","uploadtime":1719095301,"views":19,"formatid":"gen9vgc2024regg","rating":1680,"private":0,"password":null}