{"id":"gen9vgc2024regg-2148638212","format":"[Gen 9] VGC 2024 Reg G","players":["AW020","bwahacough"],"log":"|j|\u2606AW020\n|j|\u2606bwahacough\n|t:|1719159793\n|gametype|doubles\n|player|p1|AW020|2|1652\n|player|p2|bwahacough|medium|1763\n|teamsize|p1|6\n|teamsize|p2|6\n|gen|9\n|tier|[Gen 9] VGC 2024 Reg G\n|rated|\n|rule|Species Clause: Limit one of each Pok\u00e9mon\n|rule|Item Clause: Limit one of each item\n|clearpoke\n|poke|p1|Koraidon, L50|\n|poke|p1|Flutter Mane, L50|\n|poke|p1|Walking Wake, L50|\n|poke|p1|Tornadus, L50, M|\n|poke|p1|Ursaluna-Bloodmoon, L50, M|\n|poke|p1|Bronzong, L50|\n|poke|p2|Lycanroc, L50, M|\n|poke|p2|Tyranitar, L50, M|\n|poke|p2|Indeedee-F, L50, F|\n|poke|p2|Tornadus, L50, M|\n|poke|p2|Calyrex-Shadow, L50|\n|poke|p2|Torkoal, L50, F|\n|teampreview|4\n|inactive|Battle timer is ON: inactive players will automatically lose when time's up. (requested by AW020)\n|inactive|AW020 has 60 seconds left.\n|\n|t:|1719159838\n|start\n|switch|p1a: Tornadus|Tornadus, L50, M|100\/100\n|switch|p1b: Flutter Mane|Flutter Mane, L50|100\/100\n|switch|p2a: Tornadus|Tornadus, L50, M, shiny|100\/100\n|switch|p2b: Calyrex|Calyrex-Shadow, L50|100\/100\n|-ability|p2b: Calyrex|As One\n|-ability|p2b: Calyrex|Unnerve\n|turn|1\n|\n|t:|1719159847\n|-terastallize|p2b: Calyrex|Water\n|-terastallize|p1b: Flutter Mane|Fairy\n|move|p1a: Tornadus|Tailwind|p1a: Tornadus\n|-sidestart|p1: AW020|move: Tailwind\n|move|p2a: Tornadus|Tailwind|p2a: Tornadus\n|-sidestart|p2: bwahacough|move: Tailwind\n|move|p2b: Calyrex|Astral Barrage|p1a: Tornadus|[spread] p1a,p1b\n|-damage|p1a: Tornadus|3\/100\n|-damage|p1b: Flutter Mane|30\/100\n|move|p1b: Flutter Mane|Dazzling Gleam|p2b: Calyrex|[spread] p2a,p2b\n|-damage|p2a: Tornadus|40\/100\n|-damage|p2b: Calyrex|44\/100\n|\n|upkeep\n|turn|2\n|j| FlutterGOAT\n|l| FlutterGOAT\n|inactive|AW020 has 30 seconds left.\n|inactive|AW020 has 20 seconds left.\n|inactive|AW020 has 15 seconds left.\n|inactive|AW020 has 10 seconds left.\n|inactive|AW020 has 5 seconds left.\n|\n|t:|1719159900\n|move|p1a: Tornadus|Sunny Day|p1a: Tornadus\n|-weather|SunnyDay\n|-activate|p1b: Flutter Mane|ability: Protosynthesis\n|-start|p1b: Flutter Mane|protosynthesisspe\n|move|p2a: Tornadus|Taunt|p1a: Tornadus\n|-start|p1a: Tornadus|move: Taunt\n|move|p1b: Flutter Mane|Dazzling Gleam|p2a: Tornadus|[spread] p2a,p2b\n|-damage|p2a: Tornadus|0 fnt\n|-damage|p2b: Calyrex|0 fnt\n|faint|p2a: Tornadus\n|faint|p2b: Calyrex\n|\n|-weather|SunnyDay|[upkeep]\n|upkeep\n|\n|t:|1719159903\n|switch|p2b: Tyranitar|Tyranitar, L50, M|100\/100\n|switch|p2a: Lycanroc|Lycanroc, L50, M|100\/100\n|-weather|Sandstorm|[from] ability: Sand Stream|[of] p2b: Tyranitar\n|-end|p1b: Flutter Mane|Protosynthesis\n|turn|3\n|\n|t:|1719159925\n|switch|p1a: Ursaluna|Ursaluna-Bloodmoon, L50, M|100\/100\n|move|p2a: Lycanroc|Protect|p2a: Lycanroc\n|-singleturn|p2a: Lycanroc|Protect\n|move|p1b: Flutter Mane|Dazzling Gleam|p2b: Tyranitar|[spread] p2b\n|-activate|p2a: Lycanroc|move: Protect\n|-supereffective|p2b: Tyranitar\n|-damage|p2b: Tyranitar|39\/100\n|move|p2b: Tyranitar|Rock Slide|p1a: Ursaluna|[spread] p1a,p1b\n|-resisted|p1a: Ursaluna\n|-damage|p1a: Ursaluna|90\/100\n|-damage|p1b: Flutter Mane|0 fnt\n|faint|p1b: Flutter Mane\n|-end|p1b: Flutter Mane|Protosynthesis|[silent]\n|\n|-weather|Sandstorm|[upkeep]\n|upkeep\n|\n|t:|1719159942\n|switch|p1b: Koraidon|Koraidon, L50|100\/100\n|-weather|SunnyDay|[from] ability: Orichalcum Pulse|[of] p1b: Koraidon\n|-activate|p1b: Koraidon|Orichalcum Pulse|[source]\n|turn|4\n|\n|t:|1719159951\n|move|p1b: Koraidon|Collision Course|p2a: Lycanroc\n|-supereffective|p2a: Lycanroc\n|-enditem|p2a: Lycanroc|Focus Sash\n|-damage|p2a: Lycanroc|1\/100\n|move|p2a: Lycanroc|Close Combat|p1a: Ursaluna\n|-supereffective|p1a: Ursaluna\n|-damage|p1a: Ursaluna|29\/100\n|-unboost|p2a: Lycanroc|def|1\n|-unboost|p2a: Lycanroc|spd|1\n|move|p2b: Tyranitar|Knock Off|p1b: Koraidon\n|-resisted|p1b: Koraidon\n|-damage|p1b: Koraidon|78\/100\n|-enditem|p1b: Koraidon|Clear Amulet|[from] move: Knock Off|[of] p2b: Tyranitar\n|move|p1a: Ursaluna|Earth Power|p2a: Lycanroc\n|-supereffective|p2a: Lycanroc\n|-crit|p2a: Lycanroc\n|-damage|p2a: Lycanroc|0 fnt\n|faint|p2a: Lycanroc\n|\n|-weather|SunnyDay|[upkeep]\n|-sideend|p1: AW020|move: Tailwind\n|-sideend|p2: bwahacough|move: Tailwind\n|upkeep\n|turn|5\n|-message|bwahacough forfeited.\n|\n|win|AW020\n|raw|AW020's rating: 1652 &rarr; <strong>1679<\/strong><br \/>(+27 for winning)\n|raw|bwahacough's rating: 1779 &rarr; <strong>1752<\/strong><br \/>(-27 for losing)\n|l|\u2606bwahacough\n|player|p2|\n","uploadtime":1719160193,"views":42,"formatid":"gen9vgc2024regg","rating":1679,"private":0,"password":null}