{"id":"gen9vgc2024regg-2148974137","format":"[Gen 9] VGC 2024 Reg G","players":["shuijun2\u7535\u9f99\u4fa0","greenlightdmp"],"log":"|j|\u2606shuijun2\u7535\u9f99\u4fa0\n|j|\u2606greenlightdmp\n|t:|1719204449\n|gametype|doubles\n|player|p1|shuijun2\u7535\u9f99\u4fa0|iono|1658\n|player|p2|greenlightdmp|266|1696\n|teamsize|p1|6\n|teamsize|p2|6\n|gen|9\n|tier|[Gen 9] VGC 2024 Reg G\n|rated|\n|rule|Species Clause: Limit one of each Pok\u00e9mon\n|rule|Item Clause: Limit one of each item\n|clearpoke\n|poke|p1|Armarouge, L50, M|\n|poke|p1|Zamazenta-*, L50|\n|poke|p1|Indeedee, L50, M|\n|poke|p1|Maushold, L50|\n|poke|p1|Roaring Moon, L50|\n|poke|p1|Iron Treads, L50|\n|poke|p2|Lunala, L50|\n|poke|p2|Incineroar, L50, F|\n|poke|p2|Rillaboom, L50, F|\n|poke|p2|Comfey, L50, F|\n|poke|p2|Urshifu-*, L50, F|\n|poke|p2|Ursaluna, L50, M|\n|teampreview|4\n|j| Satansinlaw\n|j| iajsbsnjaja\n|\n|t:|1719204520\n|start\n|switch|p1a: Maushold|Maushold, L50|100\/100\n|switch|p1b: Iron Treads|Iron Treads, L50|100\/100\n|switch|p2a: Lunala|Lunala, L50|100\/100\n|switch|p2b: Incineroar|Incineroar, L50, F|100\/100\n|-ability|p2b: Incineroar|Intimidate|boost\n|-unboost|p1a: Maushold|atk|1\n|-unboost|p1b: Iron Treads|atk|1\n|turn|1\n|j| bluestraggler01\n|\n|t:|1719204549\n|move|p1a: Maushold|Taunt|p2a: Lunala\n|-start|p2a: Lunala|move: Taunt\n|move|p1b: Iron Treads|High Horsepower|p2b: Incineroar\n|-supereffective|p2b: Incineroar\n|-damage|p2b: Incineroar|44\/100\n|cant|p2a: Lunala|move: Taunt|Calm Mind\n|move|p2b: Incineroar|Flare Blitz|p1a: Maushold\n|-damage|p1a: Maushold|35\/100\n|-damage|p2b: Incineroar|28\/100|[from] Recoil\n|\n|upkeep\n|turn|2\n|\n|t:|1719204581\n|move|p1a: Maushold|Population Bomb|p2b: Incineroar\n|-damage|p2b: Incineroar|20\/100\n|-damage|p2b: Incineroar|14\/100\n|-damage|p2b: Incineroar|7\/100\n|-damage|p2b: Incineroar|0 fnt\n|faint|p2b: Incineroar\n|-hitcount|p2: Incineroar|4\n|move|p1b: Iron Treads|Iron Head|p2a: Lunala\n|-damage|p2a: Lunala|90\/100\n|move|p2a: Lunala|Moonblast|p1a: Maushold\n|-damage|p1a: Maushold|0 fnt\n|faint|p1a: Maushold\n|\n|-heal|p2a: Lunala|96\/100|[from] item: Leftovers\n|upkeep\n|\n|t:|1719204597\n|switch|p1a: Roaring Moon|Roaring Moon, L50|100\/100\n|switch|p2b: Comfey|Comfey, L50, F|100\/100\n|-enditem|p1a: Roaring Moon|Booster Energy\n|-activate|p1a: Roaring Moon|ability: Protosynthesis|[fromitem]\n|-start|p1a: Roaring Moon|protosynthesisspe\n|turn|3\n|\n|t:|1719204627\n|-end|p1a: Roaring Moon|Protosynthesis|[silent]\n|switch|p1a: Zamazenta|Zamazenta-Crowned, L50|100\/100\n|-ability|p1a: Zamazenta|Dauntless Shield|boost\n|-boost|p1a: Zamazenta|def|1\n|-terastallize|p2a: Lunala|Fairy\n|move|p2b: Comfey|Protect|p2b: Comfey\n|-singleturn|p2b: Comfey|Protect\n|move|p1b: Iron Treads|Iron Head|p2b: Comfey\n|-activate|p2b: Comfey|move: Protect\n|move|p2a: Lunala|Moonblast|p1a: Zamazenta\n|-damage|p1a: Zamazenta|64\/100\n|-unboost|p1a: Zamazenta|spa|1\n|\n|-heal|p2a: Lunala|100\/100|[from] item: Leftovers\n|-end|p2a: Lunala|move: Taunt\n|upkeep\n|turn|4\n|\n|t:|1719204644\n|switch|p2b: Rillaboom|Rillaboom, L50, F|100\/100\n|-fieldstart|move: Grassy Terrain|[from] ability: Grassy Surge|[of] p2b: Rillaboom\n|move|p2a: Lunala|Protect|p2a: Lunala\n|-singleturn|p2a: Lunala|Protect\n|move|p1a: Zamazenta|Howl|p1a: Zamazenta|[spread] p1a,p1b\n|-boost|p1a: Zamazenta|atk|1\n|-boost|p1b: Iron Treads|atk|1\n|move|p1b: Iron Treads|Iron Head|p2b: Rillaboom\n|-damage|p2b: Rillaboom|65\/100\n|\n|-heal|p1a: Zamazenta|70\/100|[from] Grassy Terrain\n|-heal|p2b: Rillaboom|71\/100|[from] Grassy Terrain\n|upkeep\n|turn|5\n|\n|t:|1719204673\n|move|p2b: Rillaboom|Fake Out|p1a: Zamazenta\n|-resisted|p1a: Zamazenta\n|-damage|p1a: Zamazenta|67\/100\n|cant|p1a: Zamazenta|flinch\n|move|p1b: Iron Treads|Iron Head|p2a: Lunala\n|-supereffective|p2a: Lunala\n|-damage|p2a: Lunala|69\/100\n|cant|p2a: Lunala|flinch\n|\n|-heal|p1a: Zamazenta|73\/100|[from] Grassy Terrain\n|-heal|p2a: Lunala|75\/100|[from] Grassy Terrain\n|-heal|p2a: Lunala|81\/100|[from] item: Leftovers\n|-heal|p2b: Rillaboom|77\/100|[from] Grassy Terrain\n|upkeep\n|turn|6\n|-message|greenlightdmp forfeited.\n|\n|win|shuijun2\u7535\u9f99\u4fa0\n|raw|shuijun2\u7535\u9f99\u4fa0's rating: 1658 &rarr; <strong>1680<\/strong><br \/>(+22 for winning)\n|raw|greenlightdmp's rating: 1696 &rarr; <strong>1674<\/strong><br \/>(-22 for losing)\n|l|\u2606greenlightdmp\n|player|p2|\n|l|\u2606shuijun2\u7535\u9f99\u4fa0\n|player|p1|\n|l| Satansinlaw\n|l| iajsbsnjaja\n","uploadtime":1719204863,"views":26,"formatid":"gen9vgc2024regg","rating":1674,"private":0,"password":null}