{"id":"gen9vgc2024regg-2148395296","format":"[Gen 9] VGC 2024 Reg G","players":["rusl","DillPical"],"log":"|j|\u2606rusl\n|j|\u2606DillPical\n|t:|1719117159\n|gametype|doubles\n|player|p1|rusl|palmer|1721\n|player|p2|DillPical|170|1725\n|teamsize|p1|6\n|teamsize|p2|6\n|gen|9\n|tier|[Gen 9] VGC 2024 Reg G\n|rated|\n|rule|Species Clause: Limit one of each Pok\u00e9mon\n|rule|Item Clause: Limit one of each item\n|clearpoke\n|poke|p1|Kyogre, L50|\n|poke|p1|Archaludon, L50, M|\n|poke|p1|Comfey, L50, F|\n|poke|p1|Tsareena, L50, F|\n|poke|p1|Rillaboom, L50, F|\n|poke|p1|Overqwil, L50, F|\n|poke|p2|Kyogre, L50|\n|poke|p2|Urshifu-*, L50, F|\n|poke|p2|Farigiraf, L50, F|\n|poke|p2|Rillaboom, L50, F|\n|poke|p2|Tornadus, L50, M|\n|poke|p2|Landorus, L50, M|\n|teampreview|4\n|\n|t:|1719117197\n|start\n|switch|p1a: Tsareena|Tsareena, L50, F|100\/100\n|switch|p1b: Archaludon|Archaludon, L50, M|100\/100\n|switch|p2a: Tornadus|Tornadus, L50, M|100\/100\n|switch|p2b: Kyogre|Kyogre, L50|100\/100\n|-weather|RainDance|[from] ability: Drizzle|[of] p2b: Kyogre\n|turn|1\n|\n|t:|1719117215\n|-terastallize|p2b: Kyogre|Water\n|move|p2b: Kyogre|Water Spout|p1a: Tsareena|[spread] p1a,p1b\n|-resisted|p1a: Tsareena\n|-crit|p1a: Tsareena\n|-resisted|p1b: Archaludon\n|-damage|p1a: Tsareena|11\/100\n|-damage|p1b: Archaludon|65\/100\n|-ability|p1b: Archaludon|Stamina|boost\n|-boost|p1b: Archaludon|def|1\n|move|p2a: Tornadus|Bleakwind Storm|p1b: Archaludon|[spread] p1a,p1b\n|-supereffective|p1a: Tsareena\n|-resisted|p1b: Archaludon\n|-damage|p1a: Tsareena|0 fnt\n|-damage|p1b: Archaludon|57\/100\n|-unboost|p1b: Archaludon|spe|1\n|-ability|p1b: Archaludon|Stamina|boost\n|-boost|p1b: Archaludon|def|1\n|faint|p1a: Tsareena\n|move|p1b: Archaludon|Electro Shot||[still]\n|-prepare|p1b: Archaludon|Electro Shot\n|-boost|p1b: Archaludon|spa|1\n|-anim|p1b: Archaludon|Electro Shot|p2b: Kyogre\n|-supereffective|p2b: Kyogre\n|-damage|p2b: Kyogre|19\/100\n|\n|-weather|RainDance|[upkeep]\n|upkeep\n|\n|t:|1719117235\n|switch|p1a: Comfey|Comfey, L50, F|100\/100\n|turn|2\n|\n|t:|1719117250\n|switch|p2b: Landorus|Landorus, L50, M|100\/100\n|switch|p2a: Farigiraf|Farigiraf, L50, F|100\/100\n|move|p1a: Comfey|Floral Healing|p1b: Archaludon\n|-heal|p1b: Archaludon|100\/100\n|move|p1b: Archaludon|Electro Shot||[still]\n|-prepare|p1b: Archaludon|Electro Shot\n|-boost|p1b: Archaludon|spa|1\n|-anim|p1b: Archaludon|Electro Shot|p2a: Farigiraf\n|-damage|p2a: Farigiraf|41\/100\n|\n|-weather|RainDance|[upkeep]\n|upkeep\n|turn|3\n|\n|t:|1719117271\n|-terastallize|p1b: Archaludon|Bug\n|move|p2a: Farigiraf|Helping Hand|p2b: Landorus\n|-singleturn|p2b: Landorus|Helping Hand|[of] p2a: Farigiraf\n|move|p2b: Landorus|Sandsear Storm|p1a: Comfey|[spread] p1a,p1b\n|-resisted|p1b: Archaludon\n|-damage|p1a: Comfey|16\/100\n|-damage|p1b: Archaludon|73\/100\n|-ability|p1b: Archaludon|Stamina|boost\n|-boost|p1b: Archaludon|def|1\n|move|p1b: Archaludon|Electro Shot||[still]\n|-prepare|p1b: Archaludon|Electro Shot\n|-boost|p1b: Archaludon|spa|1\n|-anim|p1b: Archaludon|Electro Shot|p2a: Farigiraf\n|-damage|p2a: Farigiraf|0 fnt\n|faint|p2a: Farigiraf\n|move|p1a: Comfey|Trick Room|p1a: Comfey\n|-fieldstart|move: Trick Room|[of] p1a: Comfey\n|\n|-weather|RainDance|[upkeep]\n|-heal|p1a: Comfey|22\/100|[from] item: Leftovers\n|upkeep\n|\n|t:|1719117287\n|switch|p2a: Tornadus|Tornadus, L50, M|100\/100\n|turn|4\n|\n|t:|1719117297\n|move|p1a: Comfey|Protect|p1a: Comfey\n|-singleturn|p1a: Comfey|Protect\n|move|p1b: Archaludon|Electro Shot||[still]\n|-prepare|p1b: Archaludon|Electro Shot\n|-boost|p1b: Archaludon|spa|1\n|-anim|p1b: Archaludon|Electro Shot|p2a: Tornadus\n|-supereffective|p2a: Tornadus\n|-crit|p2a: Tornadus\n|-damage|p2a: Tornadus|0 fnt\n|faint|p2a: Tornadus\n|move|p2b: Landorus|Sandsear Storm|p1b: Archaludon|[spread] p1b\n|-activate|p1a: Comfey|move: Protect\n|-resisted|p1b: Archaludon\n|-crit|p1b: Archaludon\n|-damage|p1b: Archaludon|48\/100\n|-ability|p1b: Archaludon|Stamina|boost\n|-boost|p1b: Archaludon|def|1\n|\n|-weather|RainDance|[upkeep]\n|-heal|p1a: Comfey|28\/100|[from] item: Leftovers\n|upkeep\n|\n|t:|1719117304\n|switch|p2a: Kyogre|Kyogre, L50, tera:Water|19\/100\n|turn|5\n|j| battlerealm\n|\n|t:|1719117320\n|move|p1a: Comfey|Floral Healing|p1b: Archaludon\n|-heal|p1b: Archaludon|98\/100\n|move|p1b: Archaludon|Draco Meteor|p2b: Landorus\n|-damage|p2b: Landorus|0 fnt\n|-unboost|p1b: Archaludon|spa|2\n|faint|p2b: Landorus\n|move|p2a: Kyogre|Origin Pulse|p1b: Archaludon|[spread] p1a,p1b\n|-crit|p1a: Comfey\n|-damage|p1a: Comfey|0 fnt\n|-damage|p1b: Archaludon|48\/100\n|-ability|p1b: Archaludon|Stamina|boost\n|-boost|p1b: Archaludon|def|1\n|faint|p1a: Comfey\n|\n|-weather|none\n|upkeep\n|\n|t:|1719117333\n|switch|p1a: Kyogre|Kyogre, L50|100\/100\n|-weather|RainDance|[from] ability: Drizzle|[of] p1a: Kyogre\n|turn|6\n|-message|DillPical forfeited.\n|\n|win|rusl\n|raw|rusl's rating: 1721 &rarr; <strong>1741<\/strong><br \/>(+20 for winning)\n|raw|DillPical's rating: 1725 &rarr; <strong>1705<\/strong><br \/>(-20 for losing)\n|l|\u2606DillPical\n|player|p2|\n|l|\u2606rusl\n|player|p1|\n|l| battlerealm\n","uploadtime":1719117489,"views":14,"formatid":"gen9vgc2024regg","rating":1705,"private":0,"password":null}