{"id":"gen9vgc2024regg-2148862393","format":"[Gen 9] VGC 2024 Reg G","players":["waiseng","Icewing96"],"log":"|j|\u2606waiseng\n|j|\u2606Icewing96\n|t:|1719187990\n|gametype|doubles\n|player|p1|waiseng|170|1706\n|player|p2|Icewing96|shadowtriad|1765\n|teamsize|p1|6\n|teamsize|p2|6\n|gen|9\n|tier|[Gen 9] VGC 2024 Reg G\n|rated|\n|rule|Species Clause: Limit one of each Pok\u00e9mon\n|rule|Item Clause: Limit one of each item\n|clearpoke\n|poke|p1|Chandelure, L50, F|\n|poke|p1|Chien-Pao, L50|\n|poke|p1|Flutter Mane, L50|\n|poke|p1|Moltres-Galar, L50|\n|poke|p1|Rillaboom, L50, M|\n|poke|p1|Zamazenta-*, L50|\n|poke|p2|Miraidon, L50|\n|poke|p2|Urshifu-*, L50, F|\n|poke|p2|Chi-Yu, L50|\n|poke|p2|Whimsicott, L50, F|\n|poke|p2|Farigiraf, L50, M|\n|poke|p2|Iron Hands, L50|\n|teampreview|4\n|inactive|Battle timer is ON: inactive players will automatically lose when time's up. (requested by Icewing96)\n|inactive|waiseng has 60 seconds left.\n|\n|t:|1719188025\n|start\n|switch|p1a: Flutter Mane|Flutter Mane, L50|100\/100\n|switch|p1b: Zamazenta|Zamazenta-Crowned, L50|100\/100\n|switch|p2a: Miraidon|Miraidon, L50|100\/100\n|switch|p2b: Whimsicott|Whimsicott, L50, F|100\/100\n|-fieldstart|move: Electric Terrain|[from] ability: Hadron Engine|[of] p2a: Miraidon\n|-ability|p1b: Zamazenta|Dauntless Shield|boost\n|-boost|p1b: Zamazenta|def|1\n|-enditem|p1a: Flutter Mane|Booster Energy\n|-activate|p1a: Flutter Mane|ability: Protosynthesis|[fromitem]\n|-start|p1a: Flutter Mane|protosynthesisspe\n|turn|1\n|inactive|waiseng has 30 seconds left.\n|inactive|Icewing96 has 30 seconds left.\n|\n|t:|1719188057\n|-terastallize|p2a: Miraidon|Electric\n|move|p2b: Whimsicott|Tailwind|p2b: Whimsicott\n|-sidestart|p2: Icewing96|move: Tailwind\n|move|p2a: Miraidon|Volt Switch|p1a: Flutter Mane\n|-damage|p1a: Flutter Mane|0 fnt\n|faint|p1a: Flutter Mane\n|-end|p1a: Flutter Mane|Protosynthesis|[silent]\n|\n|t:|1719188064\n|switch|p2a: Iron Hands|Iron Hands, L50|100\/100|[from] Volt Switch\n|-activate|p2a: Iron Hands|ability: Quark Drive\n|-start|p2a: Iron Hands|quarkdriveatk\n|move|p1b: Zamazenta|Heavy Slam|p2b: Whimsicott\n|-supereffective|p2b: Whimsicott\n|-damage|p2b: Whimsicott|0 fnt\n|faint|p2b: Whimsicott\n|\n|upkeep\n|inactive|waiseng has 30 seconds left.\n|\n|t:|1719188093\n|switch|p1a: Chandelure|Chandelure, L50, F|100\/100\n|switch|p2b: Urshifu|Urshifu, L50, F|100\/100\n|turn|2\n|inactive|waiseng has 30 seconds left.\n|\n|t:|1719188120\n|-terastallize|p1a: Chandelure|Grass\n|move|p2b: Urshifu|Wicked Blow|p1a: Chandelure\n|-crit|p1a: Chandelure\n|-damage|p1a: Chandelure|34\/100\n|move|p1b: Zamazenta|Body Press|p2b: Urshifu\n|-supereffective|p2b: Urshifu\n|-enditem|p2b: Urshifu|Focus Sash\n|-damage|p2b: Urshifu|1\/100\n|move|p2a: Iron Hands|Wild Charge|p1a: Chandelure\n|-resisted|p1a: Chandelure\n|-damage|p1a: Chandelure|0 fnt\n|faint|p1a: Chandelure\n|-damage|p2a: Iron Hands|95\/100|[from] Recoil\n|\n|upkeep\n|\n|t:|1719188136\n|switch|p1a: Chien-Pao|Chien-Pao, L50|100\/100\n|-ability|p1a: Chien-Pao|Sword of Ruin\n|turn|3\n|\n|t:|1719188151\n|move|p2b: Urshifu|Sucker Punch|p1a: Chien-Pao\n|-resisted|p1a: Chien-Pao\n|-damage|p1a: Chien-Pao|77\/100\n|move|p1a: Chien-Pao|Icicle Crash|p2a: Iron Hands\n|-damage|p2a: Iron Hands|54\/100\n|move|p1b: Zamazenta|Body Press|p2a: Iron Hands\n|-damage|p2a: Iron Hands|0 fnt\n|faint|p2a: Iron Hands\n|-end|p2a: Iron Hands|Quark Drive|[silent]\n|\n|upkeep\n|\n|t:|1719188157\n|switch|p2a: Miraidon|Miraidon, L50, tera:Electric|100\/100\n|-activate|p2a: Miraidon|ability: Hadron Engine\n|turn|4\n|\n|t:|1719188177\n|move|p1b: Zamazenta|Protect|p1b: Zamazenta\n|-singleturn|p1b: Zamazenta|Protect\n|move|p1a: Chien-Pao|Sucker Punch|p2b: Urshifu\n|-resisted|p2b: Urshifu\n|-damage|p2b: Urshifu|0 fnt\n|faint|p2b: Urshifu\n|move|p2a: Miraidon|Electro Drift|p1a: Chien-Pao\n|-damage|p1a: Chien-Pao|0 fnt\n|faint|p1a: Chien-Pao\n|\n|-sideend|p2: Icewing96|move: Tailwind\n|upkeep\n|turn|5\n|\n|t:|1719188197\n|move|p2a: Miraidon|Electro Drift|p1b: Zamazenta\n|-damage|p1b: Zamazenta|0 fnt\n|faint|p1b: Zamazenta\n|\n|win|Icewing96\n|raw|waiseng's rating: 1706 &rarr; <strong>1689<\/strong><br \/>(-17 for losing)\n|raw|Icewing96's rating: 1765 &rarr; <strong>1782<\/strong><br \/>(+17 for winning)\n|l|\u2606waiseng\n|player|p1|\n|l|\u2606Icewing96\n|player|p2|\n","uploadtime":1719188353,"views":35,"formatid":"gen9vgc2024regg","rating":1689,"private":0,"password":null}