{"id":"gen9vgc2024regg-2148647565","format":"[Gen 9] VGC 2024 Reg G","players":["dinokitae","bwahacough"],"log":"|j|\u2606dinokitae\n|j|\u2606bwahacough\n|t:|1719160947\n|gametype|doubles\n|player|p1|dinokitae|officeworker|1726\n|player|p2|bwahacough|medium|1729\n|teamsize|p1|6\n|teamsize|p2|6\n|gen|9\n|tier|[Gen 9] VGC 2024 Reg G\n|rated|\n|rule|Species Clause: Limit one of each Pok\u00e9mon\n|rule|Item Clause: Limit one of each item\n|clearpoke\n|poke|p1|Torterra, L50, M|\n|poke|p1|Iron Bundle, L50|\n|poke|p1|Chi-Yu, L50|\n|poke|p1|Farigiraf, L50, F|\n|poke|p1|Terapagos, L50, M|\n|poke|p1|Whimsicott, L50, M|\n|poke|p2|Lycanroc, L50, M|\n|poke|p2|Tyranitar, L50, M|\n|poke|p2|Indeedee-F, L50, F|\n|poke|p2|Tornadus, L50, M|\n|poke|p2|Calyrex-Shadow, L50|\n|poke|p2|Torkoal, L50, F|\n|teampreview|4\n|inactive|Battle timer is ON: inactive players will automatically lose when time's up. (requested by dinokitae)\n|j| bluestraggler01\n|\n|t:|1719160971\n|start\n|switch|p1a: \ud1a0\ub300\ubd80\uae30|Torterra, L50, M|100\/100\n|switch|p1b: \ud0a4\ud0a4\ub9c1|Farigiraf, L50, F|100\/100\n|switch|p2a: Lycanroc|Lycanroc, L50, M|100\/100\n|switch|p2b: Tyranitar|Tyranitar, L50, M|100\/100\n|-weather|Sandstorm|[from] ability: Sand Stream|[of] p2b: Tyranitar\n|turn|1\n|\n|t:|1719160985\n|move|p2a: Lycanroc|Rock Slide|p1b: \ud0a4\ud0a4\ub9c1|[spread] p1a,p1b\n|-resisted|p1a: \ud1a0\ub300\ubd80\uae30\n|-damage|p1a: \ud1a0\ub300\ubd80\uae30|89\/100\n|-damage|p1b: \ud0a4\ud0a4\ub9c1|79\/100\n|move|p2b: Tyranitar|Knock Off|p1b: \ud0a4\ud0a4\ub9c1\n|-supereffective|p1b: \ud0a4\ud0a4\ub9c1\n|-damage|p1b: \ud0a4\ud0a4\ub9c1|3\/100\n|-damage|p2b: Tyranitar|84\/100|[from] item: Rocky Helmet|[of] p1b: \ud0a4\ud0a4\ub9c1\n|-enditem|p1b: \ud0a4\ud0a4\ub9c1|Rocky Helmet|[from] move: Knock Off|[of] p2b: Tyranitar\n|cant|p1b: \ud0a4\ud0a4\ub9c1|flinch\n|cant|p1a: \ud1a0\ub300\ubd80\uae30|flinch\n|\n|-weather|Sandstorm|[upkeep]\n|-damage|p1b: \ud0a4\ud0a4\ub9c1|0 fnt|[from] Sandstorm\n|faint|p1b: \ud0a4\ud0a4\ub9c1\n|upkeep\n|l| bluestraggler01\n|inactive|dinokitae has 30 seconds left.\n|j| bluestraggler01\n|\n|t:|1719161012\n|switch|p1b: \ud14c\ub77c\ud30c\uace0\uc2a4|Terapagos, L50, M|100\/100\n|-activate|p1b: \ud14c\ub77c\ud30c\uace0\uc2a4|ability: Tera Shift\n|detailschange|p1b: \ud14c\ub77c\ud30c\uace0\uc2a4|Terapagos-Terastal, L50, M\n|-heal|p1b: \ud14c\ub77c\ud30c\uace0\uc2a4|100\/100|[silent]\n|turn|2\n|\n|t:|1719161020\n|-terastallize|p1b: \ud14c\ub77c\ud30c\uace0\uc2a4|Stellar\n|detailschange|p1b: \ud14c\ub77c\ud30c\uace0\uc2a4|Terapagos-Stellar, L50, M, tera:Stellar\n|-heal|p1b: \ud14c\ub77c\ud30c\uace0\uc2a4|100\/100|[silent]\n|-ability|p1b: \ud14c\ub77c\ud30c\uace0\uc2a4|Teraform Zero\n|-weather|none\n|move|p2a: Lycanroc|Rock Slide|p1b: \ud14c\ub77c\ud30c\uace0\uc2a4|[spread] p1a,p1b\n|-resisted|p1a: \ud1a0\ub300\ubd80\uae30\n|-damage|p1a: \ud1a0\ub300\ubd80\uae30|76\/100\n|-damage|p1b: \ud14c\ub77c\ud30c\uace0\uc2a4|83\/100\n|move|p1b: \ud14c\ub77c\ud30c\uace0\uc2a4|Tera Starstorm|p2a: Lycanroc|[spread] p2a,p2b\n|-damage|p2a: Lycanroc|7\/100\n|-damage|p2b: Tyranitar|38\/100\n|move|p2b: Tyranitar|Knock Off|p1b: \ud14c\ub77c\ud30c\uace0\uc2a4\n|-damage|p1b: \ud14c\ub77c\ud30c\uace0\uc2a4|50\/100\n|-enditem|p1b: \ud14c\ub77c\ud30c\uace0\uc2a4|Choice Specs|[from] move: Knock Off|[of] p2b: Tyranitar\n|move|p1a: \ud1a0\ub300\ubd80\uae30|Bullet Seed|p2a: Lycanroc\n|-supereffective|p2a: Lycanroc\n|-damage|p2a: Lycanroc|0 fnt\n|faint|p2a: Lycanroc\n|-hitcount|p2: Lycanroc|1\n|\n|upkeep\n|\n|t:|1719161022\n|switch|p2a: Calyrex|Calyrex-Shadow, L50|100\/100\n|-ability|p2a: Calyrex|As One\n|-ability|p2a: Calyrex|Unnerve\n|turn|3\n|j| FlutterGOAT\n|\n|t:|1719161049\n|switch|p2b: Indeedee|Indeedee-F, L50, F, shiny|100\/100\n|-fieldstart|move: Psychic Terrain|[from] ability: Psychic Surge|[of] p2b: Indeedee\n|move|p1a: \ud1a0\ub300\ubd80\uae30|Wide Guard|p1a: \ud1a0\ub300\ubd80\uae30\n|-singleturn|p1a: \ud1a0\ub300\ubd80\uae30|Wide Guard\n|move|p2a: Calyrex|Expanding Force|p1a: \ud1a0\ub300\ubd80\uae30|[spread] \n|-activate|p1a: \ud1a0\ub300\ubd80\uae30|move: Wide Guard\n|-activate|p1b: \ud14c\ub77c\ud30c\uace0\uc2a4|move: Wide Guard\n|move|p1b: \ud14c\ub77c\ud30c\uace0\uc2a4|Tera Starstorm|p2a: Calyrex|[spread] p2a,p2b\n|-damage|p2a: Calyrex|59\/100\n|-damage|p2b: Indeedee|64\/100\n|\n|upkeep\n|turn|4\n|\n|t:|1719161062\n|switch|p2a: Tyranitar|Tyranitar, L50, M|38\/100\n|-weather|Sandstorm|[from] ability: Sand Stream|[of] p2a: Tyranitar\n|switch|p1b: \uc5d8\ud48d|Whimsicott, L50, M|100\/100\n|move|p1a: \ud1a0\ub300\ubd80\uae30|Wide Guard|p1a: \ud1a0\ub300\ubd80\uae30\n|-singleturn|p1a: \ud1a0\ub300\ubd80\uae30|Wide Guard\n|move|p2b: Indeedee|Psychic|p1a: \ud1a0\ub300\ubd80\uae30\n|-damage|p1a: \ud1a0\ub300\ubd80\uae30|36\/100\n|\n|-weather|Sandstorm|[upkeep]\n|-damage|p1b: \uc5d8\ud48d|95\/100|[from] Sandstorm\n|-damage|p2b: Indeedee|58\/100|[from] Sandstorm\n|upkeep\n|turn|5\n|\n|t:|1719161078\n|-terastallize|p2a: Tyranitar|Grass\n|move|p1b: \uc5d8\ud48d|Tailwind|p1b: \uc5d8\ud48d\n|-sidestart|p1: dinokitae|move: Tailwind\n|move|p1a: \ud1a0\ub300\ubd80\uae30|Bullet Seed|p2a: Tyranitar\n|-resisted|p2a: Tyranitar\n|-damage|p2a: Tyranitar|34\/100\n|-resisted|p2a: Tyranitar\n|-damage|p2a: Tyranitar|29\/100\n|-resisted|p2a: Tyranitar\n|-damage|p2a: Tyranitar|24\/100\n|-resisted|p2a: Tyranitar\n|-damage|p2a: Tyranitar|20\/100\n|-resisted|p2a: Tyranitar\n|-damage|p2a: Tyranitar|15\/100\n|-hitcount|p2a: Tyranitar|5\n|move|p2a: Tyranitar|Tera Blast|p1a: \ud1a0\ub300\ubd80\uae30|[anim] Tera Blast Grass\n|-damage|p1a: \ud1a0\ub300\ubd80\uae30|0 fnt\n|faint|p1a: \ud1a0\ub300\ubd80\uae30\n|move|p2b: Indeedee|Trick Room|p2b: Indeedee\n|-fieldstart|move: Trick Room|[of] p2b: Indeedee\n|\n|-weather|Sandstorm|[upkeep]\n|-damage|p2a: Tyranitar|9\/100|[from] Sandstorm\n|-damage|p2b: Indeedee|52\/100|[from] Sandstorm\n|-damage|p1b: \uc5d8\ud48d|89\/100|[from] Sandstorm\n|upkeep\n|\n|t:|1719161082\n|switch|p1a: \ud14c\ub77c\ud30c\uace0\uc2a4|Terapagos-Stellar, L50, M, tera:Stellar|50\/100\n|turn|6\n|\n|t:|1719161088\n|move|p2a: Tyranitar|Tera Blast|p1a: \ud14c\ub77c\ud30c\uace0\uc2a4|[anim] Tera Blast Grass\n|-damage|p1a: \ud14c\ub77c\ud30c\uace0\uc2a4|25\/100\n|move|p2b: Indeedee|Psychic|p1a: \ud14c\ub77c\ud30c\uace0\uc2a4\n|-damage|p1a: \ud14c\ub77c\ud30c\uace0\uc2a4|0 fnt\n|faint|p1a: \ud14c\ub77c\ud30c\uace0\uc2a4\n|move|p1b: \uc5d8\ud48d|Moonblast|p2a: Tyranitar\n|-damage|p2a: Tyranitar|0 fnt\n|faint|p2a: Tyranitar\n|\n|-weather|Sandstorm|[upkeep]\n|-damage|p2b: Indeedee|46\/100|[from] Sandstorm\n|-damage|p1b: \uc5d8\ud48d|83\/100|[from] Sandstorm\n|-enditem|p2b: Indeedee|Sitrus Berry|[eat]\n|-heal|p2b: Indeedee|71\/100|[from] item: Sitrus Berry\n|upkeep\n|\n|t:|1719161090\n|switch|p2a: Calyrex|Calyrex-Shadow, L50|59\/100\n|-ability|p2a: Calyrex|As One\n|-ability|p2a: Calyrex|Unnerve\n|turn|7\n|-message|dinokitae forfeited.\n|\n|win|bwahacough\n|raw|dinokitae's rating: 1726 &rarr; <strong>1707<\/strong><br \/>(-19 for losing)\n|raw|bwahacough's rating: 1742 &rarr; <strong>1761<\/strong><br \/>(+19 for winning)\n|l|\u2606dinokitae\n|player|p1|\n|l|\u2606bwahacough\n|player|p2|\n|l| FlutterGOAT\n|l| bluestraggler01\n","uploadtime":1719161362,"views":77,"formatid":"gen9vgc2024regg","rating":1707,"private":0,"password":null}