{"id":"gen9vgc2024regg-2148722647","format":"[Gen 9] VGC 2024 Reg G","players":["dathluke2","dinokitae"],"log":"|j|\u2606dathluke2\n|j|\u2606dinokitae\n|t:|1719169977\n|gametype|doubles\n|player|p1|dathluke2|pokekid|1757\n|player|p2|dinokitae|officeworker|1722\n|teamsize|p1|6\n|teamsize|p2|6\n|gen|9\n|tier|[Gen 9] VGC 2024 Reg G\n|rated|\n|rule|Species Clause: Limit one of each Pok\u00e9mon\n|rule|Item Clause: Limit one of each item\n|clearpoke\n|poke|p1|Iron Hands, L50|\n|poke|p1|Calyrex-Ice, L50|\n|poke|p1|Incineroar, L50, M|\n|poke|p1|Amoonguss, L50, F|\n|poke|p1|Urshifu-*, L50, M|\n|poke|p1|Flutter Mane, L50|\n|poke|p2|Torterra, L50, M|\n|poke|p2|Iron Bundle, L50|\n|poke|p2|Chi-Yu, L50|\n|poke|p2|Farigiraf, L50, F|\n|poke|p2|Terapagos, L50, M|\n|poke|p2|Whimsicott, L50, M|\n|teampreview|4\n|inactive|Battle timer is ON: inactive players will automatically lose when time's up. (requested by dinokitae)\n|\n|t:|1719170005\n|start\n|switch|p1a: Incineroar|Incineroar, L50, M|100\/100\n|switch|p1b: Calyrex|Calyrex-Ice, L50|100\/100\n|switch|p2a: \ud0a4\ud0a4\ub9c1|Farigiraf, L50, F|100\/100\n|switch|p2b: \ubcf4\ub530\ub9ac|Iron Bundle, L50, shiny|100\/100\n|-ability|p1b: Calyrex|As One\n|-ability|p1b: Calyrex|Unnerve\n|-ability|p1a: Incineroar|Intimidate|boost\n|-unboost|p2a: \ud0a4\ud0a4\ub9c1|atk|1\n|-unboost|p2b: \ubcf4\ub530\ub9ac|atk|1\n|-enditem|p2b: \ubcf4\ub530\ub9ac|Booster Energy\n|-activate|p2b: \ubcf4\ub530\ub9ac|ability: Quark Drive|[fromitem]\n|-start|p2b: \ubcf4\ub530\ub9ac|quarkdrivespe\n|turn|1\n|\n|t:|1719170013\n|move|p1b: Calyrex|Protect|p1b: Calyrex\n|-singleturn|p1b: Calyrex|Protect\n|move|p2b: \ubcf4\ub530\ub9ac|Hydro Pump|p1a: Incineroar\n|-supereffective|p1a: Incineroar\n|-damage|p1a: Incineroar|19\/100\n|move|p1a: Incineroar|Taunt|p2b: \ubcf4\ub530\ub9ac\n|-start|p2b: \ubcf4\ub530\ub9ac|move: Taunt\n|move|p2a: \ud0a4\ud0a4\ub9c1|Imprison|p2a: \ud0a4\ud0a4\ub9c1\n|-start|p2a: \ud0a4\ud0a4\ub9c1|move: Imprison\n|\n|upkeep\n|turn|2\n|\n|t:|1719170029\n|switch|p1a: Iron Hands|Iron Hands, L50|100\/100\n|-terastallize|p1b: Calyrex|Fire\n|move|p2b: \ubcf4\ub530\ub9ac|Hydro Pump|p1b: Calyrex|[miss]\n|-miss|p2b: \ubcf4\ub530\ub9ac|p1b: Calyrex\n|move|p2a: \ud0a4\ud0a4\ub9c1|Dazzling Gleam|p1b: Calyrex|[spread] p1a,p1b\n|-supereffective|p1a: Iron Hands\n|-resisted|p1b: Calyrex\n|-damage|p1a: Iron Hands|84\/100\n|-damage|p1b: Calyrex|96\/100\n|move|p1b: Calyrex|Glacial Lance|p2b: \ubcf4\ub530\ub9ac|[spread] p2a,p2b\n|-resisted|p2b: \ubcf4\ub530\ub9ac\n|-damage|p2a: \ud0a4\ud0a4\ub9c1|56\/100\n|-damage|p2b: \ubcf4\ub530\ub9ac|82\/100\n|\n|upkeep\n|turn|3\n|\n|t:|1719170053\n|move|p1b: Calyrex|Protect|p1b: Calyrex\n|-singleturn|p1b: Calyrex|Protect\n|move|p2b: \ubcf4\ub530\ub9ac|Hydro Pump|p1b: Calyrex\n|-activate|p1b: Calyrex|move: Protect\n|move|p2a: \ud0a4\ud0a4\ub9c1|Psychic Noise|p1a: Iron Hands\n|-supereffective|p1a: Iron Hands\n|-damage|p1a: Iron Hands|56\/100\n|-start|p1a: Iron Hands|move: Heal Block\n|move|p1a: Iron Hands|Volt Switch|p2b: \ubcf4\ub530\ub9ac\n|-supereffective|p2b: \ubcf4\ub530\ub9ac\n|-damage|p2b: \ubcf4\ub530\ub9ac|25\/100\n|\n|t:|1719170066\n|-end|p1a: Iron Hands|Quark Drive|[silent]\n|switch|p1a: Urshifu|Urshifu, L50, M|100\/100|[from] Volt Switch\n|\n|upkeep\n|turn|4\n|j| Yagamoth\n|\n|t:|1719170073\n|switch|p1b: Iron Hands|Iron Hands, L50|56\/100\n|move|p2b: \ubcf4\ub530\ub9ac|Hydro Pump|p1b: Iron Hands|[miss]\n|-miss|p2b: \ubcf4\ub530\ub9ac|p1b: Iron Hands\n|move|p1a: Urshifu|Wicked Blow|p2a: \ud0a4\ud0a4\ub9c1\n|-supereffective|p2a: \ud0a4\ud0a4\ub9c1\n|-crit|p2a: \ud0a4\ud0a4\ub9c1\n|-damage|p2a: \ud0a4\ud0a4\ub9c1|0 fnt\n|-damage|p1a: Urshifu|84\/100|[from] item: Rocky Helmet|[of] p2a: \ud0a4\ud0a4\ub9c1\n|faint|p2a: \ud0a4\ud0a4\ub9c1\n|\n|-end|p2b: \ubcf4\ub530\ub9ac|move: Taunt\n|upkeep\n|\n|t:|1719170080\n|switch|p2a: \uc5d8\ud48d|Whimsicott, L50, M|100\/100\n|turn|5\n|\n|t:|1719170089\n|move|p1a: Urshifu|Sucker Punch|p2b: \ubcf4\ub530\ub9ac\n|-damage|p2b: \ubcf4\ub530\ub9ac|0 fnt\n|faint|p2b: \ubcf4\ub530\ub9ac\n|-end|p2b: \ubcf4\ub530\ub9ac|Quark Drive|[silent]\n|move|p2a: \uc5d8\ud48d|Moonblast|p1a: Urshifu\n|-supereffective|p1a: Urshifu\n|-damage|p1a: Urshifu|0 fnt\n|faint|p1a: Urshifu\n|move|p1b: Iron Hands|Volt Switch|p2a: \uc5d8\ud48d\n|-resisted|p2a: \uc5d8\ud48d\n|-damage|p2a: \uc5d8\ud48d|92\/100\n|\n|t:|1719170095\n|-end|p1b: Iron Hands|Quark Drive|[silent]\n|switch|p1b: Incineroar|Incineroar, L50, M|19\/100|[from] Volt Switch\n|-ability|p1b: Incineroar|Intimidate|boost\n|-unboost|p2a: \uc5d8\ud48d|atk|1\n|\n|upkeep\n|\n|t:|1719170111\n|switch|p2b: \ud14c\ub77c\ud30c\uace0\uc2a4|Terapagos, L50, M|100\/100\n|switch|p1a: Calyrex|Calyrex-Ice, L50, tera:Fire|96\/100\n|-activate|p2b: \ud14c\ub77c\ud30c\uace0\uc2a4|ability: Tera Shift\n|detailschange|p2b: \ud14c\ub77c\ud30c\uace0\uc2a4|Terapagos-Terastal, L50, M\n|-heal|p2b: \ud14c\ub77c\ud30c\uace0\uc2a4|100\/100|[silent]\n|-ability|p1a: Calyrex|As One\n|-ability|p1a: Calyrex|Unnerve\n|turn|6\n|inactive|dinokitae has 30 seconds left.\n|\n|t:|1719170139\n|move|p1b: Incineroar|Fake Out|p2b: \ud14c\ub77c\ud30c\uace0\uc2a4\n|-activate|p2b: \ud14c\ub77c\ud30c\uace0\uc2a4|ability: Tera Shell\n|-resisted|p2b: \ud14c\ub77c\ud30c\uace0\uc2a4\n|-damage|p2b: \ud14c\ub77c\ud30c\uace0\uc2a4|96\/100\n|move|p2a: \uc5d8\ud48d|Endeavor|p1a: Calyrex\n|-damage|p1a: Calyrex|74\/100\n|cant|p2b: \ud14c\ub77c\ud30c\uace0\uc2a4|flinch\n|move|p1a: Calyrex|Glacial Lance|p2a: \uc5d8\ud48d|[spread] p2a,p2b\n|-supereffective|p2a: \uc5d8\ud48d\n|-damage|p2a: \uc5d8\ud48d|0 fnt\n|-damage|p2b: \ud14c\ub77c\ud30c\uace0\uc2a4|43\/100\n|faint|p2a: \uc5d8\ud48d\n|-ability|p1a: Calyrex|Chilling Neigh|boost\n|-boost|p1a: Calyrex|atk|1\n|\n|upkeep\n|turn|7\n|\n|t:|1719170151\n|-terastallize|p2b: \ud14c\ub77c\ud30c\uace0\uc2a4|Stellar\n|detailschange|p2b: \ud14c\ub77c\ud30c\uace0\uc2a4|Terapagos-Stellar, L50, M, tera:Stellar\n|-heal|p2b: \ud14c\ub77c\ud30c\uace0\uc2a4|57\/100|[silent]\n|move|p1a: Calyrex|Protect|p1a: Calyrex\n|-singleturn|p1a: Calyrex|Protect\n|move|p2b: \ud14c\ub77c\ud30c\uace0\uc2a4|Tera Starstorm|p1a: Calyrex|[spread] p1b\n|-activate|p1a: Calyrex|move: Protect\n|-crit|p1b: Incineroar\n|-damage|p1b: Incineroar|0 fnt\n|faint|p1b: Incineroar\n|\n|upkeep\n|\n|t:|1719170154\n|switch|p1b: Iron Hands|Iron Hands, L50|56\/100\n|turn|8\n|\n|t:|1719170157\n|move|p1b: Iron Hands|Fake Out|p2b: \ud14c\ub77c\ud30c\uace0\uc2a4\n|-damage|p2b: \ud14c\ub77c\ud30c\uace0\uc2a4|47\/100\n|cant|p2b: \ud14c\ub77c\ud30c\uace0\uc2a4|flinch\n|move|p1a: Calyrex|Trick Room|p1a: Calyrex\n|-fieldstart|move: Trick Room|[of] p1a: Calyrex\n|\n|upkeep\n|turn|9\n|\n|t:|1719170159\n|move|p1a: Calyrex|Glacial Lance|p2b: \ud14c\ub77c\ud30c\uace0\uc2a4\n|-damage|p2b: \ud14c\ub77c\ud30c\uace0\uc2a4|0 fnt\n|faint|p2b: \ud14c\ub77c\ud30c\uace0\uc2a4\n|\n|win|dathluke2\n|raw|dathluke2's rating: 1757 &rarr; <strong>1775<\/strong><br \/>(+18 for winning)\n|raw|dinokitae's rating: 1722 &rarr; <strong>1704<\/strong><br \/>(-18 for losing)\n|l|\u2606dinokitae\n|player|p2|\n|l|\u2606dathluke2\n|player|p1|\n","uploadtime":1719170390,"views":44,"formatid":"gen9vgc2024regg","rating":1704,"private":0,"password":null}