{"id":"gen9vgc2024regg-2148625623","format":"[Gen 9] VGC 2024 Reg G","players":["bwahacough","Jace196"],"log":"|j|\u2606bwahacough\n|j|\u2606Jace196\n|t:|1719158226\n|gametype|doubles\n|player|p1|bwahacough|medium|1716\n|player|p2|Jace196|palmer|1732\n|teamsize|p1|6\n|teamsize|p2|6\n|gen|9\n|tier|[Gen 9] VGC 2024 Reg G\n|rated|\n|rule|Species Clause: Limit one of each Pok\u00e9mon\n|rule|Item Clause: Limit one of each item\n|clearpoke\n|poke|p1|Lycanroc, L50, F|\n|poke|p1|Tyranitar, L50, M|\n|poke|p1|Indeedee-F, L50, F|\n|poke|p1|Tornadus, L50, M|\n|poke|p1|Calyrex-Shadow, L50|\n|poke|p1|Torkoal, L50, M|\n|poke|p2|Miraidon, L50|\n|poke|p2|Incineroar, L50, M|\n|poke|p2|Grimmsnarl, L50, M|\n|poke|p2|Iron Hands, L50|\n|poke|p2|Pelipper, L50, M|\n|poke|p2|Wo-Chien, L50|\n|teampreview|4\n|\n|t:|1719158254\n|start\n|switch|p1a: Lycanroc|Lycanroc, L50, F|100\/100\n|switch|p1b: Tyranitar|Tyranitar, L50, M|100\/100\n|switch|p2a: Grimmsnarl|Grimmsnarl, L50, M|100\/100\n|switch|p2b: Incineroar|Incineroar, L50, M|100\/100\n|-ability|p2b: Incineroar|Intimidate|boost\n|-unboost|p1a: Lycanroc|atk|1\n|-fail|p1b: Tyranitar|unboost|[from] item: Clear Amulet|[of] p1b: Tyranitar\n|-weather|Sandstorm|[from] ability: Sand Stream|[of] p1b: Tyranitar\n|turn|1\n|j| simagungou2\n|\n|t:|1719158268\n|move|p2b: Incineroar|Fake Out|p1b: Tyranitar\n|-resisted|p1b: Tyranitar\n|-damage|p1b: Tyranitar|96\/100\n|move|p2a: Grimmsnarl|Reflect|p2a: Grimmsnarl\n|-sidestart|p2: Jace196|Reflect\n|move|p1a: Lycanroc|Rock Slide|p2a: Grimmsnarl|[spread] p2a,p2b\n|-supereffective|p2b: Incineroar\n|-damage|p2a: Grimmsnarl|85\/100\n|-damage|p2b: Incineroar|78\/100\n|cant|p1b: Tyranitar|flinch\n|\n|-weather|Sandstorm|[upkeep]\n|-damage|p2b: Incineroar|72\/100|[from] Sandstorm\n|-damage|p2a: Grimmsnarl|79\/100|[from] Sandstorm\n|upkeep\n|turn|2\n|\n|t:|1719158321\n|move|p2a: Grimmsnarl|Light Screen|p2a: Grimmsnarl\n|-sidestart|p2: Jace196|move: Light Screen\n|move|p1a: Lycanroc|Rock Slide|p2b: Incineroar|[spread] p2a,p2b\n|-supereffective|p2b: Incineroar\n|-damage|p2a: Grimmsnarl|64\/100\n|-damage|p2b: Incineroar|48\/100\n|-enditem|p2b: Incineroar|Sitrus Berry|[eat]\n|-heal|p2b: Incineroar|73\/100|[from] item: Sitrus Berry\n|move|p2b: Incineroar|Parting Shot|p1a: Lycanroc\n|-unboost|p1a: Lycanroc|atk|1\n|-unboost|p1a: Lycanroc|spa|1\n|\n|t:|1719158331\n|switch|p2b: Iron Hands|Iron Hands, L50|100\/100|[from] Parting Shot\n|move|p1b: Tyranitar|Rock Slide|p2b: Iron Hands|[spread] p2a,p2b\n|-resisted|p2b: Iron Hands\n|-damage|p2a: Grimmsnarl|43\/100\n|-damage|p2b: Iron Hands|93\/100\n|\n|-weather|Sandstorm|[upkeep]\n|-damage|p2a: Grimmsnarl|37\/100|[from] Sandstorm\n|-damage|p2b: Iron Hands|88\/100|[from] Sandstorm\n|upkeep\n|turn|3\n|l| simagungou2\n|\n|t:|1719158345\n|switch|p1b: Indeedee|Indeedee-F, L50, F, shiny|100\/100\n|-fieldstart|move: Psychic Terrain|[from] ability: Psychic Surge|[of] p1b: Indeedee\n|move|p1a: Lycanroc|Rock Slide|p2b: Iron Hands|[spread] \n|-miss|p1a: Lycanroc|p2a: Grimmsnarl\n|-miss|p1a: Lycanroc|p2b: Iron Hands\n|move|p2a: Grimmsnarl|Spirit Break|p1b: Indeedee\n|-damage|p1b: Indeedee|70\/100\n|-unboost|p1b: Indeedee|spa|1\n|move|p2b: Iron Hands|Drain Punch|p1a: Lycanroc\n|-supereffective|p1a: Lycanroc\n|-enditem|p1a: Lycanroc|Focus Sash\n|-damage|p1a: Lycanroc|1\/100\n|-heal|p2b: Iron Hands|100\/100|[from] drain|[of] p1a: Lycanroc\n|\n|-weather|Sandstorm|[upkeep]\n|-damage|p1b: Indeedee|64\/100|[from] Sandstorm\n|-damage|p2a: Grimmsnarl|31\/100|[from] Sandstorm\n|-damage|p2b: Iron Hands|95\/100|[from] Sandstorm\n|upkeep\n|turn|4\n|\n|t:|1719158375\n|switch|p2a: Miraidon|Miraidon, L50|100\/100\n|-fieldstart|move: Electric Terrain|[from] ability: Hadron Engine|[of] p2a: Miraidon\n|-enditem|p2a: Miraidon|Electric Seed\n|-boost|p2a: Miraidon|def|1|[from] item: Electric Seed\n|-activate|p2b: Iron Hands|ability: Quark Drive\n|-start|p2b: Iron Hands|quarkdriveatk\n|move|p1b: Indeedee|Follow Me|p1b: Indeedee\n|-singleturn|p1b: Indeedee|move: Follow Me\n|move|p1a: Lycanroc|Endeavor|p2b: Iron Hands\n|-damage|p2b: Iron Hands|1\/100\n|move|p2b: Iron Hands|Drain Punch|p1b: Indeedee\n|-damage|p1b: Indeedee|11\/100\n|-heal|p2b: Iron Hands|19\/100|[from] drain|[of] p1b: Indeedee\n|-enditem|p1b: Indeedee|Sitrus Berry|[eat]\n|-heal|p1b: Indeedee|36\/100|[from] item: Sitrus Berry\n|\n|-weather|Sandstorm|[upkeep]\n|-damage|p2a: Miraidon|95\/100|[from] Sandstorm\n|-damage|p1b: Indeedee|29\/100|[from] Sandstorm\n|-damage|p2b: Iron Hands|13\/100|[from] Sandstorm\n|upkeep\n|turn|5\n|\n|t:|1719158405\n|-end|p2b: Iron Hands|Quark Drive|[silent]\n|switch|p2b: Incineroar|Incineroar, L50, M|73\/100\n|-ability|p2b: Incineroar|Intimidate|boost\n|-unboost|p1a: Lycanroc|atk|1\n|-unboost|p1b: Indeedee|atk|1\n|move|p2a: Miraidon|Protect|p2a: Miraidon\n|-singleturn|p2a: Miraidon|Protect\n|move|p1a: Lycanroc|Endeavor|p2a: Miraidon\n|-activate|p2a: Miraidon|move: Protect\n|move|p1b: Indeedee|Psychic Terrain|p1b: Indeedee\n|-fieldstart|move: Psychic Terrain\n|\n|-weather|none\n|upkeep\n|turn|6\n|\n|t:|1719158439\n|switch|p1b: Tyranitar|Tyranitar, L50, M|96\/100\n|-weather|Sandstorm|[from] ability: Sand Stream|[of] p1b: Tyranitar\n|move|p1a: Lycanroc|Endeavor|p2b: Incineroar\n|-damage|p2b: Incineroar|1\/100\n|move|p2a: Miraidon|Parabolic Charge|p1a: Lycanroc|[spread] p2b,p1a,p1b\n|-damage|p2b: Incineroar|0 fnt\n|-heal|p2a: Miraidon|95\/100|[from] drain|[of] p2b: Incineroar\n|-damage|p1a: Lycanroc|0 fnt\n|-heal|p2a: Miraidon|96\/100|[from] drain|[of] p1a: Lycanroc\n|-damage|p1b: Tyranitar|80\/100\n|-heal|p2a: Miraidon|100\/100|[from] drain|[of] p1b: Tyranitar\n|faint|p2b: Incineroar\n|faint|p1a: Lycanroc\n|\n|-weather|Sandstorm|[upkeep]\n|-damage|p2a: Miraidon|95\/100|[from] Sandstorm\n|upkeep\n|\n|t:|1719158462\n|switch|p1a: Calyrex|Calyrex-Shadow, L50|100\/100\n|switch|p2b: Iron Hands|Iron Hands, L50|13\/100\n|-ability|p1a: Calyrex|As One\n|-ability|p1a: Calyrex|Unnerve\n|turn|7\n|\n|t:|1719158486\n|-end|p2b: Iron Hands|Quark Drive|[silent]\n|switch|p2b: Grimmsnarl|Grimmsnarl, L50, M|31\/100\n|move|p1a: Calyrex|Astral Barrage|p2b: Grimmsnarl|[spread] p2a,p2b\n|-resisted|p2b: Grimmsnarl\n|-damage|p2a: Miraidon|52\/100\n|-damage|p2b: Grimmsnarl|10\/100\n|move|p2a: Miraidon|Calm Mind|p2a: Miraidon\n|-boost|p2a: Miraidon|spa|1\n|-boost|p2a: Miraidon|spd|1\n|move|p1b: Tyranitar|Rock Slide|p2b: Grimmsnarl|[spread] p2a,p2b\n|-damage|p2a: Miraidon|39\/100\n|-damage|p2b: Grimmsnarl|0 fnt\n|faint|p2b: Grimmsnarl\n|\n|-weather|Sandstorm|[upkeep]\n|-damage|p1a: Calyrex|95\/100|[from] Sandstorm\n|-damage|p2a: Miraidon|33\/100|[from] Sandstorm\n|upkeep\n|\n|t:|1719158493\n|switch|p2b: Iron Hands|Iron Hands, L50|13\/100\n|turn|8\n|\n|t:|1719158508\n|-terastallize|p2a: Miraidon|Electric\n|-terastallize|p1b: Tyranitar|Grass\n|move|p1a: Calyrex|Astral Barrage|p2a: Miraidon|[spread] p2a,p2b\n|-damage|p2a: Miraidon|4\/100\n|-damage|p2b: Iron Hands|0 fnt\n|faint|p2b: Iron Hands\n|-end|p2b: Iron Hands|Quark Drive|[silent]\n|-ability|p1a: Calyrex|Grim Neigh|boost\n|-boost|p1a: Calyrex|spa|1\n|move|p2a: Miraidon|Parabolic Charge|p1b: Tyranitar|[spread] p1a,p1b\n|-resisted|p1b: Tyranitar\n|-damage|p1a: Calyrex|42\/100\n|-heal|p2a: Miraidon|28\/100|[from] drain|[of] p1a: Calyrex\n|-damage|p1b: Tyranitar|59\/100\n|-heal|p2a: Miraidon|39\/100|[from] drain|[of] p1b: Tyranitar\n|move|p1b: Tyranitar|Knock Off|p2a: Miraidon\n|-damage|p2a: Miraidon|26\/100\n|\n|-weather|Sandstorm|[upkeep]\n|-damage|p1a: Calyrex|36\/100|[from] Sandstorm\n|-damage|p2a: Miraidon|20\/100|[from] Sandstorm\n|-damage|p1b: Tyranitar|53\/100|[from] Sandstorm\n|-sideend|p2: Jace196|Reflect\n|upkeep\n|turn|9\n|\n|t:|1719158521\n|move|p1a: Calyrex|Astral Barrage|p2a: Miraidon\n|-damage|p2a: Miraidon|0 fnt\n|faint|p2a: Miraidon\n|\n|win|bwahacough\n|raw|bwahacough's rating: 1716 &rarr; <strong>1737<\/strong><br \/>(+21 for winning)\n|raw|Jace196's rating: 1732 &rarr; <strong>1711<\/strong><br \/>(-21 for losing)\n|l|\u2606bwahacough\n|player|p1|\n|l|\u2606Jace196\n|player|p2|\n","uploadtime":1719158740,"views":33,"formatid":"gen9vgc2024regg","rating":1711,"private":0,"password":null}