{"id":"gen9vgc2024regg-2148571733","format":"[Gen 9] VGC 2024 Reg G","players":["rusl","waiseng"],"log":"|j|\u2606rusl\n|j|\u2606waiseng\n|t:|1719151144\n|gametype|doubles\n|player|p1|rusl|palmer|1752\n|player|p2|waiseng|170|1712\n|teamsize|p1|6\n|teamsize|p2|6\n|gen|9\n|tier|[Gen 9] VGC 2024 Reg G\n|rated|\n|rule|Species Clause: Limit one of each Pok\u00e9mon\n|rule|Item Clause: Limit one of each item\n|clearpoke\n|poke|p1|Kyogre, L50|\n|poke|p1|Archaludon, L50, F|\n|poke|p1|Comfey, L50, M|\n|poke|p1|Tsareena, L50, F|\n|poke|p1|Rillaboom, L50, M|\n|poke|p1|Overqwil, L50, F|\n|poke|p2|Chandelure, L50, F|\n|poke|p2|Chien-Pao, L50|\n|poke|p2|Flutter Mane, L50|\n|poke|p2|Moltres-Galar, L50|\n|poke|p2|Rillaboom, L50, M|\n|poke|p2|Zamazenta-*, L50|\n|teampreview|4\n|j| rabbihorn\n|inactive|Battle timer is ON: inactive players will automatically lose when time's up. (requested by waiseng)\n|\n|t:|1719151180\n|start\n|switch|p1a: Kyogre|Kyogre, L50|100\/100\n|switch|p1b: Tsareena|Tsareena, L50, F|100\/100\n|switch|p2a: Chien-Pao|Chien-Pao, L50|100\/100\n|switch|p2b: Zamazenta|Zamazenta-Crowned, L50|100\/100\n|-ability|p2a: Chien-Pao|Sword of Ruin\n|-ability|p2b: Zamazenta|Dauntless Shield|boost\n|-boost|p2b: Zamazenta|def|1\n|-weather|RainDance|[from] ability: Drizzle|[of] p1a: Kyogre\n|turn|1\n|inactive|waiseng has 30 seconds left.\n|\n|t:|1719151209\n|-terastallize|p1b: Tsareena|Steel\n|move|p2a: Chien-Pao|Sacred Sword|p1b: Tsareena\n|-supereffective|p1b: Tsareena\n|-damage|p1b: Tsareena|38\/100\n|move|p2b: Zamazenta|Body Press|p1b: Tsareena\n|-supereffective|p1b: Tsareena\n|-damage|p1b: Tsareena|0 fnt\n|faint|p1b: Tsareena\n|move|p1a: Kyogre|Water Spout|p2a: Chien-Pao|[spread] p2a,p2b\n|-enditem|p2a: Chien-Pao|Focus Sash\n|-damage|p2a: Chien-Pao|1\/100\n|-damage|p2b: Zamazenta|22\/100\n|\n|-weather|RainDance|[upkeep]\n|upkeep\n|\n|t:|1719151225\n|switch|p1b: Comfey|Comfey, L50, M|100\/100\n|turn|2\n|\n|t:|1719151240\n|move|p1a: Kyogre|Protect|p1a: Kyogre\n|-singleturn|p1a: Kyogre|Protect\n|move|p2a: Chien-Pao|Sucker Punch||[still]\n|-fail|p2a: Chien-Pao\n|move|p2b: Zamazenta|Body Press|p1a: Kyogre\n|-activate|p1a: Kyogre|move: Protect\n|move|p1b: Comfey|Trick Room|p1b: Comfey\n|-fieldstart|move: Trick Room|[of] p1b: Comfey\n|\n|-weather|RainDance|[upkeep]\n|upkeep\n|turn|3\n|\n|t:|1719151256\n|move|p1b: Comfey|Draining Kiss|p2a: Chien-Pao\n|-supereffective|p2a: Chien-Pao\n|-damage|p2a: Chien-Pao|0 fnt\n|faint|p2a: Chien-Pao\n|move|p2b: Zamazenta|Wide Guard|p2b: Zamazenta\n|-singleturn|p2b: Zamazenta|Wide Guard\n|move|p1a: Kyogre|Water Spout|p2b: Zamazenta\n|-activate|p2b: Zamazenta|move: Wide Guard\n|\n|-weather|RainDance|[upkeep]\n|upkeep\n|inactive|waiseng has 30 seconds left.\n|\n|t:|1719151282\n|switch|p2a: Rillaboom|Rillaboom, L50, M|100\/100\n|-fieldstart|move: Grassy Terrain|[from] ability: Grassy Surge|[of] p2a: Rillaboom\n|turn|4\n|\n|t:|1719151298\n|-terastallize|p2a: Rillaboom|Grass\n|move|p1a: Kyogre|Protect|p1a: Kyogre\n|-singleturn|p1a: Kyogre|Protect\n|move|p1b: Comfey|Protect|p1b: Comfey\n|-singleturn|p1b: Comfey|Protect\n|move|p2a: Rillaboom|Grassy Glide|p1a: Kyogre\n|-activate|p1a: Kyogre|move: Protect\n|move|p2b: Zamazenta|Heavy Slam|p1b: Comfey\n|-activate|p1b: Comfey|move: Protect\n|\n|-weather|RainDance|[upkeep]\n|-heal|p2b: Zamazenta|28\/100|[from] Grassy Terrain\n|upkeep\n|turn|5\n|\n|t:|1719151316\n|switch|p1a: Archaludon|Archaludon, L50, F|100\/100\n|move|p1b: Comfey|Draining Kiss|p2b: Zamazenta\n|-damage|p2b: Zamazenta|18\/100\n|move|p2a: Rillaboom|Grassy Glide|p1b: Comfey\n|-damage|p1b: Comfey|23\/100\n|move|p2b: Zamazenta|Heavy Slam|p1b: Comfey\n|-supereffective|p1b: Comfey\n|-damage|p1b: Comfey|0 fnt\n|faint|p1b: Comfey\n|\n|-weather|none\n|-heal|p2b: Zamazenta|24\/100|[from] Grassy Terrain\n|upkeep\n|\n|t:|1719151328\n|switch|p1b: Kyogre|Kyogre, L50|100\/100\n|-weather|RainDance|[from] ability: Drizzle|[of] p1b: Kyogre\n|turn|6\n|\n|t:|1719151350\n|move|p2b: Zamazenta|Protect|p2b: Zamazenta\n|-singleturn|p2b: Zamazenta|Protect\n|move|p2a: Rillaboom|Grassy Glide|p1b: Kyogre\n|-supereffective|p1b: Kyogre\n|-damage|p1b: Kyogre|0 fnt\n|faint|p1b: Kyogre\n|move|p1a: Archaludon|Electro Shot||[still]\n|-prepare|p1a: Archaludon|Electro Shot\n|-boost|p1a: Archaludon|spa|1\n|-anim|p1a: Archaludon|Electro Shot|p2b: Zamazenta\n|-activate|p2b: Zamazenta|move: Protect\n|\n|-weather|RainDance|[upkeep]\n|-heal|p2b: Zamazenta|30\/100|[from] Grassy Terrain\n|-fieldend|move: Trick Room\n|upkeep\n|turn|7\n|\n|t:|1719151373\n|switch|p2a: Flutter Mane|Flutter Mane, L50|100\/100\n|-enditem|p2a: Flutter Mane|Booster Energy\n|-activate|p2a: Flutter Mane|ability: Protosynthesis|[fromitem]\n|-start|p2a: Flutter Mane|protosynthesisspe\n|move|p2b: Zamazenta|Body Press|p1a: Archaludon\n|-supereffective|p1a: Archaludon\n|-damage|p1a: Archaludon|2\/100\n|-ability|p1a: Archaludon|Stamina|boost\n|-boost|p1a: Archaludon|def|1\n|move|p1a: Archaludon|Electro Shot||[still]\n|-prepare|p1a: Archaludon|Electro Shot\n|-boost|p1a: Archaludon|spa|1\n|-anim|p1a: Archaludon|Electro Shot|p2b: Zamazenta\n|-damage|p2b: Zamazenta|0 fnt\n|faint|p2b: Zamazenta\n|\n|-weather|RainDance|[upkeep]\n|-heal|p1a: Archaludon|8\/100|[from] Grassy Terrain\n|upkeep\n|-message|rusl forfeited.\n|\n|win|waiseng\n|raw|rusl's rating: 1752 &rarr; <strong>1730<\/strong><br \/>(-22 for losing)\n|raw|waiseng's rating: 1712 &rarr; <strong>1734<\/strong><br \/>(+22 for winning)\n|l|\u2606rusl\n|player|p1|\n|l|rabbihorn\n|l|\u2606waiseng\n|player|p2|\n|j| narrowkhero\n","uploadtime":1719151390,"views":47,"formatid":"gen9vgc2024regg","rating":1730,"private":0,"password":null}