{"id":"gen9vgc2024regg-2149137925","format":"[Gen 9] VGC 2024 Reg G","players":["EfraVGC18","Bef6"],"log":"|j|\u2606EfraVGC18\n|j|\u2606Bef6\n|t:|1719235039\n|gametype|doubles\n|player|p1|EfraVGC18|265|1702\n|player|p2|Bef6|lucas|1669\n|teamsize|p1|6\n|teamsize|p2|6\n|gen|9\n|tier|[Gen 9] VGC 2024 Reg G\n|rated|\n|rule|Species Clause: Limit one of each Pok\u00e9mon\n|rule|Item Clause: Limit one of each item\n|clearpoke\n|poke|p1|Calyrex-Shadow, L50|\n|poke|p1|Raging Bolt, L50|\n|poke|p1|Clefairy, L50, F|\n|poke|p1|Urshifu-*, L50, M|\n|poke|p1|Incineroar, L50, M|\n|poke|p1|Rillaboom, L50, F|\n|poke|p2|Calyrex-Ice, L50|\n|poke|p2|Ursaluna-Bloodmoon, L50, M|\n|poke|p2|Smeargle, L50, M|\n|poke|p2|Farigiraf, L50, M|\n|poke|p2|Annihilape, L50, F|\n|poke|p2|Electabuzz, L50, M|\n|teampreview|4\n|j| Boobookittyfjord\n|\n|t:|1719235080\n|start\n|switch|p1a: Calyrex|Calyrex-Shadow, L50|100\/100\n|switch|p1b: Urshifu|Urshifu-Rapid-Strike, L50, M|100\/100\n|switch|p2a: Smeargle|Smeargle, L50, M|100\/100\n|switch|p2b: Farigiraf|Farigiraf, L50, M|100\/100\n|-ability|p1a: Calyrex|As One\n|-ability|p1a: Calyrex|Unnerve\n|turn|1\n|inactive|Battle timer is ON: inactive players will automatically lose when time's up. (requested by EfraVGC18)\n|inactive|Bef6 has 60 seconds left.\n|\n|t:|1719235115\n|move|p1a: Calyrex|Calm Mind|p1a: Calyrex\n|-boost|p1a: Calyrex|spa|1\n|-boost|p1a: Calyrex|spd|1\n|move|p1b: Urshifu|Taunt|p2a: Smeargle\n|-start|p2a: Smeargle|move: Taunt\n|cant|p2a: Smeargle|move: Taunt|Spore\n|move|p2b: Farigiraf|Trick Room|p2b: Farigiraf\n|-fieldstart|move: Trick Room|[of] p2b: Farigiraf\n|\n|upkeep\n|turn|2\n|\n|t:|1719235133\n|switch|p2a: Ursaluna|Ursaluna-Bloodmoon, L50, M|100\/100\n|-terastallize|p1a: Calyrex|Fairy\n|move|p2b: Farigiraf|Psychic Noise|p1b: Urshifu\n|-supereffective|p1b: Urshifu\n|-damage|p1b: Urshifu|21\/100\n|-start|p1b: Urshifu|move: Heal Block\n|move|p1b: Urshifu|Surging Strikes|p2a: Ursaluna\n|-supereffective|p2a: Ursaluna\n|-crit|p2a: Ursaluna\n|-damage|p2a: Ursaluna|69\/100\n|-supereffective|p2a: Ursaluna\n|-crit|p2a: Ursaluna\n|-damage|p2a: Ursaluna|42\/100\n|-supereffective|p2a: Ursaluna\n|-crit|p2a: Ursaluna\n|-damage|p2a: Ursaluna|11\/100\n|-hitcount|p2a: Ursaluna|3\n|move|p1a: Calyrex|Draining Kiss|p2a: Ursaluna\n|-damage|p2a: Ursaluna|0 fnt\n|faint|p2a: Ursaluna\n|-ability|p1a: Calyrex|Grim Neigh|boost\n|-boost|p1a: Calyrex|spa|1\n|\n|upkeep\n|j| THUNDERSND77\n|\n|t:|1719235148\n|switch|p2a: Calyrex|Calyrex-Ice, L50|100\/100\n|-ability|p2a: Calyrex|As One\n|-ability|p2a: Calyrex|Unnerve\n|turn|3\n|\n|t:|1719235169\n|switch|p2b: Smeargle|Smeargle, L50, M|100\/100\n|-terastallize|p2a: Calyrex|Fire\n|move|p1b: Urshifu|Detect|p1b: Urshifu\n|-singleturn|p1b: Urshifu|Protect\n|move|p2a: Calyrex|Glacial Lance|p1a: Calyrex|[spread] p1a\n|-activate|p1b: Urshifu|move: Protect\n|-crit|p1a: Calyrex\n|-damage|p1a: Calyrex|6\/100\n|move|p1a: Calyrex|Astral Barrage|p2a: Calyrex|[spread] p2a\n|-immune|p2b: Smeargle\n|-damage|p2a: Calyrex|21\/100\n|\n|-end|p1b: Urshifu|move: Heal Block\n|upkeep\n|turn|4\n|inactive|EfraVGC18 has 30 seconds left.\n|inactive|Bef6 has 30 seconds left.\n|\n|t:|1719235203\n|move|p1a: Calyrex|Protect|p1a: Calyrex\n|-singleturn|p1a: Calyrex|Protect\n|move|p2b: Smeargle|Decorate|p2a: Calyrex\n|-boost|p2a: Calyrex|atk|2\n|-boost|p2a: Calyrex|spa|2\n|move|p2a: Calyrex|Glacial Lance|p1a: Calyrex|[spread] p1b\n|-activate|p1a: Calyrex|move: Protect\n|-resisted|p1b: Urshifu\n|-damage|p1b: Urshifu|0 fnt\n|faint|p1b: Urshifu\n|-ability|p2a: Calyrex|Chilling Neigh|boost\n|-boost|p2a: Calyrex|atk|1\n|\n|upkeep\n|\n|t:|1719235222\n|switch|p1b: Clefairy|Clefairy, L50, F|100\/100\n|turn|5\n|\n|t:|1719235237\n|move|p2b: Smeargle|Follow Me|p2b: Smeargle\n|-singleturn|p2b: Smeargle|move: Follow Me\n|move|p1b: Clefairy|Sing|p2b: Smeargle|[miss]\n|-miss|p1b: Clefairy|p2b: Smeargle\n|move|p2a: Calyrex|Glacial Lance|p1b: Clefairy|[spread] p1a,p1b\n|-damage|p1a: Calyrex|0 fnt\n|-damage|p1b: Clefairy|0 fnt\n|faint|p1a: Calyrex\n|faint|p1b: Clefairy\n|-ability|p2a: Calyrex|Chilling Neigh|boost\n|-boost|p2a: Calyrex|atk|2\n|\n|-fieldend|move: Trick Room\n|upkeep\n|\n|t:|1719235247\n|switch|p1b: Rillaboom|Rillaboom, L50, F|100\/100\n|-fieldstart|move: Grassy Terrain|[from] ability: Grassy Surge|[of] p1b: Rillaboom\n|turn|6\n|\n|t:|1719235269\n|move|p2b: Smeargle|Follow Me|p2b: Smeargle\n|-singleturn|p2b: Smeargle|move: Follow Me\n|move|p1b: Rillaboom|Wood Hammer|p2b: Smeargle\n|-enditem|p2b: Smeargle|Focus Sash\n|-damage|p2b: Smeargle|1\/100\n|-damage|p1b: Rillaboom|70\/100|[from] Recoil\n|move|p2a: Calyrex|Glacial Lance|p1b: Rillaboom\n|-supereffective|p1b: Rillaboom\n|-damage|p1b: Rillaboom|0 fnt\n|faint|p1b: Rillaboom\n|\n|win|Bef6\n|raw|EfraVGC18's rating: 1702 &rarr; <strong>1680<\/strong><br \/>(-22 for losing)\n|raw|Bef6's rating: 1669 &rarr; <strong>1691<\/strong><br \/>(+22 for winning)\n|l|\u2606EfraVGC18\n|player|p1|\n|l| THUNDERSND77\n|l|\u2606Bef6\n|player|p2|\n|l| Boobookittyfjord\n","uploadtime":1719235284,"views":29,"formatid":"gen9vgc2024regg","rating":1680,"private":0,"password":null}