{"id":"gen9vgc2024regg-2149244439","format":"[Gen 9] VGC 2024 Reg G","players":["tuanzai233","dathluke2"],"log":"|j|\u2606tuanzai233\n|j|\u2606dathluke2\n|t:|1719247505\n|gametype|doubles\n|player|p1|tuanzai233|102|1710\n|player|p2|dathluke2|pokekid|1750\n|teamsize|p1|6\n|teamsize|p2|6\n|gen|9\n|tier|[Gen 9] VGC 2024 Reg G\n|rated|\n|rule|Species Clause: Limit one of each Pok\u00e9mon\n|rule|Item Clause: Limit one of each item\n|clearpoke\n|poke|p1|Indeedee-F, L50, F|\n|poke|p1|Torkoal, L50, M|\n|poke|p1|Calyrex-Ice, L50|\n|poke|p1|Annihilape, L50, F|\n|poke|p1|Urshifu-*, L50, F|\n|poke|p1|Brute Bonnet, L50|\n|poke|p2|Iron Hands, L50|\n|poke|p2|Calyrex-Ice, L50|\n|poke|p2|Incineroar, L50, F|\n|poke|p2|Amoonguss, L50, M|\n|poke|p2|Urshifu-*, L50, M|\n|poke|p2|Flutter Mane, L50|\n|teampreview|4\n|inactive|Battle timer is ON: inactive players will automatically lose when time's up. (requested by dathluke2)\n|\n|t:|1719247521\n|start\n|switch|p1a: Annihilape|Annihilape, L50, F|100\/100\n|switch|p1b: Brute Bonnet|Brute Bonnet, L50, shiny|100\/100\n|switch|p2a: Urshifu|Urshifu, L50, M|100\/100\n|switch|p2b: Iron Hands|Iron Hands, L50|100\/100\n|turn|1\n|j| bluestraggler01\n|\n|t:|1719247535\n|-terastallize|p1b: Brute Bonnet|Poison\n|move|p1a: Annihilape|Close Combat|p2a: Urshifu\n|-supereffective|p2a: Urshifu\n|-damage|p2a: Urshifu|4\/100\n|-unboost|p1a: Annihilape|def|1\n|-unboost|p1a: Annihilape|spd|1\n|move|p2a: Urshifu|Close Combat|p1b: Brute Bonnet\n|-resisted|p1b: Brute Bonnet\n|-damage|p1b: Brute Bonnet|76\/100\n|-unboost|p2a: Urshifu|def|1\n|-unboost|p2a: Urshifu|spd|1\n|move|p2b: Iron Hands|Drain Punch|p1b: Brute Bonnet\n|-resisted|p1b: Brute Bonnet\n|-damage|p1b: Brute Bonnet|63\/100\n|move|p1b: Brute Bonnet|Spore|p2b: Iron Hands\n|-status|p2b: Iron Hands|slp|[from] move: Spore\n|\n|upkeep\n|turn|2\n|\n|t:|1719247551\n|move|p2a: Urshifu|Detect|p2a: Urshifu\n|-singleturn|p2a: Urshifu|Protect\n|move|p1a: Annihilape|Close Combat|p2a: Urshifu\n|-activate|p2a: Urshifu|move: Protect\n|cant|p2b: Iron Hands|slp\n|move|p1b: Brute Bonnet|Crunch|p2b: Iron Hands\n|-resisted|p2b: Iron Hands\n|-damage|p2b: Iron Hands|89\/100 slp\n|\n|upkeep\n|turn|3\n|\n|t:|1719247567\n|move|p2a: Urshifu|Sucker Punch|p1a: Annihilape\n|-damage|p1a: Annihilape|39\/100\n|move|p1a: Annihilape|Close Combat|p2a: Urshifu\n|-supereffective|p2a: Urshifu\n|-crit|p2a: Urshifu\n|-damage|p2a: Urshifu|0 fnt\n|-unboost|p1a: Annihilape|def|1\n|-unboost|p1a: Annihilape|spd|1\n|faint|p2a: Urshifu\n|-curestatus|p2b: Iron Hands|slp|[msg]\n|move|p2b: Iron Hands|Wild Charge|p1a: Annihilape\n|-damage|p1a: Annihilape|0 fnt\n|faint|p1a: Annihilape\n|-damage|p2b: Iron Hands|80\/100|[from] Recoil\n|move|p1b: Brute Bonnet|Crunch|p2b: Iron Hands\n|-resisted|p2b: Iron Hands\n|-damage|p2b: Iron Hands|69\/100\n|\n|upkeep\n|\n|t:|1719247578\n|switch|p1a: Calyrex|Calyrex-Ice, L50|100\/100\n|switch|p2a: Incineroar|Incineroar, L50, F|100\/100\n|-ability|p1a: Calyrex|As One\n|-ability|p1a: Calyrex|Unnerve\n|-ability|p2a: Incineroar|Intimidate|boost\n|-fail|p1a: Calyrex|unboost|[from] item: Clear Amulet|[of] p1a: Calyrex\n|-unboost|p1b: Brute Bonnet|atk|1\n|turn|4\n|\n|t:|1719247587\n|move|p2a: Incineroar|Taunt|p1b: Brute Bonnet\n|-start|p1b: Brute Bonnet|move: Taunt\n|move|p2b: Iron Hands|Drain Punch|p1a: Calyrex\n|-damage|p1a: Calyrex|76\/100\n|-heal|p2b: Iron Hands|80\/100|[from] drain|[of] p1a: Calyrex\n|cant|p1b: Brute Bonnet|move: Taunt|Spore\n|move|p1a: Calyrex|High Horsepower|p2a: Incineroar\n|-supereffective|p2a: Incineroar\n|-damage|p2a: Incineroar|26\/100\n|\n|upkeep\n|turn|5\n|\n|t:|1719247602\n|move|p2a: Incineroar|Knock Off|p1a: Calyrex\n|-supereffective|p1a: Calyrex\n|-damage|p1a: Calyrex|31\/100\n|-enditem|p1a: Calyrex|Clear Amulet|[from] move: Knock Off|[of] p2a: Incineroar\n|move|p2b: Iron Hands|Drain Punch|p1a: Calyrex\n|-damage|p1a: Calyrex|3\/100\n|-heal|p2b: Iron Hands|92\/100|[from] drain|[of] p1a: Calyrex\n|move|p1b: Brute Bonnet|Pollen Puff|p2a: Incineroar\n|-damage|p2a: Incineroar|13\/100\n|move|p1a: Calyrex|Glacial Lance|p2a: Incineroar|[spread] p2a,p2b\n|-resisted|p2a: Incineroar\n|-damage|p2a: Incineroar|0 fnt\n|-damage|p2b: Iron Hands|47\/100\n|faint|p2a: Incineroar\n|-ability|p1a: Calyrex|Chilling Neigh|boost\n|-boost|p1a: Calyrex|atk|1\n|\n|upkeep\n|\n|t:|1719247612\n|switch|p2a: Calyrex|Calyrex-Ice, L50|100\/100\n|-ability|p2a: Calyrex|As One\n|-ability|p2a: Calyrex|Unnerve\n|turn|6\n|\n|t:|1719247620\n|-terastallize|p2a: Calyrex|Fire\n|move|p2b: Iron Hands|Drain Punch|p1a: Calyrex\n|-damage|p1a: Calyrex|0 fnt\n|-heal|p2b: Iron Hands|48\/100|[from] drain|[of] p1a: Calyrex\n|faint|p1a: Calyrex\n|move|p1b: Brute Bonnet|Pollen Puff|p1: Calyrex|[notarget]\n|-fail|p1b: Brute Bonnet\n|move|p2a: Calyrex|High Horsepower|p1b: Brute Bonnet\n|-supereffective|p1b: Brute Bonnet\n|-damage|p1b: Brute Bonnet|4\/100\n|\n|-end|p1b: Brute Bonnet|move: Taunt\n|upkeep\n|\n|t:|1719247624\n|switch|p1a: Urshifu|Urshifu, L50, F|100\/100\n|turn|7\n|\n|t:|1719247635\n|move|p1a: Urshifu|Close Combat|p2b: Iron Hands\n|-damage|p2b: Iron Hands|1\/100\n|-unboost|p1a: Urshifu|def|1\n|-unboost|p1a: Urshifu|spd|1\n|move|p2b: Iron Hands|Drain Punch|p1a: Urshifu\n|-supereffective|p1a: Urshifu\n|-enditem|p1a: Urshifu|Focus Sash\n|-damage|p1a: Urshifu|1\/100\n|-heal|p2b: Iron Hands|38\/100|[from] drain|[of] p1a: Urshifu\n|move|p1b: Brute Bonnet|Spore|p2a: Calyrex\n|-status|p2a: Calyrex|slp|[from] move: Spore\n|cant|p2a: Calyrex|slp\n|\n|upkeep\n|turn|8\n|\n|t:|1719247651\n|move|p1a: Urshifu|Close Combat|p2b: Iron Hands\n|-damage|p2b: Iron Hands|0 fnt\n|-unboost|p1a: Urshifu|def|1\n|-unboost|p1a: Urshifu|spd|1\n|faint|p2b: Iron Hands\n|-end|p2b: Iron Hands|Quark Drive|[silent]\n|move|p1b: Brute Bonnet|Crunch|p2a: Calyrex\n|-damage|p2a: Calyrex|87\/100 slp\n|-curestatus|p2a: Calyrex|slp|[msg]\n|move|p2a: Calyrex|Glacial Lance|p1b: Brute Bonnet|[spread] p1a,p1b\n|-damage|p1a: Urshifu|0 fnt\n|-damage|p1b: Brute Bonnet|0 fnt\n|faint|p1a: Urshifu\n|faint|p1b: Brute Bonnet\n|-end|p1b: Brute Bonnet|Protosynthesis|[silent]\n|\n|win|dathluke2\n|raw|tuanzai233's rating: 1710 &rarr; <strong>1692<\/strong><br \/>(-18 for losing)\n|raw|dathluke2's rating: 1750 &rarr; <strong>1768<\/strong><br \/>(+18 for winning)\n|l|\u2606tuanzai233\n|player|p1|\n|l|\u2606dathluke2\n|player|p2|\n|l| bluestraggler01\n","uploadtime":1719247919,"views":17,"formatid":"gen9vgc2024regg","rating":1692,"private":0,"password":null}