{"id":"gen9vgc2024regg-2149863917","format":"[Gen 9] VGC 2024 Reg G","players":["Krisuerte","carrotbeafsteak"],"log":"|j|\u2606Krisuerte\n|j|\u2606carrotbeafsteak\n|t:|1719334317\n|gametype|doubles\n|player|p1|Krisuerte|265|1755\n|player|p2|carrotbeafsteak|169|1826\n|teamsize|p1|6\n|teamsize|p2|6\n|gen|9\n|tier|[Gen 9] VGC 2024 Reg G\n|rated|\n|rule|Species Clause: Limit one of each Pok\u00e9mon\n|rule|Item Clause: Limit one of each item\n|clearpoke\n|poke|p1|Sinistcha-Masterpiece, L50|\n|poke|p1|Kyogre, L50|\n|poke|p1|Tornadus, L50, M|\n|poke|p1|Urshifu-*, L50, M|\n|poke|p1|Archaludon, L50, F|\n|poke|p1|Landorus, L50, M|\n|poke|p2|Zacian-*, L50|\n|poke|p2|Chien-Pao, L50|\n|poke|p2|Stonjourner, L50, F|\n|poke|p2|Chi-Yu, L50|\n|poke|p2|Suicune, L50|\n|poke|p2|Raging Bolt, L50|\n|teampreview|4\n|\n|t:|1719334352\n|start\n|switch|p1a: Kyogre|Kyogre, L50|100\/100\n|switch|p1b: Tornadus|Tornadus, L50, M|100\/100\n|switch|p2a: Chien-Pao|Chien-Pao, L50|100\/100\n|switch|p2b: Stonjourner|Stonjourner, L50, F|100\/100\n|-ability|p2a: Chien-Pao|Sword of Ruin\n|-weather|RainDance|[from] ability: Drizzle|[of] p1a: Kyogre\n|turn|1\n|\n|t:|1719334370\n|-terastallize|p2a: Chien-Pao|Dark\n|-terastallize|p1b: Tornadus|Dark\n|move|p2a: Chien-Pao|Sucker Punch|p1a: Kyogre\n|-damage|p1a: Kyogre|0 fnt\n|faint|p1a: Kyogre\n|-damage|p2a: Chien-Pao|91\/100|[from] item: Life Orb\n|move|p1b: Tornadus|Tailwind|p1b: Tornadus\n|-sidestart|p1: Krisuerte|move: Tailwind\n|move|p2b: Stonjourner|Rock Slide|p1b: Tornadus\n|-damage|p1b: Tornadus|47\/100\n|\n|-weather|RainDance|[upkeep]\n|upkeep\n|\n|t:|1719334392\n|switch|p1a: Archaludon|Archaludon, L50, F|100\/100\n|turn|2\n|\n|t:|1719334414\n|switch|p1b: Urshifu|Urshifu-Rapid-Strike, L50, M|100\/100\n|move|p2b: Stonjourner|Wide Guard|p2b: Stonjourner\n|-singleturn|p2b: Stonjourner|Wide Guard\n|move|p2a: Chien-Pao|Sucker Punch|p1a: Archaludon\n|-crit|p1a: Archaludon\n|-damage|p1a: Archaludon|0 fnt\n|faint|p1a: Archaludon\n|-damage|p2a: Chien-Pao|81\/100|[from] item: Life Orb\n|\n|-weather|RainDance|[upkeep]\n|upkeep\n|\n|t:|1719334426\n|switch|p1a: Tornadus|Tornadus, L50, M, tera:Dark|47\/100\n|turn|3\n|\n|t:|1719334439\n|move|p1b: Urshifu|Aqua Jet|p2a: Chien-Pao\n|-damage|p2a: Chien-Pao|20\/100\n|move|p2a: Chien-Pao|Sucker Punch||[still]\n|-fail|p2a: Chien-Pao\n|move|p1a: Tornadus|Bleakwind Storm|p2a: Chien-Pao|[spread] p2a,p2b\n|-resisted|p2b: Stonjourner\n|-damage|p2a: Chien-Pao|0 fnt\n|-damage|p2b: Stonjourner|58\/100\n|faint|p2a: Chien-Pao\n|move|p2b: Stonjourner|Rock Slide|p1a: Tornadus|[spread] p1a,p1b\n|-resisted|p1b: Urshifu\n|-damage|p1a: Tornadus|14\/100\n|-damage|p1b: Urshifu|87\/100\n|\n|-weather|RainDance|[upkeep]\n|upkeep\n|\n|t:|1719334453\n|switch|p2a: Suicune|Suicune, L50|100\/100\n|turn|4\n|\n|t:|1719334471\n|move|p2b: Stonjourner|Wide Guard|p2b: Stonjourner\n|-singleturn|p2b: Stonjourner|Wide Guard\n|move|p1b: Urshifu|Aqua Jet|p2b: Stonjourner\n|-supereffective|p2b: Stonjourner\n|-crit|p2b: Stonjourner\n|-damage|p2b: Stonjourner|0 fnt\n|faint|p2b: Stonjourner\n|move|p1a: Tornadus|Bleakwind Storm|p2a: Suicune\n|-activate|p2a: Suicune|move: Wide Guard\n|move|p2a: Suicune|Scald|p1a: Tornadus\n|-damage|p1a: Tornadus|0 fnt\n|faint|p1a: Tornadus\n|\n|-weather|RainDance|[upkeep]\n|-sideend|p1: Krisuerte|move: Tailwind\n|upkeep\n|\n|t:|1719334480\n|switch|p2b: Zacian|Zacian-Crowned, L50|100\/100\n|-ability|p2b: Zacian|Intrepid Sword|boost\n|-boost|p2b: Zacian|atk|1\n|turn|5\n|\n|t:|1719334491\n|move|p2b: Zacian|Play Rough|p1b: Urshifu\n|-supereffective|p1b: Urshifu\n|-damage|p1b: Urshifu|0 fnt\n|faint|p1b: Urshifu\n|\n|win|carrotbeafsteak\n|raw|Krisuerte's rating: 1755 &rarr; <strong>1739<\/strong><br \/>(-16 for losing)\n|raw|carrotbeafsteak's rating: 1826 &rarr; <strong>1842<\/strong><br \/>(+16 for winning)\n|l|\u2606Krisuerte\n|player|p1|\n|l|\u2606carrotbeafsteak\n|player|p2|\n","uploadtime":1719334495,"views":143,"formatid":"gen9vgc2024regg","rating":1739,"private":0,"password":null}