{"id":"gen9vgc2024regg-2149035123","format":"[Gen 9] VGC 2024 Reg G","players":["nerd159","tdntns2"],"log":"|j|\u2606nerd159\n|j|\u2606tdntns2\n|t:|1719216967\n|gametype|doubles\n|player|p1|nerd159|169|1748\n|player|p2|tdntns2|sabrina|1735\n|teamsize|p1|6\n|teamsize|p2|6\n|gen|9\n|tier|[Gen 9] VGC 2024 Reg G\n|rated|\n|rule|Species Clause: Limit one of each Pok\u00e9mon\n|rule|Item Clause: Limit one of each item\n|clearpoke\n|poke|p1|Ho-Oh, L50|\n|poke|p1|Chien-Pao, L50|\n|poke|p1|Gouging Fire, L50|\n|poke|p1|Grimmsnarl, L50, M|\n|poke|p1|Gholdengo, L50|\n|poke|p1|Rillaboom, L50, M|\n|poke|p2|Lunala, L50|\n|poke|p2|Rillaboom, L50, F|\n|poke|p2|Urshifu-*, L50, F|\n|poke|p2|Umbreon, L50, F|\n|poke|p2|Iron Jugulis, L50|\n|poke|p2|Chi-Yu, L50|\n|teampreview|4\n|inactive|Battle timer is ON: inactive players will automatically lose when time's up. (requested by tdntns2)\n|inactive|nerd159 has 60 seconds left.\n|inactive|tdntns2 has 60 seconds left.\n|\n|t:|1719217009\n|start\n|switch|p1a: Grimmsnarl|Grimmsnarl, L50, M|100\/100\n|switch|p1b: Ho-Oh|Ho-Oh, L50, shiny|100\/100\n|switch|p2a: Lunala|Lunala, L50|100\/100\n|switch|p2b: Chi-Yu|Chi-Yu, L50|100\/100\n|-ability|p2b: Chi-Yu|Beads of Ruin\n|turn|1\n|\n|t:|1719217029\n|move|p1b: Ho-Oh|Protect|p1b: Ho-Oh\n|-singleturn|p1b: Ho-Oh|Protect\n|move|p1a: Grimmsnarl|Light Screen|p1a: Grimmsnarl\n|-sidestart|p1: nerd159|move: Light Screen\n|move|p2b: Chi-Yu|Overheat|p1a: Grimmsnarl\n|-damage|p1a: Grimmsnarl|39\/100\n|-unboost|p2b: Chi-Yu|spa|2\n|move|p2a: Lunala|Moonblast|p1a: Grimmsnarl\n|-supereffective|p1a: Grimmsnarl\n|-damage|p1a: Grimmsnarl|0 fnt\n|faint|p1a: Grimmsnarl\n|\n|upkeep\n|\n|t:|1719217042\n|switch|p1a: Chien-Pao|Chien-Pao, L50|100\/100\n|-ability|p1a: Chien-Pao|Sword of Ruin\n|turn|2\n|\n|t:|1719217054\n|-terastallize|p2a: Lunala|Fairy\n|-terastallize|p1b: Ho-Oh|Grass\n|move|p2b: Chi-Yu|Overheat|p1a: Chien-Pao\n|-supereffective|p1a: Chien-Pao\n|-enditem|p1a: Chien-Pao|Focus Sash\n|-damage|p1a: Chien-Pao|1\/100\n|-unboost|p2b: Chi-Yu|spa|2\n|move|p1a: Chien-Pao|Sacred Sword|p2b: Chi-Yu\n|-supereffective|p2b: Chi-Yu\n|-damage|p2b: Chi-Yu|0 fnt\n|faint|p2b: Chi-Yu\n|move|p2a: Lunala|Moonblast|p1a: Chien-Pao\n|-supereffective|p1a: Chien-Pao\n|-damage|p1a: Chien-Pao|0 fnt\n|faint|p1a: Chien-Pao\n|move|p1b: Ho-Oh|Sacred Fire|p2a: Lunala\n|-damage|p2a: Lunala|80\/100\n|-status|p2a: Lunala|brn\n|\n|-heal|p2a: Lunala|86\/100 brn|[from] item: Leftovers\n|-damage|p2a: Lunala|80\/100 brn|[from] brn\n|upkeep\n|\n|t:|1719217074\n|switch|p1a: Rillaboom|Rillaboom, L50, M|100\/100\n|switch|p2b: Urshifu|Urshifu-Rapid-Strike, L50, F|100\/100\n|-fieldstart|move: Grassy Terrain|[from] ability: Grassy Surge|[of] p1a: Rillaboom\n|turn|3\n|\n|t:|1719217085\n|move|p2b: Urshifu|Detect|p2b: Urshifu\n|-singleturn|p2b: Urshifu|Protect\n|move|p2a: Lunala|Protect|p2a: Lunala\n|-singleturn|p2a: Lunala|Protect\n|move|p1a: Rillaboom|Fake Out|p2b: Urshifu\n|-activate|p2b: Urshifu|move: Protect\n|move|p1b: Ho-Oh|Brave Bird|p2b: Urshifu\n|-activate|p2b: Urshifu|move: Protect\n|\n|-heal|p2a: Lunala|86\/100 brn|[from] Grassy Terrain\n|-heal|p2a: Lunala|93\/100 brn|[from] item: Leftovers\n|-damage|p2a: Lunala|86\/100 brn|[from] brn\n|upkeep\n|turn|4\n|\n|t:|1719217110\n|move|p2b: Urshifu|Close Combat|p1b: Ho-Oh\n|-damage|p1b: Ho-Oh|44\/100\n|-unboost|p2b: Urshifu|def|1\n|-unboost|p2b: Urshifu|spd|1\n|move|p2a: Lunala|Moongeist Beam|p1b: Ho-Oh\n|-damage|p1b: Ho-Oh|23\/100\n|move|p1a: Rillaboom|Wood Hammer|p2b: Urshifu\n|-supereffective|p2b: Urshifu\n|-enditem|p2b: Urshifu|Focus Sash\n|-damage|p2b: Urshifu|1\/100\n|-damage|p1a: Rillaboom|68\/100|[from] Recoil\n|move|p1b: Ho-Oh|Tailwind|p1b: Ho-Oh\n|-sidestart|p1: nerd159|move: Tailwind\n|\n|-heal|p1a: Rillaboom|75\/100|[from] Grassy Terrain\n|-heal|p1b: Ho-Oh|29\/100|[from] Grassy Terrain\n|-heal|p2b: Urshifu|7\/100|[from] Grassy Terrain\n|-heal|p2a: Lunala|93\/100 brn|[from] Grassy Terrain\n|-heal|p2a: Lunala|99\/100 brn|[from] item: Leftovers\n|-damage|p2a: Lunala|93\/100 brn|[from] brn\n|upkeep\n|turn|5\n|j| rabbithorn01\n|\n|t:|1719217123\n|move|p2b: Urshifu|Detect|p2b: Urshifu\n|-singleturn|p2b: Urshifu|Protect\n|move|p2a: Lunala|Protect|p2a: Lunala\n|-singleturn|p2a: Lunala|Protect\n|move|p1a: Rillaboom|Grassy Glide|p2b: Urshifu\n|-activate|p2b: Urshifu|move: Protect\n|move|p1b: Ho-Oh|Sacred Fire|p2a: Lunala\n|-activate|p2a: Lunala|move: Protect\n|\n|-heal|p1a: Rillaboom|81\/100|[from] Grassy Terrain\n|-heal|p1b: Ho-Oh|35\/100|[from] Grassy Terrain\n|-heal|p2b: Urshifu|14\/100|[from] Grassy Terrain\n|-heal|p2a: Lunala|99\/100 brn|[from] Grassy Terrain\n|-heal|p2a: Lunala|100\/100 brn|[from] item: Leftovers\n|-damage|p2a: Lunala|94\/100 brn|[from] brn\n|upkeep\n|turn|6\n|\n|t:|1719217138\n|switch|p2b: Rillaboom|Rillaboom, L50, F|100\/100\n|move|p1a: Rillaboom|Wood Hammer|p2a: Lunala\n|-damage|p2a: Lunala|28\/100 brn\n|-damage|p1a: Rillaboom|51\/100|[from] Recoil\n|move|p1b: Ho-Oh|Brave Bird|p2a: Lunala\n|-damage|p2a: Lunala|0 fnt\n|faint|p2a: Lunala\n|-damage|p1b: Ho-Oh|24\/100|[from] Recoil\n|\n|-heal|p1a: Rillaboom|57\/100|[from] Grassy Terrain\n|-heal|p1b: Ho-Oh|31\/100|[from] Grassy Terrain\n|upkeep\n|\n|t:|1719217147\n|switch|p2a: Urshifu|Urshifu-Rapid-Strike, L50, F|14\/100\n|turn|7\n|\n|t:|1719217160\n|move|p2a: Urshifu|Detect|p2a: Urshifu\n|-singleturn|p2a: Urshifu|Protect\n|move|p2b: Rillaboom|Fake Out|p1b: Ho-Oh\n|-damage|p1b: Ho-Oh|19\/100\n|move|p1a: Rillaboom|Grassy Glide|p2a: Urshifu\n|-activate|p2a: Urshifu|move: Protect\n|cant|p1b: Ho-Oh|flinch\n|\n|-heal|p1a: Rillaboom|63\/100|[from] Grassy Terrain\n|-heal|p1b: Ho-Oh|25\/100|[from] Grassy Terrain\n|-heal|p2a: Urshifu|20\/100|[from] Grassy Terrain\n|-sideend|p1: nerd159|move: Tailwind\n|-fieldend|move: Grassy Terrain\n|upkeep\n|turn|8\n|\n|t:|1719217172\n|move|p2a: Urshifu|Close Combat|p1b: Ho-Oh\n|-damage|p1b: Ho-Oh|0 fnt\n|-unboost|p2a: Urshifu|def|1\n|-unboost|p2a: Urshifu|spd|1\n|faint|p1b: Ho-Oh\n|move|p1a: Rillaboom|Grassy Glide|p2a: Urshifu\n|-supereffective|p2a: Urshifu\n|-damage|p2a: Urshifu|0 fnt\n|faint|p2a: Urshifu\n|move|p2b: Rillaboom|U-turn|p1a: Rillaboom\n|-supereffective|p1a: Rillaboom\n|-crit|p1a: Rillaboom\n|-damage|p1a: Rillaboom|0 fnt\n|faint|p1a: Rillaboom\n|\n|win|tdntns2\n|raw|nerd159's rating: 1748 &rarr; <strong>1727<\/strong><br \/>(-21 for losing)\n|raw|tdntns2's rating: 1735 &rarr; <strong>1756<\/strong><br \/>(+21 for winning)\n|l|\u2606nerd159\n|player|p1|\n|l|\u2606tdntns2\n|player|p2|\n","uploadtime":1719217215,"views":33,"formatid":"gen9vgc2024regg","rating":1727,"private":0,"password":null}