{"id":"gen9vgc2024regg-2149514140","format":"[Gen 9] VGC 2024 Reg G","players":["yuusenior09","tuanzai233"],"log":"|j|\u203dyuusenior09\n|j|\u2606tuanzai233\n|t:|1719279849\n|gametype|doubles\n|player|p1|yuusenior09|169|1711\n|player|p2|tuanzai233|169|1714\n|teamsize|p1|6\n|teamsize|p2|6\n|gen|9\n|tier|[Gen 9] VGC 2024 Reg G\n|rated|\n|rule|Species Clause: Limit one of each Pok\u00e9mon\n|rule|Item Clause: Limit one of each item\n|clearpoke\n|poke|p1|Terapagos, L50, M|\n|poke|p1|Incineroar, L50, M|\n|poke|p1|Rillaboom, L50, M|\n|poke|p1|Amoonguss, L50, F|\n|poke|p1|Scream Tail, L50|\n|poke|p1|Gholdengo, L50|\n|poke|p2|Indeedee-F, L50, F|\n|poke|p2|Torkoal, L50, M|\n|poke|p2|Calyrex-Ice, L50|\n|poke|p2|Annihilape, L50, F|\n|poke|p2|Urshifu-*, L50, M|\n|poke|p2|Brute Bonnet, L50|\n|teampreview|4\n|inactive|Battle timer is ON: inactive players will automatically lose when time's up. (requested by yuusenior09)\n|\n|t:|1719279884\n|start\n|switch|p1a: Terapagos|Terapagos, L50, M|100\/100\n|switch|p1b: Gholdengo|Gholdengo, L50|100\/100\n|switch|p2a: Calyrex|Calyrex-Ice, L50|100\/100\n|switch|p2b: Brute Bonnet|Brute Bonnet, L50, shiny|100\/100\n|-activate|p1a: Terapagos|ability: Tera Shift\n|detailschange|p1a: Terapagos|Terapagos-Terastal, L50, M\n|-heal|p1a: Terapagos|100\/100|[silent]\n|-ability|p2a: Calyrex|As One\n|-ability|p2a: Calyrex|Unnerve\n|turn|1\n|\n|t:|1719279897\n|move|p1a: Terapagos|Protect|p1a: Terapagos\n|-singleturn|p1a: Terapagos|Protect\n|move|p2a: Calyrex|Protect|p2a: Calyrex\n|-singleturn|p2a: Calyrex|Protect\n|move|p1b: Gholdengo|Trick|p2a: Calyrex\n|-activate|p2a: Calyrex|move: Protect\n|move|p2b: Brute Bonnet|Spore|p1a: Terapagos\n|-activate|p1a: Terapagos|move: Protect\n|\n|upkeep\n|turn|2\n|j| neebieplayersea\n|\n|t:|1719279918\n|switch|p1a: Incineroar|Incineroar, L50, M, shiny|100\/100\n|-ability|p1a: Incineroar|Intimidate|boost\n|-fail|p2a: Calyrex|unboost|[from] item: Clear Amulet|[of] p2a: Calyrex\n|-unboost|p2b: Brute Bonnet|atk|1\n|-terastallize|p2a: Calyrex|Fire\n|move|p2b: Brute Bonnet|Rage Powder|p2b: Brute Bonnet\n|-singleturn|p2b: Brute Bonnet|move: Rage Powder\n|move|p1b: Gholdengo|Trick|p2b: Brute Bonnet\n|-activate|p1b: Gholdengo|move: Trick|[of] p2b: Brute Bonnet\n|-item|p2b: Brute Bonnet|Choice Scarf|[from] move: Trick\n|-item|p1b: Gholdengo|Sitrus Berry|[from] move: Trick\n|move|p2a: Calyrex|Trick Room|p2a: Calyrex\n|-fieldstart|move: Trick Room|[of] p2a: Calyrex\n|\n|upkeep\n|turn|3\n|\n|t:|1719279939\n|move|p1b: Gholdengo|Protect|p1b: Gholdengo\n|-singleturn|p1b: Gholdengo|Protect\n|move|p2a: Calyrex|High Horsepower|p1a: Incineroar\n|-supereffective|p1a: Incineroar\n|-damage|p1a: Incineroar|37\/100\n|move|p1a: Incineroar|Knock Off|p2a: Calyrex\n|-damage|p2a: Calyrex|77\/100\n|-enditem|p2a: Calyrex|Clear Amulet|[from] move: Knock Off|[of] p1a: Incineroar\n|move|p2b: Brute Bonnet|Crunch|p1b: Gholdengo\n|-activate|p1b: Gholdengo|move: Protect\n|\n|upkeep\n|turn|4\n|\n|t:|1719279963\n|switch|p1a: Amoonguss|Amoonguss, L50, F|100\/100\n|switch|p1b: Terapagos|Terapagos-Terastal, L50, M|100\/100\n|move|p2a: Calyrex|High Horsepower|p1a: Amoonguss\n|-damage|p1a: Amoonguss|68\/100\n|move|p2b: Brute Bonnet|Crunch|p1b: Terapagos\n|-activate|p1b: Terapagos|ability: Tera Shell\n|-resisted|p1b: Terapagos\n|-damage|p1b: Terapagos|92\/100\n|\n|-heal|p1b: Terapagos|98\/100|[from] item: Leftovers\n|upkeep\n|turn|5\n|\n|t:|1719279977\n|-end|p2b: Brute Bonnet|Protosynthesis|[silent]\n|switch|p2b: Torkoal|Torkoal, L50, M|100\/100\n|-weather|SunnyDay|[from] ability: Drought|[of] p2b: Torkoal\n|move|p2a: Calyrex|Protect|p2a: Calyrex\n|-singleturn|p2a: Calyrex|Protect\n|move|p1a: Amoonguss|Spore|p2a: Calyrex\n|-activate|p2a: Calyrex|move: Protect\n|move|p1b: Terapagos|Calm Mind|p1b: Terapagos\n|-boost|p1b: Terapagos|spa|1\n|-boost|p1b: Terapagos|spd|1\n|\n|-weather|SunnyDay|[upkeep]\n|-heal|p1b: Terapagos|100\/100|[from] item: Leftovers\n|upkeep\n|turn|6\n|inactive|yuusenior09 has 30 seconds left.\n|\n|t:|1719280004\n|-terastallize|p1a: Amoonguss|Water\n|move|p2b: Torkoal|Eruption|p1a: Amoonguss|[spread] p1a,p1b\n|-resisted|p1a: Amoonguss\n|-crit|p1a: Amoonguss\n|-activate|p1b: Terapagos|ability: Tera Shell\n|-resisted|p1b: Terapagos\n|-damage|p1a: Amoonguss|12\/100\n|-damage|p1b: Terapagos|78\/100\n|move|p1a: Amoonguss|Spore|p2a: Calyrex\n|-status|p2a: Calyrex|slp|[from] move: Spore\n|cant|p2a: Calyrex|slp\n|move|p1b: Terapagos|Calm Mind|p1b: Terapagos\n|-boost|p1b: Terapagos|spa|1\n|-boost|p1b: Terapagos|spd|1\n|\n|-weather|SunnyDay|[upkeep]\n|-heal|p1b: Terapagos|84\/100|[from] item: Leftovers\n|-fieldend|move: Trick Room\n|upkeep\n|turn|7\n|j| THUNDERSND77\n|inactive|yuusenior09 has 30 seconds left.\n|\n|t:|1719280033\n|move|p1b: Terapagos|Tera Starstorm|p2a: Calyrex\n|-damage|p2a: Calyrex|3\/100 slp\n|-curestatus|p2a: Calyrex|slp|[msg]\n|move|p2a: Calyrex|Glacial Lance|p1b: Terapagos|[spread] p1a,p1b\n|-resisted|p1a: Amoonguss\n|-damage|p1a: Amoonguss|0 fnt\n|-damage|p1b: Terapagos|32\/100\n|faint|p1a: Amoonguss\n|-ability|p2a: Calyrex|Chilling Neigh|boost\n|-boost|p2a: Calyrex|atk|1\n|move|p2b: Torkoal|Weather Ball|p1b: Terapagos\n|-damage|p1b: Terapagos|0 fnt\n|faint|p1b: Terapagos\n|\n|-weather|SunnyDay|[upkeep]\n|upkeep\n|\n|t:|1719280038\n|switch|p1b: Incineroar|Incineroar, L50, M, shiny|37\/100\n|switch|p1a: Gholdengo|Gholdengo, L50|100\/100\n|-ability|p1b: Incineroar|Intimidate|boost\n|-unboost|p2a: Calyrex|atk|1\n|-unboost|p2b: Torkoal|atk|1\n|turn|8\n|-message|yuusenior09 forfeited.\n|\n|win|tuanzai233\n|raw|yuusenior09's rating: 1711 &rarr; <strong>1691<\/strong><br \/>(-20 for losing)\n|raw|tuanzai233's rating: 1714 &rarr; <strong>1734<\/strong><br \/>(+20 for winning)\n|l|\u203dyuusenior09\n|player|p1|\n|l|\u2606tuanzai233\n|player|p2|\n||Ladder isn't responding, score probably updated but might not have (getaddrinfo EAI_AGAIN play.pokemonshowdown.com).\n|l| THUNDERSND77\n","uploadtime":1719280186,"views":13,"formatid":"gen9vgc2024regg","rating":1691,"private":0,"password":null}