{"id":"gen9vgc2024regg-2149310325","format":"[Gen 9] VGC 2024 Reg G","players":["dathluke2","sturbyy"],"log":"|j|\u2606dathluke2\n|j|\u2606sturbyy\n|t:|1719254694\n|gametype|doubles\n|player|p1|dathluke2|pokekid|1768\n|player|p2|sturbyy|101|1718\n|teamsize|p1|6\n|teamsize|p2|6\n|gen|9\n|tier|[Gen 9] VGC 2024 Reg G\n|rated|\n|rule|Species Clause: Limit one of each Pok\u00e9mon\n|rule|Item Clause: Limit one of each item\n|clearpoke\n|poke|p1|Iron Hands, L50|\n|poke|p1|Calyrex-Ice, L50|\n|poke|p1|Incineroar, L50, M|\n|poke|p1|Amoonguss, L50, M|\n|poke|p1|Urshifu-*, L50, F|\n|poke|p1|Flutter Mane, L50|\n|poke|p2|Terapagos, L50, M|\n|poke|p2|Urshifu-*, L50, F|\n|poke|p2|Ogerpon-Hearthflame, L50, F|\n|poke|p2|Flutter Mane, L50|\n|poke|p2|Amoonguss, L50, M|\n|poke|p2|Iron Hands, L50|\n|teampreview|4\n|inactive|Battle timer is ON: inactive players will automatically lose when time's up. (requested by dathluke2)\n|\n|t:|1719254716\n|start\n|switch|p1a: Incineroar|Incineroar, L50, M|100\/100\n|switch|p1b: Calyrex|Calyrex-Ice, L50|100\/100\n|switch|p2a: Terapagos|Terapagos, L50, M|100\/100\n|switch|p2b: Ogerpon|Ogerpon-Hearthflame, L50, F|100\/100\n|-activate|p2a: Terapagos|ability: Tera Shift\n|detailschange|p2a: Terapagos|Terapagos-Terastal, L50, M\n|-heal|p2a: Terapagos|100\/100|[silent]\n|-ability|p1b: Calyrex|As One\n|-ability|p1b: Calyrex|Unnerve\n|-ability|p2b: Ogerpon|Mold Breaker\n|-ability|p1a: Incineroar|Intimidate|boost\n|-unboost|p2a: Terapagos|atk|1\n|-unboost|p2b: Ogerpon|atk|1\n|turn|1\n|\n|t:|1719254728\n|-terastallize|p1b: Calyrex|Fire\n|move|p1a: Incineroar|Fake Out|p2a: Terapagos\n|-activate|p2a: Terapagos|ability: Tera Shell\n|-resisted|p2a: Terapagos\n|-damage|p2a: Terapagos|95\/100\n|move|p2b: Ogerpon|Ivy Cudgel|p1b: Calyrex|[anim] Ivy Cudgel Fire\n|-resisted|p1b: Calyrex\n|-damage|p1b: Calyrex|90\/100\n|cant|p2a: Terapagos|flinch\n|move|p1b: Calyrex|Glacial Lance|p2a: Terapagos|[spread] p2a,p2b\n|-damage|p2a: Terapagos|43\/100\n|-damage|p2b: Ogerpon|36\/100\n|\n|upkeep\n|turn|2\n|\n|t:|1719254743\n|switch|p2b: Iron Hands|Iron Hands, L50|100\/100\n|switch|p1a: Iron Hands|Iron Hands, L50|100\/100\n|move|p1b: Calyrex|Protect|p1b: Calyrex\n|-singleturn|p1b: Calyrex|Protect\n|move|p2a: Terapagos|Meteor Beam||[still]\n|-prepare|p2a: Terapagos|Meteor Beam\n|-boost|p2a: Terapagos|spa|1\n|-enditem|p2a: Terapagos|Power Herb\n|-anim|p2a: Terapagos|Meteor Beam|p1b: Calyrex\n|-activate|p1b: Calyrex|move: Protect\n|\n|upkeep\n|turn|3\n|\n|t:|1719254768\n|-terastallize|p2a: Terapagos|Stellar\n|detailschange|p2a: Terapagos|Terapagos-Stellar, L50, M, tera:Stellar\n|-heal|p2a: Terapagos|58\/100|[silent]\n|move|p1a: Iron Hands|Fake Out|p2a: Terapagos\n|-damage|p2a: Terapagos|48\/100\n|move|p2b: Iron Hands|Fake Out|p1b: Calyrex\n|-damage|p1b: Calyrex|80\/100\n|cant|p2a: Terapagos|flinch\n|cant|p1b: Calyrex|flinch\n|\n|upkeep\n|turn|4\n|\n|t:|1719254781\n|move|p2a: Terapagos|Protect|p2a: Terapagos\n|-singleturn|p2a: Terapagos|Protect\n|move|p1b: Calyrex|Protect|p1b: Calyrex\n|-singleturn|p1b: Calyrex|Protect\n|move|p1a: Iron Hands|Drain Punch|p2a: Terapagos\n|-activate|p2a: Terapagos|move: Protect\n|move|p2b: Iron Hands|Drain Punch|p1a: Iron Hands\n|-crit|p1a: Iron Hands\n|-damage|p1a: Iron Hands|53\/100\n|\n|upkeep\n|turn|5\n|\n|t:|1719254796\n|move|p2a: Terapagos|Tera Starstorm|p1b: Calyrex|[spread] p1a,p1b\n|-supereffective|p1b: Calyrex\n|-damage|p1a: Iron Hands|20\/100\n|-damage|p1b: Calyrex|0 fnt\n|faint|p1b: Calyrex\n|move|p1a: Iron Hands|Drain Punch|p2a: Terapagos\n|-supereffective|p2a: Terapagos\n|-damage|p2a: Terapagos|0 fnt\n|-heal|p1a: Iron Hands|45\/100|[from] drain|[of] p2a: Terapagos\n|faint|p2a: Terapagos\n|move|p2b: Iron Hands|Drain Punch|p1a: Iron Hands\n|-damage|p1a: Iron Hands|14\/100\n|\n|upkeep\n|\n|t:|1719254804\n|switch|p2a: Ogerpon|Ogerpon-Hearthflame, L50, F|36\/100\n|switch|p1b: Incineroar|Incineroar, L50, M|100\/100\n|-ability|p2a: Ogerpon|Mold Breaker\n|-ability|p1b: Incineroar|Intimidate|boost\n|-unboost|p2a: Ogerpon|atk|1\n|-unboost|p2b: Iron Hands|atk|1\n|turn|6\n|\n|t:|1719254809\n|-end|p2b: Iron Hands|Quark Drive|[silent]\n|switch|p2b: Amoonguss|Amoonguss, L50, M|100\/100\n|move|p2a: Ogerpon|Spiky Shield|p2a: Ogerpon\n|-singleturn|p2a: Ogerpon|move: Protect\n|move|p1b: Incineroar|Fake Out|p2a: Ogerpon\n|-activate|p2a: Ogerpon|move: Protect\n|-damage|p1b: Incineroar|88\/100|[from] Spiky Shield|[of] p2a: Ogerpon\n|move|p1a: Iron Hands|Drain Punch|p2b: Amoonguss\n|-resisted|p2b: Amoonguss\n|-damage|p2b: Amoonguss|83\/100\n|-heal|p1a: Iron Hands|23\/100|[from] drain|[of] p2b: Amoonguss\n|-damage|p1a: Iron Hands|6\/100|[from] item: Rocky Helmet|[of] p2b: Amoonguss\n|\n|upkeep\n|turn|7\n|\n|t:|1719254828\n|move|p2a: Ogerpon|Ivy Cudgel|p1a: Iron Hands|[anim] Ivy Cudgel Fire\n|-damage|p1a: Iron Hands|0 fnt\n|faint|p1a: Iron Hands\n|-end|p1a: Iron Hands|Quark Drive|[silent]\n|move|p1b: Incineroar|Knock Off|p2a: Ogerpon\n|-damage|p2a: Ogerpon|7\/100\n|move|p2b: Amoonguss|Pollen Puff|p2a: Ogerpon\n|-heal|p2a: Ogerpon|57\/100\n|\n|upkeep\n|\n|t:|1719254831\n|switch|p1a: Urshifu|Urshifu, L50, F|100\/100\n|turn|8\n|\n|t:|1719254844\n|switch|p2a: Iron Hands|Iron Hands, L50|100\/100\n|move|p1a: Urshifu|Wicked Blow|p2a: Iron Hands\n|-resisted|p2a: Iron Hands\n|-crit|p2a: Iron Hands\n|-damage|p2a: Iron Hands|78\/100\n|move|p1b: Incineroar|Taunt|p2b: Amoonguss\n|-start|p2b: Amoonguss|move: Taunt\n|cant|p2b: Amoonguss|move: Taunt|Spore\n|\n|upkeep\n|turn|9\n|\n|t:|1719254858\n|switch|p2b: Ogerpon|Ogerpon-Hearthflame, L50, F|57\/100\n|-ability|p2b: Ogerpon|Mold Breaker\n|move|p1a: Urshifu|Detect|p1a: Urshifu\n|-singleturn|p1a: Urshifu|Protect\n|move|p1b: Incineroar|Knock Off|p2b: Ogerpon\n|-damage|p2b: Ogerpon|32\/100\n|move|p2a: Iron Hands|Drain Punch|p1b: Incineroar\n|-supereffective|p1b: Incineroar\n|-damage|p1b: Incineroar|11\/100\n|-heal|p2a: Iron Hands|100\/100|[from] drain|[of] p1b: Incineroar\n|\n|upkeep\n|turn|10\n|\n|t:|1719254869\n|move|p2b: Ogerpon|Ivy Cudgel|p1b: Incineroar|[anim] Ivy Cudgel Fire\n|-resisted|p1b: Incineroar\n|-damage|p1b: Incineroar|0 fnt\n|faint|p1b: Incineroar\n|move|p1a: Urshifu|Wicked Blow|p2b: Ogerpon\n|-crit|p2b: Ogerpon\n|-damage|p2b: Ogerpon|0 fnt\n|faint|p2b: Ogerpon\n|move|p2a: Iron Hands|Drain Punch|p1a: Urshifu\n|-supereffective|p1a: Urshifu\n|-damage|p1a: Urshifu|21\/100\n|\n|upkeep\n|\n|t:|1719254872\n|switch|p2b: Amoonguss|Amoonguss, L50, M|100\/100\n|turn|11\n|-message|dathluke2 forfeited.\n|\n|win|sturbyy\n|raw|dathluke2's rating: 1768 &rarr; <strong>1745<\/strong><br \/>(-23 for losing)\n|raw|sturbyy's rating: 1718 &rarr; <strong>1741<\/strong><br \/>(+23 for winning)\n|l|\u2606dathluke2\n|player|p1|\n|c|\u2606sturbyy|g\n|l|\u2606sturbyy\n|player|p2|\n","uploadtime":1719254886,"views":48,"formatid":"gen9vgc2024regg","rating":1741,"private":0,"password":null}