{"id":"gen9vgc2024regg-2149648847","format":"[Gen 9] VGC 2024 Reg G","players":["shulivgc","tdntns2"],"log":"|j|\u2606shulivgc\n|j|\u2606tdntns2\n|t:|1719303273\n|gametype|doubles\n|player|p1|shulivgc|#smogonxnpa2024draftee2|1880\n|player|p2|tdntns2|sabrina|1786\n|teamsize|p1|6\n|teamsize|p2|6\n|gen|9\n|tier|[Gen 9] VGC 2024 Reg G\n|rated|\n|rule|Species Clause: Limit one of each Pok\u00e9mon\n|rule|Item Clause: Limit one of each item\n|clearpoke\n|poke|p1|Calyrex-Ice, L50|\n|poke|p1|Annihilape, L50, F|\n|poke|p1|Smeargle, L50, M|\n|poke|p1|Ursaluna-Bloodmoon, L50, M|\n|poke|p1|Urshifu-*, L50, F|\n|poke|p1|Ogerpon-Wellspring, L50, F|\n|poke|p2|Lunala, L50|\n|poke|p2|Rillaboom, L50, M|\n|poke|p2|Urshifu-*, L50, M|\n|poke|p2|Umbreon, L50, M|\n|poke|p2|Iron Jugulis, L50|\n|poke|p2|Chi-Yu, L50|\n|teampreview|4\n|inactive|Battle timer is ON: inactive players will automatically lose when time's up. (requested by tdntns2)\n|j| autumdog\n|j| THUNDERSND77\n|\n|t:|1719303299\n|start\n|switch|p1a: Calyrex|Calyrex-Ice, L50|100\/100\n|switch|p1b: Smeargle|Smeargle, L50, M|100\/100\n|switch|p2a: Lunala|Lunala, L50|100\/100\n|switch|p2b: Umbreon|Umbreon, L50, M|100\/100\n|-ability|p1a: Calyrex|As One\n|-ability|p1a: Calyrex|Unnerve\n|turn|1\n|\n|t:|1719303312\n|move|p1b: Smeargle|Follow Me|p1b: Smeargle\n|-singleturn|p1b: Smeargle|move: Follow Me\n|move|p2a: Lunala|Moonblast|p1b: Smeargle\n|-damage|p1b: Smeargle|33\/100\n|move|p2b: Umbreon|Taunt|p1b: Smeargle\n|-start|p1b: Smeargle|move: Taunt\n|move|p1a: Calyrex|Glacial Lance|p2a: Lunala|[spread] p2a,p2b\n|-damage|p2a: Lunala|78\/100\n|-damage|p2b: Umbreon|61\/100\n|\n|-heal|p2a: Lunala|84\/100|[from] item: Leftovers\n|upkeep\n|turn|2\n|j| Jasper2452\n|j| stewpeed\n|inactive|shulivgc has 30 seconds left.\n|j| chuanOVO\n|inactive|shulivgc has 20 seconds left.\n|inactive|shulivgc has 15 seconds left.\n|inactive|shulivgc has 10 seconds left.\n|inactive|shulivgc has 5 seconds left.\n|\n|t:|1719303362\n|switch|p1b: Ursaluna|Ursaluna-Bloodmoon, L50, M|100\/100\n|-terastallize|p1a: Calyrex|Water\n|move|p2a: Lunala|Moonblast|p1b: Ursaluna\n|-damage|p1b: Ursaluna|61\/100\n|move|p2b: Umbreon|Reflect|p2b: Umbreon\n|-sidestart|p2: tdntns2|Reflect\n|move|p1a: Calyrex|Trick Room|p1a: Calyrex\n|-fieldstart|move: Trick Room|[of] p1a: Calyrex\n|\n|-heal|p2a: Lunala|90\/100|[from] item: Leftovers\n|upkeep\n|turn|3\n|inactive|tdntns2 has 30 seconds left.\n|l| THUNDERSND77\n|inactive|tdntns2 has 20 seconds left.\n|\n|t:|1719303397\n|-terastallize|p2a: Lunala|Fairy\n|move|p1b: Ursaluna|Blood Moon|p2b: Umbreon\n|-damage|p2b: Umbreon|1\/100\n|-damage|p1b: Ursaluna|51\/100|[from] item: Life Orb\n|move|p1a: Calyrex|Glacial Lance|p2b: Umbreon|[spread] p2a,p2b\n|-damage|p2a: Lunala|60\/100\n|-damage|p2b: Umbreon|0 fnt\n|faint|p2b: Umbreon\n|-ability|p1a: Calyrex|Chilling Neigh|boost\n|-boost|p1a: Calyrex|atk|1\n|move|p2a: Lunala|Moonblast|p1b: Ursaluna\n|-damage|p1b: Ursaluna|0 fnt\n|faint|p1b: Ursaluna\n|\n|-heal|p2a: Lunala|66\/100|[from] item: Leftovers\n|upkeep\n|j| THUNDERSND77\n|\n|t:|1719303409\n|switch|p1b: Smeargle|Smeargle, L50, M|33\/100\n|switch|p2b: Rillaboom|Rillaboom, L50, M|100\/100\n|-fieldstart|move: Grassy Terrain|[from] ability: Grassy Surge|[of] p2b: Rillaboom\n|turn|4\n|\n|t:|1719303432\n|move|p2a: Lunala|Protect|p2a: Lunala\n|-singleturn|p2a: Lunala|Protect\n|move|p1b: Smeargle|Fake Out|p2a: Lunala\n|-activate|p2a: Lunala|move: Protect\n|move|p2b: Rillaboom|Fake Out|p1a: Calyrex\n|-damage|p1a: Calyrex|92\/100\n|cant|p1a: Calyrex|flinch\n|\n|-heal|p1b: Smeargle|39\/100|[from] Grassy Terrain\n|-heal|p1a: Calyrex|98\/100|[from] Grassy Terrain\n|-heal|p2a: Lunala|73\/100|[from] Grassy Terrain\n|-heal|p2a: Lunala|79\/100|[from] item: Leftovers\n|upkeep\n|turn|5\n|\n|t:|1719303452\n|switch|p2b: Urshifu|Urshifu-Rapid-Strike, L50, M|100\/100\n|move|p1b: Smeargle|Decorate|p1a: Calyrex\n|-boost|p1a: Calyrex|atk|2\n|-boost|p1a: Calyrex|spa|2\n|move|p1a: Calyrex|Glacial Lance|p2b: Urshifu|[spread] p2a,p2b\n|-resisted|p2b: Urshifu\n|-damage|p2a: Lunala|0 fnt\n|-damage|p2b: Urshifu|47\/100\n|faint|p2a: Lunala\n|-ability|p1a: Calyrex|Chilling Neigh|boost\n|-boost|p1a: Calyrex|atk|1\n|\n|-heal|p1b: Smeargle|45\/100|[from] Grassy Terrain\n|-heal|p1a: Calyrex|100\/100|[from] Grassy Terrain\n|-heal|p2b: Urshifu|53\/100|[from] Grassy Terrain\n|upkeep\n|\n|t:|1719303460\n|switch|p2a: Rillaboom|Rillaboom, L50, M|100\/100\n|turn|6\n|\n|t:|1719303474\n|move|p2b: Urshifu|Detect|p2b: Urshifu\n|-singleturn|p2b: Urshifu|Protect\n|move|p2a: Rillaboom|Fake Out|p1a: Calyrex\n|-damage|p1a: Calyrex|91\/100\n|move|p1b: Smeargle|Spore|p2b: Urshifu\n|-activate|p2b: Urshifu|move: Protect\n|cant|p1a: Calyrex|flinch\n|\n|-heal|p1b: Smeargle|51\/100|[from] Grassy Terrain\n|-heal|p1a: Calyrex|97\/100|[from] Grassy Terrain\n|-heal|p2b: Urshifu|59\/100|[from] Grassy Terrain\n|-sideend|p2: tdntns2|Reflect\n|-fieldend|move: Trick Room\n|upkeep\n|turn|7\n|inactive|shulivgc has 30 seconds left.\n|\n|t:|1719303503\n|switch|p1b: Urshifu|Urshifu, L50, F|100\/100\n|move|p1a: Calyrex|Protect|p1a: Calyrex\n|-singleturn|p1a: Calyrex|Protect\n|move|p2b: Urshifu|Close Combat|p1b: Urshifu\n|-supereffective|p1b: Urshifu\n|-damage|p1b: Urshifu|0 fnt\n|-unboost|p2b: Urshifu|def|1\n|-unboost|p2b: Urshifu|spd|1\n|faint|p1b: Urshifu\n|move|p2a: Rillaboom|Wood Hammer|p1a: Calyrex\n|-activate|p1a: Calyrex|move: Protect\n|\n|-heal|p2b: Urshifu|65\/100|[from] Grassy Terrain\n|-heal|p1a: Calyrex|100\/100|[from] Grassy Terrain\n|upkeep\n|\n|t:|1719303510\n|switch|p1b: Smeargle|Smeargle, L50, M|51\/100\n|turn|8\n|\n|t:|1719303521\n|move|p1b: Smeargle|Fake Out|p2a: Rillaboom\n|-damage|p2a: Rillaboom|92\/100\n|move|p2b: Urshifu|Close Combat|p1b: Smeargle\n|-supereffective|p1b: Smeargle\n|-damage|p1b: Smeargle|0 fnt\n|-unboost|p2b: Urshifu|def|1\n|-unboost|p2b: Urshifu|spd|1\n|faint|p1b: Smeargle\n|cant|p2a: Rillaboom|flinch\n|move|p1a: Calyrex|Trick Room|p1a: Calyrex\n|-fieldstart|move: Trick Room|[of] p1a: Calyrex\n|\n|-heal|p2a: Rillaboom|98\/100|[from] Grassy Terrain\n|-heal|p2b: Urshifu|72\/100|[from] Grassy Terrain\n|-fieldend|move: Grassy Terrain\n|upkeep\n|turn|9\n|-message|tdntns2 forfeited.\n|\n|win|shulivgc\n|raw|shulivgc's rating: 1880 &rarr; <strong>1895<\/strong><br \/>(+15 for winning)\n|raw|tdntns2's rating: 1786 &rarr; <strong>1771<\/strong><br \/>(-15 for losing)\n|l|\u2606tdntns2\n|player|p2|\n|l| Jasper2452\n|l|\u2606shulivgc\n|player|p1|\n|l| THUNDERSND77\n|l| autumdog\n|l| chuanOVO\n|l| stewpeed\n","uploadtime":1719303708,"views":308,"formatid":"gen9vgc2024regg","rating":1771,"private":0,"password":null}