{"id":"gen9vgc2024regg-2149725155","format":"[Gen 9] VGC 2024 Reg G","players":["bassotara htr-less","Krisuerte"],"log":"|j|\u2606bassotara htr-less\n|j|\u2606Krisuerte\n|t:|1719317428\n|gametype|doubles\n|player|p1|bassotara htr-less|101|1806\n|player|p2|Krisuerte|265|1795\n|teamsize|p1|6\n|teamsize|p2|6\n|gen|9\n|tier|[Gen 9] VGC 2024 Reg G\n|rated|\n|rule|Species Clause: Limit one of each Pok\u00e9mon\n|rule|Item Clause: Limit one of each item\n|clearpoke\n|poke|p1|Indeedee-F, L50, F|\n|poke|p1|Lunala, L50|\n|poke|p1|Ursaluna-Bloodmoon, L50, M|\n|poke|p1|Tornadus, L50, M|\n|poke|p1|Urshifu-*, L50, F|\n|poke|p1|Iron Hands, L50|\n|poke|p2|Sinistcha-Masterpiece, L50|\n|poke|p2|Kyogre, L50|\n|poke|p2|Tornadus, L50, M|\n|poke|p2|Urshifu-*, L50, M|\n|poke|p2|Archaludon, L50, M|\n|poke|p2|Landorus, L50, M|\n|teampreview|4\nbassotara htr-less has agreed to open team sheets.\n|\n|t:|1719317452\n|start\n|switch|p1a: Indeedee|Indeedee-F, L50, F|100\/100\n|switch|p1b: Lunala|Lunala, L50|100\/100\n|switch|p2a: Kyogre|Kyogre, L50|100\/100\n|switch|p2b: Urshifu|Urshifu-Rapid-Strike, L50, M|100\/100\n|-weather|RainDance|[from] ability: Drizzle|[of] p2a: Kyogre\n|-fieldstart|move: Psychic Terrain|[from] ability: Psychic Surge|[of] p1a: Indeedee\n|-enditem|p1a: Indeedee|Psychic Seed\n|-boost|p1a: Indeedee|spd|1|[from] item: Psychic Seed\n|turn|1\n|inactive|Battle timer is ON: inactive players will automatically lose when time's up. (requested by Krisuerte)\n|\n|t:|1719317469\n|-terastallize|p2b: Urshifu|Water\n|move|p1a: Indeedee|Helping Hand|p1b: Lunala\n|-singleturn|p1b: Lunala|Helping Hand|[of] p1a: Indeedee\n|move|p1b: Lunala|Expanding Force|p2a: Kyogre|[spread] p2a,p2b\n|-damage|p2a: Kyogre|30\/100\n|-damage|p2b: Urshifu|0 fnt\n|faint|p2b: Urshifu\n|move|p2a: Kyogre|Water Spout|p1b: Lunala|[spread] p1a,p1b\n|-damage|p1a: Indeedee|70\/100\n|-damage|p1b: Lunala|83\/100\n|\n|-weather|RainDance|[upkeep]\n|upkeep\n|\n|t:|1719317484\n|switch|p2b: Sinistcha|Sinistcha-Masterpiece, L50|100\/100\n|-heal|p2a: Kyogre|55\/100|[from] ability: Hospitality|[of] p2b: Sinistcha\n|turn|2\n|\n|t:|1719317491\n|switch|p2a: Archaludon|Archaludon, L50, M|100\/100\n|move|p1a: Indeedee|Helping Hand|p1b: Lunala\n|-singleturn|p1b: Lunala|Helping Hand|[of] p1a: Indeedee\n|move|p1b: Lunala|Expanding Force|p2b: Sinistcha|[spread] p2a,p2b\n|-resisted|p2a: Archaludon\n|-damage|p2a: Archaludon|53\/100\n|-damage|p2b: Sinistcha|4\/100\n|-ability|p2a: Archaludon|Stamina|boost\n|-boost|p2a: Archaludon|def|1\n|move|p2b: Sinistcha|Trick Room|p2b: Sinistcha\n|-fieldstart|move: Trick Room|[of] p2b: Sinistcha\n|\n|-weather|RainDance|[upkeep]\n|upkeep\n|turn|3\n|l|\u2606bassotara htr-less\n|inactive|bassotara htr-less disconnected and has a minute to reconnect!\n|player|p1|\n|j|\u2606bassotara htr-less\n|inactive|bassotara htr-less reconnected and has 45 seconds left.\n|player|p1|bassotara htr-less|101|\n|inactive|Krisuerte has 30 seconds left.\n|\n|t:|1719317517\n|move|p2b: Sinistcha|Life Dew|p2b: Sinistcha|[spread] p2a,p2b\n|-heal|p2a: Archaludon|78\/100\n|-heal|p2b: Sinistcha|30\/100\n|move|p2a: Archaludon|Snarl|p1b: Lunala|[spread] p1a,p1b\n|-supereffective|p1a: Indeedee\n|-supereffective|p1b: Lunala\n|-damage|p1a: Indeedee|50\/100\n|-damage|p1b: Lunala|42\/100\n|-unboost|p1a: Indeedee|spa|1\n|-unboost|p1b: Lunala|spa|1\n|move|p1b: Lunala|Meteor Beam||[still]\n|-prepare|p1b: Lunala|Meteor Beam\n|-boost|p1b: Lunala|spa|1\n|-enditem|p1b: Lunala|Power Herb\n|-anim|p1b: Lunala|Meteor Beam|p2b: Sinistcha\n|-damage|p2b: Sinistcha|0 fnt\n|faint|p2b: Sinistcha\n|move|p1a: Indeedee|Trick Room|p1a: Indeedee\n|-fieldend|move: Trick Room\n|\n|-weather|RainDance|[upkeep]\n|upkeep\n|\n|t:|1719317535\n|switch|p2b: Kyogre|Kyogre, L50|55\/100\n|turn|4\n|\n|t:|1719317542\n|move|p1a: Indeedee|Helping Hand|p1b: Lunala\n|-singleturn|p1b: Lunala|Helping Hand|[of] p1a: Indeedee\n|move|p1b: Lunala|Expanding Force|p2b: Kyogre|[spread] p2a,p2b\n|-resisted|p2a: Archaludon\n|-damage|p2a: Archaludon|36\/100\n|-damage|p2b: Kyogre|0 fnt\n|-ability|p2a: Archaludon|Stamina|boost\n|-boost|p2a: Archaludon|def|1\n|faint|p2b: Kyogre\n|move|p2a: Archaludon|Electro Shot||[still]\n|-prepare|p2a: Archaludon|Electro Shot\n|-boost|p2a: Archaludon|spa|1\n|-anim|p2a: Archaludon|Electro Shot|p1a: Indeedee\n|-damage|p1a: Indeedee|3\/100\n|\n|-weather|RainDance|[upkeep]\n|upkeep\n|turn|5\n|\n|t:|1719317559\n|move|p1a: Indeedee|Helping Hand|p1b: Lunala\n|-singleturn|p1b: Lunala|Helping Hand|[of] p1a: Indeedee\n|move|p1b: Lunala|Moongeist Beam|p2a: Archaludon\n|-damage|p2a: Archaludon|0 fnt\n|faint|p2a: Archaludon\n|\n|win|bassotara htr-less\n|raw|bassotara htr-less's rating: 1806 &rarr; <strong>1825<\/strong><br \/>(+19 for winning)\n|raw|Krisuerte's rating: 1795 &rarr; <strong>1776<\/strong><br \/>(-19 for losing)\n|l|\u2606Krisuerte\n|player|p2|\n|l|\u2606bassotara htr-less\n|player|p1|\n","uploadtime":1719317832,"views":255,"formatid":"gen9vgc2024regg","rating":1776,"private":0,"password":null}