{"id":"gen9vgc2024regg-2149504843","format":"[Gen 9] VGC 2024 Reg G","players":["tuanzai233","war3infi"],"log":"|j|\u2606tuanzai233\n|j|\u2606war3infi\n|t:|1719278545\n|gametype|doubles\n|player|p1|tuanzai233|169|1724\n|player|p2|war3infi|dawn|1792\n|teamsize|p1|6\n|teamsize|p2|6\n|gen|9\n|tier|[Gen 9] VGC 2024 Reg G\n|rated|\n|rule|Species Clause: Limit one of each Pok\u00e9mon\n|rule|Item Clause: Limit one of each item\n|clearpoke\n|poke|p1|Indeedee-F, L50, F|\n|poke|p1|Torkoal, L50, M|\n|poke|p1|Calyrex-Ice, L50|\n|poke|p1|Annihilape, L50, M|\n|poke|p1|Urshifu-*, L50, M|\n|poke|p1|Brute Bonnet, L50|\n|poke|p2|Calyrex-Ice, L50|\n|poke|p2|Annihilape, L50, F|\n|poke|p2|Smeargle, L50, F|\n|poke|p2|Ursaluna-Bloodmoon, L50, M|\n|poke|p2|Urshifu-*, L50, F|\n|poke|p2|Ogerpon-Wellspring, L50, F|\n|teampreview|4\n|\n|t:|1719278593\n|start\n|switch|p1a: Calyrex|Calyrex-Ice, L50|100\/100\n|switch|p1b: Brute Bonnet|Brute Bonnet, L50, shiny|100\/100\n|switch|p2a: Smeargle|Smeargle, L50, F|100\/100\n|switch|p2b: Calyrex|Calyrex-Ice, L50|100\/100\n|-ability|p2b: Calyrex|As One\n|-ability|p2b: Calyrex|Unnerve\n|-ability|p1a: Calyrex|As One\n|-ability|p1a: Calyrex|Unnerve\n|turn|1\n|\n|t:|1719278626\n|move|p2b: Calyrex|Protect|p2b: Calyrex\n|-singleturn|p2b: Calyrex|Protect\n|move|p1b: Brute Bonnet|Rage Powder|p1b: Brute Bonnet\n|-singleturn|p1b: Brute Bonnet|move: Rage Powder\n|move|p2a: Smeargle|Decorate|p1b: Brute Bonnet\n|-boost|p1b: Brute Bonnet|atk|2\n|-boost|p1b: Brute Bonnet|spa|2\n|move|p1a: Calyrex|Trick Room|p1a: Calyrex\n|-fieldstart|move: Trick Room|[of] p1a: Calyrex\n|\n|upkeep\n|turn|2\n|\n|t:|1719278666\n|-terastallize|p2a: Smeargle|Grass\n|-terastallize|p1b: Brute Bonnet|Poison\n|move|p1a: Calyrex|Glacial Lance|p2b: Calyrex|[spread] p2a,p2b\n|-supereffective|p2a: Smeargle\n|-resisted|p2b: Calyrex\n|-enditem|p2a: Smeargle|Focus Sash\n|-damage|p2a: Smeargle|1\/100\n|-damage|p2b: Calyrex|83\/100\n|move|p2a: Smeargle|Spore|p1a: Calyrex\n|-status|p1a: Calyrex|slp|[from] move: Spore\n|move|p1b: Brute Bonnet|Crunch|p2a: Smeargle\n|-damage|p2a: Smeargle|0 fnt\n|faint|p2a: Smeargle\n|move|p2b: Calyrex|Glacial Lance|p1b: Brute Bonnet|[spread] p1a,p1b\n|-resisted|p1a: Calyrex\n|-damage|p1a: Calyrex|84\/100 slp\n|-damage|p1b: Brute Bonnet|62\/100\n|\n|upkeep\n|\n|t:|1719278691\n|switch|p2a: Ogerpon|Ogerpon-Wellspring, L50, F|100\/100\n|turn|3\n|\n|t:|1719278708\n|move|p2b: Calyrex|Protect|p2b: Calyrex\n|-singleturn|p2b: Calyrex|Protect\n|cant|p1a: Calyrex|slp\n|move|p1b: Brute Bonnet|Crunch|p2b: Calyrex\n|-activate|p2b: Calyrex|move: Protect\n|move|p2a: Ogerpon|Ivy Cudgel|p1b: Brute Bonnet|[anim] Ivy Cudgel Water\n|-damage|p1b: Brute Bonnet|30\/100\n|\n|upkeep\n|turn|4\n|\n|t:|1719278727\n|move|p2a: Ogerpon|Follow Me|p2a: Ogerpon\n|-singleturn|p2a: Ogerpon|move: Follow Me\n|cant|p1a: Calyrex|slp\n|move|p1b: Brute Bonnet|Crunch|p2a: Ogerpon\n|-damage|p2a: Ogerpon|25\/100\n|-unboost|p2a: Ogerpon|def|1\n|move|p2b: Calyrex|Glacial Lance|p1b: Brute Bonnet|[spread] p1a,p1b\n|-resisted|p1a: Calyrex\n|-damage|p1a: Calyrex|67\/100 slp\n|-damage|p1b: Brute Bonnet|0 fnt\n|faint|p1b: Brute Bonnet\n|-end|p1b: Brute Bonnet|Protosynthesis|[silent]\n|-ability|p2b: Calyrex|Chilling Neigh|boost\n|-boost|p2b: Calyrex|atk|1\n|\n|upkeep\n|\n|t:|1719278733\n|switch|p1b: Torkoal|Torkoal, L50, M|100\/100\n|-weather|SunnyDay|[from] ability: Drought|[of] p1b: Torkoal\n|turn|5\n|\n|t:|1719278741\n|switch|p1b: Urshifu|Urshifu, L50, M|100\/100\n|move|p2b: Calyrex|Protect|p2b: Calyrex\n|-singleturn|p2b: Calyrex|Protect\n|-curestatus|p1a: Calyrex|slp|[msg]\n|move|p1a: Calyrex|Glacial Lance|p2a: Ogerpon|[spread] p2a\n|-activate|p2b: Calyrex|move: Protect\n|-damage|p2a: Ogerpon|0 fnt\n|faint|p2a: Ogerpon\n|-ability|p1a: Calyrex|Chilling Neigh|boost\n|-boost|p1a: Calyrex|atk|1\n|\n|-weather|SunnyDay|[upkeep]\n|-fieldend|move: Trick Room\n|upkeep\n|\n|t:|1719278750\n|switch|p2a: Urshifu|Urshifu, L50, F|100\/100\n|turn|6\n|\n|t:|1719278761\n|move|p1b: Urshifu|Wicked Blow|p2b: Calyrex\n|-supereffective|p2b: Calyrex\n|-crit|p2b: Calyrex\n|-damage|p2b: Calyrex|1\/100\n|move|p2a: Urshifu|Wicked Blow|p1a: Calyrex\n|-supereffective|p1a: Calyrex\n|-crit|p1a: Calyrex\n|-damage|p1a: Calyrex|0 fnt\n|-enditem|p2b: Calyrex|Sitrus Berry|[eat]\n|-heal|p2b: Calyrex|26\/100|[from] item: Sitrus Berry\n|faint|p1a: Calyrex\n|move|p2b: Calyrex|Glacial Lance|p1b: Urshifu\n|-enditem|p1b: Urshifu|Focus Sash\n|-damage|p1b: Urshifu|1\/100\n|\n|-weather|SunnyDay|[upkeep]\n|upkeep\n|\n|t:|1719278764\n|switch|p1a: Torkoal|Torkoal, L50, M|100\/100\n|turn|7\n|\n|t:|1719278784\n|move|p2b: Calyrex|Protect|p2b: Calyrex\n|-singleturn|p2b: Calyrex|Protect\n|move|p1b: Urshifu|Wicked Blow|p2b: Calyrex\n|-supereffective|p2b: Calyrex\n|-crit|p2b: Calyrex\n|-damage|p2b: Calyrex|0 fnt\n|faint|p2b: Calyrex\n|move|p2a: Urshifu|Wicked Blow|p1b: Urshifu\n|-resisted|p1b: Urshifu\n|-crit|p1b: Urshifu\n|-damage|p1b: Urshifu|0 fnt\n|faint|p1b: Urshifu\n|move|p1a: Torkoal|Eruption|p2a: Urshifu\n|-damage|p2a: Urshifu|0 fnt\n|faint|p2a: Urshifu\n|\n|win|tuanzai233\n|raw|tuanzai233's rating: 1724 &rarr; <strong>1748<\/strong><br \/>(+24 for winning)\n|raw|war3infi's rating: 1792 &rarr; <strong>1768<\/strong><br \/>(-24 for losing)\n|l|\u2606war3infi\n|player|p2|\n|j|\u2606war3infi\n|player|p2|war3infi|dawn|\n|l|\u2606tuanzai233\n|player|p1|\n|l|\u2606war3infi\n|player|p2|\n|j|\u2606tuanzai233\n|player|p1|tuanzai233|169|\n|l|\u2606tuanzai233\n|player|p1|\n","uploadtime":1719278825,"views":87,"formatid":"gen9vgc2024regg","rating":1748,"private":0,"password":null}