{"id":"gen9vgc2024regg-2149088326","format":"[Gen 9] VGC 2024 Reg G","players":["shuijun2\u7535\u9f99\u4fa0","Mehalfling"],"log":"|j|\u2606shuijun2\u7535\u9f99\u4fa0\n|j|\u2606Mehalfling\n|t:|1719227320\n|gametype|doubles\n|player|p1|shuijun2\u7535\u9f99\u4fa0|iono|1662\n|player|p2|Mehalfling|iris|1715\n|teamsize|p1|6\n|teamsize|p2|6\n|gen|9\n|tier|[Gen 9] VGC 2024 Reg G\n|rated|\n|rule|Species Clause: Limit one of each Pok\u00e9mon\n|rule|Item Clause: Limit one of each item\n|clearpoke\n|poke|p1|Armarouge, L50, M|\n|poke|p1|Zamazenta-*, L50|\n|poke|p1|Indeedee, L50, M|\n|poke|p1|Maushold, L50|\n|poke|p1|Roaring Moon, L50|\n|poke|p1|Iron Treads, L50|\n|poke|p2|Kyogre, L50|\n|poke|p2|Grimmsnarl, L50, M|\n|poke|p2|Wo-Chien, L50|\n|poke|p2|Incineroar, L50, F|\n|poke|p2|Urshifu-*, L50, F|\n|poke|p2|Landorus, L50, M|\n|teampreview|4\n|inactive|Battle timer is ON: inactive players will automatically lose when time's up. (requested by Mehalfling)\n|inactive|shuijun2\u7535\u9f99\u4fa0 has 60 seconds left.\n|\n|t:|1719227397\n|start\n|switch|p1a: Roaring Moon|Roaring Moon, L50|100\/100\n|switch|p1b: Armarouge|Armarouge, L50, M, shiny|100\/100\n|switch|p2a: Grimmsnarl|Grimmsnarl, L50, M|100\/100\n|switch|p2b: Kyogre|Kyogre, L50|100\/100\n|-weather|RainDance|[from] ability: Drizzle|[of] p2b: Kyogre\n|-enditem|p1a: Roaring Moon|Booster Energy\n|-activate|p1a: Roaring Moon|ability: Protosynthesis|[fromitem]\n|-start|p1a: Roaring Moon|protosynthesisspe\n|turn|1\n|inactive|shuijun2\u7535\u9f99\u4fa0 has 30 seconds left.\n|inactive|Mehalfling has 30 seconds left.\n|inactive|shuijun2\u7535\u9f99\u4fa0 has 20 seconds left.\n|inactive|shuijun2\u7535\u9f99\u4fa0 has 15 seconds left.\n|\n|t:|1719227440\n|-terastallize|p1a: Roaring Moon|Ghost\n|move|p2a: Grimmsnarl|Reflect|p2a: Grimmsnarl\n|-sidestart|p2: Mehalfling|Reflect\n|move|p1a: Roaring Moon|Earthquake|p2a: Grimmsnarl|[spread] p1b,p2a,p2b\n|-supereffective|p1b: Armarouge\n|-damage|p1b: Armarouge|38\/100\n|-damage|p2a: Grimmsnarl|82\/100\n|-damage|p2b: Kyogre|85\/100\n|-ability|p1b: Armarouge|Weak Armor|boost\n|-unboost|p1b: Armarouge|def|1\n|-boost|p1b: Armarouge|spe|2\n|-enditem|p1b: Armarouge|Weakness Policy\n|-boost|p1b: Armarouge|atk|2|[from] item: Weakness Policy\n|-boost|p1b: Armarouge|spa|2|[from] item: Weakness Policy\n|move|p1b: Armarouge|Stored Power|p2b: Kyogre\n|-damage|p2b: Kyogre|16\/100\n|move|p2b: Kyogre|Ice Beam|p1a: Roaring Moon\n|-damage|p1a: Roaring Moon|62\/100\n|\n|-weather|RainDance|[upkeep]\n|upkeep\n|turn|2\n|inactive|Mehalfling has 30 seconds left.\n|inactive|Mehalfling has 20 seconds left.\n|\n|t:|1719227478\n|switch|p2b: Wo-Chien|Wo-Chien, L50|100\/100\n|-ability|p2b: Wo-Chien|Tablets of Ruin\n|move|p1b: Armarouge|Protect|p1b: Armarouge\n|-singleturn|p1b: Armarouge|Protect\n|move|p2a: Grimmsnarl|Light Screen|p2a: Grimmsnarl\n|-sidestart|p2: Mehalfling|move: Light Screen\n|move|p1a: Roaring Moon|Knock Off|p2b: Wo-Chien\n|-resisted|p2b: Wo-Chien\n|-damage|p2b: Wo-Chien|90\/100\n|-enditem|p2b: Wo-Chien|Leftovers|[from] move: Knock Off|[of] p1a: Roaring Moon\n|\n|-weather|RainDance|[upkeep]\n|upkeep\n|turn|3\n|inactive|shuijun2\u7535\u9f99\u4fa0 has 30 seconds left.\n|inactive|Mehalfling has 30 seconds left.\n|inactive|Mehalfling has 20 seconds left.\n|\n|t:|1719227518\n|move|p2a: Grimmsnarl|Thunder Wave|p1a: Roaring Moon\n|-status|p1a: Roaring Moon|par\n|move|p1b: Armarouge|Aura Sphere|p2b: Wo-Chien\n|-supereffective|p2b: Wo-Chien\n|-damage|p2b: Wo-Chien|34\/100\n|move|p1a: Roaring Moon|Knock Off|p2a: Grimmsnarl\n|-resisted|p2a: Grimmsnarl\n|-damage|p2a: Grimmsnarl|75\/100\n|-enditem|p2a: Grimmsnarl|Light Clay|[from] move: Knock Off|[of] p1a: Roaring Moon\n|move|p2b: Wo-Chien|Leech Seed|p1b: Armarouge|[miss]\n|-miss|p2b: Wo-Chien|p1b: Armarouge\n|\n|-weather|RainDance|[upkeep]\n|upkeep\n|turn|4\n|\n|t:|1719227542\n|-end|p1a: Roaring Moon|Protosynthesis|[silent]\n|switch|p1a: Indeedee|Indeedee, L50, M|100\/100\n|-fieldstart|move: Psychic Terrain|[from] ability: Psychic Surge|[of] p1a: Indeedee\n|move|p2b: Wo-Chien|Protect|p2b: Wo-Chien\n|-singleturn|p2b: Wo-Chien|Protect\n|move|p1b: Armarouge|Aura Sphere|p2b: Wo-Chien\n|-activate|p2b: Wo-Chien|move: Protect\n|move|p2a: Grimmsnarl|Spirit Break|p1b: Armarouge\n|-resisted|p1b: Armarouge\n|-damage|p1b: Armarouge|17\/100\n|-unboost|p1b: Armarouge|spa|1\n|-ability|p1b: Armarouge|Weak Armor|boost\n|-unboost|p1b: Armarouge|def|1\n|-boost|p1b: Armarouge|spe|2\n|\n|-weather|RainDance|[upkeep]\n|upkeep\n|turn|5\n|inactive|Mehalfling has 30 seconds left.\n|inactive|Mehalfling has 20 seconds left.\n|inactive|Mehalfling has 15 seconds left.\n|inactive|Mehalfling has 10 seconds left.\n|\n|t:|1719227590\n|-terastallize|p2b: Wo-Chien|Poison\n|move|p1b: Armarouge|Protect|p1b: Armarouge\n|-singleturn|p1b: Armarouge|Protect\n|move|p1a: Indeedee|Encore|p2b: Wo-Chien\n|-start|p2b: Wo-Chien|Encore\n|move|p2b: Wo-Chien|Protect||[still]\n|-fail|p2b: Wo-Chien\n|move|p2a: Grimmsnarl|Spirit Break|p1b: Armarouge\n|-activate|p1b: Armarouge|move: Protect\n|\n|-weather|none\n|upkeep\n|turn|6\n|\n|t:|1719227608\n|switch|p1a: Zamazenta|Zamazenta-Crowned, L50|100\/100\n|-ability|p1a: Zamazenta|Dauntless Shield|boost\n|-boost|p1a: Zamazenta|def|1\n|move|p2b: Wo-Chien|Protect|p2b: Wo-Chien\n|-singleturn|p2b: Wo-Chien|Protect\n|move|p1b: Armarouge|Heat Wave|p2b: Wo-Chien|[spread] p2a\n|-activate|p2b: Wo-Chien|move: Protect\n|-damage|p2a: Grimmsnarl|42\/100\n|-status|p2a: Grimmsnarl|brn\n|move|p2a: Grimmsnarl|Spirit Break|p1b: Armarouge\n|-resisted|p1b: Armarouge\n|-damage|p1b: Armarouge|5\/100\n|-unboost|p1b: Armarouge|spa|1\n|-ability|p1b: Armarouge|Weak Armor|boost\n|-unboost|p1b: Armarouge|def|1\n|-boost|p1b: Armarouge|spe|2\n|\n|-damage|p2a: Grimmsnarl|36\/100 brn|[from] brn\n|upkeep\n|turn|7\n|j| rabbithorn01\n|inactive|Mehalfling has 30 seconds left.\n|inactive|Mehalfling has 20 seconds left.\n|\n|t:|1719227644\n|switch|p2b: Landorus|Landorus, L50, M|100\/100\n|move|p1b: Armarouge|Stored Power|p2b: Landorus\n|-damage|p2b: Landorus|0 fnt\n|faint|p2b: Landorus\n|move|p1a: Zamazenta|Heavy Slam|p2a: Grimmsnarl\n|-supereffective|p2a: Grimmsnarl\n|-damage|p2a: Grimmsnarl|0 fnt\n|faint|p2a: Grimmsnarl\n|\n|upkeep\n|-message|Mehalfling forfeited.\n|\n|win|shuijun2\u7535\u9f99\u4fa0\n|raw|shuijun2\u7535\u9f99\u4fa0's rating: 1662 &rarr; <strong>1685<\/strong><br \/>(+23 for winning)\n|raw|Mehalfling's rating: 1715 &rarr; <strong>1692<\/strong><br \/>(-23 for losing)\n|l|\u2606Mehalfling\n|player|p2|\n|l|\u2606shuijun2\u7535\u9f99\u4fa0\n|player|p1|\n|l| rabbithorn01\n|j| rabbithorn01\n","uploadtime":1719227757,"views":18,"formatid":"gen9vgc2024regg","rating":1685,"private":0,"password":null}