{"id":"gen9vgc2024regg-2149178517","format":"[Gen 9] VGC 2024 Reg G","players":["kappappappa","cheat99"],"log":"|j|\u2606kappappappa\n|j|\u2606cheat99\n|t:|1719240039\n|gametype|doubles\n|player|p1|kappappappa|2|1681\n|player|p2|cheat99|169|1700\n|teamsize|p1|6\n|teamsize|p2|6\n|gen|9\n|tier|[Gen 9] VGC 2024 Reg G\n|rated|\n|rule|Species Clause: Limit one of each Pok\u00e9mon\n|rule|Item Clause: Limit one of each item\n|clearpoke\n|poke|p1|Calyrex-Ice, L50|\n|poke|p1|Regieleki, L50|\n|poke|p1|Urshifu-*, L50, F|\n|poke|p1|Pelipper, L50, F|\n|poke|p1|Farigiraf, L50, M|\n|poke|p1|Landorus, L50, M|\n|poke|p2|Kyogre, L50|\n|poke|p2|Ursaluna, L50, M|\n|poke|p2|Regieleki, L50|\n|poke|p2|Farigiraf, L50, F|\n|poke|p2|Rillaboom, L50, M|\n|poke|p2|Incineroar, L50, F|\n|teampreview|4\n|inactive|Battle timer is ON: inactive players will automatically lose when time's up. (requested by kappappappa)\n|j| Hastein\n|\n|t:|1719240083\n|start\n|switch|p1a: Pelipper|Pelipper, L50, F, shiny|100\/100\n|switch|p1b: Regieleki|Regieleki, L50, shiny|100\/100\n|switch|p2a: Regieleki|Regieleki, L50|100\/100\n|switch|p2b: Kyogre|Kyogre, L50|100\/100\n|-weather|RainDance|[from] ability: Drizzle|[of] p2b: Kyogre\n|turn|1\n|\n|t:|1719240102\n|-terastallize|p2b: Kyogre|Grass\n|-terastallize|p1a: Pelipper|Ground\n|move|p2a: Regieleki|Thunderbolt|p1a: Pelipper\n|-immune|p1a: Pelipper\n|move|p1b: Regieleki|Thunder|p2b: Kyogre\n|-resisted|p2b: Kyogre\n|-damage|p2b: Kyogre|66\/100\n|move|p2b: Kyogre|Origin Pulse|p1b: Regieleki|[spread] p1a,p1b\n|-supereffective|p1a: Pelipper\n|-enditem|p1a: Pelipper|Focus Sash\n|-damage|p1a: Pelipper|1\/100\n|-damage|p1b: Regieleki|0 fnt\n|faint|p1b: Regieleki\n|move|p1a: Pelipper|Tailwind|p1a: Pelipper\n|-sidestart|p1: kappappappa|move: Tailwind\n|\n|-weather|RainDance|[upkeep]\n|upkeep\n|\n|t:|1719240121\n|switch|p1b: Calyrex|Calyrex-Ice, L50|100\/100\n|-ability|p1b: Calyrex|As One\n|-ability|p1b: Calyrex|Unnerve\n|turn|2\n|inactive|cheat99 has 30 seconds left.\n|\n|t:|1719240152\n|move|p1a: Pelipper|Weather Ball|p2a: Regieleki\n|-crit|p2a: Regieleki\n|-damage|p2a: Regieleki|0 fnt\n|faint|p2a: Regieleki\n|move|p1b: Calyrex|Glacial Lance|p2b: Kyogre\n|-supereffective|p2b: Kyogre\n|-damage|p2b: Kyogre|0 fnt\n|faint|p2b: Kyogre\n|-ability|p1b: Calyrex|Chilling Neigh|boost\n|-boost|p1b: Calyrex|atk|1\n|\n|-weather|RainDance|[upkeep]\n|upkeep\n|\n|t:|1719240158\n|switch|p2a: Ursaluna|Ursaluna, L50, M|100\/100\n|switch|p2b: Incineroar|Incineroar, L50, F|100\/100\n|-ability|p2b: Incineroar|Intimidate|boost\n|-unboost|p1a: Pelipper|atk|1\n|-unboost|p1b: Calyrex|atk|1\n|turn|3\n|inactive|kappappappa has 30 seconds left.\n|\n|t:|1719240184\n|switch|p1a: Farigiraf|Farigiraf, L50, M, shiny|100\/100\n|move|p2a: Ursaluna|Protect|p2a: Ursaluna\n|-singleturn|p2a: Ursaluna|Protect\n|move|p2b: Incineroar|Fake Out||[still]\n|cant|p1a: Farigiraf|ability: Armor Tail|Fake Out|[of] p2b: Incineroar\n|move|p1b: Calyrex|High Horsepower|p2b: Incineroar|[miss]\n|-miss|p1b: Calyrex|p2b: Incineroar\n|\n|-weather|RainDance|[upkeep]\n|-status|p2a: Ursaluna|brn|[from] item: Flame Orb\n|upkeep\n|turn|4\n|inactive|cheat99 has 30 seconds left.\n|inactive|cheat99 has 20 seconds left.\n|inactive|cheat99 has 15 seconds left.\n|inactive|cheat99 has 10 seconds left.\n|inactive|cheat99 has 5 seconds left.\n|\n|t:|1719240237\n|move|p1a: Farigiraf|Helping Hand|p1b: Calyrex\n|-singleturn|p1b: Calyrex|Helping Hand|[of] p1a: Farigiraf\n|move|p1b: Calyrex|Glacial Lance|p2b: Incineroar|[spread] p2a,p2b\n|-supereffective|p2a: Ursaluna\n|-resisted|p2b: Incineroar\n|-crit|p2b: Incineroar\n|-damage|p2a: Ursaluna|0 fnt\n|-damage|p2b: Incineroar|43\/100\n|faint|p2a: Ursaluna\n|-ability|p1b: Calyrex|Chilling Neigh|boost\n|-boost|p1b: Calyrex|atk|1\n|move|p2b: Incineroar|Knock Off|p1a: Farigiraf\n|-supereffective|p1a: Farigiraf\n|-damage|p1a: Farigiraf|45\/100\n|-enditem|p1a: Farigiraf|Safety Goggles|[from] move: Knock Off|[of] p2b: Incineroar\n|\n|-weather|RainDance|[upkeep]\n|-sideend|p1: kappappappa|move: Tailwind\n|upkeep\n|turn|5\n|-message|cheat99 forfeited.\n|\n|win|kappappappa\n|raw|kappappappa's rating: 1681 &rarr; <strong>1702<\/strong><br \/>(+21 for winning)\n|raw|cheat99's rating: 1700 &rarr; <strong>1679<\/strong><br \/>(-21 for losing)\n|l|\u2606cheat99\n|player|p2|\n|l|\u2606kappappappa\n|player|p1|\n|l| Hastein\n","uploadtime":1719240246,"views":14,"formatid":"gen9vgc2024regg","rating":1679,"private":0,"password":null}