{"id":"gen9vgc2024regg-2149501464","format":"[Gen 9] VGC 2024 Reg G","players":["AnyaForger35","tuanzai233"],"log":"|j|\u2606AnyaForger35\n|j|\u2606tuanzai233\n|t:|1719278081\n|gametype|doubles\n|player|p1|AnyaForger35|caitlin|1695\n|player|p2|tuanzai233|169|1735\n|teamsize|p1|6\n|teamsize|p2|6\n|gen|9\n|tier|[Gen 9] VGC 2024 Reg G\n|rated|\n|rule|Species Clause: Limit one of each Pok\u00e9mon\n|rule|Item Clause: Limit one of each item\n|clearpoke\n|poke|p1|Rillaboom, L50, M|\n|poke|p1|Raging Bolt, L50|\n|poke|p1|Terapagos, L50, M|\n|poke|p1|Urshifu-*, L50, M|\n|poke|p1|Grimmsnarl, L50, M|\n|poke|p1|Flutter Mane, L50|\n|poke|p2|Indeedee-F, L50, F|\n|poke|p2|Torkoal, L50, M|\n|poke|p2|Calyrex-Ice, L50|\n|poke|p2|Annihilape, L50, M|\n|poke|p2|Urshifu-*, L50, M|\n|poke|p2|Brute Bonnet, L50|\n|teampreview|4\n|j| Mojogenie\n|j| autumdog\n|\n|t:|1719278180\n|start\n|switch|p1a: Flutter Mane|Flutter Mane, L50|100\/100\n|switch|p1b: Rillaboom|Rillaboom, L50, M|100\/100\n|switch|p2a: Calyrex|Calyrex-Ice, L50|100\/100\n|switch|p2b: Brute Bonnet|Brute Bonnet, L50, shiny|100\/100\n|-ability|p2a: Calyrex|As One\n|-ability|p2a: Calyrex|Unnerve\n|-fieldstart|move: Grassy Terrain|[from] ability: Grassy Surge|[of] p1b: Rillaboom\n|-enditem|p1a: Flutter Mane|Booster Energy\n|-activate|p1a: Flutter Mane|ability: Protosynthesis|[fromitem]\n|-start|p1a: Flutter Mane|protosynthesisspe\n|turn|1\n|inactive|Battle timer is ON: inactive players will automatically lose when time's up. (requested by tuanzai233)\n|\n|t:|1719278235\n|-terastallize|p2b: Brute Bonnet|Poison\n|move|p2a: Calyrex|Protect|p2a: Calyrex\n|-singleturn|p2a: Calyrex|Protect\n|move|p1b: Rillaboom|Fake Out|p2a: Calyrex\n|-activate|p2a: Calyrex|move: Protect\n|move|p1a: Flutter Mane|Moonblast|p2a: Calyrex\n|-activate|p2a: Calyrex|move: Protect\n|move|p2b: Brute Bonnet|Spore|p1a: Flutter Mane\n|-status|p1a: Flutter Mane|slp|[from] move: Spore\n|\n|upkeep\n|turn|2\n|\n|t:|1719278255\n|-terastallize|p1b: Rillaboom|Grass\n|cant|p1a: Flutter Mane|slp\n|move|p1b: Rillaboom|Wood Hammer|p2a: Calyrex\n|-crit|p2a: Calyrex\n|-damage|p2a: Calyrex|0 fnt\n|faint|p2a: Calyrex\n|-damage|p1b: Rillaboom|65\/100|[from] Recoil\n|-damage|p1b: Rillaboom|55\/100|[from] item: Life Orb\n|move|p2b: Brute Bonnet|Pollen Puff|p2: Calyrex|[notarget]\n|-fail|p2b: Brute Bonnet\n|\n|-heal|p1b: Rillaboom|62\/100|[from] Grassy Terrain\n|upkeep\n|\n|t:|1719278266\n|switch|p2a: Urshifu|Urshifu, L50, M|100\/100\n|turn|3\n|\n|t:|1719278279\n|move|p1b: Rillaboom|Grassy Glide|p2a: Urshifu\n|-damage|p2a: Urshifu|34\/100\n|-damage|p1b: Rillaboom|52\/100|[from] item: Life Orb\n|cant|p1a: Flutter Mane|slp\n|move|p2a: Urshifu|Wicked Blow|p1b: Rillaboom\n|-crit|p1b: Rillaboom\n|-damage|p1b: Rillaboom|0 fnt\n|faint|p1b: Rillaboom\n|move|p2b: Brute Bonnet|Crunch|p1a: Flutter Mane\n|-damage|p1a: Flutter Mane|53\/100 slp\n|\n|-heal|p1a: Flutter Mane|59\/100 slp|[from] Grassy Terrain\n|-heal|p2a: Urshifu|39\/100|[from] Grassy Terrain\n|upkeep\n|inactive|AnyaForger35 has 30 seconds left.\n|\n|t:|1719278308\n|switch|p1b: Grimmsnarl|Grimmsnarl, L50, M|100\/100\n|turn|4\n|\n|t:|1719278314\n|move|p1b: Grimmsnarl|Fake Out|p2b: Brute Bonnet\n|-damage|p2b: Brute Bonnet|90\/100\n|cant|p2b: Brute Bonnet|flinch\n|-curestatus|p1a: Flutter Mane|slp|[msg]\n|move|p1a: Flutter Mane|Moonblast|p2a: Urshifu\n|-supereffective|p2a: Urshifu\n|-damage|p2a: Urshifu|0 fnt\n|faint|p2a: Urshifu\n|\n|-heal|p1a: Flutter Mane|65\/100|[from] Grassy Terrain\n|-heal|p2b: Brute Bonnet|96\/100|[from] Grassy Terrain\n|upkeep\n|j| Yagamoth\n|\n|t:|1719278322\n|switch|p2a: Torkoal|Torkoal, L50, M|100\/100\n|-weather|SunnyDay|[from] ability: Drought|[of] p2a: Torkoal\n|-activate|p2b: Brute Bonnet|ability: Protosynthesis\n|-start|p2b: Brute Bonnet|protosynthesisdef\n|turn|5\n|inactive|AnyaForger35 has 30 seconds left.\n|j| THUNDERSND77\n|inactive|AnyaForger35 has 20 seconds left.\n|inactive|AnyaForger35 has 15 seconds left.\n|inactive|AnyaForger35 has 10 seconds left.\n|\n|t:|1719278371\n|move|p2a: Torkoal|Protect|p2a: Torkoal\n|-singleturn|p2a: Torkoal|Protect\n|move|p1b: Grimmsnarl|Fake Tears|p2a: Torkoal\n|-activate|p2a: Torkoal|move: Protect\n|move|p1a: Flutter Mane|Moonblast|p2a: Torkoal\n|-activate|p2a: Torkoal|move: Protect\n|move|p2b: Brute Bonnet|Spore|p1a: Flutter Mane\n|-status|p1a: Flutter Mane|slp|[from] move: Spore\n|\n|-weather|SunnyDay|[upkeep]\n|-heal|p1a: Flutter Mane|70\/100 slp|[from] Grassy Terrain\n|-heal|p2b: Brute Bonnet|100\/100|[from] Grassy Terrain\n|-fieldend|move: Grassy Terrain\n|upkeep\n|turn|6\n|\n|t:|1719278389\n|cant|p1a: Flutter Mane|slp\n|move|p2b: Brute Bonnet|Rage Powder|p2b: Brute Bonnet\n|-singleturn|p2b: Brute Bonnet|move: Rage Powder\n|move|p1b: Grimmsnarl|Spirit Break|p2b: Brute Bonnet\n|-resisted|p2b: Brute Bonnet\n|-damage|p2b: Brute Bonnet|91\/100\n|-unboost|p2b: Brute Bonnet|spa|1\n|move|p2a: Torkoal|Eruption|p1a: Flutter Mane|[spread] p1a,p1b\n|-damage|p1a: Flutter Mane|0 fnt\n|-damage|p1b: Grimmsnarl|0 fnt\n|faint|p1a: Flutter Mane\n|-end|p1a: Flutter Mane|Protosynthesis|[silent]\n|faint|p1b: Grimmsnarl\n|\n|-weather|SunnyDay|[upkeep]\n|upkeep\n|\n|t:|1719278398\n|switch|p1b: Terapagos|Terapagos, L50, M|100\/100\n|-activate|p1b: Terapagos|ability: Tera Shift\n|detailschange|p1b: Terapagos|Terapagos-Terastal, L50, M\n|-heal|p1b: Terapagos|100\/100|[silent]\n|turn|7\n|\n|t:|1719278413\n|move|p1b: Terapagos|Earth Power|p2b: Brute Bonnet\n|-supereffective|p2b: Brute Bonnet\n|-damage|p2b: Brute Bonnet|29\/100\n|-enditem|p2b: Brute Bonnet|Sitrus Berry|[eat]\n|-heal|p2b: Brute Bonnet|54\/100|[from] item: Sitrus Berry\n|move|p2b: Brute Bonnet|Spore|p1b: Terapagos\n|-status|p1b: Terapagos|slp|[from] move: Spore\n|move|p2a: Torkoal|Eruption|p1b: Terapagos\n|-activate|p1b: Terapagos|ability: Tera Shell\n|-resisted|p1b: Terapagos\n|-damage|p1b: Terapagos|48\/100 slp\n|\n|-weather|SunnyDay|[upkeep]\n|upkeep\n|turn|8\n|-message|AnyaForger35 forfeited.\n|\n|win|tuanzai233\n|raw|AnyaForger35's rating: 1695 &rarr; <strong>1677<\/strong><br \/>(-18 for losing)\n|raw|tuanzai233's rating: 1735 &rarr; <strong>1753<\/strong><br \/>(+18 for winning)\n|l|\u2606AnyaForger35\n|player|p1|\n|l|\u2606tuanzai233\n|player|p2|\n|l| THUNDERSND77\n","uploadtime":1719278658,"views":15,"formatid":"gen9vgc2024regg","rating":1677,"private":0,"password":null}