{"id":"gen9vgc2024regg-2149640213","format":"[Gen 9] VGC 2024 Reg G","players":["SERENA2024","Spottedwoot"],"log":"|j|\u2606SERENA2024\n|j|\u2606Spottedwoot\n|t:|1719301499\n|gametype|doubles\n|player|p1|SERENA2024|iono|1768\n|player|p2|Spottedwoot|1|1684\n|teamsize|p1|6\n|teamsize|p2|6\n|gen|9\n|tier|[Gen 9] VGC 2024 Reg G\n|rated|\n|rule|Species Clause: Limit one of each Pok\u00e9mon\n|rule|Item Clause: Limit one of each item\n|clearpoke\n|poke|p1|Gholdengo, L50|\n|poke|p1|Ogerpon-Cornerstone, L50, F|\n|poke|p1|Chien-Pao, L50|\n|poke|p1|Zamazenta-*, L50|\n|poke|p1|Raging Bolt, L50|\n|poke|p1|Whimsicott, L50, M|\n|poke|p2|Calyrex-Shadow, L50|\n|poke|p2|Tornadus, L50, M|\n|poke|p2|Chi-Yu, L50|\n|poke|p2|Rillaboom, L50, M|\n|poke|p2|Urshifu-*, L50, F|\n|poke|p2|Incineroar, L50, M|\n|teampreview|4\n|j| shanehuang\n|j| rabbithorn01\n|\n|t:|1719301520\n|start\n|switch|p1a: Zamazenta|Zamazenta-Crowned, L50|100\/100\n|switch|p1b: Raging Bolt|Raging Bolt, L50|100\/100\n|switch|p2a: Calyrex|Calyrex-Shadow, L50|100\/100\n|switch|p2b: Tornadus|Tornadus, L50, M|100\/100\n|-ability|p2a: Calyrex|As One\n|-ability|p2a: Calyrex|Unnerve\n|-ability|p1a: Zamazenta|Dauntless Shield|boost\n|-boost|p1a: Zamazenta|def|1\n|turn|1\n|\n|t:|1719301531\n|-terastallize|p2a: Calyrex|Ghost\n|move|p2b: Tornadus|Tailwind|p2b: Tornadus\n|-sidestart|p2: Spottedwoot|move: Tailwind\n|move|p2a: Calyrex|Astral Barrage|p1a: Zamazenta|[spread] p1a,p1b\n|-damage|p1a: Zamazenta|22\/100\n|-damage|p1b: Raging Bolt|29\/100\n|move|p1a: Zamazenta|Heavy Slam|p2a: Calyrex\n|-damage|p2a: Calyrex|39\/100\n|move|p1b: Raging Bolt|Electroweb|p2b: Tornadus|[spread] p2a,p2b\n|-crit|p2a: Calyrex\n|-supereffective|p2b: Tornadus\n|-damage|p2a: Calyrex|6\/100\n|-damage|p2b: Tornadus|41\/100\n|-unboost|p2a: Calyrex|spe|1\n|\n|upkeep\n|turn|2\n|\n|t:|1719301548\n|move|p1b: Raging Bolt|Thunderclap|p2a: Calyrex\n|-damage|p2a: Calyrex|0 fnt\n|faint|p2a: Calyrex\n|move|p2b: Tornadus|Bleakwind Storm|p1a: Zamazenta|[spread] p1a,p1b\n|-resisted|p1b: Raging Bolt\n|-damage|p1a: Zamazenta|0 fnt\n|-damage|p1b: Raging Bolt|17\/100\n|faint|p1a: Zamazenta\n|\n|upkeep\n|\n|t:|1719301559\n|switch|p2a: Chi-Yu|Chi-Yu, L50|100\/100\n|switch|p1a: Ogerpon|Ogerpon-Cornerstone, L50, F|100\/100\n|-ability|p2a: Chi-Yu|Beads of Ruin\n|turn|3\n|\n|t:|1719301571\n|move|p2b: Tornadus|Taunt|p1a: Ogerpon\n|-start|p1a: Ogerpon|move: Taunt\n|move|p1b: Raging Bolt|Thunderclap||[still]\n|-fail|p1b: Raging Bolt\n|move|p2a: Chi-Yu|Heat Wave|p1b: Raging Bolt|[spread] p1a,p1b\n|-resisted|p1b: Raging Bolt\n|-damage|p1a: Ogerpon|46\/100\n|-damage|p1b: Raging Bolt|1\/100\n|move|p1a: Ogerpon|Ivy Cudgel|p2a: Chi-Yu|[anim] Ivy Cudgel Rock\n|-supereffective|p2a: Chi-Yu\n|-damage|p2a: Chi-Yu|0 fnt\n|faint|p2a: Chi-Yu\n|\n|upkeep\n|\n|t:|1719301581\n|switch|p2a: Urshifu|Urshifu-Rapid-Strike, L50, F|100\/100\n|turn|4\n|\n|t:|1719301595\n|move|p2a: Urshifu|Aqua Jet|p1b: Raging Bolt\n|-resisted|p1b: Raging Bolt\n|-damage|p1b: Raging Bolt|0 fnt\n|faint|p1b: Raging Bolt\n|-end|p1b: Raging Bolt|Protosynthesis|[silent]\n|move|p2b: Tornadus|Bleakwind Storm|p1a: Ogerpon|[miss]\n|-miss|p2b: Tornadus|p1a: Ogerpon\n|move|p1a: Ogerpon|Power Whip|p2a: Urshifu\n|-supereffective|p2a: Urshifu\n|-enditem|p2a: Urshifu|Focus Sash\n|-damage|p2a: Urshifu|1\/100\n|\n|-sideend|p2: Spottedwoot|move: Tailwind\n|upkeep\n|\n|t:|1719301598\n|switch|p1b: Chien-Pao|Chien-Pao, L50|100\/100\n|-ability|p1b: Chien-Pao|Sword of Ruin\n|turn|5\n|\n|t:|1719301612\n|move|p2a: Urshifu|Detect|p2a: Urshifu\n|-singleturn|p2a: Urshifu|Protect\n|move|p1b: Chien-Pao|Crunch|p2a: Urshifu\n|-activate|p2a: Urshifu|move: Protect\n|move|p2b: Tornadus|Bleakwind Storm|p1b: Chien-Pao|[spread] p1a,p1b\n|-damage|p1a: Ogerpon|0 fnt\n|-damage|p1b: Chien-Pao|42\/100\n|-unboost|p1b: Chien-Pao|spe|1\n|faint|p1a: Ogerpon\n|\n|upkeep\n|turn|6\n|\n|t:|1719301624\n|move|p1b: Chien-Pao|Sucker Punch|p2a: Urshifu\n|-resisted|p2a: Urshifu\n|-damage|p2a: Urshifu|0 fnt\n|faint|p2a: Urshifu\n|move|p2b: Tornadus|Bleakwind Storm|p1b: Chien-Pao\n|-damage|p1b: Chien-Pao|0 fnt\n|faint|p1b: Chien-Pao\n|\n|win|Spottedwoot\n|raw|SERENA2024's rating: 1768 &rarr; <strong>1743<\/strong><br \/>(-25 for losing)\n|raw|Spottedwoot's rating: 1684 &rarr; <strong>1709<\/strong><br \/>(+25 for winning)\n|j| autumdog\n|l|\u2606SERENA2024\n|player|p1|\n","uploadtime":1719301631,"views":19,"formatid":"gen9vgc2024regg","rating":1709,"private":0,"password":null}