{"id":"gen9vgc2024regg-2149276931","format":"[Gen 9] VGC 2024 Reg G","players":["fabio souza","betsie"],"log":"|j|\u2606fabio souza\n|j|\u2606betsie\n|t:|1719251067\n|gametype|doubles\n|player|p1|fabio souza|2|1773\n|player|p2|betsie|grimsley-masters|1727\n|teamsize|p1|6\n|teamsize|p2|6\n|gen|9\n|tier|[Gen 9] VGC 2024 Reg G\n|rated|\n|rule|Species Clause: Limit one of each Pok\u00e9mon\n|rule|Item Clause: Limit one of each item\n|clearpoke\n|poke|p1|Urshifu-*, L50, M|\n|poke|p1|Incineroar, L50, M|\n|poke|p1|Rillaboom, L50, F|\n|poke|p1|Terapagos, L50, M|\n|poke|p1|Sinistcha, L50|\n|poke|p1|Grimmsnarl, L50, M|\n|poke|p2|Tornadus, L50, M|\n|poke|p2|Chi-Yu, L50|\n|poke|p2|Calyrex-Shadow, L50|\n|poke|p2|Indeedee-F, L50, F|\n|poke|p2|Urshifu-*, L50, M|\n|poke|p2|Flutter Mane, L50|\n|teampreview|4\n|inactive|Battle timer is ON: inactive players will automatically lose when time's up. (requested by betsie)\n|inactive|betsie has 60 seconds left.\n|inactive|fabio souza has 60 seconds left.\n|\n|t:|1719251106\n|start\n|switch|p1a: Urshifu|Urshifu-Rapid-Strike, L50, M|100\/100\n|switch|p1b: Terapagos|Terapagos, L50, M|100\/100\n|switch|p2a: Flutter Mane|Flutter Mane, L50|100\/100\n|switch|p2b: Urshifu|Urshifu-Rapid-Strike, L50, M|100\/100\n|-activate|p1b: Terapagos|ability: Tera Shift\n|detailschange|p1b: Terapagos|Terapagos-Terastal, L50, M\n|-heal|p1b: Terapagos|100\/100|[silent]\n|-enditem|p2a: Flutter Mane|Booster Energy\n|-activate|p2a: Flutter Mane|ability: Protosynthesis|[fromitem]\n|-start|p2a: Flutter Mane|protosynthesisspe\n|turn|1\n|inactive|fabio souza has 30 seconds left.\n|\n|t:|1719251136\n|move|p1b: Terapagos|Protect|p1b: Terapagos\n|-singleturn|p1b: Terapagos|Protect\n|move|p2a: Flutter Mane|Icy Wind|p1a: Urshifu|[spread] p1a\n|-activate|p1b: Terapagos|move: Protect\n|-resisted|p1a: Urshifu\n|-damage|p1a: Urshifu|89\/100\n|-unboost|p1a: Urshifu|spe|1\n|move|p2b: Urshifu|Close Combat|p1b: Terapagos\n|-activate|p1b: Terapagos|ability: Tera Shell\n|-resisted|p1b: Terapagos\n|-damage|p1b: Terapagos|78\/100\n|-unboost|p2b: Urshifu|def|1\n|-unboost|p2b: Urshifu|spd|1\n|move|p1a: Urshifu|Surging Strikes|p2a: Flutter Mane\n|-crit|p2a: Flutter Mane\n|-damage|p2a: Flutter Mane|56\/100\n|-crit|p2a: Flutter Mane\n|-damage|p2a: Flutter Mane|4\/100\n|-crit|p2a: Flutter Mane\n|-damage|p2a: Flutter Mane|0 fnt\n|faint|p2a: Flutter Mane\n|-end|p2a: Flutter Mane|Protosynthesis|[silent]\n|-hitcount|p2: Flutter Mane|3\n|\n|upkeep\n|\n|t:|1719251142\n|switch|p2a: Calyrex|Calyrex-Shadow, L50|100\/100\n|-ability|p2a: Calyrex|As One\n|-ability|p2a: Calyrex|Unnerve\n|turn|2\n|\n|t:|1719251160\n|switch|p1a: Incineroar|Incineroar, L50, M|100\/100\n|-ability|p1a: Incineroar|Intimidate|boost\n|-unboost|p2a: Calyrex|atk|1\n|-unboost|p2b: Urshifu|atk|1\n|switch|p1b: Grimmsnarl|Grimmsnarl, L50, M|100\/100\n|move|p2b: Urshifu|Close Combat|p1b: Grimmsnarl\n|-damage|p1b: Grimmsnarl|58\/100\n|-unboost|p2b: Urshifu|def|1\n|-unboost|p2b: Urshifu|spd|1\n|move|p2a: Calyrex|Expanding Force|p1a: Incineroar\n|-immune|p1a: Incineroar\n|\n|upkeep\n|turn|3\n|inactive|fabio souza has 30 seconds left.\n|\n|t:|1719251198\n|switch|p2b: Indeedee|Indeedee-F, L50, F|100\/100\n|-fieldstart|move: Psychic Terrain|[from] ability: Psychic Surge|[of] p2b: Indeedee\n|-terastallize|p2a: Calyrex|Fighting\n|move|p1b: Grimmsnarl|Thunder Wave|p2b: Indeedee\n|-activate|p2b: Indeedee|move: Psychic Terrain\n|move|p2a: Calyrex|Tera Blast|p1a: Incineroar|[anim] Tera Blast Fighting\n|-supereffective|p1a: Incineroar\n|-damage|p1a: Incineroar|0 fnt\n|faint|p1a: Incineroar\n|-ability|p2a: Calyrex|Grim Neigh|boost\n|-boost|p2a: Calyrex|spa|1\n|\n|upkeep\n|\n|t:|1719251210\n|switch|p1a: Terapagos|Terapagos-Terastal, L50, M|78\/100\n|turn|4\n|\n|t:|1719251233\n|move|p1a: Terapagos|Protect|p1a: Terapagos\n|-singleturn|p1a: Terapagos|Protect\n|move|p2b: Indeedee|Follow Me|p2b: Indeedee\n|-singleturn|p2b: Indeedee|move: Follow Me\n|move|p1b: Grimmsnarl|Light Screen|p1b: Grimmsnarl\n|-sidestart|p1: fabio souza|move: Light Screen\n|move|p2a: Calyrex|Tera Blast|p1a: Terapagos|[anim] Tera Blast Fighting\n|-activate|p1a: Terapagos|move: Protect\n|\n|upkeep\n|turn|5\n|\n|t:|1719251249\n|-terastallize|p1a: Terapagos|Stellar\n|detailschange|p1a: Terapagos|Terapagos-Stellar, L50, M, tera:Stellar\n|-heal|p1a: Terapagos|84\/100|[silent]\n|-ability|p1a: Terapagos|Teraform Zero\n|-fieldend|move: Psychic Terrain\n|move|p2b: Indeedee|Helping Hand|p2a: Calyrex\n|-singleturn|p2a: Calyrex|Helping Hand|[of] p2b: Indeedee\n|move|p1b: Grimmsnarl|Thunder Wave|p2a: Calyrex\n|-status|p2a: Calyrex|par\n|move|p1a: Terapagos|Tera Starstorm|p2a: Calyrex|[spread] p2a,p2b\n|-supereffective|p2a: Calyrex\n|-damage|p2a: Calyrex|37\/100 par\n|-damage|p2b: Indeedee|64\/100\n|move|p2a: Calyrex|Tera Blast|p1a: Terapagos|[anim] Tera Blast Fighting\n|-supereffective|p1a: Terapagos\n|-damage|p1a: Terapagos|0 fnt\n|faint|p1a: Terapagos\n|-ability|p2a: Calyrex|Grim Neigh|boost\n|-boost|p2a: Calyrex|spa|1\n|\n|upkeep\n|\n|t:|1719251263\n|switch|p1a: Urshifu|Urshifu-Rapid-Strike, L50, M|89\/100\n|turn|6\n|\n|t:|1719251274\n|move|p2b: Indeedee|Follow Me|p2b: Indeedee\n|-singleturn|p2b: Indeedee|move: Follow Me\n|move|p1a: Urshifu|Surging Strikes|p2b: Indeedee\n|-crit|p2b: Indeedee\n|-damage|p2b: Indeedee|43\/100\n|-damage|p1a: Urshifu|72\/100|[from] item: Rocky Helmet|[of] p2b: Indeedee\n|-crit|p2b: Indeedee\n|-damage|p2b: Indeedee|23\/100\n|-damage|p1a: Urshifu|56\/100|[from] item: Rocky Helmet|[of] p2b: Indeedee\n|-crit|p2b: Indeedee\n|-damage|p2b: Indeedee|2\/100\n|-damage|p1a: Urshifu|39\/100|[from] item: Rocky Helmet|[of] p2b: Indeedee\n|-hitcount|p2b: Indeedee|3\n|move|p2a: Calyrex|Astral Barrage|p1a: Urshifu|[spread] p1a,p1b\n|-resisted|p1b: Grimmsnarl\n|-damage|p1a: Urshifu|0 fnt\n|-damage|p1b: Grimmsnarl|21\/100\n|faint|p1a: Urshifu\n|-ability|p2a: Calyrex|Grim Neigh|boost\n|-boost|p2a: Calyrex|spa|1\n|move|p1b: Grimmsnarl|Foul Play|p2b: Indeedee\n|-supereffective|p2b: Indeedee\n|-damage|p2b: Indeedee|0 fnt\n|-damage|p1b: Grimmsnarl|4\/100|[from] item: Rocky Helmet|[of] p2b: Indeedee\n|faint|p2b: Indeedee\n|\n|upkeep\n|-message|fabio souza forfeited.\n|\n|win|betsie\n|raw|fabio souza's rating: 1773 &rarr; <strong>1750<\/strong><br \/>(-23 for losing)\n|raw|betsie's rating: 1727 &rarr; <strong>1750<\/strong><br \/>(+23 for winning)\n|l|\u2606fabio souza\n|player|p1|\n","uploadtime":1719251545,"views":56,"formatid":"gen9vgc2024regg","rating":1750,"private":0,"password":null}