{"id":"gen9vgc2024regg-2149579693","format":"[Gen 9] VGC 2024 Reg G","players":["tdntns2","tuanzai233"],"log":"|j|\u2606tdntns2\n|j|\u2606tuanzai233\n|t:|1719289505\n|gametype|doubles\n|player|p1|tdntns2|sabrina|1770\n|player|p2|tuanzai233|169|1698\n|teamsize|p1|6\n|teamsize|p2|6\n|gen|9\n|tier|[Gen 9] VGC 2024 Reg G\n|rated|\n|rule|Species Clause: Limit one of each Pok\u00e9mon\n|rule|Item Clause: Limit one of each item\n|clearpoke\n|poke|p1|Lunala, L50|\n|poke|p1|Rillaboom, L50, F|\n|poke|p1|Urshifu-*, L50, F|\n|poke|p1|Umbreon, L50, F|\n|poke|p1|Iron Jugulis, L50|\n|poke|p1|Chi-Yu, L50|\n|poke|p2|Indeedee-F, L50, F|\n|poke|p2|Torkoal, L50, M|\n|poke|p2|Calyrex-Ice, L50|\n|poke|p2|Annihilape, L50, F|\n|poke|p2|Urshifu-*, L50, F|\n|poke|p2|Brute Bonnet, L50|\n|teampreview|4\n|inactive|Battle timer is ON: inactive players will automatically lose when time's up. (requested by tdntns2)\n|\n|t:|1719289526\n|start\n|switch|p1a: Lunala|Lunala, L50|100\/100\n|switch|p1b: Umbreon|Umbreon, L50, F|100\/100\n|switch|p2a: Calyrex|Calyrex-Ice, L50|100\/100\n|switch|p2b: Brute Bonnet|Brute Bonnet, L50, shiny|100\/100\n|-ability|p2a: Calyrex|As One\n|-ability|p2a: Calyrex|Unnerve\n|turn|1\n|inactive|tdntns2 has 30 seconds left.\n|\n|t:|1719289554\n|-terastallize|p1a: Lunala|Fairy\n|move|p2b: Brute Bonnet|Rage Powder|p2b: Brute Bonnet\n|-singleturn|p2b: Brute Bonnet|move: Rage Powder\n|move|p1a: Lunala|Moongeist Beam|p2b: Brute Bonnet\n|-resisted|p2b: Brute Bonnet\n|-crit|p2b: Brute Bonnet\n|-damage|p2b: Brute Bonnet|69\/100\n|move|p1b: Umbreon|Taunt|p2b: Brute Bonnet\n|-start|p2b: Brute Bonnet|move: Taunt\n|move|p2a: Calyrex|Trick Room|p2a: Calyrex\n|-fieldstart|move: Trick Room|[of] p2a: Calyrex\n|\n|upkeep\n|turn|2\n|\n|t:|1719289570\n|-terastallize|p2a: Calyrex|Fire\n|move|p1a: Lunala|Protect|p1a: Lunala\n|-singleturn|p1a: Lunala|Protect\n|move|p2a: Calyrex|Glacial Lance|p1b: Umbreon|[spread] p1b\n|-activate|p1a: Lunala|move: Protect\n|-damage|p1b: Umbreon|58\/100\n|move|p2b: Brute Bonnet|Pollen Puff|p1b: Umbreon\n|-supereffective|p1b: Umbreon\n|-damage|p1b: Umbreon|39\/100\n|move|p1b: Umbreon|Reflect|p1b: Umbreon\n|-sidestart|p1: tdntns2|Reflect\n|\n|upkeep\n|turn|3\n|\n|t:|1719289590\n|switch|p1b: Urshifu|Urshifu-Rapid-Strike, L50, F|100\/100\n|move|p2a: Calyrex|Glacial Lance|p1b: Urshifu|[spread] p1a,p1b\n|-resisted|p1b: Urshifu\n|-damage|p1a: Lunala|84\/100\n|-damage|p1b: Urshifu|81\/100\n|move|p2b: Brute Bonnet|Pollen Puff|p1b: Urshifu\n|-resisted|p1b: Urshifu\n|-damage|p1b: Urshifu|69\/100\n|move|p1a: Lunala|Moongeist Beam|p2a: Calyrex\n|-damage|p2a: Calyrex|61\/100\n|\n|-heal|p1a: Lunala|91\/100|[from] item: Leftovers\n|upkeep\n|turn|4\n|\n|t:|1719289612\n|-end|p2b: Brute Bonnet|Protosynthesis|[silent]\n|switch|p2b: Torkoal|Torkoal, L50, M|100\/100\n|-weather|SunnyDay|[from] ability: Drought|[of] p2b: Torkoal\n|move|p1b: Urshifu|Detect|p1b: Urshifu\n|-singleturn|p1b: Urshifu|Protect\n|move|p2a: Calyrex|Glacial Lance|p1b: Urshifu|[spread] p1a\n|-activate|p1b: Urshifu|move: Protect\n|-damage|p1a: Lunala|60\/100\n|move|p1a: Lunala|Moonblast|p2b: Torkoal\n|-resisted|p2b: Torkoal\n|-damage|p2b: Torkoal|62\/100\n|\n|-weather|SunnyDay|[upkeep]\n|-heal|p1a: Lunala|66\/100|[from] item: Leftovers\n|upkeep\n|turn|5\n|\n|t:|1719289634\n|switch|p2b: Brute Bonnet|Brute Bonnet, L50, shiny|69\/100\n|-activate|p2b: Brute Bonnet|ability: Protosynthesis\n|-start|p2b: Brute Bonnet|protosynthesisdef\n|switch|p1b: Umbreon|Umbreon, L50, F|39\/100\n|move|p1a: Lunala|Protect|p1a: Lunala\n|-singleturn|p1a: Lunala|Protect\n|move|p2a: Calyrex|Glacial Lance|p1a: Lunala|[spread] p1b\n|-activate|p1a: Lunala|move: Protect\n|-damage|p1b: Umbreon|10\/100\n|\n|-weather|SunnyDay|[upkeep]\n|-heal|p1a: Lunala|73\/100|[from] item: Leftovers\n|-fieldend|move: Trick Room\n|upkeep\n|turn|6\n|j| Satansinlaw\n|\n|t:|1719289655\n|move|p2b: Brute Bonnet|Rage Powder|p2b: Brute Bonnet\n|-singleturn|p2b: Brute Bonnet|move: Rage Powder\n|move|p1a: Lunala|Moonblast|p2b: Brute Bonnet\n|-supereffective|p2b: Brute Bonnet\n|-damage|p2b: Brute Bonnet|0 fnt\n|faint|p2b: Brute Bonnet\n|-end|p2b: Brute Bonnet|Protosynthesis|[silent]\n|move|p1b: Umbreon|Taunt|p2a: Calyrex\n|-start|p2a: Calyrex|move: Taunt\n|cant|p2a: Calyrex|move: Taunt|Trick Room\n|\n|-weather|SunnyDay|[upkeep]\n|-heal|p1a: Lunala|79\/100|[from] item: Leftovers\n|-sideend|p1: tdntns2|Reflect\n|upkeep\n|\n|t:|1719289659\n|switch|p2b: Urshifu|Urshifu, L50, F|100\/100\n|turn|7\n|\n|t:|1719289675\n|move|p2b: Urshifu|Wicked Blow|p1b: Umbreon\n|-resisted|p1b: Umbreon\n|-crit|p1b: Umbreon\n|-damage|p1b: Umbreon|0 fnt\n|faint|p1b: Umbreon\n|move|p1a: Lunala|Moonblast|p2b: Urshifu\n|-supereffective|p2b: Urshifu\n|-enditem|p2b: Urshifu|Focus Sash\n|-damage|p2b: Urshifu|1\/100\n|move|p2a: Calyrex|Glacial Lance|p1a: Lunala\n|-damage|p1a: Lunala|19\/100\n|\n|-weather|SunnyDay|[upkeep]\n|-heal|p1a: Lunala|25\/100|[from] item: Leftovers\n|upkeep\n|\n|t:|1719289683\n|switch|p1b: Urshifu|Urshifu-Rapid-Strike, L50, F|69\/100\n|turn|8\n|\n|t:|1719289706\n|switch|p2b: Torkoal|Torkoal, L50, M|62\/100\n|move|p1a: Lunala|Protect|p1a: Lunala\n|-singleturn|p1a: Lunala|Protect\n|move|p1b: Urshifu|Aqua Jet|p2b: Torkoal\n|-supereffective|p2b: Torkoal\n|-damage|p2b: Torkoal|45\/100\n|move|p2a: Calyrex|High Horsepower|p1a: Lunala\n|-activate|p1a: Lunala|move: Protect\n|\n|-weather|none\n|-heal|p1a: Lunala|31\/100|[from] item: Leftovers\n|-end|p2a: Calyrex|move: Taunt\n|upkeep\n|turn|9\n|\n|t:|1719289717\n|switch|p2a: Urshifu|Urshifu, L50, F|1\/100\n|move|p1b: Urshifu|Surging Strikes|p2a: Urshifu\n|-crit|p2a: Urshifu\n|-damage|p2a: Urshifu|0 fnt\n|faint|p2a: Urshifu\n|-hitcount|p2: Urshifu|1\n|move|p1a: Lunala|Moongeist Beam|p2b: Torkoal\n|-damage|p2b: Torkoal|0 fnt\n|faint|p2b: Torkoal\n|\n|-heal|p1a: Lunala|37\/100|[from] item: Leftovers\n|upkeep\n|-message|tuanzai233 forfeited.\n|\n|win|tdntns2\n|raw|tdntns2's rating: 1770 &rarr; <strong>1786<\/strong><br \/>(+16 for winning)\n|raw|tuanzai233's rating: 1698 &rarr; <strong>1682<\/strong><br \/>(-16 for losing)\n|l|\u2606tuanzai233\n|player|p2|\n|l| Satansinlaw\n|l|\u2606tdntns2\n|player|p1|\n","uploadtime":1719289990,"views":27,"formatid":"gen9vgc2024regg","rating":1682,"private":0,"password":null}