{"id":"gen9vgc2024regg-2149797097","format":"[Gen 9] VGC 2024 Reg G","players":["miraidnyan","carrotbeafsteak"],"log":"|j|\u2606miraidnyan\n|j|\u2606carrotbeafsteak\n|t:|1719326742\n|gametype|doubles\n|player|p1|miraidnyan|marley|1722\n|player|p2|carrotbeafsteak|169|1743\n|teamsize|p1|6\n|teamsize|p2|6\n|gen|9\n|tier|[Gen 9] VGC 2024 Reg G\n|rated|\n|rule|Species Clause: Limit one of each Pok\u00e9mon\n|rule|Item Clause: Limit one of each item\n|clearpoke\n|poke|p1|Miraidon, L50|\n|poke|p1|Farigiraf, L50, M|\n|poke|p1|Iron Hands, L50|\n|poke|p1|Urshifu-*, L50, F|\n|poke|p1|Ursaluna-Bloodmoon, L50, M|\n|poke|p1|Whimsicott, L50, F|\n|poke|p2|Zacian-*, L50|\n|poke|p2|Chien-Pao, L50|\n|poke|p2|Stonjourner, L50, F|\n|poke|p2|Chi-Yu, L50|\n|poke|p2|Suicune, L50|\n|poke|p2|Raging Bolt, L50|\n|teampreview|4\n|inactive|Battle timer is ON: inactive players will automatically lose when time's up. (requested by miraidnyan)\n|inactive|miraidnyan has 60 seconds left.\n|inactive|carrotbeafsteak has 60 seconds left.\n|\n|t:|1719326776\n|start\n|switch|p1a: Miraidon|Miraidon, L50|100\/100\n|switch|p1b: Iron Hands|Iron Hands, L50|100\/100\n|switch|p2a: Chien-Pao|Chien-Pao, L50|100\/100\n|switch|p2b: Stonjourner|Stonjourner, L50, F|100\/100\n|-ability|p2a: Chien-Pao|Sword of Ruin\n|-fieldstart|move: Electric Terrain|[from] ability: Hadron Engine|[of] p1a: Miraidon\n|-activate|p1b: Iron Hands|ability: Quark Drive\n|-start|p1b: Iron Hands|quarkdriveatk\n|turn|1\n|\n|t:|1719326791\n|switch|p1a: Farigiraf|Farigiraf, L50, M|100\/100\n|-enditem|p1a: Farigiraf|Electric Seed\n|-boost|p1a: Farigiraf|def|1|[from] item: Electric Seed\n|move|p2a: Chien-Pao|Protect|p2a: Chien-Pao\n|-singleturn|p2a: Chien-Pao|Protect\n|move|p2b: Stonjourner|Protect|p2b: Stonjourner\n|-singleturn|p2b: Stonjourner|Protect\n|move|p1b: Iron Hands|Fake Out|p2a: Chien-Pao\n|-activate|p2a: Chien-Pao|move: Protect\n|\n|upkeep\n|turn|2\n|inactive|carrotbeafsteak has 30 seconds left.\n|\n|t:|1719326818\n|switch|p2a: Raging Bolt|Raging Bolt, L50|100\/100\n|switch|p2b: Zacian|Zacian-Crowned, L50|100\/100\n|-ability|p2b: Zacian|Intrepid Sword|boost\n|-boost|p2b: Zacian|atk|1\n|move|p1b: Iron Hands|Volt Switch|p2a: Raging Bolt\n|-resisted|p2a: Raging Bolt\n|-damage|p2a: Raging Bolt|98\/100\n|\n|t:|1719326823\n|-end|p1b: Iron Hands|Quark Drive|[silent]\n|switch|p1b: Ursaluna|Ursaluna-Bloodmoon, L50, M|100\/100|[from] Volt Switch\n|move|p1a: Farigiraf|Trick Room|p1a: Farigiraf\n|-fieldstart|move: Trick Room|[of] p1a: Farigiraf\n|\n|upkeep\n|turn|3\n|\n|t:|1719326845\n|-end|p2a: Raging Bolt|Protosynthesis|[silent]\n|switch|p2a: Stonjourner|Stonjourner, L50, F|100\/100\n|-terastallize|p1b: Ursaluna|Normal\n|-terastallize|p2b: Zacian|Fairy\n|move|p1a: Farigiraf|Helping Hand|p1b: Ursaluna\n|-singleturn|p1b: Ursaluna|Helping Hand|[of] p1a: Farigiraf\n|move|p1b: Ursaluna|Blood Moon|p2a: Stonjourner\n|-resisted|p2a: Stonjourner\n|-crit|p2a: Stonjourner\n|-enditem|p2a: Stonjourner|Focus Sash\n|-damage|p2a: Stonjourner|1\/100\n|-damage|p1b: Ursaluna|91\/100|[from] item: Life Orb\n|move|p2b: Zacian|Sacred Sword|p1b: Ursaluna\n|-supereffective|p1b: Ursaluna\n|-damage|p1b: Ursaluna|0 fnt\n|faint|p1b: Ursaluna\n|\n|upkeep\n|\n|t:|1719326853\n|switch|p1b: Iron Hands|Iron Hands, L50|100\/100\n|-activate|p1b: Iron Hands|ability: Quark Drive\n|-start|p1b: Iron Hands|quarkdriveatk\n|turn|4\n|\n|t:|1719326870\n|move|p2a: Stonjourner|Protect|p2a: Stonjourner\n|-singleturn|p2a: Stonjourner|Protect\n|move|p2b: Zacian|Protect|p2b: Zacian\n|-singleturn|p2b: Zacian|Protect\n|move|p1a: Farigiraf|Psychic Noise|p2a: Stonjourner\n|-activate|p2a: Stonjourner|move: Protect\n|move|p1b: Iron Hands|Heavy Slam|p2b: Zacian\n|-activate|p2b: Zacian|move: Protect\n|\n|upkeep\n|turn|5\n|\n|t:|1719326884\n|switch|p2a: Raging Bolt|Raging Bolt, L50|98\/100\n|move|p1a: Farigiraf|Foul Play|p2b: Zacian\n|-resisted|p2b: Zacian\n|-damage|p2b: Zacian|77\/100\n|move|p1b: Iron Hands|Heavy Slam|p2b: Zacian\n|-supereffective|p2b: Zacian\n|-damage|p2b: Zacian|42\/100\n|move|p2b: Zacian|Play Rough|p1b: Iron Hands\n|-supereffective|p1b: Iron Hands\n|-damage|p1b: Iron Hands|0 fnt\n|faint|p1b: Iron Hands\n|-end|p1b: Iron Hands|Quark Drive|[silent]\n|\n|-fieldend|move: Electric Terrain\n|upkeep\n|\n|t:|1719326887\n|switch|p1b: Miraidon|Miraidon, L50|100\/100\n|-fieldstart|move: Electric Terrain|[from] ability: Hadron Engine|[of] p1b: Miraidon\n|turn|6\n|-message|miraidnyan forfeited.\n|\n|win|carrotbeafsteak\n|raw|miraidnyan's rating: 1722 &rarr; <strong>1703<\/strong><br \/>(-19 for losing)\n|raw|carrotbeafsteak's rating: 1743 &rarr; <strong>1762<\/strong><br \/>(+19 for winning)\n|l|\u2606miraidnyan\n|player|p1|\n|l|\u2606carrotbeafsteak\n|player|p2|\n","uploadtime":1719326895,"views":36,"formatid":"gen9vgc2024regg","rating":1703,"private":0,"password":null}