{"id":"gen9vgc2024regg-2149590759","format":"[Gen 9] VGC 2024 Reg G","players":["tuanzai233","shulivgc"],"log":"|j|\u2606tuanzai233\n|j|\u2606shulivgc\n|t:|1719291448\n|gametype|doubles\n|player|p1|tuanzai233|169|1697\n|player|p2|shulivgc|#smogonxnpa2024draftee2|1790\n|teamsize|p1|6\n|teamsize|p2|6\n|gen|9\n|tier|[Gen 9] VGC 2024 Reg G\n|rated|\n|rule|Species Clause: Limit one of each Pok\u00e9mon\n|rule|Item Clause: Limit one of each item\n|clearpoke\n|poke|p1|Indeedee-F, L50, F|\n|poke|p1|Torkoal, L50, M|\n|poke|p1|Calyrex-Ice, L50|\n|poke|p1|Annihilape, L50, F|\n|poke|p1|Urshifu-*, L50, M|\n|poke|p1|Brute Bonnet, L50|\n|poke|p2|Calyrex-Ice, L50|\n|poke|p2|Annihilape, L50, F|\n|poke|p2|Smeargle, L50, F|\n|poke|p2|Ursaluna-Bloodmoon, L50, M|\n|poke|p2|Urshifu-*, L50, M|\n|poke|p2|Ogerpon-Wellspring, L50, F|\n|teampreview|4\n|\n|t:|1719291476\n|start\n|switch|p1a: Calyrex|Calyrex-Ice, L50|100\/100\n|switch|p1b: Brute Bonnet|Brute Bonnet, L50, shiny|100\/100\n|switch|p2a: Urshifu|Urshifu, L50, M|100\/100\n|switch|p2b: Calyrex|Calyrex-Ice, L50|100\/100\n|-ability|p2b: Calyrex|As One\n|-ability|p2b: Calyrex|Unnerve\n|-ability|p1a: Calyrex|As One\n|-ability|p1a: Calyrex|Unnerve\n|turn|1\n|\n|t:|1719291488\n|-terastallize|p1a: Calyrex|Fire\n|move|p2a: Urshifu|U-turn|p1b: Brute Bonnet\n|-supereffective|p1b: Brute Bonnet\n|-damage|p1b: Brute Bonnet|0 fnt\n|faint|p1b: Brute Bonnet\n|-end|p1b: Brute Bonnet|Protosynthesis|[silent]\n|\n|t:|1719291494\n|switch|p2a: Smeargle|Smeargle, L50, F|100\/100|[from] U-turn\n|move|p2b: Calyrex|Glacial Lance|p1a: Calyrex\n|-resisted|p1a: Calyrex\n|-damage|p1a: Calyrex|74\/100\n|move|p1a: Calyrex|Glacial Lance|p2b: Calyrex|[spread] p2a,p2b\n|-resisted|p2b: Calyrex\n|-crit|p2b: Calyrex\n|-damage|p2a: Smeargle|19\/100\n|-damage|p2b: Calyrex|74\/100\n|\n|upkeep\n|\n|t:|1719291499\n|switch|p1b: Urshifu|Urshifu, L50, M|100\/100\n|turn|2\n|j| jasonrfry2\n|\n|t:|1719291518\n|-terastallize|p2b: Calyrex|Water\n|move|p1b: Urshifu|Detect|p1b: Urshifu\n|-singleturn|p1b: Urshifu|Protect\n|move|p2b: Calyrex|High Horsepower|p1a: Calyrex\n|-supereffective|p1a: Calyrex\n|-damage|p1a: Calyrex|25\/100\n|move|p2a: Smeargle|Decorate|p2b: Calyrex\n|-boost|p2b: Calyrex|atk|2\n|-boost|p2b: Calyrex|spa|2\n|move|p1a: Calyrex|Glacial Lance|p2a: Smeargle|[spread] p2a,p2b\n|-resisted|p2b: Calyrex\n|-damage|p2a: Smeargle|0 fnt\n|-damage|p2b: Calyrex|58\/100\n|faint|p2a: Smeargle\n|-ability|p1a: Calyrex|Chilling Neigh|boost\n|-boost|p1a: Calyrex|atk|1\n|\n|upkeep\n|\n|t:|1719291530\n|switch|p2a: Ogerpon|Ogerpon-Wellspring, L50, F|100\/100\n|turn|3\n|\n|t:|1719291541\n|move|p2a: Ogerpon|Follow Me|p2a: Ogerpon\n|-singleturn|p2a: Ogerpon|move: Follow Me\n|move|p1b: Urshifu|Wicked Blow|p2a: Ogerpon\n|-crit|p2a: Ogerpon\n|-damage|p2a: Ogerpon|37\/100\n|move|p2b: Calyrex|Glacial Lance|p1b: Urshifu|[spread] p1a,p1b\n|-resisted|p1a: Calyrex\n|-damage|p1a: Calyrex|0 fnt\n|-enditem|p1b: Urshifu|Focus Sash\n|-damage|p1b: Urshifu|1\/100\n|faint|p1a: Calyrex\n|-ability|p2b: Calyrex|Chilling Neigh|boost\n|-boost|p2b: Calyrex|atk|1\n|\n|upkeep\n|\n|t:|1719291545\n|switch|p1a: Annihilape|Annihilape, L50, F|100\/100\n|turn|4\n|\n|t:|1719291557\n|move|p1b: Urshifu|Detect|p1b: Urshifu\n|-singleturn|p1b: Urshifu|Protect\n|move|p2a: Ogerpon|Follow Me|p2a: Ogerpon\n|-singleturn|p2a: Ogerpon|move: Follow Me\n|move|p1a: Annihilape|Close Combat|p2a: Ogerpon\n|-damage|p2a: Ogerpon|0 fnt\n|-unboost|p1a: Annihilape|def|1\n|-unboost|p1a: Annihilape|spd|1\n|faint|p2a: Ogerpon\n|move|p2b: Calyrex|Glacial Lance|p1a: Annihilape|[spread] p1a\n|-activate|p1b: Urshifu|move: Protect\n|-crit|p1a: Annihilape\n|-damage|p1a: Annihilape|0 fnt\n|faint|p1a: Annihilape\n|-ability|p2b: Calyrex|Chilling Neigh|boost\n|-boost|p2b: Calyrex|atk|1\n|\n|upkeep\n|\n|t:|1719291559\n|switch|p2a: Urshifu|Urshifu, L50, M|100\/100\n|turn|5\n|j| jbleacher2\n|-message|tuanzai233 forfeited.\n|\n|win|shulivgc\n|raw|tuanzai233's rating: 1697 &rarr; <strong>1682<\/strong><br \/>(-15 for losing)\n|raw|shulivgc's rating: 1790 &rarr; <strong>1805<\/strong><br \/>(+15 for winning)\n|l|\u2606tuanzai233\n|player|p1|\n|l|\u2606shulivgc\n|player|p2|\n|l| jasonrfry2\n|l| jbleacher2\n","uploadtime":1719291792,"views":44,"formatid":"gen9vgc2024regg","rating":1682,"private":0,"password":null}