{"id":"gen9vgc2024regg-2149790326","format":"[Gen 9] VGC 2024 Reg G","players":["pkmzbx","cicibi"],"log":"|j|\u2606pkmzbx\n|j|\u2606cicibi\n|t:|1719325960\n|gametype|doubles\n|player|p1|pkmzbx|1|1681\n|player|p2|cicibi|cilan|1740\n|teamsize|p1|6\n|teamsize|p2|6\n|gen|9\n|tier|[Gen 9] VGC 2024 Reg G\n|rated|\n|rule|Species Clause: Limit one of each Pok\u00e9mon\n|rule|Item Clause: Limit one of each item\n|clearpoke\n|poke|p1|Araquanid, L50, M|\n|poke|p1|Landorus, L50, M|\n|poke|p1|Farigiraf, L50, F|\n|poke|p1|Iron Hands, L50|\n|poke|p1|Grimmsnarl, L50, M|\n|poke|p1|Miraidon, L50|\n|poke|p2|Calyrex-Shadow, L50|\n|poke|p2|Heatran, L50, F|\n|poke|p2|Indeedee-F, L50, F|\n|poke|p2|Urshifu-*, L50, M|\n|poke|p2|Ogerpon-Wellspring, L50, F|\n|poke|p2|Ursaluna, L50, F|\n|teampreview|4\n|j| rabbithorn01\n|\n|t:|1719326012\n|start\n|switch|p1a: Grimmsnarl|Grimmsnarl, L50, M|100\/100\n|switch|p1b: Landorus|Landorus, L50, M|100\/100\n|switch|p2a: Calyrex|Calyrex-Shadow, L50|100\/100\n|switch|p2b: Urshifu|Urshifu, L50, M|100\/100\n|-ability|p2a: Calyrex|As One\n|-ability|p2a: Calyrex|Unnerve\n|turn|1\n|\n|t:|1719326032\n|move|p2a: Calyrex|Protect|p2a: Calyrex\n|-singleturn|p2a: Calyrex|Protect\n|move|p1a: Grimmsnarl|Light Screen|p1a: Grimmsnarl\n|-sidestart|p1: pkmzbx|move: Light Screen\n|move|p2b: Urshifu|Wicked Blow|p1b: Landorus\n|-crit|p1b: Landorus\n|-damage|p1b: Landorus|40\/100\n|move|p1b: Landorus|Sandsear Storm|p2b: Urshifu|[spread] p2b\n|-activate|p2a: Calyrex|move: Protect\n|-enditem|p2b: Urshifu|Focus Sash\n|-damage|p2b: Urshifu|1\/100\n|\n|upkeep\n|turn|2\n|\n|t:|1719326062\n|switch|p1b: Iron Hands|Iron Hands, L50|100\/100\n|move|p2a: Calyrex|Pollen Puff|p2b: Urshifu\n|-heal|p2b: Urshifu|51\/100\n|-damage|p2a: Calyrex|91\/100|[from] item: Life Orb\n|move|p2b: Urshifu|Wicked Blow|p1b: Iron Hands\n|-resisted|p1b: Iron Hands\n|-crit|p1b: Iron Hands\n|-damage|p1b: Iron Hands|79\/100\n|move|p1a: Grimmsnarl|Foul Play|p2b: Urshifu\n|-resisted|p2b: Urshifu\n|-damage|p2b: Urshifu|37\/100\n|\n|upkeep\n|turn|3\n|\n|t:|1719326102\n|switch|p2b: Indeedee|Indeedee-F, L50, F|100\/100\n|-fieldstart|move: Psychic Terrain|[from] ability: Psychic Surge|[of] p2b: Indeedee\n|-terastallize|p2a: Calyrex|Normal\n|move|p1a: Grimmsnarl|Thunder Wave|p2a: Calyrex\n|-activate|p2a: Calyrex|move: Psychic Terrain\n|move|p2a: Calyrex|Expanding Force|p1a: Grimmsnarl|[spread] p1b\n|-immune|p1a: Grimmsnarl\n|-supereffective|p1b: Iron Hands\n|-damage|p1b: Iron Hands|0 fnt\n|faint|p1b: Iron Hands\n|-end|p1b: Iron Hands|Quark Drive|[silent]\n|-ability|p2a: Calyrex|Grim Neigh|boost\n|-boost|p2a: Calyrex|spa|1\n|-damage|p2a: Calyrex|81\/100|[from] item: Life Orb\n|\n|upkeep\n|\n|t:|1719326113\n|switch|p1b: Miraidon|Miraidon, L50|100\/100\n|-fieldstart|move: Electric Terrain|[from] ability: Hadron Engine|[of] p1b: Miraidon\n|turn|4\n|\n|t:|1719326129\n|switch|p2b: Heatran|Heatran, L50, F|100\/100\n|move|p2a: Calyrex|Protect|p2a: Calyrex\n|-singleturn|p2a: Calyrex|Protect\n|move|p1a: Grimmsnarl|Thunder Wave|p2a: Calyrex\n|-activate|p2a: Calyrex|move: Protect\n|move|p1b: Miraidon|Electro Drift|p2b: Heatran\n|-damage|p2b: Heatran|16\/100\n|\n|upkeep\n|turn|5\n|\n|t:|1719326184\n|switch|p2b: Indeedee|Indeedee-F, L50, F|100\/100\n|-fieldstart|move: Psychic Terrain|[from] ability: Psychic Surge|[of] p2b: Indeedee\n|move|p1b: Miraidon|Electro Drift|p2a: Calyrex\n|-damage|p2a: Calyrex|13\/100\n|move|p2a: Calyrex|Astral Barrage|p1a: Grimmsnarl|[spread] p1a,p1b\n|-resisted|p1a: Grimmsnarl\n|-damage|p1a: Grimmsnarl|67\/100\n|-damage|p1b: Miraidon|29\/100\n|-damage|p2a: Calyrex|3\/100|[from] item: Life Orb\n|move|p1a: Grimmsnarl|Foul Play|p2a: Calyrex\n|-damage|p2a: Calyrex|0 fnt\n|faint|p2a: Calyrex\n|\n|upkeep\n|\n|t:|1719326206\n|switch|p2a: Heatran|Heatran, L50, F|16\/100\n|turn|6\n|\n|t:|1719326220\n|switch|p1b: Landorus|Landorus, L50, M|40\/100\n|move|p2b: Indeedee|Follow Me|p2b: Indeedee\n|-singleturn|p2b: Indeedee|move: Follow Me\n|move|p2a: Heatran|Earth Power|p1b: Landorus\n|-immune|p1b: Landorus\n|move|p1a: Grimmsnarl|Foul Play|p2b: Indeedee\n|-supereffective|p2b: Indeedee\n|-damage|p2b: Indeedee|70\/100\n|-damage|p1a: Grimmsnarl|50\/100|[from] item: Rocky Helmet|[of] p2b: Indeedee\n|\n|upkeep\n|turn|7\n|\n|t:|1719326243\n|move|p2b: Indeedee|Protect|p2b: Indeedee\n|-singleturn|p2b: Indeedee|Protect\n|move|p1b: Landorus|Sandsear Storm|p2b: Indeedee|[spread] p2a\n|-activate|p2b: Indeedee|move: Protect\n|-supereffective|p2a: Heatran\n|-damage|p2a: Heatran|0 fnt\n|faint|p2a: Heatran\n|move|p1a: Grimmsnarl|Foul Play|p2b: Indeedee\n|-activate|p2b: Indeedee|move: Protect\n|\n|upkeep\n|j| zorba_the_geek\n|\n|t:|1719326255\n|switch|p2a: Urshifu|Urshifu, L50, M|37\/100\n|turn|8\n|\n|t:|1719326264\n|move|p2b: Indeedee|Helping Hand|p2a: Urshifu\n|-singleturn|p2a: Urshifu|Helping Hand|[of] p2b: Indeedee\n|move|p2a: Urshifu|Sucker Punch|p1b: Landorus\n|-hint|Psychic Terrain doesn't affect Pok\u00e9mon immune to Ground.\n|-damage|p1b: Landorus|0 fnt\n|faint|p1b: Landorus\n|move|p1a: Grimmsnarl|Foul Play|p2b: Indeedee\n|-supereffective|p2b: Indeedee\n|-damage|p2b: Indeedee|39\/100\n|-damage|p1a: Grimmsnarl|34\/100|[from] item: Rocky Helmet|[of] p2b: Indeedee\n|\n|-sideend|p1: pkmzbx|move: Light Screen\n|upkeep\n|\n|t:|1719326272\n|switch|p1b: Miraidon|Miraidon, L50|29\/100\n|-fieldstart|move: Electric Terrain|[from] ability: Hadron Engine|[of] p1b: Miraidon\n|turn|9\n|\n|t:|1719326302\n|-terastallize|p1b: Miraidon|Fairy\n|move|p2a: Urshifu|Sucker Punch|p1b: Miraidon\n|-resisted|p1b: Miraidon\n|-damage|p1b: Miraidon|10\/100\n|move|p1a: Grimmsnarl|Reflect|p1a: Grimmsnarl\n|-sidestart|p1: pkmzbx|Reflect\n|move|p1b: Miraidon|Dazzling Gleam|p2a: Urshifu|[spread] p2a,p2b\n|-supereffective|p2a: Urshifu\n|-damage|p2a: Urshifu|0 fnt\n|-damage|p2b: Indeedee|0 fnt\n|faint|p2a: Urshifu\n|faint|p2b: Indeedee\n|\n|win|pkmzbx\n|raw|pkmzbx's rating: 1681 &rarr; <strong>1704<\/strong><br \/>(+23 for winning)\n|raw|cicibi's rating: 1740 &rarr; <strong>1717<\/strong><br \/>(-23 for losing)\n|l|\u2606pkmzbx\n|player|p1|\n|l|\u2606cicibi\n|player|p2|\n","uploadtime":1719326485,"views":57,"formatid":"gen9vgc2024regg","rating":1704,"private":0,"password":null}