{"id":"gen9vgc2024regg-2149855657","format":"[Gen 9] VGC 2024 Reg G","players":["Krisuerte","carrotbeafsteak"],"log":"|j|\u2606Krisuerte\n|j|\u2606carrotbeafsteak\n|t:|1719333379\n|gametype|doubles\n|player|p1|Krisuerte|265|1712\n|player|p2|carrotbeafsteak|169|1830\n|teamsize|p1|6\n|teamsize|p2|6\n|gen|9\n|tier|[Gen 9] VGC 2024 Reg G\n|rated|\n|rule|Species Clause: Limit one of each Pok\u00e9mon\n|rule|Item Clause: Limit one of each item\n|clearpoke\n|poke|p1|Sinistcha-Masterpiece, L50|\n|poke|p1|Kyogre, L50|\n|poke|p1|Tornadus, L50, M|\n|poke|p1|Urshifu-*, L50, M|\n|poke|p1|Archaludon, L50, M|\n|poke|p1|Landorus, L50, M|\n|poke|p2|Zacian-*, L50|\n|poke|p2|Chien-Pao, L50|\n|poke|p2|Stonjourner, L50, F|\n|poke|p2|Chi-Yu, L50|\n|poke|p2|Suicune, L50|\n|poke|p2|Raging Bolt, L50|\n|teampreview|4\n|j| bluestraggler01\n|\n|t:|1719333409\n|start\n|switch|p1a: Kyogre|Kyogre, L50|100\/100\n|switch|p1b: Tornadus|Tornadus, L50, M|100\/100\n|switch|p2a: Zacian|Zacian-Crowned, L50|100\/100\n|switch|p2b: Suicune|Suicune, L50|100\/100\n|-ability|p2a: Zacian|Intrepid Sword|boost\n|-boost|p2a: Zacian|atk|1\n|-weather|RainDance|[from] ability: Drizzle|[of] p1a: Kyogre\n|turn|1\n|\n|t:|1719333437\n|move|p2a: Zacian|Protect|p2a: Zacian\n|-singleturn|p2a: Zacian|Protect\n|move|p1b: Tornadus|Tailwind|p1b: Tornadus\n|-sidestart|p1: Krisuerte|move: Tailwind\n|move|p1a: Kyogre|Water Spout|p2a: Zacian|[spread] p2b\n|-activate|p2a: Zacian|move: Protect\n|-resisted|p2b: Suicune\n|-damage|p2b: Suicune|43\/100\n|move|p2b: Suicune|Snarl|p1a: Kyogre|[spread] p1a,p1b\n|-damage|p1a: Kyogre|93\/100\n|-damage|p1b: Tornadus|89\/100\n|-unboost|p1a: Kyogre|spa|1\n|\n|-weather|RainDance|[upkeep]\n|upkeep\n|turn|2\n|\n|t:|1719333454\n|move|p1b: Tornadus|Bleakwind Storm|p2a: Zacian|[spread] p2a,p2b\n|-resisted|p2a: Zacian\n|-damage|p2a: Zacian|85\/100\n|-damage|p2b: Suicune|20\/100\n|move|p1a: Kyogre|Water Spout|p2a: Zacian|[spread] p2a,p2b\n|-resisted|p2b: Suicune\n|-damage|p2a: Zacian|0 fnt\n|-damage|p2b: Suicune|0 fnt\n|faint|p2a: Zacian\n|faint|p2b: Suicune\n|\n|-weather|RainDance|[upkeep]\n|upkeep\n|j| chuanOVO\n|\n|t:|1719333462\n|switch|p2a: Stonjourner|Stonjourner, L50, F|100\/100\n|switch|p2b: Chien-Pao|Chien-Pao, L50|100\/100\n|-ability|p2b: Chien-Pao|Sword of Ruin\n|turn|3\n|\n|t:|1719333484\n|switch|p1a: Archaludon|Archaludon, L50, M|100\/100\n|-terastallize|p1b: Tornadus|Dark\n|-terastallize|p2b: Chien-Pao|Dark\n|move|p2a: Stonjourner|Wide Guard|p2a: Stonjourner\n|-singleturn|p2a: Stonjourner|Wide Guard\n|move|p2b: Chien-Pao|Sucker Punch||[still]\n|-fail|p2b: Chien-Pao\n|move|p1b: Tornadus|Bleakwind Storm|p2a: Stonjourner|[spread] \n|-activate|p2a: Stonjourner|move: Wide Guard\n|-activate|p2b: Chien-Pao|move: Wide Guard\n|\n|-weather|RainDance|[upkeep]\n|upkeep\n|turn|4\n|\n|t:|1719333511\n|move|p2b: Chien-Pao|Protect|p2b: Chien-Pao\n|-singleturn|p2b: Chien-Pao|Protect\n|move|p1b: Tornadus|Bleakwind Storm|p2a: Stonjourner|[spread] p2a\n|-activate|p2b: Chien-Pao|move: Protect\n|-resisted|p2a: Stonjourner\n|-damage|p2a: Stonjourner|54\/100\n|move|p1a: Archaludon|Electro Shot||[still]\n|-prepare|p1a: Archaludon|Electro Shot\n|-boost|p1a: Archaludon|spa|1\n|-anim|p1a: Archaludon|Electro Shot|p2b: Chien-Pao\n|-activate|p2b: Chien-Pao|move: Protect\n|move|p2a: Stonjourner|Rock Slide|p1a: Archaludon|[spread] p1a,p1b\n|-resisted|p1a: Archaludon\n|-damage|p1a: Archaludon|84\/100\n|-damage|p1b: Tornadus|44\/100\n|-ability|p1a: Archaludon|Stamina|boost\n|-boost|p1a: Archaludon|def|1\n|\n|-weather|RainDance|[upkeep]\n|-sideend|p1: Krisuerte|move: Tailwind\n|upkeep\n|turn|5\n|\n|t:|1719333544\n|move|p2a: Stonjourner|Wide Guard|p2a: Stonjourner\n|-singleturn|p2a: Stonjourner|Wide Guard\n|move|p1b: Tornadus|Tailwind|p1b: Tornadus\n|-sidestart|p1: Krisuerte|move: Tailwind\n|move|p1a: Archaludon|Electro Shot||[still]\n|-prepare|p1a: Archaludon|Electro Shot\n|-boost|p1a: Archaludon|spa|1\n|-anim|p1a: Archaludon|Electro Shot|p2a: Stonjourner\n|-damage|p2a: Stonjourner|0 fnt\n|faint|p2a: Stonjourner\n|move|p2b: Chien-Pao|Throat Chop|p1a: Archaludon\n|-damage|p1a: Archaludon|36\/100\n|-start|p1a: Archaludon|Throat Chop|[silent]\n|-ability|p1a: Archaludon|Stamina|boost\n|-boost|p1a: Archaludon|def|1\n|-damage|p2b: Chien-Pao|91\/100|[from] item: Life Orb\n|\n|-weather|none\n|upkeep\n|turn|6\n|-message|carrotbeafsteak forfeited.\n|\n|win|Krisuerte\n|raw|Krisuerte's rating: 1712 &rarr; <strong>1739<\/strong><br \/>(+27 for winning)\n|raw|carrotbeafsteak's rating: 1830 &rarr; <strong>1803<\/strong><br \/>(-27 for losing)\n|l|\u2606carrotbeafsteak\n|player|p2|\n|l|\u2606Krisuerte\n|player|p1|\n|l| chuanOVO\n","uploadtime":1719333741,"views":57,"formatid":"gen9vgc2024regg","rating":1739,"private":0,"password":null}