{"id":"gen9vgc2024regg-2149251027","format":"[Gen 9] VGC 2024 Reg G","players":["Krisuerte","tuanzai233"],"log":"|j|\u2606Krisuerte\n|j|\u2606tuanzai233\n|t:|1719248243\n|gametype|doubles\n|player|p1|Krisuerte|169|1753\n|player|p2|tuanzai233|102|1690\n|teamsize|p1|6\n|teamsize|p2|6\n|gen|9\n|tier|[Gen 9] VGC 2024 Reg G\n|rated|\n|rule|Species Clause: Limit one of each Pok\u00e9mon\n|rule|Item Clause: Limit one of each item\n|clearpoke\n|poke|p1|Sinistcha-Masterpiece, L50|\n|poke|p1|Kyogre, L50|\n|poke|p1|Tornadus, L50, M|\n|poke|p1|Urshifu-*, L50, M|\n|poke|p1|Archaludon, L50, M|\n|poke|p1|Landorus, L50, M|\n|poke|p2|Indeedee-F, L50, F|\n|poke|p2|Torkoal, L50, M|\n|poke|p2|Calyrex-Ice, L50|\n|poke|p2|Annihilape, L50, M|\n|poke|p2|Urshifu-*, L50, M|\n|poke|p2|Brute Bonnet, L50|\n|teampreview|4\n|\n|t:|1719248251\n|start\n|switch|p1a: Kyogre|Kyogre, L50|100\/100\n|switch|p1b: Archaludon|Archaludon, L50, M|100\/100\n|switch|p2a: Annihilape|Annihilape, L50, M|100\/100\n|switch|p2b: Brute Bonnet|Brute Bonnet, L50, shiny|100\/100\n|-weather|RainDance|[from] ability: Drizzle|[of] p1a: Kyogre\n|turn|1\n|inactive|Battle timer is ON: inactive players will automatically lose when time's up. (requested by Krisuerte)\n|\n|t:|1719248270\n|-terastallize|p1a: Kyogre|Ghost\n|move|p2a: Annihilape|Final Gambit|p1b: Archaludon\n|-damage|p1b: Archaludon|0 fnt\n|faint|p2a: Annihilape\n|faint|p1b: Archaludon\n|move|p1a: Kyogre|Water Spout|p2b: Brute Bonnet\n|-resisted|p2b: Brute Bonnet\n|-damage|p2b: Brute Bonnet|23\/100\n|-enditem|p2b: Brute Bonnet|Sitrus Berry|[eat]\n|-heal|p2b: Brute Bonnet|48\/100|[from] item: Sitrus Berry\n|move|p2b: Brute Bonnet|Spore|p1a: Kyogre\n|-status|p1a: Kyogre|slp|[from] move: Spore\n|\n|-weather|RainDance|[upkeep]\n|upkeep\n|j| Therazer456\n|\n|t:|1719248285\n|switch|p2a: Calyrex|Calyrex-Ice, L50|100\/100\n|switch|p1b: Urshifu|Urshifu-Rapid-Strike, L50, M|100\/100\n|-ability|p2a: Calyrex|As One\n|-ability|p2a: Calyrex|Unnerve\n|turn|2\n|\n|t:|1719248300\n|-end|p2b: Brute Bonnet|Protosynthesis|[silent]\n|switch|p2b: Torkoal|Torkoal, L50, M|100\/100\n|-weather|SunnyDay|[from] ability: Drought|[of] p2b: Torkoal\n|move|p1b: Urshifu|Close Combat|p2b: Torkoal\n|-damage|p2b: Torkoal|46\/100\n|-unboost|p1b: Urshifu|def|1\n|-unboost|p1b: Urshifu|spd|1\n|cant|p1a: Kyogre|slp\n|move|p2a: Calyrex|Trick Room|p2a: Calyrex\n|-fieldstart|move: Trick Room|[of] p2a: Calyrex\n|\n|-weather|SunnyDay|[upkeep]\n|upkeep\n|turn|3\n|inactive|Krisuerte has 30 seconds left.\n|j| bluestraggler01\n|\n|t:|1719248327\n|switch|p1a: Sinistcha|Sinistcha-Masterpiece, L50|100\/100\n|move|p1b: Urshifu|Detect|p1b: Urshifu\n|-singleturn|p1b: Urshifu|Protect\n|move|p2b: Torkoal|Weather Ball|p1a: Sinistcha\n|-supereffective|p1a: Sinistcha\n|-damage|p1a: Sinistcha|0 fnt\n|faint|p1a: Sinistcha\n|move|p2a: Calyrex|Glacial Lance|p1b: Urshifu\n|-activate|p1b: Urshifu|move: Protect\n|\n|-weather|SunnyDay|[upkeep]\n|upkeep\n|\n|t:|1719248341\n|switch|p1a: Kyogre|Kyogre, L50, tera:Ghost|100\/100 slp\n|-weather|RainDance|[from] ability: Drizzle|[of] p1a: Kyogre\n|turn|4\n|\n|t:|1719248348\n|move|p2b: Torkoal|Weather Ball|p1b: Urshifu\n|-resisted|p1b: Urshifu\n|-damage|p1b: Urshifu|57\/100\n|move|p2a: Calyrex|High Horsepower|p1b: Urshifu\n|-damage|p1b: Urshifu|1\/100\n|cant|p1a: Kyogre|slp\n|move|p1b: Urshifu|Surging Strikes|p2a: Calyrex\n|-crit|p2a: Calyrex\n|-damage|p2a: Calyrex|76\/100\n|-crit|p2a: Calyrex\n|-damage|p2a: Calyrex|53\/100\n|-crit|p2a: Calyrex\n|-damage|p2a: Calyrex|31\/100\n|-hitcount|p2a: Calyrex|3\n|\n|-weather|RainDance|[upkeep]\n|upkeep\n|turn|5\n|\n|t:|1719248373\n|move|p1b: Urshifu|Detect|p1b: Urshifu\n|-singleturn|p1b: Urshifu|Protect\n|move|p2b: Torkoal|Weather Ball|p1a: Kyogre\n|-damage|p1a: Kyogre|74\/100 slp\n|move|p2a: Calyrex|Glacial Lance|p1a: Kyogre|[spread] p1a\n|-activate|p1b: Urshifu|move: Protect\n|-damage|p1a: Kyogre|20\/100 slp\n|-curestatus|p1a: Kyogre|slp|[msg]\n|move|p1a: Kyogre|Water Spout|p2b: Torkoal|[spread] p2a,p2b\n|-supereffective|p2b: Torkoal\n|-damage|p2a: Calyrex|12\/100\n|-damage|p2b: Torkoal|0 fnt\n|faint|p2b: Torkoal\n|\n|-weather|RainDance|[upkeep]\n|upkeep\n|\n|t:|1719248380\n|switch|p2b: Brute Bonnet|Brute Bonnet, L50, shiny|48\/100\n|turn|6\n|\n|t:|1719248396\n|move|p1b: Urshifu|Aqua Jet|p2a: Calyrex\n|-damage|p2a: Calyrex|0 fnt\n|faint|p2a: Calyrex\n|move|p2b: Brute Bonnet|Pollen Puff|p2: Calyrex|[notarget]\n|-fail|p2b: Brute Bonnet\n|move|p1a: Kyogre|Water Spout|p2b: Brute Bonnet\n|-resisted|p2b: Brute Bonnet\n|-damage|p2b: Brute Bonnet|34\/100\n|\n|-weather|RainDance|[upkeep]\n|-fieldend|move: Trick Room\n|upkeep\n|turn|7\n|\n|t:|1719248413\n|move|p1b: Urshifu|Close Combat|p2b: Brute Bonnet\n|-supereffective|p2b: Brute Bonnet\n|-damage|p2b: Brute Bonnet|0 fnt\n|-unboost|p1b: Urshifu|def|1\n|-unboost|p1b: Urshifu|spd|1\n|faint|p2b: Brute Bonnet\n|-end|p2b: Brute Bonnet|Protosynthesis|[silent]\n|\n|win|Krisuerte\n|raw|Krisuerte's rating: 1753 &rarr; <strong>1769<\/strong><br \/>(+16 for winning)\n|raw|tuanzai233's rating: 1690 &rarr; <strong>1674<\/strong><br \/>(-16 for losing)\n|l|\u2606tuanzai233\n|player|p2|\n|l|\u2606Krisuerte\n|player|p1|\n|l| Therazer456\n","uploadtime":1719248616,"views":37,"formatid":"gen9vgc2024regg","rating":1674,"private":0,"password":null}