{"id":"gen9vgc2024regg-2149501673","format":"[Gen 9] VGC 2024 Reg G","players":["VGCNEOPHYTE","war3infi"],"log":"|j|\u2606VGCNEOPHYTE\n|j|\u2606war3infi\n|t:|1719278109\n|gametype|doubles\n|player|p1|VGCNEOPHYTE|chuck|1659\n|player|p2|war3infi|dawn|1807\n|teamsize|p1|6\n|teamsize|p2|6\n|gen|9\n|tier|[Gen 9] VGC 2024 Reg G\n|rated|\n|rule|Species Clause: Limit one of each Pok\u00e9mon\n|rule|Item Clause: Limit one of each item\n|clearpoke\n|poke|p1|Calyrex-Ice, L50|\n|poke|p1|Clefairy, L50, M|\n|poke|p1|Ursaluna-Bloodmoon, L50, M|\n|poke|p1|Hariyama, L50, M|\n|poke|p1|Tyranitar, L50, F|\n|poke|p1|Amoonguss, L50, M|\n|poke|p2|Calyrex-Ice, L50|\n|poke|p2|Annihilape, L50, F|\n|poke|p2|Smeargle, L50, M|\n|poke|p2|Ursaluna-Bloodmoon, L50, M|\n|poke|p2|Urshifu-*, L50, F|\n|poke|p2|Ogerpon-Wellspring, L50, F|\n|teampreview|4\n|inactive|Battle timer is ON: inactive players will automatically lose when time's up. (requested by VGCNEOPHYTE)\n|j| Mojogenie\n|inactive|war3infi has 60 seconds left.\n|l|\u2606war3infi\n|inactive|war3infi disconnected and has a minute to reconnect!\n|player|p2|\n|j| autumdog\n|inactive|war3infi has 30 seconds left.\n|j|\u2606war3infi\n|inactive|war3infi reconnected and has 25 seconds left.\n|player|p2|war3infi|dawn|\n|inactive|war3infi has 20 seconds left.\n|\n|t:|1719278184\n|start\n|switch|p1a: Tyranitar|Tyranitar, L50, F|100\/100\n|switch|p1b: Amoonguss|Amoonguss, L50, M|100\/100\n|switch|p2a: Annihilape|Annihilape, L50, F|100\/100\n|switch|p2b: Calyrex|Calyrex-Ice, L50|100\/100\n|-ability|p2b: Calyrex|As One\n|-ability|p2b: Calyrex|Unnerve\n|-weather|Sandstorm|[from] ability: Sand Stream|[of] p1a: Tyranitar\n|turn|1\n|\n|t:|1719278203\n|move|p2b: Calyrex|Protect|p2b: Calyrex\n|-singleturn|p2b: Calyrex|Protect\n|move|p1b: Amoonguss|Rage Powder|p1b: Amoonguss\n|-singleturn|p1b: Amoonguss|move: Rage Powder\n|move|p2a: Annihilape|Coaching|p2b: Calyrex\n|-boost|p2b: Calyrex|atk|1\n|-boost|p2b: Calyrex|def|1\n|move|p1a: Tyranitar|Knock Off|p2b: Calyrex\n|-activate|p2b: Calyrex|move: Protect\n|\n|-weather|Sandstorm|[upkeep]\n|-damage|p2a: Annihilape|95\/100|[from] Sandstorm\n|-damage|p2b: Calyrex|95\/100|[from] Sandstorm\n|-damage|p1b: Amoonguss|95\/100|[from] Sandstorm\n|upkeep\n|turn|2\n|\n|t:|1719278224\n|-terastallize|p1b: Amoonguss|Water\n|move|p2a: Annihilape|Final Gambit|p1b: Amoonguss\n|-damage|p1b: Amoonguss|6\/100\n|faint|p2a: Annihilape\n|move|p1a: Tyranitar|Knock Off|p2b: Calyrex\n|-supereffective|p2b: Calyrex\n|-damage|p2b: Calyrex|31\/100\n|-enditem|p2b: Calyrex|Sitrus Berry|[from] move: Knock Off|[of] p1a: Tyranitar\n|move|p2b: Calyrex|Glacial Lance|p1a: Tyranitar|[spread] p1a,p1b\n|-resisted|p1b: Amoonguss\n|-damage|p1a: Tyranitar|28\/100\n|-damage|p1b: Amoonguss|0 fnt\n|faint|p1b: Amoonguss\n|-ability|p2b: Calyrex|Chilling Neigh|boost\n|-boost|p2b: Calyrex|atk|1\n|\n|-weather|Sandstorm|[upkeep]\n|-damage|p2b: Calyrex|25\/100|[from] Sandstorm\n|upkeep\n|j| THUNDERSND77\n|\n|t:|1719278243\n|switch|p2a: Smeargle|Smeargle, L50, M|100\/100\n|switch|p1b: Hariyama|Hariyama, L50, M|100\/100\n|turn|3\n|\n|t:|1719278265\n|move|p2b: Calyrex|Protect|p2b: Calyrex\n|-singleturn|p2b: Calyrex|Protect\n|move|p2a: Smeargle|Fake Out|p1a: Tyranitar\n|-resisted|p1a: Tyranitar\n|-damage|p1a: Tyranitar|25\/100\n|move|p1b: Hariyama|Fake Out|p2a: Smeargle\n|-damage|p2a: Smeargle|83\/100\n|cant|p1a: Tyranitar|flinch\n|\n|-weather|Sandstorm|[upkeep]\n|-damage|p2b: Calyrex|19\/100|[from] Sandstorm\n|-damage|p2a: Smeargle|77\/100|[from] Sandstorm\n|-damage|p1b: Hariyama|95\/100|[from] Sandstorm\n|upkeep\n|turn|4\n|\n|t:|1719278281\n|move|p1b: Hariyama|Wide Guard|p1b: Hariyama\n|-singleturn|p1b: Hariyama|Wide Guard\n|move|p2a: Smeargle|Follow Me|p2a: Smeargle\n|-singleturn|p2a: Smeargle|move: Follow Me\n|move|p1a: Tyranitar|Knock Off|p2a: Smeargle\n|-damage|p2a: Smeargle|0 fnt\n|-enditem|p2a: Smeargle|Focus Sash|[from] move: Knock Off|[of] p1a: Tyranitar\n|faint|p2a: Smeargle\n|move|p2b: Calyrex|Glacial Lance|p1b: Hariyama|[spread] \n|-activate|p1a: Tyranitar|move: Wide Guard\n|-activate|p1b: Hariyama|move: Wide Guard\n|\n|-weather|Sandstorm|[upkeep]\n|-damage|p2b: Calyrex|13\/100|[from] Sandstorm\n|-damage|p1b: Hariyama|89\/100|[from] Sandstorm\n|upkeep\n|\n|t:|1719278284\n|switch|p2a: Urshifu|Urshifu, L50, F|100\/100\n|turn|5\n|inactive|VGCNEOPHYTE has 30 seconds left.\n|\n|t:|1719278310\n|move|p2a: Urshifu|Wicked Blow|p1a: Tyranitar\n|-resisted|p1a: Tyranitar\n|-crit|p1a: Tyranitar\n|-damage|p1a: Tyranitar|0 fnt\n|faint|p1a: Tyranitar\n|move|p2b: Calyrex|Glacial Lance|p1b: Hariyama\n|-damage|p1b: Hariyama|16\/100\n|move|p1b: Hariyama|Close Combat|p2a: Urshifu\n|-supereffective|p2a: Urshifu\n|-damage|p2a: Urshifu|0 fnt\n|-unboost|p1b: Hariyama|def|1\n|-unboost|p1b: Hariyama|spd|1\n|faint|p2a: Urshifu\n|\n|-weather|none\n|upkeep\n|\n|t:|1719278322\n|switch|p1a: Calyrex|Calyrex-Ice, L50|100\/100\n|-ability|p1a: Calyrex|As One\n|-ability|p1a: Calyrex|Unnerve\n|turn|6\n|j| Yagamoth\n|-message|war3infi forfeited.\n|\n|win|VGCNEOPHYTE\n|raw|VGCNEOPHYTE's rating: 1659 &rarr; <strong>1687<\/strong><br \/>(+28 for winning)\n|raw|war3infi's rating: 1807 &rarr; <strong>1779<\/strong><br \/>(-28 for losing)\n|c|\u2606VGCNEOPHYTE|gg\n|l|\u2606war3infi\n|player|p2|\n|l| autumdog\n|l| THUNDERSND77\n|l|\u2606VGCNEOPHYTE\n|player|p1|\n","uploadtime":1719278519,"views":21,"formatid":"gen9vgc2024regg","rating":1687,"private":0,"password":null}