{"id":"gen9vgc2024regg-2149666440","format":"[Gen 9] VGC 2024 Reg G","players":["shuijun2\u7535\u9f99\u4fa0","cicibi"],"log":"|j|\u2606shuijun2\u7535\u9f99\u4fa0\n|j|\u2606cicibi\n|t:|1719306893\n|gametype|doubles\n|player|p1|shuijun2\u7535\u9f99\u4fa0|iono|1727\n|player|p2|cicibi|cilan|1738\n|teamsize|p1|6\n|teamsize|p2|6\n|gen|9\n|tier|[Gen 9] VGC 2024 Reg G\n|rated|\n|rule|Species Clause: Limit one of each Pok\u00e9mon\n|rule|Item Clause: Limit one of each item\n|clearpoke\n|poke|p1|Armarouge, L50, M|\n|poke|p1|Zamazenta-*, L50|\n|poke|p1|Indeedee, L50, M|\n|poke|p1|Roaring Moon, L50|\n|poke|p1|Urshifu-*, L50, M|\n|poke|p1|Maushold, L50|\n|poke|p2|Calyrex-Shadow, L50|\n|poke|p2|Heatran, L50, F|\n|poke|p2|Indeedee-F, L50, F|\n|poke|p2|Mienshao, L50, F|\n|poke|p2|Ogerpon-Wellspring, L50, F|\n|poke|p2|Ursaluna, L50, F|\n|teampreview|4\n|inactive|Battle timer is ON: inactive players will automatically lose when time's up. (requested by cicibi)\n|\n|t:|1719306968\n|start\n|switch|p1a: Armarouge|Armarouge, L50, M, shiny|100\/100\n|switch|p1b: Zamazenta|Zamazenta-Crowned, L50|100\/100\n|switch|p2a: Indeedee|Indeedee-F, L50, F|100\/100\n|switch|p2b: Calyrex|Calyrex-Shadow, L50|100\/100\n|-ability|p2b: Calyrex|As One\n|-ability|p2b: Calyrex|Unnerve\n|-ability|p1b: Zamazenta|Dauntless Shield|boost\n|-boost|p1b: Zamazenta|def|1\n|-fieldstart|move: Psychic Terrain|[from] ability: Psychic Surge|[of] p2a: Indeedee\n|turn|1\n|inactive|cicibi has 30 seconds left.\n|\n|t:|1719306999\n|switch|p2b: Ursaluna|Ursaluna, L50, F|100\/100\n|move|p1b: Zamazenta|Wide Guard|p1b: Zamazenta\n|-singleturn|p1b: Zamazenta|Wide Guard\n|move|p1a: Armarouge|Heat Wave|p2a: Indeedee|[spread] p2a\n|-miss|p1a: Armarouge|p2b: Ursaluna\n|-damage|p2a: Indeedee|66\/100\n|move|p2a: Indeedee|Trick Room|p2a: Indeedee\n|-fieldstart|move: Trick Room|[of] p2a: Indeedee\n|\n|-status|p2b: Ursaluna|brn|[from] item: Flame Orb\n|upkeep\n|turn|2\n|j| huchen\n|j| test368\n|\n|t:|1719307019\n|move|p1a: Armarouge|Protect|p1a: Armarouge\n|-singleturn|p1a: Armarouge|Protect\n|move|p2a: Indeedee|Follow Me|p2a: Indeedee\n|-singleturn|p2a: Indeedee|move: Follow Me\n|move|p2b: Ursaluna|Facade|p1a: Armarouge\n|-activate|p1a: Armarouge|move: Protect\n|move|p1b: Zamazenta|Body Press|p2a: Indeedee\n|-damage|p2a: Indeedee|4\/100\n|-damage|p1b: Zamazenta|84\/100|[from] item: Rocky Helmet|[of] p2a: Indeedee\n|\n|-damage|p2b: Ursaluna|94\/100 brn|[from] brn\n|upkeep\n|turn|3\n|\n|t:|1719307036\n|move|p2a: Indeedee|Follow Me|p2a: Indeedee\n|-singleturn|p2a: Indeedee|move: Follow Me\n|move|p2b: Ursaluna|Facade|p1a: Armarouge\n|-damage|p1a: Armarouge|0 fnt\n|faint|p1a: Armarouge\n|move|p1b: Zamazenta|Body Press|p2a: Indeedee\n|-damage|p2a: Indeedee|0 fnt\n|-damage|p1b: Zamazenta|68\/100|[from] item: Rocky Helmet|[of] p2a: Indeedee\n|faint|p2a: Indeedee\n|\n|-damage|p2b: Ursaluna|88\/100 brn|[from] brn\n|upkeep\n|\n|t:|1719307053\n|switch|p2a: Heatran|Heatran, L50, F|100\/100\n|switch|p1a: Urshifu|Urshifu-Rapid-Strike, L50, M|100\/100\n|turn|4\n|\n|t:|1719307070\n|-terastallize|p2a: Heatran|Grass\n|-terastallize|p1b: Zamazenta|Water\n|move|p1a: Urshifu|Protect|p1a: Urshifu\n|-singleturn|p1a: Urshifu|Protect\n|move|p2b: Ursaluna|Headlong Rush|p1b: Zamazenta\n|-damage|p1b: Zamazenta|28\/100\n|-unboost|p2b: Ursaluna|def|1\n|-unboost|p2b: Ursaluna|spd|1\n|move|p2a: Heatran|Tera Blast|p1a: Urshifu|[anim] Tera Blast Grass\n|-activate|p1a: Urshifu|move: Protect\n|move|p1b: Zamazenta|Body Press|p2a: Heatran\n|-damage|p2a: Heatran|39\/100\n|\n|-damage|p2b: Ursaluna|82\/100 brn|[from] brn\n|upkeep\n|turn|5\n|inactive|shuijun2\u7535\u9f99\u4fa0 has 30 seconds left.\n|\n|t:|1719307098\n|switch|p1a: Roaring Moon|Roaring Moon, L50|100\/100\n|-enditem|p1a: Roaring Moon|Booster Energy\n|-activate|p1a: Roaring Moon|ability: Protosynthesis|[fromitem]\n|-start|p1a: Roaring Moon|protosynthesisspe\n|move|p2b: Ursaluna|Facade|p1b: Zamazenta\n|-damage|p1b: Zamazenta|0 fnt\n|faint|p1b: Zamazenta\n|move|p2a: Heatran|Tera Blast|p1a: Roaring Moon|[anim] Tera Blast Grass\n|-resisted|p1a: Roaring Moon\n|-damage|p1a: Roaring Moon|77\/100\n|\n|-damage|p2b: Ursaluna|75\/100 brn|[from] brn\n|-fieldend|move: Trick Room\n|-fieldend|move: Psychic Terrain\n|upkeep\n|\n|t:|1719307105\n|switch|p1b: Urshifu|Urshifu-Rapid-Strike, L50, M|100\/100\n|turn|6\n|\n|t:|1719307128\n|move|p1a: Roaring Moon|Acrobatics|p2a: Heatran\n|-supereffective|p2a: Heatran\n|-damage|p2a: Heatran|0 fnt\n|faint|p2a: Heatran\n|move|p1b: Urshifu|Surging Strikes|p2b: Ursaluna\n|-supereffective|p2b: Ursaluna\n|-crit|p2b: Ursaluna\n|-damage|p2b: Ursaluna|16\/100 brn\n|-supereffective|p2b: Ursaluna\n|-crit|p2b: Ursaluna\n|-damage|p2b: Ursaluna|0 fnt\n|faint|p2b: Ursaluna\n|-hitcount|p2: Ursaluna|2\n|\n|upkeep\n|\n|t:|1719307140\n|switch|p2a: Calyrex|Calyrex-Shadow, L50|100\/100\n|-ability|p2a: Calyrex|As One\n|-ability|p2a: Calyrex|Unnerve\n|turn|7\n|\n|t:|1719307158\n|move|p1b: Urshifu|Aqua Jet|p2a: Calyrex\n|-damage|p2a: Calyrex|68\/100\n|move|p1a: Roaring Moon|Knock Off|p2a: Calyrex\n|-supereffective|p2a: Calyrex\n|-crit|p2a: Calyrex\n|-damage|p2a: Calyrex|0 fnt\n|-enditem|p2a: Calyrex|Life Orb|[from] move: Knock Off|[of] p1a: Roaring Moon\n|faint|p2a: Calyrex\n|\n|win|shuijun2\u7535\u9f99\u4fa0\n|raw|shuijun2\u7535\u9f99\u4fa0's rating: 1727 &rarr; <strong>1748<\/strong><br \/>(+21 for winning)\n|raw|cicibi's rating: 1738 &rarr; <strong>1717<\/strong><br \/>(-21 for losing)\n|l|\u2606shuijun2\u7535\u9f99\u4fa0\n|player|p1|\n|l|\u2606cicibi\n|player|p2|\n|l| test368\n|l| huchen\n","uploadtime":1719307334,"views":50,"formatid":"gen9vgc2024regg","rating":1717,"private":0,"password":null}