{"id":"gen9vgc2024regg-2149777186","format":"[Gen 9] VGC 2024 Reg G","players":["Therazer456","carrotbeafsteak"],"log":"|j|\u2606Therazer456\n|j|\u2606carrotbeafsteak\n|t:|1719324433\n|gametype|doubles\n|player|p1|Therazer456|ghetsis|1738\n|player|p2|carrotbeafsteak|169|1674\n|teamsize|p1|6\n|teamsize|p2|6\n|gen|9\n|tier|[Gen 9] VGC 2024 Reg G\n|rated|\n|rule|Species Clause: Limit one of each Pok\u00e9mon\n|rule|Item Clause: Limit one of each item\n|clearpoke\n|poke|p1|Calyrex-Ice, L50|\n|poke|p1|Porygon2, L50|\n|poke|p1|Raging Bolt, L50|\n|poke|p1|Incineroar, L50, M|\n|poke|p1|Iron Jugulis, L50|\n|poke|p1|Amoonguss, L50, M|\n|poke|p2|Zacian-*, L50|\n|poke|p2|Chien-Pao, L50|\n|poke|p2|Raging Bolt, L50|\n|poke|p2|Thundurus, L50, M|\n|poke|p2|Suicune, L50|\n|poke|p2|Stonjourner, L50, F|\n|teampreview|4\n|\n|t:|1719324453\n|start\n|switch|p1a: Wreath|Calyrex-Ice, L50|100\/100\n|switch|p1b: Orion|Incineroar, L50, M, shiny|100\/100\n|switch|p2a: Zacian|Zacian-Crowned, L50|100\/100\n|switch|p2b: Suicune|Suicune, L50|100\/100\n|-ability|p1a: Wreath|As One\n|-ability|p1a: Wreath|Unnerve\n|-ability|p2a: Zacian|Intrepid Sword|boost\n|-boost|p2a: Zacian|atk|1\n|-ability|p1b: Orion|Intimidate|boost\n|-unboost|p2a: Zacian|atk|1\n|-fail|p2b: Suicune|unboost|Attack|[from] ability: Inner Focus|[of] p2b: Suicune\n|turn|1\n|j| Raimo Kurri\n|\n|t:|1719324499\n|move|p1a: Wreath|Protect|p1a: Wreath\n|-singleturn|p1a: Wreath|Protect\n|move|p2a: Zacian|Sacred Sword|p1b: Orion\n|-supereffective|p1b: Orion\n|-damage|p1b: Orion|29\/100\n|move|p1b: Orion|Parting Shot|p2b: Suicune\n|-unboost|p2b: Suicune|atk|1\n|-unboost|p2b: Suicune|spa|1\n|\n|t:|1719324507\n|switch|p1b: Rosette|Amoonguss, L50, M, shiny|100\/100|[from] Parting Shot\n|move|p2b: Suicune|Roar|p1a: Wreath\n|drag|p1a: California|Raging Bolt, L50|100\/100\n|\n|upkeep\n|turn|2\n|j| strikesuitzero\n|\n|t:|1719324528\n|switch|p2b: Chien-Pao|Chien-Pao, L50|100\/100\n|-ability|p2b: Chien-Pao|Sword of Ruin\n|-terastallize|p1a: California|Electric\n|move|p2a: Zacian|Play Rough|p1a: California\n|-damage|p1a: California|49\/100\n|move|p1a: California|Thunderbolt|p2a: Zacian\n|-damage|p2a: Zacian|42\/100\n|move|p1b: Rosette|Spore|p2a: Zacian\n|-status|p2a: Zacian|slp|[from] move: Spore\n|\n|upkeep\n|turn|3\n|l|\u2606carrotbeafsteak\n|player|p2|\n|j| R0gueVGC\n|j|\u2606carrotbeafsteak\n|player|p2|carrotbeafsteak|169|\n|\n|t:|1719324589\n|-end|p1a: California|Protosynthesis|[silent]\n|switch|p1a: Orion|Incineroar, L50, M, shiny|29\/100\n|-ability|p1a: Orion|Intimidate|boost\n|-unboost|p2a: Zacian|atk|1\n|-unboost|p2b: Chien-Pao|atk|1\n|cant|p2a: Zacian|slp\n|move|p2b: Chien-Pao|Protect|p2b: Chien-Pao\n|-singleturn|p2b: Chien-Pao|Protect\n|move|p1b: Rosette|Pollen Puff|p1a: Orion\n|-heal|p1a: Orion|78\/100\n|\n|upkeep\n|turn|4\n|\n|t:|1719324608\n|switch|p2a: Stonjourner|Stonjourner, L50, F|100\/100\n|switch|p1a: California|Raging Bolt, L50, tera:Electric|49\/100\n|move|p2b: Chien-Pao|Ice Spinner|p1b: Rosette\n|-supereffective|p1b: Rosette\n|-damage|p1b: Rosette|0 fnt\n|faint|p1b: Rosette\n|-damage|p2b: Chien-Pao|91\/100|[from] item: Life Orb\n|\n|upkeep\n|\n|t:|1719324619\n|switch|p1b: Wreath|Calyrex-Ice, L50|100\/100\n|-ability|p1b: Wreath|As One\n|-ability|p1b: Wreath|Unnerve\n|turn|5\n|j| DragonKenergy\n|\n|t:|1719324641\n|move|p2b: Chien-Pao|Sucker Punch|p1a: California\n|-damage|p1a: California|9\/100\n|-damage|p2b: Chien-Pao|81\/100|[from] item: Life Orb\n|move|p1a: California|Thunderclap|p2a: Stonjourner\n|-enditem|p2a: Stonjourner|Focus Sash\n|-damage|p2a: Stonjourner|1\/100\n|move|p2a: Stonjourner|Rock Slide|p1b: Wreath|[spread] p1a,p1b\n|-supereffective|p1b: Wreath\n|-damage|p1a: California|0 fnt\n|-damage|p1b: Wreath|56\/100\n|faint|p1a: California\n|-end|p1a: California|Protosynthesis|[silent]\n|cant|p1b: Wreath|flinch\n|\n|upkeep\n|-message|Therazer456 forfeited.\n|\n|win|carrotbeafsteak\n|raw|Therazer456's rating: 1738 &rarr; <strong>1714<\/strong><br \/>(-24 for losing)\n|raw|carrotbeafsteak's rating: 1674 &rarr; <strong>1698<\/strong><br \/>(+24 for winning)\n|l|\u2606Therazer456\n|player|p1|\n|l| Raimo Kurri\n|l|\u2606carrotbeafsteak\n|player|p2|\n|l| strikesuitzero\n|l| R0gueVGC\n|l| DragonKenergy\n","uploadtime":1719324808,"views":30,"formatid":"gen9vgc2024regg","rating":1698,"private":0,"password":null}