{"id":"gen9vgc2024regg-2149298342","format":"[Gen 9] VGC 2024 Reg G","players":["Krisuerte","chuanOVO"],"log":"|j|\u2606Krisuerte\n|j|\u2606chuanOVO\n|t:|1719253387\n|gametype|doubles\n|player|p1|Krisuerte|169|1814\n|player|p2|chuanOVO|hilda|1798\n|teamsize|p1|6\n|teamsize|p2|6\n|gen|9\n|tier|[Gen 9] VGC 2024 Reg G\n|rated|\n|rule|Species Clause: Limit one of each Pok\u00e9mon\n|rule|Item Clause: Limit one of each item\n|clearpoke\n|poke|p1|Sinistcha-Masterpiece, L50|\n|poke|p1|Kyogre, L50|\n|poke|p1|Tornadus, L50, M|\n|poke|p1|Urshifu-*, L50, M|\n|poke|p1|Archaludon, L50, F|\n|poke|p1|Landorus, L50, M|\n|poke|p2|Calyrex-Shadow, L50|\n|poke|p2|Smeargle, L50, M|\n|poke|p2|Clefairy, L50, F|\n|poke|p2|Incineroar, L50, M|\n|poke|p2|Rillaboom, L50, M|\n|poke|p2|Urshifu-*, L50, M|\n|teampreview|4\n|inactive|Battle timer is ON: inactive players will automatically lose when time's up. (requested by chuanOVO)\n|\n|t:|1719253417\n|start\n|switch|p1a: Kyogre|Kyogre, L50|100\/100\n|switch|p1b: Tornadus|Tornadus, L50, M|100\/100\n|switch|p2a: Smeargle|Smeargle, L50, M, shiny|100\/100\n|switch|p2b: Calyrex|Calyrex-Shadow, L50|100\/100\n|-ability|p2b: Calyrex|As One\n|-ability|p2b: Calyrex|Unnerve\n|-weather|RainDance|[from] ability: Drizzle|[of] p1a: Kyogre\n|turn|1\n|\n|t:|1719253438\n|-terastallize|p1a: Kyogre|Ghost\n|move|p2b: Calyrex|Protect|p2b: Calyrex\n|-singleturn|p2b: Calyrex|Protect\n|move|p1b: Tornadus|Tailwind|p1b: Tornadus\n|-sidestart|p1: Krisuerte|move: Tailwind\n|move|p1a: Kyogre|Water Spout|p2a: Smeargle|[spread] p2a\n|-activate|p2b: Calyrex|move: Protect\n|-enditem|p2a: Smeargle|Focus Sash\n|-damage|p2a: Smeargle|1\/100\n|move|p2a: Smeargle|Spore|p1a: Kyogre\n|-status|p1a: Kyogre|slp|[from] move: Spore\n|\n|-weather|RainDance|[upkeep]\n|-ability|p2a: Smeargle|Moody|boost\n|-boost|p2a: Smeargle|spe|2\n|-unboost|p2a: Smeargle|atk|1\n|upkeep\n|turn|2\n|\n|t:|1719253461\n|switch|p1a: Archaludon|Archaludon, L50, F|100\/100\n|switch|p2a: Clefairy|Clefairy, L50, F, shiny|100\/100\n|move|p1b: Tornadus|Bleakwind Storm|p2a: Clefairy|[spread] p2a,p2b\n|-damage|p2a: Clefairy|69\/100\n|-damage|p2b: Calyrex|77\/100\n|move|p2b: Calyrex|Astral Barrage|p1b: Tornadus|[spread] p1a,p1b\n|-damage|p1a: Archaludon|56\/100\n|-damage|p1b: Tornadus|50\/100\n|-ability|p1a: Archaludon|Stamina|boost\n|-boost|p1a: Archaludon|def|1\n|\n|-weather|RainDance|[upkeep]\n|upkeep\n|turn|3\n|\n|t:|1719253483\n|move|p2b: Calyrex|Protect|p2b: Calyrex\n|-singleturn|p2b: Calyrex|Protect\n|move|p2a: Clefairy|Protect|p2a: Clefairy\n|-singleturn|p2a: Clefairy|Protect\n|move|p1b: Tornadus|Bleakwind Storm|p2b: Calyrex|[spread] \n|-activate|p2a: Clefairy|move: Protect\n|-activate|p2b: Calyrex|move: Protect\n|move|p1a: Archaludon|Snarl|p2b: Calyrex|[spread] \n|-activate|p2a: Clefairy|move: Protect\n|-activate|p2b: Calyrex|move: Protect\n|\n|-weather|RainDance|[upkeep]\n|upkeep\n|turn|4\n|\n|t:|1719253503\n|-terastallize|p2b: Calyrex|Fairy\n|move|p2a: Clefairy|Helping Hand|p2b: Calyrex\n|-singleturn|p2b: Calyrex|Helping Hand|[of] p2a: Clefairy\n|move|p1b: Tornadus|Bleakwind Storm|p2a: Clefairy|[spread] p2a,p2b\n|-damage|p2a: Clefairy|37\/100\n|-damage|p2b: Calyrex|54\/100\n|move|p1a: Archaludon|Snarl|p2a: Clefairy|[spread] p2a,p2b\n|-resisted|p2a: Clefairy\n|-resisted|p2b: Calyrex\n|-damage|p2a: Clefairy|30\/100\n|-damage|p2b: Calyrex|49\/100\n|-unboost|p2a: Clefairy|spa|1\n|move|p2b: Calyrex|Astral Barrage|p1b: Tornadus|[spread] p1a,p1b\n|-damage|p1a: Archaludon|0 fnt\n|-damage|p1b: Tornadus|0 fnt\n|faint|p1a: Archaludon\n|faint|p1b: Tornadus\n|-ability|p2b: Calyrex|Grim Neigh|boost\n|-boost|p2b: Calyrex|spa|2\n|\n|-weather|RainDance|[upkeep]\n|-sideend|p1: Krisuerte|move: Tailwind\n|upkeep\n|j| bluestraggler01\n|\n|t:|1719253526\n|switch|p1b: Urshifu|Urshifu-Rapid-Strike, L50, M|100\/100\n|switch|p1a: Kyogre|Kyogre, L50, tera:Ghost|100\/100 slp\n|turn|5\n|j| Annnatar\n|\n|t:|1719253536\n|move|p2a: Clefairy|Follow Me|p2a: Clefairy\n|-singleturn|p2a: Clefairy|move: Follow Me\n|move|p1b: Urshifu|Aqua Jet|p2a: Clefairy\n|-damage|p2a: Clefairy|0 fnt\n|faint|p2a: Clefairy\n|move|p2b: Calyrex|Astral Barrage|p1b: Urshifu|[spread] p1a,p1b\n|-supereffective|p1a: Kyogre\n|-damage|p1a: Kyogre|0 fnt\n|-damage|p1b: Urshifu|0 fnt\n|faint|p1a: Kyogre\n|faint|p1b: Urshifu\n|\n|win|chuanOVO\n|raw|Krisuerte's rating: 1814 &rarr; <strong>1793<\/strong><br \/>(-21 for losing)\n|raw|chuanOVO's rating: 1798 &rarr; <strong>1819<\/strong><br \/>(+21 for winning)\n|l|\u2606Krisuerte\n|player|p1|\n|l| Annnatar\n|l|\u2606chuanOVO\n|player|p2|\n","uploadtime":1719253777,"views":376,"formatid":"gen9vgc2024regg","rating":1793,"private":0,"password":null}