{"id":"gen9vgc2024regg-2149074394","format":"[Gen 9] VGC 2024 Reg G","players":["CCC2026","fabio souza"],"log":"|j|\u2606CCC2026\n|j|\u2606fabio souza\n|t:|1719224739\n|gametype|doubles\n|player|p1|CCC2026|dawn|1749\n|player|p2|fabio souza|170|1780\n|teamsize|p1|6\n|teamsize|p2|6\n|gen|9\n|tier|[Gen 9] VGC 2024 Reg G\n|rated|\n|rule|Species Clause: Limit one of each Pok\u00e9mon\n|rule|Item Clause: Limit one of each item\n|clearpoke\n|poke|p1|Urshifu-*, L50, M|\n|poke|p1|Incineroar, L50, M|\n|poke|p1|Rillaboom, L50, M|\n|poke|p1|Tornadus, L50, M|\n|poke|p1|Raging Bolt, L50|\n|poke|p1|Calyrex-Shadow, L50|\n|poke|p2|Urshifu-*, L50, M|\n|poke|p2|Incineroar, L50, F|\n|poke|p2|Rillaboom, L50, M|\n|poke|p2|Terapagos, L50, M|\n|poke|p2|Sinistcha, L50|\n|poke|p2|Grimmsnarl, L50, M|\n|teampreview|4\n|j| Gamersman423\n|inactive|Battle timer is ON: inactive players will automatically lose when time's up. (requested by CCC2026)\n|inactive|CCC2026 has 60 seconds left.\n|inactive|fabio souza has 60 seconds left.\n|\n|t:|1719224797\n|start\n|switch|p1a: Incineroar|Incineroar, L50, M, shiny|100\/100\n|switch|p1b: Urshifu|Urshifu-Rapid-Strike, L50, M|100\/100\n|switch|p2a: Grimmsnarl|Grimmsnarl, L50, M|100\/100\n|switch|p2b: Terapagos|Terapagos, L50, M|100\/100\n|-activate|p2b: Terapagos|ability: Tera Shift\n|detailschange|p2b: Terapagos|Terapagos-Terastal, L50, M\n|-heal|p2b: Terapagos|100\/100|[silent]\n|-ability|p1a: Incineroar|Intimidate|boost\n|-unboost|p2a: Grimmsnarl|atk|1\n|-unboost|p2b: Terapagos|atk|1\n|turn|1\n|inactive|CCC2026 has 30 seconds left.\n|inactive|fabio souza has 30 seconds left.\n|inactive|fabio souza has 20 seconds left.\n|inactive|CCC2026 has 20 seconds left.\n|inactive|fabio souza has 15 seconds left.\n|\n|t:|1719224840\n|move|p1a: Incineroar|Fake Out|p2b: Terapagos\n|-activate|p2b: Terapagos|ability: Tera Shell\n|-resisted|p2b: Terapagos\n|-damage|p2b: Terapagos|97\/100\n|move|p2a: Grimmsnarl|Thunder Wave|p1b: Urshifu|[miss]\n|-miss|p2a: Grimmsnarl|p1b: Urshifu\n|move|p1b: Urshifu|Surging Strikes|p2a: Grimmsnarl\n|-crit|p2a: Grimmsnarl\n|-damage|p2a: Grimmsnarl|75\/100\n|-crit|p2a: Grimmsnarl\n|-damage|p2a: Grimmsnarl|52\/100\n|-crit|p2a: Grimmsnarl\n|-damage|p2a: Grimmsnarl|27\/100\n|-hitcount|p2a: Grimmsnarl|3\n|move|p2b: Terapagos|Calm Mind|p2b: Terapagos\n|-boost|p2b: Terapagos|spa|1\n|-boost|p2b: Terapagos|spd|1\n|\n|upkeep\n|turn|2\n|inactive|CCC2026 has 30 seconds left.\n|inactive|CCC2026 has 20 seconds left.\n|inactive|CCC2026 has 15 seconds left.\n|inactive|CCC2026 has 10 seconds left.\n|\n|t:|1719224888\n|switch|p2a: Sinistcha|Sinistcha, L50|100\/100\n|-heal|p2b: Terapagos|100\/100|[from] ability: Hospitality|[of] p2a: Sinistcha\n|move|p1b: Urshifu|Detect|p1b: Urshifu\n|-singleturn|p1b: Urshifu|Protect\n|move|p2b: Terapagos|Tera Starstorm|p1b: Urshifu\n|-activate|p1b: Urshifu|move: Protect\n|move|p1a: Incineroar|U-turn|p2a: Sinistcha\n|-damage|p2a: Sinistcha|87\/100\n|-damage|p1a: Incineroar|84\/100|[from] item: Rocky Helmet|[of] p2a: Sinistcha\n|\n|t:|1719224904\n|switch|p1a: Calyrex|Calyrex-Shadow, L50|100\/100|[from] U-turn\n|-ability|p1a: Calyrex|As One\n|-ability|p1a: Calyrex|Unnerve\n|\n|upkeep\n|turn|3\n|inactive|CCC2026 has 30 seconds left.\n|\n|t:|1719224934\n|switch|p2a: Grimmsnarl|Grimmsnarl, L50, M|27\/100\n|-terastallize|p2b: Terapagos|Stellar\n|detailschange|p2b: Terapagos|Terapagos-Stellar, L50, M, tera:Stellar\n|-heal|p2b: Terapagos|100\/100|[silent]\n|move|p1a: Calyrex|Astral Barrage|p2a: Grimmsnarl|[spread] p2a\n|-immune|p2b: Terapagos\n|-resisted|p2a: Grimmsnarl\n|-damage|p2a: Grimmsnarl|2\/100\n|move|p1b: Urshifu|Surging Strikes|p2b: Terapagos\n|-crit|p2b: Terapagos\n|-damage|p2b: Terapagos|87\/100\n|-crit|p2b: Terapagos\n|-damage|p2b: Terapagos|72\/100\n|-crit|p2b: Terapagos\n|-damage|p2b: Terapagos|58\/100\n|-hitcount|p2b: Terapagos|3\n|move|p2b: Terapagos|Tera Starstorm|p1a: Calyrex|[spread] p1a,p1b\n|-damage|p1a: Calyrex|50\/100\n|-damage|p1b: Urshifu|28\/100\n|\n|upkeep\n|turn|4\n|j| chrisqingyu\n|inactive|CCC2026 has 30 seconds left.\n|inactive|fabio souza has 30 seconds left.\n|inactive|CCC2026 has 20 seconds left.\n|inactive|fabio souza has 20 seconds left.\n|inactive|CCC2026 has 15 seconds left.\n|inactive|CCC2026 has 10 seconds left.\n|\n|t:|1719224982\n|move|p1b: Urshifu|Detect|p1b: Urshifu\n|-singleturn|p1b: Urshifu|Protect\n|move|p2a: Grimmsnarl|Thunder Wave|p1b: Urshifu\n|-activate|p1b: Urshifu|move: Protect\n|move|p1a: Calyrex|Astral Barrage|p2a: Grimmsnarl|[spread] p2a\n|-immune|p2b: Terapagos\n|-resisted|p2a: Grimmsnarl\n|-damage|p2a: Grimmsnarl|0 fnt\n|faint|p2a: Grimmsnarl\n|-ability|p1a: Calyrex|Grim Neigh|boost\n|-boost|p1a: Calyrex|spa|1\n|move|p2b: Terapagos|Tera Starstorm|p1b: Urshifu|[spread] p1a\n|-activate|p1b: Urshifu|move: Protect\n|-damage|p1a: Calyrex|0 fnt\n|faint|p1a: Calyrex\n|\n|upkeep\n|inactive|fabio souza has 30 seconds left.\n|\n|t:|1719225011\n|switch|p1a: Rillaboom|Rillaboom, L50, M|100\/100\n|switch|p2a: Sinistcha|Sinistcha, L50|87\/100\n|-fieldstart|move: Grassy Terrain|[from] ability: Grassy Surge|[of] p1a: Rillaboom\n|-heal|p2b: Terapagos|82\/100|[from] ability: Hospitality|[of] p2a: Sinistcha\n|turn|5\n|\n|t:|1719225026\n|-terastallize|p1b: Urshifu|Grass\n|move|p2a: Sinistcha|Rage Powder|p2a: Sinistcha\n|-singleturn|p2a: Sinistcha|move: Rage Powder\n|move|p1a: Rillaboom|Grassy Glide|p2b: Terapagos\n|-damage|p2b: Terapagos|62\/100\n|move|p1b: Urshifu|Close Combat|p2b: Terapagos\n|-supereffective|p2b: Terapagos\n|-damage|p2b: Terapagos|0 fnt\n|-unboost|p1b: Urshifu|def|1\n|-unboost|p1b: Urshifu|spd|1\n|faint|p2b: Terapagos\n|\n|-heal|p1b: Urshifu|34\/100|[from] Grassy Terrain\n|-heal|p2a: Sinistcha|93\/100|[from] Grassy Terrain\n|upkeep\n|\n|t:|1719225030\n|switch|p2b: Urshifu|Urshifu-Rapid-Strike, L50, M|100\/100\n|turn|6\n|inactive|CCC2026 has 30 seconds left.\n|\n|t:|1719225060\n|move|p1b: Urshifu|Aqua Jet|p2b: Urshifu\n|-resisted|p2b: Urshifu\n|-damage|p2b: Urshifu|85\/100\n|move|p2b: Urshifu|U-turn|p1a: Rillaboom\n|-supereffective|p1a: Rillaboom\n|-damage|p1a: Rillaboom|45\/100\n|move|p1a: Rillaboom|Wood Hammer|p2b: Urshifu\n|-supereffective|p2b: Urshifu\n|-damage|p2b: Urshifu|0 fnt\n|faint|p2b: Urshifu\n|-damage|p1a: Rillaboom|21\/100|[from] Recoil\n|move|p2a: Sinistcha|Matcha Gotcha|p1b: Urshifu|[spread] p1a,p1b\n|-resisted|p1a: Rillaboom\n|-resisted|p1b: Urshifu\n|-damage|p1a: Rillaboom|9\/100\n|-heal|p2a: Sinistcha|99\/100|[from] drain|[of] p1a: Rillaboom\n|-damage|p1b: Urshifu|0 fnt\n|-heal|p2a: Sinistcha|100\/100|[from] drain|[of] p1b: Urshifu\n|faint|p1b: Urshifu\n|\n|-heal|p1a: Rillaboom|15\/100|[from] Grassy Terrain\n|upkeep\n|\n|t:|1719225083\n|switch|p1b: Incineroar|Incineroar, L50, M, shiny|84\/100\n|-ability|p1b: Incineroar|Intimidate|boost\n|-unboost|p2a: Sinistcha|atk|1\n|turn|7\n|\n|t:|1719225092\n|move|p1a: Rillaboom|Wood Hammer|p2a: Sinistcha\n|-resisted|p2a: Sinistcha\n|-damage|p2a: Sinistcha|68\/100\n|-damage|p1a: Rillaboom|0 fnt|[from] item: Rocky Helmet|[of] p2a: Sinistcha\n|faint|p1a: Rillaboom\n|move|p2a: Sinistcha|Matcha Gotcha|p1b: Incineroar\n|-resisted|p1b: Incineroar\n|-damage|p1b: Incineroar|68\/100\n|-heal|p2a: Sinistcha|77\/100|[from] drain|[of] p1b: Incineroar\n|move|p1b: Incineroar|Knock Off|p2a: Sinistcha\n|-supereffective|p2a: Sinistcha\n|-damage|p2a: Sinistcha|19\/100\n|-damage|p1b: Incineroar|51\/100|[from] item: Rocky Helmet|[of] p2a: Sinistcha\n|-enditem|p2a: Sinistcha|Rocky Helmet|[from] move: Knock Off|[of] p1b: Incineroar\n|\n|-heal|p2a: Sinistcha|25\/100|[from] Grassy Terrain\n|-heal|p1b: Incineroar|57\/100|[from] Grassy Terrain\n|upkeep\n|turn|8\n|-message|fabio souza forfeited.\n|\n|win|CCC2026\n|raw|CCC2026's rating: 1749 &rarr; <strong>1771<\/strong><br \/>(+22 for winning)\n|raw|fabio souza's rating: 1780 &rarr; <strong>1758<\/strong><br \/>(-22 for losing)\n|l|\u2606fabio souza\n|player|p2|\n|l| Gamersman423\n|l|\u2606CCC2026\n|player|p1|\n","uploadtime":1719225364,"views":120,"formatid":"gen9vgc2024regg","rating":1758,"private":0,"password":null}