{"id":"gen9vgc2024regg-2149333493","format":"[Gen 9] VGC 2024 Reg G","players":["Spottedwoot","bluestraggler01"],"log":"|j|\u2606Spottedwoot\n|j|\u2606bluestraggler01\n|t:|1719257260\n|gametype|doubles\n|player|p1|Spottedwoot|2|1691\n|player|p2|bluestraggler01|169|1734\n|teamsize|p1|6\n|teamsize|p2|6\n|gen|9\n|tier|[Gen 9] VGC 2024 Reg G\n|rated|\n|rule|Species Clause: Limit one of each Pok\u00e9mon\n|rule|Item Clause: Limit one of each item\n|clearpoke\n|poke|p1|Kyogre, L50|\n|poke|p1|Urshifu-*, L50, F|\n|poke|p1|Farigiraf, L50, F|\n|poke|p1|Rillaboom, L50, F|\n|poke|p1|Tornadus, L50, M|\n|poke|p1|Landorus, L50, M|\n|poke|p2|Groudon, L50|\n|poke|p2|Gouging Fire, L50|\n|poke|p2|Entei, L50|\n|poke|p2|Brute Bonnet, L50|\n|poke|p2|Whimsicott, L50, M|\n|poke|p2|Walking Wake, L50|\n|teampreview|4\n|\n|t:|1719257309\n|start\n|switch|p1a: Tornadus|Tornadus, L50, M|100\/100\n|switch|p1b: Landorus|Landorus, L50, M|100\/100\n|switch|p2a: Brute Bonnet|Brute Bonnet, L50|100\/100\n|switch|p2b: Walking Wake|Walking Wake, L50|100\/100\n|turn|1\n|\n|t:|1719257331\n|-terastallize|p1b: Landorus|Poison\n|-terastallize|p2a: Brute Bonnet|Water\n|move|p1a: Tornadus|Tailwind|p1a: Tornadus\n|-sidestart|p1: Spottedwoot|move: Tailwind\n|move|p1b: Landorus|Sludge Bomb|p2a: Brute Bonnet\n|-damage|p2a: Brute Bonnet|50\/100\n|move|p2b: Walking Wake|Draco Meteor|p1b: Landorus\n|-damage|p1b: Landorus|0 fnt\n|-unboost|p2b: Walking Wake|spa|2\n|faint|p1b: Landorus\n|-damage|p2b: Walking Wake|91\/100|[from] item: Life Orb\n|move|p2a: Brute Bonnet|Spore|p1a: Tornadus\n|-status|p1a: Tornadus|slp|[from] move: Spore\n|\n|upkeep\n|\n|t:|1719257336\n|switch|p1b: Urshifu|Urshifu-Rapid-Strike, L50, F|100\/100\n|turn|2\n|\n|t:|1719257373\n|-end|p2b: Walking Wake|Protosynthesis|[silent]\n|switch|p2b: Gouging Fire|Gouging Fire, L50|100\/100\n|-enditem|p2b: Gouging Fire|Booster Energy\n|-activate|p2b: Gouging Fire|ability: Protosynthesis|[fromitem]\n|-start|p2b: Gouging Fire|protosynthesisspe\n|cant|p1a: Tornadus|slp\n|move|p1b: Urshifu|Close Combat|p2a: Brute Bonnet\n|-damage|p2a: Brute Bonnet|7\/100\n|-unboost|p1b: Urshifu|def|1\n|-unboost|p1b: Urshifu|spd|1\n|move|p2a: Brute Bonnet|Spore|p1b: Urshifu\n|-status|p1b: Urshifu|slp|[from] move: Spore\n|\n|upkeep\n|turn|3\n|\n|t:|1719257401\n|cant|p1a: Tornadus|slp\n|cant|p1b: Urshifu|slp\n|move|p2b: Gouging Fire|Breaking Swipe|p1a: Tornadus|[spread] p1a,p1b\n|-damage|p1a: Tornadus|78\/100 slp\n|-damage|p1b: Urshifu|76\/100 slp\n|-unboost|p1b: Urshifu|atk|1\n|move|p2a: Brute Bonnet|Taunt|p1a: Tornadus\n|-start|p1a: Tornadus|move: Taunt\n|\n|upkeep\n|turn|4\n|\n|t:|1719257419\n|-end|p2a: Brute Bonnet|Protosynthesis|[silent]\n|switch|p2a: Walking Wake|Walking Wake, L50|91\/100\n|cant|p1a: Tornadus|slp\n|cant|p1b: Urshifu|slp\n|move|p2b: Gouging Fire|Flare Blitz|p1a: Tornadus\n|-damage|p1a: Tornadus|16\/100 slp\n|-damage|p2b: Gouging Fire|82\/100|[from] Recoil\n|\n|-sideend|p1: Spottedwoot|move: Tailwind\n|upkeep\n|turn|5\n|\n|t:|1719257433\n|switch|p1a: Kyogre|Kyogre, L50|100\/100\n|-weather|RainDance|[from] ability: Drizzle|[of] p1a: Kyogre\n|move|p2b: Gouging Fire|Breaking Swipe|p1a: Kyogre|[spread] p1a,p1b\n|-damage|p1a: Kyogre|83\/100\n|-damage|p1b: Urshifu|47\/100 slp\n|-unboost|p1a: Kyogre|atk|1\n|-unboost|p1b: Urshifu|atk|1\n|move|p2a: Walking Wake|Draco Meteor|p1b: Urshifu\n|-damage|p1b: Urshifu|0 fnt\n|-unboost|p2a: Walking Wake|spa|2\n|faint|p1b: Urshifu\n|-damage|p2a: Walking Wake|82\/100|[from] item: Life Orb\n|\n|-weather|RainDance|[upkeep]\n|upkeep\n|\n|t:|1719257443\n|switch|p1b: Tornadus|Tornadus, L50, M|16\/100 slp\n|turn|6\n|\n|t:|1719257463\n|-curestatus|p1b: Tornadus|slp|[msg]\n|move|p1b: Tornadus|Tailwind|p1b: Tornadus\n|-sidestart|p1: Spottedwoot|move: Tailwind\n|move|p1a: Kyogre|Water Spout|p2a: Walking Wake|[spread] p2a,p2b\n|-resisted|p2a: Walking Wake\n|-damage|p2a: Walking Wake|60\/100\n|-damage|p2b: Gouging Fire|15\/100\n|move|p2b: Gouging Fire|Sunny Day|p2b: Gouging Fire\n|-weather|SunnyDay\n|-activate|p2a: Walking Wake|ability: Protosynthesis\n|-start|p2a: Walking Wake|protosynthesisspe\n|move|p2a: Walking Wake|Weather Ball|p1b: Tornadus\n|-damage|p1b: Tornadus|0 fnt\n|faint|p1b: Tornadus\n|-damage|p2a: Walking Wake|50\/100|[from] item: Life Orb\n|\n|-weather|SunnyDay|[upkeep]\n|upkeep\n|turn|7\n|-message|Spottedwoot forfeited.\n|\n|win|bluestraggler01\n|raw|Spottedwoot's rating: 1691 &rarr; <strong>1673<\/strong><br \/>(-18 for losing)\n|raw|bluestraggler01's rating: 1734 &rarr; <strong>1752<\/strong><br \/>(+18 for winning)\n|l|\u2606Spottedwoot\n|player|p1|\n|l|\u2606bluestraggler01\n|player|p2|\n","uploadtime":1719257684,"views":30,"formatid":"gen9vgc2024regg","rating":1673,"private":0,"password":null}