{"id":"gen9vgc2024regg-2149524002","format":"[Gen 9] VGC 2024 Reg G","players":["tdntns2","tuanzai233"],"log":"|j|\u2606tdntns2\n|j|\u2606tuanzai233\n|t:|1719281215\n|gametype|doubles\n|player|p1|tdntns2|sabrina|1775\n|player|p2|tuanzai233|169|1706\n|teamsize|p1|6\n|teamsize|p2|6\n|gen|9\n|tier|[Gen 9] VGC 2024 Reg G\n|rated|\n|rule|Species Clause: Limit one of each Pok\u00e9mon\n|rule|Item Clause: Limit one of each item\n|clearpoke\n|poke|p1|Lunala, L50|\n|poke|p1|Rillaboom, L50, M|\n|poke|p1|Urshifu-*, L50, M|\n|poke|p1|Umbreon, L50, M|\n|poke|p1|Iron Jugulis, L50|\n|poke|p1|Chi-Yu, L50|\n|poke|p2|Indeedee-F, L50, F|\n|poke|p2|Torkoal, L50, M|\n|poke|p2|Calyrex-Ice, L50|\n|poke|p2|Annihilape, L50, F|\n|poke|p2|Urshifu-*, L50, F|\n|poke|p2|Brute Bonnet, L50|\n|teampreview|4\n|inactive|Battle timer is ON: inactive players will automatically lose when time's up. (requested by tdntns2)\n|\n|t:|1719281234\n|start\n|switch|p1a: Lunala|Lunala, L50|100\/100\n|switch|p1b: Umbreon|Umbreon, L50, M|100\/100\n|switch|p2a: Calyrex|Calyrex-Ice, L50|100\/100\n|switch|p2b: Brute Bonnet|Brute Bonnet, L50, shiny|100\/100\n|-ability|p2a: Calyrex|As One\n|-ability|p2a: Calyrex|Unnerve\n|turn|1\n|inactive|tdntns2 has 30 seconds left.\n|\n|t:|1719281264\n|-terastallize|p1a: Lunala|Fairy\n|move|p2a: Calyrex|Protect|p2a: Calyrex\n|-singleturn|p2a: Calyrex|Protect\n|move|p1a: Lunala|Moongeist Beam|p2a: Calyrex\n|-activate|p2a: Calyrex|move: Protect\n|move|p1b: Umbreon|Taunt|p2b: Brute Bonnet\n|-start|p2b: Brute Bonnet|move: Taunt\n|cant|p2b: Brute Bonnet|move: Taunt|Spore\n|\n|upkeep\n|turn|2\n|inactive|tdntns2 has 30 seconds left.\n|\n|t:|1719281295\n|-terastallize|p2a: Calyrex|Fire\n|move|p1a: Lunala|Moongeist Beam|p2a: Calyrex\n|-damage|p2a: Calyrex|61\/100\n|move|p1b: Umbreon|Reflect|p1b: Umbreon\n|-sidestart|p1: tdntns2|Reflect\n|move|p2b: Brute Bonnet|Pollen Puff|p1b: Umbreon\n|-supereffective|p1b: Umbreon\n|-damage|p1b: Umbreon|82\/100\n|move|p2a: Calyrex|Glacial Lance|p1a: Lunala|[spread] p1a,p1b\n|-damage|p1a: Lunala|85\/100\n|-damage|p1b: Umbreon|54\/100\n|\n|-heal|p1a: Lunala|91\/100|[from] item: Leftovers\n|upkeep\n|turn|3\n|\n|t:|1719281316\n|move|p2a: Calyrex|Protect|p2a: Calyrex\n|-singleturn|p2a: Calyrex|Protect\n|move|p1a: Lunala|Moongeist Beam|p2a: Calyrex\n|-activate|p2a: Calyrex|move: Protect\n|move|p1b: Umbreon|Foul Play|p2a: Calyrex\n|-activate|p2a: Calyrex|move: Protect\n|move|p2b: Brute Bonnet|Pollen Puff|p1b: Umbreon\n|-supereffective|p1b: Umbreon\n|-damage|p1b: Umbreon|35\/100\n|\n|-heal|p1a: Lunala|98\/100|[from] item: Leftovers\n|-end|p2b: Brute Bonnet|move: Taunt\n|upkeep\n|turn|4\n|\n|t:|1719281325\n|move|p2b: Brute Bonnet|Rage Powder|p2b: Brute Bonnet\n|-singleturn|p2b: Brute Bonnet|move: Rage Powder\n|move|p1a: Lunala|Moongeist Beam|p2b: Brute Bonnet\n|-resisted|p2b: Brute Bonnet\n|-damage|p2b: Brute Bonnet|80\/100\n|move|p1b: Umbreon|Foul Play|p2b: Brute Bonnet\n|-resisted|p2b: Brute Bonnet\n|-damage|p2b: Brute Bonnet|67\/100\n|move|p2a: Calyrex|Trick Room|p2a: Calyrex\n|-fieldstart|move: Trick Room|[of] p2a: Calyrex\n|\n|-heal|p1a: Lunala|100\/100|[from] item: Leftovers\n|upkeep\n|turn|5\n|inactive|tdntns2 has 30 seconds left.\n|\n|t:|1719281359\n|move|p2a: Calyrex|Glacial Lance|p1a: Lunala|[spread] p1a,p1b\n|-damage|p1a: Lunala|85\/100\n|-damage|p1b: Umbreon|5\/100\n|move|p2b: Brute Bonnet|Pollen Puff|p1b: Umbreon\n|-supereffective|p1b: Umbreon\n|-damage|p1b: Umbreon|0 fnt\n|faint|p1b: Umbreon\n|move|p1a: Lunala|Moonblast|p2b: Brute Bonnet\n|-supereffective|p2b: Brute Bonnet\n|-damage|p2b: Brute Bonnet|0 fnt\n|faint|p2b: Brute Bonnet\n|-end|p2b: Brute Bonnet|Protosynthesis|[silent]\n|\n|-heal|p1a: Lunala|91\/100|[from] item: Leftovers\n|upkeep\n|j| AnyaForger30\n|\n|t:|1719281367\n|switch|p2b: Torkoal|Torkoal, L50, M|100\/100\n|switch|p1b: Urshifu|Urshifu-Rapid-Strike, L50, M|100\/100\n|-weather|SunnyDay|[from] ability: Drought|[of] p2b: Torkoal\n|turn|6\n|\n|t:|1719281377\n|move|p1a: Lunala|Protect|p1a: Lunala\n|-singleturn|p1a: Lunala|Protect\n|move|p1b: Urshifu|Detect|p1b: Urshifu\n|-singleturn|p1b: Urshifu|Protect\n|move|p2b: Torkoal|Eruption|p1b: Urshifu|[spread] \n|-activate|p1a: Lunala|move: Protect\n|-activate|p1b: Urshifu|move: Protect\n|move|p2a: Calyrex|Glacial Lance|p1b: Urshifu|[spread] \n|-activate|p1a: Lunala|move: Protect\n|-activate|p1b: Urshifu|move: Protect\n|\n|-weather|SunnyDay|[upkeep]\n|-heal|p1a: Lunala|97\/100|[from] item: Leftovers\n|-sideend|p1: tdntns2|Reflect\n|upkeep\n|turn|7\n|\n|t:|1719281390\n|move|p2b: Torkoal|Eruption|p1b: Urshifu|[spread] p1a,p1b\n|-resisted|p1b: Urshifu\n|-damage|p1a: Lunala|32\/100\n|-damage|p1b: Urshifu|29\/100\n|move|p2a: Calyrex|Glacial Lance|p1a: Lunala|[spread] p1a,p1b\n|-resisted|p1b: Urshifu\n|-damage|p1a: Lunala|0 fnt\n|-damage|p1b: Urshifu|0 fnt\n|faint|p1a: Lunala\n|faint|p1b: Urshifu\n|-ability|p2a: Calyrex|Chilling Neigh|boost\n|-boost|p2a: Calyrex|atk|2\n|\n|-weather|SunnyDay|[upkeep]\n|upkeep\n|-message|tdntns2 forfeited.\n|\n|win|tuanzai233\n|raw|tdntns2's rating: 1775 &rarr; <strong>1751<\/strong><br \/>(-24 for losing)\n|raw|tuanzai233's rating: 1706 &rarr; <strong>1730<\/strong><br \/>(+24 for winning)\n|l|\u2606tdntns2\n|player|p1|\n|l|\u2606tuanzai233\n|player|p2|\n|l| AnyaForger30\n","uploadtime":1719281575,"views":20,"formatid":"gen9vgc2024regg","rating":1730,"private":0,"password":null}