{"id":"gen9vgc2024regg-2149813695","format":"[Gen 9] VGC 2024 Reg G","players":["miraidnyan","carrotbeafsteak"],"log":"|j|\u2606miraidnyan\n|j|\u2606carrotbeafsteak\n|t:|1719328648\n|gametype|doubles\n|player|p1|miraidnyan|marley|1694\n|player|p2|carrotbeafsteak|169|1806\n|teamsize|p1|6\n|teamsize|p2|6\n|gen|9\n|tier|[Gen 9] VGC 2024 Reg G\n|rated|\n|rule|Species Clause: Limit one of each Pok\u00e9mon\n|rule|Item Clause: Limit one of each item\n|clearpoke\n|poke|p1|Miraidon, L50|\n|poke|p1|Farigiraf, L50, M|\n|poke|p1|Iron Hands, L50|\n|poke|p1|Urshifu-*, L50, F|\n|poke|p1|Ursaluna-Bloodmoon, L50, M|\n|poke|p1|Whimsicott, L50, M|\n|poke|p2|Zacian-*, L50|\n|poke|p2|Chien-Pao, L50|\n|poke|p2|Stonjourner, L50, M|\n|poke|p2|Chi-Yu, L50|\n|poke|p2|Suicune, L50|\n|poke|p2|Raging Bolt, L50|\n|teampreview|4\n|inactive|Battle timer is ON: inactive players will automatically lose when time's up. (requested by miraidnyan)\n|j| HarshEuroBarge\n|inactive|carrotbeafsteak has 60 seconds left.\n|\n|t:|1719328681\n|start\n|switch|p1a: Iron Hands|Iron Hands, L50|100\/100\n|switch|p1b: Miraidon|Miraidon, L50|100\/100\n|switch|p2a: Zacian|Zacian-Crowned, L50|100\/100\n|switch|p2b: Suicune|Suicune, L50|100\/100\n|-ability|p2a: Zacian|Intrepid Sword|boost\n|-boost|p2a: Zacian|atk|1\n|-fieldstart|move: Electric Terrain|[from] ability: Hadron Engine|[of] p1b: Miraidon\n|-activate|p1a: Iron Hands|ability: Quark Drive\n|-start|p1a: Iron Hands|quarkdriveatk\n|turn|1\n|\n|t:|1719328692\n|-terastallize|p2b: Suicune|Grass\n|move|p2a: Zacian|Protect|p2a: Zacian\n|-singleturn|p2a: Zacian|Protect\n|move|p1a: Iron Hands|Fake Out|p2a: Zacian\n|-activate|p2a: Zacian|move: Protect\n|move|p1b: Miraidon|Volt Switch|p2b: Suicune\n|-resisted|p2b: Suicune\n|-crit|p2b: Suicune\n|-damage|p2b: Suicune|48\/100\n|\n|t:|1719328698\n|switch|p1b: Whimsicott|Whimsicott, L50, M|100\/100|[from] Volt Switch\n|move|p2b: Suicune|Tailwind|p2b: Suicune\n|-sidestart|p2: carrotbeafsteak|move: Tailwind\n|\n|upkeep\n|turn|2\n|\n|t:|1719328720\n|move|p1b: Whimsicott|Encore|p2a: Zacian\n|-start|p2a: Zacian|Encore\n|move|p2a: Zacian|Protect|p2a: Zacian\n|-singleturn|p2a: Zacian|Protect\n|move|p2b: Suicune|Snarl|p1a: Iron Hands|[spread] p1a,p1b\n|-resisted|p1a: Iron Hands\n|-resisted|p1b: Whimsicott\n|-damage|p1a: Iron Hands|98\/100\n|-damage|p1b: Whimsicott|93\/100\n|-unboost|p1a: Iron Hands|spa|1\n|move|p1a: Iron Hands|Drain Punch|p2a: Zacian\n|-activate|p2a: Zacian|move: Protect\n|\n|upkeep\n|turn|3\n|\n|t:|1719328739\n|switch|p2a: Stonjourner|Stonjourner, L50, M|100\/100\n|switch|p2b: Chien-Pao|Chien-Pao, L50|100\/100\n|-ability|p2b: Chien-Pao|Sword of Ruin\n|move|p1b: Whimsicott|Encore|p2b: Chien-Pao\n|-hint|Since gen 7, Dark is immune to Prankster moves.\n|-immune|p2b: Chien-Pao\n|move|p1a: Iron Hands|Drain Punch|p2a: Stonjourner\n|-supereffective|p2a: Stonjourner\n|-damage|p2a: Stonjourner|4\/100\n|-heal|p1a: Iron Hands|100\/100|[from] drain|[of] p2a: Stonjourner\n|\n|upkeep\n|turn|4\n|\n|t:|1719328759\n|-terastallize|p1a: Iron Hands|Water\n|move|p1b: Whimsicott|Tailwind|p1b: Whimsicott\n|-sidestart|p1: miraidnyan|move: Tailwind\n|move|p2b: Chien-Pao|Ice Spinner|p1b: Whimsicott\n|-supereffective|p1b: Whimsicott\n|-damage|p1b: Whimsicott|0 fnt\n|-fieldend|move: Electric Terrain\n|-end|p1a: Iron Hands|Quark Drive\n|faint|p1b: Whimsicott\n|-damage|p2b: Chien-Pao|91\/100|[from] item: Life Orb\n|move|p2a: Stonjourner|Rock Slide|p1a: Iron Hands\n|-damage|p1a: Iron Hands|58\/100\n|cant|p1a: Iron Hands|flinch\n|\n|-sideend|p2: carrotbeafsteak|move: Tailwind\n|upkeep\n|\n|t:|1719328773\n|switch|p1b: Miraidon|Miraidon, L50|100\/100\n|-fieldstart|move: Electric Terrain|[from] ability: Hadron Engine|[of] p1b: Miraidon\n|-activate|p1a: Iron Hands|ability: Quark Drive\n|-start|p1a: Iron Hands|quarkdriveatk\n|turn|5\n|\n|t:|1719328795\n|move|p2b: Chien-Pao|Sucker Punch|p1a: Iron Hands\n|-damage|p1a: Iron Hands|0 fnt\n|faint|p1a: Iron Hands\n|-end|p1a: Iron Hands|Quark Drive|[silent]\n|-damage|p2b: Chien-Pao|81\/100|[from] item: Life Orb\n|move|p1b: Miraidon|Electro Drift|p2b: Chien-Pao\n|-damage|p2b: Chien-Pao|0 fnt\n|faint|p2b: Chien-Pao\n|move|p2a: Stonjourner|Rock Slide|p1b: Miraidon\n|-damage|p1b: Miraidon|60\/100\n|\n|upkeep\n|\n|t:|1719328814\n|switch|p2b: Suicune|Suicune, L50, tera:Grass|48\/100\n|switch|p1a: Urshifu|Urshifu, L50, F|100\/100\n|turn|6\n|\n|t:|1719328825\n|move|p1b: Miraidon|Electro Drift|p2a: Stonjourner\n|-damage|p2a: Stonjourner|0 fnt\n|faint|p2a: Stonjourner\n|move|p1a: Urshifu|Close Combat|p2b: Suicune\n|-damage|p2b: Suicune|0 fnt\n|-unboost|p1a: Urshifu|def|1\n|-unboost|p1a: Urshifu|spd|1\n|-damage|p1a: Urshifu|84\/100|[from] item: Rocky Helmet|[of] p2b: Suicune\n|faint|p2b: Suicune\n|\n|upkeep\n|\n|t:|1719328830\n|switch|p2a: Zacian|Zacian-Crowned, L50|100\/100\n|turn|7\n|\n|t:|1719328835\n|move|p2a: Zacian|Protect|p2a: Zacian\n|-singleturn|p2a: Zacian|Protect\n|move|p1b: Miraidon|Electro Drift|p2a: Zacian\n|-activate|p2a: Zacian|move: Protect\n|move|p1a: Urshifu|Close Combat|p2a: Zacian\n|-damage|p2a: Zacian|40\/100\n|-unboost|p1a: Urshifu|def|1\n|-unboost|p1a: Urshifu|spd|1\n|\n|-sideend|p1: miraidnyan|move: Tailwind\n|upkeep\n|turn|8\n|\n|t:|1719328844\n|move|p2a: Zacian|Play Rough|p1b: Miraidon\n|-supereffective|p1b: Miraidon\n|-damage|p1b: Miraidon|0 fnt\n|faint|p1b: Miraidon\n|move|p1a: Urshifu|Close Combat|p2a: Zacian\n|-damage|p2a: Zacian|0 fnt\n|-unboost|p1a: Urshifu|def|1\n|-unboost|p1a: Urshifu|spd|1\n|faint|p2a: Zacian\n|\n|win|miraidnyan\n|raw|miraidnyan's rating: 1694 &rarr; <strong>1720<\/strong><br \/>(+26 for winning)\n|raw|carrotbeafsteak's rating: 1806 &rarr; <strong>1780<\/strong><br \/>(-26 for losing)\n|c|\u2606miraidnyan|gg\n|l|\u2606miraidnyan\n|player|p1|\n|c|\u2606carrotbeafsteak|gg\n|l|\u2606carrotbeafsteak\n|player|p2|\n|l| HarshEuroBarge\n","uploadtime":1719328997,"views":33,"formatid":"gen9vgc2024regg","rating":1720,"private":0,"password":null}