{"id":"gen9vgc2024regg-2149511150","format":"[Gen 9] VGC 2024 Reg G","players":["fsdgz","zenchaos"],"log":"|j|\u2606fsdgz\n|j|\u2606zenchaos\n|t:|1719279425\n|gametype|doubles\n|player|p1|fsdgz|170|1663\n|player|p2|zenchaos|101|1715\n|teamsize|p1|6\n|teamsize|p2|6\n|gen|9\n|tier|[Gen 9] VGC 2024 Reg G\n|rated|\n|rule|Species Clause: Limit one of each Pok\u00e9mon\n|rule|Item Clause: Limit one of each item\n|clearpoke\n|poke|p1|Calyrex-Shadow, L50|\n|poke|p1|Whimsicott, L50, M|\n|poke|p1|Clefairy, L50, F|\n|poke|p1|Incineroar, L50, F|\n|poke|p1|Urshifu-*, L50, M|\n|poke|p1|Mienshao, L50, F|\n|poke|p2|Calyrex-Ice, L50|\n|poke|p2|Ursaluna-Bloodmoon, L50, M|\n|poke|p2|Smeargle, L50, M|\n|poke|p2|Farigiraf, L50, M|\n|poke|p2|Annihilape, L50, M|\n|poke|p2|Electabuzz, L50, M|\n|teampreview|4\n|inactive|Battle timer is ON: inactive players will automatically lose when time's up. (requested by fsdgz)\n|inactive|zenchaos has 60 seconds left.\nzenchaos has agreed to open team sheets.\n|inactiveoff|Battle timer is now OFF.\n|\n|t:|1719279519\n|start\n|switch|p1a: Incineroar|Incineroar, L50, F|100\/100\n|switch|p1b: Mienshao|Mienshao, L50, F|100\/100\n|switch|p2a: Smeargle|Smeargle, L50, M|100\/100\n|switch|p2b: Calyrex|Calyrex-Ice, L50|100\/100\n|-ability|p2b: Calyrex|As One\n|-ability|p2b: Calyrex|Unnerve\n|-ability|p1a: Incineroar|Intimidate|boost\n|-fail|p2a: Smeargle|unboost|Attack|[from] ability: Own Tempo|[of] p2a: Smeargle\n|-fail|p2b: Calyrex|unboost|[from] item: Clear Amulet|[of] p2b: Calyrex\n|turn|1\n|\n|t:|1719279542\n|move|p2b: Calyrex|Protect|p2b: Calyrex\n|-singleturn|p2b: Calyrex|Protect\n|move|p1b: Mienshao|Fake Out|p2a: Smeargle\n|-damage|p2a: Smeargle|83\/100\n|move|p1a: Incineroar|Knock Off|p2b: Calyrex\n|-activate|p2b: Calyrex|move: Protect\n|cant|p2a: Smeargle|flinch\n|\n|upkeep\n|turn|2\n|inactive|Battle timer is ON: inactive players will automatically lose when time's up. (requested by fsdgz)\n|\n|t:|1719279561\n|move|p1b: Mienshao|Close Combat|p2a: Smeargle\n|-supereffective|p2a: Smeargle\n|-damage|p2a: Smeargle|0 fnt\n|-unboost|p1b: Mienshao|def|1\n|-unboost|p1b: Mienshao|spd|1\n|faint|p2a: Smeargle\n|move|p1a: Incineroar|Knock Off|p2b: Calyrex\n|-supereffective|p2b: Calyrex\n|-damage|p2b: Calyrex|52\/100\n|-enditem|p2b: Calyrex|Clear Amulet|[from] move: Knock Off|[of] p1a: Incineroar\n|move|p2b: Calyrex|Trick Room|p2b: Calyrex\n|-fieldstart|move: Trick Room|[of] p2b: Calyrex\n|\n|upkeep\n|\n|t:|1719279571\n|switch|p2a: Electabuzz|Electabuzz, L50, M|100\/100\n|turn|3\n|j| EllAkuro\n|\n|t:|1719279585\n|move|p1b: Mienshao|Wide Guard|p1b: Mienshao\n|-singleturn|p1b: Mienshao|Wide Guard\n|move|p2a: Electabuzz|Follow Me|p2a: Electabuzz\n|-singleturn|p2a: Electabuzz|move: Follow Me\n|move|p2b: Calyrex|Close Combat|p1a: Incineroar\n|-supereffective|p1a: Incineroar\n|-damage|p1a: Incineroar|0 fnt\n|-unboost|p2b: Calyrex|def|1\n|-unboost|p2b: Calyrex|spd|1\n|faint|p1a: Incineroar\n|-ability|p2b: Calyrex|Chilling Neigh|boost\n|-boost|p2b: Calyrex|atk|1\n|\n|upkeep\n|\n|t:|1719279601\n|switch|p1a: Calyrex|Calyrex-Shadow, L50|100\/100\n|-ability|p1a: Calyrex|As One\n|-ability|p1a: Calyrex|Unnerve\n|turn|4\n|inactive|fsdgz has 30 seconds left.\n|\n|t:|1719279633\n|-terastallize|p1a: Calyrex|Fairy\n|move|p2a: Electabuzz|Feint|p1b: Mienshao\n|-crit|p1b: Mienshao\n|-damage|p1b: Mienshao|78\/100\n|move|p2b: Calyrex|Glacial Lance|p1b: Mienshao|[spread] p1a,p1b\n|-damage|p1a: Calyrex|22\/100\n|-damage|p1b: Mienshao|0 fnt\n|faint|p1b: Mienshao\n|-ability|p2b: Calyrex|Chilling Neigh|boost\n|-boost|p2b: Calyrex|atk|1\n|move|p1a: Calyrex|Astral Barrage|p2a: Electabuzz|[spread] p2a,p2b\n|-supereffective|p2b: Calyrex\n|-damage|p2a: Electabuzz|67\/100\n|-damage|p2b: Calyrex|0 fnt\n|faint|p2b: Calyrex\n|-ability|p1a: Calyrex|Grim Neigh|boost\n|-boost|p1a: Calyrex|spa|1\n|\n|upkeep\n|\n|t:|1719279641\n|switch|p2b: Farigiraf|Farigiraf, L50, M|100\/100\n|switch|p1b: Urshifu|Urshifu-Rapid-Strike, L50, M|100\/100\n|turn|5\n|\n|t:|1719279654\n|move|p1a: Calyrex|Protect|p1a: Calyrex\n|-singleturn|p1a: Calyrex|Protect\n|move|p2a: Electabuzz|Feint|p1a: Calyrex\n|-activate|p1a: Calyrex|move: Feint\n|-damage|p1a: Calyrex|17\/100\n|move|p2b: Farigiraf|Tera Blast|p1a: Calyrex\n|-crit|p1a: Calyrex\n|-damage|p1a: Calyrex|0 fnt\n|faint|p1a: Calyrex\n|move|p1b: Urshifu|Surging Strikes|p2a: Electabuzz\n|-crit|p2a: Electabuzz\n|-damage|p2a: Electabuzz|44\/100\n|-crit|p2a: Electabuzz\n|-damage|p2a: Electabuzz|18\/100\n|-crit|p2a: Electabuzz\n|-damage|p2a: Electabuzz|0 fnt\n|faint|p2a: Electabuzz\n|-hitcount|p2: Electabuzz|3\n|\n|upkeep\n|turn|6\n|\n|t:|1719279664\n|move|p2b: Farigiraf|Psychic Noise|p1b: Urshifu\n|-supereffective|p1b: Urshifu\n|-damage|p1b: Urshifu|23\/100\n|-start|p1b: Urshifu|move: Heal Block\n|move|p1b: Urshifu|Surging Strikes|p2b: Farigiraf\n|-crit|p2b: Farigiraf\n|-damage|p2b: Farigiraf|76\/100\n|-crit|p2b: Farigiraf\n|-damage|p2b: Farigiraf|54\/100\n|-crit|p2b: Farigiraf\n|-damage|p2b: Farigiraf|33\/100\n|-hitcount|p2b: Farigiraf|3\n|\n|-fieldend|move: Trick Room\n|upkeep\n|turn|7\n|\n|t:|1719279668\n|move|p1b: Urshifu|Surging Strikes|p2b: Farigiraf\n|-crit|p2b: Farigiraf\n|-damage|p2b: Farigiraf|9\/100\n|-crit|p2b: Farigiraf\n|-damage|p2b: Farigiraf|0 fnt\n|faint|p2b: Farigiraf\n|-hitcount|p2: Farigiraf|2\n|\n|win|fsdgz\n|raw|fsdgz's rating: 1663 &rarr; <strong>1686<\/strong><br \/>(+23 for winning)\n|raw|zenchaos's rating: 1715 &rarr; <strong>1692<\/strong><br \/>(-23 for losing)\n|l|\u2606zenchaos\n|player|p2|\n|l|\u2606fsdgz\n|player|p1|\n|l| EllAkuro\n","uploadtime":1719279908,"views":15,"formatid":"gen9vgc2024regg","rating":1686,"private":0,"password":null}