{"id":"gen9vgc2024regg-2149512410","format":"[Gen 9] VGC 2024 Reg G","players":["yuusenior09","tdntns2"],"log":"|j|\u203dyuusenior09\n|j|\u2606tdntns2\n|t:|1719279596\n|gametype|doubles\n|player|p1|yuusenior09|169|1730\n|player|p2|tdntns2|sabrina|1756\n|teamsize|p1|6\n|teamsize|p2|6\n|gen|9\n|tier|[Gen 9] VGC 2024 Reg G\n|rated|\n|rule|Species Clause: Limit one of each Pok\u00e9mon\n|rule|Item Clause: Limit one of each item\n|clearpoke\n|poke|p1|Terapagos, L50, M|\n|poke|p1|Incineroar, L50, F|\n|poke|p1|Rillaboom, L50, F|\n|poke|p1|Amoonguss, L50, M|\n|poke|p1|Scream Tail, L50|\n|poke|p1|Gholdengo, L50|\n|poke|p2|Lunala, L50|\n|poke|p2|Rillaboom, L50, M|\n|poke|p2|Urshifu-*, L50, M|\n|poke|p2|Umbreon, L50, F|\n|poke|p2|Iron Jugulis, L50|\n|poke|p2|Chi-Yu, L50|\n|teampreview|4\n|inactive|Battle timer is ON: inactive players will automatically lose when time's up. (requested by tdntns2)\n|\n|t:|1719279626\n|start\n|switch|p1a: Terapagos|Terapagos, L50, M|100\/100\n|switch|p1b: Incineroar|Incineroar, L50, F, shiny|100\/100\n|switch|p2a: Lunala|Lunala, L50|100\/100\n|switch|p2b: Umbreon|Umbreon, L50, F|100\/100\n|-activate|p1a: Terapagos|ability: Tera Shift\n|detailschange|p1a: Terapagos|Terapagos-Terastal, L50, M\n|-heal|p1a: Terapagos|100\/100|[silent]\n|-ability|p1b: Incineroar|Intimidate|boost\n|-unboost|p2a: Lunala|atk|1\n|-fail|p2b: Umbreon|unboost|Attack|[from] ability: Inner Focus|[of] p2b: Umbreon\n|turn|1\n|\n|t:|1719279640\n|move|p2a: Lunala|Protect|p2a: Lunala\n|-singleturn|p2a: Lunala|Protect\n|move|p1a: Terapagos|Rock Polish|p1a: Terapagos\n|-boost|p1a: Terapagos|spe|2\n|move|p2b: Umbreon|Toxic|p1a: Terapagos\n|-status|p1a: Terapagos|tox\n|move|p1b: Incineroar|Knock Off|p2a: Lunala\n|-activate|p2a: Lunala|move: Protect\n|\n|-damage|p1a: Terapagos|95\/100 tox|[from] psn\n|upkeep\n|turn|2\n|inactive|tdntns2 has 30 seconds left.\n|inactive|tdntns2 has 20 seconds left.\n|inactive|tdntns2 has 15 seconds left.\n|inactive|tdntns2 has 10 seconds left.\n|inactive|tdntns2 has 5 seconds left.\n|\n|t:|1719279694\n|-terastallize|p2a: Lunala|Fairy\n|move|p1a: Terapagos|Calm Mind|p1a: Terapagos\n|-boost|p1a: Terapagos|spa|1\n|-boost|p1a: Terapagos|spd|1\n|move|p2a: Lunala|Moonblast|p1a: Terapagos\n|-damage|p1a: Terapagos|66\/100 tox\n|move|p2b: Umbreon|Foul Play|p1a: Terapagos\n|-damage|p1a: Terapagos|42\/100 tox\n|move|p1b: Incineroar|Knock Off|p2a: Lunala\n|-resisted|p2a: Lunala\n|-damage|p2a: Lunala|93\/100\n|-enditem|p2a: Lunala|Leftovers|[from] move: Knock Off|[of] p1b: Incineroar\n|\n|-heal|p1a: Terapagos|48\/100 tox|[from] item: Leftovers\n|-damage|p1a: Terapagos|36\/100 tox|[from] psn\n|upkeep\n|turn|3\n|j| Spacejes\n|\n|t:|1719279710\n|-terastallize|p1a: Terapagos|Stellar\n|detailschange|p1a: Terapagos|Terapagos-Stellar, L50, M, tera:Stellar\n|-heal|p1a: Terapagos|52\/100 tox|[silent]\n|move|p2a: Lunala|Protect|p2a: Lunala\n|-singleturn|p2a: Lunala|Protect\n|move|p1a: Terapagos|Tera Starstorm|p2a: Lunala|[spread] p2b\n|-activate|p2a: Lunala|move: Protect\n|-damage|p2b: Umbreon|64\/100\n|move|p2b: Umbreon|Foul Play|p1a: Terapagos\n|-damage|p1a: Terapagos|33\/100 tox\n|move|p1b: Incineroar|Parting Shot|p2a: Lunala\n|-activate|p2a: Lunala|move: Protect\n|\n|-heal|p1a: Terapagos|39\/100 tox|[from] item: Leftovers\n|-damage|p1a: Terapagos|21\/100 tox|[from] psn\n|upkeep\n|turn|4\n|inactive|tdntns2 has 30 seconds left.\n|\n|t:|1719279744\n|switch|p2a: Rillaboom|Rillaboom, L50, M|100\/100\n|-fieldstart|move: Grassy Terrain|[from] ability: Grassy Surge|[of] p2a: Rillaboom\n|switch|p1b: Rillaboom|Rillaboom, L50, F, shiny|100\/100\n|move|p1a: Terapagos|Tera Starstorm|p2b: Umbreon|[spread] p2a,p2b\n|-damage|p2a: Rillaboom|51\/100\n|-damage|p2b: Umbreon|30\/100\n|-enditem|p2b: Umbreon|Sitrus Berry|[eat]\n|-heal|p2b: Umbreon|55\/100|[from] item: Sitrus Berry\n|move|p2b: Umbreon|Foul Play|p1a: Terapagos\n|-damage|p1a: Terapagos|2\/100 tox\n|\n|-heal|p1a: Terapagos|8\/100 tox|[from] Grassy Terrain\n|-heal|p1a: Terapagos|14\/100 tox|[from] item: Leftovers\n|-heal|p2a: Rillaboom|57\/100|[from] Grassy Terrain\n|-heal|p2b: Umbreon|61\/100|[from] Grassy Terrain\n|-damage|p1a: Terapagos|0 fnt|[from] psn\n|faint|p1a: Terapagos\n|upkeep\n|\n|t:|1719279748\n|switch|p1a: Incineroar|Incineroar, L50, F, shiny|100\/100\n|-ability|p1a: Incineroar|Intimidate|boost\n|-unboost|p2a: Rillaboom|atk|1\n|-fail|p2b: Umbreon|unboost|Attack|[from] ability: Inner Focus|[of] p2b: Umbreon\n|turn|5\n|\n|t:|1719279770\n|move|p2a: Rillaboom|U-turn|p1b: Rillaboom\n|-supereffective|p1b: Rillaboom\n|-damage|p1b: Rillaboom|70\/100\n|\n|t:|1719279773\n|switch|p2a: Lunala|Lunala, L50, tera:Fairy|93\/100|[from] U-turn\n|move|p1b: Rillaboom|Wood Hammer|p2b: Umbreon\n|-damage|p2b: Umbreon|7\/100\n|-damage|p1b: Rillaboom|52\/100|[from] Recoil\n|move|p2b: Umbreon|Reflect|p2b: Umbreon\n|-sidestart|p2: tdntns2|Reflect\n|move|p1a: Incineroar|Knock Off|p2b: Umbreon\n|-resisted|p2b: Umbreon\n|-damage|p2b: Umbreon|0 fnt\n|faint|p2b: Umbreon\n|\n|-heal|p2a: Lunala|99\/100|[from] Grassy Terrain\n|-heal|p1b: Rillaboom|58\/100|[from] Grassy Terrain\n|upkeep\n|\n|t:|1719279791\n|switch|p2b: Urshifu|Urshifu-Rapid-Strike, L50, M|100\/100\n|turn|6\n|\n|t:|1719279799\n|switch|p1a: Scream Tail|Scream Tail, L50, shiny|100\/100\n|-enditem|p1a: Scream Tail|Booster Energy\n|-activate|p1a: Scream Tail|ability: Protosynthesis|[fromitem]\n|-start|p1a: Scream Tail|protosynthesisspe\n|move|p1b: Rillaboom|Grassy Glide|p2b: Urshifu\n|-supereffective|p2b: Urshifu\n|-damage|p2b: Urshifu|52\/100\n|move|p2b: Urshifu|Surging Strikes|p1a: Scream Tail\n|-crit|p1a: Scream Tail\n|-damage|p1a: Scream Tail|84\/100\n|-crit|p1a: Scream Tail\n|-damage|p1a: Scream Tail|69\/100\n|-crit|p1a: Scream Tail\n|-damage|p1a: Scream Tail|51\/100\n|-hitcount|p1a: Scream Tail|3\n|move|p2a: Lunala|Moongeist Beam|p1b: Rillaboom\n|-damage|p1b: Rillaboom|15\/100\n|\n|-heal|p1a: Scream Tail|57\/100|[from] Grassy Terrain\n|-heal|p2b: Urshifu|58\/100|[from] Grassy Terrain\n|-heal|p2a: Lunala|100\/100|[from] Grassy Terrain\n|-heal|p1b: Rillaboom|21\/100|[from] Grassy Terrain\n|upkeep\n|turn|7\n|inactive|tdntns2 has 30 seconds left.\n|\n|t:|1719279827\n|move|p1b: Rillaboom|Grassy Glide|p2b: Urshifu\n|-supereffective|p2b: Urshifu\n|-damage|p2b: Urshifu|3\/100\n|move|p1a: Scream Tail|Disable|p2a: Lunala\n|-start|p2a: Lunala|Disable|Moongeist Beam\n|move|p2b: Urshifu|Surging Strikes|p1a: Scream Tail\n|-crit|p1a: Scream Tail\n|-damage|p1a: Scream Tail|41\/100\n|-crit|p1a: Scream Tail\n|-damage|p1a: Scream Tail|25\/100\n|-crit|p1a: Scream Tail\n|-damage|p1a: Scream Tail|9\/100\n|-hitcount|p1a: Scream Tail|3\n|move|p2a: Lunala|Moonblast|p1b: Rillaboom\n|-damage|p1b: Rillaboom|0 fnt\n|faint|p1b: Rillaboom\n|\n|-heal|p1a: Scream Tail|14\/100|[from] Grassy Terrain\n|-heal|p2b: Urshifu|10\/100|[from] Grassy Terrain\n|upkeep\n|\n|t:|1719279834\n|switch|p1b: Incineroar|Incineroar, L50, F, shiny|100\/100\n|-ability|p1b: Incineroar|Intimidate|boost\n|-unboost|p2a: Lunala|atk|1\n|-unboost|p2b: Urshifu|atk|1\n|turn|8\n|-message|yuusenior09 forfeited.\n|\n|win|tdntns2\n|raw|yuusenior09's rating: 1730 &rarr; <strong>1711<\/strong><br \/>(-19 for losing)\n|raw|tdntns2's rating: 1756 &rarr; <strong>1775<\/strong><br \/>(+19 for winning)\n|l|\u203dyuusenior09\n|player|p1|\n","uploadtime":1719280047,"views":14,"formatid":"gen9vgc2024regg","rating":1711,"private":0,"password":null}