{"id":"gen9vgc2024regg-2149412704","format":"[Gen 9] VGC 2024 Reg G","players":["zenchaos","inneedofnewideas"],"log":"|j|\u2606zenchaos\n|j|\u2606inneedofnewideas\n|t:|1719266325\n|gametype|doubles\n|player|p1|zenchaos|266|1730\n|player|p2|inneedofnewideas|plasmagrunt-gen5bw|1656\n|teamsize|p1|6\n|teamsize|p2|6\n|gen|9\n|tier|[Gen 9] VGC 2024 Reg G\n|rated|\n|rule|Species Clause: Limit one of each Pok\u00e9mon\n|rule|Item Clause: Limit one of each item\n|clearpoke\n|poke|p1|Calyrex-Ice, L50|\n|poke|p1|Ursaluna-Bloodmoon, L50, M|\n|poke|p1|Smeargle, L50, M|\n|poke|p1|Farigiraf, L50, F|\n|poke|p1|Annihilape, L50, F|\n|poke|p1|Electabuzz, L50, M|\n|poke|p2|Calyrex-Shadow, L50|\n|poke|p2|Incineroar, L50, M|\n|poke|p2|Rillaboom, L50, F|\n|poke|p2|Urshifu-*, L50, M|\n|poke|p2|Clefairy, L50, M|\n|poke|p2|Raging Bolt, L50|\n|teampreview|4\n|inactive|Battle timer is ON: inactive players will automatically lose when time's up. (requested by inneedofnewideas)\n|inactive|zenchaos has 60 seconds left.\n|inactive|inneedofnewideas has 60 seconds left.\n|inactive|zenchaos has 30 seconds left.\n|inactive|inneedofnewideas has 30 seconds left.\n|inactive|zenchaos has 20 seconds left.\n|inactive|zenchaos has 15 seconds left.\n|inactive|zenchaos has 10 seconds left.\n|inactive|zenchaos has 5 seconds left.\n|\n|t:|1719266416\n|start\n|switch|p1a: Calyrex|Calyrex-Ice, L50|100\/100\n|switch|p1b: Ursaluna|Ursaluna-Bloodmoon, L50, M|100\/100\n|switch|p2a: Calyrex|Calyrex-Shadow, L50|100\/100\n|switch|p2b: Rillaboom|Rillaboom, L50, F|100\/100\n|-ability|p2a: Calyrex|As One\n|-ability|p2a: Calyrex|Unnerve\n|-ability|p1a: Calyrex|As One\n|-ability|p1a: Calyrex|Unnerve\n|-fieldstart|move: Grassy Terrain|[from] ability: Grassy Surge|[of] p2b: Rillaboom\n|turn|1\n|inactive|zenchaos has 30 seconds left.\n|inactive|inneedofnewideas has 30 seconds left.\n|inactive|zenchaos has 20 seconds left.\n|inactive|inneedofnewideas has 20 seconds left.\n|inactive|zenchaos has 15 seconds left.\n|inactive|inneedofnewideas has 15 seconds left.\n|inactive|zenchaos has 10 seconds left.\n|inactive|zenchaos has 5 seconds left.\n|\n|t:|1719266471\n|-terastallize|p2b: Rillaboom|Fire\n|move|p2b: Rillaboom|Fake Out|p1a: Calyrex\n|-damage|p1a: Calyrex|92\/100\n|move|p2a: Calyrex|Calm Mind|p2a: Calyrex\n|-boost|p2a: Calyrex|spa|1\n|-boost|p2a: Calyrex|spd|1\n|cant|p1a: Calyrex|flinch\n|move|p1b: Ursaluna|Hyper Voice|p2a: Calyrex|[spread] p2a,p2b\n|-damage|p2a: Calyrex|72\/100\n|-damage|p2b: Rillaboom|62\/100\n|-damage|p1b: Ursaluna|91\/100|[from] item: Life Orb\n|\n|-heal|p2a: Calyrex|78\/100|[from] Grassy Terrain\n|-heal|p2b: Rillaboom|68\/100|[from] Grassy Terrain\n|-heal|p1a: Calyrex|98\/100|[from] Grassy Terrain\n|-heal|p1b: Ursaluna|97\/100|[from] Grassy Terrain\n|upkeep\n|turn|2\n|inactive|zenchaos has 30 seconds left.\n|inactive|zenchaos has 20 seconds left.\n|inactive|zenchaos has 15 seconds left.\n|inactive|zenchaos has 10 seconds left.\n|inactive|zenchaos has 5 seconds left.\n|\n|t:|1719266526\n|move|p2a: Calyrex|Giga Drain|p1b: Ursaluna\n|-supereffective|p1b: Ursaluna\n|-damage|p1b: Ursaluna|0 fnt\n|-heal|p2a: Calyrex|100\/100|[from] drain|[of] p1b: Ursaluna\n|faint|p1b: Ursaluna\n|-ability|p2a: Calyrex|Grim Neigh|boost\n|-boost|p2a: Calyrex|spa|1\n|move|p2b: Rillaboom|U-turn|p1a: Calyrex\n|-supereffective|p1a: Calyrex\n|-damage|p1a: Calyrex|69\/100\n|j| Texan Chef\n|\n|t:|1719266536\n|switch|p2b: Clefairy|Clefairy, L50, M|100\/100|[from] U-turn\n|move|p1a: Calyrex|Glacial Lance|p2b: Clefairy|[spread] p2a,p2b\n|-crit|p2a: Calyrex\n|-damage|p2a: Calyrex|37\/100\n|-damage|p2b: Clefairy|42\/100\n|\n|-heal|p2a: Calyrex|43\/100|[from] Grassy Terrain\n|-heal|p1a: Calyrex|75\/100|[from] Grassy Terrain\n|-heal|p2b: Clefairy|49\/100|[from] Grassy Terrain\n|upkeep\n|inactive|zenchaos has 30 seconds left.\n|inactive|zenchaos has 20 seconds left.\n|inactive|zenchaos has 15 seconds left.\n|\n|t:|1719266579\n|switch|p1b: Farigiraf|Farigiraf, L50, F|100\/100\n|turn|3\n|inactive|inneedofnewideas has 30 seconds left.\n|j| caiogri\n|\n|t:|1719266614\n|move|p2b: Clefairy|Follow Me|p2b: Clefairy\n|-singleturn|p2b: Clefairy|move: Follow Me\n|move|p2a: Calyrex|Astral Barrage|p1a: Calyrex|[spread] p1a\n|-immune|p1b: Farigiraf\n|-supereffective|p1a: Calyrex\n|-damage|p1a: Calyrex|0 fnt\n|-enditem|p2a: Calyrex|Sitrus Berry|[eat]\n|-heal|p2a: Calyrex|68\/100|[from] item: Sitrus Berry\n|faint|p1a: Calyrex\n|-ability|p2a: Calyrex|Grim Neigh|boost\n|-boost|p2a: Calyrex|spa|1\n|move|p1b: Farigiraf|Trick Room|p1b: Farigiraf\n|-fieldstart|move: Trick Room|[of] p1b: Farigiraf\n|\n|-heal|p2b: Clefairy|55\/100|[from] Grassy Terrain\n|-heal|p2a: Calyrex|74\/100|[from] Grassy Terrain\n|upkeep\n|\n|t:|1719266618\n|switch|p1a: Smeargle|Smeargle, L50, M|100\/100\n|turn|4\n|\n|t:|1719266638\n|move|p2b: Clefairy|Protect|p2b: Clefairy\n|-singleturn|p2b: Clefairy|Protect\n|move|p2a: Calyrex|Protect|p2a: Calyrex\n|-singleturn|p2a: Calyrex|Protect\n|move|p1a: Smeargle|Spore|p2a: Calyrex\n|-activate|p2a: Calyrex|move: Protect\n|move|p1b: Farigiraf|Psychic Noise|p2b: Clefairy\n|-activate|p2b: Clefairy|move: Protect\n|\n|-heal|p2b: Clefairy|61\/100|[from] Grassy Terrain\n|-heal|p2a: Calyrex|81\/100|[from] Grassy Terrain\n|upkeep\n|turn|5\n|-message|zenchaos forfeited.\n|\n|win|inneedofnewideas\n|raw|zenchaos's rating: 1730 &rarr; <strong>1706<\/strong><br \/>(-24 for losing)\n|raw|inneedofnewideas's rating: 1656 &rarr; <strong>1680<\/strong><br \/>(+24 for winning)\n|l|\u2606zenchaos\n|player|p1|\n|l|\u2606inneedofnewideas\n|player|p2|\n","uploadtime":1719266649,"views":15,"formatid":"gen9vgc2024regg","rating":1680,"private":0,"password":null}