{"id":"gen9vgc2024regg-2149019878","format":"[Gen 9] VGC 2024 Reg G","players":["AsukaHikaru","war3infi"],"log":"|j|\u2606AsukaHikaru\n|j|\u2606war3infi\n|t:|1719213681\n|gametype|doubles\n|player|p1|AsukaHikaru|volkner|1750\n|player|p2|war3infi|dawn|1778\n|teamsize|p1|6\n|teamsize|p2|6\n|gen|9\n|tier|[Gen 9] VGC 2024 Reg G\n|rated|\n|rule|Species Clause: Limit one of each Pok\u00e9mon\n|rule|Item Clause: Limit one of each item\n|clearpoke\n|poke|p1|Clefairy, L50, M|\n|poke|p1|Calyrex-Shadow, L50|\n|poke|p1|Raging Bolt, L50|\n|poke|p1|Grimmsnarl, L50, M|\n|poke|p1|Annihilape, L50, M|\n|poke|p1|Incineroar, L50, M|\n|poke|p2|Terapagos, L50, M|\n|poke|p2|Grimmsnarl, L50, M|\n|poke|p2|Rillaboom, L50, M|\n|poke|p2|Raging Bolt, L50|\n|poke|p2|Flutter Mane, L50|\n|poke|p2|Urshifu-*, L50, M|\n|teampreview|4\n|j| bluestraggler01\n|j| Precipiceagle\n|inactive|Battle timer is ON: inactive players will automatically lose when time's up. (requested by AsukaHikaru)\n|\n|t:|1719213751\n|start\n|switch|p1a: Grimmsnarl|Grimmsnarl, L50, M|100\/100\n|switch|p1b: Raging Bolt|Raging Bolt, L50|100\/100\n|switch|p2a: Grimmsnarl|Grimmsnarl, L50, M|100\/100\n|switch|p2b: Flutter Mane|Flutter Mane, L50|100\/100\n|-enditem|p2b: Flutter Mane|Booster Energy\n|-activate|p2b: Flutter Mane|ability: Protosynthesis|[fromitem]\n|-start|p2b: Flutter Mane|protosynthesisspe\n|turn|1\n|\n|t:|1719213769\n|move|p2a: Grimmsnarl|Fake Out|p1a: Grimmsnarl\n|-damage|p1a: Grimmsnarl|86\/100\n|cant|p1a: Grimmsnarl|flinch\n|move|p2b: Flutter Mane|Moonblast|p1a: Grimmsnarl\n|-supereffective|p1a: Grimmsnarl\n|-damage|p1a: Grimmsnarl|0 fnt\n|faint|p1a: Grimmsnarl\n|move|p1b: Raging Bolt|Snarl|p2a: Grimmsnarl|[spread] p2a,p2b\n|-resisted|p2a: Grimmsnarl\n|-damage|p2a: Grimmsnarl|96\/100\n|-damage|p2b: Flutter Mane|88\/100\n|-unboost|p2b: Flutter Mane|spa|1\n|\n|upkeep\n|\n|t:|1719213787\n|switch|p1a: Annihilape|Annihilape, L50, M|100\/100\n|turn|2\n|\n|t:|1719213797\n|move|p2b: Flutter Mane|Protect|p2b: Flutter Mane\n|-singleturn|p2b: Flutter Mane|Protect\n|move|p1a: Annihilape|Protect|p1a: Annihilape\n|-singleturn|p1a: Annihilape|Protect\n|move|p2a: Grimmsnarl|Spirit Break|p1b: Raging Bolt\n|-supereffective|p1b: Raging Bolt\n|-damage|p1b: Raging Bolt|41\/100\n|-unboost|p1b: Raging Bolt|spa|1\n|move|p1b: Raging Bolt|Volt Switch|p2b: Flutter Mane\n|-activate|p2b: Flutter Mane|move: Protect\n|\n|upkeep\n|turn|3\n|\n|t:|1719213815\n|-end|p1b: Raging Bolt|Protosynthesis|[silent]\n|switch|p1b: Clefairy|Clefairy, L50, M|100\/100\n|move|p2a: Grimmsnarl|Fake Tears|p1a: Annihilape\n|-unboost|p1a: Annihilape|spd|2\n|-ability|p1a: Annihilape|Defiant|boost\n|-boost|p1a: Annihilape|atk|2\n|move|p2b: Flutter Mane|Moonblast|p1a: Annihilape\n|-supereffective|p1a: Annihilape\n|-damage|p1a: Annihilape|26\/100\n|-unboost|p1a: Annihilape|spa|1\n|-ability|p1a: Annihilape|Defiant|boost\n|-boost|p1a: Annihilape|atk|2\n|move|p1a: Annihilape|Bulk Up|p1a: Annihilape\n|-boost|p1a: Annihilape|atk|1\n|-boost|p1a: Annihilape|def|1\n|\n|upkeep\n|turn|4\n|\n|t:|1719213833\n|move|p1b: Clefairy|Follow Me|p1b: Clefairy\n|-singleturn|p1b: Clefairy|move: Follow Me\n|move|p2a: Grimmsnarl|Fake Tears|p1b: Clefairy\n|-unboost|p1b: Clefairy|spd|2\n|move|p2b: Flutter Mane|Moonblast|p1b: Clefairy\n|-damage|p1b: Clefairy|50\/100\n|-unboost|p1b: Clefairy|spa|1\n|move|p1a: Annihilape|Drain Punch|p2a: Grimmsnarl\n|-damage|p2a: Grimmsnarl|0 fnt\n|-heal|p1a: Annihilape|66\/100|[from] drain|[of] p2a: Grimmsnarl\n|faint|p2a: Grimmsnarl\n|\n|upkeep\n|\n|t:|1719213845\n|switch|p2a: Terapagos|Terapagos, L50, M|100\/100\n|-activate|p2a: Terapagos|ability: Tera Shift\n|detailschange|p2a: Terapagos|Terapagos-Terastal, L50, M\n|-heal|p2a: Terapagos|100\/100|[silent]\n|turn|5\n|inactive|AsukaHikaru has 30 seconds left.\n|j| autumdog\n|\n|t:|1719213872\n|-terastallize|p2a: Terapagos|Stellar\n|detailschange|p2a: Terapagos|Terapagos-Stellar, L50, M, tera:Stellar\n|-heal|p2a: Terapagos|100\/100|[silent]\n|move|p1b: Clefairy|Protect|p1b: Clefairy\n|-singleturn|p1b: Clefairy|Protect\n|move|p2b: Flutter Mane|Moonblast|p1a: Annihilape\n|-supereffective|p1a: Annihilape\n|-damage|p1a: Annihilape|0 fnt\n|faint|p1a: Annihilape\n|move|p2a: Terapagos|Tera Starstorm|p1b: Clefairy\n|-activate|p1b: Clefairy|move: Protect\n|\n|upkeep\n|-message|AsukaHikaru forfeited.\n|\n|win|war3infi\n|raw|AsukaHikaru's rating: 1750 &rarr; <strong>1732<\/strong><br \/>(-18 for losing)\n|raw|war3infi's rating: 1778 &rarr; <strong>1796<\/strong><br \/>(+18 for winning)\n|l|\u2606AsukaHikaru\n|player|p1|\n|l|\u2606war3infi\n|player|p2|\n|l| Precipiceagle\n|l| autumdog\n|l| bluestraggler01\n","uploadtime":1719214047,"views":102,"formatid":"gen9vgc2024regg","rating":1732,"private":0,"password":null}