{"id":"gen9vgc2024regg-2149604114","format":"[Gen 9] VGC 2024 Reg G","players":["adaal","TocThicc"],"log":"|j|\u2606adaal\n|j|\u2606TocThicc\n|t:|1719294016\n|gametype|doubles\n|player|p1|adaal|unknownf|1697\n|player|p2|TocThicc|102|1742\n|teamsize|p1|6\n|teamsize|p2|6\n|gen|9\n|tier|[Gen 9] VGC 2024 Reg G\n|rated|\n|rule|Species Clause: Limit one of each Pok\u00e9mon\n|rule|Item Clause: Limit one of each item\n|clearpoke\n|poke|p1|Lugia, L50|\n|poke|p1|Clefairy, L50, F|\n|poke|p1|Entei, L50|\n|poke|p1|Rillaboom, L50, M|\n|poke|p1|Ogerpon-Wellspring, L50, F|\n|poke|p1|Kingambit, L50, M|\n|poke|p2|Calyrex-Shadow, L50|\n|poke|p2|Annihilape, L50, F|\n|poke|p2|Rillaboom, L50, M|\n|poke|p2|Arcanine-Hisui, L50, M|\n|poke|p2|Whimsicott, L50, M|\n|poke|p2|Smeargle, L50, F|\n|teampreview|4\n|j| surprise specs\n|j| ElweAslocas\n|\n|t:|1719294052\n|start\n|switch|p1a: Kingambit|Kingambit, L50, M|100\/100\n|switch|p1b: Ogerpon|Ogerpon-Wellspring, L50, F|100\/100\n|switch|p2a: Smeargle|Smeargle, L50, F|100\/100\n|switch|p2b: Calyrex|Calyrex-Shadow, L50|100\/100\n|-ability|p2b: Calyrex|As One\n|-ability|p2b: Calyrex|Unnerve\n|turn|1\n|\n|t:|1719294074\n|move|p1a: Kingambit|Protect|p1a: Kingambit\n|-singleturn|p1a: Kingambit|Protect\n|move|p2b: Calyrex|Astral Barrage|p1b: Ogerpon|[spread] p1b\n|-activate|p1a: Kingambit|move: Protect\n|-damage|p1b: Ogerpon|47\/100\n|move|p1b: Ogerpon|Ivy Cudgel|p2b: Calyrex|[anim] Ivy Cudgel Water\n|-damage|p2b: Calyrex|30\/100\n|move|p2a: Smeargle|Magic Powder|p1a: Kingambit\n|-activate|p1a: Kingambit|move: Protect\n|\n|-ability|p2a: Smeargle|Moody|boost\n|-boost|p2a: Smeargle|def|2\n|-unboost|p2a: Smeargle|spd|1\n|upkeep\n|turn|2\n|\n|t:|1719294100\n|move|p1b: Ogerpon|Follow Me|p1b: Ogerpon\n|-singleturn|p1b: Ogerpon|move: Follow Me\n|move|p2a: Smeargle|Follow Me|p2a: Smeargle\n|-singleturn|p2a: Smeargle|move: Follow Me\n|move|p2b: Calyrex|Astral Barrage|p1b: Ogerpon|[spread] p1a,p1b\n|-resisted|p1a: Kingambit\n|-damage|p1a: Kingambit|74\/100\n|-damage|p1b: Ogerpon|0 fnt\n|faint|p1b: Ogerpon\n|-ability|p2b: Calyrex|Grim Neigh|boost\n|-boost|p2b: Calyrex|spa|1\n|move|p1a: Kingambit|Iron Head|p2a: Smeargle\n|-damage|p2a: Smeargle|47\/100\n|\n|-ability|p2a: Smeargle|Moody|boost\n|-boost|p2a: Smeargle|def|2\n|-unboost|p2a: Smeargle|atk|1\n|upkeep\n|j| save a g\n|\n|t:|1719294112\n|switch|p1b: Entei|Entei, L50, shiny|100\/100\n|turn|3\n|\n|t:|1719294125\n|move|p2b: Calyrex|Protect|p2b: Calyrex\n|-singleturn|p2b: Calyrex|Protect\n|move|p1a: Kingambit|Protect|p1a: Kingambit\n|-singleturn|p1a: Kingambit|Protect\n|move|p2a: Smeargle|Spore|p1b: Entei\n|-activate|p1b: Entei|item: Safety Goggles|Spore\n|move|p1b: Entei|Snarl|p2b: Calyrex|[spread] p2a\n|-activate|p2b: Calyrex|move: Protect\n|-damage|p2a: Smeargle|24\/100\n|-unboost|p2a: Smeargle|spa|1\n|\n|-ability|p2a: Smeargle|Moody|boost\n|-boost|p2a: Smeargle|spe|2\n|-unboost|p2a: Smeargle|spa|1\n|upkeep\n|turn|4\n|-enditem|p2a: Smeargle|Custap Berry|[eat]\n|-activate|p2a: Smeargle|item: Custap Berry|[consumed]\n|\n|t:|1719294160\n|-terastallize|p2b: Calyrex|Fairy\n|-terastallize|p1b: Entei|Normal\n|move|p1b: Entei|Extreme Speed|p2a: Smeargle\n|-damage|p2a: Smeargle|0 fnt\n|faint|p2a: Smeargle\n|move|p1a: Kingambit|Sucker Punch||[still]\n|-fail|p1a: Kingambit\n|move|p2b: Calyrex|Nasty Plot|p2b: Calyrex\n|-boost|p2b: Calyrex|spa|2\n|\n|upkeep\n|\n|t:|1719294176\n|switch|p2a: Annihilape|Annihilape, L50, F|100\/100\n|turn|5\n|j| sxyverynb\n|\n|t:|1719294188\n|move|p2b: Calyrex|Protect|p2b: Calyrex\n|-singleturn|p2b: Calyrex|Protect\n|move|p1b: Entei|Extreme Speed|p2b: Calyrex\n|-activate|p2b: Calyrex|move: Protect\n|move|p2a: Annihilape|Close Combat|p1a: Kingambit\n|-supereffective|p1a: Kingambit\n|-damage|p1a: Kingambit|0 fnt\n|-unboost|p2a: Annihilape|def|1\n|-unboost|p2a: Annihilape|spd|1\n|faint|p1a: Kingambit\n|\n|upkeep\n|l| sxyverynb\n|\n|t:|1719294196\n|switch|p1a: Lugia|Lugia, L50|100\/100\n|turn|6\n|\n|t:|1719294211\n|switch|p2a: Arcanine|Arcanine-Hisui, L50, M|100\/100\n|-ability|p2a: Arcanine|Intimidate|boost\n|-unboost|p1a: Lugia|atk|1\n|-fail|p1b: Entei|unboost|Attack|[from] ability: Inner Focus|[of] p1b: Entei\n|move|p1b: Entei|Extreme Speed|p2b: Calyrex\n|-damage|p2b: Calyrex|0 fnt\n|faint|p2b: Calyrex\n|move|p1a: Lugia|Calm Mind|p1a: Lugia\n|-boost|p1a: Lugia|spa|1\n|-boost|p1a: Lugia|spd|1\n|\n|upkeep\n|\n|t:|1719294218\n|switch|p2b: Annihilape|Annihilape, L50, F|100\/100\n|turn|7\n|\n|t:|1719294237\n|move|p2b: Annihilape|Close Combat|p1b: Entei\n|-supereffective|p1b: Entei\n|-damage|p1b: Entei|15\/100\n|-unboost|p2b: Annihilape|def|1\n|-unboost|p2b: Annihilape|spd|1\n|move|p1a: Lugia|Earth Power|p2a: Arcanine\n|-supereffective|p2a: Arcanine\n|-damage|p2a: Arcanine|0 fnt\n|faint|p2a: Arcanine\n|move|p1b: Entei|Stomping Tantrum|p2b: Annihilape\n|-damage|p2b: Annihilape|70\/100\n|\n|upkeep\n|turn|8\n|-message|TocThicc forfeited.\n|\n|win|adaal\n|raw|adaal's rating: 1697 &rarr; <strong>1720<\/strong><br \/>(+23 for winning)\n|raw|TocThicc's rating: 1742 &rarr; <strong>1719<\/strong><br \/>(-23 for losing)\n|l|\u2606TocThicc\n|player|p2|\n|l|\u2606adaal\n|player|p1|\n|l| surprise specs\n|l| ElweAslocas\n","uploadtime":1719294426,"views":57,"formatid":"gen9vgc2024regg","rating":1719,"private":0,"password":null}