{"id":"gen9vgc2024regg-2149282308","format":"[Gen 9] VGC 2024 Reg G","players":["Spottedwoot","dvd749"],"log":"|j|\u2606Spottedwoot\n|j|\u2606dvd749\n|t:|1719251651\n|gametype|doubles\n|player|p1|Spottedwoot|2|1702\n|player|p2|dvd749|2|1736\n|teamsize|p1|6\n|teamsize|p2|6\n|gen|9\n|tier|[Gen 9] VGC 2024 Reg G\n|rated|\n|rule|Species Clause: Limit one of each Pok\u00e9mon\n|rule|Item Clause: Limit one of each item\n|clearpoke\n|poke|p1|Kyogre, L50|\n|poke|p1|Urshifu-*, L50, F|\n|poke|p1|Farigiraf, L50, F|\n|poke|p1|Rillaboom, L50, F|\n|poke|p1|Tornadus, L50, M|\n|poke|p1|Landorus, L50, M|\n|poke|p2|Kyogre, L50|\n|poke|p2|Grimmsnarl, L50, M|\n|poke|p2|Raging Bolt, L50|\n|poke|p2|Incineroar, L50, F|\n|poke|p2|Amoonguss, L50, M|\n|poke|p2|Rillaboom, L50, F|\n|teampreview|4\n|j| bluestraggler01\n|j| Harry 555\n|\n|t:|1719251704\n|start\n|switch|p1a: Kyogre|Kyogre, L50|100\/100\n|switch|p1b: Rillaboom|Rillaboom, L50, F|100\/100\n|switch|p2a: Incineroar|Incineroar, L50, F|100\/100\n|switch|p2b: Kyogre|Kyogre, L50|100\/100\n|-weather|RainDance|[from] ability: Drizzle|[of] p1a: Kyogre\n|-fieldstart|move: Grassy Terrain|[from] ability: Grassy Surge|[of] p1b: Rillaboom\n|-ability|p2a: Incineroar|Intimidate|boost\n|-unboost|p1a: Kyogre|atk|1\n|-unboost|p1b: Rillaboom|atk|1\n|turn|1\n|\n|t:|1719251724\n|-terastallize|p1a: Kyogre|Water\n|move|p1b: Rillaboom|Fake Out|p2a: Incineroar\n|-damage|p2a: Incineroar|93\/100\n|cant|p2a: Incineroar|flinch\n|move|p1a: Kyogre|Water Spout|p2b: Kyogre|[spread] p2a,p2b\n|-supereffective|p2a: Incineroar\n|-resisted|p2b: Kyogre\n|-damage|p2a: Incineroar|0 fnt\n|-damage|p2b: Kyogre|57\/100\n|faint|p2a: Incineroar\n|move|p2b: Kyogre|Calm Mind|p2b: Kyogre\n|-boost|p2b: Kyogre|spa|1\n|-boost|p2b: Kyogre|spd|1\n|\n|-weather|RainDance|[upkeep]\n|-heal|p2b: Kyogre|63\/100|[from] Grassy Terrain\n|-heal|p2b: Kyogre|69\/100|[from] item: Leftovers\n|upkeep\n|\n|t:|1719251732\n|switch|p2a: Rillaboom|Rillaboom, L50, F|100\/100\n|turn|2\n|l| Harry 555\n|\n|t:|1719251755\n|switch|p1a: Farigiraf|Farigiraf, L50, F|100\/100\n|-terastallize|p2b: Kyogre|Grass\n|move|p1b: Rillaboom|Grassy Glide|p2b: Kyogre\n|-resisted|p2b: Kyogre\n|-damage|p2b: Kyogre|58\/100\n|move|p2a: Rillaboom|Wood Hammer|p1a: Farigiraf\n|-damage|p1a: Farigiraf|32\/100\n|-damage|p2a: Rillaboom|75\/100|[from] Recoil\n|move|p2b: Kyogre|Ice Beam|p1b: Rillaboom\n|-supereffective|p1b: Rillaboom\n|-damage|p1b: Rillaboom|28\/100\n|\n|-weather|RainDance|[upkeep]\n|-heal|p2a: Rillaboom|81\/100|[from] Grassy Terrain\n|-heal|p2b: Kyogre|64\/100|[from] Grassy Terrain\n|-heal|p2b: Kyogre|70\/100|[from] item: Leftovers\n|-heal|p1b: Rillaboom|34\/100|[from] Grassy Terrain\n|-heal|p1a: Farigiraf|37\/100|[from] Grassy Terrain\n|upkeep\n|turn|3\n|\n|t:|1719251788\n|move|p2a: Rillaboom|U-turn|p1a: Farigiraf\n|-supereffective|p1a: Farigiraf\n|-damage|p1a: Farigiraf|0 fnt\n|faint|p1a: Farigiraf\n|\n|t:|1719251793\n|switch|p2a: Amoonguss|Amoonguss, L50, M|100\/100|[from] U-turn\n|move|p2b: Kyogre|Calm Mind|p2b: Kyogre\n|-boost|p2b: Kyogre|spa|1\n|-boost|p2b: Kyogre|spd|1\n|move|p1b: Rillaboom|U-turn|p2b: Kyogre\n|-supereffective|p2b: Kyogre\n|-damage|p2b: Kyogre|44\/100\n|\n|t:|1719251822\n|switch|p1b: Kyogre|Kyogre, L50, tera:Water|100\/100|[from] U-turn\n|\n|-weather|RainDance|[upkeep]\n|-heal|p2b: Kyogre|50\/100|[from] Grassy Terrain\n|-heal|p2b: Kyogre|55\/100|[from] item: Leftovers\n|upkeep\n|\n|t:|1719251824\n|switch|p1a: Rillaboom|Rillaboom, L50, F|34\/100\n|turn|4\n|\n|t:|1719251833\n|move|p2b: Kyogre|Protect|p2b: Kyogre\n|-singleturn|p2b: Kyogre|Protect\n|move|p2a: Amoonguss|Protect|p2a: Amoonguss\n|-singleturn|p2a: Amoonguss|Protect\n|move|p1a: Rillaboom|Fake Out|p2b: Kyogre\n|-activate|p2b: Kyogre|move: Protect\n|move|p1b: Kyogre|Ice Beam|p2b: Kyogre\n|-activate|p2b: Kyogre|move: Protect\n|\n|-weather|RainDance|[upkeep]\n|-heal|p2b: Kyogre|61\/100|[from] Grassy Terrain\n|-heal|p2b: Kyogre|67\/100|[from] item: Leftovers\n|-heal|p1a: Rillaboom|40\/100|[from] Grassy Terrain\n|upkeep\n|turn|5\n|\n|t:|1719251859\n|move|p1b: Kyogre|Ice Beam|p2b: Kyogre\n|-supereffective|p2b: Kyogre\n|-damage|p2b: Kyogre|43\/100\n|move|p2b: Kyogre|Origin Pulse|p1b: Kyogre|[spread] p1a\n|-miss|p2b: Kyogre|p1b: Kyogre\n|-resisted|p1a: Rillaboom\n|-damage|p1a: Rillaboom|0 fnt\n|faint|p1a: Rillaboom\n|move|p2a: Amoonguss|Spore|p1b: Kyogre\n|-status|p1b: Kyogre|slp|[from] move: Spore\n|\n|-weather|none\n|-heal|p2b: Kyogre|49\/100|[from] Grassy Terrain\n|-heal|p2b: Kyogre|54\/100|[from] item: Leftovers\n|-fieldend|move: Grassy Terrain\n|upkeep\n|\n|t:|1719251865\n|switch|p1a: Landorus|Landorus, L50, M|100\/100\n|turn|6\n|\n|t:|1719251884\n|move|p2a: Amoonguss|Rage Powder|p2a: Amoonguss\n|-singleturn|p2a: Amoonguss|move: Rage Powder\n|cant|p1b: Kyogre|slp\n|move|p1a: Landorus|Sludge Bomb|p2a: Amoonguss\n|-damage|p2a: Amoonguss|55\/100\n|move|p2b: Kyogre|Origin Pulse|p1a: Landorus|[spread] p1a,p1b\n|-supereffective|p1a: Landorus\n|-resisted|p1b: Kyogre\n|-damage|p1a: Landorus|0 fnt\n|-damage|p1b: Kyogre|66\/100 slp\n|faint|p1a: Landorus\n|\n|-heal|p2b: Kyogre|60\/100|[from] item: Leftovers\n|upkeep\n|turn|7\n|-message|Spottedwoot forfeited.\n|\n|win|dvd749\n|raw|Spottedwoot's rating: 1702 &rarr; <strong>1684<\/strong><br \/>(-18 for losing)\n|raw|dvd749's rating: 1736 &rarr; <strong>1754<\/strong><br \/>(+18 for winning)\n|l|\u2606Spottedwoot\n|player|p1|\n|l|\u2606dvd749\n|player|p2|\n|l| bluestraggler01\n","uploadtime":1719252103,"views":17,"formatid":"gen9vgc2024regg","rating":1684,"private":0,"password":null}