{"id":"gen9vgc2024regg-2149751339","format":"[Gen 9] VGC 2024 Reg G","players":["GuevaraGaming2","shuijun2"],"log":"|j|\u2606GuevaraGaming2\n|j|\u2606shuijun2\n|t:|1719321175\n|gametype|doubles\n|player|p1|GuevaraGaming2|hilbert-wonderlauncher|1651\n|player|p2|shuijun2|iono|1748\n|teamsize|p1|6\n|teamsize|p2|6\n|gen|9\n|tier|[Gen 9] VGC 2024 Reg G\n|rated|\n|rule|Species Clause: Limit one of each Pok\u00e9mon\n|rule|Item Clause: Limit one of each item\n|clearpoke\n|poke|p1|Lunala, L50|\n|poke|p1|Indeedee-F, L50, F|\n|poke|p1|Torkoal, L50, M|\n|poke|p1|Lilligant-Hisui, L50, F|\n|poke|p1|Ursaluna, L50, M|\n|poke|p1|Amoonguss, L50, F|\n|poke|p2|Armarouge, L50, M|\n|poke|p2|Zamazenta-*, L50|\n|poke|p2|Indeedee, L50, M|\n|poke|p2|Roaring Moon, L50|\n|poke|p2|Urshifu-*, L50, F|\n|poke|p2|Maushold, L50|\n|teampreview|4\n|\n|t:|1719321213\n|start\n|switch|p1a: Lunala|Lunala, L50|100\/100\n|switch|p1b: Amoonguss|Amoonguss, L50, F|100\/100\n|switch|p2a: Roaring Moon|Roaring Moon, L50|100\/100\n|switch|p2b: Armarouge|Armarouge, L50, M, shiny|100\/100\n|-enditem|p2a: Roaring Moon|Booster Energy\n|-activate|p2a: Roaring Moon|ability: Protosynthesis|[fromitem]\n|-start|p2a: Roaring Moon|protosynthesisspe\n|turn|1\n|\n|t:|1719321230\n|-terastallize|p2b: Armarouge|Stellar\n|-terastallize|p1a: Lunala|Fairy\n|move|p2a: Roaring Moon|Earthquake|p1a: Lunala|[spread] p2b,p1a,p1b\n|-supereffective|p2b: Armarouge\n|-damage|p2b: Armarouge|44\/100\n|-damage|p1a: Lunala|91\/100\n|-damage|p1b: Amoonguss|78\/100\n|-ability|p2b: Armarouge|Weak Armor|boost\n|-unboost|p2b: Armarouge|def|1\n|-boost|p2b: Armarouge|spe|2\n|-enditem|p2b: Armarouge|Weakness Policy\n|-boost|p2b: Armarouge|atk|2|[from] item: Weakness Policy\n|-boost|p2b: Armarouge|spa|2|[from] item: Weakness Policy\n|move|p2b: Armarouge|Heat Wave|p1b: Amoonguss|[spread] p1a,p1b\n|-supereffective|p1b: Amoonguss\n|-damage|p1a: Lunala|5\/100\n|-damage|p1b: Amoonguss|0 fnt\n|-status|p1a: Lunala|brn\n|faint|p1b: Amoonguss\n|move|p1a: Lunala|Moonblast|p2a: Roaring Moon\n|-supereffective|p2a: Roaring Moon\n|-damage|p2a: Roaring Moon|0 fnt\n|faint|p2a: Roaring Moon\n|-end|p2a: Roaring Moon|Protosynthesis|[silent]\n|\n|-damage|p1a: Lunala|0 fnt|[from] brn\n|faint|p1a: Lunala\n|upkeep\n|\n|t:|1719321252\n|switch|p2a: Indeedee|Indeedee, L50, M|100\/100\n|switch|p1a: Torkoal|Torkoal, L50, M|100\/100\n|switch|p1b: Lilligant|Lilligant-Hisui, L50, F|100\/100\n|-fieldstart|move: Psychic Terrain|[from] ability: Psychic Surge|[of] p2a: Indeedee\n|-weather|SunnyDay|[from] ability: Drought|[of] p1a: Torkoal\n|turn|2\n|\n|t:|1719321266\n|move|p2b: Armarouge|Protect|p2b: Armarouge\n|-singleturn|p2b: Armarouge|Protect\n|move|p1b: Lilligant|After You|p1a: Torkoal\n|-activate|p1a: Torkoal|move: After You\n|move|p1a: Torkoal|Eruption|p2b: Armarouge|[spread] p2a\n|-activate|p2b: Armarouge|move: Protect\n|-damage|p2a: Indeedee|0 fnt\n|faint|p2a: Indeedee\n|\n|-weather|SunnyDay|[upkeep]\n|upkeep\n|j| jasonrfry2\n|\n|t:|1719321272\n|switch|p2a: Zamazenta|Zamazenta-Crowned, L50|100\/100\n|-ability|p2a: Zamazenta|Dauntless Shield|boost\n|-boost|p2a: Zamazenta|def|1\n|turn|3\n|\n|t:|1719321279\n|move|p1b: Lilligant|Protect|p1b: Lilligant\n|-singleturn|p1b: Lilligant|Protect\n|move|p1a: Torkoal|Protect|p1a: Torkoal\n|-singleturn|p1a: Torkoal|Protect\n|move|p2a: Zamazenta|Wide Guard|p2a: Zamazenta\n|-singleturn|p2a: Zamazenta|Wide Guard\n|move|p2b: Armarouge|Stored Power|p1a: Torkoal\n|-activate|p1a: Torkoal|move: Protect\n|\n|-weather|SunnyDay|[upkeep]\n|upkeep\n|turn|4\n|\n|t:|1719321298\n|move|p2a: Zamazenta|Wide Guard|p2a: Zamazenta\n|-singleturn|p2a: Zamazenta|Wide Guard\n|move|p1b: Lilligant|After You|p1a: Torkoal\n|-activate|p1a: Torkoal|move: After You\n|move|p1a: Torkoal|Earth Power|p2b: Armarouge\n|-supereffective|p2b: Armarouge\n|-damage|p2b: Armarouge|0 fnt\n|faint|p2b: Armarouge\n|\n|-weather|SunnyDay|[upkeep]\n|upkeep\n|turn|5\n|\n|t:|1719321307\n|move|p1b: Lilligant|After You|p1a: Torkoal\n|-activate|p1a: Torkoal|move: After You\n|move|p1a: Torkoal|Earth Power|p2a: Zamazenta\n|-supereffective|p2a: Zamazenta\n|-damage|p2a: Zamazenta|63\/100\n|move|p2a: Zamazenta|Body Press|p1a: Torkoal\n|-damage|p1a: Torkoal|46\/100\n|\n|-weather|SunnyDay|[upkeep]\n|upkeep\n|turn|6\n|j| amiraidontester\n|\n|t:|1719321316\n|move|p2a: Zamazenta|Wide Guard|p2a: Zamazenta\n|-singleturn|p2a: Zamazenta|Wide Guard\n|move|p1b: Lilligant|After You|p1a: Torkoal\n|-activate|p1a: Torkoal|move: After You\n|move|p1a: Torkoal|Heat Wave|p2a: Zamazenta\n|-activate|p2a: Zamazenta|move: Wide Guard\n|\n|-weather|none\n|-fieldend|move: Psychic Terrain\n|upkeep\n|turn|7\n|\n|t:|1719321338\n|move|p1a: Torkoal|Protect|p1a: Torkoal\n|-singleturn|p1a: Torkoal|Protect\n|move|p1b: Lilligant|Close Combat|p2a: Zamazenta\n|-supereffective|p2a: Zamazenta\n|-damage|p2a: Zamazenta|24\/100\n|-unboost|p1b: Lilligant|def|1\n|-unboost|p1b: Lilligant|spd|1\n|move|p2a: Zamazenta|Body Press|p1b: Lilligant\n|-enditem|p1b: Lilligant|Focus Sash\n|-damage|p1b: Lilligant|1\/100\n|\n|upkeep\n|turn|8\n|\n|t:|1719321350\n|move|p1b: Lilligant|Close Combat|p2a: Zamazenta\n|-supereffective|p2a: Zamazenta\n|-damage|p2a: Zamazenta|0 fnt\n|-unboost|p1b: Lilligant|def|1\n|-unboost|p1b: Lilligant|spd|1\n|faint|p2a: Zamazenta\n|\n|win|GuevaraGaming2\n|raw|GuevaraGaming2's rating: 1651 &rarr; <strong>1676<\/strong><br \/>(+25 for winning)\n|raw|shuijun2's rating: 1748 &rarr; <strong>1723<\/strong><br \/>(-25 for losing)\n|l|\u2606GuevaraGaming2\n|player|p1|\n|l|\u2606shuijun2\n|player|p2|\n|l| jasonrfry2\n|l| amiraidontester\n","uploadtime":1719321599,"views":27,"formatid":"gen9vgc2024regg","rating":1676,"private":0,"password":null}