{"id":"gen9vgc2024regg-2149793501","format":"[Gen 9] VGC 2024 Reg G","players":["miraidnyan","VGCNEOPHYTE"],"log":"|j|\u2606miraidnyan\n|j|\u2606VGCNEOPHYTE\n|t:|1719326330\n|gametype|doubles\n|player|p1|miraidnyan|marley|1732\n|player|p2|VGCNEOPHYTE|chuck|1669\n|teamsize|p1|6\n|teamsize|p2|6\n|gen|9\n|tier|[Gen 9] VGC 2024 Reg G\n|rated|\n|rule|Species Clause: Limit one of each Pok\u00e9mon\n|rule|Item Clause: Limit one of each item\n|clearpoke\n|poke|p1|Miraidon, L50|\n|poke|p1|Farigiraf, L50, F|\n|poke|p1|Iron Hands, L50|\n|poke|p1|Urshifu-*, L50, F|\n|poke|p1|Ursaluna-Bloodmoon, L50, M|\n|poke|p1|Whimsicott, L50, F|\n|poke|p2|Calyrex-Ice, L50|\n|poke|p2|Clefairy, L50, F|\n|poke|p2|Ursaluna-Bloodmoon, L50, M|\n|poke|p2|Hariyama, L50, F|\n|poke|p2|Tyranitar, L50, F|\n|poke|p2|Amoonguss, L50, M|\n|teampreview|4\n|inactive|Battle timer is ON: inactive players will automatically lose when time's up. (requested by VGCNEOPHYTE)\n|inactive|miraidnyan also wants the timer to be on.\n|inactive|miraidnyan has 60 seconds left.\n|\n|t:|1719326362\n|start\n|switch|p1a: Miraidon|Miraidon, L50|100\/100\n|switch|p1b: Iron Hands|Iron Hands, L50|100\/100\n|switch|p2a: Calyrex|Calyrex-Ice, L50|100\/100\n|switch|p2b: Amoonguss|Amoonguss, L50, M|100\/100\n|-ability|p2a: Calyrex|As One\n|-ability|p2a: Calyrex|Unnerve\n|-fieldstart|move: Electric Terrain|[from] ability: Hadron Engine|[of] p1a: Miraidon\n|-activate|p1b: Iron Hands|ability: Quark Drive\n|-start|p1b: Iron Hands|quarkdriveatk\n|turn|1\n|inactive|miraidnyan has 30 seconds left.\n|\n|t:|1719326392\n|move|p2a: Calyrex|Protect|p2a: Calyrex\n|-singleturn|p2a: Calyrex|Protect\n|move|p2b: Amoonguss|Protect|p2b: Amoonguss\n|-singleturn|p2b: Amoonguss|Protect\n|move|p1b: Iron Hands|Fake Out|p2b: Amoonguss\n|-activate|p2b: Amoonguss|move: Protect\n|move|p1a: Miraidon|Draco Meteor|p2a: Calyrex\n|-activate|p2a: Calyrex|move: Protect\n|\n|upkeep\n|turn|2\n|j| zorba_the_geek\n|\n|t:|1719326409\n|move|p1a: Miraidon|Draco Meteor|p2b: Amoonguss\n|-damage|p2b: Amoonguss|5\/100\n|-unboost|p1a: Miraidon|spa|2\n|move|p1b: Iron Hands|Volt Switch|p2a: Calyrex\n|-damage|p2a: Calyrex|90\/100\n|\n|t:|1719326414\n|-end|p1b: Iron Hands|Quark Drive|[silent]\n|switch|p1b: Farigiraf|Farigiraf, L50, F|100\/100|[from] Volt Switch\n|-enditem|p1b: Farigiraf|Electric Seed\n|-boost|p1b: Farigiraf|def|1|[from] item: Electric Seed\n|move|p2a: Calyrex|Glacial Lance|p1b: Farigiraf|[spread] p1a,p1b\n|-supereffective|p1a: Miraidon\n|-damage|p1a: Miraidon|0 fnt\n|-damage|p1b: Farigiraf|59\/100\n|faint|p1a: Miraidon\n|-ability|p2a: Calyrex|Chilling Neigh|boost\n|-boost|p2a: Calyrex|atk|1\n|move|p2b: Amoonguss|Pollen Puff|p2a: Calyrex\n|-heal|p2a: Calyrex|100\/100\n|\n|upkeep\n|\n|t:|1719326422\n|switch|p1a: Urshifu|Urshifu, L50, F|100\/100\n|turn|3\n|\n|t:|1719326441\n|move|p1a: Urshifu|Detect|p1a: Urshifu\n|-singleturn|p1a: Urshifu|Protect\n|move|p2b: Amoonguss|Rage Powder|p2b: Amoonguss\n|-singleturn|p2b: Amoonguss|move: Rage Powder\n|move|p1b: Farigiraf|Psychic Noise|p2b: Amoonguss\n|-supereffective|p2b: Amoonguss\n|-damage|p2b: Amoonguss|0 fnt\n|faint|p2b: Amoonguss\n|move|p2a: Calyrex|Glacial Lance|p1b: Farigiraf|[spread] p1b\n|-activate|p1a: Urshifu|move: Protect\n|-damage|p1b: Farigiraf|0 fnt\n|faint|p1b: Farigiraf\n|-ability|p2a: Calyrex|Chilling Neigh|boost\n|-boost|p2a: Calyrex|atk|1\n|\n|upkeep\n|\n|t:|1719326453\n|switch|p1b: Iron Hands|Iron Hands, L50|100\/100\n|switch|p2b: Clefairy|Clefairy, L50, F|100\/100\n|-activate|p1b: Iron Hands|ability: Quark Drive\n|-start|p1b: Iron Hands|quarkdriveatk\n|turn|4\n|\n|t:|1719326466\n|-terastallize|p1a: Urshifu|Dark\n|-terastallize|p2a: Calyrex|Electric\n|move|p1b: Iron Hands|Fake Out|p2b: Clefairy\n|-damage|p2b: Clefairy|77\/100\n|cant|p2b: Clefairy|flinch\n|move|p1a: Urshifu|Wicked Blow|p2a: Calyrex\n|-crit|p2a: Calyrex\n|-damage|p2a: Calyrex|58\/100\n|move|p2a: Calyrex|Glacial Lance|p1a: Urshifu|[spread] p1a,p1b\n|-enditem|p1a: Urshifu|Focus Sash\n|-damage|p1a: Urshifu|1\/100\n|-damage|p1b: Iron Hands|14\/100\n|\n|upkeep\n|turn|5\n|-message|miraidnyan forfeited.\n|\n|win|VGCNEOPHYTE\n|raw|miraidnyan's rating: 1732 &rarr; <strong>1708<\/strong><br \/>(-24 for losing)\n|raw|VGCNEOPHYTE's rating: 1669 &rarr; <strong>1693<\/strong><br \/>(+24 for winning)\n|l|\u2606miraidnyan\n|player|p1|\n|l|\u2606VGCNEOPHYTE\n|player|p2|\n","uploadtime":1719326624,"views":17,"formatid":"gen9vgc2024regg","rating":1693,"private":0,"password":null}