{"id":"gen9vgc2024regg-2150831508","format":"[Gen 9] VGC 2024 Reg G","players":["seele1bansh","rebirthruby"],"log":"|j|\u2606seele1bansh\n|j|\u2606rebirthruby\n|t:|1719467836\n|gametype|doubles\n|player|p1|seele1bansh|iono|1669\n|player|p2|rebirthruby|266|1706\n|teamsize|p1|6\n|teamsize|p2|6\n|gen|9\n|tier|[Gen 9] VGC 2024 Reg G\n|rated|\n|rule|Species Clause: Limit one of each Pok\u00e9mon\n|rule|Item Clause: Limit one of each item\n|clearpoke\n|poke|p1|Ogerpon-Wellspring, L50, F|\n|poke|p1|Urshifu-*, L50, F|\n|poke|p1|Annihilape, L50, M|\n|poke|p1|Calyrex-Ice, L50|\n|poke|p1|Smeargle, L50, M|\n|poke|p1|Ursaluna-Bloodmoon, L50, M|\n|poke|p2|Terapagos, L50, M|\n|poke|p2|Clefairy, L50, M|\n|poke|p2|Comfey, L50, F|\n|poke|p2|Whimsicott, L50, F|\n|poke|p2|Munkidori, L50, M|\n|poke|p2|Incineroar, L50, M|\n|teampreview|4\n|inactive|Battle timer is ON: inactive players will automatically lose when time's up. (requested by seele1bansh)\n|j| chuanOVO\n|inactive|rebirthruby has 60 seconds left.\n|inactive|seele1bansh has 60 seconds left.\n|\n|t:|1719467894\n|start\n|switch|p1a: Calyrex|Calyrex-Ice, L50|100\/100\n|switch|p1b: Ogerpon|Ogerpon-Wellspring, L50, F|100\/100\n|switch|p2a: Incineroar|Incineroar, L50, M|100\/100\n|switch|p2b: Terapagos|Terapagos, L50, M|100\/100\n|-activate|p2b: Terapagos|ability: Tera Shift\n|detailschange|p2b: Terapagos|Terapagos-Terastal, L50, M\n|-heal|p2b: Terapagos|100\/100|[silent]\n|-ability|p1a: Calyrex|As One\n|-ability|p1a: Calyrex|Unnerve\n|-ability|p2a: Incineroar|Intimidate|boost\n|-unboost|p1a: Calyrex|atk|1\n|-unboost|p1b: Ogerpon|atk|1\n|turn|1\n|inactive|rebirthruby has 30 seconds left.\n|\n|t:|1719467929\n|move|p2a: Incineroar|Fake Out|p1a: Calyrex\n|-damage|p1a: Calyrex|94\/100\n|move|p1b: Ogerpon|Taunt|p2b: Terapagos\n|-start|p2b: Terapagos|move: Taunt\n|cant|p2b: Terapagos|move: Taunt|Calm Mind\n|cant|p1a: Calyrex|flinch\n|\n|upkeep\n|turn|2\n|\n|t:|1719467952\n|move|p1b: Ogerpon|Encore|p2a: Incineroar\n|-start|p2a: Incineroar|Encore\n|move|p2b: Terapagos|Tera Starstorm|p1a: Calyrex\n|-damage|p1a: Calyrex|53\/100\n|move|p2a: Incineroar|Fake Out||[still]\n|-hint|Fake Out only works on your first turn out.\n|-fail|p2a: Incineroar\n|move|p1a: Calyrex|Glacial Lance|p2b: Terapagos|[spread] p2a,p2b\n|-resisted|p2a: Incineroar\n|-activate|p2b: Terapagos|ability: Tera Shell\n|-resisted|p2b: Terapagos\n|-damage|p2a: Incineroar|83\/100\n|-damage|p2b: Terapagos|85\/100\n|\n|upkeep\n|turn|3\n|inactive|seele1bansh has 30 seconds left.\n|\n|t:|1719467986\n|switch|p2a: Clefairy|Clefairy, L50, M|100\/100\n|move|p1b: Ogerpon|Ivy Cudgel|p2b: Terapagos|[anim] Ivy Cudgel Water\n|-damage|p2b: Terapagos|62\/100\n|move|p2b: Terapagos|Tera Starstorm|p1a: Calyrex\n|-damage|p1a: Calyrex|11\/100\n|-enditem|p1a: Calyrex|Sitrus Berry|[eat]\n|-heal|p1a: Calyrex|35\/100|[from] item: Sitrus Berry\n|move|p1a: Calyrex|Glacial Lance|p2b: Terapagos|[spread] p2a,p2b\n|-damage|p2a: Clefairy|61\/100\n|-damage|p2b: Terapagos|36\/100\n|\n|-end|p2b: Terapagos|move: Taunt\n|upkeep\n|turn|4\n|inactive|seele1bansh has 30 seconds left.\n|inactive|rebirthruby has 30 seconds left.\n|\n|t:|1719468015\n|move|p1b: Ogerpon|Follow Me|p1b: Ogerpon\n|-singleturn|p1b: Ogerpon|move: Follow Me\n|move|p2b: Terapagos|Tera Starstorm|p1b: Ogerpon\n|-damage|p1b: Ogerpon|52\/100\n|move|p1a: Calyrex|Glacial Lance|p2a: Clefairy|[spread] p2a,p2b\n|-damage|p2a: Clefairy|23\/100\n|-damage|p2b: Terapagos|9\/100\n|move|p2a: Clefairy|Heal Pulse|p1b: Ogerpon\n|-heal|p1b: Ogerpon|100\/100\n|\n|upkeep\n|turn|5\n|-message|rebirthruby forfeited.\n|\n|win|seele1bansh\n|raw|seele1bansh's rating: 1669 &rarr; <strong>1691<\/strong><br \/>(+22 for winning)\n|raw|rebirthruby's rating: 1706 &rarr; <strong>1684<\/strong><br \/>(-22 for losing)\n|l|\u2606rebirthruby\n|player|p2|\n|l| chuanOVO\n|l|\u2606seele1bansh\n|player|p1|\n","uploadtime":1719468190,"views":20,"formatid":"gen9vgc2024regg","rating":1684,"private":0,"password":null}