{"id":"gen9vgc2024regg-2150390731","format":"[Gen 9] VGC 2024 Reg G","players":["pkmnallrounder","Therazer456"],"log":"|j|\u2606pkmnallrounder\n|j|\u2606Therazer456\n|t:|1719411088\n|gametype|doubles\n|player|p1|pkmnallrounder|serena|1691\n|player|p2|Therazer456|ghetsis|1773\n|teamsize|p1|6\n|teamsize|p2|6\n|gen|9\n|tier|[Gen 9] VGC 2024 Reg G\n|rated|\n|rule|Species Clause: Limit one of each Pok\u00e9mon\n|rule|Item Clause: Limit one of each item\n|clearpoke\n|poke|p1|Skeledirge, L50, F|\n|poke|p1|Rillaboom, L50, M|\n|poke|p1|Grimmsnarl, L50, M|\n|poke|p1|Empoleon, L50, F|\n|poke|p1|Urshifu-*, L50, F|\n|poke|p1|Terapagos, L50, M|\n|poke|p2|Lunala, L50|\n|poke|p2|Landorus-Therian, L50, M|\n|poke|p2|Amoonguss, L50, F|\n|poke|p2|Iron Hands, L50|\n|poke|p2|Farigiraf, L50, F|\n|poke|p2|Suicune, L50|\n|teampreview|4\n|\n|t:|1719411122\n|start\n|switch|p1a: Skeledirge|Skeledirge, L50, F|100\/100\n|switch|p1b: Grimmsnarl|Grimmsnarl, L50, M|100\/100\n|switch|p2a: Tarantula|Lunala, L50|100\/100\n|switch|p2b: Jupiter|Iron Hands, L50|100\/100\n|turn|1\n|\n|t:|1719411139\n|move|p2b: Jupiter|Fake Out|p1b: Grimmsnarl\n|-damage|p1b: Grimmsnarl|87\/100\n|cant|p1b: Grimmsnarl|flinch\n|move|p2a: Tarantula|Calm Mind|p2a: Tarantula\n|-boost|p2a: Tarantula|spa|1\n|-boost|p2a: Tarantula|spd|1\n|move|p1a: Skeledirge|Will-O-Wisp|p2b: Jupiter\n|-status|p2b: Jupiter|brn\n|\n|-damage|p2b: Jupiter|95\/100 brn|[from] brn\n|upkeep\n|turn|2\n|\n|t:|1719411159\n|-end|p2b: Jupiter|Quark Drive|[silent]\n|switch|p2b: Medusa|Farigiraf, L50, F|100\/100\n|-terastallize|p2a: Tarantula|Fairy\n|move|p1b: Grimmsnarl|Light Screen|p1b: Grimmsnarl\n|-sidestart|p1: pkmnallrounder|move: Light Screen\n|move|p2a: Tarantula|Moonblast|p1b: Grimmsnarl\n|-supereffective|p1b: Grimmsnarl\n|-damage|p1b: Grimmsnarl|0 fnt\n|faint|p1b: Grimmsnarl\n|move|p1a: Skeledirge|Torch Song|p2a: Tarantula\n|-damage|p2a: Tarantula|89\/100\n|-boost|p1a: Skeledirge|spa|1\n|\n|-heal|p2a: Tarantula|95\/100|[from] item: Leftovers\n|upkeep\n|\n|t:|1719411169\n|switch|p1b: Terapagos|Terapagos, L50, M|100\/100\n|-activate|p1b: Terapagos|ability: Tera Shift\n|detailschange|p1b: Terapagos|Terapagos-Terastal, L50, M\n|-heal|p1b: Terapagos|100\/100|[silent]\n|turn|3\n|\n|t:|1719411188\n|move|p2a: Tarantula|Moongeist Beam|p1a: Skeledirge\n|-supereffective|p1a: Skeledirge\n|-damage|p1a: Skeledirge|10\/100\n|move|p1b: Terapagos|Calm Mind|p1b: Terapagos\n|-boost|p1b: Terapagos|spa|1\n|-boost|p1b: Terapagos|spd|1\n|move|p1a: Skeledirge|Torch Song|p2b: Medusa\n|-damage|p2b: Medusa|52\/100\n|-boost|p1a: Skeledirge|spa|1\n|move|p2b: Medusa|Foul Play|p1a: Skeledirge\n|-supereffective|p1a: Skeledirge\n|-damage|p1a: Skeledirge|0 fnt\n|faint|p1a: Skeledirge\n|\n|-heal|p2a: Tarantula|100\/100|[from] item: Leftovers\n|upkeep\n|\n|t:|1719411195\n|switch|p1a: Rillaboom|Rillaboom, L50, M|100\/100\n|-fieldstart|move: Grassy Terrain|[from] ability: Grassy Surge|[of] p1a: Rillaboom\n|turn|4\n|\n|t:|1719411213\n|switch|p2b: Jupiter|Iron Hands, L50|95\/100 brn\n|-terastallize|p1b: Terapagos|Stellar\n|detailschange|p1b: Terapagos|Terapagos-Stellar, L50, M, tera:Stellar\n|-heal|p1b: Terapagos|100\/100|[silent]\n|-ability|p1b: Terapagos|Teraform Zero\n|-fieldend|move: Grassy Terrain\n|move|p2a: Tarantula|Moongeist Beam|p1a: Rillaboom\n|-damage|p1a: Rillaboom|59\/100\n|move|p1a: Rillaboom|Wood Hammer|p2a: Tarantula\n|-damage|p2a: Tarantula|78\/100\n|-damage|p1a: Rillaboom|50\/100|[from] Recoil\n|move|p1b: Terapagos|Tera Starstorm|p2b: Jupiter|[spread] p2a,p2b\n|-supereffective|p2a: Tarantula\n|-damage|p2a: Tarantula|25\/100\n|-damage|p2b: Jupiter|67\/100 brn\n|\n|-heal|p2a: Tarantula|31\/100|[from] item: Leftovers\n|-damage|p2b: Jupiter|61\/100 brn|[from] brn\n|upkeep\n|turn|5\n|j| THUNDERSND77\n|j| Boobookittyfjord\n|\n|t:|1719411268\n|switch|p2a: Rosette|Amoonguss, L50, F, shiny|100\/100\n|move|p2b: Jupiter|Fake Out|p1b: Terapagos\n|-damage|p1b: Terapagos|96\/100\n|move|p1a: Rillaboom|Wood Hammer|p2a: Rosette\n|-resisted|p2a: Rosette\n|-crit|p2a: Rosette\n|-damage|p2a: Rosette|82\/100\n|-damage|p1a: Rillaboom|43\/100|[from] Recoil\n|cant|p1b: Terapagos|flinch\n|\n|-heal|p1b: Terapagos|100\/100|[from] item: Leftovers\n|-damage|p2b: Jupiter|55\/100 brn|[from] brn\n|upkeep\n|turn|6\n|\n|t:|1719411286\n|move|p1a: Rillaboom|U-turn|p2a: Rosette\n|-damage|p2a: Rosette|64\/100\n|move|p1b: Terapagos|Tera Starstorm|p2b: Jupiter|[spread] p2a,p2b\n|-damage|p2a: Rosette|17\/100\n|-damage|p2b: Jupiter|26\/100 brn\n|move|p2b: Jupiter|Drain Punch|p1b: Terapagos\n|-supereffective|p1b: Terapagos\n|-damage|p1b: Terapagos|77\/100\n|-heal|p2b: Jupiter|39\/100 brn|[from] drain|[of] p1b: Terapagos\n|move|p2a: Rosette|Spore|p1b: Terapagos\n|-status|p1b: Terapagos|slp|[from] move: Spore\n|\n|-heal|p1b: Terapagos|83\/100 slp|[from] item: Leftovers\n|-damage|p2b: Jupiter|33\/100 brn|[from] brn\n|upkeep\n|turn|7\n|\n|t:|1719411306\n|switch|p2a: Medusa|Farigiraf, L50, F|52\/100\n|cant|p1b: Terapagos|slp\n|move|p1a: Rillaboom|Wood Hammer|p2b: Jupiter\n|-crit|p2b: Jupiter\n|-damage|p2b: Jupiter|0 fnt\n|faint|p2b: Jupiter\n|-end|p2b: Jupiter|Quark Drive|[silent]\n|-damage|p1a: Rillaboom|30\/100|[from] Recoil\n|\n|-heal|p1b: Terapagos|89\/100 slp|[from] item: Leftovers\n|upkeep\n|\n|t:|1719411310\n|switch|p2b: Tarantula|Lunala, L50, tera:Fairy|31\/100\n|turn|8\n|\n|t:|1719411329\n|move|p2b: Tarantula|Protect|p2b: Tarantula\n|-singleturn|p2b: Tarantula|Protect\n|move|p1a: Rillaboom|Wood Hammer|p2b: Tarantula\n|-activate|p2b: Tarantula|move: Protect\n|cant|p1b: Terapagos|slp\n|move|p2a: Medusa|Foul Play|p1a: Rillaboom\n|-damage|p1a: Rillaboom|0 fnt\n|faint|p1a: Rillaboom\n|\n|-heal|p2b: Tarantula|37\/100|[from] item: Leftovers\n|-heal|p1b: Terapagos|95\/100 slp|[from] item: Leftovers\n|upkeep\n|turn|9\n|\n|t:|1719411337\n|move|p2b: Tarantula|Moonblast|p1b: Terapagos\n|-damage|p1b: Terapagos|80\/100 slp\n|cant|p1b: Terapagos|slp\n|move|p2a: Medusa|Trick Room|p2a: Medusa\n|-fieldstart|move: Trick Room|[of] p2a: Medusa\n|\n|-heal|p1b: Terapagos|86\/100 slp|[from] item: Leftovers\n|-heal|p2b: Tarantula|44\/100|[from] item: Leftovers\n|-sideend|p1: pkmnallrounder|move: Light Screen\n|upkeep\n|turn|10\n|\n|t:|1719411350\n|move|p2a: Medusa|Protect|p2a: Medusa\n|-singleturn|p2a: Medusa|Protect\n|-curestatus|p1b: Terapagos|slp|[msg]\n|move|p1b: Terapagos|Tera Starstorm|p2a: Medusa|[spread] p2b\n|-activate|p2a: Medusa|move: Protect\n|-supereffective|p2b: Tarantula\n|-damage|p2b: Tarantula|0 fnt\n|faint|p2b: Tarantula\n|\n|-heal|p1b: Terapagos|92\/100|[from] item: Leftovers\n|upkeep\n|\n|t:|1719411355\n|switch|p2b: Rosette|Amoonguss, L50, F, shiny|50\/100\n|turn|11\n|\n|t:|1719411362\n|move|p1b: Terapagos|Protect|p1b: Terapagos\n|-singleturn|p1b: Terapagos|Protect\n|move|p2b: Rosette|Spore|p1b: Terapagos\n|-activate|p1b: Terapagos|move: Protect\n|move|p2a: Medusa|Tera Blast|p1b: Terapagos\n|-activate|p1b: Terapagos|move: Protect\n|\n|-heal|p1b: Terapagos|98\/100|[from] item: Leftovers\n|upkeep\n|turn|12\n|\n|t:|1719411374\n|move|p1b: Terapagos|Protect|p1b: Terapagos\n|-singleturn|p1b: Terapagos|Protect\n|move|p2b: Rosette|Spore|p1b: Terapagos\n|-activate|p1b: Terapagos|move: Protect\n|move|p2a: Medusa|Tera Blast|p1b: Terapagos\n|-activate|p1b: Terapagos|move: Protect\n|\n|-heal|p1b: Terapagos|100\/100|[from] item: Leftovers\n|upkeep\n|turn|13\n|\n|t:|1719411381\n|move|p1b: Terapagos|Protect||[still]\n|-fail|p1b: Terapagos\n|move|p2b: Rosette|Spore|p1b: Terapagos\n|-status|p1b: Terapagos|slp|[from] move: Spore\n|move|p2a: Medusa|Tera Blast|p1b: Terapagos\n|-damage|p1b: Terapagos|88\/100 slp\n|\n|-heal|p1b: Terapagos|94\/100 slp|[from] item: Leftovers\n|-fieldend|move: Trick Room\n|upkeep\n|turn|14\n|\n|t:|1719411389\n|cant|p1b: Terapagos|slp\n|move|p2b: Rosette|Clear Smog|p1b: Terapagos\n|-damage|p1b: Terapagos|87\/100 slp\n|-clearboost|p1b: Terapagos\n|move|p2a: Medusa|Trick Room|p2a: Medusa\n|-fieldstart|move: Trick Room|[of] p2a: Medusa\n|\n|-heal|p1b: Terapagos|93\/100 slp|[from] item: Leftovers\n|upkeep\n|turn|15\n|\n|t:|1719411399\n|move|p2b: Rosette|Pollen Puff|p1b: Terapagos\n|-damage|p1b: Terapagos|82\/100 slp\n|move|p2a: Medusa|Tera Blast|p1b: Terapagos\n|-damage|p1b: Terapagos|60\/100 slp\n|-curestatus|p1b: Terapagos|slp|[msg]\n|move|p1b: Terapagos|Tera Starstorm|p2b: Rosette|[spread] p2a,p2b\n|-damage|p2a: Medusa|18\/100\n|-damage|p2b: Rosette|16\/100\n|\n|-heal|p1b: Terapagos|66\/100|[from] item: Leftovers\n|upkeep\n|turn|16\n|\n|t:|1719411412\n|move|p1b: Terapagos|Protect|p1b: Terapagos\n|-singleturn|p1b: Terapagos|Protect\n|move|p2b: Rosette|Spore|p1b: Terapagos\n|-activate|p1b: Terapagos|move: Protect\n|move|p2a: Medusa|Tera Blast|p1b: Terapagos\n|-activate|p1b: Terapagos|move: Protect\n|\n|-heal|p1b: Terapagos|72\/100|[from] item: Leftovers\n|upkeep\n|turn|17\n|\n|t:|1719411418\n|move|p2b: Rosette|Spore|p1b: Terapagos\n|-status|p1b: Terapagos|slp|[from] move: Spore\n|move|p2a: Medusa|Tera Blast|p1b: Terapagos\n|-damage|p1b: Terapagos|54\/100 slp\n|cant|p1b: Terapagos|slp\n|\n|-heal|p1b: Terapagos|60\/100 slp|[from] item: Leftovers\n|upkeep\n|turn|18\n|c| Boobookittyfjord|1 more star storm is a gg\n|\n|t:|1719411430\n|move|p2b: Rosette|Pollen Puff|p2a: Medusa\n|-heal|p2a: Medusa|67\/100\n|move|p2a: Medusa|Tera Blast|p1b: Terapagos\n|-damage|p1b: Terapagos|39\/100 slp\n|-curestatus|p1b: Terapagos|slp|[msg]\n|move|p1b: Terapagos|Tera Starstorm|p2b: Rosette|[spread] p2a,p2b\n|-damage|p2a: Medusa|36\/100\n|-damage|p2b: Rosette|0 fnt\n|faint|p2b: Rosette\n|\n|-heal|p1b: Terapagos|45\/100|[from] item: Leftovers\n|-fieldend|move: Trick Room\n|upkeep\n|turn|19\n|-message|Therazer456 forfeited.\n|\n|win|pkmnallrounder\n|raw|pkmnallrounder's rating: 1691 &rarr; <strong>1716<\/strong><br \/>(+25 for winning)\n|raw|Therazer456's rating: 1773 &rarr; <strong>1748<\/strong><br \/>(-25 for losing)\n|l|\u2606Therazer456\n|player|p2|\n|l|\u2606pkmnallrounder\n|player|p1|\n","uploadtime":1719411452,"views":44,"formatid":"gen9vgc2024regg","rating":1716,"private":0,"password":null}