{"id":"gen9vgc2024regg-2150603647","format":"[Gen 9] VGC 2024 Reg G","players":["ElyasTheGreat","Bayo93"],"log":"|j|\u2606ElyasTheGreat\n|j|\u2606Bayo93\n|t:|1719434822\n|gametype|doubles\n|player|p1|ElyasTheGreat|alder|1690\n|player|p2|Bayo93|102|1709\n|teamsize|p1|6\n|teamsize|p2|6\n|gen|9\n|tier|[Gen 9] VGC 2024 Reg G\n|rated|\n|rule|Species Clause: Limit one of each Pok\u00e9mon\n|rule|Item Clause: Limit one of each item\n|clearpoke\n|poke|p1|Kyogre, L50|\n|poke|p1|Tornadus, L50, M|\n|poke|p1|Urshifu-*, L50, F|\n|poke|p1|Raging Bolt, L50|\n|poke|p1|Rillaboom, L50, M|\n|poke|p1|Incineroar, L50, M|\n|poke|p2|Kyogre, L50|\n|poke|p2|Tornadus, L50, M|\n|poke|p2|Landorus, L50, M|\n|poke|p2|Indeedee-F, L50, F|\n|poke|p2|Ogerpon-Cornerstone, L50, F|\n|poke|p2|Archaludon, L50, F|\n|teampreview|4\n|j| grain cookie\n|inactive|Battle timer is ON: inactive players will automatically lose when time's up. (requested by Bayo93)\n|\n|t:|1719434914\n|start\n|switch|p1a: Kyogre|Kyogre, L50|100\/100\n|switch|p1b: Urshifu|Urshifu, L50, F|100\/100\n|switch|p2a: Tornadus|Tornadus, L50, M|100\/100\n|switch|p2b: Archaludon|Archaludon, L50, F|100\/100\n|-weather|RainDance|[from] ability: Drizzle|[of] p1a: Kyogre\n|turn|1\n|inactive|Bayo93 has 30 seconds left.\n|inactive|Bayo93 has 20 seconds left.\n|\n|t:|1719434949\n|move|p2a: Tornadus|Tailwind|p2a: Tornadus\n|-sidestart|p2: Bayo93|move: Tailwind\n|move|p2b: Archaludon|Breaking Swipe|p1a: Kyogre|[spread] p1a,p1b\n|-damage|p1a: Kyogre|83\/100\n|-damage|p1b: Urshifu|86\/100\n|-unboost|p1a: Kyogre|atk|1\n|-unboost|p1b: Urshifu|atk|1\n|move|p1b: Urshifu|Close Combat|p2b: Archaludon\n|-supereffective|p2b: Archaludon\n|-damage|p2b: Archaludon|49\/100\n|-unboost|p1b: Urshifu|def|1\n|-unboost|p1b: Urshifu|spd|1\n|-ability|p2b: Archaludon|Stamina|boost\n|-boost|p2b: Archaludon|def|1\n|move|p1a: Kyogre|Water Spout|p2a: Tornadus|[spread] p2a,p2b\n|-resisted|p2b: Archaludon\n|-enditem|p2a: Tornadus|Focus Sash\n|-damage|p2a: Tornadus|1\/100\n|-damage|p2b: Archaludon|11\/100\n|-ability|p2b: Archaludon|Stamina|boost\n|-boost|p2b: Archaludon|def|1\n|\n|-weather|RainDance|[upkeep]\n|upkeep\n|turn|2\n|inactive|ElyasTheGreat has 30 seconds left.\n|inactive|Bayo93 has 30 seconds left.\n|inactive|ElyasTheGreat has 20 seconds left.\n|inactive|Bayo93 has 20 seconds left.\n|inactive|ElyasTheGreat has 15 seconds left.\n|inactive|Bayo93 has 15 seconds left.\n|inactive|ElyasTheGreat has 10 seconds left.\n|inactive|ElyasTheGreat has 5 seconds left.\n|inactive|Bayo93 has 10 seconds left.\n|\n|t:|1719435004\n|move|p1b: Urshifu|Sucker Punch|p2b: Archaludon\n|-damage|p2b: Archaludon|3\/100\n|-ability|p2b: Archaludon|Stamina|boost\n|-boost|p2b: Archaludon|def|1\n|move|p2a: Tornadus|Hurricane|p1a: Kyogre\n|-damage|p1a: Kyogre|43\/100\n|move|p2b: Archaludon|Body Press|p1b: Urshifu\n|-supereffective|p1b: Urshifu\n|-damage|p1b: Urshifu|0 fnt\n|faint|p1b: Urshifu\n|move|p1a: Kyogre|Water Spout|p2a: Tornadus|[spread] p2a,p2b\n|-resisted|p2b: Archaludon\n|-damage|p2a: Tornadus|0 fnt\n|-damage|p2b: Archaludon|0 fnt\n|faint|p2a: Tornadus\n|faint|p2b: Archaludon\n|\n|-weather|RainDance|[upkeep]\n|upkeep\n|\n|t:|1719435014\n|switch|p2a: Kyogre|Kyogre, L50|100\/100\n|switch|p1b: Rillaboom|Rillaboom, L50, M, shiny|100\/100\n|switch|p2b: Ogerpon|Ogerpon-Cornerstone, L50, F|100\/100\n|-fieldstart|move: Grassy Terrain|[from] ability: Grassy Surge|[of] p1b: Rillaboom\n|turn|3\n|inactive|Bayo93 has 30 seconds left.\n|inactive|Bayo93 has 20 seconds left.\n|inactive|Bayo93 has 15 seconds left.\n|inactive|Bayo93 has 10 seconds left.\n|inactive|Bayo93 has 5 seconds left.\n|\n|t:|1719435064\n|-terastallize|p2a: Kyogre|Water\n|move|p1b: Rillaboom|Fake Out|p2a: Kyogre\n|-damage|p2a: Kyogre|87\/100\n|move|p2b: Ogerpon|Ivy Cudgel|p1b: Rillaboom|[anim] Ivy Cudgel Rock\n|-damage|p1b: Rillaboom|41\/100\n|cant|p2a: Kyogre|flinch\n|move|p1a: Kyogre|Thunder|p2a: Kyogre\n|-supereffective|p2a: Kyogre\n|-damage|p2a: Kyogre|25\/100\n|\n|-weather|RainDance|[upkeep]\n|-heal|p2a: Kyogre|31\/100|[from] Grassy Terrain\n|-heal|p1a: Kyogre|49\/100|[from] Grassy Terrain\n|-heal|p1b: Rillaboom|47\/100|[from] Grassy Terrain\n|upkeep\n|turn|4\n|\n|t:|1719435080\n|move|p2b: Ogerpon|Follow Me|p2b: Ogerpon\n|-singleturn|p2b: Ogerpon|move: Follow Me\n|move|p1b: Rillaboom|Grassy Glide|p2b: Ogerpon\n|-crit|p2b: Ogerpon\n|-damage|p2b: Ogerpon|13\/100\n|move|p2a: Kyogre|Origin Pulse|p1a: Kyogre|[spread] p1a,p1b\n|-resisted|p1a: Kyogre\n|-resisted|p1b: Rillaboom\n|-damage|p1a: Kyogre|0 fnt\n|-damage|p1b: Rillaboom|0 fnt\n|faint|p1a: Kyogre\n|faint|p1b: Rillaboom\n|\n|-weather|RainDance|[upkeep]\n|-heal|p2b: Ogerpon|19\/100|[from] Grassy Terrain\n|-heal|p2a: Kyogre|37\/100|[from] Grassy Terrain\n|-sideend|p2: Bayo93|move: Tailwind\n|upkeep\n|\n|t:|1719435084\n|switch|p1a: Raging Bolt|Raging Bolt, L50|100\/100\n|turn|5\n|\n|t:|1719435102\n|move|p2b: Ogerpon|Ivy Cudgel|p1a: Raging Bolt|[anim] Ivy Cudgel Rock\n|-crit|p1a: Raging Bolt\n|-damage|p1a: Raging Bolt|36\/100\n|move|p2a: Kyogre|Origin Pulse|p1a: Raging Bolt|[miss]\n|-miss|p2a: Kyogre|p1a: Raging Bolt\n|move|p1a: Raging Bolt|Dragon Pulse|p2b: Ogerpon\n|-damage|p2b: Ogerpon|0 fnt\n|faint|p2b: Ogerpon\n|\n|-weather|none\n|-heal|p2a: Kyogre|43\/100|[from] Grassy Terrain\n|-heal|p1a: Raging Bolt|42\/100|[from] Grassy Terrain\n|-heal|p1a: Raging Bolt|48\/100|[from] item: Leftovers\n|upkeep\n|turn|6\n|-message|Bayo93 forfeited.\n|\n|win|ElyasTheGreat\n|raw|ElyasTheGreat's rating: 1690 &rarr; <strong>1711<\/strong><br \/>(+21 for winning)\n|raw|Bayo93's rating: 1709 &rarr; <strong>1688<\/strong><br \/>(-21 for losing)\n|l|\u2606Bayo93\n|player|p2|\n|l|\u2606ElyasTheGreat\n|player|p1|\n|l| grain cookie\n","uploadtime":1719435256,"views":14,"formatid":"gen9vgc2024regg","rating":1688,"private":0,"password":null}