{"id":"gen9vgc2024regg-2150174865","format":"[Gen 9] VGC 2024 Reg G","players":["BanTheJuggalo","shuijun2\u7535\u9f99\u4fa0"],"log":"|j|\u2606BanTheJuggalo\n|j|\u2606shuijun2\u7535\u9f99\u4fa0\n|t:|1719373232\n|gametype|doubles\n|player|p1|BanTheJuggalo|170|1713\n|player|p2|shuijun2\u7535\u9f99\u4fa0|iono|1751\n|teamsize|p1|6\n|teamsize|p2|6\n|gen|9\n|tier|[Gen 9] VGC 2024 Reg G\n|rated|\n|rule|Species Clause: Limit one of each Pok\u00e9mon\n|rule|Item Clause: Limit one of each item\n|clearpoke\n|poke|p1|Zapdos-Galar, L50|\n|poke|p1|Amoonguss, L50, M|\n|poke|p1|Comfey, L50, F|\n|poke|p1|Regieleki, L50|\n|poke|p1|Okidogi, L50, M|\n|poke|p1|Calyrex-Ice, L50|\n|poke|p2|Armarouge, L50, F|\n|poke|p2|Zamazenta-*, L50|\n|poke|p2|Indeedee, L50, M|\n|poke|p2|Roaring Moon, L50|\n|poke|p2|Urshifu-*, L50, M|\n|poke|p2|Maushold, L50|\n|teampreview|4\n|\n|t:|1719373280\n|start\n|switch|p1a: Zapdos|Zapdos-Galar, L50|100\/100\n|switch|p1b: Calyrex|Calyrex-Ice, L50|100\/100\n|switch|p2a: Roaring Moon|Roaring Moon, L50|100\/100\n|switch|p2b: Armarouge|Armarouge, L50, F, shiny|100\/100\n|-ability|p1b: Calyrex|As One\n|-ability|p1b: Calyrex|Unnerve\n|-enditem|p2a: Roaring Moon|Booster Energy\n|-activate|p2a: Roaring Moon|ability: Protosynthesis|[fromitem]\n|-start|p2a: Roaring Moon|protosynthesisspe\n|turn|1\n|\n|t:|1719373297\n|-terastallize|p2a: Roaring Moon|Ghost\n|-terastallize|p1b: Calyrex|Fire\n|move|p2a: Roaring Moon|Earthquake|p1a: Zapdos|[spread] p2b,p1b\n|-immune|p1a: Zapdos\n|-supereffective|p2b: Armarouge\n|-supereffective|p1b: Calyrex\n|-damage|p2b: Armarouge|45\/100\n|-damage|p1b: Calyrex|68\/100\n|-ability|p2b: Armarouge|Weak Armor|boost\n|-unboost|p2b: Armarouge|def|1\n|-boost|p2b: Armarouge|spe|2\n|-enditem|p2b: Armarouge|Weakness Policy\n|-boost|p2b: Armarouge|atk|2|[from] item: Weakness Policy\n|-boost|p2b: Armarouge|spa|2|[from] item: Weakness Policy\n|move|p2b: Armarouge|Stored Power|p1b: Calyrex\n|-damage|p1b: Calyrex|5\/100\n|move|p1a: Zapdos|Coaching|p1b: Calyrex\n|-boost|p1b: Calyrex|atk|1\n|-boost|p1b: Calyrex|def|1\n|move|p1b: Calyrex|Glacial Lance|p2b: Armarouge|[spread] p2a,p2b\n|-resisted|p2b: Armarouge\n|-damage|p2a: Roaring Moon|0 fnt\n|-damage|p2b: Armarouge|0 fnt\n|faint|p2a: Roaring Moon\n|-end|p2a: Roaring Moon|Protosynthesis|[silent]\n|faint|p2b: Armarouge\n|-ability|p1b: Calyrex|Chilling Neigh|boost\n|-boost|p1b: Calyrex|atk|2\n|\n|upkeep\n|\n|t:|1719373323\n|switch|p2a: Indeedee|Indeedee, L50, M|100\/100\n|switch|p2b: Zamazenta|Zamazenta-Crowned, L50|100\/100\n|-fieldstart|move: Psychic Terrain|[from] ability: Psychic Surge|[of] p2a: Indeedee\n|-ability|p2b: Zamazenta|Dauntless Shield|boost\n|-boost|p2b: Zamazenta|def|1\n|turn|2\n|\n|t:|1719373339\n|switch|p1a: Comfey|Comfey, L50, F|100\/100\n|move|p2a: Indeedee|Expanding Force|p1b: Calyrex|[spread] p1a,p1b\n|-damage|p1a: Comfey|55\/100\n|-damage|p1b: Calyrex|0 fnt\n|faint|p1b: Calyrex\n|move|p2b: Zamazenta|Body Press|p1a: Comfey\n|-resisted|p1a: Comfey\n|-damage|p1a: Comfey|23\/100\n|-damage|p2b: Zamazenta|84\/100|[from] item: Rocky Helmet|[of] p1a: Comfey\n|\n|upkeep\n|\n|t:|1719373354\n|switch|p1b: Zapdos|Zapdos-Galar, L50|100\/100\n|turn|3\n|\n|t:|1719373373\n|move|p1a: Comfey|Synthesis|p1a: Comfey\n|-heal|p1a: Comfey|73\/100\n|move|p1b: Zapdos|Brave Bird|p2a: Indeedee\n|-damage|p2a: Indeedee|0 fnt\n|faint|p2a: Indeedee\n|-damage|p1b: Zapdos|74\/100|[from] Recoil\n|move|p2b: Zamazenta|Body Press|p1b: Zapdos\n|-resisted|p1b: Zapdos\n|-damage|p1b: Zapdos|33\/100\n|\n|upkeep\n|turn|4\n|\n|t:|1719373391\n|switch|p1b: Amoonguss|Amoonguss, L50, M|100\/100\n|move|p1a: Comfey|Synthesis|p1a: Comfey\n|-heal|p1a: Comfey|100\/100\n|move|p2b: Zamazenta|Heavy Slam|p1a: Comfey\n|-supereffective|p1a: Comfey\n|-damage|p1a: Comfey|9\/100\n|-damage|p2b: Zamazenta|68\/100|[from] item: Rocky Helmet|[of] p1a: Comfey\n|\n|upkeep\n|turn|5\n|\n|t:|1719373415\n|move|p1a: Comfey|Protect|p1a: Comfey\n|-singleturn|p1a: Comfey|Protect\n|move|p2b: Zamazenta|Heavy Slam|p1b: Amoonguss\n|-damage|p1b: Amoonguss|61\/100\n|move|p1b: Amoonguss|Spore|p2b: Zamazenta\n|-status|p2b: Zamazenta|slp|[from] move: Spore\n|\n|upkeep\n|turn|6\n|j| judicremie.\n|j| jasonrfry2\n|l| judicremie.\n|\n|t:|1719373451\n|switch|p1b: Zapdos|Zapdos-Galar, L50|33\/100\n|move|p1a: Comfey|Floral Healing|p1b: Zapdos\n|-heal|p1b: Zapdos|83\/100\n|cant|p2b: Zamazenta|slp\n|\n|-fieldend|move: Psychic Terrain\n|upkeep\n|turn|7\n|-message|shuijun2\u7535\u9f99\u4fa0 forfeited.\n|\n|win|BanTheJuggalo\n|raw|BanTheJuggalo's rating: 1713 &rarr; <strong>1735<\/strong><br \/>(+22 for winning)\n|raw|shuijun2\u7535\u9f99\u4fa0's rating: 1751 &rarr; <strong>1729<\/strong><br \/>(-22 for losing)\n","uploadtime":1719373463,"views":43,"formatid":"gen9vgc2024regg","rating":1729,"private":0,"password":null}