{"id":"gen9vgc2024regg-2150165828","format":"[Gen 9] VGC 2024 Reg G","players":["shuijun2\u7535\u9f99\u4fa0","kappappappa"],"log":"|j|\u2606shuijun2\u7535\u9f99\u4fa0\n|j|\u2606kappappappa\n|t:|1719371868\n|gametype|doubles\n|player|p1|shuijun2\u7535\u9f99\u4fa0|iono|1719\n|player|p2|kappappappa|101|1766\n|teamsize|p1|6\n|teamsize|p2|6\n|gen|9\n|tier|[Gen 9] VGC 2024 Reg G\n|rated|\n|rule|Species Clause: Limit one of each Pok\u00e9mon\n|rule|Item Clause: Limit one of each item\n|clearpoke\n|poke|p1|Armarouge, L50, F|\n|poke|p1|Zamazenta-*, L50|\n|poke|p1|Indeedee, L50, M|\n|poke|p1|Roaring Moon, L50|\n|poke|p1|Urshifu-*, L50, F|\n|poke|p1|Maushold, L50|\n|poke|p2|Calyrex-Ice, L50|\n|poke|p2|Regieleki, L50|\n|poke|p2|Urshifu-*, L50, M|\n|poke|p2|Pelipper, L50, M|\n|poke|p2|Farigiraf, L50, F|\n|poke|p2|Landorus, L50, M|\n|teampreview|4\n|\n|t:|1719371918\n|start\n|switch|p1a: Roaring Moon|Roaring Moon, L50|100\/100\n|switch|p1b: Armarouge|Armarouge, L50, F, shiny|100\/100\n|switch|p2a: Pelipper|Pelipper, L50, M, shiny|100\/100\n|switch|p2b: Urshifu|Urshifu-Rapid-Strike, L50, M|100\/100\n|-weather|RainDance|[from] ability: Drizzle|[of] p2a: Pelipper\n|-enditem|p1a: Roaring Moon|Booster Energy\n|-activate|p1a: Roaring Moon|ability: Protosynthesis|[fromitem]\n|-start|p1a: Roaring Moon|protosynthesisspe\n|turn|1\n|\n|t:|1719371944\n|move|p1a: Roaring Moon|Earthquake|p2a: Pelipper|[spread] p1b,p2b\n|-immune|p2a: Pelipper\n|-supereffective|p1b: Armarouge\n|-damage|p1b: Armarouge|41\/100\n|-damage|p2b: Urshifu|75\/100\n|-ability|p1b: Armarouge|Weak Armor|boost\n|-unboost|p1b: Armarouge|def|1\n|-boost|p1b: Armarouge|spe|2\n|-enditem|p1b: Armarouge|Weakness Policy\n|-boost|p1b: Armarouge|atk|2|[from] item: Weakness Policy\n|-boost|p1b: Armarouge|spa|2|[from] item: Weakness Policy\n|move|p1b: Armarouge|Stored Power|p2b: Urshifu\n|-supereffective|p2b: Urshifu\n|-damage|p2b: Urshifu|0 fnt\n|faint|p2b: Urshifu\n|move|p2a: Pelipper|Tailwind|p2a: Pelipper\n|-sidestart|p2: kappappappa|move: Tailwind\n|\n|-weather|RainDance|[upkeep]\n|upkeep\n|\n|t:|1719371960\n|switch|p2b: Landorus|Landorus, L50, M, shiny|100\/100\n|turn|2\n|\n|t:|1719371981\n|-terastallize|p2b: Landorus|Fairy\n|move|p1b: Armarouge|Protect|p1b: Armarouge\n|-singleturn|p1b: Armarouge|Protect\n|move|p2b: Landorus|Sandsear Storm|p1b: Armarouge|[spread] p1a\n|-activate|p1b: Armarouge|move: Protect\n|-damage|p1a: Roaring Moon|41\/100\n|move|p1a: Roaring Moon|Tailwind|p1a: Roaring Moon\n|-sidestart|p1: shuijun2\u7535\u9f99\u4fa0|move: Tailwind\n|move|p2a: Pelipper|Hurricane|p1a: Roaring Moon\n|-damage|p1a: Roaring Moon|0 fnt\n|faint|p1a: Roaring Moon\n|-end|p1a: Roaring Moon|Protosynthesis|[silent]\n|\n|-weather|RainDance|[upkeep]\n|upkeep\n|inactive|Battle timer is ON: inactive players will automatically lose when time's up. (requested by kappappappa)\n|j| Dr. Prejudice\n|\n|t:|1719371998\n|switch|p1a: Indeedee|Indeedee, L50, M|100\/100\n|-fieldstart|move: Psychic Terrain|[from] ability: Psychic Surge|[of] p1a: Indeedee\n|turn|3\n|\n|t:|1719372015\n|move|p2a: Pelipper|Wide Guard|p2a: Pelipper\n|-singleturn|p2a: Pelipper|Wide Guard\n|move|p1b: Armarouge|Stored Power|p2a: Pelipper\n|-enditem|p2a: Pelipper|Focus Sash\n|-damage|p2a: Pelipper|1\/100\n|move|p1a: Indeedee|Expanding Force|p2b: Landorus|[spread] \n|-activate|p2a: Pelipper|move: Wide Guard\n|-activate|p2b: Landorus|move: Wide Guard\n|move|p2b: Landorus|Sandsear Storm|p1a: Indeedee|[spread] p1a,p1b\n|-supereffective|p1b: Armarouge\n|-damage|p1a: Indeedee|11\/100\n|-damage|p1b: Armarouge|0 fnt\n|faint|p1b: Armarouge\n|\n|-weather|RainDance|[upkeep]\n|upkeep\n|\n|t:|1719372020\n|switch|p1b: Urshifu|Urshifu-Rapid-Strike, L50, F|100\/100\n|turn|4\n|\n|t:|1719372036\n|move|p1a: Indeedee|Expanding Force|p2b: Landorus|[spread] p2a,p2b\n|-damage|p2a: Pelipper|0 fnt\n|-damage|p2b: Landorus|26\/100\n|faint|p2a: Pelipper\n|move|p2b: Landorus|Sandsear Storm|p1b: Urshifu|[spread] p1a,p1b\n|-damage|p1a: Indeedee|0 fnt\n|-damage|p1b: Urshifu|28\/100\n|faint|p1a: Indeedee\n|move|p1b: Urshifu|Surging Strikes|p2b: Landorus\n|-crit|p2b: Landorus\n|-damage|p2b: Landorus|0 fnt\n|faint|p2b: Landorus\n|-hitcount|p2: Landorus|1\n|\n|-weather|RainDance|[upkeep]\n|-sideend|p2: kappappappa|move: Tailwind\n|upkeep\n|\n|t:|1719372041\n|switch|p2b: Regieleki|Regieleki, L50, shiny|100\/100\n|turn|5\n|\n|t:|1719372044\n|move|p2b: Regieleki|Volt Switch|p1b: Urshifu\n|-supereffective|p1b: Urshifu\n|-damage|p1b: Urshifu|0 fnt\n|faint|p1b: Urshifu\n|\n|win|kappappappa\n|raw|shuijun2\u7535\u9f99\u4fa0's rating: 1719 &rarr; <strong>1702<\/strong><br \/>(-17 for losing)\n|raw|kappappappa's rating: 1766 &rarr; <strong>1783<\/strong><br \/>(+17 for winning)\n|l|\u2606shuijun2\u7535\u9f99\u4fa0\n|player|p1|\n|l|\u2606kappappappa\n|player|p2|\n","uploadtime":1719372061,"views":29,"formatid":"gen9vgc2024regg","rating":1702,"private":0,"password":null}