{"id":"gen9vgc2024regg-2150556936","format":"[Gen 9] VGC 2024 Reg G","players":["Therazer456","pkmnallrounder"],"log":"|j|\u2606Therazer456\n|j|\u2606pkmnallrounder\n|t:|1719429590\n|gametype|doubles\n|player|p1|Therazer456|ghetsis|1717\n|player|p2|pkmnallrounder|serena|1744\n|teamsize|p1|6\n|teamsize|p2|6\n|gen|9\n|tier|[Gen 9] VGC 2024 Reg G\n|rated|\n|rule|Species Clause: Limit one of each Pok\u00e9mon\n|rule|Item Clause: Limit one of each item\n|clearpoke\n|poke|p1|Lunala, L50|\n|poke|p1|Landorus-Therian, L50, M|\n|poke|p1|Amoonguss, L50, F|\n|poke|p1|Iron Hands, L50|\n|poke|p1|Farigiraf, L50, F|\n|poke|p1|Suicune, L50|\n|poke|p2|Skeledirge, L50, M|\n|poke|p2|Rillaboom, L50, M|\n|poke|p2|Grimmsnarl, L50, M|\n|poke|p2|Empoleon, L50, M|\n|poke|p2|Urshifu-*, L50, F|\n|poke|p2|Terapagos, L50, M|\n|teampreview|4\n|\n|t:|1719429606\n|start\n|switch|p1a: Tarantula|Lunala, L50|100\/100\n|switch|p1b: Carina|Landorus-Therian, L50, M|100\/100\n|switch|p2a: Grimmsnarl|Grimmsnarl, L50, M|100\/100\n|switch|p2b: Skeledirge|Skeledirge, L50, M|100\/100\n|-ability|p1b: Carina|Intimidate|boost\n|-unboost|p2a: Grimmsnarl|atk|1\n|-unboost|p2b: Skeledirge|atk|1\n|turn|1\n|\n|t:|1719429618\n|switch|p2b: Rillaboom|Rillaboom, L50, M|100\/100\n|-fieldstart|move: Grassy Terrain|[from] ability: Grassy Surge|[of] p2b: Rillaboom\n|move|p2a: Grimmsnarl|Reflect|p2a: Grimmsnarl\n|-sidestart|p2: pkmnallrounder|Reflect\n|move|p1b: Carina|Stomping Tantrum|p2b: Rillaboom\n|-resisted|p2b: Rillaboom\n|-damage|p2b: Rillaboom|82\/100\n|move|p1a: Tarantula|Moongeist Beam|p2b: Rillaboom\n|-damage|p2b: Rillaboom|39\/100\n|\n|-heal|p2b: Rillaboom|45\/100|[from] Grassy Terrain\n|upkeep\n|turn|2\n|\n|t:|1719429631\n|switch|p1a: Rosette|Amoonguss, L50, F, shiny|100\/100\n|move|p2a: Grimmsnarl|Thunder Wave|p1a: Rosette|[miss]\n|-miss|p2a: Grimmsnarl|p1a: Rosette\n|move|p1b: Carina|Stomping Tantrum|p2a: Grimmsnarl\n|-damage|p2a: Grimmsnarl|57\/100\n|move|p2b: Rillaboom|Wood Hammer|p1b: Carina\n|-damage|p1b: Carina|18\/100\n|-damage|p2b: Rillaboom|18\/100|[from] Recoil\n|\n|-heal|p2b: Rillaboom|24\/100|[from] Grassy Terrain\n|-heal|p2a: Grimmsnarl|63\/100|[from] Grassy Terrain\n|upkeep\n|turn|3\n|\n|t:|1719429651\n|switch|p1b: Jupiter|Iron Hands, L50|100\/100\n|move|p2a: Grimmsnarl|Light Screen|p2a: Grimmsnarl\n|-sidestart|p2: pkmnallrounder|move: Light Screen\n|move|p2b: Rillaboom|U-turn|p1a: Rosette\n|-damage|p1a: Rosette|82\/100\n|\n|t:|1719429659\n|switch|p2b: Skeledirge|Skeledirge, L50, M|100\/100|[from] U-turn\n|move|p1a: Rosette|Spore|p2a: Grimmsnarl\n|-status|p2a: Grimmsnarl|slp|[from] move: Spore\n|\n|-heal|p2a: Grimmsnarl|69\/100 slp|[from] Grassy Terrain\n|-heal|p1a: Rosette|88\/100|[from] Grassy Terrain\n|upkeep\n|turn|4\n|\n|t:|1719429676\n|-end|p1b: Jupiter|Quark Drive|[silent]\n|switch|p1b: Carina|Landorus-Therian, L50, M|18\/100\n|-ability|p1b: Carina|Intimidate|boost\n|-unboost|p2a: Grimmsnarl|atk|1\n|-unboost|p2b: Skeledirge|atk|1\n|move|p2b: Skeledirge|Will-O-Wisp|p1b: Carina\n|-status|p1b: Carina|brn\n|cant|p2a: Grimmsnarl|slp\n|move|p1a: Rosette|Pollen Puff|p1b: Carina\n|-heal|p1b: Carina|68\/100 brn\n|\n|-heal|p2a: Grimmsnarl|75\/100 slp|[from] Grassy Terrain\n|-heal|p1a: Rosette|94\/100|[from] Grassy Terrain\n|-damage|p1b: Carina|62\/100 brn|[from] brn\n|upkeep\n|turn|5\n|\n|t:|1719429702\n|move|p1b: Carina|Stomping Tantrum|p2b: Skeledirge\n|-supereffective|p2b: Skeledirge\n|-damage|p2b: Skeledirge|67\/100\n|move|p2b: Skeledirge|Torch Song|p1b: Carina\n|-damage|p1b: Carina|26\/100 brn\n|-boost|p2b: Skeledirge|spa|1\n|cant|p2a: Grimmsnarl|slp\n|move|p1a: Rosette|Pollen Puff|p1b: Carina\n|-heal|p1b: Carina|76\/100 brn\n|\n|-heal|p2b: Skeledirge|73\/100|[from] Grassy Terrain\n|-heal|p2a: Grimmsnarl|81\/100 slp|[from] Grassy Terrain\n|-heal|p1a: Rosette|99\/100|[from] Grassy Terrain\n|-damage|p1b: Carina|70\/100 brn|[from] brn\n|-fieldend|move: Grassy Terrain\n|upkeep\n|turn|6\n|\n|t:|1719429716\n|switch|p1a: Tarantula|Lunala, L50|100\/100\n|move|p1b: Carina|Stomping Tantrum|p2b: Skeledirge\n|-supereffective|p2b: Skeledirge\n|-damage|p2b: Skeledirge|39\/100\n|move|p2b: Skeledirge|Torch Song|p1b: Carina\n|-damage|p1b: Carina|19\/100 brn\n|-boost|p2b: Skeledirge|spa|1\n|-curestatus|p2a: Grimmsnarl|slp|[msg]\n|move|p2a: Grimmsnarl|Spirit Break|p1b: Carina\n|-damage|p1b: Carina|4\/100 brn\n|-unboost|p1b: Carina|spa|1\n|\n|-damage|p1b: Carina|0 fnt|[from] brn\n|faint|p1b: Carina\n|upkeep\n|\n|t:|1719429731\n|switch|p1b: Rosette|Amoonguss, L50, F, shiny|100\/100\n|turn|7\n|\n|t:|1719429741\n|move|p1b: Rosette|Rage Powder|p1b: Rosette\n|-singleturn|p1b: Rosette|move: Rage Powder\n|move|p2a: Grimmsnarl|Thunder Wave|p1b: Rosette\n|-status|p1b: Rosette|par\n|move|p1a: Tarantula|Moongeist Beam|p2b: Skeledirge\n|-supereffective|p2b: Skeledirge\n|-damage|p2b: Skeledirge|0 fnt\n|faint|p2b: Skeledirge\n|\n|upkeep\n|\n|t:|1719429751\n|switch|p2b: Terapagos|Terapagos, L50, M|100\/100\n|-activate|p2b: Terapagos|ability: Tera Shift\n|detailschange|p2b: Terapagos|Terapagos-Terastal, L50, M\n|-heal|p2b: Terapagos|100\/100|[silent]\n|turn|8\n|\n|t:|1719429758\n|move|p2a: Grimmsnarl|Thunder Wave|p1a: Tarantula\n|-status|p1a: Tarantula|par\n|move|p2b: Terapagos|Calm Mind|p2b: Terapagos\n|-boost|p2b: Terapagos|spa|1\n|-boost|p2b: Terapagos|spd|1\n|move|p1a: Tarantula|Calm Mind|p1a: Tarantula\n|-boost|p1a: Tarantula|spa|1\n|-boost|p1a: Tarantula|spd|1\n|move|p1b: Rosette|Spore|p2b: Terapagos\n|-status|p2b: Terapagos|slp|[from] move: Spore\n|\n|-sideend|p2: pkmnallrounder|Reflect\n|upkeep\n|turn|9\n|\n|t:|1719429776\n|cant|p2b: Terapagos|slp\n|move|p2a: Grimmsnarl|Spirit Break|p1a: Tarantula\n|-damage|p1a: Tarantula|95\/100 par\n|-unboost|p1a: Tarantula|spa|1\n|move|p1a: Tarantula|Calm Mind|p1a: Tarantula\n|-boost|p1a: Tarantula|spa|1\n|-boost|p1a: Tarantula|spd|1\n|move|p1b: Rosette|Clear Smog|p2b: Terapagos\n|-activate|p2b: Terapagos|ability: Tera Shell\n|-resisted|p2b: Terapagos\n|-damage|p2b: Terapagos|98\/100 slp\n|-clearboost|p2b: Terapagos\n|\n|-heal|p2b: Terapagos|100\/100 slp|[from] item: Leftovers\n|-heal|p1a: Tarantula|100\/100 par|[from] item: Leftovers\n|upkeep\n|turn|10\n|\n|t:|1719429789\n|move|p1b: Rosette|Rage Powder|p1b: Rosette\n|-singleturn|p1b: Rosette|move: Rage Powder\n|cant|p2b: Terapagos|slp\n|move|p2a: Grimmsnarl|Spirit Break|p1b: Rosette\n|-resisted|p1b: Rosette\n|-damage|p1b: Rosette|95\/100 par\n|move|p1a: Tarantula|Moonblast|p2a: Grimmsnarl\n|-supereffective|p2a: Grimmsnarl\n|-damage|p2a: Grimmsnarl|15\/100\n|-unboost|p2a: Grimmsnarl|spa|1\n|\n|-sideend|p2: pkmnallrounder|move: Light Screen\n|upkeep\n|turn|11\n|\n|t:|1719429804\n|move|p2a: Grimmsnarl|Light Screen|p2a: Grimmsnarl\n|-sidestart|p2: pkmnallrounder|move: Light Screen\n|cant|p2b: Terapagos|slp\n|cant|p1a: Tarantula|par\n|move|p1b: Rosette|Spore|p2b: Terapagos\n|-fail|p2b: Terapagos|slp\n|\n|upkeep\n|turn|12\n|\n|t:|1719429814\n|move|p2a: Grimmsnarl|Reflect|p2a: Grimmsnarl\n|-sidestart|p2: pkmnallrounder|Reflect\n|-curestatus|p2b: Terapagos|slp|[msg]\n|move|p2b: Terapagos|Calm Mind|p2b: Terapagos\n|-boost|p2b: Terapagos|spa|1\n|-boost|p2b: Terapagos|spd|1\n|cant|p1a: Tarantula|par\n|cant|p1b: Rosette|par\n|\n|upkeep\n|turn|13\n|\n|t:|1719429826\n|-terastallize|p2b: Terapagos|Stellar\n|detailschange|p2b: Terapagos|Terapagos-Stellar, L50, M, tera:Stellar\n|-heal|p2b: Terapagos|100\/100|[silent]\n|move|p2b: Terapagos|Tera Starstorm|p1a: Tarantula|[spread] p1a,p1b\n|-damage|p1a: Tarantula|91\/100 par\n|-damage|p1b: Rosette|48\/100 par\n|move|p2a: Grimmsnarl|Spirit Break|p1b: Rosette\n|-resisted|p1b: Rosette\n|-damage|p1b: Rosette|43\/100 par\n|move|p1a: Tarantula|Calm Mind|p1a: Tarantula\n|-boost|p1a: Tarantula|spa|1\n|-boost|p1a: Tarantula|spd|1\n|move|p1b: Rosette|Spore|p2b: Terapagos\n|-status|p2b: Terapagos|slp|[from] move: Spore\n|\n|-heal|p1a: Tarantula|97\/100 par|[from] item: Leftovers\n|upkeep\n|turn|14\n|-message|pkmnallrounder forfeited.\n|\n|win|Therazer456\n|raw|Therazer456's rating: 1717 &rarr; <strong>1739<\/strong><br \/>(+22 for winning)\n|raw|pkmnallrounder's rating: 1744 &rarr; <strong>1722<\/strong><br \/>(-22 for losing)\n|l|\u2606pkmnallrounder\n|player|p2|\n|l|\u2606Therazer456\n|player|p1|\n","uploadtime":1719430017,"views":58,"formatid":"gen9vgc2024regg","rating":1722,"private":0,"password":null}