{"id":"gen9vgc2024regg-2150296232","format":"[Gen 9] VGC 2024 Reg G","players":["zonavideovigilada","shuijun2\u7535\u9f99\u4fa0"],"log":"|j|\u2606zonavideovigilada\n|j|\u2606shuijun2\u7535\u9f99\u4fa0\n|t:|1719396632\n|gametype|doubles\n|player|p1|zonavideovigilada|265|1716\n|player|p2|shuijun2\u7535\u9f99\u4fa0|iono|1747\n|teamsize|p1|6\n|teamsize|p2|6\n|gen|9\n|tier|[Gen 9] VGC 2024 Reg G\n|rated|\n|rule|Species Clause: Limit one of each Pok\u00e9mon\n|rule|Item Clause: Limit one of each item\n|clearpoke\n|poke|p1|Zamazenta-*, L50|\n|poke|p1|Amoonguss, L50, M|\n|poke|p1|Pelipper, L50, M|\n|poke|p1|Urshifu-*, L50, M|\n|poke|p1|Ting-Lu, L50|\n|poke|p1|Chien-Pao, L50|\n|poke|p2|Armarouge, L50, F|\n|poke|p2|Zamazenta-*, L50|\n|poke|p2|Indeedee, L50, M|\n|poke|p2|Roaring Moon, L50|\n|poke|p2|Urshifu-*, L50, F|\n|poke|p2|Maushold, L50|\n|teampreview|4\n|\n|t:|1719396659\n|start\n|switch|p1a: Zamazenta|Zamazenta-Crowned, L50|100\/100\n|switch|p1b: Amoonguss|Amoonguss, L50, M|100\/100\n|switch|p2a: Indeedee|Indeedee, L50, M|100\/100\n|switch|p2b: Maushold|Maushold, L50|100\/100\n|-fieldstart|move: Psychic Terrain|[from] ability: Psychic Surge|[of] p2a: Indeedee\n|-ability|p1a: Zamazenta|Dauntless Shield|boost\n|-boost|p1a: Zamazenta|def|1\n|turn|1\n|inactive|Battle timer is ON: inactive players will automatically lose when time's up. (requested by zonavideovigilada)\n|\n|t:|1719396683\n|move|p1b: Amoonguss|Protect|p1b: Amoonguss\n|-singleturn|p1b: Amoonguss|Protect\n|move|p2a: Indeedee|Expanding Force|p1a: Zamazenta|[spread] p1a\n|-activate|p1b: Amoonguss|move: Protect\n|-damage|p1a: Zamazenta|63\/100\n|move|p2b: Maushold|Population Bomb|p1a: Zamazenta\n|-resisted|p1a: Zamazenta\n|-damage|p1a: Zamazenta|61\/100\n|-resisted|p1a: Zamazenta\n|-damage|p1a: Zamazenta|59\/100\n|-resisted|p1a: Zamazenta\n|-damage|p1a: Zamazenta|57\/100\n|-resisted|p1a: Zamazenta\n|-damage|p1a: Zamazenta|55\/100\n|-resisted|p1a: Zamazenta\n|-crit|p1a: Zamazenta\n|-damage|p1a: Zamazenta|50\/100\n|-resisted|p1a: Zamazenta\n|-damage|p1a: Zamazenta|48\/100\n|-resisted|p1a: Zamazenta\n|-damage|p1a: Zamazenta|46\/100\n|-resisted|p1a: Zamazenta\n|-damage|p1a: Zamazenta|44\/100\n|-resisted|p1a: Zamazenta\n|-damage|p1a: Zamazenta|42\/100\n|-resisted|p1a: Zamazenta\n|-damage|p1a: Zamazenta|40\/100\n|-hitcount|p1a: Zamazenta|10\n|move|p1a: Zamazenta|Body Press|p2b: Maushold\n|-supereffective|p2b: Maushold\n|-damage|p2b: Maushold|0 fnt\n|faint|p2b: Maushold\n|\n|upkeep\n|inactive|shuijun2\u7535\u9f99\u4fa0 has 30 seconds left.\n|\n|t:|1719396713\n|switch|p2b: Zamazenta|Zamazenta-Crowned, L50|100\/100\n|-ability|p2b: Zamazenta|Dauntless Shield|boost\n|-boost|p2b: Zamazenta|def|1\n|turn|2\n|\n|t:|1719396723\n|switch|p2a: Urshifu|Urshifu-Rapid-Strike, L50, F|100\/100\n|move|p1a: Zamazenta|Wide Guard|p1a: Zamazenta\n|-singleturn|p1a: Zamazenta|Wide Guard\n|move|p2b: Zamazenta|Body Press|p1a: Zamazenta\n|-supereffective|p1a: Zamazenta\n|-damage|p1a: Zamazenta|0 fnt\n|faint|p1a: Zamazenta\n|move|p1b: Amoonguss|Spore|p2a: Urshifu\n|-status|p2a: Urshifu|slp|[from] move: Spore\n|\n|upkeep\n|\n|t:|1719396733\n|switch|p1a: Urshifu|Urshifu-Rapid-Strike, L50, M|100\/100\n|turn|3\n|\n|t:|1719396756\n|-terastallize|p1a: Urshifu|Water\n|-terastallize|p2b: Zamazenta|Water\n|move|p1a: Urshifu|Surging Strikes|p2b: Zamazenta\n|-resisted|p2b: Zamazenta\n|-crit|p2b: Zamazenta\n|-damage|p2b: Zamazenta|92\/100\n|-resisted|p2b: Zamazenta\n|-crit|p2b: Zamazenta\n|-damage|p2b: Zamazenta|84\/100\n|-resisted|p2b: Zamazenta\n|-crit|p2b: Zamazenta\n|-damage|p2b: Zamazenta|76\/100\n|-hitcount|p2b: Zamazenta|3\n|move|p2b: Zamazenta|Heavy Slam|p1b: Amoonguss\n|-damage|p1b: Amoonguss|57\/100\n|cant|p2a: Urshifu|slp\n|move|p1b: Amoonguss|Pollen Puff|p2a: Urshifu\n|-resisted|p2a: Urshifu\n|-damage|p2a: Urshifu|86\/100 slp\n|\n|upkeep\n|turn|4\n|\n|t:|1719396781\n|move|p1a: Urshifu|Surging Strikes|p2a: Urshifu\n|-resisted|p2a: Urshifu\n|-crit|p2a: Urshifu\n|-damage|p2a: Urshifu|72\/100 slp\n|-resisted|p2a: Urshifu\n|-crit|p2a: Urshifu\n|-damage|p2a: Urshifu|60\/100 slp\n|-resisted|p2a: Urshifu\n|-crit|p2a: Urshifu\n|-damage|p2a: Urshifu|46\/100 slp\n|-hitcount|p2a: Urshifu|3\n|move|p2b: Zamazenta|Body Press|p1a: Urshifu\n|-damage|p1a: Urshifu|37\/100\n|-curestatus|p2a: Urshifu|slp|[msg]\n|move|p2a: Urshifu|Surging Strikes|p1a: Urshifu\n|-resisted|p1a: Urshifu\n|-crit|p1a: Urshifu\n|-damage|p1a: Urshifu|25\/100\n|-resisted|p1a: Urshifu\n|-crit|p1a: Urshifu\n|-damage|p1a: Urshifu|12\/100\n|-resisted|p1a: Urshifu\n|-crit|p1a: Urshifu\n|-damage|p1a: Urshifu|0 fnt\n|faint|p1a: Urshifu\n|-hitcount|p1: Urshifu|3\n|move|p1b: Amoonguss|Spore|p2b: Zamazenta\n|-status|p2b: Zamazenta|slp|[from] move: Spore\n|\n|upkeep\n|\n|t:|1719396799\n|switch|p1a: Chien-Pao|Chien-Pao, L50|100\/100\n|-ability|p1a: Chien-Pao|Sword of Ruin\n|turn|5\n|\n|t:|1719396820\n|move|p1a: Chien-Pao|Crunch|p2b: Zamazenta\n|-damage|p2b: Zamazenta|54\/100 slp\n|-unboost|p2b: Zamazenta|def|1\n|cant|p2b: Zamazenta|slp\n|move|p2a: Urshifu|Surging Strikes|p1b: Amoonguss\n|-resisted|p1b: Amoonguss\n|-crit|p1b: Amoonguss\n|-damage|p1b: Amoonguss|45\/100\n|-enditem|p1b: Amoonguss|Sitrus Berry|[eat]\n|-heal|p1b: Amoonguss|69\/100|[from] item: Sitrus Berry\n|-resisted|p1b: Amoonguss\n|-crit|p1b: Amoonguss\n|-damage|p1b: Amoonguss|55\/100\n|-resisted|p1b: Amoonguss\n|-crit|p1b: Amoonguss\n|-damage|p1b: Amoonguss|42\/100\n|-hitcount|p1b: Amoonguss|3\n|move|p1b: Amoonguss|Spore|p2a: Urshifu\n|-status|p2a: Urshifu|slp|[from] move: Spore\n|\n|-fieldend|move: Psychic Terrain\n|upkeep\n|turn|6\n|inactive|shuijun2\u7535\u9f99\u4fa0 has 30 seconds left.\n|inactive|zonavideovigilada has 30 seconds left.\n|\n|t:|1719396862\n|move|p1a: Chien-Pao|Crunch|p2b: Zamazenta\n|-damage|p2b: Zamazenta|25\/100 slp\n|cant|p2b: Zamazenta|slp\n|cant|p2a: Urshifu|slp\n|move|p1b: Amoonguss|Pollen Puff|p2a: Urshifu\n|-resisted|p2a: Urshifu\n|-damage|p2a: Urshifu|34\/100 slp\n|\n|upkeep\n|turn|7\n|\n|t:|1719396885\n|move|p1a: Chien-Pao|Crunch|p2b: Zamazenta\n|-damage|p2b: Zamazenta|0 fnt\n|faint|p2b: Zamazenta\n|cant|p2a: Urshifu|slp\n|move|p1b: Amoonguss|Pollen Puff|p2a: Urshifu\n|-resisted|p2a: Urshifu\n|-damage|p2a: Urshifu|20\/100 slp\n|\n|upkeep\n|\n|t:|1719396892\n|switch|p2b: Indeedee|Indeedee, L50, M|100\/100\n|-fieldstart|move: Psychic Terrain|[from] ability: Psychic Surge|[of] p2b: Indeedee\n|turn|8\n|\n|t:|1719396913\n|move|p2b: Indeedee|Dazzling Gleam|p1b: Amoonguss|[spread] p1a,p1b\n|-supereffective|p1a: Chien-Pao\n|-resisted|p1b: Amoonguss\n|-damage|p1a: Chien-Pao|39\/100\n|-damage|p1b: Amoonguss|36\/100\n|move|p1a: Chien-Pao|Crunch|p2a: Urshifu\n|-resisted|p2a: Urshifu\n|-damage|p2a: Urshifu|0 fnt\n|faint|p2a: Urshifu\n|move|p1b: Amoonguss|Spore|p2b: Indeedee\n|-status|p2b: Indeedee|slp|[from] move: Spore\n|\n|upkeep\n|turn|9\n|-message|shuijun2\u7535\u9f99\u4fa0 forfeited.\n|\n|win|zonavideovigilada\n|raw|zonavideovigilada's rating: 1716 &rarr; <strong>1738<\/strong><br \/>(+22 for winning)\n|raw|shuijun2\u7535\u9f99\u4fa0's rating: 1747 &rarr; <strong>1725<\/strong><br \/>(-22 for losing)\n|l|\u2606shuijun2\u7535\u9f99\u4fa0\n|player|p2|\n|l|\u2606zonavideovigilada\n|player|p1|\n","uploadtime":1719397181,"views":16,"formatid":"gen9vgc2024regg","rating":1725,"private":0,"password":null}