{"id":"gen9vgc2024regg-2150505180","format":"[Gen 9] VGC 2024 Reg G","players":["pneumatictoad","Therazer456"],"log":"|j|\u2606pneumatictoad\n|j|\u2606Therazer456\n|t:|1719423947\n|gametype|doubles\n|player|p1|pneumatictoad|janine|1697\n|player|p2|Therazer456|ghetsis|1716\n|teamsize|p1|6\n|teamsize|p2|6\n|gen|9\n|tier|[Gen 9] VGC 2024 Reg G\n|rated|\n|rule|Species Clause: Limit one of each Pok\u00e9mon\n|rule|Item Clause: Limit one of each item\n|clearpoke\n|poke|p1|Calyrex-Ice, L50|\n|poke|p1|Trapinch, L50, M|\n|poke|p1|Annihilape, L50, F|\n|poke|p1|Pelipper, L50, F|\n|poke|p1|Jigglypuff, L50, F|\n|poke|p1|Araquanid, L50, F|\n|poke|p2|Lunala, L50|\n|poke|p2|Landorus-Therian, L50, M|\n|poke|p2|Amoonguss, L50, F|\n|poke|p2|Iron Hands, L50|\n|poke|p2|Farigiraf, L50, M|\n|poke|p2|Suicune, L50|\n|teampreview|4\n|j| shuijun2\n|j| chuanOVO\n|\n|t:|1719423988\n|start\n|switch|p1a: Annihilape|Annihilape, L50, F|100\/100\n|switch|p1b: Calyrex|Calyrex-Ice, L50|100\/100\n|switch|p2a: Tarantula|Lunala, L50|100\/100\n|switch|p2b: Saturn|Suicune, L50|100\/100\n|-ability|p1b: Calyrex|As One\n|-ability|p1b: Calyrex|Unnerve\n|turn|1\n|\n|t:|1719424007\n|-terastallize|p1b: Calyrex|Grass\n|move|p1a: Annihilape|Shadow Claw|p2a: Tarantula\n|-supereffective|p2a: Tarantula\n|-crit|p2a: Tarantula\n|-damage|p2a: Tarantula|39\/100\n|move|p2a: Tarantula|Calm Mind|p2a: Tarantula\n|-boost|p2a: Tarantula|spa|1\n|-boost|p2a: Tarantula|spd|1\n|move|p1b: Calyrex|Glacial Lance|p2a: Tarantula|[spread] p2a,p2b\n|-resisted|p2b: Saturn\n|-damage|p2a: Tarantula|0 fnt\n|-damage|p2b: Saturn|81\/100\n|faint|p2a: Tarantula\n|-ability|p1b: Calyrex|Chilling Neigh|boost\n|-boost|p1b: Calyrex|atk|1\n|move|p2b: Saturn|Roar|p1b: Calyrex\n|drag|p1b: Jigglypuff|Jigglypuff, L50, F|100\/100\n|\n|upkeep\n|\n|t:|1719424040\n|switch|p2a: Carina|Landorus-Therian, L50, M|100\/100\n|-ability|p2a: Carina|Intimidate|boost\n|-unboost|p1a: Annihilape|atk|1\n|-unboost|p1b: Jigglypuff|atk|1\n|turn|2\n|\n|t:|1719424064\n|switch|p1a: Trapinch|Trapinch, L50, M|100\/100\n|-terastallize|p2a: Carina|Flying\n|move|p2a: Carina|Tera Blast|p1b: Jigglypuff|[anim] Tera Blast Flying\n|-damage|p1b: Jigglypuff|17\/100\n|move|p2b: Saturn|Scald|p1b: Jigglypuff\n|-damage|p1b: Jigglypuff|0 fnt\n|faint|p1b: Jigglypuff\n|\n|upkeep\n|j| ok3rd\n|\n|t:|1719424120\n|switch|p1b: Annihilape|Annihilape, L50, F|100\/100\n|turn|3\n|\n|t:|1719424141\n|move|p1b: Annihilape|Final Gambit|p2a: Carina\n|-damage|p2a: Carina|0 fnt\n|faint|p1b: Annihilape\n|faint|p2a: Carina\n|move|p2b: Saturn|Scald|p1a: Trapinch\n|-supereffective|p1a: Trapinch\n|-enditem|p1a: Trapinch|Focus Sash\n|-damage|p1a: Trapinch|1\/100\n|move|p1a: Trapinch|Fissure|p2b: Saturn|[miss]\n|-miss|p1a: Trapinch|p2b: Saturn\n|\n|upkeep\n|\n|t:|1719424150\n|switch|p1b: Calyrex|Calyrex-Ice, L50, tera:Grass|100\/100\n|switch|p2a: Jupiter|Iron Hands, L50|100\/100\n|-ability|p1b: Calyrex|As One\n|-ability|p1b: Calyrex|Unnerve\n|turn|4\n|\n|t:|1719424174\n|move|p1a: Trapinch|Protect|p1a: Trapinch\n|-singleturn|p1a: Trapinch|Protect\n|move|p2a: Jupiter|Fake Out|p1b: Calyrex\n|-crit|p1b: Calyrex\n|-damage|p1b: Calyrex|86\/100\n|move|p2b: Saturn|Scald|p1a: Trapinch\n|-activate|p1a: Trapinch|move: Protect\n|move|p1b: Calyrex|Trick Room|p1b: Calyrex\n|-fieldstart|move: Trick Room|[of] p1b: Calyrex\n|\n|upkeep\n|turn|5\n|\n|t:|1719424195\n|move|p1a: Trapinch|Earthquake|p2b: Saturn|[spread] p1b,p2a,p2b\n|-resisted|p1b: Calyrex\n|-supereffective|p2a: Jupiter\n|-damage|p1b: Calyrex|75\/100\n|-damage|p2a: Jupiter|54\/100\n|-damage|p2b: Saturn|56\/100\n|move|p1b: Calyrex|Seed Bomb|p2b: Saturn\n|-supereffective|p2b: Saturn\n|-damage|p2b: Saturn|0 fnt\n|faint|p2b: Saturn\n|-ability|p1b: Calyrex|Chilling Neigh|boost\n|-boost|p1b: Calyrex|atk|1\n|move|p2a: Jupiter|Drain Punch|p1b: Calyrex\n|-damage|p1b: Calyrex|49\/100\n|-heal|p2a: Jupiter|66\/100|[from] drain|[of] p1b: Calyrex\n|\n|upkeep\n|turn|6\n|-message|Therazer456 forfeited.\n|\n|win|pneumatictoad\n|raw|pneumatictoad's rating: 1715 &rarr; <strong>1734<\/strong><br \/>(+19 for winning)\n|raw|Therazer456's rating: 1696 &rarr; <strong>1677<\/strong><br \/>(-19 for losing)\n|l|\u2606Therazer456\n|player|p2|\n|l| chuanOVO\n|l| shuijun2\n|l| ok3rd\n|j| ok3rd\n|l| ok3rd\n","uploadtime":1719424211,"views":69,"formatid":"gen9vgc2024regg","rating":1677,"private":0,"password":null}