{"id":"gen9vgc2024regg-2150552645","format":"[Gen 9] VGC 2024 Reg G","players":["pkmnallrounder","sturbyy"],"log":"|j|\u2606pkmnallrounder\n|j|\u2606sturbyy\n|t:|1719429116\n|gametype|doubles\n|player|p1|pkmnallrounder|serena|1724\n|player|p2|sturbyy|101|1729\n|teamsize|p1|6\n|teamsize|p2|6\n|gen|9\n|tier|[Gen 9] VGC 2024 Reg G\n|rated|\n|rule|Species Clause: Limit one of each Pok\u00e9mon\n|rule|Item Clause: Limit one of each item\n|clearpoke\n|poke|p1|Skeledirge, L50, F|\n|poke|p1|Rillaboom, L50, M|\n|poke|p1|Grimmsnarl, L50, M|\n|poke|p1|Empoleon, L50, F|\n|poke|p1|Urshifu-*, L50, M|\n|poke|p1|Terapagos, L50, M|\n|poke|p2|Incineroar, L50, M|\n|poke|p2|Calyrex-Ice, L50|\n|poke|p2|Amoonguss, L50, F|\n|poke|p2|Urshifu-*, L50, M|\n|poke|p2|Pelipper, L50, M|\n|poke|p2|Raging Bolt, L50|\n|teampreview|4\n|\n|t:|1719429146\n|start\n|switch|p1a: Rillaboom|Rillaboom, L50, M|100\/100\n|switch|p1b: Skeledirge|Skeledirge, L50, F|100\/100\n|switch|p2a: Raging Bolt|Raging Bolt, L50|100\/100\n|switch|p2b: Urshifu|Urshifu-Rapid-Strike, L50, M|100\/100\n|-fieldstart|move: Grassy Terrain|[from] ability: Grassy Surge|[of] p1a: Rillaboom\n|turn|1\n|\n|t:|1719429163\n|switch|p1b: Grimmsnarl|Grimmsnarl, L50, M|100\/100\n|-terastallize|p2b: Urshifu|Ghost\n|move|p2b: Urshifu|Surging Strikes|p1b: Grimmsnarl\n|-crit|p1b: Grimmsnarl\n|-damage|p1b: Grimmsnarl|82\/100\n|-crit|p1b: Grimmsnarl\n|-damage|p1b: Grimmsnarl|62\/100\n|-crit|p1b: Grimmsnarl\n|-damage|p1b: Grimmsnarl|43\/100\n|-hitcount|p1b: Grimmsnarl|3\n|move|p1a: Rillaboom|Wood Hammer|p2b: Urshifu\n|-damage|p2b: Urshifu|17\/100\n|-damage|p1a: Rillaboom|76\/100|[from] Recoil\n|move|p2a: Raging Bolt|Volt Switch|p1a: Rillaboom\n|-resisted|p1a: Rillaboom\n|-damage|p1a: Rillaboom|60\/100\n|\n|t:|1719429180\n|-end|p2a: Raging Bolt|Protosynthesis|[silent]\n|switch|p2a: Calyrex|Calyrex-Ice, L50|100\/100|[from] Volt Switch\n|-ability|p2a: Calyrex|As One\n|-ability|p2a: Calyrex|Unnerve\n|\n|-heal|p2b: Urshifu|23\/100|[from] Grassy Terrain\n|-heal|p1a: Rillaboom|66\/100|[from] Grassy Terrain\n|-heal|p1b: Grimmsnarl|49\/100|[from] Grassy Terrain\n|upkeep\n|turn|2\n|\n|t:|1719429208\n|switch|p2b: Amoonguss|Amoonguss, L50, F|100\/100\n|switch|p1a: Skeledirge|Skeledirge, L50, F|100\/100\n|move|p1b: Grimmsnarl|Reflect|p1b: Grimmsnarl\n|-sidestart|p1: pkmnallrounder|Reflect\n|move|p2a: Calyrex|Glacial Lance|p1a: Skeledirge|[spread] p1a,p1b\n|-resisted|p1a: Skeledirge\n|-crit|p1a: Skeledirge\n|-crit|p1b: Grimmsnarl\n|-damage|p1a: Skeledirge|66\/100\n|-damage|p1b: Grimmsnarl|0 fnt\n|faint|p1b: Grimmsnarl\n|-ability|p2a: Calyrex|Chilling Neigh|boost\n|-boost|p2a: Calyrex|atk|1\n|\n|-heal|p1a: Skeledirge|72\/100|[from] Grassy Terrain\n|upkeep\n|\n|t:|1719429230\n|switch|p1b: Rillaboom|Rillaboom, L50, M|66\/100\n|turn|3\n|\n|t:|1719429241\n|switch|p2b: Raging Bolt|Raging Bolt, L50|100\/100\n|move|p2a: Calyrex|Protect|p2a: Calyrex\n|-singleturn|p2a: Calyrex|Protect\n|move|p1b: Rillaboom|Fake Out|p2a: Calyrex\n|-activate|p2a: Calyrex|move: Protect\n|move|p1a: Skeledirge|Torch Song|p2b: Raging Bolt\n|-resisted|p2b: Raging Bolt\n|-damage|p2b: Raging Bolt|91\/100\n|-boost|p1a: Skeledirge|spa|1\n|\n|-heal|p1b: Rillaboom|72\/100|[from] Grassy Terrain\n|-heal|p2b: Raging Bolt|97\/100|[from] Grassy Terrain\n|-heal|p1a: Skeledirge|79\/100|[from] Grassy Terrain\n|upkeep\n|turn|4\n|\n|t:|1719429254\n|move|p1b: Rillaboom|U-turn|p2a: Calyrex\n|-supereffective|p2a: Calyrex\n|-damage|p2a: Calyrex|69\/100\n|\n|t:|1719429257\n|switch|p1b: Terapagos|Terapagos, L50, M|100\/100|[from] U-turn\n|-activate|p1b: Terapagos|ability: Tera Shift\n|detailschange|p1b: Terapagos|Terapagos-Terastal, L50, M\n|-heal|p1b: Terapagos|100\/100|[silent]\n|move|p2b: Raging Bolt|Snarl|p1b: Terapagos|[spread] p1a,p1b\n|-supereffective|p1a: Skeledirge\n|-activate|p1b: Terapagos|ability: Tera Shell\n|-resisted|p1b: Terapagos\n|-damage|p1a: Skeledirge|52\/100\n|-damage|p1b: Terapagos|94\/100\n|-unboost|p1a: Skeledirge|spa|1\n|-unboost|p1b: Terapagos|spa|1\n|move|p1a: Skeledirge|Will-O-Wisp|p2a: Calyrex\n|-status|p2a: Calyrex|brn\n|move|p2a: Calyrex|Glacial Lance|p1b: Terapagos|[spread] p1a,p1b\n|-resisted|p1a: Skeledirge\n|-damage|p1a: Skeledirge|44\/100\n|-damage|p1b: Terapagos|70\/100\n|\n|-heal|p1b: Terapagos|76\/100|[from] Grassy Terrain\n|-heal|p1b: Terapagos|82\/100|[from] item: Leftovers\n|-heal|p2b: Raging Bolt|100\/100|[from] Grassy Terrain\n|-heal|p1a: Skeledirge|50\/100|[from] Grassy Terrain\n|-heal|p2a: Calyrex|75\/100 brn|[from] Grassy Terrain\n|-damage|p2a: Calyrex|69\/100 brn|[from] brn\n|upkeep\n|turn|5\n|\n|t:|1719429282\n|move|p1b: Terapagos|Calm Mind|p1b: Terapagos\n|-boost|p1b: Terapagos|spa|1\n|-boost|p1b: Terapagos|spd|1\n|move|p2b: Raging Bolt|Snarl|p1b: Terapagos|[spread] p1b\n|-miss|p2b: Raging Bolt|p1a: Skeledirge\n|-damage|p1b: Terapagos|73\/100\n|-unboost|p1b: Terapagos|spa|1\n|move|p1a: Skeledirge|Torch Song|p2a: Calyrex\n|-supereffective|p2a: Calyrex\n|-damage|p2a: Calyrex|26\/100 brn\n|-boost|p1a: Skeledirge|spa|1\n|move|p2a: Calyrex|Glacial Lance|p1b: Terapagos|[spread] p1a,p1b\n|-resisted|p1a: Skeledirge\n|-damage|p1a: Skeledirge|42\/100\n|-damage|p1b: Terapagos|49\/100\n|\n|-heal|p1b: Terapagos|54\/100|[from] Grassy Terrain\n|-heal|p1b: Terapagos|60\/100|[from] item: Leftovers\n|-heal|p1a: Skeledirge|48\/100|[from] Grassy Terrain\n|-heal|p2a: Calyrex|32\/100 brn|[from] Grassy Terrain\n|-damage|p2a: Calyrex|26\/100 brn|[from] brn\n|-fieldend|move: Grassy Terrain\n|upkeep\n|turn|6\n|\n|t:|1719429298\n|move|p1b: Terapagos|Earth Power|p2b: Raging Bolt\n|-supereffective|p2b: Raging Bolt\n|-damage|p2b: Raging Bolt|77\/100\n|move|p2b: Raging Bolt|Snarl|p1a: Skeledirge|[spread] p1a,p1b\n|-supereffective|p1a: Skeledirge\n|-damage|p1a: Skeledirge|20\/100\n|-damage|p1b: Terapagos|52\/100\n|-unboost|p1a: Skeledirge|spa|1\n|-unboost|p1b: Terapagos|spa|1\n|move|p1a: Skeledirge|Slack Off|p1a: Skeledirge\n|-heal|p1a: Skeledirge|70\/100\n|move|p2a: Calyrex|High Horsepower|p1a: Skeledirge\n|-supereffective|p1a: Skeledirge\n|-damage|p1a: Skeledirge|44\/100\n|\n|-heal|p1b: Terapagos|58\/100|[from] item: Leftovers\n|-damage|p2a: Calyrex|20\/100 brn|[from] brn\n|upkeep\n|turn|7\n|\n|t:|1719429314\n|switch|p1b: Rillaboom|Rillaboom, L50, M|72\/100\n|-fieldstart|move: Grassy Terrain|[from] ability: Grassy Surge|[of] p1b: Rillaboom\n|move|p2b: Raging Bolt|Snarl|p1b: Rillaboom|[spread] p1a,p1b\n|-supereffective|p1a: Skeledirge\n|-damage|p1a: Skeledirge|14\/100\n|-damage|p1b: Rillaboom|59\/100\n|-unboost|p1a: Skeledirge|spa|1\n|-unboost|p1b: Rillaboom|spa|1\n|move|p1a: Skeledirge|Torch Song|p2a: Calyrex\n|-supereffective|p2a: Calyrex\n|-damage|p2a: Calyrex|0 fnt\n|-boost|p1a: Skeledirge|spa|1\n|faint|p2a: Calyrex\n|\n|-heal|p1b: Rillaboom|65\/100|[from] Grassy Terrain\n|-heal|p2b: Raging Bolt|84\/100|[from] Grassy Terrain\n|-heal|p1a: Skeledirge|20\/100|[from] Grassy Terrain\n|upkeep\n|\n|t:|1719429329\n|switch|p2a: Amoonguss|Amoonguss, L50, F|100\/100\n|turn|8\n|\n|t:|1719429341\n|switch|p2a: Urshifu|Urshifu-Rapid-Strike, L50, M, tera:Ghost|23\/100\n|move|p1b: Rillaboom|Fake Out|p2b: Raging Bolt\n|-damage|p2b: Raging Bolt|74\/100\n|cant|p2b: Raging Bolt|flinch\n|move|p1a: Skeledirge|Slack Off|p1a: Skeledirge\n|-heal|p1a: Skeledirge|70\/100\n|\n|-heal|p2a: Urshifu|29\/100|[from] Grassy Terrain\n|-heal|p1b: Rillaboom|71\/100|[from] Grassy Terrain\n|-heal|p2b: Raging Bolt|80\/100|[from] Grassy Terrain\n|-heal|p1a: Skeledirge|76\/100|[from] Grassy Terrain\n|upkeep\n|turn|9\n|\n|t:|1719429354\n|switch|p2a: Amoonguss|Amoonguss, L50, F|100\/100\n|move|p1b: Rillaboom|Grassy Glide|p2a: Amoonguss\n|-resisted|p2a: Amoonguss\n|-damage|p2a: Amoonguss|93\/100\n|-damage|p1b: Rillaboom|55\/100|[from] item: Rocky Helmet|[of] p2a: Amoonguss\n|move|p2b: Raging Bolt|Snarl|p1b: Rillaboom|[spread] p1a,p1b\n|-supereffective|p1a: Skeledirge\n|-crit|p1b: Rillaboom\n|-damage|p1a: Skeledirge|47\/100\n|-damage|p1b: Rillaboom|37\/100\n|-unboost|p1a: Skeledirge|spa|1\n|-unboost|p1b: Rillaboom|spa|1\n|move|p1a: Skeledirge|Torch Song|p2b: Raging Bolt\n|-resisted|p2b: Raging Bolt\n|-damage|p2b: Raging Bolt|73\/100\n|-boost|p1a: Skeledirge|spa|1\n|\n|-heal|p1b: Rillaboom|43\/100|[from] Grassy Terrain\n|-heal|p2b: Raging Bolt|80\/100|[from] Grassy Terrain\n|-heal|p1a: Skeledirge|53\/100|[from] Grassy Terrain\n|-heal|p2a: Amoonguss|99\/100|[from] Grassy Terrain\n|-sideend|p1: pkmnallrounder|Reflect\n|upkeep\n|turn|10\n|\n|t:|1719429375\n|switch|p1b: Terapagos|Terapagos-Terastal, L50, M|58\/100\n|-end|p2b: Raging Bolt|Protosynthesis|[silent]\n|switch|p2b: Urshifu|Urshifu-Rapid-Strike, L50, M, tera:Ghost|29\/100\n|move|p1a: Skeledirge|Torch Song|p2a: Amoonguss\n|-supereffective|p2a: Amoonguss\n|-damage|p2a: Amoonguss|28\/100\n|-boost|p1a: Skeledirge|spa|1\n|move|p2a: Amoonguss|Pollen Puff|p2b: Urshifu\n|-heal|p2b: Urshifu|79\/100\n|\n|-heal|p2b: Urshifu|85\/100|[from] Grassy Terrain\n|-heal|p1b: Terapagos|64\/100|[from] Grassy Terrain\n|-heal|p1b: Terapagos|70\/100|[from] item: Leftovers\n|-heal|p1a: Skeledirge|59\/100|[from] Grassy Terrain\n|-heal|p2a: Amoonguss|34\/100|[from] Grassy Terrain\n|upkeep\n|turn|11\n|\n|t:|1719429395\n|switch|p2a: Raging Bolt|Raging Bolt, L50|80\/100\n|-terastallize|p1b: Terapagos|Stellar\n|detailschange|p1b: Terapagos|Terapagos-Stellar, L50, M, tera:Stellar\n|-heal|p1b: Terapagos|77\/100|[silent]\n|-ability|p1b: Terapagos|Teraform Zero\n|-fieldend|move: Grassy Terrain\n|move|p2b: Urshifu|Close Combat|p1b: Terapagos\n|-supereffective|p1b: Terapagos\n|-damage|p1b: Terapagos|3\/100\n|-unboost|p2b: Urshifu|def|1\n|-unboost|p2b: Urshifu|spd|1\n|move|p1b: Terapagos|Tera Starstorm|p2a: Raging Bolt|[spread] p2a,p2b\n|-supereffective|p2b: Urshifu\n|-damage|p2a: Raging Bolt|56\/100\n|-damage|p2b: Urshifu|0 fnt\n|faint|p2b: Urshifu\n|move|p1a: Skeledirge|Torch Song|p2a: Raging Bolt\n|-resisted|p2a: Raging Bolt\n|-damage|p2a: Raging Bolt|42\/100\n|-boost|p1a: Skeledirge|spa|1\n|\n|-heal|p1b: Terapagos|9\/100|[from] item: Leftovers\n|upkeep\n|\n|t:|1719429407\n|switch|p2b: Amoonguss|Amoonguss, L50, F|67\/100\n|turn|12\n|\n|t:|1719429416\n|move|p1b: Terapagos|Protect|p1b: Terapagos\n|-singleturn|p1b: Terapagos|Protect\n|move|p2b: Amoonguss|Protect|p2b: Amoonguss\n|-singleturn|p2b: Amoonguss|Protect\n|move|p2a: Raging Bolt|Snarl|p1a: Skeledirge|[spread] p1a\n|-activate|p1b: Terapagos|move: Protect\n|-supereffective|p1a: Skeledirge\n|-damage|p1a: Skeledirge|33\/100\n|-unboost|p1a: Skeledirge|spa|1\n|move|p1a: Skeledirge|Shadow Ball|p2a: Raging Bolt\n|-damage|p2a: Raging Bolt|12\/100\n|\n|-heal|p1b: Terapagos|15\/100|[from] item: Leftovers\n|upkeep\n|turn|13\n|\n|t:|1719429433\n|switch|p1b: Rillaboom|Rillaboom, L50, M|43\/100\n|-fieldstart|move: Grassy Terrain|[from] ability: Grassy Surge|[of] p1b: Rillaboom\n|move|p2b: Amoonguss|Rage Powder|p2b: Amoonguss\n|-singleturn|p2b: Amoonguss|move: Rage Powder\n|move|p2a: Raging Bolt|Thunderclap||[still]\n|-fail|p2a: Raging Bolt\n|move|p1a: Skeledirge|Slack Off|p1a: Skeledirge\n|-heal|p1a: Skeledirge|83\/100\n|\n|-heal|p1b: Rillaboom|49\/100|[from] Grassy Terrain\n|-heal|p2a: Raging Bolt|18\/100|[from] Grassy Terrain\n|-heal|p1a: Skeledirge|90\/100|[from] Grassy Terrain\n|-heal|p2b: Amoonguss|73\/100|[from] Grassy Terrain\n|upkeep\n|turn|14\n|-message|sturbyy forfeited.\n|\n|win|pkmnallrounder\n|raw|pkmnallrounder's rating: 1724 &rarr; <strong>1744<\/strong><br \/>(+20 for winning)\n|raw|sturbyy's rating: 1729 &rarr; <strong>1709<\/strong><br \/>(-20 for losing)\n|l|\u2606sturbyy\n|player|p2|\n|l|\u2606pkmnallrounder\n|player|p1|\n","uploadtime":1719429606,"views":25,"formatid":"gen9vgc2024regg","rating":1709,"private":0,"password":null}