{"id":"gen9vgc2024regg-2150197090","format":"[Gen 9] VGC 2024 Reg G","players":["shuijun2\u7535\u9f99\u4fa0","Duryodhan"],"log":"|j|\u2606shuijun2\u7535\u9f99\u4fa0\n|j|\u2606Duryodhan\n|t:|1719377002\n|gametype|doubles\n|player|p1|shuijun2\u7535\u9f99\u4fa0|iono|1726\n|player|p2|Duryodhan|veteran|1711\n|teamsize|p1|6\n|teamsize|p2|6\n|gen|9\n|tier|[Gen 9] VGC 2024 Reg G\n|rated|\n|rule|Species Clause: Limit one of each Pok\u00e9mon\n|rule|Item Clause: Limit one of each item\n|clearpoke\n|poke|p1|Armarouge, L50, F|\n|poke|p1|Zamazenta-*, L50|\n|poke|p1|Indeedee, L50, M|\n|poke|p1|Roaring Moon, L50|\n|poke|p1|Urshifu-*, L50, M|\n|poke|p1|Maushold, L50|\n|poke|p2|Lunala, L50|\n|poke|p2|Rillaboom, L50, F|\n|poke|p2|Torkoal, L50, F|\n|poke|p2|Amoonguss, L50, M|\n|poke|p2|Walking Wake, L50|\n|poke|p2|Kingambit, L50, M|\n|teampreview|4\n|\n|t:|1719377053\n|start\n|switch|p1a: Roaring Moon|Roaring Moon, L50|100\/100\n|switch|p1b: Armarouge|Armarouge, L50, F, shiny|100\/100\n|switch|p2a: Rillaboom|Rillaboom, L50, F|100\/100\n|switch|p2b: Walking Wake|Walking Wake, L50|100\/100\n|-fieldstart|move: Grassy Terrain|[from] ability: Grassy Surge|[of] p2a: Rillaboom\n|-enditem|p1a: Roaring Moon|Booster Energy\n|-activate|p1a: Roaring Moon|ability: Protosynthesis|[fromitem]\n|-start|p1a: Roaring Moon|protosynthesisspe\n|turn|1\n|j| blueq0z\n|\n|t:|1719377082\n|-terastallize|p1a: Roaring Moon|Ghost\n|move|p1b: Armarouge|Protect|p1b: Armarouge\n|-singleturn|p1b: Armarouge|Protect\n|move|p1a: Roaring Moon|Tailwind|p1a: Roaring Moon\n|-sidestart|p1: shuijun2\u7535\u9f99\u4fa0|move: Tailwind\n|move|p2b: Walking Wake|Draco Meteor|p1a: Roaring Moon\n|-damage|p1a: Roaring Moon|13\/100\n|-unboost|p2b: Walking Wake|spa|2\n|-damage|p2b: Walking Wake|91\/100|[from] item: Life Orb\n|move|p2a: Rillaboom|U-turn|p1b: Armarouge\n|-activate|p1b: Armarouge|move: Protect\n|\n|-heal|p1a: Roaring Moon|19\/100|[from] Grassy Terrain\n|-heal|p2b: Walking Wake|96\/100|[from] Grassy Terrain\n|upkeep\n|turn|2\n|\n|t:|1719377116\n|move|p1a: Roaring Moon|Acrobatics|p2a: Rillaboom\n|-supereffective|p2a: Rillaboom\n|-damage|p2a: Rillaboom|25\/100\n|move|p1b: Armarouge|Stored Power|p2b: Walking Wake\n|-damage|p2b: Walking Wake|84\/100\n|move|p2b: Walking Wake|Hydro Steam|p1a: Roaring Moon\n|-damage|p1a: Roaring Moon|0 fnt\n|faint|p1a: Roaring Moon\n|-end|p1a: Roaring Moon|Protosynthesis|[silent]\n|-damage|p2b: Walking Wake|74\/100|[from] item: Life Orb\n|move|p2a: Rillaboom|U-turn|p1b: Armarouge\n|-damage|p1b: Armarouge|75\/100\n|-ability|p1b: Armarouge|Weak Armor|boost\n|-unboost|p1b: Armarouge|def|1\n|-boost|p1b: Armarouge|spe|2\n|\n|t:|1719377125\n|switch|p2a: Lunala|Lunala, L50|100\/100|[from] U-turn\n|\n|-heal|p1b: Armarouge|82\/100|[from] Grassy Terrain\n|-heal|p2b: Walking Wake|80\/100|[from] Grassy Terrain\n|upkeep\n|\n|t:|1719377128\n|switch|p1a: Indeedee|Indeedee, L50, M|100\/100\n|-fieldstart|move: Psychic Terrain|[from] ability: Psychic Surge|[of] p1a: Indeedee\n|turn|3\n|\n|t:|1719377151\n|-end|p2b: Walking Wake|Protosynthesis|[silent]\n|switch|p2b: Rillaboom|Rillaboom, L50, F|25\/100\n|-fieldstart|move: Grassy Terrain|[from] ability: Grassy Surge|[of] p2b: Rillaboom\n|move|p1b: Armarouge|Heat Wave|p2b: Rillaboom|[spread] p2a,p2b\n|-supereffective|p2b: Rillaboom\n|-damage|p2a: Lunala|88\/100\n|-damage|p2b: Rillaboom|0 fnt\n|-status|p2a: Lunala|brn\n|faint|p2b: Rillaboom\n|move|p1a: Indeedee|Trick|p2a: Lunala\n|-activate|p1a: Indeedee|move: Trick|[of] p2a: Lunala\n|-item|p2a: Lunala|Choice Scarf|[from] move: Trick\n|-item|p1a: Indeedee|Leftovers|[from] move: Trick\n|move|p2a: Lunala|Trick Room|p2a: Lunala\n|-fieldstart|move: Trick Room|[of] p2a: Lunala\n|\n|-heal|p2a: Lunala|94\/100 brn|[from] Grassy Terrain\n|-heal|p1b: Armarouge|88\/100|[from] Grassy Terrain\n|-damage|p2a: Lunala|88\/100 brn|[from] brn\n|upkeep\n|\n|t:|1719377165\n|switch|p2b: Amoonguss|Amoonguss, L50, M|100\/100\n|turn|4\n|\n|t:|1719377180\n|switch|p2a: Walking Wake|Walking Wake, L50|80\/100\n|-terastallize|p2b: Amoonguss|Fairy\n|move|p2b: Amoonguss|Spore|p1a: Indeedee\n|-status|p1a: Indeedee|slp|[from] move: Spore\n|cant|p1a: Indeedee|slp\n|move|p1b: Armarouge|Heat Wave|p2a: Walking Wake|[spread] p2a,p2b\n|-resisted|p2a: Walking Wake\n|-damage|p2a: Walking Wake|69\/100\n|-damage|p2b: Amoonguss|73\/100\n|-status|p2a: Walking Wake|brn\n|\n|-heal|p2b: Amoonguss|79\/100|[from] Grassy Terrain\n|-heal|p2a: Walking Wake|75\/100 brn|[from] Grassy Terrain\n|-heal|p1b: Armarouge|94\/100|[from] Grassy Terrain\n|-damage|p2a: Walking Wake|69\/100 brn|[from] brn\n|-sideend|p1: shuijun2\u7535\u9f99\u4fa0|move: Tailwind\n|upkeep\n|turn|5\n|\n|t:|1719377199\n|move|p1b: Armarouge|Protect|p1b: Armarouge\n|-singleturn|p1b: Armarouge|Protect\n|move|p2b: Amoonguss|Spore|p1b: Armarouge\n|-activate|p1b: Armarouge|move: Protect\n|-curestatus|p1a: Indeedee|slp|[msg]\n|move|p1a: Indeedee|Dazzling Gleam|p2b: Amoonguss|[spread] p2a,p2b\n|-supereffective|p2a: Walking Wake\n|-damage|p2a: Walking Wake|23\/100 brn\n|-damage|p2b: Amoonguss|65\/100\n|move|p2a: Walking Wake|Hydro Steam|p1a: Indeedee\n|-damage|p1a: Indeedee|33\/100\n|-damage|p2a: Walking Wake|13\/100 brn|[from] item: Life Orb\n|\n|-heal|p2b: Amoonguss|72\/100|[from] Grassy Terrain\n|-heal|p1a: Indeedee|39\/100|[from] Grassy Terrain\n|-heal|p1a: Indeedee|45\/100|[from] item: Leftovers\n|-heal|p2a: Walking Wake|19\/100 brn|[from] Grassy Terrain\n|-heal|p1b: Armarouge|100\/100|[from] Grassy Terrain\n|-damage|p2a: Walking Wake|13\/100 brn|[from] brn\n|upkeep\n|turn|6\n|\n|t:|1719377219\n|move|p2b: Amoonguss|Pollen Puff|p2a: Walking Wake\n|-heal|p2a: Walking Wake|63\/100 brn\n|move|p1a: Indeedee|Dazzling Gleam|p2b: Amoonguss|[spread] p2a,p2b\n|-supereffective|p2a: Walking Wake\n|-damage|p2a: Walking Wake|17\/100 brn\n|-damage|p2b: Amoonguss|58\/100\n|move|p2a: Walking Wake|Hydro Steam|p1a: Indeedee\n|-damage|p1a: Indeedee|0 fnt\n|faint|p1a: Indeedee\n|-damage|p2a: Walking Wake|7\/100 brn|[from] item: Life Orb\n|move|p1b: Armarouge|Heat Wave|p2a: Walking Wake|[spread] p2a,p2b\n|-resisted|p2a: Walking Wake\n|-damage|p2a: Walking Wake|0 fnt\n|-damage|p2b: Amoonguss|31\/100\n|-status|p2b: Amoonguss|brn\n|faint|p2a: Walking Wake\n|-end|p2a: Walking Wake|Protosynthesis|[silent]\n|\n|-heal|p2b: Amoonguss|37\/100 brn|[from] Grassy Terrain\n|-damage|p2b: Amoonguss|31\/100 brn|[from] brn\n|upkeep\n|\n|t:|1719377235\n|switch|p1a: Zamazenta|Zamazenta-Crowned, L50|100\/100\n|switch|p2a: Lunala|Lunala, L50|88\/100 brn\n|-ability|p1a: Zamazenta|Dauntless Shield|boost\n|-boost|p1a: Zamazenta|def|1\n|turn|7\n|\n|t:|1719377246\n|move|p2b: Amoonguss|Spore|p1a: Zamazenta\n|-status|p1a: Zamazenta|slp|[from] move: Spore\n|move|p2a: Lunala|Moongeist Beam|p1b: Armarouge\n|-supereffective|p1b: Armarouge\n|-damage|p1b: Armarouge|0 fnt\n|faint|p1b: Armarouge\n|cant|p1a: Zamazenta|slp\n|\n|-heal|p2b: Amoonguss|37\/100 brn|[from] Grassy Terrain\n|-heal|p2a: Lunala|94\/100 brn|[from] Grassy Terrain\n|-damage|p2b: Amoonguss|31\/100 brn|[from] brn\n|-damage|p2a: Lunala|88\/100 brn|[from] brn\n|-fieldend|move: Trick Room\n|-fieldend|move: Grassy Terrain\n|upkeep\n|turn|8\n|\n|t:|1719377265\n|-curestatus|p1a: Zamazenta|slp|[msg]\n|move|p1a: Zamazenta|Heavy Slam|p2b: Amoonguss\n|-supereffective|p2b: Amoonguss\n|-damage|p2b: Amoonguss|0 fnt\n|-damage|p1a: Zamazenta|84\/100|[from] item: Rocky Helmet|[of] p2b: Amoonguss\n|faint|p2b: Amoonguss\n|move|p2a: Lunala|Moongeist Beam|p1a: Zamazenta\n|-damage|p1a: Zamazenta|43\/100\n|\n|-damage|p2a: Lunala|82\/100 brn|[from] brn\n|upkeep\n|turn|9\n|\n|t:|1719377273\n|move|p1a: Zamazenta|Heavy Slam|p2a: Lunala\n|-damage|p2a: Lunala|41\/100 brn\n|move|p2a: Lunala|Moongeist Beam|p1a: Zamazenta\n|-damage|p1a: Zamazenta|4\/100\n|\n|-damage|p2a: Lunala|35\/100 brn|[from] brn\n|upkeep\n|turn|10\n|\n|t:|1719377281\n|move|p1a: Zamazenta|Heavy Slam|p2a: Lunala\n|-damage|p2a: Lunala|0 fnt\n|faint|p2a: Lunala\n|\n|win|shuijun2\u7535\u9f99\u4fa0\n|raw|shuijun2\u7535\u9f99\u4fa0's rating: 1726 &rarr; <strong>1745<\/strong><br \/>(+19 for winning)\n|raw|Duryodhan's rating: 1711 &rarr; <strong>1692<\/strong><br \/>(-19 for losing)\n|l|\u2606Duryodhan\n|player|p2|\n|l| blueq0z\n","uploadtime":1719377318,"views":29,"formatid":"gen9vgc2024regg","rating":1692,"private":0,"password":null}