{"id":"gen9vgc2024regg-2150464966","format":"[Gen 9] VGC 2024 Reg G","players":["dvd749","pkmnallrounder"],"log":"|j|\u2606dvd749\n|j|\u2606pkmnallrounder\n|t:|1719419544\n|gametype|doubles\n|player|p1|dvd749|169|1761\n|player|p2|pkmnallrounder|serena|1695\n|teamsize|p1|6\n|teamsize|p2|6\n|gen|9\n|tier|[Gen 9] VGC 2024 Reg G\n|rated|\n|rule|Species Clause: Limit one of each Pok\u00e9mon\n|rule|Item Clause: Limit one of each item\n|clearpoke\n|poke|p1|Amoonguss, L50, M|\n|poke|p1|Terapagos, L50, M|\n|poke|p1|Urshifu-*, L50, M|\n|poke|p1|Incineroar, L50, F|\n|poke|p1|Rillaboom, L50, F|\n|poke|p1|Scream Tail, L50|\n|poke|p2|Skeledirge, L50, M|\n|poke|p2|Rillaboom, L50, M|\n|poke|p2|Grimmsnarl, L50, M|\n|poke|p2|Empoleon, L50, M|\n|poke|p2|Urshifu-*, L50, M|\n|poke|p2|Terapagos, L50, M|\n|teampreview|4\ndvd749 has agreed to open team sheets.\n|inactive|Battle timer is ON: inactive players will automatically lose when time's up. (requested by pkmnallrounder)\n|\n|t:|1719419586\n|start\n|switch|p1a: Urshifu|Urshifu-Rapid-Strike, L50, M|100\/100\n|switch|p1b: Terapagos|Terapagos, L50, M|100\/100\n|switch|p2a: Empoleon|Empoleon, L50, M|100\/100\n|switch|p2b: Skeledirge|Skeledirge, L50, M|100\/100\n|-activate|p1b: Terapagos|ability: Tera Shift\n|detailschange|p1b: Terapagos|Terapagos-Terastal, L50, M\n|-heal|p1b: Terapagos|100\/100|[silent]\n|turn|1\n|inactive|dvd749 has 30 seconds left.\n|\n|t:|1719419616\n|switch|p2b: Rillaboom|Rillaboom, L50, M|100\/100\n|-fieldstart|move: Grassy Terrain|[from] ability: Grassy Surge|[of] p2b: Rillaboom\n|move|p1a: Urshifu|U-turn|p2b: Rillaboom\n|-supereffective|p2b: Rillaboom\n|-damage|p2b: Rillaboom|49\/100\n|\n|t:|1719419625\n|switch|p1a: Scream Tail|Scream Tail, L50|100\/100|[from] U-turn\n|-enditem|p1a: Scream Tail|Booster Energy\n|-activate|p1a: Scream Tail|ability: Protosynthesis|[fromitem]\n|-start|p1a: Scream Tail|protosynthesisspe\n|move|p1b: Terapagos|Calm Mind|p1b: Terapagos\n|-boost|p1b: Terapagos|spa|1\n|-boost|p1b: Terapagos|spd|1\n|move|p2a: Empoleon|Flash Cannon|p1b: Terapagos\n|-activate|p1b: Terapagos|ability: Tera Shell\n|-resisted|p1b: Terapagos\n|-damage|p1b: Terapagos|90\/100\n|\n|-heal|p2b: Rillaboom|55\/100|[from] Grassy Terrain\n|-heal|p1b: Terapagos|96\/100|[from] Grassy Terrain\n|-heal|p1b: Terapagos|100\/100|[from] item: Leftovers\n|upkeep\n|turn|2\n|inactive|dvd749 has 30 seconds left.\n|inactive|dvd749 has 20 seconds left.\n|inactive|dvd749 has 15 seconds left.\n|\n|t:|1719419666\n|move|p2b: Rillaboom|Fake Out|p1b: Terapagos\n|-activate|p1b: Terapagos|ability: Tera Shell\n|-resisted|p1b: Terapagos\n|-damage|p1b: Terapagos|95\/100\n|move|p1a: Scream Tail|Disable|p2a: Empoleon\n|-start|p2a: Empoleon|Disable|Flash Cannon\n|cant|p1b: Terapagos|flinch\n|cant|p2a: Empoleon|Disable|Flash Cannon\n|\n|-heal|p2b: Rillaboom|61\/100|[from] Grassy Terrain\n|-heal|p1b: Terapagos|100\/100|[from] Grassy Terrain\n|upkeep\n|turn|3\n|\n|t:|1719419687\n|switch|p2b: Skeledirge|Skeledirge, L50, M|100\/100\n|move|p1a: Scream Tail|Encore||[still]\n|-fail|p1a: Scream Tail\n|move|p1b: Terapagos|Earth Power|p2a: Empoleon\n|-supereffective|p2a: Empoleon\n|-damage|p2a: Empoleon|30\/100\n|-unboost|p2a: Empoleon|spd|1\n|-ability|p2a: Empoleon|Competitive|boost\n|-boost|p2a: Empoleon|spa|2\n|-enditem|p2a: Empoleon|Sitrus Berry|[eat]\n|-heal|p2a: Empoleon|55\/100|[from] item: Sitrus Berry\n|move|p2a: Empoleon|Ice Beam|p1b: Terapagos\n|-activate|p1b: Terapagos|ability: Tera Shell\n|-resisted|p1b: Terapagos\n|-damage|p1b: Terapagos|83\/100\n|\n|-heal|p1b: Terapagos|90\/100|[from] Grassy Terrain\n|-heal|p1b: Terapagos|96\/100|[from] item: Leftovers\n|-heal|p2a: Empoleon|61\/100|[from] Grassy Terrain\n|upkeep\n|turn|4\n|inactive|dvd749 has 30 seconds left.\n|inactive|dvd749 has 20 seconds left.\n|inactive|dvd749 has 15 seconds left.\n|inactive|dvd749 has 10 seconds left.\n|\n|t:|1719419733\n|-terastallize|p1b: Terapagos|Stellar\n|detailschange|p1b: Terapagos|Terapagos-Stellar, L50, M, tera:Stellar\n|-heal|p1b: Terapagos|97\/100|[silent]\n|-ability|p1b: Terapagos|Teraform Zero\n|-fieldend|move: Grassy Terrain\n|move|p1a: Scream Tail|Protect|p1a: Scream Tail\n|-singleturn|p1a: Scream Tail|Protect\n|move|p1b: Terapagos|Tera Starstorm|p2a: Empoleon|[spread] p2a,p2b\n|-damage|p2a: Empoleon|0 fnt\n|-damage|p2b: Skeledirge|64\/100\n|faint|p2a: Empoleon\n|move|p2b: Skeledirge|Torch Song|p1b: Terapagos\n|-damage|p1b: Terapagos|73\/100\n|-boost|p2b: Skeledirge|spa|1\n|\n|-heal|p1b: Terapagos|79\/100|[from] item: Leftovers\n|upkeep\n|\n|t:|1719419744\n|switch|p2a: Terapagos|Terapagos, L50, M|100\/100\n|-activate|p2a: Terapagos|ability: Tera Shift\n|detailschange|p2a: Terapagos|Terapagos-Terastal, L50, M\n|-heal|p2a: Terapagos|100\/100|[silent]\n|turn|5\n|\n|t:|1719419758\n|move|p1a: Scream Tail|Disable|p2b: Skeledirge\n|-start|p2b: Skeledirge|Disable|Torch Song\n|move|p1b: Terapagos|Calm Mind|p1b: Terapagos\n|-boost|p1b: Terapagos|spa|1\n|-boost|p1b: Terapagos|spd|1\n|move|p2a: Terapagos|Calm Mind|p2a: Terapagos\n|-boost|p2a: Terapagos|spa|1\n|-boost|p2a: Terapagos|spd|1\n|move|p2b: Skeledirge|Shadow Ball|p1a: Scream Tail\n|-supereffective|p1a: Scream Tail\n|-damage|p1a: Scream Tail|19\/100\n|\n|-heal|p1b: Terapagos|86\/100|[from] item: Leftovers\n|upkeep\n|turn|6\n|inactive|dvd749 has 30 seconds left.\n|\n|t:|1719419784\n|move|p1a: Scream Tail|Protect|p1a: Scream Tail\n|-singleturn|p1a: Scream Tail|Protect\n|move|p2a: Terapagos|Protect|p2a: Terapagos\n|-singleturn|p2a: Terapagos|Protect\n|move|p1b: Terapagos|Tera Starstorm|p2b: Skeledirge|[spread] p2b\n|-activate|p2a: Terapagos|move: Protect\n|-damage|p2b: Skeledirge|31\/100\n|move|p2b: Skeledirge|Shadow Ball|p1a: Scream Tail\n|-activate|p1a: Scream Tail|move: Protect\n|\n|-heal|p1b: Terapagos|92\/100|[from] item: Leftovers\n|upkeep\n|turn|7\n|\n|t:|1719419800\n|move|p2a: Terapagos|Protect||[still]\n|-fail|p2a: Terapagos\n|move|p1a: Scream Tail|Encore|p2a: Terapagos\n|-start|p2a: Terapagos|Encore\n|move|p1b: Terapagos|Tera Starstorm|p2a: Terapagos|[spread] p2a,p2b\n|-activate|p2a: Terapagos|ability: Tera Shell\n|-resisted|p2a: Terapagos\n|-damage|p2a: Terapagos|79\/100\n|-damage|p2b: Skeledirge|0 fnt\n|faint|p2b: Skeledirge\n|\n|-heal|p1b: Terapagos|98\/100|[from] item: Leftovers\n|-heal|p2a: Terapagos|85\/100|[from] item: Leftovers\n|upkeep\n|\n|t:|1719419803\n|switch|p2b: Rillaboom|Rillaboom, L50, M|61\/100\n|-fieldstart|move: Grassy Terrain|[from] ability: Grassy Surge|[of] p2b: Rillaboom\n|turn|8\n|j| chuanOVO\n|\n|t:|1719419826\n|-end|p1a: Scream Tail|Protosynthesis|[silent]\n|switch|p1a: Incineroar|Incineroar, L50, F|100\/100\n|-ability|p1a: Incineroar|Intimidate|boost\n|-unboost|p2a: Terapagos|atk|1\n|-unboost|p2b: Rillaboom|atk|1\n|move|p2a: Terapagos|Protect|p2a: Terapagos\n|-singleturn|p2a: Terapagos|Protect\n|move|p2b: Rillaboom|Fake Out|p1b: Terapagos\n|-damage|p1b: Terapagos|93\/100\n|cant|p1b: Terapagos|flinch\n|\n|-heal|p2b: Rillaboom|67\/100|[from] Grassy Terrain\n|-heal|p1b: Terapagos|99\/100|[from] Grassy Terrain\n|-heal|p1b: Terapagos|100\/100|[from] item: Leftovers\n|-heal|p2a: Terapagos|91\/100|[from] Grassy Terrain\n|-heal|p2a: Terapagos|97\/100|[from] item: Leftovers\n|upkeep\n|turn|9\n|inactive|dvd749 has 30 seconds left.\n|\n|t:|1719419858\n|move|p2a: Terapagos|Protect|p2a: Terapagos\n|-singleturn|p2a: Terapagos|Protect\n|move|p2b: Rillaboom|Wood Hammer|p1b: Terapagos\n|-damage|p1b: Terapagos|66\/100\n|-damage|p2b: Rillaboom|52\/100|[from] Recoil\n|move|p1b: Terapagos|Tera Starstorm|p2a: Terapagos|[spread] p2b\n|-activate|p2a: Terapagos|move: Protect\n|-damage|p2b: Rillaboom|0 fnt\n|faint|p2b: Rillaboom\n|move|p1a: Incineroar|Knock Off|p2a: Terapagos\n|-activate|p2a: Terapagos|move: Protect\n|\n|-heal|p1b: Terapagos|72\/100|[from] Grassy Terrain\n|-heal|p1b: Terapagos|79\/100|[from] item: Leftovers\n|-heal|p2a: Terapagos|100\/100|[from] Grassy Terrain\n|upkeep\n|turn|10\n|-message|pkmnallrounder forfeited.\n|\n|win|dvd749\n|raw|dvd749's rating: 1761 &rarr; <strong>1777<\/strong><br \/>(+16 for winning)\n|raw|pkmnallrounder's rating: 1695 &rarr; <strong>1679<\/strong><br \/>(-16 for losing)\n|l|\u2606pkmnallrounder\n|player|p2|\n|l|\u2606dvd749\n|player|p1|\n","uploadtime":1719420017,"views":17,"formatid":"gen9vgc2024regg","rating":1679,"private":0,"password":null}