{"id":"gen9vgc2024regg-2150510467","format":"[Gen 9] VGC 2024 Reg G","players":["Therazer456","dathluke2"],"log":"|j|\u2606Therazer456\n|j|\u2606dathluke2\n|t:|1719424528\n|gametype|doubles\n|player|p1|Therazer456|ghetsis|1696\n|player|p2|dathluke2|pokekid|1780\n|teamsize|p1|6\n|teamsize|p2|6\n|gen|9\n|tier|[Gen 9] VGC 2024 Reg G\n|rated|\n|rule|Species Clause: Limit one of each Pok\u00e9mon\n|rule|Item Clause: Limit one of each item\n|clearpoke\n|poke|p1|Lunala, L50|\n|poke|p1|Landorus-Therian, L50, M|\n|poke|p1|Amoonguss, L50, M|\n|poke|p1|Iron Hands, L50|\n|poke|p1|Farigiraf, L50, F|\n|poke|p1|Suicune, L50|\n|poke|p2|Iron Hands, L50|\n|poke|p2|Calyrex-Ice, L50|\n|poke|p2|Incineroar, L50, M|\n|poke|p2|Amoonguss, L50, M|\n|poke|p2|Urshifu-*, L50, F|\n|poke|p2|Flutter Mane, L50|\n|teampreview|4\n|inactive|Battle timer is ON: inactive players will automatically lose when time's up. (requested by dathluke2)\n|\n|t:|1719424581\n|start\n|switch|p1a: Tarantula|Lunala, L50|100\/100\n|switch|p1b: Carina|Landorus-Therian, L50, M|100\/100\n|switch|p2a: Flutter Mane|Flutter Mane, L50|100\/100\n|switch|p2b: Urshifu|Urshifu, L50, F|100\/100\n|-ability|p1b: Carina|Intimidate|boost\n|-unboost|p2a: Flutter Mane|atk|1\n|-unboost|p2b: Urshifu|atk|1\n|-enditem|p2a: Flutter Mane|Booster Energy\n|-activate|p2a: Flutter Mane|ability: Protosynthesis|[fromitem]\n|-start|p2a: Flutter Mane|protosynthesisspe\n|turn|1\n|j| seele1bansh\n|j| chuanOVO\n|inactive|Therazer456 has 30 seconds left.\n|inactive|Therazer456 has 20 seconds left.\n|\n|t:|1719424619\n|-terastallize|p1a: Tarantula|Fairy\n|move|p2a: Flutter Mane|Protect|p2a: Flutter Mane\n|-singleturn|p2a: Flutter Mane|Protect\n|move|p2b: Urshifu|Detect|p2b: Urshifu\n|-singleturn|p2b: Urshifu|Protect\n|move|p1b: Carina|U-turn|p2b: Urshifu\n|-activate|p2b: Urshifu|move: Protect\n|move|p1a: Tarantula|Calm Mind|p1a: Tarantula\n|-boost|p1a: Tarantula|spa|1\n|-boost|p1a: Tarantula|spd|1\n|\n|upkeep\n|turn|2\n|\n|t:|1719424631\n|move|p2a: Flutter Mane|Thunder Wave|p1a: Tarantula\n|-status|p1a: Tarantula|par\n|move|p2b: Urshifu|Wicked Blow|p1b: Carina\n|-crit|p1b: Carina\n|-damage|p1b: Carina|31\/100\n|move|p1b: Carina|U-turn|p2b: Urshifu\n|-damage|p2b: Urshifu|64\/100\n|\n|t:|1719424651\n|switch|p1b: Medusa|Farigiraf, L50, F|100\/100|[from] U-turn\n|cant|p1a: Tarantula|par\n|\n|upkeep\n|turn|3\n|\n|t:|1719424662\n|switch|p1b: Jupiter|Iron Hands, L50|100\/100\n|move|p2a: Flutter Mane|Moonblast|p1a: Tarantula\n|-damage|p1a: Tarantula|91\/100 par\n|move|p2b: Urshifu|Wicked Blow|p1b: Jupiter\n|-resisted|p1b: Jupiter\n|-crit|p1b: Jupiter\n|-damage|p1b: Jupiter|78\/100\n|cant|p1a: Tarantula|par\n|\n|-heal|p1a: Tarantula|97\/100 par|[from] item: Leftovers\n|upkeep\n|turn|4\n|\n|t:|1719424673\n|move|p2b: Urshifu|Detect|p2b: Urshifu\n|-singleturn|p2b: Urshifu|Protect\n|move|p2a: Flutter Mane|Moonblast|p1b: Jupiter\n|-supereffective|p1b: Jupiter\n|-damage|p1b: Jupiter|32\/100\n|-unboost|p1b: Jupiter|spa|1\n|move|p1b: Jupiter|Drain Punch|p2b: Urshifu\n|-activate|p2b: Urshifu|move: Protect\n|move|p1a: Tarantula|Moongeist Beam|p2a: Flutter Mane\n|-supereffective|p2a: Flutter Mane\n|-damage|p2a: Flutter Mane|0 fnt\n|faint|p2a: Flutter Mane\n|-end|p2a: Flutter Mane|Protosynthesis|[silent]\n|\n|-heal|p1a: Tarantula|100\/100 par|[from] item: Leftovers\n|upkeep\n|\n|t:|1719424693\n|switch|p2a: Calyrex|Calyrex-Ice, L50|100\/100\n|-ability|p2a: Calyrex|As One\n|-ability|p2a: Calyrex|Unnerve\n|turn|5\n|\n|t:|1719424703\n|switch|p2b: Iron Hands|Iron Hands, L50|100\/100\n|-terastallize|p2a: Calyrex|Fire\n|move|p1b: Jupiter|Drain Punch|p2b: Iron Hands\n|-damage|p2b: Iron Hands|71\/100\n|-heal|p1b: Jupiter|47\/100|[from] drain|[of] p2b: Iron Hands\n|move|p2a: Calyrex|Glacial Lance|p1a: Tarantula|[spread] p1a,p1b\n|-damage|p1a: Tarantula|76\/100 par\n|-damage|p1b: Jupiter|4\/100\n|move|p1a: Tarantula|Moongeist Beam|p2a: Calyrex\n|-damage|p2a: Calyrex|49\/100\n|\n|-heal|p1a: Tarantula|82\/100 par|[from] item: Leftovers\n|upkeep\n|turn|6\n|\n|t:|1719424720\n|-end|p1b: Jupiter|Quark Drive|[silent]\n|switch|p1b: Medusa|Farigiraf, L50, F|100\/100\n|move|p2b: Iron Hands|Fake Out||[still]\n|cant|p1b: Medusa|ability: Armor Tail|Fake Out|[of] p2b: Iron Hands\n|move|p2a: Calyrex|Glacial Lance|p1a: Tarantula|[spread] p1a,p1b\n|-damage|p1a: Tarantula|40\/100 par\n|-damage|p1b: Medusa|46\/100\n|move|p1a: Tarantula|Moongeist Beam|p2a: Calyrex\n|-damage|p2a: Calyrex|0 fnt\n|faint|p2a: Calyrex\n|\n|-heal|p1a: Tarantula|46\/100 par|[from] item: Leftovers\n|upkeep\n|\n|t:|1719424725\n|switch|p2a: Urshifu|Urshifu, L50, F|64\/100\n|turn|7\n|j| ok3rd\n|l| ok3rd\n|\n|t:|1719424738\n|switch|p1b: Carina|Landorus-Therian, L50, M|31\/100\n|-ability|p1b: Carina|Intimidate|boost\n|-unboost|p2a: Urshifu|atk|1\n|-unboost|p2b: Iron Hands|atk|1\n|move|p2a: Urshifu|Detect|p2a: Urshifu\n|-singleturn|p2a: Urshifu|Protect\n|move|p2b: Iron Hands|Wild Charge|p1a: Tarantula\n|-damage|p1a: Tarantula|23\/100 par\n|-damage|p2b: Iron Hands|64\/100|[from] Recoil\n|cant|p1a: Tarantula|par\n|\n|-heal|p1a: Tarantula|29\/100 par|[from] item: Leftovers\n|upkeep\n|turn|8\n|j| ok3rd\n|l| ok3rd\n|\n|t:|1719424752\n|switch|p1b: Jupiter|Iron Hands, L50|4\/100\n|move|p2a: Urshifu|Wicked Blow|p1b: Jupiter\n|-resisted|p1b: Jupiter\n|-crit|p1b: Jupiter\n|-damage|p1b: Jupiter|0 fnt\n|faint|p1b: Jupiter\n|-end|p1b: Jupiter|Quark Drive|[silent]\n|move|p2b: Iron Hands|Wild Charge|p1a: Tarantula\n|-damage|p1a: Tarantula|2\/100 par\n|-damage|p2b: Iron Hands|57\/100|[from] Recoil\n|move|p1a: Tarantula|Moonblast|p2b: Iron Hands\n|-supereffective|p2b: Iron Hands\n|-damage|p2b: Iron Hands|0 fnt\n|faint|p2b: Iron Hands\n|-end|p2b: Iron Hands|Quark Drive|[silent]\n|\n|-heal|p1a: Tarantula|8\/100 par|[from] item: Leftovers\n|upkeep\n|j| ok3rd\n|\n|t:|1719424761\n|switch|p1b: Medusa|Farigiraf, L50, F|46\/100\n|turn|9\n|l| ok3rd\n|\n|t:|1719424766\n|move|p2a: Urshifu|Wicked Blow|p1a: Tarantula\n|-resisted|p1a: Tarantula\n|-crit|p1a: Tarantula\n|-damage|p1a: Tarantula|0 fnt\n|faint|p1a: Tarantula\n|move|p1b: Medusa|Tera Blast|p2a: Urshifu\n|-damage|p2a: Urshifu|19\/100\n|\n|upkeep\n|\n|t:|1719424786\n|switch|p1a: Carina|Landorus-Therian, L50, M|31\/100\n|-ability|p1a: Carina|Intimidate|boost\n|-unboost|p2a: Urshifu|atk|1\n|turn|10\n|\n|t:|1719424792\n|move|p2a: Urshifu|Wicked Blow|p1b: Medusa\n|-supereffective|p1b: Medusa\n|-crit|p1b: Medusa\n|-damage|p1b: Medusa|0 fnt\n|faint|p1b: Medusa\n|move|p1a: Carina|Stomping Tantrum|p2a: Urshifu\n|-damage|p2a: Urshifu|0 fnt\n|faint|p2a: Urshifu\n|\n|win|Therazer456\n|raw|Therazer456's rating: 1672 &rarr; <strong>1698<\/strong><br \/>(+26 for winning)\n|raw|dathluke2's rating: 1780 &rarr; <strong>1754<\/strong><br \/>(-26 for losing)\n|l|\u2606Therazer456\n|player|p1|\n|l|\u2606dathluke2\n|player|p2|\n|l| chuanOVO\n|l| seele1bansh\n","uploadtime":1719424948,"views":56,"formatid":"gen9vgc2024regg","rating":1698,"private":0,"password":null}