{"id":"gen9vgc2024regg-2150600715","format":"[Gen 9] VGC 2024 Reg G","players":["Therazer456","nickfanta"],"log":"|j|\u2606Therazer456\n|j|\u2606nickfanta\n|t:|1719434488\n|gametype|doubles\n|player|p1|Therazer456|ghetsis|1787\n|player|p2|nickfanta|lucas|1718\n|teamsize|p1|6\n|teamsize|p2|6\n|gen|9\n|tier|[Gen 9] VGC 2024 Reg G\n|rated|\n|rule|Species Clause: Limit one of each Pok\u00e9mon\n|rule|Item Clause: Limit one of each item\n|clearpoke\n|poke|p1|Lunala, L50|\n|poke|p1|Landorus-Therian, L50, M|\n|poke|p1|Amoonguss, L50, F|\n|poke|p1|Iron Hands, L50|\n|poke|p1|Farigiraf, L50, F|\n|poke|p1|Suicune, L50|\n|poke|p2|Zamazenta-*, L50|\n|poke|p2|Flutter Mane, L50|\n|poke|p2|Thundurus, L50, M|\n|poke|p2|Rillaboom, L50, F|\n|poke|p2|Tyranitar, L50, M|\n|poke|p2|Chien-Pao, L50|\n|teampreview|4\n|inactive|Battle timer is ON: inactive players will automatically lose when time's up. (requested by nickfanta)\n|inactive|nickfanta has 60 seconds left.\n|inactive|nickfanta has 30 seconds left.\n|inactive|nickfanta has 20 seconds left.\n|inactive|nickfanta has 15 seconds left.\n|\n|t:|1719434569\n|start\n|switch|p1a: Tarantula|Lunala, L50|100\/100\n|switch|p1b: Carina|Landorus-Therian, L50, M|100\/100\n|switch|p2a: Thundurus|Thundurus, L50, M|100\/100\n|switch|p2b: Flutter Mane|Flutter Mane, L50|100\/100\n|-ability|p1b: Carina|Intimidate|boost\n|-unboost|p2a: Thundurus|atk|1\n|-unboost|p2b: Flutter Mane|atk|1\n|-enditem|p2b: Flutter Mane|Booster Energy\n|-activate|p2b: Flutter Mane|ability: Protosynthesis|[fromitem]\n|-start|p2b: Flutter Mane|protosynthesisspe\n|turn|1\n|\n|t:|1719434587\n|move|p1a: Tarantula|Protect|p1a: Tarantula\n|-singleturn|p1a: Tarantula|Protect\n|move|p2a: Thundurus|Eerie Impulse|p1a: Tarantula\n|-activate|p1a: Tarantula|move: Protect\n|move|p2b: Flutter Mane|Icy Wind|p1a: Tarantula|[spread] p1b\n|-activate|p1a: Tarantula|move: Protect\n|-supereffective|p1b: Carina\n|-damage|p1b: Carina|45\/100\n|-unboost|p1b: Carina|spe|1\n|move|p1b: Carina|Stomping Tantrum|p2b: Flutter Mane\n|-damage|p2b: Flutter Mane|0 fnt\n|faint|p2b: Flutter Mane\n|-end|p2b: Flutter Mane|Protosynthesis|[silent]\n|\n|upkeep\n|\n|t:|1719434611\n|switch|p2b: Zamazenta|Zamazenta-Crowned, L50|100\/100\n|-ability|p2b: Zamazenta|Dauntless Shield|boost\n|-boost|p2b: Zamazenta|def|1\n|turn|2\n|inactive|Therazer456 has 30 seconds left.\n|\n|t:|1719434636\n|switch|p1b: Jupiter|Iron Hands, L50|100\/100\n|move|p2b: Zamazenta|Protect|p2b: Zamazenta\n|-singleturn|p2b: Zamazenta|Protect\n|move|p2a: Thundurus|Eerie Impulse|p1a: Tarantula\n|-unboost|p1a: Tarantula|spa|2\n|move|p1a: Tarantula|Calm Mind|p1a: Tarantula\n|-boost|p1a: Tarantula|spa|1\n|-boost|p1a: Tarantula|spd|1\n|\n|upkeep\n|turn|3\n|\n|t:|1719434653\n|-terastallize|p2b: Zamazenta|Fairy\n|move|p1b: Jupiter|Fake Out|p2b: Zamazenta\n|-damage|p2b: Zamazenta|95\/100\n|move|p2a: Thundurus|Taunt|p1a: Tarantula\n|-start|p1a: Tarantula|move: Taunt\n|cant|p2b: Zamazenta|flinch\n|move|p1a: Tarantula|Moongeist Beam|p2a: Thundurus\n|-damage|p2a: Thundurus|56\/100\n|\n|upkeep\n|turn|4\n|\n|t:|1719434666\n|switch|p1a: Saturn|Suicune, L50|100\/100\n|move|p2a: Thundurus|Eerie Impulse|p1a: Saturn\n|-unboost|p1a: Saturn|spa|2\n|move|p2b: Zamazenta|Iron Defense|p2b: Zamazenta\n|-boost|p2b: Zamazenta|def|2\n|move|p1b: Jupiter|Wild Charge|p2a: Thundurus\n|-damage|p2a: Thundurus|0 fnt\n|faint|p2a: Thundurus\n|-damage|p1b: Jupiter|90\/100|[from] Recoil\n|\n|upkeep\n|\n|t:|1719434671\n|switch|p2a: Tyranitar|Tyranitar, L50, M|100\/100\n|-weather|Sandstorm|[from] ability: Sand Stream|[of] p2a: Tyranitar\n|turn|5\n|\n|t:|1719434686\n|move|p2b: Zamazenta|Body Press|p1a: Saturn\n|-damage|p1a: Saturn|26\/100\n|-enditem|p1a: Saturn|Sitrus Berry|[eat]\n|-heal|p1a: Saturn|51\/100|[from] item: Sitrus Berry\n|move|p1a: Saturn|Scald|p2b: Zamazenta\n|-damage|p2b: Zamazenta|85\/100\n|move|p2a: Tyranitar|Knock Off|p1b: Jupiter\n|-resisted|p1b: Jupiter\n|-damage|p1b: Jupiter|72\/100\n|-enditem|p1b: Jupiter|Assault Vest|[from] move: Knock Off|[of] p2a: Tyranitar\n|move|p1b: Jupiter|Drain Punch|p2a: Tyranitar\n|-supereffective|p2a: Tyranitar\n|-damage|p2a: Tyranitar|0 fnt\n|-heal|p1b: Jupiter|100\/100|[from] drain|[of] p2a: Tyranitar\n|faint|p2a: Tyranitar\n|\n|-weather|Sandstorm|[upkeep]\n|-damage|p2b: Zamazenta|79\/100|[from] Sandstorm\n|-damage|p1a: Saturn|45\/100|[from] Sandstorm\n|-damage|p1b: Jupiter|95\/100|[from] Sandstorm\n|upkeep\n|turn|6\n|inactive|Therazer456 has 30 seconds left.\n|\n|t:|1719434717\n|-end|p1b: Jupiter|Quark Drive|[silent]\n|switch|p1b: Carina|Landorus-Therian, L50, M|45\/100\n|-ability|p1b: Carina|Intimidate|boost\n|-unboost|p2b: Zamazenta|atk|1\n|move|p2b: Zamazenta|Body Press|p1b: Carina\n|-resisted|p1b: Carina\n|-damage|p1b: Carina|0 fnt\n|faint|p1b: Carina\n|move|p1a: Saturn|Scald|p2b: Zamazenta\n|-damage|p2b: Zamazenta|69\/100\n|-status|p2b: Zamazenta|brn\n|\n|-weather|Sandstorm|[upkeep]\n|-damage|p2b: Zamazenta|63\/100 brn|[from] Sandstorm\n|-damage|p1a: Saturn|39\/100|[from] Sandstorm\n|-damage|p2b: Zamazenta|57\/100 brn|[from] brn\n|upkeep\n|\n|t:|1719434723\n|switch|p1b: Tarantula|Lunala, L50|100\/100\n|turn|7\n|\n|t:|1719434729\n|switch|p1a: Jupiter|Iron Hands, L50|95\/100\n|move|p2b: Zamazenta|Body Press|p1a: Jupiter\n|-damage|p1a: Jupiter|58\/100\n|move|p1b: Tarantula|Calm Mind|p1b: Tarantula\n|-boost|p1b: Tarantula|spa|1\n|-boost|p1b: Tarantula|spd|1\n|\n|-weather|Sandstorm|[upkeep]\n|-damage|p2b: Zamazenta|51\/100 brn|[from] Sandstorm\n|-damage|p1b: Tarantula|94\/100|[from] Sandstorm\n|-damage|p1a: Jupiter|52\/100|[from] Sandstorm\n|-heal|p1b: Tarantula|100\/100|[from] item: Leftovers\n|-damage|p2b: Zamazenta|45\/100 brn|[from] brn\n|upkeep\n|turn|8\n|-message|nickfanta forfeited.\n|\n|win|Therazer456\n|raw|Therazer456's rating: 1759 &rarr; <strong>1777<\/strong><br \/>(+18 for winning)\n|raw|nickfanta's rating: 1718 &rarr; <strong>1700<\/strong><br \/>(-18 for losing)\n|l|\u2606nickfanta\n|player|p2|\n|l|\u2606Therazer456\n|player|p1|\n","uploadtime":1719434977,"views":23,"formatid":"gen9vgc2024regg","rating":1700,"private":0,"password":null}