{"id":"gen9vgc2024regg-2150468218","format":"[Gen 9] VGC 2024 Reg G","players":["testing_chue","dvd749"],"log":"|j|\u2606testing_chue\n|j|\u2606dvd749\n|t:|1719419901\n|gametype|doubles\n|player|p1|testing_chue|doctor|1712\n|player|p2|dvd749|169|1777\n|teamsize|p1|6\n|teamsize|p2|6\n|gen|9\n|tier|[Gen 9] VGC 2024 Reg G\n|rated|\n|rule|Species Clause: Limit one of each Pok\u00e9mon\n|rule|Item Clause: Limit one of each item\n|clearpoke\n|poke|p1|Calyrex-Ice, L50|\n|poke|p1|Alcremie-Salted-Cream, L50, F|\n|poke|p1|Smeargle, L50, M|\n|poke|p1|Ursaluna-Bloodmoon, L50, M|\n|poke|p1|Indeedee-F, L50, F|\n|poke|p1|Urshifu-*, L50, M|\n|poke|p2|Amoonguss, L50, M|\n|poke|p2|Terapagos, L50, M|\n|poke|p2|Urshifu-*, L50, F|\n|poke|p2|Incineroar, L50, F|\n|poke|p2|Rillaboom, L50, M|\n|poke|p2|Scream Tail, L50|\n|teampreview|4\n|inactive|Battle timer is ON: inactive players will automatically lose when time's up. (requested by testing_chue)\n|inactive|dvd749 has 60 seconds left.\n|\n|t:|1719419963\n|start\n|switch|p1a: Calyrex|Calyrex-Ice, L50|100\/100\n|switch|p1b: Indeedee|Indeedee-F, L50, F|100\/100\n|switch|p2a: Incineroar|Incineroar, L50, F|100\/100\n|switch|p2b: Terapagos|Terapagos, L50, M|100\/100\n|-activate|p2b: Terapagos|ability: Tera Shift\n|detailschange|p2b: Terapagos|Terapagos-Terastal, L50, M\n|-heal|p2b: Terapagos|100\/100|[silent]\n|-ability|p1a: Calyrex|As One\n|-ability|p1a: Calyrex|Unnerve\n|-fieldstart|move: Psychic Terrain|[from] ability: Psychic Surge|[of] p1b: Indeedee\n|-ability|p2a: Incineroar|Intimidate|boost\n|-fail|p1a: Calyrex|unboost|[from] item: Clear Amulet|[of] p1a: Calyrex\n|-unboost|p1b: Indeedee|atk|1\n|turn|1\n|inactive|testing_chue has 30 seconds left.\n|inactive|dvd749 has 30 seconds left.\n|\n|t:|1719419996\n|move|p1a: Calyrex|Protect|p1a: Calyrex\n|-singleturn|p1a: Calyrex|Protect\n|move|p2b: Terapagos|Calm Mind|p2b: Terapagos\n|-boost|p2b: Terapagos|spa|1\n|-boost|p2b: Terapagos|spd|1\n|move|p2a: Incineroar|Knock Off|p1a: Calyrex\n|-activate|p1a: Calyrex|move: Protect\n|move|p1b: Indeedee|Trick Room|p1b: Indeedee\n|-fieldstart|move: Trick Room|[of] p1b: Indeedee\n|\n|upkeep\n|turn|2\n|\n|t:|1719420014\n|switch|p1b: Alcremie|Alcremie-Salted-Cream, L50, F|100\/100\n|-terastallize|p1a: Calyrex|Fire\n|move|p1a: Calyrex|Glacial Lance|p2b: Terapagos|[spread] p2a,p2b\n|-resisted|p2a: Incineroar\n|-activate|p2b: Terapagos|ability: Tera Shell\n|-resisted|p2b: Terapagos\n|-damage|p2a: Incineroar|77\/100\n|-damage|p2b: Terapagos|79\/100\n|move|p2a: Incineroar|Knock Off|p1a: Calyrex\n|-damage|p1a: Calyrex|74\/100\n|-enditem|p1a: Calyrex|Clear Amulet|[from] move: Knock Off|[of] p2a: Incineroar\n|move|p2b: Terapagos|Calm Mind|p2b: Terapagos\n|-boost|p2b: Terapagos|spa|1\n|-boost|p2b: Terapagos|spd|1\n|\n|-heal|p2b: Terapagos|85\/100|[from] item: Leftovers\n|upkeep\n|turn|3\n|inactive|dvd749 has 30 seconds left.\n|\n|t:|1719420043\n|-terastallize|p2b: Terapagos|Stellar\n|detailschange|p2b: Terapagos|Terapagos-Stellar, L50, M, tera:Stellar\n|-heal|p2b: Terapagos|89\/100|[silent]\n|-ability|p2b: Terapagos|Teraform Zero\n|-fieldend|move: Psychic Terrain\n|move|p1b: Alcremie|Encore|p2b: Terapagos\n|-start|p2b: Terapagos|Encore\n|move|p1a: Calyrex|High Horsepower|p2a: Incineroar\n|-supereffective|p2a: Incineroar\n|-damage|p2a: Incineroar|9\/100\n|move|p2a: Incineroar|Parting Shot|p1a: Calyrex\n|-unboost|p1a: Calyrex|atk|1\n|-unboost|p1a: Calyrex|spa|1\n|j| chuanOVO\n|\n|t:|1719420057\n|switch|p2a: Scream Tail|Scream Tail, L50|100\/100|[from] Parting Shot\n|-enditem|p2a: Scream Tail|Booster Energy\n|-activate|p2a: Scream Tail|ability: Protosynthesis|[fromitem]\n|-start|p2a: Scream Tail|protosynthesisspe\n|move|p2b: Terapagos|Calm Mind|p2b: Terapagos\n|-boost|p2b: Terapagos|spa|1\n|-boost|p2b: Terapagos|spd|1\n|\n|-heal|p2b: Terapagos|95\/100|[from] item: Leftovers\n|upkeep\n|turn|4\n|inactive|dvd749 has 30 seconds left.\n|\n|t:|1719420082\n|-end|p2a: Scream Tail|Protosynthesis|[silent]\n|switch|p2a: Incineroar|Incineroar, L50, F|9\/100\n|-ability|p2a: Incineroar|Intimidate|boost\n|-unboost|p1a: Calyrex|atk|1\n|-unboost|p1b: Alcremie|atk|1\n|move|p1a: Calyrex|Protect|p1a: Calyrex\n|-singleturn|p1a: Calyrex|Protect\n|move|p1b: Alcremie|Decorate|p1a: Calyrex\n|-boost|p1a: Calyrex|atk|2\n|-boost|p1a: Calyrex|spa|2\n|move|p2b: Terapagos|Calm Mind|p2b: Terapagos\n|-boost|p2b: Terapagos|spa|1\n|-boost|p2b: Terapagos|spd|1\n|\n|-heal|p2b: Terapagos|100\/100|[from] item: Leftovers\n|upkeep\n|turn|5\n|\n|t:|1719420101\n|switch|p1b: Indeedee|Indeedee-F, L50, F|100\/100\n|-fieldstart|move: Psychic Terrain|[from] ability: Psychic Surge|[of] p1b: Indeedee\n|move|p2a: Incineroar|Fake Out|p1a: Calyrex\n|-activate|p1a: Calyrex|move: Psychic Terrain\n|move|p1a: Calyrex|Glacial Lance|p2a: Incineroar|[spread] p2a,p2b\n|-resisted|p2a: Incineroar\n|-damage|p2a: Incineroar|0 fnt\n|-damage|p2b: Terapagos|64\/100\n|faint|p2a: Incineroar\n|-ability|p1a: Calyrex|Chilling Neigh|boost\n|-boost|p1a: Calyrex|atk|1\n|move|p2b: Terapagos|Calm Mind|p2b: Terapagos\n|-boost|p2b: Terapagos|spa|1\n|-boost|p2b: Terapagos|spd|1\n|\n|-heal|p2b: Terapagos|71\/100|[from] item: Leftovers\n|-end|p2b: Terapagos|Encore\n|-fieldend|move: Trick Room\n|upkeep\n|\n|t:|1719420118\n|switch|p2a: Urshifu|Urshifu-Rapid-Strike, L50, F|100\/100\n|turn|6\n|\n|t:|1719420125\n|switch|p1a: Alcremie|Alcremie-Salted-Cream, L50, F|100\/100\n|move|p2a: Urshifu|Surging Strikes|p1a: Alcremie\n|-crit|p1a: Alcremie\n|-damage|p1a: Alcremie|80\/100\n|-crit|p1a: Alcremie\n|-damage|p1a: Alcremie|59\/100\n|-crit|p1a: Alcremie\n|-damage|p1a: Alcremie|35\/100\n|-hitcount|p1a: Alcremie|3\n|move|p2b: Terapagos|Tera Starstorm|p1a: Alcremie|[spread] p1a,p1b\n|-damage|p1a: Alcremie|0 fnt\n|-damage|p1b: Indeedee|0 fnt\n|faint|p1a: Alcremie\n|faint|p1b: Indeedee\n|\n|-heal|p2b: Terapagos|77\/100|[from] item: Leftovers\n|upkeep\n|-message|testing_chue forfeited.\n|\n|win|dvd749\n|raw|testing_chue's rating: 1712 &rarr; <strong>1696<\/strong><br \/>(-16 for losing)\n|raw|dvd749's rating: 1777 &rarr; <strong>1793<\/strong><br \/>(+16 for winning)\n|l|\u2606testing_chue\n|player|p1|\n|l| chuanOVO\n","uploadtime":1719420292,"views":28,"formatid":"gen9vgc2024regg","rating":1696,"private":0,"password":null}