{"id":"gen9vgc2024regg-2150880753","format":"[Gen 9] VGC 2024 Reg G","players":["pkmnallrounder","scpseptember\u9b3c\u706f"],"log":"|j|\u2606pkmnallrounder\n|j|\u2606scpseptember\u9b3c\u706f\n|t:|1719477874\n|gametype|doubles\n|player|p1|pkmnallrounder|serena|1759\n|player|p2|scpseptember\u9b3c\u706f|266|1678\n|teamsize|p1|6\n|teamsize|p2|6\n|gen|9\n|tier|[Gen 9] VGC 2024 Reg G\n|rated|\n|rule|Species Clause: Limit one of each Pok\u00e9mon\n|rule|Item Clause: Limit one of each item\n|clearpoke\n|poke|p1|Skeledirge, L50, F|\n|poke|p1|Rillaboom, L50, M|\n|poke|p1|Grimmsnarl, L50, M|\n|poke|p1|Urshifu-*, L50, F|\n|poke|p1|Terapagos, L50, M|\n|poke|p1|Milotic, L50, F|\n|poke|p2|Urshifu-*, L50, F|\n|poke|p2|Flutter Mane, L50|\n|poke|p2|Raging Bolt, L50|\n|poke|p2|Amoonguss, L50, F|\n|poke|p2|Incineroar, L50, F|\n|poke|p2|Terapagos, L50, M|\n|teampreview|4\n|inactive|Battle timer is ON: inactive players will automatically lose when time's up. (requested by scpseptember\u9b3c\u706f)\nscpseptember\u9b3c\u706f rejected open team sheets.\n|\n|t:|1719477906\n|start\n|switch|p1a: Milotic|Milotic, L50, F|100\/100\n|switch|p1b: Rillaboom|Rillaboom, L50, M|100\/100\n|switch|p2a: Incineroar|Incineroar, L50, F|100\/100\n|switch|p2b: Terapagos|Terapagos, L50, M|100\/100\n|-activate|p2b: Terapagos|ability: Tera Shift\n|detailschange|p2b: Terapagos|Terapagos-Terastal, L50, M\n|-heal|p2b: Terapagos|100\/100|[silent]\n|-fieldstart|move: Grassy Terrain|[from] ability: Grassy Surge|[of] p1b: Rillaboom\n|-ability|p2a: Incineroar|Intimidate|boost\n|-unboost|p1a: Milotic|atk|1\n|-ability|p1a: Milotic|Competitive|boost\n|-boost|p1a: Milotic|spa|2\n|-unboost|p1b: Rillaboom|atk|1\n|turn|1\n|\n|t:|1719477928\n|move|p1b: Rillaboom|Fake Out|p2a: Incineroar\n|-damage|p2a: Incineroar|93\/100\n|cant|p2a: Incineroar|flinch\n|move|p2b: Terapagos|Calm Mind|p2b: Terapagos\n|-boost|p2b: Terapagos|spa|1\n|-boost|p2b: Terapagos|spd|1\n|move|p1a: Milotic|Scald|p2a: Incineroar\n|-supereffective|p2a: Incineroar\n|-damage|p2a: Incineroar|0 fnt\n|faint|p2a: Incineroar\n|\n|upkeep\n|\n|t:|1719477936\n|switch|p2a: Amoonguss|Amoonguss, L50, F|100\/100\n|turn|2\n|\n|t:|1719477941\n|move|p2b: Terapagos|Protect|p2b: Terapagos\n|-singleturn|p2b: Terapagos|Protect\n|move|p1b: Rillaboom|U-turn|p2a: Amoonguss\n|-damage|p2a: Amoonguss|81\/100\n|-damage|p1b: Rillaboom|84\/100|[from] item: Rocky Helmet|[of] p2a: Amoonguss\n|\n|t:|1719477948\n|switch|p1b: Terapagos|Terapagos, L50, M|100\/100|[from] U-turn\n|-activate|p1b: Terapagos|ability: Tera Shift\n|detailschange|p1b: Terapagos|Terapagos-Terastal, L50, M\n|-heal|p1b: Terapagos|100\/100|[silent]\n|move|p1a: Milotic|Ice Beam|p2a: Amoonguss\n|-supereffective|p2a: Amoonguss\n|-damage|p2a: Amoonguss|0 fnt\n|faint|p2a: Amoonguss\n|\n|upkeep\n|\n|t:|1719477956\n|switch|p2a: Urshifu|Urshifu-Rapid-Strike, L50, F|100\/100\n|turn|3\n|\n|t:|1719477968\n|switch|p1b: Grimmsnarl|Grimmsnarl, L50, M|100\/100\n|move|p2a: Urshifu|Close Combat|p1b: Grimmsnarl\n|-damage|p1b: Grimmsnarl|32\/100\n|-unboost|p2a: Urshifu|def|1\n|-unboost|p2a: Urshifu|spd|1\n|move|p2b: Terapagos|Calm Mind|p2b: Terapagos\n|-boost|p2b: Terapagos|spa|1\n|-boost|p2b: Terapagos|spd|1\n|move|p1a: Milotic|Scald|p2b: Terapagos\n|-activate|p2b: Terapagos|ability: Tera Shell\n|-resisted|p2b: Terapagos\n|-damage|p2b: Terapagos|84\/100\n|\n|-heal|p2b: Terapagos|90\/100|[from] Grassy Terrain\n|-heal|p2b: Terapagos|96\/100|[from] item: Leftovers\n|-heal|p1b: Grimmsnarl|38\/100|[from] Grassy Terrain\n|upkeep\n|turn|4\n|\n|t:|1719477990\n|move|p1b: Grimmsnarl|Light Screen|p1b: Grimmsnarl\n|-sidestart|p1: pkmnallrounder|move: Light Screen\n|move|p2a: Urshifu|Close Combat|p1a: Milotic\n|-damage|p1a: Milotic|24\/100\n|-unboost|p2a: Urshifu|def|1\n|-unboost|p2a: Urshifu|spd|1\n|-enditem|p1a: Milotic|Sitrus Berry|[eat]\n|-heal|p1a: Milotic|49\/100|[from] item: Sitrus Berry\n|move|p2b: Terapagos|Tera Starstorm|p1a: Milotic\n|-damage|p1a: Milotic|0 fnt\n|faint|p1a: Milotic\n|\n|-heal|p2b: Terapagos|100\/100|[from] Grassy Terrain\n|-heal|p1b: Grimmsnarl|44\/100|[from] Grassy Terrain\n|upkeep\n|\n|t:|1719478006\n|switch|p1a: Terapagos|Terapagos-Terastal, L50, M|100\/100\n|turn|5\n|j| MullyMonster\n|\n|t:|1719478021\n|-terastallize|p2b: Terapagos|Stellar\n|detailschange|p2b: Terapagos|Terapagos-Stellar, L50, M, tera:Stellar\n|-heal|p2b: Terapagos|100\/100|[silent]\n|-ability|p2b: Terapagos|Teraform Zero\n|-fieldend|move: Grassy Terrain\n|move|p1b: Grimmsnarl|Reflect|p1b: Grimmsnarl\n|-sidestart|p1: pkmnallrounder|Reflect\n|move|p2a: Urshifu|Close Combat|p1a: Terapagos\n|-activate|p1a: Terapagos|ability: Tera Shell\n|-resisted|p1a: Terapagos\n|-damage|p1a: Terapagos|81\/100\n|-unboost|p2a: Urshifu|def|1\n|-unboost|p2a: Urshifu|spd|1\n|move|p2b: Terapagos|Tera Starstorm|p1a: Terapagos|[spread] p1a,p1b\n|-damage|p1a: Terapagos|36\/100\n|-damage|p1b: Grimmsnarl|0 fnt\n|faint|p1b: Grimmsnarl\n|move|p1a: Terapagos|Calm Mind|p1a: Terapagos\n|-boost|p1a: Terapagos|spa|1\n|-boost|p1a: Terapagos|spd|1\n|\n|-heal|p1a: Terapagos|42\/100|[from] item: Leftovers\n|upkeep\n|\n|t:|1719478025\n|switch|p1b: Rillaboom|Rillaboom, L50, M|84\/100\n|-fieldstart|move: Grassy Terrain|[from] ability: Grassy Surge|[of] p1b: Rillaboom\n|turn|6\n|\n|t:|1719478040\n|move|p1a: Terapagos|Protect|p1a: Terapagos\n|-singleturn|p1a: Terapagos|Protect\n|move|p1b: Rillaboom|Grassy Glide|p2a: Urshifu\n|-supereffective|p2a: Urshifu\n|-damage|p2a: Urshifu|0 fnt\n|faint|p2a: Urshifu\n|move|p2b: Terapagos|Tera Starstorm|p1a: Terapagos|[spread] p1b\n|-activate|p1a: Terapagos|move: Protect\n|-damage|p1b: Rillaboom|42\/100\n|\n|-heal|p1b: Rillaboom|48\/100|[from] Grassy Terrain\n|-heal|p1a: Terapagos|48\/100|[from] Grassy Terrain\n|-heal|p1a: Terapagos|54\/100|[from] item: Leftovers\n|upkeep\n|turn|7\n|\n|t:|1719478057\n|-terastallize|p1a: Terapagos|Stellar\n|detailschange|p1a: Terapagos|Terapagos-Stellar, L50, M, tera:Stellar\n|-heal|p1a: Terapagos|65\/100|[silent]\n|-ability|p1a: Terapagos|Teraform Zero\n|-fieldend|move: Grassy Terrain\n|move|p1b: Rillaboom|Wood Hammer|p2b: Terapagos\n|-damage|p2b: Terapagos|62\/100\n|-damage|p1b: Rillaboom|32\/100|[from] Recoil\n|move|p2b: Terapagos|Tera Starstorm|p1a: Terapagos|[spread] p1a,p1b\n|-supereffective|p1a: Terapagos\n|-damage|p1a: Terapagos|23\/100\n|-damage|p1b: Rillaboom|0 fnt\n|faint|p1b: Rillaboom\n|move|p1a: Terapagos|Tera Starstorm|p2b: Terapagos\n|-supereffective|p2b: Terapagos\n|-damage|p2b: Terapagos|10\/100\n|\n|-heal|p2b: Terapagos|16\/100|[from] item: Leftovers\n|-heal|p1a: Terapagos|29\/100|[from] item: Leftovers\n|upkeep\n|turn|8\n|\n|t:|1719478075\n|move|p1a: Terapagos|Protect|p1a: Terapagos\n|-singleturn|p1a: Terapagos|Protect\n|move|p2b: Terapagos|Tera Starstorm|p1a: Terapagos\n|-activate|p1a: Terapagos|move: Protect\n|\n|-heal|p2b: Terapagos|22\/100|[from] item: Leftovers\n|-heal|p1a: Terapagos|35\/100|[from] item: Leftovers\n|upkeep\n|turn|9\n|\n|t:|1719478081\n|move|p2b: Terapagos|Tera Starstorm|p1a: Terapagos\n|-supereffective|p1a: Terapagos\n|-damage|p1a: Terapagos|0 fnt\n|faint|p1a: Terapagos\n|\n|win|scpseptember\u9b3c\u706f\n|raw|pkmnallrounder's rating: 1759 &rarr; <strong>1734<\/strong><br \/>(-25 for losing)\n|raw|scpseptember\u9b3c\u706f's rating: 1678 &rarr; <strong>1703<\/strong><br \/>(+25 for winning)\n|j| THUNDERSND77\n|l|\u2606pkmnallrounder\n|player|p1|\n","uploadtime":1719478106,"views":31,"formatid":"gen9vgc2024regg","rating":1703,"private":0,"password":null}