{"id":"gen9vgc2024regg-2150013021","format":"[Gen 9] VGC 2024 Reg G","players":["pkmnallrounder","bassotara htr-less"],"log":"|j|\u2606pkmnallrounder\n|j|\u2606bassotara htr-less\n|t:|1719351039\n|gametype|doubles\n|player|p1|pkmnallrounder|serena|1670\n|player|p2|bassotara htr-less|266|1778\n|teamsize|p1|6\n|teamsize|p2|6\n|gen|9\n|tier|[Gen 9] VGC 2024 Reg G\n|rated|\n|rule|Species Clause: Limit one of each Pok\u00e9mon\n|rule|Item Clause: Limit one of each item\n|clearpoke\n|poke|p1|Skeledirge, L50, F|\n|poke|p1|Rillaboom, L50, M|\n|poke|p1|Grimmsnarl, L50, M|\n|poke|p1|Empoleon, L50, M|\n|poke|p1|Urshifu-*, L50, M|\n|poke|p1|Terapagos, L50, M|\n|poke|p2|Indeedee-F, L50, F|\n|poke|p2|Lunala, L50|\n|poke|p2|Ursaluna-Bloodmoon, L50, M|\n|poke|p2|Tornadus, L50, M|\n|poke|p2|Urshifu-*, L50, F|\n|poke|p2|Iron Hands, L50|\n|teampreview|4\n|\n|t:|1719351102\n|start\n|switch|p1a: Grimmsnarl|Grimmsnarl, L50, M|100\/100\n|switch|p1b: Skeledirge|Skeledirge, L50, F|100\/100\n|switch|p2a: Tornadus|Tornadus, L50, M|100\/100\n|switch|p2b: Urshifu|Urshifu-Rapid-Strike, L50, F|100\/100\n|turn|1\n|\n|t:|1719351122\n|switch|p1b: Rillaboom|Rillaboom, L50, M|100\/100\n|-fieldstart|move: Grassy Terrain|[from] ability: Grassy Surge|[of] p1b: Rillaboom\n|-terastallize|p2b: Urshifu|Water\n|move|p2a: Tornadus|Rain Dance|p2a: Tornadus\n|-weather|RainDance\n|move|p1a: Grimmsnarl|Reflect|p1a: Grimmsnarl\n|-sidestart|p1: pkmnallrounder|Reflect\n|move|p2b: Urshifu|Surging Strikes|p1a: Grimmsnarl\n|-crit|p1a: Grimmsnarl\n|-damage|p1a: Grimmsnarl|50\/100\n|-crit|p1a: Grimmsnarl\n|-damage|p1a: Grimmsnarl|2\/100\n|-crit|p1a: Grimmsnarl\n|-damage|p1a: Grimmsnarl|0 fnt\n|faint|p1a: Grimmsnarl\n|-hitcount|p1: Grimmsnarl|3\n|\n|-weather|RainDance|[upkeep]\n|upkeep\n|\n|t:|1719351132\n|switch|p1a: Terapagos|Terapagos, L50, M|100\/100\n|-activate|p1a: Terapagos|ability: Tera Shift\n|detailschange|p1a: Terapagos|Terapagos-Terastal, L50, M\n|-heal|p1a: Terapagos|100\/100|[silent]\n|turn|2\n|j| harold34\n|\n|t:|1719351185\n|move|p2b: Urshifu|Protect|p2b: Urshifu\n|-singleturn|p2b: Urshifu|Protect\n|move|p2a: Tornadus|Bleakwind Storm|p1a: Terapagos|[spread] p1a,p1b\n|-activate|p1a: Terapagos|ability: Tera Shell\n|-resisted|p1a: Terapagos\n|-supereffective|p1b: Rillaboom\n|-crit|p1b: Rillaboom\n|-damage|p1a: Terapagos|88\/100\n|-damage|p1b: Rillaboom|20\/100\n|-unboost|p1a: Terapagos|spe|1\n|move|p1b: Rillaboom|Wood Hammer|p2b: Urshifu\n|-activate|p2b: Urshifu|move: Protect\n|move|p1a: Terapagos|Calm Mind|p1a: Terapagos\n|-boost|p1a: Terapagos|spa|1\n|-boost|p1a: Terapagos|spd|1\n|\n|-weather|RainDance|[upkeep]\n|-heal|p1b: Rillaboom|26\/100|[from] Grassy Terrain\n|-heal|p1a: Terapagos|94\/100|[from] Grassy Terrain\n|-heal|p1a: Terapagos|99\/100|[from] item: Leftovers\n|upkeep\n|turn|3\n|inactive|Battle timer is ON: inactive players will automatically lose when time's up. (requested by bassotara htr-less)\n|\n|t:|1719351208\n|switch|p2a: Indeedee|Indeedee-F, L50, F|100\/100\n|-fieldstart|move: Psychic Terrain|[from] ability: Psychic Surge|[of] p2a: Indeedee\n|-enditem|p2a: Indeedee|Psychic Seed\n|-boost|p2a: Indeedee|spd|1|[from] item: Psychic Seed\n|-terastallize|p1a: Terapagos|Stellar\n|detailschange|p1a: Terapagos|Terapagos-Stellar, L50, M, tera:Stellar\n|-heal|p1a: Terapagos|99\/100|[silent]\n|-ability|p1a: Terapagos|Teraform Zero\n|-weather|none\n|-fieldend|move: Psychic Terrain\n|move|p2b: Urshifu|Surging Strikes|p1a: Terapagos\n|-crit|p1a: Terapagos\n|-damage|p1a: Terapagos|79\/100\n|-crit|p1a: Terapagos\n|-damage|p1a: Terapagos|58\/100\n|-crit|p1a: Terapagos\n|-damage|p1a: Terapagos|38\/100\n|-hitcount|p1a: Terapagos|3\n|move|p1b: Rillaboom|Grassy Glide|p2b: Urshifu\n|-supereffective|p2b: Urshifu\n|-damage|p2b: Urshifu|48\/100\n|move|p1a: Terapagos|Tera Starstorm|p2a: Indeedee|[spread] p2a,p2b\n|-supereffective|p2b: Urshifu\n|-damage|p2a: Indeedee|60\/100\n|-damage|p2b: Urshifu|0 fnt\n|faint|p2b: Urshifu\n|\n|-heal|p1a: Terapagos|44\/100|[from] item: Leftovers\n|upkeep\n|inactive|bassotara htr-less has 30 seconds left.\n|\n|t:|1719351235\n|switch|p2b: Tornadus|Tornadus, L50, M|100\/100\n|turn|4\n|\n|t:|1719351241\n|switch|p1b: Skeledirge|Skeledirge, L50, F|100\/100\n|switch|p2a: Lunala|Lunala, L50|100\/100\n|move|p2b: Tornadus|Bleakwind Storm|p1a: Terapagos|[spread] p1a\n|-miss|p2b: Tornadus|p1b: Skeledirge\n|-damage|p1a: Terapagos|31\/100\n|-unboost|p1a: Terapagos|spe|1\n|move|p1a: Terapagos|Tera Starstorm|p2b: Tornadus|[spread] p2a,p2b\n|-damage|p2a: Lunala|78\/100\n|-damage|p2b: Tornadus|38\/100\n|\n|-heal|p1a: Terapagos|37\/100|[from] item: Leftovers\n|upkeep\n|turn|5\n|\n|t:|1719351264\n|move|p2b: Tornadus|Tailwind|p2b: Tornadus\n|-sidestart|p2: bassotara htr-less|move: Tailwind\n|move|p2a: Lunala|Meteor Beam||[still]\n|-prepare|p2a: Lunala|Meteor Beam\n|-boost|p2a: Lunala|spa|1\n|-enditem|p2a: Lunala|Power Herb\n|-anim|p2a: Lunala|Meteor Beam|p1b: Skeledirge\n|-supereffective|p1b: Skeledirge\n|-damage|p1b: Skeledirge|21\/100\n|move|p1b: Skeledirge|Shadow Ball|p2a: Lunala\n|-supereffective|p2a: Lunala\n|-damage|p2a: Lunala|0 fnt\n|faint|p2a: Lunala\n|move|p1a: Terapagos|Tera Starstorm|p2b: Tornadus\n|-damage|p2b: Tornadus|0 fnt\n|faint|p2b: Tornadus\n|\n|-heal|p1a: Terapagos|43\/100|[from] item: Leftovers\n|upkeep\n|-message|bassotara htr-less forfeited.\n|\n|win|pkmnallrounder\n|raw|pkmnallrounder's rating: 1670 &rarr; <strong>1696<\/strong><br \/>(+26 for winning)\n|raw|bassotara htr-less's rating: 1778 &rarr; <strong>1752<\/strong><br \/>(-26 for losing)\n|l|\u2606bassotara htr-less\n|player|p2|\n|l|\u2606pkmnallrounder\n|player|p1|\n","uploadtime":1719351532,"views":27,"formatid":"gen9vgc2024regg","rating":1696,"private":0,"password":null}