{"id":"gen9vgc2024regg-2150592168","format":"[Gen 9] VGC 2024 Reg G","players":["UGCL","nickfanta"],"log":"|j|\u2606UGCL\n|j|\u2606nickfanta\n|t:|1719433532\n|gametype|doubles\n|player|p1|UGCL|carmine|1672\n|player|p2|nickfanta|lucas|1734\n|teamsize|p1|6\n|teamsize|p2|6\n|gen|9\n|tier|[Gen 9] VGC 2024 Reg G\n|rated|\n|rule|Species Clause: Limit one of each Pok\u00e9mon\n|rule|Item Clause: Limit one of each item\n|clearpoke\n|poke|p1|Calyrex-Shadow, L50|\n|poke|p1|Incineroar, L50, M|\n|poke|p1|Urshifu-*, L50, F|\n|poke|p1|Clefairy, L50, F|\n|poke|p1|Rillaboom, L50, F|\n|poke|p1|Tornadus, L50, M|\n|poke|p2|Zamazenta-*, L50|\n|poke|p2|Flutter Mane, L50|\n|poke|p2|Thundurus, L50, M|\n|poke|p2|Rillaboom, L50, M|\n|poke|p2|Tyranitar, L50, M|\n|poke|p2|Chien-Pao, L50|\n|teampreview|4\n|inactive|Battle timer is ON: inactive players will automatically lose when time's up. (requested by nickfanta)\n|\n|t:|1719433557\n|start\n|switch|p1a: Calyrex|Calyrex-Shadow, L50|100\/100\n|switch|p1b: Rillaboom|Rillaboom, L50, F|100\/100\n|switch|p2a: Thundurus|Thundurus, L50, M|100\/100\n|switch|p2b: Flutter Mane|Flutter Mane, L50|100\/100\n|-ability|p1a: Calyrex|As One\n|-ability|p1a: Calyrex|Unnerve\n|-fieldstart|move: Grassy Terrain|[from] ability: Grassy Surge|[of] p1b: Rillaboom\n|-enditem|p2b: Flutter Mane|Booster Energy\n|-activate|p2b: Flutter Mane|ability: Protosynthesis|[fromitem]\n|-start|p2b: Flutter Mane|protosynthesisspe\n|turn|1\n|\n|t:|1719433574\n|move|p2b: Flutter Mane|Protect|p2b: Flutter Mane\n|-singleturn|p2b: Flutter Mane|Protect\n|move|p1a: Calyrex|Protect|p1a: Calyrex\n|-singleturn|p1a: Calyrex|Protect\n|move|p2a: Thundurus|Eerie Impulse|p1a: Calyrex\n|-activate|p1a: Calyrex|move: Protect\n|move|p1b: Rillaboom|Wood Hammer|p2b: Flutter Mane\n|-activate|p2b: Flutter Mane|move: Protect\n|\n|upkeep\n|turn|2\n|inactive|nickfanta has 30 seconds left.\n|\n|t:|1719433599\n|switch|p1a: Peipi :D|Clefairy, L50, F|100\/100\n|-terastallize|p2b: Flutter Mane|Grass\n|move|p2a: Thundurus|Thunder Wave|p1b: Rillaboom\n|-status|p1b: Rillaboom|par\n|move|p2b: Flutter Mane|Shadow Ball|p1a: Peipi :D\n|-damage|p1a: Peipi :D|65\/100\n|cant|p1b: Rillaboom|par\n|\n|-heal|p1a: Peipi :D|71\/100|[from] Grassy Terrain\n|upkeep\n|turn|3\n|\n|t:|1719433618\n|-end|p2b: Flutter Mane|Protosynthesis|[silent]\n|switch|p2b: Zamazenta|Zamazenta-Crowned, L50|100\/100\n|-ability|p2b: Zamazenta|Dauntless Shield|boost\n|-boost|p2b: Zamazenta|def|1\n|switch|p1b: Calyrex|Calyrex-Shadow, L50|100\/100\n|-ability|p1b: Calyrex|As One\n|-ability|p1b: Calyrex|Unnerve\n|move|p2a: Thundurus|Taunt|p1a: Peipi :D\n|-start|p1a: Peipi :D|move: Taunt\n|cant|p1a: Peipi :D|move: Taunt|Sing\n|\n|-heal|p1a: Peipi :D|77\/100|[from] Grassy Terrain\n|upkeep\n|turn|4\n|\n|t:|1719433634\n|switch|p1a: Rillaboom|Rillaboom, L50, F|100\/100 par\n|move|p1b: Calyrex|Protect|p1b: Calyrex\n|-singleturn|p1b: Calyrex|Protect\n|move|p2a: Thundurus|Eerie Impulse|p1b: Calyrex\n|-activate|p1b: Calyrex|move: Protect\n|move|p2b: Zamazenta|Behemoth Bash|p1a: Rillaboom\n|-damage|p1a: Rillaboom|64\/100 par\n|\n|-heal|p1a: Rillaboom|70\/100 par|[from] Grassy Terrain\n|upkeep\n|turn|5\n|j| Therazer456\n|\n|t:|1719433644\n|move|p1a: Rillaboom|Fake Out|p2b: Zamazenta\n|-resisted|p2b: Zamazenta\n|-damage|p2b: Zamazenta|97\/100\n|move|p2a: Thundurus|Eerie Impulse|p1b: Calyrex\n|-unboost|p1b: Calyrex|spa|2\n|move|p1b: Calyrex|Nasty Plot|p1b: Calyrex\n|-boost|p1b: Calyrex|spa|2\n|cant|p2b: Zamazenta|flinch\n|\n|-heal|p2b: Zamazenta|100\/100|[from] Grassy Terrain\n|-heal|p1a: Rillaboom|75\/100 par|[from] Grassy Terrain\n|-fieldend|move: Grassy Terrain\n|upkeep\n|turn|6\n|\n|t:|1719433655\n|move|p2a: Thundurus|Eerie Impulse|p1b: Calyrex\n|-unboost|p1b: Calyrex|spa|2\n|move|p1b: Calyrex|Astral Barrage|p2a: Thundurus|[spread] p2a,p2b\n|-damage|p2a: Thundurus|67\/100\n|-damage|p2b: Zamazenta|82\/100\n|move|p2b: Zamazenta|Body Press|p1a: Rillaboom\n|-damage|p1a: Rillaboom|7\/100 par\n|move|p1a: Rillaboom|Wood Hammer|p2a: Thundurus\n|-resisted|p2a: Thundurus\n|-damage|p2a: Thundurus|26\/100\n|-damage|p1a: Rillaboom|0 fnt|[from] Recoil\n|faint|p1a: Rillaboom\n|\n|upkeep\n|\n|t:|1719433662\n|switch|p1a: Tornadus|Tornadus, L50, M|100\/100\n|turn|7\n|\n|t:|1719433674\n|switch|p1b: Peipi :D|Clefairy, L50, F|77\/100\n|move|p2a: Thundurus|Thunder Wave|p1b: Peipi :D\n|-status|p1b: Peipi :D|par\n|move|p1a: Tornadus|Bleakwind Storm|p2b: Zamazenta|[spread] p2a,p2b\n|-resisted|p2a: Thundurus\n|-damage|p2a: Thundurus|9\/100\n|-damage|p2b: Zamazenta|62\/100\n|move|p2b: Zamazenta|Behemoth Bash|p1a: Tornadus\n|-damage|p1a: Tornadus|69\/100\n|\n|upkeep\n|turn|8\n|\n|t:|1719433691\n|move|p1b: Peipi :D|Protect|p1b: Peipi :D\n|-singleturn|p1b: Peipi :D|Protect\n|move|p2a: Thundurus|Taunt|p1b: Peipi :D\n|-activate|p1b: Peipi :D|move: Protect\n|move|p1a: Tornadus|Bleakwind Storm|p2a: Thundurus|[spread] p2a,p2b\n|-resisted|p2a: Thundurus\n|-damage|p2a: Thundurus|0 fnt\n|-damage|p2b: Zamazenta|41\/100\n|faint|p2a: Thundurus\n|move|p2b: Zamazenta|Behemoth Bash|p1b: Peipi :D\n|-activate|p1b: Peipi :D|move: Protect\n|\n|upkeep\n|\n|t:|1719433697\n|switch|p2a: Flutter Mane|Flutter Mane, L50, tera:Grass|100\/100\n|turn|9\n|\n|t:|1719433719\n|move|p2a: Flutter Mane|Protect|p2a: Flutter Mane\n|-singleturn|p2a: Flutter Mane|Protect\n|move|p1b: Peipi :D|Follow Me|p1b: Peipi :D\n|-singleturn|p1b: Peipi :D|move: Follow Me\n|move|p1a: Tornadus|Bleakwind Storm|p2a: Flutter Mane|[spread] p2b\n|-activate|p2a: Flutter Mane|move: Protect\n|-damage|p2b: Zamazenta|21\/100\n|move|p2b: Zamazenta|Behemoth Bash|p1b: Peipi :D\n|-supereffective|p1b: Peipi :D\n|-damage|p1b: Peipi :D|16\/100 par\n|\n|upkeep\n|turn|10\n|inactive|nickfanta has 30 seconds left.\n|\n|t:|1719433750\n|move|p1b: Peipi :D|Follow Me|p1b: Peipi :D\n|-singleturn|p1b: Peipi :D|move: Follow Me\n|move|p2a: Flutter Mane|Dazzling Gleam|p1b: Peipi :D|[spread] p1a,p1b\n|-damage|p1a: Tornadus|42\/100\n|-damage|p1b: Peipi :D|0 fnt\n|faint|p1b: Peipi :D\n|move|p1a: Tornadus|Bleakwind Storm|p2a: Flutter Mane|[spread] p2b\n|-miss|p1a: Tornadus|p2a: Flutter Mane\n|-damage|p2b: Zamazenta|0 fnt\n|faint|p2b: Zamazenta\n|\n|upkeep\n|\n|t:|1719433758\n|switch|p2b: Rillaboom|Rillaboom, L50, M|100\/100\n|switch|p1b: Calyrex|Calyrex-Shadow, L50|100\/100\n|-ability|p1b: Calyrex|As One\n|-ability|p1b: Calyrex|Unnerve\n|-fieldstart|move: Grassy Terrain|[from] ability: Grassy Surge|[of] p2b: Rillaboom\n|turn|11\n|\n|t:|1719433771\n|-terastallize|p1b: Calyrex|Fairy\n|move|p1a: Tornadus|Protect|p1a: Tornadus\n|-singleturn|p1a: Tornadus|Protect\n|move|p2a: Flutter Mane|Shadow Ball|p1b: Calyrex\n|-damage|p1b: Calyrex|65\/100\n|move|p1b: Calyrex|Nasty Plot|p1b: Calyrex\n|-boost|p1b: Calyrex|spa|2\n|move|p2b: Rillaboom|Wood Hammer|p1a: Tornadus\n|-activate|p1a: Tornadus|move: Protect\n|\n|-heal|p1b: Calyrex|71\/100|[from] Grassy Terrain\n|upkeep\n|turn|12\n|\n|t:|1719433780\n|move|p2b: Rillaboom|Grassy Glide|p1b: Calyrex\n|-damage|p1b: Calyrex|31\/100\n|-enditem|p1b: Calyrex|Sitrus Berry|[eat]\n|-heal|p1b: Calyrex|55\/100|[from] item: Sitrus Berry\n|move|p2a: Flutter Mane|Dazzling Gleam|p1a: Tornadus|[spread] p1a,p1b\n|-damage|p1a: Tornadus|10\/100\n|-damage|p1b: Calyrex|29\/100\n|move|p1b: Calyrex|Astral Barrage|p2a: Flutter Mane|[spread] p2a,p2b\n|-damage|p2a: Flutter Mane|0 fnt\n|-damage|p2b: Rillaboom|23\/100\n|faint|p2a: Flutter Mane\n|-end|p2a: Flutter Mane|Protosynthesis|[silent]\n|-ability|p1b: Calyrex|Grim Neigh|boost\n|-boost|p1b: Calyrex|spa|1\n|move|p1a: Tornadus|Bleakwind Storm|p2b: Rillaboom|[miss]\n|-miss|p1a: Tornadus|p2b: Rillaboom\n|\n|-heal|p1b: Calyrex|35\/100|[from] Grassy Terrain\n|-heal|p2b: Rillaboom|29\/100|[from] Grassy Terrain\n|upkeep\n|turn|13\n|\n|t:|1719433798\n|move|p1a: Tornadus|Protect|p1a: Tornadus\n|-singleturn|p1a: Tornadus|Protect\n|move|p1b: Calyrex|Protect|p1b: Calyrex\n|-singleturn|p1b: Calyrex|Protect\n|move|p2b: Rillaboom|Grassy Glide|p1b: Calyrex\n|-activate|p1b: Calyrex|move: Protect\n|\n|-heal|p1b: Calyrex|42\/100|[from] Grassy Terrain\n|-heal|p2b: Rillaboom|34\/100|[from] Grassy Terrain\n|upkeep\n|turn|14\n|\n|t:|1719433806\n|move|p2b: Rillaboom|Grassy Glide|p1b: Calyrex\n|-damage|p1b: Calyrex|3\/100\n|move|p1b: Calyrex|Astral Barrage|p2b: Rillaboom\n|-damage|p2b: Rillaboom|0 fnt\n|faint|p2b: Rillaboom\n|\n|win|UGCL\n|raw|UGCL's rating: 1672 &rarr; <strong>1696<\/strong><br \/>(+24 for winning)\n|raw|nickfanta's rating: 1734 &rarr; <strong>1710<\/strong><br \/>(-24 for losing)\n|l|\u2606nickfanta\n|player|p2|\n|l|\u2606UGCL\n|player|p1|\n","uploadtime":1719434001,"views":11,"formatid":"gen9vgc2024regg","rating":1696,"private":0,"password":null}