{"id":"gen9vgc2024regg-2150555800","format":"[Gen 9] VGC 2024 Reg G","players":["Therazer456","sturbyy"],"log":"|j|\u2606Therazer456\n|j|\u2606sturbyy\n|t:|1719429462\n|gametype|doubles\n|player|p1|Therazer456|ghetsis|1739\n|player|p2|sturbyy|101|1709\n|teamsize|p1|6\n|teamsize|p2|6\n|gen|9\n|tier|[Gen 9] VGC 2024 Reg G\n|rated|\n|rule|Species Clause: Limit one of each Pok\u00e9mon\n|rule|Item Clause: Limit one of each item\n|clearpoke\n|poke|p1|Lunala, L50|\n|poke|p1|Landorus-Therian, L50, M|\n|poke|p1|Amoonguss, L50, M|\n|poke|p1|Iron Hands, L50|\n|poke|p1|Farigiraf, L50, M|\n|poke|p1|Suicune, L50|\n|poke|p2|Incineroar, L50, M|\n|poke|p2|Calyrex-Ice, L50|\n|poke|p2|Amoonguss, L50, M|\n|poke|p2|Urshifu-*, L50, M|\n|poke|p2|Pelipper, L50, M|\n|poke|p2|Raging Bolt, L50|\n|teampreview|4\n|\n|t:|1719429480\n|start\n|switch|p1a: Tarantula|Lunala, L50|100\/100\n|switch|p1b: Carina|Landorus-Therian, L50, M|100\/100\n|switch|p2a: Incineroar|Incineroar, L50, M|100\/100\n|switch|p2b: Calyrex|Calyrex-Ice, L50|100\/100\n|-ability|p2b: Calyrex|As One\n|-ability|p2b: Calyrex|Unnerve\n|-ability|p1b: Carina|Intimidate|boost\n|-unboost|p2a: Incineroar|atk|1\n|-fail|p2b: Calyrex|unboost|[from] item: Clear Amulet|[of] p2b: Calyrex\n|-ability|p2a: Incineroar|Intimidate|boost\n|-unboost|p1a: Tarantula|atk|1\n|-unboost|p1b: Carina|atk|1\n|turn|1\n|\n|t:|1719429495\n|switch|p1b: Jupiter|Iron Hands, L50|100\/100\n|move|p1a: Tarantula|Calm Mind|p1a: Tarantula\n|-boost|p1a: Tarantula|spa|1\n|-boost|p1a: Tarantula|spd|1\n|move|p2a: Incineroar|Parting Shot|p1a: Tarantula\n|-unboost|p1a: Tarantula|atk|1\n|-unboost|p1a: Tarantula|spa|1\n|\n|t:|1719429505\n|switch|p2a: Amoonguss|Amoonguss, L50, M|100\/100|[from] Parting Shot\n|move|p2b: Calyrex|Trick Room|p2b: Calyrex\n|-fieldstart|move: Trick Room|[of] p2b: Calyrex\n|\n|upkeep\n|turn|2\n|\n|t:|1719429525\n|move|p2b: Calyrex|Protect|p2b: Calyrex\n|-singleturn|p2b: Calyrex|Protect\n|move|p2a: Amoonguss|Protect|p2a: Amoonguss\n|-singleturn|p2a: Amoonguss|Protect\n|move|p1b: Jupiter|Drain Punch|p2b: Calyrex\n|-activate|p2b: Calyrex|move: Protect\n|move|p1a: Tarantula|Calm Mind|p1a: Tarantula\n|-boost|p1a: Tarantula|spa|1\n|-boost|p1a: Tarantula|spd|1\n|\n|upkeep\n|turn|3\n|\n|t:|1719429537\n|move|p2b: Calyrex|High Horsepower|p1b: Jupiter\n|-supereffective|p1b: Jupiter\n|-damage|p1b: Jupiter|45\/100\n|move|p2a: Amoonguss|Spore|p1a: Tarantula\n|-status|p1a: Tarantula|slp|[from] move: Spore\n|move|p1b: Jupiter|Drain Punch|p2b: Calyrex\n|-damage|p2b: Calyrex|72\/100\n|-heal|p1b: Jupiter|57\/100|[from] drain|[of] p2b: Calyrex\n|cant|p1a: Tarantula|slp\n|\n|upkeep\n|turn|4\n|\n|t:|1719429560\n|switch|p2a: Incineroar|Incineroar, L50, M|100\/100\n|-ability|p2a: Incineroar|Intimidate|boost\n|-unboost|p1a: Tarantula|atk|1\n|-unboost|p1b: Jupiter|atk|1\n|move|p2b: Calyrex|High Horsepower|p1b: Jupiter\n|-supereffective|p1b: Jupiter\n|-damage|p1b: Jupiter|0 fnt\n|faint|p1b: Jupiter\n|-end|p1b: Jupiter|Quark Drive|[silent]\n|-ability|p2b: Calyrex|Chilling Neigh|boost\n|-boost|p2b: Calyrex|atk|1\n|cant|p1a: Tarantula|slp\n|\n|upkeep\n|\n|t:|1719429572\n|switch|p1b: Rosette|Amoonguss, L50, M, shiny|100\/100\n|turn|5\n|\n|t:|1719429578\n|-terastallize|p1b: Rosette|Water\n|-terastallize|p2b: Calyrex|Grass\n|move|p1b: Rosette|Spore|p2b: Calyrex\n|-immune|p2b: Calyrex\n|move|p2b: Calyrex|Glacial Lance|p1b: Rosette|[spread] p1a,p1b\n|-resisted|p1b: Rosette\n|-crit|p1b: Rosette\n|-damage|p1a: Tarantula|71\/100 slp\n|-damage|p1b: Rosette|44\/100\n|move|p2a: Incineroar|Knock Off|p1a: Tarantula\n|-supereffective|p1a: Tarantula\n|-damage|p1a: Tarantula|0 fnt\n|-enditem|p1a: Tarantula|Leftovers|[from] move: Knock Off|[of] p2a: Incineroar\n|faint|p1a: Tarantula\n|\n|-fieldend|move: Trick Room\n|upkeep\n|-message|Therazer456 forfeited.\n|\n|win|sturbyy\n|raw|Therazer456's rating: 1739 &rarr; <strong>1717<\/strong><br \/>(-22 for losing)\n|raw|sturbyy's rating: 1709 &rarr; <strong>1731<\/strong><br \/>(+22 for winning)\n|l|\u2606Therazer456\n|player|p1|\n","uploadtime":1719429743,"views":48,"formatid":"gen9vgc2024regg","rating":1717,"private":0,"password":null}