{"id":"gen9vgc2024regg-2150021417","format":"[Gen 9] VGC 2024 Reg G","players":["pkmnallrounder","bassotara htr-less"],"log":"|j|\u2606pkmnallrounder\n|j|\u2606bassotara htr-less\n|t:|1719352065\n|gametype|doubles\n|player|p1|pkmnallrounder|serena|1706\n|player|p2|bassotara htr-less|266|1725\n|teamsize|p1|6\n|teamsize|p2|6\n|gen|9\n|tier|[Gen 9] VGC 2024 Reg G\n|rated|\n|rule|Species Clause: Limit one of each Pok\u00e9mon\n|rule|Item Clause: Limit one of each item\n|clearpoke\n|poke|p1|Skeledirge, L50, M|\n|poke|p1|Rillaboom, L50, M|\n|poke|p1|Grimmsnarl, L50, M|\n|poke|p1|Empoleon, L50, F|\n|poke|p1|Urshifu-*, L50, M|\n|poke|p1|Terapagos, L50, M|\n|poke|p2|Indeedee-F, L50, F|\n|poke|p2|Lunala, L50|\n|poke|p2|Ursaluna-Bloodmoon, L50, M|\n|poke|p2|Tornadus, L50, M|\n|poke|p2|Urshifu-*, L50, F|\n|poke|p2|Iron Hands, L50|\n|teampreview|4\nbassotara htr-less has agreed to open team sheets.\n|\n|t:|1719352094\n|start\n|switch|p1a: Rillaboom|Rillaboom, L50, M|100\/100\n|switch|p1b: Skeledirge|Skeledirge, L50, M|100\/100\n|switch|p2a: Tornadus|Tornadus, L50, M|100\/100\n|switch|p2b: Urshifu|Urshifu-Rapid-Strike, L50, F|100\/100\n|-fieldstart|move: Grassy Terrain|[from] ability: Grassy Surge|[of] p1a: Rillaboom\n|turn|1\n|\n|t:|1719352108\n|switch|p1b: Grimmsnarl|Grimmsnarl, L50, M|100\/100\n|move|p2b: Urshifu|Protect|p2b: Urshifu\n|-singleturn|p2b: Urshifu|Protect\n|move|p2a: Tornadus|Bleakwind Storm|p1a: Rillaboom|[spread] p1a,p1b\n|-supereffective|p1a: Rillaboom\n|-damage|p1a: Rillaboom|52\/100\n|-damage|p1b: Grimmsnarl|71\/100\n|move|p1a: Rillaboom|Wood Hammer|p2b: Urshifu\n|-activate|p2b: Urshifu|move: Protect\n|\n|-heal|p1a: Rillaboom|58\/100|[from] Grassy Terrain\n|-heal|p1b: Grimmsnarl|77\/100|[from] Grassy Terrain\n|upkeep\n|turn|2\n|\n|t:|1719352135\n|switch|p2b: Indeedee|Indeedee-F, L50, F|100\/100\n|-fieldstart|move: Psychic Terrain|[from] ability: Psychic Surge|[of] p2b: Indeedee\n|-enditem|p2b: Indeedee|Psychic Seed\n|-boost|p2b: Indeedee|spd|1|[from] item: Psychic Seed\n|move|p1b: Grimmsnarl|Reflect|p1b: Grimmsnarl\n|-sidestart|p1: pkmnallrounder|Reflect\n|move|p2a: Tornadus|Bleakwind Storm|p1b: Grimmsnarl|[spread] p1a,p1b\n|-supereffective|p1a: Rillaboom\n|-damage|p1a: Rillaboom|7\/100\n|-damage|p1b: Grimmsnarl|45\/100\n|-unboost|p1a: Rillaboom|spe|1\n|-unboost|p1b: Grimmsnarl|spe|1\n|move|p1a: Rillaboom|Wood Hammer|p2b: Indeedee\n|-damage|p2b: Indeedee|43\/100\n|-damage|p1a: Rillaboom|0 fnt|[from] Recoil\n|faint|p1a: Rillaboom\n|\n|upkeep\n|\n|t:|1719352139\n|switch|p1a: Terapagos|Terapagos, L50, M|100\/100\n|-activate|p1a: Terapagos|ability: Tera Shift\n|detailschange|p1a: Terapagos|Terapagos-Terastal, L50, M\n|-heal|p1a: Terapagos|100\/100|[silent]\n|turn|3\n|j| doggy teams\n|j| harold34\n|\n|t:|1719352175\n|move|p2a: Tornadus|Tailwind|p2a: Tornadus\n|-sidestart|p2: bassotara htr-less|move: Tailwind\n|move|p1b: Grimmsnarl|Light Screen|p1b: Grimmsnarl\n|-sidestart|p1: pkmnallrounder|move: Light Screen\n|move|p2b: Indeedee|Alluring Voice|p1b: Grimmsnarl\n|-supereffective|p1b: Grimmsnarl\n|-damage|p1b: Grimmsnarl|23\/100\n|move|p1a: Terapagos|Calm Mind|p1a: Terapagos\n|-boost|p1a: Terapagos|spa|1\n|-boost|p1a: Terapagos|spd|1\n|\n|upkeep\n|turn|4\n|\n|t:|1719352192\n|switch|p2b: Urshifu|Urshifu-Rapid-Strike, L50, F|100\/100\n|move|p1b: Grimmsnarl|Thunder Wave|p2a: Tornadus\n|-status|p2a: Tornadus|par\n|cant|p2a: Tornadus|par\n|move|p1a: Terapagos|Calm Mind|p1a: Terapagos\n|-boost|p1a: Terapagos|spa|1\n|-boost|p1a: Terapagos|spd|1\n|\n|upkeep\n|turn|5\n|\n|t:|1719352219\n|move|p2b: Urshifu|Protect|p2b: Urshifu\n|-singleturn|p2b: Urshifu|Protect\n|move|p2a: Tornadus|Bleakwind Storm|p1b: Grimmsnarl|[spread] p1a\n|-miss|p2a: Tornadus|p1b: Grimmsnarl\n|-activate|p1a: Terapagos|ability: Tera Shell\n|-resisted|p1a: Terapagos\n|-damage|p1a: Terapagos|97\/100\n|move|p1a: Terapagos|Tera Starstorm|p2b: Urshifu\n|-activate|p2b: Urshifu|move: Protect\n|move|p1b: Grimmsnarl|Spirit Break|p2b: Urshifu\n|-activate|p2b: Urshifu|move: Protect\n|\n|-heal|p1a: Terapagos|100\/100|[from] item: Leftovers\n|upkeep\n|turn|6\n|\n|t:|1719352254\n|move|p2b: Urshifu|Surging Strikes|p1b: Grimmsnarl\n|-crit|p1b: Grimmsnarl\n|-damage|p1b: Grimmsnarl|0 fnt\n|faint|p1b: Grimmsnarl\n|-hitcount|p1: Grimmsnarl|1\n|cant|p2a: Tornadus|par\n|move|p1a: Terapagos|Tera Starstorm|p2b: Urshifu\n|-damage|p2b: Urshifu|0 fnt\n|faint|p2b: Urshifu\n|\n|-sideend|p2: bassotara htr-less|move: Tailwind\n|-fieldend|move: Psychic Terrain\n|upkeep\n|j| I like Glaceon yay\n|\n|t:|1719352272\n|switch|p2b: Lunala|Lunala, L50|100\/100\n|switch|p1b: Skeledirge|Skeledirge, L50, M|100\/100\n|turn|7\n|\n|t:|1719352303\n|-terastallize|p2b: Lunala|Fairy\n|-terastallize|p1a: Terapagos|Stellar\n|detailschange|p1a: Terapagos|Terapagos-Stellar, L50, M, tera:Stellar\n|-heal|p1a: Terapagos|100\/100|[silent]\n|move|p2a: Tornadus|Tailwind|p2a: Tornadus\n|-sidestart|p2: bassotara htr-less|move: Tailwind\n|move|p2b: Lunala|Meteor Beam||[still]\n|-prepare|p2b: Lunala|Meteor Beam\n|-boost|p2b: Lunala|spa|1\n|-enditem|p2b: Lunala|Power Herb\n|-anim|p2b: Lunala|Meteor Beam|p1b: Skeledirge\n|-supereffective|p1b: Skeledirge\n|-damage|p1b: Skeledirge|47\/100\n|move|p1a: Terapagos|Tera Starstorm|p2b: Lunala|[spread] p2a,p2b\n|-supereffective|p2b: Lunala\n|-damage|p2a: Tornadus|13\/100 par\n|-damage|p2b: Lunala|43\/100\n|move|p1b: Skeledirge|Shadow Ball|p2b: Lunala\n|-damage|p2b: Lunala|16\/100\n|\n|upkeep\n|turn|8\n|\n|t:|1719352327\n|switch|p2a: Indeedee|Indeedee-F, L50, F|43\/100\n|-fieldstart|move: Psychic Terrain|[from] ability: Psychic Surge|[of] p2a: Indeedee\n|move|p2b: Lunala|Expanding Force|p1b: Skeledirge|[spread] p1a,p1b\n|-damage|p1a: Terapagos|79\/100\n|-damage|p1b: Skeledirge|2\/100\n|move|p1a: Terapagos|Tera Starstorm|p2b: Lunala|[spread] p2a,p2b\n|-supereffective|p2b: Lunala\n|-damage|p2a: Indeedee|0 fnt\n|-damage|p2b: Lunala|0 fnt\n|faint|p2a: Indeedee\n|faint|p2b: Lunala\n|move|p1b: Skeledirge|Slack Off|p1b: Skeledirge\n|-heal|p1b: Skeledirge|52\/100\n|\n|-heal|p1a: Terapagos|85\/100|[from] item: Leftovers\n|upkeep\n|-message|bassotara htr-less forfeited.\n|\n|win|pkmnallrounder\n|raw|pkmnallrounder's rating: 1706 &rarr; <strong>1727<\/strong><br \/>(+21 for winning)\n|raw|bassotara htr-less's rating: 1725 &rarr; <strong>1704<\/strong><br \/>(-21 for losing)\n|l|\u2606pkmnallrounder\n|player|p1|\n|l| doggy teams\n|l|\u2606bassotara htr-less\n|player|p2|\n","uploadtime":1719352488,"views":13,"formatid":"gen9vgc2024regg","rating":1704,"private":0,"password":null}