{"id":"gen9vgc2024regg-2150294324","format":"[Gen 9] VGC 2024 Reg G","players":["shuijun2\u7535\u9f99\u4fa0","subutan"],"log":"|j|\u2606shuijun2\u7535\u9f99\u4fa0\n|j|\u2606subutan\n|t:|1719396245\n|gametype|doubles\n|player|p1|shuijun2\u7535\u9f99\u4fa0|iono|1756\n|player|p2|subutan|roughneck-gen4|1689\n|teamsize|p1|6\n|teamsize|p2|6\n|gen|9\n|tier|[Gen 9] VGC 2024 Reg G\n|rated|\n|rule|Species Clause: Limit one of each Pok\u00e9mon\n|rule|Item Clause: Limit one of each item\n|clearpoke\n|poke|p1|Armarouge, L50, M|\n|poke|p1|Zamazenta-*, L50|\n|poke|p1|Indeedee, L50, M|\n|poke|p1|Roaring Moon, L50|\n|poke|p1|Urshifu-*, L50, M|\n|poke|p1|Maushold, L50|\n|poke|p2|Cresselia, L50, F|\n|poke|p2|Dondozo, L50, M|\n|poke|p2|Chansey, L50, F|\n|poke|p2|Calyrex-Ice, L50|\n|poke|p2|Amoonguss, L50, F|\n|poke|p2|Ting-Lu, L50|\n|teampreview|4\n|\n|t:|1719396304\n|start\n|switch|p1a: Zamazenta|Zamazenta-Crowned, L50|100\/100\n|switch|p1b: Roaring Moon|Roaring Moon, L50|100\/100\n|switch|p2a: Ting-Lu|Ting-Lu, L50|100\/100\n|switch|p2b: Cresselia|Cresselia, L50, F|100\/100\n|-ability|p1a: Zamazenta|Dauntless Shield|boost\n|-boost|p1a: Zamazenta|def|1\n|-ability|p2a: Ting-Lu|Vessel of Ruin\n|-enditem|p1b: Roaring Moon|Booster Energy\n|-activate|p1b: Roaring Moon|ability: Protosynthesis|[fromitem]\n|-start|p1b: Roaring Moon|protosynthesisspe\n|turn|1\n|\n|t:|1719396333\n|switch|p2b: Amoonguss|Amoonguss, L50, F|100\/100\n|move|p1b: Roaring Moon|Knock Off|p2b: Amoonguss\n|-damage|p2b: Amoonguss|64\/100\n|-damage|p1b: Roaring Moon|84\/100|[from] item: Rocky Helmet|[of] p2b: Amoonguss\n|-enditem|p2b: Amoonguss|Rocky Helmet|[from] move: Knock Off|[of] p1b: Roaring Moon\n|move|p1a: Zamazenta|Howl|p1a: Zamazenta|[spread] p1a,p1b\n|-boost|p1a: Zamazenta|atk|1\n|-boost|p1b: Roaring Moon|atk|1\n|move|p2a: Ting-Lu|Sand Tomb|p1a: Zamazenta\n|-supereffective|p1a: Zamazenta\n|-damage|p1a: Zamazenta|91\/100\n|-activate|p1a: Zamazenta|move: Sand Tomb|[of] p2a: Ting-Lu\n|\n|-damage|p1a: Zamazenta|79\/100|[from] move: Sand Tomb|[partiallytrapped]\n|upkeep\n|turn|2\n|\n|t:|1719396370\n|move|p2b: Amoonguss|Protect|p2b: Amoonguss\n|-singleturn|p2b: Amoonguss|Protect\n|move|p1b: Roaring Moon|Acrobatics|p2b: Amoonguss\n|-activate|p2b: Amoonguss|move: Protect\n|move|p1a: Zamazenta|Body Press|p2a: Ting-Lu\n|-supereffective|p2a: Ting-Lu\n|-damage|p2a: Ting-Lu|20\/100\n|move|p2a: Ting-Lu|Fissure|p1a: Zamazenta\n|-damage|p1a: Zamazenta|0 fnt\n|faint|p1a: Zamazenta\n|-ohko\n|\n|-heal|p2a: Ting-Lu|26\/100|[from] item: Leftovers\n|upkeep\n|\n|t:|1719396383\n|switch|p1a: Maushold|Maushold, L50|100\/100\n|turn|3\n|l|\u2606shuijun2\u7535\u9f99\u4fa0\n|player|p1|\n|\n|t:|1719396414\n|switch|p2b: Cresselia|Cresselia, L50, F|100\/100\n|move|p1b: Roaring Moon|Acrobatics|p2a: Ting-Lu\n|-damage|p2a: Ting-Lu|0 fnt\n|faint|p2a: Ting-Lu\n|move|p1a: Maushold|Population Bomb|p2b: Cresselia\n|-damage|p2b: Cresselia|95\/100\n|-damage|p2b: Cresselia|89\/100\n|-damage|p2b: Cresselia|82\/100\n|-damage|p2b: Cresselia|76\/100\n|-damage|p2b: Cresselia|70\/100\n|-damage|p2b: Cresselia|64\/100\n|-damage|p2b: Cresselia|58\/100\n|-damage|p2b: Cresselia|51\/100\n|-damage|p2b: Cresselia|45\/100\n|-damage|p2b: Cresselia|39\/100\n|-hitcount|p2b: Cresselia|10\n|\n|upkeep\n|j|\u2606shuijun2\u7535\u9f99\u4fa0\n|player|p1|shuijun2\u7535\u9f99\u4fa0|iono|\n|\n|t:|1719396424\n|switch|p2a: Calyrex|Calyrex-Ice, L50|100\/100\n|-ability|p2a: Calyrex|As One\n|-ability|p2a: Calyrex|Unnerve\n|turn|4\n|\n|t:|1719396441\n|-terastallize|p1a: Maushold|Normal\n|-terastallize|p2a: Calyrex|Fairy\n|move|p2b: Cresselia|Ally Switch|p2b: Cresselia\n|swap|p2b: Cresselia|0|[from] move: Ally Switch\n|move|p1b: Roaring Moon|Knock Off|p2b: Calyrex\n|-resisted|p2b: Calyrex\n|-damage|p2b: Calyrex|82\/100\n|-enditem|p2b: Calyrex|Sitrus Berry|[from] move: Knock Off|[of] p1b: Roaring Moon\n|move|p1a: Maushold|Population Bomb|p2a: Cresselia\n|-damage|p2a: Cresselia|30\/100\n|-damage|p2a: Cresselia|22\/100\n|-damage|p2a: Cresselia|13\/100\n|-crit|p2a: Cresselia\n|-damage|p2a: Cresselia|1\/100\n|-damage|p2a: Cresselia|0 fnt\n|faint|p2a: Cresselia\n|-hitcount|p2: Cresselia|5\n|move|p2b: Calyrex|Glacial Lance|p1b: Roaring Moon|[spread] p1a,p1b\n|-supereffective|p1b: Roaring Moon\n|-damage|p1a: Maushold|29\/100\n|-damage|p1b: Roaring Moon|0 fnt\n|faint|p1b: Roaring Moon\n|-end|p1b: Roaring Moon|Protosynthesis|[silent]\n|-ability|p2b: Calyrex|Chilling Neigh|boost\n|-boost|p2b: Calyrex|atk|1\n|\n|upkeep\n|\n|t:|1719396453\n|switch|p1b: Urshifu|Urshifu-Rapid-Strike, L50, M|100\/100\n|switch|p2a: Amoonguss|Amoonguss, L50, F|97\/100\n|turn|5\n|\n|t:|1719396467\n|move|p2a: Amoonguss|Rage Powder|p2a: Amoonguss\n|-singleturn|p2a: Amoonguss|move: Rage Powder\n|move|p1a: Maushold|Population Bomb|p2a: Amoonguss\n|-damage|p2a: Amoonguss|85\/100\n|-damage|p2a: Amoonguss|74\/100\n|-damage|p2a: Amoonguss|62\/100\n|-damage|p2a: Amoonguss|51\/100\n|-damage|p2a: Amoonguss|39\/100\n|-damage|p2a: Amoonguss|28\/100\n|-damage|p2a: Amoonguss|16\/100\n|-damage|p2a: Amoonguss|5\/100\n|-damage|p2a: Amoonguss|0 fnt\n|faint|p2a: Amoonguss\n|-hitcount|p2: Amoonguss|9\n|move|p1b: Urshifu|Surging Strikes|p2b: Calyrex\n|-crit|p2b: Calyrex\n|-damage|p2b: Calyrex|70\/100\n|-crit|p2b: Calyrex\n|-damage|p2b: Calyrex|58\/100\n|-crit|p2b: Calyrex\n|-damage|p2b: Calyrex|46\/100\n|-hitcount|p2b: Calyrex|3\n|move|p2b: Calyrex|Glacial Lance|p1b: Urshifu|[spread] p1a,p1b\n|-resisted|p1b: Urshifu\n|-damage|p1a: Maushold|0 fnt\n|-damage|p1b: Urshifu|64\/100\n|faint|p1a: Maushold\n|-ability|p2b: Calyrex|Chilling Neigh|boost\n|-boost|p2b: Calyrex|atk|1\n|\n|upkeep\n|turn|6\n|\n|t:|1719396495\n|move|p1b: Urshifu|Protect|p1b: Urshifu\n|-singleturn|p1b: Urshifu|Protect\n|move|p2b: Calyrex|Glacial Lance|p1b: Urshifu\n|-activate|p1b: Urshifu|move: Protect\n|\n|upkeep\n|turn|7\n|\n|t:|1719396502\n|move|p1b: Urshifu|Surging Strikes|p2b: Calyrex\n|-crit|p2b: Calyrex\n|-damage|p2b: Calyrex|34\/100\n|-crit|p2b: Calyrex\n|-damage|p2b: Calyrex|23\/100\n|-crit|p2b: Calyrex\n|-damage|p2b: Calyrex|11\/100\n|-hitcount|p2b: Calyrex|3\n|move|p2b: Calyrex|Glacial Lance|p1b: Urshifu\n|-resisted|p1b: Urshifu\n|-damage|p1b: Urshifu|0 fnt\n|faint|p1b: Urshifu\n|\n|win|subutan\n|raw|shuijun2\u7535\u9f99\u4fa0's rating: 1756 &rarr; <strong>1732<\/strong><br \/>(-24 for losing)\n|raw|subutan's rating: 1689 &rarr; <strong>1713<\/strong><br \/>(+24 for winning)\n|l|\u2606shuijun2\u7535\u9f99\u4fa0\n|player|p1|\n|l|\u2606subutan\n|player|p2|\n","uploadtime":1719396763,"views":51,"formatid":"gen9vgc2024regg","rating":1713,"private":0,"password":null}