{"id":"gen9vgc2024regg-2150297705","format":"[Gen 9] VGC 2024 Reg G","players":["shuijun2\u7535\u9f99\u4fa0","pkmnallrounder"],"log":"|j|\u2606shuijun2\u7535\u9f99\u4fa0\n|j|\u2606pkmnallrounder\n|t:|1719396926\n|gametype|doubles\n|player|p1|shuijun2\u7535\u9f99\u4fa0|iono|1725\n|player|p2|pkmnallrounder|serena|1748\n|teamsize|p1|6\n|teamsize|p2|6\n|gen|9\n|tier|[Gen 9] VGC 2024 Reg G\n|rated|\n|rule|Species Clause: Limit one of each Pok\u00e9mon\n|rule|Item Clause: Limit one of each item\n|clearpoke\n|poke|p1|Armarouge, L50, F|\n|poke|p1|Zamazenta-*, L50|\n|poke|p1|Indeedee, L50, M|\n|poke|p1|Roaring Moon, L50|\n|poke|p1|Urshifu-*, L50, F|\n|poke|p1|Maushold, L50|\n|poke|p2|Skeledirge, L50, M|\n|poke|p2|Rillaboom, L50, M|\n|poke|p2|Grimmsnarl, L50, M|\n|poke|p2|Empoleon, L50, F|\n|poke|p2|Urshifu-*, L50, F|\n|poke|p2|Terapagos, L50, M|\n|teampreview|4\n|\n|t:|1719396952\n|start\n|switch|p1a: Roaring Moon|Roaring Moon, L50|100\/100\n|switch|p1b: Armarouge|Armarouge, L50, F, shiny|100\/100\n|switch|p2a: Grimmsnarl|Grimmsnarl, L50, M|100\/100\n|switch|p2b: Urshifu|Urshifu, L50, F|100\/100\n|-enditem|p1a: Roaring Moon|Booster Energy\n|-activate|p1a: Roaring Moon|ability: Protosynthesis|[fromitem]\n|-start|p1a: Roaring Moon|protosynthesisspe\n|turn|1\n|\n|t:|1719396964\n|move|p2a: Grimmsnarl|Light Screen|p2a: Grimmsnarl\n|-sidestart|p2: pkmnallrounder|move: Light Screen\n|move|p1a: Roaring Moon|Earthquake|p2a: Grimmsnarl|[spread] p1b,p2a,p2b\n|-supereffective|p1b: Armarouge\n|-crit|p2b: Urshifu\n|-damage|p1b: Armarouge|42\/100\n|-damage|p2a: Grimmsnarl|73\/100\n|-damage|p2b: Urshifu|62\/100\n|-ability|p1b: Armarouge|Weak Armor|boost\n|-unboost|p1b: Armarouge|def|1\n|-boost|p1b: Armarouge|spe|2\n|-enditem|p1b: Armarouge|Weakness Policy\n|-boost|p1b: Armarouge|atk|2|[from] item: Weakness Policy\n|-boost|p1b: Armarouge|spa|2|[from] item: Weakness Policy\n|move|p1b: Armarouge|Heat Wave|p2b: Urshifu|[spread] p2a,p2b\n|-damage|p2a: Grimmsnarl|31\/100\n|-damage|p2b: Urshifu|0 fnt\n|faint|p2b: Urshifu\n|\n|upkeep\n|\n|t:|1719396971\n|switch|p2b: Terapagos|Terapagos, L50, M|100\/100\n|-activate|p2b: Terapagos|ability: Tera Shift\n|detailschange|p2b: Terapagos|Terapagos-Terastal, L50, M\n|-heal|p2b: Terapagos|100\/100|[silent]\n|turn|2\n|\n|t:|1719396979\n|move|p1b: Armarouge|Protect|p1b: Armarouge\n|-singleturn|p1b: Armarouge|Protect\n|move|p2a: Grimmsnarl|Reflect|p2a: Grimmsnarl\n|-sidestart|p2: pkmnallrounder|Reflect\n|move|p1a: Roaring Moon|Earthquake|p2b: Terapagos|[spread] p2a,p2b\n|-activate|p1b: Armarouge|move: Protect\n|-activate|p2b: Terapagos|ability: Tera Shell\n|-resisted|p2b: Terapagos\n|-damage|p2a: Grimmsnarl|12\/100\n|-damage|p2b: Terapagos|94\/100\n|move|p2b: Terapagos|Calm Mind|p2b: Terapagos\n|-boost|p2b: Terapagos|spa|1\n|-boost|p2b: Terapagos|spd|1\n|\n|-heal|p2b: Terapagos|99\/100|[from] item: Leftovers\n|upkeep\n|turn|3\n|\n|t:|1719396997\n|-end|p1a: Roaring Moon|Protosynthesis|[silent]\n|switch|p1a: Indeedee|Indeedee, L50, M|100\/100\n|-fieldstart|move: Psychic Terrain|[from] ability: Psychic Surge|[of] p1a: Indeedee\n|-terastallize|p1b: Armarouge|Stellar\n|move|p2b: Terapagos|Protect|p2b: Terapagos\n|-singleturn|p2b: Terapagos|Protect\n|move|p1b: Armarouge|Stored Power|p2b: Terapagos\n|-activate|p2b: Terapagos|move: Protect\n|move|p2a: Grimmsnarl|Spirit Break|p1a: Indeedee\n|-damage|p1a: Indeedee|40\/100\n|-unboost|p1a: Indeedee|spa|1\n|\n|-heal|p2b: Terapagos|100\/100|[from] item: Leftovers\n|upkeep\n|turn|4\n|\n|t:|1719397016\n|switch|p2a: Skeledirge|Skeledirge, L50, M|100\/100\n|-terastallize|p2b: Terapagos|Stellar\n|detailschange|p2b: Terapagos|Terapagos-Stellar, L50, M, tera:Stellar\n|-heal|p2b: Terapagos|100\/100|[silent]\n|-ability|p2b: Terapagos|Teraform Zero\n|-fieldend|move: Psychic Terrain\n|move|p1b: Armarouge|Heat Wave|p2b: Terapagos|[spread] p2a,p2b\n|-resisted|p2a: Skeledirge\n|-damage|p2a: Skeledirge|86\/100\n|-damage|p2b: Terapagos|75\/100\n|move|p1a: Indeedee|Encore|p2b: Terapagos\n|-start|p2b: Terapagos|Encore\n|move|p2b: Terapagos|Protect||[still]\n|-fail|p2b: Terapagos\n|\n|-heal|p2b: Terapagos|81\/100|[from] item: Leftovers\n|upkeep\n|turn|5\n|\n|t:|1719397036\n|switch|p1a: Zamazenta|Zamazenta-Crowned, L50|100\/100\n|-ability|p1a: Zamazenta|Dauntless Shield|boost\n|-boost|p1a: Zamazenta|def|1\n|move|p1b: Armarouge|Protect|p1b: Armarouge\n|-singleturn|p1b: Armarouge|Protect\n|move|p2b: Terapagos|Protect|p2b: Terapagos\n|-singleturn|p2b: Terapagos|Protect\n|move|p2a: Skeledirge|Shadow Ball|p1b: Armarouge\n|-activate|p1b: Armarouge|move: Protect\n|\n|-heal|p2b: Terapagos|87\/100|[from] item: Leftovers\n|upkeep\n|turn|6\n|\n|t:|1719397055\n|move|p2b: Terapagos|Protect|p2b: Terapagos\n|-singleturn|p2b: Terapagos|Protect\n|move|p1b: Armarouge|Stored Power|p2a: Skeledirge\n|-damage|p2a: Skeledirge|30\/100\n|move|p1a: Zamazenta|Heavy Slam|p2a: Skeledirge\n|-resisted|p2a: Skeledirge\n|-damage|p2a: Skeledirge|23\/100\n|move|p2a: Skeledirge|Will-O-Wisp|p1a: Zamazenta\n|-status|p1a: Zamazenta|brn\n|\n|-heal|p2b: Terapagos|93\/100|[from] item: Leftovers\n|-damage|p1a: Zamazenta|95\/100 brn|[from] brn\n|-end|p2b: Terapagos|Encore\n|upkeep\n|turn|7\n|\n|t:|1719397078\n|switch|p2a: Grimmsnarl|Grimmsnarl, L50, M|12\/100\n|move|p1a: Zamazenta|Wide Guard|p1a: Zamazenta\n|-singleturn|p1a: Zamazenta|Wide Guard\n|move|p1b: Armarouge|Heat Wave|p2a: Grimmsnarl|[spread] p2b\n|-miss|p1b: Armarouge|p2a: Grimmsnarl\n|-damage|p2b: Terapagos|75\/100\n|move|p2b: Terapagos|Tera Starstorm|p1b: Armarouge|[spread] \n|-activate|p1a: Zamazenta|move: Wide Guard\n|-activate|p1b: Armarouge|move: Wide Guard\n|\n|-heal|p2b: Terapagos|81\/100|[from] item: Leftovers\n|-damage|p1a: Zamazenta|89\/100 brn|[from] brn\n|upkeep\n|turn|8\n|\n|t:|1719397093\n|move|p1b: Armarouge|Protect|p1b: Armarouge\n|-singleturn|p1b: Armarouge|Protect\n|move|p2a: Grimmsnarl|Thunder Wave|p1b: Armarouge\n|-activate|p1b: Armarouge|move: Protect\n|move|p1a: Zamazenta|Body Press|p2b: Terapagos\n|-supereffective|p2b: Terapagos\n|-damage|p2b: Terapagos|52\/100\n|move|p2b: Terapagos|Earth Power|p1b: Armarouge\n|-activate|p1b: Armarouge|move: Protect\n|\n|-heal|p2b: Terapagos|58\/100|[from] item: Leftovers\n|-damage|p1a: Zamazenta|83\/100 brn|[from] brn\n|-sideend|p2: pkmnallrounder|move: Light Screen\n|upkeep\n|turn|9\n|\n|t:|1719397108\n|move|p2a: Grimmsnarl|Light Screen|p2a: Grimmsnarl\n|-sidestart|p2: pkmnallrounder|move: Light Screen\n|move|p1b: Armarouge|Stored Power|p2b: Terapagos\n|-damage|p2b: Terapagos|21\/100\n|move|p1a: Zamazenta|Heavy Slam|p2a: Grimmsnarl\n|-supereffective|p2a: Grimmsnarl\n|-damage|p2a: Grimmsnarl|0 fnt\n|faint|p2a: Grimmsnarl\n|move|p2b: Terapagos|Tera Starstorm|p1b: Armarouge|[spread] p1a,p1b\n|-supereffective|p1b: Armarouge\n|-damage|p1a: Zamazenta|42\/100 brn\n|-damage|p1b: Armarouge|0 fnt\n|faint|p1b: Armarouge\n|\n|-heal|p2b: Terapagos|27\/100|[from] item: Leftovers\n|-damage|p1a: Zamazenta|36\/100 brn|[from] brn\n|-sideend|p2: pkmnallrounder|Reflect\n|upkeep\n|\n|t:|1719397120\n|switch|p1b: Indeedee|Indeedee, L50, M|40\/100\n|switch|p2a: Skeledirge|Skeledirge, L50, M|23\/100\n|-fieldstart|move: Psychic Terrain|[from] ability: Psychic Surge|[of] p1b: Indeedee\n|turn|10\n|\n|t:|1719397127\n|move|p2b: Terapagos|Protect|p2b: Terapagos\n|-singleturn|p2b: Terapagos|Protect\n|move|p1b: Indeedee|Expanding Force|p2a: Skeledirge|[spread] p2a\n|-activate|p2b: Terapagos|move: Protect\n|-damage|p2a: Skeledirge|0 fnt\n|faint|p2a: Skeledirge\n|move|p1a: Zamazenta|Body Press|p2b: Terapagos\n|-activate|p2b: Terapagos|move: Protect\n|\n|-heal|p2b: Terapagos|33\/100|[from] item: Leftovers\n|-damage|p1a: Zamazenta|30\/100 brn|[from] brn\n|upkeep\n|turn|11\n|-message|pkmnallrounder forfeited.\n|\n|win|shuijun2\u7535\u9f99\u4fa0\n|raw|shuijun2\u7535\u9f99\u4fa0's rating: 1725 &rarr; <strong>1746<\/strong><br \/>(+21 for winning)\n|raw|pkmnallrounder's rating: 1748 &rarr; <strong>1727<\/strong><br \/>(-21 for losing)\n|l|\u2606pkmnallrounder\n|player|p2|\n|l|\u2606shuijun2\u7535\u9f99\u4fa0\n|player|p1|\n","uploadtime":1719397320,"views":43,"formatid":"gen9vgc2024regg","rating":1727,"private":0,"password":null}