{"id":"gen9vgc2024regg-2151197554","format":"[Gen 9] VGC 2024 Reg G","players":["datbishgames","Auraen"],"log":"|j|\u2606datbishgames\n|j|\u2606Auraen\n|t:|1719520333\n|gametype|doubles\n|player|p1|datbishgames|mira|1702\n|player|p2|Auraen|harlequin|1674\n|teamsize|p1|6\n|teamsize|p2|6\n|gen|9\n|tier|[Gen 9] VGC 2024 Reg G\n|rated|\n|rule|Species Clause: Limit one of each Pok\u00e9mon\n|rule|Item Clause: Limit one of each item\n|clearpoke\n|poke|p1|Calyrex-Ice, L50|\n|poke|p1|Raging Bolt, L50|\n|poke|p1|Annihilape, L50, M|\n|poke|p1|Incineroar, L50, M|\n|poke|p1|Primarina, L50, F|\n|poke|p1|Amoonguss, L50, M|\n|poke|p2|Terapagos, L50, M|\n|poke|p2|Munkidori, L50, M|\n|poke|p2|Incineroar, L50, M|\n|poke|p2|Goodra, L50, M|\n|poke|p2|Sinistcha, L50|\n|poke|p2|Primarina, L50, F|\n|teampreview|4\n|inactive|Battle timer is ON: inactive players will automatically lose when time's up. (requested by datbishgames)\n|inactive|datbishgames has 60 seconds left.\n|\n|t:|1719520371\n|start\n|switch|p1a: Calyrex|Calyrex-Ice, L50|100\/100\n|switch|p1b: Annihilape|Annihilape, L50, M|100\/100\n|switch|p2a: Munkidori|Munkidori, L50, M|100\/100\n|switch|p2b: Terapagos|Terapagos, L50, M|100\/100\n|-activate|p2b: Terapagos|ability: Tera Shift\n|detailschange|p2b: Terapagos|Terapagos-Terastal, L50, M\n|-heal|p2b: Terapagos|100\/100|[silent]\n|-ability|p1a: Calyrex|As One\n|-ability|p1a: Calyrex|Unnerve\n|turn|1\n|\n|t:|1719520386\n|-terastallize|p2b: Terapagos|Stellar\n|detailschange|p2b: Terapagos|Terapagos-Stellar, L50, M, tera:Stellar\n|-heal|p2b: Terapagos|100\/100|[silent]\n|move|p2a: Munkidori|Fake Out|p1a: Calyrex\n|-damage|p1a: Calyrex|96\/100\n|-status|p1a: Calyrex|tox|[from] ability: Toxic Chain|[of] p2a: Munkidori\n|move|p1b: Annihilape|Final Gambit|p2b: Terapagos\n|-damage|p2b: Terapagos|19\/100\n|faint|p1b: Annihilape\n|move|p2b: Terapagos|Tera Starstorm|p1a: Calyrex\n|-damage|p1a: Calyrex|50\/100 tox\n|cant|p1a: Calyrex|flinch\n|\n|-damage|p1a: Calyrex|44\/100 tox|[from] psn\n|upkeep\n|\n|t:|1719520407\n|switch|p1b: Raging Bolt|Raging Bolt, L50|100\/100\n|turn|2\n|\n|t:|1719520412\n|switch|p2b: Incineroar|Incineroar, L50, M|100\/100\n|-ability|p2b: Incineroar|Intimidate|boost\n|-fail|p1a: Calyrex|unboost|[from] item: Clear Amulet|[of] p1a: Calyrex\n|-unboost|p1b: Raging Bolt|atk|1\n|move|p1b: Raging Bolt|Thunderclap||[still]\n|-fail|p1b: Raging Bolt\n|move|p2a: Munkidori|Parting Shot|p1b: Raging Bolt\n|-unboost|p1b: Raging Bolt|atk|1\n|-unboost|p1b: Raging Bolt|spa|1\n|\n|t:|1719520415\n|switch|p2a: Primarina|Primarina, L50, F|100\/100|[from] Parting Shot\n|move|p1a: Calyrex|Trick Room|p1a: Calyrex\n|-fieldstart|move: Trick Room|[of] p1a: Calyrex\n|\n|-damage|p1a: Calyrex|33\/100 tox|[from] psn\n|upkeep\n|turn|3\n|\n|t:|1719520434\n|switch|p1a: Amoonguss|Amoonguss, L50, M|100\/100\n|switch|p2a: Munkidori|Munkidori, L50, M|100\/100\n|move|p2b: Incineroar|Fake Out|p1a: Amoonguss\n|-damage|p1a: Amoonguss|91\/100\n|-damage|p2b: Incineroar|84\/100|[from] item: Rocky Helmet|[of] p1a: Amoonguss\n|move|p1b: Raging Bolt|Volt Switch|p2a: Munkidori\n|-damage|p2a: Munkidori|75\/100\n|\n|t:|1719520440\n|-end|p1b: Raging Bolt|Protosynthesis|[silent]\n|switch|p1b: Calyrex|Calyrex-Ice, L50|33\/100 tox|[from] Volt Switch\n|-ability|p1b: Calyrex|As One\n|-ability|p1b: Calyrex|Unnerve\n|\n|-damage|p1b: Calyrex|27\/100 tox|[from] psn\n|upkeep\n|turn|4\n|\n|t:|1719520467\n|move|p1b: Calyrex|Protect|p1b: Calyrex\n|-singleturn|p1b: Calyrex|Protect\n|move|p2a: Munkidori|Fake Out|p1a: Amoonguss\n|-damage|p1a: Amoonguss|84\/100\n|-damage|p2a: Munkidori|59\/100|[from] item: Rocky Helmet|[of] p1a: Amoonguss\n|cant|p1a: Amoonguss|flinch\n|move|p2b: Incineroar|Knock Off|p1a: Amoonguss\n|-damage|p1a: Amoonguss|48\/100\n|-damage|p2b: Incineroar|68\/100|[from] item: Rocky Helmet|[of] p1a: Amoonguss\n|-enditem|p1a: Amoonguss|Rocky Helmet|[from] move: Knock Off|[of] p2b: Incineroar\n|\n|-damage|p1b: Calyrex|15\/100 tox|[from] psn\n|upkeep\n|turn|5\n|\n|t:|1719520480\n|switch|p2a: Primarina|Primarina, L50, F|100\/100\n|-terastallize|p1b: Calyrex|Fire\n|move|p1a: Amoonguss|Pollen Puff|p1b: Calyrex\n|-heal|p1b: Calyrex|65\/100 tox\n|move|p1b: Calyrex|Glacial Lance|p2b: Incineroar|[spread] p2a,p2b\n|-resisted|p2a: Primarina\n|-resisted|p2b: Incineroar\n|-damage|p2a: Primarina|76\/100\n|-damage|p2b: Incineroar|47\/100\n|move|p2b: Incineroar|Flare Blitz|p1a: Amoonguss\n|-supereffective|p1a: Amoonguss\n|-damage|p1a: Amoonguss|0 fnt\n|faint|p1a: Amoonguss\n|-damage|p2b: Incineroar|29\/100|[from] Recoil\n|\n|-heal|p2a: Primarina|82\/100|[from] item: Leftovers\n|-damage|p1b: Calyrex|48\/100 tox|[from] psn\n|upkeep\n|\n|t:|1719520493\n|switch|p1a: Raging Bolt|Raging Bolt, L50|100\/100\n|turn|6\n|\n|t:|1719520498\n|move|p2a: Primarina|Protect|p2a: Primarina\n|-singleturn|p2a: Primarina|Protect\n|move|p1a: Raging Bolt|Thunderclap||[still]\n|-fail|p1a: Raging Bolt\n|move|p1b: Calyrex|High Horsepower|p2b: Incineroar\n|-supereffective|p2b: Incineroar\n|-damage|p2b: Incineroar|0 fnt\n|faint|p2b: Incineroar\n|-ability|p1b: Calyrex|Chilling Neigh|boost\n|-boost|p1b: Calyrex|atk|1\n|\n|-heal|p2a: Primarina|88\/100|[from] item: Leftovers\n|-damage|p1b: Calyrex|25\/100 tox|[from] psn\n|-fieldend|move: Trick Room\n|upkeep\n|\n|t:|1719520500\n|switch|p2b: Munkidori|Munkidori, L50, M|59\/100\n|turn|7\n|\n|t:|1719520507\n|move|p2b: Munkidori|Fake Out|p1a: Raging Bolt\n|-damage|p1a: Raging Bolt|95\/100\n|cant|p1a: Raging Bolt|flinch\n|move|p2a: Primarina|Moonblast|p1a: Raging Bolt\n|-supereffective|p1a: Raging Bolt\n|-damage|p1a: Raging Bolt|49\/100\n|move|p1b: Calyrex|High Horsepower|p2a: Primarina\n|-damage|p2a: Primarina|28\/100\n|\n|-heal|p2a: Primarina|34\/100|[from] item: Leftovers\n|-damage|p1b: Calyrex|0 fnt|[from] psn\n|faint|p1b: Calyrex\n|upkeep\n|turn|8\n|-message|datbishgames forfeited.\n|\n|win|Auraen\n|raw|datbishgames's rating: 1702 &rarr; <strong>1680<\/strong><br \/>(-22 for losing)\n|raw|Auraen's rating: 1674 &rarr; <strong>1696<\/strong><br \/>(+22 for winning)\n|l|\u2606datbishgames\n|player|p1|\n","uploadtime":1719520656,"views":12,"formatid":"gen9vgc2024regg","rating":1680,"private":0,"password":null}