{"id":"gen9vgc2024regg-2151432739","format":"[Gen 9] VGC 2024 Reg G","players":["radiantwf2","Spottedwoot"],"log":"|j|\u2606radiantwf2\n|j|\u2606Spottedwoot\n|t:|1719554735\n|gametype|doubles\n|player|p1|radiantwf2|1|1682\n|player|p2|Spottedwoot|265|1771\n|teamsize|p1|6\n|teamsize|p2|6\n|gen|9\n|tier|[Gen 9] VGC 2024 Reg G\n|rated|\n|rule|Species Clause: Limit one of each Pok\u00e9mon\n|rule|Item Clause: Limit one of each item\n|clearpoke\n|poke|p1|Flutter Mane, L50|\n|poke|p1|Zamazenta-*, L50|\n|poke|p1|Urshifu-*, L50, M|\n|poke|p1|Rillaboom, L50, M|\n|poke|p1|Chien-Pao, L50|\n|poke|p1|Entei, L50|\n|poke|p2|Calyrex-Shadow, L50|\n|poke|p2|Tornadus, L50, M|\n|poke|p2|Chi-Yu, L50|\n|poke|p2|Rillaboom, L50, F|\n|poke|p2|Urshifu-*, L50, M|\n|poke|p2|Incineroar, L50, M|\n|teampreview|4\n|inactive|Battle timer is ON: inactive players will automatically lose when time's up. (requested by radiantwf2)\n|inactive|radiantwf2 has 60 seconds left.\n|j| autumdog\n|inactive|radiantwf2 has 30 seconds left.\n|\n|t:|1719554802\n|start\n|switch|p1a: Entei|Entei, L50|100\/100\n|switch|p1b: Flutter Mane|Flutter Mane, L50|100\/100\n|switch|p2a: Calyrex|Calyrex-Shadow, L50|100\/100\n|switch|p2b: Tornadus|Tornadus, L50, M|100\/100\n|-ability|p2a: Calyrex|As One\n|-ability|p2a: Calyrex|Unnerve\n|-enditem|p1b: Flutter Mane|Booster Energy\n|-activate|p1b: Flutter Mane|ability: Protosynthesis|[fromitem]\n|-start|p1b: Flutter Mane|protosynthesisspe\n|turn|1\n|inactive|radiantwf2 has 30 seconds left.\n|inactive|radiantwf2 has 20 seconds left.\n|inactive|radiantwf2 has 15 seconds left.\n|\n|t:|1719554843\n|-terastallize|p2a: Calyrex|Ghost\n|-terastallize|p1a: Entei|Normal\n|move|p1b: Flutter Mane|Protect|p1b: Flutter Mane\n|-singleturn|p1b: Flutter Mane|Protect\n|move|p2b: Tornadus|Tailwind|p2b: Tornadus\n|-sidestart|p2: Spottedwoot|move: Tailwind\n|move|p2a: Calyrex|Astral Barrage|p1a: Entei|[spread] \n|-activate|p1b: Flutter Mane|move: Protect\n|-immune|p1a: Entei\n|move|p1a: Entei|Sacred Fire|p2a: Calyrex\n|-damage|p2a: Calyrex|8\/100\n|-status|p2a: Calyrex|brn\n|\n|-damage|p2a: Calyrex|2\/100 brn|[from] brn\n|upkeep\n|turn|2\n|inactive|radiantwf2 has 30 seconds left.\n|\n|t:|1719554872\n|move|p1b: Flutter Mane|Protect|p1b: Flutter Mane\n|-singleturn|p1b: Flutter Mane|Protect\n|move|p2a: Calyrex|Astral Barrage|p1a: Entei|[spread] \n|-activate|p1b: Flutter Mane|move: Protect\n|-immune|p1a: Entei\n|move|p2b: Tornadus|Knock Off|p1a: Entei\n|-damage|p1a: Entei|76\/100\n|-enditem|p1a: Entei|Choice Band|[from] move: Knock Off|[of] p2b: Tornadus\n|move|p1a: Entei|Sacred Fire|p2b: Tornadus\n|-damage|p2b: Tornadus|17\/100\n|\n|-damage|p2a: Calyrex|0 fnt|[from] brn\n|faint|p2a: Calyrex\n|upkeep\n|\n|t:|1719554877\n|switch|p2a: Chi-Yu|Chi-Yu, L50|100\/100\n|-ability|p2a: Chi-Yu|Beads of Ruin\n|turn|3\n|\n|t:|1719554898\n|move|p1a: Entei|Extreme Speed|p2b: Tornadus\n|-damage|p2b: Tornadus|0 fnt\n|faint|p2b: Tornadus\n|move|p2a: Chi-Yu|Heat Wave|p1b: Flutter Mane|[spread] p1a\n|-miss|p2a: Chi-Yu|p1b: Flutter Mane\n|-damage|p1a: Entei|13\/100\n|move|p1b: Flutter Mane|Thunder Wave|p2a: Chi-Yu\n|-status|p2a: Chi-Yu|par\n|\n|upkeep\n|\n|t:|1719554907\n|switch|p2b: Urshifu|Urshifu-Rapid-Strike, L50, M|100\/100\n|turn|4\n|\n|t:|1719554927\n|move|p1a: Entei|Extreme Speed|p2a: Chi-Yu\n|-damage|p2a: Chi-Yu|29\/100 par\n|move|p2b: Urshifu|Surging Strikes|p1b: Flutter Mane\n|-crit|p1b: Flutter Mane\n|-damage|p1b: Flutter Mane|76\/100\n|-crit|p1b: Flutter Mane\n|-damage|p1b: Flutter Mane|50\/100\n|-crit|p1b: Flutter Mane\n|-damage|p1b: Flutter Mane|25\/100\n|-hitcount|p1b: Flutter Mane|3\n|move|p1b: Flutter Mane|Thunder Wave|p2b: Urshifu\n|-status|p2b: Urshifu|par\n|move|p2a: Chi-Yu|Heat Wave|p1a: Entei|[spread] p1a,p1b\n|-damage|p1a: Entei|0 fnt\n|-damage|p1b: Flutter Mane|0 fnt\n|faint|p1a: Entei\n|faint|p1b: Flutter Mane\n|-end|p1b: Flutter Mane|Protosynthesis|[silent]\n|\n|-sideend|p2: Spottedwoot|move: Tailwind\n|upkeep\n|\n|t:|1719554935\n|switch|p1b: Zamazenta|Zamazenta-Crowned, L50|100\/100\n|switch|p1a: Rillaboom|Rillaboom, L50, M|100\/100\n|-ability|p1b: Zamazenta|Dauntless Shield|boost\n|-boost|p1b: Zamazenta|def|1\n|turn|5\n|-message|Spottedwoot forfeited.\n|\n|win|radiantwf2\n|raw|radiantwf2's rating: 1682 &rarr; <strong>1707<\/strong><br \/>(+25 for winning)\n|raw|Spottedwoot's rating: 1771 &rarr; <strong>1746<\/strong><br \/>(-25 for losing)\n|l|\u2606Spottedwoot\n|player|p2|\n|j| VVVincenTTT\n|l| VVVincenTTT\n|l|\u2606radiantwf2\n|player|p1|\n|l| autumdog\n","uploadtime":1719555213,"views":13,"formatid":"gen9vgc2024regg","rating":1707,"private":0,"password":null}