{"id":"gen9vgc2024regg-2151915501","format":"[Gen 9] VGC 2024 Reg G","players":["Auraen","DaleG"],"log":"|j|\u2606Auraen\n|j|\u2606DaleG\n|t:|1719624647\n|gametype|doubles\n|player|p1|Auraen|harlequin|1698\n|player|p2|DaleG|1|1722\n|teamsize|p1|6\n|teamsize|p2|6\n|gen|9\n|tier|[Gen 9] VGC 2024 Reg G\n|rated|\n|rule|Species Clause: Limit one of each Pok\u00e9mon\n|rule|Item Clause: Limit one of each item\n|clearpoke\n|poke|p1|Terapagos, L50, M|\n|poke|p1|Munkidori, L50, M|\n|poke|p1|Incineroar, L50, F|\n|poke|p1|Goodra, L50, F|\n|poke|p1|Sinistcha, L50|\n|poke|p1|Primarina, L50, F|\n|poke|p2|Zamazenta-*, L50|\n|poke|p2|Chien-Pao, L50|\n|poke|p2|Amoonguss, L50, M|\n|poke|p2|Raging Bolt, L50|\n|poke|p2|Flutter Mane, L50|\n|poke|p2|Tornadus, L50, M|\n|teampreview|4\n|\n|t:|1719624699\n|start\n|switch|p1a: Incineroar|Incineroar, L50, F|100\/100\n|switch|p1b: Terapagos|Terapagos, L50, M|100\/100\n|switch|p2a: Flutter Mane|Flutter Mane, L50|100\/100\n|switch|p2b: Zamazenta|Zamazenta-Crowned, L50|100\/100\n|-activate|p1b: Terapagos|ability: Tera Shift\n|detailschange|p1b: Terapagos|Terapagos-Terastal, L50, M\n|-heal|p1b: Terapagos|100\/100|[silent]\n|-ability|p2b: Zamazenta|Dauntless Shield|boost\n|-boost|p2b: Zamazenta|def|1\n|-ability|p1a: Incineroar|Intimidate|boost\n|-unboost|p2a: Flutter Mane|atk|1\n|-unboost|p2b: Zamazenta|atk|1\n|turn|1\n|inactive|Battle timer is ON: inactive players will automatically lose when time's up. (requested by DaleG)\n|inactive|DaleG has 60 seconds left.\n|\n|t:|1719624735\n|-terastallize|p1a: Incineroar|Ghost\n|move|p2a: Flutter Mane|Dazzling Gleam|p1b: Terapagos|[spread] p1a,p1b\n|-activate|p1b: Terapagos|ability: Tera Shell\n|-resisted|p1b: Terapagos\n|-damage|p1a: Incineroar|64\/100\n|-damage|p1b: Terapagos|85\/100\n|-damage|p2a: Flutter Mane|91\/100|[from] item: Life Orb\n|move|p2b: Zamazenta|Iron Defense|p2b: Zamazenta\n|-boost|p2b: Zamazenta|def|2\n|move|p1b: Terapagos|Dark Pulse|p2a: Flutter Mane\n|-damage|p2a: Flutter Mane|50\/100\n|move|p1a: Incineroar|Flare Blitz|p2a: Flutter Mane\n|-damage|p2a: Flutter Mane|0 fnt\n|faint|p2a: Flutter Mane\n|-end|p2a: Flutter Mane|Protosynthesis|[silent]\n|-damage|p1a: Incineroar|53\/100|[from] Recoil\n|\n|upkeep\n|\n|t:|1719624757\n|switch|p2a: Raging Bolt|Raging Bolt, L50|100\/100\n|turn|2\n|\n|t:|1719624765\n|switch|p1b: Sinistcha|Sinistcha, L50|100\/100\n|-heal|p1a: Incineroar|78\/100|[from] ability: Hospitality|[of] p1b: Sinistcha\n|move|p2b: Zamazenta|Body Press|p1b: Sinistcha\n|-immune|p1b: Sinistcha\n|move|p2a: Raging Bolt|Draco Meteor|p1a: Incineroar\n|-damage|p1a: Incineroar|8\/100\n|-unboost|p2a: Raging Bolt|spa|2\n|-enditem|p1a: Incineroar|Iapapa Berry|[eat]\n|-heal|p1a: Incineroar|41\/100|[from] item: Iapapa Berry\n|move|p1a: Incineroar|Parting Shot|p2a: Raging Bolt\n|-unboost|p2a: Raging Bolt|atk|1\n|-unboost|p2a: Raging Bolt|spa|1\n|\n|t:|1719624771\n|switch|p1a: Terapagos|Terapagos-Terastal, L50, M|85\/100|[from] Parting Shot\n|\n|upkeep\n|turn|3\n|j| GameLurker69\n|\n|t:|1719624791\n|switch|p1a: Incineroar|Incineroar, L50, F, tera:Ghost|41\/100\n|-ability|p1a: Incineroar|Intimidate|boost\n|-unboost|p2a: Raging Bolt|atk|1\n|-unboost|p2b: Zamazenta|atk|1\n|move|p2b: Zamazenta|Heavy Slam|p1b: Sinistcha\n|-damage|p1b: Sinistcha|78\/100\n|-damage|p2b: Zamazenta|84\/100|[from] item: Rocky Helmet|[of] p1b: Sinistcha\n|move|p2a: Raging Bolt|Snarl|p1a: Incineroar|[spread] p1a,p1b\n|-supereffective|p1a: Incineroar\n|-supereffective|p1b: Sinistcha\n|-damage|p1a: Incineroar|29\/100\n|-damage|p1b: Sinistcha|67\/100\n|-unboost|p1a: Incineroar|spa|1\n|-unboost|p1b: Sinistcha|spa|1\n|move|p1b: Sinistcha|Matcha Gotcha|p2a: Raging Bolt|[spread] p2b\n|-miss|p1b: Sinistcha|p2a: Raging Bolt\n|-resisted|p2b: Zamazenta\n|-damage|p2b: Zamazenta|78\/100\n|-heal|p1b: Sinistcha|70\/100|[from] drain|[of] p2b: Zamazenta\n|\n|upkeep\n|turn|4\n|inactive|DaleG has 30 seconds left.\n|inactive|DaleG has 20 seconds left.\n|\n|t:|1719624829\n|-end|p2a: Raging Bolt|Protosynthesis|[silent]\n|switch|p2a: Amoonguss|Amoonguss, L50, M|100\/100\n|switch|p1b: Munkidori|Munkidori, L50, M|100\/100\n|move|p1a: Incineroar|Fake Out|p2a: Amoonguss\n|-damage|p2a: Amoonguss|93\/100\n|-damage|p1a: Incineroar|13\/100|[from] item: Rocky Helmet|[of] p2a: Amoonguss\n|move|p2b: Zamazenta|Iron Defense|p2b: Zamazenta\n|-boost|p2b: Zamazenta|def|2\n|\n|upkeep\n|turn|5\n|\n|t:|1719624853\n|-terastallize|p2a: Amoonguss|Water\n|move|p2b: Zamazenta|Heavy Slam|p1a: Incineroar\n|-damage|p1a: Incineroar|0 fnt\n|faint|p1a: Incineroar\n|move|p1b: Munkidori|Psychic|p2a: Amoonguss\n|-damage|p2a: Amoonguss|57\/100\n|move|p2a: Amoonguss|Spore|p1b: Munkidori\n|-status|p1b: Munkidori|slp|[from] move: Spore\n|\n|upkeep\n|\n|t:|1719624855\n|switch|p1a: Sinistcha|Sinistcha, L50|70\/100\n|turn|6\n|inactive|DaleG has 30 seconds left.\n|\n|t:|1719624886\n|switch|p2a: Raging Bolt|Raging Bolt, L50|100\/100\n|move|p2b: Zamazenta|Body Press|p1b: Munkidori\n|-resisted|p1b: Munkidori\n|-damage|p1b: Munkidori|68\/100 slp\n|cant|p1b: Munkidori|slp\n|move|p1a: Sinistcha|Matcha Gotcha|p2a: Raging Bolt|[spread] p2b\n|-miss|p1a: Sinistcha|p2a: Raging Bolt\n|-resisted|p2b: Zamazenta\n|-damage|p2b: Zamazenta|69\/100\n|-heal|p1a: Sinistcha|75\/100|[from] drain|[of] p2b: Zamazenta\n|\n|upkeep\n|turn|7\n|\n|t:|1719624906\n|move|p2b: Zamazenta|Body Press|p1b: Munkidori\n|-resisted|p1b: Munkidori\n|-damage|p1b: Munkidori|32\/100 slp\n|-enditem|p1b: Munkidori|Sitrus Berry|[eat]\n|-heal|p1b: Munkidori|56\/100 slp|[from] item: Sitrus Berry\n|cant|p1b: Munkidori|slp\n|move|p2a: Raging Bolt|Snarl|p1b: Munkidori|[spread] p1a,p1b\n|-supereffective|p1a: Sinistcha\n|-supereffective|p1b: Munkidori\n|-damage|p1a: Sinistcha|49\/100\n|-damage|p1b: Munkidori|27\/100 slp\n|-unboost|p1a: Sinistcha|spa|1\n|-unboost|p1b: Munkidori|spa|1\n|move|p1a: Sinistcha|Strength Sap|p2b: Zamazenta\n|-unboost|p2b: Zamazenta|atk|1\n|-heal|p1a: Sinistcha|89\/100\n|\n|upkeep\n|turn|8\n|\n|t:|1719624926\n|move|p1a: Sinistcha|Rage Powder|p1a: Sinistcha\n|-singleturn|p1a: Sinistcha|move: Rage Powder\n|move|p2b: Zamazenta|Body Press|p1a: Sinistcha\n|-immune|p1a: Sinistcha\n|cant|p1b: Munkidori|slp\n|move|p2a: Raging Bolt|Snarl|p1a: Sinistcha|[spread] p1a,p1b\n|-supereffective|p1a: Sinistcha\n|-supereffective|p1b: Munkidori\n|-damage|p1a: Sinistcha|60\/100\n|-damage|p1b: Munkidori|0 fnt\n|-unboost|p1a: Sinistcha|spa|1\n|faint|p1b: Munkidori\n|\n|upkeep\n|\n|t:|1719624929\n|switch|p1b: Terapagos|Terapagos-Terastal, L50, M|85\/100\n|turn|9\n|\n|t:|1719624947\n|move|p1a: Sinistcha|Rage Powder|p1a: Sinistcha\n|-singleturn|p1a: Sinistcha|move: Rage Powder\n|move|p2b: Zamazenta|Body Press|p1a: Sinistcha\n|-immune|p1a: Sinistcha\n|move|p1b: Terapagos|Earth Power|p2b: Zamazenta\n|-supereffective|p2b: Zamazenta\n|-damage|p2b: Zamazenta|5\/100\n|move|p2a: Raging Bolt|Snarl|p1a: Sinistcha|[spread] p1a,p1b\n|-supereffective|p1a: Sinistcha\n|-damage|p1a: Sinistcha|33\/100\n|-damage|p1b: Terapagos|71\/100\n|-unboost|p1a: Sinistcha|spa|1\n|-unboost|p1b: Terapagos|spa|1\n|\n|upkeep\n|turn|10\n|\n|t:|1719624971\n|move|p1a: Sinistcha|Rage Powder|p1a: Sinistcha\n|-singleturn|p1a: Sinistcha|move: Rage Powder\n|move|p2b: Zamazenta|Heavy Slam|p1a: Sinistcha\n|-damage|p1a: Sinistcha|16\/100\n|-damage|p2b: Zamazenta|0 fnt|[from] item: Rocky Helmet|[of] p1a: Sinistcha\n|faint|p2b: Zamazenta\n|move|p1b: Terapagos|Earth Power|p2a: Raging Bolt\n|-supereffective|p2a: Raging Bolt\n|-damage|p2a: Raging Bolt|67\/100\n|-unboost|p2a: Raging Bolt|spd|1\n|move|p2a: Raging Bolt|Snarl|p1b: Terapagos|[spread] p1a,p1b\n|-supereffective|p1a: Sinistcha\n|-damage|p1a: Sinistcha|0 fnt\n|-damage|p1b: Terapagos|58\/100\n|-unboost|p1b: Terapagos|spa|1\n|faint|p1a: Sinistcha\n|\n|upkeep\n|-message|Auraen forfeited.\n|\n|win|DaleG\n|raw|Auraen's rating: 1698 &rarr; <strong>1679<\/strong><br \/>(-19 for losing)\n|raw|DaleG's rating: 1722 &rarr; <strong>1741<\/strong><br \/>(+19 for winning)\n|l|\u2606Auraen\n|player|p1|\n|l| GameLurker69\n|l|\u2606DaleG\n|player|p2|\n","uploadtime":1719625210,"views":22,"formatid":"gen9vgc2024regg","rating":1679,"private":0,"password":null}