{"id":"gen9vgc2024regg-2151375915","format":"[Gen 9] VGC 2024 Reg G","players":["subutan","TocThicc"],"log":"|j|\u2606subutan\n|j|\u2606TocThicc\n|t:|1719544579\n|gametype|doubles\n|player|p1|subutan|roughneck-gen4|1651\n|player|p2|TocThicc|169|1698\n|teamsize|p1|6\n|teamsize|p2|6\n|gen|9\n|tier|[Gen 9] VGC 2024 Reg G\n|rated|\n|rule|Species Clause: Limit one of each Pok\u00e9mon\n|rule|Item Clause: Limit one of each item\n|clearpoke\n|poke|p1|Cresselia, L50, F|\n|poke|p1|Dondozo, L50, M|\n|poke|p1|Chansey, L50, F|\n|poke|p1|Calyrex-Ice, L50|\n|poke|p1|Rillaboom, L50, M|\n|poke|p1|Ting-Lu, L50|\n|poke|p2|Calyrex-Ice, L50|\n|poke|p2|Rillaboom, L50, M|\n|poke|p2|Ting-Lu, L50|\n|poke|p2|Skeledirge, L50, M|\n|poke|p2|Raging Bolt, L50|\n|poke|p2|Iron Bundle, L50|\n|teampreview|4\n|inactive|Battle timer is ON: inactive players will automatically lose when time's up. (requested by subutan)\nTocThicc has agreed to open team sheets.\n|inactive|subutan has 60 seconds left.\n|inactive|TocThicc has 60 seconds left.\n|\n|t:|1719544614\n|start\n|switch|p1a: Calyrex|Calyrex-Ice, L50|100\/100\n|switch|p1b: Dondozo|Dondozo, L50, M|100\/100\n|switch|p2a: Iron Bundle|Iron Bundle, L50|100\/100\n|switch|p2b: Rillaboom|Rillaboom, L50, M|100\/100\n|-ability|p1a: Calyrex|As One\n|-ability|p1a: Calyrex|Unnerve\n|-fieldstart|move: Grassy Terrain|[from] ability: Grassy Surge|[of] p2b: Rillaboom\n|turn|1\n|inactive|subutan has 30 seconds left.\n|\n|t:|1719544640\n|move|p2b: Rillaboom|Fake Out|p1a: Calyrex\n|-damage|p1a: Calyrex|93\/100\n|move|p2a: Iron Bundle|Freeze-Dry|p1b: Dondozo\n|-supereffective|p1b: Dondozo\n|-damage|p1b: Dondozo|51\/100\n|cant|p1a: Calyrex|flinch\n|move|p1b: Dondozo|Yawn|p2b: Rillaboom\n|-start|p2b: Rillaboom|move: Yawn|[of] p1b: Dondozo\n|\n|-heal|p1a: Calyrex|99\/100|[from] Grassy Terrain\n|-heal|p1b: Dondozo|57\/100|[from] Grassy Terrain\n|upkeep\n|turn|2\n|j| autumdog\n|\n|t:|1719544660\n|switch|p2b: Skeledirge|Skeledirge, L50, M|100\/100\n|move|p1b: Dondozo|Protect|p1b: Dondozo\n|-singleturn|p1b: Dondozo|Protect\n|move|p2a: Iron Bundle|Freeze-Dry|p1b: Dondozo\n|-activate|p1b: Dondozo|move: Protect\n|move|p1a: Calyrex|Leech Seed|p2a: Iron Bundle\n|-start|p2a: Iron Bundle|move: Leech Seed\n|\n|-heal|p1a: Calyrex|100\/100|[from] Grassy Terrain\n|-heal|p1b: Dondozo|63\/100|[from] Grassy Terrain\n|-damage|p2a: Iron Bundle|88\/100|[from] Leech Seed|[of] p1a: Calyrex\n|upkeep\n|turn|3\n|inactive|subutan has 30 seconds left.\n|\n|t:|1719544687\n|-terastallize|p1a: Calyrex|Fairy\n|move|p2a: Iron Bundle|Encore|p1a: Calyrex\n|-start|p1a: Calyrex|Encore\n|move|p2b: Skeledirge|Will-O-Wisp|p1a: Calyrex\n|-status|p1a: Calyrex|brn\n|move|p1a: Calyrex|Leech Seed|p2b: Skeledirge\n|-start|p2b: Skeledirge|move: Leech Seed\n|move|p1b: Dondozo|Liquidation|p2b: Skeledirge\n|-supereffective|p2b: Skeledirge\n|-damage|p2b: Skeledirge|60\/100\n|-unboost|p2b: Skeledirge|def|1\n|\n|-heal|p2a: Iron Bundle|94\/100|[from] Grassy Terrain\n|-heal|p2b: Skeledirge|66\/100|[from] Grassy Terrain\n|-heal|p1b: Dondozo|69\/100|[from] Grassy Terrain\n|-damage|p2a: Iron Bundle|82\/100|[from] Leech Seed|[of] p1a: Calyrex\n|-damage|p2b: Skeledirge|54\/100|[from] Leech Seed|[of] p1a: Calyrex\n|-damage|p1a: Calyrex|95\/100 brn|[from] brn\n|upkeep\n|turn|4\n|inactive|subutan has 30 seconds left.\n|inactive|subutan has 20 seconds left.\n|inactive|subutan has 15 seconds left.\n|\n|t:|1719544729\n|switch|p2b: Rillaboom|Rillaboom, L50, M|100\/100\n|switch|p1a: Cresselia|Cresselia, L50, F|100\/100\n|move|p1b: Dondozo|Protect|p1b: Dondozo\n|-singleturn|p1b: Dondozo|Protect\n|move|p2a: Iron Bundle|Encore|p1b: Dondozo\n|-activate|p1b: Dondozo|move: Protect\n|\n|-heal|p2a: Iron Bundle|88\/100|[from] Grassy Terrain\n|-heal|p1b: Dondozo|76\/100|[from] Grassy Terrain\n|-damage|p2a: Iron Bundle|76\/100|[from] Leech Seed|[of] p1a: Cresselia\n|upkeep\n|turn|5\n|inactive|subutan has 30 seconds left.\n|j| FBISurveillanceMan\n|inactive|TocThicc has 30 seconds left.\n|\n|t:|1719544759\n|-end|p2a: Iron Bundle|Quark Drive|[silent]\n|switch|p2a: Skeledirge|Skeledirge, L50, M|54\/100\n|switch|p1b: Calyrex|Calyrex-Ice, L50, tera:Fairy|95\/100 brn\n|-ability|p1b: Calyrex|As One\n|-ability|p1b: Calyrex|Unnerve\n|move|p1a: Cresselia|Thunder Wave|p2b: Rillaboom\n|-status|p2b: Rillaboom|par\n|move|p2b: Rillaboom|Wood Hammer|p1b: Calyrex\n|-damage|p1b: Calyrex|41\/100 brn\n|-enditem|p1b: Calyrex|Sitrus Berry|[eat]\n|-heal|p1b: Calyrex|66\/100 brn|[from] item: Sitrus Berry\n|-damage|p2b: Rillaboom|83\/100 par|[from] Recoil\n|\n|-heal|p2a: Skeledirge|60\/100|[from] Grassy Terrain\n|-heal|p1b: Calyrex|72\/100 brn|[from] Grassy Terrain\n|-heal|p2b: Rillaboom|88\/100 par|[from] Grassy Terrain\n|-damage|p1b: Calyrex|66\/100 brn|[from] brn\n|-fieldend|move: Grassy Terrain\n|upkeep\n|turn|6\n|inactive|subutan has 30 seconds left.\n|inactive|TocThicc has 30 seconds left.\n|inactive|TocThicc has 20 seconds left.\n|inactive|TocThicc has 15 seconds left.\n|\n|t:|1719544801\n|move|p1a: Cresselia|Lunar Blessing|p1a: Cresselia|[spread] p1a,p1b\n|-heal|p1b: Calyrex|91\/100 brn\n|-curestatus|p1b: Calyrex|brn|[msg]\n|move|p2a: Skeledirge|Slack Off|p2a: Skeledirge\n|-heal|p2a: Skeledirge|100\/100\n|move|p1b: Calyrex|Leech Seed|p2a: Skeledirge\n|-start|p2a: Skeledirge|move: Leech Seed\n|move|p2b: Rillaboom|U-turn|p1a: Cresselia\n|-supereffective|p1a: Cresselia\n|-damage|p1a: Cresselia|71\/100\n|\n|t:|1719544808\n|switch|p2b: Iron Bundle|Iron Bundle, L50|76\/100|[from] U-turn\n|\n|-damage|p2a: Skeledirge|88\/100|[from] Leech Seed|[of] p1b: Calyrex\n|-heal|p1b: Calyrex|100\/100|[silent]\n|upkeep\n|turn|7\n|\n|t:|1719544824\n|move|p2b: Iron Bundle|Encore|p1a: Cresselia\n|-start|p1a: Cresselia|Encore\n|move|p1a: Cresselia|Lunar Blessing|p1a: Cresselia|[spread] p1a,p1b\n|-heal|p1a: Cresselia|96\/100\n|move|p2a: Skeledirge|Torch Song|p1b: Calyrex\n|-damage|p1b: Calyrex|81\/100\n|-boost|p2a: Skeledirge|spa|1\n|move|p1b: Calyrex|Leech Seed|p2b: Iron Bundle\n|-start|p2b: Iron Bundle|move: Leech Seed\n|\n|-damage|p2b: Iron Bundle|64\/100|[from] Leech Seed|[of] p1b: Calyrex\n|-heal|p1b: Calyrex|89\/100|[silent]\n|-damage|p2a: Skeledirge|76\/100|[from] Leech Seed|[of] p1b: Calyrex\n|-heal|p1b: Calyrex|100\/100|[silent]\n|upkeep\n|turn|8\n|inactive|subutan has 30 seconds left.\n|inactive|TocThicc has 30 seconds left.\n|\n|t:|1719544855\n|switch|p1b: Dondozo|Dondozo, L50, M|76\/100\n|move|p2b: Iron Bundle|Encore||[still]\n|-fail|p2b: Iron Bundle\n|move|p1a: Cresselia|Lunar Blessing|p1a: Cresselia|[spread] p1a,p1b\n|-heal|p1a: Cresselia|100\/100\n|-heal|p1b: Dondozo|100\/100\n|move|p2a: Skeledirge|Torch Song|p1a: Cresselia\n|-damage|p1a: Cresselia|73\/100\n|-boost|p2a: Skeledirge|spa|1\n|\n|-damage|p2b: Iron Bundle|52\/100|[from] Leech Seed|[of] p1b: Dondozo\n|-damage|p2a: Skeledirge|64\/100|[from] Leech Seed|[of] p1b: Dondozo\n|upkeep\n|turn|9\n|inactive|subutan has 30 seconds left.\n|inactive|TocThicc has 30 seconds left.\n|inactive|subutan has 20 seconds left.\n|\n|t:|1719544892\n|-end|p2b: Iron Bundle|Quark Drive|[silent]\n|switch|p2b: Rillaboom|Rillaboom, L50, M|88\/100 par\n|-fieldstart|move: Grassy Terrain|[from] ability: Grassy Surge|[of] p2b: Rillaboom\n|-terastallize|p2a: Skeledirge|Normal\n|move|p1a: Cresselia|Lunar Blessing|p1a: Cresselia|[spread] p1a,p1b\n|-heal|p1a: Cresselia|98\/100\n|move|p2a: Skeledirge|Torch Song|p1a: Cresselia\n|-damage|p1a: Cresselia|57\/100\n|-boost|p2a: Skeledirge|spa|1\n|move|p1b: Dondozo|Fissure|p2a: Skeledirge\n|-damage|p2a: Skeledirge|0 fnt\n|faint|p2a: Skeledirge\n|-ohko\n|\n|-heal|p2b: Rillaboom|94\/100 par|[from] Grassy Terrain\n|-end|p1a: Cresselia|Encore\n|upkeep\n|\n|t:|1719544911\n|switch|p2a: Iron Bundle|Iron Bundle, L50|52\/100\n|turn|10\n|\n|t:|1719544925\n|cant|p2b: Rillaboom|par\n|move|p2a: Iron Bundle|Hydro Pump|p1a: Cresselia\n|-damage|p1a: Cresselia|19\/100\n|move|p1a: Cresselia|Thunder Wave|p2a: Iron Bundle\n|-status|p2a: Iron Bundle|par\n|move|p1b: Dondozo|Fissure|p2b: Rillaboom|[miss]\n|-miss|p1b: Dondozo|p2b: Rillaboom\n|\n|-heal|p2a: Iron Bundle|58\/100 par|[from] Grassy Terrain\n|-heal|p2b: Rillaboom|99\/100 par|[from] Grassy Terrain\n|upkeep\n|turn|11\n|inactive|subutan has 30 seconds left.\n|\n|t:|1719544955\n|switch|p1a: Calyrex|Calyrex-Ice, L50, tera:Fairy|100\/100\n|-ability|p1a: Calyrex|As One\n|-ability|p1a: Calyrex|Unnerve\n|move|p2a: Iron Bundle|Hydro Pump|p1a: Calyrex\n|-damage|p1a: Calyrex|61\/100\n|move|p1b: Dondozo|Fissure|p2b: Rillaboom|[miss]\n|-miss|p1b: Dondozo|p2b: Rillaboom\n|cant|p2b: Rillaboom|par\n|\n|-heal|p2a: Iron Bundle|64\/100 par|[from] Grassy Terrain\n|-heal|p1a: Calyrex|67\/100|[from] Grassy Terrain\n|-heal|p2b: Rillaboom|100\/100 par|[from] Grassy Terrain\n|upkeep\n|turn|12\n|inactive|subutan has 30 seconds left.\n|inactive|TocThicc has 30 seconds left.\n|inactive|subutan has 20 seconds left.\n|inactive|subutan has 15 seconds left.\n|\n|t:|1719545000\n|move|p2b: Rillaboom|Grassy Glide|p1a: Calyrex\n|-damage|p1a: Calyrex|44\/100\n|move|p2a: Iron Bundle|Hydro Pump|p1a: Calyrex\n|-damage|p1a: Calyrex|7\/100\n|move|p1a: Calyrex|Glacial Lance|p2b: Rillaboom|[spread] p2a,p2b\n|-resisted|p2a: Iron Bundle\n|-supereffective|p2b: Rillaboom\n|-damage|p2a: Iron Bundle|51\/100 par\n|-damage|p2b: Rillaboom|16\/100 par\n|move|p1b: Dondozo|Fissure|p2a: Iron Bundle\n|-damage|p2a: Iron Bundle|0 fnt\n|faint|p2a: Iron Bundle\n|-end|p2a: Iron Bundle|Quark Drive|[silent]\n|-ohko\n|\n|-heal|p1a: Calyrex|13\/100|[from] Grassy Terrain\n|-heal|p2b: Rillaboom|22\/100 par|[from] Grassy Terrain\n|upkeep\n|\n|t:|1719545007\n|switch|p2a: Calyrex|Calyrex-Ice, L50|100\/100\n|-ability|p2a: Calyrex|As One\n|-ability|p2a: Calyrex|Unnerve\n|turn|13\n|\n|t:|1719545015\n|move|p1a: Calyrex|Protect|p1a: Calyrex\n|-singleturn|p1a: Calyrex|Protect\n|move|p1b: Dondozo|Yawn|p2a: Calyrex\n|-start|p2a: Calyrex|move: Yawn|[of] p1b: Dondozo\n|cant|p2b: Rillaboom|par\n|move|p2a: Calyrex|Trick Room|p2a: Calyrex\n|-fieldstart|move: Trick Room|[of] p2a: Calyrex\n|\n|-heal|p2b: Rillaboom|28\/100 par|[from] Grassy Terrain\n|-heal|p1a: Calyrex|19\/100|[from] Grassy Terrain\n|-fieldend|move: Grassy Terrain\n|upkeep\n|turn|14\n|\n|t:|1719545031\n|switch|p1a: Rillaboom|Rillaboom, L50, M|100\/100\n|-fieldstart|move: Grassy Terrain|[from] ability: Grassy Surge|[of] p1a: Rillaboom\n|move|p2a: Calyrex|Glacial Lance|p1b: Dondozo|[spread] p1a,p1b\n|-supereffective|p1a: Rillaboom\n|-resisted|p1b: Dondozo\n|-damage|p1a: Rillaboom|19\/100\n|-damage|p1b: Dondozo|85\/100\n|move|p2b: Rillaboom|Wood Hammer|p1b: Dondozo\n|-supereffective|p1b: Dondozo\n|-damage|p1b: Dondozo|0 fnt\n|-damage|p2b: Rillaboom|12\/100 par|[from] item: Rocky Helmet|[of] p1b: Dondozo\n|faint|p1b: Dondozo\n|-damage|p2b: Rillaboom|0 fnt|[from] Recoil\n|faint|p2b: Rillaboom\n|\n|-heal|p1a: Rillaboom|25\/100|[from] Grassy Terrain\n|-end|p2a: Calyrex|move: Yawn|[silent]\n|-status|p2a: Calyrex|slp\n|upkeep\n|inactive|subutan has 30 seconds left.\n|\n|t:|1719545057\n|switch|p1b: Calyrex|Calyrex-Ice, L50, tera:Fairy|19\/100\n|-ability|p1b: Calyrex|As One\n|-ability|p1b: Calyrex|Unnerve\n|turn|15\n|\n|t:|1719545077\n|move|p1a: Rillaboom|Fake Out|p2a: Calyrex\n|-damage|p2a: Calyrex|93\/100 slp\n|cant|p2a: Calyrex|slp\n|move|p1b: Calyrex|Leech Seed|p2a: Calyrex\n|-start|p2a: Calyrex|move: Leech Seed\n|\n|-heal|p2a: Calyrex|99\/100 slp|[from] Grassy Terrain\n|-heal|p1b: Calyrex|25\/100|[from] Grassy Terrain\n|-heal|p1a: Rillaboom|31\/100|[from] Grassy Terrain\n|-damage|p2a: Calyrex|87\/100 slp|[from] Leech Seed|[of] p1b: Calyrex\n|-heal|p1b: Calyrex|37\/100|[silent]\n|upkeep\n|turn|16\n|\n|t:|1719545097\n|cant|p2a: Calyrex|slp\n|move|p1b: Calyrex|Life Dew|p1b: Calyrex|[spread] p1a,p1b\n|-heal|p1a: Rillaboom|56\/100\n|-heal|p1b: Calyrex|62\/100\n|move|p1a: Rillaboom|Knock Off|p2a: Calyrex\n|-supereffective|p2a: Calyrex\n|-damage|p2a: Calyrex|54\/100 slp\n|-enditem|p2a: Calyrex|Clear Amulet|[from] move: Knock Off|[of] p1a: Rillaboom\n|\n|-heal|p2a: Calyrex|60\/100 slp|[from] Grassy Terrain\n|-heal|p1b: Calyrex|68\/100|[from] Grassy Terrain\n|-heal|p1a: Rillaboom|62\/100|[from] Grassy Terrain\n|-damage|p2a: Calyrex|48\/100 slp|[from] Leech Seed|[of] p1b: Calyrex\n|-heal|p1b: Calyrex|80\/100|[silent]\n|upkeep\n|turn|17\n|inactive|subutan has 30 seconds left.\n|\n|t:|1719545107\n|switch|p1a: Cresselia|Cresselia, L50, F|19\/100\n|cant|p2a: Calyrex|slp\n|move|p1b: Calyrex|Life Dew|p1b: Calyrex|[spread] p1a,p1b\n|-heal|p1a: Cresselia|45\/100\n|-heal|p1b: Calyrex|100\/100\n|\n|-heal|p2a: Calyrex|54\/100 slp|[from] Grassy Terrain\n|-damage|p2a: Calyrex|42\/100 slp|[from] Leech Seed|[of] p1b: Calyrex\n|-fieldend|move: Trick Room\n|upkeep\n|turn|18\n|inactive|subutan has 30 seconds left this turn.\n|-message|TocThicc forfeited.\n|\n|win|subutan\n|inactive|subutan has 25 seconds left this turn.\n|raw|subutan's rating: 1651 &rarr; <strong>1674<\/strong><br \/>(+23 for winning)\n|raw|TocThicc's rating: 1698 &rarr; <strong>1675<\/strong><br \/>(-23 for losing)\n|l|\u2606TocThicc\n|player|p2|\n|l| FBISurveillanceMan\n|l|\u2606subutan\n|player|p1|\n","uploadtime":1719545116,"views":31,"formatid":"gen9vgc2024regg","rating":1674,"private":0,"password":null}