{"id":"gen9vgc2024regg-2151955158","format":"[Gen 9] VGC 2024 Reg G","players":["datbishgames","RandomDuVGCFR"],"log":"|j|\u2606datbishgames\n|j|\u2606RandomDuVGCFR\n|t:|1719630889\n|gametype|doubles\n|player|p1|datbishgames|mira|1765\n|player|p2|RandomDuVGCFR|101|1680\n|teamsize|p1|6\n|teamsize|p2|6\n|gen|9\n|tier|[Gen 9] VGC 2024 Reg G\n|rated|\n|rule|Species Clause: Limit one of each Pok\u00e9mon\n|rule|Item Clause: Limit one of each item\n|clearpoke\n|poke|p1|Calyrex-Ice, L50|\n|poke|p1|Raging Bolt, L50|\n|poke|p1|Annihilape, L50, M|\n|poke|p1|Incineroar, L50, M|\n|poke|p1|Primarina, L50, M|\n|poke|p1|Amoonguss, L50, M|\n|poke|p2|Kyogre, L50|\n|poke|p2|Rillaboom, L50, M|\n|poke|p2|Incineroar, L50, M|\n|poke|p2|Grimmsnarl, L50, M|\n|poke|p2|Iron Jugulis, L50|\n|poke|p2|Urshifu-*, L50, M|\n|teampreview|4\n|inactive|Battle timer is ON: inactive players will automatically lose when time's up. (requested by datbishgames)\n|inactive|datbishgames has 60 seconds left.\n|inactive|RandomDuVGCFR has 60 seconds left.\n|j| testing_chue\n|\n|t:|1719630931\n|start\n|switch|p1a: Calyrex|Calyrex-Ice, L50|100\/100\n|switch|p1b: Raging Bolt|Raging Bolt, L50|100\/100\n|switch|p2a: Iron Jugulis|Iron Jugulis, L50|100\/100\n|switch|p2b: Kyogre|Kyogre, L50|100\/100\n|-ability|p1a: Calyrex|As One\n|-ability|p1a: Calyrex|Unnerve\n|-weather|RainDance|[from] ability: Drizzle|[of] p2b: Kyogre\n|-enditem|p2a: Iron Jugulis|Booster Energy\n|-activate|p2a: Iron Jugulis|ability: Quark Drive|[fromitem]\n|-start|p2a: Iron Jugulis|quarkdrivespe\n|turn|1\n|\n|t:|1719630945\n|-end|p2a: Iron Jugulis|Quark Drive|[silent]\n|switch|p2a: Incineroar|Incineroar, L50, M|100\/100\n|-ability|p2a: Incineroar|Intimidate|boost\n|-fail|p1a: Calyrex|unboost|[from] item: Clear Amulet|[of] p1a: Calyrex\n|-unboost|p1b: Raging Bolt|atk|1\n|move|p1b: Raging Bolt|Thunderclap||[still]\n|-fail|p1b: Raging Bolt\n|move|p2b: Kyogre|Calm Mind|p2b: Kyogre\n|-boost|p2b: Kyogre|spa|1\n|-boost|p2b: Kyogre|spd|1\n|move|p1a: Calyrex|Trick Room|p1a: Calyrex\n|-fieldstart|move: Trick Room|[of] p1a: Calyrex\n|\n|-weather|RainDance|[upkeep]\n|upkeep\n|turn|2\n|\n|t:|1719630967\n|move|p1a: Calyrex|Protect|p1a: Calyrex\n|-singleturn|p1a: Calyrex|Protect\n|move|p2a: Incineroar|Fake Out|p1a: Calyrex\n|-activate|p1a: Calyrex|move: Protect\n|move|p1b: Raging Bolt|Snarl|p2b: Kyogre|[spread] p2a,p2b\n|-resisted|p2a: Incineroar\n|-damage|p2a: Incineroar|95\/100\n|-damage|p2b: Kyogre|94\/100\n|-unboost|p2a: Incineroar|spa|1\n|-unboost|p2b: Kyogre|spa|1\n|move|p2b: Kyogre|Calm Mind|p2b: Kyogre\n|-boost|p2b: Kyogre|spa|1\n|-boost|p2b: Kyogre|spd|1\n|\n|-weather|RainDance|[upkeep]\n|-heal|p2b: Kyogre|100\/100|[from] item: Leftovers\n|upkeep\n|turn|3\n|\n|t:|1719630985\n|move|p2b: Kyogre|Protect|p2b: Kyogre\n|-singleturn|p2b: Kyogre|Protect\n|move|p1a: Calyrex|High Horsepower|p2a: Incineroar\n|-supereffective|p2a: Incineroar\n|-damage|p2a: Incineroar|22\/100\n|move|p2a: Incineroar|Will-O-Wisp|p1a: Calyrex\n|-status|p1a: Calyrex|brn\n|move|p1b: Raging Bolt|Volt Switch|p2a: Incineroar\n|-damage|p2a: Incineroar|0 fnt\n|faint|p2a: Incineroar\n|\n|t:|1719630994\n|-end|p1b: Raging Bolt|Protosynthesis|[silent]\n|switch|p1b: Amoonguss|Amoonguss, L50, M|100\/100|[from] Volt Switch\n|\n|-weather|RainDance|[upkeep]\n|-damage|p1a: Calyrex|95\/100 brn|[from] brn\n|upkeep\n|\n|t:|1719631004\n|switch|p2a: Grimmsnarl|Grimmsnarl, L50, M|100\/100\n|turn|4\n|\n|t:|1719631011\n|-terastallize|p2b: Kyogre|Grass\n|move|p2a: Grimmsnarl|Reflect|p2a: Grimmsnarl\n|-sidestart|p2: RandomDuVGCFR|Reflect\n|move|p1b: Amoonguss|Spore|p2b: Kyogre\n|-immune|p2b: Kyogre\n|move|p1a: Calyrex|Glacial Lance|p2b: Kyogre|[spread] p2a,p2b\n|-supereffective|p2b: Kyogre\n|-damage|p2a: Grimmsnarl|82\/100\n|-damage|p2b: Kyogre|67\/100\n|move|p2b: Kyogre|Calm Mind|p2b: Kyogre\n|-boost|p2b: Kyogre|spa|1\n|-boost|p2b: Kyogre|spd|1\n|\n|-weather|RainDance|[upkeep]\n|-heal|p2b: Kyogre|73\/100|[from] item: Leftovers\n|-damage|p1a: Calyrex|89\/100 brn|[from] brn\n|upkeep\n|turn|5\n|\n|t:|1719631031\n|move|p1b: Amoonguss|Spore|p2a: Grimmsnarl\n|-status|p2a: Grimmsnarl|slp|[from] move: Spore\n|move|p1a: Calyrex|Glacial Lance|p2a: Grimmsnarl|[spread] p2a,p2b\n|-supereffective|p2b: Kyogre\n|-damage|p2a: Grimmsnarl|64\/100 slp\n|-damage|p2b: Kyogre|39\/100\n|cant|p2a: Grimmsnarl|slp\n|move|p2b: Kyogre|Origin Pulse|p1a: Calyrex|[spread] p1a,p1b\n|-resisted|p1b: Amoonguss\n|-damage|p1a: Calyrex|0 fnt\n|-damage|p1b: Amoonguss|49\/100\n|faint|p1a: Calyrex\n|\n|-weather|none\n|-heal|p2b: Kyogre|45\/100|[from] item: Leftovers\n|-fieldend|move: Trick Room\n|upkeep\n|\n|t:|1719631043\n|switch|p1a: Raging Bolt|Raging Bolt, L50|100\/100\n|turn|6\n|\n|t:|1719631050\n|move|p1b: Amoonguss|Protect|p1b: Amoonguss\n|-singleturn|p1b: Amoonguss|Protect\n|move|p2b: Kyogre|Ice Beam|p1b: Amoonguss\n|-activate|p1b: Amoonguss|move: Protect\n|move|p1a: Raging Bolt|Snarl|p2a: Grimmsnarl|[spread] p2b\n|-miss|p1a: Raging Bolt|p2a: Grimmsnarl\n|-damage|p2b: Kyogre|41\/100\n|-unboost|p2b: Kyogre|spa|1\n|-curestatus|p2a: Grimmsnarl|slp|[msg]\n|move|p2a: Grimmsnarl|Spirit Break|p1a: Raging Bolt\n|-supereffective|p1a: Raging Bolt\n|-damage|p1a: Raging Bolt|57\/100\n|-unboost|p1a: Raging Bolt|spa|1\n|\n|-heal|p2b: Kyogre|47\/100|[from] item: Leftovers\n|upkeep\n|turn|7\n|l| testing_chue\n|\n|t:|1719631064\n|switch|p1b: Primarina|Primarina, L50, M|100\/100\n|move|p2b: Kyogre|Ice Beam|p1b: Primarina\n|-resisted|p1b: Primarina\n|-damage|p1b: Primarina|81\/100\n|move|p1a: Raging Bolt|Volt Switch|p2a: Grimmsnarl\n|-damage|p2a: Grimmsnarl|38\/100\n|\n|t:|1719631071\n|-end|p1a: Raging Bolt|Protosynthesis|[silent]\n|switch|p1a: Amoonguss|Amoonguss, L50, M|82\/100|[from] Volt Switch\n|move|p2a: Grimmsnarl|Spirit Break|p1a: Amoonguss\n|-resisted|p1a: Amoonguss\n|-damage|p1a: Amoonguss|69\/100\n|-unboost|p1a: Amoonguss|spa|1\n|-damage|p2a: Grimmsnarl|21\/100|[from] item: Rocky Helmet|[of] p1a: Amoonguss\n|\n|-heal|p2b: Kyogre|54\/100|[from] item: Leftovers\n|upkeep\n|turn|8\n|\n|t:|1719631087\n|move|p2a: Grimmsnarl|Light Screen|p2a: Grimmsnarl\n|-sidestart|p2: RandomDuVGCFR|move: Light Screen\n|move|p2b: Kyogre|Calm Mind|p2b: Kyogre\n|-boost|p2b: Kyogre|spa|1\n|-boost|p2b: Kyogre|spd|1\n|move|p1b: Primarina|Hyper Voice|p2a: Grimmsnarl|[spread] p2a,p2b\n|-resisted|p2b: Kyogre\n|-damage|p2a: Grimmsnarl|0 fnt\n|-damage|p2b: Kyogre|50\/100\n|faint|p2a: Grimmsnarl\n|move|p1a: Amoonguss|Pollen Puff|p2b: Kyogre\n|-supereffective|p2b: Kyogre\n|-damage|p2b: Kyogre|46\/100\n|\n|-heal|p2b: Kyogre|52\/100|[from] item: Leftovers\n|upkeep\n|\n|t:|1719631098\n|switch|p2a: Iron Jugulis|Iron Jugulis, L50|100\/100\n|turn|9\n|\n|t:|1719631105\n|move|p2a: Iron Jugulis|Hurricane|p1a: Amoonguss\n|-supereffective|p1a: Amoonguss\n|-crit|p1a: Amoonguss\n|-damage|p1a: Amoonguss|0 fnt\n|faint|p1a: Amoonguss\n|move|p2b: Kyogre|Origin Pulse|p1b: Primarina\n|-resisted|p1b: Primarina\n|-damage|p1b: Primarina|27\/100\n|move|p1b: Primarina|Hyper Voice|p2a: Iron Jugulis|[spread] p2a,p2b\n|-resisted|p2b: Kyogre\n|-damage|p2a: Iron Jugulis|64\/100\n|-damage|p2b: Kyogre|48\/100\n|\n|-heal|p2b: Kyogre|55\/100|[from] item: Leftovers\n|upkeep\n|\n|t:|1719631107\n|switch|p1a: Raging Bolt|Raging Bolt, L50|57\/100\n|turn|10\n|\n|t:|1719631119\n|move|p2a: Iron Jugulis|Tailwind|p2a: Iron Jugulis\n|-sidestart|p2: RandomDuVGCFR|move: Tailwind\n|move|p2b: Kyogre|Origin Pulse|p1a: Raging Bolt|[spread] p1a,p1b\n|-resisted|p1a: Raging Bolt\n|-resisted|p1b: Primarina\n|-damage|p1a: Raging Bolt|29\/100\n|-damage|p1b: Primarina|0 fnt\n|faint|p1b: Primarina\n|move|p1a: Raging Bolt|Snarl|p2a: Iron Jugulis|[spread] p2a,p2b\n|-resisted|p2a: Iron Jugulis\n|-damage|p2a: Iron Jugulis|59\/100\n|-damage|p2b: Kyogre|53\/100\n|-unboost|p2a: Iron Jugulis|spa|1\n|-unboost|p2b: Kyogre|spa|1\n|\n|-heal|p2b: Kyogre|59\/100|[from] item: Leftovers\n|upkeep\n|turn|11\n|-message|datbishgames forfeited.\n|\n|win|RandomDuVGCFR\n|raw|datbishgames's rating: 1765 &rarr; <strong>1740<\/strong><br \/>(-25 for losing)\n|raw|RandomDuVGCFR's rating: 1680 &rarr; <strong>1705<\/strong><br \/>(+25 for winning)\n|l|\u2606datbishgames\n|player|p1|\n|l|\u2606RandomDuVGCFR\n|player|p2|\n","uploadtime":1719631311,"views":17,"formatid":"gen9vgc2024regg","rating":1705,"private":0,"password":null}