{"id":"gen9vgc2024regg-2151321529","format":"[Gen 9] VGC 2024 Reg G","players":["TocThicc","Tempest brute"],"log":"|j|\u2606TocThicc\n|j|\u2606Tempest brute\n|t:|1719536849\n|gametype|doubles\n|player|p1|TocThicc|169|1679\n|player|p2|Tempest brute|170|1836\n|teamsize|p1|6\n|teamsize|p2|6\n|gen|9\n|tier|[Gen 9] VGC 2024 Reg G\n|rated|\n|rule|Species Clause: Limit one of each Pok\u00e9mon\n|rule|Item Clause: Limit one of each item\n|clearpoke\n|poke|p1|Calyrex-Ice, L50|\n|poke|p1|Rillaboom, L50, F|\n|poke|p1|Ting-Lu, L50|\n|poke|p1|Skeledirge, L50, F|\n|poke|p1|Raging Bolt, L50|\n|poke|p1|Iron Bundle, L50|\n|poke|p2|Lunala, L50|\n|poke|p2|Roaring Moon, L50|\n|poke|p2|Entei, L50|\n|poke|p2|Ogerpon-Wellspring, L50, F|\n|poke|p2|Iron Hands, L50|\n|poke|p2|Ursaluna-Bloodmoon, L50, M|\n|teampreview|4\nTocThicc has agreed to open team sheets.\n|inactive|Battle timer is ON: inactive players will automatically lose when time's up. (requested by TocThicc)\n|\n|t:|1719536887\n|start\n|switch|p1a: Rillaboom|Rillaboom, L50, F|100\/100\n|switch|p1b: Calyrex|Calyrex-Ice, L50|100\/100\n|switch|p2a: Lunala|Lunala, L50|100\/100\n|switch|p2b: Entei|Entei, L50|100\/100\n|-ability|p1b: Calyrex|As One\n|-ability|p1b: Calyrex|Unnerve\n|-fieldstart|move: Grassy Terrain|[from] ability: Grassy Surge|[of] p1a: Rillaboom\n|turn|1\n|\n|t:|1719536903\n|move|p1b: Calyrex|Protect|p1b: Calyrex\n|-singleturn|p1b: Calyrex|Protect\n|move|p2b: Entei|Sacred Fire|p1a: Rillaboom\n|-supereffective|p1a: Rillaboom\n|-damage|p1a: Rillaboom|22\/100\n|-status|p1a: Rillaboom|brn\n|move|p2a: Lunala|Will-O-Wisp|p1b: Calyrex\n|-activate|p1b: Calyrex|move: Protect\n|move|p1a: Rillaboom|U-turn|p2a: Lunala\n|-damage|p2a: Lunala|96\/100\n|\n|t:|1719536914\n|switch|p1a: Iron Bundle|Iron Bundle, L50|100\/100|[from] U-turn\n|\n|-heal|p2a: Lunala|100\/100|[from] Grassy Terrain\n|upkeep\n|turn|2\n|\n|t:|1719536927\n|-terastallize|p1b: Calyrex|Fire\n|move|p1a: Iron Bundle|Encore|p2a: Lunala\n|-start|p2a: Lunala|Encore\n|move|p2b: Entei|Stomping Tantrum|p1b: Calyrex\n|-supereffective|p1b: Calyrex\n|-damage|p1b: Calyrex|74\/100\n|move|p2a: Lunala|Will-O-Wisp|p1a: Iron Bundle\n|-status|p1a: Iron Bundle|brn\n|move|p1b: Calyrex|Trick Room|p1b: Calyrex\n|-fieldstart|move: Trick Room|[of] p1b: Calyrex\n|\n|-heal|p1b: Calyrex|80\/100|[from] Grassy Terrain\n|-damage|p1a: Iron Bundle|94\/100 brn|[from] brn\n|upkeep\n|turn|3\n|\n|t:|1719536941\n|switch|p2a: Iron Hands|Iron Hands, L50|100\/100\n|-end|p1a: Iron Bundle|Quark Drive|[silent]\n|switch|p1a: Ting-Lu|Ting-Lu, L50|100\/100\n|-ability|p1a: Ting-Lu|Vessel of Ruin\n|move|p1b: Calyrex|Glacial Lance|p2b: Entei|[spread] p2a,p2b\n|-resisted|p2b: Entei\n|-damage|p2a: Iron Hands|62\/100\n|-damage|p2b: Entei|72\/100\n|move|p2b: Entei|Stomping Tantrum|p1b: Calyrex\n|-supereffective|p1b: Calyrex\n|-damage|p1b: Calyrex|53\/100\n|\n|-heal|p1b: Calyrex|59\/100|[from] Grassy Terrain\n|-heal|p2a: Iron Hands|68\/100|[from] Grassy Terrain\n|-heal|p2b: Entei|78\/100|[from] Grassy Terrain\n|upkeep\n|turn|4\n|\n|t:|1719536955\n|switch|p1a: Rillaboom|Rillaboom, L50, F|22\/100 brn\n|switch|p2b: Ogerpon|Ogerpon-Wellspring, L50, F|100\/100\n|move|p2a: Iron Hands|Fake Out|p1b: Calyrex\n|-damage|p1b: Calyrex|50\/100\n|cant|p1b: Calyrex|flinch\n|\n|-heal|p1b: Calyrex|56\/100|[from] Grassy Terrain\n|-heal|p2a: Iron Hands|74\/100|[from] Grassy Terrain\n|-heal|p1a: Rillaboom|28\/100 brn|[from] Grassy Terrain\n|-damage|p1a: Rillaboom|22\/100 brn|[from] brn\n|upkeep\n|turn|5\n|\n|t:|1719536967\n|-end|p2a: Iron Hands|Quark Drive|[silent]\n|switch|p2a: Lunala|Lunala, L50|100\/100\n|move|p2b: Ogerpon|Spiky Shield|p2b: Ogerpon\n|-singleturn|p2b: Ogerpon|move: Protect\n|move|p1a: Rillaboom|Grassy Glide|p2b: Ogerpon\n|-activate|p2b: Ogerpon|move: Protect\n|-damage|p1a: Rillaboom|10\/100 brn|[from] Spiky Shield|[of] p2b: Ogerpon\n|move|p1b: Calyrex|Glacial Lance|p2b: Ogerpon|[spread] p2a\n|-activate|p2b: Ogerpon|move: Protect\n|-damage|p2a: Lunala|80\/100\n|\n|-heal|p1b: Calyrex|62\/100|[from] Grassy Terrain\n|-heal|p1a: Rillaboom|16\/100 brn|[from] Grassy Terrain\n|-heal|p2a: Lunala|86\/100|[from] Grassy Terrain\n|-heal|p2a: Lunala|92\/100|[from] item: Leftovers\n|-damage|p1a: Rillaboom|10\/100 brn|[from] brn\n|-fieldend|move: Grassy Terrain\n|upkeep\n|turn|6\n|\n|t:|1719536979\n|move|p1b: Calyrex|Glacial Lance|p2b: Ogerpon|[spread] p2a,p2b\n|-crit|p2b: Ogerpon\n|-damage|p2a: Lunala|48\/100\n|-damage|p2b: Ogerpon|13\/100\n|move|p1a: Rillaboom|Wood Hammer|p2b: Ogerpon\n|-damage|p2b: Ogerpon|0 fnt\n|faint|p2b: Ogerpon\n|-damage|p1a: Rillaboom|6\/100 brn|[from] Recoil\n|move|p2a: Lunala|Moonlight|p2a: Lunala\n|-heal|p2a: Lunala|98\/100\n|\n|-heal|p2a: Lunala|100\/100|[from] item: Leftovers\n|-damage|p1a: Rillaboom|0 fnt|[from] brn\n|faint|p1a: Rillaboom\n|-fieldend|move: Trick Room\n|upkeep\n|\n|t:|1719536985\n|switch|p2b: Entei|Entei, L50|78\/100\n|switch|p1a: Iron Bundle|Iron Bundle, L50|94\/100 brn\n|turn|7\n|\n|t:|1719536997\n|-terastallize|p2b: Entei|Water\n|move|p2a: Lunala|Protect|p2a: Lunala\n|-singleturn|p2a: Lunala|Protect\n|move|p1a: Iron Bundle|Hydro Pump|p2b: Entei\n|-resisted|p2b: Entei\n|-damage|p2b: Entei|63\/100\n|move|p2b: Entei|Sacred Fire|p1a: Iron Bundle\n|-damage|p1a: Iron Bundle|39\/100 brn\n|move|p1b: Calyrex|Glacial Lance|p2b: Entei|[spread] p2b\n|-activate|p2a: Lunala|move: Protect\n|-resisted|p2b: Entei\n|-damage|p2b: Entei|35\/100\n|\n|-damage|p1a: Iron Bundle|33\/100 brn|[from] brn\n|upkeep\n|turn|8\n|\n|t:|1719537011\n|switch|p2b: Iron Hands|Iron Hands, L50|74\/100\n|move|p1a: Iron Bundle|Freeze-Dry|p2b: Iron Hands\n|-damage|p2b: Iron Hands|49\/100\n|move|p2a: Lunala|Moongeist Beam|p1b: Calyrex\n|-damage|p1b: Calyrex|34\/100\n|move|p1b: Calyrex|Trick Room|p1b: Calyrex\n|-fieldstart|move: Trick Room|[of] p1b: Calyrex\n|\n|-damage|p1a: Iron Bundle|27\/100 brn|[from] brn\n|upkeep\n|turn|9\n|\n|t:|1719537024\n|move|p1b: Calyrex|Protect|p1b: Calyrex\n|-singleturn|p1b: Calyrex|Protect\n|move|p2b: Iron Hands|Fake Out|p1b: Calyrex\n|-activate|p1b: Calyrex|move: Protect\n|move|p2a: Lunala|Will-O-Wisp|p1a: Iron Bundle\n|-fail|p1a: Iron Bundle|brn\n|move|p1a: Iron Bundle|Encore|p2b: Iron Hands\n|-start|p2b: Iron Hands|Encore\n|\n|-damage|p1a: Iron Bundle|21\/100 brn|[from] brn\n|upkeep\n|turn|10\n|\n|t:|1719537043\n|-end|p2b: Iron Hands|Quark Drive|[silent]\n|switch|p2b: Entei|Entei, L50, tera:Water|35\/100\n|move|p1b: Calyrex|High Horsepower|p2b: Entei\n|-damage|p2b: Entei|0 fnt\n|faint|p2b: Entei\n|-ability|p1b: Calyrex|Chilling Neigh|boost\n|-boost|p1b: Calyrex|atk|1\n|move|p2a: Lunala|Moongeist Beam|p1b: Calyrex\n|-damage|p1b: Calyrex|1\/100\n|move|p1a: Iron Bundle|Freeze-Dry|p2a: Lunala\n|-damage|p2a: Lunala|90\/100\n|\n|-heal|p2a: Lunala|96\/100|[from] item: Leftovers\n|-damage|p1a: Iron Bundle|15\/100 brn|[from] brn\n|upkeep\n|\n|t:|1719537051\n|switch|p2b: Iron Hands|Iron Hands, L50|49\/100\n|turn|11\n|\n|t:|1719537064\n|move|p1b: Calyrex|Protect|p1b: Calyrex\n|-singleturn|p1b: Calyrex|Protect\n|move|p2b: Iron Hands|Fake Out|p1b: Calyrex\n|-activate|p1b: Calyrex|move: Protect\n|move|p2a: Lunala|Moongeist Beam|p1a: Iron Bundle\n|-damage|p1a: Iron Bundle|0 fnt\n|faint|p1a: Iron Bundle\n|-end|p1a: Iron Bundle|Quark Drive|[silent]\n|\n|-heal|p2a: Lunala|100\/100|[from] item: Leftovers\n|upkeep\n|\n|t:|1719537071\n|switch|p1a: Ting-Lu|Ting-Lu, L50|100\/100\n|-ability|p1a: Ting-Lu|Vessel of Ruin\n|turn|12\n|\n|t:|1719537081\n|move|p1a: Ting-Lu|Stomping Tantrum|p2b: Iron Hands\n|-supereffective|p2b: Iron Hands\n|-damage|p2b: Iron Hands|1\/100\n|move|p1b: Calyrex|Glacial Lance|p2a: Lunala|[spread] p2a,p2b\n|-damage|p2a: Lunala|69\/100\n|-damage|p2b: Iron Hands|0 fnt\n|faint|p2b: Iron Hands\n|-end|p2b: Iron Hands|Quark Drive|[silent]\n|-ability|p1b: Calyrex|Chilling Neigh|boost\n|-boost|p1b: Calyrex|atk|1\n|move|p2a: Lunala|Moongeist Beam|p1b: Calyrex\n|-damage|p1b: Calyrex|0 fnt\n|faint|p1b: Calyrex\n|\n|-heal|p2a: Lunala|75\/100|[from] item: Leftovers\n|-fieldend|move: Trick Room\n|upkeep\n|turn|13\n|\n|t:|1719537088\n|move|p2a: Lunala|Protect|p2a: Lunala\n|-singleturn|p2a: Lunala|Protect\n|move|p1a: Ting-Lu|Payback|p2a: Lunala\n|-activate|p2a: Lunala|move: Protect\n|\n|-heal|p2a: Lunala|81\/100|[from] item: Leftovers\n|upkeep\n|turn|14\n|\n|t:|1719537092\n|move|p2a: Lunala|Moonlight|p2a: Lunala\n|-heal|p2a: Lunala|100\/100\n|move|p1a: Ting-Lu|Payback|p2a: Lunala\n|-supereffective|p2a: Lunala\n|-damage|p2a: Lunala|33\/100\n|\n|-heal|p2a: Lunala|39\/100|[from] item: Leftovers\n|upkeep\n|turn|15\n|\n|t:|1719537096\n|move|p2a: Lunala|Protect|p2a: Lunala\n|-singleturn|p2a: Lunala|Protect\n|move|p1a: Ting-Lu|Payback|p2a: Lunala\n|-activate|p2a: Lunala|move: Protect\n|\n|-heal|p2a: Lunala|46\/100|[from] item: Leftovers\n|upkeep\n|turn|16\n|\n|t:|1719537099\n|move|p2a: Lunala|Will-O-Wisp|p1a: Ting-Lu\n|-status|p1a: Ting-Lu|brn\n|move|p1a: Ting-Lu|Payback|p2a: Lunala\n|-supereffective|p2a: Lunala\n|-damage|p2a: Lunala|0 fnt\n|faint|p2a: Lunala\n|\n|win|TocThicc\n|raw|TocThicc's rating: 1679 &rarr; <strong>1707<\/strong><br \/>(+28 for winning)\n|raw|Tempest brute's rating: 1836 &rarr; <strong>1808<\/strong><br \/>(-28 for losing)\n|l|\u2606Tempest brute\n|player|p2|\n|l|\u2606TocThicc\n|player|p1|\n","uploadtime":1719537350,"views":36,"formatid":"gen9vgc2024regg","rating":1707,"private":0,"password":null}