{"id":"gen9vgc2024regg-2151435154","format":"[Gen 9] VGC 2024 Reg G","players":["Spottedwoot","ccc2014"],"log":"|j|\u2606Spottedwoot\n|j|\u2606ccc2014\n|t:|1719555230\n|gametype|doubles\n|player|p1|Spottedwoot|265|1784\n|player|p2|ccc2014|dawn|1706\n|teamsize|p1|6\n|teamsize|p2|6\n|gen|9\n|tier|[Gen 9] VGC 2024 Reg G\n|rated|\n|rule|Species Clause: Limit one of each Pok\u00e9mon\n|rule|Item Clause: Limit one of each item\n|clearpoke\n|poke|p1|Calyrex-Shadow, L50|\n|poke|p1|Tornadus, L50, M|\n|poke|p1|Chi-Yu, L50|\n|poke|p1|Rillaboom, L50, F|\n|poke|p1|Urshifu-*, L50, M|\n|poke|p1|Incineroar, L50, M|\n|poke|p2|Urshifu-*, L50, M|\n|poke|p2|Pelipper, L50, M|\n|poke|p2|Incineroar, L50, M|\n|poke|p2|Rillaboom, L50, M|\n|poke|p2|Calyrex-Ice, L50|\n|poke|p2|Raging Bolt, L50|\n|teampreview|4\n|\n|t:|1719555262\n|start\n|switch|p1a: Calyrex|Calyrex-Shadow, L50|100\/100\n|switch|p1b: Incineroar|Incineroar, L50, M|100\/100\n|switch|p2a: Calyrex|Calyrex-Ice, L50|100\/100\n|switch|p2b: Rillaboom|Rillaboom, L50, M|100\/100\n|-ability|p1a: Calyrex|As One\n|-ability|p1a: Calyrex|Unnerve\n|-ability|p2a: Calyrex|As One\n|-ability|p2a: Calyrex|Unnerve\n|-fieldstart|move: Grassy Terrain|[from] ability: Grassy Surge|[of] p2b: Rillaboom\n|-ability|p1b: Incineroar|Intimidate|boost\n|-fail|p2a: Calyrex|unboost|[from] item: Clear Amulet|[of] p2a: Calyrex\n|-unboost|p2b: Rillaboom|atk|1\n|turn|1\n|inactive|Battle timer is ON: inactive players will automatically lose when time's up. (requested by ccc2014)\n|\n|t:|1719555286\n|-terastallize|p1a: Calyrex|Ghost\n|-terastallize|p2a: Calyrex|Water\n|move|p2b: Rillaboom|Fake Out|p1b: Incineroar\n|-damage|p1b: Incineroar|92\/100\n|move|p1a: Calyrex|Astral Barrage|p2a: Calyrex|[spread] p2a,p2b\n|-damage|p2a: Calyrex|28\/100\n|-damage|p2b: Rillaboom|19\/100\n|cant|p1b: Incineroar|flinch\n|move|p2a: Calyrex|Glacial Lance|p1b: Incineroar|[spread] p1a,p1b\n|-resisted|p1b: Incineroar\n|-damage|p1a: Calyrex|26\/100\n|-damage|p1b: Incineroar|63\/100\n|\n|-heal|p1a: Calyrex|32\/100|[from] Grassy Terrain\n|-heal|p2b: Rillaboom|25\/100|[from] Grassy Terrain\n|-heal|p1b: Incineroar|69\/100|[from] Grassy Terrain\n|-heal|p2a: Calyrex|34\/100|[from] Grassy Terrain\n|upkeep\n|turn|2\n|j| simagungou2\n|inactive|ccc2014 has 30 seconds left.\n|inactive|ccc2014 has 20 seconds left.\n|inactive|ccc2014 has 15 seconds left.\n|inactive|ccc2014 has 10 seconds left.\n|inactive|ccc2014 has 5 seconds left.\n|\n|t:|1719555340\n|move|p2b: Rillaboom|Grassy Glide|p1a: Calyrex\n|-damage|p1a: Calyrex|3\/100\n|move|p1a: Calyrex|Astral Barrage|p2a: Calyrex|[spread] p2a,p2b\n|-damage|p2a: Calyrex|0 fnt\n|-damage|p2b: Rillaboom|0 fnt\n|faint|p2a: Calyrex\n|faint|p2b: Rillaboom\n|-ability|p1a: Calyrex|Grim Neigh|boost\n|-boost|p1a: Calyrex|spa|2\n|move|p1b: Incineroar|Will-O-Wisp|p2: Calyrex|[notarget]\n|-fail|p1b: Incineroar\n|\n|-heal|p1a: Calyrex|8\/100|[from] Grassy Terrain\n|-heal|p1b: Incineroar|75\/100|[from] Grassy Terrain\n|upkeep\n|\n|t:|1719555357\n|switch|p2b: Raging Bolt|Raging Bolt, L50|100\/100\n|switch|p2a: Pelipper|Pelipper, L50, M|100\/100\n|-weather|RainDance|[from] ability: Drizzle|[of] p2a: Pelipper\n|-enditem|p2b: Raging Bolt|Booster Energy\n|-activate|p2b: Raging Bolt|ability: Protosynthesis|[fromitem]\n|-start|p2b: Raging Bolt|protosynthesisspa\n|turn|3\n|\n|t:|1719555374\n|move|p2b: Raging Bolt|Thunderclap|p1a: Calyrex\n|-damage|p1a: Calyrex|0 fnt\n|faint|p1a: Calyrex\n|move|p2a: Pelipper|Weather Ball|p1b: Incineroar\n|-supereffective|p1b: Incineroar\n|-damage|p1b: Incineroar|0 fnt\n|faint|p1b: Incineroar\n|\n|-weather|RainDance|[upkeep]\n|upkeep\n|\n|t:|1719555380\n|switch|p1a: Rillaboom|Rillaboom, L50, F|100\/100\n|switch|p1b: Urshifu|Urshifu-Rapid-Strike, L50, M|100\/100\n|turn|4\n|\n|t:|1719555404\n|move|p1a: Rillaboom|Grassy Glide|p2a: Pelipper\n|-damage|p2a: Pelipper|46\/100\n|move|p2b: Raging Bolt|Thunderclap|p1b: Urshifu\n|-supereffective|p1b: Urshifu\n|-enditem|p1b: Urshifu|Focus Sash\n|-damage|p1b: Urshifu|1\/100\n|move|p1b: Urshifu|Surging Strikes|p2a: Pelipper\n|-resisted|p2a: Pelipper\n|-crit|p2a: Pelipper\n|-damage|p2a: Pelipper|28\/100\n|-resisted|p2a: Pelipper\n|-crit|p2a: Pelipper\n|-damage|p2a: Pelipper|7\/100\n|-resisted|p2a: Pelipper\n|-crit|p2a: Pelipper\n|-damage|p2a: Pelipper|0 fnt\n|faint|p2a: Pelipper\n|-hitcount|p2: Pelipper|3\n|\n|-weather|RainDance|[upkeep]\n|-heal|p1b: Urshifu|7\/100|[from] Grassy Terrain\n|upkeep\n|turn|5\n|\n|t:|1719555424\n|move|p1b: Urshifu|Close Combat|p2b: Raging Bolt\n|-damage|p2b: Raging Bolt|47\/100\n|-unboost|p1b: Urshifu|def|1\n|-unboost|p1b: Urshifu|spd|1\n|move|p1a: Rillaboom|High Horsepower|p2b: Raging Bolt\n|-supereffective|p2b: Raging Bolt\n|-damage|p2b: Raging Bolt|0 fnt\n|faint|p2b: Raging Bolt\n|-end|p2b: Raging Bolt|Protosynthesis|[silent]\n|\n|win|Spottedwoot\n|raw|Spottedwoot's rating: 1784 &rarr; <strong>1800<\/strong><br \/>(+16 for winning)\n|raw|ccc2014's rating: 1706 &rarr; <strong>1690<\/strong><br \/>(-16 for losing)\n|l|\u2606ccc2014\n|player|p2|\n|l| simagungou2\n|l|\u2606Spottedwoot\n|player|p1|\n","uploadtime":1719555633,"views":40,"formatid":"gen9vgc2024regg","rating":1690,"private":0,"password":null}