{"id":"gen9vgc2024regg-2151393746","format":"[Gen 9] VGC 2024 Reg G","players":["TocThicc","war3ted"],"log":"|j|\u2606TocThicc\n|j|\u2606war3ted\n|t:|1719547445\n|gametype|doubles\n|player|p1|TocThicc|169|1736\n|player|p2|war3ted|dawn|1769\n|teamsize|p1|6\n|teamsize|p2|6\n|gen|9\n|tier|[Gen 9] VGC 2024 Reg G\n|rated|\n|rule|Species Clause: Limit one of each Pok\u00e9mon\n|rule|Item Clause: Limit one of each item\n|clearpoke\n|poke|p1|Calyrex-Ice, L50|\n|poke|p1|Rillaboom, L50, F|\n|poke|p1|Ting-Lu, L50|\n|poke|p1|Skeledirge, L50, F|\n|poke|p1|Raging Bolt, L50|\n|poke|p1|Iron Bundle, L50|\n|poke|p2|Calyrex-Ice, L50|\n|poke|p2|Annihilape, L50, M|\n|poke|p2|Smeargle, L50, F|\n|poke|p2|Ursaluna-Bloodmoon, L50, M|\n|poke|p2|Urshifu-*, L50, F|\n|poke|p2|Sinistcha, L50|\n|teampreview|4\nTocThicc has agreed to open team sheets.\n|inactive|Battle timer is ON: inactive players will automatically lose when time's up. (requested by TocThicc)\n|\n|t:|1719547469\n|start\n|switch|p1a: Skeledirge|Skeledirge, L50, F|100\/100\n|switch|p1b: Calyrex|Calyrex-Ice, L50|100\/100\n|switch|p2a: Calyrex|Calyrex-Ice, L50|100\/100\n|switch|p2b: Smeargle|Smeargle, L50, F|100\/100\n|-ability|p2a: Calyrex|As One\n|-ability|p2a: Calyrex|Unnerve\n|-ability|p1b: Calyrex|As One\n|-ability|p1b: Calyrex|Unnerve\n|turn|1\n|\n|t:|1719547481\n|move|p1b: Calyrex|Protect|p1b: Calyrex\n|-singleturn|p1b: Calyrex|Protect\n|move|p1a: Skeledirge|Torch Song|p2b: Smeargle\n|-damage|p2b: Smeargle|38\/100\n|-boost|p1a: Skeledirge|spa|1\n|move|p2a: Calyrex|Glacial Lance|p1a: Skeledirge|[spread] p1a\n|-activate|p1b: Calyrex|move: Protect\n|-resisted|p1a: Skeledirge\n|-damage|p1a: Skeledirge|79\/100\n|move|p2b: Smeargle|Spore|p1a: Skeledirge\n|-activate|p1a: Skeledirge|item: Safety Goggles|Spore\n|\n|upkeep\n|turn|2\n|\n|t:|1719547504\n|move|p2b: Smeargle|Follow Me|p2b: Smeargle\n|-singleturn|p2b: Smeargle|move: Follow Me\n|move|p1a: Skeledirge|Will-O-Wisp|p2b: Smeargle\n|-status|p2b: Smeargle|brn\n|move|p2a: Calyrex|High Horsepower|p1a: Skeledirge\n|-supereffective|p1a: Skeledirge\n|-damage|p1a: Skeledirge|12\/100\n|move|p1b: Calyrex|Glacial Lance|p2b: Smeargle|[spread] p2a,p2b\n|-resisted|p2a: Calyrex\n|-crit|p2b: Smeargle\n|-damage|p2a: Calyrex|82\/100\n|-damage|p2b: Smeargle|0 fnt\n|faint|p2b: Smeargle\n|-ability|p1b: Calyrex|Chilling Neigh|boost\n|-boost|p1b: Calyrex|atk|1\n|\n|upkeep\n|inactive|war3ted has 30 seconds left.\n|\n|t:|1719547534\n|switch|p2b: Urshifu|Urshifu, L50, F|100\/100\n|turn|3\n|\n|t:|1719547546\n|-terastallize|p1b: Calyrex|Fire\n|move|p2b: Urshifu|Wicked Blow|p1b: Calyrex\n|-crit|p1b: Calyrex\n|-damage|p1b: Calyrex|41\/100\n|move|p1a: Skeledirge|Slack Off|p1a: Skeledirge\n|-heal|p1a: Skeledirge|63\/100\n|move|p2a: Calyrex|Glacial Lance|p1b: Calyrex|[spread] p1a,p1b\n|-resisted|p1a: Skeledirge\n|-crit|p1a: Skeledirge\n|-resisted|p1b: Calyrex\n|-damage|p1a: Skeledirge|30\/100\n|-damage|p1b: Calyrex|24\/100\n|move|p1b: Calyrex|Glacial Lance|p2b: Urshifu|[spread] p2a,p2b\n|-resisted|p2a: Calyrex\n|-damage|p2a: Calyrex|55\/100\n|-damage|p2b: Urshifu|14\/100\n|\n|upkeep\n|turn|4\n|inactive|TocThicc has 30 seconds left.\n|\n|t:|1719547572\n|move|p2b: Urshifu|Wicked Blow|p1a: Skeledirge\n|-supereffective|p1a: Skeledirge\n|-crit|p1a: Skeledirge\n|-damage|p1a: Skeledirge|0 fnt\n|faint|p1a: Skeledirge\n|move|p2a: Calyrex|High Horsepower|p1b: Calyrex\n|-supereffective|p1b: Calyrex\n|-damage|p1b: Calyrex|0 fnt\n|faint|p1b: Calyrex\n|-ability|p2a: Calyrex|Chilling Neigh|boost\n|-boost|p2a: Calyrex|atk|1\n|\n|upkeep\n|\n|t:|1719547576\n|switch|p1a: Iron Bundle|Iron Bundle, L50|100\/100\n|switch|p1b: Rillaboom|Rillaboom, L50, F|100\/100\n|-fieldstart|move: Grassy Terrain|[from] ability: Grassy Surge|[of] p1b: Rillaboom\n|turn|5\n|\n|t:|1719547595\n|move|p1b: Rillaboom|Fake Out|p2a: Calyrex\n|-crit|p2a: Calyrex\n|-damage|p2a: Calyrex|43\/100\n|-enditem|p2a: Calyrex|Sitrus Berry|[eat]\n|-heal|p2a: Calyrex|67\/100|[from] item: Sitrus Berry\n|move|p1a: Iron Bundle|Freeze-Dry|p2b: Urshifu\n|-damage|p2b: Urshifu|0 fnt\n|faint|p2b: Urshifu\n|cant|p2a: Calyrex|flinch\n|\n|-heal|p2a: Calyrex|73\/100|[from] Grassy Terrain\n|upkeep\n|\n|t:|1719547601\n|switch|p2b: Ursaluna|Ursaluna-Bloodmoon, L50, M|100\/100\n|turn|6\n|\n|t:|1719547609\n|-terastallize|p2b: Ursaluna|Normal\n|move|p1a: Iron Bundle|Hydro Pump|p2a: Calyrex\n|-damage|p2a: Calyrex|35\/100\n|move|p1b: Rillaboom|Wood Hammer|p2a: Calyrex\n|-damage|p2a: Calyrex|0 fnt\n|faint|p2a: Calyrex\n|-damage|p1b: Rillaboom|89\/100|[from] Recoil\n|move|p2b: Ursaluna|Hyper Voice|p1a: Iron Bundle|[spread] p1a,p1b\n|-damage|p1a: Iron Bundle|0 fnt\n|-damage|p1b: Rillaboom|9\/100\n|faint|p1a: Iron Bundle\n|-end|p1a: Iron Bundle|Quark Drive|[silent]\n|-damage|p2b: Ursaluna|91\/100|[from] item: Life Orb\n|\n|-heal|p1b: Rillaboom|15\/100|[from] Grassy Terrain\n|-heal|p2b: Ursaluna|97\/100|[from] Grassy Terrain\n|upkeep\n|turn|7\n|\n|t:|1719547619\n|move|p1b: Rillaboom|Wood Hammer|p2b: Ursaluna\n|-damage|p2b: Ursaluna|18\/100\n|-damage|p1b: Rillaboom|0 fnt|[from] Recoil\n|faint|p1b: Rillaboom\n|\n|win|war3ted\n|raw|TocThicc's rating: 1736 &rarr; <strong>1718<\/strong><br \/>(-18 for losing)\n|raw|war3ted's rating: 1769 &rarr; <strong>1787<\/strong><br \/>(+18 for winning)\n|l|\u2606TocThicc\n|player|p1|\n|l|\u2606war3ted\n|player|p2|\n","uploadtime":1719547815,"views":102,"formatid":"gen9vgc2024regg","rating":1718,"private":0,"password":null}