{"id":"gen9vgc2024regg-2151360351","format":"[Gen 9] VGC 2024 Reg G","players":["TocThicc","TheCheekyMeek"],"log":"|j|\u2606TocThicc\n|j|\u2606TheCheekyMeek\n|t:|1719542252\n|gametype|doubles\n|player|p1|TocThicc|169|1720\n|player|p2|TheCheekyMeek|266|1700\n|teamsize|p1|6\n|teamsize|p2|6\n|gen|9\n|tier|[Gen 9] VGC 2024 Reg G\n|rated|\n|rule|Species Clause: Limit one of each Pok\u00e9mon\n|rule|Item Clause: Limit one of each item\n|clearpoke\n|poke|p1|Calyrex-Ice, L50|\n|poke|p1|Rillaboom, L50, F|\n|poke|p1|Ting-Lu, L50|\n|poke|p1|Skeledirge, L50, F|\n|poke|p1|Raging Bolt, L50|\n|poke|p1|Iron Bundle, L50|\n|poke|p2|Grovyle, L50, M|\n|poke|p2|Primarina, L50, M|\n|poke|p2|Torkoal, L50, M|\n|poke|p2|Amoonguss, L50, F|\n|poke|p2|Calyrex-Ice, L50|\n|poke|p2|Farigiraf, L50, M|\n|teampreview|4\n|inactive|Battle timer is ON: inactive players will automatically lose when time's up. (requested by TheCheekyMeek)\nTocThicc has agreed to open team sheets.\n|inactive|TocThicc has 60 seconds left.\n|\n|t:|1719542284\n|start\n|switch|p1a: Rillaboom|Rillaboom, L50, F|100\/100\n|switch|p1b: Calyrex|Calyrex-Ice, L50|100\/100\n|switch|p2a: Grovyle|Grovyle, L50, M|100\/100\n|switch|p2b: Primarina|Primarina, L50, M|100\/100\n|-ability|p1b: Calyrex|As One\n|-ability|p1b: Calyrex|Unnerve\n|-fieldstart|move: Grassy Terrain|[from] ability: Grassy Surge|[of] p1a: Rillaboom\n|turn|1\n|j| simagungou2\n|\n|t:|1719542301\n|move|p2a: Grovyle|Protect|p2a: Grovyle\n|-singleturn|p2a: Grovyle|Protect\n|move|p2b: Primarina|Protect|p2b: Primarina\n|-singleturn|p2b: Primarina|Protect\n|move|p1a: Rillaboom|Fake Out|p2b: Primarina\n|-activate|p2b: Primarina|move: Protect\n|move|p1b: Calyrex|Glacial Lance|p2b: Primarina|[spread] \n|-activate|p2a: Grovyle|move: Protect\n|-activate|p2b: Primarina|move: Protect\n|\n|upkeep\n|turn|2\n|\n|t:|1719542323\n|move|p2a: Grovyle|Grass Pledge|p1b: Calyrex\n|-waiting|p2a: Grovyle|p2b: Primarina\n|move|p2b: Primarina|Water Pledge|p1b: Calyrex|[from]move: Grass Pledge\n|-combine\n|-damage|p1b: Calyrex|24\/100\n|-sidestart|p1: TocThicc|Grass Pledge\n|move|p1a: Rillaboom|Wood Hammer|p2b: Primarina\n|-supereffective|p2b: Primarina\n|-damage|p2b: Primarina|0 fnt\n|faint|p2b: Primarina\n|-damage|p1a: Rillaboom|72\/100|[from] Recoil\n|move|p1b: Calyrex|Glacial Lance|p2a: Grovyle\n|-supereffective|p2a: Grovyle\n|-crit|p2a: Grovyle\n|-enditem|p2a: Grovyle|Focus Sash\n|-damage|p2a: Grovyle|1\/100\n|\n|-heal|p2a: Grovyle|7\/100|[from] Grassy Terrain\n|-heal|p1a: Rillaboom|78\/100|[from] Grassy Terrain\n|-heal|p1b: Calyrex|29\/100|[from] Grassy Terrain\n|upkeep\n|\n|t:|1719542344\n|switch|p2b: Farigiraf|Farigiraf, L50, M|100\/100\n|turn|3\n|c|\u2606TocThicc|!dt grass pledge\n|raw|<ul class=\"utilichart\"><li class=\"result\"><span class=\"col movenamecol\"><a href=\"https:\/\/dex.pokemonshowdown.com\/moves\/grasspledge\">Grass Pledge<\/a><\/span> <span class=\"col typecol\"><img src=\"\/\/play.pokemonshowdown.com\/sprites\/types\/Grass.png\" alt=\"Grass\" width=\"32\" height=\"14\"><img src=\"\/\/play.pokemonshowdown.com\/sprites\/categories\/Special.png\" alt=\"Special\" width=\"32\" height=\"14\"><\/span> <span class=\"col labelcol\"><em>Power<\/em><br>80<\/span> <span class=\"col widelabelcol\"><em>Accuracy<\/em><br>100%<\/span> <span class=\"col pplabelcol\"><em>PP<\/em><br>16<\/span> <span class=\"col movedesccol\">Use with Fire or Water Pledge for added effect.<\/span> <\/li><li style=\"clear:both\"><\/li><\/ul>\n|raw|<font size=\"1\"><font color=\"#686868\">Priority:<\/font> 0&nbsp;|&ThickSpace;<font color=\"#686868\">Gen:<\/font> 5&nbsp;|&ThickSpace;<font color=\"#686868\">Z-Power:<\/font> 160&nbsp;|&ThickSpace;<font color=\"#686868\">Dynamax Power:<\/font> 130&nbsp;|&ThickSpace;<font color=\"#686868\">Target:<\/font> One Adjacent Pok\u00e9mon<\/font>\n\n|\n|t:|1719542360\n|-terastallize|p1a: Rillaboom|Grass\n|move|p1b: Calyrex|Protect|p1b: Calyrex\n|-singleturn|p1b: Calyrex|Protect\n|move|p2a: Grovyle|Endeavor|p1a: Rillaboom\n|-damage|p1a: Rillaboom|4\/100\n|move|p2b: Farigiraf|Hyper Voice|p1b: Calyrex|[spread] p1a\n|-activate|p1b: Calyrex|move: Protect\n|-crit|p1a: Rillaboom\n|-damage|p1a: Rillaboom|0 fnt\n|faint|p1a: Rillaboom\n|-enditem|p2b: Farigiraf|Throat Spray\n|-boost|p2b: Farigiraf|spa|1|[from] item: Throat Spray\n|\n|-heal|p2a: Grovyle|12\/100|[from] Grassy Terrain\n|-heal|p1b: Calyrex|35\/100|[from] Grassy Terrain\n|upkeep\n|\n|t:|1719542374\n|switch|p1a: Iron Bundle|Iron Bundle, L50|100\/100\n|turn|4\n|inactive|TheCheekyMeek has 30 seconds left.\n|inactive|TocThicc has 30 seconds left.\n|\n|t:|1719542412\n|move|p2a: Grovyle|Endeavor|p1a: Iron Bundle\n|-damage|p1a: Iron Bundle|10\/100\n|move|p2b: Farigiraf|Hyper Voice|p1b: Calyrex|[spread] p1a,p1b\n|-damage|p1a: Iron Bundle|0 fnt\n|-damage|p1b: Calyrex|6\/100\n|faint|p1a: Iron Bundle\n|-end|p1a: Iron Bundle|Quark Drive|[silent]\n|move|p1b: Calyrex|Glacial Lance|p2a: Grovyle|[spread] p2a,p2b\n|-supereffective|p2a: Grovyle\n|-damage|p2a: Grovyle|0 fnt\n|-damage|p2b: Farigiraf|45\/100\n|faint|p2a: Grovyle\n|-ability|p1b: Calyrex|Chilling Neigh|boost\n|-boost|p1b: Calyrex|atk|1\n|\n|-heal|p2b: Farigiraf|51\/100|[from] Grassy Terrain\n|-heal|p1b: Calyrex|12\/100|[from] Grassy Terrain\n|upkeep\n|\n|t:|1719542431\n|switch|p1a: Skeledirge|Skeledirge, L50, F|100\/100\n|switch|p2a: Calyrex|Calyrex-Ice, L50|100\/100\n|-ability|p2a: Calyrex|As One\n|-ability|p2a: Calyrex|Unnerve\n|turn|5\n|\n|t:|1719542453\n|-terastallize|p2a: Calyrex|Water\n|move|p2b: Farigiraf|Psychic Noise|p1a: Skeledirge\n|-damage|p1a: Skeledirge|72\/100\n|-start|p1a: Skeledirge|move: Heal Block\n|move|p2a: Calyrex|Glacial Lance|p1b: Calyrex|[spread] p1a,p1b\n|-resisted|p1a: Skeledirge\n|-resisted|p1b: Calyrex\n|-damage|p1a: Skeledirge|52\/100\n|-damage|p1b: Calyrex|0 fnt\n|faint|p1b: Calyrex\n|-ability|p2a: Calyrex|Chilling Neigh|boost\n|-boost|p2a: Calyrex|atk|1\n|move|p1a: Skeledirge|Will-O-Wisp|p2a: Calyrex\n|-status|p2a: Calyrex|brn\n|\n|-heal|p2b: Farigiraf|57\/100|[from] Grassy Terrain\n|-damage|p2a: Calyrex|95\/100 brn|[from] brn\n|-sideend|p1: TocThicc|Grass Pledge\n|-fieldend|move: Grassy Terrain\n|upkeep\n|turn|6\n|inactive|TheCheekyMeek has 30 seconds left.\n|inactive|TheCheekyMeek has 20 seconds left.\n|\n|t:|1719542490\n|move|p1a: Skeledirge|Torch Song|p2b: Farigiraf\n|-damage|p2b: Farigiraf|28\/100\n|-boost|p1a: Skeledirge|spa|1\n|move|p2b: Farigiraf|Psychic Noise|p1a: Skeledirge\n|-damage|p1a: Skeledirge|22\/100\n|move|p2a: Calyrex|High Horsepower|p1a: Skeledirge\n|-supereffective|p1a: Skeledirge\n|-damage|p1a: Skeledirge|0 fnt\n|faint|p1a: Skeledirge\n|\n|win|TheCheekyMeek\n|raw|TocThicc's rating: 1720 &rarr; <strong>1699<\/strong><br \/>(-21 for losing)\n|raw|TheCheekyMeek's rating: 1700 &rarr; <strong>1721<\/strong><br \/>(+21 for winning)\n|l|\u2606TocThicc\n|player|p1|\n|l| simagungou2\n|l|\u2606TheCheekyMeek\n|player|p2|\n","uploadtime":1719542659,"views":48,"formatid":"gen9vgc2024regg","rating":1699,"private":0,"password":null}