{"id":"gen9vgc2024regg-2151437758","format":"[Gen 9] VGC 2024 Reg G","players":["chuanOVO","something123"],"log":"|j|\u2606chuanOVO\n|j|\u2606something123\n|t:|1719555745\n|gametype|doubles\n|player|p1|chuanOVO|n|1805\n|player|p2|something123|170|1802\n|teamsize|p1|6\n|teamsize|p2|6\n|gen|9\n|tier|[Gen 9] VGC 2024 Reg G\n|rated|\n|rule|Species Clause: Limit one of each Pok\u00e9mon\n|rule|Item Clause: Limit one of each item\n|clearpoke\n|poke|p1|Calyrex-Shadow, L50|\n|poke|p1|Smeargle, L50, M|\n|poke|p1|Clefairy, L50, F|\n|poke|p1|Incineroar, L50, M|\n|poke|p1|Rillaboom, L50, M|\n|poke|p1|Urshifu-*, L50, M|\n|poke|p2|Chandelure, L50, M|\n|poke|p2|Moltres-Galar, L50|\n|poke|p2|Rillaboom, L50, M|\n|poke|p2|Chien-Pao, L50|\n|poke|p2|Zamazenta-*, L50|\n|poke|p2|Flutter Mane, L50|\n|teampreview|4\n|inactive|Battle timer is ON: inactive players will automatically lose when time's up. (requested by chuanOVO)\n|\n|t:|1719555763\n|start\n|switch|p1a: Calyrex|Calyrex-Shadow, L50|100\/100\n|switch|p1b: Smeargle|Smeargle, L50, M, shiny|100\/100\n|switch|p2a: Flutter Mane|Flutter Mane, L50|100\/100\n|switch|p2b: Zamazenta|Zamazenta-Crowned, L50|100\/100\n|-ability|p1a: Calyrex|As One\n|-ability|p1a: Calyrex|Unnerve\n|-ability|p2b: Zamazenta|Dauntless Shield|boost\n|-boost|p2b: Zamazenta|def|1\n|-enditem|p2a: Flutter Mane|Booster Energy\n|-activate|p2a: Flutter Mane|ability: Protosynthesis|[fromitem]\n|-start|p2a: Flutter Mane|protosynthesisspe\n|turn|1\n|\n|t:|1719555783\n|-terastallize|p2a: Flutter Mane|Normal\n|move|p1b: Smeargle|Fake Out|p2b: Zamazenta\n|-resisted|p2b: Zamazenta\n|-damage|p2b: Zamazenta|99\/100\n|move|p2a: Flutter Mane|Icy Wind|p1b: Smeargle|[spread] p1a,p1b\n|-damage|p1a: Calyrex|90\/100\n|-damage|p1b: Smeargle|75\/100\n|-unboost|p1b: Smeargle|spe|1\n|move|p1a: Calyrex|Nasty Plot|p1a: Calyrex\n|-boost|p1a: Calyrex|spa|2\n|cant|p2b: Zamazenta|flinch\n|\n|-ability|p1b: Smeargle|Moody|boost\n|-boost|p1b: Smeargle|spe|2\n|-unboost|p1b: Smeargle|spd|1\n|upkeep\n|turn|2\n|inactive|chuanOVO has 30 seconds left.\n|inactive|something123 has 30 seconds left.\n|j| rabbithorn01\n|inactive|chuanOVO has 20 seconds left.\n|inactive|something123 has 20 seconds left.\n|inactive|something123 has 15 seconds left.\n|inactive|something123 has 10 seconds left.\n|\n|t:|1719555830\n|switch|p1b: Clefairy|Clefairy, L50, F, shiny|100\/100\n|move|p2b: Zamazenta|Protect|p2b: Zamazenta\n|-singleturn|p2b: Zamazenta|Protect\n|move|p2a: Flutter Mane|Moonblast|p1b: Clefairy\n|-damage|p1b: Clefairy|61\/100\n|move|p1a: Calyrex|Astral Barrage|p2b: Zamazenta|[spread] \n|-activate|p2b: Zamazenta|move: Protect\n|-immune|p2a: Flutter Mane\n|\n|upkeep\n|turn|3\n|inactive|something123 has 30 seconds left.\n|inactive|something123 has 20 seconds left.\n|inactive|something123 has 15 seconds left.\n|\n|t:|1719555873\n|move|p1b: Clefairy|Protect|p1b: Clefairy\n|-singleturn|p1b: Clefairy|Protect\n|move|p2a: Flutter Mane|Moonblast|p1a: Calyrex\n|-damage|p1a: Calyrex|63\/100\n|move|p1a: Calyrex|Draining Kiss|p2a: Flutter Mane\n|-damage|p2a: Flutter Mane|67\/100\n|-heal|p1a: Calyrex|83\/100|[from] drain|[of] p2a: Flutter Mane\n|move|p2b: Zamazenta|Heavy Slam|p1a: Calyrex\n|-damage|p1a: Calyrex|48\/100\n|\n|upkeep\n|turn|4\n|inactive|chuanOVO has 30 seconds left.\n|inactive|something123 has 30 seconds left.\n|inactive|something123 has 20 seconds left.\n|\n|t:|1719555911\n|switch|p1b: Incineroar|Incineroar, L50, M, shiny|100\/100\n|-ability|p1b: Incineroar|Intimidate|boost\n|-unboost|p2a: Flutter Mane|atk|1\n|-unboost|p2b: Zamazenta|atk|1\n|-terastallize|p1a: Calyrex|Fairy\n|move|p2a: Flutter Mane|Thunder Wave|p1a: Calyrex|[miss]\n|-miss|p2a: Flutter Mane|p1a: Calyrex\n|move|p1a: Calyrex|Draining Kiss|p2a: Flutter Mane\n|-damage|p2a: Flutter Mane|11\/100\n|-heal|p1a: Calyrex|82\/100|[from] drain|[of] p2a: Flutter Mane\n|move|p2b: Zamazenta|Body Press|p1b: Incineroar\n|-supereffective|p1b: Incineroar\n|-crit|p1b: Incineroar\n|-damage|p1b: Incineroar|0 fnt\n|faint|p1b: Incineroar\n|\n|upkeep\n|\n|t:|1719555929\n|switch|p1b: Smeargle|Smeargle, L50, M, shiny|75\/100\n|turn|5\n|c|\u2606something123|Might have needed that t wave\n|inactive|something123 has 30 seconds left.\n|\n|t:|1719555961\n|move|p2a: Flutter Mane|Protect|p2a: Flutter Mane\n|-singleturn|p2a: Flutter Mane|Protect\n|move|p2b: Zamazenta|Protect|p2b: Zamazenta\n|-singleturn|p2b: Zamazenta|Protect\n|move|p1b: Smeargle|Fake Out|p2b: Zamazenta\n|-activate|p2b: Zamazenta|move: Protect\n|move|p1a: Calyrex|Nasty Plot|p1a: Calyrex\n|-boost|p1a: Calyrex|spa|2\n|\n|-ability|p1b: Smeargle|Moody|boost\n|-boost|p1b: Smeargle|spa|2\n|-unboost|p1b: Smeargle|def|1\n|upkeep\n|turn|6\n|j| Satansinlaw\n|inactive|something123 has 30 seconds left.\n|inactive|something123 has 20 seconds left.\n|inactive|something123 has 15 seconds left.\n|\n|t:|1719556003\n|switch|p1b: Clefairy|Clefairy, L50, F, shiny|61\/100\n|move|p2a: Flutter Mane|Thunder Wave|p1a: Calyrex\n|-status|p1a: Calyrex|par\n|move|p2b: Zamazenta|Heavy Slam|p1b: Clefairy\n|-supereffective|p1b: Clefairy\n|-damage|p1b: Clefairy|10\/100\n|move|p1a: Calyrex|Draining Kiss|p2b: Zamazenta\n|-damage|p2b: Zamazenta|19\/100\n|-heal|p1a: Calyrex|100\/100 par|[from] drain|[of] p2b: Zamazenta\n|\n|upkeep\n|turn|7\n|inactive|something123 has 30 seconds left.\n|\n|t:|1719556039\n|move|p1b: Clefairy|Protect|p1b: Clefairy\n|-singleturn|p1b: Clefairy|Protect\n|move|p2a: Flutter Mane|Moonblast|p1b: Clefairy\n|-activate|p1b: Clefairy|move: Protect\n|move|p2b: Zamazenta|Heavy Slam|p1a: Calyrex\n|-supereffective|p1a: Calyrex\n|-damage|p1a: Calyrex|55\/100 par\n|move|p1a: Calyrex|Draining Kiss|p2b: Zamazenta\n|-damage|p2b: Zamazenta|0 fnt\n|-heal|p1a: Calyrex|68\/100 par|[from] drain|[of] p2b: Zamazenta\n|faint|p2b: Zamazenta\n|-ability|p1a: Calyrex|Grim Neigh|boost\n|-boost|p1a: Calyrex|spa|1\n|\n|upkeep\n|c| rabbithorn01|no spread moves against it is so hard, even u read all his moves\n|\n|t:|1719556056\n|switch|p2b: Rillaboom|Rillaboom, L50, M|100\/100\n|-fieldstart|move: Grassy Terrain|[from] ability: Grassy Surge|[of] p2b: Rillaboom\n|turn|8\n|\n|t:|1719556071\n|move|p1b: Clefairy|Helping Hand|p1a: Calyrex\n|-singleturn|p1a: Calyrex|Helping Hand|[of] p1b: Clefairy\n|move|p2a: Flutter Mane|Moonblast|p1b: Clefairy\n|-damage|p1b: Clefairy|0 fnt\n|faint|p1b: Clefairy\n|move|p2b: Rillaboom|Wood Hammer|p1a: Calyrex\n|-damage|p1a: Calyrex|0 fnt\n|faint|p1a: Calyrex\n|-damage|p2b: Rillaboom|76\/100|[from] Recoil\n|\n|-heal|p2a: Flutter Mane|17\/100|[from] Grassy Terrain\n|-heal|p2b: Rillaboom|82\/100|[from] Grassy Terrain\n|upkeep\n|c|\u2606something123|gg\n|c| rabbithorn01|ggwp\n|-message|chuanOVO forfeited.\n|\n|win|something123\n|raw|chuanOVO's rating: 1805 &rarr; <strong>1785<\/strong><br \/>(-20 for losing)\n|raw|something123's rating: 1802 &rarr; <strong>1822<\/strong><br \/>(+20 for winning)\n|l|\u2606chuanOVO\n|player|p1|\n|l| Satansinlaw\n|l|\u2606something123\n|player|p2|\n","uploadtime":1719556098,"views":272,"formatid":"gen9vgc2024regg","rating":1785,"private":0,"password":null}