{"id":"gen9vgc2024regg-2151328927","format":"[Gen 9] VGC 2024 Reg G","players":["pkmzbx","rgktest"],"log":"|j|\u2606pkmzbx\n|j|\u2606rgktest\n|t:|1719537885\n|gametype|doubles\n|player|p1|pkmzbx|1|1747\n|player|p2|rgktest|265|1819\n|teamsize|p1|6\n|teamsize|p2|6\n|gen|9\n|tier|[Gen 9] VGC 2024 Reg G\n|rated|\n|rule|Species Clause: Limit one of each Pok\u00e9mon\n|rule|Item Clause: Limit one of each item\n|clearpoke\n|poke|p1|Araquanid, L50, M|\n|poke|p1|Landorus, L50, M|\n|poke|p1|Farigiraf, L50, M|\n|poke|p1|Iron Hands, L50|\n|poke|p1|Grimmsnarl, L50, M|\n|poke|p1|Miraidon, L50|\n|poke|p2|Calyrex-Shadow, L50|\n|poke|p2|Weezing, L50, F|\n|poke|p2|Regigigas, L50|\n|poke|p2|Iron Hands, L50|\n|poke|p2|Suicune, L50|\n|poke|p2|Toedscruel, L50, F|\n|teampreview|4\n|j| Chysial\n|\n|t:|1719537923\n|start\n|switch|p1a: Iron Hands|Iron Hands, L50|100\/100\n|switch|p1b: Farigiraf|Farigiraf, L50, M|100\/100\n|switch|p2a: Weezing|Weezing, L50, F|100\/100\n|switch|p2b: Toedscruel|Toedscruel, L50, F|100\/100\n|-ability|p2a: Weezing|Neutralizing Gas\n|turn|1\n|\n|t:|1719537945\n|move|p1a: Iron Hands|Fake Out|p2b: Toedscruel\n|-damage|p2b: Toedscruel|82\/100\n|-damage|p1a: Iron Hands|84\/100|[from] item: Rocky Helmet|[of] p2b: Toedscruel\n|cant|p2b: Toedscruel|flinch\n|move|p2a: Weezing|Taunt|p1b: Farigiraf\n|-start|p1b: Farigiraf|move: Taunt\n|move|p1b: Farigiraf|Psychic Noise|p2a: Weezing\n|-supereffective|p2a: Weezing\n|-damage|p2a: Weezing|44\/100\n|-start|p2a: Weezing|move: Heal Block\n|\n|upkeep\n|turn|2\n|\n|t:|1719537963\n|move|p2b: Toedscruel|Spore|p1b: Farigiraf\n|-status|p1b: Farigiraf|slp|[from] move: Spore\n|move|p2a: Weezing|Will-O-Wisp|p1a: Iron Hands\n|-status|p1a: Iron Hands|brn\n|move|p1a: Iron Hands|Ice Punch|p2b: Toedscruel\n|-supereffective|p2b: Toedscruel\n|-damage|p2b: Toedscruel|3\/100\n|-damage|p1a: Iron Hands|68\/100 brn|[from] item: Rocky Helmet|[of] p2b: Toedscruel\n|cant|p1b: Farigiraf|slp\n|\n|-damage|p1a: Iron Hands|61\/100 brn|[from] brn\n|-end|p2a: Weezing|move: Heal Block\n|upkeep\n|-enditem|p2a: Weezing|Sitrus Berry|[eat]\n|-heal|p2a: Weezing|69\/100|[from] item: Sitrus Berry\n|turn|3\n|j| judicremie.\n|\n|t:|1719537987\n|move|p2b: Toedscruel|Knock Off|p1b: Farigiraf\n|-supereffective|p1b: Farigiraf\n|-damage|p1b: Farigiraf|71\/100 slp\n|-enditem|p1b: Farigiraf|Electric Seed|[from] move: Knock Off|[of] p2b: Toedscruel\n|move|p2a: Weezing|Gunk Shot|p1b: Farigiraf\n|-damage|p1b: Farigiraf|34\/100 slp\n|move|p1a: Iron Hands|Wild Charge|p2a: Weezing\n|-damage|p2a: Weezing|46\/100\n|-damage|p1a: Iron Hands|58\/100 brn|[from] Recoil\n|-curestatus|p1b: Farigiraf|slp|[msg]\n|move|p1b: Farigiraf|Psychic Noise|p2a: Weezing\n|-supereffective|p2a: Weezing\n|-damage|p2a: Weezing|0 fnt\n|faint|p2a: Weezing\n|-end|p2a: Weezing|ability: Neutralizing Gas\n|\n|-damage|p1a: Iron Hands|51\/100 brn|[from] brn\n|-end|p1b: Farigiraf|move: Taunt\n|upkeep\n|\n|t:|1719538009\n|switch|p2a: Calyrex|Calyrex-Shadow, L50|100\/100\n|-ability|p2a: Calyrex|As One\n|-ability|p2a: Calyrex|Unnerve\n|turn|4\n|\n|t:|1719538039\n|move|p2a: Calyrex|Psyshock|p1a: Iron Hands\n|-supereffective|p1a: Iron Hands\n|-damage|p1a: Iron Hands|0 fnt\n|faint|p1a: Iron Hands\n|-end|p1a: Iron Hands|Quark Drive|[silent]\n|-ability|p2a: Calyrex|Grim Neigh|boost\n|-boost|p2a: Calyrex|spa|1\n|move|p1b: Farigiraf|Foul Play|p2a: Calyrex\n|-supereffective|p2a: Calyrex\n|-damage|p2a: Calyrex|32\/100\n|move|p2b: Toedscruel|Spore|p1b: Farigiraf\n|-status|p1b: Farigiraf|slp|[from] move: Spore\n|\n|upkeep\n|j| HarshEuroBarge\n|j| scotchydogg\n|\n|t:|1719538051\n|switch|p1a: Miraidon|Miraidon, L50|100\/100\n|-fieldstart|move: Electric Terrain|[from] ability: Hadron Engine|[of] p1a: Miraidon\n|turn|5\n|l| HarshEuroBarge\n|\n|t:|1719538071\n|-terastallize|p1a: Miraidon|Fairy\n|cant|p1b: Farigiraf|slp\n|move|p2b: Toedscruel|Rage Powder|p2b: Toedscruel\n|-singleturn|p2b: Toedscruel|move: Rage Powder\n|move|p2a: Calyrex|Psyshock|p1b: Farigiraf\n|-resisted|p1b: Farigiraf\n|-crit|p1b: Farigiraf\n|-damage|p1b: Farigiraf|0 fnt\n|faint|p1b: Farigiraf\n|-ability|p2a: Calyrex|Grim Neigh|boost\n|-boost|p2a: Calyrex|spa|1\n|move|p1a: Miraidon|Dazzling Gleam|p2a: Calyrex|[spread] p2a,p2b\n|-damage|p2a: Calyrex|0 fnt\n|-damage|p2b: Toedscruel|0 fnt\n|faint|p2a: Calyrex\n|faint|p2b: Toedscruel\n|\n|upkeep\n|\n|t:|1719538088\n|switch|p2b: Iron Hands|Iron Hands, L50|100\/100\n|switch|p1b: Araquanid|Araquanid, L50, M|100\/100\n|-activate|p2b: Iron Hands|ability: Quark Drive\n|-start|p2b: Iron Hands|quarkdriveatk\n|turn|6\n|\n|t:|1719538115\n|-terastallize|p2b: Iron Hands|Water\n|move|p1a: Miraidon|Dazzling Gleam|p2b: Iron Hands\n|-damage|p2b: Iron Hands|60\/100\n|move|p2b: Iron Hands|Wild Charge|p1a: Miraidon\n|-damage|p1a: Miraidon|6\/100\n|-damage|p2b: Iron Hands|41\/100|[from] Recoil\n|move|p1b: Araquanid|Liquidation|p2b: Iron Hands\n|-resisted|p2b: Iron Hands\n|-damage|p2b: Iron Hands|20\/100\n|\n|upkeep\n|turn|7\n|\n|t:|1719538130\n|move|p1a: Miraidon|Dazzling Gleam|p2b: Iron Hands\n|-damage|p2b: Iron Hands|0 fnt\n|faint|p2b: Iron Hands\n|-end|p2b: Iron Hands|Quark Drive|[silent]\n|\n|win|pkmzbx\n|raw|pkmzbx's rating: 1747 &rarr; <strong>1771<\/strong><br \/>(+24 for winning)\n|raw|rgktest's rating: 1819 &rarr; <strong>1795<\/strong><br \/>(-24 for losing)\n|l|\u2606pkmzbx\n|player|p1|\n|l|\u2606rgktest\n|player|p2|\n|l| Chysial\n","uploadtime":1719538328,"views":178,"formatid":"gen9vgc2024regg","rating":1771,"private":0,"password":null}