{"id":"gen9vgc2024regg-2151754506","format":"[Gen 9] VGC 2024 Reg G","players":["ElyasTheGreat","Tempest brute"],"log":"|j|\u2606ElyasTheGreat\n|j|\u2606Tempest brute\n|t:|1719602599\n|gametype|doubles\n|player|p1|ElyasTheGreat|alder|1786\n|player|p2|Tempest brute|265|1715\n|teamsize|p1|6\n|teamsize|p2|6\n|gen|9\n|tier|[Gen 9] VGC 2024 Reg G\n|rated|\n|rule|Species Clause: Limit one of each Pok\u00e9mon\n|rule|Item Clause: Limit one of each item\n|clearpoke\n|poke|p1|Kyogre, L50|\n|poke|p1|Tornadus, L50, M|\n|poke|p1|Urshifu-*, L50, F|\n|poke|p1|Raging Bolt, L50|\n|poke|p1|Rillaboom, L50, M|\n|poke|p1|Incineroar, L50, M|\n|poke|p2|Lunala, L50|\n|poke|p2|Roaring Moon, L50|\n|poke|p2|Entei, L50|\n|poke|p2|Ogerpon-Wellspring, L50, F|\n|poke|p2|Iron Hands, L50|\n|poke|p2|Ursaluna-Bloodmoon, L50, M|\n|teampreview|4\n|j| goldtail15\n|\n|t:|1719602630\n|start\n|switch|p1a: Raging Bolt|Raging Bolt, L50|100\/100\n|switch|p1b: Incineroar|Incineroar, L50, M|100\/100\n|switch|p2a: Lunala|Lunala, L50|100\/100\n|switch|p2b: Roaring Moon|Roaring Moon, L50|100\/100\n|-ability|p1b: Incineroar|Intimidate|boost\n|-unboost|p2a: Lunala|atk|1\n|-unboost|p2b: Roaring Moon|atk|1\n|-enditem|p2b: Roaring Moon|Booster Energy\n|-activate|p2b: Roaring Moon|ability: Protosynthesis|[fromitem]\n|-start|p2b: Roaring Moon|protosynthesisspe\n|turn|1\n|\n|t:|1719602653\n|-terastallize|p1a: Raging Bolt|Fairy\n|move|p2b: Roaring Moon|Protect|p2b: Roaring Moon\n|-singleturn|p2b: Roaring Moon|Protect\n|move|p2a: Lunala|Protect|p2a: Lunala\n|-singleturn|p2a: Lunala|Protect\n|move|p1b: Incineroar|Knock Off|p2a: Lunala\n|-activate|p2a: Lunala|move: Protect\n|move|p1a: Raging Bolt|Calm Mind|p1a: Raging Bolt\n|-boost|p1a: Raging Bolt|spa|1\n|-boost|p1a: Raging Bolt|spd|1\n|\n|upkeep\n|turn|2\n|\n|t:|1719602674\n|-terastallize|p2a: Lunala|Water\n|move|p2b: Roaring Moon|Substitute|p2b: Roaring Moon\n|-start|p2b: Roaring Moon|Substitute\n|-damage|p2b: Roaring Moon|76\/100\n|move|p2a: Lunala|Will-O-Wisp|p1a: Raging Bolt\n|-status|p1a: Raging Bolt|brn\n|move|p1b: Incineroar|Knock Off|p2a: Lunala\n|-damage|p2a: Lunala|85\/100\n|-enditem|p2a: Lunala|Leftovers|[from] move: Knock Off|[of] p1b: Incineroar\n|move|p1a: Raging Bolt|Dragon Pulse|p2b: Roaring Moon\n|-supereffective|p2b: Roaring Moon\n|-end|p2b: Roaring Moon|Substitute\n|\n|-damage|p1a: Raging Bolt|94\/100 brn|[from] brn\n|upkeep\n|turn|3\n|\n|t:|1719602707\n|move|p2b: Roaring Moon|Protect|p2b: Roaring Moon\n|-singleturn|p2b: Roaring Moon|Protect\n|move|p2a: Lunala|Moongeist Beam|p1a: Raging Bolt\n|-damage|p1a: Raging Bolt|71\/100 brn\n|move|p1b: Incineroar|Parting Shot|p2a: Lunala\n|-unboost|p2a: Lunala|atk|1\n|-unboost|p2a: Lunala|spa|1\n|\n|t:|1719602721\n|switch|p1b: Kyogre|Kyogre, L50|100\/100|[from] Parting Shot\n|-weather|RainDance|[from] ability: Drizzle|[of] p1b: Kyogre\n|move|p1a: Raging Bolt|Dragon Pulse|p2b: Roaring Moon\n|-activate|p2b: Roaring Moon|move: Protect\n|\n|-weather|RainDance|[upkeep]\n|-heal|p1a: Raging Bolt|77\/100 brn|[from] item: Leftovers\n|-damage|p1a: Raging Bolt|71\/100 brn|[from] brn\n|upkeep\n|turn|4\n|\n|t:|1719602727\n|switch|p2a: Ogerpon|Ogerpon-Wellspring, L50, F|100\/100\n|move|p2b: Roaring Moon|Substitute|p2b: Roaring Moon\n|-start|p2b: Roaring Moon|Substitute\n|-damage|p2b: Roaring Moon|51\/100\n|move|p1b: Kyogre|Thunder|p2a: Ogerpon\n|-damage|p2a: Ogerpon|61\/100\n|move|p1a: Raging Bolt|Dragon Pulse|p2b: Roaring Moon\n|-supereffective|p2b: Roaring Moon\n|-crit|p2b: Roaring Moon\n|-end|p2b: Roaring Moon|Substitute\n|\n|-weather|RainDance|[upkeep]\n|-heal|p1a: Raging Bolt|77\/100 brn|[from] item: Leftovers\n|-damage|p1a: Raging Bolt|71\/100 brn|[from] brn\n|upkeep\n|turn|5\n|\n|t:|1719602745\n|-end|p2b: Roaring Moon|Protosynthesis|[silent]\n|switch|p2b: Iron Hands|Iron Hands, L50|100\/100\n|switch|p1b: Incineroar|Incineroar, L50, M|100\/100\n|-ability|p1b: Incineroar|Intimidate|boost\n|-unboost|p2a: Ogerpon|atk|1\n|-unboost|p2b: Iron Hands|atk|1\n|move|p2a: Ogerpon|Spiky Shield|p2a: Ogerpon\n|-singleturn|p2a: Ogerpon|move: Protect\n|move|p1a: Raging Bolt|Dragon Pulse|p2b: Iron Hands\n|-damage|p2b: Iron Hands|60\/100\n|\n|-weather|RainDance|[upkeep]\n|-heal|p1a: Raging Bolt|77\/100 brn|[from] item: Leftovers\n|-damage|p1a: Raging Bolt|71\/100 brn|[from] brn\n|upkeep\n|turn|6\n|j| Mojoe93\n|\n|t:|1719602763\n|switch|p2a: Lunala|Lunala, L50, tera:Water|85\/100\n|move|p1b: Incineroar|Fake Out|p2b: Iron Hands\n|-damage|p2b: Iron Hands|52\/100\n|move|p1a: Raging Bolt|Dragon Pulse|p2a: Lunala\n|-damage|p2a: Lunala|43\/100\n|cant|p2b: Iron Hands|flinch\n|\n|-weather|RainDance|[upkeep]\n|-heal|p1a: Raging Bolt|77\/100 brn|[from] item: Leftovers\n|-damage|p1a: Raging Bolt|71\/100 brn|[from] brn\n|upkeep\n|turn|7\n|j| oherrodersir\n|\n|t:|1719602785\n|move|p2a: Lunala|Protect|p2a: Lunala\n|-singleturn|p2a: Lunala|Protect\n|move|p1b: Incineroar|Knock Off|p2b: Iron Hands\n|-resisted|p2b: Iron Hands\n|-damage|p2b: Iron Hands|38\/100\n|-enditem|p2b: Iron Hands|Iapapa Berry|[from] move: Knock Off|[of] p1b: Incineroar\n|move|p1a: Raging Bolt|Dragon Pulse|p2b: Iron Hands\n|-damage|p2b: Iron Hands|0 fnt\n|faint|p2b: Iron Hands\n|-end|p2b: Iron Hands|Quark Drive|[silent]\n|\n|-weather|none\n|-heal|p1a: Raging Bolt|77\/100 brn|[from] item: Leftovers\n|-damage|p1a: Raging Bolt|71\/100 brn|[from] brn\n|upkeep\n|\n|t:|1719602794\n|switch|p2b: Ogerpon|Ogerpon-Wellspring, L50, F|61\/100\n|turn|8\n|\n|t:|1719602823\n|move|p1a: Raging Bolt|Thunderclap||[still]\n|-fail|p1a: Raging Bolt\n|move|p2b: Ogerpon|Ivy Cudgel|p1b: Incineroar|[anim] Ivy Cudgel Water\n|-supereffective|p1b: Incineroar\n|-damage|p1b: Incineroar|0 fnt\n|faint|p1b: Incineroar\n|move|p2a: Lunala|Moonlight|p2a: Lunala\n|-heal|p2a: Lunala|93\/100\n|\n|-heal|p1a: Raging Bolt|77\/100 brn|[from] item: Leftovers\n|-damage|p1a: Raging Bolt|71\/100 brn|[from] brn\n|upkeep\n|\n|t:|1719602830\n|switch|p1b: Urshifu|Urshifu, L50, F|100\/100\n|turn|9\n|\n|t:|1719602842\n|switch|p2b: Roaring Moon|Roaring Moon, L50|51\/100\n|move|p1b: Urshifu|Protect|p1b: Urshifu\n|-singleturn|p1b: Urshifu|Protect\n|move|p2a: Lunala|Will-O-Wisp|p1b: Urshifu\n|-activate|p1b: Urshifu|move: Protect\n|move|p1a: Raging Bolt|Dragon Pulse|p2a: Lunala\n|-damage|p2a: Lunala|56\/100\n|\n|-heal|p1a: Raging Bolt|77\/100 brn|[from] item: Leftovers\n|-damage|p1a: Raging Bolt|71\/100 brn|[from] brn\n|upkeep\n|turn|10\n|\n|t:|1719602861\n|move|p1b: Urshifu|Close Combat|p2b: Roaring Moon\n|-supereffective|p2b: Roaring Moon\n|-damage|p2b: Roaring Moon|0 fnt\n|-unboost|p1b: Urshifu|def|1\n|-unboost|p1b: Urshifu|spd|1\n|faint|p2b: Roaring Moon\n|-end|p2b: Roaring Moon|Protosynthesis|[silent]\n|move|p2a: Lunala|Moongeist Beam|p1b: Urshifu\n|-resisted|p1b: Urshifu\n|-damage|p1b: Urshifu|53\/100\n|move|p1a: Raging Bolt|Dragon Pulse|p2a: Lunala\n|-damage|p2a: Lunala|14\/100\n|\n|-heal|p1a: Raging Bolt|77\/100 brn|[from] item: Leftovers\n|-damage|p1a: Raging Bolt|71\/100 brn|[from] brn\n|upkeep\n|-message|Tempest brute forfeited.\n|\n|win|ElyasTheGreat\n|raw|ElyasTheGreat's rating: 1786 &rarr; <strong>1802<\/strong><br \/>(+16 for winning)\n|raw|Tempest brute's rating: 1715 &rarr; <strong>1699<\/strong><br \/>(-16 for losing)\n|l|\u2606Tempest brute\n|player|p2|\n|l| goldtail15\n|l|\u2606ElyasTheGreat\n|player|p1|\n","uploadtime":1719603034,"views":48,"formatid":"gen9vgc2024regg","rating":1699,"private":0,"password":null}