{"id":"gen9vgc2024regg-2151449465","format":"[Gen 9] VGC 2024 Reg G","players":["ccc2014","something123"],"log":"|j|\u2606ccc2014\n|j|\u2606something123\n|t:|1719558172\n|gametype|doubles\n|player|p1|ccc2014|dawn|1697\n|player|p2|something123|170|1811\n|teamsize|p1|6\n|teamsize|p2|6\n|gen|9\n|tier|[Gen 9] VGC 2024 Reg G\n|rated|\n|rule|Species Clause: Limit one of each Pok\u00e9mon\n|rule|Item Clause: Limit one of each item\n|clearpoke\n|poke|p1|Urshifu-*, L50, M|\n|poke|p1|Pelipper, L50, M|\n|poke|p1|Incineroar, L50, M|\n|poke|p1|Rillaboom, L50, M|\n|poke|p1|Calyrex-Ice, L50|\n|poke|p1|Raging Bolt, L50|\n|poke|p2|Chandelure, L50, F|\n|poke|p2|Moltres-Galar, L50|\n|poke|p2|Rillaboom, L50, F|\n|poke|p2|Chien-Pao, L50|\n|poke|p2|Zamazenta-*, L50|\n|poke|p2|Flutter Mane, L50|\n|teampreview|4\n|inactive|Battle timer is ON: inactive players will automatically lose when time's up. (requested by ccc2014)\n|inactive|ccc2014 has 60 seconds left.\n|\n|t:|1719558239\n|start\n|switch|p1a: Incineroar|Incineroar, L50, M, shiny|100\/100\n|switch|p1b: Urshifu|Urshifu-Rapid-Strike, L50, M|100\/100\n|switch|p2a: Rillaboom|Rillaboom, L50, F|100\/100\n|switch|p2b: Moltres|Moltres-Galar, L50|100\/100\n|-fieldstart|move: Grassy Terrain|[from] ability: Grassy Surge|[of] p2a: Rillaboom\n|-ability|p1a: Incineroar|Intimidate|boost\n|-unboost|p2a: Rillaboom|atk|1\n|-unboost|p2b: Moltres|atk|1\n|turn|1\n|inactive|ccc2014 has 30 seconds left.\n|inactive|something123 has 30 seconds left.\n|inactive|ccc2014 has 20 seconds left.\n|inactive|something123 has 20 seconds left.\n|inactive|ccc2014 has 15 seconds left.\n|inactive|something123 has 15 seconds left.\n|inactive|ccc2014 has 10 seconds left.\n|inactive|something123 has 10 seconds left.\n|inactive|something123 has 5 seconds left.\n|\n|t:|1719558292\n|move|p1a: Incineroar|Fake Out|p2b: Moltres\n|-damage|p2b: Moltres|91\/100\n|move|p2a: Rillaboom|Grassy Glide|p1b: Urshifu\n|-supereffective|p1b: Urshifu\n|-damage|p1b: Urshifu|20\/100\n|move|p1b: Urshifu|U-turn|p2a: Rillaboom\n|-supereffective|p2a: Rillaboom\n|-damage|p2a: Rillaboom|42\/100\n|\n|t:|1719558304\n|switch|p1b: Calyrex|Calyrex-Ice, L50|100\/100|[from] U-turn\n|-ability|p1b: Calyrex|As One\n|-ability|p1b: Calyrex|Unnerve\n|cant|p2b: Moltres|flinch\n|\n|-heal|p2a: Rillaboom|48\/100|[from] Grassy Terrain\n|upkeep\n|turn|2\n|inactive|ccc2014 has 30 seconds left.\n|inactive|something123 has 30 seconds left.\n|inactive|something123 has 20 seconds left.\n|\n|t:|1719558343\n|switch|p2a: Zamazenta|Zamazenta-Crowned, L50|100\/100\n|-ability|p2a: Zamazenta|Dauntless Shield|boost\n|-boost|p2a: Zamazenta|def|1\n|-terastallize|p1b: Calyrex|Water\n|move|p2b: Moltres|Protect|p2b: Moltres\n|-singleturn|p2b: Moltres|Protect\n|move|p1a: Incineroar|Will-O-Wisp|p2a: Zamazenta\n|-status|p2a: Zamazenta|brn\n|move|p1b: Calyrex|Glacial Lance|p2b: Moltres|[spread] p2a\n|-activate|p2b: Moltres|move: Protect\n|-resisted|p2a: Zamazenta\n|-damage|p2a: Zamazenta|90\/100 brn\n|\n|-heal|p2a: Zamazenta|96\/100 brn|[from] Grassy Terrain\n|-damage|p2a: Zamazenta|90\/100 brn|[from] brn\n|upkeep\n|turn|3\n|inactive|ccc2014 has 30 seconds left.\n|inactive|something123 has 30 seconds left.\n|\n|t:|1719558371\n|switch|p1a: Pelipper|Pelipper, L50, M|100\/100\n|-weather|RainDance|[from] ability: Drizzle|[of] p1a: Pelipper\n|-terastallize|p2a: Zamazenta|Dragon\n|move|p2a: Zamazenta|Wide Guard|p2a: Zamazenta\n|-singleturn|p2a: Zamazenta|Wide Guard\n|move|p2b: Moltres|Taunt|p1a: Pelipper\n|-start|p1a: Pelipper|move: Taunt\n|move|p1b: Calyrex|Glacial Lance|p2b: Moltres|[spread] \n|-activate|p2a: Zamazenta|move: Wide Guard\n|-activate|p2b: Moltres|move: Wide Guard\n|\n|-weather|RainDance|[upkeep]\n|-heal|p2a: Zamazenta|96\/100 brn|[from] Grassy Terrain\n|-damage|p2a: Zamazenta|90\/100 brn|[from] brn\n|upkeep\n|turn|4\n|j| huchen\n|inactive|ccc2014 has 30 seconds left.\n|j| Auryz\n|inactive|ccc2014 has 20 seconds left.\n|inactive|ccc2014 has 15 seconds left.\n|inactive|ccc2014 has 10 seconds left.\n|\n|t:|1719558419\n|move|p2a: Zamazenta|Wide Guard|p2a: Zamazenta\n|-singleturn|p2a: Zamazenta|Wide Guard\n|move|p1a: Pelipper|Weather Ball|p2b: Moltres\n|-damage|p2b: Moltres|36\/100\n|-ability|p2b: Moltres|Berserk|boost\n|-boost|p2b: Moltres|spa|1\n|move|p2b: Moltres|Fiery Wrath|p1b: Calyrex|[spread] p1a,p1b\n|-damage|p1a: Pelipper|29\/100\n|-damage|p1b: Calyrex|76\/100\n|move|p1b: Calyrex|High Horsepower|p2a: Zamazenta\n|-damage|p2a: Zamazenta|74\/100 brn\n|\n|-weather|RainDance|[upkeep]\n|-heal|p2a: Zamazenta|80\/100 brn|[from] Grassy Terrain\n|-heal|p1b: Calyrex|82\/100|[from] Grassy Terrain\n|-damage|p2a: Zamazenta|74\/100 brn|[from] brn\n|upkeep\n|turn|5\n|inactive|ccc2014 has 30 seconds left.\n|inactive|something123 has 30 seconds left.\n|inactive|something123 has 20 seconds left.\n|\n|t:|1719558454\n|move|p2b: Moltres|Protect|p2b: Moltres\n|-singleturn|p2b: Moltres|Protect\n|move|p2a: Zamazenta|Body Press|p1a: Pelipper\n|-resisted|p1a: Pelipper\n|-damage|p1a: Pelipper|7\/100\n|move|p1a: Pelipper|Weather Ball|p2b: Moltres\n|-activate|p2b: Moltres|move: Protect\n|move|p1b: Calyrex|Glacial Lance|p2b: Moltres|[spread] p2a\n|-activate|p2b: Moltres|move: Protect\n|-supereffective|p2a: Zamazenta\n|-crit|p2a: Zamazenta\n|-damage|p2a: Zamazenta|0 fnt\n|faint|p2a: Zamazenta\n|-ability|p1b: Calyrex|Chilling Neigh|boost\n|-boost|p1b: Calyrex|atk|1\n|\n|-weather|RainDance|[upkeep]\n|-heal|p1b: Calyrex|87\/100|[from] Grassy Terrain\n|-end|p1a: Pelipper|move: Taunt\n|-fieldend|move: Grassy Terrain\n|upkeep\n|\n|t:|1719558476\n|switch|p2a: Rillaboom|Rillaboom, L50, F|48\/100\n|-fieldstart|move: Grassy Terrain|[from] ability: Grassy Surge|[of] p2a: Rillaboom\n|turn|6\n|inactive|something123 has 30 seconds left.\n|inactive|something123 has 20 seconds left.\n|inactive|something123 has 15 seconds left.\n|inactive|something123 has 10 seconds left.\n|\n|t:|1719558522\n|switch|p1a: Incineroar|Incineroar, L50, M, shiny|100\/100\n|-ability|p1a: Incineroar|Intimidate|boost\n|-unboost|p2a: Rillaboom|atk|1\n|-unboost|p2b: Moltres|atk|1\n|move|p1b: Calyrex|Protect|p1b: Calyrex\n|-singleturn|p1b: Calyrex|Protect\n|move|p2a: Rillaboom|Wood Hammer|p1b: Calyrex\n|-activate|p1b: Calyrex|move: Protect\n|move|p2b: Moltres|Foul Play|p1a: Incineroar\n|-resisted|p1a: Incineroar\n|-damage|p1a: Incineroar|80\/100\n|\n|-weather|RainDance|[upkeep]\n|-heal|p2a: Rillaboom|54\/100|[from] Grassy Terrain\n|-heal|p1a: Incineroar|86\/100|[from] Grassy Terrain\n|-heal|p1b: Calyrex|93\/100|[from] Grassy Terrain\n|upkeep\n|turn|7\n|inactive|ccc2014 has 30 seconds left.\n|\n|t:|1719558556\n|switch|p2a: Chien-Pao|Chien-Pao, L50|100\/100\n|-ability|p2a: Chien-Pao|Sword of Ruin\n|move|p1a: Incineroar|Fake Out|p2a: Chien-Pao\n|-damage|p2a: Chien-Pao|85\/100\n|move|p2b: Moltres|Foul Play|p1b: Calyrex\n|-damage|p1b: Calyrex|0 fnt\n|faint|p1b: Calyrex\n|\n|-weather|none\n|-heal|p2a: Chien-Pao|91\/100|[from] Grassy Terrain\n|-heal|p1a: Incineroar|92\/100|[from] Grassy Terrain\n|upkeep\n|\n|t:|1719558580\n|switch|p1b: Pelipper|Pelipper, L50, M|7\/100\n|-weather|RainDance|[from] ability: Drizzle|[of] p1b: Pelipper\n|turn|8\n|l|\u2606ccc2014\n|inactive|ccc2014 disconnected and has a minute to reconnect!\n|player|p1|\n|l| Auryz\n|inactive|ccc2014 has 30 seconds left.\n|inactive|something123 has 30 seconds left.\n|inactive|ccc2014 has 20 seconds left.\n|inactive|ccc2014 has 15 seconds left.\n|inactive|ccc2014 has 10 seconds left.\n|inactive|ccc2014 has 5 seconds left.\n|-message|ccc2014 lost due to inactivity.\n|\n|win|something123\n|raw|ccc2014's rating: 1697 &rarr; <strong>1683<\/strong><br \/>(-14 for losing)\n|raw|something123's rating: 1811 &rarr; <strong>1825<\/strong><br \/>(+14 for winning)\n|l|\u2606something123\n|player|p2|\n|j|\u2606ccc2014\n|player|p1|ccc2014|dawn|\n|l|\u2606ccc2014\n|player|p1|\n|l| huchen\n","uploadtime":1719558842,"views":35,"formatid":"gen9vgc2024regg","rating":1683,"private":0,"password":null}