{"id":"gen9vgc2024regg-2151214938","format":"[Gen 9] VGC 2024 Reg G","players":["MomeriA12","RomanTogepi"],"log":"|j|\u2606MomeriA12\n|j|\u2606RomanTogepi\n|t:|1719522355\n|gametype|doubles\n|player|p1|MomeriA12|102|1716\n|player|p2|RomanTogepi|waiter-gen4dp|1657\n|teamsize|p1|6\n|teamsize|p2|6\n|gen|9\n|tier|[Gen 9] VGC 2024 Reg G\n|rated|\n|rule|Species Clause: Limit one of each Pok\u00e9mon\n|rule|Item Clause: Limit one of each item\n|clearpoke\n|poke|p1|Kyogre, L50|\n|poke|p1|Tornadus, L50, M|\n|poke|p1|Raichu, L50, F|\n|poke|p1|Dragonite, L50, F|\n|poke|p1|Kingambit, L50, F|\n|poke|p1|Goodra-Hisui, L50, M|\n|poke|p2|Miraidon, L50|\n|poke|p2|Chi-Yu, L50|\n|poke|p2|Whimsicott, L50, F|\n|poke|p2|Ogerpon-Cornerstone, L50, F|\n|poke|p2|Iron Hands, L50|\n|poke|p2|Farigiraf, L50, F|\n|teampreview|4\n|c|\u2606RomanTogepi|Goo gang\n|c|\u2606MomeriA12|the goat\n|\n|t:|1719522421\n|start\n|switch|p1a: Raichu|Raichu, L50, F|100\/100\n|switch|p1b: Kingambit|Kingambit, L50, F|100\/100\n|switch|p2a: Iron Hands|Iron Hands, L50|100\/100\n|switch|p2b: Farigiraf|Farigiraf, L50, F|100\/100\n|turn|1\n|\n|t:|1719522455\n|switch|p1b: Tornadus|Tornadus, L50, M|100\/100\n|move|p1a: Raichu|Protect|p1a: Raichu\n|-singleturn|p1a: Raichu|Protect\n|move|p2a: Iron Hands|Drain Punch|p1b: Tornadus\n|-resisted|p1b: Tornadus\n|-damage|p1b: Tornadus|77\/100\n|move|p2b: Farigiraf|Trick Room|p2b: Farigiraf\n|-fieldstart|move: Trick Room|[of] p2b: Farigiraf\n|\n|upkeep\n|turn|2\n|\n|t:|1719522475\n|move|p2a: Iron Hands|Drain Punch|p1a: Raichu\n|-damage|p1a: Raichu|9\/100\n|move|p2b: Farigiraf|Psychic|p1a: Raichu\n|-damage|p1a: Raichu|0 fnt\n|faint|p1a: Raichu\n|move|p1b: Tornadus|Bleakwind Storm|p2a: Iron Hands|[spread] p2a,p2b\n|-damage|p2a: Iron Hands|84\/100\n|-damage|p2b: Farigiraf|62\/100\n|\n|upkeep\n|\n|t:|1719522483\n|switch|p1a: Kingambit|Kingambit, L50, F|100\/100\n|turn|3\n|\n|t:|1719522510\n|-terastallize|p1a: Kingambit|Fairy\n|move|p2a: Iron Hands|Drain Punch|p1a: Kingambit\n|-resisted|p1a: Kingambit\n|-damage|p1a: Kingambit|85\/100\n|-heal|p2a: Iron Hands|90\/100|[from] drain|[of] p1a: Kingambit\n|move|p1a: Kingambit|Tera Blast|p2a: Iron Hands|[anim] Tera Blast Fairy\n|-supereffective|p2a: Iron Hands\n|-damage|p2a: Iron Hands|25\/100\n|move|p2b: Farigiraf|Psychic|p1b: Tornadus\n|-damage|p1b: Tornadus|43\/100\n|move|p1b: Tornadus|Bleakwind Storm|p2a: Iron Hands|[spread] p2a,p2b\n|-damage|p2a: Iron Hands|10\/100\n|-damage|p2b: Farigiraf|26\/100\n|-enditem|p2b: Farigiraf|Sitrus Berry|[eat]\n|-heal|p2b: Farigiraf|51\/100|[from] item: Sitrus Berry\n|\n|upkeep\n|turn|4\n|\n|t:|1719522535\n|move|p1b: Tornadus|Tailwind|p1b: Tornadus\n|-sidestart|p1: MomeriA12|move: Tailwind\n|move|p2a: Iron Hands|Wild Charge|p1b: Tornadus\n|-supereffective|p1b: Tornadus\n|-damage|p1b: Tornadus|0 fnt\n|faint|p1b: Tornadus\n|-damage|p2a: Iron Hands|2\/100|[from] Recoil\n|move|p2b: Farigiraf|Psychic|p1a: Kingambit\n|-damage|p1a: Kingambit|56\/100\n|move|p1a: Kingambit|Kowtow Cleave|p2b: Farigiraf\n|-supereffective|p2b: Farigiraf\n|-damage|p2b: Farigiraf|0 fnt\n|faint|p2b: Farigiraf\n|\n|upkeep\n|\n|t:|1719522547\n|switch|p2b: Miraidon|Miraidon, L50|100\/100\n|switch|p1b: Kyogre|Kyogre, L50|100\/100\n|-fieldstart|move: Electric Terrain|[from] ability: Hadron Engine|[of] p2b: Miraidon\n|-activate|p2a: Iron Hands|ability: Quark Drive\n|-start|p2a: Iron Hands|quarkdriveatk\n|-weather|RainDance|[from] ability: Drizzle|[of] p1b: Kyogre\n|turn|5\n|\n|t:|1719522565\n|-end|p2a: Iron Hands|Quark Drive|[silent]\n|switch|p2a: Whimsicott|Whimsicott, L50, F|100\/100\n|-terastallize|p2b: Miraidon|Electric\n|move|p1b: Kyogre|Protect|p1b: Kyogre\n|-singleturn|p1b: Kyogre|Protect\n|move|p1a: Kingambit|Tera Blast|p2b: Miraidon|[anim] Tera Blast Fairy\n|-damage|p2b: Miraidon|49\/100\n|move|p2b: Miraidon|Electro Drift|p1b: Kyogre\n|-activate|p1b: Kyogre|move: Protect\n|\n|-weather|RainDance|[upkeep]\n|-fieldend|move: Trick Room\n|upkeep\n|turn|6\n|\n|t:|1719522597\n|move|p2a: Whimsicott|Tailwind|p2a: Whimsicott\n|-sidestart|p2: RomanTogepi|move: Tailwind\n|move|p1a: Kingambit|Sucker Punch|p2b: Miraidon\n|-damage|p2b: Miraidon|8\/100\n|move|p2b: Miraidon|Electro Drift|p1b: Kyogre\n|-supereffective|p1b: Kyogre\n|-damage|p1b: Kyogre|0 fnt\n|faint|p1b: Kyogre\n|\n|-weather|RainDance|[upkeep]\n|upkeep\n|turn|7\n|\n|t:|1719522608\n|switch|p2b: Iron Hands|Iron Hands, L50|2\/100\n|-activate|p2b: Iron Hands|ability: Quark Drive\n|-start|p2b: Iron Hands|quarkdriveatk\n|move|p2a: Whimsicott|Encore|p1a: Kingambit\n|-start|p1a: Kingambit|Encore\n|move|p1a: Kingambit|Sucker Punch||[still]\n|-fail|p1a: Kingambit\n|\n|-weather|RainDance|[upkeep]\n|-sideend|p1: MomeriA12|move: Tailwind\n|upkeep\n|turn|8\n|-message|MomeriA12 forfeited.\n|\n|win|RomanTogepi\n|raw|MomeriA12's rating: 1716 &rarr; <strong>1693<\/strong><br \/>(-23 for losing)\n|raw|RomanTogepi's rating: 1657 &rarr; <strong>1680<\/strong><br \/>(+23 for winning)\n|l|\u2606MomeriA12\n|player|p1|\n|l|\u2606RomanTogepi\n|player|p2|\n","uploadtime":1719522858,"views":15,"formatid":"gen9vgc2024regg","rating":1680,"private":0,"password":null}