{"id":"gen9vgc2024regg-2151142874","format":"[Gen 9] VGC 2024 Reg G","players":["THISisgud?","RomanGODra"],"log":"|j|\u2606THISisgud?\n|j|\u2606RomanGODra\n|t:|1719514133\n|gametype|doubles\n|player|p1|THISisgud?|266|1668\n|player|p2|RomanGODra|waiter-gen4dp|1731\n|teamsize|p1|6\n|teamsize|p2|6\n|gen|9\n|tier|[Gen 9] VGC 2024 Reg G\n|rated|\n|rule|Species Clause: Limit one of each Pok\u00e9mon\n|rule|Item Clause: Limit one of each item\n|clearpoke\n|poke|p1|Smeargle, L50, M|\n|poke|p1|Raging Bolt, L50|\n|poke|p1|Urshifu-*, L50, F|\n|poke|p1|Rillaboom, L50, F|\n|poke|p1|Incineroar, L50, F|\n|poke|p1|Calyrex-Shadow, L50|\n|poke|p2|Terapagos, L50, M|\n|poke|p2|Rillaboom, L50, F|\n|poke|p2|Scream Tail, L50|\n|poke|p2|Tornadus, L50, M|\n|poke|p2|Ogerpon-Wellspring, L50, F|\n|poke|p2|Chi-Yu, L50|\n|teampreview|4\n|inactive|Battle timer is ON: inactive players will automatically lose when time's up. (requested by THISisgud?)\n|\n|t:|1719514156\n|start\n|switch|p1a: Calyrex|Calyrex-Shadow, L50|100\/100\n|switch|p1b: Smeargle|Smeargle, L50, M, shiny|100\/100\n|switch|p2a: KING|Terapagos, L50, M|100\/100\n|switch|p2b: Tornadus|Tornadus, L50, M|100\/100\n|-ability|p1a: Calyrex|As One\n|-ability|p1a: Calyrex|Unnerve\n|-activate|p2a: KING|ability: Tera Shift\n|detailschange|p2a: KING|Terapagos-Terastal, L50, M\n|-heal|p2a: KING|100\/100|[silent]\n|turn|1\n|\n|t:|1719514162\n|move|p2b: Tornadus|Taunt|p1b: Smeargle\n|-start|p1b: Smeargle|move: Taunt\n|move|p1a: Calyrex|Nasty Plot|p1a: Calyrex\n|-boost|p1a: Calyrex|spa|2\n|cant|p1b: Smeargle|move: Taunt|Spore\n|move|p2a: KING|Calm Mind|p2a: KING\n|-boost|p2a: KING|spa|1\n|-boost|p2a: KING|spd|1\n|\n|-ability|p1b: Smeargle|Moody|boost\n|-boost|p1b: Smeargle|atk|2\n|-unboost|p1b: Smeargle|spa|1\n|upkeep\n|turn|2\n|\n|t:|1719514177\n|switch|p1b: Raging Bolt|Raging Bolt, L50|100\/100\n|-enditem|p1b: Raging Bolt|Booster Energy\n|-activate|p1b: Raging Bolt|ability: Protosynthesis|[fromitem]\n|-start|p1b: Raging Bolt|protosynthesisspa\n|-terastallize|p2a: KING|Stellar\n|detailschange|p2a: KING|Terapagos-Stellar, L50, M, tera:Stellar\n|-heal|p2a: KING|100\/100|[silent]\n|move|p2b: Tornadus|Tailwind|p2b: Tornadus\n|-sidestart|p2: RomanGODra|move: Tailwind\n|move|p2a: KING|Tera Starstorm|p1a: Calyrex|[spread] p1a,p1b\n|-damage|p1a: Calyrex|44\/100\n|-damage|p1b: Raging Bolt|50\/100\n|-enditem|p1a: Calyrex|Sitrus Berry|[eat]\n|-heal|p1a: Calyrex|69\/100|[from] item: Sitrus Berry\n|move|p1a: Calyrex|Astral Barrage|p2b: Tornadus|[spread] p2b\n|-immune|p2a: KING\n|-enditem|p2b: Tornadus|Focus Sash\n|-damage|p2b: Tornadus|1\/100\n|\n|upkeep\n|turn|3\n|\n|t:|1719514194\n|move|p2b: Tornadus|Protect|p2b: Tornadus\n|-singleturn|p2b: Tornadus|Protect\n|move|p1b: Raging Bolt|Thunderclap|p2a: KING\n|-crit|p2a: KING\n|-damage|p2a: KING|42\/100\n|move|p2a: KING|Tera Starstorm|p1a: Calyrex|[spread] p1a,p1b\n|-damage|p1a: Calyrex|9\/100\n|-damage|p1b: Raging Bolt|1\/100\n|move|p1a: Calyrex|Draining Kiss|p2a: KING\n|-damage|p2a: KING|23\/100\n|-heal|p1a: Calyrex|27\/100|[from] drain|[of] p2a: KING\n|\n|upkeep\n|turn|4\n|j| chrisqingyu\n|\n|t:|1719514209\n|move|p1a: Calyrex|Protect|p1a: Calyrex\n|-singleturn|p1a: Calyrex|Protect\n|move|p1b: Raging Bolt|Thunderclap|p2b: Tornadus\n|-supereffective|p2b: Tornadus\n|-damage|p2b: Tornadus|0 fnt\n|faint|p2b: Tornadus\n|move|p2a: KING|Tera Starstorm|p1a: Calyrex|[spread] p1b\n|-activate|p1a: Calyrex|move: Protect\n|-damage|p1b: Raging Bolt|0 fnt\n|faint|p1b: Raging Bolt\n|-end|p1b: Raging Bolt|Protosynthesis|[silent]\n|\n|upkeep\n|\n|t:|1719514215\n|switch|p2b: BISHOP|Scream Tail, L50, shiny|100\/100\n|switch|p1b: Smeargle|Smeargle, L50, M, shiny|100\/100\n|-enditem|p2b: BISHOP|Booster Energy\n|-activate|p2b: BISHOP|ability: Protosynthesis|[fromitem]\n|-start|p2b: BISHOP|protosynthesisspe\n|turn|5\n|\n|t:|1719514235\n|switch|p1a: Urshifu|Urshifu-Rapid-Strike, L50, F|100\/100\n|move|p1b: Smeargle|Wide Guard|p1b: Smeargle\n|-singleturn|p1b: Smeargle|Wide Guard\n|move|p2b: BISHOP|Encore||[still]\n|-fail|p2b: BISHOP\n|move|p2a: KING|Tera Starstorm|p1b: Smeargle|[spread] \n|-activate|p1a: Urshifu|move: Wide Guard\n|-activate|p1b: Smeargle|move: Wide Guard\n|\n|-sideend|p2: RomanGODra|move: Tailwind\n|-ability|p1b: Smeargle|Moody|boost\n|-boost|p1b: Smeargle|atk|2\n|-unboost|p1b: Smeargle|def|1\n|upkeep\n|turn|6\n|\n|t:|1719514254\n|switch|p2a: Ogerpon|Ogerpon-Wellspring, L50, F|100\/100\n|-terastallize|p1a: Urshifu|Ghost\n|move|p2b: BISHOP|Encore|p1b: Smeargle\n|-start|p1b: Smeargle|Encore\n|move|p1a: Urshifu|Close Combat|p2a: Ogerpon\n|-damage|p2a: Ogerpon|15\/100\n|-unboost|p1a: Urshifu|def|1\n|-unboost|p1a: Urshifu|spd|1\n|move|p1b: Smeargle|Wide Guard||[still]\n|-fail|p1b: Smeargle\n|\n|-ability|p1b: Smeargle|Moody|boost\n|-boost|p1b: Smeargle|spa|2\n|-unboost|p1b: Smeargle|def|1\n|upkeep\n|turn|7\n|\n|t:|1719514265\n|switch|p1b: Calyrex|Calyrex-Shadow, L50|27\/100\n|-ability|p1b: Calyrex|As One\n|-ability|p1b: Calyrex|Unnerve\n|move|p2b: BISHOP|Disable|p1a: Urshifu\n|-start|p1a: Urshifu|Disable|Close Combat\n|cant|p1a: Urshifu|Disable|Close Combat\n|move|p2a: Ogerpon|Horn Leech|p1a: Urshifu\n|-damage|p1a: Urshifu|37\/100\n|-heal|p2a: Ogerpon|47\/100|[from] drain|[of] p1a: Urshifu\n|\n|upkeep\n|turn|8\n|inactive|RomanGODra has 30 seconds left.\n|l| chrisqingyu\n|inactive|RomanGODra has 20 seconds left.\n|\n|t:|1719514304\n|switch|p1a: Smeargle|Smeargle, L50, M, shiny|100\/100\n|move|p2b: BISHOP|Protect|p2b: BISHOP\n|-singleturn|p2b: BISHOP|Protect\n|move|p1b: Calyrex|Astral Barrage|p2a: Ogerpon|[spread] p2a\n|-activate|p2b: BISHOP|move: Protect\n|-crit|p2a: Ogerpon\n|-damage|p2a: Ogerpon|0 fnt\n|faint|p2a: Ogerpon\n|-ability|p1b: Calyrex|Grim Neigh|boost\n|-boost|p1b: Calyrex|spa|1\n|\n|-ability|p1a: Smeargle|Moody|boost\n|-boost|p1a: Smeargle|spa|2\n|-unboost|p1a: Smeargle|atk|1\n|upkeep\n|\n|t:|1719514309\n|switch|p2a: KING|Terapagos-Stellar, L50, M, tera:Stellar|23\/100\n|turn|9\n|\n|t:|1719514315\n|move|p2b: BISHOP|Disable|p1b: Calyrex\n|-start|p1b: Calyrex|Disable|Astral Barrage\n|move|p1b: Calyrex|Draining Kiss|p2a: KING\n|-damage|p2a: KING|4\/100\n|-heal|p1b: Calyrex|45\/100|[from] drain|[of] p2a: KING\n|move|p1a: Smeargle|Spore|p2b: BISHOP\n|-status|p2b: BISHOP|slp|[from] move: Spore\n|move|p2a: KING|Tera Starstorm|p1a: Smeargle|[spread] p1a,p1b\n|-damage|p1a: Smeargle|15\/100\n|-damage|p1b: Calyrex|5\/100\n|\n|-ability|p1a: Smeargle|Moody|boost\n|-boost|p1a: Smeargle|spa|2\n|-unboost|p1a: Smeargle|spd|1\n|upkeep\n|turn|10\n|\n|t:|1719514328\n|move|p2a: KING|Protect|p2a: KING\n|-singleturn|p2a: KING|Protect\n|cant|p2b: BISHOP|slp\n|move|p1b: Calyrex|Draining Kiss|p2b: BISHOP\n|-damage|p2b: BISHOP|81\/100 slp\n|-heal|p1b: Calyrex|21\/100|[from] drain|[of] p2b: BISHOP\n|move|p1a: Smeargle|Spore|p2a: KING\n|-activate|p2a: KING|move: Protect\n|\n|-ability|p1a: Smeargle|Moody|boost\n|-boost|p1a: Smeargle|spd|2\n|-unboost|p1a: Smeargle|spe|1\n|upkeep\n|turn|11\n|\n|t:|1719514335\n|move|p1a: Smeargle|Wide Guard|p1a: Smeargle\n|-singleturn|p1a: Smeargle|Wide Guard\n|cant|p2b: BISHOP|slp\n|move|p1b: Calyrex|Draining Kiss|p2a: KING\n|-crit|p2a: KING\n|-damage|p2a: KING|0 fnt\n|-heal|p1b: Calyrex|24\/100|[from] drain|[of] p2a: KING\n|faint|p2a: KING\n|-ability|p1b: Calyrex|Grim Neigh|boost\n|-boost|p1b: Calyrex|spa|1\n|\n|-ability|p1a: Smeargle|Moody|boost\n|-boost|p1a: Smeargle|def|2\n|-unboost|p1a: Smeargle|spd|1\n|upkeep\n|turn|12\n|c|\u2606THISisgud?|gg\n|\n|t:|1719514345\n|move|p1a: Smeargle|Follow Me|p1a: Smeargle\n|-singleturn|p1a: Smeargle|move: Follow Me\n|cant|p2b: BISHOP|slp\n|move|p1b: Calyrex|Draining Kiss|p2b: BISHOP\n|-damage|p2b: BISHOP|53\/100 slp\n|-heal|p1b: Calyrex|46\/100|[from] drain|[of] p2b: BISHOP\n|\n|-end|p1b: Calyrex|Disable\n|-ability|p1a: Smeargle|Moody|boost\n|-boost|p1a: Smeargle|def|2\n|-unboost|p1a: Smeargle|spd|1\n|upkeep\n|turn|13\n|-message|RomanGODra forfeited.\n|\n|win|THISisgud?\n|raw|THISisgud?'s rating: 1668 &rarr; <strong>1692<\/strong><br \/>(+24 for winning)\n|raw|RomanGODra's rating: 1731 &rarr; <strong>1707<\/strong><br \/>(-24 for losing)\n|l|\u2606RomanGODra\n|player|p2|\n|l|\u2606THISisgud?\n|player|p1|\n","uploadtime":1719514526,"views":20,"formatid":"gen9vgc2024regg","rating":1692,"private":0,"password":null}