{"id":"gen9vgc2024regg-2151997279","format":"[Gen 9] VGC 2024 Reg G","players":["Auraen","kappappappa"],"log":"|j|\u2606Auraen\n|j|\u2606kappappappa\n|t:|1719638385\n|gametype|doubles\n|player|p1|Auraen|harlequin|1711\n|player|p2|kappappappa|266|1689\n|teamsize|p1|6\n|teamsize|p2|6\n|gen|9\n|tier|[Gen 9] VGC 2024 Reg G\n|rated|\n|rule|Species Clause: Limit one of each Pok\u00e9mon\n|rule|Item Clause: Limit one of each item\n|clearpoke\n|poke|p1|Terapagos, L50, M|\n|poke|p1|Munkidori, L50, M|\n|poke|p1|Incineroar, L50, F|\n|poke|p1|Goodra, L50, M|\n|poke|p1|Sinistcha, L50|\n|poke|p1|Primarina, L50, M|\n|poke|p2|Calyrex-Ice, L50|\n|poke|p2|Regieleki, L50|\n|poke|p2|Urshifu-*, L50, M|\n|poke|p2|Pelipper, L50, F|\n|poke|p2|Farigiraf, L50, M|\n|poke|p2|Landorus, L50, M|\n|teampreview|4\n|\n|t:|1719638418\n|start\n|switch|p1a: Munkidori|Munkidori, L50, M|100\/100\n|switch|p1b: Terapagos|Terapagos, L50, M|100\/100\n|switch|p2a: Calyrex|Calyrex-Ice, L50|100\/100\n|switch|p2b: Regieleki|Regieleki, L50, shiny|100\/100\n|-activate|p1b: Terapagos|ability: Tera Shift\n|detailschange|p1b: Terapagos|Terapagos-Terastal, L50, M\n|-heal|p1b: Terapagos|100\/100|[silent]\n|-ability|p2a: Calyrex|As One\n|-ability|p2a: Calyrex|Unnerve\n|turn|1\n|inactive|Battle timer is ON: inactive players will automatically lose when time's up. (requested by kappappappa)\n|\n|t:|1719638431\n|switch|p2b: Farigiraf|Farigiraf, L50, M, shiny|100\/100\n|switch|p1b: Incineroar|Incineroar, L50, F|100\/100\n|-ability|p1b: Incineroar|Intimidate|boost\n|-unboost|p2a: Calyrex|atk|1\n|-unboost|p2b: Farigiraf|atk|1\n|move|p1a: Munkidori|Fake Out||[still]\n|cant|p2b: Farigiraf|ability: Armor Tail|Fake Out|[of] p1a: Munkidori\n|move|p2a: Calyrex|Glacial Lance|p1b: Incineroar|[spread] p1a,p1b\n|-resisted|p1b: Incineroar\n|-damage|p1a: Munkidori|69\/100\n|-damage|p1b: Incineroar|86\/100\n|\n|upkeep\n|turn|2\n|inactive|kappappappa has 30 seconds left.\n|inactive|kappappappa has 20 seconds left.\n|\n|t:|1719638469\n|switch|p2a: Landorus|Landorus, L50, M, shiny|100\/100\n|move|p1a: Munkidori|Parting Shot|p2a: Landorus\n|-unboost|p2a: Landorus|atk|1\n|-unboost|p2a: Landorus|spa|1\n|\n|t:|1719638472\n|switch|p1a: Terapagos|Terapagos-Terastal, L50, M|100\/100|[from] Parting Shot\n|move|p1b: Incineroar|Knock Off|p2b: Farigiraf\n|-supereffective|p2b: Farigiraf\n|-damage|p2b: Farigiraf|37\/100\n|-enditem|p2b: Farigiraf|Safety Goggles|[from] move: Knock Off|[of] p1b: Incineroar\n|move|p2b: Farigiraf|Psychic|p1a: Terapagos\n|-activate|p1a: Terapagos|ability: Tera Shell\n|-resisted|p1a: Terapagos\n|-damage|p1a: Terapagos|87\/100\n|\n|upkeep\n|turn|3\n|\n|t:|1719638492\n|switch|p1b: Primarina|Primarina, L50, M|100\/100\n|switch|p2b: Calyrex|Calyrex-Ice, L50|100\/100\n|-ability|p2b: Calyrex|As One\n|-ability|p2b: Calyrex|Unnerve\n|-terastallize|p1a: Terapagos|Stellar\n|detailschange|p1a: Terapagos|Terapagos-Stellar, L50, M, tera:Stellar\n|-heal|p1a: Terapagos|90\/100|[silent]\n|move|p2a: Landorus|Sandsear Storm|p1b: Primarina|[spread] p1a,p1b\n|-damage|p1a: Terapagos|64\/100\n|-damage|p1b: Primarina|64\/100\n|move|p1a: Terapagos|Tera Starstorm|p2a: Landorus|[spread] p2a,p2b\n|-damage|p2a: Landorus|30\/100\n|-damage|p2b: Calyrex|75\/100\n|\n|-heal|p1b: Primarina|70\/100|[from] item: Leftovers\n|upkeep\n|turn|4\n|\n|t:|1719638518\n|move|p1b: Primarina|Protect|p1b: Primarina\n|-singleturn|p1b: Primarina|Protect\n|move|p2a: Landorus|Sludge Bomb|p1b: Primarina\n|-activate|p1b: Primarina|move: Protect\n|move|p1a: Terapagos|Tera Starstorm|p2b: Calyrex|[spread] p2a,p2b\n|-damage|p2a: Landorus|0 fnt\n|-damage|p2b: Calyrex|47\/100\n|faint|p2a: Landorus\n|move|p2b: Calyrex|Close Combat|p1a: Terapagos\n|-supereffective|p1a: Terapagos\n|-damage|p1a: Terapagos|7\/100\n|-unboost|p2b: Calyrex|def|1\n|-unboost|p2b: Calyrex|spd|1\n|\n|-heal|p1b: Primarina|76\/100|[from] item: Leftovers\n|upkeep\n|\n|t:|1719638526\n|switch|p2a: Regieleki|Regieleki, L50, shiny|100\/100\n|turn|5\n|\n|t:|1719638537\n|move|p2a: Regieleki|Electroweb|p1b: Primarina|[spread] p1a,p1b\n|-supereffective|p1b: Primarina\n|-damage|p1a: Terapagos|0 fnt\n|-damage|p1b: Primarina|12\/100\n|-unboost|p1b: Primarina|spe|1\n|faint|p1a: Terapagos\n|move|p2b: Calyrex|Seed Bomb|p1b: Primarina\n|-supereffective|p1b: Primarina\n|-damage|p1b: Primarina|0 fnt\n|faint|p1b: Primarina\n|-ability|p2b: Calyrex|Chilling Neigh|boost\n|-boost|p2b: Calyrex|atk|1\n|\n|upkeep\n|\n|t:|1719638539\n|switch|p1a: Incineroar|Incineroar, L50, F|86\/100\n|switch|p1b: Munkidori|Munkidori, L50, M|69\/100\n|-ability|p1a: Incineroar|Intimidate|boost\n|-unboost|p2a: Regieleki|atk|1\n|-unboost|p2b: Calyrex|atk|1\n|turn|6\n|inactive|Auraen has 30 seconds left.\n|\n|t:|1719638564\n|switch|p2a: Farigiraf|Farigiraf, L50, M, shiny|37\/100\n|-terastallize|p2b: Calyrex|Fire\n|move|p1b: Munkidori|Fake Out||[still]\n|cant|p2a: Farigiraf|ability: Armor Tail|Fake Out|[of] p1b: Munkidori\n|move|p1a: Incineroar|Flare Blitz|p2b: Calyrex\n|-resisted|p2b: Calyrex\n|-damage|p2b: Calyrex|27\/100\n|-damage|p1a: Incineroar|79\/100|[from] Recoil\n|move|p2b: Calyrex|High Horsepower|p1b: Munkidori\n|-supereffective|p1b: Munkidori\n|-damage|p1b: Munkidori|0 fnt\n|faint|p1b: Munkidori\n|-ability|p2b: Calyrex|Chilling Neigh|boost\n|-boost|p2b: Calyrex|atk|1\n|\n|upkeep\n|turn|7\n|-message|Auraen forfeited.\n|\n|win|kappappappa\n|raw|Auraen's rating: 1711 &rarr; <strong>1690<\/strong><br \/>(-21 for losing)\n|raw|kappappappa's rating: 1689 &rarr; <strong>1710<\/strong><br \/>(+21 for winning)\n|l|\u2606Auraen\n|player|p1|\n|l|\u2606kappappappa\n|player|p2|\n","uploadtime":1719638769,"views":23,"formatid":"gen9vgc2024regg","rating":1690,"private":0,"password":null}