{"id":"gen9vgc2024regg-2151305341","format":"[Gen 9] VGC 2024 Reg G","players":["Spottedwoot","miraidnyan"],"log":"|j|\u2606Spottedwoot\n|j|\u2606miraidnyan\n|t:|1719534510\n|gametype|doubles\n|player|p1|Spottedwoot|170|1763\n|player|p2|miraidnyan|marley|1833\n|teamsize|p1|6\n|teamsize|p2|6\n|gen|9\n|tier|[Gen 9] VGC 2024 Reg G\n|rated|\n|rule|Species Clause: Limit one of each Pok\u00e9mon\n|rule|Item Clause: Limit one of each item\n|clearpoke\n|poke|p1|Calyrex-Shadow, L50|\n|poke|p1|Tornadus, L50, M|\n|poke|p1|Chi-Yu, L50|\n|poke|p1|Rillaboom, L50, M|\n|poke|p1|Urshifu-*, L50, F|\n|poke|p1|Incineroar, L50, M|\n|poke|p2|Miraidon, L50|\n|poke|p2|Farigiraf, L50, M|\n|poke|p2|Iron Hands, L50|\n|poke|p2|Urshifu-*, L50, M|\n|poke|p2|Ursaluna-Bloodmoon, L50, M|\n|poke|p2|Whimsicott, L50, M|\n|teampreview|4\n|inactive|Battle timer is ON: inactive players will automatically lose when time's up. (requested by miraidnyan)\n|\n|t:|1719534537\n|start\n|switch|p1a: Calyrex|Calyrex-Shadow, L50|100\/100\n|switch|p1b: Tornadus|Tornadus, L50, M|100\/100\n|switch|p2a: Iron Hands|Iron Hands, L50|100\/100\n|switch|p2b: Miraidon|Miraidon, L50|100\/100\n|-ability|p1a: Calyrex|As One\n|-ability|p1a: Calyrex|Unnerve\n|-fieldstart|move: Electric Terrain|[from] ability: Hadron Engine|[of] p2b: Miraidon\n|-activate|p2a: Iron Hands|ability: Quark Drive\n|-start|p2a: Iron Hands|quarkdriveatk\n|turn|1\n|\n|t:|1719534555\n|switch|p1b: Rillaboom|Rillaboom, L50, M|100\/100\n|-fieldstart|move: Grassy Terrain|[from] ability: Grassy Surge|[of] p1b: Rillaboom\n|-end|p2a: Iron Hands|Quark Drive\n|-terastallize|p1a: Calyrex|Ghost\n|move|p1a: Calyrex|Astral Barrage|p2a: Iron Hands|[spread] p2a,p2b\n|-damage|p2a: Iron Hands|38\/100\n|-damage|p2b: Miraidon|9\/100\n|move|p2b: Miraidon|Volt Switch|p1a: Calyrex\n|-damage|p1a: Calyrex|32\/100\n|\n|t:|1719534567\n|switch|p2b: Farigiraf|Farigiraf, L50, M|100\/100|[from] Volt Switch\n|move|p2a: Iron Hands|Heavy Slam|p1a: Calyrex\n|-damage|p1a: Calyrex|0 fnt\n|faint|p1a: Calyrex\n|\n|-heal|p2a: Iron Hands|44\/100|[from] Grassy Terrain\n|upkeep\n|\n|t:|1719534572\n|switch|p1a: Chi-Yu|Chi-Yu, L50|100\/100\n|-ability|p1a: Chi-Yu|Beads of Ruin\n|turn|2\n|inactive|miraidnyan has 30 seconds left.\n|inactive|miraidnyan has 20 seconds left.\n|inactive|miraidnyan has 15 seconds left.\n|\n|t:|1719534615\n|-terastallize|p2b: Farigiraf|Ground\n|move|p1a: Chi-Yu|Dark Pulse|p2b: Farigiraf\n|-damage|p2b: Farigiraf|46\/100\n|move|p1b: Rillaboom|Wood Hammer|p2a: Iron Hands\n|-damage|p2a: Iron Hands|0 fnt\n|faint|p2a: Iron Hands\n|-end|p2a: Iron Hands|Quark Drive|[silent]\n|-damage|p1b: Rillaboom|83\/100|[from] Recoil\n|move|p2b: Farigiraf|Trick Room|p2b: Farigiraf\n|-fieldstart|move: Trick Room|[of] p2b: Farigiraf\n|\n|-heal|p2b: Farigiraf|52\/100|[from] Grassy Terrain\n|-heal|p1b: Rillaboom|88\/100|[from] Grassy Terrain\n|upkeep\n|\n|t:|1719534626\n|switch|p2a: Ursaluna|Ursaluna-Bloodmoon, L50, M|100\/100\n|turn|3\n|\n|t:|1719534650\n|switch|p1a: Tornadus|Tornadus, L50, M|100\/100\n|move|p2a: Ursaluna|Blood Moon|p1b: Rillaboom\n|-damage|p1b: Rillaboom|13\/100\n|-damage|p2a: Ursaluna|91\/100|[from] item: Life Orb\n|move|p2b: Farigiraf|Foul Play|p1b: Rillaboom\n|-damage|p1b: Rillaboom|0 fnt\n|faint|p1b: Rillaboom\n|\n|-heal|p2a: Ursaluna|97\/100|[from] Grassy Terrain\n|-heal|p2b: Farigiraf|58\/100|[from] Grassy Terrain\n|upkeep\n|\n|t:|1719534659\n|switch|p1b: Chi-Yu|Chi-Yu, L50|100\/100\n|-ability|p1b: Chi-Yu|Beads of Ruin\n|turn|4\n|\n|t:|1719534674\n|move|p2a: Ursaluna|Hyper Voice|p1b: Chi-Yu|[spread] p1a,p1b\n|-damage|p1a: Tornadus|12\/100\n|-damage|p1b: Chi-Yu|34\/100\n|-damage|p2a: Ursaluna|87\/100|[from] item: Life Orb\n|move|p2b: Farigiraf|Psychic Noise|p1a: Tornadus\n|-damage|p1a: Tornadus|0 fnt\n|faint|p1a: Tornadus\n|move|p1b: Chi-Yu|Heat Wave|p2b: Farigiraf|[spread] p2b\n|-miss|p1b: Chi-Yu|p2a: Ursaluna\n|-damage|p2b: Farigiraf|12\/100\n|-status|p2b: Farigiraf|brn\n|\n|-heal|p2a: Ursaluna|93\/100|[from] Grassy Terrain\n|-heal|p2b: Farigiraf|18\/100 brn|[from] Grassy Terrain\n|-heal|p1b: Chi-Yu|40\/100|[from] Grassy Terrain\n|-damage|p2b: Farigiraf|12\/100 brn|[from] brn\n|upkeep\n|turn|5\n|\n|t:|1719534686\n|move|p2b: Farigiraf|Helping Hand|p2a: Ursaluna\n|-singleturn|p2a: Ursaluna|Helping Hand|[of] p2b: Farigiraf\n|move|p2a: Ursaluna|Blood Moon|p1b: Chi-Yu\n|-damage|p1b: Chi-Yu|0 fnt\n|faint|p1b: Chi-Yu\n|-damage|p2a: Ursaluna|84\/100|[from] item: Life Orb\n|\n|win|miraidnyan\n|raw|Spottedwoot's rating: 1763 &rarr; <strong>1747<\/strong><br \/>(-16 for losing)\n|raw|miraidnyan's rating: 1833 &rarr; <strong>1849<\/strong><br \/>(+16 for winning)\n|l|\u2606Spottedwoot\n|player|p1|\n","uploadtime":1719534835,"views":72,"formatid":"gen9vgc2024regg","rating":1747,"private":0,"password":null}