{"id":"gen9vgc2024regg-2151700006","format":"[Gen 9] VGC 2024 Reg G","players":["main97","Auraen"],"log":"|j|\u2606main97\n|j|\u2606Auraen\n|t:|1719596153\n|gametype|doubles\n|player|p1|main97|parasollady|1695\n|player|p2|Auraen|harlequin|1707\n|teamsize|p1|6\n|teamsize|p2|6\n|gen|9\n|tier|[Gen 9] VGC 2024 Reg G\n|rated|\n|rule|Species Clause: Limit one of each Pok\u00e9mon\n|rule|Item Clause: Limit one of each item\n|clearpoke\n|poke|p1|Zacian-*, L50|\n|poke|p1|Rillaboom, L50, F|\n|poke|p1|Urshifu-*, L50, M|\n|poke|p1|Raging Bolt, L50|\n|poke|p1|Incineroar, L50, M|\n|poke|p1|Tornadus, L50, M|\n|poke|p2|Terapagos, L50, M|\n|poke|p2|Munkidori, L50, M|\n|poke|p2|Incineroar, L50, F|\n|poke|p2|Goodra, L50, F|\n|poke|p2|Sinistcha, L50|\n|poke|p2|Primarina, L50, M|\n|teampreview|4\n|inactive|Battle timer is ON: inactive players will automatically lose when time's up. (requested by main97)\n|\n|t:|1719596172\n|start\n|switch|p1a: Urshifu|Urshifu-Rapid-Strike, L50, M|100\/100\n|switch|p1b: Tornadus|Tornadus, L50, M|100\/100\n|switch|p2a: Munkidori|Munkidori, L50, M|100\/100\n|switch|p2b: Incineroar|Incineroar, L50, F|100\/100\n|-ability|p2b: Incineroar|Intimidate|boost\n|-unboost|p1a: Urshifu|atk|1\n|-unboost|p1b: Tornadus|atk|1\n|turn|1\n|\n|t:|1719596181\n|move|p1b: Tornadus|Protect|p1b: Tornadus\n|-singleturn|p1b: Tornadus|Protect\n|move|p1a: Urshifu|Detect|p1a: Urshifu\n|-singleturn|p1a: Urshifu|Protect\n|move|p2b: Incineroar|Fake Out|p1a: Urshifu\n|-activate|p1a: Urshifu|move: Protect\n|move|p2a: Munkidori|Psychic|p1a: Urshifu\n|-activate|p1a: Urshifu|move: Protect\n|\n|upkeep\n|turn|2\n|\n|t:|1719596189\n|switch|p2b: Sinistcha|Sinistcha, L50|100\/100\n|-terastallize|p1a: Urshifu|Water\n|move|p1b: Tornadus|Tailwind|p1b: Tornadus\n|-sidestart|p1: main97|move: Tailwind\n|move|p1a: Urshifu|Surging Strikes|p2a: Munkidori\n|-crit|p2a: Munkidori\n|-damage|p2a: Munkidori|71\/100\n|-crit|p2a: Munkidori\n|-damage|p2a: Munkidori|38\/100\n|-enditem|p2a: Munkidori|Sitrus Berry|[eat]\n|-heal|p2a: Munkidori|63\/100|[from] item: Sitrus Berry\n|-crit|p2a: Munkidori\n|-damage|p2a: Munkidori|31\/100\n|-hitcount|p2a: Munkidori|3\n|move|p2a: Munkidori|Psychic|p1a: Urshifu\n|-damage|p1a: Urshifu|47\/100\n|-unboost|p1a: Urshifu|spd|1\n|-status|p1a: Urshifu|tox|[from] ability: Toxic Chain|[of] p2a: Munkidori\n|\n|-damage|p1a: Urshifu|41\/100 tox|[from] psn\n|upkeep\n|turn|3\n|j| test368\n|\n|t:|1719596207\n|switch|p1a: Zacian|Zacian-Crowned, L50|100\/100\n|-ability|p1a: Zacian|Intrepid Sword|boost\n|-boost|p1a: Zacian|atk|1\n|move|p1b: Tornadus|Bleakwind Storm|p2a: Munkidori|[spread] p2a,p2b\n|-supereffective|p2b: Sinistcha\n|-damage|p2a: Munkidori|0 fnt\n|-damage|p2b: Sinistcha|35\/100\n|faint|p2a: Munkidori\n|move|p2b: Sinistcha|Trick Room|p2b: Sinistcha\n|-fieldstart|move: Trick Room|[of] p2b: Sinistcha\n|\n|upkeep\n|\n|t:|1719596210\n|switch|p2a: Incineroar|Incineroar, L50, F|100\/100\n|-ability|p2a: Incineroar|Intimidate|boost\n|-unboost|p1a: Zacian|atk|1\n|-unboost|p1b: Tornadus|atk|1\n|turn|4\n|j| mvcgfvkjh\n|\n|t:|1719596219\n|switch|p2b: Terapagos|Terapagos, L50, M|100\/100\n|-activate|p2b: Terapagos|ability: Tera Shift\n|detailschange|p2b: Terapagos|Terapagos-Terastal, L50, M\n|-heal|p2b: Terapagos|100\/100|[silent]\n|move|p1b: Tornadus|Rain Dance|p1b: Tornadus\n|-weather|RainDance\n|move|p2a: Incineroar|Knock Off|p1b: Tornadus\n|-damage|p1b: Tornadus|42\/100\n|-enditem|p1b: Tornadus|Focus Sash|[from] move: Knock Off|[of] p2a: Incineroar\n|move|p1a: Zacian|Swords Dance|p1a: Zacian\n|-boost|p1a: Zacian|atk|2\n|\n|-weather|RainDance|[upkeep]\n|upkeep\n|turn|5\n|\n|t:|1719596238\n|-terastallize|p2b: Terapagos|Stellar\n|detailschange|p2b: Terapagos|Terapagos-Stellar, L50, M, tera:Stellar\n|-heal|p2b: Terapagos|100\/100|[silent]\n|-ability|p2b: Terapagos|Teraform Zero\n|-weather|none\n|move|p1a: Zacian|Protect|p1a: Zacian\n|-singleturn|p1a: Zacian|Protect\n|move|p2a: Incineroar|Flare Blitz|p1a: Zacian\n|-activate|p1a: Zacian|move: Protect\n|move|p2b: Terapagos|Tera Starstorm|p1a: Zacian|[spread] p1b\n|-activate|p1a: Zacian|move: Protect\n|-damage|p1b: Tornadus|0 fnt\n|faint|p1b: Tornadus\n|\n|-sideend|p1: main97|move: Tailwind\n|upkeep\n|j| BreadTest\n|\n|t:|1719596250\n|switch|p1b: Rillaboom|Rillaboom, L50, F|100\/100\n|-fieldstart|move: Grassy Terrain|[from] ability: Grassy Surge|[of] p1b: Rillaboom\n|turn|6\n|\n|t:|1719596258\n|switch|p2b: Sinistcha|Sinistcha, L50|35\/100\n|move|p1b: Rillaboom|Fake Out|p2a: Incineroar\n|-damage|p2a: Incineroar|90\/100\n|cant|p2a: Incineroar|flinch\n|move|p1a: Zacian|Play Rough|p2a: Incineroar|[miss]\n|-miss|p1a: Zacian|p2a: Incineroar\n|\n|-heal|p2a: Incineroar|96\/100|[from] Grassy Terrain\n|-heal|p2b: Sinistcha|41\/100|[from] Grassy Terrain\n|upkeep\n|turn|7\n|\n|t:|1719596271\n|move|p2a: Incineroar|Parting Shot|p1b: Rillaboom\n|-unboost|p1b: Rillaboom|atk|1\n|-unboost|p1b: Rillaboom|spa|1\n|\n|t:|1719596272\n|switch|p2a: Terapagos|Terapagos-Stellar, L50, M, tera:Stellar|100\/100|[from] Parting Shot\n|move|p2b: Sinistcha|Strength Sap|p1b: Rillaboom\n|-unboost|p1b: Rillaboom|atk|1\n|-heal|p2b: Sinistcha|100\/100\n|move|p1b: Rillaboom|High Horsepower|p2a: Terapagos\n|-damage|p2a: Terapagos|90\/100\n|move|p1a: Zacian|Swords Dance|p1a: Zacian\n|-boost|p1a: Zacian|atk|2\n|\n|-heal|p2a: Terapagos|96\/100|[from] Grassy Terrain\n|-fieldend|move: Trick Room\n|upkeep\n|turn|8\n|\n|t:|1719596283\n|switch|p1b: Urshifu|Urshifu-Rapid-Strike, L50, M, tera:Water|41\/100 tox\n|move|p2b: Sinistcha|Rage Powder|p2b: Sinistcha\n|-singleturn|p2b: Sinistcha|move: Rage Powder\n|move|p1a: Zacian|Behemoth Blade|p2b: Sinistcha\n|-damage|p2b: Sinistcha|0 fnt\n|-damage|p1a: Zacian|84\/100|[from] item: Rocky Helmet|[of] p2b: Sinistcha\n|faint|p2b: Sinistcha\n|move|p2a: Terapagos|Earth Power|p1a: Zacian\n|-supereffective|p1a: Zacian\n|-damage|p1a: Zacian|0 fnt\n|faint|p1a: Zacian\n|\n|-heal|p1b: Urshifu|47\/100 tox|[from] Grassy Terrain\n|-heal|p2a: Terapagos|100\/100|[from] Grassy Terrain\n|-damage|p1b: Urshifu|41\/100 tox|[from] psn\n|upkeep\n|\n|t:|1719596294\n|switch|p1a: Rillaboom|Rillaboom, L50, F|100\/100\n|switch|p2b: Incineroar|Incineroar, L50, F|96\/100\n|-ability|p2b: Incineroar|Intimidate|boost\n|-unboost|p1a: Rillaboom|atk|1\n|-unboost|p1b: Urshifu|atk|1\n|turn|9\n|\n|t:|1719596302\n|move|p1a: Rillaboom|Fake Out|p2a: Terapagos\n|-damage|p2a: Terapagos|95\/100\n|move|p1b: Urshifu|Surging Strikes|p2b: Incineroar\n|-supereffective|p2b: Incineroar\n|-crit|p2b: Incineroar\n|-damage|p2b: Incineroar|46\/100\n|-supereffective|p2b: Incineroar\n|-crit|p2b: Incineroar\n|-damage|p2b: Incineroar|0 fnt\n|faint|p2b: Incineroar\n|-hitcount|p2: Incineroar|2\n|cant|p2a: Terapagos|flinch\n|\n|-heal|p1b: Urshifu|47\/100 tox|[from] Grassy Terrain\n|-heal|p2a: Terapagos|100\/100|[from] Grassy Terrain\n|-damage|p1b: Urshifu|35\/100 tox|[from] psn\n|upkeep\n|turn|10\n|-message|Auraen forfeited.\n|\n|win|main97\n|raw|main97's rating: 1695 &rarr; <strong>1716<\/strong><br \/>(+21 for winning)\n|raw|Auraen's rating: 1707 &rarr; <strong>1686<\/strong><br \/>(-21 for losing)\n|l|\u2606Auraen\n|player|p2|\n|l|\u2606main97\n|player|p1|\n|l| mvcgfvkjh\n|l| BreadTest\n|l| test368\n","uploadtime":1719596454,"views":12,"formatid":"gen9vgc2024regg","rating":1686,"private":0,"password":null}