{"id":"gen9vgc2024regg-2151577259","format":"[Gen 9] VGC 2024 Reg G","players":["chuanOVO","jisssss"],"log":"|j|\u2606chuanOVO\n|j|\u2606jisssss\n|t:|1719581453\n|gametype|doubles\n|player|p1|chuanOVO|n|1713\n|player|p2|jisssss|266|1727\n|teamsize|p1|6\n|teamsize|p2|6\n|gen|9\n|tier|[Gen 9] VGC 2024 Reg G\n|rated|\n|rule|Species Clause: Limit one of each Pok\u00e9mon\n|rule|Item Clause: Limit one of each item\n|clearpoke\n|poke|p1|Calyrex-Shadow, L50|\n|poke|p1|Smeargle, L50, M|\n|poke|p1|Clefairy, L50, F|\n|poke|p1|Incineroar, L50, M|\n|poke|p1|Rillaboom, L50, M|\n|poke|p1|Urshifu-*, L50, M|\n|poke|p2|Calyrex-Ice, L50|\n|poke|p2|Annihilape, L50, M|\n|poke|p2|Entei, L50|\n|poke|p2|Gastrodon, L50, M|\n|poke|p2|Grimmsnarl, L50, M|\n|poke|p2|Iron Valiant, L50|\n|teampreview|4\n|inactive|Battle timer is ON: inactive players will automatically lose when time's up. (requested by chuanOVO)\n|inactive|jisssss has 60 seconds left.\n|\n|t:|1719581499\n|start\n|switch|p1a: Calyrex|Calyrex-Shadow, L50|100\/100\n|switch|p1b: Smeargle|Smeargle, L50, M, shiny|100\/100\n|switch|p2a: Grimmsnarl|Grimmsnarl, L50, M, shiny|100\/100\n|switch|p2b: Entei|Entei, L50, shiny|100\/100\n|-ability|p1a: Calyrex|As One\n|-ability|p1a: Calyrex|Unnerve\n|turn|1\n|\n|t:|1719581517\n|-terastallize|p1a: Calyrex|Fairy\n|move|p1a: Calyrex|Nasty Plot|p1a: Calyrex\n|-boost|p1a: Calyrex|spa|2\n|move|p2b: Entei|Sacred Fire|p1a: Calyrex\n|-damage|p1a: Calyrex|56\/100\n|move|p1b: Smeargle|Spore|p2b: Entei\n|-status|p2b: Entei|slp|[from] move: Spore\n|move|p2a: Grimmsnarl|Foul Play|p1a: Calyrex\n|-resisted|p1a: Calyrex\n|-damage|p1a: Calyrex|45\/100\n|\n|-ability|p1b: Smeargle|Moody|boost\n|-boost|p1b: Smeargle|atk|2\n|-unboost|p1b: Smeargle|spa|1\n|upkeep\n|turn|2\n|inactive|jisssss has 30 seconds left.\n|inactive|jisssss has 20 seconds left.\n|\n|t:|1719581554\n|switch|p1b: Incineroar|Incineroar, L50, M, shiny|100\/100\n|-ability|p1b: Incineroar|Intimidate|boost\n|-unboost|p2a: Grimmsnarl|atk|1\n|-fail|p2b: Entei|unboost|Attack|[from] ability: Inner Focus|[of] p2b: Entei\n|cant|p2b: Entei|slp\n|move|p2a: Grimmsnarl|Misty Terrain|p2a: Grimmsnarl\n|-fieldstart|move: Misty Terrain\n|move|p1a: Calyrex|Draining Kiss|p2a: Grimmsnarl\n|-supereffective|p2a: Grimmsnarl\n|-damage|p2a: Grimmsnarl|0 fnt\n|-heal|p1a: Calyrex|100\/100|[from] drain|[of] p2a: Grimmsnarl\n|faint|p2a: Grimmsnarl\n|-ability|p1a: Calyrex|Grim Neigh|boost\n|-boost|p1a: Calyrex|spa|1\n|\n|upkeep\n|inactive|jisssss has 30 seconds left.\n|inactive|jisssss has 20 seconds left.\n|\n|t:|1719581590\n|switch|p2a: Gastrodon|Gastrodon, L50, M, shiny|100\/100\n|turn|3\n|\n|t:|1719581605\n|-terastallize|p2b: Entei|Normal\n|move|p2a: Gastrodon|Protect|p2a: Gastrodon\n|-singleturn|p2a: Gastrodon|Protect\n|move|p1a: Calyrex|Astral Barrage|p2b: Entei|[spread] \n|-activate|p2a: Gastrodon|move: Protect\n|-immune|p2b: Entei\n|cant|p2b: Entei|slp\n|move|p1b: Incineroar|Parting Shot|p2b: Entei\n|-unboost|p2b: Entei|atk|1\n|-unboost|p2b: Entei|spa|1\n|\n|t:|1719581621\n|switch|p1b: Smeargle|Smeargle, L50, M, shiny|100\/100|[from] Parting Shot\n|\n|-ability|p1b: Smeargle|Moody|boost\n|-boost|p1b: Smeargle|def|2\n|-unboost|p1b: Smeargle|spe|1\n|upkeep\n|turn|4\n|\n|t:|1719581636\n|move|p1b: Smeargle|Fake Out|p2a: Gastrodon\n|-damage|p2a: Gastrodon|96\/100\n|move|p1a: Calyrex|Draining Kiss|p2b: Entei\n|-damage|p2b: Entei|49\/100 slp\n|-curestatus|p2b: Entei|slp|[msg]\n|move|p2b: Entei|Trailblaze|p1a: Calyrex\n|-damage|p1a: Calyrex|92\/100\n|-boost|p2b: Entei|spe|1\n|cant|p2a: Gastrodon|flinch\n|\n|-heal|p2a: Gastrodon|100\/100|[from] item: Leftovers\n|-ability|p1b: Smeargle|Moody|boost\n|-boost|p1b: Smeargle|spe|2\n|-unboost|p1b: Smeargle|def|1\n|upkeep\n|turn|5\n|inactive|chuanOVO has 30 seconds left.\n|l|\u2606chuanOVO\n|inactive|chuanOVO disconnected and has a minute to reconnect!\n|player|p1|\n|inactive|chuanOVO has 20 seconds left.\n|j|\u2606chuanOVO\n|inactive|chuanOVO reconnected and has 20 seconds left.\n|player|p1|chuanOVO|n|\n|inactive|chuanOVO has 15 seconds left.\n|\n|t:|1719581679\n|switch|p2b: Calyrex|Calyrex-Ice, L50|100\/100\n|-ability|p2b: Calyrex|As One\n|-ability|p2b: Calyrex|Unnerve\n|move|p1b: Smeargle|Follow Me|p1b: Smeargle\n|-singleturn|p1b: Smeargle|move: Follow Me\n|move|p1a: Calyrex|Draining Kiss|p2b: Calyrex\n|-damage|p2b: Calyrex|52\/100\n|-heal|p1a: Calyrex|100\/100|[from] drain|[of] p2b: Calyrex\n|move|p2a: Gastrodon|Yawn|p1b: Smeargle\n|-start|p1b: Smeargle|move: Yawn|[of] p2a: Gastrodon\n|\n|-ability|p1b: Smeargle|Moody|boost\n|-boost|p1b: Smeargle|spd|2\n|-unboost|p1b: Smeargle|atk|1\n|upkeep\n|turn|6\n|\n|t:|1719581701\n|switch|p2b: Entei|Entei, L50, shiny, tera:Normal|49\/100\n|move|p1b: Smeargle|Follow Me|p1b: Smeargle\n|-singleturn|p1b: Smeargle|move: Follow Me\n|move|p1a: Calyrex|Astral Barrage|p2b: Entei|[spread] p2a\n|-immune|p2b: Entei\n|-damage|p2a: Gastrodon|2\/100\n|move|p2a: Gastrodon|Clear Smog|p1b: Smeargle\n|-damage|p1b: Smeargle|88\/100\n|-clearboost|p1b: Smeargle\n|\n|-heal|p2a: Gastrodon|8\/100|[from] item: Leftovers\n|-end|p1b: Smeargle|move: Yawn|[silent]\n|-activate|p1b: Smeargle|move: Misty Terrain\n|-fieldend|Misty Terrain\n|-ability|p1b: Smeargle|Moody|boost\n|-boost|p1b: Smeargle|spa|2\n|-unboost|p1b: Smeargle|spd|1\n|upkeep\n|turn|7\n|\n|t:|1719581723\n|move|p1a: Calyrex|Draining Kiss|p2b: Entei\n|-damage|p2b: Entei|0 fnt\n|faint|p2b: Entei\n|-ability|p1a: Calyrex|Grim Neigh|boost\n|-boost|p1a: Calyrex|spa|1\n|move|p1b: Smeargle|Spore|p2a: Gastrodon\n|-status|p2a: Gastrodon|slp|[from] move: Spore\n|cant|p2a: Gastrodon|slp\n|\n|-heal|p2a: Gastrodon|14\/100 slp|[from] item: Leftovers\n|-ability|p1b: Smeargle|Moody|boost\n|-boost|p1b: Smeargle|spd|2\n|-unboost|p1b: Smeargle|spa|1\n|upkeep\n|inactive|jisssss has 30 seconds left.\n|inactive|jisssss has 20 seconds left.\n|inactive|jisssss has 15 seconds left.\n|\n|t:|1719581766\n|switch|p2b: Calyrex|Calyrex-Ice, L50|52\/100\n|-ability|p2b: Calyrex|As One\n|-ability|p2b: Calyrex|Unnerve\n|turn|8\n|\n|t:|1719581774\n|move|p1a: Calyrex|Astral Barrage|p2b: Calyrex|[spread] p2a,p2b\n|-supereffective|p2b: Calyrex\n|-damage|p2a: Gastrodon|0 fnt\n|-damage|p2b: Calyrex|0 fnt\n|faint|p2a: Gastrodon\n|faint|p2b: Calyrex\n|\n|win|chuanOVO\n|raw|chuanOVO's rating: 1713 &rarr; <strong>1734<\/strong><br \/>(+21 for winning)\n|raw|jisssss's rating: 1727 &rarr; <strong>1706<\/strong><br \/>(-21 for losing)\n|l|\u2606chuanOVO\n|player|p1|\n|l|\u2606jisssss\n|player|p2|\n","uploadtime":1719581998,"views":16,"formatid":"gen9vgc2024regg","rating":1706,"private":0,"password":null}