{"id":"gen9vgc2024regg-2151496508","format":"[Gen 9] VGC 2024 Reg G","players":["pint of Guiness","sturbyy"],"log":"|j|\u203dpint of Guiness\n|j|\u2606sturbyy\n|t:|1719567827\n|gametype|doubles\n|player|p1|pint of Guiness|266|1750\n|player|p2|sturbyy|169|1778\n|teamsize|p1|6\n|teamsize|p2|6\n|gen|9\n|tier|[Gen 9] VGC 2024 Reg G\n|rated|\n|rule|Species Clause: Limit one of each Pok\u00e9mon\n|rule|Item Clause: Limit one of each item\n|clearpoke\n|poke|p1|Miraidon, L50|\n|poke|p1|Murkrow, L50, F|\n|poke|p1|Chi-Yu, L50|\n|poke|p1|Iron Hands, L50|\n|poke|p1|Urshifu-*, L50, F|\n|poke|p1|Farigiraf, L50, M|\n|poke|p2|Incineroar, L50, M|\n|poke|p2|Calyrex-Ice, L50|\n|poke|p2|Amoonguss, L50, M|\n|poke|p2|Urshifu-*, L50, F|\n|poke|p2|Pelipper, L50, F|\n|poke|p2|Raging Bolt, L50|\n|teampreview|4\n|j| zxc123zxc\n|j| la f palabra\n|inactive|Battle timer is ON: inactive players will automatically lose when time's up. (requested by pint of Guiness)\n|l| la f palabra\n|inactive|sturbyy has 60 seconds left.\n|\n|t:|1719567891\n|start\n|switch|p1a: Miraidon|Miraidon, L50|100\/100\n|switch|p1b: Chi-Yu|Chi-Yu, L50|100\/100\n|switch|p2a: Incineroar|Incineroar, L50, M|100\/100\n|switch|p2b: Urshifu|Urshifu-Rapid-Strike, L50, F|100\/100\n|-ability|p1b: Chi-Yu|Beads of Ruin\n|-fieldstart|move: Electric Terrain|[from] ability: Hadron Engine|[of] p1a: Miraidon\n|-ability|p2a: Incineroar|Intimidate|boost\n|-unboost|p1a: Miraidon|atk|1\n|-unboost|p1b: Chi-Yu|atk|1\n|turn|1\n|\n|t:|1719567912\n|switch|p1b: Iron Hands|Iron Hands, L50, shiny|100\/100\n|-activate|p1b: Iron Hands|ability: Quark Drive\n|-start|p1b: Iron Hands|quarkdriveatk\n|switch|p2b: Raging Bolt|Raging Bolt, L50|100\/100\n|move|p1a: Miraidon|Electro Drift|p2a: Incineroar\n|-damage|p2a: Incineroar|0 fnt\n|faint|p2a: Incineroar\n|\n|upkeep\n|\n|t:|1719567924\n|switch|p2a: Calyrex|Calyrex-Ice, L50|100\/100\n|-ability|p2a: Calyrex|As One\n|-ability|p2a: Calyrex|Unnerve\n|turn|2\n|\n|t:|1719567939\n|-terastallize|p1a: Miraidon|Fairy\n|move|p2a: Calyrex|Protect|p2a: Calyrex\n|-singleturn|p2a: Calyrex|Protect\n|move|p1b: Iron Hands|Fake Out|p2a: Calyrex\n|-activate|p2a: Calyrex|move: Protect\n|move|p1a: Miraidon|Electro Drift|p2a: Calyrex\n|-activate|p2a: Calyrex|move: Protect\n|move|p2b: Raging Bolt|Snarl|p1a: Miraidon|[spread] p1a,p1b\n|-resisted|p1a: Miraidon\n|-resisted|p1b: Iron Hands\n|-damage|p1a: Miraidon|92\/100\n|-damage|p1b: Iron Hands|97\/100\n|-unboost|p1a: Miraidon|spa|1\n|-unboost|p1b: Iron Hands|spa|1\n|\n|upkeep\n|turn|3\n|\n|t:|1719567964\n|switch|p1a: Urshifu|Urshifu, L50, F|100\/100\n|-terastallize|p2a: Calyrex|Grass\n|move|p2b: Raging Bolt|Snarl|p1a: Urshifu|[spread] p1a,p1b\n|-resisted|p1a: Urshifu\n|-resisted|p1b: Iron Hands\n|-damage|p1a: Urshifu|95\/100\n|-damage|p1b: Iron Hands|93\/100\n|-unboost|p1a: Urshifu|spa|1\n|-unboost|p1b: Iron Hands|spa|1\n|move|p1b: Iron Hands|Ice Punch|p2b: Raging Bolt\n|-supereffective|p2b: Raging Bolt\n|-damage|p2b: Raging Bolt|45\/100\n|move|p2a: Calyrex|Trick Room|p2a: Calyrex\n|-fieldstart|move: Trick Room|[of] p2a: Calyrex\n|\n|upkeep\n|turn|4\n|\n|t:|1719567984\n|move|p1a: Urshifu|Detect|p1a: Urshifu\n|-singleturn|p1a: Urshifu|Protect\n|move|p1b: Iron Hands|Ice Punch|p2a: Calyrex\n|-supereffective|p2a: Calyrex\n|-damage|p2a: Calyrex|55\/100\n|move|p2a: Calyrex|High Horsepower|p1b: Iron Hands\n|-supereffective|p1b: Iron Hands\n|-damage|p1b: Iron Hands|40\/100\n|move|p2b: Raging Bolt|Volt Switch|p1a: Urshifu\n|-activate|p1a: Urshifu|move: Protect\n|\n|upkeep\n|turn|5\n|\n|t:|1719568001\n|move|p1a: Urshifu|Sucker Punch|p2a: Calyrex\n|-damage|p2a: Calyrex|30\/100\n|move|p1b: Iron Hands|Ice Punch|p2b: Raging Bolt\n|-supereffective|p2b: Raging Bolt\n|-damage|p2b: Raging Bolt|0 fnt\n|faint|p2b: Raging Bolt\n|-end|p2b: Raging Bolt|Protosynthesis|[silent]\n|move|p2a: Calyrex|Glacial Lance|p1b: Iron Hands|[spread] p1a,p1b\n|-damage|p1a: Urshifu|38\/100\n|-damage|p1b: Iron Hands|3\/100\n|\n|-fieldend|move: Electric Terrain\n|-end|p1b: Iron Hands|Quark Drive\n|upkeep\n|\n|t:|1719568011\n|switch|p2b: Urshifu|Urshifu-Rapid-Strike, L50, F|100\/100\n|turn|6\n|\n|t:|1719568026\n|switch|p1a: Miraidon|Miraidon, L50, tera:Fairy|92\/100\n|-fieldstart|move: Electric Terrain|[from] ability: Hadron Engine|[of] p1a: Miraidon\n|-activate|p1b: Iron Hands|ability: Quark Drive\n|-start|p1b: Iron Hands|quarkdriveatk\n|move|p2a: Calyrex|Protect|p2a: Calyrex\n|-singleturn|p2a: Calyrex|Protect\n|move|p1b: Iron Hands|Wild Charge|p2b: Urshifu\n|-supereffective|p2b: Urshifu\n|-damage|p2b: Urshifu|0 fnt\n|faint|p2b: Urshifu\n|-damage|p1b: Iron Hands|0 fnt|[from] Recoil\n|faint|p1b: Iron Hands\n|-end|p1b: Iron Hands|Quark Drive|[silent]\n|\n|upkeep\n|\n|t:|1719568030\n|switch|p1b: Urshifu|Urshifu, L50, F|38\/100\n|turn|7\n|\n|t:|1719568041\n|move|p1b: Urshifu|Detect|p1b: Urshifu\n|-singleturn|p1b: Urshifu|Protect\n|move|p2a: Calyrex|Glacial Lance|p1b: Urshifu|[spread] p1a\n|-activate|p1b: Urshifu|move: Protect\n|-damage|p1a: Miraidon|31\/100\n|move|p1a: Miraidon|Dazzling Gleam|p2a: Calyrex\n|-damage|p2a: Calyrex|0 fnt\n|faint|p2a: Calyrex\n|\n|win|pint of Guiness\n|raw|pint of Guiness's rating: 1750 &rarr; <strong>1772<\/strong><br \/>(+22 for winning)\n|raw|sturbyy's rating: 1778 &rarr; <strong>1756<\/strong><br \/>(-22 for losing)\n|l|\u2606sturbyy\n|player|p2|\n|l|\u203dpint of Guiness\n|player|p1|\n|l| zxc123zxc\n","uploadtime":1719568185,"views":92,"formatid":"gen9vgc2024regg","rating":1756,"private":0,"password":null}