{"id":"gen9vgc2024regg-2151581941","format":"[Gen 9] VGC 2024 Reg G","players":["I'll Suicad you","chuanOVO"],"log":"|j|\u2606I'll Suicad you\n|j|\u2606chuanOVO\n|t:|1719582079\n|gametype|doubles\n|player|p1|I'll Suicad you|lance|1768\n|player|p2|chuanOVO|n|1747\n|teamsize|p1|6\n|teamsize|p2|6\n|gen|9\n|tier|[Gen 9] VGC 2024 Reg G\n|rated|\n|rule|Species Clause: Limit one of each Pok\u00e9mon\n|rule|Item Clause: Limit one of each item\n|clearpoke\n|poke|p1|Iron Hands, L50|\n|poke|p1|Tornadus, L50, M|\n|poke|p1|Miraidon, L50|\n|poke|p1|Farigiraf, L50, M|\n|poke|p1|Urshifu-*, L50, F|\n|poke|p1|Chi-Yu, L50|\n|poke|p2|Calyrex-Shadow, L50|\n|poke|p2|Smeargle, L50, M|\n|poke|p2|Clefairy, L50, F|\n|poke|p2|Incineroar, L50, M|\n|poke|p2|Rillaboom, L50, M|\n|poke|p2|Urshifu-*, L50, M|\n|teampreview|4\n|inactive|Battle timer is ON: inactive players will automatically lose when time's up. (requested by chuanOVO)\n|\n|t:|1719582119\n|start\n|switch|p1a: Tornadus|Tornadus, L50, M|100\/100\n|switch|p1b: Iron Hands|Iron Hands, L50|100\/100\n|switch|p2a: Calyrex|Calyrex-Shadow, L50|100\/100\n|switch|p2b: Smeargle|Smeargle, L50, M, shiny|100\/100\n|-ability|p2a: Calyrex|As One\n|-ability|p2a: Calyrex|Unnerve\n|turn|1\n|\n|t:|1719582139\n|-terastallize|p2a: Calyrex|Fairy\n|move|p2b: Smeargle|Fake Out|p1b: Iron Hands\n|-damage|p1b: Iron Hands|97\/100\n|move|p1a: Tornadus|Tailwind|p1a: Tornadus\n|-sidestart|p1: I'll Suicad you|move: Tailwind\n|cant|p1b: Iron Hands|flinch\n|move|p2a: Calyrex|Nasty Plot|p2a: Calyrex\n|-boost|p2a: Calyrex|spa|2\n|\n|-ability|p2b: Smeargle|Moody|boost\n|-boost|p2b: Smeargle|spd|2\n|-unboost|p2b: Smeargle|def|1\n|upkeep\n|turn|2\n|inactive|chuanOVO has 30 seconds left.\n|\n|t:|1719582168\n|switch|p2b: Clefairy|Clefairy, L50, F, shiny|100\/100\n|move|p1a: Tornadus|Bleakwind Storm|p2a: Calyrex|[spread] p2a\n|-miss|p1a: Tornadus|p2b: Clefairy\n|-damage|p2a: Calyrex|81\/100\n|move|p1b: Iron Hands|Wild Charge|p2b: Clefairy\n|-damage|p2b: Clefairy|63\/100\n|-damage|p1b: Iron Hands|90\/100|[from] Recoil\n|move|p2a: Calyrex|Nasty Plot|p2a: Calyrex\n|-boost|p2a: Calyrex|spa|2\n|\n|upkeep\n|turn|3\n|j| BlastMasterSan\n|inactive|I'll Suicad you has 30 seconds left.\n|\n|t:|1719582195\n|move|p1a: Tornadus|Protect|p1a: Tornadus\n|-singleturn|p1a: Tornadus|Protect\n|move|p2b: Clefairy|Protect|p2b: Clefairy\n|-singleturn|p2b: Clefairy|Protect\n|move|p1b: Iron Hands|Wild Charge|p2a: Calyrex\n|-damage|p2a: Calyrex|47\/100\n|-damage|p1b: Iron Hands|83\/100|[from] Recoil\n|move|p2a: Calyrex|Draining Kiss|p1a: Tornadus\n|-activate|p1a: Tornadus|move: Protect\n|\n|upkeep\n|turn|4\n|inactive|I'll Suicad you has 30 seconds left.\n|\n|t:|1719582222\n|move|p2b: Clefairy|Follow Me|p2b: Clefairy\n|-singleturn|p2b: Clefairy|move: Follow Me\n|move|p1a: Tornadus|Bleakwind Storm|p2a: Calyrex|[spread] p2a,p2b\n|-damage|p2a: Calyrex|25\/100\n|-damage|p2b: Clefairy|36\/100\n|-unboost|p2b: Clefairy|spe|1\n|move|p1b: Iron Hands|Wild Charge|p2b: Clefairy\n|-damage|p2b: Clefairy|0 fnt\n|faint|p2b: Clefairy\n|-damage|p1b: Iron Hands|76\/100|[from] Recoil\n|move|p2a: Calyrex|Draining Kiss|p1a: Tornadus\n|-damage|p1a: Tornadus|2\/100\n|-heal|p2a: Calyrex|97\/100|[from] drain|[of] p1a: Tornadus\n|\n|-sideend|p1: I'll Suicad you|move: Tailwind\n|upkeep\n|\n|t:|1719582237\n|switch|p2b: Rillaboom|Rillaboom, L50, M, shiny|100\/100\n|-fieldstart|move: Grassy Terrain|[from] ability: Grassy Surge|[of] p2b: Rillaboom\n|turn|5\n|\n|t:|1719582253\n|move|p1a: Tornadus|Protect|p1a: Tornadus\n|-singleturn|p1a: Tornadus|Protect\n|move|p2a: Calyrex|Astral Barrage|p1a: Tornadus|[spread] p1b\n|-activate|p1a: Tornadus|move: Protect\n|-damage|p1b: Iron Hands|0 fnt\n|faint|p1b: Iron Hands\n|-end|p1b: Iron Hands|Quark Drive|[silent]\n|-ability|p2a: Calyrex|Grim Neigh|boost\n|-boost|p2a: Calyrex|spa|1\n|move|p2b: Rillaboom|U-turn|p1a: Tornadus\n|-activate|p1a: Tornadus|move: Protect\n|\n|-heal|p2a: Calyrex|100\/100|[from] Grassy Terrain\n|upkeep\n|\n|t:|1719582263\n|switch|p1b: Miraidon|Miraidon, L50|100\/100\n|-fieldstart|move: Electric Terrain|[from] ability: Hadron Engine|[of] p1b: Miraidon\n|turn|6\n|inactive|I'll Suicad you has 30 seconds left.\n|inactive|I'll Suicad you has 20 seconds left.\n|inactive|I'll Suicad you has 15 seconds left.\n|inactive|I'll Suicad you has 10 seconds left.\n|\n|t:|1719582313\n|-terastallize|p1b: Miraidon|Electric\n|move|p2a: Calyrex|Protect|p2a: Calyrex\n|-singleturn|p2a: Calyrex|Protect\n|move|p1a: Tornadus|Tailwind|p1a: Tornadus\n|-sidestart|p1: I'll Suicad you|move: Tailwind\n|move|p1b: Miraidon|Volt Switch|p2a: Calyrex\n|-activate|p2a: Calyrex|move: Protect\n|move|p2b: Rillaboom|U-turn|p1a: Tornadus\n|-resisted|p1a: Tornadus\n|-damage|p1a: Tornadus|0 fnt\n|faint|p1a: Tornadus\n|\n|t:|1719582324\n|switch|p2b: Smeargle|Smeargle, L50, M, shiny|100\/100|[from] U-turn\n|\n|-ability|p2b: Smeargle|Moody|boost\n|-boost|p2b: Smeargle|atk|2\n|-unboost|p2b: Smeargle|def|1\n|upkeep\n|\n|t:|1719582326\n|switch|p1a: Chi-Yu|Chi-Yu, L50|100\/100\n|-ability|p1a: Chi-Yu|Beads of Ruin\n|turn|7\n|\n|t:|1719582348\n|move|p2b: Smeargle|Follow Me|p2b: Smeargle\n|-singleturn|p2b: Smeargle|move: Follow Me\n|move|p1a: Chi-Yu|Overheat|p2b: Smeargle\n|-enditem|p2b: Smeargle|Focus Sash\n|-damage|p2b: Smeargle|1\/100\n|-unboost|p1a: Chi-Yu|spa|2\n|move|p1b: Miraidon|Volt Switch|p2b: Smeargle\n|-damage|p2b: Smeargle|0 fnt\n|faint|p2b: Smeargle\n|move|p2a: Calyrex|Astral Barrage|p1a: Chi-Yu|[spread] p1a,p1b\n|-resisted|p1a: Chi-Yu\n|-damage|p1a: Chi-Yu|0 fnt\n|-damage|p1b: Miraidon|0 fnt\n|faint|p1a: Chi-Yu\n|faint|p1b: Miraidon\n|\n|win|chuanOVO\n|raw|I&apos;ll Suicad you's rating: 1768 &rarr; <strong>1747<\/strong><br \/>(-21 for losing)\n|raw|chuanOVO's rating: 1747 &rarr; <strong>1768<\/strong><br \/>(+21 for winning)\n|l|\u2606I'll Suicad you\n|player|p1|\n|l|\u2606chuanOVO\n|player|p2|\n","uploadtime":1719582551,"views":60,"formatid":"gen9vgc2024regg","rating":1747,"private":0,"password":null}