{"id":"gen9vgc2024regg-2151194327","format":"[Gen 9] VGC 2024 Reg G","players":["RomanGODra","datbishgames"],"log":"|j|\u2606RomanGODra\n|j|\u2606datbishgames\n|t:|1719519963\n|gametype|doubles\n|player|p1|RomanGODra|waiter-gen4dp|1744\n|player|p2|datbishgames|mira|1707\n|teamsize|p1|6\n|teamsize|p2|6\n|gen|9\n|tier|[Gen 9] VGC 2024 Reg G\n|rated|\n|rule|Species Clause: Limit one of each Pok\u00e9mon\n|rule|Item Clause: Limit one of each item\n|clearpoke\n|poke|p1|Miraidon, L50|\n|poke|p1|Chi-Yu, L50|\n|poke|p1|Whimsicott, L50, M|\n|poke|p1|Ogerpon-Cornerstone, L50, F|\n|poke|p1|Iron Hands, L50|\n|poke|p1|Farigiraf, L50, M|\n|poke|p2|Calyrex-Ice, L50|\n|poke|p2|Raging Bolt, L50|\n|poke|p2|Annihilape, L50, F|\n|poke|p2|Incineroar, L50, M|\n|poke|p2|Primarina, L50, F|\n|poke|p2|Amoonguss, L50, F|\n|teampreview|4\n|inactive|Battle timer is ON: inactive players will automatically lose when time's up. (requested by datbishgames)\n|inactive|RomanGODra has 60 seconds left.\n|\n|t:|1719520001\n|start\n|switch|p1a: Iron Hands|Iron Hands, L50|100\/100\n|switch|p1b: Chi-Yu|Chi-Yu, L50|100\/100\n|switch|p2a: Calyrex|Calyrex-Ice, L50|100\/100\n|switch|p2b: Amoonguss|Amoonguss, L50, F|100\/100\n|-ability|p2a: Calyrex|As One\n|-ability|p2a: Calyrex|Unnerve\n|-ability|p1b: Chi-Yu|Beads of Ruin\n|turn|1\n|inactive|RomanGODra has 30 seconds left.\n|\n|t:|1719520031\n|switch|p2b: Incineroar|Incineroar, L50, M|100\/100\n|-ability|p2b: Incineroar|Intimidate|boost\n|-unboost|p1a: Iron Hands|atk|1\n|-unboost|p1b: Chi-Yu|atk|1\n|-terastallize|p1b: Chi-Yu|Fire\n|move|p2a: Calyrex|Protect|p2a: Calyrex\n|-singleturn|p2a: Calyrex|Protect\n|move|p1a: Iron Hands|Fake Out|p2a: Calyrex\n|-activate|p2a: Calyrex|move: Protect\n|move|p1b: Chi-Yu|Heat Wave|p2a: Calyrex|[spread] p2b\n|-activate|p2a: Calyrex|move: Protect\n|-resisted|p2b: Incineroar\n|-damage|p2b: Incineroar|76\/100\n|\n|upkeep\n|turn|2\n|\n|t:|1719520050\n|switch|p1b: Farigiraf|Farigiraf, L50, M|100\/100\n|-terastallize|p2a: Calyrex|Fire\n|move|p2b: Incineroar|Fake Out||[still]\n|cant|p1b: Farigiraf|ability: Armor Tail|Fake Out|[of] p2b: Incineroar\n|move|p1a: Iron Hands|Drain Punch|p2b: Incineroar\n|-supereffective|p2b: Incineroar\n|-damage|p2b: Incineroar|22\/100\n|move|p2a: Calyrex|Trick Room|p2a: Calyrex\n|-fieldstart|move: Trick Room|[of] p2a: Calyrex\n|\n|upkeep\n|turn|3\n|\n|t:|1719520066\n|switch|p2b: Amoonguss|Amoonguss, L50, F|100\/100\n|move|p1a: Iron Hands|Drain Punch|p2b: Amoonguss\n|-resisted|p2b: Amoonguss\n|-damage|p2b: Amoonguss|86\/100\n|-damage|p1a: Iron Hands|84\/100|[from] item: Rocky Helmet|[of] p2b: Amoonguss\n|move|p2a: Calyrex|Glacial Lance|p1a: Iron Hands|[spread] p1a,p1b\n|-damage|p1a: Iron Hands|46\/100\n|-damage|p1b: Farigiraf|48\/100\n|move|p1b: Farigiraf|Trick Room|p1b: Farigiraf\n|-fieldend|move: Trick Room\n|\n|upkeep\n|turn|4\n|\n|t:|1719520091\n|-end|p1a: Iron Hands|Quark Drive|[silent]\n|switch|p1a: Miraidon|Miraidon, L50|100\/100\n|-fieldstart|move: Electric Terrain|[from] ability: Hadron Engine|[of] p1a: Miraidon\n|move|p2b: Amoonguss|Spore|p1b: Farigiraf\n|-activate|p1b: Farigiraf|move: Electric Terrain\n|move|p1b: Farigiraf|Trick Room|p1b: Farigiraf\n|-fieldstart|move: Trick Room|[of] p1b: Farigiraf\n|move|p2a: Calyrex|Trick Room|p2a: Calyrex\n|-fieldend|move: Trick Room\n|\n|upkeep\n|turn|5\n|inactive|RomanGODra has 30 seconds left.\n|\n|t:|1719520123\n|switch|p1b: Iron Hands|Iron Hands, L50|46\/100\n|-activate|p1b: Iron Hands|ability: Quark Drive\n|-start|p1b: Iron Hands|quarkdriveatk\n|move|p2b: Amoonguss|Rage Powder|p2b: Amoonguss\n|-singleturn|p2b: Amoonguss|move: Rage Powder\n|move|p1a: Miraidon|Electro Drift|p2b: Amoonguss\n|-resisted|p2b: Amoonguss\n|-damage|p2b: Amoonguss|35\/100\n|-damage|p1a: Miraidon|84\/100|[from] item: Rocky Helmet|[of] p2b: Amoonguss\n|move|p2a: Calyrex|Glacial Lance|p1b: Iron Hands|[spread] p1a,p1b\n|-supereffective|p1a: Miraidon\n|-damage|p1a: Miraidon|0 fnt\n|-damage|p1b: Iron Hands|6\/100\n|faint|p1a: Miraidon\n|-ability|p2a: Calyrex|Chilling Neigh|boost\n|-boost|p2a: Calyrex|atk|1\n|\n|upkeep\n|\n|t:|1719520133\n|switch|p1a: Farigiraf|Farigiraf, L50, M|48\/100\n|turn|6\n|\n|t:|1719520143\n|switch|p2b: Incineroar|Incineroar, L50, M|22\/100\n|-ability|p2b: Incineroar|Intimidate|boost\n|-unboost|p1a: Farigiraf|atk|1\n|-unboost|p1b: Iron Hands|atk|1\n|move|p2a: Calyrex|Protect|p2a: Calyrex\n|-singleturn|p2a: Calyrex|Protect\n|move|p1b: Iron Hands|Fake Out|p2a: Calyrex\n|-activate|p2a: Calyrex|move: Protect\n|move|p1a: Farigiraf|Foul Play|p2a: Calyrex\n|-activate|p2a: Calyrex|move: Protect\n|\n|upkeep\n|turn|7\n|\n|t:|1719520156\n|move|p1a: Farigiraf|Foul Play|p2a: Calyrex\n|-damage|p2a: Calyrex|61\/100\n|move|p2b: Incineroar|Knock Off|p1a: Farigiraf\n|-supereffective|p1a: Farigiraf\n|-damage|p1a: Farigiraf|0 fnt\n|-enditem|p1a: Farigiraf|Sitrus Berry|[from] move: Knock Off|[of] p2b: Incineroar\n|faint|p1a: Farigiraf\n|move|p1b: Iron Hands|Wild Charge|p2a: Calyrex\n|-damage|p2a: Calyrex|28\/100\n|-damage|p1b: Iron Hands|0 fnt|[from] Recoil\n|faint|p1b: Iron Hands\n|-end|p1b: Iron Hands|Quark Drive|[silent]\n|move|p2a: Calyrex|Trick Room|p2a: Calyrex\n|-fieldstart|move: Trick Room|[of] p2a: Calyrex\n|\n|upkeep\n|\n|t:|1719520166\n|switch|p1b: Chi-Yu|Chi-Yu, L50, tera:Fire|100\/100\n|-ability|p1b: Chi-Yu|Beads of Ruin\n|turn|8\n|-message|RomanGODra forfeited.\n|\n|win|datbishgames\n|raw|RomanGODra's rating: 1744 &rarr; <strong>1722<\/strong><br \/>(-22 for losing)\n|raw|datbishgames's rating: 1707 &rarr; <strong>1729<\/strong><br \/>(+22 for winning)\n|l|\u2606RomanGODra\n|player|p1|\n|l|\u2606datbishgames\n|player|p2|\n","uploadtime":1719520381,"views":16,"formatid":"gen9vgc2024regg","rating":1722,"private":0,"password":null}