{"id":"gen9vgc2024regg-2151431823","format":"[Gen 9] VGC 2024 Reg G","players":["something123","chuanOVO"],"log":"|j|\u2606something123\n|j|\u2606chuanOVO\n|t:|1719554546\n|gametype|doubles\n|player|p1|something123|170|1791\n|player|p2|chuanOVO|n|1815\n|teamsize|p1|6\n|teamsize|p2|6\n|gen|9\n|tier|[Gen 9] VGC 2024 Reg G\n|rated|\n|rule|Species Clause: Limit one of each Pok\u00e9mon\n|rule|Item Clause: Limit one of each item\n|clearpoke\n|poke|p1|Chandelure, L50, F|\n|poke|p1|Moltres-Galar, L50|\n|poke|p1|Rillaboom, L50, M|\n|poke|p1|Chien-Pao, L50|\n|poke|p1|Zamazenta-*, L50|\n|poke|p1|Flutter Mane, L50|\n|poke|p2|Calyrex-Shadow, L50|\n|poke|p2|Smeargle, L50, M|\n|poke|p2|Clefairy, L50, F|\n|poke|p2|Incineroar, L50, M|\n|poke|p2|Rillaboom, L50, M|\n|poke|p2|Urshifu-*, L50, M|\n|teampreview|4\n|j| balnam\n|j| autumdog\n|inactive|Battle timer is ON: inactive players will automatically lose when time's up. (requested by chuanOVO)\n|\n|t:|1719554596\n|start\n|switch|p1a: Flutter Mane|Flutter Mane, L50|100\/100\n|switch|p1b: Zamazenta|Zamazenta-Crowned, L50|100\/100\n|switch|p2a: Calyrex|Calyrex-Shadow, L50|100\/100\n|switch|p2b: Smeargle|Smeargle, L50, M, shiny|100\/100\n|-ability|p2a: Calyrex|As One\n|-ability|p2a: Calyrex|Unnerve\n|-ability|p1b: Zamazenta|Dauntless Shield|boost\n|-boost|p1b: Zamazenta|def|1\n|-enditem|p1a: Flutter Mane|Booster Energy\n|-activate|p1a: Flutter Mane|ability: Protosynthesis|[fromitem]\n|-start|p1a: Flutter Mane|protosynthesisspe\n|turn|1\n|inactive|something123 has 30 seconds left.\n|inactive|chuanOVO has 30 seconds left.\n|\n|t:|1719554629\n|move|p2b: Smeargle|Follow Me|p2b: Smeargle\n|-singleturn|p2b: Smeargle|move: Follow Me\n|move|p1a: Flutter Mane|Icy Wind|p2b: Smeargle|[spread] p2a,p2b\n|-damage|p2a: Calyrex|90\/100\n|-damage|p2b: Smeargle|77\/100\n|-unboost|p2b: Smeargle|spe|1\n|move|p2a: Calyrex|Nasty Plot|p2a: Calyrex\n|-boost|p2a: Calyrex|spa|2\n|move|p1b: Zamazenta|Body Press|p2b: Smeargle\n|-supereffective|p2b: Smeargle\n|-damage|p2b: Smeargle|0 fnt\n|faint|p2b: Smeargle\n|\n|upkeep\n|\n|t:|1719554642\n|switch|p2b: Incineroar|Incineroar, L50, M, shiny|100\/100\n|-ability|p2b: Incineroar|Intimidate|boost\n|-unboost|p1a: Flutter Mane|atk|1\n|-unboost|p1b: Zamazenta|atk|1\n|turn|2\n|\n|t:|1719554663\n|switch|p2b: Clefairy|Clefairy, L50, F, shiny|100\/100\n|-terastallize|p1a: Flutter Mane|Normal\n|move|p1b: Zamazenta|Protect|p1b: Zamazenta\n|-singleturn|p1b: Zamazenta|Protect\n|move|p1a: Flutter Mane|Thunder Wave|p2a: Calyrex\n|-status|p2a: Calyrex|par\n|move|p2a: Calyrex|Astral Barrage|p1a: Flutter Mane|[spread] \n|-activate|p1b: Zamazenta|move: Protect\n|-immune|p1a: Flutter Mane\n|\n|upkeep\n|turn|3\n|inactive|something123 has 30 seconds left.\n|inactive|chuanOVO has 30 seconds left.\n|inactive|something123 has 20 seconds left.\n|inactive|something123 has 15 seconds left.\n|\n|t:|1719554705\n|move|p2b: Clefairy|Protect|p2b: Clefairy\n|-singleturn|p2b: Clefairy|Protect\n|move|p1b: Zamazenta|Wide Guard|p1b: Zamazenta\n|-singleturn|p1b: Zamazenta|Wide Guard\n|move|p1a: Flutter Mane|Moonblast|p2a: Calyrex\n|-damage|p2a: Calyrex|60\/100 par\n|move|p2a: Calyrex|Nasty Plot|p2a: Calyrex\n|-boost|p2a: Calyrex|spa|2\n|\n|upkeep\n|turn|4\n|inactive|something123 has 30 seconds left.\n|\n|t:|1719554734\n|switch|p2b: Incineroar|Incineroar, L50, M, shiny|100\/100\n|-ability|p2b: Incineroar|Intimidate|boost\n|-unboost|p1a: Flutter Mane|atk|1\n|-unboost|p1b: Zamazenta|atk|1\n|move|p1a: Flutter Mane|Moonblast|p2b: Incineroar\n|-damage|p2b: Incineroar|63\/100\n|move|p1b: Zamazenta|Heavy Slam|p2b: Incineroar\n|-resisted|p2b: Incineroar\n|-damage|p2b: Incineroar|53\/100\n|move|p2a: Calyrex|Draining Kiss|p1a: Flutter Mane\n|-damage|p1a: Flutter Mane|48\/100\n|-heal|p2a: Calyrex|92\/100 par|[from] drain|[of] p1a: Flutter Mane\n|\n|upkeep\n|turn|5\n|inactive|something123 has 30 seconds left.\n|\n|t:|1719554766\n|-end|p1a: Flutter Mane|Protosynthesis|[silent]\n|switch|p1a: Rillaboom|Rillaboom, L50, M|100\/100\n|-fieldstart|move: Grassy Terrain|[from] ability: Grassy Surge|[of] p1a: Rillaboom\n|move|p1b: Zamazenta|Wide Guard|p1b: Zamazenta\n|-singleturn|p1b: Zamazenta|Wide Guard\n|move|p2b: Incineroar|Fake Out|p1b: Zamazenta\n|-resisted|p1b: Zamazenta\n|-damage|p1b: Zamazenta|98\/100\n|move|p2a: Calyrex|Draining Kiss|p1a: Rillaboom\n|-damage|p1a: Rillaboom|22\/100\n|-heal|p2a: Calyrex|100\/100 par|[from] drain|[of] p1a: Rillaboom\n|\n|-heal|p1b: Zamazenta|100\/100|[from] Grassy Terrain\n|-heal|p1a: Rillaboom|28\/100|[from] Grassy Terrain\n|-heal|p2b: Incineroar|59\/100|[from] Grassy Terrain\n|upkeep\n|turn|6\n|\n|t:|1719554790\n|switch|p2b: Clefairy|Clefairy, L50, F, shiny|100\/100\n|move|p1b: Zamazenta|Body Press|p2b: Clefairy\n|-resisted|p2b: Clefairy\n|-damage|p2b: Clefairy|75\/100\n|move|p1a: Rillaboom|Wood Hammer|p2b: Clefairy\n|-damage|p2b: Clefairy|0 fnt\n|faint|p2b: Clefairy\n|-damage|p1a: Rillaboom|3\/100|[from] Recoil\n|move|p2a: Calyrex|Astral Barrage|p1b: Zamazenta|[spread] p1a,p1b\n|-damage|p1a: Rillaboom|0 fnt\n|-damage|p1b: Zamazenta|0 fnt\n|faint|p1a: Rillaboom\n|faint|p1b: Zamazenta\n|-ability|p2a: Calyrex|Grim Neigh|boost\n|-boost|p2a: Calyrex|spa|2\n|\n|upkeep\n|\n|t:|1719554807\n|switch|p1b: Chien-Pao|Chien-Pao, L50|100\/100\n|switch|p1a: Flutter Mane|Flutter Mane, L50, tera:Normal|48\/100\n|switch|p2b: Incineroar|Incineroar, L50, M, shiny|59\/100\n|-ability|p1b: Chien-Pao|Sword of Ruin\n|-ability|p2b: Incineroar|Intimidate|boost\n|-unboost|p1a: Flutter Mane|atk|1\n|-unboost|p1b: Chien-Pao|atk|1\n|turn|7\n|\n|t:|1719554824\n|-terastallize|p2a: Calyrex|Fairy\n|move|p1b: Chien-Pao|Protect|p1b: Chien-Pao\n|-singleturn|p1b: Chien-Pao|Protect\n|move|p1a: Flutter Mane|Protect|p1a: Flutter Mane\n|-singleturn|p1a: Flutter Mane|Protect\n|move|p2b: Incineroar|Fake Out|p1a: Flutter Mane\n|-activate|p1a: Flutter Mane|move: Protect\n|move|p2a: Calyrex|Draining Kiss|p1b: Chien-Pao\n|-activate|p1b: Chien-Pao|move: Protect\n|\n|-heal|p1a: Flutter Mane|54\/100|[from] Grassy Terrain\n|-heal|p2b: Incineroar|65\/100|[from] Grassy Terrain\n|upkeep\n|turn|8\n|\n|t:|1719554843\n|cant|p2a: Calyrex|par\n|move|p1b: Chien-Pao|Icicle Crash|p2a: Calyrex\n|-damage|p2a: Calyrex|63\/100 par\n|move|p1a: Flutter Mane|Moonblast|p2b: Incineroar\n|-damage|p2b: Incineroar|31\/100\n|-enditem|p2b: Incineroar|Sitrus Berry|[eat]\n|-heal|p2b: Incineroar|55\/100|[from] item: Sitrus Berry\n|move|p2b: Incineroar|Flare Blitz|p1a: Flutter Mane\n|-damage|p1a: Flutter Mane|0 fnt\n|faint|p1a: Flutter Mane\n|-end|p1a: Flutter Mane|Protosynthesis|[silent]\n|-damage|p2b: Incineroar|42\/100|[from] Recoil\n|\n|-heal|p2a: Calyrex|69\/100 par|[from] Grassy Terrain\n|-heal|p2b: Incineroar|48\/100|[from] Grassy Terrain\n|upkeep\n|turn|9\n|\n|t:|1719554862\n|move|p1b: Chien-Pao|Sacred Sword|p2b: Incineroar\n|-supereffective|p2b: Incineroar\n|-damage|p2b: Incineroar|1\/100\n|cant|p2a: Calyrex|par\n|move|p2b: Incineroar|Flare Blitz|p1b: Chien-Pao\n|-supereffective|p1b: Chien-Pao\n|-enditem|p1b: Chien-Pao|Focus Sash\n|-damage|p1b: Chien-Pao|1\/100\n|-damage|p2b: Incineroar|0 fnt|[from] Recoil\n|faint|p2b: Incineroar\n|\n|-heal|p1b: Chien-Pao|7\/100|[from] Grassy Terrain\n|-heal|p2a: Calyrex|75\/100 par|[from] Grassy Terrain\n|-fieldend|move: Grassy Terrain\n|upkeep\n|turn|10\n|\n|t:|1719554877\n|move|p1b: Chien-Pao|Icicle Crash|p2a: Calyrex\n|-damage|p2a: Calyrex|42\/100 par\n|cant|p2a: Calyrex|par\n|\n|upkeep\n|turn|11\n|\n|t:|1719554889\n|move|p1b: Chien-Pao|Icicle Crash|p2a: Calyrex\n|-damage|p2a: Calyrex|6\/100 par\n|move|p2a: Calyrex|Draining Kiss|p1b: Chien-Pao\n|-supereffective|p1b: Chien-Pao\n|-damage|p1b: Chien-Pao|0 fnt\n|-heal|p2a: Calyrex|10\/100 par|[from] drain|[of] p1b: Chien-Pao\n|faint|p1b: Chien-Pao\n|\n|win|chuanOVO\n|raw|something123's rating: 1791 &rarr; <strong>1772<\/strong><br \/>(-19 for losing)\n|raw|chuanOVO's rating: 1815 &rarr; <strong>1834<\/strong><br \/>(+19 for winning)\n|l|\u2606something123\n|player|p1|\n|l|\u2606chuanOVO\n|player|p2|\n|l| autumdog\n","uploadtime":1719555073,"views":126,"formatid":"gen9vgc2024regg","rating":1772,"private":0,"password":null}