{"id":"gen9vgc2024regg-2151243030","format":"[Gen 9] VGC 2024 Reg G","players":["elite4gebe","turtleschampion"],"log":"|j|\u2606elite4gebe\n|j|\u2606turtleschampion\n|t:|1719525823\n|gametype|doubles\n|player|p1|elite4gebe|102|1701\n|player|p2|turtleschampion|silver|1714\n|teamsize|p1|6\n|teamsize|p2|6\n|gen|9\n|tier|[Gen 9] VGC 2024 Reg G\n|rated|\n|rule|Species Clause: Limit one of each Pok\u00e9mon\n|rule|Item Clause: Limit one of each item\n|clearpoke\n|poke|p1|Calyrex-Ice, L50|\n|poke|p1|Annihilape, L50, F|\n|poke|p1|Entei, L50|\n|poke|p1|Gastrodon, L50, M|\n|poke|p1|Grimmsnarl, L50, M|\n|poke|p1|Iron Valiant, L50|\n|poke|p2|Iron Hands, L50|\n|poke|p2|Grimmsnarl, L50, M|\n|poke|p2|Urshifu-*, L50, F|\n|poke|p2|Terapagos, L50, M|\n|poke|p2|Flutter Mane, L50|\n|poke|p2|Chi-Yu, L50|\n|teampreview|4\n|inactive|Battle timer is ON: inactive players will automatically lose when time's up. (requested by turtleschampion)\n|inactive|elite4gebe has 60 seconds left.\n|\n|t:|1719525857\n|start\n|switch|p1a: Annihilape|Annihilape, L50, F|100\/100\n|switch|p1b: Grimmsnarl|Grimmsnarl, L50, M|100\/100\n|switch|p2a: Urshifu|Urshifu-Rapid-Strike, L50, F|100\/100\n|switch|p2b: Grimmsnarl|Grimmsnarl, L50, M|100\/100\n|turn|1\n|\n|t:|1719525872\n|-terastallize|p1a: Annihilape|Water\n|move|p1b: Grimmsnarl|Misty Terrain|p1b: Grimmsnarl\n|-fieldstart|move: Misty Terrain\n|move|p2b: Grimmsnarl|Thunder Wave|p1a: Annihilape\n|-activate|p1a: Annihilape|move: Misty Terrain\n|move|p2a: Urshifu|Surging Strikes|p1a: Annihilape\n|-resisted|p1a: Annihilape\n|-crit|p1a: Annihilape\n|-damage|p1a: Annihilape|90\/100\n|-resisted|p1a: Annihilape\n|-crit|p1a: Annihilape\n|-damage|p1a: Annihilape|81\/100\n|-resisted|p1a: Annihilape\n|-crit|p1a: Annihilape\n|-damage|p1a: Annihilape|72\/100\n|-hitcount|p1a: Annihilape|3\n|move|p1a: Annihilape|Bulk Up|p1a: Annihilape\n|-boost|p1a: Annihilape|atk|1\n|-boost|p1a: Annihilape|def|1\n|\n|upkeep\n|turn|2\n|j| 21shark\n|\n|t:|1719525896\n|move|p1b: Grimmsnarl|Reflect|p1b: Grimmsnarl\n|-sidestart|p1: elite4gebe|Reflect\n|move|p2b: Grimmsnarl|Reflect|p2b: Grimmsnarl\n|-sidestart|p2: turtleschampion|Reflect\n|move|p2a: Urshifu|Surging Strikes|p1b: Grimmsnarl\n|-crit|p1b: Grimmsnarl\n|-damage|p1b: Grimmsnarl|80\/100\n|-crit|p1b: Grimmsnarl\n|-damage|p1b: Grimmsnarl|59\/100\n|-crit|p1b: Grimmsnarl\n|-damage|p1b: Grimmsnarl|37\/100\n|-hitcount|p1b: Grimmsnarl|3\n|move|p1a: Annihilape|Rage Fist|p2b: Grimmsnarl\n|-resisted|p2b: Grimmsnarl\n|-damage|p2b: Grimmsnarl|58\/100\n|\n|upkeep\n|turn|3\n|inactive|turtleschampion has 30 seconds left.\n|\n|t:|1719525927\n|move|p2a: Urshifu|Detect|p2a: Urshifu\n|-singleturn|p2a: Urshifu|Protect\n|move|p1b: Grimmsnarl|Light Screen|p1b: Grimmsnarl\n|-sidestart|p1: elite4gebe|move: Light Screen\n|move|p1a: Annihilape|Drain Punch|p2a: Urshifu\n|-activate|p2a: Urshifu|move: Protect\n|move|p2b: Grimmsnarl|Foul Play|p1b: Grimmsnarl\n|-resisted|p1b: Grimmsnarl\n|-damage|p1b: Grimmsnarl|31\/100\n|\n|upkeep\n|turn|4\n|\n|t:|1719525944\n|switch|p2b: Iron Hands|Iron Hands, L50|100\/100\n|move|p2a: Urshifu|Surging Strikes|p1b: Grimmsnarl\n|-crit|p1b: Grimmsnarl\n|-damage|p1b: Grimmsnarl|9\/100\n|-crit|p1b: Grimmsnarl\n|-damage|p1b: Grimmsnarl|0 fnt\n|faint|p1b: Grimmsnarl\n|-hitcount|p1: Grimmsnarl|2\n|move|p1a: Annihilape|Drain Punch|p2a: Urshifu\n|-damage|p2a: Urshifu|66\/100\n|-heal|p1a: Annihilape|87\/100|[from] drain|[of] p2a: Urshifu\n|\n|upkeep\n|\n|t:|1719525965\n|switch|p1b: Calyrex|Calyrex-Ice, L50|100\/100\n|-ability|p1b: Calyrex|As One\n|-ability|p1b: Calyrex|Unnerve\n|turn|5\n|\n|t:|1719525976\n|move|p2b: Iron Hands|Fake Out|p1b: Calyrex\n|-crit|p1b: Calyrex\n|-damage|p1b: Calyrex|84\/100\n|move|p2a: Urshifu|Surging Strikes|p1b: Calyrex\n|-crit|p1b: Calyrex\n|-damage|p1b: Calyrex|71\/100\n|-crit|p1b: Calyrex\n|-damage|p1b: Calyrex|59\/100\n|-crit|p1b: Calyrex\n|-damage|p1b: Calyrex|44\/100\n|-hitcount|p1b: Calyrex|3\n|move|p1a: Annihilape|Rage Fist|p2b: Iron Hands\n|-damage|p2b: Iron Hands|35\/100\n|cant|p1b: Calyrex|flinch\n|\n|-fieldend|Misty Terrain\n|upkeep\n|turn|6\n|\n|t:|1719525999\n|move|p2a: Urshifu|Surging Strikes|p1b: Calyrex\n|-crit|p1b: Calyrex\n|-damage|p1b: Calyrex|31\/100\n|-crit|p1b: Calyrex\n|-damage|p1b: Calyrex|18\/100\n|-crit|p1b: Calyrex\n|-damage|p1b: Calyrex|4\/100\n|-hitcount|p1b: Calyrex|3\n|move|p1a: Annihilape|Drain Punch|p2a: Urshifu\n|-damage|p2a: Urshifu|37\/100\n|-heal|p1a: Annihilape|100\/100|[from] drain|[of] p2a: Urshifu\n|move|p1b: Calyrex|Glacial Lance|p2a: Urshifu|[spread] p2a,p2b\n|-resisted|p2a: Urshifu\n|-damage|p2a: Urshifu|20\/100\n|-damage|p2b: Iron Hands|7\/100\n|move|p2b: Iron Hands|Drain Punch|p1b: Calyrex\n|-damage|p1b: Calyrex|0 fnt\n|-heal|p2b: Iron Hands|9\/100|[from] drain|[of] p1b: Calyrex\n|faint|p1b: Calyrex\n|\n|-sideend|p1: elite4gebe|Reflect\n|upkeep\n|\n|t:|1719526017\n|switch|p1b: Iron Valiant|Iron Valiant, L50|100\/100\n|turn|7\n|\n|t:|1719526025\n|-end|p2b: Iron Hands|Quark Drive|[silent]\n|switch|p2b: Grimmsnarl|Grimmsnarl, L50, M|58\/100\n|move|p2a: Urshifu|Detect|p2a: Urshifu\n|-singleturn|p2a: Urshifu|Protect\n|move|p1b: Iron Valiant|Moonblast|p2a: Urshifu\n|-activate|p2a: Urshifu|move: Protect\n|move|p1a: Annihilape|Drain Punch|p2b: Grimmsnarl\n|-damage|p2b: Grimmsnarl|26\/100\n|\n|-sideend|p1: elite4gebe|move: Light Screen\n|upkeep\n|turn|8\n|\n|t:|1719526049\n|move|p2b: Grimmsnarl|Thunder Wave|p1b: Iron Valiant|[miss]\n|-miss|p2b: Grimmsnarl|p1b: Iron Valiant\n|move|p1b: Iron Valiant|Moonblast|p2b: Grimmsnarl\n|-supereffective|p2b: Grimmsnarl\n|-damage|p2b: Grimmsnarl|0 fnt\n|faint|p2b: Grimmsnarl\n|move|p2a: Urshifu|Surging Strikes|p1b: Iron Valiant\n|-crit|p1b: Iron Valiant\n|-damage|p1b: Iron Valiant|76\/100\n|-crit|p1b: Iron Valiant\n|-damage|p1b: Iron Valiant|47\/100\n|-crit|p1b: Iron Valiant\n|-damage|p1b: Iron Valiant|22\/100\n|-hitcount|p1b: Iron Valiant|3\n|move|p1a: Annihilape|Drain Punch|p2a: Urshifu\n|-damage|p2a: Urshifu|0 fnt\n|faint|p2a: Urshifu\n|\n|upkeep\n|\n|t:|1719526055\n|switch|p2a: Iron Hands|Iron Hands, L50|9\/100\n|switch|p2b: Terapagos|Terapagos, L50, M|100\/100\n|-activate|p2b: Terapagos|ability: Tera Shift\n|detailschange|p2b: Terapagos|Terapagos-Terastal, L50, M\n|-heal|p2b: Terapagos|100\/100|[silent]\n|turn|9\n|\n|t:|1719526076\n|move|p1b: Iron Valiant|Wide Guard|p1b: Iron Valiant\n|-singleturn|p1b: Iron Valiant|Wide Guard\n|move|p2a: Iron Hands|Fake Out|p1a: Annihilape\n|-damage|p1a: Annihilape|90\/100\n|move|p2b: Terapagos|Tera Starstorm|p1b: Iron Valiant\n|-damage|p1b: Iron Valiant|0 fnt\n|faint|p1b: Iron Valiant\n|-end|p1b: Iron Valiant|Quark Drive|[silent]\n|cant|p1a: Annihilape|flinch\n|\n|-sideend|p2: turtleschampion|Reflect\n|upkeep\n|turn|10\n|\n|t:|1719526089\n|-terastallize|p2b: Terapagos|Stellar\n|detailschange|p2b: Terapagos|Terapagos-Stellar, L50, M, tera:Stellar\n|-heal|p2b: Terapagos|100\/100|[silent]\n|move|p2b: Terapagos|Tera Starstorm|p1a: Annihilape\n|-supereffective|p1a: Annihilape\n|-damage|p1a: Annihilape|0 fnt\n|faint|p1a: Annihilape\n|\n|win|turtleschampion\n|raw|elite4gebe's rating: 1701 &rarr; <strong>1682<\/strong><br \/>(-19 for losing)\n|raw|turtleschampion's rating: 1714 &rarr; <strong>1733<\/strong><br \/>(+19 for winning)\n|l| 21shark\n|l|\u2606turtleschampion\n|player|p2|\n","uploadtime":1719526296,"views":32,"formatid":"gen9vgc2024regg","rating":1682,"private":0,"password":null}