{"id":"gen9vgc2024regg-2151430344","format":"[Gen 9] VGC 2024 Reg G","players":["something123","yuzuda"],"log":"|j|\u2606something123\n|j|\u2606yuzuda\n|t:|1719554244\n|gametype|doubles\n|player|p1|something123|170|1774\n|player|p2|yuzuda|102|1722\n|teamsize|p1|6\n|teamsize|p2|6\n|gen|9\n|tier|[Gen 9] VGC 2024 Reg G\n|rated|\n|rule|Species Clause: Limit one of each Pok\u00e9mon\n|rule|Item Clause: Limit one of each item\n|clearpoke\n|poke|p1|Chandelure, L50, F|\n|poke|p1|Moltres-Galar, L50|\n|poke|p1|Rillaboom, L50, M|\n|poke|p1|Chien-Pao, L50|\n|poke|p1|Zamazenta-*, L50|\n|poke|p1|Flutter Mane, L50|\n|poke|p2|Zamazenta-*, L50|\n|poke|p2|Urshifu-*, L50, F|\n|poke|p2|Ting-Lu, L50|\n|poke|p2|Sableye, L50, M|\n|poke|p2|Rillaboom, L50, M|\n|poke|p2|Raging Bolt, L50|\n|teampreview|4\n|inactive|Battle timer is ON: inactive players will automatically lose when time's up. (requested by yuzuda)\n|inactive|something123 has 60 seconds left.\n|inactive|something123 has 30 seconds left.\n|\n|t:|1719554307\n|start\n|switch|p1a: Rillaboom|Rillaboom, L50, M|100\/100\n|switch|p1b: Chien-Pao|Chien-Pao, L50|100\/100\n|switch|p2a: Sableye|Sableye, L50, M|100\/100\n|switch|p2b: Urshifu|Urshifu-Rapid-Strike, L50, F|100\/100\n|-ability|p1b: Chien-Pao|Sword of Ruin\n|-fieldstart|move: Grassy Terrain|[from] ability: Grassy Surge|[of] p1a: Rillaboom\n|turn|1\n|\n|t:|1719554328\n|move|p2a: Sableye|Fake Out|p1b: Chien-Pao\n|-damage|p1b: Chien-Pao|91\/100\n|move|p1a: Rillaboom|Grassy Glide|p2b: Urshifu\n|-supereffective|p2b: Urshifu\n|-damage|p2b: Urshifu|0 fnt\n|faint|p2b: Urshifu\n|cant|p1b: Chien-Pao|flinch\n|\n|-heal|p1b: Chien-Pao|97\/100|[from] Grassy Terrain\n|upkeep\n|\n|t:|1719554339\n|switch|p2b: Zamazenta|Zamazenta-Crowned, L50|100\/100\n|-ability|p2b: Zamazenta|Dauntless Shield|boost\n|-boost|p2b: Zamazenta|def|1\n|turn|2\n|j| autumdog\n|inactive|something123 has 30 seconds left.\n|inactive|something123 has 20 seconds left.\n|inactive|something123 has 15 seconds left.\n|\n|t:|1719554380\n|-terastallize|p1a: Rillaboom|Grass\n|move|p1a: Rillaboom|Grassy Glide|p2a: Sableye\n|-damage|p2a: Sableye|0 fnt\n|faint|p2a: Sableye\n|move|p1b: Chien-Pao|Sacred Sword|p2b: Zamazenta\n|-supereffective|p2b: Zamazenta\n|-damage|p2b: Zamazenta|59\/100\n|move|p2b: Zamazenta|Iron Defense|p2b: Zamazenta\n|-boost|p2b: Zamazenta|def|2\n|\n|-heal|p1b: Chien-Pao|100\/100|[from] Grassy Terrain\n|-heal|p2b: Zamazenta|65\/100|[from] Grassy Terrain\n|upkeep\n|\n|t:|1719554395\n|switch|p2a: Ting-Lu|Ting-Lu, L50|100\/100\n|-ability|p2a: Ting-Lu|Vessel of Ruin\n|turn|3\n|\n|t:|1719554416\n|switch|p1a: Flutter Mane|Flutter Mane, L50|100\/100\n|-enditem|p1a: Flutter Mane|Booster Energy\n|-activate|p1a: Flutter Mane|ability: Protosynthesis|[fromitem]\n|-start|p1a: Flutter Mane|protosynthesisspe\n|-terastallize|p2a: Ting-Lu|Poison\n|move|p1b: Chien-Pao|Protect|p1b: Chien-Pao\n|-singleturn|p1b: Chien-Pao|Protect\n|move|p2b: Zamazenta|Body Press|p1a: Flutter Mane\n|-immune|p1a: Flutter Mane\n|move|p2a: Ting-Lu|Heavy Slam|p1b: Chien-Pao\n|-activate|p1b: Chien-Pao|move: Protect\n|\n|-heal|p2b: Zamazenta|71\/100|[from] Grassy Terrain\n|upkeep\n|turn|4\n|inactive|something123 has 30 seconds left.\n|inactive|yuzuda has 30 seconds left.\n|inactive|something123 has 20 seconds left.\n|inactive|something123 has 15 seconds left.\n|\n|t:|1719554459\n|move|p1a: Flutter Mane|Protect|p1a: Flutter Mane\n|-singleturn|p1a: Flutter Mane|Protect\n|move|p2b: Zamazenta|Protect|p2b: Zamazenta\n|-singleturn|p2b: Zamazenta|Protect\n|move|p1b: Chien-Pao|Icicle Crash|p2a: Ting-Lu\n|-damage|p2a: Ting-Lu|67\/100\n|cant|p2a: Ting-Lu|flinch\n|\n|-heal|p2b: Zamazenta|77\/100|[from] Grassy Terrain\n|-heal|p2a: Ting-Lu|73\/100|[from] Grassy Terrain\n|upkeep\n|turn|5\n|\n|t:|1719554475\n|move|p1a: Flutter Mane|Thunder Wave|p2b: Zamazenta\n|-status|p2b: Zamazenta|par\n|move|p1b: Chien-Pao|Sacred Sword|p2b: Zamazenta\n|-supereffective|p2b: Zamazenta\n|-damage|p2b: Zamazenta|36\/100 par\n|move|p2b: Zamazenta|Body Press|p1b: Chien-Pao\n|-supereffective|p1b: Chien-Pao\n|-enditem|p1b: Chien-Pao|Focus Sash\n|-damage|p1b: Chien-Pao|1\/100\n|move|p2a: Ting-Lu|Heavy Slam|p1a: Flutter Mane\n|-supereffective|p1a: Flutter Mane\n|-damage|p1a: Flutter Mane|0 fnt\n|faint|p1a: Flutter Mane\n|-end|p1a: Flutter Mane|Protosynthesis|[silent]\n|\n|-heal|p1b: Chien-Pao|7\/100|[from] Grassy Terrain\n|-heal|p2b: Zamazenta|42\/100 par|[from] Grassy Terrain\n|-heal|p2a: Ting-Lu|79\/100|[from] Grassy Terrain\n|-fieldend|move: Grassy Terrain\n|upkeep\n|\n|t:|1719554491\n|switch|p1a: Rillaboom|Rillaboom, L50, M, tera:Grass|100\/100\n|-fieldstart|move: Grassy Terrain|[from] ability: Grassy Surge|[of] p1a: Rillaboom\n|turn|6\n|\n|t:|1719554508\n|move|p1b: Chien-Pao|Sacred Sword|p2b: Zamazenta\n|-supereffective|p2b: Zamazenta\n|-damage|p2b: Zamazenta|0 fnt\n|faint|p2b: Zamazenta\n|move|p1a: Rillaboom|Wood Hammer|p2a: Ting-Lu\n|-resisted|p2a: Ting-Lu\n|-damage|p2a: Ting-Lu|9\/100\n|-damage|p1a: Rillaboom|70\/100|[from] Recoil\n|move|p2a: Ting-Lu|Stomping Tantrum|p1b: Chien-Pao\n|-damage|p1b: Chien-Pao|0 fnt\n|faint|p1b: Chien-Pao\n|\n|-heal|p1a: Rillaboom|76\/100|[from] Grassy Terrain\n|-heal|p2a: Ting-Lu|15\/100|[from] Grassy Terrain\n|upkeep\n|\n|t:|1719554515\n|switch|p1b: Zamazenta|Zamazenta-Crowned, L50|100\/100\n|-ability|p1b: Zamazenta|Dauntless Shield|boost\n|-boost|p1b: Zamazenta|def|1\n|turn|7\n|-message|yuzuda forfeited.\n|\n|win|something123\n|raw|something123's rating: 1774 &rarr; <strong>1791<\/strong><br \/>(+17 for winning)\n|raw|yuzuda's rating: 1722 &rarr; <strong>1705<\/strong><br \/>(-17 for losing)\n|l|\u2606yuzuda\n|player|p2|\n|l|\u2606something123\n|player|p1|\n","uploadtime":1719554794,"views":42,"formatid":"gen9vgc2024regg","rating":1705,"private":0,"password":null}