{"id":"gen9vgc2024regg-2151569028","format":"[Gen 9] VGC 2024 Reg G","players":["I'll Suicad you","cookingmaster"],"log":"|j|\u2606I'll Suicad you\n|j|\u2606cookingmaster\n|t:|1719580323\n|gametype|doubles\n|player|p1|I'll Suicad you|lance|1749\n|player|p2|cookingmaster|102|1772\n|teamsize|p1|6\n|teamsize|p2|6\n|gen|9\n|tier|[Gen 9] VGC 2024 Reg G\n|rated|\n|rule|Species Clause: Limit one of each Pok\u00e9mon\n|rule|Item Clause: Limit one of each item\n|clearpoke\n|poke|p1|Iron Hands, L50|\n|poke|p1|Tornadus, L50, M|\n|poke|p1|Miraidon, L50|\n|poke|p1|Farigiraf, L50, F|\n|poke|p1|Urshifu-*, L50, F|\n|poke|p1|Chi-Yu, L50|\n|poke|p2|Calyrex-Ice, L50|\n|poke|p2|Chi-Yu, L50|\n|poke|p2|Raging Bolt, L50|\n|poke|p2|Annihilape, L50, F|\n|poke|p2|Dondozo, L50, M|\n|poke|p2|Tatsugiri-Droopy, L50, M|\n|teampreview|4\n|inactive|Battle timer is ON: inactive players will automatically lose when time's up. (requested by cookingmaster)\ncookingmaster rejected open team sheets.\n|\n|t:|1719580362\n|start\n|switch|p1a: Urshifu|Urshifu, L50, F|100\/100\n|switch|p1b: Iron Hands|Iron Hands, L50|100\/100\n|switch|p2a: Chi-Yu|Chi-Yu, L50|100\/100\n|switch|p2b: Raging Bolt|Raging Bolt, L50|100\/100\n|-ability|p2a: Chi-Yu|Beads of Ruin\n|turn|1\n|\n|t:|1719580379\n|switch|p2a: Annihilape|Annihilape, L50, F|100\/100\n|move|p1b: Iron Hands|Fake Out|p2b: Raging Bolt\n|-damage|p2b: Raging Bolt|88\/100\n|move|p1a: Urshifu|Close Combat|p2a: Annihilape\n|-immune|p2a: Annihilape\n|cant|p2b: Raging Bolt|flinch\n|\n|upkeep\n|turn|2\n|\n|t:|1719580395\n|move|p1a: Urshifu|Wicked Blow|p2b: Raging Bolt\n|-crit|p2b: Raging Bolt\n|-damage|p2b: Raging Bolt|32\/100\n|move|p2a: Annihilape|Brick Break|p1a: Urshifu\n|-supereffective|p1a: Urshifu\n|-damage|p1a: Urshifu|24\/100\n|move|p1b: Iron Hands|Close Combat|p2b: Raging Bolt\n|-damage|p2b: Raging Bolt|0 fnt\n|-unboost|p1b: Iron Hands|def|1\n|-unboost|p1b: Iron Hands|spd|1\n|faint|p2b: Raging Bolt\n|-end|p2b: Raging Bolt|Protosynthesis|[silent]\n|\n|upkeep\n|\n|t:|1719580406\n|switch|p2b: Chi-Yu|Chi-Yu, L50|100\/100\n|-ability|p2b: Chi-Yu|Beads of Ruin\n|turn|3\n|\n|t:|1719580413\n|-end|p1b: Iron Hands|Quark Drive|[silent]\n|switch|p1b: Chi-Yu|Chi-Yu, L50|100\/100\n|-ability|p1b: Chi-Yu|Beads of Ruin\n|move|p1a: Urshifu|Protect|p1a: Urshifu\n|-singleturn|p1a: Urshifu|Protect\n|move|p2b: Chi-Yu|Heat Wave|p1a: Urshifu|[spread] \n|-activate|p1a: Urshifu|move: Protect\n|-miss|p2b: Chi-Yu|p1b: Chi-Yu\n|move|p2a: Annihilape|Brick Break|p1b: Chi-Yu\n|-supereffective|p1b: Chi-Yu\n|-damage|p1b: Chi-Yu|0 fnt\n|faint|p1b: Chi-Yu\n|\n|upkeep\n|\n|t:|1719580417\n|switch|p1b: Miraidon|Miraidon, L50|100\/100\n|-fieldstart|move: Electric Terrain|[from] ability: Hadron Engine|[of] p1b: Miraidon\n|turn|4\n|j| THUNDERSND77\n|\n|t:|1719580433\n|-terastallize|p1b: Miraidon|Electric\n|move|p2b: Chi-Yu|Heat Wave|p1a: Urshifu|[spread] p1b\n|-miss|p2b: Chi-Yu|p1a: Urshifu\n|-damage|p1b: Miraidon|61\/100\n|move|p1b: Miraidon|Volt Switch|p2a: Annihilape\n|-enditem|p2a: Annihilape|Focus Sash\n|-damage|p2a: Annihilape|1\/100\n|\n|t:|1719580442\n|switch|p1b: Iron Hands|Iron Hands, L50|100\/100|[from] Volt Switch\n|-activate|p1b: Iron Hands|ability: Quark Drive\n|-start|p1b: Iron Hands|quarkdriveatk\n|move|p1a: Urshifu|Close Combat|p2b: Chi-Yu\n|-supereffective|p2b: Chi-Yu\n|-damage|p2b: Chi-Yu|0 fnt\n|-unboost|p1a: Urshifu|def|1\n|-unboost|p1a: Urshifu|spd|1\n|faint|p2b: Chi-Yu\n|move|p2a: Annihilape|Rage Fist|p1b: Iron Hands\n|-damage|p1b: Iron Hands|64\/100\n|\n|upkeep\n|\n|t:|1719580444\n|switch|p2b: Calyrex|Calyrex-Ice, L50|100\/100\n|-ability|p2b: Calyrex|As One\n|-ability|p2b: Calyrex|Unnerve\n|turn|5\n|\n|t:|1719580469\n|-terastallize|p2b: Calyrex|Normal\n|move|p1b: Iron Hands|Fake Out|p2b: Calyrex\n|-damage|p2b: Calyrex|90\/100\n|move|p1a: Urshifu|Wicked Blow|p2a: Annihilape\n|-crit|p2a: Annihilape\n|-damage|p2a: Annihilape|0 fnt\n|faint|p2a: Annihilape\n|cant|p2b: Calyrex|flinch\n|\n|upkeep\n|turn|6\n|\n|t:|1719580476\n|move|p1a: Urshifu|Close Combat|p2b: Calyrex\n|-supereffective|p2b: Calyrex\n|-damage|p2b: Calyrex|8\/100\n|-unboost|p1a: Urshifu|def|1\n|-unboost|p1a: Urshifu|spd|1\n|move|p1b: Iron Hands|Close Combat|p2b: Calyrex\n|-supereffective|p2b: Calyrex\n|-damage|p2b: Calyrex|0 fnt\n|-unboost|p1b: Iron Hands|def|1\n|-unboost|p1b: Iron Hands|spd|1\n|faint|p2b: Calyrex\n|\n|win|I'll Suicad you\n|raw|I&apos;ll Suicad you's rating: 1749 &rarr; <strong>1770<\/strong><br \/>(+21 for winning)\n|raw|cookingmaster's rating: 1772 &rarr; <strong>1751<\/strong><br \/>(-21 for losing)\n|l|\u2606cookingmaster\n|player|p2|\n|l| THUNDERSND77\n","uploadtime":1719580614,"views":72,"formatid":"gen9vgc2024regg","rating":1751,"private":0,"password":null}