{"id":"gen9vgc2024regg-2152559978","format":"[Gen 9] VGC 2024 Reg G","players":["seung2742","ccc2014"],"log":"|j|\u2606seung2742\n|j|\u2606ccc2014\n|t:|1719731287\n|gametype|doubles\n|player|p1|seung2742|2|1692\n|player|p2|ccc2014|dawn|1737\n|teamsize|p1|6\n|teamsize|p2|6\n|gen|9\n|tier|[Gen 9] VGC 2024 Reg G\n|rated|\n|rule|Species Clause: Limit one of each Pok\u00e9mon\n|rule|Item Clause: Limit one of each item\n|clearpoke\n|poke|p1|Calyrex-Shadow, L50|\n|poke|p1|Whimsicott, L50, F|\n|poke|p1|Raging Bolt, L50|\n|poke|p1|Chi-Yu, L50|\n|poke|p1|Rillaboom, L50, F|\n|poke|p1|Urshifu-*, L50, M|\n|poke|p2|Urshifu-*, L50, M|\n|poke|p2|Pelipper, L50, M|\n|poke|p2|Incineroar, L50, M|\n|poke|p2|Rillaboom, L50, M|\n|poke|p2|Calyrex-Ice, L50|\n|poke|p2|Raging Bolt, L50|\n|teampreview|4\n|inactive|Battle timer is ON: inactive players will automatically lose when time's up. (requested by seung2742)\n|inactive|ccc2014 has 60 seconds left.\n|inactive|ccc2014 has 30 seconds left.\n|\n|t:|1719731350\n|start\n|switch|p1a: Whimsicott|Whimsicott, L50, F|100\/100\n|switch|p1b: Chi-Yu|Chi-Yu, L50|100\/100\n|switch|p2a: Calyrex|Calyrex-Ice, L50|100\/100\n|switch|p2b: Incineroar|Incineroar, L50, M, shiny|100\/100\n|-ability|p2a: Calyrex|As One\n|-ability|p2a: Calyrex|Unnerve\n|-ability|p1b: Chi-Yu|Beads of Ruin\n|-ability|p2b: Incineroar|Intimidate|boost\n|-unboost|p1a: Whimsicott|atk|1\n|-unboost|p1b: Chi-Yu|atk|1\n|turn|1\n|inactive|ccc2014 has 30 seconds left.\n|inactive|ccc2014 has 20 seconds left.\n|inactive|ccc2014 has 15 seconds left.\n|inactive|ccc2014 has 10 seconds left.\n|\n|t:|1719731399\n|-terastallize|p2a: Calyrex|Water\n|move|p1a: Whimsicott|Sunny Day|p1a: Whimsicott\n|-weather|SunnyDay\n|move|p1b: Chi-Yu|Heat Wave|p2b: Incineroar|[spread] p2a,p2b\n|-resisted|p2a: Calyrex\n|-resisted|p2b: Incineroar\n|-damage|p2a: Calyrex|67\/100\n|-damage|p2b: Incineroar|48\/100\n|move|p2b: Incineroar|Parting Shot|p1b: Chi-Yu\n|-unboost|p1b: Chi-Yu|atk|1\n|-unboost|p1b: Chi-Yu|spa|1\n|\n|t:|1719731415\n|switch|p2b: Rillaboom|Rillaboom, L50, M|100\/100|[from] Parting Shot\n|-fieldstart|move: Grassy Terrain|[from] ability: Grassy Surge|[of] p2b: Rillaboom\n|move|p2a: Calyrex|Glacial Lance|p1b: Chi-Yu|[spread] p1a,p1b\n|-supereffective|p1a: Whimsicott\n|-resisted|p1b: Chi-Yu\n|-damage|p1a: Whimsicott|0 fnt\n|-damage|p1b: Chi-Yu|52\/100\n|faint|p1a: Whimsicott\n|-ability|p2a: Calyrex|Chilling Neigh|boost\n|-boost|p2a: Calyrex|atk|1\n|\n|-weather|SunnyDay|[upkeep]\n|-heal|p1b: Chi-Yu|59\/100|[from] Grassy Terrain\n|-heal|p2a: Calyrex|73\/100|[from] Grassy Terrain\n|upkeep\n|\n|t:|1719731423\n|switch|p1a: Calyrex|Calyrex-Shadow, L50|100\/100\n|-ability|p1a: Calyrex|As One\n|-ability|p1a: Calyrex|Unnerve\n|turn|2\n|inactive|ccc2014 has 30 seconds left.\n|inactive|ccc2014 has 20 seconds left.\n|inactive|ccc2014 has 15 seconds left.\n|inactive|ccc2014 has 10 seconds left.\n|\n|t:|1719731471\n|move|p2b: Rillaboom|Fake Out|p1b: Chi-Yu\n|-damage|p1b: Chi-Yu|36\/100\n|move|p1a: Calyrex|Astral Barrage|p2a: Calyrex|[spread] p2a,p2b\n|-damage|p2a: Calyrex|23\/100\n|-damage|p2b: Rillaboom|40\/100\n|cant|p1b: Chi-Yu|flinch\n|move|p2a: Calyrex|Glacial Lance|p1a: Calyrex|[spread] p1a,p1b\n|-resisted|p1b: Chi-Yu\n|-enditem|p1a: Calyrex|Focus Sash\n|-damage|p1a: Calyrex|1\/100\n|-damage|p1b: Chi-Yu|0 fnt\n|faint|p1b: Chi-Yu\n|-ability|p2a: Calyrex|Chilling Neigh|boost\n|-boost|p2a: Calyrex|atk|1\n|\n|-weather|SunnyDay|[upkeep]\n|-heal|p1a: Calyrex|7\/100|[from] Grassy Terrain\n|-heal|p2b: Rillaboom|46\/100|[from] Grassy Terrain\n|-heal|p2a: Calyrex|29\/100|[from] Grassy Terrain\n|upkeep\n|\n|t:|1719731480\n|switch|p1b: Raging Bolt|Raging Bolt, L50|100\/100\n|-activate|p1b: Raging Bolt|ability: Protosynthesis\n|-start|p1b: Raging Bolt|protosynthesisspa\n|turn|3\n|inactive|ccc2014 has 30 seconds left.\n|inactive|ccc2014 has 20 seconds left.\n|inactive|ccc2014 has 15 seconds left.\n|inactive|ccc2014 has 10 seconds left.\n|\n|t:|1719731529\n|move|p1a: Calyrex|Protect|p1a: Calyrex\n|-singleturn|p1a: Calyrex|Protect\n|move|p2b: Rillaboom|Grassy Glide|p1a: Calyrex\n|-activate|p1a: Calyrex|move: Protect\n|move|p1b: Raging Bolt|Electroweb|p2b: Rillaboom|[spread] p2a,p2b\n|-supereffective|p2a: Calyrex\n|-resisted|p2b: Rillaboom\n|-damage|p2a: Calyrex|0 fnt\n|-damage|p2b: Rillaboom|34\/100\n|-unboost|p2b: Rillaboom|spe|1\n|faint|p2a: Calyrex\n|\n|-weather|SunnyDay|[upkeep]\n|-heal|p1a: Calyrex|12\/100|[from] Grassy Terrain\n|-heal|p2b: Rillaboom|40\/100|[from] Grassy Terrain\n|upkeep\n|j| Auryz\n|l| Auryz\n|\n|t:|1719731547\n|switch|p2a: Incineroar|Incineroar, L50, M, shiny|48\/100\n|-ability|p2a: Incineroar|Intimidate|boost\n|-unboost|p1a: Calyrex|atk|1\n|-unboost|p1b: Raging Bolt|atk|1\n|turn|4\n|\n|t:|1719731567\n|move|p1a: Calyrex|Protect||[still]\n|-fail|p1a: Calyrex\n|move|p2a: Incineroar|Fake Out|p1b: Raging Bolt\n|-damage|p1b: Raging Bolt|91\/100\n|move|p2b: Rillaboom|Grassy Glide|p1a: Calyrex\n|-damage|p1a: Calyrex|0 fnt\n|faint|p1a: Calyrex\n|cant|p1b: Raging Bolt|flinch\n|\n|-weather|SunnyDay|[upkeep]\n|-heal|p2a: Incineroar|54\/100|[from] Grassy Terrain\n|-heal|p1b: Raging Bolt|97\/100|[from] Grassy Terrain\n|-heal|p2b: Rillaboom|46\/100|[from] Grassy Terrain\n|upkeep\n|turn|5\n|c|\u2606ccc2014|sb\n|inactive|ccc2014 has 30 seconds left.\n|inactive|ccc2014 has 20 seconds left.\n|\n|t:|1719731602\n|move|p2a: Incineroar|Parting Shot|p1b: Raging Bolt\n|-unboost|p1b: Raging Bolt|atk|1\n|-unboost|p1b: Raging Bolt|spa|1\n|\n|t:|1719731606\n|switch|p2a: Urshifu|Urshifu-Rapid-Strike, L50, M|100\/100|[from] Parting Shot\n|move|p1b: Raging Bolt|Draco Meteor|p2a: Urshifu\n|-damage|p2a: Urshifu|3\/100\n|-unboost|p1b: Raging Bolt|spa|2\n|move|p2b: Rillaboom|U-turn|p1b: Raging Bolt\n|-crit|p1b: Raging Bolt\n|-damage|p1b: Raging Bolt|66\/100\n|\n|t:|1719731616\n|switch|p2b: Incineroar|Incineroar, L50, M, shiny|54\/100|[from] U-turn\n|-ability|p2b: Incineroar|Intimidate|boost\n|-unboost|p1b: Raging Bolt|atk|1\n|\n|-weather|none\n|-end|p1b: Raging Bolt|Protosynthesis\n|-heal|p2a: Urshifu|10\/100|[from] Grassy Terrain\n|-heal|p2b: Incineroar|60\/100|[from] Grassy Terrain\n|-heal|p1b: Raging Bolt|72\/100|[from] Grassy Terrain\n|-fieldend|move: Grassy Terrain\n|upkeep\n|turn|6\n|-message|seung2742 forfeited.\n|\n|win|ccc2014\n|raw|seung2742's rating: 1692 &rarr; <strong>1675<\/strong><br \/>(-17 for losing)\n|raw|ccc2014's rating: 1737 &rarr; <strong>1754<\/strong><br \/>(+17 for winning)\n|l|\u2606seung2742\n|player|p1|\n|j|\u2606seung2742\n|player|p1|seung2742|2|\n|l|\u2606seung2742\n|player|p1|\n|l|\u2606ccc2014\n|player|p2|\n","uploadtime":1719731810,"views":12,"formatid":"gen9vgc2024regg","rating":1675,"private":0,"password":null}