{"id":"gen9vgc2024regg-2152073464","format":"[Gen 9] VGC 2024 Reg G","players":["BapeChiangP","Rafa1000"],"log":"|j|\u2606BapeChiangP\n|j|\u2606Rafa1000\n|t:|1719655430\n|gametype|doubles\n|player|p1|BapeChiangP|169|1741\n|player|p2|Rafa1000|2|1685\n|teamsize|p1|6\n|teamsize|p2|6\n|gen|9\n|tier|[Gen 9] VGC 2024 Reg G\n|rated|\n|rule|Species Clause: Limit one of each Pok\u00e9mon\n|rule|Item Clause: Limit one of each item\n|clearpoke\n|poke|p1|Koraidon, L50|\n|poke|p1|Flutter Mane, L50|\n|poke|p1|Incineroar, L50, M|\n|poke|p1|Ogerpon-Cornerstone, L50, F|\n|poke|p1|Gholdengo, L50|\n|poke|p1|Grimmsnarl, L50, M|\n|poke|p2|Raging Bolt, L50|\n|poke|p2|Urshifu-*, L50, F|\n|poke|p2|Ogerpon-Cornerstone, L50, F|\n|poke|p2|Calyrex-Ice, L50|\n|poke|p2|Iron Valiant, L50|\n|poke|p2|Pelipper, L50, M|\n|teampreview|4\n|j| reanschawrzer\nBapeChiangP has agreed to open team sheets.\n|inactive|Battle timer is ON: inactive players will automatically lose when time's up. (requested by BapeChiangP)\n|\n|t:|1719655501\n|start\n|switch|p1a: Grimmsnarl|Grimmsnarl, L50, M, shiny|100\/100\n|switch|p1b: Ogerpon|Ogerpon-Cornerstone, L50, F|100\/100\n|switch|p2a: Calyrex|Calyrex-Ice, L50|100\/100\n|switch|p2b: Pelipper|Pelipper, L50, M|100\/100\n|-ability|p2a: Calyrex|As One\n|-ability|p2a: Calyrex|Unnerve\n|-weather|RainDance|[from] ability: Drizzle|[of] p2b: Pelipper\n|turn|1\n|j| ElTrifone\n|\n|t:|1719655525\n|move|p1a: Grimmsnarl|Reflect|p1a: Grimmsnarl\n|-sidestart|p1: BapeChiangP|Reflect\n|move|p1b: Ogerpon|Ivy Cudgel|p2b: Pelipper|[anim] Ivy Cudgel Rock\n|-supereffective|p2b: Pelipper\n|-damage|p2b: Pelipper|0 fnt\n|faint|p2b: Pelipper\n|move|p2a: Calyrex|Glacial Lance|p1a: Grimmsnarl|[spread] p1a,p1b\n|-supereffective|p1b: Ogerpon\n|-damage|p1a: Grimmsnarl|54\/100\n|-ability|p1b: Ogerpon|Sturdy\n|-damage|p1b: Ogerpon|1\/100\n|\n|-weather|RainDance|[upkeep]\n|upkeep\n|l| reanschawrzer\n|\n|t:|1719655536\n|switch|p2b: Raging Bolt|Raging Bolt, L50|100\/100\n|turn|2\n|\n|t:|1719655549\n|move|p1b: Ogerpon|Spiky Shield|p1b: Ogerpon\n|-singleturn|p1b: Ogerpon|move: Protect\n|move|p2b: Raging Bolt|Thunderclap||[still]\n|-fail|p2b: Raging Bolt\n|move|p2a: Calyrex|Glacial Lance|p1a: Grimmsnarl|[spread] p1a\n|-activate|p1b: Ogerpon|move: Protect\n|-damage|p1a: Grimmsnarl|11\/100\n|move|p1a: Grimmsnarl|Foul Play|p2a: Calyrex\n|-supereffective|p2a: Calyrex\n|-damage|p2a: Calyrex|14\/100\n|\n|-weather|RainDance|[upkeep]\n|upkeep\n|turn|3\n|\n|t:|1719655567\n|move|p2b: Raging Bolt|Thunderclap|p1b: Ogerpon\n|-resisted|p1b: Ogerpon\n|-damage|p1b: Ogerpon|0 fnt\n|faint|p1b: Ogerpon\n|-damage|p2b: Raging Bolt|91\/100|[from] item: Life Orb\n|move|p1a: Grimmsnarl|Thunder Wave|p2a: Calyrex|[miss]\n|-miss|p1a: Grimmsnarl|p2a: Calyrex\n|move|p2a: Calyrex|Glacial Lance|p1a: Grimmsnarl\n|-damage|p1a: Grimmsnarl|0 fnt\n|faint|p1a: Grimmsnarl\n|-ability|p2a: Calyrex|Chilling Neigh|boost\n|-boost|p2a: Calyrex|atk|1\n|\n|-weather|RainDance|[upkeep]\n|upkeep\n|\n|t:|1719655580\n|switch|p1b: Gholdengo|Gholdengo, L50|100\/100\n|switch|p1a: Koraidon|Koraidon, L50|100\/100\n|-weather|SunnyDay|[from] ability: Orichalcum Pulse|[of] p1a: Koraidon\n|-activate|p2b: Raging Bolt|ability: Protosynthesis\n|-start|p2b: Raging Bolt|protosynthesisspa\n|-activate|p1a: Koraidon|Orichalcum Pulse|[source]\n|turn|4\n|l| ElTrifone\n|inactive|Rafa1000 has 30 seconds left.\n|\n|t:|1719655609\n|-terastallize|p1a: Koraidon|Fire\n|-terastallize|p2b: Raging Bolt|Electric\n|move|p2b: Raging Bolt|Thunderclap|p1b: Gholdengo\n|-damage|p1b: Gholdengo|9\/100\n|-damage|p2b: Raging Bolt|81\/100|[from] item: Life Orb\n|move|p1a: Koraidon|Collision Course|p2a: Calyrex\n|-damage|p2a: Calyrex|0 fnt\n|faint|p2a: Calyrex\n|move|p1b: Gholdengo|Shadow Ball|p2b: Raging Bolt\n|-damage|p2b: Raging Bolt|24\/100\n|-unboost|p2b: Raging Bolt|spd|1\n|\n|-weather|SunnyDay|[upkeep]\n|upkeep\n|\n|t:|1719655620\n|switch|p2a: Urshifu|Urshifu-Rapid-Strike, L50, F|100\/100\n|turn|5\n|inactive|Rafa1000 has 30 seconds left.\n|\n|t:|1719655650\n|move|p2a: Urshifu|Detect|p2a: Urshifu\n|-singleturn|p2a: Urshifu|Protect\n|move|p2b: Raging Bolt|Thunderclap|p1b: Gholdengo\n|-damage|p1b: Gholdengo|0 fnt\n|faint|p1b: Gholdengo\n|-damage|p2b: Raging Bolt|14\/100|[from] item: Life Orb\n|move|p1a: Koraidon|Collision Course|p2a: Urshifu\n|-activate|p2a: Urshifu|move: Protect\n|\n|-weather|SunnyDay|[upkeep]\n|-sideend|p1: BapeChiangP|Reflect\n|upkeep\n|turn|6\n|\n|t:|1719655669\n|move|p1a: Koraidon|Collision Course|p2b: Raging Bolt\n|-damage|p2b: Raging Bolt|0 fnt\n|faint|p2b: Raging Bolt\n|-end|p2b: Raging Bolt|Protosynthesis|[silent]\n|move|p2a: Urshifu|Surging Strikes|p1a: Koraidon\n|-supereffective|p1a: Koraidon\n|-crit|p1a: Koraidon\n|-damage|p1a: Koraidon|83\/100\n|-supereffective|p1a: Koraidon\n|-crit|p1a: Koraidon\n|-damage|p1a: Koraidon|65\/100\n|-supereffective|p1a: Koraidon\n|-crit|p1a: Koraidon\n|-damage|p1a: Koraidon|47\/100\n|-hitcount|p1a: Koraidon|3\n|\n|-weather|SunnyDay|[upkeep]\n|upkeep\n|turn|7\n|\n|t:|1719655684\n|move|p2a: Urshifu|Detect|p2a: Urshifu\n|-singleturn|p2a: Urshifu|Protect\n|move|p1a: Koraidon|Swords Dance|p1a: Koraidon\n|-boost|p1a: Koraidon|atk|2\n|\n|-weather|SunnyDay|[upkeep]\n|upkeep\n|turn|8\n|\n|t:|1719655696\n|move|p1a: Koraidon|Collision Course|p2a: Urshifu\n|-enditem|p2a: Urshifu|Focus Sash\n|-damage|p2a: Urshifu|1\/100\n|move|p2a: Urshifu|Surging Strikes|p1a: Koraidon\n|-supereffective|p1a: Koraidon\n|-crit|p1a: Koraidon\n|-damage|p1a: Koraidon|30\/100\n|-supereffective|p1a: Koraidon\n|-crit|p1a: Koraidon\n|-damage|p1a: Koraidon|10\/100\n|-supereffective|p1a: Koraidon\n|-crit|p1a: Koraidon\n|-damage|p1a: Koraidon|0 fnt\n|faint|p1a: Koraidon\n|-hitcount|p1: Koraidon|3\n|\n|win|Rafa1000\n|raw|BapeChiangP's rating: 1741 &rarr; <strong>1718<\/strong><br \/>(-23 for losing)\n|raw|Rafa1000's rating: 1685 &rarr; <strong>1708<\/strong><br \/>(+23 for winning)\n|c|\u2606Rafa1000|Gg\n|l|\u2606Rafa1000\n|player|p2|\n|l|\u2606BapeChiangP\n|player|p1|\n","uploadtime":1719655883,"views":15,"formatid":"gen9vgc2024regg","rating":1708,"private":0,"password":null}