{"id":"gen9vgc2024regg-2152645909","format":"[Gen 9] VGC 2024 Reg G","players":["bapechiang","ElyasTheGreat"],"log":"|j|\u2606bapechiang\n|j|\u2606ElyasTheGreat\n|t:|1719749776\n|gametype|doubles\n|player|p1|bapechiang|170|1680\n|player|p2|ElyasTheGreat|alder|1752\n|teamsize|p1|6\n|teamsize|p2|6\n|gen|9\n|tier|[Gen 9] VGC 2024 Reg G\n|rated|\n|rule|Species Clause: Limit one of each Pok\u00e9mon\n|rule|Item Clause: Limit one of each item\n|clearpoke\n|poke|p1|Koraidon, L50|\n|poke|p1|Flutter Mane, L50|\n|poke|p1|Incineroar, L50, M|\n|poke|p1|Ogerpon-Cornerstone, L50, F|\n|poke|p1|Gholdengo, L50|\n|poke|p1|Grimmsnarl, L50, M|\n|poke|p2|Whimsicott, L50, M|\n|poke|p2|Ogerpon-Cornerstone, L50, F|\n|poke|p2|Incineroar, L50, F|\n|poke|p2|Miraidon, L50|\n|poke|p2|Ursaluna-Bloodmoon, L50, M|\n|poke|p2|Farigiraf, L50, F|\n|teampreview|4\n|\n|t:|1719749797\n|start\n|switch|p1a: Grimmsnarl|Grimmsnarl, L50, M, shiny|100\/100\n|switch|p1b: Flutter Mane|Flutter Mane, L50, shiny|100\/100\n|switch|p2a: Miraidon|Miraidon, L50|100\/100\n|switch|p2b: Whimsicott|Whimsicott, L50, M|100\/100\n|-fieldstart|move: Electric Terrain|[from] ability: Hadron Engine|[of] p2a: Miraidon\n|turn|1\n|\n|t:|1719749814\n|-terastallize|p2a: Miraidon|Electric\n|move|p2b: Whimsicott|Tailwind|p2b: Whimsicott\n|-sidestart|p2: ElyasTheGreat|move: Tailwind\n|move|p1a: Grimmsnarl|Light Screen|p1a: Grimmsnarl\n|-sidestart|p1: bapechiang|move: Light Screen\n|move|p2a: Miraidon|Volt Switch|p1b: Flutter Mane\n|-damage|p1b: Flutter Mane|2\/100\n|\n|t:|1719749827\n|switch|p2a: Farigiraf|Farigiraf, L50, F|100\/100|[from] Volt Switch\n|-enditem|p2a: Farigiraf|Electric Seed\n|-boost|p2a: Farigiraf|def|1|[from] item: Electric Seed\n|move|p1b: Flutter Mane|Icy Wind|p2a: Farigiraf|[spread] p2a,p2b\n|-supereffective|p2b: Whimsicott\n|-damage|p2a: Farigiraf|85\/100\n|-damage|p2b: Whimsicott|55\/100\n|-unboost|p2a: Farigiraf|spe|1\n|-unboost|p2b: Whimsicott|spe|1\n|\n|upkeep\n|turn|2\n|\n|t:|1719749843\n|switch|p2a: Miraidon|Miraidon, L50, tera:Electric|100\/100\n|-activate|p2a: Miraidon|ability: Hadron Engine\n|switch|p1a: Koraidon|Koraidon, L50|100\/100\n|-weather|SunnyDay|[from] ability: Orichalcum Pulse|[of] p1a: Koraidon\n|-activate|p1b: Flutter Mane|ability: Protosynthesis\n|-start|p1b: Flutter Mane|protosynthesisspe\n|-activate|p1a: Koraidon|Orichalcum Pulse|[source]\n|move|p1b: Flutter Mane|Moonblast|p2b: Whimsicott\n|-damage|p2b: Whimsicott|0 fnt\n|faint|p2b: Whimsicott\n|\n|-weather|SunnyDay|[upkeep]\n|upkeep\n|\n|t:|1719749856\n|switch|p2b: Ursaluna|Ursaluna-Bloodmoon, L50, M|100\/100\n|turn|3\n|j| shane999999\n|\n|t:|1719749877\n|move|p1b: Flutter Mane|Protect|p1b: Flutter Mane\n|-singleturn|p1b: Flutter Mane|Protect\n|move|p1a: Koraidon|Protect|p1a: Koraidon\n|-singleturn|p1a: Koraidon|Protect\n|move|p2a: Miraidon|Discharge|p1a: Koraidon|[spread] \n|-activate|p1a: Koraidon|move: Protect\n|-activate|p1b: Flutter Mane|move: Protect\n|-immune|p2b: Ursaluna\n|move|p2b: Ursaluna|Blood Moon|p1a: Koraidon\n|-activate|p1a: Koraidon|move: Protect\n|\n|-weather|SunnyDay|[upkeep]\n|upkeep\n|turn|4\n|\n|t:|1719749897\n|-end|p1b: Flutter Mane|Protosynthesis|[silent]\n|switch|p1b: Grimmsnarl|Grimmsnarl, L50, M, shiny|100\/100\n|move|p2a: Miraidon|Discharge|p1b: Grimmsnarl|[spread] p1a,p1b\n|-immune|p2b: Ursaluna\n|-resisted|p1a: Koraidon\n|-damage|p1a: Koraidon|66\/100\n|-damage|p1b: Grimmsnarl|36\/100\n|-status|p1a: Koraidon|par\n|move|p2b: Ursaluna|Earth Power|p1a: Koraidon\n|-damage|p1a: Koraidon|25\/100 par\n|-damage|p2b: Ursaluna|91\/100|[from] item: Life Orb\n|move|p1a: Koraidon|Collision Course|p2b: Ursaluna\n|-supereffective|p2b: Ursaluna\n|-damage|p2b: Ursaluna|0 fnt\n|faint|p2b: Ursaluna\n|\n|-weather|SunnyDay|[upkeep]\n|-sideend|p2: ElyasTheGreat|move: Tailwind\n|upkeep\n|\n|t:|1719749910\n|switch|p2b: Farigiraf|Farigiraf, L50, F|85\/100\n|turn|5\n|\n|t:|1719749935\n|move|p2a: Miraidon|Discharge|p1a: Koraidon|[spread] p2b,p1a,p1b\n|-resisted|p1a: Koraidon\n|-crit|p1b: Grimmsnarl\n|-damage|p2b: Farigiraf|0 fnt\n|-damage|p1a: Koraidon|0 fnt\n|-damage|p1b: Grimmsnarl|0 fnt\n|faint|p2b: Farigiraf\n|faint|p1a: Koraidon\n|faint|p1b: Grimmsnarl\n|\n|-weather|SunnyDay|[upkeep]\n|-sideend|p1: bapechiang|move: Light Screen\n|-fieldend|move: Electric Terrain\n|upkeep\n|\n|t:|1719749944\n|switch|p1a: Ogerpon|Ogerpon-Cornerstone, L50, F|100\/100\n|switch|p1b: Flutter Mane|Flutter Mane, L50, shiny|2\/100\n|-activate|p1b: Flutter Mane|ability: Protosynthesis\n|-start|p1b: Flutter Mane|protosynthesisspe\n|turn|6\n|\n|t:|1719749954\n|-terastallize|p1a: Ogerpon|Rock\n|detailschange|p1a: Ogerpon|Ogerpon-Cornerstone-Tera, L50, F, tera:Rock\n|-ability|p1a: Ogerpon|Embody Aspect (Cornerstone)|boost\n|-boost|p1a: Ogerpon|def|1\n|move|p1b: Flutter Mane|Moonblast|p2a: Miraidon\n|-damage|p2a: Miraidon|57\/100\n|-unboost|p2a: Miraidon|spa|1\n|move|p2a: Miraidon|Discharge|p1a: Ogerpon|[spread] p1a,p1b\n|-damage|p1a: Ogerpon|40\/100\n|-damage|p1b: Flutter Mane|0 fnt\n|faint|p1b: Flutter Mane\n|-end|p1b: Flutter Mane|Protosynthesis|[silent]\n|move|p1a: Ogerpon|Ivy Cudgel|p2a: Miraidon|[anim] Ivy Cudgel Rock\n|-damage|p2a: Miraidon|0 fnt\n|faint|p2a: Miraidon\n|\n|win|bapechiang\n|raw|bapechiang's rating: 1680 &rarr; <strong>1704<\/strong><br \/>(+24 for winning)\n|raw|ElyasTheGreat's rating: 1752 &rarr; <strong>1728<\/strong><br \/>(-24 for losing)\n|l|\u2606ElyasTheGreat\n|player|p2|\n|l|\u2606bapechiang\n|player|p1|\n|l| shane999999\n","uploadtime":1719750097,"views":25,"formatid":"gen9vgc2024regg","rating":1704,"private":0,"password":null}