{"id":"gen9vgc2024regg-2152373312","format":"[Gen 9] VGC 2024 Reg G","players":["Sodiumtoad","pint of Guiness"],"log":"|j|\u2606Sodiumtoad\n|j|\u203dpint of Guiness\n|t:|1719699810\n|gametype|doubles\n|player|p1|Sodiumtoad|janine|1732\n|player|p2|pint of Guiness|2|1733\n|teamsize|p1|6\n|teamsize|p2|6\n|gen|9\n|tier|[Gen 9] VGC 2024 Reg G\n|rated|\n|rule|Species Clause: Limit one of each Pok\u00e9mon\n|rule|Item Clause: Limit one of each item\n|clearpoke\n|poke|p1|Calyrex-Ice, L50|\n|poke|p1|Trapinch, L50, F|\n|poke|p1|Annihilape, L50, M|\n|poke|p1|Pelipper, L50, F|\n|poke|p1|Jigglypuff, L50, M|\n|poke|p1|Kommo-o, L50, F|\n|poke|p2|Miraidon, L50|\n|poke|p2|Whimsicott, L50, F|\n|poke|p2|Urshifu-*, L50, F|\n|poke|p2|Iron Hands, L50|\n|poke|p2|Farigiraf, L50, M|\n|poke|p2|Chi-Yu, L50|\n|teampreview|4\n|\n|t:|1719699841\n|start\n|switch|p1a: Annihilape|Annihilape, L50, M|100\/100\n|switch|p1b: Calyrex|Calyrex-Ice, L50|100\/100\n|switch|p2a: Whimsicott|Whimsicott, L50, F|100\/100\n|switch|p2b: Miraidon|Miraidon, L50|100\/100\n|-ability|p1b: Calyrex|As One\n|-ability|p1b: Calyrex|Unnerve\n|-fieldstart|move: Electric Terrain|[from] ability: Hadron Engine|[of] p2b: Miraidon\n|turn|1\n|j| ds des chats\n|\n|t:|1719699859\n|-terastallize|p1b: Calyrex|Grass\n|move|p2a: Whimsicott|Tailwind|p2a: Whimsicott\n|-sidestart|p2: pint of Guiness|move: Tailwind\n|move|p2b: Miraidon|Electro Drift|p1a: Annihilape\n|-damage|p1a: Annihilape|0 fnt\n|faint|p1a: Annihilape\n|move|p1b: Calyrex|Trick Room|p1b: Calyrex\n|-fieldstart|move: Trick Room|[of] p1b: Calyrex\n|\n|upkeep\n|inactive|Battle timer is ON: inactive players will automatically lose when time's up. (requested by pint of Guiness)\n|\n|t:|1719699874\n|switch|p1a: Trapinch|Trapinch, L50, F|100\/100\n|turn|2\n|\n|t:|1719699886\n|switch|p1b: Pelipper|Pelipper, L50, F|100\/100\n|-weather|RainDance|[from] ability: Drizzle|[of] p1b: Pelipper\n|move|p2a: Whimsicott|Encore||[still]\n|-fail|p2a: Whimsicott\n|move|p1a: Trapinch|Earthquake|p2a: Whimsicott|[spread] p2a,p2b\n|-immune|p1b: Pelipper\n|-resisted|p2a: Whimsicott\n|-supereffective|p2b: Miraidon\n|-damage|p2a: Whimsicott|79\/100\n|-damage|p2b: Miraidon|20\/100\n|move|p2b: Miraidon|Electro Drift|p1b: Pelipper\n|-supereffective|p1b: Pelipper\n|-damage|p1b: Pelipper|0 fnt\n|faint|p1b: Pelipper\n|\n|-weather|RainDance|[upkeep]\n|upkeep\n|\n|t:|1719699899\n|switch|p1b: Calyrex|Calyrex-Ice, L50, tera:Grass|100\/100\n|-ability|p1b: Calyrex|As One\n|-ability|p1b: Calyrex|Unnerve\n|turn|3\n|\n|t:|1719699909\n|move|p1a: Trapinch|Feint|p2a: Whimsicott\n|-damage|p2a: Whimsicott|66\/100\n|move|p2a: Whimsicott|Encore|p1a: Trapinch\n|-start|p1a: Trapinch|Encore\n|move|p1b: Calyrex|Glacial Lance|p2a: Whimsicott|[spread] p2a,p2b\n|-supereffective|p2a: Whimsicott\n|-supereffective|p2b: Miraidon\n|-damage|p2a: Whimsicott|0 fnt\n|-damage|p2b: Miraidon|0 fnt\n|faint|p2a: Whimsicott\n|faint|p2b: Miraidon\n|-ability|p1b: Calyrex|Chilling Neigh|boost\n|-boost|p1b: Calyrex|atk|2\n|\n|-weather|RainDance|[upkeep]\n|upkeep\n|\n|t:|1719699916\n|switch|p2a: Urshifu|Urshifu, L50, F|100\/100\n|switch|p2b: Iron Hands|Iron Hands, L50|100\/100\n|-activate|p2b: Iron Hands|ability: Quark Drive\n|-start|p2b: Iron Hands|quarkdriveatk\n|turn|4\n|\n|t:|1719699923\n|move|p2b: Iron Hands|Fake Out|p1b: Calyrex\n|-damage|p1b: Calyrex|90\/100\n|move|p1a: Trapinch|Feint|p2a: Urshifu\n|-crit|p2a: Urshifu\n|-damage|p2a: Urshifu|85\/100\n|move|p1b: Calyrex|Glacial Lance|p2a: Urshifu|[spread] p2a,p2b\n|-damage|p2a: Urshifu|0 fnt\n|-damage|p2b: Iron Hands|20\/100\n|faint|p2a: Urshifu\n|-ability|p1b: Calyrex|Chilling Neigh|boost\n|-boost|p1b: Calyrex|atk|1\n|\n|-weather|RainDance|[upkeep]\n|-sideend|p2: pint of Guiness|move: Tailwind\n|upkeep\n|turn|5\n|inactiveoff|Battle timer is now OFF.\n|inactive|Battle timer is ON: inactive players will automatically lose when time's up. (requested by Sodiumtoad)\n|inactive|pint of Guiness has 30 seconds left.\n|inactive|pint of Guiness has 20 seconds left.\n|inactive|pint of Guiness has 15 seconds left.\n|inactive|pint of Guiness has 10 seconds left.\n|inactive|pint of Guiness has 5 seconds left.\n|\n|t:|1719700014\n|move|p2b: Iron Hands|Fake Out||[still]\n|-hint|Fake Out only works on your first turn out.\n|-fail|p2b: Iron Hands\n|move|p1a: Trapinch|Feint|p2b: Iron Hands\n|-damage|p2b: Iron Hands|14\/100\n|move|p1b: Calyrex|Glacial Lance|p2b: Iron Hands\n|-damage|p2b: Iron Hands|0 fnt\n|faint|p2b: Iron Hands\n|-end|p2b: Iron Hands|Quark Drive|[silent]\n|\n|win|Sodiumtoad\n|raw|Sodiumtoad's rating: 1732 &rarr; <strong>1752<\/strong><br \/>(+20 for winning)\n|raw|pint of Guiness's rating: 1733 &rarr; <strong>1713<\/strong><br \/>(-20 for losing)\n","uploadtime":1719700027,"views":39,"formatid":"gen9vgc2024regg","rating":1713,"private":0,"password":null}