{"id":"gen9vgc2024regg-2152131465","format":"[Gen 9] VGC 2024 Reg G","players":["BapeChiangP","Billy_HMD"],"log":"|j|\u2606BapeChiangP\n|j|\u2606Billy_HMD\n|t:|1719666915\n|gametype|doubles\n|player|p1|BapeChiangP|169|1746\n|player|p2|Billy_HMD|dawn|1825\n|teamsize|p1|6\n|teamsize|p2|6\n|gen|9\n|tier|[Gen 9] VGC 2024 Reg G\n|rated|\n|rule|Species Clause: Limit one of each Pok\u00e9mon\n|rule|Item Clause: Limit one of each item\n|clearpoke\n|poke|p1|Koraidon, L50|\n|poke|p1|Flutter Mane, L50|\n|poke|p1|Incineroar, L50, F|\n|poke|p1|Ogerpon-Cornerstone, L50, F|\n|poke|p1|Grimmsnarl, L50, M|\n|poke|p1|Gholdengo, L50|\n|poke|p2|Miraidon, L50|\n|poke|p2|Whimsicott, L50, M|\n|poke|p2|Iron Hands, L50|\n|poke|p2|Incineroar, L50, M|\n|poke|p2|Farigiraf, L50, M|\n|poke|p2|Ditto, L50|\n|teampreview|4\n|inactive|Battle timer is ON: inactive players will automatically lose when time's up. (requested by Billy_HMD)\n|\n|t:|1719666939\n|start\n|switch|p1a: Grimmsnarl|Grimmsnarl, L50, M, shiny|100\/100\n|switch|p1b: Gholdengo|Gholdengo, L50|100\/100\n|switch|p2a: Miraidon|Miraidon, L50|100\/100\n|switch|p2b: Whimsicott|Whimsicott, L50, M|100\/100\n|-fieldstart|move: Electric Terrain|[from] ability: Hadron Engine|[of] p2a: Miraidon\n|turn|1\n|inactive|Billy_HMD has 30 seconds left.\n|inactive|Billy_HMD has 20 seconds left.\n|\n|t:|1719666975\n|-terastallize|p2a: Miraidon|Electric\n|move|p1a: Grimmsnarl|Light Screen|p1a: Grimmsnarl\n|-sidestart|p1: BapeChiangP|move: Light Screen\n|move|p2a: Miraidon|Volt Switch|p1b: Gholdengo\n|-damage|p1b: Gholdengo|19\/100\n|\n|t:|1719666988\n|switch|p2a: Iron Hands|Iron Hands, L50|100\/100|[from] Volt Switch\n|-activate|p2a: Iron Hands|ability: Quark Drive\n|-start|p2a: Iron Hands|quarkdriveatk\n|move|p2b: Whimsicott|Moonblast|p1a: Grimmsnarl\n|-supereffective|p1a: Grimmsnarl\n|-damage|p1a: Grimmsnarl|61\/100\n|move|p1b: Gholdengo|Make It Rain|p2a: Iron Hands|[spread] p2a,p2b\n|-resisted|p2a: Iron Hands\n|-supereffective|p2b: Whimsicott\n|-damage|p2a: Iron Hands|83\/100\n|-enditem|p2b: Whimsicott|Focus Sash\n|-damage|p2b: Whimsicott|1\/100\n|-unboost|p1b: Gholdengo|spa|1\n|\n|upkeep\n|turn|2\n|inactive|Billy_HMD has 30 seconds left.\n|inactive|Billy_HMD has 20 seconds left.\n|inactive|Billy_HMD has 15 seconds left.\n|j| neebieplayersea\n|inactive|Billy_HMD has 10 seconds left.\n|\n|t:|1719667036\n|move|p2b: Whimsicott|Tailwind|p2b: Whimsicott\n|-sidestart|p2: Billy_HMD|move: Tailwind\n|move|p2a: Iron Hands|Wild Charge|p1b: Gholdengo\n|-damage|p1b: Gholdengo|0 fnt\n|faint|p1b: Gholdengo\n|-damage|p2a: Iron Hands|79\/100|[from] Recoil\n|move|p1a: Grimmsnarl|Foul Play|p2b: Whimsicott\n|-resisted|p2b: Whimsicott\n|-damage|p2b: Whimsicott|0 fnt\n|faint|p2b: Whimsicott\n|\n|upkeep\n|\n|t:|1719667049\n|switch|p2b: Miraidon|Miraidon, L50, tera:Electric|100\/100\n|switch|p1b: Koraidon|Koraidon, L50|100\/100\n|-activate|p2b: Miraidon|ability: Hadron Engine\n|-weather|SunnyDay|[from] ability: Orichalcum Pulse|[of] p1b: Koraidon\n|-activate|p1b: Koraidon|Orichalcum Pulse|[source]\n|turn|3\n|inactive|Billy_HMD has 30 seconds left.\n|inactive|Billy_HMD has 20 seconds left.\n|inactive|Billy_HMD has 15 seconds left.\n|inactive|Billy_HMD has 10 seconds left.\n|inactive|Billy_HMD has 5 seconds left.\n|\n|t:|1719667101\n|move|p1b: Koraidon|Protect|p1b: Koraidon\n|-singleturn|p1b: Koraidon|Protect\n|move|p1a: Grimmsnarl|Reflect|p1a: Grimmsnarl\n|-sidestart|p1: BapeChiangP|Reflect\n|move|p2b: Miraidon|Draco Meteor|p1b: Koraidon\n|-activate|p1b: Koraidon|move: Protect\n|move|p2a: Iron Hands|Volt Switch|p1a: Grimmsnarl\n|-damage|p1a: Grimmsnarl|51\/100\n|\n|t:|1719667109\n|-end|p2a: Iron Hands|Quark Drive|[silent]\n|switch|p2a: Ditto|Ditto, L50|100\/100|[from] Volt Switch\n|-transform|p2a: Ditto|p1b: Koraidon|[from] ability: Imposter\n|-activate|p2a: Ditto|ability: Orichalcum Pulse\n|\n|-weather|SunnyDay|[upkeep]\n|upkeep\n|turn|4\n|\n|t:|1719667131\n|-terastallize|p1b: Koraidon|Fire\n|move|p1a: Grimmsnarl|Thunder Wave|p2a: Ditto\n|-status|p2a: Ditto|par\n|move|p2b: Miraidon|Draco Meteor|p1b: Koraidon\n|-damage|p1b: Koraidon|15\/100\n|-unboost|p2b: Miraidon|spa|2\n|move|p2a: Ditto|Collision Course|p1b: Koraidon\n|-damage|p1b: Koraidon|0 fnt\n|faint|p1b: Koraidon\n|\n|-weather|SunnyDay|[upkeep]\n|upkeep\n|\n|t:|1719667146\n|switch|p1b: Flutter Mane|Flutter Mane, L50|100\/100\n|-activate|p1b: Flutter Mane|ability: Protosynthesis\n|-start|p1b: Flutter Mane|protosynthesisspe\n|turn|5\n|j| jasonrfry2\n|\n|t:|1719667170\n|switch|p2b: Iron Hands|Iron Hands, L50|79\/100\n|-activate|p2b: Iron Hands|ability: Quark Drive\n|-start|p2b: Iron Hands|quarkdriveatk\n|move|p1b: Flutter Mane|Dazzling Gleam|p2b: Iron Hands|[spread] p2a,p2b\n|-supereffective|p2a: Ditto\n|-supereffective|p2b: Iron Hands\n|-damage|p2a: Ditto|0 fnt\n|-damage|p2b: Iron Hands|47\/100\n|faint|p2a: Ditto\n|move|p1a: Grimmsnarl|Foul Play|p2b: Iron Hands\n|-resisted|p2b: Iron Hands\n|-damage|p2b: Iron Hands|28\/100\n|\n|-weather|SunnyDay|[upkeep]\n|-sideend|p1: BapeChiangP|move: Light Screen\n|-sideend|p2: Billy_HMD|move: Tailwind\n|-fieldend|move: Electric Terrain\n|-end|p2b: Iron Hands|Quark Drive\n|upkeep\n|\n|t:|1719667176\n|switch|p2a: Miraidon|Miraidon, L50, tera:Electric|100\/100\n|-fieldstart|move: Electric Terrain|[from] ability: Hadron Engine|[of] p2a: Miraidon\n|-activate|p2b: Iron Hands|ability: Quark Drive\n|-start|p2b: Iron Hands|quarkdriveatk\n|turn|6\n|\n|t:|1719667198\n|move|p2b: Iron Hands|Fake Out|p1a: Grimmsnarl\n|-damage|p1a: Grimmsnarl|37\/100\n|move|p1b: Flutter Mane|Dazzling Gleam|p2a: Miraidon|[spread] p2a,p2b\n|-supereffective|p2b: Iron Hands\n|-damage|p2a: Miraidon|73\/100\n|-damage|p2b: Iron Hands|0 fnt\n|faint|p2b: Iron Hands\n|-end|p2b: Iron Hands|Quark Drive|[silent]\n|move|p2a: Miraidon|Electro Drift|p1b: Flutter Mane\n|-enditem|p1b: Flutter Mane|Focus Sash\n|-damage|p1b: Flutter Mane|1\/100\n|move|p1a: Grimmsnarl|Foul Play|p2a: Miraidon\n|-damage|p2a: Miraidon|44\/100\n|\n|-weather|SunnyDay|[upkeep]\n|upkeep\n|turn|7\n|\n|t:|1719667218\n|move|p1b: Flutter Mane|Moonblast|p2a: Miraidon\n|-damage|p2a: Miraidon|2\/100\n|move|p2a: Miraidon|Electro Drift|p1a: Grimmsnarl\n|-damage|p1a: Grimmsnarl|0 fnt\n|faint|p1a: Grimmsnarl\n|\n|-weather|none\n|-end|p1b: Flutter Mane|Protosynthesis\n|-sideend|p1: BapeChiangP|Reflect\n|upkeep\n|turn|8\n|\n|t:|1719667230\n|move|p1b: Flutter Mane|Moonblast|p2a: Miraidon\n|-damage|p2a: Miraidon|0 fnt\n|faint|p2a: Miraidon\n|\n|win|BapeChiangP\n|raw|BapeChiangP's rating: 1746 &rarr; <strong>1770<\/strong><br \/>(+24 for winning)\n|raw|Billy_HMD's rating: 1825 &rarr; <strong>1801<\/strong><br \/>(-24 for losing)\n|l|\u2606Billy_HMD\n|player|p2|\n|l| neebieplayersea\n|l|\u2606BapeChiangP\n|player|p1|\n","uploadtime":1719667481,"views":135,"formatid":"gen9vgc2024regg","rating":1770,"private":0,"password":null}