{"id":"gen9vgc2024regg-2152649666","format":"[Gen 9] VGC 2024 Reg G","players":["ElyasTheGreat","dvd749"],"log":"|j|\u2606ElyasTheGreat\n|j|\u2606dvd749\n|t:|1719750455\n|gametype|doubles\n|player|p1|ElyasTheGreat|alder|1728\n|player|p2|dvd749|2|1804\n|teamsize|p1|6\n|teamsize|p2|6\n|gen|9\n|tier|[Gen 9] VGC 2024 Reg G\n|rated|\n|rule|Species Clause: Limit one of each Pok\u00e9mon\n|rule|Item Clause: Limit one of each item\n|clearpoke\n|poke|p1|Whimsicott, L50, F|\n|poke|p1|Ogerpon-Cornerstone, L50, F|\n|poke|p1|Incineroar, L50, M|\n|poke|p1|Miraidon, L50|\n|poke|p1|Ursaluna-Bloodmoon, L50, M|\n|poke|p1|Farigiraf, L50, M|\n|poke|p2|Kyogre, L50|\n|poke|p2|Incineroar, L50, M|\n|poke|p2|Rillaboom, L50, M|\n|poke|p2|Grimmsnarl, L50, M|\n|poke|p2|Raging Bolt, L50|\n|poke|p2|Amoonguss, L50, F|\n|teampreview|4\n|\n|t:|1719750502\n|start\n|switch|p1a: Miraidon|Miraidon, L50|100\/100\n|switch|p1b: Ogerpon|Ogerpon-Cornerstone, L50, F|100\/100\n|switch|p2a: Rillaboom|Rillaboom, L50, M|100\/100\n|switch|p2b: Grimmsnarl|Grimmsnarl, L50, M|100\/100\n|-fieldstart|move: Electric Terrain|[from] ability: Hadron Engine|[of] p1a: Miraidon\n|-fieldstart|move: Grassy Terrain|[from] ability: Grassy Surge|[of] p2a: Rillaboom\n|turn|1\n|\n|t:|1719750539\n|move|p2a: Rillaboom|Fake Out|p1a: Miraidon\n|-damage|p1a: Miraidon|88\/100\n|move|p2b: Grimmsnarl|Thunder Wave|p1b: Ogerpon\n|-status|p1b: Ogerpon|par\n|cant|p1a: Miraidon|flinch\n|move|p1b: Ogerpon|Ivy Cudgel|p2a: Rillaboom|[anim] Ivy Cudgel Rock\n|-damage|p2a: Rillaboom|32\/100\n|\n|-heal|p1a: Miraidon|94\/100|[from] Grassy Terrain\n|-heal|p2a: Rillaboom|38\/100|[from] Grassy Terrain\n|upkeep\n|turn|2\n|\n|t:|1719750565\n|switch|p2a: Raging Bolt|Raging Bolt, L50|100\/100\n|-enditem|p2a: Raging Bolt|Booster Energy\n|-activate|p2a: Raging Bolt|ability: Protosynthesis|[fromitem]\n|-start|p2a: Raging Bolt|protosynthesisspa\n|move|p2b: Grimmsnarl|Light Screen|p2b: Grimmsnarl\n|-sidestart|p2: dvd749|move: Light Screen\n|move|p1a: Miraidon|Draco Meteor|p2a: Raging Bolt\n|-supereffective|p2a: Raging Bolt\n|-damage|p2a: Raging Bolt|0 fnt\n|-unboost|p1a: Miraidon|spa|2\n|faint|p2a: Raging Bolt\n|-end|p2a: Raging Bolt|Protosynthesis|[silent]\n|move|p1b: Ogerpon|Power Whip|p2b: Grimmsnarl\n|-damage|p2b: Grimmsnarl|8\/100\n|\n|-heal|p1a: Miraidon|100\/100|[from] Grassy Terrain\n|-heal|p2b: Grimmsnarl|13\/100|[from] Grassy Terrain\n|upkeep\n|\n|t:|1719750578\n|switch|p2a: Kyogre|Kyogre, L50|100\/100\n|-weather|RainDance|[from] ability: Drizzle|[of] p2a: Kyogre\n|turn|3\n|\n|t:|1719750595\n|switch|p1a: Whimsicott|Whimsicott, L50, F|100\/100\n|-terastallize|p2a: Kyogre|Grass\n|move|p2b: Grimmsnarl|Reflect|p2b: Grimmsnarl\n|-sidestart|p2: dvd749|Reflect\n|move|p2a: Kyogre|Calm Mind|p2a: Kyogre\n|-boost|p2a: Kyogre|spa|1\n|-boost|p2a: Kyogre|spd|1\n|cant|p1b: Ogerpon|par\n|\n|-weather|RainDance|[upkeep]\n|-heal|p2b: Grimmsnarl|19\/100|[from] Grassy Terrain\n|upkeep\n|turn|4\n|\n|t:|1719750630\n|move|p1a: Whimsicott|Encore|p2a: Kyogre\n|-start|p2a: Kyogre|Encore\n|move|p2a: Kyogre|Calm Mind|p2a: Kyogre\n|-boost|p2a: Kyogre|spa|1\n|-boost|p2a: Kyogre|spd|1\n|move|p2b: Grimmsnarl|Spirit Break|p1b: Ogerpon\n|-damage|p1b: Ogerpon|60\/100 par\n|-unboost|p1b: Ogerpon|spa|1\n|move|p1b: Ogerpon|Ivy Cudgel|p2a: Kyogre|[anim] Ivy Cudgel Rock\n|-damage|p2a: Kyogre|66\/100\n|\n|-weather|RainDance|[upkeep]\n|-heal|p2a: Kyogre|72\/100|[from] Grassy Terrain\n|-heal|p2a: Kyogre|78\/100|[from] item: Leftovers\n|-heal|p2b: Grimmsnarl|25\/100|[from] Grassy Terrain\n|-heal|p1b: Ogerpon|66\/100 par|[from] Grassy Terrain\n|upkeep\n|turn|5\n|\n|t:|1719750653\n|move|p2b: Grimmsnarl|Thunder Wave|p1a: Whimsicott|[miss]\n|-miss|p2b: Grimmsnarl|p1a: Whimsicott\n|move|p1a: Whimsicott|Moonblast|p2b: Grimmsnarl\n|-supereffective|p2b: Grimmsnarl\n|-damage|p2b: Grimmsnarl|0 fnt\n|faint|p2b: Grimmsnarl\n|move|p2a: Kyogre|Calm Mind|p2a: Kyogre\n|-boost|p2a: Kyogre|spa|1\n|-boost|p2a: Kyogre|spd|1\n|move|p1b: Ogerpon|Ivy Cudgel|p2a: Kyogre|[anim] Ivy Cudgel Rock\n|-damage|p2a: Kyogre|44\/100\n|\n|-weather|RainDance|[upkeep]\n|-heal|p2a: Kyogre|50\/100|[from] Grassy Terrain\n|-heal|p2a: Kyogre|55\/100|[from] item: Leftovers\n|-heal|p1b: Ogerpon|72\/100 par|[from] Grassy Terrain\n|-fieldend|move: Grassy Terrain\n|upkeep\n|\n|t:|1719750662\n|switch|p2b: Rillaboom|Rillaboom, L50, M|38\/100\n|-fieldstart|move: Grassy Terrain|[from] ability: Grassy Surge|[of] p2b: Rillaboom\n|turn|6\n|\n|t:|1719750673\n|move|p1a: Whimsicott|Moonblast|p2a: Kyogre\n|-damage|p2a: Kyogre|49\/100\n|move|p2b: Rillaboom|U-turn|p1a: Whimsicott\n|-damage|p1a: Whimsicott|70\/100\n|move|p2a: Kyogre|Calm Mind|p2a: Kyogre\n|-boost|p2a: Kyogre|spa|1\n|-boost|p2a: Kyogre|spd|1\n|move|p1b: Ogerpon|Ivy Cudgel|p2a: Kyogre|[anim] Ivy Cudgel Rock\n|-damage|p2a: Kyogre|16\/100\n|\n|-weather|RainDance|[upkeep]\n|-heal|p1a: Whimsicott|75\/100|[from] Grassy Terrain\n|-heal|p2b: Rillaboom|44\/100|[from] Grassy Terrain\n|-heal|p2a: Kyogre|22\/100|[from] Grassy Terrain\n|-heal|p2a: Kyogre|28\/100|[from] item: Leftovers\n|-heal|p1b: Ogerpon|77\/100 par|[from] Grassy Terrain\n|-end|p2a: Kyogre|Encore\n|upkeep\n|turn|7\n|-message|dvd749 forfeited.\n|\n|win|ElyasTheGreat\n|raw|ElyasTheGreat's rating: 1728 &rarr; <strong>1752<\/strong><br \/>(+24 for winning)\n|raw|dvd749's rating: 1804 &rarr; <strong>1780<\/strong><br \/>(-24 for losing)\n|l|\u2606dvd749\n|player|p2|\n|l|\u2606ElyasTheGreat\n|player|p1|\n","uploadtime":1719750928,"views":104,"formatid":"gen9vgc2024regg","rating":1752,"private":0,"password":null}