{"id":"gen9vgc2024regg-2152013921","format":"[Gen 9] VGC 2024 Reg G","players":["TocThicc","Spottedwoot"],"log":"|j|\u2606TocThicc\n|j|\u2606Spottedwoot\n|t:|1719641870\n|gametype|doubles\n|player|p1|TocThicc|266|1717\n|player|p2|Spottedwoot|102|1799\n|teamsize|p1|6\n|teamsize|p2|6\n|gen|9\n|tier|[Gen 9] VGC 2024 Reg G\n|rated|\n|rule|Species Clause: Limit one of each Pok\u00e9mon\n|rule|Item Clause: Limit one of each item\n|clearpoke\n|poke|p1|Kyurem-White, L50|\n|poke|p1|Ninetales-Alola, L50, F|\n|poke|p1|Whimsicott, L50, F|\n|poke|p1|Annihilape, L50, F|\n|poke|p1|Landorus, L50, M|\n|poke|p1|Arcanine-Hisui, L50, F|\n|poke|p2|Calyrex-Shadow, L50|\n|poke|p2|Tornadus, L50, M|\n|poke|p2|Chi-Yu, L50|\n|poke|p2|Rillaboom, L50, M|\n|poke|p2|Urshifu-*, L50, M|\n|poke|p2|Incineroar, L50, M|\n|teampreview|4\n|\n|t:|1719641898\n|start\n|switch|p1a: Ninetales|Ninetales-Alola, L50, F|100\/100\n|switch|p1b: Kyurem|Kyurem-White, L50|100\/100\n|switch|p2a: Calyrex|Calyrex-Shadow, L50|100\/100\n|switch|p2b: Tornadus|Tornadus, L50, M|100\/100\n|-ability|p2a: Calyrex|As One\n|-ability|p2a: Calyrex|Unnerve\n|-weather|Snow|[from] ability: Snow Warning|[of] p1a: Ninetales\n|-ability|p1b: Kyurem|Turboblaze\n|turn|1\n|\n|t:|1719641904\n|-terastallize|p2a: Calyrex|Ghost\n|move|p2a: Calyrex|Astral Barrage|p1a: Ninetales|[spread] p1a,p1b\n|-damage|p1a: Ninetales|3\/100\n|-damage|p1b: Kyurem|17\/100\n|move|p2b: Tornadus|Bleakwind Storm|p1a: Ninetales|[spread] p1a\n|-miss|p2b: Tornadus|p1b: Kyurem\n|-damage|p1a: Ninetales|0 fnt\n|faint|p1a: Ninetales\n|move|p1b: Kyurem|Blizzard|p2a: Calyrex|[spread] p2a,p2b\n|-supereffective|p2b: Tornadus\n|-damage|p2a: Calyrex|25\/100\n|-damage|p2b: Tornadus|0 fnt\n|faint|p2b: Tornadus\n|\n|-weather|Snow|[upkeep]\n|upkeep\n|\n|t:|1719641917\n|switch|p2b: Chi-Yu|Chi-Yu, L50|100\/100\n|switch|p1a: Whimsicott|Whimsicott, L50, F|100\/100\n|-ability|p2b: Chi-Yu|Beads of Ruin\n|turn|2\n|\n|t:|1719641927\n|switch|p2b: Urshifu|Urshifu-Rapid-Strike, L50, M|100\/100\n|move|p1b: Kyurem|Protect|p1b: Kyurem\n|-singleturn|p1b: Kyurem|Protect\n|move|p1a: Whimsicott|Tailwind|p1a: Whimsicott\n|-sidestart|p1: TocThicc|move: Tailwind\n|move|p2a: Calyrex|Astral Barrage|p1b: Kyurem|[spread] p1a\n|-activate|p1b: Kyurem|move: Protect\n|-enditem|p1a: Whimsicott|Focus Sash\n|-damage|p1a: Whimsicott|1\/100\n|\n|-weather|Snow|[upkeep]\n|upkeep\n|turn|3\n|\n|t:|1719641942\n|move|p2b: Urshifu|Detect|p2b: Urshifu\n|-singleturn|p2b: Urshifu|Protect\n|move|p1a: Whimsicott|Moonblast|p2b: Urshifu\n|-activate|p2b: Urshifu|move: Protect\n|move|p1b: Kyurem|Blizzard|p2b: Urshifu|[spread] p2a\n|-activate|p2b: Urshifu|move: Protect\n|-damage|p2a: Calyrex|0 fnt\n|faint|p2a: Calyrex\n|\n|-weather|Snow|[upkeep]\n|upkeep\n|j| SpecsIronHands\n|\n|t:|1719641949\n|switch|p2a: Chi-Yu|Chi-Yu, L50|100\/100\n|-ability|p2a: Chi-Yu|Beads of Ruin\n|turn|4\n|\n|t:|1719641957\n|move|p2b: Urshifu|Aqua Jet|p1a: Whimsicott\n|-resisted|p1a: Whimsicott\n|-damage|p1a: Whimsicott|0 fnt\n|faint|p1a: Whimsicott\n|move|p2a: Chi-Yu|Heat Wave|p1b: Kyurem\n|-damage|p1b: Kyurem|0 fnt\n|faint|p1b: Kyurem\n|\n|-weather|Snow|[upkeep]\n|upkeep\n|\n|t:|1719641960\n|switch|p1b: Landorus|Landorus, L50, M|100\/100\n|turn|5\n|\n|t:|1719641974\n|-terastallize|p1b: Landorus|Poison\n|move|p1b: Landorus|Sandsear Storm|p2b: Urshifu|[spread] p2a,p2b\n|-supereffective|p2a: Chi-Yu\n|-damage|p2a: Chi-Yu|0 fnt\n|-enditem|p2b: Urshifu|Focus Sash\n|-damage|p2b: Urshifu|1\/100\n|faint|p2a: Chi-Yu\n|move|p2b: Urshifu|Surging Strikes|p1b: Landorus\n|-crit|p1b: Landorus\n|-damage|p1b: Landorus|75\/100\n|-crit|p1b: Landorus\n|-damage|p1b: Landorus|50\/100\n|-crit|p1b: Landorus\n|-damage|p1b: Landorus|26\/100\n|-hitcount|p1b: Landorus|3\n|\n|-weather|none\n|-sideend|p1: TocThicc|move: Tailwind\n|upkeep\n|turn|6\n|\n|t:|1719641988\n|move|p2b: Urshifu|Aqua Jet|p1b: Landorus\n|-damage|p1b: Landorus|0 fnt\n|faint|p1b: Landorus\n|\n|win|Spottedwoot\n|raw|TocThicc's rating: 1717 &rarr; <strong>1702<\/strong><br \/>(-15 for losing)\n|raw|Spottedwoot's rating: 1799 &rarr; <strong>1814<\/strong><br \/>(+15 for winning)\n|l|\u2606TocThicc\n|player|p1|\n|l|\u2606Spottedwoot\n|player|p2|\n|l| SpecsIronHands\n","uploadtime":1719642183,"views":27,"formatid":"gen9vgc2024regg","rating":1702,"private":0,"password":null}