{"id":"gen9vgc2024regg-2152416574","format":"[Gen 9] VGC 2024 Reg G","players":["bapechiang","Auraen"],"log":"|j|\u2606bapechiang\n|j|\u2606Auraen\n|t:|1719706252\n|gametype|doubles\n|player|p1|bapechiang|266|1683\n|player|p2|Auraen|harlequin|1697\n|teamsize|p1|6\n|teamsize|p2|6\n|gen|9\n|tier|[Gen 9] VGC 2024 Reg G\n|rated|\n|rule|Species Clause: Limit one of each Pok\u00e9mon\n|rule|Item Clause: Limit one of each item\n|clearpoke\n|poke|p1|Koraidon, L50|\n|poke|p1|Flutter Mane, L50|\n|poke|p1|Incineroar, L50, M|\n|poke|p1|Ogerpon-Cornerstone, L50, F|\n|poke|p1|Gholdengo, L50|\n|poke|p1|Grimmsnarl, L50, M|\n|poke|p2|Terapagos, L50, M|\n|poke|p2|Munkidori, L50, M|\n|poke|p2|Incineroar, L50, M|\n|poke|p2|Goodra, L50, F|\n|poke|p2|Sinistcha, L50|\n|poke|p2|Primarina, L50, F|\n|teampreview|4\n|\n|t:|1719706294\n|start\n|switch|p1a: Koraidon|Koraidon, L50|100\/100\n|switch|p1b: Flutter Mane|Flutter Mane, L50, shiny|100\/100\n|switch|p2a: Terapagos|Terapagos, L50, M|100\/100\n|switch|p2b: Incineroar|Incineroar, L50, M|100\/100\n|-activate|p2a: Terapagos|ability: Tera Shift\n|detailschange|p2a: Terapagos|Terapagos-Terastal, L50, M\n|-heal|p2a: Terapagos|100\/100|[silent]\n|-weather|SunnyDay|[from] ability: Orichalcum Pulse|[of] p1a: Koraidon\n|-activate|p1b: Flutter Mane|ability: Protosynthesis\n|-start|p1b: Flutter Mane|protosynthesisspe\n|-activate|p1a: Koraidon|Orichalcum Pulse|[source]\n|-ability|p2b: Incineroar|Intimidate|boost\n|-fail|p1a: Koraidon|unboost|[from] item: Clear Amulet|[of] p1a: Koraidon\n|-unboost|p1b: Flutter Mane|atk|1\n|turn|1\n|inactive|Battle timer is ON: inactive players will automatically lose when time's up. (requested by bapechiang)\n|\n|t:|1719706312\n|-terastallize|p2a: Terapagos|Stellar\n|detailschange|p2a: Terapagos|Terapagos-Stellar, L50, M, tera:Stellar\n|-heal|p2a: Terapagos|100\/100|[silent]\n|-ability|p2a: Terapagos|Teraform Zero\n|-weather|none\n|-end|p1b: Flutter Mane|Protosynthesis\n|move|p1a: Koraidon|Protect|p1a: Koraidon\n|-singleturn|p1a: Koraidon|Protect\n|move|p1b: Flutter Mane|Icy Wind|p2a: Terapagos|[spread] p2a\n|-miss|p1b: Flutter Mane|p2b: Incineroar\n|-damage|p2a: Terapagos|92\/100\n|-unboost|p2a: Terapagos|spe|1\n|move|p2b: Incineroar|Flare Blitz|p1b: Flutter Mane\n|-crit|p1b: Flutter Mane\n|-enditem|p1b: Flutter Mane|Focus Sash\n|-damage|p1b: Flutter Mane|1\/100\n|-damage|p2b: Incineroar|79\/100|[from] Recoil\n|move|p2a: Terapagos|Tera Starstorm|p1b: Flutter Mane|[spread] p1b\n|-activate|p1a: Koraidon|move: Protect\n|-damage|p1b: Flutter Mane|0 fnt\n|faint|p1b: Flutter Mane\n|-end|p1b: Flutter Mane|Protosynthesis|[silent]\n|\n|upkeep\n|j| wskig\n|\n|t:|1719706333\n|switch|p1b: Ogerpon|Ogerpon-Cornerstone, L50, F|100\/100\n|turn|2\n|\n|t:|1719706348\n|switch|p2a: Sinistcha|Sinistcha, L50|100\/100\n|-heal|p2b: Incineroar|100\/100|[from] ability: Hospitality|[of] p2a: Sinistcha\n|move|p1a: Koraidon|Collision Course|p2a: Sinistcha\n|-immune|p2a: Sinistcha\n|move|p1b: Ogerpon|Ivy Cudgel|p2b: Incineroar|[anim] Ivy Cudgel Rock\n|-supereffective|p2b: Incineroar\n|-damage|p2b: Incineroar|10\/100\n|-enditem|p2b: Incineroar|Iapapa Berry|[eat]\n|-heal|p2b: Incineroar|43\/100|[from] item: Iapapa Berry\n|move|p2b: Incineroar|Flare Blitz|p1b: Ogerpon\n|-damage|p1b: Ogerpon|34\/100\n|-status|p1b: Ogerpon|brn\n|-damage|p2b: Incineroar|26\/100|[from] Recoil\n|\n|-damage|p1b: Ogerpon|29\/100 brn|[from] brn\n|upkeep\n|turn|3\n|\n|t:|1719706372\n|switch|p2b: Terapagos|Terapagos-Stellar, L50, M, tera:Stellar|92\/100\n|-terastallize|p1a: Koraidon|Fire\n|move|p2a: Sinistcha|Rage Powder|p2a: Sinistcha\n|-singleturn|p2a: Sinistcha|move: Rage Powder\n|move|p1a: Koraidon|Flare Blitz|p2a: Sinistcha\n|-supereffective|p2a: Sinistcha\n|-damage|p2a: Sinistcha|0 fnt\n|-damage|p1a: Koraidon|84\/100|[from] item: Rocky Helmet|[of] p2a: Sinistcha\n|faint|p2a: Sinistcha\n|-damage|p1a: Koraidon|52\/100|[from] Recoil\n|move|p1b: Ogerpon|Ivy Cudgel|p2b: Terapagos|[anim] Ivy Cudgel Rock\n|-damage|p2b: Terapagos|74\/100\n|\n|-damage|p1b: Ogerpon|23\/100 brn|[from] brn\n|upkeep\n|\n|t:|1719706376\n|switch|p2a: Incineroar|Incineroar, L50, M|26\/100\n|-ability|p2a: Incineroar|Intimidate|boost\n|-fail|p1a: Koraidon|unboost|[from] item: Clear Amulet|[of] p1a: Koraidon\n|-unboost|p1b: Ogerpon|atk|1\n|turn|4\n|\n|t:|1719706394\n|switch|p2a: Primarina|Primarina, L50, F|100\/100\n|move|p1a: Koraidon|Protect|p1a: Koraidon\n|-singleturn|p1a: Koraidon|Protect\n|move|p1b: Ogerpon|Spiky Shield|p1b: Ogerpon\n|-singleturn|p1b: Ogerpon|move: Protect\n|move|p2b: Terapagos|Tera Starstorm|p1b: Ogerpon|[spread] \n|-activate|p1a: Koraidon|move: Protect\n|-activate|p1b: Ogerpon|move: Protect\n|\n|-damage|p1b: Ogerpon|17\/100 brn|[from] brn\n|upkeep\n|turn|5\n|\n|t:|1719706413\n|switch|p1a: Gholdengo|Gholdengo, L50|100\/100\n|switch|p2b: Incineroar|Incineroar, L50, M|26\/100\n|-ability|p2b: Incineroar|Intimidate|boost\n|-unboost|p1a: Gholdengo|atk|1\n|-unboost|p1b: Ogerpon|atk|1\n|move|p1b: Ogerpon|Power Whip|p2a: Primarina\n|-supereffective|p2a: Primarina\n|-crit|p2a: Primarina\n|-damage|p2a: Primarina|0 fnt\n|faint|p2a: Primarina\n|\n|-damage|p1b: Ogerpon|11\/100 brn|[from] brn\n|upkeep\n|\n|t:|1719706416\n|switch|p2a: Terapagos|Terapagos-Stellar, L50, M, tera:Stellar|74\/100\n|turn|6\n|\n|t:|1719706435\n|move|p1b: Ogerpon|Spiky Shield|p1b: Ogerpon\n|-singleturn|p1b: Ogerpon|move: Protect\n|move|p1a: Gholdengo|Make It Rain|p2b: Incineroar|[spread] p2a,p2b\n|-resisted|p2b: Incineroar\n|-damage|p2a: Terapagos|30\/100\n|-damage|p2b: Incineroar|0 fnt\n|-unboost|p1a: Gholdengo|spa|1\n|faint|p2b: Incineroar\n|move|p2a: Terapagos|Tera Starstorm|p1a: Gholdengo|[spread] p1a\n|-activate|p1b: Ogerpon|move: Protect\n|-damage|p1a: Gholdengo|42\/100\n|\n|-damage|p1b: Ogerpon|6\/100 brn|[from] brn\n|upkeep\n|turn|7\n|-message|Auraen forfeited.\n|\n|win|bapechiang\n|raw|bapechiang's rating: 1683 &rarr; <strong>1704<\/strong><br \/>(+21 for winning)\n|raw|Auraen's rating: 1697 &rarr; <strong>1676<\/strong><br \/>(-21 for losing)\n|l|\u2606Auraen\n|player|p2|\n|l|\u2606bapechiang\n|player|p1|\n|l| wskig\n","uploadtime":1719706614,"views":8,"formatid":"gen9vgc2024regg","rating":1676,"private":0,"password":null}