{"id":"gen9vgc2024regg-2152431438","format":"[Gen 9] VGC 2024 Reg G","players":["biei\u2014test","charrahc"],"log":"|j|\u2606biei\u2014test\n|j|\u2606charrahc\n|t:|1719708549\n|gametype|doubles\n|player|p1|biei\u2014test|lillie-z|1737\n|player|p2|charrahc|170|1659\n|teamsize|p1|6\n|teamsize|p2|6\n|gen|9\n|tier|[Gen 9] VGC 2024 Reg G\n|rated|\n|rule|Species Clause: Limit one of each Pok\u00e9mon\n|rule|Item Clause: Limit one of each item\n|clearpoke\n|poke|p1|Gloom, L50, F|\n|poke|p1|Armarouge, L50, F|\n|poke|p1|Indeedee-F, L50, F|\n|poke|p1|Dewgong, L50, F|\n|poke|p1|Ting-Lu, L50|\n|poke|p1|Lunala, L50|\n|poke|p2|Whimsicott, L50, M|\n|poke|p2|Ogerpon-Cornerstone, L50, F|\n|poke|p2|Incineroar, L50, F|\n|poke|p2|Miraidon, L50|\n|poke|p2|Ursaluna-Bloodmoon, L50, M|\n|poke|p2|Farigiraf, L50, M|\n|teampreview|4\n|inactive|Battle timer is ON: inactive players will automatically lose when time's up. (requested by charrahc)\n|inactive|biei\u2014test has 60 seconds left.\n|\n|t:|1719708604\n|start\n|switch|p1a: Dewgong|Dewgong, L50, F|100\/100\n|switch|p1b: Lunala|Lunala, L50|100\/100\n|switch|p2a: Farigiraf|Farigiraf, L50, M|100\/100\n|switch|p2b: Miraidon|Miraidon, L50|100\/100\n|-fieldstart|move: Electric Terrain|[from] ability: Hadron Engine|[of] p2b: Miraidon\n|-enditem|p2a: Farigiraf|Electric Seed\n|-boost|p2a: Farigiraf|def|1|[from] item: Electric Seed\n|turn|1\n|inactive|charrahc has 30 seconds left.\n|\n|t:|1719708635\n|switch|p1a: Indeedee|Indeedee-F, L50, F|100\/100\n|-fieldstart|move: Psychic Terrain|[from] ability: Psychic Surge|[of] p1a: Indeedee\n|-terastallize|p2b: Miraidon|Electric\n|-terastallize|p1b: Lunala|Normal\n|move|p2a: Farigiraf|Helping Hand|p2b: Miraidon\n|-singleturn|p2b: Miraidon|Helping Hand|[of] p2a: Farigiraf\n|move|p2b: Miraidon|Electro Drift|p1b: Lunala\n|-damage|p1b: Lunala|34\/100\n|move|p1b: Lunala|Meteor Beam||[still]\n|-prepare|p1b: Lunala|Meteor Beam\n|-boost|p1b: Lunala|spa|1\n|-enditem|p1b: Lunala|Power Herb\n|-anim|p1b: Lunala|Meteor Beam|p2b: Miraidon\n|-damage|p2b: Miraidon|32\/100\n|\n|upkeep\n|turn|2\n|inactive|charrahc has 30 seconds left.\n|inactive|charrahc has 20 seconds left.\n|inactive|biei\u2014test has 30 seconds left.\n|inactive|biei\u2014test has 20 seconds left.\n|inactive|biei\u2014test has 15 seconds left.\n|\n|t:|1719708692\n|switch|p2b: Ursaluna|Ursaluna-Bloodmoon, L50, M|100\/100\n|switch|p1b: Ting-Lu|Ting-Lu, L50|100\/100\n|-ability|p1b: Ting-Lu|Vessel of Ruin\n|move|p1a: Indeedee|Trick Room|p1a: Indeedee\n|-fieldstart|move: Trick Room|[of] p1a: Indeedee\n|move|p2a: Farigiraf|Trick Room|p2a: Farigiraf\n|-fieldend|move: Trick Room\n|\n|upkeep\n|turn|3\n|\n|t:|1719708710\n|move|p2b: Ursaluna|Blood Moon|p1a: Indeedee\n|-damage|p1a: Indeedee|28\/100\n|-damage|p2b: Ursaluna|91\/100|[from] item: Life Orb\n|move|p2a: Farigiraf|Tera Blast|p1a: Indeedee\n|-damage|p1a: Indeedee|7\/100\n|move|p1b: Ting-Lu|Fissure|p2b: Ursaluna|[miss]\n|-miss|p1b: Ting-Lu|p2b: Ursaluna\n|move|p1a: Indeedee|Trick Room|p1a: Indeedee\n|-fieldstart|move: Trick Room|[of] p1a: Indeedee\n|\n|upkeep\n|turn|4\n|\n|t:|1719708720\n|move|p1b: Ting-Lu|Fissure|p2a: Farigiraf|[miss]\n|-miss|p1b: Ting-Lu|p2a: Farigiraf\n|move|p1a: Indeedee|Imprison|p1a: Indeedee\n|-start|p1a: Indeedee|move: Imprison\n|move|p2b: Ursaluna|Hyper Voice|p1b: Ting-Lu|[spread] p1a,p1b\n|-damage|p1a: Indeedee|0 fnt\n|-damage|p1b: Ting-Lu|84\/100\n|faint|p1a: Indeedee\n|-damage|p2b: Ursaluna|81\/100|[from] item: Life Orb\n|move|p2a: Farigiraf|Trick Room|p2a: Farigiraf\n|-fieldend|move: Trick Room\n|\n|upkeep\n|\n|t:|1719708726\n|switch|p1a: Dewgong|Dewgong, L50, F|100\/100\n|turn|5\n|\n|t:|1719708739\n|move|p2a: Farigiraf|Helping Hand|p2b: Ursaluna\n|-singleturn|p2b: Ursaluna|Helping Hand|[of] p2a: Farigiraf\n|move|p2b: Ursaluna|Blood Moon|p1a: Dewgong\n|-damage|p1a: Dewgong|0 fnt\n|faint|p1a: Dewgong\n|-damage|p2b: Ursaluna|72\/100|[from] item: Life Orb\n|move|p1b: Ting-Lu|Fissure|p2b: Ursaluna\n|-damage|p2b: Ursaluna|0 fnt\n|faint|p2b: Ursaluna\n|-ohko\n|\n|-fieldend|move: Psychic Terrain\n|upkeep\n|\n|t:|1719708750\n|switch|p2b: Ogerpon|Ogerpon-Cornerstone, L50, F|100\/100\n|switch|p1a: Lunala|Lunala, L50, tera:Normal|34\/100\n|turn|6\n|\n|t:|1719708762\n|move|p2a: Farigiraf|Helping Hand|p2b: Ogerpon\n|-singleturn|p2b: Ogerpon|Helping Hand|[of] p2a: Farigiraf\n|move|p2b: Ogerpon|Power Whip|p1b: Ting-Lu\n|-supereffective|p1b: Ting-Lu\n|-damage|p1b: Ting-Lu|0 fnt\n|faint|p1b: Ting-Lu\n|move|p1a: Lunala|Moongeist Beam|p2b: Ogerpon\n|-damage|p2b: Ogerpon|29\/100\n|\n|upkeep\n|turn|7\n|\n|t:|1719708770\n|move|p2b: Ogerpon|Ivy Cudgel|p1a: Lunala|[anim] Ivy Cudgel Rock\n|-damage|p1a: Lunala|0 fnt\n|faint|p1a: Lunala\n|\n|win|charrahc\n|raw|biei\u2014test's rating: 1737 &rarr; <strong>1713<\/strong><br \/>(-24 for losing)\n|raw|charrahc's rating: 1659 &rarr; <strong>1683<\/strong><br \/>(+24 for winning)\n|l|\u2606biei\u2014test\n|player|p1|\n|l|\u2606charrahc\n|player|p2|\n","uploadtime":1719708963,"views":18,"formatid":"gen9vgc2024regg","rating":1683,"private":0,"password":null}