{"id":"gen9vgc2024regg-2152649319","format":"[Gen 9] VGC 2024 Reg G","players":["nerd159","slimey18"],"log":"|j|\u2606nerd159\n|j|\u2606slimey18\n|t:|1719750394\n|gametype|doubles\n|player|p1|nerd159|170|1764\n|player|p2|slimey18|102|1685\n|teamsize|p1|6\n|teamsize|p2|6\n|gen|9\n|tier|[Gen 9] VGC 2024 Reg G\n|rated|\n|rule|Species Clause: Limit one of each Pok\u00e9mon\n|rule|Item Clause: Limit one of each item\n|clearpoke\n|poke|p1|Calyrex-Shadow, L50|\n|poke|p1|Whimsicott, L50, F|\n|poke|p1|Incineroar, L50, M|\n|poke|p1|Chi-Yu, L50|\n|poke|p1|Urshifu-*, L50, M|\n|poke|p1|Ogerpon-Cornerstone, L50, F|\n|poke|p2|Dusclops, L50, M|\n|poke|p2|Calyrex-Ice, L50|\n|poke|p2|Incineroar, L50, M|\n|poke|p2|Raging Bolt, L50|\n|poke|p2|Rillaboom, L50, M|\n|poke|p2|Araquanid, L50, F|\n|teampreview|4\n|j| IB_KICK1880\n|\n|t:|1719750417\n|start\n|switch|p1a: Calyrex|Calyrex-Shadow, L50|100\/100\n|switch|p1b: Urshifu|Urshifu-Rapid-Strike, L50, M|100\/100\n|switch|p2a: Raging Bolt|Raging Bolt, L50|100\/100\n|switch|p2b: Calyrex|Calyrex-Ice, L50|100\/100\n|-ability|p1a: Calyrex|As One\n|-ability|p1a: Calyrex|Unnerve\n|-ability|p2b: Calyrex|As One\n|-ability|p2b: Calyrex|Unnerve\n|turn|1\n|\n|t:|1719750427\n|-terastallize|p1b: Urshifu|Ghost\n|-terastallize|p2b: Calyrex|Water\n|move|p1a: Calyrex|Astral Barrage|p2b: Calyrex|[spread] p2a,p2b\n|-crit|p2a: Raging Bolt\n|-damage|p2a: Raging Bolt|36\/100\n|-damage|p2b: Calyrex|38\/100\n|move|p1b: Urshifu|Close Combat|p2b: Calyrex\n|-damage|p2b: Calyrex|0 fnt\n|-unboost|p1b: Urshifu|def|1\n|-unboost|p1b: Urshifu|spd|1\n|faint|p2b: Calyrex\n|move|p2a: Raging Bolt|Snarl|p1a: Calyrex|[spread] p1a,p1b\n|-supereffective|p1a: Calyrex\n|-supereffective|p1b: Urshifu\n|-damage|p1a: Calyrex|41\/100\n|-damage|p1b: Urshifu|41\/100\n|-unboost|p1a: Calyrex|spa|1\n|-unboost|p1b: Urshifu|spa|1\n|\n|upkeep\n|inactive|Battle timer is ON: inactive players will automatically lose when time's up. (requested by nerd159)\n|\n|t:|1719750447\n|switch|p2b: Rillaboom|Rillaboom, L50, M|100\/100\n|-fieldstart|move: Grassy Terrain|[from] ability: Grassy Surge|[of] p2b: Rillaboom\n|turn|2\n|\n|t:|1719750461\n|switch|p1a: Bad Cat|Incineroar, L50, M|100\/100\n|-ability|p1a: Bad Cat|Intimidate|boost\n|-unboost|p2a: Raging Bolt|atk|1\n|-unboost|p2b: Rillaboom|atk|1\n|switch|p1b: Ogerpon|Ogerpon-Cornerstone, L50, F|100\/100\n|move|p2b: Rillaboom|Grassy Glide|p1a: Bad Cat\n|-resisted|p1a: Bad Cat\n|-damage|p1a: Bad Cat|89\/100\n|move|p2a: Raging Bolt|Thunderclap||[still]\n|-fail|p2a: Raging Bolt\n|\n|-heal|p2a: Raging Bolt|42\/100|[from] Grassy Terrain\n|-heal|p1a: Bad Cat|95\/100|[from] Grassy Terrain\n|upkeep\n|turn|3\n|\n|t:|1719750480\n|-end|p2a: Raging Bolt|Protosynthesis|[silent]\n|switch|p2a: Dusclops|Dusclops, L50, M|100\/100\n|-item|p1a: Bad Cat|Sitrus Berry|[from] ability: Frisk|[of] p2a: Dusclops|[identify]\n|-item|p1b: Ogerpon|Cornerstone Mask|[from] ability: Frisk|[of] p2a: Dusclops|[identify]\n|move|p1a: Bad Cat|Fake Out|p2a: Dusclops\n|-immune|p2a: Dusclops\n|move|p1b: Ogerpon|Ivy Cudgel|p2a: Dusclops|[anim] Ivy Cudgel Rock\n|-damage|p2a: Dusclops|66\/100\n|move|p2b: Rillaboom|Wood Hammer|p1b: Ogerpon\n|-damage|p1b: Ogerpon|19\/100\n|-damage|p2b: Rillaboom|79\/100|[from] Recoil\n|\n|-heal|p1b: Ogerpon|25\/100|[from] Grassy Terrain\n|-heal|p2b: Rillaboom|85\/100|[from] Grassy Terrain\n|-heal|p1a: Bad Cat|100\/100|[from] Grassy Terrain\n|-heal|p2a: Dusclops|72\/100|[from] Grassy Terrain\n|upkeep\n|turn|4\n|\n|t:|1719750497\n|move|p1b: Ogerpon|Spiky Shield|p1b: Ogerpon\n|-singleturn|p1b: Ogerpon|move: Protect\n|move|p2b: Rillaboom|U-turn|p1a: Bad Cat\n|-damage|p1a: Bad Cat|85\/100\n|\n|t:|1719750501\n|switch|p2b: Raging Bolt|Raging Bolt, L50|42\/100|[from] U-turn\n|move|p1a: Bad Cat|Knock Off|p2a: Dusclops\n|-supereffective|p2a: Dusclops\n|-damage|p2a: Dusclops|22\/100\n|-enditem|p2a: Dusclops|Eviolite|[from] move: Knock Off|[of] p1a: Bad Cat\n|move|p2a: Dusclops|Trick Room|p2a: Dusclops\n|-fieldstart|move: Trick Room|[of] p2a: Dusclops\n|\n|-heal|p2a: Dusclops|28\/100|[from] Grassy Terrain\n|-heal|p1a: Bad Cat|91\/100|[from] Grassy Terrain\n|-heal|p2b: Raging Bolt|48\/100|[from] Grassy Terrain\n|-heal|p1b: Ogerpon|31\/100|[from] Grassy Terrain\n|upkeep\n|turn|5\n|\n|t:|1719750518\n|switch|p1b: Urshifu|Urshifu-Rapid-Strike, L50, M, tera:Ghost|41\/100\n|move|p2a: Dusclops|Pain Split|p1a: Bad Cat\n|-sethp|p1a: Bad Cat|55\/100|[from] move: Pain Split|[silent]\n|-sethp|p2a: Dusclops|76\/100|[from] move: Pain Split\n|move|p1a: Bad Cat|Knock Off|p2b: Raging Bolt\n|-damage|p2b: Raging Bolt|16\/100\n|-enditem|p2b: Raging Bolt|Assault Vest|[from] move: Knock Off|[of] p1a: Bad Cat\n|move|p2b: Raging Bolt|Draco Meteor|p1b: Urshifu\n|-damage|p1b: Urshifu|0 fnt\n|-unboost|p2b: Raging Bolt|spa|2\n|faint|p1b: Urshifu\n|\n|-heal|p2a: Dusclops|82\/100|[from] Grassy Terrain\n|-heal|p1a: Bad Cat|61\/100|[from] Grassy Terrain\n|-heal|p2b: Raging Bolt|22\/100|[from] Grassy Terrain\n|upkeep\n|c|\u2606nerd159|well that was a bad switch lol\n|\n|t:|1719750537\n|switch|p1b: Ogerpon|Ogerpon-Cornerstone, L50, F|31\/100\n|turn|6\n|\n|t:|1719750553\n|move|p1b: Ogerpon|Spiky Shield|p1b: Ogerpon\n|-singleturn|p1b: Ogerpon|move: Protect\n|move|p2a: Dusclops|Night Shade|p1a: Bad Cat\n|-damage|p1a: Bad Cat|37\/100\n|-enditem|p1a: Bad Cat|Sitrus Berry|[eat]\n|-heal|p1a: Bad Cat|61\/100|[from] item: Sitrus Berry\n|move|p1a: Bad Cat|Parting Shot|p2a: Dusclops\n|-unboost|p2a: Dusclops|atk|1\n|-unboost|p2a: Dusclops|spa|1\n|\n|t:|1719750562\n|switch|p1a: Calyrex|Calyrex-Shadow, L50|41\/100|[from] Parting Shot\n|-ability|p1a: Calyrex|As One\n|-ability|p1a: Calyrex|Unnerve\n|move|p2b: Raging Bolt|Draco Meteor|p1a: Calyrex\n|-damage|p1a: Calyrex|7\/100\n|-unboost|p2b: Raging Bolt|spa|2\n|\n|-heal|p2a: Dusclops|88\/100|[from] Grassy Terrain\n|-heal|p2b: Raging Bolt|29\/100|[from] Grassy Terrain\n|-heal|p1b: Ogerpon|37\/100|[from] Grassy Terrain\n|-heal|p1a: Calyrex|12\/100|[from] Grassy Terrain\n|-fieldend|move: Grassy Terrain\n|upkeep\n|turn|7\n|inactive|slimey18 has 30 seconds left.\n|inactive|nerd159 has 30 seconds left.\n|inactive|slimey18 has 20 seconds left.\n|inactive|slimey18 has 15 seconds left.\n|\n|t:|1719750603\n|switch|p1a: Bad Cat|Incineroar, L50, M|61\/100\n|-ability|p1a: Bad Cat|Intimidate|boost\n|-unboost|p2a: Dusclops|atk|1\n|-unboost|p2b: Raging Bolt|atk|1\n|move|p2a: Dusclops|Night Shade|p1b: Ogerpon\n|-damage|p1b: Ogerpon|4\/100\n|move|p2b: Raging Bolt|Volt Switch|p1b: Ogerpon\n|-resisted|p1b: Ogerpon\n|-damage|p1b: Ogerpon|0 fnt\n|faint|p1b: Ogerpon\n|\n|t:|1719750615\n|-end|p2b: Raging Bolt|Protosynthesis|[silent]\n|switch|p2b: Rillaboom|Rillaboom, L50, M|85\/100|[from] Volt Switch\n|-fieldstart|move: Grassy Terrain|[from] ability: Grassy Surge|[of] p2b: Rillaboom\n|\n|-heal|p2a: Dusclops|94\/100|[from] Grassy Terrain\n|-heal|p1a: Bad Cat|67\/100|[from] Grassy Terrain\n|-heal|p2b: Rillaboom|91\/100|[from] Grassy Terrain\n|upkeep\n|-message|nerd159 forfeited.\n|\n|win|slimey18\n|raw|nerd159's rating: 1764 &rarr; <strong>1740<\/strong><br \/>(-24 for losing)\n|raw|slimey18's rating: 1685 &rarr; <strong>1709<\/strong><br \/>(+24 for winning)\n|l|\u2606nerd159\n|player|p1|\n|l|\u2606slimey18\n|player|p2|\n|l| IB_KICK1880\n","uploadtime":1719750790,"views":23,"formatid":"gen9vgc2024regg","rating":1709,"private":0,"password":null}