{"id":"gen9vgc2024regg-2152815450","format":"[Gen 9] VGC 2024 Reg G","players":["anton19","zenchaos"],"log":"|j|\u2606anton19\n|j|\u2606zenchaos\n|t:|1719773699\n|gametype|doubles\n|player|p1|anton19|170|1649\n|player|p2|zenchaos|265|1728\n|teamsize|p1|6\n|teamsize|p2|6\n|gen|9\n|tier|[Gen 9] VGC 2024 Reg G\n|rated|\n|rule|Species Clause: Limit one of each Pok\u00e9mon\n|rule|Item Clause: Limit one of each item\n|clearpoke\n|poke|p1|Incineroar, L50, M|\n|poke|p1|Rillaboom, L50, F|\n|poke|p1|Calyrex-Shadow, L50|\n|poke|p1|Urshifu-*, L50, M|\n|poke|p1|Clefairy, L50, F|\n|poke|p1|Tornadus, L50, M|\n|poke|p2|Grimmsnarl, L50, M|\n|poke|p2|Incineroar, L50, F|\n|poke|p2|Eternatus, L50|\n|poke|p2|Comfey, L50, M|\n|poke|p2|Ogerpon-Wellspring, L50, F|\n|poke|p2|Rillaboom, L50, M|\n|teampreview|4\n|inactive|Battle timer is ON: inactive players will automatically lose when time's up. (requested by anton19)\nanton19 has agreed to open team sheets.\nzenchaos has agreed to open team sheets.\n|\n|t:|1719773738\n|start\n|switch|p1a: Clefairy|Clefairy, L50, F|100\/100\n|switch|p1b: Calyrex|Calyrex-Shadow, L50|100\/100\n|switch|p2a: Eternatus|Eternatus, L50|100\/100\n|switch|p2b: Grimmsnarl|Grimmsnarl, L50, M|100\/100\n|-ability|p1b: Calyrex|As One\n|-ability|p1b: Calyrex|Unnerve\n|-ability|p2a: Eternatus|Pressure\n|turn|1\n|j| shane999999\n|\n|t:|1719773750\n|switch|p2b: Ogerpon|Ogerpon-Wellspring, L50, F|100\/100\n|move|p1a: Clefairy|Follow Me|p1a: Clefairy\n|-singleturn|p1a: Clefairy|move: Follow Me\n|move|p1b: Calyrex|Nasty Plot|p1b: Calyrex\n|-boost|p1b: Calyrex|spa|2\n|move|p2a: Eternatus|Cosmic Power|p2a: Eternatus\n|-boost|p2a: Eternatus|def|1\n|-boost|p2a: Eternatus|spd|1\n|\n|upkeep\n|turn|2\n|\n|t:|1719773766\n|-terastallize|p1a: Clefairy|Grass\n|move|p1a: Clefairy|Follow Me|p1a: Clefairy\n|-singleturn|p1a: Clefairy|move: Follow Me\n|move|p1b: Calyrex|Nasty Plot|p1b: Calyrex\n|-boost|p1b: Calyrex|spa|2\n|move|p2b: Ogerpon|Taunt|p1a: Clefairy\n|-start|p1a: Clefairy|move: Taunt\n|move|p2a: Eternatus|Cosmic Power|p2a: Eternatus\n|-boost|p2a: Eternatus|def|1\n|-boost|p2a: Eternatus|spd|1\n|\n|upkeep\n|turn|3\n|\n|t:|1719773784\n|switch|p1a: Incineroar|Incineroar, L50, M|100\/100\n|-ability|p1a: Incineroar|Intimidate|boost\n|-unboost|p2a: Eternatus|atk|1\n|-unboost|p2b: Ogerpon|atk|1\n|-terastallize|p2b: Ogerpon|Water\n|detailschange|p2b: Ogerpon|Ogerpon-Wellspring-Tera, L50, F, tera:Water\n|-ability|p2b: Ogerpon|Embody Aspect (Wellspring)|boost\n|-boost|p2b: Ogerpon|spd|1\n|move|p1b: Calyrex|Astral Barrage|p2a: Eternatus|[spread] p2a,p2b\n|-damage|p2a: Eternatus|41\/100\n|-damage|p2b: Ogerpon|0 fnt\n|faint|p2b: Ogerpon\n|-ability|p1b: Calyrex|Grim Neigh|boost\n|-boost|p1b: Calyrex|spa|1\n|move|p2a: Eternatus|Toxic|p1b: Calyrex\n|-status|p1b: Calyrex|tox\n|\n|-heal|p2a: Eternatus|47\/100|[from] item: Leftovers\n|-damage|p1b: Calyrex|95\/100 tox|[from] psn\n|upkeep\n|\n|t:|1719773794\n|switch|p2b: Comfey|Comfey, L50, M|100\/100\n|turn|4\n|\n|t:|1719773803\n|move|p2b: Comfey|Floral Healing|p2a: Eternatus\n|-heal|p2a: Eternatus|97\/100\n|move|p1a: Incineroar|Fake Out|p2a: Eternatus\n|-damage|p2a: Eternatus|93\/100\n|move|p1b: Calyrex|Astral Barrage|p2b: Comfey|[spread] p2a,p2b\n|-damage|p2a: Eternatus|27\/100\n|-damage|p2b: Comfey|0 fnt\n|faint|p2b: Comfey\n|-ability|p1b: Calyrex|Grim Neigh|boost\n|-boost|p1b: Calyrex|spa|1\n|cant|p2a: Eternatus|flinch\n|\n|-heal|p2a: Eternatus|33\/100|[from] item: Leftovers\n|-damage|p1b: Calyrex|83\/100 tox|[from] psn\n|upkeep\n|\n|t:|1719773807\n|switch|p2b: Grimmsnarl|Grimmsnarl, L50, M|100\/100\n|turn|5\n|\n|t:|1719773822\n|move|p2b: Grimmsnarl|Light Screen|p2b: Grimmsnarl\n|-sidestart|p2: zenchaos|move: Light Screen\n|move|p1b: Calyrex|Astral Barrage|p2b: Grimmsnarl|[spread] p2a,p2b\n|-resisted|p2b: Grimmsnarl\n|-damage|p2a: Eternatus|0 fnt\n|-damage|p2b: Grimmsnarl|34\/100\n|faint|p2a: Eternatus\n|move|p1a: Incineroar|Flare Blitz|p2b: Grimmsnarl\n|-damage|p2b: Grimmsnarl|0 fnt\n|faint|p2b: Grimmsnarl\n|-damage|p1a: Incineroar|90\/100|[from] Recoil\n|\n|win|anton19\n|raw|anton19's rating: 1649 &rarr; <strong>1673<\/strong><br \/>(+24 for winning)\n|raw|zenchaos's rating: 1728 &rarr; <strong>1704<\/strong><br \/>(-24 for losing)\n|l|\u2606zenchaos\n|player|p2|\n|l| shane999999\n","uploadtime":1719774047,"views":16,"formatid":"gen9vgc2024regg","rating":1673,"private":0,"password":null}