{"id":"gen9vgc2024regg-2152980253","format":"[Gen 9] VGC 2024 Reg G","players":["roykeenkennedy","BapeChiang"],"log":"|j|\u2606roykeenkennedy\n|j|\u2606BapeChiang\n|t:|1719796085\n|gametype|doubles\n|player|p1|roykeenkennedy|alder|1677\n|player|p2|BapeChiang|101|1703\n|teamsize|p1|6\n|teamsize|p2|6\n|gen|9\n|tier|[Gen 9] VGC 2024 Reg G\n|rated|\n|rule|Species Clause: Limit one of each Pok\u00e9mon\n|rule|Item Clause: Limit one of each item\n|clearpoke\n|poke|p1|Zamazenta-*, L50|\n|poke|p1|Tornadus, L50, M|\n|poke|p1|Urshifu-*, L50, F|\n|poke|p1|Sinistcha, L50|\n|poke|p1|Grimmsnarl, L50, M|\n|poke|p1|Annihilape, L50, F|\n|poke|p2|Koraidon, L50|\n|poke|p2|Flutter Mane, L50|\n|poke|p2|Incineroar, L50, F|\n|poke|p2|Ogerpon-Cornerstone, L50, F|\n|poke|p2|Grimmsnarl, L50, M|\n|poke|p2|Gholdengo, L50|\n|teampreview|4\n|inactive|Battle timer is ON: inactive players will automatically lose when time's up. (requested by BapeChiang)\n|\n|t:|1719796118\n|start\n|switch|p1a: Urshifu|Urshifu-Rapid-Strike, L50, F|100\/100\n|switch|p1b: Annihilape|Annihilape, L50, F|100\/100\n|switch|p2a: Gholdengo|Gholdengo, L50|100\/100\n|switch|p2b: Grimmsnarl|Grimmsnarl, L50, M, shiny|100\/100\n|turn|1\n|\n|t:|1719796137\n|move|p2b: Grimmsnarl|Thunder Wave|p1a: Urshifu\n|-status|p1a: Urshifu|par\n|move|p1b: Annihilape|Coaching|p1a: Urshifu\n|-boost|p1a: Urshifu|atk|1\n|-boost|p1a: Urshifu|def|1\n|move|p2a: Gholdengo|Thunderbolt|p1a: Urshifu\n|-supereffective|p1a: Urshifu\n|-damage|p1a: Urshifu|30\/100 par\n|move|p1a: Urshifu|Surging Strikes|p2a: Gholdengo\n|-crit|p2a: Gholdengo\n|-damage|p2a: Gholdengo|73\/100\n|-crit|p2a: Gholdengo\n|-damage|p2a: Gholdengo|46\/100\n|-crit|p2a: Gholdengo\n|-damage|p2a: Gholdengo|18\/100\n|-hitcount|p2a: Gholdengo|3\n|\n|upkeep\n|turn|2\n|inactive|roykeenkennedy has 30 seconds left.\n|\n|t:|1719796167\n|switch|p1b: Tornadus|Tornadus, L50, M|100\/100\n|move|p2b: Grimmsnarl|Thunder Wave|p1b: Tornadus|[miss]\n|-miss|p2b: Grimmsnarl|p1b: Tornadus\n|cant|p1a: Urshifu|par\n|move|p2a: Gholdengo|Thunderbolt|p1a: Urshifu\n|-supereffective|p1a: Urshifu\n|-damage|p1a: Urshifu|0 fnt\n|faint|p1a: Urshifu\n|\n|upkeep\n|\n|t:|1719796183\n|switch|p1a: Zamazenta|Zamazenta-Crowned, L50|100\/100\n|-ability|p1a: Zamazenta|Dauntless Shield|boost\n|-boost|p1a: Zamazenta|def|1\n|turn|3\n|\n|t:|1719796202\n|move|p2b: Grimmsnarl|Thunder Wave|p1a: Zamazenta\n|-status|p1a: Zamazenta|par\n|move|p1b: Tornadus|Bleakwind Storm|p2b: Grimmsnarl|[spread] p2a,p2b\n|-resisted|p2a: Gholdengo\n|-damage|p2a: Gholdengo|0 fnt\n|-damage|p2b: Grimmsnarl|69\/100\n|faint|p2a: Gholdengo\n|cant|p1a: Zamazenta|par\n|\n|upkeep\n|\n|t:|1719796211\n|switch|p2a: Koraidon|Koraidon, L50|100\/100\n|-weather|SunnyDay|[from] ability: Orichalcum Pulse|[of] p2a: Koraidon\n|-activate|p2a: Koraidon|Orichalcum Pulse|[source]\n|turn|4\n|\n|t:|1719796226\n|-terastallize|p2a: Koraidon|Fire\n|-terastallize|p1a: Zamazenta|Grass\n|move|p1b: Tornadus|Rain Dance|p1b: Tornadus\n|-weather|RainDance\n|move|p2b: Grimmsnarl|Reflect|p2b: Grimmsnarl\n|-sidestart|p2: BapeChiang|Reflect\n|move|p2a: Koraidon|Swords Dance|p2a: Koraidon\n|-boost|p2a: Koraidon|atk|2\n|move|p1a: Zamazenta|Body Press|p2a: Koraidon\n|-damage|p2a: Koraidon|56\/100\n|\n|-weather|RainDance|[upkeep]\n|upkeep\n|turn|5\n|inactive|roykeenkennedy has 30 seconds left.\n|\n|t:|1719796257\n|move|p2b: Grimmsnarl|Thunder Wave|p1b: Tornadus\n|-status|p1b: Tornadus|par\n|move|p2a: Koraidon|Flare Blitz|p1a: Zamazenta\n|-supereffective|p1a: Zamazenta\n|-damage|p1a: Zamazenta|47\/100 par\n|-damage|p2a: Koraidon|39\/100|[from] Recoil\n|move|p1a: Zamazenta|Body Press|p2a: Koraidon\n|-crit|p2a: Koraidon\n|-damage|p2a: Koraidon|0 fnt\n|faint|p2a: Koraidon\n|move|p1b: Tornadus|Bleakwind Storm|p2b: Grimmsnarl\n|-damage|p2b: Grimmsnarl|23\/100\n|\n|-weather|RainDance|[upkeep]\n|upkeep\n|\n|t:|1719796272\n|switch|p2a: Flutter Mane|Flutter Mane, L50|100\/100\n|turn|6\n|\n|t:|1719796291\n|move|p2b: Grimmsnarl|Light Screen|p2b: Grimmsnarl\n|-sidestart|p2: BapeChiang|move: Light Screen\n|move|p1b: Tornadus|Tailwind|p1b: Tornadus\n|-sidestart|p1: roykeenkennedy|move: Tailwind\n|move|p2a: Flutter Mane|Moonblast|p1a: Zamazenta\n|-damage|p1a: Zamazenta|12\/100 par\n|cant|p1a: Zamazenta|par\n|\n|-weather|RainDance|[upkeep]\n|upkeep\n|turn|7\n|c|\u2606roykeenkennedy|Dude get more paras\n|\n|t:|1719796313\n|move|p2a: Flutter Mane|Dazzling Gleam|p1a: Zamazenta|[spread] p1a,p1b\n|-damage|p1a: Zamazenta|0 fnt\n|-damage|p1b: Tornadus|62\/100 par\n|faint|p1a: Zamazenta\n|move|p1b: Tornadus|Bleakwind Storm|p2b: Grimmsnarl|[spread] p2a,p2b\n|-damage|p2a: Flutter Mane|73\/100\n|-damage|p2b: Grimmsnarl|0 fnt\n|faint|p2b: Grimmsnarl\n|\n|-weather|RainDance|[upkeep]\n|upkeep\n|c|\u2606roykeenkennedy|Gg\n|\n|t:|1719796326\n|switch|p1a: Annihilape|Annihilape, L50, F|100\/100\n|turn|8\n|\n|t:|1719796333\n|move|p1a: Annihilape|Shadow Claw|p2a: Flutter Mane\n|-supereffective|p2a: Flutter Mane\n|-damage|p2a: Flutter Mane|0 fnt\n|faint|p2a: Flutter Mane\n|-end|p2a: Flutter Mane|Protosynthesis|[silent]\n|\n|win|roykeenkennedy\n|raw|roykeenkennedy's rating: 1677 &rarr; <strong>1698<\/strong><br \/>(+21 for winning)\n|raw|BapeChiang's rating: 1703 &rarr; <strong>1682<\/strong><br \/>(-21 for losing)\n|l|\u2606BapeChiang\n|player|p2|\n","uploadtime":1719796607,"views":8,"formatid":"gen9vgc2024regg","rating":1682,"private":0,"password":null}