{"id":"gen9vgc2024regg-2152807295","format":"[Gen 9] VGC 2024 Reg G","players":["Hwaybert","thanosgreninja"],"log":"|j|\u2606Hwaybert\n|j|\u2606thanosgreninja\n|t:|1719772703\n|gametype|doubles\n|player|p1|Hwaybert|101|1721\n|player|p2|thanosgreninja|hilbert|1734\n|teamsize|p1|6\n|teamsize|p2|6\n|gen|9\n|tier|[Gen 9] VGC 2024 Reg G\n|rated|\n|rule|Species Clause: Limit one of each Pok\u00e9mon\n|rule|Item Clause: Limit one of each item\n|clearpoke\n|poke|p1|Calyrex-Shadow, L50|\n|poke|p1|Indeedee-F, L50, F|\n|poke|p1|Pawmot, L50, M|\n|poke|p1|Rabsca, L50, M|\n|poke|p1|Okidogi, L50, M|\n|poke|p1|Regieleki, L50|\n|poke|p2|Calyrex-Ice, L50|\n|poke|p2|Incineroar, L50, M|\n|poke|p2|Pelipper, L50, M|\n|poke|p2|Raging Bolt, L50|\n|poke|p2|Urshifu-*, L50, F|\n|poke|p2|Rillaboom, L50, M|\n|teampreview|4\n|j| shane999999\n|inactive|Battle timer is ON: inactive players will automatically lose when time's up. (requested by thanosgreninja)\n|inactive|Hwaybert has 60 seconds left.\n|\n|t:|1719772814\n|start\n|switch|p1a: Calyrex|Calyrex-Shadow, L50|100\/100\n|switch|p1b: Regieleki|Regieleki, L50|100\/100\n|switch|p2a: Urshifu|Urshifu-Rapid-Strike, L50, F|100\/100\n|switch|p2b: Incineroar|Incineroar, L50, M|100\/100\n|-ability|p1a: Calyrex|As One\n|-ability|p1a: Calyrex|Unnerve\n|-ability|p2b: Incineroar|Intimidate|boost\n|-unboost|p1a: Calyrex|atk|1\n|-unboost|p1b: Regieleki|atk|1\n|turn|1\n|inactive|Hwaybert has 30 seconds left.\n|inactive|Hwaybert has 20 seconds left.\n|inactive|Hwaybert has 15 seconds left.\n|inactive|Hwaybert has 10 seconds left.\n|\n|t:|1719772860\n|switch|p1b: Okidogi|Okidogi, L50, M|100\/100\n|switch|p2a: Rillaboom|Rillaboom, L50, M|100\/100\n|-fieldstart|move: Grassy Terrain|[from] ability: Grassy Surge|[of] p2a: Rillaboom\n|move|p1a: Calyrex|Expanding Force|p2a: Rillaboom\n|-damage|p2a: Rillaboom|60\/100\n|move|p2b: Incineroar|Knock Off|p1a: Calyrex\n|-supereffective|p1a: Calyrex\n|-damage|p1a: Calyrex|0 fnt\n|-enditem|p1a: Calyrex|Choice Scarf|[from] move: Knock Off|[of] p2b: Incineroar\n|faint|p1a: Calyrex\n|\n|-heal|p2a: Rillaboom|66\/100|[from] Grassy Terrain\n|upkeep\n|\n|t:|1719772867\n|switch|p1a: Regieleki|Regieleki, L50|100\/100\n|turn|2\n|\n|t:|1719772891\n|switch|p1b: Indeedee|Indeedee-F, L50, F|100\/100\n|-fieldstart|move: Psychic Terrain|[from] ability: Psychic Surge|[of] p1b: Indeedee\n|-enditem|p1b: Indeedee|Psychic Seed\n|-boost|p1b: Indeedee|spd|1|[from] item: Psychic Seed\n|move|p1a: Regieleki|Protect|p1a: Regieleki\n|-singleturn|p1a: Regieleki|Protect\n|move|p2a: Rillaboom|Fake Out|p1b: Indeedee\n|-activate|p1b: Indeedee|move: Psychic Terrain\n|move|p2b: Incineroar|Parting Shot|p1a: Regieleki\n|-activate|p1a: Regieleki|move: Protect\n|\n|upkeep\n|turn|3\n|inactive|thanosgreninja has 30 seconds left.\n|\n|t:|1719772917\n|-terastallize|p1a: Regieleki|Normal\n|move|p1b: Indeedee|Protect|p1b: Indeedee\n|-singleturn|p1b: Indeedee|Protect\n|move|p1a: Regieleki|Explosion|p2b: Incineroar|[spread] p2a,p2b\n|-activate|p1b: Indeedee|move: Protect\n|-damage|p2a: Rillaboom|0 fnt\n|-damage|p2b: Incineroar|0 fnt\n|faint|p1a: Regieleki\n|faint|p2a: Rillaboom\n|faint|p2b: Incineroar\n|\n|upkeep\n|\n|t:|1719772928\n|switch|p1a: Okidogi|Okidogi, L50, M|100\/100\n|switch|p2a: Urshifu|Urshifu-Rapid-Strike, L50, F|100\/100\n|switch|p2b: Calyrex|Calyrex-Ice, L50|100\/100\n|-ability|p2b: Calyrex|As One\n|-ability|p2b: Calyrex|Unnerve\n|turn|4\n|inactive|Hwaybert has 30 seconds left.\n|\n|t:|1719772959\n|-terastallize|p2a: Urshifu|Water\n|move|p2a: Urshifu|Surging Strikes|p1a: Okidogi\n|-crit|p1a: Okidogi\n|-damage|p1a: Okidogi|79\/100\n|-crit|p1a: Okidogi\n|-damage|p1a: Okidogi|56\/100\n|-crit|p1a: Okidogi\n|-damage|p1a: Okidogi|35\/100\n|-hitcount|p1a: Okidogi|3\n|move|p1a: Okidogi|Drain Punch|p2a: Urshifu\n|-damage|p2a: Urshifu|66\/100\n|-heal|p1a: Okidogi|50\/100|[from] drain|[of] p2a: Urshifu\n|move|p1b: Indeedee|Dazzling Gleam|p2a: Urshifu|[spread] p2a,p2b\n|-damage|p2a: Urshifu|48\/100\n|-damage|p2b: Calyrex|92\/100\n|move|p2b: Calyrex|Glacial Lance|p1b: Indeedee|[spread] p1a,p1b\n|-crit|p1b: Indeedee\n|-damage|p1a: Okidogi|7\/100\n|-damage|p1b: Indeedee|15\/100\n|\n|upkeep\n|turn|5\n|\n|t:|1719772979\n|move|p1b: Indeedee|Follow Me|p1b: Indeedee\n|-singleturn|p1b: Indeedee|move: Follow Me\n|move|p2a: Urshifu|Surging Strikes|p1b: Indeedee\n|-crit|p1b: Indeedee\n|-damage|p1b: Indeedee|0 fnt\n|faint|p1b: Indeedee\n|-hitcount|p1: Indeedee|1\n|move|p1a: Okidogi|Knock Off|p2b: Calyrex\n|-supereffective|p2b: Calyrex\n|-damage|p2b: Calyrex|58\/100\n|-enditem|p2b: Calyrex|Clear Amulet|[from] move: Knock Off|[of] p1a: Okidogi\n|move|p2b: Calyrex|Glacial Lance|p1a: Okidogi\n|-damage|p1a: Okidogi|0 fnt\n|faint|p1a: Okidogi\n|\n|win|thanosgreninja\n|raw|Hwaybert's rating: 1721 &rarr; <strong>1702<\/strong><br \/>(-19 for losing)\n|raw|thanosgreninja's rating: 1734 &rarr; <strong>1753<\/strong><br \/>(+19 for winning)\n|l| shane999999\n|l|\u2606thanosgreninja\n|player|p2|\n|c|\u2606Hwaybert|Yeah, this is too troll haha\n|l|\u2606Hwaybert\n|player|p1|\n","uploadtime":1719773216,"views":25,"formatid":"gen9vgc2024regg","rating":1702,"private":0,"password":null}