{"id":"gen9vgc2024regg-2152818572","format":"[Gen 9] VGC 2024 Reg G","players":["Geomancy Dunsparce","zenchaos"],"log":"|j|\u2606Geomancy Dunsparce\n|j|\u2606zenchaos\n|t:|1719774099\n|gametype|doubles\n|player|p1|Geomancy Dunsparce|scientist-gen4|1681\n|player|p2|zenchaos|265|1696\n|teamsize|p1|6\n|teamsize|p2|6\n|gen|9\n|tier|[Gen 9] VGC 2024 Reg G\n|rated|\n|rule|Species Clause: Limit one of each Pok\u00e9mon\n|rule|Item Clause: Limit one of each item\n|clearpoke\n|poke|p1|Miraidon, L50|\n|poke|p1|Whimsicott, L50, F|\n|poke|p1|Ursaluna-Bloodmoon, L50, M|\n|poke|p1|Farigiraf, L50, F|\n|poke|p1|Incineroar, L50, F|\n|poke|p1|Chi-Yu, L50|\n|poke|p2|Ursaluna-Bloodmoon, L50, M|\n|poke|p2|Miraidon, L50|\n|poke|p2|Ogerpon-Cornerstone, L50, F|\n|poke|p2|Farigiraf, L50, F|\n|poke|p2|Incineroar, L50, M|\n|poke|p2|Whimsicott, L50, F|\n|teampreview|4\n|inactive|Battle timer is ON: inactive players will automatically lose when time's up. (requested by Geomancy Dunsparce)\n|j| BlastMasterSan\n|inactive|Geomancy Dunsparce has 60 seconds left.\n|\n|t:|1719774147\n|start\n|switch|p1a: Miraidon|Miraidon, L50|100\/100\n|switch|p1b: Chi-Yu|Chi-Yu, L50|100\/100\n|switch|p2a: Miraidon|Miraidon, L50|100\/100\n|switch|p2b: Farigiraf|Farigiraf, L50, F|100\/100\n|-ability|p1b: Chi-Yu|Beads of Ruin\n|-fieldstart|move: Electric Terrain|[from] ability: Hadron Engine|[of] p2a: Miraidon\n|-enditem|p2b: Farigiraf|Electric Seed\n|-boost|p2b: Farigiraf|def|1|[from] item: Electric Seed\n|-activate|p1a: Miraidon|ability: Hadron Engine\n|turn|1\n|inactive|zenchaos has 30 seconds left.\n|\n|t:|1719774173\n|-terastallize|p1a: Miraidon|Electric\n|move|p2b: Farigiraf|Helping Hand|p2a: Miraidon\n|-singleturn|p2a: Miraidon|Helping Hand|[of] p2b: Farigiraf\n|move|p1b: Chi-Yu|Snarl|p2a: Miraidon|[spread] p2a,p2b\n|-supereffective|p2b: Farigiraf\n|-damage|p2a: Miraidon|71\/100\n|-damage|p2b: Farigiraf|42\/100\n|-unboost|p2a: Miraidon|spa|1\n|-unboost|p2b: Farigiraf|spa|1\n|move|p2a: Miraidon|Volt Switch|p1b: Chi-Yu\n|-damage|p1b: Chi-Yu|0 fnt\n|faint|p1b: Chi-Yu\n|\n|t:|1719774178\n|switch|p2a: Whimsicott|Whimsicott, L50, F|100\/100|[from] Volt Switch\n|move|p1a: Miraidon|Draco Meteor|p2a: Whimsicott\n|-immune|p2a: Whimsicott\n|\n|upkeep\n|\n|t:|1719774192\n|switch|p1b: Whimsicott|Whimsicott, L50, F|100\/100\n|turn|2\n|\n|t:|1719774205\n|move|p2a: Whimsicott|Encore|p1a: Miraidon\n|-start|p1a: Miraidon|Encore\n|move|p1b: Whimsicott|Tailwind|p1b: Whimsicott\n|-sidestart|p1: Geomancy Dunsparce|move: Tailwind\n|move|p1a: Miraidon|Draco Meteor|p2b: Farigiraf\n|-damage|p2b: Farigiraf|0 fnt\n|-unboost|p1a: Miraidon|spa|2\n|faint|p2b: Farigiraf\n|\n|upkeep\n|\n|t:|1719774218\n|switch|p2b: Miraidon|Miraidon, L50|71\/100\n|-activate|p2b: Miraidon|ability: Hadron Engine\n|turn|3\n|\n|t:|1719774233\n|-terastallize|p2b: Miraidon|Electric\n|move|p1b: Whimsicott|Encore||[still]\n|-fail|p1b: Whimsicott\n|move|p2a: Whimsicott|Tailwind|p2a: Whimsicott\n|-sidestart|p2: zenchaos|move: Tailwind\n|move|p2b: Miraidon|Volt Switch|p1b: Whimsicott\n|-resisted|p1b: Whimsicott\n|-enditem|p1b: Whimsicott|Focus Sash\n|-damage|p1b: Whimsicott|1\/100\n|\n|t:|1719774243\n|switch|p2b: Ursaluna|Ursaluna-Bloodmoon, L50, M|100\/100|[from] Volt Switch\n|move|p1a: Miraidon|Draco Meteor|p2b: Ursaluna\n|-damage|p2b: Ursaluna|9\/100\n|-unboost|p1a: Miraidon|spa|2\n|\n|upkeep\n|turn|4\n|inactive|Geomancy Dunsparce has 30 seconds left.\n|\n|t:|1719774275\n|switch|p1a: Ursaluna|Ursaluna-Bloodmoon, L50, M|100\/100\n|switch|p2a: Miraidon|Miraidon, L50, tera:Electric|71\/100\n|-activate|p2a: Miraidon|ability: Hadron Engine\n|move|p2b: Ursaluna|Protect|p2b: Ursaluna\n|-singleturn|p2b: Ursaluna|Protect\n|move|p1b: Whimsicott|Moonblast|p2a: Miraidon\n|-damage|p2a: Miraidon|36\/100\n|\n|upkeep\n|turn|5\n|\n|t:|1719774292\n|move|p1b: Whimsicott|Cotton Spore|p2a: Miraidon|[spread] p2a,p2b\n|-unboost|p2a: Miraidon|spe|2\n|-unboost|p2b: Ursaluna|spe|2\n|move|p1a: Ursaluna|Hyper Voice|p2b: Ursaluna|[spread] p2a,p2b\n|-crit|p2b: Ursaluna\n|-damage|p2a: Miraidon|0 fnt\n|-damage|p2b: Ursaluna|0 fnt\n|faint|p2a: Miraidon\n|faint|p2b: Ursaluna\n|-damage|p1a: Ursaluna|91\/100|[from] item: Life Orb\n|\n|-sideend|p1: Geomancy Dunsparce|move: Tailwind\n|-fieldend|move: Electric Terrain\n|upkeep\n|-message|zenchaos forfeited.\n|\n|win|Geomancy Dunsparce\n|raw|Geomancy Dunsparce's rating: 1681 &rarr; <strong>1702<\/strong><br \/>(+21 for winning)\n|raw|zenchaos's rating: 1696 &rarr; <strong>1675<\/strong><br \/>(-21 for losing)\n|l|\u2606zenchaos\n|player|p2|\n|l|\u2606Geomancy Dunsparce\n|player|p1|\n","uploadtime":1719774467,"views":13,"formatid":"gen9vgc2024regg","rating":1675,"private":0,"password":null}