{"id":"gen9vgc2024regg-2152426240","format":"[Gen 9] VGC 2024 Reg G","players":["Hwaybert","Shamone Rider"],"log":"|j|\u2606Hwaybert\n|j|\u2606Shamone Rider\n|t:|1719707743\n|gametype|doubles\n|player|p1|Hwaybert|265|1687\n|player|p2|Shamone Rider|pokefanf-gen4|1744\n|teamsize|p1|6\n|teamsize|p2|6\n|gen|9\n|tier|[Gen 9] VGC 2024 Reg G\n|rated|\n|rule|Species Clause: Limit one of each Pok\u00e9mon\n|rule|Item Clause: Limit one of each item\n|clearpoke\n|poke|p1|Indeedee-F, L50, F|\n|poke|p1|Calyrex-Ice, L50|\n|poke|p1|Oranguru, L50, M|\n|poke|p1|Torkoal, L50, F|\n|poke|p1|Annihilape, L50, F|\n|poke|p1|Brute Bonnet, L50|\n|poke|p2|Whimsicott, L50, M|\n|poke|p2|Flutter Mane, L50|\n|poke|p2|Calyrex-Shadow, L50|\n|poke|p2|Iron Hands, L50|\n|poke|p2|Clefairy, L50, F|\n|poke|p2|Kingambit, L50, M|\n|teampreview|4\n|inactive|Battle timer is ON: inactive players will automatically lose when time's up. (requested by Shamone Rider)\n|\n|t:|1719707766\n|start\n|switch|p1a: Indeedee|Indeedee-F, L50, F|100\/100\n|switch|p1b: Oranguru|Oranguru, L50, M|100\/100\n|switch|p2a: Flotte-M\u00e8che|Flutter Mane, L50|100\/100\n|switch|p2b: Shamone Rider|Calyrex-Shadow, L50|100\/100\n|-ability|p2b: Shamone Rider|As One\n|-ability|p2b: Shamone Rider|Unnerve\n|-fieldstart|move: Psychic Terrain|[from] ability: Psychic Surge|[of] p1a: Indeedee\n|-enditem|p1b: Oranguru|Psychic Seed\n|-boost|p1b: Oranguru|spd|1|[from] item: Psychic Seed\n|turn|1\n|\n|t:|1719707775\n|switch|p2b: Gambito|Kingambit, L50, M, shiny|100\/100\n|move|p2a: Flotte-M\u00e8che|Dazzling Gleam|p1a: Indeedee|[spread] p1a,p1b\n|-damage|p1a: Indeedee|52\/100\n|-damage|p1b: Oranguru|81\/100\n|move|p1a: Indeedee|Healing Wish|p1a: Indeedee\n|faint|p1a: Indeedee\n|move|p1b: Oranguru|Trick Room|p1b: Oranguru\n|-fieldstart|move: Trick Room|[of] p1b: Oranguru\n|\n|upkeep\n|\n|t:|1719707783\n|switch|p1a: Torkoal|Torkoal, L50, F|100\/100\n|-weather|SunnyDay|[from] ability: Drought|[of] p1a: Torkoal\n|-activate|p2a: Flotte-M\u00e8che|ability: Protosynthesis\n|-start|p2a: Flotte-M\u00e8che|protosynthesisspa\n|turn|2\n|\n|t:|1719707795\n|move|p2b: Gambito|Protect|p2b: Gambito\n|-singleturn|p2b: Gambito|Protect\n|move|p1a: Torkoal|Eruption|p2b: Gambito|[spread] p2a\n|-activate|p2b: Gambito|move: Protect\n|-damage|p2a: Flotte-M\u00e8che|4\/100\n|move|p1b: Oranguru|Instruct|p1a: Torkoal\n|-singleturn|p1a: Torkoal|move: Instruct|[of] p1b: Oranguru\n|move|p1a: Torkoal|Eruption|p2a: Flotte-M\u00e8che|[spread] p2a\n|-activate|p2b: Gambito|move: Protect\n|-damage|p2a: Flotte-M\u00e8che|0 fnt\n|faint|p2a: Flotte-M\u00e8che\n|-end|p2a: Flotte-M\u00e8che|Protosynthesis|[silent]\n|\n|-weather|SunnyDay|[upkeep]\n|upkeep\n|\n|t:|1719707802\n|switch|p2a: Piepi|Clefairy, L50, F, shiny|100\/100\n|turn|3\n|inactive|Hwaybert has 30 seconds left.\n|\n|t:|1719707835\n|-terastallize|p2b: Gambito|Fire\n|move|p2a: Piepi|Helping Hand|p2b: Gambito\n|-singleturn|p2b: Gambito|Helping Hand|[of] p2a: Piepi\n|move|p1a: Torkoal|Eruption|p2b: Gambito|[spread] p2a,p2b\n|-resisted|p2b: Gambito\n|-damage|p2a: Piepi|0 fnt\n|-damage|p2b: Gambito|62\/100\n|faint|p2a: Piepi\n|move|p2b: Gambito|Kowtow Cleave|p1a: Torkoal\n|-damage|p1a: Torkoal|43\/100\n|move|p1b: Oranguru|Expanding Force|p2b: Gambito\n|-damage|p2b: Gambito|11\/100\n|\n|-weather|SunnyDay|[upkeep]\n|upkeep\n|\n|t:|1719707849\n|switch|p2a: Shamone Rider|Calyrex-Shadow, L50|100\/100\n|-ability|p2a: Shamone Rider|As One\n|-ability|p2a: Shamone Rider|Unnerve\n|turn|4\n|inactive|Hwaybert has 30 seconds left.\n|\n|t:|1719707875\n|move|p2b: Gambito|Protect|p2b: Gambito\n|-singleturn|p2b: Gambito|Protect\n|move|p2a: Shamone Rider|Protect|p2a: Shamone Rider\n|-singleturn|p2a: Shamone Rider|Protect\n|move|p1a: Torkoal|Eruption|p2b: Gambito|[spread] \n|-activate|p2a: Shamone Rider|move: Protect\n|-activate|p2b: Gambito|move: Protect\n|move|p1b: Oranguru|Instruct|p1a: Torkoal\n|-singleturn|p1a: Torkoal|move: Instruct|[of] p1b: Oranguru\n|move|p1a: Torkoal|Eruption|p2a: Shamone Rider|[spread] \n|-activate|p2a: Shamone Rider|move: Protect\n|-activate|p2b: Gambito|move: Protect\n|\n|-weather|SunnyDay|[upkeep]\n|upkeep\n|turn|5\n|\n|t:|1719707892\n|move|p2b: Gambito|Protect||[still]\n|-fail|p2b: Gambito\n|move|p1a: Torkoal|Eruption|p2b: Gambito|[spread] p2a,p2b\n|-resisted|p2b: Gambito\n|-damage|p2a: Shamone Rider|59\/100\n|-damage|p2b: Gambito|0 fnt\n|faint|p2b: Gambito\n|move|p1b: Oranguru|Instruct|p1a: Torkoal\n|-singleturn|p1a: Torkoal|move: Instruct|[of] p1b: Oranguru\n|move|p1a: Torkoal|Eruption|p2a: Shamone Rider\n|-damage|p2a: Shamone Rider|11\/100\n|move|p2a: Shamone Rider|Astral Barrage|p1a: Torkoal|[spread] p1a\n|-immune|p1b: Oranguru\n|-damage|p1a: Torkoal|0 fnt\n|faint|p1a: Torkoal\n|-ability|p2a: Shamone Rider|Grim Neigh|boost\n|-boost|p2a: Shamone Rider|spa|1\n|\n|-weather|SunnyDay|[upkeep]\n|-fieldend|move: Trick Room\n|-fieldend|move: Psychic Terrain\n|upkeep\n|\n|t:|1719707903\n|switch|p1a: Calyrex|Calyrex-Ice, L50|100\/100\n|-ability|p1a: Calyrex|As One\n|-ability|p1a: Calyrex|Unnerve\n|turn|6\n|inactive|Hwaybert has 30 seconds left.\n|\n|t:|1719707935\n|move|p1a: Calyrex|Protect|p1a: Calyrex\n|-singleturn|p1a: Calyrex|Protect\n|move|p2a: Shamone Rider|Tera Blast|p1b: Oranguru\n|-damage|p1b: Oranguru|59\/100\n|move|p1b: Oranguru|Trick Room|p1b: Oranguru\n|-fieldstart|move: Trick Room|[of] p1b: Oranguru\n|\n|-weather|none\n|upkeep\n|turn|7\n|-message|Shamone Rider forfeited.\n|\n|win|Hwaybert\n|raw|Hwaybert's rating: 1687 &rarr; <strong>1710<\/strong><br \/>(+23 for winning)\n|raw|Shamone Rider's rating: 1744 &rarr; <strong>1721<\/strong><br \/>(-23 for losing)\n|l|\u2606Shamone Rider\n|player|p2|\n|l|\u2606Hwaybert\n|player|p1|\n","uploadtime":1719708134,"views":26,"formatid":"gen9vgc2024regg","rating":1710,"private":0,"password":null}