{"id":"gen9vgc2024regg-2152647451","format":"[Gen 9] VGC 2024 Reg G","players":["dvd749","slimey18"],"log":"|j|\u2606dvd749\n|j|\u2606slimey18\n|t:|1719750054\n|gametype|doubles\n|player|p1|dvd749|2|1789\n|player|p2|slimey18|102|1700\n|teamsize|p1|6\n|teamsize|p2|6\n|gen|9\n|tier|[Gen 9] VGC 2024 Reg G\n|rated|\n|rule|Species Clause: Limit one of each Pok\u00e9mon\n|rule|Item Clause: Limit one of each item\n|clearpoke\n|poke|p1|Kyogre, L50|\n|poke|p1|Incineroar, L50, F|\n|poke|p1|Rillaboom, L50, F|\n|poke|p1|Grimmsnarl, L50, M|\n|poke|p1|Raging Bolt, L50|\n|poke|p1|Amoonguss, L50, F|\n|poke|p2|Dusclops, L50, F|\n|poke|p2|Calyrex-Ice, L50|\n|poke|p2|Incineroar, L50, F|\n|poke|p2|Raging Bolt, L50|\n|poke|p2|Rillaboom, L50, M|\n|poke|p2|Araquanid, L50, F|\n|teampreview|4\n|inactive|Battle timer is ON: inactive players will automatically lose when time's up. (requested by slimey18)\n|j| IB_KICK1880\n|\n|t:|1719750104\n|start\n|switch|p1a: Incineroar|Incineroar, L50, F|100\/100\n|switch|p1b: Grimmsnarl|Grimmsnarl, L50, M|100\/100\n|switch|p2a: Rillaboom|Rillaboom, L50, M|100\/100\n|switch|p2b: Raging Bolt|Raging Bolt, L50|100\/100\n|-fieldstart|move: Grassy Terrain|[from] ability: Grassy Surge|[of] p2a: Rillaboom\n|-ability|p1a: Incineroar|Intimidate|boost\n|-unboost|p2a: Rillaboom|atk|1\n|-unboost|p2b: Raging Bolt|atk|1\n|turn|1\n|inactive|dvd749 has 30 seconds left.\n|\n|t:|1719750130\n|move|p1b: Grimmsnarl|Light Screen|p1b: Grimmsnarl\n|-sidestart|p1: dvd749|move: Light Screen\n|move|p2a: Rillaboom|U-turn|p1a: Incineroar\n|-damage|p1a: Incineroar|84\/100\n|\n|t:|1719750135\n|switch|p2a: Araquanid|Araquanid, L50, F|100\/100|[from] U-turn\n|move|p2b: Raging Bolt|Volt Switch|p1a: Incineroar\n|-damage|p1a: Incineroar|64\/100\n|\n|t:|1719750149\n|-end|p2b: Raging Bolt|Protosynthesis|[silent]\n|switch|p2b: Rillaboom|Rillaboom, L50, M|100\/100|[from] Volt Switch\n|move|p1a: Incineroar|Will-O-Wisp|p2a: Araquanid\n|-immune|p2a: Araquanid|[from] ability: Water Bubble\n|\n|-heal|p1a: Incineroar|70\/100|[from] Grassy Terrain\n|upkeep\n|turn|2\n|\n|t:|1719750166\n|switch|p1a: Amoonguss|Amoonguss, L50, F|100\/100\n|move|p1b: Grimmsnarl|Thunder Wave|p2a: Araquanid\n|-status|p2a: Araquanid|par\n|move|p2b: Rillaboom|U-turn|p1a: Amoonguss\n|-damage|p1a: Amoonguss|78\/100\n|-damage|p2b: Rillaboom|84\/100|[from] item: Rocky Helmet|[of] p1a: Amoonguss\n|\n|t:|1719750177\n|switch|p2b: Calyrex|Calyrex-Ice, L50|100\/100|[from] U-turn\n|-ability|p2b: Calyrex|As One\n|-ability|p2b: Calyrex|Unnerve\n|move|p2a: Araquanid|Lunge|p1a: Amoonguss\n|-damage|p1a: Amoonguss|52\/100\n|-unboost|p1a: Amoonguss|atk|1\n|-damage|p2a: Araquanid|84\/100 par|[from] item: Rocky Helmet|[of] p1a: Amoonguss\n|\n|-heal|p1a: Amoonguss|58\/100|[from] Grassy Terrain\n|-heal|p2a: Araquanid|90\/100 par|[from] Grassy Terrain\n|upkeep\n|turn|3\n|\n|t:|1719750198\n|switch|p1a: Incineroar|Incineroar, L50, F|70\/100\n|-ability|p1a: Incineroar|Intimidate|boost\n|-unboost|p2a: Araquanid|atk|1\n|-fail|p2b: Calyrex|unboost|[from] item: Clear Amulet|[of] p2b: Calyrex\n|move|p2b: Calyrex|Protect|p2b: Calyrex\n|-singleturn|p2b: Calyrex|Protect\n|move|p1b: Grimmsnarl|Reflect|p1b: Grimmsnarl\n|-sidestart|p1: dvd749|Reflect\n|move|p2a: Araquanid|Lunge|p1a: Incineroar\n|-damage|p1a: Incineroar|58\/100\n|-unboost|p1a: Incineroar|atk|1\n|\n|-heal|p1a: Incineroar|64\/100|[from] Grassy Terrain\n|-heal|p2a: Araquanid|95\/100 par|[from] Grassy Terrain\n|upkeep\n|turn|4\n|inactive|dvd749 has 30 seconds left.\n|inactive|slimey18 has 30 seconds left.\n|\n|t:|1719750226\n|move|p1b: Grimmsnarl|Spirit Break|p2b: Calyrex\n|-damage|p2b: Calyrex|83\/100\n|move|p1a: Incineroar|Knock Off|p2b: Calyrex\n|-supereffective|p2b: Calyrex\n|-damage|p2b: Calyrex|50\/100\n|-enditem|p2b: Calyrex|Clear Amulet|[from] move: Knock Off|[of] p1a: Incineroar\n|move|p2b: Calyrex|Glacial Lance|p1b: Grimmsnarl|[spread] p1a,p1b\n|-resisted|p1a: Incineroar\n|-damage|p1a: Incineroar|46\/100\n|-damage|p1b: Grimmsnarl|62\/100\n|move|p2a: Araquanid|Liquidation|p1a: Incineroar\n|-supereffective|p1a: Incineroar\n|-damage|p1a: Incineroar|0 fnt\n|faint|p1a: Incineroar\n|\n|-heal|p1b: Grimmsnarl|68\/100|[from] Grassy Terrain\n|-heal|p2b: Calyrex|56\/100|[from] Grassy Terrain\n|-heal|p2a: Araquanid|100\/100 par|[from] Grassy Terrain\n|upkeep\n|\n|t:|1719750240\n|switch|p1a: Kyogre|Kyogre, L50|100\/100\n|-weather|RainDance|[from] ability: Drizzle|[of] p1a: Kyogre\n|turn|5\n|\n|t:|1719750260\n|move|p2a: Araquanid|Wide Guard|p2a: Araquanid\n|-singleturn|p2a: Araquanid|Wide Guard\n|move|p1b: Grimmsnarl|Thunder Wave|p2b: Calyrex\n|-status|p2b: Calyrex|par\n|move|p1a: Kyogre|Calm Mind|p1a: Kyogre\n|-boost|p1a: Kyogre|spa|1\n|-boost|p1a: Kyogre|spd|1\n|move|p2b: Calyrex|Trick Room|p2b: Calyrex\n|-fieldstart|move: Trick Room|[of] p2b: Calyrex\n|\n|-weather|RainDance|[upkeep]\n|-heal|p2b: Calyrex|62\/100 par|[from] Grassy Terrain\n|-heal|p1b: Grimmsnarl|74\/100|[from] Grassy Terrain\n|-fieldend|move: Grassy Terrain\n|upkeep\n|turn|6\n|inactive|dvd749 has 30 seconds left.\n|\n|t:|1719750290\n|move|p2b: Calyrex|Glacial Lance|p1a: Kyogre|[spread] p1a,p1b\n|-resisted|p1a: Kyogre\n|-damage|p1a: Kyogre|86\/100\n|-damage|p1b: Grimmsnarl|39\/100\n|move|p2a: Araquanid|Liquidation|p1b: Grimmsnarl\n|-damage|p1b: Grimmsnarl|2\/100\n|move|p1b: Grimmsnarl|Spirit Break|p2b: Calyrex\n|-damage|p2b: Calyrex|42\/100 par\n|-unboost|p2b: Calyrex|spa|1\n|move|p1a: Kyogre|Origin Pulse|p2b: Calyrex|[spread] p2a,p2b\n|-resisted|p2a: Araquanid\n|-damage|p2a: Araquanid|58\/100 par\n|-damage|p2b: Calyrex|0 fnt\n|faint|p2b: Calyrex\n|\n|-weather|RainDance|[upkeep]\n|-heal|p1a: Kyogre|92\/100|[from] item: Leftovers\n|upkeep\n|inactive|slimey18 has 30 seconds left.\n|\n|t:|1719750323\n|switch|p2b: Raging Bolt|Raging Bolt, L50|100\/100\n|turn|7\n|\n|t:|1719750341\n|switch|p1b: Amoonguss|Amoonguss, L50, F|91\/100\n|move|p1a: Kyogre|Protect|p1a: Kyogre\n|-singleturn|p1a: Kyogre|Protect\n|move|p2a: Araquanid|Lunge|p1a: Kyogre\n|-activate|p1a: Kyogre|move: Protect\n|move|p2b: Raging Bolt|Snarl|p1b: Amoonguss|[spread] p1b\n|-activate|p1a: Kyogre|move: Protect\n|-damage|p1b: Amoonguss|83\/100\n|-unboost|p1b: Amoonguss|spa|1\n|\n|-weather|RainDance|[upkeep]\n|-heal|p1a: Kyogre|98\/100|[from] item: Leftovers\n|upkeep\n|turn|8\n|inactive|dvd749 has 30 seconds left.\n|\n|t:|1719750370\n|-end|p2b: Raging Bolt|Protosynthesis|[silent]\n|switch|p2b: Rillaboom|Rillaboom, L50, M|84\/100\n|-fieldstart|move: Grassy Terrain|[from] ability: Grassy Surge|[of] p2b: Rillaboom\n|move|p2a: Araquanid|Lunge|p1a: Kyogre\n|-damage|p1a: Kyogre|86\/100\n|-unboost|p1a: Kyogre|atk|1\n|move|p1b: Amoonguss|Spore|p2b: Rillaboom\n|-immune|p2b: Rillaboom\n|move|p1a: Kyogre|Ice Beam|p2b: Rillaboom\n|-supereffective|p2b: Rillaboom\n|-damage|p2b: Rillaboom|0 fnt\n|faint|p2b: Rillaboom\n|\n|-weather|RainDance|[upkeep]\n|-heal|p2a: Araquanid|63\/100 par|[from] Grassy Terrain\n|-heal|p1b: Amoonguss|89\/100|[from] Grassy Terrain\n|-heal|p1a: Kyogre|92\/100|[from] Grassy Terrain\n|-heal|p1a: Kyogre|98\/100|[from] item: Leftovers\n|-sideend|p1: dvd749|move: Light Screen\n|upkeep\n|\n|t:|1719750376\n|switch|p2b: Raging Bolt|Raging Bolt, L50|100\/100\n|turn|9\n|-message|slimey18 forfeited.\n|\n|win|dvd749\n|raw|dvd749's rating: 1789 &rarr; <strong>1804<\/strong><br \/>(+15 for winning)\n|raw|slimey18's rating: 1700 &rarr; <strong>1685<\/strong><br \/>(-15 for losing)\n|l|\u2606slimey18\n|player|p2|\n|l|\u2606dvd749\n|player|p1|\n|l| IB_KICK1880\n","uploadtime":1719750651,"views":38,"formatid":"gen9vgc2024regg","rating":1685,"private":0,"password":null}