{"id":"gen9vgc2024regg-2152000952","format":"[Gen 9] VGC 2024 Reg G","players":["Auraen","kilothegreat"],"log":"|j|\u2606Auraen\n|j|\u2606kilothegreat\n|t:|1719639130\n|gametype|doubles\n|player|p1|Auraen|harlequin|1691\n|player|p2|kilothegreat|101|1707\n|teamsize|p1|6\n|teamsize|p2|6\n|gen|9\n|tier|[Gen 9] VGC 2024 Reg G\n|rated|\n|rule|Species Clause: Limit one of each Pok\u00e9mon\n|rule|Item Clause: Limit one of each item\n|clearpoke\n|poke|p1|Terapagos, L50, M|\n|poke|p1|Munkidori, L50, M|\n|poke|p1|Incineroar, L50, M|\n|poke|p1|Goodra, L50, M|\n|poke|p1|Sinistcha, L50|\n|poke|p1|Primarina, L50, F|\n|poke|p2|Calyrex-Shadow, L50|\n|poke|p2|Urshifu-*, L50, F|\n|poke|p2|Ogerpon-Cornerstone, L50, F|\n|poke|p2|Raging Bolt, L50|\n|poke|p2|Ursaluna-Bloodmoon, L50, M|\n|poke|p2|Indeedee-F, L50, F|\n|teampreview|4\n|\n|t:|1719639157\n|start\n|switch|p1a: Terapagos|Terapagos, L50, M|100\/100\n|switch|p1b: Incineroar|Incineroar, L50, M|100\/100\n|switch|p2a: Calyrex|Calyrex-Shadow, L50|100\/100\n|switch|p2b: Ogerpon|Ogerpon-Cornerstone, L50, F|100\/100\n|-ability|p2a: Calyrex|As One\n|-ability|p2a: Calyrex|Unnerve\n|-activate|p1a: Terapagos|ability: Tera Shift\n|detailschange|p1a: Terapagos|Terapagos-Terastal, L50, M\n|-heal|p1a: Terapagos|100\/100|[silent]\n|-ability|p1b: Incineroar|Intimidate|boost\n|-unboost|p2a: Calyrex|atk|1\n|-unboost|p2b: Ogerpon|atk|1\n|turn|1\n|\n|t:|1719639186\n|switch|p2a: Indeedee|Indeedee-F, L50, F|100\/100\n|-fieldstart|move: Psychic Terrain|[from] ability: Psychic Surge|[of] p2a: Indeedee\n|-enditem|p2a: Indeedee|Psychic Seed\n|-boost|p2a: Indeedee|spd|1|[from] item: Psychic Seed\n|move|p2b: Ogerpon|Ivy Cudgel|p1b: Incineroar|[anim] Ivy Cudgel Rock\n|-supereffective|p1b: Incineroar\n|-damage|p1b: Incineroar|40\/100\n|move|p1a: Terapagos|Dark Pulse|p2a: Indeedee\n|-supereffective|p2a: Indeedee\n|-damage|p2a: Indeedee|53\/100\n|move|p1b: Incineroar|Parting Shot|p2a: Indeedee\n|-unboost|p2a: Indeedee|atk|1\n|-unboost|p2a: Indeedee|spa|1\n|\n|t:|1719639190\n|switch|p1b: Goodra|Goodra, L50, M|100\/100|[from] Parting Shot\n|\n|upkeep\n|turn|2\n|j| bean_0408\n|\n|t:|1719639226\n|switch|p2b: Calyrex|Calyrex-Shadow, L50|100\/100\n|-ability|p2b: Calyrex|As One\n|-ability|p2b: Calyrex|Unnerve\n|move|p1b: Goodra|Draco Meteor|p2a: Indeedee\n|-damage|p2a: Indeedee|16\/100\n|-unboost|p1b: Goodra|spa|2\n|move|p1a: Terapagos|Dark Pulse|p2b: Calyrex\n|-supereffective|p2b: Calyrex\n|-damage|p2b: Calyrex|0 fnt\n|faint|p2b: Calyrex\n|move|p2a: Indeedee|Dazzling Gleam|p1b: Goodra|[spread] p1a,p1b\n|-activate|p1a: Terapagos|ability: Tera Shell\n|-resisted|p1a: Terapagos\n|-supereffective|p1b: Goodra\n|-damage|p1a: Terapagos|97\/100\n|-damage|p1b: Goodra|92\/100\n|\n|upkeep\n|\n|t:|1719639238\n|switch|p2b: Urshifu|Urshifu-Rapid-Strike, L50, F|100\/100\n|turn|3\n|\n|t:|1719639249\n|switch|p1b: Sinistcha|Sinistcha, L50|100\/100\n|-heal|p1a: Terapagos|100\/100|[from] ability: Hospitality|[of] p1b: Sinistcha\n|switch|p2a: Ogerpon|Ogerpon-Cornerstone, L50, F|100\/100\n|move|p2b: Urshifu|Close Combat|p1a: Terapagos\n|-activate|p1a: Terapagos|ability: Tera Shell\n|-resisted|p1a: Terapagos\n|-damage|p1a: Terapagos|74\/100\n|-unboost|p2b: Urshifu|def|1\n|-unboost|p2b: Urshifu|spd|1\n|move|p1a: Terapagos|Dark Pulse|p2a: Ogerpon\n|-damage|p2a: Ogerpon|54\/100\n|\n|upkeep\n|turn|4\n|j| Luxraykeeper\n|\n|t:|1719639274\n|switch|p1a: Incineroar|Incineroar, L50, M|40\/100\n|-ability|p1a: Incineroar|Intimidate|boost\n|-unboost|p2a: Ogerpon|atk|1\n|-unboost|p2b: Urshifu|atk|1\n|move|p2b: Urshifu|Detect|p2b: Urshifu\n|-singleturn|p2b: Urshifu|Protect\n|move|p2a: Ogerpon|Ivy Cudgel|p1a: Incineroar|[anim] Ivy Cudgel Rock\n|-supereffective|p1a: Incineroar\n|-damage|p1a: Incineroar|0 fnt\n|faint|p1a: Incineroar\n|move|p1b: Sinistcha|Trick Room|p1b: Sinistcha\n|-fieldstart|move: Trick Room|[of] p1b: Sinistcha\n|\n|upkeep\n|\n|t:|1719639277\n|switch|p1a: Terapagos|Terapagos-Terastal, L50, M|74\/100\n|turn|5\n|\n|t:|1719639304\n|switch|p2b: Indeedee|Indeedee-F, L50, F|16\/100\n|-terastallize|p1a: Terapagos|Stellar\n|detailschange|p1a: Terapagos|Terapagos-Stellar, L50, M, tera:Stellar\n|-heal|p1a: Terapagos|81\/100|[silent]\n|-ability|p1a: Terapagos|Teraform Zero\n|-fieldend|move: Psychic Terrain\n|move|p1b: Sinistcha|Rage Powder|p1b: Sinistcha\n|-singleturn|p1b: Sinistcha|move: Rage Powder\n|move|p1a: Terapagos|Tera Starstorm|p2b: Indeedee|[spread] p2a,p2b\n|-damage|p2a: Ogerpon|0 fnt\n|-damage|p2b: Indeedee|0 fnt\n|faint|p2a: Ogerpon\n|faint|p2b: Indeedee\n|\n|upkeep\n|-message|kilothegreat forfeited.\n|\n|win|Auraen\n|raw|Auraen's rating: 1691 &rarr; <strong>1712<\/strong><br \/>(+21 for winning)\n|raw|kilothegreat's rating: 1707 &rarr; <strong>1686<\/strong><br \/>(-21 for losing)\n|l|\u2606kilothegreat\n|player|p2|\n|l| bean_0408\n|l|\u2606Auraen\n|player|p1|\n|l| Luxraykeeper\n","uploadtime":1719639481,"views":13,"formatid":"gen9vgc2024regg","rating":1686,"private":0,"password":null}