{"id":"gen9vgc2024regg-2152370033","format":"[Gen 9] VGC 2024 Reg G","players":["Shamone Rider","nerd159"],"log":"|j|\u2606Shamone Rider\n|j|\u2606nerd159\n|t:|1719699346\n|gametype|doubles\n|player|p1|Shamone Rider|pokefanf-gen4|1697\n|player|p2|nerd159|170|1711\n|teamsize|p1|6\n|teamsize|p2|6\n|gen|9\n|tier|[Gen 9] VGC 2024 Reg G\n|rated|\n|rule|Species Clause: Limit one of each Pok\u00e9mon\n|rule|Item Clause: Limit one of each item\n|clearpoke\n|poke|p1|Whimsicott, L50, F|\n|poke|p1|Flutter Mane, L50|\n|poke|p1|Calyrex-Shadow, L50|\n|poke|p1|Iron Hands, L50|\n|poke|p1|Clefairy, L50, F|\n|poke|p1|Kingambit, L50, F|\n|poke|p2|Calyrex-Shadow, L50|\n|poke|p2|Whimsicott, L50, M|\n|poke|p2|Incineroar, L50, F|\n|poke|p2|Chi-Yu, L50|\n|poke|p2|Urshifu-*, L50, F|\n|poke|p2|Ogerpon-Cornerstone, L50, F|\n|teampreview|4\n|inactive|Battle timer is ON: inactive players will automatically lose when time's up. (requested by Shamone Rider)\n|j| Marnie's Obstagoon\n|\n|t:|1719699375\n|start\n|switch|p1a: Farfaduvet|Whimsicott, L50, F, shiny|100\/100\n|switch|p1b: Flotte-M\u00e8che|Flutter Mane, L50|100\/100\n|switch|p2a: Chi-Yu|Chi-Yu, L50|100\/100\n|switch|p2b: Bad Cat|Incineroar, L50, F|100\/100\n|-ability|p2a: Chi-Yu|Beads of Ruin\n|-ability|p2b: Bad Cat|Intimidate|boost\n|-unboost|p1a: Farfaduvet|atk|1\n|-unboost|p1b: Flotte-M\u00e8che|atk|1\n|turn|1\n|\n|t:|1719699383\n|move|p1a: Farfaduvet|Tailwind|p1a: Farfaduvet\n|-sidestart|p1: Shamone Rider|move: Tailwind\n|move|p1b: Flotte-M\u00e8che|Dazzling Gleam|p2a: Chi-Yu|[spread] p2a,p2b\n|-damage|p2a: Chi-Yu|49\/100\n|-damage|p2b: Bad Cat|51\/100\n|move|p2a: Chi-Yu|Heat Wave|p1b: Flotte-M\u00e8che|[spread] p1a,p1b\n|-supereffective|p1a: Farfaduvet\n|-damage|p1a: Farfaduvet|0 fnt\n|-damage|p1b: Flotte-M\u00e8che|57\/100\n|faint|p1a: Farfaduvet\n|move|p2b: Bad Cat|Knock Off|p1b: Flotte-M\u00e8che\n|-damage|p1b: Flotte-M\u00e8che|0 fnt\n|-enditem|p1b: Flotte-M\u00e8che|Choice Specs|[from] move: Knock Off|[of] p2b: Bad Cat\n|faint|p1b: Flotte-M\u00e8che\n|-end|p1b: Flotte-M\u00e8che|Protosynthesis|[silent]\n|\n|upkeep\n|\n|t:|1719699390\n|switch|p1a: Shamone Rider|Calyrex-Shadow, L50|100\/100\n|switch|p1b: Fisto|Iron Hands, L50, shiny|100\/100\n|-ability|p1a: Shamone Rider|As One\n|-ability|p1a: Shamone Rider|Unnerve\n|turn|2\n|inactive|Shamone Rider has 30 seconds left.\n|inactive|Shamone Rider has 20 seconds left.\n|inactive|Shamone Rider has 15 seconds left.\n|\n|t:|1719699433\n|switch|p2b: Whimsicott|Whimsicott, L50, M|100\/100\n|-terastallize|p1a: Shamone Rider|Water\n|move|p1a: Shamone Rider|Tera Blast|p2a: Chi-Yu|[anim] Tera Blast Water\n|-supereffective|p2a: Chi-Yu\n|-damage|p2a: Chi-Yu|0 fnt\n|faint|p2a: Chi-Yu\n|-ability|p1a: Shamone Rider|Grim Neigh|boost\n|-boost|p1a: Shamone Rider|spa|1\n|move|p1b: Fisto|Drain Punch|p2b: Whimsicott\n|-resisted|p2b: Whimsicott\n|-damage|p2b: Whimsicott|73\/100\n|\n|upkeep\n|\n|t:|1719699446\n|switch|p2a: Bad Cat|Incineroar, L50, F|51\/100\n|-ability|p2a: Bad Cat|Intimidate|boost\n|-unboost|p1a: Shamone Rider|atk|1\n|-unboost|p1b: Fisto|atk|1\n|turn|3\n|\n|t:|1719699455\n|move|p2b: Whimsicott|Protect|p2b: Whimsicott\n|-singleturn|p2b: Whimsicott|Protect\n|move|p2a: Bad Cat|Fake Out|p1b: Fisto\n|-damage|p1b: Fisto|93\/100\n|move|p1a: Shamone Rider|Astral Barrage|p2b: Whimsicott|[spread] p2a\n|-activate|p2b: Whimsicott|move: Protect\n|-resisted|p2a: Bad Cat\n|-damage|p2a: Bad Cat|14\/100\n|cant|p1b: Fisto|flinch\n|\n|upkeep\n|turn|4\n|\n|t:|1719699467\n|move|p2b: Whimsicott|Tailwind|p2b: Whimsicott\n|-sidestart|p2: nerd159|move: Tailwind\n|move|p1a: Shamone Rider|Astral Barrage|p2a: Bad Cat|[spread] p2a,p2b\n|-resisted|p2a: Bad Cat\n|-damage|p2a: Bad Cat|0 fnt\n|-damage|p2b: Whimsicott|0 fnt\n|faint|p2a: Bad Cat\n|faint|p2b: Whimsicott\n|-ability|p1a: Shamone Rider|Grim Neigh|boost\n|-boost|p1a: Shamone Rider|spa|2\n|move|p1b: Fisto|Wild Charge|p2: Bad Cat|[notarget]\n|-fail|p1b: Fisto\n|\n|-sideend|p1: Shamone Rider|move: Tailwind\n|upkeep\n|\n|t:|1719699469\n|switch|p2b: Calyrex|Calyrex-Shadow, L50|100\/100\n|-ability|p2b: Calyrex|As One\n|-ability|p2b: Calyrex|Unnerve\n|turn|5\n|\n|t:|1719699479\n|-terastallize|p2b: Calyrex|Ghost\n|move|p2b: Calyrex|Astral Barrage|p1b: Fisto|[spread] p1a,p1b\n|-damage|p1a: Shamone Rider|6\/100\n|-damage|p1b: Fisto|26\/100\n|move|p1a: Shamone Rider|Astral Barrage|p2b: Calyrex\n|-supereffective|p2b: Calyrex\n|-damage|p2b: Calyrex|0 fnt\n|faint|p2b: Calyrex\n|\n|win|Shamone Rider\n|raw|Shamone Rider's rating: 1697 &rarr; <strong>1718<\/strong><br \/>(+21 for winning)\n|raw|nerd159's rating: 1711 &rarr; <strong>1690<\/strong><br \/>(-21 for losing)\n|c|\u2606nerd159|dmn\n|l|\u2606nerd159\n|player|p2|\n","uploadtime":1719699490,"views":58,"formatid":"gen9vgc2024regg","rating":1690,"private":0,"password":null}