{"id":"gen9vgc2024regg-2152164890","format":"[Gen 9] VGC 2024 Reg G","players":["Oscarbolt","RandomDuVGCFR"],"log":"|j|\u2606Oscarbolt\n|j|\u2606RandomDuVGCFR\n|t:|1719671931\n|gametype|doubles\n|player|p1|Oscarbolt|red|1680\n|player|p2|RandomDuVGCFR|101|1717\n|teamsize|p1|6\n|teamsize|p2|6\n|gen|9\n|tier|[Gen 9] VGC 2024 Reg G\n|rated|\n|rule|Species Clause: Limit one of each Pok\u00e9mon\n|rule|Item Clause: Limit one of each item\n|clearpoke\n|poke|p1|Groudon, L50|\n|poke|p1|Flutter Mane, L50|\n|poke|p1|Great Tusk, L50|\n|poke|p1|Raging Bolt, L50|\n|poke|p1|Moltres, L50|\n|poke|p1|Entei, L50|\n|poke|p2|Kyogre, L50|\n|poke|p2|Rillaboom, L50, F|\n|poke|p2|Incineroar, L50, F|\n|poke|p2|Grimmsnarl, L50, M|\n|poke|p2|Iron Jugulis, L50|\n|poke|p2|Urshifu-*, L50, F|\n|teampreview|4\nRandomDuVGCFR has agreed to open team sheets.\n|\n|t:|1719671968\n|start\n|switch|p1a: Moltres|Moltres, L50|100\/100\n|switch|p1b: Raging Bolt|Raging Bolt, L50|100\/100\n|switch|p2a: Incineroar|Incineroar, L50, F|100\/100\n|switch|p2b: Urshifu|Urshifu-Rapid-Strike, L50, F|100\/100\n|-ability|p2a: Incineroar|Intimidate|boost\n|-unboost|p1a: Moltres|atk|1\n|-unboost|p1b: Raging Bolt|atk|1\n|turn|1\n|\n|t:|1719671985\n|move|p2a: Incineroar|Fake Out|p1b: Raging Bolt\n|-damage|p1b: Raging Bolt|91\/100\n|move|p2b: Urshifu|Surging Strikes|p1a: Moltres\n|-supereffective|p1a: Moltres\n|-crit|p1a: Moltres\n|-damage|p1a: Moltres|54\/100\n|-status|p2b: Urshifu|brn|[from] ability: Flame Body|[of] p1a: Moltres\n|-supereffective|p1a: Moltres\n|-crit|p1a: Moltres\n|-damage|p1a: Moltres|26\/100\n|-supereffective|p1a: Moltres\n|-crit|p1a: Moltres\n|-damage|p1a: Moltres|0 fnt\n|faint|p1a: Moltres\n|-hitcount|p1: Moltres|3\n|cant|p1b: Raging Bolt|flinch\n|\n|-damage|p2b: Urshifu|94\/100 brn|[from] brn\n|upkeep\n|\n|t:|1719671993\n|switch|p1a: Groudon|Groudon, L50|100\/100\n|-weather|SunnyDay|[from] ability: Drought|[of] p1a: Groudon\n|-activate|p1b: Raging Bolt|ability: Protosynthesis\n|-start|p1b: Raging Bolt|protosynthesisspa\n|turn|2\n|\n|t:|1719672002\n|switch|p2b: Grimmsnarl|Grimmsnarl, L50, M|100\/100\n|-terastallize|p2a: Incineroar|Ghost\n|move|p1a: Groudon|Precipice Blades|p2a: Incineroar|[spread] \n|-miss|p1a: Groudon|p2a: Incineroar\n|-miss|p1a: Groudon|p2b: Grimmsnarl\n|move|p1b: Raging Bolt|Discharge|p2b: Grimmsnarl|[spread] p2a,p2b\n|-immune|p1a: Groudon\n|-damage|p2a: Incineroar|65\/100\n|-damage|p2b: Grimmsnarl|58\/100\n|move|p2a: Incineroar|Will-O-Wisp|p1a: Groudon|[miss]\n|-miss|p2a: Incineroar|p1a: Groudon\n|\n|-weather|SunnyDay|[upkeep]\n|upkeep\n|turn|3\n|\n|t:|1719672025\n|move|p2b: Grimmsnarl|Light Screen|p2b: Grimmsnarl\n|-sidestart|p2: RandomDuVGCFR|move: Light Screen\n|move|p1a: Groudon|Precipice Blades|p2b: Grimmsnarl|[spread] p2a,p2b\n|-damage|p2a: Incineroar|31\/100\n|-damage|p2b: Grimmsnarl|12\/100\n|move|p1b: Raging Bolt|Discharge|p2b: Grimmsnarl|[spread] p2a,p2b\n|-immune|p1a: Groudon\n|-damage|p2a: Incineroar|8\/100\n|-damage|p2b: Grimmsnarl|0 fnt\n|faint|p2b: Grimmsnarl\n|move|p2a: Incineroar|Will-O-Wisp|p1a: Groudon\n|-status|p1a: Groudon|brn\n|\n|-weather|SunnyDay|[upkeep]\n|-damage|p1a: Groudon|95\/100 brn|[from] brn\n|upkeep\n|\n|t:|1719672041\n|switch|p2b: Urshifu|Urshifu-Rapid-Strike, L50, F|94\/100 brn\n|turn|4\n|\n|t:|1719672051\n|switch|p2a: Kyogre|Kyogre, L50|100\/100\n|-weather|RainDance|[from] ability: Drizzle|[of] p2a: Kyogre\n|-end|p1b: Raging Bolt|Protosynthesis\n|move|p2b: Urshifu|Surging Strikes|p1a: Groudon\n|-supereffective|p1a: Groudon\n|-crit|p1a: Groudon\n|-damage|p1a: Groudon|74\/100 brn\n|-supereffective|p1a: Groudon\n|-crit|p1a: Groudon\n|-damage|p1a: Groudon|54\/100 brn\n|-supereffective|p1a: Groudon\n|-crit|p1a: Groudon\n|-damage|p1a: Groudon|30\/100 brn\n|-enditem|p1a: Groudon|Sitrus Berry|[eat]\n|-heal|p1a: Groudon|55\/100 brn|[from] item: Sitrus Berry\n|-hitcount|p1a: Groudon|3\n|move|p1a: Groudon|Precipice Blades|p2b: Urshifu|[spread] p2a,p2b\n|-damage|p2a: Kyogre|83\/100\n|-damage|p2b: Urshifu|72\/100 brn\n|move|p1b: Raging Bolt|Discharge|p2a: Kyogre|[spread] p2a,p2b\n|-immune|p1a: Groudon\n|-supereffective|p2a: Kyogre\n|-supereffective|p2b: Urshifu\n|-damage|p2a: Kyogre|54\/100\n|-damage|p2b: Urshifu|1\/100 brn\n|-status|p2a: Kyogre|par\n|\n|-weather|RainDance|[upkeep]\n|-heal|p2a: Kyogre|60\/100 par|[from] item: Leftovers\n|-damage|p2b: Urshifu|0 fnt|[from] brn\n|faint|p2b: Urshifu\n|-damage|p1a: Groudon|49\/100 brn|[from] brn\n|upkeep\n|\n|t:|1719672060\n|switch|p2b: Incineroar|Incineroar, L50, F, tera:Ghost|8\/100\n|-ability|p2b: Incineroar|Intimidate|boost\n|-unboost|p1a: Groudon|atk|1\n|-unboost|p1b: Raging Bolt|atk|1\n|turn|5\n|\n|t:|1719672080\n|switch|p1a: Flutter Mane|Flutter Mane, L50|100\/100\n|move|p1b: Raging Bolt|Protect|p1b: Raging Bolt\n|-singleturn|p1b: Raging Bolt|Protect\n|move|p2b: Incineroar|Fake Out|p1b: Raging Bolt\n|-activate|p1b: Raging Bolt|move: Protect\n|move|p2a: Kyogre|Origin Pulse|p1a: Flutter Mane|[spread] p1a\n|-activate|p1b: Raging Bolt|move: Protect\n|-damage|p1a: Flutter Mane|26\/100\n|\n|-weather|RainDance|[upkeep]\n|-heal|p2a: Kyogre|67\/100 par|[from] item: Leftovers\n|upkeep\n|turn|6\n|\n|t:|1719672093\n|-end|p1b: Raging Bolt|Protosynthesis|[silent]\n|switch|p1b: Groudon|Groudon, L50|49\/100 brn\n|-weather|SunnyDay|[from] ability: Drought|[of] p1b: Groudon\n|-activate|p1a: Flutter Mane|ability: Protosynthesis\n|-start|p1a: Flutter Mane|protosynthesisspe\n|move|p1a: Flutter Mane|Dazzling Gleam|p2a: Kyogre|[spread] p2a,p2b\n|-damage|p2a: Kyogre|53\/100 par\n|-damage|p2b: Incineroar|0 fnt\n|faint|p2b: Incineroar\n|move|p2a: Kyogre|Calm Mind|p2a: Kyogre\n|-boost|p2a: Kyogre|spa|1\n|-boost|p2a: Kyogre|spd|1\n|\n|-weather|SunnyDay|[upkeep]\n|-heal|p2a: Kyogre|59\/100 par|[from] item: Leftovers\n|-damage|p1b: Groudon|43\/100 brn|[from] brn\n|upkeep\n|turn|7\n|\n|t:|1719672110\n|move|p1a: Flutter Mane|Mystical Fire|p2a: Kyogre\n|-resisted|p2a: Kyogre\n|-damage|p2a: Kyogre|53\/100 par\n|-unboost|p2a: Kyogre|spa|1\n|move|p1b: Groudon|Precipice Blades|p2a: Kyogre\n|-damage|p2a: Kyogre|29\/100 par\n|move|p2a: Kyogre|Origin Pulse|p1a: Flutter Mane|[spread] p1b\n|-miss|p2a: Kyogre|p1a: Flutter Mane\n|-supereffective|p1b: Groudon\n|-damage|p1b: Groudon|12\/100 brn\n|\n|-weather|SunnyDay|[upkeep]\n|-heal|p2a: Kyogre|35\/100 par|[from] item: Leftovers\n|-damage|p1b: Groudon|6\/100 brn|[from] brn\n|upkeep\n|turn|8\n|\n|t:|1719672125\n|move|p1a: Flutter Mane|Shadow Ball|p2a: Kyogre\n|-damage|p2a: Kyogre|22\/100 par\n|-unboost|p2a: Kyogre|spd|1\n|move|p1b: Groudon|Precipice Blades|p2a: Kyogre\n|-damage|p2a: Kyogre|0 fnt\n|faint|p2a: Kyogre\n|\n|win|Oscarbolt\n|raw|Oscarbolt's rating: 1680 &rarr; <strong>1702<\/strong><br \/>(+22 for winning)\n|raw|RandomDuVGCFR's rating: 1717 &rarr; <strong>1695<\/strong><br \/>(-22 for losing)\n|l|\u2606RandomDuVGCFR\n|player|p2|\n|l|\u2606Oscarbolt\n|player|p1|\n","uploadtime":1719672370,"views":14,"formatid":"gen9vgc2024regg","rating":1695,"private":0,"password":null}