{"id":"gen9vgc2024regg-2152318248","format":"[Gen 9] VGC 2024 Reg G","players":["Geomancy Dunsparce","zenchaos"],"log":"|j|\u2606Geomancy Dunsparce\n|j|\u2606zenchaos\n|t:|1719692312\n|gametype|doubles\n|player|p1|Geomancy Dunsparce|scientist-gen4|1661\n|player|p2|zenchaos|1|1700\n|teamsize|p1|6\n|teamsize|p2|6\n|gen|9\n|tier|[Gen 9] VGC 2024 Reg G\n|rated|\n|rule|Species Clause: Limit one of each Pok\u00e9mon\n|rule|Item Clause: Limit one of each item\n|clearpoke\n|poke|p1|Miraidon, L50|\n|poke|p1|Whimsicott, L50, F|\n|poke|p1|Ursaluna-Bloodmoon, L50, M|\n|poke|p1|Ogerpon-Wellspring, L50, F|\n|poke|p1|Farigiraf, L50, M|\n|poke|p1|Incineroar, L50, F|\n|poke|p2|Calyrex-Shadow, L50|\n|poke|p2|Raging Bolt, L50|\n|poke|p2|Clefairy, L50, M|\n|poke|p2|Urshifu-*, L50, F|\n|poke|p2|Incineroar, L50, F|\n|poke|p2|Rillaboom, L50, F|\n|teampreview|4\n|inactive|Battle timer is ON: inactive players will automatically lose when time's up. (requested by Geomancy Dunsparce)\n|inactive|Geomancy Dunsparce has 60 seconds left.\n|inactive|zenchaos has 60 seconds left.\n|inactive|zenchaos has 30 seconds left.\n|inactive|zenchaos has 20 seconds left.\n|inactive|zenchaos has 15 seconds left.\n|\n|t:|1719692389\n|start\n|switch|p1a: Miraidon|Miraidon, L50|100\/100\n|switch|p1b: Incineroar|Incineroar, L50, F|100\/100\n|switch|p2a: Calyrex|Calyrex-Shadow, L50|100\/100\n|switch|p2b: Clefairy|Clefairy, L50, M|100\/100\n|-ability|p2a: Calyrex|As One\n|-ability|p2a: Calyrex|Unnerve\n|-fieldstart|move: Electric Terrain|[from] ability: Hadron Engine|[of] p1a: Miraidon\n|-ability|p1b: Incineroar|Intimidate|boost\n|-unboost|p2a: Calyrex|atk|1\n|-unboost|p2b: Clefairy|atk|1\n|turn|1\n|inactive|Geomancy Dunsparce has 30 seconds left.\n|inactive|Geomancy Dunsparce has 20 seconds left.\n|\n|t:|1719692426\n|switch|p2b: Raging Bolt|Raging Bolt, L50|100\/100\n|-terastallize|p1a: Miraidon|Electric\n|move|p2a: Calyrex|Protect|p2a: Calyrex\n|-singleturn|p2a: Calyrex|Protect\n|move|p1b: Incineroar|Fake Out|p2b: Raging Bolt\n|-damage|p2b: Raging Bolt|90\/100\n|move|p1a: Miraidon|Volt Switch|p2a: Calyrex\n|-activate|p2a: Calyrex|move: Protect\n|\n|upkeep\n|turn|2\n|inactive|Geomancy Dunsparce has 30 seconds left.\n|\n|t:|1719692452\n|switch|p1b: Whimsicott|Whimsicott, L50, F|100\/100\n|move|p1a: Miraidon|Volt Switch|p2a: Calyrex\n|-damage|p2a: Calyrex|0 fnt\n|faint|p2a: Calyrex\n|\n|t:|1719692462\n|switch|p1a: Incineroar|Incineroar, L50, F|100\/100|[from] Volt Switch\n|-ability|p1a: Incineroar|Intimidate|boost\n|-unboost|p2b: Raging Bolt|atk|1\n|move|p2b: Raging Bolt|Thunderbolt|p1b: Whimsicott\n|-resisted|p1b: Whimsicott\n|-damage|p1b: Whimsicott|50\/100\n|\n|upkeep\n|\n|t:|1719692473\n|switch|p2a: Rillaboom|Rillaboom, L50, F|100\/100\n|-fieldstart|move: Grassy Terrain|[from] ability: Grassy Surge|[of] p2a: Rillaboom\n|turn|3\n|\n|t:|1719692486\n|-end|p2b: Raging Bolt|Protosynthesis|[silent]\n|switch|p2b: Clefairy|Clefairy, L50, M|100\/100\n|move|p1b: Whimsicott|Tailwind|p1b: Whimsicott\n|-sidestart|p1: Geomancy Dunsparce|move: Tailwind\n|move|p1a: Incineroar|Flare Blitz|p2a: Rillaboom\n|-supereffective|p2a: Rillaboom\n|-damage|p2a: Rillaboom|34\/100\n|-damage|p1a: Incineroar|78\/100|[from] Recoil\n|move|p2a: Rillaboom|U-turn|p1b: Whimsicott\n|-damage|p1b: Whimsicott|0 fnt\n|faint|p1b: Whimsicott\n|\n|t:|1719692491\n|switch|p2a: Raging Bolt|Raging Bolt, L50|90\/100|[from] U-turn\n|\n|-heal|p1a: Incineroar|84\/100|[from] Grassy Terrain\n|-heal|p2a: Raging Bolt|96\/100|[from] Grassy Terrain\n|upkeep\n|\n|t:|1719692508\n|switch|p1b: Ursaluna|Ursaluna-Bloodmoon, L50, M|100\/100\n|turn|4\n|\n|t:|1719692533\n|move|p1b: Ursaluna|Protect|p1b: Ursaluna\n|-singleturn|p1b: Ursaluna|Protect\n|move|p2b: Clefairy|Protect|p2b: Clefairy\n|-singleturn|p2b: Clefairy|Protect\n|move|p1a: Incineroar|Knock Off|p2b: Clefairy\n|-activate|p2b: Clefairy|move: Protect\n|move|p2a: Raging Bolt|Draco Meteor|p1a: Incineroar\n|-damage|p1a: Incineroar|47\/100\n|-unboost|p2a: Raging Bolt|spa|2\n|\n|-heal|p1a: Incineroar|53\/100|[from] Grassy Terrain\n|-heal|p2a: Raging Bolt|100\/100|[from] Grassy Terrain\n|upkeep\n|turn|5\n|\n|t:|1719692553\n|move|p1b: Ursaluna|Earth Power|p2a: Raging Bolt\n|-supereffective|p2a: Raging Bolt\n|-damage|p2a: Raging Bolt|42\/100\n|-damage|p1b: Ursaluna|91\/100|[from] item: Life Orb\n|move|p1a: Incineroar|Knock Off|p2b: Clefairy\n|-resisted|p2b: Clefairy\n|-damage|p2b: Clefairy|86\/100\n|-enditem|p2b: Clefairy|Eviolite|[from] move: Knock Off|[of] p1a: Incineroar\n|move|p2a: Raging Bolt|Thunderbolt|p1a: Incineroar\n|-damage|p1a: Incineroar|39\/100\n|move|p2b: Clefairy|Sing|p1b: Ursaluna|[miss]\n|-miss|p2b: Clefairy|p1b: Ursaluna\n|\n|-heal|p1b: Ursaluna|97\/100|[from] Grassy Terrain\n|-heal|p1a: Incineroar|45\/100|[from] Grassy Terrain\n|-heal|p2a: Raging Bolt|48\/100|[from] Grassy Terrain\n|-heal|p2b: Clefairy|93\/100|[from] Grassy Terrain\n|upkeep\n|turn|6\n|\n|t:|1719692571\n|move|p2b: Clefairy|Protect|p2b: Clefairy\n|-singleturn|p2b: Clefairy|Protect\n|move|p1b: Ursaluna|Blood Moon|p2b: Clefairy\n|-activate|p2b: Clefairy|move: Protect\n|move|p1a: Incineroar|Flare Blitz|p2b: Clefairy\n|-activate|p2b: Clefairy|move: Protect\n|move|p2a: Raging Bolt|Thunderbolt|p1a: Incineroar\n|-damage|p1a: Incineroar|30\/100\n|\n|-heal|p1b: Ursaluna|100\/100|[from] Grassy Terrain\n|-heal|p1a: Incineroar|36\/100|[from] Grassy Terrain\n|-heal|p2a: Raging Bolt|53\/100|[from] Grassy Terrain\n|-heal|p2b: Clefairy|99\/100|[from] Grassy Terrain\n|-sideend|p1: Geomancy Dunsparce|move: Tailwind\n|upkeep\n|turn|7\n|\n|t:|1719692591\n|switch|p1a: Miraidon|Miraidon, L50, tera:Electric|100\/100\n|-fieldstart|move: Electric Terrain|[from] ability: Hadron Engine|[of] p1a: Miraidon\n|move|p2b: Clefairy|Helping Hand|p2a: Raging Bolt\n|-singleturn|p2a: Raging Bolt|Helping Hand|[of] p2b: Clefairy\n|move|p2a: Raging Bolt|Draco Meteor|p1a: Miraidon\n|-damage|p1a: Miraidon|52\/100\n|-unboost|p2a: Raging Bolt|spa|2\n|move|p1b: Ursaluna|Earth Power|p2a: Raging Bolt\n|-supereffective|p2a: Raging Bolt\n|-damage|p2a: Raging Bolt|0 fnt\n|faint|p2a: Raging Bolt\n|-end|p2a: Raging Bolt|Protosynthesis|[silent]\n|-damage|p1b: Ursaluna|91\/100|[from] item: Life Orb\n|\n|upkeep\n|\n|t:|1719692595\n|switch|p2a: Rillaboom|Rillaboom, L50, F|34\/100\n|-fieldstart|move: Grassy Terrain|[from] ability: Grassy Surge|[of] p2a: Rillaboom\n|turn|8\n|inactive|Geomancy Dunsparce has 30 seconds left.\n|\n|t:|1719692623\n|-terastallize|p2a: Rillaboom|Grass\n|move|p2b: Clefairy|Helping Hand|p2a: Rillaboom\n|-singleturn|p2a: Rillaboom|Helping Hand|[of] p2b: Clefairy\n|move|p2a: Rillaboom|Grassy Glide|p1a: Miraidon\n|-damage|p1a: Miraidon|0 fnt\n|faint|p1a: Miraidon\n|move|p1b: Ursaluna|Blood Moon|p2a: Rillaboom\n|-damage|p2a: Rillaboom|0 fnt\n|faint|p2a: Rillaboom\n|-damage|p1b: Ursaluna|81\/100|[from] item: Life Orb\n|\n|-heal|p1b: Ursaluna|87\/100|[from] Grassy Terrain\n|-heal|p2b: Clefairy|100\/100|[from] Grassy Terrain\n|upkeep\n|-message|zenchaos forfeited.\n|\n|win|Geomancy Dunsparce\n|raw|Geomancy Dunsparce's rating: 1661 &rarr; <strong>1683<\/strong><br \/>(+22 for winning)\n|raw|zenchaos's rating: 1700 &rarr; <strong>1678<\/strong><br \/>(-22 for losing)\n|l|\u2606zenchaos\n|player|p2|\n|l|\u2606Geomancy Dunsparce\n|player|p1|\n","uploadtime":1719692781,"views":10,"formatid":"gen9vgc2024regg","rating":1678,"private":0,"password":null}