{"id":"gen9vgc2024regg-2152653244","format":"[Gen 9] VGC 2024 Reg G","players":["ElyasTheGreat","dvd749"],"log":"|j|\u2606ElyasTheGreat\n|j|\u2606dvd749\n|t:|1719751099\n|gametype|doubles\n|player|p1|ElyasTheGreat|alder|1745\n|player|p2|dvd749|2|1799\n|teamsize|p1|6\n|teamsize|p2|6\n|gen|9\n|tier|[Gen 9] VGC 2024 Reg G\n|rated|\n|rule|Species Clause: Limit one of each Pok\u00e9mon\n|rule|Item Clause: Limit one of each item\n|clearpoke\n|poke|p1|Whimsicott, L50, F|\n|poke|p1|Ogerpon-Cornerstone, L50, F|\n|poke|p1|Incineroar, L50, M|\n|poke|p1|Miraidon, L50|\n|poke|p1|Ursaluna-Bloodmoon, L50, M|\n|poke|p1|Farigiraf, L50, F|\n|poke|p2|Zamazenta-*, L50|\n|poke|p2|Rillaboom, L50, F|\n|poke|p2|Chien-Pao, L50|\n|poke|p2|Flutter Mane, L50|\n|poke|p2|Chandelure, L50, M|\n|poke|p2|Moltres-Galar, L50|\n|teampreview|4\n|j| shane999999\n|\n|t:|1719751171\n|start\n|switch|p1a: Miraidon|Miraidon, L50|100\/100\n|switch|p1b: Whimsicott|Whimsicott, L50, F|100\/100\n|switch|p2a: Rillaboom|Rillaboom, L50, F|100\/100\n|switch|p2b: Chien-Pao|Chien-Pao, L50|100\/100\n|-ability|p2b: Chien-Pao|Sword of Ruin\n|-fieldstart|move: Electric Terrain|[from] ability: Hadron Engine|[of] p1a: Miraidon\n|-fieldstart|move: Grassy Terrain|[from] ability: Grassy Surge|[of] p2a: Rillaboom\n|turn|1\n|inactive|Battle timer is ON: inactive players will automatically lose when time's up. (requested by dvd749)\n|\n|t:|1719751189\n|switch|p1a: Incineroar|Incineroar, L50, M|100\/100\n|-ability|p1a: Incineroar|Intimidate|boost\n|-unboost|p2a: Rillaboom|atk|1\n|-unboost|p2b: Chien-Pao|atk|1\n|move|p1b: Whimsicott|Protect|p1b: Whimsicott\n|-singleturn|p1b: Whimsicott|Protect\n|move|p2b: Chien-Pao|Icicle Crash|p1a: Incineroar|[miss]\n|-miss|p2b: Chien-Pao|p1a: Incineroar\n|move|p2a: Rillaboom|U-turn|p1b: Whimsicott\n|-activate|p1b: Whimsicott|move: Protect\n|\n|upkeep\n|turn|2\n|inactive|dvd749 has 30 seconds left.\n|\n|t:|1719751215\n|switch|p2b: Zamazenta|Zamazenta-Crowned, L50|100\/100\n|-ability|p2b: Zamazenta|Dauntless Shield|boost\n|-boost|p2b: Zamazenta|def|1\n|switch|p2a: Flutter Mane|Flutter Mane, L50|100\/100\n|-enditem|p2a: Flutter Mane|Booster Energy\n|-activate|p2a: Flutter Mane|ability: Protosynthesis|[fromitem]\n|-start|p2a: Flutter Mane|protosynthesisspe\n|move|p1b: Whimsicott|Tailwind|p1b: Whimsicott\n|-sidestart|p1: ElyasTheGreat|move: Tailwind\n|move|p1a: Incineroar|Flare Blitz|p2a: Flutter Mane\n|-damage|p2a: Flutter Mane|34\/100\n|-status|p2a: Flutter Mane|brn\n|-damage|p1a: Incineroar|83\/100|[from] Recoil\n|\n|-heal|p2a: Flutter Mane|39\/100 brn|[from] Grassy Terrain\n|-heal|p1a: Incineroar|89\/100|[from] Grassy Terrain\n|-damage|p2a: Flutter Mane|34\/100 brn|[from] brn\n|upkeep\n|turn|3\n|inactive|dvd749 has 30 seconds left.\n|inactive|dvd749 has 20 seconds left.\n|\n|t:|1719751255\n|move|p1b: Whimsicott|Moonblast|p2a: Flutter Mane\n|-damage|p2a: Flutter Mane|6\/100 brn\n|move|p2a: Flutter Mane|Icy Wind|p1a: Incineroar|[spread] p1a,p1b\n|-resisted|p1a: Incineroar\n|-supereffective|p1b: Whimsicott\n|-damage|p1a: Incineroar|85\/100\n|-damage|p1b: Whimsicott|61\/100\n|-unboost|p1a: Incineroar|spe|1\n|-unboost|p1b: Whimsicott|spe|1\n|move|p2b: Zamazenta|Heavy Slam|p1b: Whimsicott\n|-supereffective|p1b: Whimsicott\n|-damage|p1b: Whimsicott|0 fnt\n|faint|p1b: Whimsicott\n|move|p1a: Incineroar|Flare Blitz|p2b: Zamazenta\n|-supereffective|p2b: Zamazenta\n|-damage|p2b: Zamazenta|66\/100\n|-damage|p1a: Incineroar|75\/100|[from] Recoil\n|\n|-heal|p2a: Flutter Mane|12\/100 brn|[from] Grassy Terrain\n|-heal|p2b: Zamazenta|72\/100|[from] Grassy Terrain\n|-heal|p1a: Incineroar|81\/100|[from] Grassy Terrain\n|-damage|p2a: Flutter Mane|6\/100 brn|[from] brn\n|upkeep\n|\n|t:|1719751263\n|switch|p1b: Miraidon|Miraidon, L50|100\/100\n|-fieldstart|move: Electric Terrain|[from] ability: Hadron Engine|[of] p1b: Miraidon\n|turn|4\n|\n|t:|1719751286\n|move|p2a: Flutter Mane|Protect|p2a: Flutter Mane\n|-singleturn|p2a: Flutter Mane|Protect\n|move|p2b: Zamazenta|Protect|p2b: Zamazenta\n|-singleturn|p2b: Zamazenta|Protect\n|move|p1b: Miraidon|Volt Switch|p2a: Flutter Mane\n|-activate|p2a: Flutter Mane|move: Protect\n|move|p1a: Incineroar|Flare Blitz|p2b: Zamazenta\n|-activate|p2b: Zamazenta|move: Protect\n|\n|-damage|p2a: Flutter Mane|0 fnt|[from] brn\n|faint|p2a: Flutter Mane\n|-end|p2a: Flutter Mane|Protosynthesis|[silent]\n|upkeep\n|\n|t:|1719751298\n|switch|p2a: Rillaboom|Rillaboom, L50, F|100\/100\n|-fieldstart|move: Grassy Terrain|[from] ability: Grassy Surge|[of] p2a: Rillaboom\n|turn|5\n|\n|t:|1719751315\n|switch|p1a: Farigiraf|Farigiraf, L50, F|100\/100\n|-terastallize|p1b: Miraidon|Electric\n|move|p1b: Miraidon|Volt Switch|p2b: Zamazenta\n|-damage|p2b: Zamazenta|12\/100\n|\n|t:|1719751321\n|switch|p1b: Incineroar|Incineroar, L50, M|81\/100|[from] Volt Switch\n|-ability|p1b: Incineroar|Intimidate|boost\n|-unboost|p2a: Rillaboom|atk|1\n|-unboost|p2b: Zamazenta|atk|1\n|move|p2b: Zamazenta|Body Press|p1b: Incineroar\n|-supereffective|p1b: Incineroar\n|-damage|p1b: Incineroar|0 fnt\n|faint|p1b: Incineroar\n|move|p2a: Rillaboom|U-turn|p1a: Farigiraf\n|-supereffective|p1a: Farigiraf\n|-damage|p1a: Farigiraf|61\/100\n|\n|t:|1719751332\n|switch|p2a: Chien-Pao|Chien-Pao, L50|100\/100|[from] U-turn\n|-ability|p2a: Chien-Pao|Sword of Ruin\n|\n|-heal|p2b: Zamazenta|18\/100|[from] Grassy Terrain\n|-heal|p1a: Farigiraf|67\/100|[from] Grassy Terrain\n|-sideend|p1: ElyasTheGreat|move: Tailwind\n|upkeep\n|\n|t:|1719751334\n|switch|p1b: Miraidon|Miraidon, L50, tera:Electric|100\/100\n|-fieldstart|move: Electric Terrain|[from] ability: Hadron Engine|[of] p1b: Miraidon\n|-enditem|p1a: Farigiraf|Electric Seed\n|-boost|p1a: Farigiraf|def|1|[from] item: Electric Seed\n|turn|6\n|\n|t:|1719751359\n|move|p2a: Chien-Pao|Icicle Crash|p1b: Miraidon\n|-damage|p1b: Miraidon|42\/100\n|move|p1b: Miraidon|Electro Drift|p2b: Zamazenta\n|-damage|p2b: Zamazenta|0 fnt\n|faint|p2b: Zamazenta\n|move|p1a: Farigiraf|Foul Play|p2a: Chien-Pao\n|-resisted|p2a: Chien-Pao\n|-damage|p2a: Chien-Pao|79\/100\n|\n|upkeep\n|\n|t:|1719751368\n|switch|p2b: Rillaboom|Rillaboom, L50, F|100\/100\n|-fieldstart|move: Grassy Terrain|[from] ability: Grassy Surge|[of] p2b: Rillaboom\n|turn|7\n|\n|t:|1719751383\n|move|p2a: Chien-Pao|Icicle Crash|p1b: Miraidon\n|-damage|p1b: Miraidon|0 fnt\n|faint|p1b: Miraidon\n|move|p2b: Rillaboom|Wood Hammer|p1a: Farigiraf\n|-damage|p1a: Farigiraf|0 fnt\n|faint|p1a: Farigiraf\n|-damage|p2b: Rillaboom|75\/100|[from] Recoil\n|\n|win|dvd749\n|raw|ElyasTheGreat's rating: 1745 &rarr; <strong>1728<\/strong><br \/>(-17 for losing)\n|raw|dvd749's rating: 1799 &rarr; <strong>1816<\/strong><br \/>(+17 for winning)\n|l|\u2606ElyasTheGreat\n|player|p1|\n|l|\u2606dvd749\n|player|p2|\n","uploadtime":1719751620,"views":52,"formatid":"gen9vgc2024regg","rating":1728,"private":0,"password":null}