{"id":"gen9vgc2024regg-2152167811","format":"[Gen 9] VGC 2024 Reg G","players":["RandomDuVGCFR","Billy_HMD"],"log":"|j|\u2606RandomDuVGCFR\n|j|\u2606Billy_HMD\n|t:|1719672343\n|gametype|doubles\n|player|p1|RandomDuVGCFR|101|1711\n|player|p2|Billy_HMD|dawn|1779\n|teamsize|p1|6\n|teamsize|p2|6\n|gen|9\n|tier|[Gen 9] VGC 2024 Reg G\n|rated|\n|rule|Species Clause: Limit one of each Pok\u00e9mon\n|rule|Item Clause: Limit one of each item\n|clearpoke\n|poke|p1|Kyogre, L50|\n|poke|p1|Rillaboom, L50, F|\n|poke|p1|Incineroar, L50, F|\n|poke|p1|Grimmsnarl, L50, M|\n|poke|p1|Iron Jugulis, L50|\n|poke|p1|Urshifu-*, L50, F|\n|poke|p2|Miraidon, L50|\n|poke|p2|Whimsicott, L50, F|\n|poke|p2|Iron Hands, L50|\n|poke|p2|Incineroar, L50, M|\n|poke|p2|Farigiraf, L50, M|\n|poke|p2|Ditto, L50|\n|teampreview|4\n|inactive|Battle timer is ON: inactive players will automatically lose when time's up. (requested by Billy_HMD)\n|inactive|Billy_HMD has 60 seconds left.\n|\n|t:|1719672382\n|start\n|switch|p1a: Rillaboom|Rillaboom, L50, F|100\/100\n|switch|p1b: Iron Jugulis|Iron Jugulis, L50|100\/100\n|switch|p2a: Miraidon|Miraidon, L50|100\/100\n|switch|p2b: Iron Hands|Iron Hands, L50|100\/100\n|-fieldstart|move: Electric Terrain|[from] ability: Hadron Engine|[of] p2a: Miraidon\n|-activate|p1b: Iron Jugulis|ability: Quark Drive\n|-start|p1b: Iron Jugulis|quarkdrivespe\n|-activate|p2b: Iron Hands|ability: Quark Drive\n|-start|p2b: Iron Hands|quarkdriveatk\n|-fieldstart|move: Grassy Terrain|[from] ability: Grassy Surge|[of] p1a: Rillaboom\n|-end|p1b: Iron Jugulis|Quark Drive\n|-end|p2b: Iron Hands|Quark Drive\n|-enditem|p1b: Iron Jugulis|Booster Energy\n|-activate|p1b: Iron Jugulis|ability: Quark Drive|[fromitem]\n|-start|p1b: Iron Jugulis|quarkdrivespe\n|turn|1\n|\n|t:|1719672404\n|move|p1a: Rillaboom|Fake Out|p2b: Iron Hands\n|-damage|p2b: Iron Hands|91\/100\n|cant|p2b: Iron Hands|flinch\n|move|p1b: Iron Jugulis|Snarl|p2a: Miraidon|[spread] p2a,p2b\n|-resisted|p2b: Iron Hands\n|-damage|p2a: Miraidon|85\/100\n|-damage|p2b: Iron Hands|87\/100\n|-unboost|p2a: Miraidon|spa|1\n|-unboost|p2b: Iron Hands|spa|1\n|move|p2a: Miraidon|Volt Switch|p1b: Iron Jugulis\n|-supereffective|p1b: Iron Jugulis\n|-crit|p1b: Iron Jugulis\n|-damage|p1b: Iron Jugulis|0 fnt\n|faint|p1b: Iron Jugulis\n|-end|p1b: Iron Jugulis|Quark Drive|[silent]\n|\n|t:|1719672419\n|switch|p2a: Incineroar|Incineroar, L50, M|100\/100|[from] Volt Switch\n|-ability|p2a: Incineroar|Intimidate|boost\n|-unboost|p1a: Rillaboom|atk|1\n|\n|-heal|p2b: Iron Hands|93\/100|[from] Grassy Terrain\n|upkeep\n|c|\u2606RandomDuVGCFR|Nice Crit\n|\n|t:|1719672425\n|switch|p1b: Grimmsnarl|Grimmsnarl, L50, M|100\/100\n|turn|2\n|c|\u2606Billy_HMD|sorry\n|inactive|Billy_HMD has 30 seconds left.\n|inactive|Billy_HMD has 20 seconds left.\n|inactive|Billy_HMD has 15 seconds left.\n|inactive|Billy_HMD has 10 seconds left.\n|\n|t:|1719672474\n|switch|p1a: Kyogre|Kyogre, L50|100\/100\n|-weather|RainDance|[from] ability: Drizzle|[of] p1a: Kyogre\n|move|p2a: Incineroar|Fake Out|p1b: Grimmsnarl\n|-damage|p1b: Grimmsnarl|90\/100\n|cant|p1b: Grimmsnarl|flinch\n|move|p2b: Iron Hands|Wild Charge|p1a: Kyogre\n|-supereffective|p1a: Kyogre\n|-damage|p1a: Kyogre|15\/100\n|-damage|p2b: Iron Hands|75\/100|[from] Recoil\n|\n|-weather|RainDance|[upkeep]\n|-heal|p1a: Kyogre|21\/100|[from] Grassy Terrain\n|-heal|p1a: Kyogre|28\/100|[from] item: Leftovers\n|-heal|p1b: Grimmsnarl|96\/100|[from] Grassy Terrain\n|-heal|p2b: Iron Hands|81\/100|[from] Grassy Terrain\n|upkeep\n|turn|3\n|inactive|Billy_HMD has 30 seconds left.\n|\n|t:|1719672508\n|-terastallize|p2a: Incineroar|Grass\n|move|p1a: Kyogre|Protect|p1a: Kyogre\n|-singleturn|p1a: Kyogre|Protect\n|move|p2a: Incineroar|Knock Off|p1a: Kyogre\n|-activate|p1a: Kyogre|move: Protect\n|move|p1b: Grimmsnarl|Spirit Break|p2b: Iron Hands\n|-supereffective|p2b: Iron Hands\n|-damage|p2b: Iron Hands|39\/100\n|-unboost|p2b: Iron Hands|spa|1\n|move|p2b: Iron Hands|Drain Punch|p1a: Kyogre\n|-activate|p1a: Kyogre|move: Protect\n|\n|-weather|RainDance|[upkeep]\n|-heal|p1a: Kyogre|34\/100|[from] Grassy Terrain\n|-heal|p1a: Kyogre|40\/100|[from] item: Leftovers\n|-heal|p1b: Grimmsnarl|100\/100|[from] Grassy Terrain\n|-heal|p2b: Iron Hands|45\/100|[from] Grassy Terrain\n|upkeep\n|turn|4\n|inactive|RandomDuVGCFR has 30 seconds left.\n|inactive|Billy_HMD has 30 seconds left.\n|\n|t:|1719672542\n|-terastallize|p1a: Kyogre|Grass\n|move|p1b: Grimmsnarl|Reflect|p1b: Grimmsnarl\n|-sidestart|p1: RandomDuVGCFR|Reflect\n|move|p1a: Kyogre|Calm Mind|p1a: Kyogre\n|-boost|p1a: Kyogre|spa|1\n|-boost|p1a: Kyogre|spd|1\n|move|p2a: Incineroar|Knock Off|p1a: Kyogre\n|-damage|p1a: Kyogre|18\/100\n|-enditem|p1a: Kyogre|Leftovers|[from] move: Knock Off|[of] p2a: Incineroar\n|move|p2b: Iron Hands|Drain Punch|p1a: Kyogre\n|-damage|p1a: Kyogre|0 fnt\n|-heal|p2b: Iron Hands|53\/100|[from] drain|[of] p1a: Kyogre\n|faint|p1a: Kyogre\n|\n|-weather|RainDance|[upkeep]\n|-heal|p2b: Iron Hands|59\/100|[from] Grassy Terrain\n|upkeep\n|\n|t:|1719672558\n|switch|p1a: Rillaboom|Rillaboom, L50, F|100\/100\n|turn|5\n|-message|RandomDuVGCFR forfeited.\n|\n|win|Billy_HMD\n|raw|RandomDuVGCFR's rating: 1711 &rarr; <strong>1695<\/strong><br \/>(-16 for losing)\n|raw|Billy_HMD's rating: 1779 &rarr; <strong>1795<\/strong><br \/>(+16 for winning)\n|l|\u2606RandomDuVGCFR\n|player|p1|\n|l|\u2606Billy_HMD\n|player|p2|\n","uploadtime":1719672790,"views":15,"formatid":"gen9vgc2024regg","rating":1695,"private":0,"password":null}