{"id":"gen9vgc2024regg-2152906829","format":"[Gen 9] VGC 2024 Reg G","players":["Therazer456","Geomancy Dunsparce"],"log":"|j|\u2606Therazer456\n|j|\u2606Geomancy Dunsparce\n|t:|1719785608\n|gametype|doubles\n|player|p1|Therazer456|ghetsis|1695\n|player|p2|Geomancy Dunsparce|scientist-gen4|1755\n|teamsize|p1|6\n|teamsize|p2|6\n|gen|9\n|tier|[Gen 9] VGC 2024 Reg G\n|rated|\n|rule|Species Clause: Limit one of each Pok\u00e9mon\n|rule|Item Clause: Limit one of each item\n|clearpoke\n|poke|p1|Lunala, L50|\n|poke|p1|Landorus-Therian, L50, M|\n|poke|p1|Ogerpon-Wellspring, L50, F|\n|poke|p1|Iron Hands, L50|\n|poke|p1|Farigiraf, L50, F|\n|poke|p1|Iron Jugulis, L50|\n|poke|p2|Miraidon, L50|\n|poke|p2|Whimsicott, L50, M|\n|poke|p2|Ursaluna-Bloodmoon, L50, M|\n|poke|p2|Farigiraf, L50, M|\n|poke|p2|Incineroar, L50, M|\n|poke|p2|Chi-Yu, L50|\n|teampreview|4\n|inactive|Battle timer is ON: inactive players will automatically lose when time's up. (requested by Geomancy Dunsparce)\n|inactive|Geomancy Dunsparce has 60 seconds left.\n|\n|t:|1719785650\n|start\n|switch|p1a: Tarantula|Lunala, L50|100\/100\n|switch|p1b: Carina|Landorus-Therian, L50, M|100\/100\n|switch|p2a: Miraidon|Miraidon, L50|100\/100\n|switch|p2b: Incineroar|Incineroar, L50, M|100\/100\n|-fieldstart|move: Electric Terrain|[from] ability: Hadron Engine|[of] p2a: Miraidon\n|-ability|p1b: Carina|Intimidate|boost\n|-unboost|p2a: Miraidon|atk|1\n|-unboost|p2b: Incineroar|atk|1\n|-ability|p2b: Incineroar|Intimidate|boost\n|-unboost|p1a: Tarantula|atk|1\n|-unboost|p1b: Carina|atk|1\n|turn|1\n|\n|t:|1719785666\n|switch|p1b: Jupiter|Iron Hands, L50|100\/100\n|-activate|p1b: Jupiter|ability: Quark Drive\n|-start|p1b: Jupiter|quarkdriveatk\n|move|p1a: Tarantula|Protect|p1a: Tarantula\n|-singleturn|p1a: Tarantula|Protect\n|move|p2a: Miraidon|Draco Meteor|p1b: Jupiter\n|-damage|p1b: Jupiter|30\/100\n|-unboost|p2a: Miraidon|spa|2\n|move|p2b: Incineroar|Knock Off|p1a: Tarantula\n|-activate|p1a: Tarantula|move: Protect\n|\n|upkeep\n|turn|2\n|\n|t:|1719785686\n|-terastallize|p1a: Tarantula|Fairy\n|move|p2a: Miraidon|Draco Meteor|p1b: Jupiter\n|-crit|p1b: Jupiter\n|-damage|p1b: Jupiter|0 fnt\n|-unboost|p2a: Miraidon|spa|2\n|faint|p1b: Jupiter\n|-end|p1b: Jupiter|Quark Drive|[silent]\n|move|p1a: Tarantula|Calm Mind|p1a: Tarantula\n|-boost|p1a: Tarantula|spa|1\n|-boost|p1a: Tarantula|spd|1\n|move|p2b: Incineroar|Knock Off|p1a: Tarantula\n|-resisted|p1a: Tarantula\n|-damage|p1a: Tarantula|96\/100\n|-enditem|p1a: Tarantula|Leftovers|[from] move: Knock Off|[of] p2b: Incineroar\n|\n|upkeep\n|\n|t:|1719785694\n|switch|p1b: Carina|Landorus-Therian, L50, M|100\/100\n|-ability|p1b: Carina|Intimidate|boost\n|-unboost|p2a: Miraidon|atk|1\n|-unboost|p2b: Incineroar|atk|1\n|turn|3\n|\n|t:|1719785717\n|switch|p2a: Ursaluna|Ursaluna-Bloodmoon, L50, M|100\/100\n|switch|p2b: Whimsicott|Whimsicott, L50, M|100\/100\n|move|p1b: Carina|Stomping Tantrum|p2b: Whimsicott\n|-resisted|p2b: Whimsicott\n|-crit|p2b: Whimsicott\n|-damage|p2b: Whimsicott|38\/100\n|move|p1a: Tarantula|Moonblast|p2b: Whimsicott\n|-damage|p2b: Whimsicott|0 fnt\n|faint|p2b: Whimsicott\n|\n|upkeep\n|\n|t:|1719785735\n|switch|p2b: Miraidon|Miraidon, L50|100\/100\n|-activate|p2b: Miraidon|ability: Hadron Engine\n|turn|4\n|\n|t:|1719785748\n|switch|p2b: Incineroar|Incineroar, L50, M|100\/100\n|-ability|p2b: Incineroar|Intimidate|boost\n|-unboost|p1a: Tarantula|atk|1\n|-unboost|p1b: Carina|atk|1\n|move|p1a: Tarantula|Protect|p1a: Tarantula\n|-singleturn|p1a: Tarantula|Protect\n|move|p1b: Carina|Stomping Tantrum|p2b: Incineroar\n|-supereffective|p2b: Incineroar\n|-damage|p2b: Incineroar|33\/100\n|move|p2a: Ursaluna|Blood Moon|p1b: Carina\n|-damage|p1b: Carina|0 fnt\n|faint|p1b: Carina\n|-damage|p2a: Ursaluna|91\/100|[from] item: Life Orb\n|\n|upkeep\n|\n|t:|1719785752\n|switch|p1b: Butterfly|Ogerpon-Wellspring, L50, F|100\/100\n|turn|5\n|\n|t:|1719785777\n|move|p1b: Butterfly|Spiky Shield|p1b: Butterfly\n|-singleturn|p1b: Butterfly|move: Protect\n|move|p2b: Incineroar|Fake Out|p1b: Butterfly\n|-activate|p1b: Butterfly|move: Protect\n|-damage|p2b: Incineroar|21\/100|[from] Spiky Shield|[of] p1b: Butterfly\n|move|p1a: Tarantula|Moonblast|p2a: Ursaluna\n|-damage|p2a: Ursaluna|0 fnt\n|faint|p2a: Ursaluna\n|\n|-fieldend|move: Electric Terrain\n|upkeep\n|\n|t:|1719785786\n|switch|p2a: Miraidon|Miraidon, L50|100\/100\n|-fieldstart|move: Electric Terrain|[from] ability: Hadron Engine|[of] p2a: Miraidon\n|turn|6\n|\n|t:|1719785802\n|-terastallize|p2a: Miraidon|Electric\n|move|p1b: Butterfly|Follow Me|p1b: Butterfly\n|-singleturn|p1b: Butterfly|move: Follow Me\n|move|p2a: Miraidon|Electro Drift|p1b: Butterfly\n|-damage|p1b: Butterfly|0 fnt\n|faint|p1b: Butterfly\n|move|p1a: Tarantula|Moonblast|p2b: Incineroar\n|-damage|p2b: Incineroar|0 fnt\n|faint|p2b: Incineroar\n|\n|upkeep\n|turn|7\n|\n|t:|1719785813\n|move|p1a: Tarantula|Protect|p1a: Tarantula\n|-singleturn|p1a: Tarantula|Protect\n|move|p2a: Miraidon|Electro Drift|p1a: Tarantula\n|-activate|p1a: Tarantula|move: Protect\n|\n|upkeep\n|turn|8\n|\n|t:|1719785821\n|move|p2a: Miraidon|Electro Drift|p1a: Tarantula\n|-damage|p1a: Tarantula|15\/100\n|move|p1a: Tarantula|Moongeist Beam|p2a: Miraidon\n|-damage|p2a: Miraidon|22\/100\n|\n|upkeep\n|turn|9\n|-message|Therazer456 forfeited.\n|\n|win|Geomancy Dunsparce\n|raw|Therazer456's rating: 1695 &rarr; <strong>1678<\/strong><br \/>(-17 for losing)\n|raw|Geomancy Dunsparce's rating: 1755 &rarr; <strong>1772<\/strong><br \/>(+17 for winning)\n|l|\u2606Therazer456\n|player|p1|\n|l|\u2606Geomancy Dunsparce\n|player|p2|\n","uploadtime":1719785968,"views":31,"formatid":"gen9vgc2024regg","rating":1678,"private":0,"password":null}