{"id":"gen9vgc2024regg-2152169406","format":"[Gen 9] VGC 2024 Reg G","players":["Sodiumtoad","DaleG"],"log":"|j|\u2606Sodiumtoad\n|j|\u2606DaleG\n|t:|1719672560\n|gametype|doubles\n|player|p1|Sodiumtoad|janine|1724\n|player|p2|DaleG|102|1753\n|teamsize|p1|6\n|teamsize|p2|6\n|gen|9\n|tier|[Gen 9] VGC 2024 Reg G\n|rated|\n|rule|Species Clause: Limit one of each Pok\u00e9mon\n|rule|Item Clause: Limit one of each item\n|clearpoke\n|poke|p1|Calyrex-Ice, L50|\n|poke|p1|Trapinch, L50, M|\n|poke|p1|Annihilape, L50, M|\n|poke|p1|Pelipper, L50, F|\n|poke|p1|Jigglypuff, L50, M|\n|poke|p1|Kommo-o, L50, M|\n|poke|p2|Zamazenta-*, L50|\n|poke|p2|Chien-Pao, L50|\n|poke|p2|Amoonguss, L50, F|\n|poke|p2|Raging Bolt, L50|\n|poke|p2|Flutter Mane, L50|\n|poke|p2|Chi-Yu, L50|\n|teampreview|4\n|\n|t:|1719672592\n|start\n|switch|p1a: Annihilape|Annihilape, L50, M|100\/100\n|switch|p1b: Calyrex|Calyrex-Ice, L50|100\/100\n|switch|p2a: Zamazenta|Zamazenta-Crowned, L50|100\/100\n|switch|p2b: Chien-Pao|Chien-Pao, L50|100\/100\n|-ability|p1b: Calyrex|As One\n|-ability|p1b: Calyrex|Unnerve\n|-ability|p2b: Chien-Pao|Sword of Ruin\n|-ability|p2a: Zamazenta|Dauntless Shield|boost\n|-boost|p2a: Zamazenta|def|1\n|turn|1\n|\n|t:|1719672612\n|-terastallize|p1b: Calyrex|Grass\n|move|p2b: Chien-Pao|Sucker Punch||[still]\n|-fail|p2b: Chien-Pao\n|move|p1a: Annihilape|Coaching|p1b: Calyrex\n|-boost|p1b: Calyrex|atk|1\n|-boost|p1b: Calyrex|def|1\n|move|p2a: Zamazenta|Iron Defense|p2a: Zamazenta\n|-boost|p2a: Zamazenta|def|2\n|move|p1b: Calyrex|Trick Room|p1b: Calyrex\n|-fieldstart|move: Trick Room|[of] p1b: Calyrex\n|\n|upkeep\n|turn|2\n|\n|t:|1719672644\n|switch|p1a: Trapinch|Trapinch, L50, M|100\/100\n|move|p1b: Calyrex|Seed Bomb|p2b: Chien-Pao\n|-enditem|p2b: Chien-Pao|Focus Sash\n|-damage|p2b: Chien-Pao|1\/100\n|move|p2a: Zamazenta|Body Press|p1b: Calyrex\n|-damage|p1b: Calyrex|36\/100\n|move|p2b: Chien-Pao|Throat Chop|p1a: Trapinch\n|-enditem|p1a: Trapinch|Focus Sash\n|-damage|p1a: Trapinch|1\/100\n|-start|p1a: Trapinch|Throat Chop|[silent]\n|\n|upkeep\n|turn|3\n|\n|t:|1719672673\n|move|p1b: Calyrex|Protect|p1b: Calyrex\n|-singleturn|p1b: Calyrex|Protect\n|move|p2b: Chien-Pao|Protect|p2b: Chien-Pao\n|-singleturn|p2b: Chien-Pao|Protect\n|move|p1a: Trapinch|Feint|p2b: Chien-Pao\n|-activate|p2b: Chien-Pao|move: Feint\n|-damage|p2b: Chien-Pao|0 fnt\n|faint|p2b: Chien-Pao\n|move|p2a: Zamazenta|Body Press|p1b: Calyrex\n|-activate|p1b: Calyrex|move: Protect\n|\n|-end|p1a: Trapinch|Throat Chop|[silent]\n|upkeep\n|j| Jayshirona\n|\n|t:|1719672694\n|switch|p2b: Amoonguss|Amoonguss, L50, F|100\/100\n|turn|4\n|inactive|Battle timer is ON: inactive players will automatically lose when time's up. (requested by DaleG)\n|\n|t:|1719672719\n|-terastallize|p2b: Amoonguss|Water\n|move|p1a: Trapinch|Fissure|p2a: Zamazenta|[miss]\n|-miss|p1a: Trapinch|p2a: Zamazenta\n|move|p2b: Amoonguss|Spore|p1a: Trapinch\n|-status|p1a: Trapinch|slp|[from] move: Spore\n|move|p1b: Calyrex|Glacial Lance|p2a: Zamazenta|[spread] p2a,p2b\n|-resisted|p2a: Zamazenta\n|-resisted|p2b: Amoonguss\n|-damage|p2a: Zamazenta|89\/100\n|-damage|p2b: Amoonguss|69\/100\n|move|p2a: Zamazenta|Body Press|p1b: Calyrex\n|-crit|p1b: Calyrex\n|-damage|p1b: Calyrex|0 fnt\n|faint|p1b: Calyrex\n|\n|upkeep\n|\n|t:|1719672740\n|switch|p1b: Pelipper|Pelipper, L50, F|100\/100\n|-weather|RainDance|[from] ability: Drizzle|[of] p1b: Pelipper\n|turn|5\n|\n|t:|1719672753\n|cant|p1a: Trapinch|slp\n|move|p2b: Amoonguss|Spore|p1b: Pelipper\n|-activate|p1b: Pelipper|item: Safety Goggles|Spore\n|move|p1b: Pelipper|Weather Ball|p2a: Zamazenta\n|-damage|p2a: Zamazenta|37\/100\n|move|p2a: Zamazenta|Heavy Slam|p1a: Trapinch\n|-damage|p1a: Trapinch|0 fnt\n|faint|p1a: Trapinch\n|\n|-weather|RainDance|[upkeep]\n|-fieldend|move: Trick Room\n|upkeep\n|\n|t:|1719672763\n|switch|p1a: Annihilape|Annihilape, L50, M|100\/100\n|turn|6\n|\n|t:|1719672776\n|move|p1a: Annihilape|Close Combat|p2b: Amoonguss\n|-damage|p2b: Amoonguss|32\/100\n|-unboost|p1a: Annihilape|def|1\n|-unboost|p1a: Annihilape|spd|1\n|-damage|p1a: Annihilape|84\/100|[from] item: Rocky Helmet|[of] p2b: Amoonguss\n|move|p2a: Zamazenta|Body Press|p1b: Pelipper\n|-resisted|p1b: Pelipper\n|-damage|p1b: Pelipper|39\/100\n|move|p1b: Pelipper|Weather Ball|p2a: Zamazenta\n|-damage|p2a: Zamazenta|0 fnt\n|faint|p2a: Zamazenta\n|move|p2b: Amoonguss|Spore|p1a: Annihilape\n|-immune|p1a: Annihilape|[from] ability: Vital Spirit\n|\n|-weather|RainDance|[upkeep]\n|upkeep\n|\n|t:|1719672792\n|switch|p2a: Flutter Mane|Flutter Mane, L50|100\/100\n|turn|7\n|\n|t:|1719672811\n|move|p1a: Annihilape|Close Combat|p2b: Amoonguss\n|-damage|p2b: Amoonguss|0 fnt\n|-unboost|p1a: Annihilape|def|1\n|-unboost|p1a: Annihilape|spd|1\n|-damage|p1a: Annihilape|67\/100|[from] item: Rocky Helmet|[of] p2b: Amoonguss\n|faint|p2b: Amoonguss\n|move|p2a: Flutter Mane|Shadow Ball|p1a: Annihilape\n|-supereffective|p1a: Annihilape\n|-damage|p1a: Annihilape|0 fnt\n|faint|p1a: Annihilape\n|-damage|p2a: Flutter Mane|91\/100|[from] item: Life Orb\n|move|p1b: Pelipper|Weather Ball|p2a: Flutter Mane\n|-damage|p2a: Flutter Mane|10\/100\n|\n|-weather|RainDance|[upkeep]\n|upkeep\n|turn|8\n|c|\u2606Sodiumtoad|Gg\n|\n|t:|1719672833\n|move|p1b: Pelipper|Protect|p1b: Pelipper\n|-singleturn|p1b: Pelipper|Protect\n|move|p2a: Flutter Mane|Shadow Ball|p1b: Pelipper\n|-activate|p1b: Pelipper|move: Protect\n|\n|-weather|RainDance|[upkeep]\n|upkeep\n|turn|9\n|\n|t:|1719672841\n|move|p2a: Flutter Mane|Shadow Ball|p1b: Pelipper\n|-damage|p1b: Pelipper|0 fnt\n|faint|p1b: Pelipper\n|-damage|p2a: Flutter Mane|0 fnt|[from] item: Life Orb\n|faint|p2a: Flutter Mane\n|-end|p2a: Flutter Mane|Protosynthesis|[silent]\n|\n|win|DaleG\n|raw|Sodiumtoad's rating: 1724 &rarr; <strong>1706<\/strong><br \/>(-18 for losing)\n|raw|DaleG's rating: 1753 &rarr; <strong>1771<\/strong><br \/>(+18 for winning)\n|l| Jayshirona\n|l|\u2606Sodiumtoad\n|player|p1|\n|l|\u2606DaleG\n|player|p2|\n","uploadtime":1719673071,"views":59,"formatid":"gen9vgc2024regg","rating":1706,"private":0,"password":null}