{"id":"gen9vgc2024regg-2153585963","format":"[Gen 9] VGC 2024 Reg G","players":["Rgktest","peace at least"],"log":"|j|\u2606Rgktest\n|j|\u2606peace at least\n|t:|1719885475\n|gametype|doubles\n|player|p1|Rgktest|265|1761\n|player|p2|peace at least|brock|1709\n|teamsize|p1|6\n|teamsize|p2|6\n|gen|9\n|tier|[Gen 9] VGC 2024 Reg G\n|rated|\n|rule|Species Clause: Limit one of each Pok\u00e9mon\n|rule|Item Clause: Limit one of each item\n|clearpoke\n|poke|p1|Calyrex-Shadow, L50|\n|poke|p1|Weezing, L50, M|\n|poke|p1|Regigigas, L50|\n|poke|p1|Mienshao, L50, F|\n|poke|p1|Ditto, L50|\n|poke|p1|Incineroar, L50, M|\n|poke|p2|Calyrex-Ice, L50|\n|poke|p2|Farigiraf, L50, M|\n|poke|p2|Incineroar, L50, F|\n|poke|p2|Rillaboom, L50, F|\n|poke|p2|Amoonguss, L50, F|\n|poke|p2|Urshifu-*, L50, M|\n|teampreview|4\n|inactive|Battle timer is ON: inactive players will automatically lose when time's up. (requested by peace at least)\n|j|+Mengy \u32db\n|inactive|Rgktest has 60 seconds left.\n|\n|t:|1719885537\n|start\n|switch|p1a: Calyrex|Calyrex-Shadow, L50|100\/100\n|switch|p1b: Weezing|Weezing, L50, M|100\/100\n|switch|p2a: Incineroar|Incineroar, L50, F|100\/100\n|switch|p2b: Farigiraf|Farigiraf, L50, M|100\/100\n|-ability|p1a: Calyrex|As One\n|-ability|p1a: Calyrex|Unnerve\n|-ability|p1b: Weezing|Neutralizing Gas\n|turn|1\n|j| sprocke123\n|inactive|peace at least has 30 seconds left.\n|\n|t:|1719885563\n|move|p1a: Calyrex|Pollen Puff|p2b: Farigiraf\n|-supereffective|p2b: Farigiraf\n|-damage|p2b: Farigiraf|10\/100\n|move|p1b: Weezing|Gunk Shot|p2a: Incineroar\n|-damage|p2a: Incineroar|65\/100\n|-status|p2a: Incineroar|psn\n|move|p2a: Incineroar|Knock Off|p1b: Weezing\n|-damage|p1b: Weezing|66\/100\n|-enditem|p1b: Weezing|Sitrus Berry|[from] move: Knock Off|[of] p2a: Incineroar\n|move|p2b: Farigiraf|Psychic|p1b: Weezing\n|-supereffective|p1b: Weezing\n|-damage|p1b: Weezing|0 fnt\n|faint|p1b: Weezing\n|-end|p1b: Weezing|ability: Neutralizing Gas\n|-ability|p2a: Incineroar|Intimidate|boost\n|-unboost|p1a: Calyrex|atk|1\n|\n|-damage|p2a: Incineroar|52\/100 psn|[from] psn\n|upkeep\n|\n|t:|1719885581\n|switch|p1b: Incineroar|Incineroar, L50, M|100\/100\n|-ability|p1b: Incineroar|Intimidate|boost\n|-unboost|p2a: Incineroar|atk|1\n|-unboost|p2b: Farigiraf|atk|1\n|turn|2\n|\n|t:|1719885611\n|switch|p2b: Amoonguss|Amoonguss, L50, F|100\/100\n|move|p1a: Calyrex|Pollen Puff|p2b: Amoonguss\n|-damage|p2b: Amoonguss|55\/100\n|move|p2a: Incineroar|U-turn|p1b: Incineroar\n|-damage|p1b: Incineroar|88\/100\n|\n|t:|1719885621\n|switch|p2a: Calyrex|Calyrex-Ice, L50|100\/100|[from] U-turn\n|-ability|p2a: Calyrex|As One\n|-ability|p2a: Calyrex|Unnerve\n|move|p1b: Incineroar|Knock Off|p2a: Calyrex\n|-supereffective|p2a: Calyrex\n|-damage|p2a: Calyrex|50\/100\n|-enditem|p2a: Calyrex|Clear Amulet|[from] move: Knock Off|[of] p1b: Incineroar\n|\n|upkeep\n|turn|3\n|inactive|Rgktest has 30 seconds left.\n|\n|t:|1719885647\n|-terastallize|p2a: Calyrex|Fire\n|move|p2b: Amoonguss|Rage Powder|p2b: Amoonguss\n|-singleturn|p2b: Amoonguss|move: Rage Powder\n|move|p1a: Calyrex|Pollen Puff|p2b: Amoonguss\n|-damage|p2b: Amoonguss|8\/100\n|move|p1b: Incineroar|Knock Off|p2b: Amoonguss\n|-damage|p2b: Amoonguss|0 fnt\n|-damage|p1b: Incineroar|72\/100|[from] item: Rocky Helmet|[of] p2b: Amoonguss\n|-enditem|p2b: Amoonguss|Rocky Helmet|[from] move: Knock Off|[of] p1b: Incineroar\n|faint|p2b: Amoonguss\n|move|p2a: Calyrex|Trick Room|p2a: Calyrex\n|-fieldstart|move: Trick Room|[of] p2a: Calyrex\n|\n|upkeep\n|\n|t:|1719885661\n|switch|p2b: Incineroar|Incineroar, L50, F|52\/100 psn\n|-ability|p2b: Incineroar|Intimidate|boost\n|-unboost|p1a: Calyrex|atk|1\n|-unboost|p1b: Incineroar|atk|1\n|turn|4\n|inactive|Rgktest has 30 seconds left.\n|l|+Mengy \u32db\n|j|+Mengy \u32db\n|inactive|Rgktest has 20 seconds left.\n|inactive|Rgktest has 15 seconds left.\n|inactive|Rgktest has 10 seconds left.\n|inactive|Rgktest has 5 seconds left.\n|\n|t:|1719885716\n|-terastallize|p1b: Incineroar|Ghost\n|move|p2a: Calyrex|Glacial Lance|p1a: Calyrex|[spread] p1a,p1b\n|-damage|p1a: Calyrex|23\/100\n|-damage|p1b: Incineroar|23\/100\n|move|p1b: Incineroar|Parting Shot|p2b: Incineroar\n|-unboost|p2b: Incineroar|atk|1\n|-unboost|p2b: Incineroar|spa|1\n|\n|t:|1719885723\n|switch|p1b: Ditto|Ditto, L50|100\/100|[from] Parting Shot\n|-transform|p1b: Ditto|p2a: Calyrex|[from] ability: Imposter\n|-ability|p1b: Ditto|As One\n|-ability|p1b: Ditto|Unnerve\n|move|p2b: Incineroar|Flare Blitz|p1a: Calyrex\n|-damage|p1a: Calyrex|0 fnt\n|faint|p1a: Calyrex\n|-damage|p2b: Incineroar|46\/100 psn|[from] Recoil\n|\n|-damage|p2b: Incineroar|34\/100 psn|[from] psn\n|upkeep\n|\n|t:|1719885734\n|switch|p1a: Incineroar|Incineroar, L50, M, tera:Ghost|23\/100\n|-ability|p1a: Incineroar|Intimidate|boost\n|-unboost|p2a: Calyrex|atk|1\n|-unboost|p2b: Incineroar|atk|1\n|-start|p1b: Ditto|typechange|Psychic\/Ice|[silent]\n|turn|5\n|inactive|peace at least has 30 seconds left.\n|inactive|peace at least has 20 seconds left.\n|inactive|peace at least has 15 seconds left.\n|\n|t:|1719885778\n|move|p1a: Incineroar|Fake Out|p2a: Calyrex\n|-damage|p2a: Calyrex|42\/100\n|move|p1b: Ditto|High Horsepower|p2b: Incineroar\n|-supereffective|p2b: Incineroar\n|-damage|p2b: Incineroar|0 fnt\n|faint|p2b: Incineroar\n|-ability|p1b: Ditto|Chilling Neigh|boost\n|-boost|p1b: Ditto|atk|1\n|cant|p2a: Calyrex|flinch\n|\n|upkeep\n|\n|t:|1719885782\n|switch|p2b: Farigiraf|Farigiraf, L50, M|10\/100\n|turn|6\n|\n|t:|1719885793\n|move|p1a: Incineroar|Helping Hand|p1b: Ditto\n|-singleturn|p1b: Ditto|Helping Hand|[of] p1a: Incineroar\n|move|p2a: Calyrex|Glacial Lance|p1b: Ditto|[spread] p1a,p1b\n|-crit|p1a: Incineroar\n|-resisted|p1b: Ditto\n|-damage|p1a: Incineroar|0 fnt\n|-damage|p1b: Ditto|83\/100\n|faint|p1a: Incineroar\n|-ability|p2a: Calyrex|Chilling Neigh|boost\n|-boost|p2a: Calyrex|atk|1\n|move|p1b: Ditto|Glacial Lance|p2a: Calyrex|[spread] p2a,p2b\n|-resisted|p2a: Calyrex\n|-damage|p2a: Calyrex|0 fnt\n|-damage|p2b: Farigiraf|0 fnt\n|faint|p2a: Calyrex\n|faint|p2b: Farigiraf\n|\n|win|Rgktest\n|raw|Rgktest's rating: 1761 &rarr; <strong>1778<\/strong><br \/>(+17 for winning)\n|raw|peace at least's rating: 1709 &rarr; <strong>1692<\/strong><br \/>(-17 for losing)\n|l|\u2606peace at least\n|player|p2|\n|l|\u2606Rgktest\n|player|p1|\n|l| sprocke123\n","uploadtime":1719885960,"views":13,"formatid":"gen9vgc2024regg","rating":1692,"private":0,"password":null}