{"id":"gen9vgc2024regg-2153389146","format":"[Gen 9] VGC 2024 Reg G","players":["MomeriA12","Sneakky"],"log":"|j|\u2606MomeriA12\n|j|\u2606Sneakky\n|t:|1719860273\n|gametype|doubles\n|player|p1|MomeriA12|266|1676\n|player|p2|Sneakky|morty|1753\n|teamsize|p1|6\n|teamsize|p2|6\n|gen|9\n|tier|[Gen 9] VGC 2024 Reg G\n|rated|\n|rule|Species Clause: Limit one of each Pok\u00e9mon\n|rule|Item Clause: Limit one of each item\n|clearpoke\n|poke|p1|Kyogre, L50|\n|poke|p1|Tornadus, L50, M|\n|poke|p1|Raichu, L50, F|\n|poke|p1|Dragonite, L50, M|\n|poke|p1|Kingambit, L50, F|\n|poke|p1|Goodra-Hisui, L50, M|\n|poke|p2|Farigiraf, L50, M|\n|poke|p2|Chien-Pao, L50|\n|poke|p2|Iron Hands, L50|\n|poke|p2|Araquanid, L50, M|\n|poke|p2|Miraidon, L50|\n|poke|p2|Talonflame, L50, M|\n|teampreview|4\n|inactive|Battle timer is ON: inactive players will automatically lose when time's up. (requested by Sneakky)\n|inactive|MomeriA12 has 60 seconds left.\n|inactive|Sneakky has 60 seconds left.\n|\n|t:|1719860308\n|start\n|switch|p1a: Tornadus|Tornadus, L50, M|100\/100\n|switch|p1b: Kyogre|Kyogre, L50|100\/100\n|switch|p2a: Chien-Pao|Chien-Pao, L50|100\/100\n|switch|p2b: Talonflame|Talonflame, L50, M|100\/100\n|-ability|p2a: Chien-Pao|Sword of Ruin\n|-weather|RainDance|[from] ability: Drizzle|[of] p1b: Kyogre\n|turn|1\n|\n|t:|1719860324\n|move|p1b: Kyogre|Protect|p1b: Kyogre\n|-singleturn|p1b: Kyogre|Protect\n|move|p2b: Talonflame|Tailwind|p2b: Talonflame\n|-sidestart|p2: Sneakky|move: Tailwind\n|move|p1a: Tornadus|Tailwind|p1a: Tornadus\n|-sidestart|p1: MomeriA12|move: Tailwind\n|move|p2a: Chien-Pao|Icicle Crash|p1a: Tornadus\n|-supereffective|p1a: Tornadus\n|-damage|p1a: Tornadus|0 fnt\n|faint|p1a: Tornadus\n|\n|-weather|RainDance|[upkeep]\n|upkeep\n|\n|t:|1719860335\n|switch|p1a: Raichu|Raichu, L50, F|100\/100\n|turn|2\n|j| bluestraggler01\n|\n|t:|1719860354\n|move|p2b: Talonflame|Upper Hand|p1a: Raichu\n|-damage|p1a: Raichu|31\/100\n|-damage|p2b: Talonflame|91\/100|[from] item: Life Orb\n|cant|p1a: Raichu|flinch\n|move|p2a: Chien-Pao|Lash Out|p1a: Raichu\n|-damage|p1a: Raichu|0 fnt\n|faint|p1a: Raichu\n|move|p1b: Kyogre|Water Spout|p2a: Chien-Pao|[spread] p2a,p2b\n|-supereffective|p2b: Talonflame\n|-enditem|p2a: Chien-Pao|Focus Sash\n|-damage|p2a: Chien-Pao|1\/100\n|-damage|p2b: Talonflame|0 fnt\n|faint|p2b: Talonflame\n|\n|-weather|RainDance|[upkeep]\n|upkeep\n|j| Annnatar\n|\n|t:|1719860372\n|switch|p1a: Kingambit|Kingambit, L50, F|100\/100\n|switch|p2b: Miraidon|Miraidon, L50|100\/100\n|-fieldstart|move: Electric Terrain|[from] ability: Hadron Engine|[of] p2b: Miraidon\n|turn|3\n|j| HarshEuroBarge\n|l| HarshEuroBarge\n|inactive|Sneakky has 30 seconds left.\n|inactive|Sneakky has 20 seconds left.\n|inactive|Sneakky has 15 seconds left.\n|\n|t:|1719860414\n|-terastallize|p1a: Kingambit|Fairy\n|move|p2a: Chien-Pao|Protect|p2a: Chien-Pao\n|-singleturn|p2a: Chien-Pao|Protect\n|move|p1b: Kyogre|Protect|p1b: Kyogre\n|-singleturn|p1b: Kyogre|Protect\n|move|p2b: Miraidon|Electro Drift|p1a: Kingambit\n|-damage|p1a: Kingambit|15\/100\n|move|p1a: Kingambit|Tera Blast|p2b: Miraidon|[anim] Tera Blast Fairy\n|-supereffective|p2b: Miraidon\n|-damage|p2b: Miraidon|0 fnt\n|faint|p2b: Miraidon\n|\n|-weather|RainDance|[upkeep]\n|upkeep\n|\n|t:|1719860427\n|switch|p2b: Iron Hands|Iron Hands, L50|100\/100\n|-activate|p2b: Iron Hands|ability: Quark Drive\n|-start|p2b: Iron Hands|quarkdriveatk\n|turn|4\n|\n|t:|1719860447\n|move|p2b: Iron Hands|Fake Out|p1b: Kyogre\n|-damage|p1b: Kyogre|68\/100\n|move|p1a: Kingambit|Sucker Punch|p2a: Chien-Pao\n|-resisted|p2a: Chien-Pao\n|-damage|p2a: Chien-Pao|0 fnt\n|faint|p2a: Chien-Pao\n|cant|p1b: Kyogre|flinch\n|\n|-weather|RainDance|[upkeep]\n|-sideend|p1: MomeriA12|move: Tailwind\n|-sideend|p2: Sneakky|move: Tailwind\n|upkeep\n|turn|5\n|inactive|Sneakky has 30 seconds left.\n|inactive|Sneakky has 20 seconds left.\n|\n|t:|1719860484\n|-terastallize|p2b: Iron Hands|Fire\n|move|p1b: Kyogre|Water Spout|p2b: Iron Hands\n|-supereffective|p2b: Iron Hands\n|-damage|p2b: Iron Hands|0 fnt\n|faint|p2b: Iron Hands\n|-end|p2b: Iron Hands|Quark Drive|[silent]\n|\n|win|MomeriA12\n|raw|MomeriA12's rating: 1676 &rarr; <strong>1700<\/strong><br \/>(+24 for winning)\n|raw|Sneakky's rating: 1753 &rarr; <strong>1729<\/strong><br \/>(-24 for losing)\n|l|\u2606Sneakky\n|player|p2|\n|l|\u2606MomeriA12\n|player|p1|\n","uploadtime":1719860720,"views":33,"formatid":"gen9vgc2024regg","rating":1700,"private":0,"password":null}