{"id":"gen9vgc2024regg-2153124147","format":"[Gen 9] VGC 2024 Reg G","players":["Aki Hoshino","ahfoong0411"],"log":"|j|\u2606Aki Hoshino\n|j|\u2606ahfoong0411\n|t:|1719821764\n|gametype|doubles\n|player|p1|Aki Hoshino|aromalady|1777\n|player|p2|ahfoong0411|102|1750\n|teamsize|p1|6\n|teamsize|p2|6\n|gen|9\n|tier|[Gen 9] VGC 2024 Reg G\n|rated|\n|rule|Species Clause: Limit one of each Pok\u00e9mon\n|rule|Item Clause: Limit one of each item\n|clearpoke\n|poke|p1|Whimsicott, L50, M|\n|poke|p1|Calyrex-Ice, L50|\n|poke|p1|Urshifu-*, L50, M|\n|poke|p1|Landorus, L50, M|\n|poke|p1|Rillaboom, L50, M|\n|poke|p1|Entei, L50|\n|poke|p2|Rillaboom, L50, M|\n|poke|p2|Urshifu-*, L50, M|\n|poke|p2|Incineroar, L50, F|\n|poke|p2|Calyrex-Shadow, L50|\n|poke|p2|Ursaluna-Bloodmoon, L50, M|\n|poke|p2|Farigiraf, L50, F|\n|teampreview|4\n|j| shane999999\n|j| autumdog\n|\n|t:|1719821833\n|start\n|switch|p1a: Whimsicott|Whimsicott, L50, M|100\/100\n|switch|p1b: Calyrex|Calyrex-Ice, L50|100\/100\n|switch|p2a: Farigiraf|Farigiraf, L50, F|100\/100\n|switch|p2b: Calyrex|Calyrex-Shadow, L50|100\/100\n|-ability|p2b: Calyrex|As One\n|-ability|p2b: Calyrex|Unnerve\n|-ability|p1b: Calyrex|As One\n|-ability|p1b: Calyrex|Unnerve\n|turn|1\n|\n|t:|1719821885\n|move|p1b: Calyrex|Protect|p1b: Calyrex\n|-singleturn|p1b: Calyrex|Protect\n|move|p2b: Calyrex|Astral Barrage|p1a: Whimsicott|[spread] p1a\n|-activate|p1b: Calyrex|move: Protect\n|-damage|p1a: Whimsicott|16\/100\n|move|p1a: Whimsicott|Endeavor|p2a: Farigiraf\n|-damage|p2a: Farigiraf|10\/100\n|move|p2a: Farigiraf|Trick Room|p2a: Farigiraf\n|-fieldstart|move: Trick Room|[of] p2a: Farigiraf\n|\n|upkeep\n|turn|2\n|\n|t:|1719821941\n|move|p2b: Calyrex|Protect|p2b: Calyrex\n|-singleturn|p2b: Calyrex|Protect\n|move|p2a: Farigiraf|Foul Play|p1b: Calyrex\n|-supereffective|p1b: Calyrex\n|-damage|p1b: Calyrex|46\/100\n|move|p1b: Calyrex|Glacial Lance|p2b: Calyrex|[spread] p2a\n|-activate|p2b: Calyrex|move: Protect\n|-damage|p2a: Farigiraf|0 fnt\n|faint|p2a: Farigiraf\n|-ability|p1b: Calyrex|Chilling Neigh|boost\n|-boost|p1b: Calyrex|atk|1\n|move|p1a: Whimsicott|Moonblast|p2b: Calyrex\n|-activate|p2b: Calyrex|move: Protect\n|\n|upkeep\n|\n|t:|1719821950\n|switch|p2a: Ursaluna|Ursaluna-Bloodmoon, L50, M|100\/100\n|turn|3\n|\n|t:|1719821977\n|-terastallize|p2a: Ursaluna|Normal\n|move|p1a: Whimsicott|Encore|p2b: Calyrex\n|-start|p2b: Calyrex|Encore\n|move|p2a: Ursaluna|Hyper Voice|p1a: Whimsicott|[spread] p1a,p1b\n|-damage|p1a: Whimsicott|0 fnt\n|-damage|p1b: Calyrex|0 fnt\n|faint|p1a: Whimsicott\n|faint|p1b: Calyrex\n|-damage|p2a: Ursaluna|90\/100|[from] item: Life Orb\n|move|p2b: Calyrex|Protect||[still]\n|-fail|p2b: Calyrex\n|\n|upkeep\n|\n|t:|1719821991\n|switch|p1b: Urshifu|Urshifu, L50, M|100\/100\n|switch|p1a: Landorus|Landorus, L50, M|100\/100\n|turn|4\n|\n|t:|1719822017\n|move|p2b: Calyrex|Protect|p2b: Calyrex\n|-singleturn|p2b: Calyrex|Protect\n|move|p1b: Urshifu|Sucker Punch|p2a: Ursaluna\n|-damage|p2a: Ursaluna|52\/100\n|move|p2a: Ursaluna|Hyper Voice|p1b: Urshifu|[spread] p1a,p1b\n|-damage|p1a: Landorus|22\/100\n|-damage|p1b: Urshifu|0 fnt\n|faint|p1b: Urshifu\n|-damage|p2a: Ursaluna|42\/100|[from] item: Life Orb\n|move|p1a: Landorus|Earth Power|p2a: Ursaluna\n|-damage|p2a: Ursaluna|0 fnt\n|faint|p2a: Ursaluna\n|\n|upkeep\n|\n|t:|1719822029\n|switch|p2a: Urshifu|Urshifu, L50, M|100\/100\n|turn|5\n|-message|Aki Hoshino forfeited.\n|\n|win|ahfoong0411\n|raw|Aki Hoshino's rating: 1777 &rarr; <strong>1755<\/strong><br \/>(-22 for losing)\n|raw|ahfoong0411's rating: 1750 &rarr; <strong>1772<\/strong><br \/>(+22 for winning)\n|l|\u2606Aki Hoshino\n|player|p1|\n|l| autumdog\n|l|\u2606ahfoong0411\n|player|p2|\n","uploadtime":1719822229,"views":60,"formatid":"gen9vgc2024regg","rating":1755,"private":0,"password":null}