{"id":"gen9vgc2024regg-2153296903","format":"[Gen 9] VGC 2024 Reg G","players":["RandomDuVGCFR","code_anish"],"log":"|j|\u2606RandomDuVGCFR\n|j|\u2606code_anish\n|t:|1719849483\n|gametype|doubles\n|player|p1|RandomDuVGCFR|170|1713\n|player|p2|code_anish|yellow|1780\n|teamsize|p1|6\n|teamsize|p2|6\n|gen|9\n|tier|[Gen 9] VGC 2024 Reg G\n|rated|\n|rule|Species Clause: Limit one of each Pok\u00e9mon\n|rule|Item Clause: Limit one of each item\n|clearpoke\n|poke|p1|Kyogre, L50|\n|poke|p1|Rillaboom, L50, F|\n|poke|p1|Incineroar, L50, M|\n|poke|p1|Grimmsnarl, L50, M|\n|poke|p1|Iron Jugulis, L50|\n|poke|p1|Urshifu-*, L50, F|\n|poke|p2|Kyogre, L50|\n|poke|p2|Tornadus, L50, M|\n|poke|p2|Basculegion, L50, M|\n|poke|p2|Urshifu-*, L50, M|\n|poke|p2|Flutter Mane, L50|\n|poke|p2|Tsareena, L50, F|\n|teampreview|4\nRandomDuVGCFR has agreed to open team sheets.\n|\n|t:|1719849501\n|start\n|switch|p1a: Iron Jugulis|Iron Jugulis, L50|100\/100\n|switch|p1b: Urshifu|Urshifu-Rapid-Strike, L50, F|100\/100\n|switch|p2a: Tornadus|Tornadus, L50, M|100\/100\n|switch|p2b: Urshifu|Urshifu-Rapid-Strike, L50, M|100\/100\n|-enditem|p1a: Iron Jugulis|Booster Energy\n|-activate|p1a: Iron Jugulis|ability: Quark Drive|[fromitem]\n|-start|p1a: Iron Jugulis|quarkdrivespe\n|turn|1\n|j| Onlyfortest\n|j| NeilVgcIsBased\n|\n|t:|1719849553\n|move|p2a: Tornadus|Tailwind|p2a: Tornadus\n|-sidestart|p2: code_anish|move: Tailwind\n|move|p2b: Urshifu|Surging Strikes|p1a: Iron Jugulis\n|-crit|p1a: Iron Jugulis\n|-damage|p1a: Iron Jugulis|70\/100\n|-crit|p1a: Iron Jugulis\n|-damage|p1a: Iron Jugulis|39\/100\n|-crit|p1a: Iron Jugulis\n|-damage|p1a: Iron Jugulis|10\/100\n|-hitcount|p1a: Iron Jugulis|3\n|move|p1a: Iron Jugulis|Tailwind|p1a: Iron Jugulis\n|-sidestart|p1: RandomDuVGCFR|move: Tailwind\n|move|p1b: Urshifu|Surging Strikes|p2a: Tornadus\n|-crit|p2a: Tornadus\n|-damage|p2a: Tornadus|66\/100\n|-crit|p2a: Tornadus\n|-damage|p2a: Tornadus|35\/100\n|-crit|p2a: Tornadus\n|-damage|p2a: Tornadus|2\/100\n|-hitcount|p2a: Tornadus|3\n|\n|upkeep\n|turn|2\n|\n|t:|1719849586\n|switch|p2b: Tsareena|Tsareena, L50, F|100\/100\n|move|p1a: Iron Jugulis|Hurricane|p2b: Tsareena\n|-supereffective|p2b: Tsareena\n|-damage|p2b: Tsareena|2\/100\n|-start|p2b: Tsareena|confusion\n|move|p1b: Urshifu|Surging Strikes|p2a: Tornadus\n|-crit|p2a: Tornadus\n|-damage|p2a: Tornadus|0 fnt\n|faint|p2a: Tornadus\n|-hitcount|p2: Tornadus|1\n|\n|upkeep\n|j| ExGonkas\n|\n|t:|1719849600\n|switch|p2a: Kyogre|Kyogre, L50|100\/100\n|-weather|RainDance|[from] ability: Drizzle|[of] p2a: Kyogre\n|turn|3\n|\n|t:|1719849612\n|switch|p2b: Urshifu|Urshifu-Rapid-Strike, L50, M|100\/100\n|move|p1a: Iron Jugulis|Snarl|p2a: Kyogre|[spread] p2a,p2b\n|-resisted|p2b: Urshifu\n|-damage|p2a: Kyogre|92\/100\n|-damage|p2b: Urshifu|88\/100\n|-unboost|p2a: Kyogre|spa|1\n|-unboost|p2b: Urshifu|spa|1\n|move|p1b: Urshifu|Surging Strikes|p2a: Kyogre\n|-resisted|p2a: Kyogre\n|-crit|p2a: Kyogre\n|-damage|p2a: Kyogre|79\/100\n|-resisted|p2a: Kyogre\n|-crit|p2a: Kyogre\n|-damage|p2a: Kyogre|65\/100\n|-resisted|p2a: Kyogre\n|-crit|p2a: Kyogre\n|-damage|p2a: Kyogre|50\/100\n|-hitcount|p2a: Kyogre|3\n|move|p2a: Kyogre|Thunder|p1b: Urshifu\n|-supereffective|p1b: Urshifu\n|-damage|p1b: Urshifu|19\/100\n|-status|p1b: Urshifu|par\n|\n|-weather|RainDance|[upkeep]\n|upkeep\n|turn|4\n|\n|t:|1719849635\n|move|p2b: Urshifu|Aqua Jet|p1a: Iron Jugulis\n|-damage|p1a: Iron Jugulis|0 fnt\n|faint|p1a: Iron Jugulis\n|-end|p1a: Iron Jugulis|Quark Drive|[silent]\n|move|p2a: Kyogre|Origin Pulse|p1b: Urshifu\n|-resisted|p1b: Urshifu\n|-damage|p1b: Urshifu|0 fnt\n|faint|p1b: Urshifu\n|\n|-weather|RainDance|[upkeep]\n|-sideend|p1: RandomDuVGCFR|move: Tailwind\n|-sideend|p2: code_anish|move: Tailwind\n|upkeep\n|\n|t:|1719849642\n|switch|p1a: Rillaboom|Rillaboom, L50, F|100\/100\n|switch|p1b: Kyogre|Kyogre, L50|100\/100\n|-fieldstart|move: Grassy Terrain|[from] ability: Grassy Surge|[of] p1a: Rillaboom\n|turn|5\n|\n|t:|1719849655\n|switch|p2b: Tsareena|Tsareena, L50, F|2\/100\n|-terastallize|p1b: Kyogre|Grass\n|move|p2a: Kyogre|Thunder|p1b: Kyogre\n|-resisted|p1b: Kyogre\n|-damage|p1b: Kyogre|91\/100\n|-status|p1b: Kyogre|par\n|move|p1a: Rillaboom|Wood Hammer|p2b: Tsareena\n|-resisted|p2b: Tsareena\n|-damage|p2b: Tsareena|0 fnt\n|faint|p2b: Tsareena\n|-damage|p1a: Rillaboom|99\/100|[from] Recoil\n|cant|p1b: Kyogre|par\n|\n|-weather|RainDance|[upkeep]\n|-heal|p2a: Kyogre|56\/100|[from] Grassy Terrain\n|-heal|p1a: Rillaboom|100\/100|[from] Grassy Terrain\n|-heal|p1b: Kyogre|97\/100 par|[from] Grassy Terrain\n|-heal|p1b: Kyogre|100\/100 par|[from] item: Leftovers\n|upkeep\n|\n|t:|1719849662\n|switch|p2b: Urshifu|Urshifu-Rapid-Strike, L50, M|88\/100\n|turn|6\n|\n|t:|1719849675\n|-terastallize|p2b: Urshifu|Grass\n|move|p1a: Rillaboom|Grassy Glide|p2a: Kyogre\n|-supereffective|p2a: Kyogre\n|-damage|p2a: Kyogre|0 fnt\n|faint|p2a: Kyogre\n|move|p2b: Urshifu|U-turn|p1b: Kyogre\n|-supereffective|p1b: Kyogre\n|-damage|p1b: Kyogre|37\/100 par\n|move|p1b: Kyogre|Calm Mind|p1b: Kyogre\n|-boost|p1b: Kyogre|spa|1\n|-boost|p1b: Kyogre|spd|1\n|\n|-weather|RainDance|[upkeep]\n|-heal|p2b: Urshifu|94\/100|[from] Grassy Terrain\n|-heal|p1b: Kyogre|43\/100 par|[from] Grassy Terrain\n|-heal|p1b: Kyogre|49\/100 par|[from] item: Leftovers\n|upkeep\n|turn|7\n|\n|t:|1719849685\n|move|p2b: Urshifu|U-turn|p1b: Kyogre\n|-supereffective|p1b: Kyogre\n|-damage|p1b: Kyogre|0 fnt\n|faint|p1b: Kyogre\n|move|p1a: Rillaboom|U-turn|p2b: Urshifu\n|-supereffective|p2b: Urshifu\n|-damage|p2b: Urshifu|50\/100\n|\n|-weather|none\n|-heal|p2b: Urshifu|56\/100|[from] Grassy Terrain\n|upkeep\n|turn|8\n|\n|t:|1719849693\n|move|p2b: Urshifu|U-turn|p1a: Rillaboom\n|-supereffective|p1a: Rillaboom\n|-damage|p1a: Rillaboom|45\/100\n|move|p1a: Rillaboom|Wood Hammer|p2b: Urshifu\n|-resisted|p2b: Urshifu\n|-damage|p2b: Urshifu|20\/100\n|-damage|p1a: Rillaboom|34\/100|[from] Recoil\n|\n|-heal|p2b: Urshifu|26\/100|[from] Grassy Terrain\n|-heal|p1a: Rillaboom|40\/100|[from] Grassy Terrain\n|upkeep\n|turn|9\n|\n|t:|1719849699\n|move|p1a: Rillaboom|Grassy Glide|p2b: Urshifu\n|-resisted|p2b: Urshifu\n|-damage|p2b: Urshifu|9\/100\n|move|p2b: Urshifu|U-turn|p1a: Rillaboom\n|-supereffective|p1a: Rillaboom\n|-damage|p1a: Rillaboom|0 fnt\n|faint|p1a: Rillaboom\n|\n|win|code_anish\n|raw|RandomDuVGCFR's rating: 1713 &rarr; <strong>1697<\/strong><br \/>(-16 for losing)\n|raw|code_anish's rating: 1780 &rarr; <strong>1796<\/strong><br \/>(+16 for winning)\n|l|\u2606RandomDuVGCFR\n|player|p1|\n|l|\u2606code_anish\n|player|p2|\n|l| Onlyfortest\n|j| Onlyfortest\n|l| NeilVgcIsBased\n","uploadtime":1719849924,"views":38,"formatid":"gen9vgc2024regg","rating":1697,"private":0,"password":null}