{"id":"gen9vgc2024regg-2153172208","format":"[Gen 9] VGC 2024 Reg G","players":["CCC2025","thrrack"],"log":"|j|\u2606CCC2025\n|j|\u2606thrrack\n|t:|1719831620\n|gametype|doubles\n|player|p1|CCC2025|dawn|1745\n|player|p2|thrrack|265|1727\n|teamsize|p1|6\n|teamsize|p2|6\n|gen|9\n|tier|[Gen 9] VGC 2024 Reg G\n|rated|\n|rule|Species Clause: Limit one of each Pok\u00e9mon\n|rule|Item Clause: Limit one of each item\n|clearpoke\n|poke|p1|Urshifu-*, L50, M|\n|poke|p1|Chien-Pao, L50|\n|poke|p1|Dragonite, L50, M|\n|poke|p1|Rillaboom, L50, M|\n|poke|p1|Tornadus, L50, M|\n|poke|p1|Zacian-*, L50|\n|poke|p2|Grimmsnarl, L50, M|\n|poke|p2|Calyrex-Ice, L50|\n|poke|p2|Urshifu-*, L50, M|\n|poke|p2|Ditto, L50|\n|poke|p2|Sinistcha, L50|\n|poke|p2|Electabuzz, L50, F|\n|teampreview|4\n|inactive|Battle timer is ON: inactive players will automatically lose when time's up. (requested by CCC2025)\n|\n|t:|1719831659\n|start\n|switch|p1a: Rillaboom|Rillaboom, L50, M|100\/100\n|switch|p1b: Urshifu|Urshifu-Rapid-Strike, L50, M|100\/100\n|switch|p2a: Grimmsnarl|Grimmsnarl, L50, M|100\/100\n|switch|p2b: Sinistcha|Sinistcha, L50|100\/100\n|-fieldstart|move: Grassy Terrain|[from] ability: Grassy Surge|[of] p1a: Rillaboom\n|turn|1\n|inactive|CCC2025 has 30 seconds left.\n|inactive|CCC2025 has 20 seconds left.\n|\n|t:|1719831695\n|move|p1b: Urshifu|Detect|p1b: Urshifu\n|-singleturn|p1b: Urshifu|Protect\n|move|p2a: Grimmsnarl|Reflect|p2a: Grimmsnarl\n|-sidestart|p2: thrrack|Reflect\n|move|p1a: Rillaboom|Wood Hammer|p2a: Grimmsnarl\n|-damage|p2a: Grimmsnarl|37\/100\n|-damage|p1a: Rillaboom|79\/100|[from] Recoil\n|move|p2b: Sinistcha|Trick Room|p2b: Sinistcha\n|-fieldstart|move: Trick Room|[of] p2b: Sinistcha\n|\n|-heal|p2a: Grimmsnarl|43\/100|[from] Grassy Terrain\n|-heal|p1a: Rillaboom|85\/100|[from] Grassy Terrain\n|upkeep\n|turn|2\n|j| AreS414141\n|\n|t:|1719831718\n|switch|p1b: Chien-Pao|Chien-Pao, L50|100\/100\n|-ability|p1b: Chien-Pao|Sword of Ruin\n|move|p1a: Rillaboom|Grassy Glide|p2a: Grimmsnarl\n|-damage|p2a: Grimmsnarl|5\/100\n|move|p2b: Sinistcha|Matcha Gotcha|p1a: Rillaboom|[spread] p1a,p1b\n|-resisted|p1a: Rillaboom\n|-damage|p1a: Rillaboom|72\/100\n|-damage|p1b: Chien-Pao|51\/100\n|move|p2a: Grimmsnarl|Foul Play|p1b: Chien-Pao\n|-resisted|p1b: Chien-Pao\n|-damage|p1b: Chien-Pao|18\/100\n|\n|-heal|p2a: Grimmsnarl|11\/100|[from] Grassy Terrain\n|-heal|p1a: Rillaboom|79\/100|[from] Grassy Terrain\n|-heal|p1b: Chien-Pao|24\/100|[from] Grassy Terrain\n|upkeep\n|turn|3\n|inactive|CCC2025 has 30 seconds left.\n|inactive|CCC2025 has 20 seconds left.\n|\n|t:|1719831756\n|move|p1b: Chien-Pao|Protect|p1b: Chien-Pao\n|-singleturn|p1b: Chien-Pao|Protect\n|move|p2b: Sinistcha|Matcha Gotcha|p1a: Rillaboom|[spread] \n|-activate|p1b: Chien-Pao|move: Protect\n|-miss|p2b: Sinistcha|p1a: Rillaboom\n|move|p2a: Grimmsnarl|Foul Play|p1a: Rillaboom\n|-damage|p1a: Rillaboom|12\/100\n|move|p1a: Rillaboom|Wood Hammer|p2a: Grimmsnarl\n|-damage|p2a: Grimmsnarl|0 fnt\n|faint|p2a: Grimmsnarl\n|-damage|p1a: Rillaboom|9\/100|[from] Recoil\n|\n|-heal|p1a: Rillaboom|15\/100|[from] Grassy Terrain\n|-heal|p1b: Chien-Pao|30\/100|[from] Grassy Terrain\n|upkeep\n|\n|t:|1719831770\n|switch|p2a: Calyrex|Calyrex-Ice, L50|100\/100\n|-ability|p2a: Calyrex|As One\n|-ability|p2a: Calyrex|Unnerve\n|turn|4\n|inactive|CCC2025 has 30 seconds left.\n|\n|t:|1719831800\n|switch|p1b: Zacian|Zacian-Crowned, L50|100\/100\n|-ability|p1b: Zacian|Intrepid Sword|boost\n|-boost|p1b: Zacian|atk|1\n|move|p1a: Rillaboom|Grassy Glide|p2a: Calyrex\n|-damage|p2a: Calyrex|85\/100\n|move|p2a: Calyrex|Glacial Lance|p1a: Rillaboom|[spread] p1a,p1b\n|-supereffective|p1a: Rillaboom\n|-resisted|p1b: Zacian\n|-damage|p1a: Rillaboom|0 fnt\n|-damage|p1b: Zacian|78\/100\n|faint|p1a: Rillaboom\n|-ability|p2a: Calyrex|Chilling Neigh|boost\n|-boost|p2a: Calyrex|atk|1\n|move|p2b: Sinistcha|Matcha Gotcha|p1b: Zacian\n|-resisted|p1b: Zacian\n|-damage|p1b: Zacian|61\/100\n|\n|-heal|p2a: Calyrex|90\/100|[from] Grassy Terrain\n|-heal|p1b: Zacian|67\/100|[from] Grassy Terrain\n|upkeep\n|inactive|CCC2025 has 30 seconds left.\n|\n|t:|1719831826\n|switch|p1a: Chien-Pao|Chien-Pao, L50|30\/100\n|-ability|p1a: Chien-Pao|Sword of Ruin\n|turn|5\n|\n|t:|1719831845\n|move|p1b: Zacian|Behemoth Blade|p2a: Calyrex\n|-supereffective|p2a: Calyrex\n|-damage|p2a: Calyrex|0 fnt\n|faint|p2a: Calyrex\n|move|p1a: Chien-Pao|Icicle Crash|p2b: Sinistcha\n|-supereffective|p2b: Sinistcha\n|-damage|p2b: Sinistcha|6\/100\n|-damage|p1a: Chien-Pao|20\/100|[from] item: Life Orb\n|move|p2b: Sinistcha|Trick Room|p2b: Sinistcha\n|-fieldend|move: Trick Room\n|\n|-heal|p1a: Chien-Pao|26\/100|[from] Grassy Terrain\n|-heal|p1b: Zacian|73\/100|[from] Grassy Terrain\n|-heal|p2b: Sinistcha|12\/100|[from] Grassy Terrain\n|-fieldend|move: Grassy Terrain\n|upkeep\n|\n|t:|1719831849\n|switch|p2a: Ditto|Ditto, L50|100\/100\n|-transform|p2a: Ditto|p1b: Zacian|[from] ability: Imposter\n|-ability|p2a: Ditto|Intrepid Sword|boost\n|-boost|p2a: Ditto|atk|1\n|turn|6\n|inactive|thrrack has 30 seconds left.\n|\n|t:|1719831876\n|move|p1b: Zacian|Protect|p1b: Zacian\n|-singleturn|p1b: Zacian|Protect\n|move|p2a: Ditto|Behemoth Blade|p1a: Chien-Pao\n|-supereffective|p1a: Chien-Pao\n|-crit|p1a: Chien-Pao\n|-damage|p1a: Chien-Pao|0 fnt\n|faint|p1a: Chien-Pao\n|move|p2b: Sinistcha|Strength Sap|p1b: Zacian\n|-activate|p1b: Zacian|move: Protect\n|\n|upkeep\n|\n|t:|1719831890\n|switch|p1a: Urshifu|Urshifu-Rapid-Strike, L50, M|100\/100\n|turn|7\n|j| hastein\n|inactive|CCC2025 has 30 seconds left.\n|inactive|CCC2025 has 20 seconds left.\n|inactive|CCC2025 has 15 seconds left.\n|\n|t:|1719831934\n|move|p2a: Ditto|Behemoth Blade|p1b: Zacian\n|-damage|p1b: Zacian|0 fnt\n|faint|p1b: Zacian\n|move|p1a: Urshifu|Surging Strikes|p2b: Sinistcha\n|-resisted|p2b: Sinistcha\n|-crit|p2b: Sinistcha\n|-damage|p2b: Sinistcha|1\/100\n|-damage|p1a: Urshifu|84\/100|[from] item: Rocky Helmet|[of] p2b: Sinistcha\n|-resisted|p2b: Sinistcha\n|-crit|p2b: Sinistcha\n|-damage|p2b: Sinistcha|0 fnt\n|-damage|p1a: Urshifu|68\/100|[from] item: Rocky Helmet|[of] p2b: Sinistcha\n|faint|p2b: Sinistcha\n|-hitcount|p2: Sinistcha|2\n|\n|upkeep\n|turn|8\n|\n|t:|1719831954\n|-terastallize|p1a: Urshifu|Stellar\n|move|p2a: Ditto|Behemoth Blade|p1a: Urshifu\n|-resisted|p1a: Urshifu\n|-damage|p1a: Urshifu|6\/100\n|move|p1a: Urshifu|Surging Strikes|p2a: Ditto\n|-crit|p2a: Ditto\n|-damage|p2a: Ditto|70\/100\n|-crit|p2a: Ditto\n|-damage|p2a: Ditto|40\/100\n|-crit|p2a: Ditto\n|-damage|p2a: Ditto|9\/100\n|-hitcount|p2a: Ditto|3\n|\n|-sideend|p2: thrrack|Reflect\n|upkeep\n|turn|9\n|\n|t:|1719831969\n|move|p1a: Urshifu|Aqua Jet|p2a: Ditto\n|-damage|p2a: Ditto|0 fnt\n|faint|p2a: Ditto\n|\n|win|CCC2025\n|raw|CCC2025's rating: 1745 &rarr; <strong>1764<\/strong><br \/>(+19 for winning)\n|raw|thrrack's rating: 1727 &rarr; <strong>1708<\/strong><br \/>(-19 for losing)\n|l|\u2606thrrack\n|player|p2|\n|l| AreS414141\n|l|\u2606CCC2025\n|player|p1|\n|l| hastein\n","uploadtime":1719832036,"views":17,"formatid":"gen9vgc2024regg","rating":1708,"private":0,"password":null}