{"id":"gen9vgc2024regg-2153584755","format":"[Gen 9] VGC 2024 Reg G","players":["Rgktest","Spottedwoot"],"log":"|j|\u2606Rgktest\n|j|\u2606Spottedwoot\n|t:|1719885312\n|gametype|doubles\n|player|p1|Rgktest|265|1761\n|player|p2|Spottedwoot|170|1835\n|teamsize|p1|6\n|teamsize|p2|6\n|gen|9\n|tier|[Gen 9] VGC 2024 Reg G\n|rated|\n|rule|Species Clause: Limit one of each Pok\u00e9mon\n|rule|Item Clause: Limit one of each item\n|clearpoke\n|poke|p1|Calyrex-Shadow, L50|\n|poke|p1|Weezing, L50, M|\n|poke|p1|Regigigas, L50|\n|poke|p1|Mienshao, L50, F|\n|poke|p1|Ditto, L50|\n|poke|p1|Incineroar, L50, M|\n|poke|p2|Calyrex-Shadow, L50|\n|poke|p2|Tornadus, L50, M|\n|poke|p2|Chi-Yu, L50|\n|poke|p2|Rillaboom, L50, F|\n|poke|p2|Urshifu-*, L50, M|\n|poke|p2|Incineroar, L50, F|\n|teampreview|4\n|\n|t:|1719885350\n|start\n|switch|p1a: Mienshao|Mienshao, L50, F|100\/100\n|switch|p1b: Calyrex|Calyrex-Shadow, L50|100\/100\n|switch|p2a: Calyrex|Calyrex-Shadow, L50|100\/100\n|switch|p2b: Urshifu|Urshifu-Rapid-Strike, L50, M|100\/100\n|-ability|p1b: Calyrex|As One\n|-ability|p1b: Calyrex|Unnerve\n|-ability|p2a: Calyrex|As One\n|-ability|p2a: Calyrex|Unnerve\n|turn|1\n|\n|t:|1719885373\n|-terastallize|p2a: Calyrex|Ghost\n|-terastallize|p1b: Calyrex|Ghost\n|move|p1a: Mienshao|Wide Guard|p1a: Mienshao\n|-singleturn|p1a: Mienshao|Wide Guard\n|move|p1b: Calyrex|Astral Barrage|p2b: Urshifu|[spread] p2a,p2b\n|-supereffective|p2a: Calyrex\n|-damage|p2a: Calyrex|0 fnt\n|-enditem|p2b: Urshifu|Focus Sash\n|-damage|p2b: Urshifu|1\/100\n|faint|p2a: Calyrex\n|-ability|p1b: Calyrex|Grim Neigh|boost\n|-boost|p1b: Calyrex|spa|1\n|move|p2b: Urshifu|Surging Strikes|p1a: Mienshao\n|-crit|p1a: Mienshao\n|-damage|p1a: Mienshao|59\/100\n|-crit|p1a: Mienshao\n|-damage|p1a: Mienshao|20\/100\n|-crit|p1a: Mienshao\n|-damage|p1a: Mienshao|0 fnt\n|faint|p1a: Mienshao\n|-hitcount|p1: Mienshao|3\n|\n|upkeep\n|\n|t:|1719885386\n|switch|p2a: Chi-Yu|Chi-Yu, L50|100\/100\n|switch|p1a: Weezing|Weezing, L50, M|100\/100\n|-ability|p1a: Weezing|Neutralizing Gas\n|turn|2\n|\n|t:|1719885403\n|move|p2b: Urshifu|Aqua Jet|p1b: Calyrex\n|-damage|p1b: Calyrex|74\/100\n|move|p2a: Chi-Yu|Dark Pulse|p1b: Calyrex\n|-supereffective|p1b: Calyrex\n|-damage|p1b: Calyrex|0 fnt\n|faint|p1b: Calyrex\n|move|p1a: Weezing|Gunk Shot|p2a: Chi-Yu|[miss]\n|-miss|p1a: Weezing|p2a: Chi-Yu\n|\n|upkeep\n|\n|t:|1719885408\n|switch|p1b: Regigigas|Regigigas, L50|100\/100\n|turn|3\n|\n|t:|1719885422\n|switch|p2a: Incineroar|Incineroar, L50, F|100\/100\n|move|p2b: Urshifu|Detect|p2b: Urshifu\n|-singleturn|p2b: Urshifu|Protect\n|move|p1b: Regigigas|Protect|p1b: Regigigas\n|-singleturn|p1b: Regigigas|Protect\n|move|p1a: Weezing|Will-O-Wisp|p2b: Urshifu\n|-activate|p2b: Urshifu|move: Protect\n|\n|upkeep\n|turn|4\n|j|+Mengy \u32db\n|\n|t:|1719885438\n|move|p2a: Incineroar|Fake Out|p1b: Regigigas\n|-damage|p1b: Regigigas|91\/100\n|move|p2b: Urshifu|Close Combat|p1b: Regigigas\n|-supereffective|p1b: Regigigas\n|-damage|p1b: Regigigas|0 fnt\n|-unboost|p2b: Urshifu|def|1\n|-unboost|p2b: Urshifu|spd|1\n|faint|p1b: Regigigas\n|-end|p1b: Regigigas|Slow Start|[silent]\n|move|p1a: Weezing|Will-O-Wisp|p2b: Urshifu\n|-status|p2b: Urshifu|brn\n|\n|-damage|p2b: Urshifu|0 fnt|[from] brn\n|faint|p2b: Urshifu\n|upkeep\n|\n|t:|1719885452\n|switch|p2b: Chi-Yu|Chi-Yu, L50|100\/100\n|turn|5\n|\n|t:|1719885460\n|move|p2b: Chi-Yu|Dark Pulse|p1a: Weezing\n|-damage|p1a: Weezing|58\/100\n|move|p1a: Weezing|Gunk Shot|p2b: Chi-Yu|[miss]\n|-miss|p1a: Weezing|p2b: Chi-Yu\n|move|p2a: Incineroar|Knock Off|p1a: Weezing\n|-damage|p1a: Weezing|28\/100\n|-enditem|p1a: Weezing|Sitrus Berry|[from] move: Knock Off|[of] p2a: Incineroar\n|\n|upkeep\n|turn|6\n|\n|t:|1719885466\n|move|p2b: Chi-Yu|Dark Pulse|p1a: Weezing\n|-damage|p1a: Weezing|0 fnt\n|faint|p1a: Weezing\n|-end|p1a: Weezing|ability: Neutralizing Gas\n|-ability|p2b: Chi-Yu|Beads of Ruin\n|\n|win|Spottedwoot\n|raw|Rgktest's rating: 1778 &rarr; <strong>1761<\/strong><br \/>(-17 for losing)\n|raw|Spottedwoot's rating: 1835 &rarr; <strong>1852<\/strong><br \/>(+17 for winning)\n|l|\u2606Rgktest\n|player|p1|\n|l|\u2606Spottedwoot\n|player|p2|\n","uploadtime":1719885682,"views":164,"formatid":"gen9vgc2024regg","rating":1761,"private":0,"password":null}