{"id":"gen9vgc2024regg-2153153286","format":"[Gen 9] VGC 2024 Reg G","players":["Rafa1000","ahfoong0411"],"log":"|j|\u2606Rafa1000\n|j|\u2606ahfoong0411\n|t:|1719827862\n|gametype|doubles\n|player|p1|Rafa1000|169|1702\n|player|p2|ahfoong0411|102|1708\n|teamsize|p1|6\n|teamsize|p2|6\n|gen|9\n|tier|[Gen 9] VGC 2024 Reg G\n|rated|\n|rule|Species Clause: Limit one of each Pok\u00e9mon\n|rule|Item Clause: Limit one of each item\n|clearpoke\n|poke|p1|Raging Bolt, L50|\n|poke|p1|Urshifu-*, L50, M|\n|poke|p1|Ogerpon-Cornerstone, L50, F|\n|poke|p1|Calyrex-Ice, L50|\n|poke|p1|Iron Valiant, L50|\n|poke|p1|Pelipper, L50, F|\n|poke|p2|Rillaboom, L50, F|\n|poke|p2|Urshifu-*, L50, F|\n|poke|p2|Incineroar, L50, F|\n|poke|p2|Calyrex-Shadow, L50|\n|poke|p2|Ursaluna-Bloodmoon, L50, M|\n|poke|p2|Farigiraf, L50, M|\n|teampreview|4\n|inactive|Battle timer is ON: inactive players will automatically lose when time's up. (requested by Rafa1000)\n|inactive|ahfoong0411 has 60 seconds left.\n|\n|t:|1719827932\n|start\n|switch|p1a: Calyrex|Calyrex-Ice, L50|100\/100\n|switch|p1b: Pelipper|Pelipper, L50, F|100\/100\n|switch|p2a: Farigiraf|Farigiraf, L50, M|100\/100\n|switch|p2b: Calyrex|Calyrex-Shadow, L50|100\/100\n|-ability|p2b: Calyrex|As One\n|-ability|p2b: Calyrex|Unnerve\n|-ability|p1a: Calyrex|As One\n|-ability|p1a: Calyrex|Unnerve\n|-weather|RainDance|[from] ability: Drizzle|[of] p1b: Pelipper\n|turn|1\n|inactive|Rafa1000 has 30 seconds left.\n|inactive|ahfoong0411 has 30 seconds left.\n|inactive|ahfoong0411 has 20 seconds left.\n|\n|t:|1719827969\n|-terastallize|p2b: Calyrex|Water\n|move|p1b: Pelipper|Wide Guard|p1b: Pelipper\n|-singleturn|p1b: Pelipper|Wide Guard\n|move|p2b: Calyrex|Tera Blast|p1a: Calyrex|[anim] Tera Blast Water\n|-damage|p1a: Calyrex|63\/100\n|move|p1a: Calyrex|Crunch|p2b: Calyrex\n|-damage|p2b: Calyrex|61\/100\n|move|p2a: Farigiraf|Foul Play|p1a: Calyrex\n|-supereffective|p1a: Calyrex\n|-damage|p1a: Calyrex|4\/100\n|\n|-weather|RainDance|[upkeep]\n|upkeep\n|turn|2\n|\n|t:|1719827994\n|move|p2b: Calyrex|Protect|p2b: Calyrex\n|-singleturn|p2b: Calyrex|Protect\n|move|p1b: Pelipper|Wide Guard|p1b: Pelipper\n|-singleturn|p1b: Pelipper|Wide Guard\n|move|p1a: Calyrex|Seed Bomb|p2b: Calyrex\n|-activate|p2b: Calyrex|move: Protect\n|move|p2a: Farigiraf|Foul Play|p1a: Calyrex\n|-supereffective|p1a: Calyrex\n|-damage|p1a: Calyrex|0 fnt\n|faint|p1a: Calyrex\n|\n|-weather|RainDance|[upkeep]\n|upkeep\n|\n|t:|1719827998\n|switch|p1a: Iron Valiant|Iron Valiant, L50|100\/100\n|-enditem|p1a: Iron Valiant|Booster Energy\n|-activate|p1a: Iron Valiant|ability: Quark Drive|[fromitem]\n|-start|p1a: Iron Valiant|quarkdrivespe\n|turn|3\n|inactive|Rafa1000 has 30 seconds left.\n|inactive|Rafa1000 has 20 seconds left.\n|inactive|Rafa1000 has 15 seconds left.\n|inactive|Rafa1000 has 10 seconds left.\n|\n|t:|1719828047\n|move|p1a: Iron Valiant|Moonblast|p2b: Calyrex\n|-damage|p2b: Calyrex|23\/100\n|-enditem|p2b: Calyrex|Sitrus Berry|[eat]\n|-heal|p2b: Calyrex|47\/100|[from] item: Sitrus Berry\n|move|p2b: Calyrex|Tera Blast|p1a: Iron Valiant|[anim] Tera Blast Water\n|-damage|p1a: Iron Valiant|0 fnt\n|faint|p1a: Iron Valiant\n|-end|p1a: Iron Valiant|Quark Drive|[silent]\n|-ability|p2b: Calyrex|Grim Neigh|boost\n|-boost|p2b: Calyrex|spa|1\n|move|p1b: Pelipper|Hurricane|p2b: Calyrex\n|-damage|p2b: Calyrex|0 fnt\n|faint|p2b: Calyrex\n|move|p2a: Farigiraf|Trick Room|p2a: Farigiraf\n|-fieldstart|move: Trick Room|[of] p2a: Farigiraf\n|\n|-weather|RainDance|[upkeep]\n|upkeep\n|\n|t:|1719828063\n|switch|p1a: Urshifu|Urshifu-Rapid-Strike, L50, M|100\/100\n|switch|p2b: Ursaluna|Ursaluna-Bloodmoon, L50, M|100\/100\n|turn|4\n|inactive|Rafa1000 has 30 seconds left.\n|inactive|ahfoong0411 has 30 seconds left.\n|inactive|Rafa1000 has 20 seconds left.\n|\n|t:|1719828101\n|-terastallize|p1b: Pelipper|Steel\n|move|p1a: Urshifu|Detect|p1a: Urshifu\n|-singleturn|p1a: Urshifu|Protect\n|move|p2b: Ursaluna|Blood Moon|p1a: Urshifu\n|-activate|p1a: Urshifu|move: Protect\n|move|p2a: Farigiraf|Foul Play|p1a: Urshifu\n|-activate|p1a: Urshifu|move: Protect\n|move|p1b: Pelipper|Weather Ball|p2b: Ursaluna\n|-supereffective|p2b: Ursaluna\n|-damage|p2b: Ursaluna|0 fnt\n|faint|p2b: Ursaluna\n|\n|-weather|RainDance|[upkeep]\n|upkeep\n|\n|t:|1719828115\n|switch|p2b: Urshifu|Urshifu, L50, F|100\/100\n|turn|5\n|\n|t:|1719828130\n|move|p2a: Farigiraf|Helping Hand|p2b: Urshifu\n|-singleturn|p2b: Urshifu|Helping Hand|[of] p2a: Farigiraf\n|move|p1b: Pelipper|Hurricane|p2b: Urshifu\n|-supereffective|p2b: Urshifu\n|-enditem|p2b: Urshifu|Focus Sash\n|-damage|p2b: Urshifu|1\/100\n|move|p1a: Urshifu|Surging Strikes|p2b: Urshifu\n|-crit|p2b: Urshifu\n|-damage|p2b: Urshifu|0 fnt\n|faint|p2b: Urshifu\n|-hitcount|p2: Urshifu|1\n|\n|-weather|none\n|upkeep\n|turn|6\n|\n|t:|1719828148\n|move|p2a: Farigiraf|Foul Play|p1a: Urshifu\n|-resisted|p1a: Urshifu\n|-damage|p1a: Urshifu|82\/100\n|move|p1b: Pelipper|Hurricane|p2a: Farigiraf\n|-damage|p2a: Farigiraf|62\/100\n|-start|p2a: Farigiraf|confusion\n|move|p1a: Urshifu|Surging Strikes|p2a: Farigiraf\n|-crit|p2a: Farigiraf\n|-damage|p2a: Farigiraf|40\/100\n|-crit|p2a: Farigiraf\n|-damage|p2a: Farigiraf|20\/100\n|-crit|p2a: Farigiraf\n|-damage|p2a: Farigiraf|0 fnt\n|faint|p2a: Farigiraf\n|-hitcount|p2: Farigiraf|3\n|\n|win|Rafa1000\n|raw|Rafa1000's rating: 1702 &rarr; <strong>1722<\/strong><br \/>(+20 for winning)\n|raw|ahfoong0411's rating: 1708 &rarr; <strong>1688<\/strong><br \/>(-20 for losing)\n|l|\u2606Rafa1000\n|player|p1|\n|l|\u2606ahfoong0411\n|player|p2|\n","uploadtime":1719828303,"views":11,"formatid":"gen9vgc2024regg","rating":1688,"private":0,"password":null}