{"id":"gen9vgc2024regg-2153164441","format":"[Gen 9] VGC 2024 Reg G","players":["thrrack","cookingmaster"],"log":"|j|\u2606thrrack\n|j|\u2606cookingmaster\n|t:|1719830130\n|gametype|doubles\n|player|p1|thrrack|265|1709\n|player|p2|cookingmaster|265|1760\n|teamsize|p1|6\n|teamsize|p2|6\n|gen|9\n|tier|[Gen 9] VGC 2024 Reg G\n|rated|\n|rule|Species Clause: Limit one of each Pok\u00e9mon\n|rule|Item Clause: Limit one of each item\n|clearpoke\n|poke|p1|Grimmsnarl, L50, M|\n|poke|p1|Calyrex-Ice, L50|\n|poke|p1|Urshifu-*, L50, M|\n|poke|p1|Ditto, L50|\n|poke|p1|Sinistcha, L50|\n|poke|p1|Electabuzz, L50, F|\n|poke|p2|Calyrex-Ice, L50|\n|poke|p2|Chi-Yu, L50|\n|poke|p2|Raging Bolt, L50|\n|poke|p2|Annihilape, L50, F|\n|poke|p2|Dondozo, L50, M|\n|poke|p2|Tatsugiri-Droopy, L50, F|\n|teampreview|4\n|j| shane999999\n|j| BankitVGC\n|\n|t:|1719830169\n|start\n|switch|p1a: Urshifu|Urshifu-Rapid-Strike, L50, M|100\/100\n|switch|p1b: Grimmsnarl|Grimmsnarl, L50, M|100\/100\n|switch|p2a: Calyrex|Calyrex-Ice, L50|100\/100\n|switch|p2b: Annihilape|Annihilape, L50, F|100\/100\n|-ability|p2a: Calyrex|As One\n|-ability|p2a: Calyrex|Unnerve\n|turn|1\n|inactive|Battle timer is ON: inactive players will automatically lose when time's up. (requested by cookingmaster)\n|\n|t:|1719830189\n|-terastallize|p1b: Grimmsnarl|Ghost\n|move|p1a: Urshifu|Surging Strikes|p2a: Calyrex\n|-crit|p2a: Calyrex\n|-damage|p2a: Calyrex|88\/100\n|-crit|p2a: Calyrex\n|-damage|p2a: Calyrex|74\/100\n|-crit|p2a: Calyrex\n|-damage|p2a: Calyrex|62\/100\n|-hitcount|p2a: Calyrex|3\n|move|p2b: Annihilape|Rage Fist|p1a: Urshifu\n|-damage|p1a: Urshifu|77\/100\n|move|p1b: Grimmsnarl|Foul Play|p2a: Calyrex\n|-supereffective|p2a: Calyrex\n|-damage|p2a: Calyrex|0 fnt\n|faint|p2a: Calyrex\n|\n|upkeep\n|\n|t:|1719830204\n|switch|p2a: Dondozo|Dondozo, L50, M|100\/100\n|turn|2\n|\n|t:|1719830218\n|switch|p1a: Sinistcha|Sinistcha, L50|100\/100\n|switch|p2b: Tatsugiri|Tatsugiri-Droopy, L50, F|100\/100\n|-activate|p2b: Tatsugiri|ability: Commander|[of] p2a: Dondozo\n|-boost|p2a: Dondozo|atk|2\n|-boost|p2a: Dondozo|spa|2\n|-boost|p2a: Dondozo|spe|2\n|-boost|p2a: Dondozo|def|2\n|-boost|p2a: Dondozo|spd|2\n|move|p1b: Grimmsnarl|Reflect|p1b: Grimmsnarl\n|-sidestart|p1: thrrack|Reflect\n|move|p2a: Dondozo|Order Up|p1b: Grimmsnarl\n|-damage|p1b: Grimmsnarl|73\/100\n|-boost|p2a: Dondozo|def|1\n|\n|upkeep\n|turn|3\n|\n|t:|1719830237\n|move|p1b: Grimmsnarl|Misty Terrain|p1b: Grimmsnarl\n|-fieldstart|move: Misty Terrain\n|move|p2a: Dondozo|Order Up|p1b: Grimmsnarl\n|-damage|p1b: Grimmsnarl|58\/100\n|-boost|p2a: Dondozo|def|1\n|move|p1a: Sinistcha|Strength Sap|p2a: Dondozo\n|-unboost|p2a: Dondozo|atk|1\n|\n|upkeep\n|turn|4\n|\n|t:|1719830258\n|move|p2a: Dondozo|Order Up|p1b: Grimmsnarl\n|-damage|p1b: Grimmsnarl|48\/100\n|-boost|p2a: Dondozo|def|1\n|move|p1b: Grimmsnarl|Foul Play|p2a: Dondozo\n|-damage|p2a: Dondozo|95\/100\n|move|p1a: Sinistcha|Strength Sap|p2a: Dondozo\n|-unboost|p2a: Dondozo|atk|1\n|\n|upkeep\n|turn|5\n|\n|t:|1719830272\n|move|p2a: Dondozo|Order Up|p1b: Grimmsnarl\n|-damage|p1b: Grimmsnarl|40\/100\n|-boost|p2a: Dondozo|def|1\n|move|p1b: Grimmsnarl|Foul Play|p2a: Dondozo\n|-damage|p2a: Dondozo|89\/100\n|move|p1a: Sinistcha|Matcha Gotcha|p2b: Tatsugiri|[spread] p2a\n|-miss|p1a: Sinistcha|p2b: Tatsugiri\n|-supereffective|p2a: Dondozo\n|-damage|p2a: Dondozo|70\/100\n|\n|upkeep\n|turn|6\n|inactive|thrrack has 30 seconds left.\n|\n|t:|1719830300\n|move|p2a: Dondozo|Protect|p2a: Dondozo\n|-singleturn|p2a: Dondozo|Protect\n|move|p1b: Grimmsnarl|Foul Play|p2a: Dondozo\n|-activate|p2a: Dondozo|move: Protect\n|move|p1a: Sinistcha|Matcha Gotcha|p2a: Dondozo|[spread] \n|-miss|p1a: Sinistcha|p2b: Tatsugiri\n|-activate|p2a: Dondozo|move: Protect\n|\n|upkeep\n|turn|7\n|\n|t:|1719830306\n|move|p2a: Dondozo|Order Up|p1b: Grimmsnarl\n|-damage|p1b: Grimmsnarl|32\/100\n|-boost|p2a: Dondozo|def|0\n|move|p1b: Grimmsnarl|Foul Play|p2a: Dondozo\n|-crit|p2a: Dondozo\n|-damage|p2a: Dondozo|43\/100\n|move|p1a: Sinistcha|Matcha Gotcha|p2b: Tatsugiri|[spread] \n|-miss|p1a: Sinistcha|p2b: Tatsugiri\n|-miss|p1a: Sinistcha|p2a: Dondozo\n|\n|-fieldend|Misty Terrain\n|upkeep\n|turn|8\n|\n|t:|1719830325\n|move|p1b: Grimmsnarl|Misty Terrain|p1b: Grimmsnarl\n|-fieldstart|move: Misty Terrain\n|move|p2a: Dondozo|Order Up|p1b: Grimmsnarl\n|-damage|p1b: Grimmsnarl|25\/100\n|-boost|p2a: Dondozo|def|0\n|move|p1a: Sinistcha|Trick Room|p1a: Sinistcha\n|-fieldstart|move: Trick Room|[of] p1a: Sinistcha\n|\n|upkeep\n|turn|9\n|\n|t:|1719830335\n|move|p2a: Dondozo|Protect|p2a: Dondozo\n|-singleturn|p2a: Dondozo|Protect\n|move|p1a: Sinistcha|Matcha Gotcha|p2a: Dondozo|[spread] \n|-miss|p1a: Sinistcha|p2b: Tatsugiri\n|-activate|p2a: Dondozo|move: Protect\n|move|p1b: Grimmsnarl|Foul Play|p2a: Dondozo\n|-activate|p2a: Dondozo|move: Protect\n|\n|-sideend|p1: thrrack|Reflect\n|upkeep\n|turn|10\n|\n|t:|1719830352\n|move|p1b: Grimmsnarl|Reflect|p1b: Grimmsnarl\n|-sidestart|p1: thrrack|Reflect\n|move|p1a: Sinistcha|Matcha Gotcha|p2b: Tatsugiri|[spread] \n|-miss|p1a: Sinistcha|p2b: Tatsugiri\n|-miss|p1a: Sinistcha|p2a: Dondozo\n|move|p2a: Dondozo|Order Up|p1b: Grimmsnarl\n|-damage|p1b: Grimmsnarl|17\/100\n|-boost|p2a: Dondozo|def|0\n|\n|upkeep\n|turn|11\n|\n|t:|1719830360\n|switch|p1b: Calyrex|Calyrex-Ice, L50|100\/100\n|-ability|p1b: Calyrex|As One\n|-ability|p1b: Calyrex|Unnerve\n|move|p2a: Dondozo|Protect|p2a: Dondozo\n|-singleturn|p2a: Dondozo|Protect\n|move|p1a: Sinistcha|Matcha Gotcha|p2a: Dondozo|[spread] \n|-miss|p1a: Sinistcha|p2b: Tatsugiri\n|-activate|p2a: Dondozo|move: Protect\n|\n|upkeep\n|turn|12\n|\n|t:|1719830380\n|move|p1b: Calyrex|Protect|p1b: Calyrex\n|-singleturn|p1b: Calyrex|Protect\n|move|p1a: Sinistcha|Matcha Gotcha|p2b: Tatsugiri|[spread] p2a\n|-miss|p1a: Sinistcha|p2b: Tatsugiri\n|-supereffective|p2a: Dondozo\n|-damage|p2a: Dondozo|21\/100\n|move|p2a: Dondozo|Body Press|p1b: Calyrex\n|-activate|p1b: Calyrex|move: Protect\n|\n|-fieldend|move: Trick Room\n|-fieldend|Misty Terrain\n|upkeep\n|turn|13\n|\n|t:|1719830390\n|move|p1a: Sinistcha|Rage Powder|p1a: Sinistcha\n|-singleturn|p1a: Sinistcha|move: Rage Powder\n|move|p2a: Dondozo|Body Press|p1a: Sinistcha\n|-immune|p1a: Sinistcha\n|move|p1b: Calyrex|Trick Room|p1b: Calyrex\n|-fieldstart|move: Trick Room|[of] p1b: Calyrex\n|\n|upkeep\n|turn|14\n|\n|t:|1719830404\n|move|p2a: Dondozo|Protect|p2a: Dondozo\n|-singleturn|p2a: Dondozo|Protect\n|move|p1a: Sinistcha|Rage Powder|p1a: Sinistcha\n|-singleturn|p1a: Sinistcha|move: Rage Powder\n|move|p1b: Calyrex|Glacial Lance|p2a: Dondozo|[spread] \n|-miss|p1b: Calyrex|p2b: Tatsugiri\n|-activate|p2a: Dondozo|move: Protect\n|\n|upkeep\n|turn|15\n|\n|t:|1719830415\n|-terastallize|p2a: Dondozo|Grass\n|move|p1b: Calyrex|Glacial Lance|p2a: Dondozo|[spread] p2a\n|-miss|p1b: Calyrex|p2b: Tatsugiri\n|-supereffective|p2a: Dondozo\n|-damage|p2a: Dondozo|4\/100\n|move|p1a: Sinistcha|Matcha Gotcha|p2b: Tatsugiri|[spread] \n|-miss|p1a: Sinistcha|p2b: Tatsugiri\n|-miss|p1a: Sinistcha|p2a: Dondozo\n|move|p2a: Dondozo|Body Press|p1b: Calyrex\n|-damage|p1b: Calyrex|56\/100\n|\n|upkeep\n|turn|16\n|\n|t:|1719830430\n|move|p2a: Dondozo|Protect|p2a: Dondozo\n|-singleturn|p2a: Dondozo|Protect\n|move|p1b: Calyrex|Trick Room|p1b: Calyrex\n|-fieldend|move: Trick Room\n|move|p1a: Sinistcha|Trick Room|p1a: Sinistcha\n|-fieldstart|move: Trick Room|[of] p1a: Sinistcha\n|\n|upkeep\n|turn|17\n|\n|t:|1719830435\n|move|p2a: Dondozo|Protect|p2a: Dondozo\n|-singleturn|p2a: Dondozo|Protect\n|move|p1b: Calyrex|Glacial Lance|p2b: Tatsugiri|[spread] \n|-miss|p1b: Calyrex|p2b: Tatsugiri\n|-activate|p2a: Dondozo|move: Protect\n|move|p1a: Sinistcha|Matcha Gotcha|p2b: Tatsugiri|[spread] \n|-miss|p1a: Sinistcha|p2b: Tatsugiri\n|-activate|p2a: Dondozo|move: Protect\n|\n|-sideend|p1: thrrack|Reflect\n|upkeep\n|turn|18\n|-message|cookingmaster forfeited.\n|\n|win|thrrack\n|raw|thrrack's rating: 1709 &rarr; <strong>1732<\/strong><br \/>(+23 for winning)\n|raw|cookingmaster's rating: 1760 &rarr; <strong>1737<\/strong><br \/>(-23 for losing)\n|l|\u2606cookingmaster\n|player|p2|\n|l| shane999999\n|l| BankitVGC\n|l|\u2606thrrack\n|player|p1|\n","uploadtime":1719830651,"views":14,"formatid":"gen9vgc2024regg","rating":1732,"private":0,"password":null}