{"id":"gen9vgc2024regg-2153127932","format":"[Gen 9] VGC 2024 Reg G","players":["Aki Hoshino","ahfoong0411"],"log":"|j|\u2606Aki Hoshino\n|j|\u2606ahfoong0411\n|t:|1719822590\n|gametype|doubles\n|player|p1|Aki Hoshino|aromalady|1789\n|player|p2|ahfoong0411|102|1727\n|teamsize|p1|6\n|teamsize|p2|6\n|gen|9\n|tier|[Gen 9] VGC 2024 Reg G\n|rated|\n|rule|Species Clause: Limit one of each Pok\u00e9mon\n|rule|Item Clause: Limit one of each item\n|clearpoke\n|poke|p1|Whimsicott, L50, M|\n|poke|p1|Calyrex-Ice, L50|\n|poke|p1|Urshifu-*, L50, M|\n|poke|p1|Landorus, L50, M|\n|poke|p1|Rillaboom, L50, M|\n|poke|p1|Entei, L50|\n|poke|p2|Rillaboom, L50, F|\n|poke|p2|Urshifu-*, L50, F|\n|poke|p2|Incineroar, L50, F|\n|poke|p2|Calyrex-Shadow, L50|\n|poke|p2|Ursaluna-Bloodmoon, L50, M|\n|poke|p2|Farigiraf, L50, F|\n|teampreview|4\n|\n|t:|1719822658\n|start\n|switch|p1a: Whimsicott|Whimsicott, L50, M|100\/100\n|switch|p1b: Calyrex|Calyrex-Ice, L50|100\/100\n|switch|p2a: Farigiraf|Farigiraf, L50, F|100\/100\n|switch|p2b: Calyrex|Calyrex-Shadow, L50|100\/100\n|-ability|p2b: Calyrex|As One\n|-ability|p2b: Calyrex|Unnerve\n|-ability|p1b: Calyrex|As One\n|-ability|p1b: Calyrex|Unnerve\n|turn|1\n|j| autumdog\n|\n|t:|1719822698\n|-terastallize|p1b: Calyrex|Water\n|move|p2b: Calyrex|Protect|p2b: Calyrex\n|-singleturn|p2b: Calyrex|Protect\n|move|p2a: Farigiraf|Protect|p2a: Farigiraf\n|-singleturn|p2a: Farigiraf|Protect\n|move|p1a: Whimsicott|Endeavor|p2a: Farigiraf\n|-activate|p2a: Farigiraf|move: Protect\n|move|p1b: Calyrex|Glacial Lance|p2b: Calyrex|[spread] \n|-activate|p2a: Farigiraf|move: Protect\n|-activate|p2b: Calyrex|move: Protect\n|\n|upkeep\n|turn|2\n|\n|t:|1719822739\n|-terastallize|p2b: Calyrex|Water\n|move|p1b: Calyrex|Protect|p1b: Calyrex\n|-singleturn|p1b: Calyrex|Protect\n|move|p2b: Calyrex|Astral Barrage|p1a: Whimsicott|[spread] p1a\n|-activate|p1b: Calyrex|move: Protect\n|-damage|p1a: Whimsicott|14\/100\n|move|p1a: Whimsicott|Endeavor|p2a: Farigiraf\n|-damage|p2a: Farigiraf|9\/100\n|move|p2a: Farigiraf|Foul Play|p1b: Calyrex\n|-activate|p1b: Calyrex|move: Protect\n|\n|upkeep\n|turn|3\n|\n|t:|1719822775\n|move|p2a: Farigiraf|Helping Hand|p2b: Calyrex\n|-singleturn|p2b: Calyrex|Helping Hand|[of] p2a: Farigiraf\n|move|p1a: Whimsicott|Tailwind|p1a: Whimsicott\n|-sidestart|p1: Aki Hoshino|move: Tailwind\n|move|p1b: Calyrex|Glacial Lance|p2a: Farigiraf|[spread] p2a,p2b\n|-resisted|p2b: Calyrex\n|-damage|p2a: Farigiraf|0 fnt\n|-damage|p2b: Calyrex|71\/100\n|faint|p2a: Farigiraf\n|-ability|p1b: Calyrex|Chilling Neigh|boost\n|-boost|p1b: Calyrex|atk|1\n|move|p2b: Calyrex|Astral Barrage|p1b: Calyrex|[spread] p1a,p1b\n|-damage|p1a: Whimsicott|0 fnt\n|-damage|p1b: Calyrex|42\/100\n|faint|p1a: Whimsicott\n|-ability|p2b: Calyrex|Grim Neigh|boost\n|-boost|p2b: Calyrex|spa|1\n|\n|upkeep\n|\n|t:|1719822805\n|switch|p1a: Rillaboom|Rillaboom, L50, M|100\/100\n|switch|p2a: Urshifu|Urshifu, L50, F|100\/100\n|-fieldstart|move: Grassy Terrain|[from] ability: Grassy Surge|[of] p1a: Rillaboom\n|turn|4\n|\n|t:|1719822829\n|move|p2b: Calyrex|Protect|p2b: Calyrex\n|-singleturn|p2b: Calyrex|Protect\n|move|p2a: Urshifu|Detect|p2a: Urshifu\n|-singleturn|p2a: Urshifu|Protect\n|move|p1a: Rillaboom|Fake Out|p2b: Calyrex\n|-activate|p2b: Calyrex|move: Protect\n|move|p1b: Calyrex|Close Combat|p2a: Urshifu\n|-activate|p2a: Urshifu|move: Protect\n|\n|-heal|p1b: Calyrex|49\/100|[from] Grassy Terrain\n|-heal|p2b: Calyrex|77\/100|[from] Grassy Terrain\n|upkeep\n|turn|5\n|\n|t:|1719822876\n|move|p1a: Rillaboom|Wood Hammer|p2b: Calyrex\n|-supereffective|p2b: Calyrex\n|-damage|p2b: Calyrex|0 fnt\n|faint|p2b: Calyrex\n|-damage|p1a: Rillaboom|74\/100|[from] Recoil\n|move|p1b: Calyrex|Close Combat|p2a: Urshifu\n|-supereffective|p2a: Urshifu\n|-enditem|p2a: Urshifu|Focus Sash\n|-damage|p2a: Urshifu|1\/100\n|-unboost|p1b: Calyrex|def|1\n|-unboost|p1b: Calyrex|spd|1\n|move|p2a: Urshifu|Close Combat|p1b: Calyrex\n|-damage|p1b: Calyrex|0 fnt\n|-unboost|p2a: Urshifu|def|1\n|-unboost|p2a: Urshifu|spd|1\n|faint|p1b: Calyrex\n|\n|-heal|p1a: Rillaboom|80\/100|[from] Grassy Terrain\n|-heal|p2a: Urshifu|7\/100|[from] Grassy Terrain\n|upkeep\n|\n|t:|1719822891\n|switch|p2b: Ursaluna|Ursaluna-Bloodmoon, L50, M|100\/100\n|switch|p1b: Urshifu|Urshifu, L50, M|100\/100\n|turn|6\n|\n|t:|1719822900\n|move|p2a: Urshifu|Detect|p2a: Urshifu\n|-singleturn|p2a: Urshifu|Protect\n|move|p2b: Ursaluna|Protect|p2b: Ursaluna\n|-singleturn|p2b: Ursaluna|Protect\n|move|p1a: Rillaboom|Grassy Glide|p2a: Urshifu\n|-activate|p2a: Urshifu|move: Protect\n|move|p1b: Urshifu|Close Combat|p2b: Ursaluna\n|-supereffective|p2b: Ursaluna\n|-damage|p2b: Ursaluna|0 fnt\n|-unboost|p1b: Urshifu|def|1\n|-unboost|p1b: Urshifu|spd|1\n|faint|p2b: Ursaluna\n|\n|-heal|p1a: Rillaboom|86\/100|[from] Grassy Terrain\n|-heal|p2a: Urshifu|14\/100|[from] Grassy Terrain\n|-sideend|p1: Aki Hoshino|move: Tailwind\n|upkeep\n|turn|7\n|-message|ahfoong0411 forfeited.\n|\n|win|Aki Hoshino\n|raw|Aki Hoshino's rating: 1789 &rarr; <strong>1805<\/strong><br \/>(+16 for winning)\n|raw|ahfoong0411's rating: 1727 &rarr; <strong>1711<\/strong><br \/>(-16 for losing)\n|l| autumdog\n|l|\u2606ahfoong0411\n|player|p2|\n|l|\u2606Aki Hoshino\n|player|p1|\n","uploadtime":1719823057,"views":40,"formatid":"gen9vgc2024regg","rating":1711,"private":0,"password":null}