{"id":"gen9vgc2024regg-2153640945","format":"[Gen 9] VGC 2024 Reg G","players":["sliverfish01","Shamone Rider 2"],"log":"|j|\u2606sliverfish01\n|j|\u2606Shamone Rider 2\n|t:|1719893727\n|gametype|doubles\n|player|p1|sliverfish01|1|1660\n|player|p2|Shamone Rider 2|youngster-gen4dp|1726\n|teamsize|p1|6\n|teamsize|p2|6\n|gen|9\n|tier|[Gen 9] VGC 2024 Reg G\n|rated|\n|rule|Species Clause: Limit one of each Pok\u00e9mon\n|rule|Item Clause: Limit one of each item\n|clearpoke\n|poke|p1|Calyrex-Shadow, L50|\n|poke|p1|Indeedee-F, L50, F|\n|poke|p1|Urshifu-*, L50, F|\n|poke|p1|Chi-Yu, L50|\n|poke|p1|Mienshao, L50, M|\n|poke|p1|Tornadus, L50, M|\n|poke|p2|Whimsicott, L50, M|\n|poke|p2|Flutter Mane, L50|\n|poke|p2|Calyrex-Shadow, L50|\n|poke|p2|Iron Hands, L50|\n|poke|p2|Clefairy, L50, F|\n|poke|p2|Kingambit, L50, M|\n|teampreview|4\nShamone Rider 2 has agreed to open team sheets.\n|inactive|Battle timer is ON: inactive players will automatically lose when time's up. (requested by sliverfish01)\n|\n|t:|1719893760\n|start\n|switch|p1a: Tornadus|Tornadus, L50, M|100\/100\n|switch|p1b: Chi-Yu|Chi-Yu, L50|100\/100\n|switch|p2a: Farfaduvet|Whimsicott, L50, M, shiny|100\/100\n|switch|p2b: Flotte-M\u00e8che|Flutter Mane, L50|100\/100\n|-ability|p1b: Chi-Yu|Beads of Ruin\n|turn|1\n|\n|t:|1719893773\n|-terastallize|p2b: Flotte-M\u00e8che|Fairy\n|move|p2a: Farfaduvet|Tailwind|p2a: Farfaduvet\n|-sidestart|p2: Shamone Rider 2|move: Tailwind\n|move|p2b: Flotte-M\u00e8che|Dazzling Gleam|p1b: Chi-Yu|[spread] p1a,p1b\n|-damage|p1a: Tornadus|0 fnt\n|-damage|p1b: Chi-Yu|28\/100\n|faint|p1a: Tornadus\n|move|p1b: Chi-Yu|Heat Wave|p2b: Flotte-M\u00e8che|[spread] p2a,p2b\n|-supereffective|p2a: Farfaduvet\n|-damage|p2a: Farfaduvet|0 fnt\n|-damage|p2b: Flotte-M\u00e8che|56\/100\n|faint|p2a: Farfaduvet\n|\n|upkeep\n|j| amlore\n|\n|t:|1719893784\n|switch|p2a: Shamone Rider|Calyrex-Shadow, L50|100\/100\n|switch|p1a: Mienshao|Mienshao, L50, M|100\/100\n|-ability|p2a: Shamone Rider|As One\n|-ability|p2a: Shamone Rider|Unnerve\n|turn|2\n|\n|t:|1719893801\n|-end|p2b: Flotte-M\u00e8che|Protosynthesis|[silent]\n|switch|p2b: Gambito|Kingambit, L50, M, shiny|100\/100\n|move|p2a: Shamone Rider|Protect|p2a: Shamone Rider\n|-singleturn|p2a: Shamone Rider|Protect\n|move|p1a: Mienshao|Wide Guard|p1a: Mienshao\n|-singleturn|p1a: Mienshao|Wide Guard\n|move|p1b: Chi-Yu|Heat Wave|p2b: Gambito|[spread] p2b\n|-activate|p2a: Shamone Rider|move: Protect\n|-supereffective|p2b: Gambito\n|-damage|p2b: Gambito|0 fnt\n|faint|p2b: Gambito\n|\n|upkeep\n|\n|t:|1719893811\n|switch|p2b: Flotte-M\u00e8che|Flutter Mane, L50, tera:Fairy|56\/100\n|turn|3\n|\n|t:|1719893835\n|-terastallize|p1a: Mienshao|Ice\n|move|p2a: Shamone Rider|Tera Blast|p1a: Mienshao\n|-damage|p1a: Mienshao|10\/100\n|move|p2b: Flotte-M\u00e8che|Moonblast|p1a: Mienshao\n|-damage|p1a: Mienshao|0 fnt\n|faint|p1a: Mienshao\n|move|p1b: Chi-Yu|Heat Wave|p2a: Shamone Rider|[spread] p2b\n|-miss|p1b: Chi-Yu|p2a: Shamone Rider\n|-damage|p2b: Flotte-M\u00e8che|9\/100\n|\n|upkeep\n|\n|t:|1719893843\n|switch|p1a: Calyrex|Calyrex-Shadow, L50|100\/100\n|-ability|p1a: Calyrex|As One\n|-ability|p1a: Calyrex|Unnerve\n|turn|4\n|\n|t:|1719893850\n|move|p1a: Calyrex|Protect|p1a: Calyrex\n|-singleturn|p1a: Calyrex|Protect\n|move|p2a: Shamone Rider|Astral Barrage|p1b: Chi-Yu|[spread] p1b\n|-activate|p1a: Calyrex|move: Protect\n|-resisted|p1b: Chi-Yu\n|-damage|p1b: Chi-Yu|0 fnt\n|faint|p1b: Chi-Yu\n|-ability|p2a: Shamone Rider|Grim Neigh|boost\n|-boost|p2a: Shamone Rider|spa|1\n|move|p2b: Flotte-M\u00e8che|Moonblast|p1a: Calyrex\n|-activate|p1a: Calyrex|move: Protect\n|\n|-sideend|p2: Shamone Rider 2|move: Tailwind\n|upkeep\n|turn|5\n|\n|t:|1719893856\n|move|p1a: Calyrex|Astral Barrage|p2b: Flotte-M\u00e8che|[spread] p2a,p2b\n|-supereffective|p2a: Shamone Rider\n|-damage|p2a: Shamone Rider|0 fnt\n|-damage|p2b: Flotte-M\u00e8che|0 fnt\n|faint|p2a: Shamone Rider\n|faint|p2b: Flotte-M\u00e8che\n|-end|p2b: Flotte-M\u00e8che|Protosynthesis|[silent]\n|-damage|p1a: Calyrex|91\/100|[from] item: Life Orb\n|\n|win|sliverfish01\n|raw|sliverfish01's rating: 1660 &rarr; <strong>1684<\/strong><br \/>(+24 for winning)\n|raw|Shamone Rider 2's rating: 1726 &rarr; <strong>1702<\/strong><br \/>(-24 for losing)\n","uploadtime":1719893862,"views":52,"formatid":"gen9vgc2024regg","rating":1684,"private":0,"password":null}