{"id":"gen9vgc2024regg-2153267156","format":"[Gen 9] VGC 2024 Reg G","players":["Mehalfling","thrrack"],"log":"|j|\u2606Mehalfling\n|j|\u2606thrrack\n|t:|1719845827\n|gametype|doubles\n|player|p1|Mehalfling|iris|1668\n|player|p2|thrrack|170|1741\n|teamsize|p1|6\n|teamsize|p2|6\n|gen|9\n|tier|[Gen 9] VGC 2024 Reg G\n|rated|\n|rule|Species Clause: Limit one of each Pok\u00e9mon\n|rule|Item Clause: Limit one of each item\n|clearpoke\n|poke|p1|Kyogre, L50|\n|poke|p1|Grimmsnarl, L50, M|\n|poke|p1|Wo-Chien, L50|\n|poke|p1|Incineroar, L50, M|\n|poke|p1|Urshifu-*, L50, M|\n|poke|p1|Landorus, L50, M|\n|poke|p2|Grimmsnarl, L50, M|\n|poke|p2|Calyrex-Ice, L50|\n|poke|p2|Urshifu-*, L50, F|\n|poke|p2|Ditto, L50|\n|poke|p2|Sinistcha, L50|\n|poke|p2|Raging Bolt, L50|\n|teampreview|4\n|j| rabbithorn01\n|j| Bullema\n|\n|t:|1719845865\n|start\n|switch|p1a: Grimmsnarl|Grimmsnarl, L50, M|100\/100\n|switch|p1b: Wo-Chien|Wo-Chien, L50|100\/100\n|switch|p2a: Raging Bolt|Raging Bolt, L50|100\/100\n|switch|p2b: Grimmsnarl|Grimmsnarl, L50, M|100\/100\n|-ability|p1b: Wo-Chien|Tablets of Ruin\n|turn|1\n|\n|t:|1719845886\n|move|p2b: Grimmsnarl|Reflect|p2b: Grimmsnarl\n|-sidestart|p2: thrrack|Reflect\n|move|p1a: Grimmsnarl|Reflect|p1a: Grimmsnarl\n|-sidestart|p1: Mehalfling|Reflect\n|move|p1b: Wo-Chien|Leech Seed|p2b: Grimmsnarl\n|-start|p2b: Grimmsnarl|move: Leech Seed\n|move|p2a: Raging Bolt|Thunderbolt|p1a: Grimmsnarl\n|-damage|p1a: Grimmsnarl|57\/100\n|\n|-damage|p2b: Grimmsnarl|88\/100|[from] Leech Seed|[of] p1b: Wo-Chien\n|upkeep\n|turn|2\n|\n|t:|1719845908\n|move|p2b: Grimmsnarl|Light Screen|p2b: Grimmsnarl\n|-sidestart|p2: thrrack|move: Light Screen\n|move|p1a: Grimmsnarl|Light Screen|p1a: Grimmsnarl\n|-sidestart|p1: Mehalfling|move: Light Screen\n|move|p1b: Wo-Chien|Leech Seed|p2a: Raging Bolt\n|-start|p2a: Raging Bolt|move: Leech Seed\n|move|p2a: Raging Bolt|Thunderbolt|p1a: Grimmsnarl\n|-crit|p1a: Grimmsnarl\n|-damage|p1a: Grimmsnarl|0 fnt\n|faint|p1a: Grimmsnarl\n|\n|-damage|p2a: Raging Bolt|88\/100|[from] Leech Seed|[of] p1b: Wo-Chien\n|-damage|p2b: Grimmsnarl|76\/100|[from] Leech Seed|[of] p1b: Wo-Chien\n|upkeep\n|\n|t:|1719845923\n|switch|p1a: Incineroar|Incineroar, L50, M|100\/100\n|-ability|p1a: Incineroar|Intimidate|boost\n|-unboost|p2a: Raging Bolt|atk|1\n|-unboost|p2b: Grimmsnarl|atk|1\n|turn|3\n|\n|t:|1719845948\n|switch|p2b: Ditto|Ditto, L50|100\/100\n|-transform|p2b: Ditto|p1a: Incineroar|[from] ability: Imposter\n|-ability|p2b: Ditto|Intimidate|boost\n|-unboost|p1a: Incineroar|atk|1\n|-unboost|p1b: Wo-Chien|atk|1\n|move|p1a: Incineroar|Parting Shot|p2a: Raging Bolt\n|-unboost|p2a: Raging Bolt|atk|1\n|-unboost|p2a: Raging Bolt|spa|1\n|\n|t:|1719845957\n|switch|p1a: Kyogre|Kyogre, L50|100\/100|[from] Parting Shot\n|-weather|RainDance|[from] ability: Drizzle|[of] p1a: Kyogre\n|move|p1b: Wo-Chien|Leech Seed|p2b: Ditto\n|-start|p2b: Ditto|move: Leech Seed\n|move|p2a: Raging Bolt|Thunderbolt|p1a: Kyogre\n|-supereffective|p1a: Kyogre\n|-damage|p1a: Kyogre|79\/100\n|\n|-weather|RainDance|[upkeep]\n|-damage|p2b: Ditto|88\/100|[from] Leech Seed|[of] p1b: Wo-Chien\n|-damage|p2a: Raging Bolt|76\/100|[from] Leech Seed|[of] p1b: Wo-Chien\n|upkeep\n|turn|4\n|j| ChinaDragonVGC\n|l| ChinaDragonVGC\n|\n|t:|1719845985\n|switch|p2b: Grimmsnarl|Grimmsnarl, L50, M|76\/100\n|move|p1b: Wo-Chien|Pollen Puff|p1a: Kyogre\n|-heal|p1a: Kyogre|100\/100\n|move|p1a: Kyogre|Water Spout|p2b: Grimmsnarl|[spread] p2a,p2b\n|-resisted|p2a: Raging Bolt\n|-damage|p2a: Raging Bolt|55\/100\n|-damage|p2b: Grimmsnarl|7\/100\n|move|p2a: Raging Bolt|Snarl|p1b: Wo-Chien|[spread] p1a,p1b\n|-resisted|p1b: Wo-Chien\n|-damage|p1a: Kyogre|98\/100\n|-damage|p1b: Wo-Chien|98\/100\n|-unboost|p1a: Kyogre|spa|1\n|-unboost|p1b: Wo-Chien|spa|1\n|\n|-weather|RainDance|[upkeep]\n|-heal|p1b: Wo-Chien|100\/100|[from] item: Leftovers\n|-damage|p2a: Raging Bolt|43\/100|[from] Leech Seed|[of] p1b: Wo-Chien\n|upkeep\n|turn|5\n|\n|t:|1719846016\n|-end|p2a: Raging Bolt|Protosynthesis|[silent]\n|switch|p2a: Ditto|Ditto, L50|88\/100\n|-transform|p2a: Ditto|p1b: Wo-Chien|[from] ability: Imposter\n|-ability|p2a: Ditto|Tablets of Ruin\n|move|p2b: Grimmsnarl|Misty Terrain|p2b: Grimmsnarl\n|-fieldstart|move: Misty Terrain\n|move|p1b: Wo-Chien|Leech Seed|p2b: Grimmsnarl\n|-start|p2b: Grimmsnarl|move: Leech Seed\n|move|p1a: Kyogre|Water Spout|p2b: Grimmsnarl|[spread] p2a,p2b\n|-resisted|p2a: Ditto\n|-damage|p2a: Ditto|70\/100\n|-damage|p2b: Grimmsnarl|0 fnt\n|faint|p2b: Grimmsnarl\n|\n|-weather|RainDance|[upkeep]\n|upkeep\n|\n|t:|1719846026\n|switch|p2b: Calyrex|Calyrex-Ice, L50|100\/100\n|-ability|p2b: Calyrex|As One\n|-ability|p2b: Calyrex|Unnerve\n|turn|6\n|j| natdexshenanigans\n|\n|t:|1719846064\n|switch|p1b: Incineroar|Incineroar, L50, M|100\/100\n|-ability|p1b: Incineroar|Intimidate|boost\n|-unboost|p2a: Ditto|atk|1\n|-fail|p2b: Calyrex|unboost|[from] item: Clear Amulet|[of] p2b: Calyrex\n|move|p2b: Calyrex|Protect|p2b: Calyrex\n|-singleturn|p2b: Calyrex|Protect\n|move|p2a: Ditto|Leech Seed|p1a: Kyogre\n|-start|p1a: Kyogre|move: Leech Seed\n|move|p1a: Kyogre|Water Spout|p2b: Calyrex|[spread] p2a\n|-activate|p2b: Calyrex|move: Protect\n|-resisted|p2a: Ditto\n|-damage|p2a: Ditto|53\/100\n|\n|-weather|RainDance|[upkeep]\n|-damage|p1a: Kyogre|85\/100|[from] Leech Seed|[of] p2a: Ditto\n|-heal|p2a: Ditto|69\/100|[silent]\n|upkeep\n|turn|7\n|\n|t:|1719846101\n|move|p2a: Ditto|Leech Seed|p1b: Incineroar\n|-start|p1b: Incineroar|move: Leech Seed\n|move|p1b: Incineroar|Knock Off|p2b: Calyrex\n|-supereffective|p2b: Calyrex\n|-damage|p2b: Calyrex|75\/100\n|-enditem|p2b: Calyrex|Clear Amulet|[from] move: Knock Off|[of] p1b: Incineroar\n|move|p1a: Kyogre|Water Spout|p2a: Ditto|[spread] p2a,p2b\n|-resisted|p2a: Ditto\n|-damage|p2a: Ditto|53\/100\n|-damage|p2b: Calyrex|49\/100\n|move|p2b: Calyrex|Glacial Lance|p1a: Kyogre|[spread] p1a,p1b\n|-resisted|p1a: Kyogre\n|-resisted|p1b: Incineroar\n|-damage|p1a: Kyogre|70\/100\n|-damage|p1b: Incineroar|85\/100\n|\n|-weather|none\n|-damage|p1b: Incineroar|73\/100|[from] Leech Seed|[of] p2a: Ditto\n|-heal|p2a: Ditto|68\/100|[silent]\n|-damage|p1a: Kyogre|58\/100|[from] Leech Seed|[of] p2a: Ditto\n|-heal|p2a: Ditto|84\/100|[silent]\n|upkeep\n|turn|8\n|\n|t:|1719846133\n|switch|p2a: Raging Bolt|Raging Bolt, L50|43\/100\n|switch|p1a: Wo-Chien|Wo-Chien, L50|100\/100\n|-ability|p1a: Wo-Chien|Tablets of Ruin\n|move|p1b: Incineroar|Parting Shot|p2b: Calyrex\n|-unboost|p2b: Calyrex|atk|1\n|-unboost|p2b: Calyrex|spa|1\n|\n|t:|1719846142\n|switch|p1b: Kyogre|Kyogre, L50|58\/100|[from] Parting Shot\n|-weather|RainDance|[from] ability: Drizzle|[of] p1b: Kyogre\n|move|p2b: Calyrex|Glacial Lance|p1b: Kyogre|[spread] p1a,p1b\n|-supereffective|p1a: Wo-Chien\n|-resisted|p1b: Kyogre\n|-damage|p1a: Wo-Chien|68\/100\n|-damage|p1b: Kyogre|49\/100\n|\n|-weather|RainDance|[upkeep]\n|-heal|p1a: Wo-Chien|73\/100|[from] item: Leftovers\n|-sideend|p1: Mehalfling|Reflect\n|-sideend|p2: thrrack|Reflect\n|upkeep\n|turn|9\n|\n|t:|1719846183\n|move|p1a: Wo-Chien|Pollen Puff|p1b: Kyogre\n|-heal|p1b: Kyogre|99\/100\n|move|p1b: Kyogre|Ice Beam|p2a: Raging Bolt\n|-supereffective|p2a: Raging Bolt\n|-damage|p2a: Raging Bolt|10\/100\n|move|p2a: Raging Bolt|Thunderbolt|p1b: Kyogre\n|-supereffective|p1b: Kyogre\n|-damage|p1b: Kyogre|67\/100\n|move|p2b: Calyrex|Glacial Lance|p1a: Wo-Chien|[spread] p1a,p1b\n|-supereffective|p1a: Wo-Chien\n|-resisted|p1b: Kyogre\n|-damage|p1a: Wo-Chien|24\/100\n|-damage|p1b: Kyogre|54\/100\n|\n|-weather|RainDance|[upkeep]\n|-heal|p1a: Wo-Chien|30\/100|[from] item: Leftovers\n|-sideend|p1: Mehalfling|move: Light Screen\n|-sideend|p2: thrrack|move: Light Screen\n|-fieldend|Misty Terrain\n|upkeep\n|turn|10\n|\n|t:|1719846214\n|-terastallize|p1a: Wo-Chien|Poison\n|move|p2a: Raging Bolt|Thunderclap|p1b: Kyogre\n|-supereffective|p1b: Kyogre\n|-damage|p1b: Kyogre|19\/100\n|move|p1a: Wo-Chien|Pollen Puff|p1b: Kyogre\n|-heal|p1b: Kyogre|69\/100\n|move|p1b: Kyogre|Water Spout|p2b: Calyrex|[spread] p2a,p2b\n|-resisted|p2a: Raging Bolt\n|-damage|p2a: Raging Bolt|0 fnt\n|-damage|p2b: Calyrex|3\/100\n|faint|p2a: Raging Bolt\n|-end|p2a: Raging Bolt|Protosynthesis|[silent]\n|move|p2b: Calyrex|Glacial Lance|p1b: Kyogre|[spread] p1a,p1b\n|-resisted|p1b: Kyogre\n|-damage|p1a: Wo-Chien|4\/100\n|-damage|p1b: Kyogre|54\/100\n|\n|-weather|RainDance|[upkeep]\n|-heal|p1a: Wo-Chien|10\/100|[from] item: Leftovers\n|upkeep\n|\n|t:|1719846221\n|switch|p2a: Ditto|Ditto, L50|84\/100\n|-transform|p2a: Ditto|p1b: Kyogre|[from] ability: Imposter\n|turn|11\n|\n|t:|1719846258\n|move|p2a: Ditto|Origin Pulse|p1a: Wo-Chien|[spread] p1b\n|-miss|p2a: Ditto|p1a: Wo-Chien\n|-resisted|p1b: Kyogre\n|-damage|p1b: Kyogre|39\/100\n|move|p1a: Wo-Chien|Pollen Puff|p1b: Kyogre\n|-heal|p1b: Kyogre|88\/100\n|move|p1b: Kyogre|Water Spout|p2b: Calyrex|[spread] p2a,p2b\n|-resisted|p2a: Ditto\n|-damage|p2a: Ditto|42\/100\n|-damage|p2b: Calyrex|0 fnt\n|faint|p2b: Calyrex\n|\n|-weather|RainDance|[upkeep]\n|-heal|p1a: Wo-Chien|16\/100|[from] item: Leftovers\n|upkeep\n|turn|12\n|-message|thrrack forfeited.\n|\n|win|Mehalfling\n|raw|Mehalfling's rating: 1668 &rarr; <strong>1692<\/strong><br \/>(+24 for winning)\n|raw|thrrack's rating: 1741 &rarr; <strong>1717<\/strong><br \/>(-24 for losing)\n|l|\u2606thrrack\n|player|p2|\n|l| natdexshenanigans\n|l|\u2606Mehalfling\n|player|p1|\n","uploadtime":1719846400,"views":19,"formatid":"gen9vgc2024regg","rating":1692,"private":0,"password":null}