{"id":"gen9vgc2024regg-2153572198","format":"[Gen 9] VGC 2024 Reg G","players":["Tempest brute","yuzuda"],"log":"|j|\u2606Tempest brute\n|j|\u2606yuzuda\n|t:|1719883513\n|gametype|doubles\n|player|p1|Tempest brute|veteran|1736\n|player|p2|yuzuda|265|1658\n|teamsize|p1|6\n|teamsize|p2|6\n|gen|9\n|tier|[Gen 9] VGC 2024 Reg G\n|rated|\n|rule|Species Clause: Limit one of each Pok\u00e9mon\n|rule|Item Clause: Limit one of each item\n|clearpoke\n|poke|p1|Lunala, L50|\n|poke|p1|Roaring Moon, L50|\n|poke|p1|Entei, L50|\n|poke|p1|Ogerpon-Wellspring, L50, F|\n|poke|p1|Iron Hands, L50|\n|poke|p1|Ursaluna-Bloodmoon, L50, M|\n|poke|p2|Zamazenta-*, L50|\n|poke|p2|Urshifu-*, L50, M|\n|poke|p2|Ting-Lu, L50|\n|poke|p2|Sableye, L50, M|\n|poke|p2|Rillaboom, L50, M|\n|poke|p2|Raging Bolt, L50|\n|teampreview|4\n|inactive|Battle timer is ON: inactive players will automatically lose when time's up. (requested by yuzuda)\n|inactive|yuzuda has 60 seconds left.\n|\n|t:|1719883549\n|start\n|switch|p1a: Lunala|Lunala, L50|100\/100\n|switch|p1b: Iron Hands|Iron Hands, L50|100\/100\n|switch|p2a: Sableye|Sableye, L50, M|100\/100\n|switch|p2b: Urshifu|Urshifu-Rapid-Strike, L50, M|100\/100\n|turn|1\n|j| autumdog\n|inactive|Tempest brute has 30 seconds left.\n|\n|t:|1719883584\n|-terastallize|p2b: Urshifu|Ghost\n|move|p1b: Iron Hands|Fake Out|p2b: Urshifu\n|-immune|p2b: Urshifu\n|move|p2a: Sableye|Will-O-Wisp|p1b: Iron Hands|[miss]\n|-miss|p2a: Sableye|p1b: Iron Hands\n|move|p2b: Urshifu|Surging Strikes|p1a: Lunala\n|-crit|p1a: Lunala\n|-damage|p1a: Lunala|93\/100\n|-crit|p1a: Lunala\n|-damage|p1a: Lunala|78\/100\n|-crit|p1a: Lunala\n|-damage|p1a: Lunala|62\/100\n|-hitcount|p1a: Lunala|3\n|move|p1a: Lunala|Will-O-Wisp|p2b: Urshifu\n|-status|p2b: Urshifu|brn\n|\n|-heal|p1a: Lunala|68\/100|[from] item: Leftovers\n|-damage|p2b: Urshifu|95\/100 brn|[from] brn\n|upkeep\n|turn|2\n|\n|t:|1719883607\n|switch|p2b: Raging Bolt|Raging Bolt, L50|100\/100\n|move|p2a: Sableye|Encore|p1a: Lunala\n|-start|p1a: Lunala|Encore\n|move|p1a: Lunala|Will-O-Wisp|p2a: Sableye|[miss]\n|-miss|p1a: Lunala|p2a: Sableye\n|move|p1b: Iron Hands|Wild Charge|p2b: Raging Bolt\n|-resisted|p2b: Raging Bolt\n|-damage|p2b: Raging Bolt|92\/100\n|-damage|p1b: Iron Hands|98\/100|[from] Recoil\n|\n|-heal|p1a: Lunala|74\/100|[from] item: Leftovers\n|-heal|p2b: Raging Bolt|98\/100|[from] item: Leftovers\n|upkeep\n|turn|3\n|\n|t:|1719883626\n|-end|p1b: Iron Hands|Quark Drive|[silent]\n|switch|p1b: Entei|Entei, L50|100\/100\n|move|p1a: Lunala|Will-O-Wisp|p2b: Raging Bolt\n|-status|p2b: Raging Bolt|brn\n|move|p2b: Raging Bolt|Calm Mind|p2b: Raging Bolt\n|-boost|p2b: Raging Bolt|spa|1\n|-boost|p2b: Raging Bolt|spd|1\n|move|p2a: Sableye|Foul Play|p1a: Lunala\n|-supereffective|p1a: Lunala\n|-damage|p1a: Lunala|0 fnt\n|faint|p1a: Lunala\n|\n|-heal|p2b: Raging Bolt|100\/100 brn|[from] item: Leftovers\n|-damage|p2b: Raging Bolt|94\/100 brn|[from] brn\n|upkeep\n|\n|t:|1719883638\n|switch|p1a: Ogerpon|Ogerpon-Wellspring, L50, F|100\/100\n|turn|4\n|\n|t:|1719883653\n|move|p2a: Sableye|Will-O-Wisp|p1a: Ogerpon\n|-status|p1a: Ogerpon|brn\n|move|p1a: Ogerpon|Swords Dance|p1a: Ogerpon\n|-boost|p1a: Ogerpon|atk|2\n|move|p1b: Entei|Snarl|p2b: Raging Bolt|[spread] p2a,p2b\n|-damage|p2a: Sableye|92\/100\n|-damage|p2b: Raging Bolt|90\/100 brn\n|-unboost|p2a: Sableye|spa|1\n|-unboost|p2b: Raging Bolt|spa|1\n|move|p2b: Raging Bolt|Calm Mind|p2b: Raging Bolt\n|-boost|p2b: Raging Bolt|spa|1\n|-boost|p2b: Raging Bolt|spd|1\n|\n|-heal|p2b: Raging Bolt|96\/100 brn|[from] item: Leftovers\n|-damage|p1a: Ogerpon|95\/100 brn|[from] brn\n|-damage|p2b: Raging Bolt|90\/100 brn|[from] brn\n|upkeep\n|turn|5\n|\n|t:|1719883676\n|move|p1a: Ogerpon|Spiky Shield|p1a: Ogerpon\n|-singleturn|p1a: Ogerpon|move: Protect\n|move|p2b: Raging Bolt|Thunderclap|p1b: Entei\n|-crit|p1b: Entei\n|-damage|p1b: Entei|55\/100\n|move|p2a: Sableye|Encore|p1a: Ogerpon\n|-activate|p1a: Ogerpon|move: Protect\n|move|p1b: Entei|Snarl|p2b: Raging Bolt|[spread] p2a,p2b\n|-damage|p2a: Sableye|83\/100\n|-damage|p2b: Raging Bolt|88\/100 brn\n|-unboost|p2a: Sableye|spa|1\n|-unboost|p2b: Raging Bolt|spa|1\n|\n|-heal|p2b: Raging Bolt|94\/100 brn|[from] item: Leftovers\n|-damage|p1a: Ogerpon|89\/100 brn|[from] brn\n|-damage|p2b: Raging Bolt|88\/100 brn|[from] brn\n|upkeep\n|turn|6\n|j| HarshEuroBarge\n|l| HarshEuroBarge\n|\n|t:|1719883697\n|switch|p1a: Iron Hands|Iron Hands, L50|98\/100\n|move|p2a: Sableye|Encore||[still]\n|-fail|p2a: Sableye\n|move|p1b: Entei|Sacred Fire|p2a: Sableye\n|-damage|p2a: Sableye|23\/100\n|move|p2b: Raging Bolt|Calm Mind|p2b: Raging Bolt\n|-boost|p2b: Raging Bolt|spa|1\n|-boost|p2b: Raging Bolt|spd|1\n|\n|-heal|p2b: Raging Bolt|94\/100 brn|[from] item: Leftovers\n|-damage|p2b: Raging Bolt|88\/100 brn|[from] brn\n|upkeep\n|turn|7\n|\n|t:|1719883714\n|-end|p1a: Iron Hands|Quark Drive|[silent]\n|switch|p1a: Ogerpon|Ogerpon-Wellspring, L50, F|89\/100 brn\n|move|p2a: Sableye|Thunder Wave|p1b: Entei\n|-status|p1b: Entei|par\n|move|p2b: Raging Bolt|Calm Mind|p2b: Raging Bolt\n|-boost|p2b: Raging Bolt|spa|1\n|-boost|p2b: Raging Bolt|spd|1\n|cant|p1b: Entei|par\n|\n|-heal|p2b: Raging Bolt|94\/100 brn|[from] item: Leftovers\n|-damage|p1a: Ogerpon|83\/100 brn|[from] brn\n|-damage|p2b: Raging Bolt|88\/100 brn|[from] brn\n|upkeep\n|turn|8\n|-message|Tempest brute forfeited.\n|\n|win|yuzuda\n|raw|Tempest brute's rating: 1736 &rarr; <strong>1712<\/strong><br \/>(-24 for losing)\n|raw|yuzuda's rating: 1658 &rarr; <strong>1682<\/strong><br \/>(+24 for winning)\n|l| autumdog\n|l|\u2606yuzuda\n|player|p2|\n","uploadtime":1719883875,"views":20,"formatid":"gen9vgc2024regg","rating":1682,"private":0,"password":null}