{"id":"gen9vgc2024regg-2153162373","format":"[Gen 9] VGC 2024 Reg G","players":["thrrack","Rafa1000"],"log":"|j|\u2606thrrack\n|j|\u2606Rafa1000\n|t:|1719829714\n|gametype|doubles\n|player|p1|thrrack|265|1671\n|player|p2|Rafa1000|169|1708\n|teamsize|p1|6\n|teamsize|p2|6\n|gen|9\n|tier|[Gen 9] VGC 2024 Reg G\n|rated|\n|rule|Species Clause: Limit one of each Pok\u00e9mon\n|rule|Item Clause: Limit one of each item\n|clearpoke\n|poke|p1|Grimmsnarl, L50, M|\n|poke|p1|Calyrex-Ice, L50|\n|poke|p1|Urshifu-*, L50, M|\n|poke|p1|Ditto, L50|\n|poke|p1|Sinistcha, L50|\n|poke|p1|Electabuzz, L50, M|\n|poke|p2|Raging Bolt, L50|\n|poke|p2|Urshifu-*, L50, F|\n|poke|p2|Ogerpon-Cornerstone, L50, F|\n|poke|p2|Calyrex-Ice, L50|\n|poke|p2|Iron Valiant, L50|\n|poke|p2|Pelipper, L50, M|\n|teampreview|4\n|\n|t:|1719829762\n|start\n|switch|p1a: Grimmsnarl|Grimmsnarl, L50, M|100\/100\n|switch|p1b: Calyrex|Calyrex-Ice, L50|100\/100\n|switch|p2a: Calyrex|Calyrex-Ice, L50|100\/100\n|switch|p2b: Iron Valiant|Iron Valiant, L50|100\/100\n|-ability|p2a: Calyrex|As One\n|-ability|p2a: Calyrex|Unnerve\n|-ability|p1b: Calyrex|As One\n|-ability|p1b: Calyrex|Unnerve\n|-enditem|p2b: Iron Valiant|Booster Energy\n|-activate|p2b: Iron Valiant|ability: Quark Drive|[fromitem]\n|-start|p2b: Iron Valiant|quarkdrivespe\n|turn|1\n|j| BankitVGC\n|\n|t:|1719829782\n|move|p2b: Iron Valiant|Protect|p2b: Iron Valiant\n|-singleturn|p2b: Iron Valiant|Protect\n|move|p2a: Calyrex|Crunch|p1b: Calyrex\n|-supereffective|p1b: Calyrex\n|-damage|p1b: Calyrex|57\/100\n|move|p1a: Grimmsnarl|Foul Play|p2a: Calyrex\n|-supereffective|p2a: Calyrex\n|-damage|p2a: Calyrex|2\/100\n|move|p1b: Calyrex|High Horsepower|p2a: Calyrex\n|-damage|p2a: Calyrex|0 fnt\n|faint|p2a: Calyrex\n|-ability|p1b: Calyrex|Chilling Neigh|boost\n|-boost|p1b: Calyrex|atk|1\n|\n|upkeep\n|\n|t:|1719829794\n|switch|p2a: Urshifu|Urshifu-Rapid-Strike, L50, F|100\/100\n|turn|2\n|\n|t:|1719829809\n|switch|p1b: Sinistcha|Sinistcha, L50|100\/100\n|move|p1a: Grimmsnarl|Reflect|p1a: Grimmsnarl\n|-sidestart|p1: thrrack|Reflect\n|move|p2b: Iron Valiant|Moonblast|p1a: Grimmsnarl\n|-supereffective|p1a: Grimmsnarl\n|-damage|p1a: Grimmsnarl|21\/100\n|move|p2a: Urshifu|Surging Strikes|p1b: Sinistcha\n|-resisted|p1b: Sinistcha\n|-crit|p1b: Sinistcha\n|-damage|p1b: Sinistcha|90\/100\n|-damage|p2a: Urshifu|84\/100|[from] item: Rocky Helmet|[of] p1b: Sinistcha\n|-resisted|p1b: Sinistcha\n|-crit|p1b: Sinistcha\n|-damage|p1b: Sinistcha|80\/100\n|-damage|p2a: Urshifu|67\/100|[from] item: Rocky Helmet|[of] p1b: Sinistcha\n|-resisted|p1b: Sinistcha\n|-crit|p1b: Sinistcha\n|-damage|p1b: Sinistcha|68\/100\n|-damage|p2a: Urshifu|51\/100|[from] item: Rocky Helmet|[of] p1b: Sinistcha\n|-hitcount|p1b: Sinistcha|3\n|\n|upkeep\n|turn|3\n|\n|t:|1719829829\n|-terastallize|p2a: Urshifu|Grass\n|move|p1a: Grimmsnarl|Light Screen|p1a: Grimmsnarl\n|-sidestart|p1: thrrack|move: Light Screen\n|move|p2b: Iron Valiant|Moonblast|p1b: Sinistcha\n|-damage|p1b: Sinistcha|42\/100\n|move|p2a: Urshifu|Surging Strikes|p1a: Grimmsnarl\n|-crit|p1a: Grimmsnarl\n|-damage|p1a: Grimmsnarl|0 fnt\n|faint|p1a: Grimmsnarl\n|-hitcount|p1: Grimmsnarl|1\n|move|p1b: Sinistcha|Matcha Gotcha|p2a: Urshifu|[spread] p2a,p2b\n|-resisted|p2a: Urshifu\n|-damage|p2a: Urshifu|32\/100\n|-heal|p1b: Sinistcha|51\/100|[from] drain|[of] p2a: Urshifu\n|-damage|p2b: Iron Valiant|54\/100\n|-heal|p1b: Sinistcha|71\/100|[from] drain|[of] p2b: Iron Valiant\n|-status|p2b: Iron Valiant|brn\n|\n|-damage|p2b: Iron Valiant|47\/100 brn|[from] brn\n|upkeep\n|\n|t:|1719829839\n|switch|p1a: Calyrex|Calyrex-Ice, L50|57\/100\n|-ability|p1a: Calyrex|As One\n|-ability|p1a: Calyrex|Unnerve\n|turn|4\n|\n|t:|1719829859\n|switch|p1a: Electabuzz|Electabuzz, L50, M|100\/100\n|move|p2b: Iron Valiant|Protect|p2b: Iron Valiant\n|-singleturn|p2b: Iron Valiant|Protect\n|move|p2a: Urshifu|Detect|p2a: Urshifu\n|-singleturn|p2a: Urshifu|Protect\n|move|p1b: Sinistcha|Matcha Gotcha|p2b: Iron Valiant|[spread] \n|-activate|p2a: Urshifu|move: Protect\n|-activate|p2b: Iron Valiant|move: Protect\n|\n|-damage|p2b: Iron Valiant|41\/100 brn|[from] brn\n|upkeep\n|turn|5\n|\n|t:|1719829879\n|move|p1a: Electabuzz|Feint|p2a: Urshifu\n|-damage|p2a: Urshifu|26\/100\n|move|p2b: Iron Valiant|Moonblast|p1a: Electabuzz\n|-damage|p1a: Electabuzz|75\/100\n|-unboost|p1a: Electabuzz|spa|1\n|move|p2a: Urshifu|Surging Strikes|p1a: Electabuzz\n|-crit|p1a: Electabuzz\n|-damage|p1a: Electabuzz|59\/100\n|-crit|p1a: Electabuzz\n|-damage|p1a: Electabuzz|44\/100\n|-crit|p1a: Electabuzz\n|-damage|p1a: Electabuzz|29\/100\n|-hitcount|p1a: Electabuzz|3\n|move|p1b: Sinistcha|Matcha Gotcha|p2b: Iron Valiant|[spread] p2a,p2b\n|-resisted|p2a: Urshifu\n|-damage|p2a: Urshifu|8\/100\n|-heal|p1b: Sinistcha|79\/100|[from] drain|[of] p2a: Urshifu\n|-damage|p2b: Iron Valiant|0 fnt\n|-heal|p1b: Sinistcha|97\/100|[from] drain|[of] p2b: Iron Valiant\n|faint|p2b: Iron Valiant\n|-end|p2b: Iron Valiant|Quark Drive|[silent]\n|\n|upkeep\n|\n|t:|1719829897\n|switch|p2b: Ogerpon|Ogerpon-Cornerstone, L50, F|100\/100\n|turn|6\n|\n|t:|1719829912\n|move|p1a: Electabuzz|Feint|p2a: Urshifu\n|-damage|p2a: Urshifu|2\/100\n|move|p2b: Ogerpon|Ivy Cudgel|p1b: Sinistcha|[anim] Ivy Cudgel Rock\n|-damage|p1b: Sinistcha|61\/100\n|move|p2a: Urshifu|Surging Strikes|p1a: Electabuzz\n|-crit|p1a: Electabuzz\n|-damage|p1a: Electabuzz|13\/100\n|-crit|p1a: Electabuzz\n|-damage|p1a: Electabuzz|0 fnt\n|faint|p1a: Electabuzz\n|-hitcount|p1: Electabuzz|2\n|move|p1b: Sinistcha|Trick Room|p1b: Sinistcha\n|-fieldstart|move: Trick Room|[of] p1b: Sinistcha\n|\n|upkeep\n|\n|t:|1719829921\n|switch|p1a: Calyrex|Calyrex-Ice, L50|57\/100\n|-ability|p1a: Calyrex|As One\n|-ability|p1a: Calyrex|Unnerve\n|turn|7\n|\n|t:|1719829945\n|-terastallize|p1a: Calyrex|Ground\n|move|p2a: Urshifu|Detect|p2a: Urshifu\n|-singleturn|p2a: Urshifu|Protect\n|move|p1a: Calyrex|Glacial Lance|p2b: Ogerpon|[spread] p2b\n|-activate|p2a: Urshifu|move: Protect\n|-supereffective|p2b: Ogerpon\n|-ability|p2b: Ogerpon|Sturdy\n|-damage|p2b: Ogerpon|1\/100\n|move|p1b: Sinistcha|Strength Sap|p2b: Ogerpon\n|-unboost|p2b: Ogerpon|atk|1\n|-heal|p1b: Sinistcha|100\/100\n|move|p2b: Ogerpon|Ivy Cudgel|p1a: Calyrex|[anim] Ivy Cudgel Rock\n|-resisted|p1a: Calyrex\n|-damage|p1a: Calyrex|48\/100\n|\n|upkeep\n|turn|8\n|\n|t:|1719829982\n|move|p2a: Urshifu|Aqua Jet|p1a: Calyrex\n|-supereffective|p1a: Calyrex\n|-damage|p1a: Calyrex|29\/100\n|move|p1a: Calyrex|Glacial Lance|p2b: Ogerpon|[spread] p2a,p2b\n|-supereffective|p2a: Urshifu\n|-supereffective|p2b: Ogerpon\n|-damage|p2a: Urshifu|0 fnt\n|-damage|p2b: Ogerpon|0 fnt\n|faint|p2a: Urshifu\n|faint|p2b: Ogerpon\n|\n|win|thrrack\n|raw|thrrack's rating: 1671 &rarr; <strong>1693<\/strong><br \/>(+22 for winning)\n|raw|Rafa1000's rating: 1708 &rarr; <strong>1686<\/strong><br \/>(-22 for losing)\n|l|\u2606Rafa1000\n|player|p2|\n|l|\u2606thrrack\n|player|p1|\n|l| BankitVGC\n","uploadtime":1719830236,"views":13,"formatid":"gen9vgc2024regg","rating":1686,"private":0,"password":null}