{"id":"gen9vgc2024regg-2153056858","format":"[Gen 9] VGC 2024 Reg G","players":["Yankiken","ruddyreboot"],"log":"|j|\u2606Yankiken\n|j|\u2606ruddyreboot\n|t:|1719807777\n|gametype|doubles\n|player|p1|Yankiken|lady-gen4|1722\n|player|p2|ruddyreboot|peony|1658\n|teamsize|p1|6\n|teamsize|p2|6\n|gen|9\n|tier|[Gen 9] VGC 2024 Reg G\n|rated|\n|rule|Species Clause: Limit one of each Pok\u00e9mon\n|rule|Item Clause: Limit one of each item\n|clearpoke\n|poke|p1|Zacian-*, L50|\n|poke|p1|Whimsicott, L50, M|\n|poke|p1|Regidrago, L50|\n|poke|p1|Chi-Yu, L50|\n|poke|p1|Ogerpon-Wellspring, L50, F|\n|poke|p1|Amoonguss, L50, F|\n|poke|p2|Calyrex-Ice, L50|\n|poke|p2|Farigiraf, L50, M|\n|poke|p2|Dondozo, L50, M|\n|poke|p2|Tatsugiri-Droopy, L50, M|\n|poke|p2|Ursaluna-Bloodmoon, L50, M|\n|poke|p2|Smeargle, L50, M|\n|teampreview|4\n|inactive|Battle timer is ON: inactive players will automatically lose when time's up. (requested by ruddyreboot)\n|\n|t:|1719807803\n|start\n|switch|p1a: Regidrago|Regidrago, L50|100\/100\n|switch|p1b: Whimsicott|Whimsicott, L50, M|100\/100\n|switch|p2a: Tatsugiri|Tatsugiri-Droopy, L50, M, shiny|100\/100\n|switch|p2b: Smeargle|Smeargle, L50, M, shiny|100\/100\n|turn|1\n|\n|t:|1719807813\n|move|p1a: Regidrago|Protect|p1a: Regidrago\n|-singleturn|p1a: Regidrago|Protect\n|move|p2b: Smeargle|Fake Out|p1b: Whimsicott\n|-damage|p1b: Whimsicott|81\/100\n|cant|p1b: Whimsicott|flinch\n|move|p2a: Tatsugiri|Draco Meteor|p1a: Regidrago\n|-activate|p1a: Regidrago|move: Protect\n|\n|upkeep\n|turn|2\n|inactive|Yankiken has 30 seconds left.\n|\n|t:|1719807840\n|switch|p1a: Amoonguss|Amoonguss, L50, F|100\/100\n|switch|p2b: Dondozo|Dondozo, L50, M|100\/100\n|-activate|p2a: Tatsugiri|ability: Commander|[of] p2b: Dondozo\n|-boost|p2b: Dondozo|atk|2\n|-boost|p2b: Dondozo|spa|2\n|-boost|p2b: Dondozo|spe|2\n|-boost|p2b: Dondozo|def|2\n|-boost|p2b: Dondozo|spd|2\n|move|p1b: Whimsicott|Moonblast|p2a: Tatsugiri|[miss]\n|-miss|p1b: Whimsicott|p2a: Tatsugiri\n|\n|upkeep\n|turn|3\n|\n|t:|1719807855\n|move|p1b: Whimsicott|Cotton Spore|p2b: Dondozo|[spread] p2b\n|-miss|p1b: Whimsicott|p2a: Tatsugiri\n|-unboost|p2b: Dondozo|spe|2\n|move|p2b: Dondozo|Earthquake|p1a: Amoonguss|[spread] p1a,p1b\n|-miss|p2b: Dondozo|p2a: Tatsugiri\n|-crit|p1a: Amoonguss\n|-resisted|p1b: Whimsicott\n|-damage|p1a: Amoonguss|55\/100\n|-damage|p1b: Whimsicott|50\/100\n|move|p1a: Amoonguss|Spore|p2b: Dondozo\n|-status|p2b: Dondozo|slp|[from] move: Spore\n|\n|upkeep\n|turn|4\n|\n|t:|1719807865\n|switch|p1a: Regidrago|Regidrago, L50|100\/100\n|move|p1b: Whimsicott|Moonblast|p2b: Dondozo\n|-damage|p2b: Dondozo|85\/100 slp\n|-unboost|p2b: Dondozo|spa|1\n|cant|p2b: Dondozo|slp\n|\n|-heal|p2b: Dondozo|91\/100 slp|[from] item: Leftovers\n|upkeep\n|turn|5\n|\n|t:|1719807876\n|move|p1b: Whimsicott|Moonblast|p2b: Dondozo\n|-damage|p2b: Dondozo|74\/100 slp\n|move|p1a: Regidrago|Dragon Energy|p2a: Tatsugiri|[spread] p2b\n|-miss|p1a: Regidrago|p2a: Tatsugiri\n|-damage|p2b: Dondozo|30\/100 slp\n|-damage|p1a: Regidrago|91\/100|[from] item: Life Orb\n|-curestatus|p2b: Dondozo|slp|[msg]\n|move|p2b: Dondozo|Earthquake|p1a: Regidrago|[spread] p1a,p1b\n|-miss|p2b: Dondozo|p2a: Tatsugiri\n|-resisted|p1b: Whimsicott\n|-damage|p1a: Regidrago|52\/100\n|-damage|p1b: Whimsicott|20\/100\n|\n|-heal|p2b: Dondozo|36\/100|[from] item: Leftovers\n|upkeep\n|turn|6\n|\n|t:|1719807898\n|move|p1b: Whimsicott|Tailwind|p1b: Whimsicott\n|-sidestart|p1: Yankiken|move: Tailwind\n|move|p1a: Regidrago|Draco Meteor|p2b: Dondozo\n|-damage|p2b: Dondozo|0 fnt\n|-unboost|p1a: Regidrago|spa|2\n|faint|p2b: Dondozo\n|-damage|p1a: Regidrago|42\/100|[from] item: Life Orb\n|\n|upkeep\n|\n|t:|1719807907\n|switch|p2b: Calyrex|Calyrex-Ice, L50|100\/100\n|-ability|p2b: Calyrex|As One\n|-ability|p2b: Calyrex|Unnerve\n|turn|7\n|inactive|Yankiken has 30 seconds left.\n|\n|t:|1719807938\n|switch|p1a: Zacian|Zacian-Crowned, L50|100\/100\n|-ability|p1a: Zacian|Intrepid Sword|boost\n|-boost|p1a: Zacian|atk|1\n|move|p1b: Whimsicott|Moonblast|p2a: Tatsugiri\n|-supereffective|p2a: Tatsugiri\n|-damage|p2a: Tatsugiri|7\/100\n|-unboost|p2a: Tatsugiri|spa|1\n|move|p2a: Tatsugiri|Draco Meteor|p1a: Zacian\n|-immune|p1a: Zacian\n|move|p2b: Calyrex|Trick Room|p2b: Calyrex\n|-fieldstart|move: Trick Room|[of] p2b: Calyrex\n|\n|upkeep\n|turn|8\n|\n|t:|1719807953\n|switch|p2a: Smeargle|Smeargle, L50, M, shiny|100\/100\n|-terastallize|p2b: Calyrex|Water\n|move|p1b: Whimsicott|Protect|p1b: Whimsicott\n|-singleturn|p1b: Whimsicott|Protect\n|move|p1a: Zacian|Protect|p1a: Zacian\n|-singleturn|p1a: Zacian|Protect\n|move|p2b: Calyrex|Glacial Lance|p1a: Zacian|[spread] \n|-activate|p1a: Zacian|move: Protect\n|-activate|p1b: Whimsicott|move: Protect\n|\n|upkeep\n|turn|9\n|\n|t:|1719807972\n|switch|p1a: Regidrago|Regidrago, L50|42\/100\n|move|p2a: Smeargle|Decorate|p2b: Calyrex\n|-boost|p2b: Calyrex|atk|2\n|-boost|p2b: Calyrex|spa|2\n|move|p2b: Calyrex|Glacial Lance|p1b: Whimsicott|[spread] p1a,p1b\n|-supereffective|p1a: Regidrago\n|-supereffective|p1b: Whimsicott\n|-damage|p1a: Regidrago|0 fnt\n|-damage|p1b: Whimsicott|0 fnt\n|faint|p1a: Regidrago\n|faint|p1b: Whimsicott\n|-ability|p2b: Calyrex|Chilling Neigh|boost\n|-boost|p2b: Calyrex|atk|2\n|\n|-sideend|p1: Yankiken|move: Tailwind\n|upkeep\n|\n|t:|1719807977\n|switch|p1a: Amoonguss|Amoonguss, L50, F|88\/100\n|switch|p1b: Zacian|Zacian-Crowned, L50|100\/100\n|turn|10\n|\n|t:|1719807992\n|-terastallize|p1a: Amoonguss|Water\n|move|p1b: Zacian|Protect|p1b: Zacian\n|-singleturn|p1b: Zacian|Protect\n|move|p1a: Amoonguss|Spore|p2b: Calyrex\n|-activate|p2b: Calyrex|item: Safety Goggles|Spore\n|move|p2a: Smeargle|Spore|p1b: Zacian\n|-activate|p1b: Zacian|move: Protect\n|move|p2b: Calyrex|Glacial Lance|p1a: Amoonguss|[spread] p1a\n|-activate|p1b: Zacian|move: Protect\n|-resisted|p1a: Amoonguss\n|-damage|p1a: Amoonguss|20\/100\n|\n|upkeep\n|turn|11\n|\n|t:|1719808006\n|move|p1a: Amoonguss|Spore|p2a: Smeargle\n|-status|p2a: Smeargle|slp|[from] move: Spore\n|cant|p2a: Smeargle|slp\n|move|p2b: Calyrex|Glacial Lance|p1b: Zacian|[spread] p1a,p1b\n|-resisted|p1a: Amoonguss\n|-resisted|p1b: Zacian\n|-damage|p1a: Amoonguss|0 fnt\n|-damage|p1b: Zacian|20\/100\n|faint|p1a: Amoonguss\n|-ability|p2b: Calyrex|Chilling Neigh|boost\n|-boost|p2b: Calyrex|atk|1\n|move|p1b: Zacian|Sacred Sword|p2b: Calyrex\n|-damage|p2b: Calyrex|79\/100\n|\n|-fieldend|move: Trick Room\n|upkeep\n|turn|12\n|\n|t:|1719808017\n|move|p1b: Zacian|Behemoth Blade|p2b: Calyrex\n|-resisted|p2b: Calyrex\n|-crit|p2b: Calyrex\n|-damage|p2b: Calyrex|52\/100\n|move|p2b: Calyrex|Glacial Lance|p1b: Zacian\n|-resisted|p1b: Zacian\n|-damage|p1b: Zacian|0 fnt\n|faint|p1b: Zacian\n|\n|win|ruddyreboot\n|raw|Yankiken's rating: 1722 &rarr; <strong>1698<\/strong><br \/>(-24 for losing)\n|raw|ruddyreboot's rating: 1658 &rarr; <strong>1682<\/strong><br \/>(+24 for winning)\n|l|\u2606ruddyreboot\n|player|p2|\n|l|\u2606Yankiken\n|player|p1|\n","uploadtime":1719808243,"views":9,"formatid":"gen9vgc2024regg","rating":1682,"private":0,"password":null}