{"id":"gen9vgc2024regg-2153590502","format":"[Gen 9] VGC 2024 Reg G","players":["peace at least","DaleG"],"log":"|j|\u2606peace at least\n|j|\u2606DaleG\n|t:|1719886091\n|gametype|doubles\n|player|p1|peace at least|brock|1712\n|player|p2|DaleG|170|1713\n|teamsize|p1|6\n|teamsize|p2|6\n|gen|9\n|tier|[Gen 9] VGC 2024 Reg G\n|rated|\n|rule|Species Clause: Limit one of each Pok\u00e9mon\n|rule|Item Clause: Limit one of each item\n|clearpoke\n|poke|p1|Calyrex-Ice, L50|\n|poke|p1|Farigiraf, L50, M|\n|poke|p1|Incineroar, L50, F|\n|poke|p1|Rillaboom, L50, F|\n|poke|p1|Amoonguss, L50, F|\n|poke|p1|Urshifu-*, L50, M|\n|poke|p2|Zamazenta-*, L50|\n|poke|p2|Chien-Pao, L50|\n|poke|p2|Amoonguss, L50, M|\n|poke|p2|Raging Bolt, L50|\n|poke|p2|Flutter Mane, L50|\n|poke|p2|Pelipper, L50, M|\n|teampreview|4\n|inactive|Battle timer is ON: inactive players will automatically lose when time's up. (requested by peace at least)\n|j|+Mengy \u32db\n|\n|t:|1719886121\n|start\n|switch|p1a: Urshifu|Urshifu-Rapid-Strike, L50, M|100\/100\n|switch|p1b: Farigiraf|Farigiraf, L50, M|100\/100\n|switch|p2a: Zamazenta|Zamazenta-Crowned, L50|100\/100\n|switch|p2b: Pelipper|Pelipper, L50, M|100\/100\n|-ability|p2a: Zamazenta|Dauntless Shield|boost\n|-boost|p2a: Zamazenta|def|1\n|-weather|RainDance|[from] ability: Drizzle|[of] p2b: Pelipper\n|turn|1\n|inactive|DaleG has 30 seconds left.\n|inactive|DaleG has 20 seconds left.\n|\n|t:|1719886158\n|-terastallize|p1a: Urshifu|Water\n|-terastallize|p2a: Zamazenta|Grass\n|move|p1a: Urshifu|Surging Strikes|p2b: Pelipper\n|-resisted|p2b: Pelipper\n|-crit|p2b: Pelipper\n|-damage|p2b: Pelipper|73\/100\n|-resisted|p2b: Pelipper\n|-crit|p2b: Pelipper\n|-damage|p2b: Pelipper|50\/100\n|-resisted|p2b: Pelipper\n|-crit|p2b: Pelipper\n|-damage|p2b: Pelipper|23\/100\n|-hitcount|p2b: Pelipper|3\n|move|p2a: Zamazenta|Iron Defense|p2a: Zamazenta\n|-boost|p2a: Zamazenta|def|2\n|move|p2b: Pelipper|Hurricane|p1a: Urshifu\n|-damage|p1a: Urshifu|23\/100\n|move|p1b: Farigiraf|Psychic|p2b: Pelipper\n|-damage|p2b: Pelipper|0 fnt\n|faint|p2b: Pelipper\n|\n|-weather|RainDance|[upkeep]\n|upkeep\n|j| SalemVGC\n|l| SalemVGC\n|inactive|DaleG has 30 seconds left.\n|inactive|DaleG has 20 seconds left.\n|\n|t:|1719886195\n|switch|p2b: Chien-Pao|Chien-Pao, L50|100\/100\n|-ability|p2b: Chien-Pao|Sword of Ruin\n|turn|2\n|\n|t:|1719886215\n|move|p2b: Chien-Pao|Sucker Punch||[still]\n|cant|p1b: Farigiraf|ability: Armor Tail|Sucker Punch|[of] p2b: Chien-Pao\n|move|p1a: Urshifu|Surging Strikes|p2b: Chien-Pao\n|-crit|p2b: Chien-Pao\n|-damage|p2b: Chien-Pao|37\/100\n|-crit|p2b: Chien-Pao\n|-damage|p2b: Chien-Pao|0 fnt\n|faint|p2b: Chien-Pao\n|-hitcount|p2: Chien-Pao|2\n|move|p2a: Zamazenta|Body Press|p1b: Farigiraf\n|-damage|p1b: Farigiraf|0 fnt\n|faint|p1b: Farigiraf\n|\n|-weather|RainDance|[upkeep]\n|upkeep\n|\n|t:|1719886231\n|switch|p2b: Amoonguss|Amoonguss, L50, M|100\/100\n|switch|p1b: Rillaboom|Rillaboom, L50, F|100\/100\n|-fieldstart|move: Grassy Terrain|[from] ability: Grassy Surge|[of] p1b: Rillaboom\n|turn|3\n|\n|t:|1719886249\n|move|p2b: Amoonguss|Rage Powder|p2b: Amoonguss\n|-singleturn|p2b: Amoonguss|move: Rage Powder\n|move|p1a: Urshifu|Surging Strikes|p2b: Amoonguss\n|-resisted|p2b: Amoonguss\n|-crit|p2b: Amoonguss\n|-damage|p2b: Amoonguss|83\/100\n|-damage|p1a: Urshifu|6\/100|[from] item: Rocky Helmet|[of] p2b: Amoonguss\n|-resisted|p2b: Amoonguss\n|-crit|p2b: Amoonguss\n|-damage|p2b: Amoonguss|66\/100\n|-damage|p1a: Urshifu|0 fnt|[from] item: Rocky Helmet|[of] p2b: Amoonguss\n|faint|p1a: Urshifu\n|-hitcount|p2b: Amoonguss|2\n|move|p2a: Zamazenta|Body Press|p1b: Rillaboom\n|-damage|p1b: Rillaboom|0 fnt\n|faint|p1b: Rillaboom\n|\n|-weather|RainDance|[upkeep]\n|-heal|p2b: Amoonguss|72\/100|[from] Grassy Terrain\n|upkeep\n|j| autumdog\n|\n|t:|1719886256\n|switch|p1b: Calyrex|Calyrex-Ice, L50|100\/100\n|-ability|p1b: Calyrex|As One\n|-ability|p1b: Calyrex|Unnerve\n|turn|4\n|\n|t:|1719886278\n|move|p2a: Zamazenta|Body Press|p1b: Calyrex\n|-damage|p1b: Calyrex|28\/100\n|move|p1b: Calyrex|Glacial Lance|p2b: Amoonguss|[spread] p2a,p2b\n|-supereffective|p2a: Zamazenta\n|-supereffective|p2b: Amoonguss\n|-damage|p2a: Zamazenta|69\/100\n|-damage|p2b: Amoonguss|0 fnt\n|faint|p2b: Amoonguss\n|-ability|p1b: Calyrex|Chilling Neigh|boost\n|-boost|p1b: Calyrex|atk|1\n|\n|-weather|RainDance|[upkeep]\n|-heal|p2a: Zamazenta|75\/100|[from] Grassy Terrain\n|-heal|p1b: Calyrex|35\/100|[from] Grassy Terrain\n|upkeep\n|turn|5\n|\n|t:|1719886286\n|move|p1b: Calyrex|Protect|p1b: Calyrex\n|-singleturn|p1b: Calyrex|Protect\n|move|p2a: Zamazenta|Body Press|p1b: Calyrex\n|-activate|p1b: Calyrex|move: Protect\n|\n|-weather|none\n|-heal|p2a: Zamazenta|82\/100|[from] Grassy Terrain\n|-heal|p1b: Calyrex|41\/100|[from] Grassy Terrain\n|upkeep\n|turn|6\n|\n|t:|1719886298\n|move|p2a: Zamazenta|Body Press|p1b: Calyrex\n|-damage|p1b: Calyrex|0 fnt\n|faint|p1b: Calyrex\n|\n|win|DaleG\n|raw|peace at least's rating: 1712 &rarr; <strong>1692<\/strong><br \/>(-20 for losing)\n|raw|DaleG's rating: 1713 &rarr; <strong>1733<\/strong><br \/>(+20 for winning)\n|l|\u2606peace at least\n|player|p1|\n|l|+Mengy \u32db\n|l|\u2606DaleG\n|player|p2|\n","uploadtime":1719886517,"views":27,"formatid":"gen9vgc2024regg","rating":1692,"private":0,"password":null}