{"id":"gen9vgc2024regg-2153906422","format":"[Gen 9] VGC 2024 Reg G","players":["FlyAwayFr","shuijun2\u7535\u9f99\u4fa0"],"log":"|j|\u2606FlyAwayFr\n|j|\u2606shuijun2\u7535\u9f99\u4fa0\n|t:|1719937234\n|gametype|doubles\n|player|p1|FlyAwayFr|blue-masters2|1719\n|player|p2|shuijun2\u7535\u9f99\u4fa0|iono|1774\n|teamsize|p1|6\n|teamsize|p2|6\n|gen|9\n|tier|[Gen 9] VGC 2024 Reg G\n|rated|\n|rule|Species Clause: Limit one of each Pok\u00e9mon\n|rule|Item Clause: Limit one of each item\n|clearpoke\n|poke|p1|Calyrex-Ice, L50|\n|poke|p1|Incineroar, L50, F|\n|poke|p1|Rillaboom, L50, F|\n|poke|p1|Urshifu-*, L50, M|\n|poke|p1|Pelipper, L50, F|\n|poke|p1|Raging Bolt, L50|\n|poke|p2|Armarouge, L50, F|\n|poke|p2|Zamazenta-*, L50|\n|poke|p2|Indeedee, L50, M|\n|poke|p2|Roaring Moon, L50|\n|poke|p2|Urshifu-*, L50, M|\n|poke|p2|Maushold, L50|\n|teampreview|4\n|inactive|Battle timer is ON: inactive players will automatically lose when time's up. (requested by FlyAwayFr)\n|j| ds des chats\n|inactive|shuijun2\u7535\u9f99\u4fa0 has 60 seconds left.\n|\n|t:|1719937275\n|start\n|switch|p1a: Pelipper|Pelipper, L50, F|100\/100\n|switch|p1b: Urshifu|Urshifu-Rapid-Strike, L50, M|100\/100\n|switch|p2a: \u6bc5\u52c7\u4e01\u771f|Zamazenta-Crowned, L50|100\/100\n|switch|p2b: \u80b2\u5e7c\u4e01\u771f|Maushold, L50|100\/100\n|-ability|p2a: \u6bc5\u52c7\u4e01\u771f|Dauntless Shield|boost\n|-boost|p2a: \u6bc5\u52c7\u4e01\u771f|def|1\n|-weather|RainDance|[from] ability: Drizzle|[of] p1a: Pelipper\n|turn|1\n|inactive|FlyAwayFr has 30 seconds left.\n|inactive|shuijun2\u7535\u9f99\u4fa0 has 30 seconds left.\n|\n|t:|1719937308\n|-terastallize|p1b: Urshifu|Water\n|-terastallize|p2a: \u6bc5\u52c7\u4e01\u771f|Water\n|move|p1b: Urshifu|Surging Strikes|p2b: \u80b2\u5e7c\u4e01\u771f\n|-crit|p2b: \u80b2\u5e7c\u4e01\u771f\n|-damage|p2b: \u80b2\u5e7c\u4e01\u771f|40\/100\n|-crit|p2b: \u80b2\u5e7c\u4e01\u771f\n|-damage|p2b: \u80b2\u5e7c\u4e01\u771f|0 fnt\n|faint|p2b: \u80b2\u5e7c\u4e01\u771f\n|-hitcount|p2: \u80b2\u5e7c\u4e01\u771f|2\n|move|p2a: \u6bc5\u52c7\u4e01\u771f|Body Press|p1b: Urshifu\n|-damage|p1b: Urshifu|27\/100\n|move|p1a: Pelipper|Hurricane|p2a: \u6bc5\u52c7\u4e01\u771f\n|-damage|p2a: \u6bc5\u52c7\u4e01\u771f|67\/100\n|\n|-weather|RainDance|[upkeep]\n|upkeep\n|\n|t:|1719937318\n|switch|p2b: \u610f\u8335\u4e01\u771f|Indeedee, L50, M|100\/100\n|-fieldstart|move: Psychic Terrain|[from] ability: Psychic Surge|[of] p2b: \u610f\u8335\u4e01\u771f\n|turn|2\n|\n|t:|1719937330\n|move|p2b: \u610f\u8335\u4e01\u771f|Expanding Force|p1a: Pelipper|[spread] p1a,p1b\n|-damage|p1a: Pelipper|3\/100\n|-damage|p1b: Urshifu|0 fnt\n|faint|p1b: Urshifu\n|move|p2a: \u6bc5\u52c7\u4e01\u771f|Body Press|p1a: Pelipper\n|-resisted|p1a: Pelipper\n|-damage|p1a: Pelipper|0 fnt\n|faint|p1a: Pelipper\n|\n|-weather|RainDance|[upkeep]\n|upkeep\n|\n|t:|1719937336\n|switch|p1b: Rillaboom|Rillaboom, L50, F|100\/100\n|switch|p1a: Calyrex|Calyrex-Ice, L50|100\/100\n|-ability|p1a: Calyrex|As One\n|-ability|p1a: Calyrex|Unnerve\n|-fieldstart|move: Grassy Terrain|[from] ability: Grassy Surge|[of] p1b: Rillaboom\n|turn|3\n|\n|t:|1719937347\n|move|p1b: Rillaboom|Fake Out|p2a: \u6bc5\u52c7\u4e01\u771f\n|-damage|p2a: \u6bc5\u52c7\u4e01\u771f|63\/100\n|move|p2b: \u610f\u8335\u4e01\u771f|Expanding Force|p1a: Calyrex\n|-resisted|p1a: Calyrex\n|-damage|p1a: Calyrex|89\/100\n|cant|p2a: \u6bc5\u52c7\u4e01\u771f|flinch\n|move|p1a: Calyrex|Trick Room|p1a: Calyrex\n|-fieldstart|move: Trick Room|[of] p1a: Calyrex\n|\n|-weather|RainDance|[upkeep]\n|-heal|p1a: Calyrex|95\/100|[from] Grassy Terrain\n|-heal|p2a: \u6bc5\u52c7\u4e01\u771f|68\/100|[from] Grassy Terrain\n|upkeep\n|turn|4\n|\n|t:|1719937357\n|switch|p2b: \u6d8c\u66f3\u4e01\u771f|Urshifu-Rapid-Strike, L50, M|100\/100\n|move|p2a: \u6bc5\u52c7\u4e01\u771f|Wide Guard|p2a: \u6bc5\u52c7\u4e01\u771f\n|-singleturn|p2a: \u6bc5\u52c7\u4e01\u771f|Wide Guard\n|move|p1a: Calyrex|Glacial Lance|p2a: \u6bc5\u52c7\u4e01\u771f|[spread] \n|-activate|p2a: \u6bc5\u52c7\u4e01\u771f|move: Wide Guard\n|-activate|p2b: \u6d8c\u66f3\u4e01\u771f|move: Wide Guard\n|move|p1b: Rillaboom|Wood Hammer|p2a: \u6bc5\u52c7\u4e01\u771f\n|-supereffective|p2a: \u6bc5\u52c7\u4e01\u771f\n|-damage|p2a: \u6bc5\u52c7\u4e01\u771f|14\/100\n|-damage|p1b: Rillaboom|84\/100|[from] Recoil\n|\n|-weather|RainDance|[upkeep]\n|-heal|p1a: Calyrex|100\/100|[from] Grassy Terrain\n|-heal|p1b: Rillaboom|90\/100|[from] Grassy Terrain\n|-heal|p2a: \u6bc5\u52c7\u4e01\u771f|19\/100|[from] Grassy Terrain\n|upkeep\n|turn|5\n|\n|t:|1719937379\n|move|p2a: \u6bc5\u52c7\u4e01\u771f|Wide Guard|p2a: \u6bc5\u52c7\u4e01\u771f\n|-singleturn|p2a: \u6bc5\u52c7\u4e01\u771f|Wide Guard\n|move|p1a: Calyrex|Glacial Lance|p2b: \u6d8c\u66f3\u4e01\u771f|[spread] \n|-activate|p2a: \u6bc5\u52c7\u4e01\u771f|move: Wide Guard\n|-activate|p2b: \u6d8c\u66f3\u4e01\u771f|move: Wide Guard\n|move|p1b: Rillaboom|Wood Hammer|p2b: \u6d8c\u66f3\u4e01\u771f\n|-supereffective|p2b: \u6d8c\u66f3\u4e01\u771f\n|-enditem|p2b: \u6d8c\u66f3\u4e01\u771f|Focus Sash\n|-damage|p2b: \u6d8c\u66f3\u4e01\u771f|1\/100\n|-damage|p1b: Rillaboom|61\/100|[from] Recoil\n|move|p2b: \u6d8c\u66f3\u4e01\u771f|Surging Strikes|p1a: Calyrex\n|-crit|p1a: Calyrex\n|-damage|p1a: Calyrex|81\/100\n|-crit|p1a: Calyrex\n|-damage|p1a: Calyrex|59\/100\n|-crit|p1a: Calyrex\n|-damage|p1a: Calyrex|38\/100\n|-hitcount|p1a: Calyrex|3\n|\n|-weather|none\n|-heal|p1a: Calyrex|44\/100|[from] Grassy Terrain\n|-heal|p1b: Rillaboom|67\/100|[from] Grassy Terrain\n|-heal|p2b: \u6d8c\u66f3\u4e01\u771f|7\/100|[from] Grassy Terrain\n|-heal|p2a: \u6bc5\u52c7\u4e01\u771f|25\/100|[from] Grassy Terrain\n|upkeep\n|turn|6\n|\n|t:|1719937402\n|move|p2b: \u6d8c\u66f3\u4e01\u771f|Protect|p2b: \u6d8c\u66f3\u4e01\u771f\n|-singleturn|p2b: \u6d8c\u66f3\u4e01\u771f|Protect\n|move|p1a: Calyrex|High Horsepower|p2b: \u6d8c\u66f3\u4e01\u771f\n|-activate|p2b: \u6d8c\u66f3\u4e01\u771f|move: Protect\n|move|p1b: Rillaboom|Wood Hammer|p2a: \u6bc5\u52c7\u4e01\u771f\n|-supereffective|p2a: \u6bc5\u52c7\u4e01\u771f\n|-damage|p2a: \u6bc5\u52c7\u4e01\u771f|0 fnt\n|faint|p2a: \u6bc5\u52c7\u4e01\u771f\n|-damage|p1b: Rillaboom|60\/100|[from] Recoil\n|\n|-heal|p1a: Calyrex|50\/100|[from] Grassy Terrain\n|-heal|p1b: Rillaboom|65\/100|[from] Grassy Terrain\n|-heal|p2b: \u6d8c\u66f3\u4e01\u771f|13\/100|[from] Grassy Terrain\n|upkeep\n|\n|t:|1719937410\n|switch|p2a: \u610f\u8335\u4e01\u771f|Indeedee, L50, M|100\/100\n|-fieldstart|move: Psychic Terrain|[from] ability: Psychic Surge|[of] p2a: \u610f\u8335\u4e01\u771f\n|turn|7\n|\n|t:|1719937421\n|move|p2b: \u6d8c\u66f3\u4e01\u771f|Protect|p2b: \u6d8c\u66f3\u4e01\u771f\n|-singleturn|p2b: \u6d8c\u66f3\u4e01\u771f|Protect\n|move|p1a: Calyrex|Glacial Lance|p2b: \u6d8c\u66f3\u4e01\u771f|[spread] p2a\n|-activate|p2b: \u6d8c\u66f3\u4e01\u771f|move: Protect\n|-damage|p2a: \u610f\u8335\u4e01\u771f|0 fnt\n|faint|p2a: \u610f\u8335\u4e01\u771f\n|-ability|p1a: Calyrex|Chilling Neigh|boost\n|-boost|p1a: Calyrex|atk|1\n|move|p1b: Rillaboom|Wood Hammer|p2b: \u6d8c\u66f3\u4e01\u771f\n|-activate|p2b: \u6d8c\u66f3\u4e01\u771f|move: Protect\n|\n|-fieldend|move: Trick Room\n|upkeep\n|turn|8\n|\n|t:|1719937433\n|move|p2b: \u6d8c\u66f3\u4e01\u771f|Close Combat|p1b: Rillaboom\n|-damage|p1b: Rillaboom|5\/100\n|-unboost|p2b: \u6d8c\u66f3\u4e01\u771f|def|1\n|-unboost|p2b: \u6d8c\u66f3\u4e01\u771f|spd|1\n|move|p1b: Rillaboom|Wood Hammer|p2b: \u6d8c\u66f3\u4e01\u771f\n|-supereffective|p2b: \u6d8c\u66f3\u4e01\u771f\n|-damage|p2b: \u6d8c\u66f3\u4e01\u771f|0 fnt\n|faint|p2b: \u6d8c\u66f3\u4e01\u771f\n|-damage|p1b: Rillaboom|1\/100|[from] Recoil\n|\n|win|FlyAwayFr\n|raw|FlyAwayFr's rating: 1719 &rarr; <strong>1742<\/strong><br \/>(+23 for winning)\n|raw|shuijun2\u7535\u9f99\u4fa0's rating: 1774 &rarr; <strong>1751<\/strong><br \/>(-23 for losing)\n|l|\u2606shuijun2\u7535\u9f99\u4fa0\n|player|p2|\n","uploadtime":1719937439,"views":40,"formatid":"gen9vgc2024regg","rating":1742,"private":0,"password":null}