{"id":"gen9vgc2024regg-2153484752","format":"[Gen 9] VGC 2024 Reg G","players":["Shamone Rider 2","RomanTogepi"],"log":"|j|\u2606Shamone Rider 2\n|j|\u2606RomanTogepi\n|t:|1719871560\n|gametype|doubles\n|player|p1|Shamone Rider 2|youngster-gen4dp|1705\n|player|p2|RomanTogepi|waiter-gen4dp|1707\n|teamsize|p1|6\n|teamsize|p2|6\n|gen|9\n|tier|[Gen 9] VGC 2024 Reg G\n|rated|\n|rule|Species Clause: Limit one of each Pok\u00e9mon\n|rule|Item Clause: Limit one of each item\n|clearpoke\n|poke|p1|Whimsicott, L50, M|\n|poke|p1|Flutter Mane, L50|\n|poke|p1|Calyrex-Shadow, L50|\n|poke|p1|Iron Hands, L50|\n|poke|p1|Clefairy, L50, M|\n|poke|p1|Kingambit, L50, F|\n|poke|p2|Terapagos, L50, M|\n|poke|p2|Raging Bolt, L50|\n|poke|p2|Scream Tail, L50|\n|poke|p2|Grimmsnarl, L50, M|\n|poke|p2|Ogerpon-Wellspring, L50, F|\n|poke|p2|Rillaboom, L50, F|\n|teampreview|4\nShamone Rider 2 has agreed to open team sheets.\n|inactive|Battle timer is ON: inactive players will automatically lose when time's up. (requested by RomanTogepi)\nRomanTogepi rejected open team sheets.\n|\n|t:|1719871587\n|start\n|switch|p1a: Farfaduvet|Whimsicott, L50, M|100\/100\n|switch|p1b: Shamone Rider|Calyrex-Shadow, L50|100\/100\n|switch|p2a: KING|Terapagos, L50, M|100\/100\n|switch|p2b: PAWN|Grimmsnarl, L50, M, shiny|100\/100\n|-ability|p1b: Shamone Rider|As One\n|-ability|p1b: Shamone Rider|Unnerve\n|-activate|p2a: KING|ability: Tera Shift\n|detailschange|p2a: KING|Terapagos-Terastal, L50, M\n|-heal|p2a: KING|100\/100|[silent]\n|turn|1\n|\n|t:|1719871598\n|move|p2b: PAWN|Light Screen|p2b: PAWN\n|-sidestart|p2: RomanTogepi|move: Light Screen\n|move|p1b: Shamone Rider|Nasty Plot|p1b: Shamone Rider\n|-boost|p1b: Shamone Rider|spa|2\n|move|p1a: Farfaduvet|Moonblast|p2b: PAWN\n|-supereffective|p2b: PAWN\n|-damage|p2b: PAWN|67\/100\n|move|p2a: KING|Calm Mind|p2a: KING\n|-boost|p2a: KING|spa|1\n|-boost|p2a: KING|spd|1\n|\n|upkeep\n|turn|2\n|j| ale cog\n|\n|t:|1719871616\n|switch|p2b: QUEEN|Ogerpon-Wellspring, L50, F|100\/100\n|move|p2a: KING|Protect|p2a: KING\n|-singleturn|p2a: KING|Protect\n|move|p1a: Farfaduvet|Encore|p2a: KING\n|-activate|p2a: KING|move: Protect\n|move|p1b: Shamone Rider|Astral Barrage|p2b: QUEEN|[spread] p2b\n|-activate|p2a: KING|move: Protect\n|-damage|p2b: QUEEN|13\/100\n|\n|upkeep\n|turn|3\n|\n|t:|1719871638\n|-terastallize|p2a: KING|Stellar\n|detailschange|p2a: KING|Terapagos-Stellar, L50, M, tera:Stellar\n|-heal|p2a: KING|100\/100|[silent]\n|move|p2b: QUEEN|Follow Me|p2b: QUEEN\n|-singleturn|p2b: QUEEN|move: Follow Me\n|move|p1a: Farfaduvet|Tailwind|p1a: Farfaduvet\n|-sidestart|p1: Shamone Rider 2|move: Tailwind\n|move|p1b: Shamone Rider|Astral Barrage|p2a: KING|[spread] p2b\n|-immune|p2a: KING\n|-damage|p2b: QUEEN|0 fnt\n|faint|p2b: QUEEN\n|-ability|p1b: Shamone Rider|Grim Neigh|boost\n|-boost|p1b: Shamone Rider|spa|1\n|move|p2a: KING|Tera Starstorm|p1b: Shamone Rider|[spread] p1a,p1b\n|-damage|p1a: Farfaduvet|29\/100\n|-damage|p1b: Shamone Rider|49\/100\n|\n|upkeep\n|\n|t:|1719871663\n|switch|p2b: ROOK|Rillaboom, L50, F|100\/100\n|-fieldstart|move: Grassy Terrain|[from] ability: Grassy Surge|[of] p2b: ROOK\n|turn|4\n|\n|t:|1719871672\n|move|p1b: Shamone Rider|Protect|p1b: Shamone Rider\n|-singleturn|p1b: Shamone Rider|Protect\n|move|p1a: Farfaduvet|Encore|p2a: KING\n|-start|p2a: KING|Encore\n|move|p2b: ROOK|Grassy Glide|p1b: Shamone Rider\n|-activate|p1b: Shamone Rider|move: Protect\n|move|p2a: KING|Tera Starstorm|p1a: Farfaduvet|[spread] p1a\n|-activate|p1b: Shamone Rider|move: Protect\n|-damage|p1a: Farfaduvet|0 fnt\n|faint|p1a: Farfaduvet\n|\n|-heal|p1b: Shamone Rider|55\/100|[from] Grassy Terrain\n|upkeep\n|\n|t:|1719871681\n|switch|p1a: Fisto|Iron Hands, L50, shiny|100\/100\n|turn|5\n|\n|t:|1719871691\n|move|p1b: Shamone Rider|Tera Blast|p2a: KING\n|-damage|p2a: KING|79\/100\n|move|p1a: Fisto|Drain Punch|p2a: KING\n|-supereffective|p2a: KING\n|-damage|p2a: KING|24\/100\n|move|p2a: KING|Tera Starstorm|p1a: Fisto|[spread] p1a,p1b\n|-damage|p1a: Fisto|66\/100\n|-damage|p1b: Shamone Rider|3\/100\n|move|p2b: ROOK|Wood Hammer|p1a: Fisto\n|-damage|p1a: Fisto|3\/100\n|-damage|p2b: ROOK|75\/100|[from] Recoil\n|\n|-heal|p1b: Shamone Rider|9\/100|[from] Grassy Terrain\n|-heal|p1a: Fisto|9\/100|[from] Grassy Terrain\n|-heal|p2a: KING|31\/100|[from] Grassy Terrain\n|-heal|p2b: ROOK|81\/100|[from] Grassy Terrain\n|upkeep\n|turn|6\n|inactive|RomanTogepi has 30 seconds left.\n|\n|t:|1719871719\n|move|p2b: ROOK|Grassy Glide|p1a: Fisto\n|-damage|p1a: Fisto|0 fnt\n|faint|p1a: Fisto\n|-end|p1a: Fisto|Quark Drive|[silent]\n|move|p1b: Shamone Rider|Tera Blast|p2a: KING\n|-damage|p2a: KING|9\/100\n|move|p2a: KING|Tera Starstorm|p1b: Shamone Rider\n|-damage|p1b: Shamone Rider|0 fnt\n|faint|p1b: Shamone Rider\n|\n|-heal|p2b: ROOK|87\/100|[from] Grassy Terrain\n|-heal|p2a: KING|15\/100|[from] Grassy Terrain\n|-end|p2a: KING|Encore\n|-sideend|p1: Shamone Rider 2|move: Tailwind\n|upkeep\n|\n|t:|1719871730\n|switch|p1b: Flotte-M\u00e8che|Flutter Mane, L50|100\/100\n|turn|7\n|\n|t:|1719871739\n|-terastallize|p1b: Flotte-M\u00e8che|Fairy\n|move|p1b: Flotte-M\u00e8che|Dazzling Gleam|p2a: KING|[spread] p2a,p2b\n|-damage|p2a: KING|0 fnt\n|-damage|p2b: ROOK|50\/100\n|faint|p2a: KING\n|move|p2b: ROOK|Wood Hammer|p1b: Flotte-M\u00e8che\n|-damage|p1b: Flotte-M\u00e8che|0 fnt\n|faint|p1b: Flotte-M\u00e8che\n|-end|p1b: Flotte-M\u00e8che|Protosynthesis|[silent]\n|-damage|p2b: ROOK|23\/100|[from] Recoil\n|\n|win|RomanTogepi\n|raw|Shamone Rider 2's rating: 1705 &rarr; <strong>1685<\/strong><br \/>(-20 for losing)\n|raw|RomanTogepi's rating: 1707 &rarr; <strong>1727<\/strong><br \/>(+20 for winning)\n|l|\u2606Shamone Rider 2\n|player|p1|\n","uploadtime":1719871742,"views":53,"formatid":"gen9vgc2024regg","rating":1685,"private":0,"password":null}