{"id":"gen9vgc2024regg-2153594369","format":"[Gen 9] VGC 2024 Reg G","players":["bedh","Rgktest"],"log":"|j|\u2606bedh\n|j|\u2606Rgktest\n|t:|1719886623\n|gametype|doubles\n|player|p1|bedh|170|1700\n|player|p2|Rgktest|265|1761\n|teamsize|p1|6\n|teamsize|p2|6\n|gen|9\n|tier|[Gen 9] VGC 2024 Reg G\n|rated|\n|rule|Species Clause: Limit one of each Pok\u00e9mon\n|rule|Item Clause: Limit one of each item\n|clearpoke\n|poke|p1|Calyrex-Shadow, L50|\n|poke|p1|Indeedee-F, L50, F|\n|poke|p1|Tornadus, L50, M|\n|poke|p1|Chi-Yu, L50|\n|poke|p1|Raging Bolt, L50|\n|poke|p1|Ogerpon, L50, F|\n|poke|p2|Calyrex-Shadow, L50|\n|poke|p2|Weezing, L50, F|\n|poke|p2|Regigigas, L50|\n|poke|p2|Mienshao, L50, F|\n|poke|p2|Ditto, L50|\n|poke|p2|Incineroar, L50, M|\n|teampreview|4\n|\n|t:|1719886648\n|start\n|switch|p1a: Tornadus|Tornadus, L50, M|100\/100\n|switch|p1b: Ogerpon|Ogerpon, L50, F|100\/100\n|switch|p2a: Mienshao|Mienshao, L50, F|100\/100\n|switch|p2b: Calyrex|Calyrex-Shadow, L50|100\/100\n|-ability|p2b: Calyrex|As One\n|-ability|p2b: Calyrex|Unnerve\n|turn|1\n|inactive|Battle timer is ON: inactive players will automatically lose when time's up. (requested by Rgktest)\n|\n|t:|1719886673\n|switch|p2a: Weezing|Weezing, L50, F|100\/100\n|-ability|p2a: Weezing|Neutralizing Gas\n|-terastallize|p2b: Calyrex|Ghost\n|-terastallize|p1b: Ogerpon|Grass\n|detailschange|p1b: Ogerpon|Ogerpon-Teal-Tera, L50, F, tera:Grass\n|move|p2b: Calyrex|Astral Barrage|p1a: Tornadus|[spread] p1a,p1b\n|-damage|p1a: Tornadus|0 fnt\n|-damage|p1b: Ogerpon|0 fnt\n|faint|p1a: Tornadus\n|faint|p1b: Ogerpon\n|-ability|p2b: Calyrex|Grim Neigh|boost\n|-boost|p2b: Calyrex|spa|2\n|\n|upkeep\n|\n|t:|1719886682\n|switch|p1b: Calyrex|Calyrex-Shadow, L50|100\/100\n|switch|p1a: Chi-Yu|Chi-Yu, L50|100\/100\n|-ability|p1b: Calyrex|As One\n|-ability|p1b: Calyrex|Unnerve\n|turn|2\n|\n|t:|1719886701\n|move|p1a: Chi-Yu|Protect|p1a: Chi-Yu\n|-singleturn|p1a: Chi-Yu|Protect\n|move|p2a: Weezing|Protect|p2a: Weezing\n|-singleturn|p2a: Weezing|Protect\n|move|p2b: Calyrex|Astral Barrage|p1b: Calyrex|[spread] p1b\n|-activate|p1a: Chi-Yu|move: Protect\n|-supereffective|p1b: Calyrex\n|-enditem|p1b: Calyrex|Focus Sash\n|-damage|p1b: Calyrex|1\/100\n|move|p1b: Calyrex|Astral Barrage|p2a: Weezing|[spread] p2b\n|-activate|p2a: Weezing|move: Protect\n|-supereffective|p2b: Calyrex\n|-damage|p2b: Calyrex|0 fnt\n|faint|p2b: Calyrex\n|-ability|p1b: Calyrex|Grim Neigh|boost\n|-boost|p1b: Calyrex|spa|1\n|\n|upkeep\n|inactive|Rgktest has 30 seconds left.\n|\n|t:|1719886734\n|switch|p2b: Regigigas|Regigigas, L50|100\/100\n|turn|3\n|\n|t:|1719886759\n|move|p1b: Calyrex|Expanding Force|p2a: Weezing\n|-supereffective|p2a: Weezing\n|-damage|p2a: Weezing|0 fnt\n|faint|p2a: Weezing\n|-end|p2a: Weezing|ability: Neutralizing Gas\n|-ability|p1a: Chi-Yu|Beads of Ruin\n|-start|p2b: Regigigas|ability: Slow Start\n|-ability|p1b: Calyrex|Grim Neigh|boost\n|-boost|p1b: Calyrex|spa|1\n|move|p1a: Chi-Yu|Heat Wave|p2b: Regigigas\n|-damage|p2b: Regigigas|28\/100\n|-damage|p1a: Chi-Yu|91\/100|[from] item: Life Orb\n|move|p2b: Regigigas|Knock Off|p1b: Calyrex\n|-supereffective|p1b: Calyrex\n|-damage|p1b: Calyrex|0 fnt\n|faint|p1b: Calyrex\n|\n|upkeep\n|\n|t:|1719886763\n|switch|p2a: Mienshao|Mienshao, L50, F|100\/100\n|turn|4\n|\n|t:|1719886776\n|move|p1a: Chi-Yu|Protect|p1a: Chi-Yu\n|-singleturn|p1a: Chi-Yu|Protect\n|move|p2a: Mienshao|Close Combat|p1a: Chi-Yu\n|-activate|p1a: Chi-Yu|move: Protect\n|move|p2b: Regigigas|Crush Grip|p1a: Chi-Yu\n|-activate|p1a: Chi-Yu|move: Protect\n|\n|upkeep\n|turn|5\n|\n|t:|1719886792\n|move|p1a: Chi-Yu|Heat Wave|p2a: Mienshao|[spread] p2a,p2b\n|-enditem|p2a: Mienshao|Focus Sash\n|-damage|p2a: Mienshao|1\/100\n|-damage|p2b: Regigigas|0 fnt\n|faint|p2b: Regigigas\n|-end|p2b: Regigigas|Slow Start|[silent]\n|-damage|p1a: Chi-Yu|81\/100|[from] item: Life Orb\n|move|p2a: Mienshao|Close Combat|p1a: Chi-Yu\n|-supereffective|p1a: Chi-Yu\n|-damage|p1a: Chi-Yu|0 fnt\n|-unboost|p2a: Mienshao|def|1\n|-unboost|p2a: Mienshao|spd|1\n|faint|p1a: Chi-Yu\n|\n|win|Rgktest\n|raw|bedh's rating: 1700 &rarr; <strong>1683<\/strong><br \/>(-17 for losing)\n|raw|Rgktest's rating: 1761 &rarr; <strong>1778<\/strong><br \/>(+17 for winning)\n|l|\u2606bedh\n|player|p1|\n","uploadtime":1719886933,"views":15,"formatid":"gen9vgc2024regg","rating":1683,"private":0,"password":null}