{"id":"gen9vgc2024regg-2153237595","format":"[Gen 9] VGC 2024 Reg G","players":["sdbjj","jbleacher2"],"log":"|j|\u2606sdbjj\n|j|\u2606jbleacher2\n|t:|1719842056\n|gametype|doubles\n|player|p1|sdbjj|101|1696\n|player|p2|jbleacher2|265|1737\n|teamsize|p1|6\n|teamsize|p2|6\n|gen|9\n|tier|[Gen 9] VGC 2024 Reg G\n|rated|\n|rule|Species Clause: Limit one of each Pok\u00e9mon\n|rule|Item Clause: Limit one of each item\n|clearpoke\n|poke|p1|Terapagos, L50, M|\n|poke|p1|Indeedee-F, L50, F|\n|poke|p1|Whimsicott, L50, F|\n|poke|p1|Urshifu-*, L50, M|\n|poke|p1|Sandy Shocks, L50|\n|poke|p1|Meowscarada, L50, M|\n|poke|p2|Calyrex-Shadow, L50|\n|poke|p2|Weezing, L50, F|\n|poke|p2|Raging Bolt, L50|\n|poke|p2|Ditto, L50|\n|poke|p2|Indeedee-F, L50, F|\n|poke|p2|Urshifu-*, L50, M|\n|teampreview|4\n|inactive|Battle timer is ON: inactive players will automatically lose when time's up. (requested by jbleacher2)\n|inactive|sdbjj has 60 seconds left.\n|j| JackyN\n|\n|t:|1719842099\n|start\n|switch|p1a: Terapagos|Terapagos, L50, M|100\/100\n|switch|p1b: Indeedee|Indeedee-F, L50, F|100\/100\n|switch|p2a: Calyrex|Calyrex-Shadow, L50|100\/100\n|switch|p2b: Indeedee|Indeedee-F, L50, F|100\/100\n|-ability|p2a: Calyrex|As One\n|-ability|p2a: Calyrex|Unnerve\n|-activate|p1a: Terapagos|ability: Tera Shift\n|detailschange|p1a: Terapagos|Terapagos-Terastal, L50, M\n|-heal|p1a: Terapagos|100\/100|[silent]\n|-fieldstart|move: Psychic Terrain|[from] ability: Psychic Surge|[of] p2b: Indeedee\n|turn|1\n|inactive|sdbjj has 30 seconds left.\n|\n|t:|1719842126\n|switch|p2b: Weezing|Weezing, L50, F, shiny|100\/100\n|-ability|p2b: Weezing|Neutralizing Gas\n|-terastallize|p2a: Calyrex|Normal\n|move|p1b: Indeedee|Helping Hand|p1a: Terapagos\n|-singleturn|p1a: Terapagos|Helping Hand|[of] p1b: Indeedee\n|move|p2a: Calyrex|Expanding Force|p1a: Terapagos|[spread] p1a,p1b\n|-resisted|p1b: Indeedee\n|-damage|p1a: Terapagos|0 fnt\n|-damage|p1b: Indeedee|44\/100\n|faint|p1a: Terapagos\n|-ability|p2a: Calyrex|Grim Neigh|boost\n|-boost|p2a: Calyrex|spa|1\n|\n|upkeep\n|\n|t:|1719842143\n|switch|p1a: Whimsicott|Whimsicott, L50, F|100\/100\n|turn|2\n|\n|t:|1719842157\n|move|p2a: Calyrex|Expanding Force|p1a: Whimsicott|[spread] p1a,p1b\n|-crit|p1a: Whimsicott\n|-resisted|p1b: Indeedee\n|-crit|p1b: Indeedee\n|-enditem|p1a: Whimsicott|Focus Sash\n|-damage|p1a: Whimsicott|1\/100\n|-damage|p1b: Indeedee|0 fnt\n|faint|p1b: Indeedee\n|-ability|p2a: Calyrex|Grim Neigh|boost\n|-boost|p2a: Calyrex|spa|1\n|move|p1a: Whimsicott|Tailwind|p1a: Whimsicott\n|-sidestart|p1: sdbjj|move: Tailwind\n|move|p2b: Weezing|Will-O-Wisp|p1a: Whimsicott|[miss]\n|-miss|p2b: Weezing|p1a: Whimsicott\n|\n|upkeep\n|j| Hydrion\n|\n|t:|1719842169\n|switch|p1b: Meowscarada|Meowscarada, L50, M|100\/100\n|turn|3\n|\n|t:|1719842184\n|switch|p2a: Indeedee|Indeedee-F, L50, F|100\/100\n|move|p1b: Meowscarada|Knock Off|p2a: Indeedee\n|-supereffective|p2a: Indeedee\n|-damage|p2a: Indeedee|0 fnt\n|-damage|p1b: Meowscarada|84\/100|[from] item: Rocky Helmet|[of] p2a: Indeedee\n|-enditem|p2a: Indeedee|Rocky Helmet|[from] move: Knock Off|[of] p1b: Meowscarada\n|faint|p2a: Indeedee\n|move|p1a: Whimsicott|Endeavor|p2b: Weezing\n|-damage|p2b: Weezing|1\/100\n|move|p2b: Weezing|Will-O-Wisp|p1b: Meowscarada|[miss]\n|-miss|p2b: Weezing|p1b: Meowscarada\n|\n|-heal|p2b: Weezing|7\/100|[from] item: Leftovers\n|upkeep\n|\n|t:|1719842203\n|switch|p2a: Urshifu|Urshifu-Rapid-Strike, L50, M|100\/100\n|turn|4\n|\n|t:|1719842218\n|-terastallize|p1b: Meowscarada|Grass\n|move|p1b: Meowscarada|Knock Off|p2a: Urshifu\n|-resisted|p2a: Urshifu\n|-damage|p2a: Urshifu|73\/100\n|-enditem|p2a: Urshifu|Choice Scarf|[from] move: Knock Off|[of] p1b: Meowscarada\n|move|p1a: Whimsicott|Dazzling Gleam|p2b: Weezing|[spread] p2a,p2b\n|-supereffective|p2a: Urshifu\n|-resisted|p2b: Weezing\n|-damage|p2a: Urshifu|10\/100\n|-damage|p2b: Weezing|0 fnt\n|faint|p2b: Weezing\n|-end|p2b: Weezing|ability: Neutralizing Gas\n|move|p2a: Urshifu|U-turn|p1b: Meowscarada\n|-supereffective|p1b: Meowscarada\n|-damage|p1b: Meowscarada|0 fnt\n|faint|p1b: Meowscarada\n|\n|t:|1719842233\n|switch|p2a: Calyrex|Calyrex-Shadow, L50, tera:Normal|100\/100|[from] U-turn\n|-ability|p2a: Calyrex|As One\n|-ability|p2a: Calyrex|Unnerve\n|\n|upkeep\n|\n|t:|1719842239\n|switch|p2b: Urshifu|Urshifu-Rapid-Strike, L50, M|10\/100\n|turn|5\n|l| Hydrion\n|\n|t:|1719842247\n|move|p1a: Whimsicott|Dazzling Gleam|p2b: Urshifu|[spread] p2a,p2b\n|-supereffective|p2b: Urshifu\n|-damage|p2a: Calyrex|76\/100\n|-damage|p2b: Urshifu|0 fnt\n|faint|p2b: Urshifu\n|move|p2a: Calyrex|Astral Barrage|p1a: Whimsicott\n|-damage|p1a: Whimsicott|0 fnt\n|faint|p1a: Whimsicott\n|\n|win|jbleacher2\n|raw|sdbjj's rating: 1696 &rarr; <strong>1678<\/strong><br \/>(-18 for losing)\n|raw|jbleacher2's rating: 1737 &rarr; <strong>1755<\/strong><br \/>(+18 for winning)\n|l|\u2606sdbjj\n|player|p1|\n|l|\u2606jbleacher2\n|player|p2|\n","uploadtime":1719842463,"views":24,"formatid":"gen9vgc2024regg","rating":1678,"private":0,"password":null}