{"id":"gen9vgc2024regg-2153383915","format":"[Gen 9] VGC 2024 Reg G","players":["jbleacher2","Sneakky"],"log":"|j|\u2606jbleacher2\n|j|\u2606Sneakky\n|t:|1719859683\n|gametype|doubles\n|player|p1|jbleacher2|266|1758\n|player|p2|Sneakky|morty|1761\n|teamsize|p1|6\n|teamsize|p2|6\n|gen|9\n|tier|[Gen 9] VGC 2024 Reg G\n|rated|\n|rule|Species Clause: Limit one of each Pok\u00e9mon\n|rule|Item Clause: Limit one of each item\n|clearpoke\n|poke|p1|Calyrex-Shadow, L50|\n|poke|p1|Weezing, L50, M|\n|poke|p1|Raging Bolt, L50|\n|poke|p1|Ditto, L50|\n|poke|p1|Indeedee-F, L50, F|\n|poke|p1|Urshifu-*, L50, F|\n|poke|p2|Farigiraf, L50, F|\n|poke|p2|Chien-Pao, L50|\n|poke|p2|Iron Hands, L50|\n|poke|p2|Araquanid, L50, M|\n|poke|p2|Miraidon, L50|\n|poke|p2|Talonflame, L50, F|\n|teampreview|4\n|inactive|Battle timer is ON: inactive players will automatically lose when time's up. (requested by jbleacher2)\n|inactive|Sneakky also wants the timer to be on.\n|inactive|Sneakky has 60 seconds left.\n|\n|t:|1719859725\n|start\n|switch|p1a: Calyrex|Calyrex-Shadow, L50|100\/100\n|switch|p1b: Indeedee|Indeedee-F, L50, F|100\/100\n|switch|p2a: Miraidon|Miraidon, L50|100\/100\n|switch|p2b: Farigiraf|Farigiraf, L50, F|100\/100\n|-ability|p1a: Calyrex|As One\n|-ability|p1a: Calyrex|Unnerve\n|-fieldstart|move: Electric Terrain|[from] ability: Hadron Engine|[of] p2a: Miraidon\n|-fieldstart|move: Psychic Terrain|[from] ability: Psychic Surge|[of] p1b: Indeedee\n|turn|1\n|inactive|jbleacher2 has 30 seconds left.\n|\n|t:|1719859750\n|-terastallize|p2a: Miraidon|Electric\n|move|p2b: Farigiraf|Helping Hand|p2a: Miraidon\n|-singleturn|p2a: Miraidon|Helping Hand|[of] p2b: Farigiraf\n|move|p1b: Indeedee|Follow Me|p1b: Indeedee\n|-singleturn|p1b: Indeedee|move: Follow Me\n|move|p2a: Miraidon|Volt Switch|p1b: Indeedee\n|-damage|p1b: Indeedee|9\/100\n|\n|t:|1719859762\n|switch|p2a: Iron Hands|Iron Hands, L50|100\/100|[from] Volt Switch\n|move|p1a: Calyrex|Expanding Force|p2a: Iron Hands|[spread] p2a,p2b\n|-supereffective|p2a: Iron Hands\n|-resisted|p2b: Farigiraf\n|-damage|p2a: Iron Hands|0 fnt\n|-damage|p2b: Farigiraf|44\/100\n|faint|p2a: Iron Hands\n|-end|p2a: Iron Hands|Quark Drive|[silent]\n|-ability|p1a: Calyrex|Grim Neigh|boost\n|-boost|p1a: Calyrex|spa|1\n|\n|upkeep\n|\n|t:|1719859769\n|switch|p2a: Miraidon|Miraidon, L50, tera:Electric|100\/100\n|-fieldstart|move: Electric Terrain|[from] ability: Hadron Engine|[of] p2a: Miraidon\n|turn|2\n|\n|t:|1719859790\n|move|p2b: Farigiraf|Helping Hand|p2a: Miraidon\n|-singleturn|p2a: Miraidon|Helping Hand|[of] p2b: Farigiraf\n|move|p1b: Indeedee|Follow Me|p1b: Indeedee\n|-singleturn|p1b: Indeedee|move: Follow Me\n|move|p2a: Miraidon|Discharge|p1b: Indeedee|[spread] p2b,p1a,p1b\n|-damage|p2b: Farigiraf|0 fnt\n|-damage|p1a: Calyrex|0 fnt\n|-damage|p1b: Indeedee|0 fnt\n|faint|p2b: Farigiraf\n|faint|p1a: Calyrex\n|faint|p1b: Indeedee\n|\n|upkeep\n|\n|t:|1719859801\n|switch|p1a: Weezing|Weezing, L50, M, shiny|100\/100\n|switch|p1b: Ditto|Ditto, L50|100\/100\n|switch|p2b: Talonflame|Talonflame, L50, F|100\/100\n|-ability|p1a: Weezing|Neutralizing Gas\n|-block|p1b: Ditto|item: Ability Shield\n|-transform|p1b: Ditto|p2a: Miraidon|[from] ability: Imposter\n|-activate|p1b: Ditto|ability: Hadron Engine\n|turn|3\n|inactive|Sneakky has 30 seconds left.\n|\n|t:|1719859829\n|-terastallize|p1a: Weezing|Grass\n|move|p1b: Ditto|Discharge|p2b: Talonflame|[spread] p1a,p2a,p2b\n|-resisted|p1a: Weezing\n|-resisted|p2a: Miraidon\n|-supereffective|p2b: Talonflame\n|-damage|p1a: Weezing|73\/100\n|-damage|p2a: Miraidon|77\/100\n|-damage|p2b: Talonflame|0 fnt\n|-status|p1a: Weezing|par\n|faint|p2b: Talonflame\n|move|p2a: Miraidon|Discharge|p1a: Weezing|[spread] p1a,p1b\n|-resisted|p1a: Weezing\n|-resisted|p1b: Ditto\n|-damage|p1a: Weezing|33\/100 par\n|-damage|p1b: Ditto|80\/100\n|cant|p1a: Weezing|par\n|\n|-heal|p1a: Weezing|39\/100 par|[from] item: Leftovers\n|upkeep\n|turn|4\n|inactive|Sneakky has 30 seconds left.\n|\n|t:|1719859862\n|move|p1a: Weezing|Protect|p1a: Weezing\n|-singleturn|p1a: Weezing|Protect\n|move|p1b: Ditto|Electro Drift|p2a: Miraidon\n|-resisted|p2a: Miraidon\n|-damage|p2a: Miraidon|36\/100\n|move|p2a: Miraidon|Discharge|p1a: Weezing|[spread] p1b\n|-activate|p1a: Weezing|move: Protect\n|-resisted|p1b: Ditto\n|-damage|p1b: Ditto|62\/100\n|\n|-heal|p1a: Weezing|45\/100 par|[from] item: Leftovers\n|upkeep\n|turn|5\n|\n|t:|1719859887\n|move|p2a: Miraidon|Discharge|p1b: Ditto|[spread] p1a,p1b\n|-resisted|p1a: Weezing\n|-resisted|p1b: Ditto\n|-damage|p1a: Weezing|6\/100 par\n|-damage|p1b: Ditto|42\/100\n|move|p1b: Ditto|Electro Drift|p2a: Miraidon\n|-resisted|p2a: Miraidon\n|-damage|p2a: Miraidon|0 fnt\n|faint|p2a: Miraidon\n|\n|win|jbleacher2\n|raw|jbleacher2's rating: 1758 &rarr; <strong>1778<\/strong><br \/>(+20 for winning)\n|raw|Sneakky's rating: 1761 &rarr; <strong>1741<\/strong><br \/>(-20 for losing)\n|l|\u2606Sneakky\n|player|p2|\n|l|\u2606jbleacher2\n|player|p1|\n","uploadtime":1719860028,"views":120,"formatid":"gen9vgc2024regg","rating":1741,"private":0,"password":null}