{"id":"gen9vgc2024regg-2153346744","format":"[Gen 9] VGC 2024 Reg G","players":["I'll Suicad you","Mehalfling"],"log":"|j|\u203dI'll Suicad you\n|j|\u2606Mehalfling\n|t:|1719855441\n|gametype|doubles\n|player|p1|I'll Suicad you|lance|1740\n|player|p2|Mehalfling|iris|1666\n|teamsize|p1|6\n|teamsize|p2|6\n|gen|9\n|tier|[Gen 9] VGC 2024 Reg G\n|rated|\n|rule|Species Clause: Limit one of each Pok\u00e9mon\n|rule|Item Clause: Limit one of each item\n|clearpoke\n|poke|p1|Gothitelle, L50, M|\n|poke|p1|Zacian-*, L50|\n|poke|p1|Tornadus, L50, M|\n|poke|p1|Regidrago, L50|\n|poke|p1|Urshifu-*, L50, M|\n|poke|p1|Chi-Yu, L50|\n|poke|p2|Kyogre, L50|\n|poke|p2|Grimmsnarl, L50, M|\n|poke|p2|Wo-Chien, L50|\n|poke|p2|Incineroar, L50, F|\n|poke|p2|Urshifu-*, L50, F|\n|poke|p2|Landorus, L50, M|\n|teampreview|4\n|inactive|Battle timer is ON: inactive players will automatically lose when time's up. (requested by I'll Suicad you)\n|\n|t:|1719855472\n|start\n|switch|p1a: Zacian|Zacian-Crowned, L50|100\/100\n|switch|p1b: Gothitelle|Gothitelle, L50, M|100\/100\n|switch|p2a: Grimmsnarl|Grimmsnarl, L50, M|100\/100\n|switch|p2b: Urshifu|Urshifu-Rapid-Strike, L50, F|100\/100\n|-ability|p1a: Zacian|Intrepid Sword|boost\n|-boost|p1a: Zacian|atk|1\n|turn|1\n|\n|t:|1719855480\n|move|p1b: Gothitelle|Fake Out|p2b: Urshifu\n|-damage|p2b: Urshifu|95\/100\n|move|p2a: Grimmsnarl|Reflect|p2a: Grimmsnarl\n|-sidestart|p2: Mehalfling|Reflect\n|cant|p2b: Urshifu|flinch\n|move|p1a: Zacian|Behemoth Blade|p2a: Grimmsnarl\n|-supereffective|p2a: Grimmsnarl\n|-damage|p2a: Grimmsnarl|0 fnt\n|faint|p2a: Grimmsnarl\n|\n|upkeep\n|\n|t:|1719855494\n|switch|p2a: Incineroar|Incineroar, L50, F|100\/100\n|-ability|p2a: Incineroar|Intimidate|boost\n|-unboost|p1a: Zacian|atk|1\n|-unboost|p1b: Gothitelle|atk|1\n|turn|2\n|\n|t:|1719855515\n|move|p2b: Urshifu|U-turn|p1b: Gothitelle\n|-supereffective|p1b: Gothitelle\n|-damage|p1b: Gothitelle|46\/100\n|-enditem|p1b: Gothitelle|Sitrus Berry|[eat]\n|-heal|p1b: Gothitelle|71\/100|[from] item: Sitrus Berry\n|\n|t:|1719855519\n|switch|p2b: Kyogre|Kyogre, L50|100\/100|[from] U-turn\n|-weather|RainDance|[from] ability: Drizzle|[of] p2b: Kyogre\n|move|p1a: Zacian|Play Rough|p2b: Kyogre|[miss]\n|-miss|p1a: Zacian|p2b: Kyogre\n|move|p2a: Incineroar|Parting Shot|p1a: Zacian\n|-unboost|p1a: Zacian|atk|1\n|-unboost|p1a: Zacian|spa|1\n|\n|t:|1719855529\n|switch|p2a: Urshifu|Urshifu-Rapid-Strike, L50, F|95\/100|[from] Parting Shot\n|move|p1b: Gothitelle|Thunder Wave|p2b: Kyogre|[miss]\n|-miss|p1b: Gothitelle|p2b: Kyogre\n|\n|-weather|RainDance|[upkeep]\n|upkeep\n|turn|3\n|\n|t:|1719855548\n|move|p2a: Urshifu|Surging Strikes|p1a: Zacian\n|-crit|p1a: Zacian\n|-damage|p1a: Zacian|72\/100\n|-crit|p1a: Zacian\n|-damage|p1a: Zacian|42\/100\n|-crit|p1a: Zacian\n|-damage|p1a: Zacian|10\/100\n|-hitcount|p1a: Zacian|3\n|move|p1a: Zacian|Play Rough|p2b: Kyogre|[miss]\n|-miss|p1a: Zacian|p2b: Kyogre\n|move|p2b: Kyogre|Water Spout|p1a: Zacian|[spread] p1a,p1b\n|-damage|p1a: Zacian|0 fnt\n|-damage|p1b: Gothitelle|2\/100\n|faint|p1a: Zacian\n|move|p1b: Gothitelle|Thunder Wave|p2b: Kyogre\n|-status|p2b: Kyogre|par\n|\n|-weather|RainDance|[upkeep]\n|upkeep\n|\n|t:|1719855558\n|switch|p1a: Tornadus|Tornadus, L50, M|100\/100\n|turn|4\n|j| CloudzGG\n|l| CloudzGG\n|j| CloudzGG\n|inactive|Mehalfling has 30 seconds left.\n|\n|t:|1719855584\n|-terastallize|p2a: Urshifu|Ghost\n|move|p1a: Tornadus|Tailwind|p1a: Tornadus\n|-sidestart|p1: I'll Suicad you|move: Tailwind\n|move|p2a: Urshifu|Surging Strikes|p1a: Tornadus\n|-crit|p1a: Tornadus\n|-damage|p1a: Tornadus|63\/100\n|-crit|p1a: Tornadus\n|-damage|p1a: Tornadus|22\/100\n|-crit|p1a: Tornadus\n|-damage|p1a: Tornadus|0 fnt\n|faint|p1a: Tornadus\n|-hitcount|p1: Tornadus|3\n|move|p1b: Gothitelle|Thunder Wave|p2a: Urshifu|[miss]\n|-miss|p1b: Gothitelle|p2a: Urshifu\n|move|p2b: Kyogre|Water Spout|p1b: Gothitelle\n|-damage|p1b: Gothitelle|0 fnt\n|faint|p1b: Gothitelle\n|\n|-weather|RainDance|[upkeep]\n|upkeep\n|\n|t:|1719855587\n|switch|p1b: Regidrago|Regidrago, L50|100\/100\n|turn|5\n|\n|t:|1719855607\n|switch|p2a: Incineroar|Incineroar, L50, F|100\/100\n|-ability|p2a: Incineroar|Intimidate|boost\n|-unboost|p1b: Regidrago|atk|1\n|-terastallize|p1b: Regidrago|Dragon\n|move|p1b: Regidrago|Dragon Energy|p2a: Incineroar|[spread] p2a,p2b\n|-damage|p2a: Incineroar|0 fnt\n|-damage|p2b: Kyogre|46\/100 par\n|faint|p2a: Incineroar\n|move|p2b: Kyogre|Ice Beam|p1b: Regidrago\n|-supereffective|p1b: Regidrago\n|-damage|p1b: Regidrago|24\/100\n|\n|-weather|RainDance|[upkeep]\n|upkeep\n|\n|t:|1719855621\n|switch|p2a: Urshifu|Urshifu-Rapid-Strike, L50, F, tera:Ghost|95\/100\n|turn|6\n|\n|t:|1719855628\n|move|p2a: Urshifu|Aqua Jet|p1b: Regidrago\n|-resisted|p1b: Regidrago\n|-damage|p1b: Regidrago|5\/100\n|move|p1b: Regidrago|Dragon Pulse|p2a: Urshifu\n|-damage|p2a: Urshifu|0 fnt\n|faint|p2a: Urshifu\n|move|p2b: Kyogre|Ice Beam|p1b: Regidrago\n|-supereffective|p1b: Regidrago\n|-damage|p1b: Regidrago|0 fnt\n|faint|p1b: Regidrago\n|\n|win|Mehalfling\n|raw|I&apos;ll Suicad you's rating: 1740 &rarr; <strong>1716<\/strong><br \/>(-24 for losing)\n|raw|Mehalfling's rating: 1666 &rarr; <strong>1690<\/strong><br \/>(+24 for winning)\n|l|\u203dI'll Suicad you\n|player|p1|\n|l|\u2606Mehalfling\n|player|p2|\n|l| CloudzGG\n","uploadtime":1719855877,"views":24,"formatid":"gen9vgc2024regg","rating":1690,"private":0,"password":null}