{"id":"gen9vgc2024regg-2153431499","format":"[Gen 9] VGC 2024 Reg G","players":["FlyAwayFr","ElektrikToad"],"log":"|j|\u2606FlyAwayFr\n|j|\u2606ElektrikToad\n|t:|1719865041\n|gametype|doubles\n|player|p1|FlyAwayFr|blue-masters2|1690\n|player|p2|ElektrikToad|janine|1712\n|teamsize|p1|6\n|teamsize|p2|6\n|gen|9\n|tier|[Gen 9] VGC 2024 Reg G\n|rated|\n|rule|Species Clause: Limit one of each Pok\u00e9mon\n|rule|Item Clause: Limit one of each item\n|clearpoke\n|poke|p1|Calyrex-Ice, L50|\n|poke|p1|Incineroar, L50, F|\n|poke|p1|Rillaboom, L50, F|\n|poke|p1|Urshifu-*, L50, F|\n|poke|p1|Pelipper, L50, F|\n|poke|p1|Raging Bolt, L50|\n|poke|p2|Calyrex-Ice, L50|\n|poke|p2|Trapinch, L50, M|\n|poke|p2|Annihilape, L50, F|\n|poke|p2|Pelipper, L50, M|\n|poke|p2|Jigglypuff, L50, F|\n|poke|p2|Kommo-o, L50, F|\n|teampreview|4\n|inactive|Battle timer is ON: inactive players will automatically lose when time's up. (requested by FlyAwayFr)\n|j| caiogri\n|inactive|FlyAwayFr has 60 seconds left.\n|inactive|ElektrikToad has 60 seconds left.\n|\n|t:|1719865075\n|start\n|switch|p1a: Calyrex|Calyrex-Ice, L50|100\/100\n|switch|p1b: Pelipper|Pelipper, L50, F|100\/100\n|switch|p2a: Annihilape|Annihilape, L50, F|100\/100\n|switch|p2b: Calyrex|Calyrex-Ice, L50|100\/100\n|-ability|p2b: Calyrex|As One\n|-ability|p2b: Calyrex|Unnerve\n|-ability|p1a: Calyrex|As One\n|-ability|p1a: Calyrex|Unnerve\n|-weather|RainDance|[from] ability: Drizzle|[of] p1b: Pelipper\n|turn|1\n|j| Boobookittyfjord\n|\n|t:|1719865097\n|move|p2b: Calyrex|Protect|p2b: Calyrex\n|-singleturn|p2b: Calyrex|Protect\n|move|p1a: Calyrex|Protect|p1a: Calyrex\n|-singleturn|p1a: Calyrex|Protect\n|move|p2a: Annihilape|Coaching|p2b: Calyrex\n|-boost|p2b: Calyrex|atk|1\n|-boost|p2b: Calyrex|def|1\n|move|p1b: Pelipper|Weather Ball|p2a: Annihilape\n|-damage|p2a: Annihilape|48\/100\n|\n|-weather|RainDance|[upkeep]\n|upkeep\n|turn|2\n|\n|t:|1719865113\n|move|p2a: Annihilape|Coaching|p2b: Calyrex\n|-boost|p2b: Calyrex|atk|1\n|-boost|p2b: Calyrex|def|1\n|move|p1b: Pelipper|Weather Ball|p2b: Calyrex\n|-damage|p2b: Calyrex|56\/100\n|move|p2b: Calyrex|Seed Bomb|p1b: Pelipper\n|-damage|p1b: Pelipper|1\/100\n|move|p1a: Calyrex|Glacial Lance|p2b: Calyrex|[spread] p2a,p2b\n|-resisted|p2b: Calyrex\n|-damage|p2a: Annihilape|0 fnt\n|-damage|p2b: Calyrex|46\/100\n|faint|p2a: Annihilape\n|-ability|p1a: Calyrex|Chilling Neigh|boost\n|-boost|p1a: Calyrex|atk|1\n|\n|-weather|RainDance|[upkeep]\n|upkeep\n|\n|t:|1719865119\n|switch|p2a: Trapinch|Trapinch, L50, M|100\/100\n|turn|3\n|\n|t:|1719865130\n|move|p2a: Trapinch|Feint|p1b: Pelipper\n|-crit|p1b: Pelipper\n|-damage|p1b: Pelipper|0 fnt\n|faint|p1b: Pelipper\n|move|p1a: Calyrex|Glacial Lance|p2a: Trapinch|[spread] p2a,p2b\n|-supereffective|p2a: Trapinch\n|-resisted|p2b: Calyrex\n|-enditem|p2a: Trapinch|Focus Sash\n|-damage|p2a: Trapinch|1\/100\n|-damage|p2b: Calyrex|32\/100\n|move|p2b: Calyrex|Trick Room|p2b: Calyrex\n|-fieldstart|move: Trick Room|[of] p2b: Calyrex\n|\n|-weather|RainDance|[upkeep]\n|upkeep\n|\n|t:|1719865143\n|switch|p1b: Raging Bolt|Raging Bolt, L50|100\/100\n|-enditem|p1b: Raging Bolt|Booster Energy\n|-activate|p1b: Raging Bolt|ability: Protosynthesis|[fromitem]\n|-start|p1b: Raging Bolt|protosynthesisspa\n|turn|4\n|inactive|ElektrikToad has 30 seconds left.\n|\n|t:|1719865174\n|-terastallize|p2a: Trapinch|Ground\n|move|p2b: Calyrex|Protect|p2b: Calyrex\n|-singleturn|p2b: Calyrex|Protect\n|move|p1b: Raging Bolt|Protect|p1b: Raging Bolt\n|-singleturn|p1b: Raging Bolt|Protect\n|move|p2a: Trapinch|Earthquake|p1a: Calyrex|[spread] p1a\n|-activate|p2b: Calyrex|move: Protect\n|-activate|p1b: Raging Bolt|move: Protect\n|-damage|p1a: Calyrex|72\/100\n|move|p1a: Calyrex|Glacial Lance|p2b: Calyrex|[spread] p2a\n|-activate|p2b: Calyrex|move: Protect\n|-supereffective|p2a: Trapinch\n|-damage|p2a: Trapinch|0 fnt\n|faint|p2a: Trapinch\n|-ability|p1a: Calyrex|Chilling Neigh|boost\n|-boost|p1a: Calyrex|atk|1\n|\n|-weather|RainDance|[upkeep]\n|upkeep\n|\n|t:|1719865180\n|switch|p2a: Pelipper|Pelipper, L50, M|100\/100\n|turn|5\n|inactive|FlyAwayFr has 30 seconds left.\n|\n|t:|1719865207\n|move|p2a: Pelipper|Wide Guard|p2a: Pelipper\n|-singleturn|p2a: Pelipper|Wide Guard\n|move|p1b: Raging Bolt|Thunderclap|p2b: Calyrex\n|-damage|p2b: Calyrex|0 fnt\n|faint|p2b: Calyrex\n|move|p1a: Calyrex|High Horsepower|p2a: Pelipper\n|-immune|p2a: Pelipper\n|\n|-weather|none\n|upkeep\n|turn|6\n|-message|ElektrikToad forfeited.\n|\n|win|FlyAwayFr\n|raw|FlyAwayFr's rating: 1690 &rarr; <strong>1711<\/strong><br \/>(+21 for winning)\n|raw|ElektrikToad's rating: 1712 &rarr; <strong>1691<\/strong><br \/>(-21 for losing)\n|l|\u2606ElektrikToad\n|player|p2|\n|l|\u2606FlyAwayFr\n|player|p1|\n|l| Boobookittyfjord\n|l| caiogri\n","uploadtime":1719865213,"views":35,"formatid":"gen9vgc2024regg","rating":1691,"private":0,"password":null}