{"id":"gen9vgc2024regg-2153058325","format":"[Gen 9] VGC 2024 Reg G","players":["Gizmocloset","ruddyreboot"],"log":"|j|\u2606Gizmocloset\n|j|\u2606ruddyreboot\n|t:|1719808039\n|gametype|doubles\n|player|p1|Gizmocloset|magmasuit|1709\n|player|p2|ruddyreboot|peony|1682\n|teamsize|p1|6\n|teamsize|p2|6\n|gen|9\n|tier|[Gen 9] VGC 2024 Reg G\n|rated|\n|rule|Species Clause: Limit one of each Pok\u00e9mon\n|rule|Item Clause: Limit one of each item\n|clearpoke\n|poke|p1|Kyogre, L50|\n|poke|p1|Urshifu-*, L50, M|\n|poke|p1|Tsareena, L50, F|\n|poke|p1|Chien-Pao, L50|\n|poke|p1|Ditto, L50|\n|poke|p1|Tornadus, L50, M|\n|poke|p2|Calyrex-Ice, L50|\n|poke|p2|Farigiraf, L50, F|\n|poke|p2|Dondozo, L50, M|\n|poke|p2|Tatsugiri-Droopy, L50, F|\n|poke|p2|Ursaluna-Bloodmoon, L50, M|\n|poke|p2|Smeargle, L50, F|\n|teampreview|4\n|inactive|Battle timer is ON: inactive players will automatically lose when time's up. (requested by ruddyreboot)\n|inactive|Gizmocloset also wants the timer to be on.\n|\n|t:|1719808058\n|start\n|switch|p1a: Tsareena|Tsareena, L50, F, shiny|100\/100\n|switch|p1b: Kyogre|Kyogre, L50, shiny|100\/100\n|switch|p2a: Dondozo|Dondozo, L50, M|100\/100\n|switch|p2b: Smeargle|Smeargle, L50, F, shiny|100\/100\n|-weather|RainDance|[from] ability: Drizzle|[of] p1b: Kyogre\n|turn|1\n|\n|t:|1719808071\n|-terastallize|p1b: Kyogre|Grass\n|move|p2a: Dondozo|Protect|p2a: Dondozo\n|-singleturn|p2a: Dondozo|Protect\n|move|p1b: Kyogre|Water Spout|p2a: Dondozo|[spread] p2b\n|-activate|p2a: Dondozo|move: Protect\n|-enditem|p2b: Smeargle|Focus Sash\n|-damage|p2b: Smeargle|1\/100\n|move|p1a: Tsareena|Power Whip|p2a: Dondozo\n|-activate|p2a: Dondozo|move: Protect\n|move|p2b: Smeargle|Decorate|p2a: Dondozo\n|-boost|p2a: Dondozo|atk|2\n|-boost|p2a: Dondozo|spa|2\n|\n|-weather|RainDance|[upkeep]\n|upkeep\n|turn|2\n|inactive|Gizmocloset has 30 seconds left.\n|\n|t:|1719808097\n|switch|p2b: Tatsugiri|Tatsugiri-Droopy, L50, F, shiny|100\/100\n|-activate|p2b: Tatsugiri|ability: Commander|[of] p2a: Dondozo\n|-boost|p2a: Dondozo|atk|2\n|-boost|p2a: Dondozo|spa|2\n|-boost|p2a: Dondozo|spe|2\n|-boost|p2a: Dondozo|def|2\n|-boost|p2a: Dondozo|spd|2\n|-terastallize|p2a: Dondozo|Grass\n|move|p1b: Kyogre|Protect|p1b: Kyogre\n|-singleturn|p1b: Kyogre|Protect\n|move|p2a: Dondozo|Order Up|p1a: Tsareena\n|-damage|p1a: Tsareena|34\/100\n|-boost|p2a: Dondozo|def|1\n|move|p1a: Tsareena|Power Whip|p2a: Dondozo\n|-resisted|p2a: Dondozo\n|-damage|p2a: Dondozo|93\/100\n|\n|-weather|RainDance|[upkeep]\n|-heal|p2a: Dondozo|99\/100|[from] item: Leftovers\n|upkeep\n|turn|3\n|\n|t:|1719808116\n|move|p2a: Dondozo|Earthquake|p1a: Tsareena|[spread] p1a,p1b\n|-miss|p2a: Dondozo|p2b: Tatsugiri\n|-resisted|p1a: Tsareena\n|-resisted|p1b: Kyogre\n|-damage|p1a: Tsareena|3\/100\n|-damage|p1b: Kyogre|73\/100\n|move|p1b: Kyogre|Ice Beam|p2a: Dondozo\n|-supereffective|p2a: Dondozo\n|-damage|p2a: Dondozo|66\/100\n|move|p1a: Tsareena|Triple Axel|p2a: Dondozo\n|-supereffective|p2a: Dondozo\n|-damage|p2a: Dondozo|62\/100\n|-supereffective|p2a: Dondozo\n|-damage|p2a: Dondozo|55\/100\n|-supereffective|p2a: Dondozo\n|-damage|p2a: Dondozo|43\/100\n|-hitcount|p2a: Dondozo|3\n|\n|-weather|RainDance|[upkeep]\n|-heal|p2a: Dondozo|49\/100|[from] item: Leftovers\n|upkeep\n|turn|4\n|inactive|Gizmocloset has 30 seconds left.\n|\n|t:|1719808148\n|switch|p1b: Ditto|Ditto, L50|100\/100\n|-transform|p1b: Ditto|p2a: Dondozo|[from] ability: Imposter\n|move|p2a: Dondozo|Order Up|p1b: Ditto\n|-damage|p1b: Ditto|79\/100\n|-boost|p2a: Dondozo|def|1\n|move|p1a: Tsareena|Triple Axel|p2a: Dondozo\n|-supereffective|p2a: Dondozo\n|-damage|p2a: Dondozo|45\/100\n|-supereffective|p2a: Dondozo\n|-damage|p2a: Dondozo|39\/100\n|-supereffective|p2a: Dondozo\n|-damage|p2a: Dondozo|29\/100\n|-hitcount|p2a: Dondozo|3\n|\n|-weather|RainDance|[upkeep]\n|-heal|p2a: Dondozo|35\/100|[from] item: Leftovers\n|upkeep\n|-start|p1b: Ditto|typechange|Water|[silent]\n|turn|5\n|\n|t:|1719808169\n|move|p1a: Tsareena|Protect|p1a: Tsareena\n|-singleturn|p1a: Tsareena|Protect\n|move|p2a: Dondozo|Earthquake|p1b: Ditto|[spread] p1b\n|-miss|p2a: Dondozo|p2b: Tatsugiri\n|-activate|p1a: Tsareena|move: Protect\n|-damage|p1b: Ditto|58\/100\n|move|p1b: Ditto|Order Up|p2a: Dondozo\n|-damage|p2a: Dondozo|23\/100\n|\n|-weather|none\n|-heal|p2a: Dondozo|29\/100|[from] item: Leftovers\n|upkeep\n|turn|6\n|\n|t:|1719808185\n|move|p2a: Dondozo|Protect|p2a: Dondozo\n|-singleturn|p2a: Dondozo|Protect\n|move|p1b: Ditto|Order Up|p2a: Dondozo\n|-activate|p2a: Dondozo|move: Protect\n|move|p1a: Tsareena|Triple Axel|p2a: Dondozo\n|-activate|p2a: Dondozo|move: Protect\n|\n|-heal|p2a: Dondozo|35\/100|[from] item: Leftovers\n|upkeep\n|turn|7\n|\n|t:|1719808195\n|move|p2a: Dondozo|Earthquake|p1b: Ditto|[spread] p1a,p1b\n|-miss|p2a: Dondozo|p2b: Tatsugiri\n|-resisted|p1a: Tsareena\n|-damage|p1a: Tsareena|0 fnt\n|-damage|p1b: Ditto|39\/100\n|faint|p1a: Tsareena\n|move|p1b: Ditto|Order Up|p2a: Dondozo\n|-damage|p2a: Dondozo|22\/100\n|\n|-heal|p2a: Dondozo|28\/100|[from] item: Leftovers\n|upkeep\n|\n|t:|1719808201\n|switch|p1a: Chien-Pao|Chien-Pao, L50|100\/100\n|-ability|p1a: Chien-Pao|Sword of Ruin\n|turn|8\n|\n|t:|1719808218\n|move|p2a: Dondozo|Protect|p2a: Dondozo\n|-singleturn|p2a: Dondozo|Protect\n|move|p1a: Chien-Pao|Ice Spinner|p2a: Dondozo\n|-activate|p2a: Dondozo|move: Protect\n|move|p1b: Ditto|Order Up|p2a: Dondozo\n|-activate|p2a: Dondozo|move: Protect\n|\n|-heal|p2a: Dondozo|34\/100|[from] item: Leftovers\n|upkeep\n|turn|9\n|l|\u2606Gizmocloset\n|inactive|Gizmocloset disconnected and has a minute to reconnect!\n|player|p1|\n|j|\u2606Gizmocloset\n|inactive|Gizmocloset reconnected and has 45 seconds left.\n|player|p1|Gizmocloset|magmasuit|\n|\n|t:|1719808234\n|move|p1a: Chien-Pao|Ice Spinner|p2a: Dondozo\n|-supereffective|p2a: Dondozo\n|-damage|p2a: Dondozo|10\/100\n|move|p2a: Dondozo|Earthquake|p1a: Chien-Pao|[spread] p1a,p1b\n|-miss|p2a: Dondozo|p2b: Tatsugiri\n|-damage|p1a: Chien-Pao|20\/100\n|-damage|p1b: Ditto|11\/100\n|move|p1b: Ditto|Order Up|p2a: Dondozo\n|-damage|p2a: Dondozo|0 fnt\n|faint|p2a: Dondozo\n|\n|upkeep\n|\n|t:|1719808243\n|switch|p2a: Calyrex|Calyrex-Ice, L50|100\/100\n|-ability|p2a: Calyrex|As One\n|-ability|p2a: Calyrex|Unnerve\n|turn|10\n|inactive|Gizmocloset has 30 seconds left.\n|\n|t:|1719808269\n|move|p2b: Tatsugiri|Draco Meteor|p1a: Chien-Pao|[miss]\n|-miss|p2b: Tatsugiri|p1a: Chien-Pao\n|move|p1a: Chien-Pao|Ice Spinner|p2b: Tatsugiri\n|-damage|p2b: Tatsugiri|0 fnt\n|faint|p2b: Tatsugiri\n|move|p1b: Ditto|Body Press|p2a: Calyrex\n|-damage|p2a: Calyrex|56\/100\n|move|p2a: Calyrex|Trick Room|p2a: Calyrex\n|-fieldstart|move: Trick Room|[of] p2a: Calyrex\n|\n|upkeep\n|\n|t:|1719808272\n|switch|p2b: Smeargle|Smeargle, L50, F, shiny|1\/100\n|turn|11\n|\n|t:|1719808288\n|move|p1b: Ditto|Protect|p1b: Ditto\n|-singleturn|p1b: Ditto|Protect\n|move|p1a: Chien-Pao|Protect|p1a: Chien-Pao\n|-singleturn|p1a: Chien-Pao|Protect\n|move|p2b: Smeargle|Fake Out|p1b: Ditto\n|-activate|p1b: Ditto|move: Protect\n|move|p2a: Calyrex|Glacial Lance|p1a: Chien-Pao|[spread] \n|-activate|p1a: Chien-Pao|move: Protect\n|-activate|p1b: Ditto|move: Protect\n|\n|upkeep\n|turn|12\n|\n|t:|1719808299\n|move|p2b: Smeargle|Follow Me|p2b: Smeargle\n|-singleturn|p2b: Smeargle|move: Follow Me\n|move|p1a: Chien-Pao|Sucker Punch||[still]\n|-fail|p1a: Chien-Pao\n|move|p2a: Calyrex|Glacial Lance|p1a: Chien-Pao|[spread] p1a,p1b\n|-resisted|p1a: Chien-Pao\n|-resisted|p1b: Ditto\n|-damage|p1a: Chien-Pao|0 fnt\n|-damage|p1b: Ditto|0 fnt\n|faint|p1a: Chien-Pao\n|faint|p1b: Ditto\n|-ability|p2a: Calyrex|Chilling Neigh|boost\n|-boost|p2a: Calyrex|atk|2\n|\n|upkeep\n|\n|t:|1719808302\n|switch|p1b: Kyogre|Kyogre, L50, shiny, tera:Grass|73\/100\n|-weather|RainDance|[from] ability: Drizzle|[of] p1b: Kyogre\n|turn|13\n|\n|t:|1719808308\n|move|p1b: Kyogre|Protect|p1b: Kyogre\n|-singleturn|p1b: Kyogre|Protect\n|move|p2b: Smeargle|Decorate|p2a: Calyrex\n|-boost|p2a: Calyrex|atk|2\n|-boost|p2a: Calyrex|spa|2\n|move|p2a: Calyrex|Glacial Lance|p1b: Kyogre\n|-activate|p1b: Kyogre|move: Protect\n|\n|-weather|RainDance|[upkeep]\n|upkeep\n|turn|14\n|\n|t:|1719808316\n|move|p1b: Kyogre|Protect||[still]\n|-fail|p1b: Kyogre\n|move|p2b: Smeargle|Decorate|p2a: Calyrex\n|-boost|p2a: Calyrex|atk|2\n|-boost|p2a: Calyrex|spa|2\n|move|p2a: Calyrex|Glacial Lance|p1b: Kyogre\n|-supereffective|p1b: Kyogre\n|-damage|p1b: Kyogre|0 fnt\n|faint|p1b: Kyogre\n|\n|win|ruddyreboot\n|raw|Gizmocloset's rating: 1709 &rarr; <strong>1687<\/strong><br \/>(-22 for losing)\n|raw|ruddyreboot's rating: 1682 &rarr; <strong>1704<\/strong><br \/>(+22 for winning)\n|l|\u2606ruddyreboot\n|player|p2|\n|l|\u2606Gizmocloset\n|player|p1|\n","uploadtime":1719808519,"views":27,"formatid":"gen9vgc2024regg","rating":1687,"private":0,"password":null}