{"id":"gen9vgc2024regg-2154161095","format":"[Gen 9] VGC 2024 Reg G","players":["Tempest brute","elektriktoad"],"log":"|j|\u2606Tempest brute\n|j|\u2606elektriktoad\n|t:|1719967137\n|gametype|doubles\n|player|p1|Tempest brute|veteran|1734\n|player|p2|elektriktoad|janine|1759\n|teamsize|p1|6\n|teamsize|p2|6\n|gen|9\n|tier|[Gen 9] VGC 2024 Reg G\n|rated|\n|rule|Species Clause: Limit one of each Pok\u00e9mon\n|rule|Item Clause: Limit one of each item\n|clearpoke\n|poke|p1|Lunala, L50|\n|poke|p1|Roaring Moon, L50|\n|poke|p1|Entei, L50|\n|poke|p1|Ogerpon-Wellspring, L50, F|\n|poke|p1|Iron Hands, L50|\n|poke|p1|Ursaluna-Bloodmoon, L50, M|\n|poke|p2|Calyrex-Ice, L50|\n|poke|p2|Trapinch, L50, M|\n|poke|p2|Annihilape, L50, M|\n|poke|p2|Pelipper, L50, M|\n|poke|p2|Jigglypuff, L50, M|\n|poke|p2|Scizor, L50, M|\n|teampreview|4\n|\n|t:|1719967181\n|start\n|switch|p1a: Lunala|Lunala, L50|100\/100\n|switch|p1b: Iron Hands|Iron Hands, L50|100\/100\n|switch|p2a: Annihilape|Annihilape, L50, M|100\/100\n|switch|p2b: Calyrex|Calyrex-Ice, L50|100\/100\n|-ability|p2b: Calyrex|As One\n|-ability|p2b: Calyrex|Unnerve\n|turn|1\n|\n|t:|1719967239\n|-terastallize|p2b: Calyrex|Grass\n|move|p2a: Annihilape|Final Gambit|p1b: Iron Hands\n|-damage|p1b: Iron Hands|14\/100\n|faint|p2a: Annihilape\n|move|p1a: Lunala|Will-O-Wisp|p2b: Calyrex\n|-status|p2b: Calyrex|brn\n|move|p1b: Iron Hands|Whirlwind|p2b: Calyrex\n|drag|p2b: Pelipper|Pelipper, L50, M|100\/100\n|-weather|RainDance|[from] ability: Drizzle|[of] p2b: Pelipper\n|-enditem|p1b: Iron Hands|Iapapa Berry|[eat]\n|-heal|p1b: Iron Hands|47\/100|[from] item: Iapapa Berry\n|\n|-weather|RainDance|[upkeep]\n|upkeep\n|j| 21shark\n|\n|t:|1719967266\n|switch|p2a: Calyrex|Calyrex-Ice, L50, tera:Grass|100\/100 brn\n|-ability|p2a: Calyrex|As One\n|-ability|p2a: Calyrex|Unnerve\n|turn|2\n|\n|t:|1719967292\n|move|p1a: Lunala|Moongeist Beam|p2b: Pelipper\n|-damage|p2b: Pelipper|41\/100\n|move|p1b: Iron Hands|Drain Punch|p2a: Calyrex\n|-damage|p2a: Calyrex|77\/100 brn\n|-heal|p1b: Iron Hands|57\/100|[from] drain|[of] p2a: Calyrex\n|move|p2b: Pelipper|Weather Ball|p1b: Iron Hands\n|-damage|p1b: Iron Hands|9\/100\n|move|p2a: Calyrex|Trick Room|p2a: Calyrex\n|-fieldstart|move: Trick Room|[of] p2a: Calyrex\n|\n|-weather|RainDance|[upkeep]\n|-damage|p2a: Calyrex|72\/100 brn|[from] brn\n|upkeep\n|turn|3\n|\n|t:|1719967312\n|-end|p1b: Iron Hands|Quark Drive|[silent]\n|switch|p1b: Entei|Entei, L50|100\/100\n|move|p2a: Calyrex|Glacial Lance|p1b: Entei|[spread] p1a,p1b\n|-resisted|p1b: Entei\n|-damage|p1a: Lunala|89\/100\n|-damage|p1b: Entei|86\/100\n|move|p2b: Pelipper|Weather Ball|p1b: Entei\n|-supereffective|p1b: Entei\n|-damage|p1b: Entei|7\/100\n|move|p1a: Lunala|Moongeist Beam|p2b: Pelipper\n|-damage|p2b: Pelipper|0 fnt\n|faint|p2b: Pelipper\n|\n|-weather|RainDance|[upkeep]\n|-heal|p1a: Lunala|96\/100|[from] item: Leftovers\n|-damage|p2a: Calyrex|66\/100 brn|[from] brn\n|upkeep\n|\n|t:|1719967321\n|switch|p2b: Jigglypuff|Jigglypuff, L50, M|100\/100\n|turn|4\n|j| BellmanTGM\n|\n|t:|1719967348\n|switch|p1b: Ogerpon|Ogerpon-Wellspring, L50, F|100\/100\n|-terastallize|p1a: Lunala|Water\n|move|p2b: Jigglypuff|Knock Off|p1b: Ogerpon\n|-damage|p1b: Ogerpon|91\/100\n|move|p2a: Calyrex|Seed Bomb|p1a: Lunala\n|-supereffective|p1a: Lunala\n|-damage|p1a: Lunala|57\/100\n|move|p1a: Lunala|Will-O-Wisp|p2b: Jigglypuff\n|-status|p2b: Jigglypuff|brn\n|\n|-weather|RainDance|[upkeep]\n|-heal|p1a: Lunala|64\/100|[from] item: Leftovers\n|-damage|p2b: Jigglypuff|95\/100 brn|[from] brn\n|-damage|p2a: Calyrex|60\/100 brn|[from] brn\n|upkeep\n|turn|5\n|\n|t:|1719967385\n|move|p1a: Lunala|Protect|p1a: Lunala\n|-singleturn|p1a: Lunala|Protect\n|move|p1b: Ogerpon|Spiky Shield|p1b: Ogerpon\n|-singleturn|p1b: Ogerpon|move: Protect\n|move|p2b: Jigglypuff|Heal Pulse|p2a: Calyrex\n|-heal|p2a: Calyrex|100\/100 brn\n|move|p2a: Calyrex|Seed Bomb|p1a: Lunala\n|-activate|p1a: Lunala|move: Protect\n|\n|-weather|none\n|-heal|p1a: Lunala|70\/100|[from] item: Leftovers\n|-damage|p2b: Jigglypuff|89\/100 brn|[from] brn\n|-damage|p2a: Calyrex|95\/100 brn|[from] brn\n|upkeep\n|turn|6\n|\n|t:|1719967435\n|move|p2b: Jigglypuff|Knock Off|p1a: Lunala\n|-damage|p1a: Lunala|65\/100\n|-enditem|p1a: Lunala|Leftovers|[from] move: Knock Off|[of] p2b: Jigglypuff\n|move|p2a: Calyrex|Seed Bomb|p1a: Lunala\n|-supereffective|p1a: Lunala\n|-crit|p1a: Lunala\n|-damage|p1a: Lunala|6\/100\n|move|p1a: Lunala|Moonlight|p1a: Lunala\n|-heal|p1a: Lunala|56\/100\n|move|p1b: Ogerpon|Ivy Cudgel|p2b: Jigglypuff|[anim] Ivy Cudgel Water\n|-damage|p2b: Jigglypuff|37\/100 brn\n|\n|-damage|p2b: Jigglypuff|31\/100 brn|[from] brn\n|-damage|p2a: Calyrex|89\/100 brn|[from] brn\n|-fieldend|move: Trick Room\n|upkeep\n|turn|7\n|j| Auryz\n|\n|t:|1719967465\n|move|p2b: Jigglypuff|Protect|p2b: Jigglypuff\n|-singleturn|p2b: Jigglypuff|Protect\n|move|p1b: Ogerpon|Ivy Cudgel|p2b: Jigglypuff|[anim] Ivy Cudgel Water\n|-activate|p2b: Jigglypuff|move: Protect\n|move|p1a: Lunala|Moonlight|p1a: Lunala\n|-heal|p1a: Lunala|100\/100\n|move|p2a: Calyrex|Seed Bomb|p1a: Lunala\n|-supereffective|p1a: Lunala\n|-damage|p1a: Lunala|81\/100\n|\n|-damage|p2a: Calyrex|83\/100 brn|[from] brn\n|-damage|p2b: Jigglypuff|25\/100 brn|[from] brn\n|upkeep\n|turn|8\n|-message|elektriktoad forfeited.\n|\n|win|Tempest brute\n|raw|Tempest brute's rating: 1734 &rarr; <strong>1756<\/strong><br \/>(+22 for winning)\n|raw|elektriktoad's rating: 1774 &rarr; <strong>1752<\/strong><br \/>(-22 for losing)\n|l|\u2606elektriktoad\n|player|p2|\n|l| Auryz\n|l|\u2606Tempest brute\n|player|p1|\n|l| BellmanTGM\n","uploadtime":1719967641,"views":100,"formatid":"gen9vgc2024regg","rating":1752,"private":0,"password":null}