{"id":"gen9vgc2024regg-2154789607","format":"[Gen 9] VGC 2024 Reg G","players":["toalhadebumbum","SubToPenglin"],"log":"|j|\u2606toalhadebumbum\n|j|\u2606SubToPenglin\n|t:|1720057261\n|gametype|doubles\n|player|p1|toalhadebumbum|tate|1692\n|player|p2|SubToPenglin|dawn-gen4pt|1771\n|teamsize|p1|6\n|teamsize|p2|6\n|gen|9\n|tier|[Gen 9] VGC 2024 Reg G\n|rated|\n|rule|Species Clause: Limit one of each Pok\u00e9mon\n|rule|Item Clause: Limit one of each item\n|clearpoke\n|poke|p1|Ogerpon-Cornerstone, L50, F|\n|poke|p1|Indeedee-F, L50, F|\n|poke|p1|Calyrex-Shadow, L50|\n|poke|p1|Urshifu-*, L50, M|\n|poke|p1|Chi-Yu, L50|\n|poke|p1|Tornadus, L50, M|\n|poke|p2|Comfey, L50, F|\n|poke|p2|Terapagos, L50, M|\n|poke|p2|Tornadus, L50, M|\n|poke|p2|Araquanid, L50, F|\n|poke|p2|Ogerpon-Cornerstone, L50, F|\n|poke|p2|Magmar, L50, F|\n|teampreview|4\n|inactive|Battle timer is ON: inactive players will automatically lose when time's up. (requested by SubToPenglin)\n|inactive|toalhadebumbum has 60 seconds left.\n|inactive|toalhadebumbum has 30 seconds left.\n|inactive|toalhadebumbum has 20 seconds left.\n|\n|t:|1720057333\n|start\n|switch|p1a: Tornadus|Tornadus, L50, M|100\/100\n|switch|p1b: Chi-Yu|Chi-Yu, L50|100\/100\n|switch|p2a: Terapagos|Terapagos, L50, M|100\/100\n|switch|p2b: Tornadus|Tornadus, L50, M|100\/100\n|-activate|p2a: Terapagos|ability: Tera Shift\n|detailschange|p2a: Terapagos|Terapagos-Terastal, L50, M\n|-heal|p2a: Terapagos|100\/100|[silent]\n|-ability|p1b: Chi-Yu|Beads of Ruin\n|turn|1\n|\n|t:|1720057343\n|move|p2b: Tornadus|Taunt|p1a: Tornadus\n|-start|p1a: Tornadus|move: Taunt\n|-enditem|p1a: Tornadus|Mental Herb\n|-end|p1a: Tornadus|move: Taunt\n|move|p1a: Tornadus|Taunt|p2a: Terapagos\n|-start|p2a: Terapagos|move: Taunt\n|move|p1b: Chi-Yu|Snarl|p2a: Terapagos|[spread] p2a,p2b\n|-activate|p2a: Terapagos|ability: Tera Shell\n|-resisted|p2a: Terapagos\n|-damage|p2a: Terapagos|87\/100\n|-damage|p2b: Tornadus|57\/100\n|cant|p2a: Terapagos|move: Taunt|Calm Mind\n|\n|upkeep\n|turn|2\n|\n|t:|1720057364\n|-terastallize|p2a: Terapagos|Stellar\n|detailschange|p2a: Terapagos|Terapagos-Stellar, L50, M, tera:Stellar\n|-heal|p2a: Terapagos|90\/100|[silent]\n|move|p2b: Tornadus|Taunt|p1a: Tornadus\n|-start|p1a: Tornadus|move: Taunt\n|move|p1a: Tornadus|Bleakwind Storm|p2b: Tornadus|[spread] p2a,p2b\n|-damage|p2a: Terapagos|65\/100\n|-damage|p2b: Tornadus|2\/100\n|move|p1b: Chi-Yu|Dark Pulse|p2a: Terapagos\n|-damage|p2a: Terapagos|26\/100\n|move|p2a: Terapagos|Tera Starstorm|p1a: Tornadus|[spread] p1a,p1b\n|-damage|p1a: Tornadus|48\/100\n|-damage|p1b: Chi-Yu|67\/100\n|\n|upkeep\n|turn|3\n|j| BlindMagneton\n|inactive|toalhadebumbum has 30 seconds left.\n|inactive|SubToPenglin has 30 seconds left.\n|\n|t:|1720057393\n|switch|p1a: Calyrex|Calyrex-Shadow, L50|100\/100\n|-ability|p1a: Calyrex|As One\n|-ability|p1a: Calyrex|Unnerve\n|move|p2b: Tornadus|Tailwind|p2b: Tornadus\n|-sidestart|p2: SubToPenglin|move: Tailwind\n|move|p2a: Terapagos|Earth Power|p1b: Chi-Yu\n|-supereffective|p1b: Chi-Yu\n|-damage|p1b: Chi-Yu|0 fnt\n|faint|p1b: Chi-Yu\n|\n|-end|p2a: Terapagos|move: Taunt\n|upkeep\n|\n|t:|1720057414\n|switch|p1b: Tornadus|Tornadus, L50, M|48\/100\n|turn|4\n|\n|t:|1720057427\n|-terastallize|p1b: Tornadus|Dark\n|move|p2b: Tornadus|Taunt|p1b: Tornadus\n|-hint|Since gen 7, Dark is immune to Prankster moves.\n|-immune|p1b: Tornadus\n|move|p1b: Tornadus|Tailwind|p1b: Tornadus\n|-sidestart|p1: toalhadebumbum|move: Tailwind\n|move|p1a: Calyrex|Psychic|p2a: Terapagos\n|-damage|p2a: Terapagos|0 fnt\n|faint|p2a: Terapagos\n|-ability|p1a: Calyrex|Grim Neigh|boost\n|-boost|p1a: Calyrex|spa|1\n|-damage|p1a: Calyrex|91\/100|[from] item: Life Orb\n|\n|upkeep\n|\n|t:|1720057442\n|switch|p2a: Comfey|Comfey, L50, F, shiny|100\/100\n|turn|5\n|\n|t:|1720057448\n|move|p1b: Tornadus|Protect|p1b: Tornadus\n|-singleturn|p1b: Tornadus|Protect\n|move|p2a: Comfey|Draining Kiss|p1b: Tornadus\n|-activate|p1b: Tornadus|move: Protect\n|move|p1a: Calyrex|Astral Barrage|p2b: Tornadus|[spread] p2a,p2b\n|-damage|p2a: Comfey|0 fnt\n|-damage|p2b: Tornadus|0 fnt\n|faint|p2a: Comfey\n|faint|p2b: Tornadus\n|-ability|p1a: Calyrex|Grim Neigh|boost\n|-boost|p1a: Calyrex|spa|2\n|-damage|p1a: Calyrex|81\/100|[from] item: Life Orb\n|\n|upkeep\n|-message|SubToPenglin forfeited.\n|\n|win|toalhadebumbum\n|raw|toalhadebumbum's rating: 1692 &rarr; <strong>1714<\/strong><br \/>(+22 for winning)\n|raw|SubToPenglin's rating: 1721 &rarr; <strong>1699<\/strong><br \/>(-22 for losing)\n|l|\u2606SubToPenglin\n|player|p2|\n|l| BlindMagneton\n","uploadtime":1720057465,"views":24,"formatid":"gen9vgc2024regg","rating":1699,"private":0,"password":null}