{"id":"gen9vgc2024regg-2154343772","format":"[Gen 9] VGC 2024 Reg G","players":["Rafa1000","cookingmaster"],"log":"|j|\u2606Rafa1000\n|j|\u2606cookingmaster\n|t:|1719998877\n|gametype|doubles\n|player|p1|Rafa1000|169|1697\n|player|p2|cookingmaster|101|1713\n|teamsize|p1|6\n|teamsize|p2|6\n|gen|9\n|tier|[Gen 9] VGC 2024 Reg G\n|rated|\n|rule|Species Clause: Limit one of each Pok\u00e9mon\n|rule|Item Clause: Limit one of each item\n|clearpoke\n|poke|p1|Raging Bolt, L50|\n|poke|p1|Urshifu-*, L50, F|\n|poke|p1|Ogerpon-Cornerstone, L50, F|\n|poke|p1|Calyrex-Ice, L50|\n|poke|p1|Iron Valiant, L50|\n|poke|p1|Pelipper, L50, M|\n|poke|p2|Calyrex-Ice, L50|\n|poke|p2|Annihilape, L50, F|\n|poke|p2|Grimmsnarl, L50, M|\n|poke|p2|Urshifu-*, L50, F|\n|poke|p2|Ditto, L50|\n|poke|p2|Flutter Mane, L50|\n|teampreview|4\n|inactive|Battle timer is ON: inactive players will automatically lose when time's up. (requested by Rafa1000)\ncookingmaster rejected open team sheets.\n|inactive|Rafa1000 has 60 seconds left.\n|inactive|Rafa1000 has 30 seconds left.\n|\n|t:|1719998949\n|start\n|switch|p1a: Ogerpon|Ogerpon-Cornerstone, L50, F|100\/100\n|switch|p1b: Iron Valiant|Iron Valiant, L50|100\/100\n|switch|p2a: Grimmsnarl|Grimmsnarl, L50, M|100\/100\n|switch|p2b: Flutter Mane|Flutter Mane, L50|100\/100\n|-enditem|p1b: Iron Valiant|Booster Energy\n|-activate|p1b: Iron Valiant|ability: Quark Drive|[fromitem]\n|-start|p1b: Iron Valiant|quarkdrivespe\n|turn|1\n|inactive|Rafa1000 has 30 seconds left.\n|\n|t:|1719998977\n|move|p2a: Grimmsnarl|Reflect|p2a: Grimmsnarl\n|-sidestart|p2: cookingmaster|Reflect\n|move|p1b: Iron Valiant|Icy Wind|p2b: Flutter Mane|[spread] p2a,p2b\n|-damage|p2a: Grimmsnarl|87\/100\n|-damage|p2b: Flutter Mane|88\/100\n|-unboost|p2b: Flutter Mane|spe|1\n|move|p1a: Ogerpon|Ivy Cudgel|p2b: Flutter Mane|[anim] Ivy Cudgel Rock\n|-damage|p2b: Flutter Mane|29\/100\n|move|p2b: Flutter Mane|Moonblast|p1b: Iron Valiant\n|-supereffective|p1b: Iron Valiant\n|-damage|p1b: Iron Valiant|0 fnt\n|faint|p1b: Iron Valiant\n|-end|p1b: Iron Valiant|Quark Drive|[silent]\n|\n|upkeep\n|\n|t:|1719998994\n|switch|p1b: Calyrex|Calyrex-Ice, L50|100\/100\n|-ability|p1b: Calyrex|As One\n|-ability|p1b: Calyrex|Unnerve\n|turn|2\n|\n|t:|1719999002\n|move|p1a: Ogerpon|Follow Me|p1a: Ogerpon\n|-singleturn|p1a: Ogerpon|move: Follow Me\n|move|p2b: Flutter Mane|Moonblast|p1a: Ogerpon\n|-damage|p1a: Ogerpon|17\/100\n|-unboost|p1a: Ogerpon|spa|1\n|move|p1b: Calyrex|Glacial Lance|p2a: Grimmsnarl|[spread] p2a,p2b\n|-damage|p2a: Grimmsnarl|52\/100\n|-damage|p2b: Flutter Mane|0 fnt\n|faint|p2b: Flutter Mane\n|-end|p2b: Flutter Mane|Protosynthesis|[silent]\n|-ability|p1b: Calyrex|Chilling Neigh|boost\n|-boost|p1b: Calyrex|atk|1\n|move|p2a: Grimmsnarl|Foul Play|p1a: Ogerpon\n|-crit|p1a: Ogerpon\n|-damage|p1a: Ogerpon|0 fnt\n|faint|p1a: Ogerpon\n|\n|upkeep\n|\n|t:|1719999017\n|switch|p2b: Ditto|Ditto, L50|100\/100\n|switch|p1a: Raging Bolt|Raging Bolt, L50|100\/100\n|-transform|p2b: Ditto|p1a: Raging Bolt|[from] ability: Imposter\n|turn|3\n|inactive|Rafa1000 has 30 seconds left.\n|\n|t:|1719999049\n|-terastallize|p2b: Ditto|Ghost\n|-terastallize|p1a: Raging Bolt|Electric\n|move|p1a: Raging Bolt|Thunderclap|p2a: Grimmsnarl\n|-damage|p2a: Grimmsnarl|0 fnt\n|faint|p2a: Grimmsnarl\n|-damage|p1a: Raging Bolt|91\/100|[from] item: Life Orb\n|move|p2b: Ditto|Draco Meteor|p1b: Calyrex\n|-damage|p1b: Calyrex|57\/100\n|-unboost|p2b: Ditto|spa|2\n|move|p1b: Calyrex|Glacial Lance|p2b: Ditto\n|-damage|p2b: Ditto|15\/100\n|\n|upkeep\n|\n|t:|1719999055\n|switch|p2a: Calyrex|Calyrex-Ice, L50|100\/100\n|-ability|p2a: Calyrex|As One\n|-ability|p2a: Calyrex|Unnerve\n|turn|4\n|inactive|Rafa1000 has 30 seconds left.\n|inactive|Rafa1000 has 20 seconds left.\n|inactive|Rafa1000 has 15 seconds left.\n|\n|t:|1719999098\n|move|p2b: Ditto|Protect|p2b: Ditto\n|-singleturn|p2b: Ditto|Protect\n|move|p1a: Raging Bolt|Thunderbolt|p2a: Calyrex\n|-damage|p2a: Calyrex|39\/100\n|-damage|p1a: Raging Bolt|81\/100|[from] item: Life Orb\n|move|p1b: Calyrex|Crunch|p2a: Calyrex\n|-supereffective|p2a: Calyrex\n|-damage|p2a: Calyrex|0 fnt\n|faint|p2a: Calyrex\n|-ability|p1b: Calyrex|Chilling Neigh|boost\n|-boost|p1b: Calyrex|atk|1\n|\n|upkeep\n|turn|5\n|-message|cookingmaster forfeited.\n|\n|win|Rafa1000\n|raw|Rafa1000's rating: 1697 &rarr; <strong>1718<\/strong><br \/>(+21 for winning)\n|raw|cookingmaster's rating: 1713 &rarr; <strong>1692<\/strong><br \/>(-21 for losing)\n|j| wskig\n|l|\u2606cookingmaster\n|player|p2|\n|l|\u2606Rafa1000\n|player|p1|\n|l| wskig\n","uploadtime":1719999371,"views":11,"formatid":"gen9vgc2024regg","rating":1692,"private":0,"password":null}