{"id":"gen9vgc2024regg-2154397376","format":"[Gen 9] VGC 2024 Reg G","players":["evilest twink","Rafa1000"],"log":"|j|\u2606evilest twink\n|j|\u2606Rafa1000\n|t:|1720008687\n|gametype|doubles\n|player|p1|evilest twink|grimsley-masters|1699\n|player|p2|Rafa1000|102|1705\n|teamsize|p1|6\n|teamsize|p2|6\n|gen|9\n|tier|[Gen 9] VGC 2024 Reg G\n|rated|\n|rule|Species Clause: Limit one of each Pok\u00e9mon\n|rule|Item Clause: Limit one of each item\n|clearpoke\n|poke|p1|Tornadus, L50, M|\n|poke|p1|Chi-Yu, L50|\n|poke|p1|Calyrex-Shadow, L50|\n|poke|p1|Indeedee-F, L50, F|\n|poke|p1|Urshifu-*, L50, F|\n|poke|p1|Flutter Mane, L50|\n|poke|p2|Raging Bolt, L50|\n|poke|p2|Urshifu-*, L50, M|\n|poke|p2|Ogerpon-Cornerstone, L50, F|\n|poke|p2|Calyrex-Ice, L50|\n|poke|p2|Iron Valiant, L50|\n|poke|p2|Pelipper, L50, F|\n|teampreview|4\n|inactive|Battle timer is ON: inactive players will automatically lose when time's up. (requested by evilest twink)\n|j| mainframehard\n|inactive|Rafa1000 has 60 seconds left.\n|\n|t:|1720008729\n|start\n|switch|p1a: Indeedee|Indeedee-F, L50, F|100\/100\n|switch|p1b: Chi-Yu|Chi-Yu, L50|100\/100\n|switch|p2a: Calyrex|Calyrex-Ice, L50|100\/100\n|switch|p2b: Pelipper|Pelipper, L50, F|100\/100\n|-ability|p2a: Calyrex|As One\n|-ability|p2a: Calyrex|Unnerve\n|-ability|p1b: Chi-Yu|Beads of Ruin\n|-fieldstart|move: Psychic Terrain|[from] ability: Psychic Surge|[of] p1a: Indeedee\n|-weather|RainDance|[from] ability: Drizzle|[of] p2b: Pelipper\n|turn|1\n|\n|t:|1720008740\n|-terastallize|p2a: Calyrex|Fire\n|move|p1a: Indeedee|Follow Me|p1a: Indeedee\n|-singleturn|p1a: Indeedee|move: Follow Me\n|move|p1b: Chi-Yu|Dark Pulse|p2a: Calyrex\n|-damage|p2a: Calyrex|50\/100\n|move|p2a: Calyrex|Glacial Lance|p1a: Indeedee|[spread] p1a,p1b\n|-resisted|p1b: Chi-Yu\n|-damage|p1a: Indeedee|52\/100\n|-damage|p1b: Chi-Yu|54\/100\n|move|p2b: Pelipper|Tailwind|p2b: Pelipper\n|-sidestart|p2: Rafa1000|move: Tailwind\n|\n|-weather|RainDance|[upkeep]\n|upkeep\n|turn|2\n|j| Zzeporius\n|\n|t:|1720008756\n|move|p2a: Calyrex|Crunch|p1a: Indeedee\n|-supereffective|p1a: Indeedee\n|-damage|p1a: Indeedee|0 fnt\n|-damage|p2a: Calyrex|34\/100|[from] item: Rocky Helmet|[of] p1a: Indeedee\n|faint|p1a: Indeedee\n|-ability|p2a: Calyrex|Chilling Neigh|boost\n|-boost|p2a: Calyrex|atk|1\n|move|p2b: Pelipper|Weather Ball|p1b: Chi-Yu\n|-supereffective|p1b: Chi-Yu\n|-damage|p1b: Chi-Yu|0 fnt\n|faint|p1b: Chi-Yu\n|\n|-weather|RainDance|[upkeep]\n|upkeep\n|\n|t:|1720008760\n|switch|p1b: Calyrex|Calyrex-Shadow, L50|100\/100\n|switch|p1a: Urshifu|Urshifu-Rapid-Strike, L50, F|100\/100\n|-ability|p1b: Calyrex|As One\n|-ability|p1b: Calyrex|Unnerve\n|turn|3\n|inactive|Rafa1000 has 30 seconds left.\n|inactive|evilest twink has 30 seconds left.\n|inactive|Rafa1000 has 20 seconds left.\n|\n|t:|1720008800\n|move|p2a: Calyrex|Glacial Lance|p1a: Urshifu|[spread] p1a,p1b\n|-resisted|p1a: Urshifu\n|-damage|p1a: Urshifu|55\/100\n|-enditem|p1b: Calyrex|Focus Sash\n|-damage|p1b: Calyrex|1\/100\n|move|p1a: Urshifu|Surging Strikes|p2b: Pelipper\n|-resisted|p2b: Pelipper\n|-crit|p2b: Pelipper\n|-damage|p2b: Pelipper|83\/100\n|-resisted|p2b: Pelipper\n|-crit|p2b: Pelipper\n|-damage|p2b: Pelipper|63\/100\n|-resisted|p2b: Pelipper\n|-crit|p2b: Pelipper\n|-damage|p2b: Pelipper|44\/100\n|-hitcount|p2b: Pelipper|3\n|move|p1b: Calyrex|Expanding Force|p2a: Calyrex|[spread] p2a,p2b\n|-damage|p2a: Calyrex|0 fnt\n|-damage|p2b: Pelipper|0 fnt\n|faint|p2a: Calyrex\n|faint|p2b: Pelipper\n|-ability|p1b: Calyrex|Grim Neigh|boost\n|-boost|p1b: Calyrex|spa|2\n|\n|-weather|RainDance|[upkeep]\n|upkeep\n|\n|t:|1720008816\n|switch|p2a: Urshifu|Urshifu-Rapid-Strike, L50, M|100\/100\n|switch|p2b: Iron Valiant|Iron Valiant, L50|100\/100\n|-enditem|p2b: Iron Valiant|Booster Energy\n|-activate|p2b: Iron Valiant|ability: Quark Drive|[fromitem]\n|-start|p2b: Iron Valiant|quarkdrivespe\n|turn|4\n|\n|t:|1720008825\n|-terastallize|p1a: Urshifu|Water\n|move|p2a: Urshifu|Aqua Jet|p1b: Calyrex\n|-activate|p1b: Calyrex|move: Psychic Terrain\n|move|p2b: Iron Valiant|Moonblast|p1a: Urshifu\n|-damage|p1a: Urshifu|0 fnt\n|faint|p1a: Urshifu\n|move|p1b: Calyrex|Expanding Force|p2a: Urshifu|[spread] p2a,p2b\n|-supereffective|p2a: Urshifu\n|-supereffective|p2b: Iron Valiant\n|-enditem|p2a: Urshifu|Focus Sash\n|-damage|p2a: Urshifu|1\/100\n|-damage|p2b: Iron Valiant|0 fnt\n|faint|p2b: Iron Valiant\n|-end|p2b: Iron Valiant|Quark Drive|[silent]\n|-ability|p1b: Calyrex|Grim Neigh|boost\n|-boost|p1b: Calyrex|spa|1\n|\n|-weather|RainDance|[upkeep]\n|-sideend|p2: Rafa1000|move: Tailwind\n|upkeep\n|turn|5\n|\n|t:|1720008843\n|move|p2a: Urshifu|Detect|p2a: Urshifu\n|-singleturn|p2a: Urshifu|Protect\n|move|p1b: Calyrex|Expanding Force|p2a: Urshifu\n|-activate|p2a: Urshifu|move: Protect\n|\n|-weather|none\n|-fieldend|move: Psychic Terrain\n|upkeep\n|turn|6\n|l|\u2606evilest twink\n|inactive|evilest twink disconnected and has a minute to reconnect!\n|player|p1|\n|\n|t:|1720008851\n|move|p2a: Urshifu|Aqua Jet|p1b: Calyrex\n|-crit|p1b: Calyrex\n|-damage|p1b: Calyrex|0 fnt\n|faint|p1b: Calyrex\n|\n|win|Rafa1000\n|raw|evilest twink's rating: 1699 &rarr; <strong>1679<\/strong><br \/>(-20 for losing)\n|raw|Rafa1000's rating: 1705 &rarr; <strong>1725<\/strong><br \/>(+20 for winning)\n|j| RAWAXXX\n|l| RAWAXXX\n|l|\u2606Rafa1000\n|player|p2|\n|l| mainframehard\n|l| Zzeporius\n","uploadtime":1720009035,"views":26,"formatid":"gen9vgc2024regg","rating":1679,"private":0,"password":null}