{"id":"gen9vgc2024regg-2154778281","format":"[Gen 9] VGC 2024 Reg G","players":["Gizmocloset","SubToPenglin"],"log":"|j|\u2606Gizmocloset\n|j|\u2606SubToPenglin\n|t:|1720055625\n|gametype|doubles\n|player|p1|Gizmocloset|magmasuit|1742\n|player|p2|SubToPenglin|dawn-gen4pt|1673\n|teamsize|p1|6\n|teamsize|p2|6\n|gen|9\n|tier|[Gen 9] VGC 2024 Reg G\n|rated|\n|rule|Species Clause: Limit one of each Pok\u00e9mon\n|rule|Item Clause: Limit one of each item\n|clearpoke\n|poke|p1|Kyogre, L50|\n|poke|p1|Urshifu-*, L50, F|\n|poke|p1|Tsareena, L50, F|\n|poke|p1|Chien-Pao, L50|\n|poke|p1|Ditto, L50|\n|poke|p1|Tornadus, L50, M|\n|poke|p2|Comfey, L50, M|\n|poke|p2|Terapagos, L50, M|\n|poke|p2|Tornadus, L50, M|\n|poke|p2|Araquanid, L50, M|\n|poke|p2|Ogerpon-Cornerstone, L50, F|\n|poke|p2|Magmar, L50, F|\n|teampreview|4\n|inactive|Battle timer is ON: inactive players will automatically lose when time's up. (requested by SubToPenglin)\n|inactive|Gizmocloset also wants the timer to be on.\n|inactive|Gizmocloset has 60 seconds left.\n|\n|t:|1720055674\n|start\n|switch|p1a: Tornadus|Tornadus, L50, M|100\/100\n|switch|p1b: Kyogre|Kyogre, L50, shiny|100\/100\n|switch|p2a: Terapagos|Terapagos, L50, M|100\/100\n|switch|p2b: Ogerpon|Ogerpon-Cornerstone, L50, F|100\/100\n|-activate|p2a: Terapagos|ability: Tera Shift\n|detailschange|p2a: Terapagos|Terapagos-Terastal, L50, M\n|-heal|p2a: Terapagos|100\/100|[silent]\n|-weather|RainDance|[from] ability: Drizzle|[of] p1b: Kyogre\n|turn|1\n|inactive|Gizmocloset has 30 seconds left.\n|inactive|SubToPenglin has 30 seconds left.\n|\n|t:|1720055704\n|-terastallize|p1a: Tornadus|Dark\n|-terastallize|p2a: Terapagos|Stellar\n|detailschange|p2a: Terapagos|Terapagos-Stellar, L50, M, tera:Stellar\n|-heal|p2a: Terapagos|100\/100|[silent]\n|-ability|p2a: Terapagos|Teraform Zero\n|-weather|none\n|move|p1a: Tornadus|Tailwind|p1a: Tornadus\n|-sidestart|p1: Gizmocloset|move: Tailwind\n|move|p1b: Kyogre|Water Spout|p2b: Ogerpon|[spread] p2a,p2b\n|-damage|p2a: Terapagos|48\/100\n|-damage|p2b: Ogerpon|9\/100\n|move|p2b: Ogerpon|Horn Leech|p1b: Kyogre\n|-supereffective|p1b: Kyogre\n|-damage|p1b: Kyogre|14\/100\n|-heal|p2b: Ogerpon|59\/100|[from] drain|[of] p1b: Kyogre\n|move|p2a: Terapagos|Tera Starstorm|p1a: Tornadus|[spread] p1a,p1b\n|-supereffective|p1a: Tornadus\n|-damage|p1a: Tornadus|13\/100\n|-damage|p1b: Kyogre|0 fnt\n|faint|p1b: Kyogre\n|\n|upkeep\n|inactive|Gizmocloset has 30 seconds left.\n|\n|t:|1720055736\n|switch|p1b: Chien-Pao|Chien-Pao, L50|100\/100\n|-ability|p1b: Chien-Pao|Sword of Ruin\n|turn|2\n|\n|t:|1720055740\n|move|p1b: Chien-Pao|Protect|p1b: Chien-Pao\n|-singleturn|p1b: Chien-Pao|Protect\n|move|p2b: Ogerpon|Follow Me|p2b: Ogerpon\n|-singleturn|p2b: Ogerpon|move: Follow Me\n|move|p1a: Tornadus|Bleakwind Storm|p2a: Terapagos|[spread] p2a\n|-miss|p1a: Tornadus|p2b: Ogerpon\n|-damage|p2a: Terapagos|24\/100\n|move|p2a: Terapagos|Tera Starstorm|p1a: Tornadus|[spread] p1a\n|-activate|p1b: Chien-Pao|move: Protect\n|-supereffective|p1a: Tornadus\n|-damage|p1a: Tornadus|0 fnt\n|faint|p1a: Tornadus\n|\n|upkeep\n|\n|t:|1720055748\n|switch|p1a: Urshifu|Urshifu-Rapid-Strike, L50, F|100\/100\n|turn|3\n|\n|t:|1720055766\n|switch|p2a: Tornadus|Tornadus, L50, M|100\/100\n|move|p1b: Chien-Pao|Sacred Sword|p2a: Tornadus\n|-resisted|p2a: Tornadus\n|-damage|p2a: Tornadus|76\/100\n|move|p1a: Urshifu|Close Combat|p2b: Ogerpon\n|-supereffective|p2b: Ogerpon\n|-damage|p2b: Ogerpon|0 fnt\n|-unboost|p1a: Urshifu|def|1\n|-unboost|p1a: Urshifu|spd|1\n|faint|p2b: Ogerpon\n|\n|upkeep\n|\n|t:|1720055787\n|switch|p2b: Comfey|Comfey, L50, M, shiny|100\/100\n|turn|4\n|\n|t:|1720055800\n|move|p2b: Comfey|Draining Kiss|p1b: Chien-Pao\n|-supereffective|p1b: Chien-Pao\n|-damage|p1b: Chien-Pao|42\/100\n|move|p2a: Tornadus|Tailwind|p2a: Tornadus\n|-sidestart|p2: SubToPenglin|move: Tailwind\n|move|p1b: Chien-Pao|Ice Spinner|p2a: Tornadus\n|-supereffective|p2a: Tornadus\n|-damage|p2a: Tornadus|0 fnt\n|faint|p2a: Tornadus\n|move|p1a: Urshifu|Close Combat|p2b: Comfey\n|-resisted|p2b: Comfey\n|-damage|p2b: Comfey|34\/100\n|-unboost|p1a: Urshifu|def|1\n|-unboost|p1a: Urshifu|spd|1\n|-enditem|p2b: Comfey|Sitrus Berry|[eat]\n|-heal|p2b: Comfey|59\/100|[from] item: Sitrus Berry\n|\n|-sideend|p1: Gizmocloset|move: Tailwind\n|upkeep\n|\n|t:|1720055803\n|switch|p2a: Terapagos|Terapagos-Stellar, L50, M, tera:Stellar|24\/100\n|turn|5\n|inactive|Gizmocloset has 30 seconds left.\n|\n|t:|1720055829\n|move|p2b: Comfey|Draining Kiss|p1b: Chien-Pao\n|-supereffective|p1b: Chien-Pao\n|-damage|p1b: Chien-Pao|0 fnt\n|-heal|p2b: Comfey|90\/100|[from] drain|[of] p1b: Chien-Pao\n|faint|p1b: Chien-Pao\n|move|p2a: Terapagos|Tera Starstorm|p1a: Urshifu\n|-damage|p1a: Urshifu|0 fnt\n|faint|p1a: Urshifu\n|\n|win|SubToPenglin\n|raw|Gizmocloset's rating: 1742 &rarr; <strong>1718<\/strong><br \/>(-24 for losing)\n|raw|SubToPenglin's rating: 1673 &rarr; <strong>1697<\/strong><br \/>(+24 for winning)\n|l|\u2606Gizmocloset\n|player|p1|\n|l|\u2606SubToPenglin\n|player|p2|\n","uploadtime":1720055966,"views":7,"formatid":"gen9vgc2024regg","rating":1697,"private":0,"password":null}