{"id":"gen9vgc2024regg-2154480356","format":"[Gen 9] VGC 2024 Reg G","players":["Waffles4breakfast","mikn777"],"log":"|j|\u2606Waffles4breakfast\n|j|\u2606mikn777\n|t:|1720019315\n|gametype|doubles\n|player|p1|Waffles4breakfast|juggler|1726\n|player|p2|mikn777|elesa|1692\n|teamsize|p1|6\n|teamsize|p2|6\n|gen|9\n|tier|[Gen 9] VGC 2024 Reg G\n|rated|\n|rule|Species Clause: Limit one of each Pok\u00e9mon\n|rule|Item Clause: Limit one of each item\n|clearpoke\n|poke|p1|Kyogre, L50|\n|poke|p1|Tornadus, L50, M|\n|poke|p1|Annihilape, L50, F|\n|poke|p1|Flutter Mane, L50|\n|poke|p1|Dragonite, L50, M|\n|poke|p1|Indeedee-F, L50, F|\n|poke|p2|Solgaleo, L50|\n|poke|p2|Landorus, L50, M|\n|poke|p2|Regidrago, L50|\n|poke|p2|Whimsicott, L50, M|\n|poke|p2|Kingambit, L50, M|\n|poke|p2|Ogerpon-Cornerstone, L50, F|\n|teampreview|4\n|inactive|Battle timer is ON: inactive players will automatically lose when time's up. (requested by Waffles4breakfast)\n|inactive|mikn777 has 60 seconds left.\n|\n|t:|1720019362\n|start\n|switch|p1a: Tornadus|Tornadus, L50, M|100\/100\n|switch|p1b: Kyogre|Kyogre, L50|100\/100\n|switch|p2a: Solgaleo|Solgaleo, L50|100\/100\n|switch|p2b: Whimsicott|Whimsicott, L50, M|100\/100\n|-weather|RainDance|[from] ability: Drizzle|[of] p1b: Kyogre\n|turn|1\n|\n|t:|1720019384\n|-terastallize|p2a: Solgaleo|Water\n|move|p1a: Tornadus|Tailwind|p1a: Tornadus\n|-sidestart|p1: Waffles4breakfast|move: Tailwind\n|move|p1b: Kyogre|Water Spout|p2a: Solgaleo|[spread] p2a,p2b\n|-resisted|p2a: Solgaleo\n|-resisted|p2b: Whimsicott\n|-damage|p2a: Solgaleo|26\/100\n|-enditem|p2b: Whimsicott|Focus Sash\n|-damage|p2b: Whimsicott|1\/100\n|move|p2b: Whimsicott|Moonblast|p1b: Kyogre\n|-damage|p1b: Kyogre|78\/100\n|-unboost|p1b: Kyogre|spa|1\n|move|p2a: Solgaleo|Trick Room|p2a: Solgaleo\n|-fieldstart|move: Trick Room|[of] p2a: Solgaleo\n|\n|-weather|RainDance|[upkeep]\n|upkeep\n|turn|2\n|\n|t:|1720019398\n|switch|p2b: Regidrago|Regidrago, L50|100\/100\n|move|p2a: Solgaleo|Wide Guard|p2a: Solgaleo\n|-singleturn|p2a: Solgaleo|Wide Guard\n|move|p1b: Kyogre|Water Spout|p2a: Solgaleo|[spread] \n|-activate|p2a: Solgaleo|move: Wide Guard\n|-activate|p2b: Regidrago|move: Wide Guard\n|move|p1a: Tornadus|Bleakwind Storm|p2b: Regidrago|[spread] \n|-activate|p2a: Solgaleo|move: Wide Guard\n|-activate|p2b: Regidrago|move: Wide Guard\n|\n|-weather|RainDance|[upkeep]\n|upkeep\n|turn|3\n|\n|t:|1720019409\n|move|p2b: Regidrago|Dragon Energy|p1a: Tornadus|[spread] p1a,p1b\n|-damage|p1a: Tornadus|0 fnt\n|-damage|p1b: Kyogre|15\/100\n|faint|p1a: Tornadus\n|move|p2a: Solgaleo|Psychic Fangs|p1b: Kyogre\n|-damage|p1b: Kyogre|0 fnt\n|faint|p1b: Kyogre\n|\n|-weather|RainDance|[upkeep]\n|upkeep\n|\n|t:|1720019412\n|switch|p1b: Dragonite|Dragonite, L50, M|100\/100\n|switch|p1a: Annihilape|Annihilape, L50, F|100\/100\n|turn|4\n|\n|t:|1720019423\n|-terastallize|p1b: Dragonite|Normal\n|move|p1b: Dragonite|Extreme Speed|p2b: Regidrago\n|-damage|p2b: Regidrago|19\/100\n|move|p2b: Regidrago|Dragon Energy|p1a: Annihilape|[spread] p1a,p1b\n|-damage|p1a: Annihilape|85\/100\n|-damage|p1b: Dragonite|83\/100\n|move|p2a: Solgaleo|Psychic Fangs|p1a: Annihilape\n|-supereffective|p1a: Annihilape\n|-damage|p1a: Annihilape|0 fnt\n|faint|p1a: Annihilape\n|\n|-weather|RainDance|[upkeep]\n|-sideend|p1: Waffles4breakfast|move: Tailwind\n|upkeep\n|turn|5\n|j| fishle\n|\n|t:|1720019431\n|move|p1b: Dragonite|Extreme Speed|p2a: Solgaleo\n|-damage|p2a: Solgaleo|0 fnt\n|faint|p2a: Solgaleo\n|move|p2b: Regidrago|Dragon Pulse|p1b: Dragonite\n|-damage|p1b: Dragonite|14\/100\n|\n|-weather|none\n|-fieldend|move: Trick Room\n|upkeep\n|\n|t:|1720019434\n|switch|p2a: Ogerpon|Ogerpon-Cornerstone, L50, F|100\/100\n|turn|6\n|\n|t:|1720019437\n|move|p2b: Regidrago|Protect|p2b: Regidrago\n|-singleturn|p2b: Regidrago|Protect\n|move|p1b: Dragonite|Extreme Speed|p2b: Regidrago\n|-activate|p2b: Regidrago|move: Protect\n|move|p2a: Ogerpon|Ivy Cudgel|p1b: Dragonite|[anim] Ivy Cudgel Rock\n|-crit|p1b: Dragonite\n|-damage|p1b: Dragonite|0 fnt\n|faint|p1b: Dragonite\n|\n|win|mikn777\n|raw|Waffles4breakfast's rating: 1726 &rarr; <strong>1704<\/strong><br \/>(-22 for losing)\n|raw|mikn777's rating: 1692 &rarr; <strong>1714<\/strong><br \/>(+22 for winning)\n|l|\u2606Waffles4breakfast\n|player|p1|\n|l|\u2606mikn777\n|player|p2|\n|l| fishle\n","uploadtime":1720019628,"views":38,"formatid":"gen9vgc2024regg","rating":1704,"private":0,"password":null}