{"id":"gen9vgc2024regg-2154783529","format":"[Gen 9] VGC 2024 Reg G","players":["Rgktest","toalhadebumbum"],"log":"|j|\u2606Rgktest\n|j|\u2606toalhadebumbum\n|t:|1720056394\n|gametype|doubles\n|player|p1|Rgktest|1|1831\n|player|p2|toalhadebumbum|tate|1649\n|teamsize|p1|6\n|teamsize|p2|6\n|gen|9\n|tier|[Gen 9] VGC 2024 Reg G\n|rated|\n|rule|Species Clause: Limit one of each Pok\u00e9mon\n|rule|Item Clause: Limit one of each item\n|clearpoke\n|poke|p1|Calyrex-Shadow, L50|\n|poke|p1|Weezing, L50, M|\n|poke|p1|Regigigas, L50|\n|poke|p1|Mienshao, L50, M|\n|poke|p1|Ditto, L50|\n|poke|p1|Incineroar, L50, M|\n|poke|p2|Ogerpon-Cornerstone, L50, F|\n|poke|p2|Indeedee-F, L50, F|\n|poke|p2|Calyrex-Shadow, L50|\n|poke|p2|Urshifu-*, L50, F|\n|poke|p2|Chi-Yu, L50|\n|poke|p2|Tornadus, L50, M|\n|teampreview|4\ntoalhadebumbum has agreed to open team sheets.\nRgktest has agreed to open team sheets.\n|inactive|Battle timer is ON: inactive players will automatically lose when time's up. (requested by toalhadebumbum)\n|inactive|Rgktest has 60 seconds left.\n|\n|t:|1720056488\n|start\n|switch|p1a: Calyrex|Calyrex-Shadow, L50|100\/100\n|switch|p1b: Regigigas|Regigigas, L50|100\/100\n|switch|p2a: Urshifu|Urshifu-Rapid-Strike, L50, F|100\/100\n|switch|p2b: Indeedee|Indeedee-F, L50, F|100\/100\n|-ability|p1a: Calyrex|As One\n|-ability|p1a: Calyrex|Unnerve\n|-start|p1b: Regigigas|ability: Slow Start\n|-fieldstart|move: Psychic Terrain|[from] ability: Psychic Surge|[of] p2b: Indeedee\n|turn|1\n|inactive|toalhadebumbum has 30 seconds left.\n|inactive|toalhadebumbum has 20 seconds left.\n|\n|t:|1720056528\n|-end|p1b: Regigigas|Slow Start|[silent]\n|switch|p1b: Weezing|Weezing, L50, M|100\/100\n|-ability|p1b: Weezing|Neutralizing Gas\n|-terastallize|p2a: Urshifu|Stellar\n|move|p2b: Indeedee|Helping Hand|p2a: Urshifu\n|-singleturn|p2a: Urshifu|Helping Hand|[of] p2b: Indeedee\n|move|p1a: Calyrex|Pollen Puff|p2b: Indeedee\n|-supereffective|p2b: Indeedee\n|-damage|p2b: Indeedee|0 fnt\n|faint|p2b: Indeedee\n|-ability|p1a: Calyrex|Grim Neigh|boost\n|-boost|p1a: Calyrex|spa|1\n|move|p2a: Urshifu|Surging Strikes|p1a: Calyrex\n|-crit|p1a: Calyrex\n|-damage|p1a: Calyrex|49\/100\n|-crit|p1a: Calyrex\n|-damage|p1a: Calyrex|0 fnt\n|faint|p1a: Calyrex\n|-hitcount|p1: Calyrex|2\n|\n|upkeep\n|inactive|toalhadebumbum has 30 seconds left.\n|\n|t:|1720056563\n|switch|p1a: Ditto|Ditto, L50|100\/100\n|switch|p2b: Tornadus|Tornadus, L50, M|100\/100\n|turn|2\n|\n|t:|1720056583\n|move|p2a: Urshifu|Detect|p2a: Urshifu\n|-singleturn|p2a: Urshifu|Protect\n|move|p2b: Tornadus|Bleakwind Storm|p1b: Weezing|[spread] p1b\n|-miss|p2b: Tornadus|p1a: Ditto\n|-damage|p1b: Weezing|69\/100\n|move|p1b: Weezing|Will-O-Wisp|p2a: Urshifu\n|-activate|p2a: Urshifu|move: Protect\n|move|p1a: Ditto|Transform|p2b: Tornadus\n|-transform|p1a: Ditto|p2b: Tornadus\n|\n|upkeep\n|turn|3\n|inactive|Rgktest has 30 seconds left.\n|inactive|Rgktest has 20 seconds left.\n|inactive|toalhadebumbum has 30 seconds left.\n|inactive|Rgktest has 15 seconds left.\n|inactive|Rgktest has 10 seconds left.\n|inactive|toalhadebumbum has 20 seconds left.\n|inactive|Rgktest has 5 seconds left.\n|\n|t:|1720056639\n|move|p1b: Weezing|Protect|p1b: Weezing\n|-singleturn|p1b: Weezing|Protect\n|move|p2a: Urshifu|Surging Strikes|p1b: Weezing\n|-activate|p1b: Weezing|move: Protect\n|move|p1a: Ditto|Bleakwind Storm|p2b: Tornadus|[spread] p2a\n|-miss|p1a: Ditto|p2b: Tornadus\n|-supereffective|p2a: Urshifu\n|-crit|p2a: Urshifu\n|-enditem|p2a: Urshifu|Focus Sash\n|-damage|p2a: Urshifu|1\/100\n|-unboost|p2a: Urshifu|spe|1\n|move|p2b: Tornadus|Tailwind|p2b: Tornadus\n|-sidestart|p2: toalhadebumbum|move: Tailwind\n|\n|upkeep\n|turn|4\n|inactive|Rgktest has 30 seconds left.\n|inactive|Rgktest has 20 seconds left.\n|inactive|Rgktest has 15 seconds left.\n|inactive|Rgktest has 10 seconds left.\n|inactive|Rgktest has 5 seconds left.\n|\n|t:|1720056691\n|switch|p2a: Calyrex|Calyrex-Shadow, L50|100\/100\n|-ability|p2a: Calyrex|As One\n|-ability|p2a: Calyrex|Unnerve\n|move|p2b: Tornadus|Taunt|p1a: Ditto\n|-start|p1a: Ditto|move: Taunt\n|move|p1a: Ditto|Bleakwind Storm|p2b: Tornadus|[spread] p2a,p2b\n|-damage|p2a: Calyrex|74\/100\n|-damage|p2b: Tornadus|68\/100\n|move|p1b: Weezing|Gunk Shot|p2b: Tornadus\n|-damage|p2b: Tornadus|37\/100\n|\n|upkeep\n|turn|5\n|inactive|Rgktest has 30 seconds left.\n|inactive|Rgktest has 20 seconds left.\n|inactive|Rgktest has 15 seconds left.\n|inactive|Rgktest has 10 seconds left.\n|inactive|Rgktest has 5 seconds left.\n|\n|t:|1720056742\n|move|p2a: Calyrex|Psychic|p1b: Weezing\n|-supereffective|p1b: Weezing\n|-damage|p1b: Weezing|0 fnt\n|faint|p1b: Weezing\n|-end|p1b: Weezing|ability: Neutralizing Gas\n|-ability|p2a: Calyrex|Grim Neigh|boost\n|-boost|p2a: Calyrex|spa|1\n|-damage|p2a: Calyrex|65\/100|[from] item: Life Orb\n|move|p2b: Tornadus|Bleakwind Storm|p1a: Ditto|[miss]\n|-miss|p2b: Tornadus|p1a: Ditto\n|move|p1a: Ditto|Bleakwind Storm|p2b: Tornadus|[spread] p2a,p2b\n|-crit|p2b: Tornadus\n|-damage|p2a: Calyrex|37\/100\n|-damage|p2b: Tornadus|0 fnt\n|-unboost|p2a: Calyrex|spe|1\n|faint|p2b: Tornadus\n|\n|-fieldend|move: Psychic Terrain\n|upkeep\n|\n|t:|1720056752\n|switch|p2b: Urshifu|Urshifu-Rapid-Strike, L50, F, tera:Stellar|1\/100\n|switch|p1b: Regigigas|Regigigas, L50|100\/100\n|-start|p1b: Regigigas|ability: Slow Start\n|turn|6\n|inactive|Rgktest has 30 seconds left.\n|inactive|Rgktest has 20 seconds left.\n|inactive|Rgktest has 15 seconds left.\n|\n|t:|1720056796\n|move|p2b: Urshifu|Close Combat|p1b: Regigigas\n|-supereffective|p1b: Regigigas\n|-crit|p1b: Regigigas\n|-damage|p1b: Regigigas|0 fnt\n|-unboost|p2b: Urshifu|def|1\n|-unboost|p2b: Urshifu|spd|1\n|faint|p1b: Regigigas\n|-end|p1b: Regigigas|Slow Start|[silent]\n|move|p2a: Calyrex|Psychic|p1a: Ditto\n|-damage|p1a: Ditto|0 fnt\n|faint|p1a: Ditto\n|-damage|p2a: Calyrex|28\/100|[from] item: Life Orb\n|\n|win|toalhadebumbum\n|raw|Rgktest's rating: 1831 &rarr; <strong>1801<\/strong><br \/>(-30 for losing)\n|raw|toalhadebumbum's rating: 1649 &rarr; <strong>1679<\/strong><br \/>(+30 for winning)\n|l|\u2606Rgktest\n|player|p1|\n","uploadtime":1720056936,"views":25,"formatid":"gen9vgc2024regg","rating":1679,"private":0,"password":null}