{"id":"gen9vgc2024regg-2154263502","format":"[Gen 9] VGC 2024 Reg G","players":["cookingmaster","player11111"],"log":"|j|\u2606cookingmaster\n|j|\u2606player11111\n|t:|1719982682\n|gametype|doubles\n|player|p1|cookingmaster|169|1747\n|player|p2|player11111|serena-masters|1652\n|teamsize|p1|6\n|teamsize|p2|6\n|gen|9\n|tier|[Gen 9] VGC 2024 Reg G\n|rated|\n|rule|Species Clause: Limit one of each Pok\u00e9mon\n|rule|Item Clause: Limit one of each item\n|clearpoke\n|poke|p1|Calyrex-Ice, L50|\n|poke|p1|Annihilape, L50, M|\n|poke|p1|Grimmsnarl, L50, M|\n|poke|p1|Urshifu-*, L50, F|\n|poke|p1|Ditto, L50|\n|poke|p1|Flutter Mane, L50|\n|poke|p2|Calyrex-Ice, L50|\n|poke|p2|Tornadus, L50, M|\n|poke|p2|Urshifu-*, L50, F|\n|poke|p2|Amoonguss, L50, M|\n|poke|p2|Incineroar, L50, F|\n|poke|p2|Flutter Mane, L50|\n|teampreview|4\n|l|\u2606player11111\n|player|p2|\n|j|\u2606player11111\n|player|p2|player11111|serena-masters|\n|inactive|Battle timer is ON: inactive players will automatically lose when time's up. (requested by player11111)\n|inactive|cookingmaster has 60 seconds left.\n|\n|t:|1719982823\n|start\n|switch|p1a: Flutter Mane|Flutter Mane, L50|100\/100\n|switch|p1b: Grimmsnarl|Grimmsnarl, L50, M|100\/100\n|switch|p2a: Flutter Mane|Flutter Mane, L50|100\/100\n|switch|p2b: Urshifu|Urshifu-Rapid-Strike, L50, F|100\/100\n|-enditem|p2a: Flutter Mane|Booster Energy\n|-activate|p2a: Flutter Mane|ability: Protosynthesis|[fromitem]\n|-start|p2a: Flutter Mane|protosynthesisspe\n|turn|1\n|\n|t:|1719982840\n|move|p2b: Urshifu|Detect|p2b: Urshifu\n|-singleturn|p2b: Urshifu|Protect\n|move|p1b: Grimmsnarl|Light Screen|p1b: Grimmsnarl\n|-sidestart|p1: cookingmaster|move: Light Screen\n|move|p2a: Flutter Mane|Thunder Wave|p1a: Flutter Mane\n|-status|p1a: Flutter Mane|par\n|move|p1a: Flutter Mane|Shadow Ball|p2a: Flutter Mane\n|-supereffective|p2a: Flutter Mane\n|-damage|p2a: Flutter Mane|0 fnt\n|faint|p2a: Flutter Mane\n|-end|p2a: Flutter Mane|Protosynthesis|[silent]\n|\n|upkeep\n|\n|t:|1719982851\n|switch|p2a: Tornadus|Tornadus, L50, M|100\/100\n|turn|2\n|\n|t:|1719982867\n|move|p2a: Tornadus|Tailwind|p2a: Tornadus\n|-sidestart|p2: player11111|move: Tailwind\n|move|p1b: Grimmsnarl|Reflect|p1b: Grimmsnarl\n|-sidestart|p1: cookingmaster|Reflect\n|move|p2b: Urshifu|Surging Strikes|p1b: Grimmsnarl\n|-crit|p1b: Grimmsnarl\n|-damage|p1b: Grimmsnarl|78\/100\n|-crit|p1b: Grimmsnarl\n|-damage|p1b: Grimmsnarl|51\/100\n|-crit|p1b: Grimmsnarl\n|-damage|p1b: Grimmsnarl|28\/100\n|-hitcount|p1b: Grimmsnarl|3\n|cant|p1a: Flutter Mane|par\n|\n|upkeep\n|turn|3\n|\n|t:|1719982887\n|move|p2a: Tornadus|Rain Dance|p2a: Tornadus\n|-weather|RainDance\n|move|p2b: Urshifu|Surging Strikes|p1a: Flutter Mane\n|-crit|p1a: Flutter Mane\n|-damage|p1a: Flutter Mane|47\/100 par\n|-crit|p1a: Flutter Mane\n|-damage|p1a: Flutter Mane|0 fnt\n|faint|p1a: Flutter Mane\n|-end|p1a: Flutter Mane|Protosynthesis|[silent]\n|-hitcount|p1: Flutter Mane|2\n|move|p1b: Grimmsnarl|Foul Play|p2b: Urshifu\n|-resisted|p2b: Urshifu\n|-damage|p2b: Urshifu|71\/100\n|\n|-weather|RainDance|[upkeep]\n|upkeep\n|inactive|cookingmaster has 30 seconds left.\n|\n|t:|1719982915\n|switch|p1a: Ditto|Ditto, L50|100\/100\n|-transform|p1a: Ditto|p2b: Urshifu|[from] ability: Imposter\n|turn|4\n|\n|t:|1719982926\n|move|p2a: Tornadus|Bleakwind Storm|p1a: Ditto|[spread] p1a,p1b\n|-supereffective|p1a: Ditto\n|-damage|p1a: Ditto|18\/100\n|-damage|p1b: Grimmsnarl|6\/100\n|move|p2b: Urshifu|Close Combat|p1a: Ditto\n|-damage|p1a: Ditto|0 fnt\n|-unboost|p2b: Urshifu|def|1\n|-unboost|p2b: Urshifu|spd|1\n|faint|p1a: Ditto\n|move|p1b: Grimmsnarl|Foul Play|p2b: Urshifu\n|-resisted|p2b: Urshifu\n|-damage|p2b: Urshifu|28\/100\n|\n|-weather|RainDance|[upkeep]\n|upkeep\n|\n|t:|1719982929\n|switch|p1a: Calyrex|Calyrex-Ice, L50|100\/100\n|-ability|p1a: Calyrex|As One\n|-ability|p1a: Calyrex|Unnerve\n|turn|5\n|\n|t:|1719982943\n|move|p2a: Tornadus|Bleakwind Storm|p1b: Grimmsnarl|[spread] p1a,p1b\n|-crit|p1a: Calyrex\n|-damage|p1a: Calyrex|59\/100\n|-damage|p1b: Grimmsnarl|0 fnt\n|faint|p1b: Grimmsnarl\n|move|p2b: Urshifu|Surging Strikes|p1a: Calyrex\n|-crit|p1a: Calyrex\n|-damage|p1a: Calyrex|34\/100\n|-crit|p1a: Calyrex\n|-damage|p1a: Calyrex|11\/100\n|-crit|p1a: Calyrex\n|-damage|p1a: Calyrex|0 fnt\n|faint|p1a: Calyrex\n|-hitcount|p1: Calyrex|3\n|\n|win|player11111\n|raw|cookingmaster's rating: 1747 &rarr; <strong>1722<\/strong><br \/>(-25 for losing)\n|raw|player11111's rating: 1652 &rarr; <strong>1677<\/strong><br \/>(+25 for winning)\n|l|\u2606player11111\n|player|p2|\n","uploadtime":1719983175,"views":9,"formatid":"gen9vgc2024regg","rating":1677,"private":0,"password":null}