{"id":"gen9vgc2024regg-2154784754","format":"[Gen 9] VGC 2024 Reg G","players":["cookingmaster","Gizmocloset"],"log":"|j|\u2606cookingmaster\n|j|\u2606Gizmocloset\n|t:|1720056569\n|gametype|doubles\n|player|p1|cookingmaster|1|1656\n|player|p2|Gizmocloset|magmasuit|1711\n|teamsize|p1|6\n|teamsize|p2|6\n|gen|9\n|tier|[Gen 9] VGC 2024 Reg G\n|rated|\n|rule|Species Clause: Limit one of each Pok\u00e9mon\n|rule|Item Clause: Limit one of each item\n|clearpoke\n|poke|p1|Ditto, L50|\n|poke|p1|Raging Bolt, L50|\n|poke|p1|Chi-Yu, L50|\n|poke|p1|Dudunsparce-*, L50, F|\n|poke|p1|Miraidon, L50|\n|poke|p1|Iron Thorns, L50|\n|poke|p2|Kyogre, L50|\n|poke|p2|Urshifu-*, L50, M|\n|poke|p2|Tsareena, L50, F|\n|poke|p2|Chien-Pao, L50|\n|poke|p2|Ditto, L50|\n|poke|p2|Tornadus, L50, M|\n|teampreview|4\n|inactive|Battle timer is ON: inactive players will automatically lose when time's up. (requested by Gizmocloset)\ncookingmaster rejected open team sheets.\n|inactive|Gizmocloset has 60 seconds left.\n|\n|t:|1720056619\n|start\n|switch|p1a: Miraidon|Miraidon, L50|100\/100\n|switch|p1b: Raging Bolt|Raging Bolt, L50|100\/100\n|switch|p2a: Tornadus|Tornadus, L50, M|100\/100\n|switch|p2b: Kyogre|Kyogre, L50, shiny|100\/100\n|-fieldstart|move: Electric Terrain|[from] ability: Hadron Engine|[of] p1a: Miraidon\n|-weather|RainDance|[from] ability: Drizzle|[of] p2b: Kyogre\n|turn|1\n|inactive|Gizmocloset has 30 seconds left.\n|\n|t:|1720056653\n|-terastallize|p2b: Kyogre|Grass\n|move|p2a: Tornadus|Tailwind|p2a: Tornadus\n|-sidestart|p2: Gizmocloset|move: Tailwind\n|move|p2b: Kyogre|Water Spout|p1b: Raging Bolt|[spread] p1a,p1b\n|-resisted|p1a: Miraidon\n|-resisted|p1b: Raging Bolt\n|-damage|p1a: Miraidon|47\/100\n|-damage|p1b: Raging Bolt|50\/100\n|move|p1a: Miraidon|Parabolic Charge|p2b: Kyogre|[spread] p1b,p2a,p2b\n|-resisted|p1b: Raging Bolt\n|-supereffective|p2a: Tornadus\n|-resisted|p2b: Kyogre\n|-damage|p1b: Raging Bolt|42\/100\n|-heal|p1a: Miraidon|51\/100|[from] drain|[of] p1b: Raging Bolt\n|-damage|p2a: Tornadus|1\/100\n|-heal|p1a: Miraidon|98\/100|[from] drain|[of] p2a: Tornadus\n|-damage|p2b: Kyogre|85\/100\n|-heal|p1a: Miraidon|100\/100|[from] drain|[of] p2b: Kyogre\n|move|p1b: Raging Bolt|Dragon Pulse|p2b: Kyogre\n|-damage|p2b: Kyogre|35\/100\n|\n|-weather|RainDance|[upkeep]\n|upkeep\n|turn|2\n|inactive|cookingmaster has 30 seconds left.\n|\n|t:|1720056679\n|move|p2b: Kyogre|Origin Pulse|p1b: Raging Bolt|[spread] p1a,p1b\n|-resisted|p1a: Miraidon\n|-resisted|p1b: Raging Bolt\n|-damage|p1a: Miraidon|66\/100\n|-damage|p1b: Raging Bolt|8\/100\n|move|p2a: Tornadus|Bleakwind Storm|p1b: Raging Bolt|[spread] p1a,p1b\n|-resisted|p1a: Miraidon\n|-resisted|p1b: Raging Bolt\n|-damage|p1a: Miraidon|51\/100\n|-damage|p1b: Raging Bolt|0 fnt\n|faint|p1b: Raging Bolt\n|-end|p1b: Raging Bolt|Protosynthesis|[silent]\n|move|p1a: Miraidon|Parabolic Charge|p2b: Kyogre|[spread] p2a,p2b\n|-supereffective|p2a: Tornadus\n|-resisted|p2b: Kyogre\n|-damage|p2a: Tornadus|0 fnt\n|-heal|p1a: Miraidon|51\/100|[from] drain|[of] p2a: Tornadus\n|-damage|p2b: Kyogre|18\/100\n|-heal|p1a: Miraidon|59\/100|[from] drain|[of] p2b: Kyogre\n|faint|p2a: Tornadus\n|\n|-weather|RainDance|[upkeep]\n|upkeep\n|\n|t:|1720056693\n|switch|p2a: Tsareena|Tsareena, L50, F, shiny|100\/100\n|switch|p1b: Ditto|Ditto, L50|100\/100\n|-transform|p1b: Ditto|p2a: Tsareena|[from] ability: Imposter\n|turn|3\n|-activate|p1b: Ditto|item: Quick Claw\n|\n|t:|1720056717\n|move|p1b: Ditto|Triple Axel|p2b: Kyogre\n|-supereffective|p2b: Kyogre\n|-damage|p2b: Kyogre|4\/100\n|-supereffective|p2b: Kyogre\n|-damage|p2b: Kyogre|0 fnt\n|faint|p2b: Kyogre\n|-hitcount|p2: Kyogre|2\n|move|p2a: Tsareena|Triple Axel|p1a: Miraidon\n|-supereffective|p1a: Miraidon\n|-damage|p1a: Miraidon|43\/100\n|-supereffective|p1a: Miraidon\n|-damage|p1a: Miraidon|18\/100\n|-supereffective|p1a: Miraidon\n|-damage|p1a: Miraidon|0 fnt\n|faint|p1a: Miraidon\n|-hitcount|p1: Miraidon|3\n|\n|-weather|RainDance|[upkeep]\n|upkeep\n|\n|t:|1720056729\n|switch|p1a: Dudunsparce|Dudunsparce-Three-Segment, L50, F|100\/100\n|switch|p2b: Ditto|Ditto, L50|100\/100\n|-transform|p2b: Ditto|p1a: Dudunsparce|[from] ability: Imposter\n|turn|4\n|inactive|cookingmaster has 30 seconds left.\n|inactive|Gizmocloset has 30 seconds left.\n|inactive|cookingmaster has 20 seconds left.\n|inactive|Gizmocloset has 20 seconds left.\n|inactive|Gizmocloset has 15 seconds left.\n|\n|t:|1720056771\n|-terastallize|p1b: Ditto|Ghost\n|move|p2a: Tsareena|Triple Axel|p1b: Ditto\n|-damage|p1b: Ditto|91\/100\n|-damage|p1b: Ditto|73\/100\n|-damage|p1b: Ditto|50\/100\n|-hitcount|p1b: Ditto|3\n|move|p2b: Ditto|Rock Slide|p1b: Ditto|[spread] p1a,p1b\n|-damage|p1a: Dudunsparce|83\/100\n|-damage|p1b: Ditto|30\/100\n|cant|p1a: Dudunsparce|flinch\n|cant|p1b: Ditto|flinch\n|\n|-weather|RainDance|[upkeep]\n|-sideend|p2: Gizmocloset|move: Tailwind\n|upkeep\n|turn|5\n|\n|t:|1720056795\n|move|p1a: Dudunsparce|Rock Slide|p2a: Tsareena|[spread] p2a,p2b\n|-crit|p2a: Tsareena\n|-damage|p2a: Tsareena|71\/100\n|-damage|p2b: Ditto|77\/100\n|cant|p2a: Tsareena|flinch\n|move|p1b: Ditto|Triple Axel|p2a: Tsareena\n|-supereffective|p2a: Tsareena\n|-damage|p2a: Tsareena|53\/100\n|-supereffective|p2a: Tsareena\n|-damage|p2a: Tsareena|19\/100\n|-supereffective|p2a: Tsareena\n|-damage|p2a: Tsareena|0 fnt\n|faint|p2a: Tsareena\n|-hitcount|p2: Tsareena|3\n|cant|p2b: Ditto|flinch\n|\n|-weather|none\n|-fieldend|move: Electric Terrain\n|upkeep\n|turn|6\n|\n|t:|1720056809\n|move|p1a: Dudunsparce|Rock Slide|p2b: Ditto\n|-damage|p2b: Ditto|45\/100\n|move|p1b: Ditto|Power Whip|p2b: Ditto\n|-damage|p2b: Ditto|0 fnt\n|faint|p2b: Ditto\n|\n|win|cookingmaster\n|raw|cookingmaster's rating: 1656 &rarr; <strong>1679<\/strong><br \/>(+23 for winning)\n|raw|Gizmocloset's rating: 1711 &rarr; <strong>1688<\/strong><br \/>(-23 for losing)\n|l|\u2606Gizmocloset\n|player|p2|\n|l|\u2606cookingmaster\n|player|p1|\n","uploadtime":1720057075,"views":7,"formatid":"gen9vgc2024regg","rating":1679,"private":0,"password":null}