{"id":"gen9vgc2024regg-2154358633","format":"[Gen 9] VGC 2024 Reg G","players":["Tamamonineteam","bluestraggler01"],"log":"|j|\u2606Tamamonineteam\n|j|\u2606bluestraggler01\n|t:|1720001809\n|gametype|doubles\n|player|p1|Tamamonineteam|265|1671\n|player|p2|bluestraggler01|265|1721\n|teamsize|p1|6\n|teamsize|p2|6\n|gen|9\n|tier|[Gen 9] VGC 2024 Reg G\n|rated|\n|rule|Species Clause: Limit one of each Pok\u00e9mon\n|rule|Item Clause: Limit one of each item\n|clearpoke\n|poke|p1|Sceptile, L50, F|\n|poke|p1|Terapagos, L50, M|\n|poke|p1|Comfey, L50, M|\n|poke|p1|Incineroar, L50, M|\n|poke|p1|Raging Bolt, L50|\n|poke|p1|Urshifu-*, L50, F|\n|poke|p2|Zamazenta-*, L50|\n|poke|p2|Pelipper, L50, M|\n|poke|p2|Chien-Pao, L50|\n|poke|p2|Rillaboom, L50, M|\n|poke|p2|Magmar, L50, F|\n|poke|p2|Thundurus-Therian, L50, M|\n|teampreview|4\n|j| GSBird\n|\n|t:|1720001836\n|start\n|switch|p1a: Incineroar|Incineroar, L50, M, shiny|100\/100\n|switch|p1b: Sceptile|Sceptile, L50, F|100\/100\n|switch|p2a: Thundurus|Thundurus-Therian, L50, M|100\/100\n|switch|p2b: Zamazenta|Zamazenta-Crowned, L50|100\/100\n|-ability|p2b: Zamazenta|Dauntless Shield|boost\n|-boost|p2b: Zamazenta|def|1\n|-ability|p1a: Incineroar|Intimidate|boost\n|-unboost|p2a: Thundurus|atk|1\n|-unboost|p2b: Zamazenta|atk|1\n|turn|1\n|\n|t:|1720001862\n|move|p2b: Zamazenta|Protect|p2b: Zamazenta\n|-singleturn|p2b: Zamazenta|Protect\n|move|p1a: Incineroar|Fake Out|p2b: Zamazenta\n|-activate|p2b: Zamazenta|move: Protect\n|move|p2a: Thundurus|Volt Switch|p1a: Incineroar\n|-damage|p1a: Incineroar|65\/100\n|j| TheBeantester\n|\n|t:|1720001870\n|switch|p2a: Rillaboom|Rillaboom, L50, M|100\/100|[from] Volt Switch\n|-fieldstart|move: Grassy Terrain|[from] ability: Grassy Surge|[of] p2a: Rillaboom\n|move|p1b: Sceptile|Shed Tail|p1b: Sceptile\n|-start|p1b: Sceptile|Substitute|[from] move: Shed Tail\n|-damage|p1b: Sceptile|50\/100\n|-enditem|p1b: Sceptile|Sitrus Berry|[eat]\n|-heal|p1b: Sceptile|75\/100|[from] item: Sitrus Berry\n|\n|t:|1720001888\n|switch|p1b: Terapagos|Terapagos, L50, M|100\/100|[from] Shed Tail\n|-activate|p1b: Terapagos|ability: Tera Shift\n|detailschange|p1b: Terapagos|Terapagos-Terastal, L50, M\n|-heal|p1b: Terapagos|100\/100|[silent]\n|\n|-heal|p1a: Incineroar|71\/100|[from] Grassy Terrain\n|upkeep\n|turn|2\n|\n|t:|1720001908\n|-terastallize|p1a: Incineroar|Ghost\n|move|p2b: Zamazenta|Body Press|p1a: Incineroar\n|-immune|p1a: Incineroar\n|move|p2a: Rillaboom|Wood Hammer|p1a: Incineroar\n|-damage|p1a: Incineroar|0 fnt\n|faint|p1a: Incineroar\n|-damage|p2a: Rillaboom|76\/100|[from] Recoil\n|move|p1b: Terapagos|Calm Mind|p1b: Terapagos\n|-boost|p1b: Terapagos|spa|1\n|-boost|p1b: Terapagos|spd|1\n|\n|-heal|p2a: Rillaboom|82\/100|[from] Grassy Terrain\n|upkeep\n|j| huchen\n|l| huchen\n|\n|t:|1720001924\n|switch|p1a: Sceptile|Sceptile, L50, F|75\/100\n|turn|3\n|j| huchen\n|l| huchen\n|\n|t:|1720001945\n|move|p2a: Rillaboom|Grassy Glide|p1a: Sceptile\n|-resisted|p1a: Sceptile\n|-damage|p1a: Sceptile|40\/100\n|move|p1a: Sceptile|Shed Tail|p1a: Sceptile\n|-fail|p1a: Sceptile|move: Shed Tail|[weak]\n|move|p2b: Zamazenta|Body Press|p1a: Sceptile\n|-damage|p1a: Sceptile|0 fnt\n|faint|p1a: Sceptile\n|move|p1b: Terapagos|Calm Mind|p1b: Terapagos\n|-boost|p1b: Terapagos|spa|1\n|-boost|p1b: Terapagos|spd|1\n|\n|-heal|p2a: Rillaboom|89\/100|[from] Grassy Terrain\n|upkeep\n|\n|t:|1720001961\n|switch|p1a: Urshifu|Urshifu-Rapid-Strike, L50, F|100\/100\n|turn|4\n|\n|t:|1720001975\n|switch|p2a: Chien-Pao|Chien-Pao, L50|100\/100\n|-ability|p2a: Chien-Pao|Sword of Ruin\n|move|p1a: Urshifu|Detect|p1a: Urshifu\n|-singleturn|p1a: Urshifu|Protect\n|move|p2b: Zamazenta|Body Press|p1a: Urshifu\n|-activate|p1a: Urshifu|move: Protect\n|move|p1b: Terapagos|Tera Starstorm|p2a: Chien-Pao\n|-damage|p2a: Chien-Pao|0 fnt\n|faint|p2a: Chien-Pao\n|\n|upkeep\n|\n|t:|1720001986\n|switch|p2a: Thundurus|Thundurus-Therian, L50, M|100\/100\n|turn|5\n|\n|t:|1720001997\n|move|p1a: Urshifu|Aqua Jet|p2a: Thundurus\n|-damage|p2a: Thundurus|61\/100\n|move|p2a: Thundurus|Eerie Impulse||[still]\n|-fail|p2a: Thundurus\n|move|p2b: Zamazenta|Body Press|p1a: Urshifu\n|-damage|p1a: Urshifu|34\/100\n|move|p1b: Terapagos|Earth Power|p2b: Zamazenta\n|-supereffective|p2b: Zamazenta\n|-damage|p2b: Zamazenta|15\/100\n|-unboost|p2b: Zamazenta|spd|1\n|\n|-heal|p2b: Zamazenta|21\/100|[from] Grassy Terrain\n|-heal|p1a: Urshifu|40\/100|[from] Grassy Terrain\n|-fieldend|move: Grassy Terrain\n|upkeep\n|turn|6\n|-message|bluestraggler01 forfeited.\n|\n|win|Tamamonineteam\n|raw|Tamamonineteam's rating: 1671 &rarr; <strong>1694<\/strong><br \/>(+23 for winning)\n|raw|bluestraggler01's rating: 1721 &rarr; <strong>1698<\/strong><br \/>(-23 for losing)\n|l|\u2606bluestraggler01\n|player|p2|\n","uploadtime":1720002027,"views":55,"formatid":"gen9vgc2024regg","rating":1694,"private":0,"password":null}