{"id":"gen9vgc2024regg-2154877187","format":"[Gen 9] VGC 2024 Reg G","players":["Read Book","thrrack"],"log":"|j|\u2606Read Book\n|j|\u2606thrrack\n|t:|1720071464\n|gametype|doubles\n|player|p1|Read Book|266|1719\n|player|p2|thrrack|2|1803\n|teamsize|p1|6\n|teamsize|p2|6\n|gen|9\n|tier|[Gen 9] VGC 2024 Reg G\n|rated|\n|rule|Species Clause: Limit one of each Pok\u00e9mon\n|rule|Item Clause: Limit one of each item\n|clearpoke\n|poke|p1|Miraidon, L50|\n|poke|p1|Iron Hands, L50|\n|poke|p1|Iron Bundle, L50|\n|poke|p1|Farigiraf, L50, F|\n|poke|p1|Grimmsnarl, L50, M|\n|poke|p1|Landorus, L50, M|\n|poke|p2|Grimmsnarl, L50, M|\n|poke|p2|Calyrex-Ice, L50|\n|poke|p2|Urshifu-*, L50, M|\n|poke|p2|Ditto, L50|\n|poke|p2|Sinistcha, L50|\n|poke|p2|Raging Bolt, L50|\n|teampreview|4\n|inactive|Battle timer is ON: inactive players will automatically lose when time's up. (requested by Read Book)\n|j| kwarma\n|\n|t:|1720071497\n|start\n|switch|p1a: Iron Hands|Iron Hands, L50|100\/100\n|switch|p1b: Farigiraf|Farigiraf, L50, F|100\/100\n|switch|p2a: Grimmsnarl|Grimmsnarl, L50, M|100\/100\n|switch|p2b: Calyrex|Calyrex-Ice, L50|100\/100\n|-ability|p2b: Calyrex|As One\n|-ability|p2b: Calyrex|Unnerve\n|turn|1\n|\n|t:|1720071512\n|-terastallize|p2b: Calyrex|Ground\n|move|p2a: Grimmsnarl|Reflect|p2a: Grimmsnarl\n|-sidestart|p2: thrrack|Reflect\n|move|p1a: Iron Hands|Drain Punch|p2b: Calyrex\n|-damage|p2b: Calyrex|82\/100\n|move|p1b: Farigiraf|Foul Play|p2b: Calyrex\n|-damage|p2b: Calyrex|64\/100\n|move|p2b: Calyrex|Glacial Lance|p1a: Iron Hands|[spread] p1a,p1b\n|-crit|p1a: Iron Hands\n|-damage|p1a: Iron Hands|37\/100\n|-damage|p1b: Farigiraf|38\/100\n|\n|upkeep\n|turn|2\n|j| ds des chats\n|\n|t:|1720071533\n|move|p2a: Grimmsnarl|Light Screen|p2a: Grimmsnarl\n|-sidestart|p2: thrrack|move: Light Screen\n|move|p1a: Iron Hands|Drain Punch|p2b: Calyrex\n|-damage|p2b: Calyrex|47\/100\n|-heal|p1a: Iron Hands|44\/100|[from] drain|[of] p2b: Calyrex\n|move|p1b: Farigiraf|Foul Play|p2b: Calyrex\n|-damage|p2b: Calyrex|30\/100\n|move|p2b: Calyrex|Glacial Lance|p1a: Iron Hands|[spread] p1a,p1b\n|-damage|p1a: Iron Hands|0 fnt\n|-damage|p1b: Farigiraf|0 fnt\n|faint|p1a: Iron Hands\n|-end|p1a: Iron Hands|Quark Drive|[silent]\n|faint|p1b: Farigiraf\n|-ability|p2b: Calyrex|Chilling Neigh|boost\n|-boost|p2b: Calyrex|atk|2\n|\n|upkeep\n|\n|t:|1720071547\n|switch|p1a: Miraidon|Miraidon, L50|100\/100\n|switch|p1b: Iron Bundle|Iron Bundle, L50|100\/100\n|-fieldstart|move: Electric Terrain|[from] ability: Hadron Engine|[of] p1a: Miraidon\n|-activate|p1b: Iron Bundle|ability: Quark Drive\n|-start|p1b: Iron Bundle|quarkdrivespe\n|turn|3\n|j| GyattDamnnm\n|\n|t:|1720071563\n|-terastallize|p1a: Miraidon|Electric\n|move|p2b: Calyrex|Protect|p2b: Calyrex\n|-singleturn|p2b: Calyrex|Protect\n|move|p2a: Grimmsnarl|Misty Terrain|p2a: Grimmsnarl\n|-fieldstart|move: Misty Terrain\n|-end|p1b: Iron Bundle|Quark Drive\n|move|p1b: Iron Bundle|Freeze-Dry|p2b: Calyrex\n|-activate|p2b: Calyrex|move: Protect\n|move|p1a: Miraidon|Electro Drift|p2a: Grimmsnarl\n|-damage|p2a: Grimmsnarl|36\/100\n|\n|upkeep\n|turn|4\n|\n|t:|1720071574\n|switch|p2a: Sinistcha|Sinistcha, L50|100\/100\n|-heal|p2b: Calyrex|55\/100|[from] ability: Hospitality|[of] p2a: Sinistcha\n|move|p1b: Iron Bundle|Freeze-Dry|p2b: Calyrex\n|-supereffective|p2b: Calyrex\n|-damage|p2b: Calyrex|21\/100\n|move|p1a: Miraidon|Electro Drift|p2a: Sinistcha\n|-resisted|p2a: Sinistcha\n|-crit|p2a: Sinistcha\n|-damage|p2a: Sinistcha|38\/100\n|-damage|p1a: Miraidon|84\/100|[from] item: Rocky Helmet|[of] p2a: Sinistcha\n|move|p2b: Calyrex|Glacial Lance|p1a: Miraidon|[spread] p1a,p1b\n|-resisted|p1b: Iron Bundle\n|-damage|p1a: Miraidon|0 fnt\n|-damage|p1b: Iron Bundle|61\/100\n|faint|p1a: Miraidon\n|-ability|p2b: Calyrex|Chilling Neigh|boost\n|-boost|p2b: Calyrex|atk|1\n|\n|upkeep\n|turn|5\n|-message|Read Book forfeited.\n|\n|win|thrrack\n|raw|Read Book's rating: 1719 &rarr; <strong>1704<\/strong><br \/>(-15 for losing)\n|raw|thrrack's rating: 1803 &rarr; <strong>1818<\/strong><br \/>(+15 for winning)\n|l|\u2606Read Book\n|player|p1|\n|l|\u2606thrrack\n|player|p2|\n|l| GyattDamnnm\n|l| kwarma\n|l| ds des chats\n","uploadtime":1720071809,"views":25,"formatid":"gen9vgc2024regg","rating":1704,"private":0,"password":null}