{"id":"gen9vgc2024regg-2154926437","format":"[Gen 9] VGC 2024 Reg G","players":["shulivgc","Aki Hoshino"],"log":"|j|\u2606shulivgc\n|j|\u2606Aki Hoshino\n|t:|1720081669\n|gametype|doubles\n|player|p1|shulivgc|#smogonxnpa2024draftee2|1869\n|player|p2|Aki Hoshino|aromalady|1858\n|teamsize|p1|6\n|teamsize|p2|6\n|gen|9\n|tier|[Gen 9] VGC 2024 Reg G\n|rated|\n|rule|Species Clause: Limit one of each Pok\u00e9mon\n|rule|Item Clause: Limit one of each item\n|clearpoke\n|poke|p1|Calyrex-Ice, L50|\n|poke|p1|Annihilape, L50, F|\n|poke|p1|Smeargle, L50, F|\n|poke|p1|Ursaluna-Bloodmoon, L50, M|\n|poke|p1|Urshifu-*, L50, F|\n|poke|p1|Ogerpon-Wellspring, L50, F|\n|poke|p2|Whimsicott, L50, F|\n|poke|p2|Calyrex-Ice, L50|\n|poke|p2|Urshifu-*, L50, F|\n|poke|p2|Landorus, L50, M|\n|poke|p2|Rillaboom, L50, M|\n|poke|p2|Entei, L50|\n|teampreview|4\n|inactive|Battle timer is ON: inactive players will automatically lose when time's up. (requested by shulivgc)\n|inactive|Aki Hoshino has 60 seconds left.\n|\n|t:|1720081792\n|start\n|switch|p1a: Calyrex|Calyrex-Ice, L50|100\/100\n|switch|p1b: Ogerpon|Ogerpon-Wellspring, L50, F|100\/100\n|switch|p2a: Rillaboom|Rillaboom, L50, M|100\/100\n|switch|p2b: Urshifu|Urshifu, L50, F|100\/100\n|-ability|p1a: Calyrex|As One\n|-ability|p1a: Calyrex|Unnerve\n|-fieldstart|move: Grassy Terrain|[from] ability: Grassy Surge|[of] p2a: Rillaboom\n|turn|1\n|inactive|Aki Hoshino has 30 seconds left.\n|inactive|Aki Hoshino has 20 seconds left.\n|inactive|Aki Hoshino has 15 seconds left.\n|inactive|Aki Hoshino has 10 seconds left.\n|inactive|Aki Hoshino has 5 seconds left.\n|\n|t:|1720081846\n|switch|p1a: Urshifu|Urshifu, L50, F|100\/100\n|-terastallize|p2a: Rillaboom|Fire\n|move|p2a: Rillaboom|Fake Out|p1b: Ogerpon\n|-damage|p1b: Ogerpon|85\/100\n|move|p2b: Urshifu|Wicked Blow|p1a: Urshifu\n|-resisted|p1a: Urshifu\n|-crit|p1a: Urshifu\n|-damage|p1a: Urshifu|81\/100\n|cant|p1b: Ogerpon|flinch\n|\n|-heal|p1b: Ogerpon|91\/100|[from] Grassy Terrain\n|-heal|p1a: Urshifu|88\/100|[from] Grassy Terrain\n|upkeep\n|turn|2\n|inactive|shulivgc has 30 seconds left.\n|inactive|Aki Hoshino has 30 seconds left.\n|inactive|shulivgc has 20 seconds left.\n|inactive|Aki Hoshino has 20 seconds left.\n|inactive|Aki Hoshino has 15 seconds left.\n|inactive|Aki Hoshino has 10 seconds left.\n|inactive|Aki Hoshino has 5 seconds left.\n|\n|t:|1720081897\n|move|p2a: Rillaboom|Protect|p2a: Rillaboom\n|-singleturn|p2a: Rillaboom|Protect\n|move|p2b: Urshifu|Wicked Blow|p1b: Ogerpon\n|-crit|p1b: Ogerpon\n|-damage|p1b: Ogerpon|0 fnt\n|faint|p1b: Ogerpon\n|move|p1a: Urshifu|Close Combat|p2b: Urshifu\n|-supereffective|p2b: Urshifu\n|-damage|p2b: Urshifu|0 fnt\n|-unboost|p1a: Urshifu|def|1\n|-unboost|p1a: Urshifu|spd|1\n|faint|p2b: Urshifu\n|\n|-heal|p1a: Urshifu|94\/100|[from] Grassy Terrain\n|upkeep\n|inactive|shulivgc has 30 seconds left.\n|inactive|Aki Hoshino has 30 seconds left.\n|inactive|shulivgc has 20 seconds left.\n|inactive|Aki Hoshino has 20 seconds left.\n|inactive|Aki Hoshino has 15 seconds left.\n|inactive|Aki Hoshino has 10 seconds left.\n|inactive|Aki Hoshino has 5 seconds left.\n|\n|t:|1720081948\n|switch|p2b: Calyrex|Calyrex-Ice, L50|100\/100\n|switch|p1b: Calyrex|Calyrex-Ice, L50|100\/100\n|-ability|p2b: Calyrex|As One\n|-ability|p2b: Calyrex|Unnerve\n|-ability|p1b: Calyrex|As One\n|-ability|p1b: Calyrex|Unnerve\n|turn|3\n|inactive|Aki Hoshino has 30 seconds left.\n|\n|t:|1720081983\n|move|p2a: Rillaboom|Wood Hammer|p1b: Calyrex\n|-damage|p1b: Calyrex|35\/100\n|-damage|p2a: Rillaboom|77\/100|[from] Recoil\n|move|p2b: Calyrex|Glacial Lance|p1a: Urshifu|[spread] p1a,p1b\n|-resisted|p1b: Calyrex\n|-damage|p1a: Urshifu|16\/100\n|-damage|p1b: Calyrex|17\/100\n|move|p1a: Urshifu|Close Combat|p2a: Rillaboom\n|-damage|p2a: Rillaboom|0 fnt\n|-unboost|p1a: Urshifu|def|1\n|-unboost|p1a: Urshifu|spd|1\n|faint|p2a: Rillaboom\n|move|p1b: Calyrex|Trick Room|p1b: Calyrex\n|-fieldstart|move: Trick Room|[of] p1b: Calyrex\n|\n|-heal|p1b: Calyrex|23\/100|[from] Grassy Terrain\n|-heal|p1a: Urshifu|22\/100|[from] Grassy Terrain\n|upkeep\n|\n|t:|1720082000\n|switch|p2a: Entei|Entei, L50|100\/100\n|turn|4\n|\n|t:|1720082016\n|move|p1b: Calyrex|Protect|p1b: Calyrex\n|-singleturn|p1b: Calyrex|Protect\n|move|p2a: Entei|Extreme Speed|p1a: Urshifu\n|-damage|p1a: Urshifu|0 fnt\n|faint|p1a: Urshifu\n|move|p2b: Calyrex|Glacial Lance|p1b: Calyrex\n|-activate|p1b: Calyrex|move: Protect\n|\n|-heal|p1b: Calyrex|29\/100|[from] Grassy Terrain\n|upkeep\n|\n|t:|1720082022\n|switch|p1a: Smeargle|Smeargle, L50, F|100\/100\n|turn|5\n|inactive|Aki Hoshino has 30 seconds left.\n|inactive|Aki Hoshino has 20 seconds left.\n|\n|t:|1720082061\n|move|p1a: Smeargle|Fake Out|p2b: Calyrex\n|-damage|p2b: Calyrex|95\/100\n|move|p1b: Calyrex|High Horsepower|p2a: Entei\n|-supereffective|p2a: Entei\n|-damage|p2a: Entei|15\/100\n|cant|p2b: Calyrex|flinch\n|move|p2a: Entei|Sacred Fire|p1b: Calyrex\n|-supereffective|p1b: Calyrex\n|-damage|p1b: Calyrex|0 fnt\n|faint|p1b: Calyrex\n|\n|-heal|p2b: Calyrex|100\/100|[from] Grassy Terrain\n|-heal|p2a: Entei|21\/100|[from] Grassy Terrain\n|-fieldend|move: Grassy Terrain\n|upkeep\n|turn|6\n|-message|shulivgc forfeited.\n|\n|win|Aki Hoshino\n|raw|shulivgc's rating: 1869 &rarr; <strong>1848<\/strong><br \/>(-21 for losing)\n|raw|Aki Hoshino's rating: 1858 &rarr; <strong>1879<\/strong><br \/>(+21 for winning)\n|l|\u2606shulivgc\n|player|p1|\n|l|\u2606Aki Hoshino\n|player|p2|\n","uploadtime":1720082083,"views":718,"formatid":"gen9vgc2024regg","rating":1848,"private":0,"password":null}