{"id":"gen9vgc2024regg-2154432257","format":"[Gen 9] VGC 2024 Reg G","players":["pluipi","xiaomaoagz"],"log":"|j|\u2606pluipi\n|j|\u2606xiaomaoagz\n|t:|1720013630\n|gametype|doubles\n|player|p1|pluipi|giovanni|1706\n|player|p2|xiaomaoagz|101|1705\n|teamsize|p1|6\n|teamsize|p2|6\n|gen|9\n|tier|[Gen 9] VGC 2024 Reg G\n|rated|\n|rule|Species Clause: Limit one of each Pok\u00e9mon\n|rule|Item Clause: Limit one of each item\n|clearpoke\n|poke|p1|Kyogre, L50|\n|poke|p1|Archaludon, L50, M|\n|poke|p1|Sinistcha, L50|\n|poke|p1|Grimmsnarl, L50, M|\n|poke|p1|Tornadus, L50, M|\n|poke|p1|Urshifu-*, L50, F|\n|poke|p2|Calyrex-Shadow, L50|\n|poke|p2|Raging Bolt, L50|\n|poke|p2|Clefairy, L50, M|\n|poke|p2|Urshifu-*, L50, F|\n|poke|p2|Incineroar, L50, M|\n|poke|p2|Rillaboom, L50, M|\n|teampreview|4\n|\n|t:|1720013677\n|start\n|switch|p1a: Funni fish|Kyogre, L50|100\/100\n|switch|p1b: Tornadus|Tornadus, L50, M|100\/100\n|switch|p2a: Raging Bolt|Raging Bolt, L50|100\/100\n|switch|p2b: Rillaboom|Rillaboom, L50, M, shiny|100\/100\n|-fieldstart|move: Grassy Terrain|[from] ability: Grassy Surge|[of] p2b: Rillaboom\n|-weather|RainDance|[from] ability: Drizzle|[of] p1a: Funni fish\n|turn|1\n|\n|t:|1720013697\n|move|p1a: Funni fish|Protect|p1a: Funni fish\n|-singleturn|p1a: Funni fish|Protect\n|move|p2b: Rillaboom|Fake Out|p1b: Tornadus\n|-damage|p1b: Tornadus|78\/100\n|cant|p1b: Tornadus|flinch\n|move|p2a: Raging Bolt|Snarl|p1b: Tornadus|[spread] p1b\n|-activate|p1a: Funni fish|move: Protect\n|-damage|p1b: Tornadus|54\/100\n|-unboost|p1b: Tornadus|spa|1\n|\n|-weather|RainDance|[upkeep]\n|upkeep\n|turn|2\n|\n|t:|1720013753\n|-terastallize|p1a: Funni fish|Grass\n|move|p1b: Tornadus|Tailwind|p1b: Tornadus\n|-sidestart|p1: pluipi|move: Tailwind\n|move|p1a: Funni fish|Ice Beam|p2a: Raging Bolt\n|-supereffective|p2a: Raging Bolt\n|-damage|p2a: Raging Bolt|59\/100\n|move|p2b: Rillaboom|U-turn|p1a: Funni fish\n|-supereffective|p1a: Funni fish\n|-damage|p1a: Funni fish|54\/100\n|\n|t:|1720013762\n|switch|p2b: Calyrex|Calyrex-Shadow, L50|100\/100|[from] U-turn\n|-ability|p2b: Calyrex|As One\n|-ability|p2b: Calyrex|Unnerve\n|move|p2a: Raging Bolt|Snarl|p1a: Funni fish|[spread] p1b\n|-miss|p2a: Raging Bolt|p1a: Funni fish\n|-damage|p1b: Tornadus|34\/100\n|-unboost|p1b: Tornadus|spa|1\n|\n|-weather|RainDance|[upkeep]\n|-heal|p1a: Funni fish|60\/100|[from] Grassy Terrain\n|-heal|p2a: Raging Bolt|65\/100|[from] Grassy Terrain\n|upkeep\n|turn|3\n|\n|t:|1720013796\n|switch|p2b: Rillaboom|Rillaboom, L50, M, shiny|100\/100\n|move|p1b: Tornadus|Bleakwind Storm|p2a: Raging Bolt|[spread] p2a,p2b\n|-resisted|p2a: Raging Bolt\n|-supereffective|p2b: Rillaboom\n|-damage|p2a: Raging Bolt|60\/100\n|-damage|p2b: Rillaboom|57\/100\n|-unboost|p2b: Rillaboom|spe|1\n|move|p1a: Funni fish|Origin Pulse|p2a: Raging Bolt|[spread] p2a\n|-miss|p1a: Funni fish|p2b: Rillaboom\n|-resisted|p2a: Raging Bolt\n|-damage|p2a: Raging Bolt|37\/100\n|move|p2a: Raging Bolt|Volt Switch|p1b: Tornadus\n|-supereffective|p1b: Tornadus\n|-damage|p1b: Tornadus|0 fnt\n|faint|p1b: Tornadus\n|\n|t:|1720013814\n|-end|p2a: Raging Bolt|Protosynthesis|[silent]\n|switch|p2a: Calyrex|Calyrex-Shadow, L50|100\/100|[from] Volt Switch\n|-ability|p2a: Calyrex|As One\n|-ability|p2a: Calyrex|Unnerve\n|\n|-weather|RainDance|[upkeep]\n|-heal|p1a: Funni fish|65\/100|[from] Grassy Terrain\n|-heal|p2b: Rillaboom|63\/100|[from] Grassy Terrain\n|upkeep\n|\n|t:|1720013825\n|switch|p1b: Archaludon|Archaludon, L50, M|100\/100\n|turn|4\n|\n|t:|1720013840\n|move|p1a: Funni fish|Protect|p1a: Funni fish\n|-singleturn|p1a: Funni fish|Protect\n|move|p2b: Rillaboom|Fake Out|p1a: Funni fish\n|-activate|p1a: Funni fish|move: Protect\n|move|p1b: Archaludon|Flash Cannon|p2a: Calyrex\n|-damage|p2a: Calyrex|67\/100\n|move|p2a: Calyrex|Calm Mind|p2a: Calyrex\n|-boost|p2a: Calyrex|spa|1\n|-boost|p2a: Calyrex|spd|1\n|\n|-weather|RainDance|[upkeep]\n|-heal|p1a: Funni fish|71\/100|[from] Grassy Terrain\n|-heal|p2a: Calyrex|73\/100|[from] Grassy Terrain\n|-heal|p2b: Rillaboom|69\/100|[from] Grassy Terrain\n|upkeep\n|turn|5\n|\n|t:|1720013861\n|move|p2a: Calyrex|Protect|p2a: Calyrex\n|-singleturn|p2a: Calyrex|Protect\n|move|p1a: Funni fish|Origin Pulse|p2b: Rillaboom|[spread] p2b\n|-activate|p2a: Calyrex|move: Protect\n|-resisted|p2b: Rillaboom\n|-damage|p2b: Rillaboom|18\/100\n|move|p1b: Archaludon|Electro Shot||[still]\n|-prepare|p1b: Archaludon|Electro Shot\n|-boost|p1b: Archaludon|spa|1\n|-anim|p1b: Archaludon|Electro Shot|p2a: Calyrex\n|-activate|p2a: Calyrex|move: Protect\n|move|p2b: Rillaboom|U-turn|p1a: Funni fish\n|-supereffective|p1a: Funni fish\n|-damage|p1a: Funni fish|21\/100\n|\n|t:|1720013880\n|switch|p2b: Incineroar|Incineroar, L50, M|100\/100|[from] U-turn\n|-ability|p2b: Incineroar|Intimidate|boost\n|-unboost|p1a: Funni fish|atk|1\n|-unboost|p1b: Archaludon|atk|1\n|\n|-weather|none\n|-heal|p1a: Funni fish|27\/100|[from] Grassy Terrain\n|-heal|p2a: Calyrex|79\/100|[from] Grassy Terrain\n|-sideend|p1: pluipi|move: Tailwind\n|-fieldend|move: Grassy Terrain\n|upkeep\n|turn|6\n|j| THUNDERSND77\n|\n|t:|1720013893\n|move|p1a: Funni fish|Protect|p1a: Funni fish\n|-singleturn|p1a: Funni fish|Protect\n|move|p2b: Incineroar|Fake Out|p1b: Archaludon\n|-resisted|p1b: Archaludon\n|-damage|p1b: Archaludon|97\/100\n|-ability|p1b: Archaludon|Stamina|boost\n|-boost|p1b: Archaludon|def|1\n|move|p2a: Calyrex|Astral Barrage|p1b: Archaludon|[spread] p1b\n|-activate|p1a: Funni fish|move: Protect\n|-damage|p1b: Archaludon|41\/100\n|-ability|p1b: Archaludon|Stamina|boost\n|-boost|p1b: Archaludon|def|1\n|cant|p1b: Archaludon|flinch\n|\n|upkeep\n|turn|7\n|\n|t:|1720013914\n|switch|p2b: Rillaboom|Rillaboom, L50, M, shiny|18\/100\n|-fieldstart|move: Grassy Terrain|[from] ability: Grassy Surge|[of] p2b: Rillaboom\n|move|p1a: Funni fish|Protect||[still]\n|-fail|p1a: Funni fish\n|move|p2a: Calyrex|Astral Barrage|p1a: Funni fish|[spread] p1a,p1b\n|-damage|p1a: Funni fish|0 fnt\n|-damage|p1b: Archaludon|0 fnt\n|faint|p1a: Funni fish\n|faint|p1b: Archaludon\n|-ability|p2a: Calyrex|Grim Neigh|boost\n|-boost|p2a: Calyrex|spa|2\n|\n|-heal|p2a: Calyrex|85\/100|[from] Grassy Terrain\n|-heal|p2b: Rillaboom|24\/100|[from] Grassy Terrain\n|upkeep\n|-message|pluipi forfeited.\n|\n|win|xiaomaoagz\n|raw|pluipi's rating: 1706 &rarr; <strong>1686<\/strong><br \/>(-20 for losing)\n|raw|xiaomaoagz's rating: 1705 &rarr; <strong>1725<\/strong><br \/>(+20 for winning)\n|l|\u2606pluipi\n|player|p1|\n|l|\u2606xiaomaoagz\n|player|p2|\n|l| THUNDERSND77\n","uploadtime":1720014104,"views":18,"formatid":"gen9vgc2024regg","rating":1686,"private":0,"password":null}