{"id":"gen9vgc2024regg-2154938824","format":"[Gen 9] VGC 2024 Reg G","players":["googer315","rebirthruby"],"log":"|j|\u2606googer315\n|j|\u2606rebirthruby\n|t:|1720084194\n|gametype|doubles\n|player|p1|googer315|102|1676\n|player|p2|rebirthruby|266|1718\n|teamsize|p1|6\n|teamsize|p2|6\n|gen|9\n|tier|[Gen 9] VGC 2024 Reg G\n|rated|\n|rule|Species Clause: Limit one of each Pok\u00e9mon\n|rule|Item Clause: Limit one of each item\n|clearpoke\n|poke|p1|Koraidon, L50|\n|poke|p1|Flutter Mane, L50|\n|poke|p1|Chi-Yu, L50|\n|poke|p1|Raging Bolt, L50|\n|poke|p1|Arcanine-Hisui, L50, F|\n|poke|p1|Regidrago, L50|\n|poke|p2|Calyrex-Ice, L50|\n|poke|p2|Annihilape, L50, M|\n|poke|p2|Ogerpon-Wellspring, L50, F|\n|poke|p2|Urshifu-*, L50, M|\n|poke|p2|Ursaluna-Bloodmoon, L50, M|\n|poke|p2|Smeargle, L50, M|\n|teampreview|4\n|j| Auryz\n|inactive|Battle timer is ON: inactive players will automatically lose when time's up. (requested by googer315)\n|\n|t:|1720084239\n|start\n|switch|p1a: Flutter Mane|Flutter Mane, L50|100\/100\n|switch|p1b: Chi-Yu|Chi-Yu, L50|100\/100\n|switch|p2a: Annihilape|Annihilape, L50, M|100\/100\n|switch|p2b: Calyrex|Calyrex-Ice, L50|100\/100\n|-ability|p2b: Calyrex|As One\n|-ability|p2b: Calyrex|Unnerve\n|-ability|p1b: Chi-Yu|Beads of Ruin\n|turn|1\n|inactive|rebirthruby has 30 seconds left.\n|inactive|googer315 has 30 seconds left.\n|\n|t:|1720084271\n|-terastallize|p2b: Calyrex|Water\n|move|p2a: Annihilape|Coaching|p2b: Calyrex\n|-boost|p2b: Calyrex|atk|1\n|-boost|p2b: Calyrex|def|1\n|move|p1a: Flutter Mane|Shadow Ball|p2b: Calyrex\n|-damage|p2b: Calyrex|59\/100\n|move|p1b: Chi-Yu|Dark Pulse|p2b: Calyrex\n|-damage|p2b: Calyrex|19\/100\n|-enditem|p2b: Calyrex|Sitrus Berry|[eat]\n|-heal|p2b: Calyrex|44\/100|[from] item: Sitrus Berry\n|cant|p2b: Calyrex|flinch\n|\n|upkeep\n|turn|2\n|c|\u2606googer315|lol\n|inactive|googer315 has 30 seconds left.\n|inactive|rebirthruby has 30 seconds left.\n|inactive|rebirthruby has 20 seconds left.\n|inactive|rebirthruby has 15 seconds left.\n|inactive|rebirthruby has 10 seconds left.\n|\n|t:|1720084320\n|move|p2a: Annihilape|Final Gambit|p1b: Chi-Yu\n|-damage|p1b: Chi-Yu|0 fnt\n|faint|p2a: Annihilape\n|faint|p1b: Chi-Yu\n|move|p1a: Flutter Mane|Dazzling Gleam|p2b: Calyrex\n|-damage|p2b: Calyrex|14\/100\n|move|p2b: Calyrex|Trick Room|p2b: Calyrex\n|-fieldstart|move: Trick Room|[of] p2b: Calyrex\n|\n|upkeep\n|\n|t:|1720084333\n|switch|p1b: Arcanine|Arcanine-Hisui, L50, F|100\/100\n|switch|p2a: Urshifu|Urshifu, L50, M|100\/100\n|-ability|p1b: Arcanine|Intimidate|boost\n|-unboost|p2a: Urshifu|atk|1\n|-unboost|p2b: Calyrex|atk|1\n|turn|3\n|inactive|rebirthruby has 30 seconds left.\n|\n|t:|1720084365\n|move|p2b: Calyrex|Protect|p2b: Calyrex\n|-singleturn|p2b: Calyrex|Protect\n|move|p1b: Arcanine|Extreme Speed|p2b: Calyrex\n|-activate|p2b: Calyrex|move: Protect\n|move|p2a: Urshifu|Close Combat|p1b: Arcanine\n|-supereffective|p1b: Arcanine\n|-damage|p1b: Arcanine|0 fnt\n|-unboost|p2a: Urshifu|def|1\n|-unboost|p2a: Urshifu|spd|1\n|faint|p1b: Arcanine\n|move|p1a: Flutter Mane|Dazzling Gleam|p2a: Urshifu|[spread] p2a\n|-activate|p2b: Calyrex|move: Protect\n|-supereffective|p2a: Urshifu\n|-damage|p2a: Urshifu|0 fnt\n|faint|p2a: Urshifu\n|\n|upkeep\n|\n|t:|1720084382\n|switch|p1b: Koraidon|Koraidon, L50|100\/100\n|switch|p2a: Ursaluna|Ursaluna-Bloodmoon, L50, M|100\/100\n|-weather|SunnyDay|[from] ability: Orichalcum Pulse|[of] p1b: Koraidon\n|-activate|p1a: Flutter Mane|ability: Protosynthesis\n|-start|p1a: Flutter Mane|protosynthesisspa\n|-activate|p1b: Koraidon|Orichalcum Pulse|[source]\n|turn|4\n|\n|t:|1720084392\n|move|p1b: Koraidon|Protect|p1b: Koraidon\n|-singleturn|p1b: Koraidon|Protect\n|move|p2a: Ursaluna|Blood Moon|p1b: Koraidon\n|-activate|p1b: Koraidon|move: Protect\n|move|p2b: Calyrex|Glacial Lance|p1a: Flutter Mane|[spread] p1a\n|-activate|p1b: Koraidon|move: Protect\n|-damage|p1a: Flutter Mane|9\/100\n|move|p1a: Flutter Mane|Dazzling Gleam|p2a: Ursaluna|[spread] p2a,p2b\n|-damage|p2a: Ursaluna|52\/100\n|-damage|p2b: Calyrex|0 fnt\n|faint|p2b: Calyrex\n|\n|-weather|SunnyDay|[upkeep]\n|upkeep\n|turn|5\n|\n|t:|1720084413\n|move|p2a: Ursaluna|Hyper Voice|p1a: Flutter Mane|[spread] p1a,p1b\n|-damage|p1a: Flutter Mane|0 fnt\n|-damage|p1b: Koraidon|57\/100\n|faint|p1a: Flutter Mane\n|-end|p1a: Flutter Mane|Protosynthesis|[silent]\n|-damage|p2a: Ursaluna|42\/100|[from] item: Life Orb\n|move|p1b: Koraidon|Collision Course|p2a: Ursaluna\n|-supereffective|p2a: Ursaluna\n|-damage|p2a: Ursaluna|0 fnt\n|faint|p2a: Ursaluna\n|\n|win|googer315\n|raw|googer315's rating: 1676 &rarr; <strong>1698<\/strong><br \/>(+22 for winning)\n|raw|rebirthruby's rating: 1718 &rarr; <strong>1696<\/strong><br \/>(-22 for losing)\n|l| Auryz\n|l|\u2606rebirthruby\n|player|p2|\n","uploadtime":1720084631,"views":16,"formatid":"gen9vgc2024regg","rating":1696,"private":0,"password":null}