{"id":"gen9vgc2024regg-2154923334","format":"[Gen 9] VGC 2024 Reg G","players":["Aki Hoshino","shulivgc"],"log":"|j|\u2606Aki Hoshino\n|j|\u2606shulivgc\n|t:|1720081016\n|gametype|doubles\n|player|p1|Aki Hoshino|aromalady|1872\n|player|p2|shulivgc|#smogonxnpa2024draftee2|1841\n|teamsize|p1|6\n|teamsize|p2|6\n|gen|9\n|tier|[Gen 9] VGC 2024 Reg G\n|rated|\n|rule|Species Clause: Limit one of each Pok\u00e9mon\n|rule|Item Clause: Limit one of each item\n|clearpoke\n|poke|p1|Whimsicott, L50, F|\n|poke|p1|Calyrex-Ice, L50|\n|poke|p1|Urshifu-*, L50, F|\n|poke|p1|Landorus, L50, M|\n|poke|p1|Rillaboom, L50, F|\n|poke|p1|Entei, L50|\n|poke|p2|Calyrex-Ice, L50|\n|poke|p2|Annihilape, L50, M|\n|poke|p2|Smeargle, L50, F|\n|poke|p2|Ursaluna-Bloodmoon, L50, M|\n|poke|p2|Urshifu-*, L50, M|\n|poke|p2|Ogerpon-Wellspring, L50, F|\n|teampreview|4\n|\n|t:|1720081043\n|start\n|switch|p1a: Whimsicott|Whimsicott, L50, F|100\/100\n|switch|p1b: Calyrex|Calyrex-Ice, L50|100\/100\n|switch|p2a: Calyrex|Calyrex-Ice, L50|100\/100\n|switch|p2b: Ogerpon|Ogerpon-Wellspring, L50, F|100\/100\n|-ability|p1b: Calyrex|As One\n|-ability|p1b: Calyrex|Unnerve\n|-ability|p2a: Calyrex|As One\n|-ability|p2a: Calyrex|Unnerve\n|turn|1\n|\n|t:|1720081092\n|-terastallize|p2b: Ogerpon|Water\n|detailschange|p2b: Ogerpon|Ogerpon-Wellspring-Tera, L50, F, tera:Water\n|-ability|p2b: Ogerpon|Embody Aspect (Wellspring)|boost\n|-boost|p2b: Ogerpon|spd|1\n|move|p1a: Whimsicott|Endeavor|p2b: Ogerpon\n|-damage|p2b: Ogerpon|73\/100\n|move|p2b: Ogerpon|Ivy Cudgel|p1b: Calyrex|[anim] Ivy Cudgel Water\n|-damage|p1b: Calyrex|51\/100\n|move|p1b: Calyrex|Glacial Lance|p2b: Ogerpon|[spread] p2a,p2b\n|-resisted|p2a: Calyrex\n|-resisted|p2b: Ogerpon\n|-damage|p2a: Calyrex|85\/100\n|-damage|p2b: Ogerpon|45\/100\n|move|p2a: Calyrex|Glacial Lance|p1a: Whimsicott|[spread] p1a,p1b\n|-supereffective|p1a: Whimsicott\n|-resisted|p1b: Calyrex\n|-enditem|p1a: Whimsicott|Focus Sash\n|-damage|p1a: Whimsicott|1\/100\n|-damage|p1b: Calyrex|31\/100\n|\n|upkeep\n|turn|2\n|\n|t:|1720081181\n|move|p2b: Ogerpon|Follow Me|p2b: Ogerpon\n|-singleturn|p2b: Ogerpon|move: Follow Me\n|move|p1a: Whimsicott|Endeavor|p2b: Ogerpon\n|-damage|p2b: Ogerpon|1\/100\n|move|p1b: Calyrex|Glacial Lance|p2b: Ogerpon|[spread] p2a,p2b\n|-resisted|p2a: Calyrex\n|-resisted|p2b: Ogerpon\n|-damage|p2a: Calyrex|69\/100\n|-damage|p2b: Ogerpon|0 fnt\n|faint|p2b: Ogerpon\n|-ability|p1b: Calyrex|Chilling Neigh|boost\n|-boost|p1b: Calyrex|atk|1\n|move|p2a: Calyrex|Trick Room|p2a: Calyrex\n|-fieldstart|move: Trick Room|[of] p2a: Calyrex\n|\n|upkeep\n|\n|t:|1720081190\n|switch|p2b: Smeargle|Smeargle, L50, F|100\/100\n|turn|3\n|\n|t:|1720081230\n|-terastallize|p1a: Whimsicott|Ghost\n|move|p2a: Calyrex|Protect|p2a: Calyrex\n|-singleturn|p2a: Calyrex|Protect\n|move|p1b: Calyrex|Protect|p1b: Calyrex\n|-singleturn|p1b: Calyrex|Protect\n|move|p1a: Whimsicott|Encore|p2a: Calyrex\n|-activate|p2a: Calyrex|move: Protect\n|move|p2b: Smeargle|Decorate|p2a: Calyrex\n|-boost|p2a: Calyrex|atk|2\n|-boost|p2a: Calyrex|spa|2\n|\n|upkeep\n|turn|4\n|\n|t:|1720081254\n|move|p2b: Smeargle|Follow Me|p2b: Smeargle\n|-singleturn|p2b: Smeargle|move: Follow Me\n|move|p1a: Whimsicott|Encore|p2b: Smeargle\n|-start|p2b: Smeargle|Encore\n|move|p2a: Calyrex|Glacial Lance|p1a: Whimsicott|[spread] p1a,p1b\n|-resisted|p1b: Calyrex\n|-damage|p1a: Whimsicott|0 fnt\n|-damage|p1b: Calyrex|0 fnt\n|faint|p1a: Whimsicott\n|faint|p1b: Calyrex\n|-ability|p2a: Calyrex|Chilling Neigh|boost\n|-boost|p2a: Calyrex|atk|2\n|\n|upkeep\n|\n|t:|1720081261\n|switch|p1b: Urshifu|Urshifu, L50, F|100\/100\n|switch|p1a: Rillaboom|Rillaboom, L50, F|100\/100\n|-fieldstart|move: Grassy Terrain|[from] ability: Grassy Surge|[of] p1a: Rillaboom\n|turn|5\n|\n|t:|1720081287\n|switch|p2a: Urshifu|Urshifu, L50, M|100\/100\n|move|p1a: Rillaboom|Fake Out|p2b: Smeargle\n|-damage|p2b: Smeargle|80\/100\n|cant|p2b: Smeargle|flinch\n|move|p1b: Urshifu|Sucker Punch||[still]\n|-fail|p1b: Urshifu\n|\n|-heal|p2b: Smeargle|86\/100|[from] Grassy Terrain\n|upkeep\n|turn|6\n|j| Auryz\n|\n|t:|1720081343\n|switch|p2b: Calyrex|Calyrex-Ice, L50|69\/100\n|-ability|p2b: Calyrex|As One\n|-ability|p2b: Calyrex|Unnerve\n|move|p1a: Rillaboom|Grassy Glide|p2b: Calyrex\n|-damage|p2b: Calyrex|42\/100\n|-enditem|p2b: Calyrex|Sitrus Berry|[eat]\n|-heal|p2b: Calyrex|67\/100|[from] item: Sitrus Berry\n|move|p1b: Urshifu|Sucker Punch|p2a: Urshifu\n|-resisted|p2a: Urshifu\n|-damage|p2a: Urshifu|89\/100\n|move|p2a: Urshifu|Close Combat|p1b: Urshifu\n|-supereffective|p1b: Urshifu\n|-damage|p1b: Urshifu|0 fnt\n|-unboost|p2a: Urshifu|def|1\n|-unboost|p2a: Urshifu|spd|1\n|faint|p1b: Urshifu\n|\n|-heal|p2b: Calyrex|73\/100|[from] Grassy Terrain\n|-heal|p2a: Urshifu|95\/100|[from] Grassy Terrain\n|-fieldend|move: Trick Room\n|upkeep\n|turn|7\n|l| Auryz\n|\n|t:|1720081370\n|move|p1a: Rillaboom|Wood Hammer|p2b: Calyrex\n|-damage|p2b: Calyrex|10\/100\n|-damage|p1a: Rillaboom|78\/100|[from] Recoil\n|move|p2a: Urshifu|Close Combat|p1a: Rillaboom\n|-damage|p1a: Rillaboom|0 fnt\n|-unboost|p2a: Urshifu|def|1\n|-unboost|p2a: Urshifu|spd|1\n|faint|p1a: Rillaboom\n|\n|win|shulivgc\n|raw|Aki Hoshino's rating: 1872 &rarr; <strong>1850<\/strong><br \/>(-22 for losing)\n|raw|shulivgc's rating: 1841 &rarr; <strong>1863<\/strong><br \/>(+22 for winning)\n|l|\u2606shulivgc\n|player|p2|\n|l|\u2606Aki Hoshino\n|player|p1|\n","uploadtime":1720081576,"views":1075,"formatid":"gen9vgc2024regg","rating":1850,"private":0,"password":null}