{"id":"gen9vgc2024regg-2154412533","format":"[Gen 9] VGC 2024 Reg G","players":["evilest twink","thrrack"],"log":"|j|\u2606evilest twink\n|j|\u2606thrrack\n|t:|1720010971\n|gametype|doubles\n|player|p1|evilest twink|grimsley-masters|1647\n|player|p2|thrrack|169|1819\n|teamsize|p1|6\n|teamsize|p2|6\n|gen|9\n|tier|[Gen 9] VGC 2024 Reg G\n|rated|\n|rule|Species Clause: Limit one of each Pok\u00e9mon\n|rule|Item Clause: Limit one of each item\n|clearpoke\n|poke|p1|Tornadus, L50, M|\n|poke|p1|Chi-Yu, L50|\n|poke|p1|Calyrex-Shadow, L50|\n|poke|p1|Indeedee-F, L50, F|\n|poke|p1|Urshifu-*, L50, M|\n|poke|p1|Flutter Mane, L50|\n|poke|p2|Grimmsnarl, L50, M|\n|poke|p2|Calyrex-Ice, L50|\n|poke|p2|Urshifu-*, L50, F|\n|poke|p2|Ditto, L50|\n|poke|p2|Sinistcha, L50|\n|poke|p2|Raging Bolt, L50|\n|teampreview|4\n|inactive|Battle timer is ON: inactive players will automatically lose when time's up. (requested by evilest twink)\n|inactive|evilest twink has 60 seconds left.\n|\n|t:|1720011019\n|start\n|switch|p1a: Flutter Mane|Flutter Mane, L50|100\/100\n|switch|p1b: Chi-Yu|Chi-Yu, L50|100\/100\n|switch|p2a: Raging Bolt|Raging Bolt, L50|100\/100\n|switch|p2b: Grimmsnarl|Grimmsnarl, L50, M|100\/100\n|-ability|p1b: Chi-Yu|Beads of Ruin\n|-enditem|p1a: Flutter Mane|Booster Energy\n|-activate|p1a: Flutter Mane|ability: Protosynthesis|[fromitem]\n|-start|p1a: Flutter Mane|protosynthesisspe\n|turn|1\n|\n|t:|1720011038\n|move|p2b: Grimmsnarl|Light Screen|p2b: Grimmsnarl\n|-sidestart|p2: thrrack|move: Light Screen\n|move|p1a: Flutter Mane|Moonblast|p2a: Raging Bolt\n|-supereffective|p2a: Raging Bolt\n|-damage|p2a: Raging Bolt|44\/100\n|-unboost|p2a: Raging Bolt|spa|1\n|move|p1b: Chi-Yu|Dark Pulse|p2a: Raging Bolt\n|-damage|p2a: Raging Bolt|8\/100\n|move|p2a: Raging Bolt|Snarl|p1b: Chi-Yu|[spread] p1a,p1b\n|-resisted|p1b: Chi-Yu\n|-damage|p1a: Flutter Mane|85\/100\n|-damage|p1b: Chi-Yu|94\/100\n|-unboost|p1a: Flutter Mane|spa|1\n|-unboost|p1b: Chi-Yu|spa|1\n|\n|upkeep\n|turn|2\n|inactive|thrrack has 30 seconds left.\n|j| chrisqingyu\n|inactive|thrrack has 20 seconds left.\n|\n|t:|1720011077\n|switch|p1b: Indeedee|Indeedee-F, L50, F|100\/100\n|-fieldstart|move: Psychic Terrain|[from] ability: Psychic Surge|[of] p1b: Indeedee\n|move|p2a: Raging Bolt|Thunderclap||[still]\n|-fail|p2a: Raging Bolt\n|move|p1a: Flutter Mane|Moonblast|p2a: Raging Bolt\n|-supereffective|p2a: Raging Bolt\n|-damage|p2a: Raging Bolt|0 fnt\n|faint|p2a: Raging Bolt\n|-end|p2a: Raging Bolt|Protosynthesis|[silent]\n|move|p2b: Grimmsnarl|Foul Play|p1a: Flutter Mane\n|-damage|p1a: Flutter Mane|50\/100\n|\n|upkeep\n|\n|t:|1720011085\n|switch|p2a: Calyrex|Calyrex-Ice, L50|100\/100\n|-ability|p2a: Calyrex|As One\n|-ability|p2a: Calyrex|Unnerve\n|turn|3\n|\n|t:|1720011101\n|move|p1b: Indeedee|Helping Hand|p1a: Flutter Mane\n|-singleturn|p1a: Flutter Mane|Helping Hand|[of] p1b: Indeedee\n|move|p1a: Flutter Mane|Moonblast|p2a: Calyrex\n|-damage|p2a: Calyrex|78\/100\n|move|p2b: Grimmsnarl|Foul Play|p1b: Indeedee\n|-supereffective|p1b: Indeedee\n|-damage|p1b: Indeedee|72\/100\n|-damage|p2b: Grimmsnarl|84\/100|[from] item: Rocky Helmet|[of] p1b: Indeedee\n|move|p2a: Calyrex|Glacial Lance|p1a: Flutter Mane|[spread] p1a,p1b\n|-damage|p1a: Flutter Mane|0 fnt\n|-damage|p1b: Indeedee|16\/100\n|faint|p1a: Flutter Mane\n|-end|p1a: Flutter Mane|Protosynthesis|[silent]\n|-ability|p2a: Calyrex|Chilling Neigh|boost\n|-boost|p2a: Calyrex|atk|1\n|\n|upkeep\n|\n|t:|1720011109\n|switch|p1a: Chi-Yu|Chi-Yu, L50|94\/100\n|-ability|p1a: Chi-Yu|Beads of Ruin\n|turn|4\n|\n|t:|1720011123\n|move|p2a: Calyrex|Protect|p2a: Calyrex\n|-singleturn|p2a: Calyrex|Protect\n|move|p1a: Chi-Yu|Dark Pulse|p2a: Calyrex\n|-activate|p2a: Calyrex|move: Protect\n|move|p1b: Indeedee|Imprison|p1b: Indeedee\n|-start|p1b: Indeedee|move: Imprison\n|move|p2b: Grimmsnarl|Foul Play|p1b: Indeedee\n|-supereffective|p1b: Indeedee\n|-damage|p1b: Indeedee|0 fnt\n|-damage|p2b: Grimmsnarl|68\/100|[from] item: Rocky Helmet|[of] p1b: Indeedee\n|faint|p1b: Indeedee\n|\n|upkeep\n|\n|t:|1720011126\n|switch|p1b: Calyrex|Calyrex-Shadow, L50|100\/100\n|-ability|p1b: Calyrex|As One\n|-ability|p1b: Calyrex|Unnerve\n|turn|5\n|\n|t:|1720011137\n|-terastallize|p1b: Calyrex|Fighting\n|-terastallize|p2a: Calyrex|Ground\n|move|p1b: Calyrex|Astral Barrage|p2b: Grimmsnarl|[spread] p2a,p2b\n|-resisted|p2b: Grimmsnarl\n|-damage|p2a: Calyrex|43\/100\n|-damage|p2b: Grimmsnarl|46\/100\n|move|p1a: Chi-Yu|Dark Pulse|p2a: Calyrex\n|-damage|p2a: Calyrex|0 fnt\n|faint|p2a: Calyrex\n|move|p2b: Grimmsnarl|Foul Play|p1a: Chi-Yu\n|-resisted|p1a: Chi-Yu\n|-damage|p1a: Chi-Yu|77\/100\n|\n|upkeep\n|\n|t:|1720011148\n|switch|p2a: Ditto|Ditto, L50|100\/100\n|-transform|p2a: Ditto|p1b: Calyrex|[from] ability: Imposter\n|-ability|p2a: Ditto|As One\n|-ability|p2a: Ditto|Unnerve\n|-start|p2a: Ditto|typechange|Psychic\/Ghost|[silent]\n|turn|6\n|\n|t:|1720011160\n|move|p2a: Ditto|Astral Barrage|p1b: Calyrex|[spread] p1a,p1b\n|-resisted|p1a: Chi-Yu\n|-damage|p1a: Chi-Yu|44\/100\n|-damage|p1b: Calyrex|18\/100\n|move|p1b: Calyrex|Astral Barrage|p2b: Grimmsnarl|[spread] p2a,p2b\n|-supereffective|p2a: Ditto\n|-resisted|p2b: Grimmsnarl\n|-damage|p2a: Ditto|0 fnt\n|-damage|p2b: Grimmsnarl|23\/100\n|faint|p2a: Ditto\n|-ability|p1b: Calyrex|Grim Neigh|boost\n|-boost|p1b: Calyrex|spa|1\n|move|p1a: Chi-Yu|Dark Pulse|p2b: Grimmsnarl\n|-resisted|p2b: Grimmsnarl\n|-crit|p2b: Grimmsnarl\n|-damage|p2b: Grimmsnarl|0 fnt\n|faint|p2b: Grimmsnarl\n|\n|win|evilest twink\n|raw|evilest twink's rating: 1647 &rarr; <strong>1676<\/strong><br \/>(+29 for winning)\n|raw|thrrack's rating: 1819 &rarr; <strong>1790<\/strong><br \/>(-29 for losing)\n|l|\u2606thrrack\n|player|p2|\n|l| chrisqingyu\n","uploadtime":1720011428,"views":20,"formatid":"gen9vgc2024regg","rating":1676,"private":0,"password":null}