{"id":"gen9vgc2024regg-2154293210","format":"[Gen 9] VGC 2024 Reg G","players":["rebirthruby","shulivgc"],"log":"|j|\u2606rebirthruby\n|j|\u2606shulivgc\n|t:|1719988669\n|gametype|doubles\n|player|p1|rebirthruby|266|1688\n|player|p2|shulivgc|#smogonxnpa2024draftee2|1800\n|teamsize|p1|6\n|teamsize|p2|6\n|gen|9\n|tier|[Gen 9] VGC 2024 Reg G\n|rated|\n|rule|Species Clause: Limit one of each Pok\u00e9mon\n|rule|Item Clause: Limit one of each item\n|clearpoke\n|poke|p1|Calyrex-Ice, L50|\n|poke|p1|Annihilape, L50, M|\n|poke|p1|Ogerpon-Wellspring, L50, F|\n|poke|p1|Urshifu-*, L50, M|\n|poke|p1|Ursaluna-Bloodmoon, L50, M|\n|poke|p1|Smeargle, L50, M|\n|poke|p2|Calyrex-Ice, L50|\n|poke|p2|Annihilape, L50, F|\n|poke|p2|Smeargle, L50, M|\n|poke|p2|Ursaluna-Bloodmoon, L50, M|\n|poke|p2|Urshifu-*, L50, F|\n|poke|p2|Ogerpon-Wellspring, L50, F|\n|teampreview|4\n|c|\u2606rebirthruby|\u4e00\u6837\u7684\u961f\u4f0d\uff1f\n|\n|t:|1719988745\n|start\n|switch|p1a: Annihilape|Annihilape, L50, M|100\/100\n|switch|p1b: Calyrex|Calyrex-Ice, L50|100\/100\n|switch|p2a: Urshifu|Urshifu, L50, F|100\/100\n|switch|p2b: Annihilape|Annihilape, L50, F|100\/100\n|-ability|p1b: Calyrex|As One\n|-ability|p1b: Calyrex|Unnerve\n|turn|1\n|\n|t:|1719988782\n|switch|p1b: Smeargle|Smeargle, L50, M|100\/100\n|-terastallize|p2a: Urshifu|Ghost\n|move|p2b: Annihilape|Coaching|p2a: Urshifu\n|-boost|p2a: Urshifu|atk|1\n|-boost|p2a: Urshifu|def|1\n|move|p1a: Annihilape|Close Combat|p2a: Urshifu\n|-immune|p2a: Urshifu\n|move|p2a: Urshifu|Wicked Blow|p1b: Smeargle\n|-crit|p1b: Smeargle\n|-enditem|p1b: Smeargle|Focus Sash\n|-damage|p1b: Smeargle|1\/100\n|\n|upkeep\n|turn|2\n|\n|t:|1719988831\n|move|p1b: Smeargle|Follow Me|p1b: Smeargle\n|-singleturn|p1b: Smeargle|move: Follow Me\n|move|p1a: Annihilape|Final Gambit|p2a: Urshifu\n|-immune|p2a: Urshifu\n|move|p2b: Annihilape|Close Combat|p1b: Smeargle\n|-supereffective|p1b: Smeargle\n|-damage|p1b: Smeargle|0 fnt\n|-unboost|p2b: Annihilape|def|1\n|-unboost|p2b: Annihilape|spd|1\n|faint|p1b: Smeargle\n|move|p2a: Urshifu|Wicked Blow|p1a: Annihilape\n|-crit|p1a: Annihilape\n|-damage|p1a: Annihilape|0 fnt\n|faint|p1a: Annihilape\n|\n|upkeep\n|j| Auryz\n|\n|t:|1719988846\n|switch|p1a: Calyrex|Calyrex-Ice, L50|100\/100\n|switch|p1b: Urshifu|Urshifu, L50, M|100\/100\n|-ability|p1a: Calyrex|As One\n|-ability|p1a: Calyrex|Unnerve\n|turn|3\n|\n|t:|1719988869\n|-terastallize|p1b: Urshifu|Ghost\n|move|p2b: Annihilape|Final Gambit|p1a: Calyrex\n|-damage|p1a: Calyrex|0 fnt\n|faint|p2b: Annihilape\n|faint|p1a: Calyrex\n|move|p1b: Urshifu|Wicked Blow|p2a: Urshifu\n|-supereffective|p2a: Urshifu\n|-crit|p2a: Urshifu\n|-damage|p2a: Urshifu|0 fnt\n|faint|p2a: Urshifu\n|\n|upkeep\n|\n|t:|1719988876\n|switch|p2b: Smeargle|Smeargle, L50, M|100\/100\n|switch|p2a: Calyrex|Calyrex-Ice, L50|100\/100\n|-ability|p2a: Calyrex|As One\n|-ability|p2a: Calyrex|Unnerve\n|turn|4\n|c|\u2606rebirthruby|\u725b\u6279\n|\n|t:|1719988897\n|move|p2b: Smeargle|Follow Me|p2b: Smeargle\n|-singleturn|p2b: Smeargle|move: Follow Me\n|move|p1b: Urshifu|Wicked Blow|p2b: Smeargle\n|-crit|p2b: Smeargle\n|-enditem|p2b: Smeargle|Focus Sash\n|-damage|p2b: Smeargle|1\/100\n|move|p2a: Calyrex|Glacial Lance|p1b: Urshifu\n|-damage|p1b: Urshifu|34\/100\n|\n|upkeep\n|turn|5\n|\n|t:|1719988913\n|move|p2b: Smeargle|Follow Me|p2b: Smeargle\n|-singleturn|p2b: Smeargle|move: Follow Me\n|move|p1b: Urshifu|Wicked Blow|p2b: Smeargle\n|-crit|p2b: Smeargle\n|-damage|p2b: Smeargle|0 fnt\n|faint|p2b: Smeargle\n|move|p2a: Calyrex|Glacial Lance|p1b: Urshifu\n|-damage|p1b: Urshifu|0 fnt\n|faint|p1b: Urshifu\n|\n|win|shulivgc\n|raw|rebirthruby's rating: 1688 &rarr; <strong>1674<\/strong><br \/>(-14 for losing)\n|raw|shulivgc's rating: 1800 &rarr; <strong>1814<\/strong><br \/>(+14 for winning)\n|l|\u2606shulivgc\n|player|p2|\n|l|\u2606rebirthruby\n|player|p1|\n|j|\u2606rebirthruby\n|player|p1|rebirthruby|266|\n|l|\u2606rebirthruby\n|player|p1|\n|j|\u2606rebirthruby\n|player|p1|rebirthruby|266|\n","uploadtime":1719989083,"views":72,"formatid":"gen9vgc2024regg","rating":1674,"private":0,"password":null}