{"id":"gen9vgc2024regg-2154916768","format":"[Gen 9] VGC 2024 Reg G","players":["HoshimiHoshina","shulivgc"],"log":"|j|\u2606HoshimiHoshina\n|j|\u2606shulivgc\n|t:|1720079628\n|gametype|doubles\n|player|p1|HoshimiHoshina|rosa|1653\n|player|p2|shulivgc|#smogonxnpa2024draftee2|1859\n|teamsize|p1|6\n|teamsize|p2|6\n|gen|9\n|tier|[Gen 9] VGC 2024 Reg G\n|rated|\n|rule|Species Clause: Limit one of each Pok\u00e9mon\n|rule|Item Clause: Limit one of each item\n|clearpoke\n|poke|p1|Groudon, L50|\n|poke|p1|Slither Wing, L50|\n|poke|p1|Rillaboom, L50, M|\n|poke|p1|Farigiraf, L50, F|\n|poke|p1|Tornadus, L50, M|\n|poke|p1|Flutter Mane, L50|\n|poke|p2|Terapagos, L50, M|\n|poke|p2|Grimmsnarl, L50, M|\n|poke|p2|Rillaboom, L50, M|\n|poke|p2|Raging Bolt, L50|\n|poke|p2|Flutter Mane, L50|\n|poke|p2|Urshifu-*, L50, F|\n|teampreview|4\n|inactive|Battle timer is ON: inactive players will automatically lose when time's up. (requested by HoshimiHoshina)\n|\n|t:|1720079653\n|start\n|switch|p1a: Flutter Mane|Flutter Mane, L50|100\/100\n|switch|p1b: Groudon|Groudon, L50|100\/100\n|switch|p2a: Terapagos|Terapagos, L50, M|100\/100\n|switch|p2b: Grimmsnarl|Grimmsnarl, L50, M|100\/100\n|-activate|p2a: Terapagos|ability: Tera Shift\n|detailschange|p2a: Terapagos|Terapagos-Terastal, L50, M\n|-heal|p2a: Terapagos|100\/100|[silent]\n|-weather|SunnyDay|[from] ability: Drought|[of] p1b: Groudon\n|-activate|p1a: Flutter Mane|ability: Protosynthesis\n|-start|p1a: Flutter Mane|protosynthesisspa\n|turn|1\n|\n|t:|1720079671\n|move|p2b: Grimmsnarl|Fake Out|p1b: Groudon\n|-damage|p1b: Groudon|91\/100\n|move|p1a: Flutter Mane|Dazzling Gleam|p2a: Terapagos|[spread] p2a,p2b\n|-activate|p2a: Terapagos|ability: Tera Shell\n|-resisted|p2a: Terapagos\n|-supereffective|p2b: Grimmsnarl\n|-damage|p2a: Terapagos|78\/100\n|-damage|p2b: Grimmsnarl|0 fnt\n|faint|p2b: Grimmsnarl\n|move|p2a: Terapagos|Tera Starstorm|p1b: Groudon\n|-damage|p1b: Groudon|15\/100\n|cant|p1b: Groudon|flinch\n|\n|-weather|SunnyDay|[upkeep]\n|upkeep\n|\n|t:|1720079687\n|switch|p2b: Raging Bolt|Raging Bolt, L50|100\/100\n|-activate|p2b: Raging Bolt|ability: Protosynthesis\n|-start|p2b: Raging Bolt|protosynthesisspa\n|turn|2\n|\n|t:|1720079699\n|-terastallize|p2a: Terapagos|Stellar\n|detailschange|p2a: Terapagos|Terapagos-Stellar, L50, M, tera:Stellar\n|-heal|p2a: Terapagos|84\/100|[silent]\n|-ability|p2a: Terapagos|Teraform Zero\n|-weather|none\n|-end|p1a: Flutter Mane|Protosynthesis\n|-end|p2b: Raging Bolt|Protosynthesis\n|move|p2b: Raging Bolt|Thunderclap|p1a: Flutter Mane\n|-damage|p1a: Flutter Mane|57\/100\n|move|p1a: Flutter Mane|Dazzling Gleam|p2b: Raging Bolt|[spread] p2a,p2b\n|-crit|p2a: Terapagos\n|-supereffective|p2b: Raging Bolt\n|-damage|p2a: Terapagos|45\/100\n|-damage|p2b: Raging Bolt|60\/100\n|move|p2a: Terapagos|Tera Starstorm|p1a: Flutter Mane|[spread] p1a,p1b\n|-damage|p1a: Flutter Mane|0 fnt\n|-damage|p1b: Groudon|0 fnt\n|faint|p1a: Flutter Mane\n|-end|p1a: Flutter Mane|Protosynthesis|[silent]\n|faint|p1b: Groudon\n|\n|upkeep\n|\n|t:|1720079717\n|switch|p1a: Slither Wing|Slither Wing, L50|100\/100\n|switch|p1b: Rillaboom|Rillaboom, L50, M|100\/100\n|-fieldstart|move: Grassy Terrain|[from] ability: Grassy Surge|[of] p1b: Rillaboom\n|turn|3\n|\n|t:|1720079738\n|switch|p2a: Rillaboom|Rillaboom, L50, M|100\/100\n|move|p1b: Rillaboom|Fake Out|p2b: Raging Bolt\n|-damage|p2b: Raging Bolt|49\/100\n|move|p1a: Slither Wing|First Impression|p2a: Rillaboom\n|-supereffective|p2a: Rillaboom\n|-damage|p2a: Rillaboom|0 fnt\n|faint|p2a: Rillaboom\n|-damage|p1a: Slither Wing|91\/100|[from] item: Life Orb\n|cant|p2b: Raging Bolt|flinch\n|\n|-heal|p1a: Slither Wing|97\/100|[from] Grassy Terrain\n|-heal|p2b: Raging Bolt|56\/100|[from] Grassy Terrain\n|upkeep\n|\n|t:|1720079747\n|switch|p2a: Terapagos|Terapagos-Stellar, L50, M, tera:Stellar|45\/100\n|turn|4\n|\n|t:|1720079761\n|move|p1a: Slither Wing|Close Combat|p2a: Terapagos\n|-supereffective|p2a: Terapagos\n|-damage|p2a: Terapagos|0 fnt\n|-unboost|p1a: Slither Wing|def|1\n|-unboost|p1a: Slither Wing|spd|1\n|faint|p2a: Terapagos\n|-damage|p1a: Slither Wing|87\/100|[from] item: Life Orb\n|move|p1b: Rillaboom|U-turn|p2b: Raging Bolt\n|-damage|p2b: Raging Bolt|36\/100\n|move|p2b: Raging Bolt|Thunderbolt|p1a: Slither Wing\n|-damage|p1a: Slither Wing|0 fnt\n|faint|p1a: Slither Wing\n|-end|p1a: Slither Wing|Protosynthesis|[silent]\n|\n|-heal|p2b: Raging Bolt|43\/100|[from] Grassy Terrain\n|upkeep\n|turn|5\n|inactive|HoshimiHoshina has 30 seconds left.\n|\n|t:|1720079791\n|move|p1b: Rillaboom|U-turn|p2b: Raging Bolt\n|-damage|p2b: Raging Bolt|23\/100\n|move|p2b: Raging Bolt|Electroweb|p1b: Rillaboom\n|-resisted|p1b: Rillaboom\n|-damage|p1b: Rillaboom|88\/100\n|-unboost|p1b: Rillaboom|spe|1\n|\n|-heal|p2b: Raging Bolt|29\/100|[from] Grassy Terrain\n|-heal|p1b: Rillaboom|94\/100|[from] Grassy Terrain\n|upkeep\n|turn|6\n|inactive|shulivgc has 30 seconds left.\n|\n|t:|1720079818\n|move|p2b: Raging Bolt|Draco Meteor|p1b: Rillaboom\n|-damage|p1b: Rillaboom|36\/100\n|-unboost|p2b: Raging Bolt|spa|2\n|move|p1b: Rillaboom|Wood Hammer|p2b: Raging Bolt\n|-resisted|p2b: Raging Bolt\n|-damage|p2b: Raging Bolt|0 fnt\n|faint|p2b: Raging Bolt\n|-end|p2b: Raging Bolt|Protosynthesis|[silent]\n|-damage|p1b: Rillaboom|25\/100|[from] Recoil\n|\n|win|HoshimiHoshina\n|raw|HoshimiHoshina's rating: 1653 &rarr; <strong>1684<\/strong><br \/>(+31 for winning)\n|raw|shulivgc's rating: 1859 &rarr; <strong>1828<\/strong><br \/>(-31 for losing)\n|l|\u2606shulivgc\n|player|p2|\n","uploadtime":1720079838,"views":78,"formatid":"gen9vgc2024regg","rating":1684,"private":0,"password":null}