{"id":"gen9vgc2024regg-2154103243","format":"[Gen 9] VGC 2024 Reg G","players":["dhiaruga101","Rafa1000"],"log":"|j|\u2606dhiaruga101\n|j|\u2606Rafa1000\n|t:|1719959478\n|gametype|doubles\n|player|p1|dhiaruga101|cynthia-gen4|1739\n|player|p2|Rafa1000|101|1740\n|teamsize|p1|6\n|teamsize|p2|6\n|gen|9\n|tier|[Gen 9] VGC 2024 Reg G\n|rated|\n|rule|Species Clause: Limit one of each Pok\u00e9mon\n|rule|Item Clause: Limit one of each item\n|clearpoke\n|poke|p1|Miraidon, L50|\n|poke|p1|Farigiraf, L50, F|\n|poke|p1|Ursaluna, L50, F|\n|poke|p1|Chien-Pao, L50|\n|poke|p1|Urshifu-*, L50, F|\n|poke|p1|Iron Hands, L50|\n|poke|p2|Raging Bolt, L50|\n|poke|p2|Urshifu-*, L50, F|\n|poke|p2|Ogerpon-Cornerstone, L50, F|\n|poke|p2|Calyrex-Ice, L50|\n|poke|p2|Iron Valiant, L50|\n|poke|p2|Pelipper, L50, M|\n|teampreview|4\n|inactive|Battle timer is ON: inactive players will automatically lose when time's up. (requested by dhiaruga101)\n|inactive|dhiaruga101 has 60 seconds left.\n|inactive|Rafa1000 has 60 seconds left.\n|inactive|dhiaruga101 has 30 seconds left.\n|inactive|dhiaruga101 has 20 seconds left.\n|\n|t:|1719959554\n|start\n|switch|p1a: Farigiraf|Farigiraf, L50, F, shiny|100\/100\n|switch|p1b: Miraidon|Miraidon, L50|100\/100\n|switch|p2a: Iron Valiant|Iron Valiant, L50|100\/100\n|switch|p2b: Ogerpon|Ogerpon-Cornerstone, L50, F|100\/100\n|-fieldstart|move: Electric Terrain|[from] ability: Hadron Engine|[of] p1b: Miraidon\n|-activate|p2a: Iron Valiant|ability: Quark Drive\n|-start|p2a: Iron Valiant|quarkdrivespe\n|-enditem|p1a: Farigiraf|Electric Seed\n|-boost|p1a: Farigiraf|def|1|[from] item: Electric Seed\n|turn|1\n|l|\u2606dhiaruga101\n|inactive|dhiaruga101 disconnected and has a minute to reconnect!\n|player|p1|\n|inactive|dhiaruga101 has 30 seconds left.\n|inactive|Rafa1000 has 30 seconds left.\n|inactive|dhiaruga101 has 20 seconds left.\n|j|\u2606dhiaruga101\n|inactive|dhiaruga101 reconnected and has 20 seconds left.\n|player|p1|dhiaruga101|cynthia-gen4|\n|inactive|dhiaruga101 has 15 seconds left.\n|inactive|dhiaruga101 has 10 seconds left.\n|\n|t:|1719959600\n|-terastallize|p1b: Miraidon|Fairy\n|move|p2a: Iron Valiant|Protect|p2a: Iron Valiant\n|-singleturn|p2a: Iron Valiant|Protect\n|move|p2b: Ogerpon|Spiky Shield|p2b: Ogerpon\n|-singleturn|p2b: Ogerpon|move: Protect\n|move|p1b: Miraidon|Dazzling Gleam|p2b: Ogerpon|[spread] \n|-activate|p2a: Iron Valiant|move: Protect\n|-activate|p2b: Ogerpon|move: Protect\n|move|p1a: Farigiraf|Psychic|p2b: Ogerpon\n|-activate|p2b: Ogerpon|move: Protect\n|\n|upkeep\n|turn|2\n|\n|t:|1719959624\n|switch|p1b: Urshifu|Urshifu-Rapid-Strike, L50, F|100\/100\n|move|p2a: Iron Valiant|Disable||[still]\n|-fail|p2a: Iron Valiant\n|move|p2b: Ogerpon|Ivy Cudgel|p1b: Urshifu|[anim] Ivy Cudgel Rock\n|-resisted|p1b: Urshifu\n|-damage|p1b: Urshifu|69\/100\n|move|p1a: Farigiraf|Psychic|p2a: Iron Valiant\n|-supereffective|p2a: Iron Valiant\n|-damage|p2a: Iron Valiant|0 fnt\n|faint|p2a: Iron Valiant\n|-end|p2a: Iron Valiant|Quark Drive|[silent]\n|\n|upkeep\n|\n|t:|1719959638\n|switch|p2a: Calyrex|Calyrex-Ice, L50|100\/100\n|-ability|p2a: Calyrex|As One\n|-ability|p2a: Calyrex|Unnerve\n|turn|3\n|inactive|dhiaruga101 has 30 seconds left.\n|inactive|dhiaruga101 has 20 seconds left.\n|inactive|dhiaruga101 has 15 seconds left.\n|inactive|dhiaruga101 has 10 seconds left.\n|\n|t:|1719959684\n|move|p1b: Urshifu|Surging Strikes|p2a: Calyrex\n|-crit|p2a: Calyrex\n|-damage|p2a: Calyrex|87\/100\n|-crit|p2a: Calyrex\n|-damage|p2a: Calyrex|72\/100\n|-crit|p2a: Calyrex\n|-damage|p2a: Calyrex|58\/100\n|-hitcount|p2a: Calyrex|3\n|move|p2b: Ogerpon|Power Whip|p1b: Urshifu|[miss]\n|-miss|p2b: Ogerpon|p1b: Urshifu\n|move|p2a: Calyrex|Crunch|p1a: Farigiraf\n|-supereffective|p1a: Farigiraf\n|-damage|p1a: Farigiraf|50\/100\n|move|p1a: Farigiraf|Foul Play|p2a: Calyrex\n|-supereffective|p2a: Calyrex\n|-crit|p2a: Calyrex\n|-damage|p2a: Calyrex|0 fnt\n|faint|p2a: Calyrex\n|\n|upkeep\n|\n|t:|1719959698\n|switch|p2a: Urshifu|Urshifu-Rapid-Strike, L50, F|100\/100\n|turn|4\n|inactive|dhiaruga101 has 30 seconds left.\n|inactive|Rafa1000 has 30 seconds left.\n|\n|t:|1719959731\n|move|p1b: Urshifu|Surging Strikes|p2b: Ogerpon\n|-crit|p2b: Ogerpon\n|-damage|p2b: Ogerpon|77\/100\n|-crit|p2b: Ogerpon\n|-damage|p2b: Ogerpon|51\/100\n|-crit|p2b: Ogerpon\n|-damage|p2b: Ogerpon|24\/100\n|-hitcount|p2b: Ogerpon|3\n|move|p2b: Ogerpon|Power Whip|p1b: Urshifu\n|-supereffective|p1b: Urshifu\n|-damage|p1b: Urshifu|0 fnt\n|faint|p1b: Urshifu\n|move|p2a: Urshifu|Surging Strikes|p1a: Farigiraf\n|-crit|p1a: Farigiraf\n|-damage|p1a: Farigiraf|29\/100\n|-crit|p1a: Farigiraf\n|-damage|p1a: Farigiraf|6\/100\n|-crit|p1a: Farigiraf\n|-damage|p1a: Farigiraf|0 fnt\n|faint|p1a: Farigiraf\n|-hitcount|p1: Farigiraf|3\n|\n|upkeep\n|\n|t:|1719959745\n|switch|p1b: Chien-Pao|Chien-Pao, L50|100\/100\n|switch|p1a: Miraidon|Miraidon, L50, tera:Fairy|100\/100\n|-activate|p1a: Miraidon|ability: Hadron Engine\n|-ability|p1b: Chien-Pao|Sword of Ruin\n|turn|5\n|\n|t:|1719959769\n|move|p2b: Ogerpon|Spiky Shield|p2b: Ogerpon\n|-singleturn|p2b: Ogerpon|move: Protect\n|move|p1a: Miraidon|Dazzling Gleam|p2b: Ogerpon|[spread] p2a\n|-activate|p2b: Ogerpon|move: Protect\n|-supereffective|p2a: Urshifu\n|-enditem|p2a: Urshifu|Focus Sash\n|-damage|p2a: Urshifu|1\/100\n|move|p1b: Chien-Pao|Throat Chop|p2a: Urshifu\n|-resisted|p2a: Urshifu\n|-crit|p2a: Urshifu\n|-damage|p2a: Urshifu|0 fnt\n|faint|p2a: Urshifu\n|\n|-fieldend|move: Electric Terrain\n|upkeep\n|turn|6\n|\n|t:|1719959785\n|-terastallize|p2b: Ogerpon|Rock\n|detailschange|p2b: Ogerpon|Ogerpon-Cornerstone-Tera, L50, F, tera:Rock\n|-ability|p2b: Ogerpon|Embody Aspect (Cornerstone)|boost\n|-boost|p2b: Ogerpon|def|1\n|move|p1a: Miraidon|Dazzling Gleam|p2b: Ogerpon\n|-damage|p2b: Ogerpon|0 fnt\n|faint|p2b: Ogerpon\n|\n|win|dhiaruga101\n|raw|dhiaruga101's rating: 1739 &rarr; <strong>1759<\/strong><br \/>(+20 for winning)\n|raw|Rafa1000's rating: 1740 &rarr; <strong>1720<\/strong><br \/>(-20 for losing)\n|l|\u2606Rafa1000\n|player|p2|\n|l|\u2606dhiaruga101\n|player|p1|\n|j|\u2606dhiaruga101\n|player|p1|dhiaruga101|cynthia-gen4|\n|l|\u2606dhiaruga101\n|player|p1|\n","uploadtime":1719960047,"views":51,"formatid":"gen9vgc2024regg","rating":1720,"private":0,"password":null}