{"id":"gen9vgc2024regg-2154394523","format":"[Gen 9] VGC 2024 Reg G","players":["sdbjj","yuzuda"],"log":"|j|\u2606sdbjj\n|j|\u2606yuzuda\n|t:|1720008229\n|gametype|doubles\n|player|p1|sdbjj|102|1743\n|player|p2|yuzuda|1|1662\n|teamsize|p1|6\n|teamsize|p2|6\n|gen|9\n|tier|[Gen 9] VGC 2024 Reg G\n|rated|\n|rule|Species Clause: Limit one of each Pok\u00e9mon\n|rule|Item Clause: Limit one of each item\n|clearpoke\n|poke|p1|Indeedee, L50, M|\n|poke|p1|Calyrex-Ice, L50|\n|poke|p1|Iron Hands, L50|\n|poke|p1|Torterra, L50, M|\n|poke|p1|Sentret, L50, F|\n|poke|p1|Urshifu-*, L50, M|\n|poke|p2|Zamazenta-*, L50|\n|poke|p2|Urshifu-*, L50, F|\n|poke|p2|Ting-Lu, L50|\n|poke|p2|Sableye, L50, M|\n|poke|p2|Rillaboom, L50, F|\n|poke|p2|Raging Bolt, L50|\n|teampreview|4\n|inactive|Battle timer is ON: inactive players will automatically lose when time's up. (requested by yuzuda)\n|inactive|sdbjj has 60 seconds left.\n|\n|t:|1720008276\n|start\n|switch|p1a: Indeedee|Indeedee, L50, M|100\/100\n|switch|p1b: Sentret|Sentret, L50, F|100\/100\n|switch|p2a: Rillaboom|Rillaboom, L50, F|100\/100\n|switch|p2b: Urshifu|Urshifu-Rapid-Strike, L50, F|100\/100\n|-fieldstart|move: Grassy Terrain|[from] ability: Grassy Surge|[of] p2a: Rillaboom\n|-fieldstart|move: Psychic Terrain|[from] ability: Psychic Surge|[of] p1a: Indeedee\n|-enditem|p1a: Indeedee|Psychic Seed\n|-boost|p1a: Indeedee|spd|1|[from] item: Psychic Seed\n|-item|p2a: Rillaboom|Assault Vest|[from] ability: Frisk|[of] p1b: Sentret|[identify]\n|-item|p2b: Urshifu|Choice Scarf|[from] ability: Frisk|[of] p1b: Sentret|[identify]\n|turn|1\n|inactive|sdbjj has 30 seconds left.\n|inactive|yuzuda has 30 seconds left.\n|inactive|sdbjj has 20 seconds left.\n|inactive|yuzuda has 20 seconds left.\n|inactive|sdbjj has 15 seconds left.\n|inactive|yuzuda has 15 seconds left.\n|inactive|sdbjj has 10 seconds left.\n|inactive|yuzuda has 10 seconds left.\n|\n|t:|1720008323\n|move|p1b: Sentret|Endure|p1b: Sentret\n|-singleturn|p1b: Sentret|move: Endure\n|move|p2b: Urshifu|Surging Strikes|p1a: Indeedee\n|-crit|p1a: Indeedee\n|-damage|p1a: Indeedee|70\/100\n|-crit|p1a: Indeedee\n|-damage|p1a: Indeedee|41\/100\n|-crit|p1a: Indeedee\n|-damage|p1a: Indeedee|15\/100\n|-hitcount|p1a: Indeedee|3\n|move|p2a: Rillaboom|U-turn|p1a: Indeedee\n|-supereffective|p1a: Indeedee\n|-damage|p1a: Indeedee|0 fnt\n|faint|p1a: Indeedee\n|\n|t:|1720008336\n|switch|p2a: Zamazenta|Zamazenta-Crowned, L50|100\/100|[from] U-turn\n|-ability|p2a: Zamazenta|Dauntless Shield|boost\n|-boost|p2a: Zamazenta|def|1\n|\n|upkeep\n|\n|t:|1720008341\n|switch|p1a: Calyrex|Calyrex-Ice, L50|100\/100\n|-ability|p1a: Calyrex|As One\n|-ability|p1a: Calyrex|Unnerve\n|turn|2\n|\n|t:|1720008354\n|switch|p2b: Rillaboom|Rillaboom, L50, F|100\/100\n|-fieldstart|move: Grassy Terrain|[from] ability: Grassy Surge|[of] p2b: Rillaboom\n|move|p1b: Sentret|Follow Me|p1b: Sentret\n|-singleturn|p1b: Sentret|move: Follow Me\n|move|p2a: Zamazenta|Body Press|p1b: Sentret\n|-supereffective|p1b: Sentret\n|-enditem|p1b: Sentret|Focus Sash\n|-damage|p1b: Sentret|1\/100\n|move|p1a: Calyrex|Trick Room|p1a: Calyrex\n|-fieldstart|move: Trick Room|[of] p1a: Calyrex\n|\n|-heal|p1b: Sentret|7\/100|[from] Grassy Terrain\n|upkeep\n|turn|3\n|inactive|sdbjj has 30 seconds left.\n|\n|t:|1720008384\n|-terastallize|p2b: Rillaboom|Fire\n|move|p1b: Sentret|Endure|p1b: Sentret\n|-singleturn|p1b: Sentret|move: Endure\n|move|p2b: Rillaboom|Grassy Glide|p1b: Sentret\n|-activate|p1b: Sentret|move: Endure\n|-damage|p1b: Sentret|1\/100\n|move|p1a: Calyrex|High Horsepower|p2a: Zamazenta\n|-supereffective|p2a: Zamazenta\n|-damage|p2a: Zamazenta|70\/100\n|move|p2a: Zamazenta|Iron Defense|p2a: Zamazenta\n|-boost|p2a: Zamazenta|def|2\n|\n|-heal|p1b: Sentret|7\/100|[from] Grassy Terrain\n|-heal|p2a: Zamazenta|76\/100|[from] Grassy Terrain\n|upkeep\n|turn|4\n|inactive|yuzuda has 30 seconds left.\n|\n|t:|1720008411\n|switch|p1b: Torterra|Torterra, L50, M|100\/100\n|move|p2b: Rillaboom|Grassy Glide|p1b: Torterra\n|-damage|p1b: Torterra|65\/100\n|move|p1a: Calyrex|High Horsepower|p2b: Rillaboom\n|-supereffective|p2b: Rillaboom\n|-damage|p2b: Rillaboom|4\/100\n|move|p2a: Zamazenta|Body Press|p1a: Calyrex\n|-damage|p1a: Calyrex|25\/100\n|\n|-heal|p1b: Torterra|71\/100|[from] Grassy Terrain\n|-heal|p1a: Calyrex|30\/100|[from] Grassy Terrain\n|-heal|p2b: Rillaboom|10\/100|[from] Grassy Terrain\n|-heal|p2a: Zamazenta|82\/100|[from] Grassy Terrain\n|upkeep\n|turn|5\n|inactive|sdbjj has 30 seconds left.\n|inactive|yuzuda has 30 seconds left.\n|\n|t:|1720008440\n|switch|p2b: Sableye|Sableye, L50, M|100\/100\n|-terastallize|p1b: Torterra|Stellar\n|move|p1b: Torterra|Headlong Rush|p2a: Zamazenta\n|-supereffective|p2a: Zamazenta\n|-damage|p2a: Zamazenta|50\/100\n|-unboost|p1b: Torterra|def|1\n|-unboost|p1b: Torterra|spd|1\n|move|p1a: Calyrex|High Horsepower|p2a: Zamazenta\n|-supereffective|p2a: Zamazenta\n|-damage|p2a: Zamazenta|33\/100\n|move|p2a: Zamazenta|Body Press|p1b: Torterra\n|-damage|p1b: Torterra|0 fnt\n|faint|p1b: Torterra\n|\n|-heal|p1a: Calyrex|36\/100|[from] Grassy Terrain\n|-heal|p2a: Zamazenta|39\/100|[from] Grassy Terrain\n|upkeep\n|\n|t:|1720008459\n|switch|p1b: Sentret|Sentret, L50, F|7\/100\n|-item|p2a: Zamazenta|Rusted Shield|[from] ability: Frisk|[of] p1b: Sentret|[identify]\n|-item|p2b: Sableye|Wide Lens|[from] ability: Frisk|[of] p1b: Sentret|[identify]\n|turn|6\n|\n|t:|1720008473\n|move|p1b: Sentret|Endeavor|p2a: Zamazenta\n|-damage|p2a: Zamazenta|4\/100\n|move|p1a: Calyrex|Glacial Lance|p2a: Zamazenta|[spread] p2a,p2b\n|-resisted|p2a: Zamazenta\n|-damage|p2a: Zamazenta|0 fnt\n|-damage|p2b: Sableye|16\/100\n|faint|p2a: Zamazenta\n|-ability|p1a: Calyrex|Chilling Neigh|boost\n|-boost|p1a: Calyrex|atk|1\n|move|p2b: Sableye|Foul Play|p1a: Calyrex\n|-supereffective|p1a: Calyrex\n|-damage|p1a: Calyrex|0 fnt\n|faint|p1a: Calyrex\n|\n|-heal|p1b: Sentret|13\/100|[from] Grassy Terrain\n|-heal|p2b: Sableye|22\/100|[from] Grassy Terrain\n|-fieldend|move: Trick Room\n|-fieldend|move: Grassy Terrain\n|upkeep\n|-message|sdbjj forfeited.\n|\n|win|yuzuda\n|raw|sdbjj's rating: 1743 &rarr; <strong>1718<\/strong><br \/>(-25 for losing)\n|raw|yuzuda's rating: 1662 &rarr; <strong>1687<\/strong><br \/>(+25 for winning)\n|l|\u2606sdbjj\n|player|p1|\n","uploadtime":1720008753,"views":28,"formatid":"gen9vgc2024regg","rating":1687,"private":0,"password":null}