{"id":"gen9vgc2024regg-2154319581","format":"[Gen 9] VGC 2024 Reg G","players":["xiaomaoagz","ccc2014"],"log":"|j|\u2606xiaomaoagz\n|j|\u2606ccc2014\n|t:|1719994013\n|gametype|doubles\n|player|p1|xiaomaoagz|1|1701\n|player|p2|ccc2014|dawn|1708\n|teamsize|p1|6\n|teamsize|p2|6\n|gen|9\n|tier|[Gen 9] VGC 2024 Reg G\n|rated|\n|rule|Species Clause: Limit one of each Pok\u00e9mon\n|rule|Item Clause: Limit one of each item\n|clearpoke\n|poke|p1|Calyrex-Shadow, L50|\n|poke|p1|Raging Bolt, L50|\n|poke|p1|Clefairy, L50, F|\n|poke|p1|Urshifu-*, L50, M|\n|poke|p1|Incineroar, L50, F|\n|poke|p1|Rillaboom, L50, F|\n|poke|p2|Urshifu-*, L50, M|\n|poke|p2|Clefairy, L50, F|\n|poke|p2|Incineroar, L50, M|\n|poke|p2|Rillaboom, L50, M|\n|poke|p2|Tornadus, L50, M|\n|poke|p2|Calyrex-Shadow, L50|\n|teampreview|4\n|j| kessienjoyer\n|inactive|Battle timer is ON: inactive players will automatically lose when time's up. (requested by ccc2014)\n|inactive|ccc2014 has 60 seconds left.\n|inactive|ccc2014 has 30 seconds left.\n|\n|t:|1719994083\n|start\n|switch|p1a: Calyrex|Calyrex-Shadow, L50|100\/100\n|switch|p1b: Incineroar|Incineroar, L50, F|100\/100\n|switch|p2a: Tornadus|Tornadus, L50, M|100\/100\n|switch|p2b: Calyrex|Calyrex-Shadow, L50|100\/100\n|-ability|p1a: Calyrex|As One\n|-ability|p1a: Calyrex|Unnerve\n|-ability|p2b: Calyrex|As One\n|-ability|p2b: Calyrex|Unnerve\n|-ability|p1b: Incineroar|Intimidate|boost\n|-unboost|p2a: Tornadus|atk|1\n|-unboost|p2b: Calyrex|atk|1\n|turn|1\n|\n|t:|1719994104\n|-terastallize|p1a: Calyrex|Fairy\n|-terastallize|p2b: Calyrex|Fairy\n|move|p2a: Tornadus|Taunt|p1a: Calyrex\n|-start|p1a: Calyrex|move: Taunt\n|cant|p1a: Calyrex|move: Taunt|Calm Mind\n|move|p2b: Calyrex|Nasty Plot|p2b: Calyrex\n|-boost|p2b: Calyrex|spa|2\n|move|p1b: Incineroar|Parting Shot|p2b: Calyrex\n|-unboost|p2b: Calyrex|atk|1\n|-unboost|p2b: Calyrex|spa|1\n|\n|t:|1719994121\n|switch|p1b: Clefairy|Clefairy, L50, F|100\/100|[from] Parting Shot\n|\n|upkeep\n|turn|2\n|\n|t:|1719994139\n|move|p1b: Clefairy|Helping Hand|p1a: Calyrex\n|-singleturn|p1a: Calyrex|Helping Hand|[of] p1b: Clefairy\n|move|p2a: Tornadus|Tailwind|p2a: Tornadus\n|-sidestart|p2: ccc2014|move: Tailwind\n|move|p2b: Calyrex|Nasty Plot|p2b: Calyrex\n|-boost|p2b: Calyrex|spa|2\n|move|p1a: Calyrex|Astral Barrage|p2a: Tornadus|[spread] p2a,p2b\n|-damage|p2a: Tornadus|11\/100\n|-damage|p2b: Calyrex|30\/100\n|\n|upkeep\n|turn|3\n|inactive|xiaomaoagz has 30 seconds left.\n|inactive|xiaomaoagz has 20 seconds left.\n|\n|t:|1719994174\n|move|p1b: Clefairy|Protect|p1b: Clefairy\n|-singleturn|p1b: Clefairy|Protect\n|move|p2b: Calyrex|Astral Barrage|p1b: Clefairy|[spread] p1a\n|-activate|p1b: Clefairy|move: Protect\n|-crit|p1a: Calyrex\n|-damage|p1a: Calyrex|0 fnt\n|faint|p1a: Calyrex\n|-ability|p2b: Calyrex|Grim Neigh|boost\n|-boost|p2b: Calyrex|spa|1\n|move|p2a: Tornadus|Bleakwind Storm|p1b: Clefairy\n|-activate|p1b: Clefairy|move: Protect\n|\n|upkeep\n|\n|t:|1719994192\n|switch|p1a: Rillaboom|Rillaboom, L50, F|100\/100\n|-fieldstart|move: Grassy Terrain|[from] ability: Grassy Surge|[of] p1a: Rillaboom\n|turn|4\n|\n|t:|1719994211\n|switch|p2a: Incineroar|Incineroar, L50, M, shiny|100\/100\n|-ability|p2a: Incineroar|Intimidate|boost\n|-unboost|p1a: Rillaboom|atk|1\n|-unboost|p1b: Clefairy|atk|1\n|switch|p1b: Incineroar|Incineroar, L50, F|100\/100\n|-ability|p1b: Incineroar|Intimidate|boost\n|-unboost|p2a: Incineroar|atk|1\n|-unboost|p2b: Calyrex|atk|1\n|move|p2b: Calyrex|Protect|p2b: Calyrex\n|-singleturn|p2b: Calyrex|Protect\n|move|p1a: Rillaboom|U-turn|p2a: Incineroar\n|-damage|p2a: Incineroar|85\/100\n|\n|t:|1719994223\n|switch|p1a: Clefairy|Clefairy, L50, F|100\/100|[from] U-turn\n|\n|-heal|p2b: Calyrex|36\/100|[from] Grassy Terrain\n|-heal|p2a: Incineroar|91\/100|[from] Grassy Terrain\n|upkeep\n|turn|5\n|inactive|xiaomaoagz has 30 seconds left.\n|\n|t:|1719994255\n|move|p2a: Incineroar|Fake Out|p1b: Incineroar\n|-damage|p1b: Incineroar|96\/100\n|move|p1a: Clefairy|Follow Me|p1a: Clefairy\n|-singleturn|p1a: Clefairy|move: Follow Me\n|move|p2b: Calyrex|Draining Kiss|p1a: Clefairy\n|-crit|p1a: Clefairy\n|-damage|p1a: Clefairy|0 fnt\n|-heal|p2b: Calyrex|100\/100|[from] drain|[of] p1a: Clefairy\n|faint|p1a: Clefairy\n|-ability|p2b: Calyrex|Grim Neigh|boost\n|-boost|p2b: Calyrex|spa|1\n|cant|p1b: Incineroar|flinch\n|\n|-heal|p2a: Incineroar|97\/100|[from] Grassy Terrain\n|-heal|p1b: Incineroar|100\/100|[from] Grassy Terrain\n|-sideend|p2: ccc2014|move: Tailwind\n|upkeep\n|-message|xiaomaoagz forfeited.\n|\n|win|ccc2014\n|raw|xiaomaoagz's rating: 1701 &rarr; <strong>1681<\/strong><br \/>(-20 for losing)\n|raw|ccc2014's rating: 1708 &rarr; <strong>1728<\/strong><br \/>(+20 for winning)\n|l|\u2606xiaomaoagz\n|player|p1|\n|l|\u2606ccc2014\n|player|p2|\n|l| kessienjoyer\n","uploadtime":1719994490,"views":9,"formatid":"gen9vgc2024regg","rating":1681,"private":0,"password":null}