{"id":"gen9vgc2024regg-2154871708","format":"[Gen 9] VGC 2024 Reg G","players":["yuzuda","thrrack"],"log":"|j|\u2606yuzuda\n|j|\u2606thrrack\n|t:|1720070395\n|gametype|doubles\n|player|p1|yuzuda|102|1694\n|player|p2|thrrack|2|1797\n|teamsize|p1|6\n|teamsize|p2|6\n|gen|9\n|tier|[Gen 9] VGC 2024 Reg G\n|rated|\n|rule|Species Clause: Limit one of each Pok\u00e9mon\n|rule|Item Clause: Limit one of each item\n|clearpoke\n|poke|p1|Zamazenta-*, L50|\n|poke|p1|Urshifu-*, L50, M|\n|poke|p1|Ting-Lu, L50|\n|poke|p1|Sableye, L50, M|\n|poke|p1|Rillaboom, L50, M|\n|poke|p1|Raging Bolt, L50|\n|poke|p2|Grimmsnarl, L50, M|\n|poke|p2|Calyrex-Ice, L50|\n|poke|p2|Urshifu-*, L50, M|\n|poke|p2|Ditto, L50|\n|poke|p2|Sinistcha, L50|\n|poke|p2|Raging Bolt, L50|\n|teampreview|4\n|inactive|Battle timer is ON: inactive players will automatically lose when time's up. (requested by yuzuda)\n|inactive|yuzuda has 60 seconds left.\n|inactive|thrrack has 60 seconds left.\n|j| BreadTest\n|inactive|thrrack has 30 seconds left.\n|inactive|thrrack has 20 seconds left.\n|inactive|thrrack has 15 seconds left.\n|inactive|thrrack has 10 seconds left.\n|\n|t:|1720070479\n|start\n|switch|p1a: Sableye|Sableye, L50, M|100\/100\n|switch|p1b: Ting-Lu|Ting-Lu, L50|100\/100\n|switch|p2a: Grimmsnarl|Grimmsnarl, L50, M|100\/100\n|switch|p2b: Calyrex|Calyrex-Ice, L50|100\/100\n|-ability|p2b: Calyrex|As One\n|-ability|p2b: Calyrex|Unnerve\n|-ability|p1b: Ting-Lu|Vessel of Ruin\n|turn|1\n|\n|t:|1720070497\n|-terastallize|p1b: Ting-Lu|Poison\n|move|p2a: Grimmsnarl|Misty Terrain|p2a: Grimmsnarl\n|-fieldstart|move: Misty Terrain\n|move|p1a: Sableye|Will-O-Wisp|p2b: Calyrex\n|-activate|p2b: Calyrex|move: Misty Terrain\n|move|p2b: Calyrex|Glacial Lance|p1b: Ting-Lu|[spread] p1a,p1b\n|-damage|p1a: Sableye|13\/100\n|-damage|p1b: Ting-Lu|61\/100\n|move|p1b: Ting-Lu|Heavy Slam|p2a: Grimmsnarl\n|-supereffective|p2a: Grimmsnarl\n|-damage|p2a: Grimmsnarl|10\/100\n|\n|upkeep\n|turn|2\n|inactive|yuzuda has 30 seconds left.\n|\n|t:|1720070530\n|switch|p1a: Urshifu|Urshifu-Rapid-Strike, L50, M|100\/100\n|move|p2a: Grimmsnarl|Reflect|p2a: Grimmsnarl\n|-sidestart|p2: thrrack|Reflect\n|move|p2b: Calyrex|Glacial Lance|p1b: Ting-Lu|[spread] p1a,p1b\n|-resisted|p1a: Urshifu\n|-damage|p1a: Urshifu|70\/100\n|-damage|p1b: Ting-Lu|20\/100\n|move|p1b: Ting-Lu|Payback|p2a: Grimmsnarl\n|-resisted|p2a: Grimmsnarl\n|-damage|p2a: Grimmsnarl|1\/100\n|\n|upkeep\n|turn|3\n|inactive|yuzuda has 30 seconds left.\n|\n|t:|1720070556\n|switch|p1b: Zamazenta|Zamazenta-Crowned, L50|100\/100\n|-ability|p1b: Zamazenta|Dauntless Shield|boost\n|-boost|p1b: Zamazenta|def|1\n|move|p2a: Grimmsnarl|Light Screen|p2a: Grimmsnarl\n|-sidestart|p2: thrrack|move: Light Screen\n|move|p1a: Urshifu|Surging Strikes|p2b: Calyrex\n|-crit|p2b: Calyrex\n|-damage|p2b: Calyrex|87\/100\n|-crit|p2b: Calyrex\n|-damage|p2b: Calyrex|74\/100\n|-crit|p2b: Calyrex\n|-damage|p2b: Calyrex|61\/100\n|-hitcount|p2b: Calyrex|3\n|move|p2b: Calyrex|Glacial Lance|p1a: Urshifu|[spread] p1a,p1b\n|-resisted|p1a: Urshifu\n|-resisted|p1b: Zamazenta\n|-damage|p1a: Urshifu|38\/100\n|-damage|p1b: Zamazenta|90\/100\n|\n|upkeep\n|turn|4\n|inactive|yuzuda has 30 seconds left.\n|inactive|thrrack has 30 seconds left.\n|inactive|thrrack has 20 seconds left.\n|\n|t:|1720070593\n|switch|p1b: Ting-Lu|Ting-Lu, L50, tera:Poison|20\/100\n|-ability|p1b: Ting-Lu|Vessel of Ruin\n|switch|p2a: Ditto|Ditto, L50|100\/100\n|-transform|p2a: Ditto|p1b: Ting-Lu|[from] ability: Imposter\n|-ability|p2a: Ditto|Vessel of Ruin\n|switch|p2b: Sinistcha|Sinistcha, L50|100\/100\n|move|p1a: Urshifu|Surging Strikes|p2a: Ditto\n|-supereffective|p2a: Ditto\n|-crit|p2a: Ditto\n|-damage|p2a: Ditto|60\/100\n|-supereffective|p2a: Ditto\n|-crit|p2a: Ditto\n|-damage|p2a: Ditto|18\/100\n|-enditem|p2a: Ditto|Sitrus Berry|[eat]\n|-heal|p2a: Ditto|42\/100|[from] item: Sitrus Berry\n|-supereffective|p2a: Ditto\n|-crit|p2a: Ditto\n|-damage|p2a: Ditto|0 fnt\n|faint|p2a: Ditto\n|-hitcount|p2: Ditto|3\n|\n|upkeep\n|\n|t:|1720070599\n|switch|p2a: Calyrex|Calyrex-Ice, L50|61\/100\n|-ability|p2a: Calyrex|As One\n|-ability|p2a: Calyrex|Unnerve\n|turn|5\n|inactive|yuzuda has 30 seconds left.\n|inactive|yuzuda has 20 seconds left.\n|\n|t:|1720070636\n|switch|p1a: Zamazenta|Zamazenta-Crowned, L50|90\/100\n|move|p2b: Sinistcha|Rage Powder|p2b: Sinistcha\n|-singleturn|p2b: Sinistcha|move: Rage Powder\n|move|p2a: Calyrex|Glacial Lance|p1b: Ting-Lu|[spread] p1a,p1b\n|-resisted|p1a: Zamazenta\n|-damage|p1a: Zamazenta|75\/100\n|-damage|p1b: Ting-Lu|0 fnt\n|faint|p1b: Ting-Lu\n|-ability|p2a: Calyrex|Chilling Neigh|boost\n|-boost|p2a: Calyrex|atk|1\n|\n|-fieldend|Misty Terrain\n|upkeep\n|\n|t:|1720070656\n|switch|p1b: Sableye|Sableye, L50, M|13\/100\n|turn|6\n|\n|t:|1720070663\n|move|p1a: Zamazenta|Wide Guard|p1a: Zamazenta\n|-singleturn|p1a: Zamazenta|Wide Guard\n|move|p2b: Sinistcha|Rage Powder|p2b: Sinistcha\n|-singleturn|p2b: Sinistcha|move: Rage Powder\n|move|p1b: Sableye|Taunt|p2b: Sinistcha\n|-start|p2b: Sinistcha|move: Taunt\n|move|p2a: Calyrex|Glacial Lance|p1b: Sableye|[spread] \n|-activate|p1a: Zamazenta|move: Wide Guard\n|-activate|p1b: Sableye|move: Wide Guard\n|\n|upkeep\n|turn|7\n|\n|t:|1720070686\n|move|p2a: Calyrex|Protect|p2a: Calyrex\n|-singleturn|p2a: Calyrex|Protect\n|move|p1b: Sableye|Will-O-Wisp|p2a: Calyrex\n|-activate|p2a: Calyrex|move: Protect\n|move|p1a: Zamazenta|Iron Defense|p1a: Zamazenta\n|-boost|p1a: Zamazenta|def|2\n|move|p2b: Sinistcha|Matcha Gotcha|p1b: Sableye|[spread] p1b\n|-miss|p2b: Sinistcha|p1a: Zamazenta\n|-damage|p1b: Sableye|0 fnt\n|faint|p1b: Sableye\n|\n|upkeep\n|\n|t:|1720070701\n|switch|p1b: Urshifu|Urshifu-Rapid-Strike, L50, M|38\/100\n|turn|8\n|\n|t:|1720070711\n|switch|p2a: Grimmsnarl|Grimmsnarl, L50, M|1\/100\n|move|p1a: Zamazenta|Wide Guard|p1a: Zamazenta\n|-singleturn|p1a: Zamazenta|Wide Guard\n|move|p1b: Urshifu|Surging Strikes|p2a: Grimmsnarl\n|-crit|p2a: Grimmsnarl\n|-damage|p2a: Grimmsnarl|0 fnt\n|faint|p2a: Grimmsnarl\n|-hitcount|p2: Grimmsnarl|1\n|move|p2b: Sinistcha|Matcha Gotcha|p1a: Zamazenta|[spread] \n|-activate|p1a: Zamazenta|move: Wide Guard\n|-activate|p1b: Urshifu|move: Wide Guard\n|\n|upkeep\n|\n|t:|1720070718\n|switch|p2a: Calyrex|Calyrex-Ice, L50|61\/100\n|-ability|p2a: Calyrex|As One\n|-ability|p2a: Calyrex|Unnerve\n|turn|9\n|\n|t:|1720070735\n|move|p2a: Calyrex|Protect|p2a: Calyrex\n|-singleturn|p2a: Calyrex|Protect\n|move|p1b: Urshifu|Surging Strikes|p2a: Calyrex\n|-crit|p2a: Calyrex\n|-damage|p2a: Calyrex|48\/100\n|-crit|p2a: Calyrex\n|-damage|p2a: Calyrex|34\/100\n|-crit|p2a: Calyrex\n|-damage|p2a: Calyrex|19\/100\n|-hitcount|p2a: Calyrex|3\n|move|p1a: Zamazenta|Body Press|p2a: Calyrex\n|-activate|p2a: Calyrex|move: Protect\n|move|p2b: Sinistcha|Matcha Gotcha|p1a: Zamazenta|[spread] p1a,p1b\n|-resisted|p1a: Zamazenta\n|-supereffective|p1b: Urshifu\n|-damage|p1a: Zamazenta|67\/100\n|-damage|p1b: Urshifu|0 fnt\n|faint|p1b: Urshifu\n|\n|-end|p2b: Sinistcha|move: Taunt\n|-sideend|p2: thrrack|Reflect\n|upkeep\n|turn|10\n|inactive|yuzuda has 30 seconds left.\n|\n|t:|1720070764\n|move|p2b: Sinistcha|Rage Powder|p2b: Sinistcha\n|-singleturn|p2b: Sinistcha|move: Rage Powder\n|move|p1a: Zamazenta|Heavy Slam|p2b: Sinistcha\n|-damage|p2b: Sinistcha|57\/100\n|-damage|p1a: Zamazenta|51\/100|[from] item: Rocky Helmet|[of] p2b: Sinistcha\n|move|p2a: Calyrex|High Horsepower|p1a: Zamazenta\n|-supereffective|p1a: Zamazenta\n|-damage|p1a: Zamazenta|27\/100\n|\n|-sideend|p2: thrrack|move: Light Screen\n|upkeep\n|turn|11\n|\n|t:|1720070776\n|move|p2a: Calyrex|Protect|p2a: Calyrex\n|-singleturn|p2a: Calyrex|Protect\n|move|p1a: Zamazenta|Heavy Slam|p2b: Sinistcha\n|-damage|p2b: Sinistcha|15\/100\n|-damage|p1a: Zamazenta|10\/100|[from] item: Rocky Helmet|[of] p2b: Sinistcha\n|move|p2b: Sinistcha|Trick Room|p2b: Sinistcha\n|-fieldstart|move: Trick Room|[of] p2b: Sinistcha\n|\n|upkeep\n|turn|12\n|\n|t:|1720070791\n|move|p2a: Calyrex|High Horsepower|p1a: Zamazenta\n|-supereffective|p1a: Zamazenta\n|-damage|p1a: Zamazenta|0 fnt\n|faint|p1a: Zamazenta\n|\n|win|thrrack\n|raw|yuzuda's rating: 1694 &rarr; <strong>1680<\/strong><br \/>(-14 for losing)\n|raw|thrrack's rating: 1797 &rarr; <strong>1811<\/strong><br \/>(+14 for winning)\n|l|\u2606yuzuda\n|player|p1|\n|l| BreadTest\n|l|\u2606thrrack\n|player|p2|\n","uploadtime":1720070971,"views":34,"formatid":"gen9vgc2024regg","rating":1680,"private":0,"password":null}