{"id":"gen9vgc2024regg-2154092285","format":"[Gen 9] VGC 2024 Reg G","players":["Rafa1000","mephistton"],"log":"|j|\u2606Rafa1000\n|j|\u2606mephistton\n|t:|1719958154\n|gametype|doubles\n|player|p1|Rafa1000|101|1739\n|player|p2|mephistton|lucas|1650\n|teamsize|p1|6\n|teamsize|p2|6\n|gen|9\n|tier|[Gen 9] VGC 2024 Reg G\n|rated|\n|rule|Species Clause: Limit one of each Pok\u00e9mon\n|rule|Item Clause: Limit one of each item\n|clearpoke\n|poke|p1|Raging Bolt, L50|\n|poke|p1|Urshifu-*, L50, F|\n|poke|p1|Ogerpon-Cornerstone, L50, F|\n|poke|p1|Calyrex-Ice, L50|\n|poke|p1|Iron Valiant, L50|\n|poke|p1|Pelipper, L50, M|\n|poke|p2|Tornadus, L50, M|\n|poke|p2|Calyrex-Shadow, L50|\n|poke|p2|Chi-Yu, L50|\n|poke|p2|Ogerpon-Wellspring, L50, F|\n|poke|p2|Indeedee-F, L50, F|\n|poke|p2|Mienshao, L50, F|\n|teampreview|4\n|inactive|Battle timer is ON: inactive players will automatically lose when time's up. (requested by mephistton)\n|inactive|Rafa1000 has 60 seconds left.\n|\n|t:|1719958230\n|start\n|switch|p1a: Pelipper|Pelipper, L50, M|100\/100\n|switch|p1b: Urshifu|Urshifu-Rapid-Strike, L50, F|100\/100\n|switch|p2a: Calyrex|Calyrex-Shadow, L50|100\/100\n|switch|p2b: Indeedee|Indeedee-F, L50, F|100\/100\n|-ability|p2a: Calyrex|As One\n|-ability|p2a: Calyrex|Unnerve\n|-weather|RainDance|[from] ability: Drizzle|[of] p1a: Pelipper\n|-fieldstart|move: Psychic Terrain|[from] ability: Psychic Surge|[of] p2b: Indeedee\n|-enditem|p2b: Indeedee|Psychic Seed\n|-boost|p2b: Indeedee|spd|1|[from] item: Psychic Seed\n|turn|1\n|\n|t:|1719958254\n|move|p1a: Pelipper|Wide Guard|p1a: Pelipper\n|-singleturn|p1a: Pelipper|Wide Guard\n|move|p2b: Indeedee|Follow Me|p2b: Indeedee\n|-singleturn|p2b: Indeedee|move: Follow Me\n|move|p2a: Calyrex|Shadow Ball|p1b: Urshifu\n|-enditem|p1b: Urshifu|Focus Sash\n|-damage|p1b: Urshifu|1\/100\n|move|p1b: Urshifu|Surging Strikes|p2b: Indeedee\n|-crit|p2b: Indeedee\n|-damage|p2b: Indeedee|69\/100\n|-crit|p2b: Indeedee\n|-damage|p2b: Indeedee|39\/100\n|-crit|p2b: Indeedee\n|-damage|p2b: Indeedee|8\/100\n|-hitcount|p2b: Indeedee|3\n|\n|-weather|RainDance|[upkeep]\n|upkeep\n|turn|2\n|inactive|Rafa1000 has 30 seconds left.\n|inactive|mephistton has 30 seconds left.\n|inactive|Rafa1000 has 20 seconds left.\n|inactive|Rafa1000 has 15 seconds left.\n|inactive|Rafa1000 has 10 seconds left.\n|\n|t:|1719958305\n|move|p1a: Pelipper|Wide Guard|p1a: Pelipper\n|-singleturn|p1a: Pelipper|Wide Guard\n|move|p2b: Indeedee|Follow Me|p2b: Indeedee\n|-singleturn|p2b: Indeedee|move: Follow Me\n|move|p1b: Urshifu|Aqua Jet|p2b: Indeedee\n|-activate|p2b: Indeedee|move: Psychic Terrain\n|move|p2a: Calyrex|Shadow Ball|p1a: Pelipper\n|-damage|p1a: Pelipper|0 fnt\n|faint|p1a: Pelipper\n|-ability|p2a: Calyrex|Grim Neigh|boost\n|-boost|p2a: Calyrex|spa|1\n|\n|-weather|RainDance|[upkeep]\n|upkeep\n|\n|t:|1719958318\n|switch|p1a: Calyrex|Calyrex-Ice, L50|100\/100\n|-ability|p1a: Calyrex|As One\n|-ability|p1a: Calyrex|Unnerve\n|turn|3\n|j| RAWAXXX\n|\n|t:|1719958341\n|-terastallize|p1a: Calyrex|Fire\n|move|p1b: Urshifu|Detect|p1b: Urshifu\n|-singleturn|p1b: Urshifu|Protect\n|move|p2b: Indeedee|Follow Me|p2b: Indeedee\n|-singleturn|p2b: Indeedee|move: Follow Me\n|move|p2a: Calyrex|Shadow Ball|p1a: Calyrex\n|-damage|p1a: Calyrex|40\/100\n|-unboost|p1a: Calyrex|spd|1\n|move|p1a: Calyrex|Glacial Lance|p2a: Calyrex|[spread] p2a,p2b\n|-damage|p2a: Calyrex|32\/100\n|-damage|p2b: Indeedee|0 fnt\n|faint|p2b: Indeedee\n|-ability|p1a: Calyrex|Chilling Neigh|boost\n|-boost|p1a: Calyrex|atk|1\n|\n|-weather|RainDance|[upkeep]\n|upkeep\n|\n|t:|1719958357\n|switch|p2b: Chi-Yu|Chi-Yu, L50|100\/100\n|-ability|p2b: Chi-Yu|Beads of Ruin\n|turn|4\n|\n|t:|1719958372\n|-terastallize|p2a: Calyrex|Ghost\n|move|p2b: Chi-Yu|Dark Pulse|p1b: Urshifu\n|-resisted|p1b: Urshifu\n|-damage|p1b: Urshifu|0 fnt\n|faint|p1b: Urshifu\n|move|p2a: Calyrex|Shadow Ball|p1a: Calyrex\n|-damage|p1a: Calyrex|0 fnt\n|faint|p1a: Calyrex\n|-ability|p2a: Calyrex|Grim Neigh|boost\n|-boost|p2a: Calyrex|spa|1\n|\n|-weather|RainDance|[upkeep]\n|upkeep\n|\n|t:|1719958380\n|switch|p1b: Iron Valiant|Iron Valiant, L50|100\/100\n|-enditem|p1b: Iron Valiant|Booster Energy\n|-activate|p1b: Iron Valiant|ability: Quark Drive|[fromitem]\n|-start|p1b: Iron Valiant|quarkdrivespe\n|turn|5\n|inactive|mephistton has 30 seconds left.\n|\n|t:|1719958415\n|move|p1b: Iron Valiant|Moonblast|p2a: Calyrex\n|-damage|p2a: Calyrex|0 fnt\n|faint|p2a: Calyrex\n|move|p2b: Chi-Yu|Dark Pulse|p1b: Iron Valiant\n|-resisted|p1b: Iron Valiant\n|-damage|p1b: Iron Valiant|75\/100\n|\n|-weather|none\n|-fieldend|move: Psychic Terrain\n|upkeep\n|\n|t:|1719958422\n|switch|p2a: Mienshao|Mienshao, L50, F|100\/100\n|turn|6\n|\n|t:|1719958427\n|move|p1b: Iron Valiant|Protect|p1b: Iron Valiant\n|-singleturn|p1b: Iron Valiant|Protect\n|move|p2a: Mienshao|Fake Out|p1b: Iron Valiant\n|-activate|p1b: Iron Valiant|move: Protect\n|move|p2b: Chi-Yu|Dark Pulse|p1b: Iron Valiant\n|-activate|p1b: Iron Valiant|move: Protect\n|\n|upkeep\n|turn|7\n|\n|t:|1719958442\n|move|p1b: Iron Valiant|Moonblast|p2a: Mienshao\n|-supereffective|p2a: Mienshao\n|-enditem|p2a: Mienshao|Focus Sash\n|-damage|p2a: Mienshao|1\/100\n|move|p2b: Chi-Yu|Dark Pulse|p1b: Iron Valiant\n|-resisted|p1b: Iron Valiant\n|-damage|p1b: Iron Valiant|48\/100\n|move|p2a: Mienshao|Close Combat|p1b: Iron Valiant\n|-resisted|p1b: Iron Valiant\n|-damage|p1b: Iron Valiant|10\/100\n|-unboost|p2a: Mienshao|def|1\n|-unboost|p2a: Mienshao|spd|1\n|\n|upkeep\n|turn|8\n|c|\u2606mephistton|gg\n|inactive|Rafa1000 has 30 seconds left.\n|inactive|Rafa1000 has 20 seconds left.\n|inactive|Rafa1000 has 15 seconds left.\n|\n|t:|1719958485\n|move|p1b: Iron Valiant|Protect|p1b: Iron Valiant\n|-singleturn|p1b: Iron Valiant|Protect\n|move|p2b: Chi-Yu|Dark Pulse|p1b: Iron Valiant\n|-activate|p1b: Iron Valiant|move: Protect\n|move|p2a: Mienshao|Close Combat|p1b: Iron Valiant\n|-activate|p1b: Iron Valiant|move: Protect\n|\n|upkeep\n|turn|9\n|l| RAWAXXX\n|inactive|Rafa1000 has 30 seconds left.\n|inactive|Rafa1000 has 20 seconds left.\n|inactive|Rafa1000 has 15 seconds left.\n|\n|t:|1719958526\n|move|p1b: Iron Valiant|Disable|p2b: Chi-Yu\n|-start|p2b: Chi-Yu|Disable|Dark Pulse\n|cant|p2b: Chi-Yu|Disable|Dark Pulse\n|move|p2a: Mienshao|Close Combat|p1b: Iron Valiant\n|-resisted|p1b: Iron Valiant\n|-damage|p1b: Iron Valiant|0 fnt\n|-unboost|p2a: Mienshao|def|1\n|-unboost|p2a: Mienshao|spd|1\n|faint|p1b: Iron Valiant\n|-end|p1b: Iron Valiant|Quark Drive|[silent]\n|\n|win|mephistton\n|raw|Rafa1000's rating: 1739 &rarr; <strong>1714<\/strong><br \/>(-25 for losing)\n|raw|mephistton's rating: 1650 &rarr; <strong>1675<\/strong><br \/>(+25 for winning)\n|l|\u2606mephistton\n|player|p2|\n|l|\u2606Rafa1000\n|player|p1|\n","uploadtime":1719958797,"views":9,"formatid":"gen9vgc2024regg","rating":1675,"private":0,"password":null}