{"id":"gen9vgc2024regg-2154083026","format":"[Gen 9] VGC 2024 Reg G","players":["UGCL","RomanTogepi"],"log":"|j|\u2606UGCL\n|j|\u2606RomanTogepi\n|t:|1719957063\n|gametype|doubles\n|player|p1|UGCL|carmine|1684\n|player|p2|RomanTogepi|waiter-gen4dp|1746\n|teamsize|p1|6\n|teamsize|p2|6\n|gen|9\n|tier|[Gen 9] VGC 2024 Reg G\n|rated|\n|rule|Species Clause: Limit one of each Pok\u00e9mon\n|rule|Item Clause: Limit one of each item\n|clearpoke\n|poke|p1|Terapagos, L50, M|\n|poke|p1|Clefairy, L50, M|\n|poke|p1|Urshifu-*, L50, M|\n|poke|p1|Incineroar, L50, M|\n|poke|p1|Rillaboom, L50, F|\n|poke|p1|Gholdengo, L50|\n|poke|p2|Miraidon, L50|\n|poke|p2|Chi-Yu, L50|\n|poke|p2|Whimsicott, L50, M|\n|poke|p2|Ogerpon-Cornerstone, L50, F|\n|poke|p2|Iron Hands, L50|\n|poke|p2|Farigiraf, L50, M|\n|teampreview|4\n|\n|t:|1719957079\n|start\n|switch|p1a: Terapagos|Terapagos, L50, M|100\/100\n|switch|p1b: Rillaboom|Rillaboom, L50, F|100\/100\n|switch|p2a: Miraidon|Miraidon, L50|100\/100\n|switch|p2b: Chi-Yu|Chi-Yu, L50|100\/100\n|-activate|p1a: Terapagos|ability: Tera Shift\n|detailschange|p1a: Terapagos|Terapagos-Terastal, L50, M\n|-heal|p1a: Terapagos|100\/100|[silent]\n|-fieldstart|move: Electric Terrain|[from] ability: Hadron Engine|[of] p2a: Miraidon\n|-ability|p2b: Chi-Yu|Beads of Ruin\n|-fieldstart|move: Grassy Terrain|[from] ability: Grassy Surge|[of] p1b: Rillaboom\n|turn|1\n|\n|t:|1719957113\n|switch|p2a: Whimsicott|Whimsicott, L50, M|100\/100\n|move|p1b: Rillaboom|Fake Out|p2b: Chi-Yu\n|-damage|p2b: Chi-Yu|81\/100\n|cant|p2b: Chi-Yu|flinch\n|move|p1a: Terapagos|Calm Mind|p1a: Terapagos\n|-boost|p1a: Terapagos|spa|1\n|-boost|p1a: Terapagos|spd|1\n|\n|-heal|p2b: Chi-Yu|87\/100|[from] Grassy Terrain\n|upkeep\n|turn|2\n|\n|t:|1719957128\n|switch|p1b: Piepi|Clefairy, L50, M|100\/100\n|move|p1a: Terapagos|Protect|p1a: Terapagos\n|-singleturn|p1a: Terapagos|Protect\n|move|p2a: Whimsicott|Encore|p1a: Terapagos\n|-activate|p1a: Terapagos|move: Protect\n|move|p2b: Chi-Yu|Heat Wave|p1a: Terapagos|[spread] \n|-activate|p1a: Terapagos|move: Protect\n|-miss|p2b: Chi-Yu|p1b: Piepi\n|\n|-heal|p2b: Chi-Yu|93\/100|[from] Grassy Terrain\n|upkeep\n|turn|3\n|\n|t:|1719957140\n|move|p1b: Piepi|Follow Me|p1b: Piepi\n|-singleturn|p1b: Piepi|move: Follow Me\n|move|p2a: Whimsicott|Sunny Day|p2a: Whimsicott\n|-weather|SunnyDay\n|move|p2b: Chi-Yu|Overheat|p1b: Piepi\n|-damage|p1b: Piepi|0 fnt\n|-unboost|p2b: Chi-Yu|spa|2\n|faint|p1b: Piepi\n|move|p1a: Terapagos|Tera Starstorm|p2b: Chi-Yu\n|-damage|p2b: Chi-Yu|5\/100\n|\n|-weather|SunnyDay|[upkeep]\n|-heal|p2b: Chi-Yu|11\/100|[from] Grassy Terrain\n|upkeep\n|\n|t:|1719957152\n|switch|p1b: Urshifu|Urshifu-Rapid-Strike, L50, M|100\/100\n|turn|4\n|\n|t:|1719957163\n|-terastallize|p1a: Terapagos|Stellar\n|detailschange|p1a: Terapagos|Terapagos-Stellar, L50, M, tera:Stellar\n|-heal|p1a: Terapagos|100\/100|[silent]\n|-ability|p1a: Terapagos|Teraform Zero\n|-weather|none\n|-fieldend|move: Grassy Terrain\n|move|p2a: Whimsicott|Tailwind|p2a: Whimsicott\n|-sidestart|p2: RomanTogepi|move: Tailwind\n|move|p2b: Chi-Yu|Heat Wave|p1a: Terapagos|[spread] p1a,p1b\n|-resisted|p1b: Urshifu\n|-damage|p1a: Terapagos|89\/100\n|-damage|p1b: Urshifu|83\/100\n|move|p1b: Urshifu|U-turn|p2a: Whimsicott\n|-damage|p2a: Whimsicott|57\/100\n|inactive|Battle timer is ON: inactive players will automatically lose when time's up. (requested by RomanTogepi)\n|\n|t:|1719957172\n|switch|p1b: Rillaboom|Rillaboom, L50, F|100\/100|[from] U-turn\n|-fieldstart|move: Grassy Terrain|[from] ability: Grassy Surge|[of] p1b: Rillaboom\n|move|p1a: Terapagos|Tera Starstorm|p2a: Whimsicott|[spread] p2a,p2b\n|-damage|p2a: Whimsicott|0 fnt\n|-damage|p2b: Chi-Yu|0 fnt\n|faint|p2a: Whimsicott\n|faint|p2b: Chi-Yu\n|\n|-heal|p1a: Terapagos|95\/100|[from] Grassy Terrain\n|upkeep\n|\n|t:|1719957175\n|switch|p2a: Farigiraf|Farigiraf, L50, M|100\/100\n|switch|p2b: Miraidon|Miraidon, L50|100\/100\n|-fieldstart|move: Electric Terrain|[from] ability: Hadron Engine|[of] p2b: Miraidon\n|turn|5\n|\n|t:|1719957192\n|-terastallize|p2b: Miraidon|Electric\n|move|p2b: Miraidon|Electro Drift|p1a: Terapagos\n|-damage|p1a: Terapagos|8\/100\n|move|p2a: Farigiraf|Psychic|p1b: Rillaboom\n|-damage|p1b: Rillaboom|74\/100\n|move|p1a: Terapagos|Tera Starstorm|p2a: Farigiraf|[spread] p2a,p2b\n|-supereffective|p2b: Miraidon\n|-damage|p2a: Farigiraf|40\/100\n|-damage|p2b: Miraidon|3\/100\n|-enditem|p2a: Farigiraf|Sitrus Berry|[eat]\n|-heal|p2a: Farigiraf|65\/100|[from] item: Sitrus Berry\n|move|p1b: Rillaboom|U-turn|p2a: Farigiraf\n|-supereffective|p2a: Farigiraf\n|-damage|p2a: Farigiraf|21\/100\n|\n|t:|1719957196\n|switch|p1b: Urshifu|Urshifu-Rapid-Strike, L50, M|83\/100|[from] U-turn\n|\n|upkeep\n|turn|6\n|\n|t:|1719957209\n|move|p2b: Miraidon|Electro Drift|p1b: Urshifu\n|-supereffective|p1b: Urshifu\n|-damage|p1b: Urshifu|0 fnt\n|faint|p1b: Urshifu\n|move|p2a: Farigiraf|Psychic|p1a: Terapagos\n|-damage|p1a: Terapagos|0 fnt\n|faint|p1a: Terapagos\n|\n|upkeep\n|\n|t:|1719957213\n|switch|p1b: Rillaboom|Rillaboom, L50, F|74\/100\n|-fieldstart|move: Grassy Terrain|[from] ability: Grassy Surge|[of] p1b: Rillaboom\n|turn|7\n|\n|t:|1719957220\n|move|p2b: Miraidon|Electro Drift|p1b: Rillaboom\n|-resisted|p1b: Rillaboom\n|-damage|p1b: Rillaboom|36\/100\n|move|p2a: Farigiraf|Psychic|p1b: Rillaboom\n|-damage|p1b: Rillaboom|5\/100\n|move|p1b: Rillaboom|U-turn|p2a: Farigiraf\n|-supereffective|p2a: Farigiraf\n|-damage|p2a: Farigiraf|0 fnt\n|faint|p2a: Farigiraf\n|\n|-heal|p2b: Miraidon|9\/100|[from] Grassy Terrain\n|-heal|p1b: Rillaboom|11\/100|[from] Grassy Terrain\n|-sideend|p2: RomanTogepi|move: Tailwind\n|upkeep\n|turn|8\n|\n|t:|1719957226\n|move|p1b: Rillaboom|Grassy Glide|p2b: Miraidon\n|-damage|p2b: Miraidon|0 fnt\n|faint|p2b: Miraidon\n|\n|win|UGCL\n|raw|UGCL's rating: 1659 &rarr; <strong>1684<\/strong><br \/>(+25 for winning)\n|raw|RomanTogepi's rating: 1746 &rarr; <strong>1721<\/strong><br \/>(-25 for losing)\n|l|\u2606UGCL\n|player|p1|\n|l|\u2606RomanTogepi\n|player|p2|\n","uploadtime":1719957407,"views":13,"formatid":"gen9vgc2024regg","rating":1684,"private":0,"password":null}