{"id":"gen9vgc2024regg-2154342042","format":"[Gen 9] VGC 2024 Reg G","players":["chuanOVO","ccc2014"],"log":"|j|\u2606chuanOVO\n|j|\u2606ccc2014\n|t:|1719998535\n|gametype|doubles\n|player|p1|chuanOVO|n|1725\n|player|p2|ccc2014|dawn|1727\n|teamsize|p1|6\n|teamsize|p2|6\n|gen|9\n|tier|[Gen 9] VGC 2024 Reg G\n|rated|\n|rule|Species Clause: Limit one of each Pok\u00e9mon\n|rule|Item Clause: Limit one of each item\n|clearpoke\n|poke|p1|Miraidon, L50|\n|poke|p1|Ogerpon-Hearthflame, L50, F|\n|poke|p1|Urshifu-*, L50, M|\n|poke|p1|Farigiraf, L50, M|\n|poke|p1|Iron Hands, L50|\n|poke|p1|Ditto, L50|\n|poke|p2|Urshifu-*, L50, M|\n|poke|p2|Clefairy, L50, F|\n|poke|p2|Incineroar, L50, M|\n|poke|p2|Rillaboom, L50, M|\n|poke|p2|Tornadus, L50, M|\n|poke|p2|Calyrex-Shadow, L50|\n|teampreview|4\n|inactive|Battle timer is ON: inactive players will automatically lose when time's up. (requested by chuanOVO)\n|inactive|ccc2014 has 60 seconds left.\n|\n|t:|1719998598\n|start\n|switch|p1a: Miraidon|Miraidon, L50|100\/100\n|switch|p1b: Ogerpon|Ogerpon-Hearthflame, L50, F|100\/100\n|switch|p2a: Rillaboom|Rillaboom, L50, M|100\/100\n|switch|p2b: Urshifu|Urshifu-Rapid-Strike, L50, M|100\/100\n|-fieldstart|move: Electric Terrain|[from] ability: Hadron Engine|[of] p1a: Miraidon\n|-ability|p1b: Ogerpon|Mold Breaker\n|-fieldstart|move: Grassy Terrain|[from] ability: Grassy Surge|[of] p2a: Rillaboom\n|turn|1\n|inactive|chuanOVO has 30 seconds left.\n|inactive|ccc2014 has 30 seconds left.\n|inactive|ccc2014 has 20 seconds left.\n|inactive|ccc2014 has 15 seconds left.\n|inactive|chuanOVO has 20 seconds left.\n|\n|t:|1719998644\n|switch|p1b: Farigiraf|Farigiraf, L50, M, shiny|100\/100\n|switch|p2a: Incineroar|Incineroar, L50, M, shiny|100\/100\n|-ability|p2a: Incineroar|Intimidate|boost\n|-unboost|p1a: Miraidon|atk|1\n|-unboost|p1b: Farigiraf|atk|1\n|move|p2b: Urshifu|Detect|p2b: Urshifu\n|-singleturn|p2b: Urshifu|Protect\n|move|p1a: Miraidon|Volt Switch|p2b: Urshifu\n|-activate|p2b: Urshifu|move: Protect\n|\n|upkeep\n|turn|2\n|inactive|chuanOVO has 30 seconds left.\n|\n|t:|1719998676\n|switch|p1b: Ogerpon|Ogerpon-Hearthflame, L50, F|100\/100\n|-ability|p1b: Ogerpon|Mold Breaker\n|move|p1a: Miraidon|Volt Switch|p2a: Incineroar\n|-damage|p2a: Incineroar|45\/100\n|\n|t:|1719998686\n|switch|p1a: Farigiraf|Farigiraf, L50, M, shiny|100\/100|[from] Volt Switch\n|move|p2b: Urshifu|Surging Strikes|p1b: Ogerpon\n|-crit|p1b: Ogerpon\n|-damage|p1b: Ogerpon|75\/100\n|-crit|p1b: Ogerpon\n|-damage|p1b: Ogerpon|49\/100\n|-crit|p1b: Ogerpon\n|-damage|p1b: Ogerpon|22\/100\n|-hitcount|p1b: Ogerpon|3\n|move|p2a: Incineroar|Knock Off|p1b: Ogerpon\n|-damage|p1b: Ogerpon|0 fnt\n|faint|p1b: Ogerpon\n|\n|-heal|p2a: Incineroar|51\/100|[from] Grassy Terrain\n|upkeep\n|\n|t:|1719998701\n|switch|p1b: Miraidon|Miraidon, L50|100\/100\n|-fieldstart|move: Electric Terrain|[from] ability: Hadron Engine|[of] p1b: Miraidon\n|-enditem|p1a: Farigiraf|Electric Seed\n|-boost|p1a: Farigiraf|def|1|[from] item: Electric Seed\n|turn|3\n|j| Auryz\n|\n|t:|1719998719\n|switch|p2a: Rillaboom|Rillaboom, L50, M|100\/100\n|-fieldstart|move: Grassy Terrain|[from] ability: Grassy Surge|[of] p2a: Rillaboom\n|move|p1a: Farigiraf|Helping Hand|p1b: Miraidon\n|-singleturn|p1b: Miraidon|Helping Hand|[of] p1a: Farigiraf\n|move|p2b: Urshifu|Detect|p2b: Urshifu\n|-singleturn|p2b: Urshifu|Protect\n|move|p1b: Miraidon|Draco Meteor|p2a: Rillaboom\n|-damage|p2a: Rillaboom|0 fnt\n|-unboost|p1b: Miraidon|spa|2\n|faint|p2a: Rillaboom\n|\n|upkeep\n|\n|t:|1719998744\n|switch|p2a: Incineroar|Incineroar, L50, M, shiny|51\/100\n|-ability|p2a: Incineroar|Intimidate|boost\n|-unboost|p1a: Farigiraf|atk|1\n|-unboost|p1b: Miraidon|atk|1\n|turn|4\n|inactive|ccc2014 has 30 seconds left.\n|\n|t:|1719998769\n|move|p1b: Miraidon|Draco Meteor|p2a: Incineroar\n|-damage|p2a: Incineroar|0 fnt\n|-unboost|p1b: Miraidon|spa|2\n|faint|p2a: Incineroar\n|move|p2b: Urshifu|Surging Strikes|p1a: Farigiraf\n|-crit|p1a: Farigiraf\n|-damage|p1a: Farigiraf|80\/100\n|-crit|p1a: Farigiraf\n|-damage|p1a: Farigiraf|60\/100\n|-crit|p1a: Farigiraf\n|-damage|p1a: Farigiraf|40\/100\n|-hitcount|p1a: Farigiraf|3\n|move|p1a: Farigiraf|Psychic|p2b: Urshifu\n|-supereffective|p2b: Urshifu\n|-enditem|p2b: Urshifu|Focus Sash\n|-damage|p2b: Urshifu|1\/100\n|\n|-heal|p2b: Urshifu|7\/100|[from] Grassy Terrain\n|-heal|p1a: Farigiraf|46\/100|[from] Grassy Terrain\n|upkeep\n|\n|t:|1719998788\n|switch|p2a: Clefairy|Clefairy, L50, F|100\/100\n|turn|5\n|\n|t:|1719998808\n|switch|p1b: Ditto|Ditto, L50, shiny|100\/100\n|-transform|p1b: Ditto|p2a: Clefairy|[from] ability: Imposter\n|move|p2b: Urshifu|Surging Strikes|p1a: Farigiraf\n|-crit|p1a: Farigiraf\n|-damage|p1a: Farigiraf|32\/100\n|-crit|p1a: Farigiraf\n|-damage|p1a: Farigiraf|17\/100\n|-crit|p1a: Farigiraf\n|-damage|p1a: Farigiraf|1\/100\n|-hitcount|p1a: Farigiraf|3\n|move|p1a: Farigiraf|Hyper Voice|p2a: Clefairy|[spread] p2a,p2b\n|-damage|p2a: Clefairy|73\/100\n|-damage|p2b: Urshifu|0 fnt\n|faint|p2b: Urshifu\n|move|p2a: Clefairy|Life Dew|p2a: Clefairy\n|-heal|p2a: Clefairy|98\/100\n|\n|-heal|p1a: Farigiraf|7\/100|[from] Grassy Terrain\n|-heal|p2a: Clefairy|100\/100|[from] Grassy Terrain\n|upkeep\n|turn|6\n|-message|ccc2014 forfeited.\n|\n|win|chuanOVO\n|raw|chuanOVO's rating: 1725 &rarr; <strong>1745<\/strong><br \/>(+20 for winning)\n|raw|ccc2014's rating: 1727 &rarr; <strong>1707<\/strong><br \/>(-20 for losing)\n|l|\u2606ccc2014\n|player|p2|\n|l| Auryz\n","uploadtime":1719999093,"views":20,"formatid":"gen9vgc2024regg","rating":1707,"private":0,"password":null}