{"id":"gen9vgc2024regg-2154088922","format":"[Gen 9] VGC 2024 Reg G","players":["Rafa1000","RomanTogepi"],"log":"|j|\u2606Rafa1000\n|j|\u2606RomanTogepi\n|t:|1719957749\n|gametype|doubles\n|player|p1|Rafa1000|101|1720\n|player|p2|RomanTogepi|waiter-gen4dp|1708\n|teamsize|p1|6\n|teamsize|p2|6\n|gen|9\n|tier|[Gen 9] VGC 2024 Reg G\n|rated|\n|rule|Species Clause: Limit one of each Pok\u00e9mon\n|rule|Item Clause: Limit one of each item\n|clearpoke\n|poke|p1|Raging Bolt, L50|\n|poke|p1|Urshifu-*, L50, M|\n|poke|p1|Ogerpon-Cornerstone, L50, F|\n|poke|p1|Calyrex-Ice, L50|\n|poke|p1|Iron Valiant, L50|\n|poke|p1|Pelipper, L50, F|\n|poke|p2|Miraidon, L50|\n|poke|p2|Chi-Yu, L50|\n|poke|p2|Whimsicott, L50, F|\n|poke|p2|Ogerpon-Cornerstone, L50, F|\n|poke|p2|Iron Hands, L50|\n|poke|p2|Farigiraf, L50, F|\n|teampreview|4\n|inactive|Battle timer is ON: inactive players will automatically lose when time's up. (requested by RomanTogepi)\nRomanTogepi rejected open team sheets.\n|\n|t:|1719957777\n|start\n|switch|p1a: Calyrex|Calyrex-Ice, L50|100\/100\n|switch|p1b: Ogerpon|Ogerpon-Cornerstone, L50, F|100\/100\n|switch|p2a: Miraidon|Miraidon, L50|100\/100\n|switch|p2b: Iron Hands|Iron Hands, L50|100\/100\n|-ability|p1a: Calyrex|As One\n|-ability|p1a: Calyrex|Unnerve\n|-fieldstart|move: Electric Terrain|[from] ability: Hadron Engine|[of] p2a: Miraidon\n|-activate|p2b: Iron Hands|ability: Quark Drive\n|-start|p2b: Iron Hands|quarkdriveatk\n|turn|1\n|\n|t:|1719957798\n|move|p2b: Iron Hands|Fake Out|p1a: Calyrex\n|-damage|p1a: Calyrex|86\/100\n|move|p1b: Ogerpon|Follow Me|p1b: Ogerpon\n|-singleturn|p1b: Ogerpon|move: Follow Me\n|move|p2a: Miraidon|Volt Switch|p1b: Ogerpon\n|-resisted|p1b: Ogerpon\n|-damage|p1b: Ogerpon|36\/100\n|\n|t:|1719957808\n|switch|p2a: Ogerpon|Ogerpon-Cornerstone, L50, F|100\/100|[from] Volt Switch\n|cant|p1a: Calyrex|flinch\n|\n|upkeep\n|turn|2\n|\n|t:|1719957825\n|move|p1b: Ogerpon|Follow Me|p1b: Ogerpon\n|-singleturn|p1b: Ogerpon|move: Follow Me\n|move|p2a: Ogerpon|Ivy Cudgel|p1b: Ogerpon|[anim] Ivy Cudgel Rock\n|-damage|p1b: Ogerpon|0 fnt\n|faint|p1b: Ogerpon\n|move|p1a: Calyrex|Glacial Lance|p2b: Iron Hands|[spread] p2a,p2b\n|-supereffective|p2a: Ogerpon\n|-ability|p2a: Ogerpon|Sturdy\n|-damage|p2a: Ogerpon|1\/100\n|-damage|p2b: Iron Hands|56\/100\n|move|p2b: Iron Hands|Wild Charge|p1a: Calyrex\n|-damage|p1a: Calyrex|28\/100\n|-damage|p2b: Iron Hands|45\/100|[from] Recoil\n|\n|upkeep\n|\n|t:|1719957844\n|switch|p1b: Iron Valiant|Iron Valiant, L50|100\/100\n|-activate|p1b: Iron Valiant|ability: Quark Drive\n|-start|p1b: Iron Valiant|quarkdrivespe\n|turn|3\n|\n|t:|1719957862\n|move|p2a: Ogerpon|Spiky Shield|p2a: Ogerpon\n|-singleturn|p2a: Ogerpon|move: Protect\n|move|p1b: Iron Valiant|Icy Wind|p2a: Ogerpon|[spread] p2b\n|-activate|p2a: Ogerpon|move: Protect\n|-damage|p2b: Iron Hands|37\/100\n|-unboost|p2b: Iron Hands|spe|1\n|move|p1a: Calyrex|Glacial Lance|p2b: Iron Hands|[spread] p2b\n|-activate|p2a: Ogerpon|move: Protect\n|-damage|p2b: Iron Hands|0 fnt\n|faint|p2b: Iron Hands\n|-end|p2b: Iron Hands|Quark Drive|[silent]\n|-ability|p1a: Calyrex|Chilling Neigh|boost\n|-boost|p1a: Calyrex|atk|1\n|\n|upkeep\n|j| RAWAXXX\n|\n|t:|1719957881\n|switch|p2b: Miraidon|Miraidon, L50|100\/100\n|-activate|p2b: Miraidon|ability: Hadron Engine\n|turn|4\n|inactive|Rafa1000 has 30 seconds left.\n|inactive|RomanTogepi has 30 seconds left.\n|\n|t:|1719957914\n|-terastallize|p2b: Miraidon|Electric\n|move|p1b: Iron Valiant|Icy Wind|p2b: Miraidon|[spread] p2a,p2b\n|-supereffective|p2a: Ogerpon\n|-damage|p2a: Ogerpon|0 fnt\n|-damage|p2b: Miraidon|88\/100\n|-unboost|p2b: Miraidon|spe|1\n|faint|p2a: Ogerpon\n|move|p2b: Miraidon|Volt Switch|p1b: Iron Valiant\n|-damage|p1b: Iron Valiant|0 fnt\n|faint|p1b: Iron Valiant\n|-end|p1b: Iron Valiant|Quark Drive|[silent]\n|\n|t:|1719957918\n|switch|p2b: Farigiraf|Farigiraf, L50, F|100\/100|[from] Volt Switch\n|move|p1a: Calyrex|Glacial Lance|p2b: Farigiraf\n|-damage|p2b: Farigiraf|0 fnt\n|faint|p2b: Farigiraf\n|-ability|p1a: Calyrex|Chilling Neigh|boost\n|-boost|p1a: Calyrex|atk|1\n|\n|upkeep\n|\n|t:|1719957924\n|switch|p1b: Raging Bolt|Raging Bolt, L50|100\/100\n|switch|p2b: Miraidon|Miraidon, L50, tera:Electric|88\/100\n|-activate|p2b: Miraidon|ability: Hadron Engine\n|turn|5\n|\n|t:|1719957944\n|move|p2b: Miraidon|Dazzling Gleam|p1a: Calyrex|[spread] p1a,p1b\n|-supereffective|p1b: Raging Bolt\n|-damage|p1a: Calyrex|4\/100\n|-damage|p1b: Raging Bolt|12\/100\n|move|p1b: Raging Bolt|Draco Meteor|p2b: Miraidon\n|-damage|p2b: Miraidon|0 fnt\n|-unboost|p1b: Raging Bolt|spa|2\n|faint|p2b: Miraidon\n|-damage|p1b: Raging Bolt|2\/100|[from] item: Life Orb\n|\n|win|Rafa1000\n|raw|Rafa1000's rating: 1720 &rarr; <strong>1739<\/strong><br \/>(+19 for winning)\n|raw|RomanTogepi's rating: 1708 &rarr; <strong>1689<\/strong><br \/>(-19 for losing)\n","uploadtime":1719958102,"views":26,"formatid":"gen9vgc2024regg","rating":1689,"private":0,"password":null}