{"id":"gen9vgc2024regg-2154317797","format":"[Gen 9] VGC 2024 Reg G","players":["war3infi","Aki Hoshino"],"log":"|j|\u2606war3infi\n|j|\u2606Aki Hoshino\n|t:|1719993650\n|gametype|doubles\n|player|p1|war3infi|dawn|1812\n|player|p2|Aki Hoshino|aromalady|1843\n|teamsize|p1|6\n|teamsize|p2|6\n|gen|9\n|tier|[Gen 9] VGC 2024 Reg G\n|rated|\n|rule|Species Clause: Limit one of each Pok\u00e9mon\n|rule|Item Clause: Limit one of each item\n|clearpoke\n|poke|p1|Calyrex-Ice, L50|\n|poke|p1|Annihilape, L50, M|\n|poke|p1|Smeargle, L50, F|\n|poke|p1|Ursaluna-Bloodmoon, L50, M|\n|poke|p1|Urshifu-*, L50, F|\n|poke|p1|Ogerpon-Wellspring, L50, F|\n|poke|p2|Whimsicott, L50, F|\n|poke|p2|Calyrex-Ice, L50|\n|poke|p2|Urshifu-*, L50, F|\n|poke|p2|Landorus, L50, M|\n|poke|p2|Rillaboom, L50, F|\n|poke|p2|Entei, L50|\n|teampreview|4\n|\n|t:|1719993665\n|start\n|switch|p1a: Calyrex|Calyrex-Ice, L50|100\/100\n|switch|p1b: Smeargle|Smeargle, L50, F|100\/100\n|switch|p2a: Whimsicott|Whimsicott, L50, F|100\/100\n|switch|p2b: Calyrex|Calyrex-Ice, L50|100\/100\n|-ability|p2b: Calyrex|As One\n|-ability|p2b: Calyrex|Unnerve\n|-ability|p1a: Calyrex|As One\n|-ability|p1a: Calyrex|Unnerve\n|turn|1\n|l|\u2606war3infi\n|player|p1|\n|j| dossary\n|inactive|Battle timer is ON: inactive players will automatically lose when time's up. (requested by Aki Hoshino)\n|inactive|war3infi has 30 seconds to reconnect!\n|inactive|war3infi has 20 seconds to reconnect!\n|inactive|war3infi has 15 seconds to reconnect!\n|j|\u2606war3infi\n|inactive|war3infi reconnected and has 45 seconds left.\n|player|p1|war3infi|dawn|\n|\n|t:|1719993833\n|move|p2b: Calyrex|Protect|p2b: Calyrex\n|-singleturn|p2b: Calyrex|Protect\n|move|p1b: Smeargle|Fake Out|p2b: Calyrex\n|-activate|p2b: Calyrex|move: Protect\n|move|p2a: Whimsicott|Moonblast|p1b: Smeargle\n|-damage|p1b: Smeargle|25\/100\n|move|p1a: Calyrex|Glacial Lance|p2a: Whimsicott|[spread] p2a\n|-activate|p2b: Calyrex|move: Protect\n|-supereffective|p2a: Whimsicott\n|-enditem|p2a: Whimsicott|Focus Sash\n|-damage|p2a: Whimsicott|1\/100\n|\n|upkeep\n|turn|2\n|inactive|Aki Hoshino has 30 seconds left.\n|l|\u2606war3infi\n|inactive|war3infi disconnected and has a minute to reconnect!\n|player|p1|\n|inactive|Aki Hoshino has 20 seconds left.\n|inactive|Aki Hoshino has 15 seconds left.\n|inactive|Aki Hoshino has 10 seconds left.\n|j|\u2606war3infi\n|inactive|war3infi reconnected.\n|player|p1|war3infi|dawn|\n|\n|t:|1719993879\n|move|p1b: Smeargle|Follow Me|p1b: Smeargle\n|-singleturn|p1b: Smeargle|move: Follow Me\n|move|p2a: Whimsicott|Endeavor|p1b: Smeargle\n|-damage|p1b: Smeargle|1\/100\n|move|p2b: Calyrex|Glacial Lance|p1b: Smeargle|[spread] p1a,p1b\n|-resisted|p1a: Calyrex\n|-damage|p1a: Calyrex|83\/100\n|-damage|p1b: Smeargle|0 fnt\n|faint|p1b: Smeargle\n|-ability|p2b: Calyrex|Chilling Neigh|boost\n|-boost|p2b: Calyrex|atk|1\n|move|p1a: Calyrex|Trick Room|p1a: Calyrex\n|-fieldstart|move: Trick Room|[of] p1a: Calyrex\n|\n|upkeep\n|j| redchen1106\n|\n|t:|1719993892\n|switch|p1b: Ursaluna|Ursaluna-Bloodmoon, L50, M|100\/100\n|turn|3\n|\n|t:|1719993910\n|-terastallize|p1b: Ursaluna|Normal\n|move|p1a: Calyrex|Protect|p1a: Calyrex\n|-singleturn|p1a: Calyrex|Protect\n|move|p2b: Calyrex|Protect|p2b: Calyrex\n|-singleturn|p2b: Calyrex|Protect\n|move|p2a: Whimsicott|Encore|p1a: Calyrex\n|-activate|p1a: Calyrex|move: Protect\n|move|p1b: Ursaluna|Blood Moon|p2b: Calyrex\n|-activate|p2b: Calyrex|move: Protect\n|\n|upkeep\n|turn|4\n|inactive|Aki Hoshino has 30 seconds left.\n|\n|t:|1719993938\n|move|p1b: Ursaluna|Vacuum Wave|p2a: Whimsicott\n|-resisted|p2a: Whimsicott\n|-damage|p2a: Whimsicott|0 fnt\n|faint|p2a: Whimsicott\n|-damage|p1b: Ursaluna|91\/100|[from] item: Life Orb\n|move|p1a: Calyrex|Glacial Lance|p2b: Calyrex\n|-resisted|p2b: Calyrex\n|-damage|p2b: Calyrex|73\/100\n|move|p2b: Calyrex|Trick Room|p2b: Calyrex\n|-fieldend|move: Trick Room\n|\n|upkeep\n|\n|t:|1719993949\n|switch|p2a: Urshifu|Urshifu, L50, F|100\/100\n|turn|5\n|inactive|Aki Hoshino has 30 seconds left.\n|\n|t:|1719993975\n|move|p2a: Urshifu|Wicked Blow|p1a: Calyrex\n|-supereffective|p1a: Calyrex\n|-crit|p1a: Calyrex\n|-damage|p1a: Calyrex|0 fnt\n|faint|p1a: Calyrex\n|move|p2b: Calyrex|Close Combat|p1b: Ursaluna\n|-supereffective|p1b: Ursaluna\n|-damage|p1b: Ursaluna|0 fnt\n|-unboost|p2b: Calyrex|def|1\n|-unboost|p2b: Calyrex|spd|1\n|faint|p1b: Ursaluna\n|-ability|p2b: Calyrex|Chilling Neigh|boost\n|-boost|p2b: Calyrex|atk|1\n|\n|upkeep\n|-message|war3infi forfeited.\n|\n|win|Aki Hoshino\n|raw|war3infi's rating: 1812 &rarr; <strong>1794<\/strong><br \/>(-18 for losing)\n|raw|Aki Hoshino's rating: 1843 &rarr; <strong>1861<\/strong><br \/>(+18 for winning)\n|l|\u2606war3infi\n|player|p1|\n|l|\u2606Aki Hoshino\n|player|p2|\n|l| redchen1106\n","uploadtime":1719994210,"views":322,"formatid":"gen9vgc2024regg","rating":1794,"private":0,"password":null}