{"id":"gen9vgc2024regg-2154217419","format":"[Gen 9] VGC 2024 Reg G","players":["Tempest brute","ccc2014"],"log":"|j|\u2606Tempest brute\n|j|\u2606ccc2014\n|t:|1719975231\n|gametype|doubles\n|player|p1|Tempest brute|veteran|1704\n|player|p2|ccc2014|dawn|1717\n|teamsize|p1|6\n|teamsize|p2|6\n|gen|9\n|tier|[Gen 9] VGC 2024 Reg G\n|rated|\n|rule|Species Clause: Limit one of each Pok\u00e9mon\n|rule|Item Clause: Limit one of each item\n|clearpoke\n|poke|p1|Lunala, L50|\n|poke|p1|Roaring Moon, L50|\n|poke|p1|Entei, L50|\n|poke|p1|Ogerpon-Wellspring, L50, F|\n|poke|p1|Iron Hands, L50|\n|poke|p1|Ursaluna-Bloodmoon, L50, M|\n|poke|p2|Urshifu-*, L50, M|\n|poke|p2|Clefairy, L50, M|\n|poke|p2|Incineroar, L50, M|\n|poke|p2|Rillaboom, L50, M|\n|poke|p2|Tornadus, L50, M|\n|poke|p2|Calyrex-Shadow, L50|\n|teampreview|4\n|j| abonuo\n|\n|t:|1719975292\n|start\n|switch|p1a: Iron Hands|Iron Hands, L50|100\/100\n|switch|p1b: Ursaluna|Ursaluna-Bloodmoon, L50, M|100\/100\n|switch|p2a: Incineroar|Incineroar, L50, M, shiny|100\/100\n|switch|p2b: Calyrex|Calyrex-Shadow, L50|100\/100\n|-ability|p2b: Calyrex|As One\n|-ability|p2b: Calyrex|Unnerve\n|-ability|p2a: Incineroar|Intimidate|boost\n|-unboost|p1a: Iron Hands|atk|1\n|-unboost|p1b: Ursaluna|atk|1\n|turn|1\n|inactive|Battle timer is ON: inactive players will automatically lose when time's up. (requested by ccc2014)\n|\n|t:|1719975347\n|-terastallize|p1b: Ursaluna|Normal\n|move|p2a: Incineroar|Fake Out|p1b: Ursaluna\n|-damage|p1b: Ursaluna|93\/100\n|move|p2b: Calyrex|Nasty Plot|p2b: Calyrex\n|-boost|p2b: Calyrex|spa|2\n|cant|p1b: Ursaluna|flinch\n|move|p1a: Iron Hands|Whirlwind|p2b: Calyrex\n|drag|p2b: Urshifu|Urshifu-Rapid-Strike, L50, M|100\/100\n|\n|upkeep\n|turn|2\n|\n|t:|1719975369\n|switch|p1b: Entei|Entei, L50|100\/100\n|move|p2b: Urshifu|Close Combat|p1b: Entei\n|-damage|p1b: Entei|39\/100\n|-unboost|p2b: Urshifu|def|1\n|-unboost|p2b: Urshifu|spd|1\n|move|p2a: Incineroar|Parting Shot|p1a: Iron Hands\n|-unboost|p1a: Iron Hands|atk|1\n|-unboost|p1a: Iron Hands|spa|1\n|\n|t:|1719975384\n|switch|p2a: Calyrex|Calyrex-Shadow, L50|100\/100|[from] Parting Shot\n|-ability|p2a: Calyrex|As One\n|-ability|p2a: Calyrex|Unnerve\n|move|p1a: Iron Hands|Wild Charge|p2b: Urshifu\n|-supereffective|p2b: Urshifu\n|-damage|p2b: Urshifu|41\/100\n|-damage|p1a: Iron Hands|90\/100|[from] Recoil\n|\n|upkeep\n|turn|3\n|\n|t:|1719975402\n|switch|p2b: Incineroar|Incineroar, L50, M, shiny|100\/100\n|-ability|p2b: Incineroar|Intimidate|boost\n|-unboost|p1a: Iron Hands|atk|1\n|-fail|p1b: Entei|unboost|Attack|[from] ability: Inner Focus|[of] p1b: Entei\n|move|p2a: Calyrex|Astral Barrage|p1a: Iron Hands|[spread] p1a,p1b\n|-damage|p1a: Iron Hands|52\/100\n|-damage|p1b: Entei|7\/100\n|move|p1b: Entei|Snarl|p2a: Calyrex|[spread] p2a,p2b\n|-supereffective|p2a: Calyrex\n|-resisted|p2b: Incineroar\n|-damage|p2a: Calyrex|72\/100\n|-damage|p2b: Incineroar|97\/100\n|-unboost|p2b: Incineroar|spa|1\n|move|p1a: Iron Hands|Wild Charge|p2b: Incineroar\n|-damage|p2b: Incineroar|81\/100\n|-damage|p1a: Iron Hands|35\/100|[from] item: Rocky Helmet|[of] p2b: Incineroar\n|-damage|p1a: Iron Hands|32\/100|[from] Recoil\n|\n|upkeep\n|turn|4\n|j| Auryz\n|inactive|ccc2014 has 30 seconds left.\n|\n|t:|1719975437\n|switch|p1b: Roaring Moon|Roaring Moon, L50|100\/100\n|-enditem|p1b: Roaring Moon|Booster Energy\n|-activate|p1b: Roaring Moon|ability: Protosynthesis|[fromitem]\n|-start|p1b: Roaring Moon|protosynthesisspe\n|-end|p1a: Iron Hands|Quark Drive|[silent]\n|switch|p1a: Ursaluna|Ursaluna-Bloodmoon, L50, M, tera:Normal|93\/100\n|move|p2a: Calyrex|Astral Barrage|p1a: Ursaluna|[spread] p1b\n|-immune|p1a: Ursaluna\n|-resisted|p1b: Roaring Moon\n|-damage|p1b: Roaring Moon|79\/100\n|move|p2b: Incineroar|Parting Shot|p1a: Ursaluna\n|-unboost|p1a: Ursaluna|atk|1\n|-unboost|p1a: Ursaluna|spa|1\n|inactive|ccc2014 has 30 seconds left.\n|\n|t:|1719975465\n|switch|p2b: Rillaboom|Rillaboom, L50, M|100\/100|[from] Parting Shot\n|-fieldstart|move: Grassy Terrain|[from] ability: Grassy Surge|[of] p2b: Rillaboom\n|\n|-heal|p1b: Roaring Moon|85\/100|[from] Grassy Terrain\n|-heal|p2a: Calyrex|77\/100|[from] Grassy Terrain\n|-heal|p1a: Ursaluna|99\/100|[from] Grassy Terrain\n|upkeep\n|turn|5\n|\n|t:|1719975480\n|-terastallize|p2a: Calyrex|Fairy\n|move|p2b: Rillaboom|Fake Out|p1a: Ursaluna\n|-damage|p1a: Ursaluna|89\/100\n|move|p1b: Roaring Moon|Substitute|p1b: Roaring Moon\n|-start|p1b: Roaring Moon|Substitute\n|-damage|p1b: Roaring Moon|61\/100\n|move|p2a: Calyrex|Draining Kiss|p1b: Roaring Moon\n|-supereffective|p1b: Roaring Moon\n|-end|p1b: Roaring Moon|Substitute\n|-heal|p2a: Calyrex|96\/100|[from] drain|[of] p1b: Roaring Moon\n|cant|p1a: Ursaluna|flinch\n|\n|-heal|p1b: Roaring Moon|67\/100|[from] Grassy Terrain\n|-heal|p2a: Calyrex|100\/100|[from] Grassy Terrain\n|-heal|p1a: Ursaluna|95\/100|[from] Grassy Terrain\n|upkeep\n|turn|6\n|inactive|Tempest brute has 30 seconds left.\n|inactive|ccc2014 has 30 seconds left.\n|\n|t:|1719975511\n|move|p1b: Roaring Moon|Substitute|p1b: Roaring Moon\n|-start|p1b: Roaring Moon|Substitute\n|-damage|p1b: Roaring Moon|42\/100\n|move|p2a: Calyrex|Draining Kiss|p1a: Ursaluna\n|-damage|p1a: Ursaluna|57\/100\n|move|p2b: Rillaboom|Wood Hammer|p1a: Ursaluna\n|-damage|p1a: Ursaluna|0 fnt\n|faint|p1a: Ursaluna\n|-damage|p2b: Rillaboom|80\/100|[from] Recoil\n|\n|-heal|p1b: Roaring Moon|48\/100|[from] Grassy Terrain\n|-heal|p2b: Rillaboom|86\/100|[from] Grassy Terrain\n|upkeep\n|-message|Tempest brute forfeited.\n|\n|win|ccc2014\n|raw|Tempest brute's rating: 1704 &rarr; <strong>1685<\/strong><br \/>(-19 for losing)\n|raw|ccc2014's rating: 1717 &rarr; <strong>1736<\/strong><br \/>(+19 for winning)\n|l|\u2606Tempest brute\n|player|p1|\n|l| Auryz\n|l| abonuo\n|j|\u2606Tempest brute\n|player|p1|Tempest brute|veteran|\n|l|\u2606ccc2014\n|player|p2|\n","uploadtime":1719975738,"views":88,"formatid":"gen9vgc2024regg","rating":1685,"private":0,"password":null}