{"id":"gen9vgc2024regg-2155414576","format":"[Gen 9] VGC 2024 Reg G","players":["CCC2026","ywzdyan"],"log":"|j|\u2606CCC2026\n|j|\u2606ywzdyan\n|t:|1720152849\n|gametype|doubles\n|player|p1|CCC2026|dawn|1746\n|player|p2|ywzdyan|169|1706\n|teamsize|p1|6\n|teamsize|p2|6\n|gen|9\n|tier|[Gen 9] VGC 2024 Reg G\n|rated|\n|rule|Species Clause: Limit one of each Pok\u00e9mon\n|rule|Item Clause: Limit one of each item\n|clearpoke\n|poke|p1|Urshifu-*, L50, M|\n|poke|p1|Chien-Pao, L50|\n|poke|p1|Dragonite, L50, M|\n|poke|p1|Rillaboom, L50, M|\n|poke|p1|Tornadus, L50, M|\n|poke|p1|Zacian-*, L50|\n|poke|p2|Miraidon, L50|\n|poke|p2|Farigiraf, L50, F|\n|poke|p2|Iron Valiant, L50|\n|poke|p2|Ursaluna-Bloodmoon, L50, M|\n|poke|p2|Whimsicott, L50, M|\n|poke|p2|Ogerpon-Hearthflame, L50, F|\n|teampreview|4\n|inactive|Battle timer is ON: inactive players will automatically lose when time's up. (requested by ywzdyan)\n|inactive|CCC2026 has 60 seconds left.\n|inactive|ywzdyan has 60 seconds left.\n|\n|t:|1720152894\n|start\n|switch|p1a: Zacian|Zacian-Crowned, L50|100\/100\n|switch|p1b: Rillaboom|Rillaboom, L50, M|100\/100\n|switch|p2a: Ogerpon|Ogerpon-Hearthflame, L50, F|100\/100\n|switch|p2b: Whimsicott|Whimsicott, L50, M, shiny|100\/100\n|-ability|p1a: Zacian|Intrepid Sword|boost\n|-boost|p1a: Zacian|atk|1\n|-ability|p2a: Ogerpon|Mold Breaker\n|-fieldstart|move: Grassy Terrain|[from] ability: Grassy Surge|[of] p1b: Rillaboom\n|turn|1\n|j| Satansinlaw\n|inactive|CCC2026 has 30 seconds left.\n|\n|t:|1720152927\n|switch|p2b: Farigiraf|Farigiraf, L50, F|100\/100\n|switch|p1b: Dragonite|Dragonite, L50, M|100\/100\n|-terastallize|p1a: Zacian|Dragon\n|move|p1a: Zacian|Behemoth Blade|p2b: Farigiraf\n|-damage|p2b: Farigiraf|27\/100\n|move|p2a: Ogerpon|Ivy Cudgel|p1b: Dragonite|[anim] Ivy Cudgel Fire\n|-resisted|p1b: Dragonite\n|-damage|p1b: Dragonite|72\/100\n|\n|-heal|p2b: Farigiraf|33\/100|[from] Grassy Terrain\n|upkeep\n|turn|2\n|inactive|CCC2026 has 30 seconds left.\n|inactive|CCC2026 has 20 seconds left.\n|inactive|CCC2026 has 15 seconds left.\n|inactive|CCC2026 has 10 seconds left.\n|\n|t:|1720152973\n|switch|p1b: Urshifu|Urshifu-Rapid-Strike, L50, M|100\/100\n|-terastallize|p2a: Ogerpon|Fire\n|detailschange|p2a: Ogerpon|Ogerpon-Hearthflame-Tera, L50, F, tera:Fire\n|-ability|p2a: Ogerpon|Embody Aspect (Hearthflame)|boost\n|-boost|p2a: Ogerpon|atk|1\n|move|p2b: Farigiraf|Helping Hand|p2a: Ogerpon\n|-singleturn|p2a: Ogerpon|Helping Hand|[of] p2b: Farigiraf\n|move|p1a: Zacian|Behemoth Blade|p2b: Farigiraf\n|-crit|p2b: Farigiraf\n|-damage|p2b: Farigiraf|0 fnt\n|faint|p2b: Farigiraf\n|move|p2a: Ogerpon|Ivy Cudgel|p1b: Urshifu|[anim] Ivy Cudgel Fire\n|-resisted|p1b: Urshifu\n|-damage|p1b: Urshifu|17\/100\n|\n|-heal|p1b: Urshifu|23\/100|[from] Grassy Terrain\n|upkeep\n|\n|t:|1720152989\n|switch|p2b: Whimsicott|Whimsicott, L50, M, shiny|100\/100\n|turn|3\n|inactive|ywzdyan has 30 seconds left.\n|\n|t:|1720153018\n|move|p1b: Urshifu|Aqua Jet|p2a: Ogerpon\n|-supereffective|p2a: Ogerpon\n|-damage|p2a: Ogerpon|39\/100\n|move|p2b: Whimsicott|Tailwind|p2b: Whimsicott\n|-sidestart|p2: ywzdyan|move: Tailwind\n|move|p2a: Ogerpon|Ivy Cudgel|p1b: Urshifu|[anim] Ivy Cudgel Fire\n|-resisted|p1b: Urshifu\n|-damage|p1b: Urshifu|0 fnt\n|faint|p1b: Urshifu\n|move|p1a: Zacian|Behemoth Blade|p2b: Whimsicott\n|-supereffective|p2b: Whimsicott\n|-damage|p2b: Whimsicott|0 fnt\n|faint|p2b: Whimsicott\n|\n|-heal|p2a: Ogerpon|45\/100|[from] Grassy Terrain\n|upkeep\n|j| 4th of Mengy \u32db\n|inactive|CCC2026 has 30 seconds left.\n|\n|t:|1720153044\n|switch|p1b: Rillaboom|Rillaboom, L50, M|100\/100\n|switch|p2b: Miraidon|Miraidon, L50|100\/100\n|-fieldstart|move: Electric Terrain|[from] ability: Hadron Engine|[of] p2b: Miraidon\n|-fieldstart|move: Grassy Terrain|[from] ability: Grassy Surge|[of] p1b: Rillaboom\n|turn|4\n|\n|t:|1720153059\n|move|p1b: Rillaboom|Fake Out|p2b: Miraidon\n|-damage|p2b: Miraidon|86\/100\n|move|p2a: Ogerpon|Follow Me|p2a: Ogerpon\n|-singleturn|p2a: Ogerpon|move: Follow Me\n|cant|p2b: Miraidon|flinch\n|move|p1a: Zacian|Sacred Sword|p2a: Ogerpon\n|-damage|p2a: Ogerpon|0 fnt\n|faint|p2a: Ogerpon\n|\n|-heal|p2b: Miraidon|92\/100|[from] Grassy Terrain\n|upkeep\n|turn|5\n|-message|ywzdyan forfeited.\n|\n|win|CCC2026\n|raw|CCC2026's rating: 1746 &rarr; <strong>1764<\/strong><br \/>(+18 for winning)\n|raw|ywzdyan's rating: 1706 &rarr; <strong>1688<\/strong><br \/>(-18 for losing)\n|l|\u2606ywzdyan\n|player|p2|\n|l|\u2606CCC2026\n|player|p1|\n|l| Satansinlaw\n|l| 4th of Mengy \u32db\n","uploadtime":1720153285,"views":44,"formatid":"gen9vgc2024regg","rating":1688,"private":0,"password":null}