{"id":"gen9vgc2024regg-2155661547","format":"[Gen 9] VGC 2024 Reg G","players":["lillbro64","BapeChiangP"],"log":"|j|\u2606lillbro64\n|j|\u2606BapeChiangP\n|t:|1720195396\n|gametype|doubles\n|player|p1|lillbro64|gentleman-gen4dp|1670\n|player|p2|BapeChiangP|101|1780\n|teamsize|p1|6\n|teamsize|p2|6\n|gen|9\n|tier|[Gen 9] VGC 2024 Reg G\n|rated|\n|rule|Species Clause: Limit one of each Pok\u00e9mon\n|rule|Item Clause: Limit one of each item\n|clearpoke\n|poke|p1|Iron Bundle, L50|\n|poke|p1|Grimmsnarl, L50, M|\n|poke|p1|Miraidon, L50|\n|poke|p1|Ogerpon-Hearthflame, L50, F|\n|poke|p1|Urshifu-*, L50, M|\n|poke|p1|Farigiraf, L50, F|\n|poke|p2|Calyrex-Ice, L50|\n|poke|p2|Amoonguss, L50, M|\n|poke|p2|Urshifu-*, L50, M|\n|poke|p2|Pelipper, L50, M|\n|poke|p2|Raging Bolt, L50|\n|poke|p2|Incineroar, L50, M|\n|teampreview|4\n|inactive|Battle timer is ON: inactive players will automatically lose when time's up. (requested by lillbro64)\n|inactive|BapeChiangP has 60 seconds left.\n|j| VantaGold\n|l| VantaGold\n|inactive|BapeChiangP has 30 seconds left.\n|\n|t:|1720195471\n|start\n|switch|p1a: Ogerpon|Ogerpon-Hearthflame, L50, F|100\/100\n|switch|p1b: Tricky Rick|Grimmsnarl, L50, M|100\/100\n|switch|p2a: Calyrex|Calyrex-Ice, L50|100\/100\n|switch|p2b: Amoonguss|Amoonguss, L50, M, shiny|100\/100\n|-ability|p2a: Calyrex|As One\n|-ability|p2a: Calyrex|Unnerve\n|-ability|p1a: Ogerpon|Mold Breaker\n|turn|1\n|inactive|BapeChiangP has 30 seconds left.\n|inactive|lillbro64 has 30 seconds left.\n|\n|t:|1720195508\n|switch|p2a: Raging Bolt|Raging Bolt, L50|100\/100\n|-terastallize|p1a: Ogerpon|Fire\n|detailschange|p1a: Ogerpon|Ogerpon-Hearthflame-Tera, L50, F, tera:Fire\n|-ability|p1a: Ogerpon|Embody Aspect (Hearthflame)|boost\n|-boost|p1a: Ogerpon|atk|1\n|move|p2b: Amoonguss|Protect|p2b: Amoonguss\n|-singleturn|p2b: Amoonguss|Protect\n|move|p1b: Tricky Rick|Fake Out|p2a: Raging Bolt\n|-damage|p2a: Raging Bolt|91\/100\n|move|p1a: Ogerpon|Ivy Cudgel|p2b: Amoonguss|[anim] Ivy Cudgel Fire\n|-activate|p2b: Amoonguss|move: Protect\n|\n|upkeep\n|turn|2\n|inactive|BapeChiangP has 30 seconds left.\n|\n|t:|1720195535\n|-terastallize|p2b: Amoonguss|Dark\n|move|p1a: Ogerpon|Ivy Cudgel|p2b: Amoonguss|[anim] Ivy Cudgel Fire\n|-damage|p2b: Amoonguss|17\/100\n|move|p2a: Raging Bolt|Thunderbolt|p1b: Tricky Rick\n|-damage|p1b: Tricky Rick|43\/100\n|move|p1b: Tricky Rick|Spirit Break|p2a: Raging Bolt\n|-supereffective|p2a: Raging Bolt\n|-damage|p2a: Raging Bolt|36\/100\n|-unboost|p2a: Raging Bolt|spa|1\n|move|p2b: Amoonguss|Spore|p1b: Tricky Rick\n|-status|p1b: Tricky Rick|slp|[from] move: Spore\n|\n|upkeep\n|turn|3\n|j| VantaGold\n|l| VantaGold\n|\n|t:|1720195552\n|-end|p2a: Raging Bolt|Protosynthesis|[silent]\n|switch|p2a: Urshifu|Urshifu-Rapid-Strike, L50, M|100\/100\n|switch|p1b: Miraidon|Miraidon, L50|100\/100\n|-fieldstart|move: Electric Terrain|[from] ability: Hadron Engine|[of] p1b: Miraidon\n|move|p2b: Amoonguss|Protect|p2b: Amoonguss\n|-singleturn|p2b: Amoonguss|Protect\n|move|p1a: Ogerpon|Ivy Cudgel|p2a: Urshifu|[anim] Ivy Cudgel Fire\n|-resisted|p2a: Urshifu\n|-damage|p2a: Urshifu|36\/100\n|\n|upkeep\n|turn|4\n|l|\u2606lillbro64\n|inactive|lillbro64 disconnected and has a minute to reconnect!\n|player|p1|\n|inactive|lillbro64 has 30 seconds left.\n|j|\u2606lillbro64\n|inactive|lillbro64 reconnected and has 25 seconds left.\n|player|p1|lillbro64|gentleman-gen4dp|\n|\n|t:|1720195585\n|switch|p1a: Tricky Rick|Grimmsnarl, L50, M|43\/100 slp\n|move|p2b: Amoonguss|Rage Powder|p2b: Amoonguss\n|-singleturn|p2b: Amoonguss|move: Rage Powder\n|move|p2a: Urshifu|Surging Strikes|p1a: Tricky Rick\n|-crit|p1a: Tricky Rick\n|-damage|p1a: Tricky Rick|18\/100 slp\n|-crit|p1a: Tricky Rick\n|-damage|p1a: Tricky Rick|0 fnt\n|faint|p1a: Tricky Rick\n|-hitcount|p1: Tricky Rick|2\n|move|p1b: Miraidon|Dazzling Gleam|p2a: Urshifu|[spread] p2a,p2b\n|-supereffective|p2a: Urshifu\n|-supereffective|p2b: Amoonguss\n|-damage|p2a: Urshifu|0 fnt\n|-damage|p2b: Amoonguss|0 fnt\n|faint|p2a: Urshifu\n|faint|p2b: Amoonguss\n|\n|upkeep\n|\n|t:|1720195601\n|switch|p2a: Raging Bolt|Raging Bolt, L50|36\/100\n|switch|p1a: Ogerpon|Ogerpon-Hearthflame-Tera, L50, F, tera:Fire|100\/100\n|switch|p2b: Calyrex|Calyrex-Ice, L50|100\/100\n|-ability|p2b: Calyrex|As One\n|-ability|p2b: Calyrex|Unnerve\n|-ability|p1a: Ogerpon|Embody Aspect (Hearthflame)|boost\n|-boost|p1a: Ogerpon|atk|1\n|turn|5\n|-message|BapeChiangP forfeited.\n|\n|win|lillbro64\n|raw|lillbro64's rating: 1670 &rarr; <strong>1696<\/strong><br \/>(+26 for winning)\n|raw|BapeChiangP's rating: 1780 &rarr; <strong>1754<\/strong><br \/>(-26 for losing)\n|l|\u2606BapeChiangP\n|player|p2|\n|l|\u2606lillbro64\n|player|p1|\n","uploadtime":1720195807,"views":9,"formatid":"gen9vgc2024regg","rating":1696,"private":0,"password":null}