{"id":"gen9vgc2024regg-2155042451","format":"[Gen 9] VGC 2024 Reg G","players":["ccc2014","dvd749"],"log":"|j|\u2606ccc2014\n|j|\u2606dvd749\n|t:|1720102145\n|gametype|doubles\n|player|p1|ccc2014|dawn|1780\n|player|p2|dvd749|265|1764\n|teamsize|p1|6\n|teamsize|p2|6\n|gen|9\n|tier|[Gen 9] VGC 2024 Reg G\n|rated|\n|rule|Species Clause: Limit one of each Pok\u00e9mon\n|rule|Item Clause: Limit one of each item\n|clearpoke\n|poke|p1|Urshifu-*, L50, M|\n|poke|p1|Chien-Pao, L50|\n|poke|p1|Dragonite, L50, M|\n|poke|p1|Rillaboom, L50, M|\n|poke|p1|Tornadus, L50, M|\n|poke|p1|Zacian-*, L50|\n|poke|p2|Miraidon, L50|\n|poke|p2|Ogerpon-Hearthflame, L50, F|\n|poke|p2|Iron Hands, L50|\n|poke|p2|Whimsicott, L50, M|\n|poke|p2|Urshifu-*, L50, M|\n|poke|p2|Farigiraf, L50, F|\n|teampreview|4\n|inactive|Battle timer is ON: inactive players will automatically lose when time's up. (requested by ccc2014)\n|inactive|ccc2014 has 60 seconds left.\n|j| zorba_the_geek\n|inactive|ccc2014 has 30 seconds left.\n|inactive|ccc2014 has 20 seconds left.\n|inactive|ccc2014 has 15 seconds left.\n|j| GSBird\n|inactive|ccc2014 has 10 seconds left.\n|inactive|ccc2014 has 5 seconds left.\n|\n|t:|1720102240\n|start\n|switch|p1a: Rillaboom|Rillaboom, L50, M|100\/100\n|switch|p1b: Urshifu|Urshifu-Rapid-Strike, L50, M|100\/100\n|switch|p2a: Miraidon|Miraidon, L50|100\/100\n|switch|p2b: Whimsicott|Whimsicott, L50, M|100\/100\n|-fieldstart|move: Electric Terrain|[from] ability: Hadron Engine|[of] p2a: Miraidon\n|-fieldstart|move: Grassy Terrain|[from] ability: Grassy Surge|[of] p1a: Rillaboom\n|turn|1\n|inactive|ccc2014 has 30 seconds left.\n|inactive|dvd749 has 30 seconds left.\n|\n|t:|1720102271\n|move|p1b: Urshifu|Detect|p1b: Urshifu\n|-singleturn|p1b: Urshifu|Protect\n|move|p2b: Whimsicott|Tailwind|p2b: Whimsicott\n|-sidestart|p2: dvd749|move: Tailwind\n|move|p2a: Miraidon|Volt Switch|p1b: Urshifu\n|-activate|p1b: Urshifu|move: Protect\n|move|p1a: Rillaboom|U-turn|p2a: Miraidon\n|-damage|p2a: Miraidon|76\/100\n|\n|t:|1720102281\n|switch|p1a: Zacian|Zacian-Crowned, L50|100\/100|[from] U-turn\n|-ability|p1a: Zacian|Intrepid Sword|boost\n|-boost|p1a: Zacian|atk|1\n|\n|-heal|p2a: Miraidon|81\/100|[from] Grassy Terrain\n|upkeep\n|turn|2\n|\n|t:|1720102299\n|switch|p2b: Iron Hands|Iron Hands, L50|100\/100\n|switch|p1b: Rillaboom|Rillaboom, L50, M|100\/100\n|move|p2a: Miraidon|Volt Switch|p1a: Zacian\n|-damage|p1a: Zacian|54\/100\n|\n|t:|1720102315\n|switch|p2a: Farigiraf|Farigiraf, L50, F|100\/100|[from] Volt Switch\n|move|p1a: Zacian|Behemoth Blade|p2b: Iron Hands\n|-resisted|p2b: Iron Hands\n|-damage|p2b: Iron Hands|70\/100\n|\n|-heal|p1a: Zacian|60\/100|[from] Grassy Terrain\n|-heal|p2b: Iron Hands|76\/100|[from] Grassy Terrain\n|upkeep\n|turn|3\n|\n|t:|1720102334\n|move|p1a: Zacian|Protect|p1a: Zacian\n|-singleturn|p1a: Zacian|Protect\n|move|p2a: Farigiraf|Foul Play|p1a: Zacian\n|-activate|p1a: Zacian|move: Protect\n|move|p2b: Iron Hands|Drain Punch|p1a: Zacian\n|-activate|p1a: Zacian|move: Protect\n|move|p1b: Rillaboom|U-turn|p2a: Farigiraf\n|-supereffective|p2a: Farigiraf\n|-damage|p2a: Farigiraf|63\/100\n|inactive|ccc2014 has 30 seconds left.\n|inactive|ccc2014 has 20 seconds left.\n|\n|t:|1720102373\n|switch|p1b: Urshifu|Urshifu-Rapid-Strike, L50, M|100\/100|[from] U-turn\n|\n|-heal|p1a: Zacian|66\/100|[from] Grassy Terrain\n|-heal|p2a: Farigiraf|70\/100|[from] Grassy Terrain\n|-heal|p2b: Iron Hands|82\/100|[from] Grassy Terrain\n|upkeep\n|turn|4\n|inactive|ccc2014 has 30 seconds left.\n|\n|t:|1720102408\n|move|p1b: Urshifu|Detect|p1b: Urshifu\n|-singleturn|p1b: Urshifu|Protect\n|move|p1a: Zacian|Swords Dance|p1a: Zacian\n|-boost|p1a: Zacian|atk|2\n|move|p2a: Farigiraf|Psychic|p1b: Urshifu\n|-activate|p1b: Urshifu|move: Protect\n|move|p2b: Iron Hands|Drain Punch|p1a: Zacian\n|-damage|p1a: Zacian|32\/100\n|-heal|p2b: Iron Hands|95\/100|[from] drain|[of] p1a: Zacian\n|\n|-heal|p1a: Zacian|39\/100|[from] Grassy Terrain\n|-heal|p2a: Farigiraf|76\/100|[from] Grassy Terrain\n|-heal|p2b: Iron Hands|100\/100|[from] Grassy Terrain\n|-sideend|p2: dvd749|move: Tailwind\n|upkeep\n|turn|5\n|inactive|ccc2014 has 30 seconds left.\n|inactive|dvd749 has 30 seconds left.\n|inactive|ccc2014 has 20 seconds left.\n|inactive|ccc2014 has 15 seconds left.\n|inactive|ccc2014 has 10 seconds left.\n|\n|t:|1720102456\n|move|p1a: Zacian|Sacred Sword|p2a: Farigiraf\n|-damage|p2a: Farigiraf|4\/100\n|move|p1b: Urshifu|Surging Strikes|p2b: Iron Hands\n|-crit|p2b: Iron Hands\n|-damage|p2b: Iron Hands|85\/100\n|-crit|p2b: Iron Hands\n|-damage|p2b: Iron Hands|69\/100\n|-crit|p2b: Iron Hands\n|-damage|p2b: Iron Hands|54\/100\n|-hitcount|p2b: Iron Hands|3\n|move|p2a: Farigiraf|Psychic|p1b: Urshifu\n|-supereffective|p1b: Urshifu\n|-damage|p1b: Urshifu|5\/100\n|move|p2b: Iron Hands|Drain Punch|p1b: Urshifu\n|-damage|p1b: Urshifu|0 fnt\n|-heal|p2b: Iron Hands|55\/100|[from] drain|[of] p1b: Urshifu\n|faint|p1b: Urshifu\n|\n|-heal|p1a: Zacian|45\/100|[from] Grassy Terrain\n|-heal|p2a: Farigiraf|10\/100|[from] Grassy Terrain\n|-heal|p2b: Iron Hands|61\/100|[from] Grassy Terrain\n|-fieldend|move: Grassy Terrain\n|upkeep\n|inactive|ccc2014 has 30 seconds left.\n|\n|t:|1720102481\n|switch|p1b: Dragonite|Dragonite, L50, M|100\/100\n|turn|6\n|inactive|ccc2014 has 30 seconds left.\n|\n|t:|1720102509\n|move|p1a: Zacian|Sacred Sword|p2a: Farigiraf\n|-damage|p2a: Farigiraf|0 fnt\n|faint|p2a: Farigiraf\n|move|p1b: Dragonite|Stomping Tantrum|p2b: Iron Hands\n|-supereffective|p2b: Iron Hands\n|-damage|p2b: Iron Hands|7\/100\n|move|p2b: Iron Hands|Drain Punch|p1a: Zacian\n|-damage|p1a: Zacian|5\/100\n|-heal|p2b: Iron Hands|22\/100|[from] drain|[of] p1a: Zacian\n|\n|upkeep\n|\n|t:|1720102523\n|switch|p2a: Whimsicott|Whimsicott, L50, M|100\/100\n|turn|7\n|\n|t:|1720102548\n|switch|p1b: Rillaboom|Rillaboom, L50, M|100\/100\n|-fieldstart|move: Grassy Terrain|[from] ability: Grassy Surge|[of] p1b: Rillaboom\n|move|p2a: Whimsicott|Encore|p1a: Zacian\n|-start|p1a: Zacian|Encore\n|move|p1a: Zacian|Sacred Sword|p2b: Iron Hands\n|-damage|p2b: Iron Hands|0 fnt\n|faint|p2b: Iron Hands\n|-end|p2b: Iron Hands|Quark Drive|[silent]\n|\n|-heal|p1a: Zacian|11\/100|[from] Grassy Terrain\n|upkeep\n|\n|t:|1720102558\n|switch|p2b: Miraidon|Miraidon, L50|81\/100\n|-fieldstart|move: Electric Terrain|[from] ability: Hadron Engine|[of] p2b: Miraidon\n|turn|8\n|inactive|dvd749 has 30 seconds left.\n|\n|t:|1720102592\n|-terastallize|p2b: Miraidon|Fairy\n|move|p1b: Rillaboom|Fake Out|p2b: Miraidon\n|-damage|p2b: Miraidon|67\/100\n|cant|p2b: Miraidon|flinch\n|move|p1a: Zacian|Sacred Sword|p2b: Miraidon\n|-resisted|p2b: Miraidon\n|-damage|p2b: Miraidon|22\/100\n|move|p2a: Whimsicott|Moonblast|p1a: Zacian\n|-resisted|p1a: Zacian\n|-damage|p1a: Zacian|0 fnt\n|faint|p1a: Zacian\n|\n|upkeep\n|\n|t:|1720102609\n|switch|p1a: Dragonite|Dragonite, L50, M|100\/100\n|turn|9\n|j| la bella de easo\n|\n|t:|1720102623\n|-terastallize|p1a: Dragonite|Normal\n|move|p1a: Dragonite|Extreme Speed|p2b: Miraidon\n|-crit|p2b: Miraidon\n|-damage|p2b: Miraidon|0 fnt\n|faint|p2b: Miraidon\n|move|p2a: Whimsicott|Moonblast|p1a: Dragonite\n|-damage|p1a: Dragonite|74\/100\n|-unboost|p1a: Dragonite|spa|1\n|move|p1b: Rillaboom|Wood Hammer|p2a: Whimsicott\n|-resisted|p2a: Whimsicott\n|-damage|p2a: Whimsicott|59\/100\n|-damage|p1b: Rillaboom|89\/100|[from] Recoil\n|\n|upkeep\n|turn|10\n|-message|dvd749 forfeited.\n|\n|win|ccc2014\n|raw|ccc2014's rating: 1780 &rarr; <strong>1799<\/strong><br \/>(+19 for winning)\n|raw|dvd749's rating: 1764 &rarr; <strong>1745<\/strong><br \/>(-19 for losing)\n|l|\u2606dvd749\n|player|p2|\n|l| GSBird\n|l|\u2606ccc2014\n|player|p1|\n|l| zorba_the_geek\n","uploadtime":1720102642,"views":82,"formatid":"gen9vgc2024regg","rating":1745,"private":0,"password":null}