{"id":"gen9vgc2024regg-2155344006","format":"[Gen 9] VGC 2024 Reg G","players":["Wesleihas","BapeChiang"],"log":"|j|\u2606Wesleihas\n|j|\u2606BapeChiang\n|t:|1720141408\n|gametype|doubles\n|player|p1|Wesleihas|blackbelt-gen4dp|1706\n|player|p2|BapeChiang|101|1750\n|teamsize|p1|6\n|teamsize|p2|6\n|gen|9\n|tier|[Gen 9] VGC 2024 Reg G\n|rated|\n|rule|Species Clause: Limit one of each Pok\u00e9mon\n|rule|Item Clause: Limit one of each item\n|clearpoke\n|poke|p1|Calyrex-Shadow, L50|\n|poke|p1|Raging Bolt, L50|\n|poke|p1|Clefairy, L50, M|\n|poke|p1|Urshifu-*, L50, F|\n|poke|p1|Incineroar, L50, M|\n|poke|p1|Rillaboom, L50, M|\n|poke|p2|Calyrex-Ice, L50|\n|poke|p2|Incineroar, L50, F|\n|poke|p2|Amoonguss, L50, F|\n|poke|p2|Urshifu-*, L50, F|\n|poke|p2|Pelipper, L50, M|\n|poke|p2|Raging Bolt, L50|\n|teampreview|4\n|j| jasonrfry1\n|\n|t:|1720141438\n|start\n|switch|p1a: Incineroar|Incineroar, L50, M|100\/100\n|switch|p1b: Urshifu|Urshifu-Rapid-Strike, L50, F|100\/100\n|switch|p2a: Raging Bolt|Raging Bolt, L50|100\/100\n|switch|p2b: Calyrex|Calyrex-Ice, L50|100\/100\n|-ability|p2b: Calyrex|As One\n|-ability|p2b: Calyrex|Unnerve\n|-ability|p1a: Incineroar|Intimidate|boost\n|-unboost|p2a: Raging Bolt|atk|1\n|-fail|p2b: Calyrex|unboost|[from] item: Clear Amulet|[of] p2b: Calyrex\n|turn|1\n|l| jasonrfry1\n|j| Auryz\n|l| Auryz\n|j| dmddo wogus\n|\n|t:|1720141497\n|-terastallize|p2b: Calyrex|Grass\n|move|p1b: Urshifu|Detect|p1b: Urshifu\n|-singleturn|p1b: Urshifu|Protect\n|move|p1a: Incineroar|Fake Out|p2b: Calyrex\n|-damage|p2b: Calyrex|93\/100\n|move|p2a: Raging Bolt|Thunderclap||[still]\n|-fail|p2a: Raging Bolt\n|cant|p2b: Calyrex|flinch\n|\n|upkeep\n|turn|2\n|\n|t:|1720141516\n|move|p2a: Raging Bolt|Thunderclap||[still]\n|-fail|p2a: Raging Bolt\n|move|p1b: Urshifu|Taunt|p2b: Calyrex\n|-start|p2b: Calyrex|move: Taunt\n|move|p1a: Incineroar|Will-O-Wisp|p2b: Calyrex\n|-status|p2b: Calyrex|brn\n|cant|p2b: Calyrex|move: Taunt|Trick Room\n|\n|-damage|p2b: Calyrex|87\/100 brn|[from] brn\n|upkeep\n|turn|3\n|\n|t:|1720141540\n|move|p1b: Urshifu|Detect|p1b: Urshifu\n|-singleturn|p1b: Urshifu|Protect\n|move|p2a: Raging Bolt|Thunderbolt|p1b: Urshifu\n|-activate|p1b: Urshifu|move: Protect\n|move|p1a: Incineroar|Knock Off|p2b: Calyrex\n|-damage|p2b: Calyrex|62\/100 brn\n|-enditem|p2b: Calyrex|Clear Amulet|[from] move: Knock Off|[of] p1a: Incineroar\n|move|p2b: Calyrex|High Horsepower|p1a: Incineroar\n|-supereffective|p1a: Incineroar\n|-damage|p1a: Incineroar|60\/100\n|\n|-damage|p2b: Calyrex|56\/100 brn|[from] brn\n|upkeep\n|turn|4\n|\n|t:|1720141558\n|switch|p1b: Rillaboom|Rillaboom, L50, M|100\/100\n|-fieldstart|move: Grassy Terrain|[from] ability: Grassy Surge|[of] p1b: Rillaboom\n|move|p2a: Raging Bolt|Thunderbolt|p1a: Incineroar\n|-damage|p1a: Incineroar|23\/100\n|-status|p1a: Incineroar|par\n|move|p2b: Calyrex|High Horsepower|p1a: Incineroar\n|-supereffective|p1a: Incineroar\n|-damage|p1a: Incineroar|0 fnt\n|faint|p1a: Incineroar\n|-ability|p2b: Calyrex|Chilling Neigh|boost\n|-boost|p2b: Calyrex|atk|1\n|\n|-heal|p2b: Calyrex|62\/100 brn|[from] Grassy Terrain\n|-damage|p2b: Calyrex|56\/100 brn|[from] brn\n|-end|p2b: Calyrex|move: Taunt\n|upkeep\n|\n|t:|1720141577\n|switch|p1a: Calyrex|Calyrex-Shadow, L50|100\/100\n|-ability|p1a: Calyrex|As One\n|-ability|p1a: Calyrex|Unnerve\n|turn|5\n|\n|t:|1720141597\n|-terastallize|p1a: Calyrex|Fairy\n|move|p1a: Calyrex|Astral Barrage|p2b: Calyrex|[spread] p2a,p2b\n|-crit|p2a: Raging Bolt\n|-damage|p2a: Raging Bolt|55\/100\n|-damage|p2b: Calyrex|19\/100 brn\n|move|p1b: Rillaboom|Wood Hammer|p2b: Calyrex\n|-resisted|p2b: Calyrex\n|-damage|p2b: Calyrex|0 fnt\n|faint|p2b: Calyrex\n|-damage|p1b: Rillaboom|94\/100|[from] Recoil\n|move|p2a: Raging Bolt|Snarl|p1b: Rillaboom|[spread] p1a,p1b\n|-resisted|p1a: Calyrex\n|-crit|p1b: Rillaboom\n|-damage|p1a: Calyrex|94\/100\n|-damage|p1b: Rillaboom|65\/100\n|-unboost|p1b: Rillaboom|spa|1\n|\n|-heal|p1a: Calyrex|99\/100|[from] Grassy Terrain\n|-heal|p1b: Rillaboom|71\/100|[from] Grassy Terrain\n|-heal|p2a: Raging Bolt|61\/100|[from] Grassy Terrain\n|upkeep\n|\n|t:|1720141621\n|switch|p2b: Pelipper|Pelipper, L50, M|100\/100\n|-weather|RainDance|[from] ability: Drizzle|[of] p2b: Pelipper\n|turn|6\n|-message|BapeChiang forfeited.\n|\n|win|Wesleihas\n|raw|Wesleihas's rating: 1706 &rarr; <strong>1729<\/strong><br \/>(+23 for winning)\n|raw|BapeChiang's rating: 1750 &rarr; <strong>1727<\/strong><br \/>(-23 for losing)\n|l|\u2606BapeChiang\n|player|p2|\n|l| dmddo wogus\n|l|\u2606Wesleihas\n|player|p1|\n","uploadtime":1720141848,"views":22,"formatid":"gen9vgc2024regg","rating":1727,"private":0,"password":null}