{"id":"gen9vgc2024regg-2155559467","format":"[Gen 9] VGC 2024 Reg G","players":["Waffles4breakfast","code_anish"],"log":"|j|\u2606Waffles4breakfast\n|j|\u2606code_anish\n|t:|1720181733\n|gametype|doubles\n|player|p1|Waffles4breakfast|juggler|1652\n|player|p2|code_anish|2|1721\n|teamsize|p1|6\n|teamsize|p2|6\n|gen|9\n|tier|[Gen 9] VGC 2024 Reg G\n|rated|\n|rule|Species Clause: Limit one of each Pok\u00e9mon\n|rule|Item Clause: Limit one of each item\n|clearpoke\n|poke|p1|Kyogre, L50|\n|poke|p1|Tornadus, L50, M|\n|poke|p1|Annihilape, L50, F|\n|poke|p1|Flutter Mane, L50|\n|poke|p1|Dragonite, L50, M|\n|poke|p1|Indeedee-F, L50, F|\n|poke|p2|Latios, L50, M|\n|poke|p2|Rillaboom, L50, F|\n|poke|p2|Zamazenta-*, L50|\n|poke|p2|Chien-Pao, L50|\n|poke|p2|Pelipper, L50, F|\n|poke|p2|Moltres-Galar, L50|\n|teampreview|4\n|inactive|Battle timer is ON: inactive players will automatically lose when time's up. (requested by Waffles4breakfast)\n|l|\u2606Waffles4breakfast\n|inactive|Waffles4breakfast disconnected and has a minute to reconnect!\n|player|p1|\n|j|\u2606Waffles4breakfast\n|inactive|Waffles4breakfast reconnected.\n|player|p1|Waffles4breakfast|juggler|\n|inactive|code_anish has 60 seconds left.\n|\n|t:|1720181796\n|start\n|switch|p1a: Dragonite|Dragonite, L50, M|100\/100\n|switch|p1b: Kyogre|Kyogre, L50|100\/100\n|switch|p2a: Zamazenta|Zamazenta-Crowned, L50|100\/100\n|switch|p2b: Pelipper|Pelipper, L50, F|100\/100\n|-ability|p2a: Zamazenta|Dauntless Shield|boost\n|-boost|p2a: Zamazenta|def|1\n|-weather|RainDance|[from] ability: Drizzle|[of] p1b: Kyogre\n|turn|1\n|\n|t:|1720181809\n|move|p2b: Pelipper|Wide Guard|p2b: Pelipper\n|-singleturn|p2b: Pelipper|Wide Guard\n|move|p1a: Dragonite|Extreme Speed|p2b: Pelipper\n|-damage|p2b: Pelipper|44\/100\n|-damage|p1a: Dragonite|84\/100|[from] item: Rocky Helmet|[of] p2b: Pelipper\n|move|p2a: Zamazenta|Body Press|p1b: Kyogre\n|-damage|p1b: Kyogre|32\/100\n|move|p1b: Kyogre|Hydro Pump|p2a: Zamazenta\n|-damage|p2a: Zamazenta|0 fnt\n|faint|p2a: Zamazenta\n|\n|-weather|RainDance|[upkeep]\n|upkeep\n|\n|t:|1720181821\n|switch|p2a: Chien-Pao|Chien-Pao, L50|100\/100\n|-ability|p2a: Chien-Pao|Sword of Ruin\n|turn|2\n|\n|t:|1720181831\n|-terastallize|p2a: Chien-Pao|Ghost\n|-terastallize|p1a: Dragonite|Normal\n|move|p1a: Dragonite|Extreme Speed|p2b: Pelipper\n|-damage|p2b: Pelipper|0 fnt\n|-damage|p1a: Dragonite|67\/100|[from] item: Rocky Helmet|[of] p2b: Pelipper\n|faint|p2b: Pelipper\n|move|p2a: Chien-Pao|Sacred Sword|p1b: Kyogre\n|-damage|p1b: Kyogre|0 fnt\n|faint|p1b: Kyogre\n|\n|-weather|RainDance|[upkeep]\n|upkeep\n|\n|t:|1720181840\n|switch|p1b: Annihilape|Annihilape, L50, F|100\/100\n|switch|p2b: Rillaboom|Rillaboom, L50, F|100\/100\n|-fieldstart|move: Grassy Terrain|[from] ability: Grassy Surge|[of] p2b: Rillaboom\n|turn|3\n|\n|t:|1720181855\n|move|p1a: Dragonite|Extreme Speed|p2b: Rillaboom\n|-damage|p2b: Rillaboom|5\/100\n|move|p2b: Rillaboom|Grassy Glide|p1b: Annihilape\n|-damage|p1b: Annihilape|28\/100\n|move|p1b: Annihilape|U-turn|p2b: Rillaboom\n|-supereffective|p2b: Rillaboom\n|-damage|p2b: Rillaboom|0 fnt\n|faint|p2b: Rillaboom\n|\n|t:|1720181862\n|switch|p1b: Flutter Mane|Flutter Mane, L50|100\/100|[from] U-turn\n|move|p2a: Chien-Pao|Sacred Sword|p1a: Dragonite\n|-supereffective|p1a: Dragonite\n|-damage|p1a: Dragonite|0 fnt\n|faint|p1a: Dragonite\n|\n|-weather|RainDance|[upkeep]\n|upkeep\n|\n|t:|1720181864\n|switch|p1a: Annihilape|Annihilape, L50, F|28\/100\n|turn|4\n|\n|t:|1720181867\n|move|p2a: Chien-Pao|Sucker Punch|p1a: Annihilape\n|-damage|p1a: Annihilape|0 fnt\n|faint|p1a: Annihilape\n|move|p1b: Flutter Mane|Shadow Ball|p2a: Chien-Pao\n|-supereffective|p2a: Chien-Pao\n|-crit|p2a: Chien-Pao\n|-enditem|p2a: Chien-Pao|Focus Sash\n|-damage|p2a: Chien-Pao|1\/100\n|-unboost|p2a: Chien-Pao|spd|1\n|\n|-weather|RainDance|[upkeep]\n|-heal|p2a: Chien-Pao|7\/100|[from] Grassy Terrain\n|upkeep\n|turn|5\n|c|\u2606Waffles4breakfast|Gg\n|\n|t:|1720181883\n|move|p2a: Chien-Pao|Icicle Crash|p1b: Flutter Mane\n|-enditem|p1b: Flutter Mane|Focus Sash\n|-damage|p1b: Flutter Mane|1\/100\n|move|p1b: Flutter Mane|Dazzling Gleam|p2a: Chien-Pao\n|-damage|p2a: Chien-Pao|0 fnt\n|faint|p2a: Chien-Pao\n|\n|win|Waffles4breakfast\n|raw|Waffles4breakfast's rating: 1652 &rarr; <strong>1676<\/strong><br \/>(+24 for winning)\n|raw|code_anish's rating: 1721 &rarr; <strong>1697<\/strong><br \/>(-24 for losing)\n|l|\u2606code_anish\n|player|p2|\n|l|\u2606Waffles4breakfast\n|player|p1|\n","uploadtime":1720182101,"views":19,"formatid":"gen9vgc2024regg","rating":1676,"private":0,"password":null}