{"id":"gen9vgc2024regg-2155442851","format":"[Gen 9] VGC 2024 Reg G","players":["KSunfr","googer315"],"log":"|j|\u2606KSunfr\n|j|\u2606googer315\n|t:|1720158335\n|gametype|doubles\n|player|p1|KSunfr|dancer|1662\n|player|p2|googer315|1|1709\n|teamsize|p1|6\n|teamsize|p2|6\n|gen|9\n|tier|[Gen 9] VGC 2024 Reg G\n|rated|\n|rule|Species Clause: Limit one of each Pok\u00e9mon\n|rule|Item Clause: Limit one of each item\n|clearpoke\n|poke|p1|Miraidon, L50|\n|poke|p1|Ursaluna-Bloodmoon, L50, M|\n|poke|p1|Chien-Pao, L50|\n|poke|p1|Iron Hands, L50|\n|poke|p1|Talonflame, L50, M|\n|poke|p1|Farigiraf, L50, M|\n|poke|p2|Koraidon, L50|\n|poke|p2|Flutter Mane, L50|\n|poke|p2|Chi-Yu, L50|\n|poke|p2|Raging Bolt, L50|\n|poke|p2|Arcanine-Hisui, L50, F|\n|poke|p2|Regidrago, L50|\n|teampreview|4\n|inactive|Battle timer is ON: inactive players will automatically lose when time's up. (requested by KSunfr)\n|inactive|KSunfr has 60 seconds left.\n|inactive|KSunfr has 30 seconds left.\n|\n|t:|1720158403\n|start\n|switch|p1a: Talonflame|Talonflame, L50, M|100\/100\n|switch|p1b: Chien-Pao|Chien-Pao, L50|100\/100\n|switch|p2a: Flutter Mane|Flutter Mane, L50|100\/100\n|switch|p2b: Chi-Yu|Chi-Yu, L50|100\/100\n|-ability|p1b: Chien-Pao|Sword of Ruin\n|-ability|p2b: Chi-Yu|Beads of Ruin\n|turn|1\n|\n|t:|1720158417\n|move|p1a: Talonflame|Brave Bird|p2a: Flutter Mane\n|-enditem|p2a: Flutter Mane|Focus Sash\n|-damage|p2a: Flutter Mane|1\/100\n|-damage|p1a: Talonflame|72\/100|[from] Recoil\n|-damage|p1a: Talonflame|63\/100|[from] item: Life Orb\n|move|p1b: Chien-Pao|Icicle Crash|p2b: Chi-Yu\n|-resisted|p2b: Chi-Yu\n|-damage|p2b: Chi-Yu|65\/100\n|move|p2b: Chi-Yu|Nasty Plot|p2b: Chi-Yu\n|-boost|p2b: Chi-Yu|spa|2\n|move|p2a: Flutter Mane|Trick Room|p2a: Flutter Mane\n|-fieldstart|move: Trick Room|[of] p2a: Flutter Mane\n|\n|upkeep\n|turn|2\n|inactive|KSunfr has 30 seconds left.\n|\n|t:|1720158442\n|-end|p2a: Flutter Mane|Protosynthesis|[silent]\n|switch|p2a: Raging Bolt|Raging Bolt, L50|100\/100\n|move|p2b: Chi-Yu|Heat Wave|p1a: Talonflame|[spread] p1b\n|-miss|p2b: Chi-Yu|p1a: Talonflame\n|-supereffective|p1b: Chien-Pao\n|-enditem|p1b: Chien-Pao|Focus Sash\n|-damage|p1b: Chien-Pao|1\/100\n|move|p1a: Talonflame|Brave Bird|p2b: Chi-Yu\n|-damage|p2b: Chi-Yu|0 fnt\n|faint|p2b: Chi-Yu\n|-damage|p1a: Talonflame|40\/100|[from] Recoil\n|-damage|p1a: Talonflame|30\/100|[from] item: Life Orb\n|move|p1b: Chien-Pao|Sacred Sword|p2a: Raging Bolt\n|-damage|p2a: Raging Bolt|64\/100\n|\n|upkeep\n|c|\u2606googer315|sigh\n|\n|t:|1720158458\n|switch|p2b: Koraidon|Koraidon, L50|100\/100\n|-weather|SunnyDay|[from] ability: Orichalcum Pulse|[of] p2b: Koraidon\n|-activate|p2a: Raging Bolt|ability: Protosynthesis\n|-start|p2a: Raging Bolt|protosynthesisspa\n|-activate|p2b: Koraidon|Orichalcum Pulse|[source]\n|turn|3\n|inactive|KSunfr has 30 seconds left.\n|inactive|KSunfr has 20 seconds left.\n|\n|t:|1720158493\n|switch|p1a: Farigiraf|Farigiraf, L50, M|100\/100\n|move|p1b: Chien-Pao|Protect|p1b: Chien-Pao\n|-singleturn|p1b: Chien-Pao|Protect\n|move|p2a: Raging Bolt|Thunderbolt|p1a: Farigiraf\n|-damage|p1a: Farigiraf|34\/100\n|-damage|p2a: Raging Bolt|55\/100|[from] item: Life Orb\n|move|p2b: Koraidon|Collision Course|p1b: Chien-Pao\n|-activate|p1b: Chien-Pao|move: Protect\n|\n|-weather|SunnyDay|[upkeep]\n|upkeep\n|turn|4\n|\n|t:|1720158517\n|move|p1a: Farigiraf|Helping Hand|p1b: Chien-Pao\n|-singleturn|p1b: Chien-Pao|Helping Hand|[of] p1a: Farigiraf\n|move|p1b: Chien-Pao|Sucker Punch|p2a: Raging Bolt\n|-crit|p2a: Raging Bolt\n|-damage|p2a: Raging Bolt|0 fnt\n|faint|p2a: Raging Bolt\n|-end|p2a: Raging Bolt|Protosynthesis|[silent]\n|move|p2b: Koraidon|Scale Shot|p1b: Chien-Pao\n|-damage|p1b: Chien-Pao|0 fnt\n|faint|p1b: Chien-Pao\n|-hitcount|p1: Chien-Pao|1\n|-unboost|p2b: Koraidon|def|1\n|-boost|p2b: Koraidon|spe|1\n|\n|-weather|SunnyDay|[upkeep]\n|upkeep\n|c|\u2606googer315|haha\n|\n|t:|1720158534\n|switch|p2a: Flutter Mane|Flutter Mane, L50|1\/100\n|switch|p1b: Miraidon|Miraidon, L50|100\/100\n|-activate|p2a: Flutter Mane|ability: Protosynthesis\n|-start|p2a: Flutter Mane|protosynthesisspa\n|-fieldstart|move: Electric Terrain|[from] ability: Hadron Engine|[of] p1b: Miraidon\n|-enditem|p1a: Farigiraf|Electric Seed\n|-boost|p1a: Farigiraf|def|1|[from] item: Electric Seed\n|turn|5\n|inactive|KSunfr has 30 seconds left.\n|inactive|KSunfr has 20 seconds left.\n|\n|t:|1720158570\n|-terastallize|p2b: Koraidon|Fire\n|move|p1a: Farigiraf|Psychic Noise|p2a: Flutter Mane\n|-damage|p2a: Flutter Mane|0 fnt\n|faint|p2a: Flutter Mane\n|-end|p2a: Flutter Mane|Protosynthesis|[silent]\n|move|p1b: Miraidon|Volt Switch|p2b: Koraidon\n|-damage|p2b: Koraidon|19\/100\n|\n|t:|1720158580\n|switch|p1b: Talonflame|Talonflame, L50, M|30\/100|[from] Volt Switch\n|move|p2b: Koraidon|Scale Shot|p1b: Talonflame\n|-damage|p1b: Talonflame|2\/100\n|-damage|p1b: Talonflame|0 fnt\n|faint|p1b: Talonflame\n|-hitcount|p1: Talonflame|2\n|-unboost|p2b: Koraidon|def|1\n|-boost|p2b: Koraidon|spe|1\n|\n|-weather|SunnyDay|[upkeep]\n|-fieldend|move: Trick Room\n|upkeep\n|\n|t:|1720158593\n|switch|p1b: Miraidon|Miraidon, L50|100\/100\n|-activate|p1b: Miraidon|ability: Hadron Engine\n|turn|6\n|\n|t:|1720158603\n|move|p2b: Koraidon|Scale Shot|p1b: Miraidon\n|-supereffective|p1b: Miraidon\n|-damage|p1b: Miraidon|62\/100\n|-supereffective|p1b: Miraidon\n|-damage|p1b: Miraidon|20\/100\n|-supereffective|p1b: Miraidon\n|-damage|p1b: Miraidon|0 fnt\n|faint|p1b: Miraidon\n|-hitcount|p1: Miraidon|3\n|-unboost|p2b: Koraidon|def|1\n|-boost|p2b: Koraidon|spe|1\n|move|p1a: Farigiraf|Psychic Noise|p2b: Koraidon\n|-damage|p2b: Koraidon|0 fnt\n|faint|p2b: Koraidon\n|\n|win|KSunfr\n|raw|KSunfr's rating: 1662 &rarr; <strong>1685<\/strong><br \/>(+23 for winning)\n|raw|googer315's rating: 1709 &rarr; <strong>1686<\/strong><br \/>(-23 for losing)\n|l|\u2606KSunfr\n|player|p1|\n|l|\u2606googer315\n|player|p2|\n","uploadtime":1720158780,"views":15,"formatid":"gen9vgc2024regg","rating":1685,"private":0,"password":null}