{"id":"gen9vgc2024regg-2155554307","format":"[Gen 9] VGC 2024 Reg G","players":["duen\u83c7man","crisyaya19"],"log":"|j|\u2606duen\u83c7man\n|j|\u2606crisyaya19\n|t:|1720180858\n|gametype|doubles\n|player|p1|duen\u83c7man|rosa|1814\n|player|p2|crisyaya19|170|1697\n|teamsize|p1|6\n|teamsize|p2|6\n|gen|9\n|tier|[Gen 9] VGC 2024 Reg G\n|rated|\n|rule|Species Clause: Limit one of each Pok\u00e9mon\n|rule|Item Clause: Limit one of each item\n|clearpoke\n|poke|p1|Calyrex-Ice, L50|\n|poke|p1|Smeargle, L50, F|\n|poke|p1|Ogerpon-Wellspring, L50, F|\n|poke|p1|Ursaluna-Bloodmoon, L50, M|\n|poke|p1|Urshifu-*, L50, F|\n|poke|p1|Annihilape, L50, F|\n|poke|p2|Calyrex-Ice, L50|\n|poke|p2|Smeargle, L50, M|\n|poke|p2|Ursaluna-Bloodmoon, L50, M|\n|poke|p2|Iron Hands, L50|\n|poke|p2|Rillaboom, L50, F|\n|poke|p2|Torkoal, L50, F|\n|teampreview|4\n|inactive|Battle timer is ON: inactive players will automatically lose when time's up. (requested by duen\u83c7man)\n|j| Khrozz\ncrisyaya19 rejected open team sheets.\n|inactive|duen\u83c7man has 60 seconds left.\n|j| son moon\n|inactive|duen\u83c7man has 30 seconds left.\n|c| son moon|6\n|inactive|duen\u83c7man has 20 seconds left.\n|\n|t:|1720180931\n|start\n|switch|p1a: \u7334\u54e5|Annihilape, L50, F|100\/100\n|switch|p1b: \u73a9\u6570\u503c\u602a\u73a9\u7684|Calyrex-Ice, L50|100\/100\n|switch|p2a: Calyrex|Calyrex-Ice, L50|100\/100\n|switch|p2b: Smeargle|Smeargle, L50, M|100\/100\n|-ability|p1b: \u73a9\u6570\u503c\u602a\u73a9\u7684|As One\n|-ability|p1b: \u73a9\u6570\u503c\u602a\u73a9\u7684|Unnerve\n|-ability|p2a: Calyrex|As One\n|-ability|p2a: Calyrex|Unnerve\n|turn|1\n|inactive|duen\u83c7man has 30 seconds left.\n|\n|t:|1720180962\n|move|p1a: \u7334\u54e5|Close Combat|p2b: Smeargle\n|-supereffective|p2b: Smeargle\n|-enditem|p2b: Smeargle|Focus Sash\n|-damage|p2b: Smeargle|1\/100\n|-unboost|p1a: \u7334\u54e5|def|1\n|-unboost|p1a: \u7334\u54e5|spd|1\n|move|p2b: Smeargle|Spore|p1b: \u73a9\u6570\u503c\u602a\u73a9\u7684\n|-status|p1b: \u73a9\u6570\u503c\u602a\u73a9\u7684|slp|[from] move: Spore\n|cant|p1b: \u73a9\u6570\u503c\u602a\u73a9\u7684|slp\n|move|p2a: Calyrex|Glacial Lance|p1b: \u73a9\u6570\u503c\u602a\u73a9\u7684|[spread] p1a,p1b\n|-resisted|p1b: \u73a9\u6570\u503c\u602a\u73a9\u7684\n|-damage|p1a: \u7334\u54e5|4\/100\n|-damage|p1b: \u73a9\u6570\u503c\u602a\u73a9\u7684|82\/100 slp\n|\n|-ability|p2b: Smeargle|Moody|boost\n|-boost|p2b: Smeargle|spa|2\n|-unboost|p2b: Smeargle|spd|1\n|upkeep\n|turn|2\n|\n|t:|1720180987\n|move|p2b: Smeargle|Follow Me|p2b: Smeargle\n|-singleturn|p2b: Smeargle|move: Follow Me\n|move|p1a: \u7334\u54e5|Rage Fist|p2b: Smeargle\n|-immune|p2b: Smeargle\n|cant|p1b: \u73a9\u6570\u503c\u602a\u73a9\u7684|slp\n|move|p2a: Calyrex|Trick Room|p2a: Calyrex\n|-fieldstart|move: Trick Room|[of] p2a: Calyrex\n|\n|-ability|p2b: Smeargle|Moody|boost\n|-boost|p2b: Smeargle|spe|2\n|-unboost|p2b: Smeargle|def|1\n|upkeep\n|turn|3\n|\n|t:|1720181006\n|move|p2b: Smeargle|Feint|p1a: \u7334\u54e5\n|-immune|p1a: \u7334\u54e5\n|move|p2a: Calyrex|Glacial Lance|p1a: \u7334\u54e5|[spread] p1a,p1b\n|-resisted|p1b: \u73a9\u6570\u503c\u602a\u73a9\u7684\n|-damage|p1a: \u7334\u54e5|0 fnt\n|-damage|p1b: \u73a9\u6570\u503c\u602a\u73a9\u7684|64\/100 slp\n|faint|p1a: \u7334\u54e5\n|-ability|p2a: Calyrex|Chilling Neigh|boost\n|-boost|p2a: Calyrex|atk|1\n|-curestatus|p1b: \u73a9\u6570\u503c\u602a\u73a9\u7684|slp|[msg]\n|move|p1b: \u73a9\u6570\u503c\u602a\u73a9\u7684|Glacial Lance|p2b: Smeargle|[spread] p2a,p2b\n|-resisted|p2a: Calyrex\n|-damage|p2a: Calyrex|82\/100\n|-damage|p2b: Smeargle|0 fnt\n|faint|p2b: Smeargle\n|-ability|p1b: \u73a9\u6570\u503c\u602a\u73a9\u7684|Chilling Neigh|boost\n|-boost|p1b: \u73a9\u6570\u503c\u602a\u73a9\u7684|atk|1\n|\n|upkeep\n|\n|t:|1720181024\n|switch|p2b: Torkoal|Torkoal, L50, F|100\/100\n|switch|p1a: \u5965\u5730\u5229\u843d\u699c\u7f8e\u672f\u751f|Smeargle, L50, F, shiny|100\/100\n|-weather|SunnyDay|[from] ability: Drought|[of] p2b: Torkoal\n|turn|4\n|inactive|duen\u83c7man has 30 seconds left.\n|inactive|duen\u83c7man has 20 seconds left.\n|inactive|duen\u83c7man has 15 seconds left.\n|inactive|duen\u83c7man has 10 seconds left.\n|inactive|duen\u83c7man has 5 seconds left.\n|\n|t:|1720181076\n|move|p1a: \u5965\u5730\u5229\u843d\u699c\u7f8e\u672f\u751f|Fake Out|p2b: Torkoal\n|-damage|p2b: Torkoal|97\/100\n|cant|p2b: Torkoal|flinch\n|move|p2a: Calyrex|Glacial Lance|p1b: \u73a9\u6570\u503c\u602a\u73a9\u7684|[spread] p1a,p1b\n|-resisted|p1b: \u73a9\u6570\u503c\u602a\u73a9\u7684\n|-enditem|p1a: \u5965\u5730\u5229\u843d\u699c\u7f8e\u672f\u751f|Focus Sash\n|-damage|p1a: \u5965\u5730\u5229\u843d\u699c\u7f8e\u672f\u751f|1\/100\n|-damage|p1b: \u73a9\u6570\u503c\u602a\u73a9\u7684|38\/100\n|move|p1b: \u73a9\u6570\u503c\u602a\u73a9\u7684|Trick Room|p1b: \u73a9\u6570\u503c\u602a\u73a9\u7684\n|-fieldend|move: Trick Room\n|\n|-weather|SunnyDay|[upkeep]\n|upkeep\n|turn|5\n|inactive|duen\u83c7man has 30 seconds left.\n|\n|t:|1720181104\n|-terastallize|p1b: \u73a9\u6570\u503c\u602a\u73a9\u7684|Water\n|move|p1b: \u73a9\u6570\u503c\u602a\u73a9\u7684|High Horsepower|p2b: Torkoal\n|-supereffective|p2b: Torkoal\n|-damage|p2b: Torkoal|0 fnt\n|faint|p2b: Torkoal\n|-ability|p1b: \u73a9\u6570\u503c\u602a\u73a9\u7684|Chilling Neigh|boost\n|-boost|p1b: \u73a9\u6570\u503c\u602a\u73a9\u7684|atk|1\n|move|p1a: \u5965\u5730\u5229\u843d\u699c\u7f8e\u672f\u751f|Spore|p2a: Calyrex\n|-status|p2a: Calyrex|slp|[from] move: Spore\n|cant|p2a: Calyrex|slp\n|\n|-weather|SunnyDay|[upkeep]\n|upkeep\n|\n|t:|1720181113\n|switch|p2b: Iron Hands|Iron Hands, L50|100\/100\n|turn|6\n|inactive|duen\u83c7man has 30 seconds left.\n|\n|t:|1720181140\n|switch|p1a: Urshifu|Urshifu, L50, F|100\/100\n|move|p2b: Iron Hands|Fake Out|p1a: Urshifu\n|-damage|p1a: Urshifu|86\/100\n|move|p1b: \u73a9\u6570\u503c\u602a\u73a9\u7684|Glacial Lance|p2a: Calyrex|[spread] p2a,p2b\n|-resisted|p2a: Calyrex\n|-damage|p2a: Calyrex|45\/100 slp\n|-damage|p2b: Iron Hands|22\/100\n|cant|p2a: Calyrex|slp\n|\n|-weather|SunnyDay|[upkeep]\n|upkeep\n|turn|7\n|\n|t:|1720181153\n|move|p1a: Urshifu|Wicked Blow|p2a: Calyrex\n|-supereffective|p2a: Calyrex\n|-crit|p2a: Calyrex\n|-damage|p2a: Calyrex|0 fnt\n|-enditem|p1b: \u73a9\u6570\u503c\u602a\u73a9\u7684|Sitrus Berry|[eat]\n|-heal|p1b: \u73a9\u6570\u503c\u602a\u73a9\u7684|63\/100|[from] item: Sitrus Berry\n|faint|p2a: Calyrex\n|move|p1b: \u73a9\u6570\u503c\u602a\u73a9\u7684|Glacial Lance|p2b: Iron Hands\n|-damage|p2b: Iron Hands|0 fnt\n|faint|p2b: Iron Hands\n|-end|p2b: Iron Hands|Quark Drive|[silent]\n|\n|win|duen\u83c7man\n|raw|duen\u83c7man's rating: 1814 &rarr; <strong>1828<\/strong><br \/>(+14 for winning)\n|raw|crisyaya19's rating: 1697 &rarr; <strong>1683<\/strong><br \/>(-14 for losing)\n|l| Khrozz\n|l|\u2606crisyaya19\n|player|p2|\n|l|\u2606duen\u83c7man\n|player|p1|\n|l| son moon\n","uploadtime":1720181407,"views":18,"formatid":"gen9vgc2024regg","rating":1683,"private":0,"password":null}