{"id":"gen9vgc2024regg-2155345748","format":"[Gen 9] VGC 2024 Reg G","players":["CCC2026","Wesleihas"],"log":"|j|\u2606CCC2026\n|j|\u2606Wesleihas\n|t:|1720141686\n|gametype|doubles\n|player|p1|CCC2026|dawn|1752\n|player|p2|Wesleihas|blackbelt-gen4dp|1729\n|teamsize|p1|6\n|teamsize|p2|6\n|gen|9\n|tier|[Gen 9] VGC 2024 Reg G\n|rated|\n|rule|Species Clause: Limit one of each Pok\u00e9mon\n|rule|Item Clause: Limit one of each item\n|clearpoke\n|poke|p1|Urshifu-*, L50, M|\n|poke|p1|Chien-Pao, L50|\n|poke|p1|Dragonite, L50, M|\n|poke|p1|Rillaboom, L50, M|\n|poke|p1|Tornadus, L50, M|\n|poke|p1|Zacian-*, L50|\n|poke|p2|Calyrex-Shadow, L50|\n|poke|p2|Raging Bolt, L50|\n|poke|p2|Clefairy, L50, M|\n|poke|p2|Urshifu-*, L50, F|\n|poke|p2|Incineroar, L50, M|\n|poke|p2|Rillaboom, L50, M|\n|teampreview|4\n|inactive|Battle timer is ON: inactive players will automatically lose when time's up. (requested by CCC2026)\n|\n|t:|1720141726\n|start\n|switch|p1a: Tornadus|Tornadus, L50, M|100\/100\n|switch|p1b: Dragonite|Dragonite, L50, M|100\/100\n|switch|p2a: Incineroar|Incineroar, L50, M|100\/100\n|switch|p2b: Urshifu|Urshifu-Rapid-Strike, L50, F|100\/100\n|-ability|p2a: Incineroar|Intimidate|boost\n|-unboost|p1a: Tornadus|atk|1\n|-fail|p1b: Dragonite|unboost|Attack|[from] ability: Inner Focus|[of] p1b: Dragonite\n|turn|1\n|j| Satansinlaw\n|\n|t:|1720141747\n|switch|p2b: Calyrex|Calyrex-Shadow, L50|100\/100\n|-ability|p2b: Calyrex|As One\n|-ability|p2b: Calyrex|Unnerve\n|-terastallize|p2a: Incineroar|Ghost\n|move|p1a: Tornadus|Bleakwind Storm|p2b: Calyrex|[spread] p2a\n|-miss|p1a: Tornadus|p2b: Calyrex\n|-damage|p2a: Incineroar|79\/100\n|move|p1b: Dragonite|Rock Slide|p2a: Incineroar|[spread] p2a,p2b\n|-damage|p2a: Incineroar|47\/100\n|-damage|p2b: Calyrex|69\/100\n|move|p2a: Incineroar|Will-O-Wisp|p1b: Dragonite|[miss]\n|-miss|p2a: Incineroar|p1b: Dragonite\n|\n|upkeep\n|turn|2\n|j| dmddo wogus\n|inactive|CCC2026 has 30 seconds left.\n|inactive|Wesleihas has 30 seconds left.\n|\n|t:|1720141778\n|switch|p2a: Clefairy|Clefairy, L50, M|100\/100\n|move|p2b: Calyrex|Draining Kiss|p1b: Dragonite\n|-supereffective|p1b: Dragonite\n|-damage|p1b: Dragonite|58\/100\n|-heal|p2b: Calyrex|98\/100|[from] drain|[of] p1b: Dragonite\n|move|p1a: Tornadus|Bleakwind Storm|p2a: Clefairy|[spread] p2a,p2b\n|-damage|p2a: Clefairy|73\/100\n|-damage|p2b: Calyrex|79\/100\n|move|p1b: Dragonite|Rock Slide|p2b: Calyrex|[spread] p2a,p2b\n|-damage|p2a: Clefairy|49\/100\n|-damage|p2b: Calyrex|55\/100\n|\n|upkeep\n|turn|3\n|\n|t:|1720141798\n|move|p2a: Clefairy|Protect|p2a: Clefairy\n|-singleturn|p2a: Clefairy|Protect\n|move|p1a: Tornadus|Tailwind|p1a: Tornadus\n|-sidestart|p1: CCC2026|move: Tailwind\n|move|p1b: Dragonite|Rock Slide|p2a: Clefairy|[spread] p2b\n|-activate|p2a: Clefairy|move: Protect\n|-damage|p2b: Calyrex|31\/100\n|move|p2b: Calyrex|Astral Barrage|p1b: Dragonite|[spread] p1a,p1b\n|-damage|p1a: Tornadus|45\/100\n|-damage|p1b: Dragonite|4\/100\n|\n|upkeep\n|turn|4\n|\n|t:|1720141819\n|move|p2b: Calyrex|Protect|p2b: Calyrex\n|-singleturn|p2b: Calyrex|Protect\n|move|p1a: Tornadus|Bleakwind Storm|p2a: Clefairy|[spread] \n|-activate|p2b: Calyrex|move: Protect\n|-miss|p1a: Tornadus|p2a: Clefairy\n|move|p1b: Dragonite|Rock Slide|p2b: Calyrex|[spread] p2a\n|-activate|p2b: Calyrex|move: Protect\n|-damage|p2a: Clefairy|24\/100\n|move|p2a: Clefairy|Sing|p1a: Tornadus|[miss]\n|-miss|p2a: Clefairy|p1a: Tornadus\n|\n|upkeep\n|turn|5\n|\n|t:|1720141840\n|switch|p2b: Urshifu|Urshifu-Rapid-Strike, L50, F|100\/100\n|move|p1a: Tornadus|Bleakwind Storm|p2b: Urshifu|[spread] p2a,p2b\n|-supereffective|p2b: Urshifu\n|-crit|p2b: Urshifu\n|-damage|p2a: Clefairy|0 fnt\n|-enditem|p2b: Urshifu|Focus Sash\n|-damage|p2b: Urshifu|1\/100\n|faint|p2a: Clefairy\n|move|p1b: Dragonite|Rock Slide|p2b: Urshifu\n|-resisted|p2b: Urshifu\n|-damage|p2b: Urshifu|0 fnt\n|faint|p2b: Urshifu\n|\n|upkeep\n|\n|t:|1720141853\n|switch|p2b: Calyrex|Calyrex-Shadow, L50|31\/100\n|switch|p2a: Incineroar|Incineroar, L50, M, tera:Ghost|47\/100\n|-ability|p2b: Calyrex|As One\n|-ability|p2b: Calyrex|Unnerve\n|-ability|p2a: Incineroar|Intimidate|boost\n|-unboost|p1a: Tornadus|atk|1\n|-fail|p1b: Dragonite|unboost|Attack|[from] ability: Inner Focus|[of] p1b: Dragonite\n|turn|6\n|inactive|CCC2026 has 30 seconds left.\n|\n|t:|1720141881\n|switch|p1a: Urshifu|Urshifu-Rapid-Strike, L50, M|100\/100\n|move|p2a: Incineroar|Fake Out|p1b: Dragonite\n|-damage|p1b: Dragonite|0 fnt\n|faint|p1b: Dragonite\n|move|p2b: Calyrex|Astral Barrage|p1a: Urshifu\n|-enditem|p1a: Urshifu|Focus Sash\n|-damage|p1a: Urshifu|1\/100\n|\n|-sideend|p1: CCC2026|move: Tailwind\n|upkeep\n|\n|t:|1720141894\n|switch|p1b: Tornadus|Tornadus, L50, M|45\/100\n|turn|7\n|\n|t:|1720141907\n|move|p1b: Tornadus|Tailwind|p1b: Tornadus\n|-sidestart|p1: CCC2026|move: Tailwind\n|move|p1a: Urshifu|Surging Strikes|p2b: Calyrex\n|-crit|p2b: Calyrex\n|-damage|p2b: Calyrex|10\/100\n|-crit|p2b: Calyrex\n|-damage|p2b: Calyrex|0 fnt\n|faint|p2b: Calyrex\n|-hitcount|p2: Calyrex|2\n|move|p2a: Incineroar|Knock Off|p1a: Urshifu\n|-resisted|p1a: Urshifu\n|-crit|p1a: Urshifu\n|-damage|p1a: Urshifu|0 fnt\n|faint|p1a: Urshifu\n|\n|upkeep\n|\n|t:|1720141921\n|switch|p1a: Zacian|Zacian-Crowned, L50|100\/100\n|-ability|p1a: Zacian|Intrepid Sword|boost\n|-boost|p1a: Zacian|atk|1\n|turn|8\n|\n|t:|1720141938\n|move|p1b: Tornadus|Taunt|p2a: Incineroar\n|-start|p2a: Incineroar|move: Taunt\n|move|p1a: Zacian|Swords Dance|p1a: Zacian\n|-boost|p1a: Zacian|atk|2\n|cant|p2a: Incineroar|move: Taunt|Will-O-Wisp\n|\n|upkeep\n|turn|9\n|\n|t:|1720141950\n|move|p1a: Zacian|Swords Dance|p1a: Zacian\n|-boost|p1a: Zacian|atk|2\n|move|p1b: Tornadus|Bleakwind Storm|p2a: Incineroar\n|-damage|p2a: Incineroar|15\/100\n|move|p2a: Incineroar|Knock Off|p1b: Tornadus\n|-damage|p1b: Tornadus|9\/100\n|-enditem|p1b: Tornadus|Covert Cloak|[from] move: Knock Off|[of] p2a: Incineroar\n|\n|upkeep\n|turn|10\n|\n|t:|1720141963\n|move|p1a: Zacian|Behemoth Blade|p1b: Tornadus\n|-damage|p1b: Tornadus|0 fnt\n|faint|p1b: Tornadus\n|move|p2a: Incineroar|Knock Off|p1a: Zacian\n|-resisted|p1a: Zacian\n|-damage|p1a: Zacian|89\/100\n|\n|-end|p2a: Incineroar|move: Taunt\n|-sideend|p1: CCC2026|move: Tailwind\n|upkeep\n|turn|11\n|\n|t:|1720141975\n|move|p1a: Zacian|Behemoth Blade|p2a: Incineroar\n|-damage|p2a: Incineroar|0 fnt\n|faint|p2a: Incineroar\n|\n|win|CCC2026\n|raw|CCC2026's rating: 1752 &rarr; <strong>1771<\/strong><br \/>(+19 for winning)\n|raw|Wesleihas's rating: 1729 &rarr; <strong>1710<\/strong><br \/>(-19 for losing)\n|l|\u2606Wesleihas\n|player|p2|\n|l|\u2606CCC2026\n|player|p1|\n|l| dmddo wogus\n|l| Satansinlaw\n","uploadtime":1720142128,"views":13,"formatid":"gen9vgc2024regg","rating":1710,"private":0,"password":null}