{"id":"gen9vgc2024regg-2155577604","format":"[Gen 9] VGC 2024 Reg G","players":["lonoVGC","a810g"],"log":"|j|\u2606lonoVGC\n|j|\u2606a810g\n|t:|1720184564\n|gametype|doubles\n|player|p1|lonoVGC|unknownf|1706\n|player|p2|a810g|101|1666\n|teamsize|p1|6\n|teamsize|p2|6\n|gen|9\n|tier|[Gen 9] VGC 2024 Reg G\n|rated|\n|rule|Species Clause: Limit one of each Pok\u00e9mon\n|rule|Item Clause: Limit one of each item\n|clearpoke\n|poke|p1|Whimsicott, L50, F|\n|poke|p1|Regidrago, L50|\n|poke|p1|Chi-Yu, L50|\n|poke|p1|Zacian-*, L50|\n|poke|p1|Ogerpon-Wellspring, L50, F|\n|poke|p1|Amoonguss, L50, F|\n|poke|p2|Roaring Moon, L50|\n|poke|p2|Incineroar, L50, M|\n|poke|p2|Calyrex-Shadow, L50|\n|poke|p2|Ogerpon-Wellspring, L50, F|\n|poke|p2|Mienshao, L50, M|\n|poke|p2|Indeedee-F, L50, F|\n|teampreview|4\n|inactive|Battle timer is ON: inactive players will automatically lose when time's up. (requested by a810g)\n|j| Zzeporius\n|\n|t:|1720184595\n|start\n|switch|p1a: Regidrago|Regidrago, L50|100\/100\n|switch|p1b: Whimsicott|Whimsicott, L50, F|100\/100\n|switch|p2a: Epownedya|Calyrex-Shadow, L50|100\/100\n|switch|p2b: Ori|Mienshao, L50, M|100\/100\n|-ability|p2a: Epownedya|As One\n|-ability|p2a: Epownedya|Unnerve\n|turn|1\n|\n|t:|1720184618\n|-terastallize|p2a: Epownedya|Ghost\n|move|p2b: Ori|Feint|p1a: Regidrago\n|-damage|p1a: Regidrago|87\/100\n|move|p1b: Whimsicott|Tailwind|p1b: Whimsicott\n|-sidestart|p1: lonoVGC|move: Tailwind\n|move|p1a: Regidrago|Dragon Energy|p2a: Epownedya|[spread] p2a,p2b\n|-damage|p2a: Epownedya|2\/100\n|-enditem|p2b: Ori|Focus Sash\n|-damage|p2b: Ori|1\/100\n|-damage|p1a: Regidrago|78\/100|[from] item: Life Orb\n|move|p2a: Epownedya|Astral Barrage|p1a: Regidrago|[spread] p1a,p1b\n|-damage|p1a: Regidrago|0 fnt\n|-enditem|p1b: Whimsicott|Focus Sash\n|-damage|p1b: Whimsicott|1\/100\n|faint|p1a: Regidrago\n|-ability|p2a: Epownedya|Grim Neigh|boost\n|-boost|p2a: Epownedya|spa|1\n|\n|upkeep\n|\n|t:|1720184640\n|switch|p1a: Zacian|Zacian-Crowned, L50|100\/100\n|-ability|p1a: Zacian|Intrepid Sword|boost\n|-boost|p1a: Zacian|atk|1\n|turn|2\n|\n|t:|1720184648\n|switch|p2a: Mr. Morale|Incineroar, L50, M, shiny|100\/100\n|-ability|p2a: Mr. Morale|Intimidate|boost\n|-unboost|p1a: Zacian|atk|1\n|-unboost|p1b: Whimsicott|atk|1\n|move|p2b: Ori|Feint|p1b: Whimsicott\n|-damage|p1b: Whimsicott|0 fnt\n|faint|p1b: Whimsicott\n|move|p1a: Zacian|Behemoth Blade|p2a: Mr. Morale\n|-resisted|p2a: Mr. Morale\n|-damage|p2a: Mr. Morale|74\/100\n|\n|upkeep\n|\n|t:|1720184657\n|switch|p1b: Ogerpon|Ogerpon-Wellspring, L50, F|100\/100\n|turn|3\n|\n|t:|1720184676\n|-terastallize|p1a: Zacian|Ground\n|move|p2a: Mr. Morale|Fake Out|p1a: Zacian\n|-damage|p1a: Zacian|90\/100\n|cant|p1a: Zacian|flinch\n|move|p1b: Ogerpon|Ivy Cudgel|p2a: Mr. Morale|[anim] Ivy Cudgel Water\n|-supereffective|p2a: Mr. Morale\n|-crit|p2a: Mr. Morale\n|-damage|p2a: Mr. Morale|0 fnt\n|faint|p2a: Mr. Morale\n|move|p2b: Ori|Close Combat|p1a: Zacian\n|-damage|p1a: Zacian|26\/100\n|-unboost|p2b: Ori|def|1\n|-unboost|p2b: Ori|spd|1\n|\n|upkeep\n|\n|t:|1720184690\n|switch|p2a: Penny|Indeedee-F, L50, F|100\/100\n|-fieldstart|move: Psychic Terrain|[from] ability: Psychic Surge|[of] p2a: Penny\n|-enditem|p2a: Penny|Psychic Seed\n|-boost|p2a: Penny|spd|1|[from] item: Psychic Seed\n|turn|4\n|inactive|a810g has 30 seconds left.\n|\n|t:|1720184719\n|move|p1a: Zacian|Protect|p1a: Zacian\n|-singleturn|p1a: Zacian|Protect\n|move|p2a: Penny|Protect|p2a: Penny\n|-singleturn|p2a: Penny|Protect\n|move|p1b: Ogerpon|Ivy Cudgel|p2a: Penny|[anim] Ivy Cudgel Water\n|-activate|p2a: Penny|move: Protect\n|move|p2b: Ori|Close Combat|p1a: Zacian\n|-activate|p1a: Zacian|move: Protect\n|\n|-sideend|p1: lonoVGC|move: Tailwind\n|upkeep\n|turn|5\n|\n|t:|1720184735\n|move|p1b: Ogerpon|Follow Me|p1b: Ogerpon\n|-singleturn|p1b: Ogerpon|move: Follow Me\n|move|p2a: Penny|Follow Me|p2a: Penny\n|-singleturn|p2a: Penny|move: Follow Me\n|move|p1a: Zacian|Behemoth Blade|p2a: Penny\n|-damage|p2a: Penny|34\/100\n|move|p2b: Ori|Close Combat|p1b: Ogerpon\n|-damage|p1b: Ogerpon|9\/100\n|-unboost|p2b: Ori|def|1\n|-unboost|p2b: Ori|spd|1\n|\n|upkeep\n|turn|6\n|\n|t:|1720184760\n|move|p2a: Penny|Protect|p2a: Penny\n|-singleturn|p2a: Penny|Protect\n|move|p1a: Zacian|Behemoth Blade|p2a: Penny\n|-activate|p2a: Penny|move: Protect\n|move|p1b: Ogerpon|Horn Leech|p2b: Ori\n|-damage|p2b: Ori|0 fnt\n|-heal|p1b: Ogerpon|10\/100|[from] drain|[of] p2b: Ori\n|faint|p2b: Ori\n|\n|upkeep\n|\n|t:|1720184769\n|switch|p2b: Epownedya|Calyrex-Shadow, L50, tera:Ghost|2\/100\n|-ability|p2b: Epownedya|As One\n|-ability|p2b: Epownedya|Unnerve\n|turn|7\n|\n|t:|1720184775\n|move|p1a: Zacian|Protect|p1a: Zacian\n|-singleturn|p1a: Zacian|Protect\n|move|p1b: Ogerpon|Spiky Shield|p1b: Ogerpon\n|-singleturn|p1b: Ogerpon|move: Protect\n|move|p2a: Penny|Follow Me|p2a: Penny\n|-singleturn|p2a: Penny|move: Follow Me\n|move|p2b: Epownedya|Astral Barrage|p1b: Ogerpon|[spread] \n|-activate|p1a: Zacian|move: Protect\n|-activate|p1b: Ogerpon|move: Protect\n|\n|upkeep\n|turn|8\n|\n|t:|1720184793\n|move|p2a: Penny|Follow Me|p2a: Penny\n|-singleturn|p2a: Penny|move: Follow Me\n|move|p2b: Epownedya|Astral Barrage|p1b: Ogerpon|[spread] p1a,p1b\n|-crit|p1a: Zacian\n|-damage|p1a: Zacian|0 fnt\n|-damage|p1b: Ogerpon|0 fnt\n|faint|p1a: Zacian\n|faint|p1b: Ogerpon\n|\n|win|a810g\n|raw|lonoVGC's rating: 1706 &rarr; <strong>1684<\/strong><br \/>(-22 for losing)\n|raw|a810g's rating: 1666 &rarr; <strong>1688<\/strong><br \/>(+22 for winning)\n|l|\u2606lonoVGC\n|player|p1|\n|l| Zzeporius\n|l|\u2606a810g\n|player|p2|\n","uploadtime":1720185018,"views":18,"formatid":"gen9vgc2024regg","rating":1684,"private":0,"password":null}