{"id":"gen9vgc2024regg-2155592915","format":"[Gen 9] VGC 2024 Reg G","players":["CCC2026","BrodaxVGC"],"log":"|j|\u2606CCC2026\n|j|\u2606BrodaxVGC\n|t:|1720186767\n|gametype|doubles\n|player|p1|CCC2026|dawn|1745\n|player|p2|BrodaxVGC|265|1694\n|teamsize|p1|6\n|teamsize|p2|6\n|gen|9\n|tier|[Gen 9] VGC 2024 Reg G\n|rated|\n|rule|Species Clause: Limit one of each Pok\u00e9mon\n|rule|Item Clause: Limit one of each item\n|clearpoke\n|poke|p1|Urshifu-*, L50, M|\n|poke|p1|Incineroar, L50, M|\n|poke|p1|Rillaboom, L50, M|\n|poke|p1|Tornadus, L50, M|\n|poke|p1|Calyrex-Shadow, L50|\n|poke|p1|Raging Bolt, L50|\n|poke|p2|Miraidon, L50|\n|poke|p2|Whimsicott, L50, F|\n|poke|p2|Chi-Yu, L50|\n|poke|p2|Ogerpon-Wellspring, L50, F|\n|poke|p2|Iron Hands, L50|\n|poke|p2|Farigiraf, L50, M|\n|teampreview|4\n|inactive|Battle timer is ON: inactive players will automatically lose when time's up. (requested by BrodaxVGC)\n|inactive|CCC2026 has 60 seconds left.\n|j| ChobbyThaGrey\n|l|\u2606BrodaxVGC\n|inactive|BrodaxVGC disconnected and has a minute to reconnect!\n|player|p2|\n|inactive|CCC2026 has 30 seconds left.\n|j|\u2606BrodaxVGC\n|inactive|BrodaxVGC reconnected.\n|player|p2|BrodaxVGC|265|\n|\n|t:|1720186833\n|start\n|switch|p1a: Rillaboom|Rillaboom, L50, M|100\/100\n|switch|p1b: Urshifu|Urshifu-Rapid-Strike, L50, M|100\/100\n|switch|p2a: Whimsicott|Whimsicott, L50, F|100\/100\n|switch|p2b: Chi-Yu|Chi-Yu, L50|100\/100\n|-ability|p2b: Chi-Yu|Beads of Ruin\n|-fieldstart|move: Grassy Terrain|[from] ability: Grassy Surge|[of] p1a: Rillaboom\n|turn|1\n|inactive|BrodaxVGC has 30 seconds left.\n|\n|t:|1720186860\n|switch|p2b: Miraidon|Miraidon, L50|100\/100\n|-fieldstart|move: Electric Terrain|[from] ability: Hadron Engine|[of] p2b: Miraidon\n|move|p1a: Rillaboom|Fake Out|p2b: Miraidon\n|-damage|p2b: Miraidon|87\/100\n|move|p2a: Whimsicott|Tailwind|p2a: Whimsicott\n|-sidestart|p2: BrodaxVGC|move: Tailwind\n|move|p1b: Urshifu|Surging Strikes|p2b: Miraidon\n|-resisted|p2b: Miraidon\n|-crit|p2b: Miraidon\n|-damage|p2b: Miraidon|75\/100\n|-resisted|p2b: Miraidon\n|-crit|p2b: Miraidon\n|-damage|p2b: Miraidon|64\/100\n|-resisted|p2b: Miraidon\n|-crit|p2b: Miraidon\n|-damage|p2b: Miraidon|53\/100\n|-hitcount|p2b: Miraidon|3\n|\n|upkeep\n|turn|2\n|\n|t:|1720186884\n|switch|p1a: Incineroar|Incineroar, L50, M, shiny|100\/100\n|-ability|p1a: Incineroar|Intimidate|boost\n|-unboost|p2a: Whimsicott|atk|1\n|-unboost|p2b: Miraidon|atk|1\n|move|p1b: Urshifu|Detect|p1b: Urshifu\n|-singleturn|p1b: Urshifu|Protect\n|move|p2a: Whimsicott|Moonblast|p1b: Urshifu\n|-activate|p1b: Urshifu|move: Protect\n|move|p2b: Miraidon|Draco Meteor|p1a: Incineroar\n|-damage|p1a: Incineroar|0 fnt\n|-unboost|p2b: Miraidon|spa|2\n|faint|p1a: Incineroar\n|\n|upkeep\n|\n|t:|1720186900\n|switch|p1a: Calyrex|Calyrex-Shadow, L50|100\/100\n|-ability|p1a: Calyrex|As One\n|-ability|p1a: Calyrex|Unnerve\n|turn|3\n|\n|t:|1720186910\n|switch|p2b: Farigiraf|Farigiraf, L50, M|100\/100\n|-enditem|p2b: Farigiraf|Electric Seed\n|-boost|p2b: Farigiraf|def|1|[from] item: Electric Seed\n|switch|p1b: Rillaboom|Rillaboom, L50, M|100\/100\n|-fieldstart|move: Grassy Terrain|[from] ability: Grassy Surge|[of] p1b: Rillaboom\n|move|p2a: Whimsicott|Moonblast|p1b: Rillaboom\n|-damage|p1b: Rillaboom|71\/100\n|-unboost|p1b: Rillaboom|spa|1\n|move|p1a: Calyrex|Astral Barrage|p2b: Farigiraf|[spread] p2a\n|-immune|p2b: Farigiraf\n|-enditem|p2a: Whimsicott|Focus Sash\n|-damage|p2a: Whimsicott|1\/100\n|\n|-heal|p2a: Whimsicott|7\/100|[from] Grassy Terrain\n|-heal|p1b: Rillaboom|77\/100|[from] Grassy Terrain\n|upkeep\n|turn|4\n|inactive|CCC2026 has 30 seconds left.\n|inactive|BrodaxVGC has 30 seconds left.\n|inactive|CCC2026 has 20 seconds left.\n|\n|t:|1720186947\n|switch|p2a: Chi-Yu|Chi-Yu, L50|100\/100\n|-ability|p2a: Chi-Yu|Beads of Ruin\n|-terastallize|p1a: Calyrex|Fairy\n|move|p1a: Calyrex|Astral Barrage|p2a: Chi-Yu|[spread] p2a\n|-immune|p2b: Farigiraf\n|-resisted|p2a: Chi-Yu\n|-damage|p2a: Chi-Yu|66\/100\n|move|p2b: Farigiraf|Foul Play|p1a: Calyrex\n|-resisted|p1a: Calyrex\n|-damage|p1a: Calyrex|92\/100\n|move|p1b: Rillaboom|U-turn|p2b: Farigiraf\n|-supereffective|p2b: Farigiraf\n|-damage|p2b: Farigiraf|69\/100\n|\n|t:|1720186964\n|switch|p1b: Urshifu|Urshifu-Rapid-Strike, L50, M|100\/100|[from] U-turn\n|\n|-heal|p2a: Chi-Yu|72\/100|[from] Grassy Terrain\n|-heal|p1a: Calyrex|98\/100|[from] Grassy Terrain\n|-heal|p2b: Farigiraf|76\/100|[from] Grassy Terrain\n|-sideend|p2: BrodaxVGC|move: Tailwind\n|upkeep\n|turn|5\n|inactive|CCC2026 has 30 seconds left.\n|\n|t:|1720186993\n|switch|p2a: Whimsicott|Whimsicott, L50, F|7\/100\n|move|p1a: Calyrex|Draining Kiss|p2b: Farigiraf\n|-damage|p2b: Farigiraf|40\/100\n|-heal|p1a: Calyrex|100\/100|[from] drain|[of] p2b: Farigiraf\n|move|p1b: Urshifu|Surging Strikes|p2b: Farigiraf\n|-crit|p2b: Farigiraf\n|-damage|p2b: Farigiraf|20\/100\n|-crit|p2b: Farigiraf\n|-damage|p2b: Farigiraf|0 fnt\n|faint|p2b: Farigiraf\n|-hitcount|p2: Farigiraf|2\n|\n|-heal|p2a: Whimsicott|13\/100|[from] Grassy Terrain\n|upkeep\n|\n|t:|1720187009\n|switch|p2b: Miraidon|Miraidon, L50|53\/100\n|-fieldstart|move: Electric Terrain|[from] ability: Hadron Engine|[of] p2b: Miraidon\n|turn|6\n|inactive|BrodaxVGC has 30 seconds left.\n|\n|t:|1720187034\n|switch|p1b: Rillaboom|Rillaboom, L50, M|77\/100\n|-fieldstart|move: Grassy Terrain|[from] ability: Grassy Surge|[of] p1b: Rillaboom\n|-terastallize|p2b: Miraidon|Electric\n|move|p2a: Whimsicott|Tailwind|p2a: Whimsicott\n|-sidestart|p2: BrodaxVGC|move: Tailwind\n|move|p2b: Miraidon|Volt Switch|p1b: Rillaboom\n|-resisted|p1b: Rillaboom\n|-damage|p1b: Rillaboom|46\/100\n|\n|t:|1720187045\n|switch|p2b: Chi-Yu|Chi-Yu, L50|72\/100|[from] Volt Switch\n|-ability|p2b: Chi-Yu|Beads of Ruin\n|move|p1a: Calyrex|Astral Barrage|p2a: Whimsicott|[spread] p2a,p2b\n|-resisted|p2b: Chi-Yu\n|-damage|p2a: Whimsicott|0 fnt\n|-damage|p2b: Chi-Yu|36\/100\n|faint|p2a: Whimsicott\n|-ability|p1a: Calyrex|Grim Neigh|boost\n|-boost|p1a: Calyrex|spa|1\n|\n|-heal|p2b: Chi-Yu|42\/100|[from] Grassy Terrain\n|-heal|p1b: Rillaboom|52\/100|[from] Grassy Terrain\n|upkeep\n|\n|t:|1720187051\n|switch|p2a: Miraidon|Miraidon, L50, tera:Electric|53\/100\n|-fieldstart|move: Electric Terrain|[from] ability: Hadron Engine|[of] p2a: Miraidon\n|turn|7\n|\n|t:|1720187074\n|switch|p1b: Urshifu|Urshifu-Rapid-Strike, L50, M|100\/100\n|move|p1a: Calyrex|Protect|p1a: Calyrex\n|-singleturn|p1a: Calyrex|Protect\n|move|p2a: Miraidon|Electro Drift|p1a: Calyrex\n|-activate|p1a: Calyrex|move: Protect\n|move|p2b: Chi-Yu|Heat Wave|p1b: Urshifu|[spread] p1b\n|-activate|p1a: Calyrex|move: Protect\n|-resisted|p1b: Urshifu\n|-damage|p1b: Urshifu|52\/100\n|-damage|p2b: Chi-Yu|32\/100|[from] item: Life Orb\n|\n|upkeep\n|turn|8\n|\n|t:|1720187093\n|switch|p1a: Rillaboom|Rillaboom, L50, M|52\/100\n|-fieldstart|move: Grassy Terrain|[from] ability: Grassy Surge|[of] p1a: Rillaboom\n|move|p1b: Urshifu|Aqua Jet|p2b: Chi-Yu\n|-supereffective|p2b: Chi-Yu\n|-damage|p2b: Chi-Yu|0 fnt\n|faint|p2b: Chi-Yu\n|move|p2a: Miraidon|Electro Drift|p1a: Rillaboom\n|-resisted|p1a: Rillaboom\n|-damage|p1a: Rillaboom|7\/100\n|\n|-heal|p2a: Miraidon|58\/100|[from] Grassy Terrain\n|-heal|p1b: Urshifu|58\/100|[from] Grassy Terrain\n|-heal|p1a: Rillaboom|13\/100|[from] Grassy Terrain\n|upkeep\n|turn|9\n|-message|BrodaxVGC forfeited.\n|\n|win|CCC2026\n|raw|CCC2026's rating: 1745 &rarr; <strong>1762<\/strong><br \/>(+17 for winning)\n|raw|BrodaxVGC's rating: 1694 &rarr; <strong>1677<\/strong><br \/>(-17 for losing)\n|l|\u2606BrodaxVGC\n|player|p2|\n|l|\u2606CCC2026\n|player|p1|\n","uploadtime":1720187380,"views":57,"formatid":"gen9vgc2024regg","rating":1677,"private":0,"password":null}