{"id":"gen9vgc2024regg-2155080323","format":"[Gen 9] VGC 2024 Reg G","players":["HamstermaniaCZ","ccc2014"],"log":"|j|\u2606HamstermaniaCZ\n|j|\u2606ccc2014\n|t:|1720106988\n|gametype|doubles\n|player|p1|HamstermaniaCZ|acetrainersnow|1702\n|player|p2|ccc2014|dawn|1800\n|teamsize|p1|6\n|teamsize|p2|6\n|gen|9\n|tier|[Gen 9] VGC 2024 Reg G\n|rated|\n|rule|Species Clause: Limit one of each Pok\u00e9mon\n|rule|Item Clause: Limit one of each item\n|clearpoke\n|poke|p1|Flutter Mane, L50|\n|poke|p1|Porygon2, L50|\n|poke|p1|Groudon, L50|\n|poke|p1|Brute Bonnet, L50|\n|poke|p1|Walking Wake, L50|\n|poke|p1|Chi-Yu, L50|\n|poke|p2|Urshifu-*, L50, M|\n|poke|p2|Chien-Pao, L50|\n|poke|p2|Dragonite, L50, M|\n|poke|p2|Rillaboom, L50, M|\n|poke|p2|Tornadus, L50, M|\n|poke|p2|Zacian-*, L50|\n|teampreview|4\n|inactive|Battle timer is ON: inactive players will automatically lose when time's up. (requested by ccc2014)\n|l|\u2606ccc2014\n|inactive|ccc2014 disconnected and has a minute to reconnect!\n|player|p2|\n|inactive|ccc2014 has 30 seconds to reconnect!\n|inactive|ccc2014 has 20 seconds to reconnect!\n|inactive|ccc2014 has 15 seconds to reconnect!\n|inactive|ccc2014 has 10 seconds to reconnect!\n|inactive|ccc2014 has 5 seconds to reconnect!\n|j|\u2606ccc2014\n|inactive|ccc2014 reconnected and has 20 seconds left.\n|player|p2|ccc2014|dawn|\n|inactive|ccc2014 has 15 seconds left.\n|inactive|ccc2014 has 10 seconds left.\n|inactive|ccc2014 has 5 seconds left.\n|\n|t:|1720107085\n|start\n|switch|p1a: Brute Bonnet|Brute Bonnet, L50|100\/100\n|switch|p1b: Groudon|Groudon, L50|100\/100\n|switch|p2a: Tornadus|Tornadus, L50, M|100\/100\n|switch|p2b: Zacian|Zacian-Crowned, L50|100\/100\n|-ability|p2b: Zacian|Intrepid Sword|boost\n|-boost|p2b: Zacian|atk|1\n|-weather|SunnyDay|[from] ability: Drought|[of] p1b: Groudon\n|-activate|p1a: Brute Bonnet|ability: Protosynthesis\n|-start|p1a: Brute Bonnet|protosynthesisdef\n|turn|1\n|inactive|ccc2014 has 30 seconds left.\n|\n|t:|1720107116\n|move|p2b: Zacian|Protect|p2b: Zacian\n|-singleturn|p2b: Zacian|Protect\n|move|p2a: Tornadus|Rain Dance|p2a: Tornadus\n|-weather|RainDance\n|-end|p1a: Brute Bonnet|Protosynthesis\n|move|p1b: Groudon|Precipice Blades|p2a: Tornadus|[spread] \n|-activate|p2b: Zacian|move: Protect\n|-immune|p2a: Tornadus\n|move|p1a: Brute Bonnet|Spore|p2a: Tornadus\n|-status|p2a: Tornadus|slp|[from] move: Spore\n|\n|-weather|RainDance|[upkeep]\n|upkeep\n|turn|2\n|inactive|ccc2014 has 30 seconds left.\n|inactive|ccc2014 has 20 seconds left.\n|inactive|ccc2014 has 15 seconds left.\n|inactive|ccc2014 has 10 seconds left.\n|\n|t:|1720107164\n|move|p2b: Zacian|Sacred Sword|p1a: Brute Bonnet\n|-supereffective|p1a: Brute Bonnet\n|-damage|p1a: Brute Bonnet|40\/100\n|-enditem|p1a: Brute Bonnet|Sitrus Berry|[eat]\n|-heal|p1a: Brute Bonnet|65\/100|[from] item: Sitrus Berry\n|cant|p2a: Tornadus|slp\n|move|p1b: Groudon|Precipice Blades|p2a: Tornadus|[spread] p2b\n|-immune|p2a: Tornadus\n|-supereffective|p2b: Zacian\n|-damage|p2b: Zacian|26\/100\n|move|p1a: Brute Bonnet|Spore|p2b: Zacian\n|-status|p2b: Zacian|slp|[from] move: Spore\n|\n|-weather|RainDance|[upkeep]\n|upkeep\n|turn|3\n|\n|t:|1720107185\n|-end|p1a: Brute Bonnet|Protosynthesis|[silent]\n|switch|p1a: Walking Wake|Walking Wake, L50|100\/100\n|cant|p2b: Zacian|slp\n|cant|p2a: Tornadus|slp\n|move|p1b: Groudon|Precipice Blades|p2a: Tornadus|[spread] p2b\n|-immune|p2a: Tornadus\n|-supereffective|p2b: Zacian\n|-damage|p2b: Zacian|0 fnt\n|faint|p2b: Zacian\n|\n|-weather|RainDance|[upkeep]\n|upkeep\n|inactive|ccc2014 has 30 seconds left.\n|\n|t:|1720107213\n|switch|p2b: Urshifu|Urshifu-Rapid-Strike, L50, M|100\/100\n|turn|4\n|\n|t:|1720107229\n|switch|p1b: Brute Bonnet|Brute Bonnet, L50|65\/100\n|-terastallize|p2b: Urshifu|Stellar\n|-terastallize|p1a: Walking Wake|Water\n|-curestatus|p2a: Tornadus|slp|[msg]\n|move|p2a: Tornadus|Tailwind|p2a: Tornadus\n|-sidestart|p2: ccc2014|move: Tailwind\n|move|p2b: Urshifu|Close Combat|p1a: Walking Wake\n|-damage|p1a: Walking Wake|18\/100\n|-unboost|p2b: Urshifu|def|1\n|-unboost|p2b: Urshifu|spd|1\n|move|p1a: Walking Wake|Hydro Steam|p2a: Tornadus\n|-damage|p2a: Tornadus|12\/100\n|\n|-weather|RainDance|[upkeep]\n|upkeep\n|turn|5\n|inactive|ccc2014 has 30 seconds left.\n|\n|t:|1720107260\n|move|p1b: Brute Bonnet|Sucker Punch|p2a: Tornadus\n|-damage|p2a: Tornadus|0 fnt\n|faint|p2a: Tornadus\n|move|p2b: Urshifu|Close Combat|p1b: Brute Bonnet\n|-supereffective|p1b: Brute Bonnet\n|-damage|p1b: Brute Bonnet|0 fnt\n|-unboost|p2b: Urshifu|def|1\n|-unboost|p2b: Urshifu|spd|1\n|faint|p1b: Brute Bonnet\n|-end|p1b: Brute Bonnet|Protosynthesis|[silent]\n|move|p1a: Walking Wake|Hydro Steam|p2b: Urshifu\n|-resisted|p2b: Urshifu\n|-enditem|p2b: Urshifu|Focus Sash\n|-damage|p2b: Urshifu|1\/100\n|\n|-weather|none\n|upkeep\n|\n|t:|1720107275\n|switch|p2a: Chien-Pao|Chien-Pao, L50|100\/100\n|switch|p1b: Groudon|Groudon, L50|100\/100\n|-ability|p2a: Chien-Pao|Sword of Ruin\n|-weather|SunnyDay|[from] ability: Drought|[of] p1b: Groudon\n|-activate|p1a: Walking Wake|ability: Protosynthesis\n|-start|p1a: Walking Wake|protosynthesisspa\n|turn|6\n|\n|t:|1720107293\n|move|p1a: Walking Wake|Aqua Jet|p2b: Urshifu\n|-resisted|p2b: Urshifu\n|-damage|p2b: Urshifu|0 fnt\n|faint|p2b: Urshifu\n|move|p2a: Chien-Pao|Icicle Crash|p1b: Groudon\n|-supereffective|p1b: Groudon\n|-damage|p1b: Groudon|6\/100\n|-damage|p2a: Chien-Pao|91\/100|[from] item: Life Orb\n|move|p1b: Groudon|Precipice Blades|p2a: Chien-Pao\n|-damage|p2a: Chien-Pao|0 fnt\n|faint|p2a: Chien-Pao\n|\n|win|HamstermaniaCZ\n|raw|HamstermaniaCZ's rating: 1702 &rarr; <strong>1727<\/strong><br \/>(+25 for winning)\n|raw|ccc2014's rating: 1800 &rarr; <strong>1775<\/strong><br \/>(-25 for losing)\n|l|\u2606ccc2014\n|player|p2|\n|l|\u2606HamstermaniaCZ\n|player|p1|\n","uploadtime":1720107461,"views":53,"formatid":"gen9vgc2024regg","rating":1727,"private":0,"password":null}