{"id":"gen9vgc2024regg-2155829705","format":"[Gen 9] VGC 2024 Reg G","players":["Therazer456","InfinityGroudon"],"log":"|j|\u2606Therazer456\n|j|\u2606InfinityGroudon\n|t:|1720217020\n|gametype|doubles\n|player|p1|Therazer456|ghetsis|1672\n|player|p2|InfinityGroudon|169|1728\n|teamsize|p1|6\n|teamsize|p2|6\n|gen|9\n|tier|[Gen 9] VGC 2024 Reg G\n|rated|\n|rule|Species Clause: Limit one of each Pok\u00e9mon\n|rule|Item Clause: Limit one of each item\n|clearpoke\n|poke|p1|Calyrex-Ice, L50|\n|poke|p1|Porygon2, L50|\n|poke|p1|Raging Bolt, L50|\n|poke|p1|Incineroar, L50, M|\n|poke|p1|Iron Jugulis, L50|\n|poke|p1|Amoonguss, L50, F|\n|poke|p2|Calyrex-Shadow, L50|\n|poke|p2|Incineroar, L50, M|\n|poke|p2|Weezing-Galar, L50, F|\n|poke|p2|Indeedee-F, L50, F|\n|poke|p2|Iron Valiant, L50|\n|poke|p2|Okidogi, L50, M|\n|teampreview|4\n|\n|t:|1720217042\n|start\n|switch|p1a: Robin|Iron Jugulis, L50, shiny|100\/100\n|switch|p1b: Wreath|Calyrex-Ice, L50|100\/100\n|switch|p2a: Weezing|Weezing-Galar, L50, F|100\/100\n|switch|p2b: Iron Valiant|Iron Valiant, L50, shiny|100\/100\n|-ability|p2a: Weezing|Neutralizing Gas\n|-ability|p1b: Wreath|As One\n|-ability|p1b: Wreath|Unnerve\n|turn|1\n|\n|t:|1720217063\n|-end|p1a: Robin|Quark Drive|[silent]\n|switch|p1a: Rosette|Amoonguss, L50, F, shiny|100\/100\n|-terastallize|p2b: Iron Valiant|Fairy\n|-terastallize|p1b: Wreath|Fire\n|move|p2b: Iron Valiant|Spirit Break|p1a: Rosette\n|-resisted|p1a: Rosette\n|-damage|p1a: Rosette|79\/100\n|move|p2a: Weezing|Taunt|p1b: Wreath\n|-start|p1b: Wreath|move: Taunt\n|move|p1b: Wreath|Glacial Lance|p2b: Iron Valiant|[spread] p2a,p2b\n|-damage|p2a: Weezing|53\/100\n|-damage|p2b: Iron Valiant|34\/100\n|\n|upkeep\n|turn|2\n|\n|t:|1720217106\n|switch|p1a: Robin|Iron Jugulis, L50, shiny|100\/100\n|move|p2b: Iron Valiant|Close Combat|p1b: Wreath\n|-damage|p1b: Wreath|65\/100\n|-unboost|p2b: Iron Valiant|def|1\n|-unboost|p2b: Iron Valiant|spd|1\n|move|p2a: Weezing|Taunt|p1a: Robin\n|-start|p1a: Robin|move: Taunt\n|move|p1b: Wreath|High Horsepower|p2b: Iron Valiant\n|-damage|p2b: Iron Valiant|0 fnt\n|faint|p2b: Iron Valiant\n|-end|p2b: Iron Valiant|Quark Drive|[silent]\n|-ability|p1b: Wreath|Chilling Neigh|boost\n|-boost|p1b: Wreath|atk|1\n|\n|upkeep\n|\n|t:|1720217122\n|switch|p2b: Incineroar|Incineroar, L50, M|100\/100\n|-ability|p2b: Incineroar|Intimidate|boost\n|-unboost|p1a: Robin|atk|1\n|-fail|p1b: Wreath|unboost|[from] item: Clear Amulet|[of] p1b: Wreath\n|turn|3\n|\n|t:|1720217165\n|-end|p1a: Robin|Quark Drive|[silent]\n|switch|p1a: Orion|Incineroar, L50, M, shiny|100\/100\n|move|p2b: Incineroar|Fake Out|p1b: Wreath\n|-damage|p1b: Wreath|59\/100\n|move|p2a: Weezing|Sludge Bomb|p1b: Wreath\n|-damage|p1b: Wreath|40\/100\n|-status|p1b: Wreath|psn\n|cant|p1b: Wreath|flinch\n|\n|-damage|p1b: Wreath|28\/100 psn|[from] psn\n|-end|p1b: Wreath|move: Taunt\n|upkeep\n|turn|4\n|\n|t:|1720217194\n|move|p1a: Orion|Parting Shot|p2b: Incineroar\n|-unboost|p2b: Incineroar|atk|1\n|-unboost|p2b: Incineroar|spa|1\n|\n|t:|1720217198\n|switch|p1a: Robin|Iron Jugulis, L50, shiny|100\/100|[from] Parting Shot\n|move|p2a: Weezing|Sludge Bomb|p1b: Wreath\n|-crit|p1b: Wreath\n|-damage|p1b: Wreath|2\/100 psn\n|move|p2b: Incineroar|Knock Off|p1b: Wreath\n|-damage|p1b: Wreath|0 fnt\n|-enditem|p1b: Wreath|Clear Amulet|[from] move: Knock Off|[of] p2b: Incineroar\n|faint|p1b: Wreath\n|\n|upkeep\n|\n|t:|1720217207\n|switch|p1b: Orion|Incineroar, L50, M, shiny|100\/100\n|turn|5\n|\n|t:|1720217219\n|move|p1a: Robin|Protect|p1a: Robin\n|-singleturn|p1a: Robin|Protect\n|move|p2a: Weezing|Protect|p2a: Weezing\n|-singleturn|p2a: Weezing|Protect\n|move|p1b: Orion|Knock Off|p2a: Weezing\n|-activate|p2a: Weezing|move: Protect\n|move|p2b: Incineroar|Parting Shot|p1a: Robin\n|-activate|p1a: Robin|move: Protect\n|\n|upkeep\n|turn|6\n|\n|t:|1720217233\n|move|p1a: Robin|Taunt|p2b: Incineroar\n|-start|p2b: Incineroar|move: Taunt\n|move|p1b: Orion|Knock Off|p2a: Weezing\n|-resisted|p2a: Weezing\n|-damage|p2a: Weezing|32\/100\n|-enditem|p2a: Weezing|Sitrus Berry|[from] move: Knock Off|[of] p1b: Orion\n|move|p2a: Weezing|Sludge Bomb|p1a: Robin\n|-damage|p1a: Robin|75\/100\n|cant|p2b: Incineroar|move: Taunt|Parting Shot\n|\n|upkeep\n|turn|7\n|\n|t:|1720217254\n|move|p1a: Robin|Air Slash|p2a: Weezing\n|-damage|p2a: Weezing|0 fnt\n|faint|p2a: Weezing\n|-end|p2a: Weezing|ability: Neutralizing Gas\n|-ability|p1b: Orion|Intimidate|boost\n|-unboost|p2b: Incineroar|atk|1\n|-enditem|p1a: Robin|Booster Energy\n|-activate|p1a: Robin|ability: Quark Drive|[fromitem]\n|-start|p1a: Robin|quarkdrivespe\n|move|p1b: Orion|Knock Off|p2b: Incineroar\n|-resisted|p2b: Incineroar\n|-damage|p2b: Incineroar|80\/100\n|-enditem|p2b: Incineroar|Ability Shield|[from] move: Knock Off|[of] p1b: Orion\n|move|p2b: Incineroar|Knock Off|p1b: Orion\n|-resisted|p1b: Orion\n|-damage|p1b: Orion|92\/100\n|-enditem|p1b: Orion|Safety Goggles|[from] move: Knock Off|[of] p2b: Incineroar\n|\n|upkeep\n|\n|t:|1720217262\n|switch|p2a: Calyrex|Calyrex-Shadow, L50|100\/100\n|-ability|p2a: Calyrex|As One\n|-ability|p2a: Calyrex|Unnerve\n|turn|8\n|\n|t:|1720217275\n|move|p1a: Robin|Protect|p1a: Robin\n|-singleturn|p1a: Robin|Protect\n|move|p2a: Calyrex|Hyper Beam|p1a: Robin\n|-activate|p1a: Robin|move: Protect\n|move|p1b: Orion|Knock Off|p2a: Calyrex\n|-supereffective|p2a: Calyrex\n|-damage|p2a: Calyrex|0 fnt\n|-enditem|p2a: Calyrex|Life Orb|[from] move: Knock Off|[of] p1b: Orion\n|faint|p2a: Calyrex\n|move|p2b: Incineroar|Knock Off|p1b: Orion\n|-resisted|p1b: Orion\n|-crit|p1b: Orion\n|-damage|p1b: Orion|74\/100\n|\n|-end|p2b: Incineroar|move: Taunt\n|upkeep\n|turn|9\n|\n|t:|1720217286\n|move|p1a: Robin|Air Slash|p2b: Incineroar\n|-damage|p2b: Incineroar|58\/100\n|move|p1b: Orion|Flare Blitz|p2b: Incineroar\n|-resisted|p2b: Incineroar\n|-damage|p2b: Incineroar|30\/100\n|-damage|p1b: Orion|65\/100|[from] Recoil\n|move|p2b: Incineroar|Knock Off|p1a: Robin\n|-resisted|p1a: Robin\n|-damage|p1a: Robin|68\/100\n|\n|upkeep\n|turn|10\n|-message|InfinityGroudon forfeited.\n|\n|win|Therazer456\n|raw|Therazer456's rating: 1672 &rarr; <strong>1696<\/strong><br \/>(+24 for winning)\n|raw|InfinityGroudon's rating: 1740 &rarr; <strong>1716<\/strong><br \/>(-24 for losing)\n|l|\u2606InfinityGroudon\n|player|p2|\n|l|\u2606Therazer456\n|player|p1|\n","uploadtime":1720217478,"views":50,"formatid":"gen9vgc2024regg","rating":1696,"private":0,"password":null}