{"id":"gen9vgc2024regg-2155337014","format":"[Gen 9] VGC 2024 Reg G","players":["Dathluke","Waffles4breakfast"],"log":"|j|\u2606Dathluke\n|j|\u2606Waffles4breakfast\n|t:|1720140334\n|gametype|doubles\n|player|p1|Dathluke|larry|1682\n|player|p2|Waffles4breakfast|juggler|1704\n|teamsize|p1|6\n|teamsize|p2|6\n|gen|9\n|tier|[Gen 9] VGC 2024 Reg G\n|rated|\n|rule|Species Clause: Limit one of each Pok\u00e9mon\n|rule|Item Clause: Limit one of each item\n|clearpoke\n|poke|p1|Zamazenta-*, L50|\n|poke|p1|Thundurus, L50, M|\n|poke|p1|Urshifu-*, L50, F|\n|poke|p1|Rillaboom, L50, F|\n|poke|p1|Chien-Pao, L50|\n|poke|p1|Incineroar, L50, F|\n|poke|p2|Kyogre, L50|\n|poke|p2|Tornadus, L50, M|\n|poke|p2|Annihilape, L50, F|\n|poke|p2|Flutter Mane, L50|\n|poke|p2|Dragonite, L50, M|\n|poke|p2|Indeedee-F, L50, F|\n|teampreview|4\nDathluke has agreed to open team sheets.\n|inactive|Battle timer is ON: inactive players will automatically lose when time's up. (requested by Dathluke)\n|\n|t:|1720140359\n|start\n|switch|p1a: Chien-Pao|Chien-Pao, L50|100\/100\n|switch|p1b: Zamazenta|Zamazenta-Crowned, L50|100\/100\n|switch|p2a: Dragonite|Dragonite, L50, M|100\/100\n|switch|p2b: Flutter Mane|Flutter Mane, L50|100\/100\n|-ability|p1a: Chien-Pao|Sword of Ruin\n|-ability|p1b: Zamazenta|Dauntless Shield|boost\n|-boost|p1b: Zamazenta|def|1\n|turn|1\n|\n|t:|1720140380\n|move|p1a: Chien-Pao|Protect|p1a: Chien-Pao\n|-singleturn|p1a: Chien-Pao|Protect\n|move|p2b: Flutter Mane|Dazzling Gleam|p1b: Zamazenta|[spread] p1b\n|-activate|p1a: Chien-Pao|move: Protect\n|-damage|p1b: Zamazenta|80\/100\n|move|p1b: Zamazenta|Heavy Slam|p2b: Flutter Mane\n|-supereffective|p2b: Flutter Mane\n|-enditem|p2b: Flutter Mane|Focus Sash\n|-damage|p2b: Flutter Mane|1\/100\n|move|p2a: Dragonite|Low Kick|p1b: Zamazenta\n|-supereffective|p1b: Zamazenta\n|-crit|p1b: Zamazenta\n|-damage|p1b: Zamazenta|0 fnt\n|faint|p1b: Zamazenta\n|\n|upkeep\n|\n|t:|1720140393\n|switch|p1b: Rillaboom|Rillaboom, L50, F|100\/100\n|-fieldstart|move: Grassy Terrain|[from] ability: Grassy Surge|[of] p1b: Rillaboom\n|turn|2\n|\n|t:|1720140397\n|switch|p2a: Annihilape|Annihilape, L50, F|100\/100\n|move|p1b: Rillaboom|Grassy Glide|p2b: Flutter Mane\n|-damage|p2b: Flutter Mane|0 fnt\n|faint|p2b: Flutter Mane\n|-end|p2b: Flutter Mane|Protosynthesis|[silent]\n|move|p1a: Chien-Pao|Icicle Crash|p2a: Annihilape|[miss]\n|-miss|p1a: Chien-Pao|p2a: Annihilape\n|\n|upkeep\n|\n|t:|1720140401\n|switch|p2b: Dragonite|Dragonite, L50, M|100\/100\n|turn|3\n|\n|t:|1720140408\n|-terastallize|p1a: Chien-Pao|Ghost\n|-terastallize|p2b: Dragonite|Normal\n|move|p2b: Dragonite|Extreme Speed|p1b: Rillaboom\n|-damage|p1b: Rillaboom|11\/100\n|move|p2a: Annihilape|U-turn|p1b: Rillaboom\n|-supereffective|p1b: Rillaboom\n|-damage|p1b: Rillaboom|0 fnt\n|faint|p1b: Rillaboom\n|\n|t:|1720140412\n|switch|p2a: Kyogre|Kyogre, L50|100\/100|[from] U-turn\n|-weather|RainDance|[from] ability: Drizzle|[of] p2a: Kyogre\n|move|p1a: Chien-Pao|Icicle Crash|p2b: Dragonite\n|-damage|p2b: Dragonite|34\/100\n|\n|-weather|RainDance|[upkeep]\n|-heal|p2b: Dragonite|40\/100|[from] Grassy Terrain\n|upkeep\n|\n|t:|1720140415\n|switch|p1b: Thundurus|Thundurus, L50, M|100\/100\n|turn|4\n|\n|t:|1720140423\n|move|p2b: Dragonite|Extreme Speed|p1b: Thundurus\n|-damage|p1b: Thundurus|6\/100\n|move|p1a: Chien-Pao|Throat Chop|p2a: Kyogre\n|-damage|p2a: Kyogre|39\/100\n|-start|p2a: Kyogre|Throat Chop|[silent]\n|move|p1b: Thundurus|Thunderbolt|p2a: Kyogre\n|-supereffective|p2a: Kyogre\n|-damage|p2a: Kyogre|0 fnt\n|faint|p2a: Kyogre\n|\n|-weather|RainDance|[upkeep]\n|-heal|p2b: Dragonite|46\/100|[from] Grassy Terrain\n|upkeep\n|\n|t:|1720140428\n|switch|p2a: Annihilape|Annihilape, L50, F|100\/100\n|turn|5\n|\n|t:|1720140439\n|move|p2b: Dragonite|Extreme Speed|p1b: Thundurus\n|-damage|p1b: Thundurus|0 fnt\n|faint|p1b: Thundurus\n|move|p2a: Annihilape|Shadow Claw|p1a: Chien-Pao\n|-supereffective|p1a: Chien-Pao\n|-damage|p1a: Chien-Pao|31\/100\n|move|p1a: Chien-Pao|Icicle Crash|p2a: Annihilape\n|-damage|p2a: Annihilape|41\/100\n|\n|-weather|RainDance|[upkeep]\n|-heal|p2a: Annihilape|47\/100|[from] Grassy Terrain\n|-heal|p1a: Chien-Pao|37\/100|[from] Grassy Terrain\n|-heal|p2b: Dragonite|52\/100|[from] Grassy Terrain\n|upkeep\n|turn|6\n|\n|t:|1720140447\n|move|p2b: Dragonite|Extreme Speed|p1a: Chien-Pao\n|-immune|p1a: Chien-Pao\n|move|p1a: Chien-Pao|Sucker Punch|p2a: Annihilape\n|-damage|p2a: Annihilape|0 fnt\n|faint|p2a: Annihilape\n|\n|-weather|RainDance|[upkeep]\n|-heal|p1a: Chien-Pao|43\/100|[from] Grassy Terrain\n|-heal|p2b: Dragonite|58\/100|[from] Grassy Terrain\n|-fieldend|move: Grassy Terrain\n|upkeep\n|turn|7\n|\n|t:|1720140460\n|move|p2b: Dragonite|Extreme Speed|p1a: Chien-Pao\n|-immune|p1a: Chien-Pao\n|move|p1a: Chien-Pao|Throat Chop|p2b: Dragonite\n|-damage|p2b: Dragonite|4\/100\n|-start|p2b: Dragonite|Throat Chop|[silent]\n|\n|-weather|none\n|upkeep\n|turn|8\n|\n|t:|1720140464\n|move|p2b: Dragonite|Extreme Speed|p1a: Chien-Pao\n|-immune|p1a: Chien-Pao\n|move|p1a: Chien-Pao|Throat Chop|p2b: Dragonite\n|-damage|p2b: Dragonite|0 fnt\n|faint|p2b: Dragonite\n|\n|win|Dathluke\n|raw|Dathluke's rating: 1682 &rarr; <strong>1703<\/strong><br \/>(+21 for winning)\n|raw|Waffles4breakfast's rating: 1704 &rarr; <strong>1683<\/strong><br \/>(-21 for losing)\n|l|\u2606Waffles4breakfast\n|player|p2|\n|l|\u2606Dathluke\n|player|p1|\n","uploadtime":1720140731,"views":13,"formatid":"gen9vgc2024regg","rating":1683,"private":0,"password":null}