{"id":"gen9vgc2024regg-2156042320","format":"[Gen 9] VGC 2024 Reg G","players":["Doggykiny","tuanzai233"],"log":"|j|\u2606Doggykiny\n|j|\u2606tuanzai233\n|t:|1720253430\n|gametype|doubles\n|player|p1|Doggykiny|cynthia|1700\n|player|p2|tuanzai233|2|1834\n|teamsize|p1|6\n|teamsize|p2|6\n|gen|9\n|tier|[Gen 9] VGC 2024 Reg G\n|rated|\n|rule|Species Clause: Limit one of each Pok\u00e9mon\n|rule|Item Clause: Limit one of each item\n|clearpoke\n|poke|p1|Raging Bolt, L50|\n|poke|p1|Urshifu-*, L50, M|\n|poke|p1|Ogerpon-Cornerstone, L50, F|\n|poke|p1|Calyrex-Ice, L50|\n|poke|p1|Iron Valiant, L50|\n|poke|p1|Pelipper, L50, F|\n|poke|p2|Indeedee-F, L50, F|\n|poke|p2|Torkoal, L50, M|\n|poke|p2|Calyrex-Ice, L50|\n|poke|p2|Annihilape, L50, M|\n|poke|p2|Urshifu-*, L50, M|\n|poke|p2|Brute Bonnet, L50|\n|teampreview|4\n|j| stewpeed\n|\n|t:|1720253451\n|start\n|switch|p1a: Urshifu|Urshifu-Rapid-Strike, L50, M|100\/100\n|switch|p1b: Raging Bolt|Raging Bolt, L50|100\/100\n|switch|p2a: Calyrex|Calyrex-Ice, L50|100\/100\n|switch|p2b: Indeedee|Indeedee-F, L50, F|100\/100\n|-ability|p2a: Calyrex|As One\n|-ability|p2a: Calyrex|Unnerve\n|-fieldstart|move: Psychic Terrain|[from] ability: Psychic Surge|[of] p2b: Indeedee\n|turn|1\n|inactive|Battle timer is ON: inactive players will automatically lose when time's up. (requested by Doggykiny)\n|\n|t:|1720253472\n|-end|p1b: Raging Bolt|Protosynthesis|[silent]\n|switch|p1b: Calyrex|Calyrex-Ice, L50|100\/100\n|-ability|p1b: Calyrex|As One\n|-ability|p1b: Calyrex|Unnerve\n|move|p2b: Indeedee|Follow Me|p2b: Indeedee\n|-singleturn|p2b: Indeedee|move: Follow Me\n|move|p1a: Urshifu|Coaching|p1b: Calyrex\n|-boost|p1b: Calyrex|atk|1\n|-boost|p1b: Calyrex|def|1\n|move|p2a: Calyrex|Trick Room|p2a: Calyrex\n|-fieldstart|move: Trick Room|[of] p2a: Calyrex\n|\n|upkeep\n|turn|2\n|\n|t:|1720253489\n|move|p2a: Calyrex|Glacial Lance|p1a: Urshifu|[spread] p1a,p1b\n|-resisted|p1a: Urshifu\n|-resisted|p1b: Calyrex\n|-damage|p1a: Urshifu|70\/100\n|-damage|p1b: Calyrex|88\/100\n|move|p2b: Indeedee|Dazzling Gleam|p1a: Urshifu|[spread] p1a,p1b\n|-supereffective|p1a: Urshifu\n|-damage|p1a: Urshifu|29\/100\n|-damage|p1b: Calyrex|81\/100\n|move|p1b: Calyrex|Glacial Lance|p2a: Calyrex|[spread] p2a,p2b\n|-resisted|p2a: Calyrex\n|-damage|p2a: Calyrex|73\/100\n|-damage|p2b: Indeedee|16\/100\n|move|p1a: Urshifu|Coaching|p1b: Calyrex\n|-boost|p1b: Calyrex|atk|1\n|-boost|p1b: Calyrex|def|1\n|\n|upkeep\n|turn|3\n|\n|t:|1720253503\n|move|p2b: Indeedee|Helping Hand|p2a: Calyrex\n|-singleturn|p2a: Calyrex|Helping Hand|[of] p2b: Indeedee\n|move|p1a: Urshifu|Detect|p1a: Urshifu\n|-singleturn|p1a: Urshifu|Protect\n|move|p2a: Calyrex|Glacial Lance|p1b: Calyrex|[spread] p1b\n|-activate|p1a: Urshifu|move: Protect\n|-resisted|p1b: Calyrex\n|-damage|p1b: Calyrex|66\/100\n|move|p1b: Calyrex|Glacial Lance|p2a: Calyrex|[spread] p2a,p2b\n|-resisted|p2a: Calyrex\n|-damage|p2a: Calyrex|40\/100\n|-damage|p2b: Indeedee|0 fnt\n|faint|p2b: Indeedee\n|-ability|p1b: Calyrex|Chilling Neigh|boost\n|-boost|p1b: Calyrex|atk|1\n|\n|upkeep\n|\n|t:|1720253506\n|switch|p2b: Brute Bonnet|Brute Bonnet, L50, shiny|100\/100\n|turn|4\n|\n|t:|1720253528\n|-terastallize|p2b: Brute Bonnet|Poison\n|move|p2a: Calyrex|Glacial Lance|p1a: Urshifu|[spread] p1a,p1b\n|-resisted|p1a: Urshifu\n|-resisted|p1b: Calyrex\n|-damage|p1a: Urshifu|0 fnt\n|-damage|p1b: Calyrex|56\/100\n|faint|p1a: Urshifu\n|-ability|p2a: Calyrex|Chilling Neigh|boost\n|-boost|p2a: Calyrex|atk|1\n|move|p2b: Brute Bonnet|Spore|p1b: Calyrex\n|-status|p1b: Calyrex|slp|[from] move: Spore\n|cant|p1b: Calyrex|slp\n|\n|upkeep\n|j| hachiware\n|\n|t:|1720253536\n|switch|p1a: Raging Bolt|Raging Bolt, L50|100\/100\n|turn|5\n|\n|t:|1720253550\n|-terastallize|p1a: Raging Bolt|Electric\n|move|p1a: Raging Bolt|Thunderclap|p2a: Calyrex\n|-activate|p2a: Calyrex|move: Psychic Terrain\n|move|p2a: Calyrex|Glacial Lance|p1b: Calyrex|[spread] p1a,p1b\n|-resisted|p1b: Calyrex\n|-damage|p1a: Raging Bolt|15\/100\n|-damage|p1b: Calyrex|42\/100 slp\n|move|p2b: Brute Bonnet|Pollen Puff|p2a: Calyrex\n|-heal|p2a: Calyrex|90\/100\n|-curestatus|p1b: Calyrex|slp|[msg]\n|move|p1b: Calyrex|Glacial Lance|p2b: Brute Bonnet|[spread] p2a,p2b\n|-resisted|p2a: Calyrex\n|-damage|p2a: Calyrex|43\/100\n|-damage|p2b: Brute Bonnet|9\/100\n|\n|-fieldend|move: Trick Room\n|-fieldend|move: Psychic Terrain\n|upkeep\n|turn|6\n|\n|t:|1720253566\n|move|p2b: Brute Bonnet|Rage Powder|p2b: Brute Bonnet\n|-singleturn|p2b: Brute Bonnet|move: Rage Powder\n|move|p1a: Raging Bolt|Thunderbolt|p2b: Brute Bonnet\n|-damage|p2b: Brute Bonnet|0 fnt\n|faint|p2b: Brute Bonnet\n|-end|p2b: Brute Bonnet|Protosynthesis|[silent]\n|-damage|p1a: Raging Bolt|5\/100|[from] item: Life Orb\n|move|p1b: Calyrex|Glacial Lance|p2a: Calyrex\n|-resisted|p2a: Calyrex\n|-damage|p2a: Calyrex|0 fnt\n|faint|p2a: Calyrex\n|-ability|p1b: Calyrex|Chilling Neigh|boost\n|-boost|p1b: Calyrex|atk|1\n|\n|upkeep\n|-message|tuanzai233 forfeited.\n|\n|win|Doggykiny\n|raw|Doggykiny's rating: 1700 &rarr; <strong>1727<\/strong><br \/>(+27 for winning)\n|raw|tuanzai233's rating: 1834 &rarr; <strong>1807<\/strong><br \/>(-27 for losing)\n|l|\u2606tuanzai233\n|player|p2|\n|l| stewpeed\n|l|\u2606Doggykiny\n|player|p1|\n|l| hachiware\n","uploadtime":1720253825,"views":18,"formatid":"gen9vgc2024regg","rating":1727,"private":0,"password":null}