{"id":"gen9vgc2024regg-2156272352","format":"[Gen 9] VGC 2024 Reg G","players":["toalhadebumbum","peace at least"],"log":"|j|\u2606toalhadebumbum\n|j|\u2606peace at least\n|t:|1720291164\n|gametype|doubles\n|player|p1|toalhadebumbum|tate|1721\n|player|p2|peace at least|brock|1730\n|teamsize|p1|6\n|teamsize|p2|6\n|gen|9\n|tier|[Gen 9] VGC 2024 Reg G\n|rated|\n|rule|Species Clause: Limit one of each Pok\u00e9mon\n|rule|Item Clause: Limit one of each item\n|clearpoke\n|poke|p1|Terapagos, L50, M|\n|poke|p1|Comfey, L50, M|\n|poke|p1|Incineroar, L50, F|\n|poke|p1|Rillaboom, L50, M|\n|poke|p1|Urshifu-*, L50, M|\n|poke|p1|Flutter Mane, L50|\n|poke|p2|Calyrex-Ice, L50|\n|poke|p2|Farigiraf, L50, M|\n|poke|p2|Incineroar, L50, M|\n|poke|p2|Rillaboom, L50, F|\n|poke|p2|Amoonguss, L50, M|\n|poke|p2|Urshifu-*, L50, F|\n|teampreview|4\n|c|\u2606peace at least|po irmao\n|c|\u2606peace at least|isso \u00e9 nome pai\n|c|\u2606peace at least|ASIOJDFASIOJFASIOJDIOAS\n|inactive|Battle timer is ON: inactive players will automatically lose when time's up. (requested by peace at least)\n|\n|t:|1720291200\n|start\n|switch|p1a: Comfey|Comfey, L50, M|100\/100\n|switch|p1b: Terapagos|Terapagos, L50, M|100\/100\n|switch|p2a: Urshifu|Urshifu-Rapid-Strike, L50, F|100\/100\n|switch|p2b: Rillaboom|Rillaboom, L50, F|100\/100\n|-activate|p1b: Terapagos|ability: Tera Shift\n|detailschange|p1b: Terapagos|Terapagos-Terastal, L50, M\n|-heal|p1b: Terapagos|100\/100|[silent]\n|-fieldstart|move: Grassy Terrain|[from] ability: Grassy Surge|[of] p2b: Rillaboom\n|turn|1\n|inactive|toalhadebumbum has 30 seconds left.\n|\n|t:|1720291235\n|switch|p1b: Rillaboom|Rillaboom, L50, M|100\/100\n|-terastallize|p2a: Urshifu|Water\n|move|p1a: Comfey|Draining Kiss|p2a: Urshifu\n|-damage|p2a: Urshifu|79\/100\n|move|p2b: Rillaboom|Grassy Glide|p1b: Rillaboom\n|-resisted|p1b: Rillaboom\n|-damage|p1b: Rillaboom|76\/100\n|move|p2a: Urshifu|Close Combat|p1b: Rillaboom\n|-damage|p1b: Rillaboom|11\/100\n|-unboost|p2a: Urshifu|def|1\n|-unboost|p2a: Urshifu|spd|1\n|\n|-heal|p2a: Urshifu|85\/100|[from] Grassy Terrain\n|-heal|p1b: Rillaboom|17\/100|[from] Grassy Terrain\n|upkeep\n|turn|2\n|j| SkelyStealth\n|\n|t:|1720291259\n|switch|p2a: Farigiraf|Farigiraf, L50, M|100\/100\n|switch|p1b: Incineroar|Incineroar, L50, F|100\/100\n|-ability|p1b: Incineroar|Intimidate|boost\n|-unboost|p2a: Farigiraf|atk|1\n|-unboost|p2b: Rillaboom|atk|1\n|move|p1a: Comfey|Draining Kiss||[still]\n|cant|p2a: Farigiraf|ability: Armor Tail|Draining Kiss|[of] p1a: Comfey\n|move|p2b: Rillaboom|Grassy Glide|p1a: Comfey\n|-damage|p1a: Comfey|61\/100\n|\n|-heal|p1a: Comfey|66\/100|[from] Grassy Terrain\n|upkeep\n|turn|3\n|l| SkelyStealth\n|inactive|toalhadebumbum has 30 seconds left.\n|\n|t:|1720291288\n|switch|p1a: Terapagos|Terapagos-Terastal, L50, M|100\/100\n|switch|p2b: Urshifu|Urshifu-Rapid-Strike, L50, F, tera:Water|85\/100\n|move|p1b: Incineroar|Knock Off|p2a: Farigiraf\n|-supereffective|p2a: Farigiraf\n|-damage|p2a: Farigiraf|24\/100\n|-enditem|p2a: Farigiraf|Sitrus Berry|[from] move: Knock Off|[of] p1b: Incineroar\n|move|p2a: Farigiraf|Trick Room|p2a: Farigiraf\n|-fieldstart|move: Trick Room|[of] p2a: Farigiraf\n|\n|-heal|p2a: Farigiraf|30\/100|[from] Grassy Terrain\n|-heal|p2b: Urshifu|91\/100|[from] Grassy Terrain\n|upkeep\n|turn|4\n|inactive|toalhadebumbum has 30 seconds left.\n|inactive|peace at least has 30 seconds left.\n|\n|t:|1720291316\n|-terastallize|p1a: Terapagos|Stellar\n|detailschange|p1a: Terapagos|Terapagos-Stellar, L50, M, tera:Stellar\n|-heal|p1a: Terapagos|100\/100|[silent]\n|-ability|p1a: Terapagos|Teraform Zero\n|-fieldend|move: Grassy Terrain\n|move|p2b: Urshifu|Aqua Jet|p1a: Terapagos\n|-damage|p1a: Terapagos|78\/100\n|move|p2a: Farigiraf|Psychic|p1a: Terapagos\n|-damage|p1a: Terapagos|54\/100\n|move|p1b: Incineroar|Parting Shot|p2a: Farigiraf\n|-unboost|p2a: Farigiraf|atk|1\n|-unboost|p2a: Farigiraf|spa|1\n|\n|t:|1720291330\n|switch|p1b: Comfey|Comfey, L50, M|66\/100|[from] Parting Shot\n|move|p1a: Terapagos|Tera Starstorm|p2a: Farigiraf|[spread] p2a,p2b\n|-supereffective|p2b: Urshifu\n|-damage|p2a: Farigiraf|0 fnt\n|-damage|p2b: Urshifu|0 fnt\n|faint|p2a: Farigiraf\n|faint|p2b: Urshifu\n|\n|upkeep\n|\n|t:|1720291335\n|switch|p2a: Rillaboom|Rillaboom, L50, F|100\/100\n|switch|p2b: Calyrex|Calyrex-Ice, L50|100\/100\n|-ability|p2b: Calyrex|As One\n|-ability|p2b: Calyrex|Unnerve\n|-fieldstart|move: Grassy Terrain|[from] ability: Grassy Surge|[of] p2a: Rillaboom\n|turn|5\n|\n|t:|1720291352\n|move|p1b: Comfey|Protect|p1b: Comfey\n|-singleturn|p1b: Comfey|Protect\n|move|p1a: Terapagos|Protect|p1a: Terapagos\n|-singleturn|p1a: Terapagos|Protect\n|move|p2b: Calyrex|Glacial Lance|p1a: Terapagos|[spread] \n|-activate|p1a: Terapagos|move: Protect\n|-activate|p1b: Comfey|move: Protect\n|move|p2a: Rillaboom|Wood Hammer|p1a: Terapagos\n|-activate|p1a: Terapagos|move: Protect\n|\n|-heal|p1b: Comfey|72\/100|[from] Grassy Terrain\n|-heal|p1a: Terapagos|60\/100|[from] Grassy Terrain\n|upkeep\n|turn|6\n|\n|t:|1720291374\n|move|p1b: Comfey|Floral Healing|p1a: Terapagos\n|-heal|p1a: Terapagos|100\/100\n|move|p2b: Calyrex|Glacial Lance|p1a: Terapagos|[spread] p1a,p1b\n|-damage|p1a: Terapagos|61\/100\n|-damage|p1b: Comfey|5\/100\n|move|p2a: Rillaboom|Wood Hammer|p1a: Terapagos\n|-damage|p1a: Terapagos|0 fnt\n|faint|p1a: Terapagos\n|-damage|p2a: Rillaboom|75\/100|[from] Recoil\n|\n|-heal|p2a: Rillaboom|80\/100|[from] Grassy Terrain\n|-heal|p1b: Comfey|11\/100|[from] Grassy Terrain\n|upkeep\n|\n|t:|1720291390\n|switch|p1a: Incineroar|Incineroar, L50, F|100\/100\n|-ability|p1a: Incineroar|Intimidate|boost\n|-unboost|p2a: Rillaboom|atk|1\n|-fail|p2b: Calyrex|unboost|[from] item: Clear Amulet|[of] p2b: Calyrex\n|turn|7\n|\n|t:|1720291402\n|move|p1b: Comfey|Protect|p1b: Comfey\n|-singleturn|p1b: Comfey|Protect\n|move|p1a: Incineroar|Fake Out|p2b: Calyrex\n|-damage|p2b: Calyrex|93\/100\n|cant|p2b: Calyrex|flinch\n|move|p2a: Rillaboom|Wood Hammer|p1a: Incineroar\n|-resisted|p1a: Incineroar\n|-damage|p1a: Incineroar|63\/100\n|-damage|p2a: Rillaboom|67\/100|[from] Recoil\n|\n|-heal|p2b: Calyrex|99\/100|[from] Grassy Terrain\n|-heal|p1a: Incineroar|69\/100|[from] Grassy Terrain\n|-heal|p2a: Rillaboom|73\/100|[from] Grassy Terrain\n|-heal|p1b: Comfey|16\/100|[from] Grassy Terrain\n|-fieldend|move: Trick Room\n|upkeep\n|turn|8\n|\n|t:|1720291421\n|move|p1b: Comfey|Floral Healing|p1a: Incineroar\n|-heal|p1a: Incineroar|100\/100\n|move|p2a: Rillaboom|Wood Hammer|p1b: Comfey\n|-damage|p1b: Comfey|0 fnt\n|faint|p1b: Comfey\n|-damage|p2a: Rillaboom|69\/100|[from] Recoil\n|move|p1a: Incineroar|Knock Off|p2b: Calyrex\n|-supereffective|p2b: Calyrex\n|-damage|p2b: Calyrex|50\/100\n|-enditem|p2b: Calyrex|Clear Amulet|[from] move: Knock Off|[of] p1a: Incineroar\n|move|p2b: Calyrex|Trick Room|p2b: Calyrex\n|-fieldstart|move: Trick Room|[of] p2b: Calyrex\n|\n|-heal|p2b: Calyrex|56\/100|[from] Grassy Terrain\n|-heal|p2a: Rillaboom|75\/100|[from] Grassy Terrain\n|upkeep\n|\n|t:|1720291434\n|switch|p1b: Rillaboom|Rillaboom, L50, M|17\/100\n|turn|9\n|\n|t:|1720291441\n|move|p2b: Calyrex|Protect|p2b: Calyrex\n|-singleturn|p2b: Calyrex|Protect\n|move|p1b: Rillaboom|Fake Out|p2b: Calyrex\n|-activate|p2b: Calyrex|move: Protect\n|move|p1a: Incineroar|Flare Blitz|p2b: Calyrex\n|-activate|p2b: Calyrex|move: Protect\n|move|p2a: Rillaboom|Wood Hammer|p1b: Rillaboom\n|-resisted|p1b: Rillaboom\n|-damage|p1b: Rillaboom|0 fnt\n|faint|p1b: Rillaboom\n|-damage|p2a: Rillaboom|69\/100|[from] Recoil\n|\n|-heal|p2b: Calyrex|62\/100|[from] Grassy Terrain\n|-heal|p2a: Rillaboom|75\/100|[from] Grassy Terrain\n|-fieldend|move: Grassy Terrain\n|upkeep\n|turn|10\n|\n|t:|1720291451\n|move|p2b: Calyrex|High Horsepower|p1a: Incineroar\n|-supereffective|p1a: Incineroar\n|-damage|p1a: Incineroar|21\/100\n|move|p1a: Incineroar|Flare Blitz|p2b: Calyrex\n|-supereffective|p2b: Calyrex\n|-damage|p2b: Calyrex|3\/100\n|-damage|p1a: Incineroar|2\/100|[from] Recoil\n|move|p2a: Rillaboom|Wood Hammer|p1a: Incineroar\n|-resisted|p1a: Incineroar\n|-damage|p1a: Incineroar|0 fnt\n|faint|p1a: Incineroar\n|-damage|p2a: Rillaboom|74\/100|[from] Recoil\n|\n|win|peace at least\n|raw|toalhadebumbum's rating: 1721 &rarr; <strong>1702<\/strong><br \/>(-19 for losing)\n|raw|peace at least's rating: 1730 &rarr; <strong>1749<\/strong><br \/>(+19 for winning)\n|l|toalhadebumbum\n|j| jovemmin mau01\n|l|\u2606peace at least\n|player|p2|\n","uploadtime":1720291706,"views":37,"formatid":"gen9vgc2024regg","rating":1702,"private":0,"password":null}