{"id":"gen9vgc2024regg-2156043736","format":"[Gen 9] VGC 2024 Reg G","players":["Doggykiny","tuanzai233"],"log":"|j|\u2606Doggykiny\n|j|\u2606tuanzai233\n|t:|1720253760\n|gametype|doubles\n|player|p1|Doggykiny|cynthia|1710\n|player|p2|tuanzai233|2|1795\n|teamsize|p1|6\n|teamsize|p2|6\n|gen|9\n|tier|[Gen 9] VGC 2024 Reg G\n|rated|\n|rule|Species Clause: Limit one of each Pok\u00e9mon\n|rule|Item Clause: Limit one of each item\n|clearpoke\n|poke|p1|Raging Bolt, L50|\n|poke|p1|Urshifu-*, L50, F|\n|poke|p1|Ogerpon-Cornerstone, L50, F|\n|poke|p1|Calyrex-Ice, L50|\n|poke|p1|Iron Valiant, L50|\n|poke|p1|Pelipper, L50, F|\n|poke|p2|Indeedee-F, L50, F|\n|poke|p2|Torkoal, L50, M|\n|poke|p2|Calyrex-Ice, L50|\n|poke|p2|Annihilape, L50, F|\n|poke|p2|Urshifu-*, L50, F|\n|poke|p2|Brute Bonnet, L50|\n|teampreview|4\n|inactive|Battle timer is ON: inactive players will automatically lose when time's up. (requested by Doggykiny)\n|\n|t:|1720253788\n|start\n|switch|p1a: Urshifu|Urshifu-Rapid-Strike, L50, F|100\/100\n|switch|p1b: Ogerpon|Ogerpon-Cornerstone, L50, F|100\/100\n|switch|p2a: Calyrex|Calyrex-Ice, L50|100\/100\n|switch|p2b: Annihilape|Annihilape, L50, F|100\/100\n|-ability|p2a: Calyrex|As One\n|-ability|p2a: Calyrex|Unnerve\n|turn|1\n|j| stewpeed\n|j| Disscratch\n|\n|t:|1720253807\n|switch|p2a: Brute Bonnet|Brute Bonnet, L50, shiny|100\/100\n|move|p2b: Annihilape|Close Combat|p1b: Ogerpon\n|-supereffective|p1b: Ogerpon\n|-ability|p1b: Ogerpon|Sturdy\n|-damage|p1b: Ogerpon|1\/100\n|-unboost|p2b: Annihilape|def|1\n|-unboost|p2b: Annihilape|spd|1\n|move|p1b: Ogerpon|Ivy Cudgel|p2a: Brute Bonnet|[anim] Ivy Cudgel Rock\n|-damage|p2a: Brute Bonnet|64\/100\n|move|p1a: Urshifu|Surging Strikes|p2a: Brute Bonnet\n|-resisted|p2a: Brute Bonnet\n|-crit|p2a: Brute Bonnet\n|-damage|p2a: Brute Bonnet|57\/100\n|-resisted|p2a: Brute Bonnet\n|-crit|p2a: Brute Bonnet\n|-damage|p2a: Brute Bonnet|50\/100\n|-enditem|p2a: Brute Bonnet|Sitrus Berry|[eat]\n|-heal|p2a: Brute Bonnet|74\/100|[from] item: Sitrus Berry\n|-resisted|p2a: Brute Bonnet\n|-crit|p2a: Brute Bonnet\n|-damage|p2a: Brute Bonnet|67\/100\n|-hitcount|p2a: Brute Bonnet|3\n|\n|upkeep\n|turn|2\n|\n|t:|1720253819\n|-terastallize|p2a: Brute Bonnet|Poison\n|move|p1b: Ogerpon|Follow Me|p1b: Ogerpon\n|-singleturn|p1b: Ogerpon|move: Follow Me\n|move|p2b: Annihilape|Close Combat|p1b: Ogerpon\n|-supereffective|p1b: Ogerpon\n|-damage|p1b: Ogerpon|0 fnt\n|-unboost|p2b: Annihilape|def|1\n|-unboost|p2b: Annihilape|spd|1\n|faint|p1b: Ogerpon\n|move|p1a: Urshifu|Surging Strikes|p2b: Annihilape\n|-crit|p2b: Annihilape\n|-damage|p2b: Annihilape|58\/100\n|-crit|p2b: Annihilape\n|-damage|p2b: Annihilape|12\/100\n|-crit|p2b: Annihilape\n|-damage|p2b: Annihilape|0 fnt\n|faint|p2b: Annihilape\n|-hitcount|p2: Annihilape|3\n|move|p2a: Brute Bonnet|Spore|p1a: Urshifu\n|-status|p1a: Urshifu|slp|[from] move: Spore\n|\n|upkeep\n|\n|t:|1720253835\n|switch|p1b: Calyrex|Calyrex-Ice, L50|100\/100\n|switch|p2b: Calyrex|Calyrex-Ice, L50|100\/100\n|-ability|p1b: Calyrex|As One\n|-ability|p1b: Calyrex|Unnerve\n|-ability|p2b: Calyrex|As One\n|-ability|p2b: Calyrex|Unnerve\n|turn|3\n|\n|t:|1720253844\n|cant|p1a: Urshifu|slp\n|move|p1b: Calyrex|High Horsepower|p2a: Brute Bonnet\n|-supereffective|p2a: Brute Bonnet\n|-damage|p2a: Brute Bonnet|19\/100\n|move|p2a: Brute Bonnet|Spore|p1b: Calyrex\n|-status|p1b: Calyrex|slp|[from] move: Spore\n|move|p2b: Calyrex|Glacial Lance|p1b: Calyrex|[spread] p1a,p1b\n|-resisted|p1a: Urshifu\n|-resisted|p1b: Calyrex\n|-damage|p1a: Urshifu|68\/100 slp\n|-damage|p1b: Calyrex|82\/100 slp\n|\n|upkeep\n|turn|4\n|\n|t:|1720253857\n|cant|p1a: Urshifu|slp\n|cant|p1b: Calyrex|slp\n|move|p2a: Brute Bonnet|Pollen Puff|p2b: Calyrex\n|-immune|p2b: Calyrex\n|move|p2b: Calyrex|Trick Room|p2b: Calyrex\n|-fieldstart|move: Trick Room|[of] p2b: Calyrex\n|\n|upkeep\n|turn|5\n|\n|t:|1720253864\n|move|p2b: Calyrex|Glacial Lance|p1b: Calyrex|[spread] p1a,p1b\n|-resisted|p1a: Urshifu\n|-resisted|p1b: Calyrex\n|-damage|p1a: Urshifu|36\/100 slp\n|-damage|p1b: Calyrex|60\/100 slp\n|move|p2a: Brute Bonnet|Crunch|p1b: Calyrex\n|-supereffective|p1b: Calyrex\n|-damage|p1b: Calyrex|16\/100 slp\n|-curestatus|p1b: Calyrex|slp|[msg]\n|move|p1b: Calyrex|Glacial Lance|p2a: Brute Bonnet|[spread] p2a,p2b\n|-resisted|p2b: Calyrex\n|-damage|p2a: Brute Bonnet|0 fnt\n|-damage|p2b: Calyrex|84\/100\n|faint|p2a: Brute Bonnet\n|-end|p2a: Brute Bonnet|Protosynthesis|[silent]\n|-ability|p1b: Calyrex|Chilling Neigh|boost\n|-boost|p1b: Calyrex|atk|1\n|cant|p1a: Urshifu|slp\n|\n|upkeep\n|\n|t:|1720253868\n|switch|p2a: Torkoal|Torkoal, L50, M|100\/100\n|-weather|SunnyDay|[from] ability: Drought|[of] p2a: Torkoal\n|turn|6\n|\n|t:|1720253880\n|switch|p1b: Pelipper|Pelipper, L50, F|100\/100\n|-weather|RainDance|[from] ability: Drizzle|[of] p1b: Pelipper\n|-curestatus|p1a: Urshifu|slp|[msg]\n|move|p1a: Urshifu|Detect|p1a: Urshifu\n|-singleturn|p1a: Urshifu|Protect\n|move|p2a: Torkoal|Eruption|p1b: Pelipper|[spread] p1b\n|-activate|p1a: Urshifu|move: Protect\n|-resisted|p1b: Pelipper\n|-damage|p1b: Pelipper|83\/100\n|move|p2b: Calyrex|Glacial Lance|p1a: Urshifu|[spread] p1b\n|-activate|p1a: Urshifu|move: Protect\n|-damage|p1b: Pelipper|23\/100\n|\n|-weather|RainDance|[upkeep]\n|upkeep\n|turn|7\n|\n|t:|1720253902\n|move|p1b: Pelipper|Wide Guard|p1b: Pelipper\n|-singleturn|p1b: Pelipper|Wide Guard\n|move|p2a: Torkoal|Weather Ball|p1a: Urshifu\n|-resisted|p1a: Urshifu\n|-damage|p1a: Urshifu|3\/100\n|move|p2b: Calyrex|Glacial Lance|p1b: Pelipper|[spread] \n|-activate|p1a: Urshifu|move: Wide Guard\n|-activate|p1b: Pelipper|move: Wide Guard\n|move|p1a: Urshifu|Surging Strikes|p2b: Calyrex\n|-crit|p2b: Calyrex\n|-damage|p2b: Calyrex|65\/100\n|-crit|p2b: Calyrex\n|-damage|p2b: Calyrex|43\/100\n|-crit|p2b: Calyrex\n|-damage|p2b: Calyrex|21\/100\n|-hitcount|p2b: Calyrex|3\n|\n|-weather|RainDance|[upkeep]\n|upkeep\n|turn|8\n|\n|t:|1720253923\n|move|p1a: Urshifu|Detect|p1a: Urshifu\n|-singleturn|p1a: Urshifu|Protect\n|move|p2a: Torkoal|Weather Ball|p1b: Pelipper\n|-resisted|p1b: Pelipper\n|-damage|p1b: Pelipper|0 fnt\n|faint|p1b: Pelipper\n|move|p2b: Calyrex|High Horsepower|p1a: Urshifu\n|-activate|p1a: Urshifu|move: Protect\n|\n|-weather|RainDance|[upkeep]\n|-fieldend|move: Trick Room\n|upkeep\n|\n|t:|1720253929\n|switch|p1b: Calyrex|Calyrex-Ice, L50|16\/100\n|-ability|p1b: Calyrex|As One\n|-ability|p1b: Calyrex|Unnerve\n|turn|9\n|\n|t:|1720253942\n|move|p1a: Urshifu|Surging Strikes|p2a: Torkoal\n|-supereffective|p2a: Torkoal\n|-crit|p2a: Torkoal\n|-damage|p2a: Torkoal|52\/100\n|-supereffective|p2a: Torkoal\n|-crit|p2a: Torkoal\n|-damage|p2a: Torkoal|0 fnt\n|faint|p2a: Torkoal\n|-hitcount|p2: Torkoal|2\n|move|p1b: Calyrex|Crunch|p2b: Calyrex\n|-supereffective|p2b: Calyrex\n|-damage|p2b: Calyrex|0 fnt\n|faint|p2b: Calyrex\n|\n|win|Doggykiny\n|raw|Doggykiny's rating: 1710 &rarr; <strong>1735<\/strong><br \/>(+25 for winning)\n|raw|tuanzai233's rating: 1795 &rarr; <strong>1770<\/strong><br \/>(-25 for losing)\n|l|\u2606tuanzai233\n|player|p2|\n|l| stewpeed\n|l|\u2606Doggykiny\n|player|p1|\n|l| Disscratch\n","uploadtime":1720254105,"views":40,"formatid":"gen9vgc2024regg","rating":1735,"private":0,"password":null}