{"id":"gen9vgc2024regg-2156045269","format":"[Gen 9] VGC 2024 Reg G","players":["gilmoori","tuanzai233"],"log":"|j|\u2606gilmoori\n|j|\u2606tuanzai233\n|t:|1720254135\n|gametype|doubles\n|player|p1|gilmoori|pokefanf-gen4|1725\n|player|p2|tuanzai233|2|1785\n|teamsize|p1|6\n|teamsize|p2|6\n|gen|9\n|tier|[Gen 9] VGC 2024 Reg G\n|rated|\n|rule|Species Clause: Limit one of each Pok\u00e9mon\n|rule|Item Clause: Limit one of each item\n|clearpoke\n|poke|p1|Whimsicott, L50, M|\n|poke|p1|Flutter Mane, L50|\n|poke|p1|Calyrex-Shadow, L50|\n|poke|p1|Iron Hands, L50|\n|poke|p1|Clefairy, L50, F|\n|poke|p1|Ogerpon-Cornerstone, L50, F|\n|poke|p2|Indeedee-F, L50, F|\n|poke|p2|Torkoal, L50, M|\n|poke|p2|Calyrex-Ice, L50|\n|poke|p2|Annihilape, L50, F|\n|poke|p2|Urshifu-*, L50, M|\n|poke|p2|Brute Bonnet, L50|\n|teampreview|4\n|inactive|Battle timer is ON: inactive players will automatically lose when time's up. (requested by gilmoori)\n|\n|t:|1720254155\n|start\n|switch|p1a: Flotte-M\u00e8che|Flutter Mane, L50|100\/100\n|switch|p1b: Gilmour|Ogerpon-Cornerstone, L50, F|100\/100\n|switch|p2a: Calyrex|Calyrex-Ice, L50|100\/100\n|switch|p2b: Indeedee|Indeedee-F, L50, F|100\/100\n|-ability|p2a: Calyrex|As One\n|-ability|p2a: Calyrex|Unnerve\n|-fieldstart|move: Psychic Terrain|[from] ability: Psychic Surge|[of] p2b: Indeedee\n|turn|1\n|\n|t:|1720254170\n|move|p2b: Indeedee|Follow Me|p2b: Indeedee\n|-singleturn|p2b: Indeedee|move: Follow Me\n|move|p1a: Flotte-M\u00e8che|Moonblast|p2b: Indeedee\n|-damage|p2b: Indeedee|32\/100\n|-unboost|p2b: Indeedee|spa|1\n|move|p1b: Gilmour|Ivy Cudgel|p2b: Indeedee|[anim] Ivy Cudgel Rock\n|-crit|p2b: Indeedee\n|-damage|p2b: Indeedee|0 fnt\n|faint|p2b: Indeedee\n|move|p2a: Calyrex|Trick Room|p2a: Calyrex\n|-fieldstart|move: Trick Room|[of] p2a: Calyrex\n|\n|upkeep\n|\n|t:|1720254180\n|switch|p2b: Torkoal|Torkoal, L50, M|100\/100\n|-weather|SunnyDay|[from] ability: Drought|[of] p2b: Torkoal\n|-activate|p1a: Flotte-M\u00e8che|ability: Protosynthesis\n|-start|p1a: Flotte-M\u00e8che|protosynthesisspa\n|turn|2\n|inactive|gilmoori has 30 seconds left.\n|inactive|gilmoori has 20 seconds left.\n|\n|t:|1720254220\n|-end|p1a: Flotte-M\u00e8che|Protosynthesis|[silent]\n|switch|p1a: Piepi|Clefairy, L50, F, shiny|100\/100\n|-terastallize|p1b: Gilmour|Rock\n|detailschange|p1b: Gilmour|Ogerpon-Cornerstone-Tera, L50, F, tera:Rock\n|-ability|p1b: Gilmour|Embody Aspect (Cornerstone)|boost\n|-boost|p1b: Gilmour|def|1\n|move|p2b: Torkoal|Eruption|p1a: Piepi|[spread] p1a,p1b\n|-resisted|p1b: Gilmour\n|-damage|p1a: Piepi|12\/100\n|-damage|p1b: Gilmour|59\/100\n|move|p2a: Calyrex|Glacial Lance|p1a: Piepi|[spread] p1a,p1b\n|-damage|p1a: Piepi|0 fnt\n|-damage|p1b: Gilmour|17\/100\n|faint|p1a: Piepi\n|-ability|p2a: Calyrex|Chilling Neigh|boost\n|-boost|p2a: Calyrex|atk|1\n|move|p1b: Gilmour|Ivy Cudgel|p2b: Torkoal|[anim] Ivy Cudgel Rock\n|-supereffective|p2b: Torkoal\n|-damage|p2b: Torkoal|0 fnt\n|faint|p2b: Torkoal\n|\n|-weather|SunnyDay|[upkeep]\n|upkeep\n|\n|t:|1720254240\n|switch|p2b: Brute Bonnet|Brute Bonnet, L50, shiny|100\/100\n|switch|p1a: Shamone Rider|Calyrex-Shadow, L50|100\/100\n|-ability|p1a: Shamone Rider|As One\n|-ability|p1a: Shamone Rider|Unnerve\n|-activate|p2b: Brute Bonnet|ability: Protosynthesis\n|-start|p2b: Brute Bonnet|protosynthesisdef\n|turn|3\n|\n|t:|1720254249\n|move|p1b: Gilmour|Spiky Shield|p1b: Gilmour\n|-singleturn|p1b: Gilmour|move: Protect\n|move|p1a: Shamone Rider|Protect|p1a: Shamone Rider\n|-singleturn|p1a: Shamone Rider|Protect\n|move|p2a: Calyrex|Glacial Lance|p1b: Gilmour|[spread] \n|-activate|p1a: Shamone Rider|move: Protect\n|-activate|p1b: Gilmour|move: Protect\n|move|p2b: Brute Bonnet|Crunch|p1a: Shamone Rider\n|-activate|p1a: Shamone Rider|move: Protect\n|\n|-weather|SunnyDay|[upkeep]\n|upkeep\n|turn|4\n|inactive|gilmoori has 30 seconds left.\n|j| Jenthai\n|inactive|gilmoori has 20 seconds left.\n|inactive|gilmoori has 15 seconds left.\n|inactive|gilmoori has 10 seconds left.\n|\n|t:|1720254297\n|switch|p1a: Flotte-M\u00e8che|Flutter Mane, L50|100\/100\n|-activate|p1a: Flotte-M\u00e8che|ability: Protosynthesis\n|-start|p1a: Flotte-M\u00e8che|protosynthesisspa\n|move|p1b: Gilmour|Spiky Shield||[still]\n|-fail|p1b: Gilmour\n|move|p2a: Calyrex|Glacial Lance|p1b: Gilmour|[spread] p1a,p1b\n|-damage|p1a: Flotte-M\u00e8che|0 fnt\n|-damage|p1b: Gilmour|0 fnt\n|faint|p1a: Flotte-M\u00e8che\n|-end|p1a: Flotte-M\u00e8che|Protosynthesis|[silent]\n|faint|p1b: Gilmour\n|-ability|p2a: Calyrex|Chilling Neigh|boost\n|-boost|p2a: Calyrex|atk|2\n|move|p2b: Brute Bonnet|Crunch|p1: Flotte-M\u00e8che|[notarget]\n|-fail|p2b: Brute Bonnet\n|\n|-weather|SunnyDay|[upkeep]\n|upkeep\n|\n|t:|1720254300\n|switch|p1b: Shamone Rider|Calyrex-Shadow, L50|100\/100\n|-ability|p1b: Shamone Rider|As One\n|-ability|p1b: Shamone Rider|Unnerve\n|turn|5\n|\n|t:|1720254310\n|move|p1b: Shamone Rider|Protect|p1b: Shamone Rider\n|-singleturn|p1b: Shamone Rider|Protect\n|move|p2a: Calyrex|Glacial Lance|p1b: Shamone Rider\n|-activate|p1b: Shamone Rider|move: Protect\n|move|p2b: Brute Bonnet|Crunch|p1b: Shamone Rider\n|-activate|p1b: Shamone Rider|move: Protect\n|\n|-weather|SunnyDay|[upkeep]\n|-fieldend|move: Trick Room\n|-fieldend|move: Psychic Terrain\n|upkeep\n|turn|6\n|\n|t:|1720254324\n|-terastallize|p2a: Calyrex|Fire\n|move|p1b: Shamone Rider|Astral Barrage|p2a: Calyrex|[spread] p2a,p2b\n|-resisted|p2b: Brute Bonnet\n|-damage|p2a: Calyrex|61\/100\n|-damage|p2b: Brute Bonnet|76\/100\n|move|p2b: Brute Bonnet|Crunch|p1b: Shamone Rider\n|-supereffective|p1b: Shamone Rider\n|-damage|p1b: Shamone Rider|0 fnt\n|faint|p1b: Shamone Rider\n|\n|win|tuanzai233\n|raw|gilmoori's rating: 1725 &rarr; <strong>1708<\/strong><br \/>(-17 for losing)\n|raw|tuanzai233's rating: 1785 &rarr; <strong>1802<\/strong><br \/>(+17 for winning)\n|l|\u2606gilmoori\n|player|p1|\n|l| Jenthai\n|l|\u2606tuanzai233\n|player|p2|\n","uploadtime":1720254522,"views":37,"formatid":"gen9vgc2024regg","rating":1708,"private":0,"password":null}