{"id":"gen9vgc2024regg-2156462203","format":"[Gen 9] VGC 2024 Reg G","players":["Daleg","tuanzai233"],"log":"|j|\u2606Daleg\n|j|\u2606tuanzai233\n|t:|1720317650\n|gametype|doubles\n|player|p1|Daleg|1|1773\n|player|p2|tuanzai233|266|1781\n|teamsize|p1|6\n|teamsize|p2|6\n|gen|9\n|tier|[Gen 9] VGC 2024 Reg G\n|rated|\n|rule|Species Clause: Limit one of each Pok\u00e9mon\n|rule|Item Clause: Limit one of each item\n|clearpoke\n|poke|p1|Zamazenta-*, L50|\n|poke|p1|Chien-Pao, L50|\n|poke|p1|Amoonguss, L50, M|\n|poke|p1|Raging Bolt, L50|\n|poke|p1|Flutter Mane, L50|\n|poke|p1|Iron Treads, L50|\n|poke|p2|Indeedee-F, L50, F|\n|poke|p2|Torkoal, L50, M|\n|poke|p2|Calyrex-Ice, L50|\n|poke|p2|Annihilape, L50, F|\n|poke|p2|Urshifu-*, L50, F|\n|poke|p2|Brute Bonnet, L50|\n|teampreview|4\n|inactive|Battle timer is ON: inactive players will automatically lose when time's up. (requested by tuanzai233)\n|\n|t:|1720317687\n|start\n|switch|p1a: Chien-Pao|Chien-Pao, L50|100\/100\n|switch|p1b: Zamazenta|Zamazenta-Crowned, L50|100\/100\n|switch|p2a: Calyrex|Calyrex-Ice, L50|100\/100\n|switch|p2b: Annihilape|Annihilape, L50, F|100\/100\n|-ability|p2a: Calyrex|As One\n|-ability|p2a: Calyrex|Unnerve\n|-ability|p1a: Chien-Pao|Sword of Ruin\n|-ability|p1b: Zamazenta|Dauntless Shield|boost\n|-boost|p1b: Zamazenta|def|1\n|turn|1\n|j| Most Bread\n|\n|t:|1720317706\n|move|p2a: Calyrex|Protect|p2a: Calyrex\n|-singleturn|p2a: Calyrex|Protect\n|move|p1a: Chien-Pao|Sucker Punch||[still]\n|-fail|p1a: Chien-Pao\n|move|p2b: Annihilape|Coaching|p2a: Calyrex\n|-boost|p2a: Calyrex|atk|1\n|-boost|p2a: Calyrex|def|1\n|move|p1b: Zamazenta|Iron Defense|p1b: Zamazenta\n|-boost|p1b: Zamazenta|def|2\n|\n|upkeep\n|turn|2\n|inactive|Daleg has 30 seconds left.\n|\n|t:|1720317735\n|-terastallize|p2a: Calyrex|Fire\n|move|p2b: Annihilape|Coaching|p2a: Calyrex\n|-boost|p2a: Calyrex|atk|1\n|-boost|p2a: Calyrex|def|1\n|move|p1a: Chien-Pao|Throat Chop|p2a: Calyrex\n|-damage|p2a: Calyrex|83\/100\n|-start|p2a: Calyrex|Throat Chop|[silent]\n|move|p1b: Zamazenta|Body Press|p2a: Calyrex\n|-damage|p2a: Calyrex|36\/100\n|move|p2a: Calyrex|Trick Room|p2a: Calyrex\n|-fieldstart|move: Trick Room|[of] p2a: Calyrex\n|\n|upkeep\n|turn|3\n|inactive|Daleg has 30 seconds left.\n|\n|t:|1720317769\n|switch|p1a: Amoonguss|Amoonguss, L50, M|100\/100\n|switch|p2b: Brute Bonnet|Brute Bonnet, L50, shiny|100\/100\n|move|p2a: Calyrex|Protect|p2a: Calyrex\n|-singleturn|p2a: Calyrex|Protect\n|move|p1b: Zamazenta|Wide Guard||[still]\n|-fail|p1b: Zamazenta\n|\n|-end|p2a: Calyrex|Throat Chop|[silent]\n|upkeep\n|turn|4\n|\n|t:|1720317789\n|-terastallize|p1b: Zamazenta|Grass\n|move|p1a: Amoonguss|Spore|p2a: Calyrex\n|-status|p2a: Calyrex|slp|[from] move: Spore\n|cant|p2a: Calyrex|slp\n|move|p2b: Brute Bonnet|Spore|p1b: Zamazenta\n|-immune|p1b: Zamazenta\n|move|p1b: Zamazenta|Body Press|p2b: Brute Bonnet\n|-supereffective|p2b: Brute Bonnet\n|-damage|p2b: Brute Bonnet|0 fnt\n|faint|p2b: Brute Bonnet\n|-end|p2b: Brute Bonnet|Protosynthesis|[silent]\n|\n|upkeep\n|\n|t:|1720317792\n|switch|p2b: Torkoal|Torkoal, L50, M|100\/100\n|-weather|SunnyDay|[from] ability: Drought|[of] p2b: Torkoal\n|turn|5\n|\n|t:|1720317815\n|move|p1b: Zamazenta|Wide Guard|p1b: Zamazenta\n|-singleturn|p1b: Zamazenta|Wide Guard\n|move|p2b: Torkoal|Weather Ball|p1a: Amoonguss\n|-supereffective|p1a: Amoonguss\n|-damage|p1a: Amoonguss|0 fnt\n|faint|p1a: Amoonguss\n|cant|p2a: Calyrex|slp\n|\n|-weather|SunnyDay|[upkeep]\n|upkeep\n|\n|t:|1720317838\n|switch|p1a: Chien-Pao|Chien-Pao, L50|100\/100\n|-ability|p1a: Chien-Pao|Sword of Ruin\n|turn|6\n|\n|t:|1720317848\n|move|p1a: Chien-Pao|Sucker Punch|p2b: Torkoal\n|-damage|p2b: Torkoal|62\/100\n|move|p2b: Torkoal|Weather Ball|p1b: Zamazenta\n|-supereffective|p1b: Zamazenta\n|-crit|p1b: Zamazenta\n|-damage|p1b: Zamazenta|0 fnt\n|faint|p1b: Zamazenta\n|cant|p2a: Calyrex|slp\n|\n|-weather|SunnyDay|[upkeep]\n|-fieldend|move: Trick Room\n|upkeep\n|\n|t:|1720317857\n|switch|p1b: Flutter Mane|Flutter Mane, L50|100\/100\n|-activate|p1b: Flutter Mane|ability: Protosynthesis\n|-start|p1b: Flutter Mane|protosynthesisspe\n|turn|7\n|\n|t:|1720317880\n|move|p1b: Flutter Mane|Shadow Ball|p2a: Calyrex\n|-damage|p2a: Calyrex|0 fnt\n|faint|p2a: Calyrex\n|-damage|p1b: Flutter Mane|91\/100|[from] item: Life Orb\n|move|p1a: Chien-Pao|Throat Chop|p2b: Torkoal\n|-damage|p2b: Torkoal|19\/100\n|-start|p2b: Torkoal|Throat Chop|[silent]\n|move|p2b: Torkoal|Weather Ball|p1b: Flutter Mane\n|-damage|p1b: Flutter Mane|6\/100\n|\n|-weather|SunnyDay|[upkeep]\n|upkeep\n|\n|t:|1720317889\n|switch|p2a: Annihilape|Annihilape, L50, F|100\/100\n|turn|8\n|\n|t:|1720317909\n|move|p1a: Chien-Pao|Sucker Punch|p2a: Annihilape\n|-damage|p2a: Annihilape|50\/100\n|move|p1b: Flutter Mane|Dazzling Gleam|p2b: Torkoal|[spread] p2a,p2b\n|-supereffective|p2a: Annihilape\n|-resisted|p2b: Torkoal\n|-damage|p2a: Annihilape|0 fnt\n|-damage|p2b: Torkoal|0 fnt\n|faint|p2a: Annihilape\n|faint|p2b: Torkoal\n|-damage|p1b: Flutter Mane|0 fnt|[from] item: Life Orb\n|faint|p1b: Flutter Mane\n|-end|p1b: Flutter Mane|Protosynthesis|[silent]\n|\n|win|Daleg\n|raw|Daleg's rating: 1773 &rarr; <strong>1793<\/strong><br \/>(+20 for winning)\n|raw|tuanzai233's rating: 1781 &rarr; <strong>1761<\/strong><br \/>(-20 for losing)\n|l|\u2606tuanzai233\n|player|p2|\n|l|\u2606Daleg\n|player|p1|\n|l| Most Bread\n","uploadtime":1720318061,"views":106,"formatid":"gen9vgc2024regg","rating":1761,"private":0,"password":null}