{"id":"gen9vgc2024regg-2156199815","format":"[Gen 9] VGC 2024 Reg G","players":["Happidoodledoo","Daviron1"],"log":"|j|\u2606Happidoodledoo\n|j|\u2606Daviron1\n|t:|1720281698\n|gametype|doubles\n|player|p1|Happidoodledoo|101|1701\n|player|p2|Daviron1|sycamore-masters|1714\n|teamsize|p1|6\n|teamsize|p2|6\n|gen|9\n|tier|[Gen 9] VGC 2024 Reg G\n|rated|\n|rule|Species Clause: Limit one of each Pok\u00e9mon\n|rule|Item Clause: Limit one of each item\n|clearpoke\n|poke|p1|Tornadus, L50, M|\n|poke|p1|Ogerpon-Cornerstone, L50, F|\n|poke|p1|Amoonguss, L50, F|\n|poke|p1|Terapagos, L50, M|\n|poke|p1|Chi-Yu, L50|\n|poke|p1|Flutter Mane, L50|\n|poke|p2|Calyrex-Ice, L50|\n|poke|p2|Regieleki, L50|\n|poke|p2|Incineroar, L50, F|\n|poke|p2|Landorus, L50, M|\n|poke|p2|Farigiraf, L50, F|\n|poke|p2|Rillaboom, L50, F|\n|teampreview|4\n|inactive|Battle timer is ON: inactive players will automatically lose when time's up. (requested by Daviron1)\n|inactive|Happidoodledoo has 60 seconds left.\n|inactive|Daviron1 has 60 seconds left.\nDaviron1 has agreed to open team sheets.\n|inactive|Daviron1 has 30 seconds left.\n|inactive|Daviron1 has 20 seconds left.\n|inactive|Daviron1 has 15 seconds left.\n|inactive|Daviron1 has 10 seconds left.\n|\n|t:|1720281780\n|start\n|switch|p1a: Terapagos|Terapagos, L50, M|100\/100\n|switch|p1b: Chi-Yu|Chi-Yu, L50|100\/100\n|switch|p2a: Incineroar|Incineroar, L50, F, shiny|100\/100\n|switch|p2b: Calyrex|Calyrex-Ice, L50|100\/100\n|-activate|p1a: Terapagos|ability: Tera Shift\n|detailschange|p1a: Terapagos|Terapagos-Terastal, L50, M\n|-heal|p1a: Terapagos|100\/100|[silent]\n|-ability|p2b: Calyrex|As One\n|-ability|p2b: Calyrex|Unnerve\n|-ability|p1b: Chi-Yu|Beads of Ruin\n|-ability|p2a: Incineroar|Intimidate|boost\n|-unboost|p1a: Terapagos|atk|1\n|-unboost|p1b: Chi-Yu|atk|1\n|turn|1\n|\n|t:|1720281804\n|-terastallize|p1a: Terapagos|Stellar\n|detailschange|p1a: Terapagos|Terapagos-Stellar, L50, M, tera:Stellar\n|-heal|p1a: Terapagos|100\/100|[silent]\n|move|p2b: Calyrex|Protect|p2b: Calyrex\n|-singleturn|p2b: Calyrex|Protect\n|move|p1b: Chi-Yu|Dark Pulse|p2b: Calyrex\n|-activate|p2b: Calyrex|move: Protect\n|move|p1a: Terapagos|Tera Starstorm|p2b: Calyrex|[spread] p2a\n|-activate|p2b: Calyrex|move: Protect\n|-damage|p2a: Incineroar|25\/100\n|move|p2a: Incineroar|Parting Shot|p1a: Terapagos\n|-unboost|p1a: Terapagos|atk|1\n|-unboost|p1a: Terapagos|spa|1\n|\n|t:|1720281818\n|switch|p2a: Rillaboom|Rillaboom, L50, F|100\/100|[from] Parting Shot\n|-fieldstart|move: Grassy Terrain|[from] ability: Grassy Surge|[of] p2a: Rillaboom\n|\n|upkeep\n|turn|2\n|inactive|Happidoodledoo has 30 seconds left.\n|inactive|Daviron1 has 30 seconds left.\n|inactive|Daviron1 has 20 seconds left.\n|\n|t:|1720281856\n|-terastallize|p2b: Calyrex|Water\n|move|p2a: Rillaboom|Fake Out|p1a: Terapagos\n|-damage|p1a: Terapagos|90\/100\n|move|p1b: Chi-Yu|Heat Wave|p2a: Rillaboom|[spread] p2a,p2b\n|-supereffective|p2a: Rillaboom\n|-resisted|p2b: Calyrex\n|-damage|p2a: Rillaboom|29\/100\n|-damage|p2b: Calyrex|83\/100\n|cant|p1a: Terapagos|flinch\n|move|p2b: Calyrex|Glacial Lance|p1a: Terapagos|[spread] p1a,p1b\n|-resisted|p1b: Chi-Yu\n|-damage|p1a: Terapagos|45\/100\n|-damage|p1b: Chi-Yu|51\/100\n|\n|-heal|p1b: Chi-Yu|57\/100|[from] Grassy Terrain\n|-heal|p1a: Terapagos|51\/100|[from] Grassy Terrain\n|-heal|p2a: Rillaboom|34\/100|[from] Grassy Terrain\n|-heal|p2b: Calyrex|88\/100|[from] Grassy Terrain\n|upkeep\n|turn|3\n|\n|t:|1720281875\n|move|p1b: Chi-Yu|Protect|p1b: Chi-Yu\n|-singleturn|p1b: Chi-Yu|Protect\n|move|p2b: Calyrex|Protect|p2b: Calyrex\n|-singleturn|p2b: Calyrex|Protect\n|move|p2a: Rillaboom|Grassy Glide|p1a: Terapagos\n|-damage|p1a: Terapagos|22\/100\n|move|p1a: Terapagos|Tera Starstorm|p2b: Calyrex|[spread] p2a\n|-activate|p2b: Calyrex|move: Protect\n|-damage|p2a: Rillaboom|0 fnt\n|faint|p2a: Rillaboom\n|\n|-heal|p1b: Chi-Yu|63\/100|[from] Grassy Terrain\n|-heal|p1a: Terapagos|28\/100|[from] Grassy Terrain\n|-heal|p2b: Calyrex|94\/100|[from] Grassy Terrain\n|upkeep\n|\n|t:|1720281882\n|switch|p2a: Incineroar|Incineroar, L50, F, shiny|25\/100\n|-ability|p2a: Incineroar|Intimidate|boost\n|-unboost|p1a: Terapagos|atk|1\n|-unboost|p1b: Chi-Yu|atk|1\n|turn|4\n|\n|t:|1720281902\n|move|p2a: Incineroar|Fake Out|p1a: Terapagos\n|-damage|p1a: Terapagos|20\/100\n|move|p1b: Chi-Yu|Dark Pulse|p2b: Calyrex\n|-damage|p2b: Calyrex|54\/100\n|cant|p1a: Terapagos|flinch\n|move|p2b: Calyrex|Glacial Lance|p1b: Chi-Yu|[spread] p1a,p1b\n|-resisted|p1b: Chi-Yu\n|-damage|p1a: Terapagos|0 fnt\n|-damage|p1b: Chi-Yu|15\/100\n|faint|p1a: Terapagos\n|-ability|p2b: Calyrex|Chilling Neigh|boost\n|-boost|p2b: Calyrex|atk|1\n|\n|-heal|p1b: Chi-Yu|21\/100|[from] Grassy Terrain\n|-heal|p2a: Incineroar|31\/100|[from] Grassy Terrain\n|-heal|p2b: Calyrex|59\/100|[from] Grassy Terrain\n|upkeep\n|\n|t:|1720281912\n|switch|p1a: Ogerpon|Ogerpon-Cornerstone, L50, F|100\/100\n|turn|5\n|inactive|Daviron1 has 30 seconds left.\n|inactive|Daviron1 has 20 seconds left.\n|\n|t:|1720281948\n|switch|p2a: Landorus|Landorus, L50, M|100\/100\n|move|p2b: Calyrex|Protect|p2b: Calyrex\n|-singleturn|p2b: Calyrex|Protect\n|move|p1a: Ogerpon|Power Whip|p2b: Calyrex\n|-activate|p2b: Calyrex|move: Protect\n|move|p1b: Chi-Yu|Overheat|p2a: Landorus\n|-damage|p2a: Landorus|0 fnt\n|-unboost|p1b: Chi-Yu|spa|2\n|faint|p2a: Landorus\n|\n|-heal|p1b: Chi-Yu|27\/100|[from] Grassy Terrain\n|-heal|p2b: Calyrex|65\/100|[from] Grassy Terrain\n|-fieldend|move: Grassy Terrain\n|upkeep\n|\n|t:|1720281957\n|switch|p2a: Incineroar|Incineroar, L50, F, shiny|31\/100\n|-ability|p2a: Incineroar|Intimidate|boost\n|-unboost|p1a: Ogerpon|atk|1\n|-unboost|p1b: Chi-Yu|atk|1\n|turn|6\n|\n|t:|1720281982\n|switch|p1b: Amoonguss|Amoonguss, L50, F|100\/100\n|move|p1a: Ogerpon|Spiky Shield|p1a: Ogerpon\n|-singleturn|p1a: Ogerpon|move: Protect\n|move|p2a: Incineroar|Fake Out|p1a: Ogerpon\n|-activate|p1a: Ogerpon|move: Protect\n|-damage|p2a: Incineroar|19\/100|[from] Spiky Shield|[of] p1a: Ogerpon\n|move|p2b: Calyrex|Trick Room|p2b: Calyrex\n|-fieldstart|move: Trick Room|[of] p2b: Calyrex\n|\n|upkeep\n|turn|7\n|inactive|Happidoodledoo has 30 seconds left.\n|inactive|Happidoodledoo has 20 seconds left.\n|\n|t:|1720282019\n|move|p2b: Calyrex|Protect|p2b: Calyrex\n|-singleturn|p2b: Calyrex|Protect\n|move|p1b: Amoonguss|Spore|p2b: Calyrex\n|-activate|p2b: Calyrex|move: Protect\n|move|p2a: Incineroar|Flare Blitz|p1b: Amoonguss\n|-supereffective|p1b: Amoonguss\n|-damage|p1b: Amoonguss|18\/100\n|-damage|p2a: Incineroar|3\/100|[from] item: Rocky Helmet|[of] p1b: Amoonguss\n|-damage|p2a: Incineroar|0 fnt|[from] Recoil\n|faint|p2a: Incineroar\n|move|p1a: Ogerpon|Ivy Cudgel|p2b: Calyrex|[anim] Ivy Cudgel Rock\n|-activate|p2b: Calyrex|move: Protect\n|\n|upkeep\n|turn|8\n|\n|t:|1720282038\n|move|p1b: Amoonguss|Spore|p2b: Calyrex\n|-status|p2b: Calyrex|slp|[from] move: Spore\n|cant|p2b: Calyrex|slp\n|move|p1a: Ogerpon|Power Whip|p2b: Calyrex\n|-supereffective|p2b: Calyrex\n|-damage|p2b: Calyrex|6\/100 slp\n|\n|upkeep\n|turn|9\n|-message|Daviron1 forfeited.\n|\n|win|Happidoodledoo\n|raw|Happidoodledoo's rating: 1701 &rarr; <strong>1722<\/strong><br \/>(+21 for winning)\n|raw|Daviron1's rating: 1714 &rarr; <strong>1693<\/strong><br \/>(-21 for losing)\n|l|\u2606Daviron1\n|player|p2|\n","uploadtime":1720282204,"views":12,"formatid":"gen9vgc2024regg","rating":1693,"private":0,"password":null}