{"id":"gen9vgc2024regg-2156049649","format":"[Gen 9] VGC 2024 Reg G","players":["Goriwaku","tuanzai233"],"log":"|j|\u2606Goriwaku\n|j|\u2606tuanzai233\n|t:|1720255174\n|gametype|doubles\n|player|p1|Goriwaku|266|1694\n|player|p2|tuanzai233|2|1802\n|teamsize|p1|6\n|teamsize|p2|6\n|gen|9\n|tier|[Gen 9] VGC 2024 Reg G\n|rated|\n|rule|Species Clause: Limit one of each Pok\u00e9mon\n|rule|Item Clause: Limit one of each item\n|clearpoke\n|poke|p1|Koraidon, L50|\n|poke|p1|Raging Bolt, L50|\n|poke|p1|Flutter Mane, L50|\n|poke|p1|Chi-Yu, L50|\n|poke|p1|Whimsicott, L50, F|\n|poke|p1|Torkoal, L50, M|\n|poke|p2|Indeedee-F, L50, F|\n|poke|p2|Torkoal, L50, M|\n|poke|p2|Calyrex-Ice, L50|\n|poke|p2|Annihilape, L50, M|\n|poke|p2|Urshifu-*, L50, F|\n|poke|p2|Brute Bonnet, L50|\n|teampreview|4\n|inactive|Battle timer is ON: inactive players will automatically lose when time's up. (requested by Goriwaku)\n|inactive|tuanzai233 has 60 seconds left.\n|\n|t:|1720255210\n|start\n|switch|p1a: Koraidon|Koraidon, L50|100\/100\n|switch|p1b: Flutter Mane|Flutter Mane, L50|100\/100\n|switch|p2a: Calyrex|Calyrex-Ice, L50|100\/100\n|switch|p2b: Indeedee|Indeedee-F, L50, F|100\/100\n|-ability|p2a: Calyrex|As One\n|-ability|p2a: Calyrex|Unnerve\n|-weather|SunnyDay|[from] ability: Orichalcum Pulse|[of] p1a: Koraidon\n|-activate|p1b: Flutter Mane|ability: Protosynthesis\n|-start|p1b: Flutter Mane|protosynthesisspe\n|-activate|p1a: Koraidon|Orichalcum Pulse|[source]\n|-fieldstart|move: Psychic Terrain|[from] ability: Psychic Surge|[of] p2b: Indeedee\n|turn|1\n|inactive|Goriwaku has 30 seconds left.\n|inactive|Goriwaku has 20 seconds left.\n|inactive|Goriwaku has 15 seconds left.\n|\n|t:|1720255250\n|-terastallize|p1a: Koraidon|Fire\n|-terastallize|p2a: Calyrex|Fire\n|move|p1b: Flutter Mane|Dazzling Gleam|p2b: Indeedee|[spread] p2a,p2b\n|-resisted|p2a: Calyrex\n|-crit|p2b: Indeedee\n|-damage|p2a: Calyrex|85\/100\n|-damage|p2b: Indeedee|36\/100\n|move|p1a: Koraidon|Collision Course|p2a: Calyrex\n|-damage|p2a: Calyrex|38\/100\n|move|p2a: Calyrex|Glacial Lance|p1a: Koraidon|[spread] p1a,p1b\n|-resisted|p1a: Koraidon\n|-damage|p1a: Koraidon|79\/100\n|-damage|p1b: Flutter Mane|0 fnt\n|faint|p1b: Flutter Mane\n|-end|p1b: Flutter Mane|Protosynthesis|[silent]\n|-ability|p2a: Calyrex|Chilling Neigh|boost\n|-boost|p2a: Calyrex|atk|1\n|move|p2b: Indeedee|Trick Room|p2b: Indeedee\n|-fieldstart|move: Trick Room|[of] p2b: Indeedee\n|\n|-weather|SunnyDay|[upkeep]\n|upkeep\n|\n|t:|1720255270\n|switch|p1b: Torkoal|Torkoal, L50, M|100\/100\n|turn|2\n|\n|t:|1720255280\n|move|p2b: Indeedee|Helping Hand|p2a: Calyrex\n|-singleturn|p2a: Calyrex|Helping Hand|[of] p2b: Indeedee\n|move|p1a: Koraidon|Helping Hand|p1b: Torkoal\n|-singleturn|p1b: Torkoal|Helping Hand|[of] p1a: Koraidon\n|move|p1b: Torkoal|Eruption|p2b: Indeedee|[spread] p2a,p2b\n|-resisted|p2a: Calyrex\n|-damage|p2a: Calyrex|0 fnt\n|-damage|p2b: Indeedee|0 fnt\n|faint|p2a: Calyrex\n|faint|p2b: Indeedee\n|\n|-weather|SunnyDay|[upkeep]\n|upkeep\n|\n|t:|1720255288\n|switch|p2a: Torkoal|Torkoal, L50, M|100\/100\n|switch|p2b: Brute Bonnet|Brute Bonnet, L50, shiny|100\/100\n|-activate|p2b: Brute Bonnet|ability: Protosynthesis\n|-start|p2b: Brute Bonnet|protosynthesisdef\n|turn|3\n|\n|t:|1720255304\n|move|p1a: Koraidon|Helping Hand|p1b: Torkoal\n|-singleturn|p1b: Torkoal|Helping Hand|[of] p1a: Koraidon\n|move|p2a: Torkoal|Eruption|p1a: Koraidon|[spread] p1a,p1b\n|-resisted|p1a: Koraidon\n|-resisted|p1b: Torkoal\n|-damage|p1a: Koraidon|39\/100\n|-damage|p1b: Torkoal|45\/100\n|move|p1b: Torkoal|Eruption|p2b: Brute Bonnet|[spread] p2a,p2b\n|-resisted|p2a: Torkoal\n|-supereffective|p2b: Brute Bonnet\n|-damage|p2a: Torkoal|62\/100\n|-damage|p2b: Brute Bonnet|18\/100\n|-enditem|p2b: Brute Bonnet|Sitrus Berry|[eat]\n|-heal|p2b: Brute Bonnet|43\/100|[from] item: Sitrus Berry\n|move|p2b: Brute Bonnet|Spore|p1a: Koraidon\n|-status|p1a: Koraidon|slp|[from] move: Spore\n|\n|-weather|SunnyDay|[upkeep]\n|upkeep\n|turn|4\n|\n|t:|1720255325\n|move|p1b: Torkoal|Eruption|p2b: Brute Bonnet|[spread] p2a,p2b\n|-resisted|p2a: Torkoal\n|-supereffective|p2b: Brute Bonnet\n|-damage|p2a: Torkoal|36\/100\n|-damage|p2b: Brute Bonnet|0 fnt\n|faint|p2b: Brute Bonnet\n|-end|p2b: Brute Bonnet|Protosynthesis|[silent]\n|move|p2a: Torkoal|Earth Power|p1b: Torkoal\n|-supereffective|p1b: Torkoal\n|-damage|p1b: Torkoal|0 fnt\n|faint|p1b: Torkoal\n|cant|p1a: Koraidon|slp\n|\n|-weather|SunnyDay|[upkeep]\n|upkeep\n|\n|t:|1720255338\n|switch|p1b: Chi-Yu|Chi-Yu, L50|100\/100\n|-ability|p1b: Chi-Yu|Beads of Ruin\n|turn|5\n|\n|t:|1720255345\n|move|p2a: Torkoal|Earth Power|p1a: Koraidon\n|-supereffective|p1a: Koraidon\n|-damage|p1a: Koraidon|0 fnt\n|faint|p1a: Koraidon\n|move|p1b: Chi-Yu|Dark Pulse|p2a: Torkoal\n|-damage|p2a: Torkoal|0 fnt\n|faint|p2a: Torkoal\n|\n|win|Goriwaku\n|raw|Goriwaku's rating: 1694 &rarr; <strong>1720<\/strong><br \/>(+26 for winning)\n|raw|tuanzai233's rating: 1802 &rarr; <strong>1776<\/strong><br \/>(-26 for losing)\n|l|\u2606tuanzai233\n|player|p2|\n|l|\u2606Goriwaku\n|player|p1|\n","uploadtime":1720255494,"views":25,"formatid":"gen9vgc2024regg","rating":1720,"private":0,"password":null}