{"id":"gen9vgc2024regg-2156593345","format":"[Gen 9] VGC 2024 Reg G","players":["brednas7","tuanzai233"],"log":"|j|\u2606brednas7\n|j|\u2606tuanzai233\n|t:|1720342479\n|gametype|doubles\n|player|p1|brednas7|hilbert|1649\n|player|p2|tuanzai233|266|1768\n|teamsize|p1|6\n|teamsize|p2|6\n|gen|9\n|tier|[Gen 9] VGC 2024 Reg G\n|rated|\n|rule|Species Clause: Limit one of each Pok\u00e9mon\n|rule|Item Clause: Limit one of each item\n|clearpoke\n|poke|p1|Kommo-o, L50, F|\n|poke|p1|Ogerpon-Wellspring, L50, F|\n|poke|p1|Zamazenta-*, L50|\n|poke|p1|Iron Jugulis, L50|\n|poke|p1|Raging Bolt, L50|\n|poke|p1|Indeedee, L50, M|\n|poke|p2|Indeedee-F, L50, F|\n|poke|p2|Torkoal, L50, M|\n|poke|p2|Calyrex-Ice, L50|\n|poke|p2|Annihilape, L50, F|\n|poke|p2|Urshifu-*, L50, F|\n|poke|p2|Brute Bonnet, L50|\n|teampreview|4\n|inactive|Battle timer is ON: inactive players will automatically lose when time's up. (requested by tuanzai233)\n|\n|t:|1720342548\n|start\n|switch|p1a: Kommo-o|Kommo-o, L50, F|100\/100\n|switch|p1b: Indeedee|Indeedee, L50, M|100\/100\n|switch|p2a: Calyrex|Calyrex-Ice, L50|100\/100\n|switch|p2b: Annihilape|Annihilape, L50, F|100\/100\n|-ability|p2a: Calyrex|As One\n|-ability|p2a: Calyrex|Unnerve\n|-fieldstart|move: Psychic Terrain|[from] ability: Psychic Surge|[of] p1b: Indeedee\n|turn|1\n|\n|t:|1720342561\n|-terastallize|p2a: Calyrex|Fire\n|move|p1a: Kommo-o|Protect|p1a: Kommo-o\n|-singleturn|p1a: Kommo-o|Protect\n|move|p2b: Annihilape|Coaching|p2a: Calyrex\n|-boost|p2a: Calyrex|atk|1\n|-boost|p2a: Calyrex|def|1\n|move|p1b: Indeedee|Expanding Force|p2b: Annihilape|[spread] p2a,p2b\n|-supereffective|p2b: Annihilape\n|-damage|p2a: Calyrex|64\/100\n|-damage|p2b: Annihilape|3\/100\n|move|p2a: Calyrex|Glacial Lance|p1a: Kommo-o|[spread] p1b\n|-activate|p1a: Kommo-o|move: Protect\n|-enditem|p1b: Indeedee|Focus Sash\n|-damage|p1b: Indeedee|1\/100\n|\n|upkeep\n|turn|2\n|inactive|brednas7 has 30 seconds left.\n|\n|t:|1720342588\n|switch|p1a: Zamazenta|Zamazenta-Crowned, L50|100\/100\n|-ability|p1a: Zamazenta|Dauntless Shield|boost\n|-boost|p1a: Zamazenta|def|1\n|move|p2b: Annihilape|Coaching|p2a: Calyrex\n|-boost|p2a: Calyrex|atk|1\n|-boost|p2a: Calyrex|def|1\n|move|p1b: Indeedee|Expanding Force|p2a: Calyrex|[spread] p2a,p2b\n|-supereffective|p2b: Annihilape\n|-damage|p2a: Calyrex|24\/100\n|-damage|p2b: Annihilape|0 fnt\n|faint|p2b: Annihilape\n|move|p2a: Calyrex|Trick Room|p2a: Calyrex\n|-fieldstart|move: Trick Room|[of] p2a: Calyrex\n|\n|upkeep\n|\n|t:|1720342597\n|switch|p2b: Torkoal|Torkoal, L50, M|100\/100\n|-weather|SunnyDay|[from] ability: Drought|[of] p2b: Torkoal\n|turn|3\n|\n|t:|1720342621\n|-terastallize|p1a: Zamazenta|Water\n|move|p2b: Torkoal|Weather Ball|p1a: Zamazenta\n|-resisted|p1a: Zamazenta\n|-crit|p1a: Zamazenta\n|-damage|p1a: Zamazenta|61\/100\n|move|p2a: Calyrex|High Horsepower|p1b: Indeedee\n|-damage|p1b: Indeedee|0 fnt\n|faint|p1b: Indeedee\n|-ability|p2a: Calyrex|Chilling Neigh|boost\n|-boost|p2a: Calyrex|atk|1\n|move|p1a: Zamazenta|Body Press|p2a: Calyrex\n|-damage|p2a: Calyrex|8\/100\n|\n|-weather|SunnyDay|[upkeep]\n|upkeep\n|inactive|brednas7 has 30 seconds left.\n|\n|t:|1720342648\n|switch|p1b: Kommo-o|Kommo-o, L50, F|100\/100\n|turn|4\n|\n|t:|1720342662\n|move|p1a: Zamazenta|Wide Guard|p1a: Zamazenta\n|-singleturn|p1a: Zamazenta|Wide Guard\n|move|p2b: Torkoal|Eruption|p1b: Kommo-o|[spread] \n|-activate|p1a: Zamazenta|move: Wide Guard\n|-activate|p1b: Kommo-o|move: Wide Guard\n|move|p2a: Calyrex|Glacial Lance|p1b: Kommo-o|[spread] \n|-activate|p1a: Zamazenta|move: Wide Guard\n|-activate|p1b: Kommo-o|move: Wide Guard\n|move|p1b: Kommo-o|Drain Punch|p2a: Calyrex\n|-damage|p2a: Calyrex|0 fnt\n|faint|p2a: Calyrex\n|\n|-weather|SunnyDay|[upkeep]\n|upkeep\n|\n|t:|1720342664\n|switch|p2a: Indeedee|Indeedee-F, L50, F|100\/100\n|turn|5\n|inactive|tuanzai233 has 30 seconds left.\n|\n|t:|1720342692\n|move|p2a: Indeedee|Helping Hand|p2b: Torkoal\n|-singleturn|p2b: Torkoal|Helping Hand|[of] p2a: Indeedee\n|move|p1b: Kommo-o|Protect|p1b: Kommo-o\n|-singleturn|p1b: Kommo-o|Protect\n|move|p2b: Torkoal|Weather Ball|p1a: Zamazenta\n|-resisted|p1a: Zamazenta\n|-damage|p1a: Zamazenta|23\/100\n|move|p1a: Zamazenta|Body Press|p2b: Torkoal\n|-damage|p2b: Torkoal|59\/100\n|\n|-weather|SunnyDay|[upkeep]\n|-fieldend|move: Psychic Terrain\n|upkeep\n|turn|6\n|\n|t:|1720342707\n|move|p1a: Zamazenta|Wide Guard|p1a: Zamazenta\n|-singleturn|p1a: Zamazenta|Wide Guard\n|move|p2b: Torkoal|Weather Ball|p1a: Zamazenta\n|-resisted|p1a: Zamazenta\n|-damage|p1a: Zamazenta|0 fnt\n|faint|p1a: Zamazenta\n|move|p2a: Indeedee|Dazzling Gleam|p1b: Kommo-o\n|-activate|p1b: Kommo-o|move: Wide Guard\n|move|p1b: Kommo-o|Clangorous Soul|p1b: Kommo-o\n|-boost|p1b: Kommo-o|atk|1\n|-boost|p1b: Kommo-o|def|1\n|-boost|p1b: Kommo-o|spa|1\n|-boost|p1b: Kommo-o|spd|1\n|-boost|p1b: Kommo-o|spe|1\n|-damage|p1b: Kommo-o|68\/100\n|\n|-weather|SunnyDay|[upkeep]\n|-fieldend|move: Trick Room\n|upkeep\n|\n|t:|1720342722\n|switch|p1a: Ogerpon|Ogerpon-Wellspring, L50, F|100\/100\n|turn|7\n|\n|t:|1720342732\n|move|p1a: Ogerpon|Spiky Shield|p1a: Ogerpon\n|-singleturn|p1a: Ogerpon|move: Protect\n|move|p1b: Kommo-o|Drain Punch|p2a: Indeedee\n|-damage|p2a: Indeedee|42\/100\n|-heal|p1b: Kommo-o|97\/100|[from] drain|[of] p2a: Indeedee\n|move|p2b: Torkoal|Weather Ball|p1a: Ogerpon\n|-activate|p1a: Ogerpon|move: Protect\n|move|p2a: Indeedee|Trick Room|p2a: Indeedee\n|-fieldstart|move: Trick Room|[of] p2a: Indeedee\n|\n|-weather|none\n|upkeep\n|turn|8\n|\n|t:|1720342751\n|move|p2b: Torkoal|Eruption|p1b: Kommo-o|[spread] p1a,p1b\n|-resisted|p1b: Kommo-o\n|-damage|p1a: Ogerpon|62\/100\n|-damage|p1b: Kommo-o|87\/100\n|move|p2a: Indeedee|Dazzling Gleam|p1a: Ogerpon|[spread] p1a,p1b\n|-supereffective|p1b: Kommo-o\n|-damage|p1a: Ogerpon|46\/100\n|-damage|p1b: Kommo-o|55\/100\n|move|p1a: Ogerpon|Ivy Cudgel|p2b: Torkoal|[anim] Ivy Cudgel Water\n|-supereffective|p2b: Torkoal\n|-damage|p2b: Torkoal|0 fnt\n|faint|p2b: Torkoal\n|move|p1b: Kommo-o|Drain Punch|p2a: Indeedee\n|-damage|p2a: Indeedee|0 fnt\n|-heal|p1b: Kommo-o|76\/100|[from] drain|[of] p2a: Indeedee\n|faint|p2a: Indeedee\n|\n|win|brednas7\n|raw|brednas7's rating: 1649 &rarr; <strong>1676<\/strong><br \/>(+27 for winning)\n|raw|tuanzai233's rating: 1768 &rarr; <strong>1741<\/strong><br \/>(-27 for losing)\n|l|\u2606tuanzai233\n|player|p2|\n|c|\u2606brednas7|GG\n","uploadtime":1720342783,"views":18,"formatid":"gen9vgc2024regg","rating":1676,"private":0,"password":null}