{"id":"gen9vgc2024regg-2156604942","format":"[Gen 9] VGC 2024 Reg G","players":["Doggykiny","tuanzai233"],"log":"|j|\u2606Doggykiny\n|j|\u2606tuanzai233\n|t:|1720345135\n|gametype|doubles\n|player|p1|Doggykiny|cynthia|1774\n|player|p2|tuanzai233|266|1721\n|teamsize|p1|6\n|teamsize|p2|6\n|gen|9\n|tier|[Gen 9] VGC 2024 Reg G\n|rated|\n|rule|Species Clause: Limit one of each Pok\u00e9mon\n|rule|Item Clause: Limit one of each item\n|clearpoke\n|poke|p1|Raging Bolt, L50|\n|poke|p1|Urshifu-*, L50, F|\n|poke|p1|Ogerpon-Cornerstone, L50, F|\n|poke|p1|Calyrex-Ice, L50|\n|poke|p1|Iron Valiant, L50|\n|poke|p1|Pelipper, L50, F|\n|poke|p2|Indeedee-F, L50, F|\n|poke|p2|Torkoal, L50, M|\n|poke|p2|Calyrex-Ice, L50|\n|poke|p2|Annihilape, L50, F|\n|poke|p2|Urshifu-*, L50, M|\n|poke|p2|Brute Bonnet, L50|\n|teampreview|4\n|inactive|Battle timer is ON: inactive players will automatically lose when time's up. (requested by Doggykiny)\n|inactive|Doggykiny has 60 seconds left.\n|j| biei2012-2022\n|l| biei2012-2022\n|\n|t:|1720345193\n|start\n|switch|p1a: Ogerpon|Ogerpon-Cornerstone, L50, F|100\/100\n|switch|p1b: Iron Valiant|Iron Valiant, L50|100\/100\n|switch|p2a: Calyrex|Calyrex-Ice, L50|100\/100\n|switch|p2b: Indeedee|Indeedee-F, L50, F|100\/100\n|-ability|p2a: Calyrex|As One\n|-ability|p2a: Calyrex|Unnerve\n|-fieldstart|move: Psychic Terrain|[from] ability: Psychic Surge|[of] p2b: Indeedee\n|-enditem|p1b: Iron Valiant|Booster Energy\n|-activate|p1b: Iron Valiant|ability: Quark Drive|[fromitem]\n|-start|p1b: Iron Valiant|quarkdrivespe\n|turn|1\n|inactive|Doggykiny has 30 seconds left.\n|\n|t:|1720345218\n|-terastallize|p1a: Ogerpon|Rock\n|detailschange|p1a: Ogerpon|Ogerpon-Cornerstone-Tera, L50, F, tera:Rock\n|-ability|p1a: Ogerpon|Embody Aspect (Cornerstone)|boost\n|-boost|p1a: Ogerpon|def|1\n|move|p2b: Indeedee|Follow Me|p2b: Indeedee\n|-singleturn|p2b: Indeedee|move: Follow Me\n|move|p1b: Iron Valiant|Moonblast|p2b: Indeedee\n|-damage|p2b: Indeedee|66\/100\n|-unboost|p2b: Indeedee|spa|1\n|move|p1a: Ogerpon|Ivy Cudgel|p2b: Indeedee|[anim] Ivy Cudgel Rock\n|-damage|p2b: Indeedee|0 fnt\n|faint|p2b: Indeedee\n|move|p2a: Calyrex|Trick Room|p2a: Calyrex\n|-fieldstart|move: Trick Room|[of] p2a: Calyrex\n|\n|upkeep\n|\n|t:|1720345227\n|switch|p2b: Brute Bonnet|Brute Bonnet, L50, shiny|100\/100\n|turn|2\n|\n|t:|1720345245\n|move|p1a: Ogerpon|Spiky Shield|p1a: Ogerpon\n|-singleturn|p1a: Ogerpon|move: Protect\n|move|p1b: Iron Valiant|Protect|p1b: Iron Valiant\n|-singleturn|p1b: Iron Valiant|Protect\n|move|p2a: Calyrex|Glacial Lance|p1b: Iron Valiant|[spread] \n|-activate|p1a: Ogerpon|move: Protect\n|-activate|p1b: Iron Valiant|move: Protect\n|move|p2b: Brute Bonnet|Spore|p1a: Ogerpon\n|-activate|p1a: Ogerpon|move: Protect\n|\n|upkeep\n|turn|3\n|\n|t:|1720345260\n|move|p1a: Ogerpon|Follow Me|p1a: Ogerpon\n|-singleturn|p1a: Ogerpon|move: Follow Me\n|move|p2a: Calyrex|High Horsepower|p1a: Ogerpon\n|-supereffective|p1a: Ogerpon\n|-damage|p1a: Ogerpon|27\/100\n|move|p2b: Brute Bonnet|Spore|p1a: Ogerpon\n|-status|p1a: Ogerpon|slp|[from] move: Spore\n|move|p1b: Iron Valiant|Disable|p2b: Brute Bonnet\n|-start|p2b: Brute Bonnet|Disable|Spore\n|\n|upkeep\n|turn|4\n|\n|t:|1720345278\n|switch|p1a: Pelipper|Pelipper, L50, F|100\/100\n|-weather|RainDance|[from] ability: Drizzle|[of] p1a: Pelipper\n|move|p2a: Calyrex|Glacial Lance|p1b: Iron Valiant|[spread] p1a,p1b\n|-damage|p1a: Pelipper|37\/100\n|-damage|p1b: Iron Valiant|44\/100\n|move|p2b: Brute Bonnet|Crunch|p1b: Iron Valiant\n|-resisted|p1b: Iron Valiant\n|-damage|p1b: Iron Valiant|36\/100\n|move|p1b: Iron Valiant|Moonblast|p2b: Brute Bonnet\n|-supereffective|p2b: Brute Bonnet\n|-damage|p2b: Brute Bonnet|47\/100\n|-unboost|p2b: Brute Bonnet|spa|1\n|-enditem|p2b: Brute Bonnet|Sitrus Berry|[eat]\n|-heal|p2b: Brute Bonnet|72\/100|[from] item: Sitrus Berry\n|\n|-weather|RainDance|[upkeep]\n|upkeep\n|turn|5\n|\n|t:|1720345297\n|-end|p2b: Brute Bonnet|Protosynthesis|[silent]\n|switch|p2b: Torkoal|Torkoal, L50, M|100\/100\n|-weather|SunnyDay|[from] ability: Drought|[of] p2b: Torkoal\n|-terastallize|p2a: Calyrex|Fire\n|move|p1b: Iron Valiant|Protect|p1b: Iron Valiant\n|-singleturn|p1b: Iron Valiant|Protect\n|move|p1a: Pelipper|Wide Guard|p1a: Pelipper\n|-singleturn|p1a: Pelipper|Wide Guard\n|move|p2a: Calyrex|High Horsepower|p1b: Iron Valiant\n|-activate|p1b: Iron Valiant|move: Protect\n|\n|-weather|SunnyDay|[upkeep]\n|-fieldend|move: Trick Room\n|-fieldend|move: Psychic Terrain\n|upkeep\n|turn|6\n|inactive|Doggykiny has 30 seconds left.\n|inactive|Doggykiny has 20 seconds left.\n|\n|t:|1720345335\n|switch|p1a: Ogerpon|Ogerpon-Cornerstone-Tera, L50, F, tera:Rock|27\/100 slp\n|-ability|p1a: Ogerpon|Embody Aspect (Cornerstone)|boost\n|-boost|p1a: Ogerpon|def|1\n|move|p2b: Torkoal|Protect|p2b: Torkoal\n|-singleturn|p2b: Torkoal|Protect\n|move|p1b: Iron Valiant|Moonblast|p2b: Torkoal\n|-activate|p2b: Torkoal|move: Protect\n|move|p2a: Calyrex|Trick Room|p2a: Calyrex\n|-fieldstart|move: Trick Room|[of] p2a: Calyrex\n|\n|-weather|SunnyDay|[upkeep]\n|upkeep\n|turn|7\n|\n|t:|1720345352\n|move|p1b: Iron Valiant|Protect|p1b: Iron Valiant\n|-singleturn|p1b: Iron Valiant|Protect\n|move|p2b: Torkoal|Weather Ball|p1a: Ogerpon\n|-resisted|p1a: Ogerpon\n|-damage|p1a: Ogerpon|0 fnt\n|faint|p1a: Ogerpon\n|move|p2a: Calyrex|High Horsepower|p1b: Iron Valiant\n|-activate|p1b: Iron Valiant|move: Protect\n|\n|-weather|SunnyDay|[upkeep]\n|upkeep\n|\n|t:|1720345366\n|switch|p1a: Calyrex|Calyrex-Ice, L50|100\/100\n|-ability|p1a: Calyrex|As One\n|-ability|p1a: Calyrex|Unnerve\n|turn|8\n|\n|t:|1720345372\n|-end|p1b: Iron Valiant|Quark Drive|[silent]\n|switch|p1b: Pelipper|Pelipper, L50, F|37\/100\n|-weather|RainDance|[from] ability: Drizzle|[of] p1b: Pelipper\n|move|p2b: Torkoal|Weather Ball|p1a: Calyrex\n|-damage|p1a: Calyrex|81\/100\n|move|p2a: Calyrex|High Horsepower|p1b: Pelipper\n|-immune|p1b: Pelipper\n|move|p1a: Calyrex|High Horsepower|p2b: Torkoal\n|-supereffective|p2b: Torkoal\n|-damage|p2b: Torkoal|44\/100\n|\n|-weather|RainDance|[upkeep]\n|upkeep\n|turn|9\n|\n|t:|1720345390\n|move|p2b: Torkoal|Eruption|p1b: Pelipper|[spread] p1a,p1b\n|-supereffective|p1a: Calyrex\n|-resisted|p1b: Pelipper\n|-damage|p1a: Calyrex|70\/100\n|-damage|p1b: Pelipper|29\/100\n|move|p2a: Calyrex|Glacial Lance|p1a: Calyrex|[spread] p1a,p1b\n|-resisted|p1a: Calyrex\n|-damage|p1a: Calyrex|50\/100\n|-damage|p1b: Pelipper|0 fnt\n|faint|p1b: Pelipper\n|-ability|p2a: Calyrex|Chilling Neigh|boost\n|-boost|p2a: Calyrex|atk|1\n|move|p1a: Calyrex|High Horsepower|p2b: Torkoal\n|-supereffective|p2b: Torkoal\n|-damage|p2b: Torkoal|0 fnt\n|faint|p2b: Torkoal\n|-ability|p1a: Calyrex|Chilling Neigh|boost\n|-boost|p1a: Calyrex|atk|1\n|\n|-weather|RainDance|[upkeep]\n|upkeep\n|\n|t:|1720345398\n|switch|p2b: Brute Bonnet|Brute Bonnet, L50, shiny|72\/100\n|switch|p1b: Iron Valiant|Iron Valiant, L50|36\/100\n|turn|10\n|\n|t:|1720345412\n|move|p1b: Iron Valiant|Protect|p1b: Iron Valiant\n|-singleturn|p1b: Iron Valiant|Protect\n|move|p2a: Calyrex|High Horsepower|p1a: Calyrex\n|-damage|p1a: Calyrex|5\/100\n|move|p2b: Brute Bonnet|Spore|p1b: Iron Valiant\n|-activate|p1b: Iron Valiant|move: Protect\n|move|p1a: Calyrex|Glacial Lance|p2b: Brute Bonnet|[spread] p2a,p2b\n|-resisted|p2a: Calyrex\n|-supereffective|p2b: Brute Bonnet\n|-damage|p2a: Calyrex|73\/100\n|-damage|p2b: Brute Bonnet|0 fnt\n|faint|p2b: Brute Bonnet\n|-end|p2b: Brute Bonnet|Protosynthesis|[silent]\n|-ability|p1a: Calyrex|Chilling Neigh|boost\n|-boost|p1a: Calyrex|atk|1\n|\n|-weather|RainDance|[upkeep]\n|-fieldend|move: Trick Room\n|upkeep\n|turn|11\n|inactive|Doggykiny has 30 seconds left.\n|\n|t:|1720345441\n|move|p1b: Iron Valiant|Moonblast|p2a: Calyrex\n|-resisted|p2a: Calyrex\n|-damage|p2a: Calyrex|59\/100\n|move|p1a: Calyrex|High Horsepower|p2a: Calyrex\n|-supereffective|p2a: Calyrex\n|-damage|p2a: Calyrex|0 fnt\n|faint|p2a: Calyrex\n|\n|win|Doggykiny\n|raw|Doggykiny's rating: 1774 &rarr; <strong>1791<\/strong><br \/>(+17 for winning)\n|raw|tuanzai233's rating: 1721 &rarr; <strong>1704<\/strong><br \/>(-17 for losing)\n|l|\u2606tuanzai233\n|player|p2|\n|c|\u2606Doggykiny|Gg\n|l|\u2606Doggykiny\n|player|p1|\n","uploadtime":1720345626,"views":25,"formatid":"gen9vgc2024regg","rating":1704,"private":0,"password":null}