{"id":"gen9vgc2024regg-2156527581","format":"[Gen 9] VGC 2024 Reg G","players":["SnrubYesthatlldo","tuanzai233"],"log":"|j|\u2606SnrubYesthatlldo\n|j|\u2606tuanzai233\n|t:|1720328306\n|gametype|doubles\n|player|p1|SnrubYesthatlldo|169|1747\n|player|p2|tuanzai233|266|1696\n|teamsize|p1|6\n|teamsize|p2|6\n|gen|9\n|tier|[Gen 9] VGC 2024 Reg G\n|rated|\n|rule|Species Clause: Limit one of each Pok\u00e9mon\n|rule|Item Clause: Limit one of each item\n|clearpoke\n|poke|p1|Calyrex-Ice, L50|\n|poke|p1|Rillaboom, L50, M|\n|poke|p1|Farigiraf, L50, F|\n|poke|p1|Urshifu-*, L50, F|\n|poke|p1|Pelipper, L50, M|\n|poke|p1|Volcarona, L50, F|\n|poke|p2|Indeedee-F, L50, F|\n|poke|p2|Torkoal, L50, M|\n|poke|p2|Calyrex-Ice, L50|\n|poke|p2|Annihilape, L50, F|\n|poke|p2|Urshifu-*, L50, F|\n|poke|p2|Brute Bonnet, L50|\n|teampreview|4\nSnrubYesthatlldo has agreed to open team sheets.\ntuanzai233 has agreed to open team sheets.\n|\n|t:|1720328366\n|start\n|switch|p1a: Urshifu|Urshifu-Rapid-Strike, L50, F|100\/100\n|switch|p1b: Farigiraf|Farigiraf, L50, F|100\/100\n|switch|p2a: Calyrex|Calyrex-Ice, L50|100\/100\n|switch|p2b: Annihilape|Annihilape, L50, F|100\/100\n|-ability|p2a: Calyrex|As One\n|-ability|p2a: Calyrex|Unnerve\n|turn|1\n|\n|t:|1720328394\n|switch|p1a: Pelipper|Pelipper, L50, M|100\/100\n|-weather|RainDance|[from] ability: Drizzle|[of] p1a: Pelipper\n|-terastallize|p2a: Calyrex|Fire\n|move|p2b: Annihilape|Final Gambit|p1a: Pelipper\n|-enditem|p1a: Pelipper|Focus Sash\n|-damage|p1a: Pelipper|1\/100\n|faint|p2b: Annihilape\n|move|p1b: Farigiraf|Foul Play|p2a: Calyrex\n|-damage|p2a: Calyrex|72\/100\n|move|p2a: Calyrex|Trick Room|p2a: Calyrex\n|-fieldstart|move: Trick Room|[of] p2a: Calyrex\n|\n|-weather|RainDance|[upkeep]\n|upkeep\n|\n|t:|1720328400\n|switch|p2b: Brute Bonnet|Brute Bonnet, L50, shiny|100\/100\n|turn|2\n|\n|t:|1720328441\n|move|p1b: Farigiraf|Protect|p1b: Farigiraf\n|-singleturn|p1b: Farigiraf|Protect\n|move|p1a: Pelipper|Protect|p1a: Pelipper\n|-singleturn|p1a: Pelipper|Protect\n|move|p2a: Calyrex|Glacial Lance|p1a: Pelipper|[spread] \n|-activate|p1a: Pelipper|move: Protect\n|-activate|p1b: Farigiraf|move: Protect\n|move|p2b: Brute Bonnet|Spore|p1a: Pelipper\n|-activate|p1a: Pelipper|move: Protect\n|\n|-weather|RainDance|[upkeep]\n|upkeep\n|turn|3\n|\n|t:|1720328460\n|move|p1a: Pelipper|Wide Guard|p1a: Pelipper\n|-singleturn|p1a: Pelipper|Wide Guard\n|move|p2a: Calyrex|Glacial Lance|p1a: Pelipper|[spread] \n|-activate|p1a: Pelipper|move: Wide Guard\n|-activate|p1b: Farigiraf|move: Wide Guard\n|move|p2b: Brute Bonnet|Spore|p1a: Pelipper\n|-status|p1a: Pelipper|slp|[from] move: Spore\n|move|p1b: Farigiraf|Trick Room|p1b: Farigiraf\n|-fieldend|move: Trick Room\n|\n|-weather|RainDance|[upkeep]\n|upkeep\n|turn|4\n|\n|t:|1720328473\n|cant|p1a: Pelipper|slp\n|move|p2b: Brute Bonnet|Spore|p1b: Farigiraf\n|-status|p1b: Farigiraf|slp|[from] move: Spore\n|cant|p1b: Farigiraf|slp\n|move|p2a: Calyrex|Trick Room|p2a: Calyrex\n|-fieldstart|move: Trick Room|[of] p2a: Calyrex\n|\n|-weather|RainDance|[upkeep]\n|upkeep\n|turn|5\n|\n|t:|1720328493\n|cant|p1a: Pelipper|slp\n|move|p2a: Calyrex|Glacial Lance|p1a: Pelipper|[spread] p1a,p1b\n|-damage|p1a: Pelipper|0 fnt\n|-damage|p1b: Farigiraf|41\/100 slp\n|faint|p1a: Pelipper\n|-ability|p2a: Calyrex|Chilling Neigh|boost\n|-boost|p2a: Calyrex|atk|1\n|move|p2b: Brute Bonnet|Pollen Puff|p2a: Calyrex\n|-heal|p2a: Calyrex|100\/100\n|cant|p1b: Farigiraf|slp\n|\n|-weather|none\n|upkeep\n|\n|t:|1720328504\n|switch|p1a: Calyrex|Calyrex-Ice, L50|100\/100\n|-ability|p1a: Calyrex|As One\n|-ability|p1a: Calyrex|Unnerve\n|turn|6\n|\n|t:|1720328513\n|switch|p1b: Urshifu|Urshifu-Rapid-Strike, L50, F|100\/100\n|move|p1a: Calyrex|Glacial Lance|p2a: Calyrex|[spread] p2a,p2b\n|-resisted|p2a: Calyrex\n|-supereffective|p2b: Brute Bonnet\n|-damage|p2a: Calyrex|82\/100\n|-damage|p2b: Brute Bonnet|14\/100\n|move|p2a: Calyrex|Glacial Lance|p1a: Calyrex|[spread] p1a,p1b\n|-resisted|p1a: Calyrex\n|-resisted|p1b: Urshifu\n|-damage|p1a: Calyrex|76\/100\n|-damage|p1b: Urshifu|57\/100\n|move|p2b: Brute Bonnet|Spore|p1a: Calyrex\n|-status|p1a: Calyrex|slp|[from] move: Spore\n|\n|upkeep\n|turn|7\n|\n|t:|1720328524\n|switch|p1b: Farigiraf|Farigiraf, L50, F|41\/100 slp\n|cant|p1a: Calyrex|slp\n|move|p2a: Calyrex|High Horsepower|p1b: Farigiraf\n|-damage|p1b: Farigiraf|0 fnt\n|faint|p1b: Farigiraf\n|-ability|p2a: Calyrex|Chilling Neigh|boost\n|-boost|p2a: Calyrex|atk|1\n|move|p2b: Brute Bonnet|Crunch|p1a: Calyrex\n|-supereffective|p1a: Calyrex\n|-damage|p1a: Calyrex|35\/100 slp\n|\n|upkeep\n|\n|t:|1720328528\n|switch|p1b: Urshifu|Urshifu-Rapid-Strike, L50, F|57\/100\n|turn|8\n|\n|t:|1720328535\n|move|p2b: Brute Bonnet|Rage Powder|p2b: Brute Bonnet\n|-singleturn|p2b: Brute Bonnet|move: Rage Powder\n|move|p2a: Calyrex|High Horsepower|p1a: Calyrex\n|-damage|p1a: Calyrex|0 fnt\n|-enditem|p2b: Brute Bonnet|Sitrus Berry|[eat]\n|-heal|p2b: Brute Bonnet|39\/100|[from] item: Sitrus Berry\n|faint|p1a: Calyrex\n|-ability|p2a: Calyrex|Chilling Neigh|boost\n|-boost|p2a: Calyrex|atk|1\n|move|p1b: Urshifu|Surging Strikes|p2b: Brute Bonnet\n|-resisted|p2b: Brute Bonnet\n|-crit|p2b: Brute Bonnet\n|-damage|p2b: Brute Bonnet|32\/100\n|-resisted|p2b: Brute Bonnet\n|-crit|p2b: Brute Bonnet\n|-damage|p2b: Brute Bonnet|25\/100\n|-resisted|p2b: Brute Bonnet\n|-crit|p2b: Brute Bonnet\n|-damage|p2b: Brute Bonnet|19\/100\n|-hitcount|p2b: Brute Bonnet|3\n|\n|-fieldend|move: Trick Room\n|upkeep\n|turn|9\n|-message|SnrubYesthatlldo forfeited.\n|\n|win|tuanzai233\n|raw|SnrubYesthatlldo's rating: 1747 &rarr; <strong>1724<\/strong><br \/>(-23 for losing)\n|raw|tuanzai233's rating: 1696 &rarr; <strong>1719<\/strong><br \/>(+23 for winning)\n|l|\u2606tuanzai233\n|player|p2|\n|l|\u2606SnrubYesthatlldo\n|player|p1|\n","uploadtime":1720328548,"views":50,"formatid":"gen9vgc2024regg","rating":1719,"private":0,"password":null}