{"id":"gen9vgc2024regg-2156063260","format":"[Gen 9] VGC 2024 Reg G","players":["tuanzai233","gilmoori"],"log":"|j|\u2606tuanzai233\n|j|\u2606gilmoori\n|t:|1720258326\n|gametype|doubles\n|player|p1|tuanzai233|2|1658\n|player|p2|gilmoori|pokefanf-gen4|1737\n|teamsize|p1|6\n|teamsize|p2|6\n|gen|9\n|tier|[Gen 9] VGC 2024 Reg G\n|rated|\n|rule|Species Clause: Limit one of each Pok\u00e9mon\n|rule|Item Clause: Limit one of each item\n|clearpoke\n|poke|p1|Indeedee-F, L50, F|\n|poke|p1|Torkoal, L50, M|\n|poke|p1|Calyrex-Ice, L50|\n|poke|p1|Annihilape, L50, M|\n|poke|p1|Urshifu-*, L50, F|\n|poke|p1|Brute Bonnet, L50|\n|poke|p2|Whimsicott, L50, M|\n|poke|p2|Flutter Mane, L50|\n|poke|p2|Calyrex-Shadow, L50|\n|poke|p2|Iron Hands, L50|\n|poke|p2|Clefairy, L50, F|\n|poke|p2|Ogerpon-Cornerstone, L50, F|\n|teampreview|4\n|inactive|Battle timer is ON: inactive players will automatically lose when time's up. (requested by gilmoori)\n|j| Gamersman423\n|\n|t:|1720258351\n|start\n|switch|p1a: Calyrex|Calyrex-Ice, L50|100\/100\n|switch|p1b: Indeedee|Indeedee-F, L50, F|100\/100\n|switch|p2a: Flotte-M\u00e8che|Flutter Mane, L50|100\/100\n|switch|p2b: Fisto|Iron Hands, L50, shiny|100\/100\n|-ability|p1a: Calyrex|As One\n|-ability|p1a: Calyrex|Unnerve\n|-fieldstart|move: Psychic Terrain|[from] ability: Psychic Surge|[of] p1b: Indeedee\n|turn|1\n|\n|t:|1720258368\n|-terastallize|p1a: Calyrex|Fire\n|move|p2a: Flotte-M\u00e8che|Moonblast|p1a: Calyrex\n|-resisted|p1a: Calyrex\n|-damage|p1a: Calyrex|74\/100\n|move|p2b: Fisto|Close Combat|p1a: Calyrex\n|-damage|p1a: Calyrex|29\/100\n|-unboost|p2b: Fisto|def|1\n|-unboost|p2b: Fisto|spd|1\n|move|p1a: Calyrex|Glacial Lance|p2b: Fisto|[spread] p2a,p2b\n|-damage|p2a: Flotte-M\u00e8che|5\/100\n|-damage|p2b: Fisto|34\/100\n|move|p1b: Indeedee|Trick Room|p1b: Indeedee\n|-fieldstart|move: Trick Room|[of] p1b: Indeedee\n|\n|upkeep\n|turn|2\n|\n|t:|1720258383\n|-end|p2b: Fisto|Quark Drive|[silent]\n|switch|p2b: Piepi|Clefairy, L50, F, shiny|100\/100\n|switch|p1b: Brute Bonnet|Brute Bonnet, L50, shiny|100\/100\n|-end|p2a: Flotte-M\u00e8che|Protosynthesis|[silent]\n|switch|p2a: Shamone Rider|Calyrex-Shadow, L50|100\/100\n|-ability|p2a: Shamone Rider|As One\n|-ability|p2a: Shamone Rider|Unnerve\n|move|p1a: Calyrex|Glacial Lance|p2a: Shamone Rider|[spread] p2a,p2b\n|-damage|p2a: Shamone Rider|59\/100\n|-damage|p2b: Piepi|56\/100\n|\n|upkeep\n|turn|3\n|\n|t:|1720258395\n|move|p2b: Piepi|Protect|p2b: Piepi\n|-singleturn|p2b: Piepi|Protect\n|move|p1a: Calyrex|Protect|p1a: Calyrex\n|-singleturn|p1a: Calyrex|Protect\n|move|p2a: Shamone Rider|Protect|p2a: Shamone Rider\n|-singleturn|p2a: Shamone Rider|Protect\n|move|p1b: Brute Bonnet|Spore|p2b: Piepi\n|-activate|p2b: Piepi|move: Protect\n|\n|upkeep\n|turn|4\n|inactive|gilmoori has 30 seconds left.\n|inactive|gilmoori has 20 seconds left.\n|\n|t:|1720258435\n|-terastallize|p2a: Shamone Rider|Water\n|move|p2b: Piepi|Follow Me|p2b: Piepi\n|-singleturn|p2b: Piepi|move: Follow Me\n|move|p1a: Calyrex|Glacial Lance|p2b: Piepi|[spread] p2a,p2b\n|-resisted|p2a: Shamone Rider\n|-damage|p2a: Shamone Rider|37\/100\n|-damage|p2b: Piepi|11\/100\n|move|p1b: Brute Bonnet|Pollen Puff|p2b: Piepi\n|-resisted|p2b: Piepi\n|-damage|p2b: Piepi|3\/100\n|move|p2a: Shamone Rider|Astral Barrage|p1a: Calyrex|[spread] p1a,p1b\n|-resisted|p1b: Brute Bonnet\n|-damage|p1a: Calyrex|0 fnt\n|-damage|p1b: Brute Bonnet|78\/100\n|faint|p1a: Calyrex\n|-ability|p2a: Shamone Rider|Grim Neigh|boost\n|-boost|p2a: Shamone Rider|spa|1\n|\n|upkeep\n|j| jasonrfry1\n|\n|t:|1720258457\n|switch|p1a: Indeedee|Indeedee-F, L50, F|100\/100\n|turn|5\n|inactive|gilmoori has 30 seconds left.\n|\n|t:|1720258485\n|move|p2b: Piepi|Follow Me|p2b: Piepi\n|-singleturn|p2b: Piepi|move: Follow Me\n|move|p1a: Indeedee|Follow Me|p1a: Indeedee\n|-singleturn|p1a: Indeedee|move: Follow Me\n|move|p1b: Brute Bonnet|Spore|p2b: Piepi\n|-status|p2b: Piepi|slp|[from] move: Spore\n|move|p2a: Shamone Rider|Tera Blast|p1a: Indeedee|[anim] Tera Blast Water\n|-damage|p1a: Indeedee|34\/100\n|\n|-fieldend|move: Trick Room\n|-fieldend|move: Psychic Terrain\n|upkeep\n|turn|6\n|inactive|gilmoori has 30 seconds left.\n|\n|t:|1720258514\n|switch|p2b: Fisto|Iron Hands, L50, shiny|34\/100\n|move|p1b: Brute Bonnet|Rage Powder|p1b: Brute Bonnet\n|-singleturn|p1b: Brute Bonnet|move: Rage Powder\n|move|p2a: Shamone Rider|Tera Blast|p1b: Brute Bonnet|[anim] Tera Blast Water\n|-resisted|p1b: Brute Bonnet\n|-damage|p1b: Brute Bonnet|50\/100\n|move|p1a: Indeedee|Trick Room|p1a: Indeedee\n|-fieldstart|move: Trick Room|[of] p1a: Indeedee\n|\n|upkeep\n|turn|7\n|inactive|gilmoori has 30 seconds left.\n|inactive|gilmoori has 20 seconds left.\n|inactive|gilmoori has 15 seconds left.\n|inactive|gilmoori has 10 seconds left.\n|\n|t:|1720258561\n|move|p2b: Fisto|Fake Out|p1b: Brute Bonnet\n|-damage|p1b: Brute Bonnet|38\/100\n|cant|p1b: Brute Bonnet|flinch\n|move|p1a: Indeedee|Dazzling Gleam|p2a: Shamone Rider|[spread] p2a,p2b\n|-supereffective|p2b: Fisto\n|-damage|p2a: Shamone Rider|26\/100\n|-damage|p2b: Fisto|18\/100\n|move|p2a: Shamone Rider|Tera Blast|p1a: Indeedee|[anim] Tera Blast Water\n|-damage|p1a: Indeedee|0 fnt\n|faint|p1a: Indeedee\n|-ability|p2a: Shamone Rider|Grim Neigh|boost\n|-boost|p2a: Shamone Rider|spa|1\n|\n|upkeep\n|\n|t:|1720258568\n|switch|p1a: Torkoal|Torkoal, L50, M|100\/100\n|-weather|SunnyDay|[from] ability: Drought|[of] p1a: Torkoal\n|-activate|p1b: Brute Bonnet|ability: Protosynthesis\n|-start|p1b: Brute Bonnet|protosynthesisdef\n|turn|8\n|\n|t:|1720258581\n|-end|p2b: Fisto|Quark Drive|[silent]\n|switch|p2b: Piepi|Clefairy, L50, F, shiny|3\/100 slp\n|move|p2a: Shamone Rider|Protect|p2a: Shamone Rider\n|-singleturn|p2a: Shamone Rider|Protect\n|move|p1a: Torkoal|Eruption|p2a: Shamone Rider|[spread] p2b\n|-activate|p2a: Shamone Rider|move: Protect\n|-damage|p2b: Piepi|0 fnt\n|faint|p2b: Piepi\n|move|p1b: Brute Bonnet|Crunch|p2a: Shamone Rider\n|-activate|p2a: Shamone Rider|move: Protect\n|\n|-weather|SunnyDay|[upkeep]\n|upkeep\n|j| unf_nny\n|inactive|gilmoori has 30 seconds left.\n|\n|t:|1720258607\n|switch|p2b: Fisto|Iron Hands, L50, shiny|18\/100\n|turn|9\n|\n|t:|1720258624\n|move|p2b: Fisto|Fake Out|p1b: Brute Bonnet\n|-damage|p1b: Brute Bonnet|29\/100\n|move|p1a: Torkoal|Eruption|p2a: Shamone Rider|[spread] p2a,p2b\n|-resisted|p2a: Shamone Rider\n|-damage|p2a: Shamone Rider|0 fnt\n|-damage|p2b: Fisto|0 fnt\n|-enditem|p1b: Brute Bonnet|Sitrus Berry|[eat]\n|-heal|p1b: Brute Bonnet|54\/100|[from] item: Sitrus Berry\n|faint|p2a: Shamone Rider\n|faint|p2b: Fisto\n|-end|p2b: Fisto|Quark Drive|[silent]\n|cant|p1b: Brute Bonnet|flinch\n|\n|-weather|SunnyDay|[upkeep]\n|upkeep\n|-message|gilmoori forfeited.\n|\n|win|tuanzai233\n|raw|tuanzai233's rating: 1658 &rarr; <strong>1682<\/strong><br \/>(+24 for winning)\n|raw|gilmoori's rating: 1737 &rarr; <strong>1713<\/strong><br \/>(-24 for losing)\n|l|\u2606gilmoori\n|player|p2|\n|l| jasonrfry1\n|l|\u2606tuanzai233\n|player|p1|\n|l| unf_nny\n|l| Gamersman423\n","uploadtime":1720258835,"views":55,"formatid":"gen9vgc2024regg","rating":1682,"private":0,"password":null}