{"id":"gen9vgc2024regg-2156486824","format":"[Gen 9] VGC 2024 Reg G","players":["Doggykiny","tuanzai233"],"log":"|j|\u2606Doggykiny\n|j|\u2606tuanzai233\n|t:|1720321457\n|gametype|doubles\n|player|p1|Doggykiny|cynthia|1753\n|player|p2|tuanzai233|266|1755\n|teamsize|p1|6\n|teamsize|p2|6\n|gen|9\n|tier|[Gen 9] VGC 2024 Reg G\n|rated|\n|rule|Species Clause: Limit one of each Pok\u00e9mon\n|rule|Item Clause: Limit one of each item\n|clearpoke\n|poke|p1|Raging Bolt, L50|\n|poke|p1|Urshifu-*, L50, F|\n|poke|p1|Ogerpon-Cornerstone, L50, F|\n|poke|p1|Calyrex-Ice, L50|\n|poke|p1|Iron Valiant, L50|\n|poke|p1|Pelipper, L50, F|\n|poke|p2|Indeedee-F, L50, F|\n|poke|p2|Torkoal, L50, M|\n|poke|p2|Calyrex-Ice, L50|\n|poke|p2|Annihilape, L50, M|\n|poke|p2|Urshifu-*, L50, M|\n|poke|p2|Brute Bonnet, L50|\n|teampreview|4\n|j| sprocke123\n|j| akuyaVietNam\n|\n|t:|1720321500\n|start\n|switch|p1a: Ogerpon|Ogerpon-Cornerstone, L50, F|100\/100\n|switch|p1b: Iron Valiant|Iron Valiant, L50|100\/100\n|switch|p2a: Calyrex|Calyrex-Ice, L50|100\/100\n|switch|p2b: Indeedee|Indeedee-F, L50, F|100\/100\n|-ability|p2a: Calyrex|As One\n|-ability|p2a: Calyrex|Unnerve\n|-fieldstart|move: Psychic Terrain|[from] ability: Psychic Surge|[of] p2b: Indeedee\n|-enditem|p1b: Iron Valiant|Booster Energy\n|-activate|p1b: Iron Valiant|ability: Quark Drive|[fromitem]\n|-start|p1b: Iron Valiant|quarkdrivespe\n|turn|1\n|\n|t:|1720321515\n|move|p1a: Ogerpon|Spiky Shield|p1a: Ogerpon\n|-singleturn|p1a: Ogerpon|move: Protect\n|move|p2b: Indeedee|Follow Me|p2b: Indeedee\n|-singleturn|p2b: Indeedee|move: Follow Me\n|move|p1b: Iron Valiant|Disable|p2b: Indeedee\n|-start|p2b: Indeedee|Disable|Follow Me\n|move|p2a: Calyrex|Trick Room|p2a: Calyrex\n|-fieldstart|move: Trick Room|[of] p2a: Calyrex\n|\n|upkeep\n|turn|2\n|c| akuyaVietNam|c\u1ed1 l\u00ean tuanzai :)))\n|\n|t:|1720321539\n|move|p1b: Iron Valiant|Protect|p1b: Iron Valiant\n|-singleturn|p1b: Iron Valiant|Protect\n|move|p2a: Calyrex|High Horsepower|p1a: Ogerpon\n|-damage|p1a: Ogerpon|47\/100\n|move|p2b: Indeedee|Dazzling Gleam|p1a: Ogerpon|[spread] p1a\n|-activate|p1b: Iron Valiant|move: Protect\n|-damage|p1a: Ogerpon|31\/100\n|move|p1a: Ogerpon|Ivy Cudgel|p2a: Calyrex|[anim] Ivy Cudgel Rock\n|-supereffective|p2a: Calyrex\n|-damage|p2a: Calyrex|31\/100\n|\n|upkeep\n|turn|3\n|\n|t:|1720321555\n|move|p2a: Calyrex|Glacial Lance|p1a: Ogerpon|[spread] p1a,p1b\n|-supereffective|p1a: Ogerpon\n|-damage|p1a: Ogerpon|0 fnt\n|-damage|p1b: Iron Valiant|44\/100\n|faint|p1a: Ogerpon\n|-ability|p2a: Calyrex|Chilling Neigh|boost\n|-boost|p2a: Calyrex|atk|1\n|move|p2b: Indeedee|Dazzling Gleam|p1b: Iron Valiant\n|-supereffective|p1b: Iron Valiant\n|-damage|p1b: Iron Valiant|0 fnt\n|faint|p1b: Iron Valiant\n|-end|p1b: Iron Valiant|Quark Drive|[silent]\n|\n|upkeep\n|\n|t:|1720321559\n|switch|p1b: Calyrex|Calyrex-Ice, L50|100\/100\n|switch|p1a: Pelipper|Pelipper, L50, F|100\/100\n|-ability|p1b: Calyrex|As One\n|-ability|p1b: Calyrex|Unnerve\n|-weather|RainDance|[from] ability: Drizzle|[of] p1a: Pelipper\n|turn|4\n|c|\u2606tuanzai233|hello\n|\n|t:|1720321571\n|move|p1a: Pelipper|Wide Guard|p1a: Pelipper\n|-singleturn|p1a: Pelipper|Wide Guard\n|move|p2a: Calyrex|Glacial Lance|p1b: Calyrex|[spread] \n|-activate|p1a: Pelipper|move: Wide Guard\n|-activate|p1b: Calyrex|move: Wide Guard\n|move|p2b: Indeedee|Dazzling Gleam|p1a: Pelipper|[spread] \n|-activate|p1a: Pelipper|move: Wide Guard\n|-activate|p1b: Calyrex|move: Wide Guard\n|move|p1b: Calyrex|Crunch|p2a: Calyrex\n|-supereffective|p2a: Calyrex\n|-damage|p2a: Calyrex|0 fnt\n|faint|p2a: Calyrex\n|-ability|p1b: Calyrex|Chilling Neigh|boost\n|-boost|p1b: Calyrex|atk|1\n|\n|-weather|RainDance|[upkeep]\n|upkeep\n|\n|t:|1720321574\n|switch|p2a: Brute Bonnet|Brute Bonnet, L50, shiny|100\/100\n|turn|5\n|c| akuyaVietNam|good morning\n|\n|t:|1720321601\n|-terastallize|p2a: Brute Bonnet|Poison\n|-terastallize|p1b: Calyrex|Dragon\n|move|p1a: Pelipper|Wide Guard|p1a: Pelipper\n|-singleturn|p1a: Pelipper|Wide Guard\n|move|p2a: Brute Bonnet|Spore|p1a: Pelipper\n|-status|p1a: Pelipper|slp|[from] move: Spore\n|move|p2b: Indeedee|Dazzling Gleam|p1b: Calyrex|[spread] \n|-activate|p1a: Pelipper|move: Wide Guard\n|-activate|p1b: Calyrex|move: Wide Guard\n|move|p1b: Calyrex|Glacial Lance|p2b: Indeedee|[spread] p2a,p2b\n|-damage|p2a: Brute Bonnet|41\/100\n|-damage|p2b: Indeedee|8\/100\n|\n|-weather|RainDance|[upkeep]\n|-end|p2b: Indeedee|Disable\n|-fieldend|move: Trick Room\n|-fieldend|move: Psychic Terrain\n|upkeep\n|turn|6\n|\n|t:|1720321620\n|cant|p1a: Pelipper|slp\n|move|p1b: Calyrex|Glacial Lance|p2b: Indeedee|[spread] p2a,p2b\n|-damage|p2a: Brute Bonnet|0 fnt\n|-damage|p2b: Indeedee|0 fnt\n|faint|p2a: Brute Bonnet\n|-end|p2a: Brute Bonnet|Protosynthesis|[silent]\n|faint|p2b: Indeedee\n|-ability|p1b: Calyrex|Chilling Neigh|boost\n|-boost|p1b: Calyrex|atk|2\n|\n|-weather|RainDance|[upkeep]\n|upkeep\n|-message|tuanzai233 forfeited.\n|\n|win|Doggykiny\n|raw|Doggykiny's rating: 1753 &rarr; <strong>1773<\/strong><br \/>(+20 for winning)\n|raw|tuanzai233's rating: 1755 &rarr; <strong>1735<\/strong><br \/>(-20 for losing)\n|l|\u2606tuanzai233\n|player|p2|\n|l| akuyaVietNam\n|l| sprocke123\n|l|\u2606Doggykiny\n|player|p1|\n","uploadtime":1720321795,"views":30,"formatid":"gen9vgc2024regg","rating":1735,"private":0,"password":null}