{"id":"gen9vgc2024regg-2156046267","format":"[Gen 9] VGC 2024 Reg G","players":["ywzdyan","tuanzai233"],"log":"|j|\u2606ywzdyan\n|j|\u2606tuanzai233\n|t:|1720254377\n|gametype|doubles\n|player|p1|ywzdyan|265|1645\n|player|p2|tuanzai233|2|1802\n|teamsize|p1|6\n|teamsize|p2|6\n|gen|9\n|tier|[Gen 9] VGC 2024 Reg G\n|rated|\n|rule|Species Clause: Limit one of each Pok\u00e9mon\n|rule|Item Clause: Limit one of each item\n|clearpoke\n|poke|p1|Miraidon, L50|\n|poke|p1|Farigiraf, L50, F|\n|poke|p1|Iron Valiant, L50|\n|poke|p1|Ursaluna-Bloodmoon, L50, M|\n|poke|p1|Whimsicott, L50, M|\n|poke|p1|Ogerpon-Hearthflame, L50, F|\n|poke|p2|Indeedee-F, L50, F|\n|poke|p2|Torkoal, L50, M|\n|poke|p2|Calyrex-Ice, L50|\n|poke|p2|Annihilape, L50, M|\n|poke|p2|Urshifu-*, L50, F|\n|poke|p2|Brute Bonnet, L50|\n|teampreview|4\n|inactive|Battle timer is ON: inactive players will automatically lose when time's up. (requested by ywzdyan)\n|\n|t:|1720254400\n|start\n|switch|p1a: Whimsicott|Whimsicott, L50, M, shiny|100\/100\n|switch|p1b: Miraidon|Miraidon, L50|100\/100\n|switch|p2a: Calyrex|Calyrex-Ice, L50|100\/100\n|switch|p2b: Annihilape|Annihilape, L50, M|100\/100\n|-ability|p2a: Calyrex|As One\n|-ability|p2a: Calyrex|Unnerve\n|-fieldstart|move: Electric Terrain|[from] ability: Hadron Engine|[of] p1b: Miraidon\n|turn|1\n|\n|t:|1720254405\n|switch|p2b: Indeedee|Indeedee-F, L50, F|100\/100\n|-fieldstart|move: Psychic Terrain|[from] ability: Psychic Surge|[of] p2b: Indeedee\n|move|p2a: Calyrex|Protect|p2a: Calyrex\n|-singleturn|p2a: Calyrex|Protect\n|move|p1a: Whimsicott|Tailwind|p1a: Whimsicott\n|-sidestart|p1: ywzdyan|move: Tailwind\n|move|p1b: Miraidon|Volt Switch|p2b: Indeedee\n|-damage|p2b: Indeedee|39\/100\n|j| Dasmoc\n|\n|t:|1720254413\n|switch|p1b: Farigiraf|Farigiraf, L50, F|100\/100|[from] Volt Switch\n|\n|upkeep\n|turn|2\n|\n|t:|1720254423\n|-terastallize|p1a: Whimsicott|Water\n|-terastallize|p2a: Calyrex|Fire\n|move|p1a: Whimsicott|Moonblast|p2b: Indeedee\n|-damage|p2b: Indeedee|6\/100\n|-unboost|p2b: Indeedee|spa|1\n|move|p1b: Farigiraf|Imprison|p1b: Farigiraf\n|-start|p1b: Farigiraf|move: Imprison\n|move|p2a: Calyrex|Glacial Lance|p1a: Whimsicott|[spread] p1a,p1b\n|-resisted|p1a: Whimsicott\n|-damage|p1a: Whimsicott|63\/100\n|-damage|p1b: Farigiraf|48\/100\n|cant|p2b: Indeedee|move: Imprison|Trick Room\n|\n|upkeep\n|turn|3\n|inactive|ywzdyan has 30 seconds left.\n|inactive|tuanzai233 has 30 seconds left.\n|\n|t:|1720254451\n|switch|p2b: Annihilape|Annihilape, L50, M|100\/100\n|move|p2a: Calyrex|Protect|p2a: Calyrex\n|-singleturn|p2a: Calyrex|Protect\n|move|p1a: Whimsicott|Moonblast|p2a: Calyrex\n|-activate|p2a: Calyrex|move: Protect\n|move|p1b: Farigiraf|Psychic Noise|p2b: Annihilape\n|-supereffective|p2b: Annihilape\n|-damage|p2b: Annihilape|39\/100\n|-start|p2b: Annihilape|move: Heal Block\n|\n|upkeep\n|turn|4\n|\n|t:|1720254474\n|switch|p1b: Miraidon|Miraidon, L50|100\/100\n|-fieldstart|move: Electric Terrain|[from] ability: Hadron Engine|[of] p1b: Miraidon\n|move|p1a: Whimsicott|Encore|p2a: Calyrex\n|-start|p2a: Calyrex|Encore\n|move|p2b: Annihilape|Coaching|p2a: Calyrex\n|-boost|p2a: Calyrex|atk|1\n|-boost|p2a: Calyrex|def|1\n|move|p2a: Calyrex|Protect||[still]\n|-fail|p2a: Calyrex\n|\n|-end|p2b: Annihilape|move: Heal Block\n|-sideend|p1: ywzdyan|move: Tailwind\n|upkeep\n|turn|5\n|\n|t:|1720254488\n|switch|p2b: Torkoal|Torkoal, L50, M|100\/100\n|-weather|SunnyDay|[from] ability: Drought|[of] p2b: Torkoal\n|switch|p2a: Indeedee|Indeedee-F, L50, F|6\/100\n|-fieldstart|move: Psychic Terrain|[from] ability: Psychic Surge|[of] p2a: Indeedee\n|move|p1a: Whimsicott|Tailwind|p1a: Whimsicott\n|-sidestart|p1: ywzdyan|move: Tailwind\n|move|p1b: Miraidon|Volt Switch|p2b: Torkoal\n|-damage|p2b: Torkoal|13\/100\n|-message|tuanzai233 forfeited.\n|\n|win|ywzdyan\n|raw|ywzdyan's rating: 1645 &rarr; <strong>1673<\/strong><br \/>(+28 for winning)\n|raw|tuanzai233's rating: 1802 &rarr; <strong>1774<\/strong><br \/>(-28 for losing)\n|l|\u2606tuanzai233\n|player|p2|\n|l| Dasmoc\n|l|\u2606ywzdyan\n|player|p1|\n","uploadtime":1720254660,"views":17,"formatid":"gen9vgc2024regg","rating":1673,"private":0,"password":null}