{"id":"gen9vgc2024regg-2156834745","format":"[Gen 9] VGC 2024 Reg G","players":["Phononmode","Dathluke"],"log":"|j|\u2606Phononmode\n|j|\u2606Dathluke\n|t:|1720379948\n|gametype|doubles\n|player|p1|Phononmode|266|1727\n|player|p2|Dathluke|larry|1751\n|teamsize|p1|6\n|teamsize|p2|6\n|gen|9\n|tier|[Gen 9] VGC 2024 Reg G\n|rated|\n|rule|Species Clause: Limit one of each Pok\u00e9mon\n|rule|Item Clause: Limit one of each item\n|clearpoke\n|poke|p1|Calyrex-Ice, L50|\n|poke|p1|Rillaboom, L50, M|\n|poke|p1|Ting-Lu, L50|\n|poke|p1|Skeledirge, L50, F|\n|poke|p1|Raging Bolt, L50|\n|poke|p1|Iron Bundle, L50|\n|poke|p2|Zamazenta-*, L50|\n|poke|p2|Thundurus, L50, M|\n|poke|p2|Urshifu-*, L50, F|\n|poke|p2|Rillaboom, L50, F|\n|poke|p2|Chien-Pao, L50|\n|poke|p2|Incineroar, L50, M|\n|teampreview|4\nPhononmode has agreed to open team sheets.\nDathluke has agreed to open team sheets.\n|inactive|Battle timer is ON: inactive players will automatically lose when time's up. (requested by Phononmode)\n|j| BreadTest\n|inactive|Phononmode has 60 seconds left.\n|\n|t:|1720379983\n|start\n|switch|p1a: Iron Bundle|Iron Bundle, L50|100\/100\n|switch|p1b: Calyrex|Calyrex-Ice, L50|100\/100\n|switch|p2a: Zamazenta|Zamazenta-Crowned, L50|100\/100\n|switch|p2b: Urshifu|Urshifu-Rapid-Strike, L50, F|100\/100\n|-ability|p1b: Calyrex|As One\n|-ability|p1b: Calyrex|Unnerve\n|-ability|p2a: Zamazenta|Dauntless Shield|boost\n|-boost|p2a: Zamazenta|def|1\n|turn|1\n|inactive|Phononmode has 30 seconds left.\n|inactive|Phononmode has 20 seconds left.\n|inactive|Phononmode has 15 seconds left.\n|\n|t:|1720380025\n|-end|p1a: Iron Bundle|Quark Drive|[silent]\n|switch|p1a: Skeledirge|Skeledirge, L50, F|100\/100\n|switch|p2b: Incineroar|Incineroar, L50, M|100\/100\n|-ability|p2b: Incineroar|Intimidate|boost\n|-unboost|p1a: Skeledirge|atk|1\n|-fail|p1b: Calyrex|unboost|[from] item: Clear Amulet|[of] p1b: Calyrex\n|move|p2a: Zamazenta|Body Press|p1a: Skeledirge\n|-immune|p1a: Skeledirge\n|move|p1b: Calyrex|High Horsepower|p2b: Incineroar\n|-supereffective|p2b: Incineroar\n|-damage|p2b: Incineroar|23\/100\n|\n|upkeep\n|turn|2\n|inactive|Phononmode has 30 seconds left.\n|inactive|Dathluke has 30 seconds left.\n|j| michaevgc2355\n|\n|t:|1720380060\n|switch|p1b: Iron Bundle|Iron Bundle, L50|100\/100\n|-enditem|p2b: Incineroar|Sitrus Berry|[eat]\n|-heal|p2b: Incineroar|48\/100|[from] item: Sitrus Berry\n|move|p2a: Zamazenta|Body Press|p1b: Iron Bundle\n|-supereffective|p1b: Iron Bundle\n|-damage|p1b: Iron Bundle|0 fnt\n|faint|p1b: Iron Bundle\n|-end|p1b: Iron Bundle|Quark Drive|[silent]\n|move|p1a: Skeledirge|Will-O-Wisp|p2a: Zamazenta\n|-status|p2a: Zamazenta|brn\n|move|p2b: Incineroar|Knock Off|p1a: Skeledirge\n|-supereffective|p1a: Skeledirge\n|-damage|p1a: Skeledirge|43\/100\n|-enditem|p1a: Skeledirge|Safety Goggles|[from] move: Knock Off|[of] p2b: Incineroar\n|\n|-damage|p2a: Zamazenta|94\/100 brn|[from] brn\n|upkeep\n|\n|t:|1720380070\n|switch|p1b: Raging Bolt|Raging Bolt, L50|100\/100\n|-enditem|p1b: Raging Bolt|Booster Energy\n|-activate|p1b: Raging Bolt|ability: Protosynthesis|[fromitem]\n|-start|p1b: Raging Bolt|protosynthesisspa\n|turn|3\n|\n|t:|1720380081\n|move|p2a: Zamazenta|Body Press|p1b: Raging Bolt\n|-damage|p1b: Raging Bolt|71\/100\n|move|p1b: Raging Bolt|Thunderbolt|p2b: Incineroar\n|-damage|p2b: Incineroar|0 fnt\n|faint|p2b: Incineroar\n|move|p1a: Skeledirge|Slack Off|p1a: Skeledirge\n|-heal|p1a: Skeledirge|93\/100\n|\n|-damage|p2a: Zamazenta|88\/100 brn|[from] brn\n|upkeep\n|\n|t:|1720380089\n|switch|p2b: Chien-Pao|Chien-Pao, L50|100\/100\n|-ability|p2b: Chien-Pao|Sword of Ruin\n|turn|4\n|l| BreadTest\n|\n|t:|1720380108\n|move|p2b: Chien-Pao|Protect|p2b: Chien-Pao\n|-singleturn|p2b: Chien-Pao|Protect\n|move|p2a: Zamazenta|Protect|p2a: Zamazenta\n|-singleturn|p2a: Zamazenta|Protect\n|move|p1b: Raging Bolt|Thunderbolt|p2b: Chien-Pao\n|-activate|p2b: Chien-Pao|move: Protect\n|move|p1a: Skeledirge|Will-O-Wisp|p2b: Chien-Pao\n|-activate|p2b: Chien-Pao|move: Protect\n|\n|-damage|p2a: Zamazenta|82\/100 brn|[from] brn\n|upkeep\n|turn|5\n|inactive|Phononmode has 30 seconds left.\n|j| BreadTest\n|\n|t:|1720380143\n|move|p1b: Raging Bolt|Thunderclap|p2b: Chien-Pao\n|-damage|p2b: Chien-Pao|8\/100\n|move|p2b: Chien-Pao|Icicle Crash|p1b: Raging Bolt\n|-supereffective|p1b: Raging Bolt\n|-damage|p1b: Raging Bolt|0 fnt\n|faint|p1b: Raging Bolt\n|-end|p1b: Raging Bolt|Protosynthesis|[silent]\n|move|p2a: Zamazenta|Body Press|p1a: Skeledirge\n|-immune|p1a: Skeledirge\n|move|p1a: Skeledirge|Torch Song|p2b: Chien-Pao\n|-supereffective|p2b: Chien-Pao\n|-damage|p2b: Chien-Pao|0 fnt\n|-boost|p1a: Skeledirge|spa|1\n|faint|p2b: Chien-Pao\n|\n|-damage|p2a: Zamazenta|76\/100 brn|[from] brn\n|upkeep\n|\n|t:|1720380167\n|switch|p2b: Urshifu|Urshifu-Rapid-Strike, L50, F|100\/100\n|switch|p1b: Calyrex|Calyrex-Ice, L50|100\/100\n|-ability|p1b: Calyrex|As One\n|-ability|p1b: Calyrex|Unnerve\n|turn|6\n|\n|t:|1720380177\n|-terastallize|p2b: Urshifu|Water\n|move|p2a: Zamazenta|Body Press|p1a: Skeledirge\n|-immune|p1a: Skeledirge\n|move|p2b: Urshifu|Surging Strikes|p1a: Skeledirge\n|-supereffective|p1a: Skeledirge\n|-crit|p1a: Skeledirge\n|-damage|p1a: Skeledirge|51\/100\n|-supereffective|p1a: Skeledirge\n|-crit|p1a: Skeledirge\n|-damage|p1a: Skeledirge|10\/100\n|-supereffective|p1a: Skeledirge\n|-crit|p1a: Skeledirge\n|-damage|p1a: Skeledirge|0 fnt\n|faint|p1a: Skeledirge\n|-hitcount|p1: Skeledirge|3\n|move|p1b: Calyrex|Glacial Lance|p2a: Zamazenta|[spread] p2a,p2b\n|-resisted|p2a: Zamazenta\n|-resisted|p2b: Urshifu\n|-crit|p2b: Urshifu\n|-damage|p2a: Zamazenta|65\/100 brn\n|-damage|p2b: Urshifu|57\/100\n|\n|-damage|p2a: Zamazenta|59\/100 brn|[from] brn\n|upkeep\n|turn|7\n|\n|t:|1720380189\n|move|p2a: Zamazenta|Body Press|p1b: Calyrex\n|-damage|p1b: Calyrex|80\/100\n|move|p2b: Urshifu|Surging Strikes|p1b: Calyrex\n|-crit|p1b: Calyrex\n|-damage|p1b: Calyrex|62\/100\n|-crit|p1b: Calyrex\n|-damage|p1b: Calyrex|44\/100\n|-crit|p1b: Calyrex\n|-damage|p1b: Calyrex|25\/100\n|-hitcount|p1b: Calyrex|3\n|move|p1b: Calyrex|High Horsepower|p2b: Urshifu\n|-damage|p2b: Urshifu|16\/100\n|\n|-damage|p2a: Zamazenta|52\/100 brn|[from] brn\n|upkeep\n|turn|8\n|-message|Phononmode forfeited.\n|\n|win|Dathluke\n|raw|Phononmode's rating: 1727 &rarr; <strong>1708<\/strong><br \/>(-19 for losing)\n|raw|Dathluke's rating: 1751 &rarr; <strong>1770<\/strong><br \/>(+19 for winning)\n|l|\u2606Phononmode\n|player|p1|\n","uploadtime":1720380206,"views":48,"formatid":"gen9vgc2024regg","rating":1708,"private":0,"password":null}