{"id":"gen9vgc2024regg-2156479682","format":"[Gen 9] VGC 2024 Reg G","players":["CCC2026","Waffles4breakfast"],"log":"|j|\u2606CCC2026\n|j|\u2606Waffles4breakfast\n|t:|1720320333\n|gametype|doubles\n|player|p1|CCC2026|dawn|1685\n|player|p2|Waffles4breakfast|juggler|1745\n|teamsize|p1|6\n|teamsize|p2|6\n|gen|9\n|tier|[Gen 9] VGC 2024 Reg G\n|rated|\n|rule|Species Clause: Limit one of each Pok\u00e9mon\n|rule|Item Clause: Limit one of each item\n|clearpoke\n|poke|p1|Urshifu-*, L50, M|\n|poke|p1|Incineroar, L50, M|\n|poke|p1|Rillaboom, L50, M|\n|poke|p1|Tornadus, L50, M|\n|poke|p1|Calyrex-Shadow, L50|\n|poke|p1|Raging Bolt, L50|\n|poke|p2|Kyogre, L50|\n|poke|p2|Tornadus, L50, M|\n|poke|p2|Annihilape, L50, F|\n|poke|p2|Flutter Mane, L50|\n|poke|p2|Dragonite, L50, M|\n|poke|p2|Indeedee-F, L50, F|\n|teampreview|4\n|j| GiveMeChance\n|inactive|Battle timer is ON: inactive players will automatically lose when time's up. (requested by Waffles4breakfast)\n|\n|t:|1720320403\n|start\n|switch|p1a: Raging Bolt|Raging Bolt, L50|100\/100\n|switch|p1b: Urshifu|Urshifu-Rapid-Strike, L50, M|100\/100\n|switch|p2a: Dragonite|Dragonite, L50, M|100\/100\n|switch|p2b: Indeedee|Indeedee-F, L50, F|100\/100\n|-fieldstart|move: Psychic Terrain|[from] ability: Psychic Surge|[of] p2b: Indeedee\n|-enditem|p1a: Raging Bolt|Booster Energy\n|-activate|p1a: Raging Bolt|ability: Protosynthesis|[fromitem]\n|-start|p1a: Raging Bolt|protosynthesisspa\n|turn|1\n|inactive|CCC2026 has 30 seconds left.\n|\n|t:|1720320433\n|move|p1b: Urshifu|Detect|p1b: Urshifu\n|-singleturn|p1b: Urshifu|Protect\n|move|p2a: Dragonite|Outrage|p1b: Urshifu\n|-activate|p1b: Urshifu|move: Protect\n|move|p1a: Raging Bolt|Thunderbolt|p2a: Dragonite\n|-damage|p2a: Dragonite|42\/100\n|move|p2b: Indeedee|Trick Room|p2b: Indeedee\n|-fieldstart|move: Trick Room|[of] p2b: Indeedee\n|\n|upkeep\n|turn|2\n|inactive|CCC2026 has 30 seconds left.\n|inactive|CCC2026 has 20 seconds left.\n|inactive|CCC2026 has 15 seconds left.\n|inactive|CCC2026 has 10 seconds left.\n|inactive|CCC2026 has 5 seconds left.\n|\n|t:|1720320484\n|switch|p2b: Flutter Mane|Flutter Mane, L50|100\/100\n|switch|p1b: Rillaboom|Rillaboom, L50, M|100\/100\n|-fieldstart|move: Grassy Terrain|[from] ability: Grassy Surge|[of] p1b: Rillaboom\n|move|p1a: Raging Bolt|Protect|p1a: Raging Bolt\n|-singleturn|p1a: Raging Bolt|Protect\n|move|p2a: Dragonite|Outrage|p1a: Raging Bolt\n|-activate|p1a: Raging Bolt|move: Protect\n|\n|upkeep\n|turn|3\n|inactive|Waffles4breakfast has 30 seconds left.\n|\n|t:|1720320515\n|move|p1a: Raging Bolt|Thunderbolt|p2a: Dragonite\n|-damage|p2a: Dragonite|0 fnt\n|faint|p2a: Dragonite\n|move|p1b: Rillaboom|Wood Hammer|p2b: Flutter Mane\n|-enditem|p2b: Flutter Mane|Focus Sash\n|-damage|p2b: Flutter Mane|1\/100\n|-damage|p1b: Rillaboom|78\/100|[from] Recoil\n|move|p2b: Flutter Mane|Dazzling Gleam|p1b: Rillaboom|[spread] p1a,p1b\n|-supereffective|p1a: Raging Bolt\n|-damage|p1a: Raging Bolt|50\/100\n|-damage|p1b: Rillaboom|55\/100\n|\n|-heal|p1a: Raging Bolt|57\/100|[from] Grassy Terrain\n|-heal|p1b: Rillaboom|61\/100|[from] Grassy Terrain\n|-heal|p2b: Flutter Mane|7\/100|[from] Grassy Terrain\n|upkeep\n|\n|t:|1720320518\n|switch|p2a: Kyogre|Kyogre, L50|100\/100\n|-weather|RainDance|[from] ability: Drizzle|[of] p2a: Kyogre\n|turn|4\n|inactive|CCC2026 has 30 seconds left.\n|\n|t:|1720320543\n|-end|p2b: Flutter Mane|Protosynthesis|[silent]\n|switch|p2b: Indeedee|Indeedee-F, L50, F|100\/100\n|-fieldstart|move: Psychic Terrain|[from] ability: Psychic Surge|[of] p2b: Indeedee\n|-terastallize|p2a: Kyogre|Ghost\n|move|p1a: Raging Bolt|Thunderbolt|p2a: Kyogre\n|-damage|p2a: Kyogre|59\/100\n|move|p1b: Rillaboom|Wood Hammer|p2b: Indeedee\n|-damage|p2b: Indeedee|39\/100\n|-damage|p1b: Rillaboom|43\/100|[from] Recoil\n|move|p2a: Kyogre|Origin Pulse|p1a: Raging Bolt|[spread] p1a,p1b\n|-resisted|p1a: Raging Bolt\n|-resisted|p1b: Rillaboom\n|-damage|p1a: Raging Bolt|7\/100\n|-damage|p1b: Rillaboom|0 fnt\n|faint|p1b: Rillaboom\n|\n|-weather|RainDance|[upkeep]\n|upkeep\n|inactive|CCC2026 has 30 seconds left.\n|inactive|CCC2026 has 20 seconds left.\n|inactive|CCC2026 has 15 seconds left.\n|inactive|CCC2026 has 10 seconds left.\n|\n|t:|1720320590\n|switch|p1b: Urshifu|Urshifu-Rapid-Strike, L50, M|100\/100\n|turn|5\n|\n|t:|1720320604\n|move|p1b: Urshifu|Detect|p1b: Urshifu\n|-singleturn|p1b: Urshifu|Protect\n|move|p1a: Raging Bolt|Thunderbolt|p2b: Indeedee\n|-damage|p2b: Indeedee|0 fnt\n|faint|p2b: Indeedee\n|move|p2a: Kyogre|Origin Pulse|p1b: Urshifu|[spread] p1a\n|-activate|p1b: Urshifu|move: Protect\n|-resisted|p1a: Raging Bolt\n|-damage|p1a: Raging Bolt|0 fnt\n|faint|p1a: Raging Bolt\n|-end|p1a: Raging Bolt|Protosynthesis|[silent]\n|\n|-weather|RainDance|[upkeep]\n|-fieldend|move: Trick Room\n|upkeep\n|\n|t:|1720320625\n|switch|p2b: Flutter Mane|Flutter Mane, L50|7\/100\n|switch|p1a: Calyrex|Calyrex-Shadow, L50|100\/100\n|-ability|p1a: Calyrex|As One\n|-ability|p1a: Calyrex|Unnerve\n|turn|6\n|l|\u2606Waffles4breakfast\n|inactive|Waffles4breakfast disconnected and has a minute to reconnect!\n|player|p2|\n|j|\u2606Waffles4breakfast\n|inactive|Waffles4breakfast reconnected and has 55 seconds left.\n|player|p2|Waffles4breakfast|juggler|\n|inactive|CCC2026 has 30 seconds left.\n|\n|t:|1720320653\n|-terastallize|p1a: Calyrex|Fairy\n|move|p2b: Flutter Mane|Shadow Ball|p1a: Calyrex\n|-damage|p1a: Calyrex|61\/100\n|move|p1a: Calyrex|Astral Barrage|p2a: Kyogre|[spread] p2a,p2b\n|-supereffective|p2a: Kyogre\n|-supereffective|p2b: Flutter Mane\n|-damage|p2a: Kyogre|0 fnt\n|-damage|p2b: Flutter Mane|0 fnt\n|faint|p2a: Kyogre\n|faint|p2b: Flutter Mane\n|-end|p2b: Flutter Mane|Protosynthesis|[silent]\n|\n|win|CCC2026\n|raw|CCC2026's rating: 1685 &rarr; <strong>1708<\/strong><br \/>(+23 for winning)\n|raw|Waffles4breakfast's rating: 1745 &rarr; <strong>1722<\/strong><br \/>(-23 for losing)\n|l|\u2606Waffles4breakfast\n|player|p2|\n|l|\u2606CCC2026\n|player|p1|\n","uploadtime":1720320828,"views":15,"formatid":"gen9vgc2024regg","rating":1708,"private":0,"password":null}