{"id":"gen9vgc2024regg-2156035915","format":"[Gen 9] VGC 2024 Reg G","players":["gilmoori","dhiaruga101"],"log":"|j|\u2606gilmoori\n|j|\u2606dhiaruga101\n|t:|1720251873\n|gametype|doubles\n|player|p1|gilmoori|pokefanf-gen4|1722\n|player|p2|dhiaruga101|cynthia-gen4|1723\n|teamsize|p1|6\n|teamsize|p2|6\n|gen|9\n|tier|[Gen 9] VGC 2024 Reg G\n|rated|\n|rule|Species Clause: Limit one of each Pok\u00e9mon\n|rule|Item Clause: Limit one of each item\n|clearpoke\n|poke|p1|Whimsicott, L50, M|\n|poke|p1|Flutter Mane, L50|\n|poke|p1|Calyrex-Shadow, L50|\n|poke|p1|Iron Hands, L50|\n|poke|p1|Clefairy, L50, F|\n|poke|p1|Ogerpon-Cornerstone, L50, F|\n|poke|p2|Miraidon, L50|\n|poke|p2|Farigiraf, L50, F|\n|poke|p2|Ursaluna, L50, F|\n|poke|p2|Chien-Pao, L50|\n|poke|p2|Urshifu-*, L50, F|\n|poke|p2|Iron Hands, L50|\n|teampreview|4\n|inactive|Battle timer is ON: inactive players will automatically lose when time's up. (requested by gilmoori)\n|j| Team Fervor\n|\n|t:|1720251888\n|start\n|switch|p1a: Flotte-M\u00e8che|Flutter Mane, L50|100\/100\n|switch|p1b: Piepi|Clefairy, L50, F, shiny|100\/100\n|switch|p2a: Miraidon|Miraidon, L50|100\/100\n|switch|p2b: Chien-Pao|Chien-Pao, L50|100\/100\n|-fieldstart|move: Electric Terrain|[from] ability: Hadron Engine|[of] p2a: Miraidon\n|-ability|p2b: Chien-Pao|Sword of Ruin\n|turn|1\n|\n|t:|1720251905\n|-terastallize|p2a: Miraidon|Fairy\n|move|p1b: Piepi|Follow Me|p1b: Piepi\n|-singleturn|p1b: Piepi|move: Follow Me\n|move|p2b: Chien-Pao|Sucker Punch||[still]\n|-fail|p2b: Chien-Pao\n|move|p2a: Miraidon|Dazzling Gleam|p1a: Flotte-M\u00e8che|[spread] p1a,p1b\n|-damage|p1a: Flotte-M\u00e8che|59\/100\n|-damage|p1b: Piepi|44\/100\n|move|p1a: Flotte-M\u00e8che|Dazzling Gleam|p2a: Miraidon|[spread] p2a,p2b\n|-supereffective|p2b: Chien-Pao\n|-damage|p2a: Miraidon|59\/100\n|-enditem|p2b: Chien-Pao|Focus Sash\n|-damage|p2b: Chien-Pao|1\/100\n|\n|upkeep\n|turn|2\n|inactive|gilmoori has 30 seconds left.\n|\n|t:|1720251936\n|move|p1b: Piepi|Protect|p1b: Piepi\n|-singleturn|p1b: Piepi|Protect\n|move|p2b: Chien-Pao|Sucker Punch|p1a: Flotte-M\u00e8che\n|-damage|p1a: Flotte-M\u00e8che|0 fnt\n|faint|p1a: Flotte-M\u00e8che\n|-end|p1a: Flotte-M\u00e8che|Protosynthesis|[silent]\n|move|p2a: Miraidon|Dazzling Gleam|p1b: Piepi\n|-activate|p1b: Piepi|move: Protect\n|\n|upkeep\n|\n|t:|1720251943\n|switch|p1a: Shamone Rider|Calyrex-Shadow, L50|100\/100\n|-ability|p1a: Shamone Rider|As One\n|-ability|p1a: Shamone Rider|Unnerve\n|turn|3\n|\n|t:|1720251958\n|switch|p2b: Farigiraf|Farigiraf, L50, F, shiny|100\/100\n|-enditem|p2b: Farigiraf|Electric Seed\n|-boost|p2b: Farigiraf|def|1|[from] item: Electric Seed\n|move|p1b: Piepi|Follow Me|p1b: Piepi\n|-singleturn|p1b: Piepi|move: Follow Me\n|move|p2a: Miraidon|Dazzling Gleam|p1a: Shamone Rider|[spread] p1a,p1b\n|-damage|p1a: Shamone Rider|61\/100\n|-damage|p1b: Piepi|0 fnt\n|faint|p1b: Piepi\n|move|p1a: Shamone Rider|Astral Barrage|p2a: Miraidon|[spread] p2a\n|-immune|p2b: Farigiraf\n|-damage|p2a: Miraidon|0 fnt\n|faint|p2a: Miraidon\n|-ability|p1a: Shamone Rider|Grim Neigh|boost\n|-boost|p1a: Shamone Rider|spa|1\n|\n|upkeep\n|\n|t:|1720251974\n|switch|p2a: Ursaluna|Ursaluna, L50, F, shiny|100\/100\n|switch|p1b: Fisto|Iron Hands, L50, shiny|100\/100\n|-activate|p1b: Fisto|ability: Quark Drive\n|-start|p1b: Fisto|quarkdriveatk\n|turn|4\n|\n|t:|1720251996\n|-terastallize|p1a: Shamone Rider|Water\n|move|p2a: Ursaluna|Protect|p2a: Ursaluna\n|-singleturn|p2a: Ursaluna|Protect\n|move|p1a: Shamone Rider|Tera Blast|p2b: Farigiraf|[anim] Tera Blast Water\n|-damage|p2b: Farigiraf|48\/100\n|move|p1b: Fisto|Close Combat|p2b: Farigiraf\n|-damage|p2b: Farigiraf|0 fnt\n|-unboost|p1b: Fisto|def|1\n|-unboost|p1b: Fisto|spd|1\n|faint|p2b: Farigiraf\n|\n|-status|p2a: Ursaluna|brn|[from] item: Flame Orb\n|upkeep\n|\n|t:|1720252009\n|switch|p2b: Chien-Pao|Chien-Pao, L50|1\/100\n|-ability|p2b: Chien-Pao|Sword of Ruin\n|turn|5\n|l| Team Fervor\n|inactive|gilmoori has 30 seconds left.\n|\n|t:|1720252038\n|move|p1a: Shamone Rider|Tera Blast|p2b: Chien-Pao|[anim] Tera Blast Water\n|-damage|p2b: Chien-Pao|0 fnt\n|faint|p2b: Chien-Pao\n|-ability|p1a: Shamone Rider|Grim Neigh|boost\n|-boost|p1a: Shamone Rider|spa|1\n|move|p1b: Fisto|Drain Punch|p2a: Ursaluna\n|-supereffective|p2a: Ursaluna\n|-damage|p2a: Ursaluna|12\/100 brn\n|move|p2a: Ursaluna|Facade|p1b: Fisto\n|-damage|p1b: Fisto|0 fnt\n|faint|p1b: Fisto\n|-end|p1b: Fisto|Quark Drive|[silent]\n|\n|-damage|p2a: Ursaluna|6\/100 brn|[from] brn\n|-fieldend|move: Electric Terrain\n|upkeep\n|turn|6\n|-message|dhiaruga101 forfeited.\n|\n|win|gilmoori\n|raw|gilmoori's rating: 1722 &rarr; <strong>1742<\/strong><br \/>(+20 for winning)\n|raw|dhiaruga101's rating: 1723 &rarr; <strong>1703<\/strong><br \/>(-20 for losing)\n|l|\u2606dhiaruga101\n|player|p2|\n|j|\u2606dhiaruga101\n|player|p2|dhiaruga101|cynthia-gen4|\n","uploadtime":1720252064,"views":34,"formatid":"gen9vgc2024regg","rating":1703,"private":0,"password":null}