{"id":"gen9vgc2024regg-2156519076","format":"[Gen 9] VGC 2024 Reg G","players":["tuanzai233","Giestgreninja"],"log":"|j|\u2606tuanzai233\n|j|\u2606Giestgreninja\n|t:|1720326796\n|gametype|doubles\n|player|p1|tuanzai233|266|1723\n|player|p2|Giestgreninja|102|1682\n|teamsize|p1|6\n|teamsize|p2|6\n|gen|9\n|tier|[Gen 9] VGC 2024 Reg G\n|rated|\n|rule|Species Clause: Limit one of each Pok\u00e9mon\n|rule|Item Clause: Limit one of each item\n|clearpoke\n|poke|p1|Indeedee-F, L50, F|\n|poke|p1|Torkoal, L50, M|\n|poke|p1|Calyrex-Ice, L50|\n|poke|p1|Annihilape, L50, M|\n|poke|p1|Urshifu-*, L50, M|\n|poke|p1|Brute Bonnet, L50|\n|poke|p2|Chien-Pao, L50|\n|poke|p2|Dondozo, L50, F|\n|poke|p2|Tatsugiri, L50, F|\n|poke|p2|Chi-Yu, L50|\n|poke|p2|Dragonite, L50, M|\n|poke|p2|Calyrex-Shadow, L50|\n|teampreview|4\nGiestgreninja has agreed to open team sheets.\ntuanzai233 has agreed to open team sheets.\n|j| BreadTest\n|\n|t:|1720326882\n|start\n|switch|p1a: Calyrex|Calyrex-Ice, L50|100\/100\n|switch|p1b: Indeedee|Indeedee-F, L50, F|100\/100\n|switch|p2a: Chi-Yu|Chi-Yu, L50|100\/100\n|switch|p2b: Calyrex|Calyrex-Shadow, L50|100\/100\n|-ability|p2b: Calyrex|As One\n|-ability|p2b: Calyrex|Unnerve\n|-ability|p1a: Calyrex|As One\n|-ability|p1a: Calyrex|Unnerve\n|-ability|p2a: Chi-Yu|Beads of Ruin\n|-fieldstart|move: Psychic Terrain|[from] ability: Psychic Surge|[of] p1b: Indeedee\n|turn|1\n|\n|t:|1720326926\n|-terastallize|p1a: Calyrex|Fire\n|move|p1b: Indeedee|Follow Me|p1b: Indeedee\n|-singleturn|p1b: Indeedee|move: Follow Me\n|move|p2a: Chi-Yu|Heat Wave|p1b: Indeedee|[spread] p1a,p1b\n|-resisted|p1a: Calyrex\n|-damage|p1a: Calyrex|83\/100\n|-damage|p1b: Indeedee|54\/100\n|move|p2b: Calyrex|Astral Barrage|p1a: Calyrex|[spread] p1a\n|-immune|p1b: Indeedee\n|-damage|p1a: Calyrex|24\/100\n|-damage|p2b: Calyrex|91\/100|[from] item: Life Orb\n|move|p1a: Calyrex|Trick Room|p1a: Calyrex\n|-fieldstart|move: Trick Room|[of] p1a: Calyrex\n|\n|upkeep\n|turn|2\n|\n|t:|1720326951\n|move|p1a: Calyrex|High Horsepower|p2a: Chi-Yu\n|-supereffective|p2a: Chi-Yu\n|-damage|p2a: Chi-Yu|0 fnt\n|faint|p2a: Chi-Yu\n|-ability|p1a: Calyrex|Chilling Neigh|boost\n|-boost|p1a: Calyrex|atk|1\n|move|p1b: Indeedee|Dazzling Gleam|p2b: Calyrex\n|-damage|p2b: Calyrex|73\/100\n|move|p2b: Calyrex|Astral Barrage|p1a: Calyrex|[spread] p1a\n|-immune|p1b: Indeedee\n|-damage|p1a: Calyrex|0 fnt\n|faint|p1a: Calyrex\n|-ability|p2b: Calyrex|Grim Neigh|boost\n|-boost|p2b: Calyrex|spa|1\n|-damage|p2b: Calyrex|63\/100|[from] item: Life Orb\n|\n|upkeep\n|\n|t:|1720326962\n|switch|p1a: Urshifu|Urshifu, L50, M|100\/100\n|switch|p2a: Dondozo|Dondozo, L50, F|100\/100\n|turn|3\n|\n|t:|1720326998\n|switch|p2b: Tatsugiri|Tatsugiri, L50, F|100\/100\n|-activate|p2b: Tatsugiri|ability: Commander|[of] p2a: Dondozo\n|-boost|p2a: Dondozo|atk|2\n|-boost|p2a: Dondozo|spa|2\n|-boost|p2a: Dondozo|spe|2\n|-boost|p2a: Dondozo|def|2\n|-boost|p2a: Dondozo|spd|2\n|move|p1b: Indeedee|Follow Me|p1b: Indeedee\n|-singleturn|p1b: Indeedee|move: Follow Me\n|move|p1a: Urshifu|Wicked Blow|p2a: Dondozo\n|-crit|p2a: Dondozo\n|-damage|p2a: Dondozo|52\/100\n|move|p2a: Dondozo|Earthquake|p1b: Indeedee|[spread] p1a,p1b\n|-miss|p2a: Dondozo|p2b: Tatsugiri\n|-damage|p1a: Urshifu|52\/100\n|-damage|p1b: Indeedee|4\/100\n|\n|-heal|p2a: Dondozo|59\/100|[from] item: Leftovers\n|upkeep\n|turn|4\n|\n|t:|1720327021\n|move|p1b: Indeedee|Helping Hand|p1a: Urshifu\n|-singleturn|p1a: Urshifu|Helping Hand|[of] p1b: Indeedee\n|move|p1a: Urshifu|Wicked Blow|p2a: Dondozo\n|-crit|p2a: Dondozo\n|-damage|p2a: Dondozo|0 fnt\n|faint|p2a: Dondozo\n|\n|upkeep\n|j| bluestraggler02\n|\n|t:|1720327030\n|switch|p2a: Calyrex|Calyrex-Shadow, L50|63\/100\n|-ability|p2a: Calyrex|As One\n|-ability|p2a: Calyrex|Unnerve\n|turn|5\n|\n|t:|1720327047\n|-terastallize|p2a: Calyrex|Fighting\n|move|p1b: Indeedee|Follow Me|p1b: Indeedee\n|-singleturn|p1b: Indeedee|move: Follow Me\n|move|p2b: Tatsugiri|Muddy Water|p1a: Urshifu|[spread] p1a\n|-miss|p2b: Tatsugiri|p1b: Indeedee\n|-damage|p1a: Urshifu|3\/100\n|-unboost|p1a: Urshifu|accuracy|1\n|move|p1a: Urshifu|Close Combat|p2a: Calyrex|[miss]\n|-miss|p1a: Urshifu|p2a: Calyrex\n|move|p2a: Calyrex|Astral Barrage|p1a: Urshifu|[spread] p1a\n|-immune|p1b: Indeedee\n|-resisted|p1a: Urshifu\n|-damage|p1a: Urshifu|0 fnt\n|faint|p1a: Urshifu\n|-ability|p2a: Calyrex|Grim Neigh|boost\n|-boost|p2a: Calyrex|spa|1\n|-damage|p2a: Calyrex|54\/100|[from] item: Life Orb\n|\n|-fieldend|move: Trick Room\n|-fieldend|move: Psychic Terrain\n|upkeep\n|\n|t:|1720327058\n|switch|p1a: Annihilape|Annihilape, L50, M|100\/100\n|turn|6\n|\n|t:|1720327081\n|move|p2a: Calyrex|Protect|p2a: Calyrex\n|-singleturn|p2a: Calyrex|Protect\n|move|p1a: Annihilape|Close Combat|p2a: Calyrex\n|-activate|p2a: Calyrex|move: Protect\n|move|p2b: Tatsugiri|Muddy Water|p1a: Annihilape|[spread] p1a\n|-miss|p2b: Tatsugiri|p1b: Indeedee\n|-damage|p1a: Annihilape|71\/100\n|-unboost|p1a: Annihilape|accuracy|1\n|-ability|p1a: Annihilape|Defiant|boost\n|-boost|p1a: Annihilape|atk|2\n|move|p1b: Indeedee|Dazzling Gleam|p2b: Tatsugiri|[spread] p2b\n|-activate|p2a: Calyrex|move: Protect\n|-supereffective|p2b: Tatsugiri\n|-damage|p2b: Tatsugiri|71\/100\n|\n|upkeep\n|turn|7\n|\n|t:|1720327110\n|move|p1b: Indeedee|Helping Hand|p1a: Annihilape\n|-singleturn|p1a: Annihilape|Helping Hand|[of] p1b: Indeedee\n|move|p1a: Annihilape|Close Combat|p2a: Calyrex\n|-damage|p2a: Calyrex|0 fnt\n|-unboost|p1a: Annihilape|def|1\n|-unboost|p1a: Annihilape|spd|1\n|faint|p2a: Calyrex\n|move|p2b: Tatsugiri|Draco Meteor|p1a: Annihilape\n|-damage|p1a: Annihilape|0 fnt\n|-unboost|p2b: Tatsugiri|spa|2\n|faint|p1a: Annihilape\n|\n|upkeep\n|turn|8\n|\n|t:|1720327129\n|move|p2b: Tatsugiri|Draco Meteor|p1b: Indeedee\n|-damage|p1b: Indeedee|0 fnt\n|-unboost|p2b: Tatsugiri|spa|2\n|faint|p1b: Indeedee\n|\n|win|Giestgreninja\n|raw|tuanzai233's rating: 1723 &rarr; <strong>1701<\/strong><br \/>(-22 for losing)\n|raw|Giestgreninja's rating: 1682 &rarr; <strong>1704<\/strong><br \/>(+22 for winning)\n|l|\u2606tuanzai233\n|player|p1|\n|l| BreadTest\n|l|\u2606Giestgreninja\n|player|p2|\n|l| bluestraggler02\n","uploadtime":1720327347,"views":10,"formatid":"gen9vgc2024regg","rating":1701,"private":0,"password":null}