{"id":"gen9vgc2024regg-2156070096","format":"[Gen 9] VGC 2024 Reg G","players":["thvthc","tuanzai233"],"log":"|j|\u2606thvthc\n|j|\u2606tuanzai233\n|t:|1720259858\n|gametype|doubles\n|player|p1|thvthc|gloria|1684\n|player|p2|tuanzai233|2|1712\n|teamsize|p1|6\n|teamsize|p2|6\n|gen|9\n|tier|[Gen 9] VGC 2024 Reg G\n|rated|\n|rule|Species Clause: Limit one of each Pok\u00e9mon\n|rule|Item Clause: Limit one of each item\n|clearpoke\n|poke|p1|Calyrex-Shadow, L50|\n|poke|p1|Smeargle, L50, F|\n|poke|p1|Incineroar, L50, M|\n|poke|p1|Rillaboom, L50, F|\n|poke|p1|Urshifu-*, L50, F|\n|poke|p1|Clefairy, L50, M|\n|poke|p2|Indeedee-F, L50, F|\n|poke|p2|Torkoal, L50, M|\n|poke|p2|Calyrex-Ice, L50|\n|poke|p2|Annihilape, L50, M|\n|poke|p2|Urshifu-*, L50, M|\n|poke|p2|Brute Bonnet, L50|\n|teampreview|4\n|inactive|Battle timer is ON: inactive players will automatically lose when time's up. (requested by thvthc)\n|inactive|thvthc has 60 seconds left.\n|j| tinyblack98\n|j| bluestraggler02\n|inactive|thvthc has 30 seconds left.\n|\n|t:|1720259922\n|start\n|switch|p1a: Calyrex|Calyrex-Shadow, L50|100\/100\n|switch|p1b: Incineroar|Incineroar, L50, M|100\/100\n|switch|p2a: Calyrex|Calyrex-Ice, L50|100\/100\n|switch|p2b: Brute Bonnet|Brute Bonnet, L50, shiny|100\/100\n|-ability|p1a: Calyrex|As One\n|-ability|p1a: Calyrex|Unnerve\n|-ability|p2a: Calyrex|As One\n|-ability|p2a: Calyrex|Unnerve\n|-ability|p1b: Incineroar|Intimidate|boost\n|-fail|p2a: Calyrex|unboost|[from] item: Clear Amulet|[of] p2a: Calyrex\n|-unboost|p2b: Brute Bonnet|atk|1\n|turn|1\n|\n|t:|1720259939\n|-terastallize|p2a: Calyrex|Fire\n|move|p1a: Calyrex|Protect|p1a: Calyrex\n|-singleturn|p1a: Calyrex|Protect\n|move|p2b: Brute Bonnet|Spore|p1a: Calyrex\n|-activate|p1a: Calyrex|move: Protect\n|move|p1b: Incineroar|Taunt|p2b: Brute Bonnet\n|-start|p2b: Brute Bonnet|move: Taunt\n|move|p2a: Calyrex|Glacial Lance|p1a: Calyrex|[spread] p1b\n|-activate|p1a: Calyrex|move: Protect\n|-resisted|p1b: Incineroar\n|-damage|p1b: Incineroar|75\/100\n|\n|upkeep\n|turn|2\n|inactive|thvthc has 30 seconds left.\n|\n|t:|1720259970\n|-terastallize|p1a: Calyrex|Fairy\n|move|p1a: Calyrex|Nasty Plot|p1a: Calyrex\n|-boost|p1a: Calyrex|spa|2\n|move|p2b: Brute Bonnet|Crunch|p1a: Calyrex\n|-resisted|p1a: Calyrex\n|-damage|p1a: Calyrex|90\/100\n|move|p1b: Incineroar|Parting Shot|p2b: Brute Bonnet\n|-unboost|p2b: Brute Bonnet|atk|1\n|-unboost|p2b: Brute Bonnet|spa|1\n|\n|t:|1720259980\n|switch|p1b: Smeargle|Smeargle, L50, F|100\/100|[from] Parting Shot\n|move|p2a: Calyrex|High Horsepower|p1b: Smeargle\n|-damage|p1b: Smeargle|39\/100\n|\n|-ability|p1b: Smeargle|Moody|boost\n|-boost|p1b: Smeargle|atk|2\n|-unboost|p1b: Smeargle|spd|1\n|upkeep\n|turn|3\n|inactive|tuanzai233 has 30 seconds left.\n|\n|t:|1720260007\n|move|p2a: Calyrex|Protect|p2a: Calyrex\n|-singleturn|p2a: Calyrex|Protect\n|move|p1a: Calyrex|Draining Kiss|p2b: Brute Bonnet\n|-supereffective|p2b: Brute Bonnet\n|-damage|p2b: Brute Bonnet|0 fnt\n|-heal|p1a: Calyrex|100\/100|[from] drain|[of] p2b: Brute Bonnet\n|faint|p2b: Brute Bonnet\n|-end|p2b: Brute Bonnet|Protosynthesis|[silent]\n|-ability|p1a: Calyrex|Grim Neigh|boost\n|-boost|p1a: Calyrex|spa|1\n|move|p1b: Smeargle|Spore|p2a: Calyrex\n|-activate|p2a: Calyrex|move: Protect\n|\n|-ability|p1b: Smeargle|Moody|boost\n|-boost|p1b: Smeargle|def|2\n|-unboost|p1b: Smeargle|spe|1\n|upkeep\n|\n|t:|1720260013\n|switch|p2b: Urshifu|Urshifu, L50, M|100\/100\n|turn|4\n|\n|t:|1720260020\n|move|p1b: Smeargle|Follow Me|p1b: Smeargle\n|-singleturn|p1b: Smeargle|move: Follow Me\n|move|p1a: Calyrex|Astral Barrage|p2b: Urshifu|[spread] p2a,p2b\n|-resisted|p2b: Urshifu\n|-damage|p2a: Calyrex|26\/100\n|-damage|p2b: Urshifu|8\/100\n|move|p2b: Urshifu|Wicked Blow|p1b: Smeargle\n|-crit|p1b: Smeargle\n|-damage|p1b: Smeargle|0 fnt\n|faint|p1b: Smeargle\n|move|p2a: Calyrex|Trick Room|p2a: Calyrex\n|-fieldstart|move: Trick Room|[of] p2a: Calyrex\n|\n|upkeep\n|\n|t:|1720260032\n|switch|p1b: Clefairy|Clefairy, L50, M|100\/100\n|turn|5\n|inactive|thvthc has 30 seconds left.\n|inactive|thvthc has 20 seconds left.\n|inactive|thvthc has 15 seconds left.\n|\n|t:|1720260081\n|move|p2a: Calyrex|Protect|p2a: Calyrex\n|-singleturn|p2a: Calyrex|Protect\n|move|p2b: Urshifu|Sucker Punch|p1a: Calyrex\n|-resisted|p1a: Calyrex\n|-damage|p1a: Calyrex|87\/100\n|move|p1b: Clefairy|After You|p1a: Calyrex\n|-activate|p1a: Calyrex|move: After You\n|move|p1a: Calyrex|Astral Barrage|p2b: Urshifu|[spread] p2b\n|-activate|p2a: Calyrex|move: Protect\n|-resisted|p2b: Urshifu\n|-damage|p2b: Urshifu|0 fnt\n|faint|p2b: Urshifu\n|-ability|p1a: Calyrex|Grim Neigh|boost\n|-boost|p1a: Calyrex|spa|1\n|\n|upkeep\n|\n|t:|1720260088\n|switch|p2b: Torkoal|Torkoal, L50, M|100\/100\n|-weather|SunnyDay|[from] ability: Drought|[of] p2b: Torkoal\n|turn|6\n|\n|t:|1720260090\n|move|p2b: Torkoal|Eruption|p1a: Calyrex|[spread] p1a,p1b\n|-damage|p1a: Calyrex|24\/100\n|-damage|p1b: Clefairy|14\/100\n|move|p1b: Clefairy|After You|p1a: Calyrex\n|-activate|p1a: Calyrex|move: After You\n|move|p1a: Calyrex|Astral Barrage|p2a: Calyrex|[spread] p2a,p2b\n|-crit|p2b: Torkoal\n|-damage|p2a: Calyrex|0 fnt\n|-damage|p2b: Torkoal|0 fnt\n|faint|p2a: Calyrex\n|faint|p2b: Torkoal\n|\n|win|thvthc\n|raw|thvthc's rating: 1684 &rarr; <strong>1706<\/strong><br \/>(+22 for winning)\n|raw|tuanzai233's rating: 1712 &rarr; <strong>1690<\/strong><br \/>(-22 for losing)\n|l|\u2606tuanzai233\n|player|p2|\n|l|\u2606thvthc\n|player|p1|\n|j|\u2606thvthc\n|player|p1|thvthc|gloria|\n|l|\u2606thvthc\n|player|p1|\n|l| bluestraggler02\n|j|\u2606thvthc\n|player|p1|thvthc|gloria|\n","uploadtime":1720260098,"views":69,"formatid":"gen9vgc2024regg","rating":1690,"private":0,"password":null}