{"id":"gen9vgc2024regg-2156491460","format":"[Gen 9] VGC 2024 Reg G","players":["SOLOLUMINEONING","tuanzai233"],"log":"|j|\u2606SOLOLUMINEONING\n|j|\u2606tuanzai233\n|t:|1720322183\n|gametype|doubles\n|player|p1|SOLOLUMINEONING|magmasuit|1669\n|player|p2|tuanzai233|266|1741\n|teamsize|p1|6\n|teamsize|p2|6\n|gen|9\n|tier|[Gen 9] VGC 2024 Reg G\n|rated|\n|rule|Species Clause: Limit one of each Pok\u00e9mon\n|rule|Item Clause: Limit one of each item\n|clearpoke\n|poke|p1|Kyogre, L50|\n|poke|p1|Tsareena, L50, F|\n|poke|p1|Tornadus, L50, M|\n|poke|p1|Overqwil, L50, M|\n|poke|p1|Landorus, L50, M|\n|poke|p1|Ditto, L50|\n|poke|p2|Indeedee-F, L50, F|\n|poke|p2|Torkoal, L50, M|\n|poke|p2|Calyrex-Ice, L50|\n|poke|p2|Annihilape, L50, F|\n|poke|p2|Urshifu-*, L50, F|\n|poke|p2|Brute Bonnet, L50|\n|teampreview|4\n|inactive|Battle timer is ON: inactive players will automatically lose when time's up. (requested by SOLOLUMINEONING)\n|\n|t:|1720322208\n|start\n|switch|p1a: Kyogre|Kyogre, L50, shiny|100\/100\n|switch|p1b: Tsareena|Tsareena, L50, F, shiny|100\/100\n|switch|p2a: Annihilape|Annihilape, L50, F|100\/100\n|switch|p2b: Brute Bonnet|Brute Bonnet, L50, shiny|100\/100\n|-weather|RainDance|[from] ability: Drizzle|[of] p1a: Kyogre\n|turn|1\n|\n|t:|1720322223\n|-end|p2b: Brute Bonnet|Protosynthesis|[silent]\n|switch|p2b: Torkoal|Torkoal, L50, M|100\/100\n|-weather|SunnyDay|[from] ability: Drought|[of] p2b: Torkoal\n|move|p1a: Kyogre|Protect|p1a: Kyogre\n|-singleturn|p1a: Kyogre|Protect\n|move|p2a: Annihilape|Final Gambit|p1a: Kyogre\n|-activate|p1a: Kyogre|move: Protect\n|move|p1b: Tsareena|Power Whip|p2a: Annihilape\n|-damage|p2a: Annihilape|31\/100\n|\n|-weather|SunnyDay|[upkeep]\n|upkeep\n|turn|2\n|inactive|SOLOLUMINEONING has 30 seconds left.\n|inactive|SOLOLUMINEONING has 20 seconds left.\n|inactive|SOLOLUMINEONING has 15 seconds left.\n|\n|t:|1720322264\n|move|p1b: Tsareena|Protect|p1b: Tsareena\n|-singleturn|p1b: Tsareena|Protect\n|move|p2a: Annihilape|Final Gambit|p1a: Kyogre\n|-damage|p1a: Kyogre|64\/100\n|faint|p2a: Annihilape\n|move|p1a: Kyogre|Water Spout|p2b: Torkoal\n|-supereffective|p2b: Torkoal\n|-damage|p2b: Torkoal|18\/100\n|move|p2b: Torkoal|Weather Ball|p1b: Tsareena\n|-activate|p1b: Tsareena|move: Protect\n|\n|-weather|SunnyDay|[upkeep]\n|upkeep\n|\n|t:|1720322269\n|switch|p2a: Calyrex|Calyrex-Ice, L50|100\/100\n|-ability|p2a: Calyrex|As One\n|-ability|p2a: Calyrex|Unnerve\n|turn|3\n|\n|t:|1720322286\n|switch|p2b: Brute Bonnet|Brute Bonnet, L50, shiny|100\/100\n|-activate|p2b: Brute Bonnet|ability: Protosynthesis\n|-start|p2b: Brute Bonnet|protosynthesisdef\n|-terastallize|p1b: Tsareena|Ice\n|move|p1a: Kyogre|Water Spout|p2b: Brute Bonnet|[spread] p2a,p2b\n|-resisted|p2b: Brute Bonnet\n|-damage|p2a: Calyrex|83\/100\n|-damage|p2b: Brute Bonnet|91\/100\n|move|p1b: Tsareena|Taunt|p2a: Calyrex\n|-start|p2a: Calyrex|move: Taunt\n|cant|p2a: Calyrex|move: Taunt|Trick Room\n|\n|-weather|SunnyDay|[upkeep]\n|upkeep\n|turn|4\n|inactive|SOLOLUMINEONING has 30 seconds left.\n|\n|t:|1720322316\n|-terastallize|p2b: Brute Bonnet|Poison\n|move|p1a: Kyogre|Ice Beam|p2b: Brute Bonnet\n|-damage|p2b: Brute Bonnet|62\/100\n|move|p1b: Tsareena|Triple Axel|p2b: Brute Bonnet\n|-damage|p2b: Brute Bonnet|57\/100\n|-crit|p2b: Brute Bonnet\n|-damage|p2b: Brute Bonnet|40\/100\n|-enditem|p2b: Brute Bonnet|Sitrus Berry|[eat]\n|-heal|p2b: Brute Bonnet|65\/100|[from] item: Sitrus Berry\n|-crit|p2b: Brute Bonnet\n|-damage|p2b: Brute Bonnet|40\/100\n|-hitcount|p2b: Brute Bonnet|3\n|move|p2b: Brute Bonnet|Spore|p1a: Kyogre\n|-status|p1a: Kyogre|slp|[from] move: Spore\n|move|p2a: Calyrex|Glacial Lance|p1b: Tsareena|[spread] p1a,p1b\n|-resisted|p1a: Kyogre\n|-resisted|p1b: Tsareena\n|-damage|p1a: Kyogre|37\/100 slp\n|-damage|p1b: Tsareena|67\/100\n|\n|-weather|SunnyDay|[upkeep]\n|upkeep\n|turn|5\n|inactive|SOLOLUMINEONING has 30 seconds left.\n|inactive|tuanzai233 has 30 seconds left.\n|inactive|SOLOLUMINEONING has 20 seconds left.\n|\n|t:|1720322352\n|-end|p2b: Brute Bonnet|Protosynthesis|[silent]\n|switch|p2b: Torkoal|Torkoal, L50, M|18\/100\n|cant|p1a: Kyogre|slp\n|move|p1b: Tsareena|Power Whip|p2a: Calyrex\n|-damage|p2a: Calyrex|40\/100\n|move|p2a: Calyrex|High Horsepower|p1a: Kyogre\n|-damage|p1a: Kyogre|0 fnt\n|faint|p1a: Kyogre\n|-ability|p2a: Calyrex|Chilling Neigh|boost\n|-boost|p2a: Calyrex|atk|1\n|\n|-weather|none\n|-end|p2a: Calyrex|move: Taunt\n|upkeep\n|j| KOPLUS\n|\n|t:|1720322362\n|switch|p1a: Landorus|Landorus, L50, M|100\/100\n|turn|6\n|\n|t:|1720322379\n|move|p1a: Landorus|Earth Power|p2a: Calyrex\n|-crit|p2a: Calyrex\n|-damage|p2a: Calyrex|0 fnt\n|faint|p2a: Calyrex\n|move|p1b: Tsareena|Power Whip|p2b: Torkoal\n|-resisted|p2b: Torkoal\n|-damage|p2b: Torkoal|0 fnt\n|faint|p2b: Torkoal\n|\n|upkeep\n|-message|tuanzai233 forfeited.\n|\n|win|SOLOLUMINEONING\n|raw|SOLOLUMINEONING's rating: 1669 &rarr; <strong>1693<\/strong><br \/>(+24 for winning)\n|raw|tuanzai233's rating: 1741 &rarr; <strong>1717<\/strong><br \/>(-24 for losing)\n|l|\u2606tuanzai233\n|player|p2|\n|c|\u2606SOLOLUMINEONING|free ez\n|l|\u2606SOLOLUMINEONING\n|player|p1|\n|l| KOPLUS\n","uploadtime":1720322626,"views":10,"formatid":"gen9vgc2024regg","rating":1693,"private":0,"password":null}