{"id":"gen9vgc2024regg-2156464693","format":"[Gen 9] VGC 2024 Reg G","players":["loungerv","tuanzai233"],"log":"|j|\u2606loungerv\n|j|\u2606tuanzai233\n|t:|1720318032\n|gametype|doubles\n|player|p1|loungerv|harlequin|1681\n|player|p2|tuanzai233|266|1774\n|teamsize|p1|6\n|teamsize|p2|6\n|gen|9\n|tier|[Gen 9] VGC 2024 Reg G\n|rated|\n|rule|Species Clause: Limit one of each Pok\u00e9mon\n|rule|Item Clause: Limit one of each item\n|clearpoke\n|poke|p1|Heatran, L50, M|\n|poke|p1|Ninetales-Alola, L50, F|\n|poke|p1|Miraidon, L50|\n|poke|p1|Wo-Chien, L50|\n|poke|p1|Farigiraf, L50, F|\n|poke|p1|Iron Bundle, L50|\n|poke|p2|Indeedee-F, L50, F|\n|poke|p2|Torkoal, L50, M|\n|poke|p2|Calyrex-Ice, L50|\n|poke|p2|Annihilape, L50, M|\n|poke|p2|Urshifu-*, L50, M|\n|poke|p2|Brute Bonnet, L50|\n|teampreview|4\n|\n|t:|1720318045\n|start\n|switch|p1a: Ninetales|Ninetales-Alola, L50, F|100\/100\n|switch|p1b: Miraidon|Miraidon, L50|100\/100\n|switch|p2a: Calyrex|Calyrex-Ice, L50|100\/100\n|switch|p2b: Annihilape|Annihilape, L50, M|100\/100\n|-ability|p2a: Calyrex|As One\n|-ability|p2a: Calyrex|Unnerve\n|-fieldstart|move: Electric Terrain|[from] ability: Hadron Engine|[of] p1b: Miraidon\n|-weather|Snow|[from] ability: Snow Warning|[of] p1a: Ninetales\n|turn|1\n|j| THUNDERSND77\n|\n|t:|1720318065\n|switch|p2a: Indeedee|Indeedee-F, L50, F|100\/100\n|-fieldstart|move: Psychic Terrain|[from] ability: Psychic Surge|[of] p2a: Indeedee\n|move|p1b: Miraidon|Protect|p1b: Miraidon\n|-singleturn|p1b: Miraidon|Protect\n|move|p2b: Annihilape|Final Gambit|p1a: Ninetales\n|-damage|p1a: Ninetales|0 fnt\n|faint|p2b: Annihilape\n|faint|p1a: Ninetales\n|\n|-weather|Snow|[upkeep]\n|upkeep\n|\n|t:|1720318070\n|switch|p2b: Calyrex|Calyrex-Ice, L50|100\/100\n|switch|p1a: Heatran|Heatran, L50, M|100\/100\n|-ability|p2b: Calyrex|As One\n|-ability|p2b: Calyrex|Unnerve\n|turn|2\n|\n|t:|1720318077\n|-terastallize|p1a: Heatran|Bug\n|-terastallize|p2b: Calyrex|Fire\n|move|p2a: Indeedee|Follow Me|p2a: Indeedee\n|-singleturn|p2a: Indeedee|move: Follow Me\n|move|p1b: Miraidon|Volt Switch|p2a: Indeedee\n|-damage|p2a: Indeedee|56\/100\n|\n|t:|1720318079\n|switch|p1b: Wo-Chien|Wo-Chien, L50|100\/100|[from] Volt Switch\n|-ability|p1b: Wo-Chien|Tablets of Ruin\n|move|p1a: Heatran|Iron Defense|p1a: Heatran\n|-boost|p1a: Heatran|def|2\n|move|p2b: Calyrex|Trick Room|p2b: Calyrex\n|-fieldstart|move: Trick Room|[of] p2b: Calyrex\n|\n|-weather|Snow|[upkeep]\n|upkeep\n|turn|3\n|\n|t:|1720318091\n|move|p2a: Indeedee|Helping Hand|p2b: Calyrex\n|-singleturn|p2b: Calyrex|Helping Hand|[of] p2a: Indeedee\n|move|p1b: Wo-Chien|Protect|p1b: Wo-Chien\n|-singleturn|p1b: Wo-Chien|Protect\n|move|p2b: Calyrex|Glacial Lance|p1a: Heatran|[spread] p1a\n|-activate|p1b: Wo-Chien|move: Protect\n|-damage|p1a: Heatran|76\/100\n|move|p1a: Heatran|Iron Defense|p1a: Heatran\n|-boost|p1a: Heatran|def|2\n|\n|-weather|Snow|[upkeep]\n|-heal|p1a: Heatran|82\/100|[from] item: Leftovers\n|upkeep\n|turn|4\n|\n|t:|1720318104\n|move|p2a: Indeedee|Helping Hand|p2b: Calyrex\n|-singleturn|p2b: Calyrex|Helping Hand|[of] p2a: Indeedee\n|move|p2b: Calyrex|Glacial Lance|p1a: Heatran|[spread] p1a,p1b\n|-supereffective|p1b: Wo-Chien\n|-damage|p1a: Heatran|65\/100\n|-damage|p1b: Wo-Chien|6\/100\n|move|p1b: Wo-Chien|Knock Off|p2a: Indeedee\n|-supereffective|p2a: Indeedee\n|-damage|p2a: Indeedee|0 fnt\n|-enditem|p2a: Indeedee|Safety Goggles|[from] move: Knock Off|[of] p1b: Wo-Chien\n|faint|p2a: Indeedee\n|move|p1a: Heatran|Iron Defense|p1a: Heatran\n|-boost|p1a: Heatran|def|2\n|\n|-weather|Snow|[upkeep]\n|-heal|p1a: Heatran|72\/100|[from] item: Leftovers\n|upkeep\n|\n|t:|1720318106\n|switch|p2a: Torkoal|Torkoal, L50, M|100\/100\n|-weather|SunnyDay|[from] ability: Drought|[of] p2a: Torkoal\n|turn|5\n|\n|t:|1720318117\n|move|p1b: Wo-Chien|Protect|p1b: Wo-Chien\n|-singleturn|p1b: Wo-Chien|Protect\n|move|p1a: Heatran|Protect|p1a: Heatran\n|-singleturn|p1a: Heatran|Protect\n|move|p2a: Torkoal|Earth Power|p1a: Heatran\n|-activate|p1a: Heatran|move: Protect\n|move|p2b: Calyrex|Glacial Lance|p1b: Wo-Chien|[spread] \n|-activate|p1a: Heatran|move: Protect\n|-activate|p1b: Wo-Chien|move: Protect\n|\n|-weather|SunnyDay|[upkeep]\n|-heal|p1a: Heatran|78\/100|[from] item: Leftovers\n|-fieldend|move: Psychic Terrain\n|upkeep\n|turn|6\n|j| stbai\n|\n|t:|1720318127\n|move|p2b: Calyrex|Protect|p2b: Calyrex\n|-singleturn|p2b: Calyrex|Protect\n|move|p2a: Torkoal|Earth Power|p1a: Heatran\n|-resisted|p1a: Heatran\n|-damage|p1a: Heatran|69\/100\n|move|p1b: Wo-Chien|Pollen Puff|p1a: Heatran\n|-heal|p1a: Heatran|100\/100\n|move|p1a: Heatran|Body Press|p2b: Calyrex\n|-activate|p2b: Calyrex|move: Protect\n|\n|-weather|SunnyDay|[upkeep]\n|-fieldend|move: Trick Room\n|upkeep\n|turn|7\n|\n|t:|1720318134\n|move|p2a: Torkoal|Protect|p2a: Torkoal\n|-singleturn|p2a: Torkoal|Protect\n|move|p1a: Heatran|Body Press|p2b: Calyrex\n|-damage|p2b: Calyrex|55\/100\n|move|p1b: Wo-Chien|Knock Off|p2b: Calyrex\n|-damage|p2b: Calyrex|37\/100\n|-enditem|p2b: Calyrex|Clear Amulet|[from] move: Knock Off|[of] p1b: Wo-Chien\n|move|p2b: Calyrex|Trick Room|p2b: Calyrex\n|-fieldstart|move: Trick Room|[of] p2b: Calyrex\n|\n|-weather|SunnyDay|[upkeep]\n|upkeep\n|turn|8\n|\n|t:|1720318149\n|move|p1b: Wo-Chien|Protect|p1b: Wo-Chien\n|-singleturn|p1b: Wo-Chien|Protect\n|move|p2a: Torkoal|Earth Power|p1a: Heatran\n|-resisted|p1a: Heatran\n|-damage|p1a: Heatran|91\/100\n|move|p2b: Calyrex|Glacial Lance|p1a: Heatran|[spread] p1a\n|-activate|p1b: Wo-Chien|move: Protect\n|-damage|p1a: Heatran|83\/100\n|move|p1a: Heatran|Body Press|p2b: Calyrex\n|-damage|p2b: Calyrex|0 fnt\n|faint|p2b: Calyrex\n|\n|-weather|SunnyDay|[upkeep]\n|-heal|p1a: Heatran|89\/100|[from] item: Leftovers\n|upkeep\n|turn|9\n|-message|tuanzai233 forfeited.\n|\n|win|loungerv\n|raw|loungerv's rating: 1681 &rarr; <strong>1706<\/strong><br \/>(+25 for winning)\n|raw|tuanzai233's rating: 1774 &rarr; <strong>1749<\/strong><br \/>(-25 for losing)\n|l|\u2606tuanzai233\n|player|p2|\n|l| THUNDERSND77\n|l|\u2606loungerv\n|player|p1|\n|l| stbai\n","uploadtime":1720318338,"views":33,"formatid":"gen9vgc2024regg","rating":1706,"private":0,"password":null}