{"id":"gen9vgc2024regg-2156326002","format":"[Gen 9] VGC 2024 Reg G","players":["HamstermaniaCZ","nootellas"],"log":"|j|\u2606HamstermaniaCZ\n|j|\u2606nootellas\n|t:|1720298156\n|gametype|doubles\n|player|p1|HamstermaniaCZ|acetrainersnow|1733\n|player|p2|nootellas|iono|1650\n|teamsize|p1|6\n|teamsize|p2|6\n|gen|9\n|tier|[Gen 9] VGC 2024 Reg G\n|rated|\n|rule|Species Clause: Limit one of each Pok\u00e9mon\n|rule|Item Clause: Limit one of each item\n|clearpoke\n|poke|p1|Whimsicott, L50, F|\n|poke|p1|Mienshao, L50, M|\n|poke|p1|Indeedee-F, L50, F|\n|poke|p1|Lycanroc, L50, M|\n|poke|p1|Tyranitar, L50, M|\n|poke|p1|Terapagos, L50, M|\n|poke|p2|Calyrex-Shadow, L50|\n|poke|p2|Ogerpon-Wellspring, L50, F|\n|poke|p2|Incineroar, L50, M|\n|poke|p2|Urshifu-*, L50, M|\n|poke|p2|Raging Bolt, L50|\n|poke|p2|Flutter Mane, L50|\n|teampreview|4\n|\n|t:|1720298232\n|start\n|switch|p1a: Whimsicott|Whimsicott, L50, F|100\/100\n|switch|p1b: Tyranitar|Tyranitar, L50, M|100\/100\n|switch|p2a: Flutter Mane|Flutter Mane, L50, shiny|100\/100\n|switch|p2b: Incineroar|Incineroar, L50, M, shiny|100\/100\n|-ability|p2b: Incineroar|Intimidate|boost\n|-unboost|p1a: Whimsicott|atk|1\n|-unboost|p1b: Tyranitar|atk|1\n|-weather|Sandstorm|[from] ability: Sand Stream|[of] p1b: Tyranitar\n|-enditem|p2a: Flutter Mane|Booster Energy\n|-activate|p2a: Flutter Mane|ability: Protosynthesis|[fromitem]\n|-start|p2a: Flutter Mane|protosynthesisspe\n|turn|1\n|inactive|Battle timer is ON: inactive players will automatically lose when time's up. (requested by HamstermaniaCZ)\n|\n|t:|1720298252\n|move|p2b: Incineroar|Fake Out|p1b: Tyranitar\n|-resisted|p1b: Tyranitar\n|-damage|p1b: Tyranitar|96\/100\n|move|p1a: Whimsicott|Tailwind|p1a: Whimsicott\n|-sidestart|p1: HamstermaniaCZ|move: Tailwind\n|move|p2a: Flutter Mane|Icy Wind|p1b: Tyranitar|[spread] p1a,p1b\n|-supereffective|p1a: Whimsicott\n|-damage|p1a: Whimsicott|66\/100\n|-damage|p1b: Tyranitar|90\/100\n|-unboost|p1b: Tyranitar|spe|1\n|cant|p1b: Tyranitar|flinch\n|\n|-weather|Sandstorm|[upkeep]\n|-damage|p1a: Whimsicott|60\/100|[from] Sandstorm\n|-damage|p2a: Flutter Mane|94\/100|[from] Sandstorm\n|-damage|p2b: Incineroar|94\/100|[from] Sandstorm\n|upkeep\n|turn|2\n|inactive|nootellas has 30 seconds left.\n|\n|t:|1720298283\n|move|p1a: Whimsicott|Endeavor|p2b: Incineroar\n|-damage|p2b: Incineroar|52\/100\n|move|p2a: Flutter Mane|Moonblast|p1a: Whimsicott\n|-damage|p1a: Whimsicott|0 fnt\n|faint|p1a: Whimsicott\n|move|p2b: Incineroar|Knock Off|p1b: Tyranitar\n|-resisted|p1b: Tyranitar\n|-damage|p1b: Tyranitar|74\/100\n|-enditem|p1b: Tyranitar|Assault Vest|[from] move: Knock Off|[of] p2b: Incineroar\n|move|p1b: Tyranitar|Rock Slide|p2b: Incineroar|[spread] p2a,p2b\n|-supereffective|p2b: Incineroar\n|-damage|p2a: Flutter Mane|55\/100\n|-damage|p2b: Incineroar|8\/100\n|-enditem|p2b: Incineroar|Sitrus Berry|[eat]\n|-heal|p2b: Incineroar|33\/100|[from] item: Sitrus Berry\n|\n|-weather|Sandstorm|[upkeep]\n|-damage|p2a: Flutter Mane|49\/100|[from] Sandstorm\n|-damage|p2b: Incineroar|27\/100|[from] Sandstorm\n|upkeep\n|inactive|HamstermaniaCZ has 30 seconds left.\n|\n|t:|1720298308\n|switch|p1a: Terapagos|Terapagos, L50, M|100\/100\n|-activate|p1a: Terapagos|ability: Tera Shift\n|detailschange|p1a: Terapagos|Terapagos-Terastal, L50, M\n|-heal|p1a: Terapagos|100\/100|[silent]\n|turn|3\n|inactive|nootellas has 30 seconds left.\n|\n|t:|1720298333\n|switch|p1b: Mienshao|Mienshao, L50, M|100\/100\n|-terastallize|p1a: Terapagos|Stellar\n|detailschange|p1a: Terapagos|Terapagos-Stellar, L50, M, tera:Stellar\n|-heal|p1a: Terapagos|100\/100|[silent]\n|-ability|p1a: Terapagos|Teraform Zero\n|-weather|none\n|move|p2a: Flutter Mane|Protect|p2a: Flutter Mane\n|-singleturn|p2a: Flutter Mane|Protect\n|move|p1a: Terapagos|Tera Starstorm|p2b: Incineroar|[spread] p2b\n|-activate|p2a: Flutter Mane|move: Protect\n|-damage|p2b: Incineroar|0 fnt\n|faint|p2b: Incineroar\n|\n|upkeep\n|\n|t:|1720298350\n|switch|p2b: Calyrex|Calyrex-Shadow, L50|100\/100\n|-ability|p2b: Calyrex|As One\n|-ability|p2b: Calyrex|Unnerve\n|turn|4\n|\n|t:|1720298357\n|move|p1b: Mienshao|Wide Guard|p1b: Mienshao\n|-singleturn|p1b: Mienshao|Wide Guard\n|move|p2a: Flutter Mane|Icy Wind|p1b: Mienshao|[spread] \n|-activate|p1a: Terapagos|move: Wide Guard\n|-activate|p1b: Mienshao|move: Wide Guard\n|move|p2b: Calyrex|Draining Kiss|p1b: Mienshao\n|-supereffective|p1b: Mienshao\n|-damage|p1b: Mienshao|28\/100\n|move|p1a: Terapagos|Tera Starstorm|p2b: Calyrex|[spread] p2a,p2b\n|-damage|p2a: Flutter Mane|0 fnt\n|-damage|p2b: Calyrex|39\/100\n|faint|p2a: Flutter Mane\n|-end|p2a: Flutter Mane|Protosynthesis|[silent]\n|\n|-sideend|p1: HamstermaniaCZ|move: Tailwind\n|upkeep\n|\n|t:|1720298361\n|switch|p2a: Urshifu|Urshifu, L50, M|100\/100\n|turn|5\n|\n|t:|1720298384\n|move|p1b: Mienshao|Feint|p2a: Urshifu\n|-damage|p2a: Urshifu|90\/100\n|move|p2b: Calyrex|Draining Kiss|p1a: Terapagos\n|-damage|p1a: Terapagos|86\/100\n|-heal|p2b: Calyrex|55\/100|[from] drain|[of] p1a: Terapagos\n|move|p2a: Urshifu|Close Combat|p1a: Terapagos\n|-supereffective|p1a: Terapagos\n|-damage|p1a: Terapagos|0 fnt\n|-unboost|p2a: Urshifu|def|1\n|-unboost|p2a: Urshifu|spd|1\n|faint|p1a: Terapagos\n|\n|upkeep\n|\n|t:|1720298392\n|switch|p1a: Tyranitar|Tyranitar, L50, M|74\/100\n|-weather|Sandstorm|[from] ability: Sand Stream|[of] p1a: Tyranitar\n|turn|6\n|\n|t:|1720298410\n|-terastallize|p2b: Calyrex|Fairy\n|move|p2b: Calyrex|Draining Kiss|p1b: Mienshao\n|-supereffective|p1b: Mienshao\n|-damage|p1b: Mienshao|0 fnt\n|-heal|p2b: Calyrex|72\/100|[from] drain|[of] p1b: Mienshao\n|faint|p1b: Mienshao\n|-ability|p2b: Calyrex|Grim Neigh|boost\n|-boost|p2b: Calyrex|spa|1\n|move|p2a: Urshifu|Close Combat|p1a: Tyranitar\n|-supereffective|p1a: Tyranitar\n|-damage|p1a: Tyranitar|0 fnt\n|-unboost|p2a: Urshifu|def|1\n|-unboost|p2a: Urshifu|spd|1\n|faint|p1a: Tyranitar\n|\n|win|nootellas\n|raw|HamstermaniaCZ's rating: 1733 &rarr; <strong>1708<\/strong><br \/>(-25 for losing)\n|raw|nootellas's rating: 1650 &rarr; <strong>1675<\/strong><br \/>(+25 for winning)\n|j| Dearp\n|l|\u2606HamstermaniaCZ\n|player|p1|\n|l|\u2606nootellas\n|player|p2|\n","uploadtime":1720298566,"views":40,"formatid":"gen9vgc2024regg","rating":1675,"private":0,"password":null}