{"id":"gen9vgc2024regg-2156992342","format":"[Gen 9] VGC 2024 Reg G","players":["CCC2024","Qianqiuxue"],"log":"|badge|p2|bronze|gen9doublesou|100-2\n|uhtml|medal-msg|<div class=\"broadcast-blue\">Curious what those medals under the avatar are? PS now has Ladder Seasons! For more information, check out the <a href=\"https:\/\/www.smogon.com\/forums\/threads\/3740067\/\">thread on Smogon.<\/a><\/div>\n|j|\u2606CCC2024\n|j|\u2606Qianqiuxue\n|t:|1720400735\n|gametype|doubles\n|player|p1|CCC2024|dawn|1740\n|player|p2|Qianqiuxue|169|1747\n|teamsize|p1|6\n|teamsize|p2|6\n|gen|9\n|tier|[Gen 9] VGC 2024 Reg G\n|rated|\n|rule|Species Clause: Limit one of each Pok\u00e9mon\n|rule|Item Clause: Limit one of each item\n|clearpoke\n|poke|p1|Urshifu-*, L50, M|\n|poke|p1|Incineroar, L50, M|\n|poke|p1|Rillaboom, L50, M|\n|poke|p1|Tornadus, L50, M|\n|poke|p1|Calyrex-Shadow, L50|\n|poke|p1|Raging Bolt, L50|\n|poke|p2|Smeargle, L50, M|\n|poke|p2|Muk-Alola, L50, M|\n|poke|p2|Flamigo, L50, M|\n|poke|p2|Calyrex-Shadow, L50|\n|poke|p2|Tatsugiri, L50, F|\n|poke|p2|Dondozo, L50, F|\n|teampreview|4\n|j| DittoTang\n|j| Auryz\n|\n|t:|1720400769\n|start\n|switch|p1a: Tornadus|Tornadus, L50, M|100\/100\n|switch|p1b: Urshifu|Urshifu-Rapid-Strike, L50, M|100\/100\n|switch|p2a: Smeargle|Smeargle, L50, M|100\/100\n|switch|p2b: Muk|Muk-Alola, L50, M|100\/100\n|turn|1\n|inactive|Battle timer is ON: inactive players will automatically lose when time's up. (requested by CCC2024)\n|\n|t:|1720400786\n|move|p2a: Smeargle|Follow Me|p2a: Smeargle\n|-singleturn|p2a: Smeargle|move: Follow Me\n|move|p1a: Tornadus|Rain Dance|p1a: Tornadus\n|-weather|RainDance\n|move|p1b: Urshifu|Surging Strikes|p2a: Smeargle\n|-crit|p2a: Smeargle\n|-damage|p2a: Smeargle|18\/100\n|-crit|p2a: Smeargle\n|-damage|p2a: Smeargle|0 fnt\n|faint|p2a: Smeargle\n|-ability|p2b: Muk|Moody|[from] ability: Power of Alchemy|[of] p2a: Smeargle\n|-hitcount|p2: Smeargle|2\n|move|p2b: Muk|Minimize|p2b: Muk\n|-boost|p2b: Muk|evasion|2\n|\n|-weather|RainDance|[upkeep]\n|-ability|p2b: Muk|Moody|boost\n|-boost|p2b: Muk|spe|2\n|-unboost|p2b: Muk|spd|1\n|upkeep\n|inactive|Qianqiuxue has 30 seconds left.\n|inactive|Qianqiuxue has 20 seconds left.\n|\n|t:|1720400824\n|switch|p2a: Flamigo|Flamigo, L50, M|100\/100\n|-copyboost|p2a: Flamigo|p2b: Muk|[from] ability: Costar\n|-enditem|p2a: Flamigo|White Herb\n|-clearnegativeboost|p2a: Flamigo|[silent]\n|turn|2\n|\n|t:|1720400839\n|move|p2a: Flamigo|Wide Guard|p2a: Flamigo\n|-singleturn|p2a: Flamigo|Wide Guard\n|move|p1a: Tornadus|Tailwind|p1a: Tornadus\n|-sidestart|p1: CCC2024|move: Tailwind\n|move|p1b: Urshifu|Surging Strikes|p2a: Flamigo\n|-crit|p2a: Flamigo\n|-damage|p2a: Flamigo|55\/100\n|-crit|p2a: Flamigo\n|-damage|p2a: Flamigo|12\/100\n|-crit|p2a: Flamigo\n|-damage|p2a: Flamigo|0 fnt\n|faint|p2a: Flamigo\n|-hitcount|p2: Flamigo|3\n|move|p2b: Muk|Minimize|p2b: Muk\n|-boost|p2b: Muk|evasion|2\n|\n|-weather|RainDance|[upkeep]\n|-ability|p2b: Muk|Moody|boost\n|-boost|p2b: Muk|def|2\n|-unboost|p2b: Muk|spd|1\n|upkeep\n|\n|t:|1720400846\n|switch|p2a: Calyrex|Calyrex-Shadow, L50|100\/100\n|-ability|p2a: Calyrex|As One\n|-ability|p2a: Calyrex|Unnerve\n|turn|3\n|\n|t:|1720400865\n|-terastallize|p1b: Urshifu|Stellar\n|move|p1a: Tornadus|Bleakwind Storm|p2b: Muk|[spread] p2a,p2b\n|-crit|p2b: Muk\n|-damage|p2a: Calyrex|70\/100\n|-damage|p2b: Muk|18\/100\n|-unboost|p2a: Calyrex|spe|1\n|move|p1b: Urshifu|Surging Strikes|p2a: Calyrex\n|-crit|p2a: Calyrex\n|-damage|p2a: Calyrex|12\/100\n|-crit|p2a: Calyrex\n|-damage|p2a: Calyrex|0 fnt\n|faint|p2a: Calyrex\n|-hitcount|p2: Calyrex|2\n|move|p2b: Muk|Knock Off|p1a: Tornadus\n|-damage|p1a: Tornadus|62\/100\n|-enditem|p1a: Tornadus|Wacan Berry|[from] move: Knock Off|[of] p2b: Muk\n|\n|-weather|RainDance|[upkeep]\n|-heal|p2b: Muk|25\/100|[from] item: Leftovers\n|-ability|p2b: Muk|Moody|boost\n|-boost|p2b: Muk|spd|2\n|-unboost|p2b: Muk|def|1\n|upkeep\n|turn|4\n|l| DittoTang\n|inactive|CCC2024 has 30 seconds left.\n|\n|t:|1720400892\n|move|p2b: Muk|Protect|p2b: Muk\n|-singleturn|p2b: Muk|Protect\n|move|p1a: Tornadus|Bleakwind Storm|p2b: Muk\n|-activate|p2b: Muk|move: Protect\n|move|p1b: Urshifu|Close Combat|p2b: Muk|[miss]\n|-miss|p1b: Urshifu|p2b: Muk\n|\n|-weather|RainDance|[upkeep]\n|-heal|p2b: Muk|31\/100|[from] item: Leftovers\n|-ability|p2b: Muk|Moody|boost\n|-boost|p2b: Muk|def|2\n|-unboost|p2b: Muk|spd|1\n|upkeep\n|turn|5\n|c|\u2606CCC2024|sb\n|inactive|Qianqiuxue has 30 seconds left.\n|c|\u2606Qianqiuxue|\uff1f\n|inactive|Qianqiuxue has 20 seconds left.\n|c|\u2606Qianqiuxue|chinese\uff1f\n|inactive|Qianqiuxue has 15 seconds left.\n|inactive|Qianqiuxue has 10 seconds left.\n|\n|t:|1720400941\n|move|p1a: Tornadus|Bleakwind Storm|p2b: Muk\n|-damage|p2b: Muk|0 fnt\n|faint|p2b: Muk\n|\n|win|CCC2024\n|raw|CCC2024's rating: 1740 &rarr; <strong>1760<\/strong><br \/>(+20 for winning)\n|raw|Qianqiuxue's rating: 1747 &rarr; <strong>1727<\/strong><br \/>(-20 for losing)\n|l|\u2606CCC2024\n|player|p1|\n|l|\u2606Qianqiuxue\n|player|p2|\n","uploadtime":1720401141,"views":36,"formatid":"gen9vgc2024regg","rating":1727,"private":0,"password":null}