{"id":"gen9vgc2024regg-2156041722","format":"[Gen 9] VGC 2024 Reg G","players":["Doggykiny","gilmoori"],"log":"|j|\u2606Doggykiny\n|j|\u2606gilmoori\n|t:|1720253284\n|gametype|doubles\n|player|p1|Doggykiny|cynthia|1720\n|player|p2|gilmoori|pokefanf-gen4|1723\n|teamsize|p1|6\n|teamsize|p2|6\n|gen|9\n|tier|[Gen 9] VGC 2024 Reg G\n|rated|\n|rule|Species Clause: Limit one of each Pok\u00e9mon\n|rule|Item Clause: Limit one of each item\n|clearpoke\n|poke|p1|Raging Bolt, L50|\n|poke|p1|Urshifu-*, L50, M|\n|poke|p1|Ogerpon-Cornerstone, L50, F|\n|poke|p1|Calyrex-Ice, L50|\n|poke|p1|Iron Valiant, L50|\n|poke|p1|Pelipper, L50, F|\n|poke|p2|Whimsicott, L50, M|\n|poke|p2|Flutter Mane, L50|\n|poke|p2|Calyrex-Shadow, L50|\n|poke|p2|Iron Hands, L50|\n|poke|p2|Clefairy, L50, M|\n|poke|p2|Ogerpon-Cornerstone, L50, F|\n|teampreview|4\n|inactive|Battle timer is ON: inactive players will automatically lose when time's up. (requested by gilmoori)\n|j| hachiware\n|\n|t:|1720253310\n|start\n|switch|p1a: Urshifu|Urshifu-Rapid-Strike, L50, M|100\/100\n|switch|p1b: Pelipper|Pelipper, L50, F|100\/100\n|switch|p2a: Flotte-M\u00e8che|Flutter Mane, L50|100\/100\n|switch|p2b: Fisto|Iron Hands, L50, shiny|100\/100\n|-weather|RainDance|[from] ability: Drizzle|[of] p1b: Pelipper\n|turn|1\n|j| stewpeed\n|\n|t:|1720253324\n|move|p1a: Urshifu|Detect|p1a: Urshifu\n|-singleturn|p1a: Urshifu|Protect\n|move|p2b: Fisto|Fake Out|p1a: Urshifu\n|-activate|p1a: Urshifu|move: Protect\n|move|p2a: Flotte-M\u00e8che|Moonblast|p1a: Urshifu\n|-activate|p1a: Urshifu|move: Protect\n|move|p1b: Pelipper|Tailwind|p1b: Pelipper\n|-sidestart|p1: Doggykiny|move: Tailwind\n|\n|-weather|RainDance|[upkeep]\n|upkeep\n|turn|2\n|\n|t:|1720253338\n|-end|p2a: Flotte-M\u00e8che|Protosynthesis|[silent]\n|switch|p2a: Piepi|Clefairy, L50, M, shiny|100\/100\n|move|p1a: Urshifu|Surging Strikes|p2a: Piepi\n|-crit|p2a: Piepi\n|-damage|p2a: Piepi|77\/100\n|-crit|p2a: Piepi\n|-damage|p2a: Piepi|51\/100\n|-crit|p2a: Piepi\n|-damage|p2a: Piepi|27\/100\n|-hitcount|p2a: Piepi|3\n|move|p1b: Pelipper|Hurricane|p2b: Fisto\n|-crit|p2b: Fisto\n|-damage|p2b: Fisto|73\/100\n|move|p2b: Fisto|Wild Charge|p1a: Urshifu\n|-supereffective|p1a: Urshifu\n|-enditem|p1a: Urshifu|Focus Sash\n|-damage|p1a: Urshifu|1\/100\n|-damage|p2b: Fisto|54\/100|[from] Recoil\n|\n|-weather|RainDance|[upkeep]\n|upkeep\n|turn|3\n|\n|t:|1720253357\n|move|p2a: Piepi|Follow Me|p2a: Piepi\n|-singleturn|p2a: Piepi|move: Follow Me\n|move|p1a: Urshifu|Surging Strikes|p2a: Piepi\n|-crit|p2a: Piepi\n|-damage|p2a: Piepi|0 fnt\n|faint|p2a: Piepi\n|-hitcount|p2: Piepi|1\n|move|p1b: Pelipper|Hurricane|p2b: Fisto\n|-damage|p2b: Fisto|27\/100\n|move|p2b: Fisto|Wild Charge|p1b: Pelipper\n|-supereffective|p1b: Pelipper\n|-damage|p1b: Pelipper|0 fnt\n|faint|p1b: Pelipper\n|-damage|p2b: Fisto|8\/100|[from] Recoil\n|\n|-weather|RainDance|[upkeep]\n|upkeep\n|\n|t:|1720253366\n|switch|p1b: Calyrex|Calyrex-Ice, L50|100\/100\n|switch|p2a: Shamone Rider|Calyrex-Shadow, L50|100\/100\n|-ability|p1b: Calyrex|As One\n|-ability|p1b: Calyrex|Unnerve\n|-ability|p2a: Shamone Rider|As One\n|-ability|p2a: Shamone Rider|Unnerve\n|turn|4\n|\n|t:|1720253376\n|-terastallize|p1b: Calyrex|Dragon\n|-terastallize|p2a: Shamone Rider|Water\n|move|p1a: Urshifu|Surging Strikes|p2a: Shamone Rider\n|-resisted|p2a: Shamone Rider\n|-crit|p2a: Shamone Rider\n|-damage|p2a: Shamone Rider|85\/100\n|-resisted|p2a: Shamone Rider\n|-crit|p2a: Shamone Rider\n|-damage|p2a: Shamone Rider|69\/100\n|-resisted|p2a: Shamone Rider\n|-crit|p2a: Shamone Rider\n|-damage|p2a: Shamone Rider|53\/100\n|-hitcount|p2a: Shamone Rider|3\n|move|p1b: Calyrex|Glacial Lance|p2a: Shamone Rider|[spread] p2a,p2b\n|-resisted|p2a: Shamone Rider\n|-crit|p2a: Shamone Rider\n|-damage|p2a: Shamone Rider|9\/100\n|-damage|p2b: Fisto|0 fnt\n|faint|p2b: Fisto\n|-end|p2b: Fisto|Quark Drive|[silent]\n|-ability|p1b: Calyrex|Chilling Neigh|boost\n|-boost|p1b: Calyrex|atk|1\n|move|p2a: Shamone Rider|Astral Barrage|p1b: Calyrex|[spread] p1a,p1b\n|-damage|p1a: Urshifu|0 fnt\n|-damage|p1b: Calyrex|67\/100\n|faint|p1a: Urshifu\n|-ability|p2a: Shamone Rider|Grim Neigh|boost\n|-boost|p2a: Shamone Rider|spa|1\n|\n|-weather|RainDance|[upkeep]\n|-sideend|p1: Doggykiny|move: Tailwind\n|upkeep\n|\n|t:|1720253397\n|switch|p1a: Iron Valiant|Iron Valiant, L50|100\/100\n|switch|p2b: Flotte-M\u00e8che|Flutter Mane, L50|100\/100\n|-enditem|p1a: Iron Valiant|Booster Energy\n|-activate|p1a: Iron Valiant|ability: Quark Drive|[fromitem]\n|-start|p1a: Iron Valiant|quarkdrivespe\n|turn|5\n|\n|t:|1720253411\n|move|p2a: Shamone Rider|Protect|p2a: Shamone Rider\n|-singleturn|p2a: Shamone Rider|Protect\n|move|p1a: Iron Valiant|Icy Wind|p2b: Flotte-M\u00e8che|[spread] p2b\n|-activate|p2a: Shamone Rider|move: Protect\n|-damage|p2b: Flotte-M\u00e8che|90\/100\n|-unboost|p2b: Flotte-M\u00e8che|spe|1\n|move|p2b: Flotte-M\u00e8che|Moonblast|p1b: Calyrex\n|-supereffective|p1b: Calyrex\n|-damage|p1b: Calyrex|0 fnt\n|faint|p1b: Calyrex\n|\n|-weather|none\n|upkeep\n|turn|6\n|\n|t:|1720253423\n|move|p1a: Iron Valiant|Icy Wind|p2a: Shamone Rider|[spread] p2a,p2b\n|-resisted|p2a: Shamone Rider\n|-damage|p2a: Shamone Rider|5\/100\n|-damage|p2b: Flotte-M\u00e8che|81\/100\n|-unboost|p2a: Shamone Rider|spe|1\n|-unboost|p2b: Flotte-M\u00e8che|spe|1\n|move|p2a: Shamone Rider|Astral Barrage|p1a: Iron Valiant\n|-damage|p1a: Iron Valiant|0 fnt\n|faint|p1a: Iron Valiant\n|-end|p1a: Iron Valiant|Quark Drive|[silent]\n|\n|win|gilmoori\n|raw|Doggykiny's rating: 1720 &rarr; <strong>1700<\/strong><br \/>(-20 for losing)\n|raw|gilmoori's rating: 1723 &rarr; <strong>1743<\/strong><br \/>(+20 for winning)\n|l|\u2606Doggykiny\n|player|p1|\n|l| stewpeed\n|l| hachiware\n|l|\u2606gilmoori\n|player|p2|\n","uploadtime":1720253686,"views":50,"formatid":"gen9vgc2024regg","rating":1700,"private":0,"password":null}