{"id":"gen9vgc2024regg-2156946403","format":"[Gen 9] VGC 2024 Reg G","players":["BenjaZap","Doggykiny"],"log":"|j|\u2606BenjaZap\n|j|\u2606Doggykiny\n|t:|1720394256\n|gametype|doubles\n|player|p1|BenjaZap|silver|1654\n|player|p2|Doggykiny|cynthia|1786\n|teamsize|p1|6\n|teamsize|p2|6\n|gen|9\n|tier|[Gen 9] VGC 2024 Reg G\n|rated|\n|rule|Species Clause: Limit one of each Pok\u00e9mon\n|rule|Item Clause: Limit one of each item\n|clearpoke\n|poke|p1|Regidrago, L50|\n|poke|p1|Tornadus, L50, M|\n|poke|p1|Urshifu-*, L50, F|\n|poke|p1|Terapagos, L50, M|\n|poke|p1|Indeedee-F, L50, F|\n|poke|p1|Entei, L50|\n|poke|p2|Raging Bolt, L50|\n|poke|p2|Urshifu-*, L50, M|\n|poke|p2|Ogerpon-Cornerstone, L50, F|\n|poke|p2|Calyrex-Ice, L50|\n|poke|p2|Iron Valiant, L50|\n|poke|p2|Pelipper, L50, F|\n|teampreview|4\n|\n|t:|1720394274\n|start\n|switch|p1a: Entei|Entei, L50|100\/100\n|switch|p1b: Terapagos|Terapagos, L50, M|100\/100\n|switch|p2a: Ogerpon|Ogerpon-Cornerstone, L50, F|100\/100\n|switch|p2b: Iron Valiant|Iron Valiant, L50|100\/100\n|-activate|p1b: Terapagos|ability: Tera Shift\n|detailschange|p1b: Terapagos|Terapagos-Terastal, L50, M\n|-heal|p1b: Terapagos|100\/100|[silent]\n|-enditem|p2b: Iron Valiant|Booster Energy\n|-activate|p2b: Iron Valiant|ability: Quark Drive|[fromitem]\n|-start|p2b: Iron Valiant|quarkdrivespe\n|turn|1\n|\n|t:|1720394290\n|switch|p1a: Urshifu|Urshifu-Rapid-Strike, L50, F|100\/100\n|move|p2a: Ogerpon|Follow Me|p2a: Ogerpon\n|-singleturn|p2a: Ogerpon|move: Follow Me\n|move|p2b: Iron Valiant|Moonblast|p1b: Terapagos\n|-activate|p1b: Terapagos|ability: Tera Shell\n|-resisted|p1b: Terapagos\n|-damage|p1b: Terapagos|85\/100\n|move|p1b: Terapagos|Calm Mind|p1b: Terapagos\n|-boost|p1b: Terapagos|spa|1\n|-boost|p1b: Terapagos|spd|1\n|\n|upkeep\n|turn|2\n|j| zxc123zxc\n|\n|t:|1720394326\n|move|p2b: Iron Valiant|Protect|p2b: Iron Valiant\n|-singleturn|p2b: Iron Valiant|Protect\n|move|p1a: Urshifu|Surging Strikes|p2a: Ogerpon\n|-crit|p2a: Ogerpon\n|-damage|p2a: Ogerpon|71\/100\n|-crit|p2a: Ogerpon\n|-damage|p2a: Ogerpon|43\/100\n|-crit|p2a: Ogerpon\n|-damage|p2a: Ogerpon|13\/100\n|-hitcount|p2a: Ogerpon|3\n|move|p2a: Ogerpon|Horn Leech|p1a: Urshifu\n|-supereffective|p1a: Urshifu\n|-damage|p1a: Urshifu|9\/100\n|-heal|p2a: Ogerpon|66\/100|[from] drain|[of] p1a: Urshifu\n|move|p1b: Terapagos|Tera Starstorm|p2b: Iron Valiant\n|-activate|p2b: Iron Valiant|move: Protect\n|\n|upkeep\n|turn|3\n|\n|t:|1720394347\n|move|p2b: Iron Valiant|Disable|p1b: Terapagos\n|-start|p1b: Terapagos|Disable|Tera Starstorm\n|move|p1a: Urshifu|Surging Strikes|p2a: Ogerpon\n|-crit|p2a: Ogerpon\n|-damage|p2a: Ogerpon|38\/100\n|-crit|p2a: Ogerpon\n|-damage|p2a: Ogerpon|11\/100\n|-crit|p2a: Ogerpon\n|-damage|p2a: Ogerpon|0 fnt\n|faint|p2a: Ogerpon\n|-hitcount|p2: Ogerpon|3\n|move|p1b: Terapagos|Calm Mind|p1b: Terapagos\n|-boost|p1b: Terapagos|spa|1\n|-boost|p1b: Terapagos|spd|1\n|\n|upkeep\n|\n|t:|1720394355\n|switch|p2a: Pelipper|Pelipper, L50, F|100\/100\n|-weather|RainDance|[from] ability: Drizzle|[of] p2a: Pelipper\n|turn|4\n|\n|t:|1720394375\n|-end|p2b: Iron Valiant|Quark Drive|[silent]\n|switch|p2b: Calyrex|Calyrex-Ice, L50|100\/100\n|-ability|p2b: Calyrex|As One\n|-ability|p2b: Calyrex|Unnerve\n|switch|p1a: Indeedee|Indeedee-F, L50, F|100\/100\n|-fieldstart|move: Psychic Terrain|[from] ability: Psychic Surge|[of] p1a: Indeedee\n|move|p1b: Terapagos|Earth Power|p2b: Calyrex\n|-damage|p2b: Calyrex|74\/100\n|move|p2a: Pelipper|Hurricane|p1a: Indeedee\n|-damage|p1a: Indeedee|60\/100\n|\n|-weather|RainDance|[upkeep]\n|upkeep\n|turn|5\n|\n|t:|1720394396\n|move|p1b: Terapagos|Protect|p1b: Terapagos\n|-singleturn|p1b: Terapagos|Protect\n|move|p1a: Indeedee|Imprison|p1a: Indeedee\n|-start|p1a: Indeedee|move: Imprison\n|move|p2a: Pelipper|Hurricane|p1b: Terapagos\n|-activate|p1b: Terapagos|move: Protect\n|move|p2b: Calyrex|Glacial Lance|p1a: Indeedee|[spread] p1a\n|-activate|p1b: Terapagos|move: Protect\n|-damage|p1a: Indeedee|5\/100\n|\n|-weather|RainDance|[upkeep]\n|upkeep\n|turn|6\n|\n|t:|1720394417\n|move|p1a: Indeedee|Follow Me|p1a: Indeedee\n|-singleturn|p1a: Indeedee|move: Follow Me\n|move|p1b: Terapagos|Earth Power|p2b: Calyrex\n|-damage|p2b: Calyrex|48\/100\n|move|p2a: Pelipper|Hurricane|p1a: Indeedee\n|-damage|p1a: Indeedee|0 fnt\n|faint|p1a: Indeedee\n|move|p2b: Calyrex|Glacial Lance|p1b: Terapagos\n|-damage|p1b: Terapagos|18\/100\n|\n|-weather|RainDance|[upkeep]\n|-end|p1b: Terapagos|Disable\n|upkeep\n|\n|t:|1720394449\n|switch|p1a: Urshifu|Urshifu-Rapid-Strike, L50, F|9\/100\n|turn|7\n|inactive|Battle timer is ON: inactive players will automatically lose when time's up. (requested by Doggykiny)\n|l|\u2606BenjaZap\n|inactive|BenjaZap disconnected and has a minute to reconnect!\n|player|p1|\n|j|\u2606BenjaZap\n|inactive|BenjaZap reconnected and has 75 seconds left.\n|player|p1|BenjaZap|silver|\n|\n|t:|1720394490\n|move|p2a: Pelipper|Wide Guard|p2a: Pelipper\n|-singleturn|p2a: Pelipper|Wide Guard\n|move|p1a: Urshifu|Surging Strikes|p2b: Calyrex\n|-crit|p2b: Calyrex\n|-damage|p2b: Calyrex|27\/100\n|-crit|p2b: Calyrex\n|-damage|p2b: Calyrex|4\/100\n|-crit|p2b: Calyrex\n|-damage|p2b: Calyrex|0 fnt\n|faint|p2b: Calyrex\n|-hitcount|p2: Calyrex|3\n|move|p1b: Terapagos|Tera Starstorm|p2a: Pelipper\n|-damage|p2a: Pelipper|0 fnt\n|faint|p2a: Pelipper\n|\n|-weather|RainDance|[upkeep]\n|upkeep\n|\n|t:|1720394498\n|switch|p2b: Iron Valiant|Iron Valiant, L50|100\/100\n|turn|8\n|\n|t:|1720394515\n|move|p1a: Urshifu|Surging Strikes|p2b: Iron Valiant\n|-crit|p2b: Iron Valiant\n|-damage|p2b: Iron Valiant|68\/100\n|-crit|p2b: Iron Valiant\n|-damage|p2b: Iron Valiant|36\/100\n|-crit|p2b: Iron Valiant\n|-damage|p2b: Iron Valiant|2\/100\n|-hitcount|p2b: Iron Valiant|3\n|move|p2b: Iron Valiant|Moonblast|p1a: Urshifu\n|-supereffective|p1a: Urshifu\n|-damage|p1a: Urshifu|0 fnt\n|faint|p1a: Urshifu\n|move|p1b: Terapagos|Tera Starstorm|p2b: Iron Valiant\n|-damage|p2b: Iron Valiant|0 fnt\n|faint|p2b: Iron Valiant\n|-end|p2b: Iron Valiant|Quark Drive|[silent]\n|\n|win|BenjaZap\n|raw|BenjaZap's rating: 1654 &rarr; <strong>1681<\/strong><br \/>(+27 for winning)\n|raw|Doggykiny's rating: 1786 &rarr; <strong>1759<\/strong><br \/>(-27 for losing)\n|l|\u2606Doggykiny\n|player|p2|\n|l| zxc123zxc\n|l|\u2606BenjaZap\n|player|p1|\n","uploadtime":1720394555,"views":14,"formatid":"gen9vgc2024regg","rating":1681,"private":0,"password":null}