{"id":"gen9vgc2024regg-2157631370","format":"[Gen 9] VGC 2024 Reg G","players":["Super Crist","Doggykiny"],"log":"|j|\u2606Super Crist\n|j|\u2606Doggykiny\n|t:|1720493572\n|gametype|doubles\n|player|p1|Super Crist|sabrina|1806\n|player|p2|Doggykiny|cynthia|1694\n|teamsize|p1|6\n|teamsize|p2|6\n|gen|9\n|tier|[Gen 9] VGC 2024 Reg G\n|rated|\n|rule|Species Clause: Limit one of each Pok\u00e9mon\n|rule|Item Clause: Limit one of each item\n|clearpoke\n|poke|p1|Lunala, L50|\n|poke|p1|Rillaboom, L50, F|\n|poke|p1|Urshifu-*, L50, F|\n|poke|p1|Umbreon, L50, M|\n|poke|p1|Iron Jugulis, L50|\n|poke|p1|Chi-Yu, L50|\n|poke|p2|Raging Bolt, L50|\n|poke|p2|Urshifu-*, L50, F|\n|poke|p2|Ogerpon-Cornerstone, L50, F|\n|poke|p2|Calyrex-Ice, L50|\n|poke|p2|Iron Valiant, L50|\n|poke|p2|Pelipper, L50, F|\n|teampreview|4\n|inactive|Battle timer is ON: inactive players will automatically lose when time's up. (requested by Super Crist)\n|j| adamiser810\n|inactive|Doggykiny has 60 seconds left.\n|\n|t:|1720493612\n|start\n|switch|p1a: Lunala|Lunala, L50, shiny|100\/100\n|switch|p1b: Umbreon|Umbreon, L50, M, shiny|100\/100\n|switch|p2a: Calyrex|Calyrex-Ice, L50|100\/100\n|switch|p2b: Urshifu|Urshifu-Rapid-Strike, L50, F|100\/100\n|-ability|p2a: Calyrex|As One\n|-ability|p2a: Calyrex|Unnerve\n|turn|1\n|inactive|Super Crist has 30 seconds left.\n|\n|t:|1720493639\n|switch|p1b: Urshifu|Urshifu-Rapid-Strike, L50, F|100\/100\n|-terastallize|p1a: Lunala|Fairy\n|-terastallize|p2a: Calyrex|Dragon\n|move|p2b: Urshifu|Surging Strikes|p1a: Lunala\n|-crit|p1a: Lunala\n|-damage|p1a: Lunala|92\/100\n|-crit|p1a: Lunala\n|-damage|p1a: Lunala|75\/100\n|-crit|p1a: Lunala\n|-damage|p1a: Lunala|60\/100\n|-hitcount|p1a: Lunala|3\n|move|p1a: Lunala|Moonblast|p2b: Urshifu\n|-supereffective|p2b: Urshifu\n|-enditem|p2b: Urshifu|Focus Sash\n|-damage|p2b: Urshifu|1\/100\n|-unboost|p2b: Urshifu|spa|1\n|move|p2a: Calyrex|Crunch|p1a: Lunala\n|-resisted|p1a: Lunala\n|-damage|p1a: Lunala|47\/100\n|-unboost|p1a: Lunala|def|1\n|\n|-heal|p1a: Lunala|53\/100|[from] item: Leftovers\n|upkeep\n|turn|2\n|inactive|Super Crist has 30 seconds left.\n|inactive|Super Crist has 20 seconds left.\n|inactive|Super Crist has 15 seconds left.\n|inactive|Super Crist has 10 seconds left.\n|inactive|Doggykiny has 30 seconds left.\n|\n|t:|1720493686\n|switch|p1a: Umbreon|Umbreon, L50, M, shiny|100\/100\n|move|p1b: Urshifu|Aqua Jet|p2b: Urshifu\n|-resisted|p2b: Urshifu\n|-damage|p2b: Urshifu|0 fnt\n|faint|p2b: Urshifu\n|move|p2a: Calyrex|Glacial Lance|p1a: Umbreon|[spread] p1a,p1b\n|-resisted|p1b: Urshifu\n|-damage|p1a: Umbreon|64\/100\n|-damage|p1b: Urshifu|71\/100\n|\n|upkeep\n|\n|t:|1720493695\n|switch|p2b: Iron Valiant|Iron Valiant, L50|100\/100\n|-enditem|p2b: Iron Valiant|Booster Energy\n|-activate|p2b: Iron Valiant|ability: Quark Drive|[fromitem]\n|-start|p2b: Iron Valiant|quarkdrivespe\n|turn|3\n|\n|t:|1720493714\n|move|p1b: Urshifu|Detect|p1b: Urshifu\n|-singleturn|p1b: Urshifu|Protect\n|move|p2b: Iron Valiant|Moonblast|p1a: Umbreon\n|-supereffective|p1a: Umbreon\n|-damage|p1a: Umbreon|18\/100\n|-unboost|p1a: Umbreon|spa|1\n|move|p2a: Calyrex|Seed Bomb|p1b: Urshifu\n|-activate|p1b: Urshifu|move: Protect\n|move|p1a: Umbreon|Reflect|p1a: Umbreon\n|-sidestart|p1: Super Crist|Reflect\n|\n|upkeep\n|turn|4\n|inactive|Super Crist has 30 seconds left.\n|\n|t:|1720493745\n|move|p2b: Iron Valiant|Moonblast|p1b: Urshifu\n|-supereffective|p1b: Urshifu\n|-damage|p1b: Urshifu|0 fnt\n|faint|p1b: Urshifu\n|move|p2a: Calyrex|Glacial Lance|p1a: Umbreon\n|-damage|p1a: Umbreon|0 fnt\n|faint|p1a: Umbreon\n|-ability|p2a: Calyrex|Chilling Neigh|boost\n|-boost|p2a: Calyrex|atk|1\n|\n|upkeep\n|\n|t:|1720493749\n|switch|p1b: Lunala|Lunala, L50, shiny, tera:Fairy|53\/100\n|switch|p1a: Rillaboom|Rillaboom, L50, F, shiny|100\/100\n|-fieldstart|move: Grassy Terrain|[from] ability: Grassy Surge|[of] p1a: Rillaboom\n|turn|5\n|\n|t:|1720493770\n|move|p1a: Rillaboom|Fake Out|p2a: Calyrex\n|-damage|p2a: Calyrex|90\/100\n|move|p2b: Iron Valiant|Icy Wind|p1a: Rillaboom|[spread] p1a,p1b\n|-supereffective|p1a: Rillaboom\n|-crit|p1b: Lunala\n|-damage|p1a: Rillaboom|81\/100\n|-damage|p1b: Lunala|40\/100\n|-unboost|p1a: Rillaboom|spe|1\n|-unboost|p1b: Lunala|spe|1\n|cant|p2a: Calyrex|flinch\n|move|p1b: Lunala|Moonblast|p2b: Iron Valiant\n|-supereffective|p2b: Iron Valiant\n|-damage|p2b: Iron Valiant|0 fnt\n|faint|p2b: Iron Valiant\n|-end|p2b: Iron Valiant|Quark Drive|[silent]\n|\n|-heal|p2a: Calyrex|96\/100|[from] Grassy Terrain\n|-heal|p1b: Lunala|47\/100|[from] Grassy Terrain\n|-heal|p1b: Lunala|53\/100|[from] item: Leftovers\n|-heal|p1a: Rillaboom|87\/100|[from] Grassy Terrain\n|upkeep\n|\n|t:|1720493784\n|switch|p2b: Pelipper|Pelipper, L50, F|100\/100\n|-weather|RainDance|[from] ability: Drizzle|[of] p2b: Pelipper\n|turn|6\n|\n|t:|1720493790\n|move|p1a: Rillaboom|Grassy Glide|p2b: Pelipper\n|-damage|p2b: Pelipper|57\/100\n|move|p2b: Pelipper|Hurricane|p1a: Rillaboom\n|-supereffective|p1a: Rillaboom\n|-damage|p1a: Rillaboom|20\/100\n|-start|p1a: Rillaboom|confusion\n|move|p2a: Calyrex|Glacial Lance|p1b: Lunala|[spread] p1a,p1b\n|-supereffective|p1a: Rillaboom\n|-damage|p1a: Rillaboom|0 fnt\n|-damage|p1b: Lunala|10\/100\n|faint|p1a: Rillaboom\n|-ability|p2a: Calyrex|Chilling Neigh|boost\n|-boost|p2a: Calyrex|atk|1\n|move|p1b: Lunala|Moonblast|p2a: Calyrex\n|-supereffective|p2a: Calyrex\n|-damage|p2a: Calyrex|40\/100\n|\n|-weather|RainDance|[upkeep]\n|-heal|p2a: Calyrex|46\/100|[from] Grassy Terrain\n|-heal|p1b: Lunala|16\/100|[from] Grassy Terrain\n|-heal|p1b: Lunala|22\/100|[from] item: Leftovers\n|upkeep\n|turn|7\n|-message|Super Crist forfeited.\n|\n|win|Doggykiny\n|raw|Super Crist's rating: 1806 &rarr; <strong>1780<\/strong><br \/>(-26 for losing)\n|raw|Doggykiny's rating: 1694 &rarr; <strong>1720<\/strong><br \/>(+26 for winning)\n|l|\u2606Super Crist\n|player|p1|\n|l| adamiser810\n|l|\u2606Doggykiny\n|player|p2|\n","uploadtime":1720494063,"views":18,"formatid":"gen9vgc2024regg","rating":1720,"private":0,"password":null}