{"id":"gen9vgc2024regg-2157737274","format":"[Gen 9] VGC 2024 Reg G","players":["thanosgreninja","BanTheJuggalo"],"log":"|j|\u2606thanosgreninja\n|j|\u2606BanTheJuggalo\n|t:|1720512632\n|gametype|doubles\n|player|p1|thanosgreninja|hilbert|1662\n|player|p2|BanTheJuggalo|170|1758\n|teamsize|p1|6\n|teamsize|p2|6\n|gen|9\n|tier|[Gen 9] VGC 2024 Reg G\n|rated|\n|rule|Species Clause: Limit one of each Pok\u00e9mon\n|rule|Item Clause: Limit one of each item\n|clearpoke\n|poke|p1|Calyrex-Ice, L50|\n|poke|p1|Tyranitar, L50, M|\n|poke|p1|Rillaboom, L50, F|\n|poke|p1|Incineroar, L50, M|\n|poke|p1|Urshifu-*, L50, M|\n|poke|p1|Raging Bolt, L50|\n|poke|p2|Annihilape, L50, M|\n|poke|p2|Ogerpon-Cornerstone, L50, F|\n|poke|p2|Comfey, L50, F|\n|poke|p2|Urshifu-*, L50, M|\n|poke|p2|Incineroar, L50, M|\n|poke|p2|Calyrex-Ice, L50|\n|teampreview|4\n|j| NoahTNasty\n|j| Auryz\n|c| NoahTNasty|i can see why ur both high rank loll\n|c| NoahTNasty|the demon horse\n|c|\u2606BanTheJuggalo|lol so true\n|c|\u2606BanTheJuggalo|fuck this horse\n|\n|t:|1720512722\n|start\n|switch|p1a: Incineroar|Incineroar, L50, M|100\/100\n|switch|p1b: Rillaboom|Rillaboom, L50, F|100\/100\n|switch|p2a: Annihilape|Annihilape, L50, M|100\/100\n|switch|p2b: Calyrex|Calyrex-Ice, L50|100\/100\n|-ability|p2b: Calyrex|As One\n|-ability|p2b: Calyrex|Unnerve\n|-fieldstart|move: Grassy Terrain|[from] ability: Grassy Surge|[of] p1b: Rillaboom\n|-ability|p1a: Incineroar|Intimidate|boost\n|-unboost|p2a: Annihilape|atk|1\n|-ability|p2a: Annihilape|Defiant|boost\n|-boost|p2a: Annihilape|atk|2\n|-unboost|p2b: Calyrex|atk|1\n|turn|1\n|\n|t:|1720512760\n|-terastallize|p1a: Incineroar|Ghost\n|move|p1b: Rillaboom|Grassy Glide|p2a: Annihilape\n|-crit|p2a: Annihilape\n|-damage|p2a: Annihilape|41\/100\n|move|p2a: Annihilape|Close Combat|p1a: Incineroar\n|-immune|p1a: Incineroar\n|move|p1a: Incineroar|Will-O-Wisp|p2b: Calyrex|[miss]\n|-miss|p1a: Incineroar|p2b: Calyrex\n|move|p2b: Calyrex|Glacial Lance|p1a: Incineroar|[spread] p1a,p1b\n|-supereffective|p1b: Rillaboom\n|-damage|p1a: Incineroar|67\/100\n|-damage|p1b: Rillaboom|33\/100\n|\n|-heal|p2a: Annihilape|47\/100|[from] Grassy Terrain\n|-heal|p1b: Rillaboom|39\/100|[from] Grassy Terrain\n|-heal|p1a: Incineroar|73\/100|[from] Grassy Terrain\n|upkeep\n|turn|2\n|\n|t:|1720512791\n|switch|p2a: Comfey|Comfey, L50, F|100\/100\n|-terastallize|p2b: Calyrex|Fire\n|move|p1b: Rillaboom|Grassy Glide|p2a: Comfey\n|-damage|p2a: Comfey|59\/100\n|-damage|p1b: Rillaboom|22\/100|[from] item: Rocky Helmet|[of] p2a: Comfey\n|move|p1a: Incineroar|Will-O-Wisp|p2b: Calyrex\n|-immune|p2b: Calyrex\n|move|p2b: Calyrex|Glacial Lance|p1b: Rillaboom|[spread] p1a,p1b\n|-supereffective|p1b: Rillaboom\n|-damage|p1a: Incineroar|40\/100\n|-damage|p1b: Rillaboom|0 fnt\n|faint|p1b: Rillaboom\n|-ability|p2b: Calyrex|Chilling Neigh|boost\n|-boost|p2b: Calyrex|atk|1\n|\n|-heal|p2a: Comfey|64\/100|[from] Grassy Terrain\n|-heal|p1a: Incineroar|46\/100|[from] Grassy Terrain\n|upkeep\n|\n|t:|1720512799\n|switch|p1b: Tyranitar|Tyranitar, L50, M|100\/100\n|-weather|Sandstorm|[from] ability: Sand Stream|[of] p1b: Tyranitar\n|turn|3\n|\n|t:|1720512824\n|switch|p1a: Calyrex|Calyrex-Ice, L50|100\/100\n|-ability|p1a: Calyrex|As One\n|-ability|p1a: Calyrex|Unnerve\n|switch|p2b: Urshifu|Urshifu-Rapid-Strike, L50, M|100\/100\n|move|p2a: Comfey|Protect|p2a: Comfey\n|-singleturn|p2a: Comfey|Protect\n|move|p1b: Tyranitar|Stone Edge|p2b: Urshifu|[miss]\n|-miss|p1b: Tyranitar|p2b: Urshifu\n|\n|-weather|Sandstorm|[upkeep]\n|-damage|p2b: Urshifu|95\/100|[from] Sandstorm\n|-damage|p2a: Comfey|59\/100|[from] Sandstorm\n|-damage|p1a: Calyrex|95\/100|[from] Sandstorm\n|-heal|p2b: Urshifu|100\/100|[from] Grassy Terrain\n|-heal|p2a: Comfey|64\/100|[from] Grassy Terrain\n|-heal|p1a: Calyrex|100\/100|[from] Grassy Terrain\n|upkeep\n|turn|4\n|l| Auryz\n|\n|t:|1720512855\n|switch|p1b: Incineroar|Incineroar, L50, M, tera:Ghost|46\/100\n|-ability|p1b: Incineroar|Intimidate|boost\n|-unboost|p2a: Comfey|atk|1\n|-unboost|p2b: Urshifu|atk|1\n|move|p2a: Comfey|Synthesis|p2a: Comfey\n|-heal|p2a: Comfey|89\/100\n|move|p2b: Urshifu|Surging Strikes|p1b: Incineroar\n|-crit|p1b: Incineroar\n|-damage|p1b: Incineroar|17\/100\n|-crit|p1b: Incineroar\n|-damage|p1b: Incineroar|0 fnt\n|faint|p1b: Incineroar\n|-hitcount|p1: Incineroar|2\n|move|p1a: Calyrex|Trick Room|p1a: Calyrex\n|-fieldstart|move: Trick Room|[of] p1a: Calyrex\n|\n|-weather|Sandstorm|[upkeep]\n|-damage|p1a: Calyrex|95\/100|[from] Sandstorm\n|-damage|p2a: Comfey|83\/100|[from] Sandstorm\n|-damage|p2b: Urshifu|95\/100|[from] Sandstorm\n|-heal|p1a: Calyrex|100\/100|[from] Grassy Terrain\n|-heal|p2a: Comfey|89\/100|[from] Grassy Terrain\n|-heal|p2b: Urshifu|100\/100|[from] Grassy Terrain\n|upkeep\n|\n|t:|1720512864\n|switch|p1b: Tyranitar|Tyranitar, L50, M|100\/100\n|turn|5\n|\n|t:|1720512875\n|move|p2a: Comfey|Protect|p2a: Comfey\n|-singleturn|p2a: Comfey|Protect\n|move|p1a: Calyrex|Glacial Lance|p2b: Urshifu|[spread] p2b\n|-activate|p2a: Comfey|move: Protect\n|-resisted|p2b: Urshifu\n|-damage|p2b: Urshifu|70\/100\n|move|p1b: Tyranitar|Rock Slide|p2b: Urshifu|[spread] p2b\n|-activate|p2a: Comfey|move: Protect\n|-resisted|p2b: Urshifu\n|-damage|p2b: Urshifu|46\/100\n|cant|p2b: Urshifu|flinch\n|\n|-weather|Sandstorm|[upkeep]\n|-damage|p1a: Calyrex|95\/100|[from] Sandstorm\n|-damage|p2a: Comfey|83\/100|[from] Sandstorm\n|-damage|p2b: Urshifu|40\/100|[from] Sandstorm\n|-heal|p1a: Calyrex|100\/100|[from] Grassy Terrain\n|-heal|p2a: Comfey|89\/100|[from] Grassy Terrain\n|-heal|p2b: Urshifu|46\/100|[from] Grassy Terrain\n|-fieldend|move: Grassy Terrain\n|upkeep\n|turn|6\n|\n|t:|1720512890\n|move|p2a: Comfey|Floral Healing|p2b: Urshifu\n|-heal|p2b: Urshifu|96\/100\n|move|p1a: Calyrex|Glacial Lance|p2b: Urshifu|[spread] p2a,p2b\n|-resisted|p2b: Urshifu\n|-damage|p2a: Comfey|30\/100\n|-damage|p2b: Urshifu|65\/100\n|move|p1b: Tyranitar|Rock Slide|p2a: Comfey|[spread] p2a,p2b\n|-resisted|p2b: Urshifu\n|-damage|p2a: Comfey|0 fnt\n|-damage|p2b: Urshifu|39\/100\n|faint|p2a: Comfey\n|move|p2b: Urshifu|Surging Strikes|p1b: Tyranitar\n|-supereffective|p1b: Tyranitar\n|-crit|p1b: Tyranitar\n|-damage|p1b: Tyranitar|45\/100\n|-supereffective|p1b: Tyranitar\n|-crit|p1b: Tyranitar\n|-damage|p1b: Tyranitar|0 fnt\n|faint|p1b: Tyranitar\n|-hitcount|p1: Tyranitar|2\n|\n|-weather|Sandstorm|[upkeep]\n|-damage|p1a: Calyrex|95\/100|[from] Sandstorm\n|-damage|p2b: Urshifu|34\/100|[from] Sandstorm\n|upkeep\n|\n|t:|1720512911\n|switch|p2a: Calyrex|Calyrex-Ice, L50, tera:Fire|100\/100\n|-ability|p2a: Calyrex|As One\n|-ability|p2a: Calyrex|Unnerve\n|turn|7\n|\n|t:|1720512929\n|move|p2a: Calyrex|Throat Chop|p1a: Calyrex\n|-supereffective|p1a: Calyrex\n|-damage|p1a: Calyrex|57\/100\n|-start|p1a: Calyrex|Throat Chop|[silent]\n|move|p1a: Calyrex|High Horsepower|p2b: Urshifu\n|-damage|p2b: Urshifu|0 fnt\n|faint|p2b: Urshifu\n|-ability|p1a: Calyrex|Chilling Neigh|boost\n|-boost|p1a: Calyrex|atk|1\n|\n|-weather|none\n|upkeep\n|\n|t:|1720512936\n|switch|p2b: Annihilape|Annihilape, L50, M|47\/100\n|turn|8\n|\n|t:|1720512945\n|move|p2a: Calyrex|Throat Chop|p1a: Calyrex\n|-supereffective|p1a: Calyrex\n|-damage|p1a: Calyrex|13\/100\n|move|p1a: Calyrex|Glacial Lance|p2b: Annihilape|[spread] p2a,p2b\n|-resisted|p2a: Calyrex\n|-damage|p2a: Calyrex|76\/100\n|-damage|p2b: Annihilape|0 fnt\n|faint|p2b: Annihilape\n|-ability|p1a: Calyrex|Chilling Neigh|boost\n|-boost|p1a: Calyrex|atk|1\n|\n|-end|p1a: Calyrex|Throat Chop|[silent]\n|-fieldend|move: Trick Room\n|upkeep\n|turn|9\n|\n|t:|1720512953\n|move|p1a: Calyrex|High Horsepower|p2a: Calyrex\n|-supereffective|p2a: Calyrex\n|-damage|p2a: Calyrex|0 fnt\n|faint|p2a: Calyrex\n|\n|win|thanosgreninja\n|raw|thanosgreninja's rating: 1662 &rarr; <strong>1687<\/strong><br \/>(+25 for winning)\n|raw|BanTheJuggalo's rating: 1758 &rarr; <strong>1733<\/strong><br \/>(-25 for losing)\n|l|\u2606BanTheJuggalo\n|player|p2|\n|c|\u2606thanosgreninja|gg\n|l|\u2606thanosgreninja\n|player|p1|\n|l| NoahTNasty\n","uploadtime":1720513151,"views":8,"formatid":"gen9vgc2024regg","rating":1687,"private":0,"password":null}