{"id":"gen9vgc2024regg-2157671637","format":"[Gen 9] VGC 2024 Reg G","players":["SnrubYesthatlldo","CCC2024"],"log":"|j|\u2606SnrubYesthatlldo\n|j|\u2606CCC2024\n|t:|1720499742\n|gametype|doubles\n|player|p1|SnrubYesthatlldo|2|1750\n|player|p2|CCC2024|dawn|1734\n|teamsize|p1|6\n|teamsize|p2|6\n|gen|9\n|tier|[Gen 9] VGC 2024 Reg G\n|rated|\n|rule|Species Clause: Limit one of each Pok\u00e9mon\n|rule|Item Clause: Limit one of each item\n|clearpoke\n|poke|p1|Calyrex-Ice, L50|\n|poke|p1|Urshifu-*, L50, F|\n|poke|p1|Pelipper, L50, F|\n|poke|p1|Rillaboom, L50, M|\n|poke|p1|Farigiraf, L50, M|\n|poke|p1|Volcarona, L50, F|\n|poke|p2|Urshifu-*, L50, M|\n|poke|p2|Clefairy, L50, F|\n|poke|p2|Incineroar, L50, M|\n|poke|p2|Grimmsnarl, L50, M|\n|poke|p2|Calyrex-Shadow, L50|\n|poke|p2|Raging Bolt, L50|\n|teampreview|4\nSnrubYesthatlldo has agreed to open team sheets.\n|inactive|Battle timer is ON: inactive players will automatically lose when time's up. (requested by CCC2024)\n|\n|t:|1720499824\n|start\n|switch|p1a: Rillaboom|Rillaboom, L50, M|100\/100\n|switch|p1b: Urshifu|Urshifu-Rapid-Strike, L50, F|100\/100\n|switch|p2a: Raging Bolt|Raging Bolt, L50|100\/100\n|switch|p2b: Urshifu|Urshifu-Rapid-Strike, L50, M|100\/100\n|-fieldstart|move: Grassy Terrain|[from] ability: Grassy Surge|[of] p1a: Rillaboom\n|turn|1\n|inactive|SnrubYesthatlldo has 30 seconds left.\n|inactive|SnrubYesthatlldo has 20 seconds left.\n|\n|t:|1720499863\n|switch|p2b: Incineroar|Incineroar, L50, M, shiny|100\/100\n|-ability|p2b: Incineroar|Intimidate|boost\n|-unboost|p1a: Rillaboom|atk|1\n|-unboost|p1b: Urshifu|atk|1\n|move|p1a: Rillaboom|Fake Out|p2a: Raging Bolt\n|-damage|p2a: Raging Bolt|94\/100\n|move|p1b: Urshifu|Surging Strikes|p2b: Incineroar\n|-supereffective|p2b: Incineroar\n|-crit|p2b: Incineroar\n|-damage|p2b: Incineroar|71\/100\n|-damage|p1b: Urshifu|84\/100|[from] item: Rocky Helmet|[of] p2b: Incineroar\n|-supereffective|p2b: Incineroar\n|-crit|p2b: Incineroar\n|-damage|p2b: Incineroar|43\/100\n|-damage|p1b: Urshifu|67\/100|[from] item: Rocky Helmet|[of] p2b: Incineroar\n|-supereffective|p2b: Incineroar\n|-crit|p2b: Incineroar\n|-damage|p2b: Incineroar|15\/100\n|-damage|p1b: Urshifu|51\/100|[from] item: Rocky Helmet|[of] p2b: Incineroar\n|-hitcount|p2b: Incineroar|3\n|cant|p2a: Raging Bolt|flinch\n|\n|-heal|p1b: Urshifu|57\/100|[from] Grassy Terrain\n|-heal|p2a: Raging Bolt|99\/100|[from] Grassy Terrain\n|-heal|p2b: Incineroar|21\/100|[from] Grassy Terrain\n|upkeep\n|turn|2\n|inactive|SnrubYesthatlldo has 30 seconds left.\n|inactive|CCC2024 has 30 seconds left.\n|inactive|CCC2024 has 20 seconds left.\n|inactive|CCC2024 has 15 seconds left.\n|\n|t:|1720499906\n|switch|p1b: Farigiraf|Farigiraf, L50, M|100\/100\n|-enditem|p1b: Farigiraf|Grassy Seed\n|-boost|p1b: Farigiraf|def|1|[from] item: Grassy Seed\n|move|p2a: Raging Bolt|Thunderclap||[still]\n|cant|p1b: Farigiraf|ability: Armor Tail|Thunderclap|[of] p2a: Raging Bolt\n|move|p1a: Rillaboom|U-turn|p2a: Raging Bolt\n|-damage|p2a: Raging Bolt|89\/100\n|\n|t:|1720499915\n|switch|p1a: Urshifu|Urshifu-Rapid-Strike, L50, F|57\/100|[from] U-turn\n|move|p2b: Incineroar|Will-O-Wisp|p1a: Urshifu\n|-status|p1a: Urshifu|brn\n|\n|-heal|p1a: Urshifu|62\/100 brn|[from] Grassy Terrain\n|-heal|p2a: Raging Bolt|95\/100|[from] Grassy Terrain\n|-heal|p2b: Incineroar|27\/100|[from] Grassy Terrain\n|-damage|p1a: Urshifu|57\/100 brn|[from] brn\n|upkeep\n|turn|3\n|l|\u2606CCC2024\n|inactive|CCC2024 disconnected and has a minute to reconnect!\n|player|p2|\n|j|\u2606CCC2024\n|inactive|CCC2024 reconnected and has 35 seconds left.\n|player|p2|CCC2024|dawn|\n|inactive|CCC2024 has 30 seconds left.\n|inactive|CCC2024 has 20 seconds left.\n|\n|t:|1720499952\n|switch|p2b: Urshifu|Urshifu-Rapid-Strike, L50, M|100\/100\n|-terastallize|p1b: Farigiraf|Electric\n|move|p1a: Urshifu|Surging Strikes|p2b: Urshifu\n|-resisted|p2b: Urshifu\n|-crit|p2b: Urshifu\n|-damage|p2b: Urshifu|95\/100\n|-resisted|p2b: Urshifu\n|-crit|p2b: Urshifu\n|-damage|p2b: Urshifu|90\/100\n|-resisted|p2b: Urshifu\n|-crit|p2b: Urshifu\n|-damage|p2b: Urshifu|85\/100\n|-hitcount|p2b: Urshifu|3\n|move|p2a: Raging Bolt|Thunderbolt|p1b: Farigiraf\n|-resisted|p1b: Farigiraf\n|-damage|p1b: Farigiraf|81\/100\n|move|p1b: Farigiraf|Tera Blast|p2b: Urshifu|[anim] Tera Blast Electric\n|-supereffective|p2b: Urshifu\n|-damage|p2b: Urshifu|0 fnt\n|faint|p2b: Urshifu\n|\n|-heal|p1a: Urshifu|62\/100 brn|[from] Grassy Terrain\n|-heal|p2a: Raging Bolt|100\/100|[from] Grassy Terrain\n|-heal|p1b: Farigiraf|87\/100|[from] Grassy Terrain\n|-damage|p1a: Urshifu|57\/100 brn|[from] brn\n|upkeep\n|inactive|CCC2024 has 30 seconds left.\n|\n|t:|1720499979\n|switch|p2b: Calyrex|Calyrex-Shadow, L50|100\/100\n|-ability|p2b: Calyrex|As One\n|-ability|p2b: Calyrex|Unnerve\n|turn|4\n|c|\u2606SnrubYesthatlldo|First time that Tera has been relevant lol\n|\n|t:|1720499997\n|move|p1a: Urshifu|Surging Strikes|p2b: Calyrex\n|-crit|p2b: Calyrex\n|-damage|p2b: Calyrex|92\/100\n|-crit|p2b: Calyrex\n|-damage|p2b: Calyrex|83\/100\n|-crit|p2b: Calyrex\n|-damage|p2b: Calyrex|74\/100\n|-hitcount|p2b: Calyrex|3\n|move|p2b: Calyrex|Astral Barrage|p1b: Farigiraf|[spread] p1a,p1b\n|-damage|p1a: Urshifu|0 fnt\n|-damage|p1b: Farigiraf|50\/100\n|faint|p1a: Urshifu\n|-ability|p2b: Calyrex|Grim Neigh|boost\n|-boost|p2b: Calyrex|spa|1\n|move|p2a: Raging Bolt|Draco Meteor|p1b: Farigiraf\n|-damage|p1b: Farigiraf|0 fnt\n|-unboost|p2a: Raging Bolt|spa|2\n|faint|p1b: Farigiraf\n|\n|-heal|p2b: Calyrex|80\/100|[from] Grassy Terrain\n|upkeep\n|\n|t:|1720500011\n|switch|p1a: Rillaboom|Rillaboom, L50, M|100\/100\n|switch|p1b: Calyrex|Calyrex-Ice, L50|100\/100\n|-ability|p1b: Calyrex|As One\n|-ability|p1b: Calyrex|Unnerve\n|turn|5\n|inactive|SnrubYesthatlldo has 30 seconds left.\n|inactive|CCC2024 has 30 seconds left.\n|inactive|CCC2024 has 20 seconds left.\n|\n|t:|1720500049\n|-end|p2a: Raging Bolt|Protosynthesis|[silent]\n|switch|p2a: Incineroar|Incineroar, L50, M, shiny|27\/100\n|-ability|p2a: Incineroar|Intimidate|boost\n|-unboost|p1a: Rillaboom|atk|1\n|-fail|p1b: Calyrex|unboost|[from] item: Clear Amulet|[of] p1b: Calyrex\n|move|p2b: Calyrex|Astral Barrage|p1b: Calyrex|[spread] p1a,p1b\n|-supereffective|p1b: Calyrex\n|-damage|p1a: Rillaboom|57\/100\n|-damage|p1b: Calyrex|8\/100\n|move|p1a: Rillaboom|Wood Hammer|p2a: Incineroar\n|-resisted|p2a: Incineroar\n|-damage|p2a: Incineroar|11\/100\n|-damage|p1a: Rillaboom|41\/100|[from] item: Rocky Helmet|[of] p2a: Incineroar\n|-damage|p1a: Rillaboom|35\/100|[from] Recoil\n|move|p1b: Calyrex|Trick Room|p1b: Calyrex\n|-fieldstart|move: Trick Room|[of] p1b: Calyrex\n|\n|-heal|p1b: Calyrex|14\/100|[from] Grassy Terrain\n|-heal|p2a: Incineroar|17\/100|[from] Grassy Terrain\n|-heal|p1a: Rillaboom|41\/100|[from] Grassy Terrain\n|-heal|p2b: Calyrex|86\/100|[from] Grassy Terrain\n|-fieldend|move: Grassy Terrain\n|upkeep\n|turn|6\n|inactive|CCC2024 has 30 seconds left.\n|\n|t:|1720500083\n|move|p1b: Calyrex|Protect|p1b: Calyrex\n|-singleturn|p1b: Calyrex|Protect\n|move|p2a: Incineroar|Fake Out|p1b: Calyrex\n|-activate|p1b: Calyrex|move: Protect\n|move|p1a: Rillaboom|Wood Hammer|p2b: Calyrex\n|-damage|p2b: Calyrex|57\/100\n|-damage|p1a: Rillaboom|31\/100|[from] Recoil\n|move|p2b: Calyrex|Astral Barrage|p1a: Rillaboom|[spread] p1a\n|-activate|p1b: Calyrex|move: Protect\n|-damage|p1a: Rillaboom|0 fnt\n|faint|p1a: Rillaboom\n|-ability|p2b: Calyrex|Grim Neigh|boost\n|-boost|p2b: Calyrex|spa|1\n|\n|upkeep\n|turn|7\n|\n|t:|1720500103\n|move|p1b: Calyrex|Glacial Lance|p2a: Incineroar|[spread] p2a,p2b\n|-resisted|p2a: Incineroar\n|-damage|p2a: Incineroar|0 fnt\n|-damage|p2b: Calyrex|0 fnt\n|faint|p2a: Incineroar\n|faint|p2b: Calyrex\n|-ability|p1b: Calyrex|Chilling Neigh|boost\n|-boost|p1b: Calyrex|atk|2\n|\n|upkeep\n|\n|t:|1720500112\n|switch|p2a: Raging Bolt|Raging Bolt, L50|100\/100\n|turn|8\n|\n|t:|1720500123\n|-terastallize|p2a: Raging Bolt|Fairy\n|move|p1b: Calyrex|Protect|p1b: Calyrex\n|-singleturn|p1b: Calyrex|Protect\n|move|p2a: Raging Bolt|Thunderclap||[still]\n|-fail|p2a: Raging Bolt\n|\n|upkeep\n|turn|9\n|\n|t:|1720500135\n|move|p2a: Raging Bolt|Thunderclap||[still]\n|-fail|p2a: Raging Bolt\n|move|p1b: Calyrex|Trick Room|p1b: Calyrex\n|-fieldend|move: Trick Room\n|\n|upkeep\n|turn|10\n|\n|t:|1720500141\n|move|p2a: Raging Bolt|Thunderbolt|p1b: Calyrex\n|-damage|p1b: Calyrex|0 fnt\n|faint|p1b: Calyrex\n|\n|win|CCC2024\n|raw|SnrubYesthatlldo's rating: 1750 &rarr; <strong>1729<\/strong><br \/>(-21 for losing)\n|raw|CCC2024's rating: 1734 &rarr; <strong>1755<\/strong><br \/>(+21 for winning)\n|l|\u2606CCC2024\n|player|p2|\n|l|\u2606SnrubYesthatlldo\n|player|p1|\n|j|\u2606SnrubYesthatlldo\n|player|p1|SnrubYesthatlldo|2|\n|l|\u2606SnrubYesthatlldo\n|player|p1|\n","uploadtime":1720500149,"views":44,"formatid":"gen9vgc2024regg","rating":1729,"private":0,"password":null}