{"id":"gen9vgc2024regg-2157691312","format":"[Gen 9] VGC 2024 Reg G","players":["Doggykiny","navinsachump"],"log":"|j|\u2606Doggykiny\n|j|\u2606navinsachump\n|t:|1720503319\n|gametype|doubles\n|player|p1|Doggykiny|cynthia|1650\n|player|p2|navinsachump|101|1714\n|teamsize|p1|6\n|teamsize|p2|6\n|gen|9\n|tier|[Gen 9] VGC 2024 Reg G\n|rated|\n|rule|Species Clause: Limit one of each Pok\u00e9mon\n|rule|Item Clause: Limit one of each item\n|clearpoke\n|poke|p1|Raging Bolt, L50|\n|poke|p1|Urshifu-*, L50, F|\n|poke|p1|Ogerpon-Cornerstone, L50, F|\n|poke|p1|Calyrex-Ice, L50|\n|poke|p1|Iron Valiant, L50|\n|poke|p1|Pelipper, L50, F|\n|poke|p2|Calyrex-Ice, L50|\n|poke|p2|Indeedee-F, L50, F|\n|poke|p2|Ursaluna-Bloodmoon, L50, M|\n|poke|p2|Flutter Mane, L50|\n|poke|p2|Ogerpon-Wellspring, L50, F|\n|poke|p2|Urshifu-*, L50, F|\n|teampreview|4\nnavinsachump rejected open team sheets.\n|inactive|Battle timer is ON: inactive players will automatically lose when time's up. (requested by navinsachump)\n|j| rabbithorn01\n|inactiveoff|Battle timer is now OFF.\n|\n|t:|1720503347\n|start\n|switch|p1a: Pelipper|Pelipper, L50, F|100\/100\n|switch|p1b: Urshifu|Urshifu-Rapid-Strike, L50, F|100\/100\n|switch|p2a: Urshifu|Urshifu, L50, F|100\/100\n|switch|p2b: Flutter Mane|Flutter Mane, L50|100\/100\n|-weather|RainDance|[from] ability: Drizzle|[of] p1a: Pelipper\n|turn|1\n|inactive|Battle timer is ON: inactive players will automatically lose when time's up. (requested by Doggykiny)\n|\n|t:|1720503361\n|move|p2b: Flutter Mane|Moonblast|p1b: Urshifu\n|-supereffective|p1b: Urshifu\n|-enditem|p1b: Urshifu|Focus Sash\n|-damage|p1b: Urshifu|1\/100\n|move|p2a: Urshifu|Wicked Blow|p1a: Pelipper\n|-crit|p1a: Pelipper\n|-damage|p1a: Pelipper|28\/100\n|move|p1b: Urshifu|Surging Strikes|p2b: Flutter Mane\n|-crit|p2b: Flutter Mane\n|-damage|p2b: Flutter Mane|46\/100\n|-crit|p2b: Flutter Mane\n|-damage|p2b: Flutter Mane|0 fnt\n|faint|p2b: Flutter Mane\n|-end|p2b: Flutter Mane|Protosynthesis|[silent]\n|-hitcount|p2: Flutter Mane|2\n|move|p1a: Pelipper|Hurricane|p2a: Urshifu\n|-supereffective|p2a: Urshifu\n|-enditem|p2a: Urshifu|Focus Sash\n|-damage|p2a: Urshifu|1\/100\n|-start|p2a: Urshifu|confusion\n|\n|-weather|RainDance|[upkeep]\n|upkeep\n|\n|t:|1720503375\n|switch|p2b: Calyrex|Calyrex-Ice, L50|100\/100\n|-ability|p2b: Calyrex|As One\n|-ability|p2b: Calyrex|Unnerve\n|turn|2\n|\n|t:|1720503392\n|switch|p1b: Iron Valiant|Iron Valiant, L50|100\/100\n|-enditem|p1b: Iron Valiant|Booster Energy\n|-activate|p1b: Iron Valiant|ability: Quark Drive|[fromitem]\n|-start|p1b: Iron Valiant|quarkdrivespe\n|-terastallize|p2b: Calyrex|Water\n|move|p1a: Pelipper|Wide Guard|p1a: Pelipper\n|-singleturn|p1a: Pelipper|Wide Guard\n|-activate|p2a: Urshifu|confusion\n|move|p2a: Urshifu|Wicked Blow|p1a: Pelipper\n|-crit|p1a: Pelipper\n|-damage|p1a: Pelipper|0 fnt\n|faint|p1a: Pelipper\n|move|p2b: Calyrex|Trick Room|p2b: Calyrex\n|-fieldstart|move: Trick Room|[of] p2b: Calyrex\n|\n|-weather|RainDance|[upkeep]\n|upkeep\n|\n|t:|1720503409\n|switch|p1a: Calyrex|Calyrex-Ice, L50|100\/100\n|-ability|p1a: Calyrex|As One\n|-ability|p1a: Calyrex|Unnerve\n|turn|3\n|\n|t:|1720503425\n|-terastallize|p1b: Iron Valiant|Steel\n|-activate|p2a: Urshifu|confusion\n|move|p2a: Urshifu|Sucker Punch|p1a: Calyrex\n|-supereffective|p1a: Calyrex\n|-damage|p1a: Calyrex|47\/100\n|move|p2b: Calyrex|High Horsepower|p1a: Calyrex|[miss]\n|-miss|p2b: Calyrex|p1a: Calyrex\n|move|p1a: Calyrex|Glacial Lance|p2b: Calyrex|[spread] p2a,p2b\n|-resisted|p2b: Calyrex\n|-damage|p2a: Urshifu|0 fnt\n|-damage|p2b: Calyrex|85\/100\n|faint|p2a: Urshifu\n|-ability|p1a: Calyrex|Chilling Neigh|boost\n|-boost|p1a: Calyrex|atk|1\n|move|p1b: Iron Valiant|Disable|p2b: Calyrex\n|-start|p2b: Calyrex|Disable|High Horsepower\n|\n|-weather|RainDance|[upkeep]\n|upkeep\n|\n|t:|1720503434\n|switch|p2a: Indeedee|Indeedee-F, L50, F|100\/100\n|-fieldstart|move: Psychic Terrain|[from] ability: Psychic Surge|[of] p2a: Indeedee\n|turn|4\n|\n|t:|1720503452\n|move|p2b: Calyrex|Glacial Lance|p1a: Calyrex|[spread] p1a,p1b\n|-resisted|p1a: Calyrex\n|-resisted|p1b: Iron Valiant\n|-damage|p1a: Calyrex|27\/100\n|-damage|p1b: Iron Valiant|70\/100\n|move|p1a: Calyrex|Glacial Lance|p2b: Calyrex|[spread] p2a,p2b\n|-resisted|p2b: Calyrex\n|-damage|p2a: Indeedee|17\/100\n|-damage|p2b: Calyrex|60\/100\n|move|p2a: Indeedee|Psychic|p1a: Calyrex\n|-resisted|p1a: Calyrex\n|-damage|p1a: Calyrex|17\/100\n|-unboost|p1a: Calyrex|spd|1\n|move|p1b: Iron Valiant|Moonblast|p2b: Calyrex\n|-damage|p2b: Calyrex|34\/100\n|\n|-weather|RainDance|[upkeep]\n|upkeep\n|turn|5\n|inactive|navinsachump has 30 seconds left.\n|inactive|navinsachump has 20 seconds left.\n|\n|t:|1720503487\n|move|p2a: Indeedee|Helping Hand|p2b: Calyrex\n|-singleturn|p2b: Calyrex|Helping Hand|[of] p2a: Indeedee\n|move|p2b: Calyrex|Glacial Lance|p1b: Iron Valiant|[spread] p1a,p1b\n|-resisted|p1a: Calyrex\n|-resisted|p1b: Iron Valiant\n|-damage|p1a: Calyrex|0 fnt\n|-damage|p1b: Iron Valiant|25\/100\n|faint|p1a: Calyrex\n|-ability|p2b: Calyrex|Chilling Neigh|boost\n|-boost|p2b: Calyrex|atk|1\n|move|p1b: Iron Valiant|Moonblast|p2b: Calyrex\n|-damage|p2b: Calyrex|6\/100\n|\n|-weather|none\n|upkeep\n|\n|t:|1720503499\n|switch|p1a: Urshifu|Urshifu-Rapid-Strike, L50, F|1\/100\n|turn|6\n|\n|t:|1720503511\n|move|p2a: Indeedee|Helping Hand|p2b: Calyrex\n|-singleturn|p2b: Calyrex|Helping Hand|[of] p2a: Indeedee\n|move|p1a: Urshifu|Detect|p1a: Urshifu\n|-singleturn|p1a: Urshifu|Protect\n|move|p1b: Iron Valiant|Protect|p1b: Iron Valiant\n|-singleturn|p1b: Iron Valiant|Protect\n|move|p2b: Calyrex|Glacial Lance|p1a: Urshifu|[spread] \n|-activate|p1a: Urshifu|move: Protect\n|-activate|p1b: Iron Valiant|move: Protect\n|\n|-fieldend|move: Trick Room\n|upkeep\n|turn|7\n|inactive|navinsachump has 30 seconds left.\n|\n|t:|1720503541\n|move|p2a: Indeedee|Follow Me|p2a: Indeedee\n|-singleturn|p2a: Indeedee|move: Follow Me\n|move|p1b: Iron Valiant|Moonblast|p2a: Indeedee\n|-damage|p2a: Indeedee|0 fnt\n|faint|p2a: Indeedee\n|move|p1a: Urshifu|Surging Strikes|p2b: Calyrex\n|-resisted|p2b: Calyrex\n|-crit|p2b: Calyrex\n|-damage|p2b: Calyrex|0 fnt\n|faint|p2b: Calyrex\n|-hitcount|p2: Calyrex|1\n|\n|win|Doggykiny\n|raw|Doggykiny's rating: 1650 &rarr; <strong>1674<\/strong><br \/>(+24 for winning)\n|raw|navinsachump's rating: 1714 &rarr; <strong>1690<\/strong><br \/>(-24 for losing)\n|l|\u2606navinsachump\n|player|p2|\n|l|\u2606Doggykiny\n|player|p1|\n","uploadtime":1720503554,"views":7,"formatid":"gen9vgc2024regg","rating":1674,"private":0,"password":null}