{"id":"gen9vgc2024regg-2157227458","format":"[Gen 9] VGC 2024 Reg G","players":["HariGG","Doggykiny"],"log":"|j|\u2606HariGG\n|j|\u2606Doggykiny\n|t:|1720443133\n|gametype|doubles\n|player|p1|HariGG|kris-gen2|1761\n|player|p2|Doggykiny|cynthia|1756\n|teamsize|p1|6\n|teamsize|p2|6\n|gen|9\n|tier|[Gen 9] VGC 2024 Reg G\n|rated|\n|rule|Species Clause: Limit one of each Pok\u00e9mon\n|rule|Item Clause: Limit one of each item\n|clearpoke\n|poke|p1|Terapagos, L50, M|\n|poke|p1|Ceruledge, L50, M|\n|poke|p1|Flutter Mane, L50|\n|poke|p1|Grimmsnarl, L50, M|\n|poke|p1|Iron Hands, L50|\n|poke|p1|Urshifu-*, L50, F|\n|poke|p2|Raging Bolt, L50|\n|poke|p2|Urshifu-*, L50, F|\n|poke|p2|Ogerpon-Cornerstone, L50, F|\n|poke|p2|Calyrex-Ice, L50|\n|poke|p2|Iron Valiant, L50|\n|poke|p2|Pelipper, L50, F|\n|teampreview|4\n|j| mago della merda\n|inactive|Battle timer is ON: inactive players will automatically lose when time's up. (requested by Doggykiny)\n|inactive|HariGG has 60 seconds left.\n|\n|t:|1720443213\n|start\n|switch|p1a: Grimmsnarl|Grimmsnarl, L50, M|100\/100\n|switch|p1b: Iron Hands|Iron Hands, L50|100\/100\n|switch|p2a: Iron Valiant|Iron Valiant, L50|100\/100\n|switch|p2b: Urshifu|Urshifu-Rapid-Strike, L50, F|100\/100\n|-enditem|p2a: Iron Valiant|Booster Energy\n|-activate|p2a: Iron Valiant|ability: Quark Drive|[fromitem]\n|-start|p2a: Iron Valiant|quarkdrivespe\n|turn|1\n|\n|t:|1720443232\n|move|p2a: Iron Valiant|Protect|p2a: Iron Valiant\n|-singleturn|p2a: Iron Valiant|Protect\n|move|p2b: Urshifu|Detect|p2b: Urshifu\n|-singleturn|p2b: Urshifu|Protect\n|move|p1b: Iron Hands|Fake Out|p2a: Iron Valiant\n|-activate|p2a: Iron Valiant|move: Protect\n|move|p1a: Grimmsnarl|Thunder Wave|p2b: Urshifu\n|-activate|p2b: Urshifu|move: Protect\n|\n|upkeep\n|turn|2\n|j| TCR5\n|\n|t:|1720443248\n|-end|p2a: Iron Valiant|Quark Drive|[silent]\n|switch|p2a: Pelipper|Pelipper, L50, F|100\/100\n|-weather|RainDance|[from] ability: Drizzle|[of] p2a: Pelipper\n|move|p1a: Grimmsnarl|Reflect|p1a: Grimmsnarl\n|-sidestart|p1: HariGG|Reflect\n|move|p2b: Urshifu|Surging Strikes|p1a: Grimmsnarl\n|-crit|p1a: Grimmsnarl\n|-damage|p1a: Grimmsnarl|69\/100\n|-crit|p1a: Grimmsnarl\n|-damage|p1a: Grimmsnarl|35\/100\n|-crit|p1a: Grimmsnarl\n|-damage|p1a: Grimmsnarl|0 fnt\n|faint|p1a: Grimmsnarl\n|-hitcount|p1: Grimmsnarl|3\n|move|p1b: Iron Hands|Heavy Slam|p2a: Pelipper\n|-resisted|p2a: Pelipper\n|-damage|p2a: Pelipper|76\/100\n|\n|-weather|RainDance|[upkeep]\n|upkeep\n|\n|t:|1720443258\n|switch|p1a: Terapagos|Terapagos, L50, M|100\/100\n|-activate|p1a: Terapagos|ability: Tera Shift\n|detailschange|p1a: Terapagos|Terapagos-Terastal, L50, M\n|-heal|p1a: Terapagos|100\/100|[silent]\n|turn|3\n|\n|t:|1720443271\n|move|p1a: Terapagos|Tera Starstorm|p2a: Pelipper\n|-damage|p2a: Pelipper|0 fnt\n|faint|p2a: Pelipper\n|move|p2b: Urshifu|Surging Strikes|p1a: Terapagos\n|-activate|p1a: Terapagos|ability: Tera Shell\n|-resisted|p1a: Terapagos\n|-crit|p1a: Terapagos\n|-damage|p1a: Terapagos|85\/100\n|-resisted|p1a: Terapagos\n|-crit|p1a: Terapagos\n|-damage|p1a: Terapagos|68\/100\n|-resisted|p1a: Terapagos\n|-crit|p1a: Terapagos\n|-damage|p1a: Terapagos|53\/100\n|-hitcount|p1a: Terapagos|3\n|move|p1b: Iron Hands|Wild Charge|p2b: Urshifu\n|-supereffective|p2b: Urshifu\n|-enditem|p2b: Urshifu|Focus Sash\n|-damage|p2b: Urshifu|1\/100\n|-damage|p1b: Iron Hands|82\/100|[from] Recoil\n|\n|-weather|RainDance|[upkeep]\n|upkeep\n|\n|t:|1720443289\n|switch|p2a: Iron Valiant|Iron Valiant, L50|100\/100\n|turn|4\n|\n|t:|1720443307\n|-terastallize|p1a: Terapagos|Stellar\n|detailschange|p1a: Terapagos|Terapagos-Stellar, L50, M, tera:Stellar\n|-heal|p1a: Terapagos|66\/100|[silent]\n|-ability|p1a: Terapagos|Teraform Zero\n|-weather|none\n|move|p2a: Iron Valiant|Protect|p2a: Iron Valiant\n|-singleturn|p2a: Iron Valiant|Protect\n|move|p2b: Urshifu|Detect|p2b: Urshifu\n|-singleturn|p2b: Urshifu|Protect\n|move|p1a: Terapagos|Tera Starstorm|p2a: Iron Valiant|[spread] \n|-activate|p2a: Iron Valiant|move: Protect\n|-activate|p2b: Urshifu|move: Protect\n|move|p1b: Iron Hands|Heavy Slam|p2a: Iron Valiant\n|-activate|p2a: Iron Valiant|move: Protect\n|\n|upkeep\n|turn|5\n|\n|t:|1720443330\n|switch|p1a: Flutter Mane|Flutter Mane, L50|100\/100\n|-enditem|p1a: Flutter Mane|Booster Energy\n|-activate|p1a: Flutter Mane|ability: Protosynthesis|[fromitem]\n|-start|p1a: Flutter Mane|protosynthesisspe\n|move|p2a: Iron Valiant|Disable||[still]\n|-fail|p2a: Iron Valiant\n|move|p2b: Urshifu|Surging Strikes|p1a: Flutter Mane\n|-crit|p1a: Flutter Mane\n|-damage|p1a: Flutter Mane|69\/100\n|-crit|p1a: Flutter Mane\n|-damage|p1a: Flutter Mane|37\/100\n|-crit|p1a: Flutter Mane\n|-damage|p1a: Flutter Mane|4\/100\n|-hitcount|p1a: Flutter Mane|3\n|move|p1b: Iron Hands|Heavy Slam|p2a: Iron Valiant\n|-supereffective|p2a: Iron Valiant\n|-damage|p2a: Iron Valiant|9\/100\n|\n|upkeep\n|turn|6\n|inactive|HariGG has 30 seconds left.\n|\n|t:|1720443355\n|move|p1a: Flutter Mane|Moonblast|p2a: Iron Valiant\n|-supereffective|p2a: Iron Valiant\n|-damage|p2a: Iron Valiant|0 fnt\n|faint|p2a: Iron Valiant\n|-end|p2a: Iron Valiant|Quark Drive|[silent]\n|move|p2b: Urshifu|Surging Strikes|p1a: Flutter Mane\n|-crit|p1a: Flutter Mane\n|-damage|p1a: Flutter Mane|0 fnt\n|faint|p1a: Flutter Mane\n|-end|p1a: Flutter Mane|Protosynthesis|[silent]\n|-hitcount|p1: Flutter Mane|1\n|move|p1b: Iron Hands|Drain Punch|p2b: Urshifu\n|-damage|p2b: Urshifu|0 fnt\n|-heal|p1b: Iron Hands|83\/100|[from] drain|[of] p2b: Urshifu\n|faint|p2b: Urshifu\n|\n|upkeep\n|\n|t:|1720443363\n|switch|p1a: Terapagos|Terapagos-Stellar, L50, M, tera:Stellar|66\/100\n|switch|p2b: Calyrex|Calyrex-Ice, L50|100\/100\n|-ability|p2b: Calyrex|As One\n|-ability|p2b: Calyrex|Unnerve\n|turn|7\n|l| mago della merda\n|\n|t:|1720443380\n|move|p1a: Terapagos|Tera Starstorm|p2b: Calyrex\n|-damage|p2b: Calyrex|62\/100\n|move|p2b: Calyrex|High Horsepower|p1b: Iron Hands\n|-supereffective|p1b: Iron Hands\n|-damage|p1b: Iron Hands|48\/100\n|move|p1b: Iron Hands|Drain Punch|p2b: Calyrex\n|-damage|p2b: Calyrex|32\/100\n|-heal|p1b: Iron Hands|60\/100|[from] drain|[of] p2b: Calyrex\n|\n|upkeep\n|turn|8\n|-message|Doggykiny forfeited.\n|\n|win|HariGG\n|raw|HariGG's rating: 1761 &rarr; <strong>1781<\/strong><br \/>(+20 for winning)\n|raw|Doggykiny's rating: 1756 &rarr; <strong>1736<\/strong><br \/>(-20 for losing)\n|l|\u2606Doggykiny\n|player|p2|\n|l|\u2606HariGG\n|player|p1|\n","uploadtime":1720443647,"views":61,"formatid":"gen9vgc2024regg","rating":1736,"private":0,"password":null}