{"id":"gen9vgc2024regg-2157401681","format":"[Gen 9] VGC 2024 Reg G","players":["hockypoco","BanTheJuggalo"],"log":"|j|\u2606hockypoco\n|j|\u2606BanTheJuggalo\n|t:|1720464516\n|gametype|doubles\n|player|p1|hockypoco|sabrina|1725\n|player|p2|BanTheJuggalo|265|1770\n|teamsize|p1|6\n|teamsize|p2|6\n|gen|9\n|tier|[Gen 9] VGC 2024 Reg G\n|rated|\n|rule|Species Clause: Limit one of each Pok\u00e9mon\n|rule|Item Clause: Limit one of each item\n|clearpoke\n|poke|p1|Whimsicott, L50, F|\n|poke|p1|Regidrago, L50|\n|poke|p1|Chi-Yu, L50|\n|poke|p1|Zacian-*, L50|\n|poke|p1|Ogerpon-Wellspring, L50, F|\n|poke|p1|Amoonguss, L50, F|\n|poke|p2|Annihilape, L50, M|\n|poke|p2|Ogerpon-Wellspring, L50, F|\n|poke|p2|Comfey, L50, F|\n|poke|p2|Chandelure, L50, M|\n|poke|p2|Gouging Fire, L50|\n|poke|p2|Calyrex-Ice, L50|\n|teampreview|4\n|inactive|Battle timer is ON: inactive players will automatically lose when time's up. (requested by hockypoco)\n|\n|t:|1720464550\n|start\n|switch|p1a: Regidrago|Regidrago, L50|100\/100\n|switch|p1b: Chi-Yu|Chi-Yu, L50|100\/100\n|switch|p2a: Chandelure|Chandelure, L50, M|100\/100\n|switch|p2b: Calyrex|Calyrex-Ice, L50|100\/100\n|-ability|p2b: Calyrex|As One\n|-ability|p2b: Calyrex|Unnerve\n|-ability|p1b: Chi-Yu|Beads of Ruin\n|turn|1\n|\n|t:|1720464570\n|-terastallize|p2b: Calyrex|Fire\n|move|p2a: Chandelure|Protect|p2a: Chandelure\n|-singleturn|p2a: Chandelure|Protect\n|move|p1b: Chi-Yu|Snarl|p2b: Calyrex|[spread] p2b\n|-activate|p2a: Chandelure|move: Protect\n|-damage|p2b: Calyrex|86\/100\n|-unboost|p2b: Calyrex|spa|1\n|move|p1a: Regidrago|Dragon Energy|p2b: Calyrex|[spread] p2b\n|-activate|p2a: Chandelure|move: Protect\n|-damage|p2b: Calyrex|30\/100\n|-damage|p1a: Regidrago|91\/100|[from] item: Life Orb\n|move|p2b: Calyrex|Glacial Lance|p1a: Regidrago|[spread] p1a,p1b\n|-supereffective|p1a: Regidrago\n|-resisted|p1b: Chi-Yu\n|-damage|p1a: Regidrago|0 fnt\n|-damage|p1b: Chi-Yu|55\/100\n|faint|p1a: Regidrago\n|-ability|p2b: Calyrex|Chilling Neigh|boost\n|-boost|p2b: Calyrex|atk|1\n|\n|upkeep\n|\n|t:|1720464595\n|switch|p1a: Zacian|Zacian-Crowned, L50|100\/100\n|-ability|p1a: Zacian|Intrepid Sword|boost\n|-boost|p1a: Zacian|atk|1\n|turn|2\n|\n|t:|1720464606\n|move|p1a: Zacian|Protect|p1a: Zacian\n|-singleturn|p1a: Zacian|Protect\n|move|p1b: Chi-Yu|Snarl|p2b: Calyrex|[spread] p2a,p2b\n|-supereffective|p2a: Chandelure\n|-damage|p2a: Chandelure|6\/100\n|-damage|p2b: Calyrex|15\/100\n|-unboost|p2a: Chandelure|spa|1\n|-unboost|p2b: Calyrex|spa|1\n|move|p2a: Chandelure|Will-O-Wisp|p1a: Zacian\n|-activate|p1a: Zacian|move: Protect\n|move|p2b: Calyrex|Glacial Lance|p1b: Chi-Yu|[spread] p1b\n|-activate|p1a: Zacian|move: Protect\n|-resisted|p1b: Chi-Yu\n|-damage|p1b: Chi-Yu|0 fnt\n|faint|p1b: Chi-Yu\n|-ability|p2b: Calyrex|Chilling Neigh|boost\n|-boost|p2b: Calyrex|atk|1\n|\n|upkeep\n|\n|t:|1720464622\n|switch|p1b: Amoonguss|Amoonguss, L50, F|100\/100\n|turn|3\n|inactive|hockypoco has 30 seconds left.\n|\n|t:|1720464655\n|move|p1b: Amoonguss|Protect|p1b: Amoonguss\n|-singleturn|p1b: Amoonguss|Protect\n|move|p1a: Zacian|Behemoth Blade|p2a: Chandelure\n|-resisted|p2a: Chandelure\n|-damage|p2a: Chandelure|0 fnt\n|faint|p2a: Chandelure\n|move|p2b: Calyrex|Glacial Lance|p1a: Zacian|[spread] p1a\n|-activate|p1b: Amoonguss|move: Protect\n|-resisted|p1a: Zacian\n|-damage|p1a: Zacian|47\/100\n|\n|upkeep\n|\n|t:|1720464670\n|switch|p2a: Comfey|Comfey, L50, F|100\/100\n|turn|4\n|\n|t:|1720464688\n|-terastallize|p1b: Amoonguss|Water\n|move|p1a: Zacian|Protect|p1a: Zacian\n|-singleturn|p1a: Zacian|Protect\n|move|p2a: Comfey|Floral Healing|p2b: Calyrex\n|-heal|p2b: Calyrex|65\/100\n|move|p2b: Calyrex|Glacial Lance|p1b: Amoonguss|[spread] p1b\n|-activate|p1a: Zacian|move: Protect\n|-resisted|p1b: Amoonguss\n|-damage|p1b: Amoonguss|56\/100\n|move|p1b: Amoonguss|Spore|p2b: Calyrex\n|-status|p2b: Calyrex|slp|[from] move: Spore\n|\n|upkeep\n|turn|5\n|\n|t:|1720464707\n|move|p2a: Comfey|Floral Healing|p2b: Calyrex\n|-heal|p2b: Calyrex|100\/100 slp\n|move|p1a: Zacian|Behemoth Blade|p2a: Comfey\n|-supereffective|p2a: Comfey\n|-damage|p2a: Comfey|0 fnt\n|-damage|p1a: Zacian|30\/100|[from] item: Rocky Helmet|[of] p2a: Comfey\n|faint|p2a: Comfey\n|cant|p2b: Calyrex|slp\n|move|p1b: Amoonguss|Sludge Bomb|p2b: Calyrex\n|-damage|p2b: Calyrex|88\/100 slp\n|\n|upkeep\n|\n|t:|1720464719\n|switch|p2a: Gouging Fire|Gouging Fire, L50|100\/100\n|-enditem|p2a: Gouging Fire|Booster Energy\n|-activate|p2a: Gouging Fire|ability: Protosynthesis|[fromitem]\n|-start|p2a: Gouging Fire|protosynthesisspe\n|turn|6\n|\n|t:|1720464732\n|move|p2a: Gouging Fire|Heat Crash|p1a: Zacian\n|-supereffective|p1a: Zacian\n|-damage|p1a: Zacian|0 fnt\n|faint|p1a: Zacian\n|-curestatus|p2b: Calyrex|slp|[msg]\n|move|p2b: Calyrex|Glacial Lance|p1b: Amoonguss\n|-resisted|p1b: Amoonguss\n|-damage|p1b: Amoonguss|0 fnt\n|faint|p1b: Amoonguss\n|\n|win|BanTheJuggalo\n|raw|hockypoco's rating: 1725 &rarr; <strong>1708<\/strong><br \/>(-17 for losing)\n|raw|BanTheJuggalo's rating: 1770 &rarr; <strong>1787<\/strong><br \/>(+17 for winning)\n|l|\u2606hockypoco\n|player|p1|\n|l|\u2606BanTheJuggalo\n|player|p2|\n","uploadtime":1720464874,"views":58,"formatid":"gen9vgc2024regg","rating":1708,"private":0,"password":null}