{"id":"gen9vgc2024regg-2157784644","format":"[Gen 9] VGC 2024 Reg G","players":["tuanzai233","HamstermaniaCZ"],"log":"|j|\u2606tuanzai233\n|j|\u2606HamstermaniaCZ\n|t:|1720521941\n|gametype|doubles\n|player|p1|tuanzai233|101|1807\n|player|p2|HamstermaniaCZ|acetrainersnow|1767\n|teamsize|p1|6\n|teamsize|p2|6\n|gen|9\n|tier|[Gen 9] VGC 2024 Reg G\n|rated|\n|rule|Species Clause: Limit one of each Pok\u00e9mon\n|rule|Item Clause: Limit one of each item\n|clearpoke\n|poke|p1|Indeedee-F, L50, F|\n|poke|p1|Torkoal, L50, M|\n|poke|p1|Calyrex-Ice, L50|\n|poke|p1|Annihilape, L50, F|\n|poke|p1|Urshifu-*, L50, F|\n|poke|p1|Brute Bonnet, L50|\n|poke|p2|Flutter Mane, L50|\n|poke|p2|Raging Bolt, L50|\n|poke|p2|Groudon, L50|\n|poke|p2|Brute Bonnet, L50|\n|poke|p2|Walking Wake, L50|\n|poke|p2|Chi-Yu, L50|\n|teampreview|4\n|j| rabbithorn01\n|j| freezing blaze\n|\n|t:|1720521971\n|start\n|switch|p1a: Calyrex|Calyrex-Ice, L50|100\/100\n|switch|p1b: Indeedee|Indeedee-F, L50, F|100\/100\n|switch|p2a: Chi-Yu|Chi-Yu, L50|100\/100\n|switch|p2b: Brute Bonnet|Brute Bonnet, L50|100\/100\n|-ability|p1a: Calyrex|As One\n|-ability|p1a: Calyrex|Unnerve\n|-ability|p2a: Chi-Yu|Beads of Ruin\n|-fieldstart|move: Psychic Terrain|[from] ability: Psychic Surge|[of] p1b: Indeedee\n|turn|1\n|l| freezing blaze\n|\n|t:|1720522000\n|-terastallize|p1b: Indeedee|Fire\n|-terastallize|p2b: Brute Bonnet|Water\n|move|p1b: Indeedee|Follow Me|p1b: Indeedee\n|-singleturn|p1b: Indeedee|move: Follow Me\n|move|p2a: Chi-Yu|Overheat|p1b: Indeedee\n|-resisted|p1b: Indeedee\n|-damage|p1b: Indeedee|55\/100\n|-unboost|p2a: Chi-Yu|spa|2\n|move|p2b: Brute Bonnet|Spore|p1b: Indeedee\n|-activate|p1b: Indeedee|item: Safety Goggles|Spore\n|move|p1a: Calyrex|Trick Room|p1a: Calyrex\n|-fieldstart|move: Trick Room|[of] p1a: Calyrex\n|\n|upkeep\n|turn|2\n|\n|t:|1720522026\n|switch|p2a: Groudon|Groudon, L50|100\/100\n|-weather|SunnyDay|[from] ability: Drought|[of] p2a: Groudon\n|-activate|p2b: Brute Bonnet|ability: Protosynthesis\n|-start|p2b: Brute Bonnet|protosynthesisdef\n|move|p1b: Indeedee|Follow Me|p1b: Indeedee\n|-singleturn|p1b: Indeedee|move: Follow Me\n|move|p1a: Calyrex|High Horsepower|p2a: Groudon\n|-damage|p2a: Groudon|72\/100\n|move|p2b: Brute Bonnet|Seed Bomb|p1b: Indeedee\n|-resisted|p1b: Indeedee\n|-damage|p1b: Indeedee|38\/100\n|\n|-weather|SunnyDay|[upkeep]\n|upkeep\n|turn|3\n|j| Sid Kagenow\n|\n|t:|1720522049\n|move|p2a: Groudon|Protect|p2a: Groudon\n|-singleturn|p2a: Groudon|Protect\n|move|p1b: Indeedee|Follow Me|p1b: Indeedee\n|-singleturn|p1b: Indeedee|move: Follow Me\n|move|p1a: Calyrex|Glacial Lance|p2a: Groudon|[spread] p2b\n|-activate|p2a: Groudon|move: Protect\n|-resisted|p2b: Brute Bonnet\n|-damage|p2b: Brute Bonnet|87\/100\n|move|p2b: Brute Bonnet|Seed Bomb|p1b: Indeedee\n|-resisted|p1b: Indeedee\n|-damage|p1b: Indeedee|23\/100\n|\n|-weather|SunnyDay|[upkeep]\n|upkeep\n|turn|4\n|\n|t:|1720522072\n|switch|p2a: Walking Wake|Walking Wake, L50|100\/100\n|-activate|p2a: Walking Wake|ability: Protosynthesis\n|-start|p2a: Walking Wake|protosynthesisspe\n|move|p1b: Indeedee|Follow Me|p1b: Indeedee\n|-singleturn|p1b: Indeedee|move: Follow Me\n|move|p1a: Calyrex|Glacial Lance|p2a: Walking Wake|[spread] p2a,p2b\n|-resisted|p2b: Brute Bonnet\n|-damage|p2a: Walking Wake|38\/100\n|-damage|p2b: Brute Bonnet|73\/100\n|move|p2b: Brute Bonnet|Seed Bomb|p1b: Indeedee\n|-resisted|p1b: Indeedee\n|-damage|p1b: Indeedee|4\/100\n|\n|-weather|SunnyDay|[upkeep]\n|upkeep\n|turn|5\n|\n|t:|1720522101\n|switch|p1b: Brute Bonnet|Brute Bonnet, L50, shiny|100\/100\n|-activate|p1b: Brute Bonnet|ability: Protosynthesis\n|-start|p1b: Brute Bonnet|protosynthesisdef\n|-end|p2a: Walking Wake|Protosynthesis|[silent]\n|switch|p2a: Chi-Yu|Chi-Yu, L50|100\/100\n|-ability|p2a: Chi-Yu|Beads of Ruin\n|move|p2b: Brute Bonnet|Rage Powder|p2b: Brute Bonnet\n|-singleturn|p2b: Brute Bonnet|move: Rage Powder\n|move|p1a: Calyrex|Glacial Lance|p2a: Chi-Yu|[spread] p2a,p2b\n|-resisted|p2a: Chi-Yu\n|-resisted|p2b: Brute Bonnet\n|-damage|p2a: Chi-Yu|52\/100\n|-damage|p2b: Brute Bonnet|59\/100\n|\n|-weather|SunnyDay|[upkeep]\n|-fieldend|move: Trick Room\n|-fieldend|move: Psychic Terrain\n|upkeep\n|turn|6\n|\n|t:|1720522122\n|move|p1b: Brute Bonnet|Rage Powder|p1b: Brute Bonnet\n|-singleturn|p1b: Brute Bonnet|move: Rage Powder\n|move|p2a: Chi-Yu|Heat Wave|p1b: Brute Bonnet|[spread] p1a,p1b\n|-supereffective|p1a: Calyrex\n|-supereffective|p1b: Brute Bonnet\n|-damage|p1a: Calyrex|0 fnt\n|-damage|p1b: Brute Bonnet|0 fnt\n|faint|p1a: Calyrex\n|faint|p1b: Brute Bonnet\n|-end|p1b: Brute Bonnet|Protosynthesis|[silent]\n|move|p2b: Brute Bonnet|Spore|p1: Calyrex|[notarget]\n|-fail|p2b: Brute Bonnet\n|\n|-weather|none\n|-end|p2b: Brute Bonnet|Protosynthesis\n|upkeep\n|-message|tuanzai233 forfeited.\n|\n|win|HamstermaniaCZ\n|raw|tuanzai233's rating: 1807 &rarr; <strong>1785<\/strong><br \/>(-22 for losing)\n|raw|HamstermaniaCZ's rating: 1767 &rarr; <strong>1789<\/strong><br \/>(+22 for winning)\n|l|\u2606tuanzai233\n|player|p1|\n|l| Sid Kagenow\n","uploadtime":1720522151,"views":235,"formatid":"gen9vgc2024regg","rating":1785,"private":0,"password":null}