{"id":"gen9vgc2024regg-2157421800","format":"[Gen 9] VGC 2024 Reg G","players":["KSunfr","Paradox Mourinho"],"log":"|j|\u2606KSunfr\n|j|\u203dParadox Mourinho\n|t:|1720466818\n|gametype|doubles\n|player|p1|KSunfr|dancer|1654\n|player|p2|Paradox Mourinho|lance|1736\n|teamsize|p1|6\n|teamsize|p2|6\n|gen|9\n|tier|[Gen 9] VGC 2024 Reg G\n|rated|\n|rule|Species Clause: Limit one of each Pok\u00e9mon\n|rule|Item Clause: Limit one of each item\n|clearpoke\n|poke|p1|Zamazenta-*, L50|\n|poke|p1|Entei, L50|\n|poke|p1|Chien-Pao, L50|\n|poke|p1|Rillaboom, L50, M|\n|poke|p1|Flutter Mane, L50|\n|poke|p1|Ditto, L50|\n|poke|p2|Kingambit, L50, M|\n|poke|p2|Tornadus, L50, M|\n|poke|p2|Landorus, L50, M|\n|poke|p2|Scream Tail, L50|\n|poke|p2|Urshifu-*, L50, F|\n|poke|p2|Eternatus, L50|\n|teampreview|4\n|inactive|Battle timer is ON: inactive players will automatically lose when time's up. (requested by KSunfr)\n|\n|t:|1720466837\n|start\n|switch|p1a: Flutter Mane|Flutter Mane, L50|100\/100\n|switch|p1b: Chien-Pao|Chien-Pao, L50|100\/100\n|switch|p2a: Eternatus|Eternatus, L50|100\/100\n|switch|p2b: Tornadus|Tornadus, L50, M|100\/100\n|-ability|p1b: Chien-Pao|Sword of Ruin\n|-ability|p2a: Eternatus|Pressure\n|-enditem|p1a: Flutter Mane|Booster Energy\n|-activate|p1a: Flutter Mane|ability: Protosynthesis|[fromitem]\n|-start|p1a: Flutter Mane|protosynthesisspe\n|turn|1\n|\n|t:|1720466858\n|-terastallize|p2a: Eternatus|Rock\n|move|p2b: Tornadus|Tailwind|p2b: Tornadus\n|-sidestart|p2: Paradox Mourinho|move: Tailwind\n|move|p2a: Eternatus|Meteor Beam||[still]\n|-prepare|p2a: Eternatus|Meteor Beam\n|-boost|p2a: Eternatus|spa|1\n|-enditem|p2a: Eternatus|Power Herb\n|-anim|p2a: Eternatus|Meteor Beam|p1a: Flutter Mane\n|-damage|p1a: Flutter Mane|0 fnt\n|faint|p1a: Flutter Mane\n|-end|p1a: Flutter Mane|Protosynthesis|[silent]\n|move|p1b: Chien-Pao|Icicle Crash|p2b: Tornadus\n|-supereffective|p2b: Tornadus\n|-damage|p2b: Tornadus|0 fnt\n|faint|p2b: Tornadus\n|\n|upkeep\n|\n|t:|1720466868\n|switch|p1a: Zamazenta|Zamazenta-Crowned, L50|100\/100\n|switch|p2b: Urshifu|Urshifu-Rapid-Strike, L50, F|100\/100\n|-ability|p1a: Zamazenta|Dauntless Shield|boost\n|-boost|p1a: Zamazenta|def|1\n|turn|2\n|\n|t:|1720466888\n|move|p2a: Eternatus|Protect|p2a: Eternatus\n|-singleturn|p2a: Eternatus|Protect\n|move|p2b: Urshifu|Surging Strikes|p1b: Chien-Pao\n|-crit|p1b: Chien-Pao\n|-damage|p1b: Chien-Pao|71\/100\n|-crit|p1b: Chien-Pao\n|-damage|p1b: Chien-Pao|42\/100\n|-crit|p1b: Chien-Pao\n|-damage|p1b: Chien-Pao|17\/100\n|-hitcount|p1b: Chien-Pao|3\n|move|p1b: Chien-Pao|Icicle Crash|p2b: Urshifu\n|-resisted|p2b: Urshifu\n|-damage|p2b: Urshifu|74\/100\n|move|p1a: Zamazenta|Body Press|p2b: Urshifu\n|-damage|p2b: Urshifu|0 fnt\n|faint|p2b: Urshifu\n|\n|upkeep\n|\n|t:|1720466895\n|switch|p2b: Landorus|Landorus, L50, M|100\/100\n|turn|3\n|\n|t:|1720466912\n|switch|p1b: Entei|Entei, L50|100\/100\n|-terastallize|p1a: Zamazenta|Dragon\n|move|p2a: Eternatus|Sludge Bomb|p1a: Zamazenta\n|-damage|p1a: Zamazenta|47\/100\n|-status|p1a: Zamazenta|psn\n|move|p2b: Landorus|Sandsear Storm|p1a: Zamazenta|[spread] p1a,p1b\n|-supereffective|p1b: Entei\n|-damage|p1a: Zamazenta|6\/100 psn\n|-damage|p1b: Entei|0 fnt\n|faint|p1b: Entei\n|move|p1a: Zamazenta|Body Press|p2a: Eternatus\n|-supereffective|p2a: Eternatus\n|-damage|p2a: Eternatus|0 fnt\n|faint|p2a: Eternatus\n|\n|-damage|p1a: Zamazenta|0 fnt|[from] psn\n|faint|p1a: Zamazenta\n|upkeep\n|\n|t:|1720466930\n|switch|p1b: Chien-Pao|Chien-Pao, L50|17\/100\n|-ability|p1b: Chien-Pao|Sword of Ruin\n|turn|4\n|\n|t:|1720466938\n|move|p1b: Chien-Pao|Protect|p1b: Chien-Pao\n|-singleturn|p1b: Chien-Pao|Protect\n|move|p2b: Landorus|Sandsear Storm|p1b: Chien-Pao\n|-activate|p1b: Chien-Pao|move: Protect\n|\n|-sideend|p2: Paradox Mourinho|move: Tailwind\n|upkeep\n|turn|5\n|\n|t:|1720466946\n|move|p1b: Chien-Pao|Icicle Crash|p2b: Landorus\n|-supereffective|p2b: Landorus\n|-damage|p2b: Landorus|0 fnt\n|faint|p2b: Landorus\n|\n|win|KSunfr\n|raw|KSunfr's rating: 1654 &rarr; <strong>1679<\/strong><br \/>(+25 for winning)\n|raw|Paradox Mourinho's rating: 1736 &rarr; <strong>1711<\/strong><br \/>(-25 for losing)\n|l|\u2606KSunfr\n|player|p1|\n|l|\u203dParadox Mourinho\n|player|p2|\n","uploadtime":1720467128,"views":33,"formatid":"gen9vgc2024regg","rating":1679,"private":0,"password":null}