{"id":"gen9vgc2024regg-2157744473","format":"[Gen 9] VGC 2024 Reg G","players":["nerd159","war3infi"],"log":"|j|\u2606nerd159\n|j|\u2606war3infi\n|t:|1720514098\n|gametype|doubles\n|player|p1|nerd159|1|1773\n|player|p2|war3infi|dawn|1778\n|teamsize|p1|6\n|teamsize|p2|6\n|gen|9\n|tier|[Gen 9] VGC 2024 Reg G\n|rated|\n|rule|Species Clause: Limit one of each Pok\u00e9mon\n|rule|Item Clause: Limit one of each item\n|clearpoke\n|poke|p1|Groudon, L50|\n|poke|p1|Skeledirge, L50, F|\n|poke|p1|Raging Bolt, L50|\n|poke|p1|Flutter Mane, L50|\n|poke|p1|Rillaboom, L50, M|\n|poke|p1|Incineroar, L50, M|\n|poke|p2|Calyrex-Ice, L50|\n|poke|p2|Annihilape, L50, F|\n|poke|p2|Smeargle, L50, F|\n|poke|p2|Ursaluna-Bloodmoon, L50, M|\n|poke|p2|Urshifu-*, L50, M|\n|poke|p2|Ogerpon-Wellspring, L50, F|\n|teampreview|4\n|j| rabbithorn01\n|\n|t:|1720514167\n|start\n|switch|p1a: Flutter Mane|Flutter Mane, L50|100\/100\n|switch|p1b: Groudon|Groudon, L50|100\/100\n|switch|p2a: Calyrex|Calyrex-Ice, L50|100\/100\n|switch|p2b: Annihilape|Annihilape, L50, F|100\/100\n|-ability|p2a: Calyrex|As One\n|-ability|p2a: Calyrex|Unnerve\n|-weather|SunnyDay|[from] ability: Drought|[of] p1b: Groudon\n|-activate|p1a: Flutter Mane|ability: Protosynthesis\n|-start|p1a: Flutter Mane|protosynthesisspe\n|turn|1\n|inactive|Battle timer is ON: inactive players will automatically lose when time's up. (requested by nerd159)\n|inactive|war3infi has 60 seconds left.\n|j| Gregory59\n|\n|t:|1720514199\n|switch|p1b: Skeledirge|Skeledirge, L50, F|100\/100\n|move|p2a: Calyrex|Protect|p2a: Calyrex\n|-singleturn|p2a: Calyrex|Protect\n|move|p1a: Flutter Mane|Moonblast|p2b: Annihilape\n|-supereffective|p2b: Annihilape\n|-enditem|p2b: Annihilape|Roseli Berry|[eat]\n|-enditem|p2b: Annihilape|Roseli Berry|[weaken]\n|-damage|p2b: Annihilape|56\/100\n|move|p2b: Annihilape|Coaching|p2a: Calyrex\n|-boost|p2a: Calyrex|atk|1\n|-boost|p2a: Calyrex|def|1\n|\n|-weather|SunnyDay|[upkeep]\n|upkeep\n|turn|2\n|\n|t:|1720514210\n|-terastallize|p2b: Annihilape|Steel\n|move|p1a: Flutter Mane|Moonblast|p2b: Annihilape\n|-resisted|p2b: Annihilape\n|-damage|p2b: Annihilape|33\/100\n|move|p2b: Annihilape|Rage Fist|p1b: Skeledirge\n|-supereffective|p1b: Skeledirge\n|-damage|p1b: Skeledirge|5\/100\n|move|p1b: Skeledirge|Will-O-Wisp|p2a: Calyrex|[miss]\n|-miss|p1b: Skeledirge|p2a: Calyrex\n|move|p2a: Calyrex|Glacial Lance|p1b: Skeledirge|[spread] p1a,p1b\n|-resisted|p1b: Skeledirge\n|-enditem|p1a: Flutter Mane|Focus Sash\n|-damage|p1a: Flutter Mane|1\/100\n|-damage|p1b: Skeledirge|0 fnt\n|faint|p1b: Skeledirge\n|-ability|p2a: Calyrex|Chilling Neigh|boost\n|-boost|p2a: Calyrex|atk|1\n|\n|-weather|SunnyDay|[upkeep]\n|upkeep\n|j| Mickey314\n|c|\u2606nerd159|hmmm\n|inactive|nerd159 has 30 seconds left.\n|\n|t:|1720514237\n|switch|p1b: Rillaboom|Rillaboom, L50, M|100\/100\n|-fieldstart|move: Grassy Terrain|[from] ability: Grassy Surge|[of] p1b: Rillaboom\n|turn|3\n|\n|t:|1720514249\n|move|p1a: Flutter Mane|Shadow Ball|p2a: Calyrex\n|-supereffective|p2a: Calyrex\n|-crit|p2a: Calyrex\n|-damage|p2a: Calyrex|19\/100\n|-enditem|p2a: Calyrex|Sitrus Berry|[eat]\n|-heal|p2a: Calyrex|44\/100|[from] item: Sitrus Berry\n|move|p2b: Annihilape|Rage Fist|p1a: Flutter Mane\n|-supereffective|p1a: Flutter Mane\n|-damage|p1a: Flutter Mane|0 fnt\n|faint|p1a: Flutter Mane\n|-end|p1a: Flutter Mane|Protosynthesis|[silent]\n|move|p1b: Rillaboom|Wood Hammer|p2a: Calyrex\n|-damage|p2a: Calyrex|1\/100\n|-damage|p1b: Rillaboom|84\/100|[from] Recoil\n|move|p2a: Calyrex|Glacial Lance|p1b: Rillaboom\n|-supereffective|p1b: Rillaboom\n|-damage|p1b: Rillaboom|0 fnt\n|faint|p1b: Rillaboom\n|-ability|p2a: Calyrex|Chilling Neigh|boost\n|-boost|p2a: Calyrex|atk|1\n|\n|-weather|SunnyDay|[upkeep]\n|-heal|p2b: Annihilape|39\/100|[from] Grassy Terrain\n|-heal|p2a: Calyrex|7\/100|[from] Grassy Terrain\n|upkeep\n|\n|t:|1720514254\n|switch|p1b: Groudon|Groudon, L50|100\/100\n|turn|4\n|\n|t:|1720514265\n|move|p2a: Calyrex|Protect|p2a: Calyrex\n|-singleturn|p2a: Calyrex|Protect\n|move|p2b: Annihilape|Final Gambit|p1b: Groudon\n|-damage|p1b: Groudon|60\/100\n|faint|p2b: Annihilape\n|move|p1b: Groudon|Precipice Blades|p2a: Calyrex\n|-activate|p2a: Calyrex|move: Protect\n|\n|-weather|SunnyDay|[upkeep]\n|-heal|p1b: Groudon|66\/100|[from] Grassy Terrain\n|-heal|p2a: Calyrex|13\/100|[from] Grassy Terrain\n|upkeep\n|\n|t:|1720514268\n|switch|p2b: Smeargle|Smeargle, L50, F|100\/100\n|turn|5\n|c|\u2606nerd159|these are some crazy sets ngk\n|\n|t:|1720514272\n|move|p1b: Groudon|Protect|p1b: Groudon\n|-singleturn|p1b: Groudon|Protect\n|move|p2b: Smeargle|Fake Out|p1b: Groudon\n|-activate|p1b: Groudon|move: Protect\n|move|p2a: Calyrex|Trick Room|p2a: Calyrex\n|-fieldstart|move: Trick Room|[of] p2a: Calyrex\n|\n|-weather|none\n|-heal|p2a: Calyrex|18\/100|[from] Grassy Terrain\n|-heal|p1b: Groudon|72\/100|[from] Grassy Terrain\n|upkeep\n|turn|6\n|\n|t:|1720514280\n|-terastallize|p1b: Groudon|Fire\n|move|p2b: Smeargle|Decorate|p2a: Calyrex\n|-boost|p2a: Calyrex|atk|2\n|-boost|p2a: Calyrex|spa|2\n|move|p2a: Calyrex|Glacial Lance|p1b: Groudon\n|-resisted|p1b: Groudon\n|-damage|p1b: Groudon|0 fnt\n|faint|p1b: Groudon\n|\n|win|war3infi\n|raw|nerd159's rating: 1773 &rarr; <strong>1753<\/strong><br \/>(-20 for losing)\n|raw|war3infi's rating: 1778 &rarr; <strong>1798<\/strong><br \/>(+20 for winning)\n|c| rabbithorn01|that is a famous set instead\n|l|\u2606nerd159\n|player|p1|\n|c|\u2606war3infi|I'm the creater\n|c|\u2606war3infi|Of this team\n|l|\u2606war3infi\n|player|p2|\n|l| Gregory59\n|j|\u2606war3infi\n|player|p2|war3infi|dawn|\n","uploadtime":1720514351,"views":65,"formatid":"gen9vgc2024regg","rating":1753,"private":0,"password":null}