{"id":"gen9vgc2024regg-2157739040","format":"[Gen 9] VGC 2024 Reg G","players":["Crifab93","war3infi"],"log":"|j|\u2606Crifab93\n|j|\u2606war3infi\n|t:|1720512996\n|gametype|doubles\n|player|p1|Crifab93|n|1689\n|player|p2|war3infi|dawn|1777\n|teamsize|p1|6\n|teamsize|p2|6\n|gen|9\n|tier|[Gen 9] VGC 2024 Reg G\n|rated|\n|rule|Species Clause: Limit one of each Pok\u00e9mon\n|rule|Item Clause: Limit one of each item\n|clearpoke\n|poke|p1|Clefairy, L50, F|\n|poke|p1|Calyrex-Shadow, L50|\n|poke|p1|Rillaboom, L50, F|\n|poke|p1|Incineroar, L50, M|\n|poke|p1|Urshifu-*, L50, M|\n|poke|p1|Tornadus, L50, M|\n|poke|p2|Calyrex-Ice, L50|\n|poke|p2|Annihilape, L50, F|\n|poke|p2|Smeargle, L50, F|\n|poke|p2|Ursaluna-Bloodmoon, L50, M|\n|poke|p2|Urshifu-*, L50, F|\n|poke|p2|Ogerpon-Wellspring, L50, F|\n|teampreview|4\n|\n|t:|1720513037\n|start\n|switch|p1a: Rillaboom|Rillaboom, L50, F|100\/100\n|switch|p1b: Calyrex|Calyrex-Shadow, L50|100\/100\n|switch|p2a: Calyrex|Calyrex-Ice, L50|100\/100\n|switch|p2b: Smeargle|Smeargle, L50, F|100\/100\n|-ability|p1b: Calyrex|As One\n|-ability|p1b: Calyrex|Unnerve\n|-ability|p2a: Calyrex|As One\n|-ability|p2a: Calyrex|Unnerve\n|-fieldstart|move: Grassy Terrain|[from] ability: Grassy Surge|[of] p1a: Rillaboom\n|turn|1\n|\n|t:|1720513051\n|-terastallize|p1b: Calyrex|Fairy\n|move|p1a: Rillaboom|Grassy Glide|p2b: Smeargle\n|-damage|p2b: Smeargle|52\/100\n|move|p1b: Calyrex|Draining Kiss|p2b: Smeargle\n|-damage|p2b: Smeargle|0 fnt\n|faint|p2b: Smeargle\n|-ability|p1b: Calyrex|Grim Neigh|boost\n|-boost|p1b: Calyrex|spa|1\n|move|p2a: Calyrex|Trick Room|p2a: Calyrex\n|-fieldstart|move: Trick Room|[of] p2a: Calyrex\n|\n|upkeep\n|\n|t:|1720513065\n|switch|p2b: Urshifu|Urshifu, L50, F|100\/100\n|turn|2\n|\n|t:|1720513069\n|switch|p1a: Incineroar|Incineroar, L50, M|100\/100\n|-ability|p1a: Incineroar|Intimidate|boost\n|-unboost|p2a: Calyrex|atk|1\n|-unboost|p2b: Urshifu|atk|1\n|move|p1b: Calyrex|Protect|p1b: Calyrex\n|-singleturn|p1b: Calyrex|Protect\n|move|p2a: Calyrex|Glacial Lance|p1b: Calyrex|[spread] p1a\n|-activate|p1b: Calyrex|move: Protect\n|-resisted|p1a: Incineroar\n|-crit|p1a: Incineroar\n|-damage|p1a: Incineroar|68\/100\n|move|p2b: Urshifu|Poison Jab|p1b: Calyrex\n|-supereffective|p1b: Calyrex\n|-damage|p1b: Calyrex|42\/100\n|\n|-heal|p1a: Incineroar|74\/100|[from] Grassy Terrain\n|-heal|p1b: Calyrex|48\/100|[from] Grassy Terrain\n|upkeep\n|turn|3\n|\n|t:|1720513086\n|switch|p1a: Clefairy|Clefairy, L50, F|100\/100\n|-terastallize|p2b: Urshifu|Ghost\n|move|p2a: Calyrex|High Horsepower|p1a: Clefairy\n|-damage|p1a: Clefairy|75\/100\n|move|p2b: Urshifu|Poison Jab|p1b: Calyrex\n|-supereffective|p1b: Calyrex\n|-damage|p1b: Calyrex|5\/100\n|move|p1b: Calyrex|Nasty Plot|p1b: Calyrex\n|-boost|p1b: Calyrex|spa|2\n|\n|-heal|p1a: Clefairy|82\/100|[from] Grassy Terrain\n|-heal|p1b: Calyrex|11\/100|[from] Grassy Terrain\n|upkeep\n|turn|4\n|\n|t:|1720513115\n|switch|p2b: Ursaluna|Ursaluna-Bloodmoon, L50, M|100\/100\n|move|p2a: Calyrex|Protect|p2a: Calyrex\n|-singleturn|p2a: Calyrex|Protect\n|move|p1a: Clefairy|After You|p1b: Calyrex\n|-activate|p1b: Calyrex|move: After You\n|move|p1b: Calyrex|Astral Barrage|p2b: Ursaluna|[spread] \n|-activate|p2a: Calyrex|move: Protect\n|-immune|p2b: Ursaluna\n|\n|-heal|p1a: Clefairy|88\/100|[from] Grassy Terrain\n|-heal|p1b: Calyrex|17\/100|[from] Grassy Terrain\n|upkeep\n|turn|5\n|\n|t:|1720513129\n|move|p1a: Clefairy|Protect|p1a: Clefairy\n|-singleturn|p1a: Clefairy|Protect\n|move|p1b: Calyrex|Protect|p1b: Calyrex\n|-singleturn|p1b: Calyrex|Protect\n|move|p2b: Ursaluna|Hyper Voice|p1b: Calyrex|[spread] \n|-activate|p1a: Clefairy|move: Protect\n|-activate|p1b: Calyrex|move: Protect\n|move|p2a: Calyrex|Glacial Lance|p1a: Clefairy|[spread] \n|-activate|p1a: Clefairy|move: Protect\n|-activate|p1b: Calyrex|move: Protect\n|\n|-heal|p1a: Clefairy|94\/100|[from] Grassy Terrain\n|-heal|p1b: Calyrex|23\/100|[from] Grassy Terrain\n|-fieldend|move: Trick Room\n|-fieldend|move: Grassy Terrain\n|upkeep\n|turn|6\n|\n|t:|1720513147\n|move|p1a: Clefairy|Helping Hand|p1b: Calyrex\n|-singleturn|p1b: Calyrex|Helping Hand|[of] p1a: Clefairy\n|move|p1b: Calyrex|Draining Kiss|p2b: Ursaluna\n|-damage|p2b: Ursaluna|0 fnt\n|-heal|p1b: Calyrex|100\/100|[from] drain|[of] p2b: Ursaluna\n|faint|p2b: Ursaluna\n|-ability|p1b: Calyrex|Grim Neigh|boost\n|-boost|p1b: Calyrex|spa|1\n|move|p2a: Calyrex|Glacial Lance|p1a: Clefairy|[spread] p1a,p1b\n|-damage|p1a: Clefairy|63\/100\n|-damage|p1b: Calyrex|71\/100\n|\n|upkeep\n|-message|war3infi forfeited.\n|\n|win|Crifab93\n|raw|Crifab93's rating: 1689 &rarr; <strong>1714<\/strong><br \/>(+25 for winning)\n|raw|war3infi's rating: 1777 &rarr; <strong>1752<\/strong><br \/>(-25 for losing)\n|l|\u2606war3infi\n|player|p2|\n","uploadtime":1720513161,"views":19,"formatid":"gen9vgc2024regg","rating":1714,"private":0,"password":null}