{"id":"gen9vgc2024regg-2157734566","format":"[Gen 9] VGC 2024 Reg G","players":["BanTheJuggalo","war3infi"],"log":"|j|\u2606BanTheJuggalo\n|j|\u2606war3infi\n|t:|1720512077\n|gametype|doubles\n|player|p1|BanTheJuggalo|170|1724\n|player|p2|war3infi|dawn|1801\n|teamsize|p1|6\n|teamsize|p2|6\n|gen|9\n|tier|[Gen 9] VGC 2024 Reg G\n|rated|\n|rule|Species Clause: Limit one of each Pok\u00e9mon\n|rule|Item Clause: Limit one of each item\n|clearpoke\n|poke|p1|Annihilape, L50, M|\n|poke|p1|Ogerpon-Cornerstone, L50, F|\n|poke|p1|Comfey, L50, M|\n|poke|p1|Urshifu-*, L50, M|\n|poke|p1|Incineroar, L50, F|\n|poke|p1|Calyrex-Ice, L50|\n|poke|p2|Calyrex-Ice, L50|\n|poke|p2|Annihilape, L50, F|\n|poke|p2|Smeargle, L50, F|\n|poke|p2|Ursaluna-Bloodmoon, L50, M|\n|poke|p2|Urshifu-*, L50, F|\n|poke|p2|Ogerpon-Wellspring, L50, F|\n|teampreview|4\n|j| Auryz\n|\n|t:|1720512126\n|start\n|switch|p1a: Ogerpon|Ogerpon-Cornerstone, L50, F|100\/100\n|switch|p1b: Urshifu|Urshifu-Rapid-Strike, L50, M|100\/100\n|switch|p2a: Urshifu|Urshifu, L50, F|100\/100\n|switch|p2b: Annihilape|Annihilape, L50, F|100\/100\n|turn|1\n|\n|t:|1720512147\n|move|p1a: Ogerpon|Follow Me|p1a: Ogerpon\n|-singleturn|p1a: Ogerpon|move: Follow Me\n|move|p2b: Annihilape|Close Combat|p1a: Ogerpon\n|-supereffective|p1a: Ogerpon\n|-ability|p1a: Ogerpon|Sturdy\n|-damage|p1a: Ogerpon|1\/100\n|-unboost|p2b: Annihilape|def|1\n|-unboost|p2b: Annihilape|spd|1\n|move|p1b: Urshifu|Surging Strikes|p2a: Urshifu\n|-crit|p2a: Urshifu\n|-damage|p2a: Urshifu|70\/100\n|-crit|p2a: Urshifu\n|-damage|p2a: Urshifu|42\/100\n|-crit|p2a: Urshifu\n|-damage|p2a: Urshifu|12\/100\n|-hitcount|p2a: Urshifu|3\n|move|p2a: Urshifu|Close Combat|p1a: Ogerpon\n|-supereffective|p1a: Ogerpon\n|-crit|p1a: Ogerpon\n|-damage|p1a: Ogerpon|0 fnt\n|-unboost|p2a: Urshifu|def|1\n|-unboost|p2a: Urshifu|spd|1\n|faint|p1a: Ogerpon\n|\n|upkeep\n|\n|t:|1720512165\n|switch|p1a: Comfey|Comfey, L50, M|100\/100\n|turn|2\n|\n|t:|1720512181\n|switch|p2b: Ogerpon|Ogerpon-Wellspring, L50, F|100\/100\n|switch|p2a: Calyrex|Calyrex-Ice, L50|100\/100\n|-ability|p2a: Calyrex|As One\n|-ability|p2a: Calyrex|Unnerve\n|move|p1a: Comfey|Draining Kiss|p2a: Calyrex\n|-damage|p2a: Calyrex|89\/100\n|move|p1b: Urshifu|Surging Strikes|p2b: Ogerpon\n|-immune|p2b: Ogerpon|[from] ability: Water Absorb\n|\n|upkeep\n|turn|3\n|\n|t:|1720512202\n|switch|p1b: Calyrex|Calyrex-Ice, L50|100\/100\n|-ability|p1b: Calyrex|As One\n|-ability|p1b: Calyrex|Unnerve\n|-terastallize|p2a: Calyrex|Water\n|move|p1a: Comfey|Protect|p1a: Comfey\n|-singleturn|p1a: Comfey|Protect\n|move|p2b: Ogerpon|Ivy Cudgel|p1a: Comfey|[anim] Ivy Cudgel Water\n|-activate|p1a: Comfey|move: Protect\n|move|p2a: Calyrex|Glacial Lance|p1a: Comfey|[spread] p1b\n|-activate|p1a: Comfey|move: Protect\n|-resisted|p1b: Calyrex\n|-damage|p1b: Calyrex|82\/100\n|\n|upkeep\n|turn|4\n|\n|t:|1720512223\n|switch|p1a: Urshifu|Urshifu-Rapid-Strike, L50, M|100\/100\n|move|p2b: Ogerpon|Encore||[still]\n|-fail|p2b: Ogerpon\n|move|p2a: Calyrex|Glacial Lance|p1b: Calyrex|[spread] p1a,p1b\n|-resisted|p1a: Urshifu\n|-resisted|p1b: Calyrex\n|-damage|p1a: Urshifu|70\/100\n|-damage|p1b: Calyrex|64\/100\n|move|p1b: Calyrex|Seed Bomb|p2a: Calyrex\n|-supereffective|p2a: Calyrex\n|-damage|p2a: Calyrex|46\/100\n|\n|upkeep\n|turn|5\n|\n|t:|1720512246\n|move|p2b: Ogerpon|Follow Me|p2b: Ogerpon\n|-singleturn|p2b: Ogerpon|move: Follow Me\n|move|p1a: Urshifu|U-turn|p2b: Ogerpon\n|-supereffective|p2b: Ogerpon\n|-damage|p2b: Ogerpon|10\/100\n|\n|t:|1720512250\n|switch|p1a: Comfey|Comfey, L50, M|100\/100|[from] U-turn\n|move|p2a: Calyrex|Glacial Lance|p1b: Calyrex|[spread] p1a,p1b\n|-resisted|p1b: Calyrex\n|-damage|p1a: Comfey|44\/100\n|-damage|p1b: Calyrex|45\/100\n|move|p1b: Calyrex|Seed Bomb|p2b: Ogerpon\n|-damage|p2b: Ogerpon|0 fnt\n|faint|p2b: Ogerpon\n|-ability|p1b: Calyrex|Chilling Neigh|boost\n|-boost|p1b: Calyrex|atk|1\n|\n|upkeep\n|\n|t:|1720512259\n|switch|p2b: Annihilape|Annihilape, L50, F|100\/100\n|turn|6\n|\n|t:|1720512274\n|-terastallize|p1a: Comfey|Water\n|move|p1a: Comfey|Draining Kiss|p2b: Annihilape\n|-supereffective|p2b: Annihilape\n|-damage|p2b: Annihilape|72\/100\n|-heal|p1a: Comfey|73\/100|[from] drain|[of] p2b: Annihilape\n|move|p2b: Annihilape|Final Gambit|p1b: Calyrex\n|-damage|p1b: Calyrex|0 fnt\n|-enditem|p2a: Calyrex|Sitrus Berry|[eat]\n|-heal|p2a: Calyrex|71\/100|[from] item: Sitrus Berry\n|faint|p2b: Annihilape\n|faint|p1b: Calyrex\n|move|p2a: Calyrex|Glacial Lance|p1a: Comfey\n|-resisted|p1a: Comfey\n|-damage|p1a: Comfey|32\/100\n|\n|upkeep\n|\n|t:|1720512284\n|switch|p2b: Urshifu|Urshifu, L50, F|12\/100\n|switch|p1b: Urshifu|Urshifu-Rapid-Strike, L50, M|70\/100\n|turn|7\n|\n|t:|1720512298\n|move|p1a: Comfey|Synthesis|p1a: Comfey\n|-heal|p1a: Comfey|82\/100\n|move|p2b: Urshifu|Sucker Punch|p1b: Urshifu\n|-resisted|p1b: Urshifu\n|-damage|p1b: Urshifu|39\/100\n|move|p1b: Urshifu|Surging Strikes|p2b: Urshifu\n|-crit|p2b: Urshifu\n|-damage|p2b: Urshifu|0 fnt\n|faint|p2b: Urshifu\n|-hitcount|p2: Urshifu|1\n|move|p2a: Calyrex|Glacial Lance|p1a: Comfey|[spread] p1a,p1b\n|-resisted|p1a: Comfey\n|-resisted|p1b: Urshifu\n|-damage|p1a: Comfey|52\/100\n|-damage|p1b: Urshifu|7\/100\n|\n|upkeep\n|turn|8\n|\n|t:|1720512323\n|move|p1a: Comfey|Synthesis|p1a: Comfey\n|-heal|p1a: Comfey|100\/100\n|move|p1b: Urshifu|Surging Strikes|p2a: Calyrex\n|-resisted|p2a: Calyrex\n|-crit|p2a: Calyrex\n|-damage|p2a: Calyrex|61\/100\n|-resisted|p2a: Calyrex\n|-crit|p2a: Calyrex\n|-damage|p2a: Calyrex|51\/100\n|-resisted|p2a: Calyrex\n|-crit|p2a: Calyrex\n|-damage|p2a: Calyrex|41\/100\n|-hitcount|p2a: Calyrex|3\n|move|p2a: Calyrex|Glacial Lance|p1b: Urshifu|[spread] p1a,p1b\n|-resisted|p1a: Comfey\n|-crit|p1a: Comfey\n|-resisted|p1b: Urshifu\n|-damage|p1a: Comfey|59\/100\n|-damage|p1b: Urshifu|0 fnt\n|faint|p1b: Urshifu\n|-ability|p2a: Calyrex|Chilling Neigh|boost\n|-boost|p2a: Calyrex|atk|1\n|\n|upkeep\n|turn|9\n|\n|t:|1720512335\n|move|p1a: Comfey|Protect|p1a: Comfey\n|-singleturn|p1a: Comfey|Protect\n|move|p2a: Calyrex|Glacial Lance|p1a: Comfey\n|-activate|p1a: Comfey|move: Protect\n|\n|upkeep\n|turn|10\n|\n|t:|1720512341\n|move|p1a: Comfey|Synthesis|p1a: Comfey\n|-heal|p1a: Comfey|100\/100\n|move|p2a: Calyrex|Glacial Lance|p1a: Comfey\n|-resisted|p1a: Comfey\n|-damage|p1a: Comfey|44\/100\n|\n|upkeep\n|turn|11\n|\n|t:|1720512347\n|move|p1a: Comfey|Protect|p1a: Comfey\n|-singleturn|p1a: Comfey|Protect\n|move|p2a: Calyrex|High Horsepower|p1a: Comfey\n|-activate|p1a: Comfey|move: Protect\n|\n|upkeep\n|turn|12\n|\n|t:|1720512351\n|move|p1a: Comfey|Synthesis|p1a: Comfey\n|-heal|p1a: Comfey|94\/100\n|move|p2a: Calyrex|High Horsepower|p1a: Comfey\n|-damage|p1a: Comfey|25\/100\n|-damage|p2a: Calyrex|25\/100|[from] item: Rocky Helmet|[of] p1a: Comfey\n|\n|upkeep\n|turn|13\n|\n|t:|1720512359\n|move|p1a: Comfey|Synthesis|p1a: Comfey\n|-heal|p1a: Comfey|75\/100\n|move|p2a: Calyrex|High Horsepower|p1a: Comfey\n|-damage|p1a: Comfey|11\/100\n|-damage|p2a: Calyrex|8\/100|[from] item: Rocky Helmet|[of] p1a: Comfey\n|\n|upkeep\n|turn|14\n|\n|t:|1720512372\n|move|p1a: Comfey|Draining Kiss|p2a: Calyrex\n|-damage|p2a: Calyrex|0 fnt\n|-heal|p1a: Comfey|19\/100|[from] drain|[of] p2a: Calyrex\n|faint|p2a: Calyrex\n|\n|win|BanTheJuggalo\n|raw|BanTheJuggalo's rating: 1724 &rarr; <strong>1748<\/strong><br \/>(+24 for winning)\n|raw|war3infi's rating: 1801 &rarr; <strong>1777<\/strong><br \/>(-24 for losing)\n|l|\u2606BanTheJuggalo\n|player|p1|\n|l|\u2606war3infi\n|player|p2|\n|l| Auryz\n","uploadtime":1720512604,"views":29,"formatid":"gen9vgc2024regg","rating":1748,"private":0,"password":null}