{"id":"gen9vgc2024regg-2157473223","format":"[Gen 9] VGC 2024 Reg G","players":["Phononmode","chaddiestchad"],"log":"|j|\u2606Phononmode\n|j|\u2606chaddiestchad\n|t:|1720472642\n|gametype|doubles\n|player|p1|Phononmode|265|1662\n|player|p2|chaddiestchad|supernerd|1755\n|teamsize|p1|6\n|teamsize|p2|6\n|gen|9\n|tier|[Gen 9] VGC 2024 Reg G\n|rated|\n|rule|Species Clause: Limit one of each Pok\u00e9mon\n|rule|Item Clause: Limit one of each item\n|clearpoke\n|poke|p1|Calyrex-Ice, L50|\n|poke|p1|Rillaboom, L50, F|\n|poke|p1|Ting-Lu, L50|\n|poke|p1|Skeledirge, L50, M|\n|poke|p1|Raging Bolt, L50|\n|poke|p1|Iron Bundle, L50|\n|poke|p2|Koraidon, L50|\n|poke|p2|Flutter Mane, L50|\n|poke|p2|Entei, L50|\n|poke|p2|Raging Bolt, L50|\n|poke|p2|Ditto, L50|\n|poke|p2|Ogerpon-Cornerstone, L50, F|\n|teampreview|4\nPhononmode has agreed to open team sheets.\n|inactive|Battle timer is ON: inactive players will automatically lose when time's up. (requested by Phononmode)\n|\n|t:|1720472673\n|start\n|switch|p1a: Skeledirge|Skeledirge, L50, M|100\/100\n|switch|p1b: Iron Bundle|Iron Bundle, L50|100\/100\n|switch|p2a: Ogerpon|Ogerpon-Cornerstone, L50, F|100\/100\n|switch|p2b: Entei|Entei, L50|100\/100\n|turn|1\n|inactive|chaddiestchad has 30 seconds left.\n|inactive|chaddiestchad has 20 seconds left.\n|\n|t:|1720472709\n|switch|p2b: Koraidon|Koraidon, L50|100\/100\n|-weather|SunnyDay|[from] ability: Orichalcum Pulse|[of] p2b: Koraidon\n|-activate|p2b: Koraidon|Orichalcum Pulse|[source]\n|switch|p1a: Rillaboom|Rillaboom, L50, F|100\/100\n|-fieldstart|move: Grassy Terrain|[from] ability: Grassy Surge|[of] p1a: Rillaboom\n|move|p1b: Iron Bundle|Protect|p1b: Iron Bundle\n|-singleturn|p1b: Iron Bundle|Protect\n|move|p2a: Ogerpon|Ivy Cudgel|p1b: Iron Bundle|[anim] Ivy Cudgel Rock\n|-activate|p1b: Iron Bundle|move: Protect\n|\n|-weather|SunnyDay|[upkeep]\n|upkeep\n|turn|2\n|\n|t:|1720472731\n|move|p2b: Koraidon|Protect|p2b: Koraidon\n|-singleturn|p2b: Koraidon|Protect\n|move|p2a: Ogerpon|Spiky Shield|p2a: Ogerpon\n|-singleturn|p2a: Ogerpon|move: Protect\n|move|p1a: Rillaboom|Fake Out|p2b: Koraidon\n|-activate|p2b: Koraidon|move: Protect\n|move|p1b: Iron Bundle|Freeze-Dry|p2a: Ogerpon\n|-activate|p2a: Ogerpon|move: Protect\n|\n|-weather|SunnyDay|[upkeep]\n|upkeep\n|turn|3\n|\n|t:|1720472750\n|switch|p2a: Entei|Entei, L50|100\/100\n|-terastallize|p2b: Koraidon|Fire\n|move|p1a: Rillaboom|Grassy Glide|p2a: Entei\n|-resisted|p2a: Entei\n|-damage|p2a: Entei|79\/100\n|move|p1b: Iron Bundle|Encore|p2b: Koraidon\n|-start|p2b: Koraidon|Encore\n|move|p2b: Koraidon|Protect||[still]\n|-fail|p2b: Koraidon\n|\n|-weather|SunnyDay|[upkeep]\n|-heal|p2a: Entei|84\/100|[from] Grassy Terrain\n|upkeep\n|turn|4\n|\n|t:|1720472775\n|switch|p2b: Ogerpon|Ogerpon-Cornerstone, L50, F|100\/100\n|switch|p1a: Skeledirge|Skeledirge, L50, M|100\/100\n|move|p1b: Iron Bundle|Protect|p1b: Iron Bundle\n|-singleturn|p1b: Iron Bundle|Protect\n|move|p2a: Entei|Sacred Fire|p1b: Iron Bundle\n|-activate|p1b: Iron Bundle|move: Protect\n|\n|-weather|SunnyDay|[upkeep]\n|-heal|p2a: Entei|90\/100|[from] Grassy Terrain\n|upkeep\n|turn|5\n|\n|t:|1720472792\n|move|p1b: Iron Bundle|Freeze-Dry|p2b: Ogerpon\n|-supereffective|p2b: Ogerpon\n|-damage|p2b: Ogerpon|8\/100\n|move|p2b: Ogerpon|Ivy Cudgel|p1a: Skeledirge|[anim] Ivy Cudgel Rock\n|-supereffective|p1a: Skeledirge\n|-damage|p1a: Skeledirge|21\/100\n|move|p2a: Entei|Sacred Fire|p1b: Iron Bundle\n|-damage|p1b: Iron Bundle|0 fnt\n|faint|p1b: Iron Bundle\n|-end|p1b: Iron Bundle|Quark Drive|[silent]\n|move|p1a: Skeledirge|Will-O-Wisp|p2b: Ogerpon|[miss]\n|-miss|p1a: Skeledirge|p2b: Ogerpon\n|\n|-weather|none\n|-heal|p2b: Ogerpon|14\/100|[from] Grassy Terrain\n|-heal|p2a: Entei|96\/100|[from] Grassy Terrain\n|-heal|p1a: Skeledirge|27\/100|[from] Grassy Terrain\n|-fieldend|move: Grassy Terrain\n|upkeep\n|\n|t:|1720472807\n|switch|p1b: Calyrex|Calyrex-Ice, L50|100\/100\n|-ability|p1b: Calyrex|As One\n|-ability|p1b: Calyrex|Unnerve\n|turn|6\n|\n|t:|1720472830\n|switch|p1a: Rillaboom|Rillaboom, L50, F|100\/100\n|-fieldstart|move: Grassy Terrain|[from] ability: Grassy Surge|[of] p1a: Rillaboom\n|move|p1b: Calyrex|Protect|p1b: Calyrex\n|-singleturn|p1b: Calyrex|Protect\n|move|p2b: Ogerpon|Ivy Cudgel|p1a: Rillaboom|[anim] Ivy Cudgel Rock\n|-damage|p1a: Rillaboom|45\/100\n|move|p2a: Entei|Sacred Fire|p1b: Calyrex\n|-activate|p1b: Calyrex|move: Protect\n|\n|-heal|p2b: Ogerpon|20\/100|[from] Grassy Terrain\n|-heal|p2a: Entei|100\/100|[from] Grassy Terrain\n|-heal|p1a: Rillaboom|51\/100|[from] Grassy Terrain\n|upkeep\n|turn|7\n|inactive|chaddiestchad has 30 seconds left.\n|\n|t:|1720472856\n|-terastallize|p1b: Calyrex|Fire\n|move|p2b: Ogerpon|Spiky Shield|p2b: Ogerpon\n|-singleturn|p2b: Ogerpon|move: Protect\n|move|p1a: Rillaboom|Grassy Glide|p2b: Ogerpon\n|-activate|p2b: Ogerpon|move: Protect\n|-damage|p1a: Rillaboom|39\/100|[from] Spiky Shield|[of] p2b: Ogerpon\n|move|p2a: Entei|Sacred Fire|p1b: Calyrex\n|-resisted|p1b: Calyrex\n|-crit|p1b: Calyrex\n|-damage|p1b: Calyrex|65\/100\n|move|p1b: Calyrex|Trick Room|p1b: Calyrex\n|-fieldstart|move: Trick Room|[of] p1b: Calyrex\n|\n|-heal|p1b: Calyrex|71\/100|[from] Grassy Terrain\n|-heal|p1a: Rillaboom|45\/100|[from] Grassy Terrain\n|-heal|p2b: Ogerpon|25\/100|[from] Grassy Terrain\n|upkeep\n|turn|8\n|inactive|chaddiestchad has 30 seconds left.\n|inactive|chaddiestchad has 20 seconds left.\n|inactive|chaddiestchad has 15 seconds left.\n|\n|t:|1720472900\n|move|p1b: Calyrex|Glacial Lance|p2a: Entei|[spread] p2a,p2b\n|-resisted|p2a: Entei\n|-supereffective|p2b: Ogerpon\n|-damage|p2a: Entei|69\/100\n|-damage|p2b: Ogerpon|0 fnt\n|faint|p2b: Ogerpon\n|-ability|p1b: Calyrex|Chilling Neigh|boost\n|-boost|p1b: Calyrex|atk|1\n|move|p1a: Rillaboom|U-turn|p2a: Entei\n|-resisted|p2a: Entei\n|-damage|p2a: Entei|56\/100\n|\n|t:|1720472903\n|switch|p1a: Skeledirge|Skeledirge, L50, M|27\/100|[from] U-turn\n|move|p2a: Entei|Sacred Fire|p1a: Skeledirge\n|-resisted|p1a: Skeledirge\n|-damage|p1a: Skeledirge|0 fnt\n|faint|p1a: Skeledirge\n|\n|-heal|p1b: Calyrex|77\/100|[from] Grassy Terrain\n|-heal|p2a: Entei|61\/100|[from] Grassy Terrain\n|upkeep\n|\n|t:|1720472920\n|switch|p1a: Rillaboom|Rillaboom, L50, F|45\/100\n|switch|p2b: Koraidon|Koraidon, L50, tera:Fire|100\/100\n|-weather|SunnyDay|[from] ability: Orichalcum Pulse|[of] p2b: Koraidon\n|-activate|p2b: Koraidon|Orichalcum Pulse|[source]\n|turn|9\n|\n|t:|1720472935\n|switch|p2a: Ditto|Ditto, L50|100\/100\n|-transform|p2a: Ditto|p1b: Calyrex|[from] ability: Imposter\n|-ability|p2a: Ditto|As One\n|-ability|p2a: Ditto|Unnerve\n|move|p2b: Koraidon|Protect|p2b: Koraidon\n|-singleturn|p2b: Koraidon|Protect\n|move|p1a: Rillaboom|Fake Out|p2b: Koraidon\n|-activate|p2b: Koraidon|move: Protect\n|move|p1b: Calyrex|High Horsepower|p2a: Ditto\n|-damage|p2a: Ditto|47\/100\n|\n|-weather|SunnyDay|[upkeep]\n|-heal|p1b: Calyrex|83\/100|[from] Grassy Terrain\n|-heal|p2a: Ditto|53\/100|[from] Grassy Terrain\n|-heal|p1a: Rillaboom|51\/100|[from] Grassy Terrain\n|upkeep\n|-start|p2a: Ditto|typechange|Psychic\/Ice|[silent]\n|turn|10\n|inactive|chaddiestchad has 30 seconds left.\n|inactive|chaddiestchad has 20 seconds left.\n|\n|t:|1720472975\n|move|p1a: Rillaboom|Grassy Glide|p2a: Ditto\n|-damage|p2a: Ditto|13\/100\n|move|p1b: Calyrex|Glacial Lance|p2b: Koraidon|[spread] p2a,p2b\n|-resisted|p2a: Ditto\n|-resisted|p2b: Koraidon\n|-damage|p2a: Ditto|0 fnt\n|-damage|p2b: Koraidon|59\/100\n|faint|p2a: Ditto\n|-ability|p1b: Calyrex|Chilling Neigh|boost\n|-boost|p1b: Calyrex|atk|1\n|move|p2b: Koraidon|Flare Blitz|p1a: Rillaboom\n|-supereffective|p1a: Rillaboom\n|-damage|p1a: Rillaboom|0 fnt\n|faint|p1a: Rillaboom\n|-damage|p2b: Koraidon|41\/100|[from] Recoil\n|\n|-weather|SunnyDay|[upkeep]\n|-heal|p1b: Calyrex|88\/100|[from] Grassy Terrain\n|-heal|p2b: Koraidon|47\/100|[from] Grassy Terrain\n|-fieldend|move: Grassy Terrain\n|upkeep\n|\n|t:|1720472994\n|switch|p2a: Entei|Entei, L50|61\/100\n|turn|11\n|\n|t:|1720473002\n|move|p2b: Koraidon|Protect|p2b: Koraidon\n|-singleturn|p2b: Koraidon|Protect\n|move|p2a: Entei|Extreme Speed|p1b: Calyrex\n|-damage|p1b: Calyrex|62\/100\n|move|p1b: Calyrex|High Horsepower|p2a: Entei\n|-supereffective|p2a: Entei\n|-damage|p2a: Entei|0 fnt\n|faint|p2a: Entei\n|-ability|p1b: Calyrex|Chilling Neigh|boost\n|-boost|p1b: Calyrex|atk|1\n|\n|-weather|SunnyDay|[upkeep]\n|-fieldend|move: Trick Room\n|upkeep\n|turn|12\n|\n|t:|1720473017\n|move|p1b: Calyrex|Protect|p1b: Calyrex\n|-singleturn|p1b: Calyrex|Protect\n|move|p2b: Koraidon|Collision Course|p1b: Calyrex\n|-activate|p1b: Calyrex|move: Protect\n|\n|-weather|SunnyDay|[upkeep]\n|upkeep\n|turn|13\n|\n|t:|1720473026\n|move|p2b: Koraidon|Collision Course|p1b: Calyrex\n|-damage|p1b: Calyrex|12\/100\n|move|p1b: Calyrex|Glacial Lance|p2b: Koraidon\n|-resisted|p2b: Koraidon\n|-damage|p2b: Koraidon|0 fnt\n|faint|p2b: Koraidon\n|\n|win|Phononmode\n|raw|Phononmode's rating: 1662 &rarr; <strong>1687<\/strong><br \/>(+25 for winning)\n|raw|chaddiestchad's rating: 1755 &rarr; <strong>1730<\/strong><br \/>(-25 for losing)\n|l|\u2606Phononmode\n|player|p1|\n|l|\u2606chaddiestchad\n|player|p2|\n","uploadtime":1720473268,"views":9,"formatid":"gen9vgc2024regg","rating":1687,"private":0,"password":null}