{"id":"gen9vgc2024regg-2157471160","format":"[Gen 9] VGC 2024 Reg G","players":["chaddiestchad","I7 KEK"],"log":"|j|\u2606chaddiestchad\n|j|\u2606I7 KEK\n|t:|1720472400\n|gametype|doubles\n|player|p1|chaddiestchad|supernerd|1736\n|player|p2|I7 KEK|roxie|1710\n|teamsize|p1|6\n|teamsize|p2|6\n|gen|9\n|tier|[Gen 9] VGC 2024 Reg G\n|rated|\n|rule|Species Clause: Limit one of each Pok\u00e9mon\n|rule|Item Clause: Limit one of each item\n|clearpoke\n|poke|p1|Koraidon, L50|\n|poke|p1|Flutter Mane, L50|\n|poke|p1|Entei, L50|\n|poke|p1|Raging Bolt, L50|\n|poke|p1|Ditto, L50|\n|poke|p1|Ogerpon-Cornerstone, L50, F|\n|poke|p2|Miraidon, L50|\n|poke|p2|Ogerpon-Cornerstone, L50, F|\n|poke|p2|Iron Valiant, L50|\n|poke|p2|Whimsicott, L50, M|\n|poke|p2|Ursaluna-Bloodmoon, L50, M|\n|poke|p2|Farigiraf, L50, F|\n|teampreview|4\n|inactive|Battle timer is ON: inactive players will automatically lose when time's up. (requested by I7 KEK)\n|inactive|I7 KEK has 60 seconds left.\n|inactive|I7 KEK has 30 seconds left.\n|\n|t:|1720472469\n|start\n|switch|p1a: Entei|Entei, L50|100\/100\n|switch|p1b: Flutter Mane|Flutter Mane, L50|100\/100\n|switch|p2a: Whimsicott|Whimsicott, L50, M, shiny|100\/100\n|switch|p2b: Miraidon|Miraidon, L50|100\/100\n|-fieldstart|move: Electric Terrain|[from] ability: Hadron Engine|[of] p2b: Miraidon\n|turn|1\n|inactive|chaddiestchad has 30 seconds left.\n|\n|t:|1720472501\n|-terastallize|p1a: Entei|Ground\n|move|p2a: Whimsicott|Tailwind|p2a: Whimsicott\n|-sidestart|p2: I7 KEK|move: Tailwind\n|move|p2b: Miraidon|Volt Switch|p1a: Entei\n|-immune|p1a: Entei\n|move|p1b: Flutter Mane|Dazzling Gleam|p2b: Miraidon|[spread] p2a,p2b\n|-supereffective|p2b: Miraidon\n|-damage|p2a: Whimsicott|48\/100\n|-damage|p2b: Miraidon|32\/100\n|move|p1a: Entei|Stomping Tantrum|p2b: Miraidon\n|-supereffective|p2b: Miraidon\n|-crit|p2b: Miraidon\n|-damage|p2b: Miraidon|0 fnt\n|faint|p2b: Miraidon\n|\n|upkeep\n|\n|t:|1720472514\n|switch|p2b: Ogerpon|Ogerpon-Cornerstone, L50, F|100\/100\n|turn|2\n|\n|t:|1720472525\n|-end|p1b: Flutter Mane|Protosynthesis|[silent]\n|switch|p1b: Koraidon|Koraidon, L50|100\/100\n|-weather|SunnyDay|[from] ability: Orichalcum Pulse|[of] p1b: Koraidon\n|-activate|p1b: Koraidon|Orichalcum Pulse|[source]\n|switch|p1a: Raging Bolt|Raging Bolt, L50|100\/100\n|-activate|p1a: Raging Bolt|ability: Protosynthesis\n|-start|p1a: Raging Bolt|protosynthesisspa\n|move|p2b: Ogerpon|Ivy Cudgel|p1b: Koraidon|[anim] Ivy Cudgel Rock\n|-resisted|p1b: Koraidon\n|-damage|p1b: Koraidon|75\/100\n|move|p2a: Whimsicott|Moonblast|p1b: Koraidon\n|-supereffective|p1b: Koraidon\n|-damage|p1b: Koraidon|0 fnt\n|faint|p1b: Koraidon\n|\n|-weather|SunnyDay|[upkeep]\n|upkeep\n|\n|t:|1720472543\n|switch|p1b: Entei|Entei, L50, tera:Ground|100\/100\n|turn|3\n|\n|t:|1720472563\n|switch|p2a: Ursaluna|Ursaluna-Bloodmoon, L50, M|100\/100\n|move|p2b: Ogerpon|Horn Leech|p1b: Entei\n|-supereffective|p1b: Entei\n|-damage|p1b: Entei|10\/100\n|move|p1b: Entei|Sacred Fire|p2b: Ogerpon\n|-ability|p2b: Ogerpon|Sturdy\n|-damage|p2b: Ogerpon|1\/100\n|-status|p2b: Ogerpon|brn\n|move|p1a: Raging Bolt|Electroweb|p2a: Ursaluna|[spread] p2b\n|-immune|p2a: Ursaluna\n|-resisted|p2b: Ogerpon\n|-damage|p2b: Ogerpon|0 fnt\n|faint|p2b: Ogerpon\n|\n|-weather|SunnyDay|[upkeep]\n|upkeep\n|\n|t:|1720472571\n|switch|p2b: Whimsicott|Whimsicott, L50, M, shiny|48\/100\n|turn|4\n|\n|t:|1720472588\n|move|p2b: Whimsicott|Encore|p1a: Raging Bolt\n|-start|p1a: Raging Bolt|Encore\n|move|p2a: Ursaluna|Hyper Voice|p1b: Entei|[spread] p1a,p1b\n|-damage|p1a: Raging Bolt|77\/100\n|-damage|p1b: Entei|0 fnt\n|faint|p1b: Entei\n|-damage|p2a: Ursaluna|91\/100|[from] item: Life Orb\n|move|p1a: Raging Bolt|Electroweb|p2a: Ursaluna|[spread] p2b\n|-immune|p2a: Ursaluna\n|-resisted|p2b: Whimsicott\n|-damage|p2b: Whimsicott|26\/100\n|\n|-weather|SunnyDay|[upkeep]\n|-sideend|p2: I7 KEK|move: Tailwind\n|upkeep\n|\n|t:|1720472602\n|switch|p1b: Flutter Mane|Flutter Mane, L50|100\/100\n|-activate|p1b: Flutter Mane|ability: Protosynthesis\n|-start|p1b: Flutter Mane|protosynthesisspe\n|turn|5\n|\n|t:|1720472612\n|move|p1b: Flutter Mane|Moonblast|p2a: Ursaluna\n|-damage|p2a: Ursaluna|7\/100\n|move|p2a: Ursaluna|Blood Moon|p1b: Flutter Mane\n|-damage|p1b: Flutter Mane|14\/100\n|-damage|p2a: Ursaluna|0 fnt|[from] item: Life Orb\n|faint|p2a: Ursaluna\n|move|p1a: Raging Bolt|Electroweb|p2b: Whimsicott\n|-resisted|p2b: Whimsicott\n|-damage|p2b: Whimsicott|0 fnt\n|faint|p2b: Whimsicott\n|\n|win|chaddiestchad\n|raw|chaddiestchad's rating: 1736 &rarr; <strong>1755<\/strong><br \/>(+19 for winning)\n|raw|I7 KEK's rating: 1710 &rarr; <strong>1691<\/strong><br \/>(-19 for losing)\n|l|\u2606I7 KEK\n|player|p2|\n|l|\u2606chaddiestchad\n|player|p1|\n","uploadtime":1720472854,"views":20,"formatid":"gen9vgc2024regg","rating":1691,"private":0,"password":null}