{"id":"gen9vgc2024regg-2157108292","format":"[Gen 9] VGC 2024 Reg G","players":["CCC2024","Super Crist"],"log":"|j|\u2606CCC2024\n|j|\u2606Super Crist\n|t:|1720419961\n|gametype|doubles\n|player|p1|CCC2024|dawn|1707\n|player|p2|Super Crist|sabrina|1790\n|teamsize|p1|6\n|teamsize|p2|6\n|gen|9\n|tier|[Gen 9] VGC 2024 Reg G\n|rated|\n|rule|Species Clause: Limit one of each Pok\u00e9mon\n|rule|Item Clause: Limit one of each item\n|clearpoke\n|poke|p1|Urshifu-*, L50, M|\n|poke|p1|Incineroar, L50, M|\n|poke|p1|Rillaboom, L50, M|\n|poke|p1|Tornadus, L50, M|\n|poke|p1|Calyrex-Shadow, L50|\n|poke|p1|Raging Bolt, L50|\n|poke|p2|Lunala, L50|\n|poke|p2|Rillaboom, L50, M|\n|poke|p2|Urshifu-*, L50, M|\n|poke|p2|Umbreon, L50, F|\n|poke|p2|Iron Jugulis, L50|\n|poke|p2|Chi-Yu, L50|\n|teampreview|4\n|inactive|Battle timer is ON: inactive players will automatically lose when time's up. (requested by Super Crist)\n|inactive|CCC2024 has 60 seconds left.\n|\n|t:|1720419997\n|start\n|switch|p1a: Incineroar|Incineroar, L50, M, shiny|100\/100\n|switch|p1b: Urshifu|Urshifu-Rapid-Strike, L50, M|100\/100\n|switch|p2a: Lunala|Lunala, L50, shiny|100\/100\n|switch|p2b: Iron Jugulis|Iron Jugulis, L50, shiny|100\/100\n|-ability|p1a: Incineroar|Intimidate|boost\n|-unboost|p2a: Lunala|atk|1\n|-unboost|p2b: Iron Jugulis|atk|1\n|-enditem|p2b: Iron Jugulis|Booster Energy\n|-activate|p2b: Iron Jugulis|ability: Quark Drive|[fromitem]\n|-start|p2b: Iron Jugulis|quarkdrivespe\n|turn|1\n|\n|t:|1720420013\n|switch|p2a: Rillaboom|Rillaboom, L50, M, shiny|100\/100\n|-fieldstart|move: Grassy Terrain|[from] ability: Grassy Surge|[of] p2a: Rillaboom\n|move|p1a: Incineroar|Fake Out|p2b: Iron Jugulis\n|-damage|p2b: Iron Jugulis|89\/100\n|cant|p2b: Iron Jugulis|flinch\n|move|p1b: Urshifu|Surging Strikes|p2b: Iron Jugulis\n|-crit|p2b: Iron Jugulis\n|-damage|p2b: Iron Jugulis|66\/100\n|-crit|p2b: Iron Jugulis\n|-damage|p2b: Iron Jugulis|44\/100\n|-crit|p2b: Iron Jugulis\n|-damage|p2b: Iron Jugulis|23\/100\n|-hitcount|p2b: Iron Jugulis|3\n|\n|upkeep\n|turn|2\n|inactive|CCC2024 has 30 seconds left.\n|\n|t:|1720420047\n|switch|p1b: Tornadus|Tornadus, L50, M|100\/100\n|move|p2b: Iron Jugulis|Tailwind|p2b: Iron Jugulis\n|-sidestart|p2: Super Crist|move: Tailwind\n|move|p2a: Rillaboom|Wood Hammer|p1b: Tornadus\n|-resisted|p1b: Tornadus\n|-damage|p1b: Tornadus|59\/100\n|-damage|p2a: Rillaboom|87\/100|[from] Recoil\n|move|p1a: Incineroar|Flare Blitz|p2b: Iron Jugulis\n|-damage|p2b: Iron Jugulis|0 fnt\n|faint|p2b: Iron Jugulis\n|-end|p2b: Iron Jugulis|Quark Drive|[silent]\n|-damage|p1a: Incineroar|93\/100|[from] Recoil\n|\n|-heal|p2a: Rillaboom|93\/100|[from] Grassy Terrain\n|-heal|p1a: Incineroar|99\/100|[from] Grassy Terrain\n|upkeep\n|j|+Mengy \u32db\n|j| ZileanMaster\n|l| ZileanMaster\n|inactive|Super Crist has 30 seconds left.\n|\n|t:|1720420081\n|switch|p2b: Lunala|Lunala, L50, shiny|100\/100\n|turn|3\n|inactive|CCC2024 has 30 seconds left.\n|j| rabbithorn01\n|inactive|CCC2024 has 20 seconds left.\n|\n|t:|1720420121\n|switch|p1a: Urshifu|Urshifu-Rapid-Strike, L50, M|100\/100\n|-terastallize|p2b: Lunala|Fairy\n|move|p1b: Tornadus|Protect|p1b: Tornadus\n|-singleturn|p1b: Tornadus|Protect\n|move|p2b: Lunala|Moongeist Beam|p1b: Tornadus\n|-activate|p1b: Tornadus|move: Protect\n|move|p2a: Rillaboom|U-turn|p1b: Tornadus\n|-activate|p1b: Tornadus|move: Protect\n|\n|-heal|p2a: Rillaboom|99\/100|[from] Grassy Terrain\n|upkeep\n|turn|4\n|inactive|CCC2024 has 30 seconds left.\n|inactive|CCC2024 has 20 seconds left.\n|inactive|CCC2024 has 15 seconds left.\n|\n|t:|1720420163\n|switch|p1b: Incineroar|Incineroar, L50, M, shiny|99\/100\n|-ability|p1b: Incineroar|Intimidate|boost\n|-unboost|p2a: Rillaboom|atk|1\n|-unboost|p2b: Lunala|atk|1\n|move|p1a: Urshifu|Detect|p1a: Urshifu\n|-singleturn|p1a: Urshifu|Protect\n|move|p2b: Lunala|Moongeist Beam|p1b: Incineroar\n|-resisted|p1b: Incineroar\n|-damage|p1b: Incineroar|78\/100\n|move|p2a: Rillaboom|Wood Hammer|p1a: Urshifu\n|-activate|p1a: Urshifu|move: Protect\n|\n|-heal|p2a: Rillaboom|100\/100|[from] Grassy Terrain\n|-heal|p1b: Incineroar|84\/100|[from] Grassy Terrain\n|upkeep\n|turn|5\n|\n|t:|1720420187\n|switch|p2b: Urshifu|Urshifu-Rapid-Strike, L50, M|100\/100\n|move|p1b: Incineroar|Fake Out|p2b: Urshifu\n|-damage|p2b: Urshifu|89\/100\n|move|p2a: Rillaboom|U-turn|p1a: Urshifu\n|-resisted|p1a: Urshifu\n|-damage|p1a: Urshifu|92\/100\n|\n|t:|1720420195\n|switch|p2a: Lunala|Lunala, L50, shiny, tera:Fairy|100\/100|[from] U-turn\n|move|p1a: Urshifu|Surging Strikes|p2b: Urshifu\n|-resisted|p2b: Urshifu\n|-crit|p2b: Urshifu\n|-damage|p2b: Urshifu|77\/100\n|-resisted|p2b: Urshifu\n|-crit|p2b: Urshifu\n|-damage|p2b: Urshifu|65\/100\n|-resisted|p2b: Urshifu\n|-crit|p2b: Urshifu\n|-damage|p2b: Urshifu|54\/100\n|-hitcount|p2b: Urshifu|3\n|\n|-heal|p2b: Urshifu|60\/100|[from] Grassy Terrain\n|-heal|p1a: Urshifu|98\/100|[from] Grassy Terrain\n|-heal|p1b: Incineroar|90\/100|[from] Grassy Terrain\n|-sideend|p2: Super Crist|move: Tailwind\n|-fieldend|move: Grassy Terrain\n|upkeep\n|turn|6\n|inactive|CCC2024 has 30 seconds left.\n|inactive|CCC2024 has 20 seconds left.\n|inactive|CCC2024 has 15 seconds left.\n|inactive|CCC2024 has 10 seconds left.\n|\n|t:|1720420243\n|-terastallize|p1b: Incineroar|Grass\n|move|p1a: Urshifu|Surging Strikes|p2a: Lunala\n|-crit|p2a: Lunala\n|-damage|p2a: Lunala|93\/100\n|-crit|p2a: Lunala\n|-damage|p2a: Lunala|76\/100\n|-crit|p2a: Lunala\n|-damage|p2a: Lunala|60\/100\n|-hitcount|p2a: Lunala|3\n|move|p2b: Urshifu|Surging Strikes|p1b: Incineroar\n|-resisted|p1b: Incineroar\n|-crit|p1b: Incineroar\n|-damage|p1b: Incineroar|81\/100\n|-damage|p2b: Urshifu|44\/100|[from] item: Rocky Helmet|[of] p1b: Incineroar\n|-resisted|p1b: Incineroar\n|-crit|p1b: Incineroar\n|-damage|p1b: Incineroar|72\/100\n|-damage|p2b: Urshifu|27\/100|[from] item: Rocky Helmet|[of] p1b: Incineroar\n|-resisted|p1b: Incineroar\n|-crit|p1b: Incineroar\n|-damage|p1b: Incineroar|62\/100\n|-damage|p2b: Urshifu|11\/100|[from] item: Rocky Helmet|[of] p1b: Incineroar\n|-hitcount|p1b: Incineroar|3\n|move|p2a: Lunala|Moonblast|p1a: Urshifu\n|-supereffective|p1a: Urshifu\n|-damage|p1a: Urshifu|0 fnt\n|faint|p1a: Urshifu\n|move|p1b: Incineroar|Knock Off|p2b: Urshifu\n|-resisted|p2b: Urshifu\n|-damage|p2b: Urshifu|0 fnt\n|-enditem|p2b: Urshifu|Focus Sash|[from] move: Knock Off|[of] p1b: Incineroar\n|faint|p2b: Urshifu\n|\n|-heal|p2a: Lunala|66\/100|[from] item: Leftovers\n|upkeep\n|inactive|CCC2024 has 30 seconds left.\n|inactive|Super Crist has 30 seconds left.\n|inactive|CCC2024 has 20 seconds left.\n|inactive|CCC2024 has 15 seconds left.\n|inactive|CCC2024 has 10 seconds left.\n|\n|t:|1720420290\n|switch|p1a: Tornadus|Tornadus, L50, M|59\/100\n|switch|p2b: Rillaboom|Rillaboom, L50, M, shiny|100\/100\n|-fieldstart|move: Grassy Terrain|[from] ability: Grassy Surge|[of] p2b: Rillaboom\n|turn|7\n|\n|t:|1720420310\n|move|p2b: Rillaboom|Fake Out|p1b: Incineroar\n|-damage|p1b: Incineroar|50\/100\n|-damage|p2b: Rillaboom|84\/100|[from] item: Rocky Helmet|[of] p1b: Incineroar\n|move|p1a: Tornadus|Tailwind|p1a: Tornadus\n|-sidestart|p1: CCC2024|move: Tailwind\n|cant|p1b: Incineroar|flinch\n|move|p2a: Lunala|Moongeist Beam|p1a: Tornadus\n|-damage|p1a: Tornadus|0 fnt\n|faint|p1a: Tornadus\n|\n|-heal|p1b: Incineroar|56\/100|[from] Grassy Terrain\n|-heal|p2a: Lunala|72\/100|[from] Grassy Terrain\n|-heal|p2a: Lunala|79\/100|[from] item: Leftovers\n|-heal|p2b: Rillaboom|90\/100|[from] Grassy Terrain\n|upkeep\n|j| Aimless Kay\n|\n|t:|1720420329\n|switch|p1a: Calyrex|Calyrex-Shadow, L50|100\/100\n|-ability|p1a: Calyrex|As One\n|-ability|p1a: Calyrex|Unnerve\n|turn|8\n|inactive|Super Crist has 30 seconds left.\n|inactive|Super Crist has 20 seconds left.\n|inactive|Super Crist has 15 seconds left.\n|\n|t:|1720420371\n|move|p2a: Lunala|Protect|p2a: Lunala\n|-singleturn|p2a: Lunala|Protect\n|move|p2b: Rillaboom|Grassy Glide|p1a: Calyrex\n|-damage|p1a: Calyrex|56\/100\n|move|p1a: Calyrex|Astral Barrage|p2b: Rillaboom|[spread] p2b\n|-activate|p2a: Lunala|move: Protect\n|-damage|p2b: Rillaboom|41\/100\n|move|p1b: Incineroar|Flare Blitz|p2b: Rillaboom\n|-supereffective|p2b: Rillaboom\n|-damage|p2b: Rillaboom|0 fnt\n|faint|p2b: Rillaboom\n|-damage|p1b: Incineroar|43\/100|[from] Recoil\n|\n|-heal|p1a: Calyrex|62\/100|[from] Grassy Terrain\n|-heal|p1b: Incineroar|49\/100|[from] Grassy Terrain\n|-heal|p2a: Lunala|85\/100|[from] Grassy Terrain\n|-heal|p2a: Lunala|91\/100|[from] item: Leftovers\n|upkeep\n|turn|9\n|inactive|CCC2024 has 30 seconds left.\n|\n|t:|1720420400\n|move|p1a: Calyrex|Astral Barrage|p2a: Lunala\n|-damage|p2a: Lunala|40\/100\n|move|p1b: Incineroar|Flare Blitz|p2a: Lunala\n|-damage|p2a: Lunala|6\/100\n|-damage|p1b: Incineroar|36\/100|[from] Recoil\n|move|p2a: Lunala|Moongeist Beam|p1a: Calyrex\n|-supereffective|p1a: Calyrex\n|-damage|p1a: Calyrex|0 fnt\n|faint|p1a: Calyrex\n|\n|-heal|p1b: Incineroar|42\/100|[from] Grassy Terrain\n|-heal|p2a: Lunala|13\/100|[from] Grassy Terrain\n|-heal|p2a: Lunala|19\/100|[from] item: Leftovers\n|upkeep\n|turn|10\n|\n|t:|1720420420\n|move|p2a: Lunala|Protect|p2a: Lunala\n|-singleturn|p2a: Lunala|Protect\n|move|p1b: Incineroar|Flare Blitz|p2a: Lunala\n|-activate|p2a: Lunala|move: Protect\n|\n|-heal|p1b: Incineroar|48\/100|[from] Grassy Terrain\n|-heal|p2a: Lunala|25\/100|[from] Grassy Terrain\n|-heal|p2a: Lunala|31\/100|[from] item: Leftovers\n|-sideend|p1: CCC2024|move: Tailwind\n|upkeep\n|turn|11\n|\n|t:|1720420432\n|move|p2a: Lunala|Moongeist Beam|p1b: Incineroar\n|-damage|p1b: Incineroar|0 fnt\n|faint|p1b: Incineroar\n|\n|win|Super Crist\n|raw|CCC2024's rating: 1707 &rarr; <strong>1692<\/strong><br \/>(-15 for losing)\n|raw|Super Crist's rating: 1790 &rarr; <strong>1805<\/strong><br \/>(+15 for winning)\n|l|\u2606CCC2024\n|player|p1|\n","uploadtime":1720420459,"views":29,"formatid":"gen9vgc2024regg","rating":1692,"private":0,"password":null}