{"id":"gen9vgc2024regg-2157764917","format":"[Gen 9] VGC 2024 Reg G","players":["CCC2024","KickLeeVGC"],"log":"|j|\u2606CCC2024\n|j|\u2606KickLeeVGC\n|t:|1720518106\n|gametype|doubles\n|player|p1|CCC2024|dawn|1798\n|player|p2|KickLeeVGC|265|1738\n|teamsize|p1|6\n|teamsize|p2|6\n|gen|9\n|tier|[Gen 9] VGC 2024 Reg G\n|rated|\n|rule|Species Clause: Limit one of each Pok\u00e9mon\n|rule|Item Clause: Limit one of each item\n|clearpoke\n|poke|p1|Urshifu-*, L50, M|\n|poke|p1|Clefairy, L50, F|\n|poke|p1|Incineroar, L50, M|\n|poke|p1|Grimmsnarl, L50, M|\n|poke|p1|Calyrex-Shadow, L50|\n|poke|p1|Raging Bolt, L50|\n|poke|p2|Miraidon, L50|\n|poke|p2|Dondozo, L50, M|\n|poke|p2|Tatsugiri, L50, M|\n|poke|p2|Urshifu-*, L50, F|\n|poke|p2|Flutter Mane, L50|\n|poke|p2|Indeedee-F, L50, F|\n|teampreview|4\n|\n|t:|1720518179\n|start\n|switch|p1a: Calyrex|Calyrex-Shadow, L50|100\/100\n|switch|p1b: Grimmsnarl|Grimmsnarl, L50, M, shiny|100\/100\n|switch|p2a: Miraidon|Miraidon, L50|100\/100\n|switch|p2b: Tatsugiri|Tatsugiri, L50, M|100\/100\n|-ability|p1a: Calyrex|As One\n|-ability|p1a: Calyrex|Unnerve\n|-fieldstart|move: Electric Terrain|[from] ability: Hadron Engine|[of] p2a: Miraidon\n|turn|1\n|inactive|Battle timer is ON: inactive players will automatically lose when time's up. (requested by CCC2024)\n|\n|t:|1720518204\n|move|p1a: Calyrex|Protect|p1a: Calyrex\n|-singleturn|p1a: Calyrex|Protect\n|move|p1b: Grimmsnarl|Light Screen|p1b: Grimmsnarl\n|-sidestart|p1: CCC2024|move: Light Screen\n|move|p2b: Tatsugiri|Soak|p1a: Calyrex\n|-activate|p1a: Calyrex|move: Protect\n|move|p2a: Miraidon|Electro Drift|p1a: Calyrex\n|-activate|p1a: Calyrex|move: Protect\n|\n|upkeep\n|turn|2\n|\n|t:|1720518224\n|switch|p1a: Raging Bolt|Raging Bolt, L50|100\/100\n|move|p1b: Grimmsnarl|Reflect|p1b: Grimmsnarl\n|-sidestart|p1: CCC2024|Reflect\n|move|p2b: Tatsugiri|Soak|p1b: Grimmsnarl\n|-start|p1b: Grimmsnarl|typechange|Water\n|move|p2a: Miraidon|Volt Switch|p1b: Grimmsnarl\n|-supereffective|p1b: Grimmsnarl\n|-damage|p1b: Grimmsnarl|17\/100\n|\n|t:|1720518234\n|switch|p2a: Urshifu|Urshifu, L50, F|100\/100|[from] Volt Switch\n|\n|upkeep\n|turn|3\n|\n|t:|1720518257\n|switch|p2b: Miraidon|Miraidon, L50|100\/100\n|-activate|p2b: Miraidon|ability: Hadron Engine\n|move|p2a: Urshifu|Protect|p2a: Urshifu\n|-singleturn|p2a: Urshifu|Protect\n|move|p1b: Grimmsnarl|Thunder Wave|p2b: Miraidon|[miss]\n|-miss|p1b: Grimmsnarl|p2b: Miraidon\n|move|p1a: Raging Bolt|Electroweb|p2a: Urshifu|[spread] p2b\n|-activate|p2a: Urshifu|move: Protect\n|-resisted|p2b: Miraidon\n|-damage|p2b: Miraidon|93\/100\n|\n|upkeep\n|turn|4\n|j| rabbithorn01\n|inactive|CCC2024 has 30 seconds left.\n|inactive|CCC2024 has 20 seconds left.\n|inactive|CCC2024 has 15 seconds left.\n|inactive|CCC2024 has 10 seconds left.\n|\n|t:|1720518303\n|-terastallize|p2a: Urshifu|Dark\n|-terastallize|p1a: Raging Bolt|Fairy\n|move|p1b: Grimmsnarl|Taunt|p2b: Miraidon\n|-start|p2b: Miraidon|move: Taunt\n|move|p2b: Miraidon|Draco Meteor|p1a: Raging Bolt\n|-immune|p1a: Raging Bolt\n|move|p2a: Urshifu|Wicked Blow|p1a: Raging Bolt\n|-resisted|p1a: Raging Bolt\n|-crit|p1a: Raging Bolt\n|-damage|p1a: Raging Bolt|68\/100\n|move|p1a: Raging Bolt|Electroweb|p2a: Urshifu|[spread] p2a,p2b\n|-resisted|p2b: Miraidon\n|-damage|p2a: Urshifu|57\/100\n|-damage|p2b: Miraidon|87\/100\n|-unboost|p2a: Urshifu|spe|1\n|\n|upkeep\n|turn|5\n|\n|t:|1720518325\n|move|p2a: Urshifu|Protect|p2a: Urshifu\n|-singleturn|p2a: Urshifu|Protect\n|move|p1b: Grimmsnarl|Thunder Wave|p2b: Miraidon\n|-immune|p2b: Miraidon\n|move|p2b: Miraidon|Volt Switch|p1b: Grimmsnarl\n|-supereffective|p1b: Grimmsnarl\n|-crit|p1b: Grimmsnarl\n|-damage|p1b: Grimmsnarl|0 fnt\n|faint|p1b: Grimmsnarl\n|\n|t:|1720518335\n|switch|p2b: Dondozo|Dondozo, L50, M|100\/100|[from] Volt Switch\n|move|p1a: Raging Bolt|Thunderbolt|p2a: Urshifu\n|-activate|p2a: Urshifu|move: Protect\n|\n|-fieldend|move: Electric Terrain\n|upkeep\n|\n|t:|1720518343\n|switch|p1b: Urshifu|Urshifu-Rapid-Strike, L50, M|100\/100\n|turn|6\n|\n|t:|1720518353\n|switch|p2a: Tatsugiri|Tatsugiri, L50, M|100\/100\n|-activate|p2a: Tatsugiri|ability: Commander|[of] p2b: Dondozo\n|-boost|p2b: Dondozo|atk|2\n|-boost|p2b: Dondozo|spa|2\n|-boost|p2b: Dondozo|spe|2\n|-boost|p2b: Dondozo|def|2\n|-boost|p2b: Dondozo|spd|2\n|move|p2b: Dondozo|Wave Crash|p1a: Raging Bolt\n|-damage|p1a: Raging Bolt|13\/100\n|-damage|p2b: Dondozo|82\/100|[from] Recoil\n|move|p1b: Urshifu|Surging Strikes|p2b: Dondozo\n|-resisted|p2b: Dondozo\n|-crit|p2b: Dondozo\n|-damage|p2b: Dondozo|74\/100\n|-resisted|p2b: Dondozo\n|-crit|p2b: Dondozo\n|-damage|p2b: Dondozo|66\/100\n|-resisted|p2b: Dondozo\n|-crit|p2b: Dondozo\n|-damage|p2b: Dondozo|58\/100\n|-hitcount|p2b: Dondozo|3\n|move|p1a: Raging Bolt|Thunderbolt|p2b: Dondozo\n|-supereffective|p2b: Dondozo\n|-damage|p2b: Dondozo|9\/100\n|\n|-heal|p2b: Dondozo|15\/100|[from] item: Leftovers\n|upkeep\n|turn|7\n|inactive|CCC2024 has 30 seconds left.\n|inactive|CCC2024 has 20 seconds left.\n|inactive|CCC2024 has 15 seconds left.\n|inactive|CCC2024 has 10 seconds left.\n|\n|t:|1720518401\n|move|p1a: Raging Bolt|Thunderclap|p2b: Dondozo\n|-supereffective|p2b: Dondozo\n|-damage|p2b: Dondozo|0 fnt\n|faint|p2b: Dondozo\n|move|p1b: Urshifu|Surging Strikes|p2a: Tatsugiri\n|-resisted|p2a: Tatsugiri\n|-crit|p2a: Tatsugiri\n|-damage|p2a: Tatsugiri|92\/100\n|-resisted|p2a: Tatsugiri\n|-crit|p2a: Tatsugiri\n|-damage|p2a: Tatsugiri|84\/100\n|-resisted|p2a: Tatsugiri\n|-crit|p2a: Tatsugiri\n|-damage|p2a: Tatsugiri|77\/100\n|-hitcount|p2a: Tatsugiri|3\n|\n|upkeep\n|\n|t:|1720518414\n|switch|p2b: Miraidon|Miraidon, L50|87\/100\n|-fieldstart|move: Electric Terrain|[from] ability: Hadron Engine|[of] p2b: Miraidon\n|turn|8\n|\n|t:|1720518426\n|move|p1a: Raging Bolt|Thunderclap|p2a: Tatsugiri\n|-damage|p2a: Tatsugiri|22\/100\n|move|p2a: Tatsugiri|Icy Wind|p1b: Urshifu|[spread] p1a\n|-miss|p2a: Tatsugiri|p1b: Urshifu\n|-damage|p1a: Raging Bolt|9\/100\n|-unboost|p1a: Raging Bolt|spe|1\n|move|p2b: Miraidon|Electro Drift|p1b: Urshifu\n|-supereffective|p1b: Urshifu\n|-enditem|p1b: Urshifu|Focus Sash\n|-damage|p1b: Urshifu|1\/100\n|move|p1b: Urshifu|Close Combat|p2b: Miraidon\n|-damage|p2b: Miraidon|14\/100\n|-unboost|p1b: Urshifu|def|1\n|-unboost|p1b: Urshifu|spd|1\n|\n|-sideend|p1: CCC2024|move: Light Screen\n|upkeep\n|turn|9\n|c| rabbithorn01|that miss hurts\n|inactive|CCC2024 has 30 seconds left.\n|\n|t:|1720518457\n|move|p1b: Urshifu|Aqua Jet|p2b: Miraidon\n|-resisted|p2b: Miraidon\n|-damage|p2b: Miraidon|3\/100\n|move|p1a: Raging Bolt|Thunderclap|p2a: Tatsugiri\n|-damage|p2a: Tatsugiri|0 fnt\n|faint|p2a: Tatsugiri\n|move|p2b: Miraidon|Volt Switch|p1a: Raging Bolt\n|-damage|p1a: Raging Bolt|0 fnt\n|faint|p1a: Raging Bolt\n|-end|p1a: Raging Bolt|Protosynthesis|[silent]\n|\n|t:|1720518467\n|switch|p2b: Urshifu|Urshifu, L50, F, tera:Dark|57\/100|[from] Volt Switch\n|\n|-sideend|p1: CCC2024|Reflect\n|upkeep\n|\n|t:|1720518473\n|switch|p2a: Miraidon|Miraidon, L50|3\/100\n|switch|p1a: Calyrex|Calyrex-Shadow, L50|100\/100\n|-ability|p1a: Calyrex|As One\n|-ability|p1a: Calyrex|Unnerve\n|-activate|p2a: Miraidon|ability: Hadron Engine\n|turn|10\n|inactive|KickLeeVGC has 30 seconds left.\n|\n|t:|1720518498\n|move|p1a: Calyrex|Protect|p1a: Calyrex\n|-singleturn|p1a: Calyrex|Protect\n|move|p1b: Urshifu|Aqua Jet|p2a: Miraidon\n|-resisted|p2a: Miraidon\n|-damage|p2a: Miraidon|0 fnt\n|faint|p2a: Miraidon\n|move|p2b: Urshifu|Sucker Punch||[still]\n|-fail|p2b: Urshifu\n|\n|upkeep\n|turn|11\n|\n|t:|1720518515\n|move|p1a: Calyrex|Draining Kiss|p2b: Urshifu\n|-supereffective|p2b: Urshifu\n|-damage|p2b: Urshifu|0 fnt\n|faint|p2b: Urshifu\n|\n|win|CCC2024\n|raw|CCC2024's rating: 1798 &rarr; <strong>1815<\/strong><br \/>(+17 for winning)\n|raw|KickLeeVGC's rating: 1738 &rarr; <strong>1721<\/strong><br \/>(-17 for losing)\n|l|\u2606KickLeeVGC\n|player|p2|\n|l|\u2606CCC2024\n|player|p1|\n","uploadtime":1720518527,"views":27,"formatid":"gen9vgc2024regg","rating":1721,"private":0,"password":null}