{"id":"gen9vgc2024regg-2157685447","format":"[Gen 9] VGC 2024 Reg G","players":["war3infi","BanTheJuggalo"],"log":"|j|\u2606war3infi\n|j|\u2606BanTheJuggalo\n|t:|1720502210\n|gametype|doubles\n|player|p1|war3infi|dawn|1752\n|player|p2|BanTheJuggalo|1|1786\n|teamsize|p1|6\n|teamsize|p2|6\n|gen|9\n|tier|[Gen 9] VGC 2024 Reg G\n|rated|\n|rule|Species Clause: Limit one of each Pok\u00e9mon\n|rule|Item Clause: Limit one of each item\n|clearpoke\n|poke|p1|Calyrex-Ice, L50|\n|poke|p1|Annihilape, L50, F|\n|poke|p1|Smeargle, L50, F|\n|poke|p1|Ursaluna-Bloodmoon, L50, M|\n|poke|p1|Urshifu-*, L50, M|\n|poke|p1|Ogerpon-Wellspring, L50, F|\n|poke|p2|Annihilape, L50, F|\n|poke|p2|Ogerpon-Cornerstone, L50, F|\n|poke|p2|Comfey, L50, F|\n|poke|p2|Chandelure, L50, F|\n|poke|p2|Incineroar, L50, M|\n|poke|p2|Calyrex-Ice, L50|\n|teampreview|4\n|\n|t:|1720502250\n|start\n|switch|p1a: Calyrex|Calyrex-Ice, L50|100\/100\n|switch|p1b: Annihilape|Annihilape, L50, F|100\/100\n|switch|p2a: Annihilape|Annihilape, L50, F|100\/100\n|switch|p2b: Calyrex|Calyrex-Ice, L50|100\/100\n|-ability|p1a: Calyrex|As One\n|-ability|p1a: Calyrex|Unnerve\n|-ability|p2b: Calyrex|As One\n|-ability|p2b: Calyrex|Unnerve\n|turn|1\n|\n|t:|1720502263\n|move|p1a: Calyrex|Protect|p1a: Calyrex\n|-singleturn|p1a: Calyrex|Protect\n|move|p2a: Annihilape|Final Gambit|p1a: Calyrex\n|-activate|p1a: Calyrex|move: Protect\n|move|p1b: Annihilape|Rage Fist|p2a: Annihilape\n|-supereffective|p2a: Annihilape\n|-damage|p2a: Annihilape|64\/100\n|move|p2b: Calyrex|Glacial Lance|p1a: Calyrex|[spread] p1b\n|-activate|p1a: Calyrex|move: Protect\n|-damage|p1b: Annihilape|49\/100\n|\n|upkeep\n|turn|2\n|\n|t:|1720502275\n|switch|p2a: Comfey|Comfey, L50, F|100\/100\n|move|p1b: Annihilape|Rage Fist|p2b: Calyrex\n|-supereffective|p2b: Calyrex\n|-damage|p2b: Calyrex|50\/100\n|move|p1a: Calyrex|Glacial Lance|p2a: Comfey|[spread] p2a,p2b\n|-resisted|p2b: Calyrex\n|-damage|p2a: Comfey|44\/100\n|-damage|p2b: Calyrex|33\/100\n|move|p2b: Calyrex|Glacial Lance|p1a: Calyrex|[spread] p1a,p1b\n|-resisted|p1a: Calyrex\n|-damage|p1a: Calyrex|82\/100\n|-damage|p1b: Annihilape|0 fnt\n|faint|p1b: Annihilape\n|-ability|p2b: Calyrex|Chilling Neigh|boost\n|-boost|p2b: Calyrex|atk|1\n|\n|upkeep\n|\n|t:|1720502284\n|switch|p1b: Urshifu|Urshifu, L50, M|100\/100\n|turn|3\n|\n|t:|1720502298\n|-terastallize|p2b: Calyrex|Fire\n|move|p2a: Comfey|Floral Healing|p2b: Calyrex\n|-heal|p2b: Calyrex|83\/100\n|move|p1b: Urshifu|Wicked Blow|p2b: Calyrex\n|-crit|p2b: Calyrex\n|-damage|p2b: Calyrex|20\/100\n|move|p1a: Calyrex|Glacial Lance|p2a: Comfey|[spread] p2a,p2b\n|-resisted|p2b: Calyrex\n|-damage|p2a: Comfey|0 fnt\n|-damage|p2b: Calyrex|1\/100\n|faint|p2a: Comfey\n|-ability|p1a: Calyrex|Chilling Neigh|boost\n|-boost|p1a: Calyrex|atk|1\n|move|p2b: Calyrex|Glacial Lance|p1b: Urshifu|[spread] p1a,p1b\n|-resisted|p1a: Calyrex\n|-damage|p1a: Calyrex|58\/100\n|-damage|p1b: Urshifu|21\/100\n|\n|upkeep\n|\n|t:|1720502313\n|switch|p2a: Annihilape|Annihilape, L50, F|64\/100\n|turn|4\n|\n|t:|1720502327\n|-terastallize|p1b: Urshifu|Ghost\n|move|p1a: Calyrex|Protect|p1a: Calyrex\n|-singleturn|p1a: Calyrex|Protect\n|move|p2a: Annihilape|Rage Fist|p1b: Urshifu\n|-supereffective|p1b: Urshifu\n|-damage|p1b: Urshifu|0 fnt\n|faint|p1b: Urshifu\n|move|p2b: Calyrex|Throat Chop|p1a: Calyrex\n|-activate|p1a: Calyrex|move: Protect\n|\n|upkeep\n|\n|t:|1720502334\n|switch|p1b: Ursaluna|Ursaluna-Bloodmoon, L50, M|100\/100\n|turn|5\n|\n|t:|1720502343\n|move|p1b: Ursaluna|Vacuum Wave|p2b: Calyrex\n|-damage|p2b: Calyrex|0 fnt\n|faint|p2b: Calyrex\n|-damage|p1b: Ursaluna|91\/100|[from] item: Life Orb\n|move|p2a: Annihilape|Rage Fist|p1a: Calyrex\n|-supereffective|p1a: Calyrex\n|-damage|p1a: Calyrex|8\/100\n|-enditem|p1a: Calyrex|Sitrus Berry|[eat]\n|-heal|p1a: Calyrex|33\/100|[from] item: Sitrus Berry\n|move|p1a: Calyrex|Trick Room|p1a: Calyrex\n|-fieldstart|move: Trick Room|[of] p1a: Calyrex\n|\n|upkeep\n|\n|t:|1720502350\n|switch|p2b: Chandelure|Chandelure, L50, F|100\/100\n|turn|6\n|-message|BanTheJuggalo forfeited.\n|\n|win|war3infi\n|raw|war3infi's rating: 1752 &rarr; <strong>1774<\/strong><br \/>(+22 for winning)\n|raw|BanTheJuggalo's rating: 1786 &rarr; <strong>1764<\/strong><br \/>(-22 for losing)\n|l|\u2606BanTheJuggalo\n|player|p2|\n|l|\u2606war3infi\n|player|p1|\n","uploadtime":1720502621,"views":83,"formatid":"gen9vgc2024regg","rating":1764,"private":0,"password":null}