{"id":"gen9vgc2024regg-2158550009","format":"[Gen 9] VGC 2024 Reg G","players":["BanTheJuggalo","MomeriA12"],"log":"|j|\u2606BanTheJuggalo\n|j|\u2606MomeriA12\n|t:|1720631149\n|gametype|doubles\n|player|p1|BanTheJuggalo|169|1697\n|player|p2|MomeriA12|1|1717\n|teamsize|p1|6\n|teamsize|p2|6\n|gen|9\n|tier|[Gen 9] VGC 2024 Reg G\n|rated|\n|rule|Species Clause: Limit one of each Pok\u00e9mon\n|rule|Item Clause: Limit one of each item\n|clearpoke\n|poke|p1|Annihilape, L50, F|\n|poke|p1|Smeargle, L50, M|\n|poke|p1|Comfey, L50, F|\n|poke|p1|Urshifu-*, L50, F|\n|poke|p1|Incineroar, L50, F|\n|poke|p1|Calyrex-Ice, L50|\n|poke|p2|Kyogre, L50|\n|poke|p2|Tornadus, L50, M|\n|poke|p2|Raichu, L50, F|\n|poke|p2|Dragonite, L50, F|\n|poke|p2|Kingambit, L50, M|\n|poke|p2|Goodra-Hisui, L50, M|\n|teampreview|4\n|\n|t:|1720631179\n|start\n|switch|p1a: Annihilape|Annihilape, L50, F|100\/100\n|switch|p1b: Smeargle|Smeargle, L50, M|100\/100\n|switch|p2a: Kyogre|Kyogre, L50|100\/100\n|switch|p2b: Goodra|Goodra-Hisui, L50, M|100\/100\n|-weather|RainDance|[from] ability: Drizzle|[of] p2a: Kyogre\n|turn|1\n|\n|t:|1720631190\n|-terastallize|p2b: Goodra|Ghost\n|move|p2a: Kyogre|Protect|p2a: Kyogre\n|-singleturn|p2a: Kyogre|Protect\n|move|p1b: Smeargle|Water Shuriken|p1a: Annihilape\n|-damage|p1a: Annihilape|99\/100\n|-crit|p1a: Annihilape\n|-damage|p1a: Annihilape|97\/100\n|-damage|p1a: Annihilape|95\/100\n|-hitcount|p1a: Annihilape|3\n|move|p1a: Annihilape|Rage Fist|p2a: Kyogre\n|-activate|p2a: Kyogre|move: Protect\n|move|p2b: Goodra|Shelter|p2b: Goodra\n|-boost|p2b: Goodra|def|2\n|\n|-weather|RainDance|[upkeep]\n|-ability|p1b: Smeargle|Moody|boost\n|-boost|p1b: Smeargle|spa|2\n|-unboost|p1b: Smeargle|spd|1\n|upkeep\n|turn|2\n|\n|t:|1720631228\n|switch|p2a: Kingambit|Kingambit, L50, M|100\/100\n|move|p1b: Smeargle|Water Shuriken|p1a: Annihilape\n|-damage|p1a: Annihilape|93\/100\n|-crit|p1a: Annihilape\n|-damage|p1a: Annihilape|89\/100\n|-damage|p1a: Annihilape|87\/100\n|-damage|p1a: Annihilape|85\/100\n|-damage|p1a: Annihilape|83\/100\n|-hitcount|p1a: Annihilape|5\n|move|p1a: Annihilape|Rage Fist|p2a: Kingambit\n|-resisted|p2a: Kingambit\n|-damage|p2a: Kingambit|43\/100\n|move|p2b: Goodra|Shelter|p2b: Goodra\n|-boost|p2b: Goodra|def|2\n|\n|-weather|RainDance|[upkeep]\n|-ability|p1b: Smeargle|Moody|boost\n|-boost|p1b: Smeargle|atk|2\n|-unboost|p1b: Smeargle|def|1\n|upkeep\n|turn|3\n|\n|t:|1720631251\n|move|p2a: Kingambit|Sucker Punch|p1a: Annihilape\n|-damage|p1a: Annihilape|41\/100\n|move|p1a: Annihilape|Rage Fist|p2a: Kingambit\n|-resisted|p2a: Kingambit\n|-crit|p2a: Kingambit\n|-damage|p2a: Kingambit|0 fnt\n|faint|p2a: Kingambit\n|move|p1b: Smeargle|Spore|p2b: Goodra\n|-activate|p2b: Goodra|item: Safety Goggles|Spore\n|move|p2b: Goodra|Body Press|p1b: Smeargle\n|-supereffective|p1b: Smeargle\n|-enditem|p1b: Smeargle|Focus Sash\n|-damage|p1b: Smeargle|1\/100\n|\n|-weather|RainDance|[upkeep]\n|-ability|p1b: Smeargle|Moody|boost\n|-boost|p1b: Smeargle|atk|2\n|-unboost|p1b: Smeargle|spe|1\n|upkeep\n|j| testingtestes123\n|\n|t:|1720631266\n|switch|p2a: Tornadus|Tornadus, L50, M|100\/100\n|turn|4\n|\n|t:|1720631277\n|move|p1b: Smeargle|Follow Me|p1b: Smeargle\n|-singleturn|p1b: Smeargle|move: Follow Me\n|move|p2a: Tornadus|Tailwind|p2a: Tornadus\n|-sidestart|p2: MomeriA12|move: Tailwind\n|move|p1a: Annihilape|Rage Fist|p2b: Goodra\n|-supereffective|p2b: Goodra\n|-damage|p2b: Goodra|29\/100\n|move|p2b: Goodra|Body Press|p1b: Smeargle\n|-supereffective|p1b: Smeargle\n|-damage|p1b: Smeargle|0 fnt\n|faint|p1b: Smeargle\n|\n|-weather|RainDance|[upkeep]\n|upkeep\n|j| cmvv\n|\n|t:|1720631287\n|switch|p1b: Comfey|Comfey, L50, F|100\/100\n|turn|5\n|\n|t:|1720631296\n|-terastallize|p1a: Annihilape|Dark\n|move|p1b: Comfey|Floral Healing|p1a: Annihilape\n|-heal|p1a: Annihilape|91\/100\n|move|p2a: Tornadus|Bleakwind Storm|p1a: Annihilape|[spread] p1a,p1b\n|-damage|p1a: Annihilape|61\/100\n|-damage|p1b: Comfey|70\/100\n|move|p1a: Annihilape|Rage Fist|p2b: Goodra\n|-supereffective|p2b: Goodra\n|-damage|p2b: Goodra|0 fnt\n|faint|p2b: Goodra\n|\n|-weather|none\n|upkeep\n|\n|t:|1720631307\n|switch|p2b: Kyogre|Kyogre, L50|100\/100\n|-weather|RainDance|[from] ability: Drizzle|[of] p2b: Kyogre\n|turn|6\n|\n|t:|1720631318\n|move|p1b: Comfey|Protect|p1b: Comfey\n|-singleturn|p1b: Comfey|Protect\n|move|p2a: Tornadus|Taunt|p1b: Comfey\n|-activate|p1b: Comfey|move: Protect\n|move|p2b: Kyogre|Water Spout|p1b: Comfey|[spread] p1a\n|-activate|p1b: Comfey|move: Protect\n|-damage|p1a: Annihilape|0 fnt\n|faint|p1a: Annihilape\n|\n|-weather|RainDance|[upkeep]\n|upkeep\n|\n|t:|1720631326\n|switch|p1a: Calyrex|Calyrex-Ice, L50|100\/100\n|-ability|p1a: Calyrex|As One\n|-ability|p1a: Calyrex|Unnerve\n|turn|7\n|\n|t:|1720631338\n|move|p1b: Comfey|Synthesis|p1b: Comfey\n|-heal|p1b: Comfey|95\/100\n|move|p2a: Tornadus|Taunt|p1a: Calyrex\n|-start|p1a: Calyrex|move: Taunt\n|move|p2b: Kyogre|Water Spout|p1a: Calyrex|[spread] p1a,p1b\n|-damage|p1a: Calyrex|50\/100\n|-damage|p1b: Comfey|0 fnt\n|faint|p1b: Comfey\n|move|p1a: Calyrex|Seed Bomb|p2b: Kyogre\n|-supereffective|p2b: Kyogre\n|-damage|p2b: Kyogre|19\/100\n|\n|-weather|RainDance|[upkeep]\n|-sideend|p2: MomeriA12|move: Tailwind\n|upkeep\n|turn|8\n|\n|t:|1720631353\n|move|p2b: Kyogre|Origin Pulse|p1a: Calyrex\n|-damage|p1a: Calyrex|0 fnt\n|faint|p1a: Calyrex\n|\n|win|MomeriA12\n|raw|BanTheJuggalo's rating: 1697 &rarr; <strong>1678<\/strong><br \/>(-19 for losing)\n|raw|MomeriA12's rating: 1717 &rarr; <strong>1736<\/strong><br \/>(+19 for winning)\n|l|\u2606BanTheJuggalo\n|player|p1|\n|c| cmvv|this is genious\n|c|\u2606MomeriA12|IT IS\n|c|\u2606MomeriA12|loved his team\n|l|\u2606MomeriA12\n|player|p2|\n|l| testingtestes123\n|l| cmvv\n","uploadtime":1720631551,"views":8,"formatid":"gen9vgc2024regg","rating":1678,"private":0,"password":null}