{"id":"gen9vgc2024regg-2158199749","format":"[Gen 9] VGC 2024 Reg G","players":["Happidoodledoo","Daviron1"],"log":"|j|\u2606Happidoodledoo\n|j|\u2606Daviron1\n|t:|1720575531\n|gametype|doubles\n|player|p1|Happidoodledoo|170|1763\n|player|p2|Daviron1|sycamore-masters|1773\n|teamsize|p1|6\n|teamsize|p2|6\n|gen|9\n|tier|[Gen 9] VGC 2024 Reg G\n|rated|\n|rule|Species Clause: Limit one of each Pok\u00e9mon\n|rule|Item Clause: Limit one of each item\n|clearpoke\n|poke|p1|Tornadus, L50, M|\n|poke|p1|Ogerpon-Cornerstone, L50, F|\n|poke|p1|Amoonguss, L50, M|\n|poke|p1|Terapagos, L50, M|\n|poke|p1|Chi-Yu, L50|\n|poke|p1|Flutter Mane, L50|\n|poke|p2|Calyrex-Ice, L50|\n|poke|p2|Farigiraf, L50, M|\n|poke|p2|Ogerpon-Cornerstone, L50, F|\n|poke|p2|Regieleki, L50|\n|poke|p2|Incineroar, L50, F|\n|poke|p2|Landorus, L50, M|\n|teampreview|4\n|inactive|Battle timer is ON: inactive players will automatically lose when time's up. (requested by Daviron1)\nDaviron1 has agreed to open team sheets.\n|inactive|Happidoodledoo has 60 seconds left.\n|inactive|Daviron1 has 60 seconds left.\n|\n|t:|1720575584\n|start\n|switch|p1a: Flutter Mane|Flutter Mane, L50|100\/100\n|switch|p1b: Terapagos|Terapagos, L50, M|100\/100\n|switch|p2a: Calyrex|Calyrex-Ice, L50|100\/100\n|switch|p2b: Incineroar|Incineroar, L50, F, shiny|100\/100\n|-activate|p1b: Terapagos|ability: Tera Shift\n|detailschange|p1b: Terapagos|Terapagos-Terastal, L50, M\n|-heal|p1b: Terapagos|100\/100|[silent]\n|-ability|p2a: Calyrex|As One\n|-ability|p2a: Calyrex|Unnerve\n|-ability|p2b: Incineroar|Intimidate|boost\n|-unboost|p1a: Flutter Mane|atk|1\n|-unboost|p1b: Terapagos|atk|1\n|-enditem|p1a: Flutter Mane|Booster Energy\n|-activate|p1a: Flutter Mane|ability: Protosynthesis|[fromitem]\n|-start|p1a: Flutter Mane|protosynthesisspe\n|turn|1\n|inactive|Happidoodledoo has 30 seconds left.\n|inactive|Daviron1 has 30 seconds left.\n|\n|t:|1720575611\n|switch|p1b: Chi-Yu|Chi-Yu, L50|100\/100\n|-ability|p1b: Chi-Yu|Beads of Ruin\n|move|p2b: Incineroar|Fake Out|p1b: Chi-Yu\n|-damage|p1b: Chi-Yu|83\/100\n|move|p1a: Flutter Mane|Shadow Ball|p2a: Calyrex\n|-supereffective|p2a: Calyrex\n|-damage|p2a: Calyrex|31\/100\n|move|p2a: Calyrex|Glacial Lance|p1b: Chi-Yu|[spread] p1a,p1b\n|-resisted|p1b: Chi-Yu\n|-damage|p1a: Flutter Mane|0 fnt\n|-damage|p1b: Chi-Yu|37\/100\n|faint|p1a: Flutter Mane\n|-end|p1a: Flutter Mane|Protosynthesis|[silent]\n|-ability|p2a: Calyrex|Chilling Neigh|boost\n|-boost|p2a: Calyrex|atk|1\n|\n|upkeep\n|j| Satansinlaw\n|\n|t:|1720575626\n|switch|p1a: Terapagos|Terapagos-Terastal, L50, M|100\/100\n|turn|2\n|inactive|Daviron1 has 30 seconds left.\n|inactive|Daviron1 has 20 seconds left.\n|\n|t:|1720575664\n|-terastallize|p1a: Terapagos|Stellar\n|detailschange|p1a: Terapagos|Terapagos-Stellar, L50, M, tera:Stellar\n|-heal|p1a: Terapagos|100\/100|[silent]\n|move|p2a: Calyrex|Protect|p2a: Calyrex\n|-singleturn|p2a: Calyrex|Protect\n|move|p1b: Chi-Yu|Dark Pulse|p2b: Incineroar\n|-resisted|p2b: Incineroar\n|-damage|p2b: Incineroar|82\/100\n|move|p1a: Terapagos|Tera Starstorm|p2a: Calyrex|[spread] p2b\n|-activate|p2a: Calyrex|move: Protect\n|-damage|p2b: Incineroar|31\/100\n|move|p2b: Incineroar|Flare Blitz|p1b: Chi-Yu\n|-resisted|p1b: Chi-Yu\n|-damage|p1b: Chi-Yu|0 fnt\n|faint|p1b: Chi-Yu\n|-damage|p2b: Incineroar|23\/100|[from] Recoil\n|\n|upkeep\n|inactive|Happidoodledoo has 30 seconds left.\n|inactive|Happidoodledoo has 20 seconds left.\n|\n|t:|1720575703\n|switch|p1b: Amoonguss|Amoonguss, L50, M|100\/100\n|turn|3\n|\n|t:|1720575718\n|switch|p2b: Ogerpon|Ogerpon-Cornerstone, L50, F|100\/100\n|move|p1a: Terapagos|Tera Starstorm|p2b: Ogerpon|[spread] p2a,p2b\n|-damage|p2a: Calyrex|0 fnt\n|-damage|p2b: Ogerpon|30\/100\n|faint|p2a: Calyrex\n|move|p1b: Amoonguss|Pollen Puff|p2b: Ogerpon\n|-supereffective|p2b: Ogerpon\n|-damage|p2b: Ogerpon|0 fnt\n|faint|p2b: Ogerpon\n|\n|upkeep\n|\n|t:|1720575722\n|switch|p2b: Landorus|Landorus, L50, M|100\/100\n|switch|p2a: Incineroar|Incineroar, L50, F, shiny|23\/100\n|-ability|p2a: Incineroar|Intimidate|boost\n|-unboost|p1a: Terapagos|atk|1\n|-unboost|p1b: Amoonguss|atk|1\n|turn|4\n|inactive|Happidoodledoo has 30 seconds left.\n|inactive|Daviron1 has 30 seconds left.\n|\n|t:|1720575753\n|move|p2a: Incineroar|Fake Out|p1a: Terapagos\n|-damage|p1a: Terapagos|92\/100\n|move|p2b: Landorus|Substitute|p2b: Landorus\n|-start|p2b: Landorus|Substitute\n|-damage|p2b: Landorus|75\/100\n|cant|p1a: Terapagos|flinch\n|move|p1b: Amoonguss|Spore||[still]\n|-fail|p1b: Amoonguss\n|\n|upkeep\n|turn|5\n|\n|t:|1720575762\n|move|p1b: Amoonguss|Rage Powder|p1b: Amoonguss\n|-singleturn|p1b: Amoonguss|move: Rage Powder\n|move|p2b: Landorus|Earth Power|p1b: Amoonguss\n|-damage|p1b: Amoonguss|42\/100\n|move|p1a: Terapagos|Tera Starstorm|p2a: Incineroar|[spread] p2a,p2b\n|-end|p2b: Landorus|Substitute\n|-damage|p2a: Incineroar|0 fnt\n|faint|p2a: Incineroar\n|\n|upkeep\n|turn|6\n|\n|t:|1720575786\n|move|p1b: Amoonguss|Rage Powder|p1b: Amoonguss\n|-singleturn|p1b: Amoonguss|move: Rage Powder\n|move|p2b: Landorus|Earth Power|p1b: Amoonguss\n|-damage|p1b: Amoonguss|0 fnt\n|faint|p1b: Amoonguss\n|move|p1a: Terapagos|Tera Starstorm|p2b: Landorus\n|-damage|p2b: Landorus|0 fnt\n|faint|p2b: Landorus\n|\n|win|Happidoodledoo\n|raw|Happidoodledoo's rating: 1763 &rarr; <strong>1784<\/strong><br \/>(+21 for winning)\n|raw|Daviron1's rating: 1773 &rarr; <strong>1752<\/strong><br \/>(-21 for losing)\n|l|\u2606Daviron1\n|player|p2|\n|l| Satansinlaw\n","uploadtime":1720576051,"views":53,"formatid":"gen9vgc2024regg","rating":1752,"private":0,"password":null}