{"id":"gen9vgc2024regg-2158109355","format":"[Gen 9] VGC 2024 Reg G","players":["A silly team","WillowWalks"],"log":"|j|\u2606A silly team\n|j|\u2606WillowWalks\n|t:|1720563047\n|gametype|doubles\n|player|p1|A silly team|swimmer-gen4|1697\n|player|p2|WillowWalks|pokemaniac|1703\n|teamsize|p1|6\n|teamsize|p2|6\n|gen|9\n|tier|[Gen 9] VGC 2024 Reg G\n|rated|\n|rule|Species Clause: Limit one of each Pok\u00e9mon\n|rule|Item Clause: Limit one of each item\n|clearpoke\n|poke|p1|Miraidon, L50|\n|poke|p1|Iron Bundle, L50|\n|poke|p1|Iron Valiant, L50|\n|poke|p1|Grimmsnarl, L50, M|\n|poke|p1|Farigiraf, L50, M|\n|poke|p1|Rotom-Heat, L50|\n|poke|p2|Incineroar, L50, M|\n|poke|p2|Rillaboom, L50, F|\n|poke|p2|Smeargle, L50, F|\n|poke|p2|Calyrex-Shadow, L50|\n|poke|p2|Urshifu-*, L50, F|\n|poke|p2|Raging Bolt, L50|\n|teampreview|4\n|inactive|Battle timer is ON: inactive players will automatically lose when time's up. (requested by A silly team)\n|j| BlastMasterSan\n|\n|t:|1720563073\n|start\n|switch|p1a: Grimmsnarl|Grimmsnarl, L50, M|100\/100\n|switch|p1b: Iron Valiant|Iron Valiant, L50|100\/100\n|switch|p2a: Smeargle|Smeargle, L50, F|100\/100\n|switch|p2b: Raging Bolt|Raging Bolt, L50|100\/100\n|-enditem|p2b: Raging Bolt|Booster Energy\n|-activate|p2b: Raging Bolt|ability: Protosynthesis|[fromitem]\n|-start|p2b: Raging Bolt|protosynthesisspa\n|turn|1\n|inactive|WillowWalks has 30 seconds left.\n|inactive|WillowWalks has 20 seconds left.\n|\n|t:|1720563114\n|switch|p2a: Rillaboom|Rillaboom, L50, F|100\/100\n|-fieldstart|move: Grassy Terrain|[from] ability: Grassy Surge|[of] p2a: Rillaboom\n|-terastallize|p2b: Raging Bolt|Fairy\n|move|p1b: Iron Valiant|Protect|p1b: Iron Valiant\n|-singleturn|p1b: Iron Valiant|Protect\n|move|p2b: Raging Bolt|Thunderbolt|p1b: Iron Valiant\n|-activate|p1b: Iron Valiant|move: Protect\n|move|p1a: Grimmsnarl|Spirit Break|p2b: Raging Bolt\n|-damage|p2b: Raging Bolt|56\/100\n|-unboost|p2b: Raging Bolt|spa|1\n|\n|-heal|p2b: Raging Bolt|63\/100|[from] Grassy Terrain\n|upkeep\n|turn|2\n|inactive|WillowWalks has 30 seconds left.\n|\n|t:|1720563148\n|switch|p1a: Miraidon|Miraidon, L50|100\/100\n|-fieldstart|move: Electric Terrain|[from] ability: Hadron Engine|[of] p1a: Miraidon\n|-activate|p1b: Iron Valiant|ability: Quark Drive\n|-start|p1b: Iron Valiant|quarkdrivespe\n|move|p1b: Iron Valiant|Close Combat|p2a: Rillaboom\n|-damage|p2a: Rillaboom|43\/100\n|-unboost|p1b: Iron Valiant|def|1\n|-unboost|p1b: Iron Valiant|spd|1\n|move|p2a: Rillaboom|Wood Hammer|p1a: Miraidon\n|-resisted|p1a: Miraidon\n|-damage|p1a: Miraidon|68\/100\n|-damage|p2a: Rillaboom|33\/100|[from] Recoil\n|move|p2b: Raging Bolt|Thunderbolt|p1a: Miraidon\n|-resisted|p1a: Miraidon\n|-damage|p1a: Miraidon|55\/100\n|\n|upkeep\n|turn|3\n|inactive|A silly team has 30 seconds left.\n|inactive|WillowWalks has 30 seconds left.\n|\n|t:|1720563177\n|switch|p2a: Smeargle|Smeargle, L50, F|100\/100\n|move|p1b: Iron Valiant|Close Combat|p2a: Smeargle\n|-supereffective|p2a: Smeargle\n|-enditem|p2a: Smeargle|Focus Sash\n|-damage|p2a: Smeargle|1\/100\n|-unboost|p1b: Iron Valiant|def|1\n|-unboost|p1b: Iron Valiant|spd|1\n|move|p1a: Miraidon|Electro Drift|p2b: Raging Bolt\n|-damage|p2b: Raging Bolt|0 fnt\n|faint|p2b: Raging Bolt\n|-end|p2b: Raging Bolt|Protosynthesis|[silent]\n|\n|-ability|p2a: Smeargle|Moody|boost\n|-boost|p2a: Smeargle|spa|2\n|-unboost|p2a: Smeargle|atk|1\n|upkeep\n|\n|t:|1720563193\n|switch|p2b: Calyrex|Calyrex-Shadow, L50|100\/100\n|-ability|p2b: Calyrex|As One\n|-ability|p2b: Calyrex|Unnerve\n|turn|4\n|\n|t:|1720563211\n|switch|p1a: Grimmsnarl|Grimmsnarl, L50, M|100\/100\n|move|p2a: Smeargle|Follow Me|p2a: Smeargle\n|-singleturn|p2a: Smeargle|move: Follow Me\n|move|p1b: Iron Valiant|Close Combat|p2a: Smeargle\n|-supereffective|p2a: Smeargle\n|-damage|p2a: Smeargle|0 fnt\n|-unboost|p1b: Iron Valiant|def|1\n|-unboost|p1b: Iron Valiant|spd|1\n|faint|p2a: Smeargle\n|move|p2b: Calyrex|Nasty Plot|p2b: Calyrex\n|-boost|p2b: Calyrex|spa|2\n|\n|upkeep\n|\n|t:|1720563223\n|switch|p2a: Rillaboom|Rillaboom, L50, F|33\/100\n|-fieldstart|move: Grassy Terrain|[from] ability: Grassy Surge|[of] p2a: Rillaboom\n|-end|p1b: Iron Valiant|Quark Drive\n|turn|5\n|\n|t:|1720563236\n|move|p1b: Iron Valiant|Protect|p1b: Iron Valiant\n|-singleturn|p1b: Iron Valiant|Protect\n|move|p2a: Rillaboom|Fake Out|p1a: Grimmsnarl\n|-damage|p1a: Grimmsnarl|84\/100\n|cant|p1a: Grimmsnarl|flinch\n|move|p2b: Calyrex|Draining Kiss|p1a: Grimmsnarl\n|-supereffective|p1a: Grimmsnarl\n|-damage|p1a: Grimmsnarl|5\/100\n|\n|-heal|p2a: Rillaboom|39\/100|[from] Grassy Terrain\n|-heal|p1a: Grimmsnarl|11\/100|[from] Grassy Terrain\n|upkeep\n|turn|6\n|\n|t:|1720563259\n|move|p2a: Rillaboom|Grassy Glide|p1a: Grimmsnarl\n|-damage|p1a: Grimmsnarl|0 fnt\n|faint|p1a: Grimmsnarl\n|move|p2b: Calyrex|Draining Kiss|p1b: Iron Valiant\n|-supereffective|p1b: Iron Valiant\n|-enditem|p1b: Iron Valiant|Focus Sash\n|-damage|p1b: Iron Valiant|1\/100\n|move|p1b: Iron Valiant|Close Combat|p2a: Rillaboom\n|-damage|p2a: Rillaboom|0 fnt\n|-unboost|p1b: Iron Valiant|def|1\n|-unboost|p1b: Iron Valiant|spd|1\n|faint|p2a: Rillaboom\n|\n|-heal|p1b: Iron Valiant|7\/100|[from] Grassy Terrain\n|upkeep\n|\n|t:|1720563275\n|switch|p1a: Miraidon|Miraidon, L50|55\/100\n|-fieldstart|move: Electric Terrain|[from] ability: Hadron Engine|[of] p1a: Miraidon\n|-activate|p1b: Iron Valiant|ability: Quark Drive\n|-start|p1b: Iron Valiant|quarkdrivespe\n|turn|7\n|\n|t:|1720563286\n|move|p1b: Iron Valiant|Destiny Bond|p1b: Iron Valiant\n|-singlemove|p1b: Iron Valiant|Destiny Bond\n|move|p2b: Calyrex|Draining Kiss|p1a: Miraidon\n|-supereffective|p1a: Miraidon\n|-damage|p1a: Miraidon|0 fnt\n|faint|p1a: Miraidon\n|-ability|p2b: Calyrex|Grim Neigh|boost\n|-boost|p2b: Calyrex|spa|1\n|\n|upkeep\n|\n|t:|1720563295\n|switch|p1a: Farigiraf|Farigiraf, L50, M|100\/100\n|turn|8\n|\n|t:|1720563306\n|-terastallize|p1a: Farigiraf|Fairy\n|move|p1b: Iron Valiant|Destiny Bond||[still]\n|-fail|p1b: Iron Valiant\n|move|p2b: Calyrex|Astral Barrage|p1a: Farigiraf|[spread] p1a,p1b\n|-damage|p1a: Farigiraf|0 fnt\n|-damage|p1b: Iron Valiant|0 fnt\n|faint|p1a: Farigiraf\n|faint|p1b: Iron Valiant\n|-end|p1b: Iron Valiant|Quark Drive|[silent]\n|\n|win|WillowWalks\n|raw|A silly team's rating: 1697 &rarr; <strong>1677<\/strong><br \/>(-20 for losing)\n|raw|WillowWalks's rating: 1703 &rarr; <strong>1723<\/strong><br \/>(+20 for winning)\n|l|\u2606A silly team\n|player|p1|\n|l| BlastMasterSan\n|l|\u2606WillowWalks\n|player|p2|\n","uploadtime":1720563317,"views":203,"formatid":"gen9vgc2024regg","rating":1677,"private":0,"password":null}