{"id":"gen9vgc2024regg-2158019093","format":"[Gen 9] VGC 2024 Reg G","players":["Billy_HMD","thanosgreninja"],"log":"|j|\u2606Billy_HMD\n|j|\u2606thanosgreninja\n|t:|1720551928\n|gametype|doubles\n|player|p1|Billy_HMD|dawn|1721\n|player|p2|thanosgreninja|hilbert|1664\n|teamsize|p1|6\n|teamsize|p2|6\n|gen|9\n|tier|[Gen 9] VGC 2024 Reg G\n|rated|\n|rule|Species Clause: Limit one of each Pok\u00e9mon\n|rule|Item Clause: Limit one of each item\n|clearpoke\n|poke|p1|Kyogre, L50|\n|poke|p1|Incineroar, L50, F|\n|poke|p1|Rillaboom, L50, F|\n|poke|p1|Grimmsnarl, L50, M|\n|poke|p1|Gholdengo, L50|\n|poke|p1|Zapdos, L50|\n|poke|p2|Calyrex-Ice, L50|\n|poke|p2|Tyranitar, L50, M|\n|poke|p2|Rillaboom, L50, M|\n|poke|p2|Incineroar, L50, M|\n|poke|p2|Urshifu-*, L50, F|\n|poke|p2|Raging Bolt, L50|\n|teampreview|4\n|inactive|Battle timer is ON: inactive players will automatically lose when time's up. (requested by Billy_HMD)\n|j| wwwdotwuthering\n|inactive|thanosgreninja has 60 seconds left.\n|\n|t:|1720551967\n|start\n|switch|p1a: Zapdos|Zapdos, L50|100\/100\n|switch|p1b: Kyogre|Kyogre, L50|100\/100\n|switch|p2a: Tyranitar|Tyranitar, L50, M|100\/100\n|switch|p2b: Calyrex|Calyrex-Ice, L50|100\/100\n|-ability|p2b: Calyrex|As One\n|-ability|p2b: Calyrex|Unnerve\n|-weather|RainDance|[from] ability: Drizzle|[of] p1b: Kyogre\n|-weather|Sandstorm|[from] ability: Sand Stream|[of] p2a: Tyranitar\n|turn|1\n|inactive|Billy_HMD has 30 seconds left.\n|\n|t:|1720551994\n|-terastallize|p1a: Zapdos|Steel\n|-terastallize|p2a: Tyranitar|Grass\n|move|p1a: Zapdos|Thunder|p2a: Tyranitar\n|-resisted|p2a: Tyranitar\n|-damage|p2a: Tyranitar|79\/100\n|-status|p2a: Tyranitar|par\n|move|p1b: Kyogre|Water Spout|p2a: Tyranitar|[spread] p2a,p2b\n|-resisted|p2a: Tyranitar\n|-damage|p2a: Tyranitar|42\/100 par\n|-damage|p2b: Calyrex|45\/100\n|move|p2a: Tyranitar|Rock Slide|p1a: Zapdos|[spread] p1a,p1b\n|-resisted|p1a: Zapdos\n|-crit|p1a: Zapdos\n|-damage|p1a: Zapdos|61\/100\n|-damage|p1b: Kyogre|54\/100\n|move|p2b: Calyrex|Trick Room|p2b: Calyrex\n|-fieldstart|move: Trick Room|[of] p2b: Calyrex\n|\n|-weather|Sandstorm|[upkeep]\n|-damage|p2a: Tyranitar|36\/100 par|[from] Sandstorm\n|-damage|p2b: Calyrex|40\/100|[from] Sandstorm\n|-damage|p1b: Kyogre|48\/100|[from] Sandstorm\n|upkeep\n|turn|2\n|inactive|Billy_HMD has 30 seconds left.\n|inactive|Billy_HMD has 20 seconds left.\n|inactive|Billy_HMD has 15 seconds left.\n|inactive|Billy_HMD has 10 seconds left.\n|\n|t:|1720552044\n|cant|p2a: Tyranitar|par\n|move|p2b: Calyrex|High Horsepower|p1a: Zapdos\n|-supereffective|p1a: Zapdos\n|-damage|p1a: Zapdos|0 fnt\n|-damage|p2b: Calyrex|23\/100|[from] item: Rocky Helmet|[of] p1a: Zapdos\n|-status|p2b: Calyrex|par|[from] ability: Static|[of] p1a: Zapdos\n|faint|p1a: Zapdos\n|-ability|p2b: Calyrex|Chilling Neigh|boost\n|-boost|p2b: Calyrex|atk|1\n|move|p1b: Kyogre|Origin Pulse|p2a: Tyranitar|[spread] p2a,p2b\n|-resisted|p2a: Tyranitar\n|-damage|p2a: Tyranitar|9\/100 par\n|-damage|p2b: Calyrex|0 fnt\n|faint|p2b: Calyrex\n|\n|-weather|Sandstorm|[upkeep]\n|-damage|p2a: Tyranitar|3\/100 par|[from] Sandstorm\n|-damage|p1b: Kyogre|42\/100|[from] Sandstorm\n|upkeep\n|\n|t:|1720552065\n|switch|p2b: Raging Bolt|Raging Bolt, L50|100\/100\n|switch|p1a: Incineroar|Incineroar, L50, F|100\/100\n|-ability|p1a: Incineroar|Intimidate|boost\n|-unboost|p2a: Tyranitar|atk|1\n|-unboost|p2b: Raging Bolt|atk|1\n|-enditem|p2b: Raging Bolt|Booster Energy\n|-activate|p2b: Raging Bolt|ability: Protosynthesis|[fromitem]\n|-start|p2b: Raging Bolt|protosynthesisspa\n|turn|3\n|inactive|Billy_HMD has 30 seconds left.\n|inactive|Billy_HMD has 20 seconds left.\n|inactive|Billy_HMD has 15 seconds left.\n|\n|t:|1720552107\n|move|p1b: Kyogre|Protect|p1b: Kyogre\n|-singleturn|p1b: Kyogre|Protect\n|move|p2a: Tyranitar|Rock Slide|p1a: Incineroar|[spread] p1a\n|-activate|p1b: Kyogre|move: Protect\n|-supereffective|p1a: Incineroar\n|-damage|p1a: Incineroar|55\/100\n|move|p1a: Incineroar|Parting Shot|p2b: Raging Bolt\n|-unboost|p2b: Raging Bolt|atk|1\n|-unboost|p2b: Raging Bolt|spa|1\n|\n|t:|1720552115\n|switch|p1a: Gholdengo|Gholdengo, L50|100\/100|[from] Parting Shot\n|move|p2b: Raging Bolt|Thunderbolt|p1a: Gholdengo\n|-damage|p1a: Gholdengo|54\/100\n|\n|-weather|Sandstorm|[upkeep]\n|-damage|p2a: Tyranitar|0 fnt|[from] Sandstorm\n|-damage|p2b: Raging Bolt|94\/100|[from] Sandstorm\n|-damage|p1b: Kyogre|36\/100|[from] Sandstorm\n|faint|p2a: Tyranitar\n|-heal|p1a: Gholdengo|60\/100|[from] item: Leftovers\n|upkeep\n|\n|t:|1720552122\n|switch|p2a: Rillaboom|Rillaboom, L50, M|100\/100\n|-fieldstart|move: Grassy Terrain|[from] ability: Grassy Surge|[of] p2a: Rillaboom\n|turn|4\n|inactive|Billy_HMD has 30 seconds left.\n|\n|t:|1720552157\n|switch|p1b: Incineroar|Incineroar, L50, F|55\/100\n|-ability|p1b: Incineroar|Intimidate|boost\n|-unboost|p2a: Rillaboom|atk|1\n|-unboost|p2b: Raging Bolt|atk|1\n|move|p2b: Raging Bolt|Thunderbolt|p1a: Gholdengo\n|-damage|p1a: Gholdengo|11\/100\n|move|p2a: Rillaboom|Wood Hammer|p1a: Gholdengo\n|-resisted|p1a: Gholdengo\n|-damage|p1a: Gholdengo|0 fnt\n|faint|p1a: Gholdengo\n|-damage|p2a: Rillaboom|97\/100|[from] Recoil\n|\n|-weather|Sandstorm|[upkeep]\n|-damage|p1b: Incineroar|49\/100|[from] Sandstorm\n|-damage|p2b: Raging Bolt|88\/100|[from] Sandstorm\n|-damage|p2a: Rillaboom|91\/100|[from] Sandstorm\n|-enditem|p1b: Incineroar|Sitrus Berry|[eat]\n|-heal|p1b: Incineroar|74\/100|[from] item: Sitrus Berry\n|-heal|p1b: Incineroar|80\/100|[from] Grassy Terrain\n|-heal|p2b: Raging Bolt|94\/100|[from] Grassy Terrain\n|-heal|p2a: Rillaboom|97\/100|[from] Grassy Terrain\n|upkeep\n|\n|t:|1720552166\n|switch|p1a: Kyogre|Kyogre, L50|36\/100\n|-weather|RainDance|[from] ability: Drizzle|[of] p1a: Kyogre\n|turn|5\n|\n|t:|1720552182\n|move|p1a: Kyogre|Protect|p1a: Kyogre\n|-singleturn|p1a: Kyogre|Protect\n|move|p1b: Incineroar|Will-O-Wisp|p2a: Rillaboom\n|-status|p2a: Rillaboom|brn\n|move|p2b: Raging Bolt|Thunderbolt|p1b: Incineroar\n|-damage|p1b: Incineroar|40\/100\n|-status|p1b: Incineroar|par\n|move|p2a: Rillaboom|Wood Hammer|p1a: Kyogre\n|-activate|p1a: Kyogre|move: Protect\n|\n|-weather|RainDance|[upkeep]\n|-heal|p1b: Incineroar|46\/100 par|[from] Grassy Terrain\n|-heal|p2b: Raging Bolt|100\/100|[from] Grassy Terrain\n|-heal|p2a: Rillaboom|100\/100 brn|[from] Grassy Terrain\n|-heal|p1a: Kyogre|42\/100|[from] Grassy Terrain\n|-damage|p2a: Rillaboom|95\/100 brn|[from] brn\n|-fieldend|move: Trick Room\n|upkeep\n|turn|6\n|\n|t:|1720552203\n|move|p2a: Rillaboom|Grassy Glide|p1a: Kyogre\n|-supereffective|p1a: Kyogre\n|-damage|p1a: Kyogre|16\/100\n|move|p2b: Raging Bolt|Thunderclap|p1a: Kyogre\n|-supereffective|p1a: Kyogre\n|-damage|p1a: Kyogre|0 fnt\n|faint|p1a: Kyogre\n|cant|p1b: Incineroar|par\n|\n|-weather|RainDance|[upkeep]\n|-heal|p2a: Rillaboom|100\/100 brn|[from] Grassy Terrain\n|-heal|p1b: Incineroar|51\/100 par|[from] Grassy Terrain\n|-damage|p2a: Rillaboom|95\/100 brn|[from] brn\n|upkeep\n|turn|7\n|-message|Billy_HMD forfeited.\n|\n|win|thanosgreninja\n|raw|Billy_HMD's rating: 1721 &rarr; <strong>1698<\/strong><br \/>(-23 for losing)\n|raw|thanosgreninja's rating: 1664 &rarr; <strong>1687<\/strong><br \/>(+23 for winning)\n|l|\u2606Billy_HMD\n|player|p1|\n|l|\u2606thanosgreninja\n|player|p2|\n|l| wwwdotwuthering\n","uploadtime":1720552354,"views":16,"formatid":"gen9vgc2024regg","rating":1687,"private":0,"password":null}