{"id":"gen9vgc2024regg-2158257460","format":"[Gen 9] VGC 2024 Reg G","players":["KSunfr","Paradox Mourinho"],"log":"|j|\u2606KSunfr\n|j|\u2606Paradox Mourinho\n|t:|1720584056\n|gametype|doubles\n|player|p1|KSunfr|dancer|1711\n|player|p2|Paradox Mourinho|lance|1780\n|teamsize|p1|6\n|teamsize|p2|6\n|gen|9\n|tier|[Gen 9] VGC 2024 Reg G\n|rated|\n|rule|Species Clause: Limit one of each Pok\u00e9mon\n|rule|Item Clause: Limit one of each item\n|clearpoke\n|poke|p1|Miraidon, L50|\n|poke|p1|Urshifu-*, L50, M|\n|poke|p1|Entei, L50|\n|poke|p1|Iron Hands, L50|\n|poke|p1|Whimsicott, L50, F|\n|poke|p1|Farigiraf, L50, F|\n|poke|p2|Kingambit, L50, M|\n|poke|p2|Tornadus, L50, M|\n|poke|p2|Landorus, L50, M|\n|poke|p2|Scream Tail, L50|\n|poke|p2|Urshifu-*, L50, M|\n|poke|p2|Eternatus, L50|\n|teampreview|4\n|inactive|Battle timer is ON: inactive players will automatically lose when time's up. (requested by KSunfr)\n|inactive|KSunfr has 60 seconds left.\n|inactive|Paradox Mourinho has 60 seconds left.\n|inactive|KSunfr has 30 seconds left.\n|inactive|Paradox Mourinho has 30 seconds left.\n|inactive|KSunfr has 20 seconds left.\n|\n|t:|1720584126\n|start\n|switch|p1a: Urshifu|Urshifu, L50, M|100\/100\n|switch|p1b: Entei|Entei, L50|100\/100\n|switch|p2a: Eternatus|Eternatus, L50|100\/100\n|switch|p2b: Landorus|Landorus, L50, M|100\/100\n|-ability|p2a: Eternatus|Pressure\n|turn|1\n|\n|t:|1720584146\n|move|p1b: Entei|Extreme Speed|p2b: Landorus\n|-damage|p2b: Landorus|55\/100\n|-damage|p1b: Entei|91\/100|[from] item: Life Orb\n|move|p1a: Urshifu|Sucker Punch|p2b: Landorus\n|-damage|p2b: Landorus|11\/100\n|move|p2a: Eternatus|Meteor Beam||[still]\n|-prepare|p2a: Eternatus|Meteor Beam\n|-boost|p2a: Eternatus|spa|1\n|-enditem|p2a: Eternatus|Power Herb\n|-anim|p2a: Eternatus|Meteor Beam|p1a: Urshifu|[miss]\n|-miss|p2a: Eternatus|p1a: Urshifu\n|move|p2b: Landorus|Earth Power|p1a: Urshifu\n|-enditem|p1a: Urshifu|Focus Sash\n|-damage|p1a: Urshifu|1\/100\n|\n|upkeep\n|turn|2\n|inactive|KSunfr has 30 seconds left.\n|inactive|Paradox Mourinho has 30 seconds left.\n|j| neebieplayersea\n|\n|t:|1720584178\n|switch|p2b: Scream Tail|Scream Tail, L50|100\/100\n|-enditem|p2b: Scream Tail|Booster Energy\n|-activate|p2b: Scream Tail|ability: Protosynthesis|[fromitem]\n|-start|p2b: Scream Tail|protosynthesisspe\n|-terastallize|p1b: Entei|Normal\n|move|p2a: Eternatus|Protect|p2a: Eternatus\n|-singleturn|p2a: Eternatus|Protect\n|move|p1b: Entei|Stomping Tantrum|p2a: Eternatus\n|-activate|p2a: Eternatus|move: Protect\n|move|p1a: Urshifu|Wicked Blow|p2a: Eternatus\n|-crit|p2a: Eternatus\n|-damage|p2a: Eternatus|44\/100\n|\n|upkeep\n|turn|3\n|\n|t:|1720584202\n|switch|p1b: Miraidon|Miraidon, L50|100\/100\n|-fieldstart|move: Electric Terrain|[from] ability: Hadron Engine|[of] p1b: Miraidon\n|switch|p1a: Whimsicott|Whimsicott, L50, F|100\/100\n|move|p2b: Scream Tail|Dazzling Gleam|p1a: Whimsicott|[spread] p1a,p1b\n|-supereffective|p1b: Miraidon\n|-damage|p1a: Whimsicott|86\/100\n|-damage|p1b: Miraidon|72\/100\n|move|p2a: Eternatus|Dynamax Cannon|p1b: Miraidon\n|-supereffective|p1b: Miraidon\n|-damage|p1b: Miraidon|0 fnt\n|faint|p1b: Miraidon\n|\n|upkeep\n|\n|t:|1720584219\n|switch|p1b: Entei|Entei, L50, tera:Normal|91\/100\n|turn|4\n|inactive|KSunfr has 30 seconds left.\n|\n|t:|1720584245\n|move|p1a: Whimsicott|Light Screen|p1a: Whimsicott\n|-sidestart|p1: KSunfr|move: Light Screen\n|move|p2b: Scream Tail|Encore|p1a: Whimsicott\n|-start|p1a: Whimsicott|Encore\n|move|p2a: Eternatus|Dynamax Cannon|p1b: Entei\n|-damage|p1b: Entei|18\/100\n|move|p1b: Entei|Sacred Fire|p2b: Scream Tail\n|-damage|p2b: Scream Tail|49\/100\n|-status|p2b: Scream Tail|brn\n|-damage|p1b: Entei|8\/100|[from] item: Life Orb\n|\n|-damage|p2b: Scream Tail|43\/100 brn|[from] brn\n|upkeep\n|turn|5\n|\n|t:|1720584259\n|switch|p1a: Urshifu|Urshifu, L50, M|1\/100\n|move|p1b: Entei|Extreme Speed|p2a: Eternatus\n|-damage|p2a: Eternatus|0 fnt\n|faint|p2a: Eternatus\n|-damage|p1b: Entei|0 fnt|[from] item: Life Orb\n|faint|p1b: Entei\n|move|p2b: Scream Tail|Dazzling Gleam|p1a: Urshifu\n|-supereffective|p1a: Urshifu\n|-damage|p1a: Urshifu|0 fnt\n|faint|p1a: Urshifu\n|\n|-damage|p2b: Scream Tail|37\/100 brn|[from] brn\n|upkeep\n|\n|t:|1720584266\n|switch|p2a: Kingambit|Kingambit, L50, M, shiny|100\/100\n|switch|p1b: Whimsicott|Whimsicott, L50, F|86\/100\n|turn|6\n|-message|KSunfr forfeited.\n|\n|win|Paradox Mourinho\n|raw|KSunfr's rating: 1711 &rarr; <strong>1695<\/strong><br \/>(-16 for losing)\n|raw|Paradox Mourinho's rating: 1780 &rarr; <strong>1796<\/strong><br \/>(+16 for winning)\n|l|\u2606KSunfr\n|player|p1|\n|l| neebieplayersea\n|l|\u2606Paradox Mourinho\n|player|p2|\n","uploadtime":1720584466,"views":48,"formatid":"gen9vgc2024regg","rating":1695,"private":0,"password":null}