{"id":"gen9vgc2024regg-2158084548","format":"[Gen 9] VGC 2024 Reg G","players":["Kamerex","WillowWalks"],"log":"|j|\u2606Kamerex\n|j|\u2606WillowWalks\n|t:|1720559954\n|gametype|doubles\n|player|p1|Kamerex|shadowtriad|1670\n|player|p2|WillowWalks|pokemaniac|1721\n|teamsize|p1|6\n|teamsize|p2|6\n|gen|9\n|tier|[Gen 9] VGC 2024 Reg G\n|rated|\n|rule|Species Clause: Limit one of each Pok\u00e9mon\n|rule|Item Clause: Limit one of each item\n|clearpoke\n|poke|p1|Lunala, L50|\n|poke|p1|Indeedee-F, L50, F|\n|poke|p1|Torkoal, L50, M|\n|poke|p1|Ursaluna, L50, M|\n|poke|p1|Serperior, L50, M|\n|poke|p1|Roaring Moon, L50|\n|poke|p2|Incineroar, L50, F|\n|poke|p2|Rillaboom, L50, F|\n|poke|p2|Smeargle, L50, F|\n|poke|p2|Calyrex-Shadow, L50|\n|poke|p2|Urshifu-*, L50, M|\n|poke|p2|Raging Bolt, L50|\n|teampreview|4\n|inactive|Battle timer is ON: inactive players will automatically lose when time's up. (requested by Kamerex)\n|c|\u2606WillowWalks|always just assume this is jamie when i see serp\n|inactive|WillowWalks has 60 seconds left.\n|j| Satansinlaw\n|c|\u2606Kamerex|Who tf is that\n|inactive|WillowWalks has 30 seconds left.\n|\n|t:|1720560024\n|start\n|switch|p1a: Lunala|Lunala, L50, shiny|100\/100\n|switch|p1b: Roaring Moon|Roaring Moon, L50, shiny|100\/100\n|switch|p2a: Urshifu|Urshifu-Rapid-Strike, L50, M|100\/100\n|switch|p2b: Raging Bolt|Raging Bolt, L50|100\/100\n|-enditem|p1b: Roaring Moon|Booster Energy\n|-activate|p1b: Roaring Moon|ability: Protosynthesis|[fromitem]\n|-start|p1b: Roaring Moon|protosynthesisspe\n|-enditem|p2b: Raging Bolt|Booster Energy\n|-activate|p2b: Raging Bolt|ability: Protosynthesis|[fromitem]\n|-start|p2b: Raging Bolt|protosynthesisspa\n|turn|1\n|c|\u2606WillowWalks|bruh\n|inactive|WillowWalks has 30 seconds left.\n|\n|t:|1720560052\n|-terastallize|p2b: Raging Bolt|Fairy\n|move|p1b: Roaring Moon|Tailwind|p1b: Roaring Moon\n|-sidestart|p1: Kamerex|move: Tailwind\n|move|p1a: Lunala|Expanding Force|p2a: Urshifu\n|-supereffective|p2a: Urshifu\n|-damage|p2a: Urshifu|0 fnt\n|faint|p2a: Urshifu\n|move|p2b: Raging Bolt|Thunderbolt|p1a: Lunala\n|-damage|p1a: Lunala|80\/100\n|\n|upkeep\n|\n|t:|1720560067\n|switch|p2a: Smeargle|Smeargle, L50, F|100\/100\n|turn|2\n|\n|t:|1720560087\n|move|p1b: Roaring Moon|Knock Off|p2b: Raging Bolt\n|-resisted|p2b: Raging Bolt\n|-damage|p2b: Raging Bolt|89\/100\n|move|p1a: Lunala|Expanding Force|p2b: Raging Bolt\n|-damage|p2b: Raging Bolt|50\/100\n|move|p2a: Smeargle|Spore|p1a: Lunala\n|-status|p1a: Lunala|slp|[from] move: Spore\n|move|p2b: Raging Bolt|Draco Meteor|p1b: Roaring Moon\n|-supereffective|p1b: Roaring Moon\n|-damage|p1b: Roaring Moon|0 fnt\n|-unboost|p2b: Raging Bolt|spa|2\n|faint|p1b: Roaring Moon\n|-end|p1b: Roaring Moon|Protosynthesis|[silent]\n|\n|-ability|p2a: Smeargle|Moody|boost\n|-boost|p2a: Smeargle|spd|2\n|-unboost|p2a: Smeargle|spa|1\n|upkeep\n|\n|t:|1720560105\n|switch|p1b: Serperior|Serperior, L50, M, shiny|100\/100\n|turn|3\n|\n|t:|1720560117\n|-end|p2b: Raging Bolt|Protosynthesis|[silent]\n|switch|p2b: Rillaboom|Rillaboom, L50, F|100\/100\n|-fieldstart|move: Grassy Terrain|[from] ability: Grassy Surge|[of] p2b: Rillaboom\n|move|p2a: Smeargle|Spiky Shield|p2a: Smeargle\n|-singleturn|p2a: Smeargle|move: Protect\n|move|p1b: Serperior|Leaf Storm|p2a: Smeargle\n|-activate|p2a: Smeargle|move: Protect\n|cant|p1a: Lunala|slp\n|\n|-heal|p1a: Lunala|86\/100 slp|[from] Grassy Terrain\n|-ability|p2a: Smeargle|Moody|boost\n|-boost|p2a: Smeargle|spe|2\n|-unboost|p2a: Smeargle|spd|1\n|upkeep\n|turn|4\n|inactive|WillowWalks has 30 seconds left.\n|inactive|WillowWalks has 20 seconds left.\n|\n|t:|1720560155\n|switch|p2a: Raging Bolt|Raging Bolt, L50, tera:Fairy|50\/100\n|switch|p1a: Indeedee|Indeedee-F, L50, F, shiny|100\/100\n|-fieldstart|move: Psychic Terrain|[from] ability: Psychic Surge|[of] p1a: Indeedee\n|move|p1b: Serperior|Leaf Storm|p2a: Raging Bolt\n|-damage|p2a: Raging Bolt|10\/100\n|-boost|p1b: Serperior|spa|2\n|move|p2b: Rillaboom|U-turn|p1b: Serperior\n|-supereffective|p1b: Serperior\n|-damage|p1b: Serperior|37\/100\n|\n|t:|1720560167\n|switch|p2b: Smeargle|Smeargle, L50, F|100\/100|[from] U-turn\n|\n|-sideend|p1: Kamerex|move: Tailwind\n|-ability|p2b: Smeargle|Moody|boost\n|-boost|p2b: Smeargle|atk|2\n|-unboost|p2b: Smeargle|spd|1\n|upkeep\n|turn|5\n|inactive|WillowWalks has 30 seconds left.\n|\n|t:|1720560202\n|move|p2b: Smeargle|Follow Me|p2b: Smeargle\n|-singleturn|p2b: Smeargle|move: Follow Me\n|move|p1b: Serperior|Leaf Storm|p2b: Smeargle\n|-enditem|p2b: Smeargle|Focus Sash\n|-damage|p2b: Smeargle|1\/100\n|-boost|p1b: Serperior|spa|2\n|move|p1a: Indeedee|Dazzling Gleam|p2b: Smeargle|[spread] p2a,p2b\n|-damage|p2a: Raging Bolt|0 fnt\n|-damage|p2b: Smeargle|0 fnt\n|faint|p2a: Raging Bolt\n|-end|p2a: Raging Bolt|Protosynthesis|[silent]\n|faint|p2b: Smeargle\n|\n|upkeep\n|\n|t:|1720560212\n|switch|p2b: Rillaboom|Rillaboom, L50, F|100\/100\n|-fieldstart|move: Grassy Terrain|[from] ability: Grassy Surge|[of] p2b: Rillaboom\n|turn|6\n|\n|t:|1720560223\n|move|p1b: Serperior|Protect|p1b: Serperior\n|-singleturn|p1b: Serperior|Protect\n|move|p2b: Rillaboom|U-turn|p1b: Serperior\n|-activate|p1b: Serperior|move: Protect\n|move|p1a: Indeedee|Dazzling Gleam|p2b: Rillaboom\n|-damage|p2b: Rillaboom|87\/100\n|\n|-heal|p1b: Serperior|43\/100|[from] Grassy Terrain\n|-heal|p2b: Rillaboom|93\/100|[from] Grassy Terrain\n|upkeep\n|turn|7\n|\n|t:|1720560245\n|move|p1a: Indeedee|Follow Me|p1a: Indeedee\n|-singleturn|p1a: Indeedee|move: Follow Me\n|move|p1b: Serperior|Giga Drain|p2b: Rillaboom\n|-resisted|p2b: Rillaboom\n|-damage|p2b: Rillaboom|57\/100\n|-heal|p1b: Serperior|67\/100|[from] drain|[of] p2b: Rillaboom\n|move|p2b: Rillaboom|U-turn|p1a: Indeedee\n|-supereffective|p1a: Indeedee\n|-damage|p1a: Indeedee|52\/100\n|-damage|p2b: Rillaboom|41\/100|[from] item: Rocky Helmet|[of] p1a: Indeedee\n|\n|-heal|p1b: Serperior|73\/100|[from] Grassy Terrain\n|-heal|p2b: Rillaboom|47\/100|[from] Grassy Terrain\n|-heal|p1a: Indeedee|58\/100|[from] Grassy Terrain\n|upkeep\n|turn|8\n|\n|t:|1720560263\n|move|p1a: Indeedee|Follow Me|p1a: Indeedee\n|-singleturn|p1a: Indeedee|move: Follow Me\n|move|p1b: Serperior|Leaf Storm|p2b: Rillaboom\n|-resisted|p2b: Rillaboom\n|-damage|p2b: Rillaboom|0 fnt\n|-boost|p1b: Serperior|spa|2\n|faint|p2b: Rillaboom\n|\n|win|Kamerex\n|raw|Kamerex's rating: 1670 &rarr; <strong>1693<\/strong><br \/>(+23 for winning)\n|raw|WillowWalks's rating: 1721 &rarr; <strong>1698<\/strong><br \/>(-23 for losing)\n|c|\u2606Kamerex|Gg\n|c|\u2606WillowWalks|gg\n|l|\u2606WillowWalks\n|player|p2|\n|l|\u2606Kamerex\n|player|p1|\n","uploadtime":1720560271,"views":225,"formatid":"gen9vgc2024regg","rating":1693,"private":0,"password":null}