{"id":"gen9vgc2024regg-2158269531","format":"[Gen 9] VGC 2024 Reg G","players":["GubbsVGC","BanTheJuggalo"],"log":"|j|\u2606GubbsVGC\n|j|\u2606BanTheJuggalo\n|t:|1720586100\n|gametype|doubles\n|player|p1|GubbsVGC|1|1726\n|player|p2|BanTheJuggalo|169|1797\n|teamsize|p1|6\n|teamsize|p2|6\n|gen|9\n|tier|[Gen 9] VGC 2024 Reg G\n|rated|\n|rule|Species Clause: Limit one of each Pok\u00e9mon\n|rule|Item Clause: Limit one of each item\n|clearpoke\n|poke|p1|Rillaboom, L50, F|\n|poke|p1|Chien-Pao, L50|\n|poke|p1|Kommo-o, L50, F|\n|poke|p1|Kyogre, L50|\n|poke|p1|Gholdengo, L50|\n|poke|p1|Sableye, L50, F|\n|poke|p2|Annihilape, L50, M|\n|poke|p2|Ogerpon-Cornerstone, L50, F|\n|poke|p2|Comfey, L50, M|\n|poke|p2|Urshifu-*, L50, F|\n|poke|p2|Incineroar, L50, F|\n|poke|p2|Calyrex-Ice, L50|\n|teampreview|4\n|inactive|Battle timer is ON: inactive players will automatically lose when time's up. (requested by GubbsVGC)\n|inactive|GubbsVGC has 60 seconds left.\n|\n|t:|1720586154\n|start\n|switch|p1a: Sableye|Sableye, L50, F|100\/100\n|switch|p1b: Kommo-o|Kommo-o, L50, F|100\/100\n|switch|p2a: Annihilape|Annihilape, L50, M|100\/100\n|switch|p2b: Calyrex|Calyrex-Ice, L50|100\/100\n|-ability|p2b: Calyrex|As One\n|-ability|p2b: Calyrex|Unnerve\n|turn|1\n|inactive|BanTheJuggalo has 30 seconds left.\n|\n|t:|1720586188\n|switch|p1b: Gholdengo|Gholdengo, L50|100\/100\n|-terastallize|p2b: Calyrex|Fire\n|move|p1a: Sableye|Reflect|p1a: Sableye\n|-sidestart|p1: GubbsVGC|Reflect\n|move|p2a: Annihilape|Coaching|p2b: Calyrex\n|-boost|p2b: Calyrex|atk|1\n|-boost|p2b: Calyrex|def|1\n|move|p2b: Calyrex|Glacial Lance|p1b: Gholdengo|[spread] p1a,p1b\n|-resisted|p1b: Gholdengo\n|-damage|p1a: Sableye|29\/100\n|-damage|p1b: Gholdengo|73\/100\n|\n|upkeep\n|turn|2\n|\n|t:|1720586210\n|switch|p2a: Urshifu|Urshifu-Rapid-Strike, L50, F|100\/100\n|move|p1b: Gholdengo|Protect|p1b: Gholdengo\n|-singleturn|p1b: Gholdengo|Protect\n|move|p1a: Sableye|Thunder Wave|p2b: Calyrex\n|-status|p2b: Calyrex|par\n|move|p2b: Calyrex|High Horsepower|p1b: Gholdengo\n|-activate|p1b: Gholdengo|move: Protect\n|\n|upkeep\n|turn|3\n|inactive|GubbsVGC has 30 seconds left.\n|j| THUNDERSND77\n|inactive|GubbsVGC has 20 seconds left.\n|inactive|GubbsVGC has 15 seconds left.\n|\n|t:|1720586252\n|switch|p2a: Comfey|Comfey, L50, M|100\/100\n|move|p1a: Sableye|Thunder Wave|p2a: Comfey|[miss]\n|-miss|p1a: Sableye|p2a: Comfey\n|move|p1b: Gholdengo|Shadow Ball|p2b: Calyrex\n|-damage|p2b: Calyrex|83\/100 par\n|move|p2b: Calyrex|Glacial Lance|p1b: Gholdengo|[spread] p1a,p1b\n|-resisted|p1b: Gholdengo\n|-damage|p1a: Sableye|0 fnt\n|-damage|p1b: Gholdengo|47\/100\n|faint|p1a: Sableye\n|-ability|p2b: Calyrex|Chilling Neigh|boost\n|-boost|p2b: Calyrex|atk|1\n|\n|upkeep\n|l| THUNDERSND77\n|j| THUNDERSND77\n|\n|t:|1720586267\n|switch|p1a: Kyogre|Kyogre, L50|100\/100\n|-weather|RainDance|[from] ability: Drizzle|[of] p1a: Kyogre\n|turn|4\n|\n|t:|1720586280\n|move|p2a: Comfey|Protect|p2a: Comfey\n|-singleturn|p2a: Comfey|Protect\n|move|p1a: Kyogre|Origin Pulse|p2a: Comfey|[spread] p2b\n|-activate|p2a: Comfey|move: Protect\n|-supereffective|p2b: Calyrex\n|-damage|p2b: Calyrex|15\/100 par\n|move|p1b: Gholdengo|Make It Rain|p2b: Calyrex|[spread] p2b\n|-activate|p2a: Comfey|move: Protect\n|-resisted|p2b: Calyrex\n|-damage|p2b: Calyrex|2\/100 par\n|-unboost|p1b: Gholdengo|spa|1\n|move|p2b: Calyrex|Seed Bomb|p1a: Kyogre\n|-supereffective|p1a: Kyogre\n|-damage|p1a: Kyogre|9\/100\n|\n|-weather|RainDance|[upkeep]\n|upkeep\n|turn|5\n|\n|t:|1720586301\n|move|p2a: Comfey|Draining Kiss|p1a: Kyogre\n|-damage|p1a: Kyogre|0 fnt\n|faint|p1a: Kyogre\n|move|p1b: Gholdengo|Make It Rain|p2b: Calyrex|[spread] p2a,p2b\n|-supereffective|p2a: Comfey\n|-resisted|p2b: Calyrex\n|-damage|p2a: Comfey|27\/100\n|-damage|p2b: Calyrex|0 fnt\n|-unboost|p1b: Gholdengo|spa|1\n|faint|p2b: Calyrex\n|\n|-weather|RainDance|[upkeep]\n|upkeep\n|\n|t:|1720586315\n|switch|p1a: Kommo-o|Kommo-o, L50, F|100\/100\n|switch|p2b: Annihilape|Annihilape, L50, M|100\/100\n|turn|6\n|\n|t:|1720586324\n|move|p2a: Comfey|Protect|p2a: Comfey\n|-singleturn|p2a: Comfey|Protect\n|move|p1a: Kommo-o|Protect|p1a: Kommo-o\n|-singleturn|p1a: Kommo-o|Protect\n|move|p2b: Annihilape|Final Gambit|p1a: Kommo-o\n|-activate|p1a: Kommo-o|move: Protect\n|move|p1b: Gholdengo|Make It Rain|p2a: Comfey|[spread] p2b\n|-activate|p2a: Comfey|move: Protect\n|-damage|p2b: Annihilape|72\/100\n|-unboost|p1b: Gholdengo|spa|1\n|\n|-weather|RainDance|[upkeep]\n|upkeep\n|turn|7\n|inactive|GubbsVGC has 30 seconds left.\n|\n|t:|1720586351\n|move|p1a: Kommo-o|Protect||[still]\n|-fail|p1a: Kommo-o\n|move|p2a: Comfey|Floral Healing|p2b: Annihilape\n|-heal|p2b: Annihilape|100\/100\n|move|p2b: Annihilape|Final Gambit|p1a: Kommo-o\n|-damage|p1a: Kommo-o|0 fnt\n|faint|p2b: Annihilape\n|faint|p1a: Kommo-o\n|move|p1b: Gholdengo|Make It Rain|p2a: Comfey\n|-supereffective|p2a: Comfey\n|-damage|p2a: Comfey|0 fnt\n|-unboost|p1b: Gholdengo|spa|1\n|faint|p2a: Comfey\n|\n|-weather|RainDance|[upkeep]\n|upkeep\n|\n|t:|1720586361\n|switch|p2b: Urshifu|Urshifu-Rapid-Strike, L50, F|100\/100\n|turn|8\n|-message|GubbsVGC forfeited.\n|\n|win|BanTheJuggalo\n|raw|GubbsVGC's rating: 1726 &rarr; <strong>1710<\/strong><br \/>(-16 for losing)\n|raw|BanTheJuggalo's rating: 1797 &rarr; <strong>1813<\/strong><br \/>(+16 for winning)\n|l|\u2606GubbsVGC\n|player|p1|\n|l| THUNDERSND77\n|l|\u2606BanTheJuggalo\n|player|p2|\n","uploadtime":1720586558,"views":5,"formatid":"gen9vgc2024regg","rating":1710,"private":0,"password":null}