{"id":"gen9vgc2024regg-2158234047","format":"[Gen 9] VGC 2024 Reg G","players":["GubbsVGC","Doggykiny"],"log":"|j|\u2606GubbsVGC\n|j|\u2606Doggykiny\n|t:|1720580449\n|gametype|doubles\n|player|p1|GubbsVGC|1|1721\n|player|p2|Doggykiny|cynthia|1687\n|teamsize|p1|6\n|teamsize|p2|6\n|gen|9\n|tier|[Gen 9] VGC 2024 Reg G\n|rated|\n|rule|Species Clause: Limit one of each Pok\u00e9mon\n|rule|Item Clause: Limit one of each item\n|clearpoke\n|poke|p1|Rillaboom, L50, F|\n|poke|p1|Chien-Pao, L50|\n|poke|p1|Kommo-o, L50, F|\n|poke|p1|Kyogre, L50|\n|poke|p1|Gholdengo, L50|\n|poke|p1|Sableye, L50, F|\n|poke|p2|Raging Bolt, L50|\n|poke|p2|Urshifu-*, L50, M|\n|poke|p2|Ogerpon-Cornerstone, L50, F|\n|poke|p2|Calyrex-Ice, L50|\n|poke|p2|Iron Valiant, L50|\n|poke|p2|Pelipper, L50, F|\n|teampreview|4\n|inactive|Battle timer is ON: inactive players will automatically lose when time's up. (requested by GubbsVGC)\n|inactive|Doggykiny has 60 seconds left.\n|\n|t:|1720580522\n|start\n|switch|p1a: Rillaboom|Rillaboom, L50, F|100\/100\n|switch|p1b: Kommo-o|Kommo-o, L50, F|100\/100\n|switch|p2a: Iron Valiant|Iron Valiant, L50|100\/100\n|switch|p2b: Raging Bolt|Raging Bolt, L50|100\/100\n|-fieldstart|move: Grassy Terrain|[from] ability: Grassy Surge|[of] p1a: Rillaboom\n|-enditem|p2a: Iron Valiant|Booster Energy\n|-activate|p2a: Iron Valiant|ability: Quark Drive|[fromitem]\n|-start|p2a: Iron Valiant|quarkdrivespe\n|turn|1\n|inactive|GubbsVGC has 30 seconds left.\n|inactive|Doggykiny has 30 seconds left.\n|inactive|GubbsVGC has 20 seconds left.\n|inactive|GubbsVGC has 15 seconds left.\n|inactive|GubbsVGC has 10 seconds left.\n|\n|t:|1720580571\n|move|p1b: Kommo-o|Protect|p1b: Kommo-o\n|-singleturn|p1b: Kommo-o|Protect\n|move|p2a: Iron Valiant|Moonblast|p1b: Kommo-o\n|-activate|p1b: Kommo-o|move: Protect\n|move|p2b: Raging Bolt|Draco Meteor|p1b: Kommo-o\n|-activate|p1b: Kommo-o|move: Protect\n|move|p1a: Rillaboom|High Horsepower|p2b: Raging Bolt\n|-supereffective|p2b: Raging Bolt\n|-damage|p2b: Raging Bolt|35\/100\n|\n|-heal|p2b: Raging Bolt|41\/100|[from] Grassy Terrain\n|upkeep\n|turn|2\n|\n|t:|1720580588\n|switch|p1b: Gholdengo|Gholdengo, L50|100\/100\n|move|p2a: Iron Valiant|Moonblast|p1b: Gholdengo\n|-resisted|p1b: Gholdengo\n|-damage|p1b: Gholdengo|83\/100\n|move|p2b: Raging Bolt|Draco Meteor|p1a: Rillaboom\n|-damage|p1a: Rillaboom|22\/100\n|-unboost|p2b: Raging Bolt|spa|2\n|-damage|p2b: Raging Bolt|31\/100|[from] item: Life Orb\n|move|p1a: Rillaboom|Wood Hammer|p2a: Iron Valiant\n|-damage|p2a: Iron Valiant|13\/100\n|-damage|p1a: Rillaboom|0 fnt|[from] Recoil\n|faint|p1a: Rillaboom\n|\n|-heal|p2a: Iron Valiant|19\/100|[from] Grassy Terrain\n|-heal|p2b: Raging Bolt|37\/100|[from] Grassy Terrain\n|-heal|p1b: Gholdengo|89\/100|[from] Grassy Terrain\n|upkeep\n|\n|t:|1720580609\n|switch|p1a: Kommo-o|Kommo-o, L50, F|100\/100\n|turn|3\n|\n|t:|1720580630\n|-terastallize|p1a: Kommo-o|Steel\n|move|p2a: Iron Valiant|Protect|p2a: Iron Valiant\n|-singleturn|p2a: Iron Valiant|Protect\n|move|p2b: Raging Bolt|Protect|p2b: Raging Bolt\n|-singleturn|p2b: Raging Bolt|Protect\n|move|p1a: Kommo-o|Iron Defense|p1a: Kommo-o\n|-boost|p1a: Kommo-o|def|2\n|move|p1b: Gholdengo|Nasty Plot|p1b: Gholdengo\n|-boost|p1b: Gholdengo|spa|2\n|\n|-heal|p2a: Iron Valiant|25\/100|[from] Grassy Terrain\n|-heal|p2b: Raging Bolt|43\/100|[from] Grassy Terrain\n|-heal|p1b: Gholdengo|95\/100|[from] Grassy Terrain\n|upkeep\n|turn|4\n|\n|t:|1720580651\n|move|p1a: Kommo-o|Protect|p1a: Kommo-o\n|-singleturn|p1a: Kommo-o|Protect\n|move|p2a: Iron Valiant|Moonblast|p1b: Gholdengo\n|-resisted|p1b: Gholdengo\n|-damage|p1b: Gholdengo|77\/100\n|move|p2b: Raging Bolt|Thunderbolt|p1b: Gholdengo\n|-damage|p1b: Gholdengo|43\/100\n|-damage|p2b: Raging Bolt|33\/100|[from] item: Life Orb\n|move|p1b: Gholdengo|Shadow Ball|p2a: Iron Valiant\n|-damage|p2a: Iron Valiant|0 fnt\n|faint|p2a: Iron Valiant\n|-end|p2a: Iron Valiant|Quark Drive|[silent]\n|\n|-heal|p2b: Raging Bolt|39\/100|[from] Grassy Terrain\n|-heal|p1b: Gholdengo|49\/100|[from] Grassy Terrain\n|upkeep\n|\n|t:|1720580666\n|switch|p2a: Urshifu|Urshifu-Rapid-Strike, L50, M|100\/100\n|turn|5\n|\n|t:|1720580683\n|move|p2a: Urshifu|Surging Strikes|p1b: Gholdengo\n|-crit|p1b: Gholdengo\n|-damage|p1b: Gholdengo|27\/100\n|-crit|p1b: Gholdengo\n|-damage|p1b: Gholdengo|7\/100\n|-crit|p1b: Gholdengo\n|-damage|p1b: Gholdengo|0 fnt\n|faint|p1b: Gholdengo\n|-hitcount|p1: Gholdengo|3\n|move|p2b: Raging Bolt|Thunderbolt|p1a: Kommo-o\n|-damage|p1a: Kommo-o|69\/100\n|-damage|p2b: Raging Bolt|29\/100|[from] item: Life Orb\n|move|p1a: Kommo-o|Body Press|p2a: Urshifu\n|-damage|p2a: Urshifu|20\/100\n|\n|-heal|p2a: Urshifu|26\/100|[from] Grassy Terrain\n|-heal|p2b: Raging Bolt|35\/100|[from] Grassy Terrain\n|-heal|p1a: Kommo-o|75\/100|[from] Grassy Terrain\n|-heal|p1a: Kommo-o|82\/100|[from] item: Leftovers\n|-fieldend|move: Grassy Terrain\n|upkeep\n|\n|t:|1720580703\n|switch|p1b: Kyogre|Kyogre, L50|100\/100\n|-weather|RainDance|[from] ability: Drizzle|[of] p1b: Kyogre\n|turn|6\n|\n|t:|1720580713\n|-end|p2b: Raging Bolt|Protosynthesis|[silent]\n|switch|p2b: Calyrex|Calyrex-Ice, L50|100\/100\n|-ability|p2b: Calyrex|As One\n|-ability|p2b: Calyrex|Unnerve\n|move|p2a: Urshifu|Coaching|p2b: Calyrex\n|-boost|p2b: Calyrex|atk|1\n|-boost|p2b: Calyrex|def|1\n|move|p1b: Kyogre|Origin Pulse|p2b: Calyrex|[spread] p2a\n|-miss|p1b: Kyogre|p2b: Calyrex\n|-resisted|p2a: Urshifu\n|-damage|p2a: Urshifu|0 fnt\n|faint|p2a: Urshifu\n|move|p1a: Kommo-o|Body Press|p2b: Calyrex\n|-damage|p2b: Calyrex|64\/100\n|\n|-weather|RainDance|[upkeep]\n|-heal|p1a: Kommo-o|88\/100|[from] item: Leftovers\n|upkeep\n|\n|t:|1720580718\n|switch|p2a: Raging Bolt|Raging Bolt, L50|35\/100\n|turn|7\n|inactive|GubbsVGC has 30 seconds left.\n|inactive|Doggykiny has 30 seconds left.\n|inactive|Doggykiny has 20 seconds left.\n|inactive|Doggykiny has 15 seconds left.\n|\n|t:|1720580760\n|move|p2a: Raging Bolt|Thunderbolt|p1a: Kommo-o\n|-damage|p1a: Kommo-o|18\/100\n|-status|p1a: Kommo-o|par\n|-damage|p2a: Raging Bolt|25\/100|[from] item: Life Orb\n|move|p1b: Kyogre|Origin Pulse|p2b: Calyrex|[spread] p2a\n|-miss|p1b: Kyogre|p2b: Calyrex\n|-resisted|p2a: Raging Bolt\n|-damage|p2a: Raging Bolt|0 fnt\n|faint|p2a: Raging Bolt\n|-end|p2a: Raging Bolt|Protosynthesis|[silent]\n|move|p2b: Calyrex|High Horsepower|p1a: Kommo-o\n|-supereffective|p1a: Kommo-o\n|-damage|p1a: Kommo-o|0 fnt\n|faint|p1a: Kommo-o\n|-ability|p2b: Calyrex|Chilling Neigh|boost\n|-boost|p2b: Calyrex|atk|1\n|\n|-weather|RainDance|[upkeep]\n|upkeep\n|turn|8\n|\n|t:|1720580780\n|-terastallize|p2b: Calyrex|Water\n|move|p1b: Kyogre|Origin Pulse|p2b: Calyrex\n|-resisted|p2b: Calyrex\n|-damage|p2b: Calyrex|38\/100\n|move|p2b: Calyrex|Seed Bomb|p1b: Kyogre\n|-supereffective|p1b: Kyogre\n|-damage|p1b: Kyogre|0 fnt\n|faint|p1b: Kyogre\n|\n|win|Doggykiny\n|raw|GubbsVGC's rating: 1721 &rarr; <strong>1699<\/strong><br \/>(-22 for losing)\n|raw|Doggykiny's rating: 1687 &rarr; <strong>1709<\/strong><br \/>(+22 for winning)\n|c|\u2606Doggykiny|Gg\n|l|\u2606GubbsVGC\n|player|p1|\n|l|\u2606Doggykiny\n|player|p2|\n","uploadtime":1720580921,"views":20,"formatid":"gen9vgc2024regg","rating":1699,"private":0,"password":null}