{"id":"gen9vgc2024regg-2158291833","format":"[Gen 9] VGC 2024 Reg G","players":["BapeChiangP","Paradox Mourinho"],"log":"|j|\u2606BapeChiangP\n|j|\u2606Paradox Mourinho\n|t:|1720590247\n|gametype|doubles\n|player|p1|BapeChiangP|169|1711\n|player|p2|Paradox Mourinho|lance|1773\n|teamsize|p1|6\n|teamsize|p2|6\n|gen|9\n|tier|[Gen 9] VGC 2024 Reg G\n|rated|\n|rule|Species Clause: Limit one of each Pok\u00e9mon\n|rule|Item Clause: Limit one of each item\n|clearpoke\n|poke|p1|Calyrex-Ice, L50|\n|poke|p1|Amoonguss, L50, M|\n|poke|p1|Urshifu-*, L50, M|\n|poke|p1|Pelipper, L50, M|\n|poke|p1|Raging Bolt, L50|\n|poke|p1|Incineroar, L50, M|\n|poke|p2|Kingambit, L50, F|\n|poke|p2|Tornadus, L50, M|\n|poke|p2|Landorus, L50, M|\n|poke|p2|Scream Tail, L50|\n|poke|p2|Urshifu-*, L50, M|\n|poke|p2|Eternatus, L50|\n|teampreview|4\n|inactive|Battle timer is ON: inactive players will automatically lose when time's up. (requested by Paradox Mourinho)\n|\n|t:|1720590277\n|start\n|switch|p1a: Pelipper|Pelipper, L50, M, shiny|100\/100\n|switch|p1b: Urshifu|Urshifu-Rapid-Strike, L50, M|100\/100\n|switch|p2a: Eternatus|Eternatus, L50|100\/100\n|switch|p2b: Urshifu|Urshifu-Rapid-Strike, L50, M|100\/100\n|-ability|p2a: Eternatus|Pressure\n|-weather|RainDance|[from] ability: Drizzle|[of] p1a: Pelipper\n|turn|1\n|inactive|BapeChiangP has 30 seconds left.\n|\n|t:|1720590303\n|switch|p1a: Amoonguss|Amoonguss, L50, M, shiny|100\/100\n|move|p1b: Urshifu|Close Combat|p2b: Urshifu\n|-damage|p2b: Urshifu|37\/100\n|-unboost|p1b: Urshifu|def|1\n|-unboost|p1b: Urshifu|spd|1\n|move|p2a: Eternatus|Meteor Beam||[still]\n|-prepare|p2a: Eternatus|Meteor Beam\n|-boost|p2a: Eternatus|spa|1\n|-enditem|p2a: Eternatus|Power Herb\n|-anim|p2a: Eternatus|Meteor Beam|p1b: Urshifu\n|-resisted|p1b: Urshifu\n|-damage|p1b: Urshifu|18\/100\n|move|p2b: Urshifu|Surging Strikes|p1b: Urshifu\n|-resisted|p1b: Urshifu\n|-crit|p1b: Urshifu\n|-damage|p1b: Urshifu|0 fnt\n|faint|p1b: Urshifu\n|-hitcount|p1: Urshifu|1\n|\n|-weather|RainDance|[upkeep]\n|upkeep\n|\n|t:|1720590321\n|switch|p1b: Calyrex|Calyrex-Ice, L50|100\/100\n|-ability|p1b: Calyrex|As One\n|-ability|p1b: Calyrex|Unnerve\n|turn|2\n|j| bluestraggler02\n|j| AwfulAndy\n|\n|t:|1720590337\n|move|p1a: Amoonguss|Rage Powder|p1a: Amoonguss\n|-singleturn|p1a: Amoonguss|move: Rage Powder\n|move|p2a: Eternatus|Dynamax Cannon|p1a: Amoonguss\n|-damage|p1a: Amoonguss|11\/100\n|move|p2b: Urshifu|Surging Strikes|p1a: Amoonguss\n|-resisted|p1a: Amoonguss\n|-crit|p1a: Amoonguss\n|-damage|p1a: Amoonguss|0 fnt\n|-damage|p2b: Urshifu|21\/100|[from] item: Rocky Helmet|[of] p1a: Amoonguss\n|faint|p1a: Amoonguss\n|-hitcount|p1: Amoonguss|1\n|move|p1b: Calyrex|Glacial Lance|p2b: Urshifu|[spread] p2a,p2b\n|-supereffective|p2a: Eternatus\n|-resisted|p2b: Urshifu\n|-damage|p2a: Eternatus|3\/100\n|-damage|p2b: Urshifu|0 fnt\n|faint|p2b: Urshifu\n|-ability|p1b: Calyrex|Chilling Neigh|boost\n|-boost|p1b: Calyrex|atk|1\n|\n|-weather|RainDance|[upkeep]\n|upkeep\n|\n|t:|1720590354\n|switch|p2b: Scream Tail|Scream Tail, L50|100\/100\n|switch|p1a: Pelipper|Pelipper, L50, M, shiny|100\/100\n|-enditem|p2b: Scream Tail|Booster Energy\n|-activate|p2b: Scream Tail|ability: Protosynthesis|[fromitem]\n|-start|p2b: Scream Tail|protosynthesisspe\n|turn|3\n|\n|t:|1720590372\n|move|p1b: Calyrex|Protect|p1b: Calyrex\n|-singleturn|p1b: Calyrex|Protect\n|move|p2b: Scream Tail|Encore|p1b: Calyrex\n|-activate|p1b: Calyrex|move: Protect\n|move|p2a: Eternatus|Dynamax Cannon|p1a: Pelipper\n|-enditem|p1a: Pelipper|Focus Sash\n|-damage|p1a: Pelipper|1\/100\n|move|p1a: Pelipper|Hurricane|p2a: Eternatus\n|-damage|p2a: Eternatus|0 fnt\n|faint|p2a: Eternatus\n|\n|-weather|RainDance|[upkeep]\n|upkeep\n|\n|t:|1720590375\n|switch|p2a: Kingambit|Kingambit, L50, F, shiny|100\/100\n|turn|4\n|\n|t:|1720590392\n|move|p2b: Scream Tail|Encore|p1b: Calyrex\n|-start|p1b: Calyrex|Encore\n|move|p1a: Pelipper|Hurricane|p2b: Scream Tail\n|-damage|p2b: Scream Tail|68\/100\n|move|p2a: Kingambit|Kowtow Cleave|p1b: Calyrex\n|-supereffective|p1b: Calyrex\n|-damage|p1b: Calyrex|45\/100\n|move|p1b: Calyrex|Protect||[still]\n|-fail|p1b: Calyrex\n|\n|-weather|RainDance|[upkeep]\n|upkeep\n|turn|5\n|-message|BapeChiangP forfeited.\n|\n|win|Paradox Mourinho\n|raw|BapeChiangP's rating: 1711 &rarr; <strong>1695<\/strong><br \/>(-16 for losing)\n|raw|Paradox Mourinho's rating: 1773 &rarr; <strong>1789<\/strong><br \/>(+16 for winning)\n|l|\u2606BapeChiangP\n|player|p1|\n|l| AwfulAndy\n","uploadtime":1720590598,"views":68,"formatid":"gen9vgc2024regg","rating":1695,"private":0,"password":null}