{"id":"gen9vgc2024regg-2158201791","format":"[Gen 9] VGC 2024 Reg G","players":["actuary97","Happidoodledoo"],"log":"|j|\u2606actuary97\n|j|\u2606Happidoodledoo\n|t:|1720575829\n|gametype|doubles\n|player|p1|actuary97|sabrina-lgpe|1666\n|player|p2|Happidoodledoo|170|1784\n|teamsize|p1|6\n|teamsize|p2|6\n|gen|9\n|tier|[Gen 9] VGC 2024 Reg G\n|rated|\n|rule|Species Clause: Limit one of each Pok\u00e9mon\n|rule|Item Clause: Limit one of each item\n|clearpoke\n|poke|p1|Comfey, L50, M|\n|poke|p1|Amoonguss, L50, M|\n|poke|p1|Whimsicott, L50, M|\n|poke|p1|Kyogre, L50|\n|poke|p1|Archaludon, L50, M|\n|poke|p1|Cresselia, L50, F|\n|poke|p2|Tornadus, L50, M|\n|poke|p2|Ogerpon-Cornerstone, L50, F|\n|poke|p2|Amoonguss, L50, F|\n|poke|p2|Terapagos, L50, M|\n|poke|p2|Chi-Yu, L50|\n|poke|p2|Flutter Mane, L50|\n|teampreview|4\nactuary97 has agreed to open team sheets.\n|inactive|Battle timer is ON: inactive players will automatically lose when time's up. (requested by actuary97)\n|inactive|Happidoodledoo has 60 seconds left.\n|j| rabbithorn01\n|inactive|Happidoodledoo has 30 seconds left.\n|inactive|Happidoodledoo has 20 seconds left.\n|inactive|Happidoodledoo has 15 seconds left.\n|inactive|Happidoodledoo has 10 seconds left.\n|inactive|Happidoodledoo has 5 seconds left.\n|\n|t:|1720575954\n|start\n|switch|p1a: Whimsicott|Whimsicott, L50, M, shiny|100\/100\n|switch|p1b: Archaludon|Archaludon, L50, M, shiny|100\/100\n|switch|p2a: Tornadus|Tornadus, L50, M|100\/100\n|switch|p2b: Ogerpon|Ogerpon-Cornerstone, L50, F|100\/100\n|turn|1\n|c|\u2606actuary97|afk\n|inactive|Happidoodledoo has 30 seconds left.\n|c|\u2606actuary97|going to be a long game\n|inactive|Happidoodledoo has 20 seconds left.\n|\n|t:|1720575993\n|switch|p2b: Terapagos|Terapagos, L50, M|100\/100\n|-activate|p2b: Terapagos|ability: Tera Shift\n|detailschange|p2b: Terapagos|Terapagos-Terastal, L50, M\n|-heal|p2b: Terapagos|100\/100|[silent]\n|move|p2a: Tornadus|Tailwind|p2a: Tornadus\n|-sidestart|p2: Happidoodledoo|move: Tailwind\n|move|p1a: Whimsicott|Beat Up|p1b: Archaludon\n|-damage|p1b: Archaludon|99\/100\n|-ability|p1b: Archaludon|Stamina|boost\n|-boost|p1b: Archaludon|def|1\n|-damage|p1b: Archaludon|97\/100\n|-ability|p1b: Archaludon|Stamina|boost\n|-boost|p1b: Archaludon|def|1\n|-damage|p1b: Archaludon|96\/100\n|-ability|p1b: Archaludon|Stamina|boost\n|-boost|p1b: Archaludon|def|1\n|-damage|p1b: Archaludon|95\/100\n|-ability|p1b: Archaludon|Stamina|boost\n|-boost|p1b: Archaludon|def|1\n|-hitcount|p1b: Archaludon|4\n|move|p1b: Archaludon|Body Press|p2b: Terapagos\n|-activate|p2b: Terapagos|ability: Tera Shell\n|-resisted|p2b: Terapagos\n|-damage|p2b: Terapagos|70\/100\n|\n|upkeep\n|turn|2\n|inactive|Happidoodledoo has 30 seconds left.\n|inactive|Happidoodledoo has 20 seconds left.\n|inactive|Happidoodledoo has 15 seconds left.\n|inactive|Happidoodledoo has 10 seconds left.\n|\n|t:|1720576042\n|switch|p2b: Amoonguss|Amoonguss, L50, F|100\/100\n|move|p1a: Whimsicott|Tailwind|p1a: Whimsicott\n|-sidestart|p1: actuary97|move: Tailwind\n|move|p2a: Tornadus|Bleakwind Storm|p1a: Whimsicott|[spread] p1b\n|-miss|p2a: Tornadus|p1a: Whimsicott\n|-resisted|p1b: Archaludon\n|-damage|p1b: Archaludon|85\/100\n|-ability|p1b: Archaludon|Stamina|boost\n|-boost|p1b: Archaludon|def|1\n|move|p1b: Archaludon|Body Press|p2b: Amoonguss\n|-resisted|p2b: Amoonguss\n|-damage|p2b: Amoonguss|59\/100\n|-damage|p1b: Archaludon|69\/100|[from] item: Rocky Helmet|[of] p2b: Amoonguss\n|\n|upkeep\n|turn|3\n|inactive|actuary97 has 30 seconds left.\n|\n|t:|1720576073\n|move|p2b: Amoonguss|Rage Powder|p2b: Amoonguss\n|-singleturn|p2b: Amoonguss|move: Rage Powder\n|move|p1a: Whimsicott|Moonblast|p2b: Amoonguss\n|-resisted|p2b: Amoonguss\n|-damage|p2b: Amoonguss|47\/100\n|-unboost|p2b: Amoonguss|spa|1\n|move|p2a: Tornadus|Bleakwind Storm|p1b: Archaludon|[spread] p1a\n|-miss|p2a: Tornadus|p1b: Archaludon\n|-supereffective|p1a: Whimsicott\n|-enditem|p1a: Whimsicott|Focus Sash\n|-damage|p1a: Whimsicott|1\/100\n|move|p1b: Archaludon|Body Press|p2b: Amoonguss\n|-resisted|p2b: Amoonguss\n|-damage|p2b: Amoonguss|6\/100\n|-damage|p1b: Archaludon|52\/100|[from] item: Rocky Helmet|[of] p2b: Amoonguss\n|\n|upkeep\n|turn|4\n|inactive|Happidoodledoo has 30 seconds left.\n|\n|t:|1720576106\n|switch|p1a: Comfey|Comfey, L50, M, shiny|100\/100\n|move|p2a: Tornadus|Protect|p2a: Tornadus\n|-singleturn|p2a: Tornadus|Protect\n|move|p2b: Amoonguss|Rage Powder|p2b: Amoonguss\n|-singleturn|p2b: Amoonguss|move: Rage Powder\n|move|p1b: Archaludon|Dragon Pulse|p2b: Amoonguss\n|-damage|p2b: Amoonguss|0 fnt\n|faint|p2b: Amoonguss\n|\n|-sideend|p2: Happidoodledoo|move: Tailwind\n|upkeep\n|c| rabbithorn01|y would u keep taking the rocky helmet...predict switch?\n|c|\u2606actuary97|yes\n|c| rabbithorn01|ok\n|inactive|Happidoodledoo has 30 seconds left.\n|c|\u2606actuary97|thought they would try to regen\n|\n|t:|1720576136\n|switch|p2b: Terapagos|Terapagos-Terastal, L50, M|70\/100\n|turn|5\n|c|\u2606actuary97|and I can just full heal\n|j| bluestraggler02\n|\n|t:|1720576151\n|-terastallize|p2b: Terapagos|Stellar\n|detailschange|p2b: Terapagos|Terapagos-Stellar, L50, M, tera:Stellar\n|-heal|p2b: Terapagos|78\/100|[silent]\n|move|p1a: Comfey|Floral Healing|p1b: Archaludon\n|-heal|p1b: Archaludon|100\/100\n|move|p2a: Tornadus|Tailwind|p2a: Tornadus\n|-sidestart|p2: Happidoodledoo|move: Tailwind\n|move|p2b: Terapagos|Tera Starstorm|p1a: Comfey|[spread] p1a,p1b\n|-damage|p1a: Comfey|40\/100\n|-damage|p1b: Archaludon|60\/100\n|-ability|p1b: Archaludon|Stamina|boost\n|-boost|p1b: Archaludon|def|1\n|move|p1b: Archaludon|Body Press|p2b: Terapagos\n|-supereffective|p2b: Terapagos\n|-damage|p2b: Terapagos|0 fnt\n|faint|p2b: Terapagos\n|\n|-sideend|p1: actuary97|move: Tailwind\n|upkeep\n|j| trajan29\n|\n|t:|1720576161\n|switch|p2b: Ogerpon|Ogerpon-Cornerstone, L50, F|100\/100\n|turn|6\n|-message|Happidoodledoo forfeited.\n|\n|win|actuary97\n|raw|actuary97's rating: 1666 &rarr; <strong>1693<\/strong><br \/>(+27 for winning)\n|raw|Happidoodledoo's rating: 1784 &rarr; <strong>1757<\/strong><br \/>(-27 for losing)\n|c|\u2606actuary97|gg\n|c| rabbithorn01|I would predict they spore ur arch there but gg anyway\n|c|\u2606actuary97|yeah I was worried since I didnt bring cress\n|c|\u2606actuary97|I almost did\n|l|\u2606actuary97\n|player|p1|\n|l| trajan29\n|l| rabbithorn01\n|j| A Borygon\n","uploadtime":1720576191,"views":30,"formatid":"gen9vgc2024regg","rating":1693,"private":0,"password":null}