{"id":"gen9vgc2024regg-2158518908","format":"[Gen 9] VGC 2024 Reg G","players":["peace at least","xiaoxiaowth"],"log":"|j|\u2606peace at least\n|j|\u2606xiaoxiaowth\n|t:|1720627593\n|gametype|doubles\n|player|p1|peace at least|brock|1711\n|player|p2|xiaoxiaowth|caitlin|1679\n|teamsize|p1|6\n|teamsize|p2|6\n|gen|9\n|tier|[Gen 9] VGC 2024 Reg G\n|rated|\n|rule|Species Clause: Limit one of each Pok\u00e9mon\n|rule|Item Clause: Limit one of each item\n|clearpoke\n|poke|p1|Calyrex-Ice, L50|\n|poke|p1|Farigiraf, L50, M|\n|poke|p1|Incineroar, L50, F|\n|poke|p1|Rillaboom, L50, F|\n|poke|p1|Amoonguss, L50, M|\n|poke|p1|Urshifu-*, L50, M|\n|poke|p2|Lunala, L50|\n|poke|p2|Iron Hands, L50|\n|poke|p2|Ogerpon-Wellspring, L50, F|\n|poke|p2|Grimmsnarl, L50, M|\n|poke|p2|Entei, L50|\n|poke|p2|Landorus, L50, M|\n|teampreview|4\n|inactive|Battle timer is ON: inactive players will automatically lose when time's up. (requested by peace at least)\n|\n|t:|1720627609\n|start\n|switch|p1a: Urshifu|Urshifu-Rapid-Strike, L50, M|100\/100\n|switch|p1b: Farigiraf|Farigiraf, L50, M|100\/100\n|switch|p2a: Lunala|Lunala, L50, shiny|100\/100\n|switch|p2b: Grimmsnarl|Grimmsnarl, L50, M, shiny|100\/100\n|turn|1\n|\n|t:|1720627634\n|switch|p2a: Ogerpon|Ogerpon-Wellspring, L50, F|100\/100\n|-terastallize|p1a: Urshifu|Water\n|move|p2b: Grimmsnarl|Reflect|p2b: Grimmsnarl\n|-sidestart|p2: xiaoxiaowth|Reflect\n|move|p1a: Urshifu|Surging Strikes|p2b: Grimmsnarl\n|-crit|p2b: Grimmsnarl\n|-damage|p2b: Grimmsnarl|69\/100\n|-crit|p2b: Grimmsnarl\n|-damage|p2b: Grimmsnarl|35\/100\n|-crit|p2b: Grimmsnarl\n|-damage|p2b: Grimmsnarl|5\/100\n|-hitcount|p2b: Grimmsnarl|3\n|move|p1b: Farigiraf|Trick Room|p1b: Farigiraf\n|-fieldstart|move: Trick Room|[of] p1b: Farigiraf\n|\n|upkeep\n|turn|2\n|inactive|peace at least has 30 seconds left.\n|inactive|xiaoxiaowth has 30 seconds left.\n|inactive|xiaoxiaowth has 20 seconds left.\n|\n|t:|1720627672\n|switch|p1a: Rillaboom|Rillaboom, L50, F|100\/100\n|-fieldstart|move: Grassy Terrain|[from] ability: Grassy Surge|[of] p1a: Rillaboom\n|move|p2b: Grimmsnarl|Foul Play|p1a: Rillaboom\n|-damage|p1a: Rillaboom|46\/100\n|move|p1b: Farigiraf|Foul Play|p2b: Grimmsnarl\n|-resisted|p2b: Grimmsnarl\n|-damage|p2b: Grimmsnarl|2\/100\n|move|p2a: Ogerpon|Ivy Cudgel|p1a: Rillaboom|[anim] Ivy Cudgel Water\n|-resisted|p1a: Rillaboom\n|-damage|p1a: Rillaboom|16\/100\n|\n|-heal|p2b: Grimmsnarl|8\/100|[from] Grassy Terrain\n|-heal|p1a: Rillaboom|22\/100|[from] Grassy Terrain\n|upkeep\n|turn|3\n|inactive|xiaoxiaowth has 30 seconds left.\n|\n|t:|1720627700\n|move|p2a: Ogerpon|Spiky Shield|p2a: Ogerpon\n|-singleturn|p2a: Ogerpon|move: Protect\n|move|p1b: Farigiraf|Foul Play|p2a: Ogerpon\n|-activate|p2a: Ogerpon|move: Protect\n|-damage|p1b: Farigiraf|88\/100|[from] Spiky Shield|[of] p2a: Ogerpon\n|move|p2b: Grimmsnarl|Foul Play|p1a: Rillaboom\n|-damage|p1a: Rillaboom|0 fnt\n|faint|p1a: Rillaboom\n|\n|-heal|p1b: Farigiraf|94\/100|[from] Grassy Terrain\n|-heal|p2b: Grimmsnarl|14\/100|[from] Grassy Terrain\n|upkeep\n|\n|t:|1720627709\n|switch|p1a: Calyrex|Calyrex-Ice, L50|100\/100\n|-ability|p1a: Calyrex|As One\n|-ability|p1a: Calyrex|Unnerve\n|turn|4\n|\n|t:|1720627723\n|-terastallize|p2a: Ogerpon|Water\n|detailschange|p2a: Ogerpon|Ogerpon-Wellspring-Tera, L50, F, tera:Water\n|-ability|p2a: Ogerpon|Embody Aspect (Wellspring)|boost\n|-boost|p2a: Ogerpon|spd|1\n|move|p1b: Farigiraf|Helping Hand|p1a: Calyrex\n|-singleturn|p1a: Calyrex|Helping Hand|[of] p1b: Farigiraf\n|move|p1a: Calyrex|Glacial Lance|p2a: Ogerpon|[spread] p2a,p2b\n|-resisted|p2a: Ogerpon\n|-damage|p2a: Ogerpon|70\/100\n|-damage|p2b: Grimmsnarl|0 fnt\n|faint|p2b: Grimmsnarl\n|-ability|p1a: Calyrex|Chilling Neigh|boost\n|-boost|p1a: Calyrex|atk|1\n|move|p2a: Ogerpon|Ivy Cudgel|p1a: Calyrex|[anim] Ivy Cudgel Water\n|-damage|p1a: Calyrex|53\/100\n|\n|-heal|p1a: Calyrex|59\/100|[from] Grassy Terrain\n|-heal|p1b: Farigiraf|100\/100|[from] Grassy Terrain\n|-heal|p2a: Ogerpon|76\/100|[from] Grassy Terrain\n|upkeep\n|\n|t:|1720627740\n|switch|p2b: Lunala|Lunala, L50, shiny|100\/100\n|turn|5\n|\n|t:|1720627753\n|move|p2b: Lunala|Wide Guard|p2b: Lunala\n|-singleturn|p2b: Lunala|Wide Guard\n|move|p2a: Ogerpon|Ivy Cudgel|p1a: Calyrex|[anim] Ivy Cudgel Water\n|-damage|p1a: Calyrex|9\/100\n|move|p1a: Calyrex|Trick Room|p1a: Calyrex\n|-fieldend|move: Trick Room\n|move|p1b: Farigiraf|Trick Room|p1b: Farigiraf\n|-fieldstart|move: Trick Room|[of] p1b: Farigiraf\n|\n|-heal|p1a: Calyrex|16\/100|[from] Grassy Terrain\n|-heal|p2a: Ogerpon|82\/100|[from] Grassy Terrain\n|upkeep\n|turn|6\n|\n|t:|1720627771\n|move|p1a: Calyrex|Protect|p1a: Calyrex\n|-singleturn|p1a: Calyrex|Protect\n|move|p2a: Ogerpon|Follow Me|p2a: Ogerpon\n|-singleturn|p2a: Ogerpon|move: Follow Me\n|move|p1b: Farigiraf|Foul Play|p2a: Ogerpon\n|-damage|p2a: Ogerpon|59\/100\n|move|p2b: Lunala|Meteor Beam||[still]\n|-prepare|p2b: Lunala|Meteor Beam\n|-boost|p2b: Lunala|spa|1\n|-enditem|p2b: Lunala|Power Herb\n|-anim|p2b: Lunala|Meteor Beam|p1a: Calyrex\n|-activate|p1a: Calyrex|move: Protect\n|\n|-heal|p1a: Calyrex|22\/100|[from] Grassy Terrain\n|-heal|p2a: Ogerpon|65\/100|[from] Grassy Terrain\n|-fieldend|move: Grassy Terrain\n|upkeep\n|turn|7\n|inactive|xiaoxiaowth has 30 seconds left.\n|\n|t:|1720627797\n|move|p1a: Calyrex|High Horsepower|p2a: Ogerpon\n|-damage|p2a: Ogerpon|22\/100\n|move|p1b: Farigiraf|Foul Play|p2a: Ogerpon\n|-damage|p2a: Ogerpon|1\/100\n|move|p2b: Lunala|Moongeist Beam|p1a: Calyrex\n|-supereffective|p1a: Calyrex\n|-damage|p1a: Calyrex|0 fnt\n|faint|p1a: Calyrex\n|move|p2a: Ogerpon|Ivy Cudgel|p1b: Farigiraf|[anim] Ivy Cudgel Water\n|-damage|p1b: Farigiraf|33\/100\n|-enditem|p1b: Farigiraf|Sitrus Berry|[eat]\n|-heal|p1b: Farigiraf|58\/100|[from] item: Sitrus Berry\n|\n|upkeep\n|\n|t:|1720627802\n|switch|p1a: Urshifu|Urshifu-Rapid-Strike, L50, M, tera:Water|100\/100\n|turn|8\n|\n|t:|1720627824\n|move|p2a: Ogerpon|Spiky Shield|p2a: Ogerpon\n|-singleturn|p2a: Ogerpon|move: Protect\n|move|p1b: Farigiraf|Foul Play|p2a: Ogerpon\n|-activate|p2a: Ogerpon|move: Protect\n|-damage|p1b: Farigiraf|46\/100|[from] Spiky Shield|[of] p2a: Ogerpon\n|move|p2b: Lunala|Moongeist Beam|p1a: Urshifu\n|-damage|p1a: Urshifu|0 fnt\n|faint|p1a: Urshifu\n|\n|-sideend|p2: xiaoxiaowth|Reflect\n|upkeep\n|turn|9\n|-message|peace at least forfeited.\n|\n|win|xiaoxiaowth\n|raw|peace at least's rating: 1711 &rarr; <strong>1689<\/strong><br \/>(-22 for losing)\n|raw|xiaoxiaowth's rating: 1679 &rarr; <strong>1701<\/strong><br \/>(+22 for winning)\n|l|\u2606peace at least\n|player|p1|\n|l|\u2606xiaoxiaowth\n|player|p2|\n|j|\u2606xiaoxiaowth\n|player|p2|xiaoxiaowth|caitlin|\n|l|\u2606xiaoxiaowth\n|player|p2|\n","uploadtime":1720628090,"views":6,"formatid":"gen9vgc2024regg","rating":1689,"private":0,"password":null}