{"id":"gen9vgc2024regg-2158277067","format":"[Gen 9] VGC 2024 Reg G","players":["CCC2023","GubbsVGC"],"log":"|j|\u2606CCC2023\n|j|\u2606GubbsVGC\n|t:|1720587440\n|gametype|doubles\n|player|p1|CCC2023|dawn|1707\n|player|p2|GubbsVGC|1|1661\n|teamsize|p1|6\n|teamsize|p2|6\n|gen|9\n|tier|[Gen 9] VGC 2024 Reg G\n|rated|\n|rule|Species Clause: Limit one of each Pok\u00e9mon\n|rule|Item Clause: Limit one of each item\n|clearpoke\n|poke|p1|Urshifu-*, L50, M|\n|poke|p1|Clefairy, L50, F|\n|poke|p1|Incineroar, L50, M|\n|poke|p1|Grimmsnarl, L50, M|\n|poke|p1|Calyrex-Shadow, L50|\n|poke|p1|Raging Bolt, L50|\n|poke|p2|Rillaboom, L50, F|\n|poke|p2|Chien-Pao, L50|\n|poke|p2|Kommo-o, L50, M|\n|poke|p2|Kyogre, L50|\n|poke|p2|Gholdengo, L50|\n|poke|p2|Sableye, L50, F|\n|teampreview|4\n|inactive|Battle timer is ON: inactive players will automatically lose when time's up. (requested by GubbsVGC)\n|\n|t:|1720587503\n|start\n|switch|p1a: Raging Bolt|Raging Bolt, L50|100\/100\n|switch|p1b: Grimmsnarl|Grimmsnarl, L50, M, shiny|100\/100\n|switch|p2a: Rillaboom|Rillaboom, L50, F|100\/100\n|switch|p2b: Gholdengo|Gholdengo, L50|100\/100\n|-fieldstart|move: Grassy Terrain|[from] ability: Grassy Surge|[of] p2a: Rillaboom\n|turn|1\n|inactive|CCC2023 has 30 seconds left.\n|\n|t:|1720587528\n|move|p2a: Rillaboom|Fake Out|p1a: Raging Bolt\n|-damage|p1a: Raging Bolt|90\/100\n|move|p1b: Grimmsnarl|Light Screen|p1b: Grimmsnarl\n|-sidestart|p1: CCC2023|move: Light Screen\n|move|p2b: Gholdengo|Nasty Plot|p2b: Gholdengo\n|-boost|p2b: Gholdengo|spa|2\n|cant|p1a: Raging Bolt|flinch\n|\n|-heal|p1a: Raging Bolt|96\/100|[from] Grassy Terrain\n|upkeep\n|turn|2\n|inactive|CCC2023 has 30 seconds left.\n|inactive|GubbsVGC has 30 seconds left.\n|\n|t:|1720587559\n|move|p1b: Grimmsnarl|Reflect|p1b: Grimmsnarl\n|-sidestart|p1: CCC2023|Reflect\n|move|p2a: Rillaboom|High Horsepower|p1a: Raging Bolt\n|-supereffective|p1a: Raging Bolt\n|-damage|p1a: Raging Bolt|60\/100\n|move|p2b: Gholdengo|Nasty Plot|p2b: Gholdengo\n|-boost|p2b: Gholdengo|spa|2\n|move|p1a: Raging Bolt|Thunderbolt|p2b: Gholdengo\n|-damage|p2b: Gholdengo|53\/100\n|\n|-heal|p2b: Gholdengo|59\/100|[from] Grassy Terrain\n|-heal|p1a: Raging Bolt|66\/100|[from] Grassy Terrain\n|upkeep\n|turn|3\n|\n|t:|1720587580\n|move|p2b: Gholdengo|Protect|p2b: Gholdengo\n|-singleturn|p2b: Gholdengo|Protect\n|move|p1a: Raging Bolt|Thunderclap||[still]\n|-fail|p1a: Raging Bolt\n|move|p1b: Grimmsnarl|Thunder Wave|p2a: Rillaboom\n|-status|p2a: Rillaboom|par\n|move|p2a: Rillaboom|High Horsepower|p1a: Raging Bolt\n|-supereffective|p1a: Raging Bolt\n|-damage|p1a: Raging Bolt|29\/100\n|\n|-heal|p2b: Gholdengo|65\/100|[from] Grassy Terrain\n|-heal|p1a: Raging Bolt|35\/100|[from] Grassy Terrain\n|upkeep\n|turn|4\n|inactive|CCC2023 has 30 seconds left.\n|inactive|GubbsVGC has 30 seconds left.\n|\n|t:|1720587610\n|move|p1a: Raging Bolt|Thunderclap||[still]\n|-fail|p1a: Raging Bolt\n|move|p1b: Grimmsnarl|Taunt|p2b: Gholdengo\n|-immune|p2b: Gholdengo|[from] ability: Good as Gold\n|move|p2b: Gholdengo|Nasty Plot|p2b: Gholdengo\n|-boost|p2b: Gholdengo|spa|2\n|move|p2a: Rillaboom|U-turn|p1a: Raging Bolt\n|-damage|p1a: Raging Bolt|22\/100\n|\n|t:|1720587620\n|switch|p2a: Chien-Pao|Chien-Pao, L50|100\/100|[from] U-turn\n|-ability|p2a: Chien-Pao|Sword of Ruin\n|\n|-heal|p2b: Gholdengo|71\/100|[from] Grassy Terrain\n|-heal|p1a: Raging Bolt|28\/100|[from] Grassy Terrain\n|upkeep\n|turn|5\n|j| modestmrmime\n|inactive|CCC2023 has 30 seconds left.\n|inactive|GubbsVGC has 30 seconds left.\n|\n|t:|1720587653\n|move|p2b: Gholdengo|Protect|p2b: Gholdengo\n|-singleturn|p2b: Gholdengo|Protect\n|move|p1a: Raging Bolt|Thunderclap||[still]\n|-fail|p1a: Raging Bolt\n|move|p1b: Grimmsnarl|Thunder Wave|p2b: Gholdengo\n|-activate|p2b: Gholdengo|move: Protect\n|move|p2a: Chien-Pao|Icicle Crash|p1a: Raging Bolt\n|-supereffective|p1a: Raging Bolt\n|-damage|p1a: Raging Bolt|0 fnt\n|faint|p1a: Raging Bolt\n|-end|p1a: Raging Bolt|Protosynthesis|[silent]\n|\n|-heal|p2b: Gholdengo|77\/100|[from] Grassy Terrain\n|-fieldend|move: Grassy Terrain\n|upkeep\n|\n|t:|1720587669\n|switch|p1a: Urshifu|Urshifu-Rapid-Strike, L50, M|100\/100\n|turn|6\n|\n|t:|1720587690\n|switch|p2a: Rillaboom|Rillaboom, L50, F|100\/100 par\n|-fieldstart|move: Grassy Terrain|[from] ability: Grassy Surge|[of] p2a: Rillaboom\n|switch|p1b: Calyrex|Calyrex-Shadow, L50|100\/100\n|-ability|p1b: Calyrex|As One\n|-ability|p1b: Calyrex|Unnerve\n|move|p1a: Urshifu|Surging Strikes|p2b: Gholdengo\n|-crit|p2b: Gholdengo\n|-damage|p2b: Gholdengo|58\/100\n|-crit|p2b: Gholdengo\n|-damage|p2b: Gholdengo|38\/100\n|-crit|p2b: Gholdengo\n|-damage|p2b: Gholdengo|16\/100\n|-hitcount|p2b: Gholdengo|3\n|move|p2b: Gholdengo|Make It Rain|p1b: Calyrex|[spread] p1a,p1b\n|-resisted|p1a: Urshifu\n|-enditem|p1a: Urshifu|Focus Sash\n|-damage|p1a: Urshifu|1\/100\n|-damage|p1b: Calyrex|0 fnt\n|-unboost|p2b: Gholdengo|spa|1\n|faint|p1b: Calyrex\n|\n|-heal|p1a: Urshifu|7\/100|[from] Grassy Terrain\n|-heal|p2b: Gholdengo|23\/100|[from] Grassy Terrain\n|upkeep\n|j| bluestraggler02\n|-message|CCC2023 forfeited.\n|\n|win|GubbsVGC\n|raw|CCC2023's rating: 1707 &rarr; <strong>1684<\/strong><br \/>(-23 for losing)\n|raw|GubbsVGC's rating: 1661 &rarr; <strong>1684<\/strong><br \/>(+23 for winning)\n|l|\u2606CCC2023\n|player|p1|\n|l| modestmrmime\n|l|\u2606GubbsVGC\n|player|p2|\n|l| bluestraggler02\n","uploadtime":1720587950,"views":8,"formatid":"gen9vgc2024regg","rating":1684,"private":0,"password":null}