{"id":"gen9vgc2024regg-2158340161","format":"[Gen 9] VGC 2024 Reg G","players":["Chysialy","jisssss"],"log":"|j|\u2606Chysialy\n|j|\u2606jisssss\n|t:|1720600213\n|gametype|doubles\n|player|p1|Chysialy|iris-gen5bw2|1658\n|player|p2|jisssss|102|1728\n|teamsize|p1|6\n|teamsize|p2|6\n|gen|9\n|tier|[Gen 9] VGC 2024 Reg G\n|rated|\n|rule|Species Clause: Limit one of each Pok\u00e9mon\n|rule|Item Clause: Limit one of each item\n|clearpoke\n|poke|p1|Terapagos, L50, M|\n|poke|p1|Ogerpon-Wellspring, L50, F|\n|poke|p1|Incineroar, L50, F|\n|poke|p1|Annihilape, L50, M|\n|poke|p1|Comfey, L50, F|\n|poke|p1|Rillaboom, L50, F|\n|poke|p2|Miraidon, L50|\n|poke|p2|Iron Hands, L50|\n|poke|p2|Ogerpon-Hearthflame, L50, F|\n|poke|p2|Farigiraf, L50, F|\n|poke|p2|Urshifu-*, L50, F|\n|poke|p2|Whimsicott, L50, M|\n|teampreview|4\n|j| THUNDERSND77\n|\n|t:|1720600297\n|start\n|switch|p1a: Rillaboom|Rillaboom, L50, F|100\/100\n|switch|p1b: Terapagos|Terapagos, L50, M|100\/100\n|switch|p2a: Whimsicott|Whimsicott, L50, M|100\/100\n|switch|p2b: Ogerpon|Ogerpon-Hearthflame, L50, F|100\/100\n|-activate|p1b: Terapagos|ability: Tera Shift\n|detailschange|p1b: Terapagos|Terapagos-Terastal, L50, M\n|-heal|p1b: Terapagos|100\/100|[silent]\n|-ability|p2b: Ogerpon|Mold Breaker\n|-fieldstart|move: Grassy Terrain|[from] ability: Grassy Surge|[of] p1a: Rillaboom\n|turn|1\n|j| AWSDAWDFG\n|\n|t:|1720600344\n|move|p1a: Rillaboom|Fake Out|p2b: Ogerpon\n|-damage|p2b: Ogerpon|86\/100\n|move|p2a: Whimsicott|Moonblast|p1b: Terapagos\n|-activate|p1b: Terapagos|ability: Tera Shell\n|-resisted|p1b: Terapagos\n|-damage|p1b: Terapagos|89\/100\n|cant|p2b: Ogerpon|flinch\n|move|p1b: Terapagos|Calm Mind|p1b: Terapagos\n|-boost|p1b: Terapagos|spa|1\n|-boost|p1b: Terapagos|spd|1\n|\n|-heal|p2b: Ogerpon|91\/100|[from] Grassy Terrain\n|-heal|p1b: Terapagos|95\/100|[from] Grassy Terrain\n|upkeep\n|turn|2\n|\n|t:|1720600376\n|switch|p2b: Miraidon|Miraidon, L50|100\/100\n|-fieldstart|move: Electric Terrain|[from] ability: Hadron Engine|[of] p2b: Miraidon\n|switch|p1a: Ogerpon|Ogerpon-Wellspring, L50, F|100\/100\n|move|p1b: Terapagos|Protect|p1b: Terapagos\n|-singleturn|p1b: Terapagos|Protect\n|move|p2a: Whimsicott|Encore|p1b: Terapagos\n|-activate|p1b: Terapagos|move: Protect\n|\n|upkeep\n|turn|3\n|\n|t:|1720600402\n|-terastallize|p1b: Terapagos|Stellar\n|detailschange|p1b: Terapagos|Terapagos-Stellar, L50, M, tera:Stellar\n|-heal|p1b: Terapagos|96\/100|[silent]\n|-ability|p1b: Terapagos|Teraform Zero\n|-fieldend|move: Electric Terrain\n|move|p1a: Ogerpon|Follow Me|p1a: Ogerpon\n|-singleturn|p1a: Ogerpon|move: Follow Me\n|move|p2a: Whimsicott|Encore|p1a: Ogerpon\n|-start|p1a: Ogerpon|Encore\n|move|p2b: Miraidon|Volt Switch|p1a: Ogerpon\n|-damage|p1a: Ogerpon|47\/100\n|\n|t:|1720600413\n|switch|p2b: Iron Hands|Iron Hands, L50|100\/100|[from] Volt Switch\n|move|p1b: Terapagos|Tera Starstorm|p2b: Iron Hands|[spread] p2a,p2b\n|-damage|p2a: Whimsicott|42\/100\n|-damage|p2b: Iron Hands|66\/100\n|\n|upkeep\n|turn|4\n|\n|t:|1720600442\n|switch|p1a: Comfey|Comfey, L50, F|100\/100\n|move|p1b: Terapagos|Protect|p1b: Terapagos\n|-singleturn|p1b: Terapagos|Protect\n|move|p2b: Iron Hands|Fake Out|p1b: Terapagos\n|-activate|p1b: Terapagos|move: Protect\n|move|p2a: Whimsicott|Light Screen|p2a: Whimsicott\n|-sidestart|p2: jisssss|move: Light Screen\n|\n|upkeep\n|turn|5\n|\n|t:|1720600473\n|switch|p1b: Ogerpon|Ogerpon-Wellspring, L50, F|47\/100\n|move|p1a: Comfey|Floral Healing|p1b: Ogerpon\n|-heal|p1b: Ogerpon|98\/100\n|move|p2a: Whimsicott|Encore||[still]\n|-fail|p2a: Whimsicott\n|move|p2b: Iron Hands|Heavy Slam|p1b: Ogerpon\n|-resisted|p1b: Ogerpon\n|-damage|p1b: Ogerpon|76\/100\n|\n|upkeep\n|turn|6\n|\n|t:|1720600494\n|switch|p2a: Miraidon|Miraidon, L50|100\/100\n|-fieldstart|move: Electric Terrain|[from] ability: Hadron Engine|[of] p2a: Miraidon\n|-activate|p2b: Iron Hands|ability: Quark Drive\n|-start|p2b: Iron Hands|quarkdriveatk\n|switch|p1a: Rillaboom|Rillaboom, L50, F|100\/100\n|-fieldstart|move: Grassy Terrain|[from] ability: Grassy Surge|[of] p1a: Rillaboom\n|-end|p2b: Iron Hands|Quark Drive\n|move|p1b: Ogerpon|Taunt|p2a: Miraidon\n|-start|p2a: Miraidon|move: Taunt\n|move|p2b: Iron Hands|Heavy Slam|p1a: Rillaboom\n|-damage|p1a: Rillaboom|62\/100\n|\n|-heal|p1b: Ogerpon|82\/100|[from] Grassy Terrain\n|-heal|p1a: Rillaboom|68\/100|[from] Grassy Terrain\n|-heal|p2b: Iron Hands|72\/100|[from] Grassy Terrain\n|upkeep\n|turn|7\n|\n|t:|1720600542\n|move|p1a: Rillaboom|Fake Out|p2a: Miraidon\n|-damage|p2a: Miraidon|88\/100\n|cant|p2a: Miraidon|flinch\n|move|p1b: Ogerpon|Ivy Cudgel|p2b: Iron Hands|[anim] Ivy Cudgel Water\n|-damage|p2b: Iron Hands|33\/100\n|move|p2b: Iron Hands|Drain Punch|p1a: Rillaboom\n|-damage|p1a: Rillaboom|22\/100\n|-heal|p2b: Iron Hands|52\/100|[from] drain|[of] p1a: Rillaboom\n|\n|-heal|p2a: Miraidon|94\/100|[from] Grassy Terrain\n|-heal|p1b: Ogerpon|88\/100|[from] Grassy Terrain\n|-heal|p1a: Rillaboom|28\/100|[from] Grassy Terrain\n|-heal|p2b: Iron Hands|58\/100|[from] Grassy Terrain\n|upkeep\n|turn|8\n|\n|t:|1720600572\n|move|p1b: Ogerpon|Follow Me|p1b: Ogerpon\n|-singleturn|p1b: Ogerpon|move: Follow Me\n|move|p2a: Miraidon|Electro Drift|p1b: Ogerpon\n|-damage|p1b: Ogerpon|10\/100\n|move|p1a: Rillaboom|U-turn|p2a: Miraidon\n|-damage|p2a: Miraidon|71\/100\n|\n|t:|1720600581\n|switch|p1a: Terapagos|Terapagos-Stellar, L50, M, tera:Stellar|96\/100|[from] U-turn\n|move|p2b: Iron Hands|Drain Punch|p1b: Ogerpon\n|-damage|p1b: Ogerpon|0 fnt\n|-heal|p2b: Iron Hands|62\/100|[from] drain|[of] p1b: Ogerpon\n|faint|p1b: Ogerpon\n|\n|-heal|p2a: Miraidon|77\/100|[from] Grassy Terrain\n|-heal|p1a: Terapagos|100\/100|[from] Grassy Terrain\n|-heal|p2b: Iron Hands|68\/100|[from] Grassy Terrain\n|-end|p2a: Miraidon|move: Taunt\n|-sideend|p2: jisssss|move: Light Screen\n|upkeep\n|\n|t:|1720600604\n|switch|p1b: Rillaboom|Rillaboom, L50, F|28\/100\n|turn|9\n|\n|t:|1720600634\n|switch|p2a: Whimsicott|Whimsicott, L50, M|42\/100\n|move|p1b: Rillaboom|Fake Out|p2b: Iron Hands\n|-damage|p2b: Iron Hands|59\/100\n|move|p1a: Terapagos|Tera Starstorm|p2b: Iron Hands|[spread] p2a,p2b\n|-damage|p2a: Whimsicott|0 fnt\n|-damage|p2b: Iron Hands|35\/100\n|faint|p2a: Whimsicott\n|cant|p2b: Iron Hands|flinch\n|\n|-heal|p1b: Rillaboom|34\/100|[from] Grassy Terrain\n|-heal|p2b: Iron Hands|41\/100|[from] Grassy Terrain\n|upkeep\n|\n|t:|1720600670\n|switch|p2a: Ogerpon|Ogerpon-Hearthflame, L50, F|91\/100\n|-ability|p2a: Ogerpon|Mold Breaker\n|turn|10\n|\n|t:|1720600687\n|switch|p1b: Comfey|Comfey, L50, F|100\/100\n|move|p2a: Ogerpon|Ivy Cudgel|p1b: Comfey|[anim] Ivy Cudgel Fire\n|-crit|p1b: Comfey\n|-damage|p1b: Comfey|16\/100\n|-enditem|p1b: Comfey|Sitrus Berry|[eat]\n|-heal|p1b: Comfey|41\/100|[from] item: Sitrus Berry\n|move|p1a: Terapagos|Tera Starstorm|p2b: Iron Hands|[spread] p2a,p2b\n|-damage|p2a: Ogerpon|53\/100\n|-damage|p2b: Iron Hands|18\/100\n|move|p2b: Iron Hands|Drain Punch|p1a: Terapagos\n|-supereffective|p1a: Terapagos\n|-damage|p1a: Terapagos|50\/100\n|-heal|p2b: Iron Hands|43\/100|[from] drain|[of] p1a: Terapagos\n|\n|-heal|p2a: Ogerpon|59\/100|[from] Grassy Terrain\n|-heal|p1b: Comfey|47\/100|[from] Grassy Terrain\n|-heal|p1a: Terapagos|56\/100|[from] Grassy Terrain\n|-heal|p2b: Iron Hands|49\/100|[from] Grassy Terrain\n|-fieldend|move: Grassy Terrain\n|upkeep\n|turn|11\n|\n|t:|1720600714\n|move|p1a: Terapagos|Protect|p1a: Terapagos\n|-singleturn|p1a: Terapagos|Protect\n|move|p1b: Comfey|Draining Kiss|p2b: Iron Hands\n|-supereffective|p2b: Iron Hands\n|-damage|p2b: Iron Hands|32\/100\n|-heal|p1b: Comfey|67\/100|[from] drain|[of] p2b: Iron Hands\n|move|p2a: Ogerpon|Ivy Cudgel|p1b: Comfey|[anim] Ivy Cudgel Fire\n|-damage|p1b: Comfey|8\/100\n|move|p2b: Iron Hands|Drain Punch|p1a: Terapagos\n|-activate|p1a: Terapagos|move: Protect\n|\n|upkeep\n|turn|12\n|\n|t:|1720600736\n|-end|p2b: Iron Hands|Quark Drive|[silent]\n|switch|p2b: Miraidon|Miraidon, L50|77\/100\n|-fieldstart|move: Electric Terrain|[from] ability: Hadron Engine|[of] p2b: Miraidon\n|move|p1b: Comfey|Draining Kiss|p2b: Miraidon\n|-supereffective|p2b: Miraidon\n|-damage|p2b: Miraidon|51\/100\n|-heal|p1b: Comfey|32\/100|[from] drain|[of] p2b: Miraidon\n|move|p2a: Ogerpon|Ivy Cudgel|p1b: Comfey|[anim] Ivy Cudgel Fire\n|-crit|p1b: Comfey\n|-damage|p1b: Comfey|0 fnt\n|faint|p1b: Comfey\n|move|p1a: Terapagos|Tera Starstorm|p2b: Miraidon|[spread] p2a,p2b\n|-damage|p2a: Ogerpon|20\/100\n|-damage|p2b: Miraidon|14\/100\n|\n|upkeep\n|\n|t:|1720600752\n|switch|p1b: Rillaboom|Rillaboom, L50, F|34\/100\n|-fieldstart|move: Grassy Terrain|[from] ability: Grassy Surge|[of] p1b: Rillaboom\n|turn|13\n|\n|t:|1720600775\n|move|p2a: Ogerpon|Spiky Shield|p2a: Ogerpon\n|-singleturn|p2a: Ogerpon|move: Protect\n|move|p1b: Rillaboom|Grassy Glide|p2b: Miraidon\n|-resisted|p2b: Miraidon\n|-damage|p2b: Miraidon|0 fnt\n|faint|p2b: Miraidon\n|move|p1a: Terapagos|Tera Starstorm|p2a: Ogerpon\n|-activate|p2a: Ogerpon|move: Protect\n|\n|-heal|p2a: Ogerpon|26\/100|[from] Grassy Terrain\n|-heal|p1b: Rillaboom|40\/100|[from] Grassy Terrain\n|-heal|p1a: Terapagos|62\/100|[from] Grassy Terrain\n|upkeep\n|j| Pokeyrach21\n|\n|t:|1720600787\n|switch|p2b: Iron Hands|Iron Hands, L50|32\/100\n|turn|14\n|\n|t:|1720600811\n|-terastallize|p2a: Ogerpon|Fire\n|detailschange|p2a: Ogerpon|Ogerpon-Hearthflame-Tera, L50, F, tera:Fire\n|-ability|p2a: Ogerpon|Embody Aspect (Hearthflame)|boost\n|-boost|p2a: Ogerpon|atk|1\n|move|p2b: Iron Hands|Fake Out|p1a: Terapagos\n|-damage|p1a: Terapagos|53\/100\n|move|p1b: Rillaboom|Grassy Glide|p2b: Iron Hands\n|-damage|p2b: Iron Hands|9\/100\n|move|p2a: Ogerpon|Ivy Cudgel|p1b: Rillaboom|[anim] Ivy Cudgel Fire\n|-supereffective|p1b: Rillaboom\n|-damage|p1b: Rillaboom|0 fnt\n|faint|p1b: Rillaboom\n|move|p1a: Terapagos|Tera Starstorm|p2b: Iron Hands|[spread] p2a,p2b\n|-supereffective|p2a: Ogerpon\n|-damage|p2a: Ogerpon|0 fnt\n|-damage|p2b: Iron Hands|0 fnt\n|faint|p2a: Ogerpon\n|faint|p2b: Iron Hands\n|-end|p2b: Iron Hands|Quark Drive|[silent]\n|\n|win|Chysialy\n|raw|Chysialy's rating: 1658 &rarr; <strong>1682<\/strong><br \/>(+24 for winning)\n|raw|jisssss's rating: 1728 &rarr; <strong>1704<\/strong><br \/>(-24 for losing)\n|l| THUNDERSND77\n|l| AWSDAWDFG\n|l| Pokeyrach21\n","uploadtime":1720600845,"views":23,"formatid":"gen9vgc2024regg","rating":1682,"private":0,"password":null}