{"id":"gen9vgc2024regg-2159747731","format":"[Gen 9] VGC 2024 Reg G","players":["Krisuerte","La voz favorita"],"log":"|j|\u2606Krisuerte\n|j|\u2606La voz favorita\n|t:|1720803498\n|gametype|doubles\n|player|p1|Krisuerte|265|1791\n|player|p2|La voz favorita|steven|1755\n|teamsize|p1|6\n|teamsize|p2|6\n|gen|9\n|tier|[Gen 9] VGC 2024 Reg G\n|rated|\n|rule|Species Clause: Limit one of each Pok\u00e9mon\n|rule|Item Clause: Limit one of each item\n|clearpoke\n|poke|p1|Sinistcha-Masterpiece, L50|\n|poke|p1|Kyogre, L50|\n|poke|p1|Tornadus, L50, M|\n|poke|p1|Urshifu-*, L50, M|\n|poke|p1|Archaludon, L50, M|\n|poke|p1|Landorus, L50, M|\n|poke|p2|Giratina, L50|\n|poke|p2|Grimmsnarl, L50, M|\n|poke|p2|Glimmora, L50, F|\n|poke|p2|Incineroar, L50, F|\n|poke|p2|Rillaboom, L50, F|\n|poke|p2|Urshifu-*, L50, F|\n|teampreview|4\nLa voz favorita has agreed to open team sheets.\n|c|\u2606La voz favorita|bruh\n|\n|t:|1720803598\n|start\n|switch|p1a: Tornadus|Tornadus, L50, M|100\/100\n|switch|p1b: Kyogre|Kyogre, L50|100\/100\n|switch|p2a: Grimmsnarl|Grimmsnarl, L50, M|100\/100\n|switch|p2b: Rillaboom|Rillaboom, L50, F|100\/100\n|-fieldstart|move: Grassy Terrain|[from] ability: Grassy Surge|[of] p2b: Rillaboom\n|-weather|RainDance|[from] ability: Drizzle|[of] p1b: Kyogre\n|turn|1\n|\n|t:|1720803629\n|-terastallize|p1b: Kyogre|Ghost\n|move|p2b: Rillaboom|Grassy Glide|p1b: Kyogre\n|-damage|p1b: Kyogre|68\/100\n|move|p2a: Grimmsnarl|Light Screen|p2a: Grimmsnarl\n|-sidestart|p2: La voz favorita|move: Light Screen\n|move|p1a: Tornadus|Bleakwind Storm|p2a: Grimmsnarl|[spread] p2a,p2b\n|-supereffective|p2b: Rillaboom\n|-damage|p2a: Grimmsnarl|81\/100\n|-damage|p2b: Rillaboom|70\/100\n|move|p1b: Kyogre|Water Spout|p2a: Grimmsnarl|[spread] p2a,p2b\n|-resisted|p2b: Rillaboom\n|-damage|p2a: Grimmsnarl|19\/100\n|-damage|p2b: Rillaboom|43\/100\n|\n|-weather|RainDance|[upkeep]\n|-heal|p2b: Rillaboom|48\/100|[from] Grassy Terrain\n|-heal|p1b: Kyogre|74\/100|[from] Grassy Terrain\n|-heal|p2a: Grimmsnarl|25\/100|[from] Grassy Terrain\n|upkeep\n|turn|2\n|\n|t:|1720803661\n|switch|p2b: Giratina|Giratina, L50, shiny|100\/100\n|-ability|p2b: Giratina|Pressure\n|switch|p1b: Archaludon|Archaludon, L50, M|100\/100\n|move|p2a: Grimmsnarl|Thunder Wave|p1a: Tornadus\n|-status|p1a: Tornadus|par\n|move|p1a: Tornadus|Bleakwind Storm|p2b: Giratina|[spread] p2a,p2b\n|-damage|p2a: Grimmsnarl|6\/100\n|-damage|p2b: Giratina|89\/100\n|-unboost|p2b: Giratina|spe|1\n|\n|-weather|RainDance|[upkeep]\n|-heal|p2a: Grimmsnarl|12\/100|[from] Grassy Terrain\n|-heal|p2b: Giratina|95\/100|[from] Grassy Terrain\n|-heal|p2b: Giratina|100\/100|[from] item: Leftovers\n|upkeep\n|turn|3\n|\n|t:|1720803725\n|switch|p1b: Landorus|Landorus, L50, M|100\/100\n|move|p2a: Grimmsnarl|Thunder Wave|p1b: Landorus\n|-immune|p1b: Landorus\n|move|p2b: Giratina|Calm Mind|p2b: Giratina\n|-boost|p2b: Giratina|spa|1\n|-boost|p2b: Giratina|spd|1\n|cant|p1a: Tornadus|par\n|\n|-weather|RainDance|[upkeep]\n|-heal|p2a: Grimmsnarl|18\/100|[from] Grassy Terrain\n|upkeep\n|turn|4\n|\n|t:|1720803776\n|switch|p2a: Rillaboom|Rillaboom, L50, F|48\/100\n|move|p1a: Tornadus|Tailwind|p1a: Tornadus\n|-sidestart|p1: Krisuerte|move: Tailwind\n|move|p1b: Landorus|Sandsear Storm|p2b: Giratina|[spread] p2a,p2b\n|-resisted|p2a: Rillaboom\n|-damage|p2a: Rillaboom|34\/100\n|-damage|p2b: Giratina|87\/100\n|move|p2b: Giratina|Dragon Pulse|p1b: Landorus\n|-damage|p1b: Landorus|35\/100\n|\n|-weather|RainDance|[upkeep]\n|-heal|p2a: Rillaboom|40\/100|[from] Grassy Terrain\n|-heal|p2b: Giratina|93\/100|[from] Grassy Terrain\n|-heal|p2b: Giratina|99\/100|[from] item: Leftovers\n|upkeep\n|turn|5\n|j| lon0907vgc\n|j| Therazer456\n|l| lon0907vgc\n|\n|t:|1720803816\n|switch|p1b: Archaludon|Archaludon, L50, M|100\/100\n|move|p1a: Tornadus|Bleakwind Storm|p2a: Rillaboom|[spread] p2a,p2b\n|-supereffective|p2a: Rillaboom\n|-damage|p2a: Rillaboom|7\/100\n|-damage|p2b: Giratina|92\/100\n|-unboost|p2a: Rillaboom|spe|1\n|move|p2a: Rillaboom|U-turn|p1b: Archaludon\n|-resisted|p1b: Archaludon\n|-damage|p1b: Archaludon|91\/100\n|-ability|p1b: Archaludon|Stamina|boost\n|-boost|p1b: Archaludon|def|1\n|inactive|Battle timer is ON: inactive players will automatically lose when time's up. (requested by Krisuerte)\n|j| IcicleStorm13\n|\n|t:|1720803847\n|switch|p2a: Grimmsnarl|Grimmsnarl, L50, M|18\/100|[from] U-turn\n|move|p2b: Giratina|Calm Mind|p2b: Giratina\n|-boost|p2b: Giratina|spa|1\n|-boost|p2b: Giratina|spd|1\n|\n|-weather|none\n|-heal|p1b: Archaludon|97\/100|[from] Grassy Terrain\n|-heal|p2a: Grimmsnarl|24\/100|[from] Grassy Terrain\n|-heal|p2b: Giratina|98\/100|[from] Grassy Terrain\n|-heal|p2b: Giratina|100\/100|[from] item: Leftovers\n|-fieldend|move: Grassy Terrain\n|upkeep\n|turn|6\n|inactive|Krisuerte has 30 seconds left.\n|inactive|Krisuerte has 20 seconds left.\n|inactive|Krisuerte has 15 seconds left.\n|l| IcicleStorm13\n|j| bluestraggler01\n|j| Conquistatore\n|inactive|Krisuerte has 10 seconds left.\n|\n|t:|1720803895\n|cant|p1a: Tornadus|par\n|move|p2a: Grimmsnarl|Thunder Wave|p1b: Archaludon\n|-status|p1b: Archaludon|par\n|cant|p1b: Archaludon|par\n|move|p2b: Giratina|Hex|p1a: Tornadus\n|-damage|p1a: Tornadus|0 fnt\n|faint|p1a: Tornadus\n|\n|upkeep\n|\n|t:|1720803907\n|switch|p1a: Landorus|Landorus, L50, M|35\/100\n|turn|7\n|j| Millamojake\n|inactive|La voz favorita has 30 seconds left.\n|inactive|La voz favorita has 20 seconds left.\n|inactive|La voz favorita has 15 seconds left.\n|inactive|La voz favorita has 10 seconds left.\n|\n|t:|1720803954\n|move|p1a: Landorus|Sludge Bomb|p2a: Grimmsnarl\n|-supereffective|p2a: Grimmsnarl\n|-damage|p2a: Grimmsnarl|0 fnt\n|faint|p2a: Grimmsnarl\n|move|p1b: Archaludon|Snarl|p2b: Giratina\n|-supereffective|p2b: Giratina\n|-damage|p2b: Giratina|93\/100\n|-unboost|p2b: Giratina|spa|1\n|move|p2b: Giratina|Hex|p1b: Archaludon\n|-damage|p1b: Archaludon|33\/100 par\n|-ability|p1b: Archaludon|Stamina|boost\n|-boost|p1b: Archaludon|def|1\n|\n|-heal|p2b: Giratina|99\/100|[from] item: Leftovers\n|-sideend|p1: Krisuerte|move: Tailwind\n|upkeep\n|\n|t:|1720803969\n|switch|p2a: Urshifu|Urshifu-Rapid-Strike, L50, F|100\/100\n|turn|8\n|\n|t:|1720803984\n|switch|p1a: Kyogre|Kyogre, L50, tera:Ghost|74\/100\n|-weather|RainDance|[from] ability: Drizzle|[of] p1a: Kyogre\n|move|p2a: Urshifu|Aqua Jet|p1a: Kyogre\n|-damage|p1a: Kyogre|38\/100\n|move|p2b: Giratina|Hex|p1b: Archaludon\n|-damage|p1b: Archaludon|0 fnt\n|faint|p1b: Archaludon\n|\n|-weather|RainDance|[upkeep]\n|-heal|p2b: Giratina|100\/100|[from] item: Leftovers\n|-sideend|p2: La voz favorita|move: Light Screen\n|upkeep\n|\n|t:|1720803998\n|switch|p1b: Landorus|Landorus, L50, M|35\/100\n|turn|9\n|c|\u2606La voz favorita|so many people here\n|\n|t:|1720804022\n|-terastallize|p2a: Urshifu|Water\n|move|p2a: Urshifu|Aqua Jet|p1a: Kyogre\n|-damage|p1a: Kyogre|0 fnt\n|faint|p1a: Kyogre\n|move|p1b: Landorus|Sandsear Storm|p2b: Giratina|[spread] p2a,p2b\n|-damage|p2a: Urshifu|38\/100\n|-damage|p2b: Giratina|87\/100\n|move|p2b: Giratina|Dragon Pulse|p1b: Landorus\n|-damage|p1b: Landorus|0 fnt\n|faint|p1b: Landorus\n|\n|win|La voz favorita\n|raw|Krisuerte's rating: 1791 &rarr; <strong>1769<\/strong><br \/>(-22 for losing)\n|raw|La voz favorita's rating: 1755 &rarr; <strong>1777<\/strong><br \/>(+22 for winning)\n|c|\u2606La voz favorita|gg wp\n|l| Therazer456\n|l|\u2606Krisuerte\n|player|p1|\n|l|\u2606La voz favorita\n|player|p2|\n|l| Millamojake\n|l| bluestraggler01\n","uploadtime":1720804231,"views":65,"formatid":"gen9vgc2024regg","rating":1769,"private":0,"password":null}