{"id":"gen9vgc2024regg-2159870021","format":"[Gen 9] VGC 2024 Reg G","players":["Chunk_dirty7","SOLOLUMINEONING"],"log":"|j|\u2606Chunk_dirty7\n|j|\u2606SOLOLUMINEONING\n|t:|1720817697\n|gametype|doubles\n|player|p1|Chunk_dirty7|ingo|1754\n|player|p2|SOLOLUMINEONING|magmasuit|1730\n|teamsize|p1|6\n|teamsize|p2|6\n|gen|9\n|tier|[Gen 9] VGC 2024 Reg G\n|rated|\n|rule|Species Clause: Limit one of each Pok\u00e9mon\n|rule|Item Clause: Limit one of each item\n|clearpoke\n|poke|p1|Groudon, L50|\n|poke|p1|Walking Wake, L50|\n|poke|p1|Ursaluna-Bloodmoon, L50, M|\n|poke|p1|Farigiraf, L50, F|\n|poke|p1|Brute Bonnet, L50|\n|poke|p1|Charizard, L50, M|\n|poke|p2|Kyogre, L50|\n|poke|p2|Overqwil, L50, M|\n|poke|p2|Landorus, L50, M|\n|poke|p2|Ditto, L50|\n|poke|p2|Tsareena, L50, F|\n|poke|p2|Tornadus, L50, M|\n|teampreview|4\n|inactive|Battle timer is ON: inactive players will automatically lose when time's up. (requested by SOLOLUMINEONING)\n|inactive|Chunk_dirty7 has 60 seconds left.\n|inactive|SOLOLUMINEONING has 60 seconds left.\n|inactive|Chunk_dirty7 has 30 seconds left.\n|inactive|SOLOLUMINEONING has 30 seconds left.\n|\n|t:|1720817766\n|start\n|switch|p1a: Brute Bonnet|Brute Bonnet, L50|100\/100\n|switch|p1b: Farigiraf|Farigiraf, L50, F, shiny|100\/100\n|switch|p2a: Kyogre|Kyogre, L50, shiny|100\/100\n|switch|p2b: Tornadus|Tornadus, L50, M|100\/100\n|-weather|RainDance|[from] ability: Drizzle|[of] p2a: Kyogre\n|turn|1\n|inactive|Chunk_dirty7 has 30 seconds left.\n|j| chuanOVO\n|inactive|Chunk_dirty7 has 20 seconds left.\n|inactive|Chunk_dirty7 has 15 seconds left.\n|inactive|Chunk_dirty7 has 10 seconds left.\n|\n|t:|1720817812\n|switch|p1b: Groudon|Groudon, L50|100\/100\n|-weather|SunnyDay|[from] ability: Drought|[of] p1b: Groudon\n|-activate|p1a: Brute Bonnet|ability: Protosynthesis\n|-start|p1a: Brute Bonnet|protosynthesisatk\n|-terastallize|p2a: Kyogre|Grass\n|move|p2b: Tornadus|Rain Dance|p2b: Tornadus\n|-weather|RainDance\n|-end|p1a: Brute Bonnet|Protosynthesis\n|move|p1a: Brute Bonnet|Sucker Punch|p2a: Kyogre\n|-damage|p2a: Kyogre|64\/100\n|move|p2a: Kyogre|Water Spout|p1a: Brute Bonnet|[spread] p1a,p1b\n|-resisted|p1a: Brute Bonnet\n|-supereffective|p1b: Groudon\n|-damage|p1a: Brute Bonnet|71\/100\n|-damage|p1b: Groudon|0 fnt\n|faint|p1b: Groudon\n|\n|-weather|RainDance|[upkeep]\n|upkeep\n|\n|t:|1720817833\n|switch|p1b: Farigiraf|Farigiraf, L50, F, shiny|100\/100\n|turn|2\n|\n|t:|1720817839\n|move|p1a: Brute Bonnet|Sucker Punch|p2a: Kyogre\n|-damage|p2a: Kyogre|27\/100\n|move|p2a: Kyogre|Hydro Pump|p1b: Farigiraf|[miss]\n|-miss|p2a: Kyogre|p1b: Farigiraf\n|move|p2b: Tornadus|Hurricane|p1a: Brute Bonnet\n|-supereffective|p1a: Brute Bonnet\n|-damage|p1a: Brute Bonnet|5\/100\n|move|p1b: Farigiraf|Trick Room|p1b: Farigiraf\n|-fieldstart|move: Trick Room|[of] p1b: Farigiraf\n|\n|-weather|RainDance|[upkeep]\n|upkeep\n|turn|3\n|\n|t:|1720817859\n|switch|p2a: Ditto|Ditto, L50|100\/100\n|-transform|p2a: Ditto|p1b: Farigiraf|[from] ability: Imposter\n|move|p1b: Farigiraf|Calm Mind|p1b: Farigiraf\n|-boost|p1b: Farigiraf|spa|1\n|-boost|p1b: Farigiraf|spd|1\n|move|p1a: Brute Bonnet|Spore|p2b: Tornadus\n|-status|p2b: Tornadus|slp|[from] move: Spore\n|cant|p2b: Tornadus|slp\n|\n|-weather|RainDance|[upkeep]\n|upkeep\n|turn|4\n|inactive|Chunk_dirty7 has 30 seconds left.\n|inactive|SOLOLUMINEONING has 30 seconds left.\n|inactive|Chunk_dirty7 has 20 seconds left.\n|inactive|SOLOLUMINEONING has 20 seconds left.\n|inactive|SOLOLUMINEONING has 15 seconds left.\n|\n|t:|1720817904\n|switch|p2b: Landorus|Landorus, L50, M|100\/100\n|move|p1b: Farigiraf|Hyper Voice|p2b: Landorus|[spread] p2a,p2b\n|-damage|p2a: Ditto|44\/100\n|-damage|p2b: Landorus|48\/100\n|move|p1a: Brute Bonnet|Spore|p2a: Ditto\n|-activate|p2a: Ditto|item: Safety Goggles|Spore\n|move|p2a: Ditto|Trick Room|p2a: Ditto\n|-fieldend|move: Trick Room\n|\n|-weather|RainDance|[upkeep]\n|upkeep\n|turn|5\n|inactive|Chunk_dirty7 has 30 seconds left.\n|\n|t:|1720817929\n|move|p1a: Brute Bonnet|Protect|p1a: Brute Bonnet\n|-singleturn|p1a: Brute Bonnet|Protect\n|move|p2b: Landorus|Earth Power|p1b: Farigiraf\n|-damage|p1b: Farigiraf|64\/100\n|move|p1b: Farigiraf|Hyper Voice|p2b: Landorus|[spread] p2a,p2b\n|-damage|p2a: Ditto|0 fnt\n|-damage|p2b: Landorus|0 fnt\n|faint|p2a: Ditto\n|faint|p2b: Landorus\n|\n|-weather|none\n|upkeep\n|\n|t:|1720817935\n|switch|p2b: Kyogre|Kyogre, L50, shiny, tera:Grass|27\/100\n|switch|p2a: Tornadus|Tornadus, L50, M|100\/100 slp\n|-weather|RainDance|[from] ability: Drizzle|[of] p2b: Kyogre\n|turn|6\n|\n|t:|1720817951\n|move|p2b: Kyogre|Protect|p2b: Kyogre\n|-singleturn|p2b: Kyogre|Protect\n|move|p1a: Brute Bonnet|Sucker Punch||[still]\n|-fail|p1a: Brute Bonnet\n|-curestatus|p2a: Tornadus|slp|[msg]\n|move|p2a: Tornadus|Hurricane|p1a: Brute Bonnet\n|-supereffective|p1a: Brute Bonnet\n|-damage|p1a: Brute Bonnet|0 fnt\n|faint|p1a: Brute Bonnet\n|-end|p1a: Brute Bonnet|Protosynthesis|[silent]\n|move|p1b: Farigiraf|Hyper Voice|p2a: Tornadus|[spread] p2a\n|-activate|p2b: Kyogre|move: Protect\n|-damage|p2a: Tornadus|52\/100\n|\n|-weather|RainDance|[upkeep]\n|upkeep\n|\n|t:|1720817964\n|switch|p1a: Ursaluna|Ursaluna-Bloodmoon, L50, M|100\/100\n|turn|7\n|\n|t:|1720817979\n|-terastallize|p1a: Ursaluna|Normal\n|move|p2b: Kyogre|Hydro Pump|p1b: Farigiraf\n|-damage|p1b: Farigiraf|0 fnt\n|faint|p1b: Farigiraf\n|move|p2a: Tornadus|Hurricane|p1a: Ursaluna\n|-damage|p1a: Ursaluna|45\/100\n|move|p1a: Ursaluna|Hyper Voice|p2a: Tornadus|[spread] p2a,p2b\n|-damage|p2a: Tornadus|0 fnt\n|-damage|p2b: Kyogre|0 fnt\n|faint|p2a: Tornadus\n|faint|p2b: Kyogre\n|-enditem|p1a: Ursaluna|Throat Spray\n|\n|win|Chunk_dirty7\n|raw|Chunk_dirty7's rating: 1754 &rarr; <strong>1773<\/strong><br \/>(+19 for winning)\n|raw|SOLOLUMINEONING's rating: 1730 &rarr; <strong>1711<\/strong><br \/>(-19 for losing)\n|l|\u2606SOLOLUMINEONING\n|player|p2|\n|c|\u2606Chunk_dirty7|yessss\n|l|\u2606Chunk_dirty7\n|player|p1|\n|l| chuanOVO\n","uploadtime":1720818145,"views":32,"formatid":"gen9vgc2024regg","rating":1711,"private":0,"password":null}