{"id":"gen9vgc2024regg-2159289677","format":"[Gen 9] VGC 2024 Reg G","players":["Happidoodledoo","Billy_HMD"],"log":"|j|\u2606Happidoodledoo\n|j|\u2606Billy_HMD\n|t:|1720732860\n|gametype|doubles\n|player|p1|Happidoodledoo|102|1668\n|player|p2|Billy_HMD|dawn|1702\n|teamsize|p1|6\n|teamsize|p2|6\n|gen|9\n|tier|[Gen 9] VGC 2024 Reg G\n|rated|\n|rule|Species Clause: Limit one of each Pok\u00e9mon\n|rule|Item Clause: Limit one of each item\n|clearpoke\n|poke|p1|Tornadus, L50, M|\n|poke|p1|Ogerpon-Cornerstone, L50, F|\n|poke|p1|Amoonguss, L50, M|\n|poke|p1|Terapagos, L50, M|\n|poke|p1|Chi-Yu, L50|\n|poke|p1|Flutter Mane, L50|\n|poke|p2|Zamazenta-*, L50|\n|poke|p2|Incineroar, L50, M|\n|poke|p2|Rillaboom, L50, F|\n|poke|p2|Thundurus, L50, M|\n|poke|p2|Chien-Pao, L50|\n|poke|p2|Ditto, L50|\n|teampreview|4\n|inactive|Battle timer is ON: inactive players will automatically lose when time's up. (requested by Billy_HMD)\n|inactive|Happidoodledoo has 60 seconds left.\n|inactive|Billy_HMD has 60 seconds left.\n|inactive|Happidoodledoo has 30 seconds left.\n|inactive|Happidoodledoo has 20 seconds left.\n|\n|t:|1720732933\n|start\n|switch|p1a: Ogerpon|Ogerpon-Cornerstone, L50, F|100\/100\n|switch|p1b: Chi-Yu|Chi-Yu, L50|100\/100\n|switch|p2a: Thundurus|Thundurus, L50, M|100\/100\n|switch|p2b: Zamazenta|Zamazenta-Crowned, L50|100\/100\n|-ability|p1b: Chi-Yu|Beads of Ruin\n|-ability|p2b: Zamazenta|Dauntless Shield|boost\n|-boost|p2b: Zamazenta|def|1\n|turn|1\n|inactive|Billy_HMD has 30 seconds left.\n|inactive|Billy_HMD has 20 seconds left.\n|inactive|Billy_HMD has 15 seconds left.\n|\n|t:|1720732977\n|-terastallize|p2b: Zamazenta|Water\n|move|p2a: Thundurus|Thunder Wave|p1a: Ogerpon\n|-status|p1a: Ogerpon|par\n|move|p1b: Chi-Yu|Overheat|p2b: Zamazenta\n|-resisted|p2b: Zamazenta\n|-damage|p2b: Zamazenta|70\/100\n|-unboost|p1b: Chi-Yu|spa|2\n|move|p2b: Zamazenta|Body Press|p1a: Ogerpon\n|-supereffective|p1a: Ogerpon\n|-ability|p1a: Ogerpon|Sturdy\n|-damage|p1a: Ogerpon|1\/100 par\n|move|p1a: Ogerpon|Ivy Cudgel|p2a: Thundurus|[anim] Ivy Cudgel Rock\n|-supereffective|p2a: Thundurus\n|-damage|p2a: Thundurus|0 fnt\n|faint|p2a: Thundurus\n|\n|upkeep\n|inactive|Billy_HMD has 30 seconds left.\n|inactive|Billy_HMD has 20 seconds left.\n|inactive|Billy_HMD has 15 seconds left.\n|\n|t:|1720733019\n|switch|p2a: Rillaboom|Rillaboom, L50, F|100\/100\n|-fieldstart|move: Grassy Terrain|[from] ability: Grassy Surge|[of] p2a: Rillaboom\n|turn|2\n|j| JOEYISAMAZING\n|\n|t:|1720733037\n|switch|p1b: Amoonguss|Amoonguss, L50, M|100\/100\n|move|p1a: Ogerpon|Spiky Shield|p1a: Ogerpon\n|-singleturn|p1a: Ogerpon|move: Protect\n|move|p2b: Zamazenta|Body Press|p1b: Amoonguss\n|-resisted|p1b: Amoonguss\n|-damage|p1b: Amoonguss|70\/100\n|-damage|p2b: Zamazenta|54\/100|[from] item: Rocky Helmet|[of] p1b: Amoonguss\n|move|p2a: Rillaboom|U-turn|p1b: Amoonguss\n|-damage|p1b: Amoonguss|49\/100\n|-damage|p2a: Rillaboom|84\/100|[from] item: Rocky Helmet|[of] p1b: Amoonguss\n|\n|t:|1720733047\n|switch|p2a: Chien-Pao|Chien-Pao, L50|100\/100|[from] U-turn\n|-ability|p2a: Chien-Pao|Sword of Ruin\n|\n|-heal|p2b: Zamazenta|60\/100|[from] Grassy Terrain\n|-heal|p1a: Ogerpon|7\/100 par|[from] Grassy Terrain\n|-heal|p1b: Amoonguss|55\/100|[from] Grassy Terrain\n|upkeep\n|turn|3\n|inactive|Happidoodledoo has 30 seconds left.\n|inactive|Billy_HMD has 30 seconds left.\n|\n|t:|1720733075\n|move|p1a: Ogerpon|Follow Me|p1a: Ogerpon\n|-singleturn|p1a: Ogerpon|move: Follow Me\n|move|p2a: Chien-Pao|Icicle Crash|p1a: Ogerpon\n|-supereffective|p1a: Ogerpon\n|-damage|p1a: Ogerpon|0 fnt\n|faint|p1a: Ogerpon\n|move|p2b: Zamazenta|Body Press|p1b: Amoonguss\n|-resisted|p1b: Amoonguss\n|-damage|p1b: Amoonguss|8\/100\n|-damage|p2b: Zamazenta|43\/100|[from] item: Rocky Helmet|[of] p1b: Amoonguss\n|move|p1b: Amoonguss|Spore|p2a: Chien-Pao\n|-status|p2a: Chien-Pao|slp|[from] move: Spore\n|\n|-heal|p2b: Zamazenta|49\/100|[from] Grassy Terrain\n|-heal|p1b: Amoonguss|14\/100|[from] Grassy Terrain\n|upkeep\n|inactive|Happidoodledoo has 30 seconds left.\n|inactive|Happidoodledoo has 20 seconds left.\n|inactive|Happidoodledoo has 15 seconds left.\n|\n|t:|1720733118\n|switch|p1a: Terapagos|Terapagos, L50, M|100\/100\n|-activate|p1a: Terapagos|ability: Tera Shift\n|detailschange|p1a: Terapagos|Terapagos-Terastal, L50, M\n|-heal|p1a: Terapagos|100\/100|[silent]\n|turn|4\n|inactive|Happidoodledoo has 30 seconds left.\n|\n|t:|1720733143\n|-terastallize|p1a: Terapagos|Stellar\n|detailschange|p1a: Terapagos|Terapagos-Stellar, L50, M, tera:Stellar\n|-heal|p1a: Terapagos|100\/100|[silent]\n|-ability|p1a: Terapagos|Teraform Zero\n|-fieldend|move: Grassy Terrain\n|move|p2b: Zamazenta|Protect|p2b: Zamazenta\n|-singleturn|p2b: Zamazenta|Protect\n|cant|p2a: Chien-Pao|slp\n|move|p1a: Terapagos|Tera Starstorm|p2a: Chien-Pao|[spread] p2a\n|-activate|p2b: Zamazenta|move: Protect\n|-enditem|p2a: Chien-Pao|Focus Sash\n|-damage|p2a: Chien-Pao|1\/100 slp\n|move|p1b: Amoonguss|Spore|p2b: Zamazenta\n|-activate|p2b: Zamazenta|move: Protect\n|\n|upkeep\n|turn|5\n|\n|t:|1720733166\n|switch|p2b: Rillaboom|Rillaboom, L50, F|84\/100\n|-fieldstart|move: Grassy Terrain|[from] ability: Grassy Surge|[of] p2b: Rillaboom\n|cant|p2a: Chien-Pao|slp\n|move|p1a: Terapagos|Tera Starstorm|p2b: Rillaboom|[spread] p2a,p2b\n|-damage|p2a: Chien-Pao|0 fnt\n|-damage|p2b: Rillaboom|43\/100\n|faint|p2a: Chien-Pao\n|move|p1b: Amoonguss|Spore|p2b: Rillaboom\n|-immune|p2b: Rillaboom\n|\n|-heal|p2b: Rillaboom|48\/100|[from] Grassy Terrain\n|-heal|p1b: Amoonguss|20\/100|[from] Grassy Terrain\n|upkeep\n|\n|t:|1720733173\n|switch|p2a: Zamazenta|Zamazenta-Crowned, L50, tera:Water|49\/100\n|turn|6\n|inactive|Billy_HMD has 30 seconds left.\n|inactive|Billy_HMD has 20 seconds left.\n|\n|t:|1720733209\n|move|p1b: Amoonguss|Protect|p1b: Amoonguss\n|-singleturn|p1b: Amoonguss|Protect\n|move|p2b: Rillaboom|Fake Out|p1b: Amoonguss\n|-activate|p1b: Amoonguss|move: Protect\n|move|p2a: Zamazenta|Body Press|p1a: Terapagos\n|-supereffective|p1a: Terapagos\n|-damage|p1a: Terapagos|28\/100\n|move|p1a: Terapagos|Tera Starstorm|p2a: Zamazenta|[spread] p2a,p2b\n|-supereffective|p2a: Zamazenta\n|-damage|p2a: Zamazenta|0 fnt\n|-damage|p2b: Rillaboom|8\/100\n|faint|p2a: Zamazenta\n|\n|-heal|p1a: Terapagos|34\/100|[from] Grassy Terrain\n|-heal|p2b: Rillaboom|14\/100|[from] Grassy Terrain\n|-heal|p1b: Amoonguss|25\/100|[from] Grassy Terrain\n|upkeep\n|turn|7\n|-message|Billy_HMD forfeited.\n|\n|win|Happidoodledoo\n|raw|Happidoodledoo's rating: 1668 &rarr; <strong>1690<\/strong><br \/>(+22 for winning)\n|raw|Billy_HMD's rating: 1702 &rarr; <strong>1680<\/strong><br \/>(-22 for losing)\n|l|\u2606Billy_HMD\n|player|p2|\n|l|\u2606Happidoodledoo\n|player|p1|\n|l| JOEYISAMAZING\n","uploadtime":1720733450,"views":9,"formatid":"gen9vgc2024regg","rating":1680,"private":0,"password":null}