{"id":"gen9vgc2024regg-2159757904","format":"[Gen 9] VGC 2024 Reg G","players":["Krisuerte","SOLOLUMINEONING"],"log":"|j|\u2606Krisuerte\n|j|\u2606SOLOLUMINEONING\n|t:|1720804659\n|gametype|doubles\n|player|p1|Krisuerte|265|1758\n|player|p2|SOLOLUMINEONING|magmasuit|1778\n|teamsize|p1|6\n|teamsize|p2|6\n|gen|9\n|tier|[Gen 9] VGC 2024 Reg G\n|rated|\n|rule|Species Clause: Limit one of each Pok\u00e9mon\n|rule|Item Clause: Limit one of each item\n|clearpoke\n|poke|p1|Sinistcha-Masterpiece, L50|\n|poke|p1|Kyogre, L50|\n|poke|p1|Tornadus, L50, M|\n|poke|p1|Urshifu-*, L50, M|\n|poke|p1|Archaludon, L50, M|\n|poke|p1|Landorus, L50, M|\n|poke|p2|Kyogre, L50|\n|poke|p2|Overqwil, L50, F|\n|poke|p2|Landorus, L50, M|\n|poke|p2|Ditto, L50|\n|poke|p2|Tsareena, L50, F|\n|poke|p2|Tornadus, L50, M|\n|teampreview|4\n|inactive|Battle timer is ON: inactive players will automatically lose when time's up. (requested by SOLOLUMINEONING)\n|j| flatziswashed\n|j| bluestraggler01\n|inactive|SOLOLUMINEONING has 60 seconds left.\n|\n|t:|1720804714\n|start\n|switch|p1a: Kyogre|Kyogre, L50|100\/100\n|switch|p1b: Archaludon|Archaludon, L50, M|100\/100\n|switch|p2a: Kyogre|Kyogre, L50, shiny|100\/100\n|switch|p2b: Tornadus|Tornadus, L50, M|100\/100\n|-weather|RainDance|[from] ability: Drizzle|[of] p2a: Kyogre\n|turn|1\n|\n|t:|1720804733\n|-terastallize|p2a: Kyogre|Grass\n|move|p2b: Tornadus|Tailwind|p2b: Tornadus\n|-sidestart|p2: SOLOLUMINEONING|move: Tailwind\n|move|p2a: Kyogre|Water Spout|p1b: Archaludon|[spread] p1a,p1b\n|-resisted|p1a: Kyogre\n|-resisted|p1b: Archaludon\n|-damage|p1a: Kyogre|65\/100\n|-damage|p1b: Archaludon|51\/100\n|-ability|p1b: Archaludon|Stamina|boost\n|-boost|p1b: Archaludon|def|1\n|move|p1a: Kyogre|Ice Beam|p2a: Kyogre\n|-supereffective|p2a: Kyogre\n|-damage|p2a: Kyogre|14\/100\n|-status|p2a: Kyogre|frz\n|move|p1b: Archaludon|Electro Shot||[still]\n|-prepare|p1b: Archaludon|Electro Shot\n|-boost|p1b: Archaludon|spa|1\n|-anim|p1b: Archaludon|Electro Shot|p2a: Kyogre\n|-resisted|p2a: Kyogre\n|-damage|p2a: Kyogre|0 fnt\n|faint|p2a: Kyogre\n|\n|-weather|RainDance|[upkeep]\n|upkeep\n|\n|t:|1720804746\n|switch|p2a: Landorus|Landorus, L50, M|100\/100\n|turn|2\n|c| flatziswashed|yeeeeooooo\n|\n|t:|1720804770\n|switch|p1b: Sinistcha|Sinistcha-Masterpiece, L50|100\/100\n|-heal|p1a: Kyogre|89\/100|[from] ability: Hospitality|[of] p1b: Sinistcha\n|move|p2a: Landorus|Sandsear Storm|p1b: Sinistcha|[spread] p1a,p1b\n|-resisted|p1b: Sinistcha\n|-damage|p1a: Kyogre|57\/100\n|-damage|p1b: Sinistcha|78\/100\n|move|p2b: Tornadus|Hurricane|p1a: Kyogre\n|-damage|p1a: Kyogre|26\/100\n|-start|p1a: Kyogre|confusion\n|-activate|p1a: Kyogre|confusion\n|move|p1a: Kyogre|Ice Beam|p2a: Landorus\n|-supereffective|p2a: Landorus\n|-damage|p2a: Landorus|0 fnt\n|faint|p2a: Landorus\n|\n|-weather|RainDance|[upkeep]\n|upkeep\n|l| bluestraggler01\n|\n|t:|1720804775\n|switch|p2a: Ditto|Ditto, L50|100\/100\n|-transform|p2a: Ditto|p1b: Sinistcha|[from] ability: Imposter\n|turn|3\n|\n|t:|1720804800\n|switch|p1b: Archaludon|Archaludon, L50, M|51\/100\n|move|p2b: Tornadus|Hurricane|p1b: Archaludon\n|-resisted|p1b: Archaludon\n|-damage|p1b: Archaludon|33\/100\n|-ability|p1b: Archaludon|Stamina|boost\n|-boost|p1b: Archaludon|def|1\n|move|p2a: Ditto|Matcha Gotcha|p1a: Kyogre|[spread] p1a,p1b\n|-supereffective|p1a: Kyogre\n|-resisted|p1b: Archaludon\n|-damage|p1a: Kyogre|0 fnt\n|-damage|p1b: Archaludon|28\/100\n|-ability|p1b: Archaludon|Stamina|boost\n|-boost|p1b: Archaludon|def|1\n|faint|p1a: Kyogre\n|\n|-weather|RainDance|[upkeep]\n|upkeep\n|inactive|Krisuerte has 30 seconds left.\n|\n|t:|1720804826\n|switch|p1a: Sinistcha|Sinistcha-Masterpiece, L50|78\/100\n|-heal|p1b: Archaludon|53\/100|[from] ability: Hospitality|[of] p1a: Sinistcha\n|turn|4\n|j| bluestraggler01\n|\n|t:|1720804841\n|move|p2a: Ditto|Rage Powder|p2a: Ditto\n|-singleturn|p2a: Ditto|move: Rage Powder\n|move|p2b: Tornadus|Hurricane|p1a: Sinistcha\n|-supereffective|p1a: Sinistcha\n|-damage|p1a: Sinistcha|0 fnt\n|faint|p1a: Sinistcha\n|move|p1b: Archaludon|Electro Shot||[still]\n|-prepare|p1b: Archaludon|Electro Shot\n|-boost|p1b: Archaludon|spa|1\n|-anim|p1b: Archaludon|Electro Shot|p2a: Ditto\n|-resisted|p2a: Ditto\n|-damage|p2a: Ditto|63\/100\n|\n|-weather|RainDance|[upkeep]\n|-sideend|p2: SOLOLUMINEONING|move: Tailwind\n|upkeep\n|\n|t:|1720804855\n|switch|p1a: Tornadus|Tornadus, L50, M|100\/100\n|turn|5\n|\n|t:|1720804880\n|move|p2a: Ditto|Rage Powder|p2a: Ditto\n|-singleturn|p2a: Ditto|move: Rage Powder\n|move|p2b: Tornadus|Hurricane|p1a: Tornadus\n|-damage|p1a: Tornadus|53\/100\n|move|p1a: Tornadus|Bleakwind Storm|p2b: Tornadus|[spread] p2a,p2b\n|-supereffective|p2a: Ditto\n|-damage|p2a: Ditto|0 fnt\n|-damage|p2b: Tornadus|60\/100\n|faint|p2a: Ditto\n|move|p1b: Archaludon|Electro Shot||[still]\n|-prepare|p1b: Archaludon|Electro Shot\n|-boost|p1b: Archaludon|spa|1\n|-anim|p1b: Archaludon|Electro Shot|p2b: Tornadus\n|-supereffective|p2b: Tornadus\n|-damage|p2b: Tornadus|0 fnt\n|faint|p2b: Tornadus\n|\n|win|Krisuerte\n|raw|Krisuerte's rating: 1758 &rarr; <strong>1779<\/strong><br \/>(+21 for winning)\n|raw|SOLOLUMINEONING's rating: 1778 &rarr; <strong>1757<\/strong><br \/>(-21 for losing)\n|l|\u2606Krisuerte\n|player|p1|\n|l| flatziswashed\n|l| bluestraggler01\n","uploadtime":1720805064,"views":49,"formatid":"gen9vgc2024regg","rating":1757,"private":0,"password":null}