{"id":"gen9vgc2024regg-2159306262","format":"[Gen 9] VGC 2024 Reg G","players":["Jace196","Paradox Mourinho"],"log":"|j|\u2606Jace196\n|j|\u203dParadox Mourinho\n|t:|1720734852\n|gametype|doubles\n|player|p1|Jace196|palmer|1709\n|player|p2|Paradox Mourinho|lance|1774\n|teamsize|p1|6\n|teamsize|p2|6\n|gen|9\n|tier|[Gen 9] VGC 2024 Reg G\n|rated|\n|rule|Species Clause: Limit one of each Pok\u00e9mon\n|rule|Item Clause: Limit one of each item\n|clearpoke\n|poke|p1|Miraidon, L50|\n|poke|p1|Incineroar, L50, M|\n|poke|p1|Grimmsnarl, L50, M|\n|poke|p1|Iron Hands, L50|\n|poke|p1|Pelipper, L50, F|\n|poke|p1|Wo-Chien, L50|\n|poke|p2|Kingambit, L50, F|\n|poke|p2|Tornadus, L50, M|\n|poke|p2|Landorus, L50, M|\n|poke|p2|Scream Tail, L50|\n|poke|p2|Urshifu-*, L50, M|\n|poke|p2|Eternatus, L50|\n|teampreview|4\n|\n|t:|1720734884\n|start\n|switch|p1a: Grimmsnarl|Grimmsnarl, L50, M|100\/100\n|switch|p1b: Iron Hands|Iron Hands, L50|100\/100\n|switch|p2a: Eternatus|Eternatus, L50|100\/100\n|switch|p2b: Landorus|Landorus, L50, M|100\/100\n|-ability|p2a: Eternatus|Pressure\n|turn|1\n|\n|t:|1720734902\n|move|p1b: Iron Hands|Fake Out|p2b: Landorus\n|-crit|p2b: Landorus\n|-damage|p2b: Landorus|73\/100\n|move|p1a: Grimmsnarl|Light Screen|p1a: Grimmsnarl\n|-sidestart|p1: Jace196|move: Light Screen\n|move|p2a: Eternatus|Meteor Beam||[still]\n|-prepare|p2a: Eternatus|Meteor Beam\n|-boost|p2a: Eternatus|spa|1\n|-enditem|p2a: Eternatus|Power Herb\n|-anim|p2a: Eternatus|Meteor Beam|p1a: Grimmsnarl\n|-damage|p1a: Grimmsnarl|58\/100\n|cant|p2b: Landorus|flinch\n|\n|upkeep\n|turn|2\n|\n|t:|1720734933\n|move|p1a: Grimmsnarl|Thunder Wave|p2a: Eternatus\n|-status|p2a: Eternatus|par\n|move|p2b: Landorus|Sandsear Storm|p1b: Iron Hands|[spread] p1a,p1b\n|-supereffective|p1b: Iron Hands\n|-damage|p1a: Grimmsnarl|25\/100\n|-damage|p1b: Iron Hands|59\/100\n|move|p2a: Eternatus|Sludge Bomb|p1a: Grimmsnarl\n|-supereffective|p1a: Grimmsnarl\n|-damage|p1a: Grimmsnarl|0 fnt\n|faint|p1a: Grimmsnarl\n|move|p1b: Iron Hands|Heavy Slam|p2b: Landorus\n|-damage|p2b: Landorus|22\/100\n|\n|upkeep\n|\n|t:|1720734949\n|switch|p1a: Miraidon|Miraidon, L50|100\/100\n|-fieldstart|move: Electric Terrain|[from] ability: Hadron Engine|[of] p1a: Miraidon\n|-enditem|p1a: Miraidon|Electric Seed\n|-boost|p1a: Miraidon|def|1|[from] item: Electric Seed\n|-activate|p1b: Iron Hands|ability: Quark Drive\n|-start|p1b: Iron Hands|quarkdriveatk\n|turn|3\n|\n|t:|1720734969\n|-end|p1b: Iron Hands|Quark Drive|[silent]\n|switch|p1b: Incineroar|Incineroar, L50, M|100\/100\n|-ability|p1b: Incineroar|Intimidate|boost\n|-unboost|p2a: Eternatus|atk|1\n|-unboost|p2b: Landorus|atk|1\n|-terastallize|p1a: Miraidon|Electric\n|move|p2a: Eternatus|Protect|p2a: Eternatus\n|-singleturn|p2a: Eternatus|Protect\n|move|p1a: Miraidon|Calm Mind|p1a: Miraidon\n|-boost|p1a: Miraidon|spa|1\n|-boost|p1a: Miraidon|spd|1\n|move|p2b: Landorus|Earth Power|p1b: Incineroar\n|-supereffective|p1b: Incineroar\n|-damage|p1b: Incineroar|23\/100\n|-enditem|p1b: Incineroar|Sitrus Berry|[eat]\n|-heal|p1b: Incineroar|48\/100|[from] item: Sitrus Berry\n|\n|upkeep\n|turn|4\n|\n|t:|1720734991\n|switch|p2b: Tornadus|Tornadus, L50, M|100\/100\n|move|p1b: Incineroar|Fake Out|p2b: Tornadus\n|-damage|p2b: Tornadus|87\/100\n|move|p1a: Miraidon|Calm Mind|p1a: Miraidon\n|-boost|p1a: Miraidon|spa|1\n|-boost|p1a: Miraidon|spd|1\n|move|p2a: Eternatus|Dynamax Cannon|p1a: Miraidon\n|-damage|p1a: Miraidon|74\/100\n|\n|upkeep\n|turn|5\n|\n|t:|1720735009\n|move|p2b: Tornadus|Tailwind|p2b: Tornadus\n|-sidestart|p2: Paradox Mourinho|move: Tailwind\n|move|p1a: Miraidon|Parabolic Charge|p2a: Eternatus|[spread] p1b,p2a,p2b\n|-resisted|p2a: Eternatus\n|-supereffective|p2b: Tornadus\n|-damage|p1b: Incineroar|0 fnt\n|-heal|p1a: Miraidon|99\/100|[from] drain|[of] p1b: Incineroar\n|-damage|p2a: Eternatus|48\/100 par\n|-heal|p1a: Miraidon|100\/100|[from] drain|[of] p2a: Eternatus\n|-damage|p2b: Tornadus|0 fnt\n|faint|p1b: Incineroar\n|faint|p2b: Tornadus\n|cant|p2a: Eternatus|par\n|\n|upkeep\n|\n|t:|1720735023\n|switch|p2b: Scream Tail|Scream Tail, L50|100\/100\n|switch|p1b: Iron Hands|Iron Hands, L50|59\/100\n|-activate|p1b: Iron Hands|ability: Quark Drive\n|-start|p1b: Iron Hands|quarkdriveatk\n|-enditem|p2b: Scream Tail|Booster Energy\n|-activate|p2b: Scream Tail|ability: Protosynthesis|[fromitem]\n|-start|p2b: Scream Tail|protosynthesisspe\n|turn|6\n|\n|t:|1720735036\n|move|p2b: Scream Tail|Protect|p2b: Scream Tail\n|-singleturn|p2b: Scream Tail|Protect\n|move|p1a: Miraidon|Parabolic Charge|p2b: Scream Tail|[spread] p1b,p2a\n|-activate|p2b: Scream Tail|move: Protect\n|-resisted|p1b: Iron Hands\n|-crit|p1b: Iron Hands\n|-resisted|p2a: Eternatus\n|-damage|p1b: Iron Hands|10\/100\n|-damage|p2a: Eternatus|0 fnt\n|faint|p2a: Eternatus\n|move|p1b: Iron Hands|Heavy Slam|p2b: Scream Tail\n|-activate|p2b: Scream Tail|move: Protect\n|\n|upkeep\n|\n|t:|1720735042\n|switch|p2a: Landorus|Landorus, L50, M|22\/100\n|turn|7\n|\n|t:|1720735060\n|-terastallize|p2a: Landorus|Ground\n|move|p2b: Scream Tail|Encore|p1a: Miraidon\n|-start|p1a: Miraidon|Encore\n|move|p2a: Landorus|Sandsear Storm|p1b: Iron Hands|[spread] p1a,p1b\n|-supereffective|p1a: Miraidon\n|-supereffective|p1b: Iron Hands\n|-damage|p1a: Miraidon|55\/100\n|-damage|p1b: Iron Hands|0 fnt\n|faint|p1b: Iron Hands\n|-end|p1b: Iron Hands|Quark Drive|[silent]\n|move|p1a: Miraidon|Parabolic Charge|p2b: Scream Tail|[spread] p2b\n|-immune|p2a: Landorus\n|-damage|p2b: Scream Tail|11\/100\n|-heal|p1a: Miraidon|100\/100|[from] drain|[of] p2b: Scream Tail\n|\n|-fieldend|move: Electric Terrain\n|upkeep\n|turn|8\n|\n|t:|1720735070\n|move|p2b: Scream Tail|Protect|p2b: Scream Tail\n|-singleturn|p2b: Scream Tail|Protect\n|move|p2a: Landorus|Earth Power|p1a: Miraidon\n|-supereffective|p1a: Miraidon\n|-damage|p1a: Miraidon|46\/100\n|move|p1a: Miraidon|Parabolic Charge|p2a: Landorus|[spread] \n|-activate|p2b: Scream Tail|move: Protect\n|-immune|p2a: Landorus\n|\n|-sideend|p1: Jace196|move: Light Screen\n|-sideend|p2: Paradox Mourinho|move: Tailwind\n|upkeep\n|turn|9\n|\n|t:|1720735080\n|move|p2b: Scream Tail|Disable|p1a: Miraidon\n|-start|p1a: Miraidon|Disable|Parabolic Charge\n|cant|p1a: Miraidon|Disable|Parabolic Charge\n|move|p2a: Landorus|Earth Power|p1a: Miraidon\n|-supereffective|p1a: Miraidon\n|-damage|p1a: Miraidon|0 fnt\n|faint|p1a: Miraidon\n|\n|win|Paradox Mourinho\n|raw|Jace196's rating: 1709 &rarr; <strong>1693<\/strong><br \/>(-16 for losing)\n|raw|Paradox Mourinho's rating: 1774 &rarr; <strong>1790<\/strong><br \/>(+16 for winning)\n|l|\u2606Jace196\n|player|p1|\n|l|\u203dParadox Mourinho\n|player|p2|\n","uploadtime":1720735103,"views":55,"formatid":"gen9vgc2024regg","rating":1693,"private":0,"password":null}