{"id":"gen9vgc2024regg-2159745716","format":"[Gen 9] VGC 2024 Reg G","players":["Billy_HMD","La voz favorita"],"log":"|j|\u2606Billy_HMD\n|j|\u2606La voz favorita\n|t:|1720803269\n|gametype|doubles\n|player|p1|Billy_HMD|dawn|1799\n|player|p2|La voz favorita|steven|1774\n|teamsize|p1|6\n|teamsize|p2|6\n|gen|9\n|tier|[Gen 9] VGC 2024 Reg G\n|rated|\n|rule|Species Clause: Limit one of each Pok\u00e9mon\n|rule|Item Clause: Limit one of each item\n|clearpoke\n|poke|p1|Kyogre, L50|\n|poke|p1|Incineroar, L50, F|\n|poke|p1|Rillaboom, L50, M|\n|poke|p1|Grimmsnarl, L50, M|\n|poke|p1|Gholdengo, L50|\n|poke|p1|Zapdos, L50|\n|poke|p2|Giratina, L50|\n|poke|p2|Grimmsnarl, L50, M|\n|poke|p2|Glimmora, L50, F|\n|poke|p2|Incineroar, L50, F|\n|poke|p2|Rillaboom, L50, F|\n|poke|p2|Urshifu-*, L50, F|\n|teampreview|4\n|inactive|Battle timer is ON: inactive players will automatically lose when time's up. (requested by Billy_HMD)\nLa voz favorita has agreed to open team sheets.\n|inactive|Billy_HMD has 60 seconds left.\n|inactive|La voz favorita has 60 seconds left.\n|\n|t:|1720803320\n|start\n|switch|p1a: Rillaboom|Rillaboom, L50, M|100\/100\n|switch|p1b: Gholdengo|Gholdengo, L50|100\/100\n|switch|p2a: Grimmsnarl|Grimmsnarl, L50, M|100\/100\n|switch|p2b: Urshifu|Urshifu-Rapid-Strike, L50, F|100\/100\n|-fieldstart|move: Grassy Terrain|[from] ability: Grassy Surge|[of] p1a: Rillaboom\n|turn|1\n|inactive|Billy_HMD has 30 seconds left.\n|inactive|La voz favorita has 30 seconds left.\n|j| saltysundays\n|\n|t:|1720803353\n|switch|p2b: Giratina|Giratina, L50, shiny|100\/100\n|-ability|p2b: Giratina|Pressure\n|-terastallize|p2a: Grimmsnarl|Ghost\n|move|p2a: Grimmsnarl|Thunder Wave|p1a: Rillaboom\n|-status|p1a: Rillaboom|par\n|move|p1b: Gholdengo|Nasty Plot|p1b: Gholdengo\n|-boost|p1b: Gholdengo|spa|2\n|cant|p1a: Rillaboom|par\n|\n|upkeep\n|turn|2\n|inactive|Billy_HMD has 30 seconds left.\n|\n|t:|1720803385\n|-terastallize|p1b: Gholdengo|Normal\n|move|p2a: Grimmsnarl|Light Screen|p2a: Grimmsnarl\n|-sidestart|p2: La voz favorita|move: Light Screen\n|move|p1b: Gholdengo|Shadow Ball|p2b: Giratina\n|-supereffective|p2b: Giratina\n|-crit|p2b: Giratina\n|-damage|p2b: Giratina|0 fnt\n|faint|p2b: Giratina\n|move|p1a: Rillaboom|Wood Hammer|p2a: Grimmsnarl\n|-damage|p2a: Grimmsnarl|14\/100\n|-damage|p1a: Rillaboom|72\/100 par|[from] Recoil\n|\n|-heal|p2a: Grimmsnarl|20\/100|[from] Grassy Terrain\n|-heal|p1a: Rillaboom|78\/100 par|[from] Grassy Terrain\n|upkeep\n|\n|t:|1720803401\n|switch|p2b: Urshifu|Urshifu-Rapid-Strike, L50, F|100\/100\n|turn|3\n|inactive|Billy_HMD has 30 seconds left.\n|\n|t:|1720803426\n|move|p2a: Grimmsnarl|Reflect|p2a: Grimmsnarl\n|-sidestart|p2: La voz favorita|Reflect\n|move|p2b: Urshifu|Close Combat|p1b: Gholdengo\n|-supereffective|p1b: Gholdengo\n|-damage|p1b: Gholdengo|0 fnt\n|-unboost|p2b: Urshifu|def|1\n|-unboost|p2b: Urshifu|spd|1\n|faint|p1b: Gholdengo\n|move|p1a: Rillaboom|Wood Hammer|p2b: Urshifu\n|-supereffective|p2b: Urshifu\n|-damage|p2b: Urshifu|0 fnt\n|faint|p2b: Urshifu\n|-damage|p1a: Rillaboom|50\/100 par|[from] Recoil\n|\n|-heal|p2a: Grimmsnarl|26\/100|[from] Grassy Terrain\n|-heal|p1a: Rillaboom|55\/100 par|[from] Grassy Terrain\n|upkeep\n|\n|t:|1720803433\n|switch|p2b: Rillaboom|Rillaboom, L50, F|100\/100\n|switch|p1b: Kyogre|Kyogre, L50|100\/100\n|-weather|RainDance|[from] ability: Drizzle|[of] p1b: Kyogre\n|turn|4\n|inactive|Billy_HMD has 30 seconds left.\n|\n|t:|1720803471\n|switch|p1b: Incineroar|Incineroar, L50, F|100\/100\n|-ability|p1b: Incineroar|Intimidate|boost\n|-unboost|p2a: Grimmsnarl|atk|1\n|-unboost|p2b: Rillaboom|atk|1\n|move|p2a: Grimmsnarl|Thunder Wave|p1b: Incineroar\n|-hint|Since gen 7, Dark is immune to Prankster moves.\n|-immune|p1b: Incineroar\n|move|p1a: Rillaboom|Grassy Glide|p2a: Grimmsnarl\n|-damage|p2a: Grimmsnarl|0 fnt\n|faint|p2a: Grimmsnarl\n|move|p2b: Rillaboom|Wood Hammer|p1b: Incineroar\n|-resisted|p1b: Incineroar\n|-damage|p1b: Incineroar|81\/100\n|-damage|p2b: Rillaboom|94\/100|[from] Recoil\n|\n|-weather|RainDance|[upkeep]\n|-heal|p2b: Rillaboom|99\/100|[from] Grassy Terrain\n|-heal|p1b: Incineroar|87\/100|[from] Grassy Terrain\n|-heal|p1a: Rillaboom|61\/100 par|[from] Grassy Terrain\n|upkeep\n|turn|5\n|-message|La voz favorita forfeited.\n|\n|win|Billy_HMD\n|raw|Billy_HMD's rating: 1799 &rarr; <strong>1818<\/strong><br \/>(+19 for winning)\n|raw|La voz favorita's rating: 1774 &rarr; <strong>1755<\/strong><br \/>(-19 for losing)\n|l|\u2606La voz favorita\n|player|p2|\n|l|\u2606Billy_HMD\n|player|p1|\n|l| saltysundays\n","uploadtime":1720803676,"views":70,"formatid":"gen9vgc2024regg","rating":1755,"private":0,"password":null}