{"id":"gen9vgc2024regg-2159169697","format":"[Gen 9] VGC 2024 Reg G","players":["Krisuerte","SubToPenglin"],"log":"|j|\u2606Krisuerte\n|j|\u2606SubToPenglin\n|t:|1720719361\n|gametype|doubles\n|player|p1|Krisuerte|2|1889\n|player|p2|SubToPenglin|dawn-gen4pt|1685\n|teamsize|p1|6\n|teamsize|p2|6\n|gen|9\n|tier|[Gen 9] VGC 2024 Reg G\n|rated|\n|rule|Species Clause: Limit one of each Pok\u00e9mon\n|rule|Item Clause: Limit one of each item\n|clearpoke\n|poke|p1|Sinistcha-Masterpiece, L50|\n|poke|p1|Kyogre, L50|\n|poke|p1|Tornadus, L50, M|\n|poke|p1|Urshifu-*, L50, M|\n|poke|p1|Archaludon, L50, F|\n|poke|p1|Landorus, L50, M|\n|poke|p2|Comfey, L50, F|\n|poke|p2|Terapagos, L50, M|\n|poke|p2|Tornadus, L50, M|\n|poke|p2|Ogerpon-Cornerstone, L50, F|\n|poke|p2|Magmar, L50, M|\n|poke|p2|Tsareena, L50, F|\n|teampreview|4\n|inactive|Battle timer is ON: inactive players will automatically lose when time's up. (requested by SubToPenglin)\n|j| craaaaash\n|inactive|SubToPenglin has 60 seconds left.\n|j| asslowladderplayer\n|\n|t:|1720719408\n|start\n|switch|p1a: Tornadus|Tornadus, L50, M|100\/100\n|switch|p1b: Archaludon|Archaludon, L50, F|100\/100\n|switch|p2a: Terapagos|Terapagos, L50, M|100\/100\n|switch|p2b: Ogerpon|Ogerpon-Cornerstone, L50, F|100\/100\n|-activate|p2a: Terapagos|ability: Tera Shift\n|detailschange|p2a: Terapagos|Terapagos-Terastal, L50, M\n|-heal|p2a: Terapagos|100\/100|[silent]\n|turn|1\n|j| Therazer456\n|\n|t:|1720719427\n|move|p1a: Tornadus|Tailwind|p1a: Tornadus\n|-sidestart|p1: Krisuerte|move: Tailwind\n|move|p1b: Archaludon|Snarl|p2b: Ogerpon|[spread] p2a,p2b\n|-activate|p2a: Terapagos|ability: Tera Shell\n|-resisted|p2a: Terapagos\n|-damage|p2a: Terapagos|94\/100\n|-damage|p2b: Ogerpon|82\/100\n|-unboost|p2b: Ogerpon|spa|1\n|move|p2b: Ogerpon|Ivy Cudgel|p1a: Tornadus|[anim] Ivy Cudgel Rock\n|-supereffective|p1a: Tornadus\n|-damage|p1a: Tornadus|0 fnt\n|faint|p1a: Tornadus\n|move|p2a: Terapagos|Calm Mind|p2a: Terapagos\n|-boost|p2a: Terapagos|spa|1\n|-boost|p2a: Terapagos|spd|1\n|\n|upkeep\n|\n|t:|1720719443\n|switch|p1a: Kyogre|Kyogre, L50|100\/100\n|-weather|RainDance|[from] ability: Drizzle|[of] p1a: Kyogre\n|turn|2\n|\n|t:|1720719462\n|-terastallize|p2a: Terapagos|Stellar\n|detailschange|p2a: Terapagos|Terapagos-Stellar, L50, M, tera:Stellar\n|-heal|p2a: Terapagos|96\/100|[silent]\n|-ability|p2a: Terapagos|Teraform Zero\n|-weather|none\n|move|p1b: Archaludon|Body Press|p2a: Terapagos\n|-supereffective|p2a: Terapagos\n|-damage|p2a: Terapagos|68\/100\n|move|p1a: Kyogre|Water Spout|p2a: Terapagos|[spread] p2a,p2b\n|-damage|p2a: Terapagos|26\/100\n|-damage|p2b: Ogerpon|0 fnt\n|faint|p2b: Ogerpon\n|move|p2a: Terapagos|Tera Starstorm|p1b: Archaludon|[spread] p1a,p1b\n|-damage|p1a: Kyogre|63\/100\n|-damage|p1b: Archaludon|54\/100\n|-ability|p1b: Archaludon|Stamina|boost\n|-boost|p1b: Archaludon|def|1\n|\n|upkeep\n|\n|t:|1720719478\n|switch|p2b: Comfey|Comfey, L50, F, shiny|100\/100\n|turn|3\n|inactive|Krisuerte has 30 seconds left.\n|\n|t:|1720719507\n|move|p2b: Comfey|Protect|p2b: Comfey\n|-singleturn|p2b: Comfey|Protect\n|move|p2a: Terapagos|Protect|p2a: Terapagos\n|-singleturn|p2a: Terapagos|Protect\n|move|p1a: Kyogre|Water Spout|p2b: Comfey|[spread] \n|-activate|p2a: Terapagos|move: Protect\n|-activate|p2b: Comfey|move: Protect\n|move|p1b: Archaludon|Flash Cannon|p2b: Comfey\n|-activate|p2b: Comfey|move: Protect\n|\n|upkeep\n|turn|4\n|\n|t:|1720719523\n|move|p2b: Comfey|Floral Healing|p2a: Terapagos\n|-heal|p2a: Terapagos|76\/100\n|move|p1b: Archaludon|Body Press|p2a: Terapagos\n|-supereffective|p2a: Terapagos\n|-damage|p2a: Terapagos|36\/100\n|move|p1a: Kyogre|Water Spout|p2a: Terapagos|[spread] p2a,p2b\n|-crit|p2a: Terapagos\n|-damage|p2a: Terapagos|0 fnt\n|-damage|p2b: Comfey|36\/100\n|-enditem|p2b: Comfey|Sitrus Berry|[eat]\n|-heal|p2b: Comfey|60\/100|[from] item: Sitrus Berry\n|faint|p2a: Terapagos\n|\n|-sideend|p1: Krisuerte|move: Tailwind\n|upkeep\n|\n|t:|1720719543\n|switch|p2a: Tornadus|Tornadus, L50, M|100\/100\n|turn|5\n|\n|t:|1720719551\n|move|p2b: Comfey|Draining Kiss|p1a: Kyogre\n|-damage|p1a: Kyogre|50\/100\n|-heal|p2b: Comfey|73\/100|[from] drain|[of] p1a: Kyogre\n|move|p2a: Tornadus|Bleakwind Storm|p1b: Archaludon|[spread] p1a,p1b\n|-resisted|p1b: Archaludon\n|-damage|p1a: Kyogre|28\/100\n|-damage|p1b: Archaludon|41\/100\n|-unboost|p1a: Kyogre|spe|1\n|-unboost|p1b: Archaludon|spe|1\n|-ability|p1b: Archaludon|Stamina|boost\n|-boost|p1b: Archaludon|def|1\n|move|p1a: Kyogre|Water Spout|p2b: Comfey|[spread] p2a,p2b\n|-damage|p2a: Tornadus|66\/100\n|-damage|p2b: Comfey|44\/100\n|move|p1b: Archaludon|Flash Cannon|p2b: Comfey\n|-supereffective|p2b: Comfey\n|-damage|p2b: Comfey|0 fnt\n|faint|p2b: Comfey\n|\n|upkeep\n|turn|6\n|\n|t:|1720719575\n|move|p2a: Tornadus|Bleakwind Storm|p1a: Kyogre|[spread] \n|-miss|p2a: Tornadus|p1a: Kyogre\n|-miss|p2a: Tornadus|p1b: Archaludon\n|move|p1b: Archaludon|Flash Cannon|p2a: Tornadus\n|-damage|p2a: Tornadus|11\/100\n|move|p1a: Kyogre|Water Spout|p2a: Tornadus\n|-damage|p2a: Tornadus|0 fnt\n|faint|p2a: Tornadus\n|\n|win|Krisuerte\n|raw|Krisuerte's rating: 1889 &rarr; <strong>1898<\/strong><br \/>(+9 for winning)\n|raw|SubToPenglin's rating: 1685 &rarr; <strong>1676<\/strong><br \/>(-9 for losing)\n|l|\u2606Krisuerte\n|player|p1|\n|l|\u2606SubToPenglin\n|player|p2|\n|l| asslowladderplayer\n","uploadtime":1720719849,"views":8,"formatid":"gen9vgc2024regg","rating":1676,"private":0,"password":null}