{"id":"gen9vgc2024regg-2159799605","format":"[Gen 9] VGC 2024 Reg G","players":["GG=Groudon Gaming","SOLOLUMINEONING"],"log":"|j|\u2606GG=Groudon Gaming\n|j|\u2606SOLOLUMINEONING\n|t:|1720809443\n|gametype|doubles\n|player|p1|GG=Groudon Gaming|shelly|1666\n|player|p2|SOLOLUMINEONING|magmasuit|1785\n|teamsize|p1|6\n|teamsize|p2|6\n|gen|9\n|tier|[Gen 9] VGC 2024 Reg G\n|rated|\n|rule|Species Clause: Limit one of each Pok\u00e9mon\n|rule|Item Clause: Limit one of each item\n|clearpoke\n|poke|p1|Groudon, L50|\n|poke|p1|Chien-Pao, L50|\n|poke|p1|Rillaboom, L50, F|\n|poke|p1|Flutter Mane, L50|\n|poke|p1|Gouging Fire, L50|\n|poke|p1|Gastrodon-East, L50, F|\n|poke|p2|Kyogre, L50|\n|poke|p2|Overqwil, L50, M|\n|poke|p2|Landorus, L50, M|\n|poke|p2|Ditto, L50|\n|poke|p2|Tsareena, L50, F|\n|poke|p2|Tornadus, L50, M|\n|teampreview|4\n|inactive|Battle timer is ON: inactive players will automatically lose when time's up. (requested by SOLOLUMINEONING)\n|inactive|GG=Groudon Gaming also wants the timer to be on.\n|j| La voz favorita\n|j| Millamojake\n|inactive|SOLOLUMINEONING has 60 seconds left.\n|l| La voz favorita\n|inactive|SOLOLUMINEONING has 30 seconds left.\n|\n|t:|1720809510\n|start\n|switch|p1a: Gordon|Groudon, L50|100\/100\n|switch|p1b: Chien-Pao|Chien-Pao, L50|100\/100\n|switch|p2a: Tornadus|Tornadus, L50, M|100\/100\n|switch|p2b: Tsareena|Tsareena, L50, F, shiny|100\/100\n|-ability|p1b: Chien-Pao|Sword of Ruin\n|-weather|SunnyDay|[from] ability: Drought|[of] p1a: Gordon\n|turn|1\n|\n|t:|1720809528\n|move|p2b: Tsareena|Protect|p2b: Tsareena\n|-singleturn|p2b: Tsareena|Protect\n|move|p2a: Tornadus|Tailwind|p2a: Tornadus\n|-sidestart|p2: SOLOLUMINEONING|move: Tailwind\n|move|p1b: Chien-Pao|Icicle Crash|p2b: Tsareena\n|-activate|p2b: Tsareena|move: Protect\n|move|p1a: Gordon|Thunder Punch|p2a: Tornadus\n|-supereffective|p2a: Tornadus\n|-damage|p2a: Tornadus|26\/100\n|\n|-weather|SunnyDay|[upkeep]\n|upkeep\n|turn|2\n|inactive|GG=Groudon Gaming has 30 seconds left.\n|inactive|SOLOLUMINEONING has 30 seconds left.\n|inactive|GG=Groudon Gaming has 20 seconds left.\n|inactive|SOLOLUMINEONING has 20 seconds left.\n|inactive|SOLOLUMINEONING has 15 seconds left.\n|inactive|SOLOLUMINEONING has 10 seconds left.\n|\n|t:|1720809575\n|-terastallize|p2b: Tsareena|Ice\n|move|p2a: Tornadus|Rain Dance|p2a: Tornadus\n|-weather|RainDance\n|move|p2b: Tsareena|Triple Axel|p1a: Gordon\n|-supereffective|p1a: Gordon\n|-damage|p1a: Gordon|83\/100\n|-supereffective|p1a: Gordon\n|-damage|p1a: Gordon|43\/100\n|-supereffective|p1a: Gordon\n|-damage|p1a: Gordon|0 fnt\n|faint|p1a: Gordon\n|-hitcount|p1: Gordon|3\n|move|p1b: Chien-Pao|Icicle Crash|p2b: Tsareena\n|-resisted|p2b: Tsareena\n|-damage|p2b: Tsareena|65\/100\n|\n|-weather|RainDance|[upkeep]\n|upkeep\n|\n|t:|1720809587\n|switch|p1a: Gastrodon|Gastrodon-East, L50, F|100\/100\n|turn|3\n|\n|t:|1720809606\n|-terastallize|p1a: Gastrodon|Fire\n|move|p2b: Tsareena|Protect|p2b: Tsareena\n|-singleturn|p2b: Tsareena|Protect\n|move|p1b: Chien-Pao|Sucker Punch||[still]\n|cant|p2b: Tsareena|ability: Queenly Majesty|Sucker Punch|[of] p1b: Chien-Pao\n|move|p2a: Tornadus|Hurricane|p1b: Chien-Pao\n|-damage|p1b: Chien-Pao|27\/100\n|move|p1a: Gastrodon|Icy Wind|p2a: Tornadus|[spread] p2a\n|-activate|p2b: Tsareena|move: Protect\n|-supereffective|p2a: Tornadus\n|-damage|p2a: Tornadus|2\/100\n|\n|-weather|RainDance|[upkeep]\n|upkeep\n|turn|4\n|inactive|SOLOLUMINEONING has 30 seconds left.\n|inactive|SOLOLUMINEONING has 20 seconds left.\n|inactive|SOLOLUMINEONING has 15 seconds left.\n|inactive|SOLOLUMINEONING has 10 seconds left.\n|inactive|SOLOLUMINEONING has 5 seconds left.\n|\n|t:|1720809661\n|switch|p2b: Landorus|Landorus, L50, M|100\/100\n|move|p1b: Chien-Pao|Protect|p1b: Chien-Pao\n|-singleturn|p1b: Chien-Pao|Protect\n|move|p2a: Tornadus|Hurricane|p1b: Chien-Pao\n|-activate|p1b: Chien-Pao|move: Protect\n|move|p1a: Gastrodon|Icy Wind|p2b: Landorus|[spread] p2a,p2b\n|-supereffective|p2a: Tornadus\n|-supereffective|p2b: Landorus\n|-damage|p2a: Tornadus|0 fnt\n|-damage|p2b: Landorus|37\/100\n|-unboost|p2b: Landorus|spe|1\n|faint|p2a: Tornadus\n|\n|-weather|RainDance|[upkeep]\n|-sideend|p2: SOLOLUMINEONING|move: Tailwind\n|upkeep\n|j| BacK-2-ReaLiTy\n|l| BacK-2-ReaLiTy\n|\n|t:|1720809678\n|switch|p2a: Kyogre|Kyogre, L50, shiny|100\/100\n|turn|5\n|inactive|GG=Groudon Gaming has 30 seconds left.\n|inactive|GG=Groudon Gaming has 20 seconds left.\n|\n|t:|1720809716\n|switch|p2b: Tsareena|Tsareena, L50, F, shiny, tera:Ice|65\/100\n|move|p1b: Chien-Pao|Protect||[still]\n|-fail|p1b: Chien-Pao\n|move|p1a: Gastrodon|Protect|p1a: Gastrodon\n|-singleturn|p1a: Gastrodon|Protect\n|move|p2a: Kyogre|Ice Beam|p1b: Chien-Pao\n|-resisted|p1b: Chien-Pao\n|-damage|p1b: Chien-Pao|1\/100\n|\n|-weather|RainDance|[upkeep]\n|upkeep\n|turn|6\n|c|\u2606GG=Groudon Gaming|Dang I protected last turn.\n|c|\u2606GG=Groudon Gaming|Forgot.\n|inactive|GG=Groudon Gaming has 30 seconds left.\n|inactive|GG=Groudon Gaming has 20 seconds left.\n|inactive|GG=Groudon Gaming has 15 seconds left.\n|inactive|GG=Groudon Gaming has 10 seconds left.\n|\n|t:|1720809761\n|move|p1a: Gastrodon|Helping Hand|p1b: Chien-Pao\n|-singleturn|p1b: Chien-Pao|Helping Hand|[of] p1a: Gastrodon\n|move|p2b: Tsareena|Protect|p2b: Tsareena\n|-singleturn|p2b: Tsareena|Protect\n|move|p1b: Chien-Pao|Throat Chop|p2a: Kyogre\n|-damage|p2a: Kyogre|17\/100\n|-start|p2a: Kyogre|Throat Chop|[silent]\n|move|p2a: Kyogre|Ice Beam|p1b: Chien-Pao\n|-resisted|p1b: Chien-Pao\n|-damage|p1b: Chien-Pao|0 fnt\n|faint|p1b: Chien-Pao\n|\n|-weather|none\n|upkeep\n|\n|t:|1720809767\n|switch|p1b: Flutter Mane|Flutter Mane, L50|100\/100\n|turn|7\n|inactive|GG=Groudon Gaming has 30 seconds left.\n|\n|t:|1720809796\n|move|p1a: Gastrodon|Helping Hand|p1b: Flutter Mane\n|-singleturn|p1b: Flutter Mane|Helping Hand|[of] p1a: Gastrodon\n|move|p1b: Flutter Mane|Dazzling Gleam|p2b: Tsareena|[spread] p2a,p2b\n|-damage|p2a: Kyogre|0 fnt\n|-damage|p2b: Tsareena|0 fnt\n|faint|p2a: Kyogre\n|faint|p2b: Tsareena\n|\n|upkeep\n|\n|t:|1720809799\n|switch|p2b: Landorus|Landorus, L50, M|37\/100\n|turn|8\n|\n|t:|1720809806\n|move|p2b: Landorus|Earth Power|p1a: Gastrodon\n|-supereffective|p1a: Gastrodon\n|-damage|p1a: Gastrodon|0 fnt\n|faint|p1a: Gastrodon\n|move|p1b: Flutter Mane|Dazzling Gleam|p2b: Landorus\n|-damage|p2b: Landorus|0 fnt\n|faint|p2b: Landorus\n|\n|win|GG=Groudon Gaming\n|raw|GG=Groudon Gaming's rating: 1666 &rarr; <strong>1693<\/strong><br \/>(+27 for winning)\n|raw|SOLOLUMINEONING's rating: 1785 &rarr; <strong>1758<\/strong><br \/>(-27 for losing)\n|l|\u2606SOLOLUMINEONING\n|player|p2|\n|l| Millamojake\n","uploadtime":1720810064,"views":15,"formatid":"gen9vgc2024regg","rating":1693,"private":0,"password":null}