{"id":"gen9vgc2024regg-2159812354","format":"[Gen 9] VGC 2024 Reg G","players":["Chunk_dirty7","GG=Groudon Gaming"],"log":"|j|\u2606Chunk_dirty7\n|j|\u2606GG=Groudon Gaming\n|t:|1720810910\n|gametype|doubles\n|player|p1|Chunk_dirty7|ingo|1711\n|player|p2|GG=Groudon Gaming|shelly|1698\n|teamsize|p1|6\n|teamsize|p2|6\n|gen|9\n|tier|[Gen 9] VGC 2024 Reg G\n|rated|\n|rule|Species Clause: Limit one of each Pok\u00e9mon\n|rule|Item Clause: Limit one of each item\n|clearpoke\n|poke|p1|Groudon, L50|\n|poke|p1|Walking Wake, L50|\n|poke|p1|Ursaluna-Bloodmoon, L50, M|\n|poke|p1|Farigiraf, L50, M|\n|poke|p1|Brute Bonnet, L50|\n|poke|p1|Charizard, L50, F|\n|poke|p2|Groudon, L50|\n|poke|p2|Chien-Pao, L50|\n|poke|p2|Rillaboom, L50, M|\n|poke|p2|Flutter Mane, L50|\n|poke|p2|Gouging Fire, L50|\n|poke|p2|Gastrodon-East, L50, F|\n|teampreview|4\n|inactive|Battle timer is ON: inactive players will automatically lose when time's up. (requested by GG=Groudon Gaming)\n|c|\u2606GG=Groudon Gaming|Fellow Groudoner.\n|c|\u2606Chunk_dirty7|good luck bruther\n|c|\u2606GG=Groudon Gaming|Truly.\n|c|\u2606GG=Groudon Gaming|May the Pblades be in our favours.\n|inactive|Chunk_dirty7 has 60 seconds left.\n|inactive|GG=Groudon Gaming has 60 seconds left.\n|c|\u2606Chunk_dirty7|hehe\n|\n|t:|1720810966\n|start\n|switch|p1a: Walking Wake|Walking Wake, L50|100\/100\n|switch|p1b: Farigiraf|Farigiraf, L50, M, shiny|100\/100\n|switch|p2a: Gordon|Groudon, L50|100\/100\n|switch|p2b: Gouging Fire|Gouging Fire, L50|100\/100\n|-weather|SunnyDay|[from] ability: Drought|[of] p2a: Gordon\n|-activate|p1a: Walking Wake|ability: Protosynthesis\n|-start|p1a: Walking Wake|protosynthesisspa\n|-activate|p2b: Gouging Fire|ability: Protosynthesis\n|-start|p2b: Gouging Fire|protosynthesisspe\n|turn|1\n|inactive|Chunk_dirty7 has 30 seconds left.\n|inactive|GG=Groudon Gaming has 30 seconds left.\n|inactive|Chunk_dirty7 has 20 seconds left.\n|inactive|GG=Groudon Gaming has 20 seconds left.\n|\n|t:|1720811003\n|-terastallize|p1a: Walking Wake|Stellar\n|move|p1a: Walking Wake|Draco Meteor|p2b: Gouging Fire\n|-supereffective|p2b: Gouging Fire\n|-damage|p2b: Gouging Fire|0 fnt\n|-unboost|p1a: Walking Wake|spa|2\n|faint|p2b: Gouging Fire\n|-end|p2b: Gouging Fire|Protosynthesis|[silent]\n|move|p2a: Gordon|Precipice Blades|p1a: Walking Wake|[spread] p1a,p1b\n|-damage|p1a: Walking Wake|45\/100\n|-damage|p1b: Farigiraf|50\/100\n|move|p1b: Farigiraf|Trick Room|p1b: Farigiraf\n|-fieldstart|move: Trick Room|[of] p1b: Farigiraf\n|\n|-weather|SunnyDay|[upkeep]\n|upkeep\n|\n|t:|1720811013\n|switch|p2b: Chien-Pao|Chien-Pao, L50|100\/100\n|-ability|p2b: Chien-Pao|Sword of Ruin\n|turn|2\n|c|\u2606Chunk_dirty7|nice double\n|\n|t:|1720811033\n|move|p1b: Farigiraf|Hyper Voice|p2b: Chien-Pao|[spread] p2a,p2b\n|-damage|p2a: Gordon|79\/100\n|-damage|p2b: Chien-Pao|53\/100\n|move|p2a: Gordon|Precipice Blades|p1b: Farigiraf|[spread] p1a,p1b\n|-damage|p1a: Walking Wake|0 fnt\n|-damage|p1b: Farigiraf|0 fnt\n|faint|p1a: Walking Wake\n|-end|p1a: Walking Wake|Protosynthesis|[silent]\n|faint|p1b: Farigiraf\n|move|p2b: Chien-Pao|Icicle Crash|p1: Walking Wake|[notarget]\n|-fail|p2b: Chien-Pao\n|\n|-weather|SunnyDay|[upkeep]\n|upkeep\n|c|\u2606GG=Groudon Gaming|Scarf is scary jeez.\n|\n|t:|1720811043\n|switch|p1b: Charizard|Charizard, L50, F, shiny|100\/100\n|switch|p1a: Ursaluna|Ursaluna-Bloodmoon, L50, M|100\/100\n|turn|3\n|\n|t:|1720811053\n|move|p2a: Gordon|Protect|p2a: Gordon\n|-singleturn|p2a: Gordon|Protect\n|move|p2b: Chien-Pao|Protect|p2b: Chien-Pao\n|-singleturn|p2b: Chien-Pao|Protect\n|move|p1a: Ursaluna|Hyper Voice|p2b: Chien-Pao|[spread] \n|-activate|p2a: Gordon|move: Protect\n|-activate|p2b: Chien-Pao|move: Protect\n|move|p1b: Charizard|Heat Wave|p2a: Gordon|[spread] \n|-activate|p2a: Gordon|move: Protect\n|-activate|p2b: Chien-Pao|move: Protect\n|\n|-weather|SunnyDay|[upkeep]\n|-damage|p1b: Charizard|88\/100|[from] ability: Solar Power|[of] p1b: Charizard\n|upkeep\n|turn|4\n|inactive|GG=Groudon Gaming has 30 seconds left.\n|inactive|GG=Groudon Gaming has 20 seconds left.\n|\n|t:|1720811092\n|-terastallize|p2a: Gordon|Fire\n|move|p2b: Chien-Pao|Sucker Punch|p1b: Charizard\n|-damage|p1b: Charizard|27\/100\n|move|p1a: Ursaluna|Hyper Voice|p2b: Chien-Pao|[spread] p2a,p2b\n|-damage|p2a: Gordon|43\/100\n|-damage|p2b: Chien-Pao|0 fnt\n|faint|p2b: Chien-Pao\n|-enditem|p1a: Ursaluna|Throat Spray\n|-boost|p1a: Ursaluna|spa|1|[from] item: Throat Spray\n|move|p2a: Gordon|Thunder Punch|p1b: Charizard\n|-supereffective|p1b: Charizard\n|-damage|p1b: Charizard|0 fnt\n|faint|p1b: Charizard\n|\n|-weather|SunnyDay|[upkeep]\n|upkeep\n|\n|t:|1720811101\n|switch|p2b: Flutter Mane|Flutter Mane, L50|100\/100\n|-activate|p2b: Flutter Mane|ability: Protosynthesis\n|-start|p2b: Flutter Mane|protosynthesisspe\n|turn|5\n|\n|t:|1720811126\n|move|p2a: Gordon|Protect|p2a: Gordon\n|-singleturn|p2a: Gordon|Protect\n|move|p1a: Ursaluna|Blood Moon|p2b: Flutter Mane\n|-damage|p2b: Flutter Mane|0 fnt\n|faint|p2b: Flutter Mane\n|-end|p2b: Flutter Mane|Protosynthesis|[silent]\n|\n|-weather|none\n|-fieldend|move: Trick Room\n|upkeep\n|turn|6\n|c|\u2606GG=Groudon Gaming|Great call.\n|c|\u2606GG=Groudon Gaming|gg\n|c|\u2606Chunk_dirty7|i had to pray you didnt have protect on her\n|c|\u2606Chunk_dirty7|gg friendo\n|c|\u2606GG=Groudon Gaming|Yeah specs.\n|\n|t:|1720811149\n|move|p2a: Gordon|Precipice Blades|p1a: Ursaluna\n|-damage|p1a: Ursaluna|53\/100\n|move|p1a: Ursaluna|Earth Power|p2a: Gordon\n|-supereffective|p2a: Gordon\n|-damage|p2a: Gordon|0 fnt\n|faint|p2a: Gordon\n|\n|win|Chunk_dirty7\n|raw|Chunk_dirty7's rating: 1711 &rarr; <strong>1730<\/strong><br \/>(+19 for winning)\n|raw|GG=Groudon Gaming's rating: 1698 &rarr; <strong>1679<\/strong><br \/>(-19 for losing)\n|l|\u2606Chunk_dirty7\n|player|p1|\n","uploadtime":1720811313,"views":52,"formatid":"gen9vgc2024regg","rating":1679,"private":0,"password":null}