{"id":"gen9vgc2024regg-2159462796","format":"[Gen 9] VGC 2024 Reg G","players":["It'sJustKen VGC","bulearchive123123"],"log":"|j|\u2606It'sJustKen VGC\n|j|\u2606bulearchive123123\n|t:|1720756764\n|gametype|doubles\n|player|p1|It'sJustKen VGC|turo|1759\n|player|p2|bulearchive123123|1|1657\n|teamsize|p1|6\n|teamsize|p2|6\n|gen|9\n|tier|[Gen 9] VGC 2024 Reg G\n|rated|\n|rule|Species Clause: Limit one of each Pok\u00e9mon\n|rule|Item Clause: Limit one of each item\n|clearpoke\n|poke|p1|Calyrex-Shadow, L50|\n|poke|p1|Annihilape, L50, F|\n|poke|p1|Chi-Yu, L50|\n|poke|p1|Landorus-Therian, L50, M|\n|poke|p1|Farigiraf, L50, F|\n|poke|p1|Tornadus, L50, M|\n|poke|p2|Lunala, L50|\n|poke|p2|Brute Bonnet, L50|\n|poke|p2|Urshifu-*, L50, F|\n|poke|p2|Primarina, L50, F|\n|poke|p2|Indeedee-F, L50, F|\n|poke|p2|Ursaluna-Bloodmoon, L50, M|\n|teampreview|4\n|j| rabbihorn\n|inactive|Battle timer is ON: inactive players will automatically lose when time's up. (requested by bulearchive123123)\n|inactive|It'sJustKen VGC also wants the timer to be on.\n|\n|t:|1720756788\n|start\n|switch|p1a: Annihilape|Annihilape, L50, F, shiny|100\/100\n|switch|p1b: Chi-Yu|Chi-Yu, L50|100\/100\n|switch|p2a: Lunala|Lunala, L50|100\/100\n|switch|p2b: Primarina|Primarina, L50, F, shiny|100\/100\n|-ability|p1b: Chi-Yu|Beads of Ruin\n|turn|1\n|inactive|bulearchive123123 has 30 seconds left.\n|\n|t:|1720756820\n|-terastallize|p2a: Lunala|Fairy\n|move|p1a: Annihilape|Final Gambit|p2a: Lunala\n|-damage|p2a: Lunala|0 fnt\n|faint|p1a: Annihilape\n|faint|p2a: Lunala\n|move|p1b: Chi-Yu|Dark Pulse|p2b: Primarina\n|-resisted|p2b: Primarina\n|-crit|p2b: Primarina\n|-damage|p2b: Primarina|63\/100\n|move|p2b: Primarina|Hyper Voice|p1b: Chi-Yu\n|-supereffective|p1b: Chi-Yu\n|-damage|p1b: Chi-Yu|0 fnt\n|faint|p1b: Chi-Yu\n|\n|upkeep\n|\n|t:|1720756833\n|switch|p1b: Farigiraf|Farigiraf, L50, F|100\/100\n|switch|p1a: Calyrex|Calyrex-Shadow, L50|100\/100\n|switch|p2a: Urshifu|Urshifu, L50, F|100\/100\n|-ability|p1a: Calyrex|As One\n|-ability|p1a: Calyrex|Unnerve\n|turn|2\n|\n|t:|1720756848\n|-terastallize|p1a: Calyrex|Ghost\n|move|p1a: Calyrex|Astral Barrage|p2a: Urshifu|[spread] p2a,p2b\n|-resisted|p2a: Urshifu\n|-damage|p2a: Urshifu|11\/100\n|-damage|p2b: Primarina|0 fnt\n|faint|p2b: Primarina\n|-ability|p1a: Calyrex|Grim Neigh|boost\n|-boost|p1a: Calyrex|spa|1\n|move|p2a: Urshifu|Wicked Blow|p1b: Farigiraf\n|-supereffective|p1b: Farigiraf\n|-crit|p1b: Farigiraf\n|-damage|p1b: Farigiraf|7\/100\n|-enditem|p1b: Farigiraf|Sitrus Berry|[eat]\n|-heal|p1b: Farigiraf|32\/100|[from] item: Sitrus Berry\n|move|p1b: Farigiraf|Hyper Voice|p2a: Urshifu\n|-damage|p2a: Urshifu|0 fnt\n|faint|p2a: Urshifu\n|\n|upkeep\n|\n|t:|1720756854\n|switch|p2a: Indeedee|Indeedee-F, L50, F, shiny|100\/100\n|-fieldstart|move: Psychic Terrain|[from] ability: Psychic Surge|[of] p2a: Indeedee\n|-enditem|p2a: Indeedee|Psychic Seed\n|-boost|p2a: Indeedee|spd|1|[from] item: Psychic Seed\n|turn|3\n|\n|t:|1720756867\n|move|p1a: Calyrex|Astral Barrage|p2a: Indeedee\n|-immune|p2a: Indeedee\n|move|p2a: Indeedee|Psychic|p1b: Farigiraf\n|-resisted|p1b: Farigiraf\n|-crit|p1b: Farigiraf\n|-damage|p1b: Farigiraf|6\/100\n|move|p1b: Farigiraf|Hyper Voice|p2a: Indeedee\n|-damage|p2a: Indeedee|80\/100\n|\n|upkeep\n|turn|4\n|\n|t:|1720756873\n|move|p1a: Calyrex|Astral Barrage|p2a: Indeedee\n|-immune|p2a: Indeedee\n|move|p2a: Indeedee|Psychic|p1b: Farigiraf\n|-resisted|p1b: Farigiraf\n|-damage|p1b: Farigiraf|0 fnt\n|faint|p1b: Farigiraf\n|\n|upkeep\n|turn|5\n|\n|t:|1720756876\n|move|p1a: Calyrex|Astral Barrage|p2a: Indeedee\n|-immune|p2a: Indeedee\n|move|p2a: Indeedee|Psychic|p1a: Calyrex\n|-damage|p1a: Calyrex|60\/100\n|\n|upkeep\n|turn|6\n|\n|t:|1720756879\n|move|p1a: Calyrex|Astral Barrage|p2a: Indeedee\n|-immune|p2a: Indeedee\n|move|p2a: Indeedee|Psychic|p1a: Calyrex\n|-damage|p1a: Calyrex|20\/100\n|\n|upkeep\n|turn|7\n|-message|It'sJustKen VGC forfeited.\n|\n|win|bulearchive123123\n|raw|It&apos;sJustKen VGC's rating: 1759 &rarr; <strong>1733<\/strong><br \/>(-26 for losing)\n|raw|bulearchive123123's rating: 1657 &rarr; <strong>1683<\/strong><br \/>(+26 for winning)\n|l|\u2606It'sJustKen VGC\n|player|p1|\n|l|\u2606bulearchive123123\n|player|p2|\n","uploadtime":1720757132,"views":8,"formatid":"gen9vgc2024regg","rating":1683,"private":0,"password":null}