{"id":"gen9vgc2024regg-2159755010","format":"[Gen 9] VGC 2024 Reg G","players":["La voz favorita","SOLOLUMINEONING"],"log":"|j|\u2606La voz favorita\n|j|\u2606SOLOLUMINEONING\n|t:|1720804328\n|gametype|doubles\n|player|p1|La voz favorita|steven|1787\n|player|p2|SOLOLUMINEONING|magmasuit|1799\n|teamsize|p1|6\n|teamsize|p2|6\n|gen|9\n|tier|[Gen 9] VGC 2024 Reg G\n|rated|\n|rule|Species Clause: Limit one of each Pok\u00e9mon\n|rule|Item Clause: Limit one of each item\n|clearpoke\n|poke|p1|Giratina, L50|\n|poke|p1|Grimmsnarl, L50, M|\n|poke|p1|Glimmora, L50, F|\n|poke|p1|Incineroar, L50, F|\n|poke|p1|Rillaboom, L50, F|\n|poke|p1|Urshifu-*, L50, F|\n|poke|p2|Kyogre, L50|\n|poke|p2|Overqwil, L50, F|\n|poke|p2|Landorus, L50, M|\n|poke|p2|Ditto, L50|\n|poke|p2|Tsareena, L50, F|\n|poke|p2|Tornadus, L50, M|\n|teampreview|4\n|inactive|Battle timer is ON: inactive players will automatically lose when time's up. (requested by SOLOLUMINEONING)\nLa voz favorita has agreed to open team sheets.\n|j| Orenji09\n|inactive|La voz favorita has 60 seconds left.\n|inactive|SOLOLUMINEONING has 60 seconds left.\n|j| blockchiken\n|\n|t:|1720804381\n|start\n|switch|p1a: Grimmsnarl|Grimmsnarl, L50, M|100\/100\n|switch|p1b: Rillaboom|Rillaboom, L50, F|100\/100\n|switch|p2a: Kyogre|Kyogre, L50, shiny|100\/100\n|switch|p2b: Tsareena|Tsareena, L50, F, shiny|100\/100\n|-weather|RainDance|[from] ability: Drizzle|[of] p2a: Kyogre\n|-fieldstart|move: Grassy Terrain|[from] ability: Grassy Surge|[of] p1b: Rillaboom\n|turn|1\n|j| bluestraggler01\n|\n|t:|1720804405\n|move|p1a: Grimmsnarl|Light Screen|p1a: Grimmsnarl\n|-sidestart|p1: La voz favorita|move: Light Screen\n|move|p2a: Kyogre|Water Spout|p1a: Grimmsnarl|[spread] p1a,p1b\n|-resisted|p1b: Rillaboom\n|-damage|p1a: Grimmsnarl|32\/100\n|-damage|p1b: Rillaboom|73\/100\n|move|p2b: Tsareena|Triple Axel|p1b: Rillaboom\n|-supereffective|p1b: Rillaboom\n|-damage|p1b: Rillaboom|61\/100\n|-supereffective|p1b: Rillaboom\n|-damage|p1b: Rillaboom|34\/100\n|-supereffective|p1b: Rillaboom\n|-damage|p1b: Rillaboom|0 fnt\n|faint|p1b: Rillaboom\n|-hitcount|p1: Rillaboom|3\n|\n|-weather|RainDance|[upkeep]\n|-heal|p1a: Grimmsnarl|38\/100|[from] Grassy Terrain\n|upkeep\n|\n|t:|1720804415\n|switch|p1b: Giratina|Giratina, L50, shiny|100\/100\n|-ability|p1b: Giratina|Pressure\n|turn|2\n|\n|t:|1720804428\n|-terastallize|p2b: Tsareena|Ice\n|move|p1a: Grimmsnarl|Reflect|p1a: Grimmsnarl\n|-sidestart|p1: La voz favorita|Reflect\n|move|p2a: Kyogre|Water Spout|p1a: Grimmsnarl|[spread] p1a,p1b\n|-resisted|p1b: Giratina\n|-damage|p1a: Grimmsnarl|0 fnt\n|-damage|p1b: Giratina|81\/100\n|faint|p1a: Grimmsnarl\n|move|p2b: Tsareena|Triple Axel|p1b: Giratina\n|-supereffective|p1b: Giratina\n|-damage|p1b: Giratina|72\/100\n|-supereffective|p1b: Giratina\n|-damage|p1b: Giratina|56\/100\n|-supereffective|p1b: Giratina\n|-damage|p1b: Giratina|34\/100\n|-hitcount|p1b: Giratina|3\n|move|p1b: Giratina|Calm Mind|p1b: Giratina\n|-boost|p1b: Giratina|spa|1\n|-boost|p1b: Giratina|spd|1\n|\n|-weather|RainDance|[upkeep]\n|-heal|p1b: Giratina|40\/100|[from] Grassy Terrain\n|-heal|p1b: Giratina|46\/100|[from] item: Leftovers\n|upkeep\n|\n|t:|1720804430\n|switch|p1a: Urshifu|Urshifu-Rapid-Strike, L50, F|100\/100\n|turn|3\n|inactive|La voz favorita has 30 seconds left.\n|inactive|SOLOLUMINEONING has 30 seconds left.\n|inactive|SOLOLUMINEONING has 20 seconds left.\n|\n|t:|1720804465\n|move|p2a: Kyogre|Water Spout|p1b: Giratina|[spread] p1a,p1b\n|-resisted|p1a: Urshifu\n|-resisted|p1b: Giratina\n|-damage|p1a: Urshifu|58\/100\n|-damage|p1b: Giratina|32\/100\n|move|p1a: Urshifu|Close Combat|p2b: Tsareena\n|-supereffective|p2b: Tsareena\n|-damage|p2b: Tsareena|0 fnt\n|-unboost|p1a: Urshifu|def|1\n|-unboost|p1a: Urshifu|spd|1\n|faint|p2b: Tsareena\n|move|p1b: Giratina|Dragon Pulse|p2a: Kyogre\n|-damage|p2a: Kyogre|60\/100\n|\n|-weather|RainDance|[upkeep]\n|-heal|p2a: Kyogre|66\/100|[from] Grassy Terrain\n|-heal|p1a: Urshifu|63\/100|[from] Grassy Terrain\n|-heal|p1b: Giratina|38\/100|[from] Grassy Terrain\n|-heal|p1b: Giratina|44\/100|[from] item: Leftovers\n|upkeep\n|\n|t:|1720804487\n|switch|p2b: Overqwil|Overqwil, L50, F|100\/100\n|turn|4\n|inactive|SOLOLUMINEONING has 30 seconds left.\n|\n|t:|1720804512\n|-terastallize|p1a: Urshifu|Water\n|move|p1b: Giratina|Protect|p1b: Giratina\n|-singleturn|p1b: Giratina|Protect\n|move|p2b: Overqwil|Icy Wind|p1b: Giratina|[spread] p1a\n|-activate|p1b: Giratina|move: Protect\n|-resisted|p1a: Urshifu\n|-damage|p1a: Urshifu|59\/100\n|-unboost|p1a: Urshifu|spe|1\n|-damage|p2b: Overqwil|91\/100|[from] item: Life Orb\n|move|p2a: Kyogre|Hydro Pump|p1a: Urshifu|[miss]\n|-miss|p2a: Kyogre|p1a: Urshifu\n|move|p1a: Urshifu|Surging Strikes|p2b: Overqwil\n|-crit|p2b: Overqwil\n|-damage|p2b: Overqwil|40\/100\n|-crit|p2b: Overqwil\n|-damage|p2b: Overqwil|0 fnt\n|faint|p2b: Overqwil\n|-hitcount|p2: Overqwil|2\n|\n|-weather|RainDance|[upkeep]\n|-heal|p2a: Kyogre|72\/100|[from] Grassy Terrain\n|-heal|p1b: Giratina|51\/100|[from] Grassy Terrain\n|-heal|p1b: Giratina|57\/100|[from] item: Leftovers\n|-heal|p1a: Urshifu|65\/100|[from] Grassy Terrain\n|upkeep\n|\n|t:|1720804526\n|switch|p2b: Ditto|Ditto, L50|100\/100\n|-transform|p2b: Ditto|p1a: Urshifu|[from] ability: Imposter\n|-start|p2b: Ditto|typechange|Fighting\/Water|[silent]\n|turn|5\n|inactive|SOLOLUMINEONING has 30 seconds left.\n|\n|t:|1720804552\n|move|p2a: Kyogre|Water Spout|p1b: Giratina|[spread] p1a,p1b\n|-resisted|p1a: Urshifu\n|-resisted|p1b: Giratina\n|-damage|p1a: Urshifu|20\/100\n|-damage|p1b: Giratina|47\/100\n|move|p1b: Giratina|Dragon Pulse|p2b: Ditto\n|-damage|p2b: Ditto|10\/100\n|move|p1a: Urshifu|Close Combat|p2b: Ditto\n|-damage|p2b: Ditto|0 fnt\n|-unboost|p1a: Urshifu|def|1\n|-unboost|p1a: Urshifu|spd|1\n|faint|p2b: Ditto\n|\n|-weather|none\n|-heal|p2a: Kyogre|78\/100|[from] Grassy Terrain\n|-heal|p1b: Giratina|53\/100|[from] Grassy Terrain\n|-heal|p1b: Giratina|60\/100|[from] item: Leftovers\n|-heal|p1a: Urshifu|26\/100|[from] Grassy Terrain\n|-fieldend|move: Grassy Terrain\n|upkeep\n|turn|6\n|inactive|La voz favorita has 30 seconds left.\n|inactive|La voz favorita has 20 seconds left.\n|inactive|La voz favorita has 15 seconds left.\n|inactive|La voz favorita has 10 seconds left.\n|\n|t:|1720804600\n|move|p2a: Kyogre|Water Spout|p1b: Giratina|[spread] p1a,p1b\n|-resisted|p1a: Urshifu\n|-resisted|p1b: Giratina\n|-damage|p1a: Urshifu|0 fnt\n|-damage|p1b: Giratina|53\/100\n|faint|p1a: Urshifu\n|move|p1b: Giratina|Calm Mind|p1b: Giratina\n|-boost|p1b: Giratina|spa|1\n|-boost|p1b: Giratina|spd|1\n|\n|-heal|p1b: Giratina|59\/100|[from] item: Leftovers\n|upkeep\n|turn|7\n|\n|t:|1720804608\n|move|p1b: Giratina|Protect|p1b: Giratina\n|-singleturn|p1b: Giratina|Protect\n|move|p2a: Kyogre|Ice Beam|p1b: Giratina\n|-activate|p1b: Giratina|move: Protect\n|\n|-heal|p1b: Giratina|65\/100|[from] item: Leftovers\n|upkeep\n|turn|8\n|\n|t:|1720804613\n|move|p2a: Kyogre|Ice Beam|p1b: Giratina\n|-supereffective|p1b: Giratina\n|-damage|p1b: Giratina|54\/100\n|move|p1b: Giratina|Dragon Pulse|p2a: Kyogre\n|-damage|p2a: Kyogre|32\/100\n|\n|-heal|p1b: Giratina|60\/100|[from] item: Leftovers\n|-sideend|p1: La voz favorita|move: Light Screen\n|upkeep\n|turn|9\n|\n|t:|1720804619\n|move|p1b: Giratina|Protect|p1b: Giratina\n|-singleturn|p1b: Giratina|Protect\n|move|p2a: Kyogre|Ice Beam|p1b: Giratina\n|-activate|p1b: Giratina|move: Protect\n|\n|-heal|p1b: Giratina|66\/100|[from] item: Leftovers\n|-sideend|p1: La voz favorita|Reflect\n|upkeep\n|turn|10\n|\n|t:|1720804621\n|move|p2a: Kyogre|Ice Beam|p1b: Giratina\n|-supereffective|p1b: Giratina\n|-damage|p1b: Giratina|48\/100\n|move|p1b: Giratina|Dragon Pulse|p2a: Kyogre\n|-damage|p2a: Kyogre|0 fnt\n|faint|p2a: Kyogre\n|\n|win|La voz favorita\n|raw|La voz favorita's rating: 1787 &rarr; <strong>1808<\/strong><br \/>(+21 for winning)\n|raw|SOLOLUMINEONING's rating: 1799 &rarr; <strong>1778<\/strong><br \/>(-21 for losing)\n|c|\u2606La voz favorita|gg wp\n|l| Orenji09\n|l|\u2606La voz favorita\n|player|p1|\n|l| bluestraggler01\n","uploadtime":1720804787,"views":140,"formatid":"gen9vgc2024regg","rating":1778,"private":0,"password":null}