{"id":"gen9vgc2024regg-2159815792","format":"[Gen 9] VGC 2024 Reg G","players":["SOLOLUMINEONING","Billy_HMD"],"log":"|j|\u2606SOLOLUMINEONING\n|j|\u2606Billy_HMD\n|t:|1720811318\n|gametype|doubles\n|player|p1|SOLOLUMINEONING|magmasuit|1707\n|player|p2|Billy_HMD|dawn|1839\n|teamsize|p1|6\n|teamsize|p2|6\n|gen|9\n|tier|[Gen 9] VGC 2024 Reg G\n|rated|\n|rule|Species Clause: Limit one of each Pok\u00e9mon\n|rule|Item Clause: Limit one of each item\n|clearpoke\n|poke|p1|Kyogre, L50|\n|poke|p1|Overqwil, L50, M|\n|poke|p1|Landorus, L50, M|\n|poke|p1|Ditto, L50|\n|poke|p1|Tsareena, L50, F|\n|poke|p1|Tornadus, L50, M|\n|poke|p2|Kyogre, L50|\n|poke|p2|Incineroar, L50, F|\n|poke|p2|Rillaboom, L50, M|\n|poke|p2|Grimmsnarl, L50, M|\n|poke|p2|Gholdengo, L50|\n|poke|p2|Zapdos, L50|\n|teampreview|4\n|inactive|Battle timer is ON: inactive players will automatically lose when time's up. (requested by Billy_HMD)\n|inactive|SOLOLUMINEONING also wants the timer to be on.\n|inactive|Billy_HMD has 60 seconds left.\n|j| Mojoe93\n|inactive|Billy_HMD has 30 seconds left.\n|inactive|Billy_HMD has 20 seconds left.\n|\n|t:|1720811391\n|start\n|switch|p1a: Tornadus|Tornadus, L50, M|100\/100\n|switch|p1b: Kyogre|Kyogre, L50, shiny|100\/100\n|switch|p2a: Zapdos|Zapdos, L50|100\/100\n|switch|p2b: Grimmsnarl|Grimmsnarl, L50, M|100\/100\n|-weather|RainDance|[from] ability: Drizzle|[of] p1b: Kyogre\n|turn|1\n|j| L1NKUS\n|\n|t:|1720811407\n|-terastallize|p2a: Zapdos|Water\n|move|p1a: Tornadus|Tailwind|p1a: Tornadus\n|-sidestart|p1: SOLOLUMINEONING|move: Tailwind\n|move|p2b: Grimmsnarl|Light Screen|p2b: Grimmsnarl\n|-sidestart|p2: Billy_HMD|move: Light Screen\n|move|p1b: Kyogre|Water Spout|p2a: Zapdos|[spread] p2a,p2b\n|-resisted|p2a: Zapdos\n|-damage|p2a: Zapdos|64\/100\n|-damage|p2b: Grimmsnarl|21\/100\n|move|p2a: Zapdos|Thunder|p1a: Tornadus\n|-supereffective|p1a: Tornadus\n|-damage|p1a: Tornadus|2\/100\n|\n|-weather|RainDance|[upkeep]\n|upkeep\n|turn|2\n|l| L1NKUS\n|inactive|SOLOLUMINEONING has 30 seconds left.\n|inactive|Billy_HMD has 30 seconds left.\n|\n|t:|1720811440\n|switch|p1a: Tsareena|Tsareena, L50, F, shiny|100\/100\n|-terastallize|p1b: Kyogre|Grass\n|move|p2b: Grimmsnarl|Thunder Wave||[still]\n|cant|p1a: Tsareena|ability: Queenly Majesty|Thunder Wave|[of] p2b: Grimmsnarl\n|move|p1b: Kyogre|Water Spout|p2a: Zapdos|[spread] p2a,p2b\n|-resisted|p2a: Zapdos\n|-damage|p2a: Zapdos|25\/100\n|-damage|p2b: Grimmsnarl|0 fnt\n|faint|p2b: Grimmsnarl\n|move|p2a: Zapdos|Tailwind|p2a: Zapdos\n|-sidestart|p2: Billy_HMD|move: Tailwind\n|\n|-weather|RainDance|[upkeep]\n|upkeep\n|inactive|Billy_HMD has 30 seconds left.\n|\n|t:|1720811471\n|switch|p2b: Rillaboom|Rillaboom, L50, M|100\/100\n|-fieldstart|move: Grassy Terrain|[from] ability: Grassy Surge|[of] p2b: Rillaboom\n|turn|3\n|\n|t:|1720811495\n|move|p1a: Tsareena|Protect|p1a: Tsareena\n|-singleturn|p1a: Tsareena|Protect\n|move|p1b: Kyogre|Water Spout|p2b: Rillaboom|[spread] p2a,p2b\n|-resisted|p2a: Zapdos\n|-resisted|p2b: Rillaboom\n|-damage|p2a: Zapdos|0 fnt\n|-damage|p2b: Rillaboom|73\/100\n|faint|p2a: Zapdos\n|move|p2b: Rillaboom|U-turn|p1b: Kyogre\n|-supereffective|p1b: Kyogre\n|-damage|p1b: Kyogre|50\/100\n|\n|t:|1720811503\n|switch|p2b: Kyogre|Kyogre, L50|100\/100|[from] U-turn\n|\n|-weather|RainDance|[upkeep]\n|-heal|p1b: Kyogre|57\/100|[from] Grassy Terrain\n|upkeep\n|\n|t:|1720811504\n|switch|p2a: Rillaboom|Rillaboom, L50, M|73\/100\n|turn|4\n|inactive|Billy_HMD has 30 seconds left.\n|\n|t:|1720811530\n|move|p1b: Kyogre|Hydro Pump|p2b: Kyogre\n|-resisted|p2b: Kyogre\n|-damage|p2b: Kyogre|75\/100\n|move|p2b: Kyogre|Ice Beam|p1a: Tsareena\n|-supereffective|p1a: Tsareena\n|-damage|p1a: Tsareena|5\/100\n|move|p1a: Tsareena|Triple Axel|p2a: Rillaboom\n|-supereffective|p2a: Rillaboom\n|-damage|p2a: Rillaboom|58\/100\n|-supereffective|p2a: Rillaboom\n|-damage|p2a: Rillaboom|32\/100\n|-supereffective|p2a: Rillaboom\n|-damage|p2a: Rillaboom|0 fnt\n|faint|p2a: Rillaboom\n|-hitcount|p2: Rillaboom|3\n|\n|-weather|RainDance|[upkeep]\n|-heal|p1b: Kyogre|63\/100|[from] Grassy Terrain\n|-heal|p2b: Kyogre|81\/100|[from] Grassy Terrain\n|-heal|p1a: Tsareena|11\/100|[from] Grassy Terrain\n|-sideend|p1: SOLOLUMINEONING|move: Tailwind\n|upkeep\n|turn|5\n|\n|t:|1720811543\n|move|p1a: Tsareena|Protect|p1a: Tsareena\n|-singleturn|p1a: Tsareena|Protect\n|move|p2b: Kyogre|Water Spout|p1a: Tsareena|[spread] p1b\n|-activate|p1a: Tsareena|move: Protect\n|-resisted|p1b: Kyogre\n|-damage|p1b: Kyogre|24\/100\n|move|p1b: Kyogre|Hydro Pump|p2b: Kyogre\n|-resisted|p2b: Kyogre\n|-damage|p2b: Kyogre|54\/100\n|\n|-weather|none\n|-heal|p2b: Kyogre|60\/100|[from] Grassy Terrain\n|-heal|p1b: Kyogre|30\/100|[from] Grassy Terrain\n|-heal|p1a: Tsareena|17\/100|[from] Grassy Terrain\n|-sideend|p2: Billy_HMD|move: Tailwind\n|upkeep\n|turn|6\n|-message|Billy_HMD forfeited.\n|\n|win|SOLOLUMINEONING\n|raw|SOLOLUMINEONING's rating: 1707 &rarr; <strong>1734<\/strong><br \/>(+27 for winning)\n|raw|Billy_HMD's rating: 1839 &rarr; <strong>1812<\/strong><br \/>(-27 for losing)\n|l|\u2606Billy_HMD\n|player|p2|\n|l|\u2606SOLOLUMINEONING\n|player|p1|\n","uploadtime":1720811729,"views":15,"formatid":"gen9vgc2024regg","rating":1734,"private":0,"password":null}