{"id":"gen9vgc2024regg-2159804406","format":"[Gen 9] VGC 2024 Reg G","players":["thanosgreninja","Billy_HMD"],"log":"|j|\u2606thanosgreninja\n|j|\u2606Billy_HMD\n|t:|1720809986\n|gametype|doubles\n|player|p1|thanosgreninja|hilbert|1690\n|player|p2|Billy_HMD|dawn|1826\n|teamsize|p1|6\n|teamsize|p2|6\n|gen|9\n|tier|[Gen 9] VGC 2024 Reg G\n|rated|\n|rule|Species Clause: Limit one of each Pok\u00e9mon\n|rule|Item Clause: Limit one of each item\n|clearpoke\n|poke|p1|Calyrex-Ice, L50|\n|poke|p1|Incineroar, L50, F|\n|poke|p1|Pelipper, L50, F|\n|poke|p1|Raging Bolt, L50|\n|poke|p1|Urshifu-*, L50, F|\n|poke|p1|Rillaboom, L50, F|\n|poke|p2|Kyogre, L50|\n|poke|p2|Incineroar, L50, F|\n|poke|p2|Rillaboom, L50, M|\n|poke|p2|Grimmsnarl, L50, M|\n|poke|p2|Gholdengo, L50|\n|poke|p2|Zapdos, L50|\n|teampreview|4\n|inactive|Battle timer is ON: inactive players will automatically lose when time's up. (requested by Billy_HMD)\n|inactive|thanosgreninja has 60 seconds left.\n|inactive|Billy_HMD has 60 seconds left.\n|inactive|thanosgreninja has 30 seconds left.\n|inactive|thanosgreninja has 20 seconds left.\n|inactive|thanosgreninja has 15 seconds left.\n|\n|t:|1720810065\n|start\n|switch|p1a: Calyrex|Calyrex-Ice, L50|100\/100\n|switch|p1b: Raging Bolt|Raging Bolt, L50|100\/100\n|switch|p2a: Zapdos|Zapdos, L50|100\/100\n|switch|p2b: Kyogre|Kyogre, L50|100\/100\n|-ability|p1a: Calyrex|As One\n|-ability|p1a: Calyrex|Unnerve\n|-weather|RainDance|[from] ability: Drizzle|[of] p2b: Kyogre\n|-enditem|p1b: Raging Bolt|Booster Energy\n|-activate|p1b: Raging Bolt|ability: Protosynthesis|[fromitem]\n|-start|p1b: Raging Bolt|protosynthesisspa\n|turn|1\n|j| Therazer456\n|inactive|Billy_HMD has 30 seconds left.\n|inactive|Billy_HMD has 20 seconds left.\n|inactive|Billy_HMD has 15 seconds left.\n|\n|t:|1720810108\n|-terastallize|p2b: Kyogre|Grass\n|move|p1a: Calyrex|Protect|p1a: Calyrex\n|-singleturn|p1a: Calyrex|Protect\n|move|p2a: Zapdos|Thunder|p1a: Calyrex\n|-activate|p1a: Calyrex|move: Protect\n|move|p2b: Kyogre|Water Spout|p1a: Calyrex|[spread] p1b\n|-activate|p1a: Calyrex|move: Protect\n|-resisted|p1b: Raging Bolt\n|-damage|p1b: Raging Bolt|44\/100\n|move|p1b: Raging Bolt|Thunderbolt|p2b: Kyogre\n|-resisted|p2b: Kyogre\n|-damage|p2b: Kyogre|75\/100\n|\n|-weather|RainDance|[upkeep]\n|upkeep\n|turn|2\n|\n|t:|1720810132\n|switch|p1a: Rillaboom|Rillaboom, L50, F|100\/100\n|-fieldstart|move: Grassy Terrain|[from] ability: Grassy Surge|[of] p1a: Rillaboom\n|move|p1b: Raging Bolt|Protect|p1b: Raging Bolt\n|-singleturn|p1b: Raging Bolt|Protect\n|move|p2a: Zapdos|Thunder|p1a: Rillaboom\n|-resisted|p1a: Rillaboom\n|-damage|p1a: Rillaboom|84\/100\n|move|p2b: Kyogre|Water Spout|p1a: Rillaboom|[spread] p1a\n|-activate|p1b: Raging Bolt|move: Protect\n|-resisted|p1a: Rillaboom\n|-damage|p1a: Rillaboom|51\/100\n|\n|-weather|RainDance|[upkeep]\n|-heal|p2b: Kyogre|81\/100|[from] Grassy Terrain\n|-heal|p1a: Rillaboom|57\/100|[from] Grassy Terrain\n|-heal|p1b: Raging Bolt|50\/100|[from] Grassy Terrain\n|upkeep\n|turn|3\n|j| BacK-2-ReaLiTy\n|l| BacK-2-ReaLiTy\n|inactive|Billy_HMD has 30 seconds left.\n|inactive|thanosgreninja has 30 seconds left.\n|inactive|Billy_HMD has 20 seconds left.\n|inactive|Billy_HMD has 15 seconds left.\n|inactive|Billy_HMD has 10 seconds left.\n|\n|t:|1720810179\n|move|p1a: Rillaboom|Fake Out|p2a: Zapdos\n|-damage|p2a: Zapdos|88\/100\n|-damage|p1a: Rillaboom|40\/100|[from] item: Rocky Helmet|[of] p2a: Zapdos\n|cant|p2a: Zapdos|flinch\n|move|p2b: Kyogre|Ice Beam|p1b: Raging Bolt\n|-supereffective|p1b: Raging Bolt\n|-damage|p1b: Raging Bolt|0 fnt\n|faint|p1b: Raging Bolt\n|-end|p1b: Raging Bolt|Protosynthesis|[silent]\n|\n|-weather|RainDance|[upkeep]\n|-heal|p2b: Kyogre|87\/100|[from] Grassy Terrain\n|-heal|p1a: Rillaboom|46\/100|[from] Grassy Terrain\n|upkeep\n|\n|t:|1720810197\n|switch|p1b: Urshifu|Urshifu-Rapid-Strike, L50, F|100\/100\n|turn|4\n|\n|t:|1720810222\n|move|p1b: Urshifu|U-turn|p2b: Kyogre\n|-supereffective|p2b: Kyogre\n|-damage|p2b: Kyogre|37\/100\n|\n|t:|1720810224\n|switch|p1b: Calyrex|Calyrex-Ice, L50|100\/100|[from] U-turn\n|-ability|p1b: Calyrex|As One\n|-ability|p1b: Calyrex|Unnerve\n|move|p2a: Zapdos|Thunder|p1b: Calyrex\n|-damage|p1b: Calyrex|72\/100\n|move|p2b: Kyogre|Ice Beam|p1a: Rillaboom\n|-supereffective|p1a: Rillaboom\n|-damage|p1a: Rillaboom|0 fnt\n|faint|p1a: Rillaboom\n|\n|-weather|RainDance|[upkeep]\n|-heal|p2b: Kyogre|43\/100|[from] Grassy Terrain\n|-heal|p1b: Calyrex|78\/100|[from] Grassy Terrain\n|upkeep\n|\n|t:|1720810235\n|switch|p1a: Urshifu|Urshifu-Rapid-Strike, L50, F|100\/100\n|turn|5\n|inactive|thanosgreninja has 30 seconds left.\n|inactive|Billy_HMD has 30 seconds left.\n|inactive|thanosgreninja has 20 seconds left.\n|inactive|Billy_HMD has 20 seconds left.\n|\n|t:|1720810272\n|switch|p2b: Rillaboom|Rillaboom, L50, M|100\/100\n|-terastallize|p1a: Urshifu|Water\n|move|p1a: Urshifu|Surging Strikes|p2b: Rillaboom\n|-resisted|p2b: Rillaboom\n|-crit|p2b: Rillaboom\n|-damage|p2b: Rillaboom|79\/100\n|-resisted|p2b: Rillaboom\n|-crit|p2b: Rillaboom\n|-damage|p2b: Rillaboom|60\/100\n|-resisted|p2b: Rillaboom\n|-crit|p2b: Rillaboom\n|-damage|p2b: Rillaboom|39\/100\n|-hitcount|p2b: Rillaboom|3\n|move|p2a: Zapdos|Thunder|p1a: Urshifu\n|-supereffective|p1a: Urshifu\n|-crit|p1a: Urshifu\n|-damage|p1a: Urshifu|0 fnt\n|faint|p1a: Urshifu\n|move|p1b: Calyrex|Trick Room|p1b: Calyrex\n|-fieldstart|move: Trick Room|[of] p1b: Calyrex\n|\n|-weather|none\n|-heal|p1b: Calyrex|84\/100|[from] Grassy Terrain\n|-heal|p2b: Rillaboom|45\/100|[from] Grassy Terrain\n|upkeep\n|turn|6\n|inactive|Billy_HMD has 30 seconds left.\n|\n|t:|1720810303\n|switch|p2a: Incineroar|Incineroar, L50, F|100\/100\n|-ability|p2a: Incineroar|Intimidate|boost\n|-fail|p1b: Calyrex|unboost|[from] item: Clear Amulet|[of] p1b: Calyrex\n|move|p1b: Calyrex|Protect|p1b: Calyrex\n|-singleturn|p1b: Calyrex|Protect\n|move|p2b: Rillaboom|Fake Out|p1b: Calyrex\n|-activate|p1b: Calyrex|move: Protect\n|\n|-heal|p1b: Calyrex|90\/100|[from] Grassy Terrain\n|-heal|p2b: Rillaboom|50\/100|[from] Grassy Terrain\n|-fieldend|move: Grassy Terrain\n|upkeep\n|turn|7\n|\n|t:|1720810325\n|switch|p2b: Kyogre|Kyogre, L50, tera:Grass|43\/100\n|-weather|RainDance|[from] ability: Drizzle|[of] p2b: Kyogre\n|move|p2a: Incineroar|Fake Out|p1b: Calyrex\n|-damage|p1b: Calyrex|83\/100\n|cant|p1b: Calyrex|flinch\n|\n|-weather|RainDance|[upkeep]\n|upkeep\n|turn|8\n|\n|t:|1720810349\n|move|p2b: Kyogre|Protect|p2b: Kyogre\n|-singleturn|p2b: Kyogre|Protect\n|move|p1b: Calyrex|Glacial Lance|p2b: Kyogre|[spread] p2a\n|-activate|p2b: Kyogre|move: Protect\n|-resisted|p2a: Incineroar\n|-damage|p2a: Incineroar|80\/100\n|move|p2a: Incineroar|Will-O-Wisp|p1b: Calyrex\n|-status|p1b: Calyrex|brn\n|\n|-weather|RainDance|[upkeep]\n|-damage|p1b: Calyrex|77\/100 brn|[from] brn\n|upkeep\n|turn|9\n|inactive|Billy_HMD has 30 seconds left.\n|\n|t:|1720810379\n|switch|p2b: Zapdos|Zapdos, L50|88\/100\n|move|p1b: Calyrex|Glacial Lance|p2b: Zapdos|[spread] p2a,p2b\n|-resisted|p2a: Incineroar\n|-supereffective|p2b: Zapdos\n|-crit|p2b: Zapdos\n|-damage|p2a: Incineroar|70\/100\n|-damage|p2b: Zapdos|17\/100\n|move|p2a: Incineroar|Knock Off|p1b: Calyrex\n|-supereffective|p1b: Calyrex\n|-damage|p1b: Calyrex|33\/100 brn\n|-enditem|p1b: Calyrex|Clear Amulet|[from] move: Knock Off|[of] p2a: Incineroar\n|\n|-weather|RainDance|[upkeep]\n|-damage|p1b: Calyrex|27\/100 brn|[from] brn\n|-fieldend|move: Trick Room\n|upkeep\n|turn|10\n|\n|t:|1720810393\n|move|p2b: Zapdos|Thunder|p1b: Calyrex\n|-damage|p1b: Calyrex|0 fnt\n|faint|p1b: Calyrex\n|\n|win|Billy_HMD\n|raw|thanosgreninja's rating: 1690 &rarr; <strong>1677<\/strong><br \/>(-13 for losing)\n|raw|Billy_HMD's rating: 1826 &rarr; <strong>1839<\/strong><br \/>(+13 for winning)\n|l|\u2606thanosgreninja\n|player|p1|\n|l|\u2606Billy_HMD\n|player|p2|\n","uploadtime":1720810619,"views":9,"formatid":"gen9vgc2024regg","rating":1677,"private":0,"password":null}