{"id":"gen9vgc2024regg-2159575116","format":"[Gen 9] VGC 2024 Reg G","players":["subutan","regigidragon"],"log":"|j|\u2606subutan\n|j|\u2606regigidragon\n|t:|1720779775\n|gametype|doubles\n|player|p1|subutan|roughneck-gen4|1665\n|player|p2|regigidragon|102|1798\n|teamsize|p1|6\n|teamsize|p2|6\n|gen|9\n|tier|[Gen 9] VGC 2024 Reg G\n|rated|\n|rule|Species Clause: Limit one of each Pok\u00e9mon\n|rule|Item Clause: Limit one of each item\n|clearpoke\n|poke|p1|Calyrex-Ice, L50|\n|poke|p1|Toxapex, L50, M|\n|poke|p1|Gouging Fire, L50|\n|poke|p1|Rillaboom, L50, M|\n|poke|p1|Cresselia, L50, F|\n|poke|p1|Ting-Lu, L50|\n|poke|p2|Giratina-Origin, L50|\n|poke|p2|Ting-Lu, L50|\n|poke|p2|Urshifu-*, L50, F|\n|poke|p2|Thundurus, L50, M|\n|poke|p2|Weezing-Galar, L50, M|\n|poke|p2|Regigigas, L50|\n|teampreview|4\n|inactive|Battle timer is ON: inactive players will automatically lose when time's up. (requested by subutan)\n|inactive|subutan has 60 seconds left.\n|inactive|regigidragon has 60 seconds left.\n|j| rabbihorn\n|\n|t:|1720779828\n|start\n|switch|p1a: Calyrex|Calyrex-Ice, L50|100\/100\n|switch|p1b: Toxapex|Toxapex, L50, M|100\/100\n|switch|p2a: Urshifu|Urshifu, L50, F|100\/100\n|switch|p2b: Thundurus|Thundurus, L50, M|100\/100\n|-ability|p1a: Calyrex|As One\n|-ability|p1a: Calyrex|Unnerve\n|turn|1\n|\n|t:|1720779851\n|switch|p1b: Ting-Lu|Ting-Lu, L50|100\/100\n|-ability|p1b: Ting-Lu|Vessel of Ruin\n|-terastallize|p1a: Calyrex|Fairy\n|move|p2b: Thundurus|Leer|p1b: Ting-Lu|[spread] p1a\n|-hint|Since gen 7, Dark is immune to Prankster moves.\n|-immune|p1b: Ting-Lu\n|-unboost|p1a: Calyrex|def|1\n|move|p2a: Urshifu|Wicked Blow|p1a: Calyrex\n|-resisted|p1a: Calyrex\n|-crit|p1a: Calyrex\n|-damage|p1a: Calyrex|66\/100\n|move|p1a: Calyrex|Glacial Lance|p2b: Thundurus|[spread] p2a,p2b\n|-supereffective|p2b: Thundurus\n|-damage|p2a: Urshifu|60\/100\n|-damage|p2b: Thundurus|5\/100\n|\n|upkeep\n|turn|2\n|j| biei2012-2022\n|inactive|subutan has 30 seconds left.\n|inactive|regigidragon has 30 seconds left.\n|inactive|subutan has 20 seconds left.\n|inactive|subutan has 15 seconds left.\n|inactive|subutan has 10 seconds left.\n|\n|t:|1720779897\n|move|p2b: Thundurus|Thunder Wave|p1a: Calyrex\n|-status|p1a: Calyrex|par\n|move|p2a: Urshifu|Wicked Blow|p1a: Calyrex\n|-resisted|p1a: Calyrex\n|-crit|p1a: Calyrex\n|-damage|p1a: Calyrex|28\/100 par\n|-enditem|p1a: Calyrex|Sitrus Berry|[eat]\n|-heal|p1a: Calyrex|53\/100 par|[from] item: Sitrus Berry\n|move|p1b: Ting-Lu|Throat Chop|p2b: Thundurus\n|-crit|p2b: Thundurus\n|-damage|p2b: Thundurus|0 fnt\n|faint|p2b: Thundurus\n|cant|p1a: Calyrex|par\n|\n|upkeep\n|l| biei2012-2022\n|\n|t:|1720779909\n|switch|p2b: Giratina|Giratina-Origin, L50, shiny|100\/100\n|turn|3\n|inactive|subutan has 30 seconds left.\n|\n|t:|1720779934\n|switch|p1a: Toxapex|Toxapex, L50, M|100\/100\n|move|p2b: Giratina|Shadow Sneak|p1a: Toxapex\n|-damage|p1a: Toxapex|83\/100\n|-damage|p2b: Giratina|84\/100|[from] item: Rocky Helmet|[of] p1a: Toxapex\n|move|p2a: Urshifu|Wicked Blow|p1a: Toxapex\n|-crit|p1a: Toxapex\n|-damage|p1a: Toxapex|21\/100\n|-damage|p2a: Urshifu|43\/100|[from] item: Rocky Helmet|[of] p1a: Toxapex\n|move|p1b: Ting-Lu|Sand Tomb|p2a: Urshifu\n|-damage|p2a: Urshifu|31\/100\n|-activate|p2a: Urshifu|move: Sand Tomb|[of] p1b: Ting-Lu\n|\n|-damage|p2a: Urshifu|18\/100|[from] move: Sand Tomb|[partiallytrapped]\n|upkeep\n|turn|4\n|inactive|subutan has 30 seconds left.\n|\n|t:|1720779968\n|move|p2a: Urshifu|Wicked Blow|p1b: Ting-Lu\n|-resisted|p1b: Ting-Lu\n|-crit|p1b: Ting-Lu\n|-damage|p1b: Ting-Lu|73\/100\n|move|p2b: Giratina|Breaking Swipe|p1a: Toxapex|[spread] p1a,p1b\n|-damage|p1a: Toxapex|3\/100\n|-damage|p1b: Ting-Lu|55\/100\n|-unboost|p1a: Toxapex|atk|1\n|-unboost|p1b: Ting-Lu|atk|1\n|-damage|p2b: Giratina|68\/100|[from] item: Rocky Helmet|[of] p1a: Toxapex\n|move|p1b: Ting-Lu|Throat Chop|p2b: Giratina\n|-supereffective|p2b: Giratina\n|-damage|p2b: Giratina|40\/100\n|-start|p2b: Giratina|Throat Chop|[silent]\n|move|p1a: Toxapex|Recover|p1a: Toxapex\n|-heal|p1a: Toxapex|53\/100\n|\n|-heal|p1b: Ting-Lu|62\/100|[from] item: Leftovers\n|-damage|p2a: Urshifu|6\/100|[from] move: Sand Tomb|[partiallytrapped]\n|upkeep\n|turn|5\n|inactive|subutan has 30 seconds left.\n|inactive|subutan has 20 seconds left.\n|inactive|subutan has 15 seconds left.\n|\n|t:|1720780010\n|switch|p1a: Calyrex|Calyrex-Ice, L50, tera:Fairy|53\/100 par\n|-ability|p1a: Calyrex|As One\n|-ability|p1a: Calyrex|Unnerve\n|-terastallize|p2b: Giratina|Poison\n|move|p2a: Urshifu|Wicked Blow|p1a: Calyrex\n|-resisted|p1a: Calyrex\n|-crit|p1a: Calyrex\n|-damage|p1a: Calyrex|29\/100 par\n|move|p2b: Giratina|Breaking Swipe|p1b: Ting-Lu|[spread] p1b\n|-immune|p1a: Calyrex\n|-damage|p1b: Ting-Lu|46\/100\n|-unboost|p1b: Ting-Lu|atk|1\n|move|p1b: Ting-Lu|Throat Chop|p2b: Giratina\n|-damage|p2b: Giratina|31\/100\n|\n|-heal|p1b: Ting-Lu|52\/100|[from] item: Leftovers\n|-damage|p2a: Urshifu|0 fnt|[from] move: Sand Tomb|[partiallytrapped]\n|faint|p2a: Urshifu\n|-end|p2b: Giratina|Throat Chop|[silent]\n|upkeep\n|\n|t:|1720780015\n|switch|p2a: Regigigas|Regigigas, L50|100\/100\n|-start|p2a: Regigigas|ability: Slow Start\n|turn|6\n|inactive|subutan has 30 seconds left.\n|\n|t:|1720780050\n|switch|p1b: Cresselia|Cresselia, L50, F|100\/100\n|switch|p1a: Toxapex|Toxapex, L50, M|86\/100\n|move|p2a: Regigigas|Wide Guard|p2a: Regigigas\n|-singleturn|p2a: Regigigas|Wide Guard\n|move|p2b: Giratina|Breaking Swipe|p1b: Cresselia|[spread] p1a,p1b\n|-damage|p1a: Toxapex|67\/100\n|-damage|p1b: Cresselia|83\/100\n|-unboost|p1a: Toxapex|atk|1\n|-unboost|p1b: Cresselia|atk|1\n|-damage|p2b: Giratina|14\/100|[from] item: Rocky Helmet|[of] p1a: Toxapex\n|\n|upkeep\n|turn|7\n|\n|t:|1720780073\n|move|p2b: Giratina|Poltergeist|p1b: Cresselia\n|-activate|p1b: Cresselia|move: Poltergeist|Safety Goggles\n|-supereffective|p1b: Cresselia\n|-damage|p1b: Cresselia|4\/100\n|move|p1b: Cresselia|Psychic|p2b: Giratina\n|-supereffective|p2b: Giratina\n|-damage|p2b: Giratina|0 fnt\n|faint|p2b: Giratina\n|move|p2a: Regigigas|High Horsepower|p1a: Toxapex\n|-supereffective|p1a: Toxapex\n|-damage|p1a: Toxapex|41\/100\n|-damage|p2a: Regigigas|84\/100|[from] item: Rocky Helmet|[of] p1a: Toxapex\n|move|p1a: Toxapex|Toxic|p2a: Regigigas\n|-status|p2a: Regigigas|tox\n|\n|-damage|p2a: Regigigas|78\/100 tox|[from] psn\n|upkeep\n|turn|8\n|-message|regigidragon forfeited.\n|\n|win|subutan\n|raw|subutan's rating: 1665 &rarr; <strong>1692<\/strong><br \/>(+27 for winning)\n|raw|regigidragon's rating: 1798 &rarr; <strong>1771<\/strong><br \/>(-27 for losing)\n|l|\u2606regigidragon\n|player|p2|\n|l|\u2606subutan\n|player|p1|\n","uploadtime":1720780094,"views":27,"formatid":"gen9vgc2024regg","rating":1692,"private":0,"password":null}