{"id":"gen9vgc2024regg-2159442296","format":"[Gen 9] VGC 2024 Reg G","players":["xDonJulio","thanosgreninja"],"log":"|j|\u203dxDonJulio\n|j|\u2606thanosgreninja\n|t:|1720753671\n|gametype|doubles\n|player|p1|xDonJulio|wallace|1652\n|player|p2|thanosgreninja|hilbert|1720\n|teamsize|p1|6\n|teamsize|p2|6\n|gen|9\n|tier|[Gen 9] VGC 2024 Reg G\n|rated|\n|rule|Species Clause: Limit one of each Pok\u00e9mon\n|rule|Item Clause: Limit one of each item\n|clearpoke\n|poke|p1|Koraidon, L50|\n|poke|p1|Entei, L50|\n|poke|p1|Chien-Pao, L50|\n|poke|p1|Chi-Yu, L50|\n|poke|p1|Flutter Mane, L50|\n|poke|p1|Rillaboom, L50, M|\n|poke|p2|Calyrex-Ice, L50|\n|poke|p2|Incineroar, L50, F|\n|poke|p2|Pelipper, L50, M|\n|poke|p2|Raging Bolt, L50|\n|poke|p2|Urshifu-*, L50, M|\n|poke|p2|Rillaboom, L50, M|\n|teampreview|4\n|\n|t:|1720753722\n|start\n|switch|p1a: Flutter Mane|Flutter Mane, L50, shiny|100\/100\n|switch|p1b: Koraidon|Koraidon, L50|100\/100\n|switch|p2a: Calyrex|Calyrex-Ice, L50|100\/100\n|switch|p2b: Urshifu|Urshifu-Rapid-Strike, L50, M|100\/100\n|-ability|p2a: Calyrex|As One\n|-ability|p2a: Calyrex|Unnerve\n|-weather|SunnyDay|[from] ability: Orichalcum Pulse|[of] p1b: Koraidon\n|-activate|p1a: Flutter Mane|ability: Protosynthesis\n|-start|p1a: Flutter Mane|protosynthesisspe\n|-activate|p1b: Koraidon|Orichalcum Pulse|[source]\n|turn|1\n|inactive|Battle timer is ON: inactive players will automatically lose when time's up. (requested by xDonJulio)\n|\n|t:|1720753745\n|switch|p2a: Pelipper|Pelipper, L50, M|100\/100\n|-weather|RainDance|[from] ability: Drizzle|[of] p2a: Pelipper\n|-end|p1a: Flutter Mane|Protosynthesis\n|-terastallize|p2b: Urshifu|Water\n|move|p2b: Urshifu|Surging Strikes|p1a: Flutter Mane\n|-crit|p1a: Flutter Mane\n|-damage|p1a: Flutter Mane|11\/100\n|-crit|p1a: Flutter Mane\n|-damage|p1a: Flutter Mane|0 fnt\n|faint|p1a: Flutter Mane\n|-end|p1a: Flutter Mane|Protosynthesis|[silent]\n|-hitcount|p1: Flutter Mane|2\n|move|p1b: Koraidon|Collision Course|p2b: Urshifu\n|-damage|p2b: Urshifu|44\/100\n|\n|-weather|RainDance|[upkeep]\n|upkeep\n|\n|t:|1720753754\n|switch|p1a: Entei|Entei, L50, shiny|100\/100\n|turn|2\n|\n|t:|1720753778\n|switch|p2b: Raging Bolt|Raging Bolt, L50|100\/100\n|-enditem|p2b: Raging Bolt|Booster Energy\n|-activate|p2b: Raging Bolt|ability: Protosynthesis|[fromitem]\n|-start|p2b: Raging Bolt|protosynthesisspa\n|switch|p1b: Chien-Pao|Chien-Pao, L50|100\/100\n|-ability|p1b: Chien-Pao|Sword of Ruin\n|-terastallize|p1a: Entei|Normal\n|move|p1a: Entei|Extreme Speed|p2b: Raging Bolt\n|-damage|p2b: Raging Bolt|32\/100\n|move|p2a: Pelipper|Weather Ball|p1a: Entei\n|-damage|p1a: Entei|25\/100\n|\n|-weather|RainDance|[upkeep]\n|upkeep\n|turn|3\n|inactive|thanosgreninja has 30 seconds left.\n|inactive|thanosgreninja has 20 seconds left.\n|\n|t:|1720753816\n|move|p1a: Entei|Extreme Speed|p2a: Pelipper\n|-damage|p2a: Pelipper|6\/100\n|move|p2b: Raging Bolt|Thunderclap|p1b: Chien-Pao\n|-crit|p1b: Chien-Pao\n|-enditem|p1b: Chien-Pao|Focus Sash\n|-damage|p1b: Chien-Pao|1\/100\n|move|p1b: Chien-Pao|Ice Spinner|p2b: Raging Bolt\n|-supereffective|p2b: Raging Bolt\n|-damage|p2b: Raging Bolt|0 fnt\n|faint|p2b: Raging Bolt\n|-end|p2b: Raging Bolt|Protosynthesis|[silent]\n|move|p2a: Pelipper|Weather Ball|p1a: Entei\n|-damage|p1a: Entei|0 fnt\n|faint|p1a: Entei\n|\n|-weather|RainDance|[upkeep]\n|upkeep\n|\n|t:|1720753833\n|switch|p1a: Koraidon|Koraidon, L50|100\/100\n|switch|p2b: Urshifu|Urshifu-Rapid-Strike, L50, M, tera:Water|44\/100\n|-weather|SunnyDay|[from] ability: Orichalcum Pulse|[of] p1a: Koraidon\n|-activate|p1a: Koraidon|Orichalcum Pulse|[source]\n|turn|4\n|\n|t:|1720753851\n|switch|p2a: Calyrex|Calyrex-Ice, L50|100\/100\n|-ability|p2a: Calyrex|As One\n|-ability|p2a: Calyrex|Unnerve\n|move|p1b: Chien-Pao|Sucker Punch|p2b: Urshifu\n|-damage|p2b: Urshifu|0 fnt\n|faint|p2b: Urshifu\n|move|p1a: Koraidon|Flare Blitz|p2a: Calyrex\n|-supereffective|p2a: Calyrex\n|-damage|p2a: Calyrex|0 fnt\n|faint|p2a: Calyrex\n|-damage|p1a: Koraidon|62\/100|[from] Recoil\n|\n|-weather|SunnyDay|[upkeep]\n|upkeep\n|\n|t:|1720753862\n|switch|p2b: Pelipper|Pelipper, L50, M|6\/100\n|-weather|RainDance|[from] ability: Drizzle|[of] p2b: Pelipper\n|turn|5\n|\n|t:|1720753873\n|move|p1b: Chien-Pao|Sucker Punch|p2b: Pelipper\n|-damage|p2b: Pelipper|0 fnt\n|faint|p2b: Pelipper\n|\n|win|xDonJulio\n|raw|xDonJulio's rating: 1652 &rarr; <strong>1676<\/strong><br \/>(+24 for winning)\n|raw|thanosgreninja's rating: 1720 &rarr; <strong>1696<\/strong><br \/>(-24 for losing)\n|j| bluestraggler01\n|l|\u203dxDonJulio\n|player|p1|\n|l|\u2606thanosgreninja\n|player|p2|\n|l| bluestraggler01\n","uploadtime":1720754089,"views":12,"formatid":"gen9vgc2024regg","rating":1676,"private":0,"password":null}