{"id":"gen9vgc2024regg-2159410408","format":"[Gen 9] VGC 2024 Reg G","players":["It'sJustKen VGC","code_anish"],"log":"|j|\u2606It'sJustKen VGC\n|j|\u2606code_anish\n|t:|1720749149\n|gametype|doubles\n|player|p1|It'sJustKen VGC|turo|1718\n|player|p2|code_anish|yellow|1695\n|teamsize|p1|6\n|teamsize|p2|6\n|gen|9\n|tier|[Gen 9] VGC 2024 Reg G\n|rated|\n|rule|Species Clause: Limit one of each Pok\u00e9mon\n|rule|Item Clause: Limit one of each item\n|clearpoke\n|poke|p1|Calyrex-Shadow, L50|\n|poke|p1|Annihilape, L50, F|\n|poke|p1|Chi-Yu, L50|\n|poke|p1|Landorus-Therian, L50, M|\n|poke|p1|Farigiraf, L50, F|\n|poke|p1|Tornadus, L50, M|\n|poke|p2|Zacian-*, L50|\n|poke|p2|Pelipper, L50, F|\n|poke|p2|Amoonguss, L50, F|\n|poke|p2|Landorus, L50, M|\n|poke|p2|Raging Bolt, L50|\n|poke|p2|Urshifu-*, L50, M|\n|teampreview|4\n|inactive|Battle timer is ON: inactive players will automatically lose when time's up. (requested by It'sJustKen VGC)\n|c|\u2606code_anish|:p\n|c|\u2606It'sJustKen VGC|:p\n|c|\u2606It'sJustKen VGC|glhf\n|c|\u2606code_anish|u3\n|inactive|It'sJustKen VGC has 60 seconds left.\n|inactive|code_anish has 60 seconds left.\n|\n|t:|1720749189\n|start\n|switch|p1a: It'sDaMonke|Annihilape, L50, F, shiny|100\/100\n|switch|p1b: It'sDaGenie|Tornadus, L50, M|100\/100\n|switch|p2a: Raging Bolt|Raging Bolt, L50|100\/100\n|switch|p2b: Amoonguss|Amoonguss, L50, F|100\/100\n|turn|1\n|j| bluestraggler01\n|\n|t:|1720749205\n|move|p1a: It'sDaMonke|U-turn|p2b: Amoonguss\n|-damage|p2b: Amoonguss|87\/100\n|\n|t:|1720749208\n|switch|p1a: It'sDaTigre|Landorus-Therian, L50, M|100\/100|[from] U-turn\n|-ability|p1a: It'sDaTigre|Intimidate|boost\n|-unboost|p2a: Raging Bolt|atk|1\n|-unboost|p2b: Amoonguss|atk|1\n|move|p1b: It'sDaGenie|Bleakwind Storm|p2b: Amoonguss|[spread] p2a,p2b\n|-resisted|p2a: Raging Bolt\n|-supereffective|p2b: Amoonguss\n|-damage|p2a: Raging Bolt|89\/100\n|-damage|p2b: Amoonguss|21\/100\n|-unboost|p2a: Raging Bolt|spe|1\n|-unboost|p2b: Amoonguss|spe|1\n|move|p2a: Raging Bolt|Thunderbolt|p1b: It'sDaGenie\n|-supereffective|p1b: It'sDaGenie\n|-damage|p1b: It'sDaGenie|0 fnt\n|faint|p1b: It'sDaGenie\n|move|p2b: Amoonguss|Spore|p1a: It'sDaTigre\n|-status|p1a: It'sDaTigre|slp|[from] move: Spore\n|\n|upkeep\n|\n|t:|1720749210\n|switch|p1b: It'sDaHorse|Calyrex-Shadow, L50|100\/100\n|-ability|p1b: It'sDaHorse|As One\n|-ability|p1b: It'sDaHorse|Unnerve\n|turn|2\n|\n|t:|1720749226\n|switch|p1a: It'sDaMonke|Annihilape, L50, F, shiny|100\/100\n|-terastallize|p1b: It'sDaHorse|Ghost\n|-terastallize|p2b: Amoonguss|Normal\n|move|p1b: It'sDaHorse|Astral Barrage|p2b: Amoonguss|[spread] p2a\n|-immune|p2b: Amoonguss\n|-damage|p2a: Raging Bolt|23\/100\n|move|p2a: Raging Bolt|Snarl|p1b: It'sDaHorse|[spread] p1a,p1b\n|-supereffective|p1b: It'sDaHorse\n|-damage|p1a: It'sDaMonke|87\/100\n|-damage|p1b: It'sDaHorse|70\/100\n|-unboost|p1a: It'sDaMonke|spa|1\n|-ability|p1a: It'sDaMonke|Defiant|boost\n|-boost|p1a: It'sDaMonke|atk|2\n|-unboost|p1b: It'sDaHorse|spa|1\n|move|p2b: Amoonguss|Spore|p1b: It'sDaHorse\n|-status|p1b: It'sDaHorse|slp|[from] move: Spore\n|\n|upkeep\n|turn|3\n|\n|t:|1720749243\n|-end|p2a: Raging Bolt|Protosynthesis|[silent]\n|switch|p2a: Pelipper|Pelipper, L50, F|100\/100\n|-weather|RainDance|[from] ability: Drizzle|[of] p2a: Pelipper\n|move|p1a: It'sDaMonke|Close Combat|p2b: Amoonguss\n|-supereffective|p2b: Amoonguss\n|-damage|p2b: Amoonguss|0 fnt\n|-unboost|p1a: It'sDaMonke|def|1\n|-unboost|p1a: It'sDaMonke|spd|1\n|faint|p2b: Amoonguss\n|cant|p1b: It'sDaHorse|slp\n|\n|-weather|RainDance|[upkeep]\n|upkeep\n|j| rouge en rouge\n|\n|t:|1720749264\n|switch|p2b: Zacian|Zacian-Crowned, L50|100\/100\n|-ability|p2b: Zacian|Intrepid Sword|boost\n|-boost|p2b: Zacian|atk|1\n|turn|4\n|\n|t:|1720749278\n|move|p2a: Pelipper|Wide Guard|p2a: Pelipper\n|-singleturn|p2a: Pelipper|Wide Guard\n|move|p1a: It'sDaMonke|Close Combat|p2b: Zacian\n|-damage|p2b: Zacian|32\/100\n|-unboost|p1a: It'sDaMonke|def|1\n|-unboost|p1a: It'sDaMonke|spd|1\n|cant|p1b: It'sDaHorse|slp\n|move|p2b: Zacian|Play Rough|p1a: It'sDaMonke\n|-supereffective|p1a: It'sDaMonke\n|-damage|p1a: It'sDaMonke|0 fnt\n|faint|p1a: It'sDaMonke\n|\n|-weather|RainDance|[upkeep]\n|upkeep\n|\n|t:|1720749281\n|switch|p1a: It'sDaTigre|Landorus-Therian, L50, M|100\/100 slp\n|-ability|p1a: It'sDaTigre|Intimidate|boost\n|-unboost|p2a: Pelipper|atk|1\n|-unboost|p2b: Zacian|atk|1\n|turn|5\n|\n|t:|1720749290\n|move|p2a: Pelipper|Wide Guard|p2a: Pelipper\n|-singleturn|p2a: Pelipper|Wide Guard\n|-curestatus|p1b: It'sDaHorse|slp|[msg]\n|move|p1b: It'sDaHorse|Astral Barrage|p2b: Zacian|[spread] \n|-activate|p2a: Pelipper|move: Wide Guard\n|-activate|p2b: Zacian|move: Wide Guard\n|move|p2b: Zacian|Behemoth Blade|p1a: It'sDaTigre\n|-damage|p1a: It'sDaTigre|27\/100 slp\n|cant|p1a: It'sDaTigre|slp\n|\n|-weather|RainDance|[upkeep]\n|upkeep\n|turn|6\n|\n|t:|1720749299\n|move|p2a: Pelipper|Wide Guard|p2a: Pelipper\n|-singleturn|p2a: Pelipper|Wide Guard\n|move|p1b: It'sDaHorse|Astral Barrage|p2a: Pelipper|[spread] \n|-activate|p2a: Pelipper|move: Wide Guard\n|-activate|p2b: Zacian|move: Wide Guard\n|move|p2b: Zacian|Behemoth Blade|p1a: It'sDaTigre\n|-damage|p1a: It'sDaTigre|0 fnt\n|faint|p1a: It'sDaTigre\n|\n|-weather|RainDance|[upkeep]\n|upkeep\n|turn|7\n|-message|It'sJustKen VGC forfeited.\n|\n|win|code_anish\n|raw|It&apos;sJustKen VGC's rating: 1718 &rarr; <strong>1697<\/strong><br \/>(-21 for losing)\n|raw|code_anish's rating: 1695 &rarr; <strong>1716<\/strong><br \/>(+21 for winning)\n|c|\u2606It'sJustKen VGC|gg\n|l|\u2606It'sJustKen VGC\n|player|p1|\n|c|\u2606code_anish|gg\n|l| bluestraggler01\n|l|\u2606code_anish\n|player|p2|\n|l| rouge en rouge\n","uploadtime":1720749514,"views":30,"formatid":"gen9vgc2024regg","rating":1697,"private":0,"password":null}