{"id":"gen9vgc2024regg-2159628690","format":"[Gen 9] VGC 2024 Reg G","players":["Krisuerte","La voz favorita"],"log":"|j|\u2606Krisuerte\n|j|\u2606La voz favorita\n|t:|1720788956\n|gametype|doubles\n|player|p1|Krisuerte|2|1750\n|player|p2|La voz favorita|steven|1717\n|teamsize|p1|6\n|teamsize|p2|6\n|gen|9\n|tier|[Gen 9] VGC 2024 Reg G\n|rated|\n|rule|Species Clause: Limit one of each Pok\u00e9mon\n|rule|Item Clause: Limit one of each item\n|clearpoke\n|poke|p1|Sinistcha-Masterpiece, L50|\n|poke|p1|Kyogre, L50|\n|poke|p1|Tornadus, L50, M|\n|poke|p1|Urshifu-*, L50, M|\n|poke|p1|Archaludon, L50, F|\n|poke|p1|Landorus, L50, M|\n|poke|p2|Giratina, L50|\n|poke|p2|Grimmsnarl, L50, M|\n|poke|p2|Glimmora, L50, F|\n|poke|p2|Incineroar, L50, F|\n|poke|p2|Rillaboom, L50, F|\n|poke|p2|Urshifu-*, L50, F|\n|teampreview|4\nLa voz favorita has agreed to open team sheets.\n|\n|t:|1720788979\n|start\n|switch|p1a: Kyogre|Kyogre, L50|100\/100\n|switch|p1b: Tornadus|Tornadus, L50, M|100\/100\n|switch|p2a: Grimmsnarl|Grimmsnarl, L50, M|100\/100\n|switch|p2b: Rillaboom|Rillaboom, L50, F|100\/100\n|-fieldstart|move: Grassy Terrain|[from] ability: Grassy Surge|[of] p2b: Rillaboom\n|-weather|RainDance|[from] ability: Drizzle|[of] p1a: Kyogre\n|turn|1\n|inactive|Battle timer is ON: inactive players will automatically lose when time's up. (requested by Krisuerte)\n|\n|t:|1720789005\n|-terastallize|p1a: Kyogre|Ghost\n|move|p2a: Grimmsnarl|Light Screen|p2a: Grimmsnarl\n|-sidestart|p2: La voz favorita|move: Light Screen\n|move|p1b: Tornadus|Bleakwind Storm|p2b: Rillaboom|[spread] p2a,p2b\n|-supereffective|p2b: Rillaboom\n|-damage|p2a: Grimmsnarl|82\/100\n|-damage|p2b: Rillaboom|67\/100\n|-unboost|p2b: Rillaboom|spe|1\n|move|p1a: Kyogre|Water Spout|p2a: Grimmsnarl|[spread] p2a,p2b\n|-resisted|p2b: Rillaboom\n|-damage|p2a: Grimmsnarl|0 fnt\n|-damage|p2b: Rillaboom|30\/100\n|faint|p2a: Grimmsnarl\n|move|p2b: Rillaboom|U-turn|p1a: Kyogre\n|-resisted|p1a: Kyogre\n|-damage|p1a: Kyogre|90\/100\n|\n|t:|1720789023\n|switch|p2b: Urshifu|Urshifu-Rapid-Strike, L50, F|100\/100|[from] U-turn\n|\n|-weather|RainDance|[upkeep]\n|-heal|p1a: Kyogre|96\/100|[from] Grassy Terrain\n|upkeep\n|\n|t:|1720789025\n|switch|p2a: Giratina|Giratina, L50, shiny|100\/100\n|-ability|p2a: Giratina|Pressure\n|turn|2\n|\n|t:|1720789038\n|-terastallize|p2b: Urshifu|Water\n|move|p1b: Tornadus|Tailwind|p1b: Tornadus\n|-sidestart|p1: Krisuerte|move: Tailwind\n|move|p1a: Kyogre|Water Spout|p2b: Urshifu|[spread] p2a,p2b\n|-resisted|p2a: Giratina\n|-resisted|p2b: Urshifu\n|-damage|p2a: Giratina|76\/100\n|-damage|p2b: Urshifu|44\/100\n|move|p2b: Urshifu|Surging Strikes|p1a: Kyogre\n|-crit|p1a: Kyogre\n|-damage|p1a: Kyogre|53\/100\n|-crit|p1a: Kyogre\n|-damage|p1a: Kyogre|10\/100\n|-crit|p1a: Kyogre\n|-damage|p1a: Kyogre|0 fnt\n|faint|p1a: Kyogre\n|-hitcount|p1: Kyogre|3\n|move|p2a: Giratina|Calm Mind|p2a: Giratina\n|-boost|p2a: Giratina|spa|1\n|-boost|p2a: Giratina|spd|1\n|\n|-weather|RainDance|[upkeep]\n|-heal|p2b: Urshifu|50\/100|[from] Grassy Terrain\n|-heal|p2a: Giratina|83\/100|[from] Grassy Terrain\n|-heal|p2a: Giratina|89\/100|[from] item: Leftovers\n|upkeep\n|inactive|Krisuerte has 30 seconds left.\n|\n|t:|1720789064\n|switch|p1a: Archaludon|Archaludon, L50, F|100\/100\n|turn|3\n|\n|t:|1720789074\n|move|p2b: Urshifu|Detect|p2b: Urshifu\n|-singleturn|p2b: Urshifu|Protect\n|move|p1b: Tornadus|Bleakwind Storm|p2a: Giratina|[spread] p2a\n|-activate|p2b: Urshifu|move: Protect\n|-damage|p2a: Giratina|82\/100\n|-unboost|p2a: Giratina|spe|1\n|move|p1a: Archaludon|Electro Shot||[still]\n|-prepare|p1a: Archaludon|Electro Shot\n|-boost|p1a: Archaludon|spa|1\n|-anim|p1a: Archaludon|Electro Shot|p2b: Urshifu\n|-activate|p2b: Urshifu|move: Protect\n|move|p2a: Giratina|Dragon Pulse|p1a: Archaludon\n|-damage|p1a: Archaludon|56\/100\n|-ability|p1a: Archaludon|Stamina|boost\n|-boost|p1a: Archaludon|def|1\n|\n|-weather|RainDance|[upkeep]\n|-heal|p1a: Archaludon|62\/100|[from] Grassy Terrain\n|-heal|p2b: Urshifu|56\/100|[from] Grassy Terrain\n|-heal|p2a: Giratina|88\/100|[from] Grassy Terrain\n|-heal|p2a: Giratina|94\/100|[from] item: Leftovers\n|upkeep\n|turn|4\n|j| Maushold-9P\n|inactive|Krisuerte has 30 seconds left.\n|inactive|La voz favorita has 30 seconds left.\n|\n|t:|1720789109\n|switch|p2b: Rillaboom|Rillaboom, L50, F|30\/100\n|move|p1b: Tornadus|Bleakwind Storm|p2b: Rillaboom|[spread] p2a,p2b\n|-supereffective|p2b: Rillaboom\n|-damage|p2a: Giratina|87\/100\n|-damage|p2b: Rillaboom|0 fnt\n|-unboost|p2a: Giratina|spe|1\n|faint|p2b: Rillaboom\n|move|p1a: Archaludon|Electro Shot||[still]\n|-prepare|p1a: Archaludon|Electro Shot\n|-boost|p1a: Archaludon|spa|1\n|-anim|p1a: Archaludon|Electro Shot|p2a: Giratina\n|-resisted|p2a: Giratina\n|-damage|p2a: Giratina|77\/100\n|move|p2a: Giratina|Dragon Pulse|p1a: Archaludon\n|-damage|p1a: Archaludon|23\/100\n|-ability|p1a: Archaludon|Stamina|boost\n|-boost|p1a: Archaludon|def|1\n|\n|-weather|RainDance|[upkeep]\n|-heal|p1a: Archaludon|29\/100|[from] Grassy Terrain\n|-heal|p2a: Giratina|83\/100|[from] Grassy Terrain\n|-heal|p2a: Giratina|90\/100|[from] item: Leftovers\n|upkeep\n|\n|t:|1720789116\n|switch|p2b: Urshifu|Urshifu-Rapid-Strike, L50, F, tera:Water|56\/100\n|turn|5\n|l| Maushold-9P\n|j| biei\u2014test\n|\n|t:|1720789140\n|move|p2b: Urshifu|Detect|p2b: Urshifu\n|-singleturn|p2b: Urshifu|Protect\n|move|p1b: Tornadus|Bleakwind Storm|p2b: Urshifu|[spread] p2a\n|-activate|p2b: Urshifu|move: Protect\n|-damage|p2a: Giratina|82\/100\n|-unboost|p2a: Giratina|spe|1\n|move|p1a: Archaludon|Snarl|p2b: Urshifu|[spread] p2a\n|-activate|p2b: Urshifu|move: Protect\n|-supereffective|p2a: Giratina\n|-damage|p2a: Giratina|68\/100\n|-unboost|p2a: Giratina|spa|1\n|move|p2a: Giratina|Dragon Pulse|p1a: Archaludon\n|-damage|p1a: Archaludon|0 fnt\n|faint|p1a: Archaludon\n|\n|-weather|none\n|-heal|p2b: Urshifu|62\/100|[from] Grassy Terrain\n|-heal|p2a: Giratina|74\/100|[from] Grassy Terrain\n|-heal|p2a: Giratina|80\/100|[from] item: Leftovers\n|-sideend|p1: Krisuerte|move: Tailwind\n|-fieldend|move: Grassy Terrain\n|upkeep\n|\n|t:|1720789163\n|switch|p1a: Urshifu|Urshifu-Rapid-Strike, L50, M|100\/100\n|turn|6\n|\n|t:|1720789173\n|move|p1b: Tornadus|Tailwind|p1b: Tornadus\n|-sidestart|p1: Krisuerte|move: Tailwind\n|move|p1a: Urshifu|Close Combat|p2b: Urshifu\n|-crit|p2b: Urshifu\n|-damage|p2b: Urshifu|0 fnt\n|-unboost|p1a: Urshifu|def|1\n|-unboost|p1a: Urshifu|spd|1\n|faint|p2b: Urshifu\n|move|p2a: Giratina|Dragon Pulse|p1a: Urshifu\n|-damage|p1a: Urshifu|35\/100\n|\n|-heal|p2a: Giratina|86\/100|[from] item: Leftovers\n|upkeep\n|turn|7\n|\n|t:|1720789190\n|move|p1a: Urshifu|Detect|p1a: Urshifu\n|-singleturn|p1a: Urshifu|Protect\n|move|p1b: Tornadus|Rain Dance|p1b: Tornadus\n|-weather|RainDance\n|move|p2a: Giratina|Dragon Pulse|p1a: Urshifu\n|-activate|p1a: Urshifu|move: Protect\n|\n|-weather|RainDance|[upkeep]\n|-heal|p2a: Giratina|93\/100|[from] item: Leftovers\n|upkeep\n|turn|8\n|\n|t:|1720789204\n|move|p1b: Tornadus|Bleakwind Storm|p2a: Giratina\n|-damage|p2a: Giratina|82\/100\n|move|p1a: Urshifu|Surging Strikes|p2a: Giratina\n|-resisted|p2a: Giratina\n|-crit|p2a: Giratina\n|-damage|p2a: Giratina|71\/100\n|-resisted|p2a: Giratina\n|-crit|p2a: Giratina\n|-damage|p2a: Giratina|60\/100\n|-resisted|p2a: Giratina\n|-crit|p2a: Giratina\n|-damage|p2a: Giratina|49\/100\n|-hitcount|p2a: Giratina|3\n|move|p2a: Giratina|Dragon Pulse|p1a: Urshifu\n|-damage|p1a: Urshifu|0 fnt\n|faint|p1a: Urshifu\n|\n|-weather|RainDance|[upkeep]\n|-heal|p2a: Giratina|55\/100|[from] item: Leftovers\n|-sideend|p2: La voz favorita|move: Light Screen\n|upkeep\n|turn|9\n|\n|t:|1720789229\n|move|p2a: Giratina|Protect|p2a: Giratina\n|-singleturn|p2a: Giratina|Protect\n|move|p1b: Tornadus|Bleakwind Storm|p2a: Giratina\n|-activate|p2a: Giratina|move: Protect\n|\n|-weather|RainDance|[upkeep]\n|-heal|p2a: Giratina|61\/100|[from] item: Leftovers\n|-sideend|p1: Krisuerte|move: Tailwind\n|upkeep\n|turn|10\n|c| biei\u2014test|pressure?\n|c|\u2606La voz favorita|Well\n|c|\u2606La voz favorita|yeah\n|c|\u2606La voz favorita|why would I need telepathy\n|c| biei\u2014test|hahaha\n|c|\u2606La voz favorita|Is it working?\n|inactive|La voz favorita has 30 seconds left.\n|\n|t:|1720789257\n|move|p1b: Tornadus|Bleakwind Storm|p2a: Giratina\n|-damage|p2a: Giratina|45\/100\n|move|p2a: Giratina|Calm Mind|p2a: Giratina\n|-boost|p2a: Giratina|spa|1\n|-boost|p2a: Giratina|spd|1\n|\n|-weather|RainDance|[upkeep]\n|-heal|p2a: Giratina|51\/100|[from] item: Leftovers\n|upkeep\n|turn|11\n|c| biei\u2014test|yes\n|\n|t:|1720789268\n|move|p2a: Giratina|Protect|p2a: Giratina\n|-singleturn|p2a: Giratina|Protect\n|move|p1b: Tornadus|Bleakwind Storm|p2a: Giratina\n|-activate|p2a: Giratina|move: Protect\n|\n|-weather|none\n|-heal|p2a: Giratina|57\/100|[from] item: Leftovers\n|upkeep\n|turn|12\n|c|\u2606La voz favorita|I see\n|c|\u2606La voz favorita|it finally does something lol\n|\n|t:|1720789277\n|move|p1b: Tornadus|Bleakwind Storm|p2a: Giratina\n|-damage|p2a: Giratina|44\/100\n|move|p2a: Giratina|Dragon Pulse|p1b: Tornadus\n|-damage|p1b: Tornadus|53\/100\n|\n|-heal|p2a: Giratina|50\/100|[from] item: Leftovers\n|upkeep\n|turn|13\n|c| biei\u2014test|Bleakwind Storm skill 8 ?\n|c|\u2606La voz favorita|Haha\n|c| biei\u2014test|you're smart\n|inactive|Krisuerte has 30 seconds left.\n|inactive|Krisuerte has 20 seconds left.\n|inactive|Krisuerte has 15 seconds left.\n|inactive|Krisuerte has 10 seconds left.\n|inactive|Krisuerte has 5 seconds left.\n|\n|t:|1720789332\n|move|p2a: Giratina|Protect|p2a: Giratina\n|-singleturn|p2a: Giratina|Protect\n|move|p1b: Tornadus|Tailwind|p1b: Tornadus\n|-sidestart|p1: Krisuerte|move: Tailwind\n|\n|-heal|p2a: Giratina|57\/100|[from] item: Leftovers\n|upkeep\n|turn|14\n|l|\u2606Krisuerte\n|inactive|Krisuerte disconnected and has a minute to reconnect!\n|player|p1|\n|c| biei\u2014test|oh\n|c|\u2606La voz favorita|Oh waiy\n|inactive|Krisuerte has 30 seconds left.\n|c|\u2606La voz favorita|youre not the one I\u2019m fighting\n|c|\u2606La voz favorita|LMAO\n|inactive|Krisuerte has 20 seconds left.\n|inactive|Krisuerte has 15 seconds left.\n|inactive|Krisuerte has 10 seconds left.\n|c|\u2606La voz favorita|Thanks for the complement anyways\n|inactive|Krisuerte has 5 seconds left.\n|c| biei\u2014test|you know\n|-message|Krisuerte lost due to inactivity.\n|\n|win|La voz favorita\n|raw|Krisuerte's rating: 1750 &rarr; <strong>1728<\/strong><br \/>(-22 for losing)\n|raw|La voz favorita's rating: 1717 &rarr; <strong>1739<\/strong><br \/>(+22 for winning)\n","uploadtime":1720789415,"views":9,"formatid":"gen9vgc2024regg","rating":1728,"private":0,"password":null}