{"id":"gen9vgc2024regg-2159794258","format":"[Gen 9] VGC 2024 Reg G","players":["Mojoe93","La voz favorita"],"log":"|j|\u2606Mojoe93\n|j|\u2606La voz favorita\n|t:|1720808831\n|gametype|doubles\n|player|p1|Mojoe93|266|1728\n|player|p2|La voz favorita|steven|1824\n|teamsize|p1|6\n|teamsize|p2|6\n|gen|9\n|tier|[Gen 9] VGC 2024 Reg G\n|rated|\n|rule|Species Clause: Limit one of each Pok\u00e9mon\n|rule|Item Clause: Limit one of each item\n|clearpoke\n|poke|p1|Grimmsnarl, L50, M|\n|poke|p1|Urshifu-*, L50, F|\n|poke|p1|Volcarona, L50, F|\n|poke|p1|Terapagos, L50, M|\n|poke|p1|Iron Hands, L50|\n|poke|p1|Raging Bolt, L50|\n|poke|p2|Giratina, L50|\n|poke|p2|Grimmsnarl, L50, M|\n|poke|p2|Glimmora, L50, F|\n|poke|p2|Incineroar, L50, F|\n|poke|p2|Rillaboom, L50, F|\n|poke|p2|Urshifu-*, L50, F|\n|teampreview|4\nLa voz favorita has agreed to open team sheets.\nMojoe93 has agreed to open team sheets.\n|\n|t:|1720808955\n|start\n|switch|p1a: Grimmsnarl|Grimmsnarl, L50, M|100\/100\n|switch|p1b: Raging Bolt|Raging Bolt, L50|100\/100\n|switch|p2a: Grimmsnarl|Grimmsnarl, L50, M|100\/100\n|switch|p2b: Glimmora|Glimmora, L50, F|100\/100\n|turn|1\n|\n|t:|1720808982\n|move|p1a: Grimmsnarl|Light Screen|p1a: Grimmsnarl\n|-sidestart|p1: Mojoe93|move: Light Screen\n|move|p2b: Glimmora|Mortal Spin|p1a: Grimmsnarl|[spread] p1a,p1b\n|-supereffective|p1a: Grimmsnarl\n|-damage|p1a: Grimmsnarl|94\/100\n|-damage|p1b: Raging Bolt|97\/100\n|-status|p1a: Grimmsnarl|psn\n|-status|p1b: Raging Bolt|psn\n|move|p1b: Raging Bolt|Draco Meteor|p2b: Glimmora\n|-damage|p2b: Glimmora|5\/100\n|-unboost|p1b: Raging Bolt|spa|2\n|move|p2a: Grimmsnarl|Spirit Break|p1a: Grimmsnarl\n|-supereffective|p1a: Grimmsnarl\n|-damage|p1a: Grimmsnarl|28\/100 psn\n|-unboost|p1a: Grimmsnarl|spa|1\n|\n|-heal|p1b: Raging Bolt|100\/100 psn|[from] item: Leftovers\n|-damage|p1b: Raging Bolt|88\/100 psn|[from] psn\n|-damage|p1a: Grimmsnarl|16\/100 psn|[from] psn\n|upkeep\n|turn|2\n|\n|t:|1720809013\n|move|p2b: Glimmora|Spiky Shield|p2b: Glimmora\n|-singleturn|p2b: Glimmora|move: Protect\n|move|p1a: Grimmsnarl|Reflect|p1a: Grimmsnarl\n|-sidestart|p1: Mojoe93|Reflect\n|move|p1b: Raging Bolt|Electroweb|p2a: Grimmsnarl|[spread] p2a\n|-activate|p2b: Glimmora|move: Protect\n|-damage|p2a: Grimmsnarl|90\/100\n|-unboost|p2a: Grimmsnarl|spe|1\n|move|p2a: Grimmsnarl|Spirit Break|p1b: Raging Bolt\n|-supereffective|p1b: Raging Bolt\n|-damage|p1b: Raging Bolt|55\/100 psn\n|-unboost|p1b: Raging Bolt|spa|1\n|\n|-heal|p1b: Raging Bolt|61\/100 psn|[from] item: Leftovers\n|-damage|p1b: Raging Bolt|49\/100 psn|[from] psn\n|-damage|p1a: Grimmsnarl|3\/100 psn|[from] psn\n|upkeep\n|turn|3\n|j| Millamojake\n|\n|t:|1720809034\n|move|p2a: Grimmsnarl|Light Screen|p2a: Grimmsnarl\n|-sidestart|p2: La voz favorita|move: Light Screen\n|move|p2b: Glimmora|Meteor Beam||[still]\n|-prepare|p2b: Glimmora|Meteor Beam\n|-boost|p2b: Glimmora|spa|1\n|-enditem|p2b: Glimmora|Power Herb\n|-anim|p2b: Glimmora|Meteor Beam|p1b: Raging Bolt\n|-damage|p1b: Raging Bolt|3\/100 psn\n|move|p1b: Raging Bolt|Electroweb|p2b: Glimmora|[spread] p2a,p2b\n|-damage|p2a: Grimmsnarl|84\/100\n|-damage|p2b: Glimmora|0 fnt\n|-unboost|p2a: Grimmsnarl|spe|1\n|faint|p2b: Glimmora\n|move|p1a: Grimmsnarl|Foul Play|p2a: Grimmsnarl\n|-resisted|p2a: Grimmsnarl\n|-damage|p2a: Grimmsnarl|74\/100\n|\n|-heal|p1b: Raging Bolt|9\/100 psn|[from] item: Leftovers\n|-damage|p1b: Raging Bolt|0 fnt|[from] psn\n|faint|p1b: Raging Bolt\n|-end|p1b: Raging Bolt|Protosynthesis|[silent]\n|-damage|p1a: Grimmsnarl|0 fnt|[from] psn\n|faint|p1a: Grimmsnarl\n|upkeep\n|\n|t:|1720809053\n|switch|p2b: Giratina|Giratina, L50, shiny|100\/100\n|switch|p1b: Terapagos|Terapagos, L50, M|100\/100\n|switch|p1a: Iron Hands|Iron Hands, L50|100\/100\n|-activate|p1b: Terapagos|ability: Tera Shift\n|detailschange|p1b: Terapagos|Terapagos-Terastal, L50, M\n|-heal|p1b: Terapagos|100\/100|[silent]\n|-ability|p2b: Giratina|Pressure\n|turn|4\n|\n|t:|1720809074\n|-terastallize|p1b: Terapagos|Stellar\n|detailschange|p1b: Terapagos|Terapagos-Stellar, L50, M, tera:Stellar\n|-heal|p1b: Terapagos|100\/100|[silent]\n|move|p1a: Iron Hands|Fake Out|p2a: Grimmsnarl\n|-damage|p2a: Grimmsnarl|54\/100\n|cant|p2a: Grimmsnarl|flinch\n|move|p1b: Terapagos|Tera Starstorm|p2a: Grimmsnarl|[spread] p2a,p2b\n|-damage|p2a: Grimmsnarl|21\/100\n|-damage|p2b: Giratina|78\/100\n|move|p2b: Giratina|Calm Mind|p2b: Giratina\n|-boost|p2b: Giratina|spa|1\n|-boost|p2b: Giratina|spd|1\n|\n|-heal|p2b: Giratina|84\/100|[from] item: Leftovers\n|upkeep\n|turn|5\n|\n|t:|1720809102\n|move|p2a: Grimmsnarl|Reflect|p2a: Grimmsnarl\n|-sidestart|p2: La voz favorita|Reflect\n|move|p1b: Terapagos|Tera Starstorm|p2a: Grimmsnarl|[spread] p2a,p2b\n|-damage|p2a: Grimmsnarl|0 fnt\n|-damage|p2b: Giratina|70\/100\n|faint|p2a: Grimmsnarl\n|move|p2b: Giratina|Calm Mind|p2b: Giratina\n|-boost|p2b: Giratina|spa|1\n|-boost|p2b: Giratina|spd|1\n|move|p1a: Iron Hands|Heavy Slam|p2b: Giratina\n|-damage|p2b: Giratina|64\/100\n|\n|-heal|p2b: Giratina|71\/100|[from] item: Leftovers\n|upkeep\n|\n|t:|1720809104\n|switch|p2a: Rillaboom|Rillaboom, L50, F|100\/100\n|-fieldstart|move: Grassy Terrain|[from] ability: Grassy Surge|[of] p2a: Rillaboom\n|turn|6\n|\n|t:|1720809121\n|move|p2a: Rillaboom|Fake Out|p1a: Iron Hands\n|-damage|p1a: Iron Hands|95\/100\n|move|p1b: Terapagos|Tera Starstorm|p2b: Giratina|[spread] p2a,p2b\n|-damage|p2a: Rillaboom|72\/100\n|-damage|p2b: Giratina|60\/100\n|move|p2b: Giratina|Dragon Pulse|p1a: Iron Hands\n|-damage|p1a: Iron Hands|68\/100\n|cant|p1a: Iron Hands|flinch\n|\n|-heal|p2a: Rillaboom|77\/100|[from] Grassy Terrain\n|-heal|p2b: Giratina|66\/100|[from] Grassy Terrain\n|-heal|p2b: Giratina|72\/100|[from] item: Leftovers\n|-heal|p1a: Iron Hands|74\/100|[from] Grassy Terrain\n|upkeep\n|turn|7\n|c|\u2606Mojoe93|gg\n|\n|t:|1720809141\n|move|p2a: Rillaboom|Wood Hammer|p1a: Iron Hands\n|-damage|p1a: Iron Hands|43\/100\n|-damage|p2a: Rillaboom|64\/100|[from] Recoil\n|move|p1b: Terapagos|Tera Starstorm|p2b: Giratina|[spread] p2a,p2b\n|-crit|p2b: Giratina\n|-damage|p2a: Rillaboom|34\/100\n|-damage|p2b: Giratina|28\/100\n|move|p2b: Giratina|Dragon Pulse|p1a: Iron Hands\n|-damage|p1a: Iron Hands|14\/100\n|move|p1a: Iron Hands|Drain Punch|p2a: Rillaboom\n|-damage|p2a: Rillaboom|4\/100\n|-heal|p1a: Iron Hands|25\/100|[from] drain|[of] p2a: Rillaboom\n|\n|-heal|p2a: Rillaboom|10\/100|[from] Grassy Terrain\n|-heal|p2b: Giratina|34\/100|[from] Grassy Terrain\n|-heal|p2b: Giratina|40\/100|[from] item: Leftovers\n|-heal|p1a: Iron Hands|32\/100|[from] Grassy Terrain\n|upkeep\n|turn|8\n|\n|t:|1720809163\n|move|p2a: Rillaboom|Wood Hammer|p1a: Iron Hands\n|-damage|p1a: Iron Hands|0 fnt\n|faint|p1a: Iron Hands\n|-end|p1a: Iron Hands|Quark Drive|[silent]\n|-damage|p2a: Rillaboom|0 fnt|[from] Recoil\n|faint|p2a: Rillaboom\n|-activate|p1b: Terapagos|move: Struggle\n|move|p1b: Terapagos|Struggle|p2b: Giratina\n|-damage|p2b: Giratina|36\/100\n|-damage|p1b: Terapagos|75\/100|[from] recoil\n|move|p2b: Giratina|Dragon Pulse|p1b: Terapagos\n|-damage|p1b: Terapagos|47\/100\n|\n|-heal|p1b: Terapagos|54\/100|[from] Grassy Terrain\n|-heal|p2b: Giratina|43\/100|[from] Grassy Terrain\n|-heal|p2b: Giratina|49\/100|[from] item: Leftovers\n|-sideend|p1: Mojoe93|move: Light Screen\n|upkeep\n|turn|9\n|-message|Mojoe93 forfeited.\n|\n|win|La voz favorita\n|raw|Mojoe93's rating: 1728 &rarr; <strong>1713<\/strong><br \/>(-15 for losing)\n|raw|La voz favorita's rating: 1824 &rarr; <strong>1839<\/strong><br \/>(+15 for winning)\n|l|\u2606Mojoe93\n|player|p1|\n|c|\u2606La voz favorita|Gg wp\n|l|\u2606La voz favorita\n|player|p2|\n|l| Millamojake\n","uploadtime":1720809370,"views":43,"formatid":"gen9vgc2024regg","rating":1713,"private":0,"password":null}