{"id":"gen9vgc2024regg-2159853451","format":"[Gen 9] VGC 2024 Reg G","players":["Billy_HMD","Phononmode"],"log":"|j|\u2606Billy_HMD\n|j|\u2606Phononmode\n|t:|1720815709\n|gametype|doubles\n|player|p1|Billy_HMD|dawn|1711\n|player|p2|Phononmode|102|1722\n|teamsize|p1|6\n|teamsize|p2|6\n|gen|9\n|tier|[Gen 9] VGC 2024 Reg G\n|rated|\n|rule|Species Clause: Limit one of each Pok\u00e9mon\n|rule|Item Clause: Limit one of each item\n|clearpoke\n|poke|p1|Kyogre, L50|\n|poke|p1|Incineroar, L50, F|\n|poke|p1|Rillaboom, L50, F|\n|poke|p1|Grimmsnarl, L50, M|\n|poke|p1|Gholdengo, L50|\n|poke|p1|Zapdos, L50|\n|poke|p2|Calyrex-Ice, L50|\n|poke|p2|Rillaboom, L50, F|\n|poke|p2|Ting-Lu, L50|\n|poke|p2|Skeledirge, L50, M|\n|poke|p2|Raging Bolt, L50|\n|poke|p2|Pelipper, L50, F|\n|teampreview|4\n|inactive|Battle timer is ON: inactive players will automatically lose when time's up. (requested by Billy_HMD)\nPhononmode has agreed to open team sheets.\n|\n|t:|1720815731\n|start\n|switch|p1a: Incineroar|Incineroar, L50, F|100\/100\n|switch|p1b: Grimmsnarl|Grimmsnarl, L50, M|100\/100\n|switch|p2a: Rillaboom|Rillaboom, L50, F|100\/100\n|switch|p2b: Calyrex|Calyrex-Ice, L50|100\/100\n|-ability|p2b: Calyrex|As One\n|-ability|p2b: Calyrex|Unnerve\n|-fieldstart|move: Grassy Terrain|[from] ability: Grassy Surge|[of] p2a: Rillaboom\n|-ability|p1a: Incineroar|Intimidate|boost\n|-unboost|p2a: Rillaboom|atk|1\n|-fail|p2b: Calyrex|unboost|[from] item: Clear Amulet|[of] p2b: Calyrex\n|turn|1\n|inactive|Phononmode has 30 seconds left.\n|\n|t:|1720815761\n|move|p2a: Rillaboom|Fake Out|p1a: Incineroar\n|-damage|p1a: Incineroar|93\/100\n|cant|p1a: Incineroar|flinch\n|move|p1b: Grimmsnarl|Reflect|p1b: Grimmsnarl\n|-sidestart|p1: Billy_HMD|Reflect\n|move|p2b: Calyrex|High Horsepower|p1a: Incineroar\n|-supereffective|p1a: Incineroar\n|-damage|p1a: Incineroar|47\/100\n|\n|-heal|p1a: Incineroar|53\/100|[from] Grassy Terrain\n|upkeep\n|turn|2\n|inactive|Billy_HMD has 30 seconds left.\n|inactive|Phononmode has 30 seconds left.\n|inactive|Billy_HMD has 20 seconds left.\n|inactive|Billy_HMD has 15 seconds left.\n|\n|t:|1720815803\n|-terastallize|p2b: Calyrex|Fire\n|move|p2a: Rillaboom|U-turn|p1a: Incineroar\n|-damage|p1a: Incineroar|45\/100\n|\n|t:|1720815812\n|switch|p2a: Ting-Lu|Ting-Lu, L50|100\/100|[from] U-turn\n|-ability|p2a: Ting-Lu|Vessel of Ruin\n|move|p1a: Incineroar|Knock Off|p2b: Calyrex\n|-damage|p2b: Calyrex|79\/100\n|-enditem|p2b: Calyrex|Clear Amulet|[from] move: Knock Off|[of] p1a: Incineroar\n|move|p1b: Grimmsnarl|Spirit Break|p2a: Ting-Lu\n|-supereffective|p2a: Ting-Lu\n|-damage|p2a: Ting-Lu|63\/100\n|-unboost|p2a: Ting-Lu|spa|1\n|move|p2b: Calyrex|Trick Room|p2b: Calyrex\n|-fieldstart|move: Trick Room|[of] p2b: Calyrex\n|\n|-heal|p2a: Ting-Lu|70\/100|[from] Grassy Terrain\n|-heal|p2b: Calyrex|85\/100|[from] Grassy Terrain\n|-heal|p1a: Incineroar|50\/100|[from] Grassy Terrain\n|upkeep\n|turn|3\n|inactive|Billy_HMD has 30 seconds left.\n|inactive|Billy_HMD has 20 seconds left.\n|inactive|Billy_HMD has 15 seconds left.\n|inactive|Billy_HMD has 10 seconds left.\n|inactive|Billy_HMD has 5 seconds left.\n|\n|t:|1720815864\n|-terastallize|p1a: Incineroar|Grass\n|move|p2a: Ting-Lu|Stomping Tantrum|p1a: Incineroar\n|-resisted|p1a: Incineroar\n|-damage|p1a: Incineroar|42\/100\n|move|p2b: Calyrex|Glacial Lance|p1a: Incineroar|[spread] p1a,p1b\n|-supereffective|p1a: Incineroar\n|-crit|p1a: Incineroar\n|-damage|p1a: Incineroar|0 fnt\n|-damage|p1b: Grimmsnarl|62\/100\n|faint|p1a: Incineroar\n|-ability|p2b: Calyrex|Chilling Neigh|boost\n|-boost|p2b: Calyrex|atk|1\n|move|p1b: Grimmsnarl|Spirit Break|p2a: Ting-Lu\n|-supereffective|p2a: Ting-Lu\n|-damage|p2a: Ting-Lu|33\/100\n|-unboost|p2a: Ting-Lu|spa|1\n|\n|-heal|p2a: Ting-Lu|39\/100|[from] Grassy Terrain\n|-heal|p2b: Calyrex|90\/100|[from] Grassy Terrain\n|-heal|p1b: Grimmsnarl|68\/100|[from] Grassy Terrain\n|upkeep\n|\n|t:|1720815875\n|switch|p1a: Kyogre|Kyogre, L50|100\/100\n|-weather|RainDance|[from] ability: Drizzle|[of] p1a: Kyogre\n|turn|4\n|\n|t:|1720815886\n|move|p2a: Ting-Lu|Heavy Slam|p1b: Grimmsnarl\n|-supereffective|p1b: Grimmsnarl\n|-damage|p1b: Grimmsnarl|21\/100\n|move|p2b: Calyrex|Glacial Lance|p1a: Kyogre|[spread] p1a,p1b\n|-resisted|p1a: Kyogre\n|-damage|p1a: Kyogre|73\/100\n|-damage|p1b: Grimmsnarl|0 fnt\n|faint|p1b: Grimmsnarl\n|-ability|p2b: Calyrex|Chilling Neigh|boost\n|-boost|p2b: Calyrex|atk|1\n|move|p1a: Kyogre|Ice Beam|p2a: Ting-Lu\n|-supereffective|p2a: Ting-Lu\n|-damage|p2a: Ting-Lu|16\/100\n|\n|-weather|RainDance|[upkeep]\n|-heal|p2a: Ting-Lu|22\/100|[from] Grassy Terrain\n|-heal|p2b: Calyrex|96\/100|[from] Grassy Terrain\n|-heal|p1a: Kyogre|79\/100|[from] Grassy Terrain\n|upkeep\n|\n|t:|1720815889\n|switch|p1b: Gholdengo|Gholdengo, L50|100\/100\n|turn|5\n|\n|t:|1720815904\n|move|p2a: Ting-Lu|Ruination|p1a: Kyogre\n|-damage|p1a: Kyogre|40\/100\n|move|p2b: Calyrex|High Horsepower|p1a: Kyogre\n|-damage|p1a: Kyogre|0 fnt\n|faint|p1a: Kyogre\n|-ability|p2b: Calyrex|Chilling Neigh|boost\n|-boost|p2b: Calyrex|atk|1\n|move|p1b: Gholdengo|Nasty Plot|p1b: Gholdengo\n|-boost|p1b: Gholdengo|spa|2\n|\n|-weather|RainDance|[upkeep]\n|-heal|p2a: Ting-Lu|28\/100|[from] Grassy Terrain\n|-heal|p2b: Calyrex|100\/100|[from] Grassy Terrain\n|-fieldend|move: Grassy Terrain\n|upkeep\n|turn|6\n|-message|Billy_HMD forfeited.\n|\n|win|Phononmode\n|raw|Billy_HMD's rating: 1711 &rarr; <strong>1692<\/strong><br \/>(-19 for losing)\n|raw|Phononmode's rating: 1722 &rarr; <strong>1741<\/strong><br \/>(+19 for winning)\n|l|\u2606Billy_HMD\n|player|p1|\n|l|\u2606Phononmode\n|player|p2|\n","uploadtime":1720816154,"views":5,"formatid":"gen9vgc2024regg","rating":1692,"private":0,"password":null}