{"id":"gen9vgc2024regg-2159578969","format":"[Gen 9] VGC 2024 Reg G","players":["SubToPenglin","regigidragon"],"log":"|j|\u2606SubToPenglin\n|j|\u2606regigidragon\n|t:|1720780524\n|gametype|doubles\n|player|p1|SubToPenglin|dawn-gen4pt|1803\n|player|p2|regigidragon|102|1784\n|teamsize|p1|6\n|teamsize|p2|6\n|gen|9\n|tier|[Gen 9] VGC 2024 Reg G\n|rated|\n|rule|Species Clause: Limit one of each Pok\u00e9mon\n|rule|Item Clause: Limit one of each item\n|clearpoke\n|poke|p1|Comfey, L50, F|\n|poke|p1|Terapagos, L50, M|\n|poke|p1|Tornadus, L50, M|\n|poke|p1|Ogerpon-Cornerstone, L50, F|\n|poke|p1|Magmar, L50, M|\n|poke|p1|Tsareena, L50, F|\n|poke|p2|Giratina-Origin, L50|\n|poke|p2|Ting-Lu, L50|\n|poke|p2|Urshifu-*, L50, M|\n|poke|p2|Grafaiai, L50, M|\n|poke|p2|Weezing-Galar, L50, M|\n|poke|p2|Regigigas, L50|\n|teampreview|4\n|inactive|Battle timer is ON: inactive players will automatically lose when time's up. (requested by SubToPenglin)\n|c|\u2606SubToPenglin|ok\n|c|\u2606SubToPenglin|hm\n|inactive|SubToPenglin has 60 seconds left.\n|inactive|regigidragon has 60 seconds left.\n|c|\u2606SubToPenglin|so clearly grafiai is toxic prankster with giratina hex\n|j| biei\u2014test\n|inactive|SubToPenglin has 30 seconds left.\n|\n|t:|1720780589\n|start\n|switch|p1a: Boobers|Magmar, L50, M, shiny|100\/100\n|switch|p1b: Tera Penglin|Terapagos, L50, M|100\/100\n|switch|p2a: Weezing|Weezing-Galar, L50, M, shiny|100\/100\n|switch|p2b: Regigigas|Regigigas, L50, shiny|100\/100\n|-activate|p1b: Tera Penglin|ability: Tera Shift\n|detailschange|p1b: Tera Penglin|Terapagos-Terastal, L50, M\n|-heal|p1b: Tera Penglin|100\/100|[silent]\n|-ability|p2a: Weezing|Neutralizing Gas\n|turn|1\n|\n|t:|1720780601\n|move|p1b: Tera Penglin|Protect|p1b: Tera Penglin\n|-singleturn|p1b: Tera Penglin|Protect\n|move|p2b: Regigigas|High Horsepower|p1a: Boobers\n|-supereffective|p1a: Boobers\n|-crit|p1a: Boobers\n|-damage|p1a: Boobers|17\/100\n|move|p1a: Boobers|Taunt|p2a: Weezing\n|-start|p2a: Weezing|move: Taunt\n|move|p2a: Weezing|Sludge Bomb|p1a: Boobers\n|-damage|p1a: Boobers|0 fnt\n|faint|p1a: Boobers\n|\n|upkeep\n|c|\u2606SubToPenglin|ok that crit was not ideal\n|\n|t:|1720780624\n|switch|p1a: Thicc|Tsareena, L50, F, shiny|100\/100\n|turn|2\n|j| rabbihorn\n|inactive|regigidragon has 30 seconds left.\n|c|\u2606regigidragon|Actually, we don't need this crit.\n|\n|t:|1720780656\n|-terastallize|p1b: Tera Penglin|Stellar\n|detailschange|p1b: Tera Penglin|Terapagos-Stellar, L50, M, tera:Stellar\n|-heal|p1b: Tera Penglin|100\/100|[silent]\n|move|p2b: Regigigas|Double-Edge|p1b: Tera Penglin\n|-damage|p1b: Tera Penglin|57\/100\n|-damage|p2b: Regigigas|80\/100|[from] Recoil\n|move|p1a: Thicc|Trop Kick|p2b: Regigigas\n|-damage|p2b: Regigigas|45\/100\n|-damage|p1a: Thicc|91\/100|[from] item: Life Orb\n|move|p1b: Tera Penglin|Earth Power|p2a: Weezing\n|-supereffective|p2a: Weezing\n|-damage|p2a: Weezing|0 fnt\n|faint|p2a: Weezing\n|-end|p2a: Weezing|ability: Neutralizing Gas\n|-start|p2b: Regigigas|ability: Slow Start\n|\n|upkeep\n|c|\u2606SubToPenglin|yea but without the crit i couldve fished for another burn\n|\n|t:|1720780672\n|switch|p2a: Grafaiai|Grafaiai, L50, M|100\/100\n|turn|3\n|c|\u2606SubToPenglin|clear am gigas huh\n|\n|t:|1720780696\n|move|p2a: Grafaiai|Doodle||[still]\n|cant|p1a: Thicc|ability: Queenly Majesty|Doodle|[of] p2a: Grafaiai\n|move|p1a: Thicc|Taunt|p2a: Grafaiai\n|-start|p2a: Grafaiai|move: Taunt\n|move|p1b: Tera Penglin|Calm Mind|p1b: Tera Penglin\n|-boost|p1b: Tera Penglin|spa|1\n|-boost|p1b: Tera Penglin|spd|1\n|move|p2b: Regigigas|Double-Edge|p1a: Thicc\n|-damage|p1a: Thicc|54\/100\n|-damage|p2b: Regigigas|33\/100|[from] Recoil\n|\n|upkeep\n|turn|4\n|inactive|regigidragon has 30 seconds left.\n|inactive|regigidragon has 20 seconds left.\n|\n|t:|1720780733\n|move|p2b: Regigigas|Wide Guard|p2b: Regigigas\n|-singleturn|p2b: Regigigas|Wide Guard\n|move|p2a: Grafaiai|Knock Off|p1a: Thicc\n|-damage|p1a: Thicc|28\/100\n|-enditem|p1a: Thicc|Life Orb|[from] move: Knock Off|[of] p2a: Grafaiai\n|move|p1a: Thicc|Knock Off|p2a: Grafaiai\n|-damage|p2a: Grafaiai|51\/100\n|-enditem|p2a: Grafaiai|Focus Sash|[from] move: Knock Off|[of] p1a: Thicc\n|move|p1b: Tera Penglin|Tera Starstorm|p2a: Grafaiai|[spread] \n|-activate|p2a: Grafaiai|move: Wide Guard\n|-activate|p2b: Regigigas|move: Wide Guard\n|\n|upkeep\n|turn|5\n|inactive|regigidragon has 30 seconds left.\n|\n|t:|1720780762\n|move|p2a: Grafaiai|Endeavor|p1b: Tera Penglin\n|-damage|p1b: Tera Penglin|27\/100\n|move|p1a: Thicc|Trop Kick|p2b: Regigigas\n|-damage|p2b: Regigigas|8\/100\n|move|p1b: Tera Penglin|Earth Power|p2a: Grafaiai\n|-supereffective|p2a: Grafaiai\n|-damage|p2a: Grafaiai|0 fnt\n|faint|p2a: Grafaiai\n|move|p2b: Regigigas|Double-Edge|p1b: Tera Penglin\n|-damage|p1b: Tera Penglin|5\/100\n|-damage|p2b: Regigigas|0 fnt|[from] Recoil\n|faint|p2b: Regigigas\n|-end|p2b: Regigigas|Slow Start|[silent]\n|\n|upkeep\n|\n|t:|1720780765\n|switch|p2a: Urshifu|Urshifu, L50, M|100\/100\n|turn|6\n|\n|t:|1720780777\n|-terastallize|p2a: Urshifu|Ghost\n|move|p1a: Thicc|Trop Kick|p2a: Urshifu\n|-damage|p2a: Urshifu|75\/100\n|-unboost|p2a: Urshifu|atk|1\n|move|p2a: Urshifu|Wicked Blow|p1b: Tera Penglin\n|-crit|p1b: Tera Penglin\n|-damage|p1b: Tera Penglin|0 fnt\n|faint|p1b: Tera Penglin\n|\n|upkeep\n|\n|t:|1720780784\n|switch|p1b: Burloloy|Comfey, L50, F, shiny|100\/100\n|turn|7\n|\n|t:|1720780791\n|move|p1b: Burloloy|Floral Healing|p1a: Thicc\n|-heal|p1a: Thicc|78\/100\n|move|p1a: Thicc|Knock Off|p2a: Urshifu\n|-supereffective|p2a: Urshifu\n|-damage|p2a: Urshifu|27\/100\n|-enditem|p2a: Urshifu|Choice Band|[from] move: Knock Off|[of] p1a: Thicc\n|move|p2a: Urshifu|Wicked Blow|p1a: Thicc\n|-crit|p1a: Thicc\n|-damage|p1a: Thicc|13\/100\n|\n|upkeep\n|turn|8\n|-message|regigidragon forfeited.\n|\n|win|SubToPenglin\n|raw|SubToPenglin's rating: 1803 &rarr; <strong>1822<\/strong><br \/>(+19 for winning)\n|raw|regigidragon's rating: 1784 &rarr; <strong>1765<\/strong><br \/>(-19 for losing)\n|c|\u2606SubToPenglin|gg\n|l|\u2606regigidragon\n|player|p2|\n|l|\u2606SubToPenglin\n|player|p1|\n|l| biei\u2014test\n","uploadtime":1720780830,"views":110,"formatid":"gen9vgc2024regg","rating":1765,"private":0,"password":null}