{"id":"gen9vgc2024regg-2159571423","format":"[Gen 9] VGC 2024 Reg G","players":["jinier157","Billy_HMD"],"log":"|j|\u2606jinier157\n|j|\u2606Billy_HMD\n|t:|1720779057\n|gametype|doubles\n|player|p1|jinier157|cynthia|1704\n|player|p2|Billy_HMD|dawn|1694\n|teamsize|p1|6\n|teamsize|p2|6\n|gen|9\n|tier|[Gen 9] VGC 2024 Reg G\n|rated|\n|rule|Species Clause: Limit one of each Pok\u00e9mon\n|rule|Item Clause: Limit one of each item\n|clearpoke\n|poke|p1|Miraidon, L50|\n|poke|p1|Farigiraf, L50, M|\n|poke|p1|Ursaluna-Bloodmoon, L50, M|\n|poke|p1|Incineroar, L50, F|\n|poke|p1|Chien-Pao, L50|\n|poke|p1|Flutter Mane, L50|\n|poke|p2|Zacian-*, L50|\n|poke|p2|Incineroar, L50, F|\n|poke|p2|Rillaboom, L50, F|\n|poke|p2|Urshifu-*, L50, F|\n|poke|p2|Chien-Pao, L50|\n|poke|p2|Pelipper, L50, M|\n|teampreview|4\n|inactive|Battle timer is ON: inactive players will automatically lose when time's up. (requested by Billy_HMD)\n|j| Satansinlaw\n|l| Satansinlaw\n|inactive|jinier157 has 60 seconds left.\n|\n|t:|1720779087\n|start\n|switch|p1a: Miraidon|Miraidon, L50|100\/100\n|switch|p1b: Flutter Mane|Flutter Mane, L50|100\/100\n|switch|p2a: Rillaboom|Rillaboom, L50, F|100\/100\n|switch|p2b: Urshifu|Urshifu-Rapid-Strike, L50, F|100\/100\n|-fieldstart|move: Electric Terrain|[from] ability: Hadron Engine|[of] p1a: Miraidon\n|-fieldstart|move: Grassy Terrain|[from] ability: Grassy Surge|[of] p2a: Rillaboom\n|-enditem|p1b: Flutter Mane|Booster Energy\n|-activate|p1b: Flutter Mane|ability: Protosynthesis|[fromitem]\n|-start|p1b: Flutter Mane|protosynthesisspe\n|turn|1\n|j| rabbihorn\n|inactive|jinier157 has 30 seconds left.\n|inactive|Billy_HMD has 30 seconds left.\n|inactive|Billy_HMD has 20 seconds left.\n|inactive|Billy_HMD has 15 seconds left.\n|inactive|Billy_HMD has 10 seconds left.\n|\n|t:|1720779135\n|-terastallize|p2b: Urshifu|Water\n|move|p1b: Flutter Mane|Moonblast|p2a: Rillaboom\n|-damage|p2a: Rillaboom|73\/100\n|move|p2b: Urshifu|Surging Strikes|p1b: Flutter Mane\n|-crit|p1b: Flutter Mane\n|-damage|p1b: Flutter Mane|50\/100\n|-crit|p1b: Flutter Mane\n|-damage|p1b: Flutter Mane|1\/100\n|-crit|p1b: Flutter Mane\n|-damage|p1b: Flutter Mane|0 fnt\n|faint|p1b: Flutter Mane\n|-end|p1b: Flutter Mane|Protosynthesis|[silent]\n|-hitcount|p1: Flutter Mane|3\n|move|p1a: Miraidon|Volt Switch|p2b: Urshifu\n|-supereffective|p2b: Urshifu\n|-damage|p2b: Urshifu|0 fnt\n|faint|p2b: Urshifu\n|\n|t:|1720779142\n|switch|p1a: Incineroar|Incineroar, L50, F|100\/100|[from] Volt Switch\n|-ability|p1a: Incineroar|Intimidate|boost\n|-unboost|p2a: Rillaboom|atk|1\n|move|p2a: Rillaboom|U-turn|p1a: Incineroar\n|-damage|p1a: Incineroar|88\/100\n|\n|t:|1720779147\n|switch|p2a: Zacian|Zacian-Crowned, L50|100\/100|[from] U-turn\n|-ability|p2a: Zacian|Intrepid Sword|boost\n|-boost|p2a: Zacian|atk|1\n|\n|-heal|p1a: Incineroar|94\/100|[from] Grassy Terrain\n|upkeep\n|\n|t:|1720779157\n|switch|p1b: Miraidon|Miraidon, L50|100\/100\n|switch|p2b: Rillaboom|Rillaboom, L50, F|73\/100\n|-fieldstart|move: Electric Terrain|[from] ability: Hadron Engine|[of] p1b: Miraidon\n|-fieldstart|move: Grassy Terrain|[from] ability: Grassy Surge|[of] p2b: Rillaboom\n|turn|2\n|\n|t:|1720779179\n|-terastallize|p1b: Miraidon|Electric\n|move|p2b: Rillaboom|Fake Out|p1a: Incineroar\n|-damage|p1a: Incineroar|83\/100\n|move|p2a: Zacian|Swords Dance|p2a: Zacian\n|-boost|p2a: Zacian|atk|2\n|move|p1b: Miraidon|Electro Drift|p2a: Zacian\n|-damage|p2a: Zacian|5\/100\n|cant|p1a: Incineroar|flinch\n|\n|-heal|p2a: Zacian|11\/100|[from] Grassy Terrain\n|-heal|p2b: Rillaboom|79\/100|[from] Grassy Terrain\n|-heal|p1a: Incineroar|89\/100|[from] Grassy Terrain\n|upkeep\n|turn|3\n|inactive|jinier157 has 30 seconds left.\n|inactive|Billy_HMD has 30 seconds left.\n|\n|t:|1720779211\n|move|p2a: Zacian|Protect|p2a: Zacian\n|-singleturn|p2a: Zacian|Protect\n|move|p1b: Miraidon|Electro Drift|p2a: Zacian\n|-activate|p2a: Zacian|move: Protect\n|move|p2b: Rillaboom|U-turn|p1a: Incineroar\n|-damage|p1a: Incineroar|70\/100\n|\n|t:|1720779216\n|switch|p2b: Chien-Pao|Chien-Pao, L50|100\/100|[from] U-turn\n|-ability|p2b: Chien-Pao|Sword of Ruin\n|move|p1a: Incineroar|Flare Blitz|p2b: Chien-Pao\n|-supereffective|p2b: Chien-Pao\n|-enditem|p2b: Chien-Pao|Focus Sash\n|-damage|p2b: Chien-Pao|1\/100\n|-damage|p1a: Incineroar|45\/100|[from] Recoil\n|\n|-heal|p2a: Zacian|17\/100|[from] Grassy Terrain\n|-heal|p2b: Chien-Pao|7\/100|[from] Grassy Terrain\n|-heal|p1a: Incineroar|51\/100|[from] Grassy Terrain\n|upkeep\n|turn|4\n|\n|t:|1720779233\n|switch|p1b: Chien-Pao|Chien-Pao, L50|100\/100\n|-ability|p1b: Chien-Pao|Sword of Ruin\n|move|p2a: Zacian|Play Rough|p1b: Chien-Pao\n|-supereffective|p1b: Chien-Pao\n|-enditem|p1b: Chien-Pao|Focus Sash\n|-damage|p1b: Chien-Pao|1\/100\n|move|p2b: Chien-Pao|Sacred Sword|p1a: Incineroar\n|-supereffective|p1a: Incineroar\n|-damage|p1a: Incineroar|0 fnt\n|faint|p1a: Incineroar\n|\n|-heal|p1b: Chien-Pao|7\/100|[from] Grassy Terrain\n|-heal|p2a: Zacian|23\/100|[from] Grassy Terrain\n|-heal|p2b: Chien-Pao|13\/100|[from] Grassy Terrain\n|upkeep\n|\n|t:|1720779240\n|switch|p1a: Miraidon|Miraidon, L50, tera:Electric|100\/100\n|-fieldstart|move: Electric Terrain|[from] ability: Hadron Engine|[of] p1a: Miraidon\n|turn|5\n|\n|t:|1720779260\n|move|p1b: Chien-Pao|Sucker Punch|p2a: Zacian\n|-resisted|p2a: Zacian\n|-damage|p2a: Zacian|6\/100\n|move|p2b: Chien-Pao|Sucker Punch||[still]\n|-fail|p2b: Chien-Pao\n|move|p2a: Zacian|Play Rough|p1a: Miraidon\n|-damage|p1a: Miraidon|0 fnt\n|faint|p1a: Miraidon\n|\n|upkeep\n|turn|6\n|-message|jinier157 forfeited.\n|\n|win|Billy_HMD\n|raw|jinier157's rating: 1704 &rarr; <strong>1683<\/strong><br \/>(-21 for losing)\n|raw|Billy_HMD's rating: 1694 &rarr; <strong>1715<\/strong><br \/>(+21 for winning)\n|l|\u2606jinier157\n|player|p1|\n|l|\u2606Billy_HMD\n|player|p2|\n","uploadtime":1720779478,"views":5,"formatid":"gen9vgc2024regg","rating":1683,"private":0,"password":null}