{"id":"gen9vgc2024regg-2159588106","format":"[Gen 9] VGC 2024 Reg G","players":["JOEYISAMAZING","czgogogo"],"log":"|j|\u2606JOEYISAMAZING\n|j|\u2606czgogogo\n|t:|1720782217\n|gametype|doubles\n|player|p1|JOEYISAMAZING|1|1769\n|player|p2|czgogogo|170|1713\n|teamsize|p1|6\n|teamsize|p2|6\n|gen|9\n|tier|[Gen 9] VGC 2024 Reg G\n|rated|\n|rule|Species Clause: Limit one of each Pok\u00e9mon\n|rule|Item Clause: Limit one of each item\n|clearpoke\n|poke|p1|Zamazenta-*, L50|\n|poke|p1|Chien-Pao, L50|\n|poke|p1|Rillaboom, L50, F|\n|poke|p1|Incineroar, L50, F|\n|poke|p1|Pelipper, L50, M|\n|poke|p1|Flutter Mane, L50|\n|poke|p2|Calyrex-Ice, L50|\n|poke|p2|Grimmsnarl, L50, M|\n|poke|p2|Urshifu-*, L50, M|\n|poke|p2|Rillaboom, L50, M|\n|poke|p2|Ogerpon-Hearthflame, L50, F|\n|poke|p2|Landorus, L50, M|\n|teampreview|4\n|inactive|Battle timer is ON: inactive players will automatically lose when time's up. (requested by JOEYISAMAZING)\n|j| Jasper2452\n|\n|t:|1720782249\n|start\n|switch|p1a: Chien-Pao|Chien-Pao, L50|100\/100\n|switch|p1b: Zamazenta|Zamazenta-Crowned, L50|100\/100\n|switch|p2a: Landorus|Landorus, L50, M|100\/100\n|switch|p2b: Grimmsnarl|Grimmsnarl, L50, M|100\/100\n|-ability|p1a: Chien-Pao|Sword of Ruin\n|-ability|p1b: Zamazenta|Dauntless Shield|boost\n|-boost|p1b: Zamazenta|def|1\n|turn|1\n|inactive|JOEYISAMAZING has 30 seconds left.\n|\n|t:|1720782282\n|move|p1a: Chien-Pao|Protect|p1a: Chien-Pao\n|-singleturn|p1a: Chien-Pao|Protect\n|move|p1b: Zamazenta|Protect|p1b: Zamazenta\n|-singleturn|p1b: Zamazenta|Protect\n|move|p2b: Grimmsnarl|Reflect|p2b: Grimmsnarl\n|-sidestart|p2: czgogogo|Reflect\n|move|p2a: Landorus|Sandsear Storm|p1a: Chien-Pao|[spread] \n|-activate|p1a: Chien-Pao|move: Protect\n|-activate|p1b: Zamazenta|move: Protect\n|\n|upkeep\n|turn|2\n|l| Jasper2452\n|\n|t:|1720782299\n|switch|p1b: Pelipper|Pelipper, L50, M|100\/100\n|-weather|RainDance|[from] ability: Drizzle|[of] p1b: Pelipper\n|move|p2a: Landorus|Sandsear Storm|p1b: Pelipper|[spread] p1a\n|-immune|p1b: Pelipper\n|-damage|p1a: Chien-Pao|20\/100\n|move|p1a: Chien-Pao|Icicle Crash|p2a: Landorus\n|-supereffective|p2a: Landorus\n|-damage|p2a: Landorus|0 fnt\n|faint|p2a: Landorus\n|move|p2b: Grimmsnarl|Spirit Break|p1a: Chien-Pao\n|-supereffective|p1a: Chien-Pao\n|-damage|p1a: Chien-Pao|0 fnt\n|faint|p1a: Chien-Pao\n|\n|-weather|RainDance|[upkeep]\n|upkeep\n|\n|t:|1720782316\n|switch|p1a: Zamazenta|Zamazenta-Crowned, L50|100\/100\n|switch|p2a: Urshifu|Urshifu-Rapid-Strike, L50, M|100\/100\n|turn|3\n|inactive|JOEYISAMAZING has 30 seconds left.\n|inactive|JOEYISAMAZING has 20 seconds left.\n|inactive|JOEYISAMAZING has 15 seconds left.\n|\n|t:|1720782361\n|-terastallize|p1a: Zamazenta|Grass\n|move|p2a: Urshifu|Detect|p2a: Urshifu\n|-singleturn|p2a: Urshifu|Protect\n|move|p2b: Grimmsnarl|Thunder Wave|p1a: Zamazenta|[miss]\n|-miss|p2b: Grimmsnarl|p1a: Zamazenta\n|move|p1a: Zamazenta|Iron Defense|p1a: Zamazenta\n|-boost|p1a: Zamazenta|def|2\n|move|p1b: Pelipper|Hurricane|p2a: Urshifu\n|-activate|p2a: Urshifu|move: Protect\n|\n|-weather|RainDance|[upkeep]\n|upkeep\n|turn|4\n|\n|t:|1720782380\n|-terastallize|p2a: Urshifu|Water\n|move|p2b: Grimmsnarl|Thunder Wave|p1a: Zamazenta|[miss]\n|-miss|p2b: Grimmsnarl|p1a: Zamazenta\n|move|p1a: Zamazenta|Body Press|p2a: Urshifu\n|-damage|p2a: Urshifu|39\/100\n|move|p2a: Urshifu|Surging Strikes|p1a: Zamazenta\n|-resisted|p1a: Zamazenta\n|-crit|p1a: Zamazenta\n|-damage|p1a: Zamazenta|84\/100\n|-resisted|p1a: Zamazenta\n|-crit|p1a: Zamazenta\n|-damage|p1a: Zamazenta|69\/100\n|-resisted|p1a: Zamazenta\n|-crit|p1a: Zamazenta\n|-damage|p1a: Zamazenta|53\/100\n|-hitcount|p1a: Zamazenta|3\n|move|p1b: Pelipper|Hurricane|p2a: Urshifu\n|-damage|p2a: Urshifu|0 fnt\n|faint|p2a: Urshifu\n|\n|-weather|RainDance|[upkeep]\n|upkeep\n|\n|t:|1720782398\n|switch|p2a: Calyrex|Calyrex-Ice, L50|100\/100\n|-ability|p2a: Calyrex|As One\n|-ability|p2a: Calyrex|Unnerve\n|turn|5\n|-message|czgogogo forfeited.\n|\n|win|JOEYISAMAZING\n|raw|JOEYISAMAZING's rating: 1769 &rarr; <strong>1786<\/strong><br \/>(+17 for winning)\n|raw|czgogogo's rating: 1713 &rarr; <strong>1696<\/strong><br \/>(-17 for losing)\n|l|\u2606JOEYISAMAZING\n|player|p1|\n","uploadtime":1720782564,"views":40,"formatid":"gen9vgc2024regg","rating":1696,"private":0,"password":null}