{"id":"gen9vgc2024regg-2160300178","format":"[Gen 9] VGC 2024 Reg G","players":["JOEYISAMAZING","Billy_HMD"],"log":"|j|\u2606JOEYISAMAZING\n|j|\u2606Billy_HMD\n|t:|1720889549\n|gametype|doubles\n|player|p1|JOEYISAMAZING|102|1695\n|player|p2|Billy_HMD|dawn|1706\n|teamsize|p1|6\n|teamsize|p2|6\n|gen|9\n|tier|[Gen 9] VGC 2024 Reg G\n|rated|\n|rule|Species Clause: Limit one of each Pok\u00e9mon\n|rule|Item Clause: Limit one of each item\n|clearpoke\n|poke|p1|Zamazenta-*, L50|\n|poke|p1|Chien-Pao, L50|\n|poke|p1|Rillaboom, L50, F|\n|poke|p1|Incineroar, L50, F|\n|poke|p1|Pelipper, L50, F|\n|poke|p1|Flutter Mane, L50|\n|poke|p2|Kyogre, L50|\n|poke|p2|Incineroar, L50, M|\n|poke|p2|Rillaboom, L50, F|\n|poke|p2|Grimmsnarl, L50, M|\n|poke|p2|Gholdengo, L50|\n|poke|p2|Zapdos, L50|\n|teampreview|4\n|inactive|Battle timer is ON: inactive players will automatically lose when time's up. (requested by Billy_HMD)\n|inactive|Billy_HMD has 60 seconds left.\n|\n|t:|1720889580\n|start\n|switch|p1a: Flutter Mane|Flutter Mane, L50|100\/100\n|switch|p1b: Rillaboom|Rillaboom, L50, F|100\/100\n|switch|p2a: Grimmsnarl|Grimmsnarl, L50, M|100\/100\n|switch|p2b: Gholdengo|Gholdengo, L50|100\/100\n|-fieldstart|move: Grassy Terrain|[from] ability: Grassy Surge|[of] p1b: Rillaboom\n|turn|1\n|inactive|Billy_HMD has 30 seconds left.\n|\n|t:|1720889610\n|-terastallize|p1a: Flutter Mane|Water\n|-terastallize|p2a: Grimmsnarl|Ghost\n|move|p2a: Grimmsnarl|Light Screen|p2a: Grimmsnarl\n|-sidestart|p2: Billy_HMD|move: Light Screen\n|move|p1a: Flutter Mane|Moonblast|p2a: Grimmsnarl\n|-damage|p2a: Grimmsnarl|54\/100\n|move|p2b: Gholdengo|Nasty Plot|p2b: Gholdengo\n|-boost|p2b: Gholdengo|spa|2\n|move|p1b: Rillaboom|U-turn|p2a: Grimmsnarl\n|-resisted|p2a: Grimmsnarl\n|-damage|p2a: Grimmsnarl|43\/100\n|\n|t:|1720889618\n|switch|p1b: Chien-Pao|Chien-Pao, L50|100\/100|[from] U-turn\n|-ability|p1b: Chien-Pao|Sword of Ruin\n|\n|-heal|p2a: Grimmsnarl|49\/100|[from] Grassy Terrain\n|upkeep\n|turn|2\n|inactive|JOEYISAMAZING has 30 seconds left.\n|inactive|Billy_HMD has 30 seconds left.\n|\n|t:|1720889647\n|-end|p1a: Flutter Mane|Protosynthesis|[silent]\n|switch|p1a: Rillaboom|Rillaboom, L50, F|100\/100\n|move|p2a: Grimmsnarl|Reflect|p2a: Grimmsnarl\n|-sidestart|p2: Billy_HMD|Reflect\n|move|p1b: Chien-Pao|Throat Chop|p2b: Gholdengo\n|-supereffective|p2b: Gholdengo\n|-damage|p2b: Gholdengo|32\/100\n|-start|p2b: Gholdengo|Throat Chop|[silent]\n|move|p2b: Gholdengo|Make It Rain|p1a: Rillaboom|[spread] p1a,p1b\n|-supereffective|p1b: Chien-Pao\n|-damage|p1a: Rillaboom|33\/100\n|-enditem|p1b: Chien-Pao|Focus Sash\n|-damage|p1b: Chien-Pao|1\/100\n|-unboost|p2b: Gholdengo|spa|1\n|\n|-heal|p1b: Chien-Pao|7\/100|[from] Grassy Terrain\n|-heal|p2b: Gholdengo|38\/100|[from] Grassy Terrain\n|-heal|p2b: Gholdengo|44\/100|[from] item: Leftovers\n|-heal|p1a: Rillaboom|39\/100|[from] Grassy Terrain\n|-heal|p2a: Grimmsnarl|55\/100|[from] Grassy Terrain\n|upkeep\n|turn|3\n|inactive|Billy_HMD has 30 seconds left.\n|\n|t:|1720889680\n|switch|p1a: Zamazenta|Zamazenta-Crowned, L50|100\/100\n|-ability|p1a: Zamazenta|Dauntless Shield|boost\n|-boost|p1a: Zamazenta|def|1\n|move|p1b: Chien-Pao|Throat Chop|p2a: Grimmsnarl\n|-supereffective|p2a: Grimmsnarl\n|-damage|p2a: Grimmsnarl|0 fnt\n|faint|p2a: Grimmsnarl\n|move|p2b: Gholdengo|Make It Rain|p1b: Chien-Pao|[spread] p1a,p1b\n|-resisted|p1a: Zamazenta\n|-supereffective|p1b: Chien-Pao\n|-damage|p1a: Zamazenta|77\/100\n|-damage|p1b: Chien-Pao|0 fnt\n|-unboost|p2b: Gholdengo|spa|1\n|faint|p1b: Chien-Pao\n|\n|-heal|p1a: Zamazenta|83\/100|[from] Grassy Terrain\n|-heal|p2b: Gholdengo|50\/100|[from] Grassy Terrain\n|-heal|p2b: Gholdengo|57\/100|[from] item: Leftovers\n|-end|p2b: Gholdengo|Throat Chop|[silent]\n|upkeep\n|inactive|Billy_HMD has 30 seconds left.\n|inactive|Billy_HMD has 20 seconds left.\n|inactive|Billy_HMD has 15 seconds left.\n|\n|t:|1720889724\n|switch|p1b: Flutter Mane|Flutter Mane, L50, tera:Water|100\/100\n|switch|p2a: Kyogre|Kyogre, L50|100\/100\n|-weather|RainDance|[from] ability: Drizzle|[of] p2a: Kyogre\n|turn|4\n|inactive|Billy_HMD has 30 seconds left.\n|inactive|Billy_HMD has 20 seconds left.\n|\n|t:|1720889759\n|switch|p2b: Incineroar|Incineroar, L50, M|100\/100\n|-ability|p2b: Incineroar|Intimidate|boost\n|-unboost|p1a: Zamazenta|atk|1\n|-unboost|p1b: Flutter Mane|atk|1\n|move|p1a: Zamazenta|Protect|p1a: Zamazenta\n|-singleturn|p1a: Zamazenta|Protect\n|move|p1b: Flutter Mane|Shadow Ball|p2b: Incineroar\n|-resisted|p2b: Incineroar\n|-damage|p2b: Incineroar|80\/100\n|-unboost|p2b: Incineroar|spd|1\n|move|p2a: Kyogre|Origin Pulse|p1a: Zamazenta|[spread] p1b\n|-activate|p1a: Zamazenta|move: Protect\n|-resisted|p1b: Flutter Mane\n|-damage|p1b: Flutter Mane|49\/100\n|\n|-weather|RainDance|[upkeep]\n|-heal|p1b: Flutter Mane|55\/100|[from] Grassy Terrain\n|-heal|p1a: Zamazenta|90\/100|[from] Grassy Terrain\n|-heal|p2b: Incineroar|86\/100|[from] Grassy Terrain\n|upkeep\n|turn|5\n|inactive|JOEYISAMAZING has 30 seconds left.\n|inactive|Billy_HMD has 30 seconds left.\n|inactive|JOEYISAMAZING has 20 seconds left.\n|inactive|JOEYISAMAZING has 15 seconds left.\n|inactive|JOEYISAMAZING has 10 seconds left.\n|\n|t:|1720889807\n|-end|p1b: Flutter Mane|Protosynthesis|[silent]\n|switch|p1b: Rillaboom|Rillaboom, L50, F|39\/100\n|move|p2b: Incineroar|Fake Out|p1a: Zamazenta\n|-resisted|p1a: Zamazenta\n|-damage|p1a: Zamazenta|88\/100\n|cant|p1a: Zamazenta|flinch\n|move|p2a: Kyogre|Water Spout|p1b: Rillaboom|[spread] p1a,p1b\n|-resisted|p1b: Rillaboom\n|-damage|p1a: Zamazenta|6\/100\n|-damage|p1b: Rillaboom|0 fnt\n|faint|p1b: Rillaboom\n|\n|-weather|RainDance|[upkeep]\n|-heal|p1a: Zamazenta|12\/100|[from] Grassy Terrain\n|-heal|p2b: Incineroar|92\/100|[from] Grassy Terrain\n|-fieldend|move: Grassy Terrain\n|upkeep\n|\n|t:|1720889816\n|switch|p1b: Flutter Mane|Flutter Mane, L50, tera:Water|55\/100\n|turn|6\n|\n|t:|1720889841\n|move|p1a: Zamazenta|Protect|p1a: Zamazenta\n|-singleturn|p1a: Zamazenta|Protect\n|move|p1b: Flutter Mane|Tera Blast|p2b: Incineroar|[anim] Tera Blast Water\n|-supereffective|p2b: Incineroar\n|-damage|p2b: Incineroar|0 fnt\n|faint|p2b: Incineroar\n|move|p2a: Kyogre|Origin Pulse|p1a: Zamazenta|[spread] p1b\n|-activate|p1a: Zamazenta|move: Protect\n|-resisted|p1b: Flutter Mane\n|-damage|p1b: Flutter Mane|10\/100\n|\n|-weather|RainDance|[upkeep]\n|upkeep\n|\n|t:|1720889850\n|switch|p2b: Gholdengo|Gholdengo, L50|57\/100\n|turn|7\n|inactive|Billy_HMD has 30 seconds left.\n|inactive|Billy_HMD has 20 seconds left.\n|\n|t:|1720889886\n|move|p1b: Flutter Mane|Tera Blast|p2b: Gholdengo|[anim] Tera Blast Water\n|-damage|p2b: Gholdengo|0 fnt\n|faint|p2b: Gholdengo\n|move|p1a: Zamazenta|Body Press|p2a: Kyogre\n|-damage|p2a: Kyogre|57\/100\n|move|p2a: Kyogre|Water Spout|p1b: Flutter Mane|[spread] p1a,p1b\n|-resisted|p1b: Flutter Mane\n|-damage|p1a: Zamazenta|0 fnt\n|-damage|p1b: Flutter Mane|0 fnt\n|faint|p1a: Zamazenta\n|faint|p1b: Flutter Mane\n|-end|p1b: Flutter Mane|Protosynthesis|[silent]\n|\n|win|Billy_HMD\n|raw|JOEYISAMAZING's rating: 1695 &rarr; <strong>1676<\/strong><br \/>(-19 for losing)\n|raw|Billy_HMD's rating: 1706 &rarr; <strong>1725<\/strong><br \/>(+19 for winning)\n|l|\u2606Billy_HMD\n|player|p2|\n|l|\u2606JOEYISAMAZING\n|player|p1|\n","uploadtime":1720890047,"views":7,"formatid":"gen9vgc2024regg","rating":1676,"private":0,"password":null}