{"id":"gen9vgc2024regg-2160324332","format":"[Gen 9] VGC 2024 Reg G","players":["greenlightdmp","JOEYISAMAZING"],"log":"|j|\u2606greenlightdmp\n|j|\u2606JOEYISAMAZING\n|t:|1720892762\n|gametype|doubles\n|player|p1|greenlightdmp|170|1690\n|player|p2|JOEYISAMAZING|102|1751\n|teamsize|p1|6\n|teamsize|p2|6\n|gen|9\n|tier|[Gen 9] VGC 2024 Reg G\n|rated|\n|rule|Species Clause: Limit one of each Pok\u00e9mon\n|rule|Item Clause: Limit one of each item\n|clearpoke\n|poke|p1|Calyrex-Ice, L50|\n|poke|p1|Smeargle, L50, F|\n|poke|p1|Ursaluna-Bloodmoon, L50, M|\n|poke|p1|Indeedee-F, L50, F|\n|poke|p1|Amoonguss, L50, M|\n|poke|p1|Raging Bolt, L50|\n|poke|p2|Zamazenta-*, L50|\n|poke|p2|Chien-Pao, L50|\n|poke|p2|Rillaboom, L50, F|\n|poke|p2|Incineroar, L50, M|\n|poke|p2|Pelipper, L50, F|\n|poke|p2|Flutter Mane, L50|\n|teampreview|4\n|inactive|Battle timer is ON: inactive players will automatically lose when time's up. (requested by JOEYISAMAZING)\n|inactive|JOEYISAMAZING has 60 seconds left.\n|\n|t:|1720892799\n|start\n|switch|p1a: Calyrex|Calyrex-Ice, L50|100\/100\n|switch|p1b: Smeargle|Smeargle, L50, F, shiny|100\/100\n|switch|p2a: Zamazenta|Zamazenta-Crowned, L50|100\/100\n|switch|p2b: Incineroar|Incineroar, L50, M|100\/100\n|-ability|p1a: Calyrex|As One\n|-ability|p1a: Calyrex|Unnerve\n|-ability|p2a: Zamazenta|Dauntless Shield|boost\n|-boost|p2a: Zamazenta|def|1\n|-ability|p2b: Incineroar|Intimidate|boost\n|-fail|p1a: Calyrex|unboost|[from] item: Clear Amulet|[of] p1a: Calyrex\n|-fail|p1b: Smeargle|unboost|Attack|[from] ability: Own Tempo|[of] p1b: Smeargle\n|turn|1\n|\n|t:|1720892820\n|move|p1a: Calyrex|Protect|p1a: Calyrex\n|-singleturn|p1a: Calyrex|Protect\n|move|p2a: Zamazenta|Iron Defense|p2a: Zamazenta\n|-boost|p2a: Zamazenta|def|2\n|move|p2b: Incineroar|Will-O-Wisp|p1a: Calyrex\n|-activate|p1a: Calyrex|move: Protect\n|move|p1b: Smeargle|Spore|p2a: Zamazenta\n|-status|p2a: Zamazenta|slp|[from] move: Spore\n|\n|upkeep\n|turn|2\n|\n|t:|1720892836\n|cant|p2a: Zamazenta|slp\n|move|p2b: Incineroar|Will-O-Wisp|p1a: Calyrex\n|-status|p1a: Calyrex|brn\n|move|p1b: Smeargle|Decorate|p1a: Calyrex\n|-boost|p1a: Calyrex|atk|2\n|-boost|p1a: Calyrex|spa|2\n|move|p1a: Calyrex|Trick Room|p1a: Calyrex\n|-fieldstart|move: Trick Room|[of] p1a: Calyrex\n|\n|-damage|p1a: Calyrex|95\/100 brn|[from] brn\n|upkeep\n|turn|3\n|j| bluestraggler01\n|inactive|greenlightdmp has 30 seconds left.\n|\n|t:|1720892863\n|-terastallize|p1a: Calyrex|Water\n|move|p1b: Smeargle|Decorate|p1a: Calyrex\n|-boost|p1a: Calyrex|atk|2\n|-boost|p1a: Calyrex|spa|2\n|move|p1a: Calyrex|Glacial Lance|p2a: Zamazenta|[spread] p2a,p2b\n|-resisted|p2a: Zamazenta\n|-resisted|p2b: Incineroar\n|-damage|p2a: Zamazenta|90\/100 slp\n|-damage|p2b: Incineroar|64\/100\n|move|p2b: Incineroar|Knock Off|p1a: Calyrex\n|-damage|p1a: Calyrex|72\/100 brn\n|-enditem|p1a: Calyrex|Clear Amulet|[from] move: Knock Off|[of] p2b: Incineroar\n|cant|p2a: Zamazenta|slp\n|\n|-damage|p1a: Calyrex|67\/100 brn|[from] brn\n|upkeep\n|turn|4\n|inactive|JOEYISAMAZING has 30 seconds left.\n|\n|t:|1720892893\n|move|p1b: Smeargle|Decorate|p1a: Calyrex\n|-boost|p1a: Calyrex|atk|2\n|-boost|p1a: Calyrex|spa|2\n|move|p1a: Calyrex|Close Combat|p2a: Zamazenta\n|-supereffective|p2a: Zamazenta\n|-damage|p2a: Zamazenta|39\/100 slp\n|-unboost|p1a: Calyrex|def|1\n|-unboost|p1a: Calyrex|spd|1\n|move|p2b: Incineroar|Parting Shot|p1a: Calyrex\n|-unboost|p1a: Calyrex|atk|1\n|-unboost|p1a: Calyrex|spa|1\n|\n|t:|1720892904\n|switch|p2b: Rillaboom|Rillaboom, L50, F|100\/100|[from] Parting Shot\n|-fieldstart|move: Grassy Terrain|[from] ability: Grassy Surge|[of] p2b: Rillaboom\n|-curestatus|p2a: Zamazenta|slp|[msg]\n|move|p2a: Zamazenta|Body Press|p1a: Calyrex\n|-damage|p1a: Calyrex|0 fnt\n|faint|p1a: Calyrex\n|\n|-heal|p2a: Zamazenta|46\/100|[from] Grassy Terrain\n|upkeep\n|\n|t:|1720892911\n|switch|p1a: Ursaluna|Ursaluna-Bloodmoon, L50, M|100\/100\n|turn|5\n|inactive|greenlightdmp has 30 seconds left.\n|inactive|JOEYISAMAZING has 30 seconds left.\n|\n|t:|1720892944\n|switch|p2b: Incineroar|Incineroar, L50, M|64\/100\n|-ability|p2b: Incineroar|Intimidate|boost\n|-unboost|p1a: Ursaluna|atk|1\n|-fail|p1b: Smeargle|unboost|Attack|[from] ability: Own Tempo|[of] p1b: Smeargle\n|move|p1a: Ursaluna|Protect|p1a: Ursaluna\n|-singleturn|p1a: Ursaluna|Protect\n|move|p2a: Zamazenta|Protect|p2a: Zamazenta\n|-singleturn|p2a: Zamazenta|Protect\n|move|p1b: Smeargle|Decorate|p1a: Ursaluna\n|-boost|p1a: Ursaluna|atk|2\n|-boost|p1a: Ursaluna|spa|2\n|\n|-heal|p2b: Incineroar|70\/100|[from] Grassy Terrain\n|-heal|p2a: Zamazenta|52\/100|[from] Grassy Terrain\n|upkeep\n|turn|6\n|inactive|greenlightdmp has 30 seconds left.\n|\n|t:|1720892974\n|move|p2b: Incineroar|Fake Out|p1a: Ursaluna\n|-damage|p1a: Ursaluna|92\/100\n|move|p1b: Smeargle|Follow Me|p1b: Smeargle\n|-singleturn|p1b: Smeargle|move: Follow Me\n|cant|p1a: Ursaluna|flinch\n|move|p2a: Zamazenta|Body Press|p1b: Smeargle\n|-supereffective|p1b: Smeargle\n|-enditem|p1b: Smeargle|Focus Sash\n|-damage|p1b: Smeargle|1\/100\n|\n|-heal|p1b: Smeargle|7\/100|[from] Grassy Terrain\n|-heal|p1a: Ursaluna|98\/100|[from] Grassy Terrain\n|-heal|p2b: Incineroar|76\/100|[from] Grassy Terrain\n|-heal|p2a: Zamazenta|58\/100|[from] Grassy Terrain\n|-fieldend|move: Trick Room\n|upkeep\n|turn|7\n|\n|t:|1720892992\n|move|p2a: Zamazenta|Protect|p2a: Zamazenta\n|-singleturn|p2a: Zamazenta|Protect\n|move|p1b: Smeargle|Follow Me|p1b: Smeargle\n|-singleturn|p1b: Smeargle|move: Follow Me\n|move|p2b: Incineroar|Knock Off|p1b: Smeargle\n|-damage|p1b: Smeargle|0 fnt\n|faint|p1b: Smeargle\n|move|p1a: Ursaluna|Hyper Voice|p2b: Incineroar|[spread] p2b\n|-activate|p2a: Zamazenta|move: Protect\n|-damage|p2b: Incineroar|0 fnt\n|faint|p2b: Incineroar\n|-damage|p1a: Ursaluna|89\/100|[from] item: Life Orb\n|\n|-heal|p2a: Zamazenta|64\/100|[from] Grassy Terrain\n|-heal|p1a: Ursaluna|95\/100|[from] Grassy Terrain\n|upkeep\n|\n|t:|1720893009\n|switch|p2b: Rillaboom|Rillaboom, L50, F|100\/100\n|switch|p1b: Amoonguss|Amoonguss, L50, M|100\/100\n|turn|8\n|\n|t:|1720893019\n|move|p1a: Ursaluna|Protect|p1a: Ursaluna\n|-singleturn|p1a: Ursaluna|Protect\n|move|p2b: Rillaboom|Fake Out|p1b: Amoonguss\n|-damage|p1b: Amoonguss|90\/100\n|-damage|p2b: Rillaboom|84\/100|[from] item: Rocky Helmet|[of] p1b: Amoonguss\n|move|p2a: Zamazenta|Body Press|p1a: Ursaluna\n|-activate|p1a: Ursaluna|move: Protect\n|cant|p1b: Amoonguss|flinch\n|\n|-heal|p2a: Zamazenta|70\/100|[from] Grassy Terrain\n|-heal|p2b: Rillaboom|90\/100|[from] Grassy Terrain\n|-heal|p1a: Ursaluna|100\/100|[from] Grassy Terrain\n|-heal|p1b: Amoonguss|96\/100|[from] Grassy Terrain\n|-fieldend|move: Grassy Terrain\n|upkeep\n|turn|9\n|\n|t:|1720893038\n|move|p2a: Zamazenta|Protect|p2a: Zamazenta\n|-singleturn|p2a: Zamazenta|Protect\n|move|p1b: Amoonguss|Rage Powder|p1b: Amoonguss\n|-singleturn|p1b: Amoonguss|move: Rage Powder\n|move|p2b: Rillaboom|Wood Hammer|p1a: Ursaluna\n|-supereffective|p1a: Ursaluna\n|-damage|p1a: Ursaluna|17\/100\n|-damage|p2b: Rillaboom|61\/100|[from] Recoil\n|move|p1a: Ursaluna|Hyper Voice|p2b: Rillaboom|[spread] p2b\n|-activate|p2a: Zamazenta|move: Protect\n|-damage|p2b: Rillaboom|0 fnt\n|faint|p2b: Rillaboom\n|-damage|p1a: Ursaluna|8\/100|[from] item: Life Orb\n|\n|upkeep\n|\n|t:|1720893044\n|switch|p2b: Pelipper|Pelipper, L50, F|100\/100\n|-weather|RainDance|[from] ability: Drizzle|[of] p2b: Pelipper\n|turn|10\n|inactive|greenlightdmp has 30 seconds left.\n|\n|t:|1720893073\n|-terastallize|p2a: Zamazenta|Grass\n|move|p1a: Ursaluna|Protect|p1a: Ursaluna\n|-singleturn|p1a: Ursaluna|Protect\n|move|p2a: Zamazenta|Body Press|p1a: Ursaluna\n|-activate|p1a: Ursaluna|move: Protect\n|move|p2b: Pelipper|Hurricane|p1b: Amoonguss\n|-supereffective|p1b: Amoonguss\n|-crit|p1b: Amoonguss\n|-damage|p1b: Amoonguss|0 fnt\n|faint|p1b: Amoonguss\n|\n|-weather|RainDance|[upkeep]\n|upkeep\n|turn|11\n|-message|greenlightdmp forfeited.\n|\n|win|JOEYISAMAZING\n|raw|greenlightdmp's rating: 1690 &rarr; <strong>1673<\/strong><br \/>(-17 for losing)\n|raw|JOEYISAMAZING's rating: 1751 &rarr; <strong>1768<\/strong><br \/>(+17 for winning)\n|l|\u2606greenlightdmp\n|player|p1|\n|l|\u2606JOEYISAMAZING\n|player|p2|\n","uploadtime":1720893230,"views":16,"formatid":"gen9vgc2024regg","rating":1673,"private":0,"password":null}