{"id":"gen9vgc2024regg-2160196004","format":"[Gen 9] VGC 2024 Reg G","players":["SERENA2024","GuevaraGaming2"],"log":"|j|\u2606SERENA2024\n|j|\u2606GuevaraGaming2\n|t:|1720874441\n|gametype|doubles\n|player|p1|SERENA2024|iono|1648\n|player|p2|GuevaraGaming2|hilbert-wonderlauncher|1738\n|teamsize|p1|6\n|teamsize|p2|6\n|gen|9\n|tier|[Gen 9] VGC 2024 Reg G\n|rated|\n|rule|Species Clause: Limit one of each Pok\u00e9mon\n|rule|Item Clause: Limit one of each item\n|clearpoke\n|poke|p1|Kyogre, L50|\n|poke|p1|Tornadus, L50, M|\n|poke|p1|Landorus, L50, M|\n|poke|p1|Archaludon, L50, F|\n|poke|p1|Farigiraf, L50, F|\n|poke|p1|Rillaboom, L50, F|\n|poke|p2|Zamazenta-*, L50|\n|poke|p2|Tornadus, L50, M|\n|poke|p2|Rillaboom, L50, F|\n|poke|p2|Ogerpon-Cornerstone, L50, F|\n|poke|p2|Chien-Pao, L50|\n|poke|p2|Chandelure, L50, M|\n|teampreview|4\n|j| Grillico\n|\n|t:|1720874488\n|start\n|switch|p1a: Kyogre|Kyogre, L50|100\/100\n|switch|p1b: Archaludon|Archaludon, L50, F|100\/100\n|switch|p2a: Tornadus|Tornadus, L50, M|100\/100\n|switch|p2b: Rillaboom|Rillaboom, L50, F|100\/100\n|-weather|RainDance|[from] ability: Drizzle|[of] p1a: Kyogre\n|-fieldstart|move: Grassy Terrain|[from] ability: Grassy Surge|[of] p2b: Rillaboom\n|turn|1\n|inactive|Battle timer is ON: inactive players will automatically lose when time's up. (requested by SERENA2024)\n|\n|t:|1720874526\n|move|p1a: Kyogre|Protect|p1a: Kyogre\n|-singleturn|p1a: Kyogre|Protect\n|move|p2a: Tornadus|Tailwind|p2a: Tornadus\n|-sidestart|p2: GuevaraGaming2|move: Tailwind\n|move|p2b: Rillaboom|Wood Hammer|p1a: Kyogre\n|-activate|p1a: Kyogre|move: Protect\n|move|p1b: Archaludon|Electro Shot||[still]\n|-prepare|p1b: Archaludon|Electro Shot\n|-boost|p1b: Archaludon|spa|1\n|-anim|p1b: Archaludon|Electro Shot|p2a: Tornadus\n|-supereffective|p2a: Tornadus\n|-damage|p2a: Tornadus|0 fnt\n|faint|p2a: Tornadus\n|\n|-weather|RainDance|[upkeep]\n|upkeep\n|\n|t:|1720874529\n|switch|p2a: Zamazenta|Zamazenta-Crowned, L50|100\/100\n|-ability|p2a: Zamazenta|Dauntless Shield|boost\n|-boost|p2a: Zamazenta|def|1\n|turn|2\n|\n|t:|1720874552\n|switch|p1a: Rillaboom|Rillaboom, L50, F|100\/100\n|-terastallize|p2a: Zamazenta|Fighting\n|-terastallize|p1b: Archaludon|Fairy\n|move|p2a: Zamazenta|Body Press|p1b: Archaludon\n|-resisted|p1b: Archaludon\n|-damage|p1b: Archaludon|67\/100\n|-ability|p1b: Archaludon|Stamina|boost\n|-boost|p1b: Archaludon|def|1\n|move|p2b: Rillaboom|Wood Hammer|p1a: Rillaboom\n|-resisted|p1a: Rillaboom\n|-damage|p1a: Rillaboom|58\/100\n|-damage|p2b: Rillaboom|86\/100|[from] Recoil\n|move|p1b: Archaludon|Electro Shot||[still]\n|-prepare|p1b: Archaludon|Electro Shot\n|-boost|p1b: Archaludon|spa|1\n|-anim|p1b: Archaludon|Electro Shot|p2a: Zamazenta\n|-damage|p2a: Zamazenta|37\/100\n|\n|-weather|RainDance|[upkeep]\n|-heal|p2a: Zamazenta|43\/100|[from] Grassy Terrain\n|-heal|p2b: Rillaboom|92\/100|[from] Grassy Terrain\n|-heal|p1b: Archaludon|73\/100|[from] Grassy Terrain\n|-heal|p1a: Rillaboom|64\/100|[from] Grassy Terrain\n|upkeep\n|turn|3\n|inactive|SERENA2024 has 30 seconds left.\n|\n|t:|1720874586\n|move|p2a: Zamazenta|Protect|p2a: Zamazenta\n|-singleturn|p2a: Zamazenta|Protect\n|move|p1a: Rillaboom|Fake Out|p2b: Rillaboom\n|-damage|p2b: Rillaboom|77\/100\n|cant|p2b: Rillaboom|flinch\n|move|p1b: Archaludon|Electro Shot||[still]\n|-prepare|p1b: Archaludon|Electro Shot\n|-boost|p1b: Archaludon|spa|1\n|-anim|p1b: Archaludon|Electro Shot|p2a: Zamazenta\n|-activate|p2a: Zamazenta|move: Protect\n|\n|-weather|RainDance|[upkeep]\n|-heal|p2a: Zamazenta|49\/100|[from] Grassy Terrain\n|-heal|p2b: Rillaboom|83\/100|[from] Grassy Terrain\n|-heal|p1b: Archaludon|79\/100|[from] Grassy Terrain\n|-heal|p1a: Rillaboom|70\/100|[from] Grassy Terrain\n|upkeep\n|turn|4\n|inactive|SERENA2024 has 30 seconds left.\n|inactive|SERENA2024 has 20 seconds left.\n|\n|t:|1720874622\n|move|p2a: Zamazenta|Body Press|p1a: Rillaboom\n|-damage|p1a: Rillaboom|0 fnt\n|faint|p1a: Rillaboom\n|move|p2b: Rillaboom|Wood Hammer|p1b: Archaludon\n|-damage|p1b: Archaludon|40\/100\n|-ability|p1b: Archaludon|Stamina|boost\n|-boost|p1b: Archaludon|def|1\n|-damage|p2b: Rillaboom|70\/100|[from] Recoil\n|move|p1b: Archaludon|Electro Shot||[still]\n|-prepare|p1b: Archaludon|Electro Shot\n|-boost|p1b: Archaludon|spa|1\n|-anim|p1b: Archaludon|Electro Shot|p2a: Zamazenta\n|-damage|p2a: Zamazenta|0 fnt\n|faint|p2a: Zamazenta\n|\n|-weather|RainDance|[upkeep]\n|-heal|p2b: Rillaboom|76\/100|[from] Grassy Terrain\n|-heal|p1b: Archaludon|46\/100|[from] Grassy Terrain\n|-sideend|p2: GuevaraGaming2|move: Tailwind\n|upkeep\n|\n|t:|1720874633\n|switch|p2a: Ogerpon|Ogerpon-Cornerstone, L50, F|100\/100\n|switch|p1a: Landorus|Landorus, L50, M|100\/100\n|turn|5\n|-message|GuevaraGaming2 forfeited.\n|\n|win|SERENA2024\n|raw|SERENA2024's rating: 1648 &rarr; <strong>1673<\/strong><br \/>(+25 for winning)\n|raw|GuevaraGaming2's rating: 1738 &rarr; <strong>1713<\/strong><br \/>(-25 for losing)\n|l|\u2606GuevaraGaming2\n|player|p2|\n|l| Grillico\n","uploadtime":1720874844,"views":5,"formatid":"gen9vgc2024regg","rating":1673,"private":0,"password":null}