{"id":"gen9vgc2024regg-2160745035","format":"[Gen 9] VGC 2024 Reg G","players":["CCC2025","koji muranishi"],"log":"|j|\u2606CCC2025\n|j|\u2606koji muranishi\n|t:|1720963856\n|gametype|doubles\n|player|p1|CCC2025|dawn|1756\n|player|p2|koji muranishi|265|1819\n|teamsize|p1|6\n|teamsize|p2|6\n|gen|9\n|tier|[Gen 9] VGC 2024 Reg G\n|rated|\n|rule|Species Clause: Limit one of each Pok\u00e9mon\n|rule|Item Clause: Limit one of each item\n|clearpoke\n|poke|p1|Urshifu-*, L50, M|\n|poke|p1|Clefairy, L50, F|\n|poke|p1|Incineroar, L50, M|\n|poke|p1|Grimmsnarl, L50, M|\n|poke|p1|Calyrex-Shadow, L50|\n|poke|p1|Raging Bolt, L50|\n|poke|p2|Calyrex-Ice, L50|\n|poke|p2|Kingambit, L50, F|\n|poke|p2|Entei, L50|\n|poke|p2|Whimsicott, L50, F|\n|poke|p2|Torkoal, L50, M|\n|poke|p2|Raging Bolt, L50|\n|teampreview|4\n|inactive|Battle timer is ON: inactive players will automatically lose when time's up. (requested by koji muranishi)\n|inactive|CCC2025 has 60 seconds left.\n|\n|t:|1720963926\n|start\n|switch|p1a: Grimmsnarl|Grimmsnarl, L50, M, shiny|100\/100\n|switch|p1b: Urshifu|Urshifu-Rapid-Strike, L50, M|100\/100\n|switch|p2a: Kingambit|Kingambit, L50, F|100\/100\n|switch|p2b: Calyrex|Calyrex-Ice, L50|100\/100\n|-ability|p2b: Calyrex|As One\n|-ability|p2b: Calyrex|Unnerve\n|turn|1\n|inactive|CCC2025 has 30 seconds left.\n|inactive|koji muranishi has 30 seconds left.\n|inactive|CCC2025 has 20 seconds left.\n|inactive|CCC2025 has 15 seconds left.\n|inactive|CCC2025 has 10 seconds left.\n|\n|t:|1720963973\n|move|p1a: Grimmsnarl|Reflect|p1a: Grimmsnarl\n|-sidestart|p1: CCC2025|Reflect\n|move|p2a: Kingambit|Sucker Punch|p1b: Urshifu\n|-resisted|p1b: Urshifu\n|-damage|p1b: Urshifu|85\/100\n|move|p1b: Urshifu|Surging Strikes|p2b: Calyrex\n|-crit|p2b: Calyrex\n|-damage|p2b: Calyrex|85\/100\n|-crit|p2b: Calyrex\n|-damage|p2b: Calyrex|68\/100\n|-crit|p2b: Calyrex\n|-damage|p2b: Calyrex|53\/100\n|-hitcount|p2b: Calyrex|3\n|move|p2b: Calyrex|Seed Bomb|p1b: Urshifu\n|-supereffective|p1b: Urshifu\n|-damage|p1b: Urshifu|20\/100\n|\n|upkeep\n|turn|2\n|j| test368\n|inactive|CCC2025 has 30 seconds left.\n|inactive|koji muranishi has 30 seconds left.\n|\n|t:|1720964011\n|switch|p2a: Whimsicott|Whimsicott, L50, F|100\/100\n|move|p1a: Grimmsnarl|Light Screen|p1a: Grimmsnarl\n|-sidestart|p1: CCC2025|move: Light Screen\n|move|p1b: Urshifu|Close Combat|p2b: Calyrex\n|-damage|p2b: Calyrex|3\/100\n|-unboost|p1b: Urshifu|def|1\n|-unboost|p1b: Urshifu|spd|1\n|move|p2b: Calyrex|Seed Bomb|p1b: Urshifu\n|-supereffective|p1b: Urshifu\n|-damage|p1b: Urshifu|0 fnt\n|faint|p1b: Urshifu\n|-ability|p2b: Calyrex|Chilling Neigh|boost\n|-boost|p2b: Calyrex|atk|1\n|\n|upkeep\n|\n|t:|1720964027\n|switch|p1b: Calyrex|Calyrex-Shadow, L50|100\/100\n|-ability|p1b: Calyrex|As One\n|-ability|p1b: Calyrex|Unnerve\n|turn|3\n|\n|t:|1720964044\n|switch|p2b: Kingambit|Kingambit, L50, F|100\/100\n|move|p2a: Whimsicott|Protect|p2a: Whimsicott\n|-singleturn|p2a: Whimsicott|Protect\n|move|p1a: Grimmsnarl|Taunt|p2a: Whimsicott\n|-activate|p2a: Whimsicott|move: Protect\n|move|p1b: Calyrex|Astral Barrage|p2b: Kingambit|[spread] p2b\n|-activate|p2a: Whimsicott|move: Protect\n|-resisted|p2b: Kingambit\n|-damage|p2b: Kingambit|82\/100\n|\n|upkeep\n|turn|4\n|inactive|koji muranishi has 30 seconds left.\n|inactive|koji muranishi has 20 seconds left.\n|\n|t:|1720964083\n|switch|p1a: Clefairy|Clefairy, L50, F|100\/100\n|move|p2a: Whimsicott|Tailwind|p2a: Whimsicott\n|-sidestart|p2: koji muranishi|move: Tailwind\n|move|p1b: Calyrex|Nasty Plot|p1b: Calyrex\n|-boost|p1b: Calyrex|spa|2\n|move|p2b: Kingambit|Iron Head|p1a: Clefairy\n|-supereffective|p1a: Clefairy\n|-damage|p1a: Clefairy|48\/100\n|\n|upkeep\n|turn|5\n|inactive|CCC2025 has 30 seconds left.\n|inactive|CCC2025 has 20 seconds left.\n|inactive|CCC2025 has 15 seconds left.\n|inactive|CCC2025 has 10 seconds left.\n|\n|t:|1720964129\n|move|p2a: Whimsicott|Protect|p2a: Whimsicott\n|-singleturn|p2a: Whimsicott|Protect\n|move|p1b: Calyrex|Protect|p1b: Calyrex\n|-singleturn|p1b: Calyrex|Protect\n|move|p1a: Clefairy|Protect|p1a: Clefairy\n|-singleturn|p1a: Clefairy|Protect\n|move|p2b: Kingambit|Iron Head|p1a: Clefairy\n|-activate|p1a: Clefairy|move: Protect\n|\n|upkeep\n|turn|6\n|inactive|koji muranishi has 30 seconds left.\n|inactive|koji muranishi has 20 seconds left.\n|inactive|koji muranishi has 15 seconds left.\n|inactive|koji muranishi has 10 seconds left.\n|\n|t:|1720964179\n|-terastallize|p1b: Calyrex|Fairy\n|move|p1a: Clefairy|Follow Me|p1a: Clefairy\n|-singleturn|p1a: Clefairy|move: Follow Me\n|move|p2a: Whimsicott|Moonblast|p1a: Clefairy\n|-damage|p1a: Clefairy|27\/100\n|-unboost|p1a: Clefairy|spa|1\n|move|p1b: Calyrex|Astral Barrage|p2a: Whimsicott|[spread] p2a,p2b\n|-resisted|p2b: Kingambit\n|-enditem|p2a: Whimsicott|Focus Sash\n|-damage|p2a: Whimsicott|1\/100\n|-damage|p2b: Kingambit|49\/100\n|move|p2b: Kingambit|Iron Head|p1a: Clefairy\n|-supereffective|p1a: Clefairy\n|-damage|p1a: Clefairy|0 fnt\n|faint|p1a: Clefairy\n|\n|upkeep\n|\n|t:|1720964200\n|switch|p1a: Grimmsnarl|Grimmsnarl, L50, M, shiny|100\/100\n|turn|7\n|\n|t:|1720964215\n|move|p2a: Whimsicott|Protect|p2a: Whimsicott\n|-singleturn|p2a: Whimsicott|Protect\n|move|p1a: Grimmsnarl|Taunt|p2a: Whimsicott\n|-activate|p2a: Whimsicott|move: Protect\n|move|p1b: Calyrex|Draining Kiss|p2b: Kingambit\n|-damage|p2b: Kingambit|3\/100\n|move|p2b: Kingambit|Iron Head|p1a: Grimmsnarl\n|-supereffective|p1a: Grimmsnarl\n|-damage|p1a: Grimmsnarl|41\/100\n|\n|-sideend|p2: koji muranishi|move: Tailwind\n|upkeep\n|turn|8\n|inactive|CCC2025 has 30 seconds left.\n|inactive|CCC2025 has 20 seconds left.\n|\n|t:|1720964255\n|move|p2a: Whimsicott|Tailwind|p2a: Whimsicott\n|-sidestart|p2: koji muranishi|move: Tailwind\n|move|p2b: Kingambit|Sucker Punch|p1b: Calyrex\n|-resisted|p1b: Calyrex\n|-damage|p1b: Calyrex|86\/100\n|move|p1a: Grimmsnarl|Thunder Wave|p2a: Whimsicott\n|-status|p2a: Whimsicott|par\n|move|p1b: Calyrex|Astral Barrage|p2a: Whimsicott|[spread] p2a,p2b\n|-resisted|p2b: Kingambit\n|-damage|p2a: Whimsicott|0 fnt\n|-damage|p2b: Kingambit|0 fnt\n|faint|p2a: Whimsicott\n|faint|p2b: Kingambit\n|-ability|p1b: Calyrex|Grim Neigh|boost\n|-boost|p1b: Calyrex|spa|2\n|\n|-sideend|p1: CCC2025|Reflect\n|upkeep\n|\n|t:|1720964273\n|switch|p2a: Entei|Entei, L50|100\/100\n|switch|p2b: Calyrex|Calyrex-Ice, L50|3\/100\n|-ability|p2b: Calyrex|As One\n|-ability|p2b: Calyrex|Unnerve\n|turn|9\n|inactive|CCC2025 has 30 seconds left.\n|inactive|CCC2025 has 20 seconds left.\n|inactive|CCC2025 has 15 seconds left.\n|inactive|CCC2025 has 10 seconds left.\n|\n|t:|1720964320\n|-terastallize|p2b: Calyrex|Ice\n|move|p1b: Calyrex|Protect|p1b: Calyrex\n|-singleturn|p1b: Calyrex|Protect\n|move|p1a: Grimmsnarl|Reflect|p1a: Grimmsnarl\n|-sidestart|p1: CCC2025|Reflect\n|move|p2a: Entei|Sacred Fire|p1b: Calyrex\n|-activate|p1b: Calyrex|move: Protect\n|move|p2b: Calyrex|Glacial Lance|p1b: Calyrex|[spread] p1a\n|-activate|p1b: Calyrex|move: Protect\n|-damage|p1a: Grimmsnarl|0 fnt\n|faint|p1a: Grimmsnarl\n|-ability|p2b: Calyrex|Chilling Neigh|boost\n|-boost|p2b: Calyrex|atk|1\n|\n|-sideend|p1: CCC2025|move: Light Screen\n|upkeep\n|turn|10\n|\n|t:|1720964339\n|move|p2a: Entei|Sacred Fire|p1b: Calyrex\n|-damage|p1b: Calyrex|52\/100\n|move|p2b: Calyrex|Glacial Lance|p1b: Calyrex\n|-damage|p1b: Calyrex|0 fnt\n|faint|p1b: Calyrex\n|\n|win|koji muranishi\n|raw|CCC2025's rating: 1756 &rarr; <strong>1740<\/strong><br \/>(-16 for losing)\n|raw|koji muranishi's rating: 1819 &rarr; <strong>1835<\/strong><br \/>(+16 for winning)\n|l| test368\n|l|\u2606CCC2025\n|player|p1|\n","uploadtime":1720964567,"views":48,"formatid":"gen9vgc2024regg","rating":1740,"private":0,"password":null}