{"id":"gen9vgc2024regg-2160754864","format":"[Gen 9] VGC 2024 Reg G","players":["koji muranishi","Reata7777"],"log":"|j|\u2606koji muranishi\n|j|\u2606Reata7777\n|t:|1720965426\n|gametype|doubles\n|player|p1|koji muranishi|265|1797\n|player|p2|Reata7777|caitlin|1678\n|teamsize|p1|6\n|teamsize|p2|6\n|gen|9\n|tier|[Gen 9] VGC 2024 Reg G\n|rated|\n|rule|Species Clause: Limit one of each Pok\u00e9mon\n|rule|Item Clause: Limit one of each item\n|clearpoke\n|poke|p1|Calyrex-Ice, L50|\n|poke|p1|Kingambit, L50, M|\n|poke|p1|Entei, L50|\n|poke|p1|Whimsicott, L50, M|\n|poke|p1|Torkoal, L50, M|\n|poke|p1|Raging Bolt, L50|\n|poke|p2|Groudon, L50|\n|poke|p2|Raging Bolt, L50|\n|poke|p2|Flutter Mane, L50|\n|poke|p2|Chien-Pao, L50|\n|poke|p2|Volcarona, L50, F|\n|poke|p2|Urshifu-*, L50, F|\n|teampreview|4\n|\n|t:|1720965455\n|start\n|switch|p1a: Whimsicott|Whimsicott, L50, M|100\/100\n|switch|p1b: Calyrex|Calyrex-Ice, L50|100\/100\n|switch|p2a: Volcarona|Volcarona, L50, F|100\/100\n|switch|p2b: Groudon|Groudon, L50|100\/100\n|-ability|p1b: Calyrex|As One\n|-ability|p1b: Calyrex|Unnerve\n|-weather|SunnyDay|[from] ability: Drought|[of] p2b: Groudon\n|turn|1\n|\n|t:|1720965476\n|-terastallize|p2b: Groudon|Fire\n|-terastallize|p1b: Calyrex|Ice\n|move|p1a: Whimsicott|Tailwind|p1a: Whimsicott\n|-sidestart|p1: koji muranishi|move: Tailwind\n|move|p1b: Calyrex|Glacial Lance|p2b: Groudon|[spread] p2a,p2b\n|-resisted|p2a: Volcarona\n|-crit|p2a: Volcarona\n|-resisted|p2b: Groudon\n|-damage|p2a: Volcarona|20\/100\n|-damage|p2b: Groudon|66\/100\n|move|p2b: Groudon|Precipice Blades|p1b: Calyrex|[spread] p1a\n|-miss|p2b: Groudon|p1b: Calyrex\n|-resisted|p1a: Whimsicott\n|-damage|p1a: Whimsicott|63\/100\n|move|p2a: Volcarona|Heat Wave|p1b: Calyrex|[spread] p1a,p1b\n|-supereffective|p1a: Whimsicott\n|-supereffective|p1b: Calyrex\n|-damage|p1a: Whimsicott|0 fnt\n|-damage|p1b: Calyrex|25\/100\n|faint|p1a: Whimsicott\n|\n|-weather|SunnyDay|[upkeep]\n|upkeep\n|\n|t:|1720965514\n|switch|p1a: Entei|Entei, L50|100\/100\n|turn|2\n|\n|t:|1720965525\n|move|p2a: Volcarona|Rage Powder|p2a: Volcarona\n|-singleturn|p2a: Volcarona|move: Rage Powder\n|move|p1a: Entei|Sacred Fire|p2a: Volcarona|[miss]\n|-miss|p1a: Entei|p2a: Volcarona\n|move|p1b: Calyrex|Glacial Lance|p2b: Groudon|[spread] p2a,p2b\n|-resisted|p2a: Volcarona\n|-resisted|p2b: Groudon\n|-damage|p2a: Volcarona|0 fnt\n|-damage|p2b: Groudon|31\/100\n|faint|p2a: Volcarona\n|-ability|p1b: Calyrex|Chilling Neigh|boost\n|-boost|p1b: Calyrex|atk|1\n|move|p2b: Groudon|Precipice Blades|p1b: Calyrex|[spread] p1a,p1b\n|-supereffective|p1a: Entei\n|-damage|p1a: Entei|2\/100\n|-damage|p1b: Calyrex|0 fnt\n|faint|p1b: Calyrex\n|\n|-weather|SunnyDay|[upkeep]\n|upkeep\n|\n|t:|1720965550\n|switch|p2a: Raging Bolt|Raging Bolt, L50|100\/100\n|switch|p1b: Raging Bolt|Raging Bolt, L50|100\/100\n|-activate|p1b: Raging Bolt|ability: Protosynthesis\n|-start|p1b: Raging Bolt|protosynthesisspa\n|-activate|p2a: Raging Bolt|ability: Protosynthesis\n|-start|p2a: Raging Bolt|protosynthesisspa\n|turn|3\n|\n|t:|1720965590\n|move|p2b: Groudon|Protect|p2b: Groudon\n|-singleturn|p2b: Groudon|Protect\n|move|p1a: Entei|Sacred Fire|p2b: Groudon\n|-activate|p2b: Groudon|move: Protect\n|move|p1b: Raging Bolt|Draco Meteor|p2a: Raging Bolt\n|-supereffective|p2a: Raging Bolt\n|-damage|p2a: Raging Bolt|0 fnt\n|-unboost|p1b: Raging Bolt|spa|2\n|faint|p2a: Raging Bolt\n|-end|p2a: Raging Bolt|Protosynthesis|[silent]\n|-damage|p1b: Raging Bolt|91\/100|[from] item: Life Orb\n|\n|-weather|SunnyDay|[upkeep]\n|upkeep\n|\n|t:|1720965604\n|switch|p2a: Urshifu|Urshifu, L50, F|100\/100\n|turn|4\n|\n|t:|1720965617\n|move|p2a: Urshifu|Sucker Punch|p1a: Entei\n|-damage|p1a: Entei|0 fnt\n|faint|p1a: Entei\n|move|p1b: Raging Bolt|Draco Meteor|p2b: Groudon\n|-damage|p2b: Groudon|0 fnt\n|-unboost|p1b: Raging Bolt|spa|2\n|faint|p2b: Groudon\n|-damage|p1b: Raging Bolt|81\/100|[from] item: Life Orb\n|\n|-weather|SunnyDay|[upkeep]\n|-sideend|p1: koji muranishi|move: Tailwind\n|upkeep\n|turn|5\n|\n|t:|1720965633\n|move|p2a: Urshifu|Detect|p2a: Urshifu\n|-singleturn|p2a: Urshifu|Protect\n|move|p1b: Raging Bolt|Draco Meteor|p2a: Urshifu\n|-activate|p2a: Urshifu|move: Protect\n|\n|-weather|none\n|-end|p1b: Raging Bolt|Protosynthesis\n|upkeep\n|turn|6\n|\n|t:|1720965646\n|move|p2a: Urshifu|Wicked Blow|p1b: Raging Bolt\n|-crit|p1b: Raging Bolt\n|-damage|p1b: Raging Bolt|30\/100\n|move|p1b: Raging Bolt|Draco Meteor|p2a: Urshifu\n|-damage|p2a: Urshifu|51\/100\n|-unboost|p1b: Raging Bolt|spa|2\n|-damage|p1b: Raging Bolt|20\/100|[from] item: Life Orb\n|\n|upkeep\n|turn|7\n|\n|t:|1720965669\n|move|p2a: Urshifu|Sucker Punch|p1b: Raging Bolt\n|-damage|p1b: Raging Bolt|0 fnt\n|faint|p1b: Raging Bolt\n|-end|p1b: Raging Bolt|Protosynthesis|[silent]\n|\n|win|Reata7777\n|raw|koji muranishi's rating: 1797 &rarr; <strong>1770<\/strong><br \/>(-27 for losing)\n|raw|Reata7777's rating: 1678 &rarr; <strong>1705<\/strong><br \/>(+27 for winning)\n|l|\u2606koji muranishi\n|player|p1|\n|l|\u2606Reata7777\n|player|p2|\n","uploadtime":1720965819,"views":7,"formatid":"gen9vgc2024regg","rating":1705,"private":0,"password":null}