{"id":"gen9vgc2024regg-2160314485","format":"[Gen 9] VGC 2024 Reg G","players":["Phononmode","Billy_HMD"],"log":"|j|\u2606Phononmode\n|j|\u2606Billy_HMD\n|t:|1720891470\n|gametype|doubles\n|player|p1|Phononmode|266|1700\n|player|p2|Billy_HMD|dawn|1756\n|teamsize|p1|6\n|teamsize|p2|6\n|gen|9\n|tier|[Gen 9] VGC 2024 Reg G\n|rated|\n|rule|Species Clause: Limit one of each Pok\u00e9mon\n|rule|Item Clause: Limit one of each item\n|clearpoke\n|poke|p1|Calyrex-Ice, L50|\n|poke|p1|Rillaboom, L50, M|\n|poke|p1|Ting-Lu, L50|\n|poke|p1|Skeledirge, L50, M|\n|poke|p1|Raging Bolt, L50|\n|poke|p1|Iron Bundle, L50|\n|poke|p2|Kyogre, L50|\n|poke|p2|Incineroar, L50, F|\n|poke|p2|Rillaboom, L50, F|\n|poke|p2|Grimmsnarl, L50, M|\n|poke|p2|Gholdengo, L50|\n|poke|p2|Zapdos, L50|\n|teampreview|4\n|inactive|Battle timer is ON: inactive players will automatically lose when time's up. (requested by Billy_HMD)\nPhononmode has agreed to open team sheets.\n|\n|t:|1720891494\n|start\n|switch|p1a: Calyrex|Calyrex-Ice, L50|100\/100\n|switch|p1b: Iron Bundle|Iron Bundle, L50|100\/100\n|switch|p2a: Gholdengo|Gholdengo, L50|100\/100\n|switch|p2b: Grimmsnarl|Grimmsnarl, L50, M|100\/100\n|-ability|p1a: Calyrex|As One\n|-ability|p1a: Calyrex|Unnerve\n|turn|1\n|j| Supasky\n|inactive|Billy_HMD has 30 seconds left.\n|inactive|Billy_HMD has 20 seconds left.\n|inactive|Billy_HMD has 15 seconds left.\n|\n|t:|1720891539\n|move|p1b: Iron Bundle|Protect|p1b: Iron Bundle\n|-singleturn|p1b: Iron Bundle|Protect\n|move|p2b: Grimmsnarl|Reflect|p2b: Grimmsnarl\n|-sidestart|p2: Billy_HMD|Reflect\n|move|p2a: Gholdengo|Make It Rain|p1b: Iron Bundle|[spread] p1a\n|-activate|p1b: Iron Bundle|move: Protect\n|-supereffective|p1a: Calyrex\n|-damage|p1a: Calyrex|28\/100\n|-unboost|p2a: Gholdengo|spa|1\n|move|p1a: Calyrex|High Horsepower|p2a: Gholdengo\n|-supereffective|p2a: Gholdengo\n|-damage|p2a: Gholdengo|40\/100\n|\n|-heal|p2a: Gholdengo|46\/100|[from] item: Leftovers\n|upkeep\n|turn|2\n|\n|t:|1720891564\n|-end|p1b: Iron Bundle|Quark Drive|[silent]\n|switch|p1b: Ting-Lu|Ting-Lu, L50|100\/100\n|-ability|p1b: Ting-Lu|Vessel of Ruin\n|move|p1a: Calyrex|Protect|p1a: Calyrex\n|-singleturn|p1a: Calyrex|Protect\n|move|p2b: Grimmsnarl|Light Screen|p2b: Grimmsnarl\n|-sidestart|p2: Billy_HMD|move: Light Screen\n|move|p2a: Gholdengo|Make It Rain|p1b: Ting-Lu|[spread] p1b\n|-activate|p1a: Calyrex|move: Protect\n|-damage|p1b: Ting-Lu|89\/100\n|-unboost|p2a: Gholdengo|spa|1\n|\n|-heal|p2a: Gholdengo|53\/100|[from] item: Leftovers\n|upkeep\n|turn|3\n|inactive|Billy_HMD has 30 seconds left.\n|inactive|Billy_HMD has 20 seconds left.\n|inactive|Billy_HMD has 15 seconds left.\n|inactive|Billy_HMD has 10 seconds left.\n|\n|t:|1720891611\n|switch|p1a: Rillaboom|Rillaboom, L50, M|100\/100\n|-fieldstart|move: Grassy Terrain|[from] ability: Grassy Surge|[of] p1a: Rillaboom\n|move|p2a: Gholdengo|Make It Rain|p1a: Rillaboom|[spread] p1a,p1b\n|-damage|p1a: Rillaboom|78\/100\n|-damage|p1b: Ting-Lu|82\/100\n|-unboost|p2a: Gholdengo|spa|1\n|move|p2b: Grimmsnarl|Spirit Break|p1a: Rillaboom\n|-damage|p1a: Rillaboom|51\/100\n|-unboost|p1a: Rillaboom|spa|1\n|move|p1b: Ting-Lu|Stomping Tantrum|p2a: Gholdengo\n|-supereffective|p2a: Gholdengo\n|-damage|p2a: Gholdengo|9\/100\n|\n|-heal|p2a: Gholdengo|15\/100|[from] Grassy Terrain\n|-heal|p2a: Gholdengo|21\/100|[from] item: Leftovers\n|-heal|p1a: Rillaboom|57\/100|[from] Grassy Terrain\n|-heal|p1b: Ting-Lu|88\/100|[from] Grassy Terrain\n|upkeep\n|turn|4\n|inactive|Phononmode has 30 seconds left.\n|inactive|Billy_HMD has 30 seconds left.\n|inactive|Billy_HMD has 20 seconds left.\n|\n|t:|1720891649\n|switch|p2a: Incineroar|Incineroar, L50, F|100\/100\n|-ability|p2a: Incineroar|Intimidate|boost\n|-unboost|p1a: Rillaboom|atk|1\n|-unboost|p1b: Ting-Lu|atk|1\n|move|p2b: Grimmsnarl|Thunder Wave|p1a: Rillaboom\n|-status|p1a: Rillaboom|par\n|move|p1a: Rillaboom|Wood Hammer|p2a: Incineroar\n|-resisted|p2a: Incineroar\n|-damage|p2a: Incineroar|83\/100\n|-damage|p1a: Rillaboom|51\/100 par|[from] Recoil\n|move|p1b: Ting-Lu|Heavy Slam|p2b: Grimmsnarl\n|-supereffective|p2b: Grimmsnarl\n|-damage|p2b: Grimmsnarl|71\/100\n|\n|-heal|p2a: Incineroar|89\/100|[from] Grassy Terrain\n|-heal|p2b: Grimmsnarl|77\/100|[from] Grassy Terrain\n|-heal|p1a: Rillaboom|57\/100 par|[from] Grassy Terrain\n|-heal|p1b: Ting-Lu|94\/100|[from] Grassy Terrain\n|upkeep\n|turn|5\n|inactive|Billy_HMD has 30 seconds left.\n|\n|t:|1720891679\n|switch|p1a: Iron Bundle|Iron Bundle, L50|100\/100\n|move|p2a: Incineroar|Will-O-Wisp|p1b: Ting-Lu\n|-status|p1b: Ting-Lu|brn\n|move|p2b: Grimmsnarl|Spirit Break|p1b: Ting-Lu\n|-supereffective|p1b: Ting-Lu\n|-damage|p1b: Ting-Lu|59\/100 brn\n|-unboost|p1b: Ting-Lu|spa|1\n|move|p1b: Ting-Lu|Heavy Slam|p2b: Grimmsnarl\n|-supereffective|p2b: Grimmsnarl\n|-damage|p2b: Grimmsnarl|61\/100\n|\n|-heal|p2a: Incineroar|95\/100|[from] Grassy Terrain\n|-heal|p2b: Grimmsnarl|67\/100|[from] Grassy Terrain\n|-heal|p1b: Ting-Lu|65\/100 brn|[from] Grassy Terrain\n|-damage|p1b: Ting-Lu|59\/100 brn|[from] brn\n|upkeep\n|turn|6\n|inactive|Phononmode has 30 seconds left.\n|inactive|Billy_HMD has 30 seconds left.\n|inactive|Phononmode has 20 seconds left.\n|inactive|Billy_HMD has 20 seconds left.\n|inactive|Billy_HMD has 15 seconds left.\n|inactive|Billy_HMD has 10 seconds left.\n|inactive|Billy_HMD has 5 seconds left.\n|\n|t:|1720891729\n|move|p1a: Iron Bundle|Hydro Pump|p2a: Incineroar|[miss]\n|-miss|p1a: Iron Bundle|p2a: Incineroar\n|move|p2a: Incineroar|Parting Shot|p1a: Iron Bundle\n|-unboost|p1a: Iron Bundle|atk|1\n|-unboost|p1a: Iron Bundle|spa|1\n|\n|t:|1720891739\n|switch|p2a: Kyogre|Kyogre, L50|100\/100|[from] Parting Shot\n|-weather|RainDance|[from] ability: Drizzle|[of] p2a: Kyogre\n|move|p2b: Grimmsnarl|Spirit Break|p1a: Iron Bundle\n|-damage|p1a: Iron Bundle|65\/100\n|move|p1b: Ting-Lu|Stomping Tantrum|p2a: Kyogre\n|-damage|p2a: Kyogre|93\/100\n|\n|-weather|RainDance|[upkeep]\n|-heal|p1a: Iron Bundle|71\/100|[from] Grassy Terrain\n|-heal|p2a: Kyogre|99\/100|[from] Grassy Terrain\n|-heal|p2b: Grimmsnarl|73\/100|[from] Grassy Terrain\n|-heal|p1b: Ting-Lu|65\/100 brn|[from] Grassy Terrain\n|-damage|p1b: Ting-Lu|59\/100 brn|[from] brn\n|upkeep\n|turn|7\n|\n|t:|1720891762\n|-end|p1a: Iron Bundle|Quark Drive|[silent]\n|switch|p1a: Rillaboom|Rillaboom, L50, M|57\/100 par\n|-terastallize|p1b: Ting-Lu|Grass\n|move|p2b: Grimmsnarl|Thunder Wave|p1a: Rillaboom\n|-fail|p1a: Rillaboom|par\n|move|p2a: Kyogre|Water Spout|p1b: Ting-Lu|[spread] p1a,p1b\n|-resisted|p1a: Rillaboom\n|-resisted|p1b: Ting-Lu\n|-damage|p1a: Rillaboom|10\/100 par\n|-damage|p1b: Ting-Lu|38\/100 brn\n|move|p1b: Ting-Lu|Ruination|p2a: Kyogre\n|-damage|p2a: Kyogre|50\/100\n|\n|-weather|RainDance|[upkeep]\n|-heal|p2a: Kyogre|56\/100|[from] Grassy Terrain\n|-heal|p2b: Grimmsnarl|79\/100|[from] Grassy Terrain\n|-heal|p1a: Rillaboom|15\/100 par|[from] Grassy Terrain\n|-heal|p1b: Ting-Lu|44\/100 brn|[from] Grassy Terrain\n|-damage|p1b: Ting-Lu|38\/100 brn|[from] brn\n|-fieldend|move: Grassy Terrain\n|upkeep\n|turn|8\n|inactive|Billy_HMD has 30 seconds left.\n|inactive|Phononmode has 30 seconds left.\n|inactive|Billy_HMD has 20 seconds left.\n|inactive|Billy_HMD has 15 seconds left.\n|\n|t:|1720891807\n|switch|p1a: Calyrex|Calyrex-Ice, L50|28\/100\n|-ability|p1a: Calyrex|As One\n|-ability|p1a: Calyrex|Unnerve\n|move|p2a: Kyogre|Protect|p2a: Kyogre\n|-singleturn|p2a: Kyogre|Protect\n|move|p2b: Grimmsnarl|Spirit Break|p1a: Calyrex\n|-damage|p1a: Calyrex|8\/100\n|move|p1b: Ting-Lu|Ruination|p2a: Kyogre\n|-activate|p2a: Kyogre|move: Protect\n|\n|-weather|RainDance|[upkeep]\n|-damage|p1b: Ting-Lu|32\/100 brn|[from] brn\n|-sideend|p2: Billy_HMD|Reflect\n|upkeep\n|turn|9\n|j| JOEYISAMAZING\n|inactive|Billy_HMD has 30 seconds left.\n|\n|t:|1720891839\n|move|p2b: Grimmsnarl|Reflect|p2b: Grimmsnarl\n|-sidestart|p2: Billy_HMD|Reflect\n|move|p2a: Kyogre|Origin Pulse|p1b: Ting-Lu|[spread] p1a,p1b\n|-resisted|p1b: Ting-Lu\n|-damage|p1a: Calyrex|0 fnt\n|-damage|p1b: Ting-Lu|17\/100 brn\n|faint|p1a: Calyrex\n|move|p1b: Ting-Lu|Ruination|p2a: Kyogre\n|-damage|p2a: Kyogre|29\/100\n|\n|-weather|RainDance|[upkeep]\n|-damage|p1b: Ting-Lu|11\/100 brn|[from] brn\n|-sideend|p2: Billy_HMD|move: Light Screen\n|upkeep\n|\n|t:|1720891851\n|switch|p1a: Rillaboom|Rillaboom, L50, M|15\/100 par\n|-fieldstart|move: Grassy Terrain|[from] ability: Grassy Surge|[of] p1a: Rillaboom\n|turn|10\n|inactive|Billy_HMD has 30 seconds left.\n|\n|t:|1720891876\n|switch|p2a: Incineroar|Incineroar, L50, F|95\/100\n|-ability|p2a: Incineroar|Intimidate|boost\n|-unboost|p1a: Rillaboom|atk|1\n|-unboost|p1b: Ting-Lu|atk|1\n|move|p1a: Rillaboom|Grassy Glide|p2b: Grimmsnarl\n|-crit|p2b: Grimmsnarl\n|-damage|p2b: Grimmsnarl|9\/100\n|move|p2b: Grimmsnarl|Spirit Break|p1a: Rillaboom\n|-damage|p1a: Rillaboom|0 fnt\n|faint|p1a: Rillaboom\n|move|p1b: Ting-Lu|Heavy Slam|p2b: Grimmsnarl\n|-supereffective|p2b: Grimmsnarl\n|-damage|p2b: Grimmsnarl|0 fnt\n|faint|p2b: Grimmsnarl\n|\n|-weather|none\n|-heal|p2a: Incineroar|100\/100|[from] Grassy Terrain\n|-heal|p1b: Ting-Lu|17\/100 brn|[from] Grassy Terrain\n|-damage|p1b: Ting-Lu|11\/100 brn|[from] brn\n|upkeep\n|inactive|Billy_HMD has 30 seconds left.\n|\n|t:|1720891909\n|switch|p1a: Iron Bundle|Iron Bundle, L50|71\/100\n|switch|p2b: Gholdengo|Gholdengo, L50|21\/100\n|turn|11\n|\n|t:|1720891921\n|move|p1a: Iron Bundle|Hydro Pump|p2b: Gholdengo\n|-damage|p2b: Gholdengo|0 fnt\n|faint|p2b: Gholdengo\n|move|p2a: Incineroar|Knock Off|p1a: Iron Bundle\n|-damage|p1a: Iron Bundle|26\/100\n|-enditem|p1a: Iron Bundle|Covert Cloak|[from] move: Knock Off|[of] p2a: Incineroar\n|move|p1b: Ting-Lu|Stomping Tantrum|p2a: Incineroar\n|-supereffective|p2a: Incineroar\n|-damage|p2a: Incineroar|92\/100\n|\n|-heal|p1a: Iron Bundle|32\/100|[from] Grassy Terrain\n|-heal|p2a: Incineroar|98\/100|[from] Grassy Terrain\n|-heal|p1b: Ting-Lu|17\/100 brn|[from] Grassy Terrain\n|-damage|p1b: Ting-Lu|11\/100 brn|[from] brn\n|upkeep\n|\n|t:|1720891929\n|switch|p2b: Kyogre|Kyogre, L50|29\/100\n|-weather|RainDance|[from] ability: Drizzle|[of] p2b: Kyogre\n|turn|12\n|inactive|Billy_HMD has 30 seconds left.\n|\n|t:|1720891942\n|move|p1a: Iron Bundle|Protect|p1a: Iron Bundle\n|-singleturn|p1a: Iron Bundle|Protect\n|move|p2b: Kyogre|Origin Pulse|p1a: Iron Bundle|[spread] \n|-activate|p1a: Iron Bundle|move: Protect\n|-miss|p2b: Kyogre|p1b: Ting-Lu\n|move|p2a: Incineroar|Knock Off|p1a: Iron Bundle\n|-activate|p1a: Iron Bundle|move: Protect\n|move|p1b: Ting-Lu|Ruination|p2a: Incineroar\n|-damage|p2a: Incineroar|49\/100\n|-enditem|p2a: Incineroar|Sitrus Berry|[eat]\n|-heal|p2a: Incineroar|74\/100|[from] item: Sitrus Berry\n|\n|-weather|RainDance|[upkeep]\n|-heal|p1a: Iron Bundle|38\/100|[from] Grassy Terrain\n|-heal|p2b: Kyogre|34\/100|[from] Grassy Terrain\n|-heal|p2a: Incineroar|80\/100|[from] Grassy Terrain\n|-heal|p1b: Ting-Lu|17\/100 brn|[from] Grassy Terrain\n|-damage|p1b: Ting-Lu|11\/100 brn|[from] brn\n|upkeep\n|turn|13\n|inactive|Billy_HMD has 30 seconds left this turn.\n|inactive|Billy_HMD has 20 seconds left.\n|\n|t:|1720891962\n|-terastallize|p2a: Incineroar|Grass\n|move|p1a: Iron Bundle|Freeze-Dry|p2b: Kyogre\n|-supereffective|p2b: Kyogre\n|-damage|p2b: Kyogre|0 fnt\n|faint|p2b: Kyogre\n|move|p2a: Incineroar|Knock Off|p1a: Iron Bundle\n|-damage|p1a: Iron Bundle|5\/100\n|move|p1b: Ting-Lu|Stomping Tantrum|p2a: Incineroar\n|-resisted|p2a: Incineroar\n|-crit|p2a: Incineroar\n|-damage|p2a: Incineroar|70\/100\n|\n|-weather|RainDance|[upkeep]\n|-heal|p1a: Iron Bundle|11\/100|[from] Grassy Terrain\n|-heal|p2a: Incineroar|76\/100|[from] Grassy Terrain\n|-heal|p1b: Ting-Lu|17\/100 brn|[from] Grassy Terrain\n|-damage|p1b: Ting-Lu|11\/100 brn|[from] brn\n|upkeep\n|turn|14\n|inactive|Billy_HMD has 20 seconds left this turn.\n|inactive|Billy_HMD has 15 seconds left.\n|inactive|Billy_HMD has 10 seconds left.\n|\n|t:|1720891979\n|move|p1a: Iron Bundle|Protect|p1a: Iron Bundle\n|-singleturn|p1a: Iron Bundle|Protect\n|move|p2a: Incineroar|Knock Off|p1b: Ting-Lu\n|-damage|p1b: Ting-Lu|0 fnt\n|-enditem|p1b: Ting-Lu|Assault Vest|[from] move: Knock Off|[of] p2a: Incineroar\n|faint|p1b: Ting-Lu\n|\n|-weather|RainDance|[upkeep]\n|-heal|p1a: Iron Bundle|17\/100|[from] Grassy Terrain\n|-heal|p2a: Incineroar|82\/100|[from] Grassy Terrain\n|-fieldend|move: Grassy Terrain\n|upkeep\n|turn|15\n|inactive|Billy_HMD has 10 seconds left this turn.\n|\n|t:|1720891988\n|move|p1a: Iron Bundle|Freeze-Dry|p2a: Incineroar\n|-supereffective|p2a: Incineroar\n|-damage|p2a: Incineroar|16\/100\n|-status|p2a: Incineroar|frz\n|-curestatus|p2a: Incineroar|frz|[msg]\n|move|p2a: Incineroar|Knock Off|p1a: Iron Bundle\n|-damage|p1a: Iron Bundle|0 fnt\n|faint|p1a: Iron Bundle\n|-end|p1a: Iron Bundle|Quark Drive|[silent]\n|\n|win|Billy_HMD\n|inactive|Billy_HMD has 10 seconds left this turn.\n|raw|Phononmode's rating: 1700 &rarr; <strong>1683<\/strong><br \/>(-17 for losing)\n|raw|Billy_HMD's rating: 1756 &rarr; <strong>1773<\/strong><br \/>(+17 for winning)\n|l|\u2606Billy_HMD\n|player|p2|\n|c|\u2606Phononmode|gg\n|l|\u2606Phononmode\n|player|p1|\n|l| JOEYISAMAZING\n","uploadtime":1720892261,"views":11,"formatid":"gen9vgc2024regg","rating":1683,"private":0,"password":null}