{"id":"gen9vgc2024regg-2160578584","format":"[Gen 9] VGC 2024 Reg G","players":["soap858","badpiplupvgc"],"log":"|j|\u2606soap858\n|j|\u2606badpiplupvgc\n|t:|1720930129\n|gametype|doubles\n|player|p1|soap858|2|1784\n|player|p2|badpiplupvgc|1|1694\n|teamsize|p1|6\n|teamsize|p2|6\n|gen|9\n|tier|[Gen 9] VGC 2024 Reg G\n|rated|\n|rule|Species Clause: Limit one of each Pok\u00e9mon\n|rule|Item Clause: Limit one of each item\n|clearpoke\n|poke|p1|Zamazenta-*, L50|\n|poke|p1|Chien-Pao, L50|\n|poke|p1|Rillaboom, L50, F|\n|poke|p1|Flutter Mane, L50|\n|poke|p1|Dragonite, L50, F|\n|poke|p1|Chandelure, L50, M|\n|poke|p2|Calyrex-Shadow, L50|\n|poke|p2|Raging Bolt, L50|\n|poke|p2|Clefairy, L50, F|\n|poke|p2|Urshifu-*, L50, M|\n|poke|p2|Incineroar, L50, M|\n|poke|p2|Rillaboom, L50, M|\n|teampreview|4\n|j| Mr_D_Rex957\n|inactive|Battle timer is ON: inactive players will automatically lose when time's up. (requested by soap858)\n|inactive|badpiplupvgc has 60 seconds left.\n|\n|t:|1720930189\n|start\n|switch|p1a: Flutter Mane|Flutter Mane, L50|100\/100\n|switch|p1b: Zamazenta|Zamazenta-Crowned, L50|100\/100\n|switch|p2a: Calyrex|Calyrex-Shadow, L50|100\/100\n|switch|p2b: Incineroar|Incineroar, L50, M, shiny|100\/100\n|-ability|p2a: Calyrex|As One\n|-ability|p2a: Calyrex|Unnerve\n|-ability|p1b: Zamazenta|Dauntless Shield|boost\n|-boost|p1b: Zamazenta|def|1\n|-ability|p2b: Incineroar|Intimidate|boost\n|-unboost|p1a: Flutter Mane|atk|1\n|-unboost|p1b: Zamazenta|atk|1\n|-enditem|p1a: Flutter Mane|Booster Energy\n|-activate|p1a: Flutter Mane|ability: Protosynthesis|[fromitem]\n|-start|p1a: Flutter Mane|protosynthesisspe\n|turn|1\n|inactive|soap858 has 30 seconds left.\n|inactive|badpiplupvgc has 30 seconds left.\n|\n|t:|1720930221\n|switch|p2b: Clefairy|Clefairy, L50, F|100\/100\n|-terastallize|p1a: Flutter Mane|Fairy\n|move|p2a: Calyrex|Protect|p2a: Calyrex\n|-singleturn|p2a: Calyrex|Protect\n|move|p1b: Zamazenta|Protect|p1b: Zamazenta\n|-singleturn|p1b: Zamazenta|Protect\n|move|p1a: Flutter Mane|Moonblast|p2a: Calyrex\n|-activate|p2a: Calyrex|move: Protect\n|\n|upkeep\n|turn|2\n|\n|t:|1720930236\n|move|p2b: Clefairy|Follow Me|p2b: Clefairy\n|-singleturn|p2b: Clefairy|move: Follow Me\n|move|p1a: Flutter Mane|Moonblast|p2b: Clefairy\n|-damage|p2b: Clefairy|50\/100\n|move|p2a: Calyrex|Calm Mind|p2a: Calyrex\n|-boost|p2a: Calyrex|spa|1\n|-boost|p2a: Calyrex|spd|1\n|move|p1b: Zamazenta|Behemoth Bash|p2b: Clefairy\n|-supereffective|p2b: Clefairy\n|-damage|p2b: Clefairy|8\/100\n|\n|upkeep\n|turn|3\n|\n|t:|1720930256\n|move|p1b: Zamazenta|Wide Guard|p1b: Zamazenta\n|-singleturn|p1b: Zamazenta|Wide Guard\n|move|p2b: Clefairy|Follow Me|p2b: Clefairy\n|-singleturn|p2b: Clefairy|move: Follow Me\n|move|p1a: Flutter Mane|Icy Wind|p2a: Calyrex|[spread] p2a,p2b\n|-damage|p2a: Calyrex|95\/100\n|-damage|p2b: Clefairy|0 fnt\n|faint|p2b: Clefairy\n|move|p2a: Calyrex|Calm Mind|p2a: Calyrex\n|-boost|p2a: Calyrex|spa|1\n|-boost|p2a: Calyrex|spd|1\n|\n|upkeep\n|\n|t:|1720930275\n|switch|p2b: Incineroar|Incineroar, L50, M, shiny|100\/100\n|-ability|p2b: Incineroar|Intimidate|boost\n|-unboost|p1a: Flutter Mane|atk|1\n|-unboost|p1b: Zamazenta|atk|1\n|turn|4\n|\n|t:|1720930289\n|move|p1a: Flutter Mane|Protect|p1a: Flutter Mane\n|-singleturn|p1a: Flutter Mane|Protect\n|move|p1b: Zamazenta|Protect|p1b: Zamazenta\n|-singleturn|p1b: Zamazenta|Protect\n|move|p2b: Incineroar|Fake Out|p1a: Flutter Mane\n|-activate|p1a: Flutter Mane|move: Protect\n|move|p2a: Calyrex|Astral Barrage|p1a: Flutter Mane|[spread] \n|-activate|p1a: Flutter Mane|move: Protect\n|-activate|p1b: Zamazenta|move: Protect\n|\n|upkeep\n|turn|5\n|inactive|badpiplupvgc has 30 seconds left.\n|inactive|badpiplupvgc has 20 seconds left.\n|inactive|badpiplupvgc has 15 seconds left.\n|\n|t:|1720930332\n|-terastallize|p2a: Calyrex|Fairy\n|move|p1a: Flutter Mane|Thunder Wave|p2a: Calyrex\n|-status|p2a: Calyrex|par\n|move|p1b: Zamazenta|Body Press|p2b: Incineroar\n|-supereffective|p2b: Incineroar\n|-damage|p2b: Incineroar|0 fnt\n|faint|p2b: Incineroar\n|move|p2a: Calyrex|Draining Kiss|p1a: Flutter Mane\n|-damage|p1a: Flutter Mane|21\/100\n|-heal|p2a: Calyrex|100\/100 par|[from] drain|[of] p1a: Flutter Mane\n|\n|upkeep\n|\n|t:|1720930347\n|switch|p2b: Raging Bolt|Raging Bolt, L50|100\/100\n|turn|6\n|inactive|soap858 has 30 seconds left.\n|inactive|soap858 has 20 seconds left.\n|inactive|soap858 has 15 seconds left.\n|inactive|soap858 has 10 seconds left.\n|\n|t:|1720930392\n|move|p2b: Raging Bolt|Thunderclap|p1a: Flutter Mane\n|-damage|p1a: Flutter Mane|0 fnt\n|faint|p1a: Flutter Mane\n|-end|p1a: Flutter Mane|Protosynthesis|[silent]\n|move|p1b: Zamazenta|Behemoth Bash|p2a: Calyrex\n|-supereffective|p2a: Calyrex\n|-damage|p2a: Calyrex|64\/100 par\n|move|p2a: Calyrex|Astral Barrage|p1b: Zamazenta\n|-damage|p1b: Zamazenta|0 fnt\n|faint|p1b: Zamazenta\n|-ability|p2a: Calyrex|Grim Neigh|boost\n|-boost|p2a: Calyrex|spa|1\n|\n|upkeep\n|\n|t:|1720930398\n|switch|p1a: Chien-Pao|Chien-Pao, L50|100\/100\n|switch|p1b: Dragonite|Dragonite, L50, F|100\/100\n|-ability|p1a: Chien-Pao|Sword of Ruin\n|turn|7\n|\n|t:|1720930421\n|move|p1b: Dragonite|Extreme Speed|p2a: Calyrex\n|-damage|p2a: Calyrex|8\/100 par\n|move|p2b: Raging Bolt|Thunderclap|p1a: Chien-Pao\n|-damage|p1a: Chien-Pao|32\/100\n|move|p1a: Chien-Pao|Icicle Crash|p2a: Calyrex\n|-damage|p2a: Calyrex|0 fnt\n|faint|p2a: Calyrex\n|\n|upkeep\n|turn|8\n|\n|t:|1720930435\n|move|p1b: Dragonite|Extreme Speed|p2b: Raging Bolt\n|-damage|p2b: Raging Bolt|54\/100\n|move|p1a: Chien-Pao|Sucker Punch|p2b: Raging Bolt\n|-damage|p2b: Raging Bolt|18\/100\n|move|p2b: Raging Bolt|Volt Switch|p1a: Chien-Pao\n|-damage|p1a: Chien-Pao|0 fnt\n|faint|p1a: Chien-Pao\n|\n|upkeep\n|turn|9\n|\n|t:|1720930448\n|move|p1b: Dragonite|Extreme Speed|p2b: Raging Bolt\n|-damage|p2b: Raging Bolt|0 fnt\n|faint|p2b: Raging Bolt\n|-end|p2b: Raging Bolt|Protosynthesis|[silent]\n|\n|win|soap858\n|raw|soap858's rating: 1784 &rarr; <strong>1799<\/strong><br \/>(+15 for winning)\n|raw|badpiplupvgc's rating: 1694 &rarr; <strong>1679<\/strong><br \/>(-15 for losing)\n|l|\u2606badpiplupvgc\n|player|p2|\n|l|\u2606soap858\n|player|p1|\n|l| Mr_D_Rex957\n","uploadtime":1720930611,"views":8,"formatid":"gen9vgc2024regg","rating":1679,"private":0,"password":null}