{"id":"gen9vgc2024regg-2160865853","format":"[Gen 9] VGC 2024 Reg G","players":["Paradox Mourinho","Billy_HMD"],"log":"|j|\u2606Paradox Mourinho\n|j|\u2606Billy_HMD\n|t:|1720980465\n|gametype|doubles\n|player|p1|Paradox Mourinho|lance|1794\n|player|p2|Billy_HMD|dawn|1823\n|teamsize|p1|6\n|teamsize|p2|6\n|gen|9\n|tier|[Gen 9] VGC 2024 Reg G\n|rated|\n|rule|Species Clause: Limit one of each Pok\u00e9mon\n|rule|Item Clause: Limit one of each item\n|clearpoke\n|poke|p1|Kingambit, L50, M|\n|poke|p1|Tornadus, L50, M|\n|poke|p1|Landorus, L50, M|\n|poke|p1|Scream Tail, L50|\n|poke|p1|Urshifu-*, L50, F|\n|poke|p1|Eternatus, L50|\n|poke|p2|Zamazenta-*, L50|\n|poke|p2|Volcarona, L50, F|\n|poke|p2|Grimmsnarl, L50, M|\n|poke|p2|Landorus-Therian, L50, M|\n|poke|p2|Rillaboom, L50, M|\n|poke|p2|Raging Bolt, L50|\n|teampreview|4\n|inactive|Battle timer is ON: inactive players will automatically lose when time's up. (requested by Billy_HMD)\n|j| no onions?\n|inactive|Paradox Mourinho has 60 seconds left.\n|inactive|Billy_HMD has 60 seconds left.\n|\n|t:|1720980509\n|start\n|switch|p1a: Eternatus|Eternatus, L50|100\/100\n|switch|p1b: Tornadus|Tornadus, L50, M|100\/100\n|switch|p2a: Volcarona|Volcarona, L50, F|100\/100\n|switch|p2b: Grimmsnarl|Grimmsnarl, L50, M|100\/100\n|-ability|p1a: Eternatus|Pressure\n|turn|1\n|inactive|Billy_HMD has 30 seconds left.\n|inactive|Billy_HMD has 20 seconds left.\n|\n|t:|1720980546\n|-terastallize|p2a: Volcarona|Water\n|move|p2b: Grimmsnarl|Light Screen|p2b: Grimmsnarl\n|-sidestart|p2: Billy_HMD|move: Light Screen\n|move|p1a: Eternatus|Meteor Beam||[still]\n|-prepare|p1a: Eternatus|Meteor Beam\n|-boost|p1a: Eternatus|spa|1\n|-enditem|p1a: Eternatus|Power Herb\n|-anim|p1a: Eternatus|Meteor Beam|p2a: Volcarona\n|-crit|p2a: Volcarona\n|-damage|p2a: Volcarona|0 fnt\n|faint|p2a: Volcarona\n|move|p1b: Tornadus|Bleakwind Storm|p2b: Grimmsnarl\n|-damage|p2b: Grimmsnarl|74\/100\n|\n|upkeep\n|\n|t:|1720980567\n|switch|p2a: Zamazenta|Zamazenta-Crowned, L50|100\/100\n|-ability|p2a: Zamazenta|Dauntless Shield|boost\n|-boost|p2a: Zamazenta|def|1\n|turn|2\n|inactive|Billy_HMD has 30 seconds left.\n|\n|t:|1720980596\n|move|p2b: Grimmsnarl|Thunder Wave|p1a: Eternatus\n|-status|p1a: Eternatus|par\n|move|p2a: Zamazenta|Heavy Slam|p1b: Tornadus\n|-damage|p1b: Tornadus|41\/100\n|move|p1b: Tornadus|Bleakwind Storm|p2a: Zamazenta|[spread] p2b\n|-miss|p1b: Tornadus|p2a: Zamazenta\n|-damage|p2b: Grimmsnarl|55\/100\n|cant|p1a: Eternatus|par\n|\n|upkeep\n|turn|3\n|inactive|Billy_HMD has 30 seconds left.\n|\n|t:|1720980623\n|move|p1b: Tornadus|Tailwind|p1b: Tornadus\n|-sidestart|p1: Paradox Mourinho|move: Tailwind\n|move|p2b: Grimmsnarl|Reflect|p2b: Grimmsnarl\n|-sidestart|p2: Billy_HMD|Reflect\n|move|p1a: Eternatus|Sludge Bomb|p2b: Grimmsnarl\n|-supereffective|p2b: Grimmsnarl\n|-damage|p2b: Grimmsnarl|0 fnt\n|faint|p2b: Grimmsnarl\n|move|p2a: Zamazenta|Heavy Slam|p1b: Tornadus\n|-damage|p1b: Tornadus|0 fnt\n|faint|p1b: Tornadus\n|\n|upkeep\n|\n|t:|1720980633\n|switch|p1b: Urshifu|Urshifu-Rapid-Strike, L50, F|100\/100\n|switch|p2b: Rillaboom|Rillaboom, L50, M|100\/100\n|-fieldstart|move: Grassy Terrain|[from] ability: Grassy Surge|[of] p2b: Rillaboom\n|turn|4\n|inactive|Billy_HMD has 30 seconds left.\n|\n|t:|1720980664\n|move|p2b: Rillaboom|Fake Out|p1b: Urshifu\n|-damage|p1b: Urshifu|87\/100\n|cant|p1b: Urshifu|flinch\n|move|p1a: Eternatus|Sludge Bomb|p2b: Rillaboom\n|-supereffective|p2b: Rillaboom\n|-damage|p2b: Rillaboom|0 fnt\n|faint|p2b: Rillaboom\n|move|p2a: Zamazenta|Heavy Slam|p1a: Eternatus\n|-damage|p1a: Eternatus|87\/100 par\n|\n|-heal|p1b: Urshifu|93\/100|[from] Grassy Terrain\n|-heal|p1a: Eternatus|93\/100 par|[from] Grassy Terrain\n|upkeep\n|turn|5\n|-message|Billy_HMD forfeited.\n|\n|win|Paradox Mourinho\n|raw|Paradox Mourinho's rating: 1794 &rarr; <strong>1816<\/strong><br \/>(+22 for winning)\n|raw|Billy_HMD's rating: 1823 &rarr; <strong>1801<\/strong><br \/>(-22 for losing)\n|l|\u2606Billy_HMD\n|player|p2|\n|c| no onions?|eternatus is crazy\n|c|\u2606Paradox Mourinho|naah, eternatus is bad\n","uploadtime":1720980880,"views":283,"formatid":"gen9vgc2024regg","rating":1801,"private":0,"password":null}