{"id":"gen9vgc2024regg-2160654126","format":"[Gen 9] VGC 2024 Reg G","players":["koji muranishi","nerd159"],"log":"|j|\u2606koji muranishi\n|j|\u2606nerd159\n|t:|1720945694\n|gametype|doubles\n|player|p1|koji muranishi|265|1755\n|player|p2|nerd159|102|1770\n|teamsize|p1|6\n|teamsize|p2|6\n|gen|9\n|tier|[Gen 9] VGC 2024 Reg G\n|rated|\n|rule|Species Clause: Limit one of each Pok\u00e9mon\n|rule|Item Clause: Limit one of each item\n|clearpoke\n|poke|p1|Calyrex-Ice, L50|\n|poke|p1|Kingambit, L50, F|\n|poke|p1|Entei, L50|\n|poke|p1|Whimsicott, L50, F|\n|poke|p1|Torkoal, L50, M|\n|poke|p1|Raging Bolt, L50|\n|poke|p2|Groudon, L50|\n|poke|p2|Skeledirge, L50, M|\n|poke|p2|Raging Bolt, L50|\n|poke|p2|Flutter Mane, L50|\n|poke|p2|Rillaboom, L50, M|\n|poke|p2|Incineroar, L50, F|\n|teampreview|4\n|inactive|Battle timer is ON: inactive players will automatically lose when time's up. (requested by nerd159)\n|inactive|koji muranishi has 60 seconds left.\n|\n|t:|1720945765\n|start\n|switch|p1a: Whimsicott|Whimsicott, L50, F|100\/100\n|switch|p1b: Entei|Entei, L50|100\/100\n|switch|p2a: Groudon|Groudon, L50|100\/100\n|switch|p2b: Flutter Mane|Flutter Mane, L50|100\/100\n|-weather|SunnyDay|[from] ability: Drought|[of] p2a: Groudon\n|-activate|p2b: Flutter Mane|ability: Protosynthesis\n|-start|p2b: Flutter Mane|protosynthesisspe\n|turn|1\n|c|\u2606nerd159|\u05e2\n|j| tplusplus\n|inactive|koji muranishi has 30 seconds left.\n|\n|t:|1720945794\n|-terastallize|p1b: Entei|Grass\n|move|p2a: Groudon|Protect|p2a: Groudon\n|-singleturn|p2a: Groudon|Protect\n|move|p1a: Whimsicott|Tailwind|p1a: Whimsicott\n|-sidestart|p1: koji muranishi|move: Tailwind\n|move|p1b: Entei|Sacred Fire|p2b: Flutter Mane\n|-enditem|p2b: Flutter Mane|Focus Sash\n|-damage|p2b: Flutter Mane|1\/100\n|move|p2b: Flutter Mane|Icy Wind|p1b: Entei|[spread] p1a,p1b\n|-supereffective|p1a: Whimsicott\n|-supereffective|p1b: Entei\n|-damage|p1a: Whimsicott|55\/100\n|-damage|p1b: Entei|66\/100\n|-unboost|p1a: Whimsicott|spe|1\n|-unboost|p1b: Entei|spe|1\n|\n|-weather|SunnyDay|[upkeep]\n|upkeep\n|turn|2\n|inactive|koji muranishi has 30 seconds left.\n|inactive|nerd159 has 30 seconds left.\n|inactive|koji muranishi has 20 seconds left.\n|\n|t:|1720945832\n|switch|p2a: Incineroar|Incineroar, L50, F|100\/100\n|-ability|p2a: Incineroar|Intimidate|boost\n|-unboost|p1a: Whimsicott|atk|1\n|-fail|p1b: Entei|unboost|Attack|[from] ability: Inner Focus|[of] p1b: Entei\n|move|p1a: Whimsicott|Protect|p1a: Whimsicott\n|-singleturn|p1a: Whimsicott|Protect\n|move|p2b: Flutter Mane|Icy Wind|p1b: Entei|[spread] p1b\n|-activate|p1a: Whimsicott|move: Protect\n|-supereffective|p1b: Entei\n|-damage|p1b: Entei|33\/100\n|-unboost|p1b: Entei|spe|1\n|move|p1b: Entei|Sacred Fire|p2a: Incineroar\n|-resisted|p2a: Incineroar\n|-damage|p2a: Incineroar|66\/100\n|\n|-weather|SunnyDay|[upkeep]\n|upkeep\n|turn|3\n|\n|t:|1720945852\n|move|p2a: Incineroar|Fake Out|p1a: Whimsicott\n|-damage|p1a: Whimsicott|38\/100\n|move|p2b: Flutter Mane|Icy Wind|p1b: Entei|[spread] p1a,p1b\n|-supereffective|p1a: Whimsicott\n|-supereffective|p1b: Entei\n|-damage|p1a: Whimsicott|0 fnt\n|-damage|p1b: Entei|0 fnt\n|faint|p1a: Whimsicott\n|faint|p1b: Entei\n|\n|-weather|SunnyDay|[upkeep]\n|upkeep\n|\n|t:|1720945864\n|switch|p1a: Raging Bolt|Raging Bolt, L50|100\/100\n|switch|p1b: Calyrex|Calyrex-Ice, L50|100\/100\n|-ability|p1b: Calyrex|As One\n|-ability|p1b: Calyrex|Unnerve\n|-activate|p1a: Raging Bolt|ability: Protosynthesis\n|-start|p1a: Raging Bolt|protosynthesisspa\n|turn|4\n|inactive|koji muranishi has 30 seconds left.\n|\n|t:|1720945893\n|switch|p2a: Groudon|Groudon, L50|100\/100\n|move|p1a: Raging Bolt|Thunderclap|p2b: Flutter Mane\n|-damage|p2b: Flutter Mane|0 fnt\n|faint|p2b: Flutter Mane\n|-end|p2b: Flutter Mane|Protosynthesis|[silent]\n|-damage|p1a: Raging Bolt|91\/100|[from] item: Life Orb\n|move|p1b: Calyrex|High Horsepower|p2a: Groudon|[miss]\n|-miss|p1b: Calyrex|p2a: Groudon\n|\n|-weather|SunnyDay|[upkeep]\n|-sideend|p1: koji muranishi|move: Tailwind\n|upkeep\n|\n|t:|1720945898\n|switch|p2b: Incineroar|Incineroar, L50, F|66\/100\n|-ability|p2b: Incineroar|Intimidate|boost\n|-unboost|p1a: Raging Bolt|atk|1\n|-unboost|p1b: Calyrex|atk|1\n|turn|5\n|\n|t:|1720945916\n|move|p2b: Incineroar|Fake Out|p1b: Calyrex\n|-crit|p1b: Calyrex\n|-damage|p1b: Calyrex|89\/100\n|move|p2a: Groudon|Precipice Blades|p1a: Raging Bolt|[spread] p1a,p1b\n|-supereffective|p1a: Raging Bolt\n|-damage|p1a: Raging Bolt|1\/100\n|-damage|p1b: Calyrex|49\/100\n|cant|p1b: Calyrex|flinch\n|move|p1a: Raging Bolt|Draco Meteor|p2a: Groudon\n|-damage|p2a: Groudon|0 fnt\n|-unboost|p1a: Raging Bolt|spa|2\n|faint|p2a: Groudon\n|-damage|p1a: Raging Bolt|0 fnt|[from] item: Life Orb\n|faint|p1a: Raging Bolt\n|-end|p1a: Raging Bolt|Protosynthesis|[silent]\n|\n|-weather|none\n|upkeep\n|\n|t:|1720945922\n|switch|p2a: Skeledirge|Skeledirge, L50, M|100\/100\n|turn|6\n|\n|t:|1720945937\n|move|p1b: Calyrex|High Horsepower|p2b: Incineroar\n|-supereffective|p2b: Incineroar\n|-damage|p2b: Incineroar|0 fnt\n|faint|p2b: Incineroar\n|-ability|p1b: Calyrex|Chilling Neigh|boost\n|-boost|p1b: Calyrex|atk|1\n|move|p2a: Skeledirge|Torch Song|p1b: Calyrex\n|-supereffective|p1b: Calyrex\n|-crit|p1b: Calyrex\n|-damage|p1b: Calyrex|0 fnt\n|-boost|p2a: Skeledirge|spa|1\n|faint|p1b: Calyrex\n|\n|win|nerd159\n|raw|koji muranishi's rating: 1755 &rarr; <strong>1736<\/strong><br \/>(-19 for losing)\n|raw|nerd159's rating: 1770 &rarr; <strong>1789<\/strong><br \/>(+19 for winning)\n|l|\u2606koji muranishi\n|player|p1|\n|l| tplusplus\n|j| tplusplus\n","uploadtime":1720945966,"views":49,"formatid":"gen9vgc2024regg","rating":1736,"private":0,"password":null}