{"id":"gen9vgc2024regg-2160103210","format":"[Gen 9] VGC 2024 Reg G","players":["koji muranishi","Giestgreninja"],"log":"|j|\u2606koji muranishi\n|j|\u2606Giestgreninja\n|t:|1720854584\n|gametype|doubles\n|player|p1|koji muranishi|101|1796\n|player|p2|Giestgreninja|2|1690\n|teamsize|p1|6\n|teamsize|p2|6\n|gen|9\n|tier|[Gen 9] VGC 2024 Reg G\n|rated|\n|rule|Species Clause: Limit one of each Pok\u00e9mon\n|rule|Item Clause: Limit one of each item\n|clearpoke\n|poke|p1|Calyrex-Ice, L50|\n|poke|p1|Kingambit, L50, M|\n|poke|p1|Farigiraf, L50, M|\n|poke|p1|Whimsicott, L50, M|\n|poke|p1|Torkoal, L50, F|\n|poke|p1|Raging Bolt, L50|\n|poke|p2|Chien-Pao, L50|\n|poke|p2|Dondozo, L50, F|\n|poke|p2|Tatsugiri, L50, F|\n|poke|p2|Chi-Yu, L50|\n|poke|p2|Dragonite, L50, F|\n|poke|p2|Calyrex-Shadow, L50|\n|teampreview|4\nGiestgreninja has agreed to open team sheets.\n|inactive|Battle timer is ON: inactive players will automatically lose when time's up. (requested by koji muranishi)\n|\n|t:|1720854624\n|start\n|switch|p1a: Whimsicott|Whimsicott, L50, M|100\/100\n|switch|p1b: Calyrex|Calyrex-Ice, L50|100\/100\n|switch|p2a: Chi-Yu|Chi-Yu, L50|100\/100\n|switch|p2b: Calyrex|Calyrex-Shadow, L50|100\/100\n|-ability|p2b: Calyrex|As One\n|-ability|p2b: Calyrex|Unnerve\n|-ability|p1b: Calyrex|As One\n|-ability|p1b: Calyrex|Unnerve\n|-ability|p2a: Chi-Yu|Beads of Ruin\n|turn|1\n|j| THUNDERSND77\n|\n|t:|1720854647\n|-terastallize|p1b: Calyrex|Ice\n|move|p2b: Calyrex|Protect|p2b: Calyrex\n|-singleturn|p2b: Calyrex|Protect\n|move|p1a: Whimsicott|Tailwind|p1a: Whimsicott\n|-sidestart|p1: koji muranishi|move: Tailwind\n|move|p1b: Calyrex|Glacial Lance|p2b: Calyrex|[spread] p2a\n|-activate|p2b: Calyrex|move: Protect\n|-resisted|p2a: Chi-Yu\n|-damage|p2a: Chi-Yu|28\/100\n|move|p2a: Chi-Yu|Overheat|p1b: Calyrex\n|-supereffective|p1b: Calyrex\n|-damage|p1b: Calyrex|0 fnt\n|-unboost|p2a: Chi-Yu|spa|2\n|faint|p1b: Calyrex\n|\n|upkeep\n|l| THUNDERSND77\n|\n|t:|1720854669\n|switch|p1b: Raging Bolt|Raging Bolt, L50|100\/100\n|turn|2\n|inactive|Giestgreninja has 30 seconds left.\n|\n|t:|1720854701\n|-terastallize|p2a: Chi-Yu|Ground\n|move|p1a: Whimsicott|Moonblast|p2b: Calyrex\n|-crit|p2b: Calyrex\n|-damage|p2b: Calyrex|30\/100\n|-unboost|p2b: Calyrex|spa|1\n|move|p2a: Chi-Yu|Overheat|p1a: Whimsicott\n|-supereffective|p1a: Whimsicott\n|-enditem|p1a: Whimsicott|Focus Sash\n|-damage|p1a: Whimsicott|1\/100\n|-unboost|p2a: Chi-Yu|spa|2\n|move|p2b: Calyrex|Astral Barrage|p1a: Whimsicott|[spread] p1a,p1b\n|-damage|p1a: Whimsicott|0 fnt\n|-damage|p1b: Raging Bolt|49\/100\n|faint|p1a: Whimsicott\n|-ability|p2b: Calyrex|Grim Neigh|boost\n|-boost|p2b: Calyrex|spa|1\n|-damage|p2b: Calyrex|20\/100|[from] item: Life Orb\n|move|p1b: Raging Bolt|Thunderbolt|p2b: Calyrex\n|-damage|p2b: Calyrex|0 fnt\n|faint|p2b: Calyrex\n|-damage|p1b: Raging Bolt|40\/100|[from] item: Life Orb\n|\n|upkeep\n|inactive|Giestgreninja has 30 seconds left.\n|\n|t:|1720854727\n|switch|p2b: Dondozo|Dondozo, L50, F|100\/100\n|switch|p1a: Farigiraf|Farigiraf, L50, M|100\/100\n|turn|3\n|\n|t:|1720854746\n|switch|p2a: Tatsugiri|Tatsugiri, L50, F|100\/100\n|-activate|p2a: Tatsugiri|ability: Commander|[of] p2b: Dondozo\n|-boost|p2b: Dondozo|atk|2\n|-boost|p2b: Dondozo|spa|2\n|-boost|p2b: Dondozo|spe|2\n|-boost|p2b: Dondozo|def|2\n|-boost|p2b: Dondozo|spd|2\n|move|p1b: Raging Bolt|Protect|p1b: Raging Bolt\n|-singleturn|p1b: Raging Bolt|Protect\n|move|p2b: Dondozo|Earthquake|p1b: Raging Bolt|[spread] p1a\n|-miss|p2b: Dondozo|p2a: Tatsugiri\n|-activate|p1b: Raging Bolt|move: Protect\n|-damage|p1a: Farigiraf|53\/100\n|move|p1a: Farigiraf|Hyper Voice|p2b: Dondozo|[spread] p2b\n|-miss|p1a: Farigiraf|p2a: Tatsugiri\n|-damage|p2b: Dondozo|84\/100\n|-enditem|p1a: Farigiraf|Throat Spray\n|-boost|p1a: Farigiraf|spa|1|[from] item: Throat Spray\n|\n|-heal|p2b: Dondozo|91\/100|[from] item: Leftovers\n|upkeep\n|turn|4\n|inactive|Giestgreninja has 30 seconds left.\n|\n|t:|1720854774\n|move|p1b: Raging Bolt|Thunderbolt|p2b: Dondozo\n|-supereffective|p2b: Dondozo\n|-damage|p2b: Dondozo|25\/100\n|-status|p2b: Dondozo|par\n|-damage|p1b: Raging Bolt|30\/100|[from] item: Life Orb\n|move|p2b: Dondozo|Earthquake|p1a: Farigiraf|[spread] p1a,p1b\n|-miss|p2b: Dondozo|p2a: Tatsugiri\n|-supereffective|p1b: Raging Bolt\n|-damage|p1a: Farigiraf|3\/100\n|-damage|p1b: Raging Bolt|0 fnt\n|faint|p1b: Raging Bolt\n|-end|p1b: Raging Bolt|Protosynthesis|[silent]\n|move|p1a: Farigiraf|Trick Room|p1a: Farigiraf\n|-fieldstart|move: Trick Room|[of] p1a: Farigiraf\n|\n|-heal|p2b: Dondozo|31\/100 par|[from] item: Leftovers\n|-sideend|p1: koji muranishi|move: Tailwind\n|upkeep\n|turn|5\n|-message|koji muranishi forfeited.\n|\n|win|Giestgreninja\n|raw|koji muranishi's rating: 1796 &rarr; <strong>1770<\/strong><br \/>(-26 for losing)\n|raw|Giestgreninja's rating: 1690 &rarr; <strong>1716<\/strong><br \/>(+26 for winning)\n|l|\u2606koji muranishi\n|player|p1|\n|l|\u2606Giestgreninja\n|player|p2|\n","uploadtime":1720854972,"views":19,"formatid":"gen9vgc2024regg","rating":1716,"private":0,"password":null}