{"id":"gen9vgc2024regg-2160262164","format":"[Gen 9] VGC 2024 Reg G","players":["Phononmode","Krisuerte"],"log":"|j|\u2606Phononmode\n|j|\u2606Krisuerte\n|t:|1720884455\n|gametype|doubles\n|player|p1|Phononmode|266|1701\n|player|p2|Krisuerte|101|1685\n|teamsize|p1|6\n|teamsize|p2|6\n|gen|9\n|tier|[Gen 9] VGC 2024 Reg G\n|rated|\n|rule|Species Clause: Limit one of each Pok\u00e9mon\n|rule|Item Clause: Limit one of each item\n|clearpoke\n|poke|p1|Calyrex-Ice, L50|\n|poke|p1|Rillaboom, L50, M|\n|poke|p1|Ting-Lu, L50|\n|poke|p1|Skeledirge, L50, M|\n|poke|p1|Raging Bolt, L50|\n|poke|p1|Pelipper, L50, F|\n|poke|p2|Sinistcha-Masterpiece, L50|\n|poke|p2|Kyogre, L50|\n|poke|p2|Tornadus, L50, M|\n|poke|p2|Urshifu-*, L50, F|\n|poke|p2|Archaludon, L50, F|\n|poke|p2|Landorus, L50, M|\n|teampreview|4\nPhononmode has agreed to open team sheets.\n|inactive|Battle timer is ON: inactive players will automatically lose when time's up. (requested by Phononmode)\n|inactive|Phononmode has 60 seconds left.\n|\n|t:|1720884514\n|start\n|switch|p1a: Ting-Lu|Ting-Lu, L50|100\/100\n|switch|p1b: Raging Bolt|Raging Bolt, L50|100\/100\n|switch|p2a: Kyogre|Kyogre, L50|100\/100\n|switch|p2b: Archaludon|Archaludon, L50, F|100\/100\n|-weather|RainDance|[from] ability: Drizzle|[of] p2a: Kyogre\n|-ability|p1a: Ting-Lu|Vessel of Ruin\n|-enditem|p1b: Raging Bolt|Booster Energy\n|-activate|p1b: Raging Bolt|ability: Protosynthesis|[fromitem]\n|-start|p1b: Raging Bolt|protosynthesisspa\n|turn|1\n|inactive|Krisuerte has 30 seconds left.\n|inactive|Krisuerte has 20 seconds left.\n|\n|t:|1720884553\n|-terastallize|p2a: Kyogre|Ghost\n|-terastallize|p1a: Ting-Lu|Grass\n|move|p2a: Kyogre|Water Spout|p1b: Raging Bolt|[spread] p1a,p1b\n|-resisted|p1a: Ting-Lu\n|-resisted|p1b: Raging Bolt\n|-damage|p1a: Ting-Lu|72\/100\n|-damage|p1b: Raging Bolt|51\/100\n|move|p2b: Archaludon|Snarl|p1a: Ting-Lu|[spread] p1a,p1b\n|-damage|p1a: Ting-Lu|67\/100\n|-damage|p1b: Raging Bolt|42\/100\n|-unboost|p1a: Ting-Lu|spa|1\n|-unboost|p1b: Raging Bolt|spa|1\n|move|p1b: Raging Bolt|Draco Meteor|p2b: Archaludon\n|-damage|p2b: Archaludon|60\/100\n|-unboost|p1b: Raging Bolt|spa|2\n|-ability|p2b: Archaludon|Stamina|boost\n|-boost|p2b: Archaludon|def|1\n|move|p1a: Ting-Lu|Stomping Tantrum|p2b: Archaludon\n|-supereffective|p2b: Archaludon\n|-damage|p2b: Archaludon|27\/100\n|-ability|p2b: Archaludon|Stamina|boost\n|-boost|p2b: Archaludon|def|1\n|\n|-weather|RainDance|[upkeep]\n|upkeep\n|turn|2\n|inactive|Krisuerte has 30 seconds left.\n|inactive|Krisuerte has 20 seconds left.\n|inactive|Krisuerte has 15 seconds left.\n|\n|t:|1720884595\n|switch|p2a: Sinistcha|Sinistcha-Masterpiece, L50|100\/100\n|-heal|p2b: Archaludon|52\/100|[from] ability: Hospitality|[of] p2a: Sinistcha\n|-end|p1b: Raging Bolt|Protosynthesis|[silent]\n|switch|p1b: Rillaboom|Rillaboom, L50, M|100\/100\n|-fieldstart|move: Grassy Terrain|[from] ability: Grassy Surge|[of] p1b: Rillaboom\n|move|p2b: Archaludon|Body Press|p1b: Rillaboom\n|-crit|p1b: Rillaboom\n|-damage|p1b: Rillaboom|30\/100\n|move|p1a: Ting-Lu|Payback|p2a: Sinistcha\n|-supereffective|p2a: Sinistcha\n|-crit|p2a: Sinistcha\n|-damage|p2a: Sinistcha|35\/100\n|-damage|p1a: Ting-Lu|50\/100|[from] item: Rocky Helmet|[of] p2a: Sinistcha\n|\n|-weather|RainDance|[upkeep]\n|-heal|p2b: Archaludon|58\/100|[from] Grassy Terrain\n|-heal|p1b: Rillaboom|36\/100|[from] Grassy Terrain\n|-heal|p2a: Sinistcha|42\/100|[from] Grassy Terrain\n|-heal|p1a: Ting-Lu|56\/100|[from] Grassy Terrain\n|upkeep\n|turn|3\n|inactive|Phononmode has 30 seconds left.\n|inactive|Krisuerte has 30 seconds left.\n|\n|t:|1720884625\n|move|p2b: Archaludon|Body Press|p1b: Rillaboom\n|-damage|p1b: Rillaboom|0 fnt\n|faint|p1b: Rillaboom\n|move|p2a: Sinistcha|Life Dew|p2a: Sinistcha|[spread] p2a,p2b\n|-heal|p2a: Sinistcha|67\/100\n|-heal|p2b: Archaludon|83\/100\n|move|p1a: Ting-Lu|Payback|p2a: Sinistcha\n|-supereffective|p2a: Sinistcha\n|-damage|p2a: Sinistcha|0 fnt\n|-damage|p1a: Ting-Lu|40\/100|[from] item: Rocky Helmet|[of] p2a: Sinistcha\n|faint|p2a: Sinistcha\n|\n|-weather|RainDance|[upkeep]\n|-heal|p2b: Archaludon|89\/100|[from] Grassy Terrain\n|-heal|p1a: Ting-Lu|46\/100|[from] Grassy Terrain\n|upkeep\n|\n|t:|1720884644\n|switch|p1b: Raging Bolt|Raging Bolt, L50|42\/100\n|switch|p2a: Kyogre|Kyogre, L50, tera:Ghost|100\/100\n|turn|4\n|\n|t:|1720884656\n|move|p1b: Raging Bolt|Thunderclap|p2a: Kyogre\n|-damage|p2a: Kyogre|78\/100\n|move|p2a: Kyogre|Ice Beam|p1a: Ting-Lu\n|-supereffective|p1a: Ting-Lu\n|-damage|p1a: Ting-Lu|9\/100\n|move|p2b: Archaludon|Body Press|p1b: Raging Bolt\n|-damage|p1b: Raging Bolt|1\/100\n|move|p1a: Ting-Lu|Ruination|p2b: Archaludon\n|-damage|p2b: Archaludon|45\/100\n|-ability|p2b: Archaludon|Stamina|boost\n|-boost|p2b: Archaludon|def|1\n|\n|-weather|RainDance|[upkeep]\n|-heal|p2a: Kyogre|84\/100|[from] Grassy Terrain\n|-heal|p2b: Archaludon|51\/100|[from] Grassy Terrain\n|-heal|p1b: Raging Bolt|7\/100|[from] Grassy Terrain\n|-heal|p1a: Ting-Lu|15\/100|[from] Grassy Terrain\n|upkeep\n|turn|5\n|inactive|Krisuerte has 30 seconds left.\n|\n|t:|1720884683\n|move|p1b: Raging Bolt|Thunderclap|p2a: Kyogre\n|-damage|p2a: Kyogre|65\/100\n|move|p2b: Archaludon|Body Press|p1b: Raging Bolt\n|-damage|p1b: Raging Bolt|0 fnt\n|faint|p1b: Raging Bolt\n|-end|p1b: Raging Bolt|Protosynthesis|[silent]\n|move|p2a: Kyogre|Ice Beam|p1a: Ting-Lu\n|-supereffective|p1a: Ting-Lu\n|-damage|p1a: Ting-Lu|0 fnt\n|faint|p1a: Ting-Lu\n|\n|-weather|none\n|-heal|p2a: Kyogre|70\/100|[from] Grassy Terrain\n|-heal|p2b: Archaludon|57\/100|[from] Grassy Terrain\n|upkeep\n|-message|Phononmode forfeited.\n|\n|win|Krisuerte\n|raw|Phononmode's rating: 1701 &rarr; <strong>1680<\/strong><br \/>(-21 for losing)\n|raw|Krisuerte's rating: 1685 &rarr; <strong>1706<\/strong><br \/>(+21 for winning)\n|l|\u2606Phononmode\n|player|p1|\n|l|\u2606Krisuerte\n|player|p2|\n","uploadtime":1720884847,"views":6,"formatid":"gen9vgc2024regg","rating":1680,"private":0,"password":null}