{"id":"gen9vgc2024regg-2160192700","format":"[Gen 9] VGC 2024 Reg G","players":["GuevaraGaming2","koji muranishi"],"log":"|j|\u2606GuevaraGaming2\n|j|\u2606koji muranishi\n|t:|1720873854\n|gametype|doubles\n|player|p1|GuevaraGaming2|hilbert-wonderlauncher|1765\n|player|p2|koji muranishi|101|1804\n|teamsize|p1|6\n|teamsize|p2|6\n|gen|9\n|tier|[Gen 9] VGC 2024 Reg G\n|rated|\n|rule|Species Clause: Limit one of each Pok\u00e9mon\n|rule|Item Clause: Limit one of each item\n|clearpoke\n|poke|p1|Zamazenta-*, L50|\n|poke|p1|Tornadus, L50, M|\n|poke|p1|Rillaboom, L50, M|\n|poke|p1|Ogerpon-Cornerstone, L50, F|\n|poke|p1|Chien-Pao, L50|\n|poke|p1|Chandelure, L50, F|\n|poke|p2|Calyrex-Ice, L50|\n|poke|p2|Kingambit, L50, M|\n|poke|p2|Farigiraf, L50, M|\n|poke|p2|Whimsicott, L50, F|\n|poke|p2|Torkoal, L50, F|\n|poke|p2|Raging Bolt, L50|\n|teampreview|4\n|j| biei-up\n|\n|t:|1720873880\n|start\n|switch|p1a: Ogerpon|Ogerpon-Cornerstone, L50, F|100\/100\n|switch|p1b: Zamazenta|Zamazenta-Crowned, L50|100\/100\n|switch|p2a: Whimsicott|Whimsicott, L50, F|100\/100\n|switch|p2b: Calyrex|Calyrex-Ice, L50|100\/100\n|-ability|p2b: Calyrex|As One\n|-ability|p2b: Calyrex|Unnerve\n|-ability|p1b: Zamazenta|Dauntless Shield|boost\n|-boost|p1b: Zamazenta|def|1\n|turn|1\n|j| Blessed Qp\n|j| nthen\n|\n|t:|1720873900\n|move|p2a: Whimsicott|Tailwind|p2a: Whimsicott\n|-sidestart|p2: koji muranishi|move: Tailwind\n|move|p2b: Calyrex|Glacial Lance|p1a: Ogerpon|[spread] p1a,p1b\n|-supereffective|p1a: Ogerpon\n|-resisted|p1b: Zamazenta\n|-ability|p1a: Ogerpon|Sturdy\n|-damage|p1a: Ogerpon|1\/100\n|-damage|p1b: Zamazenta|84\/100\n|move|p1b: Zamazenta|Heavy Slam|p2a: Whimsicott\n|-supereffective|p2a: Whimsicott\n|-enditem|p2a: Whimsicott|Focus Sash\n|-damage|p2a: Whimsicott|1\/100\n|move|p1a: Ogerpon|Ivy Cudgel|p2a: Whimsicott|[anim] Ivy Cudgel Rock\n|-damage|p2a: Whimsicott|0 fnt\n|faint|p2a: Whimsicott\n|\n|upkeep\n|\n|t:|1720873916\n|switch|p2a: Raging Bolt|Raging Bolt, L50|100\/100\n|turn|2\n|\n|t:|1720873937\n|-terastallize|p2a: Raging Bolt|Electric\n|move|p1a: Ogerpon|Follow Me|p1a: Ogerpon\n|-singleturn|p1a: Ogerpon|move: Follow Me\n|move|p2b: Calyrex|Glacial Lance|p1b: Zamazenta|[spread] p1a,p1b\n|-supereffective|p1a: Ogerpon\n|-resisted|p1b: Zamazenta\n|-damage|p1a: Ogerpon|0 fnt\n|-damage|p1b: Zamazenta|69\/100\n|faint|p1a: Ogerpon\n|-ability|p2b: Calyrex|Chilling Neigh|boost\n|-boost|p2b: Calyrex|atk|1\n|move|p2a: Raging Bolt|Thunderbolt|p1b: Zamazenta\n|-damage|p1b: Zamazenta|0 fnt\n|faint|p1b: Zamazenta\n|-damage|p2a: Raging Bolt|91\/100|[from] item: Life Orb\n|\n|upkeep\n|\n|t:|1720873942\n|switch|p1b: Rillaboom|Rillaboom, L50, M|100\/100\n|switch|p1a: Chien-Pao|Chien-Pao, L50|100\/100\n|-ability|p1a: Chien-Pao|Sword of Ruin\n|-fieldstart|move: Grassy Terrain|[from] ability: Grassy Surge|[of] p1b: Rillaboom\n|turn|3\n|\n|t:|1720873973\n|switch|p2b: Kingambit|Kingambit, L50, M|100\/100\n|-terastallize|p1b: Rillaboom|Fire\n|move|p1b: Rillaboom|Fake Out|p2a: Raging Bolt\n|-damage|p2a: Raging Bolt|73\/100\n|move|p1a: Chien-Pao|Throat Chop|p2b: Kingambit\n|-resisted|p2b: Kingambit\n|-damage|p2b: Kingambit|81\/100\n|-start|p2b: Kingambit|Throat Chop|[silent]\n|cant|p2a: Raging Bolt|flinch\n|\n|-heal|p2a: Raging Bolt|79\/100|[from] Grassy Terrain\n|-heal|p2b: Kingambit|86\/100|[from] Grassy Terrain\n|upkeep\n|turn|4\n|l| Blessed Qp\n|\n|t:|1720874018\n|move|p1a: Chien-Pao|Protect|p1a: Chien-Pao\n|-singleturn|p1a: Chien-Pao|Protect\n|move|p2b: Kingambit|Sucker Punch|p1b: Rillaboom\n|-damage|p1b: Rillaboom|49\/100\n|move|p2a: Raging Bolt|Thunderbolt|p1b: Rillaboom\n|-damage|p1b: Rillaboom|0 fnt\n|faint|p1b: Rillaboom\n|-damage|p2a: Raging Bolt|69\/100|[from] item: Life Orb\n|\n|-heal|p2a: Raging Bolt|76\/100|[from] Grassy Terrain\n|-heal|p2b: Kingambit|92\/100|[from] Grassy Terrain\n|-end|p2b: Kingambit|Throat Chop|[silent]\n|-sideend|p2: koji muranishi|move: Tailwind\n|upkeep\n|turn|5\n|-message|GuevaraGaming2 forfeited.\n|\n|win|koji muranishi\n|raw|GuevaraGaming2's rating: 1765 &rarr; <strong>1747<\/strong><br \/>(-18 for losing)\n|raw|koji muranishi's rating: 1804 &rarr; <strong>1822<\/strong><br \/>(+18 for winning)\n|l|\u2606GuevaraGaming2\n|player|p1|\n|l| nthen\n|l|\u2606koji muranishi\n|player|p2|\n|l| biei-up\n","uploadtime":1720874289,"views":44,"formatid":"gen9vgc2024regg","rating":1747,"private":0,"password":null}