{"id":"gen9vgc2024regg-2160563037","format":"[Gen 9] VGC 2024 Reg G","players":["SOLOLUMINEONING","sinclaires"],"log":"|j|\u2606SOLOLUMINEONING\n|j|\u2606sinclaires\n|t:|1720927541\n|gametype|doubles\n|player|p1|SOLOLUMINEONING|magmasuit|1697\n|player|p2|sinclaires|169|1677\n|teamsize|p1|6\n|teamsize|p2|6\n|gen|9\n|tier|[Gen 9] VGC 2024 Reg G\n|rated|\n|rule|Species Clause: Limit one of each Pok\u00e9mon\n|rule|Item Clause: Limit one of each item\n|clearpoke\n|poke|p1|Kyogre, L50|\n|poke|p1|Overqwil, L50, M|\n|poke|p1|Landorus, L50, M|\n|poke|p1|Ditto, L50|\n|poke|p1|Tsareena, L50, F|\n|poke|p1|Tornadus, L50, M|\n|poke|p2|Grimmsnarl, L50, M|\n|poke|p2|Zamazenta-*, L50|\n|poke|p2|Rillaboom, L50, M|\n|poke|p2|Chien-Pao, L50|\n|poke|p2|Pelipper, L50, M|\n|poke|p2|Raging Bolt, L50|\n|teampreview|4\n|inactive|Battle timer is ON: inactive players will automatically lose when time's up. (requested by SOLOLUMINEONING)\n|j| Lowladder Jennifer\n|inactive|SOLOLUMINEONING has 60 seconds left.\n|\n|t:|1720927583\n|start\n|switch|p1a: Tornadus|Tornadus, L50, M|100\/100\n|switch|p1b: Kyogre|Kyogre, L50, shiny|100\/100\n|switch|p2a: Grimmsnarl|Grimmsnarl, L50, M|100\/100\n|switch|p2b: Raging Bolt|Raging Bolt, L50|100\/100\n|-weather|RainDance|[from] ability: Drizzle|[of] p1b: Kyogre\n|turn|1\n|inactive|SOLOLUMINEONING has 30 seconds left.\n|\n|t:|1720927614\n|switch|p1a: Tsareena|Tsareena, L50, F, shiny|100\/100\n|-terastallize|p1b: Kyogre|Grass\n|move|p2a: Grimmsnarl|Light Screen|p2a: Grimmsnarl\n|-sidestart|p2: sinclaires|move: Light Screen\n|move|p1b: Kyogre|Water Spout|p2a: Grimmsnarl|[spread] p2a,p2b\n|-resisted|p2b: Raging Bolt\n|-damage|p2a: Grimmsnarl|30\/100\n|-damage|p2b: Raging Bolt|77\/100\n|move|p2b: Raging Bolt|Electroweb|p1a: Tsareena|[spread] p1a,p1b\n|-resisted|p1a: Tsareena\n|-resisted|p1b: Kyogre\n|-damage|p1a: Tsareena|86\/100\n|-damage|p1b: Kyogre|92\/100\n|-unboost|p1a: Tsareena|spe|1\n|-unboost|p1b: Kyogre|spe|1\n|\n|-weather|RainDance|[upkeep]\n|upkeep\n|turn|2\n|inactive|sinclaires has 30 seconds left.\n|\n|t:|1720927648\n|move|p2a: Grimmsnarl|Reflect|p2a: Grimmsnarl\n|-sidestart|p2: sinclaires|Reflect\n|move|p2b: Raging Bolt|Draco Meteor|p1b: Kyogre\n|-damage|p1b: Kyogre|36\/100\n|-unboost|p2b: Raging Bolt|spa|2\n|move|p1b: Kyogre|Water Spout|p2b: Raging Bolt|[spread] p2a,p2b\n|-resisted|p2b: Raging Bolt\n|-damage|p2a: Grimmsnarl|5\/100\n|-damage|p2b: Raging Bolt|69\/100\n|move|p1a: Tsareena|Triple Axel|p2b: Raging Bolt\n|-supereffective|p2b: Raging Bolt\n|-damage|p2b: Raging Bolt|62\/100\n|-supereffective|p2b: Raging Bolt\n|-damage|p2b: Raging Bolt|46\/100\n|-supereffective|p2b: Raging Bolt\n|-damage|p2b: Raging Bolt|25\/100\n|-hitcount|p2b: Raging Bolt|3\n|\n|-weather|RainDance|[upkeep]\n|upkeep\n|turn|3\n|inactive|SOLOLUMINEONING has 30 seconds left.\n|inactive|sinclaires has 30 seconds left.\n|inactive|SOLOLUMINEONING has 20 seconds left.\n|inactive|SOLOLUMINEONING has 15 seconds left.\n|\n|t:|1720927689\n|move|p2b: Raging Bolt|Thunderbolt|p1b: Kyogre\n|-resisted|p1b: Kyogre\n|-damage|p1b: Kyogre|26\/100\n|move|p1b: Kyogre|Hydro Pump|p2b: Raging Bolt\n|-resisted|p2b: Raging Bolt\n|-damage|p2b: Raging Bolt|4\/100\n|move|p2a: Grimmsnarl|Spirit Break|p1b: Kyogre\n|-damage|p1b: Kyogre|0 fnt\n|faint|p1b: Kyogre\n|move|p1a: Tsareena|Triple Axel|p2a: Grimmsnarl\n|-damage|p2a: Grimmsnarl|0 fnt\n|faint|p2a: Grimmsnarl\n|-hitcount|p2: Grimmsnarl|1\n|\n|-weather|RainDance|[upkeep]\n|upkeep\n|\n|t:|1720927707\n|switch|p1b: Landorus|Landorus, L50, M|100\/100\n|switch|p2a: Zamazenta|Zamazenta-Crowned, L50|100\/100\n|-ability|p2a: Zamazenta|Dauntless Shield|boost\n|-boost|p2a: Zamazenta|def|1\n|turn|4\n|inactive|SOLOLUMINEONING has 30 seconds left.\n|inactive|sinclaires has 30 seconds left.\n|inactive|SOLOLUMINEONING has 20 seconds left.\n|\n|t:|1720927743\n|-terastallize|p2a: Zamazenta|Grass\n|move|p2b: Raging Bolt|Thunderclap||[still]\n|cant|p1a: Tsareena|ability: Queenly Majesty|Thunderclap|[of] p2b: Raging Bolt\n|move|p1b: Landorus|Earth Power|p2a: Zamazenta\n|-resisted|p2a: Zamazenta\n|-damage|p2a: Zamazenta|86\/100\n|move|p2a: Zamazenta|Body Press|p1a: Tsareena\n|-crit|p1a: Tsareena\n|-damage|p1a: Tsareena|0 fnt\n|faint|p1a: Tsareena\n|\n|-weather|RainDance|[upkeep]\n|upkeep\n|\n|t:|1720927745\n|switch|p1a: Tornadus|Tornadus, L50, M|100\/100\n|turn|5\n|inactive|sinclaires has 30 seconds left.\n|inactive|sinclaires has 20 seconds left.\n|\n|t:|1720927782\n|move|p2b: Raging Bolt|Thunderclap|p1a: Tornadus\n|-supereffective|p1a: Tornadus\n|-damage|p1a: Tornadus|55\/100\n|move|p1b: Landorus|Earth Power|p2b: Raging Bolt\n|-supereffective|p2b: Raging Bolt\n|-damage|p2b: Raging Bolt|0 fnt\n|faint|p2b: Raging Bolt\n|-end|p2b: Raging Bolt|Protosynthesis|[silent]\n|move|p2a: Zamazenta|Heavy Slam|p1a: Tornadus\n|-damage|p1a: Tornadus|8\/100\n|move|p1a: Tornadus|Hurricane|p2a: Zamazenta\n|-supereffective|p2a: Zamazenta\n|-damage|p2a: Zamazenta|44\/100\n|\n|-weather|none\n|upkeep\n|\n|t:|1720927785\n|switch|p2b: Rillaboom|Rillaboom, L50, M|100\/100\n|-fieldstart|move: Grassy Terrain|[from] ability: Grassy Surge|[of] p2b: Rillaboom\n|turn|6\n|inactive|SOLOLUMINEONING has 30 seconds left.\n|\n|t:|1720927812\n|move|p2b: Rillaboom|Grassy Glide|p1a: Tornadus\n|-resisted|p1a: Tornadus\n|-damage|p1a: Tornadus|0 fnt\n|faint|p1a: Tornadus\n|move|p1b: Landorus|Earth Power|p2a: Zamazenta\n|-resisted|p2a: Zamazenta\n|-damage|p2a: Zamazenta|29\/100\n|move|p2a: Zamazenta|Body Press|p1b: Landorus\n|-resisted|p1b: Landorus\n|-damage|p1b: Landorus|60\/100\n|\n|-heal|p2a: Zamazenta|35\/100|[from] Grassy Terrain\n|upkeep\n|turn|7\n|-message|SOLOLUMINEONING forfeited.\n|\n|win|sinclaires\n|raw|SOLOLUMINEONING's rating: 1697 &rarr; <strong>1676<\/strong><br \/>(-21 for losing)\n|raw|sinclaires's rating: 1677 &rarr; <strong>1698<\/strong><br \/>(+21 for winning)\n|l|\u2606SOLOLUMINEONING\n|player|p1|\n|l| Lowladder Jennifer\n|l|\u2606sinclaires\n|player|p2|\n","uploadtime":1720928080,"views":9,"formatid":"gen9vgc2024regg","rating":1676,"private":0,"password":null}