{"id":"gen9vgc2024regg-2160330595","format":"[Gen 9] VGC 2024 Reg G","players":["JOEYISAMAZING","Ringocc"],"log":"|j|\u2606JOEYISAMAZING\n|j|\u2606Ringocc\n|t:|1720893605\n|gametype|doubles\n|player|p1|JOEYISAMAZING|102|1721\n|player|p2|Ringocc|dawn|1694\n|teamsize|p1|6\n|teamsize|p2|6\n|gen|9\n|tier|[Gen 9] VGC 2024 Reg G\n|rated|\n|rule|Species Clause: Limit one of each Pok\u00e9mon\n|rule|Item Clause: Limit one of each item\n|clearpoke\n|poke|p1|Zamazenta-*, L50|\n|poke|p1|Chien-Pao, L50|\n|poke|p1|Rillaboom, L50, M|\n|poke|p1|Incineroar, L50, M|\n|poke|p1|Pelipper, L50, M|\n|poke|p1|Flutter Mane, L50|\n|poke|p2|Urshifu-*, L50, M|\n|poke|p2|Clefairy, L50, F|\n|poke|p2|Incineroar, L50, M|\n|poke|p2|Grimmsnarl, L50, M|\n|poke|p2|Calyrex-Shadow, L50|\n|poke|p2|Raging Bolt, L50|\n|teampreview|4\n|inactive|Battle timer is ON: inactive players will automatically lose when time's up. (requested by JOEYISAMAZING)\n|inactive|JOEYISAMAZING has 60 seconds left.\n|\n|t:|1720893656\n|start\n|switch|p1a: Chien-Pao|Chien-Pao, L50|100\/100\n|switch|p1b: Flutter Mane|Flutter Mane, L50|100\/100\n|switch|p2a: Clefairy|Clefairy, L50, F|100\/100\n|switch|p2b: Calyrex|Calyrex-Shadow, L50|100\/100\n|-ability|p2b: Calyrex|As One\n|-ability|p2b: Calyrex|Unnerve\n|-ability|p1a: Chien-Pao|Sword of Ruin\n|turn|1\n|inactive|Ringocc has 30 seconds left.\n|inactive|JOEYISAMAZING has 30 seconds left.\n|inactive|Ringocc has 20 seconds left.\n|inactive|Ringocc has 15 seconds left.\n|inactive|Ringocc has 10 seconds left.\n|\n|t:|1720893705\n|-end|p1b: Flutter Mane|Protosynthesis|[silent]\n|switch|p1b: Pelipper|Pelipper, L50, M|100\/100\n|-weather|RainDance|[from] ability: Drizzle|[of] p1b: Pelipper\n|-terastallize|p2b: Calyrex|Fairy\n|move|p2a: Clefairy|Follow Me|p2a: Clefairy\n|-singleturn|p2a: Clefairy|move: Follow Me\n|move|p2b: Calyrex|Astral Barrage|p1b: Pelipper|[spread] p1a,p1b\n|-resisted|p1a: Chien-Pao\n|-damage|p1a: Chien-Pao|60\/100\n|-damage|p1b: Pelipper|29\/100\n|move|p1a: Chien-Pao|Icicle Crash|p2a: Clefairy\n|-damage|p2a: Clefairy|47\/100\n|\n|-weather|RainDance|[upkeep]\n|upkeep\n|turn|2\n|j| bluestraggler01\n|inactive|JOEYISAMAZING has 30 seconds left.\n|inactive|JOEYISAMAZING has 20 seconds left.\n|inactive|JOEYISAMAZING has 15 seconds left.\n|inactive|JOEYISAMAZING has 10 seconds left.\n|inactive|JOEYISAMAZING has 5 seconds left.\n|\n|t:|1720893760\n|move|p1a: Chien-Pao|Protect|p1a: Chien-Pao\n|-singleturn|p1a: Chien-Pao|Protect\n|move|p1b: Pelipper|Protect|p1b: Pelipper\n|-singleturn|p1b: Pelipper|Protect\n|move|p2a: Clefairy|Protect|p2a: Clefairy\n|-singleturn|p2a: Clefairy|Protect\n|move|p2b: Calyrex|Draining Kiss|p1b: Pelipper\n|-activate|p1b: Pelipper|move: Protect\n|\n|-weather|RainDance|[upkeep]\n|upkeep\n|turn|3\n|inactive|JOEYISAMAZING has 30 seconds left.\n|inactive|Ringocc has 30 seconds left.\n|\n|t:|1720893792\n|switch|p1b: Zamazenta|Zamazenta-Crowned, L50|100\/100\n|-ability|p1b: Zamazenta|Dauntless Shield|boost\n|-boost|p1b: Zamazenta|def|1\n|move|p2b: Calyrex|Draining Kiss|p1a: Chien-Pao\n|-supereffective|p1a: Chien-Pao\n|-damage|p1a: Chien-Pao|0 fnt\n|faint|p1a: Chien-Pao\n|-ability|p2b: Calyrex|Grim Neigh|boost\n|-boost|p2b: Calyrex|spa|1\n|move|p2a: Clefairy|Life Dew||[still]|[spread] p2a,p2b\n|-heal|p2a: Clefairy|72\/100\n|-fail|p2b: Calyrex|heal\n|\n|-weather|RainDance|[upkeep]\n|upkeep\n|\n|t:|1720893803\n|switch|p1a: Pelipper|Pelipper, L50, M|29\/100\n|turn|4\n|inactive|Ringocc has 30 seconds left.\n|\n|t:|1720893830\n|move|p1a: Pelipper|Protect|p1a: Pelipper\n|-singleturn|p1a: Pelipper|Protect\n|move|p2a: Clefairy|Follow Me|p2a: Clefairy\n|-singleturn|p2a: Clefairy|move: Follow Me\n|move|p2b: Calyrex|Draining Kiss|p1a: Pelipper\n|-activate|p1a: Pelipper|move: Protect\n|move|p1b: Zamazenta|Heavy Slam|p2a: Clefairy\n|-supereffective|p2a: Clefairy\n|-damage|p2a: Clefairy|0 fnt\n|faint|p2a: Clefairy\n|\n|-weather|RainDance|[upkeep]\n|upkeep\n|\n|t:|1720893843\n|switch|p2a: Incineroar|Incineroar, L50, M, shiny|100\/100\n|-ability|p2a: Incineroar|Intimidate|boost\n|-unboost|p1a: Pelipper|atk|1\n|-unboost|p1b: Zamazenta|atk|1\n|turn|5\n|inactive|JOEYISAMAZING has 30 seconds left.\n|j| im999\n|\n|t:|1720893877\n|switch|p1a: Flutter Mane|Flutter Mane, L50|100\/100\n|move|p2a: Incineroar|Fake Out|p1b: Zamazenta\n|-resisted|p1b: Zamazenta\n|-damage|p1b: Zamazenta|98\/100\n|move|p2b: Calyrex|Draining Kiss|p1a: Flutter Mane\n|-damage|p1a: Flutter Mane|45\/100\n|cant|p1b: Zamazenta|flinch\n|\n|-weather|none\n|upkeep\n|turn|6\n|l| im999\n|\n|t:|1720893901\n|move|p1a: Flutter Mane|Moonblast|p2a: Incineroar\n|-crit|p2a: Incineroar\n|-damage|p2a: Incineroar|0 fnt\n|faint|p2a: Incineroar\n|move|p2b: Calyrex|Draining Kiss|p1a: Flutter Mane\n|-damage|p1a: Flutter Mane|0 fnt\n|faint|p1a: Flutter Mane\n|-end|p1a: Flutter Mane|Protosynthesis|[silent]\n|-ability|p2b: Calyrex|Grim Neigh|boost\n|-boost|p2b: Calyrex|spa|1\n|move|p1b: Zamazenta|Body Press|p2b: Calyrex\n|-resisted|p2b: Calyrex\n|-damage|p2b: Calyrex|71\/100\n|\n|upkeep\n|\n|t:|1720893914\n|switch|p1a: Pelipper|Pelipper, L50, M|29\/100\n|switch|p2a: Urshifu|Urshifu-Rapid-Strike, L50, M|100\/100\n|-weather|RainDance|[from] ability: Drizzle|[of] p1a: Pelipper\n|turn|7\n|\n|t:|1720893934\n|-terastallize|p1b: Zamazenta|Grass\n|move|p1a: Pelipper|Wide Guard|p1a: Pelipper\n|-singleturn|p1a: Pelipper|Wide Guard\n|move|p2b: Calyrex|Draining Kiss|p1b: Zamazenta\n|-damage|p1b: Zamazenta|53\/100\n|-heal|p2b: Calyrex|100\/100|[from] drain|[of] p1b: Zamazenta\n|move|p1b: Zamazenta|Heavy Slam|p2b: Calyrex\n|-supereffective|p2b: Calyrex\n|-damage|p2b: Calyrex|33\/100\n|move|p2a: Urshifu|Surging Strikes|p1b: Zamazenta\n|-resisted|p1b: Zamazenta\n|-crit|p1b: Zamazenta\n|-damage|p1b: Zamazenta|43\/100\n|-resisted|p1b: Zamazenta\n|-crit|p1b: Zamazenta\n|-damage|p1b: Zamazenta|34\/100\n|-resisted|p1b: Zamazenta\n|-crit|p1b: Zamazenta\n|-damage|p1b: Zamazenta|24\/100\n|-hitcount|p1b: Zamazenta|3\n|\n|-weather|RainDance|[upkeep]\n|upkeep\n|turn|8\n|inactive|Ringocc has 30 seconds left.\n|\n|t:|1720893962\n|move|p1b: Zamazenta|Protect|p1b: Zamazenta\n|-singleturn|p1b: Zamazenta|Protect\n|move|p2b: Calyrex|Draining Kiss|p1a: Pelipper\n|-damage|p1a: Pelipper|0 fnt\n|-heal|p2b: Calyrex|50\/100|[from] drain|[of] p1a: Pelipper\n|-damage|p2b: Calyrex|33\/100|[from] item: Rocky Helmet|[of] p1a: Pelipper\n|faint|p1a: Pelipper\n|-ability|p2b: Calyrex|Grim Neigh|boost\n|-boost|p2b: Calyrex|spa|1\n|move|p2a: Urshifu|Surging Strikes|p1b: Zamazenta\n|-resisted|p1b: Zamazenta\n|-crit|p1b: Zamazenta\n|-damage|p1b: Zamazenta|15\/100\n|-resisted|p1b: Zamazenta\n|-crit|p1b: Zamazenta\n|-damage|p1b: Zamazenta|5\/100\n|-resisted|p1b: Zamazenta\n|-crit|p1b: Zamazenta\n|-damage|p1b: Zamazenta|0 fnt\n|faint|p1b: Zamazenta\n|-hitcount|p1: Zamazenta|3\n|\n|win|Ringocc\n|raw|JOEYISAMAZING's rating: 1721 &rarr; <strong>1699<\/strong><br \/>(-22 for losing)\n|raw|Ringocc's rating: 1694 &rarr; <strong>1716<\/strong><br \/>(+22 for winning)\n|l|\u2606JOEYISAMAZING\n|player|p1|\n|l|\u2606Ringocc\n|player|p2|\n|l| bluestraggler01\n|j| bluestraggler01\n","uploadtime":1720894198,"views":8,"formatid":"gen9vgc2024regg","rating":1699,"private":0,"password":null}