{"id":"gen9vgc2024regg-2160313536","format":"[Gen 9] VGC 2024 Reg G","players":["JOEYISAMAZING","La voz favorita"],"log":"|j|\u2606JOEYISAMAZING\n|j|\u2606La voz favorita\n|t:|1720891338\n|gametype|doubles\n|player|p1|JOEYISAMAZING|102|1714\n|player|p2|La voz favorita|steven|1826\n|teamsize|p1|6\n|teamsize|p2|6\n|gen|9\n|tier|[Gen 9] VGC 2024 Reg G\n|rated|\n|rule|Species Clause: Limit one of each Pok\u00e9mon\n|rule|Item Clause: Limit one of each item\n|clearpoke\n|poke|p1|Zamazenta-*, L50|\n|poke|p1|Chien-Pao, L50|\n|poke|p1|Rillaboom, L50, M|\n|poke|p1|Incineroar, L50, F|\n|poke|p1|Pelipper, L50, F|\n|poke|p1|Flutter Mane, L50|\n|poke|p2|Giratina, L50|\n|poke|p2|Grimmsnarl, L50, M|\n|poke|p2|Glimmora, L50, F|\n|poke|p2|Incineroar, L50, F|\n|poke|p2|Rillaboom, L50, F|\n|poke|p2|Urshifu-*, L50, F|\n|teampreview|4\nLa voz favorita has agreed to open team sheets.\nJOEYISAMAZING rejected open team sheets.\n|inactive|Battle timer is ON: inactive players will automatically lose when time's up. (requested by JOEYISAMAZING)\n|\n|t:|1720891369\n|start\n|switch|p1a: Flutter Mane|Flutter Mane, L50|100\/100\n|switch|p1b: Rillaboom|Rillaboom, L50, M|100\/100\n|switch|p2a: Grimmsnarl|Grimmsnarl, L50, M|100\/100\n|switch|p2b: Urshifu|Urshifu-Rapid-Strike, L50, F|100\/100\n|-fieldstart|move: Grassy Terrain|[from] ability: Grassy Surge|[of] p1b: Rillaboom\n|turn|1\n|inactive|La voz favorita has 30 seconds left.\n|inactive|La voz favorita has 20 seconds left.\n|\n|t:|1720891406\n|switch|p2b: Incineroar|Incineroar, L50, F|100\/100\n|-ability|p2b: Incineroar|Intimidate|boost\n|-unboost|p1a: Flutter Mane|atk|1\n|-unboost|p1b: Rillaboom|atk|1\n|-terastallize|p2a: Grimmsnarl|Ghost\n|move|p1b: Rillaboom|Fake Out|p2b: Incineroar\n|-damage|p2b: Incineroar|92\/100\n|move|p2a: Grimmsnarl|Light Screen|p2a: Grimmsnarl\n|-sidestart|p2: La voz favorita|move: Light Screen\n|move|p1a: Flutter Mane|Dazzling Gleam|p2b: Incineroar|[spread] p2a,p2b\n|-damage|p2a: Grimmsnarl|75\/100\n|-damage|p2b: Incineroar|70\/100\n|\n|-heal|p2b: Incineroar|76\/100|[from] Grassy Terrain\n|-heal|p2a: Grimmsnarl|81\/100|[from] Grassy Terrain\n|upkeep\n|turn|2\n|\n|t:|1720891430\n|-end|p1a: Flutter Mane|Protosynthesis|[silent]\n|switch|p1a: Zamazenta|Zamazenta-Crowned, L50|100\/100\n|-ability|p1a: Zamazenta|Dauntless Shield|boost\n|-boost|p1a: Zamazenta|def|1\n|move|p2a: Grimmsnarl|Thunder Wave|p1a: Zamazenta\n|-status|p1a: Zamazenta|par\n|move|p1b: Rillaboom|U-turn|p2a: Grimmsnarl\n|-resisted|p2a: Grimmsnarl\n|-damage|p2a: Grimmsnarl|71\/100\n|\n|t:|1720891438\n|switch|p1b: Flutter Mane|Flutter Mane, L50|100\/100|[from] U-turn\n|move|p2b: Incineroar|Will-O-Wisp|p1b: Flutter Mane\n|-status|p1b: Flutter Mane|brn\n|\n|-heal|p2b: Incineroar|82\/100|[from] Grassy Terrain\n|-heal|p2a: Grimmsnarl|77\/100|[from] Grassy Terrain\n|-damage|p1b: Flutter Mane|94\/100 brn|[from] brn\n|upkeep\n|turn|3\n|\n|t:|1720891458\n|move|p2a: Grimmsnarl|Reflect|p2a: Grimmsnarl\n|-sidestart|p2: La voz favorita|Reflect\n|move|p1b: Flutter Mane|Shadow Ball|p2a: Grimmsnarl\n|-supereffective|p2a: Grimmsnarl\n|-damage|p2a: Grimmsnarl|11\/100\n|move|p2b: Incineroar|Parting Shot|p1a: Zamazenta\n|-unboost|p1a: Zamazenta|atk|1\n|-unboost|p1a: Zamazenta|spa|1\n|\n|t:|1720891464\n|switch|p2b: Giratina|Giratina, L50, shiny|100\/100|[from] Parting Shot\n|-ability|p2b: Giratina|Pressure\n|cant|p1a: Zamazenta|par\n|\n|-heal|p1b: Flutter Mane|100\/100 brn|[from] Grassy Terrain\n|-heal|p2a: Grimmsnarl|17\/100|[from] Grassy Terrain\n|-damage|p1b: Flutter Mane|94\/100 brn|[from] brn\n|upkeep\n|turn|4\n|\n|t:|1720891480\n|-end|p1b: Flutter Mane|Protosynthesis|[silent]\n|switch|p1b: Rillaboom|Rillaboom, L50, M|100\/100\n|move|p2b: Giratina|Calm Mind|p2b: Giratina\n|-boost|p2b: Giratina|spa|1\n|-boost|p2b: Giratina|spd|1\n|cant|p1a: Zamazenta|par\n|move|p2a: Grimmsnarl|Spirit Break|p1b: Rillaboom\n|-crit|p1b: Rillaboom\n|-damage|p1b: Rillaboom|57\/100\n|-unboost|p1b: Rillaboom|spa|1\n|\n|-heal|p1b: Rillaboom|63\/100|[from] Grassy Terrain\n|-heal|p2a: Grimmsnarl|23\/100|[from] Grassy Terrain\n|upkeep\n|turn|5\n|inactive|JOEYISAMAZING has 30 seconds left.\n|\n|t:|1720891510\n|move|p2a: Grimmsnarl|Thunder Wave|p1b: Rillaboom\n|-status|p1b: Rillaboom|par\n|move|p2b: Giratina|Calm Mind|p2b: Giratina\n|-boost|p2b: Giratina|spa|1\n|-boost|p2b: Giratina|spd|1\n|move|p1a: Zamazenta|Heavy Slam|p2a: Grimmsnarl\n|-damage|p2a: Grimmsnarl|0 fnt\n|faint|p2a: Grimmsnarl\n|move|p1b: Rillaboom|U-turn|p2b: Giratina\n|-resisted|p2b: Giratina\n|-damage|p2b: Giratina|96\/100\n|\n|t:|1720891520\n|switch|p1b: Chien-Pao|Chien-Pao, L50|100\/100|[from] U-turn\n|-ability|p1b: Chien-Pao|Sword of Ruin\n|\n|-heal|p2b: Giratina|100\/100|[from] Grassy Terrain\n|-fieldend|move: Grassy Terrain\n|upkeep\n|\n|t:|1720891523\n|switch|p2a: Incineroar|Incineroar, L50, F|82\/100\n|-ability|p2a: Incineroar|Intimidate|boost\n|-unboost|p1a: Zamazenta|atk|1\n|-unboost|p1b: Chien-Pao|atk|1\n|turn|6\n|inactive|La voz favorita has 30 seconds left.\n|inactive|La voz favorita has 20 seconds left.\n|\n|t:|1720891560\n|move|p1b: Chien-Pao|Protect|p1b: Chien-Pao\n|-singleturn|p1b: Chien-Pao|Protect\n|move|p2b: Giratina|Protect|p2b: Giratina\n|-singleturn|p2b: Giratina|Protect\n|move|p2a: Incineroar|Parting Shot|p1a: Zamazenta\n|-unboost|p1a: Zamazenta|atk|1\n|-unboost|p1a: Zamazenta|spa|1\n|\n|t:|1720891564\n|switch|p2a: Urshifu|Urshifu-Rapid-Strike, L50, F|100\/100|[from] Parting Shot\n|cant|p1a: Zamazenta|par\n|\n|upkeep\n|turn|7\n|\n|t:|1720891583\n|switch|p1b: Rillaboom|Rillaboom, L50, M|63\/100 par\n|-fieldstart|move: Grassy Terrain|[from] ability: Grassy Surge|[of] p1b: Rillaboom\n|move|p2a: Urshifu|Surging Strikes|p1b: Rillaboom\n|-resisted|p1b: Rillaboom\n|-crit|p1b: Rillaboom\n|-damage|p1b: Rillaboom|53\/100 par\n|-resisted|p1b: Rillaboom\n|-crit|p1b: Rillaboom\n|-damage|p1b: Rillaboom|41\/100 par\n|-resisted|p1b: Rillaboom\n|-crit|p1b: Rillaboom\n|-damage|p1b: Rillaboom|30\/100 par\n|-hitcount|p1b: Rillaboom|3\n|move|p2b: Giratina|Dragon Pulse|p1b: Rillaboom\n|-damage|p1b: Rillaboom|0 fnt\n|faint|p1b: Rillaboom\n|move|p1a: Zamazenta|Iron Defense|p1a: Zamazenta\n|-boost|p1a: Zamazenta|def|2\n|\n|upkeep\n|\n|t:|1720891599\n|switch|p1b: Flutter Mane|Flutter Mane, L50|94\/100 brn\n|turn|8\n|\n|t:|1720891620\n|-terastallize|p1b: Flutter Mane|Water\n|move|p1b: Flutter Mane|Moonblast|p2a: Urshifu\n|-supereffective|p2a: Urshifu\n|-damage|p2a: Urshifu|0 fnt\n|faint|p2a: Urshifu\n|move|p2b: Giratina|Hex|p1a: Zamazenta\n|-damage|p1a: Zamazenta|38\/100 par\n|move|p1a: Zamazenta|Body Press|p2b: Giratina\n|-immune|p2b: Giratina\n|\n|-heal|p1b: Flutter Mane|100\/100 brn|[from] Grassy Terrain\n|-heal|p1a: Zamazenta|45\/100 par|[from] Grassy Terrain\n|-damage|p1b: Flutter Mane|94\/100 brn|[from] brn\n|-sideend|p2: La voz favorita|move: Light Screen\n|upkeep\n|\n|t:|1720891625\n|switch|p2a: Incineroar|Incineroar, L50, F|82\/100\n|-ability|p2a: Incineroar|Intimidate|boost\n|-unboost|p1a: Zamazenta|atk|1\n|-unboost|p1b: Flutter Mane|atk|1\n|turn|9\n|\n|t:|1720891640\n|move|p1b: Flutter Mane|Moonblast|p2a: Incineroar\n|-damage|p2a: Incineroar|21\/100\n|move|p2b: Giratina|Hex|p1a: Zamazenta\n|-damage|p1a: Zamazenta|0 fnt\n|faint|p1a: Zamazenta\n|move|p2a: Incineroar|Will-O-Wisp|p1b: Flutter Mane\n|-fail|p1b: Flutter Mane|brn\n|\n|-heal|p1b: Flutter Mane|100\/100 brn|[from] Grassy Terrain\n|-heal|p2a: Incineroar|27\/100|[from] Grassy Terrain\n|-damage|p1b: Flutter Mane|94\/100 brn|[from] brn\n|upkeep\n|\n|t:|1720891645\n|switch|p1a: Chien-Pao|Chien-Pao, L50|100\/100\n|-ability|p1a: Chien-Pao|Sword of Ruin\n|turn|10\n|\n|t:|1720891655\n|move|p1a: Chien-Pao|Protect|p1a: Chien-Pao\n|-singleturn|p1a: Chien-Pao|Protect\n|move|p1b: Flutter Mane|Moonblast|p2a: Incineroar\n|-damage|p2a: Incineroar|0 fnt\n|faint|p2a: Incineroar\n|move|p2b: Giratina|Dragon Pulse|p1a: Chien-Pao\n|-activate|p1a: Chien-Pao|move: Protect\n|\n|-heal|p1b: Flutter Mane|100\/100 brn|[from] Grassy Terrain\n|-damage|p1b: Flutter Mane|94\/100 brn|[from] brn\n|-sideend|p2: La voz favorita|Reflect\n|upkeep\n|turn|11\n|c|\u2606JOEYISAMAZING|gg\n|\n|t:|1720891667\n|move|p1b: Flutter Mane|Moonblast|p2b: Giratina\n|-supereffective|p2b: Giratina\n|-damage|p2b: Giratina|58\/100\n|move|p1a: Chien-Pao|Throat Chop|p2b: Giratina\n|-supereffective|p2b: Giratina\n|-damage|p2b: Giratina|0 fnt\n|faint|p2b: Giratina\n|\n|win|JOEYISAMAZING\n|raw|JOEYISAMAZING's rating: 1714 &rarr; <strong>1740<\/strong><br \/>(+26 for winning)\n|raw|La voz favorita's rating: 1826 &rarr; <strong>1800<\/strong><br \/>(-26 for losing)\n|l|\u2606La voz favorita\n|player|p2|\n|l|\u2606JOEYISAMAZING\n|player|p1|\n","uploadtime":1720891845,"views":21,"formatid":"gen9vgc2024regg","rating":1740,"private":0,"password":null}