{"id":"gen9vgc2024regg-2160698246","format":"[Gen 9] VGC 2024 Reg G","players":["Billy_HMD","Shinratenseivgc"],"log":"|j|\u2606Billy_HMD\n|j|\u2606Shinratenseivgc\n|t:|1720955263\n|gametype|doubles\n|player|p1|Billy_HMD|dawn|1772\n|player|p2|Shinratenseivgc|170|1738\n|teamsize|p1|6\n|teamsize|p2|6\n|gen|9\n|tier|[Gen 9] VGC 2024 Reg G\n|rated|\n|rule|Species Clause: Limit one of each Pok\u00e9mon\n|rule|Item Clause: Limit one of each item\n|clearpoke\n|poke|p1|Zamazenta-*, L50|\n|poke|p1|Volcarona, L50, F|\n|poke|p1|Grimmsnarl, L50, M|\n|poke|p1|Landorus-Therian, L50, M|\n|poke|p1|Rillaboom, L50, M|\n|poke|p1|Raging Bolt, L50|\n|poke|p2|Kyogre, L50|\n|poke|p2|Tornadus, L50, M|\n|poke|p2|Tsareena, L50, F|\n|poke|p2|Flutter Mane, L50|\n|poke|p2|Urshifu-*, L50, F|\n|poke|p2|Ogerpon-Hearthflame, L50, F|\n|teampreview|4\n|inactive|Battle timer is ON: inactive players will automatically lose when time's up. (requested by Billy_HMD)\n|inactive|Billy_HMD has 60 seconds left.\n|\n|t:|1720955303\n|start\n|switch|p1a: Raging Bolt|Raging Bolt, L50|100\/100\n|switch|p1b: Zamazenta|Zamazenta-Crowned, L50|100\/100\n|switch|p2a: Flutter Mane|Flutter Mane, L50|100\/100\n|switch|p2b: Tornadus|Tornadus, L50, M|100\/100\n|-ability|p1b: Zamazenta|Dauntless Shield|boost\n|-boost|p1b: Zamazenta|def|1\n|-enditem|p2a: Flutter Mane|Booster Energy\n|-activate|p2a: Flutter Mane|ability: Protosynthesis|[fromitem]\n|-start|p2a: Flutter Mane|protosynthesisspe\n|turn|1\n|j| js3499929\n|inactive|Billy_HMD has 30 seconds left.\n|\n|t:|1720955329\n|move|p2b: Tornadus|Tailwind|p2b: Tornadus\n|-sidestart|p2: Shinratenseivgc|move: Tailwind\n|move|p2a: Flutter Mane|Taunt|p1b: Zamazenta\n|-start|p1b: Zamazenta|move: Taunt\n|move|p1b: Zamazenta|Heavy Slam|p2a: Flutter Mane\n|-supereffective|p2a: Flutter Mane\n|-damage|p2a: Flutter Mane|0 fnt\n|faint|p2a: Flutter Mane\n|-end|p2a: Flutter Mane|Protosynthesis|[silent]\n|move|p1a: Raging Bolt|Thunderbolt|p2b: Tornadus\n|-supereffective|p2b: Tornadus\n|-damage|p2b: Tornadus|0 fnt\n|faint|p2b: Tornadus\n|\n|upkeep\n|\n|t:|1720955345\n|switch|p2a: Kyogre|Kyogre, L50|100\/100\n|switch|p2b: Tsareena|Tsareena, L50, F|100\/100\n|-weather|RainDance|[from] ability: Drizzle|[of] p2a: Kyogre\n|turn|2\n|inactive|Billy_HMD has 30 seconds left.\n|inactive|Billy_HMD has 20 seconds left.\n|inactive|Billy_HMD has 15 seconds left.\n|\n|t:|1720955387\n|-terastallize|p2a: Kyogre|Water\n|-terastallize|p1b: Zamazenta|Dragon\n|move|p2a: Kyogre|Water Spout|p1a: Raging Bolt|[spread] p1a,p1b\n|-resisted|p1a: Raging Bolt\n|-resisted|p1b: Zamazenta\n|-damage|p1a: Raging Bolt|53\/100\n|-damage|p1b: Zamazenta|49\/100\n|move|p2b: Tsareena|Triple Axel|p1a: Raging Bolt\n|-supereffective|p1a: Raging Bolt\n|-damage|p1a: Raging Bolt|42\/100\n|-supereffective|p1a: Raging Bolt\n|-damage|p1a: Raging Bolt|19\/100\n|-supereffective|p1a: Raging Bolt\n|-damage|p1a: Raging Bolt|0 fnt\n|faint|p1a: Raging Bolt\n|-end|p1a: Raging Bolt|Protosynthesis|[silent]\n|-hitcount|p1: Raging Bolt|3\n|move|p1b: Zamazenta|Body Press|p2a: Kyogre\n|-damage|p2a: Kyogre|32\/100\n|\n|-weather|RainDance|[upkeep]\n|upkeep\n|inactive|Billy_HMD has 30 seconds left.\n|inactive|Billy_HMD has 20 seconds left.\n|inactive|Billy_HMD has 15 seconds left.\n|inactive|Billy_HMD has 10 seconds left.\n|\n|t:|1720955432\n|switch|p1a: Rillaboom|Rillaboom, L50, M|100\/100\n|-fieldstart|move: Grassy Terrain|[from] ability: Grassy Surge|[of] p1a: Rillaboom\n|turn|3\n|\n|t:|1720955447\n|move|p2a: Kyogre|Protect|p2a: Kyogre\n|-singleturn|p2a: Kyogre|Protect\n|move|p2b: Tsareena|Triple Axel|p1b: Zamazenta\n|-supereffective|p1b: Zamazenta\n|-damage|p1b: Zamazenta|43\/100\n|-supereffective|p1b: Zamazenta\n|-damage|p1b: Zamazenta|33\/100\n|-supereffective|p1b: Zamazenta\n|-damage|p1b: Zamazenta|18\/100\n|-hitcount|p1b: Zamazenta|3\n|move|p1b: Zamazenta|Body Press|p2a: Kyogre\n|-activate|p2a: Kyogre|move: Protect\n|move|p1a: Rillaboom|Wood Hammer|p2a: Kyogre\n|-activate|p2a: Kyogre|move: Protect\n|\n|-weather|RainDance|[upkeep]\n|-heal|p2a: Kyogre|39\/100|[from] Grassy Terrain\n|-heal|p1b: Zamazenta|24\/100|[from] Grassy Terrain\n|-end|p1b: Zamazenta|move: Taunt\n|upkeep\n|turn|4\n|\n|t:|1720955472\n|move|p1b: Zamazenta|Wide Guard|p1b: Zamazenta\n|-singleturn|p1b: Zamazenta|Wide Guard\n|move|p2a: Kyogre|Ice Beam|p1a: Rillaboom\n|-supereffective|p1a: Rillaboom\n|-damage|p1a: Rillaboom|18\/100\n|move|p2b: Tsareena|Triple Axel|p1a: Rillaboom\n|-supereffective|p1a: Rillaboom\n|-damage|p1a: Rillaboom|4\/100\n|-supereffective|p1a: Rillaboom\n|-damage|p1a: Rillaboom|0 fnt\n|faint|p1a: Rillaboom\n|-hitcount|p1: Rillaboom|2\n|\n|-weather|RainDance|[upkeep]\n|-heal|p2a: Kyogre|45\/100|[from] Grassy Terrain\n|-heal|p1b: Zamazenta|30\/100|[from] Grassy Terrain\n|-sideend|p2: Shinratenseivgc|move: Tailwind\n|upkeep\n|\n|t:|1720955477\n|switch|p1a: Landorus|Landorus-Therian, L50, M|100\/100\n|-ability|p1a: Landorus|Intimidate|boost\n|-unboost|p2a: Kyogre|atk|1\n|-unboost|p2b: Tsareena|atk|1\n|turn|5\n|inactive|Billy_HMD has 30 seconds left.\n|inactive|Billy_HMD has 20 seconds left.\n|inactive|Shinratenseivgc has 30 seconds left.\n|inactive|Billy_HMD has 15 seconds left.\n|\n|t:|1720955522\n|move|p1a: Landorus|U-turn|p2b: Tsareena\n|-supereffective|p2b: Tsareena\n|-damage|p2b: Tsareena|51\/100\n|move|p1b: Zamazenta|Body Press|p2b: Tsareena\n|-damage|p2b: Tsareena|0 fnt\n|faint|p2b: Tsareena\n|move|p2a: Kyogre|Origin Pulse|p1b: Zamazenta|[spread] p1a,p1b\n|-supereffective|p1a: Landorus\n|-resisted|p1b: Zamazenta\n|-damage|p1a: Landorus|0 fnt\n|-damage|p1b: Zamazenta|0 fnt\n|faint|p1a: Landorus\n|faint|p1b: Zamazenta\n|\n|win|Shinratenseivgc\n|raw|Billy_HMD's rating: 1772 &rarr; <strong>1750<\/strong><br \/>(-22 for losing)\n|raw|Shinratenseivgc's rating: 1738 &rarr; <strong>1760<\/strong><br \/>(+22 for winning)\n|l|\u2606Billy_HMD\n|player|p1|\n|l| js3499929\n|l|\u2606Shinratenseivgc\n|player|p2|\n","uploadtime":1720955774,"views":46,"formatid":"gen9vgc2024regg","rating":1750,"private":0,"password":null}