{"id":"gen9vgc2024regg-2160120556","format":"[Gen 9] VGC 2024 Reg G","players":["koji muranishi","BrodaxVGC"],"log":"|j|\u2606koji muranishi\n|j|\u2606BrodaxVGC\n|t:|1720858547\n|gametype|doubles\n|player|p1|koji muranishi|101|1689\n|player|p2|BrodaxVGC|266|1709\n|teamsize|p1|6\n|teamsize|p2|6\n|gen|9\n|tier|[Gen 9] VGC 2024 Reg G\n|rated|\n|rule|Species Clause: Limit one of each Pok\u00e9mon\n|rule|Item Clause: Limit one of each item\n|clearpoke\n|poke|p1|Calyrex-Ice, L50|\n|poke|p1|Kingambit, L50, M|\n|poke|p1|Farigiraf, L50, M|\n|poke|p1|Whimsicott, L50, F|\n|poke|p1|Torkoal, L50, F|\n|poke|p1|Raging Bolt, L50|\n|poke|p2|Miraidon, L50|\n|poke|p2|Whimsicott, L50, M|\n|poke|p2|Chi-Yu, L50|\n|poke|p2|Ogerpon-Wellspring, L50, F|\n|poke|p2|Iron Hands, L50|\n|poke|p2|Farigiraf, L50, F|\n|teampreview|4\n|inactive|Battle timer is ON: inactive players will automatically lose when time's up. (requested by BrodaxVGC)\n|j| bieiup\n|l| bieiup\n|\n|t:|1720858576\n|start\n|switch|p1a: Whimsicott|Whimsicott, L50, F|100\/100\n|switch|p1b: Calyrex|Calyrex-Ice, L50|100\/100\n|switch|p2a: Miraidon|Miraidon, L50|100\/100\n|switch|p2b: Chi-Yu|Chi-Yu, L50|100\/100\n|-ability|p1b: Calyrex|As One\n|-ability|p1b: Calyrex|Unnerve\n|-fieldstart|move: Electric Terrain|[from] ability: Hadron Engine|[of] p2a: Miraidon\n|-ability|p2b: Chi-Yu|Beads of Ruin\n|turn|1\n|inactive|koji muranishi has 30 seconds left.\n|inactive|koji muranishi has 20 seconds left.\n|\n|t:|1720858615\n|-terastallize|p2a: Miraidon|Electric\n|move|p1a: Whimsicott|Tailwind|p1a: Whimsicott\n|-sidestart|p1: koji muranishi|move: Tailwind\n|move|p1b: Calyrex|High Horsepower|p2b: Chi-Yu\n|-supereffective|p2b: Chi-Yu\n|-damage|p2b: Chi-Yu|0 fnt\n|faint|p2b: Chi-Yu\n|-ability|p1b: Calyrex|Chilling Neigh|boost\n|-boost|p1b: Calyrex|atk|1\n|move|p2a: Miraidon|Volt Switch|p1a: Whimsicott\n|-resisted|p1a: Whimsicott\n|-crit|p1a: Whimsicott\n|-enditem|p1a: Whimsicott|Focus Sash\n|-damage|p1a: Whimsicott|1\/100\n|\n|t:|1720858630\n|switch|p2a: Iron Hands|Iron Hands, L50|100\/100|[from] Volt Switch\n|-activate|p2a: Iron Hands|ability: Quark Drive\n|-start|p2a: Iron Hands|quarkdriveatk\n|\n|upkeep\n|\n|t:|1720858636\n|switch|p2b: Farigiraf|Farigiraf, L50, F|100\/100\n|-enditem|p2b: Farigiraf|Electric Seed\n|-boost|p2b: Farigiraf|def|1|[from] item: Electric Seed\n|turn|2\n|\n|t:|1720858654\n|move|p2a: Iron Hands|Fake Out|p1b: Calyrex\n|-damage|p1b: Calyrex|87\/100\n|move|p1a: Whimsicott|Moonblast|p2a: Iron Hands\n|-supereffective|p2a: Iron Hands\n|-damage|p2a: Iron Hands|60\/100\n|cant|p1b: Calyrex|flinch\n|move|p2b: Farigiraf|Trick Room|p2b: Farigiraf\n|-fieldstart|move: Trick Room|[of] p2b: Farigiraf\n|\n|upkeep\n|turn|3\n|j| Pikakado\n|\n|t:|1720858673\n|move|p2a: Iron Hands|Wild Charge|p1b: Calyrex\n|-damage|p1b: Calyrex|19\/100\n|-damage|p2a: Iron Hands|49\/100|[from] Recoil\n|move|p2b: Farigiraf|Foul Play|p1b: Calyrex\n|-supereffective|p1b: Calyrex\n|-crit|p1b: Calyrex\n|-damage|p1b: Calyrex|0 fnt\n|faint|p1b: Calyrex\n|move|p1a: Whimsicott|Moonblast|p2b: Farigiraf\n|-damage|p2b: Farigiraf|73\/100\n|-unboost|p2b: Farigiraf|spa|1\n|\n|upkeep\n|\n|t:|1720858686\n|switch|p1b: Torkoal|Torkoal, L50, F|100\/100\n|-weather|SunnyDay|[from] ability: Drought|[of] p1b: Torkoal\n|turn|4\n|\n|t:|1720858707\n|-terastallize|p1b: Torkoal|Fire\n|move|p1b: Torkoal|Heat Wave|p2a: Iron Hands|[spread] p2a\n|-miss|p1b: Torkoal|p2b: Farigiraf\n|-damage|p2a: Iron Hands|14\/100\n|move|p2a: Iron Hands|Wild Charge|p1b: Torkoal\n|-damage|p1b: Torkoal|34\/100\n|-enditem|p1b: Torkoal|Sitrus Berry|[eat]\n|-heal|p1b: Torkoal|59\/100|[from] item: Sitrus Berry\n|-damage|p2a: Iron Hands|3\/100|[from] Recoil\n|move|p2b: Farigiraf|Psychic|p1b: Torkoal\n|-damage|p1b: Torkoal|32\/100\n|move|p1a: Whimsicott|Moonblast|p2a: Iron Hands\n|-supereffective|p2a: Iron Hands\n|-damage|p2a: Iron Hands|0 fnt\n|faint|p2a: Iron Hands\n|-end|p2a: Iron Hands|Quark Drive|[silent]\n|\n|-weather|SunnyDay|[upkeep]\n|-sideend|p1: koji muranishi|move: Tailwind\n|upkeep\n|\n|t:|1720858722\n|switch|p2a: Miraidon|Miraidon, L50, tera:Electric|100\/100\n|-activate|p2a: Miraidon|ability: Hadron Engine\n|turn|5\n|l| Pikakado\n|inactive|koji muranishi has 30 seconds left.\n|inactive|BrodaxVGC has 30 seconds left.\n|inactive|koji muranishi has 20 seconds left.\n|inactive|koji muranishi has 15 seconds left.\n|\n|t:|1720858763\n|move|p2b: Farigiraf|Helping Hand|p2a: Miraidon\n|-singleturn|p2a: Miraidon|Helping Hand|[of] p2b: Farigiraf\n|move|p1b: Torkoal|Heat Wave|p2b: Farigiraf|[spread] p2a,p2b\n|-damage|p2a: Miraidon|43\/100\n|-damage|p2b: Farigiraf|22\/100\n|move|p2a: Miraidon|Dazzling Gleam|p1a: Whimsicott|[spread] p1a,p1b\n|-resisted|p1b: Torkoal\n|-damage|p1a: Whimsicott|0 fnt\n|-damage|p1b: Torkoal|0 fnt\n|faint|p1a: Whimsicott\n|faint|p1b: Torkoal\n|\n|-weather|SunnyDay|[upkeep]\n|-fieldend|move: Electric Terrain\n|upkeep\n|\n|t:|1720858777\n|switch|p1a: Raging Bolt|Raging Bolt, L50|100\/100\n|-activate|p1a: Raging Bolt|ability: Protosynthesis\n|-start|p1a: Raging Bolt|protosynthesisspa\n|turn|6\n|\n|t:|1720858789\n|move|p2b: Farigiraf|Psychic|p1a: Raging Bolt\n|-damage|p1a: Raging Bolt|84\/100\n|move|p1a: Raging Bolt|Thunderbolt|p2b: Farigiraf\n|-damage|p2b: Farigiraf|0 fnt\n|faint|p2b: Farigiraf\n|-damage|p1a: Raging Bolt|75\/100|[from] item: Life Orb\n|move|p2a: Miraidon|Dazzling Gleam|p1a: Raging Bolt\n|-supereffective|p1a: Raging Bolt\n|-damage|p1a: Raging Bolt|1\/100\n|\n|-weather|SunnyDay|[upkeep]\n|-fieldend|move: Trick Room\n|upkeep\n|turn|7\n|\n|t:|1720858805\n|move|p1a: Raging Bolt|Thunderclap|p2a: Miraidon\n|-resisted|p2a: Miraidon\n|-crit|p2a: Miraidon\n|-damage|p2a: Miraidon|0 fnt\n|faint|p2a: Miraidon\n|-damage|p1a: Raging Bolt|0 fnt|[from] item: Life Orb\n|faint|p1a: Raging Bolt\n|-end|p1a: Raging Bolt|Protosynthesis|[silent]\n|\n|win|koji muranishi\n|raw|koji muranishi's rating: 1689 &rarr; <strong>1710<\/strong><br \/>(+21 for winning)\n|raw|BrodaxVGC's rating: 1709 &rarr; <strong>1688<\/strong><br \/>(-21 for losing)\n|l|\u2606BrodaxVGC\n|player|p2|\n","uploadtime":1720859044,"views":13,"formatid":"gen9vgc2024regg","rating":1688,"private":0,"password":null}