{"id":"gen9vgc2024regg-2160786144","format":"[Gen 9] VGC 2024 Reg G","players":["koji muranishi","Krisuerte"],"log":"|j|\u2606koji muranishi\n|j|\u2606Krisuerte\n|t:|1720970024\n|gametype|doubles\n|player|p1|koji muranishi|265|1717\n|player|p2|Krisuerte|170|1794\n|teamsize|p1|6\n|teamsize|p2|6\n|gen|9\n|tier|[Gen 9] VGC 2024 Reg G\n|rated|\n|rule|Species Clause: Limit one of each Pok\u00e9mon\n|rule|Item Clause: Limit one of each item\n|clearpoke\n|poke|p1|Calyrex-Ice, L50|\n|poke|p1|Kingambit, L50, M|\n|poke|p1|Entei, L50|\n|poke|p1|Whimsicott, L50, F|\n|poke|p1|Roaring Moon, L50|\n|poke|p1|Raging Bolt, L50|\n|poke|p2|Sinistcha-Masterpiece, L50|\n|poke|p2|Kyogre, L50|\n|poke|p2|Tornadus, L50, M|\n|poke|p2|Urshifu-*, L50, M|\n|poke|p2|Archaludon, L50, M|\n|poke|p2|Landorus, L50, M|\n|teampreview|4\n|inactive|Battle timer is ON: inactive players will automatically lose when time's up. (requested by koji muranishi)\n|\n|t:|1720970075\n|start\n|switch|p1a: Whimsicott|Whimsicott, L50, F|100\/100\n|switch|p1b: Raging Bolt|Raging Bolt, L50|100\/100\n|switch|p2a: Kyogre|Kyogre, L50|100\/100\n|switch|p2b: Archaludon|Archaludon, L50, M|100\/100\n|-weather|RainDance|[from] ability: Drizzle|[of] p2a: Kyogre\n|turn|1\n|\n|t:|1720970094\n|-terastallize|p2a: Kyogre|Ghost\n|move|p1a: Whimsicott|Protect|p1a: Whimsicott\n|-singleturn|p1a: Whimsicott|Protect\n|move|p1b: Raging Bolt|Protect|p1b: Raging Bolt\n|-singleturn|p1b: Raging Bolt|Protect\n|move|p2a: Kyogre|Ice Beam|p1b: Raging Bolt\n|-activate|p1b: Raging Bolt|move: Protect\n|move|p2b: Archaludon|Snarl|p1b: Raging Bolt|[spread] \n|-activate|p1a: Whimsicott|move: Protect\n|-activate|p1b: Raging Bolt|move: Protect\n|\n|-weather|RainDance|[upkeep]\n|upkeep\n|turn|2\n|\n|t:|1720970112\n|move|p1a: Whimsicott|Moonblast|p2b: Archaludon\n|-damage|p2b: Archaludon|70\/100\n|-ability|p2b: Archaludon|Stamina|boost\n|-boost|p2b: Archaludon|def|1\n|move|p2a: Kyogre|Ice Beam|p1b: Raging Bolt\n|-supereffective|p1b: Raging Bolt\n|-damage|p1b: Raging Bolt|9\/100\n|move|p2b: Archaludon|Snarl|p1a: Whimsicott|[spread] p1a\n|-miss|p2b: Archaludon|p1b: Raging Bolt\n|-resisted|p1a: Whimsicott\n|-damage|p1a: Whimsicott|87\/100\n|-unboost|p1a: Whimsicott|spa|1\n|move|p1b: Raging Bolt|Draco Meteor|p2b: Archaludon\n|-damage|p2b: Archaludon|0 fnt\n|-unboost|p1b: Raging Bolt|spa|2\n|faint|p2b: Archaludon\n|-damage|p1b: Raging Bolt|0 fnt|[from] item: Life Orb\n|faint|p1b: Raging Bolt\n|-end|p1b: Raging Bolt|Protosynthesis|[silent]\n|\n|-weather|RainDance|[upkeep]\n|upkeep\n|inactive|Krisuerte has 30 seconds left.\n|\n|t:|1720970139\n|switch|p2b: Urshifu|Urshifu-Rapid-Strike, L50, M|100\/100\n|switch|p1b: Calyrex|Calyrex-Ice, L50|100\/100\n|-ability|p1b: Calyrex|As One\n|-ability|p1b: Calyrex|Unnerve\n|turn|3\n|\n|t:|1720970152\n|-terastallize|p1b: Calyrex|Ice\n|move|p1a: Whimsicott|Tailwind|p1a: Whimsicott\n|-sidestart|p1: koji muranishi|move: Tailwind\n|move|p1b: Calyrex|Glacial Lance|p2b: Urshifu|[spread] p2a,p2b\n|-resisted|p2b: Urshifu\n|-damage|p2a: Kyogre|2\/100\n|-damage|p2b: Urshifu|48\/100\n|move|p2b: Urshifu|Surging Strikes|p1b: Calyrex\n|-crit|p1b: Calyrex\n|-damage|p1b: Calyrex|72\/100\n|-crit|p1b: Calyrex\n|-damage|p1b: Calyrex|45\/100\n|-crit|p1b: Calyrex\n|-damage|p1b: Calyrex|18\/100\n|-hitcount|p1b: Calyrex|3\n|move|p2a: Kyogre|Ice Beam|p1a: Whimsicott\n|-supereffective|p1a: Whimsicott\n|-damage|p1a: Whimsicott|0 fnt\n|faint|p1a: Whimsicott\n|\n|-weather|RainDance|[upkeep]\n|upkeep\n|\n|t:|1720970172\n|switch|p1a: Roaring Moon|Roaring Moon, L50|100\/100\n|-enditem|p1a: Roaring Moon|Booster Energy\n|-activate|p1a: Roaring Moon|ability: Protosynthesis|[fromitem]\n|-start|p1a: Roaring Moon|protosynthesisspe\n|turn|4\n|\n|t:|1720970183\n|move|p2b: Urshifu|Aqua Jet|p1b: Calyrex\n|-damage|p1b: Calyrex|0 fnt\n|faint|p1b: Calyrex\n|move|p1a: Roaring Moon|Knock Off|p2a: Kyogre\n|-supereffective|p2a: Kyogre\n|-damage|p2a: Kyogre|0 fnt\n|-enditem|p2a: Kyogre|Choice Specs|[from] move: Knock Off|[of] p1a: Roaring Moon\n|faint|p2a: Kyogre\n|\n|-weather|RainDance|[upkeep]\n|upkeep\n|\n|t:|1720970193\n|switch|p2a: Sinistcha|Sinistcha-Masterpiece, L50|100\/100\n|-heal|p2b: Urshifu|72\/100|[from] ability: Hospitality|[of] p2a: Sinistcha\n|turn|5\n|\n|t:|1720970202\n|move|p2a: Sinistcha|Rage Powder|p2a: Sinistcha\n|-singleturn|p2a: Sinistcha|move: Rage Powder\n|move|p1a: Roaring Moon|Knock Off|p2a: Sinistcha\n|-supereffective|p2a: Sinistcha\n|-damage|p2a: Sinistcha|8\/100\n|-damage|p1a: Roaring Moon|84\/100|[from] item: Rocky Helmet|[of] p2a: Sinistcha\n|-enditem|p2a: Sinistcha|Rocky Helmet|[from] move: Knock Off|[of] p1a: Roaring Moon\n|move|p2b: Urshifu|Close Combat|p1a: Roaring Moon\n|-supereffective|p1a: Roaring Moon\n|-damage|p1a: Roaring Moon|0 fnt\n|-unboost|p2b: Urshifu|def|1\n|-unboost|p2b: Urshifu|spd|1\n|faint|p1a: Roaring Moon\n|-end|p1a: Roaring Moon|Protosynthesis|[silent]\n|\n|win|Krisuerte\n|raw|koji muranishi's rating: 1717 &rarr; <strong>1701<\/strong><br \/>(-16 for losing)\n|raw|Krisuerte's rating: 1794 &rarr; <strong>1810<\/strong><br \/>(+16 for winning)\n|l|\u2606koji muranishi\n|player|p1|\n|l|\u2606Krisuerte\n|player|p2|\n","uploadtime":1720970408,"views":20,"formatid":"gen9vgc2024regg","rating":1701,"private":0,"password":null}