{"id":"gen9vgc2024regg-2160775087","format":"[Gen 9] VGC 2024 Reg G","players":["scooteezy","koji muranishi"],"log":"|j|\u2606scooteezy\n|j|\u2606koji muranishi\n|t:|1720968468\n|gametype|doubles\n|player|p1|scooteezy|red|1645\n|player|p2|koji muranishi|265|1787\n|teamsize|p1|6\n|teamsize|p2|6\n|gen|9\n|tier|[Gen 9] VGC 2024 Reg G\n|rated|\n|rule|Species Clause: Limit one of each Pok\u00e9mon\n|rule|Item Clause: Limit one of each item\n|clearpoke\n|poke|p1|Regidrago, L50|\n|poke|p1|Chi-Yu, L50|\n|poke|p1|Tornadus, L50, M|\n|poke|p1|Urshifu-*, L50, F|\n|poke|p1|Zacian-*, L50|\n|poke|p1|Rillaboom, L50, M|\n|poke|p2|Calyrex-Ice, L50|\n|poke|p2|Kingambit, L50, M|\n|poke|p2|Entei, L50|\n|poke|p2|Whimsicott, L50, M|\n|poke|p2|Torkoal, L50, M|\n|poke|p2|Raging Bolt, L50|\n|teampreview|4\n|inactive|Battle timer is ON: inactive players will automatically lose when time's up. (requested by koji muranishi)\n|\n|t:|1720968504\n|start\n|switch|p1a: Chi-Yu|Chi-Yu, L50|100\/100\n|switch|p1b: Regidrago|Regidrago, L50|100\/100\n|switch|p2a: Entei|Entei, L50|100\/100\n|switch|p2b: Raging Bolt|Raging Bolt, L50|100\/100\n|-ability|p1a: Chi-Yu|Beads of Ruin\n|turn|1\n|inactive|koji muranishi has 30 seconds left.\n|inactive|koji muranishi has 20 seconds left.\n|inactive|koji muranishi has 15 seconds left.\n|\n|t:|1720968545\n|-terastallize|p1b: Regidrago|Ghost\n|move|p2b: Raging Bolt|Protect|p2b: Raging Bolt\n|-singleturn|p2b: Raging Bolt|Protect\n|move|p2a: Entei|Stomping Tantrum|p1a: Chi-Yu\n|-supereffective|p1a: Chi-Yu\n|-damage|p1a: Chi-Yu|49\/100\n|move|p1b: Regidrago|Dragon Energy|p2a: Entei|[spread] p2a\n|-activate|p2b: Raging Bolt|move: Protect\n|-damage|p2a: Entei|0 fnt\n|faint|p2a: Entei\n|move|p1a: Chi-Yu|Dark Pulse|p2b: Raging Bolt\n|-activate|p2b: Raging Bolt|move: Protect\n|\n|upkeep\n|j| ok3rd\n|\n|t:|1720968566\n|switch|p2a: Whimsicott|Whimsicott, L50, M|100\/100\n|turn|2\n|\n|t:|1720968574\n|switch|p1b: Tornadus|Tornadus, L50, M|100\/100\n|move|p2a: Whimsicott|Tailwind|p2a: Whimsicott\n|-sidestart|p2: koji muranishi|move: Tailwind\n|move|p2b: Raging Bolt|Draco Meteor|p1b: Tornadus\n|-enditem|p1b: Tornadus|Focus Sash\n|-damage|p1b: Tornadus|1\/100\n|-unboost|p2b: Raging Bolt|spa|2\n|-damage|p2b: Raging Bolt|91\/100|[from] item: Life Orb\n|move|p1a: Chi-Yu|Heat Wave|p2a: Whimsicott|[spread] p2a,p2b\n|-supereffective|p2a: Whimsicott\n|-resisted|p2b: Raging Bolt\n|-enditem|p2a: Whimsicott|Focus Sash\n|-damage|p2a: Whimsicott|1\/100\n|-damage|p2b: Raging Bolt|73\/100\n|\n|upkeep\n|turn|3\n|inactive|koji muranishi has 30 seconds left.\n|inactive|koji muranishi has 20 seconds left.\n|inactive|koji muranishi has 15 seconds left.\n|\n|t:|1720968616\n|move|p2b: Raging Bolt|Thunderclap|p1a: Chi-Yu\n|-damage|p1a: Chi-Yu|25\/100\n|-damage|p2b: Raging Bolt|64\/100|[from] item: Life Orb\n|move|p1b: Tornadus|Tailwind|p1b: Tornadus\n|-sidestart|p1: scooteezy|move: Tailwind\n|move|p2a: Whimsicott|Moonblast|p1a: Chi-Yu\n|-damage|p1a: Chi-Yu|0 fnt\n|faint|p1a: Chi-Yu\n|\n|upkeep\n|\n|t:|1720968628\n|switch|p1a: Zacian|Zacian-Crowned, L50|100\/100\n|-ability|p1a: Zacian|Intrepid Sword|boost\n|-boost|p1a: Zacian|atk|1\n|turn|4\n|j| rabbihorn\n|inactive|koji muranishi has 30 seconds left.\n|\n|t:|1720968656\n|move|p1b: Tornadus|Rain Dance|p1b: Tornadus\n|-weather|RainDance\n|move|p2b: Raging Bolt|Thunderclap||[still]\n|-fail|p2b: Raging Bolt\n|move|p1a: Zacian|Behemoth Blade|p2a: Whimsicott\n|-supereffective|p2a: Whimsicott\n|-damage|p2a: Whimsicott|0 fnt\n|faint|p2a: Whimsicott\n|\n|-weather|RainDance|[upkeep]\n|upkeep\n|\n|t:|1720968667\n|switch|p2a: Calyrex|Calyrex-Ice, L50|100\/100\n|-ability|p2a: Calyrex|As One\n|-ability|p2a: Calyrex|Unnerve\n|turn|5\n|\n|t:|1720968678\n|move|p1b: Tornadus|Protect|p1b: Tornadus\n|-singleturn|p1b: Tornadus|Protect\n|move|p2b: Raging Bolt|Thunderclap||[still]\n|-fail|p2b: Raging Bolt\n|move|p1a: Zacian|Play Rough|p2b: Raging Bolt|[miss]\n|-miss|p1a: Zacian|p2b: Raging Bolt\n|move|p2a: Calyrex|High Horsepower|p1a: Zacian\n|-supereffective|p1a: Zacian\n|-damage|p1a: Zacian|6\/100\n|\n|-weather|RainDance|[upkeep]\n|-sideend|p2: koji muranishi|move: Tailwind\n|upkeep\n|turn|6\n|inactive|scooteezy has 30 seconds left.\n|inactive|koji muranishi has 30 seconds left.\n|\n|t:|1720968709\n|move|p1b: Tornadus|Protect||[still]\n|-fail|p1b: Tornadus\n|move|p1a: Zacian|Play Rough|p2b: Raging Bolt\n|-supereffective|p2b: Raging Bolt\n|-damage|p2b: Raging Bolt|0 fnt\n|faint|p2b: Raging Bolt\n|-end|p2b: Raging Bolt|Protosynthesis|[silent]\n|move|p2a: Calyrex|High Horsepower|p1a: Zacian\n|-supereffective|p1a: Zacian\n|-damage|p1a: Zacian|0 fnt\n|faint|p1a: Zacian\n|-ability|p2a: Calyrex|Chilling Neigh|boost\n|-boost|p2a: Calyrex|atk|1\n|\n|-weather|RainDance|[upkeep]\n|-sideend|p1: scooteezy|move: Tailwind\n|upkeep\n|\n|t:|1720968712\n|switch|p1a: Regidrago|Regidrago, L50, tera:Ghost|100\/100\n|turn|7\n|\n|t:|1720968727\n|move|p1b: Tornadus|Bleakwind Storm|p2a: Calyrex\n|-damage|p2a: Calyrex|61\/100\n|-unboost|p2a: Calyrex|spe|1\n|move|p1a: Regidrago|Dragon Energy|p2a: Calyrex\n|-damage|p2a: Calyrex|0 fnt\n|faint|p2a: Calyrex\n|\n|win|scooteezy\n|raw|scooteezy's rating: 1645 &rarr; <strong>1673<\/strong><br \/>(+28 for winning)\n|raw|koji muranishi's rating: 1787 &rarr; <strong>1759<\/strong><br \/>(-28 for losing)\n|l|\u2606koji muranishi\n|player|p2|\n|l| ok3rd\n|l|\u2606scooteezy\n|player|p1|\n","uploadtime":1720968734,"views":8,"formatid":"gen9vgc2024regg","rating":1673,"private":0,"password":null}