{"id":"gen9vgc2024regg-2160111597","format":"[Gen 9] VGC 2024 Reg G","players":["koji muranishi","subutan"],"log":"|j|\u2606koji muranishi\n|j|\u2606subutan\n|t:|1720856503\n|gametype|doubles\n|player|p1|koji muranishi|101|1715\n|player|p2|subutan|roughneck-gen4|1760\n|teamsize|p1|6\n|teamsize|p2|6\n|gen|9\n|tier|[Gen 9] VGC 2024 Reg G\n|rated|\n|rule|Species Clause: Limit one of each Pok\u00e9mon\n|rule|Item Clause: Limit one of each item\n|clearpoke\n|poke|p1|Calyrex-Ice, L50|\n|poke|p1|Kingambit, L50, F|\n|poke|p1|Farigiraf, L50, F|\n|poke|p1|Whimsicott, L50, M|\n|poke|p1|Torkoal, L50, M|\n|poke|p1|Raging Bolt, L50|\n|poke|p2|Calyrex-Ice, L50|\n|poke|p2|Toxapex, L50, F|\n|poke|p2|Gouging Fire, L50|\n|poke|p2|Rillaboom, L50, F|\n|poke|p2|Cresselia, L50, F|\n|poke|p2|Ting-Lu, L50|\n|teampreview|4\n|inactive|Battle timer is ON: inactive players will automatically lose when time's up. (requested by subutan)\n|inactive|koji muranishi has 60 seconds left.\n|\n|t:|1720856534\n|start\n|switch|p1a: Whimsicott|Whimsicott, L50, M|100\/100\n|switch|p1b: Calyrex|Calyrex-Ice, L50|100\/100\n|switch|p2a: Calyrex|Calyrex-Ice, L50|100\/100\n|switch|p2b: Toxapex|Toxapex, L50, F|100\/100\n|-ability|p1b: Calyrex|As One\n|-ability|p1b: Calyrex|Unnerve\n|-ability|p2a: Calyrex|As One\n|-ability|p2a: Calyrex|Unnerve\n|turn|1\n|inactive|koji muranishi has 30 seconds left.\n|inactive|koji muranishi has 20 seconds left.\n|inactive|koji muranishi has 15 seconds left.\n|\n|t:|1720856576\n|move|p1a: Whimsicott|Protect|p1a: Whimsicott\n|-singleturn|p1a: Whimsicott|Protect\n|move|p1b: Calyrex|Crunch|p2a: Calyrex\n|-supereffective|p2a: Calyrex\n|-damage|p2a: Calyrex|51\/100\n|move|p2a: Calyrex|Leech Seed|p1b: Calyrex\n|-start|p1b: Calyrex|move: Leech Seed\n|move|p2b: Toxapex|Infestation|p1b: Calyrex\n|-supereffective|p1b: Calyrex\n|-damage|p1b: Calyrex|95\/100\n|-activate|p1b: Calyrex|move: Infestation|[of] p2b: Toxapex\n|\n|-damage|p1b: Calyrex|82\/100|[from] Leech Seed|[of] p2a: Calyrex\n|-heal|p2a: Calyrex|62\/100|[silent]\n|-damage|p1b: Calyrex|70\/100|[from] move: Infestation|[partiallytrapped]\n|upkeep\n|turn|2\n|inactive|koji muranishi has 30 seconds left.\n|inactive|subutan has 30 seconds left.\n|inactive|koji muranishi has 20 seconds left.\n|inactive|subutan has 20 seconds left.\n|inactive|koji muranishi has 15 seconds left.\n|inactive|koji muranishi has 10 seconds left.\n|inactive|koji muranishi has 5 seconds left.\n|\n|t:|1720856631\n|-terastallize|p2a: Calyrex|Fairy\n|move|p1a: Whimsicott|Moonblast|p2b: Toxapex\n|-resisted|p2b: Toxapex\n|-damage|p2b: Toxapex|87\/100\n|-unboost|p2b: Toxapex|spa|1\n|move|p1b: Calyrex|Crunch|p2a: Calyrex\n|-resisted|p2a: Calyrex\n|-damage|p2a: Calyrex|50\/100\n|move|p2a: Calyrex|Glacial Lance|p1a: Whimsicott|[spread] p1a,p1b\n|-supereffective|p1a: Whimsicott\n|-resisted|p1b: Calyrex\n|-enditem|p1a: Whimsicott|Focus Sash\n|-damage|p1a: Whimsicott|1\/100\n|-damage|p1b: Calyrex|51\/100\n|move|p2b: Toxapex|Infestation|p1a: Whimsicott\n|-damage|p1a: Whimsicott|0 fnt\n|faint|p1a: Whimsicott\n|\n|-damage|p1b: Calyrex|39\/100|[from] Leech Seed|[of] p2a: Calyrex\n|-heal|p2a: Calyrex|60\/100|[silent]\n|-damage|p1b: Calyrex|26\/100|[from] move: Infestation|[partiallytrapped]\n|upkeep\n|\n|t:|1720856654\n|switch|p1a: Kingambit|Kingambit, L50, F|100\/100\n|turn|3\n|\n|t:|1720856672\n|move|p2a: Calyrex|Protect|p2a: Calyrex\n|-singleturn|p2a: Calyrex|Protect\n|move|p1b: Calyrex|Crunch|p2b: Toxapex\n|-damage|p2b: Toxapex|54\/100\n|-damage|p1b: Calyrex|10\/100|[from] item: Rocky Helmet|[of] p2b: Toxapex\n|move|p1a: Kingambit|Iron Head|p2a: Calyrex\n|-activate|p2a: Calyrex|move: Protect\n|move|p2b: Toxapex|Infestation|p1a: Kingambit\n|-damage|p1a: Kingambit|99\/100\n|-activate|p1a: Kingambit|move: Infestation|[of] p2b: Toxapex\n|\n|-damage|p1b: Calyrex|0 fnt|[from] Leech Seed|[of] p2a: Calyrex\n|-heal|p2a: Calyrex|68\/100|[silent]\n|faint|p1b: Calyrex\n|-damage|p1a: Kingambit|87\/100|[from] move: Infestation|[partiallytrapped]\n|upkeep\n|\n|t:|1720856689\n|switch|p1b: Raging Bolt|Raging Bolt, L50|100\/100\n|turn|4\n|\n|t:|1720856712\n|switch|p2a: Ting-Lu|Ting-Lu, L50|100\/100\n|-ability|p2a: Ting-Lu|Vessel of Ruin\n|switch|p2b: Gouging Fire|Gouging Fire, L50|100\/100\n|-enditem|p2b: Gouging Fire|Booster Energy\n|-activate|p2b: Gouging Fire|ability: Protosynthesis|[fromitem]\n|-start|p2b: Gouging Fire|protosynthesisspe\n|move|p1b: Raging Bolt|Thunderbolt|p2b: Gouging Fire\n|-resisted|p2b: Gouging Fire\n|-damage|p2b: Gouging Fire|79\/100\n|-damage|p1b: Raging Bolt|91\/100|[from] item: Life Orb\n|move|p1a: Kingambit|Iron Head|p2a: Ting-Lu\n|-damage|p2a: Ting-Lu|73\/100\n|\n|-heal|p2a: Ting-Lu|79\/100|[from] item: Leftovers\n|-end|p1a: Kingambit|Infestation|[partiallytrapped]|[silent]\n|upkeep\n|turn|5\n|inactive|koji muranishi has 30 seconds left.\n|\n|t:|1720856745\n|move|p2b: Gouging Fire|Flare Blitz|p1a: Kingambit\n|-supereffective|p1a: Kingambit\n|-damage|p1a: Kingambit|16\/100\n|-damage|p2b: Gouging Fire|57\/100|[from] Recoil\n|move|p1b: Raging Bolt|Draco Meteor|p2b: Gouging Fire\n|-supereffective|p2b: Gouging Fire\n|-damage|p2b: Gouging Fire|0 fnt\n|-unboost|p1b: Raging Bolt|spa|2\n|faint|p2b: Gouging Fire\n|-end|p2b: Gouging Fire|Protosynthesis|[silent]\n|-damage|p1b: Raging Bolt|81\/100|[from] item: Life Orb\n|move|p1a: Kingambit|Low Kick|p2a: Ting-Lu\n|-supereffective|p2a: Ting-Lu\n|-damage|p2a: Ting-Lu|28\/100\n|move|p2a: Ting-Lu|Sand Tomb|p1b: Raging Bolt\n|-supereffective|p1b: Raging Bolt\n|-damage|p1b: Raging Bolt|56\/100\n|-activate|p1b: Raging Bolt|move: Sand Tomb|[of] p2a: Ting-Lu\n|\n|-heal|p2a: Ting-Lu|34\/100|[from] item: Leftovers\n|-damage|p1b: Raging Bolt|43\/100|[from] move: Sand Tomb|[partiallytrapped]\n|upkeep\n|inactive|subutan has 30 seconds left.\n|\n|t:|1720856780\n|switch|p2b: Calyrex|Calyrex-Ice, L50, tera:Fairy|68\/100\n|-ability|p2b: Calyrex|As One\n|-ability|p2b: Calyrex|Unnerve\n|turn|6\n|\n|t:|1720856798\n|switch|p2b: Toxapex|Toxapex, L50, F|87\/100\n|move|p2a: Ting-Lu|Protect|p2a: Ting-Lu\n|-singleturn|p2a: Ting-Lu|Protect\n|move|p1b: Raging Bolt|Draco Meteor|p2a: Ting-Lu\n|-activate|p2a: Ting-Lu|move: Protect\n|move|p1a: Kingambit|Iron Head|p2b: Toxapex\n|-resisted|p2b: Toxapex\n|-damage|p2b: Toxapex|72\/100\n|-damage|p1a: Kingambit|0 fnt|[from] item: Rocky Helmet|[of] p2b: Toxapex\n|faint|p1a: Kingambit\n|\n|-heal|p2a: Ting-Lu|40\/100|[from] item: Leftovers\n|-damage|p1b: Raging Bolt|31\/100|[from] move: Sand Tomb|[partiallytrapped]\n|upkeep\n|turn|7\n|-message|koji muranishi forfeited.\n|\n|win|subutan\n|raw|koji muranishi's rating: 1715 &rarr; <strong>1698<\/strong><br \/>(-17 for losing)\n|raw|subutan's rating: 1760 &rarr; <strong>1777<\/strong><br \/>(+17 for winning)\n|l|\u2606koji muranishi\n|player|p1|\n","uploadtime":1720856816,"views":26,"formatid":"gen9vgc2024regg","rating":1698,"private":0,"password":null}