{"id":"gen9vgc2024regg-2160589985","format":"[Gen 9] VGC 2024 Reg G","players":["Krisuerte","waiseng"],"log":"|j|\u2606Krisuerte\n|j|\u2606waiseng\n|t:|1720932127\n|gametype|doubles\n|player|p1|Krisuerte|169|1731\n|player|p2|waiseng|169|1698\n|teamsize|p1|6\n|teamsize|p2|6\n|gen|9\n|tier|[Gen 9] VGC 2024 Reg G\n|rated|\n|rule|Species Clause: Limit one of each Pok\u00e9mon\n|rule|Item Clause: Limit one of each item\n|clearpoke\n|poke|p1|Sinistcha-Masterpiece, L50|\n|poke|p1|Kyogre, L50|\n|poke|p1|Tornadus, L50, M|\n|poke|p1|Urshifu-*, L50, F|\n|poke|p1|Archaludon, L50, F|\n|poke|p1|Landorus, L50, M|\n|poke|p2|Chandelure, L50, F|\n|poke|p2|Chien-Pao, L50|\n|poke|p2|Flutter Mane, L50|\n|poke|p2|Moltres-Galar, L50|\n|poke|p2|Rillaboom, L50, M|\n|poke|p2|Zamazenta-*, L50|\n|teampreview|4\n|inactive|Battle timer is ON: inactive players will automatically lose when time's up. (requested by waiseng)\n|\n|t:|1720932160\n|start\n|switch|p1a: Kyogre|Kyogre, L50|100\/100\n|switch|p1b: Tornadus|Tornadus, L50, M|100\/100\n|switch|p2a: Chien-Pao|Chien-Pao, L50|100\/100\n|switch|p2b: Rillaboom|Rillaboom, L50, M|100\/100\n|-ability|p2a: Chien-Pao|Sword of Ruin\n|-fieldstart|move: Grassy Terrain|[from] ability: Grassy Surge|[of] p2b: Rillaboom\n|-weather|RainDance|[from] ability: Drizzle|[of] p1a: Kyogre\n|turn|1\n|inactive|Krisuerte has 30 seconds left.\n|inactive|waiseng has 30 seconds left.\n|inactive|Krisuerte has 20 seconds left.\n|inactive|waiseng has 20 seconds left.\n|inactive|waiseng has 15 seconds left.\n|\n|t:|1720932204\n|-terastallize|p1a: Kyogre|Ghost\n|move|p1b: Tornadus|Tailwind|p1b: Tornadus\n|-sidestart|p1: Krisuerte|move: Tailwind\n|move|p1a: Kyogre|Ice Beam|p2b: Rillaboom\n|-supereffective|p2b: Rillaboom\n|-damage|p2b: Rillaboom|0 fnt\n|faint|p2b: Rillaboom\n|move|p2a: Chien-Pao|Icicle Crash|p1a: Kyogre\n|-damage|p1a: Kyogre|45\/100\n|\n|-weather|RainDance|[upkeep]\n|-heal|p1a: Kyogre|51\/100|[from] Grassy Terrain\n|upkeep\n|\n|t:|1720932229\n|switch|p2b: Flutter Mane|Flutter Mane, L50|100\/100\n|-enditem|p2b: Flutter Mane|Booster Energy\n|-activate|p2b: Flutter Mane|ability: Protosynthesis|[fromitem]\n|-start|p2b: Flutter Mane|protosynthesisspe\n|turn|2\n|\n|t:|1720932242\n|switch|p1a: Urshifu|Urshifu-Rapid-Strike, L50, F|100\/100\n|move|p2a: Chien-Pao|Sucker Punch||[still]\n|-fail|p2a: Chien-Pao\n|move|p2b: Flutter Mane|Icy Wind|p1b: Tornadus|[spread] p1a,p1b\n|-resisted|p1a: Urshifu\n|-supereffective|p1b: Tornadus\n|-damage|p1a: Urshifu|93\/100\n|-damage|p1b: Tornadus|75\/100\n|-unboost|p1a: Urshifu|spe|1\n|move|p1b: Tornadus|Bleakwind Storm|p2a: Chien-Pao|[spread] p2a,p2b\n|-damage|p2a: Chien-Pao|50\/100\n|-damage|p2b: Flutter Mane|68\/100\n|-unboost|p2b: Flutter Mane|spe|1\n|\n|-weather|RainDance|[upkeep]\n|-heal|p2a: Chien-Pao|55\/100|[from] Grassy Terrain\n|-heal|p2b: Flutter Mane|74\/100|[from] Grassy Terrain\n|-heal|p1a: Urshifu|99\/100|[from] Grassy Terrain\n|upkeep\n|turn|3\n|inactive|Krisuerte has 30 seconds left.\n|inactive|waiseng has 30 seconds left.\n|\n|t:|1720932274\n|move|p1a: Urshifu|Aqua Jet|p2a: Chien-Pao\n|-damage|p2a: Chien-Pao|2\/100\n|move|p1b: Tornadus|Bleakwind Storm|p2a: Chien-Pao|[spread] p2a,p2b\n|-damage|p2a: Chien-Pao|0 fnt\n|-damage|p2b: Flutter Mane|45\/100\n|faint|p2a: Chien-Pao\n|move|p2b: Flutter Mane|Thunder Wave|p1a: Urshifu\n|-status|p1a: Urshifu|par\n|\n|-weather|RainDance|[upkeep]\n|-heal|p2b: Flutter Mane|51\/100|[from] Grassy Terrain\n|-heal|p1a: Urshifu|100\/100 par|[from] Grassy Terrain\n|upkeep\n|\n|t:|1720932288\n|switch|p2a: Zamazenta|Zamazenta-Crowned, L50|100\/100\n|-ability|p2a: Zamazenta|Dauntless Shield|boost\n|-boost|p2a: Zamazenta|def|1\n|turn|4\n|\n|t:|1720932313\n|-terastallize|p2a: Zamazenta|Dragon\n|move|p1a: Urshifu|Aqua Jet|p2b: Flutter Mane\n|-damage|p2b: Flutter Mane|0 fnt\n|faint|p2b: Flutter Mane\n|-end|p2b: Flutter Mane|Protosynthesis|[silent]\n|move|p1b: Tornadus|Bleakwind Storm|p2a: Zamazenta\n|-damage|p2a: Zamazenta|67\/100\n|-unboost|p2a: Zamazenta|spe|1\n|move|p2a: Zamazenta|Body Press|p1b: Tornadus\n|-resisted|p1b: Tornadus\n|-damage|p1b: Tornadus|34\/100\n|\n|-weather|RainDance|[upkeep]\n|-heal|p2a: Zamazenta|73\/100|[from] Grassy Terrain\n|-sideend|p1: Krisuerte|move: Tailwind\n|upkeep\n|turn|5\n|\n|t:|1720932331\n|move|p1b: Tornadus|Bleakwind Storm|p2a: Zamazenta\n|-crit|p2a: Zamazenta\n|-damage|p2a: Zamazenta|19\/100\n|move|p2a: Zamazenta|Body Press|p1a: Urshifu\n|-damage|p1a: Urshifu|38\/100 par\n|move|p1a: Urshifu|Surging Strikes|p2a: Zamazenta\n|-resisted|p2a: Zamazenta\n|-crit|p2a: Zamazenta\n|-damage|p2a: Zamazenta|8\/100\n|-resisted|p2a: Zamazenta\n|-crit|p2a: Zamazenta\n|-damage|p2a: Zamazenta|0 fnt\n|faint|p2a: Zamazenta\n|-hitcount|p2: Zamazenta|2\n|\n|win|Krisuerte\n|raw|Krisuerte's rating: 1731 &rarr; <strong>1749<\/strong><br \/>(+18 for winning)\n|raw|waiseng's rating: 1698 &rarr; <strong>1680<\/strong><br \/>(-18 for losing)\n|l|\u2606waiseng\n|player|p2|\n|l|\u2606Krisuerte\n|player|p1|\n","uploadtime":1720932529,"views":5,"formatid":"gen9vgc2024regg","rating":1680,"private":0,"password":null}