{"id":"gen9vgc2024regg-2160649478","format":"[Gen 9] VGC 2024 Reg G","players":["nerd159","koji muranishi"],"log":"|j|\u2606nerd159\n|j|\u2606koji muranishi\n|t:|1720944644\n|gametype|doubles\n|player|p1|nerd159|102|1844\n|player|p2|koji muranishi|265|1743\n|teamsize|p1|6\n|teamsize|p2|6\n|gen|9\n|tier|[Gen 9] VGC 2024 Reg G\n|rated|\n|rule|Species Clause: Limit one of each Pok\u00e9mon\n|rule|Item Clause: Limit one of each item\n|clearpoke\n|poke|p1|Groudon, L50|\n|poke|p1|Skeledirge, L50, M|\n|poke|p1|Raging Bolt, L50|\n|poke|p1|Flutter Mane, L50|\n|poke|p1|Rillaboom, L50, M|\n|poke|p1|Incineroar, L50, F|\n|poke|p2|Calyrex-Ice, L50|\n|poke|p2|Kingambit, L50, F|\n|poke|p2|Entei, L50|\n|poke|p2|Whimsicott, L50, M|\n|poke|p2|Torkoal, L50, F|\n|poke|p2|Raging Bolt, L50|\n|teampreview|4\n|inactive|Battle timer is ON: inactive players will automatically lose when time's up. (requested by nerd159)\n|\n|t:|1720944674\n|start\n|switch|p1a: Groudon|Groudon, L50|100\/100\n|switch|p1b: Flutter Mane|Flutter Mane, L50|100\/100\n|switch|p2a: Whimsicott|Whimsicott, L50, M|100\/100\n|switch|p2b: Entei|Entei, L50|100\/100\n|-weather|SunnyDay|[from] ability: Drought|[of] p1a: Groudon\n|-activate|p1b: Flutter Mane|ability: Protosynthesis\n|-start|p1b: Flutter Mane|protosynthesisspe\n|turn|1\n|\n|t:|1720944689\n|-end|p1b: Flutter Mane|Protosynthesis|[silent]\n|switch|p1b: Incineroar|Incineroar, L50, F|100\/100\n|-ability|p1b: Incineroar|Intimidate|boost\n|-unboost|p2a: Whimsicott|atk|1\n|-fail|p2b: Entei|unboost|Attack|[from] ability: Inner Focus|[of] p2b: Entei\n|-terastallize|p1a: Groudon|Fire\n|move|p2a: Whimsicott|Tailwind|p2a: Whimsicott\n|-sidestart|p2: koji muranishi|move: Tailwind\n|move|p2b: Entei|Sacred Fire|p1b: Incineroar\n|-resisted|p1b: Incineroar\n|-damage|p1b: Incineroar|68\/100\n|move|p1a: Groudon|Precipice Blades|p2a: Whimsicott|[spread] p2b\n|-miss|p1a: Groudon|p2a: Whimsicott\n|-supereffective|p2b: Entei\n|-damage|p2b: Entei|0 fnt\n|faint|p2b: Entei\n|\n|-weather|SunnyDay|[upkeep]\n|upkeep\n|inactive|koji muranishi has 30 seconds left.\n|\n|t:|1720944717\n|switch|p2b: Raging Bolt|Raging Bolt, L50|100\/100\n|-activate|p2b: Raging Bolt|ability: Protosynthesis\n|-start|p2b: Raging Bolt|protosynthesisspa\n|turn|2\n|\n|t:|1720944727\n|move|p2a: Whimsicott|Protect|p2a: Whimsicott\n|-singleturn|p2a: Whimsicott|Protect\n|move|p2b: Raging Bolt|Protect|p2b: Raging Bolt\n|-singleturn|p2b: Raging Bolt|Protect\n|move|p1b: Incineroar|Fake Out|p2b: Raging Bolt\n|-activate|p2b: Raging Bolt|move: Protect\n|move|p1a: Groudon|Precipice Blades|p2a: Whimsicott|[spread] \n|-activate|p2a: Whimsicott|move: Protect\n|-activate|p2b: Raging Bolt|move: Protect\n|\n|-weather|SunnyDay|[upkeep]\n|upkeep\n|turn|3\n|\n|t:|1720944746\n|-terastallize|p2b: Raging Bolt|Electric\n|move|p2a: Whimsicott|Moonblast|p1a: Groudon\n|-resisted|p1a: Groudon\n|-damage|p1a: Groudon|81\/100\n|move|p2b: Raging Bolt|Thunderbolt|p1a: Groudon\n|-damage|p1a: Groudon|0 fnt\n|faint|p1a: Groudon\n|-damage|p2b: Raging Bolt|91\/100|[from] item: Life Orb\n|move|p1b: Incineroar|Taunt|p2a: Whimsicott\n|-start|p2a: Whimsicott|move: Taunt\n|\n|-weather|SunnyDay|[upkeep]\n|upkeep\n|\n|t:|1720944755\n|switch|p1a: Flutter Mane|Flutter Mane, L50|100\/100\n|-activate|p1a: Flutter Mane|ability: Protosynthesis\n|-start|p1a: Flutter Mane|protosynthesisspe\n|turn|4\n|inactive|koji muranishi has 30 seconds left.\n|\n|t:|1720944783\n|move|p2a: Whimsicott|Moonblast|p1b: Incineroar\n|-damage|p1b: Incineroar|38\/100\n|move|p1a: Flutter Mane|Moonblast|p2b: Raging Bolt\n|-damage|p2b: Raging Bolt|51\/100\n|move|p2b: Raging Bolt|Thunderbolt|p1b: Incineroar\n|-damage|p1b: Incineroar|0 fnt\n|faint|p1b: Incineroar\n|-damage|p2b: Raging Bolt|41\/100|[from] item: Life Orb\n|\n|-weather|SunnyDay|[upkeep]\n|-sideend|p2: koji muranishi|move: Tailwind\n|upkeep\n|\n|t:|1720944790\n|switch|p1b: Skeledirge|Skeledirge, L50, M|100\/100\n|turn|5\n|inactive|koji muranishi has 30 seconds left.\n|inactive|koji muranishi has 20 seconds left.\n|inactive|koji muranishi has 15 seconds left.\n|\n|t:|1720944834\n|move|p1a: Flutter Mane|Icy Wind|p2b: Raging Bolt|[spread] p2a,p2b\n|-supereffective|p2a: Whimsicott\n|-damage|p2a: Whimsicott|53\/100\n|-damage|p2b: Raging Bolt|30\/100\n|-unboost|p2a: Whimsicott|spe|1\n|-unboost|p2b: Raging Bolt|spe|1\n|move|p2a: Whimsicott|Moonblast|p1a: Flutter Mane\n|-damage|p1a: Flutter Mane|63\/100\n|move|p1b: Skeledirge|Torch Song|p2b: Raging Bolt\n|-damage|p2b: Raging Bolt|0 fnt\n|-boost|p1b: Skeledirge|spa|1\n|faint|p2b: Raging Bolt\n|-end|p2b: Raging Bolt|Protosynthesis|[silent]\n|\n|-weather|none\n|-end|p1a: Flutter Mane|Protosynthesis\n|upkeep\n|\n|t:|1720944849\n|switch|p2b: Calyrex|Calyrex-Ice, L50|100\/100\n|-ability|p2b: Calyrex|As One\n|-ability|p2b: Calyrex|Unnerve\n|turn|6\n|\n|t:|1720944862\n|move|p1a: Flutter Mane|Moonblast|p2a: Whimsicott\n|-damage|p2a: Whimsicott|0 fnt\n|faint|p2a: Whimsicott\n|move|p2b: Calyrex|Crunch|p1b: Skeledirge\n|-supereffective|p1b: Skeledirge\n|-crit|p1b: Skeledirge\n|-damage|p1b: Skeledirge|0 fnt\n|faint|p1b: Skeledirge\n|-ability|p2b: Calyrex|Chilling Neigh|boost\n|-boost|p2b: Calyrex|atk|1\n|\n|upkeep\n|turn|7\n|c|\u2606nerd159|Come on\n|\n|t:|1720944875\n|move|p1a: Flutter Mane|Shadow Ball|p2b: Calyrex\n|-supereffective|p2b: Calyrex\n|-damage|p2b: Calyrex|24\/100\n|move|p2b: Calyrex|Crunch|p1a: Flutter Mane\n|-damage|p1a: Flutter Mane|0 fnt\n|faint|p1a: Flutter Mane\n|-end|p1a: Flutter Mane|Protosynthesis|[silent]\n|\n|win|koji muranishi\n|raw|nerd159's rating: 1844 &rarr; <strong>1818<\/strong><br \/>(-26 for losing)\n|raw|koji muranishi's rating: 1743 &rarr; <strong>1769<\/strong><br \/>(+26 for winning)\n|l|\u2606koji muranishi\n|player|p2|\n","uploadtime":1720945026,"views":98,"formatid":"gen9vgc2024regg","rating":1769,"private":0,"password":null}