{"id":"gen9vgc2024regg-2160290583","format":"[Gen 9] VGC 2024 Reg G","players":["JOEYISAMAZING","Zenchaos"],"log":"|j|\u2606JOEYISAMAZING\n|j|\u2606Zenchaos\n|t:|1720888253\n|gametype|doubles\n|player|p1|JOEYISAMAZING|102|1765\n|player|p2|Zenchaos|101|1801\n|teamsize|p1|6\n|teamsize|p2|6\n|gen|9\n|tier|[Gen 9] VGC 2024 Reg G\n|rated|\n|rule|Species Clause: Limit one of each Pok\u00e9mon\n|rule|Item Clause: Limit one of each item\n|clearpoke\n|poke|p1|Zamazenta-*, L50|\n|poke|p1|Chien-Pao, L50|\n|poke|p1|Rillaboom, L50, M|\n|poke|p1|Incineroar, L50, F|\n|poke|p1|Pelipper, L50, M|\n|poke|p1|Flutter Mane, L50|\n|poke|p2|Incineroar, L50, M|\n|poke|p2|Rillaboom, L50, F|\n|poke|p2|Calyrex-Ice, L50|\n|poke|p2|Urshifu-*, L50, M|\n|poke|p2|Pelipper, L50, M|\n|poke|p2|Raging Bolt, L50|\n|teampreview|4\n|inactive|Battle timer is ON: inactive players will automatically lose when time's up. (requested by JOEYISAMAZING)\n|inactive|JOEYISAMAZING has 60 seconds left.\n|inactive|Zenchaos has 60 seconds left.\n|inactive|Zenchaos has 30 seconds left.\n|inactive|Zenchaos has 20 seconds left.\n|inactive|Zenchaos has 15 seconds left.\n|j| sbld\n|inactive|Zenchaos has 10 seconds left.\n|inactive|Zenchaos has 5 seconds left.\n|\n|t:|1720888342\n|start\n|switch|p1a: Zamazenta|Zamazenta-Crowned, L50|100\/100\n|switch|p1b: Chien-Pao|Chien-Pao, L50|100\/100\n|switch|p2a: Incineroar|Incineroar, L50, M, shiny|100\/100\n|switch|p2b: Urshifu|Urshifu-Rapid-Strike, L50, M|100\/100\n|-ability|p1b: Chien-Pao|Sword of Ruin\n|-ability|p1a: Zamazenta|Dauntless Shield|boost\n|-boost|p1a: Zamazenta|def|1\n|-ability|p2a: Incineroar|Intimidate|boost\n|-unboost|p1a: Zamazenta|atk|1\n|-unboost|p1b: Chien-Pao|atk|1\n|turn|1\n|inactive|JOEYISAMAZING has 30 seconds left.\n|inactive|Zenchaos has 30 seconds left.\n|\n|t:|1720888374\n|switch|p1b: Pelipper|Pelipper, L50, M|100\/100\n|-weather|RainDance|[from] ability: Drizzle|[of] p1b: Pelipper\n|-terastallize|p1a: Zamazenta|Grass\n|move|p2a: Incineroar|Fake Out|p1a: Zamazenta\n|-crit|p1a: Zamazenta\n|-damage|p1a: Zamazenta|90\/100\n|move|p2b: Urshifu|Close Combat|p1a: Zamazenta\n|-damage|p1a: Zamazenta|64\/100\n|-unboost|p2b: Urshifu|def|1\n|-unboost|p2b: Urshifu|spd|1\n|cant|p1a: Zamazenta|flinch\n|\n|-weather|RainDance|[upkeep]\n|upkeep\n|turn|2\n|inactive|Zenchaos has 30 seconds left.\n|inactive|Zenchaos has 20 seconds left.\n|inactive|Zenchaos has 15 seconds left.\n|\n|t:|1720888415\n|switch|p2b: Pelipper|Pelipper, L50, M, shiny|100\/100\n|move|p1a: Zamazenta|Iron Defense|p1a: Zamazenta\n|-boost|p1a: Zamazenta|def|2\n|move|p1b: Pelipper|Weather Ball|p2a: Incineroar\n|-supereffective|p2a: Incineroar\n|-damage|p2a: Incineroar|0 fnt\n|faint|p2a: Incineroar\n|\n|-weather|RainDance|[upkeep]\n|upkeep\n|\n|t:|1720888418\n|switch|p2a: Calyrex|Calyrex-Ice, L50|100\/100\n|-ability|p2a: Calyrex|As One\n|-ability|p2a: Calyrex|Unnerve\n|turn|3\n|inactive|JOEYISAMAZING has 30 seconds left.\n|inactive|JOEYISAMAZING has 20 seconds left.\n|inactive|JOEYISAMAZING has 15 seconds left.\n|inactive|JOEYISAMAZING has 10 seconds left.\n|inactive|JOEYISAMAZING has 5 seconds left.\n|\n|t:|1720888472\n|move|p1a: Zamazenta|Protect|p1a: Zamazenta\n|-singleturn|p1a: Zamazenta|Protect\n|move|p2b: Pelipper|Hurricane|p1a: Zamazenta\n|-activate|p1a: Zamazenta|move: Protect\n|move|p1b: Pelipper|Hurricane|p2b: Pelipper\n|-damage|p2b: Pelipper|24\/100\n|move|p2a: Calyrex|Glacial Lance|p1b: Pelipper|[spread] p1b\n|-activate|p1a: Zamazenta|move: Protect\n|-damage|p1b: Pelipper|45\/100\n|\n|-weather|RainDance|[upkeep]\n|upkeep\n|turn|4\n|\n|t:|1720888490\n|switch|p2a: Urshifu|Urshifu-Rapid-Strike, L50, M|100\/100\n|move|p2b: Pelipper|Protect|p2b: Pelipper\n|-singleturn|p2b: Pelipper|Protect\n|move|p1b: Pelipper|Wide Guard|p1b: Pelipper\n|-singleturn|p1b: Pelipper|Wide Guard\n|move|p1a: Zamazenta|Body Press|p2b: Pelipper\n|-activate|p2b: Pelipper|move: Protect\n|\n|-weather|RainDance|[upkeep]\n|upkeep\n|turn|5\n|\n|t:|1720888504\n|-terastallize|p2b: Pelipper|Ghost\n|move|p2a: Urshifu|Surging Strikes|p1b: Pelipper\n|-resisted|p1b: Pelipper\n|-crit|p1b: Pelipper\n|-damage|p1b: Pelipper|27\/100\n|-damage|p2a: Urshifu|84\/100|[from] item: Rocky Helmet|[of] p1b: Pelipper\n|-resisted|p1b: Pelipper\n|-crit|p1b: Pelipper\n|-damage|p1b: Pelipper|11\/100\n|-damage|p2a: Urshifu|68\/100|[from] item: Rocky Helmet|[of] p1b: Pelipper\n|-resisted|p1b: Pelipper\n|-crit|p1b: Pelipper\n|-damage|p1b: Pelipper|0 fnt\n|-damage|p2a: Urshifu|51\/100|[from] item: Rocky Helmet|[of] p1b: Pelipper\n|faint|p1b: Pelipper\n|-hitcount|p1: Pelipper|3\n|move|p1a: Zamazenta|Body Press|p2b: Pelipper\n|-immune|p2b: Pelipper\n|move|p2b: Pelipper|Hurricane|p1a: Zamazenta\n|-supereffective|p1a: Zamazenta\n|-damage|p1a: Zamazenta|0 fnt\n|faint|p1a: Zamazenta\n|\n|-weather|none\n|upkeep\n|\n|t:|1720888519\n|switch|p1a: Incineroar|Incineroar, L50, F|100\/100\n|switch|p1b: Chien-Pao|Chien-Pao, L50|100\/100\n|-ability|p1b: Chien-Pao|Sword of Ruin\n|-ability|p1a: Incineroar|Intimidate|boost\n|-unboost|p2a: Urshifu|atk|1\n|-unboost|p2b: Pelipper|atk|1\n|turn|6\n|inactive|JOEYISAMAZING has 30 seconds left.\n|\n|t:|1720888545\n|switch|p2a: Calyrex|Calyrex-Ice, L50|100\/100\n|-ability|p2a: Calyrex|As One\n|-ability|p2a: Calyrex|Unnerve\n|move|p1a: Incineroar|Fake Out|p2a: Calyrex\n|-damage|p2a: Calyrex|91\/100\n|move|p1b: Chien-Pao|Throat Chop|p2a: Calyrex\n|-supereffective|p2a: Calyrex\n|-damage|p2a: Calyrex|25\/100\n|-start|p2a: Calyrex|Throat Chop|[silent]\n|move|p2b: Pelipper|Weather Ball|p1b: Chien-Pao\n|-damage|p1b: Chien-Pao|77\/100\n|\n|upkeep\n|turn|7\n|\n|t:|1720888568\n|move|p1b: Chien-Pao|Protect|p1b: Chien-Pao\n|-singleturn|p1b: Chien-Pao|Protect\n|move|p2b: Pelipper|Weather Ball|p1b: Chien-Pao\n|-activate|p1b: Chien-Pao|move: Protect\n|move|p1a: Incineroar|Knock Off|p2a: Calyrex\n|-supereffective|p2a: Calyrex\n|-damage|p2a: Calyrex|0 fnt\n|-enditem|p2a: Calyrex|Clear Amulet|[from] move: Knock Off|[of] p1a: Incineroar\n|faint|p2a: Calyrex\n|\n|upkeep\n|\n|t:|1720888571\n|switch|p2a: Urshifu|Urshifu-Rapid-Strike, L50, M|51\/100\n|turn|8\n|\n|t:|1720888591\n|move|p1b: Chien-Pao|Sucker Punch|p2a: Urshifu\n|-resisted|p2a: Urshifu\n|-damage|p2a: Urshifu|24\/100\n|move|p2a: Urshifu|Surging Strikes|p1a: Incineroar\n|-supereffective|p1a: Incineroar\n|-crit|p1a: Incineroar\n|-damage|p1a: Incineroar|50\/100\n|-enditem|p1a: Incineroar|Sitrus Berry|[eat]\n|-heal|p1a: Incineroar|75\/100|[from] item: Sitrus Berry\n|-supereffective|p1a: Incineroar\n|-crit|p1a: Incineroar\n|-damage|p1a: Incineroar|21\/100\n|-supereffective|p1a: Incineroar\n|-crit|p1a: Incineroar\n|-damage|p1a: Incineroar|0 fnt\n|faint|p1a: Incineroar\n|-hitcount|p1: Incineroar|3\n|move|p2b: Pelipper|Hurricane|p1b: Chien-Pao\n|-damage|p1b: Chien-Pao|0 fnt\n|faint|p1b: Chien-Pao\n|\n|win|Zenchaos\n|raw|JOEYISAMAZING's rating: 1765 &rarr; <strong>1747<\/strong><br \/>(-18 for losing)\n|raw|Zenchaos's rating: 1801 &rarr; <strong>1819<\/strong><br \/>(+18 for winning)\n|l|\u2606JOEYISAMAZING\n|player|p1|\n|l| sbld\n|l|\u2606Zenchaos\n|player|p2|\n","uploadtime":1720888802,"views":38,"formatid":"gen9vgc2024regg","rating":1747,"private":0,"password":null}