{"id":"gen9vgc2024regg-2160292084","format":"[Gen 9] VGC 2024 Reg G","players":["greenlightdmp","Phononmode"],"log":"|j|\u2606greenlightdmp\n|j|\u2606Phononmode\n|t:|1720888448\n|gametype|doubles\n|player|p1|greenlightdmp|170|1725\n|player|p2|Phononmode|266|1757\n|teamsize|p1|6\n|teamsize|p2|6\n|gen|9\n|tier|[Gen 9] VGC 2024 Reg G\n|rated|\n|rule|Species Clause: Limit one of each Pok\u00e9mon\n|rule|Item Clause: Limit one of each item\n|clearpoke\n|poke|p1|Calyrex-Ice, L50|\n|poke|p1|Smeargle, L50, F|\n|poke|p1|Ursaluna-Bloodmoon, L50, M|\n|poke|p1|Indeedee-F, L50, F|\n|poke|p1|Amoonguss, L50, M|\n|poke|p1|Raging Bolt, L50|\n|poke|p2|Calyrex-Ice, L50|\n|poke|p2|Rillaboom, L50, F|\n|poke|p2|Ting-Lu, L50|\n|poke|p2|Skeledirge, L50, F|\n|poke|p2|Raging Bolt, L50|\n|poke|p2|Pelipper, L50, F|\n|teampreview|4\nPhononmode has agreed to open team sheets.\n|inactive|Battle timer is ON: inactive players will automatically lose when time's up. (requested by Phononmode)\n|inactive|greenlightdmp has 60 seconds left.\n|inactive|Phononmode has 60 seconds left.\n|\n|t:|1720888495\n|start\n|switch|p1a: Calyrex|Calyrex-Ice, L50|100\/100\n|switch|p1b: Bettina|Indeedee-F, L50, F|100\/100\n|switch|p2a: Skeledirge|Skeledirge, L50, F|100\/100\n|switch|p2b: Calyrex|Calyrex-Ice, L50|100\/100\n|-ability|p1a: Calyrex|As One\n|-ability|p1a: Calyrex|Unnerve\n|-ability|p2b: Calyrex|As One\n|-ability|p2b: Calyrex|Unnerve\n|-fieldstart|move: Psychic Terrain|[from] ability: Psychic Surge|[of] p1b: Bettina\n|turn|1\n|inactive|greenlightdmp has 30 seconds left.\n|inactive|greenlightdmp has 20 seconds left.\n|\n|t:|1720888533\n|move|p1b: Bettina|Follow Me|p1b: Bettina\n|-singleturn|p1b: Bettina|move: Follow Me\n|move|p2a: Skeledirge|Will-O-Wisp|p1b: Bettina\n|-status|p1b: Bettina|brn\n|move|p1a: Calyrex|Glacial Lance|p2b: Calyrex|[spread] p2a,p2b\n|-resisted|p2a: Skeledirge\n|-resisted|p2b: Calyrex\n|-damage|p2a: Skeledirge|80\/100\n|-damage|p2b: Calyrex|84\/100\n|move|p2b: Calyrex|Glacial Lance|p1b: Bettina|[spread] p1a,p1b\n|-resisted|p1a: Calyrex\n|-damage|p1a: Calyrex|81\/100\n|-damage|p1b: Bettina|38\/100 brn\n|\n|-damage|p1b: Bettina|32\/100 brn|[from] brn\n|upkeep\n|turn|2\n|\n|t:|1720888551\n|move|p1b: Bettina|Follow Me|p1b: Bettina\n|-singleturn|p1b: Bettina|move: Follow Me\n|move|p2a: Skeledirge|Slack Off|p2a: Skeledirge\n|-heal|p2a: Skeledirge|100\/100\n|move|p1a: Calyrex|Glacial Lance|p2a: Skeledirge|[spread] p2a,p2b\n|-resisted|p2a: Skeledirge\n|-resisted|p2b: Calyrex\n|-damage|p2a: Skeledirge|80\/100\n|-damage|p2b: Calyrex|64\/100\n|move|p2b: Calyrex|Glacial Lance|p1a: Calyrex|[spread] p1a,p1b\n|-resisted|p1a: Calyrex\n|-crit|p1a: Calyrex\n|-damage|p1a: Calyrex|55\/100\n|-damage|p1b: Bettina|0 fnt\n|faint|p1b: Bettina\n|-ability|p2b: Calyrex|Chilling Neigh|boost\n|-boost|p2b: Calyrex|atk|1\n|\n|upkeep\n|\n|t:|1720888568\n|switch|p1b: Ursaluna|Ursaluna-Bloodmoon, L50, M|100\/100\n|turn|3\n|\n|t:|1720888590\n|switch|p2a: Ting-Lu|Ting-Lu, L50|100\/100\n|-ability|p2a: Ting-Lu|Vessel of Ruin\n|-terastallize|p1b: Ursaluna|Normal\n|move|p1a: Calyrex|Protect|p1a: Calyrex\n|-singleturn|p1a: Calyrex|Protect\n|move|p1b: Ursaluna|Blood Moon|p2b: Calyrex\n|-damage|p2b: Calyrex|0 fnt\n|faint|p2b: Calyrex\n|-damage|p1b: Ursaluna|91\/100|[from] item: Life Orb\n|\n|upkeep\n|\n|t:|1720888600\n|switch|p2b: Rillaboom|Rillaboom, L50, F|100\/100\n|-fieldstart|move: Grassy Terrain|[from] ability: Grassy Surge|[of] p2b: Rillaboom\n|turn|4\n|\n|t:|1720888615\n|switch|p1b: Amoonguss|Amoonguss, L50, M|100\/100\n|-terastallize|p2b: Rillaboom|Grass\n|move|p1a: Calyrex|Protect|p1a: Calyrex\n|-singleturn|p1a: Calyrex|Protect\n|move|p2b: Rillaboom|Wood Hammer|p1a: Calyrex\n|-activate|p1a: Calyrex|move: Protect\n|move|p2a: Ting-Lu|Payback|p1b: Amoonguss\n|-damage|p1b: Amoonguss|82\/100\n|-damage|p2a: Ting-Lu|84\/100|[from] item: Rocky Helmet|[of] p1b: Amoonguss\n|\n|-heal|p1a: Calyrex|61\/100|[from] Grassy Terrain\n|-heal|p2a: Ting-Lu|90\/100|[from] Grassy Terrain\n|-heal|p1b: Amoonguss|88\/100|[from] Grassy Terrain\n|upkeep\n|turn|5\n|j| sbld\n|inactive|greenlightdmp has 30 seconds left.\n|inactive|greenlightdmp has 20 seconds left.\n|\n|t:|1720888651\n|switch|p1a: Ursaluna|Ursaluna-Bloodmoon, L50, M, tera:Normal|91\/100\n|move|p2b: Rillaboom|Wood Hammer|p1a: Ursaluna\n|-damage|p1a: Ursaluna|0 fnt\n|faint|p1a: Ursaluna\n|-damage|p2b: Rillaboom|69\/100|[from] Recoil\n|move|p2a: Ting-Lu|Stomping Tantrum|p1b: Amoonguss\n|-damage|p1b: Amoonguss|60\/100\n|-damage|p2a: Ting-Lu|74\/100|[from] item: Rocky Helmet|[of] p1b: Amoonguss\n|move|p1b: Amoonguss|Pollen Puff|p2b: Rillaboom\n|-supereffective|p2b: Rillaboom\n|-damage|p2b: Rillaboom|36\/100\n|\n|-heal|p2b: Rillaboom|42\/100|[from] Grassy Terrain\n|-heal|p2a: Ting-Lu|80\/100|[from] Grassy Terrain\n|-heal|p1b: Amoonguss|66\/100|[from] Grassy Terrain\n|upkeep\n|\n|t:|1720888671\n|switch|p1a: Calyrex|Calyrex-Ice, L50|61\/100\n|-ability|p1a: Calyrex|As One\n|-ability|p1a: Calyrex|Unnerve\n|turn|6\n|\n|t:|1720888682\n|move|p1a: Calyrex|Protect|p1a: Calyrex\n|-singleturn|p1a: Calyrex|Protect\n|move|p2b: Rillaboom|Wood Hammer|p1a: Calyrex\n|-activate|p1a: Calyrex|move: Protect\n|move|p2a: Ting-Lu|Stomping Tantrum|p1b: Amoonguss\n|-damage|p1b: Amoonguss|37\/100\n|-damage|p2a: Ting-Lu|63\/100|[from] item: Rocky Helmet|[of] p1b: Amoonguss\n|move|p1b: Amoonguss|Clear Smog|p2b: Rillaboom\n|-supereffective|p2b: Rillaboom\n|-damage|p2b: Rillaboom|16\/100\n|-clearboost|p2b: Rillaboom\n|\n|-heal|p2b: Rillaboom|22\/100|[from] Grassy Terrain\n|-heal|p1a: Calyrex|67\/100|[from] Grassy Terrain\n|-heal|p2a: Ting-Lu|70\/100|[from] Grassy Terrain\n|-heal|p1b: Amoonguss|43\/100|[from] Grassy Terrain\n|upkeep\n|turn|7\n|\n|t:|1720888705\n|move|p2b: Rillaboom|Wood Hammer|p1a: Calyrex\n|-damage|p1a: Calyrex|0 fnt\n|faint|p1a: Calyrex\n|-damage|p2b: Rillaboom|0 fnt|[from] Recoil\n|faint|p2b: Rillaboom\n|move|p2a: Ting-Lu|Payback|p1b: Amoonguss\n|-damage|p1b: Amoonguss|25\/100\n|-damage|p2a: Ting-Lu|53\/100|[from] item: Rocky Helmet|[of] p1b: Amoonguss\n|move|p1b: Amoonguss|Pollen Puff|p1: Calyrex|[notarget]\n|-fail|p1b: Amoonguss\n|\n|-heal|p2a: Ting-Lu|59\/100|[from] Grassy Terrain\n|-heal|p1b: Amoonguss|31\/100|[from] Grassy Terrain\n|upkeep\n|\n|t:|1720888708\n|switch|p2b: Skeledirge|Skeledirge, L50, F|80\/100\n|turn|8\n|-message|greenlightdmp forfeited.\n|\n|win|Phononmode\n|raw|greenlightdmp's rating: 1725 &rarr; <strong>1707<\/strong><br \/>(-18 for losing)\n|raw|Phononmode's rating: 1757 &rarr; <strong>1775<\/strong><br \/>(+18 for winning)\n|l|\u2606greenlightdmp\n|player|p1|\n|l|\u2606Phononmode\n|player|p2|\n|l| sbld\n","uploadtime":1720888940,"views":29,"formatid":"gen9vgc2024regg","rating":1707,"private":0,"password":null}