{"id":"gen9vgc2024regg-2160335224","format":"[Gen 9] VGC 2024 Reg G","players":["greenlightdmp","zonavideovigilada"],"log":"|j|\u2606greenlightdmp\n|j|\u2606zonavideovigilada\n|t:|1720894218\n|gametype|doubles\n|player|p1|greenlightdmp|170|1684\n|player|p2|zonavideovigilada|170|1741\n|teamsize|p1|6\n|teamsize|p2|6\n|gen|9\n|tier|[Gen 9] VGC 2024 Reg G\n|rated|\n|rule|Species Clause: Limit one of each Pok\u00e9mon\n|rule|Item Clause: Limit one of each item\n|clearpoke\n|poke|p1|Calyrex-Ice, L50|\n|poke|p1|Smeargle, L50, F|\n|poke|p1|Ursaluna-Bloodmoon, L50, M|\n|poke|p1|Indeedee-F, L50, F|\n|poke|p1|Amoonguss, L50, M|\n|poke|p1|Raging Bolt, L50|\n|poke|p2|Zamazenta-*, L50|\n|poke|p2|Amoonguss, L50, F|\n|poke|p2|Pelipper, L50, F|\n|poke|p2|Urshifu-*, L50, F|\n|poke|p2|Ting-Lu, L50|\n|poke|p2|Chien-Pao, L50|\n|teampreview|4\n|inactive|Battle timer is ON: inactive players will automatically lose when time's up. (requested by greenlightdmp)\n|\n|t:|1720894249\n|start\n|switch|p1a: Amoonguss|Amoonguss, L50, M|100\/100\n|switch|p1b: Bettina|Indeedee-F, L50, F|100\/100\n|switch|p2a: Chien-Pao|Chien-Pao, L50|100\/100\n|switch|p2b: Urshifu|Urshifu-Rapid-Strike, L50, F|100\/100\n|-ability|p2a: Chien-Pao|Sword of Ruin\n|-fieldstart|move: Psychic Terrain|[from] ability: Psychic Surge|[of] p1b: Bettina\n|turn|1\n|inactive|greenlightdmp has 30 seconds left.\n|inactive|greenlightdmp has 20 seconds left.\n|\n|t:|1720894285\n|move|p1a: Amoonguss|Rage Powder|p1a: Amoonguss\n|-singleturn|p1a: Amoonguss|move: Rage Powder\n|move|p2b: Urshifu|U-turn|p1a: Amoonguss\n|-damage|p1a: Amoonguss|78\/100\n|-damage|p2b: Urshifu|84\/100|[from] item: Rocky Helmet|[of] p1a: Amoonguss\n|\n|t:|1720894293\n|switch|p2b: Amoonguss|Amoonguss, L50, F|100\/100|[from] U-turn\n|move|p2a: Chien-Pao|Crunch|p1a: Amoonguss\n|-damage|p1a: Amoonguss|41\/100\n|-damage|p2a: Chien-Pao|84\/100|[from] item: Rocky Helmet|[of] p1a: Amoonguss\n|move|p1b: Bettina|Trick Room|p1b: Bettina\n|-fieldstart|move: Trick Room|[of] p1b: Bettina\n|\n|upkeep\n|turn|2\n|\n|t:|1720894310\n|move|p2b: Amoonguss|Protect|p2b: Amoonguss\n|-singleturn|p2b: Amoonguss|Protect\n|move|p2a: Chien-Pao|Protect|p2a: Chien-Pao\n|-singleturn|p2a: Chien-Pao|Protect\n|move|p1a: Amoonguss|Spore|p2a: Chien-Pao\n|-activate|p2a: Chien-Pao|move: Protect\n|move|p1b: Bettina|Dazzling Gleam|p2b: Amoonguss|[spread] \n|-activate|p2a: Chien-Pao|move: Protect\n|-activate|p2b: Amoonguss|move: Protect\n|\n|upkeep\n|turn|3\n|\n|t:|1720894334\n|move|p1a: Amoonguss|Spore|p2a: Chien-Pao\n|-status|p2a: Chien-Pao|slp|[from] move: Spore\n|move|p2b: Amoonguss|Spore|p1b: Bettina\n|-activate|p1b: Bettina|item: Safety Goggles|Spore\n|move|p1b: Bettina|Dazzling Gleam|p2b: Amoonguss|[spread] p2a,p2b\n|-supereffective|p2a: Chien-Pao\n|-resisted|p2b: Amoonguss\n|-damage|p2a: Chien-Pao|40\/100 slp\n|-damage|p2b: Amoonguss|96\/100\n|cant|p2a: Chien-Pao|slp\n|\n|upkeep\n|turn|4\n|\n|t:|1720894357\n|switch|p1a: Calyrex|Calyrex-Ice, L50|100\/100\n|-ability|p1a: Calyrex|As One\n|-ability|p1a: Calyrex|Unnerve\n|move|p1b: Bettina|Follow Me|p1b: Bettina\n|-singleturn|p1b: Bettina|move: Follow Me\n|move|p2b: Amoonguss|Pollen Puff|p1b: Bettina\n|-supereffective|p1b: Bettina\n|-damage|p1b: Bettina|68\/100\n|cant|p2a: Chien-Pao|slp\n|\n|upkeep\n|turn|5\n|j| La voz favorita\n|\n|t:|1720894381\n|switch|p2b: Zamazenta|Zamazenta-Crowned, L50|100\/100\n|-ability|p2b: Zamazenta|Dauntless Shield|boost\n|-boost|p2b: Zamazenta|def|1\n|cant|p2a: Chien-Pao|slp\n|move|p1b: Bettina|Follow Me|p1b: Bettina\n|-singleturn|p1b: Bettina|move: Follow Me\n|move|p1a: Calyrex|Glacial Lance|p2b: Zamazenta|[spread] p2a,p2b\n|-resisted|p2a: Chien-Pao\n|-resisted|p2b: Zamazenta\n|-damage|p2a: Chien-Pao|2\/100 slp\n|-damage|p2b: Zamazenta|86\/100\n|\n|-fieldend|move: Trick Room\n|-fieldend|move: Psychic Terrain\n|upkeep\n|turn|6\n|l| La voz favorita\n|inactive|greenlightdmp has 30 seconds left.\n|\n|t:|1720894408\n|move|p1b: Bettina|Follow Me|p1b: Bettina\n|-singleturn|p1b: Bettina|move: Follow Me\n|-curestatus|p2a: Chien-Pao|slp|[msg]\n|move|p2a: Chien-Pao|Crunch|p1b: Bettina\n|-supereffective|p1b: Bettina\n|-damage|p1b: Bettina|0 fnt\n|faint|p1b: Bettina\n|move|p2b: Zamazenta|Body Press|p1a: Calyrex\n|-damage|p1a: Calyrex|50\/100\n|move|p1a: Calyrex|Trick Room|p1a: Calyrex\n|-fieldstart|move: Trick Room|[of] p1a: Calyrex\n|\n|upkeep\n|\n|t:|1720894422\n|switch|p1b: Amoonguss|Amoonguss, L50, M|74\/100\n|turn|7\n|inactive|greenlightdmp has 30 seconds left.\n|inactive|zonavideovigilada has 30 seconds left.\n|inactive|zonavideovigilada has 20 seconds left.\n|inactive|zonavideovigilada has 15 seconds left.\n|\n|t:|1720894463\n|-terastallize|p1a: Calyrex|Water\n|-terastallize|p2b: Zamazenta|Grass\n|move|p2a: Chien-Pao|Sucker Punch|p1a: Calyrex\n|-damage|p1a: Calyrex|19\/100\n|move|p1b: Amoonguss|Pollen Puff|p1a: Calyrex\n|-heal|p1a: Calyrex|69\/100\n|move|p1a: Calyrex|Glacial Lance|p2a: Chien-Pao|[spread] p2a,p2b\n|-resisted|p2a: Chien-Pao\n|-crit|p2a: Chien-Pao\n|-supereffective|p2b: Zamazenta\n|-damage|p2a: Chien-Pao|0 fnt\n|-damage|p2b: Zamazenta|29\/100\n|faint|p2a: Chien-Pao\n|-ability|p1a: Calyrex|Chilling Neigh|boost\n|-boost|p1a: Calyrex|atk|1\n|move|p2b: Zamazenta|Body Press|p1a: Calyrex\n|-damage|p1a: Calyrex|31\/100\n|\n|upkeep\n|\n|t:|1720894476\n|switch|p2a: Amoonguss|Amoonguss, L50, F|100\/100\n|turn|8\n|inactive|greenlightdmp has 30 seconds left.\n|\n|t:|1720894502\n|move|p1a: Calyrex|Protect|p1a: Calyrex\n|-singleturn|p1a: Calyrex|Protect\n|move|p2b: Zamazenta|Protect|p2b: Zamazenta\n|-singleturn|p2b: Zamazenta|Protect\n|move|p1b: Amoonguss|Clear Smog|p2b: Zamazenta\n|-activate|p2b: Zamazenta|move: Protect\n|move|p2a: Amoonguss|Spore|p1a: Calyrex\n|-activate|p1a: Calyrex|move: Protect\n|\n|upkeep\n|turn|9\n|inactive|zonavideovigilada has 30 seconds left.\n|inactive|zonavideovigilada has 20 seconds left.\n|inactive|zonavideovigilada has 15 seconds left.\n|inactive|zonavideovigilada has 10 seconds left.\n|inactive|zonavideovigilada has 5 seconds left.\n|\n|t:|1720894557\n|move|p1b: Amoonguss|Clear Smog|p2b: Zamazenta\n|-supereffective|p2b: Zamazenta\n|-damage|p2b: Zamazenta|10\/100\n|-clearboost|p2b: Zamazenta\n|move|p2a: Amoonguss|Spore|p1b: Amoonguss\n|-immune|p1b: Amoonguss\n|move|p1a: Calyrex|Glacial Lance|p2b: Zamazenta|[spread] p2a,p2b\n|-supereffective|p2a: Amoonguss\n|-supereffective|p2b: Zamazenta\n|-damage|p2a: Amoonguss|0 fnt\n|-damage|p2b: Zamazenta|0 fnt\n|faint|p2a: Amoonguss\n|faint|p2b: Zamazenta\n|-ability|p1a: Calyrex|Chilling Neigh|boost\n|-boost|p1a: Calyrex|atk|2\n|\n|upkeep\n|inactive|zonavideovigilada has 30 seconds left.\n|inactive|zonavideovigilada has 20 seconds left.\n|inactive|zonavideovigilada has 15 seconds left.\n|inactive|zonavideovigilada has 10 seconds left.\n|-message|zonavideovigilada forfeited.\n|\n|win|greenlightdmp\n|raw|greenlightdmp's rating: 1684 &rarr; <strong>1707<\/strong><br \/>(+23 for winning)\n|raw|zonavideovigilada's rating: 1741 &rarr; <strong>1718<\/strong><br \/>(-23 for losing)\n|l|\u2606zonavideovigilada\n|player|p2|\n|l|\u2606greenlightdmp\n|player|p1|\n","uploadtime":1720894722,"views":27,"formatid":"gen9vgc2024regg","rating":1707,"private":0,"password":null}