{"id":"gen9vgc2024regg-2161805629","format":"[Gen 9] VGC 2024 Reg G","players":["SubToPenglin","pingpingwuqi"],"log":"|j|\u2606SubToPenglin\n|j|\u2606pingpingwuqi\n|t:|1721119252\n|gametype|doubles\n|player|p1|SubToPenglin|dawn-gen4pt|1723\n|player|p2|pingpingwuqi|red|1657\n|teamsize|p1|6\n|teamsize|p2|6\n|gen|9\n|tier|[Gen 9] VGC 2024 Reg G\n|rated|\n|rule|Species Clause: Limit one of each Pok\u00e9mon\n|rule|Item Clause: Limit one of each item\n|clearpoke\n|poke|p1|Comfey, L50, F|\n|poke|p1|Terapagos, L50, M|\n|poke|p1|Tornadus, L50, M|\n|poke|p1|Ogerpon-Cornerstone, L50, F|\n|poke|p1|Magmar, L50, F|\n|poke|p1|Tsareena, L50, F|\n|poke|p2|Rayquaza, L50|\n|poke|p2|Landorus, L50, M|\n|poke|p2|Roaring Moon, L50|\n|poke|p2|Gholdengo, L50|\n|poke|p2|Incineroar, L50, F|\n|poke|p2|Rillaboom, L50, M|\n|teampreview|4\n|inactive|Battle timer is ON: inactive players will automatically lose when time's up. (requested by SubToPenglin)\n|\n|t:|1721119277\n|start\n|switch|p1a: Terapagos|Terapagos, L50, M|100\/100\n|switch|p1b: Tornadus|Tornadus, L50, M|100\/100\n|switch|p2a: Gholdengo|Gholdengo, L50|100\/100\n|switch|p2b: Roaring Moon|Roaring Moon, L50|100\/100\n|-activate|p1a: Terapagos|ability: Tera Shift\n|detailschange|p1a: Terapagos|Terapagos-Terastal, L50, M\n|-heal|p1a: Terapagos|100\/100|[silent]\n|-enditem|p2b: Roaring Moon|Booster Energy\n|-activate|p2b: Roaring Moon|ability: Protosynthesis|[fromitem]\n|-start|p2b: Roaring Moon|protosynthesisspe\n|turn|1\n|\n|t:|1721119284\n|-terastallize|p2a: Gholdengo|Steel\n|move|p2b: Roaring Moon|Breaking Swipe|p1b: Tornadus|[spread] p1a,p1b\n|-activate|p1a: Terapagos|ability: Tera Shell\n|-resisted|p1a: Terapagos\n|-damage|p1a: Terapagos|91\/100\n|-damage|p1b: Tornadus|71\/100\n|move|p1b: Tornadus|Icy Wind|p2a: Gholdengo|[spread] p2a,p2b\n|-resisted|p2a: Gholdengo\n|-supereffective|p2b: Roaring Moon\n|-damage|p2a: Gholdengo|94\/100\n|-damage|p2b: Roaring Moon|76\/100\n|-unboost|p2a: Gholdengo|spe|1\n|-unboost|p2b: Roaring Moon|spe|1\n|move|p1a: Terapagos|Calm Mind|p1a: Terapagos\n|-boost|p1a: Terapagos|spa|1\n|-boost|p1a: Terapagos|spd|1\n|move|p2a: Gholdengo|Make It Rain|p1b: Tornadus|[spread] p1a,p1b\n|-damage|p1a: Terapagos|40\/100\n|-damage|p1b: Tornadus|0 fnt\n|-unboost|p2a: Gholdengo|spa|1\n|faint|p1b: Tornadus\n|\n|upkeep\n|\n|t:|1721119307\n|switch|p1b: Comfey|Comfey, L50, F, shiny|100\/100\n|turn|2\n|\n|t:|1721119311\n|-terastallize|p1a: Terapagos|Stellar\n|detailschange|p1a: Terapagos|Terapagos-Stellar, L50, M, tera:Stellar\n|-heal|p1a: Terapagos|55\/100|[silent]\n|move|p1b: Comfey|Draining Kiss|p2b: Roaring Moon\n|-supereffective|p2b: Roaring Moon\n|-damage|p2b: Roaring Moon|4\/100\n|move|p2b: Roaring Moon|Tailwind|p2b: Roaring Moon\n|-sidestart|p2: pingpingwuqi|move: Tailwind\n|move|p2a: Gholdengo|Make It Rain|p1a: Terapagos|[spread] p1a,p1b\n|-supereffective|p1b: Comfey\n|-damage|p1a: Terapagos|25\/100\n|-damage|p1b: Comfey|0 fnt\n|-unboost|p2a: Gholdengo|spa|1\n|faint|p1b: Comfey\n|move|p1a: Terapagos|Tera Starstorm|p2b: Roaring Moon|[spread] p2a,p2b\n|-supereffective|p2a: Gholdengo\n|-damage|p2a: Gholdengo|0 fnt\n|-damage|p2b: Roaring Moon|0 fnt\n|faint|p2a: Gholdengo\n|faint|p2b: Roaring Moon\n|-end|p2b: Roaring Moon|Protosynthesis|[silent]\n|\n|upkeep\n|\n|t:|1721119322\n|switch|p2b: Landorus|Landorus, L50, M|100\/100\n|switch|p2a: Rayquaza|Rayquaza, L50, shiny|100\/100\n|switch|p1b: Ogerpon|Ogerpon-Cornerstone, L50, F|100\/100\n|-ability|p2a: Rayquaza|Air Lock\n|turn|3\n|\n|t:|1721119341\n|move|p1a: Terapagos|Protect|p1a: Terapagos\n|-singleturn|p1a: Terapagos|Protect\n|move|p2b: Landorus|Sandsear Storm|p1b: Ogerpon|[spread] p1b\n|-activate|p1a: Terapagos|move: Protect\n|-damage|p1b: Ogerpon|22\/100\n|move|p2a: Rayquaza|Dragon Ascent|p1a: Terapagos\n|-activate|p1a: Terapagos|move: Protect\n|move|p1b: Ogerpon|Ivy Cudgel|p2a: Rayquaza|[anim] Ivy Cudgel Rock\n|-supereffective|p2a: Rayquaza\n|-damage|p2a: Rayquaza|0 fnt\n|faint|p2a: Rayquaza\n|\n|upkeep\n|turn|4\n|\n|t:|1721119361\n|move|p2b: Landorus|Sandsear Storm|p1b: Ogerpon|[spread] p1b\n|-miss|p2b: Landorus|p1a: Terapagos\n|-damage|p1b: Ogerpon|0 fnt\n|faint|p1b: Ogerpon\n|move|p1a: Terapagos|Tera Starstorm|p2b: Landorus\n|-damage|p2b: Landorus|12\/100\n|\n|upkeep\n|turn|5\n|\n|t:|1721119367\n|move|p1a: Terapagos|Protect|p1a: Terapagos\n|-singleturn|p1a: Terapagos|Protect\n|move|p2b: Landorus|Earth Power|p1a: Terapagos\n|-activate|p1a: Terapagos|move: Protect\n|\n|-sideend|p2: pingpingwuqi|move: Tailwind\n|upkeep\n|turn|6\n|\n|t:|1721119370\n|move|p2b: Landorus|Earth Power|p1a: Terapagos\n|-damage|p1a: Terapagos|0 fnt\n|faint|p1a: Terapagos\n|\n|win|pingpingwuqi\n|raw|SubToPenglin's rating: 1723 &rarr; <strong>1699<\/strong><br \/>(-24 for losing)\n|raw|pingpingwuqi's rating: 1657 &rarr; <strong>1681<\/strong><br \/>(+24 for winning)\n|l|\u2606SubToPenglin\n|player|p1|\n|l|\u2606pingpingwuqi\n|player|p2|\n","uploadtime":1721119614,"views":6,"formatid":"gen9vgc2024regg","rating":1681,"private":0,"password":null}