{"id":"gen9vgc2024regg-2161948079","format":"[Gen 9] VGC 2024 Reg G","players":["qiin5","tuanzai233t"],"log":"|j|\u2606qiin5\n|j|\u2606tuanzai233t\n|t:|1721141921\n|gametype|doubles\n|player|p1|qiin5|rosa|1717\n|player|p2|tuanzai233t|102|1752\n|teamsize|p1|6\n|teamsize|p2|6\n|gen|9\n|tier|[Gen 9] VGC 2024 Reg G\n|rated|\n|rule|Species Clause: Limit one of each Pok\u00e9mon\n|rule|Item Clause: Limit one of each item\n|clearpoke\n|poke|p1|Dondozo, L50, M|\n|poke|p1|Chi-Yu, L50|\n|poke|p1|Weezing-Galar, L50, M|\n|poke|p1|Calyrex-Shadow, L50|\n|poke|p1|Tatsugiri-Droopy, L50, F|\n|poke|p1|Iron Hands, L50|\n|poke|p2|Indeedee-F, L50, F|\n|poke|p2|Torkoal, L50, M|\n|poke|p2|Calyrex-Ice, L50|\n|poke|p2|Annihilape, L50, F|\n|poke|p2|Urshifu-*, L50, F|\n|poke|p2|Brute Bonnet, L50|\n|teampreview|4\n|\n|t:|1721141952\n|start\n|switch|p1a: Weezing|Weezing-Galar, L50, M|100\/100\n|switch|p1b: Calyrex|Calyrex-Shadow, L50|100\/100\n|switch|p2a: Calyrex|Calyrex-Ice, L50|100\/100\n|switch|p2b: Annihilape|Annihilape, L50, F|100\/100\n|-ability|p1b: Calyrex|As One\n|-ability|p1b: Calyrex|Unnerve\n|-ability|p1a: Weezing|Neutralizing Gas\n|-ability|p2a: Calyrex|As One\n|-ability|p2a: Calyrex|Unnerve\n|turn|1\n|j| Sezenity\n|inactive|Battle timer is ON: inactive players will automatically lose when time's up. (requested by tuanzai233t)\n|j| test368\n|\n|t:|1721141972\n|-terastallize|p2a: Calyrex|Fire\n|move|p2b: Annihilape|Shadow Claw|p1b: Calyrex\n|-supereffective|p1b: Calyrex\n|-damage|p1b: Calyrex|0 fnt\n|faint|p1b: Calyrex\n|move|p1a: Weezing|Toxic Spikes|p2a: Calyrex\n|-sidestart|p2: tuanzai233t|move: Toxic Spikes\n|move|p2a: Calyrex|Trick Room|p2a: Calyrex\n|-fieldstart|move: Trick Room|[of] p2a: Calyrex\n|\n|upkeep\n|\n|t:|1721141982\n|switch|p1b: Dondozo|Dondozo, L50, M|100\/100\n|turn|2\n|\n|t:|1721141989\n|switch|p2b: Brute Bonnet|Brute Bonnet, L50, shiny|100\/100\n|-status|p2b: Brute Bonnet|psn\n|move|p2a: Calyrex|Protect|p2a: Calyrex\n|-singleturn|p2a: Calyrex|Protect\n|move|p1b: Dondozo|Protect|p1b: Dondozo\n|-singleturn|p1b: Dondozo|Protect\n|move|p1a: Weezing|Poison Gas|p2a: Calyrex|[spread] \n|-activate|p2a: Calyrex|move: Protect\n|-fail|p2b: Brute Bonnet|psn\n|\n|-damage|p2b: Brute Bonnet|88\/100 psn|[from] psn\n|upkeep\n|turn|3\n|inactive|qiin5 has 30 seconds left.\n|\n|t:|1721142017\n|-end|p1a: Weezing|ability: Neutralizing Gas\n|switch|p1a: Tatsugiri|Tatsugiri-Droopy, L50, F|100\/100\n|-activate|p1a: Tatsugiri|ability: Commander|[of] p1b: Dondozo\n|-boost|p1b: Dondozo|atk|2\n|-boost|p1b: Dondozo|spa|2\n|-boost|p1b: Dondozo|spe|2\n|-boost|p1b: Dondozo|def|2\n|-boost|p1b: Dondozo|spd|2\n|move|p2a: Calyrex|Glacial Lance|p1b: Dondozo|[spread] p1b\n|-miss|p2a: Calyrex|p1a: Tatsugiri\n|-resisted|p1b: Dondozo\n|-damage|p1b: Dondozo|92\/100\n|move|p2b: Brute Bonnet|Spore|p1b: Dondozo\n|-status|p1b: Dondozo|slp|[from] move: Spore\n|cant|p1b: Dondozo|slp\n|\n|-heal|p1b: Dondozo|98\/100 slp|[from] item: Leftovers\n|-damage|p2b: Brute Bonnet|76\/100 psn|[from] psn\n|upkeep\n|turn|4\n|\n|t:|1721142030\n|switch|p2a: Urshifu|Urshifu, L50, F|100\/100\n|-status|p2a: Urshifu|psn\n|move|p2b: Brute Bonnet|Crunch|p1b: Dondozo\n|-damage|p1b: Dondozo|87\/100 slp\n|-curestatus|p1b: Dondozo|slp|[msg]\n|move|p1b: Dondozo|Body Press|p2b: Brute Bonnet\n|-supereffective|p2b: Brute Bonnet\n|-damage|p2b: Brute Bonnet|14\/100 psn\n|-enditem|p2b: Brute Bonnet|Sitrus Berry|[eat]\n|-heal|p2b: Brute Bonnet|39\/100 psn|[from] item: Sitrus Berry\n|\n|-heal|p1b: Dondozo|93\/100|[from] item: Leftovers\n|-damage|p2b: Brute Bonnet|27\/100 psn|[from] psn\n|-damage|p2a: Urshifu|88\/100 psn|[from] psn\n|upkeep\n|turn|5\n|\n|t:|1721142043\n|move|p2b: Brute Bonnet|Spore|p1b: Dondozo\n|-status|p1b: Dondozo|slp|[from] move: Spore\n|move|p2a: Urshifu|Wicked Blow|p1b: Dondozo\n|-crit|p1b: Dondozo\n|-damage|p1b: Dondozo|54\/100 slp\n|cant|p1b: Dondozo|slp\n|\n|-heal|p1b: Dondozo|60\/100 slp|[from] item: Leftovers\n|-damage|p2b: Brute Bonnet|14\/100 psn|[from] psn\n|-damage|p2a: Urshifu|76\/100 psn|[from] psn\n|-fieldend|move: Trick Room\n|upkeep\n|turn|6\n|\n|t:|1721142053\n|cant|p1b: Dondozo|slp\n|move|p2a: Urshifu|Wicked Blow|p1b: Dondozo\n|-crit|p1b: Dondozo\n|-damage|p1b: Dondozo|20\/100 slp\n|move|p2b: Brute Bonnet|Crunch|p1b: Dondozo\n|-damage|p1b: Dondozo|9\/100 slp\n|\n|-heal|p1b: Dondozo|15\/100 slp|[from] item: Leftovers\n|-damage|p2a: Urshifu|64\/100 psn|[from] psn\n|-damage|p2b: Brute Bonnet|2\/100 psn|[from] psn\n|upkeep\n|turn|7\n|\n|t:|1721142062\n|move|p2b: Brute Bonnet|Rage Powder|p2b: Brute Bonnet\n|-singleturn|p2b: Brute Bonnet|move: Rage Powder\n|cant|p1b: Dondozo|slp\n|move|p2a: Urshifu|Wicked Blow|p1b: Dondozo\n|-crit|p1b: Dondozo\n|-damage|p1b: Dondozo|0 fnt\n|faint|p1b: Dondozo\n|\n|-damage|p2a: Urshifu|52\/100 psn|[from] psn\n|-damage|p2b: Brute Bonnet|0 fnt|[from] psn\n|faint|p2b: Brute Bonnet\n|-end|p2b: Brute Bonnet|Protosynthesis|[silent]\n|upkeep\n|\n|t:|1721142067\n|switch|p1b: Weezing|Weezing-Galar, L50, M|100\/100\n|switch|p2b: Calyrex|Calyrex-Ice, L50, tera:Fire|100\/100\n|-ability|p1b: Weezing|Neutralizing Gas\n|-ability|p2b: Calyrex|As One\n|-ability|p2b: Calyrex|Unnerve\n|-status|p2b: Calyrex|psn\n|turn|8\n|\n|t:|1721142076\n|-terastallize|p1a: Tatsugiri|Stellar\n|move|p2a: Urshifu|Wicked Blow|p1a: Tatsugiri\n|-crit|p1a: Tatsugiri\n|-enditem|p1a: Tatsugiri|Focus Sash\n|-damage|p1a: Tatsugiri|1\/100\n|move|p1a: Tatsugiri|Muddy Water|p2a: Urshifu|[spread] p2a\n|-miss|p1a: Tatsugiri|p2b: Calyrex\n|-damage|p2a: Urshifu|0 fnt\n|faint|p2a: Urshifu\n|move|p1b: Weezing|Gunk Shot|p2b: Calyrex\n|-damage|p2b: Calyrex|77\/100 psn\n|move|p2b: Calyrex|Glacial Lance|p1a: Tatsugiri|[spread] p1a,p1b\n|-damage|p1a: Tatsugiri|0 fnt\n|-damage|p1b: Weezing|50\/100\n|faint|p1a: Tatsugiri\n|-ability|p2b: Calyrex|Chilling Neigh|boost\n|-boost|p2b: Calyrex|atk|1\n|\n|-damage|p2b: Calyrex|65\/100 psn|[from] psn\n|upkeep\n|\n|t:|1721142080\n|switch|p2a: Annihilape|Annihilape, L50, F|100\/100\n|-status|p2a: Annihilape|psn\n|turn|9\n|-message|qiin5 forfeited.\n|\n|win|tuanzai233t\n|raw|qiin5's rating: 1717 &rarr; <strong>1699<\/strong><br \/>(-18 for losing)\n|raw|tuanzai233t's rating: 1752 &rarr; <strong>1770<\/strong><br \/>(+18 for winning)\n|l|\u2606qiin5\n|player|p1|\n|l|\u2606tuanzai233t\n|player|p2|\n|l| Sezenity\n|l| test368\n","uploadtime":1721142358,"views":38,"formatid":"gen9vgc2024regg","rating":1699,"private":0,"password":null}