{"id":"gen9vgc2024regg-2161810450","format":"[Gen 9] VGC 2024 Reg G","players":["war3ted","Mutu77"],"log":"|j|\u2606war3ted\n|j|\u2606Mutu77\n|t:|1721120246\n|gametype|doubles\n|player|p1|war3ted|dawn|1728\n|player|p2|Mutu77|266|1793\n|teamsize|p1|6\n|teamsize|p2|6\n|gen|9\n|tier|[Gen 9] VGC 2024 Reg G\n|rated|\n|rule|Species Clause: Limit one of each Pok\u00e9mon\n|rule|Item Clause: Limit one of each item\n|clearpoke\n|poke|p1|Calyrex-Ice, L50|\n|poke|p1|Annihilape, L50, M|\n|poke|p1|Smeargle, L50, F|\n|poke|p1|Ursaluna-Bloodmoon, L50, M|\n|poke|p1|Urshifu-*, L50, F|\n|poke|p1|Ogerpon-Wellspring, L50, F|\n|poke|p2|Zamazenta-*, L50|\n|poke|p2|Thundurus, L50, M|\n|poke|p2|Urshifu-*, L50, M|\n|poke|p2|Dragonite, L50, F|\n|poke|p2|Landorus, L50, M|\n|poke|p2|Iron Crown, L50|\n|teampreview|4\n|\n|t:|1721120316\n|start\n|switch|p1a: Calyrex|Calyrex-Ice, L50|100\/100\n|switch|p1b: Annihilape|Annihilape, L50, M|100\/100\n|switch|p2a: Zamazenta|Zamazenta-Crowned, L50|100\/100\n|switch|p2b: Iron Crown|Iron Crown, L50|100\/100\n|-ability|p1a: Calyrex|As One\n|-ability|p1a: Calyrex|Unnerve\n|-ability|p2a: Zamazenta|Dauntless Shield|boost\n|-boost|p2a: Zamazenta|def|1\n|-enditem|p2b: Iron Crown|Booster Energy\n|-activate|p2b: Iron Crown|ability: Quark Drive|[fromitem]\n|-start|p2b: Iron Crown|quarkdrivespa\n|turn|1\n|\n|t:|1721120342\n|move|p2a: Zamazenta|Protect|p2a: Zamazenta\n|-singleturn|p2a: Zamazenta|Protect\n|move|p1a: Calyrex|Protect|p1a: Calyrex\n|-singleturn|p1a: Calyrex|Protect\n|move|p1b: Annihilape|Coaching|p1a: Calyrex\n|-boost|p1a: Calyrex|atk|1\n|-boost|p1a: Calyrex|def|1\n|move|p2b: Iron Crown|Tachyon Cutter|p1a: Calyrex\n|-activate|p1a: Calyrex|move: Protect\n|\n|upkeep\n|turn|2\n|\n|t:|1721120360\n|-terastallize|p1a: Calyrex|Water\n|move|p2a: Zamazenta|Body Press|p1a: Calyrex\n|-damage|p1a: Calyrex|68\/100\n|move|p1b: Annihilape|Final Gambit|p2a: Zamazenta\n|-damage|p2a: Zamazenta|0 fnt\n|faint|p1b: Annihilape\n|faint|p2a: Zamazenta\n|move|p2b: Iron Crown|Tachyon Cutter|p1a: Calyrex\n|-resisted|p1a: Calyrex\n|-damage|p1a: Calyrex|57\/100\n|-resisted|p1a: Calyrex\n|-damage|p1a: Calyrex|45\/100\n|-enditem|p1a: Calyrex|Sitrus Berry|[eat]\n|-heal|p1a: Calyrex|70\/100|[from] item: Sitrus Berry\n|-hitcount|p1a: Calyrex|2\n|move|p1a: Calyrex|High Horsepower|p2b: Iron Crown\n|-supereffective|p2b: Iron Crown\n|-damage|p2b: Iron Crown|0 fnt\n|faint|p2b: Iron Crown\n|-end|p2b: Iron Crown|Quark Drive|[silent]\n|-ability|p1a: Calyrex|Chilling Neigh|boost\n|-boost|p1a: Calyrex|atk|1\n|\n|upkeep\n|\n|t:|1721120381\n|switch|p2a: Thundurus|Thundurus, L50, M|100\/100\n|switch|p1b: Smeargle|Smeargle, L50, F|100\/100\n|switch|p2b: Urshifu|Urshifu, L50, M|100\/100\n|turn|3\n|j| ymlm\n|inactive|Battle timer is ON: inactive players will automatically lose when time's up. (requested by war3ted)\n|\n|t:|1721120426\n|-terastallize|p2a: Thundurus|Steel\n|move|p2b: Urshifu|Protect|p2b: Urshifu\n|-singleturn|p2b: Urshifu|Protect\n|move|p1b: Smeargle|Follow Me|p1b: Smeargle\n|-singleturn|p1b: Smeargle|move: Follow Me\n|move|p2a: Thundurus|Wildbolt Storm|p1a: Calyrex|[spread] p1a,p1b\n|-supereffective|p1a: Calyrex\n|-damage|p1a: Calyrex|29\/100\n|-damage|p1b: Smeargle|39\/100\n|-status|p1a: Calyrex|par\n|move|p1a: Calyrex|Trick Room|p1a: Calyrex\n|-fieldstart|move: Trick Room|[of] p1a: Calyrex\n|\n|upkeep\n|turn|4\n|j| THUNDERSND77\n|j| gamb1er\n|inactive|Mutu77 has 30 seconds left.\n|inactive|Mutu77 has 20 seconds left.\n|inactive|Mutu77 has 15 seconds left.\n|\n|t:|1721120466\n|move|p2a: Thundurus|Taunt|p1b: Smeargle\n|-start|p1b: Smeargle|move: Taunt\n|cant|p1a: Calyrex|par\n|cant|p1b: Smeargle|move: Taunt|Spore\n|move|p2b: Urshifu|Wicked Blow|p1a: Calyrex\n|-crit|p1a: Calyrex\n|-damage|p1a: Calyrex|0 fnt\n|faint|p1a: Calyrex\n|\n|upkeep\n|\n|t:|1721120472\n|switch|p1a: Ursaluna|Ursaluna-Bloodmoon, L50, M|100\/100\n|turn|5\n|\n|t:|1721120489\n|-activate|p1b: Smeargle|move: Struggle\n|move|p1b: Smeargle|Struggle|p2b: Urshifu\n|-damage|p2b: Urshifu|97\/100\n|-damage|p1b: Smeargle|14\/100|[from] recoil\n|move|p1a: Ursaluna|Blood Moon|p2b: Urshifu\n|-damage|p2b: Urshifu|0 fnt\n|faint|p2b: Urshifu\n|-damage|p1a: Ursaluna|91\/100|[from] item: Life Orb\n|move|p2a: Thundurus|Wildbolt Storm|p1b: Smeargle|[spread] \n|-immune|p1a: Ursaluna\n|-miss|p2a: Thundurus|p1b: Smeargle\n|\n|upkeep\n|turn|6\n|l| gamb1er\n|inactive|Mutu77 has 30 seconds left.\n|c|\u2606Mutu77|You won because of fkn struggle lol\n|inactive|Mutu77 has 20 seconds left.\n|\n|t:|1721120525\n|-activate|p1b: Smeargle|move: Struggle\n|move|p1b: Smeargle|Struggle|p2a: Thundurus\n|-damage|p2a: Thundurus|96\/100\n|-damage|p1b: Smeargle|0 fnt|[from] recoil\n|faint|p1b: Smeargle\n|move|p1a: Ursaluna|Earth Power|p2a: Thundurus\n|-supereffective|p2a: Thundurus\n|-damage|p2a: Thundurus|0 fnt\n|faint|p2a: Thundurus\n|-damage|p1a: Ursaluna|81\/100|[from] item: Life Orb\n|\n|win|war3ted\n|raw|war3ted's rating: 1728 &rarr; <strong>1752<\/strong><br \/>(+24 for winning)\n|raw|Mutu77's rating: 1793 &rarr; <strong>1769<\/strong><br \/>(-24 for losing)\n|l|\u2606war3ted\n|player|p1|\n|l| THUNDERSND77\n|l|\u2606Mutu77\n|player|p2|\n|j|\u2606war3ted\n|player|p1|war3ted|dawn|\n|l|\u2606war3ted\n|player|p1|\n","uploadtime":1721120713,"views":66,"formatid":"gen9vgc2024regg","rating":1752,"private":0,"password":null}