{"id":"gen9vgc2024regg-2161813570","format":"[Gen 9] VGC 2024 Reg G","players":["war3ted","Wildgoobys"],"log":"|j|\u2606war3ted\n|j|\u2606Wildgoobys\n|t:|1721120877\n|gametype|doubles\n|player|p1|war3ted|dawn|1764\n|player|p2|Wildgoobys|ethan|1707\n|teamsize|p1|6\n|teamsize|p2|6\n|gen|9\n|tier|[Gen 9] VGC 2024 Reg G\n|rated|\n|rule|Species Clause: Limit one of each Pok\u00e9mon\n|rule|Item Clause: Limit one of each item\n|clearpoke\n|poke|p1|Calyrex-Ice, L50|\n|poke|p1|Annihilape, L50, F|\n|poke|p1|Smeargle, L50, M|\n|poke|p1|Ursaluna-Bloodmoon, L50, M|\n|poke|p1|Urshifu-*, L50, M|\n|poke|p1|Ogerpon-Wellspring, L50, F|\n|poke|p2|Eternatus, L50|\n|poke|p2|Murkrow, L50, F|\n|poke|p2|Incineroar, L50, M|\n|poke|p2|Muk-Alola, L50, F|\n|poke|p2|Rillaboom, L50, M|\n|poke|p2|Cresselia, L50, F|\n|teampreview|4\n|inactive|Battle timer is ON: inactive players will automatically lose when time's up. (requested by Wildgoobys)\n|j| ymlm\n|inactive|Wildgoobys has 60 seconds left.\n|\n|t:|1721120915\n|start\n|switch|p1a: Ursaluna|Ursaluna-Bloodmoon, L50, M|100\/100\n|switch|p1b: Smeargle|Smeargle, L50, M|100\/100\n|switch|p2a: Eternatus|Eternatus, L50|100\/100\n|switch|p2b: Rillaboom|Rillaboom, L50, M|100\/100\n|-ability|p2a: Eternatus|Pressure\n|-fieldstart|move: Grassy Terrain|[from] ability: Grassy Surge|[of] p2b: Rillaboom\n|-enditem|p2b: Rillaboom|Grassy Seed\n|-boost|p2b: Rillaboom|def|1|[from] item: Grassy Seed\n|turn|1\n|j| dossary\n|j| THUNDERSND77\n|inactive|war3ted has 30 seconds left.\n|\n|t:|1721120945\n|-terastallize|p2a: Eternatus|Water\n|-terastallize|p1a: Ursaluna|Ghost\n|move|p2b: Rillaboom|Fake Out|p1b: Smeargle\n|-damage|p1b: Smeargle|84\/100\n|move|p2a: Eternatus|Cosmic Power|p2a: Eternatus\n|-boost|p2a: Eternatus|def|1\n|-boost|p2a: Eternatus|spd|1\n|move|p1a: Ursaluna|Blood Moon|p2b: Rillaboom\n|-damage|p2b: Rillaboom|0 fnt\n|faint|p2b: Rillaboom\n|-damage|p1a: Ursaluna|91\/100|[from] item: Life Orb\n|cant|p1b: Smeargle|flinch\n|\n|-heal|p1a: Ursaluna|97\/100|[from] Grassy Terrain\n|-heal|p1b: Smeargle|90\/100|[from] Grassy Terrain\n|upkeep\n|\n|t:|1721120967\n|switch|p2b: Cresselia|Cresselia, L50, F|100\/100\n|turn|2\n|\n|t:|1721120982\n|move|p2a: Eternatus|Cosmic Power|p2a: Eternatus\n|-boost|p2a: Eternatus|def|1\n|-boost|p2a: Eternatus|spd|1\n|move|p2b: Cresselia|Psych Up|p2a: Eternatus\n|-copyboost|p2b: Cresselia|p2a: Eternatus|[from] move: Psych Up\n|move|p1a: Ursaluna|Hyper Voice|p2b: Cresselia|[spread] p2a,p2b\n|-damage|p2a: Eternatus|84\/100\n|-damage|p2b: Cresselia|86\/100\n|-damage|p1a: Ursaluna|88\/100|[from] item: Life Orb\n|move|p1b: Smeargle|Decorate|p1a: Ursaluna\n|-boost|p1a: Ursaluna|atk|2\n|-boost|p1a: Ursaluna|spa|2\n|\n|-heal|p2a: Eternatus|90\/100|[from] Grassy Terrain\n|-heal|p2a: Eternatus|96\/100|[from] item: Leftovers\n|-heal|p1a: Ursaluna|94\/100|[from] Grassy Terrain\n|-heal|p1b: Smeargle|96\/100|[from] Grassy Terrain\n|upkeep\n|turn|3\n|\n|t:|1721121001\n|move|p2a: Eternatus|Sludge Bomb|p1a: Ursaluna\n|-resisted|p1a: Ursaluna\n|-damage|p1a: Ursaluna|68\/100\n|move|p2b: Cresselia|Double Team|p2b: Cresselia\n|-boost|p2b: Cresselia|evasion|1\n|move|p1a: Ursaluna|Blood Moon|p2b: Cresselia\n|-damage|p2b: Cresselia|33\/100\n|-damage|p1a: Ursaluna|59\/100|[from] item: Life Orb\n|move|p1b: Smeargle|Spore|p2a: Eternatus\n|-status|p2a: Eternatus|slp|[from] move: Spore\n|\n|-heal|p2a: Eternatus|100\/100 slp|[from] Grassy Terrain\n|-heal|p1a: Ursaluna|65\/100|[from] Grassy Terrain\n|-heal|p1b: Smeargle|100\/100|[from] Grassy Terrain\n|upkeep\n|turn|4\n|\n|t:|1721121017\n|cant|p2a: Eternatus|slp\n|move|p2b: Cresselia|Lunar Blessing|p2b: Cresselia|[spread] p2a,p2b\n|-curestatus|p2a: Eternatus|slp|[msg]\n|-heal|p2b: Cresselia|58\/100\n|move|p1a: Ursaluna|Hyper Voice|p2b: Cresselia|[spread] p2a,p2b\n|-damage|p2a: Eternatus|68\/100\n|-damage|p2b: Cresselia|34\/100\n|-damage|p1a: Ursaluna|56\/100|[from] item: Life Orb\n|move|p1b: Smeargle|Decorate|p1a: Ursaluna\n|-boost|p1a: Ursaluna|atk|2\n|-boost|p1a: Ursaluna|spa|2\n|\n|-heal|p2a: Eternatus|74\/100|[from] Grassy Terrain\n|-heal|p2a: Eternatus|79\/100|[from] item: Leftovers\n|-heal|p1a: Ursaluna|62\/100|[from] Grassy Terrain\n|upkeep\n|turn|5\n|j| test368\n|\n|t:|1721121040\n|move|p2a: Eternatus|Sludge Bomb|p1a: Ursaluna\n|-resisted|p1a: Ursaluna\n|-damage|p1a: Ursaluna|39\/100\n|-status|p1a: Ursaluna|psn\n|move|p2b: Cresselia|Lunar Blessing|p2b: Cresselia|[spread] p2a,p2b\n|-heal|p2a: Eternatus|100\/100\n|-heal|p2b: Cresselia|59\/100\n|move|p1a: Ursaluna|Blood Moon|p2b: Cresselia\n|-damage|p2b: Cresselia|0 fnt\n|faint|p2b: Cresselia\n|-damage|p1a: Ursaluna|29\/100 psn|[from] item: Life Orb\n|move|p1b: Smeargle|Spore|p2a: Eternatus\n|-status|p2a: Eternatus|slp|[from] move: Spore\n|\n|-heal|p1a: Ursaluna|35\/100 psn|[from] Grassy Terrain\n|-damage|p1a: Ursaluna|23\/100 psn|[from] psn\n|-fieldend|move: Grassy Terrain\n|upkeep\n|\n|t:|1721121056\n|switch|p2b: Murkrow|Murkrow, L50, F|100\/100\n|turn|6\n|\n|t:|1721121066\n|move|p2b: Murkrow|Protect|p2b: Murkrow\n|-singleturn|p2b: Murkrow|Protect\n|move|p1b: Smeargle|Follow Me|p1b: Smeargle\n|-singleturn|p1b: Smeargle|move: Follow Me\n|cant|p2a: Eternatus|slp\n|move|p1a: Ursaluna|Hyper Voice|p2a: Eternatus|[spread] p2a\n|-activate|p2b: Murkrow|move: Protect\n|-damage|p2a: Eternatus|53\/100 slp\n|-damage|p1a: Ursaluna|13\/100 psn|[from] item: Life Orb\n|\n|-heal|p2a: Eternatus|58\/100 slp|[from] item: Leftovers\n|-damage|p1a: Ursaluna|1\/100 psn|[from] psn\n|upkeep\n|turn|7\n|inactive|Wildgoobys has 30 seconds left.\n|\n|t:|1721121096\n|cant|p2a: Eternatus|slp\n|move|p1b: Smeargle|Follow Me|p1b: Smeargle\n|-singleturn|p1b: Smeargle|move: Follow Me\n|move|p2b: Murkrow|Taunt|p1b: Smeargle\n|-start|p1b: Smeargle|move: Taunt\n|move|p1a: Ursaluna|Hyper Voice|p2a: Eternatus|[spread] p2a,p2b\n|-damage|p2a: Eternatus|11\/100 slp\n|-damage|p2b: Murkrow|0 fnt\n|faint|p2b: Murkrow\n|-damage|p1a: Ursaluna|0 fnt|[from] item: Life Orb\n|faint|p1a: Ursaluna\n|\n|-heal|p2a: Eternatus|17\/100 slp|[from] item: Leftovers\n|upkeep\n|\n|t:|1721121103\n|switch|p1a: Urshifu|Urshifu, L50, M|100\/100\n|turn|8\n|\n|t:|1721121111\n|switch|p1b: Calyrex|Calyrex-Ice, L50|100\/100\n|-ability|p1b: Calyrex|As One\n|-ability|p1b: Calyrex|Unnerve\n|cant|p2a: Eternatus|slp\n|move|p1a: Urshifu|Wicked Blow|p2a: Eternatus\n|-crit|p2a: Eternatus\n|-damage|p2a: Eternatus|0 fnt\n|faint|p2a: Eternatus\n|\n|win|war3ted\n|raw|war3ted's rating: 1764 &rarr; <strong>1781<\/strong><br \/>(+17 for winning)\n|raw|Wildgoobys's rating: 1707 &rarr; <strong>1690<\/strong><br \/>(-17 for losing)\n|c|\u2606Wildgoobys|Gg\n|l|\u2606war3ted\n|player|p1|\n|l|\u2606Wildgoobys\n|player|p2|\n|l| THUNDERSND77\n|l| dossary\n|l| test368\n","uploadtime":1721121263,"views":84,"formatid":"gen9vgc2024regg","rating":1690,"private":0,"password":null}