{"id":"gen9vgc2024regg-2161544707","format":"[Gen 9] VGC 2024 Reg G","players":["Hongon","shroudofdusk"],"log":"|j|\u2606Hongon\n|j|\u2606shroudofdusk\n|t:|1721078911\n|gametype|doubles\n|player|p1|Hongon|hugh|1700\n|player|p2|shroudofdusk|veteranf|1662\n|teamsize|p1|6\n|teamsize|p2|6\n|gen|9\n|tier|[Gen 9] VGC 2024 Reg G\n|rated|\n|rule|Species Clause: Limit one of each Pok\u00e9mon\n|rule|Item Clause: Limit one of each item\n|clearpoke\n|poke|p1|Miraidon, L50|\n|poke|p1|Chien-Pao, L50|\n|poke|p1|Landorus, L50, M|\n|poke|p1|Whimsicott, L50, M|\n|poke|p1|Farigiraf, L50, M|\n|poke|p1|Iron Hands, L50|\n|poke|p2|Koraidon, L50|\n|poke|p2|Flutter Mane, L50|\n|poke|p2|Raging Bolt, L50|\n|poke|p2|Ogerpon-Cornerstone, L50, F|\n|poke|p2|Chi-Yu, L50|\n|poke|p2|Moltres-Galar, L50|\n|teampreview|4\n|inactive|Battle timer is ON: inactive players will automatically lose when time's up. (requested by shroudofdusk)\n|inactive|Hongon has 60 seconds left.\n|\n|t:|1721078962\n|start\n|switch|p1a: Miraidon|Miraidon, L50|100\/100\n|switch|p1b: Whimsicott|Whimsicott, L50, M|100\/100\n|switch|p2a: Ogerpon|Ogerpon-Cornerstone, L50, F|100\/100\n|switch|p2b: Chi-Yu|Chi-Yu, L50|100\/100\n|-ability|p2b: Chi-Yu|Beads of Ruin\n|-fieldstart|move: Electric Terrain|[from] ability: Hadron Engine|[of] p1a: Miraidon\n|turn|1\n|j| fairynanbawan\n|inactive|Hongon has 30 seconds left.\n|inactive|Hongon has 20 seconds left.\n|\n|t:|1721078999\n|-terastallize|p2b: Chi-Yu|Ground\n|move|p2a: Ogerpon|Spiky Shield|p2a: Ogerpon\n|-singleturn|p2a: Ogerpon|move: Protect\n|move|p1b: Whimsicott|Tailwind|p1b: Whimsicott\n|-sidestart|p1: Hongon|move: Tailwind\n|move|p1a: Miraidon|Volt Switch|p2b: Chi-Yu\n|-immune|p2b: Chi-Yu\n|move|p2b: Chi-Yu|Tera Blast|p1a: Miraidon|[anim] Tera Blast Ground\n|-supereffective|p1a: Miraidon\n|-damage|p1a: Miraidon|0 fnt\n|faint|p1a: Miraidon\n|\n|upkeep\n|\n|t:|1721079009\n|switch|p1a: Landorus|Landorus, L50, M|100\/100\n|turn|2\n|\n|t:|1721079023\n|switch|p2b: Flutter Mane|Flutter Mane, L50|100\/100\n|move|p1b: Whimsicott|Encore||[still]\n|-fail|p1b: Whimsicott\n|move|p1a: Landorus|Sludge Bomb|p2a: Ogerpon\n|-damage|p2a: Ogerpon|40\/100\n|move|p2a: Ogerpon|Power Whip|p1a: Landorus\n|-damage|p1a: Landorus|14\/100\n|\n|upkeep\n|turn|3\n|\n|t:|1721079045\n|switch|p2a: Koraidon|Koraidon, L50|100\/100\n|-weather|SunnyDay|[from] ability: Orichalcum Pulse|[of] p2a: Koraidon\n|-activate|p2b: Flutter Mane|ability: Protosynthesis\n|-start|p2b: Flutter Mane|protosynthesisspe\n|-activate|p2a: Koraidon|Orichalcum Pulse|[source]\n|move|p1b: Whimsicott|Fake Tears|p2b: Flutter Mane\n|-unboost|p2b: Flutter Mane|spd|2\n|move|p1a: Landorus|Sandsear Storm|p2a: Koraidon|[spread] p2a,p2b\n|-damage|p2a: Koraidon|43\/100\n|-enditem|p2b: Flutter Mane|Focus Sash\n|-damage|p2b: Flutter Mane|1\/100\n|move|p2b: Flutter Mane|Icy Wind|p1a: Landorus|[spread] p1a,p1b\n|-supereffective|p1a: Landorus\n|-supereffective|p1b: Whimsicott\n|-damage|p1a: Landorus|0 fnt\n|-damage|p1b: Whimsicott|63\/100\n|faint|p1a: Landorus\n|\n|-weather|SunnyDay|[upkeep]\n|upkeep\n|\n|t:|1721079062\n|switch|p1a: Iron Hands|Iron Hands, L50|100\/100\n|-activate|p1a: Iron Hands|ability: Quark Drive\n|-start|p1a: Iron Hands|quarkdriveatk\n|turn|4\n|inactive|Hongon has 30 seconds left.\n|inactive|shroudofdusk has 30 seconds left.\n|inactive|Hongon has 20 seconds left.\n|\n|t:|1721079098\n|move|p2b: Flutter Mane|Protect|p2b: Flutter Mane\n|-singleturn|p2b: Flutter Mane|Protect\n|move|p2a: Koraidon|Protect|p2a: Koraidon\n|-singleturn|p2a: Koraidon|Protect\n|move|p1a: Iron Hands|Fake Out|p2a: Koraidon\n|-activate|p2a: Koraidon|move: Protect\n|move|p1b: Whimsicott|Moonblast|p2b: Flutter Mane\n|-activate|p2b: Flutter Mane|move: Protect\n|\n|-weather|SunnyDay|[upkeep]\n|-sideend|p1: Hongon|move: Tailwind\n|upkeep\n|turn|5\n|inactive|Hongon has 30 seconds left.\n|\n|t:|1721079130\n|-terastallize|p1a: Iron Hands|Grass\n|move|p1b: Whimsicott|Tailwind|p1b: Whimsicott\n|-sidestart|p1: Hongon|move: Tailwind\n|move|p2b: Flutter Mane|Moonblast|p1a: Iron Hands\n|-damage|p1a: Iron Hands|65\/100\n|move|p2a: Koraidon|Flare Blitz|p1b: Whimsicott\n|-supereffective|p1b: Whimsicott\n|-damage|p1b: Whimsicott|0 fnt\n|faint|p1b: Whimsicott\n|-damage|p2a: Koraidon|25\/100|[from] Recoil\n|move|p1a: Iron Hands|Heavy Slam|p2a: Koraidon\n|-damage|p2a: Koraidon|9\/100\n|\n|-weather|SunnyDay|[upkeep]\n|-fieldend|move: Electric Terrain\n|-end|p1a: Iron Hands|Quark Drive\n|upkeep\n|turn|6\n|-message|Hongon forfeited.\n|\n|win|shroudofdusk\n|raw|Hongon's rating: 1700 &rarr; <strong>1678<\/strong><br \/>(-22 for losing)\n|raw|shroudofdusk's rating: 1662 &rarr; <strong>1684<\/strong><br \/>(+22 for winning)\n|l|\u2606Hongon\n|player|p1|\n|l|\u2606shroudofdusk\n|player|p2|\n","uploadtime":1721079328,"views":7,"formatid":"gen9vgc2024regg","rating":1678,"private":0,"password":null}