{"id":"gen9vgc2024regg-2161904278","format":"[Gen 9] VGC 2024 Reg G","players":["Shamone Rider 13","tuanzai233t"],"log":"|j|\u2606Shamone Rider 13\n|j|\u2606tuanzai233t\n|t:|1721136525\n|gametype|doubles\n|player|p1|Shamone Rider 13|lucas|1694\n|player|p2|tuanzai233t|102|1772\n|teamsize|p1|6\n|teamsize|p2|6\n|gen|9\n|tier|[Gen 9] VGC 2024 Reg G\n|rated|\n|rule|Species Clause: Limit one of each Pok\u00e9mon\n|rule|Item Clause: Limit one of each item\n|clearpoke\n|poke|p1|Whimsicott, L50, F|\n|poke|p1|Flutter Mane, L50|\n|poke|p1|Calyrex-Shadow, L50|\n|poke|p1|Iron Hands, L50|\n|poke|p1|Clefairy, L50, M|\n|poke|p1|Ogerpon-Cornerstone, L50, F|\n|poke|p2|Indeedee-F, L50, F|\n|poke|p2|Torkoal, L50, M|\n|poke|p2|Calyrex-Ice, L50|\n|poke|p2|Annihilape, L50, M|\n|poke|p2|Urshifu-*, L50, F|\n|poke|p2|Brute Bonnet, L50|\n|teampreview|4\nShamone Rider 13 has agreed to open team sheets.\ntuanzai233t has agreed to open team sheets.\n|\n|t:|1721136562\n|start\n|switch|p1a: Piepi|Clefairy, L50, M, shiny|100\/100\n|switch|p1b: Shamone Rider|Calyrex-Shadow, L50|100\/100\n|switch|p2a: Calyrex|Calyrex-Ice, L50|100\/100\n|switch|p2b: Indeedee|Indeedee-F, L50, F|100\/100\n|-ability|p1b: Shamone Rider|As One\n|-ability|p1b: Shamone Rider|Unnerve\n|-ability|p2a: Calyrex|As One\n|-ability|p2a: Calyrex|Unnerve\n|-fieldstart|move: Psychic Terrain|[from] ability: Psychic Surge|[of] p2b: Indeedee\n|turn|1\n|\n|t:|1721136579\n|-terastallize|p1b: Shamone Rider|Water\n|-terastallize|p2a: Calyrex|Fire\n|move|p1a: Piepi|Follow Me|p1a: Piepi\n|-singleturn|p1a: Piepi|move: Follow Me\n|move|p1b: Shamone Rider|Nasty Plot|p1b: Shamone Rider\n|-boost|p1b: Shamone Rider|spa|2\n|move|p2a: Calyrex|Glacial Lance|p1a: Piepi|[spread] p1a,p1b\n|-resisted|p1b: Shamone Rider\n|-damage|p1a: Piepi|56\/100\n|-damage|p1b: Shamone Rider|78\/100\n|move|p2b: Indeedee|Trick Room|p2b: Indeedee\n|-fieldstart|move: Trick Room|[of] p2b: Indeedee\n|\n|upkeep\n|turn|2\n|\n|t:|1721136600\n|switch|p2b: Brute Bonnet|Brute Bonnet, L50, shiny|100\/100\n|move|p1a: Piepi|Protect|p1a: Piepi\n|-singleturn|p1a: Piepi|Protect\n|move|p2a: Calyrex|Protect|p2a: Calyrex\n|-singleturn|p2a: Calyrex|Protect\n|move|p1b: Shamone Rider|Protect||[still]\n|-fail|p1b: Shamone Rider\n|\n|upkeep\n|turn|3\n|\n|t:|1721136622\n|move|p1a: Piepi|After You|p1b: Shamone Rider\n|-activate|p1b: Shamone Rider|move: After You\n|move|p1b: Shamone Rider|Tera Blast|p2a: Calyrex|[anim] Tera Blast Water\n|-supereffective|p2a: Calyrex\n|-damage|p2a: Calyrex|0 fnt\n|faint|p2a: Calyrex\n|-ability|p1b: Shamone Rider|Grim Neigh|boost\n|-boost|p1b: Shamone Rider|spa|1\n|move|p2b: Brute Bonnet|Spore|p1b: Shamone Rider\n|-status|p1b: Shamone Rider|slp|[from] move: Spore\n|\n|upkeep\n|\n|t:|1721136630\n|switch|p2a: Torkoal|Torkoal, L50, M|100\/100\n|-weather|SunnyDay|[from] ability: Drought|[of] p2a: Torkoal\n|-activate|p2b: Brute Bonnet|ability: Protosynthesis\n|-start|p2b: Brute Bonnet|protosynthesisdef\n|turn|4\n|\n|t:|1721136655\n|switch|p1b: Fisto|Iron Hands, L50, shiny|100\/100\n|move|p1a: Piepi|Protect|p1a: Piepi\n|-singleturn|p1a: Piepi|Protect\n|move|p2a: Torkoal|Eruption|p1b: Fisto|[spread] p1b\n|-activate|p1a: Piepi|move: Protect\n|-damage|p1b: Fisto|64\/100\n|move|p2b: Brute Bonnet|Crunch|p1b: Fisto\n|-resisted|p1b: Fisto\n|-damage|p1b: Fisto|55\/100\n|-unboost|p1b: Fisto|def|1\n|\n|-weather|SunnyDay|[upkeep]\n|upkeep\n|turn|5\n|\n|t:|1721136686\n|move|p2a: Torkoal|Eruption|p1b: Fisto|[spread] p1a,p1b\n|-damage|p1a: Piepi|0 fnt\n|-damage|p1b: Fisto|18\/100\n|faint|p1a: Piepi\n|move|p2b: Brute Bonnet|Spore|p1b: Fisto\n|-status|p1b: Fisto|slp|[from] move: Spore\n|cant|p1b: Fisto|slp\n|\n|-weather|SunnyDay|[upkeep]\n|-fieldend|move: Trick Room\n|-fieldend|move: Psychic Terrain\n|upkeep\n|\n|t:|1721136691\n|switch|p1a: Flotte-M\u00e8che|Flutter Mane, L50|100\/100\n|-activate|p1a: Flotte-M\u00e8che|ability: Protosynthesis\n|-start|p1a: Flotte-M\u00e8che|protosynthesisspa\n|turn|6\n|\n|t:|1721136711\n|-end|p2b: Brute Bonnet|Protosynthesis|[silent]\n|switch|p2b: Indeedee|Indeedee-F, L50, F|100\/100\n|-fieldstart|move: Psychic Terrain|[from] ability: Psychic Surge|[of] p2b: Indeedee\n|move|p2a: Torkoal|Protect|p2a: Torkoal\n|-singleturn|p2a: Torkoal|Protect\n|move|p1a: Flotte-M\u00e8che|Dazzling Gleam|p2a: Torkoal|[spread] p2b\n|-activate|p2a: Torkoal|move: Protect\n|-crit|p2b: Indeedee\n|-damage|p2b: Indeedee|12\/100\n|-curestatus|p1b: Fisto|slp|[msg]\n|move|p1b: Fisto|Close Combat|p2b: Indeedee\n|-damage|p2b: Indeedee|0 fnt\n|-unboost|p1b: Fisto|def|1\n|-unboost|p1b: Fisto|spd|1\n|faint|p2b: Indeedee\n|\n|-weather|SunnyDay|[upkeep]\n|upkeep\n|\n|t:|1721136721\n|switch|p2b: Brute Bonnet|Brute Bonnet, L50, shiny|100\/100\n|-activate|p2b: Brute Bonnet|ability: Protosynthesis\n|-start|p2b: Brute Bonnet|protosynthesisdef\n|turn|7\n|\n|t:|1721136737\n|move|p1a: Flotte-M\u00e8che|Dazzling Gleam|p2b: Brute Bonnet|[spread] p2a,p2b\n|-resisted|p2a: Torkoal\n|-supereffective|p2b: Brute Bonnet\n|-damage|p2a: Torkoal|55\/100\n|-damage|p2b: Brute Bonnet|4\/100\n|-enditem|p2b: Brute Bonnet|Sitrus Berry|[eat]\n|-heal|p2b: Brute Bonnet|29\/100|[from] item: Sitrus Berry\n|move|p1b: Fisto|Close Combat|p2a: Torkoal\n|-crit|p2a: Torkoal\n|-damage|p2a: Torkoal|0 fnt\n|-unboost|p1b: Fisto|def|1\n|-unboost|p1b: Fisto|spd|1\n|faint|p2a: Torkoal\n|move|p2b: Brute Bonnet|Spore|p1a: Flotte-M\u00e8che\n|-status|p1a: Flotte-M\u00e8che|slp|[from] move: Spore\n|\n|-weather|SunnyDay|[upkeep]\n|upkeep\n|turn|8\n|\n|t:|1721136751\n|cant|p1a: Flotte-M\u00e8che|slp\n|move|p1b: Fisto|Close Combat|p2b: Brute Bonnet\n|-supereffective|p2b: Brute Bonnet\n|-damage|p2b: Brute Bonnet|0 fnt\n|-unboost|p1b: Fisto|def|1\n|-unboost|p1b: Fisto|spd|1\n|faint|p2b: Brute Bonnet\n|-end|p2b: Brute Bonnet|Protosynthesis|[silent]\n|\n|win|Shamone Rider 13\n|raw|Shamone Rider 13's rating: 1694 &rarr; <strong>1718<\/strong><br \/>(+24 for winning)\n|raw|tuanzai233t's rating: 1772 &rarr; <strong>1748<\/strong><br \/>(-24 for losing)\n|l|\u2606tuanzai233t\n|player|p2|\n|l|\u2606Shamone Rider 13\n|player|p1|\n","uploadtime":1721136756,"views":125,"formatid":"gen9vgc2024regg","rating":1718,"private":0,"password":null}