{"id":"gen9vgc2024regg-2161337195","format":"[Gen 9] VGC 2024 Reg G","players":["dcerza127","Zenchaos"],"log":"|j|\u2606dcerza127\n|j|\u2606Zenchaos\n|t:|1721055219\n|gametype|doubles\n|player|p1|dcerza127|170|1685\n|player|p2|Zenchaos|169|1779\n|teamsize|p1|6\n|teamsize|p2|6\n|gen|9\n|tier|[Gen 9] VGC 2024 Reg G\n|rated|\n|rule|Species Clause: Limit one of each Pok\u00e9mon\n|rule|Item Clause: Limit one of each item\n|clearpoke\n|poke|p1|Lunala, L50|\n|poke|p1|Sableye, L50, F|\n|poke|p1|Spectrier, L50|\n|poke|p1|Flutter Mane, L50|\n|poke|p1|Annihilape, L50, M|\n|poke|p1|Sinistcha-Masterpiece, L50|\n|poke|p2|Kyurem-White, L50|\n|poke|p2|Ninetales-Alola, L50, M|\n|poke|p2|Milotic, L50, M|\n|poke|p2|Urshifu-*, L50, F|\n|poke|p2|Ursaluna-Bloodmoon, L50, M|\n|poke|p2|Indeedee-F, L50, F|\n|teampreview|4\n|inactive|Battle timer is ON: inactive players will automatically lose when time's up. (requested by dcerza127)\n|j| rabbihorn\n|inactive|Zenchaos has 60 seconds left.\n|\n|t:|1721055253\n|start\n|switch|p1a: Sableye|Sableye, L50, F|100\/100\n|switch|p1b: Lunala|Lunala, L50|100\/100\n|switch|p2a: Indeedee|Indeedee-F, L50, F, shiny|100\/100\n|switch|p2b: Milotic|Milotic, L50, M, shiny|100\/100\n|-fieldstart|move: Psychic Terrain|[from] ability: Psychic Surge|[of] p2a: Indeedee\n|turn|1\n|\n|t:|1721055264\n|move|p1a: Sableye|Light Screen|p1a: Sableye\n|-sidestart|p1: dcerza127|move: Light Screen\n|move|p1b: Lunala|Calm Mind|p1b: Lunala\n|-boost|p1b: Lunala|spa|1\n|-boost|p1b: Lunala|spd|1\n|move|p2b: Milotic|Coil|p2b: Milotic\n|-boost|p2b: Milotic|atk|1\n|-boost|p2b: Milotic|def|1\n|-boost|p2b: Milotic|accuracy|1\n|move|p2a: Indeedee|Shadow Ball|p1b: Lunala\n|-supereffective|p1b: Lunala\n|-damage|p1b: Lunala|87\/100\n|\n|-heal|p1b: Lunala|93\/100|[from] item: Leftovers\n|upkeep\n|turn|2\n|\n|t:|1721055283\n|switch|p1a: Flutter Mane|Flutter Mane, L50|100\/100\n|-enditem|p1a: Flutter Mane|Booster Energy\n|-activate|p1a: Flutter Mane|ability: Protosynthesis|[fromitem]\n|-start|p1a: Flutter Mane|protosynthesisspe\n|move|p1b: Lunala|Protect|p1b: Lunala\n|-singleturn|p1b: Lunala|Protect\n|move|p2a: Indeedee|Follow Me|p2a: Indeedee\n|-singleturn|p2a: Indeedee|move: Follow Me\n|move|p2b: Milotic|Coil|p2b: Milotic\n|-boost|p2b: Milotic|atk|1\n|-boost|p2b: Milotic|def|1\n|-boost|p2b: Milotic|accuracy|1\n|\n|-heal|p1b: Lunala|99\/100|[from] item: Leftovers\n|upkeep\n|turn|3\n|\n|t:|1721055306\n|-terastallize|p1b: Lunala|Fairy\n|move|p2a: Indeedee|Follow Me|p2a: Indeedee\n|-singleturn|p2a: Indeedee|move: Follow Me\n|move|p1a: Flutter Mane|Moonblast|p2a: Indeedee\n|-damage|p2a: Indeedee|56\/100\n|move|p1b: Lunala|Moonblast|p2a: Indeedee\n|-crit|p2a: Indeedee\n|-damage|p2a: Indeedee|0 fnt\n|faint|p2a: Indeedee\n|move|p2b: Milotic|Hypnosis|p1a: Flutter Mane\n|-status|p1a: Flutter Mane|slp|[from] move: Hypnosis\n|\n|-heal|p1b: Lunala|100\/100|[from] item: Leftovers\n|upkeep\n|\n|t:|1721055316\n|switch|p2a: Ninetales|Ninetales-Alola, L50, M, shiny|100\/100\n|-weather|Snow|[from] ability: Snow Warning|[of] p2a: Ninetales\n|turn|4\n|\n|t:|1721055334\n|move|p1b: Lunala|Protect|p1b: Lunala\n|-singleturn|p1b: Lunala|Protect\n|cant|p1a: Flutter Mane|slp\n|move|p2a: Ninetales|Aurora Veil|p2a: Ninetales\n|-sidestart|p2: Zenchaos|move: Aurora Veil\n|move|p2b: Milotic|Hypnosis|p1b: Lunala\n|-activate|p1b: Lunala|move: Protect\n|\n|-weather|Snow|[upkeep]\n|upkeep\n|turn|5\n|\n|t:|1721055345\n|cant|p1a: Flutter Mane|slp\n|move|p2a: Ninetales|Fake Tears|p1b: Lunala\n|-unboost|p1b: Lunala|spd|2\n|move|p1b: Lunala|Moongeist Beam|p2b: Milotic\n|-damage|p2b: Milotic|69\/100\n|move|p2b: Milotic|Hypnosis|p1b: Lunala\n|-status|p1b: Lunala|slp|[from] move: Hypnosis\n|\n|-weather|Snow|[upkeep]\n|-heal|p2b: Milotic|75\/100|[from] item: Leftovers\n|-fieldend|move: Psychic Terrain\n|upkeep\n|turn|6\n|\n|t:|1721055367\n|switch|p1b: Sableye|Sableye, L50, F|100\/100\n|cant|p1a: Flutter Mane|slp\n|move|p2a: Ninetales|Fake Tears|p1b: Sableye\n|-unboost|p1b: Sableye|spd|2\n|move|p2b: Milotic|Scald|p1b: Sableye\n|-damage|p1b: Sableye|53\/100\n|\n|-weather|Snow|[upkeep]\n|-heal|p2b: Milotic|81\/100|[from] item: Leftovers\n|upkeep\n|turn|7\n|\n|t:|1721055380\n|move|p1b: Sableye|Encore|p2b: Milotic\n|-start|p2b: Milotic|Encore\n|-curestatus|p1a: Flutter Mane|slp|[msg]\n|move|p1a: Flutter Mane|Moonblast|p2b: Milotic\n|-damage|p2b: Milotic|63\/100\n|move|p2a: Ninetales|Moonblast|p1b: Sableye\n|-supereffective|p1b: Sableye\n|-damage|p1b: Sableye|0 fnt\n|faint|p1b: Sableye\n|move|p2b: Milotic|Scald|p1a: Flutter Mane\n|-damage|p1a: Flutter Mane|83\/100\n|\n|-weather|Snow|[upkeep]\n|-heal|p2b: Milotic|69\/100|[from] item: Leftovers\n|upkeep\n|\n|t:|1721055398\n|switch|p1b: Lunala|Lunala, L50, tera:Fairy|100\/100 slp\n|turn|8\n|\n|t:|1721055413\n|cant|p1b: Lunala|slp\n|move|p1a: Flutter Mane|Moonblast|p2a: Ninetales\n|-damage|p2a: Ninetales|67\/100\n|move|p2a: Ninetales|Fake Tears|p1b: Lunala\n|-unboost|p1b: Lunala|spd|2\n|move|p2b: Milotic|Scald|p1b: Lunala\n|-damage|p1b: Lunala|85\/100 slp\n|\n|-weather|none\n|-heal|p1b: Lunala|91\/100 slp|[from] item: Leftovers\n|-heal|p2b: Milotic|75\/100|[from] item: Leftovers\n|-sideend|p1: dcerza127|move: Light Screen\n|-sideend|p2: Zenchaos|move: Aurora Veil\n|upkeep\n|turn|9\n|\n|t:|1721055431\n|switch|p1b: Annihilape|Annihilape, L50, M|100\/100\n|move|p1a: Flutter Mane|Moonblast|p2a: Ninetales\n|-damage|p2a: Ninetales|14\/100\n|move|p2a: Ninetales|Fake Tears|p1b: Annihilape\n|-unboost|p1b: Annihilape|spd|2\n|-ability|p1b: Annihilape|Defiant|boost\n|-boost|p1b: Annihilape|atk|2\n|move|p2b: Milotic|Scald|p1b: Annihilape\n|-damage|p1b: Annihilape|59\/100\n|\n|-heal|p2b: Milotic|81\/100|[from] item: Leftovers\n|-end|p2b: Milotic|Encore\n|upkeep\n|turn|10\n|j| Maushold-11P\n|inactive|dcerza127 has 30 seconds left.\n|\n|t:|1721055459\n|switch|p2a: Kyurem|Kyurem-White, L50, shiny|100\/100\n|-ability|p2a: Kyurem|Turboblaze\n|move|p1a: Flutter Mane|Moonblast|p2a: Kyurem\n|-supereffective|p2a: Kyurem\n|-damage|p2a: Kyurem|54\/100\n|-unboost|p2a: Kyurem|spa|1\n|move|p1b: Annihilape|Rage Fist|p2a: Kyurem\n|-damage|p2a: Kyurem|0 fnt\n|faint|p2a: Kyurem\n|move|p2b: Milotic|Hypnosis|p1a: Flutter Mane\n|-status|p1a: Flutter Mane|slp|[from] move: Hypnosis\n|\n|-heal|p2b: Milotic|87\/100|[from] item: Leftovers\n|upkeep\n|\n|t:|1721055464\n|switch|p2a: Ninetales|Ninetales-Alola, L50, M, shiny|14\/100\n|-weather|Snow|[from] ability: Snow Warning|[of] p2a: Ninetales\n|turn|11\n|l| Maushold-11P\n|\n|t:|1721055485\n|-end|p1a: Flutter Mane|Protosynthesis|[silent]\n|switch|p1a: Lunala|Lunala, L50, tera:Fairy|91\/100 slp\n|move|p2a: Ninetales|Moonblast|p1b: Annihilape\n|-supereffective|p1b: Annihilape\n|-damage|p1b: Annihilape|0 fnt\n|faint|p1b: Annihilape\n|move|p2b: Milotic|Life Dew|p2b: Milotic|[spread] p2a,p2b\n|-heal|p2a: Ninetales|39\/100\n|-heal|p2b: Milotic|100\/100\n|\n|-weather|Snow|[upkeep]\n|-heal|p1a: Lunala|97\/100 slp|[from] item: Leftovers\n|upkeep\n|\n|t:|1721055496\n|switch|p1b: Flutter Mane|Flutter Mane, L50|83\/100 slp\n|turn|12\n|j| Maushold-11P\n|\n|t:|1721055506\n|-terastallize|p2a: Ninetales|Fire\n|cant|p1b: Flutter Mane|slp\n|move|p2a: Ninetales|Aurora Veil|p2a: Ninetales\n|-sidestart|p2: Zenchaos|move: Aurora Veil\n|cant|p1a: Lunala|slp\n|move|p2b: Milotic|Life Dew||[still]|[spread] p2a,p2b\n|-heal|p2a: Ninetales|64\/100\n|-fail|p2b: Milotic|heal\n|\n|-weather|Snow|[upkeep]\n|-heal|p1a: Lunala|100\/100 slp|[from] item: Leftovers\n|upkeep\n|turn|13\n|\n|t:|1721055519\n|cant|p1b: Flutter Mane|slp\n|move|p2a: Ninetales|Fake Tears|p1a: Lunala\n|-unboost|p1a: Lunala|spd|2\n|-curestatus|p1a: Lunala|slp|[msg]\n|move|p1a: Lunala|Calm Mind|p1a: Lunala\n|-boost|p1a: Lunala|spa|1\n|-boost|p1a: Lunala|spd|1\n|move|p2b: Milotic|Life Dew||[still]|[spread] p2a,p2b\n|-heal|p2a: Ninetales|89\/100\n|-fail|p2b: Milotic|heal\n|\n|-weather|Snow|[upkeep]\n|upkeep\n|turn|14\n|\n|t:|1721055532\n|move|p1a: Lunala|Protect|p1a: Lunala\n|-singleturn|p1a: Lunala|Protect\n|cant|p1b: Flutter Mane|slp\n|move|p2a: Ninetales|Fake Tears|p1a: Lunala\n|-activate|p1a: Lunala|move: Protect\n|move|p2b: Milotic|Hypnosis|p1a: Lunala\n|-activate|p1a: Lunala|move: Protect\n|\n|-weather|Snow|[upkeep]\n|upkeep\n|turn|15\n|\n|t:|1721055545\n|-curestatus|p1b: Flutter Mane|slp|[msg]\n|move|p1b: Flutter Mane|Icy Wind|p2b: Milotic|[spread] p2a,p2b\n|-resisted|p2a: Ninetales\n|-resisted|p2b: Milotic\n|-damage|p2a: Ninetales|84\/100\n|-damage|p2b: Milotic|98\/100\n|-unboost|p2a: Ninetales|spe|1\n|-unboost|p2b: Milotic|spe|1\n|-ability|p2b: Milotic|Competitive|boost\n|-boost|p2b: Milotic|spa|2\n|move|p1a: Lunala|Moongeist Beam|p2a: Ninetales\n|-damage|p2a: Ninetales|15\/100\n|move|p2a: Ninetales|Fake Tears|p1a: Lunala\n|-unboost|p1a: Lunala|spd|2\n|move|p2b: Milotic|Hypnosis|p1a: Lunala\n|-status|p1a: Lunala|slp|[from] move: Hypnosis\n|\n|-weather|none\n|-heal|p2b: Milotic|100\/100|[from] item: Leftovers\n|upkeep\n|turn|16\n|\n|t:|1721055565\n|move|p1b: Flutter Mane|Shadow Ball|p2a: Ninetales\n|-damage|p2a: Ninetales|0 fnt\n|faint|p2a: Ninetales\n|cant|p1a: Lunala|slp\n|move|p2b: Milotic|Scald|p1a: Lunala\n|-damage|p1a: Lunala|44\/100 slp\n|\n|-heal|p1a: Lunala|50\/100 slp|[from] item: Leftovers\n|-sideend|p2: Zenchaos|move: Aurora Veil\n|upkeep\n|turn|17\n|\n|t:|1721055580\n|-curestatus|p1a: Lunala|slp|[msg]\n|move|p1a: Lunala|Protect|p1a: Lunala\n|-singleturn|p1a: Lunala|Protect\n|move|p1b: Flutter Mane|Shadow Ball|p2b: Milotic\n|-damage|p2b: Milotic|78\/100\n|move|p2b: Milotic|Scald|p1a: Lunala\n|-activate|p1a: Lunala|move: Protect\n|\n|-heal|p1a: Lunala|56\/100|[from] item: Leftovers\n|-heal|p2b: Milotic|84\/100|[from] item: Leftovers\n|upkeep\n|turn|18\n|\n|t:|1721055598\n|move|p1b: Flutter Mane|Moonblast|p2b: Milotic\n|-damage|p2b: Milotic|58\/100\n|move|p1a: Lunala|Moongeist Beam|p2b: Milotic\n|-damage|p2b: Milotic|10\/100\n|move|p2b: Milotic|Scald|p1a: Lunala\n|-damage|p1a: Lunala|0 fnt\n|faint|p1a: Lunala\n|\n|-heal|p2b: Milotic|16\/100|[from] item: Leftovers\n|upkeep\n|turn|19\n|\n|t:|1721055610\n|move|p1b: Flutter Mane|Moonblast|p2b: Milotic\n|-damage|p2b: Milotic|0 fnt\n|faint|p2b: Milotic\n|\n|win|dcerza127\n|raw|dcerza127's rating: 1685 &rarr; <strong>1710<\/strong><br \/>(+25 for winning)\n|raw|Zenchaos's rating: 1779 &rarr; <strong>1754<\/strong><br \/>(-25 for losing)\n|l|\u2606Zenchaos\n|player|p2|\n|l| Maushold-11P\n","uploadtime":1721055617,"views":58,"formatid":"gen9vgc2024regg","rating":1710,"private":0,"password":null}