{"id":"gen9vgc2024regg-2161793692","format":"[Gen 9] VGC 2024 Reg G","players":["sccc1234","dhiaruga101"],"log":"|j|\u2606sccc1234\n|j|\u2606dhiaruga101\n|t:|1721116798\n|gametype|doubles\n|player|p1|sccc1234|101|1659\n|player|p2|dhiaruga101|cynthia-gen4|1783\n|teamsize|p1|6\n|teamsize|p2|6\n|gen|9\n|tier|[Gen 9] VGC 2024 Reg G\n|rated|\n|rule|Species Clause: Limit one of each Pok\u00e9mon\n|rule|Item Clause: Limit one of each item\n|clearpoke\n|poke|p1|Calyrex-Ice, L50|\n|poke|p1|Torkoal, L50, M|\n|poke|p1|Ursaluna-Bloodmoon, L50, M|\n|poke|p1|Iron Hands, L50|\n|poke|p1|Zoroark-Hisui, L50, M|\n|poke|p1|Meowscarada, L50, F|\n|poke|p2|Miraidon, L50|\n|poke|p2|Farigiraf, L50, M|\n|poke|p2|Iron Hands, L50|\n|poke|p2|Urshifu-*, L50, M|\n|poke|p2|Ogerpon-Hearthflame, L50, F|\n|poke|p2|Whimsicott, L50, F|\n|teampreview|4\n|inactive|Battle timer is ON: inactive players will automatically lose when time's up. (requested by dhiaruga101)\n|\n|t:|1721116823\n|start\n|switch|p1a: Calyrex|Calyrex-Ice, L50|100\/100\n|switch|p1b: Meowscarada|Meowscarada, L50, F|100\/100\n|switch|p2a: Farigiraf|Farigiraf, L50, M, shiny|100\/100\n|switch|p2b: Miraidon|Miraidon, L50|100\/100\n|-fieldstart|move: Electric Terrain|[from] ability: Hadron Engine|[of] p2b: Miraidon\n|-enditem|p2a: Farigiraf|Electric Seed\n|-boost|p2a: Farigiraf|def|1|[from] item: Electric Seed\n|turn|1\n|\n|t:|1721116843\n|-terastallize|p1a: Calyrex|Ground\n|move|p2b: Miraidon|Volt Switch|p1a: Calyrex\n|-immune|p1a: Calyrex\n|move|p1a: Calyrex|Hyper Voice|p2b: Miraidon|[spread] p2a,p2b\n|-damage|p2a: Farigiraf|72\/100\n|-damage|p2b: Miraidon|67\/100\n|-enditem|p1a: Calyrex|Throat Spray\n|-boost|p1a: Calyrex|spa|1|[from] item: Throat Spray\n|move|p2a: Farigiraf|Foul Play|p1a: Calyrex\n|-damage|p1a: Calyrex|63\/100\n|replace|p1a: Zoroark|Zoroark-Hisui, L50, M\n|-end|p1a: Zoroark|Illusion\n|move|p1b: Meowscarada|Trick Room|p1b: Meowscarada\n|-fieldstart|move: Trick Room|[of] p1b: Meowscarada\n|\n|upkeep\n|turn|2\n|j| Auryz\n|j| test368\n|inactive|sccc1234 has 30 seconds left.\n|\n|t:|1721116872\n|switch|p2b: Iron Hands|Iron Hands, L50, shiny|100\/100\n|-activate|p2b: Iron Hands|ability: Quark Drive\n|-start|p2b: Iron Hands|quarkdriveatk\n|move|p2a: Farigiraf|Psychic|p1a: Zoroark\n|-damage|p1a: Zoroark|0 fnt\n|faint|p1a: Zoroark\n|move|p1b: Meowscarada|Knock Off|p2a: Farigiraf\n|-supereffective|p2a: Farigiraf\n|-damage|p2a: Farigiraf|28\/100\n|\n|upkeep\n|\n|t:|1721116884\n|switch|p1a: Torkoal|Torkoal, L50, M|100\/100\n|-weather|SunnyDay|[from] ability: Drought|[of] p1a: Torkoal\n|turn|3\n|\n|t:|1721116898\n|switch|p1b: Calyrex|Calyrex-Ice, L50|100\/100\n|-ability|p1b: Calyrex|As One\n|-ability|p1b: Calyrex|Unnerve\n|move|p2b: Iron Hands|Fake Out|p1a: Torkoal\n|-damage|p1a: Torkoal|85\/100\n|move|p1a: Torkoal|Eruption|p2a: Farigiraf|[spread] p2a,p2b\n|-damage|p2a: Farigiraf|0 fnt\n|-damage|p2b: Iron Hands|70\/100\n|faint|p2a: Farigiraf\n|\n|-weather|SunnyDay|[upkeep]\n|upkeep\n|\n|t:|1721116913\n|switch|p2a: Urshifu|Urshifu, L50, M|100\/100\n|turn|4\n|\n|t:|1721116928\n|move|p2a: Urshifu|Detect|p2a: Urshifu\n|-singleturn|p2a: Urshifu|Protect\n|move|p1a: Torkoal|Eruption|p2a: Urshifu|[spread] p2b\n|-activate|p2a: Urshifu|move: Protect\n|-damage|p2b: Iron Hands|39\/100\n|move|p1b: Calyrex|High Horsepower|p2b: Iron Hands\n|-supereffective|p2b: Iron Hands\n|-damage|p2b: Iron Hands|0 fnt\n|faint|p2b: Iron Hands\n|-end|p2b: Iron Hands|Quark Drive|[silent]\n|-ability|p1b: Calyrex|Chilling Neigh|boost\n|-boost|p1b: Calyrex|atk|1\n|\n|-weather|SunnyDay|[upkeep]\n|upkeep\n|\n|t:|1721116939\n|switch|p2b: Miraidon|Miraidon, L50|67\/100\n|-activate|p2b: Miraidon|ability: Hadron Engine\n|turn|5\n|-message|dhiaruga101 forfeited.\n|\n|win|sccc1234\n|raw|sccc1234's rating: 1659 &rarr; <strong>1686<\/strong><br \/>(+27 for winning)\n|raw|dhiaruga101's rating: 1783 &rarr; <strong>1756<\/strong><br \/>(-27 for losing)\n|l|\u2606dhiaruga101\n|player|p2|\n|j|\u2606dhiaruga101\n|player|p2|dhiaruga101|cynthia-gen4|\n|l| Auryz\n|l|\u2606sccc1234\n|player|p1|\n|l| test368\n|l|\u2606dhiaruga101\n|player|p2|\n","uploadtime":1721117138,"views":11,"formatid":"gen9vgc2024regg","rating":1686,"private":0,"password":null}