{"id":"gen9vgc2024regg-2161760559","format":"[Gen 9] VGC 2024 Reg G","players":["Chysialy","chuanOVO"],"log":"|j|\u2606Chysialy\n|j|\u2606chuanOVO\n|t:|1721110015\n|gametype|doubles\n|player|p1|Chysialy|iris-gen5bw2|1657\n|player|p2|chuanOVO|n|1735\n|teamsize|p1|6\n|teamsize|p2|6\n|gen|9\n|tier|[Gen 9] VGC 2024 Reg G\n|rated|\n|rule|Species Clause: Limit one of each Pok\u00e9mon\n|rule|Item Clause: Limit one of each item\n|clearpoke\n|poke|p1|Terapagos, L50, M|\n|poke|p1|Ogerpon-Wellspring, L50, F|\n|poke|p1|Incineroar, L50, F|\n|poke|p1|Annihilape, L50, M|\n|poke|p1|Comfey, L50, F|\n|poke|p1|Rillaboom, L50, M|\n|poke|p2|Miraidon, L50|\n|poke|p2|Ditto, L50|\n|poke|p2|Farigiraf, L50, F|\n|poke|p2|Iron Hands, L50|\n|poke|p2|Ogerpon-Hearthflame, L50, F|\n|poke|p2|Urshifu-*, L50, M|\n|teampreview|4\n|inactive|Battle timer is ON: inactive players will automatically lose when time's up. (requested by chuanOVO)\n|\n|t:|1721110049\n|start\n|switch|p1a: Terapagos|Terapagos, L50, M|100\/100\n|switch|p1b: Rillaboom|Rillaboom, L50, M|100\/100\n|switch|p2a: Ogerpon|Ogerpon-Hearthflame, L50, F|100\/100\n|switch|p2b: Miraidon|Miraidon, L50|100\/100\n|-activate|p1a: Terapagos|ability: Tera Shift\n|detailschange|p1a: Terapagos|Terapagos-Terastal, L50, M\n|-heal|p1a: Terapagos|100\/100|[silent]\n|-fieldstart|move: Electric Terrain|[from] ability: Hadron Engine|[of] p2b: Miraidon\n|-ability|p2a: Ogerpon|Mold Breaker\n|-fieldstart|move: Grassy Terrain|[from] ability: Grassy Surge|[of] p1b: Rillaboom\n|turn|1\n|\n|t:|1721110074\n|switch|p2b: Farigiraf|Farigiraf, L50, F|100\/100\n|move|p1b: Rillaboom|Fake Out||[still]\n|cant|p2b: Farigiraf|ability: Armor Tail|Fake Out|[of] p1b: Rillaboom\n|move|p2a: Ogerpon|Ivy Cudgel|p1b: Rillaboom|[anim] Ivy Cudgel Fire\n|-supereffective|p1b: Rillaboom\n|-damage|p1b: Rillaboom|0 fnt\n|faint|p1b: Rillaboom\n|move|p1a: Terapagos|Calm Mind|p1a: Terapagos\n|-boost|p1a: Terapagos|spa|1\n|-boost|p1a: Terapagos|spd|1\n|\n|upkeep\n|\n|t:|1721110084\n|switch|p1b: Incineroar|Incineroar, L50, F, shiny|100\/100\n|-ability|p1b: Incineroar|Intimidate|boost\n|-unboost|p2a: Ogerpon|atk|1\n|-unboost|p2b: Farigiraf|atk|1\n|turn|2\n|\n|t:|1721110096\n|move|p2a: Ogerpon|Encore|p1a: Terapagos\n|-start|p1a: Terapagos|Encore\n|move|p1a: Terapagos|Calm Mind|p1a: Terapagos\n|-boost|p1a: Terapagos|spa|1\n|-boost|p1a: Terapagos|spd|1\n|move|p2b: Farigiraf|Psychic Noise|p1a: Terapagos\n|-activate|p1a: Terapagos|ability: Tera Shell\n|-resisted|p1a: Terapagos\n|-damage|p1a: Terapagos|94\/100\n|move|p1b: Incineroar|Parting Shot|p2a: Ogerpon\n|-unboost|p2a: Ogerpon|atk|1\n|-unboost|p2a: Ogerpon|spa|1\n|\n|t:|1721110107\n|switch|p1b: Comfey|Comfey, L50, F|100\/100|[from] Parting Shot\n|\n|-heal|p1a: Terapagos|99\/100|[from] Grassy Terrain\n|upkeep\n|turn|3\n|\n|t:|1721110115\n|switch|p2a: Iron Hands|Iron Hands, L50, shiny|100\/100\n|move|p1a: Terapagos|Calm Mind|p1a: Terapagos\n|-boost|p1a: Terapagos|spa|1\n|-boost|p1a: Terapagos|spd|1\n|move|p1b: Comfey|Trick Room|p1b: Comfey\n|-fieldstart|move: Trick Room|[of] p1b: Comfey\n|move|p2b: Farigiraf|Trick Room|p2b: Farigiraf\n|-fieldend|move: Trick Room\n|\n|-heal|p1a: Terapagos|100\/100|[from] Grassy Terrain\n|upkeep\n|turn|4\n|\n|t:|1721110128\n|switch|p1b: Incineroar|Incineroar, L50, F, shiny|100\/100\n|-ability|p1b: Incineroar|Intimidate|boost\n|-unboost|p2a: Iron Hands|atk|1\n|-unboost|p2b: Farigiraf|atk|1\n|move|p1a: Terapagos|Calm Mind|p1a: Terapagos\n|-boost|p1a: Terapagos|spa|1\n|-boost|p1a: Terapagos|spd|1\n|move|p2b: Farigiraf|Psychic Noise|p1a: Terapagos\n|-activate|p1a: Terapagos|ability: Tera Shell\n|-resisted|p1a: Terapagos\n|-damage|p1a: Terapagos|97\/100\n|move|p2a: Iron Hands|Belly Drum|p2a: Iron Hands\n|-damage|p2a: Iron Hands|50\/100\n|-setboost|p2a: Iron Hands|atk|6|[from] move: Belly Drum\n|-enditem|p2a: Iron Hands|Sitrus Berry|[eat]\n|-heal|p2a: Iron Hands|75\/100|[from] item: Sitrus Berry\n|\n|-heal|p1a: Terapagos|100\/100|[from] Grassy Terrain\n|-heal|p2a: Iron Hands|82\/100|[from] Grassy Terrain\n|-end|p1a: Terapagos|Encore\n|upkeep\n|turn|5\n|inactive|Chysialy has 30 seconds left.\n|inactive|chuanOVO has 30 seconds left.\n|\n|t:|1721110161\n|-terastallize|p1a: Terapagos|Stellar\n|detailschange|p1a: Terapagos|Terapagos-Stellar, L50, M, tera:Stellar\n|-heal|p1a: Terapagos|100\/100|[silent]\n|-ability|p1a: Terapagos|Teraform Zero\n|-fieldend|move: Grassy Terrain\n|move|p2b: Farigiraf|Helping Hand|p2a: Iron Hands\n|-singleturn|p2a: Iron Hands|Helping Hand|[of] p2b: Farigiraf\n|move|p1a: Terapagos|Tera Starstorm|p2b: Farigiraf|[spread] p2a,p2b\n|-damage|p2a: Iron Hands|0 fnt\n|-damage|p2b: Farigiraf|0 fnt\n|faint|p2a: Iron Hands\n|-end|p2a: Iron Hands|Quark Drive|[silent]\n|faint|p2b: Farigiraf\n|move|p1b: Incineroar|Knock Off|p2: Iron Hands|[notarget]\n|-fail|p1b: Incineroar\n|\n|upkeep\n|\n|t:|1721110175\n|switch|p2b: Miraidon|Miraidon, L50|100\/100\n|switch|p2a: Ogerpon|Ogerpon-Hearthflame, L50, F|100\/100\n|-fieldstart|move: Electric Terrain|[from] ability: Hadron Engine|[of] p2b: Miraidon\n|-ability|p2a: Ogerpon|Mold Breaker\n|turn|6\n|inactive|chuanOVO has 30 seconds left.\n|\n|t:|1721110206\n|-terastallize|p2a: Ogerpon|Fire\n|detailschange|p2a: Ogerpon|Ogerpon-Hearthflame-Tera, L50, F, tera:Fire\n|-ability|p2a: Ogerpon|Embody Aspect (Hearthflame)|boost\n|-boost|p2a: Ogerpon|atk|1\n|move|p2b: Miraidon|Electro Drift|p1a: Terapagos\n|-damage|p1a: Terapagos|70\/100\n|move|p2a: Ogerpon|Ivy Cudgel|p1a: Terapagos|[anim] Ivy Cudgel Fire\n|-damage|p1a: Terapagos|1\/100\n|move|p1a: Terapagos|Tera Starstorm|p2b: Miraidon|[spread] p2a,p2b\n|-supereffective|p2a: Ogerpon\n|-damage|p2a: Ogerpon|0 fnt\n|-damage|p2b: Miraidon|10\/100\n|faint|p2a: Ogerpon\n|move|p1b: Incineroar|Parting Shot|p2b: Miraidon\n|-unboost|p2b: Miraidon|atk|1\n|-unboost|p2b: Miraidon|spa|1\n|\n|t:|1721110221\n|switch|p1b: Comfey|Comfey, L50, F|100\/100|[from] Parting Shot\n|\n|upkeep\n|turn|7\n|l|\u2606chuanOVO\n|inactive|chuanOVO disconnected and has a minute to reconnect!\n|player|p2|\n|j|\u2606chuanOVO\n|inactive|chuanOVO reconnected and has 45 seconds left.\n|player|p2|chuanOVO|n|\n|inactive|chuanOVO has 30 seconds left.\n|-message|chuanOVO forfeited.\n|\n|win|Chysialy\n|raw|Chysialy's rating: 1657 &rarr; <strong>1681<\/strong><br \/>(+24 for winning)\n|raw|chuanOVO's rating: 1735 &rarr; <strong>1711<\/strong><br \/>(-24 for losing)\n|l|\u2606chuanOVO\n|player|p2|\n|l|\u2606Chysialy\n|player|p1|\n","uploadtime":1721110422,"views":7,"formatid":"gen9vgc2024regg","rating":1681,"private":0,"password":null}