{"id":"gen9vgc2024regg-2161891623","format":"[Gen 9] VGC 2024 Reg G","players":["tuanzai233t","The Slimmest Jesus"],"log":"|j|\u2606tuanzai233t\n|j|\u2606The Slimmest Jesus\n|t:|1721134754\n|gametype|doubles\n|player|p1|tuanzai233t|102|1742\n|player|p2|The Slimmest Jesus|265|1707\n|teamsize|p1|6\n|teamsize|p2|6\n|gen|9\n|tier|[Gen 9] VGC 2024 Reg G\n|rated|\n|rule|Species Clause: Limit one of each Pok\u00e9mon\n|rule|Item Clause: Limit one of each item\n|clearpoke\n|poke|p1|Indeedee-F, L50, F|\n|poke|p1|Torkoal, L50, M|\n|poke|p1|Calyrex-Ice, L50|\n|poke|p1|Annihilape, L50, M|\n|poke|p1|Urshifu-*, L50, F|\n|poke|p1|Brute Bonnet, L50|\n|poke|p2|Miraidon, L50|\n|poke|p2|Iron Hands, L50|\n|poke|p2|Farigiraf, L50, M|\n|poke|p2|Ursaluna-Bloodmoon, L50, M|\n|poke|p2|Smeargle, L50, M|\n|poke|p2|Annihilape, L50, F|\n|teampreview|4\n|j| Maushold-11P\n|inactive|Battle timer is ON: inactive players will automatically lose when time's up. (requested by The Slimmest Jesus)\n|j| THUNDERSND77\n|inactive|The Slimmest Jesus has 60 seconds left.\n|l| THUNDERSND77\n|\n|t:|1721134808\n|start\n|switch|p1a: Calyrex|Calyrex-Ice, L50|100\/100\n|switch|p1b: Annihilape|Annihilape, L50, M|100\/100\n|switch|p2a: Farigiraf|Farigiraf, L50, M|100\/100\n|switch|p2b: Annihilape|Annihilape, L50, F|100\/100\n|-ability|p1a: Calyrex|As One\n|-ability|p1a: Calyrex|Unnerve\n|turn|1\n|inactive|The Slimmest Jesus has 30 seconds left.\n|inactive|The Slimmest Jesus has 20 seconds left.\n|\n|t:|1721134845\n|move|p1a: Calyrex|Protect|p1a: Calyrex\n|-singleturn|p1a: Calyrex|Protect\n|move|p1b: Annihilape|Final Gambit|p2a: Farigiraf\n|-damage|p2a: Farigiraf|5\/100\n|faint|p1b: Annihilape\n|move|p2b: Annihilape|U-turn|p1a: Calyrex\n|-activate|p1a: Calyrex|move: Protect\n|move|p2a: Farigiraf|Dazzling Gleam|p1a: Calyrex\n|-activate|p1a: Calyrex|move: Protect\n|\n|upkeep\n|\n|t:|1721134852\n|switch|p1b: Indeedee|Indeedee-F, L50, F|100\/100\n|-fieldstart|move: Psychic Terrain|[from] ability: Psychic Surge|[of] p1b: Indeedee\n|turn|2\n|l| Maushold-11P\n|inactive|The Slimmest Jesus has 30 seconds left.\n|inactive|The Slimmest Jesus has 20 seconds left.\n|inactive|The Slimmest Jesus has 15 seconds left.\n|inactive|The Slimmest Jesus has 10 seconds left.\n|\n|t:|1721134897\n|-terastallize|p1a: Calyrex|Fire\n|move|p2a: Farigiraf|Protect|p2a: Farigiraf\n|-singleturn|p2a: Farigiraf|Protect\n|move|p2b: Annihilape|U-turn|p1b: Indeedee\n|-supereffective|p1b: Indeedee\n|-damage|p1b: Indeedee|59\/100\n|\n|t:|1721134906\n|switch|p2b: Iron Hands|Iron Hands, L50|100\/100|[from] U-turn\n|move|p1a: Calyrex|Glacial Lance|p2a: Farigiraf|[spread] p2b\n|-activate|p2a: Farigiraf|move: Protect\n|-damage|p2b: Iron Hands|60\/100\n|move|p1b: Indeedee|Trick Room|p1b: Indeedee\n|-fieldstart|move: Trick Room|[of] p1b: Indeedee\n|\n|upkeep\n|turn|3\n|\n|t:|1721134925\n|-terastallize|p2b: Iron Hands|Water\n|move|p2a: Farigiraf|Helping Hand|p2b: Iron Hands\n|-singleturn|p2b: Iron Hands|Helping Hand|[of] p2a: Farigiraf\n|move|p1b: Indeedee|Helping Hand|p1a: Calyrex\n|-singleturn|p1a: Calyrex|Helping Hand|[of] p1b: Indeedee\n|move|p2b: Iron Hands|Drain Punch|p1a: Calyrex\n|-damage|p1a: Calyrex|56\/100\n|-heal|p2b: Iron Hands|78\/100|[from] drain|[of] p1a: Calyrex\n|move|p1a: Calyrex|Glacial Lance|p2a: Farigiraf|[spread] p2a,p2b\n|-resisted|p2b: Iron Hands\n|-damage|p2a: Farigiraf|0 fnt\n|-damage|p2b: Iron Hands|51\/100\n|faint|p2a: Farigiraf\n|-ability|p1a: Calyrex|Chilling Neigh|boost\n|-boost|p1a: Calyrex|atk|1\n|\n|upkeep\n|\n|t:|1721134944\n|switch|p2a: Annihilape|Annihilape, L50, F|100\/100\n|turn|4\n|inactive|The Slimmest Jesus has 30 seconds left.\n|inactive|The Slimmest Jesus has 20 seconds left.\n|inactive|The Slimmest Jesus has 15 seconds left.\n|inactive|The Slimmest Jesus has 10 seconds left.\n|inactive|The Slimmest Jesus has 5 seconds left.\n|\n|t:|1721134995\n|move|p1b: Indeedee|Follow Me|p1b: Indeedee\n|-singleturn|p1b: Indeedee|move: Follow Me\n|move|p2b: Iron Hands|Wild Charge|p1b: Indeedee\n|-damage|p1b: Indeedee|7\/100\n|-damage|p2b: Iron Hands|42\/100|[from] Recoil\n|move|p1a: Calyrex|Glacial Lance|p2a: Annihilape|[spread] p2a,p2b\n|-resisted|p2b: Iron Hands\n|-damage|p2a: Annihilape|10\/100\n|-damage|p2b: Iron Hands|13\/100\n|move|p2a: Annihilape|U-turn|p1b: Indeedee\n|-supereffective|p1b: Indeedee\n|-damage|p1b: Indeedee|0 fnt\n|faint|p1b: Indeedee\n|\n|t:|1721135017\n|switch|p2a: Miraidon|Miraidon, L50|100\/100|[from] U-turn\n|-fieldstart|move: Electric Terrain|[from] ability: Hadron Engine|[of] p2a: Miraidon\n|-activate|p2b: Iron Hands|ability: Quark Drive\n|-start|p2b: Iron Hands|quarkdriveatk\n|\n|upkeep\n|\n|t:|1721135019\n|switch|p1b: Torkoal|Torkoal, L50, M|100\/100\n|-weather|SunnyDay|[from] ability: Drought|[of] p1b: Torkoal\n|turn|5\n|\n|t:|1721135043\n|switch|p2a: Annihilape|Annihilape, L50, F|10\/100\n|move|p1b: Torkoal|Weather Ball|p2b: Iron Hands\n|-resisted|p2b: Iron Hands\n|-damage|p2b: Iron Hands|0 fnt\n|faint|p2b: Iron Hands\n|-end|p2b: Iron Hands|Quark Drive|[silent]\n|move|p1a: Calyrex|Glacial Lance|p2a: Annihilape\n|-damage|p2a: Annihilape|0 fnt\n|faint|p2a: Annihilape\n|-ability|p1a: Calyrex|Chilling Neigh|boost\n|-boost|p1a: Calyrex|atk|1\n|\n|-weather|SunnyDay|[upkeep]\n|upkeep\n|\n|t:|1721135059\n|switch|p2b: Miraidon|Miraidon, L50|100\/100\n|-activate|p2b: Miraidon|ability: Hadron Engine\n|turn|6\n|-message|The Slimmest Jesus forfeited.\n|\n|win|tuanzai233t\n|raw|tuanzai233t's rating: 1742 &rarr; <strong>1760<\/strong><br \/>(+18 for winning)\n|raw|The Slimmest Jesus's rating: 1707 &rarr; <strong>1689<\/strong><br \/>(-18 for losing)\n|l|\u2606The Slimmest Jesus\n|player|p2|\n|l|\u2606tuanzai233t\n|player|p1|\n","uploadtime":1721135277,"views":7,"formatid":"gen9vgc2024regg","rating":1689,"private":0,"password":null}