{"id":"gen9vgc2024regg-2161949598","format":"[Gen 9] VGC 2024 Reg G","players":["Thats2Sweatyyy","qiin5"],"log":"|j|\u2606Thats2Sweatyyy\n|j|\u2606qiin5\n|t:|1721142094\n|gametype|doubles\n|player|p1|Thats2Sweatyyy|102|1663\n|player|p2|qiin5|rosa|1699\n|teamsize|p1|6\n|teamsize|p2|6\n|gen|9\n|tier|[Gen 9] VGC 2024 Reg G\n|rated|\n|rule|Species Clause: Limit one of each Pok\u00e9mon\n|rule|Item Clause: Limit one of each item\n|clearpoke\n|poke|p1|Calyrex-Shadow, L50|\n|poke|p1|Klefki, L50, F|\n|poke|p1|Urshifu-*, L50, F|\n|poke|p1|Ursaluna-Bloodmoon, L50, M|\n|poke|p1|Tornadus, L50, M|\n|poke|p1|Araquanid, L50, M|\n|poke|p2|Dondozo, L50, M|\n|poke|p2|Chi-Yu, L50|\n|poke|p2|Weezing-Galar, L50, M|\n|poke|p2|Calyrex-Shadow, L50|\n|poke|p2|Tatsugiri-Droopy, L50, F|\n|poke|p2|Iron Hands, L50|\n|teampreview|4\n|inactive|Battle timer is ON: inactive players will automatically lose when time's up. (requested by Thats2Sweatyyy)\n|inactive|qiin5 has 60 seconds left.\n|\n|t:|1721142126\n|start\n|switch|p1a: Tornadus|Tornadus, L50, M|100\/100\n|switch|p1b: Ursaluna|Ursaluna-Bloodmoon, L50, M|100\/100\n|switch|p2a: Chi-Yu|Chi-Yu, L50|100\/100\n|switch|p2b: Calyrex|Calyrex-Shadow, L50|100\/100\n|-ability|p2b: Calyrex|As One\n|-ability|p2b: Calyrex|Unnerve\n|-ability|p2a: Chi-Yu|Beads of Ruin\n|turn|1\n|\n|t:|1721142139\n|switch|p2a: Weezing|Weezing-Galar, L50, M|100\/100\n|-ability|p2a: Weezing|Neutralizing Gas\n|-terastallize|p2b: Calyrex|Water\n|move|p1b: Ursaluna|Protect|p1b: Ursaluna\n|-singleturn|p1b: Ursaluna|Protect\n|move|p2b: Calyrex|Tera Blast|p1b: Ursaluna|[anim] Tera Blast Water\n|-activate|p1b: Ursaluna|move: Protect\n|move|p1a: Tornadus|Tailwind|p1a: Tornadus\n|-sidestart|p1: Thats2Sweatyyy|move: Tailwind\n|\n|upkeep\n|turn|2\n|inactive|Thats2Sweatyyy has 30 seconds left.\n|\n|t:|1721142173\n|move|p1a: Tornadus|Bleakwind Storm|p2b: Calyrex|[spread] \n|-miss|p1a: Tornadus|p2a: Weezing\n|-miss|p1a: Tornadus|p2b: Calyrex\n|move|p2b: Calyrex|Tera Blast|p1b: Ursaluna|[anim] Tera Blast Water\n|-supereffective|p1b: Ursaluna\n|-damage|p1b: Ursaluna|0 fnt\n|faint|p1b: Ursaluna\n|-ability|p2b: Calyrex|Grim Neigh|boost\n|-boost|p2b: Calyrex|spa|1\n|-damage|p2b: Calyrex|91\/100|[from] item: Life Orb\n|move|p2a: Weezing|Toxic Spikes|p1a: Tornadus\n|-sidestart|p1: Thats2Sweatyyy|move: Toxic Spikes\n|\n|upkeep\n|\n|t:|1721142182\n|switch|p1b: Calyrex|Calyrex-Shadow, L50|100\/100\n|-ability|p1b: Calyrex|As One\n|-ability|p1b: Calyrex|Unnerve\n|-status|p1b: Calyrex|psn\n|turn|3\n|inactive|qiin5 has 30 seconds left.\n|inactive|qiin5 has 20 seconds left.\n|inactive|qiin5 has 15 seconds left.\n|inactive|qiin5 has 10 seconds left.\n|\n|t:|1721142231\n|-terastallize|p1b: Calyrex|Normal\n|move|p2b: Calyrex|Protect|p2b: Calyrex\n|-singleturn|p2b: Calyrex|Protect\n|move|p2a: Weezing|Protect|p2a: Weezing\n|-singleturn|p2a: Weezing|Protect\n|move|p1b: Calyrex|Psyshock|p2a: Weezing\n|-activate|p2a: Weezing|move: Protect\n|move|p1a: Tornadus|Bleakwind Storm|p2a: Weezing|[spread] \n|-activate|p2a: Weezing|move: Protect\n|-activate|p2b: Calyrex|move: Protect\n|\n|-damage|p1b: Calyrex|88\/100 psn|[from] psn\n|upkeep\n|turn|4\n|inactive|qiin5 has 30 seconds left.\n|\n|t:|1721142257\n|switch|p2b: Iron Hands|Iron Hands, L50|100\/100\n|-end|p2a: Weezing|ability: Neutralizing Gas\n|switch|p2a: Chi-Yu|Chi-Yu, L50|100\/100\n|-ability|p2a: Chi-Yu|Beads of Ruin\n|move|p1b: Calyrex|Astral Barrage|p2b: Iron Hands|[spread] p2a,p2b\n|-resisted|p2a: Chi-Yu\n|-crit|p2a: Chi-Yu\n|-damage|p2a: Chi-Yu|55\/100\n|-damage|p2b: Iron Hands|55\/100\n|move|p1a: Tornadus|Bleakwind Storm|p2a: Chi-Yu|[spread] p2a,p2b\n|-crit|p2b: Iron Hands\n|-damage|p2a: Chi-Yu|14\/100\n|-damage|p2b: Iron Hands|7\/100\n|\n|-damage|p1b: Calyrex|76\/100 psn|[from] psn\n|-sideend|p1: Thats2Sweatyyy|move: Tailwind\n|upkeep\n|turn|5\n|\n|t:|1721142274\n|-end|p2b: Iron Hands|Quark Drive|[silent]\n|switch|p2b: Weezing|Weezing-Galar, L50, M|100\/100\n|-ability|p2b: Weezing|Neutralizing Gas\n|move|p1b: Calyrex|Protect|p1b: Calyrex\n|-singleturn|p1b: Calyrex|Protect\n|move|p2a: Chi-Yu|Overheat|p1b: Calyrex\n|-activate|p1b: Calyrex|move: Protect\n|move|p1a: Tornadus|Tailwind|p1a: Tornadus\n|-sidestart|p1: Thats2Sweatyyy|move: Tailwind\n|\n|-damage|p1b: Calyrex|64\/100 psn|[from] psn\n|upkeep\n|turn|6\n|-message|qiin5 forfeited.\n|\n|win|Thats2Sweatyyy\n|raw|Thats2Sweatyyy's rating: 1663 &rarr; <strong>1685<\/strong><br \/>(+22 for winning)\n|raw|qiin5's rating: 1699 &rarr; <strong>1677<\/strong><br \/>(-22 for losing)\n|l|\u2606qiin5\n|player|p2|\n|l|\u2606Thats2Sweatyyy\n|player|p1|\n","uploadtime":1721142498,"views":8,"formatid":"gen9vgc2024regg","rating":1677,"private":0,"password":null}