{"id":"gen9vgc2024regg-2161743493","format":"[Gen 9] VGC 2024 Reg G","players":["LechonkBro","war3infi"],"log":"|j|\u2606LechonkBro\n|j|\u2606war3infi\n|t:|1721106712\n|gametype|doubles\n|player|p1|LechonkBro|biker|1700\n|player|p2|war3infi|dawn|1841\n|teamsize|p1|6\n|teamsize|p2|6\n|gen|9\n|tier|[Gen 9] VGC 2024 Reg G\n|rated|\n|rule|Species Clause: Limit one of each Pok\u00e9mon\n|rule|Item Clause: Limit one of each item\n|clearpoke\n|poke|p1|Calyrex-Shadow, L50|\n|poke|p1|Indeedee-F, L50, F|\n|poke|p1|Flutter Mane, L50|\n|poke|p1|Tornadus, L50, M|\n|poke|p1|Chi-Yu, L50|\n|poke|p1|Urshifu-*, L50, F|\n|poke|p2|Calyrex-Ice, L50|\n|poke|p2|Annihilape, L50, F|\n|poke|p2|Smeargle, L50, F|\n|poke|p2|Ursaluna-Bloodmoon, L50, M|\n|poke|p2|Urshifu-*, L50, F|\n|poke|p2|Ogerpon-Wellspring, L50, F|\n|teampreview|4\n|inactive|Battle timer is ON: inactive players will automatically lose when time's up. (requested by LechonkBro)\n|\n|t:|1721106726\n|start\n|switch|p1a: Indeedee|Indeedee-F, L50, F|100\/100\n|switch|p1b: Urshifu|Urshifu-Rapid-Strike, L50, F|100\/100\n|switch|p2a: Calyrex|Calyrex-Ice, L50|100\/100\n|switch|p2b: Smeargle|Smeargle, L50, F|100\/100\n|-ability|p2a: Calyrex|As One\n|-ability|p2a: Calyrex|Unnerve\n|-fieldstart|move: Psychic Terrain|[from] ability: Psychic Surge|[of] p1a: Indeedee\n|-enditem|p1a: Indeedee|Psychic Seed\n|-boost|p1a: Indeedee|spd|1|[from] item: Psychic Seed\n|turn|1\n|j| FR0493\n|\n|t:|1721106745\n|-terastallize|p1b: Urshifu|Water\n|-terastallize|p2b: Smeargle|Grass\n|move|p1b: Urshifu|Surging Strikes|p2b: Smeargle\n|-resisted|p2b: Smeargle\n|-crit|p2b: Smeargle\n|-damage|p2b: Smeargle|83\/100\n|-resisted|p2b: Smeargle\n|-crit|p2b: Smeargle\n|-damage|p2b: Smeargle|65\/100\n|-resisted|p2b: Smeargle\n|-crit|p2b: Smeargle\n|-damage|p2b: Smeargle|46\/100\n|-hitcount|p2b: Smeargle|3\n|move|p1a: Indeedee|Imprison|p1a: Indeedee\n|-start|p1a: Indeedee|move: Imprison\n|move|p2a: Calyrex|Glacial Lance|p1b: Urshifu|[spread] p1a,p1b\n|-resisted|p1b: Urshifu\n|-damage|p1a: Indeedee|35\/100\n|-damage|p1b: Urshifu|68\/100\n|move|p2b: Smeargle|Spore|p1b: Urshifu\n|-status|p1b: Urshifu|slp|[from] move: Spore\n|\n|upkeep\n|turn|2\n|\n|t:|1721106768\n|cant|p1b: Urshifu|slp\n|move|p1a: Indeedee|Psychic|p2b: Smeargle\n|-damage|p2b: Smeargle|0 fnt\n|faint|p2b: Smeargle\n|move|p2a: Calyrex|Glacial Lance|p1b: Urshifu|[spread] p1a,p1b\n|-resisted|p1b: Urshifu\n|-damage|p1a: Indeedee|0 fnt\n|-damage|p1b: Urshifu|36\/100 slp\n|faint|p1a: Indeedee\n|-ability|p2a: Calyrex|Chilling Neigh|boost\n|-boost|p2a: Calyrex|atk|1\n|\n|upkeep\n|\n|t:|1721106782\n|switch|p1a: Calyrex|Calyrex-Shadow, L50|100\/100\n|switch|p2b: Urshifu|Urshifu, L50, F|100\/100\n|-ability|p1a: Calyrex|As One\n|-ability|p1a: Calyrex|Unnerve\n|turn|3\n|\n|t:|1721106792\n|switch|p1b: Chi-Yu|Chi-Yu, L50|100\/100\n|-ability|p1b: Chi-Yu|Beads of Ruin\n|move|p2a: Calyrex|Protect|p2a: Calyrex\n|-singleturn|p2a: Calyrex|Protect\n|move|p1a: Calyrex|Astral Barrage|p2b: Urshifu|[spread] p2b\n|-activate|p2a: Calyrex|move: Protect\n|-resisted|p2b: Urshifu\n|-damage|p2b: Urshifu|36\/100\n|move|p2b: Urshifu|Wicked Blow|p1a: Calyrex\n|-supereffective|p1a: Calyrex\n|-crit|p1a: Calyrex\n|-damage|p1a: Calyrex|0 fnt\n|faint|p1a: Calyrex\n|\n|upkeep\n|\n|t:|1721106808\n|switch|p1a: Urshifu|Urshifu-Rapid-Strike, L50, F, tera:Water|36\/100 slp\n|turn|4\n|\n|t:|1721106815\n|-curestatus|p1a: Urshifu|slp|[msg]\n|move|p1a: Urshifu|Surging Strikes|p2a: Calyrex\n|-crit|p2a: Calyrex\n|-damage|p2a: Calyrex|85\/100\n|-crit|p2a: Calyrex\n|-damage|p2a: Calyrex|68\/100\n|-crit|p2a: Calyrex\n|-damage|p2a: Calyrex|53\/100\n|-hitcount|p2a: Calyrex|3\n|move|p1b: Chi-Yu|Dark Pulse|p2a: Calyrex\n|-supereffective|p2a: Calyrex\n|-damage|p2a: Calyrex|0 fnt\n|faint|p2a: Calyrex\n|-damage|p1b: Chi-Yu|90\/100|[from] item: Life Orb\n|move|p2b: Urshifu|Wicked Blow|p1a: Urshifu\n|-crit|p1a: Urshifu\n|-damage|p1a: Urshifu|0 fnt\n|faint|p1a: Urshifu\n|\n|upkeep\n|\n|t:|1721106820\n|switch|p2a: Ursaluna|Ursaluna-Bloodmoon, L50, M|100\/100\n|turn|5\n|\n|t:|1721106839\n|move|p1b: Chi-Yu|Heat Wave|p2b: Urshifu|[spread] p2a,p2b\n|-damage|p2a: Ursaluna|33\/100\n|-damage|p2b: Urshifu|0 fnt\n|faint|p2b: Urshifu\n|-damage|p1b: Chi-Yu|80\/100|[from] item: Life Orb\n|move|p2a: Ursaluna|Earth Power|p1b: Chi-Yu\n|-supereffective|p1b: Chi-Yu\n|-damage|p1b: Chi-Yu|0 fnt\n|faint|p1b: Chi-Yu\n|-damage|p2a: Ursaluna|23\/100|[from] item: Life Orb\n|\n|win|war3infi\n|raw|LechonkBro's rating: 1700 &rarr; <strong>1688<\/strong><br \/>(-12 for losing)\n|raw|war3infi's rating: 1841 &rarr; <strong>1853<\/strong><br \/>(+12 for winning)\n|l|\u2606LechonkBro\n|player|p1|\n|l|\u2606war3infi\n|player|p2|\n|l| FR0493\n","uploadtime":1721106986,"views":33,"formatid":"gen9vgc2024regg","rating":1688,"private":0,"password":null}