{"id":"gen9vgc2024regg-2161913147","format":"[Gen 9] VGC 2024 Reg G","players":["Shamone Rider 13","Mutu77"],"log":"|j|\u2606Shamone Rider 13\n|j|\u2606Mutu77\n|t:|1721137691\n|gametype|doubles\n|player|p1|Shamone Rider 13|lucas|1733\n|player|p2|Mutu77|169|1692\n|teamsize|p1|6\n|teamsize|p2|6\n|gen|9\n|tier|[Gen 9] VGC 2024 Reg G\n|rated|\n|rule|Species Clause: Limit one of each Pok\u00e9mon\n|rule|Item Clause: Limit one of each item\n|clearpoke\n|poke|p1|Whimsicott, L50, M|\n|poke|p1|Flutter Mane, L50|\n|poke|p1|Calyrex-Shadow, L50|\n|poke|p1|Iron Hands, L50|\n|poke|p1|Clefairy, L50, M|\n|poke|p1|Ogerpon-Cornerstone, L50, F|\n|poke|p2|Zamazenta-*, L50|\n|poke|p2|Thundurus, L50, M|\n|poke|p2|Urshifu-*, L50, F|\n|poke|p2|Dragonite, L50, F|\n|poke|p2|Landorus, L50, M|\n|poke|p2|Iron Crown, L50|\n|teampreview|4\nShamone Rider 13 has agreed to open team sheets.\n|inactive|Battle timer is ON: inactive players will automatically lose when time's up. (requested by Shamone Rider 13)\n|\n|t:|1721137726\n|start\n|switch|p1a: Gilmour|Ogerpon-Cornerstone, L50, F|100\/100\n|switch|p1b: Flotte-M\u00e8che|Flutter Mane, L50|100\/100\n|switch|p2a: Iron Crown|Iron Crown, L50|100\/100\n|switch|p2b: Thundurus|Thundurus, L50, M|100\/100\n|-enditem|p2a: Iron Crown|Booster Energy\n|-activate|p2a: Iron Crown|ability: Quark Drive|[fromitem]\n|-start|p2a: Iron Crown|quarkdrivespa\n|turn|1\n|inactive|Mutu77 has 30 seconds left.\n|inactive|Mutu77 has 20 seconds left.\n|inactive|Shamone Rider 13 has 30 seconds left.\n|inactive|Mutu77 has 15 seconds left.\n|inactive|Shamone Rider 13 has 20 seconds left.\n|inactive|Mutu77 has 10 seconds left.\n|inactive|Shamone Rider 13 has 15 seconds left.\n|inactive|Mutu77 has 5 seconds left.\n|inactive|Shamone Rider 13 has 10 seconds left.\n|inactive|Shamone Rider 13 has 5 seconds left.\n|\n|t:|1721137791\n|-terastallize|p2a: Iron Crown|Dark\n|move|p2b: Thundurus|Thunder Wave|p1a: Gilmour\n|-status|p1a: Gilmour|par\n|move|p1b: Flotte-M\u00e8che|Shadow Ball|p2a: Iron Crown\n|-resisted|p2a: Iron Crown\n|-crit|p2a: Iron Crown\n|-damage|p2a: Iron Crown|63\/100\n|move|p2a: Iron Crown|Tachyon Cutter|p1a: Gilmour\n|-supereffective|p1a: Gilmour\n|-damage|p1a: Gilmour|20\/100 par\n|-supereffective|p1a: Gilmour\n|-damage|p1a: Gilmour|0 fnt\n|faint|p1a: Gilmour\n|-hitcount|p1: Gilmour|2\n|\n|upkeep\n|\n|t:|1721137804\n|switch|p1a: Shamone Rider|Calyrex-Shadow, L50|100\/100\n|-ability|p1a: Shamone Rider|As One\n|-ability|p1a: Shamone Rider|Unnerve\n|turn|2\n|\n|t:|1721137820\n|-end|p1b: Flotte-M\u00e8che|Protosynthesis|[silent]\n|switch|p1b: Piepi|Clefairy, L50, M, shiny|100\/100\n|move|p1a: Shamone Rider|Protect|p1a: Shamone Rider\n|-singleturn|p1a: Shamone Rider|Protect\n|move|p2a: Iron Crown|Protect|p2a: Iron Crown\n|-singleturn|p2a: Iron Crown|Protect\n|move|p2b: Thundurus|Eerie Impulse|p1a: Shamone Rider\n|-activate|p1a: Shamone Rider|move: Protect\n|\n|upkeep\n|turn|3\n|\n|t:|1721137840\n|move|p1b: Piepi|Helping Hand|p1a: Shamone Rider\n|-singleturn|p1a: Shamone Rider|Helping Hand|[of] p1b: Piepi\n|move|p2b: Thundurus|Eerie Impulse|p1a: Shamone Rider\n|-unboost|p1a: Shamone Rider|spa|2\n|move|p1a: Shamone Rider|Astral Barrage|p2b: Thundurus|[spread] p2a,p2b\n|-resisted|p2a: Iron Crown\n|-damage|p2a: Iron Crown|44\/100\n|-damage|p2b: Thundurus|44\/100\n|move|p2a: Iron Crown|Tachyon Cutter|p1b: Piepi\n|-supereffective|p1b: Piepi\n|-damage|p1b: Piepi|36\/100\n|-supereffective|p1b: Piepi\n|-damage|p1b: Piepi|0 fnt\n|faint|p1b: Piepi\n|-hitcount|p1: Piepi|2\n|\n|upkeep\n|\n|t:|1721137845\n|switch|p1b: Flotte-M\u00e8che|Flutter Mane, L50|100\/100\n|turn|4\n|inactive|Mutu77 has 30 seconds left.\n|inactive|Mutu77 has 20 seconds left.\n|\n|t:|1721137881\n|move|p2b: Thundurus|Thunder Wave|p1b: Flotte-M\u00e8che\n|-status|p1b: Flotte-M\u00e8che|par\n|move|p1a: Shamone Rider|Astral Barrage|p2a: Iron Crown|[spread] p2a,p2b\n|-resisted|p2a: Iron Crown\n|-damage|p2a: Iron Crown|31\/100\n|-damage|p2b: Thundurus|5\/100\n|move|p2a: Iron Crown|Tachyon Cutter|p1b: Flotte-M\u00e8che\n|-supereffective|p1b: Flotte-M\u00e8che\n|-damage|p1b: Flotte-M\u00e8che|37\/100 par\n|-supereffective|p1b: Flotte-M\u00e8che\n|-damage|p1b: Flotte-M\u00e8che|0 fnt\n|faint|p1b: Flotte-M\u00e8che\n|-end|p1b: Flotte-M\u00e8che|Protosynthesis|[silent]\n|-hitcount|p1: Flotte-M\u00e8che|2\n|\n|upkeep\n|turn|5\n|j| vsTianvs\n|\n|t:|1721137899\n|move|p2b: Thundurus|Thunder Wave|p1a: Shamone Rider\n|-status|p1a: Shamone Rider|par\n|move|p2a: Iron Crown|Tachyon Cutter|p1a: Shamone Rider\n|-damage|p1a: Shamone Rider|68\/100 par\n|-damage|p1a: Shamone Rider|36\/100 par\n|-hitcount|p1a: Shamone Rider|2\n|move|p1a: Shamone Rider|Astral Barrage|p2a: Iron Crown|[spread] p2a,p2b\n|-resisted|p2a: Iron Crown\n|-damage|p2a: Iron Crown|18\/100\n|-damage|p2b: Thundurus|0 fnt\n|faint|p2b: Thundurus\n|-ability|p1a: Shamone Rider|Grim Neigh|boost\n|-boost|p1a: Shamone Rider|spa|1\n|\n|upkeep\n|l| vsTianvs\n|-message|Shamone Rider 13 forfeited.\n|\n|win|Mutu77\n|raw|Shamone Rider 13's rating: 1733 &rarr; <strong>1711<\/strong><br \/>(-22 for losing)\n|raw|Mutu77's rating: 1692 &rarr; <strong>1714<\/strong><br \/>(+22 for winning)\n|l|\u2606Mutu77\n|player|p2|\n","uploadtime":1721137912,"views":130,"formatid":"gen9vgc2024regg","rating":1711,"private":0,"password":null}