{"id":"gen9vgc2024regg-2161714751","format":"[Gen 9] VGC 2024 Reg G","players":["jaNSOM","war3infi"],"log":"|j|\u2606jaNSOM\n|j|\u2606war3infi\n|t:|1721101845\n|gametype|doubles\n|player|p1|jaNSOM|pokemonbreeder|1688\n|player|p2|war3infi|dawn|1830\n|teamsize|p1|6\n|teamsize|p2|6\n|gen|9\n|tier|[Gen 9] VGC 2024 Reg G\n|rated|\n|rule|Species Clause: Limit one of each Pok\u00e9mon\n|rule|Item Clause: Limit one of each item\n|clearpoke\n|poke|p1|Kyogre, L50|\n|poke|p1|Incineroar, L50, M|\n|poke|p1|Wo-Chien, L50|\n|poke|p1|Grimmsnarl, L50, M|\n|poke|p1|Urshifu-*, L50, F|\n|poke|p1|Iron Jugulis, L50|\n|poke|p2|Calyrex-Ice, L50|\n|poke|p2|Annihilape, L50, M|\n|poke|p2|Smeargle, L50, M|\n|poke|p2|Ursaluna-Bloodmoon, L50, M|\n|poke|p2|Urshifu-*, L50, F|\n|poke|p2|Ogerpon-Wellspring, L50, F|\n|teampreview|4\njaNSOM has agreed to open team sheets.\n|inactive|Battle timer is ON: inactive players will automatically lose when time's up. (requested by war3infi)\nwar3infi rejected open team sheets.\n|\n|t:|1721101910\n|start\n|switch|p1a: Kyogre|Kyogre, L50|100\/100\n|switch|p1b: Iron Jugulis|Iron Jugulis, L50|100\/100\n|switch|p2a: Calyrex|Calyrex-Ice, L50|100\/100\n|switch|p2b: Annihilape|Annihilape, L50, M|100\/100\n|-ability|p2a: Calyrex|As One\n|-ability|p2a: Calyrex|Unnerve\n|-weather|RainDance|[from] ability: Drizzle|[of] p1a: Kyogre\n|-enditem|p1b: Iron Jugulis|Booster Energy\n|-activate|p1b: Iron Jugulis|ability: Quark Drive|[fromitem]\n|-start|p1b: Iron Jugulis|quarkdrivespe\n|turn|1\n|\n|t:|1721101921\n|switch|p2b: Ogerpon|Ogerpon-Wellspring, L50, F|100\/100\n|-terastallize|p2a: Calyrex|Water\n|move|p1b: Iron Jugulis|Hurricane|p2b: Ogerpon\n|-supereffective|p2b: Ogerpon\n|-damage|p2b: Ogerpon|16\/100\n|-start|p2b: Ogerpon|confusion\n|move|p1a: Kyogre|Water Spout|p2b: Ogerpon|[spread] p2a\n|-heal|p2b: Ogerpon|41\/100|[from] ability: Water Absorb|[of] p1a: Kyogre\n|-resisted|p2a: Calyrex\n|-damage|p2a: Calyrex|69\/100\n|move|p2a: Calyrex|Trick Room|p2a: Calyrex\n|-fieldstart|move: Trick Room|[of] p2a: Calyrex\n|\n|-weather|RainDance|[upkeep]\n|upkeep\n|turn|2\n|\n|t:|1721101941\n|-end|p1b: Iron Jugulis|Quark Drive|[silent]\n|switch|p1b: Wo-Chien|Wo-Chien, L50|100\/100\n|-ability|p1b: Wo-Chien|Tablets of Ruin\n|move|p2a: Calyrex|Glacial Lance|p1b: Wo-Chien|[spread] p1a,p1b\n|-resisted|p1a: Kyogre\n|-supereffective|p1b: Wo-Chien\n|-damage|p1a: Kyogre|82\/100\n|-damage|p1b: Wo-Chien|28\/100\n|move|p1a: Kyogre|Thunder|p2a: Calyrex\n|-supereffective|p2a: Calyrex\n|-damage|p2a: Calyrex|10\/100\n|-enditem|p2a: Calyrex|Sitrus Berry|[eat]\n|-heal|p2a: Calyrex|35\/100|[from] item: Sitrus Berry\n|-activate|p2b: Ogerpon|confusion\n|-damage|p2b: Ogerpon|29\/100|[from] confusion\n|\n|-weather|RainDance|[upkeep]\n|-heal|p1b: Wo-Chien|34\/100|[from] item: Leftovers\n|upkeep\n|turn|3\n|j| DittoTang\n|inactive|jaNSOM has 30 seconds left.\n|\n|t:|1721101972\n|-activate|p2b: Ogerpon|confusion\n|-damage|p2b: Ogerpon|18\/100|[from] confusion\n|move|p2a: Calyrex|Glacial Lance|p1b: Wo-Chien|[spread] p1a,p1b\n|-resisted|p1a: Kyogre\n|-supereffective|p1b: Wo-Chien\n|-damage|p1a: Kyogre|62\/100\n|-damage|p1b: Wo-Chien|0 fnt\n|faint|p1b: Wo-Chien\n|-ability|p2a: Calyrex|Chilling Neigh|boost\n|-boost|p2a: Calyrex|atk|1\n|move|p1a: Kyogre|Thunder|p2a: Calyrex\n|-supereffective|p2a: Calyrex\n|-damage|p2a: Calyrex|0 fnt\n|faint|p2a: Calyrex\n|\n|-weather|RainDance|[upkeep]\n|upkeep\n|\n|t:|1721101984\n|switch|p2a: Urshifu|Urshifu, L50, F|100\/100\n|switch|p1b: Grimmsnarl|Grimmsnarl, L50, M|100\/100\n|turn|4\n|inactive|jaNSOM has 30 seconds left.\n|inactive|jaNSOM has 20 seconds left.\n|inactive|jaNSOM has 15 seconds left.\n|\n|t:|1721102025\n|-end|p2b: Ogerpon|confusion\n|move|p2b: Ogerpon|Follow Me|p2b: Ogerpon\n|-singleturn|p2b: Ogerpon|move: Follow Me\n|move|p1b: Grimmsnarl|Spirit Break|p2b: Ogerpon\n|-damage|p2b: Ogerpon|0 fnt\n|faint|p2b: Ogerpon\n|move|p2a: Urshifu|Wicked Blow|p1a: Kyogre\n|-crit|p1a: Kyogre\n|-damage|p1a: Kyogre|0 fnt\n|faint|p1a: Kyogre\n|\n|-weather|RainDance|[upkeep]\n|upkeep\n|\n|t:|1721102035\n|switch|p1a: Iron Jugulis|Iron Jugulis, L50|100\/100\n|switch|p2b: Annihilape|Annihilape, L50, M|100\/100\n|turn|5\n|j| rabbihorn\n|inactive|jaNSOM has 30 seconds left.\n|j| trisew\n|\n|t:|1721102066\n|move|p1b: Grimmsnarl|Spirit Break|p2b: Annihilape\n|-supereffective|p2b: Annihilape\n|-enditem|p2b: Annihilape|Roseli Berry|[eat]\n|-enditem|p2b: Annihilape|Roseli Berry|[weaken]\n|-damage|p2b: Annihilape|74\/100\n|-unboost|p2b: Annihilape|spa|1\n|-ability|p2b: Annihilape|Defiant|boost\n|-boost|p2b: Annihilape|atk|2\n|move|p2a: Urshifu|Wicked Blow|p1a: Iron Jugulis\n|-resisted|p1a: Iron Jugulis\n|-crit|p1a: Iron Jugulis\n|-damage|p1a: Iron Jugulis|56\/100\n|move|p2b: Annihilape|Close Combat|p1a: Iron Jugulis\n|-damage|p1a: Iron Jugulis|0 fnt\n|-unboost|p2b: Annihilape|def|1\n|-unboost|p2b: Annihilape|spd|1\n|faint|p1a: Iron Jugulis\n|-end|p1a: Iron Jugulis|Quark Drive|[silent]\n|\n|-weather|none\n|-fieldend|move: Trick Room\n|upkeep\n|turn|6\n|l| DittoTang\n|inactive|jaNSOM has 30 seconds left.\n|\n|t:|1721102094\n|move|p2b: Annihilape|Close Combat|p1b: Grimmsnarl\n|-damage|p1b: Grimmsnarl|11\/100\n|-unboost|p2b: Annihilape|def|1\n|-unboost|p2b: Annihilape|spd|1\n|move|p2a: Urshifu|Wicked Blow|p1b: Grimmsnarl\n|-resisted|p1b: Grimmsnarl\n|-crit|p1b: Grimmsnarl\n|-damage|p1b: Grimmsnarl|0 fnt\n|faint|p1b: Grimmsnarl\n|\n|win|war3infi\n|raw|jaNSOM's rating: 1688 &rarr; <strong>1676<\/strong><br \/>(-12 for losing)\n|raw|war3infi's rating: 1830 &rarr; <strong>1842<\/strong><br \/>(+12 for winning)\n|l|\u2606jaNSOM\n|player|p1|\n","uploadtime":1721102103,"views":15,"formatid":"gen9vgc2024regg","rating":1676,"private":0,"password":null}