{"id":"gen9vgc2024regg-2161372477","format":"[Gen 9] VGC 2024 Reg G","players":["ccc2014","actuary97"],"log":"|j|\u2606ccc2014\n|j|\u2606actuary97\n|t:|1721059398\n|gametype|doubles\n|player|p1|ccc2014|dawn|1757\n|player|p2|actuary97|sabrina-lgpe|1705\n|teamsize|p1|6\n|teamsize|p2|6\n|gen|9\n|tier|[Gen 9] VGC 2024 Reg G\n|rated|\n|rule|Species Clause: Limit one of each Pok\u00e9mon\n|rule|Item Clause: Limit one of each item\n|clearpoke\n|poke|p1|Urshifu-*, L50, M|\n|poke|p1|Clefairy, L50, F|\n|poke|p1|Incineroar, L50, M|\n|poke|p1|Grimmsnarl, L50, M|\n|poke|p1|Calyrex-Shadow, L50|\n|poke|p1|Raging Bolt, L50|\n|poke|p2|Amoonguss, L50, M|\n|poke|p2|Whimsicott, L50, M|\n|poke|p2|Comfey, L50, M|\n|poke|p2|Kyogre, L50|\n|poke|p2|Archaludon, L50, M|\n|poke|p2|Moltres-Galar, L50|\n|teampreview|4\n|inactive|Battle timer is ON: inactive players will automatically lose when time's up. (requested by ccc2014)\nactuary97 has agreed to open team sheets.\n|inactive|ccc2014 has 60 seconds left.\n|inactive|actuary97 has 60 seconds left.\n|inactive|ccc2014 has 30 seconds left.\n|inactive|ccc2014 has 20 seconds left.\n|inactive|ccc2014 has 15 seconds left.\n|inactive|ccc2014 has 10 seconds left.\n|\n|t:|1721059486\n|start\n|switch|p1a: Grimmsnarl|Grimmsnarl, L50, M, shiny|100\/100\n|switch|p1b: Urshifu|Urshifu-Rapid-Strike, L50, M|100\/100\n|switch|p2a: Moltres|Moltres-Galar, L50, shiny|100\/100\n|switch|p2b: Amoonguss|Amoonguss, L50, M, shiny|100\/100\n|turn|1\n|\n|t:|1721059508\n|switch|p2a: Archaludon|Archaludon, L50, M, shiny|100\/100\n|switch|p1b: Raging Bolt|Raging Bolt, L50|100\/100\n|move|p1a: Grimmsnarl|Taunt|p2b: Amoonguss\n|-start|p2b: Amoonguss|move: Taunt\n|cant|p2b: Amoonguss|move: Taunt|Spore\n|\n|upkeep\n|turn|2\n|inactive|ccc2014 has 30 seconds left.\n|\n|t:|1721059533\n|switch|p2b: Moltres|Moltres-Galar, L50, shiny|100\/100\n|move|p1a: Grimmsnarl|Light Screen|p1a: Grimmsnarl\n|-sidestart|p1: ccc2014|move: Light Screen\n|move|p2a: Archaludon|Snarl|p1b: Raging Bolt|[spread] p1a,p1b\n|-resisted|p1a: Grimmsnarl\n|-damage|p1a: Grimmsnarl|99\/100\n|-damage|p1b: Raging Bolt|96\/100\n|-unboost|p1a: Grimmsnarl|spa|1\n|-unboost|p1b: Raging Bolt|spa|1\n|move|p1b: Raging Bolt|Volt Switch|p2b: Moltres\n|-supereffective|p2b: Moltres\n|-damage|p2b: Moltres|64\/100\n|\n|t:|1721059547\n|-end|p1b: Raging Bolt|Protosynthesis|[silent]\n|switch|p1b: Calyrex|Calyrex-Shadow, L50|100\/100|[from] Volt Switch\n|-ability|p1b: Calyrex|As One\n|-ability|p1b: Calyrex|Unnerve\n|\n|upkeep\n|turn|3\n|\n|t:|1721059560\n|-terastallize|p1b: Calyrex|Fairy\n|move|p1a: Grimmsnarl|Thunder Wave|p2a: Archaludon\n|-status|p2a: Archaludon|par\n|move|p1b: Calyrex|Nasty Plot|p1b: Calyrex\n|-boost|p1b: Calyrex|spa|2\n|move|p2b: Moltres|Snarl|p1a: Grimmsnarl|[spread] p1a,p1b\n|-resisted|p1a: Grimmsnarl\n|-crit|p1a: Grimmsnarl\n|-resisted|p1b: Calyrex\n|-damage|p1a: Grimmsnarl|93\/100\n|-damage|p1b: Calyrex|96\/100\n|-unboost|p1a: Grimmsnarl|spa|1\n|-enditem|p2b: Moltres|Throat Spray\n|-boost|p2b: Moltres|spa|1|[from] item: Throat Spray\n|move|p2a: Archaludon|Snarl|p1b: Calyrex|[spread] p1a,p1b\n|-resisted|p1a: Grimmsnarl\n|-resisted|p1b: Calyrex\n|-damage|p1a: Grimmsnarl|91\/100\n|-damage|p1b: Calyrex|93\/100\n|-unboost|p1a: Grimmsnarl|spa|1\n|\n|upkeep\n|turn|4\n|inactive|ccc2014 has 30 seconds left.\n|inactive|actuary97 has 30 seconds left.\n|inactive|ccc2014 has 20 seconds left.\n|inactive|ccc2014 has 15 seconds left.\n|inactive|ccc2014 has 10 seconds left.\n|\n|t:|1721059607\n|move|p1b: Calyrex|Protect|p1b: Calyrex\n|-singleturn|p1b: Calyrex|Protect\n|move|p2b: Moltres|Protect|p2b: Moltres\n|-singleturn|p2b: Moltres|Protect\n|move|p1a: Grimmsnarl|Reflect|p1a: Grimmsnarl\n|-sidestart|p1: ccc2014|Reflect\n|move|p2a: Archaludon|Flash Cannon|p1b: Calyrex\n|-activate|p1b: Calyrex|move: Protect\n|\n|upkeep\n|turn|5\n|inactive|ccc2014 has 30 seconds left.\n|\n|t:|1721059633\n|move|p1a: Grimmsnarl|Taunt|p2b: Moltres\n|-hint|Since gen 7, Dark is immune to Prankster moves.\n|-immune|p2b: Moltres\n|move|p1b: Calyrex|Draining Kiss|p2b: Moltres\n|-supereffective|p2b: Moltres\n|-damage|p2b: Moltres|0 fnt\n|-heal|p1b: Calyrex|100\/100|[from] drain|[of] p2b: Moltres\n|faint|p2b: Moltres\n|-ability|p1b: Calyrex|Grim Neigh|boost\n|-boost|p1b: Calyrex|spa|1\n|move|p2a: Archaludon|Flash Cannon|p1b: Calyrex\n|-supereffective|p1b: Calyrex\n|-damage|p1b: Calyrex|52\/100\n|\n|upkeep\n|\n|t:|1721059640\n|switch|p2b: Amoonguss|Amoonguss, L50, M, shiny|100\/100\n|turn|6\n|\n|t:|1721059664\n|-terastallize|p2b: Amoonguss|Dark\n|move|p1b: Calyrex|Protect|p1b: Calyrex\n|-singleturn|p1b: Calyrex|Protect\n|move|p1a: Grimmsnarl|Taunt|p2b: Amoonguss\n|-hint|Since gen 7, Dark is immune to Prankster moves.\n|-immune|p2b: Amoonguss\n|move|p2a: Archaludon|Flash Cannon|p1b: Calyrex\n|-activate|p1b: Calyrex|move: Protect\n|move|p2b: Amoonguss|Spore|p1b: Calyrex\n|-activate|p1b: Calyrex|move: Protect\n|\n|upkeep\n|turn|7\n|j| Iono-Elec\n|inactive|ccc2014 has 30 seconds left.\n|\n|t:|1721059689\n|switch|p1a: Urshifu|Urshifu-Rapid-Strike, L50, M|100\/100\n|move|p1b: Calyrex|Draining Kiss|p2b: Amoonguss\n|-supereffective|p2b: Amoonguss\n|-damage|p2b: Amoonguss|0 fnt\n|-heal|p1b: Calyrex|100\/100|[from] drain|[of] p2b: Amoonguss\n|-damage|p1b: Calyrex|84\/100|[from] item: Rocky Helmet|[of] p2b: Amoonguss\n|faint|p2b: Amoonguss\n|-ability|p1b: Calyrex|Grim Neigh|boost\n|-boost|p1b: Calyrex|spa|1\n|move|p2a: Archaludon|Electro Shot||[still]\n|-prepare|p2a: Archaludon|Electro Shot\n|-boost|p2a: Archaludon|spa|1\n|\n|upkeep\n|-message|actuary97 forfeited.\n|\n|win|ccc2014\n|raw|ccc2014's rating: 1757 &rarr; <strong>1774<\/strong><br \/>(+17 for winning)\n|raw|actuary97's rating: 1705 &rarr; <strong>1688<\/strong><br \/>(-17 for losing)\n|l|\u2606actuary97\n|player|p2|\n|l|\u2606ccc2014\n|player|p1|\n|l| Iono-Elec\n","uploadtime":1721059931,"views":31,"formatid":"gen9vgc2024regg","rating":1688,"private":0,"password":null}