{"id":"gen9vgc2024regg-2161661077","format":"[Gen 9] VGC 2024 Reg G","players":["navinsachump","Paradox Mourinho"],"log":"|j|\u2606navinsachump\n|j|\u2606Paradox Mourinho\n|t:|1721094323\n|gametype|doubles\n|player|p1|navinsachump|169|1713\n|player|p2|Paradox Mourinho|lance|1798\n|teamsize|p1|6\n|teamsize|p2|6\n|gen|9\n|tier|[Gen 9] VGC 2024 Reg G\n|rated|\n|rule|Species Clause: Limit one of each Pok\u00e9mon\n|rule|Item Clause: Limit one of each item\n|clearpoke\n|poke|p1|Calyrex-Ice, L50|\n|poke|p1|Indeedee-F, L50, F|\n|poke|p1|Ursaluna-Bloodmoon, L50, M|\n|poke|p1|Flutter Mane, L50|\n|poke|p1|Archaludon, L50, M|\n|poke|p1|Urshifu-*, L50, F|\n|poke|p2|Calyrex-Shadow, L50|\n|poke|p2|Maushold, L50|\n|poke|p2|Tatsugiri, L50, M|\n|poke|p2|Dondozo, L50, M|\n|poke|p2|Mienshao, L50, F|\n|poke|p2|Weezing-Galar, L50, F|\n|teampreview|4\n|j| Auryz\n|inactive|Battle timer is ON: inactive players will automatically lose when time's up. (requested by navinsachump)\n|inactive|Paradox Mourinho also wants the timer to be on.\nnavinsachump rejected open team sheets.\n|\n|t:|1721094356\n|start\n|switch|p1a: Calyrex|Calyrex-Ice, L50|100\/100\n|switch|p1b: Archaludon|Archaludon, L50, M|100\/100\n|switch|p2a: Calyrex|Calyrex-Shadow, L50|100\/100\n|switch|p2b: Weezing|Weezing-Galar, L50, F|100\/100\n|-ability|p2a: Calyrex|As One\n|-ability|p2a: Calyrex|Unnerve\n|-ability|p2b: Weezing|Neutralizing Gas\n|-ability|p1a: Calyrex|As One\n|-ability|p1a: Calyrex|Unnerve\n|turn|1\n|j| Luxraykeeper\n|\n|t:|1721094373\n|-terastallize|p2a: Calyrex|Ghost\n|-terastallize|p1a: Calyrex|Water\n|move|p2a: Calyrex|Astral Barrage|p1a: Calyrex|[spread] p1a,p1b\n|-damage|p1a: Calyrex|27\/100\n|-damage|p1b: Archaludon|25\/100\n|move|p1b: Archaludon|Draco Meteor|p2a: Calyrex\n|-damage|p2a: Calyrex|37\/100\n|-unboost|p1b: Archaludon|spa|2\n|move|p2b: Weezing|Taunt|p1a: Calyrex\n|-start|p1a: Calyrex|move: Taunt\n|cant|p1a: Calyrex|move: Taunt|Trick Room\n|\n|upkeep\n|turn|2\n|\n|t:|1721094391\n|switch|p1b: Indeedee|Indeedee-F, L50, F|100\/100\n|switch|p1a: Ursaluna|Ursaluna-Bloodmoon, L50, M|100\/100\n|move|p2a: Calyrex|Astral Barrage|p1a: Ursaluna|[spread] \n|-immune|p1a: Ursaluna\n|-immune|p1b: Indeedee\n|move|p2b: Weezing|Strange Steam|p1b: Indeedee\n|-damage|p1b: Indeedee|76\/100\n|\n|upkeep\n|turn|3\n|\n|t:|1721094414\n|switch|p2a: Dondozo|Dondozo, L50, M|100\/100\n|move|p1b: Indeedee|Follow Me|p1b: Indeedee\n|-singleturn|p1b: Indeedee|move: Follow Me\n|move|p2b: Weezing|Taunt|p1b: Indeedee\n|-start|p1b: Indeedee|move: Taunt\n|move|p1a: Ursaluna|Blood Moon|p2a: Dondozo\n|-damage|p2a: Dondozo|11\/100\n|-damage|p1a: Ursaluna|91\/100|[from] item: Life Orb\n|\n|-heal|p2a: Dondozo|17\/100|[from] item: Leftovers\n|upkeep\n|turn|4\n|inactive|Paradox Mourinho has 30 seconds left.\n|inactive|navinsachump has 30 seconds left.\n|\n|t:|1721094452\n|move|p2a: Dondozo|Protect|p2a: Dondozo\n|-singleturn|p2a: Dondozo|Protect\n|move|p1b: Indeedee|Psychic|p2b: Weezing\n|-supereffective|p2b: Weezing\n|-damage|p2b: Weezing|41\/100\n|-enditem|p2b: Weezing|Sitrus Berry|[eat]\n|-heal|p2b: Weezing|66\/100|[from] item: Sitrus Berry\n|move|p2b: Weezing|Sludge Bomb|p1b: Indeedee\n|-damage|p1b: Indeedee|52\/100\n|move|p1a: Ursaluna|Hyper Voice|p2a: Dondozo|[spread] p2b\n|-activate|p2a: Dondozo|move: Protect\n|-damage|p2b: Weezing|13\/100\n|-damage|p1a: Ursaluna|81\/100|[from] item: Life Orb\n|\n|-heal|p2a: Dondozo|23\/100|[from] item: Leftovers\n|upkeep\n|turn|5\n|inactive|navinsachump has 30 seconds left.\n|\n|t:|1721094483\n|switch|p1b: Calyrex|Calyrex-Ice, L50, tera:Water|27\/100\n|-ability|p1b: Calyrex|As One\n|-ability|p1b: Calyrex|Unnerve\n|-end|p2b: Weezing|ability: Neutralizing Gas\n|switch|p2b: Tatsugiri|Tatsugiri, L50, M|100\/100\n|-activate|p2b: Tatsugiri|ability: Commander|[of] p2a: Dondozo\n|-boost|p2a: Dondozo|atk|2\n|-boost|p2a: Dondozo|spa|2\n|-boost|p2a: Dondozo|spe|2\n|-boost|p2a: Dondozo|def|2\n|-boost|p2a: Dondozo|spd|2\n|move|p2a: Dondozo|Wave Crash|p1a: Ursaluna\n|-supereffective|p1a: Ursaluna\n|-damage|p1a: Ursaluna|0 fnt\n|faint|p1a: Ursaluna\n|-damage|p2a: Dondozo|0 fnt|[from] Recoil\n|faint|p2a: Dondozo\n|\n|upkeep\n|\n|t:|1721094503\n|switch|p1a: Indeedee|Indeedee-F, L50, F|52\/100\n|switch|p2a: Calyrex|Calyrex-Shadow, L50, tera:Ghost|37\/100\n|-ability|p2a: Calyrex|As One\n|-ability|p2a: Calyrex|Unnerve\n|-fieldstart|move: Psychic Terrain|[from] ability: Psychic Surge|[of] p1a: Indeedee\n|turn|6\n|\n|t:|1721094518\n|move|p1a: Indeedee|Follow Me|p1a: Indeedee\n|-singleturn|p1a: Indeedee|move: Follow Me\n|move|p2a: Calyrex|Pollen Puff|p1a: Indeedee\n|-supereffective|p1a: Indeedee\n|-damage|p1a: Indeedee|0 fnt\n|faint|p1a: Indeedee\n|-ability|p2a: Calyrex|Grim Neigh|boost\n|-boost|p2a: Calyrex|spa|1\n|move|p2b: Tatsugiri|Dragon Pulse|p1b: Calyrex\n|-damage|p1b: Calyrex|0 fnt\n|faint|p1b: Calyrex\n|\n|upkeep\n|l| Auryz\n|\n|t:|1721094529\n|switch|p1b: Archaludon|Archaludon, L50, M|25\/100\n|turn|7\n|-message|navinsachump forfeited.\n|\n|win|Paradox Mourinho\n|raw|navinsachump's rating: 1713 &rarr; <strong>1698<\/strong><br \/>(-15 for losing)\n|raw|Paradox Mourinho's rating: 1798 &rarr; <strong>1813<\/strong><br \/>(+15 for winning)\n|l| Luxraykeeper\n|l|\u2606navinsachump\n|player|p1|\n","uploadtime":1721094979,"views":31,"formatid":"gen9vgc2024regg","rating":1698,"private":0,"password":null}