{"id":"gen9vgc2024regg-2161937744","format":"[Gen 9] VGC 2024 Reg G","players":["tuanzai233t","automatedtomato"],"log":"|j|\u2606tuanzai233t\n|j|\u2606automatedtomato\n|t:|1721140728\n|gametype|doubles\n|player|p1|tuanzai233t|102|1741\n|player|p2|automatedtomato|101|1700\n|teamsize|p1|6\n|teamsize|p2|6\n|gen|9\n|tier|[Gen 9] VGC 2024 Reg G\n|rated|\n|rule|Species Clause: Limit one of each Pok\u00e9mon\n|rule|Item Clause: Limit one of each item\n|clearpoke\n|poke|p1|Indeedee-F, L50, F|\n|poke|p1|Torkoal, L50, M|\n|poke|p1|Calyrex-Ice, L50|\n|poke|p1|Annihilape, L50, F|\n|poke|p1|Urshifu-*, L50, M|\n|poke|p1|Brute Bonnet, L50|\n|poke|p2|Lunala, L50|\n|poke|p2|Iron Hands, L50|\n|poke|p2|Kingambit, L50, M|\n|poke|p2|Regidrago, L50|\n|poke|p2|Ogerpon-Wellspring, L50, F|\n|poke|p2|Moltres-Galar, L50|\n|teampreview|4\n|j| test368\n|j| eldurac\n|inactive|Battle timer is ON: inactive players will automatically lose when time's up. (requested by automatedtomato)\n|\n|t:|1721140774\n|start\n|switch|p1a: Calyrex|Calyrex-Ice, L50|100\/100\n|switch|p1b: Brute Bonnet|Brute Bonnet, L50, shiny|100\/100\n|switch|p2a: Iron Hands|Iron Hands, L50|100\/100\n|switch|p2b: Lunala|Lunala, L50|100\/100\n|-ability|p1a: Calyrex|As One\n|-ability|p1a: Calyrex|Unnerve\n|-enditem|p2a: Iron Hands|Booster Energy\n|-activate|p2a: Iron Hands|ability: Quark Drive|[fromitem]\n|-start|p2a: Iron Hands|quarkdriveatk\n|turn|1\n|\n|t:|1721140789\n|move|p1a: Calyrex|Protect|p1a: Calyrex\n|-singleturn|p1a: Calyrex|Protect\n|move|p2b: Lunala|Hypnosis|p1b: Brute Bonnet\n|-status|p1b: Brute Bonnet|slp|[from] move: Hypnosis\n|cant|p1b: Brute Bonnet|slp\n|move|p2a: Iron Hands|Swords Dance|p2a: Iron Hands\n|-boost|p2a: Iron Hands|atk|2\n|\n|upkeep\n|turn|2\n|\n|t:|1721140807\n|-terastallize|p1a: Calyrex|Fire\n|move|p2b: Lunala|Hypnosis|p1a: Calyrex|[miss]\n|-miss|p2b: Lunala|p1a: Calyrex\n|-curestatus|p1b: Brute Bonnet|slp|[msg]\n|move|p1b: Brute Bonnet|Spore|p2a: Iron Hands\n|-status|p2a: Iron Hands|slp|[from] move: Spore\n|cant|p2a: Iron Hands|slp\n|move|p1a: Calyrex|Trick Room|p1a: Calyrex\n|-fieldstart|move: Trick Room|[of] p1a: Calyrex\n|\n|upkeep\n|turn|3\n|j| ymlm\n|inactive|automatedtomato has 30 seconds left.\n|\n|t:|1721140832\n|switch|p2b: Kingambit|Kingambit, L50, M|100\/100\n|-terastallize|p2a: Iron Hands|Water\n|move|p1a: Calyrex|Glacial Lance|p2b: Kingambit|[spread] p2a,p2b\n|-resisted|p2a: Iron Hands\n|-resisted|p2b: Kingambit\n|-damage|p2a: Iron Hands|82\/100 slp\n|-damage|p2b: Kingambit|77\/100\n|-curestatus|p2a: Iron Hands|slp|[msg]\n|move|p2a: Iron Hands|Drain Punch|p1a: Calyrex\n|-damage|p1a: Calyrex|38\/100\n|-heal|p2a: Iron Hands|100\/100|[from] drain|[of] p1a: Calyrex\n|move|p1b: Brute Bonnet|Spore|p2b: Kingambit\n|-activate|p2b: Kingambit|item: Safety Goggles|Spore\n|\n|upkeep\n|turn|4\n|\n|t:|1721140852\n|move|p1a: Calyrex|Protect|p1a: Calyrex\n|-singleturn|p1a: Calyrex|Protect\n|move|p2b: Kingambit|Swords Dance|p2b: Kingambit\n|-boost|p2b: Kingambit|atk|2\n|move|p2a: Iron Hands|Drain Punch|p1b: Brute Bonnet\n|-supereffective|p1b: Brute Bonnet\n|-damage|p1b: Brute Bonnet|0 fnt\n|faint|p1b: Brute Bonnet\n|-end|p1b: Brute Bonnet|Protosynthesis|[silent]\n|\n|upkeep\n|\n|t:|1721140861\n|switch|p1b: Torkoal|Torkoal, L50, M|100\/100\n|-weather|SunnyDay|[from] ability: Drought|[of] p1b: Torkoal\n|turn|5\n|\n|t:|1721140873\n|move|p2b: Kingambit|Protect|p2b: Kingambit\n|-singleturn|p2b: Kingambit|Protect\n|move|p2a: Iron Hands|Detect|p2a: Iron Hands\n|-singleturn|p2a: Iron Hands|Protect\n|move|p1b: Torkoal|Eruption|p2a: Iron Hands|[spread] \n|-activate|p2a: Iron Hands|move: Protect\n|-activate|p2b: Kingambit|move: Protect\n|move|p1a: Calyrex|High Horsepower|p2a: Iron Hands\n|-activate|p2a: Iron Hands|move: Protect\n|\n|-weather|SunnyDay|[upkeep]\n|upkeep\n|turn|6\n|\n|t:|1721140892\n|move|p2b: Kingambit|Sucker Punch|p1b: Torkoal\n|-damage|p1b: Torkoal|36\/100\n|move|p1b: Torkoal|Eruption|p2a: Iron Hands|[spread] p2a,p2b\n|-resisted|p2a: Iron Hands\n|-supereffective|p2b: Kingambit\n|-damage|p2a: Iron Hands|89\/100\n|-damage|p2b: Kingambit|15\/100\n|move|p1a: Calyrex|High Horsepower|p2a: Iron Hands\n|-damage|p2a: Iron Hands|64\/100\n|move|p2a: Iron Hands|Drain Punch|p1a: Calyrex\n|-damage|p1a: Calyrex|0 fnt\n|-heal|p2a: Iron Hands|80\/100|[from] drain|[of] p1a: Calyrex\n|faint|p1a: Calyrex\n|\n|-weather|SunnyDay|[upkeep]\n|-fieldend|move: Trick Room\n|upkeep\n|\n|t:|1721140898\n|switch|p1a: Urshifu|Urshifu, L50, M|100\/100\n|turn|7\n|-message|tuanzai233t forfeited.\n|\n|win|automatedtomato\n|raw|tuanzai233t's rating: 1741 &rarr; <strong>1719<\/strong><br \/>(-22 for losing)\n|raw|automatedtomato's rating: 1700 &rarr; <strong>1722<\/strong><br \/>(+22 for winning)\n|l|\u2606tuanzai233t\n|player|p1|\n|l| ymlm\n|l|\u2606automatedtomato\n|player|p2|\n|l| test368\n|l| eldurac\n","uploadtime":1721141107,"views":14,"formatid":"gen9vgc2024regg","rating":1719,"private":0,"password":null}