{"id":"gen9vgc2024regg-2161533576","format":"[Gen 9] VGC 2024 Reg G","players":["Hongon","roykeenkennedy"],"log":"|j|\u2606Hongon\n|j|\u2606roykeenkennedy\n|t:|1721077621\n|gametype|doubles\n|player|p1|Hongon|hugh|1663\n|player|p2|roykeenkennedy|alder|1744\n|teamsize|p1|6\n|teamsize|p2|6\n|gen|9\n|tier|[Gen 9] VGC 2024 Reg G\n|rated|\n|rule|Species Clause: Limit one of each Pok\u00e9mon\n|rule|Item Clause: Limit one of each item\n|clearpoke\n|poke|p1|Miraidon, L50|\n|poke|p1|Chien-Pao, L50|\n|poke|p1|Landorus, L50, M|\n|poke|p1|Whimsicott, L50, M|\n|poke|p1|Farigiraf, L50, M|\n|poke|p1|Iron Hands, L50|\n|poke|p2|Zamazenta-*, L50|\n|poke|p2|Tornadus, L50, M|\n|poke|p2|Urshifu-*, L50, M|\n|poke|p2|Sinistcha, L50|\n|poke|p2|Grimmsnarl, L50, M|\n|poke|p2|Annihilape, L50, M|\n|teampreview|4\n|\n|t:|1721077653\n|start\n|switch|p1a: Miraidon|Miraidon, L50|100\/100\n|switch|p1b: Whimsicott|Whimsicott, L50, M|100\/100\n|switch|p2a: Tornadus|Tornadus, L50, M|100\/100\n|switch|p2b: Annihilape|Annihilape, L50, M|100\/100\n|-fieldstart|move: Electric Terrain|[from] ability: Hadron Engine|[of] p1a: Miraidon\n|turn|1\n|\n|t:|1721077678\n|switch|p1a: Iron Hands|Iron Hands, L50|100\/100\n|-activate|p1a: Iron Hands|ability: Quark Drive\n|-start|p1a: Iron Hands|quarkdriveatk\n|move|p2a: Tornadus|Tailwind|p2a: Tornadus\n|-sidestart|p2: roykeenkennedy|move: Tailwind\n|move|p1b: Whimsicott|Tailwind|p1b: Whimsicott\n|-sidestart|p1: Hongon|move: Tailwind\n|move|p2b: Annihilape|Final Gambit|p1a: Iron Hands\n|-damage|p1a: Iron Hands|10\/100\n|faint|p2b: Annihilape\n|\n|upkeep\n|\n|t:|1721077704\n|switch|p2b: Urshifu|Urshifu-Rapid-Strike, L50, M|100\/100\n|turn|2\n|\n|t:|1721077736\n|move|p1a: Iron Hands|Fake Out|p2b: Urshifu\n|-damage|p2b: Urshifu|83\/100\n|move|p1b: Whimsicott|Encore|p2a: Tornadus\n|-start|p2a: Tornadus|Encore\n|move|p2a: Tornadus|Tailwind||[still]\n|-fail|p2a: Tornadus\n|cant|p2b: Urshifu|flinch\n|\n|upkeep\n|turn|3\n|\n|t:|1721077751\n|switch|p2a: Zamazenta|Zamazenta-Crowned, L50|100\/100\n|-ability|p2a: Zamazenta|Dauntless Shield|boost\n|-boost|p2a: Zamazenta|def|1\n|move|p1b: Whimsicott|Moonblast|p2b: Urshifu\n|-supereffective|p2b: Urshifu\n|-crit|p2b: Urshifu\n|-damage|p2b: Urshifu|27\/100\n|move|p2b: Urshifu|Drain Punch|p1a: Iron Hands\n|-damage|p1a: Iron Hands|0 fnt\n|-heal|p2b: Urshifu|33\/100|[from] drain|[of] p1a: Iron Hands\n|faint|p1a: Iron Hands\n|-end|p1a: Iron Hands|Quark Drive|[silent]\n|\n|upkeep\n|\n|t:|1721077766\n|switch|p1a: Landorus|Landorus, L50, M|100\/100\n|turn|4\n|\n|t:|1721077790\n|-terastallize|p2a: Zamazenta|Grass\n|move|p1a: Landorus|Earth Power|p2a: Zamazenta\n|-resisted|p2a: Zamazenta\n|-damage|p2a: Zamazenta|74\/100\n|move|p2a: Zamazenta|Heavy Slam|p1b: Whimsicott\n|-supereffective|p1b: Whimsicott\n|-crit|p1b: Whimsicott\n|-damage|p1b: Whimsicott|0 fnt\n|faint|p1b: Whimsicott\n|move|p2b: Urshifu|Surging Strikes|p2a: Zamazenta\n|-resisted|p2a: Zamazenta\n|-crit|p2a: Zamazenta\n|-damage|p2a: Zamazenta|69\/100\n|-resisted|p2a: Zamazenta\n|-crit|p2a: Zamazenta\n|-damage|p2a: Zamazenta|63\/100\n|-resisted|p2a: Zamazenta\n|-crit|p2a: Zamazenta\n|-damage|p2a: Zamazenta|57\/100\n|-hitcount|p2a: Zamazenta|3\n|\n|-sideend|p2: roykeenkennedy|move: Tailwind\n|-sideend|p1: Hongon|move: Tailwind\n|upkeep\n|c|\u2606roykeenkennedy|Tf\n|\n|t:|1721077805\n|switch|p1b: Miraidon|Miraidon, L50|100\/100\n|-activate|p1b: Miraidon|ability: Hadron Engine\n|turn|5\n|c|\u2606roykeenkennedy|I targeted whim\n|\n|t:|1721077833\n|move|p2a: Zamazenta|Protect|p2a: Zamazenta\n|-singleturn|p2a: Zamazenta|Protect\n|move|p2b: Urshifu|Aqua Jet|p1a: Landorus\n|-supereffective|p1a: Landorus\n|-damage|p1a: Landorus|50\/100\n|move|p1b: Miraidon|Discharge|p2b: Urshifu|[spread] p2b\n|-activate|p2a: Zamazenta|move: Protect\n|-immune|p1a: Landorus\n|-supereffective|p2b: Urshifu\n|-damage|p2b: Urshifu|0 fnt\n|faint|p2b: Urshifu\n|move|p1a: Landorus|Sludge Bomb|p2a: Zamazenta\n|-activate|p2a: Zamazenta|move: Protect\n|\n|-fieldend|move: Electric Terrain\n|upkeep\n|\n|t:|1721077849\n|switch|p2b: Tornadus|Tornadus, L50, M|100\/100\n|turn|6\n|\n|t:|1721077893\n|-terastallize|p1b: Miraidon|Electric\n|move|p1a: Landorus|Protect|p1a: Landorus\n|-singleturn|p1a: Landorus|Protect\n|move|p2b: Tornadus|Tailwind|p2b: Tornadus\n|-sidestart|p2: roykeenkennedy|move: Tailwind\n|move|p2a: Zamazenta|Heavy Slam|p1a: Landorus\n|-activate|p1a: Landorus|move: Protect\n|move|p1b: Miraidon|Discharge|p2b: Tornadus|[spread] p2a,p2b\n|-activate|p1a: Landorus|move: Protect\n|-resisted|p2a: Zamazenta\n|-supereffective|p2b: Tornadus\n|-damage|p2a: Zamazenta|32\/100\n|-damage|p2b: Tornadus|0 fnt\n|faint|p2b: Tornadus\n|\n|upkeep\n|turn|7\n|\n|t:|1721077922\n|move|p2a: Zamazenta|Heavy Slam|p1a: Landorus\n|-damage|p1a: Landorus|0 fnt\n|faint|p1a: Landorus\n|move|p1b: Miraidon|Discharge|p2a: Zamazenta\n|-resisted|p2a: Zamazenta\n|-damage|p2a: Zamazenta|0 fnt\n|faint|p2a: Zamazenta\n|\n|win|Hongon\n|raw|Hongon's rating: 1663 &rarr; <strong>1688<\/strong><br \/>(+25 for winning)\n|raw|roykeenkennedy's rating: 1744 &rarr; <strong>1719<\/strong><br \/>(-25 for losing)\n|l|\u2606roykeenkennedy\n|player|p2|\n|l|\u2606Hongon\n|player|p1|\n","uploadtime":1721078082,"views":7,"formatid":"gen9vgc2024regg","rating":1688,"private":0,"password":null}