{"id":"gen9vgc2024regg-2161207748","format":"[Gen 9] VGC 2024 Reg G","players":["tuanzai233","SERENA2024"],"log":"|j|\u2606tuanzai233\n|j|\u2606SERENA2024\n|t:|1721033993\n|gametype|doubles\n|player|p1|tuanzai233|102|1743\n|player|p2|SERENA2024|iono|1694\n|teamsize|p1|6\n|teamsize|p2|6\n|gen|9\n|tier|[Gen 9] VGC 2024 Reg G\n|rated|\n|rule|Species Clause: Limit one of each Pok\u00e9mon\n|rule|Item Clause: Limit one of each item\n|clearpoke\n|poke|p1|Indeedee-F, L50, F|\n|poke|p1|Torkoal, L50, M|\n|poke|p1|Calyrex-Ice, L50|\n|poke|p1|Annihilape, L50, F|\n|poke|p1|Urshifu-*, L50, M|\n|poke|p1|Brute Bonnet, L50|\n|poke|p2|Kyogre, L50|\n|poke|p2|Tornadus, L50, M|\n|poke|p2|Archaludon, L50, M|\n|poke|p2|Farigiraf, L50, M|\n|poke|p2|Rillaboom, L50, M|\n|poke|p2|Urshifu-*, L50, F|\n|teampreview|4\n|\n|t:|1721034020\n|start\n|switch|p1a: Annihilape|Annihilape, L50, F|100\/100\n|switch|p1b: Brute Bonnet|Brute Bonnet, L50, shiny|100\/100\n|switch|p2a: Urshifu|Urshifu-Rapid-Strike, L50, F|100\/100\n|switch|p2b: Tornadus|Tornadus, L50, M|100\/100\n|turn|1\n|\n|t:|1721034035\n|-terastallize|p2a: Urshifu|Water\n|move|p2b: Tornadus|Tailwind|p2b: Tornadus\n|-sidestart|p2: SERENA2024|move: Tailwind\n|move|p2a: Urshifu|Surging Strikes|p1a: Annihilape\n|-crit|p1a: Annihilape\n|-damage|p1a: Annihilape|68\/100\n|-crit|p1a: Annihilape\n|-damage|p1a: Annihilape|36\/100\n|-crit|p1a: Annihilape\n|-damage|p1a: Annihilape|5\/100\n|-hitcount|p1a: Annihilape|3\n|move|p1a: Annihilape|Final Gambit|p2a: Urshifu\n|-damage|p2a: Urshifu|95\/100\n|faint|p1a: Annihilape\n|move|p1b: Brute Bonnet|Spore|p2b: Tornadus\n|-status|p2b: Tornadus|slp|[from] move: Spore\n|\n|upkeep\n|j| rabbihorn\n|\n|t:|1721034049\n|switch|p1a: Calyrex|Calyrex-Ice, L50|100\/100\n|-ability|p1a: Calyrex|As One\n|-ability|p1a: Calyrex|Unnerve\n|turn|2\n|inactive|Battle timer is ON: inactive players will automatically lose when time's up. (requested by SERENA2024)\n|\n|t:|1721034063\n|switch|p2b: Kyogre|Kyogre, L50|100\/100\n|-weather|RainDance|[from] ability: Drizzle|[of] p2b: Kyogre\n|move|p1b: Brute Bonnet|Rage Powder|p1b: Brute Bonnet\n|-singleturn|p1b: Brute Bonnet|move: Rage Powder\n|move|p2a: Urshifu|Surging Strikes|p1b: Brute Bonnet\n|-resisted|p1b: Brute Bonnet\n|-crit|p1b: Brute Bonnet\n|-damage|p1b: Brute Bonnet|86\/100\n|-resisted|p1b: Brute Bonnet\n|-crit|p1b: Brute Bonnet\n|-damage|p1b: Brute Bonnet|71\/100\n|-resisted|p1b: Brute Bonnet\n|-crit|p1b: Brute Bonnet\n|-damage|p1b: Brute Bonnet|54\/100\n|-hitcount|p1b: Brute Bonnet|3\n|move|p1a: Calyrex|Trick Room|p1a: Calyrex\n|-fieldstart|move: Trick Room|[of] p1a: Calyrex\n|\n|-weather|RainDance|[upkeep]\n|upkeep\n|turn|3\n|inactive|SERENA2024 has 30 seconds left.\n|\n|t:|1721034089\n|switch|p2a: Archaludon|Archaludon, L50, M|100\/100\n|move|p1a: Calyrex|Glacial Lance|p2b: Kyogre|[spread] p2a,p2b\n|-resisted|p2b: Kyogre\n|-damage|p2a: Archaludon|59\/100\n|-damage|p2b: Kyogre|75\/100\n|-ability|p2a: Archaludon|Stamina|boost\n|-boost|p2a: Archaludon|def|1\n|move|p1b: Brute Bonnet|Spore|p2b: Kyogre\n|-status|p2b: Kyogre|slp|[from] move: Spore\n|cant|p2b: Kyogre|slp\n|\n|-weather|RainDance|[upkeep]\n|upkeep\n|turn|4\n|\n|t:|1721034112\n|move|p1a: Calyrex|Glacial Lance|p2a: Archaludon|[spread] p2a,p2b\n|-resisted|p2b: Kyogre\n|-crit|p2b: Kyogre\n|-damage|p2a: Archaludon|31\/100\n|-damage|p2b: Kyogre|33\/100 slp\n|-ability|p2a: Archaludon|Stamina|boost\n|-boost|p2a: Archaludon|def|1\n|move|p1b: Brute Bonnet|Crunch|p2b: Kyogre\n|-damage|p2b: Kyogre|4\/100 slp\n|move|p2a: Archaludon|Body Press|p1b: Brute Bonnet\n|-supereffective|p1b: Brute Bonnet\n|-damage|p1b: Brute Bonnet|0 fnt\n|faint|p1b: Brute Bonnet\n|-end|p1b: Brute Bonnet|Protosynthesis|[silent]\n|-curestatus|p2b: Kyogre|slp|[msg]\n|move|p2b: Kyogre|Origin Pulse|p1a: Calyrex\n|-damage|p1a: Calyrex|16\/100\n|\n|-weather|RainDance|[upkeep]\n|-sideend|p2: SERENA2024|move: Tailwind\n|upkeep\n|\n|t:|1721034116\n|switch|p1b: Torkoal|Torkoal, L50, M|100\/100\n|-weather|SunnyDay|[from] ability: Drought|[of] p1b: Torkoal\n|turn|5\n|inactive|SERENA2024 has 30 seconds left.\n|\n|t:|1721034148\n|switch|p2b: Tornadus|Tornadus, L50, M|100\/100 slp\n|move|p1b: Torkoal|Eruption|p2a: Archaludon|[spread] p2a,p2b\n|-damage|p2a: Archaludon|0 fnt\n|-damage|p2b: Tornadus|16\/100 slp\n|faint|p2a: Archaludon\n|move|p1a: Calyrex|Glacial Lance|p2b: Tornadus\n|-supereffective|p2b: Tornadus\n|-damage|p2b: Tornadus|0 fnt\n|faint|p2b: Tornadus\n|-ability|p1a: Calyrex|Chilling Neigh|boost\n|-boost|p1a: Calyrex|atk|1\n|\n|-weather|SunnyDay|[upkeep]\n|upkeep\n|\n|t:|1721034152\n|switch|p2a: Kyogre|Kyogre, L50|4\/100\n|switch|p2b: Urshifu|Urshifu-Rapid-Strike, L50, F, tera:Water|95\/100\n|-weather|RainDance|[from] ability: Drizzle|[of] p2a: Kyogre\n|turn|6\n|\n|t:|1721034161\n|move|p2a: Kyogre|Protect|p2a: Kyogre\n|-singleturn|p2a: Kyogre|Protect\n|move|p2b: Urshifu|Aqua Jet|p1a: Calyrex\n|-damage|p1a: Calyrex|0 fnt\n|faint|p1a: Calyrex\n|move|p1b: Torkoal|Weather Ball|p2a: Kyogre\n|-activate|p2a: Kyogre|move: Protect\n|\n|-weather|RainDance|[upkeep]\n|-fieldend|move: Trick Room\n|upkeep\n|turn|7\n|-message|tuanzai233 forfeited.\n|\n|win|SERENA2024\n|raw|tuanzai233's rating: 1743 &rarr; <strong>1720<\/strong><br \/>(-23 for losing)\n|raw|SERENA2024's rating: 1694 &rarr; <strong>1717<\/strong><br \/>(+23 for winning)\n|l|\u2606tuanzai233\n|player|p1|\n","uploadtime":1721034173,"views":29,"formatid":"gen9vgc2024regg","rating":1717,"private":0,"password":null}