{"id":"gen9vgc2024regg-2161878650","format":"[Gen 9] VGC 2024 Reg G","players":["seanyboy335","tuanzai233t"],"log":"|j|\u2606seanyboy335\n|j|\u2606tuanzai233t\n|t:|1721132861\n|gametype|doubles\n|player|p1|seanyboy335|170|1721\n|player|p2|tuanzai233t|102|1728\n|teamsize|p1|6\n|teamsize|p2|6\n|gen|9\n|tier|[Gen 9] VGC 2024 Reg G\n|rated|\n|rule|Species Clause: Limit one of each Pok\u00e9mon\n|rule|Item Clause: Limit one of each item\n|clearpoke\n|poke|p1|Calyrex-Shadow, L50|\n|poke|p1|Indeedee-F, L50, F|\n|poke|p1|Urshifu-*, L50, M|\n|poke|p1|Rillaboom, L50, F|\n|poke|p1|Pelipper, L50, F|\n|poke|p1|Ogerpon-Cornerstone, L50, F|\n|poke|p2|Indeedee-F, L50, F|\n|poke|p2|Torkoal, L50, M|\n|poke|p2|Calyrex-Ice, L50|\n|poke|p2|Annihilape, L50, F|\n|poke|p2|Urshifu-*, L50, M|\n|poke|p2|Brute Bonnet, L50|\n|teampreview|4\n|inactive|Battle timer is ON: inactive players will automatically lose when time's up. (requested by seanyboy335)\n|j| J-P VGC\n|inactive|seanyboy335 has 60 seconds left.\n|inactive|seanyboy335 has 30 seconds left.\n|\n|t:|1721132937\n|start\n|switch|p1a: Indeedee|Indeedee-F, L50, F|100\/100\n|switch|p1b: Calyrex|Calyrex-Shadow, L50|100\/100\n|switch|p2a: Calyrex|Calyrex-Ice, L50|100\/100\n|switch|p2b: Indeedee|Indeedee-F, L50, F|100\/100\n|-ability|p1b: Calyrex|As One\n|-ability|p1b: Calyrex|Unnerve\n|-ability|p2a: Calyrex|As One\n|-ability|p2a: Calyrex|Unnerve\n|-fieldstart|move: Psychic Terrain|[from] ability: Psychic Surge|[of] p2b: Indeedee\n|turn|1\n|inactive|seanyboy335 has 30 seconds left.\n|\n|t:|1721132965\n|-terastallize|p2a: Calyrex|Fire\n|move|p1b: Calyrex|Nasty Plot|p1b: Calyrex\n|-boost|p1b: Calyrex|spa|2\n|move|p2a: Calyrex|Glacial Lance|p1a: Indeedee|[spread] p1a,p1b\n|-damage|p1a: Indeedee|46\/100\n|-damage|p1b: Calyrex|39\/100\n|move|p2b: Indeedee|Trick Room|p2b: Indeedee\n|-fieldstart|move: Trick Room|[of] p2b: Indeedee\n|move|p1a: Indeedee|Trick Room|p1a: Indeedee\n|-fieldend|move: Trick Room\n|\n|upkeep\n|turn|2\n|\n|t:|1721132988\n|move|p1a: Indeedee|Helping Hand|p1b: Calyrex\n|-singleturn|p1b: Calyrex|Helping Hand|[of] p1a: Indeedee\n|move|p1b: Calyrex|Expanding Force|p2a: Calyrex|[spread] p2a,p2b\n|-resisted|p2b: Indeedee\n|-damage|p2a: Calyrex|0 fnt\n|-damage|p2b: Indeedee|5\/100\n|faint|p2a: Calyrex\n|-ability|p1b: Calyrex|Grim Neigh|boost\n|-boost|p1b: Calyrex|spa|1\n|move|p2b: Indeedee|Trick Room|p2b: Indeedee\n|-fieldstart|move: Trick Room|[of] p2b: Indeedee\n|\n|upkeep\n|\n|t:|1721133001\n|switch|p2a: Torkoal|Torkoal, L50, M|100\/100\n|-weather|SunnyDay|[from] ability: Drought|[of] p2a: Torkoal\n|turn|3\n|\n|t:|1721133025\n|switch|p1a: Pelipper|Pelipper, L50, F|100\/100\n|-weather|RainDance|[from] ability: Drizzle|[of] p1a: Pelipper\n|switch|p2b: Brute Bonnet|Brute Bonnet, L50, shiny|100\/100\n|move|p1b: Calyrex|Protect|p1b: Calyrex\n|-singleturn|p1b: Calyrex|Protect\n|move|p2a: Torkoal|Eruption|p1b: Calyrex|[spread] p1a\n|-activate|p1b: Calyrex|move: Protect\n|-resisted|p1a: Pelipper\n|-damage|p1a: Pelipper|75\/100\n|\n|-weather|RainDance|[upkeep]\n|upkeep\n|turn|4\n|inactive|seanyboy335 has 30 seconds left.\n|inactive|tuanzai233t has 30 seconds left.\n|inactive|seanyboy335 has 20 seconds left.\n|inactive|seanyboy335 has 15 seconds left.\n|inactive|tuanzai233t has 20 seconds left.\n|inactive|seanyboy335 has 10 seconds left.\n|\n|t:|1721133071\n|switch|p1b: Ogerpon|Ogerpon-Cornerstone, L50, F|100\/100\n|move|p2a: Torkoal|Weather Ball|p1b: Ogerpon\n|-crit|p1b: Ogerpon\n|-damage|p1b: Ogerpon|32\/100\n|move|p2b: Brute Bonnet|Spore|p1a: Pelipper\n|-status|p1a: Pelipper|slp|[from] move: Spore\n|cant|p1a: Pelipper|slp\n|\n|-weather|RainDance|[upkeep]\n|upkeep\n|turn|5\n|j| The Slimmest Jesus\n|inactive|seanyboy335 has 30 seconds left.\n|inactive|seanyboy335 has 20 seconds left.\n|j| a1022233002\n|inactive|seanyboy335 has 15 seconds left.\n|\n|t:|1721133113\n|switch|p1a: Indeedee|Indeedee-F, L50, F|46\/100\n|move|p1b: Ogerpon|Spiky Shield|p1b: Ogerpon\n|-singleturn|p1b: Ogerpon|move: Protect\n|move|p2a: Torkoal|Eruption|p1a: Indeedee|[spread] p1a\n|-activate|p1b: Ogerpon|move: Protect\n|-damage|p1a: Indeedee|20\/100\n|move|p2b: Brute Bonnet|Crunch|p1a: Indeedee\n|-supereffective|p1a: Indeedee\n|-damage|p1a: Indeedee|0 fnt\n|faint|p1a: Indeedee\n|\n|-weather|RainDance|[upkeep]\n|-fieldend|move: Psychic Terrain\n|upkeep\n|\n|t:|1721133126\n|switch|p1a: Calyrex|Calyrex-Shadow, L50|39\/100\n|-ability|p1a: Calyrex|As One\n|-ability|p1a: Calyrex|Unnerve\n|turn|6\n|inactive|seanyboy335 has 30 seconds left.\n|inactive|seanyboy335 has 20 seconds left.\n|l| J-P VGC\n|inactive|seanyboy335 has 15 seconds left.\n|\n|t:|1721133170\n|-terastallize|p1a: Calyrex|Normal\n|move|p1b: Ogerpon|Follow Me|p1b: Ogerpon\n|-singleturn|p1b: Ogerpon|move: Follow Me\n|move|p2a: Torkoal|Weather Ball|p1b: Ogerpon\n|-damage|p1b: Ogerpon|0 fnt\n|faint|p1b: Ogerpon\n|move|p2b: Brute Bonnet|Crunch|p1a: Calyrex\n|-damage|p1a: Calyrex|0 fnt\n|faint|p1a: Calyrex\n|\n|-weather|RainDance|[upkeep]\n|-fieldend|move: Trick Room\n|upkeep\n|\n|t:|1721133176\n|switch|p1b: Pelipper|Pelipper, L50, F|75\/100 slp\n|turn|7\n|c|\u2606tuanzai233t|gg\n|\n|t:|1721133182\n|switch|p2a: Indeedee|Indeedee-F, L50, F|5\/100\n|-fieldstart|move: Psychic Terrain|[from] ability: Psychic Surge|[of] p2a: Indeedee\n|cant|p1b: Pelipper|slp\n|move|p2b: Brute Bonnet|Crunch|p1b: Pelipper\n|-damage|p1b: Pelipper|31\/100 slp\n|-unboost|p1b: Pelipper|def|1\n|\n|-weather|none\n|upkeep\n|turn|8\n|c|\u2606seanyboy335|gg\n|c|\u2606seanyboy335|do i know you btw\n|c|\u2606seanyboy335|i kinda recognise the name\n|l| a1022233002\n|\n|t:|1721133207\n|move|p2a: Indeedee|Follow Me|p2a: Indeedee\n|-singleturn|p2a: Indeedee|move: Follow Me\n|-curestatus|p1b: Pelipper|slp|[msg]\n|move|p1b: Pelipper|Hurricane|p2a: Indeedee\n|-damage|p2a: Indeedee|0 fnt\n|faint|p2a: Indeedee\n|move|p2b: Brute Bonnet|Crunch|p1b: Pelipper\n|-damage|p1b: Pelipper|0 fnt\n|faint|p1b: Pelipper\n|\n|win|tuanzai233t\n|raw|seanyboy335's rating: 1721 &rarr; <strong>1701<\/strong><br \/>(-20 for losing)\n|raw|tuanzai233t's rating: 1728 &rarr; <strong>1748<\/strong><br \/>(+20 for winning)\n|l|\u2606tuanzai233t\n|player|p2|\n|l|\u2606seanyboy335\n|player|p1|\n|l| The Slimmest Jesus\n","uploadtime":1721133470,"views":43,"formatid":"gen9vgc2024regg","rating":1701,"private":0,"password":null}