{"id":"gen9vgc2024regg-2161735939","format":"[Gen 9] VGC 2024 Reg G","players":["Mutu77","sccc1234"],"log":"|j|\u2606Mutu77\n|j|\u2606sccc1234\n|t:|1721105329\n|gametype|doubles\n|player|p1|Mutu77|266|1738\n|player|p2|sccc1234|2|1785\n|teamsize|p1|6\n|teamsize|p2|6\n|gen|9\n|tier|[Gen 9] VGC 2024 Reg G\n|rated|\n|rule|Species Clause: Limit one of each Pok\u00e9mon\n|rule|Item Clause: Limit one of each item\n|clearpoke\n|poke|p1|Zamazenta-*, L50|\n|poke|p1|Thundurus, L50, M|\n|poke|p1|Urshifu-*, L50, F|\n|poke|p1|Dragonite, L50, M|\n|poke|p1|Landorus, L50, M|\n|poke|p1|Iron Crown, L50|\n|poke|p2|Calyrex-Ice, L50|\n|poke|p2|Torkoal, L50, M|\n|poke|p2|Ursaluna-Bloodmoon, L50, M|\n|poke|p2|Iron Hands, L50|\n|poke|p2|Zoroark-Hisui, L50, M|\n|poke|p2|Meowscarada, L50, F|\n|teampreview|4\n|j| rabbihorn\n|\n|t:|1721105389\n|start\n|switch|p1a: Thundurus|Thundurus, L50, M|100\/100\n|switch|p1b: Zamazenta|Zamazenta-Crowned, L50|100\/100\n|switch|p2a: Calyrex|Calyrex-Ice, L50|100\/100\n|switch|p2b: Meowscarada|Meowscarada, L50, F|100\/100\n|-ability|p1b: Zamazenta|Dauntless Shield|boost\n|-boost|p1b: Zamazenta|def|1\n|turn|1\n|\n|t:|1721105417\n|move|p1a: Thundurus|Thunder Wave|p2b: Meowscarada\n|-hint|Since gen 7, Dark is immune to Prankster moves.\n|-immune|p2b: Meowscarada\n|move|p1b: Zamazenta|Body Press|p2b: Meowscarada\n|-supereffective|p2b: Meowscarada\n|-crit|p2b: Meowscarada\n|-enditem|p2b: Meowscarada|Focus Sash\n|-damage|p2b: Meowscarada|1\/100\n|move|p2a: Calyrex|Nasty Plot|p2a: Calyrex\n|-boost|p2a: Calyrex|spa|2\n|move|p2b: Meowscarada|Trick Room|p2b: Meowscarada\n|-fieldstart|move: Trick Room|[of] p2b: Meowscarada\n|\n|upkeep\n|turn|2\n|\n|t:|1721105443\n|switch|p2b: Calyrex|Calyrex-Ice, L50|100\/100\n|-ability|p2b: Calyrex|As One\n|-ability|p2b: Calyrex|Unnerve\n|-terastallize|p2a: Calyrex|Ground\n|move|p1b: Zamazenta|Wide Guard|p1b: Zamazenta\n|-singleturn|p1b: Zamazenta|Wide Guard\n|move|p2a: Calyrex|Tera Blast|p1b: Zamazenta|[anim] Tera Blast Ground\n|-supereffective|p1b: Zamazenta\n|-damage|p1b: Zamazenta|0 fnt\n|faint|p1b: Zamazenta\n|move|p1a: Thundurus|Wildbolt Storm|p2a: Calyrex|[spread] p2b\n|-immune|p2a: Calyrex\n|-crit|p2b: Calyrex\n|-damage|p2b: Calyrex|68\/100\n|\n|upkeep\n|j| biei525\n|l| biei525\n|\n|t:|1721105493\n|switch|p1b: Landorus|Landorus, L50, M, shiny|100\/100\n|turn|3\n|\n|t:|1721105506\n|move|p1b: Landorus|Protect|p1b: Landorus\n|-singleturn|p1b: Landorus|Protect\n|move|p1a: Thundurus|Thunder Wave|p2b: Calyrex\n|-status|p2b: Calyrex|par\n|move|p2b: Calyrex|Glacial Lance|p1a: Thundurus|[spread] p1a\n|-activate|p1b: Landorus|move: Protect\n|-supereffective|p1a: Thundurus\n|-damage|p1a: Thundurus|0 fnt\n|faint|p1a: Thundurus\n|-ability|p2b: Calyrex|Chilling Neigh|boost\n|-boost|p2b: Calyrex|atk|1\n|move|p2a: Calyrex|Hyper Voice|p1b: Landorus\n|-activate|p1b: Landorus|move: Protect\n|\n|upkeep\n|\n|t:|1721105522\n|switch|p1a: Urshifu|Urshifu, L50, F|100\/100\n|turn|4\n|j| Maushold-11P\n|\n|t:|1721105554\n|-terastallize|p1b: Landorus|Water\n|cant|p2b: Calyrex|par\n|move|p2a: Calyrex|Hyper Voice|p1b: Landorus|[spread] p1a,p1b\n|-enditem|p1a: Urshifu|Focus Sash\n|-damage|p1a: Urshifu|1\/100\n|-damage|p1b: Landorus|18\/100\n|-enditem|p2a: Calyrex|Throat Spray\n|-boost|p2a: Calyrex|spa|1|[from] item: Throat Spray\n|move|p1a: Urshifu|Wicked Blow|p2b: Calyrex\n|-supereffective|p2b: Calyrex\n|-crit|p2b: Calyrex\n|-damage|p2b: Calyrex|0 fnt\n|faint|p2b: Calyrex\n|move|p1b: Landorus|Sandsear Storm|p2a: Calyrex\n|-damage|p2a: Calyrex|0 fnt\n|replace|p2a: Zoroark|Zoroark-Hisui, L50, M\n|-end|p2a: Zoroark|Illusion\n|faint|p2a: Zoroark\n|\n|upkeep\n|\n|t:|1721105564\n|switch|p2b: Meowscarada|Meowscarada, L50, F|1\/100\n|switch|p2a: Torkoal|Torkoal, L50, M|100\/100\n|-weather|SunnyDay|[from] ability: Drought|[of] p2a: Torkoal\n|turn|5\n|\n|t:|1721105580\n|move|p2b: Meowscarada|Protect|p2b: Meowscarada\n|-singleturn|p2b: Meowscarada|Protect\n|move|p1a: Urshifu|Protect|p1a: Urshifu\n|-singleturn|p1a: Urshifu|Protect\n|move|p1b: Landorus|Protect|p1b: Landorus\n|-singleturn|p1b: Landorus|Protect\n|move|p2a: Torkoal|Eruption|p1b: Landorus|[spread] \n|-activate|p1a: Urshifu|move: Protect\n|-activate|p1b: Landorus|move: Protect\n|\n|-weather|SunnyDay|[upkeep]\n|-fieldend|move: Trick Room\n|upkeep\n|turn|6\n|\n|t:|1721105603\n|move|p1a: Urshifu|Sucker Punch||[still]\n|-fail|p1a: Urshifu\n|move|p1b: Landorus|Sandsear Storm|p2b: Meowscarada|[spread] p2a,p2b\n|-supereffective|p2a: Torkoal\n|-resisted|p2b: Meowscarada\n|-damage|p2a: Torkoal|0 fnt\n|-damage|p2b: Meowscarada|0 fnt\n|faint|p2a: Torkoal\n|faint|p2b: Meowscarada\n|\n|win|Mutu77\n|raw|Mutu77's rating: 1738 &rarr; <strong>1761<\/strong><br \/>(+23 for winning)\n|raw|sccc1234's rating: 1785 &rarr; <strong>1762<\/strong><br \/>(-23 for losing)\n|l|\u2606sccc1234\n|player|p2|\n|l|\u2606Mutu77\n|player|p1|\n|l| Maushold-11P\n","uploadtime":1721105695,"views":51,"formatid":"gen9vgc2024regg","rating":1761,"private":0,"password":null}