{"id":"gen9vgc2024regg-2161553820","format":"[Gen 9] VGC 2024 Reg G","players":["short man swag","cosplayLover"],"log":"|j|\u2606short man swag\n|j|\u2606cosplayLover\n|t:|1721080027\n|gametype|doubles\n|player|p1|short man swag|1|1712\n|player|p2|cosplayLover|2|1662\n|teamsize|p1|6\n|teamsize|p2|6\n|gen|9\n|tier|[Gen 9] VGC 2024 Reg G\n|rated|\n|rule|Species Clause: Limit one of each Pok\u00e9mon\n|rule|Item Clause: Limit one of each item\n|clearpoke\n|poke|p1|Lunala, L50|\n|poke|p1|Indeedee-F, L50, F|\n|poke|p1|Tornadus, L50, M|\n|poke|p1|Urshifu-*, L50, M|\n|poke|p1|Ursaluna, L50, M|\n|poke|p1|Ogerpon, L50, F|\n|poke|p2|Kyogre, L50|\n|poke|p2|Archaludon, L50, M|\n|poke|p2|Comfey, L50, F|\n|poke|p2|Amoonguss, L50, M|\n|poke|p2|Tornadus, L50, M|\n|poke|p2|Grimmsnarl, L50, M|\n|teampreview|4\n|inactive|Battle timer is ON: inactive players will automatically lose when time's up. (requested by cosplayLover)\n|\n|t:|1721080051\n|start\n|switch|p1a: Tornadus|Tornadus, L50, M|100\/100\n|switch|p1b: Urshifu|Urshifu-Rapid-Strike, L50, M|100\/100\n|switch|p2a: Grimmsnarl|Grimmsnarl, L50, M|100\/100\n|switch|p2b: Amoonguss|Amoonguss, L50, M|100\/100\n|turn|1\n|inactive|short man swag has 30 seconds left.\n|inactive|short man swag has 20 seconds left.\n|inactive|short man swag has 15 seconds left.\n|inactive|short man swag has 10 seconds left.\n|\n|t:|1721080099\n|move|p2a: Grimmsnarl|Fake Out|p1b: Urshifu\n|-damage|p1b: Urshifu|87\/100\n|move|p1a: Tornadus|Bleakwind Storm|p2a: Grimmsnarl|[spread] p2a,p2b\n|-supereffective|p2b: Amoonguss\n|-damage|p2a: Grimmsnarl|58\/100\n|-damage|p2b: Amoonguss|40\/100\n|cant|p1b: Urshifu|flinch\n|move|p2b: Amoonguss|Spore|p1a: Tornadus\n|-status|p1a: Tornadus|slp|[from] move: Spore\n|\n|upkeep\n|turn|2\n|j| no onions?\n|inactive|short man swag has 30 seconds left.\n|\n|t:|1721080126\n|-terastallize|p1b: Urshifu|Water\n|move|p2b: Amoonguss|Rage Powder|p2b: Amoonguss\n|-singleturn|p2b: Amoonguss|move: Rage Powder\n|cant|p1a: Tornadus|slp\n|move|p1b: Urshifu|Surging Strikes|p2b: Amoonguss\n|-resisted|p2b: Amoonguss\n|-crit|p2b: Amoonguss\n|-damage|p2b: Amoonguss|20\/100\n|-damage|p1b: Urshifu|70\/100|[from] item: Rocky Helmet|[of] p2b: Amoonguss\n|-resisted|p2b: Amoonguss\n|-crit|p2b: Amoonguss\n|-damage|p2b: Amoonguss|0 fnt\n|-damage|p1b: Urshifu|54\/100|[from] item: Rocky Helmet|[of] p2b: Amoonguss\n|faint|p2b: Amoonguss\n|-hitcount|p2: Amoonguss|2\n|move|p2a: Grimmsnarl|Spirit Break|p1b: Urshifu\n|-damage|p1b: Urshifu|15\/100\n|-unboost|p1b: Urshifu|spa|1\n|\n|upkeep\n|\n|t:|1721080143\n|switch|p2b: Kyogre|Kyogre, L50|100\/100\n|-weather|RainDance|[from] ability: Drizzle|[of] p2b: Kyogre\n|turn|3\n|\n|t:|1721080151\n|cant|p1a: Tornadus|slp\n|move|p2a: Grimmsnarl|Sucker Punch|p1b: Urshifu\n|-damage|p1b: Urshifu|0 fnt\n|faint|p1b: Urshifu\n|move|p2b: Kyogre|Calm Mind|p2b: Kyogre\n|-boost|p2b: Kyogre|spa|1\n|-boost|p2b: Kyogre|spd|1\n|\n|-weather|RainDance|[upkeep]\n|upkeep\n|j| wwwdotwuthering\n|\n|t:|1721080160\n|switch|p1b: Lunala|Lunala, L50|100\/100\n|turn|4\n|\n|t:|1721080172\n|-curestatus|p1a: Tornadus|slp|[msg]\n|move|p1a: Tornadus|Bleakwind Storm|p2b: Kyogre|[spread] p2a,p2b\n|-damage|p2a: Grimmsnarl|20\/100\n|-damage|p2b: Kyogre|83\/100\n|-enditem|p2a: Grimmsnarl|Sitrus Berry|[eat]\n|-heal|p2a: Grimmsnarl|45\/100|[from] item: Sitrus Berry\n|move|p1b: Lunala|Meteor Beam||[still]\n|-prepare|p1b: Lunala|Meteor Beam\n|-boost|p1b: Lunala|spa|1\n|-enditem|p1b: Lunala|Power Herb\n|-anim|p1b: Lunala|Meteor Beam|p2b: Kyogre\n|-damage|p2b: Kyogre|50\/100\n|move|p2b: Kyogre|Water Spout|p1b: Lunala|[spread] p1a,p1b\n|-damage|p1a: Tornadus|9\/100\n|-damage|p1b: Lunala|75\/100\n|move|p2a: Grimmsnarl|Spirit Break|p1b: Lunala\n|-damage|p1b: Lunala|43\/100\n|-unboost|p1b: Lunala|spa|1\n|\n|-weather|RainDance|[upkeep]\n|-heal|p2b: Kyogre|56\/100|[from] item: Leftovers\n|upkeep\n|turn|5\n|\n|t:|1721080197\n|switch|p1a: Indeedee|Indeedee-F, L50, F|100\/100\n|-fieldstart|move: Psychic Terrain|[from] ability: Psychic Surge|[of] p1a: Indeedee\n|move|p2a: Grimmsnarl|Sucker Punch||[still]\n|-fail|p2a: Grimmsnarl\n|move|p1b: Lunala|Expanding Force|p2b: Kyogre|[spread] p2b\n|-immune|p2a: Grimmsnarl\n|-damage|p2b: Kyogre|25\/100\n|move|p2b: Kyogre|Water Spout|p1a: Indeedee|[spread] p1a,p1b\n|-damage|p1a: Indeedee|68\/100\n|-damage|p1b: Lunala|16\/100\n|\n|-weather|RainDance|[upkeep]\n|-heal|p2b: Kyogre|31\/100|[from] item: Leftovers\n|upkeep\n|turn|6\n|\n|t:|1721080220\n|move|p1a: Indeedee|Helping Hand|p1b: Lunala\n|-singleturn|p1b: Lunala|Helping Hand|[of] p1a: Indeedee\n|move|p2b: Kyogre|Protect|p2b: Kyogre\n|-singleturn|p2b: Kyogre|Protect\n|move|p1b: Lunala|Expanding Force|p2a: Grimmsnarl|[spread] \n|-activate|p2b: Kyogre|move: Protect\n|-immune|p2a: Grimmsnarl\n|move|p2a: Grimmsnarl|Spirit Break|p1b: Lunala\n|-damage|p1b: Lunala|0 fnt\n|faint|p1b: Lunala\n|\n|-weather|RainDance|[upkeep]\n|-heal|p2b: Kyogre|37\/100|[from] item: Leftovers\n|upkeep\n|\n|t:|1721080232\n|switch|p1b: Tornadus|Tornadus, L50, M|9\/100\n|turn|7\n|j| tossthisaccountman\n|l| wwwdotwuthering\n|\n|t:|1721080247\n|switch|p2b: Comfey|Comfey, L50, F|100\/100\n|move|p1a: Indeedee|Helping Hand|p1b: Tornadus\n|-singleturn|p1b: Tornadus|Helping Hand|[of] p1a: Indeedee\n|move|p1b: Tornadus|Bleakwind Storm|p2b: Comfey|[spread] p2a,p2b\n|-damage|p2a: Grimmsnarl|0 fnt\n|-damage|p2b: Comfey|55\/100\n|faint|p2a: Grimmsnarl\n|\n|-weather|none\n|upkeep\n|\n|t:|1721080254\n|switch|p2a: Kyogre|Kyogre, L50|37\/100\n|-weather|RainDance|[from] ability: Drizzle|[of] p2a: Kyogre\n|turn|8\n|\n|t:|1721080264\n|move|p2b: Comfey|Floral Healing|p2a: Kyogre\n|-heal|p2a: Kyogre|88\/100\n|move|p1a: Indeedee|Follow Me|p1a: Indeedee\n|-singleturn|p1a: Indeedee|move: Follow Me\n|move|p1b: Tornadus|Bleakwind Storm|p2b: Comfey|[spread] p2a,p2b\n|-damage|p2a: Kyogre|63\/100\n|-damage|p2b: Comfey|23\/100\n|move|p2a: Kyogre|Water Spout|p1a: Indeedee|[spread] p1a,p1b\n|-damage|p1a: Indeedee|12\/100\n|-damage|p1b: Tornadus|0 fnt\n|faint|p1b: Tornadus\n|\n|-weather|RainDance|[upkeep]\n|-heal|p2a: Kyogre|69\/100|[from] item: Leftovers\n|upkeep\n|turn|9\n|-message|short man swag forfeited.\n|\n|win|cosplayLover\n|raw|short man swag's rating: 1712 &rarr; <strong>1689<\/strong><br \/>(-23 for losing)\n|raw|cosplayLover's rating: 1662 &rarr; <strong>1685<\/strong><br \/>(+23 for winning)\n|l|\u2606cosplayLover\n|player|p2|\n","uploadtime":1721080278,"views":177,"formatid":"gen9vgc2024regg","rating":1685,"private":0,"password":null}