{"id":"gen9vgc2024regg-2161945866","format":"[Gen 9] VGC 2024 Reg G","players":["PritzShow","SkeenVGC"],"log":"|j|\u2606PritzShow\n|j|\u2606SkeenVGC\n|t:|1721141664\n|gametype|doubles\n|player|p1|PritzShow|266|1667\n|player|p2|SkeenVGC|102|1710\n|teamsize|p1|6\n|teamsize|p2|6\n|gen|9\n|tier|[Gen 9] VGC 2024 Reg G\n|rated|\n|rule|Species Clause: Limit one of each Pok\u00e9mon\n|rule|Item Clause: Limit one of each item\n|clearpoke\n|poke|p1|Groudon, L50|\n|poke|p1|Whimsicott, L50, M|\n|poke|p1|Chi-Yu, L50|\n|poke|p1|Flutter Mane, L50|\n|poke|p1|Volcarona, L50, M|\n|poke|p1|Raging Bolt, L50|\n|poke|p2|Calyrex-Ice, L50|\n|poke|p2|Incineroar, L50, F|\n|poke|p2|Rillaboom, L50, F|\n|poke|p2|Urshifu-*, L50, M|\n|poke|p2|Pelipper, L50, M|\n|poke|p2|Raging Bolt, L50|\n|teampreview|4\n|inactive|Battle timer is ON: inactive players will automatically lose when time's up. (requested by PritzShow)\n|j| Sezenity\n|\n|t:|1721141679\n|start\n|switch|p1a: Raging Bolt|Raging Bolt, L50|100\/100\n|switch|p1b: Flutter Mane|Flutter Mane, L50|100\/100\n|switch|p2a: Calyrex|Calyrex-Ice, L50|100\/100\n|switch|p2b: Urshifu|Urshifu-Rapid-Strike, L50, M|100\/100\n|-ability|p2a: Calyrex|As One\n|-ability|p2a: Calyrex|Unnerve\n|turn|1\n|inactive|SkeenVGC has 30 seconds left.\n|\n|t:|1721141705\n|switch|p2b: Rillaboom|Rillaboom, L50, F, shiny|100\/100\n|-fieldstart|move: Grassy Terrain|[from] ability: Grassy Surge|[of] p2b: Rillaboom\n|-terastallize|p2a: Calyrex|Fire\n|move|p1b: Flutter Mane|Taunt|p2a: Calyrex\n|-start|p2a: Calyrex|move: Taunt\n|move|p1a: Raging Bolt|Volt Switch|p2b: Rillaboom\n|-resisted|p2b: Rillaboom\n|-damage|p2b: Rillaboom|86\/100\n|\n|t:|1721141714\n|-end|p1a: Raging Bolt|Protosynthesis|[silent]\n|switch|p1a: Volcarona|Volcarona, L50, M|100\/100|[from] Volt Switch\n|move|p2a: Calyrex|Glacial Lance|p1a: Volcarona|[spread] p1a,p1b\n|-resisted|p1a: Volcarona\n|-damage|p1a: Volcarona|73\/100\n|-enditem|p1b: Flutter Mane|Focus Sash\n|-damage|p1b: Flutter Mane|1\/100\n|\n|-heal|p1b: Flutter Mane|7\/100|[from] Grassy Terrain\n|-heal|p1a: Volcarona|79\/100|[from] Grassy Terrain\n|-heal|p2b: Rillaboom|92\/100|[from] Grassy Terrain\n|upkeep\n|turn|2\n|inactive|SkeenVGC has 30 seconds left.\n|\n|t:|1721141740\n|move|p2b: Rillaboom|Fake Out|p1a: Volcarona\n|-damage|p1a: Volcarona|65\/100\n|move|p1b: Flutter Mane|Moonblast|p2b: Rillaboom\n|-damage|p2b: Rillaboom|52\/100\n|cant|p1a: Volcarona|flinch\n|move|p2a: Calyrex|Glacial Lance|p1b: Flutter Mane|[spread] p1a,p1b\n|-resisted|p1a: Volcarona\n|-damage|p1a: Volcarona|35\/100\n|-damage|p1b: Flutter Mane|0 fnt\n|faint|p1b: Flutter Mane\n|-end|p1b: Flutter Mane|Protosynthesis|[silent]\n|-ability|p2a: Calyrex|Chilling Neigh|boost\n|-boost|p2a: Calyrex|atk|1\n|\n|-heal|p1a: Volcarona|42\/100|[from] Grassy Terrain\n|-heal|p2b: Rillaboom|58\/100|[from] Grassy Terrain\n|upkeep\n|j| test368\n|inactive|PritzShow has 30 seconds left.\n|\n|t:|1721141769\n|switch|p1b: Groudon|Groudon, L50|100\/100\n|-weather|SunnyDay|[from] ability: Drought|[of] p1b: Groudon\n|turn|3\n|inactive|SkeenVGC has 30 seconds left.\n|\n|t:|1721141797\n|switch|p2b: Pelipper|Pelipper, L50, M, shiny|100\/100\n|-weather|RainDance|[from] ability: Drizzle|[of] p2b: Pelipper\n|-terastallize|p1b: Groudon|Fire\n|move|p1a: Volcarona|Heat Wave|p2b: Pelipper|[spread] p2a,p2b\n|-resisted|p2a: Calyrex\n|-resisted|p2b: Pelipper\n|-damage|p2a: Calyrex|96\/100\n|-damage|p2b: Pelipper|87\/100\n|move|p1b: Groudon|Precipice Blades|p2a: Calyrex|[spread] p2a\n|-immune|p2b: Pelipper\n|-supereffective|p2a: Calyrex\n|-damage|p2a: Calyrex|31\/100\n|move|p2a: Calyrex|Glacial Lance|p1b: Groudon|[spread] p1a,p1b\n|-resisted|p1a: Volcarona\n|-resisted|p1b: Groudon\n|-damage|p1a: Volcarona|0 fnt\n|-damage|p1b: Groudon|74\/100\n|faint|p1a: Volcarona\n|-ability|p2a: Calyrex|Chilling Neigh|boost\n|-boost|p2a: Calyrex|atk|1\n|\n|-weather|RainDance|[upkeep]\n|-heal|p1b: Groudon|80\/100|[from] Grassy Terrain\n|-heal|p2a: Calyrex|37\/100|[from] Grassy Terrain\n|-end|p2a: Calyrex|move: Taunt\n|upkeep\n|\n|t:|1721141809\n|switch|p1a: Raging Bolt|Raging Bolt, L50|100\/100\n|turn|4\n|inactive|SkeenVGC has 30 seconds left.\n|inactive|SkeenVGC has 20 seconds left.\n|\n|t:|1721141848\n|move|p2b: Pelipper|Protect|p2b: Pelipper\n|-singleturn|p2b: Pelipper|Protect\n|move|p1b: Groudon|Protect|p1b: Groudon\n|-singleturn|p1b: Groudon|Protect\n|move|p2a: Calyrex|Protect|p2a: Calyrex\n|-singleturn|p2a: Calyrex|Protect\n|move|p1a: Raging Bolt|Draco Meteor|p2a: Calyrex\n|-activate|p2a: Calyrex|move: Protect\n|\n|-weather|RainDance|[upkeep]\n|-heal|p1b: Groudon|86\/100|[from] Grassy Terrain\n|-heal|p2a: Calyrex|43\/100|[from] Grassy Terrain\n|upkeep\n|turn|5\n|inactive|SkeenVGC has 30 seconds left.\n|\n|t:|1721141880\n|move|p1a: Raging Bolt|Thunderclap|p2b: Pelipper\n|-supereffective|p2b: Pelipper\n|-damage|p2b: Pelipper|0 fnt\n|faint|p2b: Pelipper\n|move|p1b: Groudon|Precipice Blades|p2a: Calyrex\n|-supereffective|p2a: Calyrex\n|-damage|p2a: Calyrex|0 fnt\n|faint|p2a: Calyrex\n|\n|-weather|RainDance|[upkeep]\n|-heal|p1b: Groudon|92\/100|[from] Grassy Terrain\n|-fieldend|move: Grassy Terrain\n|upkeep\n|\n|t:|1721141889\n|switch|p2b: Rillaboom|Rillaboom, L50, F, shiny|58\/100\n|switch|p2a: Urshifu|Urshifu-Rapid-Strike, L50, M|100\/100\n|-fieldstart|move: Grassy Terrain|[from] ability: Grassy Surge|[of] p2b: Rillaboom\n|turn|6\n|\n|t:|1721141899\n|move|p2b: Rillaboom|Fake Out|p1a: Raging Bolt\n|-damage|p1a: Raging Bolt|88\/100\n|cant|p1a: Raging Bolt|flinch\n|move|p2a: Urshifu|Surging Strikes|p1b: Groudon\n|-supereffective|p1b: Groudon\n|-crit|p1b: Groudon\n|-damage|p1b: Groudon|47\/100\n|-supereffective|p1b: Groudon\n|-crit|p1b: Groudon\n|-damage|p1b: Groudon|4\/100\n|-supereffective|p1b: Groudon\n|-crit|p1b: Groudon\n|-damage|p1b: Groudon|0 fnt\n|faint|p1b: Groudon\n|-hitcount|p1: Groudon|3\n|\n|-weather|RainDance|[upkeep]\n|-heal|p2b: Rillaboom|64\/100|[from] Grassy Terrain\n|-heal|p1a: Raging Bolt|94\/100|[from] Grassy Terrain\n|upkeep\n|turn|7\n|\n|t:|1721141916\n|move|p1a: Raging Bolt|Thunderclap|p2a: Urshifu\n|-supereffective|p2a: Urshifu\n|-damage|p2a: Urshifu|0 fnt\n|faint|p2a: Urshifu\n|move|p2b: Rillaboom|Wood Hammer|p1a: Raging Bolt\n|-resisted|p1a: Raging Bolt\n|-damage|p1a: Raging Bolt|63\/100\n|-damage|p2b: Rillaboom|53\/100|[from] Recoil\n|\n|-weather|none\n|-heal|p2b: Rillaboom|59\/100|[from] Grassy Terrain\n|-heal|p1a: Raging Bolt|69\/100|[from] Grassy Terrain\n|upkeep\n|turn|8\n|\n|t:|1721141923\n|move|p2b: Rillaboom|Wood Hammer|p1a: Raging Bolt\n|-resisted|p1a: Raging Bolt\n|-damage|p1a: Raging Bolt|34\/100\n|-damage|p2b: Rillaboom|46\/100|[from] Recoil\n|move|p1a: Raging Bolt|Draco Meteor|p2b: Rillaboom\n|-damage|p2b: Rillaboom|0 fnt\n|-unboost|p1a: Raging Bolt|spa|2\n|faint|p2b: Rillaboom\n|\n|win|PritzShow\n|raw|PritzShow's rating: 1667 &rarr; <strong>1689<\/strong><br \/>(+22 for winning)\n|raw|SkeenVGC's rating: 1710 &rarr; <strong>1688<\/strong><br \/>(-22 for losing)\n|l|\u2606PritzShow\n|player|p1|\n|l|\u2606SkeenVGC\n|player|p2|\n|l| Sezenity\n|l| test368\n","uploadtime":1721142080,"views":7,"formatid":"gen9vgc2024regg","rating":1688,"private":0,"password":null}