{"id":"gen9vgc2024regg-2161911989","format":"[Gen 9] VGC 2024 Reg G","players":["tuanzai233t","YuanqiNono"],"log":"|j|\u2606tuanzai233t\n|j|\u2606YuanqiNono\n|t:|1721137538\n|gametype|doubles\n|player|p1|tuanzai233t|102|1760\n|player|p2|YuanqiNono|1|1701\n|teamsize|p1|6\n|teamsize|p2|6\n|gen|9\n|tier|[Gen 9] VGC 2024 Reg G\n|rated|\n|rule|Species Clause: Limit one of each Pok\u00e9mon\n|rule|Item Clause: Limit one of each item\n|clearpoke\n|poke|p1|Indeedee-F, L50, F|\n|poke|p1|Torkoal, L50, M|\n|poke|p1|Calyrex-Ice, L50|\n|poke|p1|Annihilape, L50, M|\n|poke|p1|Urshifu-*, L50, F|\n|poke|p1|Brute Bonnet, L50|\n|poke|p2|Clefairy, L50, F|\n|poke|p2|Pelipper, L50, M|\n|poke|p2|Calyrex-Shadow, L50|\n|poke|p2|Rillaboom, L50, M|\n|poke|p2|Raging Bolt, L50|\n|poke|p2|Incineroar, L50, M|\n|teampreview|4\n|\n|t:|1721137578\n|start\n|switch|p1a: Calyrex|Calyrex-Ice, L50|100\/100\n|switch|p1b: Brute Bonnet|Brute Bonnet, L50, shiny|100\/100\n|switch|p2a: Calyrex|Calyrex-Shadow, L50|100\/100\n|switch|p2b: Rillaboom|Rillaboom, L50, M|100\/100\n|-ability|p2a: Calyrex|As One\n|-ability|p2a: Calyrex|Unnerve\n|-ability|p1a: Calyrex|As One\n|-ability|p1a: Calyrex|Unnerve\n|-fieldstart|move: Grassy Terrain|[from] ability: Grassy Surge|[of] p2b: Rillaboom\n|turn|1\n|\n|t:|1721137607\n|-terastallize|p2a: Calyrex|Fighting\n|-terastallize|p1a: Calyrex|Fire\n|move|p2a: Calyrex|Tera Blast|p1b: Brute Bonnet|[anim] Tera Blast Fighting\n|-supereffective|p1b: Brute Bonnet\n|-damage|p1b: Brute Bonnet|10\/100\n|-damage|p2a: Calyrex|91\/100|[from] item: Life Orb\n|move|p2b: Rillaboom|U-turn|p1b: Brute Bonnet\n|-supereffective|p1b: Brute Bonnet\n|-damage|p1b: Brute Bonnet|0 fnt\n|faint|p1b: Brute Bonnet\n|-end|p1b: Brute Bonnet|Protosynthesis|[silent]\n|\n|t:|1721137619\n|switch|p2b: Clefairy|Clefairy, L50, F|100\/100|[from] U-turn\n|move|p1a: Calyrex|Glacial Lance|p2a: Calyrex|[spread] p2a,p2b\n|-damage|p2a: Calyrex|43\/100\n|-damage|p2b: Clefairy|58\/100\n|\n|-heal|p2a: Calyrex|49\/100|[from] Grassy Terrain\n|-heal|p2b: Clefairy|64\/100|[from] Grassy Terrain\n|upkeep\n|\n|t:|1721137625\n|switch|p1b: Indeedee|Indeedee-F, L50, F|100\/100\n|-fieldstart|move: Psychic Terrain|[from] ability: Psychic Surge|[of] p1b: Indeedee\n|turn|2\n|inactive|Battle timer is ON: inactive players will automatically lose when time's up. (requested by tuanzai233t)\n|\n|t:|1721137660\n|move|p2a: Calyrex|Astral Barrage|p1a: Calyrex|[spread] p1a\n|-immune|p1b: Indeedee\n|-damage|p1a: Calyrex|57\/100\n|-damage|p2a: Calyrex|40\/100|[from] item: Life Orb\n|move|p1a: Calyrex|Glacial Lance|p2a: Calyrex|[spread] p2a,p2b\n|-damage|p2a: Calyrex|0 fnt\n|-damage|p2b: Clefairy|23\/100\n|faint|p2a: Calyrex\n|-ability|p1a: Calyrex|Chilling Neigh|boost\n|-boost|p1a: Calyrex|atk|1\n|move|p2b: Clefairy|After You|p2: Calyrex|[notarget]\n|-fail|p2b: Clefairy\n|move|p1b: Indeedee|Trick Room|p1b: Indeedee\n|-fieldstart|move: Trick Room|[of] p1b: Indeedee\n|\n|upkeep\n|\n|t:|1721137683\n|switch|p2a: Pelipper|Pelipper, L50, M|100\/100\n|-weather|RainDance|[from] ability: Drizzle|[of] p2a: Pelipper\n|turn|3\n|\n|t:|1721137691\n|move|p2b: Clefairy|Helping Hand|p2a: Pelipper\n|-singleturn|p2a: Pelipper|Helping Hand|[of] p2b: Clefairy\n|move|p1b: Indeedee|Follow Me|p1b: Indeedee\n|-singleturn|p1b: Indeedee|move: Follow Me\n|move|p1a: Calyrex|High Horsepower|p2b: Clefairy\n|-damage|p2b: Clefairy|0 fnt\n|faint|p2b: Clefairy\n|-ability|p1a: Calyrex|Chilling Neigh|boost\n|-boost|p1a: Calyrex|atk|1\n|move|p2a: Pelipper|Weather Ball|p1b: Indeedee\n|-damage|p1b: Indeedee|10\/100\n|\n|-weather|RainDance|[upkeep]\n|upkeep\n|\n|t:|1721137707\n|switch|p2b: Rillaboom|Rillaboom, L50, M|100\/100\n|-fieldstart|move: Grassy Terrain|[from] ability: Grassy Surge|[of] p2b: Rillaboom\n|turn|4\n|inactive|YuanqiNono has 30 seconds left.\n|inactive|YuanqiNono has 20 seconds left.\n|inactive|YuanqiNono has 15 seconds left.\n|\n|t:|1721137748\n|switch|p1b: Torkoal|Torkoal, L50, M|100\/100\n|-weather|SunnyDay|[from] ability: Drought|[of] p1b: Torkoal\n|move|p2b: Rillaboom|Fake Out|p1a: Calyrex\n|-damage|p1a: Calyrex|48\/100\n|cant|p1a: Calyrex|flinch\n|move|p2a: Pelipper|Weather Ball|p1b: Torkoal\n|-resisted|p1b: Torkoal\n|-damage|p1b: Torkoal|71\/100\n|\n|-weather|SunnyDay|[upkeep]\n|-heal|p1b: Torkoal|77\/100|[from] Grassy Terrain\n|-heal|p1a: Calyrex|53\/100|[from] Grassy Terrain\n|upkeep\n|turn|5\n|inactive|YuanqiNono has 30 seconds left.\n|\n|t:|1721137780\n|move|p2a: Pelipper|Wide Guard|p2a: Pelipper\n|-singleturn|p2a: Pelipper|Wide Guard\n|move|p1b: Torkoal|Weather Ball|p2b: Rillaboom\n|-supereffective|p2b: Rillaboom\n|-crit|p2b: Rillaboom\n|-damage|p2b: Rillaboom|0 fnt\n|faint|p2b: Rillaboom\n|move|p1a: Calyrex|Glacial Lance|p2a: Pelipper\n|-activate|p2a: Pelipper|move: Wide Guard\n|\n|-weather|SunnyDay|[upkeep]\n|-heal|p1b: Torkoal|83\/100|[from] Grassy Terrain\n|-heal|p1a: Calyrex|59\/100|[from] Grassy Terrain\n|upkeep\n|turn|6\n|c|\u2606tuanzai233t|gg\n|inactive|YuanqiNono has 30 seconds left.\n|-message|YuanqiNono forfeited.\n|\n|win|tuanzai233t\n|raw|tuanzai233t's rating: 1760 &rarr; <strong>1777<\/strong><br \/>(+17 for winning)\n|raw|YuanqiNono's rating: 1701 &rarr; <strong>1684<\/strong><br \/>(-17 for losing)\n|l|\u2606YuanqiNono\n|player|p2|\n|l|\u2606tuanzai233t\n|player|p1|\n","uploadtime":1721138051,"views":13,"formatid":"gen9vgc2024regg","rating":1684,"private":0,"password":null}