{"id":"gen9vgc2024regg-2161765312","format":"[Gen 9] VGC 2024 Reg G","players":["obfo666","VGCNEOPHYTE"],"log":"|j|\u2606obfo666\n|j|\u2606VGCNEOPHYTE\n|t:|1721110962\n|gametype|doubles\n|player|p1|obfo666|101|1673\n|player|p2|VGCNEOPHYTE|chuck|1701\n|teamsize|p1|6\n|teamsize|p2|6\n|gen|9\n|tier|[Gen 9] VGC 2024 Reg G\n|rated|\n|rule|Species Clause: Limit one of each Pok\u00e9mon\n|rule|Item Clause: Limit one of each item\n|clearpoke\n|poke|p1|Tornadus, L50, M|\n|poke|p1|Kleavor, L50, F|\n|poke|p1|Calyrex-Shadow, L50|\n|poke|p1|Urshifu-*, L50, M|\n|poke|p1|Chi-Yu, L50|\n|poke|p1|Indeedee-F, L50, F|\n|poke|p2|Gholdengo, L50|\n|poke|p2|Ogerpon-Cornerstone, L50, F|\n|poke|p2|Chien-Pao, L50|\n|poke|p2|Zamazenta-*, L50|\n|poke|p2|Raging Bolt, L50|\n|poke|p2|Whimsicott, L50, F|\n|teampreview|4\n|inactive|Battle timer is ON: inactive players will automatically lose when time's up. (requested by VGCNEOPHYTE)\n|inactive|obfo666 has 60 seconds left.\n|\n|t:|1721111002\n|start\n|switch|p1a: Chi-Yu|Chi-Yu, L50|100\/100\n|switch|p1b: Urshifu|Urshifu-Rapid-Strike, L50, M|100\/100\n|switch|p2a: Chien-Pao|Chien-Pao, L50|100\/100\n|switch|p2b: Gholdengo|Gholdengo, L50|100\/100\n|-ability|p2a: Chien-Pao|Sword of Ruin\n|-ability|p1a: Chi-Yu|Beads of Ruin\n|turn|1\n|inactive|VGCNEOPHYTE has 30 seconds left.\n|\n|t:|1721111037\n|-terastallize|p2b: Gholdengo|Normal\n|move|p2a: Chien-Pao|Sucker Punch|p1a: Chi-Yu\n|-resisted|p1a: Chi-Yu\n|-damage|p1a: Chi-Yu|64\/100\n|move|p1b: Urshifu|Surging Strikes|p2b: Gholdengo\n|-crit|p2b: Gholdengo\n|-damage|p2b: Gholdengo|75\/100\n|-damage|p1b: Urshifu|84\/100|[from] item: Rocky Helmet|[of] p2b: Gholdengo\n|-crit|p2b: Gholdengo\n|-damage|p2b: Gholdengo|47\/100\n|-damage|p1b: Urshifu|67\/100|[from] item: Rocky Helmet|[of] p2b: Gholdengo\n|-crit|p2b: Gholdengo\n|-damage|p2b: Gholdengo|23\/100\n|-damage|p1b: Urshifu|51\/100|[from] item: Rocky Helmet|[of] p2b: Gholdengo\n|-hitcount|p2b: Gholdengo|3\n|move|p1a: Chi-Yu|Heat Wave|p2a: Chien-Pao|[spread] p2a,p2b\n|-supereffective|p2a: Chien-Pao\n|-enditem|p2a: Chien-Pao|Focus Sash\n|-damage|p2a: Chien-Pao|1\/100\n|-damage|p2b: Gholdengo|0 fnt\n|faint|p2b: Gholdengo\n|\n|upkeep\n|\n|t:|1721111056\n|switch|p2b: Raging Bolt|Raging Bolt, L50|100\/100\n|turn|2\n|\n|t:|1721111068\n|switch|p1a: Indeedee|Indeedee-F, L50, F|100\/100\n|-fieldstart|move: Psychic Terrain|[from] ability: Psychic Surge|[of] p1a: Indeedee\n|-enditem|p1a: Indeedee|Psychic Seed\n|-boost|p1a: Indeedee|spd|1|[from] item: Psychic Seed\n|move|p2a: Chien-Pao|Sucker Punch||[still]\n|-fail|p2a: Chien-Pao\n|move|p1b: Urshifu|Surging Strikes|p2a: Chien-Pao\n|-crit|p2a: Chien-Pao\n|-damage|p2a: Chien-Pao|0 fnt\n|faint|p2a: Chien-Pao\n|-hitcount|p2: Chien-Pao|1\n|move|p2b: Raging Bolt|Electroweb|p1b: Urshifu|[spread] p1a,p1b\n|-supereffective|p1b: Urshifu\n|-damage|p1a: Indeedee|87\/100\n|-damage|p1b: Urshifu|0 fnt\n|-unboost|p1a: Indeedee|spe|1\n|faint|p1b: Urshifu\n|\n|upkeep\n|\n|t:|1721111084\n|switch|p2a: Zamazenta|Zamazenta-Crowned, L50|100\/100\n|switch|p1b: Calyrex|Calyrex-Shadow, L50|100\/100\n|-ability|p1b: Calyrex|As One\n|-ability|p1b: Calyrex|Unnerve\n|-ability|p2a: Zamazenta|Dauntless Shield|boost\n|-boost|p2a: Zamazenta|def|1\n|turn|3\n|\n|t:|1721111098\n|-terastallize|p1b: Calyrex|Ghost\n|move|p1a: Indeedee|Helping Hand|p1b: Calyrex\n|-singleturn|p1b: Calyrex|Helping Hand|[of] p1a: Indeedee\n|move|p2a: Zamazenta|Protect|p2a: Zamazenta\n|-singleturn|p2a: Zamazenta|Protect\n|move|p1b: Calyrex|Shadow Ball|p2b: Raging Bolt\n|-damage|p2b: Raging Bolt|6\/100\n|move|p2b: Raging Bolt|Electroweb|p1b: Calyrex|[spread] p1a,p1b\n|-damage|p1a: Indeedee|75\/100\n|-damage|p1b: Calyrex|78\/100\n|-unboost|p1a: Indeedee|spe|1\n|-unboost|p1b: Calyrex|spe|1\n|\n|upkeep\n|turn|4\n|\n|t:|1721111119\n|move|p1a: Indeedee|Follow Me|p1a: Indeedee\n|-singleturn|p1a: Indeedee|move: Follow Me\n|move|p2a: Zamazenta|Heavy Slam|p1a: Indeedee\n|-damage|p1a: Indeedee|23\/100\n|move|p1b: Calyrex|Shadow Ball|p2b: Raging Bolt\n|-damage|p2b: Raging Bolt|0 fnt\n|faint|p2b: Raging Bolt\n|-end|p2b: Raging Bolt|Protosynthesis|[silent]\n|-ability|p1b: Calyrex|Grim Neigh|boost\n|-boost|p1b: Calyrex|spa|1\n|\n|upkeep\n|turn|5\n|\n|t:|1721111135\n|move|p1a: Indeedee|Follow Me|p1a: Indeedee\n|-singleturn|p1a: Indeedee|move: Follow Me\n|move|p2a: Zamazenta|Heavy Slam|p1a: Indeedee\n|-damage|p1a: Indeedee|0 fnt\n|faint|p1a: Indeedee\n|move|p1b: Calyrex|Shadow Ball|p2a: Zamazenta\n|-damage|p2a: Zamazenta|4\/100\n|-unboost|p2a: Zamazenta|spd|1\n|\n|upkeep\n|\n|t:|1721111139\n|switch|p1a: Chi-Yu|Chi-Yu, L50|64\/100\n|-ability|p1a: Chi-Yu|Beads of Ruin\n|turn|6\n|-message|VGCNEOPHYTE forfeited.\n|\n|win|obfo666\n|raw|obfo666's rating: 1673 &rarr; <strong>1695<\/strong><br \/>(+22 for winning)\n|raw|VGCNEOPHYTE's rating: 1701 &rarr; <strong>1679<\/strong><br \/>(-22 for losing)\n|l|\u2606VGCNEOPHYTE\n|player|p2|\n","uploadtime":1721111151,"views":29,"formatid":"gen9vgc2024regg","rating":1679,"private":0,"password":null}