{"id":"gen9vgc2024regg-2161817033","format":"[Gen 9] VGC 2024 Reg G","players":["Mutu77","cccasdwwww"],"log":"|j|\u2606Mutu77\n|j|\u2606cccasdwwww\n|t:|1721121574\n|gametype|doubles\n|player|p1|Mutu77|266|1769\n|player|p2|cccasdwwww|veteranf|1662\n|teamsize|p1|6\n|teamsize|p2|6\n|gen|9\n|tier|[Gen 9] VGC 2024 Reg G\n|rated|\n|rule|Species Clause: Limit one of each Pok\u00e9mon\n|rule|Item Clause: Limit one of each item\n|clearpoke\n|poke|p1|Zamazenta-*, L50|\n|poke|p1|Thundurus, L50, M|\n|poke|p1|Urshifu-*, L50, M|\n|poke|p1|Dragonite, L50, M|\n|poke|p1|Landorus, L50, M|\n|poke|p1|Iron Crown, L50|\n|poke|p2|Incineroar, L50, M|\n|poke|p2|Rillaboom, L50, F|\n|poke|p2|Calyrex-Ice, L50|\n|poke|p2|Urshifu-*, L50, M|\n|poke|p2|Pelipper, L50, M|\n|poke|p2|Raging Bolt, L50|\n|teampreview|4\n|j| ymlm\n|\n|t:|1721121639\n|start\n|switch|p1a: Zamazenta|Zamazenta-Crowned, L50|100\/100\n|switch|p1b: Iron Crown|Iron Crown, L50|100\/100\n|switch|p2a: Raging Bolt|Raging Bolt, L50|100\/100\n|switch|p2b: Incineroar|Incineroar, L50, M, shiny|100\/100\n|-ability|p1a: Zamazenta|Dauntless Shield|boost\n|-boost|p1a: Zamazenta|def|1\n|-ability|p2b: Incineroar|Intimidate|boost\n|-unboost|p1a: Zamazenta|atk|1\n|-unboost|p1b: Iron Crown|atk|1\n|-enditem|p1b: Iron Crown|Booster Energy\n|-activate|p1b: Iron Crown|ability: Quark Drive|[fromitem]\n|-start|p1b: Iron Crown|quarkdrivespa\n|-enditem|p2a: Raging Bolt|Booster Energy\n|-activate|p2a: Raging Bolt|ability: Protosynthesis|[fromitem]\n|-start|p2a: Raging Bolt|protosynthesisspa\n|turn|1\n|\n|t:|1721121693\n|-end|p1b: Iron Crown|Quark Drive|[silent]\n|switch|p1b: Landorus|Landorus, L50, M, shiny|100\/100\n|-terastallize|p2b: Incineroar|Ghost\n|move|p1a: Zamazenta|Iron Defense|p1a: Zamazenta\n|-boost|p1a: Zamazenta|def|2\n|move|p2a: Raging Bolt|Thunderbolt|p1b: Landorus\n|-immune|p1b: Landorus\n|move|p2b: Incineroar|Will-O-Wisp|p1a: Zamazenta\n|-status|p1a: Zamazenta|brn\n|\n|-damage|p1a: Zamazenta|95\/100 brn|[from] brn\n|upkeep\n|turn|2\n|\n|t:|1721121718\n|move|p1a: Zamazenta|Iron Defense|p1a: Zamazenta\n|-boost|p1a: Zamazenta|def|2\n|move|p1b: Landorus|Sandsear Storm|p2a: Raging Bolt|[spread] p2b\n|-miss|p1b: Landorus|p2a: Raging Bolt\n|-damage|p2b: Incineroar|47\/100\n|move|p2a: Raging Bolt|Draco Meteor|p1b: Landorus\n|-damage|p1b: Landorus|0 fnt\n|-unboost|p2a: Raging Bolt|spa|2\n|faint|p1b: Landorus\n|move|p2b: Incineroar|Parting Shot|p1a: Zamazenta\n|-unboost|p1a: Zamazenta|atk|1\n|-unboost|p1a: Zamazenta|spa|1\n|\n|t:|1721121730\n|switch|p2b: Urshifu|Urshifu-Rapid-Strike, L50, M|100\/100|[from] Parting Shot\n|\n|-damage|p1a: Zamazenta|89\/100 brn|[from] brn\n|upkeep\n|\n|t:|1721121741\n|switch|p1b: Thundurus|Thundurus, L50, M|100\/100\n|turn|3\n|\n|t:|1721121751\n|move|p1b: Thundurus|Thunder Wave|p2b: Urshifu\n|-status|p2b: Urshifu|par\n|move|p1a: Zamazenta|Body Press|p2b: Urshifu\n|-damage|p2b: Urshifu|20\/100 par\n|move|p2b: Urshifu|Surging Strikes|p1b: Thundurus\n|-crit|p1b: Thundurus\n|-damage|p1b: Thundurus|83\/100\n|-crit|p1b: Thundurus\n|-damage|p1b: Thundurus|62\/100\n|-crit|p1b: Thundurus\n|-damage|p1b: Thundurus|42\/100\n|-hitcount|p1b: Thundurus|3\n|move|p2a: Raging Bolt|Thunderbolt|p1b: Thundurus\n|-damage|p1b: Thundurus|0 fnt\n|faint|p1b: Thundurus\n|\n|-damage|p1a: Zamazenta|83\/100 brn|[from] brn\n|upkeep\n|\n|t:|1721121770\n|switch|p1b: Iron Crown|Iron Crown, L50|100\/100\n|turn|4\n|\n|t:|1721121788\n|-end|p2a: Raging Bolt|Protosynthesis|[silent]\n|switch|p2a: Incineroar|Incineroar, L50, M, shiny, tera:Ghost|47\/100\n|-ability|p2a: Incineroar|Intimidate|boost\n|-unboost|p1a: Zamazenta|atk|1\n|-unboost|p1b: Iron Crown|atk|1\n|move|p1a: Zamazenta|Body Press|p2b: Urshifu\n|-damage|p2b: Urshifu|0 fnt\n|faint|p2b: Urshifu\n|move|p1b: Iron Crown|Psyshock|p2a: Incineroar\n|-damage|p2a: Incineroar|10\/100\n|\n|-damage|p1a: Zamazenta|77\/100 brn|[from] brn\n|upkeep\n|\n|t:|1721121792\n|switch|p2b: Calyrex|Calyrex-Ice, L50|100\/100\n|-ability|p2b: Calyrex|As One\n|-ability|p2b: Calyrex|Unnerve\n|turn|5\n|\n|t:|1721121839\n|move|p1a: Zamazenta|Protect|p1a: Zamazenta\n|-singleturn|p1a: Zamazenta|Protect\n|move|p1b: Iron Crown|Protect|p1b: Iron Crown\n|-singleturn|p1b: Iron Crown|Protect\n|move|p2a: Incineroar|Fake Out|p1b: Iron Crown\n|-activate|p1b: Iron Crown|move: Protect\n|move|p2b: Calyrex|Trick Room|p2b: Calyrex\n|-fieldstart|move: Trick Room|[of] p2b: Calyrex\n|\n|-damage|p1a: Zamazenta|71\/100 brn|[from] brn\n|upkeep\n|turn|6\n|j| THUNDERSND77\n|l| THUNDERSND77\n|\n|t:|1721121867\n|-terastallize|p1b: Iron Crown|Dark\n|move|p2b: Calyrex|High Horsepower|p1b: Iron Crown\n|-damage|p1b: Iron Crown|59\/100\n|move|p2a: Incineroar|Knock Off|p1b: Iron Crown\n|-resisted|p1b: Iron Crown\n|-damage|p1b: Iron Crown|44\/100\n|move|p1b: Iron Crown|Tachyon Cutter|p2b: Calyrex\n|-supereffective|p2b: Calyrex\n|-damage|p2b: Calyrex|65\/100\n|-supereffective|p2b: Calyrex\n|-damage|p2b: Calyrex|30\/100\n|-hitcount|p2b: Calyrex|2\n|move|p1a: Zamazenta|Body Press|p2b: Calyrex\n|-damage|p2b: Calyrex|0 fnt\n|faint|p2b: Calyrex\n|\n|-damage|p1a: Zamazenta|65\/100 brn|[from] brn\n|upkeep\n|l| ymlm\n|inactive|Battle timer is ON: inactive players will automatically lose when time's up. (requested by Mutu77)\n|inactive|cccasdwwww has 60 seconds left.\n|inactive|cccasdwwww has 30 seconds left.\n|inactive|cccasdwwww has 20 seconds left.\n|inactive|cccasdwwww has 15 seconds left.\n|inactive|cccasdwwww has 10 seconds left.\n|inactive|cccasdwwww has 5 seconds left.\n|\n|t:|1721122022\n|switch|p2b: Raging Bolt|Raging Bolt, L50|100\/100\n|turn|7\n|inactive|cccasdwwww has 30 seconds left.\n|inactive|cccasdwwww has 20 seconds left.\n|inactive|cccasdwwww has 15 seconds left.\n|inactive|cccasdwwww has 10 seconds left.\n|inactive|cccasdwwww has 5 seconds left.\n|\n|t:|1721122077\n|move|p2b: Raging Bolt|Protect|p2b: Raging Bolt\n|-singleturn|p2b: Raging Bolt|Protect\n|move|p1b: Iron Crown|Protect|p1b: Iron Crown\n|-singleturn|p1b: Iron Crown|Protect\n|move|p2a: Incineroar|Knock Off|p1a: Zamazenta\n|-resisted|p1a: Zamazenta\n|-crit|p1a: Zamazenta\n|-damage|p1a: Zamazenta|52\/100 brn\n|move|p1a: Zamazenta|Body Press|p2b: Raging Bolt\n|-activate|p2b: Raging Bolt|move: Protect\n|\n|-damage|p1a: Zamazenta|46\/100 brn|[from] brn\n|upkeep\n|turn|8\n|j| test368\n|inactive|cccasdwwww has 30 seconds left.\n|inactive|cccasdwwww has 20 seconds left.\n|inactive|cccasdwwww has 15 seconds left.\n|inactive|cccasdwwww has 10 seconds left.\n|inactive|cccasdwwww has 5 seconds left.\n|\n|t:|1721122132\n|move|p2b: Raging Bolt|Protect|p2b: Raging Bolt\n|-singleturn|p2b: Raging Bolt|Protect\n|move|p2a: Incineroar|Knock Off|p1a: Zamazenta\n|-resisted|p1a: Zamazenta\n|-damage|p1a: Zamazenta|43\/100 brn\n|move|p1b: Iron Crown|Psyshock|p2a: Incineroar\n|-damage|p2a: Incineroar|0 fnt\n|faint|p2a: Incineroar\n|move|p1a: Zamazenta|Body Press|p2b: Raging Bolt\n|-activate|p2b: Raging Bolt|move: Protect\n|\n|-damage|p1a: Zamazenta|37\/100 brn|[from] brn\n|upkeep\n|turn|9\n|\n|t:|1721122150\n|move|p1b: Iron Crown|Protect|p1b: Iron Crown\n|-singleturn|p1b: Iron Crown|Protect\n|move|p1a: Zamazenta|Protect|p1a: Zamazenta\n|-singleturn|p1a: Zamazenta|Protect\n|move|p2b: Raging Bolt|Thunderbolt|p1b: Iron Crown\n|-activate|p1b: Iron Crown|move: Protect\n|\n|-damage|p1a: Zamazenta|31\/100 brn|[from] brn\n|-fieldend|move: Trick Room\n|upkeep\n|turn|10\n|\n|t:|1721122164\n|move|p2b: Raging Bolt|Protect|p2b: Raging Bolt\n|-singleturn|p2b: Raging Bolt|Protect\n|move|p1a: Zamazenta|Body Press|p2b: Raging Bolt\n|-activate|p2b: Raging Bolt|move: Protect\n|move|p1b: Iron Crown|Psyshock|p2b: Raging Bolt\n|-activate|p2b: Raging Bolt|move: Protect\n|\n|-damage|p1a: Zamazenta|25\/100 brn|[from] brn\n|upkeep\n|turn|11\n|\n|t:|1721122179\n|move|p2b: Raging Bolt|Thunderclap|p1a: Zamazenta\n|-damage|p1a: Zamazenta|0 fnt\n|faint|p1a: Zamazenta\n|move|p1b: Iron Crown|Psyshock|p2b: Raging Bolt\n|-damage|p2b: Raging Bolt|62\/100\n|\n|upkeep\n|turn|12\n|\n|t:|1721122199\n|move|p1b: Iron Crown|Psyshock|p2b: Raging Bolt\n|-damage|p2b: Raging Bolt|20\/100\n|move|p2b: Raging Bolt|Draco Meteor|p1b: Iron Crown\n|-damage|p1b: Iron Crown|0 fnt\n|-unboost|p2b: Raging Bolt|spa|2\n|faint|p1b: Iron Crown\n|-end|p1b: Iron Crown|Quark Drive|[silent]\n|\n|win|cccasdwwww\n|raw|Mutu77's rating: 1769 &rarr; <strong>1743<\/strong><br \/>(-26 for losing)\n|raw|cccasdwwww's rating: 1662 &rarr; <strong>1688<\/strong><br \/>(+26 for winning)\n|l| test368\n|l|\u2606cccasdwwww\n|player|p2|\n|l|\u2606Mutu77\n|player|p1|\n","uploadtime":1721122361,"views":6,"formatid":"gen9vgc2024regg","rating":1688,"private":0,"password":null}