{"id":"gen9vgc2024regg-2161915137","format":"[Gen 9] VGC 2024 Reg G","players":["Shamone Rider 13","BrodaxVGC"],"log":"|j|\u2606Shamone Rider 13\n|j|\u2606BrodaxVGC\n|t:|1721137947\n|gametype|doubles\n|player|p1|Shamone Rider 13|lucas|1711\n|player|p2|BrodaxVGC|266|1712\n|teamsize|p1|6\n|teamsize|p2|6\n|gen|9\n|tier|[Gen 9] VGC 2024 Reg G\n|rated|\n|rule|Species Clause: Limit one of each Pok\u00e9mon\n|rule|Item Clause: Limit one of each item\n|clearpoke\n|poke|p1|Whimsicott, L50, F|\n|poke|p1|Flutter Mane, L50|\n|poke|p1|Calyrex-Shadow, L50|\n|poke|p1|Iron Hands, L50|\n|poke|p1|Clefairy, L50, F|\n|poke|p1|Ogerpon-Cornerstone, L50, F|\n|poke|p2|Miraidon, L50|\n|poke|p2|Whimsicott, L50, F|\n|poke|p2|Chi-Yu, L50|\n|poke|p2|Ogerpon-Wellspring, L50, F|\n|poke|p2|Iron Hands, L50|\n|poke|p2|Farigiraf, L50, F|\n|teampreview|4\n|inactive|Battle timer is ON: inactive players will automatically lose when time's up. (requested by BrodaxVGC)\nShamone Rider 13 has agreed to open team sheets.\n|j| Turkitty\n|\n|t:|1721137973\n|start\n|switch|p1a: Farfaduvet|Whimsicott, L50, F, shiny|100\/100\n|switch|p1b: Flotte-M\u00e8che|Flutter Mane, L50|100\/100\n|switch|p2a: Whimsicott|Whimsicott, L50, F|100\/100\n|switch|p2b: Chi-Yu|Chi-Yu, L50|100\/100\n|-ability|p2b: Chi-Yu|Beads of Ruin\n|turn|1\n|\n|t:|1721137996\n|move|p2a: Whimsicott|Taunt|p1a: Farfaduvet\n|-start|p1a: Farfaduvet|move: Taunt\n|cant|p1a: Farfaduvet|move: Taunt|Tailwind\n|move|p1b: Flotte-M\u00e8che|Dazzling Gleam|p2b: Chi-Yu|[spread] p2a,p2b\n|-enditem|p2a: Whimsicott|Focus Sash\n|-damage|p2a: Whimsicott|1\/100\n|-damage|p2b: Chi-Yu|54\/100\n|move|p2b: Chi-Yu|Heat Wave|p1b: Flotte-M\u00e8che|[spread] p1a,p1b\n|-supereffective|p1a: Farfaduvet\n|-damage|p1a: Farfaduvet|0 fnt\n|-damage|p1b: Flotte-M\u00e8che|39\/100\n|-status|p1b: Flotte-M\u00e8che|brn\n|faint|p1a: Farfaduvet\n|-damage|p2b: Chi-Yu|44\/100|[from] item: Life Orb\n|\n|-damage|p1b: Flotte-M\u00e8che|32\/100 brn|[from] brn\n|upkeep\n|\n|t:|1721138001\n|switch|p1a: Fisto|Iron Hands, L50, shiny|100\/100\n|turn|2\n|inactive|BrodaxVGC has 30 seconds left.\n|\n|t:|1721138030\n|-terastallize|p2a: Whimsicott|Ghost\n|move|p2b: Chi-Yu|Protect|p2b: Chi-Yu\n|-singleturn|p2b: Chi-Yu|Protect\n|move|p2a: Whimsicott|Tailwind|p2a: Whimsicott\n|-sidestart|p2: BrodaxVGC|move: Tailwind\n|move|p1b: Flotte-M\u00e8che|Dazzling Gleam|p2a: Whimsicott|[spread] p2a\n|-activate|p2b: Chi-Yu|move: Protect\n|-damage|p2a: Whimsicott|0 fnt\n|faint|p2a: Whimsicott\n|move|p1a: Fisto|Drain Punch|p2b: Chi-Yu\n|-activate|p2b: Chi-Yu|move: Protect\n|\n|-damage|p1b: Flotte-M\u00e8che|26\/100 brn|[from] brn\n|upkeep\n|j| THUNDERSND77\n|\n|t:|1721138048\n|switch|p2a: Iron Hands|Iron Hands, L50|100\/100\n|turn|3\n|\n|t:|1721138066\n|move|p2a: Iron Hands|Fake Out|p1a: Fisto\n|-damage|p1a: Fisto|88\/100\n|move|p2b: Chi-Yu|Heat Wave|p1b: Flotte-M\u00e8che|[spread] p1a,p1b\n|-damage|p1a: Fisto|46\/100\n|-damage|p1b: Flotte-M\u00e8che|0 fnt\n|faint|p1b: Flotte-M\u00e8che\n|-end|p1b: Flotte-M\u00e8che|Protosynthesis|[silent]\n|-damage|p2b: Chi-Yu|34\/100|[from] item: Life Orb\n|cant|p1a: Fisto|flinch\n|\n|upkeep\n|\n|t:|1721138068\n|switch|p1b: Shamone Rider|Calyrex-Shadow, L50|100\/100\n|-ability|p1b: Shamone Rider|As One\n|-ability|p1b: Shamone Rider|Unnerve\n|turn|4\n|\n|t:|1721138085\n|-terastallize|p1a: Fisto|Fire\n|move|p1b: Shamone Rider|Protect|p1b: Shamone Rider\n|-singleturn|p1b: Shamone Rider|Protect\n|move|p2b: Chi-Yu|Heat Wave|p1a: Fisto|[spread] p1a\n|-activate|p1b: Shamone Rider|move: Protect\n|-resisted|p1a: Fisto\n|-damage|p1a: Fisto|27\/100\n|-damage|p2b: Chi-Yu|25\/100|[from] item: Life Orb\n|move|p2a: Iron Hands|Drain Punch|p1a: Fisto\n|-damage|p1a: Fisto|0 fnt\n|faint|p1a: Fisto\n|-end|p1a: Fisto|Quark Drive|[silent]\n|\n|upkeep\n|turn|5\n|\n|t:|1721138106\n|move|p1b: Shamone Rider|Protect||[still]\n|-fail|p1b: Shamone Rider\n|move|p2b: Chi-Yu|Dark Pulse|p1b: Shamone Rider\n|-supereffective|p1b: Shamone Rider\n|-damage|p1b: Shamone Rider|0 fnt\n|faint|p1b: Shamone Rider\n|-damage|p2b: Chi-Yu|15\/100|[from] item: Life Orb\n|\n|win|BrodaxVGC\n|raw|Shamone Rider 13's rating: 1711 &rarr; <strong>1691<\/strong><br \/>(-20 for losing)\n|raw|BrodaxVGC's rating: 1712 &rarr; <strong>1732<\/strong><br \/>(+20 for winning)\n|l|\u2606BrodaxVGC\n|player|p2|\n|l| Turkitty\n|l| THUNDERSND77\n|j| Turkitty\n|l| Turkitty\n|l|\u2606Shamone Rider 13\n|player|p1|\n|j|\u2606Shamone Rider 13\n|player|p1|Shamone Rider 13|lucas|\n|l|\u2606Shamone Rider 13\n|player|p1|\n","uploadtime":1721138108,"views":165,"formatid":"gen9vgc2024regg","rating":1691,"private":0,"password":null}