{"id":"gen9vgc2024regg-2161162266","format":"[Gen 9] VGC 2024 Reg G","players":["dcerza127","Bjorn1425"],"log":"|j|\u2606dcerza127\n|j|\u2606Bjorn1425\n|t:|1721024218\n|gametype|doubles\n|player|p1|dcerza127|170|1654\n|player|p2|Bjorn1425|youngster-gen4dp|1707\n|teamsize|p1|6\n|teamsize|p2|6\n|gen|9\n|tier|[Gen 9] VGC 2024 Reg G\n|rated|\n|rule|Species Clause: Limit one of each Pok\u00e9mon\n|rule|Item Clause: Limit one of each item\n|clearpoke\n|poke|p1|Lunala, L50|\n|poke|p1|Sableye, L50, M|\n|poke|p1|Spectrier, L50|\n|poke|p1|Flutter Mane, L50|\n|poke|p1|Annihilape, L50, M|\n|poke|p1|Sinistcha-Masterpiece, L50|\n|poke|p2|Incineroar, L50, M|\n|poke|p2|Rillaboom, L50, M|\n|poke|p2|Calyrex-Ice, L50|\n|poke|p2|Urshifu-*, L50, M|\n|poke|p2|Raging Bolt, L50|\n|poke|p2|Farigiraf, L50, M|\n|teampreview|4\n|inactive|Battle timer is ON: inactive players will automatically lose when time's up. (requested by dcerza127)\n|\n|t:|1721024247\n|start\n|switch|p1a: Sableye|Sableye, L50, M|100\/100\n|switch|p1b: Annihilape|Annihilape, L50, M|100\/100\n|switch|p2a: Jorge|Rillaboom, L50, M, shiny|100\/100\n|switch|p2b: Raiku|Raging Bolt, L50|100\/100\n|-fieldstart|move: Grassy Terrain|[from] ability: Grassy Surge|[of] p2a: Jorge\n|-enditem|p2b: Raiku|Booster Energy\n|-activate|p2b: Raiku|ability: Protosynthesis|[fromitem]\n|-start|p2b: Raiku|protosynthesisspa\n|turn|1\n|\n|t:|1721024259\n|move|p1a: Sableye|Fake Out|p2b: Raiku\n|-damage|p2b: Raiku|94\/100\n|cant|p2b: Raiku|flinch\n|move|p2a: Jorge|Grassy Glide|p1b: Annihilape\n|-damage|p1b: Annihilape|61\/100\n|move|p1b: Annihilape|Bulk Up|p1b: Annihilape\n|-boost|p1b: Annihilape|atk|1\n|-boost|p1b: Annihilape|def|1\n|\n|-heal|p2b: Raiku|99\/100|[from] Grassy Terrain\n|-heal|p1b: Annihilape|67\/100|[from] Grassy Terrain\n|upkeep\n|turn|2\n|\n|t:|1721024272\n|switch|p2a: Farigiraf|Farigiraf, L50, M|100\/100\n|-terastallize|p2b: Raiku|Electric\n|move|p1b: Annihilape|Protect|p1b: Annihilape\n|-singleturn|p1b: Annihilape|Protect\n|move|p1a: Sableye|Reflect|p1a: Sableye\n|-sidestart|p1: dcerza127|Reflect\n|move|p2b: Raiku|Thunderbolt|p1b: Annihilape\n|-activate|p1b: Annihilape|move: Protect\n|\n|-heal|p2b: Raiku|100\/100|[from] Grassy Terrain\n|-heal|p1b: Annihilape|73\/100|[from] Grassy Terrain\n|upkeep\n|turn|3\n|\n|t:|1721024287\n|move|p2a: Farigiraf|Helping Hand|p2b: Raiku\n|-singleturn|p2b: Raiku|Helping Hand|[of] p2a: Farigiraf\n|move|p1a: Sableye|Light Screen|p1a: Sableye\n|-sidestart|p1: dcerza127|move: Light Screen\n|move|p2b: Raiku|Thunderbolt|p1b: Annihilape\n|-damage|p1b: Annihilape|4\/100\n|-enditem|p1b: Annihilape|Aguav Berry|[eat]\n|-heal|p1b: Annihilape|37\/100|[from] item: Aguav Berry\n|move|p1b: Annihilape|Drain Punch|p2b: Raiku\n|-damage|p2b: Raiku|50\/100\n|-heal|p1b: Annihilape|63\/100|[from] drain|[of] p2b: Raiku\n|\n|-heal|p2b: Raiku|56\/100|[from] Grassy Terrain\n|-heal|p1b: Annihilape|69\/100|[from] Grassy Terrain\n|upkeep\n|turn|4\n|\n|t:|1721024305\n|switch|p1a: Sinistcha|Sinistcha-Masterpiece, L50|100\/100\n|-heal|p1b: Annihilape|94\/100|[from] ability: Hospitality|[of] p1a: Sinistcha\n|move|p2a: Farigiraf|Helping Hand|p2b: Raiku\n|-singleturn|p2b: Raiku|Helping Hand|[of] p2a: Farigiraf\n|move|p2b: Raiku|Thunderbolt|p1a: Sinistcha\n|-resisted|p1a: Sinistcha\n|-damage|p1a: Sinistcha|57\/100\n|-status|p1a: Sinistcha|par\n|move|p1b: Annihilape|Drain Punch|p2b: Raiku\n|-damage|p2b: Raiku|13\/100\n|-heal|p1b: Annihilape|100\/100|[from] drain|[of] p2b: Raiku\n|\n|-heal|p2b: Raiku|19\/100|[from] Grassy Terrain\n|-heal|p1a: Sinistcha|63\/100 par|[from] Grassy Terrain\n|upkeep\n|turn|5\n|\n|t:|1721024323\n|cant|p1a: Sinistcha|par\n|move|p2b: Raiku|Thunderbolt|p1b: Annihilape\n|-damage|p1b: Annihilape|59\/100\n|move|p1b: Annihilape|Bulk Up|p1b: Annihilape\n|-boost|p1b: Annihilape|atk|1\n|-boost|p1b: Annihilape|def|1\n|move|p2a: Farigiraf|Trick Room|p2a: Farigiraf\n|-fieldstart|move: Trick Room|[of] p2a: Farigiraf\n|\n|-heal|p1a: Sinistcha|70\/100 par|[from] Grassy Terrain\n|-heal|p1b: Annihilape|65\/100|[from] Grassy Terrain\n|-heal|p2b: Raiku|25\/100|[from] Grassy Terrain\n|-fieldend|move: Grassy Terrain\n|upkeep\n|turn|6\n|\n|t:|1721024341\n|move|p1b: Annihilape|Protect|p1b: Annihilape\n|-singleturn|p1b: Annihilape|Protect\n|move|p2b: Raiku|Thunderclap||[still]\n|-fail|p2b: Raiku\n|move|p2a: Farigiraf|Psychic Noise|p1b: Annihilape\n|-activate|p1b: Annihilape|move: Protect\n|move|p1a: Sinistcha|Trick Room|p1a: Sinistcha\n|-fieldend|move: Trick Room\n|\n|upkeep\n|turn|7\n|\n|t:|1721024354\n|move|p2b: Raiku|Draco Meteor|p1a: Sinistcha\n|-damage|p1a: Sinistcha|13\/100 par\n|-unboost|p2b: Raiku|spa|2\n|move|p1b: Annihilape|Drain Punch|p2a: Farigiraf\n|-damage|p2a: Farigiraf|39\/100\n|-heal|p1b: Annihilape|97\/100|[from] drain|[of] p2a: Farigiraf\n|-enditem|p2a: Farigiraf|Sitrus Berry|[eat]\n|-heal|p2a: Farigiraf|64\/100|[from] item: Sitrus Berry\n|move|p1a: Sinistcha|Matcha Gotcha|p2a: Farigiraf|[spread] p2a,p2b\n|-damage|p2a: Farigiraf|38\/100\n|-heal|p1a: Sinistcha|30\/100 par|[from] drain|[of] p2a: Farigiraf\n|-damage|p2b: Raiku|1\/100\n|-heal|p1a: Sinistcha|44\/100 par|[from] drain|[of] p2b: Raiku\n|move|p2a: Farigiraf|Trick Room|p2a: Farigiraf\n|-fieldstart|move: Trick Room|[of] p2a: Farigiraf\n|\n|upkeep\n|turn|8\n|inactive|dcerza127 has 30 seconds left.\n|\n|t:|1721024383\n|move|p2a: Farigiraf|Dazzling Gleam|p1a: Sinistcha|[spread] p1a,p1b\n|-supereffective|p1b: Annihilape\n|-damage|p1a: Sinistcha|36\/100 par\n|-damage|p1b: Annihilape|83\/100\n|move|p1b: Annihilape|Drain Punch|p2a: Farigiraf\n|-damage|p2a: Farigiraf|0 fnt\n|-heal|p1b: Annihilape|100\/100|[from] drain|[of] p2a: Farigiraf\n|faint|p2a: Farigiraf\n|move|p2b: Raiku|Draco Meteor|p1a: Sinistcha\n|-damage|p1a: Sinistcha|7\/100 par\n|-unboost|p2b: Raiku|spa|2\n|move|p1a: Sinistcha|Trick Room|p1a: Sinistcha\n|-fieldend|move: Trick Room\n|\n|upkeep\n|-message|Bjorn1425 forfeited.\n|\n|win|dcerza127\n|raw|dcerza127's rating: 1654 &rarr; <strong>1677<\/strong><br \/>(+23 for winning)\n|raw|Bjorn1425's rating: 1707 &rarr; <strong>1684<\/strong><br \/>(-23 for losing)\n|l|\u2606dcerza127\n|player|p1|\n","uploadtime":1721024415,"views":44,"formatid":"gen9vgc2024regg","rating":1677,"private":0,"password":null}