{"id":"gen9vgc2024regg-2161483449","format":"[Gen 9] VGC 2024 Reg G","players":["JOEYISAMAZING","zonavideovigilada"],"log":"|j|\u2606JOEYISAMAZING\n|j|\u2606zonavideovigilada\n|t:|1721071967\n|gametype|doubles\n|player|p1|JOEYISAMAZING|169|1666\n|player|p2|zonavideovigilada|101|1723\n|teamsize|p1|6\n|teamsize|p2|6\n|gen|9\n|tier|[Gen 9] VGC 2024 Reg G\n|rated|\n|rule|Species Clause: Limit one of each Pok\u00e9mon\n|rule|Item Clause: Limit one of each item\n|clearpoke\n|poke|p1|Zamazenta-*, L50|\n|poke|p1|Chien-Pao, L50|\n|poke|p1|Rillaboom, L50, M|\n|poke|p1|Incineroar, L50, M|\n|poke|p1|Pelipper, L50, M|\n|poke|p1|Flutter Mane, L50|\n|poke|p2|Zamazenta-*, L50|\n|poke|p2|Amoonguss, L50, F|\n|poke|p2|Pelipper, L50, M|\n|poke|p2|Urshifu-*, L50, F|\n|poke|p2|Ting-Lu, L50|\n|poke|p2|Chien-Pao, L50|\n|teampreview|4\n|inactive|Battle timer is ON: inactive players will automatically lose when time's up. (requested by zonavideovigilada)\n|inactive|JOEYISAMAZING also wants the timer to be on.\n|inactive|JOEYISAMAZING has 60 seconds left.\n|\n|t:|1721072001\n|start\n|switch|p1a: Incineroar|Incineroar, L50, M|100\/100\n|switch|p1b: Zamazenta|Zamazenta-Crowned, L50|100\/100\n|switch|p2a: Zamazenta|Zamazenta-Crowned, L50|100\/100\n|switch|p2b: Amoonguss|Amoonguss, L50, F|100\/100\n|-ability|p1b: Zamazenta|Dauntless Shield|boost\n|-boost|p1b: Zamazenta|def|1\n|-ability|p2a: Zamazenta|Dauntless Shield|boost\n|-boost|p2a: Zamazenta|def|1\n|-ability|p1a: Incineroar|Intimidate|boost\n|-unboost|p2a: Zamazenta|atk|1\n|-unboost|p2b: Amoonguss|atk|1\n|turn|1\n|\n|t:|1721072013\n|switch|p1a: Flutter Mane|Flutter Mane, L50|100\/100\n|-terastallize|p1b: Zamazenta|Grass\n|move|p1b: Zamazenta|Iron Defense|p1b: Zamazenta\n|-boost|p1b: Zamazenta|def|2\n|move|p2a: Zamazenta|Body Press|p1a: Flutter Mane\n|-immune|p1a: Flutter Mane\n|move|p2b: Amoonguss|Spore|p1b: Zamazenta\n|-immune|p1b: Zamazenta\n|\n|upkeep\n|turn|2\n|inactive|zonavideovigilada has 30 seconds left.\n|\n|t:|1721072041\n|-end|p1a: Flutter Mane|Protosynthesis|[silent]\n|switch|p1a: Incineroar|Incineroar, L50, M|100\/100\n|-ability|p1a: Incineroar|Intimidate|boost\n|-unboost|p2a: Zamazenta|atk|1\n|-unboost|p2b: Amoonguss|atk|1\n|move|p1b: Zamazenta|Body Press|p2a: Zamazenta\n|-supereffective|p2a: Zamazenta\n|-damage|p2a: Zamazenta|19\/100\n|move|p2a: Zamazenta|Body Press|p1a: Incineroar\n|-supereffective|p1a: Incineroar\n|-damage|p1a: Incineroar|0 fnt\n|faint|p1a: Incineroar\n|move|p2b: Amoonguss|Spore|p1b: Zamazenta\n|-immune|p1b: Zamazenta\n|\n|upkeep\n|\n|t:|1721072058\n|switch|p1a: Flutter Mane|Flutter Mane, L50|100\/100\n|turn|3\n|\n|t:|1721072067\n|move|p2b: Amoonguss|Protect|p2b: Amoonguss\n|-singleturn|p2b: Amoonguss|Protect\n|move|p1a: Flutter Mane|Dazzling Gleam|p2a: Zamazenta|[spread] p2a\n|-activate|p2b: Amoonguss|move: Protect\n|-damage|p2a: Zamazenta|0 fnt\n|faint|p2a: Zamazenta\n|move|p1b: Zamazenta|Iron Defense|p1b: Zamazenta\n|-boost|p1b: Zamazenta|def|2\n|\n|upkeep\n|\n|t:|1721072077\n|switch|p2a: Urshifu|Urshifu-Rapid-Strike, L50, F|100\/100\n|turn|4\n|inactive|zonavideovigilada has 30 seconds left.\n|\n|t:|1721072110\n|switch|p2b: Pelipper|Pelipper, L50, M|100\/100\n|-weather|RainDance|[from] ability: Drizzle|[of] p2b: Pelipper\n|move|p2a: Urshifu|Surging Strikes|p1a: Flutter Mane\n|-crit|p1a: Flutter Mane\n|-damage|p1a: Flutter Mane|33\/100\n|-crit|p1a: Flutter Mane\n|-damage|p1a: Flutter Mane|0 fnt\n|faint|p1a: Flutter Mane\n|-end|p1a: Flutter Mane|Protosynthesis|[silent]\n|-hitcount|p1: Flutter Mane|2\n|move|p1b: Zamazenta|Body Press|p2a: Urshifu\n|-damage|p2a: Urshifu|0 fnt\n|faint|p2a: Urshifu\n|\n|-weather|RainDance|[upkeep]\n|upkeep\n|\n|t:|1721072117\n|switch|p1a: Chien-Pao|Chien-Pao, L50|100\/100\n|switch|p2a: Amoonguss|Amoonguss, L50, F|100\/100\n|-ability|p1a: Chien-Pao|Sword of Ruin\n|turn|5\n|\n|t:|1721072133\n|-terastallize|p2a: Amoonguss|Water\n|move|p1a: Chien-Pao|Protect|p1a: Chien-Pao\n|-singleturn|p1a: Chien-Pao|Protect\n|move|p1b: Zamazenta|Body Press|p2b: Pelipper\n|-resisted|p2b: Pelipper\n|-damage|p2b: Pelipper|0 fnt\n|-damage|p1b: Zamazenta|84\/100|[from] item: Rocky Helmet|[of] p2b: Pelipper\n|faint|p2b: Pelipper\n|move|p2a: Amoonguss|Spore|p1a: Chien-Pao\n|-activate|p1a: Chien-Pao|move: Protect\n|\n|-weather|RainDance|[upkeep]\n|upkeep\n|turn|6\n|-message|zonavideovigilada forfeited.\n|\n|win|JOEYISAMAZING\n|raw|JOEYISAMAZING's rating: 1666 &rarr; <strong>1689<\/strong><br \/>(+23 for winning)\n|raw|zonavideovigilada's rating: 1723 &rarr; <strong>1700<\/strong><br \/>(-23 for losing)\n|l|\u2606zonavideovigilada\n|player|p2|\n|l|\u2606JOEYISAMAZING\n|player|p1|\n","uploadtime":1721072375,"views":17,"formatid":"gen9vgc2024regg","rating":1689,"private":0,"password":null}