{"id":"gen9vgc2024regg-2161889713","format":"[Gen 9] VGC 2024 Reg G","players":["YuanqiNono","tuanzai233t"],"log":"|j|\u2606YuanqiNono\n|j|\u2606tuanzai233t\n|t:|1721134491\n|gametype|doubles\n|player|p1|YuanqiNono|1|1741\n|player|p2|tuanzai233t|102|1763\n|teamsize|p1|6\n|teamsize|p2|6\n|gen|9\n|tier|[Gen 9] VGC 2024 Reg G\n|rated|\n|rule|Species Clause: Limit one of each Pok\u00e9mon\n|rule|Item Clause: Limit one of each item\n|clearpoke\n|poke|p1|Raging Bolt, L50|\n|poke|p1|Tornadus, L50, M|\n|poke|p1|Incineroar, L50, F|\n|poke|p1|Zamazenta-*, L50|\n|poke|p1|Urshifu-*, L50, F|\n|poke|p1|Gholdengo, L50|\n|poke|p2|Indeedee-F, L50, F|\n|poke|p2|Torkoal, L50, M|\n|poke|p2|Calyrex-Ice, L50|\n|poke|p2|Annihilape, L50, M|\n|poke|p2|Urshifu-*, L50, M|\n|poke|p2|Brute Bonnet, L50|\n|teampreview|4\n|j| THUNDERSND77\n|j| Maushold-11P\n|\n|t:|1721134519\n|start\n|switch|p1a: Zamazenta|Zamazenta-Crowned, L50|100\/100\n|switch|p1b: Tornadus|Tornadus, L50, M|100\/100\n|switch|p2a: Calyrex|Calyrex-Ice, L50|100\/100\n|switch|p2b: Annihilape|Annihilape, L50, M|100\/100\n|-ability|p2a: Calyrex|As One\n|-ability|p2a: Calyrex|Unnerve\n|-ability|p1a: Zamazenta|Dauntless Shield|boost\n|-boost|p1a: Zamazenta|def|1\n|turn|1\n|\n|t:|1721134534\n|-terastallize|p2a: Calyrex|Fire\n|move|p1a: Zamazenta|Protect|p1a: Zamazenta\n|-singleturn|p1a: Zamazenta|Protect\n|move|p2a: Calyrex|Protect|p2a: Calyrex\n|-singleturn|p2a: Calyrex|Protect\n|move|p2b: Annihilape|Coaching|p2a: Calyrex\n|-boost|p2a: Calyrex|atk|1\n|-boost|p2a: Calyrex|def|1\n|move|p1b: Tornadus|Bleakwind Storm|p2b: Annihilape|[spread] p2b\n|-activate|p2a: Calyrex|move: Protect\n|-supereffective|p2b: Annihilape\n|-damage|p2b: Annihilape|31\/100\n|-unboost|p2b: Annihilape|spe|1\n|-ability|p2b: Annihilape|Defiant|boost\n|-boost|p2b: Annihilape|atk|2\n|\n|upkeep\n|turn|2\n|\n|t:|1721134558\n|move|p1b: Tornadus|Bleakwind Storm|p2a: Calyrex|[spread] p2a,p2b\n|-supereffective|p2b: Annihilape\n|-damage|p2a: Calyrex|74\/100\n|-damage|p2b: Annihilape|0 fnt\n|faint|p2b: Annihilape\n|move|p1a: Zamazenta|Body Press|p2a: Calyrex\n|-crit|p2a: Calyrex\n|-damage|p2a: Calyrex|9\/100\n|move|p2a: Calyrex|Trick Room|p2a: Calyrex\n|-fieldstart|move: Trick Room|[of] p2a: Calyrex\n|\n|upkeep\n|\n|t:|1721134564\n|switch|p2b: Brute Bonnet|Brute Bonnet, L50, shiny|100\/100\n|turn|3\n|\n|t:|1721134574\n|move|p1b: Tornadus|Protect|p1b: Tornadus\n|-singleturn|p1b: Tornadus|Protect\n|move|p2a: Calyrex|Protect|p2a: Calyrex\n|-singleturn|p2a: Calyrex|Protect\n|move|p1a: Zamazenta|Protect|p1a: Zamazenta\n|-singleturn|p1a: Zamazenta|Protect\n|move|p2b: Brute Bonnet|Spore|p1b: Tornadus\n|-activate|p1b: Tornadus|move: Protect\n|\n|upkeep\n|turn|4\n|\n|t:|1721134602\n|switch|p1b: Gholdengo|Gholdengo, L50|100\/100\n|-terastallize|p1a: Zamazenta|Grass\n|move|p2a: Calyrex|Glacial Lance|p1a: Zamazenta|[spread] p1a,p1b\n|-supereffective|p1a: Zamazenta\n|-resisted|p1b: Gholdengo\n|-damage|p1a: Zamazenta|34\/100\n|-damage|p1b: Gholdengo|60\/100\n|move|p2b: Brute Bonnet|Spore|p1a: Zamazenta\n|-immune|p1a: Zamazenta\n|move|p1a: Zamazenta|Body Press|p2a: Calyrex\n|-damage|p2a: Calyrex|0 fnt\n|faint|p2a: Calyrex\n|\n|-heal|p1b: Gholdengo|66\/100|[from] item: Leftovers\n|upkeep\n|\n|t:|1721134609\n|switch|p2a: Torkoal|Torkoal, L50, M|100\/100\n|-weather|SunnyDay|[from] ability: Drought|[of] p2a: Torkoal\n|-activate|p2b: Brute Bonnet|ability: Protosynthesis\n|-start|p2b: Brute Bonnet|protosynthesisdef\n|turn|5\n|\n|t:|1721134662\n|switch|p1b: Raging Bolt|Raging Bolt, L50|100\/100\n|-activate|p1b: Raging Bolt|ability: Protosynthesis\n|-start|p1b: Raging Bolt|protosynthesisspa\n|move|p1a: Zamazenta|Protect|p1a: Zamazenta\n|-singleturn|p1a: Zamazenta|Protect\n|move|p2a: Torkoal|Weather Ball|p1a: Zamazenta\n|-activate|p1a: Zamazenta|move: Protect\n|move|p2b: Brute Bonnet|Crunch|p1b: Raging Bolt\n|-damage|p1b: Raging Bolt|67\/100\n|\n|-weather|SunnyDay|[upkeep]\n|upkeep\n|turn|6\n|\n|t:|1721134684\n|move|p1b: Raging Bolt|Thunderclap|p2a: Torkoal\n|-damage|p2a: Torkoal|25\/100\n|move|p2a: Torkoal|Weather Ball|p1a: Zamazenta\n|-supereffective|p1a: Zamazenta\n|-damage|p1a: Zamazenta|0 fnt\n|faint|p1a: Zamazenta\n|move|p2b: Brute Bonnet|Spore|p1b: Raging Bolt\n|-status|p1b: Raging Bolt|slp|[from] move: Spore\n|\n|-weather|SunnyDay|[upkeep]\n|-fieldend|move: Trick Room\n|upkeep\n|\n|t:|1721134696\n|switch|p1a: Tornadus|Tornadus, L50, M|100\/100\n|turn|7\n|\n|t:|1721134705\n|move|p2a: Torkoal|Protect|p2a: Torkoal\n|-singleturn|p2a: Torkoal|Protect\n|move|p1a: Tornadus|Bleakwind Storm|p2a: Torkoal|[spread] p2b\n|-activate|p2a: Torkoal|move: Protect\n|-supereffective|p2b: Brute Bonnet\n|-damage|p2b: Brute Bonnet|39\/100\n|-unboost|p2b: Brute Bonnet|spe|1\n|-enditem|p2b: Brute Bonnet|Sitrus Berry|[eat]\n|-heal|p2b: Brute Bonnet|64\/100|[from] item: Sitrus Berry\n|cant|p1b: Raging Bolt|slp\n|move|p2b: Brute Bonnet|Spore|p1a: Tornadus\n|-status|p1a: Tornadus|slp|[from] move: Spore\n|\n|-weather|SunnyDay|[upkeep]\n|upkeep\n|turn|8\n|\n|t:|1721134727\n|cant|p1a: Tornadus|slp\n|cant|p1b: Raging Bolt|slp\n|move|p2b: Brute Bonnet|Crunch|p1b: Raging Bolt\n|-damage|p1b: Raging Bolt|33\/100 slp\n|move|p2a: Torkoal|Earth Power|p1b: Raging Bolt\n|-supereffective|p1b: Raging Bolt\n|-damage|p1b: Raging Bolt|1\/100 slp\n|\n|-weather|SunnyDay|[upkeep]\n|upkeep\n|turn|9\n|\n|t:|1721134744\n|cant|p1b: Raging Bolt|slp\n|-curestatus|p1a: Tornadus|slp|[msg]\n|move|p1a: Tornadus|Bleakwind Storm|p2b: Brute Bonnet|[spread] p2a,p2b\n|-supereffective|p2b: Brute Bonnet\n|-damage|p2a: Torkoal|0 fnt\n|-damage|p2b: Brute Bonnet|3\/100\n|faint|p2a: Torkoal\n|move|p2b: Brute Bonnet|Crunch|p1b: Raging Bolt\n|-damage|p1b: Raging Bolt|0 fnt\n|faint|p1b: Raging Bolt\n|-end|p1b: Raging Bolt|Protosynthesis|[silent]\n|\n|-weather|none\n|-end|p2b: Brute Bonnet|Protosynthesis\n|upkeep\n|-message|tuanzai233t forfeited.\n|\n|win|YuanqiNono\n|raw|YuanqiNono's rating: 1741 &rarr; <strong>1762<\/strong><br \/>(+21 for winning)\n|raw|tuanzai233t's rating: 1763 &rarr; <strong>1742<\/strong><br \/>(-21 for losing)\n|l|\u2606tuanzai233t\n|player|p2|\n|l| THUNDERSND77\n|l|\u2606YuanqiNono\n|player|p1|\n|l| Maushold-11P\n","uploadtime":1721134999,"views":34,"formatid":"gen9vgc2024regg","rating":1742,"private":0,"password":null}