{"id":"gen9vgc2024regg-2161739124","format":"[Gen 9] VGC 2024 Reg G","players":["testing122024GA","sccc1234"],"log":"|j|\u2606testing122024GA\n|j|\u2606sccc1234\n|t:|1721105894\n|gametype|doubles\n|player|p1|testing122024GA|169|1706\n|player|p2|sccc1234|2|1747\n|teamsize|p1|6\n|teamsize|p2|6\n|gen|9\n|tier|[Gen 9] VGC 2024 Reg G\n|rated|\n|rule|Species Clause: Limit one of each Pok\u00e9mon\n|rule|Item Clause: Limit one of each item\n|clearpoke\n|poke|p1|Dialga-Origin, L50|\n|poke|p1|Incineroar, L50, M|\n|poke|p1|Brute Bonnet, L50|\n|poke|p1|Ursaluna, L50, F|\n|poke|p1|Torkoal, L50, F|\n|poke|p1|Flutter Mane, L50|\n|poke|p2|Calyrex-Ice, L50|\n|poke|p2|Torkoal, L50, M|\n|poke|p2|Ursaluna-Bloodmoon, L50, M|\n|poke|p2|Iron Hands, L50|\n|poke|p2|Zoroark-Hisui, L50, F|\n|poke|p2|Meowscarada, L50, F|\n|teampreview|4\n|inactive|Battle timer is ON: inactive players will automatically lose when time's up. (requested by testing122024GA)\n|\n|t:|1721105910\n|start\n|switch|p1a: Dialga|Dialga-Origin, L50|100\/100\n|switch|p1b: Flutter Mane|Flutter Mane, L50|100\/100\n|switch|p2a: Meowscarada|Meowscarada, L50, F|100\/100\n|switch|p2b: Iron Hands|Iron Hands, L50|100\/100\n|turn|1\n|\n|t:|1721105934\n|move|p2b: Iron Hands|Fake Out|p1a: Dialga\n|-resisted|p1a: Dialga\n|-damage|p1a: Dialga|95\/100\n|move|p1b: Flutter Mane|Moonblast|p2b: Iron Hands\n|-supereffective|p2b: Iron Hands\n|-damage|p2b: Iron Hands|0 fnt\n|faint|p2b: Iron Hands\n|-end|p2b: Iron Hands|Quark Drive|[silent]\n|cant|p1a: Dialga|flinch\n|move|p2a: Meowscarada|Trick Room|p2a: Meowscarada\n|-fieldstart|move: Trick Room|[of] p2a: Meowscarada\n|\n|upkeep\n|\n|t:|1721105948\n|switch|p2b: Torkoal|Torkoal, L50, M|100\/100\n|-weather|SunnyDay|[from] ability: Drought|[of] p2b: Torkoal\n|-activate|p1b: Flutter Mane|ability: Protosynthesis\n|-start|p1b: Flutter Mane|protosynthesisspe\n|turn|2\n|j| rabbihorn\n|\n|t:|1721105972\n|-end|p1b: Flutter Mane|Protosynthesis|[silent]\n|switch|p1b: Incineroar|Incineroar, L50, M|100\/100\n|-ability|p1b: Incineroar|Intimidate|boost\n|-unboost|p2a: Meowscarada|atk|1\n|-unboost|p2b: Torkoal|atk|1\n|-terastallize|p2b: Torkoal|Fire\n|move|p1a: Dialga|Protect|p1a: Dialga\n|-singleturn|p1a: Dialga|Protect\n|move|p2b: Torkoal|Eruption|p1b: Incineroar|[spread] p1b\n|-activate|p1a: Dialga|move: Protect\n|-resisted|p1b: Incineroar\n|-damage|p1b: Incineroar|61\/100\n|move|p2a: Meowscarada|Flower Trick|p1a: Dialga\n|-activate|p1a: Dialga|move: Protect\n|\n|-weather|SunnyDay|[upkeep]\n|upkeep\n|turn|3\n|\n|t:|1721105991\n|move|p1b: Incineroar|Fake Out|p2b: Torkoal\n|-damage|p2b: Torkoal|93\/100\n|move|p2b: Torkoal|Eruption|p1a: Dialga|[spread] p1a,p1b\n|-resisted|p1b: Incineroar\n|-damage|p1a: Dialga|28\/100\n|-damage|p1b: Incineroar|27\/100\n|-enditem|p1b: Incineroar|Sitrus Berry|[eat]\n|-heal|p1b: Incineroar|52\/100|[from] item: Sitrus Berry\n|move|p2a: Meowscarada|Flower Trick|p1a: Dialga\n|-resisted|p1a: Dialga\n|-crit|p1a: Dialga\n|-damage|p1a: Dialga|18\/100\n|move|p1a: Dialga|Trick Room|p1a: Dialga\n|-fieldend|move: Trick Room\n|\n|-weather|SunnyDay|[upkeep]\n|upkeep\n|turn|4\n|\n|t:|1721106009\n|move|p1a: Dialga|Flash Cannon|p2a: Meowscarada\n|-damage|p2a: Meowscarada|20\/100\n|move|p1b: Incineroar|Knock Off|p2a: Meowscarada\n|-resisted|p2a: Meowscarada\n|-damage|p2a: Meowscarada|0 fnt\n|-enditem|p2a: Meowscarada|Focus Sash|[from] move: Knock Off|[of] p1b: Incineroar\n|faint|p2a: Meowscarada\n|move|p2b: Torkoal|Fire Blast|p1a: Dialga\n|-damage|p1a: Dialga|0 fnt\n|faint|p1a: Dialga\n|\n|-weather|SunnyDay|[upkeep]\n|upkeep\n|\n|t:|1721106018\n|switch|p2a: Calyrex|Calyrex-Ice, L50|100\/100\n|switch|p1a: Flutter Mane|Flutter Mane, L50|100\/100\n|-ability|p2a: Calyrex|As One\n|-ability|p2a: Calyrex|Unnerve\n|-activate|p1a: Flutter Mane|ability: Protosynthesis\n|-start|p1a: Flutter Mane|protosynthesisspe\n|turn|5\n|\n|t:|1721106028\n|move|p1a: Flutter Mane|Shadow Ball|p2a: Calyrex\n|-supereffective|p2a: Calyrex\n|-damage|p2a: Calyrex|13\/100\n|move|p1b: Incineroar|Flare Blitz|p2a: Calyrex\n|-supereffective|p2a: Calyrex\n|-damage|p2a: Calyrex|0 fnt\n|faint|p2a: Calyrex\n|-damage|p1b: Incineroar|48\/100|[from] Recoil\n|move|p2b: Torkoal|Eruption|p1b: Incineroar|[spread] p1a,p1b\n|-resisted|p1b: Incineroar\n|-damage|p1a: Flutter Mane|15\/100\n|-damage|p1b: Incineroar|12\/100\n|\n|-weather|SunnyDay|[upkeep]\n|upkeep\n|turn|6\n|-message|sccc1234 forfeited.\n|\n|win|testing122024GA\n|raw|testing122024GA's rating: 1706 &rarr; <strong>1728<\/strong><br \/>(+22 for winning)\n|raw|sccc1234's rating: 1747 &rarr; <strong>1725<\/strong><br \/>(-22 for losing)\n|l|\u2606sccc1234\n|player|p2|\n|l|\u2606testing122024GA\n|player|p1|\n","uploadtime":1721106298,"views":9,"formatid":"gen9vgc2024regg","rating":1725,"private":0,"password":null}