{"id":"gen9vgc2024regg-2161889130","format":"[Gen 9] VGC 2024 Reg G","players":["SuperOinge22","qiin5"],"log":"|j|\u2606SuperOinge22\n|j|\u2606qiin5\n|t:|1721134410\n|gametype|doubles\n|player|p1|SuperOinge22|265|1651\n|player|p2|qiin5|rosa|1738\n|teamsize|p1|6\n|teamsize|p2|6\n|gen|9\n|tier|[Gen 9] VGC 2024 Reg G\n|rated|\n|rule|Species Clause: Limit one of each Pok\u00e9mon\n|rule|Item Clause: Limit one of each item\n|clearpoke\n|poke|p1|Miraidon, L50|\n|poke|p1|Chien-Pao, L50|\n|poke|p1|Iron Hands, L50|\n|poke|p1|Whimsicott, L50, M|\n|poke|p1|Farigiraf, L50, F|\n|poke|p1|Entei, L50|\n|poke|p2|Dondozo, L50, M|\n|poke|p2|Chi-Yu, L50|\n|poke|p2|Weezing-Galar, L50, M|\n|poke|p2|Calyrex-Shadow, L50|\n|poke|p2|Tatsugiri-Droopy, L50, F|\n|poke|p2|Iron Hands, L50|\n|teampreview|4\n|inactive|Battle timer is ON: inactive players will automatically lose when time's up. (requested by SuperOinge22)\n|\n|t:|1721134442\n|start\n|switch|p1a: Chien-Pao|Chien-Pao, L50|100\/100\n|switch|p1b: Entei|Entei, L50|100\/100\n|switch|p2a: Chi-Yu|Chi-Yu, L50|100\/100\n|switch|p2b: Calyrex|Calyrex-Shadow, L50|100\/100\n|-ability|p2b: Calyrex|As One\n|-ability|p2b: Calyrex|Unnerve\n|-ability|p2a: Chi-Yu|Beads of Ruin\n|-ability|p1a: Chien-Pao|Sword of Ruin\n|turn|1\n|inactive|SuperOinge22 has 30 seconds left.\n|\n|t:|1721134472\n|-terastallize|p2b: Calyrex|Water\n|-terastallize|p1b: Entei|Normal\n|move|p1a: Chien-Pao|Protect|p1a: Chien-Pao\n|-singleturn|p1a: Chien-Pao|Protect\n|move|p1b: Entei|Extreme Speed|p2a: Chi-Yu\n|-damage|p2a: Chi-Yu|0 fnt\n|faint|p2a: Chi-Yu\n|move|p2b: Calyrex|Astral Barrage|p1a: Chien-Pao|[spread] \n|-activate|p1a: Chien-Pao|move: Protect\n|-immune|p1b: Entei\n|\n|upkeep\n|\n|t:|1721134484\n|switch|p2a: Iron Hands|Iron Hands, L50|100\/100\n|turn|2\n|\n|t:|1721134508\n|move|p2b: Calyrex|Protect|p2b: Calyrex\n|-singleturn|p2b: Calyrex|Protect\n|move|p1b: Entei|Extreme Speed|p2b: Calyrex\n|-activate|p2b: Calyrex|move: Protect\n|move|p1a: Chien-Pao|Icicle Crash|p2a: Iron Hands\n|-damage|p2a: Iron Hands|57\/100\n|move|p2a: Iron Hands|Drain Punch|p1b: Entei\n|-supereffective|p1b: Entei\n|-damage|p1b: Entei|0 fnt\n|-heal|p2a: Iron Hands|100\/100|[from] drain|[of] p1b: Entei\n|faint|p1b: Entei\n|\n|upkeep\n|j| Maushold-11P\n|\n|t:|1721134519\n|switch|p1b: Miraidon|Miraidon, L50|100\/100\n|-fieldstart|move: Electric Terrain|[from] ability: Hadron Engine|[of] p1b: Miraidon\n|-activate|p2a: Iron Hands|ability: Quark Drive\n|-start|p2a: Iron Hands|quarkdriveatk\n|turn|3\n|\n|t:|1721134536\n|switch|p1a: Farigiraf|Farigiraf, L50, F|100\/100\n|-enditem|p1a: Farigiraf|Electric Seed\n|-boost|p1a: Farigiraf|def|1|[from] item: Electric Seed\n|move|p2b: Calyrex|Astral Barrage|p1a: Farigiraf|[spread] p1b\n|-immune|p1a: Farigiraf\n|-damage|p1b: Miraidon|31\/100\n|-damage|p2b: Calyrex|91\/100|[from] item: Life Orb\n|move|p1b: Miraidon|Volt Switch|p2b: Calyrex\n|-supereffective|p2b: Calyrex\n|-damage|p2b: Calyrex|0 fnt\n|faint|p2b: Calyrex\n|\n|t:|1721134548\n|switch|p1b: Chien-Pao|Chien-Pao, L50|100\/100|[from] Volt Switch\n|-ability|p1b: Chien-Pao|Sword of Ruin\n|move|p2a: Iron Hands|Drain Punch|p1b: Chien-Pao\n|-supereffective|p1b: Chien-Pao\n|-enditem|p1b: Chien-Pao|Focus Sash\n|-damage|p1b: Chien-Pao|1\/100\n|\n|upkeep\n|\n|t:|1721134551\n|switch|p2b: Weezing|Weezing-Galar, L50, M|100\/100\n|-ability|p2b: Weezing|Neutralizing Gas\n|turn|4\n|inactive|SuperOinge22 has 30 seconds left.\n|\n|t:|1721134577\n|move|p1b: Chien-Pao|Protect|p1b: Chien-Pao\n|-singleturn|p1b: Chien-Pao|Protect\n|move|p2b: Weezing|Toxic Spikes|p1a: Farigiraf\n|-sidestart|p1: SuperOinge22|move: Toxic Spikes\n|move|p2a: Iron Hands|Wild Charge|p1b: Chien-Pao\n|-activate|p1b: Chien-Pao|move: Protect\n|move|p1a: Farigiraf|Tera Blast|p2b: Weezing\n|-damage|p2b: Weezing|67\/100\n|\n|upkeep\n|turn|5\n|\n|t:|1721134596\n|move|p1a: Farigiraf|Helping Hand|p1b: Chien-Pao\n|-singleturn|p1b: Chien-Pao|Helping Hand|[of] p1a: Farigiraf\n|move|p1b: Chien-Pao|Icicle Crash|p2b: Weezing\n|-damage|p2b: Weezing|14\/100\n|move|p2b: Weezing|Gunk Shot|p1a: Farigiraf\n|-damage|p1a: Farigiraf|77\/100\n|move|p2a: Iron Hands|Drain Punch|p1a: Farigiraf\n|-damage|p1a: Farigiraf|50\/100\n|\n|upkeep\n|turn|6\n|inactive|qiin5 has 30 seconds left.\n|\n|t:|1721134625\n|move|p1b: Chien-Pao|Icicle Crash|p2a: Iron Hands\n|-damage|p2a: Iron Hands|69\/100\n|move|p2b: Weezing|Gunk Shot|p1a: Farigiraf|[miss]\n|-miss|p2b: Weezing|p1a: Farigiraf\n|cant|p2a: Iron Hands|flinch\n|move|p1a: Farigiraf|Tera Blast|p2b: Weezing\n|-damage|p2b: Weezing|0 fnt\n|faint|p2b: Weezing\n|-end|p2b: Weezing|ability: Neutralizing Gas\n|-ability|p1b: Chien-Pao|Sword of Ruin\n|\n|upkeep\n|turn|7\n|-message|qiin5 forfeited.\n|\n|win|SuperOinge22\n|raw|SuperOinge22's rating: 1651 &rarr; <strong>1676<\/strong><br \/>(+25 for winning)\n|raw|qiin5's rating: 1738 &rarr; <strong>1713<\/strong><br \/>(-25 for losing)\n|l|\u2606qiin5\n|player|p2|\n|l|\u2606SuperOinge22\n|player|p1|\n|l| Maushold-11P\n","uploadtime":1721134860,"views":8,"formatid":"gen9vgc2024regg","rating":1676,"private":0,"password":null}