{"id":"gen9vgc2024regg-2161928857","format":"[Gen 9] VGC 2024 Reg G","players":["Daleg","automatedtomato"],"log":"|j|\u2606Daleg\n|j|\u2606automatedtomato\n|t:|1721139653\n|gametype|doubles\n|player|p1|Daleg|1|1704\n|player|p2|automatedtomato|101|1668\n|teamsize|p1|6\n|teamsize|p2|6\n|gen|9\n|tier|[Gen 9] VGC 2024 Reg G\n|rated|\n|rule|Species Clause: Limit one of each Pok\u00e9mon\n|rule|Item Clause: Limit one of each item\n|clearpoke\n|poke|p1|Zamazenta-*, L50|\n|poke|p1|Chien-Pao, L50|\n|poke|p1|Amoonguss, L50, F|\n|poke|p1|Raging Bolt, L50|\n|poke|p1|Flutter Mane, L50|\n|poke|p1|Walking Wake, L50|\n|poke|p2|Lunala, L50|\n|poke|p2|Iron Hands, L50|\n|poke|p2|Kingambit, L50, F|\n|poke|p2|Regidrago, L50|\n|poke|p2|Ogerpon-Wellspring, L50, F|\n|poke|p2|Moltres-Galar, L50|\n|teampreview|4\n|inactive|Battle timer is ON: inactive players will automatically lose when time's up. (requested by automatedtomato)\n|\n|t:|1721139690\n|start\n|switch|p1a: Raging Bolt|Raging Bolt, L50|100\/100\n|switch|p1b: Zamazenta|Zamazenta-Crowned, L50|100\/100\n|switch|p2a: Iron Hands|Iron Hands, L50|100\/100\n|switch|p2b: Lunala|Lunala, L50|100\/100\n|-ability|p1b: Zamazenta|Dauntless Shield|boost\n|-boost|p1b: Zamazenta|def|1\n|-enditem|p2a: Iron Hands|Booster Energy\n|-activate|p2a: Iron Hands|ability: Quark Drive|[fromitem]\n|-start|p2a: Iron Hands|quarkdriveatk\n|turn|1\n|\n|t:|1721139709\n|move|p1b: Zamazenta|Iron Defense|p1b: Zamazenta\n|-boost|p1b: Zamazenta|def|2\n|move|p1a: Raging Bolt|Snarl|p2a: Iron Hands|[spread] p2a\n|-miss|p1a: Raging Bolt|p2b: Lunala\n|-resisted|p2a: Iron Hands\n|-damage|p2a: Iron Hands|95\/100\n|-unboost|p2a: Iron Hands|spa|1\n|move|p2a: Iron Hands|Swords Dance|p2a: Iron Hands\n|-boost|p2a: Iron Hands|atk|2\n|move|p2b: Lunala|Trick Room|p2b: Lunala\n|-fieldstart|move: Trick Room|[of] p2b: Lunala\n|\n|upkeep\n|turn|2\n|\n|t:|1721139727\n|-terastallize|p1a: Raging Bolt|Fairy\n|move|p2a: Iron Hands|Drain Punch|p1a: Raging Bolt\n|-resisted|p1a: Raging Bolt\n|-damage|p1a: Raging Bolt|57\/100\n|-heal|p2a: Iron Hands|100\/100|[from] drain|[of] p1a: Raging Bolt\n|move|p1a: Raging Bolt|Snarl|p2b: Lunala|[spread] p2a,p2b\n|-resisted|p2a: Iron Hands\n|-supereffective|p2b: Lunala\n|-damage|p2a: Iron Hands|95\/100\n|-damage|p2b: Lunala|77\/100\n|-unboost|p2a: Iron Hands|spa|1\n|-unboost|p2b: Lunala|spa|1\n|move|p2b: Lunala|Hypnosis|p1b: Zamazenta\n|-status|p1b: Zamazenta|slp|[from] move: Hypnosis\n|cant|p1b: Zamazenta|slp\n|\n|upkeep\n|turn|3\n|j| THUNDERSND77\n|inactive|Daleg has 30 seconds left.\n|\n|t:|1721139758\n|switch|p2b: Kingambit|Kingambit, L50, F|100\/100\n|move|p2a: Iron Hands|Drain Punch|p1b: Zamazenta\n|-supereffective|p1b: Zamazenta\n|-damage|p1b: Zamazenta|46\/100 slp\n|-heal|p2a: Iron Hands|100\/100|[from] drain|[of] p1b: Zamazenta\n|move|p1a: Raging Bolt|Snarl|p2b: Kingambit|[spread] p2a,p2b\n|-resisted|p2a: Iron Hands\n|-resisted|p2b: Kingambit\n|-damage|p2a: Iron Hands|95\/100\n|-damage|p2b: Kingambit|93\/100\n|-unboost|p2a: Iron Hands|spa|1\n|-unboost|p2b: Kingambit|spa|1\n|-ability|p2b: Kingambit|Defiant|boost\n|-boost|p2b: Kingambit|atk|2\n|cant|p1b: Zamazenta|slp\n|\n|upkeep\n|turn|4\n|inactive|Daleg has 30 seconds left.\n|\n|t:|1721139788\n|switch|p1b: Amoonguss|Amoonguss, L50, F|100\/100\n|move|p1a: Raging Bolt|Thunderclap|p2b: Kingambit\n|-damage|p2b: Kingambit|50\/100\n|move|p2b: Kingambit|Kowtow Cleave|p1b: Amoonguss\n|-crit|p1b: Amoonguss\n|-damage|p1b: Amoonguss|0 fnt\n|-damage|p2b: Kingambit|33\/100|[from] item: Rocky Helmet|[of] p1b: Amoonguss\n|faint|p1b: Amoonguss\n|move|p2a: Iron Hands|Drain Punch|p1a: Raging Bolt\n|-resisted|p1a: Raging Bolt\n|-damage|p1a: Raging Bolt|15\/100\n|-heal|p2a: Iron Hands|100\/100|[from] drain|[of] p1a: Raging Bolt\n|\n|upkeep\n|\n|t:|1721139805\n|switch|p1b: Zamazenta|Zamazenta-Crowned, L50|46\/100 slp\n|turn|5\n|\n|t:|1721139811\n|move|p2b: Kingambit|Sucker Punch|p1a: Raging Bolt\n|-resisted|p1a: Raging Bolt\n|-damage|p1a: Raging Bolt|0 fnt\n|faint|p1a: Raging Bolt\n|-end|p1a: Raging Bolt|Protosynthesis|[silent]\n|move|p2a: Iron Hands|Drain Punch|p1b: Zamazenta\n|-supereffective|p1b: Zamazenta\n|-damage|p1b: Zamazenta|0 fnt\n|faint|p1b: Zamazenta\n|\n|-fieldend|move: Trick Room\n|upkeep\n|\n|t:|1721139815\n|switch|p1a: Chien-Pao|Chien-Pao, L50|100\/100\n|-ability|p1a: Chien-Pao|Sword of Ruin\n|turn|6\n|-message|Daleg forfeited.\n|\n|win|automatedtomato\n|raw|Daleg's rating: 1704 &rarr; <strong>1682<\/strong><br \/>(-22 for losing)\n|raw|automatedtomato's rating: 1668 &rarr; <strong>1690<\/strong><br \/>(+22 for winning)\n|l|\u2606Daleg\n|player|p1|\n|l|\u2606automatedtomato\n|player|p2|\n|l| THUNDERSND77\n","uploadtime":1721139996,"views":6,"formatid":"gen9vgc2024regg","rating":1682,"private":0,"password":null}