{"id":"gen9vgc2024regg-2161822917","format":"[Gen 9] VGC 2024 Reg G","players":["Reata7777","shulivgc"],"log":"|j|\u2606Reata7777\n|j|\u2606shulivgc\n|t:|1721122726\n|gametype|doubles\n|player|p1|Reata7777|caitlin|1693\n|player|p2|shulivgc|#smogonxnpa2024draftee2|1894\n|teamsize|p1|6\n|teamsize|p2|6\n|gen|9\n|tier|[Gen 9] VGC 2024 Reg G\n|rated|\n|rule|Species Clause: Limit one of each Pok\u00e9mon\n|rule|Item Clause: Limit one of each item\n|clearpoke\n|poke|p1|Miraidon, L50|\n|poke|p1|Whimsicott, L50, M|\n|poke|p1|Farigiraf, L50, F|\n|poke|p1|Iron Hands, L50|\n|poke|p1|Urshifu-*, L50, M|\n|poke|p1|Ogerpon-Hearthflame, L50, F|\n|poke|p2|Calyrex-Ice, L50|\n|poke|p2|Annihilape, L50, F|\n|poke|p2|Smeargle, L50, M|\n|poke|p2|Ursaluna-Bloodmoon, L50, M|\n|poke|p2|Urshifu-*, L50, F|\n|poke|p2|Ogerpon-Wellspring, L50, F|\n|teampreview|4\n|j| ymlm\n|\n|t:|1721122785\n|start\n|switch|p1a: Urshifu|Urshifu, L50, M|100\/100\n|switch|p1b: Miraidon|Miraidon, L50|100\/100\n|switch|p2a: Calyrex|Calyrex-Ice, L50|100\/100\n|switch|p2b: Smeargle|Smeargle, L50, M|100\/100\n|-ability|p2a: Calyrex|As One\n|-ability|p2a: Calyrex|Unnerve\n|-fieldstart|move: Electric Terrain|[from] ability: Hadron Engine|[of] p1b: Miraidon\n|turn|1\n|\n|t:|1721122803\n|switch|p1a: Farigiraf|Farigiraf, L50, F|100\/100\n|-enditem|p1a: Farigiraf|Electric Seed\n|-boost|p1a: Farigiraf|def|1|[from] item: Electric Seed\n|move|p2b: Smeargle|Follow Me|p2b: Smeargle\n|-singleturn|p2b: Smeargle|move: Follow Me\n|move|p1b: Miraidon|Volt Switch|p2b: Smeargle\n|-enditem|p2b: Smeargle|Focus Sash\n|-damage|p2b: Smeargle|1\/100\n|\n|t:|1721122812\n|switch|p1b: Iron Hands|Iron Hands, L50|100\/100|[from] Volt Switch\n|-activate|p1b: Iron Hands|ability: Quark Drive\n|-start|p1b: Iron Hands|quarkdriveatk\n|move|p2a: Calyrex|Trick Room|p2a: Calyrex\n|-fieldstart|move: Trick Room|[of] p2a: Calyrex\n|\n|upkeep\n|turn|2\n|j| dossary\n|\n|t:|1721122840\n|switch|p2b: Ursaluna|Ursaluna-Bloodmoon, L50, M|100\/100\n|move|p1b: Iron Hands|Drain Punch|p2b: Ursaluna\n|-supereffective|p2b: Ursaluna\n|-damage|p2b: Ursaluna|17\/100\n|move|p2a: Calyrex|Glacial Lance|p1b: Iron Hands|[spread] p1a,p1b\n|-damage|p1a: Farigiraf|70\/100\n|-damage|p1b: Iron Hands|57\/100\n|move|p1a: Farigiraf|Foul Play|p2a: Calyrex\n|-supereffective|p2a: Calyrex\n|-damage|p2a: Calyrex|49\/100\n|-enditem|p2a: Calyrex|Sitrus Berry|[eat]\n|-heal|p2a: Calyrex|74\/100|[from] item: Sitrus Berry\n|\n|upkeep\n|turn|3\n|j| THUNDERSND77\n|l| THUNDERSND77\n|\n|t:|1721122869\n|-terastallize|p2b: Ursaluna|Ghost\n|move|p1b: Iron Hands|Drain Punch|p2a: Calyrex\n|-damage|p2a: Calyrex|37\/100\n|-heal|p1b: Iron Hands|73\/100|[from] drain|[of] p2a: Calyrex\n|move|p2b: Ursaluna|Blood Moon|p1a: Farigiraf\n|-damage|p1a: Farigiraf|0 fnt\n|faint|p1a: Farigiraf\n|-damage|p2b: Ursaluna|8\/100|[from] item: Life Orb\n|move|p2a: Calyrex|High Horsepower|p1b: Iron Hands\n|-supereffective|p1b: Iron Hands\n|-damage|p1b: Iron Hands|19\/100\n|\n|upkeep\n|j| test368\n|\n|t:|1721122885\n|switch|p1a: Urshifu|Urshifu, L50, M|100\/100\n|turn|4\n|l| test368\n|j| test368\n|\n|t:|1721122904\n|move|p2a: Calyrex|Protect|p2a: Calyrex\n|-singleturn|p2a: Calyrex|Protect\n|move|p2b: Ursaluna|Vacuum Wave|p1a: Urshifu\n|-supereffective|p1a: Urshifu\n|-damage|p1a: Urshifu|39\/100\n|-damage|p2b: Ursaluna|0 fnt|[from] item: Life Orb\n|faint|p2b: Ursaluna\n|move|p1a: Urshifu|Sucker Punch||[still]\n|-fail|p1a: Urshifu\n|move|p1b: Iron Hands|Wild Charge|p2a: Calyrex\n|-activate|p2a: Calyrex|move: Protect\n|\n|upkeep\n|\n|t:|1721122919\n|switch|p2b: Smeargle|Smeargle, L50, M|1\/100\n|turn|5\n|\n|t:|1721122929\n|move|p1a: Urshifu|Detect|p1a: Urshifu\n|-singleturn|p1a: Urshifu|Protect\n|move|p2b: Smeargle|Follow Me|p2b: Smeargle\n|-singleturn|p2b: Smeargle|move: Follow Me\n|move|p1b: Iron Hands|Drain Punch|p2b: Smeargle\n|-supereffective|p2b: Smeargle\n|-damage|p2b: Smeargle|0 fnt\n|-heal|p1b: Iron Hands|20\/100|[from] drain|[of] p2b: Smeargle\n|faint|p2b: Smeargle\n|move|p2a: Calyrex|Glacial Lance|p1b: Iron Hands|[spread] p1b\n|-activate|p1a: Urshifu|move: Protect\n|-damage|p1b: Iron Hands|0 fnt\n|faint|p1b: Iron Hands\n|-end|p1b: Iron Hands|Quark Drive|[silent]\n|-ability|p2a: Calyrex|Chilling Neigh|boost\n|-boost|p2a: Calyrex|atk|1\n|\n|-fieldend|move: Trick Room\n|-fieldend|move: Electric Terrain\n|upkeep\n|\n|t:|1721122947\n|switch|p2b: Urshifu|Urshifu, L50, F|100\/100\n|switch|p1b: Miraidon|Miraidon, L50|100\/100\n|-fieldstart|move: Electric Terrain|[from] ability: Hadron Engine|[of] p1b: Miraidon\n|turn|6\n|\n|t:|1721122960\n|-terastallize|p1b: Miraidon|Fairy\n|move|p2b: Urshifu|Sucker Punch|p1b: Miraidon\n|-resisted|p1b: Miraidon\n|-damage|p1b: Miraidon|74\/100\n|move|p1b: Miraidon|Dazzling Gleam|p2a: Calyrex|[spread] p2a,p2b\n|-supereffective|p2b: Urshifu\n|-damage|p2a: Calyrex|0 fnt\n|-damage|p2b: Urshifu|0 fnt\n|faint|p2a: Calyrex\n|faint|p2b: Urshifu\n|\n|win|Reata7777\n|raw|Reata7777's rating: 1693 &rarr; <strong>1723<\/strong><br \/>(+30 for winning)\n|raw|shulivgc's rating: 1894 &rarr; <strong>1864<\/strong><br \/>(-30 for losing)\n|l|\u2606shulivgc\n|player|p2|\n|l| test368\n|l|\u2606Reata7777\n|player|p1|\n|l| ymlm\n","uploadtime":1721123185,"views":117,"formatid":"gen9vgc2024regg","rating":1723,"private":0,"password":null}