{"id":"gen9vgc2024regg-2162773339","format":"[Gen 9] VGC 2024 Reg G","players":["greenlightdmp","MomeriA12"],"log":"|j|\u2606greenlightdmp\n|j|\u2606MomeriA12\n|t:|1721252674\n|gametype|doubles\n|player|p1|greenlightdmp|170|1714\n|player|p2|MomeriA12|170|1802\n|teamsize|p1|6\n|teamsize|p2|6\n|gen|9\n|tier|[Gen 9] VGC 2024 Reg G\n|rated|\n|rule|Species Clause: Limit one of each Pok\u00e9mon\n|rule|Item Clause: Limit one of each item\n|clearpoke\n|poke|p1|Kyogre, L50|\n|poke|p1|Tornadus, L50, M|\n|poke|p1|Volcarona, L50, M|\n|poke|p1|Rillaboom, L50, M|\n|poke|p1|Overqwil, L50, M|\n|poke|p1|Landorus, L50, M|\n|poke|p2|Kyogre, L50|\n|poke|p2|Tornadus, L50, M|\n|poke|p2|Raichu, L50, F|\n|poke|p2|Dragonite, L50, F|\n|poke|p2|Kingambit, L50, F|\n|poke|p2|Goodra-Hisui, L50, M|\n|teampreview|4\n|\n|t:|1721252726\n|start\n|switch|p1a: Kyogre|Kyogre, L50|100\/100\n|switch|p1b: Rillaboom|Rillaboom, L50, M|100\/100\n|switch|p2a: Raichu|Raichu, L50, F|100\/100\n|switch|p2b: Dragonite|Dragonite, L50, F|100\/100\n|-weather|RainDance|[from] ability: Drizzle|[of] p1a: Kyogre\n|-fieldstart|move: Grassy Terrain|[from] ability: Grassy Surge|[of] p1b: Rillaboom\n|turn|1\n|j| zxc123zxc\n|\n|t:|1721252751\n|-terastallize|p1a: Kyogre|Ghost\n|move|p2a: Raichu|Fake Out|p1a: Kyogre\n|-immune|p1a: Kyogre\n|move|p1a: Kyogre|Ice Beam|p2b: Dragonite\n|-supereffective|p2b: Dragonite\n|-damage|p2b: Dragonite|0 fnt\n|faint|p2b: Dragonite\n|move|p1b: Rillaboom|U-turn|p2a: Raichu\n|-damage|p2a: Raichu|53\/100\n|\n|t:|1721252768\n|switch|p1b: Overqwil|Overqwil, L50, M|100\/100|[from] U-turn\n|\n|-weather|RainDance|[upkeep]\n|-heal|p2a: Raichu|59\/100|[from] Grassy Terrain\n|upkeep\n|\n|t:|1721252773\n|switch|p2b: Tornadus|Tornadus, L50, M|100\/100\n|turn|2\n|\n|t:|1721252792\n|move|p2a: Raichu|Protect|p2a: Raichu\n|-singleturn|p2a: Raichu|Protect\n|move|p2b: Tornadus|Tailwind|p2b: Tornadus\n|-sidestart|p2: MomeriA12|move: Tailwind\n|move|p1b: Overqwil|Crunch|p2b: Tornadus\n|-damage|p2b: Tornadus|33\/100\n|-damage|p1b: Overqwil|91\/100|[from] item: Life Orb\n|move|p1a: Kyogre|Water Spout|p2b: Tornadus|[spread] p2b\n|-activate|p2a: Raichu|move: Protect\n|-damage|p2b: Tornadus|0 fnt\n|faint|p2b: Tornadus\n|\n|-weather|RainDance|[upkeep]\n|-heal|p2a: Raichu|65\/100|[from] Grassy Terrain\n|-heal|p1b: Overqwil|97\/100|[from] Grassy Terrain\n|upkeep\n|\n|t:|1721252807\n|switch|p2b: Kyogre|Kyogre, L50|100\/100\n|turn|3\n|\n|t:|1721252833\n|-terastallize|p2b: Kyogre|Water\n|move|p1b: Overqwil|Protect|p1b: Overqwil\n|-singleturn|p1b: Overqwil|Protect\n|move|p2a: Raichu|Thunder|p1b: Overqwil\n|-activate|p1b: Overqwil|move: Protect\n|move|p2b: Kyogre|Water Spout|p1a: Kyogre|[spread] p1a\n|-activate|p1b: Overqwil|move: Protect\n|-crit|p1a: Kyogre\n|-damage|p1a: Kyogre|0 fnt\n|faint|p1a: Kyogre\n|\n|-weather|RainDance|[upkeep]\n|-heal|p2a: Raichu|71\/100|[from] Grassy Terrain\n|-heal|p1b: Overqwil|100\/100|[from] Grassy Terrain\n|upkeep\n|\n|t:|1721252845\n|switch|p1a: Tornadus|Tornadus, L50, M|100\/100\n|turn|4\n|\n|t:|1721252857\n|move|p2a: Raichu|Protect|p2a: Raichu\n|-singleturn|p2a: Raichu|Protect\n|move|p1a: Tornadus|Tailwind|p1a: Tornadus\n|-sidestart|p1: greenlightdmp|move: Tailwind\n|move|p1b: Overqwil|Gunk Shot|p2b: Kyogre\n|-damage|p2b: Kyogre|9\/100\n|-damage|p1b: Overqwil|91\/100|[from] item: Life Orb\n|move|p2b: Kyogre|Origin Pulse|p1a: Tornadus|[spread] p1a,p1b\n|-damage|p1a: Tornadus|0 fnt\n|-damage|p1b: Overqwil|0 fnt\n|faint|p1a: Tornadus\n|faint|p1b: Overqwil\n|\n|-weather|RainDance|[upkeep]\n|-heal|p2a: Raichu|77\/100|[from] Grassy Terrain\n|-heal|p2b: Kyogre|15\/100|[from] Grassy Terrain\n|upkeep\n|\n|t:|1721252869\n|switch|p1b: Rillaboom|Rillaboom, L50, M|100\/100\n|turn|5\n|\n|t:|1721252879\n|move|p2a: Raichu|Upper Hand||[still]\n|-fail|p2a: Raichu\n|move|p2b: Kyogre|Ice Beam|p1b: Rillaboom\n|-supereffective|p1b: Rillaboom\n|-damage|p1b: Rillaboom|46\/100\n|move|p1b: Rillaboom|Wood Hammer|p2a: Raichu\n|-damage|p2a: Raichu|0 fnt\n|faint|p2a: Raichu\n|-damage|p1b: Rillaboom|30\/100|[from] Recoil\n|\n|-weather|none\n|-heal|p2b: Kyogre|20\/100|[from] Grassy Terrain\n|-heal|p1b: Rillaboom|35\/100|[from] Grassy Terrain\n|-sideend|p2: MomeriA12|move: Tailwind\n|-fieldend|move: Grassy Terrain\n|upkeep\n|turn|6\n|\n|t:|1721252899\n|move|p2b: Kyogre|Protect|p2b: Kyogre\n|-singleturn|p2b: Kyogre|Protect\n|move|p1b: Rillaboom|Wood Hammer|p2b: Kyogre\n|-activate|p2b: Kyogre|move: Protect\n|\n|upkeep\n|turn|7\n|\n|t:|1721252905\n|move|p2b: Kyogre|Protect||[still]\n|-fail|p2b: Kyogre\n|move|p1b: Rillaboom|Wood Hammer|p2b: Kyogre\n|-supereffective|p2b: Kyogre\n|-damage|p2b: Kyogre|0 fnt\n|faint|p2b: Kyogre\n|-damage|p1b: Rillaboom|30\/100|[from] Recoil\n|\n|win|greenlightdmp\n|raw|greenlightdmp's rating: 1714 &rarr; <strong>1739<\/strong><br \/>(+25 for winning)\n|raw|MomeriA12's rating: 1802 &rarr; <strong>1777<\/strong><br \/>(-25 for losing)\n|l| zxc123zxc\n|l|\u2606MomeriA12\n|player|p2|\n|l|\u2606greenlightdmp\n|player|p1|\n","uploadtime":1721252933,"views":37,"formatid":"gen9vgc2024regg","rating":1739,"private":0,"password":null}