{"id":"gen9vgc2024regg-2162785796","format":"[Gen 9] VGC 2024 Reg G","players":["loungerv","MomeriA12"],"log":"|j|\u2606loungerv\n|j|\u2606MomeriA12\n|t:|1721254239\n|gametype|doubles\n|player|p1|loungerv|harlequin|1736\n|player|p2|MomeriA12|170|1782\n|teamsize|p1|6\n|teamsize|p2|6\n|gen|9\n|tier|[Gen 9] VGC 2024 Reg G\n|rated|\n|rule|Species Clause: Limit one of each Pok\u00e9mon\n|rule|Item Clause: Limit one of each item\n|clearpoke\n|poke|p1|Terapagos, L50, M|\n|poke|p1|Munkidori, L50, M|\n|poke|p1|Incineroar, L50, F|\n|poke|p1|Sinistcha, L50|\n|poke|p1|Basculegion, L50, M|\n|poke|p1|Flamigo, L50, M|\n|poke|p2|Kyogre, L50|\n|poke|p2|Tornadus, L50, M|\n|poke|p2|Raichu, L50, M|\n|poke|p2|Dragonite, L50, M|\n|poke|p2|Kingambit, L50, F|\n|poke|p2|Goodra-Hisui, L50, F|\n|teampreview|4\n|\n|t:|1721254272\n|start\n|switch|p1a: Terapagos|Terapagos, L50, M|100\/100\n|switch|p1b: Flamigo|Flamigo, L50, M|100\/100\n|switch|p2a: Raichu|Raichu, L50, M|100\/100\n|switch|p2b: Dragonite|Dragonite, L50, M|100\/100\n|-activate|p1a: Terapagos|ability: Tera Shift\n|detailschange|p1a: Terapagos|Terapagos-Terastal, L50, M\n|-heal|p1a: Terapagos|100\/100|[silent]\n|turn|1\n|\n|t:|1721254288\n|move|p2a: Raichu|Fake Out|p1a: Terapagos\n|-activate|p1a: Terapagos|ability: Tera Shell\n|-resisted|p1a: Terapagos\n|-damage|p1a: Terapagos|98\/100\n|move|p1b: Flamigo|Tailwind|p1b: Flamigo\n|-sidestart|p1: loungerv|move: Tailwind\n|cant|p1a: Terapagos|flinch\n|move|p2b: Dragonite|Ice Spinner|p1b: Flamigo\n|-supereffective|p1b: Flamigo\n|-damage|p1b: Flamigo|16\/100\n|\n|upkeep\n|turn|2\n|\n|t:|1721254304\n|move|p2b: Dragonite|Extreme Speed|p1b: Flamigo\n|-damage|p1b: Flamigo|0 fnt\n|faint|p1b: Flamigo\n|move|p1a: Terapagos|Earth Power|p2a: Raichu\n|-supereffective|p2a: Raichu\n|-enditem|p2a: Raichu|Focus Sash\n|-damage|p2a: Raichu|1\/100\n|-unboost|p2a: Raichu|spd|1\n|move|p2a: Raichu|Thunder|p1a: Terapagos|[miss]\n|-miss|p2a: Raichu|p1a: Terapagos\n|\n|upkeep\n|\n|t:|1721254308\n|switch|p1b: Basculegion|Basculegion, L50, M|100\/100\n|turn|3\n|\n|t:|1721254321\n|switch|p1a: Sinistcha|Sinistcha, L50|100\/100\n|-terastallize|p2b: Dragonite|Normal\n|move|p2a: Raichu|Upper Hand|p2b: Dragonite\n|-supereffective|p2b: Dragonite\n|-damage|p2b: Dragonite|77\/100\n|-enditem|p2b: Dragonite|Weakness Policy\n|-boost|p2b: Dragonite|atk|2|[from] item: Weakness Policy\n|-boost|p2b: Dragonite|spa|2|[from] item: Weakness Policy\n|move|p2b: Dragonite|Extreme Speed|p1a: Sinistcha\n|-immune|p1a: Sinistcha\n|move|p1b: Basculegion|Last Respects|p2a: Raichu\n|-damage|p2a: Raichu|0 fnt\n|faint|p2a: Raichu\n|\n|upkeep\n|\n|t:|1721254341\n|switch|p2a: Tornadus|Tornadus, L50, M|100\/100\n|turn|4\n|\n|t:|1721254348\n|move|p1a: Sinistcha|Rage Powder|p1a: Sinistcha\n|-singleturn|p1a: Sinistcha|move: Rage Powder\n|move|p2a: Tornadus|Tailwind|p2a: Tornadus\n|-sidestart|p2: MomeriA12|move: Tailwind\n|move|p1b: Basculegion|Wave Crash|p2b: Dragonite\n|-damage|p2b: Dragonite|5\/100\n|-damage|p1b: Basculegion|78\/100|[from] Recoil\n|move|p2b: Dragonite|Ice Spinner|p1a: Sinistcha\n|-supereffective|p1a: Sinistcha\n|-damage|p1a: Sinistcha|0 fnt\n|-damage|p2b: Dragonite|0 fnt|[from] item: Rocky Helmet|[of] p1a: Sinistcha\n|faint|p1a: Sinistcha\n|faint|p2b: Dragonite\n|\n|-sideend|p1: loungerv|move: Tailwind\n|upkeep\n|\n|t:|1721254361\n|switch|p2b: Kyogre|Kyogre, L50|100\/100\n|switch|p1a: Terapagos|Terapagos-Terastal, L50, M|98\/100\n|-weather|RainDance|[from] ability: Drizzle|[of] p2b: Kyogre\n|turn|5\n|\n|t:|1721254369\n|-terastallize|p1a: Terapagos|Stellar\n|detailschange|p1a: Terapagos|Terapagos-Stellar, L50, M, tera:Stellar\n|-heal|p1a: Terapagos|98\/100|[silent]\n|-ability|p1a: Terapagos|Teraform Zero\n|-weather|none\n|move|p2a: Tornadus|Rain Dance|p2a: Tornadus\n|-weather|RainDance\n|move|p2b: Kyogre|Water Spout|p1b: Basculegion|[spread] p1a,p1b\n|-resisted|p1b: Basculegion\n|-damage|p1a: Terapagos|17\/100\n|-damage|p1b: Basculegion|34\/100\n|move|p1b: Basculegion|Last Respects|p2b: Kyogre\n|-damage|p2b: Kyogre|0 fnt\n|faint|p2b: Kyogre\n|move|p1a: Terapagos|Tera Starstorm|p2a: Tornadus\n|-damage|p2a: Tornadus|25\/100\n|\n|-weather|RainDance|[upkeep]\n|upkeep\n|turn|6\n|\n|t:|1721254385\n|move|p1b: Basculegion|Aqua Jet|p2a: Tornadus\n|-damage|p2a: Tornadus|0 fnt\n|faint|p2a: Tornadus\n|\n|win|loungerv\n|raw|loungerv's rating: 1736 &rarr; <strong>1759<\/strong><br \/>(+23 for winning)\n|raw|MomeriA12's rating: 1782 &rarr; <strong>1759<\/strong><br \/>(-23 for losing)\n|l|\u2606MomeriA12\n|player|p2|\n","uploadtime":1721254617,"views":52,"formatid":"gen9vgc2024regg","rating":1759,"private":0,"password":null}