{"id":"gen9vgc2024regg-2162064116","format":"[Gen 9] VGC 2024 Reg G","players":["Phononmode","short man swag"],"log":"|j|\u2606Phononmode\n|j|\u2606short man swag\n|t:|1721155036\n|gametype|doubles\n|player|p1|Phononmode|1|1799\n|player|p2|short man swag|101|1704\n|teamsize|p1|6\n|teamsize|p2|6\n|gen|9\n|tier|[Gen 9] VGC 2024 Reg G\n|rated|\n|rule|Species Clause: Limit one of each Pok\u00e9mon\n|rule|Item Clause: Limit one of each item\n|clearpoke\n|poke|p1|Calyrex-Ice, L50|\n|poke|p1|Rillaboom, L50, F|\n|poke|p1|Ting-Lu, L50|\n|poke|p1|Skeledirge, L50, F|\n|poke|p1|Raging Bolt, L50|\n|poke|p1|Iron Bundle, L50|\n|poke|p2|Lunala, L50|\n|poke|p2|Indeedee-F, L50, F|\n|poke|p2|Tornadus, L50, M|\n|poke|p2|Urshifu-*, L50, M|\n|poke|p2|Ursaluna, L50, F|\n|poke|p2|Ogerpon, L50, F|\n|teampreview|4\nPhononmode has agreed to open team sheets.\n|inactive|Battle timer is ON: inactive players will automatically lose when time's up. (requested by Phononmode)\n|j| chuanOVO\n|\n|t:|1721155064\n|start\n|switch|p1a: Rillaboom|Rillaboom, L50, F|100\/100\n|switch|p1b: Calyrex|Calyrex-Ice, L50|100\/100\n|switch|p2a: Indeedee|Indeedee-F, L50, F|100\/100\n|switch|p2b: Urshifu|Urshifu-Rapid-Strike, L50, M|100\/100\n|-ability|p1b: Calyrex|As One\n|-ability|p1b: Calyrex|Unnerve\n|-fieldstart|move: Psychic Terrain|[from] ability: Psychic Surge|[of] p2a: Indeedee\n|-fieldstart|move: Grassy Terrain|[from] ability: Grassy Surge|[of] p1a: Rillaboom\n|turn|1\n|inactive|short man swag has 30 seconds left.\n|\n|t:|1721155097\n|switch|p2b: Lunala|Lunala, L50|100\/100\n|switch|p2a: Ursaluna|Ursaluna, L50, F|100\/100\n|move|p1a: Rillaboom|Grassy Glide|p2b: Lunala\n|-damage|p2b: Lunala|80\/100\n|move|p1b: Calyrex|Glacial Lance|p2b: Lunala|[spread] p2a,p2b\n|-supereffective|p2a: Ursaluna\n|-damage|p2a: Ursaluna|17\/100\n|-damage|p2b: Lunala|29\/100\n|\n|-heal|p2b: Lunala|35\/100|[from] Grassy Terrain\n|-heal|p2a: Ursaluna|23\/100|[from] Grassy Terrain\n|-status|p2a: Ursaluna|brn|[from] item: Flame Orb\n|upkeep\n|turn|2\n|inactive|short man swag has 30 seconds left.\n|\n|t:|1721155125\n|switch|p2a: Indeedee|Indeedee-F, L50, F|100\/100\n|-fieldstart|move: Psychic Terrain|[from] ability: Psychic Surge|[of] p2a: Indeedee\n|-terastallize|p2b: Lunala|Grass\n|move|p2b: Lunala|Meteor Beam||[still]\n|-prepare|p2b: Lunala|Meteor Beam\n|-boost|p2b: Lunala|spa|1\n|-enditem|p2b: Lunala|Power Herb\n|-anim|p2b: Lunala|Meteor Beam|p1b: Calyrex\n|-supereffective|p1b: Calyrex\n|-damage|p1b: Calyrex|3\/100\n|move|p1a: Rillaboom|Grassy Glide|p2b: Lunala\n|-resisted|p2b: Lunala\n|-damage|p2b: Lunala|20\/100\n|move|p1b: Calyrex|Trick Room|p1b: Calyrex\n|-fieldstart|move: Trick Room|[of] p1b: Calyrex\n|\n|upkeep\n|turn|3\n|\n|t:|1721155151\n|switch|p2b: Urshifu|Urshifu-Rapid-Strike, L50, M|100\/100\n|move|p1b: Calyrex|Glacial Lance|p2a: Indeedee|[spread] p2a,p2b\n|-crit|p2a: Indeedee\n|-resisted|p2b: Urshifu\n|-damage|p2a: Indeedee|20\/100\n|-damage|p2b: Urshifu|73\/100\n|move|p1a: Rillaboom|Wood Hammer|p2a: Indeedee\n|-damage|p2a: Indeedee|0 fnt\n|faint|p2a: Indeedee\n|-damage|p1a: Rillaboom|95\/100|[from] Recoil\n|\n|upkeep\n|\n|t:|1721155161\n|switch|p2a: Ursaluna|Ursaluna, L50, F|23\/100 brn\n|turn|4\n|\n|t:|1721155179\n|switch|p1a: Iron Bundle|Iron Bundle, L50|100\/100\n|move|p2a: Ursaluna|Facade|p1a: Iron Bundle\n|-damage|p1a: Iron Bundle|0 fnt\n|faint|p1a: Iron Bundle\n|-end|p1a: Iron Bundle|Quark Drive|[silent]\n|move|p1b: Calyrex|Glacial Lance|p2a: Ursaluna|[spread] p2a,p2b\n|-supereffective|p2a: Ursaluna\n|-resisted|p2b: Urshifu\n|-damage|p2a: Ursaluna|0 fnt\n|-damage|p2b: Urshifu|44\/100\n|faint|p2a: Ursaluna\n|-ability|p1b: Calyrex|Chilling Neigh|boost\n|-boost|p1b: Calyrex|atk|1\n|move|p2b: Urshifu|Surging Strikes|p1b: Calyrex\n|-crit|p1b: Calyrex\n|-damage|p1b: Calyrex|0 fnt\n|faint|p1b: Calyrex\n|-hitcount|p1: Calyrex|1\n|\n|upkeep\n|\n|t:|1721155195\n|switch|p1b: Rillaboom|Rillaboom, L50, F|95\/100\n|switch|p2a: Lunala|Lunala, L50, tera:Grass|20\/100\n|switch|p1a: Ting-Lu|Ting-Lu, L50|100\/100\n|-ability|p1a: Ting-Lu|Vessel of Ruin\n|-fieldstart|move: Grassy Terrain|[from] ability: Grassy Surge|[of] p1b: Rillaboom\n|turn|5\n|\n|t:|1721155206\n|move|p1b: Rillaboom|Grassy Glide|p2b: Urshifu\n|-supereffective|p2b: Urshifu\n|-damage|p2b: Urshifu|0 fnt\n|faint|p2b: Urshifu\n|move|p1a: Ting-Lu|Payback|p2a: Lunala\n|-damage|p2a: Lunala|0 fnt\n|faint|p2a: Lunala\n|\n|win|Phononmode\n|raw|Phononmode's rating: 1799 &rarr; <strong>1814<\/strong><br \/>(+15 for winning)\n|raw|short man swag's rating: 1704 &rarr; <strong>1689<\/strong><br \/>(-15 for losing)\n|l|\u2606short man swag\n|player|p2|\n","uploadtime":1721155348,"views":24,"formatid":"gen9vgc2024regg","rating":1689,"private":0,"password":null}