{"id":"gen9vgc2024regg-2162080832","format":"[Gen 9] VGC 2024 Reg G","players":["PritzShow","overwatch69"],"log":"|j|\u2606PritzShow\n|j|\u2606overwatch69\n|t:|1721156911\n|gametype|doubles\n|player|p1|PritzShow|2|1649\n|player|p2|overwatch69|101|1757\n|teamsize|p1|6\n|teamsize|p2|6\n|gen|9\n|tier|[Gen 9] VGC 2024 Reg G\n|rated|\n|rule|Species Clause: Limit one of each Pok\u00e9mon\n|rule|Item Clause: Limit one of each item\n|clearpoke\n|poke|p1|Groudon, L50|\n|poke|p1|Whimsicott, L50, M|\n|poke|p1|Chi-Yu, L50|\n|poke|p1|Flutter Mane, L50|\n|poke|p1|Volcarona, L50, F|\n|poke|p1|Raging Bolt, L50|\n|poke|p2|Kyogre, L50|\n|poke|p2|Raichu, L50, M|\n|poke|p2|Tornadus, L50, M|\n|poke|p2|Tinkaton, L50, F|\n|poke|p2|Rillaboom, L50, F|\n|poke|p2|Chien-Pao, L50|\n|teampreview|4\n|inactive|Battle timer is ON: inactive players will automatically lose when time's up. (requested by PritzShow)\n|\n|t:|1721156933\n|start\n|switch|p1a: Flutter Mane|Flutter Mane, L50|100\/100\n|switch|p1b: Raging Bolt|Raging Bolt, L50|100\/100\n|switch|p2a: Kyogre|Kyogre, L50|100\/100\n|switch|p2b: Tornadus|Tornadus, L50, M|100\/100\n|-weather|RainDance|[from] ability: Drizzle|[of] p2a: Kyogre\n|turn|1\n|\n|t:|1721156951\n|switch|p2b: Raichu|Raichu, L50, M|100\/100\n|-terastallize|p2a: Kyogre|Water\n|move|p1a: Flutter Mane|Icy Wind|p2b: Raichu|[spread] p2a,p2b\n|-resisted|p2a: Kyogre\n|-damage|p2a: Kyogre|95\/100\n|-damage|p2b: Raichu|76\/100\n|-unboost|p2a: Kyogre|spe|1\n|-unboost|p2b: Raichu|spe|1\n|move|p1b: Raging Bolt|Electroweb|p2b: Raichu|[spread] p2a\n|-ability|p2b: Raichu|Lightning Rod|boost\n|-boost|p2b: Raichu|spa|1\n|-supereffective|p2a: Kyogre\n|-damage|p2a: Kyogre|57\/100\n|-unboost|p2a: Kyogre|spe|1\n|move|p2a: Kyogre|Water Spout|p1b: Raging Bolt|[spread] p1a,p1b\n|-resisted|p1b: Raging Bolt\n|-enditem|p1a: Flutter Mane|Focus Sash\n|-damage|p1a: Flutter Mane|1\/100\n|-damage|p1b: Raging Bolt|64\/100\n|\n|-weather|RainDance|[upkeep]\n|upkeep\n|turn|2\n|inactive|PritzShow has 30 seconds left.\n|\n|t:|1721156986\n|-end|p1b: Raging Bolt|Protosynthesis|[silent]\n|switch|p1b: Groudon|Groudon, L50|100\/100\n|-weather|SunnyDay|[from] ability: Drought|[of] p1b: Groudon\n|-activate|p1a: Flutter Mane|ability: Protosynthesis\n|-start|p1a: Flutter Mane|protosynthesisspe\n|switch|p2a: Tornadus|Tornadus, L50, M|100\/100\n|move|p1a: Flutter Mane|Moonblast|p2b: Raichu\n|-damage|p2b: Raichu|0 fnt\n|faint|p2b: Raichu\n|\n|-weather|SunnyDay|[upkeep]\n|upkeep\n|\n|t:|1721156991\n|switch|p2b: Kyogre|Kyogre, L50, tera:Water|57\/100\n|-weather|RainDance|[from] ability: Drizzle|[of] p2b: Kyogre\n|-end|p1a: Flutter Mane|Protosynthesis\n|turn|3\n|\n|t:|1721157004\n|move|p1b: Groudon|Protect|p1b: Groudon\n|-singleturn|p1b: Groudon|Protect\n|move|p2a: Tornadus|Tailwind|p2a: Tornadus\n|-sidestart|p2: overwatch69|move: Tailwind\n|move|p2b: Kyogre|Water Spout|p1b: Groudon|[spread] p1a\n|-activate|p1b: Groudon|move: Protect\n|-damage|p1a: Flutter Mane|0 fnt\n|faint|p1a: Flutter Mane\n|-end|p1a: Flutter Mane|Protosynthesis|[silent]\n|\n|-weather|RainDance|[upkeep]\n|upkeep\n|\n|t:|1721157009\n|switch|p1a: Raging Bolt|Raging Bolt, L50|64\/100\n|turn|4\n|\n|t:|1721157017\n|switch|p1b: Whimsicott|Whimsicott, L50, M|100\/100\n|move|p2a: Tornadus|Bleakwind Storm|p1b: Whimsicott|[spread] p1a,p1b\n|-resisted|p1a: Raging Bolt\n|-supereffective|p1b: Whimsicott\n|-damage|p1a: Raging Bolt|55\/100\n|-damage|p1b: Whimsicott|23\/100\n|move|p2b: Kyogre|Water Spout|p1b: Whimsicott|[spread] p1a,p1b\n|-resisted|p1a: Raging Bolt\n|-resisted|p1b: Whimsicott\n|-damage|p1a: Raging Bolt|20\/100\n|-damage|p1b: Whimsicott|0 fnt\n|faint|p1b: Whimsicott\n|move|p1a: Raging Bolt|Electroweb|p2b: Kyogre|[spread] p2a,p2b\n|-supereffective|p2a: Tornadus\n|-supereffective|p2b: Kyogre\n|-damage|p2a: Tornadus|46\/100\n|-damage|p2b: Kyogre|23\/100\n|-unboost|p2b: Kyogre|spe|1\n|\n|-weather|RainDance|[upkeep]\n|upkeep\n|\n|t:|1721157019\n|switch|p1b: Groudon|Groudon, L50|100\/100\n|-weather|SunnyDay|[from] ability: Drought|[of] p1b: Groudon\n|-activate|p1a: Raging Bolt|ability: Protosynthesis\n|-start|p1a: Raging Bolt|protosynthesisspa\n|turn|5\n|\n|t:|1721157028\n|move|p1a: Raging Bolt|Thunderclap|p2b: Kyogre\n|-supereffective|p2b: Kyogre\n|-damage|p2b: Kyogre|0 fnt\n|faint|p2b: Kyogre\n|move|p2a: Tornadus|Bleakwind Storm|p1b: Groudon|[spread] p1a,p1b\n|-resisted|p1a: Raging Bolt\n|-damage|p1a: Raging Bolt|11\/100\n|-damage|p1b: Groudon|72\/100\n|move|p1b: Groudon|Swords Dance|p1b: Groudon\n|-boost|p1b: Groudon|atk|2\n|\n|-weather|SunnyDay|[upkeep]\n|upkeep\n|\n|t:|1721157030\n|switch|p2b: Chien-Pao|Chien-Pao, L50|100\/100\n|-ability|p2b: Chien-Pao|Sword of Ruin\n|turn|6\n|inactive|PritzShow has 30 seconds left.\n|inactive|PritzShow has 20 seconds left.\n|\n|t:|1721157067\n|-terastallize|p1b: Groudon|Fire\n|move|p2a: Tornadus|Rain Dance|p2a: Tornadus\n|-weather|RainDance\n|-end|p1a: Raging Bolt|Protosynthesis\n|move|p2b: Chien-Pao|Icicle Crash|p1b: Groudon\n|-resisted|p1b: Groudon\n|-damage|p1b: Groudon|48\/100\n|-damage|p2b: Chien-Pao|91\/100|[from] item: Life Orb\n|move|p1a: Raging Bolt|Volt Switch|p2b: Chien-Pao\n|-damage|p2b: Chien-Pao|30\/100\n|cant|p1b: Groudon|flinch\n|\n|-weather|RainDance|[upkeep]\n|-sideend|p2: overwatch69|move: Tailwind\n|upkeep\n|turn|7\n|\n|t:|1721157079\n|move|p2b: Chien-Pao|Sucker Punch|p1b: Groudon\n|-damage|p1b: Groudon|6\/100\n|-damage|p2b: Chien-Pao|20\/100|[from] item: Life Orb\n|move|p1a: Raging Bolt|Thunderclap|p2a: Tornadus\n|-supereffective|p2a: Tornadus\n|-damage|p2a: Tornadus|0 fnt\n|faint|p2a: Tornadus\n|move|p1b: Groudon|Fire Punch|p2b: Chien-Pao\n|-supereffective|p2b: Chien-Pao\n|-damage|p2b: Chien-Pao|0 fnt\n|faint|p2b: Chien-Pao\n|\n|win|PritzShow\n|raw|PritzShow's rating: 1649 &rarr; <strong>1675<\/strong><br \/>(+26 for winning)\n|raw|overwatch69's rating: 1757 &rarr; <strong>1731<\/strong><br \/>(-26 for losing)\n|l|\u2606overwatch69\n|player|p2|\n|l|\u2606PritzShow\n|player|p1|\n","uploadtime":1721157288,"views":16,"formatid":"gen9vgc2024regg","rating":1675,"private":0,"password":null}