{"id":"gen9vgc2024regg-2162405438","format":"[Gen 9] VGC 2024 Reg G","players":["dhiaruga101","Ronaldodo"],"log":"|j|\u2606dhiaruga101\n|j|\u2606Ronaldodo\n|t:|1721203252\n|gametype|doubles\n|player|p1|dhiaruga101|cynthia-gen4|1695\n|player|p2|Ronaldodo|169|1655\n|teamsize|p1|6\n|teamsize|p2|6\n|gen|9\n|tier|[Gen 9] VGC 2024 Reg G\n|rated|\n|rule|Species Clause: Limit one of each Pok\u00e9mon\n|rule|Item Clause: Limit one of each item\n|clearpoke\n|poke|p1|Miraidon, L50|\n|poke|p1|Farigiraf, L50, M|\n|poke|p1|Iron Hands, L50|\n|poke|p1|Urshifu-*, L50, F|\n|poke|p1|Ogerpon-Hearthflame, L50, F|\n|poke|p1|Whimsicott, L50, M|\n|poke|p2|Calyrex-Shadow, L50|\n|poke|p2|Grimmsnarl, L50, M|\n|poke|p2|Clefairy, L50, M|\n|poke|p2|Rillaboom, L50, M|\n|poke|p2|Urshifu-*, L50, M|\n|poke|p2|Tornadus, L50, M|\n|teampreview|4\n|inactive|Battle timer is ON: inactive players will automatically lose when time's up. (requested by dhiaruga101)\n|\n|t:|1721203272\n|start\n|switch|p1a: Whimsicott|Whimsicott, L50, M, shiny|100\/100\n|switch|p1b: Miraidon|Miraidon, L50|100\/100\n|switch|p2a: Calyrex|Calyrex-Shadow, L50|100\/100\n|switch|p2b: Grimmsnarl|Grimmsnarl, L50, M|100\/100\n|-ability|p2a: Calyrex|As One\n|-ability|p2a: Calyrex|Unnerve\n|-fieldstart|move: Electric Terrain|[from] ability: Hadron Engine|[of] p1b: Miraidon\n|turn|1\n|inactive|dhiaruga101 has 30 seconds left.\n|\n|t:|1721203301\n|-terastallize|p1b: Miraidon|Fairy\n|move|p2b: Grimmsnarl|Fake Out|p1b: Miraidon\n|-damage|p1b: Miraidon|88\/100\n|move|p1a: Whimsicott|Light Screen|p1a: Whimsicott\n|-sidestart|p1: dhiaruga101|move: Light Screen\n|cant|p1b: Miraidon|flinch\n|move|p2a: Calyrex|Nasty Plot|p2a: Calyrex\n|-boost|p2a: Calyrex|spa|2\n|\n|upkeep\n|turn|2\n|\n|t:|1721203316\n|move|p2a: Calyrex|Protect|p2a: Calyrex\n|-singleturn|p2a: Calyrex|Protect\n|move|p1a: Whimsicott|Encore|p2a: Calyrex\n|-activate|p2a: Calyrex|move: Protect\n|move|p2b: Grimmsnarl|Parting Shot|p1b: Miraidon\n|-unboost|p1b: Miraidon|atk|1\n|-unboost|p1b: Miraidon|spa|1\n|\n|t:|1721203322\n|switch|p2b: Clefairy|Clefairy, L50, M|100\/100|[from] Parting Shot\n|move|p1b: Miraidon|Dazzling Gleam|p2a: Calyrex|[spread] p2b\n|-activate|p2a: Calyrex|move: Protect\n|-damage|p2b: Clefairy|66\/100\n|\n|upkeep\n|turn|3\n|\n|t:|1721203332\n|switch|p1b: Iron Hands|Iron Hands, L50, shiny|100\/100\n|-activate|p1b: Iron Hands|ability: Quark Drive\n|-start|p1b: Iron Hands|quarkdriveatk\n|-terastallize|p2a: Calyrex|Grass\n|move|p2b: Clefairy|Follow Me|p2b: Clefairy\n|-singleturn|p2b: Clefairy|move: Follow Me\n|move|p1a: Whimsicott|Tailwind|p1a: Whimsicott\n|-sidestart|p1: dhiaruga101|move: Tailwind\n|move|p2a: Calyrex|Astral Barrage|p1a: Whimsicott|[spread] p1a,p1b\n|-crit|p1a: Whimsicott\n|-damage|p1a: Whimsicott|0 fnt\n|-damage|p1b: Iron Hands|68\/100\n|faint|p1a: Whimsicott\n|-ability|p2a: Calyrex|Grim Neigh|boost\n|-boost|p2a: Calyrex|spa|1\n|\n|upkeep\n|j| vgdjfifIFFIGgcu\n|\n|t:|1721203350\n|switch|p1a: Miraidon|Miraidon, L50, tera:Fairy|88\/100\n|-activate|p1a: Miraidon|ability: Hadron Engine\n|turn|4\n|\n|t:|1721203360\n|move|p2a: Calyrex|Protect|p2a: Calyrex\n|-singleturn|p2a: Calyrex|Protect\n|move|p1b: Iron Hands|Fake Out|p2a: Calyrex\n|-activate|p2a: Calyrex|move: Protect\n|move|p1a: Miraidon|Electro Drift|p2b: Clefairy\n|-damage|p2b: Clefairy|0 fnt\n|faint|p2b: Clefairy\n|\n|upkeep\n|\n|t:|1721203370\n|switch|p2b: Grimmsnarl|Grimmsnarl, L50, M|100\/100\n|turn|5\n|\n|t:|1721203378\n|move|p2b: Grimmsnarl|Fake Out|p1b: Iron Hands\n|-damage|p1b: Iron Hands|60\/100\n|move|p1a: Miraidon|Electro Drift|p2b: Grimmsnarl\n|-damage|p2b: Grimmsnarl|0 fnt\n|faint|p2b: Grimmsnarl\n|move|p2a: Calyrex|Giga Drain|p1a: Miraidon\n|-damage|p1a: Miraidon|26\/100\n|cant|p1b: Iron Hands|flinch\n|\n|-sideend|p1: dhiaruga101|move: Light Screen\n|-fieldend|move: Electric Terrain\n|-end|p1b: Iron Hands|Quark Drive\n|upkeep\n|\n|t:|1721203390\n|switch|p2b: Rillaboom|Rillaboom, L50, M|100\/100\n|-fieldstart|move: Grassy Terrain|[from] ability: Grassy Surge|[of] p2b: Rillaboom\n|turn|6\n|\n|t:|1721203398\n|move|p2b: Rillaboom|Fake Out|p1a: Miraidon\n|-damage|p1a: Miraidon|9\/100\n|cant|p1a: Miraidon|flinch\n|move|p2a: Calyrex|Astral Barrage|p1b: Iron Hands|[spread] p1a,p1b\n|-damage|p1a: Miraidon|0 fnt\n|-damage|p1b: Iron Hands|0 fnt\n|faint|p1a: Miraidon\n|faint|p1b: Iron Hands\n|-end|p1b: Iron Hands|Quark Drive|[silent]\n|-ability|p2a: Calyrex|Grim Neigh|boost\n|-boost|p2a: Calyrex|spa|2\n|\n|-sideend|p1: dhiaruga101|move: Tailwind\n|upkeep\n|\n|t:|1721203407\n|switch|p1a: Urshifu|Urshifu, L50, F|100\/100\n|turn|7\n|-message|dhiaruga101 forfeited.\n|\n|win|Ronaldodo\n|raw|dhiaruga101's rating: 1695 &rarr; <strong>1673<\/strong><br \/>(-22 for losing)\n|raw|Ronaldodo's rating: 1655 &rarr; <strong>1677<\/strong><br \/>(+22 for winning)\n|l|\u2606dhiaruga101\n|player|p1|\n|j|\u2606dhiaruga101\n|player|p1|dhiaruga101|cynthia-gen4|\n|l|\u2606Ronaldodo\n|player|p2|\n|l| vgdjfifIFFIGgcu\n|l|\u2606dhiaruga101\n|player|p1|\n","uploadtime":1721203659,"views":23,"formatid":"gen9vgc2024regg","rating":1673,"private":0,"password":null}