{"id":"gen9vgc2024regg-2162787013","format":"[Gen 9] VGC 2024 Reg G","players":["loungerv","greenlightdmp"],"log":"|j|\u2606loungerv\n|j|\u2606greenlightdmp\n|t:|1721254397\n|gametype|doubles\n|player|p1|loungerv|harlequin|1759\n|player|p2|greenlightdmp|170|1739\n|teamsize|p1|6\n|teamsize|p2|6\n|gen|9\n|tier|[Gen 9] VGC 2024 Reg G\n|rated|\n|rule|Species Clause: Limit one of each Pok\u00e9mon\n|rule|Item Clause: Limit one of each item\n|clearpoke\n|poke|p1|Terapagos, L50, M|\n|poke|p1|Munkidori, L50, M|\n|poke|p1|Incineroar, L50, M|\n|poke|p1|Sinistcha, L50|\n|poke|p1|Basculegion, L50, M|\n|poke|p1|Flamigo, L50, M|\n|poke|p2|Kyogre, L50|\n|poke|p2|Tornadus, L50, M|\n|poke|p2|Volcarona, L50, M|\n|poke|p2|Rillaboom, L50, F|\n|poke|p2|Overqwil, L50, M|\n|poke|p2|Landorus, L50, M|\n|teampreview|4\n|\n|t:|1721254439\n|start\n|switch|p1a: Terapagos|Terapagos, L50, M|100\/100\n|switch|p1b: Flamigo|Flamigo, L50, M|100\/100\n|switch|p2a: Kyogre|Kyogre, L50|100\/100\n|switch|p2b: Tornadus|Tornadus, L50, M|100\/100\n|-activate|p1a: Terapagos|ability: Tera Shift\n|detailschange|p1a: Terapagos|Terapagos-Terastal, L50, M\n|-heal|p1a: Terapagos|100\/100|[silent]\n|-weather|RainDance|[from] ability: Drizzle|[of] p2a: Kyogre\n|turn|1\n|j| pogafina\n|\n|t:|1721254471\n|-terastallize|p1a: Terapagos|Stellar\n|detailschange|p1a: Terapagos|Terapagos-Stellar, L50, M, tera:Stellar\n|-heal|p1a: Terapagos|100\/100|[silent]\n|-ability|p1a: Terapagos|Teraform Zero\n|-weather|none\n|move|p2b: Tornadus|Tailwind|p2b: Tornadus\n|-sidestart|p2: greenlightdmp|move: Tailwind\n|move|p2a: Kyogre|Hydro Pump|p1a: Terapagos\n|-damage|p1a: Terapagos|52\/100\n|move|p1b: Flamigo|Tailwind|p1b: Flamigo\n|-sidestart|p1: loungerv|move: Tailwind\n|move|p1a: Terapagos|Tera Starstorm|p2b: Tornadus|[spread] p2a,p2b\n|-damage|p2a: Kyogre|60\/100\n|-damage|p2b: Tornadus|35\/100\n|\n|upkeep\n|turn|2\n|\n|t:|1721254495\n|switch|p1b: Sinistcha|Sinistcha, L50|100\/100\n|-heal|p1a: Terapagos|77\/100|[from] ability: Hospitality|[of] p1b: Sinistcha\n|move|p2b: Tornadus|Rain Dance|p2b: Tornadus\n|-weather|RainDance\n|move|p2a: Kyogre|Hydro Pump|p1a: Terapagos\n|-damage|p1a: Terapagos|11\/100\n|move|p1a: Terapagos|Tera Starstorm|p2a: Kyogre|[spread] p2a,p2b\n|-damage|p2a: Kyogre|19\/100\n|-damage|p2b: Tornadus|0 fnt\n|faint|p2b: Tornadus\n|\n|-weather|RainDance|[upkeep]\n|upkeep\n|\n|t:|1721254510\n|switch|p2b: Landorus|Landorus, L50, M|100\/100\n|turn|3\n|\n|t:|1721254521\n|move|p2b: Landorus|Sandsear Storm|p1a: Terapagos|[spread] p1a,p1b\n|-resisted|p1b: Sinistcha\n|-damage|p1a: Terapagos|0 fnt\n|-damage|p1b: Sinistcha|81\/100\n|faint|p1a: Terapagos\n|move|p2a: Kyogre|Ice Beam|p1b: Sinistcha\n|-supereffective|p1b: Sinistcha\n|-damage|p1b: Sinistcha|20\/100\n|move|p1b: Sinistcha|Trick Room|p1b: Sinistcha\n|-fieldstart|move: Trick Room|[of] p1b: Sinistcha\n|\n|-weather|RainDance|[upkeep]\n|upkeep\n|\n|t:|1721254524\n|switch|p1a: Basculegion|Basculegion, L50, M|100\/100\n|turn|4\n|\n|t:|1721254552\n|move|p1b: Sinistcha|Matcha Gotcha|p2a: Kyogre|[spread] p2a,p2b\n|-supereffective|p2a: Kyogre\n|-damage|p2a: Kyogre|0 fnt\n|-heal|p1b: Sinistcha|31\/100|[from] drain|[of] p2a: Kyogre\n|-damage|p2b: Landorus|68\/100\n|-heal|p1b: Sinistcha|46\/100|[from] drain|[of] p2b: Landorus\n|faint|p2a: Kyogre\n|move|p1a: Basculegion|Last Respects|p2b: Landorus\n|-damage|p2b: Landorus|0 fnt\n|faint|p2b: Landorus\n|\n|-weather|RainDance|[upkeep]\n|-sideend|p2: greenlightdmp|move: Tailwind\n|-sideend|p1: loungerv|move: Tailwind\n|upkeep\n|\n|t:|1721254558\n|switch|p2b: Overqwil|Overqwil, L50, M|100\/100\n|turn|5\n|\n|t:|1721254570\n|move|p1b: Sinistcha|Rage Powder|p1b: Sinistcha\n|-singleturn|p1b: Sinistcha|move: Rage Powder\n|move|p1a: Basculegion|Wave Crash|p2b: Overqwil\n|-damage|p2b: Overqwil|0 fnt\n|faint|p2b: Overqwil\n|-damage|p1a: Basculegion|74\/100|[from] Recoil\n|\n|win|loungerv\n|raw|loungerv's rating: 1759 &rarr; <strong>1778<\/strong><br \/>(+19 for winning)\n|raw|greenlightdmp's rating: 1739 &rarr; <strong>1720<\/strong><br \/>(-19 for losing)\n|l|\u2606greenlightdmp\n|player|p2|\n","uploadtime":1721254756,"views":20,"formatid":"gen9vgc2024regg","rating":1720,"private":0,"password":null}