{"id":"gen9vgc2024regg-2162795356","format":"[Gen 9] VGC 2024 Reg G","players":["Short man swag","Wildgoobys"],"log":"|j|\u2606Short man swag\n|j|\u2606Wildgoobys\n|t:|1721255474\n|gametype|doubles\n|player|p1|Short man swag|170|1724\n|player|p2|Wildgoobys|ethan|1689\n|teamsize|p1|6\n|teamsize|p2|6\n|gen|9\n|tier|[Gen 9] VGC 2024 Reg G\n|rated|\n|rule|Species Clause: Limit one of each Pok\u00e9mon\n|rule|Item Clause: Limit one of each item\n|clearpoke\n|poke|p1|Lunala, L50|\n|poke|p1|Indeedee-F, L50, F|\n|poke|p1|Tornadus, L50, M|\n|poke|p1|Urshifu-*, L50, M|\n|poke|p1|Ursaluna, L50, F|\n|poke|p1|Ogerpon, L50, F|\n|poke|p2|Eternatus, L50|\n|poke|p2|Murkrow, L50, M|\n|poke|p2|Incineroar, L50, M|\n|poke|p2|Muk-Alola, L50, F|\n|poke|p2|Rillaboom, L50, M|\n|poke|p2|Cresselia, L50, F|\n|teampreview|4\n|inactive|Battle timer is ON: inactive players will automatically lose when time's up. (requested by Wildgoobys)\n|inactive|Wildgoobys has 60 seconds left.\n|\n|t:|1721255510\n|start\n|switch|p1a: Lunala|Lunala, L50|100\/100\n|switch|p1b: Urshifu|Urshifu-Rapid-Strike, L50, M|100\/100\n|switch|p2a: Eternatus|Eternatus, L50|100\/100\n|switch|p2b: Muk|Muk-Alola, L50, F|100\/100\n|-ability|p2a: Eternatus|Pressure\n|turn|1\n|inactive|Short man swag has 30 seconds left.\n|\n|t:|1721255537\n|-terastallize|p2a: Eternatus|Water\n|-terastallize|p1a: Lunala|Grass\n|move|p2a: Eternatus|Cosmic Power|p2a: Eternatus\n|-boost|p2a: Eternatus|def|1\n|-boost|p2a: Eternatus|spd|1\n|move|p1b: Urshifu|U-turn|p2a: Eternatus\n|-damage|p2a: Eternatus|84\/100\n|\n|t:|1721255548\n|switch|p1b: Ursaluna|Ursaluna, L50, F|100\/100|[from] U-turn\n|move|p2b: Muk|Poison Jab|p1b: Ursaluna\n|-resisted|p1b: Ursaluna\n|-damage|p1b: Ursaluna|90\/100\n|move|p1a: Lunala|Trick Room|p1a: Lunala\n|-fieldstart|move: Trick Room|[of] p1a: Lunala\n|\n|-heal|p2a: Eternatus|90\/100|[from] item: Leftovers\n|-status|p1b: Ursaluna|brn|[from] item: Flame Orb\n|upkeep\n|turn|2\n|\n|t:|1721255564\n|switch|p2b: Incineroar|Incineroar, L50, M|100\/100\n|-ability|p2b: Incineroar|Intimidate|boost\n|-unboost|p1a: Lunala|atk|1\n|-unboost|p1b: Ursaluna|atk|1\n|move|p1b: Ursaluna|Headlong Rush|p2b: Incineroar\n|-supereffective|p2b: Incineroar\n|-damage|p2b: Incineroar|0 fnt\n|-unboost|p1b: Ursaluna|def|1\n|-unboost|p1b: Ursaluna|spd|1\n|faint|p2b: Incineroar\n|move|p1a: Lunala|Meteor Beam||[still]\n|-prepare|p1a: Lunala|Meteor Beam\n|-boost|p1a: Lunala|spa|1\n|-enditem|p1a: Lunala|Power Herb\n|-anim|p1a: Lunala|Meteor Beam|p2a: Eternatus\n|-damage|p2a: Eternatus|58\/100\n|move|p2a: Eternatus|Cosmic Power|p2a: Eternatus\n|-boost|p2a: Eternatus|def|1\n|-boost|p2a: Eternatus|spd|1\n|\n|-heal|p2a: Eternatus|64\/100|[from] item: Leftovers\n|-damage|p1b: Ursaluna|84\/100 brn|[from] brn\n|upkeep\n|\n|t:|1721255577\n|switch|p2b: Murkrow|Murkrow, L50, M|100\/100\n|turn|3\n|\n|t:|1721255593\n|switch|p1b: Indeedee|Indeedee-F, L50, F, shiny|100\/100\n|-fieldstart|move: Psychic Terrain|[from] ability: Psychic Surge|[of] p1b: Indeedee\n|move|p2b: Murkrow|Protect|p2b: Murkrow\n|-singleturn|p2b: Murkrow|Protect\n|move|p2a: Eternatus|Protect|p2a: Eternatus\n|-singleturn|p2a: Eternatus|Protect\n|move|p1a: Lunala|Expanding Force|p2b: Murkrow|[spread] \n|-activate|p2a: Eternatus|move: Protect\n|-activate|p2b: Murkrow|move: Protect\n|\n|-heal|p2a: Eternatus|69\/100|[from] item: Leftovers\n|upkeep\n|turn|4\n|\n|t:|1721255610\n|switch|p2b: Muk|Muk-Alola, L50, F|100\/100\n|move|p1b: Indeedee|Helping Hand|p1a: Lunala\n|-singleturn|p1a: Lunala|Helping Hand|[of] p1b: Indeedee\n|move|p2a: Eternatus|Protect||[still]\n|-fail|p2a: Eternatus\n|move|p1a: Lunala|Expanding Force|p2a: Eternatus|[spread] p2a\n|-immune|p2b: Muk\n|-damage|p2a: Eternatus|24\/100\n|\n|-heal|p2a: Eternatus|29\/100|[from] item: Leftovers\n|upkeep\n|turn|5\n|\n|t:|1721255625\n|move|p2a: Eternatus|Protect|p2a: Eternatus\n|-singleturn|p2a: Eternatus|Protect\n|move|p2b: Muk|Snarl|p1b: Indeedee|[spread] p1a,p1b\n|-supereffective|p1b: Indeedee\n|-damage|p1a: Lunala|97\/100\n|-damage|p1b: Indeedee|80\/100\n|-unboost|p1a: Lunala|spa|1\n|-unboost|p1b: Indeedee|spa|1\n|move|p1b: Indeedee|Trick Room|p1b: Indeedee\n|-fieldend|move: Trick Room\n|move|p1a: Lunala|Trick Room|p1a: Lunala\n|-fieldstart|move: Trick Room|[of] p1a: Lunala\n|\n|-heal|p2a: Eternatus|35\/100|[from] item: Leftovers\n|upkeep\n|turn|6\n|inactive|Short man swag has 30 seconds left.\n|\n|t:|1721255654\n|switch|p1b: Ursaluna|Ursaluna, L50, F|84\/100 brn\n|move|p2b: Muk|Snarl|p1a: Lunala|[spread] p1a,p1b\n|-damage|p1a: Lunala|89\/100\n|-damage|p1b: Ursaluna|76\/100 brn\n|-unboost|p1a: Lunala|spa|1\n|-unboost|p1b: Ursaluna|spa|1\n|move|p1a: Lunala|Expanding Force|p2b: Muk|[spread] p2a\n|-immune|p2b: Muk\n|-damage|p2a: Eternatus|22\/100\n|move|p2a: Eternatus|Recover|p2a: Eternatus\n|-heal|p2a: Eternatus|72\/100\n|\n|-heal|p2a: Eternatus|77\/100|[from] item: Leftovers\n|-damage|p1b: Ursaluna|70\/100 brn|[from] brn\n|upkeep\n|turn|7\n|\n|t:|1721255676\n|switch|p2b: Murkrow|Murkrow, L50, M|100\/100\n|switch|p1a: Urshifu|Urshifu-Rapid-Strike, L50, M|100\/100\n|move|p1b: Ursaluna|Headlong Rush|p2b: Murkrow\n|-immune|p2b: Murkrow\n|move|p2a: Eternatus|Cosmic Power|p2a: Eternatus\n|-boost|p2a: Eternatus|def|1\n|-boost|p2a: Eternatus|spd|1\n|\n|-heal|p2a: Eternatus|83\/100|[from] item: Leftovers\n|-damage|p1b: Ursaluna|64\/100 brn|[from] brn\n|-fieldend|move: Psychic Terrain\n|upkeep\n|turn|8\n|inactive|Short man swag has 30 seconds left.\n|\n|t:|1721255704\n|move|p1b: Ursaluna|Facade|p2a: Eternatus\n|-damage|p2a: Eternatus|50\/100\n|move|p2b: Murkrow|Foul Play|p1b: Ursaluna\n|-damage|p1b: Ursaluna|18\/100 brn\n|move|p1a: Urshifu|Surging Strikes|p2b: Murkrow\n|-crit|p2b: Murkrow\n|-damage|p2b: Murkrow|54\/100\n|-crit|p2b: Murkrow\n|-damage|p2b: Murkrow|10\/100\n|-crit|p2b: Murkrow\n|-damage|p2b: Murkrow|0 fnt\n|faint|p2b: Murkrow\n|-hitcount|p2: Murkrow|3\n|move|p2a: Eternatus|Cosmic Power|p2a: Eternatus\n|-boost|p2a: Eternatus|def|1\n|-boost|p2a: Eternatus|spd|1\n|\n|-heal|p2a: Eternatus|56\/100|[from] item: Leftovers\n|-damage|p1b: Ursaluna|12\/100 brn|[from] brn\n|upkeep\n|\n|t:|1721255713\n|switch|p2b: Muk|Muk-Alola, L50, F|100\/100\n|turn|9\n|\n|t:|1721255727\n|move|p2b: Muk|Shadow Sneak|p1a: Urshifu\n|-damage|p1a: Urshifu|91\/100\n|move|p1b: Ursaluna|Headlong Rush|p2b: Muk\n|-supereffective|p2b: Muk\n|-damage|p2b: Muk|0 fnt\n|-unboost|p1b: Ursaluna|def|1\n|-unboost|p1b: Ursaluna|spd|1\n|faint|p2b: Muk\n|move|p1a: Urshifu|Surging Strikes|p2a: Eternatus\n|-resisted|p2a: Eternatus\n|-crit|p2a: Eternatus\n|-damage|p2a: Eternatus|46\/100\n|-resisted|p2a: Eternatus\n|-crit|p2a: Eternatus\n|-damage|p2a: Eternatus|36\/100\n|-resisted|p2a: Eternatus\n|-crit|p2a: Eternatus\n|-damage|p2a: Eternatus|25\/100\n|-hitcount|p2a: Eternatus|3\n|move|p2a: Eternatus|Recover|p2a: Eternatus\n|-heal|p2a: Eternatus|75\/100\n|\n|-heal|p2a: Eternatus|81\/100|[from] item: Leftovers\n|-damage|p1b: Ursaluna|6\/100 brn|[from] brn\n|-fieldend|move: Trick Room\n|upkeep\n|turn|10\n|inactive|Short man swag has 30 seconds left.\n|inactive|Short man swag has 20 seconds left.\n|\n|t:|1721255763\n|switch|p1a: Lunala|Lunala, L50, tera:Grass|89\/100\n|switch|p1b: Indeedee|Indeedee-F, L50, F, shiny|80\/100\n|-fieldstart|move: Psychic Terrain|[from] ability: Psychic Surge|[of] p1b: Indeedee\n|move|p2a: Eternatus|Protect||[still]\n|-fail|p2a: Eternatus\n|\n|-heal|p2a: Eternatus|87\/100|[from] item: Leftovers\n|upkeep\n|turn|11\n|\n|t:|1721255777\n|move|p2a: Eternatus|Cosmic Power|p2a: Eternatus\n|-boost|p2a: Eternatus|def|1\n|-boost|p2a: Eternatus|spd|1\n|move|p1a: Lunala|Meteor Beam||[still]\n|-prepare|p1a: Lunala|Meteor Beam\n|-boost|p1a: Lunala|spa|1\n|move|p1b: Indeedee|Trick Room|p1b: Indeedee\n|-fieldstart|move: Trick Room|[of] p1b: Indeedee\n|\n|-heal|p2a: Eternatus|93\/100|[from] item: Leftovers\n|upkeep\n|turn|12\n|\n|t:|1721255790\n|move|p1b: Indeedee|Helping Hand|p1a: Lunala\n|-singleturn|p1a: Lunala|Helping Hand|[of] p1b: Indeedee\n|move|p1a: Lunala|Meteor Beam|p2a: Eternatus|[from]lockedmove|[miss]\n|-miss|p1a: Lunala|p2a: Eternatus\n|move|p2a: Eternatus|Sludge Bomb|p1a: Lunala\n|-supereffective|p1a: Lunala\n|-damage|p1a: Lunala|24\/100\n|\n|-heal|p2a: Eternatus|98\/100|[from] item: Leftovers\n|upkeep\n|turn|13\n|\n|t:|1721255809\n|move|p1b: Indeedee|Alluring Voice|p2a: Eternatus\n|-damage|p2a: Eternatus|95\/100\n|move|p1a: Lunala|Expanding Force|p2a: Eternatus\n|-damage|p2a: Eternatus|72\/100\n|move|p2a: Eternatus|Sludge Bomb|p1b: Indeedee\n|-damage|p1b: Indeedee|34\/100\n|\n|-heal|p2a: Eternatus|78\/100|[from] item: Leftovers\n|upkeep\n|turn|14\n|\n|t:|1721255830\n|move|p2a: Eternatus|Protect|p2a: Eternatus\n|-singleturn|p2a: Eternatus|Protect\n|move|p1b: Indeedee|Alluring Voice|p2a: Eternatus\n|-activate|p2a: Eternatus|move: Protect\n|move|p1a: Lunala|Expanding Force|p2a: Eternatus\n|-activate|p2a: Eternatus|move: Protect\n|\n|-heal|p2a: Eternatus|84\/100|[from] item: Leftovers\n|-fieldend|move: Psychic Terrain\n|upkeep\n|turn|15\n|\n|t:|1721255843\n|move|p1b: Indeedee|Helping Hand|p1a: Lunala\n|-singleturn|p1a: Lunala|Helping Hand|[of] p1b: Indeedee\n|move|p1a: Lunala|Moongeist Beam|p2a: Eternatus\n|-damage|p2a: Eternatus|61\/100\n|move|p2a: Eternatus|Sludge Bomb|p1a: Lunala\n|-supereffective|p1a: Lunala\n|-damage|p1a: Lunala|0 fnt\n|faint|p1a: Lunala\n|\n|-heal|p2a: Eternatus|67\/100|[from] item: Leftovers\n|-fieldend|move: Trick Room\n|upkeep\n|\n|t:|1721255857\n|switch|p1a: Urshifu|Urshifu-Rapid-Strike, L50, M|91\/100\n|turn|16\n|\n|t:|1721255864\n|move|p1b: Indeedee|Helping Hand|p1a: Urshifu\n|-singleturn|p1a: Urshifu|Helping Hand|[of] p1b: Indeedee\n|move|p2a: Eternatus|Recover|p2a: Eternatus\n|-heal|p2a: Eternatus|100\/100\n|move|p1a: Urshifu|Surging Strikes|p2a: Eternatus\n|-resisted|p2a: Eternatus\n|-crit|p2a: Eternatus\n|-damage|p2a: Eternatus|84\/100\n|-resisted|p2a: Eternatus\n|-crit|p2a: Eternatus\n|-damage|p2a: Eternatus|68\/100\n|-resisted|p2a: Eternatus\n|-crit|p2a: Eternatus\n|-damage|p2a: Eternatus|54\/100\n|-hitcount|p2a: Eternatus|3\n|\n|-heal|p2a: Eternatus|60\/100|[from] item: Leftovers\n|upkeep\n|turn|17\n|\n|t:|1721255886\n|move|p2a: Eternatus|Recover|p2a: Eternatus\n|-heal|p2a: Eternatus|100\/100\n|move|p1a: Urshifu|Surging Strikes|p2a: Eternatus\n|-resisted|p2a: Eternatus\n|-crit|p2a: Eternatus\n|-damage|p2a: Eternatus|90\/100\n|-resisted|p2a: Eternatus\n|-crit|p2a: Eternatus\n|-damage|p2a: Eternatus|79\/100\n|-resisted|p2a: Eternatus\n|-crit|p2a: Eternatus\n|-damage|p2a: Eternatus|68\/100\n|-hitcount|p2a: Eternatus|3\n|move|p1b: Indeedee|Trick Room|p1b: Indeedee\n|-fieldstart|move: Trick Room|[of] p1b: Indeedee\n|\n|-heal|p2a: Eternatus|74\/100|[from] item: Leftovers\n|upkeep\n|turn|18\n|\n|t:|1721255905\n|move|p1b: Indeedee|Helping Hand|p1a: Urshifu\n|-singleturn|p1a: Urshifu|Helping Hand|[of] p1b: Indeedee\n|move|p1a: Urshifu|Surging Strikes|p2a: Eternatus\n|-resisted|p2a: Eternatus\n|-crit|p2a: Eternatus\n|-damage|p2a: Eternatus|57\/100\n|-resisted|p2a: Eternatus\n|-crit|p2a: Eternatus\n|-damage|p2a: Eternatus|41\/100\n|-resisted|p2a: Eternatus\n|-crit|p2a: Eternatus\n|-damage|p2a: Eternatus|27\/100\n|-hitcount|p2a: Eternatus|3\n|move|p2a: Eternatus|Sludge Bomb|p1b: Indeedee\n|-damage|p1b: Indeedee|0 fnt\n|faint|p1b: Indeedee\n|\n|-heal|p2a: Eternatus|32\/100|[from] item: Leftovers\n|upkeep\n|\n|t:|1721255922\n|switch|p1b: Ursaluna|Ursaluna, L50, F|6\/100 brn\n|turn|19\n|\n|t:|1721255930\n|move|p2a: Eternatus|Protect|p2a: Eternatus\n|-singleturn|p2a: Eternatus|Protect\n|move|p1b: Ursaluna|Facade|p2a: Eternatus\n|-activate|p2a: Eternatus|move: Protect\n|-activate|p1a: Urshifu|move: Struggle\n|move|p1a: Urshifu|Struggle|p2a: Eternatus\n|-damage|p2a: Eternatus|27\/100\n|-damage|p1a: Urshifu|66\/100|[from] recoil\n|\n|-heal|p2a: Eternatus|32\/100|[from] item: Leftovers\n|-damage|p1b: Ursaluna|0 fnt|[from] brn\n|faint|p1b: Ursaluna\n|upkeep\n|turn|20\n|c|\u2606Short man swag|Ggwp\n|\n|t:|1721255950\n|-activate|p1a: Urshifu|move: Struggle\n|move|p1a: Urshifu|Struggle|p2a: Eternatus\n|-damage|p2a: Eternatus|26\/100\n|-damage|p1a: Urshifu|41\/100|[from] recoil\n|move|p2a: Eternatus|Recover|p2a: Eternatus\n|-heal|p2a: Eternatus|76\/100\n|\n|-heal|p2a: Eternatus|82\/100|[from] item: Leftovers\n|upkeep\n|turn|21\n|c|\u2606Wildgoobys|Gg\n|-message|Short man swag forfeited.\n|\n|win|Wildgoobys\n|raw|Short man swag's rating: 1724 &rarr; <strong>1702<\/strong><br \/>(-22 for losing)\n|raw|Wildgoobys's rating: 1689 &rarr; <strong>1711<\/strong><br \/>(+22 for winning)\n|l|\u2606Short man swag\n|player|p1|\n|l|\u2606Wildgoobys\n|player|p2|\n","uploadtime":1721256139,"views":12,"formatid":"gen9vgc2024regg","rating":1702,"private":0,"password":null}