{"id":"gen9vgc2024regg-2162009217","format":"[Gen 9] VGC 2024 Reg G","players":["Phononmode","luca8"],"log":"|j|\u2606Phononmode\n|j|\u2606luca8\n|t:|1721148864\n|gametype|doubles\n|player|p1|Phononmode|1|1711\n|player|p2|luca8|flint|1655\n|teamsize|p1|6\n|teamsize|p2|6\n|gen|9\n|tier|[Gen 9] VGC 2024 Reg G\n|rated|\n|rule|Species Clause: Limit one of each Pok\u00e9mon\n|rule|Item Clause: Limit one of each item\n|clearpoke\n|poke|p1|Calyrex-Ice, L50|\n|poke|p1|Rillaboom, L50, M|\n|poke|p1|Ting-Lu, L50|\n|poke|p1|Skeledirge, L50, F|\n|poke|p1|Raging Bolt, L50|\n|poke|p1|Iron Bundle, L50|\n|poke|p2|Indeedee-F, L50, F|\n|poke|p2|Amoonguss, L50, M|\n|poke|p2|Calyrex-Ice, L50|\n|poke|p2|Pelipper, L50, M|\n|poke|p2|Urshifu-*, L50, M|\n|poke|p2|Torkoal, L50, M|\n|teampreview|4\nPhononmode has agreed to open team sheets.\n|inactive|Battle timer is ON: inactive players will automatically lose when time's up. (requested by Phononmode)\n|inactive|Phononmode has 60 seconds left.\n|inactive|luca8 has 60 seconds left.\n|\n|t:|1721148915\n|start\n|switch|p1a: Iron Bundle|Iron Bundle, L50|100\/100\n|switch|p1b: Calyrex|Calyrex-Ice, L50|100\/100\n|switch|p2a: Pelipper|Pelipper, L50, M|100\/100\n|switch|p2b: Urshifu|Urshifu-Rapid-Strike, L50, M|100\/100\n|-ability|p1b: Calyrex|As One\n|-ability|p1b: Calyrex|Unnerve\n|-weather|RainDance|[from] ability: Drizzle|[of] p2a: Pelipper\n|turn|1\n|\n|t:|1721148940\n|-terastallize|p2b: Urshifu|Water\n|move|p2b: Urshifu|Surging Strikes|p1b: Calyrex\n|-crit|p1b: Calyrex\n|-damage|p1b: Calyrex|73\/100\n|-crit|p1b: Calyrex\n|-damage|p1b: Calyrex|47\/100\n|-crit|p1b: Calyrex\n|-damage|p1b: Calyrex|20\/100\n|-hitcount|p1b: Calyrex|3\n|move|p1a: Iron Bundle|Freeze-Dry|p2b: Urshifu\n|-supereffective|p2b: Urshifu\n|-damage|p2b: Urshifu|0 fnt\n|faint|p2b: Urshifu\n|move|p2a: Pelipper|Hurricane|p1b: Calyrex\n|-damage|p1b: Calyrex|0 fnt\n|faint|p1b: Calyrex\n|\n|-weather|RainDance|[upkeep]\n|upkeep\n|\n|t:|1721148963\n|switch|p2b: Calyrex|Calyrex-Ice, L50|100\/100\n|switch|p1b: Raging Bolt|Raging Bolt, L50|100\/100\n|-ability|p2b: Calyrex|As One\n|-ability|p2b: Calyrex|Unnerve\n|-enditem|p1b: Raging Bolt|Booster Energy\n|-activate|p1b: Raging Bolt|ability: Protosynthesis|[fromitem]\n|-start|p1b: Raging Bolt|protosynthesisspa\n|turn|2\n|\n|t:|1721148984\n|move|p1a: Iron Bundle|Hydro Pump|p2b: Calyrex\n|-damage|p2b: Calyrex|48\/100\n|move|p1b: Raging Bolt|Thunderbolt|p2b: Calyrex\n|-damage|p2b: Calyrex|8\/100\n|move|p2a: Pelipper|Hurricane|p1a: Iron Bundle\n|-damage|p1a: Iron Bundle|0 fnt\n|faint|p1a: Iron Bundle\n|-end|p1a: Iron Bundle|Quark Drive|[silent]\n|move|p2b: Calyrex|Trick Room|p2b: Calyrex\n|-fieldstart|move: Trick Room|[of] p2b: Calyrex\n|\n|-weather|RainDance|[upkeep]\n|upkeep\n|\n|t:|1721148990\n|switch|p1a: Skeledirge|Skeledirge, L50, F|100\/100\n|turn|3\n|inactive|Phononmode has 30 seconds left.\n|inactive|luca8 has 30 seconds left.\n|\n|t:|1721149021\n|switch|p2a: Indeedee|Indeedee-F, L50, F|100\/100\n|-fieldstart|move: Psychic Terrain|[from] ability: Psychic Surge|[of] p2a: Indeedee\n|-terastallize|p1b: Raging Bolt|Electric\n|move|p2b: Calyrex|Glacial Lance|p1a: Skeledirge|[spread] p1a,p1b\n|-resisted|p1a: Skeledirge\n|-damage|p1a: Skeledirge|81\/100\n|-damage|p1b: Raging Bolt|50\/100\n|move|p1a: Skeledirge|Torch Song|p2a: Indeedee\n|-damage|p2a: Indeedee|89\/100\n|-boost|p1a: Skeledirge|spa|1\n|move|p1b: Raging Bolt|Thunderbolt|p2a: Indeedee\n|-damage|p2a: Indeedee|5\/100\n|\n|-weather|RainDance|[upkeep]\n|upkeep\n|turn|4\n|inactive|Phononmode has 30 seconds left.\n|inactive|luca8 has 30 seconds left.\n|\n|t:|1721149051\n|move|p2b: Calyrex|High Horsepower|p1b: Raging Bolt\n|-supereffective|p1b: Raging Bolt\n|-damage|p1b: Raging Bolt|0 fnt\n|faint|p1b: Raging Bolt\n|-end|p1b: Raging Bolt|Protosynthesis|[silent]\n|-ability|p2b: Calyrex|Chilling Neigh|boost\n|-boost|p2b: Calyrex|atk|1\n|move|p1a: Skeledirge|Slack Off|p1a: Skeledirge\n|-heal|p1a: Skeledirge|100\/100\n|move|p2a: Indeedee|Psychic|p1a: Skeledirge\n|-damage|p1a: Skeledirge|58\/100\n|-damage|p2a: Indeedee|0 fnt|[from] item: Life Orb\n|faint|p2a: Indeedee\n|\n|-weather|RainDance|[upkeep]\n|upkeep\n|\n|t:|1721149067\n|switch|p2a: Pelipper|Pelipper, L50, M|100\/100\n|turn|5\n|\n|t:|1721149073\n|move|p2b: Calyrex|High Horsepower|p1a: Skeledirge\n|-supereffective|p1a: Skeledirge\n|-damage|p1a: Skeledirge|0 fnt\n|faint|p1a: Skeledirge\n|\n|win|luca8\n|raw|Phononmode's rating: 1711 &rarr; <strong>1688<\/strong><br \/>(-23 for losing)\n|raw|luca8's rating: 1655 &rarr; <strong>1678<\/strong><br \/>(+23 for winning)\n|l|\u2606Phononmode\n|player|p1|\n|l|\u2606luca8\n|player|p2|\n","uploadtime":1721149251,"views":10,"formatid":"gen9vgc2024regg","rating":1678,"private":0,"password":null}