{"id":"gen9vgc2024regg-2162067815","format":"[Gen 9] VGC 2024 Reg G","players":["WobCob","overwatch69"],"log":"|j|\u2606WobCob\n|j|\u2606overwatch69\n|t:|1721155447\n|gametype|doubles\n|player|p1|WobCob|caitlin|1733\n|player|p2|overwatch69|101|1715\n|teamsize|p1|6\n|teamsize|p2|6\n|gen|9\n|tier|[Gen 9] VGC 2024 Reg G\n|rated|\n|rule|Species Clause: Limit one of each Pok\u00e9mon\n|rule|Item Clause: Limit one of each item\n|clearpoke\n|poke|p1|Landorus, L50, M|\n|poke|p1|Chien-Pao, L50|\n|poke|p1|Zamazenta-*, L50|\n|poke|p1|Raging Bolt, L50|\n|poke|p1|Incineroar, L50, F|\n|poke|p1|Amoonguss, L50, F|\n|poke|p2|Kyogre, L50|\n|poke|p2|Raichu, L50, F|\n|poke|p2|Tornadus, L50, M|\n|poke|p2|Tinkaton, L50, F|\n|poke|p2|Rillaboom, L50, M|\n|poke|p2|Chien-Pao, L50|\n|teampreview|4\n|inactive|Battle timer is ON: inactive players will automatically lose when time's up. (requested by WobCob)\n|j| chuanOVO\n|inactive|WobCob has 60 seconds left.\n|\n|t:|1721155486\n|start\n|switch|p1a: Chien-Pao|Chien-Pao, L50|100\/100\n|switch|p1b: Amoonguss|Amoonguss, L50, F, shiny|100\/100\n|switch|p2a: Kyogre|Kyogre, L50|100\/100\n|switch|p2b: Raichu|Raichu, L50, F|100\/100\n|-ability|p1a: Chien-Pao|Sword of Ruin\n|-weather|RainDance|[from] ability: Drizzle|[of] p2a: Kyogre\n|turn|1\n|\n|t:|1721155501\n|-terastallize|p2a: Kyogre|Water\n|move|p1a: Chien-Pao|Protect|p1a: Chien-Pao\n|-singleturn|p1a: Chien-Pao|Protect\n|move|p2b: Raichu|Thunder|p1b: Amoonguss\n|-resisted|p1b: Amoonguss\n|-damage|p1b: Amoonguss|81\/100\n|move|p2a: Kyogre|Water Spout|p1a: Chien-Pao|[spread] p1b\n|-activate|p1a: Chien-Pao|move: Protect\n|-resisted|p1b: Amoonguss\n|-damage|p1b: Amoonguss|0 fnt\n|faint|p1b: Amoonguss\n|\n|-weather|RainDance|[upkeep]\n|upkeep\n|\n|t:|1721155513\n|switch|p1b: Zamazenta|Zamazenta-Crowned, L50|100\/100\n|-ability|p1b: Zamazenta|Dauntless Shield|boost\n|-boost|p1b: Zamazenta|def|1\n|turn|2\n|\n|t:|1721155524\n|switch|p2a: Rillaboom|Rillaboom, L50, M|100\/100\n|-fieldstart|move: Grassy Terrain|[from] ability: Grassy Surge|[of] p2a: Rillaboom\n|move|p1b: Zamazenta|Protect|p1b: Zamazenta\n|-singleturn|p1b: Zamazenta|Protect\n|move|p1a: Chien-Pao|Sucker Punch||[still]\n|-fail|p1a: Chien-Pao\n|move|p2b: Raichu|Nuzzle|p1a: Chien-Pao\n|-damage|p1a: Chien-Pao|92\/100\n|-status|p1a: Chien-Pao|par\n|\n|-weather|RainDance|[upkeep]\n|-heal|p1a: Chien-Pao|98\/100 par|[from] Grassy Terrain\n|upkeep\n|turn|3\n|\n|t:|1721155545\n|-terastallize|p1b: Zamazenta|Dragon\n|move|p2b: Raichu|Nuzzle|p1b: Zamazenta\n|-resisted|p1b: Zamazenta\n|-damage|p1b: Zamazenta|99\/100\n|-status|p1b: Zamazenta|par\n|move|p2a: Rillaboom|Wood Hammer|p1a: Chien-Pao\n|-damage|p1a: Chien-Pao|0 fnt\n|faint|p1a: Chien-Pao\n|-damage|p2a: Rillaboom|76\/100|[from] Recoil\n|move|p1b: Zamazenta|Body Press|p2b: Raichu\n|-enditem|p2b: Raichu|Focus Sash\n|-damage|p2b: Raichu|1\/100\n|\n|-weather|RainDance|[upkeep]\n|-heal|p2b: Raichu|7\/100|[from] Grassy Terrain\n|-heal|p2a: Rillaboom|82\/100|[from] Grassy Terrain\n|-heal|p1b: Zamazenta|100\/100 par|[from] Grassy Terrain\n|upkeep\n|\n|t:|1721155561\n|switch|p1a: Raging Bolt|Raging Bolt, L50|100\/100\n|turn|4\n|\n|t:|1721155576\n|move|p2b: Raichu|Thunder|p1b: Zamazenta\n|-resisted|p1b: Zamazenta\n|-damage|p1b: Zamazenta|85\/100 par\n|move|p2a: Rillaboom|U-turn|p1a: Raging Bolt\n|-damage|p1a: Raging Bolt|81\/100\n|\n|t:|1721155582\n|switch|p2a: Chien-Pao|Chien-Pao, L50|100\/100|[from] U-turn\n|-ability|p2a: Chien-Pao|Sword of Ruin\n|move|p1a: Raging Bolt|Draco Meteor|p2b: Raichu\n|-damage|p2b: Raichu|0 fnt\n|-unboost|p1a: Raging Bolt|spa|2\n|faint|p2b: Raichu\n|move|p1b: Zamazenta|Body Press|p2a: Chien-Pao\n|-supereffective|p2a: Chien-Pao\n|-damage|p2a: Chien-Pao|0 fnt\n|faint|p2a: Chien-Pao\n|\n|-weather|RainDance|[upkeep]\n|-heal|p1a: Raging Bolt|87\/100|[from] Grassy Terrain\n|-heal|p1b: Zamazenta|91\/100 par|[from] Grassy Terrain\n|upkeep\n|\n|t:|1721155584\n|switch|p2a: Kyogre|Kyogre, L50, tera:Water|100\/100\n|switch|p2b: Rillaboom|Rillaboom, L50, M|82\/100\n|turn|5\n|\n|t:|1721155603\n|move|p2b: Rillaboom|Fake Out|p1b: Zamazenta\n|-damage|p1b: Zamazenta|86\/100 par\n|cant|p1b: Zamazenta|flinch\n|move|p1a: Raging Bolt|Thunderclap|p2a: Kyogre\n|-supereffective|p2a: Kyogre\n|-damage|p2a: Kyogre|70\/100\n|move|p2a: Kyogre|Water Spout|p1b: Zamazenta|[spread] p1a,p1b\n|-resisted|p1a: Raging Bolt\n|-resisted|p1b: Zamazenta\n|-damage|p1a: Raging Bolt|47\/100\n|-damage|p1b: Zamazenta|40\/100 par\n|\n|-weather|none\n|-heal|p2a: Kyogre|76\/100|[from] Grassy Terrain\n|-heal|p2b: Rillaboom|88\/100|[from] Grassy Terrain\n|-heal|p1a: Raging Bolt|53\/100|[from] Grassy Terrain\n|-heal|p1b: Zamazenta|46\/100 par|[from] Grassy Terrain\n|upkeep\n|turn|6\n|\n|t:|1721155622\n|cant|p1b: Zamazenta|par\n|move|p2a: Kyogre|Water Spout|p1a: Raging Bolt|[spread] p1a,p1b\n|-resisted|p1a: Raging Bolt\n|-resisted|p1b: Zamazenta\n|-damage|p1a: Raging Bolt|23\/100\n|-damage|p1b: Zamazenta|9\/100 par\n|move|p2b: Rillaboom|Wood Hammer|p1b: Zamazenta\n|-resisted|p1b: Zamazenta\n|-damage|p1b: Zamazenta|0 fnt\n|faint|p1b: Zamazenta\n|-damage|p2b: Rillaboom|86\/100|[from] Recoil\n|move|p1a: Raging Bolt|Volt Switch|p2a: Kyogre\n|-supereffective|p2a: Kyogre\n|-damage|p2a: Kyogre|44\/100\n|\n|-heal|p2a: Kyogre|50\/100|[from] Grassy Terrain\n|-heal|p2b: Rillaboom|91\/100|[from] Grassy Terrain\n|-heal|p1a: Raging Bolt|29\/100|[from] Grassy Terrain\n|-fieldend|move: Grassy Terrain\n|upkeep\n|turn|7\n|-message|WobCob forfeited.\n|\n|win|overwatch69\n|raw|WobCob's rating: 1733 &rarr; <strong>1712<\/strong><br \/>(-21 for losing)\n|raw|overwatch69's rating: 1715 &rarr; <strong>1736<\/strong><br \/>(+21 for winning)\n|l|\u2606WobCob\n|player|p1|\n|l|\u2606overwatch69\n|player|p2|\n","uploadtime":1721155902,"views":42,"formatid":"gen9vgc2024regg","rating":1712,"private":0,"password":null}