{"id":"gen9vgc2024regg-2162751465","format":"[Gen 9] VGC 2024 Reg G","players":["Phononmode","imaborat"],"log":"|j|\u2606Phononmode\n|j|\u2606imaborat\n|t:|1721250007\n|gametype|doubles\n|player|p1|Phononmode|170|1780\n|player|p2|imaborat|1|1668\n|teamsize|p1|6\n|teamsize|p2|6\n|gen|9\n|tier|[Gen 9] VGC 2024 Reg G\n|rated|\n|rule|Species Clause: Limit one of each Pok\u00e9mon\n|rule|Item Clause: Limit one of each item\n|clearpoke\n|poke|p1|Terapagos, L50, M|\n|poke|p1|Incineroar, L50, M|\n|poke|p1|Chi-Yu, L50|\n|poke|p1|Dondozo, L50, F|\n|poke|p1|Tatsugiri, L50, F|\n|poke|p1|Rillaboom, L50, F|\n|poke|p2|Grafaiai, L50, M|\n|poke|p2|Indeedee, L50, M|\n|poke|p2|Calyrex-Shadow, L50|\n|poke|p2|Urshifu-*, L50, F|\n|poke|p2|Volcarona, L50, F|\n|poke|p2|Whimsicott, L50, F|\n|teampreview|4\n|inactive|Battle timer is ON: inactive players will automatically lose when time's up. (requested by imaborat)\n|inactive|imaborat has 60 seconds left.\n|\n|t:|1721250043\n|start\n|switch|p1a: Chi-Yu|Chi-Yu, L50|100\/100\n|switch|p1b: Terapagos|Terapagos, L50, M|100\/100\n|switch|p2a: Grafaiai|Grafaiai, L50, M|100\/100\n|switch|p2b: Indeedee|Indeedee, L50, M|100\/100\n|-activate|p1b: Terapagos|ability: Tera Shift\n|detailschange|p1b: Terapagos|Terapagos-Terastal, L50, M\n|-heal|p1b: Terapagos|100\/100|[silent]\n|-fieldstart|move: Psychic Terrain|[from] ability: Psychic Surge|[of] p2b: Indeedee\n|-enditem|p2a: Grafaiai|Psychic Seed\n|-boost|p2a: Grafaiai|spd|1|[from] item: Psychic Seed\n|-ability|p1a: Chi-Yu|Beads of Ruin\n|turn|1\n|inactive|imaborat has 30 seconds left.\n|\n|t:|1721250072\n|move|p2a: Grafaiai|Acid Spray|p1b: Terapagos\n|-activate|p1b: Terapagos|ability: Tera Shell\n|-resisted|p1b: Terapagos\n|-damage|p1b: Terapagos|93\/100\n|-unboost|p1b: Terapagos|spd|2\n|move|p2b: Indeedee|Expanding Force|p1b: Terapagos|[spread] p1b\n|-immune|p1a: Chi-Yu\n|-damage|p1b: Terapagos|0 fnt\n|faint|p1b: Terapagos\n|move|p1a: Chi-Yu|Snarl|p2a: Grafaiai|[spread] p2b\n|-miss|p1a: Chi-Yu|p2a: Grafaiai\n|-supereffective|p2b: Indeedee\n|-damage|p2b: Indeedee|15\/100\n|-unboost|p2b: Indeedee|spa|1\n|\n|upkeep\n|\n|t:|1721250081\n|switch|p1b: Dondozo|Dondozo, L50, F|100\/100\n|turn|2\n|\n|t:|1721250106\n|switch|p2b: Volcarona|Volcarona, L50, F|100\/100\n|move|p1b: Dondozo|Protect|p1b: Dondozo\n|-singleturn|p1b: Dondozo|Protect\n|move|p2a: Grafaiai|Acid Spray|p1b: Dondozo\n|-activate|p1b: Dondozo|move: Protect\n|move|p1a: Chi-Yu|Snarl|p2b: Volcarona|[spread] p2a,p2b\n|-damage|p2a: Grafaiai|73\/100\n|-damage|p2b: Volcarona|74\/100\n|-unboost|p2a: Grafaiai|spa|1\n|-unboost|p2b: Volcarona|spa|1\n|\n|upkeep\n|turn|3\n|inactive|Phononmode has 30 seconds left.\n|inactive|Phononmode has 20 seconds left.\n|inactive|Phononmode has 15 seconds left.\n|\n|t:|1721250149\n|-terastallize|p2b: Volcarona|Water\n|move|p2a: Grafaiai|Acid Spray|p1b: Dondozo\n|-damage|p1b: Dondozo|85\/100\n|-unboost|p1b: Dondozo|spd|2\n|move|p1a: Chi-Yu|Snarl|p2a: Grafaiai|[spread] p2a\n|-miss|p1a: Chi-Yu|p2b: Volcarona\n|-damage|p2a: Grafaiai|45\/100\n|-unboost|p2a: Grafaiai|spa|1\n|move|p2b: Volcarona|Quiver Dance|p2b: Volcarona\n|-boost|p2b: Volcarona|spa|1\n|-boost|p2b: Volcarona|spd|1\n|-boost|p2b: Volcarona|spe|1\n|move|p1b: Dondozo|Wave Crash|p2a: Grafaiai\n|-damage|p2a: Grafaiai|0 fnt\n|faint|p2a: Grafaiai\n|-damage|p1b: Dondozo|74\/100|[from] Recoil\n|\n|-heal|p1b: Dondozo|81\/100|[from] item: Leftovers\n|upkeep\n|\n|t:|1721250167\n|switch|p2a: Indeedee|Indeedee, L50, M|15\/100\n|turn|4\n|\n|t:|1721250189\n|switch|p1b: Tatsugiri|Tatsugiri, L50, F|100\/100\n|move|p2a: Indeedee|Hyper Voice|p1a: Chi-Yu|[spread] p1a,p1b\n|-damage|p1a: Chi-Yu|62\/100\n|-damage|p1b: Tatsugiri|48\/100\n|move|p1a: Chi-Yu|Snarl|p2b: Volcarona|[spread] p2a,p2b\n|-supereffective|p2a: Indeedee\n|-damage|p2a: Indeedee|0 fnt\n|-damage|p2b: Volcarona|55\/100\n|-unboost|p2b: Volcarona|spa|1\n|faint|p2a: Indeedee\n|move|p2b: Volcarona|Quiver Dance|p2b: Volcarona\n|-boost|p2b: Volcarona|spa|1\n|-boost|p2b: Volcarona|spd|1\n|-boost|p2b: Volcarona|spe|1\n|\n|upkeep\n|\n|t:|1721250202\n|switch|p2a: Calyrex|Calyrex-Shadow, L50|100\/100\n|-ability|p2a: Calyrex|As One\n|-ability|p2a: Calyrex|Unnerve\n|turn|5\n|\n|t:|1721250215\n|switch|p1a: Dondozo|Dondozo, L50, F|81\/100\n|-activate|p1b: Tatsugiri|ability: Commander|[of] p1a: Dondozo\n|-boost|p1a: Dondozo|atk|2\n|-boost|p1a: Dondozo|spa|2\n|-boost|p1a: Dondozo|spe|2\n|-boost|p1a: Dondozo|def|2\n|-boost|p1a: Dondozo|spd|2\n|move|p2b: Volcarona|Giga Drain|p1a: Dondozo\n|-supereffective|p1a: Dondozo\n|-damage|p1a: Dondozo|58\/100\n|-heal|p2b: Volcarona|68\/100|[from] drain|[of] p1a: Dondozo\n|move|p2a: Calyrex|Tera Blast|p1a: Dondozo\n|-damage|p1a: Dondozo|38\/100\n|-damage|p2a: Calyrex|91\/100|[from] item: Life Orb\n|\n|-heal|p1a: Dondozo|44\/100|[from] item: Leftovers\n|-fieldend|move: Psychic Terrain\n|upkeep\n|turn|6\n|\n|t:|1721250232\n|move|p2a: Calyrex|Protect|p2a: Calyrex\n|-singleturn|p2a: Calyrex|Protect\n|move|p1a: Dondozo|Protect|p1a: Dondozo\n|-singleturn|p1a: Dondozo|Protect\n|move|p2b: Volcarona|Quiver Dance|p2b: Volcarona\n|-boost|p2b: Volcarona|spa|1\n|-boost|p2b: Volcarona|spd|1\n|-boost|p2b: Volcarona|spe|1\n|\n|-heal|p1a: Dondozo|50\/100|[from] item: Leftovers\n|upkeep\n|turn|7\n|\n|t:|1721250243\n|move|p2b: Volcarona|Giga Drain|p1a: Dondozo\n|-supereffective|p1a: Dondozo\n|-damage|p1a: Dondozo|26\/100\n|-heal|p2b: Volcarona|82\/100|[from] drain|[of] p1a: Dondozo\n|move|p2a: Calyrex|Astral Barrage|p1b: Tatsugiri|[spread] p1a\n|-miss|p2a: Calyrex|p1b: Tatsugiri\n|-damage|p1a: Dondozo|0 fnt\n|faint|p1a: Dondozo\n|-ability|p2a: Calyrex|Grim Neigh|boost\n|-boost|p2a: Calyrex|spa|1\n|-damage|p2a: Calyrex|81\/100|[from] item: Life Orb\n|\n|upkeep\n|\n|t:|1721250251\n|switch|p1a: Chi-Yu|Chi-Yu, L50|62\/100\n|-ability|p1a: Chi-Yu|Beads of Ruin\n|turn|8\n|\n|t:|1721250259\n|move|p2a: Calyrex|Protect|p2a: Calyrex\n|-singleturn|p2a: Calyrex|Protect\n|move|p2b: Volcarona|Giga Drain|p1b: Tatsugiri\n|-damage|p1b: Tatsugiri|0 fnt\n|-heal|p2b: Volcarona|99\/100|[from] drain|[of] p1b: Tatsugiri\n|faint|p1b: Tatsugiri\n|move|p1a: Chi-Yu|Snarl|p2a: Calyrex|[spread] p2b\n|-activate|p2a: Calyrex|move: Protect\n|-damage|p2b: Volcarona|87\/100\n|-unboost|p2b: Volcarona|spa|1\n|\n|upkeep\n|turn|9\n|-message|Phononmode forfeited.\n|\n|win|imaborat\n|raw|Phononmode's rating: 1780 &rarr; <strong>1754<\/strong><br \/>(-26 for losing)\n|raw|imaborat's rating: 1668 &rarr; <strong>1694<\/strong><br \/>(+26 for winning)\n|l|\u2606Phononmode\n|player|p1|\n|l|\u2606imaborat\n|player|p2|\n","uploadtime":1721250464,"views":9,"formatid":"gen9vgc2024regg","rating":1694,"private":0,"password":null}