{"id":"gen9vgc2024regg-2162273006","format":"[Gen 9] VGC 2024 Reg G","players":["Dathluke","Paradox Mourinho"],"log":"|j|\u2606Dathluke\n|j|\u203dParadox Mourinho\n|t:|1721180920\n|gametype|doubles\n|player|p1|Dathluke|larry|1768\n|player|p2|Paradox Mourinho|lance|1851\n|teamsize|p1|6\n|teamsize|p2|6\n|gen|9\n|tier|[Gen 9] VGC 2024 Reg G\n|rated|\n|rule|Species Clause: Limit one of each Pok\u00e9mon\n|rule|Item Clause: Limit one of each item\n|clearpoke\n|poke|p1|Zamazenta-*, L50|\n|poke|p1|Ting-Lu, L50|\n|poke|p1|Urshifu-*, L50, F|\n|poke|p1|Entei, L50|\n|poke|p1|Rillaboom, L50, F|\n|poke|p1|Raging Bolt, L50|\n|poke|p2|Calyrex-Shadow, L50|\n|poke|p2|Maushold, L50|\n|poke|p2|Tatsugiri, L50, M|\n|poke|p2|Dondozo, L50, M|\n|poke|p2|Mienshao, L50, F|\n|poke|p2|Weezing-Galar, L50, F|\n|teampreview|4\nDathluke has agreed to open team sheets.\n|inactive|Battle timer is ON: inactive players will automatically lose when time's up. (requested by Dathluke)\n|j| App1e_Crab_VGC\n|inactive|Paradox Mourinho has 60 seconds left.\n|\n|t:|1721180957\n|start\n|switch|p1a: Urshifu|Urshifu-Rapid-Strike, L50, F|100\/100\n|switch|p1b: Zamazenta|Zamazenta-Crowned, L50|100\/100\n|switch|p2a: Calyrex|Calyrex-Shadow, L50|100\/100\n|switch|p2b: Weezing|Weezing-Galar, L50, F|100\/100\n|-ability|p2a: Calyrex|As One\n|-ability|p2a: Calyrex|Unnerve\n|-ability|p2b: Weezing|Neutralizing Gas\n|turn|1\n|inactive|Paradox Mourinho has 30 seconds left.\n|\n|t:|1721180983\n|move|p1a: Urshifu|Coaching|p1b: Zamazenta\n|-boost|p1b: Zamazenta|atk|1\n|-boost|p1b: Zamazenta|def|1\n|move|p2a: Calyrex|Astral Barrage|p1b: Zamazenta|[spread] p1a,p1b\n|-damage|p1a: Urshifu|0 fnt\n|-damage|p1b: Zamazenta|49\/100\n|faint|p1a: Urshifu\n|-ability|p2a: Calyrex|Grim Neigh|boost\n|-boost|p2a: Calyrex|spa|1\n|move|p1b: Zamazenta|Heavy Slam|p2a: Calyrex\n|-damage|p2a: Calyrex|25\/100\n|move|p2b: Weezing|Strange Steam|p1b: Zamazenta\n|-damage|p1b: Zamazenta|32\/100\n|\n|upkeep\n|\n|t:|1721180997\n|switch|p1a: Raging Bolt|Raging Bolt, L50|100\/100\n|turn|2\n|\n|t:|1721181018\n|switch|p2a: Tatsugiri|Tatsugiri, L50, M|100\/100\n|-end|p2b: Weezing|ability: Neutralizing Gas\n|-ability|p1b: Zamazenta|Dauntless Shield|boost\n|-boost|p1b: Zamazenta|def|1\n|switch|p2b: Dondozo|Dondozo, L50, M|100\/100\n|-activate|p2a: Tatsugiri|ability: Commander|[of] p2b: Dondozo\n|-boost|p2b: Dondozo|atk|2\n|-boost|p2b: Dondozo|spa|2\n|-boost|p2b: Dondozo|spe|2\n|-boost|p2b: Dondozo|def|2\n|-boost|p2b: Dondozo|spd|2\n|-enditem|p1a: Raging Bolt|Booster Energy\n|-activate|p1a: Raging Bolt|ability: Protosynthesis|[fromitem]\n|-start|p1a: Raging Bolt|protosynthesisspa\n|move|p1a: Raging Bolt|Thunderclap||[still]\n|-fail|p1a: Raging Bolt\n|move|p1b: Zamazenta|Heavy Slam|p2b: Dondozo\n|-resisted|p2b: Dondozo\n|-damage|p2b: Dondozo|95\/100\n|\n|-heal|p2b: Dondozo|100\/100|[from] item: Leftovers\n|upkeep\n|turn|3\n|\n|t:|1721181030\n|-terastallize|p2b: Dondozo|Dragon\n|move|p1b: Zamazenta|Protect|p1b: Zamazenta\n|-singleturn|p1b: Zamazenta|Protect\n|move|p1a: Raging Bolt|Protect|p1a: Raging Bolt\n|-singleturn|p1a: Raging Bolt|Protect\n|move|p2b: Dondozo|Order Up|p1a: Raging Bolt\n|-activate|p1a: Raging Bolt|move: Protect\n|\n|upkeep\n|turn|4\n|\n|t:|1721181041\n|-terastallize|p1a: Raging Bolt|Electric\n|move|p1b: Zamazenta|Body Press|p2b: Dondozo\n|-damage|p2b: Dondozo|85\/100\n|move|p2b: Dondozo|Substitute|p2b: Dondozo\n|-start|p2b: Dondozo|Substitute\n|-damage|p2b: Dondozo|60\/100\n|move|p1a: Raging Bolt|Draco Meteor|p2b: Dondozo\n|-supereffective|p2b: Dondozo\n|-end|p2b: Dondozo|Substitute\n|-unboost|p1a: Raging Bolt|spa|2\n|\n|-heal|p2b: Dondozo|66\/100|[from] item: Leftovers\n|upkeep\n|turn|5\n|\n|t:|1721181054\n|move|p1b: Zamazenta|Body Press|p2b: Dondozo\n|-damage|p2b: Dondozo|50\/100\n|move|p2b: Dondozo|Order Up|p1a: Raging Bolt\n|-damage|p1a: Raging Bolt|40\/100\n|-boost|p2b: Dondozo|atk|1\n|move|p1a: Raging Bolt|Draco Meteor|p2b: Dondozo\n|-supereffective|p2b: Dondozo\n|-damage|p2b: Dondozo|0 fnt\n|-unboost|p1a: Raging Bolt|spa|2\n|faint|p2b: Dondozo\n|\n|upkeep\n|\n|t:|1721181064\n|switch|p2b: Calyrex|Calyrex-Shadow, L50|25\/100\n|-ability|p2b: Calyrex|As One\n|-ability|p2b: Calyrex|Unnerve\n|turn|6\n|inactive|Paradox Mourinho has 30 seconds left.\n|inactive|Paradox Mourinho has 20 seconds left.\n|inactive|Paradox Mourinho has 15 seconds left.\n|\n|t:|1721181104\n|move|p1a: Raging Bolt|Thunderclap|p2b: Calyrex\n|-damage|p2b: Calyrex|3\/100\n|move|p2b: Calyrex|Astral Barrage|p1a: Raging Bolt|[spread] p1a,p1b\n|-damage|p1a: Raging Bolt|0 fnt\n|-damage|p1b: Zamazenta|0 fnt\n|faint|p1a: Raging Bolt\n|-end|p1a: Raging Bolt|Protosynthesis|[silent]\n|faint|p1b: Zamazenta\n|-ability|p2b: Calyrex|Grim Neigh|boost\n|-boost|p2b: Calyrex|spa|2\n|move|p2a: Tatsugiri|Muddy Water|p1: Raging Bolt|[notarget]\n|-fail|p2a: Tatsugiri\n|\n|upkeep\n|\n|t:|1721181109\n|switch|p1b: Ting-Lu|Ting-Lu, L50|100\/100\n|-ability|p1b: Ting-Lu|Vessel of Ruin\n|turn|7\n|\n|t:|1721181118\n|move|p2b: Calyrex|Astral Barrage|p1b: Ting-Lu\n|-resisted|p1b: Ting-Lu\n|-damage|p1b: Ting-Lu|65\/100\n|move|p2a: Tatsugiri|Muddy Water|p1b: Ting-Lu\n|-supereffective|p1b: Ting-Lu\n|-damage|p1b: Ting-Lu|34\/100\n|move|p1b: Ting-Lu|Throat Chop|p2b: Calyrex\n|-supereffective|p2b: Calyrex\n|-damage|p2b: Calyrex|0 fnt\n|faint|p2b: Calyrex\n|\n|upkeep\n|\n|t:|1721181126\n|switch|p2b: Weezing|Weezing-Galar, L50, F|100\/100\n|-ability|p2b: Weezing|Neutralizing Gas\n|turn|8\n|\n|t:|1721181131\n|move|p2a: Tatsugiri|Dragon Pulse|p1b: Ting-Lu\n|-damage|p1b: Ting-Lu|16\/100\n|move|p2b: Weezing|Strange Steam|p1b: Ting-Lu\n|-supereffective|p1b: Ting-Lu\n|-damage|p1b: Ting-Lu|0 fnt\n|faint|p1b: Ting-Lu\n|\n|win|Paradox Mourinho\n|raw|Dathluke's rating: 1768 &rarr; <strong>1753<\/strong><br \/>(-15 for losing)\n|raw|Paradox Mourinho's rating: 1851 &rarr; <strong>1866<\/strong><br \/>(+15 for winning)\n|l|\u2606Dathluke\n|player|p1|\n","uploadtime":1721181140,"views":59,"formatid":"gen9vgc2024regg","rating":1753,"private":0,"password":null}