{"id":"gen9vgc2024regg-2162822827","format":"[Gen 9] VGC 2024 Reg G","players":["loungerv","Real Kamala Harris"],"log":"|j|\u2606loungerv\n|j|\u2606Real Kamala Harris\n|t:|1721259085\n|gametype|doubles\n|player|p1|loungerv|harlequin|1874\n|player|p2|Real Kamala Harris|grimsley-masters|1720\n|teamsize|p1|6\n|teamsize|p2|6\n|gen|9\n|tier|[Gen 9] VGC 2024 Reg G\n|rated|\n|rule|Species Clause: Limit one of each Pok\u00e9mon\n|rule|Item Clause: Limit one of each item\n|clearpoke\n|poke|p1|Terapagos, L50, M|\n|poke|p1|Munkidori, L50, M|\n|poke|p1|Incineroar, L50, F|\n|poke|p1|Sinistcha, L50|\n|poke|p1|Basculegion, L50, M|\n|poke|p1|Flamigo, L50, F|\n|poke|p2|Tornadus, L50, M|\n|poke|p2|Chi-Yu, L50|\n|poke|p2|Calyrex-Shadow, L50|\n|poke|p2|Indeedee-F, L50, F|\n|poke|p2|Flutter Mane, L50|\n|poke|p2|Urshifu-*, L50, M|\n|teampreview|4\n|inactive|Battle timer is ON: inactive players will automatically lose when time's up. (requested by Real Kamala Harris)\n|j| BlastMasterSan\n|j| EV4Ever\n|inactive|Real Kamala Harris has 60 seconds left.\n|\n|t:|1721259123\n|start\n|switch|p1a: Terapagos|Terapagos, L50, M|100\/100\n|switch|p1b: Flamigo|Flamigo, L50, F|100\/100\n|switch|p2a: Tornadus|Tornadus, L50, M|100\/100\n|switch|p2b: Chi-Yu|Chi-Yu, L50|100\/100\n|-activate|p1a: Terapagos|ability: Tera Shift\n|detailschange|p1a: Terapagos|Terapagos-Terastal, L50, M\n|-heal|p1a: Terapagos|100\/100|[silent]\n|-ability|p2b: Chi-Yu|Beads of Ruin\n|turn|1\n|\n|t:|1721259138\n|move|p2a: Tornadus|Tailwind|p2a: Tornadus\n|-sidestart|p2: Real Kamala Harris|move: Tailwind\n|move|p2b: Chi-Yu|Dark Pulse|p1a: Terapagos\n|-activate|p1a: Terapagos|ability: Tera Shell\n|-resisted|p1a: Terapagos\n|-damage|p1a: Terapagos|62\/100\n|move|p1b: Flamigo|Tailwind|p1b: Flamigo\n|-sidestart|p1: loungerv|move: Tailwind\n|cant|p1a: Terapagos|flinch\n|\n|upkeep\n|turn|2\n|\n|t:|1721259158\n|move|p1b: Flamigo|Close Combat|p2b: Chi-Yu\n|-supereffective|p2b: Chi-Yu\n|-damage|p2b: Chi-Yu|0 fnt\n|-unboost|p1b: Flamigo|def|1\n|-unboost|p1b: Flamigo|spd|1\n|faint|p2b: Chi-Yu\n|move|p2a: Tornadus|Bleakwind Storm|p1b: Flamigo|[spread] p1a,p1b\n|-supereffective|p1b: Flamigo\n|-damage|p1a: Terapagos|33\/100\n|-enditem|p1b: Flamigo|Focus Sash\n|-damage|p1b: Flamigo|1\/100\n|move|p1a: Terapagos|Tera Starstorm|p2a: Tornadus\n|-crit|p2a: Tornadus\n|-damage|p2a: Tornadus|0 fnt\n|faint|p2a: Tornadus\n|\n|upkeep\n|\n|t:|1721259170\n|switch|p2b: Calyrex|Calyrex-Shadow, L50|100\/100\n|switch|p2a: Flutter Mane|Flutter Mane, L50|100\/100\n|-ability|p2b: Calyrex|As One\n|-ability|p2b: Calyrex|Unnerve\n|-enditem|p2a: Flutter Mane|Booster Energy\n|-activate|p2a: Flutter Mane|ability: Protosynthesis|[fromitem]\n|-start|p2a: Flutter Mane|protosynthesisspe\n|turn|3\n|\n|t:|1721259181\n|switch|p1b: Sinistcha|Sinistcha, L50|100\/100\n|-heal|p1a: Terapagos|58\/100|[from] ability: Hospitality|[of] p1b: Sinistcha\n|-terastallize|p2b: Calyrex|Fighting\n|-terastallize|p1a: Terapagos|Stellar\n|detailschange|p1a: Terapagos|Terapagos-Stellar, L50, M, tera:Stellar\n|-heal|p1a: Terapagos|68\/100|[silent]\n|move|p2a: Flutter Mane|Icy Wind|p1a: Terapagos|[spread] p1b\n|-miss|p2a: Flutter Mane|p1a: Terapagos\n|-supereffective|p1b: Sinistcha\n|-damage|p1b: Sinistcha|76\/100\n|-unboost|p1b: Sinistcha|spe|1\n|move|p2b: Calyrex|Tera Blast|p1a: Terapagos|[anim] Tera Blast Fighting\n|-supereffective|p1a: Terapagos\n|-damage|p1a: Terapagos|2\/100\n|move|p1a: Terapagos|Tera Starstorm|p2b: Calyrex|[spread] p2a,p2b\n|-supereffective|p2b: Calyrex\n|-damage|p2a: Flutter Mane|41\/100\n|-enditem|p2b: Calyrex|Focus Sash\n|-damage|p2b: Calyrex|1\/100\n|\n|upkeep\n|turn|4\n|inactive|loungerv has 30 seconds left.\n|\n|t:|1721259211\n|move|p2a: Flutter Mane|Icy Wind|p1b: Sinistcha|[spread] p1a,p1b\n|-supereffective|p1b: Sinistcha\n|-damage|p1a: Terapagos|0 fnt\n|-damage|p1b: Sinistcha|49\/100\n|-unboost|p1b: Sinistcha|spe|1\n|faint|p1a: Terapagos\n|move|p2b: Calyrex|Astral Barrage|p1b: Sinistcha\n|-supereffective|p1b: Sinistcha\n|-damage|p1b: Sinistcha|0 fnt\n|faint|p1b: Sinistcha\n|-ability|p2b: Calyrex|Grim Neigh|boost\n|-boost|p2b: Calyrex|spa|1\n|\n|-sideend|p1: loungerv|move: Tailwind\n|-sideend|p2: Real Kamala Harris|move: Tailwind\n|upkeep\n|j| EEE_Palmarim\n|\n|t:|1721259213\n|switch|p1a: Basculegion|Basculegion, L50, M|100\/100\n|switch|p1b: Flamigo|Flamigo, L50, F|1\/100\n|turn|5\n|\n|t:|1721259229\n|move|p2b: Calyrex|Protect|p2b: Calyrex\n|-singleturn|p2b: Calyrex|Protect\n|move|p1b: Flamigo|Feint|p2b: Calyrex\n|-activate|p2b: Calyrex|move: Feint\n|-damage|p2b: Calyrex|0 fnt\n|faint|p2b: Calyrex\n|move|p2a: Flutter Mane|Moonblast|p1b: Flamigo\n|-supereffective|p1b: Flamigo\n|-damage|p1b: Flamigo|0 fnt\n|faint|p1b: Flamigo\n|move|p1a: Basculegion|Last Respects|p2a: Flutter Mane\n|-supereffective|p2a: Flutter Mane\n|-damage|p2a: Flutter Mane|0 fnt\n|faint|p2a: Flutter Mane\n|-end|p2a: Flutter Mane|Protosynthesis|[silent]\n|\n|win|loungerv\n|raw|loungerv's rating: 1874 &rarr; <strong>1886<\/strong><br \/>(+12 for winning)\n|raw|Real Kamala Harris's rating: 1720 &rarr; <strong>1708<\/strong><br \/>(-12 for losing)\n|l| EV4Ever\n|c|\u2606Real Kamala Harris|icy wind flop\n|l|\u2606Real Kamala Harris\n|player|p2|\n","uploadtime":1721259327,"views":39,"formatid":"gen9vgc2024regg","rating":1708,"private":0,"password":null}