{"id":"gen9vgc2024regg-2162041082","format":"[Gen 9] VGC 2024 Reg G","players":["short man swag","Krisuerte"],"log":"|j|\u2606short man swag\n|j|\u2606Krisuerte\n|t:|1721152437\n|gametype|doubles\n|player|p1|short man swag|101|1731\n|player|p2|Krisuerte|169|1810\n|teamsize|p1|6\n|teamsize|p2|6\n|gen|9\n|tier|[Gen 9] VGC 2024 Reg G\n|rated|\n|rule|Species Clause: Limit one of each Pok\u00e9mon\n|rule|Item Clause: Limit one of each item\n|clearpoke\n|poke|p1|Lunala, L50|\n|poke|p1|Indeedee-F, L50, F|\n|poke|p1|Tornadus, L50, M|\n|poke|p1|Urshifu-*, L50, F|\n|poke|p1|Ursaluna, L50, M|\n|poke|p1|Ogerpon, L50, F|\n|poke|p2|Sinistcha-Masterpiece, L50|\n|poke|p2|Kyogre, L50|\n|poke|p2|Tornadus, L50, M|\n|poke|p2|Urshifu-*, L50, M|\n|poke|p2|Archaludon, L50, F|\n|poke|p2|Landorus, L50, M|\n|teampreview|4\n|j| PedoneArmato\n|inactive|Battle timer is ON: inactive players will automatically lose when time's up. (requested by Krisuerte)\n|\n|t:|1721152471\n|start\n|switch|p1a: Tornadus|Tornadus, L50, M|100\/100\n|switch|p1b: Urshifu|Urshifu-Rapid-Strike, L50, F|100\/100\n|switch|p2a: Kyogre|Kyogre, L50|100\/100\n|switch|p2b: Tornadus|Tornadus, L50, M|100\/100\n|-weather|RainDance|[from] ability: Drizzle|[of] p2a: Kyogre\n|turn|1\n|j| bluestraggler03\n|j| Fairynanbawan\n|inactive|Krisuerte has 30 seconds left.\n|\n|t:|1721152505\n|-terastallize|p1b: Urshifu|Water\n|move|p1a: Tornadus|Tailwind|p1a: Tornadus\n|-sidestart|p1: short man swag|move: Tailwind\n|move|p2b: Tornadus|Tailwind|p2b: Tornadus\n|-sidestart|p2: Krisuerte|move: Tailwind\n|move|p1b: Urshifu|Surging Strikes|p2a: Kyogre\n|-resisted|p2a: Kyogre\n|-crit|p2a: Kyogre\n|-damage|p2a: Kyogre|73\/100\n|-resisted|p2a: Kyogre\n|-crit|p2a: Kyogre\n|-damage|p2a: Kyogre|41\/100\n|-resisted|p2a: Kyogre\n|-crit|p2a: Kyogre\n|-damage|p2a: Kyogre|10\/100\n|-hitcount|p2a: Kyogre|3\n|move|p2a: Kyogre|Thunder|p1b: Urshifu\n|-supereffective|p1b: Urshifu\n|-damage|p1b: Urshifu|0 fnt\n|faint|p1b: Urshifu\n|\n|-weather|RainDance|[upkeep]\n|upkeep\n|\n|t:|1721152522\n|switch|p1b: Lunala|Lunala, L50|100\/100\n|turn|2\n|\n|t:|1721152543\n|move|p2b: Tornadus|Scary Face|p1b: Lunala\n|-unboost|p1b: Lunala|spe|2\n|move|p1a: Tornadus|Bleakwind Storm|p2a: Kyogre|[spread] p2a,p2b\n|-damage|p2a: Kyogre|0 fnt\n|-damage|p2b: Tornadus|61\/100\n|faint|p2a: Kyogre\n|move|p1b: Lunala|Meteor Beam||[still]\n|-prepare|p1b: Lunala|Meteor Beam\n|-boost|p1b: Lunala|spa|1\n|-enditem|p1b: Lunala|Power Herb\n|-anim|p1b: Lunala|Meteor Beam|p2b: Tornadus\n|-supereffective|p2b: Tornadus\n|-damage|p2b: Tornadus|0 fnt\n|faint|p2b: Tornadus\n|\n|-weather|RainDance|[upkeep]\n|upkeep\n|\n|t:|1721152560\n|switch|p2b: Archaludon|Archaludon, L50, F|100\/100\n|switch|p2a: Urshifu|Urshifu-Rapid-Strike, L50, M|100\/100\n|turn|3\n|\n|t:|1721152577\n|-terastallize|p2a: Urshifu|Water\n|move|p1a: Tornadus|Bleakwind Storm|p2b: Archaludon|[spread] p2a,p2b\n|-resisted|p2b: Archaludon\n|-damage|p2a: Urshifu|55\/100\n|-damage|p2b: Archaludon|86\/100\n|-ability|p2b: Archaludon|Stamina|boost\n|-boost|p2b: Archaludon|def|1\n|move|p2a: Urshifu|Surging Strikes|p1b: Lunala\n|-crit|p1b: Lunala\n|-damage|p1b: Lunala|78\/100\n|-crit|p1b: Lunala\n|-damage|p1b: Lunala|30\/100\n|-crit|p1b: Lunala\n|-damage|p1b: Lunala|0 fnt\n|faint|p1b: Lunala\n|-hitcount|p1: Lunala|3\n|move|p2b: Archaludon|Electro Shot||[still]\n|-prepare|p2b: Archaludon|Electro Shot\n|-boost|p2b: Archaludon|spa|1\n|-anim|p2b: Archaludon|Electro Shot|p1a: Tornadus\n|-supereffective|p1a: Tornadus\n|-enditem|p1a: Tornadus|Focus Sash\n|-damage|p1a: Tornadus|1\/100\n|\n|-weather|RainDance|[upkeep]\n|upkeep\n|\n|t:|1721152596\n|switch|p1b: Indeedee|Indeedee-F, L50, F|100\/100\n|-fieldstart|move: Psychic Terrain|[from] ability: Psychic Surge|[of] p1b: Indeedee\n|turn|4\n|\n|t:|1721152608\n|move|p1b: Indeedee|Helping Hand|p1a: Tornadus\n|-singleturn|p1a: Tornadus|Helping Hand|[of] p1b: Indeedee\n|move|p2a: Urshifu|Detect|p2a: Urshifu\n|-singleturn|p2a: Urshifu|Protect\n|move|p1a: Tornadus|Bleakwind Storm|p2b: Archaludon|[spread] p2b\n|-activate|p2a: Urshifu|move: Protect\n|-resisted|p2b: Archaludon\n|-damage|p2b: Archaludon|60\/100\n|-ability|p2b: Archaludon|Stamina|boost\n|-boost|p2b: Archaludon|def|1\n|move|p2b: Archaludon|Snarl|p1a: Tornadus|[spread] p1a,p1b\n|-supereffective|p1b: Indeedee\n|-damage|p1a: Tornadus|0 fnt\n|-damage|p1b: Indeedee|60\/100\n|-unboost|p1b: Indeedee|spa|1\n|faint|p1a: Tornadus\n|\n|-weather|RainDance|[upkeep]\n|-sideend|p2: Krisuerte|move: Tailwind\n|-sideend|p1: short man swag|move: Tailwind\n|upkeep\n|turn|5\n|-message|short man swag forfeited.\n|\n|win|Krisuerte\n|raw|short man swag's rating: 1731 &rarr; <strong>1715<\/strong><br \/>(-16 for losing)\n|raw|Krisuerte's rating: 1810 &rarr; <strong>1826<\/strong><br \/>(+16 for winning)\n|l|\u2606short man swag\n|player|p1|\n|l|\u2606Krisuerte\n|player|p2|\n|l| PedoneArmato\n|l| bluestraggler03\n","uploadtime":1721152854,"views":15,"formatid":"gen9vgc2024regg","rating":1715,"private":0,"password":null}