{"id":"gen9vgc2024regg-2162767670","format":"[Gen 9] VGC 2024 Reg G","players":["PritzShow","diamondmon551"],"log":"|j|\u2606PritzShow\n|j|\u2606diamondmon551\n|t:|1721251970\n|gametype|doubles\n|player|p1|PritzShow|1|1734\n|player|p2|diamondmon551|penny|1675\n|teamsize|p1|6\n|teamsize|p2|6\n|gen|9\n|tier|[Gen 9] VGC 2024 Reg G\n|rated|\n|rule|Species Clause: Limit one of each Pok\u00e9mon\n|rule|Item Clause: Limit one of each item\n|clearpoke\n|poke|p1|Groudon, L50|\n|poke|p1|Whimsicott, L50, F|\n|poke|p1|Chi-Yu, L50|\n|poke|p1|Flutter Mane, L50|\n|poke|p1|Volcarona, L50, M|\n|poke|p1|Raging Bolt, L50|\n|poke|p2|Kyogre, L50|\n|poke|p2|Iron Jugulis, L50|\n|poke|p2|Archaludon, L50, M|\n|poke|p2|Landorus-Therian, L50, M|\n|poke|p2|Rillaboom, L50, F|\n|poke|p2|Indeedee-F, L50, F|\n|teampreview|4\n|inactive|Battle timer is ON: inactive players will automatically lose when time's up. (requested by PritzShow)\n|inactive|diamondmon551 has 60 seconds left.\n|\n|t:|1721252010\n|start\n|switch|p1a: Flutter Mane|Flutter Mane, L50|100\/100\n|switch|p1b: Groudon|Groudon, L50|100\/100\n|switch|p2a: Iron Jugulis|Iron Jugulis, L50|100\/100\n|switch|p2b: Rillaboom|Rillaboom, L50, F|100\/100\n|-weather|SunnyDay|[from] ability: Drought|[of] p1b: Groudon\n|-activate|p1a: Flutter Mane|ability: Protosynthesis\n|-start|p1a: Flutter Mane|protosynthesisspe\n|-fieldstart|move: Grassy Terrain|[from] ability: Grassy Surge|[of] p2b: Rillaboom\n|-enditem|p2a: Iron Jugulis|Booster Energy\n|-activate|p2a: Iron Jugulis|ability: Quark Drive|[fromitem]\n|-start|p2a: Iron Jugulis|quarkdrivespe\n|turn|1\n|inactive|PritzShow has 30 seconds left.\n|inactive|diamondmon551 has 30 seconds left.\n|inactive|PritzShow has 20 seconds left.\n|inactive|diamondmon551 has 20 seconds left.\n|inactive|PritzShow has 15 seconds left.\n|inactive|diamondmon551 has 15 seconds left.\n|j| o1o1o\n|inactive|PritzShow has 10 seconds left.\n|inactive|diamondmon551 has 10 seconds left.\n|inactive|PritzShow has 5 seconds left.\n|\n|t:|1721252061\n|-end|p2a: Iron Jugulis|Quark Drive|[silent]\n|switch|p2a: Kyogre|Kyogre, L50|100\/100\n|-weather|RainDance|[from] ability: Drizzle|[of] p2a: Kyogre\n|-end|p1a: Flutter Mane|Protosynthesis\n|switch|p1b: Whimsicott|Whimsicott, L50, F|100\/100\n|move|p1a: Flutter Mane|Moonblast|p2a: Kyogre\n|-damage|p2a: Kyogre|74\/100\n|-unboost|p2a: Kyogre|spa|1\n|move|p2b: Rillaboom|Wood Hammer|p1b: Whimsicott\n|-resisted|p1b: Whimsicott\n|-damage|p1b: Whimsicott|60\/100\n|-damage|p2b: Rillaboom|89\/100|[from] Recoil\n|\n|-weather|RainDance|[upkeep]\n|-heal|p2a: Kyogre|81\/100|[from] Grassy Terrain\n|-heal|p1b: Whimsicott|66\/100|[from] Grassy Terrain\n|-heal|p2b: Rillaboom|95\/100|[from] Grassy Terrain\n|upkeep\n|turn|2\n|inactive|PritzShow has 30 seconds left.\n|inactive|diamondmon551 has 30 seconds left.\n|\n|t:|1721252096\n|-end|p1a: Flutter Mane|Protosynthesis|[silent]\n|switch|p1a: Raging Bolt|Raging Bolt, L50|100\/100\n|move|p1b: Whimsicott|Sunny Day|p1b: Whimsicott\n|-weather|SunnyDay\n|-activate|p1a: Raging Bolt|ability: Protosynthesis\n|-start|p1a: Raging Bolt|protosynthesisspa\n|move|p2a: Kyogre|Ice Beam|p1b: Whimsicott\n|-supereffective|p1b: Whimsicott\n|-damage|p1b: Whimsicott|0 fnt\n|faint|p1b: Whimsicott\n|move|p2b: Rillaboom|Wood Hammer|p1a: Raging Bolt\n|-resisted|p1a: Raging Bolt\n|-damage|p1a: Raging Bolt|62\/100\n|-damage|p2b: Rillaboom|81\/100|[from] Recoil\n|\n|-weather|SunnyDay|[upkeep]\n|-heal|p2a: Kyogre|87\/100|[from] Grassy Terrain\n|-heal|p1a: Raging Bolt|68\/100|[from] Grassy Terrain\n|-heal|p2b: Rillaboom|87\/100|[from] Grassy Terrain\n|upkeep\n|\n|t:|1721252103\n|switch|p1b: Groudon|Groudon, L50|100\/100\n|turn|3\n|\n|t:|1721252118\n|switch|p2a: Landorus|Landorus-Therian, L50, M|100\/100\n|-ability|p2a: Landorus|Intimidate|boost\n|-unboost|p1a: Raging Bolt|atk|1\n|-fail|p1b: Groudon|unboost|[from] item: Clear Amulet|[of] p1b: Groudon\n|switch|p2b: Iron Jugulis|Iron Jugulis, L50|100\/100\n|-terastallize|p1b: Groudon|Fire\n|move|p1b: Groudon|Fire Punch|p2b: Iron Jugulis\n|-crit|p2b: Iron Jugulis\n|-damage|p2b: Iron Jugulis|0 fnt\n|faint|p2b: Iron Jugulis\n|-end|p2b: Iron Jugulis|Quark Drive|[silent]\n|move|p1a: Raging Bolt|Electroweb|p2a: Landorus\n|-immune|p2a: Landorus\n|\n|-weather|SunnyDay|[upkeep]\n|-heal|p1a: Raging Bolt|74\/100|[from] Grassy Terrain\n|upkeep\n|\n|t:|1721252132\n|switch|p2b: Kyogre|Kyogre, L50|87\/100\n|-weather|RainDance|[from] ability: Drizzle|[of] p2b: Kyogre\n|-end|p1a: Raging Bolt|Protosynthesis\n|turn|4\n|\n|t:|1721252148\n|-terastallize|p2b: Kyogre|Grass\n|move|p1b: Groudon|Protect|p1b: Groudon\n|-singleturn|p1b: Groudon|Protect\n|move|p2a: Landorus|Stomping Tantrum|p1a: Raging Bolt\n|-supereffective|p1a: Raging Bolt\n|-damage|p1a: Raging Bolt|7\/100\n|move|p2b: Kyogre|Water Spout|p1a: Raging Bolt|[spread] p1a\n|-activate|p1b: Groudon|move: Protect\n|-resisted|p1a: Raging Bolt\n|-damage|p1a: Raging Bolt|0 fnt\n|faint|p1a: Raging Bolt\n|-end|p1a: Raging Bolt|Protosynthesis|[silent]\n|\n|-weather|RainDance|[upkeep]\n|-heal|p2b: Kyogre|93\/100|[from] Grassy Terrain\n|upkeep\n|\n|t:|1721252155\n|switch|p1a: Flutter Mane|Flutter Mane, L50|100\/100\n|turn|5\n|\n|t:|1721252168\n|move|p2a: Landorus|Stomping Tantrum|p1a: Flutter Mane\n|-damage|p1a: Flutter Mane|16\/100\n|move|p1a: Flutter Mane|Icy Wind|p2a: Landorus|[spread] p2a,p2b\n|-supereffective|p2a: Landorus\n|-supereffective|p2b: Kyogre\n|-damage|p2a: Landorus|33\/100\n|-damage|p2b: Kyogre|77\/100\n|-unboost|p2a: Landorus|spe|1\n|-unboost|p2b: Kyogre|spe|1\n|move|p1b: Groudon|Fire Punch|p2b: Kyogre\n|-supereffective|p2b: Kyogre\n|-damage|p2b: Kyogre|28\/100\n|move|p2b: Kyogre|Water Spout|p1a: Flutter Mane|[spread] p1a,p1b\n|-supereffective|p1b: Groudon\n|-damage|p1a: Flutter Mane|0 fnt\n|-damage|p1b: Groudon|53\/100\n|faint|p1a: Flutter Mane\n|-end|p1a: Flutter Mane|Protosynthesis|[silent]\n|\n|-weather|RainDance|[upkeep]\n|-heal|p1b: Groudon|59\/100|[from] Grassy Terrain\n|-heal|p2b: Kyogre|35\/100|[from] Grassy Terrain\n|-fieldend|move: Grassy Terrain\n|upkeep\n|turn|6\n|l| o1o1o\n|-message|PritzShow forfeited.\n|\n|win|diamondmon551\n|raw|PritzShow's rating: 1734 &rarr; <strong>1711<\/strong><br \/>(-23 for losing)\n|raw|diamondmon551's rating: 1675 &rarr; <strong>1698<\/strong><br \/>(+23 for winning)\n|l|\u2606PritzShow\n|player|p1|\n|l|\u2606diamondmon551\n|player|p2|\n","uploadtime":1721252402,"views":19,"formatid":"gen9vgc2024regg","rating":1698,"private":0,"password":null}