{"id":"gen9vgc2024regg-2162733685","format":"[Gen 9] VGC 2024 Reg G","players":["Short man swag","roseyradio"],"log":"|j|\u2606Short man swag\n|j|\u2606roseyradio\n|t:|1721247960\n|gametype|doubles\n|player|p1|Short man swag|170|1720\n|player|p2|roseyradio|skier|1794\n|teamsize|p1|6\n|teamsize|p2|6\n|gen|9\n|tier|[Gen 9] VGC 2024 Reg G\n|rated|\n|rule|Species Clause: Limit one of each Pok\u00e9mon\n|rule|Item Clause: Limit one of each item\n|clearpoke\n|poke|p1|Lunala, L50|\n|poke|p1|Indeedee-F, L50, F|\n|poke|p1|Tornadus, L50, M|\n|poke|p1|Urshifu-*, L50, M|\n|poke|p1|Ursaluna, L50, M|\n|poke|p1|Ogerpon, L50, F|\n|poke|p2|Calyrex-Ice, L50|\n|poke|p2|Smeargle, L50, F|\n|poke|p2|Ursaluna-Bloodmoon, L50, M|\n|poke|p2|Indeedee-F, L50, F|\n|poke|p2|Amoonguss, L50, M|\n|poke|p2|Raging Bolt, L50|\n|teampreview|4\n|inactive|Battle timer is ON: inactive players will automatically lose when time's up. (requested by roseyradio)\n|\n|t:|1721247992\n|start\n|switch|p1a: Lunala|Lunala, L50|100\/100\n|switch|p1b: Urshifu|Urshifu-Rapid-Strike, L50, M|100\/100\n|switch|p2a: Calyrex|Calyrex-Ice, L50|100\/100\n|switch|p2b: Raging Bolt|Raging Bolt, L50|100\/100\n|-ability|p2a: Calyrex|As One\n|-ability|p2a: Calyrex|Unnerve\n|turn|1\n|\n|t:|1721248008\n|-terastallize|p2a: Calyrex|Water\n|move|p1b: Urshifu|U-turn|p2a: Calyrex\n|-damage|p2a: Calyrex|75\/100\n|\n|t:|1721248018\n|switch|p1b: Indeedee|Indeedee-F, L50, F, shiny|100\/100|[from] U-turn\n|-fieldstart|move: Psychic Terrain|[from] ability: Psychic Surge|[of] p1b: Indeedee\n|move|p1a: Lunala|Meteor Beam||[still]\n|-prepare|p1a: Lunala|Meteor Beam\n|-boost|p1a: Lunala|spa|1\n|-enditem|p1a: Lunala|Power Herb\n|-anim|p1a: Lunala|Meteor Beam|p2a: Calyrex|[miss]\n|-miss|p1a: Lunala|p2a: Calyrex\n|move|p2b: Raging Bolt|Snarl|p1b: Indeedee|[spread] p1a,p1b\n|-supereffective|p1a: Lunala\n|-supereffective|p1b: Indeedee\n|-damage|p1a: Lunala|79\/100\n|-damage|p1b: Indeedee|71\/100\n|-unboost|p1a: Lunala|spa|1\n|-unboost|p1b: Indeedee|spa|1\n|move|p2a: Calyrex|Trick Room|p2a: Calyrex\n|-fieldstart|move: Trick Room|[of] p2a: Calyrex\n|\n|upkeep\n|turn|2\n|inactive|Short man swag has 30 seconds left.\n|\n|t:|1721248047\n|switch|p1a: Urshifu|Urshifu-Rapid-Strike, L50, M|100\/100\n|move|p2a: Calyrex|Glacial Lance|p1a: Urshifu|[spread] p1a,p1b\n|-resisted|p1a: Urshifu\n|-damage|p1a: Urshifu|70\/100\n|-damage|p1b: Indeedee|17\/100\n|move|p2b: Raging Bolt|Volt Switch|p1a: Urshifu\n|-supereffective|p1a: Urshifu\n|-damage|p1a: Urshifu|0 fnt\n|faint|p1a: Urshifu\n|\n|t:|1721248057\n|-end|p2b: Raging Bolt|Protosynthesis|[silent]\n|switch|p2b: Stephen|Amoonguss, L50, M|100\/100|[from] Volt Switch\n|move|p1b: Indeedee|Trick Room|p1b: Indeedee\n|-fieldend|move: Trick Room\n|\n|upkeep\n|\n|t:|1721248063\n|switch|p1a: Lunala|Lunala, L50|79\/100\n|turn|3\n|inactive|roseyradio has 30 seconds left.\n|\n|t:|1721248096\n|move|p1b: Indeedee|Helping Hand|p1a: Lunala\n|-singleturn|p1a: Lunala|Helping Hand|[of] p1b: Indeedee\n|move|p1a: Lunala|Expanding Force|p2b: Stephen|[spread] p2a,p2b\n|-supereffective|p2b: Stephen\n|-damage|p2a: Calyrex|6\/100\n|-damage|p2b: Stephen|0 fnt\n|faint|p2b: Stephen\n|move|p2a: Calyrex|Glacial Lance|p1b: Indeedee|[spread] p1a,p1b\n|-damage|p1a: Lunala|31\/100\n|-damage|p1b: Indeedee|0 fnt\n|faint|p1b: Indeedee\n|-ability|p2a: Calyrex|Chilling Neigh|boost\n|-boost|p2a: Calyrex|atk|1\n|\n|upkeep\n|\n|t:|1721248109\n|switch|p1b: Ursaluna|Ursaluna, L50, M|100\/100\n|switch|p2b: Raging Bolt|Raging Bolt, L50|100\/100\n|turn|4\n|inactive|roseyradio has 30 seconds left.\n|inactive|roseyradio has 20 seconds left.\n|inactive|roseyradio has 15 seconds left.\n|\n|t:|1721248151\n|-terastallize|p1a: Lunala|Grass\n|move|p2a: Calyrex|Protect|p2a: Calyrex\n|-singleturn|p2a: Calyrex|Protect\n|move|p1a: Lunala|Expanding Force|p2b: Raging Bolt|[spread] p2b\n|-activate|p2a: Calyrex|move: Protect\n|-damage|p2b: Raging Bolt|64\/100\n|move|p2b: Raging Bolt|Volt Switch|p1a: Lunala\n|-resisted|p1a: Lunala\n|-damage|p1a: Lunala|16\/100\n|\n|t:|1721248157\n|-end|p2b: Raging Bolt|Protosynthesis|[silent]\n|switch|p2b: Ursaluna|Ursaluna-Bloodmoon, L50, M|100\/100|[from] Volt Switch\n|move|p1b: Ursaluna|Headlong Rush|p2b: Ursaluna\n|-damage|p2b: Ursaluna|46\/100\n|-unboost|p1b: Ursaluna|def|1\n|-unboost|p1b: Ursaluna|spd|1\n|\n|-status|p1b: Ursaluna|brn|[from] item: Flame Orb\n|upkeep\n|turn|5\n|inactive|roseyradio has 30 seconds left.\n|inactive|roseyradio has 20 seconds left.\n|inactive|Short man swag has 30 seconds left.\n|inactive|roseyradio has 15 seconds left.\n|\n|t:|1721248201\n|move|p2a: Calyrex|Protect|p2a: Calyrex\n|-singleturn|p2a: Calyrex|Protect\n|move|p2b: Ursaluna|Protect|p2b: Ursaluna\n|-singleturn|p2b: Ursaluna|Protect\n|move|p1a: Lunala|Expanding Force|p2b: Ursaluna|[spread] \n|-activate|p2a: Calyrex|move: Protect\n|-activate|p2b: Ursaluna|move: Protect\n|move|p1b: Ursaluna|Facade|p2a: Calyrex\n|-activate|p2a: Calyrex|move: Protect\n|\n|-damage|p1b: Ursaluna|95\/100 brn|[from] brn\n|-fieldend|move: Psychic Terrain\n|upkeep\n|turn|6\n|\n|t:|1721248223\n|move|p1a: Lunala|Expanding Force|p2a: Calyrex\n|-damage|p2a: Calyrex|0 fnt\n|faint|p2a: Calyrex\n|move|p2b: Ursaluna|Blood Moon|p1a: Lunala\n|-damage|p1a: Lunala|0 fnt\n|faint|p1a: Lunala\n|-damage|p2b: Ursaluna|36\/100|[from] item: Life Orb\n|move|p1b: Ursaluna|Facade|p2b: Ursaluna\n|-damage|p2b: Ursaluna|0 fnt\n|faint|p2b: Ursaluna\n|\n|-damage|p1b: Ursaluna|89\/100 brn|[from] brn\n|upkeep\n|\n|t:|1721248228\n|switch|p2b: Raging Bolt|Raging Bolt, L50|64\/100\n|turn|7\n|\n|t:|1721248243\n|move|p2b: Raging Bolt|Draco Meteor|p1b: Ursaluna\n|-damage|p1b: Ursaluna|5\/100 brn\n|-unboost|p2b: Raging Bolt|spa|2\n|move|p1b: Ursaluna|Headlong Rush|p2b: Raging Bolt\n|-supereffective|p2b: Raging Bolt\n|-damage|p2b: Raging Bolt|0 fnt\n|-unboost|p1b: Ursaluna|def|1\n|-unboost|p1b: Ursaluna|spd|1\n|faint|p2b: Raging Bolt\n|-end|p2b: Raging Bolt|Protosynthesis|[silent]\n|\n|win|Short man swag\n|raw|Short man swag's rating: 1720 &rarr; <strong>1744<\/strong><br \/>(+24 for winning)\n|raw|roseyradio's rating: 1794 &rarr; <strong>1770<\/strong><br \/>(-24 for losing)\n|l|\u2606roseyradio\n|player|p2|\n|l|\u2606Short man swag\n|player|p1|\n","uploadtime":1721248387,"views":22,"formatid":"gen9vgc2024regg","rating":1744,"private":0,"password":null}