{"id":"gen9vgc2024regg-2162621555","format":"[Gen 9] VGC 2024 Reg G","players":["Psycho12345","Krisuerte"],"log":"|j|\u2606Psycho12345\n|j|\u2606Krisuerte\n|t:|1721235296\n|gametype|doubles\n|player|p1|Psycho12345|170|1705\n|player|p2|Krisuerte|1|1813\n|teamsize|p1|6\n|teamsize|p2|6\n|gen|9\n|tier|[Gen 9] VGC 2024 Reg G\n|rated|\n|rule|Species Clause: Limit one of each Pok\u00e9mon\n|rule|Item Clause: Limit one of each item\n|clearpoke\n|poke|p1|Zamazenta-*, L50|\n|poke|p1|Rillaboom, L50, M|\n|poke|p1|Chien-Pao, L50|\n|poke|p1|Flutter Mane, L50|\n|poke|p1|Chandelure, L50, M|\n|poke|p1|Moltres-Galar, L50|\n|poke|p2|Sinistcha-Masterpiece, L50|\n|poke|p2|Kyogre, L50|\n|poke|p2|Tornadus, L50, M|\n|poke|p2|Urshifu-*, L50, M|\n|poke|p2|Archaludon, L50, F|\n|poke|p2|Landorus, L50, M|\n|teampreview|4\n|inactive|Battle timer is ON: inactive players will automatically lose when time's up. (requested by Psycho12345)\n|\n|t:|1721235332\n|start\n|switch|p1a: Flutter Mane|Flutter Mane, L50|100\/100\n|switch|p1b: Zamazenta|Zamazenta-Crowned, L50|100\/100\n|switch|p2a: Kyogre|Kyogre, L50|100\/100\n|switch|p2b: Tornadus|Tornadus, L50, M|100\/100\n|-ability|p1b: Zamazenta|Dauntless Shield|boost\n|-boost|p1b: Zamazenta|def|1\n|-weather|RainDance|[from] ability: Drizzle|[of] p2a: Kyogre\n|-enditem|p1a: Flutter Mane|Booster Energy\n|-activate|p1a: Flutter Mane|ability: Protosynthesis|[fromitem]\n|-start|p1a: Flutter Mane|protosynthesisspe\n|turn|1\n|inactive|Krisuerte has 30 seconds left.\n|inactive|Psycho12345 has 30 seconds left.\n|inactive|Krisuerte has 20 seconds left.\n|\n|t:|1721235369\n|move|p1b: Zamazenta|Wide Guard|p1b: Zamazenta\n|-singleturn|p1b: Zamazenta|Wide Guard\n|move|p2b: Tornadus|Tailwind|p2b: Tornadus\n|-sidestart|p2: Krisuerte|move: Tailwind\n|move|p1a: Flutter Mane|Thunder Wave|p2a: Kyogre\n|-status|p2a: Kyogre|par\n|move|p2a: Kyogre|Thunder|p1b: Zamazenta\n|-damage|p1b: Zamazenta|45\/100\n|\n|-weather|RainDance|[upkeep]\n|upkeep\n|turn|2\n|inactive|Psycho12345 has 30 seconds left.\n|inactive|Psycho12345 has 20 seconds left.\n|inactive|Psycho12345 has 15 seconds left.\n|\n|t:|1721235410\n|-terastallize|p2a: Kyogre|Ghost\n|move|p1b: Zamazenta|Protect||[still]\n|-fail|p1b: Zamazenta\n|move|p1a: Flutter Mane|Icy Wind|p2a: Kyogre|[spread] p2a,p2b\n|-supereffective|p2b: Tornadus\n|-damage|p2a: Kyogre|93\/100 par\n|-damage|p2b: Tornadus|74\/100\n|-unboost|p2a: Kyogre|spe|1\n|move|p2b: Tornadus|Bleakwind Storm|p1b: Zamazenta|[spread] p1a,p1b\n|-damage|p1a: Flutter Mane|70\/100\n|-damage|p1b: Zamazenta|21\/100\n|move|p2a: Kyogre|Thunder|p1b: Zamazenta\n|-damage|p1b: Zamazenta|0 fnt\n|faint|p1b: Zamazenta\n|\n|-weather|RainDance|[upkeep]\n|upkeep\n|\n|t:|1721235416\n|switch|p1b: Moltres|Moltres-Galar, L50|100\/100\n|turn|3\n|\n|t:|1721235437\n|-terastallize|p1b: Moltres|Dark\n|move|p1a: Flutter Mane|Moonblast|p2b: Tornadus\n|-damage|p2b: Tornadus|30\/100\n|move|p2b: Tornadus|Bleakwind Storm|p1b: Moltres|[spread] p1a,p1b\n|-damage|p1a: Flutter Mane|37\/100\n|-damage|p1b: Moltres|76\/100\n|move|p1b: Moltres|Fiery Wrath|p2b: Tornadus|[spread] p2a,p2b\n|-supereffective|p2a: Kyogre\n|-damage|p2a: Kyogre|46\/100 par\n|-damage|p2b: Tornadus|0 fnt\n|faint|p2b: Tornadus\n|move|p2a: Kyogre|Thunder|p1a: Flutter Mane\n|-damage|p1a: Flutter Mane|0 fnt\n|faint|p1a: Flutter Mane\n|-end|p1a: Flutter Mane|Protosynthesis|[silent]\n|\n|-weather|RainDance|[upkeep]\n|upkeep\n|\n|t:|1721235457\n|switch|p1a: Chien-Pao|Chien-Pao, L50|100\/100\n|switch|p2b: Archaludon|Archaludon, L50, F|100\/100\n|-ability|p1a: Chien-Pao|Sword of Ruin\n|turn|4\n|\n|t:|1721235470\n|move|p2b: Archaludon|Electro Shot||[still]\n|-prepare|p2b: Archaludon|Electro Shot\n|-boost|p2b: Archaludon|spa|1\n|-anim|p2b: Archaludon|Electro Shot|p1a: Chien-Pao\n|-enditem|p1a: Chien-Pao|Focus Sash\n|-damage|p1a: Chien-Pao|1\/100\n|move|p1a: Chien-Pao|Sacred Sword|p2b: Archaludon\n|-supereffective|p2b: Archaludon\n|-damage|p2b: Archaludon|39\/100\n|-ability|p2b: Archaludon|Stamina|boost\n|-boost|p2b: Archaludon|def|1\n|move|p1b: Moltres|Fiery Wrath|p2a: Kyogre|[spread] p2a,p2b\n|-supereffective|p2a: Kyogre\n|-damage|p2a: Kyogre|0 fnt\n|-damage|p2b: Archaludon|3\/100\n|-ability|p2b: Archaludon|Stamina|boost\n|-boost|p2b: Archaludon|def|1\n|faint|p2a: Kyogre\n|\n|-weather|RainDance|[upkeep]\n|-sideend|p2: Krisuerte|move: Tailwind\n|upkeep\n|\n|t:|1721235490\n|switch|p2a: Landorus|Landorus, L50, M|100\/100\n|turn|5\n|j| huchen\n|inactive|Krisuerte has 30 seconds left.\n|\n|t:|1721235516\n|move|p1a: Chien-Pao|Protect|p1a: Chien-Pao\n|-singleturn|p1a: Chien-Pao|Protect\n|move|p2a: Landorus|Protect|p2a: Landorus\n|-singleturn|p2a: Landorus|Protect\n|move|p1b: Moltres|Protect|p1b: Moltres\n|-singleturn|p1b: Moltres|Protect\n|move|p2b: Archaludon|Snarl|p1b: Moltres|[spread] \n|-activate|p1a: Chien-Pao|move: Protect\n|-activate|p1b: Moltres|move: Protect\n|\n|-weather|none\n|upkeep\n|turn|6\n|\n|t:|1721235537\n|move|p2a: Landorus|Protect||[still]\n|-fail|p2a: Landorus\n|move|p1a: Chien-Pao|Icicle Crash|p2a: Landorus\n|-supereffective|p2a: Landorus\n|-damage|p2a: Landorus|0 fnt\n|faint|p2a: Landorus\n|move|p2b: Archaludon|Snarl|p1a: Chien-Pao|[spread] p1a,p1b\n|-resisted|p1a: Chien-Pao\n|-resisted|p1b: Moltres\n|-damage|p1a: Chien-Pao|0 fnt\n|-damage|p1b: Moltres|68\/100\n|-unboost|p1b: Moltres|spa|1\n|faint|p1a: Chien-Pao\n|move|p1b: Moltres|Fiery Wrath|p2b: Archaludon\n|-damage|p2b: Archaludon|0 fnt\n|faint|p2b: Archaludon\n|\n|win|Psycho12345\n|raw|Psycho12345's rating: 1705 &rarr; <strong>1731<\/strong><br \/>(+26 for winning)\n|raw|Krisuerte's rating: 1813 &rarr; <strong>1787<\/strong><br \/>(-26 for losing)\n|l|\u2606Psycho12345\n|player|p1|\n|l|\u2606Krisuerte\n|player|p2|\n|l| huchen\n","uploadtime":1721235795,"views":10,"formatid":"gen9vgc2024regg","rating":1731,"private":0,"password":null}