{"id":"gen9vgc2024regg-2162136194","format":"[Gen 9] VGC 2024 Reg G","players":["Psycho12345","Phononmode"],"log":"|j|\u2606Psycho12345\n|j|\u2606Phononmode\n|t:|1721163130\n|gametype|doubles\n|player|p1|Psycho12345|102|1727\n|player|p2|Phononmode|1|1790\n|teamsize|p1|6\n|teamsize|p2|6\n|gen|9\n|tier|[Gen 9] VGC 2024 Reg G\n|rated|\n|rule|Species Clause: Limit one of each Pok\u00e9mon\n|rule|Item Clause: Limit one of each item\n|clearpoke\n|poke|p1|Zamazenta-*, L50|\n|poke|p1|Rillaboom, L50, M|\n|poke|p1|Chien-Pao, L50|\n|poke|p1|Flutter Mane, L50|\n|poke|p1|Chandelure, L50, M|\n|poke|p1|Moltres-Galar, L50|\n|poke|p2|Calyrex-Ice, L50|\n|poke|p2|Rillaboom, L50, M|\n|poke|p2|Ting-Lu, L50|\n|poke|p2|Skeledirge, L50, F|\n|poke|p2|Raging Bolt, L50|\n|poke|p2|Iron Bundle, L50|\n|teampreview|4\nPhononmode has agreed to open team sheets.\n|inactive|Battle timer is ON: inactive players will automatically lose when time's up. (requested by Phononmode)\n|j| tinymovingfarts\n|inactive|Psycho12345 has 60 seconds left.\n|\n|t:|1721163170\n|start\n|switch|p1a: Moltres|Moltres-Galar, L50|100\/100\n|switch|p1b: Zamazenta|Zamazenta-Crowned, L50|100\/100\n|switch|p2a: Iron Bundle|Iron Bundle, L50|100\/100\n|switch|p2b: Calyrex|Calyrex-Ice, L50|100\/100\n|-ability|p2b: Calyrex|As One\n|-ability|p2b: Calyrex|Unnerve\n|-ability|p1b: Zamazenta|Dauntless Shield|boost\n|-boost|p1b: Zamazenta|def|1\n|turn|1\n|inactive|Phononmode has 30 seconds left.\n|inactive|Phononmode has 20 seconds left.\n|\n|t:|1721163208\n|-terastallize|p1a: Moltres|Dark\n|move|p2b: Calyrex|Protect|p2b: Calyrex\n|-singleturn|p2b: Calyrex|Protect\n|move|p2a: Iron Bundle|Freeze-Dry|p1a: Moltres\n|-damage|p1a: Moltres|76\/100\n|move|p1b: Zamazenta|Body Press|p2a: Iron Bundle\n|-supereffective|p2a: Iron Bundle\n|-damage|p2a: Iron Bundle|0 fnt\n|faint|p2a: Iron Bundle\n|-end|p2a: Iron Bundle|Quark Drive|[silent]\n|move|p1a: Moltres|Foul Play|p2b: Calyrex\n|-activate|p2b: Calyrex|move: Protect\n|\n|upkeep\n|\n|t:|1721163220\n|switch|p2a: Ting-Lu|Ting-Lu, L50|100\/100\n|-ability|p2a: Ting-Lu|Vessel of Ruin\n|turn|2\n|\n|t:|1721163233\n|-terastallize|p2b: Calyrex|Fire\n|move|p1b: Zamazenta|Body Press|p2a: Ting-Lu\n|-supereffective|p2a: Ting-Lu\n|-damage|p2a: Ting-Lu|13\/100\n|move|p1a: Moltres|Foul Play|p2b: Calyrex\n|-damage|p2b: Calyrex|39\/100\n|move|p2a: Ting-Lu|Fissure|p1a: Moltres\n|-damage|p1a: Moltres|0 fnt\n|faint|p1a: Moltres\n|-ohko\n|move|p2b: Calyrex|Trick Room|p2b: Calyrex\n|-fieldstart|move: Trick Room|[of] p2b: Calyrex\n|\n|upkeep\n|\n|t:|1721163248\n|switch|p1a: Rillaboom|Rillaboom, L50, M|100\/100\n|-fieldstart|move: Grassy Terrain|[from] ability: Grassy Surge|[of] p1a: Rillaboom\n|turn|3\n|\n|t:|1721163253\n|switch|p2a: Skeledirge|Skeledirge, L50, F|100\/100\n|move|p2b: Calyrex|Protect|p2b: Calyrex\n|-singleturn|p2b: Calyrex|Protect\n|move|p1b: Zamazenta|Wide Guard|p1b: Zamazenta\n|-singleturn|p1b: Zamazenta|Wide Guard\n|move|p1a: Rillaboom|Grassy Glide|p2a: Skeledirge\n|-resisted|p2a: Skeledirge\n|-damage|p2a: Skeledirge|79\/100\n|\n|-heal|p2b: Calyrex|44\/100|[from] Grassy Terrain\n|-heal|p2a: Skeledirge|85\/100|[from] Grassy Terrain\n|upkeep\n|turn|4\n|\n|t:|1721163266\n|switch|p1a: Chien-Pao|Chien-Pao, L50|100\/100\n|-ability|p1a: Chien-Pao|Sword of Ruin\n|move|p2b: Calyrex|Glacial Lance|p1b: Zamazenta|[spread] p1a,p1b\n|-resisted|p1a: Chien-Pao\n|-resisted|p1b: Zamazenta\n|-damage|p1a: Chien-Pao|59\/100\n|-damage|p1b: Zamazenta|85\/100\n|move|p2a: Skeledirge|Will-O-Wisp|p1a: Chien-Pao\n|-status|p1a: Chien-Pao|brn\n|move|p1b: Zamazenta|Body Press|p2b: Calyrex\n|-damage|p2b: Calyrex|0 fnt\n|faint|p2b: Calyrex\n|\n|-heal|p2a: Skeledirge|91\/100|[from] Grassy Terrain\n|-heal|p1b: Zamazenta|92\/100|[from] Grassy Terrain\n|-heal|p1a: Chien-Pao|65\/100 brn|[from] Grassy Terrain\n|-damage|p1a: Chien-Pao|59\/100 brn|[from] brn\n|upkeep\n|\n|t:|1721163278\n|switch|p2b: Ting-Lu|Ting-Lu, L50|13\/100\n|-ability|p2b: Ting-Lu|Vessel of Ruin\n|turn|5\n|\n|t:|1721163298\n|move|p1a: Chien-Pao|Protect|p1a: Chien-Pao\n|-singleturn|p1a: Chien-Pao|Protect\n|move|p2b: Ting-Lu|Stomping Tantrum|p1a: Chien-Pao\n|-activate|p1a: Chien-Pao|move: Protect\n|move|p2a: Skeledirge|Torch Song|p1a: Chien-Pao\n|-activate|p1a: Chien-Pao|move: Protect\n|move|p1b: Zamazenta|Body Press|p2b: Ting-Lu\n|-supereffective|p2b: Ting-Lu\n|-damage|p2b: Ting-Lu|0 fnt\n|faint|p2b: Ting-Lu\n|\n|-heal|p2a: Skeledirge|98\/100|[from] Grassy Terrain\n|-heal|p1b: Zamazenta|98\/100|[from] Grassy Terrain\n|-heal|p1a: Chien-Pao|65\/100 brn|[from] Grassy Terrain\n|-damage|p1a: Chien-Pao|59\/100 brn|[from] brn\n|upkeep\n|turn|6\n|inactive|Psycho12345 has 30 seconds left.\n|\n|t:|1721163324\n|switch|p1a: Rillaboom|Rillaboom, L50, M|100\/100\n|move|p2a: Skeledirge|Torch Song|p1a: Rillaboom\n|-supereffective|p1a: Rillaboom\n|-damage|p1a: Rillaboom|24\/100\n|-boost|p2a: Skeledirge|spa|1\n|move|p1b: Zamazenta|Heavy Slam|p2a: Skeledirge\n|-resisted|p2a: Skeledirge\n|-damage|p2a: Skeledirge|88\/100\n|\n|-heal|p2a: Skeledirge|94\/100|[from] Grassy Terrain\n|-heal|p1a: Rillaboom|30\/100|[from] Grassy Terrain\n|-heal|p1b: Zamazenta|100\/100|[from] Grassy Terrain\n|-fieldend|move: Trick Room\n|upkeep\n|turn|7\n|\n|t:|1721163337\n|switch|p1b: Chien-Pao|Chien-Pao, L50|59\/100 brn\n|-ability|p1b: Chien-Pao|Sword of Ruin\n|move|p1a: Rillaboom|High Horsepower|p2a: Skeledirge\n|-supereffective|p2a: Skeledirge\n|-damage|p2a: Skeledirge|0 fnt\n|faint|p2a: Skeledirge\n|\n|win|Psycho12345\n|raw|Psycho12345's rating: 1727 &rarr; <strong>1751<\/strong><br \/>(+24 for winning)\n|raw|Phononmode's rating: 1790 &rarr; <strong>1766<\/strong><br \/>(-24 for losing)\n|l|\u2606Phononmode\n|player|p2|\n|l|\u2606Psycho12345\n|player|p1|\n","uploadtime":1721163537,"views":7,"formatid":"gen9vgc2024regg","rating":1751,"private":0,"password":null}