{"id":"gen9vgc2024regg-2162079456","format":"[Gen 9] VGC 2024 Reg G","players":["loungerv","overwatch69"],"log":"|j|\u2606loungerv\n|j|\u2606overwatch69\n|t:|1721156756\n|gametype|doubles\n|player|p1|loungerv|harlequin|1697\n|player|p2|overwatch69|101|1739\n|teamsize|p1|6\n|teamsize|p2|6\n|gen|9\n|tier|[Gen 9] VGC 2024 Reg G\n|rated|\n|rule|Species Clause: Limit one of each Pok\u00e9mon\n|rule|Item Clause: Limit one of each item\n|clearpoke\n|poke|p1|Terapagos, L50, M|\n|poke|p1|Munkidori, L50, M|\n|poke|p1|Incineroar, L50, M|\n|poke|p1|Sinistcha, L50|\n|poke|p1|Basculegion, L50, M|\n|poke|p1|Flamigo, L50, M|\n|poke|p2|Kyogre, L50|\n|poke|p2|Raichu, L50, M|\n|poke|p2|Tornadus, L50, M|\n|poke|p2|Tinkaton, L50, F|\n|poke|p2|Rillaboom, L50, F|\n|poke|p2|Chien-Pao, L50|\n|teampreview|4\n|inactive|Battle timer is ON: inactive players will automatically lose when time's up. (requested by overwatch69)\n|\n|t:|1721156795\n|start\n|switch|p1a: Munkidori|Munkidori, L50, M|100\/100\n|switch|p1b: Terapagos|Terapagos, L50, M|100\/100\n|switch|p2a: Kyogre|Kyogre, L50|100\/100\n|switch|p2b: Tornadus|Tornadus, L50, M|100\/100\n|-activate|p1b: Terapagos|ability: Tera Shift\n|detailschange|p1b: Terapagos|Terapagos-Terastal, L50, M\n|-heal|p1b: Terapagos|100\/100|[silent]\n|-weather|RainDance|[from] ability: Drizzle|[of] p2a: Kyogre\n|turn|1\n|\n|t:|1721156809\n|switch|p2a: Rillaboom|Rillaboom, L50, F|100\/100\n|-fieldstart|move: Grassy Terrain|[from] ability: Grassy Surge|[of] p2a: Rillaboom\n|-terastallize|p1b: Terapagos|Stellar\n|detailschange|p1b: Terapagos|Terapagos-Stellar, L50, M, tera:Stellar\n|-heal|p1b: Terapagos|100\/100|[silent]\n|-ability|p1b: Terapagos|Teraform Zero\n|-weather|none\n|-fieldend|move: Grassy Terrain\n|move|p1a: Munkidori|Fake Out|p2a: Rillaboom\n|-damage|p2a: Rillaboom|94\/100\n|move|p2b: Tornadus|Bleakwind Storm|p1a: Munkidori|[spread] p1a\n|-miss|p2b: Tornadus|p1b: Terapagos\n|-damage|p1a: Munkidori|71\/100\n|move|p1b: Terapagos|Tera Starstorm|p2a: Rillaboom|[spread] p2a,p2b\n|-damage|p2a: Rillaboom|51\/100\n|-damage|p2b: Tornadus|33\/100\n|\n|upkeep\n|turn|2\n|\n|t:|1721156831\n|move|p2a: Rillaboom|Fake Out|p1b: Terapagos\n|-damage|p1b: Terapagos|92\/100\n|move|p2b: Tornadus|Tailwind|p2b: Tornadus\n|-sidestart|p2: overwatch69|move: Tailwind\n|move|p1a: Munkidori|Acid Spray|p2a: Rillaboom\n|-supereffective|p2a: Rillaboom\n|-damage|p2a: Rillaboom|25\/100\n|-unboost|p2a: Rillaboom|spd|2\n|cant|p1b: Terapagos|flinch\n|\n|upkeep\n|turn|3\n|\n|t:|1721156842\n|switch|p1a: Flamigo|Flamigo, L50, M|100\/100\n|move|p2b: Tornadus|Bleakwind Storm|p1b: Terapagos|[spread] p1a,p1b\n|-supereffective|p1a: Flamigo\n|-enditem|p1a: Flamigo|Focus Sash\n|-damage|p1a: Flamigo|1\/100\n|-damage|p1b: Terapagos|71\/100\n|-unboost|p1b: Terapagos|spe|1\n|move|p2a: Rillaboom|Wood Hammer|p1b: Terapagos\n|-damage|p1b: Terapagos|37\/100\n|-damage|p2a: Rillaboom|10\/100|[from] Recoil\n|move|p1b: Terapagos|Tera Starstorm|p2a: Rillaboom|[spread] p2a,p2b\n|-damage|p2a: Rillaboom|0 fnt\n|-damage|p2b: Tornadus|0 fnt\n|faint|p2a: Rillaboom\n|faint|p2b: Tornadus\n|\n|upkeep\n|\n|t:|1721156844\n|switch|p2b: Chien-Pao|Chien-Pao, L50|100\/100\n|switch|p2a: Kyogre|Kyogre, L50|100\/100\n|-ability|p2b: Chien-Pao|Sword of Ruin\n|-weather|RainDance|[from] ability: Drizzle|[of] p2a: Kyogre\n|turn|4\n|\n|t:|1721156862\n|move|p1a: Flamigo|Wide Guard|p1a: Flamigo\n|-singleturn|p1a: Flamigo|Wide Guard\n|move|p2b: Chien-Pao|Sacred Sword|p1b: Terapagos\n|-supereffective|p1b: Terapagos\n|-damage|p1b: Terapagos|0 fnt\n|faint|p1b: Terapagos\n|-damage|p2b: Chien-Pao|91\/100|[from] item: Life Orb\n|move|p2a: Kyogre|Thunder|p1a: Flamigo\n|-supereffective|p1a: Flamigo\n|-damage|p1a: Flamigo|0 fnt\n|faint|p1a: Flamigo\n|\n|-weather|RainDance|[upkeep]\n|upkeep\n|\n|t:|1721156867\n|switch|p1a: Munkidori|Munkidori, L50, M|71\/100\n|switch|p1b: Basculegion|Basculegion, L50, M|100\/100\n|turn|5\n|\n|t:|1721156876\n|-terastallize|p2b: Chien-Pao|Stellar\n|move|p1a: Munkidori|Fake Out|p2a: Kyogre\n|-damage|p2a: Kyogre|90\/100\n|move|p2b: Chien-Pao|Sucker Punch|p1b: Basculegion\n|-supereffective|p1b: Basculegion\n|-damage|p1b: Basculegion|0 fnt\n|faint|p1b: Basculegion\n|-damage|p2b: Chien-Pao|81\/100|[from] item: Life Orb\n|cant|p2a: Kyogre|flinch\n|\n|-weather|RainDance|[upkeep]\n|-sideend|p2: overwatch69|move: Tailwind\n|upkeep\n|turn|6\n|-message|loungerv forfeited.\n|\n|win|overwatch69\n|raw|loungerv's rating: 1697 &rarr; <strong>1679<\/strong><br \/>(-18 for losing)\n|raw|overwatch69's rating: 1739 &rarr; <strong>1757<\/strong><br \/>(+18 for winning)\n|l|\u2606loungerv\n|player|p1|\n|l|\u2606overwatch69\n|player|p2|\n","uploadtime":1721157150,"views":23,"formatid":"gen9vgc2024regg","rating":1679,"private":0,"password":null}