{"id":"gen9vgc2024regg-2162054427","format":"[Gen 9] VGC 2024 Reg G","players":["short man swag","WobCob"],"log":"|j|\u2606short man swag\n|j|\u2606WobCob\n|t:|1721153949\n|gametype|doubles\n|player|p1|short man swag|101|1742\n|player|p2|WobCob|caitlin|1690\n|teamsize|p1|6\n|teamsize|p2|6\n|gen|9\n|tier|[Gen 9] VGC 2024 Reg G\n|rated|\n|rule|Species Clause: Limit one of each Pok\u00e9mon\n|rule|Item Clause: Limit one of each item\n|clearpoke\n|poke|p1|Lunala, L50|\n|poke|p1|Indeedee-F, L50, F|\n|poke|p1|Tornadus, L50, M|\n|poke|p1|Urshifu-*, L50, F|\n|poke|p1|Ursaluna, L50, F|\n|poke|p1|Ogerpon, L50, F|\n|poke|p2|Latios, L50, M|\n|poke|p2|Chien-Pao, L50|\n|poke|p2|Zamazenta-*, L50|\n|poke|p2|Raging Bolt, L50|\n|poke|p2|Incineroar, L50, F|\n|poke|p2|Amoonguss, L50, F|\n|teampreview|4\n|inactive|Battle timer is ON: inactive players will automatically lose when time's up. (requested by WobCob)\n|\n|t:|1721153977\n|start\n|switch|p1a: Lunala|Lunala, L50|100\/100\n|switch|p1b: Tornadus|Tornadus, L50, M|100\/100\n|switch|p2a: Chien-Pao|Chien-Pao, L50|100\/100\n|switch|p2b: Raging Bolt|Raging Bolt, L50|100\/100\n|-ability|p2a: Chien-Pao|Sword of Ruin\n|turn|1\n|\n|t:|1721153995\n|-terastallize|p1a: Lunala|Grass\n|move|p2a: Chien-Pao|Protect|p2a: Chien-Pao\n|-singleturn|p2a: Chien-Pao|Protect\n|move|p1b: Tornadus|Tailwind|p1b: Tornadus\n|-sidestart|p1: short man swag|move: Tailwind\n|move|p1a: Lunala|Meteor Beam||[still]\n|-prepare|p1a: Lunala|Meteor Beam\n|-boost|p1a: Lunala|spa|1\n|-enditem|p1a: Lunala|Power Herb\n|-anim|p1a: Lunala|Meteor Beam|p2a: Chien-Pao\n|-activate|p2a: Chien-Pao|move: Protect\n|move|p2b: Raging Bolt|Electroweb|p1b: Tornadus|[spread] p1a,p1b\n|-resisted|p1a: Lunala\n|-supereffective|p1b: Tornadus\n|-damage|p1a: Lunala|97\/100\n|-damage|p1b: Tornadus|41\/100\n|-unboost|p1a: Lunala|spe|1\n|-unboost|p1b: Tornadus|spe|1\n|\n|upkeep\n|turn|2\n|inactive|short man swag has 30 seconds left.\n|\n|t:|1721154025\n|switch|p1b: Indeedee|Indeedee-F, L50, F|100\/100\n|-fieldstart|move: Psychic Terrain|[from] ability: Psychic Surge|[of] p1b: Indeedee\n|move|p2b: Raging Bolt|Thunderclap||[still]\n|-fail|p2b: Raging Bolt\n|move|p2a: Chien-Pao|Ice Spinner|p1a: Lunala\n|-supereffective|p1a: Lunala\n|-damage|p1a: Lunala|1\/100\n|-fieldend|move: Psychic Terrain\n|move|p1a: Lunala|Expanding Force|p2b: Raging Bolt\n|-damage|p2b: Raging Bolt|63\/100\n|\n|upkeep\n|turn|3\n|inactive|WobCob has 30 seconds left.\n|\n|t:|1721154052\n|switch|p1a: Urshifu|Urshifu-Rapid-Strike, L50, F|100\/100\n|move|p1b: Indeedee|Alluring Voice|p2b: Raging Bolt\n|-supereffective|p2b: Raging Bolt\n|-damage|p2b: Raging Bolt|42\/100\n|move|p2a: Chien-Pao|Ice Spinner|p1b: Indeedee\n|-damage|p1b: Indeedee|47\/100\n|move|p2b: Raging Bolt|Electroweb|p1a: Urshifu|[spread] p1a,p1b\n|-supereffective|p1a: Urshifu\n|-damage|p1a: Urshifu|38\/100\n|-damage|p1b: Indeedee|26\/100\n|-unboost|p1a: Urshifu|spe|1\n|-unboost|p1b: Indeedee|spe|1\n|\n|upkeep\n|turn|4\n|\n|t:|1721154069\n|move|p1b: Indeedee|Follow Me|p1b: Indeedee\n|-singleturn|p1b: Indeedee|move: Follow Me\n|move|p2a: Chien-Pao|Ice Spinner|p1b: Indeedee\n|-damage|p1b: Indeedee|0 fnt\n|faint|p1b: Indeedee\n|move|p1a: Urshifu|Surging Strikes|p2a: Chien-Pao\n|-crit|p2a: Chien-Pao\n|-damage|p2a: Chien-Pao|59\/100\n|-crit|p2a: Chien-Pao\n|-damage|p2a: Chien-Pao|16\/100\n|-crit|p2a: Chien-Pao\n|-damage|p2a: Chien-Pao|0 fnt\n|faint|p2a: Chien-Pao\n|-hitcount|p2: Chien-Pao|3\n|move|p2b: Raging Bolt|Volt Switch|p1a: Urshifu\n|-supereffective|p1a: Urshifu\n|-damage|p1a: Urshifu|0 fnt\n|faint|p1a: Urshifu\n|\n|t:|1721154084\n|-end|p2b: Raging Bolt|Protosynthesis|[silent]\n|switch|p2b: Incineroar|Incineroar, L50, F, shiny|100\/100|[from] Volt Switch\n|\n|-sideend|p1: short man swag|move: Tailwind\n|upkeep\n|j| bluestraggler03\n|\n|t:|1721154090\n|switch|p2a: Raging Bolt|Raging Bolt, L50|42\/100\n|switch|p1a: Tornadus|Tornadus, L50, M|41\/100\n|switch|p1b: Lunala|Lunala, L50, tera:Grass|1\/100\n|turn|5\n|\n|t:|1721154102\n|move|p2b: Incineroar|Fake Out|p1b: Lunala\n|-damage|p1b: Lunala|0 fnt\n|faint|p1b: Lunala\n|move|p1a: Tornadus|Bleakwind Storm|p2b: Incineroar|[spread] p2a,p2b\n|-resisted|p2a: Raging Bolt\n|-damage|p2a: Raging Bolt|32\/100\n|-damage|p2b: Incineroar|67\/100\n|-unboost|p2b: Incineroar|spe|1\n|move|p2a: Raging Bolt|Volt Switch|p1a: Tornadus\n|-supereffective|p1a: Tornadus\n|-damage|p1a: Tornadus|0 fnt\n|faint|p1a: Tornadus\n|\n|win|WobCob\n|raw|short man swag's rating: 1742 &rarr; <strong>1719<\/strong><br \/>(-23 for losing)\n|raw|WobCob's rating: 1690 &rarr; <strong>1713<\/strong><br \/>(+23 for winning)\n|l|\u2606short man swag\n|player|p1|\n|l|\u2606WobCob\n|player|p2|\n","uploadtime":1721154239,"views":9,"formatid":"gen9vgc2024regg","rating":1713,"private":0,"password":null}