{"id":"gen9vgc2024regg-2162595948","format":"[Gen 9] VGC 2024 Reg G","players":["Psycho12345","tonio ketamonio"],"log":"|j|\u2606Psycho12345\n|j|\u2606tonio ketamonio\n|t:|1721232333\n|gametype|doubles\n|player|p1|Psycho12345|170|1729\n|player|p2|tonio ketamonio|101|1685\n|teamsize|p1|6\n|teamsize|p2|6\n|gen|9\n|tier|[Gen 9] VGC 2024 Reg G\n|rated|\n|rule|Species Clause: Limit one of each Pok\u00e9mon\n|rule|Item Clause: Limit one of each item\n|clearpoke\n|poke|p1|Zamazenta-*, L50|\n|poke|p1|Rillaboom, L50, M|\n|poke|p1|Chien-Pao, L50|\n|poke|p1|Flutter Mane, L50|\n|poke|p1|Chandelure, L50, F|\n|poke|p1|Moltres-Galar, L50|\n|poke|p2|Miraidon, L50|\n|poke|p2|Tornadus, L50, M|\n|poke|p2|Incineroar, L50, M|\n|poke|p2|Iron Hands, L50|\n|poke|p2|Farigiraf, L50, F|\n|poke|p2|Ogerpon-Hearthflame, L50, F|\n|teampreview|4\n|inactive|Battle timer is ON: inactive players will automatically lose when time's up. (requested by Psycho12345)\n|\n|t:|1721232376\n|start\n|switch|p1a: Flutter Mane|Flutter Mane, L50|100\/100\n|switch|p1b: Rillaboom|Rillaboom, L50, M|100\/100\n|switch|p2a: Miraidon|Miraidon, L50|100\/100\n|switch|p2b: Tornadus|Tornadus, L50, M|100\/100\n|-fieldstart|move: Electric Terrain|[from] ability: Hadron Engine|[of] p2a: Miraidon\n|-fieldstart|move: Grassy Terrain|[from] ability: Grassy Surge|[of] p1b: Rillaboom\n|-enditem|p1a: Flutter Mane|Booster Energy\n|-activate|p1a: Flutter Mane|ability: Protosynthesis|[fromitem]\n|-start|p1a: Flutter Mane|protosynthesisspe\n|turn|1\n|\n|t:|1721232389\n|switch|p2a: Incineroar|Incineroar, L50, M|100\/100\n|-ability|p2a: Incineroar|Intimidate|boost\n|-unboost|p1a: Flutter Mane|atk|1\n|-unboost|p1b: Rillaboom|atk|1\n|-terastallize|p1b: Rillaboom|Grass\n|move|p1b: Rillaboom|Grassy Glide|p2a: Incineroar\n|-resisted|p2a: Incineroar\n|-damage|p2a: Incineroar|78\/100\n|move|p1a: Flutter Mane|Moonblast|p2a: Incineroar\n|-damage|p2a: Incineroar|38\/100\n|move|p2b: Tornadus|Bleakwind Storm|p1b: Rillaboom|[spread] p1a,p1b\n|-supereffective|p1b: Rillaboom\n|-damage|p1a: Flutter Mane|68\/100\n|-damage|p1b: Rillaboom|14\/100\n|-unboost|p1a: Flutter Mane|spe|1\n|\n|-heal|p1a: Flutter Mane|74\/100|[from] Grassy Terrain\n|-heal|p1b: Rillaboom|20\/100|[from] Grassy Terrain\n|-heal|p2a: Incineroar|44\/100|[from] Grassy Terrain\n|upkeep\n|turn|2\n|\n|t:|1721232406\n|switch|p1b: Chandelure|Chandelure, L50, F|100\/100\n|move|p2a: Incineroar|Fake Out|p1b: Chandelure\n|-immune|p1b: Chandelure\n|move|p1a: Flutter Mane|Moonblast|p2a: Incineroar\n|-damage|p2a: Incineroar|3\/100\n|-unboost|p2a: Incineroar|spa|1\n|move|p2b: Tornadus|Icy Wind|p1a: Flutter Mane|[spread] p1a,p1b\n|-resisted|p1b: Chandelure\n|-damage|p1a: Flutter Mane|62\/100\n|-damage|p1b: Chandelure|94\/100\n|-unboost|p1a: Flutter Mane|spe|1\n|-unboost|p1b: Chandelure|spe|1\n|\n|-heal|p1a: Flutter Mane|68\/100|[from] Grassy Terrain\n|-heal|p2a: Incineroar|9\/100|[from] Grassy Terrain\n|-heal|p1b: Chandelure|99\/100|[from] Grassy Terrain\n|upkeep\n|turn|3\n|inactive|Psycho12345 has 30 seconds left.\n|\n|t:|1721232433\n|move|p2b: Tornadus|Protect|p2b: Tornadus\n|-singleturn|p2b: Tornadus|Protect\n|move|p1b: Chandelure|Protect|p1b: Chandelure\n|-singleturn|p1b: Chandelure|Protect\n|move|p1a: Flutter Mane|Moonblast|p2a: Incineroar\n|-damage|p2a: Incineroar|0 fnt\n|faint|p2a: Incineroar\n|\n|-heal|p1a: Flutter Mane|74\/100|[from] Grassy Terrain\n|-heal|p1b: Chandelure|100\/100|[from] Grassy Terrain\n|upkeep\n|j| diddy con\n|\n|t:|1721232437\n|switch|p2a: Miraidon|Miraidon, L50|100\/100\n|-fieldstart|move: Electric Terrain|[from] ability: Hadron Engine|[of] p2a: Miraidon\n|turn|4\n|j| Knotty317\n|\n|t:|1721232455\n|move|p1b: Chandelure|Protect||[still]\n|-fail|p1b: Chandelure\n|move|p2a: Miraidon|Volt Switch|p1b: Chandelure\n|-damage|p1b: Chandelure|0 fnt\n|faint|p1b: Chandelure\n|\n|t:|1721232459\n|switch|p2a: Farigiraf|Farigiraf, L50, F|100\/100|[from] Volt Switch\n|move|p2b: Tornadus|Bleakwind Storm|p1a: Flutter Mane\n|-damage|p1a: Flutter Mane|33\/100\n|move|p1a: Flutter Mane|Moonblast|p2a: Farigiraf\n|-damage|p2a: Farigiraf|62\/100\n|-unboost|p2a: Farigiraf|spa|1\n|\n|upkeep\n|\n|t:|1721232464\n|switch|p1b: Zamazenta|Zamazenta-Crowned, L50|100\/100\n|-ability|p1b: Zamazenta|Dauntless Shield|boost\n|-boost|p1b: Zamazenta|def|1\n|turn|5\n|\n|t:|1721232481\n|move|p2a: Farigiraf|Helping Hand|p2b: Tornadus\n|-singleturn|p2b: Tornadus|Helping Hand|[of] p2a: Farigiraf\n|move|p2b: Tornadus|Bleakwind Storm|p1a: Flutter Mane|[spread] p1a\n|-miss|p2b: Tornadus|p1b: Zamazenta\n|-damage|p1a: Flutter Mane|0 fnt\n|faint|p1a: Flutter Mane\n|-end|p1a: Flutter Mane|Protosynthesis|[silent]\n|move|p1b: Zamazenta|Body Press|p2a: Farigiraf\n|-damage|p2a: Farigiraf|4\/100\n|\n|upkeep\n|l| Knotty317\n|\n|t:|1721232488\n|switch|p1a: Rillaboom|Rillaboom, L50, M, tera:Grass|20\/100\n|-fieldstart|move: Grassy Terrain|[from] ability: Grassy Surge|[of] p1a: Rillaboom\n|turn|6\n|\n|t:|1721232500\n|move|p2a: Farigiraf|Helping Hand|p2b: Tornadus\n|-singleturn|p2b: Tornadus|Helping Hand|[of] p2a: Farigiraf\n|move|p2b: Tornadus|Bleakwind Storm|p1b: Zamazenta|[spread] p1a,p1b\n|-supereffective|p1a: Rillaboom\n|-damage|p1a: Rillaboom|0 fnt\n|-damage|p1b: Zamazenta|62\/100\n|-unboost|p1b: Zamazenta|spe|1\n|faint|p1a: Rillaboom\n|move|p1b: Zamazenta|Body Press|p2b: Tornadus\n|-resisted|p2b: Tornadus\n|-damage|p2b: Tornadus|50\/100\n|\n|-heal|p1b: Zamazenta|68\/100|[from] Grassy Terrain\n|-heal|p2a: Farigiraf|11\/100|[from] Grassy Terrain\n|upkeep\n|turn|7\n|-message|Psycho12345 forfeited.\n|\n|win|tonio ketamonio\n|raw|Psycho12345's rating: 1729 &rarr; <strong>1706<\/strong><br \/>(-23 for losing)\n|raw|tonio ketamonio's rating: 1685 &rarr; <strong>1708<\/strong><br \/>(+23 for winning)\n|l|\u2606Psycho12345\n|player|p1|\n|l|\u2606tonio ketamonio\n|player|p2|\n|l| diddy con\n","uploadtime":1721232751,"views":8,"formatid":"gen9vgc2024regg","rating":1706,"private":0,"password":null}