{"id":"gen9vgc2024regg-2162735991","format":"[Gen 9] VGC 2024 Reg G","players":["Krisuerte","loungerv"],"log":"|j|\u2606Krisuerte\n|j|\u2606loungerv\n|t:|1721248223\n|gametype|doubles\n|player|p1|Krisuerte|170|1847\n|player|p2|loungerv|harlequin|1763\n|teamsize|p1|6\n|teamsize|p2|6\n|gen|9\n|tier|[Gen 9] VGC 2024 Reg G\n|rated|\n|rule|Species Clause: Limit one of each Pok\u00e9mon\n|rule|Item Clause: Limit one of each item\n|clearpoke\n|poke|p1|Sinistcha-Masterpiece, L50|\n|poke|p1|Kyogre, L50|\n|poke|p1|Tornadus, L50, M|\n|poke|p1|Urshifu-*, L50, M|\n|poke|p1|Archaludon, L50, M|\n|poke|p1|Landorus, L50, M|\n|poke|p2|Terapagos, L50, M|\n|poke|p2|Munkidori, L50, M|\n|poke|p2|Incineroar, L50, F|\n|poke|p2|Sinistcha, L50|\n|poke|p2|Basculegion, L50, M|\n|poke|p2|Flamigo, L50, F|\n|teampreview|4\n|\n|t:|1721248241\n|start\n|switch|p1a: Kyogre|Kyogre, L50|100\/100\n|switch|p1b: Tornadus|Tornadus, L50, M|100\/100\n|switch|p2a: Terapagos|Terapagos, L50, M|100\/100\n|switch|p2b: Flamigo|Flamigo, L50, F|100\/100\n|-activate|p2a: Terapagos|ability: Tera Shift\n|detailschange|p2a: Terapagos|Terapagos-Terastal, L50, M\n|-heal|p2a: Terapagos|100\/100|[silent]\n|-weather|RainDance|[from] ability: Drizzle|[of] p1a: Kyogre\n|turn|1\n|\n|t:|1721248270\n|-terastallize|p2a: Terapagos|Stellar\n|detailschange|p2a: Terapagos|Terapagos-Stellar, L50, M, tera:Stellar\n|-heal|p2a: Terapagos|100\/100|[silent]\n|-ability|p2a: Terapagos|Teraform Zero\n|-weather|none\n|move|p1b: Tornadus|Tailwind|p1b: Tornadus\n|-sidestart|p1: Krisuerte|move: Tailwind\n|move|p1a: Kyogre|Thunder|p2b: Flamigo\n|-supereffective|p2b: Flamigo\n|-enditem|p2b: Flamigo|Focus Sash\n|-damage|p2b: Flamigo|1\/100\n|move|p2b: Flamigo|Tailwind|p2b: Flamigo\n|-sidestart|p2: loungerv|move: Tailwind\n|move|p2a: Terapagos|Tera Starstorm|p1a: Kyogre|[spread] p1a,p1b\n|-damage|p1a: Kyogre|61\/100\n|-damage|p1b: Tornadus|40\/100\n|\n|upkeep\n|turn|2\n|\n|t:|1721248310\n|move|p2b: Flamigo|Wide Guard|p2b: Flamigo\n|-singleturn|p2b: Flamigo|Wide Guard\n|move|p1b: Tornadus|Scary Face|p2a: Terapagos\n|-unboost|p2a: Terapagos|spe|2\n|move|p1a: Kyogre|Thunder|p2b: Flamigo\n|-supereffective|p2b: Flamigo\n|-damage|p2b: Flamigo|0 fnt\n|faint|p2b: Flamigo\n|move|p2a: Terapagos|Tera Starstorm|p1a: Kyogre|[spread] p1a,p1b\n|-damage|p1a: Kyogre|23\/100\n|-damage|p1b: Tornadus|0 fnt\n|faint|p1b: Tornadus\n|\n|upkeep\n|\n|t:|1721248326\n|switch|p2b: Sinistcha|Sinistcha, L50|100\/100\n|switch|p1b: Urshifu|Urshifu-Rapid-Strike, L50, M|100\/100\n|turn|3\n|\n|t:|1721248336\n|switch|p1a: Archaludon|Archaludon, L50, M|100\/100\n|move|p1b: Urshifu|Detect|p1b: Urshifu\n|-singleturn|p1b: Urshifu|Protect\n|move|p2b: Sinistcha|Rage Powder|p2b: Sinistcha\n|-singleturn|p2b: Sinistcha|move: Rage Powder\n|move|p2a: Terapagos|Tera Starstorm|p1a: Archaludon|[spread] p1a\n|-activate|p1b: Urshifu|move: Protect\n|-damage|p1a: Archaludon|47\/100\n|-ability|p1a: Archaludon|Stamina|boost\n|-boost|p1a: Archaludon|def|1\n|\n|upkeep\n|turn|4\n|\n|t:|1721248358\n|switch|p1b: Kyogre|Kyogre, L50|23\/100\n|-weather|RainDance|[from] ability: Drizzle|[of] p1b: Kyogre\n|move|p2b: Sinistcha|Rage Powder|p2b: Sinistcha\n|-singleturn|p2b: Sinistcha|move: Rage Powder\n|move|p1a: Archaludon|Snarl|p2b: Sinistcha|[spread] p2a,p2b\n|-supereffective|p2b: Sinistcha\n|-damage|p2a: Terapagos|92\/100\n|-damage|p2b: Sinistcha|73\/100\n|-unboost|p2a: Terapagos|spa|1\n|-unboost|p2b: Sinistcha|spa|1\n|move|p2a: Terapagos|Tera Starstorm|p1a: Archaludon|[spread] p1a,p1b\n|-damage|p1a: Archaludon|14\/100\n|-damage|p1b: Kyogre|0 fnt\n|-ability|p1a: Archaludon|Stamina|boost\n|-boost|p1a: Archaludon|def|1\n|faint|p1b: Kyogre\n|\n|-weather|RainDance|[upkeep]\n|-sideend|p1: Krisuerte|move: Tailwind\n|-sideend|p2: loungerv|move: Tailwind\n|upkeep\n|\n|t:|1721248376\n|switch|p1b: Urshifu|Urshifu-Rapid-Strike, L50, M|100\/100\n|turn|5\n|\n|t:|1721248400\n|switch|p2a: Basculegion|Basculegion, L50, M|100\/100\n|move|p1b: Urshifu|Surging Strikes|p2a: Basculegion\n|-resisted|p2a: Basculegion\n|-crit|p2a: Basculegion\n|-damage|p2a: Basculegion|79\/100\n|-resisted|p2a: Basculegion\n|-crit|p2a: Basculegion\n|-damage|p2a: Basculegion|58\/100\n|-resisted|p2a: Basculegion\n|-crit|p2a: Basculegion\n|-damage|p2a: Basculegion|35\/100\n|-hitcount|p2a: Basculegion|3\n|move|p1a: Archaludon|Snarl|p2b: Sinistcha|[spread] p2a,p2b\n|-supereffective|p2a: Basculegion\n|-supereffective|p2b: Sinistcha\n|-damage|p2a: Basculegion|17\/100\n|-damage|p2b: Sinistcha|49\/100\n|-unboost|p2a: Basculegion|spa|1\n|-unboost|p2b: Sinistcha|spa|1\n|move|p2b: Sinistcha|Trick Room|p2b: Sinistcha\n|-fieldstart|move: Trick Room|[of] p2b: Sinistcha\n|\n|-weather|RainDance|[upkeep]\n|upkeep\n|turn|6\n|\n|t:|1721248431\n|-terastallize|p1b: Urshifu|Water\n|move|p1b: Urshifu|Aqua Jet|p2a: Basculegion\n|-resisted|p2a: Basculegion\n|-damage|p2a: Basculegion|0 fnt\n|faint|p2a: Basculegion\n|move|p2b: Sinistcha|Matcha Gotcha|p1a: Archaludon|[spread] p1a,p1b\n|-resisted|p1a: Archaludon\n|-supereffective|p1b: Urshifu\n|-damage|p1a: Archaludon|11\/100\n|-heal|p2b: Sinistcha|50\/100|[from] drain|[of] p1a: Archaludon\n|-damage|p1b: Urshifu|68\/100\n|-heal|p2b: Sinistcha|69\/100|[from] drain|[of] p1b: Urshifu\n|-status|p1b: Urshifu|brn\n|-ability|p1a: Archaludon|Stamina|boost\n|-boost|p1a: Archaludon|def|1\n|move|p1a: Archaludon|Snarl|p2b: Sinistcha\n|-supereffective|p2b: Sinistcha\n|-damage|p2b: Sinistcha|33\/100\n|-unboost|p2b: Sinistcha|spa|1\n|\n|-weather|RainDance|[upkeep]\n|-damage|p1b: Urshifu|62\/100 brn|[from] brn\n|upkeep\n|\n|t:|1721248435\n|switch|p2a: Terapagos|Terapagos-Stellar, L50, M, tera:Stellar|92\/100\n|turn|7\n|\n|t:|1721248479\n|move|p1b: Urshifu|Detect|p1b: Urshifu\n|-singleturn|p1b: Urshifu|Protect\n|move|p2b: Sinistcha|Rage Powder|p2b: Sinistcha\n|-singleturn|p2b: Sinistcha|move: Rage Powder\n|move|p2a: Terapagos|Tera Starstorm|p1b: Urshifu|[spread] p1a\n|-activate|p1b: Urshifu|move: Protect\n|-damage|p1a: Archaludon|0 fnt\n|faint|p1a: Archaludon\n|\n|-weather|RainDance|[upkeep]\n|-damage|p1b: Urshifu|56\/100 brn|[from] brn\n|upkeep\n|turn|8\n|\n|t:|1721248492\n|move|p2b: Sinistcha|Rage Powder|p2b: Sinistcha\n|-singleturn|p2b: Sinistcha|move: Rage Powder\n|move|p2a: Terapagos|Tera Starstorm|p1b: Urshifu\n|-supereffective|p1b: Urshifu\n|-damage|p1b: Urshifu|0 fnt\n|faint|p1b: Urshifu\n|\n|win|loungerv\n|raw|Krisuerte's rating: 1847 &rarr; <strong>1822<\/strong><br \/>(-25 for losing)\n|raw|loungerv's rating: 1763 &rarr; <strong>1788<\/strong><br \/>(+25 for winning)\n|l|\u2606Krisuerte\n|player|p1|\n","uploadtime":1721248665,"views":129,"formatid":"gen9vgc2024regg","rating":1788,"private":0,"password":null}