{"id":"gen9vgc2024regg-2162746600","format":"[Gen 9] VGC 2024 Reg G","players":["imaborat","RomanTogepi"],"log":"|j|\u2606imaborat\n|j|\u2606RomanTogepi\n|t:|1721249438\n|gametype|doubles\n|player|p1|imaborat|1|1675\n|player|p2|RomanTogepi|waiter-gen4dp|1720\n|teamsize|p1|6\n|teamsize|p2|6\n|gen|9\n|tier|[Gen 9] VGC 2024 Reg G\n|rated|\n|rule|Species Clause: Limit one of each Pok\u00e9mon\n|rule|Item Clause: Limit one of each item\n|clearpoke\n|poke|p1|Grafaiai, L50, F|\n|poke|p1|Indeedee, L50, M|\n|poke|p1|Calyrex-Shadow, L50|\n|poke|p1|Urshifu-*, L50, M|\n|poke|p1|Volcarona, L50, M|\n|poke|p1|Whimsicott, L50, M|\n|poke|p2|Miraidon, L50|\n|poke|p2|Chi-Yu, L50|\n|poke|p2|Whimsicott, L50, M|\n|poke|p2|Ogerpon-Cornerstone, L50, F|\n|poke|p2|Iron Hands, L50|\n|poke|p2|Farigiraf, L50, M|\n|teampreview|4\n|inactive|Battle timer is ON: inactive players will automatically lose when time's up. (requested by imaborat)\nRomanTogepi rejected open team sheets.\n|inactive|imaborat has 60 seconds left.\n|\n|t:|1721249474\n|start\n|switch|p1a: Whimsicott|Whimsicott, L50, M|100\/100\n|switch|p1b: Indeedee|Indeedee, L50, M|100\/100\n|switch|p2a: Chi-Yu|Chi-Yu, L50|100\/100\n|switch|p2b: Whimsicott|Whimsicott, L50, M|100\/100\n|-fieldstart|move: Psychic Terrain|[from] ability: Psychic Surge|[of] p1b: Indeedee\n|-ability|p2a: Chi-Yu|Beads of Ruin\n|turn|1\n|\n|t:|1721249499\n|move|p2b: Whimsicott|Tailwind|p2b: Whimsicott\n|-sidestart|p2: RomanTogepi|move: Tailwind\n|move|p1a: Whimsicott|Tailwind|p1a: Whimsicott\n|-sidestart|p1: imaborat|move: Tailwind\n|move|p1b: Indeedee|Hyper Voice|p2b: Whimsicott|[spread] p2a,p2b\n|-damage|p2a: Chi-Yu|71\/100\n|-damage|p2b: Whimsicott|31\/100\n|move|p2a: Chi-Yu|Snarl|p1a: Whimsicott|[spread] p1a,p1b\n|-resisted|p1a: Whimsicott\n|-supereffective|p1b: Indeedee\n|-damage|p1a: Whimsicott|87\/100\n|-damage|p1b: Indeedee|28\/100\n|-unboost|p1b: Indeedee|spa|1\n|\n|upkeep\n|turn|2\n|inactive|RomanTogepi has 30 seconds left.\n|\n|t:|1721249532\n|switch|p1a: Grafaiai|Grafaiai, L50, F|100\/100\n|-enditem|p1a: Grafaiai|Psychic Seed\n|-boost|p1a: Grafaiai|spd|1|[from] item: Psychic Seed\n|move|p1b: Indeedee|Hyper Voice|p2b: Whimsicott|[spread] p2a,p2b\n|-crit|p2a: Chi-Yu\n|-damage|p2a: Chi-Yu|24\/100\n|-damage|p2b: Whimsicott|0 fnt\n|faint|p2b: Whimsicott\n|move|p2a: Chi-Yu|Heat Wave|p1a: Grafaiai|[spread] p1a,p1b\n|-damage|p1a: Grafaiai|55\/100\n|-damage|p1b: Indeedee|0 fnt\n|faint|p1b: Indeedee\n|\n|upkeep\n|\n|t:|1721249556\n|switch|p2b: Farigiraf|Farigiraf, L50, M|100\/100\n|switch|p1b: Calyrex|Calyrex-Shadow, L50|100\/100\n|-ability|p1b: Calyrex|As One\n|-ability|p1b: Calyrex|Unnerve\n|turn|3\n|inactive|RomanTogepi has 30 seconds left.\n|inactive|RomanTogepi has 20 seconds left.\n|l|\u2606RomanTogepi\n|inactive|RomanTogepi disconnected and has a minute to reconnect!\n|player|p2|\n|inactive|RomanTogepi has 15 seconds left.\n|inactive|RomanTogepi has 10 seconds left.\n|j|\u2606RomanTogepi\n|inactive|RomanTogepi reconnected and has 10 seconds left.\n|player|p2|RomanTogepi|waiter-gen4dp|\n|inactive|RomanTogepi has 5 seconds left.\n|\n|t:|1721249610\n|-terastallize|p1b: Calyrex|Water\n|-terastallize|p2b: Farigiraf|Dark\n|move|p2a: Chi-Yu|Protect|p2a: Chi-Yu\n|-singleturn|p2a: Chi-Yu|Protect\n|move|p1a: Grafaiai|Taunt|p2b: Farigiraf\n|-start|p2b: Farigiraf|move: Taunt\n|move|p1b: Calyrex|Tera Blast|p2a: Chi-Yu|[anim] Tera Blast Water\n|-activate|p2a: Chi-Yu|move: Protect\n|cant|p2b: Farigiraf|move: Taunt|Trick Room\n|\n|upkeep\n|turn|4\n|j| asacado\n|inactive|RomanTogepi has 30 seconds left.\n|\n|t:|1721249638\n|switch|p2a: Miraidon|Miraidon, L50|100\/100\n|-fieldstart|move: Electric Terrain|[from] ability: Hadron Engine|[of] p2a: Miraidon\n|move|p1a: Grafaiai|Acid Spray|p2b: Farigiraf\n|-damage|p2b: Farigiraf|88\/100\n|-unboost|p2b: Farigiraf|spd|2\n|move|p1b: Calyrex|Tera Blast|p2a: Miraidon|[anim] Tera Blast Water\n|-resisted|p2a: Miraidon\n|-crit|p2a: Miraidon\n|-damage|p2a: Miraidon|57\/100\n|-damage|p1b: Calyrex|91\/100|[from] item: Life Orb\n|move|p2b: Farigiraf|Psychic|p1a: Grafaiai\n|-supereffective|p1a: Grafaiai\n|-damage|p1a: Grafaiai|0 fnt\n|faint|p1a: Grafaiai\n|\n|-sideend|p1: imaborat|move: Tailwind\n|-sideend|p2: RomanTogepi|move: Tailwind\n|upkeep\n|\n|t:|1721249653\n|switch|p1a: Whimsicott|Whimsicott, L50, M|87\/100\n|turn|5\n|\n|t:|1721249673\n|move|p1b: Calyrex|Astral Barrage|p2a: Miraidon|[spread] p2a,p2b\n|-resisted|p2b: Farigiraf\n|-damage|p2a: Miraidon|0 fnt\n|-damage|p2b: Farigiraf|9\/100\n|faint|p2a: Miraidon\n|-ability|p1b: Calyrex|Grim Neigh|boost\n|-boost|p1b: Calyrex|spa|1\n|-damage|p1b: Calyrex|81\/100|[from] item: Life Orb\n|move|p1a: Whimsicott|Moonblast|p2b: Farigiraf\n|-supereffective|p2b: Farigiraf\n|-crit|p2b: Farigiraf\n|-damage|p2b: Farigiraf|0 fnt\n|faint|p2b: Farigiraf\n|\n|upkeep\n|\n|t:|1721249678\n|switch|p2b: Chi-Yu|Chi-Yu, L50|24\/100\n|-ability|p2b: Chi-Yu|Beads of Ruin\n|turn|6\n|-message|RomanTogepi forfeited.\n|\n|win|imaborat\n|raw|imaborat's rating: 1675 &rarr; <strong>1698<\/strong><br \/>(+23 for winning)\n|raw|RomanTogepi's rating: 1720 &rarr; <strong>1697<\/strong><br \/>(-23 for losing)\n|l|\u2606RomanTogepi\n|player|p2|\n|l| asacado\n|l|\u2606imaborat\n|player|p1|\n","uploadtime":1721249911,"views":10,"formatid":"gen9vgc2024regg","rating":1697,"private":0,"password":null}