{"id":"gen9vgc2024regg-2162764214","format":"[Gen 9] VGC 2024 Reg G","players":["Short man swag","SOLOLUMINEONING"],"log":"|j|\u2606Short man swag\n|j|\u2606SOLOLUMINEONING\n|t:|1721251544\n|gametype|doubles\n|player|p1|Short man swag|170|1733\n|player|p2|SOLOLUMINEONING|magmasuit|1715\n|teamsize|p1|6\n|teamsize|p2|6\n|gen|9\n|tier|[Gen 9] VGC 2024 Reg G\n|rated|\n|rule|Species Clause: Limit one of each Pok\u00e9mon\n|rule|Item Clause: Limit one of each item\n|clearpoke\n|poke|p1|Lunala, L50|\n|poke|p1|Indeedee-F, L50, F|\n|poke|p1|Tornadus, L50, M|\n|poke|p1|Urshifu-*, L50, M|\n|poke|p1|Ursaluna, L50, F|\n|poke|p1|Ogerpon, L50, F|\n|poke|p2|Kyogre, L50|\n|poke|p2|Overqwil, L50, F|\n|poke|p2|Landorus, L50, M|\n|poke|p2|Ditto, L50|\n|poke|p2|Tsareena, L50, F|\n|poke|p2|Tornadus, L50, M|\n|teampreview|4\n|inactive|Battle timer is ON: inactive players will automatically lose when time's up. (requested by SOLOLUMINEONING)\n|\n|t:|1721251562\n|start\n|switch|p1a: Tornadus|Tornadus, L50, M|100\/100\n|switch|p1b: Urshifu|Urshifu-Rapid-Strike, L50, M|100\/100\n|switch|p2a: Tornadus|Tornadus, L50, M|100\/100\n|switch|p2b: Landorus|Landorus, L50, M|100\/100\n|turn|1\n|\n|t:|1721251586\n|-terastallize|p1b: Urshifu|Water\n|move|p1a: Tornadus|Rain Dance|p1a: Tornadus\n|-weather|RainDance\n|move|p2a: Tornadus|Tailwind|p2a: Tornadus\n|-sidestart|p2: SOLOLUMINEONING|move: Tailwind\n|move|p1b: Urshifu|Aqua Jet|p2b: Landorus\n|-supereffective|p2b: Landorus\n|-damage|p2b: Landorus|0 fnt\n|faint|p2b: Landorus\n|\n|-weather|RainDance|[upkeep]\n|upkeep\n|\n|t:|1721251597\n|switch|p2b: Kyogre|Kyogre, L50, shiny|100\/100\n|turn|2\n|\n|t:|1721251611\n|switch|p1b: Lunala|Lunala, L50|100\/100\n|move|p2a: Tornadus|Scary Face|p1a: Tornadus\n|-unboost|p1a: Tornadus|spe|2\n|move|p1a: Tornadus|Tailwind|p1a: Tornadus\n|-sidestart|p1: Short man swag|move: Tailwind\n|move|p2b: Kyogre|Water Spout|p1b: Lunala|[spread] p1a,p1b\n|-enditem|p1a: Tornadus|Focus Sash\n|-damage|p1a: Tornadus|1\/100\n|-damage|p1b: Lunala|60\/100\n|\n|-weather|RainDance|[upkeep]\n|upkeep\n|turn|3\n|\n|t:|1721251628\n|move|p2a: Tornadus|Scary Face|p1b: Lunala\n|-unboost|p1b: Lunala|spe|2\n|move|p2b: Kyogre|Water Spout|p1b: Lunala|[spread] p1a,p1b\n|-damage|p1a: Tornadus|0 fnt\n|-damage|p1b: Lunala|0 fnt\n|faint|p1a: Tornadus\n|faint|p1b: Lunala\n|\n|-weather|RainDance|[upkeep]\n|upkeep\n|\n|t:|1721251638\n|switch|p1a: Indeedee|Indeedee-F, L50, F, shiny|100\/100\n|switch|p1b: Urshifu|Urshifu-Rapid-Strike, L50, M, tera:Water|100\/100\n|-fieldstart|move: Psychic Terrain|[from] ability: Psychic Surge|[of] p1a: Indeedee\n|turn|4\n|inactive|SOLOLUMINEONING has 30 seconds left.\n|\n|t:|1721251671\n|move|p2b: Kyogre|Hydro Pump|p1b: Urshifu\n|-resisted|p1b: Urshifu\n|-damage|p1b: Urshifu|30\/100\n|move|p2a: Tornadus|Hurricane|p1b: Urshifu\n|-damage|p1b: Urshifu|0 fnt\n|faint|p1b: Urshifu\n|move|p1a: Indeedee|Alluring Voice|p2a: Tornadus\n|-damage|p2a: Tornadus|78\/100\n|\n|-weather|RainDance|[upkeep]\n|-sideend|p2: SOLOLUMINEONING|move: Tailwind\n|upkeep\n|turn|5\n|c|\u2606SOLOLUMINEONING|ha\n|-message|Short man swag forfeited.\n|\n|win|SOLOLUMINEONING\n|raw|Short man swag's rating: 1733 &rarr; <strong>1712<\/strong><br \/>(-21 for losing)\n|raw|SOLOLUMINEONING's rating: 1715 &rarr; <strong>1736<\/strong><br \/>(+21 for winning)\n|l|\u2606Short man swag\n|player|p1|\n|l|\u2606SOLOLUMINEONING\n|player|p2|\n","uploadtime":1721251849,"views":20,"formatid":"gen9vgc2024regg","rating":1712,"private":0,"password":null}