{"id":"gen9vgc2024regg-2162803415","format":"[Gen 9] VGC 2024 Reg G","players":["Short man swag","Shinratenseivgc"],"log":"|j|\u2606Short man swag\n|j|\u2606Shinratenseivgc\n|t:|1721256502\n|gametype|doubles\n|player|p1|Short man swag|170|1734\n|player|p2|Shinratenseivgc|265|1691\n|teamsize|p1|6\n|teamsize|p2|6\n|gen|9\n|tier|[Gen 9] VGC 2024 Reg G\n|rated|\n|rule|Species Clause: Limit one of each Pok\u00e9mon\n|rule|Item Clause: Limit one of each item\n|clearpoke\n|poke|p1|Lunala, L50|\n|poke|p1|Indeedee-F, L50, F|\n|poke|p1|Tornadus, L50, M|\n|poke|p1|Urshifu-*, L50, M|\n|poke|p1|Ursaluna, L50, F|\n|poke|p1|Ogerpon, L50, F|\n|poke|p2|Kyogre, L50|\n|poke|p2|Tornadus, L50, M|\n|poke|p2|Tsareena, L50, F|\n|poke|p2|Flutter Mane, L50|\n|poke|p2|Urshifu-*, L50, F|\n|poke|p2|Ogerpon-Hearthflame, L50, F|\n|teampreview|4\n|inactive|Battle timer is ON: inactive players will automatically lose when time's up. (requested by Short man swag)\n|\n|t:|1721256527\n|start\n|switch|p1a: Urshifu|Urshifu-Rapid-Strike, L50, M|100\/100\n|switch|p1b: Tornadus|Tornadus, L50, M|100\/100\n|switch|p2a: Flutter Mane|Flutter Mane, L50|100\/100\n|switch|p2b: Tornadus|Tornadus, L50, M|100\/100\n|-enditem|p2a: Flutter Mane|Booster Energy\n|-activate|p2a: Flutter Mane|ability: Protosynthesis|[fromitem]\n|-start|p2a: Flutter Mane|protosynthesisspe\n|turn|1\n|\n|t:|1721256551\n|move|p1b: Tornadus|Tailwind|p1b: Tornadus\n|-sidestart|p1: Short man swag|move: Tailwind\n|move|p2b: Tornadus|Tailwind|p2b: Tornadus\n|-sidestart|p2: Shinratenseivgc|move: Tailwind\n|move|p2a: Flutter Mane|Taunt|p1b: Tornadus\n|-start|p1b: Tornadus|move: Taunt\n|move|p1a: Urshifu|Surging Strikes|p2b: Tornadus\n|-crit|p2b: Tornadus\n|-damage|p2b: Tornadus|58\/100\n|-crit|p2b: Tornadus\n|-damage|p2b: Tornadus|16\/100\n|-crit|p2b: Tornadus\n|-damage|p2b: Tornadus|0 fnt\n|faint|p2b: Tornadus\n|-hitcount|p2: Tornadus|3\n|\n|upkeep\n|\n|t:|1721256567\n|switch|p2b: Kyogre|Kyogre, L50|100\/100\n|-weather|RainDance|[from] ability: Drizzle|[of] p2b: Kyogre\n|turn|2\n|\n|t:|1721256575\n|-terastallize|p2b: Kyogre|Water\n|move|p2a: Flutter Mane|Icy Wind|p1a: Urshifu|[spread] p1a,p1b\n|-resisted|p1a: Urshifu\n|-supereffective|p1b: Tornadus\n|-damage|p1a: Urshifu|91\/100\n|-damage|p1b: Tornadus|62\/100\n|-unboost|p1a: Urshifu|spe|1\n|-unboost|p1b: Tornadus|spe|1\n|move|p2b: Kyogre|Water Spout|p1a: Urshifu|[spread] p1a,p1b\n|-resisted|p1a: Urshifu\n|-damage|p1a: Urshifu|0 fnt\n|-damage|p1b: Tornadus|0 fnt\n|faint|p1a: Urshifu\n|faint|p1b: Tornadus\n|\n|-weather|RainDance|[upkeep]\n|upkeep\n|\n|t:|1721256590\n|switch|p1b: Ogerpon|Ogerpon, L50, F|100\/100\n|switch|p1a: Lunala|Lunala, L50|100\/100\n|turn|3\n|j| TheOnlyJayke\n|\n|t:|1721256601\n|-terastallize|p1a: Lunala|Grass\n|move|p2b: Kyogre|Protect|p2b: Kyogre\n|-singleturn|p2b: Kyogre|Protect\n|move|p2a: Flutter Mane|Taunt|p1a: Lunala\n|-start|p1a: Lunala|move: Taunt\n|move|p1b: Ogerpon|Ivy Cudgel|p2b: Kyogre\n|-activate|p2b: Kyogre|move: Protect\n|cant|p1a: Lunala|move: Taunt|Trick Room\n|\n|-weather|RainDance|[upkeep]\n|upkeep\n|turn|4\n|l| TheOnlyJayke\n|\n|t:|1721256617\n|move|p2a: Flutter Mane|Icy Wind|p1a: Lunala|[spread] p1a,p1b\n|-supereffective|p1a: Lunala\n|-supereffective|p1b: Ogerpon\n|-damage|p1a: Lunala|89\/100\n|-damage|p1b: Ogerpon|68\/100\n|-unboost|p1a: Lunala|spe|1\n|move|p1b: Ogerpon|Ivy Cudgel|p2b: Kyogre\n|-supereffective|p2b: Kyogre\n|-damage|p2b: Kyogre|0 fnt\n|faint|p2b: Kyogre\n|move|p1a: Lunala|Moongeist Beam|p2a: Flutter Mane\n|-supereffective|p2a: Flutter Mane\n|-damage|p2a: Flutter Mane|0 fnt\n|faint|p2a: Flutter Mane\n|-end|p2a: Flutter Mane|Protosynthesis|[silent]\n|\n|-weather|RainDance|[upkeep]\n|-sideend|p1: Short man swag|move: Tailwind\n|-sideend|p2: Shinratenseivgc|move: Tailwind\n|upkeep\n|\n|t:|1721256635\n|switch|p2a: Urshifu|Urshifu-Rapid-Strike, L50, F|100\/100\n|turn|5\n|\n|t:|1721256640\n|move|p2a: Urshifu|U-turn|p1b: Ogerpon\n|-supereffective|p1b: Ogerpon\n|-damage|p1b: Ogerpon|4\/100\n|move|p1b: Ogerpon|Ivy Cudgel|p2a: Urshifu\n|-supereffective|p2a: Urshifu\n|-damage|p2a: Urshifu|0 fnt\n|faint|p2a: Urshifu\n|\n|win|Short man swag\n|raw|Short man swag's rating: 1734 &rarr; <strong>1752<\/strong><br \/>(+18 for winning)\n|raw|Shinratenseivgc's rating: 1691 &rarr; <strong>1673<\/strong><br \/>(-18 for losing)\n|l|\u2606Shinratenseivgc\n|player|p2|\n|l|\u2606Short man swag\n|player|p1|\n","uploadtime":1721256831,"views":51,"formatid":"gen9vgc2024regg","rating":1673,"private":0,"password":null}