{"id":"gen9vgc2024regg-2162737917","format":"[Gen 9] VGC 2024 Reg G","players":["RomanTogepi","roseyradio"],"log":"|j|\u2606RomanTogepi\n|j|\u2606roseyradio\n|t:|1721248444\n|gametype|doubles\n|player|p1|RomanTogepi|waiter-gen4dp|1737\n|player|p2|roseyradio|skier|1785\n|teamsize|p1|6\n|teamsize|p2|6\n|gen|9\n|tier|[Gen 9] VGC 2024 Reg G\n|rated|\n|rule|Species Clause: Limit one of each Pok\u00e9mon\n|rule|Item Clause: Limit one of each item\n|clearpoke\n|poke|p1|Miraidon, L50|\n|poke|p1|Chi-Yu, L50|\n|poke|p1|Whimsicott, L50, F|\n|poke|p1|Ogerpon-Cornerstone, L50, F|\n|poke|p1|Iron Hands, L50|\n|poke|p1|Farigiraf, L50, M|\n|poke|p2|Calyrex-Ice, L50|\n|poke|p2|Smeargle, L50, F|\n|poke|p2|Ursaluna-Bloodmoon, L50, M|\n|poke|p2|Indeedee-F, L50, F|\n|poke|p2|Amoonguss, L50, M|\n|poke|p2|Raging Bolt, L50|\n|teampreview|4\n|j| andy8105\n|j| jillybeanlover\n|\n|t:|1721248480\n|start\n|switch|p1a: Iron Hands|Iron Hands, L50|100\/100\n|switch|p1b: Ogerpon|Ogerpon-Cornerstone, L50, F|100\/100\n|switch|p2a: Calyrex|Calyrex-Ice, L50|100\/100\n|switch|p2b: Bettina|Indeedee-F, L50, F|100\/100\n|-ability|p2a: Calyrex|As One\n|-ability|p2a: Calyrex|Unnerve\n|-fieldstart|move: Psychic Terrain|[from] ability: Psychic Surge|[of] p2b: Bettina\n|turn|1\n|inactive|Battle timer is ON: inactive players will automatically lose when time's up. (requested by roseyradio)\n|\n|t:|1721248499\n|move|p2b: Bettina|Follow Me|p2b: Bettina\n|-singleturn|p2b: Bettina|move: Follow Me\n|move|p1b: Ogerpon|Ivy Cudgel|p2b: Bettina|[anim] Ivy Cudgel Rock\n|-damage|p2b: Bettina|46\/100\n|move|p2a: Calyrex|Glacial Lance|p1b: Ogerpon|[spread] p1a,p1b\n|-supereffective|p1b: Ogerpon\n|-damage|p1a: Iron Hands|59\/100\n|-ability|p1b: Ogerpon|Sturdy\n|-damage|p1b: Ogerpon|1\/100\n|move|p1a: Iron Hands|Drain Punch|p2b: Bettina\n|-crit|p2b: Bettina\n|-damage|p2b: Bettina|0 fnt\n|-heal|p1a: Iron Hands|75\/100|[from] drain|[of] p2b: Bettina\n|faint|p2b: Bettina\n|\n|upkeep\n|l| jillybeanlover\n|\n|t:|1721248520\n|switch|p2b: Ursaluna|Ursaluna-Bloodmoon, L50, M|100\/100\n|turn|2\n|inactive|RomanTogepi has 30 seconds left.\n|\n|t:|1721248546\n|-terastallize|p2a: Calyrex|Water\n|move|p1b: Ogerpon|Ivy Cudgel|p2a: Calyrex|[anim] Ivy Cudgel Rock\n|-crit|p2a: Calyrex\n|-damage|p2a: Calyrex|41\/100\n|move|p2b: Ursaluna|Hyper Voice|p1a: Iron Hands|[spread] p1a,p1b\n|-resisted|p1b: Ogerpon\n|-damage|p1a: Iron Hands|50\/100\n|-damage|p1b: Ogerpon|0 fnt\n|faint|p1b: Ogerpon\n|-damage|p2b: Ursaluna|91\/100|[from] item: Life Orb\n|move|p1a: Iron Hands|Drain Punch|p2a: Calyrex\n|-damage|p2a: Calyrex|14\/100\n|-heal|p1a: Iron Hands|63\/100|[from] drain|[of] p2a: Calyrex\n|move|p2a: Calyrex|Trick Room|p2a: Calyrex\n|-fieldstart|move: Trick Room|[of] p2a: Calyrex\n|\n|upkeep\n|\n|t:|1721248559\n|switch|p1b: Whimsicott|Whimsicott, L50, F|100\/100\n|turn|3\n|\n|t:|1721248580\n|-end|p1a: Iron Hands|Quark Drive|[silent]\n|switch|p1a: Miraidon|Miraidon, L50|100\/100\n|-fieldstart|move: Electric Terrain|[from] ability: Hadron Engine|[of] p1a: Miraidon\n|switch|p2a: Stephen|Amoonguss, L50, M|100\/100\n|move|p1b: Whimsicott|Encore||[still]\n|-fail|p1b: Whimsicott\n|move|p2b: Ursaluna|Hyper Voice|p1a: Miraidon|[spread] p1a,p1b\n|-damage|p1a: Miraidon|49\/100\n|-damage|p1b: Whimsicott|16\/100\n|-damage|p2b: Ursaluna|81\/100|[from] item: Life Orb\n|\n|upkeep\n|turn|4\n|c|\u2606roseyradio|Cheeky\n|\n|t:|1721248603\n|switch|p1a: Iron Hands|Iron Hands, L50|63\/100\n|-activate|p1a: Iron Hands|ability: Quark Drive\n|-start|p1a: Iron Hands|quarkdriveatk\n|move|p1b: Whimsicott|Encore|p2b: Ursaluna\n|-start|p2b: Ursaluna|Encore\n|move|p2a: Stephen|Pollen Puff|p2b: Ursaluna\n|-heal|p2b: Ursaluna|100\/100\n|move|p2b: Ursaluna|Hyper Voice|p1b: Whimsicott|[spread] p1a,p1b\n|-damage|p1a: Iron Hands|39\/100\n|-damage|p1b: Whimsicott|0 fnt\n|faint|p1b: Whimsicott\n|-damage|p2b: Ursaluna|91\/100|[from] item: Life Orb\n|\n|upkeep\n|\n|t:|1721248620\n|switch|p1b: Miraidon|Miraidon, L50|49\/100\n|-activate|p1b: Miraidon|ability: Hadron Engine\n|turn|5\n|inactive|RomanTogepi has 30 seconds left.\n|\n|t:|1721248654\n|-terastallize|p1b: Miraidon|Electric\n|move|p2a: Stephen|Rage Powder|p2a: Stephen\n|-singleturn|p2a: Stephen|move: Rage Powder\n|move|p1a: Iron Hands|Drain Punch|p2a: Stephen\n|-resisted|p2a: Stephen\n|-damage|p2a: Stephen|81\/100\n|-heal|p1a: Iron Hands|48\/100|[from] drain|[of] p2a: Stephen\n|move|p2b: Ursaluna|Hyper Voice|p1b: Miraidon|[spread] p1a,p1b\n|-damage|p1a: Iron Hands|25\/100\n|-damage|p1b: Miraidon|5\/100\n|-damage|p2b: Ursaluna|81\/100|[from] item: Life Orb\n|move|p1b: Miraidon|Dazzling Gleam|p2a: Stephen|[spread] p2a,p2b\n|-resisted|p2a: Stephen\n|-damage|p2a: Stephen|60\/100\n|-damage|p2b: Ursaluna|27\/100\n|\n|upkeep\n|turn|6\n|j| chuanOVO\n|\n|t:|1721248671\n|move|p2a: Stephen|Rage Powder|p2a: Stephen\n|-singleturn|p2a: Stephen|move: Rage Powder\n|move|p1a: Iron Hands|Drain Punch|p2a: Stephen\n|-resisted|p2a: Stephen\n|-damage|p2a: Stephen|40\/100\n|-heal|p1a: Iron Hands|34\/100|[from] drain|[of] p2a: Stephen\n|move|p2b: Ursaluna|Hyper Voice|p1a: Iron Hands|[spread] p1a,p1b\n|-damage|p1a: Iron Hands|10\/100\n|-damage|p1b: Miraidon|0 fnt\n|faint|p1b: Miraidon\n|-damage|p2b: Ursaluna|17\/100|[from] item: Life Orb\n|\n|-end|p2b: Ursaluna|Encore\n|-fieldend|move: Trick Room\n|upkeep\n|turn|7\n|\n|t:|1721248675\n|move|p2a: Stephen|Rage Powder|p2a: Stephen\n|-singleturn|p2a: Stephen|move: Rage Powder\n|move|p2b: Ursaluna|Hyper Voice|p1a: Iron Hands\n|-damage|p1a: Iron Hands|0 fnt\n|faint|p1a: Iron Hands\n|-end|p1a: Iron Hands|Quark Drive|[silent]\n|-damage|p2b: Ursaluna|7\/100|[from] item: Life Orb\n|\n|win|roseyradio\n|raw|RomanTogepi's rating: 1737 &rarr; <strong>1720<\/strong><br \/>(-17 for losing)\n|raw|roseyradio's rating: 1785 &rarr; <strong>1802<\/strong><br \/>(+17 for winning)\n|l|\u2606RomanTogepi\n|player|p1|\n|l|\u2606roseyradio\n|player|p2|\n|l| andy8105\n|l| chuanOVO\n","uploadtime":1721248942,"views":8,"formatid":"gen9vgc2024regg","rating":1720,"private":0,"password":null}