{"id":"gen9vgc2024regg-2162755756","format":"[Gen 9] VGC 2024 Reg G","players":["Phononmode","imaborat"],"log":"|j|\u2606Phononmode\n|j|\u2606imaborat\n|t:|1721250527\n|gametype|doubles\n|player|p1|Phononmode|170|1728\n|player|p2|imaborat|1|1679\n|teamsize|p1|6\n|teamsize|p2|6\n|gen|9\n|tier|[Gen 9] VGC 2024 Reg G\n|rated|\n|rule|Species Clause: Limit one of each Pok\u00e9mon\n|rule|Item Clause: Limit one of each item\n|clearpoke\n|poke|p1|Terapagos, L50, M|\n|poke|p1|Incineroar, L50, M|\n|poke|p1|Chi-Yu, L50|\n|poke|p1|Dondozo, L50, F|\n|poke|p1|Tatsugiri, L50, M|\n|poke|p1|Rillaboom, L50, M|\n|poke|p2|Grafaiai, L50, M|\n|poke|p2|Indeedee, L50, M|\n|poke|p2|Calyrex-Shadow, L50|\n|poke|p2|Urshifu-*, L50, F|\n|poke|p2|Volcarona, L50, M|\n|poke|p2|Whimsicott, L50, M|\n|teampreview|4\n|inactive|Battle timer is ON: inactive players will automatically lose when time's up. (requested by imaborat)\n|inactive|imaborat has 60 seconds left.\n|\n|t:|1721250566\n|start\n|switch|p1a: Chi-Yu|Chi-Yu, L50|100\/100\n|switch|p1b: Terapagos|Terapagos, L50, M|100\/100\n|switch|p2a: Volcarona|Volcarona, L50, M|100\/100\n|switch|p2b: Indeedee|Indeedee, L50, M|100\/100\n|-activate|p1b: Terapagos|ability: Tera Shift\n|detailschange|p1b: Terapagos|Terapagos-Terastal, L50, M\n|-heal|p1b: Terapagos|100\/100|[silent]\n|-fieldstart|move: Psychic Terrain|[from] ability: Psychic Surge|[of] p2b: Indeedee\n|-ability|p1a: Chi-Yu|Beads of Ruin\n|turn|1\n|j| asacado\n|\n|t:|1721250584\n|move|p2b: Indeedee|Hyper Voice|p1b: Terapagos|[spread] p1a,p1b\n|-activate|p1b: Terapagos|ability: Tera Shell\n|-resisted|p1b: Terapagos\n|-damage|p1a: Chi-Yu|65\/100\n|-damage|p1b: Terapagos|80\/100\n|move|p1a: Chi-Yu|Snarl|p2b: Indeedee|[spread] p2a,p2b\n|-supereffective|p2b: Indeedee\n|-damage|p2a: Volcarona|69\/100\n|-damage|p2b: Indeedee|3\/100\n|-unboost|p2a: Volcarona|spa|1\n|-unboost|p2b: Indeedee|spa|1\n|move|p1b: Terapagos|Tera Starstorm|p2a: Volcarona\n|-damage|p2a: Volcarona|0 fnt\n|faint|p2a: Volcarona\n|\n|upkeep\n|\n|t:|1721250603\n|switch|p2a: Grafaiai|Grafaiai, L50, M|100\/100\n|-enditem|p2a: Grafaiai|Psychic Seed\n|-boost|p2a: Grafaiai|spd|1|[from] item: Psychic Seed\n|turn|2\n|\n|t:|1721250625\n|switch|p1b: Dondozo|Dondozo, L50, F|100\/100\n|-terastallize|p1a: Chi-Yu|Ghost\n|move|p2a: Grafaiai|Acid Spray|p1a: Chi-Yu\n|-resisted|p1a: Chi-Yu\n|-damage|p1a: Chi-Yu|59\/100\n|-unboost|p1a: Chi-Yu|spd|2\n|move|p2b: Indeedee|Hyper Voice|p1b: Dondozo|[spread] p1b\n|-immune|p1a: Chi-Yu\n|-damage|p1b: Dondozo|67\/100\n|move|p1a: Chi-Yu|Snarl|p2b: Indeedee|[spread] p2a,p2b\n|-supereffective|p2b: Indeedee\n|-damage|p2a: Grafaiai|70\/100\n|-damage|p2b: Indeedee|0 fnt\n|-unboost|p2a: Grafaiai|spa|1\n|faint|p2b: Indeedee\n|\n|-heal|p1b: Dondozo|73\/100|[from] item: Leftovers\n|upkeep\n|\n|t:|1721250642\n|switch|p2b: Calyrex|Calyrex-Shadow, L50|100\/100\n|-ability|p2b: Calyrex|As One\n|-ability|p2b: Calyrex|Unnerve\n|turn|3\n|\n|t:|1721250651\n|switch|p1a: Tatsugiri|Tatsugiri, L50, M|100\/100\n|-activate|p1a: Tatsugiri|ability: Commander|[of] p1b: Dondozo\n|-boost|p1b: Dondozo|atk|2\n|-boost|p1b: Dondozo|spa|2\n|-boost|p1b: Dondozo|spe|2\n|-boost|p1b: Dondozo|def|2\n|-boost|p1b: Dondozo|spd|2\n|-terastallize|p2b: Calyrex|Water\n|move|p2a: Grafaiai|Acid Spray|p1b: Dondozo\n|-damage|p1b: Dondozo|68\/100\n|-unboost|p1b: Dondozo|spd|2\n|move|p2b: Calyrex|Expanding Force|p1a: Tatsugiri|[spread] p1b\n|-miss|p2b: Calyrex|p1a: Tatsugiri\n|-damage|p1b: Dondozo|0 fnt\n|faint|p1b: Dondozo\n|-ability|p2b: Calyrex|Grim Neigh|boost\n|-boost|p2b: Calyrex|spa|1\n|-damage|p2b: Calyrex|91\/100|[from] item: Life Orb\n|\n|upkeep\n|\n|t:|1721250657\n|switch|p1b: Terapagos|Terapagos-Terastal, L50, M|80\/100\n|turn|4\n|\n|t:|1721250681\n|move|p2b: Calyrex|Protect|p2b: Calyrex\n|-singleturn|p2b: Calyrex|Protect\n|move|p2a: Grafaiai|Acid Spray|p1b: Terapagos\n|-damage|p1b: Terapagos|72\/100\n|-unboost|p1b: Terapagos|spd|2\n|move|p1b: Terapagos|Tera Starstorm|p2b: Calyrex\n|-activate|p2b: Calyrex|move: Protect\n|move|p1a: Tatsugiri|Mirror Coat||[still]\n|-fail|p1a: Tatsugiri\n|\n|upkeep\n|turn|5\n|\n|t:|1721250698\n|move|p2a: Grafaiai|Acid Spray|p1a: Tatsugiri\n|-crit|p1a: Tatsugiri\n|-damage|p1a: Tatsugiri|75\/100\n|-unboost|p1a: Tatsugiri|spd|2\n|move|p2b: Calyrex|Expanding Force|p1b: Terapagos|[spread] p1a,p1b\n|-damage|p1a: Tatsugiri|0 fnt\n|-damage|p1b: Terapagos|0 fnt\n|faint|p1a: Tatsugiri\n|faint|p1b: Terapagos\n|-ability|p2b: Calyrex|Grim Neigh|boost\n|-boost|p2b: Calyrex|spa|2\n|-damage|p2b: Calyrex|81\/100|[from] item: Life Orb\n|\n|-fieldend|move: Psychic Terrain\n|upkeep\n|\n|t:|1721250705\n|switch|p1b: Chi-Yu|Chi-Yu, L50, tera:Ghost|59\/100\n|-ability|p1b: Chi-Yu|Beads of Ruin\n|turn|6\n|\n|t:|1721250714\n|move|p2a: Grafaiai|Scary Face|p1b: Chi-Yu\n|-unboost|p1b: Chi-Yu|spe|2\n|move|p2b: Calyrex|Astral Barrage|p1b: Chi-Yu\n|-supereffective|p1b: Chi-Yu\n|-damage|p1b: Chi-Yu|0 fnt\n|faint|p1b: Chi-Yu\n|-damage|p2b: Calyrex|71\/100|[from] item: Life Orb\n|\n|win|imaborat\n|raw|Phononmode's rating: 1728 &rarr; <strong>1705<\/strong><br \/>(-23 for losing)\n|raw|imaborat's rating: 1679 &rarr; <strong>1702<\/strong><br \/>(+23 for winning)\n|l|\u2606Phononmode\n|player|p1|\n|l| asacado\n|l|\u2606imaborat\n|player|p2|\n","uploadtime":1721250879,"views":22,"formatid":"gen9vgc2024regg","rating":1702,"private":0,"password":null}