{"id":"gen9vgc2024regg-2163567736","format":"[Gen 9] VGC 2024 Reg G","players":["zhengzhenwei","Crifab93"],"log":"|j|\u2606zhengzhenwei\n|j|\u2606Crifab93\n|t:|1721370728\n|gametype|doubles\n|player|p1|zhengzhenwei|102|1707\n|player|p2|Crifab93|n|1728\n|teamsize|p1|6\n|teamsize|p2|6\n|gen|9\n|tier|[Gen 9] VGC 2024 Reg G\n|rated|\n|rule|Species Clause: Limit one of each Pok\u00e9mon\n|rule|Item Clause: Limit one of each item\n|clearpoke\n|poke|p1|Incineroar, L50, M|\n|poke|p1|Pelipper, L50, F|\n|poke|p1|Rillaboom, L50, M|\n|poke|p1|Calyrex-Ice, L50|\n|poke|p1|Raging Bolt, L50|\n|poke|p1|Urshifu-*, L50, M|\n|poke|p2|Clefairy, L50, F|\n|poke|p2|Calyrex-Shadow, L50|\n|poke|p2|Rillaboom, L50, F|\n|poke|p2|Incineroar, L50, M|\n|poke|p2|Urshifu-*, L50, F|\n|poke|p2|Tornadus, L50, M|\n|teampreview|4\n|\n|t:|1721370748\n|start\n|switch|p1a: Ehrmantraut|Calyrex-Ice, L50|100\/100\n|switch|p1b: Howard|Urshifu-Rapid-Strike, L50, M|100\/100\n|switch|p2a: Rillaboom|Rillaboom, L50, F|100\/100\n|switch|p2b: Calyrex|Calyrex-Shadow, L50|100\/100\n|-ability|p2b: Calyrex|As One\n|-ability|p2b: Calyrex|Unnerve\n|-ability|p1a: Ehrmantraut|As One\n|-ability|p1a: Ehrmantraut|Unnerve\n|-fieldstart|move: Grassy Terrain|[from] ability: Grassy Surge|[of] p2a: Rillaboom\n|turn|1\n|\n|t:|1721370777\n|move|p2a: Rillaboom|Fake Out|p1b: Howard\n|-damage|p1b: Howard|87\/100\n|cant|p1b: Howard|flinch\n|move|p2b: Calyrex|Astral Barrage|p1b: Howard|[spread] p1a,p1b\n|-supereffective|p1a: Ehrmantraut\n|-damage|p1a: Ehrmantraut|42\/100\n|-damage|p1b: Howard|20\/100\n|move|p1a: Ehrmantraut|Glacial Lance|p2b: Calyrex|[spread] p2a,p2b\n|-supereffective|p2a: Rillaboom\n|-damage|p2a: Rillaboom|0 fnt\n|-damage|p2b: Calyrex|45\/100\n|faint|p2a: Rillaboom\n|-ability|p1a: Ehrmantraut|Chilling Neigh|boost\n|-boost|p1a: Ehrmantraut|atk|1\n|\n|-heal|p1b: Howard|27\/100|[from] Grassy Terrain\n|-heal|p2b: Calyrex|52\/100|[from] Grassy Terrain\n|-heal|p1a: Ehrmantraut|47\/100|[from] Grassy Terrain\n|upkeep\n|\n|t:|1721370794\n|switch|p2a: Clefairy|Clefairy, L50, F|100\/100\n|turn|2\n|\n|t:|1721370811\n|move|p1a: Ehrmantraut|Protect|p1a: Ehrmantraut\n|-singleturn|p1a: Ehrmantraut|Protect\n|move|p2a: Clefairy|Follow Me|p2a: Clefairy\n|-singleturn|p2a: Clefairy|move: Follow Me\n|move|p1b: Howard|Surging Strikes|p2a: Clefairy\n|-crit|p2a: Clefairy\n|-damage|p2a: Clefairy|81\/100\n|-crit|p2a: Clefairy\n|-damage|p2a: Clefairy|61\/100\n|-crit|p2a: Clefairy\n|-damage|p2a: Clefairy|40\/100\n|-hitcount|p2a: Clefairy|3\n|move|p2b: Calyrex|Astral Barrage|p1b: Howard|[spread] p1b\n|-activate|p1a: Ehrmantraut|move: Protect\n|-damage|p1b: Howard|0 fnt\n|faint|p1b: Howard\n|-ability|p2b: Calyrex|Grim Neigh|boost\n|-boost|p2b: Calyrex|spa|1\n|\n|-heal|p2b: Calyrex|58\/100|[from] Grassy Terrain\n|-heal|p1a: Ehrmantraut|53\/100|[from] Grassy Terrain\n|-heal|p2a: Clefairy|47\/100|[from] Grassy Terrain\n|upkeep\n|\n|t:|1721370834\n|switch|p1b: Chuck|Rillaboom, L50, M|100\/100\n|turn|3\n|\n|t:|1721370846\n|switch|p1a: Jimmy|Incineroar, L50, M|100\/100\n|-ability|p1a: Jimmy|Intimidate|boost\n|-unboost|p2a: Clefairy|atk|1\n|-unboost|p2b: Calyrex|atk|1\n|switch|p2a: Incineroar|Incineroar, L50, M|100\/100\n|-ability|p2a: Incineroar|Intimidate|boost\n|-unboost|p1a: Jimmy|atk|1\n|-unboost|p1b: Chuck|atk|1\n|-terastallize|p1b: Chuck|Normal\n|move|p2b: Calyrex|Protect|p2b: Calyrex\n|-singleturn|p2b: Calyrex|Protect\n|move|p1b: Chuck|Wood Hammer|p2b: Calyrex\n|-activate|p2b: Calyrex|move: Protect\n|\n|-heal|p2b: Calyrex|64\/100|[from] Grassy Terrain\n|upkeep\n|turn|4\n|j| jeskyv2\n|\n|t:|1721370871\n|-terastallize|p2b: Calyrex|Fairy\n|move|p1a: Jimmy|Fake Out|p2a: Incineroar\n|-damage|p2a: Incineroar|94\/100\n|cant|p2a: Incineroar|flinch\n|move|p2b: Calyrex|Nasty Plot|p2b: Calyrex\n|-boost|p2b: Calyrex|spa|2\n|move|p1b: Chuck|Wood Hammer|p2b: Calyrex\n|-damage|p2b: Calyrex|8\/100\n|-enditem|p2b: Calyrex|Sitrus Berry|[eat]\n|-heal|p2b: Calyrex|33\/100|[from] item: Sitrus Berry\n|-damage|p1b: Chuck|83\/100|[from] Recoil\n|\n|-heal|p2b: Calyrex|39\/100|[from] Grassy Terrain\n|-heal|p1b: Chuck|89\/100|[from] Grassy Terrain\n|-heal|p2a: Incineroar|99\/100|[from] Grassy Terrain\n|upkeep\n|turn|5\n|\n|t:|1721370901\n|move|p2b: Calyrex|Protect|p2b: Calyrex\n|-singleturn|p2b: Calyrex|Protect\n|move|p1b: Chuck|Wood Hammer|p2b: Calyrex\n|-activate|p2b: Calyrex|move: Protect\n|move|p1a: Jimmy|Knock Off|p2b: Calyrex\n|-activate|p2b: Calyrex|move: Protect\n|move|p2a: Incineroar|Will-O-Wisp|p1b: Chuck\n|-status|p1b: Chuck|brn\n|\n|-heal|p2b: Calyrex|45\/100|[from] Grassy Terrain\n|-heal|p1b: Chuck|95\/100 brn|[from] Grassy Terrain\n|-heal|p2a: Incineroar|100\/100|[from] Grassy Terrain\n|-damage|p1b: Chuck|89\/100 brn|[from] brn\n|-fieldend|move: Grassy Terrain\n|upkeep\n|turn|6\n|\n|t:|1721370920\n|move|p2b: Calyrex|Draining Kiss|p1b: Chuck\n|-damage|p1b: Chuck|34\/100 brn\n|-heal|p2b: Calyrex|89\/100|[from] drain|[of] p1b: Chuck\n|move|p1b: Chuck|Wood Hammer|p2b: Calyrex\n|-damage|p2b: Calyrex|67\/100\n|-damage|p1b: Chuck|27\/100 brn|[from] Recoil\n|move|p1a: Jimmy|Knock Off|p2b: Calyrex\n|-resisted|p2b: Calyrex\n|-damage|p2b: Calyrex|58\/100\n|move|p2a: Incineroar|Parting Shot|p1a: Jimmy\n|-unboost|p1a: Jimmy|atk|1\n|-unboost|p1a: Jimmy|spa|1\n|\n|t:|1721370925\n|switch|p2a: Clefairy|Clefairy, L50, F|47\/100|[from] Parting Shot\n|\n|-damage|p1b: Chuck|21\/100 brn|[from] brn\n|upkeep\n|turn|7\n|\n|t:|1721370944\n|switch|p1a: Ehrmantraut|Calyrex-Ice, L50|53\/100\n|-ability|p1a: Ehrmantraut|As One\n|-ability|p1a: Ehrmantraut|Unnerve\n|switch|p2a: Incineroar|Incineroar, L50, M|100\/100\n|-ability|p2a: Incineroar|Intimidate|boost\n|-fail|p1a: Ehrmantraut|unboost|[from] item: Clear Amulet|[of] p1a: Ehrmantraut\n|-unboost|p1b: Chuck|atk|1\n|move|p2b: Calyrex|Draining Kiss|p1a: Ehrmantraut\n|-damage|p1a: Ehrmantraut|1\/100\n|-heal|p2b: Calyrex|99\/100|[from] drain|[of] p1a: Ehrmantraut\n|move|p1b: Chuck|U-turn|p2b: Calyrex\n|-resisted|p2b: Calyrex\n|-damage|p2b: Calyrex|97\/100\n|-message|zhengzhenwei forfeited.\n|\n|win|Crifab93\n|raw|zhengzhenwei's rating: 1707 &rarr; <strong>1688<\/strong><br \/>(-19 for losing)\n|raw|Crifab93's rating: 1728 &rarr; <strong>1747<\/strong><br \/>(+19 for winning)\n|l|\u2606zhengzhenwei\n|player|p1|\n","uploadtime":1721370966,"views":17,"formatid":"gen9vgc2024regg","rating":1688,"private":0,"password":null}