{"id":"gen9vgc2024regg-2163193286","format":"[Gen 9] VGC 2024 Reg G","players":["Ringocc","Paradox Mourinho"],"log":"|j|\u2606Ringocc\n|j|\u2606Paradox Mourinho\n|t:|1721320361\n|gametype|doubles\n|player|p1|Ringocc|dawn|1729\n|player|p2|Paradox Mourinho|lance|1816\n|teamsize|p1|6\n|teamsize|p2|6\n|gen|9\n|tier|[Gen 9] VGC 2024 Reg G\n|rated|\n|rule|Species Clause: Limit one of each Pok\u00e9mon\n|rule|Item Clause: Limit one of each item\n|clearpoke\n|poke|p1|Urshifu-*, L50, M|\n|poke|p1|Amoonguss, L50, F|\n|poke|p1|Incineroar, L50, M|\n|poke|p1|Rillaboom, L50, M|\n|poke|p1|Calyrex-Shadow, L50|\n|poke|p1|Raging Bolt, L50|\n|poke|p2|Calyrex-Shadow, L50|\n|poke|p2|Maushold, L50|\n|poke|p2|Tatsugiri, L50, M|\n|poke|p2|Dondozo, L50, M|\n|poke|p2|Mienshao, L50, F|\n|poke|p2|Weezing-Galar, L50, F|\n|teampreview|4\n|inactive|Battle timer is ON: inactive players will automatically lose when time's up. (requested by Ringocc)\n|inactive|Ringocc has 60 seconds left.\n|\n|t:|1721320443\n|start\n|switch|p1a: Calyrex|Calyrex-Shadow, L50|100\/100\n|switch|p1b: Incineroar|Incineroar, L50, M, shiny|100\/100\n|switch|p2a: Calyrex|Calyrex-Shadow, L50|100\/100\n|switch|p2b: Mienshao|Mienshao, L50, F|100\/100\n|-ability|p2a: Calyrex|As One\n|-ability|p2a: Calyrex|Unnerve\n|-ability|p1a: Calyrex|As One\n|-ability|p1a: Calyrex|Unnerve\n|-ability|p1b: Incineroar|Intimidate|boost\n|-unboost|p2a: Calyrex|atk|1\n|-fail|p2b: Mienshao|unboost|Attack|[from] ability: Inner Focus|[of] p2b: Mienshao\n|turn|1\n|inactive|Ringocc has 30 seconds left.\n|inactive|Paradox Mourinho has 30 seconds left.\n|\n|t:|1721320469\n|-terastallize|p1a: Calyrex|Normal\n|-terastallize|p2a: Calyrex|Ghost\n|move|p2b: Mienshao|Fake Out|p1b: Incineroar\n|-damage|p1b: Incineroar|90\/100\n|move|p1b: Incineroar|Fake Out|p2b: Mienshao\n|-damage|p2b: Mienshao|82\/100\n|move|p1a: Calyrex|Psychic|p2b: Mienshao\n|-supereffective|p2b: Mienshao\n|-damage|p2b: Mienshao|0 fnt\n|faint|p2b: Mienshao\n|-ability|p1a: Calyrex|Grim Neigh|boost\n|-boost|p1a: Calyrex|spa|1\n|move|p2a: Calyrex|Astral Barrage|p1b: Incineroar|[spread] p1b\n|-immune|p1a: Calyrex\n|-resisted|p1b: Incineroar\n|-damage|p1b: Incineroar|47\/100\n|\n|upkeep\n|\n|t:|1721320483\n|switch|p2b: Dondozo|Dondozo, L50, M|100\/100\n|turn|2\n|\n|t:|1721320500\n|switch|p2a: Tatsugiri|Tatsugiri, L50, M|100\/100\n|-activate|p2a: Tatsugiri|ability: Commander|[of] p2b: Dondozo\n|-boost|p2b: Dondozo|atk|2\n|-boost|p2b: Dondozo|spa|2\n|-boost|p2b: Dondozo|spe|2\n|-boost|p2b: Dondozo|def|2\n|-boost|p2b: Dondozo|spd|2\n|switch|p1b: Raging Bolt|Raging Bolt, L50|100\/100\n|-enditem|p1b: Raging Bolt|Booster Energy\n|-activate|p1b: Raging Bolt|ability: Protosynthesis|[fromitem]\n|-start|p1b: Raging Bolt|protosynthesisspa\n|move|p1a: Calyrex|Astral Barrage|p2a: Tatsugiri|[spread] p2b\n|-miss|p1a: Calyrex|p2a: Tatsugiri\n|-damage|p2b: Dondozo|75\/100\n|move|p2b: Dondozo|Order Up|p1b: Raging Bolt\n|-supereffective|p1b: Raging Bolt\n|-damage|p1b: Raging Bolt|28\/100\n|-boost|p2b: Dondozo|atk|1\n|\n|-heal|p2b: Dondozo|82\/100|[from] item: Leftovers\n|upkeep\n|turn|3\n|inactive|Ringocc has 30 seconds left.\n|inactive|Paradox Mourinho has 30 seconds left.\n|\n|t:|1721320533\n|move|p1b: Raging Bolt|Thunderclap|p2b: Dondozo\n|-supereffective|p2b: Dondozo\n|-damage|p2b: Dondozo|43\/100\n|move|p1a: Calyrex|Psychic|p2b: Dondozo\n|-damage|p2b: Dondozo|23\/100\n|move|p2b: Dondozo|Order Up|p1b: Raging Bolt\n|-supereffective|p1b: Raging Bolt\n|-damage|p1b: Raging Bolt|0 fnt\n|faint|p1b: Raging Bolt\n|-end|p1b: Raging Bolt|Protosynthesis|[silent]\n|-boost|p2b: Dondozo|atk|1\n|\n|-heal|p2b: Dondozo|29\/100|[from] item: Leftovers\n|upkeep\n|inactive|Ringocc has 30 seconds left.\n|inactive|Ringocc has 20 seconds left.\n|\n|t:|1721320569\n|switch|p1b: Urshifu|Urshifu-Rapid-Strike, L50, M|100\/100\n|turn|4\n|\n|t:|1721320588\n|move|p1a: Calyrex|Protect|p1a: Calyrex\n|-singleturn|p1a: Calyrex|Protect\n|move|p1b: Urshifu|Surging Strikes|p2b: Dondozo\n|-resisted|p2b: Dondozo\n|-crit|p2b: Dondozo\n|-damage|p2b: Dondozo|22\/100\n|-resisted|p2b: Dondozo\n|-crit|p2b: Dondozo\n|-damage|p2b: Dondozo|14\/100\n|-resisted|p2b: Dondozo\n|-crit|p2b: Dondozo\n|-damage|p2b: Dondozo|7\/100\n|-hitcount|p2b: Dondozo|3\n|move|p2b: Dondozo|Wave Crash|p1a: Calyrex\n|-activate|p1a: Calyrex|move: Protect\n|\n|-heal|p2b: Dondozo|13\/100|[from] item: Leftovers\n|upkeep\n|turn|5\n|\n|t:|1721320612\n|move|p1a: Calyrex|Psychic|p2b: Dondozo\n|-damage|p2b: Dondozo|0 fnt\n|faint|p2b: Dondozo\n|-ability|p1a: Calyrex|Grim Neigh|boost\n|-boost|p1a: Calyrex|spa|1\n|move|p1b: Urshifu|Close Combat|p2a: Tatsugiri\n|-damage|p2a: Tatsugiri|0 fnt\n|-unboost|p1b: Urshifu|def|1\n|-unboost|p1b: Urshifu|spd|1\n|faint|p2a: Tatsugiri\n|\n|upkeep\n|\n|t:|1721320617\n|switch|p2b: Calyrex|Calyrex-Shadow, L50, tera:Ghost|100\/100\n|-ability|p2b: Calyrex|As One\n|-ability|p2b: Calyrex|Unnerve\n|turn|6\n|-message|Paradox Mourinho forfeited.\n|\n|win|Ringocc\n|raw|Ringocc's rating: 1729 &rarr; <strong>1752<\/strong><br \/>(+23 for winning)\n|raw|Paradox Mourinho's rating: 1790 &rarr; <strong>1767<\/strong><br \/>(-23 for losing)\n|l|\u2606Paradox Mourinho\n|player|p2|\n|j|\u2606Paradox Mourinho\n|player|p2|Paradox Mourinho|lance|\n|l|\u2606Paradox Mourinho\n|player|p2|\n|l|\u2606Ringocc\n|player|p1|\n","uploadtime":1721320860,"views":58,"formatid":"gen9vgc2024regg","rating":1752,"private":0,"password":null}