{"id":"gen9vgc2024regg-2163915564","format":"[Gen 9] VGC 2024 Reg G","players":["SubToPenglin","LasVegasVGC"],"log":"|j|\u2606SubToPenglin\n|j|\u2606LasVegasVGC\n|t:|1721421627\n|gametype|doubles\n|player|p1|SubToPenglin|dawn-gen4pt|1787\n|player|p2|LasVegasVGC|li|1679\n|teamsize|p1|6\n|teamsize|p2|6\n|gen|9\n|tier|[Gen 9] VGC 2024 Reg G\n|rated|\n|rule|Species Clause: Limit one of each Pok\u00e9mon\n|rule|Item Clause: Limit one of each item\n|clearpoke\n|poke|p1|Comfey, L50, F|\n|poke|p1|Terapagos, L50, M|\n|poke|p1|Tornadus, L50, M|\n|poke|p1|Ogerpon-Cornerstone, L50, F|\n|poke|p1|Magmar, L50, M|\n|poke|p1|Tsareena, L50, F|\n|poke|p2|Miraidon, L50|\n|poke|p2|Chi-Yu, L50|\n|poke|p2|Iron Hands, L50|\n|poke|p2|Whimsicott, L50, M|\n|poke|p2|Farigiraf, L50, M|\n|poke|p2|Ursaluna-Bloodmoon, L50, M|\n|teampreview|4\n|inactive|Battle timer is ON: inactive players will automatically lose when time's up. (requested by SubToPenglin)\n|\n|t:|1721421655\n|start\n|switch|p1a: Terapagos|Terapagos, L50, M|100\/100\n|switch|p1b: Tornadus|Tornadus, L50, M|100\/100\n|switch|p2a: Miraidon|Miraidon, L50|100\/100\n|switch|p2b: Iron Hands|Iron Hands, L50|100\/100\n|-activate|p1a: Terapagos|ability: Tera Shift\n|detailschange|p1a: Terapagos|Terapagos-Terastal, L50, M\n|-heal|p1a: Terapagos|100\/100|[silent]\n|-fieldstart|move: Electric Terrain|[from] ability: Hadron Engine|[of] p2a: Miraidon\n|-activate|p2b: Iron Hands|ability: Quark Drive\n|-start|p2b: Iron Hands|quarkdriveatk\n|turn|1\n|\n|t:|1721421671\n|move|p1a: Terapagos|Protect|p1a: Terapagos\n|-singleturn|p1a: Terapagos|Protect\n|move|p1b: Tornadus|Tailwind|p1b: Tornadus\n|-sidestart|p1: SubToPenglin|move: Tailwind\n|move|p2a: Miraidon|Volt Switch|p1b: Tornadus\n|-supereffective|p1b: Tornadus\n|-damage|p1b: Tornadus|0 fnt\n|faint|p1b: Tornadus\n|\n|t:|1721421679\n|switch|p2a: Whimsicott|Whimsicott, L50, M|100\/100|[from] Volt Switch\n|move|p2b: Iron Hands|Volt Switch|p1a: Terapagos\n|-activate|p1a: Terapagos|move: Protect\n|\n|upkeep\n|\n|t:|1721421684\n|switch|p1b: Magmar|Magmar, L50, M, shiny|100\/100\n|turn|2\n|\n|t:|1721421698\n|move|p1b: Magmar|Follow Me|p1b: Magmar\n|-singleturn|p1b: Magmar|move: Follow Me\n|move|p2a: Whimsicott|Encore|p1b: Magmar\n|-start|p1b: Magmar|Encore\n|move|p1a: Terapagos|Calm Mind|p1a: Terapagos\n|-boost|p1a: Terapagos|spa|1\n|-boost|p1a: Terapagos|spd|1\n|move|p2b: Iron Hands|Wild Charge|p1b: Magmar\n|-damage|p1b: Magmar|42\/100\n|-status|p2b: Iron Hands|brn|[from] ability: Flame Body|[of] p1b: Magmar\n|-damage|p2b: Iron Hands|90\/100 brn|[from] Recoil\n|\n|-damage|p2b: Iron Hands|84\/100 brn|[from] brn\n|upkeep\n|turn|3\n|\n|t:|1721421719\n|-terastallize|p1a: Terapagos|Stellar\n|detailschange|p1a: Terapagos|Terapagos-Stellar, L50, M, tera:Stellar\n|-heal|p1a: Terapagos|100\/100|[silent]\n|-ability|p1a: Terapagos|Teraform Zero\n|-fieldend|move: Electric Terrain\n|-end|p2b: Iron Hands|Quark Drive\n|move|p2a: Whimsicott|Protect|p2a: Whimsicott\n|-singleturn|p2a: Whimsicott|Protect\n|move|p1b: Magmar|Follow Me|p1b: Magmar\n|-singleturn|p1b: Magmar|move: Follow Me\n|move|p1a: Terapagos|Tera Starstorm|p2a: Whimsicott|[spread] p2b\n|-activate|p2a: Whimsicott|move: Protect\n|-damage|p2b: Iron Hands|56\/100 brn\n|move|p2b: Iron Hands|Volt Switch|p1b: Magmar\n|-damage|p1b: Magmar|31\/100\n|\n|t:|1721421737\n|-end|p2b: Iron Hands|Quark Drive|[silent]\n|switch|p2b: Miraidon|Miraidon, L50|100\/100|[from] Volt Switch\n|-fieldstart|move: Electric Terrain|[from] ability: Hadron Engine|[of] p2b: Miraidon\n|\n|upkeep\n|turn|4\n|\n|t:|1721421753\n|move|p1b: Magmar|Follow Me|p1b: Magmar\n|-singleturn|p1b: Magmar|move: Follow Me\n|move|p2a: Whimsicott|Tailwind|p2a: Whimsicott\n|-sidestart|p2: LasVegasVGC|move: Tailwind\n|move|p2b: Miraidon|Electro Drift|p1b: Magmar\n|-damage|p1b: Magmar|0 fnt\n|faint|p1b: Magmar\n|move|p1a: Terapagos|Earth Power|p2b: Miraidon\n|-supereffective|p2b: Miraidon\n|-damage|p2b: Miraidon|7\/100\n|\n|-sideend|p1: SubToPenglin|move: Tailwind\n|upkeep\n|\n|t:|1721421759\n|switch|p1b: Ogerpon|Ogerpon-Cornerstone, L50, F|100\/100\n|turn|5\n|j| plagueguru\n|inactive|LasVegasVGC has 30 seconds left.\n|\n|t:|1721421788\n|switch|p2b: Iron Hands|Iron Hands, L50|56\/100 brn\n|-activate|p2b: Iron Hands|ability: Quark Drive\n|-start|p2b: Iron Hands|quarkdriveatk\n|move|p2a: Whimsicott|Moonblast|p1b: Ogerpon\n|-damage|p1b: Ogerpon|60\/100\n|move|p1b: Ogerpon|Ivy Cudgel|p2a: Whimsicott|[anim] Ivy Cudgel Rock\n|-damage|p2a: Whimsicott|21\/100\n|move|p1a: Terapagos|Tera Starstorm|p2a: Whimsicott|[spread] p2a,p2b\n|-damage|p2a: Whimsicott|0 fnt\n|-damage|p2b: Iron Hands|30\/100 brn\n|faint|p2a: Whimsicott\n|\n|-damage|p2b: Iron Hands|24\/100 brn|[from] brn\n|upkeep\n|\n|t:|1721421802\n|switch|p2a: Chi-Yu|Chi-Yu, L50|100\/100\n|-ability|p2a: Chi-Yu|Beads of Ruin\n|turn|6\n|\n|t:|1721421809\n|move|p1b: Ogerpon|Spiky Shield|p1b: Ogerpon\n|-singleturn|p1b: Ogerpon|move: Protect\n|move|p1a: Terapagos|Protect|p1a: Terapagos\n|-singleturn|p1a: Terapagos|Protect\n|move|p2b: Iron Hands|Fake Out|p1a: Terapagos\n|-activate|p1a: Terapagos|move: Protect\n|move|p2a: Chi-Yu|Dark Pulse|p1b: Ogerpon\n|-activate|p1b: Ogerpon|move: Protect\n|\n|-damage|p2b: Iron Hands|18\/100 brn|[from] brn\n|upkeep\n|turn|7\n|\n|t:|1721421831\n|move|p2a: Chi-Yu|Dark Pulse|p1b: Ogerpon\n|-damage|p1b: Ogerpon|0 fnt\n|faint|p1b: Ogerpon\n|move|p2b: Iron Hands|Drain Punch|p1a: Terapagos\n|-supereffective|p1a: Terapagos\n|-damage|p1a: Terapagos|70\/100\n|-heal|p2b: Iron Hands|36\/100 brn|[from] drain|[of] p1a: Terapagos\n|move|p1a: Terapagos|Tera Starstorm|p2a: Chi-Yu|[spread] p2a,p2b\n|-damage|p2a: Chi-Yu|35\/100\n|-damage|p2b: Iron Hands|0 fnt\n|faint|p2b: Iron Hands\n|-end|p2b: Iron Hands|Quark Drive|[silent]\n|\n|-sideend|p2: LasVegasVGC|move: Tailwind\n|-fieldend|move: Electric Terrain\n|upkeep\n|\n|t:|1721421840\n|switch|p2b: Miraidon|Miraidon, L50|7\/100\n|-fieldstart|move: Electric Terrain|[from] ability: Hadron Engine|[of] p2b: Miraidon\n|turn|8\n|\n|t:|1721421847\n|-terastallize|p2b: Miraidon|Electric\n|move|p2a: Chi-Yu|Dark Pulse|p1a: Terapagos\n|-damage|p1a: Terapagos|46\/100\n|move|p2b: Miraidon|Electro Drift|p1a: Terapagos\n|-damage|p1a: Terapagos|0 fnt\n|faint|p1a: Terapagos\n|\n|win|LasVegasVGC\n|raw|SubToPenglin's rating: 1787 &rarr; <strong>1761<\/strong><br \/>(-26 for losing)\n|raw|LasVegasVGC's rating: 1679 &rarr; <strong>1705<\/strong><br \/>(+26 for winning)\n|l|\u2606SubToPenglin\n|player|p1|\n","uploadtime":1721421858,"views":45,"formatid":"gen9vgc2024regg","rating":1705,"private":0,"password":null}