{"id":"gen9vgc2024regg-2163312677","format":"[Gen 9] VGC 2024 Reg G","players":["Pauliet123","Billy_HMD"],"log":"|j|\u2606Pauliet123\n|j|\u2606Billy_HMD\n|t:|1721333945\n|gametype|doubles\n|player|p1|Pauliet123|170|1731\n|player|p2|Billy_HMD|dawn|1803\n|teamsize|p1|6\n|teamsize|p2|6\n|gen|9\n|tier|[Gen 9] VGC 2024 Reg G\n|rated|\n|rule|Species Clause: Limit one of each Pok\u00e9mon\n|rule|Item Clause: Limit one of each item\n|clearpoke\n|poke|p1|Dondozo, L50, F|\n|poke|p1|Tatsugiri, L50, F|\n|poke|p1|Glimmora, L50, F|\n|poke|p1|Farigiraf, L50, M|\n|poke|p1|Volcarona, L50, F|\n|poke|p1|Lunala, L50|\n|poke|p2|Zamazenta-*, L50|\n|poke|p2|Volcarona, L50, M|\n|poke|p2|Grimmsnarl, L50, M|\n|poke|p2|Landorus-Therian, L50, M|\n|poke|p2|Rillaboom, L50, F|\n|poke|p2|Raging Bolt, L50|\n|teampreview|4\n|inactive|Battle timer is ON: inactive players will automatically lose when time's up. (requested by Billy_HMD)\n|inactive|Billy_HMD has 60 seconds left.\n|\n|t:|1721333981\n|start\n|switch|p1a: Glimmora|Glimmora, L50, F|100\/100\n|switch|p1b: Lunala|Lunala, L50|100\/100\n|switch|p2a: Zamazenta|Zamazenta-Crowned, L50|100\/100\n|switch|p2b: Raging Bolt|Raging Bolt, L50|100\/100\n|-ability|p2a: Zamazenta|Dauntless Shield|boost\n|-boost|p2a: Zamazenta|def|1\n|turn|1\n|\n|t:|1721333995\n|-terastallize|p2b: Raging Bolt|Electric\n|move|p2a: Zamazenta|Heavy Slam|p1b: Lunala\n|-damage|p1b: Lunala|80\/100\n|move|p1a: Glimmora|Mortal Spin|p2b: Raging Bolt|[spread] p2b\n|-immune|p2a: Zamazenta\n|-damage|p2b: Raging Bolt|96\/100\n|-status|p2b: Raging Bolt|psn\n|move|p1b: Lunala|Meteor Beam||[still]\n|-prepare|p1b: Lunala|Meteor Beam\n|-boost|p1b: Lunala|spa|1\n|-enditem|p1b: Lunala|Power Herb\n|-anim|p1b: Lunala|Meteor Beam|p2b: Raging Bolt\n|-damage|p2b: Raging Bolt|54\/100 psn\n|move|p2b: Raging Bolt|Electroweb|p1b: Lunala|[spread] p1a,p1b\n|-damage|p1a: Glimmora|44\/100\n|-damage|p1b: Lunala|57\/100\n|-unboost|p1a: Glimmora|spe|1\n|-unboost|p1b: Lunala|spe|1\n|\n|-damage|p2b: Raging Bolt|41\/100 psn|[from] psn\n|upkeep\n|turn|2\n|inactive|Billy_HMD has 30 seconds left.\n|inactive|Billy_HMD has 20 seconds left.\n|\n|t:|1721334034\n|move|p2a: Zamazenta|Heavy Slam|p1b: Lunala\n|-damage|p1b: Lunala|19\/100\n|move|p2b: Raging Bolt|Electroweb|p1b: Lunala|[spread] p1a,p1b\n|-damage|p1a: Glimmora|0 fnt\n|-damage|p1b: Lunala|0 fnt\n|faint|p1a: Glimmora\n|faint|p1b: Lunala\n|\n|-damage|p2b: Raging Bolt|29\/100 psn|[from] psn\n|upkeep\n|\n|t:|1721334041\n|switch|p1a: Dondozo|Dondozo, L50, F|100\/100\n|switch|p1b: Tatsugiri|Tatsugiri, L50, F|100\/100\n|-activate|p1b: Tatsugiri|ability: Commander|[of] p1a: Dondozo\n|-boost|p1a: Dondozo|atk|2\n|-boost|p1a: Dondozo|spa|2\n|-boost|p1a: Dondozo|spe|2\n|-boost|p1a: Dondozo|def|2\n|-boost|p1a: Dondozo|spd|2\n|turn|3\n|\n|t:|1721334058\n|-terastallize|p1a: Dondozo|Grass\n|move|p2b: Raging Bolt|Thunderclap|p1a: Dondozo\n|-resisted|p1a: Dondozo\n|-damage|p1a: Dondozo|86\/100\n|move|p1a: Dondozo|Order Up|p2b: Raging Bolt\n|-damage|p2b: Raging Bolt|0 fnt\n|faint|p2b: Raging Bolt\n|-end|p2b: Raging Bolt|Protosynthesis|[silent]\n|-boost|p1a: Dondozo|atk|1\n|move|p2a: Zamazenta|Body Press|p1a: Dondozo\n|-damage|p1a: Dondozo|69\/100\n|\n|-heal|p1a: Dondozo|75\/100|[from] item: Leftovers\n|upkeep\n|\n|t:|1721334073\n|switch|p2b: Landorus|Landorus-Therian, L50, M|100\/100\n|-ability|p2b: Landorus|Intimidate|boost\n|-unboost|p1a: Dondozo|atk|1\n|-unboost|p1b: Tatsugiri|atk|1\n|turn|4\n|\n|t:|1721334092\n|move|p1a: Dondozo|Protect|p1a: Dondozo\n|-singleturn|p1a: Dondozo|Protect\n|move|p2b: Landorus|U-turn|p1a: Dondozo\n|-activate|p1a: Dondozo|move: Protect\n|move|p2a: Zamazenta|Iron Defense|p2a: Zamazenta\n|-boost|p2a: Zamazenta|def|2\n|\n|-heal|p1a: Dondozo|81\/100|[from] item: Leftovers\n|upkeep\n|turn|5\n|\n|t:|1721334099\n|move|p2b: Landorus|U-turn|p1a: Dondozo\n|-supereffective|p1a: Dondozo\n|-damage|p1a: Dondozo|62\/100\n|\n|t:|1721334101\n|switch|p2b: Volcarona|Volcarona, L50, M|100\/100|[from] U-turn\n|move|p1a: Dondozo|Wave Crash|p2a: Zamazenta\n|-damage|p2a: Zamazenta|40\/100\n|-damage|p1a: Dondozo|45\/100|[from] Recoil\n|move|p2a: Zamazenta|Body Press|p1a: Dondozo\n|-damage|p1a: Dondozo|29\/100\n|\n|-heal|p1a: Dondozo|35\/100|[from] item: Leftovers\n|upkeep\n|turn|6\n|\n|t:|1721334117\n|move|p1a: Dondozo|Earthquake|p2b: Volcarona|[spread] p2a,p2b\n|-miss|p1a: Dondozo|p1b: Tatsugiri\n|-supereffective|p2a: Zamazenta\n|-damage|p2a: Zamazenta|0 fnt\n|-damage|p2b: Volcarona|53\/100\n|faint|p2a: Zamazenta\n|move|p2b: Volcarona|Quiver Dance|p2b: Volcarona\n|-boost|p2b: Volcarona|spa|1\n|-boost|p2b: Volcarona|spd|1\n|-boost|p2b: Volcarona|spe|1\n|\n|-heal|p2b: Volcarona|59\/100|[from] item: Leftovers\n|-heal|p1a: Dondozo|41\/100|[from] item: Leftovers\n|upkeep\n|\n|t:|1721334123\n|switch|p2a: Landorus|Landorus-Therian, L50, M|100\/100\n|-ability|p2a: Landorus|Intimidate|boost\n|-unboost|p1a: Dondozo|atk|1\n|-unboost|p1b: Tatsugiri|atk|1\n|turn|7\n|\n|t:|1721334137\n|move|p2a: Landorus|U-turn|p1a: Dondozo\n|-supereffective|p1a: Dondozo\n|-damage|p1a: Dondozo|23\/100\n|move|p2b: Volcarona|Heat Wave|p1a: Dondozo|[spread] p1a\n|-miss|p2b: Volcarona|p1b: Tatsugiri\n|-supereffective|p1a: Dondozo\n|-damage|p1a: Dondozo|0 fnt\n|faint|p1a: Dondozo\n|\n|-heal|p2b: Volcarona|65\/100|[from] item: Leftovers\n|upkeep\n|turn|8\n|\n|t:|1721334144\n|move|p2a: Landorus|U-turn|p1b: Tatsugiri\n|-damage|p1b: Tatsugiri|59\/100\n|move|p1b: Tatsugiri|Muddy Water|p2b: Volcarona|[spread] p2b\n|-miss|p1b: Tatsugiri|p2a: Landorus\n|-supereffective|p2b: Volcarona\n|-damage|p2b: Volcarona|31\/100\n|move|p2b: Volcarona|Heat Wave|p1b: Tatsugiri\n|-resisted|p1b: Tatsugiri\n|-damage|p1b: Tatsugiri|35\/100\n|\n|-heal|p2b: Volcarona|37\/100|[from] item: Leftovers\n|upkeep\n|turn|9\n|\n|t:|1721334153\n|move|p2a: Landorus|U-turn|p1b: Tatsugiri\n|-damage|p1b: Tatsugiri|0 fnt\n|faint|p1b: Tatsugiri\n|\n|win|Billy_HMD\n|raw|Pauliet123's rating: 1731 &rarr; <strong>1715<\/strong><br \/>(-16 for losing)\n|raw|Billy_HMD's rating: 1803 &rarr; <strong>1819<\/strong><br \/>(+16 for winning)\n|l|\u2606Pauliet123\n|player|p1|\n|l|\u2606Billy_HMD\n|player|p2|\n","uploadtime":1721334381,"views":32,"formatid":"gen9vgc2024regg","rating":1715,"private":0,"password":null}