{"id":"gen9vgc2024regg-2163210499","format":"[Gen 9] VGC 2024 Reg G","players":["SOLOLUMINEONING","roseyradio"],"log":"|j|\u2606SOLOLUMINEONING\n|j|\u2606roseyradio\n|t:|1721322332\n|gametype|doubles\n|player|p1|SOLOLUMINEONING|magmasuit|1748\n|player|p2|roseyradio|skier|1800\n|teamsize|p1|6\n|teamsize|p2|6\n|gen|9\n|tier|[Gen 9] VGC 2024 Reg G\n|rated|\n|rule|Species Clause: Limit one of each Pok\u00e9mon\n|rule|Item Clause: Limit one of each item\n|clearpoke\n|poke|p1|Kyogre, L50|\n|poke|p1|Overqwil, L50, F|\n|poke|p1|Landorus, L50, M|\n|poke|p1|Ditto, L50|\n|poke|p1|Tsareena, L50, F|\n|poke|p1|Tornadus, L50, M|\n|poke|p2|Calyrex-Ice, L50|\n|poke|p2|Smeargle, L50, F|\n|poke|p2|Ursaluna-Bloodmoon, L50, M|\n|poke|p2|Indeedee-F, L50, F|\n|poke|p2|Amoonguss, L50, M|\n|poke|p2|Raging Bolt, L50|\n|teampreview|4\n|inactive|Battle timer is ON: inactive players will automatically lose when time's up. (requested by SOLOLUMINEONING)\n|\n|t:|1721322359\n|start\n|switch|p1a: Kyogre|Kyogre, L50, shiny|100\/100\n|switch|p1b: Tsareena|Tsareena, L50, F, shiny|100\/100\n|switch|p2a: Calyrex|Calyrex-Ice, L50|100\/100\n|switch|p2b: Bettina|Indeedee-F, L50, F|100\/100\n|-ability|p2a: Calyrex|As One\n|-ability|p2a: Calyrex|Unnerve\n|-weather|RainDance|[from] ability: Drizzle|[of] p1a: Kyogre\n|-fieldstart|move: Psychic Terrain|[from] ability: Psychic Surge|[of] p2b: Bettina\n|turn|1\n|j| a1022233002\n|inactive|SOLOLUMINEONING has 30 seconds left.\n|inactive|SOLOLUMINEONING has 20 seconds left.\n|\n|t:|1721322396\n|switch|p1b: Ditto|Ditto, L50, shiny|100\/100\n|-transform|p1b: Ditto|p2a: Calyrex|[from] ability: Imposter\n|-ability|p1b: Ditto|As One\n|-ability|p1b: Ditto|Unnerve\n|-terastallize|p2a: Calyrex|Water\n|move|p2b: Bettina|Follow Me|p2b: Bettina\n|-singleturn|p2b: Bettina|move: Follow Me\n|move|p1a: Kyogre|Water Spout|p2b: Bettina|[spread] p2a,p2b\n|-resisted|p2a: Calyrex\n|-damage|p2a: Calyrex|58\/100\n|-damage|p2b: Bettina|0 fnt\n|faint|p2b: Bettina\n|move|p2a: Calyrex|Trick Room|p2a: Calyrex\n|-fieldstart|move: Trick Room|[of] p2a: Calyrex\n|\n|-weather|RainDance|[upkeep]\n|upkeep\n|\n|t:|1721322410\n|switch|p2b: Smeargle|Smeargle, L50, F, shiny|100\/100\n|turn|2\n|inactive|SOLOLUMINEONING has 30 seconds left.\n|\n|t:|1721322435\n|move|p2b: Smeargle|Spore|p1b: Ditto\n|-activate|p1b: Ditto|item: Safety Goggles|Spore\n|move|p2a: Calyrex|Glacial Lance|p1a: Kyogre|[spread] p1a,p1b\n|-resisted|p1a: Kyogre\n|-resisted|p1b: Ditto\n|-damage|p1a: Kyogre|70\/100\n|-damage|p1b: Ditto|77\/100\n|move|p1b: Ditto|Glacial Lance|p2b: Smeargle|[spread] p2a,p2b\n|-resisted|p2a: Calyrex\n|-damage|p2a: Calyrex|40\/100\n|-damage|p2b: Smeargle|13\/100\n|move|p1a: Kyogre|Hydro Pump|p2a: Calyrex\n|-resisted|p2a: Calyrex\n|-damage|p2a: Calyrex|0 fnt\n|faint|p2a: Calyrex\n|\n|-weather|RainDance|[upkeep]\n|upkeep\n|c|\u2606roseyradio|\u2026..\n|\n|t:|1721322446\n|switch|p2a: Ursaluna|Ursaluna-Bloodmoon, L50, M|100\/100\n|turn|3\n|inactive|SOLOLUMINEONING has 30 seconds left.\n|\n|t:|1721322472\n|-terastallize|p1a: Kyogre|Grass\n|move|p2b: Smeargle|Decorate|p2a: Ursaluna\n|-boost|p2a: Ursaluna|atk|2\n|-boost|p2a: Ursaluna|spa|2\n|move|p2a: Ursaluna|Hyper Voice|p1b: Ditto|[spread] p1a,p1b\n|-damage|p1a: Kyogre|0 fnt\n|-damage|p1b: Ditto|0 fnt\n|faint|p1a: Kyogre\n|faint|p1b: Ditto\n|-damage|p2a: Ursaluna|91\/100|[from] item: Life Orb\n|\n|-weather|RainDance|[upkeep]\n|upkeep\n|\n|t:|1721322485\n|switch|p1b: Overqwil|Overqwil, L50, F, shiny|100\/100\n|switch|p1a: Tsareena|Tsareena, L50, F, shiny|100\/100\n|turn|4\n|\n|t:|1721322494\n|move|p1a: Tsareena|Protect|p1a: Tsareena\n|-singleturn|p1a: Tsareena|Protect\n|move|p1b: Overqwil|Protect|p1b: Overqwil\n|-singleturn|p1b: Overqwil|Protect\n|move|p2b: Smeargle|Spore|p1b: Overqwil\n|-activate|p1b: Overqwil|move: Protect\n|move|p2a: Ursaluna|Hyper Voice|p1b: Overqwil|[spread] \n|-activate|p1a: Tsareena|move: Protect\n|-activate|p1b: Overqwil|move: Protect\n|\n|-weather|RainDance|[upkeep]\n|upkeep\n|turn|5\n|inactive|SOLOLUMINEONING has 30 seconds left.\n|\n|t:|1721322523\n|move|p1a: Tsareena|Protect||[still]\n|-fail|p1a: Tsareena\n|move|p1b: Overqwil|Protect|p1b: Overqwil\n|-singleturn|p1b: Overqwil|Protect\n|move|p2b: Smeargle|Follow Me|p2b: Smeargle\n|-singleturn|p2b: Smeargle|move: Follow Me\n|move|p2a: Ursaluna|Hyper Voice|p1a: Tsareena|[spread] p1a\n|-activate|p1b: Overqwil|move: Protect\n|-damage|p1a: Tsareena|0 fnt\n|faint|p1a: Tsareena\n|-damage|p2a: Ursaluna|81\/100|[from] item: Life Orb\n|\n|-weather|none\n|-fieldend|move: Trick Room\n|-fieldend|move: Psychic Terrain\n|upkeep\n|turn|6\n|\n|t:|1721322531\n|move|p2b: Smeargle|Follow Me|p2b: Smeargle\n|-singleturn|p2b: Smeargle|move: Follow Me\n|move|p1b: Overqwil|Poison Jab|p2b: Smeargle\n|-damage|p2b: Smeargle|0 fnt\n|faint|p2b: Smeargle\n|-damage|p1b: Overqwil|91\/100|[from] item: Life Orb\n|move|p2a: Ursaluna|Blood Moon|p1b: Overqwil\n|-damage|p1b: Overqwil|0 fnt\n|faint|p1b: Overqwil\n|-damage|p2a: Ursaluna|72\/100|[from] item: Life Orb\n|\n|win|roseyradio\n|raw|SOLOLUMINEONING's rating: 1748 &rarr; <strong>1731<\/strong><br \/>(-17 for losing)\n|raw|roseyradio's rating: 1800 &rarr; <strong>1817<\/strong><br \/>(+17 for winning)\n|l|\u2606SOLOLUMINEONING\n|player|p1|\n","uploadtime":1721322677,"views":60,"formatid":"gen9vgc2024regg","rating":1731,"private":0,"password":null}