{"id":"gen9vgc2024regg-2163304081","format":"[Gen 9] VGC 2024 Reg G","players":["SOLOLUMINEONING","Pauliet123"],"log":"|j|\u2606SOLOLUMINEONING\n|j|\u2606Pauliet123\n|t:|1721332966\n|gametype|doubles\n|player|p1|SOLOLUMINEONING|magmasuit|1796\n|player|p2|Pauliet123|170|1710\n|teamsize|p1|6\n|teamsize|p2|6\n|gen|9\n|tier|[Gen 9] VGC 2024 Reg G\n|rated|\n|rule|Species Clause: Limit one of each Pok\u00e9mon\n|rule|Item Clause: Limit one of each item\n|clearpoke\n|poke|p1|Kyogre, L50|\n|poke|p1|Overqwil, L50, F|\n|poke|p1|Landorus, L50, M|\n|poke|p1|Ditto, L50|\n|poke|p1|Tsareena, L50, F|\n|poke|p1|Tornadus, L50, M|\n|poke|p2|Dondozo, L50, F|\n|poke|p2|Tatsugiri, L50, F|\n|poke|p2|Glimmora, L50, M|\n|poke|p2|Farigiraf, L50, F|\n|poke|p2|Volcarona, L50, M|\n|poke|p2|Lunala, L50|\n|teampreview|4\n|inactive|Battle timer is ON: inactive players will automatically lose when time's up. (requested by SOLOLUMINEONING)\n|inactive|SOLOLUMINEONING has 60 seconds left.\n|\n|t:|1721333017\n|start\n|switch|p1a: Kyogre|Kyogre, L50, shiny|100\/100\n|switch|p1b: Landorus|Landorus, L50, M|100\/100\n|switch|p2a: Glimmora|Glimmora, L50, M|100\/100\n|switch|p2b: Lunala|Lunala, L50|100\/100\n|-weather|RainDance|[from] ability: Drizzle|[of] p1a: Kyogre\n|turn|1\n|\n|t:|1721333040\n|move|p1b: Landorus|Earth Power|p2a: Glimmora\n|-supereffective|p2a: Glimmora\n|-enditem|p2a: Glimmora|Focus Sash\n|-damage|p2a: Glimmora|1\/100\n|move|p1a: Kyogre|Hydro Pump|p2a: Glimmora\n|-supereffective|p2a: Glimmora\n|-damage|p2a: Glimmora|0 fnt\n|faint|p2a: Glimmora\n|move|p2b: Lunala|Moongeist Beam|p1b: Landorus\n|-damage|p1b: Landorus|27\/100\n|\n|-weather|RainDance|[upkeep]\n|upkeep\n|inactive|Pauliet123 has 30 seconds left.\n|\n|t:|1721333071\n|switch|p2a: Dondozo|Dondozo, L50, F|100\/100\n|turn|2\n|\n|t:|1721333081\n|move|p2a: Dondozo|Protect|p2a: Dondozo\n|-singleturn|p2a: Dondozo|Protect\n|move|p1b: Landorus|Earth Power|p2b: Lunala\n|-damage|p2b: Lunala|77\/100\n|move|p1a: Kyogre|Water Spout|p2b: Lunala|[spread] p2b\n|-activate|p2a: Dondozo|move: Protect\n|-damage|p2b: Lunala|0 fnt\n|faint|p2b: Lunala\n|\n|-weather|RainDance|[upkeep]\n|upkeep\n|\n|t:|1721333089\n|switch|p2b: Tatsugiri|Tatsugiri, L50, F|100\/100\n|-activate|p2b: Tatsugiri|ability: Commander|[of] p2a: Dondozo\n|-boost|p2a: Dondozo|atk|2\n|-boost|p2a: Dondozo|spa|2\n|-boost|p2a: Dondozo|spe|2\n|-boost|p2a: Dondozo|def|2\n|-boost|p2a: Dondozo|spd|2\n|turn|3\n|\n|t:|1721333106\n|move|p1a: Kyogre|Protect|p1a: Kyogre\n|-singleturn|p1a: Kyogre|Protect\n|move|p1b: Landorus|Earth Power|p2a: Dondozo\n|-damage|p2a: Dondozo|69\/100\n|move|p2a: Dondozo|Order Up|p1a: Kyogre\n|-activate|p1a: Kyogre|move: Protect\n|\n|-weather|RainDance|[upkeep]\n|-heal|p2a: Dondozo|75\/100|[from] item: Leftovers\n|upkeep\n|turn|4\n|\n|t:|1721333121\n|switch|p1a: Tornadus|Tornadus, L50, M|100\/100\n|-terastallize|p2a: Dondozo|Grass\n|move|p1b: Landorus|Earth Power|p2a: Dondozo\n|-resisted|p2a: Dondozo\n|-damage|p2a: Dondozo|58\/100\n|move|p2a: Dondozo|Order Up|p1a: Tornadus\n|-damage|p1a: Tornadus|52\/100\n|-boost|p2a: Dondozo|atk|1\n|\n|-weather|RainDance|[upkeep]\n|-heal|p2a: Dondozo|64\/100|[from] item: Leftovers\n|upkeep\n|turn|5\n|\n|t:|1721333142\n|switch|p1b: Tsareena|Tsareena, L50, F, shiny|100\/100\n|move|p1a: Tornadus|Tailwind|p1a: Tornadus\n|-sidestart|p1: SOLOLUMINEONING|move: Tailwind\n|move|p2a: Dondozo|Order Up|p1a: Tornadus\n|-damage|p1a: Tornadus|0 fnt\n|faint|p1a: Tornadus\n|-boost|p2a: Dondozo|atk|1\n|\n|-weather|none\n|-heal|p2a: Dondozo|71\/100|[from] item: Leftovers\n|upkeep\n|\n|t:|1721333152\n|switch|p1a: Landorus|Landorus, L50, M|27\/100\n|turn|6\n|inactive|Pauliet123 has 30 seconds left.\n|inactive|Pauliet123 has 20 seconds left.\n|\n|t:|1721333190\n|-terastallize|p1b: Tsareena|Ice\n|move|p1a: Landorus|Sludge Bomb|p2a: Dondozo\n|-supereffective|p2a: Dondozo\n|-damage|p2a: Dondozo|27\/100\n|move|p1b: Tsareena|Triple Axel|p2a: Dondozo\n|-supereffective|p2a: Dondozo\n|-damage|p2a: Dondozo|19\/100\n|-supereffective|p2a: Dondozo\n|-damage|p2a: Dondozo|0 fnt\n|faint|p2a: Dondozo\n|-hitcount|p2: Dondozo|2\n|\n|upkeep\n|turn|7\n|\n|t:|1721333196\n|move|p1a: Landorus|Sludge Bomb|p2b: Tatsugiri\n|-damage|p2b: Tatsugiri|48\/100\n|move|p1b: Tsareena|Triple Axel|p2b: Tatsugiri\n|-damage|p2b: Tatsugiri|31\/100\n|-damage|p2b: Tatsugiri|1\/100\n|-damage|p2b: Tatsugiri|0 fnt\n|faint|p2b: Tatsugiri\n|-hitcount|p2: Tatsugiri|3\n|\n|win|SOLOLUMINEONING\n|raw|SOLOLUMINEONING's rating: 1796 &rarr; <strong>1810<\/strong><br \/>(+14 for winning)\n|raw|Pauliet123's rating: 1694 &rarr; <strong>1680<\/strong><br \/>(-14 for losing)\n|l|\u2606Pauliet123\n|player|p2|\n|c|\u2606SOLOLUMINEONING|i did it!\n|l|\u2606SOLOLUMINEONING\n|player|p1|\n|j|\u2606SOLOLUMINEONING\n|player|p1|SOLOLUMINEONING|magmasuit|\n|l|\u2606SOLOLUMINEONING\n|player|p1|\n","uploadtime":1721333411,"views":30,"formatid":"gen9vgc2024regg","rating":1680,"private":0,"password":null}