{"id":"gen9vgc2024regg-2163743739","format":"[Gen 9] VGC 2024 Reg G","players":["Djjwjwwjj","code_anish"],"log":"|badge|p2|bronze|gen9doublesou|100-2\n|uhtml|medal-msg|<div class=\"broadcast-blue\">Curious what those medals under the avatar are? PS now has Ladder Seasons! For more information, check out the <a href=\"https:\/\/www.smogon.com\/forums\/threads\/3740067\/\">thread on Smogon.<\/a><\/div>\n|j|\u2606Djjwjwwjj\n|j|\u2606code_anish\n|t:|1721400812\n|gametype|doubles\n|player|p1|Djjwjwwjj|101|1822\n|player|p2|code_anish|yellow|1686\n|teamsize|p1|6\n|teamsize|p2|6\n|gen|9\n|tier|[Gen 9] VGC 2024 Reg G\n|rated|\n|rule|Species Clause: Limit one of each Pok\u00e9mon\n|rule|Item Clause: Limit one of each item\n|clearpoke\n|poke|p1|Palafin, L50, F|\n|poke|p1|Calyrex-Shadow, L50|\n|poke|p1|Incineroar, L50, F|\n|poke|p1|Pelipper, L50, M|\n|poke|p1|Rillaboom, L50, M|\n|poke|p1|Maushold-Four, L50|\n|poke|p2|Miraidon, L50|\n|poke|p2|Iron Hands, L50|\n|poke|p2|Farigiraf, L50, F|\n|poke|p2|Skeledirge, L50, M|\n|poke|p2|Grimmsnarl, L50, M|\n|poke|p2|Urshifu-*, L50, F|\n|teampreview|4\n|\n|t:|1721400845\n|start\n|switch|p1a: Maushold|Maushold-Four, L50|100\/100\n|switch|p1b: Calyrex|Calyrex-Shadow, L50|100\/100\n|switch|p2a: Grimmsnarl|Grimmsnarl, L50, M|100\/100\n|switch|p2b: Miraidon|Miraidon, L50|100\/100\n|-ability|p1b: Calyrex|As One\n|-ability|p1b: Calyrex|Unnerve\n|-fieldstart|move: Electric Terrain|[from] ability: Hadron Engine|[of] p2b: Miraidon\n|turn|1\n|\n|t:|1721400863\n|switch|p1b: Rillaboom|Rillaboom, L50, M|100\/100\n|-fieldstart|move: Grassy Terrain|[from] ability: Grassy Surge|[of] p1b: Rillaboom\n|move|p2a: Grimmsnarl|Light Screen|p2a: Grimmsnarl\n|-sidestart|p2: code_anish|move: Light Screen\n|move|p2b: Miraidon|Volt Switch|p1a: Maushold\n|-damage|p1a: Maushold|34\/100\n|\n|t:|1721400873\n|switch|p2b: Farigiraf|Farigiraf, L50, F|100\/100|[from] Volt Switch\n|move|p1a: Maushold|Taunt|p2a: Grimmsnarl\n|-start|p2a: Grimmsnarl|move: Taunt\n|\n|-heal|p1a: Maushold|40\/100|[from] Grassy Terrain\n|upkeep\n|turn|2\n|\n|t:|1721400889\n|move|p1a: Maushold|Protect|p1a: Maushold\n|-singleturn|p1a: Maushold|Protect\n|move|p1b: Rillaboom|U-turn|p2b: Farigiraf\n|-supereffective|p2b: Farigiraf\n|-damage|p2b: Farigiraf|64\/100\n|\n|t:|1721400895\n|switch|p1b: Calyrex|Calyrex-Shadow, L50|100\/100|[from] U-turn\n|-ability|p1b: Calyrex|As One\n|-ability|p1b: Calyrex|Unnerve\n|move|p2a: Grimmsnarl|Spirit Break|p1a: Maushold\n|-activate|p1a: Maushold|move: Protect\n|move|p2b: Farigiraf|Trick Room|p2b: Farigiraf\n|-fieldstart|move: Trick Room|[of] p2b: Farigiraf\n|\n|-heal|p2b: Farigiraf|70\/100|[from] Grassy Terrain\n|-heal|p1a: Maushold|46\/100|[from] Grassy Terrain\n|upkeep\n|turn|3\n|inactive|Battle timer is ON: inactive players will automatically lose when time's up. (requested by Djjwjwwjj)\n|\n|t:|1721400921\n|switch|p1a: Incineroar|Incineroar, L50, F|100\/100\n|-ability|p1a: Incineroar|Intimidate|boost\n|-unboost|p2a: Grimmsnarl|atk|1\n|-unboost|p2b: Farigiraf|atk|1\n|-terastallize|p1b: Calyrex|Fairy\n|move|p2a: Grimmsnarl|Spirit Break|p1b: Calyrex\n|-damage|p1b: Calyrex|82\/100\n|move|p2b: Farigiraf|Foul Play|p1a: Incineroar\n|-resisted|p1a: Incineroar\n|-damage|p1a: Incineroar|89\/100\n|move|p1b: Calyrex|Calm Mind|p1b: Calyrex\n|-boost|p1b: Calyrex|spa|1\n|-boost|p1b: Calyrex|spd|1\n|\n|-heal|p2b: Farigiraf|76\/100|[from] Grassy Terrain\n|-heal|p1a: Incineroar|95\/100|[from] Grassy Terrain\n|-heal|p1b: Calyrex|87\/100|[from] Grassy Terrain\n|upkeep\n|turn|4\n|inactive|Djjwjwwjj has 30 seconds left.\n|inactive|Djjwjwwjj has 20 seconds left.\n|inactive|code_anish has 30 seconds left.\n|inactive|Djjwjwwjj has 15 seconds left.\n|\n|t:|1721400962\n|switch|p2b: Iron Hands|Iron Hands, L50|100\/100\n|move|p1a: Incineroar|Knock Off|p2b: Iron Hands\n|-resisted|p2b: Iron Hands\n|-damage|p2b: Iron Hands|87\/100\n|-enditem|p2b: Iron Hands|Assault Vest|[from] move: Knock Off|[of] p1a: Incineroar\n|move|p2a: Grimmsnarl|Spirit Break|p1b: Calyrex\n|-damage|p1b: Calyrex|70\/100\n|move|p1b: Calyrex|Draining Kiss|p2a: Grimmsnarl\n|-supereffective|p2a: Grimmsnarl\n|-damage|p2a: Grimmsnarl|49\/100\n|-heal|p1b: Calyrex|100\/100|[from] drain|[of] p2a: Grimmsnarl\n|\n|-heal|p2b: Iron Hands|93\/100|[from] Grassy Terrain\n|-heal|p1a: Incineroar|100\/100|[from] Grassy Terrain\n|-heal|p2a: Grimmsnarl|54\/100|[from] Grassy Terrain\n|-end|p2a: Grimmsnarl|move: Taunt\n|upkeep\n|turn|5\n|inactive|Djjwjwwjj has 30 seconds left.\n|\n|t:|1721400988\n|switch|p2a: Miraidon|Miraidon, L50|100\/100\n|-fieldstart|move: Electric Terrain|[from] ability: Hadron Engine|[of] p2a: Miraidon\n|-activate|p2b: Iron Hands|ability: Quark Drive\n|-start|p2b: Iron Hands|quarkdriveatk\n|move|p1b: Calyrex|Protect|p1b: Calyrex\n|-singleturn|p1b: Calyrex|Protect\n|move|p2b: Iron Hands|Heavy Slam|p1b: Calyrex\n|-activate|p1b: Calyrex|move: Protect\n|move|p1a: Incineroar|Parting Shot|p2b: Iron Hands\n|-unboost|p2b: Iron Hands|atk|1\n|-unboost|p2b: Iron Hands|spa|1\n|\n|t:|1721401002\n|switch|p1a: Rillaboom|Rillaboom, L50, M|100\/100|[from] Parting Shot\n|-fieldstart|move: Grassy Terrain|[from] ability: Grassy Surge|[of] p1a: Rillaboom\n|-end|p2b: Iron Hands|Quark Drive\n|\n|-heal|p2b: Iron Hands|99\/100|[from] Grassy Terrain\n|upkeep\n|turn|6\n|\n|t:|1721401025\n|-end|p2b: Iron Hands|Quark Drive|[silent]\n|switch|p2b: Farigiraf|Farigiraf, L50, F|76\/100\n|move|p1a: Rillaboom|Fake Out||[still]\n|cant|p2b: Farigiraf|ability: Armor Tail|Fake Out|[of] p1a: Rillaboom\n|move|p2a: Miraidon|Electro Drift|p1b: Calyrex\n|-damage|p1b: Calyrex|57\/100\n|move|p1b: Calyrex|Draining Kiss|p2a: Miraidon\n|-supereffective|p2a: Miraidon\n|-damage|p2a: Miraidon|47\/100\n|-heal|p1b: Calyrex|94\/100|[from] drain|[of] p2a: Miraidon\n|\n|-heal|p2b: Farigiraf|82\/100|[from] Grassy Terrain\n|-heal|p2a: Miraidon|53\/100|[from] Grassy Terrain\n|-heal|p1b: Calyrex|99\/100|[from] Grassy Terrain\n|-fieldend|move: Trick Room\n|upkeep\n|turn|7\n|inactive|Djjwjwwjj has 30 seconds left.\n|\n|t:|1721401052\n|switch|p2a: Grimmsnarl|Grimmsnarl, L50, M|54\/100\n|move|p1b: Calyrex|Astral Barrage|p2a: Grimmsnarl|[spread] p2a\n|-immune|p2b: Farigiraf\n|-resisted|p2a: Grimmsnarl\n|-damage|p2a: Grimmsnarl|36\/100\n|move|p1a: Rillaboom|U-turn|p2a: Grimmsnarl\n|-damage|p2a: Grimmsnarl|9\/100\n|\n|t:|1721401065\n|switch|p1a: Maushold|Maushold-Four, L50|46\/100|[from] U-turn\n|move|p2b: Farigiraf|Trick Room|p2b: Farigiraf\n|-fieldstart|move: Trick Room|[of] p2b: Farigiraf\n|\n|-heal|p2a: Grimmsnarl|15\/100|[from] Grassy Terrain\n|-heal|p2b: Farigiraf|88\/100|[from] Grassy Terrain\n|-heal|p1a: Maushold|52\/100|[from] Grassy Terrain\n|-heal|p1b: Calyrex|100\/100|[from] Grassy Terrain\n|upkeep\n|turn|8\n|\n|t:|1721401077\n|move|p1a: Maushold|Follow Me|p1a: Maushold\n|-singleturn|p1a: Maushold|move: Follow Me\n|move|p2a: Grimmsnarl|Reflect|p2a: Grimmsnarl\n|-sidestart|p2: code_anish|Reflect\n|move|p2b: Farigiraf|Psychic Noise|p1a: Maushold\n|-damage|p1a: Maushold|20\/100\n|-start|p1a: Maushold|move: Heal Block\n|move|p1b: Calyrex|Draining Kiss|p2a: Grimmsnarl\n|-supereffective|p2a: Grimmsnarl\n|-damage|p2a: Grimmsnarl|0 fnt\n|faint|p2a: Grimmsnarl\n|-ability|p1b: Calyrex|Grim Neigh|boost\n|-boost|p1b: Calyrex|spa|1\n|\n|-heal|p2b: Farigiraf|94\/100|[from] Grassy Terrain\n|-sideend|p2: code_anish|move: Light Screen\n|upkeep\n|\n|t:|1721401090\n|switch|p2a: Iron Hands|Iron Hands, L50|99\/100\n|turn|9\n|inactive|code_anish has 30 seconds left.\n|\n|t:|1721401118\n|switch|p1a: Incineroar|Incineroar, L50, F|100\/100\n|-ability|p1a: Incineroar|Intimidate|boost\n|-unboost|p2a: Iron Hands|atk|1\n|-unboost|p2b: Farigiraf|atk|1\n|-terastallize|p2a: Iron Hands|Grass\n|move|p1b: Calyrex|Protect|p1b: Calyrex\n|-singleturn|p1b: Calyrex|Protect\n|move|p2a: Iron Hands|Drain Punch|p1a: Incineroar\n|-supereffective|p1a: Incineroar\n|-damage|p1a: Incineroar|49\/100\n|-heal|p2a: Iron Hands|100\/100|[from] drain|[of] p1a: Incineroar\n|move|p2b: Farigiraf|Psychic Noise|p1b: Calyrex\n|-activate|p1b: Calyrex|move: Protect\n|\n|-heal|p1a: Incineroar|55\/100|[from] Grassy Terrain\n|-heal|p2b: Farigiraf|99\/100|[from] Grassy Terrain\n|-fieldend|move: Grassy Terrain\n|upkeep\n|turn|10\n|inactive|Djjwjwwjj has 30 seconds left.\n|\n|t:|1721401151\n|switch|p1a: Maushold|Maushold-Four, L50|20\/100\n|move|p2b: Farigiraf|Helping Hand|p2a: Iron Hands\n|-singleturn|p2a: Iron Hands|Helping Hand|[of] p2b: Farigiraf\n|move|p2a: Iron Hands|Heavy Slam|p1b: Calyrex\n|-supereffective|p1b: Calyrex\n|-damage|p1b: Calyrex|38\/100\n|move|p1b: Calyrex|Draining Kiss|p2b: Farigiraf\n|-damage|p2b: Farigiraf|37\/100\n|-heal|p1b: Calyrex|87\/100|[from] drain|[of] p2b: Farigiraf\n|\n|upkeep\n|turn|11\n|inactive|code_anish has 30 seconds left.\n|\n|t:|1721401179\n|move|p1a: Maushold|Protect|p1a: Maushold\n|-singleturn|p1a: Maushold|Protect\n|move|p1b: Calyrex|Protect|p1b: Calyrex\n|-singleturn|p1b: Calyrex|Protect\n|move|p2a: Iron Hands|Drain Punch|p1a: Maushold\n|-activate|p1a: Maushold|move: Protect\n|move|p2b: Farigiraf|Psychic Noise|p1b: Calyrex\n|-activate|p1b: Calyrex|move: Protect\n|\n|-fieldend|move: Trick Room\n|upkeep\n|turn|12\n|\n|t:|1721401194\n|move|p2b: Farigiraf|Helping Hand|p2a: Iron Hands\n|-singleturn|p2a: Iron Hands|Helping Hand|[of] p2b: Farigiraf\n|move|p1a: Maushold|Follow Me|p1a: Maushold\n|-singleturn|p1a: Maushold|move: Follow Me\n|move|p1b: Calyrex|Draining Kiss|p2b: Farigiraf\n|-damage|p2b: Farigiraf|0 fnt\n|-heal|p1b: Calyrex|100\/100|[from] drain|[of] p2b: Farigiraf\n|faint|p2b: Farigiraf\n|-ability|p1b: Calyrex|Grim Neigh|boost\n|-boost|p1b: Calyrex|spa|1\n|move|p2a: Iron Hands|Heavy Slam|p1a: Maushold\n|-damage|p1a: Maushold|0 fnt\n|-damage|p2a: Iron Hands|84\/100|[from] item: Rocky Helmet|[of] p1a: Maushold\n|faint|p1a: Maushold\n|\n|upkeep\n|\n|t:|1721401211\n|switch|p1a: Rillaboom|Rillaboom, L50, M|100\/100\n|switch|p2b: Miraidon|Miraidon, L50|53\/100\n|-fieldstart|move: Electric Terrain|[from] ability: Hadron Engine|[of] p2b: Miraidon\n|-activate|p2a: Iron Hands|ability: Quark Drive\n|-start|p2a: Iron Hands|quarkdriveatk\n|-fieldstart|move: Grassy Terrain|[from] ability: Grassy Surge|[of] p1a: Rillaboom\n|-end|p2a: Iron Hands|Quark Drive\n|turn|13\n|-message|code_anish forfeited.\n|\n|win|Djjwjwwjj\n|raw|Djjwjwwjj's rating: 1822 &rarr; <strong>1835<\/strong><br \/>(+13 for winning)\n|raw|code_anish's rating: 1686 &rarr; <strong>1673<\/strong><br \/>(-13 for losing)\n|l|\u2606code_anish\n|player|p2|\n|l|\u2606Djjwjwwjj\n|player|p1|\n","uploadtime":1721401408,"views":26,"formatid":"gen9vgc2024regg","rating":1673,"private":0,"password":null}