{"id":"gen9vgc2024regg-2163346460","format":"[Gen 9] VGC 2024 Reg G","players":["auraen","Pauliet123"],"log":"|j|\u2606auraen\n|j|\u2606Pauliet123\n|t:|1721337918\n|gametype|doubles\n|player|p1|auraen|harlequin|1777\n|player|p2|Pauliet123|170|1719\n|teamsize|p1|6\n|teamsize|p2|6\n|gen|9\n|tier|[Gen 9] VGC 2024 Reg G\n|rated|\n|rule|Species Clause: Limit one of each Pok\u00e9mon\n|rule|Item Clause: Limit one of each item\n|clearpoke\n|poke|p1|Terapagos, L50, M|\n|poke|p1|Munkidori, L50, M|\n|poke|p1|Incineroar, L50, F|\n|poke|p1|Sinistcha, L50|\n|poke|p1|Basculegion, L50, M|\n|poke|p1|Flamigo, L50, F|\n|poke|p2|Dondozo, L50, M|\n|poke|p2|Tatsugiri, L50, M|\n|poke|p2|Glimmora, L50, F|\n|poke|p2|Farigiraf, L50, M|\n|poke|p2|Volcarona, L50, M|\n|poke|p2|Lunala, L50|\n|teampreview|4\n|\n|t:|1721337960\n|start\n|switch|p1a: Munkidori|Munkidori, L50, M|100\/100\n|switch|p1b: Terapagos|Terapagos, L50, M|100\/100\n|switch|p2a: Farigiraf|Farigiraf, L50, M|100\/100\n|switch|p2b: Lunala|Lunala, L50|100\/100\n|-activate|p1b: Terapagos|ability: Tera Shift\n|detailschange|p1b: Terapagos|Terapagos-Terastal, L50, M\n|-heal|p1b: Terapagos|100\/100|[silent]\n|turn|1\n|\n|t:|1721337966\n|-terastallize|p1b: Terapagos|Stellar\n|detailschange|p1b: Terapagos|Terapagos-Stellar, L50, M, tera:Stellar\n|-heal|p1b: Terapagos|100\/100|[silent]\n|move|p2b: Lunala|Meteor Beam||[still]\n|-prepare|p2b: Lunala|Meteor Beam\n|-boost|p2b: Lunala|spa|1\n|-enditem|p2b: Lunala|Power Herb\n|-anim|p2b: Lunala|Meteor Beam|p1a: Munkidori\n|-damage|p1a: Munkidori|39\/100\n|-enditem|p1a: Munkidori|Sitrus Berry|[eat]\n|-heal|p1a: Munkidori|64\/100|[from] item: Sitrus Berry\n|move|p1a: Munkidori|Acid Spray|p2b: Lunala\n|-resisted|p2b: Lunala\n|-damage|p2b: Lunala|97\/100\n|-unboost|p2b: Lunala|spd|2\n|move|p1b: Terapagos|Tera Starstorm|p2a: Farigiraf|[spread] p2a,p2b\n|-damage|p2a: Farigiraf|51\/100\n|-damage|p2b: Lunala|5\/100\n|move|p2a: Farigiraf|Trick Room|p2a: Farigiraf\n|-fieldstart|move: Trick Room|[of] p2a: Farigiraf\n|\n|upkeep\n|turn|2\n|\n|t:|1721337985\n|move|p2a: Farigiraf|Psychic|p1a: Munkidori\n|-damage|p1a: Munkidori|32\/100\n|move|p1b: Terapagos|Tera Starstorm|p2a: Farigiraf|[spread] p2a,p2b\n|-crit|p2a: Farigiraf\n|-damage|p2a: Farigiraf|0 fnt\n|-damage|p2b: Lunala|0 fnt\n|faint|p2a: Farigiraf\n|faint|p2b: Lunala\n|move|p1a: Munkidori|Parting Shot|p2: Farigiraf|[notarget]\n|-fail|p1a: Munkidori\n|\n|upkeep\n|\n|t:|1721337989\n|switch|p2a: Dondozo|Dondozo, L50, M|100\/100\n|switch|p2b: Tatsugiri|Tatsugiri, L50, M|100\/100\n|-activate|p2b: Tatsugiri|ability: Commander|[of] p2a: Dondozo\n|-boost|p2a: Dondozo|atk|2\n|-boost|p2a: Dondozo|spa|2\n|-boost|p2a: Dondozo|spe|2\n|-boost|p2a: Dondozo|def|2\n|-boost|p2a: Dondozo|spd|2\n|turn|3\n|\n|t:|1721337993\n|switch|p1b: Incineroar|Incineroar, L50, F|100\/100\n|-ability|p1b: Incineroar|Intimidate|boost\n|-unboost|p2a: Dondozo|atk|1\n|-unboost|p2b: Tatsugiri|atk|1\n|move|p1a: Munkidori|Parting Shot|p2a: Dondozo\n|-unboost|p2a: Dondozo|atk|1\n|-unboost|p2a: Dondozo|spa|1\n|\n|t:|1721337996\n|switch|p1a: Terapagos|Terapagos-Stellar, L50, M, tera:Stellar|100\/100|[from] Parting Shot\n|move|p2a: Dondozo|Earthquake|p1a: Terapagos|[spread] p1a,p1b\n|-miss|p2a: Dondozo|p2b: Tatsugiri\n|-supereffective|p1b: Incineroar\n|-damage|p1a: Terapagos|85\/100\n|-damage|p1b: Incineroar|68\/100\n|\n|upkeep\n|turn|4\n|\n|t:|1721338001\n|switch|p1a: Munkidori|Munkidori, L50, M|32\/100\n|move|p1b: Incineroar|Fake Out|p2a: Dondozo\n|-damage|p2a: Dondozo|97\/100\n|cant|p2a: Dondozo|flinch\n|\n|-heal|p2a: Dondozo|100\/100|[from] item: Leftovers\n|upkeep\n|turn|5\n|-message|Pauliet123 forfeited.\n|\n|win|auraen\n|raw|auraen's rating: 1777 &rarr; <strong>1794<\/strong><br \/>(+17 for winning)\n|raw|Pauliet123's rating: 1719 &rarr; <strong>1702<\/strong><br \/>(-17 for losing)\n|l|\u2606Pauliet123\n|player|p2|\n|l|\u2606auraen\n|player|p1|\n","uploadtime":1721338262,"views":23,"formatid":"gen9vgc2024regg","rating":1702,"private":0,"password":null}