{"id":"gen9vgc2024regg-2163223960","format":"[Gen 9] VGC 2024 Reg G","players":["miraidnyan","Billy_HMD"],"log":"|j|\u2606miraidnyan\n|j|\u2606Billy_HMD\n|t:|1721323869\n|gametype|doubles\n|player|p1|miraidnyan|marley|1730\n|player|p2|Billy_HMD|dawn|1818\n|teamsize|p1|6\n|teamsize|p2|6\n|gen|9\n|tier|[Gen 9] VGC 2024 Reg G\n|rated|\n|rule|Species Clause: Limit one of each Pok\u00e9mon\n|rule|Item Clause: Limit one of each item\n|clearpoke\n|poke|p1|Miraidon, L50|\n|poke|p1|Farigiraf, L50, F|\n|poke|p1|Iron Hands, L50|\n|poke|p1|Urshifu-*, L50, F|\n|poke|p1|Iron Moth, L50|\n|poke|p1|Whimsicott, L50, F|\n|poke|p2|Zamazenta-*, L50|\n|poke|p2|Volcarona, L50, F|\n|poke|p2|Grimmsnarl, L50, M|\n|poke|p2|Landorus-Therian, L50, M|\n|poke|p2|Rillaboom, L50, M|\n|poke|p2|Raging Bolt, L50|\n|teampreview|4\n|inactive|Battle timer is ON: inactive players will automatically lose when time's up. (requested by miraidnyan)\n|inactive|Billy_HMD also wants the timer to be on.\n|j| Shariah Law\n|inactive|miraidnyan has 60 seconds left.\n|inactive|Billy_HMD has 60 seconds left.\n|\n|t:|1721323917\n|start\n|switch|p1a: Miraidon|Miraidon, L50|100\/100\n|switch|p1b: Iron Hands|Iron Hands, L50|100\/100\n|switch|p2a: Landorus|Landorus-Therian, L50, M|100\/100\n|switch|p2b: Rillaboom|Rillaboom, L50, M|100\/100\n|-ability|p2a: Landorus|Intimidate|boost\n|-unboost|p1a: Miraidon|atk|1\n|-unboost|p1b: Iron Hands|atk|1\n|-fieldstart|move: Electric Terrain|[from] ability: Hadron Engine|[of] p1a: Miraidon\n|-activate|p1b: Iron Hands|ability: Quark Drive\n|-start|p1b: Iron Hands|quarkdriveatk\n|-fieldstart|move: Grassy Terrain|[from] ability: Grassy Surge|[of] p2b: Rillaboom\n|-end|p1b: Iron Hands|Quark Drive\n|turn|1\n|\n|t:|1721323940\n|move|p2b: Rillaboom|Fake Out|p1a: Miraidon\n|-damage|p1a: Miraidon|85\/100\n|move|p1b: Iron Hands|Fake Out|p2a: Landorus\n|-damage|p2a: Landorus|87\/100\n|cant|p2a: Landorus|flinch\n|cant|p1a: Miraidon|flinch\n|\n|-heal|p1a: Miraidon|91\/100|[from] Grassy Terrain\n|upkeep\n|turn|2\n|inactive|miraidnyan has 30 seconds left.\n|inactive|Billy_HMD has 30 seconds left.\n|\n|t:|1721323973\n|switch|p1a: Urshifu|Urshifu, L50, F|100\/100\n|move|p2b: Rillaboom|Grassy Glide|p1a: Urshifu\n|-damage|p1a: Urshifu|52\/100\n|move|p2a: Landorus|Stomping Tantrum|p1a: Urshifu\n|-damage|p1a: Urshifu|0 fnt\n|faint|p1a: Urshifu\n|move|p1b: Iron Hands|Heavy Slam|p2a: Landorus\n|-damage|p2a: Landorus|48\/100\n|\n|upkeep\n|\n|t:|1721323980\n|switch|p1a: Iron Moth|Iron Moth, L50|100\/100\n|turn|3\n|inactive|Billy_HMD has 30 seconds left.\n|\n|t:|1721324006\n|switch|p2b: Raging Bolt|Raging Bolt, L50|100\/100\n|-end|p1b: Iron Hands|Quark Drive|[silent]\n|switch|p1b: Miraidon|Miraidon, L50|91\/100\n|-fieldstart|move: Electric Terrain|[from] ability: Hadron Engine|[of] p1b: Miraidon\n|-activate|p1a: Iron Moth|ability: Quark Drive\n|-start|p1a: Iron Moth|quarkdrivespe\n|move|p1a: Iron Moth|Heat Wave|p2a: Landorus|[spread] p2a,p2b\n|-resisted|p2b: Raging Bolt\n|-damage|p2a: Landorus|0 fnt\n|-damage|p2b: Raging Bolt|87\/100\n|-status|p2b: Raging Bolt|brn\n|faint|p2a: Landorus\n|-damage|p1a: Iron Moth|91\/100|[from] item: Life Orb\n|\n|-damage|p2b: Raging Bolt|81\/100 brn|[from] brn\n|upkeep\n|\n|t:|1721324018\n|switch|p2a: Rillaboom|Rillaboom, L50, M|100\/100\n|-fieldstart|move: Grassy Terrain|[from] ability: Grassy Surge|[of] p2a: Rillaboom\n|-end|p1a: Iron Moth|Quark Drive\n|turn|4\n|inactive|Billy_HMD has 30 seconds left.\n|\n|t:|1721324053\n|switch|p1b: Iron Hands|Iron Hands, L50|100\/100\n|-terastallize|p2b: Raging Bolt|Electric\n|move|p1a: Iron Moth|Protect|p1a: Iron Moth\n|-singleturn|p1a: Iron Moth|Protect\n|move|p2a: Rillaboom|Fake Out|p1a: Iron Moth\n|-activate|p1a: Iron Moth|move: Protect\n|move|p2b: Raging Bolt|Thunderbolt|p1a: Iron Moth\n|-activate|p1a: Iron Moth|move: Protect\n|\n|-heal|p1a: Iron Moth|97\/100|[from] Grassy Terrain\n|-heal|p2b: Raging Bolt|87\/100 brn|[from] Grassy Terrain\n|-damage|p2b: Raging Bolt|81\/100 brn|[from] brn\n|upkeep\n|turn|5\n|\n|t:|1721324067\n|switch|p2a: Zamazenta|Zamazenta-Crowned, L50|100\/100\n|-ability|p2a: Zamazenta|Dauntless Shield|boost\n|-boost|p2a: Zamazenta|def|1\n|move|p1b: Iron Hands|Fake Out|p2b: Raging Bolt\n|-damage|p2b: Raging Bolt|66\/100 brn\n|move|p1a: Iron Moth|Fiery Dance|p2a: Zamazenta\n|-supereffective|p2a: Zamazenta\n|-damage|p2a: Zamazenta|30\/100\n|-boost|p1a: Iron Moth|spa|1\n|-damage|p1a: Iron Moth|87\/100|[from] item: Life Orb\n|cant|p2b: Raging Bolt|flinch\n|\n|-heal|p1a: Iron Moth|93\/100|[from] Grassy Terrain\n|-heal|p2a: Zamazenta|36\/100|[from] Grassy Terrain\n|-heal|p2b: Raging Bolt|72\/100 brn|[from] Grassy Terrain\n|-damage|p2b: Raging Bolt|66\/100 brn|[from] brn\n|upkeep\n|turn|6\n|inactive|miraidnyan has 30 seconds left.\n|\n|t:|1721324093\n|move|p1a: Iron Moth|Protect|p1a: Iron Moth\n|-singleturn|p1a: Iron Moth|Protect\n|move|p2a: Zamazenta|Body Press|p1b: Iron Hands\n|-damage|p1b: Iron Hands|51\/100\n|move|p2b: Raging Bolt|Thunderbolt|p1a: Iron Moth\n|-activate|p1a: Iron Moth|move: Protect\n|move|p1b: Iron Hands|Drain Punch|p2b: Raging Bolt\n|-damage|p2b: Raging Bolt|28\/100 brn\n|-heal|p1b: Iron Hands|69\/100|[from] drain|[of] p2b: Raging Bolt\n|\n|-heal|p1a: Iron Moth|99\/100|[from] Grassy Terrain\n|-heal|p2a: Zamazenta|42\/100|[from] Grassy Terrain\n|-heal|p2b: Raging Bolt|34\/100 brn|[from] Grassy Terrain\n|-heal|p1b: Iron Hands|75\/100|[from] Grassy Terrain\n|-damage|p2b: Raging Bolt|28\/100 brn|[from] brn\n|upkeep\n|turn|7\n|\n|t:|1721324109\n|move|p1a: Iron Moth|Fiery Dance|p2a: Zamazenta\n|-supereffective|p2a: Zamazenta\n|-damage|p2a: Zamazenta|0 fnt\n|faint|p2a: Zamazenta\n|-damage|p1a: Iron Moth|90\/100|[from] item: Life Orb\n|move|p2b: Raging Bolt|Thunderbolt|p1a: Iron Moth\n|-damage|p1a: Iron Moth|20\/100\n|move|p1b: Iron Hands|Drain Punch|p2b: Raging Bolt\n|-damage|p2b: Raging Bolt|0 fnt\n|-heal|p1b: Iron Hands|88\/100|[from] drain|[of] p2b: Raging Bolt\n|faint|p2b: Raging Bolt\n|-end|p2b: Raging Bolt|Protosynthesis|[silent]\n|\n|-heal|p1a: Iron Moth|26\/100|[from] Grassy Terrain\n|-heal|p1b: Iron Hands|94\/100|[from] Grassy Terrain\n|upkeep\n|-message|Billy_HMD forfeited.\n|\n|win|miraidnyan\n|raw|miraidnyan's rating: 1730 &rarr; <strong>1755<\/strong><br \/>(+25 for winning)\n|raw|Billy_HMD's rating: 1818 &rarr; <strong>1793<\/strong><br \/>(-25 for losing)\n|l|\u2606Billy_HMD\n|player|p2|\n|l| Shariah Law\n","uploadtime":1721324375,"views":41,"formatid":"gen9vgc2024regg","rating":1755,"private":0,"password":null}