{"id":"gen9vgc2024regg-2163264886","format":"[Gen 9] VGC 2024 Reg G","players":["overwatch69","Popeye32"],"log":"|j|\u2606overwatch69\n|j|\u2606Popeye32\n|t:|1721328475\n|gametype|doubles\n|player|p1|overwatch69|169|1695\n|player|p2|Popeye32|acetrainersnowf|1672\n|teamsize|p1|6\n|teamsize|p2|6\n|gen|9\n|tier|[Gen 9] VGC 2024 Reg G\n|rated|\n|rule|Species Clause: Limit one of each Pok\u00e9mon\n|rule|Item Clause: Limit one of each item\n|clearpoke\n|poke|p1|Kyogre, L50|\n|poke|p1|Raichu, L50, M|\n|poke|p1|Tornadus, L50, M|\n|poke|p1|Tinkaton, L50, F|\n|poke|p1|Rillaboom, L50, F|\n|poke|p1|Chien-Pao, L50|\n|poke|p2|Terapagos, L50, M|\n|poke|p2|Flutter Mane, L50|\n|poke|p2|Chi-Yu, L50|\n|poke|p2|Tornadus, L50, M|\n|poke|p2|Urshifu-*, L50, F|\n|poke|p2|Amoonguss, L50, F|\n|teampreview|4\n|inactive|Battle timer is ON: inactive players will automatically lose when time's up. (requested by Popeye32)\n|\n|t:|1721328498\n|start\n|switch|p1a: Kyogre|Kyogre, L50|100\/100\n|switch|p1b: Tornadus|Tornadus, L50, M|100\/100\n|switch|p2a: Terapagos|Terapagos, L50, M|100\/100\n|switch|p2b: Amoonguss|Amoonguss, L50, F|100\/100\n|-activate|p2a: Terapagos|ability: Tera Shift\n|detailschange|p2a: Terapagos|Terapagos-Terastal, L50, M\n|-heal|p2a: Terapagos|100\/100|[silent]\n|-weather|RainDance|[from] ability: Drizzle|[of] p1a: Kyogre\n|turn|1\n|inactive|Popeye32 has 30 seconds left.\n|\n|t:|1721328529\n|-terastallize|p1a: Kyogre|Water\n|-terastallize|p2a: Terapagos|Stellar\n|detailschange|p2a: Terapagos|Terapagos-Stellar, L50, M, tera:Stellar\n|-heal|p2a: Terapagos|100\/100|[silent]\n|-ability|p2a: Terapagos|Teraform Zero\n|-weather|none\n|move|p2b: Amoonguss|Protect|p2b: Amoonguss\n|-singleturn|p2b: Amoonguss|Protect\n|move|p1b: Tornadus|Bleakwind Storm|p2a: Terapagos|[spread] \n|-activate|p2b: Amoonguss|move: Protect\n|-miss|p1b: Tornadus|p2a: Terapagos\n|move|p1a: Kyogre|Water Spout|p2b: Amoonguss|[spread] p2a\n|-activate|p2b: Amoonguss|move: Protect\n|-damage|p2a: Terapagos|8\/100\n|move|p2a: Terapagos|Tera Starstorm|p1a: Kyogre|[spread] p1a,p1b\n|-supereffective|p1a: Kyogre\n|-damage|p1a: Kyogre|11\/100\n|-damage|p1b: Tornadus|33\/100\n|\n|upkeep\n|turn|2\n|\n|t:|1721328553\n|switch|p1a: Rillaboom|Rillaboom, L50, F|100\/100\n|-fieldstart|move: Grassy Terrain|[from] ability: Grassy Surge|[of] p1a: Rillaboom\n|switch|p2a: Flutter Mane|Flutter Mane, L50|100\/100\n|-enditem|p2a: Flutter Mane|Booster Energy\n|-activate|p2a: Flutter Mane|ability: Protosynthesis|[fromitem]\n|-start|p2a: Flutter Mane|protosynthesisspe\n|move|p1b: Tornadus|Bleakwind Storm|p2b: Amoonguss|[spread] p2a,p2b\n|-supereffective|p2b: Amoonguss\n|-damage|p2a: Flutter Mane|70\/100\n|-damage|p2b: Amoonguss|56\/100\n|move|p2b: Amoonguss|Spore|p1b: Tornadus\n|-status|p1b: Tornadus|slp|[from] move: Spore\n|\n|-heal|p2a: Flutter Mane|76\/100|[from] Grassy Terrain\n|-heal|p2b: Amoonguss|62\/100|[from] Grassy Terrain\n|upkeep\n|turn|3\n|j| blockchiken\n|\n|t:|1721328570\n|switch|p1b: Chien-Pao|Chien-Pao, L50|100\/100\n|-ability|p1b: Chien-Pao|Sword of Ruin\n|move|p2a: Flutter Mane|Protect|p2a: Flutter Mane\n|-singleturn|p2a: Flutter Mane|Protect\n|move|p1a: Rillaboom|Grassy Glide|p2a: Flutter Mane\n|-activate|p2a: Flutter Mane|move: Protect\n|move|p2b: Amoonguss|Pollen Puff|p1a: Rillaboom\n|-supereffective|p1a: Rillaboom\n|-damage|p1a: Rillaboom|77\/100\n|\n|-heal|p2a: Flutter Mane|82\/100|[from] Grassy Terrain\n|-heal|p1a: Rillaboom|83\/100|[from] Grassy Terrain\n|-heal|p2b: Amoonguss|68\/100|[from] Grassy Terrain\n|upkeep\n|turn|4\n|inactive|Popeye32 has 30 seconds left.\n|\n|t:|1721328599\n|-end|p2a: Flutter Mane|Protosynthesis|[silent]\n|switch|p2a: Chi-Yu|Chi-Yu, L50|100\/100\n|-ability|p2a: Chi-Yu|Beads of Ruin\n|move|p1a: Rillaboom|Grassy Glide|p2a: Chi-Yu\n|-resisted|p2a: Chi-Yu\n|-damage|p2a: Chi-Yu|57\/100\n|move|p1b: Chien-Pao|Icicle Crash|p2b: Amoonguss\n|-supereffective|p2b: Amoonguss\n|-damage|p2b: Amoonguss|0 fnt\n|faint|p2b: Amoonguss\n|-damage|p1b: Chien-Pao|91\/100|[from] item: Life Orb\n|\n|-heal|p2a: Chi-Yu|64\/100|[from] Grassy Terrain\n|-heal|p1b: Chien-Pao|97\/100|[from] Grassy Terrain\n|-heal|p1a: Rillaboom|89\/100|[from] Grassy Terrain\n|upkeep\n|\n|t:|1721328608\n|switch|p2b: Flutter Mane|Flutter Mane, L50|82\/100\n|turn|5\n|\n|t:|1721328627\n|move|p1a: Rillaboom|Grassy Glide|p2b: Flutter Mane\n|-damage|p2b: Flutter Mane|0 fnt\n|faint|p2b: Flutter Mane\n|-end|p2b: Flutter Mane|Protosynthesis|[silent]\n|move|p2a: Chi-Yu|Heat Wave|p1a: Rillaboom|[spread] p1a,p1b\n|-supereffective|p1a: Rillaboom\n|-supereffective|p1b: Chien-Pao\n|-damage|p1a: Rillaboom|25\/100\n|-damage|p1b: Chien-Pao|0 fnt\n|-status|p1a: Rillaboom|brn\n|faint|p1b: Chien-Pao\n|\n|-heal|p2a: Chi-Yu|70\/100|[from] Grassy Terrain\n|-heal|p1a: Rillaboom|31\/100 brn|[from] Grassy Terrain\n|-damage|p1a: Rillaboom|25\/100 brn|[from] brn\n|upkeep\n|\n|t:|1721328631\n|switch|p1b: Tornadus|Tornadus, L50, M|33\/100 slp\n|switch|p2b: Terapagos|Terapagos-Stellar, L50, M, tera:Stellar|8\/100\n|turn|6\n|\n|t:|1721328651\n|cant|p1b: Tornadus|slp\n|move|p2a: Chi-Yu|Heat Wave|p1a: Rillaboom|[spread] p1a,p1b\n|-supereffective|p1a: Rillaboom\n|-damage|p1a: Rillaboom|0 fnt\n|-damage|p1b: Tornadus|0 fnt\n|faint|p1a: Rillaboom\n|faint|p1b: Tornadus\n|move|p2b: Terapagos|Tera Starstorm|p1: Rillaboom|[notarget]\n|-fail|p2b: Terapagos\n|\n|-heal|p2a: Chi-Yu|76\/100|[from] Grassy Terrain\n|-heal|p2b: Terapagos|14\/100|[from] Grassy Terrain\n|-fieldend|move: Grassy Terrain\n|upkeep\n|\n|t:|1721328655\n|switch|p1b: Kyogre|Kyogre, L50, tera:Water|11\/100\n|-weather|RainDance|[from] ability: Drizzle|[of] p1b: Kyogre\n|turn|7\n|\n|t:|1721328661\n|move|p2a: Chi-Yu|Heat Wave|p1b: Kyogre\n|-resisted|p1b: Kyogre\n|-damage|p1b: Kyogre|0 fnt\n|faint|p1b: Kyogre\n|\n|win|Popeye32\n|raw|overwatch69's rating: 1695 &rarr; <strong>1674<\/strong><br \/>(-21 for losing)\n|raw|Popeye32's rating: 1672 &rarr; <strong>1693<\/strong><br \/>(+21 for winning)\n|l|\u2606overwatch69\n|player|p1|\n|l|\u2606Popeye32\n|player|p2|\n","uploadtime":1721328870,"views":18,"formatid":"gen9vgc2024regg","rating":1674,"private":0,"password":null}