{"id":"gen9vgc2024regg-2163922973","format":"[Gen 9] VGC 2024 Reg G","players":["SubToPenglin","LasVegasVGC"],"log":"|j|\u2606SubToPenglin\n|j|\u2606LasVegasVGC\n|t:|1721422568\n|gametype|doubles\n|player|p1|SubToPenglin|dawn-gen4pt|1775\n|player|p2|LasVegasVGC|li|1733\n|teamsize|p1|6\n|teamsize|p2|6\n|gen|9\n|tier|[Gen 9] VGC 2024 Reg G\n|rated|\n|rule|Species Clause: Limit one of each Pok\u00e9mon\n|rule|Item Clause: Limit one of each item\n|clearpoke\n|poke|p1|Comfey, L50, F|\n|poke|p1|Terapagos, L50, M|\n|poke|p1|Tornadus, L50, M|\n|poke|p1|Ogerpon-Cornerstone, L50, F|\n|poke|p1|Magmar, L50, F|\n|poke|p1|Tsareena, L50, F|\n|poke|p2|Miraidon, L50|\n|poke|p2|Chi-Yu, L50|\n|poke|p2|Iron Hands, L50|\n|poke|p2|Whimsicott, L50, F|\n|poke|p2|Farigiraf, L50, M|\n|poke|p2|Ursaluna-Bloodmoon, L50, M|\n|teampreview|4\n|inactive|Battle timer is ON: inactive players will automatically lose when time's up. (requested by SubToPenglin)\n|inactive|LasVegasVGC has 60 seconds left.\n|\n|t:|1721422600\n|start\n|switch|p1a: Terapagos|Terapagos, L50, M|100\/100\n|switch|p1b: Tornadus|Tornadus, L50, M|100\/100\n|switch|p2a: Iron Hands|Iron Hands, L50|100\/100\n|switch|p2b: Ursaluna|Ursaluna-Bloodmoon, L50, M|100\/100\n|-activate|p1a: Terapagos|ability: Tera Shift\n|detailschange|p1a: Terapagos|Terapagos-Terastal, L50, M\n|-heal|p1a: Terapagos|100\/100|[silent]\n|turn|1\n|inactive|LasVegasVGC has 30 seconds left.\n|\n|t:|1721422626\n|move|p1b: Tornadus|Bleakwind Storm|p2b: Ursaluna|[spread] p2a,p2b\n|-damage|p2a: Iron Hands|84\/100\n|-damage|p2b: Ursaluna|59\/100\n|-unboost|p2a: Iron Hands|spe|1\n|move|p1a: Terapagos|Calm Mind|p1a: Terapagos\n|-boost|p1a: Terapagos|spa|1\n|-boost|p1a: Terapagos|spd|1\n|move|p2b: Ursaluna|Hyper Voice|p1b: Tornadus|[spread] p1a,p1b\n|-activate|p1a: Terapagos|ability: Tera Shell\n|-resisted|p1a: Terapagos\n|-damage|p1a: Terapagos|88\/100\n|-damage|p1b: Tornadus|42\/100\n|-damage|p2b: Ursaluna|49\/100|[from] item: Life Orb\n|move|p2a: Iron Hands|Drain Punch|p1a: Terapagos\n|-supereffective|p1a: Terapagos\n|-damage|p1a: Terapagos|21\/100\n|-heal|p2a: Iron Hands|100\/100|[from] drain|[of] p1a: Terapagos\n|\n|upkeep\n|turn|2\n|\n|t:|1721422645\n|move|p1a: Terapagos|Protect|p1a: Terapagos\n|-singleturn|p1a: Terapagos|Protect\n|move|p2b: Ursaluna|Protect|p2b: Ursaluna\n|-singleturn|p2b: Ursaluna|Protect\n|move|p1b: Tornadus|Tailwind|p1b: Tornadus\n|-sidestart|p1: SubToPenglin|move: Tailwind\n|move|p2a: Iron Hands|Volt Switch|p1b: Tornadus\n|-supereffective|p1b: Tornadus\n|-damage|p1b: Tornadus|10\/100\n|\n|t:|1721422654\n|-end|p2a: Iron Hands|Quark Drive|[silent]\n|switch|p2a: Whimsicott|Whimsicott, L50, F|100\/100|[from] Volt Switch\n|\n|upkeep\n|turn|3\n|inactive|SubToPenglin has 30 seconds left.\n|inactive|SubToPenglin has 20 seconds left.\n|\n|t:|1721422691\n|-terastallize|p1a: Terapagos|Stellar\n|detailschange|p1a: Terapagos|Terapagos-Stellar, L50, M, tera:Stellar\n|-heal|p1a: Terapagos|40\/100|[silent]\n|move|p1b: Tornadus|Taunt|p2a: Whimsicott\n|-start|p2a: Whimsicott|move: Taunt\n|cant|p2a: Whimsicott|move: Taunt|Encore\n|move|p1a: Terapagos|Tera Starstorm|p2b: Ursaluna|[spread] p2a,p2b\n|-damage|p2a: Whimsicott|5\/100\n|-damage|p2b: Ursaluna|0 fnt\n|faint|p2b: Ursaluna\n|\n|upkeep\n|\n|t:|1721422704\n|switch|p2b: Miraidon|Miraidon, L50|100\/100\n|-fieldstart|move: Electric Terrain|[from] ability: Hadron Engine|[of] p2b: Miraidon\n|turn|4\n|\n|t:|1721422721\n|switch|p2a: Iron Hands|Iron Hands, L50|100\/100\n|-activate|p2a: Iron Hands|ability: Quark Drive\n|-start|p2a: Iron Hands|quarkdriveatk\n|move|p1b: Tornadus|Icy Wind|p2a: Iron Hands|[spread] p2a,p2b\n|-supereffective|p2b: Miraidon\n|-damage|p2a: Iron Hands|95\/100\n|-damage|p2b: Miraidon|80\/100\n|-unboost|p2a: Iron Hands|spe|1\n|-unboost|p2b: Miraidon|spe|1\n|move|p1a: Terapagos|Earth Power|p2b: Miraidon\n|-supereffective|p2b: Miraidon\n|-damage|p2b: Miraidon|0 fnt\n|faint|p2b: Miraidon\n|\n|upkeep\n|\n|t:|1721422730\n|switch|p2b: Whimsicott|Whimsicott, L50, F|5\/100\n|turn|5\n|inactive|SubToPenglin has 30 seconds left.\n|\n|t:|1721422760\n|move|p2b: Whimsicott|Protect|p2b: Whimsicott\n|-singleturn|p2b: Whimsicott|Protect\n|move|p1b: Tornadus|Taunt|p2b: Whimsicott\n|-activate|p2b: Whimsicott|move: Protect\n|move|p1a: Terapagos|Tera Starstorm|p2b: Whimsicott|[spread] p2a\n|-activate|p2b: Whimsicott|move: Protect\n|-damage|p2a: Iron Hands|66\/100\n|move|p2a: Iron Hands|Drain Punch|p1a: Terapagos\n|-supereffective|p1a: Terapagos\n|-damage|p1a: Terapagos|0 fnt\n|-heal|p2a: Iron Hands|89\/100|[from] drain|[of] p1a: Terapagos\n|faint|p1a: Terapagos\n|\n|-sideend|p1: SubToPenglin|move: Tailwind\n|upkeep\n|\n|t:|1721422765\n|switch|p1a: Magmar|Magmar, L50, F, shiny|100\/100\n|turn|6\n|inactive|LasVegasVGC has 30 seconds left.\n|\n|t:|1721422793\n|move|p2b: Whimsicott|Moonblast|p1b: Tornadus\n|-damage|p1b: Tornadus|0 fnt\n|faint|p1b: Tornadus\n|move|p1a: Magmar|Will-O-Wisp|p2a: Iron Hands\n|-status|p2a: Iron Hands|brn\n|move|p2a: Iron Hands|Drain Punch|p1a: Magmar\n|-damage|p1a: Magmar|80\/100\n|-heal|p2a: Iron Hands|97\/100 brn|[from] drain|[of] p1a: Magmar\n|\n|-damage|p2a: Iron Hands|91\/100 brn|[from] brn\n|upkeep\n|\n|t:|1721422801\n|switch|p1b: Ogerpon|Ogerpon-Cornerstone, L50, F|100\/100\n|turn|7\n|\n|t:|1721422806\n|move|p1b: Ogerpon|Spiky Shield|p1b: Ogerpon\n|-singleturn|p1b: Ogerpon|move: Protect\n|move|p2b: Whimsicott|Encore|p1a: Magmar\n|-start|p1a: Magmar|Encore\n|move|p1a: Magmar|Will-O-Wisp|p2b: Whimsicott\n|-status|p2b: Whimsicott|brn\n|move|p2a: Iron Hands|Drain Punch|p1b: Ogerpon\n|-activate|p1b: Ogerpon|move: Protect\n|-damage|p2a: Iron Hands|78\/100 brn|[from] Spiky Shield|[of] p1b: Ogerpon\n|\n|-damage|p2b: Whimsicott|0 fnt|[from] brn\n|faint|p2b: Whimsicott\n|-damage|p2a: Iron Hands|72\/100 brn|[from] brn\n|upkeep\n|turn|8\n|\n|t:|1721422821\n|move|p1b: Ogerpon|Horn Leech|p2a: Iron Hands\n|-damage|p2a: Iron Hands|42\/100 brn\n|move|p1a: Magmar|Will-O-Wisp|p2a: Iron Hands\n|-fail|p2a: Iron Hands|brn\n|move|p2a: Iron Hands|Drain Punch|p1b: Ogerpon\n|-supereffective|p1b: Ogerpon\n|-damage|p1b: Ogerpon|24\/100\n|-heal|p2a: Iron Hands|67\/100 brn|[from] drain|[of] p1b: Ogerpon\n|\n|-damage|p2a: Iron Hands|61\/100 brn|[from] brn\n|-fieldend|move: Electric Terrain\n|-end|p2a: Iron Hands|Quark Drive\n|upkeep\n|turn|9\n|\n|t:|1721422833\n|move|p1b: Ogerpon|Spiky Shield|p1b: Ogerpon\n|-singleturn|p1b: Ogerpon|move: Protect\n|move|p1a: Magmar|Will-O-Wisp|p2a: Iron Hands|[miss]\n|-miss|p1a: Magmar|p2a: Iron Hands\n|move|p2a: Iron Hands|Drain Punch|p1a: Magmar\n|-damage|p1a: Magmar|64\/100\n|-heal|p2a: Iron Hands|66\/100 brn|[from] drain|[of] p1a: Magmar\n|\n|-damage|p2a: Iron Hands|60\/100 brn|[from] brn\n|-end|p1a: Magmar|Encore\n|upkeep\n|turn|10\n|\n|t:|1721422838\n|move|p1a: Magmar|Follow Me|p1a: Magmar\n|-singleturn|p1a: Magmar|move: Follow Me\n|move|p1b: Ogerpon|Horn Leech|p2a: Iron Hands\n|-damage|p2a: Iron Hands|30\/100 brn\n|-heal|p1b: Ogerpon|47\/100|[from] drain|[of] p2a: Iron Hands\n|move|p2a: Iron Hands|Drain Punch|p1a: Magmar\n|-damage|p1a: Magmar|50\/100\n|-heal|p2a: Iron Hands|36\/100 brn|[from] drain|[of] p1a: Magmar\n|\n|-damage|p2a: Iron Hands|30\/100 brn|[from] brn\n|upkeep\n|turn|11\n|\n|t:|1721422847\n|move|p1a: Magmar|Follow Me|p1a: Magmar\n|-singleturn|p1a: Magmar|move: Follow Me\n|move|p1b: Ogerpon|Horn Leech|p2a: Iron Hands\n|-damage|p2a: Iron Hands|0 fnt\n|-heal|p1b: Ogerpon|70\/100|[from] drain|[of] p2a: Iron Hands\n|faint|p2a: Iron Hands\n|-end|p2a: Iron Hands|Quark Drive|[silent]\n|\n|win|SubToPenglin\n|raw|SubToPenglin's rating: 1775 &rarr; <strong>1793<\/strong><br \/>(+18 for winning)\n|raw|LasVegasVGC's rating: 1733 &rarr; <strong>1715<\/strong><br \/>(-18 for losing)\n","uploadtime":1721422850,"views":23,"formatid":"gen9vgc2024regg","rating":1715,"private":0,"password":null}