{"id":"gen9vgc2024regg-2163441843","format":"[Gen 9] VGC 2024 Reg G","players":["ccc2014","Dathluke"],"log":"|j|\u2606ccc2014\n|j|\u2606Dathluke\n|t:|1721350756\n|gametype|doubles\n|player|p1|ccc2014|dawn|1723\n|player|p2|Dathluke|larry|1706\n|teamsize|p1|6\n|teamsize|p2|6\n|gen|9\n|tier|[Gen 9] VGC 2024 Reg G\n|rated|\n|rule|Species Clause: Limit one of each Pok\u00e9mon\n|rule|Item Clause: Limit one of each item\n|clearpoke\n|poke|p1|Urshifu-*, L50, M|\n|poke|p1|Amoonguss, L50, M|\n|poke|p1|Incineroar, L50, M|\n|poke|p1|Rillaboom, L50, M|\n|poke|p1|Calyrex-Shadow, L50|\n|poke|p1|Raging Bolt, L50|\n|poke|p2|Amoonguss, L50, F|\n|poke|p2|Ting-Lu, L50|\n|poke|p2|Zacian-*, L50|\n|poke|p2|Urshifu-*, L50, F|\n|poke|p2|Entei, L50|\n|poke|p2|Roaring Moon, L50|\n|teampreview|4\nDathluke has agreed to open team sheets.\n|inactive|Battle timer is ON: inactive players will automatically lose when time's up. (requested by Dathluke)\n|j| sprocke123\n|\n|t:|1721350789\n|start\n|switch|p1a: Incineroar|Incineroar, L50, M, shiny|100\/100\n|switch|p1b: Urshifu|Urshifu-Rapid-Strike, L50, M|100\/100\n|switch|p2a: Roaring Moon|Roaring Moon, L50|100\/100\n|switch|p2b: Entei|Entei, L50|100\/100\n|-ability|p1a: Incineroar|Intimidate|boost\n|-unboost|p2a: Roaring Moon|atk|1\n|-fail|p2b: Entei|unboost|Attack|[from] ability: Inner Focus|[of] p2b: Entei\n|-enditem|p2a: Roaring Moon|Booster Energy\n|-activate|p2a: Roaring Moon|ability: Protosynthesis|[fromitem]\n|-start|p2a: Roaring Moon|protosynthesisspe\n|turn|1\n|\n|t:|1721350813\n|-terastallize|p2b: Entei|Normal\n|move|p1b: Urshifu|Detect|p1b: Urshifu\n|-singleturn|p1b: Urshifu|Protect\n|move|p2a: Roaring Moon|Acrobatics|p1b: Urshifu\n|-activate|p1b: Urshifu|move: Protect\n|move|p2b: Entei|Stomping Tantrum|p1a: Incineroar\n|-supereffective|p1a: Incineroar\n|-damage|p1a: Incineroar|62\/100\n|move|p1a: Incineroar|Knock Off|p2b: Entei\n|-damage|p2b: Entei|66\/100\n|-enditem|p2b: Entei|Safety Goggles|[from] move: Knock Off|[of] p1a: Incineroar\n|\n|upkeep\n|turn|2\n|inactive|ccc2014 has 30 seconds left.\n|inactive|ccc2014 has 20 seconds left.\n|inactive|ccc2014 has 15 seconds left.\n|inactive|ccc2014 has 10 seconds left.\n|inactive|ccc2014 has 5 seconds left.\n|\n|t:|1721350865\n|switch|p1b: Amoonguss|Amoonguss, L50, M|100\/100\n|move|p2b: Entei|Extreme Speed|p1b: Amoonguss\n|-damage|p1b: Amoonguss|69\/100\n|-damage|p2b: Entei|50\/100|[from] item: Rocky Helmet|[of] p1b: Amoonguss\n|move|p2a: Roaring Moon|Acrobatics|p1b: Amoonguss\n|-supereffective|p1b: Amoonguss\n|-damage|p1b: Amoonguss|26\/100\n|-damage|p2a: Roaring Moon|84\/100|[from] item: Rocky Helmet|[of] p1b: Amoonguss\n|move|p1a: Incineroar|Will-O-Wisp|p2a: Roaring Moon\n|-status|p2a: Roaring Moon|brn\n|\n|-damage|p2a: Roaring Moon|78\/100 brn|[from] brn\n|upkeep\n|turn|3\n|\n|t:|1721350887\n|move|p1b: Amoonguss|Protect|p1b: Amoonguss\n|-singleturn|p1b: Amoonguss|Protect\n|move|p2a: Roaring Moon|Knock Off|p1a: Incineroar\n|-resisted|p1a: Incineroar\n|-damage|p1a: Incineroar|56\/100\n|-enditem|p1a: Incineroar|Covert Cloak|[from] move: Knock Off|[of] p2a: Roaring Moon\n|move|p2b: Entei|Sacred Fire|p1b: Amoonguss\n|-activate|p1b: Amoonguss|move: Protect\n|move|p1a: Incineroar|Parting Shot|p2b: Entei\n|-unboost|p2b: Entei|atk|1\n|-unboost|p2b: Entei|spa|1\n|\n|t:|1721350901\n|switch|p1a: Urshifu|Urshifu-Rapid-Strike, L50, M|100\/100|[from] Parting Shot\n|\n|-damage|p2a: Roaring Moon|71\/100 brn|[from] brn\n|upkeep\n|turn|4\n|\n|t:|1721350915\n|switch|p1b: Incineroar|Incineroar, L50, M, shiny|56\/100\n|-ability|p1b: Incineroar|Intimidate|boost\n|-unboost|p2a: Roaring Moon|atk|1\n|-fail|p2b: Entei|unboost|Attack|[from] ability: Inner Focus|[of] p2b: Entei\n|move|p2a: Roaring Moon|Tailwind|p2a: Roaring Moon\n|-sidestart|p2: Dathluke|move: Tailwind\n|move|p2b: Entei|Sacred Fire|p1a: Urshifu|[miss]\n|-miss|p2b: Entei|p1a: Urshifu\n|move|p1a: Urshifu|Surging Strikes|p2b: Entei\n|-crit|p2b: Entei\n|-damage|p2b: Entei|30\/100\n|-crit|p2b: Entei\n|-damage|p2b: Entei|9\/100\n|-crit|p2b: Entei\n|-damage|p2b: Entei|0 fnt\n|faint|p2b: Entei\n|-hitcount|p2: Entei|3\n|\n|-damage|p2a: Roaring Moon|65\/100 brn|[from] brn\n|upkeep\n|\n|t:|1721350926\n|switch|p2b: Zacian|Zacian-Crowned, L50|100\/100\n|-ability|p2b: Zacian|Intrepid Sword|boost\n|-boost|p2b: Zacian|atk|1\n|turn|5\n|inactive|ccc2014 has 30 seconds left.\n|inactive|ccc2014 has 20 seconds left.\n|\n|t:|1721350962\n|move|p1b: Incineroar|Fake Out|p2b: Zacian\n|-resisted|p2b: Zacian\n|-damage|p2b: Zacian|95\/100\n|move|p2a: Roaring Moon|Acrobatics|p1b: Incineroar\n|-damage|p1b: Incineroar|50\/100\n|cant|p2b: Zacian|flinch\n|move|p1a: Urshifu|Close Combat|p2b: Zacian\n|-damage|p2b: Zacian|34\/100\n|-unboost|p1a: Urshifu|def|1\n|-unboost|p1a: Urshifu|spd|1\n|\n|-damage|p2a: Roaring Moon|59\/100 brn|[from] brn\n|upkeep\n|turn|6\n|\n|t:|1721350986\n|move|p1a: Urshifu|Detect|p1a: Urshifu\n|-singleturn|p1a: Urshifu|Protect\n|move|p2a: Roaring Moon|Acrobatics|p1a: Urshifu\n|-activate|p1a: Urshifu|move: Protect\n|move|p2b: Zacian|Play Rough|p1b: Incineroar|[miss]\n|-miss|p2b: Zacian|p1b: Incineroar\n|move|p1b: Incineroar|Parting Shot|p2a: Roaring Moon\n|-unboost|p2a: Roaring Moon|atk|1\n|-unboost|p2a: Roaring Moon|spa|1\n|\n|t:|1721350998\n|switch|p1b: Amoonguss|Amoonguss, L50, M|59\/100|[from] Parting Shot\n|\n|-damage|p2a: Roaring Moon|53\/100 brn|[from] brn\n|upkeep\n|turn|7\n|\n|t:|1721351011\n|-end|p2a: Roaring Moon|Protosynthesis|[silent]\n|switch|p2a: Ting-Lu|Ting-Lu, L50|100\/100\n|-ability|p2a: Ting-Lu|Vessel of Ruin\n|move|p1b: Amoonguss|Rage Powder|p1b: Amoonguss\n|-singleturn|p1b: Amoonguss|move: Rage Powder\n|move|p2b: Zacian|Behemoth Blade|p1b: Amoonguss\n|-damage|p1b: Amoonguss|0 fnt\n|-damage|p2b: Zacian|17\/100|[from] item: Rocky Helmet|[of] p1b: Amoonguss\n|faint|p1b: Amoonguss\n|move|p1a: Urshifu|Close Combat|p2b: Zacian\n|-crit|p2b: Zacian\n|-damage|p2b: Zacian|0 fnt\n|-unboost|p1a: Urshifu|def|1\n|-unboost|p1a: Urshifu|spd|1\n|faint|p2b: Zacian\n|\n|-sideend|p2: Dathluke|move: Tailwind\n|upkeep\n|\n|t:|1721351032\n|switch|p2b: Roaring Moon|Roaring Moon, L50|53\/100 brn\n|switch|p1b: Incineroar|Incineroar, L50, M, shiny|50\/100\n|-ability|p1b: Incineroar|Intimidate|boost\n|-unboost|p2a: Ting-Lu|atk|1\n|-unboost|p2b: Roaring Moon|atk|1\n|turn|8\n|\n|t:|1721351041\n|-terastallize|p1a: Urshifu|Stellar\n|move|p1b: Incineroar|Fake Out|p2b: Roaring Moon\n|-damage|p2b: Roaring Moon|41\/100 brn\n|cant|p2b: Roaring Moon|flinch\n|move|p1a: Urshifu|Surging Strikes|p2a: Ting-Lu\n|-supereffective|p2a: Ting-Lu\n|-crit|p2a: Ting-Lu\n|-damage|p2a: Ting-Lu|66\/100\n|-supereffective|p2a: Ting-Lu\n|-crit|p2a: Ting-Lu\n|-damage|p2a: Ting-Lu|34\/100\n|-supereffective|p2a: Ting-Lu\n|-crit|p2a: Ting-Lu\n|-damage|p2a: Ting-Lu|1\/100\n|-hitcount|p2a: Ting-Lu|3\n|move|p2a: Ting-Lu|Ruination|p1a: Urshifu\n|-damage|p1a: Urshifu|50\/100\n|\n|-damage|p2b: Roaring Moon|35\/100 brn|[from] brn\n|upkeep\n|turn|9\n|\n|t:|1721351069\n|move|p1a: Urshifu|Aqua Jet|p2a: Ting-Lu\n|-supereffective|p2a: Ting-Lu\n|-damage|p2a: Ting-Lu|0 fnt\n|faint|p2a: Ting-Lu\n|move|p2b: Roaring Moon|Acrobatics|p1a: Urshifu\n|-supereffective|p1a: Urshifu\n|-damage|p1a: Urshifu|0 fnt\n|faint|p1a: Urshifu\n|move|p1b: Incineroar|Parting Shot|p2b: Roaring Moon\n|-unboost|p2b: Roaring Moon|atk|1\n|-unboost|p2b: Roaring Moon|spa|1\n|\n|t:|1721351079\n|switch|p1b: Calyrex|Calyrex-Shadow, L50|100\/100|[from] Parting Shot\n|-ability|p1b: Calyrex|As One\n|-ability|p1b: Calyrex|Unnerve\n|\n|-damage|p2b: Roaring Moon|28\/100 brn|[from] brn\n|upkeep\n|-message|Dathluke forfeited.\n|\n|win|ccc2014\n|raw|ccc2014's rating: 1723 &rarr; <strong>1742<\/strong><br \/>(+19 for winning)\n|raw|Dathluke's rating: 1706 &rarr; <strong>1687<\/strong><br \/>(-19 for losing)\n|l|\u2606Dathluke\n|player|p2|\n|l| sprocke123\n|l|\u2606ccc2014\n|player|p1|\n","uploadtime":1721351298,"views":26,"formatid":"gen9vgc2024regg","rating":1687,"private":0,"password":null}