{"id":"gen9vgc2024regg-2163688121","format":"[Gen 9] VGC 2024 Reg G","players":["asdfkjc","SubToPenglin"],"log":"|j|\u2606asdfkjc\n|j|\u2606SubToPenglin\n|t:|1721393612\n|gametype|doubles\n|player|p1|asdfkjc|sabrina|1672\n|player|p2|SubToPenglin|dawn-gen4pt|1744\n|teamsize|p1|6\n|teamsize|p2|6\n|gen|9\n|tier|[Gen 9] VGC 2024 Reg G\n|rated|\n|rule|Species Clause: Limit one of each Pok\u00e9mon\n|rule|Item Clause: Limit one of each item\n|clearpoke\n|poke|p1|Calyrex-Ice, L50|\n|poke|p1|Farigiraf, L50, F|\n|poke|p1|Ogerpon-Wellspring, L50, F|\n|poke|p1|Urshifu-*, L50, F|\n|poke|p1|Annihilape, L50, F|\n|poke|p1|Regidrago, L50|\n|poke|p2|Comfey, L50, M|\n|poke|p2|Terapagos, L50, M|\n|poke|p2|Tornadus, L50, M|\n|poke|p2|Ogerpon-Cornerstone, L50, F|\n|poke|p2|Magmar, L50, F|\n|poke|p2|Tsareena, L50, F|\n|teampreview|4\n|inactive|Battle timer is ON: inactive players will automatically lose when time's up. (requested by SubToPenglin)\n|inactive|SubToPenglin has 60 seconds left.\n|\n|t:|1721393656\n|start\n|switch|p1a: Annihilape|Annihilape, L50, F|100\/100\n|switch|p1b: Farigiraf|Farigiraf, L50, F|100\/100\n|switch|p2a: Terapagos|Terapagos, L50, M|100\/100\n|switch|p2b: Ogerpon|Ogerpon-Cornerstone, L50, F|100\/100\n|-activate|p2a: Terapagos|ability: Tera Shift\n|detailschange|p2a: Terapagos|Terapagos-Terastal, L50, M\n|-heal|p2a: Terapagos|100\/100|[silent]\n|turn|1\n|\n|t:|1721393681\n|move|p2a: Terapagos|Protect|p2a: Terapagos\n|-singleturn|p2a: Terapagos|Protect\n|move|p1a: Annihilape|Close Combat|p2b: Ogerpon\n|-supereffective|p2b: Ogerpon\n|-ability|p2b: Ogerpon|Sturdy\n|-damage|p2b: Ogerpon|1\/100\n|-unboost|p1a: Annihilape|def|1\n|-unboost|p1a: Annihilape|spd|1\n|move|p2b: Ogerpon|Ivy Cudgel|p1b: Farigiraf|[anim] Ivy Cudgel Rock\n|-damage|p1b: Farigiraf|48\/100\n|move|p1b: Farigiraf|Psychic Noise|p2a: Terapagos\n|-activate|p2a: Terapagos|move: Protect\n|\n|upkeep\n|turn|2\n|inactive|SubToPenglin has 30 seconds left.\n|\n|t:|1721393707\n|move|p2b: Ogerpon|Spiky Shield|p2b: Ogerpon\n|-singleturn|p2b: Ogerpon|move: Protect\n|move|p1a: Annihilape|Close Combat|p2b: Ogerpon\n|-activate|p2b: Ogerpon|move: Protect\n|-damage|p1a: Annihilape|88\/100|[from] Spiky Shield|[of] p2b: Ogerpon\n|move|p2a: Terapagos|Calm Mind|p2a: Terapagos\n|-boost|p2a: Terapagos|spa|1\n|-boost|p2a: Terapagos|spd|1\n|move|p1b: Farigiraf|Trick Room|p1b: Farigiraf\n|-fieldstart|move: Trick Room|[of] p1b: Farigiraf\n|\n|upkeep\n|turn|3\n|\n|t:|1721393732\n|switch|p2b: Magmar|Magmar, L50, F, shiny|100\/100\n|-terastallize|p2a: Terapagos|Stellar\n|detailschange|p2a: Terapagos|Terapagos-Stellar, L50, M, tera:Stellar\n|-heal|p2a: Terapagos|100\/100|[silent]\n|move|p1b: Farigiraf|Psychic Noise|p2a: Terapagos\n|-damage|p2a: Terapagos|88\/100\n|-start|p2a: Terapagos|move: Heal Block\n|move|p2a: Terapagos|Tera Starstorm|p1a: Annihilape|[spread] p1a,p1b\n|-damage|p1a: Annihilape|17\/100\n|-damage|p1b: Farigiraf|2\/100\n|move|p1a: Annihilape|Close Combat|p2a: Terapagos\n|-supereffective|p2a: Terapagos\n|-damage|p2a: Terapagos|31\/100\n|-unboost|p1a: Annihilape|def|1\n|-unboost|p1a: Annihilape|spd|1\n|\n|upkeep\n|turn|4\n|\n|t:|1721393751\n|move|p2b: Magmar|Protect|p2b: Magmar\n|-singleturn|p2b: Magmar|Protect\n|move|p2a: Terapagos|Protect|p2a: Terapagos\n|-singleturn|p2a: Terapagos|Protect\n|move|p1b: Farigiraf|Psychic Noise|p2b: Magmar\n|-activate|p2b: Magmar|move: Protect\n|move|p1a: Annihilape|Close Combat|p2b: Magmar\n|-activate|p2b: Magmar|move: Protect\n|\n|-end|p2a: Terapagos|move: Heal Block\n|upkeep\n|turn|5\n|\n|t:|1721393768\n|move|p2b: Magmar|Follow Me|p2b: Magmar\n|-singleturn|p2b: Magmar|move: Follow Me\n|move|p1b: Farigiraf|Psychic Noise|p2b: Magmar\n|-damage|p2b: Magmar|77\/100\n|-start|p2b: Magmar|move: Heal Block\n|move|p2a: Terapagos|Tera Starstorm|p1a: Annihilape|[spread] p1a,p1b\n|-damage|p1a: Annihilape|0 fnt\n|-damage|p1b: Farigiraf|0 fnt\n|faint|p1a: Annihilape\n|faint|p1b: Farigiraf\n|\n|upkeep\n|\n|t:|1721393772\n|switch|p1b: Calyrex|Calyrex-Ice, L50|100\/100\n|switch|p1a: Regidrago|Regidrago, L50|100\/100\n|-ability|p1b: Calyrex|As One\n|-ability|p1b: Calyrex|Unnerve\n|turn|6\n|\n|t:|1721393784\n|move|p2a: Terapagos|Protect|p2a: Terapagos\n|-singleturn|p2a: Terapagos|Protect\n|move|p1a: Regidrago|Dragon Energy|p2a: Terapagos|[spread] p2b\n|-activate|p2a: Terapagos|move: Protect\n|-damage|p2b: Magmar|14\/100\n|move|p1b: Calyrex|Glacial Lance|p2a: Terapagos|[spread] p2b\n|-activate|p2a: Terapagos|move: Protect\n|-resisted|p2b: Magmar\n|-damage|p2b: Magmar|0 fnt\n|faint|p2b: Magmar\n|-ability|p1b: Calyrex|Chilling Neigh|boost\n|-boost|p1b: Calyrex|atk|1\n|\n|-fieldend|move: Trick Room\n|upkeep\n|j| shanehuang\n|\n|t:|1721393796\n|switch|p2b: Comfey|Comfey, L50, M, shiny|100\/100\n|turn|7\n|j| FearceVGC\n|\n|t:|1721393810\n|move|p1a: Regidrago|Protect|p1a: Regidrago\n|-singleturn|p1a: Regidrago|Protect\n|move|p2b: Comfey|Floral Healing|p2a: Terapagos\n|-heal|p2a: Terapagos|81\/100\n|move|p2a: Terapagos|Tera Starstorm|p1a: Regidrago|[spread] p1b\n|-activate|p1a: Regidrago|move: Protect\n|-damage|p1b: Calyrex|65\/100\n|move|p1b: Calyrex|Trick Room|p1b: Calyrex\n|-fieldstart|move: Trick Room|[of] p1b: Calyrex\n|\n|upkeep\n|turn|8\n|\n|t:|1721393823\n|-terastallize|p1a: Regidrago|Dragon\n|move|p2b: Comfey|Draining Kiss|p1a: Regidrago\n|-supereffective|p1a: Regidrago\n|-damage|p1a: Regidrago|63\/100\n|move|p1a: Regidrago|Draco Meteor|p2a: Terapagos\n|-damage|p2a: Terapagos|30\/100\n|-unboost|p1a: Regidrago|spa|2\n|move|p1b: Calyrex|Glacial Lance|p2a: Terapagos|[spread] p2a,p2b\n|-damage|p2a: Terapagos|0 fnt\n|-damage|p2b: Comfey|8\/100\n|faint|p2a: Terapagos\n|-ability|p1b: Calyrex|Chilling Neigh|boost\n|-boost|p1b: Calyrex|atk|1\n|\n|upkeep\n|\n|t:|1721393835\n|switch|p2a: Ogerpon|Ogerpon-Cornerstone, L50, F|1\/100\n|turn|9\n|\n|t:|1721393845\n|move|p2b: Comfey|Protect|p2b: Comfey\n|-singleturn|p2b: Comfey|Protect\n|move|p2a: Ogerpon|Spiky Shield|p2a: Ogerpon\n|-singleturn|p2a: Ogerpon|move: Protect\n|move|p1a: Regidrago|Draco Meteor|p2a: Ogerpon\n|-activate|p2a: Ogerpon|move: Protect\n|move|p1b: Calyrex|Glacial Lance|p2a: Ogerpon|[spread] \n|-activate|p2a: Ogerpon|move: Protect\n|-activate|p2b: Comfey|move: Protect\n|\n|upkeep\n|turn|10\n|\n|t:|1721393852\n|move|p2b: Comfey|Protect|p2b: Comfey\n|-singleturn|p2b: Comfey|Protect\n|move|p2a: Ogerpon|Spiky Shield||[still]\n|-fail|p2a: Ogerpon\n|move|p1a: Regidrago|Draco Meteor|p2a: Ogerpon\n|-damage|p2a: Ogerpon|0 fnt\n|-unboost|p1a: Regidrago|spa|2\n|faint|p2a: Ogerpon\n|move|p1b: Calyrex|Glacial Lance|p2b: Comfey\n|-activate|p2b: Comfey|move: Protect\n|\n|upkeep\n|turn|11\n|\n|t:|1721393859\n|move|p2b: Comfey|Draining Kiss|p1a: Regidrago\n|-supereffective|p1a: Regidrago\n|-damage|p1a: Regidrago|28\/100\n|-heal|p2b: Comfey|60\/100|[from] drain|[of] p1a: Regidrago\n|move|p1a: Regidrago|Earth Power|p2b: Comfey\n|-damage|p2b: Comfey|48\/100\n|move|p1b: Calyrex|Glacial Lance|p2b: Comfey\n|-damage|p2b: Comfey|0 fnt\n|faint|p2b: Comfey\n|\n|win|asdfkjc\n|raw|asdfkjc's rating: 1672 &rarr; <strong>1696<\/strong><br \/>(+24 for winning)\n|raw|SubToPenglin's rating: 1744 &rarr; <strong>1720<\/strong><br \/>(-24 for losing)\n|l|\u2606SubToPenglin\n|player|p2|\n","uploadtime":1721394057,"views":24,"formatid":"gen9vgc2024regg","rating":1696,"private":0,"password":null}