{"id":"gen9vgc2024regg-2163231825","format":"[Gen 9] VGC 2024 Reg G","players":["Spottedwoot","HitFissureThenLose"],"log":"|j|\u2606Spottedwoot\n|j|\u2606HitFissureThenLose\n|t:|1721324740\n|gametype|doubles\n|player|p1|Spottedwoot|170|1781\n|player|p2|HitFissureThenLose|266|1688\n|teamsize|p1|6\n|teamsize|p2|6\n|gen|9\n|tier|[Gen 9] VGC 2024 Reg G\n|rated|\n|rule|Species Clause: Limit one of each Pok\u00e9mon\n|rule|Item Clause: Limit one of each item\n|clearpoke\n|poke|p1|Calyrex-Shadow, L50|\n|poke|p1|Tornadus, L50, M|\n|poke|p1|Chi-Yu, L50|\n|poke|p1|Rillaboom, L50, M|\n|poke|p1|Urshifu-*, L50, F|\n|poke|p1|Incineroar, L50, M|\n|poke|p2|Calyrex-Ice, L50|\n|poke|p2|Rillaboom, L50, F|\n|poke|p2|Ting-Lu, L50|\n|poke|p2|Raging Bolt, L50|\n|poke|p2|Dondozo, L50, F|\n|poke|p2|Tatsugiri, L50, F|\n|teampreview|4\nHitFissureThenLose has agreed to open team sheets.\n|inactive|Battle timer is ON: inactive players will automatically lose when time's up. (requested by HitFissureThenLose)\n|inactive|HitFissureThenLose has 60 seconds left.\n|inactive|HitFissureThenLose has 30 seconds left.\n|inactive|HitFissureThenLose has 20 seconds left.\n|inactive|HitFissureThenLose has 15 seconds left.\n|\n|t:|1721324831\n|start\n|switch|p1a: Calyrex|Calyrex-Shadow, L50|100\/100\n|switch|p1b: Incineroar|Incineroar, L50, M|100\/100\n|switch|p2a: Calyrex|Calyrex-Ice, L50|100\/100\n|switch|p2b: Dondozo|Dondozo, L50, F|100\/100\n|-ability|p1a: Calyrex|As One\n|-ability|p1a: Calyrex|Unnerve\n|-ability|p2a: Calyrex|As One\n|-ability|p2a: Calyrex|Unnerve\n|-ability|p1b: Incineroar|Intimidate|boost\n|-fail|p2a: Calyrex|unboost|[from] item: Clear Amulet|[of] p2a: Calyrex\n|-unboost|p2b: Dondozo|atk|1\n|turn|1\n|\n|t:|1721324854\n|-terastallize|p1a: Calyrex|Ghost\n|-terastallize|p2a: Calyrex|Fire\n|move|p2b: Dondozo|Protect|p2b: Dondozo\n|-singleturn|p2b: Dondozo|Protect\n|move|p1b: Incineroar|Fake Out|p2b: Dondozo\n|-activate|p2b: Dondozo|move: Protect\n|move|p1a: Calyrex|Astral Barrage|p2a: Calyrex|[spread] p2a\n|-activate|p2b: Dondozo|move: Protect\n|-damage|p2a: Calyrex|20\/100\n|move|p2a: Calyrex|Trick Room|p2a: Calyrex\n|-fieldstart|move: Trick Room|[of] p2a: Calyrex\n|\n|upkeep\n|turn|2\n|\n|t:|1721324879\n|switch|p1a: Urshifu|Urshifu-Rapid-Strike, L50, F|100\/100\n|move|p2a: Calyrex|Glacial Lance|p1b: Incineroar|[spread] p1a,p1b\n|-resisted|p1a: Urshifu\n|-resisted|p1b: Incineroar\n|-damage|p1a: Urshifu|70\/100\n|-damage|p1b: Incineroar|68\/100\n|move|p1b: Incineroar|Knock Off|p2b: Dondozo\n|-damage|p2b: Dondozo|75\/100\n|-enditem|p2b: Dondozo|Leftovers|[from] move: Knock Off|[of] p1b: Incineroar\n|move|p2b: Dondozo|Wave Crash|p1a: Urshifu\n|-resisted|p1a: Urshifu\n|-damage|p1a: Urshifu|52\/100\n|-damage|p2b: Dondozo|71\/100|[from] Recoil\n|\n|upkeep\n|turn|3\n|\n|t:|1721324896\n|switch|p2a: Tatsugiri|Tatsugiri, L50, F|100\/100\n|-activate|p2a: Tatsugiri|ability: Commander|[of] p2b: Dondozo\n|-boost|p2b: Dondozo|atk|2\n|-boost|p2b: Dondozo|spa|2\n|-boost|p2b: Dondozo|spe|2\n|-boost|p2b: Dondozo|def|2\n|-boost|p2b: Dondozo|spd|2\n|move|p1a: Urshifu|Aqua Jet|p2a: Tatsugiri|[miss]\n|-miss|p1a: Urshifu|p2a: Tatsugiri\n|move|p1b: Incineroar|Will-O-Wisp|p2b: Dondozo|[miss]\n|-miss|p1b: Incineroar|p2b: Dondozo\n|move|p2b: Dondozo|Wave Crash|p1b: Incineroar\n|-supereffective|p1b: Incineroar\n|-damage|p1b: Incineroar|0 fnt\n|faint|p1b: Incineroar\n|-damage|p2b: Dondozo|51\/100|[from] Recoil\n|\n|upkeep\n|\n|t:|1721324912\n|switch|p1b: Rillaboom|Rillaboom, L50, M|100\/100\n|-fieldstart|move: Grassy Terrain|[from] ability: Grassy Surge|[of] p1b: Rillaboom\n|turn|4\n|\n|t:|1721324922\n|move|p2b: Dondozo|Protect|p2b: Dondozo\n|-singleturn|p2b: Dondozo|Protect\n|move|p1b: Rillaboom|Fake Out|p2b: Dondozo\n|-activate|p2b: Dondozo|move: Protect\n|move|p1a: Urshifu|Surging Strikes|p2b: Dondozo\n|-resisted|p2b: Dondozo\n|-crit|p2b: Dondozo\n|-damage|p2b: Dondozo|43\/100\n|-resisted|p2b: Dondozo\n|-crit|p2b: Dondozo\n|-damage|p2b: Dondozo|36\/100\n|-resisted|p2b: Dondozo\n|-crit|p2b: Dondozo\n|-damage|p2b: Dondozo|30\/100\n|-hitcount|p2b: Dondozo|3\n|\n|-heal|p1a: Urshifu|58\/100|[from] Grassy Terrain\n|-heal|p2b: Dondozo|36\/100|[from] Grassy Terrain\n|upkeep\n|turn|5\n|\n|t:|1721324944\n|move|p1b: Rillaboom|Wood Hammer|p2b: Dondozo\n|-supereffective|p2b: Dondozo\n|-damage|p2b: Dondozo|0 fnt\n|faint|p2b: Dondozo\n|-damage|p1b: Rillaboom|87\/100|[from] Recoil\n|move|p1a: Urshifu|Close Combat|p2a: Tatsugiri\n|-enditem|p2a: Tatsugiri|Focus Sash\n|-damage|p2a: Tatsugiri|1\/100\n|-unboost|p1a: Urshifu|def|1\n|-unboost|p1a: Urshifu|spd|1\n|\n|-heal|p1b: Rillaboom|93\/100|[from] Grassy Terrain\n|-heal|p2a: Tatsugiri|7\/100|[from] Grassy Terrain\n|-heal|p1a: Urshifu|63\/100|[from] Grassy Terrain\n|-fieldend|move: Trick Room\n|upkeep\n|\n|t:|1721324949\n|switch|p2b: Raging Bolt|Raging Bolt, L50|100\/100\n|-enditem|p2b: Raging Bolt|Booster Energy\n|-activate|p2b: Raging Bolt|ability: Protosynthesis|[fromitem]\n|-start|p2b: Raging Bolt|protosynthesisspa\n|turn|6\n|\n|t:|1721324969\n|switch|p2a: Calyrex|Calyrex-Ice, L50, tera:Fire|20\/100\n|-ability|p2a: Calyrex|As One\n|-ability|p2a: Calyrex|Unnerve\n|move|p1b: Rillaboom|Grassy Glide|p2a: Calyrex\n|-resisted|p2a: Calyrex\n|-damage|p2a: Calyrex|7\/100\n|move|p1a: Urshifu|Close Combat|p2b: Raging Bolt\n|-damage|p2b: Raging Bolt|46\/100\n|-unboost|p1a: Urshifu|def|1\n|-unboost|p1a: Urshifu|spd|1\n|move|p2b: Raging Bolt|Calm Mind|p2b: Raging Bolt\n|-boost|p2b: Raging Bolt|spa|1\n|-boost|p2b: Raging Bolt|spd|1\n|\n|-heal|p1a: Urshifu|69\/100|[from] Grassy Terrain\n|-heal|p1b: Rillaboom|98\/100|[from] Grassy Terrain\n|-heal|p2b: Raging Bolt|52\/100|[from] Grassy Terrain\n|-heal|p2a: Calyrex|13\/100|[from] Grassy Terrain\n|upkeep\n|turn|7\n|\n|t:|1721324987\n|move|p1a: Urshifu|Aqua Jet|p2a: Calyrex\n|-supereffective|p2a: Calyrex\n|-damage|p2a: Calyrex|0 fnt\n|faint|p2a: Calyrex\n|move|p1b: Rillaboom|High Horsepower|p2b: Raging Bolt\n|-supereffective|p2b: Raging Bolt\n|-damage|p2b: Raging Bolt|0 fnt\n|faint|p2b: Raging Bolt\n|-end|p2b: Raging Bolt|Protosynthesis|[silent]\n|\n|-heal|p1a: Urshifu|75\/100|[from] Grassy Terrain\n|-heal|p1b: Rillaboom|100\/100|[from] Grassy Terrain\n|upkeep\n|-message|HitFissureThenLose forfeited.\n|\n|win|Spottedwoot\n|raw|Spottedwoot's rating: 1781 &rarr; <strong>1796<\/strong><br \/>(+15 for winning)\n|raw|HitFissureThenLose's rating: 1688 &rarr; <strong>1673<\/strong><br \/>(-15 for losing)\n|l|\u2606HitFissureThenLose\n|player|p2|\n|l|\u2606Spottedwoot\n|player|p1|\n","uploadtime":1721325218,"views":8,"formatid":"gen9vgc2024regg","rating":1673,"private":0,"password":null}