{"id":"gen9vgc2024regg-2163754345","format":"[Gen 9] VGC 2024 Reg G","players":["Djjwjwwjj","Phononmode"],"log":"|j|\u2606Djjwjwwjj\n|j|\u2606Phononmode\n|t:|1721402101\n|gametype|doubles\n|player|p1|Djjwjwwjj|101|1830\n|player|p2|Phononmode|101|1748\n|teamsize|p1|6\n|teamsize|p2|6\n|gen|9\n|tier|[Gen 9] VGC 2024 Reg G\n|rated|\n|rule|Species Clause: Limit one of each Pok\u00e9mon\n|rule|Item Clause: Limit one of each item\n|clearpoke\n|poke|p1|Palafin, L50, M|\n|poke|p1|Calyrex-Shadow, L50|\n|poke|p1|Incineroar, L50, F|\n|poke|p1|Pelipper, L50, F|\n|poke|p1|Rillaboom, L50, F|\n|poke|p1|Maushold-Four, L50|\n|poke|p2|Miraidon, L50|\n|poke|p2|Sceptile, L50, F|\n|poke|p2|Ogerpon-Hearthflame, L50, F|\n|poke|p2|Dondozo, L50, F|\n|poke|p2|Tatsugiri, L50, M|\n|poke|p2|Archaludon, L50, F|\n|teampreview|4\nPhononmode has agreed to open team sheets.\n|inactive|Battle timer is ON: inactive players will automatically lose when time's up. (requested by Phononmode)\n|\n|t:|1721402136\n|start\n|switch|p1a: Rillaboom|Rillaboom, L50, F|100\/100\n|switch|p1b: Calyrex|Calyrex-Shadow, L50|100\/100\n|switch|p2a: Sceptile|Sceptile, L50, F|100\/100\n|switch|p2b: Miraidon|Miraidon, L50|100\/100\n|-ability|p1b: Calyrex|As One\n|-ability|p1b: Calyrex|Unnerve\n|-fieldstart|move: Electric Terrain|[from] ability: Hadron Engine|[of] p2b: Miraidon\n|-enditem|p2a: Sceptile|Electric Seed\n|-boost|p2a: Sceptile|def|1|[from] item: Electric Seed\n|-fieldstart|move: Grassy Terrain|[from] ability: Grassy Surge|[of] p1a: Rillaboom\n|turn|1\n|\n|t:|1721402161\n|move|p2b: Miraidon|Protect|p2b: Miraidon\n|-singleturn|p2b: Miraidon|Protect\n|move|p1a: Rillaboom|Fake Out|p2a: Sceptile\n|-damage|p2a: Sceptile|87\/100\n|cant|p2a: Sceptile|flinch\n|move|p1b: Calyrex|Calm Mind|p1b: Calyrex\n|-boost|p1b: Calyrex|spa|1\n|-boost|p1b: Calyrex|spd|1\n|\n|-heal|p2a: Sceptile|93\/100|[from] Grassy Terrain\n|upkeep\n|turn|2\n|inactive|Djjwjwwjj has 30 seconds left.\n|inactive|Phononmode has 30 seconds left.\n|inactive|Djjwjwwjj has 20 seconds left.\n|inactive|Phononmode has 20 seconds left.\n|\n|t:|1721402197\n|move|p1a: Rillaboom|Grassy Glide|p2a: Sceptile\n|-resisted|p2a: Sceptile\n|-damage|p2a: Sceptile|75\/100\n|move|p2a: Sceptile|Dragon Cheer|p2b: Miraidon\n|-start|p2b: Miraidon|move: Dragon Cheer\n|move|p1b: Calyrex|Astral Barrage|p2a: Sceptile|[spread] p2a,p2b\n|-damage|p2a: Sceptile|0 fnt\n|-damage|p2b: Miraidon|35\/100\n|faint|p2a: Sceptile\n|-ability|p1b: Calyrex|Grim Neigh|boost\n|-boost|p1b: Calyrex|spa|1\n|move|p2b: Miraidon|Draco Meteor|p1b: Calyrex\n|-crit|p1b: Calyrex\n|-damage|p1b: Calyrex|13\/100\n|-unboost|p2b: Miraidon|spa|2\n|\n|-heal|p1b: Calyrex|19\/100|[from] Grassy Terrain\n|-heal|p2b: Miraidon|40\/100|[from] Grassy Terrain\n|upkeep\n|\n|t:|1721402212\n|switch|p2a: Dondozo|Dondozo, L50, F|100\/100\n|turn|3\n|\n|t:|1721402232\n|-terastallize|p2a: Dondozo|Grass\n|move|p1b: Calyrex|Protect|p1b: Calyrex\n|-singleturn|p1b: Calyrex|Protect\n|move|p2b: Miraidon|Protect|p2b: Miraidon\n|-singleturn|p2b: Miraidon|Protect\n|move|p1a: Rillaboom|U-turn|p2a: Dondozo\n|-supereffective|p2a: Dondozo\n|-damage|p2a: Dondozo|67\/100\n|\n|t:|1721402244\n|switch|p1a: Incineroar|Incineroar, L50, F|100\/100|[from] U-turn\n|-ability|p1a: Incineroar|Intimidate|boost\n|-unboost|p2a: Dondozo|atk|1\n|-unboost|p2b: Miraidon|atk|1\n|move|p2a: Dondozo|Wave Crash|p1b: Calyrex\n|-activate|p1b: Calyrex|move: Protect\n|\n|-heal|p1b: Calyrex|25\/100|[from] Grassy Terrain\n|-heal|p2b: Miraidon|46\/100|[from] Grassy Terrain\n|-heal|p2a: Dondozo|73\/100|[from] Grassy Terrain\n|-heal|p2a: Dondozo|79\/100|[from] item: Leftovers\n|upkeep\n|turn|4\n|\n|t:|1721402266\n|switch|p2b: Tatsugiri|Tatsugiri, L50, M|100\/100\n|-activate|p2b: Tatsugiri|ability: Commander|[of] p2a: Dondozo\n|-boost|p2a: Dondozo|atk|2\n|-boost|p2a: Dondozo|spa|2\n|-boost|p2a: Dondozo|spe|2\n|-boost|p2a: Dondozo|def|2\n|-boost|p2a: Dondozo|spd|2\n|move|p2a: Dondozo|Protect|p2a: Dondozo\n|-singleturn|p2a: Dondozo|Protect\n|move|p1a: Incineroar|Fake Out|p2a: Dondozo\n|-activate|p2a: Dondozo|move: Protect\n|move|p1b: Calyrex|Astral Barrage|p2b: Tatsugiri|[spread] \n|-miss|p1b: Calyrex|p2b: Tatsugiri\n|-activate|p2a: Dondozo|move: Protect\n|\n|-heal|p1b: Calyrex|30\/100|[from] Grassy Terrain\n|-heal|p2a: Dondozo|85\/100|[from] Grassy Terrain\n|-heal|p2a: Dondozo|92\/100|[from] item: Leftovers\n|upkeep\n|turn|5\n|inactive|Djjwjwwjj has 30 seconds left.\n|\n|t:|1721402299\n|switch|p1b: Rillaboom|Rillaboom, L50, F|100\/100\n|-terastallize|p1a: Incineroar|Water\n|move|p2a: Dondozo|Order Up|p1a: Incineroar\n|-damage|p1a: Incineroar|72\/100\n|-boost|p2a: Dondozo|atk|1\n|move|p1a: Incineroar|Knock Off|p2a: Dondozo\n|-damage|p2a: Dondozo|78\/100\n|-enditem|p2a: Dondozo|Leftovers|[from] move: Knock Off|[of] p1a: Incineroar\n|\n|-heal|p2a: Dondozo|84\/100|[from] Grassy Terrain\n|-heal|p1a: Incineroar|78\/100|[from] Grassy Terrain\n|-fieldend|move: Grassy Terrain\n|upkeep\n|turn|6\n|\n|t:|1721402326\n|switch|p1a: Maushold|Maushold-Four, L50|100\/100\n|move|p2a: Dondozo|Protect|p2a: Dondozo\n|-singleturn|p2a: Dondozo|Protect\n|move|p1b: Rillaboom|Fake Out|p2a: Dondozo\n|-activate|p2a: Dondozo|move: Protect\n|\n|upkeep\n|turn|7\n|j| no onions?\n|\n|t:|1721402345\n|move|p1a: Maushold|Protect|p1a: Maushold\n|-singleturn|p1a: Maushold|Protect\n|move|p2a: Dondozo|Order Up|p1a: Maushold\n|-activate|p1a: Maushold|move: Protect\n|move|p1b: Rillaboom|U-turn|p2a: Dondozo\n|-supereffective|p2a: Dondozo\n|-damage|p2a: Dondozo|66\/100\n|\n|t:|1721402353\n|switch|p1b: Incineroar|Incineroar, L50, F, tera:Water|78\/100|[from] U-turn\n|-ability|p1b: Incineroar|Intimidate|boost\n|-unboost|p2a: Dondozo|atk|1\n|-unboost|p2b: Tatsugiri|atk|1\n|\n|upkeep\n|turn|8\n|\n|t:|1721402362\n|switch|p1a: Rillaboom|Rillaboom, L50, F|100\/100\n|-fieldstart|move: Grassy Terrain|[from] ability: Grassy Surge|[of] p1a: Rillaboom\n|move|p2a: Dondozo|Protect|p2a: Dondozo\n|-singleturn|p2a: Dondozo|Protect\n|move|p1b: Incineroar|Fake Out|p2a: Dondozo\n|-activate|p2a: Dondozo|move: Protect\n|\n|-heal|p2a: Dondozo|73\/100|[from] Grassy Terrain\n|-heal|p1b: Incineroar|84\/100|[from] Grassy Terrain\n|upkeep\n|turn|9\n|\n|t:|1721402379\n|move|p1a: Rillaboom|Fake Out|p2a: Dondozo\n|-damage|p2a: Dondozo|68\/100\n|cant|p2a: Dondozo|flinch\n|move|p1b: Incineroar|Parting Shot|p2a: Dondozo\n|-unboost|p2a: Dondozo|atk|1\n|-unboost|p2a: Dondozo|spa|1\n|\n|t:|1721402390\n|switch|p1b: Calyrex|Calyrex-Shadow, L50|30\/100|[from] Parting Shot\n|-ability|p1b: Calyrex|As One\n|-ability|p1b: Calyrex|Unnerve\n|\n|-heal|p1b: Calyrex|36\/100|[from] Grassy Terrain\n|-heal|p2a: Dondozo|74\/100|[from] Grassy Terrain\n|upkeep\n|turn|10\n|\n|t:|1721402404\n|switch|p1b: Incineroar|Incineroar, L50, F, tera:Water|84\/100\n|-ability|p1b: Incineroar|Intimidate|boost\n|-unboost|p2a: Dondozo|atk|1\n|-unboost|p2b: Tatsugiri|atk|1\n|move|p2a: Dondozo|Fissure|p1a: Rillaboom|[miss]\n|-miss|p2a: Dondozo|p1a: Rillaboom\n|move|p1a: Rillaboom|U-turn|p2a: Dondozo\n|-supereffective|p2a: Dondozo\n|-damage|p2a: Dondozo|56\/100\n|\n|t:|1721402421\n|switch|p1a: Calyrex|Calyrex-Shadow, L50|36\/100|[from] U-turn\n|-ability|p1a: Calyrex|As One\n|-ability|p1a: Calyrex|Unnerve\n|\n|-heal|p1a: Calyrex|42\/100|[from] Grassy Terrain\n|-heal|p2a: Dondozo|62\/100|[from] Grassy Terrain\n|-heal|p1b: Incineroar|90\/100|[from] Grassy Terrain\n|upkeep\n|turn|11\n|\n|t:|1721402445\n|move|p1b: Incineroar|Helping Hand|p1a: Calyrex\n|-singleturn|p1a: Calyrex|Helping Hand|[of] p1b: Incineroar\n|move|p1a: Calyrex|Astral Barrage|p2b: Tatsugiri|[spread] p2a\n|-miss|p1a: Calyrex|p2b: Tatsugiri\n|-damage|p2a: Dondozo|29\/100\n|move|p2a: Dondozo|Wave Crash|p1a: Calyrex\n|-damage|p1a: Calyrex|10\/100\n|-damage|p2a: Dondozo|20\/100|[from] Recoil\n|\n|-heal|p1a: Calyrex|15\/100|[from] Grassy Terrain\n|-heal|p2a: Dondozo|26\/100|[from] Grassy Terrain\n|-heal|p1b: Incineroar|96\/100|[from] Grassy Terrain\n|upkeep\n|turn|12\n|\n|t:|1721402465\n|switch|p1b: Rillaboom|Rillaboom, L50, F|100\/100\n|move|p1a: Calyrex|Protect|p1a: Calyrex\n|-singleturn|p1a: Calyrex|Protect\n|move|p2a: Dondozo|Fissure|p1b: Rillaboom|[miss]\n|-miss|p2a: Dondozo|p1b: Rillaboom\n|\n|-heal|p1a: Calyrex|21\/100|[from] Grassy Terrain\n|-heal|p2a: Dondozo|32\/100|[from] Grassy Terrain\n|-fieldend|move: Grassy Terrain\n|upkeep\n|turn|13\n|\n|t:|1721402485\n|move|p2a: Dondozo|Protect|p2a: Dondozo\n|-singleturn|p2a: Dondozo|Protect\n|move|p1b: Rillaboom|Fake Out|p2a: Dondozo\n|-activate|p2a: Dondozo|move: Protect\n|move|p1a: Calyrex|Calm Mind|p1a: Calyrex\n|-boost|p1a: Calyrex|spa|1\n|-boost|p1a: Calyrex|spd|1\n|\n|upkeep\n|turn|14\n|\n|t:|1721402504\n|move|p1a: Calyrex|Protect|p1a: Calyrex\n|-singleturn|p1a: Calyrex|Protect\n|move|p2a: Dondozo|Fissure|p1b: Rillaboom|[miss]\n|-miss|p2a: Dondozo|p1b: Rillaboom\n|move|p1b: Rillaboom|U-turn|p2a: Dondozo\n|-supereffective|p2a: Dondozo\n|-damage|p2a: Dondozo|15\/100\n|\n|t:|1721402513\n|switch|p1b: Maushold|Maushold-Four, L50|100\/100|[from] U-turn\n|\n|upkeep\n|turn|15\n|l| no onions?\n|inactive|Djjwjwwjj has 30 seconds left.\n|inactive|Djjwjwwjj has 20 seconds left.\n|inactive|Djjwjwwjj has 15 seconds left.\n|\n|t:|1721402554\n|switch|p1b: Incineroar|Incineroar, L50, F, tera:Water|96\/100\n|-ability|p1b: Incineroar|Intimidate|boost\n|-unboost|p2a: Dondozo|atk|1\n|-unboost|p2b: Tatsugiri|atk|1\n|move|p2a: Dondozo|Protect|p2a: Dondozo\n|-singleturn|p2a: Dondozo|Protect\n|move|p1a: Calyrex|Astral Barrage|p2b: Tatsugiri|[spread] \n|-miss|p1a: Calyrex|p2b: Tatsugiri\n|-activate|p2a: Dondozo|move: Protect\n|\n|upkeep\n|turn|16\n|inactive|Phononmode has 30 seconds left.\n|\n|t:|1721402580\n|move|p2a: Dondozo|Protect||[still]\n|-fail|p2a: Dondozo\n|move|p1a: Calyrex|Astral Barrage|p2b: Tatsugiri|[spread] p2a\n|-miss|p1a: Calyrex|p2b: Tatsugiri\n|-damage|p2a: Dondozo|0 fnt\n|faint|p2a: Dondozo\n|-ability|p1a: Calyrex|Grim Neigh|boost\n|-boost|p1a: Calyrex|spa|1\n|move|p1b: Incineroar|Knock Off|p2b: Tatsugiri\n|-damage|p2b: Tatsugiri|26\/100\n|-enditem|p2b: Tatsugiri|Focus Sash|[from] move: Knock Off|[of] p1b: Incineroar\n|\n|upkeep\n|\n|t:|1721402582\n|switch|p2a: Miraidon|Miraidon, L50|46\/100\n|-fieldstart|move: Electric Terrain|[from] ability: Hadron Engine|[of] p2a: Miraidon\n|turn|17\n|\n|t:|1721402601\n|switch|p1b: Rillaboom|Rillaboom, L50, F|100\/100\n|-fieldstart|move: Grassy Terrain|[from] ability: Grassy Surge|[of] p1b: Rillaboom\n|move|p1a: Calyrex|Astral Barrage|p2b: Tatsugiri|[spread] p2a,p2b\n|-damage|p2a: Miraidon|0 fnt\n|-damage|p2b: Tatsugiri|0 fnt\n|faint|p2a: Miraidon\n|faint|p2b: Tatsugiri\n|\n|win|Djjwjwwjj\n|raw|Djjwjwwjj's rating: 1830 &rarr; <strong>1845<\/strong><br \/>(+15 for winning)\n|raw|Phononmode's rating: 1748 &rarr; <strong>1733<\/strong><br \/>(-15 for losing)\n|l|\u2606Phononmode\n|player|p2|\n|l|\u2606Djjwjwwjj\n|player|p1|\n","uploadtime":1721402794,"views":55,"formatid":"gen9vgc2024regg","rating":1733,"private":0,"password":null}