{"id":"gen9vgc2024regg-2163284324","format":"[Gen 9] VGC 2024 Reg G","players":["SOLOLUMINEONING","auraen"],"log":"|j|\u2606SOLOLUMINEONING\n|j|\u2606auraen\n|t:|1721330702\n|gametype|doubles\n|player|p1|SOLOLUMINEONING|magmasuit|1768\n|player|p2|auraen|harlequin|1699\n|teamsize|p1|6\n|teamsize|p2|6\n|gen|9\n|tier|[Gen 9] VGC 2024 Reg G\n|rated|\n|rule|Species Clause: Limit one of each Pok\u00e9mon\n|rule|Item Clause: Limit one of each item\n|clearpoke\n|poke|p1|Kyogre, L50|\n|poke|p1|Overqwil, L50, M|\n|poke|p1|Landorus, L50, M|\n|poke|p1|Ditto, L50|\n|poke|p1|Tsareena, L50, F|\n|poke|p1|Tornadus, L50, M|\n|poke|p2|Terapagos, L50, M|\n|poke|p2|Munkidori, L50, M|\n|poke|p2|Incineroar, L50, F|\n|poke|p2|Sinistcha, L50|\n|poke|p2|Basculegion, L50, M|\n|poke|p2|Flamigo, L50, F|\n|teampreview|4\n|inactive|Battle timer is ON: inactive players will automatically lose when time's up. (requested by SOLOLUMINEONING)\n|c|\u2606SOLOLUMINEONING|dam i\u2019m confused\n|c|\u2606SOLOLUMINEONING|but looks like ur cookin\n|inactive|SOLOLUMINEONING has 60 seconds left.\n|\n|t:|1721330754\n|start\n|switch|p1a: Kyogre|Kyogre, L50, shiny|100\/100\n|switch|p1b: Tsareena|Tsareena, L50, F, shiny|100\/100\n|switch|p2a: Terapagos|Terapagos, L50, M|100\/100\n|switch|p2b: Flamigo|Flamigo, L50, F|100\/100\n|-activate|p2a: Terapagos|ability: Tera Shift\n|detailschange|p2a: Terapagos|Terapagos-Terastal, L50, M\n|-heal|p2a: Terapagos|100\/100|[silent]\n|-weather|RainDance|[from] ability: Drizzle|[of] p1a: Kyogre\n|turn|1\n|inactive|SOLOLUMINEONING has 30 seconds left.\n|inactive|SOLOLUMINEONING has 20 seconds left.\n|\n|t:|1721330793\n|switch|p1a: Ditto|Ditto, L50, shiny|100\/100\n|-transform|p1a: Ditto|p2b: Flamigo|[from] ability: Imposter\n|-terastallize|p2a: Terapagos|Stellar\n|detailschange|p2a: Terapagos|Terapagos-Stellar, L50, M, tera:Stellar\n|-heal|p2a: Terapagos|100\/100|[silent]\n|-ability|p2a: Terapagos|Teraform Zero\n|-weather|none\n|move|p2b: Flamigo|Tailwind|p2b: Flamigo\n|-sidestart|p2: auraen|move: Tailwind\n|move|p2a: Terapagos|Tera Starstorm|p1b: Tsareena|[spread] p1a,p1b\n|-damage|p1a: Ditto|10\/100\n|-damage|p1b: Tsareena|30\/100\n|move|p1b: Tsareena|Power Whip|p2a: Terapagos\n|-damage|p2a: Terapagos|59\/100\n|\n|upkeep\n|turn|2\n|inactive|SOLOLUMINEONING has 30 seconds left.\n|j| bytedance\n|inactive|auraen has 30 seconds left.\n|\n|t:|1721330829\n|switch|p2a: Sinistcha|Sinistcha, L50|100\/100\n|move|p2b: Flamigo|Close Combat|p1b: Tsareena\n|-damage|p1b: Tsareena|0 fnt\n|-unboost|p2b: Flamigo|def|1\n|-unboost|p2b: Flamigo|spd|1\n|faint|p1b: Tsareena\n|move|p1a: Ditto|Close Combat|p2a: Sinistcha\n|-damage|p2a: Sinistcha|43\/100\n|-unboost|p1a: Ditto|def|1\n|-unboost|p1a: Ditto|spd|1\n|-damage|p1a: Ditto|0 fnt|[from] item: Rocky Helmet|[of] p2a: Sinistcha\n|faint|p1a: Ditto\n|\n|upkeep\n|\n|t:|1721330840\n|switch|p1b: Kyogre|Kyogre, L50, shiny|100\/100\n|switch|p1a: Overqwil|Overqwil, L50, M, shiny|100\/100\n|-weather|RainDance|[from] ability: Drizzle|[of] p1b: Kyogre\n|turn|3\n|\n|t:|1721330853\n|-terastallize|p1a: Overqwil|Poison\n|move|p2b: Flamigo|Close Combat|p1a: Overqwil\n|-resisted|p1a: Overqwil\n|-damage|p1a: Overqwil|68\/100\n|-unboost|p2b: Flamigo|def|1\n|-unboost|p2b: Flamigo|spd|1\n|move|p1a: Overqwil|Poison Jab|p2b: Flamigo\n|-enditem|p2b: Flamigo|Focus Sash\n|-damage|p2b: Flamigo|1\/100\n|-status|p2b: Flamigo|psn\n|-damage|p1a: Overqwil|58\/100|[from] item: Life Orb\n|move|p1b: Kyogre|Ice Beam|p2a: Sinistcha\n|-supereffective|p2a: Sinistcha\n|-damage|p2a: Sinistcha|0 fnt\n|faint|p2a: Sinistcha\n|\n|-weather|RainDance|[upkeep]\n|-damage|p2b: Flamigo|0 fnt|[from] psn\n|faint|p2b: Flamigo\n|upkeep\n|\n|t:|1721330856\n|switch|p2b: Terapagos|Terapagos-Stellar, L50, M, tera:Stellar|59\/100\n|switch|p2a: Basculegion|Basculegion, L50, M|100\/100\n|turn|4\n|\n|t:|1721330871\n|move|p1a: Overqwil|Protect|p1a: Overqwil\n|-singleturn|p1a: Overqwil|Protect\n|move|p1b: Kyogre|Protect|p1b: Kyogre\n|-singleturn|p1b: Kyogre|Protect\n|move|p2a: Basculegion|Aqua Jet|p1a: Overqwil\n|-activate|p1a: Overqwil|move: Protect\n|move|p2b: Terapagos|Tera Starstorm|p1a: Overqwil|[spread] \n|-activate|p1a: Overqwil|move: Protect\n|-activate|p1b: Kyogre|move: Protect\n|\n|-weather|RainDance|[upkeep]\n|-sideend|p2: auraen|move: Tailwind\n|upkeep\n|turn|5\n|\n|t:|1721330891\n|move|p2a: Basculegion|Aqua Jet|p1a: Overqwil\n|-damage|p1a: Overqwil|17\/100\n|move|p1a: Overqwil|Throat Chop|p2a: Basculegion\n|-supereffective|p2a: Basculegion\n|-damage|p2a: Basculegion|0 fnt\n|faint|p2a: Basculegion\n|-damage|p1a: Overqwil|7\/100|[from] item: Life Orb\n|move|p1b: Kyogre|Water Spout|p2b: Terapagos\n|-damage|p2b: Terapagos|0 fnt\n|faint|p2b: Terapagos\n|\n|win|SOLOLUMINEONING\n|raw|SOLOLUMINEONING's rating: 1768 &rarr; <strong>1784<\/strong><br \/>(+16 for winning)\n|raw|auraen's rating: 1699 &rarr; <strong>1683<\/strong><br \/>(-16 for losing)\n|l|\u2606auraen\n|player|p2|\n|c|\u2606SOLOLUMINEONING|gg\n|l|\u2606SOLOLUMINEONING\n|player|p1|\n","uploadtime":1721331116,"views":22,"formatid":"gen9vgc2024regg","rating":1683,"private":0,"password":null}