{"id":"gen9vgc2024regg-2163716976","format":"[Gen 9] VGC 2024 Reg G","players":["Krisuerte","CCC2023"],"log":"|j|\u2606Krisuerte\n|j|\u2606CCC2023\n|t:|1721397504\n|gametype|doubles\n|player|p1|Krisuerte|101|1793\n|player|p2|CCC2023|dawn|1732\n|teamsize|p1|6\n|teamsize|p2|6\n|gen|9\n|tier|[Gen 9] VGC 2024 Reg G\n|rated|\n|rule|Species Clause: Limit one of each Pok\u00e9mon\n|rule|Item Clause: Limit one of each item\n|clearpoke\n|poke|p1|Sinistcha-Masterpiece, L50|\n|poke|p1|Kyogre, L50|\n|poke|p1|Tornadus, L50, M|\n|poke|p1|Urshifu-*, L50, M|\n|poke|p1|Archaludon, L50, M|\n|poke|p1|Landorus, L50, M|\n|poke|p2|Urshifu-*, L50, M|\n|poke|p2|Ogerpon-Hearthflame, L50, F|\n|poke|p2|Incineroar, L50, M|\n|poke|p2|Rillaboom, L50, M|\n|poke|p2|Calyrex-Shadow, L50|\n|poke|p2|Raging Bolt, L50|\n|teampreview|4\n|\n|t:|1721397528\n|start\n|switch|p1a: Kyogre|Kyogre, L50|100\/100\n|switch|p1b: Tornadus|Tornadus, L50, M|100\/100\n|switch|p2a: Raging Bolt|Raging Bolt, L50|100\/100\n|switch|p2b: Urshifu|Urshifu-Rapid-Strike, L50, M|100\/100\n|-weather|RainDance|[from] ability: Drizzle|[of] p1a: Kyogre\n|-enditem|p2a: Raging Bolt|Booster Energy\n|-activate|p2a: Raging Bolt|ability: Protosynthesis|[fromitem]\n|-start|p2a: Raging Bolt|protosynthesisspa\n|turn|1\n|inactive|Battle timer is ON: inactive players will automatically lose when time's up. (requested by CCC2023)\n|j| o1o1o\n|inactive|CCC2023 has 60 seconds left.\n|\n|t:|1721397571\n|-terastallize|p2b: Urshifu|Stellar\n|-terastallize|p1a: Kyogre|Ghost\n|move|p2a: Raging Bolt|Protect|p2a: Raging Bolt\n|-singleturn|p2a: Raging Bolt|Protect\n|move|p1b: Tornadus|Tailwind|p1b: Tornadus\n|-sidestart|p1: Krisuerte|move: Tailwind\n|move|p1a: Kyogre|Ice Beam|p2a: Raging Bolt\n|-activate|p2a: Raging Bolt|move: Protect\n|move|p2b: Urshifu|Close Combat|p1a: Kyogre\n|-immune|p1a: Kyogre\n|\n|-weather|RainDance|[upkeep]\n|upkeep\n|turn|2\n|j| THUNDERSND77\n|\n|t:|1721397592\n|move|p2a: Raging Bolt|Thunderclap|p1b: Tornadus\n|-supereffective|p1b: Tornadus\n|-damage|p1b: Tornadus|0 fnt\n|faint|p1b: Tornadus\n|move|p1a: Kyogre|Ice Beam|p2a: Raging Bolt\n|-supereffective|p2a: Raging Bolt\n|-damage|p2a: Raging Bolt|5\/100\n|move|p2b: Urshifu|Surging Strikes|p1a: Kyogre\n|-crit|p1a: Kyogre\n|-damage|p1a: Kyogre|61\/100\n|-crit|p1a: Kyogre\n|-damage|p1a: Kyogre|18\/100\n|-crit|p1a: Kyogre\n|-damage|p1a: Kyogre|0 fnt\n|faint|p1a: Kyogre\n|-hitcount|p1: Kyogre|3\n|\n|-weather|RainDance|[upkeep]\n|upkeep\n|inactive|Krisuerte has 30 seconds left.\n|\n|t:|1721397623\n|switch|p1b: Archaludon|Archaludon, L50, M|100\/100\n|switch|p1a: Landorus|Landorus, L50, M|100\/100\n|turn|3\n|l| o1o1o\n|inactive|Krisuerte has 30 seconds left.\n|\n|t:|1721397656\n|move|p2b: Urshifu|Detect|p2b: Urshifu\n|-singleturn|p2b: Urshifu|Protect\n|move|p2a: Raging Bolt|Protect|p2a: Raging Bolt\n|-singleturn|p2a: Raging Bolt|Protect\n|move|p1a: Landorus|Sandsear Storm|p2b: Urshifu|[spread] \n|-activate|p2a: Raging Bolt|move: Protect\n|-activate|p2b: Urshifu|move: Protect\n|move|p1b: Archaludon|Electro Shot||[still]\n|-prepare|p1b: Archaludon|Electro Shot\n|-boost|p1b: Archaludon|spa|1\n|-anim|p1b: Archaludon|Electro Shot|p2b: Urshifu\n|-activate|p2b: Urshifu|move: Protect\n|\n|-weather|RainDance|[upkeep]\n|upkeep\n|turn|4\n|inactive|Krisuerte has 30 seconds left.\n|inactive|Krisuerte has 20 seconds left.\n|inactive|Krisuerte has 15 seconds left.\n|inactive|Krisuerte has 10 seconds left.\n|\n|t:|1721397705\n|move|p2b: Urshifu|Aqua Jet|p1a: Landorus\n|-supereffective|p1a: Landorus\n|-damage|p1a: Landorus|16\/100\n|move|p2a: Raging Bolt|Thunderclap|p1b: Archaludon\n|-resisted|p1b: Archaludon\n|-damage|p1b: Archaludon|78\/100\n|-ability|p1b: Archaludon|Stamina|boost\n|-boost|p1b: Archaludon|def|1\n|move|p1a: Landorus|Sandsear Storm|p2b: Urshifu|[spread] p2a,p2b\n|-supereffective|p2a: Raging Bolt\n|-damage|p2a: Raging Bolt|0 fnt\n|-damage|p2b: Urshifu|9\/100\n|faint|p2a: Raging Bolt\n|-end|p2a: Raging Bolt|Protosynthesis|[silent]\n|move|p1b: Archaludon|Electro Shot||[still]\n|-prepare|p1b: Archaludon|Electro Shot\n|-boost|p1b: Archaludon|spa|1\n|-anim|p1b: Archaludon|Electro Shot|p2b: Urshifu\n|-supereffective|p2b: Urshifu\n|-crit|p2b: Urshifu\n|-damage|p2b: Urshifu|0 fnt\n|faint|p2b: Urshifu\n|\n|-weather|RainDance|[upkeep]\n|-sideend|p1: Krisuerte|move: Tailwind\n|upkeep\n|\n|t:|1721397729\n|switch|p2b: Calyrex|Calyrex-Shadow, L50|100\/100\n|switch|p2a: Rillaboom|Rillaboom, L50, M|100\/100\n|-ability|p2b: Calyrex|As One\n|-ability|p2b: Calyrex|Unnerve\n|-fieldstart|move: Grassy Terrain|[from] ability: Grassy Surge|[of] p2a: Rillaboom\n|turn|5\n|\n|t:|1721397741\n|move|p1a: Landorus|Protect|p1a: Landorus\n|-singleturn|p1a: Landorus|Protect\n|move|p2a: Rillaboom|Fake Out|p1b: Archaludon\n|-resisted|p1b: Archaludon\n|-crit|p1b: Archaludon\n|-damage|p1b: Archaludon|70\/100\n|-ability|p1b: Archaludon|Stamina|boost\n|-boost|p1b: Archaludon|def|1\n|move|p2b: Calyrex|Astral Barrage|p1b: Archaludon|[spread] p1b\n|-activate|p1a: Landorus|move: Protect\n|-damage|p1b: Archaludon|21\/100\n|-ability|p1b: Archaludon|Stamina|boost\n|-boost|p1b: Archaludon|def|1\n|cant|p1b: Archaludon|flinch\n|\n|-weather|none\n|-heal|p1b: Archaludon|27\/100|[from] Grassy Terrain\n|upkeep\n|turn|6\n|inactive|Krisuerte has 30 seconds left.\n|\n|t:|1721397771\n|move|p2b: Calyrex|Astral Barrage|p1a: Landorus|[spread] p1a,p1b\n|-crit|p1a: Landorus\n|-damage|p1a: Landorus|0 fnt\n|-damage|p1b: Archaludon|0 fnt\n|faint|p1a: Landorus\n|faint|p1b: Archaludon\n|\n|win|CCC2023\n|raw|Krisuerte's rating: 1793 &rarr; <strong>1770<\/strong><br \/>(-23 for losing)\n|raw|CCC2023's rating: 1732 &rarr; <strong>1755<\/strong><br \/>(+23 for winning)\n|l| THUNDERSND77\n|l|\u2606Krisuerte\n|player|p1|\n|l|\u2606CCC2023\n|player|p2|\n","uploadtime":1721397945,"views":49,"formatid":"gen9vgc2024regg","rating":1755,"private":0,"password":null}