{"id":"gen9vgc2024regg-2163214525","format":"[Gen 9] VGC 2024 Reg G","players":["roseyradio","auraen"],"log":"|j|\u2606roseyradio\n|j|\u2606auraen\n|t:|1721322794\n|gametype|doubles\n|player|p1|roseyradio|skier|1817\n|player|p2|auraen|harlequin|1724\n|teamsize|p1|6\n|teamsize|p2|6\n|gen|9\n|tier|[Gen 9] VGC 2024 Reg G\n|rated|\n|rule|Species Clause: Limit one of each Pok\u00e9mon\n|rule|Item Clause: Limit one of each item\n|clearpoke\n|poke|p1|Calyrex-Ice, L50|\n|poke|p1|Smeargle, L50, F|\n|poke|p1|Ursaluna-Bloodmoon, L50, M|\n|poke|p1|Indeedee-F, L50, F|\n|poke|p1|Amoonguss, L50, M|\n|poke|p1|Raging Bolt, L50|\n|poke|p2|Terapagos, L50, M|\n|poke|p2|Munkidori, L50, M|\n|poke|p2|Incineroar, L50, F|\n|poke|p2|Sinistcha, L50|\n|poke|p2|Basculegion, L50, M|\n|poke|p2|Flamigo, L50, M|\n|teampreview|4\n|\n|t:|1721322846\n|start\n|switch|p1a: Calyrex|Calyrex-Ice, L50|100\/100\n|switch|p1b: Stephen|Amoonguss, L50, M|100\/100\n|switch|p2a: Terapagos|Terapagos, L50, M|100\/100\n|switch|p2b: Incineroar|Incineroar, L50, F|100\/100\n|-activate|p2a: Terapagos|ability: Tera Shift\n|detailschange|p2a: Terapagos|Terapagos-Terastal, L50, M\n|-heal|p2a: Terapagos|100\/100|[silent]\n|-ability|p1a: Calyrex|As One\n|-ability|p1a: Calyrex|Unnerve\n|-ability|p2b: Incineroar|Intimidate|boost\n|-fail|p1a: Calyrex|unboost|[from] item: Clear Amulet|[of] p1a: Calyrex\n|-unboost|p1b: Stephen|atk|1\n|turn|1\n|inactive|Battle timer is ON: inactive players will automatically lose when time's up. (requested by roseyradio)\n|\n|t:|1721322859\n|-terastallize|p2a: Terapagos|Stellar\n|detailschange|p2a: Terapagos|Terapagos-Stellar, L50, M, tera:Stellar\n|-heal|p2a: Terapagos|100\/100|[silent]\n|move|p2a: Terapagos|Tera Starstorm|p1b: Stephen|[spread] p1a,p1b\n|-damage|p1a: Calyrex|60\/100\n|-damage|p1b: Stephen|49\/100\n|move|p2b: Incineroar|Knock Off|p1a: Calyrex\n|-supereffective|p1a: Calyrex\n|-damage|p1a: Calyrex|16\/100\n|-enditem|p1a: Calyrex|Clear Amulet|[from] move: Knock Off|[of] p2b: Incineroar\n|move|p1b: Stephen|Spore|p2a: Terapagos\n|-status|p2a: Terapagos|slp|[from] move: Spore\n|move|p1a: Calyrex|Trick Room|p1a: Calyrex\n|-fieldstart|move: Trick Room|[of] p1a: Calyrex\n|\n|upkeep\n|turn|2\n|\n|t:|1721322874\n|switch|p1b: Smeargle|Smeargle, L50, F, shiny|100\/100\n|switch|p2a: Munkidori|Munkidori, L50, M|100\/100\n|move|p1a: Calyrex|Protect|p1a: Calyrex\n|-singleturn|p1a: Calyrex|Protect\n|move|p2b: Incineroar|Parting Shot|p1a: Calyrex\n|-activate|p1a: Calyrex|move: Protect\n|\n|upkeep\n|turn|3\n|\n|t:|1721322896\n|move|p1b: Smeargle|Fake Out|p2b: Incineroar\n|-damage|p2b: Incineroar|97\/100\n|move|p2a: Munkidori|Fake Out|p1b: Smeargle\n|-damage|p1b: Smeargle|91\/100\n|move|p1a: Calyrex|Glacial Lance|p2a: Munkidori|[spread] p2a,p2b\n|-resisted|p2b: Incineroar\n|-damage|p2a: Munkidori|42\/100\n|-damage|p2b: Incineroar|73\/100\n|cant|p2b: Incineroar|flinch\n|\n|upkeep\n|turn|4\n|\n|t:|1721322908\n|switch|p2a: Terapagos|Terapagos-Stellar, L50, M, tera:Stellar|100\/100 slp\n|move|p1b: Smeargle|Decorate|p1a: Calyrex\n|-boost|p1a: Calyrex|atk|2\n|-boost|p1a: Calyrex|spa|2\n|move|p1a: Calyrex|Glacial Lance|p2a: Terapagos|[spread] p2a,p2b\n|-resisted|p2b: Incineroar\n|-damage|p2a: Terapagos|23\/100 slp\n|-damage|p2b: Incineroar|30\/100\n|move|p2b: Incineroar|Flare Blitz|p1a: Calyrex\n|-supereffective|p1a: Calyrex\n|-damage|p1a: Calyrex|0 fnt\n|faint|p1a: Calyrex\n|-damage|p2b: Incineroar|24\/100|[from] Recoil\n|-enditem|p2b: Incineroar|Iapapa Berry|[eat]\n|-heal|p2b: Incineroar|58\/100|[from] item: Iapapa Berry\n|\n|upkeep\n|j| bluestraggler01\n|\n|t:|1721322917\n|switch|p1a: Ursaluna|Ursaluna-Bloodmoon, L50, M|100\/100\n|turn|5\n|j| a1022233002\n|\n|t:|1721322922\n|switch|p2a: Munkidori|Munkidori, L50, M|42\/100\n|-enditem|p2a: Munkidori|Sitrus Berry|[eat]\n|-heal|p2a: Munkidori|67\/100|[from] item: Sitrus Berry\n|move|p1b: Smeargle|Decorate|p1a: Ursaluna\n|-boost|p1a: Ursaluna|atk|2\n|-boost|p1a: Ursaluna|spa|2\n|move|p1a: Ursaluna|Hyper Voice|p2b: Incineroar|[spread] p2a,p2b\n|-damage|p2a: Munkidori|0 fnt\n|-damage|p2b: Incineroar|0 fnt\n|faint|p2a: Munkidori\n|faint|p2b: Incineroar\n|-damage|p1a: Ursaluna|91\/100|[from] item: Life Orb\n|\n|-fieldend|move: Trick Room\n|upkeep\n|\n|t:|1721322924\n|switch|p2a: Terapagos|Terapagos-Stellar, L50, M, tera:Stellar|23\/100 slp\n|switch|p2b: Basculegion|Basculegion, L50, M|100\/100\n|turn|6\n|\n|t:|1721322936\n|move|p1b: Smeargle|Follow Me|p1b: Smeargle\n|-singleturn|p1b: Smeargle|move: Follow Me\n|move|p2b: Basculegion|Wave Crash|p1b: Smeargle\n|-damage|p1b: Smeargle|1\/100\n|-damage|p2b: Basculegion|77\/100|[from] Recoil\n|cant|p2a: Terapagos|slp\n|move|p2a: Terapagos|Sleep Talk|p2a: Terapagos\n|move|p2a: Terapagos|Earth Power|p1b: Smeargle|[from]move: Sleep Talk\n|-damage|p1b: Smeargle|0 fnt\n|faint|p1b: Smeargle\n|move|p1a: Ursaluna|Hyper Voice|p2b: Basculegion|[spread] p2a,p2b\n|-damage|p2a: Terapagos|0 fnt\n|-damage|p2b: Basculegion|5\/100\n|faint|p2a: Terapagos\n|-damage|p1a: Ursaluna|81\/100|[from] item: Life Orb\n|\n|upkeep\n|\n|t:|1721322941\n|switch|p1b: Stephen|Amoonguss, L50, M|82\/100\n|turn|7\n|-message|auraen forfeited.\n|\n|win|roseyradio\n|raw|roseyradio's rating: 1817 &rarr; <strong>1832<\/strong><br \/>(+15 for winning)\n|raw|auraen's rating: 1724 &rarr; <strong>1709<\/strong><br \/>(-15 for losing)\n|l|\u2606auraen\n|player|p2|\n|l|\u2606roseyradio\n|player|p1|\n","uploadtime":1721322954,"views":22,"formatid":"gen9vgc2024regg","rating":1709,"private":0,"password":null}