{"id":"gen9vgc2024regg-2163200671","format":"[Gen 9] VGC 2024 Reg G","players":["miraidnyan","mad skwovet"],"log":"|j|\u2606miraidnyan\n|j|\u2606mad skwovet\n|t:|1721321215\n|gametype|doubles\n|player|p1|miraidnyan|marley|1739\n|player|p2|mad skwovet|pokemaniac|1674\n|teamsize|p1|6\n|teamsize|p2|6\n|gen|9\n|tier|[Gen 9] VGC 2024 Reg G\n|rated|\n|rule|Species Clause: Limit one of each Pok\u00e9mon\n|rule|Item Clause: Limit one of each item\n|clearpoke\n|poke|p1|Miraidon, L50|\n|poke|p1|Farigiraf, L50, M|\n|poke|p1|Iron Hands, L50|\n|poke|p1|Urshifu-*, L50, M|\n|poke|p1|Iron Moth, L50|\n|poke|p1|Whimsicott, L50, F|\n|poke|p2|Volcarona, L50, F|\n|poke|p2|Terapagos, L50, M|\n|poke|p2|Rillaboom, L50, M|\n|poke|p2|Urshifu-*, L50, F|\n|poke|p2|Grimmsnarl, L50, M|\n|poke|p2|Ursaluna-Bloodmoon, L50, M|\n|teampreview|4\n|inactive|Battle timer is ON: inactive players will automatically lose when time's up. (requested by miraidnyan)\n|inactive|miraidnyan has 60 seconds left.\n|\n|t:|1721321256\n|start\n|switch|p1a: Miraidon|Miraidon, L50|100\/100\n|switch|p1b: Iron Hands|Iron Hands, L50|100\/100\n|switch|p2a: Grimmsnarl|Grimmsnarl, L50, M|100\/100\n|switch|p2b: Terapagos|Terapagos, L50, M|100\/100\n|-activate|p2b: Terapagos|ability: Tera Shift\n|detailschange|p2b: Terapagos|Terapagos-Terastal, L50, M\n|-heal|p2b: Terapagos|100\/100|[silent]\n|-fieldstart|move: Electric Terrain|[from] ability: Hadron Engine|[of] p1a: Miraidon\n|-activate|p1b: Iron Hands|ability: Quark Drive\n|-start|p1b: Iron Hands|quarkdriveatk\n|turn|1\n|inactive|mad skwovet has 30 seconds left.\n|inactive|mad skwovet has 20 seconds left.\n|inactive|mad skwovet has 15 seconds left.\n|inactive|mad skwovet has 10 seconds left.\n|\n|t:|1721321304\n|switch|p2b: Rillaboom|Rillaboom, L50, M|100\/100\n|-fieldstart|move: Grassy Terrain|[from] ability: Grassy Surge|[of] p2b: Rillaboom\n|-end|p1b: Iron Hands|Quark Drive\n|-terastallize|p1a: Miraidon|Electric\n|move|p1b: Iron Hands|Fake Out|p2a: Grimmsnarl\n|-damage|p2a: Grimmsnarl|84\/100\n|cant|p2a: Grimmsnarl|flinch\n|move|p1a: Miraidon|Volt Switch|p2a: Grimmsnarl\n|-damage|p2a: Grimmsnarl|9\/100\n|\n|t:|1721321321\n|switch|p1a: Iron Moth|Iron Moth, L50|100\/100|[from] Volt Switch\n|\n|-heal|p2a: Grimmsnarl|15\/100|[from] Grassy Terrain\n|upkeep\n|turn|2\n|\n|t:|1721321330\n|move|p2b: Rillaboom|Fake Out|p1a: Iron Moth\n|-damage|p1a: Iron Moth|79\/100\n|move|p2a: Grimmsnarl|Light Screen|p2a: Grimmsnarl\n|-sidestart|p2: mad skwovet|move: Light Screen\n|cant|p1a: Iron Moth|flinch\n|move|p1b: Iron Hands|Volt Switch|p2b: Rillaboom\n|-resisted|p2b: Rillaboom\n|-damage|p2b: Rillaboom|98\/100\n|\n|t:|1721321339\n|-end|p1b: Iron Hands|Quark Drive|[silent]\n|switch|p1b: Urshifu|Urshifu, L50, M|100\/100|[from] Volt Switch\n|\n|-heal|p1a: Iron Moth|85\/100|[from] Grassy Terrain\n|-heal|p2b: Rillaboom|100\/100|[from] Grassy Terrain\n|-heal|p2a: Grimmsnarl|21\/100|[from] Grassy Terrain\n|upkeep\n|turn|3\n|inactive|mad skwovet has 30 seconds left.\n|inactive|mad skwovet has 20 seconds left.\n|\n|t:|1721321378\n|switch|p2b: Terapagos|Terapagos-Terastal, L50, M|100\/100\n|move|p2a: Grimmsnarl|Parting Shot|p1a: Iron Moth\n|-unboost|p1a: Iron Moth|atk|1\n|-unboost|p1a: Iron Moth|spa|1\n|\n|t:|1721321384\n|switch|p2a: Rillaboom|Rillaboom, L50, M|100\/100|[from] Parting Shot\n|move|p1a: Iron Moth|Heat Wave|p2b: Terapagos|[spread] p2a\n|-miss|p1a: Iron Moth|p2b: Terapagos\n|-supereffective|p2a: Rillaboom\n|-damage|p2a: Rillaboom|71\/100\n|-damage|p1a: Iron Moth|76\/100|[from] item: Life Orb\n|move|p1b: Urshifu|Wicked Blow|p2b: Terapagos\n|-activate|p2b: Terapagos|ability: Tera Shell\n|-resisted|p2b: Terapagos\n|-crit|p2b: Terapagos\n|-damage|p2b: Terapagos|72\/100\n|\n|-heal|p1a: Iron Moth|82\/100|[from] Grassy Terrain\n|-heal|p2b: Terapagos|78\/100|[from] Grassy Terrain\n|-heal|p2b: Terapagos|84\/100|[from] item: Leftovers\n|-heal|p2a: Rillaboom|76\/100|[from] Grassy Terrain\n|upkeep\n|turn|4\n|\n|t:|1721321408\n|move|p2a: Rillaboom|Fake Out|p1b: Urshifu\n|-crit|p1b: Urshifu\n|-damage|p1b: Urshifu|78\/100\n|move|p1a: Iron Moth|Fiery Dance|p2a: Rillaboom\n|-supereffective|p2a: Rillaboom\n|-damage|p2a: Rillaboom|46\/100\n|-boost|p1a: Iron Moth|spa|1\n|-damage|p1a: Iron Moth|72\/100|[from] item: Life Orb\n|cant|p1b: Urshifu|flinch\n|move|p2b: Terapagos|Rock Polish|p2b: Terapagos\n|-boost|p2b: Terapagos|spe|2\n|\n|-heal|p2b: Terapagos|90\/100|[from] Grassy Terrain\n|-heal|p2b: Terapagos|97\/100|[from] item: Leftovers\n|-heal|p1a: Iron Moth|78\/100|[from] Grassy Terrain\n|-heal|p1b: Urshifu|84\/100|[from] Grassy Terrain\n|-heal|p2a: Rillaboom|52\/100|[from] Grassy Terrain\n|upkeep\n|turn|5\n|\n|t:|1721321430\n|switch|p1b: Miraidon|Miraidon, L50, tera:Electric|100\/100\n|-fieldstart|move: Electric Terrain|[from] ability: Hadron Engine|[of] p1b: Miraidon\n|-activate|p1a: Iron Moth|ability: Quark Drive\n|-start|p1a: Iron Moth|quarkdrivespe\n|move|p1a: Iron Moth|Fiery Dance|p2a: Rillaboom\n|-supereffective|p2a: Rillaboom\n|-damage|p2a: Rillaboom|6\/100\n|-boost|p1a: Iron Moth|spa|1\n|-damage|p1a: Iron Moth|69\/100|[from] item: Life Orb\n|move|p2b: Terapagos|Tera Starstorm|p1b: Miraidon\n|-damage|p1b: Miraidon|49\/100\n|move|p2a: Rillaboom|Grassy Glide|p1b: Miraidon\n|-damage|p1b: Miraidon|23\/100\n|\n|-heal|p2b: Terapagos|100\/100|[from] item: Leftovers\n|upkeep\n|turn|6\n|inactive|miraidnyan has 30 seconds left.\n|\n|t:|1721321457\n|switch|p1b: Iron Hands|Iron Hands, L50|100\/100\n|-activate|p1b: Iron Hands|ability: Quark Drive\n|-start|p1b: Iron Hands|quarkdriveatk\n|switch|p2a: Grimmsnarl|Grimmsnarl, L50, M|21\/100\n|move|p1a: Iron Moth|Protect|p1a: Iron Moth\n|-singleturn|p1a: Iron Moth|Protect\n|move|p2b: Terapagos|Calm Mind|p2b: Terapagos\n|-boost|p2b: Terapagos|spa|1\n|-boost|p2b: Terapagos|spd|1\n|\n|upkeep\n|turn|7\n|-message|miraidnyan forfeited.\n|\n|win|mad skwovet\n|raw|miraidnyan's rating: 1739 &rarr; <strong>1715<\/strong><br \/>(-24 for losing)\n|raw|mad skwovet's rating: 1674 &rarr; <strong>1698<\/strong><br \/>(+24 for winning)\n|j| bluestraggler01\n|l|\u2606miraidnyan\n|player|p1|\n|l|\u2606mad skwovet\n|player|p2|\n","uploadtime":1721321704,"views":35,"formatid":"gen9vgc2024regg","rating":1698,"private":0,"password":null}