{"id":"gen9vgc2024regg-2163197942","format":"[Gen 9] VGC 2024 Reg G","players":["Cellpab1","miraidnyan"],"log":"|j|\u2606Cellpab1\n|j|\u2606miraidnyan\n|t:|1721320905\n|gametype|doubles\n|player|p1|Cellpab1|266|1660\n|player|p2|miraidnyan|marley|1765\n|teamsize|p1|6\n|teamsize|p2|6\n|gen|9\n|tier|[Gen 9] VGC 2024 Reg G\n|rated|\n|rule|Species Clause: Limit one of each Pok\u00e9mon\n|rule|Item Clause: Limit one of each item\n|clearpoke\n|poke|p1|Entei, L50|\n|poke|p1|Flutter Mane, L50|\n|poke|p1|Landorus, L50, M|\n|poke|p1|Calyrex-Ice, L50|\n|poke|p1|Ogerpon-Cornerstone, L50, F|\n|poke|p1|Raging Bolt, L50|\n|poke|p2|Miraidon, L50|\n|poke|p2|Farigiraf, L50, M|\n|poke|p2|Iron Hands, L50|\n|poke|p2|Urshifu-*, L50, F|\n|poke|p2|Iron Moth, L50|\n|poke|p2|Whimsicott, L50, F|\n|teampreview|4\n|inactive|Battle timer is ON: inactive players will automatically lose when time's up. (requested by miraidnyan)\n|inactive|Cellpab1 has 60 seconds left.\n|j| dododano\n|inactive|miraidnyan has 60 seconds left.\n|\n|t:|1721320955\n|start\n|switch|p1a: Flutter Mane|Flutter Mane, L50|100\/100\n|switch|p1b: Landorus|Landorus, L50, M|100\/100\n|switch|p2a: Miraidon|Miraidon, L50|100\/100\n|switch|p2b: Iron Hands|Iron Hands, L50|100\/100\n|-fieldstart|move: Electric Terrain|[from] ability: Hadron Engine|[of] p2a: Miraidon\n|-activate|p2b: Iron Hands|ability: Quark Drive\n|-start|p2b: Iron Hands|quarkdriveatk\n|-enditem|p1a: Flutter Mane|Booster Energy\n|-activate|p1a: Flutter Mane|ability: Protosynthesis|[fromitem]\n|-start|p1a: Flutter Mane|protosynthesisspe\n|turn|1\n|inactive|Cellpab1 has 30 seconds left.\n|inactive|Cellpab1 has 20 seconds left.\n|inactive|Cellpab1 has 15 seconds left.\n|inactive|Cellpab1 has 10 seconds left.\n|\n|t:|1721321002\n|switch|p2a: Farigiraf|Farigiraf, L50, M|100\/100\n|-enditem|p2a: Farigiraf|Electric Seed\n|-boost|p2a: Farigiraf|def|1|[from] item: Electric Seed\n|-terastallize|p2b: Iron Hands|Water\n|move|p1b: Landorus|Protect|p1b: Landorus\n|-singleturn|p1b: Landorus|Protect\n|move|p1a: Flutter Mane|Moonblast|p2b: Iron Hands\n|-damage|p2b: Iron Hands|76\/100\n|move|p2b: Iron Hands|Heavy Slam|p1a: Flutter Mane\n|-supereffective|p1a: Flutter Mane\n|-damage|p1a: Flutter Mane|0 fnt\n|faint|p1a: Flutter Mane\n|-end|p1a: Flutter Mane|Protosynthesis|[silent]\n|\n|upkeep\n|inactive|Cellpab1 has 30 seconds left.\n|\n|t:|1721321031\n|switch|p1a: Raging Bolt|Raging Bolt, L50|100\/100\n|turn|2\n|inactive|miraidnyan has 30 seconds left.\n|\n|t:|1721321060\n|move|p1b: Landorus|Earth Power|p2b: Iron Hands\n|-damage|p2b: Iron Hands|41\/100\n|move|p1a: Raging Bolt|Volt Switch|p2b: Iron Hands\n|-supereffective|p2b: Iron Hands\n|-damage|p2b: Iron Hands|0 fnt\n|faint|p2b: Iron Hands\n|-end|p2b: Iron Hands|Quark Drive|[silent]\n|\n|t:|1721321069\n|-end|p1a: Raging Bolt|Protosynthesis|[silent]\n|switch|p1a: Calyrex|Calyrex-Ice, L50|100\/100|[from] Volt Switch\n|-ability|p1a: Calyrex|As One\n|-ability|p1a: Calyrex|Unnerve\n|move|p2a: Farigiraf|Foul Play|p1b: Landorus\n|-damage|p1b: Landorus|77\/100\n|\n|upkeep\n|\n|t:|1721321073\n|switch|p2b: Urshifu|Urshifu, L50, F|100\/100\n|turn|3\n|inactive|Cellpab1 has 30 seconds left.\n|inactive|Cellpab1 has 20 seconds left.\n|inactive|miraidnyan has 30 seconds left.\n|inactive|Cellpab1 has 15 seconds left.\n|inactive|miraidnyan has 20 seconds left.\n|\n|t:|1721321120\n|move|p1b: Landorus|Earth Power|p2b: Urshifu\n|-enditem|p2b: Urshifu|Focus Sash\n|-damage|p2b: Urshifu|1\/100\n|move|p2b: Urshifu|Close Combat|p1a: Calyrex\n|-damage|p1a: Calyrex|59\/100\n|-unboost|p2b: Urshifu|def|1\n|-unboost|p2b: Urshifu|spd|1\n|move|p2a: Farigiraf|Foul Play|p1a: Calyrex\n|-supereffective|p1a: Calyrex\n|-damage|p1a: Calyrex|10\/100\n|move|p1a: Calyrex|Glacial Lance|p2b: Urshifu|[spread] p2a,p2b\n|-damage|p2a: Farigiraf|69\/100\n|-damage|p2b: Urshifu|0 fnt\n|faint|p2b: Urshifu\n|-ability|p1a: Calyrex|Chilling Neigh|boost\n|-boost|p1a: Calyrex|atk|1\n|\n|upkeep\n|\n|t:|1721321125\n|switch|p2b: Miraidon|Miraidon, L50|100\/100\n|-activate|p2b: Miraidon|ability: Hadron Engine\n|turn|4\n|inactive|Cellpab1 has 30 seconds left.\n|\n|t:|1721321156\n|move|p1b: Landorus|Protect|p1b: Landorus\n|-singleturn|p1b: Landorus|Protect\n|move|p2b: Miraidon|Draco Meteor|p1b: Landorus\n|-activate|p1b: Landorus|move: Protect\n|move|p2a: Farigiraf|Foul Play|p1a: Calyrex\n|-supereffective|p1a: Calyrex\n|-damage|p1a: Calyrex|0 fnt\n|faint|p1a: Calyrex\n|\n|upkeep\n|\n|t:|1721321168\n|switch|p1a: Raging Bolt|Raging Bolt, L50|100\/100\n|turn|5\n|inactive|Cellpab1 has 30 seconds left.\n|\n|t:|1721321198\n|-terastallize|p1a: Raging Bolt|Fairy\n|move|p2a: Farigiraf|Helping Hand|p2b: Miraidon\n|-singleturn|p2b: Miraidon|Helping Hand|[of] p2a: Farigiraf\n|move|p1b: Landorus|Protect|p1b: Landorus\n|-singleturn|p1b: Landorus|Protect\n|move|p2b: Miraidon|Draco Meteor|p1a: Raging Bolt\n|-immune|p1a: Raging Bolt\n|move|p1a: Raging Bolt|Volt Switch|p2a: Farigiraf\n|-damage|p2a: Farigiraf|22\/100\n|\n|-fieldend|move: Electric Terrain\n|upkeep\n|turn|6\n|-message|miraidnyan forfeited.\n|\n|win|Cellpab1\n|raw|Cellpab1's rating: 1660 &rarr; <strong>1686<\/strong><br \/>(+26 for winning)\n|raw|miraidnyan's rating: 1765 &rarr; <strong>1739<\/strong><br \/>(-26 for losing)\n|l|\u2606miraidnyan\n|player|p2|\n|l|\u2606Cellpab1\n|player|p1|\n|l| dododano\n","uploadtime":1721321423,"views":10,"formatid":"gen9vgc2024regg","rating":1686,"private":0,"password":null}