{"id":"gen9vgc2024regg-2163783396","format":"[Gen 9] VGC 2024 Reg G","players":["kayver2","CCC2023"],"log":"|j|\u2606kayver2\n|j|\u2606CCC2023\n|t:|1721405571\n|gametype|doubles\n|player|p1|kayver2|ethan|1753\n|player|p2|CCC2023|dawn|1755\n|teamsize|p1|6\n|teamsize|p2|6\n|gen|9\n|tier|[Gen 9] VGC 2024 Reg G\n|rated|\n|rule|Species Clause: Limit one of each Pok\u00e9mon\n|rule|Item Clause: Limit one of each item\n|clearpoke\n|poke|p1|Miraidon, L50|\n|poke|p1|Iron Hands, L50|\n|poke|p1|Urshifu-*, L50, M|\n|poke|p1|Farigiraf, L50, F|\n|poke|p1|Whimsicott, L50, M|\n|poke|p1|Ogerpon-Hearthflame, L50, F|\n|poke|p2|Urshifu-*, L50, M|\n|poke|p2|Incineroar, L50, M|\n|poke|p2|Ogerpon-Hearthflame, L50, F|\n|poke|p2|Rillaboom, L50, M|\n|poke|p2|Calyrex-Shadow, L50|\n|poke|p2|Raging Bolt, L50|\n|teampreview|4\n|inactive|Battle timer is ON: inactive players will automatically lose when time's up. (requested by CCC2023)\n|\n|t:|1721405644\n|start\n|switch|p1a: Miraidon|Miraidon, L50|100\/100\n|switch|p1b: Farigiraf|Farigiraf, L50, F|100\/100\n|switch|p2a: Calyrex|Calyrex-Shadow, L50|100\/100\n|switch|p2b: Rillaboom|Rillaboom, L50, M|100\/100\n|-ability|p2a: Calyrex|As One\n|-ability|p2a: Calyrex|Unnerve\n|-fieldstart|move: Electric Terrain|[from] ability: Hadron Engine|[of] p1a: Miraidon\n|-enditem|p1b: Farigiraf|Electric Seed\n|-boost|p1b: Farigiraf|def|1|[from] item: Electric Seed\n|-fieldstart|move: Grassy Terrain|[from] ability: Grassy Surge|[of] p2b: Rillaboom\n|turn|1\n|j| pigliamosche94\n|inactive|kayver2 has 30 seconds left.\n|inactive|CCC2023 has 30 seconds left.\n|inactive|CCC2023 has 20 seconds left.\n|inactive|CCC2023 has 15 seconds left.\n|inactive|CCC2023 has 10 seconds left.\n|\n|t:|1721405693\n|switch|p2a: Ogerpon|Ogerpon-Hearthflame, L50, F|100\/100\n|-ability|p2a: Ogerpon|Mold Breaker\n|move|p1a: Miraidon|Volt Switch|p2b: Rillaboom\n|-resisted|p2b: Rillaboom\n|-damage|p2b: Rillaboom|80\/100\n|\n|t:|1721405704\n|switch|p1a: Iron Hands|Iron Hands, L50|100\/100|[from] Volt Switch\n|move|p2b: Rillaboom|U-turn|p1b: Farigiraf\n|-supereffective|p1b: Farigiraf\n|-damage|p1b: Farigiraf|74\/100\n|\n|t:|1721405721\n|switch|p2b: Incineroar|Incineroar, L50, M, shiny|100\/100|[from] U-turn\n|-ability|p2b: Incineroar|Intimidate|boost\n|-fail|p1a: Iron Hands|unboost|[from] item: Clear Amulet|[of] p1a: Iron Hands\n|-unboost|p1b: Farigiraf|atk|1\n|move|p1b: Farigiraf|Trick Room|p1b: Farigiraf\n|-fieldstart|move: Trick Room|[of] p1b: Farigiraf\n|\n|-heal|p1b: Farigiraf|80\/100|[from] Grassy Terrain\n|upkeep\n|turn|2\n|inactive|CCC2023 has 30 seconds left.\n|inactive|kayver2 has 30 seconds left.\n|inactive|CCC2023 has 20 seconds left.\n|inactive|CCC2023 has 15 seconds left.\n|inactive|CCC2023 has 10 seconds left.\n|inactive|CCC2023 has 5 seconds left.\n|j| testingtestes123\n|\n|t:|1721405773\n|move|p1b: Farigiraf|Helping Hand|p1a: Iron Hands\n|-singleturn|p1a: Iron Hands|Helping Hand|[of] p1b: Farigiraf\n|move|p2a: Ogerpon|Spiky Shield|p2a: Ogerpon\n|-singleturn|p2a: Ogerpon|move: Protect\n|move|p1a: Iron Hands|Wild Charge|p2b: Incineroar\n|-damage|p2b: Incineroar|44\/100\n|-damage|p1a: Iron Hands|89\/100|[from] Recoil\n|move|p2b: Incineroar|Will-O-Wisp|p1a: Iron Hands\n|-status|p1a: Iron Hands|brn\n|\n|-heal|p1a: Iron Hands|95\/100 brn|[from] Grassy Terrain\n|-heal|p2b: Incineroar|50\/100|[from] Grassy Terrain\n|-heal|p1b: Farigiraf|86\/100|[from] Grassy Terrain\n|-damage|p1a: Iron Hands|89\/100 brn|[from] brn\n|upkeep\n|turn|3\n|inactive|kayver2 has 30 seconds left.\n|inactive|CCC2023 has 30 seconds left.\n|\n|t:|1721405807\n|switch|p2b: Calyrex|Calyrex-Shadow, L50|100\/100\n|-ability|p2b: Calyrex|As One\n|-ability|p2b: Calyrex|Unnerve\n|move|p1b: Farigiraf|Helping Hand|p1a: Iron Hands\n|-singleturn|p1a: Iron Hands|Helping Hand|[of] p1b: Farigiraf\n|move|p1a: Iron Hands|Drain Punch|p2b: Calyrex\n|-immune|p2b: Calyrex\n|move|p2a: Ogerpon|Ivy Cudgel|p1b: Farigiraf|[anim] Ivy Cudgel Fire\n|-damage|p1b: Farigiraf|61\/100\n|\n|-heal|p1a: Iron Hands|95\/100 brn|[from] Grassy Terrain\n|-heal|p1b: Farigiraf|67\/100|[from] Grassy Terrain\n|-damage|p1a: Iron Hands|89\/100 brn|[from] brn\n|upkeep\n|turn|4\n|inactive|CCC2023 has 30 seconds left.\n|inactive|kayver2 has 30 seconds left.\n|\n|t:|1721405847\n|move|p2a: Ogerpon|Follow Me|p2a: Ogerpon\n|-singleturn|p2a: Ogerpon|move: Follow Me\n|move|p1a: Iron Hands|Wild Charge|p2a: Ogerpon\n|-resisted|p2a: Ogerpon\n|-damage|p2a: Ogerpon|88\/100\n|-damage|p1a: Iron Hands|87\/100 brn|[from] Recoil\n|move|p1b: Farigiraf|Foul Play|p2a: Ogerpon\n|-damage|p2a: Ogerpon|62\/100\n|move|p2b: Calyrex|Nasty Plot|p2b: Calyrex\n|-boost|p2b: Calyrex|spa|2\n|\n|-heal|p1a: Iron Hands|93\/100 brn|[from] Grassy Terrain\n|-heal|p1b: Farigiraf|73\/100|[from] Grassy Terrain\n|-heal|p2a: Ogerpon|68\/100|[from] Grassy Terrain\n|-damage|p1a: Iron Hands|87\/100 brn|[from] brn\n|upkeep\n|turn|5\n|inactive|kayver2 has 30 seconds left.\n|inactive|CCC2023 has 30 seconds left.\n|inactive|kayver2 has 20 seconds left.\n|inactive|CCC2023 has 20 seconds left.\n|inactive|kayver2 has 15 seconds left.\n|inactive|CCC2023 has 15 seconds left.\n|inactive|kayver2 has 10 seconds left.\n|inactive|CCC2023 has 10 seconds left.\n|\n|t:|1721405896\n|move|p2a: Ogerpon|Follow Me|p2a: Ogerpon\n|-singleturn|p2a: Ogerpon|move: Follow Me\n|move|p1a: Iron Hands|Drain Punch|p2a: Ogerpon\n|-damage|p2a: Ogerpon|49\/100\n|-heal|p1a: Iron Hands|94\/100 brn|[from] drain|[of] p2a: Ogerpon\n|move|p1b: Farigiraf|Foul Play|p2a: Ogerpon\n|-damage|p2a: Ogerpon|27\/100\n|move|p2b: Calyrex|Nasty Plot|p2b: Calyrex\n|-boost|p2b: Calyrex|spa|2\n|\n|-heal|p1a: Iron Hands|99\/100 brn|[from] Grassy Terrain\n|-heal|p1b: Farigiraf|79\/100|[from] Grassy Terrain\n|-heal|p2a: Ogerpon|33\/100|[from] Grassy Terrain\n|-damage|p1a: Iron Hands|94\/100 brn|[from] brn\n|-fieldend|move: Trick Room\n|-fieldend|move: Grassy Terrain\n|upkeep\n|turn|6\n|inactive|CCC2023 has 30 seconds left.\n|\n|t:|1721405926\n|move|p2a: Ogerpon|Follow Me|p2a: Ogerpon\n|-singleturn|p2a: Ogerpon|move: Follow Me\n|move|p2b: Calyrex|Psychic|p1a: Iron Hands\n|-supereffective|p1a: Iron Hands\n|-damage|p1a: Iron Hands|0 fnt\n|faint|p1a: Iron Hands\n|-end|p1a: Iron Hands|Quark Drive|[silent]\n|-ability|p2b: Calyrex|Grim Neigh|boost\n|-boost|p2b: Calyrex|spa|1\n|move|p1b: Farigiraf|Trick Room|p1b: Farigiraf\n|-fieldstart|move: Trick Room|[of] p1b: Farigiraf\n|\n|upkeep\n|\n|t:|1721405936\n|switch|p1a: Miraidon|Miraidon, L50|100\/100\n|-fieldstart|move: Electric Terrain|[from] ability: Hadron Engine|[of] p1a: Miraidon\n|turn|7\n|l| pigliamosche94\n|inactive|CCC2023 has 30 seconds left.\n|\n|t:|1721405967\n|-terastallize|p1a: Miraidon|Fairy\n|move|p1b: Farigiraf|Helping Hand|p1a: Miraidon\n|-singleturn|p1a: Miraidon|Helping Hand|[of] p1b: Farigiraf\n|move|p2a: Ogerpon|Spiky Shield|p2a: Ogerpon\n|-singleturn|p2a: Ogerpon|move: Protect\n|move|p2b: Calyrex|Protect|p2b: Calyrex\n|-singleturn|p2b: Calyrex|Protect\n|move|p1a: Miraidon|Dazzling Gleam|p2b: Calyrex|[spread] \n|-activate|p2a: Ogerpon|move: Protect\n|-activate|p2b: Calyrex|move: Protect\n|\n|upkeep\n|turn|8\n|inactive|CCC2023 has 30 seconds left.\n|\n|t:|1721406000\n|switch|p2a: Rillaboom|Rillaboom, L50, M|80\/100\n|-fieldstart|move: Grassy Terrain|[from] ability: Grassy Surge|[of] p2a: Rillaboom\n|-terastallize|p2b: Calyrex|Normal\n|move|p1b: Farigiraf|Foul Play|p2b: Calyrex\n|-damage|p2b: Calyrex|85\/100\n|move|p1a: Miraidon|Dazzling Gleam|p2b: Calyrex|[spread] p2a,p2b\n|-damage|p2a: Rillaboom|42\/100\n|-damage|p2b: Calyrex|43\/100\n|move|p2b: Calyrex|Astral Barrage|p1a: Miraidon|[spread] p1a\n|-immune|p1b: Farigiraf\n|-damage|p1a: Miraidon|0 fnt\n|faint|p1a: Miraidon\n|-ability|p2b: Calyrex|Grim Neigh|boost\n|-boost|p2b: Calyrex|spa|1\n|\n|-heal|p1b: Farigiraf|86\/100|[from] Grassy Terrain\n|-heal|p2a: Rillaboom|48\/100|[from] Grassy Terrain\n|-heal|p2b: Calyrex|49\/100|[from] Grassy Terrain\n|upkeep\n|\n|t:|1721406011\n|switch|p1a: Ogerpon|Ogerpon-Hearthflame, L50, F|100\/100\n|-ability|p1a: Ogerpon|Mold Breaker\n|turn|9\n|-message|kayver2 forfeited.\n|\n|win|CCC2023\n|raw|kayver2's rating: 1753 &rarr; <strong>1733<\/strong><br \/>(-20 for losing)\n|raw|CCC2023's rating: 1755 &rarr; <strong>1775<\/strong><br \/>(+20 for winning)\n|l|\u2606kayver2\n|player|p1|\n|l|\u2606CCC2023\n|player|p2|\n","uploadtime":1721406255,"views":14,"formatid":"gen9vgc2024regg","rating":1733,"private":0,"password":null}