{"id":"gen9vgc2024regg-2163190845","format":"[Gen 9] VGC 2024 Reg G","players":["mad skwovet","Billy_HMD"],"log":"|j|\u2606mad skwovet\n|j|\u2606Billy_HMD\n|t:|1721320083\n|gametype|doubles\n|player|p1|mad skwovet|pokemaniac|1646\n|player|p2|Billy_HMD|dawn|1802\n|teamsize|p1|6\n|teamsize|p2|6\n|gen|9\n|tier|[Gen 9] VGC 2024 Reg G\n|rated|\n|rule|Species Clause: Limit one of each Pok\u00e9mon\n|rule|Item Clause: Limit one of each item\n|clearpoke\n|poke|p1|Volcarona, L50, M|\n|poke|p1|Terapagos, L50, M|\n|poke|p1|Rillaboom, L50, M|\n|poke|p1|Urshifu-*, L50, F|\n|poke|p1|Grimmsnarl, L50, M|\n|poke|p1|Ursaluna-Bloodmoon, L50, M|\n|poke|p2|Zamazenta-*, L50|\n|poke|p2|Volcarona, L50, F|\n|poke|p2|Grimmsnarl, L50, M|\n|poke|p2|Landorus-Therian, L50, M|\n|poke|p2|Rillaboom, L50, M|\n|poke|p2|Raging Bolt, L50|\n|teampreview|4\n|inactive|Battle timer is ON: inactive players will automatically lose when time's up. (requested by Billy_HMD)\n|inactive|Billy_HMD has 60 seconds left.\n|\n|t:|1721320135\n|start\n|switch|p1a: Grimmsnarl|Grimmsnarl, L50, M|100\/100\n|switch|p1b: Volcarona|Volcarona, L50, M|100\/100\n|switch|p2a: Landorus|Landorus-Therian, L50, M|100\/100\n|switch|p2b: Raging Bolt|Raging Bolt, L50|100\/100\n|-ability|p2a: Landorus|Intimidate|boost\n|-unboost|p1a: Grimmsnarl|atk|1\n|-unboost|p1b: Volcarona|atk|1\n|turn|1\n|j| bluestraggler01\n|inactive|Billy_HMD has 30 seconds left.\n|\n|t:|1721320160\n|switch|p1b: Ursaluna|Ursaluna-Bloodmoon, L50, M|100\/100\n|move|p1a: Grimmsnarl|Light Screen|p1a: Grimmsnarl\n|-sidestart|p1: mad skwovet|move: Light Screen\n|move|p2a: Landorus|Rock Slide|p1a: Grimmsnarl|[spread] p1a,p1b\n|-resisted|p1b: Ursaluna\n|-damage|p1a: Grimmsnarl|81\/100\n|-damage|p1b: Ursaluna|92\/100\n|move|p2b: Raging Bolt|Thunderbolt|p1a: Grimmsnarl\n|-damage|p1a: Grimmsnarl|47\/100\n|\n|upkeep\n|turn|2\n|inactive|mad skwovet has 30 seconds left.\n|inactive|Billy_HMD has 30 seconds left.\n|inactive|Billy_HMD has 20 seconds left.\n|\n|t:|1721320197\n|switch|p2a: Zamazenta|Zamazenta-Crowned, L50|100\/100\n|-ability|p2a: Zamazenta|Dauntless Shield|boost\n|-boost|p2a: Zamazenta|def|1\n|-end|p2b: Raging Bolt|Protosynthesis|[silent]\n|switch|p2b: Rillaboom|Rillaboom, L50, M|100\/100\n|-fieldstart|move: Grassy Terrain|[from] ability: Grassy Surge|[of] p2b: Rillaboom\n|move|p1a: Grimmsnarl|Reflect|p1a: Grimmsnarl\n|-sidestart|p1: mad skwovet|Reflect\n|move|p1b: Ursaluna|Hyper Voice|p2b: Rillaboom|[spread] p2a,p2b\n|-resisted|p2a: Zamazenta\n|-damage|p2a: Zamazenta|85\/100\n|-damage|p2b: Rillaboom|47\/100\n|-damage|p1b: Ursaluna|83\/100|[from] item: Life Orb\n|\n|-heal|p2a: Zamazenta|91\/100|[from] Grassy Terrain\n|-heal|p2b: Rillaboom|53\/100|[from] Grassy Terrain\n|-heal|p1b: Ursaluna|88\/100|[from] Grassy Terrain\n|-heal|p1a: Grimmsnarl|53\/100|[from] Grassy Terrain\n|upkeep\n|turn|3\n|inactive|Billy_HMD has 30 seconds left.\n|inactive|Billy_HMD has 20 seconds left.\n|\n|t:|1721320234\n|move|p1b: Ursaluna|Protect|p1b: Ursaluna\n|-singleturn|p1b: Ursaluna|Protect\n|move|p2b: Rillaboom|Fake Out|p1a: Grimmsnarl\n|-damage|p1a: Grimmsnarl|42\/100\n|cant|p1a: Grimmsnarl|flinch\n|move|p2a: Zamazenta|Body Press|p1b: Ursaluna\n|-activate|p1b: Ursaluna|move: Protect\n|\n|-heal|p2a: Zamazenta|97\/100|[from] Grassy Terrain\n|-heal|p2b: Rillaboom|59\/100|[from] Grassy Terrain\n|-heal|p1b: Ursaluna|94\/100|[from] Grassy Terrain\n|-heal|p1a: Grimmsnarl|48\/100|[from] Grassy Terrain\n|upkeep\n|turn|4\n|inactive|mad skwovet has 30 seconds left.\n|inactive|Billy_HMD has 30 seconds left.\n|inactive|Billy_HMD has 20 seconds left.\n|\n|t:|1721320270\n|switch|p1b: Volcarona|Volcarona, L50, M|100\/100\n|move|p1a: Grimmsnarl|Parting Shot|p2b: Rillaboom\n|-unboost|p2b: Rillaboom|atk|1\n|-unboost|p2b: Rillaboom|spa|1\n|inactive|mad skwovet has 30 seconds left.\n|\n|t:|1721320295\n|switch|p1a: Terapagos|Terapagos, L50, M|100\/100|[from] Parting Shot\n|-activate|p1a: Terapagos|ability: Tera Shift\n|detailschange|p1a: Terapagos|Terapagos-Terastal, L50, M\n|-heal|p1a: Terapagos|100\/100|[silent]\n|move|p2a: Zamazenta|Body Press|p1b: Volcarona\n|-resisted|p1b: Volcarona\n|-damage|p1b: Volcarona|79\/100\n|-damage|p2a: Zamazenta|80\/100|[from] item: Rocky Helmet|[of] p1b: Volcarona\n|move|p2b: Rillaboom|Wood Hammer|p1a: Terapagos\n|-activate|p1a: Terapagos|ability: Tera Shell\n|-resisted|p1a: Terapagos\n|-damage|p1a: Terapagos|79\/100\n|-damage|p2b: Rillaboom|53\/100|[from] Recoil\n|\n|-heal|p2a: Zamazenta|86\/100|[from] Grassy Terrain\n|-heal|p1a: Terapagos|85\/100|[from] Grassy Terrain\n|-heal|p1a: Terapagos|91\/100|[from] item: Leftovers\n|-heal|p1b: Volcarona|85\/100|[from] Grassy Terrain\n|-heal|p2b: Rillaboom|59\/100|[from] Grassy Terrain\n|upkeep\n|turn|5\n|inactive|mad skwovet has 30 seconds left.\n|inactive|Billy_HMD has 30 seconds left.\n|inactive|Billy_HMD has 20 seconds left.\n|inactive|Billy_HMD has 15 seconds left.\n|\n|t:|1721320337\n|move|p1b: Volcarona|Rage Powder|p1b: Volcarona\n|-singleturn|p1b: Volcarona|move: Rage Powder\n|move|p2a: Zamazenta|Iron Defense|p2a: Zamazenta\n|-boost|p2a: Zamazenta|def|2\n|move|p1a: Terapagos|Rock Polish|p1a: Terapagos\n|-boost|p1a: Terapagos|spe|2\n|move|p2b: Rillaboom|Taunt|p1b: Volcarona\n|-start|p1b: Volcarona|move: Taunt\n|\n|-heal|p1a: Terapagos|98\/100|[from] Grassy Terrain\n|-heal|p1a: Terapagos|100\/100|[from] item: Leftovers\n|-heal|p2a: Zamazenta|92\/100|[from] Grassy Terrain\n|-heal|p2b: Rillaboom|65\/100|[from] Grassy Terrain\n|-heal|p1b: Volcarona|92\/100|[from] Grassy Terrain\n|upkeep\n|turn|6\n|inactive|mad skwovet has 30 seconds left.\n|inactive|Billy_HMD has 30 seconds left.\n|\n|t:|1721320367\n|move|p1a: Terapagos|Protect|p1a: Terapagos\n|-singleturn|p1a: Terapagos|Protect\n|move|p2b: Rillaboom|Grassy Glide|p1a: Terapagos\n|-activate|p1a: Terapagos|move: Protect\n|move|p2a: Zamazenta|Body Press|p1a: Terapagos\n|-activate|p1a: Terapagos|move: Protect\n|move|p1b: Volcarona|Fiery Dance|p2a: Zamazenta\n|-supereffective|p2a: Zamazenta\n|-damage|p2a: Zamazenta|46\/100\n|\n|-heal|p2a: Zamazenta|52\/100|[from] Grassy Terrain\n|-heal|p1b: Volcarona|98\/100|[from] Grassy Terrain\n|-heal|p2b: Rillaboom|71\/100|[from] Grassy Terrain\n|-fieldend|move: Grassy Terrain\n|upkeep\n|turn|7\n|inactive|mad skwovet has 30 seconds left.\n|inactive|mad skwovet has 20 seconds left.\n|inactive|mad skwovet has 15 seconds left.\n|inactive|mad skwovet has 10 seconds left.\n|\n|t:|1721320413\n|switch|p1a: Grimmsnarl|Grimmsnarl, L50, M|48\/100\n|switch|p2b: Raging Bolt|Raging Bolt, L50|100\/100\n|move|p2a: Zamazenta|Body Press|p1a: Grimmsnarl\n|-damage|p1a: Grimmsnarl|0 fnt\n|faint|p1a: Grimmsnarl\n|move|p1b: Volcarona|Fiery Dance|p2a: Zamazenta\n|-supereffective|p2a: Zamazenta\n|-damage|p2a: Zamazenta|7\/100\n|-boost|p1b: Volcarona|spa|1\n|\n|upkeep\n|\n|t:|1721320432\n|switch|p1a: Terapagos|Terapagos-Terastal, L50, M|100\/100\n|turn|8\n|inactive|Billy_HMD has 30 seconds left.\n|inactive|Billy_HMD has 20 seconds left.\n|inactive|Billy_HMD has 15 seconds left.\n|inactive|Billy_HMD has 10 seconds left.\n|\n|t:|1721320477\n|switch|p2a: Landorus|Landorus-Therian, L50, M|100\/100\n|-ability|p2a: Landorus|Intimidate|boost\n|-unboost|p1a: Terapagos|atk|1\n|-unboost|p1b: Volcarona|atk|1\n|move|p1a: Terapagos|Rock Polish|p1a: Terapagos\n|-boost|p1a: Terapagos|spe|2\n|move|p1b: Volcarona|Fiery Dance|p2a: Landorus\n|-damage|p2a: Landorus|34\/100\n|-boost|p1b: Volcarona|spa|1\n|move|p2b: Raging Bolt|Thunderbolt|p1b: Volcarona\n|-damage|p1b: Volcarona|70\/100\n|\n|-end|p1b: Volcarona|move: Taunt\n|-sideend|p1: mad skwovet|move: Light Screen\n|upkeep\n|turn|9\n|inactive|mad skwovet has 30 seconds left.\n|\n|t:|1721320504\n|-terastallize|p1a: Terapagos|Stellar\n|detailschange|p1a: Terapagos|Terapagos-Stellar, L50, M, tera:Stellar\n|-heal|p1a: Terapagos|100\/100|[silent]\n|move|p1a: Terapagos|Tera Starstorm|p2b: Raging Bolt|[spread] p2a,p2b\n|-damage|p2a: Landorus|0 fnt\n|-damage|p2b: Raging Bolt|76\/100\n|faint|p2a: Landorus\n|move|p1b: Volcarona|Tailwind|p1b: Volcarona\n|-sidestart|p1: mad skwovet|move: Tailwind\n|move|p2b: Raging Bolt|Electroweb|p1b: Volcarona|[spread] p1a,p1b\n|-damage|p1a: Terapagos|84\/100\n|-damage|p1b: Volcarona|51\/100\n|-unboost|p1a: Terapagos|spe|1\n|-unboost|p1b: Volcarona|spe|1\n|\n|-heal|p1a: Terapagos|90\/100|[from] item: Leftovers\n|-sideend|p1: mad skwovet|Reflect\n|upkeep\n|\n|t:|1721320511\n|switch|p2a: Zamazenta|Zamazenta-Crowned, L50|7\/100\n|turn|10\n|inactive|Billy_HMD has 30 seconds left.\n|inactive|Billy_HMD has 20 seconds left.\n|inactive|Billy_HMD has 15 seconds left.\n|inactive|Billy_HMD has 10 seconds left.\n|inactive|Billy_HMD has 5 seconds left.\n|\n|t:|1721320562\n|move|p2a: Zamazenta|Wide Guard|p2a: Zamazenta\n|-singleturn|p2a: Zamazenta|Wide Guard\n|move|p1b: Volcarona|Rage Powder|p1b: Volcarona\n|-singleturn|p1b: Volcarona|move: Rage Powder\n|move|p1a: Terapagos|Calm Mind|p1a: Terapagos\n|-boost|p1a: Terapagos|spa|1\n|-boost|p1a: Terapagos|spd|1\n|move|p2b: Raging Bolt|Thunderbolt|p1b: Volcarona\n|-damage|p1b: Volcarona|9\/100\n|\n|-heal|p1a: Terapagos|96\/100|[from] item: Leftovers\n|upkeep\n|turn|11\n|inactive|Billy_HMD has 30 seconds left.\n|\n|t:|1721320593\n|move|p2a: Zamazenta|Wide Guard|p2a: Zamazenta\n|-singleturn|p2a: Zamazenta|Wide Guard\n|move|p2b: Raging Bolt|Thunderclap|p1b: Volcarona\n|-damage|p1b: Volcarona|0 fnt\n|faint|p1b: Volcarona\n|move|p1a: Terapagos|Tera Starstorm|p2b: Raging Bolt|[spread] \n|-activate|p2a: Zamazenta|move: Wide Guard\n|-activate|p2b: Raging Bolt|move: Wide Guard\n|\n|-heal|p1a: Terapagos|100\/100|[from] item: Leftovers\n|upkeep\n|j| Ry4nB01\n|\n|t:|1721320605\n|switch|p1b: Ursaluna|Ursaluna-Bloodmoon, L50, M|94\/100\n|turn|12\n|inactive|mad skwovet has 30 seconds left.\n|inactive|Billy_HMD has 30 seconds left.\n|\n|t:|1721320639\n|switch|p2a: Rillaboom|Rillaboom, L50, M|71\/100\n|-fieldstart|move: Grassy Terrain|[from] ability: Grassy Surge|[of] p2a: Rillaboom\n|move|p1a: Terapagos|Tera Starstorm|p2a: Rillaboom|[spread] p2a,p2b\n|-crit|p2b: Raging Bolt\n|-damage|p2a: Rillaboom|0 fnt\n|-damage|p2b: Raging Bolt|21\/100\n|faint|p2a: Rillaboom\n|move|p1b: Ursaluna|Earth Power|p2b: Raging Bolt\n|-supereffective|p2b: Raging Bolt\n|-damage|p2b: Raging Bolt|0 fnt\n|faint|p2b: Raging Bolt\n|-end|p2b: Raging Bolt|Protosynthesis|[silent]\n|-damage|p1b: Ursaluna|85\/100|[from] item: Life Orb\n|\n|-heal|p1b: Ursaluna|90\/100|[from] Grassy Terrain\n|-sideend|p1: mad skwovet|move: Tailwind\n|upkeep\n|inactive|Billy_HMD has 25 seconds left this turn.\n|inactive|Billy_HMD has 20 seconds left.\n|-message|Billy_HMD forfeited.\n|\n|win|mad skwovet\n|inactive|Billy_HMD has 20 seconds left this turn.\n|raw|mad skwovet's rating: 1646 &rarr; <strong>1674<\/strong><br \/>(+28 for winning)\n|raw|Billy_HMD's rating: 1802 &rarr; <strong>1774<\/strong><br \/>(-28 for losing)\n|l|\u2606Billy_HMD\n|player|p2|\n|l| Ry4nB01\n|l| bluestraggler01\n","uploadtime":1721320860,"views":8,"formatid":"gen9vgc2024regg","rating":1674,"private":0,"password":null}