{"id":"gen9vgc2024regg-2163761937","format":"[Gen 9] VGC 2024 Reg G","players":["Shamone Rider 13","HM4coach"],"log":"|j|\u2606Shamone Rider 13\n|j|\u2606HM4coach\n|t:|1721403002\n|gametype|doubles\n|player|p1|Shamone Rider 13|lucas|1739\n|player|p2|HM4coach|266|1691\n|teamsize|p1|6\n|teamsize|p2|6\n|gen|9\n|tier|[Gen 9] VGC 2024 Reg G\n|rated|\n|rule|Species Clause: Limit one of each Pok\u00e9mon\n|rule|Item Clause: Limit one of each item\n|clearpoke\n|poke|p1|Whimsicott, L50, F|\n|poke|p1|Flutter Mane, L50|\n|poke|p1|Calyrex-Shadow, L50|\n|poke|p1|Iron Hands, L50|\n|poke|p1|Clefairy, L50, F|\n|poke|p1|Ogerpon-Cornerstone, L50, F|\n|poke|p2|Calyrex-Shadow, L50|\n|poke|p2|Indeedee-F, L50, F|\n|poke|p2|Gallade, L50, M|\n|poke|p2|Incineroar, L50, F|\n|poke|p2|Ursaluna-Bloodmoon, L50, M|\n|poke|p2|Ogerpon-Wellspring, L50, F|\n|teampreview|4\nShamone Rider 13 has agreed to open team sheets.\n|\n|t:|1721403033\n|start\n|switch|p1a: Flotte-M\u00e8che|Flutter Mane, L50|100\/100\n|switch|p1b: Shamone Rider|Calyrex-Shadow, L50|100\/100\n|switch|p2a: Ursaluna|Ursaluna-Bloodmoon, L50, M|100\/100\n|switch|p2b: Incineroar|Incineroar, L50, F|100\/100\n|-ability|p1b: Shamone Rider|As One\n|-ability|p1b: Shamone Rider|Unnerve\n|-ability|p2b: Incineroar|Intimidate|boost\n|-unboost|p1a: Flotte-M\u00e8che|atk|1\n|-unboost|p1b: Shamone Rider|atk|1\n|turn|1\n|\n|t:|1721403064\n|move|p1b: Shamone Rider|Protect|p1b: Shamone Rider\n|-singleturn|p1b: Shamone Rider|Protect\n|move|p1a: Flotte-M\u00e8che|Moonblast|p2a: Ursaluna\n|-damage|p2a: Ursaluna|14\/100\n|-unboost|p2a: Ursaluna|spa|1\n|move|p2b: Incineroar|Flare Blitz|p1a: Flotte-M\u00e8che\n|-damage|p1a: Flotte-M\u00e8che|24\/100\n|-damage|p2b: Incineroar|80\/100|[from] Recoil\n|move|p2a: Ursaluna|Hyper Voice|p1a: Flotte-M\u00e8che|[spread] p1a\n|-activate|p1b: Shamone Rider|move: Protect\n|-damage|p1a: Flotte-M\u00e8che|1\/100\n|-enditem|p2a: Ursaluna|Throat Spray\n|-boost|p2a: Ursaluna|spa|1|[from] item: Throat Spray\n|\n|upkeep\n|turn|2\n|\n|t:|1721403085\n|-terastallize|p1b: Shamone Rider|Water\n|move|p2a: Ursaluna|Protect|p2a: Ursaluna\n|-singleturn|p2a: Ursaluna|Protect\n|move|p1b: Shamone Rider|Tera Blast|p2b: Incineroar|[anim] Tera Blast Water\n|-supereffective|p2b: Incineroar\n|-damage|p2b: Incineroar|5\/100\n|move|p1a: Flotte-M\u00e8che|Moonblast|p2a: Ursaluna\n|-activate|p2a: Ursaluna|move: Protect\n|move|p2b: Incineroar|Knock Off|p1b: Shamone Rider\n|-damage|p1b: Shamone Rider|64\/100\n|-enditem|p1b: Shamone Rider|Spooky Plate|[from] move: Knock Off|[of] p2b: Incineroar\n|\n|upkeep\n|turn|3\n|\n|t:|1721403108\n|move|p1b: Shamone Rider|Astral Barrage|p2a: Ursaluna|[spread] p2b\n|-immune|p2a: Ursaluna\n|-resisted|p2b: Incineroar\n|-damage|p2b: Incineroar|0 fnt\n|faint|p2b: Incineroar\n|-ability|p1b: Shamone Rider|Grim Neigh|boost\n|-boost|p1b: Shamone Rider|spa|1\n|move|p1a: Flotte-M\u00e8che|Moonblast|p2a: Ursaluna\n|-damage|p2a: Ursaluna|0 fnt\n|faint|p2a: Ursaluna\n|\n|upkeep\n|\n|t:|1721403119\n|switch|p2b: Calyrex|Calyrex-Shadow, L50|100\/100\n|switch|p2a: Gallade|Gallade, L50, M, shiny|100\/100\n|-ability|p2b: Calyrex|As One\n|-ability|p2b: Calyrex|Unnerve\n|turn|4\n|\n|t:|1721403150\n|-end|p1a: Flotte-M\u00e8che|Protosynthesis|[silent]\n|switch|p1a: Piepi|Clefairy, L50, F, shiny|100\/100\n|move|p2a: Gallade|Wide Guard|p2a: Gallade\n|-singleturn|p2a: Gallade|Wide Guard\n|move|p2b: Calyrex|Astral Barrage|p1a: Piepi|[spread] p1a,p1b\n|-damage|p1a: Piepi|39\/100\n|-damage|p1b: Shamone Rider|15\/100\n|-damage|p2b: Calyrex|91\/100|[from] item: Life Orb\n|move|p1b: Shamone Rider|Tera Blast|p2b: Calyrex|[anim] Tera Blast Water\n|-damage|p2b: Calyrex|20\/100\n|\n|upkeep\n|turn|5\n|\n|t:|1721403172\n|move|p1a: Piepi|Protect|p1a: Piepi\n|-singleturn|p1a: Piepi|Protect\n|move|p2b: Calyrex|Astral Barrage|p1b: Shamone Rider|[spread] p1b\n|-activate|p1a: Piepi|move: Protect\n|-damage|p1b: Shamone Rider|0 fnt\n|faint|p1b: Shamone Rider\n|-ability|p2b: Calyrex|Grim Neigh|boost\n|-boost|p2b: Calyrex|spa|1\n|-damage|p2b: Calyrex|11\/100|[from] item: Life Orb\n|move|p2a: Gallade|Psycho Cut|p1a: Piepi\n|-activate|p1a: Piepi|move: Protect\n|\n|upkeep\n|\n|t:|1721403177\n|switch|p1b: Gilmour|Ogerpon-Cornerstone, L50, F|100\/100\n|turn|6\n|\n|t:|1721403203\n|move|p1a: Piepi|Follow Me|p1a: Piepi\n|-singleturn|p1a: Piepi|move: Follow Me\n|move|p2b: Calyrex|Astral Barrage|p1b: Gilmour|[spread] p1a,p1b\n|-damage|p1a: Piepi|0 fnt\n|-damage|p1b: Gilmour|5\/100\n|faint|p1a: Piepi\n|-ability|p2b: Calyrex|Grim Neigh|boost\n|-boost|p2b: Calyrex|spa|1\n|-damage|p2b: Calyrex|1\/100|[from] item: Life Orb\n|move|p1b: Gilmour|Ivy Cudgel|p2b: Calyrex|[anim] Ivy Cudgel Rock\n|-damage|p2b: Calyrex|0 fnt\n|faint|p2b: Calyrex\n|move|p2a: Gallade|Trick Room|p2a: Gallade\n|-fieldstart|move: Trick Room|[of] p2a: Gallade\n|\n|upkeep\n|\n|t:|1721403209\n|switch|p1a: Flotte-M\u00e8che|Flutter Mane, L50|1\/100\n|turn|7\n|\n|t:|1721403231\n|move|p2a: Gallade|Psycho Cut|p1a: Flotte-M\u00e8che\n|-damage|p1a: Flotte-M\u00e8che|0 fnt\n|faint|p1a: Flotte-M\u00e8che\n|-end|p1a: Flotte-M\u00e8che|Protosynthesis|[silent]\n|move|p1b: Gilmour|Ivy Cudgel|p2a: Gallade|[anim] Ivy Cudgel Rock\n|-resisted|p2a: Gallade\n|-damage|p2a: Gallade|57\/100\n|\n|upkeep\n|turn|8\n|\n|t:|1721403241\n|move|p1b: Gilmour|Spiky Shield|p1b: Gilmour\n|-singleturn|p1b: Gilmour|move: Protect\n|move|p2a: Gallade|Psycho Cut|p1b: Gilmour\n|-activate|p1b: Gilmour|move: Protect\n|\n|upkeep\n|turn|9\n|\n|t:|1721403247\n|move|p1b: Gilmour|Spiky Shield|p1b: Gilmour\n|-singleturn|p1b: Gilmour|move: Protect\n|move|p2a: Gallade|Psycho Cut|p1b: Gilmour\n|-activate|p1b: Gilmour|move: Protect\n|\n|upkeep\n|turn|10\n|\n|t:|1721403253\n|move|p1b: Gilmour|Spiky Shield||[still]\n|-fail|p1b: Gilmour\n|move|p2a: Gallade|Psycho Cut|p1b: Gilmour\n|-damage|p1b: Gilmour|0 fnt\n|faint|p1b: Gilmour\n|\n|win|HM4coach\n|raw|Shamone Rider 13's rating: 1739 &rarr; <strong>1716<\/strong><br \/>(-23 for losing)\n|raw|HM4coach's rating: 1691 &rarr; <strong>1714<\/strong><br \/>(+23 for winning)\n|l|\u2606Shamone Rider 13\n|player|p1|\n|l|\u2606HM4coach\n|player|p2|\n","uploadtime":1721403488,"views":32,"formatid":"gen9vgc2024regg","rating":1714,"private":0,"password":null}