{"id":"gen9vgc2024regg-2163302300","format":"[Gen 9] VGC 2024 Reg G","players":["Billy_HMD","Pauliet123"],"log":"|j|\u2606Billy_HMD\n|j|\u2606Pauliet123\n|t:|1721332764\n|gametype|doubles\n|player|p1|Billy_HMD|dawn|1787\n|player|p2|Pauliet123|170|1692\n|teamsize|p1|6\n|teamsize|p2|6\n|gen|9\n|tier|[Gen 9] VGC 2024 Reg G\n|rated|\n|rule|Species Clause: Limit one of each Pok\u00e9mon\n|rule|Item Clause: Limit one of each item\n|clearpoke\n|poke|p1|Zamazenta-*, L50|\n|poke|p1|Volcarona, L50, F|\n|poke|p1|Grimmsnarl, L50, M|\n|poke|p1|Landorus-Therian, L50, M|\n|poke|p1|Rillaboom, L50, M|\n|poke|p1|Raging Bolt, L50|\n|poke|p2|Dondozo, L50, M|\n|poke|p2|Tatsugiri, L50, M|\n|poke|p2|Glimmora, L50, M|\n|poke|p2|Farigiraf, L50, F|\n|poke|p2|Volcarona, L50, M|\n|poke|p2|Lunala, L50|\n|teampreview|4\n|inactive|Battle timer is ON: inactive players will automatically lose when time's up. (requested by Billy_HMD)\n|j| LucasKKK000\n|inactive|Billy_HMD has 60 seconds left.\n|inactive|Billy_HMD has 30 seconds left.\n|\n|t:|1721332832\n|start\n|switch|p1a: Zamazenta|Zamazenta-Crowned, L50|100\/100\n|switch|p1b: Raging Bolt|Raging Bolt, L50|100\/100\n|switch|p2a: Glimmora|Glimmora, L50, M|100\/100\n|switch|p2b: Lunala|Lunala, L50|100\/100\n|-ability|p1a: Zamazenta|Dauntless Shield|boost\n|-boost|p1a: Zamazenta|def|1\n|turn|1\n|inactive|Billy_HMD has 30 seconds left.\n|\n|t:|1721332866\n|move|p1a: Zamazenta|Heavy Slam|p2b: Lunala\n|-damage|p2b: Lunala|80\/100\n|move|p2a: Glimmora|Mortal Spin|p1a: Zamazenta|[spread] p1b\n|-immune|p1a: Zamazenta\n|-damage|p1b: Raging Bolt|96\/100\n|-status|p1b: Raging Bolt|psn\n|move|p2b: Lunala|Moonblast|p1b: Raging Bolt\n|-supereffective|p1b: Raging Bolt\n|-damage|p1b: Raging Bolt|55\/100 psn\n|-unboost|p1b: Raging Bolt|spa|1\n|move|p1b: Raging Bolt|Electroweb|p2a: Glimmora|[spread] p2a\n|-miss|p1b: Raging Bolt|p2b: Lunala\n|-damage|p2a: Glimmora|77\/100\n|-unboost|p2a: Glimmora|spe|1\n|\n|-damage|p1b: Raging Bolt|42\/100 psn|[from] psn\n|upkeep\n|turn|2\n|inactive|Billy_HMD has 30 seconds left.\n|l| LucasKKK000\n|inactive|Billy_HMD has 20 seconds left.\n|\n|t:|1721332904\n|-terastallize|p1b: Raging Bolt|Electric\n|move|p1a: Zamazenta|Heavy Slam|p2b: Lunala\n|-damage|p2b: Lunala|40\/100\n|move|p2b: Lunala|Moonblast|p1b: Raging Bolt\n|-damage|p1b: Raging Bolt|20\/100 psn\n|-unboost|p1b: Raging Bolt|spa|1\n|move|p1b: Raging Bolt|Thunderbolt|p2a: Glimmora\n|-damage|p2a: Glimmora|26\/100\n|move|p2a: Glimmora|Sludge Bomb|p1b: Raging Bolt\n|-damage|p1b: Raging Bolt|0 fnt\n|faint|p1b: Raging Bolt\n|-end|p1b: Raging Bolt|Protosynthesis|[silent]\n|\n|upkeep\n|j| Haruka&Slowbro\n|l| Haruka&Slowbro\n|inactive|Billy_HMD has 30 seconds left.\n|inactive|Billy_HMD has 20 seconds left.\n|inactive|Billy_HMD has 15 seconds left.\n|\n|t:|1721332944\n|switch|p1b: Rillaboom|Rillaboom, L50, M|100\/100\n|-fieldstart|move: Grassy Terrain|[from] ability: Grassy Surge|[of] p1b: Rillaboom\n|turn|3\n|\n|t:|1721332960\n|move|p1b: Rillaboom|Grassy Glide|p2a: Glimmora\n|-damage|p2a: Glimmora|0 fnt\n|-activate|p2a: Glimmora|ability: Toxic Debris\n|-sidestart|p1: Billy_HMD|move: Toxic Spikes\n|faint|p2a: Glimmora\n|move|p1a: Zamazenta|Heavy Slam|p2b: Lunala\n|-damage|p2b: Lunala|0 fnt\n|faint|p2b: Lunala\n|\n|upkeep\n|\n|t:|1721332970\n|switch|p2a: Dondozo|Dondozo, L50, M|100\/100\n|switch|p2b: Tatsugiri|Tatsugiri, L50, M|100\/100\n|-activate|p2b: Tatsugiri|ability: Commander|[of] p2a: Dondozo\n|-boost|p2a: Dondozo|atk|2\n|-boost|p2a: Dondozo|spa|2\n|-boost|p2a: Dondozo|spe|2\n|-boost|p2a: Dondozo|def|2\n|-boost|p2a: Dondozo|spd|2\n|turn|4\n|\n|t:|1721332989\n|-terastallize|p2a: Dondozo|Grass\n|move|p2a: Dondozo|Order Up|p1b: Rillaboom\n|-crit|p1b: Rillaboom\n|-damage|p1b: Rillaboom|23\/100\n|-boost|p2a: Dondozo|atk|1\n|move|p1a: Zamazenta|Body Press|p2a: Dondozo\n|-damage|p2a: Dondozo|86\/100\n|move|p1b: Rillaboom|Wood Hammer|p2a: Dondozo\n|-resisted|p2a: Dondozo\n|-damage|p2a: Dondozo|69\/100\n|-damage|p1b: Rillaboom|16\/100|[from] Recoil\n|\n|-heal|p2a: Dondozo|75\/100|[from] Grassy Terrain\n|-heal|p2a: Dondozo|81\/100|[from] item: Leftovers\n|-heal|p1b: Rillaboom|22\/100|[from] Grassy Terrain\n|upkeep\n|turn|5\n|\n|t:|1721333006\n|switch|p1b: Landorus|Landorus-Therian, L50, M|100\/100\n|-ability|p1b: Landorus|Intimidate|boost\n|-unboost|p2a: Dondozo|atk|1\n|-unboost|p2b: Tatsugiri|atk|1\n|move|p2a: Dondozo|Order Up|p1b: Landorus\n|-damage|p1b: Landorus|39\/100\n|-boost|p2a: Dondozo|atk|1\n|move|p1a: Zamazenta|Body Press|p2a: Dondozo\n|-damage|p2a: Dondozo|65\/100\n|\n|-heal|p2a: Dondozo|71\/100|[from] Grassy Terrain\n|-heal|p2a: Dondozo|78\/100|[from] item: Leftovers\n|upkeep\n|turn|6\n|\n|t:|1721333019\n|move|p1b: Landorus|U-turn|p2a: Dondozo\n|-supereffective|p2a: Dondozo\n|-crit|p2a: Dondozo\n|-damage|p2a: Dondozo|21\/100\n|\n|t:|1721333021\n|switch|p1b: Rillaboom|Rillaboom, L50, M|22\/100|[from] U-turn\n|-status|p1b: Rillaboom|psn\n|move|p2a: Dondozo|Order Up|p1b: Rillaboom\n|-damage|p1b: Rillaboom|0 fnt\n|faint|p1b: Rillaboom\n|-boost|p2a: Dondozo|atk|1\n|move|p1a: Zamazenta|Body Press|p2a: Dondozo\n|-damage|p2a: Dondozo|4\/100\n|\n|-heal|p2a: Dondozo|10\/100|[from] Grassy Terrain\n|-heal|p2a: Dondozo|16\/100|[from] item: Leftovers\n|upkeep\n|\n|t:|1721333026\n|switch|p1b: Landorus|Landorus-Therian, L50, M|39\/100\n|-ability|p1b: Landorus|Intimidate|boost\n|-unboost|p2a: Dondozo|atk|1\n|-unboost|p2b: Tatsugiri|atk|1\n|turn|7\n|\n|t:|1721333046\n|move|p2a: Dondozo|Protect|p2a: Dondozo\n|-singleturn|p2a: Dondozo|Protect\n|move|p1b: Landorus|U-turn|p2a: Dondozo\n|-activate|p2a: Dondozo|move: Protect\n|move|p1a: Zamazenta|Iron Defense|p1a: Zamazenta\n|-boost|p1a: Zamazenta|def|2\n|\n|-heal|p2a: Dondozo|23\/100|[from] Grassy Terrain\n|-heal|p2a: Dondozo|29\/100|[from] item: Leftovers\n|-fieldend|move: Grassy Terrain\n|upkeep\n|turn|8\n|\n|t:|1721333063\n|move|p1b: Landorus|U-turn|p2a: Dondozo\n|-supereffective|p2a: Dondozo\n|-damage|p2a: Dondozo|11\/100\n|move|p2a: Dondozo|Wave Crash|p1a: Zamazenta\n|-damage|p1a: Zamazenta|23\/100\n|-damage|p2a: Dondozo|0 fnt|[from] Recoil\n|faint|p2a: Dondozo\n|move|p1a: Zamazenta|Body Press|p2b: Tatsugiri\n|-damage|p2b: Tatsugiri|0 fnt\n|faint|p2b: Tatsugiri\n|\n|win|Billy_HMD\n|raw|Billy_HMD's rating: 1787 &rarr; <strong>1803<\/strong><br \/>(+16 for winning)\n|raw|Pauliet123's rating: 1710 &rarr; <strong>1694<\/strong><br \/>(-16 for losing)\n|l|\u2606Pauliet123\n|player|p2|\n|l|\u2606Billy_HMD\n|player|p1|\n","uploadtime":1721333272,"views":9,"formatid":"gen9vgc2024regg","rating":1694,"private":0,"password":null}