{"id":"gen9vgc2024regg-2163784604","format":"[Gen 9] VGC 2024 Reg G","players":["3ntropy1991","code_anish"],"log":"|badge|p2|bronze|gen9doublesou|100-2\n|uhtml|medal-msg|<div class=\"broadcast-blue\">Curious what those medals under the avatar are? PS now has Ladder Seasons! For more information, check out the <a href=\"https:\/\/www.smogon.com\/forums\/threads\/3740067\/\">thread on Smogon.<\/a><\/div>\n|j|\u26063ntropy1991\n|j|\u2606code_anish\n|t:|1721405717\n|gametype|doubles\n|player|p1|3ntropy1991|hiker-gen4|1727\n|player|p2|code_anish|yellow|1760\n|teamsize|p1|6\n|teamsize|p2|6\n|gen|9\n|tier|[Gen 9] VGC 2024 Reg G\n|rated|\n|rule|Species Clause: Limit one of each Pok\u00e9mon\n|rule|Item Clause: Limit one of each item\n|clearpoke\n|poke|p1|Calyrex-Ice, L50|\n|poke|p1|Urshifu-*, L50, F|\n|poke|p1|Smeargle, L50, F|\n|poke|p1|Torkoal, L50, F|\n|poke|p1|Raging Bolt, L50|\n|poke|p1|Rillaboom, L50, M|\n|poke|p2|Koraidon, L50|\n|poke|p2|Chi-Yu, L50|\n|poke|p2|Raging Bolt, L50|\n|poke|p2|Gholdengo, L50|\n|poke|p2|Gothitelle, L50, F|\n|poke|p2|Tornadus, L50, M|\n|teampreview|4\n|inactive|Battle timer is ON: inactive players will automatically lose when time's up. (requested by 3ntropy1991)\n|inactive|code_anish has 60 seconds left.\n|inactive|code_anish has 30 seconds left.\n|inactive|code_anish has 20 seconds left.\n|\n|t:|1721405813\n|start\n|switch|p1a: Calyrex|Calyrex-Ice, L50|100\/100\n|switch|p1b: Smeargle|Smeargle, L50, F|100\/100\n|switch|p2a: Gothitelle|Gothitelle, L50, F|100\/100\n|switch|p2b: Chi-Yu|Chi-Yu, L50|100\/100\n|-ability|p1a: Calyrex|As One\n|-ability|p1a: Calyrex|Unnerve\n|-ability|p2b: Chi-Yu|Beads of Ruin\n|turn|1\n|\n|t:|1721405836\n|-terastallize|p1a: Calyrex|Water\n|move|p2a: Gothitelle|Fake Out|p1a: Calyrex\n|-damage|p1a: Calyrex|97\/100\n|move|p1b: Smeargle|Fake Out|p2b: Chi-Yu\n|-damage|p2b: Chi-Yu|93\/100\n|cant|p2b: Chi-Yu|flinch\n|cant|p1a: Calyrex|flinch\n|\n|-ability|p1b: Smeargle|Moody|boost\n|-boost|p1b: Smeargle|def|2\n|-unboost|p1b: Smeargle|spd|1\n|upkeep\n|turn|2\n|\n|t:|1721405855\n|move|p1b: Smeargle|Follow Me|p1b: Smeargle\n|-singleturn|p1b: Smeargle|move: Follow Me\n|move|p2b: Chi-Yu|Heat Wave|p1a: Calyrex|[spread] p1a,p1b\n|-resisted|p1a: Calyrex\n|-damage|p1a: Calyrex|80\/100\n|-enditem|p1b: Smeargle|Focus Sash\n|-damage|p1b: Smeargle|1\/100\n|move|p2a: Gothitelle|Taunt|p1b: Smeargle\n|-start|p1b: Smeargle|move: Taunt\n|move|p1a: Calyrex|Trick Room|p1a: Calyrex\n|-fieldstart|move: Trick Room|[of] p1a: Calyrex\n|\n|-ability|p1b: Smeargle|Moody|boost\n|-boost|p1b: Smeargle|spe|2\n|-unboost|p1b: Smeargle|spd|1\n|upkeep\n|turn|3\n|inactive|3ntropy1991 has 30 seconds left.\n|j| testingtestes123\n|inactive|3ntropy1991 has 20 seconds left.\n|inactive|3ntropy1991 has 15 seconds left.\n|\n|t:|1721405895\n|move|p1b: Smeargle|Fake Out||[still]\n|-hint|Fake Out only works on your first turn out.\n|-fail|p1b: Smeargle\n|move|p1a: Calyrex|Glacial Lance|p2a: Gothitelle|[spread] p2a,p2b\n|-resisted|p2b: Chi-Yu\n|-damage|p2a: Gothitelle|35\/100\n|-damage|p2b: Chi-Yu|50\/100\n|move|p2a: Gothitelle|Foul Play|p1a: Calyrex\n|-damage|p1a: Calyrex|52\/100\n|move|p2b: Chi-Yu|Heat Wave|p1a: Calyrex|[spread] p1a\n|-miss|p2b: Chi-Yu|p1b: Smeargle\n|-resisted|p1a: Calyrex\n|-damage|p1a: Calyrex|34\/100\n|\n|-ability|p1b: Smeargle|Moody|boost\n|-boost|p1b: Smeargle|def|2\n|-unboost|p1b: Smeargle|atk|1\n|upkeep\n|turn|4\n|inactive|code_anish has 30 seconds left.\n|inactive|code_anish has 20 seconds left.\n|\n|t:|1721405930\n|move|p1b: Smeargle|Fake Out||[still]\n|-hint|Fake Out only works on your first turn out.\n|-fail|p1b: Smeargle\n|move|p1a: Calyrex|Glacial Lance|p2b: Chi-Yu|[spread] p2a,p2b\n|-resisted|p2b: Chi-Yu\n|-damage|p2a: Gothitelle|0 fnt\n|-damage|p2b: Chi-Yu|7\/100\n|faint|p2a: Gothitelle\n|-ability|p1a: Calyrex|Chilling Neigh|boost\n|-boost|p1a: Calyrex|atk|1\n|move|p2b: Chi-Yu|Heat Wave|p1b: Smeargle|[spread] p1a,p1b\n|-resisted|p1a: Calyrex\n|-damage|p1a: Calyrex|16\/100\n|-damage|p1b: Smeargle|0 fnt\n|faint|p1b: Smeargle\n|\n|upkeep\n|\n|t:|1721405947\n|switch|p1b: Torkoal|Torkoal, L50, F|100\/100\n|switch|p2a: Raging Bolt|Raging Bolt, L50|100\/100\n|-weather|SunnyDay|[from] ability: Drought|[of] p1b: Torkoal\n|-activate|p2a: Raging Bolt|ability: Protosynthesis\n|-start|p2a: Raging Bolt|protosynthesisspa\n|turn|5\n|\n|t:|1721405961\n|switch|p2b: Koraidon|Koraidon, L50|100\/100\n|-activate|p2b: Koraidon|ability: Orichalcum Pulse\n|move|p2a: Raging Bolt|Thunderclap|p1a: Calyrex\n|-supereffective|p1a: Calyrex\n|-damage|p1a: Calyrex|0 fnt\n|faint|p1a: Calyrex\n|move|p1b: Torkoal|Eruption|p2b: Koraidon|[spread] p2a,p2b\n|-resisted|p2a: Raging Bolt\n|-resisted|p2b: Koraidon\n|-damage|p2a: Raging Bolt|75\/100\n|-damage|p2b: Koraidon|59\/100\n|\n|-weather|SunnyDay|[upkeep]\n|upkeep\n|\n|t:|1721405974\n|switch|p1a: Urshifu|Urshifu, L50, F|100\/100\n|turn|6\n|inactive|3ntropy1991 has 30 seconds left.\n|\n|t:|1721406001\n|switch|p2b: Chi-Yu|Chi-Yu, L50|7\/100\n|-ability|p2b: Chi-Yu|Beads of Ruin\n|-terastallize|p2a: Raging Bolt|Electric\n|move|p2a: Raging Bolt|Thunderclap|p1b: Torkoal\n|-damage|p1b: Torkoal|0 fnt\n|faint|p1b: Torkoal\n|move|p1a: Urshifu|Close Combat|p2b: Chi-Yu\n|-supereffective|p2b: Chi-Yu\n|-damage|p2b: Chi-Yu|0 fnt\n|-unboost|p1a: Urshifu|def|1\n|-unboost|p1a: Urshifu|spd|1\n|faint|p2b: Chi-Yu\n|\n|-weather|SunnyDay|[upkeep]\n|-fieldend|move: Trick Room\n|upkeep\n|\n|t:|1721406010\n|switch|p2b: Koraidon|Koraidon, L50|59\/100\n|-activate|p2b: Koraidon|ability: Orichalcum Pulse\n|turn|7\n|inactive|3ntropy1991 has 30 seconds left.\n|l|\u26063ntropy1991\n|inactive|3ntropy1991 disconnected and has a minute to reconnect!\n|player|p1|\n|inactive|3ntropy1991 has 20 seconds left.\n|inactive|3ntropy1991 has 15 seconds left.\n|inactive|3ntropy1991 has 10 seconds left.\n|inactive|3ntropy1991 has 5 seconds left.\n|-message|3ntropy1991 lost due to inactivity.\n|\n|win|code_anish\n|raw|3ntropy1991's rating: 1727 &rarr; <strong>1709<\/strong><br \/>(-18 for losing)\n|raw|code_anish's rating: 1760 &rarr; <strong>1778<\/strong><br \/>(+18 for winning)\n|l|\u2606code_anish\n|player|p2|\n","uploadtime":1721406255,"views":39,"formatid":"gen9vgc2024regg","rating":1709,"private":0,"password":null}