{"id":"gen9vgc2024regg-2163317655","format":"[Gen 9] VGC 2024 Reg G","players":["Pauliet123","Billy_HMD"],"log":"|j|\u2606Pauliet123\n|j|\u2606Billy_HMD\n|t:|1721334519\n|gametype|doubles\n|player|p1|Pauliet123|170|1725\n|player|p2|Billy_HMD|dawn|1828\n|teamsize|p1|6\n|teamsize|p2|6\n|gen|9\n|tier|[Gen 9] VGC 2024 Reg G\n|rated|\n|rule|Species Clause: Limit one of each Pok\u00e9mon\n|rule|Item Clause: Limit one of each item\n|clearpoke\n|poke|p1|Dondozo, L50, F|\n|poke|p1|Tatsugiri, L50, M|\n|poke|p1|Glimmora, L50, M|\n|poke|p1|Farigiraf, L50, F|\n|poke|p1|Volcarona, L50, M|\n|poke|p1|Lunala, L50|\n|poke|p2|Zamazenta-*, L50|\n|poke|p2|Volcarona, L50, F|\n|poke|p2|Grimmsnarl, L50, M|\n|poke|p2|Landorus-Therian, L50, M|\n|poke|p2|Rillaboom, L50, M|\n|poke|p2|Raging Bolt, L50|\n|teampreview|4\n|inactive|Battle timer is ON: inactive players will automatically lose when time's up. (requested by Billy_HMD)\n|\n|t:|1721334539\n|start\n|switch|p1a: Glimmora|Glimmora, L50, M|100\/100\n|switch|p1b: Lunala|Lunala, L50|100\/100\n|switch|p2a: Zamazenta|Zamazenta-Crowned, L50|100\/100\n|switch|p2b: Raging Bolt|Raging Bolt, L50|100\/100\n|-ability|p2a: Zamazenta|Dauntless Shield|boost\n|-boost|p2a: Zamazenta|def|1\n|turn|1\n|\n|t:|1721334549\n|-terastallize|p2b: Raging Bolt|Electric\n|move|p2a: Zamazenta|Heavy Slam|p1b: Lunala\n|-crit|p1b: Lunala\n|-damage|p1b: Lunala|67\/100\n|move|p1a: Glimmora|Sludge Bomb|p2b: Raging Bolt\n|-damage|p2b: Raging Bolt|72\/100\n|move|p2b: Raging Bolt|Electroweb|p1a: Glimmora|[spread] p1a,p1b\n|-damage|p1a: Glimmora|46\/100\n|-damage|p1b: Lunala|44\/100\n|-unboost|p1a: Glimmora|spe|1\n|-unboost|p1b: Lunala|spe|1\n|move|p1b: Lunala|Trick Room|p1b: Lunala\n|-fieldstart|move: Trick Room|[of] p1b: Lunala\n|\n|upkeep\n|turn|2\n|inactive|Billy_HMD has 30 seconds left.\n|inactive|Billy_HMD has 20 seconds left.\n|inactive|Billy_HMD has 15 seconds left.\n|\n|t:|1721334592\n|move|p2b: Raging Bolt|Thunderclap|p1b: Lunala\n|-damage|p1b: Lunala|4\/100\n|move|p1b: Lunala|Moongeist Beam|p2a: Zamazenta\n|-damage|p2a: Zamazenta|62\/100\n|move|p1a: Glimmora|Sludge Bomb|p2b: Raging Bolt\n|-damage|p2b: Raging Bolt|42\/100\n|move|p2a: Zamazenta|Body Press|p1a: Glimmora\n|-damage|p1a: Glimmora|0 fnt\n|-activate|p1a: Glimmora|ability: Toxic Debris\n|-sidestart|p2: Billy_HMD|move: Toxic Spikes\n|faint|p1a: Glimmora\n|\n|upkeep\n|\n|t:|1721334602\n|switch|p1a: Dondozo|Dondozo, L50, F|100\/100\n|turn|3\n|inactive|Billy_HMD has 30 seconds left.\n|\n|t:|1721334633\n|switch|p1b: Tatsugiri|Tatsugiri, L50, M|100\/100\n|-activate|p1b: Tatsugiri|ability: Commander|[of] p1a: Dondozo\n|-boost|p1a: Dondozo|atk|2\n|-boost|p1a: Dondozo|spa|2\n|-boost|p1a: Dondozo|spe|2\n|-boost|p1a: Dondozo|def|2\n|-boost|p1a: Dondozo|spd|2\n|-terastallize|p1a: Dondozo|Grass\n|move|p2b: Raging Bolt|Thunderclap||[still]\n|-fail|p2b: Raging Bolt\n|move|p2a: Zamazenta|Body Press|p1a: Dondozo\n|-damage|p1a: Dondozo|83\/100\n|move|p1a: Dondozo|Earthquake|p2a: Zamazenta|[spread] p2a,p2b\n|-miss|p1a: Dondozo|p1b: Tatsugiri\n|-supereffective|p2a: Zamazenta\n|-supereffective|p2b: Raging Bolt\n|-damage|p2a: Zamazenta|12\/100\n|-damage|p2b: Raging Bolt|0 fnt\n|faint|p2b: Raging Bolt\n|-end|p2b: Raging Bolt|Protosynthesis|[silent]\n|\n|-heal|p1a: Dondozo|89\/100|[from] item: Leftovers\n|upkeep\n|\n|t:|1721334645\n|switch|p2b: Landorus|Landorus-Therian, L50, M|100\/100\n|-ability|p2b: Landorus|Intimidate|boost\n|-unboost|p1a: Dondozo|atk|1\n|-unboost|p1b: Tatsugiri|atk|1\n|turn|4\n|\n|t:|1721334657\n|move|p2a: Zamazenta|Iron Defense|p2a: Zamazenta\n|-boost|p2a: Zamazenta|def|2\n|move|p1a: Dondozo|Order Up|p2b: Landorus\n|-damage|p2b: Landorus|57\/100\n|-boost|p1a: Dondozo|atk|1\n|move|p2b: Landorus|U-turn|p1a: Dondozo\n|-supereffective|p1a: Dondozo\n|-damage|p1a: Dondozo|72\/100\n|\n|t:|1721334664\n|switch|p2b: Grimmsnarl|Grimmsnarl, L50, M|100\/100|[from] U-turn\n|-status|p2b: Grimmsnarl|psn\n|\n|-heal|p1a: Dondozo|78\/100|[from] item: Leftovers\n|-damage|p2b: Grimmsnarl|88\/100 psn|[from] psn\n|upkeep\n|turn|5\n|\n|t:|1721334673\n|move|p2b: Grimmsnarl|Reflect|p2b: Grimmsnarl\n|-sidestart|p2: Billy_HMD|Reflect\n|move|p2a: Zamazenta|Body Press|p1a: Dondozo\n|-damage|p1a: Dondozo|63\/100\n|move|p1a: Dondozo|Earthquake|p2a: Zamazenta|[spread] p2a,p2b\n|-miss|p1a: Dondozo|p1b: Tatsugiri\n|-supereffective|p2a: Zamazenta\n|-damage|p2a: Zamazenta|0 fnt\n|-damage|p2b: Grimmsnarl|53\/100 psn\n|faint|p2a: Zamazenta\n|\n|-heal|p1a: Dondozo|69\/100|[from] item: Leftovers\n|-damage|p2b: Grimmsnarl|41\/100 psn|[from] psn\n|-fieldend|move: Trick Room\n|upkeep\n|-message|Billy_HMD forfeited.\n|\n|win|Pauliet123\n|raw|Pauliet123's rating: 1725 &rarr; <strong>1751<\/strong><br \/>(+26 for winning)\n|raw|Billy_HMD's rating: 1828 &rarr; <strong>1802<\/strong><br \/>(-26 for losing)\n|l|\u2606Billy_HMD\n|player|p2|\n|l|\u2606Pauliet123\n|player|p1|\n","uploadtime":1721334935,"views":53,"formatid":"gen9vgc2024regg","rating":1751,"private":0,"password":null}