{"id":"gen9vgc2024regg-2163211211","format":"[Gen 9] VGC 2024 Reg G","players":["auraen","Billy_HMD"],"log":"|j|\u2606auraen\n|j|\u2606Billy_HMD\n|t:|1721322414\n|gametype|doubles\n|player|p1|auraen|harlequin|1742\n|player|p2|Billy_HMD|dawn|1774\n|teamsize|p1|6\n|teamsize|p2|6\n|gen|9\n|tier|[Gen 9] VGC 2024 Reg G\n|rated|\n|rule|Species Clause: Limit one of each Pok\u00e9mon\n|rule|Item Clause: Limit one of each item\n|clearpoke\n|poke|p1|Terapagos, L50, M|\n|poke|p1|Munkidori, L50, M|\n|poke|p1|Incineroar, L50, F|\n|poke|p1|Sinistcha, L50|\n|poke|p1|Basculegion, L50, M|\n|poke|p1|Flamigo, L50, M|\n|poke|p2|Zamazenta-*, L50|\n|poke|p2|Volcarona, L50, M|\n|poke|p2|Grimmsnarl, L50, M|\n|poke|p2|Landorus-Therian, L50, M|\n|poke|p2|Rillaboom, L50, M|\n|poke|p2|Raging Bolt, L50|\n|teampreview|4\n|inactive|Battle timer is ON: inactive players will automatically lose when time's up. (requested by Billy_HMD)\n|inactive|Billy_HMD has 60 seconds left.\n|\n|t:|1721322445\n|start\n|switch|p1a: Terapagos|Terapagos, L50, M|100\/100\n|switch|p1b: Incineroar|Incineroar, L50, F|100\/100\n|switch|p2a: Volcarona|Volcarona, L50, M|100\/100\n|switch|p2b: Landorus|Landorus-Therian, L50, M|100\/100\n|-activate|p1a: Terapagos|ability: Tera Shift\n|detailschange|p1a: Terapagos|Terapagos-Terastal, L50, M\n|-heal|p1a: Terapagos|100\/100|[silent]\n|-ability|p2b: Landorus|Intimidate|boost\n|-unboost|p1a: Terapagos|atk|1\n|-unboost|p1b: Incineroar|atk|1\n|-ability|p1b: Incineroar|Intimidate|boost\n|-unboost|p2a: Volcarona|atk|1\n|-unboost|p2b: Landorus|atk|1\n|turn|1\n|inactive|auraen has 30 seconds left.\n|inactive|Billy_HMD has 30 seconds left.\n|\n|t:|1721322476\n|-terastallize|p1a: Terapagos|Stellar\n|detailschange|p1a: Terapagos|Terapagos-Stellar, L50, M, tera:Stellar\n|-heal|p1a: Terapagos|100\/100|[silent]\n|move|p2b: Landorus|Rock Slide|p1a: Terapagos|[spread] p1a,p1b\n|-crit|p1a: Terapagos\n|-supereffective|p1b: Incineroar\n|-damage|p1a: Terapagos|83\/100\n|-damage|p1b: Incineroar|78\/100\n|move|p2a: Volcarona|Quiver Dance|p2a: Volcarona\n|-boost|p2a: Volcarona|spa|1\n|-boost|p2a: Volcarona|spd|1\n|-boost|p2a: Volcarona|spe|1\n|move|p1a: Terapagos|Tera Starstorm|p2a: Volcarona|[spread] p2a,p2b\n|-damage|p2a: Volcarona|66\/100\n|-damage|p2b: Landorus|22\/100\n|move|p1b: Incineroar|Parting Shot|p2b: Landorus\n|-unboost|p2b: Landorus|atk|1\n|-unboost|p2b: Landorus|spa|1\n|\n|t:|1721322487\n|switch|p1b: Basculegion|Basculegion, L50, M|100\/100|[from] Parting Shot\n|\n|-heal|p2a: Volcarona|72\/100|[from] item: Leftovers\n|upkeep\n|turn|2\n|inactive|Billy_HMD has 30 seconds left.\n|inactive|Billy_HMD has 20 seconds left.\n|\n|t:|1721322525\n|switch|p2b: Raging Bolt|Raging Bolt, L50|100\/100\n|switch|p1b: Sinistcha|Sinistcha, L50|100\/100\n|-heal|p1a: Terapagos|100\/100|[from] ability: Hospitality|[of] p1b: Sinistcha\n|move|p2a: Volcarona|Protect|p2a: Volcarona\n|-singleturn|p2a: Volcarona|Protect\n|move|p1a: Terapagos|Tera Starstorm|p2a: Volcarona|[spread] p2b\n|-activate|p2a: Volcarona|move: Protect\n|-damage|p2b: Raging Bolt|66\/100\n|\n|-heal|p2a: Volcarona|78\/100|[from] item: Leftovers\n|upkeep\n|turn|3\n|inactive|Billy_HMD has 30 seconds left.\n|j| girth666\n|\n|t:|1721322558\n|switch|p1b: Incineroar|Incineroar, L50, F|78\/100\n|-ability|p1b: Incineroar|Intimidate|boost\n|-unboost|p2a: Volcarona|atk|1\n|-unboost|p2b: Raging Bolt|atk|1\n|move|p2a: Volcarona|Quiver Dance|p2a: Volcarona\n|-boost|p2a: Volcarona|spa|1\n|-boost|p2a: Volcarona|spd|1\n|-boost|p2a: Volcarona|spe|1\n|move|p2b: Raging Bolt|Electroweb|p1b: Incineroar|[spread] p1a,p1b\n|-damage|p1a: Terapagos|87\/100\n|-damage|p1b: Incineroar|57\/100\n|-unboost|p1a: Terapagos|spe|1\n|-unboost|p1b: Incineroar|spe|1\n|move|p1a: Terapagos|Tera Starstorm|p2b: Raging Bolt|[spread] p2a,p2b\n|-damage|p2a: Volcarona|53\/100\n|-damage|p2b: Raging Bolt|34\/100\n|\n|-heal|p2a: Volcarona|59\/100|[from] item: Leftovers\n|upkeep\n|turn|4\n|l| girth666\n|inactive|Billy_HMD has 30 seconds left.\n|j| no onions?\n|inactive|Billy_HMD has 20 seconds left.\n|\n|t:|1721322596\n|move|p2a: Volcarona|Heat Wave|p1a: Terapagos|[spread] p1a,p1b\n|-resisted|p1b: Incineroar\n|-damage|p1a: Terapagos|44\/100\n|-damage|p1b: Incineroar|27\/100\n|move|p2b: Raging Bolt|Draco Meteor|p1a: Terapagos\n|-damage|p1a: Terapagos|0 fnt\n|-unboost|p2b: Raging Bolt|spa|2\n|faint|p1a: Terapagos\n|move|p1b: Incineroar|Parting Shot|p2a: Volcarona\n|-unboost|p2a: Volcarona|atk|1\n|-unboost|p2a: Volcarona|spa|1\n|\n|t:|1721322605\n|switch|p1b: Basculegion|Basculegion, L50, M|100\/100|[from] Parting Shot\n|\n|-heal|p2a: Volcarona|66\/100|[from] item: Leftovers\n|upkeep\n|\n|t:|1721322607\n|switch|p1a: Incineroar|Incineroar, L50, F|27\/100\n|-ability|p1a: Incineroar|Intimidate|boost\n|-unboost|p2a: Volcarona|atk|1\n|-unboost|p2b: Raging Bolt|atk|1\n|turn|5\n|\n|t:|1721322635\n|-end|p2b: Raging Bolt|Protosynthesis|[silent]\n|switch|p2b: Landorus|Landorus-Therian, L50, M|22\/100\n|-ability|p2b: Landorus|Intimidate|boost\n|-unboost|p1a: Incineroar|atk|1\n|-unboost|p1b: Basculegion|atk|1\n|move|p2a: Volcarona|Protect|p2a: Volcarona\n|-singleturn|p2a: Volcarona|Protect\n|move|p1b: Basculegion|Flip Turn|p2b: Landorus\n|-supereffective|p2b: Landorus\n|-damage|p2b: Landorus|0 fnt\n|faint|p2b: Landorus\n|\n|t:|1721322637\n|switch|p1b: Sinistcha|Sinistcha, L50|100\/100|[from] Flip Turn\n|-heal|p1a: Incineroar|52\/100|[from] ability: Hospitality|[of] p1b: Sinistcha\n|move|p1a: Incineroar|Parting Shot|p2a: Volcarona\n|-activate|p2a: Volcarona|move: Protect\n|\n|-heal|p2a: Volcarona|72\/100|[from] item: Leftovers\n|upkeep\n|j| Pokedoke\n|inactive|Billy_HMD has 30 seconds left.\n|\n|t:|1721322662\n|switch|p2b: Zamazenta|Zamazenta-Crowned, L50|100\/100\n|-ability|p2b: Zamazenta|Dauntless Shield|boost\n|-boost|p2b: Zamazenta|def|1\n|turn|6\n|\n|t:|1721322683\n|move|p2a: Volcarona|Heat Wave|p1a: Incineroar|[spread] p1a,p1b\n|-resisted|p1a: Incineroar\n|-supereffective|p1b: Sinistcha\n|-damage|p1a: Incineroar|29\/100\n|-damage|p1b: Sinistcha|8\/100\n|move|p2b: Zamazenta|Heavy Slam|p1b: Sinistcha\n|-damage|p1b: Sinistcha|0 fnt\n|-damage|p2b: Zamazenta|84\/100|[from] item: Rocky Helmet|[of] p1b: Sinistcha\n|faint|p1b: Sinistcha\n|move|p1a: Incineroar|Parting Shot|p2a: Volcarona\n|-unboost|p2a: Volcarona|atk|1\n|-unboost|p2a: Volcarona|spa|1\n|\n|t:|1721322686\n|switch|p1a: Basculegion|Basculegion, L50, M|100\/100|[from] Parting Shot\n|\n|-heal|p2a: Volcarona|78\/100|[from] item: Leftovers\n|upkeep\n|\n|t:|1721322687\n|switch|p1b: Incineroar|Incineroar, L50, F|29\/100\n|-ability|p1b: Incineroar|Intimidate|boost\n|-unboost|p2a: Volcarona|atk|1\n|-unboost|p2b: Zamazenta|atk|1\n|turn|7\n|inactive|Billy_HMD has 30 seconds left.\n|\n|t:|1721322718\n|-terastallize|p2a: Volcarona|Water\n|move|p1b: Incineroar|Fake Out|p2a: Volcarona\n|-damage|p2a: Volcarona|68\/100\n|cant|p2a: Volcarona|flinch\n|move|p2b: Zamazenta|Body Press|p1b: Incineroar\n|-supereffective|p1b: Incineroar\n|-damage|p1b: Incineroar|0 fnt\n|faint|p1b: Incineroar\n|move|p1a: Basculegion|Last Respects|p2b: Zamazenta\n|-damage|p2b: Zamazenta|36\/100\n|\n|-heal|p2a: Volcarona|74\/100|[from] item: Leftovers\n|upkeep\n|turn|8\n|j| a1022233002\n|inactive|Billy_HMD has 30 seconds left.\n|\n|t:|1721322748\n|move|p2a: Volcarona|Heat Wave|p1a: Basculegion\n|-resisted|p1a: Basculegion\n|-damage|p1a: Basculegion|86\/100\n|move|p2b: Zamazenta|Iron Defense|p2b: Zamazenta\n|-boost|p2b: Zamazenta|def|2\n|move|p1a: Basculegion|Last Respects|p2a: Volcarona\n|-damage|p2a: Volcarona|0 fnt\n|faint|p2a: Volcarona\n|\n|upkeep\n|\n|t:|1721322756\n|switch|p2a: Raging Bolt|Raging Bolt, L50|34\/100\n|turn|9\n|\n|t:|1721322766\n|move|p2a: Raging Bolt|Thunderclap|p1a: Basculegion\n|-supereffective|p1a: Basculegion\n|-damage|p1a: Basculegion|35\/100\n|move|p2b: Zamazenta|Heavy Slam|p1a: Basculegion\n|-resisted|p1a: Basculegion\n|-damage|p1a: Basculegion|19\/100\n|move|p1a: Basculegion|Last Respects|p2a: Raging Bolt\n|-damage|p2a: Raging Bolt|0 fnt\n|faint|p2a: Raging Bolt\n|-end|p2a: Raging Bolt|Protosynthesis|[silent]\n|\n|upkeep\n|turn|10\n|\n|t:|1721322773\n|move|p2b: Zamazenta|Heavy Slam|p1a: Basculegion\n|-resisted|p1a: Basculegion\n|-damage|p1a: Basculegion|1\/100\n|move|p1a: Basculegion|Last Respects|p2b: Zamazenta\n|-damage|p2b: Zamazenta|8\/100\n|\n|upkeep\n|turn|11\n|\n|t:|1721322776\n|move|p1a: Basculegion|Aqua Jet|p2b: Zamazenta\n|-damage|p2b: Zamazenta|2\/100\n|move|p2b: Zamazenta|Heavy Slam|p1a: Basculegion\n|-resisted|p1a: Basculegion\n|-damage|p1a: Basculegion|0 fnt\n|faint|p1a: Basculegion\n|\n|win|Billy_HMD\n|raw|auraen's rating: 1742 &rarr; <strong>1724<\/strong><br \/>(-18 for losing)\n|raw|Billy_HMD's rating: 1774 &rarr; <strong>1792<\/strong><br \/>(+18 for winning)\n|l|\u2606Billy_HMD\n|player|p2|\n|c| no onions?|so close lol\n|l| Pokedoke\n|c| no onions?|what are your basculegion evs?\n","uploadtime":1721322970,"views":26,"formatid":"gen9vgc2024regg","rating":1724,"private":0,"password":null}