{"id":"gen9vgc2024regg-2163333778","format":"[Gen 9] VGC 2024 Reg G","players":["Pauliet123","Popcorn25"],"log":"|j|\u2606Pauliet123\n|j|\u2606Popcorn25\n|t:|1721336402\n|gametype|doubles\n|player|p1|Pauliet123|170|1694\n|player|p2|Popcorn25|cynthia-gen4|1747\n|teamsize|p1|6\n|teamsize|p2|6\n|gen|9\n|tier|[Gen 9] VGC 2024 Reg G\n|rated|\n|rule|Species Clause: Limit one of each Pok\u00e9mon\n|rule|Item Clause: Limit one of each item\n|clearpoke\n|poke|p1|Dondozo, L50, M|\n|poke|p1|Tatsugiri, L50, F|\n|poke|p1|Glimmora, L50, F|\n|poke|p1|Farigiraf, L50, F|\n|poke|p1|Volcarona, L50, F|\n|poke|p1|Lunala, L50|\n|poke|p2|Miraidon, L50|\n|poke|p2|Ogerpon-Hearthflame, L50, F|\n|poke|p2|Iron Hands, L50|\n|poke|p2|Grimmsnarl, L50, M|\n|poke|p2|Farigiraf, L50, F|\n|poke|p2|Urshifu-*, L50, M|\n|teampreview|4\n|inactive|Battle timer is ON: inactive players will automatically lose when time's up. (requested by Pauliet123)\n|\n|t:|1721336431\n|start\n|switch|p1a: Lunala|Lunala, L50|100\/100\n|switch|p1b: Glimmora|Glimmora, L50, F|100\/100\n|switch|p2a: Miraidon|Miraidon, L50|100\/100\n|switch|p2b: Grimmsnarl|Grimmsnarl, L50, M|100\/100\n|-fieldstart|move: Electric Terrain|[from] ability: Hadron Engine|[of] p2a: Miraidon\n|turn|1\n|\n|t:|1721336446\n|move|p2b: Grimmsnarl|Light Screen|p2b: Grimmsnarl\n|-sidestart|p2: Popcorn25|move: Light Screen\n|move|p2a: Miraidon|Volt Switch|p1a: Lunala\n|-damage|p1a: Lunala|61\/100\n|\n|t:|1721336453\n|switch|p2a: Iron Hands|Iron Hands, L50|100\/100|[from] Volt Switch\n|-activate|p2a: Iron Hands|ability: Quark Drive\n|-start|p2a: Iron Hands|quarkdriveatk\n|move|p1b: Glimmora|Mortal Spin|p2b: Grimmsnarl|[spread] p2a,p2b\n|-supereffective|p2b: Grimmsnarl\n|-damage|p2a: Iron Hands|97\/100\n|-damage|p2b: Grimmsnarl|91\/100\n|-status|p2a: Iron Hands|psn\n|-status|p2b: Grimmsnarl|psn\n|move|p1a: Lunala|Meteor Beam||[still]\n|-prepare|p1a: Lunala|Meteor Beam\n|-boost|p1a: Lunala|spa|1\n|-enditem|p1a: Lunala|Power Herb\n|-anim|p1a: Lunala|Meteor Beam|p2a: Iron Hands\n|-resisted|p2a: Iron Hands\n|-damage|p2a: Iron Hands|81\/100 psn\n|\n|-damage|p2b: Grimmsnarl|79\/100 psn|[from] psn\n|-damage|p2a: Iron Hands|69\/100 psn|[from] psn\n|upkeep\n|turn|2\n|inactive|Pauliet123 has 30 seconds left.\n|\n|t:|1721336485\n|move|p1b: Glimmora|Sludge Bomb|p2b: Grimmsnarl\n|-supereffective|p2b: Grimmsnarl\n|-damage|p2b: Grimmsnarl|14\/100 psn\n|move|p2b: Grimmsnarl|Spirit Break|p1a: Lunala\n|-damage|p1a: Lunala|37\/100\n|-unboost|p1a: Lunala|spa|1\n|move|p2a: Iron Hands|Drain Punch|p1b: Glimmora\n|-damage|p1b: Glimmora|25\/100\n|-heal|p2a: Iron Hands|93\/100 psn|[from] drain|[of] p1b: Glimmora\n|-activate|p1b: Glimmora|ability: Toxic Debris\n|-sidestart|p2: Popcorn25|move: Toxic Spikes\n|move|p1a: Lunala|Trick Room|p1a: Lunala\n|-fieldstart|move: Trick Room|[of] p1a: Lunala\n|\n|-damage|p2a: Iron Hands|80\/100 psn|[from] psn\n|-damage|p2b: Grimmsnarl|2\/100 psn|[from] psn\n|upkeep\n|turn|3\n|inactive|Pauliet123 has 30 seconds left.\n|inactive|Popcorn25 has 30 seconds left.\n|\n|t:|1721336513\n|move|p2b: Grimmsnarl|Light Screen||[still]\n|-fail|p2b: Grimmsnarl\n|move|p2a: Iron Hands|Drain Punch|p1b: Glimmora\n|-damage|p1b: Glimmora|0 fnt\n|-heal|p2a: Iron Hands|88\/100 psn|[from] drain|[of] p1b: Glimmora\n|-activate|p1b: Glimmora|ability: Toxic Debris\n|-sidestart|p2: Popcorn25|move: Toxic Spikes\n|faint|p1b: Glimmora\n|move|p1a: Lunala|Meteor Beam||[still]\n|-prepare|p1a: Lunala|Meteor Beam\n|-boost|p1a: Lunala|spa|1\n|\n|-damage|p2a: Iron Hands|76\/100 psn|[from] psn\n|-damage|p2b: Grimmsnarl|0 fnt|[from] psn\n|faint|p2b: Grimmsnarl\n|upkeep\n|\n|t:|1721336520\n|switch|p2b: Ogerpon|Ogerpon-Hearthflame, L50, F|100\/100\n|switch|p1b: Dondozo|Dondozo, L50, M|100\/100\n|-status|p2b: Ogerpon|tox\n|-ability|p2b: Ogerpon|Mold Breaker\n|turn|4\n|\n|t:|1721336534\n|move|p1b: Dondozo|Protect|p1b: Dondozo\n|-singleturn|p1b: Dondozo|Protect\n|move|p2b: Ogerpon|Spiky Shield|p2b: Ogerpon\n|-singleturn|p2b: Ogerpon|move: Protect\n|move|p2a: Iron Hands|Wild Charge|p1a: Lunala\n|-damage|p1a: Lunala|0 fnt\n|faint|p1a: Lunala\n|-damage|p2a: Iron Hands|67\/100 psn|[from] Recoil\n|\n|-damage|p2a: Iron Hands|55\/100 psn|[from] psn\n|-damage|p2b: Ogerpon|94\/100 tox|[from] psn\n|upkeep\n|\n|t:|1721336539\n|switch|p1a: Tatsugiri|Tatsugiri, L50, F|100\/100\n|-activate|p1a: Tatsugiri|ability: Commander|[of] p1b: Dondozo\n|-boost|p1b: Dondozo|atk|2\n|-boost|p1b: Dondozo|spa|2\n|-boost|p1b: Dondozo|spe|2\n|-boost|p1b: Dondozo|def|2\n|-boost|p1b: Dondozo|spd|2\n|turn|5\n|\n|t:|1721336558\n|-terastallize|p1b: Dondozo|Grass\n|move|p2a: Iron Hands|Wild Charge|p1b: Dondozo\n|-resisted|p1b: Dondozo\n|-damage|p1b: Dondozo|84\/100\n|-damage|p2a: Iron Hands|51\/100 psn|[from] Recoil\n|move|p2b: Ogerpon|Horn Leech|p1b: Dondozo\n|-resisted|p1b: Dondozo\n|-damage|p1b: Dondozo|76\/100\n|-heal|p2b: Ogerpon|100\/100 tox|[from] drain|[of] p1b: Dondozo\n|move|p1b: Dondozo|Earthquake|p2a: Iron Hands|[spread] p2a,p2b\n|-miss|p1b: Dondozo|p1a: Tatsugiri\n|-supereffective|p2a: Iron Hands\n|-damage|p2a: Iron Hands|0 fnt\n|-damage|p2b: Ogerpon|41\/100 tox\n|faint|p2a: Iron Hands\n|-end|p2a: Iron Hands|Quark Drive|[silent]\n|\n|-heal|p1b: Dondozo|82\/100|[from] item: Leftovers\n|-damage|p2b: Ogerpon|29\/100 tox|[from] psn\n|-fieldend|move: Electric Terrain\n|upkeep\n|\n|t:|1721336562\n|switch|p2a: Miraidon|Miraidon, L50|100\/100\n|-status|p2a: Miraidon|tox\n|-fieldstart|move: Electric Terrain|[from] ability: Hadron Engine|[of] p2a: Miraidon\n|turn|6\n|\n|t:|1721336585\n|-terastallize|p2a: Miraidon|Fairy\n|move|p1b: Dondozo|Protect|p1b: Dondozo\n|-singleturn|p1b: Dondozo|Protect\n|move|p2b: Ogerpon|Ivy Cudgel|p1b: Dondozo|[anim] Ivy Cudgel Fire\n|-activate|p1b: Dondozo|move: Protect\n|move|p2a: Miraidon|Dazzling Gleam|p1a: Tatsugiri|[spread] \n|-miss|p2a: Miraidon|p1a: Tatsugiri\n|-activate|p1b: Dondozo|move: Protect\n|\n|-heal|p1b: Dondozo|88\/100|[from] item: Leftovers\n|-damage|p2b: Ogerpon|10\/100 tox|[from] psn\n|-damage|p2a: Miraidon|95\/100 tox|[from] psn\n|-fieldend|move: Trick Room\n|upkeep\n|turn|7\n|\n|t:|1721336592\n|move|p2a: Miraidon|Dazzling Gleam|p1b: Dondozo|[spread] p1b\n|-miss|p2a: Miraidon|p1a: Tatsugiri\n|-damage|p1b: Dondozo|47\/100\n|move|p1b: Dondozo|Earthquake|p2b: Ogerpon|[spread] p2a,p2b\n|-miss|p1b: Dondozo|p1a: Tatsugiri\n|-crit|p2b: Ogerpon\n|-damage|p2a: Miraidon|43\/100 tox\n|-damage|p2b: Ogerpon|0 fnt\n|faint|p2b: Ogerpon\n|\n|-heal|p1b: Dondozo|53\/100|[from] item: Leftovers\n|-damage|p2a: Miraidon|31\/100 tox|[from] psn\n|upkeep\n|turn|8\n|\n|t:|1721336605\n|move|p1b: Dondozo|Protect|p1b: Dondozo\n|-singleturn|p1b: Dondozo|Protect\n|move|p2a: Miraidon|Dazzling Gleam|p1a: Tatsugiri|[spread] \n|-miss|p2a: Miraidon|p1a: Tatsugiri\n|-activate|p1b: Dondozo|move: Protect\n|\n|-heal|p1b: Dondozo|59\/100|[from] item: Leftovers\n|-damage|p2a: Miraidon|14\/100 tox|[from] psn\n|-sideend|p2: Popcorn25|move: Light Screen\n|upkeep\n|turn|9\n|\n|t:|1721336613\n|move|p2a: Miraidon|Dazzling Gleam|p1a: Tatsugiri|[spread] p1b\n|-miss|p2a: Miraidon|p1a: Tatsugiri\n|-damage|p1b: Dondozo|19\/100\n|move|p1b: Dondozo|Wave Crash|p2a: Miraidon\n|-damage|p2a: Miraidon|0 fnt\n|faint|p2a: Miraidon\n|-damage|p1b: Dondozo|16\/100|[from] Recoil\n|\n|win|Pauliet123\n|raw|Pauliet123's rating: 1694 &rarr; <strong>1717<\/strong><br \/>(+23 for winning)\n|raw|Popcorn25's rating: 1747 &rarr; <strong>1724<\/strong><br \/>(-23 for losing)\n|c|\u2606Pauliet123|GG\n|l|\u2606Popcorn25\n|player|p2|\n|l|\u2606Pauliet123\n|player|p1|\n","uploadtime":1721336877,"views":15,"formatid":"gen9vgc2024regg","rating":1717,"private":0,"password":null}