{"id":"gen9vgc2024regg-2163685202","format":"[Gen 9] VGC 2024 Reg G","players":["SubToPenglin","Djjwjwwjj"],"log":"|j|\u2606SubToPenglin\n|j|\u2606Djjwjwwjj\n|t:|1721393190\n|gametype|doubles\n|player|p1|SubToPenglin|dawn-gen4pt|1722\n|player|p2|Djjwjwwjj|169|1758\n|teamsize|p1|6\n|teamsize|p2|6\n|gen|9\n|tier|[Gen 9] VGC 2024 Reg G\n|rated|\n|rule|Species Clause: Limit one of each Pok\u00e9mon\n|rule|Item Clause: Limit one of each item\n|clearpoke\n|poke|p1|Comfey, L50, M|\n|poke|p1|Terapagos, L50, M|\n|poke|p1|Tornadus, L50, M|\n|poke|p1|Ogerpon-Cornerstone, L50, F|\n|poke|p1|Magmar, L50, M|\n|poke|p1|Tsareena, L50, F|\n|poke|p2|Palafin, L50, F|\n|poke|p2|Calyrex-Shadow, L50|\n|poke|p2|Incineroar, L50, F|\n|poke|p2|Pelipper, L50, F|\n|poke|p2|Rillaboom, L50, M|\n|poke|p2|Maushold-Four, L50|\n|teampreview|4\n|inactive|Battle timer is ON: inactive players will automatically lose when time's up. (requested by SubToPenglin)\n|j| tinyblack98\n|\n|t:|1721393218\n|start\n|switch|p1a: Terapagos|Terapagos, L50, M|100\/100\n|switch|p1b: Tornadus|Tornadus, L50, M|100\/100\n|switch|p2a: Maushold|Maushold-Four, L50|100\/100\n|switch|p2b: Calyrex|Calyrex-Shadow, L50|100\/100\n|-ability|p2b: Calyrex|As One\n|-ability|p2b: Calyrex|Unnerve\n|-activate|p1a: Terapagos|ability: Tera Shift\n|detailschange|p1a: Terapagos|Terapagos-Terastal, L50, M\n|-heal|p1a: Terapagos|100\/100|[silent]\n|turn|1\n|inactive|Djjwjwwjj has 30 seconds left.\n|\n|t:|1721393243\n|move|p2b: Calyrex|Protect|p2b: Calyrex\n|-singleturn|p2b: Calyrex|Protect\n|move|p1b: Tornadus|Taunt|p2b: Calyrex\n|-activate|p2b: Calyrex|move: Protect\n|move|p2a: Maushold|Taunt|p1a: Terapagos\n|-start|p1a: Terapagos|move: Taunt\n|cant|p1a: Terapagos|move: Taunt|Calm Mind\n|\n|upkeep\n|turn|2\n|\n|t:|1721393263\n|-terastallize|p1a: Terapagos|Stellar\n|detailschange|p1a: Terapagos|Terapagos-Stellar, L50, M, tera:Stellar\n|-heal|p1a: Terapagos|100\/100|[silent]\n|move|p2a: Maushold|Follow Me|p2a: Maushold\n|-singleturn|p2a: Maushold|move: Follow Me\n|move|p1b: Tornadus|Tailwind|p1b: Tornadus\n|-sidestart|p1: SubToPenglin|move: Tailwind\n|move|p1a: Terapagos|Tera Starstorm|p2a: Maushold|[spread] p2a,p2b\n|-damage|p2a: Maushold|62\/100\n|-damage|p2b: Calyrex|77\/100\n|move|p2b: Calyrex|Calm Mind|p2b: Calyrex\n|-boost|p2b: Calyrex|spa|1\n|-boost|p2b: Calyrex|spd|1\n|\n|upkeep\n|turn|3\n|inactive|Djjwjwwjj has 30 seconds left.\n|\n|t:|1721393293\n|move|p2a: Maushold|Follow Me|p2a: Maushold\n|-singleturn|p2a: Maushold|move: Follow Me\n|move|p1b: Tornadus|Bleakwind Storm|p2b: Calyrex|[spread] p2a,p2b\n|-damage|p2a: Maushold|25\/100\n|-damage|p2b: Calyrex|63\/100\n|move|p1a: Terapagos|Tera Starstorm|p2a: Maushold|[spread] p2a,p2b\n|-damage|p2a: Maushold|0 fnt\n|-damage|p2b: Calyrex|45\/100\n|faint|p2a: Maushold\n|move|p2b: Calyrex|Calm Mind|p2b: Calyrex\n|-boost|p2b: Calyrex|spa|1\n|-boost|p2b: Calyrex|spd|1\n|\n|-end|p1a: Terapagos|move: Taunt\n|upkeep\n|\n|t:|1721393317\n|switch|p2a: Incineroar|Incineroar, L50, F|100\/100\n|-ability|p2a: Incineroar|Intimidate|boost\n|-fail|p1a: Terapagos|unboost|[from] item: Clear Amulet|[of] p1a: Terapagos\n|-unboost|p1b: Tornadus|atk|1\n|turn|4\n|\n|t:|1721393329\n|move|p2a: Incineroar|Fake Out|p1a: Terapagos\n|-damage|p1a: Terapagos|94\/100\n|move|p1b: Tornadus|Icy Wind|p2b: Calyrex|[spread] p2a,p2b\n|-resisted|p2a: Incineroar\n|-damage|p2a: Incineroar|96\/100\n|-damage|p2b: Calyrex|41\/100\n|-unboost|p2a: Incineroar|spe|1\n|cant|p1a: Terapagos|flinch\n|move|p2b: Calyrex|Draining Kiss|p1b: Tornadus\n|-damage|p1b: Tornadus|53\/100\n|-heal|p2b: Calyrex|69\/100|[from] drain|[of] p1b: Tornadus\n|\n|upkeep\n|turn|5\n|\n|t:|1721393351\n|-terastallize|p2b: Calyrex|Fairy\n|move|p1b: Tornadus|Taunt|p2b: Calyrex\n|-start|p2b: Calyrex|move: Taunt\n|move|p1a: Terapagos|Calm Mind|p1a: Terapagos\n|-boost|p1a: Terapagos|spa|1\n|-boost|p1a: Terapagos|spd|1\n|move|p2b: Calyrex|Draining Kiss|p1b: Tornadus\n|-damage|p1b: Tornadus|0 fnt\n|-heal|p2b: Calyrex|100\/100|[from] drain|[of] p1b: Tornadus\n|faint|p1b: Tornadus\n|-ability|p2b: Calyrex|Grim Neigh|boost\n|-boost|p2b: Calyrex|spa|1\n|move|p2a: Incineroar|Knock Off|p1a: Terapagos\n|-damage|p1a: Terapagos|70\/100\n|-enditem|p1a: Terapagos|Clear Amulet|[from] move: Knock Off|[of] p2a: Incineroar\n|\n|-sideend|p1: SubToPenglin|move: Tailwind\n|upkeep\n|\n|t:|1721393362\n|switch|p1b: Ogerpon|Ogerpon-Cornerstone, L50, F|100\/100\n|turn|6\n|inactive|Djjwjwwjj has 30 seconds left.\n|inactive|Djjwjwwjj has 20 seconds left.\n|\n|t:|1721393402\n|move|p2b: Calyrex|Draining Kiss|p1a: Terapagos\n|-damage|p1a: Terapagos|39\/100\n|move|p1b: Ogerpon|Ivy Cudgel|p2b: Calyrex|[anim] Ivy Cudgel Rock\n|-damage|p2b: Calyrex|52\/100\n|move|p1a: Terapagos|Tera Starstorm|p2b: Calyrex|[spread] p2a,p2b\n|-supereffective|p2b: Calyrex\n|-damage|p2a: Incineroar|56\/100\n|-damage|p2b: Calyrex|1\/100\n|move|p2a: Incineroar|Parting Shot|p1a: Terapagos\n|-unboost|p1a: Terapagos|atk|1\n|-unboost|p1a: Terapagos|spa|1\n|\n|t:|1721393414\n|switch|p2a: Pelipper|Pelipper, L50, F|100\/100|[from] Parting Shot\n|-weather|RainDance|[from] ability: Drizzle|[of] p2a: Pelipper\n|\n|-weather|RainDance|[upkeep]\n|upkeep\n|turn|7\n|inactive|Djjwjwwjj has 30 seconds left.\n|inactive|Djjwjwwjj has 20 seconds left.\n|inactive|Djjwjwwjj has 15 seconds left.\n|inactive|Djjwjwwjj has 10 seconds left.\n|inactive|Djjwjwwjj has 5 seconds left.\n|\n|t:|1721393467\n|switch|p2b: Incineroar|Incineroar, L50, F|56\/100\n|-ability|p2b: Incineroar|Intimidate|boost\n|-unboost|p1a: Terapagos|atk|1\n|-unboost|p1b: Ogerpon|atk|1\n|move|p1b: Ogerpon|Spiky Shield|p1b: Ogerpon\n|-singleturn|p1b: Ogerpon|move: Protect\n|move|p1a: Terapagos|Earth Power|p2b: Incineroar\n|-supereffective|p2b: Incineroar\n|-damage|p2b: Incineroar|3\/100\n|move|p2a: Pelipper|Hurricane|p1b: Ogerpon\n|-activate|p1b: Ogerpon|move: Protect\n|\n|-weather|RainDance|[upkeep]\n|upkeep\n|turn|8\n|inactive|Djjwjwwjj has 30 seconds left.\n|inactive|Djjwjwwjj has 20 seconds left.\n|inactive|Djjwjwwjj has 15 seconds left.\n|\n|t:|1721393508\n|switch|p1b: Comfey|Comfey, L50, M, shiny|100\/100\n|move|p2b: Incineroar|Fake Out|p1b: Comfey\n|-crit|p1b: Comfey\n|-damage|p1b: Comfey|84\/100\n|move|p1a: Terapagos|Tera Starstorm|p2a: Pelipper|[spread] p2a,p2b\n|-damage|p2a: Pelipper|53\/100\n|-damage|p2b: Incineroar|0 fnt\n|faint|p2b: Incineroar\n|move|p2a: Pelipper|Weather Ball|p2: Incineroar|[notarget]\n|-fail|p2a: Pelipper\n|\n|-weather|RainDance|[upkeep]\n|upkeep\n|\n|t:|1721393523\n|switch|p2b: Calyrex|Calyrex-Shadow, L50, tera:Fairy|1\/100\n|-ability|p2b: Calyrex|As One\n|-ability|p2b: Calyrex|Unnerve\n|turn|9\n|-message|Djjwjwwjj forfeited.\n|\n|win|SubToPenglin\n|raw|SubToPenglin's rating: 1722 &rarr; <strong>1744<\/strong><br \/>(+22 for winning)\n|raw|Djjwjwwjj's rating: 1758 &rarr; <strong>1736<\/strong><br \/>(-22 for losing)\n|l|\u2606SubToPenglin\n|player|p1|\n|l| tinyblack98\n","uploadtime":1721393782,"views":29,"formatid":"gen9vgc2024regg","rating":1736,"private":0,"password":null}