{"id":"gen9vgc2024regg-2163189661","format":"[Gen 9] VGC 2024 Reg G","players":["miraidnyan","rexonagirl"],"log":"|j|\u2606miraidnyan\n|j|\u2606rexonagirl\n|t:|1721319947\n|gametype|doubles\n|player|p1|miraidnyan|marley|1755\n|player|p2|rexonagirl|grimsley-masters|1661\n|teamsize|p1|6\n|teamsize|p2|6\n|gen|9\n|tier|[Gen 9] VGC 2024 Reg G\n|rated|\n|rule|Species Clause: Limit one of each Pok\u00e9mon\n|rule|Item Clause: Limit one of each item\n|clearpoke\n|poke|p1|Miraidon, L50|\n|poke|p1|Farigiraf, L50, F|\n|poke|p1|Iron Hands, L50|\n|poke|p1|Urshifu-*, L50, M|\n|poke|p1|Iron Moth, L50|\n|poke|p1|Whimsicott, L50, M|\n|poke|p2|Tornadus, L50, M|\n|poke|p2|Chi-Yu, L50|\n|poke|p2|Calyrex-Shadow, L50|\n|poke|p2|Indeedee-F, L50, F|\n|poke|p2|Flutter Mane, L50|\n|poke|p2|Urshifu-*, L50, M|\n|teampreview|4\n|inactive|Battle timer is ON: inactive players will automatically lose when time's up. (requested by rexonagirl)\n|inactive|miraidnyan also wants the timer to be on.\n|j| bluestraggler01\n|inactive|miraidnyan has 60 seconds left.\n|\n|t:|1721319981\n|start\n|switch|p1a: Whimsicott|Whimsicott, L50, M|100\/100\n|switch|p1b: Miraidon|Miraidon, L50|100\/100\n|switch|p2a: Flutter Mane|Flutter Mane, L50|100\/100\n|switch|p2b: Chi-Yu|Chi-Yu, L50|100\/100\n|-fieldstart|move: Electric Terrain|[from] ability: Hadron Engine|[of] p1b: Miraidon\n|-ability|p2b: Chi-Yu|Beads of Ruin\n|-enditem|p2a: Flutter Mane|Booster Energy\n|-activate|p2a: Flutter Mane|ability: Protosynthesis|[fromitem]\n|-start|p2a: Flutter Mane|protosynthesisspe\n|turn|1\n|inactive|miraidnyan has 30 seconds left.\n|\n|t:|1721320014\n|switch|p2b: Indeedee|Indeedee-F, L50, F|100\/100\n|-fieldstart|move: Psychic Terrain|[from] ability: Psychic Surge|[of] p2b: Indeedee\n|-terastallize|p1b: Miraidon|Electric\n|move|p1a: Whimsicott|Tailwind|p1a: Whimsicott\n|-sidestart|p1: miraidnyan|move: Tailwind\n|move|p1b: Miraidon|Electro Drift|p2b: Indeedee\n|-damage|p2b: Indeedee|0 fnt\n|-damage|p1b: Miraidon|84\/100|[from] item: Rocky Helmet|[of] p2b: Indeedee\n|faint|p2b: Indeedee\n|move|p2a: Flutter Mane|Icy Wind|p1a: Whimsicott|[spread] p1a,p1b\n|-supereffective|p1a: Whimsicott\n|-damage|p1a: Whimsicott|67\/100\n|-damage|p1b: Miraidon|72\/100\n|-unboost|p1b: Miraidon|spe|1\n|\n|upkeep\n|\n|t:|1721320030\n|switch|p2b: Calyrex|Calyrex-Shadow, L50|100\/100\n|-ability|p2b: Calyrex|As One\n|-ability|p2b: Calyrex|Unnerve\n|turn|2\n|\n|t:|1721320044\n|switch|p1b: Farigiraf|Farigiraf, L50, F|100\/100\n|move|p1a: Whimsicott|Moonblast|p2b: Calyrex\n|-damage|p2b: Calyrex|68\/100\n|move|p2a: Flutter Mane|Icy Wind|p1b: Farigiraf|[spread] p1a,p1b\n|-supereffective|p1a: Whimsicott\n|-damage|p1a: Whimsicott|31\/100\n|-damage|p1b: Farigiraf|86\/100\n|-unboost|p1b: Farigiraf|spe|1\n|move|p2b: Calyrex|Expanding Force|p1a: Whimsicott|[spread] p1a,p1b\n|-resisted|p1b: Farigiraf\n|-damage|p1a: Whimsicott|0 fnt\n|-damage|p1b: Farigiraf|53\/100\n|faint|p1a: Whimsicott\n|-ability|p2b: Calyrex|Grim Neigh|boost\n|-boost|p2b: Calyrex|spa|1\n|\n|upkeep\n|\n|t:|1721320051\n|switch|p1a: Miraidon|Miraidon, L50, tera:Electric|72\/100\n|-fieldstart|move: Electric Terrain|[from] ability: Hadron Engine|[of] p1a: Miraidon\n|-enditem|p1b: Farigiraf|Electric Seed\n|-boost|p1b: Farigiraf|def|1|[from] item: Electric Seed\n|turn|3\n|inactive|miraidnyan has 30 seconds left.\n|\n|t:|1721320082\n|move|p2b: Calyrex|Protect|p2b: Calyrex\n|-singleturn|p2b: Calyrex|Protect\n|move|p1a: Miraidon|Volt Switch|p2b: Calyrex\n|-activate|p2b: Calyrex|move: Protect\n|move|p2a: Flutter Mane|Icy Wind|p1a: Miraidon|[spread] p1a,p1b\n|-damage|p1a: Miraidon|60\/100\n|-damage|p1b: Farigiraf|39\/100\n|-unboost|p1a: Miraidon|spe|1\n|-unboost|p1b: Farigiraf|spe|1\n|move|p1b: Farigiraf|Trick Room|p1b: Farigiraf\n|-fieldstart|move: Trick Room|[of] p1b: Farigiraf\n|\n|upkeep\n|turn|4\n|\n|t:|1721320107\n|switch|p1a: Urshifu|Urshifu, L50, M|100\/100\n|move|p1b: Farigiraf|Foul Play|p2b: Calyrex\n|-supereffective|p2b: Calyrex\n|-damage|p2b: Calyrex|0 fnt\n|faint|p2b: Calyrex\n|move|p2a: Flutter Mane|Moonblast|p1b: Farigiraf\n|-damage|p1b: Farigiraf|0 fnt\n|faint|p1b: Farigiraf\n|\n|-sideend|p1: miraidnyan|move: Tailwind\n|upkeep\n|\n|t:|1721320112\n|switch|p1b: Miraidon|Miraidon, L50, tera:Electric|60\/100\n|switch|p2b: Chi-Yu|Chi-Yu, L50|100\/100\n|-ability|p2b: Chi-Yu|Beads of Ruin\n|-activate|p1b: Miraidon|ability: Hadron Engine\n|turn|5\n|\n|t:|1721320124\n|move|p1a: Urshifu|Wicked Blow|p2b: Chi-Yu\n|-resisted|p2b: Chi-Yu\n|-crit|p2b: Chi-Yu\n|-damage|p2b: Chi-Yu|52\/100\n|move|p2b: Chi-Yu|Heat Wave|p1a: Urshifu|[spread] p1a,p1b\n|-enditem|p1a: Urshifu|Focus Sash\n|-damage|p1a: Urshifu|1\/100\n|-damage|p1b: Miraidon|0 fnt\n|faint|p1b: Miraidon\n|move|p2a: Flutter Mane|Moonblast|p1a: Urshifu\n|-supereffective|p1a: Urshifu\n|-damage|p1a: Urshifu|0 fnt\n|faint|p1a: Urshifu\n|\n|win|rexonagirl\n|raw|miraidnyan's rating: 1755 &rarr; <strong>1730<\/strong><br \/>(-25 for losing)\n|raw|rexonagirl's rating: 1661 &rarr; <strong>1686<\/strong><br \/>(+25 for winning)\n|l|\u2606miraidnyan\n|player|p1|\n","uploadtime":1721320295,"views":12,"formatid":"gen9vgc2024regg","rating":1686,"private":0,"password":null}