{"id":"gen9vgc2024regg-2164936196","format":"[Gen 9] VGC 2024 Reg G","players":["josephbanananas","Dathluke"],"log":"|j|\u2606josephbanananas\n|j|\u2606Dathluke\n|t:|1721588338\n|gametype|doubles\n|player|p1|josephbanananas|266|1763\n|player|p2|Dathluke|larry|1755\n|teamsize|p1|6\n|teamsize|p2|6\n|gen|9\n|tier|[Gen 9] VGC 2024 Reg G\n|rated|\n|rule|Species Clause: Limit one of each Pok\u00e9mon\n|rule|Item Clause: Limit one of each item\n|clearpoke\n|poke|p1|Zamazenta-*, L50|\n|poke|p1|Iron Moth, L50|\n|poke|p1|Rillaboom, L50, M|\n|poke|p1|Chien-Pao, L50|\n|poke|p1|Pelipper, L50, F|\n|poke|p1|Farigiraf, L50, M|\n|poke|p2|Flutter Mane, L50|\n|poke|p2|Zamazenta-*, L50|\n|poke|p2|Urshifu-*, L50, F|\n|poke|p2|Rillaboom, L50, F|\n|poke|p2|Entei, L50|\n|poke|p2|Chien-Pao, L50|\n|teampreview|4\nDathluke has agreed to open team sheets.\n|inactive|Battle timer is ON: inactive players will automatically lose when time's up. (requested by Dathluke)\njosephbanananas has agreed to open team sheets.\n|inactive|josephbanananas has 30 seconds left.\n|inactive|Dathluke has 30 seconds left.\n|inactive|josephbanananas has 20 seconds left.\n|inactive|josephbanananas has 15 seconds left.\n|inactive|josephbanananas has 10 seconds left.\n|\n|t:|1721588403\n|start\n|switch|p1a: Zamazenta|Zamazenta-Crowned, L50|100\/100\n|switch|p1b: Iron Moth|Iron Moth, L50|100\/100\n|switch|p2a: Urshifu|Urshifu-Rapid-Strike, L50, F|100\/100\n|switch|p2b: Entei|Entei, L50|100\/100\n|-ability|p1a: Zamazenta|Dauntless Shield|boost\n|-boost|p1a: Zamazenta|def|1\n|-enditem|p1b: Iron Moth|Booster Energy\n|-activate|p1b: Iron Moth|ability: Quark Drive|[fromitem]\n|-start|p1b: Iron Moth|quarkdrivespe\n|turn|1\n|\n|t:|1721588425\n|-terastallize|p1b: Iron Moth|Grass\n|move|p1a: Zamazenta|Protect|p1a: Zamazenta\n|-singleturn|p1a: Zamazenta|Protect\n|move|p1b: Iron Moth|Energy Ball|p2a: Urshifu\n|-supereffective|p2a: Urshifu\n|-damage|p2a: Urshifu|0 fnt\n|faint|p2a: Urshifu\n|move|p2b: Entei|Sacred Fire|p1a: Zamazenta\n|-activate|p1a: Zamazenta|move: Protect\n|\n|upkeep\n|\n|t:|1721588432\n|switch|p2a: Zamazenta|Zamazenta-Crowned, L50|100\/100\n|-ability|p2a: Zamazenta|Dauntless Shield|boost\n|-boost|p2a: Zamazenta|def|1\n|turn|2\n|\n|t:|1721588447\n|move|p1b: Iron Moth|Protect|p1b: Iron Moth\n|-singleturn|p1b: Iron Moth|Protect\n|move|p2a: Zamazenta|Protect|p2a: Zamazenta\n|-singleturn|p2a: Zamazenta|Protect\n|move|p1a: Zamazenta|Body Press|p2b: Entei\n|-damage|p2b: Entei|37\/100\n|move|p2b: Entei|Sacred Fire|p1b: Iron Moth\n|-activate|p1b: Iron Moth|move: Protect\n|\n|upkeep\n|turn|3\n|\n|t:|1721588460\n|-terastallize|p2a: Zamazenta|Grass\n|move|p2b: Entei|Extreme Speed|p1b: Iron Moth\n|-damage|p1b: Iron Moth|59\/100\n|move|p1b: Iron Moth|Flamethrower|p2a: Zamazenta\n|-supereffective|p2a: Zamazenta\n|-damage|p2a: Zamazenta|44\/100\n|-status|p2a: Zamazenta|brn\n|move|p2a: Zamazenta|Body Press|p1a: Zamazenta\n|-supereffective|p1a: Zamazenta\n|-damage|p1a: Zamazenta|74\/100\n|move|p1a: Zamazenta|Body Press|p2b: Entei\n|-damage|p2b: Entei|0 fnt\n|faint|p2b: Entei\n|\n|-damage|p2a: Zamazenta|37\/100 brn|[from] brn\n|upkeep\n|\n|t:|1721588470\n|switch|p2b: Flutter Mane|Flutter Mane, L50|100\/100\n|-enditem|p2b: Flutter Mane|Booster Energy\n|-activate|p2b: Flutter Mane|ability: Protosynthesis|[fromitem]\n|-start|p2b: Flutter Mane|protosynthesisspe\n|turn|4\n|\n|t:|1721588487\n|move|p2b: Flutter Mane|Moonblast|p1b: Iron Moth\n|-crit|p1b: Iron Moth\n|-damage|p1b: Iron Moth|0 fnt\n|faint|p1b: Iron Moth\n|-end|p1b: Iron Moth|Quark Drive|[silent]\n|move|p2a: Zamazenta|Body Press|p1a: Zamazenta\n|-supereffective|p1a: Zamazenta\n|-damage|p1a: Zamazenta|47\/100\n|move|p1a: Zamazenta|Heavy Slam|p2b: Flutter Mane\n|-supereffective|p2b: Flutter Mane\n|-damage|p2b: Flutter Mane|0 fnt\n|faint|p2b: Flutter Mane\n|-end|p2b: Flutter Mane|Protosynthesis|[silent]\n|\n|-damage|p2a: Zamazenta|31\/100 brn|[from] brn\n|upkeep\n|\n|t:|1721588492\n|switch|p1b: Chien-Pao|Chien-Pao, L50|100\/100\n|-ability|p1b: Chien-Pao|Sword of Ruin\n|turn|5\n|-message|Dathluke forfeited.\n|\n|win|josephbanananas\n|raw|josephbanananas's rating: 1763 &rarr; <strong>1783<\/strong><br \/>(+20 for winning)\n|raw|Dathluke's rating: 1755 &rarr; <strong>1735<\/strong><br \/>(-20 for losing)\n|l|\u2606Dathluke\n|player|p2|\n|c|\u2606josephbanananas|gg wp\n","uploadtime":1721588673,"views":37,"formatid":"gen9vgc2024regg","rating":1735,"private":0,"password":null}