{"id":"gen9vgc2024regg-2164435289","format":"[Gen 9] VGC 2024 Reg G","players":["xAkaza","Axep91"],"log":"|j|\u2606xAkaza\n|j|\u2606Axep91\n|t:|1721506472\n|gametype|doubles\n|player|p1|xAkaza|102|1701\n|player|p2|Axep91|101|1694\n|teamsize|p1|6\n|teamsize|p2|6\n|gen|9\n|tier|[Gen 9] VGC 2024 Reg G\n|rated|\n|rule|Species Clause: Limit one of each Pok\u00e9mon\n|rule|Item Clause: Limit one of each item\n|clearpoke\n|poke|p1|Zacian-*, L50|\n|poke|p1|Gallade, L50, M|\n|poke|p1|Kingambit, L50, F|\n|poke|p1|Ogerpon-Wellspring, L50, F|\n|poke|p1|Chi-Yu, L50|\n|poke|p1|Thundurus, L50, M|\n|poke|p2|Raging Bolt, L50|\n|poke|p2|Terapagos, L50, M|\n|poke|p2|Rillaboom, L50, F|\n|poke|p2|Urshifu-*, L50, M|\n|poke|p2|Grimmsnarl, L50, M|\n|poke|p2|Clefairy, L50, F|\n|teampreview|4\n|inactive|Battle timer is ON: inactive players will automatically lose when time's up. (requested by Axep91)\n|\n|t:|1721506509\n|start\n|switch|p1a: Zacian|Zacian-Crowned, L50|100\/100\n|switch|p1b: Chi-Yu|Chi-Yu, L50|100\/100\n|switch|p2a: Grimmsnarl|Grimmsnarl, L50, M|100\/100\n|switch|p2b: Urshifu|Urshifu-Rapid-Strike, L50, M|100\/100\n|-ability|p1b: Chi-Yu|Beads of Ruin\n|-ability|p1a: Zacian|Intrepid Sword|boost\n|-boost|p1a: Zacian|atk|1\n|turn|1\n|\n|t:|1721506533\n|move|p2a: Grimmsnarl|Thunder Wave|p1a: Zacian\n|-status|p1a: Zacian|par\n|move|p1b: Chi-Yu|Heat Wave|p2a: Grimmsnarl|[spread] p2b\n|-miss|p1b: Chi-Yu|p2a: Grimmsnarl\n|-resisted|p2b: Urshifu\n|-damage|p2b: Urshifu|60\/100\n|move|p2b: Urshifu|Surging Strikes|p1b: Chi-Yu\n|-supereffective|p1b: Chi-Yu\n|-crit|p1b: Chi-Yu\n|-damage|p1b: Chi-Yu|39\/100\n|-supereffective|p1b: Chi-Yu\n|-crit|p1b: Chi-Yu\n|-damage|p1b: Chi-Yu|0 fnt\n|faint|p1b: Chi-Yu\n|-hitcount|p1: Chi-Yu|2\n|move|p1a: Zacian|Play Rough|p2b: Urshifu\n|-supereffective|p2b: Urshifu\n|-damage|p2b: Urshifu|0 fnt\n|faint|p2b: Urshifu\n|\n|upkeep\n|\n|t:|1721506553\n|switch|p1b: Kingambit|Kingambit, L50, F|100\/100\n|switch|p2b: Terapagos|Terapagos, L50, M|100\/100\n|-activate|p2b: Terapagos|ability: Tera Shift\n|detailschange|p2b: Terapagos|Terapagos-Terastal, L50, M\n|-heal|p2b: Terapagos|100\/100|[silent]\n|turn|2\n|\n|t:|1721506577\n|-terastallize|p2b: Terapagos|Stellar\n|detailschange|p2b: Terapagos|Terapagos-Stellar, L50, M, tera:Stellar\n|-heal|p2b: Terapagos|100\/100|[silent]\n|move|p2a: Grimmsnarl|Reflect|p2a: Grimmsnarl\n|-sidestart|p2: Axep91|Reflect\n|move|p2b: Terapagos|Tera Starstorm|p1b: Kingambit|[spread] p1a,p1b\n|-damage|p1a: Zacian|56\/100 par\n|-damage|p1b: Kingambit|66\/100\n|move|p1a: Zacian|Substitute|p1a: Zacian\n|-start|p1a: Zacian|Substitute\n|-damage|p1a: Zacian|32\/100 par\n|move|p1b: Kingambit|Iron Head|p2a: Grimmsnarl\n|-supereffective|p2a: Grimmsnarl\n|-damage|p2a: Grimmsnarl|45\/100\n|\n|upkeep\n|turn|3\n|\n|t:|1721506598\n|move|p1a: Zacian|Protect|p1a: Zacian\n|-singleturn|p1a: Zacian|Protect\n|move|p2b: Terapagos|Tera Starstorm|p1a: Zacian|[spread] p1b\n|-activate|p1a: Zacian|move: Protect\n|-damage|p1b: Kingambit|28\/100\n|move|p2a: Grimmsnarl|Foul Play|p1b: Kingambit\n|-resisted|p1b: Kingambit\n|-damage|p1b: Kingambit|6\/100\n|move|p1b: Kingambit|Iron Head|p2a: Grimmsnarl\n|-supereffective|p2a: Grimmsnarl\n|-damage|p2a: Grimmsnarl|0 fnt\n|faint|p2a: Grimmsnarl\n|\n|upkeep\n|\n|t:|1721506612\n|switch|p2a: Clefairy|Clefairy, L50, F|100\/100\n|turn|4\n|\n|t:|1721506626\n|switch|p1b: Gallade|Gallade, L50, M|100\/100\n|move|p2a: Clefairy|Protect|p2a: Clefairy\n|-singleturn|p2a: Clefairy|Protect\n|move|p2b: Terapagos|Tera Starstorm|p1a: Zacian|[spread] p1a,p1b\n|-end|p1a: Zacian|Substitute\n|-damage|p1b: Gallade|39\/100\n|move|p1a: Zacian|Behemoth Blade|p2a: Clefairy\n|-activate|p2a: Clefairy|move: Protect\n|\n|upkeep\n|turn|5\n|\n|t:|1721506646\n|move|p1b: Gallade|Wide Guard|p1b: Gallade\n|-singleturn|p1b: Gallade|Wide Guard\n|move|p2b: Terapagos|Tera Starstorm|p1a: Zacian|[spread] \n|-activate|p1a: Zacian|move: Wide Guard\n|-activate|p1b: Gallade|move: Wide Guard\n|move|p1a: Zacian|Behemoth Blade|p2a: Clefairy\n|-supereffective|p2a: Clefairy\n|-damage|p2a: Clefairy|0 fnt\n|faint|p2a: Clefairy\n|\n|upkeep\n|turn|6\n|c|\u2606xAkaza|gg\n|\n|t:|1721506658\n|move|p1b: Gallade|Wide Guard|p1b: Gallade\n|-singleturn|p1b: Gallade|Wide Guard\n|move|p2b: Terapagos|Tera Starstorm|p1b: Gallade|[spread] \n|-activate|p1a: Zacian|move: Wide Guard\n|-activate|p1b: Gallade|move: Wide Guard\n|move|p1a: Zacian|Behemoth Blade|p2b: Terapagos\n|-damage|p2b: Terapagos|64\/100\n|\n|upkeep\n|turn|7\n|\n|t:|1721506669\n|move|p1b: Gallade|Wide Guard|p1b: Gallade\n|-singleturn|p1b: Gallade|Wide Guard\n|move|p2b: Terapagos|Tera Starstorm|p1a: Zacian|[spread] \n|-activate|p1a: Zacian|move: Wide Guard\n|-activate|p1b: Gallade|move: Wide Guard\n|move|p1a: Zacian|Behemoth Blade|p2b: Terapagos\n|-crit|p2b: Terapagos\n|-damage|p2b: Terapagos|0 fnt\n|faint|p2b: Terapagos\n|\n|win|xAkaza\n|raw|xAkaza's rating: 1701 &rarr; <strong>1721<\/strong><br \/>(+20 for winning)\n|raw|Axep91's rating: 1694 &rarr; <strong>1674<\/strong><br \/>(-20 for losing)\n|l|\u2606Axep91\n|player|p2|\n|l|\u2606xAkaza\n|player|p1|\n","uploadtime":1721506909,"views":9,"formatid":"gen9vgc2024regg","rating":1674,"private":0,"password":null}