{"id":"gen9vgc2024regg-2164943018","format":"[Gen 9] VGC 2024 Reg G","players":["Dathluke","Therazer456"],"log":"|j|\u2606Dathluke\n|j|\u2606Therazer456\n|t:|1721589196\n|gametype|doubles\n|player|p1|Dathluke|larry|1731\n|player|p2|Therazer456|ghetsis|1725\n|teamsize|p1|6\n|teamsize|p2|6\n|gen|9\n|tier|[Gen 9] VGC 2024 Reg G\n|rated|\n|rule|Species Clause: Limit one of each Pok\u00e9mon\n|rule|Item Clause: Limit one of each item\n|clearpoke\n|poke|p1|Flutter Mane, L50|\n|poke|p1|Zamazenta-*, L50|\n|poke|p1|Urshifu-*, L50, F|\n|poke|p1|Rillaboom, L50, M|\n|poke|p1|Entei, L50|\n|poke|p1|Chien-Pao, L50|\n|poke|p2|Calyrex-Ice, L50|\n|poke|p2|Porygon2, L50|\n|poke|p2|Raging Bolt, L50|\n|poke|p2|Incineroar, L50, M|\n|poke|p2|Iron Jugulis, L50|\n|poke|p2|Amoonguss, L50, M|\n|teampreview|4\nDathluke has agreed to open team sheets.\n|inactive|Battle timer is ON: inactive players will automatically lose when time's up. (requested by Dathluke)\n|\n|t:|1721589220\n|start\n|switch|p1a: Urshifu|Urshifu-Rapid-Strike, L50, F|100\/100\n|switch|p1b: Entei|Entei, L50|100\/100\n|switch|p2a: Robin|Iron Jugulis, L50, shiny|100\/100\n|switch|p2b: Rosette|Amoonguss, L50, M, shiny|100\/100\n|-enditem|p2a: Robin|Booster Energy\n|-activate|p2a: Robin|ability: Quark Drive|[fromitem]\n|-start|p2a: Robin|quarkdrivespe\n|turn|1\n|\n|t:|1721589230\n|switch|p1a: Zamazenta|Zamazenta-Crowned, L50|100\/100\n|-ability|p1a: Zamazenta|Dauntless Shield|boost\n|-boost|p1a: Zamazenta|def|1\n|switch|p2b: Orion|Incineroar, L50, M, shiny|100\/100\n|-ability|p2b: Orion|Intimidate|boost\n|-unboost|p1a: Zamazenta|atk|1\n|-fail|p1b: Entei|unboost|Attack|[from] ability: Inner Focus|[of] p1b: Entei\n|move|p2a: Robin|Air Slash|p1a: Zamazenta|[miss]\n|-miss|p2a: Robin|p1a: Zamazenta\n|move|p1b: Entei|Sacred Fire|p2b: Orion\n|-resisted|p2b: Orion\n|-damage|p2b: Orion|76\/100\n|\n|upkeep\n|turn|2\n|\n|t:|1721589247\n|move|p1a: Zamazenta|Protect|p1a: Zamazenta\n|-singleturn|p1a: Zamazenta|Protect\n|move|p2a: Robin|Taunt|p1a: Zamazenta\n|-activate|p1a: Zamazenta|move: Protect\n|move|p1b: Entei|Sacred Fire|p2a: Robin\n|-damage|p2a: Robin|48\/100\n|-status|p2a: Robin|brn\n|move|p2b: Orion|Knock Off|p1b: Entei\n|-damage|p1b: Entei|58\/100\n|-enditem|p1b: Entei|Safety Goggles|[from] move: Knock Off|[of] p2b: Orion\n|\n|-damage|p2a: Robin|42\/100 brn|[from] brn\n|upkeep\n|turn|3\n|\n|t:|1721589269\n|switch|p2b: Rosette|Amoonguss, L50, M, shiny|100\/100\n|move|p2a: Robin|Taunt|p1a: Zamazenta\n|-start|p1a: Zamazenta|move: Taunt\n|move|p1a: Zamazenta|Body Press|p2a: Robin\n|-damage|p2a: Robin|0 fnt\n|faint|p2a: Robin\n|-end|p2a: Robin|Quark Drive|[silent]\n|move|p1b: Entei|Stomping Tantrum|p2b: Rosette\n|-damage|p2b: Rosette|80\/100\n|\n|upkeep\n|\n|t:|1721589273\n|switch|p2a: Wreath|Calyrex-Ice, L50|100\/100\n|-ability|p2a: Wreath|As One\n|-ability|p2a: Wreath|Unnerve\n|turn|4\n|\n|t:|1721589282\n|-terastallize|p2a: Wreath|Fire\n|move|p1a: Zamazenta|Body Press|p2a: Wreath\n|-damage|p2a: Wreath|61\/100\n|move|p1b: Entei|Sacred Fire|p2a: Wreath\n|-resisted|p2a: Wreath\n|-damage|p2a: Wreath|47\/100\n|move|p2b: Rosette|Spore|p1a: Zamazenta\n|-status|p1a: Zamazenta|slp|[from] move: Spore\n|move|p2a: Wreath|Trick Room|p2a: Wreath\n|-fieldstart|move: Trick Room|[of] p2a: Wreath\n|\n|upkeep\n|turn|5\n|\n|t:|1721589295\n|move|p1b: Entei|Protect|p1b: Entei\n|-singleturn|p1b: Entei|Protect\n|move|p2b: Rosette|Pollen Puff|p2a: Wreath\n|-heal|p2a: Wreath|97\/100\n|move|p2a: Wreath|High Horsepower|p1b: Entei\n|-activate|p1b: Entei|move: Protect\n|cant|p1a: Zamazenta|slp\n|\n|-end|p1a: Zamazenta|move: Taunt\n|upkeep\n|turn|6\n|\n|t:|1721589306\n|-terastallize|p1b: Entei|Normal\n|move|p1b: Entei|Extreme Speed|p2b: Rosette\n|-damage|p2b: Rosette|47\/100\n|move|p2b: Rosette|Spore|p1b: Entei\n|-status|p1b: Entei|slp|[from] move: Spore\n|move|p2a: Wreath|Glacial Lance|p1b: Entei|[spread] p1a,p1b\n|-resisted|p1a: Zamazenta\n|-damage|p1a: Zamazenta|91\/100 slp\n|-damage|p1b: Entei|8\/100 slp\n|-curestatus|p1a: Zamazenta|slp|[msg]\n|move|p1a: Zamazenta|Body Press|p2a: Wreath\n|-damage|p2a: Wreath|58\/100\n|\n|upkeep\n|turn|7\n|\n|t:|1721589322\n|switch|p1b: Urshifu|Urshifu-Rapid-Strike, L50, F|100\/100\n|move|p1a: Zamazenta|Protect|p1a: Zamazenta\n|-singleturn|p1a: Zamazenta|Protect\n|move|p2b: Rosette|Pollen Puff|p2a: Wreath\n|-heal|p2a: Wreath|100\/100\n|move|p2a: Wreath|High Horsepower|p1b: Urshifu\n|-damage|p1b: Urshifu|60\/100\n|\n|upkeep\n|turn|8\n|\n|t:|1721589338\n|move|p2b: Rosette|Spore|p1b: Urshifu\n|-status|p1b: Urshifu|slp|[from] move: Spore\n|move|p2a: Wreath|Glacial Lance|p1a: Zamazenta|[spread] p1a,p1b\n|-resisted|p1a: Zamazenta\n|-resisted|p1b: Urshifu\n|-damage|p1a: Zamazenta|81\/100\n|-damage|p1b: Urshifu|31\/100 slp\n|move|p1a: Zamazenta|Body Press|p2a: Wreath\n|-damage|p2a: Wreath|64\/100\n|cant|p1b: Urshifu|slp\n|\n|-fieldend|move: Trick Room\n|upkeep\n|turn|9\n|\n|t:|1721589361\n|switch|p2b: Orion|Incineroar, L50, M, shiny|76\/100\n|-ability|p2b: Orion|Intimidate|boost\n|-unboost|p1a: Zamazenta|atk|1\n|-unboost|p1b: Urshifu|atk|1\n|cant|p1b: Urshifu|slp\n|move|p1a: Zamazenta|Body Press|p2a: Wreath\n|-damage|p2a: Wreath|28\/100\n|move|p2a: Wreath|Trick Room|p2a: Wreath\n|-fieldstart|move: Trick Room|[of] p2a: Wreath\n|\n|upkeep\n|turn|10\n|\n|t:|1721589381\n|switch|p2a: Rosette|Amoonguss, L50, M, shiny|80\/100\n|move|p1a: Zamazenta|Wide Guard|p1a: Zamazenta\n|-singleturn|p1a: Zamazenta|Wide Guard\n|move|p2b: Orion|Flare Blitz|p1b: Urshifu\n|-resisted|p1b: Urshifu\n|-damage|p1b: Urshifu|4\/100 slp\n|-damage|p2b: Orion|68\/100|[from] Recoil\n|cant|p1b: Urshifu|slp\n|\n|upkeep\n|turn|11\n|\n|t:|1721589393\n|move|p1a: Zamazenta|Protect||[still]\n|-fail|p1a: Zamazenta\n|move|p2a: Rosette|Spore|p1a: Zamazenta\n|-status|p1a: Zamazenta|slp|[from] move: Spore\n|move|p2b: Orion|Knock Off|p1b: Urshifu\n|-resisted|p1b: Urshifu\n|-damage|p1b: Urshifu|0 fnt\n|-enditem|p1b: Urshifu|Choice Scarf|[from] move: Knock Off|[of] p2b: Orion\n|faint|p1b: Urshifu\n|\n|upkeep\n|\n|t:|1721589399\n|switch|p1b: Entei|Entei, L50, tera:Normal|8\/100 slp\n|turn|12\n|\n|t:|1721589407\n|move|p2a: Rosette|Pollen Puff|p2b: Orion\n|-heal|p2b: Orion|100\/100\n|move|p2b: Orion|Parting Shot|p1b: Entei\n|-unboost|p1b: Entei|atk|1\n|-unboost|p1b: Entei|spa|1\n|\n|t:|1721589409\n|switch|p2b: Wreath|Calyrex-Ice, L50, tera:Fire|28\/100|[from] Parting Shot\n|-ability|p2b: Wreath|As One\n|-ability|p2b: Wreath|Unnerve\n|cant|p1b: Entei|slp\n|cant|p1a: Zamazenta|slp\n|\n|upkeep\n|turn|13\n|\n|t:|1721589419\n|cant|p1a: Zamazenta|slp\n|-curestatus|p1b: Entei|slp|[msg]\n|move|p1b: Entei|Extreme Speed|p2b: Wreath\n|-damage|p2b: Wreath|12\/100\n|move|p2a: Rosette|Pollen Puff|p2b: Wreath\n|-heal|p2b: Wreath|61\/100\n|move|p2b: Wreath|Glacial Lance|p1a: Zamazenta|[spread] p1a,p1b\n|-resisted|p1a: Zamazenta\n|-crit|p1b: Entei\n|-damage|p1a: Zamazenta|71\/100 slp\n|-damage|p1b: Entei|0 fnt\n|faint|p1b: Entei\n|-ability|p2b: Wreath|Chilling Neigh|boost\n|-boost|p2b: Wreath|atk|1\n|\n|-fieldend|move: Trick Room\n|upkeep\n|\n|t:|1721589427\n|switch|p1b: Chien-Pao|Chien-Pao, L50|100\/100\n|-ability|p1b: Chien-Pao|Sword of Ruin\n|turn|14\n|\n|t:|1721589437\n|move|p2a: Rosette|Rage Powder|p2a: Rosette\n|-singleturn|p2a: Rosette|move: Rage Powder\n|move|p1b: Chien-Pao|Icicle Crash|p2a: Rosette\n|-supereffective|p2a: Rosette\n|-damage|p2a: Rosette|0 fnt\n|faint|p2a: Rosette\n|cant|p1a: Zamazenta|slp\n|move|p2b: Wreath|Trick Room|p2b: Wreath\n|-fieldstart|move: Trick Room|[of] p2b: Wreath\n|\n|upkeep\n|\n|t:|1721589441\n|switch|p2a: Orion|Incineroar, L50, M, shiny|100\/100\n|-ability|p2a: Orion|Intimidate|boost\n|-unboost|p1a: Zamazenta|atk|1\n|-unboost|p1b: Chien-Pao|atk|1\n|turn|15\n|\n|t:|1721589454\n|-curestatus|p1a: Zamazenta|slp|[msg]\n|move|p1a: Zamazenta|Protect|p1a: Zamazenta\n|-singleturn|p1a: Zamazenta|Protect\n|move|p2a: Orion|Fake Out|p1a: Zamazenta\n|-activate|p1a: Zamazenta|move: Protect\n|move|p2b: Wreath|Glacial Lance|p1b: Chien-Pao|[spread] p1b\n|-activate|p1a: Zamazenta|move: Protect\n|-resisted|p1b: Chien-Pao\n|-damage|p1b: Chien-Pao|45\/100\n|move|p1b: Chien-Pao|Throat Chop|p2b: Wreath\n|-damage|p2b: Wreath|41\/100\n|-start|p2b: Wreath|Throat Chop|[silent]\n|\n|upkeep\n|turn|16\n|\n|t:|1721589472\n|move|p1b: Chien-Pao|Sucker Punch|p2b: Wreath\n|-damage|p2b: Wreath|22\/100\n|move|p2b: Wreath|High Horsepower|p1a: Zamazenta\n|-supereffective|p1a: Zamazenta\n|-damage|p1a: Zamazenta|12\/100\n|move|p2a: Orion|Flare Blitz|p1a: Zamazenta\n|-supereffective|p1a: Zamazenta\n|-damage|p1a: Zamazenta|0 fnt\n|faint|p1a: Zamazenta\n|-damage|p2a: Orion|96\/100|[from] Recoil\n|\n|-end|p2b: Wreath|Throat Chop|[silent]\n|upkeep\n|turn|17\n|-message|Dathluke forfeited.\n|\n|win|Therazer456\n|raw|Dathluke's rating: 1731 &rarr; <strong>1711<\/strong><br \/>(-20 for losing)\n|raw|Therazer456's rating: 1725 &rarr; <strong>1745<\/strong><br \/>(+20 for winning)\n|l|\u2606Dathluke\n|player|p1|\n|l|\u2606Therazer456\n|player|p2|\n","uploadtime":1721589649,"views":42,"formatid":"gen9vgc2024regg","rating":1711,"private":0,"password":null}