{"id":"gen9vgc2024regg-2164192300","format":"[Gen 9] VGC 2024 Reg G","players":["tuanzai233","ZiFishA"],"log":"|j|\u2606tuanzai233\n|j|\u2606ZiFishA\n|t:|1721469167\n|gametype|doubles\n|player|p1|tuanzai233|102|1795\n|player|p2|ZiFishA|hilda-masters3|1651\n|teamsize|p1|6\n|teamsize|p2|6\n|gen|9\n|tier|[Gen 9] VGC 2024 Reg G\n|rated|\n|rule|Species Clause: Limit one of each Pok\u00e9mon\n|rule|Item Clause: Limit one of each item\n|clearpoke\n|poke|p1|Indeedee-F, L50, F|\n|poke|p1|Torkoal, L50, M|\n|poke|p1|Calyrex-Ice, L50|\n|poke|p1|Annihilape, L50, M|\n|poke|p1|Urshifu-*, L50, M|\n|poke|p1|Brute Bonnet, L50|\n|poke|p2|Koraidon, L50|\n|poke|p2|Whimsicott, L50, M|\n|poke|p2|Gothitelle, L50, F|\n|poke|p2|Chi-Yu, L50|\n|poke|p2|Raging Bolt, L50|\n|poke|p2|Flutter Mane, L50|\n|teampreview|4\n|inactive|Battle timer is ON: inactive players will automatically lose when time's up. (requested by tuanzai233)\n|\n|t:|1721469209\n|start\n|switch|p1a: Calyrex|Calyrex-Ice, L50|100\/100\n|switch|p1b: Brute Bonnet|Brute Bonnet, L50, shiny|100\/100\n|switch|p2a: Gothitelle|Gothitelle, L50, F|100\/100\n|switch|p2b: Flutter Mane|Flutter Mane, L50|100\/100\n|-ability|p1a: Calyrex|As One\n|-ability|p1a: Calyrex|Unnerve\n|-item|p1a: Calyrex|Clear Amulet|[from] ability: Frisk|[of] p2a: Gothitelle|[identify]\n|-item|p1b: Brute Bonnet|Sitrus Berry|[from] ability: Frisk|[of] p2a: Gothitelle|[identify]\n|turn|1\n|inactive|tuanzai233 has 30 seconds left.\n|\n|t:|1721469234\n|-terastallize|p1a: Calyrex|Fire\n|move|p2a: Gothitelle|Fake Out|p1a: Calyrex\n|-damage|p1a: Calyrex|97\/100\n|move|p2b: Flutter Mane|Moonblast|p1b: Brute Bonnet\n|-supereffective|p1b: Brute Bonnet\n|-damage|p1b: Brute Bonnet|0 fnt\n|faint|p1b: Brute Bonnet\n|-end|p1b: Brute Bonnet|Protosynthesis|[silent]\n|cant|p1a: Calyrex|flinch\n|\n|upkeep\n|\n|t:|1721469242\n|switch|p1b: Indeedee|Indeedee-F, L50, F|100\/100\n|-fieldstart|move: Psychic Terrain|[from] ability: Psychic Surge|[of] p1b: Indeedee\n|turn|2\n|\n|t:|1721469261\n|move|p2b: Flutter Mane|Moonblast|p1b: Indeedee\n|-damage|p1b: Indeedee|27\/100\n|move|p2a: Gothitelle|Taunt|p1b: Indeedee\n|-start|p1b: Indeedee|move: Taunt\n|move|p1a: Calyrex|Glacial Lance|p2b: Flutter Mane|[spread] p2a,p2b\n|-damage|p2a: Gothitelle|44\/100\n|-damage|p2b: Flutter Mane|0 fnt\n|faint|p2b: Flutter Mane\n|-end|p2b: Flutter Mane|Protosynthesis|[silent]\n|-ability|p1a: Calyrex|Chilling Neigh|boost\n|-boost|p1a: Calyrex|atk|1\n|cant|p1b: Indeedee|move: Taunt|Trick Room\n|\n|upkeep\n|\n|t:|1721469278\n|switch|p2b: Chi-Yu|Chi-Yu, L50|100\/100\n|-ability|p2b: Chi-Yu|Beads of Ruin\n|turn|3\n|j| Therazer456\n|\n|t:|1721469295\n|move|p2b: Chi-Yu|Snarl|p1a: Calyrex|[spread] p1a,p1b\n|-supereffective|p1b: Indeedee\n|-damage|p1a: Calyrex|76\/100\n|-damage|p1b: Indeedee|0 fnt\n|faint|p1b: Indeedee\n|move|p2a: Gothitelle|Foul Play|p1a: Calyrex\n|-damage|p1a: Calyrex|37\/100\n|move|p1a: Calyrex|High Horsepower|p2b: Chi-Yu\n|-supereffective|p2b: Chi-Yu\n|-damage|p2b: Chi-Yu|0 fnt\n|faint|p2b: Chi-Yu\n|-ability|p1a: Calyrex|Chilling Neigh|boost\n|-boost|p1a: Calyrex|atk|1\n|\n|upkeep\n|\n|t:|1721469307\n|switch|p2b: Koraidon|Koraidon, L50|100\/100\n|switch|p1b: Torkoal|Torkoal, L50, M|100\/100\n|-weather|SunnyDay|[from] ability: Orichalcum Pulse|[of] p2b: Koraidon\n|-activate|p2b: Koraidon|Orichalcum Pulse|[source]\n|turn|4\n|\n|t:|1721469331\n|-terastallize|p2b: Koraidon|Fire\n|move|p1a: Calyrex|Protect|p1a: Calyrex\n|-singleturn|p1a: Calyrex|Protect\n|move|p2b: Koraidon|Collision Course|p1b: Torkoal\n|-damage|p1b: Torkoal|46\/100\n|move|p2a: Gothitelle|Foul Play|p1a: Calyrex\n|-activate|p1a: Calyrex|move: Protect\n|move|p1b: Torkoal|Weather Ball|p2a: Gothitelle\n|-crit|p2a: Gothitelle\n|-damage|p2a: Gothitelle|0 fnt\n|faint|p2a: Gothitelle\n|\n|-weather|SunnyDay|[upkeep]\n|upkeep\n|turn|5\n|j| poolsideguy\n|\n|t:|1721469349\n|move|p2b: Koraidon|Scale Shot|p1a: Calyrex\n|-damage|p1a: Calyrex|25\/100\n|-damage|p1a: Calyrex|12\/100\n|-damage|p1a: Calyrex|0 fnt\n|faint|p1a: Calyrex\n|-hitcount|p1: Calyrex|3\n|-unboost|p2b: Koraidon|def|1\n|-boost|p2b: Koraidon|spe|1\n|move|p1b: Torkoal|Earth Power|p2b: Koraidon\n|-supereffective|p2b: Koraidon\n|-damage|p2b: Koraidon|53\/100\n|\n|-weather|SunnyDay|[upkeep]\n|upkeep\n|turn|6\n|-message|tuanzai233 forfeited.\n|\n|win|ZiFishA\n|raw|tuanzai233's rating: 1795 &rarr; <strong>1767<\/strong><br \/>(-28 for losing)\n|raw|ZiFishA's rating: 1651 &rarr; <strong>1679<\/strong><br \/>(+28 for winning)\n|l|\u2606tuanzai233\n|player|p1|\n|l|\u2606ZiFishA\n|player|p2|\n|l| poolsideguy\n","uploadtime":1721469527,"views":16,"formatid":"gen9vgc2024regg","rating":1679,"private":0,"password":null}