{"id":"gen9vgc2024regg-2164994504","format":"[Gen 9] VGC 2024 Reg G","players":["actuary97","SubToPenglin"],"log":"|j|\u2606actuary97\n|j|\u2606SubToPenglin\n|t:|1721595570\n|gametype|doubles\n|player|p1|actuary97|sabrina-lgpe|1716\n|player|p2|SubToPenglin|dawn-gen4pt|1768\n|teamsize|p1|6\n|teamsize|p2|6\n|gen|9\n|tier|[Gen 9] VGC 2024 Reg G\n|rated|\n|rule|Species Clause: Limit one of each Pok\u00e9mon\n|rule|Item Clause: Limit one of each item\n|clearpoke\n|poke|p1|Basculegion, L50, M|\n|poke|p1|Incineroar, L50, M|\n|poke|p1|Rillaboom, L50, F|\n|poke|p1|Kyogre, L50|\n|poke|p1|Grimmsnarl, L50, M|\n|poke|p1|Tornadus, L50, M|\n|poke|p2|Comfey, L50, F|\n|poke|p2|Terapagos, L50, M|\n|poke|p2|Tornadus, L50, M|\n|poke|p2|Ogerpon-Cornerstone, L50, F|\n|poke|p2|Magmar, L50, M|\n|poke|p2|Raichu, L50, F|\n|teampreview|4\n|inactive|Battle timer is ON: inactive players will automatically lose when time's up. (requested by SubToPenglin)\nactuary97 has agreed to open team sheets.\n|c|\u2606actuary97|cool team\n|c|\u2606SubToPenglin|thx\n|c|\u2606SubToPenglin|its the terapenglin team :>\n|c|\u2606actuary97|is he a youtuber\n|inactive|actuary97 has 60 seconds left.\n|c|\u2606SubToPenglin|yes\n|c|\u2606actuary97|item on pagos?\n|c|\u2606SubToPenglin|clear am\n|j| BreadTest\n|c|\u2606actuary97|thanks\n|c|\u2606SubToPenglin|its on penglin twitter\n|inactive|actuary97 has 30 seconds left.\n|c|\u2606SubToPenglin|@ThePenglin\n|\n|t:|1721595634\n|start\n|switch|p1a: Incineroar|Incineroar, L50, M, shiny|100\/100\n|switch|p1b: Grimmsnarl|Grimmsnarl, L50, M, shiny|100\/100\n|switch|p2a: Terapagos|Terapagos, L50, M|100\/100\n|switch|p2b: Ogerpon|Ogerpon-Cornerstone, L50, F|100\/100\n|-activate|p2a: Terapagos|ability: Tera Shift\n|detailschange|p2a: Terapagos|Terapagos-Terastal, L50, M\n|-heal|p2a: Terapagos|100\/100|[silent]\n|-ability|p1a: Incineroar|Intimidate|boost\n|-fail|p2a: Terapagos|unboost|[from] item: Clear Amulet|[of] p2a: Terapagos\n|-unboost|p2b: Ogerpon|atk|1\n|turn|1\n|c|\u2606actuary97|gotcha, thanks\n|inactive|actuary97 has 30 seconds left.\n|inactive|actuary97 has 20 seconds left.\n|\n|t:|1721595670\n|switch|p2b: Raichu|Raichu, L50, F, shiny|100\/100\n|move|p1b: Grimmsnarl|Thunder Wave|p2b: Raichu\n|-ability|p2b: Raichu|Lightning Rod|boost\n|-boost|p2b: Raichu|spa|1\n|move|p2a: Terapagos|Calm Mind|p2a: Terapagos\n|-boost|p2a: Terapagos|spa|1\n|-boost|p2a: Terapagos|spd|1\n|move|p1a: Incineroar|Knock Off|p2a: Terapagos\n|-activate|p2a: Terapagos|ability: Tera Shell\n|-resisted|p2a: Terapagos\n|-damage|p2a: Terapagos|85\/100\n|-enditem|p2a: Terapagos|Clear Amulet|[from] move: Knock Off|[of] p1a: Incineroar\n|\n|upkeep\n|turn|2\n|\n|t:|1721595690\n|move|p2b: Raichu|Fake Out|p1a: Incineroar\n|-damage|p1a: Incineroar|93\/100\n|move|p1b: Grimmsnarl|Light Screen|p1b: Grimmsnarl\n|-sidestart|p1: actuary97|move: Light Screen\n|move|p2a: Terapagos|Calm Mind|p2a: Terapagos\n|-boost|p2a: Terapagos|spa|1\n|-boost|p2a: Terapagos|spd|1\n|cant|p1a: Incineroar|flinch\n|\n|upkeep\n|turn|3\n|\n|t:|1721595711\n|move|p2a: Terapagos|Protect|p2a: Terapagos\n|-singleturn|p2a: Terapagos|Protect\n|move|p1b: Grimmsnarl|Parting Shot|p2a: Terapagos\n|-activate|p2a: Terapagos|move: Protect\n|move|p2b: Raichu|Endeavor|p1a: Incineroar\n|-damage|p1a: Incineroar|73\/100\n|move|p1a: Incineroar|Parting Shot|p2a: Terapagos\n|-activate|p2a: Terapagos|move: Protect\n|\n|upkeep\n|turn|4\n|inactive|SubToPenglin has 30 seconds left.\n|j| asdasdasas\n|\n|t:|1721595742\n|-terastallize|p2a: Terapagos|Stellar\n|detailschange|p2a: Terapagos|Terapagos-Stellar, L50, M, tera:Stellar\n|-heal|p2a: Terapagos|89\/100|[silent]\n|move|p2b: Raichu|Nuzzle|p1b: Grimmsnarl\n|-crit|p1b: Grimmsnarl\n|-damage|p1b: Grimmsnarl|90\/100\n|-status|p1b: Grimmsnarl|par\n|move|p2a: Terapagos|Earth Power|p1a: Incineroar\n|-supereffective|p1a: Incineroar\n|-damage|p1a: Incineroar|0 fnt\n|faint|p1a: Incineroar\n|cant|p1b: Grimmsnarl|par\n|\n|upkeep\n|\n|t:|1721595752\n|switch|p1a: Kyogre|Kyogre, L50, shiny|100\/100\n|-weather|RainDance|[from] ability: Drizzle|[of] p1a: Kyogre\n|turn|5\n|l|asdasdasas\n|j| PalWorldBettaBitch\n|\n|t:|1721595768\n|move|p2b: Raichu|Nuzzle|p1a: Kyogre\n|-supereffective|p1a: Kyogre\n|-damage|p1a: Kyogre|91\/100\n|move|p2a: Terapagos|Tera Starstorm|p1a: Kyogre|[spread] p1a,p1b\n|-damage|p1a: Kyogre|58\/100\n|-damage|p1b: Grimmsnarl|36\/100 par\n|move|p1a: Kyogre|Calm Mind|p1a: Kyogre\n|-boost|p1a: Kyogre|spa|1\n|-boost|p1a: Kyogre|spd|1\n|cant|p1b: Grimmsnarl|par\n|\n|-weather|RainDance|[upkeep]\n|upkeep\n|turn|6\n|c| PalWorldBettaBitch|this vgc?\n|c| PalWorldBettaBitch|ill be watchin\n|c|\u2606SubToPenglin|yep vgc\n|c| PalWorldBettaBitch|i know what it is bitch\n|\n|t:|1721595789\n|move|p1b: Grimmsnarl|Parting Shot|p2a: Terapagos\n|-unboost|p2a: Terapagos|atk|1\n|-unboost|p2a: Terapagos|spa|1\n|c| PalWorldBettaBitch|u do the playin\n|\n|t:|1721595792\n|switch|p1b: Basculegion|Basculegion, L50, M, shiny|100\/100|[from] Parting Shot\n|move|p2b: Raichu|Volt Switch|p1a: Kyogre\n|-supereffective|p1a: Kyogre\n|-damage|p1a: Kyogre|38\/100\n|c| PalWorldBettaBitch|im commentating\n|\n|t:|1721595799\n|switch|p2b: Ogerpon|Ogerpon-Cornerstone, L50, F|100\/100|[from] Volt Switch\n|move|p2a: Terapagos|Tera Starstorm|p1b: Basculegion|[spread] p1a,p1b\n|-damage|p1a: Kyogre|21\/100\n|-damage|p1b: Basculegion|61\/100\n|move|p1a: Kyogre|Origin Pulse|p2b: Ogerpon|[spread] p2a,p2b\n|-damage|p2a: Terapagos|56\/100\n|-ability|p2b: Ogerpon|Sturdy\n|-damage|p2b: Ogerpon|1\/100\n|\n|-weather|RainDance|[upkeep]\n|upkeep\n|turn|7\n|c| PalWorldBettaBitch|point 1\n|c| PalWorldBettaBitch|nasty ass teams\n|c| PalWorldBettaBitch|hahahaha blud got a magma\n|inactive|actuary97 has 30 seconds left.\n|\n|t:|1721595830\n|move|p2b: Ogerpon|Follow Me|p2b: Ogerpon\n|-singleturn|p2b: Ogerpon|move: Follow Me\n|move|p1b: Basculegion|Flip Turn|p2b: Ogerpon\n|-damage|p2b: Ogerpon|0 fnt\n|faint|p2b: Ogerpon\n|\n|t:|1721595835\n|switch|p1b: Grimmsnarl|Grimmsnarl, L50, M, shiny|36\/100 par|[from] Flip Turn\n|move|p1a: Kyogre|Origin Pulse|p2a: Terapagos\n|-damage|p2a: Terapagos|10\/100\n|move|p2a: Terapagos|Tera Starstorm|p1b: Grimmsnarl|[spread] p1a,p1b\n|-damage|p1a: Kyogre|4\/100\n|-damage|p1b: Grimmsnarl|0 fnt\n|faint|p1b: Grimmsnarl\n|\n|-weather|RainDance|[upkeep]\n|upkeep\n|c| PalWorldBettaBitch|\ud83e\ude78\n|inactive|SubToPenglin has 30 seconds left.\n|c| PalWorldBettaBitch|he got u on the lightning play bitch\n|\n|t:|1721595863\n|switch|p2b: Comfey|Comfey, L50, F, shiny|100\/100\n|switch|p1b: Basculegion|Basculegion, L50, M, shiny|61\/100\n|turn|8\n|c| PalWorldBettaBitch|1-0 penglin\n|c| PalWorldBettaBitch|games ova\n|\n|t:|1721595888\n|move|p2b: Comfey|Protect|p2b: Comfey\n|-singleturn|p2b: Comfey|Protect\n|move|p2a: Terapagos|Protect|p2a: Terapagos\n|-singleturn|p2a: Terapagos|Protect\n|move|p1b: Basculegion|Wave Crash|p2a: Terapagos\n|-activate|p2a: Terapagos|move: Protect\n|move|p1a: Kyogre|Origin Pulse|p2b: Comfey|[spread] \n|-activate|p2a: Terapagos|move: Protect\n|-activate|p2b: Comfey|move: Protect\n|\n|-weather|RainDance|[upkeep]\n|upkeep\n|turn|9\n|c| PalWorldBettaBitch|u guys have to use legends 2 win ?\n|c|\u2606SubToPenglin|speed tie with kyogre if i am reading right lmao\n|\n|t:|1721595913\n|move|p2b: Comfey|Draining Kiss|p1a: Kyogre\n|-crit|p1a: Kyogre\n|-damage|p1a: Kyogre|0 fnt\n|faint|p1a: Kyogre\n|move|p1b: Basculegion|Wave Crash|p2a: Terapagos\n|-damage|p2a: Terapagos|0 fnt\n|faint|p2a: Terapagos\n|-damage|p1b: Basculegion|57\/100|[from] Recoil\n|\n|-weather|none\n|-sideend|p1: actuary97|move: Light Screen\n|upkeep\n|\n|t:|1721595917\n|switch|p2a: Raichu|Raichu, L50, F, shiny|100\/100\n|turn|10\n|\n|t:|1721595923\n|-terastallize|p1b: Basculegion|Ghost\n|move|p2b: Comfey|Draining Kiss|p1b: Basculegion\n|-damage|p1b: Basculegion|38\/100\n|move|p2a: Raichu|Nuzzle|p1b: Basculegion\n|-damage|p1b: Basculegion|30\/100\n|-status|p1b: Basculegion|par\n|move|p1b: Basculegion|Wave Crash|p2a: Raichu\n|-damage|p2a: Raichu|0 fnt\n|faint|p2a: Raichu\n|-damage|p1b: Basculegion|7\/100 par|[from] Recoil\n|\n|upkeep\n|turn|11\n|c|\u2606actuary97|gg\n|\n|t:|1721595932\n|move|p2b: Comfey|Draining Kiss|p1b: Basculegion\n|-damage|p1b: Basculegion|0 fnt\n|faint|p1b: Basculegion\n|\n|win|SubToPenglin\n|raw|actuary97's rating: 1716 &rarr; <strong>1699<\/strong><br \/>(-17 for losing)\n|raw|SubToPenglin's rating: 1768 &rarr; <strong>1785<\/strong><br \/>(+17 for winning)\n|c| PalWorldBettaBitch|blud lost with double kyogre \ud83e\ude78\n|c|\u2606SubToPenglin|gg\n|c| PalWorldBettaBitch|ay\n|c| PalWorldBettaBitch|i face winna\n|c|\u2606SubToPenglin|lmao crazy commentating\n|l|\u2606actuary97\n|player|p1|\n","uploadtime":1721595965,"views":49,"formatid":"gen9vgc2024regg","rating":1699,"private":0,"password":null}