{"id":"gen9vgc2024regg-2164776697","format":"[Gen 9] VGC 2024 Reg G","players":["LONGhq","biei\u2014test"],"log":"|j|\u203dLONGhq\n|j|\u2606biei\u2014test\n|t:|1721566012\n|gametype|doubles\n|player|p1|LONGhq|dawn|1665\n|player|p2|biei\u2014test|lillie-z|1708\n|teamsize|p1|6\n|teamsize|p2|6\n|gen|9\n|tier|[Gen 9] VGC 2024 Reg G\n|rated|\n|rule|Species Clause: Limit one of each Pok\u00e9mon\n|rule|Item Clause: Limit one of each item\n|clearpoke\n|poke|p1|Dondozo, L50, F|\n|poke|p1|Tatsugiri, L50, F|\n|poke|p1|Miraidon, L50|\n|poke|p1|Whimsicott, L50, F|\n|poke|p1|Iron Hands, L50|\n|poke|p1|Chien-Pao, L50|\n|poke|p2|Gloom, L50, F|\n|poke|p2|Armarouge, L50, F|\n|poke|p2|Indeedee-F, L50, F|\n|poke|p2|Dewgong, L50, F|\n|poke|p2|Ting-Lu, L50|\n|poke|p2|Lunala, L50|\n|teampreview|4\n|j| BlastMasterSan\n|\n|t:|1721566047\n|start\n|switch|p1a: Miraidon|Miraidon, L50|100\/100\n|switch|p1b: Chien-Pao|Chien-Pao, L50|100\/100\n|switch|p2a: Dewgong|Dewgong, L50, F|100\/100\n|switch|p2b: Armarouge|Armarouge, L50, F|100\/100\n|-ability|p1b: Chien-Pao|Sword of Ruin\n|-fieldstart|move: Electric Terrain|[from] ability: Hadron Engine|[of] p1a: Miraidon\n|turn|1\n|inactive|Battle timer is ON: inactive players will automatically lose when time's up. (requested by biei\u2014test)\n|\n|t:|1721566069\n|-terastallize|p2b: Armarouge|Fire\n|move|p1b: Chien-Pao|Protect|p1b: Chien-Pao\n|-singleturn|p1b: Chien-Pao|Protect\n|move|p2a: Dewgong|Aqua Jet|p2b: Armarouge\n|-supereffective|p2b: Armarouge\n|-damage|p2b: Armarouge|69\/100\n|-ability|p2b: Armarouge|Weak Armor|boost\n|-unboost|p2b: Armarouge|def|1\n|-boost|p2b: Armarouge|spe|2\n|-enditem|p2b: Armarouge|Weakness Policy\n|-boost|p2b: Armarouge|atk|2|[from] item: Weakness Policy\n|-boost|p2b: Armarouge|spa|2|[from] item: Weakness Policy\n|move|p2b: Armarouge|Stored Power|p1a: Miraidon\n|-damage|p1a: Miraidon|0 fnt\n|faint|p1a: Miraidon\n|\n|upkeep\n|\n|t:|1721566086\n|switch|p1a: Iron Hands|Iron Hands, L50|100\/100\n|-activate|p1a: Iron Hands|ability: Quark Drive\n|-start|p1a: Iron Hands|quarkdriveatk\n|turn|2\n|j| zxc123zxc\n|-activate|p2a: Dewgong|item: Quick Claw\n|\n|t:|1721566109\n|move|p1a: Iron Hands|Fake Out|p2b: Armarouge\n|-damage|p2b: Armarouge|22\/100\n|-ability|p2b: Armarouge|Weak Armor|boost\n|-unboost|p2b: Armarouge|def|1\n|-boost|p2b: Armarouge|spe|2\n|move|p2a: Dewgong|Aqua Jet|p1b: Chien-Pao\n|-damage|p1b: Chien-Pao|87\/100\n|cant|p2b: Armarouge|flinch\n|move|p1b: Chien-Pao|Throat Chop|p2a: Dewgong\n|-damage|p2a: Dewgong|45\/100\n|-start|p2a: Dewgong|Throat Chop|[silent]\n|-damage|p1b: Chien-Pao|77\/100|[from] item: Life Orb\n|\n|upkeep\n|turn|3\n|inactive|LONGhq has 30 seconds left.\n|inactive|biei\u2014test has 30 seconds left.\n|inactive|biei\u2014test has 20 seconds left.\n|-activate|p2a: Dewgong|item: Quick Claw\n|\n|t:|1721566149\n|move|p1b: Chien-Pao|Sucker Punch|p2b: Armarouge\n|-crit|p2b: Armarouge\n|-damage|p2b: Armarouge|0 fnt\n|faint|p2b: Armarouge\n|-damage|p1b: Chien-Pao|68\/100|[from] item: Life Orb\n|move|p2a: Dewgong|Horn Drill|p1a: Iron Hands|[miss]\n|-miss|p2a: Dewgong|p1a: Iron Hands\n|move|p1a: Iron Hands|Wild Charge|p2a: Dewgong\n|-supereffective|p2a: Dewgong\n|-damage|p2a: Dewgong|0 fnt\n|faint|p2a: Dewgong\n|-damage|p1a: Iron Hands|91\/100|[from] Recoil\n|\n|upkeep\n|\n|t:|1721566155\n|switch|p2b: Ting-Lu|Ting-Lu, L50|100\/100\n|switch|p2a: Gloom|Gloom, L50, F|100\/100\n|-ability|p2b: Ting-Lu|Vessel of Ruin\n|turn|4\n|inactive|LONGhq has 30 seconds left.\n|\n|t:|1721566180\n|move|p1b: Chien-Pao|Icicle Crash|p2b: Ting-Lu\n|-supereffective|p2b: Ting-Lu\n|-damage|p2b: Ting-Lu|20\/100\n|-damage|p1b: Chien-Pao|58\/100|[from] item: Life Orb\n|move|p1a: Iron Hands|Drain Punch|p2b: Ting-Lu\n|-supereffective|p2b: Ting-Lu\n|-damage|p2b: Ting-Lu|0 fnt\n|-heal|p1a: Iron Hands|100\/100|[from] drain|[of] p2b: Ting-Lu\n|faint|p2b: Ting-Lu\n|move|p2a: Gloom|Sleep Powder|p1b: Chien-Pao|[miss]\n|-miss|p2a: Gloom|p1b: Chien-Pao\n|\n|upkeep\n|turn|5\n|-message|biei\u2014test forfeited.\n|\n|win|LONGhq\n|raw|LONGhq's rating: 1665 &rarr; <strong>1687<\/strong><br \/>(+22 for winning)\n|raw|biei\u2014test's rating: 1708 &rarr; <strong>1686<\/strong><br \/>(-22 for losing)\n|l|\u2606biei\u2014test\n|player|p2|\n|l|\u203dLONGhq\n|player|p1|\n|l| zxc123zxc\n|l| BlastMasterSan\n","uploadtime":1721566459,"views":19,"formatid":"gen9vgc2024regg","rating":1686,"private":0,"password":null}