{"id":"gen9vgc2024regg-2164105031","format":"[Gen 9] VGC 2024 Reg G","players":["chuanOVO","Wacko789"],"log":"|j|\u2606chuanOVO\n|j|\u2606Wacko789\n|t:|1721450119\n|gametype|doubles\n|player|p1|chuanOVO|n|1732\n|player|p2|Wacko789|flannery|1720\n|teamsize|p1|6\n|teamsize|p2|6\n|gen|9\n|tier|[Gen 9] VGC 2024 Reg G\n|rated|\n|rule|Species Clause: Limit one of each Pok\u00e9mon\n|rule|Item Clause: Limit one of each item\n|clearpoke\n|poke|p1|Miraidon, L50|\n|poke|p1|Urshifu-*, L50, M|\n|poke|p1|Ogerpon-Hearthflame, L50, F|\n|poke|p1|Iron Hands, L50|\n|poke|p1|Farigiraf, L50, M|\n|poke|p1|Ditto, L50|\n|poke|p2|Kyogre, L50|\n|poke|p2|Whimsicott, L50, F|\n|poke|p2|Chien-Pao, L50|\n|poke|p2|Entei, L50|\n|poke|p2|Raikou, L50|\n|poke|p2|Amoonguss, L50, F|\n|teampreview|4\n|inactive|Battle timer is ON: inactive players will automatically lose when time's up. (requested by Wacko789)\n|j| UltimoRyu\n|inactive|chuanOVO has 60 seconds left.\n|\n|t:|1721450158\n|start\n|switch|p1a: Miraidon|Miraidon, L50|100\/100\n|switch|p1b: Farigiraf|Farigiraf, L50, M, shiny|100\/100\n|switch|p2a: Chien-Pao|Chien-Pao, L50|100\/100\n|switch|p2b: Entei|Entei, L50|100\/100\n|-ability|p2a: Chien-Pao|Sword of Ruin\n|-fieldstart|move: Electric Terrain|[from] ability: Hadron Engine|[of] p1a: Miraidon\n|-enditem|p1b: Farigiraf|Electric Seed\n|-boost|p1b: Farigiraf|def|1|[from] item: Electric Seed\n|turn|1\n|inactive|chuanOVO has 30 seconds left.\n|\n|t:|1721450185\n|switch|p2b: Whimsicott|Whimsicott, L50, F|100\/100\n|-terastallize|p1a: Miraidon|Fairy\n|move|p2a: Chien-Pao|Ice Spinner|p1a: Miraidon\n|-damage|p1a: Miraidon|51\/100\n|-fieldend|move: Electric Terrain\n|move|p1a: Miraidon|Electro Drift|p2b: Whimsicott\n|-resisted|p2b: Whimsicott\n|-damage|p2b: Whimsicott|49\/100\n|move|p1b: Farigiraf|Foul Play|p2a: Chien-Pao\n|-resisted|p2a: Chien-Pao\n|-damage|p2a: Chien-Pao|80\/100\n|\n|upkeep\n|turn|2\n|\n|t:|1721450207\n|move|p2a: Chien-Pao|Ice Spinner|p1a: Miraidon\n|-damage|p1a: Miraidon|0 fnt\n|faint|p1a: Miraidon\n|move|p2b: Whimsicott|Moonblast|p1b: Farigiraf\n|-damage|p1b: Farigiraf|70\/100\n|move|p1b: Farigiraf|Trick Room|p1b: Farigiraf\n|-fieldstart|move: Trick Room|[of] p1b: Farigiraf\n|\n|upkeep\n|\n|t:|1721450215\n|switch|p1a: Iron Hands|Iron Hands, L50, shiny|100\/100\n|turn|3\n|inactive|chuanOVO has 30 seconds left.\n|\n|t:|1721450240\n|switch|p1b: Urshifu|Urshifu, L50, M|100\/100\n|move|p2b: Whimsicott|Protect|p2b: Whimsicott\n|-singleturn|p2b: Whimsicott|Protect\n|move|p2a: Chien-Pao|Protect|p2a: Chien-Pao\n|-singleturn|p2a: Chien-Pao|Protect\n|move|p1a: Iron Hands|Heavy Slam|p2b: Whimsicott\n|-activate|p2b: Whimsicott|move: Protect\n|\n|upkeep\n|turn|4\n|inactive|chuanOVO has 30 seconds left.\n|\n|t:|1721450275\n|move|p2b: Whimsicott|Encore|p1a: Iron Hands\n|-start|p1a: Iron Hands|Encore\n|move|p1a: Iron Hands|Heavy Slam|p2b: Whimsicott\n|-supereffective|p2b: Whimsicott\n|-damage|p2b: Whimsicott|0 fnt\n|faint|p2b: Whimsicott\n|move|p1b: Urshifu|Close Combat|p2a: Chien-Pao\n|-supereffective|p2a: Chien-Pao\n|-damage|p2a: Chien-Pao|0 fnt\n|-unboost|p1b: Urshifu|def|1\n|-unboost|p1b: Urshifu|spd|1\n|faint|p2a: Chien-Pao\n|\n|upkeep\n|\n|t:|1721450284\n|switch|p2b: Entei|Entei, L50|100\/100\n|switch|p2a: Kyogre|Kyogre, L50|100\/100\n|-weather|RainDance|[from] ability: Drizzle|[of] p2a: Kyogre\n|turn|5\n|inactive|chuanOVO has 30 seconds left.\n|\n|t:|1721450317\n|-end|p1a: Iron Hands|Quark Drive|[silent]\n|switch|p1a: Farigiraf|Farigiraf, L50, M, shiny|70\/100\n|move|p1b: Urshifu|Detect|p1b: Urshifu\n|-singleturn|p1b: Urshifu|Protect\n|move|p2a: Kyogre|Water Spout|p1a: Farigiraf|[spread] p1a\n|-activate|p1b: Urshifu|move: Protect\n|-damage|p1a: Farigiraf|0 fnt\n|faint|p1a: Farigiraf\n|move|p2b: Entei|Stomping Tantrum|p1b: Urshifu\n|-activate|p1b: Urshifu|move: Protect\n|\n|-weather|RainDance|[upkeep]\n|upkeep\n|\n|t:|1721450331\n|switch|p1a: Iron Hands|Iron Hands, L50, shiny|100\/100\n|turn|6\n|\n|t:|1721450338\n|move|p2a: Kyogre|Protect|p2a: Kyogre\n|-singleturn|p2a: Kyogre|Protect\n|move|p1a: Iron Hands|Wild Charge|p2a: Kyogre\n|-activate|p2a: Kyogre|move: Protect\n|move|p1b: Urshifu|Wicked Blow|p2a: Kyogre\n|-crit|p2a: Kyogre\n|-damage|p2a: Kyogre|43\/100\n|move|p2b: Entei|Stomping Tantrum|p1b: Urshifu\n|-damage|p1b: Urshifu|39\/100\n|\n|-weather|RainDance|[upkeep]\n|-fieldend|move: Trick Room\n|upkeep\n|turn|7\n|l| UltimoRyu\n|inactive|chuanOVO has 30 seconds left.\n|j| UltimoRyu\n|inactive|Wacko789 has 30 seconds left.\n|\n|t:|1721450379\n|move|p1b: Urshifu|Detect|p1b: Urshifu\n|-singleturn|p1b: Urshifu|Protect\n|move|p2a: Kyogre|Protect||[still]\n|-fail|p2a: Kyogre\n|move|p2b: Entei|Stomping Tantrum|p1b: Urshifu\n|-activate|p1b: Urshifu|move: Protect\n|move|p1a: Iron Hands|Wild Charge|p2a: Kyogre\n|-supereffective|p2a: Kyogre\n|-damage|p2a: Kyogre|0 fnt\n|faint|p2a: Kyogre\n|-damage|p1a: Iron Hands|91\/100|[from] Recoil\n|\n|-weather|RainDance|[upkeep]\n|upkeep\n|turn|8\n|\n|t:|1721450397\n|move|p2b: Entei|Stomping Tantrum|p1b: Urshifu\n|-damage|p1b: Urshifu|0 fnt\n|faint|p1b: Urshifu\n|move|p1a: Iron Hands|Drain Punch|p2b: Entei\n|-damage|p2b: Entei|51\/100\n|-heal|p1a: Iron Hands|100\/100|[from] drain|[of] p2b: Entei\n|\n|-weather|RainDance|[upkeep]\n|upkeep\n|turn|9\n|l| UltimoRyu\n|\n|t:|1721450408\n|move|p2b: Entei|Stomping Tantrum|p1a: Iron Hands\n|-supereffective|p1a: Iron Hands\n|-damage|p1a: Iron Hands|45\/100\n|move|p1a: Iron Hands|Wild Charge|p2b: Entei\n|-damage|p2b: Entei|0 fnt\n|faint|p2b: Entei\n|-damage|p1a: Iron Hands|35\/100|[from] Recoil\n|\n|win|chuanOVO\n|raw|chuanOVO's rating: 1732 &rarr; <strong>1751<\/strong><br \/>(+19 for winning)\n|raw|Wacko789's rating: 1720 &rarr; <strong>1701<\/strong><br \/>(-19 for losing)\n|l|\u2606Wacko789\n|player|p2|\n|l|\u2606chuanOVO\n|player|p1|\n","uploadtime":1721450573,"views":10,"formatid":"gen9vgc2024regg","rating":1701,"private":0,"password":null}