{"id":"gen9vgc2024regg-2164133525","format":"[Gen 9] VGC 2024 Reg G","players":["SOLOLUMINEONING","auraen"],"log":"|j|\u2606SOLOLUMINEONING\n|j|\u2606auraen\n|t:|1721455618\n|gametype|doubles\n|player|p1|SOLOLUMINEONING|magmasuit|1810\n|player|p2|auraen|harlequin|1780\n|teamsize|p1|6\n|teamsize|p2|6\n|gen|9\n|tier|[Gen 9] VGC 2024 Reg G\n|rated|\n|rule|Species Clause: Limit one of each Pok\u00e9mon\n|rule|Item Clause: Limit one of each item\n|clearpoke\n|poke|p1|Kyogre, L50|\n|poke|p1|Overqwil, L50, F|\n|poke|p1|Landorus, L50, M|\n|poke|p1|Ditto, L50|\n|poke|p1|Tsareena, L50, F|\n|poke|p1|Tornadus, L50, M|\n|poke|p2|Terapagos, L50, M|\n|poke|p2|Munkidori, L50, M|\n|poke|p2|Incineroar, L50, M|\n|poke|p2|Sinistcha, L50|\n|poke|p2|Basculegion, L50, M|\n|poke|p2|Flamigo, L50, F|\n|teampreview|4\n|inactive|Battle timer is ON: inactive players will automatically lose when time's up. (requested by SOLOLUMINEONING)\n|inactive|SOLOLUMINEONING has 60 seconds left.\n|\n|t:|1721455649\n|start\n|switch|p1a: Tornadus|Tornadus, L50, M|100\/100\n|switch|p1b: Kyogre|Kyogre, L50, shiny|100\/100\n|switch|p2a: Terapagos|Terapagos, L50, M|100\/100\n|switch|p2b: Flamigo|Flamigo, L50, F|100\/100\n|-activate|p2a: Terapagos|ability: Tera Shift\n|detailschange|p2a: Terapagos|Terapagos-Terastal, L50, M\n|-heal|p2a: Terapagos|100\/100|[silent]\n|-weather|RainDance|[from] ability: Drizzle|[of] p1b: Kyogre\n|turn|1\n|inactive|SOLOLUMINEONING has 30 seconds left.\n|inactive|SOLOLUMINEONING has 20 seconds left.\n|\n|t:|1721455688\n|-terastallize|p2a: Terapagos|Stellar\n|detailschange|p2a: Terapagos|Terapagos-Stellar, L50, M, tera:Stellar\n|-heal|p2a: Terapagos|100\/100|[silent]\n|-ability|p2a: Terapagos|Teraform Zero\n|-weather|none\n|move|p1a: Tornadus|Tailwind|p1a: Tornadus\n|-sidestart|p1: SOLOLUMINEONING|move: Tailwind\n|move|p1b: Kyogre|Hydro Pump|p2a: Terapagos\n|-damage|p2a: Terapagos|53\/100\n|move|p2b: Flamigo|Tailwind|p2b: Flamigo\n|-sidestart|p2: auraen|move: Tailwind\n|move|p2a: Terapagos|Tera Starstorm|p1a: Tornadus|[spread] p1a,p1b\n|-damage|p1a: Tornadus|30\/100\n|-damage|p1b: Kyogre|55\/100\n|\n|upkeep\n|turn|2\n|\n|t:|1721455705\n|switch|p2b: Sinistcha|Sinistcha, L50|100\/100\n|-heal|p2a: Terapagos|78\/100|[from] ability: Hospitality|[of] p2b: Sinistcha\n|move|p1a: Tornadus|Rain Dance|p1a: Tornadus\n|-weather|RainDance\n|move|p1b: Kyogre|Water Spout|p2b: Sinistcha|[spread] p2a,p2b\n|-resisted|p2b: Sinistcha\n|-crit|p2b: Sinistcha\n|-damage|p2a: Terapagos|42\/100\n|-damage|p2b: Sinistcha|64\/100\n|move|p2a: Terapagos|Tera Starstorm|p1b: Kyogre|[spread] p1a,p1b\n|-damage|p1a: Tornadus|0 fnt\n|-damage|p1b: Kyogre|6\/100\n|faint|p1a: Tornadus\n|\n|-weather|RainDance|[upkeep]\n|upkeep\n|\n|t:|1721455717\n|switch|p1a: Overqwil|Overqwil, L50, F, shiny|100\/100\n|turn|3\n|\n|t:|1721455733\n|switch|p2b: Flamigo|Flamigo, L50, F|100\/100\n|move|p1a: Overqwil|Poison Jab|p2b: Flamigo\n|-damage|p2b: Flamigo|23\/100\n|-status|p2b: Flamigo|psn\n|-damage|p1a: Overqwil|91\/100|[from] item: Life Orb\n|move|p1b: Kyogre|Hydro Pump|p2a: Terapagos\n|-damage|p2a: Terapagos|0 fnt\n|faint|p2a: Terapagos\n|\n|-weather|RainDance|[upkeep]\n|-damage|p2b: Flamigo|11\/100 psn|[from] psn\n|upkeep\n|\n|t:|1721455737\n|switch|p2a: Sinistcha|Sinistcha, L50|64\/100\n|-heal|p2b: Flamigo|36\/100 psn|[from] ability: Hospitality|[of] p2a: Sinistcha\n|turn|4\n|\n|t:|1721455753\n|-terastallize|p1a: Overqwil|Poison\n|move|p2b: Flamigo|Feint|p1b: Kyogre\n|-damage|p1b: Kyogre|0 fnt\n|faint|p1b: Kyogre\n|move|p1a: Overqwil|Poison Jab|p2a: Sinistcha\n|-damage|p2a: Sinistcha|0 fnt\n|-damage|p1a: Overqwil|74\/100|[from] item: Rocky Helmet|[of] p2a: Sinistcha\n|faint|p2a: Sinistcha\n|-damage|p1a: Overqwil|64\/100|[from] item: Life Orb\n|\n|-weather|RainDance|[upkeep]\n|-damage|p2b: Flamigo|24\/100 psn|[from] psn\n|-sideend|p1: SOLOLUMINEONING|move: Tailwind\n|-sideend|p2: auraen|move: Tailwind\n|upkeep\n|\n|t:|1721455760\n|switch|p1b: Tsareena|Tsareena, L50, F, shiny|100\/100\n|switch|p2a: Basculegion|Basculegion, L50, M|100\/100\n|turn|5\n|\n|t:|1721455779\n|move|p1a: Overqwil|Poison Jab|p2b: Flamigo\n|-damage|p2b: Flamigo|0 fnt\n|faint|p2b: Flamigo\n|-damage|p1a: Overqwil|55\/100|[from] item: Life Orb\n|move|p1b: Tsareena|Power Whip|p2a: Basculegion\n|-supereffective|p2a: Basculegion\n|-damage|p2a: Basculegion|0 fnt\n|faint|p2a: Basculegion\n|\n|win|SOLOLUMINEONING\n|raw|SOLOLUMINEONING's rating: 1810 &rarr; <strong>1828<\/strong><br \/>(+18 for winning)\n|raw|auraen's rating: 1780 &rarr; <strong>1762<\/strong><br \/>(-18 for losing)\n|l|\u2606auraen\n|player|p2|\n","uploadtime":1721455796,"views":69,"formatid":"gen9vgc2024regg","rating":1762,"private":0,"password":null}