{"id":"gen9vgc2024regg-2164106921","format":"[Gen 9] VGC 2024 Reg G","players":["chuanOVO","Therazer456"],"log":"|j|\u2606chuanOVO\n|j|\u2606Therazer456\n|t:|1721450461\n|gametype|doubles\n|player|p1|chuanOVO|n|1751\n|player|p2|Therazer456|ghetsis|1751\n|teamsize|p1|6\n|teamsize|p2|6\n|gen|9\n|tier|[Gen 9] VGC 2024 Reg G\n|rated|\n|rule|Species Clause: Limit one of each Pok\u00e9mon\n|rule|Item Clause: Limit one of each item\n|clearpoke\n|poke|p1|Miraidon, L50|\n|poke|p1|Urshifu-*, L50, M|\n|poke|p1|Ogerpon-Hearthflame, L50, F|\n|poke|p1|Iron Hands, L50|\n|poke|p1|Farigiraf, L50, M|\n|poke|p1|Ditto, L50|\n|poke|p2|Calyrex-Ice, L50|\n|poke|p2|Porygon2, L50|\n|poke|p2|Raging Bolt, L50|\n|poke|p2|Incineroar, L50, M|\n|poke|p2|Iron Jugulis, L50|\n|poke|p2|Amoonguss, L50, F|\n|teampreview|4\n|inactive|Battle timer is ON: inactive players will automatically lose when time's up. (requested by chuanOVO)\n|\n|t:|1721450487\n|start\n|switch|p1a: Miraidon|Miraidon, L50|100\/100\n|switch|p1b: Ogerpon|Ogerpon-Hearthflame, L50, F|100\/100\n|switch|p2a: Robin|Iron Jugulis, L50, shiny|100\/100\n|switch|p2b: California|Raging Bolt, L50|100\/100\n|-fieldstart|move: Electric Terrain|[from] ability: Hadron Engine|[of] p1a: Miraidon\n|-activate|p2a: Robin|ability: Quark Drive\n|-start|p2a: Robin|quarkdrivespe\n|-ability|p1b: Ogerpon|Mold Breaker\n|turn|1\n|inactive|chuanOVO has 30 seconds left.\n|\n|t:|1721450515\n|-terastallize|p1a: Miraidon|Fairy\n|move|p2a: Robin|Protect|p2a: Robin\n|-singleturn|p2a: Robin|Protect\n|move|p1a: Miraidon|Dazzling Gleam|p2a: Robin|[spread] p2b\n|-activate|p2a: Robin|move: Protect\n|-supereffective|p2b: California\n|-crit|p2b: California\n|-damage|p2b: California|0 fnt\n|faint|p2b: California\n|-end|p2b: California|Protosynthesis|[silent]\n|move|p1b: Ogerpon|Ivy Cudgel|p2a: Robin|[anim] Ivy Cudgel Fire\n|-activate|p2a: Robin|move: Protect\n|\n|upkeep\n|\n|t:|1721450527\n|switch|p2b: Wreath|Calyrex-Ice, L50|100\/100\n|-ability|p2b: Wreath|As One\n|-ability|p2b: Wreath|Unnerve\n|turn|2\n|\n|t:|1721450544\n|-terastallize|p2b: Wreath|Fire\n|move|p2a: Robin|Air Slash|p1b: Ogerpon\n|-supereffective|p1b: Ogerpon\n|-damage|p1b: Ogerpon|31\/100\n|move|p1a: Miraidon|Dazzling Gleam|p2b: Wreath|[spread] p2a,p2b\n|-supereffective|p2a: Robin\n|-resisted|p2b: Wreath\n|-damage|p2a: Robin|0 fnt\n|-damage|p2b: Wreath|81\/100\n|faint|p2a: Robin\n|-end|p2a: Robin|Quark Drive|[silent]\n|cant|p1b: Ogerpon|flinch\n|move|p2b: Wreath|Glacial Lance|p1a: Miraidon|[spread] p1a,p1b\n|-damage|p1a: Miraidon|51\/100\n|-damage|p1b: Ogerpon|0 fnt\n|faint|p1b: Ogerpon\n|-ability|p2b: Wreath|Chilling Neigh|boost\n|-boost|p2b: Wreath|atk|1\n|\n|upkeep\n|\n|t:|1721450562\n|switch|p2a: Orion|Incineroar, L50, M, shiny|100\/100\n|switch|p1b: Iron Hands|Iron Hands, L50, shiny|100\/100\n|-ability|p2a: Orion|Intimidate|boost\n|-unboost|p1a: Miraidon|atk|1\n|-unboost|p1b: Iron Hands|atk|1\n|-activate|p1b: Iron Hands|ability: Quark Drive\n|-start|p1b: Iron Hands|quarkdriveatk\n|turn|3\n|\n|t:|1721450590\n|switch|p1a: Ditto|Ditto, L50, shiny|100\/100\n|-transform|p1a: Ditto|p2b: Wreath|[from] ability: Imposter\n|-ability|p1a: Ditto|As One\n|-ability|p1a: Ditto|Unnerve\n|move|p2a: Orion|Fake Out|p1b: Iron Hands\n|-damage|p1b: Iron Hands|90\/100\n|cant|p1b: Iron Hands|flinch\n|move|p2b: Wreath|Glacial Lance|p1b: Iron Hands|[spread] p1a,p1b\n|-resisted|p1a: Ditto\n|-damage|p1a: Ditto|68\/100\n|-damage|p1b: Iron Hands|39\/100\n|\n|upkeep\n|-start|p1a: Ditto|typechange|Psychic\/Ice|[silent]\n|turn|4\n|inactive|chuanOVO has 30 seconds left.\n|j| Samevgcmons\n|inactive|chuanOVO has 20 seconds left.\n|\n|t:|1721450627\n|move|p1a: Ditto|Protect|p1a: Ditto\n|-singleturn|p1a: Ditto|Protect\n|move|p2a: Orion|Flare Blitz|p1a: Ditto\n|-activate|p1a: Ditto|move: Protect\n|move|p1b: Iron Hands|Drain Punch|p2a: Orion\n|-supereffective|p2a: Orion\n|-damage|p2a: Orion|21\/100\n|-heal|p1b: Iron Hands|72\/100|[from] drain|[of] p2a: Orion\n|move|p2b: Wreath|Trick Room|p2b: Wreath\n|-fieldstart|move: Trick Room|[of] p2b: Wreath\n|\n|upkeep\n|turn|5\n|inactive|chuanOVO has 30 seconds left.\n|inactive|chuanOVO has 20 seconds left.\n|\n|t:|1721450666\n|move|p1b: Iron Hands|Drain Punch|p2a: Orion\n|-supereffective|p2a: Orion\n|-damage|p2a: Orion|0 fnt\n|-heal|p1b: Iron Hands|81\/100|[from] drain|[of] p2a: Orion\n|faint|p2a: Orion\n|move|p1a: Ditto|High Horsepower|p2b: Wreath|[miss]\n|-miss|p1a: Ditto|p2b: Wreath\n|move|p2b: Wreath|High Horsepower|p1b: Iron Hands\n|-supereffective|p1b: Iron Hands\n|-damage|p1b: Iron Hands|3\/100\n|\n|-fieldend|move: Electric Terrain\n|-end|p1b: Iron Hands|Quark Drive\n|upkeep\n|turn|6\n|inactive|chuanOVO has 30 seconds left.\n|-activate|p1a: Ditto|item: Quick Claw\n|\n|t:|1721450700\n|move|p1a: Ditto|High Horsepower|p2b: Wreath\n|-supereffective|p2b: Wreath\n|-damage|p2b: Wreath|10\/100\n|move|p1b: Iron Hands|Drain Punch|p2b: Wreath\n|-damage|p2b: Wreath|0 fnt\n|-heal|p1b: Iron Hands|8\/100|[from] drain|[of] p2b: Wreath\n|faint|p2b: Wreath\n|\n|win|chuanOVO\n|raw|chuanOVO's rating: 1751 &rarr; <strong>1771<\/strong><br \/>(+20 for winning)\n|raw|Therazer456's rating: 1751 &rarr; <strong>1731<\/strong><br \/>(-20 for losing)\n|l|\u2606chuanOVO\n|player|p1|\n|l|\u2606Therazer456\n|player|p2|\n|l| Samevgcmons\n","uploadtime":1721450852,"views":29,"formatid":"gen9vgc2024regg","rating":1731,"private":0,"password":null}