{"id":"gen9vgc2024regg-2164570818","format":"[Gen 9] VGC 2024 Reg G","players":["testing_chue","pasicale"],"log":"|j|\u2606testing_chue\n|j|\u2606pasicale\n|t:|1721526063\n|gametype|doubles\n|player|p1|testing_chue|doctor|1725\n|player|p2|pasicale|lyra|1684\n|teamsize|p1|6\n|teamsize|p2|6\n|gen|9\n|tier|[Gen 9] VGC 2024 Reg G\n|rated|\n|rule|Species Clause: Limit one of each Pok\u00e9mon\n|rule|Item Clause: Limit one of each item\n|clearpoke\n|poke|p1|Smeargle, L50, F|\n|poke|p1|Incineroar, L50, F|\n|poke|p1|Muk-Alola, L50, M|\n|poke|p1|Latias, L50, F|\n|poke|p1|Lugia, L50|\n|poke|p1|Farigiraf, L50, M|\n|poke|p2|Chien-Pao, L50|\n|poke|p2|Ditto, L50|\n|poke|p2|Rillaboom, L50, M|\n|poke|p2|Flutter Mane, L50|\n|poke|p2|Zamazenta-*, L50|\n|poke|p2|Entei, L50|\n|teampreview|4\n|inactive|Battle timer is ON: inactive players will automatically lose when time's up. (requested by testing_chue)\n|inactive|pasicale has 60 seconds left.\n|\n|t:|1721526104\n|start\n|switch|p1a: Muk|Muk-Alola, L50, M|100\/100\n|switch|p1b: Smeargle|Smeargle, L50, F|100\/100\n|switch|p2a: Flutter Mane|Flutter Mane, L50|100\/100\n|switch|p2b: Entei|Entei, L50|100\/100\n|-enditem|p2a: Flutter Mane|Booster Energy\n|-activate|p2a: Flutter Mane|ability: Protosynthesis|[fromitem]\n|-start|p2a: Flutter Mane|protosynthesisspe\n|turn|1\n|\n|t:|1721526120\n|move|p1b: Smeargle|Follow Me|p1b: Smeargle\n|-singleturn|p1b: Smeargle|move: Follow Me\n|move|p2a: Flutter Mane|Taunt|p1b: Smeargle\n|-start|p1b: Smeargle|move: Taunt\n|-enditem|p1b: Smeargle|Mental Herb\n|-end|p1b: Smeargle|move: Taunt\n|move|p2b: Entei|Sacred Fire|p1b: Smeargle\n|-damage|p1b: Smeargle|0 fnt\n|faint|p1b: Smeargle\n|-ability|p1a: Muk|Moody|[from] ability: Power of Alchemy|[of] p1b: Smeargle\n|move|p1a: Muk|Minimize|p1a: Muk\n|-boost|p1a: Muk|evasion|2\n|\n|-ability|p1a: Muk|Moody|boost\n|-boost|p1a: Muk|spe|2\n|-unboost|p1a: Muk|spd|1\n|upkeep\n|\n|t:|1721526128\n|switch|p1b: Incineroar|Incineroar, L50, F|100\/100\n|-ability|p1b: Incineroar|Intimidate|boost\n|-unboost|p2a: Flutter Mane|atk|1\n|-fail|p2b: Entei|unboost|Attack|[from] ability: Inner Focus|[of] p2b: Entei\n|turn|2\n|\n|t:|1721526146\n|move|p2a: Flutter Mane|Taunt|p1a: Muk|[miss]\n|-miss|p2a: Flutter Mane|p1a: Muk\n|move|p2b: Entei|Sacred Fire|p1a: Muk\n|-damage|p1a: Muk|39\/100\n|move|p1a: Muk|Minimize|p1a: Muk\n|-boost|p1a: Muk|evasion|2\n|move|p1b: Incineroar|Parting Shot|p2b: Entei\n|-unboost|p2b: Entei|atk|1\n|-unboost|p2b: Entei|spa|1\n|\n|t:|1721526152\n|switch|p1b: Lugia|Lugia, L50|100\/100|[from] Parting Shot\n|\n|-heal|p1a: Muk|45\/100|[from] item: Leftovers\n|-ability|p1a: Muk|Moody|boost\n|-boost|p1a: Muk|atk|2\n|-unboost|p1a: Muk|spe|1\n|upkeep\n|turn|3\n|\n|t:|1721526166\n|switch|p1b: Incineroar|Incineroar, L50, F|100\/100\n|-ability|p1b: Incineroar|Intimidate|boost\n|-unboost|p2a: Flutter Mane|atk|1\n|-fail|p2b: Entei|unboost|Attack|[from] ability: Inner Focus|[of] p2b: Entei\n|move|p2a: Flutter Mane|Taunt|p1b: Incineroar\n|-start|p1b: Incineroar|move: Taunt\n|move|p2b: Entei|Sacred Fire|p1a: Muk\n|-damage|p1a: Muk|6\/100\n|move|p1a: Muk|Minimize|p1a: Muk\n|-boost|p1a: Muk|evasion|2\n|\n|-heal|p1a: Muk|12\/100|[from] item: Leftovers\n|-ability|p1a: Muk|Moody|boost\n|-boost|p1a: Muk|spd|2\n|-unboost|p1a: Muk|spa|1\n|upkeep\n|turn|4\n|\n|t:|1721526189\n|move|p1a: Muk|Protect|p1a: Muk\n|-singleturn|p1a: Muk|Protect\n|move|p2a: Flutter Mane|Dazzling Gleam|p1b: Incineroar|[spread] p1b\n|-activate|p1a: Muk|move: Protect\n|-damage|p1b: Incineroar|77\/100\n|move|p2b: Entei|Sacred Fire|p1a: Muk\n|-activate|p1a: Muk|move: Protect\n|move|p1b: Incineroar|Knock Off|p2b: Entei\n|-damage|p2b: Entei|62\/100\n|-enditem|p2b: Entei|Choice Band|[from] move: Knock Off|[of] p1b: Incineroar\n|\n|-heal|p1a: Muk|18\/100|[from] item: Leftovers\n|-ability|p1a: Muk|Moody|boost\n|-boost|p1a: Muk|def|2\n|-unboost|p1a: Muk|spa|1\n|upkeep\n|turn|5\n|\n|t:|1721526210\n|move|p2a: Flutter Mane|Dazzling Gleam|p1a: Muk|[spread] p1b\n|-miss|p2a: Flutter Mane|p1a: Muk\n|-damage|p1b: Incineroar|53\/100\n|move|p2b: Entei|Stomping Tantrum|p1a: Muk|[miss]\n|-miss|p2b: Entei|p1a: Muk\n|move|p1a: Muk|Knock Off|p2a: Flutter Mane\n|-damage|p2a: Flutter Mane|35\/100\n|move|p1b: Incineroar|Knock Off|p2a: Flutter Mane\n|-crit|p2a: Flutter Mane\n|-damage|p2a: Flutter Mane|0 fnt\n|faint|p2a: Flutter Mane\n|-end|p2a: Flutter Mane|Protosynthesis|[silent]\n|\n|-heal|p1a: Muk|24\/100|[from] item: Leftovers\n|-end|p1b: Incineroar|move: Taunt\n|-ability|p1a: Muk|Moody|boost\n|-boost|p1a: Muk|spa|2\n|-unboost|p1a: Muk|spe|1\n|upkeep\n|\n|t:|1721526226\n|switch|p2a: Chien-Pao|Chien-Pao, L50|100\/100\n|-ability|p2a: Chien-Pao|Sword of Ruin\n|turn|6\n|\n|t:|1721526242\n|move|p1a: Muk|Protect|p1a: Muk\n|-singleturn|p1a: Muk|Protect\n|move|p2a: Chien-Pao|Icicle Crash|p1b: Incineroar\n|-resisted|p1b: Incineroar\n|-damage|p1b: Incineroar|24\/100\n|-enditem|p1b: Incineroar|Aguav Berry|[eat]\n|-heal|p1b: Incineroar|57\/100|[from] item: Aguav Berry\n|-damage|p2a: Chien-Pao|91\/100|[from] item: Life Orb\n|move|p2b: Entei|Stomping Tantrum|p1b: Incineroar\n|-supereffective|p1b: Incineroar\n|-damage|p1b: Incineroar|0 fnt\n|faint|p1b: Incineroar\n|\n|-heal|p1a: Muk|30\/100|[from] item: Leftovers\n|-ability|p1a: Muk|Moody|boost\n|-boost|p1a: Muk|spa|2\n|-unboost|p1a: Muk|spe|1\n|upkeep\n|\n|t:|1721526246\n|switch|p1b: Lugia|Lugia, L50|100\/100\n|turn|7\n|\n|t:|1721526265\n|-terastallize|p2b: Entei|Normal\n|-terastallize|p1b: Lugia|Fairy\n|move|p2b: Entei|Extreme Speed|p1a: Muk\n|-damage|p1a: Muk|16\/100\n|move|p2a: Chien-Pao|Sacred Sword|p1a: Muk\n|-damage|p1a: Muk|0 fnt\n|faint|p1a: Muk\n|-damage|p2a: Chien-Pao|81\/100|[from] item: Life Orb\n|move|p1b: Lugia|Psych Up|p1: Muk|[notarget]\n|-fail|p1b: Lugia\n|\n|upkeep\n|turn|8\n|-message|testing_chue forfeited.\n|\n|win|pasicale\n|raw|testing_chue's rating: 1725 &rarr; <strong>1703<\/strong><br \/>(-22 for losing)\n|raw|pasicale's rating: 1684 &rarr; <strong>1706<\/strong><br \/>(+22 for winning)\n|l|\u2606testing_chue\n|player|p1|\n|l|\u2606pasicale\n|player|p2|\n","uploadtime":1721526434,"views":8,"formatid":"gen9vgc2024regg","rating":1703,"private":0,"password":null}