{"id":"gen9vgc2024regg-2164881727","format":"[Gen 9] VGC 2024 Reg G","players":["DrCups","FlyAwayVGC"],"log":"|j|\u2606DrCups\n|j|\u2606FlyAwayVGC\n|t:|1721581299\n|gametype|doubles\n|player|p1|DrCups|266|1677\n|player|p2|FlyAwayVGC|calem-masters|1715\n|teamsize|p1|6\n|teamsize|p2|6\n|gen|9\n|tier|[Gen 9] VGC 2024 Reg G\n|rated|\n|rule|Species Clause: Limit one of each Pok\u00e9mon\n|rule|Item Clause: Limit one of each item\n|clearpoke\n|poke|p1|Kyogre, L50|\n|poke|p1|Raging Bolt, L50|\n|poke|p1|Grimmsnarl, L50, M|\n|poke|p1|Rillaboom, L50, F|\n|poke|p1|Amoonguss, L50, F|\n|poke|p1|Incineroar, L50, F|\n|poke|p2|Calyrex-Ice, L50|\n|poke|p2|Ursaluna-Bloodmoon, L50, M|\n|poke|p2|Chien-Pao, L50|\n|poke|p2|Urshifu-*, L50, M|\n|poke|p2|Raging Bolt, L50|\n|poke|p2|Farigiraf, L50, F|\n|teampreview|4\n|inactive|Battle timer is ON: inactive players will automatically lose when time's up. (requested by FlyAwayVGC)\n|inactive|DrCups has 60 seconds left.\n|inactive|FlyAwayVGC has 60 seconds left.\n|\n|t:|1721581351\n|start\n|switch|p1a: Grimmsnarl|Grimmsnarl, L50, M|100\/100\n|switch|p1b: Kyogre|Kyogre, L50|100\/100\n|switch|p2a: Calyrex|Calyrex-Ice, L50|100\/100\n|switch|p2b: Raging Bolt|Raging Bolt, L50|100\/100\n|-ability|p2a: Calyrex|As One\n|-ability|p2a: Calyrex|Unnerve\n|-weather|RainDance|[from] ability: Drizzle|[of] p1b: Kyogre\n|-enditem|p2b: Raging Bolt|Booster Energy\n|-activate|p2b: Raging Bolt|ability: Protosynthesis|[fromitem]\n|-start|p2b: Raging Bolt|protosynthesisspa\n|turn|1\n|inactive|DrCups has 30 seconds left.\n|\n|t:|1721581377\n|-terastallize|p2a: Calyrex|Grass\n|move|p2b: Raging Bolt|Thunderclap||[still]\n|-fail|p2b: Raging Bolt\n|move|p1a: Grimmsnarl|Reflect|p1a: Grimmsnarl\n|-sidestart|p1: DrCups|Reflect\n|move|p1b: Kyogre|Calm Mind|p1b: Kyogre\n|-boost|p1b: Kyogre|spa|1\n|-boost|p1b: Kyogre|spd|1\n|move|p2a: Calyrex|Trick Room|p2a: Calyrex\n|-fieldstart|move: Trick Room|[of] p2a: Calyrex\n|\n|-weather|RainDance|[upkeep]\n|upkeep\n|turn|2\n|inactive|DrCups has 30 seconds left.\n|\n|t:|1721581409\n|move|p1b: Kyogre|Protect|p1b: Kyogre\n|-singleturn|p1b: Kyogre|Protect\n|move|p2a: Calyrex|Glacial Lance|p1b: Kyogre|[spread] p1a\n|-activate|p1b: Kyogre|move: Protect\n|-damage|p1a: Grimmsnarl|61\/100\n|move|p1a: Grimmsnarl|Spirit Break|p2b: Raging Bolt\n|-supereffective|p2b: Raging Bolt\n|-damage|p2b: Raging Bolt|50\/100\n|-unboost|p2b: Raging Bolt|spa|1\n|move|p2b: Raging Bolt|Thunderbolt|p1b: Kyogre\n|-activate|p1b: Kyogre|move: Protect\n|\n|-weather|RainDance|[upkeep]\n|upkeep\n|turn|3\n|\n|t:|1721581430\n|move|p1a: Grimmsnarl|Light Screen|p1a: Grimmsnarl\n|-sidestart|p1: DrCups|move: Light Screen\n|move|p2a: Calyrex|Glacial Lance|p1b: Kyogre|[spread] p1a,p1b\n|-resisted|p1b: Kyogre\n|-damage|p1a: Grimmsnarl|18\/100\n|-damage|p1b: Kyogre|83\/100\n|move|p2b: Raging Bolt|Thunderbolt|p1b: Kyogre\n|-supereffective|p1b: Kyogre\n|-damage|p1b: Kyogre|57\/100\n|move|p1b: Kyogre|Ice Beam|p2a: Calyrex\n|-supereffective|p2a: Calyrex\n|-damage|p2a: Calyrex|33\/100\n|\n|-weather|RainDance|[upkeep]\n|-heal|p1b: Kyogre|63\/100|[from] item: Leftovers\n|upkeep\n|turn|4\n|inactive|DrCups has 30 seconds left.\n|\n|t:|1721581461\n|switch|p2a: Ursaluna|Ursaluna-Bloodmoon, L50, M|100\/100\n|move|p1b: Kyogre|Protect|p1b: Kyogre\n|-singleturn|p1b: Kyogre|Protect\n|move|p1a: Grimmsnarl|Spirit Break|p2b: Raging Bolt\n|-supereffective|p2b: Raging Bolt\n|-damage|p2b: Raging Bolt|0 fnt\n|faint|p2b: Raging Bolt\n|-end|p2b: Raging Bolt|Protosynthesis|[silent]\n|\n|-weather|RainDance|[upkeep]\n|-heal|p1b: Kyogre|69\/100|[from] item: Leftovers\n|upkeep\n|\n|t:|1721581468\n|switch|p2b: Calyrex|Calyrex-Ice, L50, tera:Grass|33\/100\n|-ability|p2b: Calyrex|As One\n|-ability|p2b: Calyrex|Unnerve\n|turn|5\n|inactive|DrCups has 30 seconds left.\n|inactive|DrCups has 20 seconds left.\n|inactive|DrCups has 15 seconds left.\n|inactive|DrCups has 10 seconds left.\n|\n|t:|1721581515\n|move|p2a: Ursaluna|Blood Moon|p1b: Kyogre\n|-damage|p1b: Kyogre|37\/100\n|-damage|p2a: Ursaluna|90\/100|[from] item: Life Orb\n|move|p2b: Calyrex|Glacial Lance|p1a: Grimmsnarl|[spread] p1a,p1b\n|-resisted|p1b: Kyogre\n|-damage|p1a: Grimmsnarl|0 fnt\n|-damage|p1b: Kyogre|22\/100\n|faint|p1a: Grimmsnarl\n|-ability|p2b: Calyrex|Chilling Neigh|boost\n|-boost|p2b: Calyrex|atk|1\n|move|p1b: Kyogre|Ice Beam|p2b: Calyrex\n|-supereffective|p2b: Calyrex\n|-damage|p2b: Calyrex|0 fnt\n|faint|p2b: Calyrex\n|\n|-weather|none\n|-heal|p1b: Kyogre|28\/100|[from] item: Leftovers\n|-fieldend|move: Trick Room\n|upkeep\n|\n|t:|1721581537\n|switch|p1a: Raging Bolt|Raging Bolt, L50|100\/100\n|switch|p2b: Farigiraf|Farigiraf, L50, F|100\/100\n|-enditem|p1a: Raging Bolt|Booster Energy\n|-activate|p1a: Raging Bolt|ability: Protosynthesis|[fromitem]\n|-start|p1a: Raging Bolt|protosynthesisspa\n|turn|6\n|inactive|DrCups has 30 seconds left.\n|inactive|FlyAwayVGC has 30 seconds left.\n|\n|t:|1721581568\n|-terastallize|p1a: Raging Bolt|Electric\n|move|p1b: Kyogre|Ice Beam|p2a: Ursaluna\n|-supereffective|p2a: Ursaluna\n|-damage|p2a: Ursaluna|0 fnt\n|faint|p2a: Ursaluna\n|move|p1a: Raging Bolt|Thunderbolt|p2b: Farigiraf\n|-damage|p2b: Farigiraf|16\/100\n|move|p2b: Farigiraf|Trick Room|p2b: Farigiraf\n|-fieldstart|move: Trick Room|[of] p2b: Farigiraf\n|\n|-heal|p1b: Kyogre|34\/100|[from] item: Leftovers\n|upkeep\n|turn|7\n|-message|FlyAwayVGC forfeited.\n|\n|win|DrCups\n|raw|DrCups's rating: 1677 &rarr; <strong>1699<\/strong><br \/>(+22 for winning)\n|raw|FlyAwayVGC's rating: 1715 &rarr; <strong>1693<\/strong><br \/>(-22 for losing)\n|l|\u2606FlyAwayVGC\n|player|p2|\n|l|\u2606DrCups\n|player|p1|\n","uploadtime":1721581838,"views":34,"formatid":"gen9vgc2024regg","rating":1693,"private":0,"password":null}