{"id":"gen9vgc2024regg-2164915067","format":"[Gen 9] VGC 2024 Reg G","players":["DrCups","actuary97"],"log":"|j|\u2606DrCups\n|j|\u2606actuary97\n|t:|1721585587\n|gametype|doubles\n|player|p1|DrCups|266|1714\n|player|p2|actuary97|sabrina-lgpe|1679\n|teamsize|p1|6\n|teamsize|p2|6\n|gen|9\n|tier|[Gen 9] VGC 2024 Reg G\n|rated|\n|rule|Species Clause: Limit one of each Pok\u00e9mon\n|rule|Item Clause: Limit one of each item\n|clearpoke\n|poke|p1|Kyogre, L50|\n|poke|p1|Raging Bolt, L50|\n|poke|p1|Grimmsnarl, L50, M|\n|poke|p1|Rillaboom, L50, F|\n|poke|p1|Amoonguss, L50, F|\n|poke|p1|Incineroar, L50, F|\n|poke|p2|Incineroar, L50, M|\n|poke|p2|Basculegion, L50, M|\n|poke|p2|Rillaboom, L50, F|\n|poke|p2|Tornadus, L50, M|\n|poke|p2|Kyogre, L50|\n|poke|p2|Grimmsnarl, L50, M|\n|teampreview|4\nactuary97 has agreed to open team sheets.\n|inactive|Battle timer is ON: inactive players will automatically lose when time's up. (requested by DrCups)\n|\n|t:|1721585629\n|start\n|switch|p1a: Raging Bolt|Raging Bolt, L50|100\/100\n|switch|p1b: Grimmsnarl|Grimmsnarl, L50, M|100\/100\n|switch|p2a: Basculegion|Basculegion, L50, M, shiny|100\/100\n|switch|p2b: Rillaboom|Rillaboom, L50, F, shiny|100\/100\n|-fieldstart|move: Grassy Terrain|[from] ability: Grassy Surge|[of] p2b: Rillaboom\n|-enditem|p1a: Raging Bolt|Booster Energy\n|-activate|p1a: Raging Bolt|ability: Protosynthesis|[fromitem]\n|-start|p1a: Raging Bolt|protosynthesisspa\n|turn|1\n|\n|t:|1721585648\n|move|p1a: Raging Bolt|Protect|p1a: Raging Bolt\n|-singleturn|p1a: Raging Bolt|Protect\n|move|p2b: Rillaboom|Fake Out|p1a: Raging Bolt\n|-activate|p1a: Raging Bolt|move: Protect\n|move|p1b: Grimmsnarl|Thunder Wave|p2a: Basculegion\n|-status|p2a: Basculegion|par\n|move|p2a: Basculegion|Flip Turn|p1b: Grimmsnarl\n|-damage|p1b: Grimmsnarl|47\/100\n|\n|t:|1721585656\n|switch|p2a: Grimmsnarl|Grimmsnarl, L50, M, shiny|100\/100|[from] Flip Turn\n|\n|-heal|p1b: Grimmsnarl|52\/100|[from] Grassy Terrain\n|upkeep\n|turn|2\n|\n|t:|1721585667\n|move|p1b: Grimmsnarl|Reflect|p1b: Grimmsnarl\n|-sidestart|p1: DrCups|Reflect\n|move|p2b: Rillaboom|Wood Hammer|p1b: Grimmsnarl\n|-damage|p1b: Grimmsnarl|0 fnt\n|faint|p1b: Grimmsnarl\n|-damage|p2b: Rillaboom|83\/100|[from] Recoil\n|move|p1a: Raging Bolt|Draco Meteor|p2b: Rillaboom\n|-damage|p2b: Rillaboom|6\/100\n|-unboost|p1a: Raging Bolt|spa|2\n|move|p2a: Grimmsnarl|Spirit Break|p1a: Raging Bolt\n|-supereffective|p1a: Raging Bolt\n|-damage|p1a: Raging Bolt|59\/100\n|-unboost|p1a: Raging Bolt|spa|1\n|\n|-heal|p2b: Rillaboom|12\/100|[from] Grassy Terrain\n|-heal|p1a: Raging Bolt|65\/100|[from] Grassy Terrain\n|upkeep\n|\n|t:|1721585682\n|switch|p1b: Rillaboom|Rillaboom, L50, F|100\/100\n|turn|3\n|\n|t:|1721585694\n|-end|p1a: Raging Bolt|Protosynthesis|[silent]\n|switch|p1a: Kyogre|Kyogre, L50|100\/100\n|-weather|RainDance|[from] ability: Drizzle|[of] p1a: Kyogre\n|move|p2a: Grimmsnarl|Parting Shot|p1b: Rillaboom\n|-unboost|p1b: Rillaboom|atk|1\n|-unboost|p1b: Rillaboom|spa|1\n|\n|t:|1721585703\n|switch|p2a: Basculegion|Basculegion, L50, M, shiny|100\/100 par|[from] Parting Shot\n|move|p2b: Rillaboom|U-turn|p1b: Rillaboom\n|-supereffective|p1b: Rillaboom\n|-damage|p1b: Rillaboom|72\/100\n|\n|t:|1721585709\n|switch|p2b: Grimmsnarl|Grimmsnarl, L50, M, shiny|100\/100|[from] U-turn\n|move|p1b: Rillaboom|U-turn|p2b: Grimmsnarl\n|-damage|p2b: Grimmsnarl|82\/100\n|\n|t:|1721585715\n|switch|p1b: Raging Bolt|Raging Bolt, L50|65\/100|[from] U-turn\n|\n|-weather|RainDance|[upkeep]\n|-heal|p1b: Raging Bolt|71\/100|[from] Grassy Terrain\n|-heal|p2b: Grimmsnarl|88\/100|[from] Grassy Terrain\n|upkeep\n|turn|4\n|inactive|actuary97 has 30 seconds left.\n|\n|t:|1721585745\n|move|p2b: Grimmsnarl|Light Screen|p2b: Grimmsnarl\n|-sidestart|p2: actuary97|move: Light Screen\n|move|p1a: Kyogre|Calm Mind|p1a: Kyogre\n|-boost|p1a: Kyogre|spa|1\n|-boost|p1a: Kyogre|spd|1\n|move|p2a: Basculegion|Flip Turn|p1a: Kyogre\n|-resisted|p1a: Kyogre\n|-damage|p1a: Kyogre|79\/100\n|\n|t:|1721585756\n|switch|p2a: Rillaboom|Rillaboom, L50, F, shiny|12\/100|[from] Flip Turn\n|move|p1b: Raging Bolt|Thunderbolt|p2a: Rillaboom\n|-resisted|p2a: Rillaboom\n|-damage|p2a: Rillaboom|0 fnt\n|faint|p2a: Rillaboom\n|\n|-weather|RainDance|[upkeep]\n|-heal|p1a: Kyogre|85\/100|[from] Grassy Terrain\n|-heal|p1a: Kyogre|91\/100|[from] item: Leftovers\n|-heal|p1b: Raging Bolt|78\/100|[from] Grassy Terrain\n|-heal|p2b: Grimmsnarl|94\/100|[from] Grassy Terrain\n|upkeep\n|\n|t:|1721585761\n|switch|p2a: Kyogre|Kyogre, L50, shiny|100\/100\n|turn|5\n|\n|t:|1721585783\n|-terastallize|p2a: Kyogre|Grass\n|move|p1a: Kyogre|Ice Beam|p2a: Kyogre\n|-supereffective|p2a: Kyogre\n|-damage|p2a: Kyogre|58\/100\n|move|p2a: Kyogre|Calm Mind|p2a: Kyogre\n|-boost|p2a: Kyogre|spa|1\n|-boost|p2a: Kyogre|spd|1\n|move|p1b: Raging Bolt|Thunderbolt|p2a: Kyogre\n|-resisted|p2a: Kyogre\n|-damage|p2a: Kyogre|51\/100\n|move|p2b: Grimmsnarl|Spirit Break|p1a: Kyogre\n|-damage|p1a: Kyogre|68\/100\n|-unboost|p1a: Kyogre|spa|1\n|\n|-weather|RainDance|[upkeep]\n|-heal|p1a: Kyogre|74\/100|[from] Grassy Terrain\n|-heal|p1a: Kyogre|80\/100|[from] item: Leftovers\n|-heal|p2a: Kyogre|57\/100|[from] Grassy Terrain\n|-heal|p1b: Raging Bolt|84\/100|[from] Grassy Terrain\n|-heal|p2b: Grimmsnarl|99\/100|[from] Grassy Terrain\n|-fieldend|move: Grassy Terrain\n|upkeep\n|turn|6\n|inactive|DrCups has 30 seconds left.\n|\n|t:|1721585812\n|-terastallize|p1b: Raging Bolt|Electric\n|move|p1a: Kyogre|Protect|p1a: Kyogre\n|-singleturn|p1a: Kyogre|Protect\n|move|p2b: Grimmsnarl|Parting Shot|p1a: Kyogre\n|-activate|p1a: Kyogre|move: Protect\n|move|p2a: Kyogre|Ice Beam|p1b: Raging Bolt\n|-damage|p1b: Raging Bolt|42\/100\n|move|p1b: Raging Bolt|Thunderbolt|p2b: Grimmsnarl\n|-damage|p2b: Grimmsnarl|47\/100\n|\n|-weather|RainDance|[upkeep]\n|-heal|p1a: Kyogre|86\/100|[from] item: Leftovers\n|upkeep\n|turn|7\n|\n|t:|1721585831\n|move|p1b: Raging Bolt|Protect|p1b: Raging Bolt\n|-singleturn|p1b: Raging Bolt|Protect\n|move|p2b: Grimmsnarl|Thunder Wave|p1a: Kyogre\n|-status|p1a: Kyogre|par\n|move|p2a: Kyogre|Origin Pulse|p1b: Raging Bolt|[spread] p1a\n|-activate|p1b: Raging Bolt|move: Protect\n|-resisted|p1a: Kyogre\n|-damage|p1a: Kyogre|63\/100 par\n|cant|p1a: Kyogre|par\n|\n|-weather|none\n|-heal|p1a: Kyogre|68\/100 par|[from] item: Leftovers\n|upkeep\n|turn|8\n|inactive|DrCups has 30 seconds left.\n|\n|t:|1721585857\n|move|p2b: Grimmsnarl|Parting Shot|p1b: Raging Bolt\n|-unboost|p1b: Raging Bolt|atk|1\n|-unboost|p1b: Raging Bolt|spa|1\n|\n|t:|1721585860\n|switch|p2b: Basculegion|Basculegion, L50, M, shiny|100\/100 par|[from] Parting Shot\n|move|p2a: Kyogre|Origin Pulse|p1a: Kyogre|[spread] p1a,p1b\n|-resisted|p1a: Kyogre\n|-damage|p1a: Kyogre|54\/100 par\n|-damage|p1b: Raging Bolt|0 fnt\n|faint|p1b: Raging Bolt\n|-end|p1b: Raging Bolt|Protosynthesis|[silent]\n|cant|p1a: Kyogre|par\n|\n|-heal|p1a: Kyogre|60\/100 par|[from] item: Leftovers\n|upkeep\n|\n|t:|1721585873\n|switch|p1b: Rillaboom|Rillaboom, L50, F|72\/100\n|-fieldstart|move: Grassy Terrain|[from] ability: Grassy Surge|[of] p1b: Rillaboom\n|turn|9\n|\n|t:|1721585890\n|move|p1b: Rillaboom|Fake Out|p2b: Basculegion\n|-immune|p2b: Basculegion\n|move|p2a: Kyogre|Ice Beam|p1b: Rillaboom\n|-supereffective|p1b: Rillaboom\n|-damage|p1b: Rillaboom|6\/100\n|-status|p1b: Rillaboom|frz\n|move|p1a: Kyogre|Calm Mind|p1a: Kyogre\n|-boost|p1a: Kyogre|spa|1\n|-boost|p1a: Kyogre|spd|1\n|move|p2b: Basculegion|Last Respects|p1b: Rillaboom\n|-damage|p1b: Rillaboom|0 fnt\n|faint|p1b: Rillaboom\n|\n|-heal|p2a: Kyogre|63\/100|[from] Grassy Terrain\n|-heal|p1a: Kyogre|66\/100 par|[from] Grassy Terrain\n|-heal|p1a: Kyogre|72\/100 par|[from] item: Leftovers\n|-sideend|p1: DrCups|Reflect\n|upkeep\n|turn|10\n|\n|t:|1721585908\n|move|p1a: Kyogre|Protect|p1a: Kyogre\n|-singleturn|p1a: Kyogre|Protect\n|move|p2a: Kyogre|Calm Mind|p2a: Kyogre\n|-boost|p2a: Kyogre|spa|1\n|-boost|p2a: Kyogre|spd|1\n|move|p2b: Basculegion|Last Respects|p1a: Kyogre\n|-activate|p1a: Kyogre|move: Protect\n|\n|-heal|p2a: Kyogre|68\/100|[from] Grassy Terrain\n|-heal|p1a: Kyogre|78\/100 par|[from] Grassy Terrain\n|-heal|p1a: Kyogre|84\/100 par|[from] item: Leftovers\n|upkeep\n|turn|11\n|\n|t:|1721585920\n|move|p2a: Kyogre|Calm Mind|p2a: Kyogre\n|-boost|p2a: Kyogre|spa|1\n|-boost|p2a: Kyogre|spd|1\n|move|p1a: Kyogre|Ice Beam|p2a: Kyogre\n|-supereffective|p2a: Kyogre\n|-damage|p2a: Kyogre|50\/100\n|cant|p2b: Basculegion|par\n|\n|-heal|p2a: Kyogre|55\/100|[from] Grassy Terrain\n|-heal|p1a: Kyogre|89\/100 par|[from] Grassy Terrain\n|-heal|p1a: Kyogre|95\/100 par|[from] item: Leftovers\n|-sideend|p2: actuary97|move: Light Screen\n|upkeep\n|turn|12\n|\n|t:|1721585931\n|move|p2a: Kyogre|Origin Pulse|p1a: Kyogre\n|-resisted|p1a: Kyogre\n|-damage|p1a: Kyogre|71\/100 par\n|move|p1a: Kyogre|Calm Mind|p1a: Kyogre\n|-boost|p1a: Kyogre|spa|1\n|-boost|p1a: Kyogre|spd|1\n|move|p2b: Basculegion|Last Respects|p1a: Kyogre\n|-damage|p1a: Kyogre|2\/100 par\n|\n|-heal|p2a: Kyogre|61\/100|[from] Grassy Terrain\n|-heal|p1a: Kyogre|8\/100 par|[from] Grassy Terrain\n|-heal|p1a: Kyogre|14\/100 par|[from] item: Leftovers\n|upkeep\n|turn|13\n|\n|t:|1721585943\n|move|p1a: Kyogre|Protect|p1a: Kyogre\n|-singleturn|p1a: Kyogre|Protect\n|move|p2a: Kyogre|Ice Beam|p1a: Kyogre\n|-activate|p1a: Kyogre|move: Protect\n|cant|p2b: Basculegion|par\n|\n|-heal|p2a: Kyogre|67\/100|[from] Grassy Terrain\n|-heal|p1a: Kyogre|20\/100 par|[from] Grassy Terrain\n|-heal|p1a: Kyogre|26\/100 par|[from] item: Leftovers\n|-fieldend|move: Grassy Terrain\n|upkeep\n|turn|14\n|\n|t:|1721585954\n|move|p2a: Kyogre|Ice Beam|p1a: Kyogre\n|-resisted|p1a: Kyogre\n|-damage|p1a: Kyogre|15\/100 par\n|move|p1a: Kyogre|Ice Beam|p2a: Kyogre\n|-supereffective|p2a: Kyogre\n|-damage|p2a: Kyogre|30\/100\n|move|p2b: Basculegion|Last Respects|p1a: Kyogre\n|-damage|p1a: Kyogre|0 fnt\n|faint|p1a: Kyogre\n|\n|win|actuary97\n|raw|DrCups's rating: 1714 &rarr; <strong>1692<\/strong><br \/>(-22 for losing)\n|raw|actuary97's rating: 1679 &rarr; <strong>1701<\/strong><br \/>(+22 for winning)\n|l|\u2606DrCups\n|player|p1|\n|j| JohnBD\n|l| JohnBD\n","uploadtime":1721586164,"views":20,"formatid":"gen9vgc2024regg","rating":1692,"private":0,"password":null}