{"id":"gen9vgc2024regg-2164890116","format":"[Gen 9] VGC 2024 Reg G","players":["Ringocc","FlyAwayVGC"],"log":"|j|\u2606Ringocc\n|j|\u2606FlyAwayVGC\n|t:|1721582368\n|gametype|doubles\n|player|p1|Ringocc|169|1684\n|player|p2|FlyAwayVGC|calem-masters|1717\n|teamsize|p1|6\n|teamsize|p2|6\n|gen|9\n|tier|[Gen 9] VGC 2024 Reg G\n|rated|\n|rule|Species Clause: Limit one of each Pok\u00e9mon\n|rule|Item Clause: Limit one of each item\n|clearpoke\n|poke|p1|Urshifu-*, L50, M|\n|poke|p1|Clefairy, L50, F|\n|poke|p1|Grimmsnarl, L50, M|\n|poke|p1|Incineroar, L50, M|\n|poke|p1|Calyrex-Shadow, L50|\n|poke|p1|Raging Bolt, L50|\n|poke|p2|Calyrex-Ice, L50|\n|poke|p2|Ursaluna-Bloodmoon, L50, M|\n|poke|p2|Chien-Pao, L50|\n|poke|p2|Urshifu-*, L50, M|\n|poke|p2|Raging Bolt, L50|\n|poke|p2|Farigiraf, L50, M|\n|teampreview|4\n|inactive|Battle timer is ON: inactive players will automatically lose when time's up. (requested by FlyAwayVGC)\n|inactive|FlyAwayVGC has 60 seconds left.\n|\n|t:|1721582410\n|start\n|switch|p1a: Grimmsnarl|Grimmsnarl, L50, M, shiny|100\/100\n|switch|p1b: Calyrex|Calyrex-Shadow, L50|100\/100\n|switch|p2a: Chien-Pao|Chien-Pao, L50|100\/100\n|switch|p2b: Urshifu|Urshifu-Rapid-Strike, L50, M|100\/100\n|-ability|p1b: Calyrex|As One\n|-ability|p1b: Calyrex|Unnerve\n|-ability|p2a: Chien-Pao|Sword of Ruin\n|turn|1\n|\n|t:|1721582434\n|switch|p2a: Farigiraf|Farigiraf, L50, M|100\/100\n|switch|p1a: Clefairy|Clefairy, L50, F|100\/100\n|-terastallize|p2b: Urshifu|Water\n|-terastallize|p1b: Calyrex|Fairy\n|move|p2b: Urshifu|Surging Strikes|p1b: Calyrex\n|-crit|p1b: Calyrex\n|-damage|p1b: Calyrex|81\/100\n|-crit|p1b: Calyrex\n|-damage|p1b: Calyrex|62\/100\n|-crit|p1b: Calyrex\n|-damage|p1b: Calyrex|43\/100\n|-hitcount|p1b: Calyrex|3\n|move|p1b: Calyrex|Draining Kiss|p2b: Urshifu\n|-damage|p2b: Urshifu|48\/100\n|-heal|p1b: Calyrex|77\/100|[from] drain|[of] p2b: Urshifu\n|\n|upkeep\n|turn|2\n|inactive|Ringocc has 30 seconds left.\n|inactive|FlyAwayVGC has 30 seconds left.\n|\n|t:|1721582465\n|move|p1a: Clefairy|Follow Me|p1a: Clefairy\n|-singleturn|p1a: Clefairy|move: Follow Me\n|move|p2b: Urshifu|Surging Strikes|p1a: Clefairy\n|-crit|p1a: Clefairy\n|-damage|p1a: Clefairy|75\/100\n|-crit|p1a: Clefairy\n|-damage|p1a: Clefairy|49\/100\n|-crit|p1a: Clefairy\n|-damage|p1a: Clefairy|23\/100\n|-hitcount|p1a: Clefairy|3\n|move|p1b: Calyrex|Nasty Plot|p1b: Calyrex\n|-boost|p1b: Calyrex|spa|2\n|move|p2a: Farigiraf|Trick Room|p2a: Farigiraf\n|-fieldstart|move: Trick Room|[of] p2a: Farigiraf\n|\n|upkeep\n|turn|3\n|inactive|FlyAwayVGC has 30 seconds left.\n|\n|t:|1721582492\n|move|p1a: Clefairy|Life Dew|p1a: Clefairy|[spread] p1a,p1b\n|-heal|p1a: Clefairy|47\/100\n|-heal|p1b: Calyrex|100\/100\n|move|p2a: Farigiraf|Tera Blast|p1a: Clefairy\n|-damage|p1a: Clefairy|20\/100\n|move|p1b: Calyrex|Draining Kiss|p2b: Urshifu\n|-crit|p2b: Urshifu\n|-damage|p2b: Urshifu|0 fnt\n|faint|p2b: Urshifu\n|-ability|p1b: Calyrex|Grim Neigh|boost\n|-boost|p1b: Calyrex|spa|1\n|\n|upkeep\n|\n|t:|1721582501\n|switch|p2b: Calyrex|Calyrex-Ice, L50|100\/100\n|-ability|p2b: Calyrex|As One\n|-ability|p2b: Calyrex|Unnerve\n|turn|4\n|inactive|Ringocc has 30 seconds left.\n|\n|t:|1721582535\n|move|p2a: Farigiraf|Helping Hand|p2b: Calyrex\n|-singleturn|p2b: Calyrex|Helping Hand|[of] p2a: Farigiraf\n|move|p1a: Clefairy|Protect|p1a: Clefairy\n|-singleturn|p1a: Clefairy|Protect\n|move|p2b: Calyrex|Glacial Lance|p1a: Clefairy|[spread] p1b\n|-activate|p1a: Clefairy|move: Protect\n|-damage|p1b: Calyrex|43\/100\n|move|p1b: Calyrex|Astral Barrage|p2b: Calyrex|[spread] p2b\n|-immune|p2a: Farigiraf\n|-supereffective|p2b: Calyrex\n|-crit|p2b: Calyrex\n|-damage|p2b: Calyrex|0 fnt\n|faint|p2b: Calyrex\n|-ability|p1b: Calyrex|Grim Neigh|boost\n|-boost|p1b: Calyrex|spa|1\n|\n|upkeep\n|\n|t:|1721582547\n|switch|p2b: Chien-Pao|Chien-Pao, L50|100\/100\n|-ability|p2b: Chien-Pao|Sword of Ruin\n|turn|5\n|\n|t:|1721582558\n|move|p1a: Clefairy|Life Dew|p1a: Clefairy|[spread] p1a,p1b\n|-heal|p1a: Clefairy|45\/100\n|-heal|p1b: Calyrex|69\/100\n|move|p2a: Farigiraf|Tera Blast|p1a: Clefairy\n|-crit|p1a: Clefairy\n|-damage|p1a: Clefairy|8\/100\n|move|p1b: Calyrex|Draining Kiss|p2a: Farigiraf\n|-damage|p2a: Farigiraf|6\/100\n|-heal|p1b: Calyrex|100\/100|[from] drain|[of] p2a: Farigiraf\n|-damage|p1b: Calyrex|84\/100|[from] item: Rocky Helmet|[of] p2a: Farigiraf\n|move|p2b: Chien-Pao|Icicle Crash|p1b: Calyrex\n|-damage|p1b: Calyrex|46\/100\n|\n|upkeep\n|turn|6\n|-message|FlyAwayVGC forfeited.\n|\n|win|Ringocc\n|raw|Ringocc's rating: 1684 &rarr; <strong>1706<\/strong><br \/>(+22 for winning)\n|raw|FlyAwayVGC's rating: 1717 &rarr; <strong>1695<\/strong><br \/>(-22 for losing)\n|l|\u2606FlyAwayVGC\n|player|p2|\n|l|\u2606Ringocc\n|player|p1|\n","uploadtime":1721582815,"views":17,"formatid":"gen9vgc2024regg","rating":1695,"private":0,"password":null}