{"id":"gen9vgc2024regg-2164363735","format":"[Gen 9] VGC 2024 Reg G","players":["Wacko789","shuijun1+shu\u4fa0"],"log":"|j|\u2606Wacko789\n|j|\u2606shuijun1+shu\u4fa0\n|t:|1721496971\n|gametype|doubles\n|player|p1|Wacko789|flannery|1712\n|player|p2|shuijun1+shu\u4fa0|iono|1701\n|teamsize|p1|6\n|teamsize|p2|6\n|gen|9\n|tier|[Gen 9] VGC 2024 Reg G\n|rated|\n|rule|Species Clause: Limit one of each Pok\u00e9mon\n|rule|Item Clause: Limit one of each item\n|clearpoke\n|poke|p1|Kyogre, L50|\n|poke|p1|Whimsicott, L50, F|\n|poke|p1|Chien-Pao, L50|\n|poke|p1|Entei, L50|\n|poke|p1|Raikou, L50|\n|poke|p1|Kingambit, L50, F|\n|poke|p2|Armarouge, L50, F|\n|poke|p2|Zamazenta-*, L50|\n|poke|p2|Indeedee, L50, M|\n|poke|p2|Roaring Moon, L50|\n|poke|p2|Urshifu-*, L50, F|\n|poke|p2|Maushold, L50|\n|teampreview|4\n|inactive|Battle timer is ON: inactive players will automatically lose when time's up. (requested by Wacko789)\n|j| bluestraggler03\n|j| CartelVGC\n|inactive|Wacko789 has 60 seconds left.\n|\n|t:|1721497025\n|start\n|switch|p1a: Whimsicott|Whimsicott, L50, F|100\/100\n|switch|p1b: Kyogre|Kyogre, L50|100\/100\n|switch|p2a: \u6708\u7ffc\u4e01\u771f|Roaring Moon, L50|100\/100\n|switch|p2b: \u715c\u708e\u4e01\u771f|Armarouge, L50, F, shiny|100\/100\n|-weather|RainDance|[from] ability: Drizzle|[of] p1b: Kyogre\n|-enditem|p2a: \u6708\u7ffc\u4e01\u771f|Booster Energy\n|-activate|p2a: \u6708\u7ffc\u4e01\u771f|ability: Protosynthesis|[fromitem]\n|-start|p2a: \u6708\u7ffc\u4e01\u771f|protosynthesisspe\n|turn|1\n|\n|t:|1721497042\n|move|p2b: \u715c\u708e\u4e01\u771f|Protect|p2b: \u715c\u708e\u4e01\u771f\n|-singleturn|p2b: \u715c\u708e\u4e01\u771f|Protect\n|move|p1a: Whimsicott|Tailwind|p1a: Whimsicott\n|-sidestart|p1: Wacko789|move: Tailwind\n|move|p2a: \u6708\u7ffc\u4e01\u771f|Tailwind|p2a: \u6708\u7ffc\u4e01\u771f\n|-sidestart|p2: shuijun1+shu\u4fa0|move: Tailwind\n|move|p1b: Kyogre|Ice Beam|p2a: \u6708\u7ffc\u4e01\u771f\n|-supereffective|p2a: \u6708\u7ffc\u4e01\u771f\n|-damage|p2a: \u6708\u7ffc\u4e01\u771f|29\/100\n|\n|-weather|RainDance|[upkeep]\n|upkeep\n|turn|2\n|\n|t:|1721497062\n|switch|p2b: \u610f\u8335\u4e01\u771f|Indeedee, L50, M|100\/100\n|-fieldstart|move: Psychic Terrain|[from] ability: Psychic Surge|[of] p2b: \u610f\u8335\u4e01\u771f\n|-terastallize|p2a: \u6708\u7ffc\u4e01\u771f|Ghost\n|move|p1a: Whimsicott|Encore|p2b: \u610f\u8335\u4e01\u771f\n|-activate|p2b: \u610f\u8335\u4e01\u771f|move: Psychic Terrain\n|move|p2a: \u6708\u7ffc\u4e01\u771f|Knock Off|p1b: Kyogre\n|-damage|p1b: Kyogre|58\/100\n|-enditem|p1b: Kyogre|Mystic Water|[from] move: Knock Off|[of] p2a: \u6708\u7ffc\u4e01\u771f\n|move|p1b: Kyogre|Ice Beam|p2a: \u6708\u7ffc\u4e01\u771f\n|-damage|p2a: \u6708\u7ffc\u4e01\u771f|0 fnt\n|faint|p2a: \u6708\u7ffc\u4e01\u771f\n|-end|p2a: \u6708\u7ffc\u4e01\u771f|Protosynthesis|[silent]\n|\n|-weather|RainDance|[upkeep]\n|upkeep\n|\n|t:|1721497079\n|switch|p2a: \u6bc5\u52c7\u4e01\u771f|Zamazenta-Crowned, L50|100\/100\n|-ability|p2a: \u6bc5\u52c7\u4e01\u771f|Dauntless Shield|boost\n|-boost|p2a: \u6bc5\u52c7\u4e01\u771f|def|1\n|turn|3\n|\n|t:|1721497089\n|switch|p1a: Chien-Pao|Chien-Pao, L50|100\/100\n|-ability|p1a: Chien-Pao|Sword of Ruin\n|move|p1b: Kyogre|Protect|p1b: Kyogre\n|-singleturn|p1b: Kyogre|Protect\n|move|p2b: \u610f\u8335\u4e01\u771f|Encore||[still]\n|-fail|p2b: \u610f\u8335\u4e01\u771f\n|move|p2a: \u6bc5\u52c7\u4e01\u771f|Body Press|p1b: Kyogre\n|-activate|p1b: Kyogre|move: Protect\n|\n|-weather|RainDance|[upkeep]\n|upkeep\n|turn|4\n|inactive|Wacko789 has 30 seconds left.\n|inactive|shuijun1+shu\u4fa0 has 30 seconds left.\n|\n|t:|1721497122\n|switch|p1b: Whimsicott|Whimsicott, L50, F|100\/100\n|move|p2b: \u610f\u8335\u4e01\u771f|Encore||[still]\n|-fail|p2b: \u610f\u8335\u4e01\u771f\n|move|p1a: Chien-Pao|Ice Spinner|p2b: \u610f\u8335\u4e01\u771f\n|-damage|p2b: \u610f\u8335\u4e01\u771f|24\/100\n|-fieldend|move: Psychic Terrain\n|move|p2a: \u6bc5\u52c7\u4e01\u771f|Heavy Slam|p1b: Whimsicott\n|-supereffective|p1b: Whimsicott\n|-damage|p1b: Whimsicott|0 fnt\n|faint|p1b: Whimsicott\n|\n|-weather|RainDance|[upkeep]\n|-sideend|p2: shuijun1+shu\u4fa0|move: Tailwind\n|-sideend|p1: Wacko789|move: Tailwind\n|upkeep\n|\n|t:|1721497141\n|switch|p1b: Kingambit|Kingambit, L50, F|100\/100\n|turn|5\n|\n|t:|1721497161\n|switch|p2b: \u715c\u708e\u4e01\u771f|Armarouge, L50, F, shiny|100\/100\n|move|p1b: Kingambit|Sucker Punch||[still]\n|-fail|p1b: Kingambit\n|move|p1a: Chien-Pao|Ice Spinner|p2b: \u715c\u708e\u4e01\u771f\n|-resisted|p2b: \u715c\u708e\u4e01\u771f\n|-damage|p2b: \u715c\u708e\u4e01\u771f|71\/100\n|-ability|p2b: \u715c\u708e\u4e01\u771f|Weak Armor|boost\n|-unboost|p2b: \u715c\u708e\u4e01\u771f|def|1\n|-boost|p2b: \u715c\u708e\u4e01\u771f|spe|2\n|move|p2a: \u6bc5\u52c7\u4e01\u771f|Coaching|p2b: \u715c\u708e\u4e01\u771f\n|-boost|p2b: \u715c\u708e\u4e01\u771f|atk|1\n|-boost|p2b: \u715c\u708e\u4e01\u771f|def|1\n|\n|-weather|none\n|upkeep\n|turn|6\n|inactive|Wacko789 has 30 seconds left.\n|inactive|Wacko789 has 20 seconds left.\n|\n|t:|1721497197\n|-terastallize|p1b: Kingambit|Dark\n|move|p2b: \u715c\u708e\u4e01\u771f|Protect|p2b: \u715c\u708e\u4e01\u771f\n|-singleturn|p2b: \u715c\u708e\u4e01\u771f|Protect\n|move|p1a: Chien-Pao|Ice Spinner|p2a: \u6bc5\u52c7\u4e01\u771f\n|-resisted|p2a: \u6bc5\u52c7\u4e01\u771f\n|-damage|p2a: \u6bc5\u52c7\u4e01\u771f|89\/100\n|move|p2a: \u6bc5\u52c7\u4e01\u771f|Heavy Slam|p1a: Chien-Pao\n|-supereffective|p1a: Chien-Pao\n|-enditem|p1a: Chien-Pao|Focus Sash\n|-damage|p1a: Chien-Pao|1\/100\n|move|p1b: Kingambit|Kowtow Cleave|p2b: \u715c\u708e\u4e01\u771f\n|-activate|p2b: \u715c\u708e\u4e01\u771f|move: Protect\n|\n|upkeep\n|turn|7\n|inactive|Wacko789 has 30 seconds left.\n|\n|t:|1721497226\n|move|p2b: \u715c\u708e\u4e01\u771f|Protect||[still]\n|-fail|p2b: \u715c\u708e\u4e01\u771f\n|move|p1a: Chien-Pao|Ice Spinner|p2a: \u6bc5\u52c7\u4e01\u771f\n|-resisted|p2a: \u6bc5\u52c7\u4e01\u771f\n|-crit|p2a: \u6bc5\u52c7\u4e01\u771f\n|-damage|p2a: \u6bc5\u52c7\u4e01\u771f|66\/100\n|move|p2a: \u6bc5\u52c7\u4e01\u771f|Body Press|p1b: Kingambit\n|-supereffective|p1b: Kingambit\n|-damage|p1b: Kingambit|0 fnt\n|faint|p1b: Kingambit\n|\n|upkeep\n|\n|t:|1721497237\n|switch|p1b: Kyogre|Kyogre, L50|58\/100\n|-weather|RainDance|[from] ability: Drizzle|[of] p1b: Kyogre\n|turn|8\n|\n|t:|1721497251\n|move|p2b: \u715c\u708e\u4e01\u771f|Heat Wave|p1a: Chien-Pao|[spread] \n|-miss|p2b: \u715c\u708e\u4e01\u771f|p1a: Chien-Pao\n|-miss|p2b: \u715c\u708e\u4e01\u771f|p1b: Kyogre\n|move|p1a: Chien-Pao|Sacred Sword|p2a: \u6bc5\u52c7\u4e01\u771f\n|-supereffective|p2a: \u6bc5\u52c7\u4e01\u771f\n|-damage|p2a: \u6bc5\u52c7\u4e01\u771f|23\/100\n|move|p2a: \u6bc5\u52c7\u4e01\u771f|Body Press|p1b: Kyogre\n|-damage|p1b: Kyogre|0 fnt\n|faint|p1b: Kyogre\n|\n|-weather|RainDance|[upkeep]\n|upkeep\n|turn|9\n|\n|t:|1721497265\n|switch|p2a: \u610f\u8335\u4e01\u771f|Indeedee, L50, M|24\/100\n|-fieldstart|move: Psychic Terrain|[from] ability: Psychic Surge|[of] p2a: \u610f\u8335\u4e01\u771f\n|move|p1a: Chien-Pao|Sucker Punch|p2b: \u715c\u708e\u4e01\u771f\n|-activate|p2b: \u715c\u708e\u4e01\u771f|move: Psychic Terrain\n|move|p2b: \u715c\u708e\u4e01\u771f|Aura Sphere|p1a: Chien-Pao\n|-supereffective|p1a: Chien-Pao\n|-damage|p1a: Chien-Pao|0 fnt\n|faint|p1a: Chien-Pao\n|\n|win|shuijun1+shu\u4fa0\n|raw|Wacko789's rating: 1712 &rarr; <strong>1691<\/strong><br \/>(-21 for losing)\n|raw|shuijun1+shu\u4fa0's rating: 1701 &rarr; <strong>1722<\/strong><br \/>(+21 for winning)\n|l|\u2606Wacko789\n|player|p1|\n|l|\u2606shuijun1+shu\u4fa0\n|player|p2|\n|l| CartelVGC\n|l| bluestraggler03\n","uploadtime":1721497275,"views":46,"formatid":"gen9vgc2024regg","rating":1691,"private":0,"password":null}