{"id":"gen9vgc2024regg-2164873764","format":"[Gen 9] VGC 2024 Reg G","players":["DrCups","Ringocc"],"log":"|j|\u2606DrCups\n|j|\u2606Ringocc\n|t:|1721580256\n|gametype|doubles\n|player|p1|DrCups|266|1653\n|player|p2|Ringocc|169|1717\n|teamsize|p1|6\n|teamsize|p2|6\n|gen|9\n|tier|[Gen 9] VGC 2024 Reg G\n|rated|\n|rule|Species Clause: Limit one of each Pok\u00e9mon\n|rule|Item Clause: Limit one of each item\n|clearpoke\n|poke|p1|Kyogre, L50|\n|poke|p1|Raging Bolt, L50|\n|poke|p1|Grimmsnarl, L50, M|\n|poke|p1|Rillaboom, L50, M|\n|poke|p1|Amoonguss, L50, M|\n|poke|p1|Incineroar, L50, M|\n|poke|p2|Urshifu-*, L50, M|\n|poke|p2|Clefairy, L50, F|\n|poke|p2|Grimmsnarl, L50, M|\n|poke|p2|Incineroar, L50, M|\n|poke|p2|Calyrex-Shadow, L50|\n|poke|p2|Raging Bolt, L50|\n|teampreview|4\n|inactive|Battle timer is ON: inactive players will automatically lose when time's up. (requested by Ringocc)\n|inactive|Ringocc has 60 seconds left.\n|l|\u2606DrCups\n|inactive|DrCups disconnected and has a minute to reconnect!\n|player|p1|\n|j|\u2606DrCups\n|inactive|DrCups reconnected.\n|player|p1|DrCups|266|\n|inactive|Ringocc has 30 seconds left.\n|inactive|Ringocc has 20 seconds left.\n|inactive|Ringocc has 15 seconds left.\n|inactive|Ringocc has 10 seconds left.\n|inactive|Ringocc has 5 seconds left.\n|\n|t:|1721580400\n|start\n|switch|p1a: Grimmsnarl|Grimmsnarl, L50, M|100\/100\n|switch|p1b: Kyogre|Kyogre, L50|100\/100\n|switch|p2a: Calyrex|Calyrex-Shadow, L50|100\/100\n|switch|p2b: Grimmsnarl|Grimmsnarl, L50, M, shiny|100\/100\n|-ability|p2a: Calyrex|As One\n|-ability|p2a: Calyrex|Unnerve\n|-weather|RainDance|[from] ability: Drizzle|[of] p1b: Kyogre\n|turn|1\n|inactive|DrCups has 30 seconds left.\n|inactive|Ringocc has 30 seconds left.\n|inactive|DrCups has 20 seconds left.\n|inactive|DrCups has 15 seconds left.\n|\n|t:|1721580440\n|move|p1a: Grimmsnarl|Light Screen|p1a: Grimmsnarl\n|-sidestart|p1: DrCups|move: Light Screen\n|move|p2b: Grimmsnarl|Thunder Wave|p1b: Kyogre\n|-status|p1b: Kyogre|par\n|move|p2a: Calyrex|Nasty Plot|p2a: Calyrex\n|-boost|p2a: Calyrex|spa|2\n|move|p1b: Kyogre|Calm Mind|p1b: Kyogre\n|-boost|p1b: Kyogre|spa|1\n|-boost|p1b: Kyogre|spd|1\n|\n|-weather|RainDance|[upkeep]\n|upkeep\n|turn|2\n|\n|t:|1721580465\n|move|p1a: Grimmsnarl|Thunder Wave|p2a: Calyrex\n|-status|p2a: Calyrex|par\n|move|p2b: Grimmsnarl|Light Screen|p2b: Grimmsnarl\n|-sidestart|p2: Ringocc|move: Light Screen\n|move|p2a: Calyrex|Nasty Plot|p2a: Calyrex\n|-boost|p2a: Calyrex|spa|2\n|move|p1b: Kyogre|Calm Mind|p1b: Kyogre\n|-boost|p1b: Kyogre|spa|1\n|-boost|p1b: Kyogre|spd|1\n|\n|-weather|RainDance|[upkeep]\n|upkeep\n|turn|3\n|inactive|DrCups has 30 seconds left.\n|inactive|Ringocc has 30 seconds left.\n|inactive|Ringocc has 20 seconds left.\n|\n|t:|1721580502\n|switch|p2b: Clefairy|Clefairy, L50, F|100\/100\n|-terastallize|p2a: Calyrex|Fairy\n|move|p2a: Calyrex|Astral Barrage|p1a: Grimmsnarl|[spread] p1a,p1b\n|-resisted|p1a: Grimmsnarl\n|-damage|p1a: Grimmsnarl|58\/100\n|-damage|p1b: Kyogre|67\/100 par\n|move|p1a: Grimmsnarl|Spirit Break|p2a: Calyrex\n|-damage|p2a: Calyrex|81\/100 par\n|move|p1b: Kyogre|Origin Pulse|p2a: Calyrex|[spread] p2a,p2b\n|-damage|p2a: Calyrex|24\/100 par\n|-damage|p2b: Clefairy|19\/100\n|\n|-weather|RainDance|[upkeep]\n|-heal|p1b: Kyogre|73\/100 par|[from] item: Leftovers\n|upkeep\n|turn|4\n|inactive|DrCups has 30 seconds left.\n|inactive|Ringocc has 30 seconds left.\n|inactive|DrCups has 20 seconds left.\n|inactive|Ringocc has 20 seconds left.\n|inactive|DrCups has 15 seconds left.\n|\n|t:|1721580545\n|move|p1b: Kyogre|Protect|p1b: Kyogre\n|-singleturn|p1b: Kyogre|Protect\n|move|p2b: Clefairy|Protect|p2b: Clefairy\n|-singleturn|p2b: Clefairy|Protect\n|cant|p2a: Calyrex|par\n|move|p1a: Grimmsnarl|Spirit Break|p2a: Calyrex\n|-damage|p2a: Calyrex|3\/100 par\n|\n|-weather|RainDance|[upkeep]\n|-heal|p1b: Kyogre|79\/100 par|[from] item: Leftovers\n|upkeep\n|turn|5\n|\n|t:|1721580563\n|move|p2b: Clefairy|Helping Hand|p2a: Calyrex\n|-singleturn|p2a: Calyrex|Helping Hand|[of] p2b: Clefairy\n|move|p1a: Grimmsnarl|Thunder Wave|p2b: Clefairy|[miss]\n|-miss|p1a: Grimmsnarl|p2b: Clefairy\n|cant|p2a: Calyrex|par\n|move|p1b: Kyogre|Origin Pulse|p2a: Calyrex|[spread] p2a,p2b\n|-damage|p2a: Calyrex|0 fnt\n|-damage|p2b: Clefairy|0 fnt\n|faint|p2a: Calyrex\n|faint|p2b: Clefairy\n|\n|-weather|none\n|-heal|p1b: Kyogre|85\/100 par|[from] item: Leftovers\n|upkeep\n|\n|t:|1721580587\n|switch|p2a: Urshifu|Urshifu-Rapid-Strike, L50, M|100\/100\n|switch|p2b: Grimmsnarl|Grimmsnarl, L50, M, shiny|100\/100\n|turn|6\n|inactive|DrCups has 30 seconds left.\n|inactive|DrCups has 20 seconds left.\n|inactive|DrCups has 15 seconds left.\n|\n|t:|1721580630\n|move|p1a: Grimmsnarl|Reflect|p1a: Grimmsnarl\n|-sidestart|p1: DrCups|Reflect\n|move|p2a: Urshifu|Close Combat|p1b: Kyogre\n|-damage|p1b: Kyogre|45\/100 par\n|-unboost|p2a: Urshifu|def|1\n|-unboost|p2a: Urshifu|spd|1\n|move|p2b: Grimmsnarl|Spirit Break|p1a: Grimmsnarl\n|-supereffective|p1a: Grimmsnarl\n|-damage|p1a: Grimmsnarl|10\/100\n|-unboost|p1a: Grimmsnarl|spa|1\n|move|p1b: Kyogre|Origin Pulse|p2b: Grimmsnarl|[spread] p2b\n|-miss|p1b: Kyogre|p2a: Urshifu\n|-damage|p2b: Grimmsnarl|43\/100\n|\n|-heal|p1b: Kyogre|50\/100 par|[from] item: Leftovers\n|upkeep\n|turn|7\n|-message|Ringocc forfeited.\n|\n|win|DrCups\n|raw|DrCups's rating: 1653 &rarr; <strong>1677<\/strong><br \/>(+24 for winning)\n|raw|Ringocc's rating: 1717 &rarr; <strong>1693<\/strong><br \/>(-24 for losing)\n|l|\u2606Ringocc\n|player|p2|\n|l|\u2606DrCups\n|player|p1|\n","uploadtime":1721580860,"views":11,"formatid":"gen9vgc2024regg","rating":1677,"private":0,"password":null}