{"id":"gen9vgc2024regg-2164890165","format":"[Gen 9] VGC 2024 Reg G","players":["RandomDuVGCFR","LewLew0110"],"log":"|j|\u2606RandomDuVGCFR\n|j|\u2606LewLew0110\n|t:|1721582376\n|gametype|doubles\n|player|p1|RandomDuVGCFR|169|1736\n|player|p2|LewLew0110|red|1723\n|teamsize|p1|6\n|teamsize|p2|6\n|gen|9\n|tier|[Gen 9] VGC 2024 Reg G\n|rated|\n|rule|Species Clause: Limit one of each Pok\u00e9mon\n|rule|Item Clause: Limit one of each item\n|clearpoke\n|poke|p1|Terapagos, L50, M|\n|poke|p1|Tornadus, L50, M|\n|poke|p1|Rillaboom, L50, F|\n|poke|p1|Urshifu-*, L50, M|\n|poke|p1|Chi-Yu, L50|\n|poke|p1|Flutter Mane, L50|\n|poke|p2|Calyrex-Shadow, L50|\n|poke|p2|Indeedee-F, L50, F|\n|poke|p2|Clefairy, L50, F|\n|poke|p2|Incineroar, L50, M|\n|poke|p2|Tornadus, L50, M|\n|poke|p2|Mienshao, L50, F|\n|teampreview|4\n|inactive|Battle timer is ON: inactive players will automatically lose when time's up. (requested by LewLew0110)\n|\n|t:|1721582393\n|start\n|switch|p1a: Tornadus|Tornadus, L50, M, shiny|100\/100\n|switch|p1b: Chi-Yu|Chi-Yu, L50|100\/100\n|switch|p2a: Calyrex|Calyrex-Shadow, L50|100\/100\n|switch|p2b: Tornadus|Tornadus, L50, M|100\/100\n|-ability|p2a: Calyrex|As One\n|-ability|p2a: Calyrex|Unnerve\n|-ability|p1b: Chi-Yu|Beads of Ruin\n|turn|1\n|\n|t:|1721582406\n|switch|p2a: Mienshao|Mienshao, L50, F|100\/100\n|move|p2b: Tornadus|Tailwind|p2b: Tornadus\n|-sidestart|p2: LewLew0110|move: Tailwind\n|move|p1a: Tornadus|Sunny Day|p1a: Tornadus\n|-weather|SunnyDay\n|move|p1b: Chi-Yu|Heat Wave|p2a: Mienshao|[spread] p2a,p2b\n|-enditem|p2a: Mienshao|Focus Sash\n|-damage|p2a: Mienshao|1\/100\n|-damage|p2b: Tornadus|0 fnt\n|faint|p2b: Tornadus\n|-damage|p1b: Chi-Yu|91\/100|[from] item: Life Orb\n|\n|-weather|SunnyDay|[upkeep]\n|upkeep\n|\n|t:|1721582415\n|switch|p2b: Calyrex|Calyrex-Shadow, L50|100\/100\n|-ability|p2b: Calyrex|As One\n|-ability|p2b: Calyrex|Unnerve\n|turn|2\n|\n|t:|1721582429\n|-terastallize|p2b: Calyrex|Ghost\n|-terastallize|p1b: Chi-Yu|Ghost\n|move|p2a: Mienshao|Wide Guard|p2a: Mienshao\n|-singleturn|p2a: Mienshao|Wide Guard\n|move|p1a: Tornadus|Tailwind|p1a: Tornadus\n|-sidestart|p1: RandomDuVGCFR|move: Tailwind\n|move|p2b: Calyrex|Astral Barrage|p1b: Chi-Yu|[spread] p1a,p1b\n|-supereffective|p1b: Chi-Yu\n|-damage|p1a: Tornadus|0 fnt\n|-damage|p1b: Chi-Yu|0 fnt\n|faint|p1a: Tornadus\n|faint|p1b: Chi-Yu\n|-ability|p2b: Calyrex|Grim Neigh|boost\n|-boost|p2b: Calyrex|spa|2\n|\n|-weather|SunnyDay|[upkeep]\n|upkeep\n|\n|t:|1721582441\n|switch|p1b: Terapagos|Terapagos, L50, M|100\/100\n|switch|p1a: Flutter Mane|Flutter Mane, L50|100\/100\n|-activate|p1b: Terapagos|ability: Tera Shift\n|detailschange|p1b: Terapagos|Terapagos-Terastal, L50, M\n|-heal|p1b: Terapagos|100\/100|[silent]\n|-activate|p1a: Flutter Mane|ability: Protosynthesis\n|-start|p1a: Flutter Mane|protosynthesisspa\n|turn|3\n|\n|t:|1721582454\n|switch|p2b: Indeedee|Indeedee-F, L50, F|100\/100\n|-fieldstart|move: Psychic Terrain|[from] ability: Psychic Surge|[of] p2b: Indeedee\n|-enditem|p2b: Indeedee|Psychic Seed\n|-boost|p2b: Indeedee|spd|1|[from] item: Psychic Seed\n|move|p1a: Flutter Mane|Shadow Ball|p2b: Indeedee\n|-immune|p2b: Indeedee\n|move|p2a: Mienshao|Close Combat|p1b: Terapagos\n|-activate|p1b: Terapagos|ability: Tera Shell\n|-resisted|p1b: Terapagos\n|-damage|p1b: Terapagos|70\/100\n|-unboost|p2a: Mienshao|def|1\n|-unboost|p2a: Mienshao|spd|1\n|move|p1b: Terapagos|Tera Starstorm|p2a: Mienshao\n|-damage|p2a: Mienshao|0 fnt\n|faint|p2a: Mienshao\n|\n|-weather|SunnyDay|[upkeep]\n|upkeep\n|\n|t:|1721582460\n|switch|p2a: Calyrex|Calyrex-Shadow, L50, tera:Ghost|100\/100\n|-ability|p2a: Calyrex|As One\n|-ability|p2a: Calyrex|Unnerve\n|turn|4\n|inactive|LewLew0110 has 30 seconds left.\n|\n|t:|1721582486\n|move|p2b: Indeedee|Follow Me|p2b: Indeedee\n|-singleturn|p2b: Indeedee|move: Follow Me\n|move|p2a: Calyrex|Expanding Force|p1a: Flutter Mane|[spread] p1a,p1b\n|-crit|p1b: Terapagos\n|-enditem|p1a: Flutter Mane|Focus Sash\n|-damage|p1a: Flutter Mane|1\/100\n|-damage|p1b: Terapagos|0 fnt\n|faint|p1b: Terapagos\n|-ability|p2a: Calyrex|Grim Neigh|boost\n|-boost|p2a: Calyrex|spa|1\n|move|p1a: Flutter Mane|Moonblast|p2b: Indeedee\n|-damage|p2b: Indeedee|62\/100\n|\n|-weather|SunnyDay|[upkeep]\n|-sideend|p2: LewLew0110|move: Tailwind\n|upkeep\n|turn|5\n|-message|RandomDuVGCFR forfeited.\n|\n|win|LewLew0110\n|raw|RandomDuVGCFR's rating: 1736 &rarr; <strong>1715<\/strong><br \/>(-21 for losing)\n|raw|LewLew0110's rating: 1723 &rarr; <strong>1744<\/strong><br \/>(+21 for winning)\n|l|\u2606LewLew0110\n|player|p2|\n|l|\u2606RandomDuVGCFR\n|player|p1|\n","uploadtime":1721582674,"views":31,"formatid":"gen9vgc2024regg","rating":1715,"private":0,"password":null}