{"id":"gen9vgc2024regg-2164116492","format":"[Gen 9] VGC 2024 Reg G","players":["GOSZYR","chuanOVO"],"log":"|j|\u2606GOSZYR\n|j|\u2606chuanOVO\n|t:|1721452228\n|gametype|doubles\n|player|p1|GOSZYR|misty|1679\n|player|p2|chuanOVO|n|1761\n|teamsize|p1|6\n|teamsize|p2|6\n|gen|9\n|tier|[Gen 9] VGC 2024 Reg G\n|rated|\n|rule|Species Clause: Limit one of each Pok\u00e9mon\n|rule|Item Clause: Limit one of each item\n|clearpoke\n|poke|p1|Kyogre, L50|\n|poke|p1|Wo-Chien, L50|\n|poke|p1|Grimmsnarl, L50, M|\n|poke|p1|Incineroar, L50, F|\n|poke|p1|Landorus, L50, M|\n|poke|p1|Iron Jugulis, L50|\n|poke|p2|Miraidon, L50|\n|poke|p2|Urshifu-*, L50, M|\n|poke|p2|Ogerpon-Hearthflame, L50, F|\n|poke|p2|Iron Hands, L50|\n|poke|p2|Farigiraf, L50, M|\n|poke|p2|Ditto, L50|\n|teampreview|4\n|\n|t:|1721452256\n|start\n|switch|p1a: Landorus|Landorus, L50, M|100\/100\n|switch|p1b: Iron Jugulis|Iron Jugulis, L50|100\/100\n|switch|p2a: Iron Hands|Iron Hands, L50, shiny|100\/100\n|switch|p2b: Ditto|Ditto, L50, shiny|100\/100\n|-transform|p2b: Ditto|p1a: Landorus|[from] ability: Imposter\n|-enditem|p1b: Iron Jugulis|Booster Energy\n|-activate|p1b: Iron Jugulis|ability: Quark Drive|[fromitem]\n|-start|p1b: Iron Jugulis|quarkdrivespe\n|turn|1\n|inactive|Battle timer is ON: inactive players will automatically lose when time's up. (requested by GOSZYR)\n|j| THUNDERSND77\n|\n|t:|1721452301\n|switch|p2b: Ogerpon|Ogerpon-Hearthflame, L50, F|100\/100\n|-ability|p2b: Ogerpon|Mold Breaker\n|move|p2a: Iron Hands|Fake Out|p1a: Landorus\n|-damage|p1a: Landorus|81\/100\n|move|p1b: Iron Jugulis|Snarl|p2a: Iron Hands|[spread] p2a,p2b\n|-resisted|p2a: Iron Hands\n|-damage|p2a: Iron Hands|96\/100\n|-damage|p2b: Ogerpon|81\/100\n|-unboost|p2a: Iron Hands|spa|1\n|-unboost|p2b: Ogerpon|spa|1\n|cant|p1a: Landorus|flinch\n|\n|upkeep\n|turn|2\n|j| Therazer456\n|inactive|chuanOVO has 30 seconds left.\n|j| poolsideguy\n|inactive|GOSZYR has 30 seconds left.\n|inactive|chuanOVO has 20 seconds left.\n|\n|t:|1721452339\n|switch|p1a: Kyogre|Kyogre, L50|100\/100\n|-weather|RainDance|[from] ability: Drizzle|[of] p1a: Kyogre\n|switch|p2b: Ditto|Ditto, L50, shiny|100\/100\n|-transform|p2b: Ditto|p1a: Kyogre|[from] ability: Imposter\n|-terastallize|p2a: Iron Hands|Water\n|move|p1b: Iron Jugulis|Tailwind|p1b: Iron Jugulis\n|-sidestart|p1: GOSZYR|move: Tailwind\n|move|p2a: Iron Hands|Heavy Slam|p1a: Kyogre\n|-resisted|p1a: Kyogre\n|-damage|p1a: Kyogre|94\/100\n|\n|-weather|RainDance|[upkeep]\n|upkeep\n|turn|3\n|inactive|chuanOVO has 30 seconds left.\n|inactive|chuanOVO has 20 seconds left.\n|inactive|chuanOVO has 15 seconds left.\n|\n|t:|1721452382\n|-end|p1b: Iron Jugulis|Quark Drive|[silent]\n|switch|p1b: Wo-Chien|Wo-Chien, L50|100\/100\n|-ability|p1b: Wo-Chien|Tablets of Ruin\n|-terastallize|p1a: Kyogre|Grass\n|move|p1a: Kyogre|Thunder|p2b: Ditto\n|-supereffective|p2b: Ditto\n|-damage|p2b: Ditto|30\/100\n|-status|p2b: Ditto|par\n|cant|p2b: Ditto|par\n|move|p2a: Iron Hands|Wild Charge|p1a: Kyogre\n|-resisted|p1a: Kyogre\n|-damage|p1a: Kyogre|79\/100\n|-damage|p2a: Iron Hands|93\/100|[from] Recoil\n|\n|-weather|RainDance|[upkeep]\n|upkeep\n|turn|4\n|inactive|chuanOVO has 30 seconds left.\n|inactive|chuanOVO has 20 seconds left.\n|\n|t:|1721452420\n|move|p1b: Wo-Chien|Pollen Puff|p1a: Kyogre\n|-heal|p1a: Kyogre|100\/100\n|move|p1a: Kyogre|Water Spout|p2b: Ditto|[spread] p2a,p2b\n|-resisted|p2a: Iron Hands\n|-resisted|p2b: Ditto\n|-damage|p2a: Iron Hands|65\/100\n|-damage|p2b: Ditto|0 fnt\n|faint|p2b: Ditto\n|move|p2a: Iron Hands|Drain Punch|p1a: Kyogre\n|-damage|p1a: Kyogre|74\/100\n|-heal|p2a: Iron Hands|76\/100|[from] drain|[of] p1a: Kyogre\n|\n|-weather|RainDance|[upkeep]\n|upkeep\n|\n|t:|1721452441\n|switch|p2b: Ogerpon|Ogerpon-Hearthflame, L50, F|81\/100\n|-ability|p2b: Ogerpon|Mold Breaker\n|turn|5\n|\n|t:|1721452462\n|move|p2b: Ogerpon|Spiky Shield|p2b: Ogerpon\n|-singleturn|p2b: Ogerpon|move: Protect\n|move|p1b: Wo-Chien|Pollen Puff|p1a: Kyogre\n|-heal|p1a: Kyogre|100\/100\n|move|p1a: Kyogre|Water Spout|p2b: Ogerpon|[spread] p2a\n|-activate|p2b: Ogerpon|move: Protect\n|-resisted|p2a: Iron Hands\n|-damage|p2a: Iron Hands|50\/100\n|move|p2a: Iron Hands|Drain Punch|p1a: Kyogre\n|-damage|p1a: Kyogre|74\/100\n|-heal|p2a: Iron Hands|62\/100|[from] drain|[of] p1a: Kyogre\n|\n|-weather|RainDance|[upkeep]\n|-sideend|p1: GOSZYR|move: Tailwind\n|upkeep\n|turn|6\n|inactive|chuanOVO has 30 seconds left.\n|inactive|chuanOVO has 20 seconds left.\n|\n|t:|1721452498\n|switch|p1a: Iron Jugulis|Iron Jugulis, L50|100\/100\n|-end|p2a: Iron Hands|Quark Drive|[silent]\n|switch|p2a: Miraidon|Miraidon, L50|100\/100\n|-fieldstart|move: Electric Terrain|[from] ability: Hadron Engine|[of] p2a: Miraidon\n|-activate|p1a: Iron Jugulis|ability: Quark Drive\n|-start|p1a: Iron Jugulis|quarkdrivespe\n|move|p2b: Ogerpon|Ivy Cudgel|p1b: Wo-Chien|[anim] Ivy Cudgel Fire\n|-supereffective|p1b: Wo-Chien\n|-damage|p1b: Wo-Chien|68\/100\n|move|p1b: Wo-Chien|Leech Seed|p2a: Miraidon\n|-start|p2a: Miraidon|move: Leech Seed\n|\n|-weather|none\n|-heal|p1b: Wo-Chien|74\/100|[from] item: Leftovers\n|-damage|p2a: Miraidon|88\/100|[from] Leech Seed|[of] p1b: Wo-Chien\n|-heal|p1b: Wo-Chien|86\/100|[silent]\n|upkeep\n|turn|7\n|inactive|GOSZYR has 30 seconds left.\n|inactive|chuanOVO has 30 seconds left.\n|inactive|chuanOVO has 20 seconds left.\n|inactive|chuanOVO has 15 seconds left.\n|inactive|chuanOVO has 10 seconds left.\n|inactive|chuanOVO has 5 seconds left.\n|\n|t:|1721452553\n|move|p1a: Iron Jugulis|Protect|p1a: Iron Jugulis\n|-singleturn|p1a: Iron Jugulis|Protect\n|move|p1b: Wo-Chien|Protect|p1b: Wo-Chien\n|-singleturn|p1b: Wo-Chien|Protect\n|move|p2a: Miraidon|Electro Drift|p1a: Iron Jugulis\n|-activate|p1a: Iron Jugulis|move: Protect\n|move|p2b: Ogerpon|Ivy Cudgel|p1b: Wo-Chien|[anim] Ivy Cudgel Fire\n|-activate|p1b: Wo-Chien|move: Protect\n|\n|-heal|p1b: Wo-Chien|93\/100|[from] item: Leftovers\n|-damage|p2a: Miraidon|76\/100|[from] Leech Seed|[of] p1b: Wo-Chien\n|-heal|p1b: Wo-Chien|100\/100|[silent]\n|upkeep\n|turn|8\n|j| SpecsIronHands\n|l|\u2606chuanOVO\n|inactive|chuanOVO disconnected and has a minute to reconnect!\n|player|p2|\n|inactive|GOSZYR has 30 seconds left.\n|inactive|chuanOVO has 30 seconds left.\n|j|\u2606chuanOVO\n|inactive|chuanOVO reconnected and has 30 seconds left.\n|player|p2|chuanOVO|n|\n|inactive|chuanOVO has 20 seconds left.\n|inactive|chuanOVO has 15 seconds left.\n|inactive|chuanOVO has 10 seconds left.\n|inactive|chuanOVO has 5 seconds left.\n|\n|t:|1721452607\n|switch|p2a: Iron Hands|Iron Hands, L50, shiny, tera:Water|62\/100\n|-activate|p2a: Iron Hands|ability: Quark Drive\n|-start|p2a: Iron Hands|quarkdriveatk\n|switch|p1b: Kyogre|Kyogre, L50, tera:Grass|74\/100\n|-weather|RainDance|[from] ability: Drizzle|[of] p1b: Kyogre\n|move|p1a: Iron Jugulis|Hurricane|p2b: Ogerpon\n|-supereffective|p2b: Ogerpon\n|-damage|p2b: Ogerpon|0 fnt\n|faint|p2b: Ogerpon\n|\n|-weather|RainDance|[upkeep]\n|upkeep\n|\n|t:|1721452620\n|switch|p2b: Miraidon|Miraidon, L50|76\/100\n|-activate|p2b: Miraidon|ability: Hadron Engine\n|turn|9\n|\n|t:|1721452634\n|switch|p1b: Wo-Chien|Wo-Chien, L50|100\/100\n|-ability|p1b: Wo-Chien|Tablets of Ruin\n|move|p1a: Iron Jugulis|Protect|p1a: Iron Jugulis\n|-singleturn|p1a: Iron Jugulis|Protect\n|move|p2b: Miraidon|Electro Drift|p1a: Iron Jugulis\n|-activate|p1a: Iron Jugulis|move: Protect\n|move|p2a: Iron Hands|Drain Punch|p1b: Wo-Chien\n|-supereffective|p1b: Wo-Chien\n|-damage|p1b: Wo-Chien|31\/100\n|-heal|p2a: Iron Hands|90\/100|[from] drain|[of] p1b: Wo-Chien\n|\n|-weather|RainDance|[upkeep]\n|-heal|p1b: Wo-Chien|37\/100|[from] item: Leftovers\n|upkeep\n|turn|10\n|inactive|GOSZYR has 30 seconds left.\n|inactive|GOSZYR has 20 seconds left.\n|inactive|GOSZYR has 15 seconds left.\n|inactive|GOSZYR has 10 seconds left.\n|\n|t:|1721452679\n|move|p1b: Wo-Chien|Protect|p1b: Wo-Chien\n|-singleturn|p1b: Wo-Chien|Protect\n|move|p1a: Iron Jugulis|Tailwind|p1a: Iron Jugulis\n|-sidestart|p1: GOSZYR|move: Tailwind\n|move|p2b: Miraidon|Electro Drift|p1b: Wo-Chien\n|-activate|p1b: Wo-Chien|move: Protect\n|move|p2a: Iron Hands|Wild Charge|p1a: Iron Jugulis\n|-supereffective|p1a: Iron Jugulis\n|-damage|p1a: Iron Jugulis|0 fnt\n|faint|p1a: Iron Jugulis\n|-end|p1a: Iron Jugulis|Quark Drive|[silent]\n|-damage|p2a: Iron Hands|69\/100|[from] Recoil\n|\n|-weather|RainDance|[upkeep]\n|-heal|p1b: Wo-Chien|43\/100|[from] item: Leftovers\n|-fieldend|move: Electric Terrain\n|-end|p2a: Iron Hands|Quark Drive\n|upkeep\n|\n|t:|1721452694\n|switch|p1a: Kyogre|Kyogre, L50, tera:Grass|74\/100\n|turn|11\n|\n|t:|1721452709\n|move|p1b: Wo-Chien|Giga Drain|p2a: Iron Hands\n|-supereffective|p2a: Iron Hands\n|-damage|p2a: Iron Hands|43\/100\n|-heal|p1b: Wo-Chien|59\/100|[from] drain|[of] p2a: Iron Hands\n|move|p1a: Kyogre|Thunder|p2a: Iron Hands\n|-supereffective|p2a: Iron Hands\n|-damage|p2a: Iron Hands|0 fnt\n|faint|p2a: Iron Hands\n|-end|p2a: Iron Hands|Quark Drive|[silent]\n|move|p2b: Miraidon|Electro Drift|p1a: Kyogre\n|-resisted|p1a: Kyogre\n|-damage|p1a: Kyogre|57\/100\n|\n|-weather|RainDance|[upkeep]\n|-heal|p1b: Wo-Chien|66\/100|[from] item: Leftovers\n|upkeep\n|turn|12\n|-message|chuanOVO forfeited.\n|\n|win|GOSZYR\n|raw|GOSZYR's rating: 1679 &rarr; <strong>1704<\/strong><br \/>(+25 for winning)\n|raw|chuanOVO's rating: 1761 &rarr; <strong>1736<\/strong><br \/>(-25 for losing)\n|l|\u2606chuanOVO\n|player|p2|\n|l|\u2606GOSZYR\n|player|p1|\n|l| THUNDERSND77\n|l| SpecsIronHands\n","uploadtime":1721452944,"views":25,"formatid":"gen9vgc2024regg","rating":1704,"private":0,"password":null}