{"id":"gen9vgc2024regg-2164242350","format":"[Gen 9] VGC 2024 Reg G","players":["ZiFishA","MomeriA12"],"log":"|j|\u2606ZiFishA\n|j|\u2606MomeriA12\n|t:|1721479632\n|gametype|doubles\n|player|p1|ZiFishA|hilda-masters3|1651\n|player|p2|MomeriA12|265|1718\n|teamsize|p1|6\n|teamsize|p2|6\n|gen|9\n|tier|[Gen 9] VGC 2024 Reg G\n|rated|\n|rule|Species Clause: Limit one of each Pok\u00e9mon\n|rule|Item Clause: Limit one of each item\n|clearpoke\n|poke|p1|Koraidon, L50|\n|poke|p1|Whimsicott, L50, F|\n|poke|p1|Gothitelle, L50, M|\n|poke|p1|Chi-Yu, L50|\n|poke|p1|Raging Bolt, L50|\n|poke|p1|Flutter Mane, L50|\n|poke|p2|Kyogre, L50|\n|poke|p2|Tornadus, L50, M|\n|poke|p2|Raichu, L50, M|\n|poke|p2|Dragonite, L50, F|\n|poke|p2|Kingambit, L50, M|\n|poke|p2|Goodra-Hisui, L50, M|\n|teampreview|4\n|\n|t:|1721479668\n|start\n|switch|p1a: Gothitelle|Gothitelle, L50, M|100\/100\n|switch|p1b: Flutter Mane|Flutter Mane, L50|100\/100\n|switch|p2a: Tornadus|Tornadus, L50, M|100\/100\n|switch|p2b: Kingambit|Kingambit, L50, M|100\/100\n|turn|1\n|\n|t:|1721479682\n|-terastallize|p1b: Flutter Mane|Fairy\n|move|p1a: Gothitelle|Fake Out|p2b: Kingambit\n|-resisted|p2b: Kingambit\n|-damage|p2b: Kingambit|98\/100\n|move|p2a: Tornadus|Taunt|p1a: Gothitelle\n|-start|p1a: Gothitelle|move: Taunt\n|move|p1b: Flutter Mane|Dazzling Gleam|p2b: Kingambit|[spread] p2a,p2b\n|-damage|p2a: Tornadus|42\/100\n|-damage|p2b: Kingambit|56\/100\n|cant|p2b: Kingambit|flinch\n|\n|upkeep\n|turn|2\n|\n|t:|1721479697\n|switch|p1a: Chi-Yu|Chi-Yu, L50|100\/100\n|-ability|p1a: Chi-Yu|Beads of Ruin\n|move|p2a: Tornadus|Tailwind|p2a: Tornadus\n|-sidestart|p2: MomeriA12|move: Tailwind\n|move|p1b: Flutter Mane|Dazzling Gleam|p2a: Tornadus|[spread] p2a,p2b\n|-damage|p2a: Tornadus|0 fnt\n|-damage|p2b: Kingambit|0 fnt\n|faint|p2a: Tornadus\n|faint|p2b: Kingambit\n|\n|upkeep\n|\n|t:|1721479707\n|switch|p2a: Kyogre|Kyogre, L50|100\/100\n|switch|p2b: Raichu|Raichu, L50, M|100\/100\n|-weather|RainDance|[from] ability: Drizzle|[of] p2a: Kyogre\n|turn|3\n|\n|t:|1721479719\n|switch|p1a: Koraidon|Koraidon, L50|100\/100\n|-weather|SunnyDay|[from] ability: Orichalcum Pulse|[of] p1a: Koraidon\n|-activate|p1b: Flutter Mane|ability: Protosynthesis\n|-start|p1b: Flutter Mane|protosynthesisspe\n|-activate|p1a: Koraidon|Orichalcum Pulse|[source]\n|-terastallize|p2a: Kyogre|Water\n|move|p2b: Raichu|Thunder|p1b: Flutter Mane\n|-damage|p1b: Flutter Mane|52\/100\n|-status|p1b: Flutter Mane|par\n|move|p2a: Kyogre|Water Spout|p1b: Flutter Mane|[spread] p1a,p1b\n|-resisted|p1a: Koraidon\n|-damage|p1a: Koraidon|74\/100\n|-damage|p1b: Flutter Mane|0 fnt\n|faint|p1b: Flutter Mane\n|-end|p1b: Flutter Mane|Protosynthesis|[silent]\n|\n|-weather|SunnyDay|[upkeep]\n|upkeep\n|\n|t:|1721479737\n|switch|p1b: Gothitelle|Gothitelle, L50, M|100\/100\n|turn|4\n|\n|t:|1721479750\n|move|p2b: Raichu|Upper Hand|p1b: Gothitelle\n|-resisted|p1b: Gothitelle\n|-damage|p1b: Gothitelle|95\/100\n|cant|p1b: Gothitelle|flinch\n|move|p2a: Kyogre|Ice Beam|p1a: Koraidon\n|-supereffective|p1a: Koraidon\n|-damage|p1a: Koraidon|12\/100\n|move|p1a: Koraidon|Scale Shot|p2b: Raichu\n|-damage|p2b: Raichu|60\/100\n|-damage|p2b: Raichu|17\/100\n|-damage|p2b: Raichu|0 fnt\n|faint|p2b: Raichu\n|-hitcount|p2: Raichu|3\n|-unboost|p1a: Koraidon|def|1\n|-boost|p1a: Koraidon|spe|1\n|\n|-weather|SunnyDay|[upkeep]\n|upkeep\n|turn|5\n|\n|t:|1721479771\n|switch|p1b: Chi-Yu|Chi-Yu, L50|100\/100\n|-ability|p1b: Chi-Yu|Beads of Ruin\n|move|p1a: Koraidon|Protect|p1a: Koraidon\n|-singleturn|p1a: Koraidon|Protect\n|move|p2a: Kyogre|Water Spout|p1b: Chi-Yu|[spread] p1b\n|-activate|p1a: Koraidon|move: Protect\n|-supereffective|p1b: Chi-Yu\n|-damage|p1b: Chi-Yu|21\/100\n|\n|-weather|SunnyDay|[upkeep]\n|-sideend|p2: MomeriA12|move: Tailwind\n|upkeep\n|turn|6\n|\n|t:|1721479793\n|move|p1a: Koraidon|Scale Shot|p2a: Kyogre\n|-crit|p2a: Kyogre\n|-damage|p2a: Kyogre|69\/100\n|-damage|p2a: Kyogre|48\/100\n|-crit|p2a: Kyogre\n|-damage|p2a: Kyogre|17\/100\n|-damage|p2a: Kyogre|0 fnt\n|faint|p2a: Kyogre\n|-hitcount|p2: Kyogre|4\n|\n|win|ZiFishA\n|raw|ZiFishA's rating: 1651 &rarr; <strong>1675<\/strong><br \/>(+24 for winning)\n|raw|MomeriA12's rating: 1718 &rarr; <strong>1694<\/strong><br \/>(-24 for losing)\n|l|\u2606ZiFishA\n|player|p1|\n|l|\u2606MomeriA12\n|player|p2|\n","uploadtime":1721480039,"views":20,"formatid":"gen9vgc2024regg","rating":1675,"private":0,"password":null}