{"id":"gen9vgc2024regg-2164242585","format":"[Gen 9] VGC 2024 Reg G","players":["luca8","Zenchaos"],"log":"|j|\u2606luca8\n|j|\u2606Zenchaos\n|t:|1721479672\n|gametype|doubles\n|player|p1|luca8|flint|1661\n|player|p2|Zenchaos|1|1707\n|teamsize|p1|6\n|teamsize|p2|6\n|gen|9\n|tier|[Gen 9] VGC 2024 Reg G\n|rated|\n|rule|Species Clause: Limit one of each Pok\u00e9mon\n|rule|Item Clause: Limit one of each item\n|clearpoke\n|poke|p1|Indeedee-F, L50, F|\n|poke|p1|Amoonguss, L50, M|\n|poke|p1|Calyrex-Ice, L50|\n|poke|p1|Urshifu-*, L50, M|\n|poke|p1|Torkoal, L50, F|\n|poke|p1|Mienshao, L50, M|\n|poke|p2|Grimmsnarl, L50, M|\n|poke|p2|Incineroar, L50, F|\n|poke|p2|Eternatus, L50|\n|poke|p2|Comfey, L50, M|\n|poke|p2|Ogerpon-Wellspring, L50, F|\n|poke|p2|Rillaboom, L50, F|\n|teampreview|4\n|j| THUNDERSND77\n|inactive|Battle timer is ON: inactive players will automatically lose when time's up. (requested by Zenchaos)\n|\n|t:|1721479698\n|start\n|switch|p1a: Indeedee|Indeedee-F, L50, F|100\/100\n|switch|p1b: Calyrex|Calyrex-Ice, L50|100\/100\n|switch|p2a: Ogerpon|Ogerpon-Wellspring, L50, F|100\/100\n|switch|p2b: Eternatus|Eternatus, L50|100\/100\n|-ability|p1b: Calyrex|As One\n|-ability|p1b: Calyrex|Unnerve\n|-ability|p2b: Eternatus|Pressure\n|-fieldstart|move: Psychic Terrain|[from] ability: Psychic Surge|[of] p1a: Indeedee\n|turn|1\n|\n|t:|1721479720\n|move|p2a: Ogerpon|Taunt|p1a: Indeedee\n|-start|p1a: Indeedee|move: Taunt\n|move|p2b: Eternatus|Fire Spin|p1a: Indeedee\n|-damage|p1a: Indeedee|90\/100\n|-activate|p1a: Indeedee|move: Fire Spin|[of] p2b: Eternatus\n|move|p1b: Calyrex|Glacial Lance|p2b: Eternatus|[spread] p2a,p2b\n|-crit|p2a: Ogerpon\n|-supereffective|p2b: Eternatus\n|-damage|p2a: Ogerpon|0 fnt\n|-damage|p2b: Eternatus|22\/100\n|faint|p2a: Ogerpon\n|-ability|p1b: Calyrex|Chilling Neigh|boost\n|-boost|p1b: Calyrex|atk|1\n|cant|p1a: Indeedee|move: Taunt|Trick Room\n|\n|-heal|p2b: Eternatus|28\/100|[from] item: Leftovers\n|-damage|p1a: Indeedee|78\/100|[from] move: Fire Spin|[partiallytrapped]\n|upkeep\n|\n|t:|1721479728\n|switch|p2a: Incineroar|Incineroar, L50, F|100\/100\n|-ability|p2a: Incineroar|Intimidate|boost\n|-unboost|p1a: Indeedee|atk|1\n|-fail|p1b: Calyrex|unboost|[from] item: Clear Amulet|[of] p1b: Calyrex\n|turn|2\n|\n|t:|1721479746\n|-terastallize|p2b: Eternatus|Fairy\n|move|p2b: Eternatus|Recover|p2b: Eternatus\n|-heal|p2b: Eternatus|78\/100\n|move|p1a: Indeedee|Psychic|p2b: Eternatus\n|-damage|p2b: Eternatus|43\/100\n|-damage|p1a: Indeedee|68\/100|[from] item: Life Orb\n|move|p2a: Incineroar|Will-O-Wisp|p1b: Calyrex\n|-status|p1b: Calyrex|brn\n|move|p1b: Calyrex|High Horsepower|p2a: Incineroar\n|-supereffective|p2a: Incineroar\n|-damage|p2a: Incineroar|50\/100\n|\n|-heal|p2b: Eternatus|49\/100|[from] item: Leftovers\n|-damage|p1b: Calyrex|95\/100 brn|[from] brn\n|-damage|p1a: Indeedee|56\/100|[from] move: Fire Spin|[partiallytrapped]\n|upkeep\n|turn|3\n|inactive|luca8 has 30 seconds left.\n|inactive|Zenchaos has 30 seconds left.\n|\n|t:|1721479772\n|move|p2b: Eternatus|Recover|p2b: Eternatus\n|-heal|p2b: Eternatus|99\/100\n|move|p1a: Indeedee|Psychic|p2b: Eternatus\n|-damage|p2b: Eternatus|63\/100\n|-damage|p1a: Indeedee|46\/100|[from] item: Life Orb\n|move|p2a: Incineroar|Knock Off|p1b: Calyrex\n|-supereffective|p1b: Calyrex\n|-damage|p1b: Calyrex|47\/100 brn\n|-enditem|p1b: Calyrex|Clear Amulet|[from] move: Knock Off|[of] p2a: Incineroar\n|move|p1b: Calyrex|High Horsepower|p2a: Incineroar\n|-supereffective|p2a: Incineroar\n|-damage|p2a: Incineroar|0 fnt\n|faint|p2a: Incineroar\n|-ability|p1b: Calyrex|Chilling Neigh|boost\n|-boost|p1b: Calyrex|atk|1\n|\n|-heal|p2b: Eternatus|69\/100|[from] item: Leftovers\n|-damage|p1b: Calyrex|42\/100 brn|[from] brn\n|-damage|p1a: Indeedee|34\/100|[from] move: Fire Spin|[partiallytrapped]\n|-end|p1a: Indeedee|move: Taunt\n|upkeep\n|\n|t:|1721479774\n|switch|p2a: Grimmsnarl|Grimmsnarl, L50, M|100\/100\n|turn|4\n|\n|t:|1721479799\n|move|p2a: Grimmsnarl|Light Screen|p2a: Grimmsnarl\n|-sidestart|p2: Zenchaos|move: Light Screen\n|move|p2b: Eternatus|Cosmic Power|p2b: Eternatus\n|-boost|p2b: Eternatus|def|1\n|-boost|p2b: Eternatus|spd|1\n|move|p1b: Calyrex|Glacial Lance|p2b: Eternatus|[spread] p2a,p2b\n|-damage|p2a: Grimmsnarl|35\/100\n|-damage|p2b: Eternatus|45\/100\n|move|p1a: Indeedee|Trick Room|p1a: Indeedee\n|-fieldstart|move: Trick Room|[of] p1a: Indeedee\n|\n|-heal|p2b: Eternatus|51\/100|[from] item: Leftovers\n|-damage|p1b: Calyrex|36\/100 brn|[from] brn\n|-damage|p1a: Indeedee|22\/100|[from] move: Fire Spin|[partiallytrapped]\n|upkeep\n|turn|5\n|\n|t:|1721479815\n|move|p2a: Grimmsnarl|Reflect|p2a: Grimmsnarl\n|-sidestart|p2: Zenchaos|Reflect\n|move|p1b: Calyrex|Glacial Lance|p2b: Eternatus|[spread] p2a,p2b\n|-damage|p2a: Grimmsnarl|0 fnt\n|-damage|p2b: Eternatus|34\/100\n|faint|p2a: Grimmsnarl\n|-ability|p1b: Calyrex|Chilling Neigh|boost\n|-boost|p1b: Calyrex|atk|1\n|move|p1a: Indeedee|Psychic|p2b: Eternatus\n|-damage|p2b: Eternatus|16\/100\n|-damage|p1a: Indeedee|13\/100|[from] item: Life Orb\n|move|p2b: Eternatus|Recover|p2b: Eternatus\n|-heal|p2b: Eternatus|66\/100\n|\n|-heal|p2b: Eternatus|72\/100|[from] item: Leftovers\n|-damage|p1b: Calyrex|30\/100 brn|[from] brn\n|-damage|p1a: Indeedee|0 fnt|[from] move: Fire Spin|[partiallytrapped]\n|faint|p1a: Indeedee\n|-fieldend|move: Psychic Terrain\n|upkeep\n|\n|t:|1721479835\n|switch|p1a: Torkoal|Torkoal, L50, F|100\/100\n|-weather|SunnyDay|[from] ability: Drought|[of] p1a: Torkoal\n|turn|6\n|\n|t:|1721479843\n|-terastallize|p1a: Torkoal|Fire\n|move|p1a: Torkoal|Eruption|p2b: Eternatus\n|-damage|p2b: Eternatus|31\/100\n|move|p1b: Calyrex|Glacial Lance|p2b: Eternatus\n|-damage|p2b: Eternatus|5\/100\n|move|p2b: Eternatus|Recover|p2b: Eternatus\n|-heal|p2b: Eternatus|55\/100\n|\n|-weather|SunnyDay|[upkeep]\n|-heal|p2b: Eternatus|61\/100|[from] item: Leftovers\n|-damage|p1b: Calyrex|24\/100 brn|[from] brn\n|upkeep\n|turn|7\n|\n|t:|1721479861\n|switch|p1b: Amoonguss|Amoonguss, L50, M|100\/100\n|move|p1a: Torkoal|Eruption|p2b: Eternatus\n|-damage|p2b: Eternatus|20\/100\n|move|p2b: Eternatus|Recover|p2b: Eternatus\n|-heal|p2b: Eternatus|71\/100\n|\n|-weather|SunnyDay|[upkeep]\n|-heal|p2b: Eternatus|77\/100|[from] item: Leftovers\n|upkeep\n|turn|8\n|\n|t:|1721479874\n|move|p1a: Torkoal|Eruption|p2b: Eternatus\n|-damage|p2b: Eternatus|41\/100\n|move|p1b: Amoonguss|Clear Smog|p2b: Eternatus\n|-supereffective|p2b: Eternatus\n|-damage|p2b: Eternatus|31\/100\n|-clearboost|p2b: Eternatus\n|move|p2b: Eternatus|Fire Spin|p1b: Amoonguss|[miss]\n|-miss|p2b: Eternatus|p1b: Amoonguss\n|\n|-weather|SunnyDay|[upkeep]\n|-heal|p2b: Eternatus|37\/100|[from] item: Leftovers\n|-fieldend|move: Trick Room\n|upkeep\n|turn|9\n|\n|t:|1721479895\n|switch|p1a: Calyrex|Calyrex-Ice, L50|24\/100 brn\n|-ability|p1a: Calyrex|As One\n|-ability|p1a: Calyrex|Unnerve\n|move|p2b: Eternatus|Recover|p2b: Eternatus\n|-heal|p2b: Eternatus|88\/100\n|move|p1b: Amoonguss|Spore|p2b: Eternatus\n|-status|p2b: Eternatus|slp|[from] move: Spore\n|\n|-weather|SunnyDay|[upkeep]\n|-heal|p2b: Eternatus|94\/100 slp|[from] item: Leftovers\n|-damage|p1a: Calyrex|18\/100 brn|[from] brn\n|upkeep\n|turn|10\n|\n|t:|1721479915\n|cant|p2b: Eternatus|slp\n|move|p1b: Amoonguss|Pollen Puff|p1a: Calyrex\n|-heal|p1a: Calyrex|68\/100 brn\n|move|p1a: Calyrex|Trick Room|p1a: Calyrex\n|-fieldstart|move: Trick Room|[of] p1a: Calyrex\n|\n|-weather|none\n|-heal|p2b: Eternatus|99\/100 slp|[from] item: Leftovers\n|-damage|p1a: Calyrex|63\/100 brn|[from] brn\n|upkeep\n|turn|11\n|\n|t:|1721479929\n|switch|p1a: Torkoal|Torkoal, L50, F, tera:Fire|100\/100\n|-weather|SunnyDay|[from] ability: Drought|[of] p1a: Torkoal\n|move|p1b: Amoonguss|Clear Smog|p2b: Eternatus\n|-supereffective|p2b: Eternatus\n|-damage|p2b: Eternatus|86\/100 slp\n|-clearboost|p2b: Eternatus\n|cant|p2b: Eternatus|slp\n|\n|-weather|SunnyDay|[upkeep]\n|-heal|p2b: Eternatus|92\/100 slp|[from] item: Leftovers\n|-sideend|p2: Zenchaos|move: Light Screen\n|upkeep\n|turn|12\n|\n|t:|1721479947\n|move|p1a: Torkoal|Eruption|p2b: Eternatus\n|-damage|p2b: Eternatus|4\/100 slp\n|move|p1b: Amoonguss|Clear Smog|p2b: Eternatus\n|-supereffective|p2b: Eternatus\n|-damage|p2b: Eternatus|0 fnt\n|-clearboost|p2b: Eternatus\n|faint|p2b: Eternatus\n|\n|win|luca8\n|raw|luca8's rating: 1661 &rarr; <strong>1684<\/strong><br \/>(+23 for winning)\n|raw|Zenchaos's rating: 1707 &rarr; <strong>1684<\/strong><br \/>(-23 for losing)\n|l|\u2606Zenchaos\n|player|p2|\n|l|\u2606luca8\n|player|p1|\n","uploadtime":1721480177,"views":19,"formatid":"gen9vgc2024regg","rating":1684,"private":0,"password":null}