{"id":"gen9vgc2024regg-2164361785","format":"[Gen 9] VGC 2024 Reg G","players":["Wacko789","miraidnyan"],"log":"|j|\u2606Wacko789\n|j|\u2606miraidnyan\n|t:|1721496709\n|gametype|doubles\n|player|p1|Wacko789|flannery|1688\n|player|p2|miraidnyan|marley|1755\n|teamsize|p1|6\n|teamsize|p2|6\n|gen|9\n|tier|[Gen 9] VGC 2024 Reg G\n|rated|\n|rule|Species Clause: Limit one of each Pok\u00e9mon\n|rule|Item Clause: Limit one of each item\n|clearpoke\n|poke|p1|Kyogre, L50|\n|poke|p1|Whimsicott, L50, M|\n|poke|p1|Chien-Pao, L50|\n|poke|p1|Entei, L50|\n|poke|p1|Raikou, L50|\n|poke|p1|Kingambit, L50, M|\n|poke|p2|Miraidon, L50|\n|poke|p2|Farigiraf, L50, M|\n|poke|p2|Iron Hands, L50|\n|poke|p2|Urshifu-*, L50, M|\n|poke|p2|Iron Moth, L50|\n|poke|p2|Whimsicott, L50, M|\n|teampreview|4\n|inactive|Battle timer is ON: inactive players will automatically lose when time's up. (requested by miraidnyan)\n|inactive|Wacko789 also wants the timer to be on.\n|\n|t:|1721496738\n|start\n|switch|p1a: Whimsicott|Whimsicott, L50, M|100\/100\n|switch|p1b: Chien-Pao|Chien-Pao, L50|100\/100\n|switch|p2a: Iron Hands|Iron Hands, L50|100\/100\n|switch|p2b: Miraidon|Miraidon, L50|100\/100\n|-ability|p1b: Chien-Pao|Sword of Ruin\n|-fieldstart|move: Electric Terrain|[from] ability: Hadron Engine|[of] p2b: Miraidon\n|-activate|p2a: Iron Hands|ability: Quark Drive\n|-start|p2a: Iron Hands|quarkdriveatk\n|turn|1\n|inactive|Wacko789 has 30 seconds left.\n|\n|t:|1721496768\n|-terastallize|p2b: Miraidon|Electric\n|move|p1a: Whimsicott|Protect|p1a: Whimsicott\n|-singleturn|p1a: Whimsicott|Protect\n|move|p1b: Chien-Pao|Protect|p1b: Chien-Pao\n|-singleturn|p1b: Chien-Pao|Protect\n|move|p2b: Miraidon|Volt Switch|p1b: Chien-Pao\n|-activate|p1b: Chien-Pao|move: Protect\n|move|p2a: Iron Hands|Heavy Slam|p1a: Whimsicott\n|-activate|p1a: Whimsicott|move: Protect\n|\n|upkeep\n|turn|2\n|j| bluestraggler03\n|inactive|Wacko789 has 30 seconds left.\n|\n|t:|1721496799\n|switch|p1a: Entei|Entei, L50|100\/100\n|move|p1b: Chien-Pao|Ice Spinner|p2b: Miraidon\n|-damage|p2b: Miraidon|54\/100\n|-fieldend|move: Electric Terrain\n|-end|p2a: Iron Hands|Quark Drive\n|move|p2b: Miraidon|Volt Switch|p1b: Chien-Pao\n|-enditem|p1b: Chien-Pao|Focus Sash\n|-damage|p1b: Chien-Pao|1\/100\n|\n|t:|1721496807\n|switch|p2b: Urshifu|Urshifu, L50, M|100\/100|[from] Volt Switch\n|move|p2a: Iron Hands|Heavy Slam|p1a: Entei\n|-resisted|p1a: Entei\n|-damage|p1a: Entei|89\/100\n|\n|upkeep\n|turn|3\n|\n|t:|1721496827\n|switch|p1b: Whimsicott|Whimsicott, L50, M|100\/100\n|move|p2b: Urshifu|Detect|p2b: Urshifu\n|-singleturn|p2b: Urshifu|Protect\n|move|p1a: Entei|Sacred Fire|p2a: Iron Hands\n|-damage|p2a: Iron Hands|43\/100\n|-status|p2a: Iron Hands|brn\n|move|p2a: Iron Hands|Drain Punch|p1b: Whimsicott\n|-resisted|p1b: Whimsicott\n|-damage|p1b: Whimsicott|88\/100\n|-heal|p2a: Iron Hands|47\/100 brn|[from] drain|[of] p1b: Whimsicott\n|\n|-damage|p2a: Iron Hands|41\/100 brn|[from] brn\n|upkeep\n|turn|4\n|inactive|miraidnyan has 30 seconds left.\n|\n|t:|1721496852\n|switch|p2b: Whimsicott|Whimsicott, L50, M|100\/100\n|move|p1b: Whimsicott|Moonblast|p2b: Whimsicott\n|-damage|p2b: Whimsicott|59\/100\n|move|p1a: Entei|Sacred Fire|p2b: Whimsicott\n|-supereffective|p2b: Whimsicott\n|-damage|p2b: Whimsicott|0 fnt\n|faint|p2b: Whimsicott\n|move|p2a: Iron Hands|Heavy Slam|p1b: Whimsicott\n|-supereffective|p1b: Whimsicott\n|-damage|p1b: Whimsicott|33\/100\n|\n|-damage|p2a: Iron Hands|35\/100 brn|[from] brn\n|upkeep\n|\n|t:|1721496861\n|switch|p2b: Miraidon|Miraidon, L50, tera:Electric|54\/100\n|-fieldstart|move: Electric Terrain|[from] ability: Hadron Engine|[of] p2b: Miraidon\n|-activate|p2a: Iron Hands|ability: Quark Drive\n|-start|p2a: Iron Hands|quarkdriveatk\n|turn|5\n|\n|t:|1721496874\n|move|p1b: Whimsicott|Tailwind|p1b: Whimsicott\n|-sidestart|p1: Wacko789|move: Tailwind\n|move|p1a: Entei|Sacred Fire|p2b: Miraidon\n|-damage|p2b: Miraidon|0 fnt\n|faint|p2b: Miraidon\n|move|p2a: Iron Hands|Heavy Slam|p1b: Whimsicott\n|-supereffective|p1b: Whimsicott\n|-damage|p1b: Whimsicott|0 fnt\n|faint|p1b: Whimsicott\n|\n|-damage|p2a: Iron Hands|29\/100 brn|[from] brn\n|upkeep\n|-message|miraidnyan forfeited.\n|\n|win|Wacko789\n|raw|Wacko789's rating: 1688 &rarr; <strong>1712<\/strong><br \/>(+24 for winning)\n|raw|miraidnyan's rating: 1755 &rarr; <strong>1731<\/strong><br \/>(-24 for losing)\n|l|\u2606miraidnyan\n|player|p2|\n|l|\u2606Wacko789\n|player|p1|\n","uploadtime":1721497119,"views":25,"formatid":"gen9vgc2024regg","rating":1712,"private":0,"password":null}