{"id":"gen9vgc2024regg-2164343788","format":"[Gen 9] VGC 2024 Reg G","players":["shuijun1+shu\u4fa0","auraen"],"log":"|j|\u2606shuijun1+shu\u4fa0\n|j|\u2606auraen\n|t:|1721494331\n|gametype|doubles\n|player|p1|shuijun1+shu\u4fa0|iono|1757\n|player|p2|auraen|harlequin|1734\n|teamsize|p1|6\n|teamsize|p2|6\n|gen|9\n|tier|[Gen 9] VGC 2024 Reg G\n|rated|\n|rule|Species Clause: Limit one of each Pok\u00e9mon\n|rule|Item Clause: Limit one of each item\n|clearpoke\n|poke|p1|Armarouge, L50, F|\n|poke|p1|Zamazenta-*, L50|\n|poke|p1|Indeedee, L50, M|\n|poke|p1|Roaring Moon, L50|\n|poke|p1|Urshifu-*, L50, M|\n|poke|p1|Maushold, L50|\n|poke|p2|Terapagos, L50, M|\n|poke|p2|Munkidori, L50, M|\n|poke|p2|Incineroar, L50, M|\n|poke|p2|Sinistcha, L50|\n|poke|p2|Basculegion, L50, M|\n|poke|p2|Flamigo, L50, M|\n|teampreview|4\n|\n|t:|1721494391\n|start\n|switch|p1a: \u6708\u7ffc\u4e01\u771f|Roaring Moon, L50|100\/100\n|switch|p1b: \u715c\u708e\u4e01\u771f|Armarouge, L50, F, shiny|100\/100\n|switch|p2a: Terapagos|Terapagos, L50, M|100\/100\n|switch|p2b: Incineroar|Incineroar, L50, M|100\/100\n|-activate|p2a: Terapagos|ability: Tera Shift\n|detailschange|p2a: Terapagos|Terapagos-Terastal, L50, M\n|-heal|p2a: Terapagos|100\/100|[silent]\n|-ability|p2b: Incineroar|Intimidate|boost\n|-unboost|p1a: \u6708\u7ffc\u4e01\u771f|atk|1\n|-unboost|p1b: \u715c\u708e\u4e01\u771f|atk|1\n|-enditem|p1a: \u6708\u7ffc\u4e01\u771f|Booster Energy\n|-activate|p1a: \u6708\u7ffc\u4e01\u771f|ability: Protosynthesis|[fromitem]\n|-start|p1a: \u6708\u7ffc\u4e01\u771f|protosynthesisspe\n|turn|1\n|\n|t:|1721494402\n|move|p1b: \u715c\u708e\u4e01\u771f|Protect|p1b: \u715c\u708e\u4e01\u771f\n|-singleturn|p1b: \u715c\u708e\u4e01\u771f|Protect\n|move|p1a: \u6708\u7ffc\u4e01\u771f|Knock Off|p2a: Terapagos\n|-activate|p2a: Terapagos|ability: Tera Shell\n|-resisted|p2a: Terapagos\n|-damage|p2a: Terapagos|89\/100\n|-enditem|p2a: Terapagos|Choice Specs|[from] move: Knock Off|[of] p1a: \u6708\u7ffc\u4e01\u771f\n|move|p2a: Terapagos|Dark Pulse|p1b: \u715c\u708e\u4e01\u771f\n|-activate|p1b: \u715c\u708e\u4e01\u771f|move: Protect\n|move|p2b: Incineroar|Parting Shot|p1b: \u715c\u708e\u4e01\u771f\n|-activate|p1b: \u715c\u708e\u4e01\u771f|move: Protect\n|\n|upkeep\n|turn|2\n|\n|t:|1721494422\n|-terastallize|p2a: Terapagos|Stellar\n|detailschange|p2a: Terapagos|Terapagos-Stellar, L50, M, tera:Stellar\n|-heal|p2a: Terapagos|92\/100|[silent]\n|move|p1a: \u6708\u7ffc\u4e01\u771f|Earthquake|p2b: Incineroar|[spread] p1b,p2a,p2b\n|-supereffective|p1b: \u715c\u708e\u4e01\u771f\n|-crit|p2a: Terapagos\n|-supereffective|p2b: Incineroar\n|-damage|p1b: \u715c\u708e\u4e01\u771f|68\/100\n|-damage|p2a: Terapagos|68\/100\n|-damage|p2b: Incineroar|77\/100\n|-ability|p1b: \u715c\u708e\u4e01\u771f|Weak Armor|boost\n|-unboost|p1b: \u715c\u708e\u4e01\u771f|def|1\n|-boost|p1b: \u715c\u708e\u4e01\u771f|spe|2\n|-enditem|p1b: \u715c\u708e\u4e01\u771f|Weakness Policy\n|-boost|p1b: \u715c\u708e\u4e01\u771f|atk|2|[from] item: Weakness Policy\n|-boost|p1b: \u715c\u708e\u4e01\u771f|spa|2|[from] item: Weakness Policy\n|move|p1b: \u715c\u708e\u4e01\u771f|Aura Sphere|p2b: Incineroar\n|-supereffective|p2b: Incineroar\n|-damage|p2b: Incineroar|0 fnt\n|faint|p2b: Incineroar\n|move|p2a: Terapagos|Tera Starstorm|p1a: \u6708\u7ffc\u4e01\u771f|[spread] p1a,p1b\n|-damage|p1a: \u6708\u7ffc\u4e01\u771f|61\/100\n|-damage|p1b: \u715c\u708e\u4e01\u771f|17\/100\n|\n|upkeep\n|\n|t:|1721494429\n|switch|p2b: Sinistcha|Sinistcha, L50|100\/100\n|-heal|p2a: Terapagos|93\/100|[from] ability: Hospitality|[of] p2b: Sinistcha\n|turn|3\n|\n|t:|1721494440\n|switch|p2b: Basculegion|Basculegion, L50, M|100\/100\n|move|p1b: \u715c\u708e\u4e01\u771f|Protect|p1b: \u715c\u708e\u4e01\u771f\n|-singleturn|p1b: \u715c\u708e\u4e01\u771f|Protect\n|move|p1a: \u6708\u7ffc\u4e01\u771f|Knock Off|p2b: Basculegion\n|-supereffective|p2b: Basculegion\n|-damage|p2b: Basculegion|37\/100\n|-enditem|p2b: Basculegion|Assault Vest|[from] move: Knock Off|[of] p1a: \u6708\u7ffc\u4e01\u771f\n|move|p2a: Terapagos|Tera Starstorm|p1b: \u715c\u708e\u4e01\u771f|[spread] p1a\n|-activate|p1b: \u715c\u708e\u4e01\u771f|move: Protect\n|-damage|p1a: \u6708\u7ffc\u4e01\u771f|24\/100\n|\n|upkeep\n|turn|4\n|\n|t:|1721494454\n|-end|p1a: \u6708\u7ffc\u4e01\u771f|Protosynthesis|[silent]\n|switch|p1a: \u610f\u8335\u4e01\u771f|Indeedee, L50, M|100\/100\n|-fieldstart|move: Psychic Terrain|[from] ability: Psychic Surge|[of] p1a: \u610f\u8335\u4e01\u771f\n|switch|p2b: Sinistcha|Sinistcha, L50|100\/100\n|-heal|p2a: Terapagos|100\/100|[from] ability: Hospitality|[of] p2b: Sinistcha\n|move|p1b: \u715c\u708e\u4e01\u771f|Stored Power|p2a: Terapagos\n|-damage|p2a: Terapagos|6\/100\n|move|p2a: Terapagos|Tera Starstorm|p1a: \u610f\u8335\u4e01\u771f|[spread] p1a,p1b\n|-damage|p1a: \u610f\u8335\u4e01\u771f|51\/100\n|-damage|p1b: \u715c\u708e\u4e01\u771f|0 fnt\n|faint|p1b: \u715c\u708e\u4e01\u771f\n|\n|upkeep\n|\n|t:|1721494465\n|switch|p1b: \u6708\u7ffc\u4e01\u771f|Roaring Moon, L50|24\/100\n|turn|5\n|\n|t:|1721494471\n|-terastallize|p1a: \u610f\u8335\u4e01\u771f|Stellar\n|move|p1a: \u610f\u8335\u4e01\u771f|Expanding Force|p2b: Sinistcha|[spread] p2a,p2b\n|-damage|p2a: Terapagos|0 fnt\n|-damage|p2b: Sinistcha|45\/100\n|faint|p2a: Terapagos\n|move|p1b: \u6708\u7ffc\u4e01\u771f|Knock Off|p2b: Sinistcha\n|-supereffective|p2b: Sinistcha\n|-damage|p2b: Sinistcha|0 fnt\n|-damage|p1b: \u6708\u7ffc\u4e01\u771f|8\/100|[from] item: Rocky Helmet|[of] p2b: Sinistcha\n|-enditem|p2b: Sinistcha|Rocky Helmet|[from] move: Knock Off|[of] p1b: \u6708\u7ffc\u4e01\u771f\n|faint|p2b: Sinistcha\n|\n|upkeep\n|-message|auraen forfeited.\n|\n|win|shuijun1+shu\u4fa0\n|raw|shuijun1+shu\u4fa0's rating: 1757 &rarr; <strong>1776<\/strong><br \/>(+19 for winning)\n|raw|auraen's rating: 1734 &rarr; <strong>1715<\/strong><br \/>(-19 for losing)\n|l|\u2606auraen\n|player|p2|\n|l|\u2606shuijun1+shu\u4fa0\n|player|p1|\n","uploadtime":1721494748,"views":47,"formatid":"gen9vgc2024regg","rating":1715,"private":0,"password":null}