{"id":"gen9vgc2024regg-2164763573","format":"[Gen 9] VGC 2024 Reg G","players":["Billy_HMD","biei\u2014test"],"log":"|j|\u2606Billy_HMD\n|j|\u2606biei\u2014test\n|t:|1721563611\n|gametype|doubles\n|player|p1|Billy_HMD|dawn|1691\n|player|p2|biei\u2014test|lillie-z|1703\n|teamsize|p1|6\n|teamsize|p2|6\n|gen|9\n|tier|[Gen 9] VGC 2024 Reg G\n|rated|\n|rule|Species Clause: Limit one of each Pok\u00e9mon\n|rule|Item Clause: Limit one of each item\n|clearpoke\n|poke|p1|Zamazenta-*, L50|\n|poke|p1|Volcarona, L50, M|\n|poke|p1|Grimmsnarl, L50, M|\n|poke|p1|Landorus-Therian, L50, M|\n|poke|p1|Rillaboom, L50, M|\n|poke|p1|Raging Bolt, L50|\n|poke|p2|Gloom, L50, F|\n|poke|p2|Armarouge, L50, F|\n|poke|p2|Indeedee-F, L50, F|\n|poke|p2|Dewgong, L50, F|\n|poke|p2|Ting-Lu, L50|\n|poke|p2|Lunala, L50|\n|teampreview|4\n|inactive|Battle timer is ON: inactive players will automatically lose when time's up. (requested by Billy_HMD)\n|inactive|Billy_HMD has 60 seconds left.\n|\n|t:|1721563651\n|start\n|switch|p1a: Raging Bolt|Raging Bolt, L50|100\/100\n|switch|p1b: Grimmsnarl|Grimmsnarl, L50, M|100\/100\n|switch|p2a: Dewgong|Dewgong, L50, F|100\/100\n|switch|p2b: Armarouge|Armarouge, L50, F|100\/100\n|turn|1\n|\n|t:|1721563684\n|-terastallize|p1a: Raging Bolt|Electric\n|move|p2a: Dewgong|Aqua Jet|p2b: Armarouge\n|-supereffective|p2b: Armarouge\n|-damage|p2b: Armarouge|78\/100\n|-ability|p2b: Armarouge|Weak Armor|boost\n|-unboost|p2b: Armarouge|def|1\n|-boost|p2b: Armarouge|spe|2\n|-enditem|p2b: Armarouge|Weakness Policy\n|-boost|p2b: Armarouge|atk|2|[from] item: Weakness Policy\n|-boost|p2b: Armarouge|spa|2|[from] item: Weakness Policy\n|move|p1b: Grimmsnarl|Light Screen|p1b: Grimmsnarl\n|-sidestart|p1: Billy_HMD|move: Light Screen\n|move|p2b: Armarouge|Stored Power|p1a: Raging Bolt\n|-damage|p1a: Raging Bolt|42\/100\n|move|p1a: Raging Bolt|Thunderbolt|p2b: Armarouge\n|-damage|p2b: Armarouge|0 fnt\n|faint|p2b: Armarouge\n|\n|upkeep\n|\n|t:|1721563695\n|switch|p2b: Lunala|Lunala, L50|100\/100\n|turn|2\n|inactive|Billy_HMD has 30 seconds left.\n|inactive|Billy_HMD has 20 seconds left.\n|\n|t:|1721563731\n|switch|p2a: Indeedee|Indeedee-F, L50, F|100\/100\n|-fieldstart|move: Psychic Terrain|[from] ability: Psychic Surge|[of] p2a: Indeedee\n|move|p1b: Grimmsnarl|Thunder Wave|p2b: Lunala\n|-activate|p2b: Lunala|move: Psychic Terrain\n|move|p2b: Lunala|Meteor Beam||[still]\n|-prepare|p2b: Lunala|Meteor Beam\n|-boost|p2b: Lunala|spa|1\n|-enditem|p2b: Lunala|Power Herb\n|-anim|p2b: Lunala|Meteor Beam|p1a: Raging Bolt\n|-damage|p1a: Raging Bolt|13\/100\n|move|p1a: Raging Bolt|Electroweb|p2b: Lunala|[spread] p2a,p2b\n|-damage|p2a: Indeedee|65\/100\n|-damage|p2b: Lunala|86\/100\n|-unboost|p2a: Indeedee|spe|1\n|-unboost|p2b: Lunala|spe|1\n|\n|upkeep\n|turn|3\n|\n|t:|1721563756\n|move|p1a: Raging Bolt|Thunderbolt|p2b: Lunala\n|-damage|p2b: Lunala|29\/100\n|move|p2b: Lunala|Moonblast|p1a: Raging Bolt\n|-damage|p1a: Raging Bolt|0 fnt\n|faint|p1a: Raging Bolt\n|-end|p1a: Raging Bolt|Protosynthesis|[silent]\n|move|p1b: Grimmsnarl|Spirit Break|p2b: Lunala\n|-damage|p2b: Lunala|0 fnt\n|faint|p2b: Lunala\n|move|p2a: Indeedee|Trick Room|p2a: Indeedee\n|-fieldstart|move: Trick Room|[of] p2a: Indeedee\n|\n|upkeep\n|\n|t:|1721563774\n|switch|p1a: Zamazenta|Zamazenta-Crowned, L50|100\/100\n|switch|p2b: Dewgong|Dewgong, L50, F|100\/100\n|-ability|p1a: Zamazenta|Dauntless Shield|boost\n|-boost|p1a: Zamazenta|def|1\n|turn|4\n|\n|t:|1721563789\n|move|p2a: Indeedee|Follow Me|p2a: Indeedee\n|-singleturn|p2a: Indeedee|move: Follow Me\n|move|p1b: Grimmsnarl|Spirit Break|p2a: Indeedee\n|-damage|p2a: Indeedee|35\/100\n|-unboost|p2a: Indeedee|spa|1\n|-damage|p1b: Grimmsnarl|84\/100|[from] item: Rocky Helmet|[of] p2a: Indeedee\n|move|p2b: Dewgong|Horn Drill|p1a: Zamazenta|[miss]\n|-miss|p2b: Dewgong|p1a: Zamazenta\n|move|p1a: Zamazenta|Body Press|p2a: Indeedee\n|-damage|p2a: Indeedee|0 fnt\n|-damage|p1a: Zamazenta|84\/100|[from] item: Rocky Helmet|[of] p2a: Indeedee\n|faint|p2a: Indeedee\n|\n|upkeep\n|turn|5\n|\n|t:|1721563797\n|move|p1b: Grimmsnarl|Spirit Break|p2b: Dewgong\n|-damage|p2b: Dewgong|72\/100\n|-unboost|p2b: Dewgong|spa|1\n|move|p2b: Dewgong|Horn Drill|p1a: Zamazenta\n|-damage|p1a: Zamazenta|0 fnt\n|faint|p1a: Zamazenta\n|-ohko\n|\n|upkeep\n|\n|t:|1721563803\n|switch|p1a: Volcarona|Volcarona, L50, M|100\/100\n|turn|6\n|\n|t:|1721563817\n|move|p1b: Grimmsnarl|Spirit Break|p2b: Dewgong\n|-damage|p2b: Dewgong|41\/100\n|-unboost|p2b: Dewgong|spa|1\n|move|p2b: Dewgong|Horn Drill|p1a: Volcarona|[miss]\n|-miss|p2b: Dewgong|p1a: Volcarona\n|move|p1a: Volcarona|Bug Buzz|p2b: Dewgong\n|-damage|p2b: Dewgong|0 fnt\n|faint|p2b: Dewgong\n|\n|win|Billy_HMD\n|raw|Billy_HMD's rating: 1691 &rarr; <strong>1712<\/strong><br \/>(+21 for winning)\n|raw|biei\u2014test's rating: 1703 &rarr; <strong>1682<\/strong><br \/>(-21 for losing)\n|l|\u2606biei\u2014test\n|player|p2|\n|l|\u2606Billy_HMD\n|player|p1|\n","uploadtime":1721563981,"views":12,"formatid":"gen9vgc2024regg","rating":1682,"private":0,"password":null}