{"id":"gen9vgc2024regg-2164343920","format":"[Gen 9] VGC 2024 Reg G","players":["Oscarbolt","VGCNEOPHYTE"],"log":"|j|\u2606Oscarbolt\n|j|\u2606VGCNEOPHYTE\n|t:|1721494347\n|gametype|doubles\n|player|p1|Oscarbolt|red|1668\n|player|p2|VGCNEOPHYTE|chuck|1704\n|teamsize|p1|6\n|teamsize|p2|6\n|gen|9\n|tier|[Gen 9] VGC 2024 Reg G\n|rated|\n|rule|Species Clause: Limit one of each Pok\u00e9mon\n|rule|Item Clause: Limit one of each item\n|clearpoke\n|poke|p1|Groudon, L50|\n|poke|p1|Flutter Mane, L50|\n|poke|p1|Great Tusk, L50|\n|poke|p1|Raging Bolt, L50|\n|poke|p1|Moltres, L50|\n|poke|p1|Entei, L50|\n|poke|p2|Gholdengo, L50|\n|poke|p2|Ogerpon-Cornerstone, L50, F|\n|poke|p2|Chien-Pao, L50|\n|poke|p2|Zamazenta-*, L50|\n|poke|p2|Raging Bolt, L50|\n|poke|p2|Whimsicott, L50, M|\n|teampreview|4\n|inactive|Battle timer is ON: inactive players will automatically lose when time's up. (requested by VGCNEOPHYTE)\n|inactive|Oscarbolt has 60 seconds left.\n|inactive|VGCNEOPHYTE has 60 seconds left.\n|\n|t:|1721494389\n|start\n|switch|p1a: Groudon|Groudon, L50|100\/100\n|switch|p1b: Flutter Mane|Flutter Mane, L50|100\/100\n|switch|p2a: Chien-Pao|Chien-Pao, L50|100\/100\n|switch|p2b: Ogerpon|Ogerpon-Cornerstone, L50, F|100\/100\n|-ability|p2a: Chien-Pao|Sword of Ruin\n|-weather|SunnyDay|[from] ability: Drought|[of] p1a: Groudon\n|-activate|p1b: Flutter Mane|ability: Protosynthesis\n|-start|p1b: Flutter Mane|protosynthesisspe\n|turn|1\n|\n|t:|1721494408\n|move|p1a: Groudon|Protect|p1a: Groudon\n|-singleturn|p1a: Groudon|Protect\n|move|p1b: Flutter Mane|Dazzling Gleam|p2a: Chien-Pao|[spread] p2a,p2b\n|-supereffective|p2a: Chien-Pao\n|-damage|p2a: Chien-Pao|1\/100\n|-damage|p2b: Ogerpon|63\/100\n|move|p2a: Chien-Pao|Ice Spinner|p1a: Groudon\n|-activate|p1a: Groudon|move: Protect\n|move|p2b: Ogerpon|Ivy Cudgel|p1a: Groudon|[anim] Ivy Cudgel Rock\n|-activate|p1a: Groudon|move: Protect\n|\n|-weather|SunnyDay|[upkeep]\n|upkeep\n|turn|2\n|\n|t:|1721494424\n|move|p2a: Chien-Pao|Sucker Punch|p1b: Flutter Mane\n|-damage|p1b: Flutter Mane|4\/100\n|move|p1b: Flutter Mane|Dazzling Gleam|p2a: Chien-Pao|[spread] p2a,p2b\n|-supereffective|p2a: Chien-Pao\n|-damage|p2a: Chien-Pao|0 fnt\n|-damage|p2b: Ogerpon|22\/100\n|faint|p2a: Chien-Pao\n|move|p2b: Ogerpon|Power Whip|p1a: Groudon\n|-supereffective|p1a: Groudon\n|-damage|p1a: Groudon|13\/100\n|-enditem|p1a: Groudon|Sitrus Berry|[eat]\n|-heal|p1a: Groudon|37\/100|[from] item: Sitrus Berry\n|move|p1a: Groudon|Precipice Blades|p2b: Ogerpon|[miss]\n|-miss|p1a: Groudon|p2b: Ogerpon\n|\n|-weather|SunnyDay|[upkeep]\n|upkeep\n|\n|t:|1721494437\n|switch|p2a: Whimsicott|Whimsicott, L50, M|100\/100\n|turn|3\n|\n|t:|1721494445\n|move|p2a: Whimsicott|Tailwind|p2a: Whimsicott\n|-sidestart|p2: VGCNEOPHYTE|move: Tailwind\n|move|p2b: Ogerpon|Ivy Cudgel|p1b: Flutter Mane|[anim] Ivy Cudgel Rock\n|-damage|p1b: Flutter Mane|0 fnt\n|faint|p1b: Flutter Mane\n|-end|p1b: Flutter Mane|Protosynthesis|[silent]\n|move|p1a: Groudon|Precipice Blades|p2a: Whimsicott|[spread] p2a,p2b\n|-resisted|p2a: Whimsicott\n|-damage|p2a: Whimsicott|75\/100\n|-damage|p2b: Ogerpon|0 fnt\n|faint|p2b: Ogerpon\n|\n|-weather|SunnyDay|[upkeep]\n|upkeep\n|\n|t:|1721494455\n|switch|p1b: Entei|Entei, L50|100\/100\n|switch|p2b: Zamazenta|Zamazenta-Crowned, L50|100\/100\n|-ability|p2b: Zamazenta|Dauntless Shield|boost\n|-boost|p2b: Zamazenta|def|1\n|turn|4\n|\n|t:|1721494476\n|move|p2a: Whimsicott|Moonblast|p1a: Groudon\n|-damage|p1a: Groudon|19\/100\n|move|p2b: Zamazenta|Iron Defense|p2b: Zamazenta\n|-boost|p2b: Zamazenta|def|2\n|move|p1b: Entei|Sacred Fire|p2a: Whimsicott\n|-supereffective|p2a: Whimsicott\n|-damage|p2a: Whimsicott|0 fnt\n|faint|p2a: Whimsicott\n|move|p1a: Groudon|Will-O-Wisp|p2b: Zamazenta\n|-status|p2b: Zamazenta|brn\n|\n|-weather|SunnyDay|[upkeep]\n|-damage|p2b: Zamazenta|95\/100 brn|[from] brn\n|upkeep\n|turn|5\n|\n|t:|1721494494\n|move|p2b: Zamazenta|Body Press|p1b: Entei\n|-damage|p1b: Entei|50\/100\n|move|p1b: Entei|Sacred Fire|p2b: Zamazenta\n|-supereffective|p2b: Zamazenta\n|-damage|p2b: Zamazenta|56\/100 brn\n|move|p1a: Groudon|Precipice Blades|p2b: Zamazenta\n|-supereffective|p2b: Zamazenta\n|-damage|p2b: Zamazenta|27\/100 brn\n|\n|-weather|none\n|-damage|p2b: Zamazenta|22\/100 brn|[from] brn\n|upkeep\n|turn|6\n|-message|VGCNEOPHYTE forfeited.\n|\n|win|Oscarbolt\n|raw|Oscarbolt's rating: 1668 &rarr; <strong>1690<\/strong><br \/>(+22 for winning)\n|raw|VGCNEOPHYTE's rating: 1704 &rarr; <strong>1682<\/strong><br \/>(-22 for losing)\n|l|\u2606VGCNEOPHYTE\n|player|p2|\n|l|\u2606Oscarbolt\n|player|p1|\n|j| ME10I\n","uploadtime":1721494748,"views":16,"formatid":"gen9vgc2024regg","rating":1682,"private":0,"password":null}