{"id":"gen9vgc2024regg-2164440051","format":"[Gen 9] VGC 2024 Reg G","players":["MomeriA12","auraen"],"log":"|j|\u2606MomeriA12\n|j|\u2606auraen\n|t:|1721507095\n|gametype|doubles\n|player|p1|MomeriA12|170|1738\n|player|p2|auraen|harlequin|1796\n|teamsize|p1|6\n|teamsize|p2|6\n|gen|9\n|tier|[Gen 9] VGC 2024 Reg G\n|rated|\n|rule|Species Clause: Limit one of each Pok\u00e9mon\n|rule|Item Clause: Limit one of each item\n|clearpoke\n|poke|p1|Kyogre, L50|\n|poke|p1|Tornadus, L50, M|\n|poke|p1|Raichu, L50, M|\n|poke|p1|Dragonite, L50, M|\n|poke|p1|Kingambit, L50, M|\n|poke|p1|Goodra-Hisui, L50, M|\n|poke|p2|Terapagos, L50, M|\n|poke|p2|Munkidori, L50, M|\n|poke|p2|Incineroar, L50, M|\n|poke|p2|Sinistcha, L50|\n|poke|p2|Basculegion, L50, M|\n|poke|p2|Flamigo, L50, M|\n|teampreview|4\n|\n|t:|1721507150\n|start\n|switch|p1a: Tornadus|Tornadus, L50, M|100\/100\n|switch|p1b: Kyogre|Kyogre, L50|100\/100\n|switch|p2a: Terapagos|Terapagos, L50, M|100\/100\n|switch|p2b: Flamigo|Flamigo, L50, M|100\/100\n|-activate|p2a: Terapagos|ability: Tera Shift\n|detailschange|p2a: Terapagos|Terapagos-Terastal, L50, M\n|-heal|p2a: Terapagos|100\/100|[silent]\n|-weather|RainDance|[from] ability: Drizzle|[of] p1b: Kyogre\n|turn|1\n|\n|t:|1721507168\n|-terastallize|p2a: Terapagos|Stellar\n|detailschange|p2a: Terapagos|Terapagos-Stellar, L50, M, tera:Stellar\n|-heal|p2a: Terapagos|100\/100|[silent]\n|-ability|p2a: Terapagos|Teraform Zero\n|-weather|none\n|move|p1b: Kyogre|Protect|p1b: Kyogre\n|-singleturn|p1b: Kyogre|Protect\n|move|p1a: Tornadus|Taunt|p2b: Flamigo\n|-start|p2b: Flamigo|move: Taunt\n|cant|p2b: Flamigo|move: Taunt|Tailwind\n|move|p2a: Terapagos|Tera Starstorm|p1a: Tornadus|[spread] p1a\n|-activate|p1b: Kyogre|move: Protect\n|-damage|p1a: Tornadus|42\/100\n|\n|upkeep\n|turn|2\n|\n|t:|1721507188\n|-terastallize|p1b: Kyogre|Water\n|move|p1a: Tornadus|Tailwind|p1a: Tornadus\n|-sidestart|p1: MomeriA12|move: Tailwind\n|move|p1b: Kyogre|Water Spout|p2a: Terapagos|[spread] p2a,p2b\n|-damage|p2a: Terapagos|29\/100\n|-enditem|p2b: Flamigo|Focus Sash\n|-damage|p2b: Flamigo|1\/100\n|move|p2b: Flamigo|Close Combat|p1b: Kyogre\n|-damage|p1b: Kyogre|36\/100\n|-unboost|p2b: Flamigo|def|1\n|-unboost|p2b: Flamigo|spd|1\n|move|p2a: Terapagos|Tera Starstorm|p1a: Tornadus|[spread] p1a,p1b\n|-supereffective|p1b: Kyogre\n|-damage|p1a: Tornadus|0 fnt\n|-damage|p1b: Kyogre|0 fnt\n|faint|p1a: Tornadus\n|faint|p1b: Kyogre\n|\n|upkeep\n|\n|t:|1721507204\n|switch|p1b: Kingambit|Kingambit, L50, M|100\/100\n|switch|p1a: Raichu|Raichu, L50, M|100\/100\n|turn|3\n|\n|t:|1721507217\n|switch|p2b: Sinistcha|Sinistcha, L50|100\/100\n|-heal|p2a: Terapagos|54\/100|[from] ability: Hospitality|[of] p2b: Sinistcha\n|move|p1a: Raichu|Fake Out|p2b: Sinistcha\n|-immune|p2b: Sinistcha\n|move|p1b: Kingambit|Kowtow Cleave|p2a: Terapagos\n|-damage|p2a: Terapagos|24\/100\n|move|p2a: Terapagos|Tera Starstorm|p1a: Raichu|[spread] p1a,p1b\n|-damage|p1a: Raichu|13\/100\n|-damage|p1b: Kingambit|62\/100\n|\n|upkeep\n|turn|4\n|\n|t:|1721507230\n|move|p2b: Sinistcha|Rage Powder|p2b: Sinistcha\n|-singleturn|p2b: Sinistcha|move: Rage Powder\n|move|p1a: Raichu|Thunder|p2b: Sinistcha|[miss]\n|-miss|p1a: Raichu|p2b: Sinistcha\n|move|p1b: Kingambit|Kowtow Cleave|p2b: Sinistcha\n|-supereffective|p2b: Sinistcha\n|-damage|p2b: Sinistcha|8\/100\n|-damage|p1b: Kingambit|45\/100|[from] item: Rocky Helmet|[of] p2b: Sinistcha\n|move|p2a: Terapagos|Tera Starstorm|p1a: Raichu|[spread] p1a,p1b\n|-damage|p1a: Raichu|0 fnt\n|-damage|p1b: Kingambit|3\/100\n|faint|p1a: Raichu\n|\n|upkeep\n|turn|5\n|\n|t:|1721507243\n|move|p2b: Sinistcha|Rage Powder|p2b: Sinistcha\n|-singleturn|p2b: Sinistcha|move: Rage Powder\n|move|p1b: Kingambit|Kowtow Cleave|p2b: Sinistcha\n|-supereffective|p2b: Sinistcha\n|-damage|p2b: Sinistcha|0 fnt\n|-damage|p1b: Kingambit|0 fnt|[from] item: Rocky Helmet|[of] p2b: Sinistcha\n|faint|p2b: Sinistcha\n|faint|p1b: Kingambit\n|\n|win|auraen\n|raw|MomeriA12's rating: 1738 &rarr; <strong>1721<\/strong><br \/>(-17 for losing)\n|raw|auraen's rating: 1796 &rarr; <strong>1813<\/strong><br \/>(+17 for winning)\n|l|\u2606MomeriA12\n|player|p1|\n|l|\u2606auraen\n|player|p2|\n","uploadtime":1721507467,"views":25,"formatid":"gen9vgc2024regg","rating":1721,"private":0,"password":null}