{"id":"gen9vgc2024regg-2164894489","format":"[Gen 9] VGC 2024 Reg G","players":["FlyAwayVGC","RandomDuVGCFR"],"log":"|j|\u2606FlyAwayVGC\n|j|\u2606RandomDuVGCFR\n|t:|1721582925\n|gametype|doubles\n|player|p1|FlyAwayVGC|calem-masters|1711\n|player|p2|RandomDuVGCFR|169|1665\n|teamsize|p1|6\n|teamsize|p2|6\n|gen|9\n|tier|[Gen 9] VGC 2024 Reg G\n|rated|\n|rule|Species Clause: Limit one of each Pok\u00e9mon\n|rule|Item Clause: Limit one of each item\n|clearpoke\n|poke|p1|Calyrex-Ice, L50|\n|poke|p1|Ursaluna-Bloodmoon, L50, M|\n|poke|p1|Chien-Pao, L50|\n|poke|p1|Urshifu-*, L50, M|\n|poke|p1|Raging Bolt, L50|\n|poke|p1|Farigiraf, L50, M|\n|poke|p2|Terapagos, L50, M|\n|poke|p2|Tornadus, L50, M|\n|poke|p2|Rillaboom, L50, M|\n|poke|p2|Urshifu-*, L50, F|\n|poke|p2|Chi-Yu, L50|\n|poke|p2|Flutter Mane, L50|\n|teampreview|4\n|inactive|Battle timer is ON: inactive players will automatically lose when time's up. (requested by FlyAwayVGC)\n|inactive|RandomDuVGCFR has 60 seconds left.\n|\n|t:|1721582981\n|start\n|switch|p1a: Urshifu|Urshifu-Rapid-Strike, L50, M|100\/100\n|switch|p1b: Chien-Pao|Chien-Pao, L50|100\/100\n|switch|p2a: Urshifu|Urshifu-Rapid-Strike, L50, F|100\/100\n|switch|p2b: Flutter Mane|Flutter Mane, L50|100\/100\n|-ability|p1b: Chien-Pao|Sword of Ruin\n|turn|1\n|j| BreadTest\n|inactive|FlyAwayVGC has 30 seconds left.\n|\n|t:|1721583008\n|switch|p1b: Farigiraf|Farigiraf, L50, M|100\/100\n|-terastallize|p1a: Urshifu|Water\n|move|p1a: Urshifu|Surging Strikes|p2b: Flutter Mane\n|-crit|p2b: Flutter Mane\n|-damage|p2b: Flutter Mane|36\/100\n|-crit|p2b: Flutter Mane\n|-damage|p2b: Flutter Mane|0 fnt\n|faint|p2b: Flutter Mane\n|-end|p2b: Flutter Mane|Protosynthesis|[silent]\n|-hitcount|p2: Flutter Mane|2\n|move|p2a: Urshifu|Surging Strikes|p1b: Farigiraf\n|-crit|p1b: Farigiraf\n|-damage|p1b: Farigiraf|84\/100\n|-damage|p2a: Urshifu|84\/100|[from] item: Rocky Helmet|[of] p1b: Farigiraf\n|-crit|p1b: Farigiraf\n|-damage|p1b: Farigiraf|65\/100\n|-damage|p2a: Urshifu|68\/100|[from] item: Rocky Helmet|[of] p1b: Farigiraf\n|-crit|p1b: Farigiraf\n|-damage|p1b: Farigiraf|47\/100\n|-damage|p2a: Urshifu|51\/100|[from] item: Rocky Helmet|[of] p1b: Farigiraf\n|-hitcount|p1b: Farigiraf|3\n|\n|upkeep\n|\n|t:|1721583023\n|switch|p2b: Terapagos|Terapagos, L50, M|100\/100\n|-activate|p2b: Terapagos|ability: Tera Shift\n|detailschange|p2b: Terapagos|Terapagos-Terastal, L50, M\n|-heal|p2b: Terapagos|100\/100|[silent]\n|turn|2\n|inactive|FlyAwayVGC has 30 seconds left.\n|inactive|FlyAwayVGC has 20 seconds left.\n|inactive|FlyAwayVGC has 15 seconds left.\n|\n|t:|1721583067\n|-terastallize|p2b: Terapagos|Stellar\n|detailschange|p2b: Terapagos|Terapagos-Stellar, L50, M, tera:Stellar\n|-heal|p2b: Terapagos|100\/100|[silent]\n|move|p1b: Farigiraf|Helping Hand|p1a: Urshifu\n|-singleturn|p1a: Urshifu|Helping Hand|[of] p1b: Farigiraf\n|move|p1a: Urshifu|Surging Strikes|p2b: Terapagos\n|-crit|p2b: Terapagos\n|-damage|p2b: Terapagos|69\/100\n|-crit|p2b: Terapagos\n|-damage|p2b: Terapagos|41\/100\n|-crit|p2b: Terapagos\n|-damage|p2b: Terapagos|10\/100\n|-hitcount|p2b: Terapagos|3\n|move|p2a: Urshifu|Surging Strikes|p1a: Urshifu\n|-resisted|p1a: Urshifu\n|-crit|p1a: Urshifu\n|-damage|p1a: Urshifu|90\/100\n|-resisted|p1a: Urshifu\n|-crit|p1a: Urshifu\n|-damage|p1a: Urshifu|78\/100\n|-resisted|p1a: Urshifu\n|-crit|p1a: Urshifu\n|-damage|p1a: Urshifu|66\/100\n|-hitcount|p1a: Urshifu|3\n|move|p2b: Terapagos|Tera Starstorm|p1b: Farigiraf|[spread] p1a,p1b\n|-supereffective|p1a: Urshifu\n|-damage|p1a: Urshifu|0 fnt\n|-damage|p1b: Farigiraf|0 fnt\n|faint|p1a: Urshifu\n|faint|p1b: Farigiraf\n|\n|upkeep\n|\n|t:|1721583080\n|switch|p1a: Calyrex|Calyrex-Ice, L50|100\/100\n|switch|p1b: Chien-Pao|Chien-Pao, L50|100\/100\n|-ability|p1a: Calyrex|As One\n|-ability|p1a: Calyrex|Unnerve\n|-ability|p1b: Chien-Pao|Sword of Ruin\n|turn|3\n|\n|t:|1721583095\n|move|p1b: Chien-Pao|Sacred Sword|p2b: Terapagos\n|-supereffective|p2b: Terapagos\n|-damage|p2b: Terapagos|0 fnt\n|faint|p2b: Terapagos\n|move|p2a: Urshifu|Surging Strikes|p1b: Chien-Pao\n|-crit|p1b: Chien-Pao\n|-damage|p1b: Chien-Pao|70\/100\n|-crit|p1b: Chien-Pao\n|-damage|p1b: Chien-Pao|40\/100\n|-crit|p1b: Chien-Pao\n|-damage|p1b: Chien-Pao|11\/100\n|-hitcount|p1b: Chien-Pao|3\n|move|p1a: Calyrex|Trick Room|p1a: Calyrex\n|-fieldstart|move: Trick Room|[of] p1a: Calyrex\n|\n|upkeep\n|\n|t:|1721583101\n|switch|p2b: Chi-Yu|Chi-Yu, L50|100\/100\n|-ability|p2b: Chi-Yu|Beads of Ruin\n|turn|4\n|\n|t:|1721583122\n|move|p2b: Chi-Yu|Protect|p2b: Chi-Yu\n|-singleturn|p2b: Chi-Yu|Protect\n|move|p1a: Calyrex|High Horsepower|p2b: Chi-Yu\n|-activate|p2b: Chi-Yu|move: Protect\n|move|p2a: Urshifu|Surging Strikes|p1b: Chien-Pao\n|-crit|p1b: Chien-Pao\n|-damage|p1b: Chien-Pao|0 fnt\n|faint|p1b: Chien-Pao\n|-hitcount|p1: Chien-Pao|1\n|\n|upkeep\n|turn|5\n|\n|t:|1721583132\n|move|p1a: Calyrex|High Horsepower|p2b: Chi-Yu\n|-supereffective|p2b: Chi-Yu\n|-damage|p2b: Chi-Yu|14\/100\n|move|p2b: Chi-Yu|Dark Pulse|p1a: Calyrex\n|-supereffective|p1a: Calyrex\n|-damage|p1a: Calyrex|20\/100\n|-damage|p2b: Chi-Yu|4\/100|[from] item: Life Orb\n|move|p2a: Urshifu|Surging Strikes|p1a: Calyrex\n|-crit|p1a: Calyrex\n|-damage|p1a: Calyrex|6\/100\n|-crit|p1a: Calyrex\n|-damage|p1a: Calyrex|0 fnt\n|faint|p1a: Calyrex\n|-hitcount|p1: Calyrex|2\n|\n|win|RandomDuVGCFR\n|raw|FlyAwayVGC's rating: 1711 &rarr; <strong>1688<\/strong><br \/>(-23 for losing)\n|raw|RandomDuVGCFR's rating: 1665 &rarr; <strong>1688<\/strong><br \/>(+23 for winning)\n|l|\u2606RandomDuVGCFR\n|player|p2|\n|l|\u2606FlyAwayVGC\n|player|p1|\n|l| BreadTest\n","uploadtime":1721583374,"views":10,"formatid":"gen9vgc2024regg","rating":1688,"private":0,"password":null}