{"id":"gen9vgc2024regg-2164359932","format":"[Gen 9] VGC 2024 Reg G","players":["biei525","shuijun1+shu\u4fa0"],"log":"|j|\u2606biei525\n|j|\u2606shuijun1+shu\u4fa0\n|t:|1721496456\n|gametype|doubles\n|player|p1|biei525|lillie-z|1669\n|player|p2|shuijun1+shu\u4fa0|iono|1755\n|teamsize|p1|6\n|teamsize|p2|6\n|gen|9\n|tier|[Gen 9] VGC 2024 Reg G\n|rated|\n|rule|Species Clause: Limit one of each Pok\u00e9mon\n|rule|Item Clause: Limit one of each item\n|clearpoke\n|poke|p1|Gloom, L50, F|\n|poke|p1|Armarouge, L50, F|\n|poke|p1|Indeedee-F, L50, F|\n|poke|p1|Dewgong, L50, F|\n|poke|p1|Ting-Lu, L50|\n|poke|p1|Lunala, L50|\n|poke|p2|Armarouge, L50, F|\n|poke|p2|Zamazenta-*, L50|\n|poke|p2|Indeedee, L50, M|\n|poke|p2|Roaring Moon, L50|\n|poke|p2|Urshifu-*, L50, F|\n|poke|p2|Maushold, L50|\n|teampreview|4\n|\n|t:|1721496500\n|start\n|switch|p1a: Indeedee|Indeedee-F, L50, F|100\/100\n|switch|p1b: Armarouge|Armarouge, L50, F|100\/100\n|switch|p2a: \u6708\u7ffc\u4e01\u771f|Roaring Moon, L50|100\/100\n|switch|p2b: \u610f\u8335\u4e01\u771f|Indeedee, L50, M|100\/100\n|-fieldstart|move: Psychic Terrain|[from] ability: Psychic Surge|[of] p2b: \u610f\u8335\u4e01\u771f\n|-enditem|p2a: \u6708\u7ffc\u4e01\u771f|Booster Energy\n|-activate|p2a: \u6708\u7ffc\u4e01\u771f|ability: Protosynthesis|[fromitem]\n|-start|p2a: \u6708\u7ffc\u4e01\u771f|protosynthesisspe\n|turn|1\n|\n|t:|1721496531\n|move|p1a: Indeedee|Follow Me|p1a: Indeedee\n|-singleturn|p1a: Indeedee|move: Follow Me\n|move|p2a: \u6708\u7ffc\u4e01\u771f|Knock Off|p1a: Indeedee\n|-supereffective|p1a: Indeedee\n|-damage|p1a: Indeedee|8\/100\n|-damage|p2a: \u6708\u7ffc\u4e01\u771f|84\/100|[from] item: Rocky Helmet|[of] p1a: Indeedee\n|-enditem|p1a: Indeedee|Rocky Helmet|[from] move: Knock Off|[of] p2a: \u6708\u7ffc\u4e01\u771f\n|move|p2b: \u610f\u8335\u4e01\u771f|Expanding Force|p1b: Armarouge|[spread] p1a,p1b\n|-resisted|p1a: Indeedee\n|-resisted|p1b: Armarouge\n|-damage|p1a: Indeedee|0 fnt\n|-damage|p1b: Armarouge|69\/100\n|faint|p1a: Indeedee\n|move|p1b: Armarouge|Heat Wave|p2b: \u610f\u8335\u4e01\u771f|[spread] p2a,p2b\n|-resisted|p2a: \u6708\u7ffc\u4e01\u771f\n|-crit|p2a: \u6708\u7ffc\u4e01\u771f\n|-crit|p2b: \u610f\u8335\u4e01\u771f\n|-damage|p2a: \u6708\u7ffc\u4e01\u771f|56\/100\n|-damage|p2b: \u610f\u8335\u4e01\u771f|27\/100\n|\n|upkeep\n|\n|t:|1721496534\n|switch|p1a: Ting-Lu|Ting-Lu, L50|100\/100\n|-ability|p1a: Ting-Lu|Vessel of Ruin\n|turn|2\n|\n|t:|1721496573\n|move|p1b: Armarouge|Endure|p1b: Armarouge\n|-singleturn|p1b: Armarouge|move: Endure\n|move|p2a: \u6708\u7ffc\u4e01\u771f|Knock Off|p1a: Ting-Lu\n|-resisted|p1a: Ting-Lu\n|-damage|p1a: Ting-Lu|89\/100\n|-enditem|p1a: Ting-Lu|Assault Vest|[from] move: Knock Off|[of] p2a: \u6708\u7ffc\u4e01\u771f\n|move|p2b: \u610f\u8335\u4e01\u771f|Expanding Force|p1b: Armarouge|[spread] p1b\n|-immune|p1a: Ting-Lu\n|-resisted|p1b: Armarouge\n|-damage|p1b: Armarouge|48\/100\n|move|p1a: Ting-Lu|Stomping Tantrum|p1b: Armarouge\n|-supereffective|p1b: Armarouge\n|-activate|p1b: Armarouge|move: Endure\n|-damage|p1b: Armarouge|1\/100\n|-ability|p1b: Armarouge|Weak Armor|boost\n|-unboost|p1b: Armarouge|def|1\n|-boost|p1b: Armarouge|spe|2\n|-enditem|p1b: Armarouge|Weakness Policy\n|-boost|p1b: Armarouge|atk|2|[from] item: Weakness Policy\n|-boost|p1b: Armarouge|spa|2|[from] item: Weakness Policy\n|\n|upkeep\n|turn|3\n|\n|t:|1721496600\n|move|p1b: Armarouge|Endure|p1b: Armarouge\n|-singleturn|p1b: Armarouge|move: Endure\n|move|p2a: \u6708\u7ffc\u4e01\u771f|Earthquake|p1b: Armarouge|[spread] p2b,p1a,p1b\n|-supereffective|p1b: Armarouge\n|-damage|p2b: \u610f\u8335\u4e01\u771f|0 fnt\n|-damage|p1a: Ting-Lu|76\/100\n|-activate|p1b: Armarouge|move: Endure\n|-damage|p1b: Armarouge|1\/100\n|-ability|p1b: Armarouge|Weak Armor|boost\n|-unboost|p1b: Armarouge|def|1\n|-boost|p1b: Armarouge|spe|2\n|faint|p2b: \u610f\u8335\u4e01\u771f\n|move|p1a: Ting-Lu|Stomping Tantrum|p2a: \u6708\u7ffc\u4e01\u771f\n|-damage|p2a: \u6708\u7ffc\u4e01\u771f|20\/100\n|\n|upkeep\n|\n|t:|1721496607\n|switch|p2b: \u6bc5\u52c7\u4e01\u771f|Zamazenta-Crowned, L50|100\/100\n|-ability|p2b: \u6bc5\u52c7\u4e01\u771f|Dauntless Shield|boost\n|-boost|p2b: \u6bc5\u52c7\u4e01\u771f|def|1\n|turn|4\n|j| ReproductionOfDark\n|\n|t:|1721496622\n|move|p2b: \u6bc5\u52c7\u4e01\u771f|Wide Guard|p2b: \u6bc5\u52c7\u4e01\u771f\n|-singleturn|p2b: \u6bc5\u52c7\u4e01\u771f|Wide Guard\n|move|p1b: Armarouge|Stored Power|p2b: \u6bc5\u52c7\u4e01\u771f\n|-damage|p2b: \u6bc5\u52c7\u4e01\u771f|0 fnt\n|faint|p2b: \u6bc5\u52c7\u4e01\u771f\n|move|p2a: \u6708\u7ffc\u4e01\u771f|Tailwind|p2a: \u6708\u7ffc\u4e01\u771f\n|-sidestart|p2: shuijun1+shu\u4fa0|move: Tailwind\n|move|p1a: Ting-Lu|Stomping Tantrum|p2a: \u6708\u7ffc\u4e01\u771f\n|-damage|p2a: \u6708\u7ffc\u4e01\u771f|0 fnt\n|faint|p2a: \u6708\u7ffc\u4e01\u771f\n|-end|p2a: \u6708\u7ffc\u4e01\u771f|Protosynthesis|[silent]\n|\n|upkeep\n|\n|t:|1721496628\n|switch|p2b: \u6d8c\u66f3\u4e01\u771f|Urshifu-Rapid-Strike, L50, F|100\/100\n|turn|5\n|\n|t:|1721496637\n|-terastallize|p2b: \u6d8c\u66f3\u4e01\u771f|Water\n|move|p1b: Armarouge|Stored Power|p2b: \u6d8c\u66f3\u4e01\u771f\n|-enditem|p2b: \u6d8c\u66f3\u4e01\u771f|Focus Sash\n|-damage|p2b: \u6d8c\u66f3\u4e01\u771f|1\/100\n|move|p2b: \u6d8c\u66f3\u4e01\u771f|Surging Strikes|p1a: Ting-Lu\n|-supereffective|p1a: Ting-Lu\n|-crit|p1a: Ting-Lu\n|-damage|p1a: Ting-Lu|47\/100\n|-supereffective|p1a: Ting-Lu\n|-crit|p1a: Ting-Lu\n|-damage|p1a: Ting-Lu|15\/100\n|-supereffective|p1a: Ting-Lu\n|-crit|p1a: Ting-Lu\n|-damage|p1a: Ting-Lu|0 fnt\n|faint|p1a: Ting-Lu\n|-hitcount|p1: Ting-Lu|3\n|\n|-fieldend|move: Psychic Terrain\n|upkeep\n|\n|t:|1721496639\n|switch|p1a: Gloom|Gloom, L50, F|100\/100\n|turn|6\n|c|\u2606biei525|gg\n|\n|t:|1721496657\n|move|p1b: Armarouge|Stored Power|p2b: \u6d8c\u66f3\u4e01\u771f\n|-damage|p2b: \u6d8c\u66f3\u4e01\u771f|0 fnt\n|faint|p2b: \u6d8c\u66f3\u4e01\u771f\n|\n|win|biei525\n|raw|biei525's rating: 1669 &rarr; <strong>1694<\/strong><br \/>(+25 for winning)\n|raw|shuijun1+shu\u4fa0's rating: 1755 &rarr; <strong>1730<\/strong><br \/>(-25 for losing)\n|c|\u2606shuijun1+shu\u4fa0|gg\n|l|\u2606shuijun1+shu\u4fa0\n|player|p2|\n|l| ReproductionOfDark\n","uploadtime":1721496841,"views":45,"formatid":"gen9vgc2024regg","rating":1694,"private":0,"password":null}