{"id":"gen9vgc2024regg-2164883903","format":"[Gen 9] VGC 2024 Reg G","players":["FlyAwayVGC","LewLew0110"],"log":"|j|\u2606FlyAwayVGC\n|j|\u2606LewLew0110\n|t:|1721581580\n|gametype|doubles\n|player|p1|FlyAwayVGC|calem-masters|1693\n|player|p2|LewLew0110|red|1757\n|teamsize|p1|6\n|teamsize|p2|6\n|gen|9\n|tier|[Gen 9] VGC 2024 Reg G\n|rated|\n|rule|Species Clause: Limit one of each Pok\u00e9mon\n|rule|Item Clause: Limit one of each item\n|clearpoke\n|poke|p1|Calyrex-Ice, L50|\n|poke|p1|Ursaluna-Bloodmoon, L50, M|\n|poke|p1|Chien-Pao, L50|\n|poke|p1|Urshifu-*, L50, M|\n|poke|p1|Raging Bolt, L50|\n|poke|p1|Farigiraf, L50, F|\n|poke|p2|Calyrex-Shadow, L50|\n|poke|p2|Indeedee-F, L50, F|\n|poke|p2|Clefairy, L50, F|\n|poke|p2|Incineroar, L50, F|\n|poke|p2|Tornadus, L50, M|\n|poke|p2|Mienshao, L50, F|\n|teampreview|4\n|inactive|Battle timer is ON: inactive players will automatically lose when time's up. (requested by FlyAwayVGC)\n|inactive|FlyAwayVGC has 60 seconds left.\n|\n|t:|1721581614\n|start\n|switch|p1a: Chien-Pao|Chien-Pao, L50|100\/100\n|switch|p1b: Urshifu|Urshifu-Rapid-Strike, L50, M|100\/100\n|switch|p2a: Indeedee|Indeedee-F, L50, F|100\/100\n|switch|p2b: Calyrex|Calyrex-Shadow, L50|100\/100\n|-ability|p2b: Calyrex|As One\n|-ability|p2b: Calyrex|Unnerve\n|-ability|p1a: Chien-Pao|Sword of Ruin\n|-fieldstart|move: Psychic Terrain|[from] ability: Psychic Surge|[of] p2a: Indeedee\n|-enditem|p2a: Indeedee|Psychic Seed\n|-boost|p2a: Indeedee|spd|1|[from] item: Psychic Seed\n|turn|1\n|inactive|FlyAwayVGC has 30 seconds left.\n|\n|t:|1721581640\n|-terastallize|p2b: Calyrex|Ghost\n|move|p2a: Indeedee|Follow Me|p2a: Indeedee\n|-singleturn|p2a: Indeedee|move: Follow Me\n|move|p1b: Urshifu|U-turn|p2a: Indeedee\n|-supereffective|p2a: Indeedee\n|-damage|p2a: Indeedee|32\/100\n|\n|t:|1721581646\n|switch|p1b: Farigiraf|Farigiraf, L50, F|100\/100|[from] U-turn\n|move|p2b: Calyrex|Astral Barrage|p1a: Chien-Pao|[spread] p1a\n|-immune|p1b: Farigiraf\n|-resisted|p1a: Chien-Pao\n|-damage|p1a: Chien-Pao|11\/100\n|move|p1a: Chien-Pao|Icicle Crash|p2a: Indeedee\n|-damage|p2a: Indeedee|0 fnt\n|faint|p2a: Indeedee\n|\n|upkeep\n|\n|t:|1721581655\n|switch|p2a: Clefairy|Clefairy, L50, F|100\/100\n|turn|2\n|inactive|FlyAwayVGC has 30 seconds left.\n|inactive|FlyAwayVGC has 20 seconds left.\n|\n|t:|1721581693\n|move|p1a: Chien-Pao|Protect|p1a: Chien-Pao\n|-singleturn|p1a: Chien-Pao|Protect\n|move|p2a: Clefairy|Follow Me|p2a: Clefairy\n|-singleturn|p2a: Clefairy|move: Follow Me\n|move|p2b: Calyrex|Astral Barrage|p1b: Farigiraf|[spread] \n|-activate|p1a: Chien-Pao|move: Protect\n|-immune|p1b: Farigiraf\n|move|p1b: Farigiraf|Tera Blast|p2a: Clefairy\n|-damage|p2a: Clefairy|83\/100\n|\n|upkeep\n|turn|3\n|inactive|FlyAwayVGC has 30 seconds left.\n|inactive|FlyAwayVGC has 20 seconds left.\n|\n|t:|1721581731\n|move|p2a: Clefairy|Protect|p2a: Clefairy\n|-singleturn|p2a: Clefairy|Protect\n|move|p2b: Calyrex|Astral Barrage|p1b: Farigiraf|[spread] p1a\n|-immune|p1b: Farigiraf\n|-resisted|p1a: Chien-Pao\n|-damage|p1a: Chien-Pao|0 fnt\n|faint|p1a: Chien-Pao\n|-ability|p2b: Calyrex|Grim Neigh|boost\n|-boost|p2b: Calyrex|spa|1\n|move|p1b: Farigiraf|Trick Room|p1b: Farigiraf\n|-fieldstart|move: Trick Room|[of] p1b: Farigiraf\n|\n|upkeep\n|\n|t:|1721581740\n|switch|p1a: Calyrex|Calyrex-Ice, L50|100\/100\n|-ability|p1a: Calyrex|As One\n|-ability|p1a: Calyrex|Unnerve\n|turn|4\n|\n|t:|1721581751\n|move|p2a: Clefairy|Helping Hand|p2b: Calyrex\n|-singleturn|p2b: Calyrex|Helping Hand|[of] p2a: Clefairy\n|move|p1a: Calyrex|Protect|p1a: Calyrex\n|-singleturn|p1a: Calyrex|Protect\n|move|p1b: Farigiraf|Foul Play|p2b: Calyrex\n|-supereffective|p2b: Calyrex\n|-damage|p2b: Calyrex|72\/100\n|move|p2b: Calyrex|Astral Barrage|p1a: Calyrex|[spread] \n|-activate|p1a: Calyrex|move: Protect\n|-immune|p1b: Farigiraf\n|\n|upkeep\n|turn|5\n|\n|t:|1721581768\n|-terastallize|p1a: Calyrex|Grass\n|move|p1b: Farigiraf|Helping Hand|p1a: Calyrex\n|-singleturn|p1a: Calyrex|Helping Hand|[of] p1b: Farigiraf\n|move|p2a: Clefairy|Follow Me|p2a: Clefairy\n|-singleturn|p2a: Clefairy|move: Follow Me\n|move|p1a: Calyrex|Glacial Lance|p2b: Calyrex|[spread] p2a,p2b\n|-damage|p2a: Clefairy|0 fnt\n|-damage|p2b: Calyrex|0 fnt\n|faint|p2a: Clefairy\n|faint|p2b: Calyrex\n|-ability|p1a: Calyrex|Chilling Neigh|boost\n|-boost|p1a: Calyrex|atk|2\n|\n|-fieldend|move: Psychic Terrain\n|upkeep\n|-message|LewLew0110 forfeited.\n|\n|win|FlyAwayVGC\n|raw|FlyAwayVGC's rating: 1693 &rarr; <strong>1717<\/strong><br \/>(+24 for winning)\n|raw|LewLew0110's rating: 1757 &rarr; <strong>1733<\/strong><br \/>(-24 for losing)\n|l|\u2606LewLew0110\n|player|p2|\n|l|\u2606FlyAwayVGC\n|player|p1|\n","uploadtime":1721581978,"views":24,"formatid":"gen9vgc2024regg","rating":1717,"private":0,"password":null}