{"id":"gen9vgc2024regg-2165685241","format":"[Gen 9] VGC 2024 Reg G","players":["shuijunjun\u7ea2\u83b2\u94e0\u9a91\u4fa0","GuevaraGaming2"],"log":"|j|\u2606shuijunjun\u7ea2\u83b2\u94e0\u9a91\u4fa0\n|j|\u2606GuevaraGaming2\n|t:|1721694568\n|gametype|doubles\n|player|p1|shuijunjun\u7ea2\u83b2\u94e0\u9a91\u4fa0|iono|1651\n|player|p2|GuevaraGaming2|hilbert-wonderlauncher|1789\n|teamsize|p1|6\n|teamsize|p2|6\n|gen|9\n|tier|[Gen 9] VGC 2024 Reg G\n|rated|\n|rule|Species Clause: Limit one of each Pok\u00e9mon\n|rule|Item Clause: Limit one of each item\n|clearpoke\n|poke|p1|Armarouge, L50, M|\n|poke|p1|Zamazenta-*, L50|\n|poke|p1|Indeedee, L50, M|\n|poke|p1|Roaring Moon, L50|\n|poke|p1|Gholdengo, L50|\n|poke|p1|Urshifu-*, L50, M|\n|poke|p2|Zamazenta-*, L50|\n|poke|p2|Chien-Pao, L50|\n|poke|p2|Rillaboom, L50, F|\n|poke|p2|Pelipper, L50, F|\n|poke|p2|Farigiraf, L50, M|\n|poke|p2|Urshifu-*, L50, F|\n|teampreview|4\n|\n|t:|1721694601\n|start\n|switch|p1a: \u6708\u7ffc\u4e01\u771f|Roaring Moon, L50|100\/100\n|switch|p1b: \u7f28\u626c\u4e01\u771f|Urshifu, L50, M|100\/100\n|switch|p2a: Pelipper|Pelipper, L50, F|100\/100\n|switch|p2b: Rillaboom|Rillaboom, L50, F|100\/100\n|-fieldstart|move: Grassy Terrain|[from] ability: Grassy Surge|[of] p2b: Rillaboom\n|-weather|RainDance|[from] ability: Drizzle|[of] p2a: Pelipper\n|-enditem|p1a: \u6708\u7ffc\u4e01\u771f|Booster Energy\n|-activate|p1a: \u6708\u7ffc\u4e01\u771f|ability: Protosynthesis|[fromitem]\n|-start|p1a: \u6708\u7ffc\u4e01\u771f|protosynthesisspe\n|turn|1\n|\n|t:|1721694620\n|move|p2b: Rillaboom|Fake Out|p1b: \u7f28\u626c\u4e01\u771f\n|-damage|p1b: \u7f28\u626c\u4e01\u771f|86\/100\n|move|p1a: \u6708\u7ffc\u4e01\u771f|Tailwind|p1a: \u6708\u7ffc\u4e01\u771f\n|-sidestart|p1: shuijunjun\u7ea2\u83b2\u94e0\u9a91\u4fa0|move: Tailwind\n|cant|p1b: \u7f28\u626c\u4e01\u771f|flinch\n|move|p2a: Pelipper|Tailwind|p2a: Pelipper\n|-sidestart|p2: GuevaraGaming2|move: Tailwind\n|\n|-weather|RainDance|[upkeep]\n|-heal|p1b: \u7f28\u626c\u4e01\u771f|92\/100|[from] Grassy Terrain\n|upkeep\n|turn|2\n|\n|t:|1721694636\n|move|p1a: \u6708\u7ffc\u4e01\u771f|Acrobatics|p2b: Rillaboom\n|-supereffective|p2b: Rillaboom\n|-damage|p2b: Rillaboom|31\/100\n|move|p1b: \u7f28\u626c\u4e01\u771f|Wicked Blow|p2b: Rillaboom\n|-crit|p2b: Rillaboom\n|-damage|p2b: Rillaboom|0 fnt\n|faint|p2b: Rillaboom\n|move|p2a: Pelipper|Hurricane|p1b: \u7f28\u626c\u4e01\u771f\n|-supereffective|p1b: \u7f28\u626c\u4e01\u771f\n|-damage|p1b: \u7f28\u626c\u4e01\u771f|0 fnt\n|faint|p1b: \u7f28\u626c\u4e01\u771f\n|\n|-weather|RainDance|[upkeep]\n|upkeep\n|\n|t:|1721694647\n|switch|p1b: \u715c\u708e\u4e01\u771f|Armarouge, L50, M, shiny|100\/100\n|switch|p2b: Urshifu|Urshifu-Rapid-Strike, L50, F|100\/100\n|turn|3\n|\n|t:|1721694663\n|-terastallize|p2b: Urshifu|Water\n|move|p1a: \u6708\u7ffc\u4e01\u771f|Earthquake|p2a: Pelipper|[spread] p1b,p2b\n|-immune|p2a: Pelipper\n|-supereffective|p1b: \u715c\u708e\u4e01\u771f\n|-damage|p1b: \u715c\u708e\u4e01\u771f|76\/100\n|-damage|p2b: Urshifu|87\/100\n|-ability|p1b: \u715c\u708e\u4e01\u771f|Weak Armor|boost\n|-unboost|p1b: \u715c\u708e\u4e01\u771f|def|1\n|-boost|p1b: \u715c\u708e\u4e01\u771f|spe|2\n|-enditem|p1b: \u715c\u708e\u4e01\u771f|Weakness Policy\n|-boost|p1b: \u715c\u708e\u4e01\u771f|atk|2|[from] item: Weakness Policy\n|-boost|p1b: \u715c\u708e\u4e01\u771f|spa|2|[from] item: Weakness Policy\n|move|p1b: \u715c\u708e\u4e01\u771f|Stored Power|p2b: Urshifu\n|-damage|p2b: Urshifu|0 fnt\n|faint|p2b: Urshifu\n|move|p2a: Pelipper|Hurricane|p1a: \u6708\u7ffc\u4e01\u771f\n|-damage|p1a: \u6708\u7ffc\u4e01\u771f|51\/100\n|-start|p1a: \u6708\u7ffc\u4e01\u771f|confusion\n|\n|-weather|RainDance|[upkeep]\n|-heal|p1a: \u6708\u7ffc\u4e01\u771f|57\/100|[from] Grassy Terrain\n|-heal|p1b: \u715c\u708e\u4e01\u771f|82\/100|[from] Grassy Terrain\n|upkeep\n|\n|t:|1721694675\n|switch|p2b: Zamazenta|Zamazenta-Crowned, L50|100\/100\n|-ability|p2b: Zamazenta|Dauntless Shield|boost\n|-boost|p2b: Zamazenta|def|1\n|turn|4\n|\n|t:|1721694684\n|-terastallize|p1a: \u6708\u7ffc\u4e01\u771f|Ghost\n|move|p2b: Zamazenta|Protect|p2b: Zamazenta\n|-singleturn|p2b: Zamazenta|Protect\n|-activate|p1a: \u6708\u7ffc\u4e01\u771f|confusion\n|move|p1a: \u6708\u7ffc\u4e01\u771f|Knock Off|p2a: Pelipper\n|-damage|p2a: Pelipper|55\/100\n|-damage|p1a: \u6708\u7ffc\u4e01\u771f|41\/100|[from] item: Rocky Helmet|[of] p2a: Pelipper\n|-enditem|p2a: Pelipper|Rocky Helmet|[from] move: Knock Off|[of] p1a: \u6708\u7ffc\u4e01\u771f\n|move|p1b: \u715c\u708e\u4e01\u771f|Stored Power|p2a: Pelipper\n|-damage|p2a: Pelipper|0 fnt\n|faint|p2a: Pelipper\n|\n|-weather|RainDance|[upkeep]\n|-heal|p1a: \u6708\u7ffc\u4e01\u771f|47\/100|[from] Grassy Terrain\n|-heal|p1b: \u715c\u708e\u4e01\u771f|88\/100|[from] Grassy Terrain\n|-sideend|p1: shuijunjun\u7ea2\u83b2\u94e0\u9a91\u4fa0|move: Tailwind\n|-sideend|p2: GuevaraGaming2|move: Tailwind\n|upkeep\n|turn|5\n|-message|GuevaraGaming2 forfeited.\n|\n|win|shuijunjun\u7ea2\u83b2\u94e0\u9a91\u4fa0\n|raw|shuijunjun\u7ea2\u83b2\u94e0\u9a91\u4fa0's rating: 1651 &rarr; <strong>1679<\/strong><br \/>(+28 for winning)\n|raw|GuevaraGaming2's rating: 1789 &rarr; <strong>1761<\/strong><br \/>(-28 for losing)\n|l|\u2606GuevaraGaming2\n|player|p2|\n|l|\u2606shuijunjun\u7ea2\u83b2\u94e0\u9a91\u4fa0\n|player|p1|\n","uploadtime":1721694922,"views":11,"formatid":"gen9vgc2024regg","rating":1679,"private":0,"password":null}