{"id":"gen9vgc2024regg-2165893150","format":"[Gen 9] VGC 2024 Reg G","players":["charrahc","Djjwjwwjj"],"log":"|j|\u2606charrahc\n|j|\u2606Djjwjwwjj\n|t:|1721730098\n|gametype|doubles\n|player|p1|charrahc|102|1689\n|player|p2|Djjwjwwjj|1|1766\n|teamsize|p1|6\n|teamsize|p2|6\n|gen|9\n|tier|[Gen 9] VGC 2024 Reg G\n|rated|\n|rule|Species Clause: Limit one of each Pok\u00e9mon\n|rule|Item Clause: Limit one of each item\n|clearpoke\n|poke|p1|Whimsicott, L50, M|\n|poke|p1|Ogerpon-Cornerstone, L50, F|\n|poke|p1|Ursaluna-Bloodmoon, L50, M|\n|poke|p1|Farigiraf, L50, M|\n|poke|p1|Calyrex-Shadow, L50|\n|poke|p1|Urshifu-*, L50, F|\n|poke|p2|Calyrex-Shadow, L50|\n|poke|p2|Incineroar, L50, M|\n|poke|p2|Pelipper, L50, F|\n|poke|p2|Rillaboom, L50, F|\n|poke|p2|Maushold-Four, L50|\n|poke|p2|Urshifu-*, L50, F|\n|teampreview|4\n|inactive|Battle timer is ON: inactive players will automatically lose when time's up. (requested by Djjwjwwjj)\n|j| Gooseberrypicker\n|j| Buy Dogecoins\n|j| FrothingTina\n|n| FrothingTina|frothingtina\n|\n|t:|1721730124\n|start\n|switch|p1a: Whimsicott|Whimsicott, L50, M|100\/100\n|switch|p1b: Ursaluna|Ursaluna-Bloodmoon, L50, M|100\/100\n|switch|p2a: Calyrex|Calyrex-Shadow, L50|100\/100\n|switch|p2b: Rillaboom|Rillaboom, L50, F|100\/100\n|-ability|p2a: Calyrex|As One\n|-ability|p2a: Calyrex|Unnerve\n|-fieldstart|move: Grassy Terrain|[from] ability: Grassy Surge|[of] p2b: Rillaboom\n|turn|1\n|\n|t:|1721730143\n|-terastallize|p2a: Calyrex|Fairy\n|move|p1a: Whimsicott|Protect|p1a: Whimsicott\n|-singleturn|p1a: Whimsicott|Protect\n|move|p1b: Ursaluna|Protect|p1b: Ursaluna\n|-singleturn|p1b: Ursaluna|Protect\n|move|p2a: Calyrex|Calm Mind|p2a: Calyrex\n|-boost|p2a: Calyrex|spa|1\n|-boost|p2a: Calyrex|spd|1\n|move|p2b: Rillaboom|U-turn|p1a: Whimsicott\n|-activate|p1a: Whimsicott|move: Protect\n|\n|upkeep\n|turn|2\n|\n|t:|1721730160\n|-terastallize|p1b: Ursaluna|Normal\n|move|p2a: Calyrex|Protect|p2a: Calyrex\n|-singleturn|p2a: Calyrex|Protect\n|move|p1a: Whimsicott|Encore|p2a: Calyrex\n|-activate|p2a: Calyrex|move: Protect\n|move|p2b: Rillaboom|U-turn|p1a: Whimsicott\n|-damage|p1a: Whimsicott|70\/100\n|\n|t:|1721730172\n|switch|p2b: Maushold|Maushold-Four, L50|100\/100|[from] U-turn\n|move|p1b: Ursaluna|Blood Moon|p2b: Maushold\n|-damage|p2b: Maushold|0 fnt\n|faint|p2b: Maushold\n|-damage|p1b: Ursaluna|91\/100|[from] item: Life Orb\n|\n|-heal|p1a: Whimsicott|75\/100|[from] Grassy Terrain\n|-heal|p1b: Ursaluna|97\/100|[from] Grassy Terrain\n|upkeep\n|\n|t:|1721730187\n|switch|p2b: Incineroar|Incineroar, L50, M|100\/100\n|-ability|p2b: Incineroar|Intimidate|boost\n|-unboost|p1a: Whimsicott|atk|1\n|-unboost|p1b: Ursaluna|atk|1\n|turn|3\n|\n|t:|1721730208\n|move|p1a: Whimsicott|Protect|p1a: Whimsicott\n|-singleturn|p1a: Whimsicott|Protect\n|move|p2b: Incineroar|Fake Out|p1a: Whimsicott\n|-activate|p1a: Whimsicott|move: Protect\n|move|p2a: Calyrex|Draining Kiss|p1b: Ursaluna\n|-damage|p1b: Ursaluna|38\/100\n|move|p1b: Ursaluna|Earth Power|p2b: Incineroar\n|-supereffective|p2b: Incineroar\n|-damage|p2b: Incineroar|4\/100\n|-damage|p1b: Ursaluna|29\/100|[from] item: Life Orb\n|\n|-heal|p1a: Whimsicott|81\/100|[from] Grassy Terrain\n|-heal|p1b: Ursaluna|34\/100|[from] Grassy Terrain\n|-heal|p2b: Incineroar|10\/100|[from] Grassy Terrain\n|upkeep\n|turn|4\n|inactive|Djjwjwwjj has 30 seconds left.\n|\n|t:|1721730242\n|switch|p2b: Rillaboom|Rillaboom, L50, F|100\/100\n|move|p1a: Whimsicott|Tailwind|p1a: Whimsicott\n|-sidestart|p1: charrahc|move: Tailwind\n|move|p1b: Ursaluna|Hyper Voice|p2b: Rillaboom|[spread] p2a,p2b\n|-damage|p2a: Calyrex|65\/100\n|-damage|p2b: Rillaboom|61\/100\n|-damage|p1b: Ursaluna|25\/100|[from] item: Life Orb\n|move|p2a: Calyrex|Draining Kiss|p1b: Ursaluna\n|-damage|p1b: Ursaluna|0 fnt\n|-heal|p2a: Calyrex|83\/100|[from] drain|[of] p1b: Ursaluna\n|faint|p1b: Ursaluna\n|-ability|p2a: Calyrex|Grim Neigh|boost\n|-boost|p2a: Calyrex|spa|1\n|\n|-heal|p1a: Whimsicott|87\/100|[from] Grassy Terrain\n|-heal|p2a: Calyrex|89\/100|[from] Grassy Terrain\n|-heal|p2b: Rillaboom|67\/100|[from] Grassy Terrain\n|upkeep\n|l| Gooseberrypicker\n|\n|t:|1721730260\n|switch|p1b: Urshifu|Urshifu-Rapid-Strike, L50, F|100\/100\n|turn|5\n|inactive|Djjwjwwjj has 30 seconds left.\n|\n|t:|1721730291\n|switch|p2b: Incineroar|Incineroar, L50, M|10\/100\n|-ability|p2b: Incineroar|Intimidate|boost\n|-unboost|p1a: Whimsicott|atk|1\n|-unboost|p1b: Urshifu|atk|1\n|move|p1a: Whimsicott|Protect|p1a: Whimsicott\n|-singleturn|p1a: Whimsicott|Protect\n|move|p1b: Urshifu|Detect|p1b: Urshifu\n|-singleturn|p1b: Urshifu|Protect\n|move|p2a: Calyrex|Astral Barrage|p1a: Whimsicott|[spread] \n|-activate|p1a: Whimsicott|move: Protect\n|-activate|p1b: Urshifu|move: Protect\n|\n|-heal|p1a: Whimsicott|93\/100|[from] Grassy Terrain\n|-heal|p2a: Calyrex|95\/100|[from] Grassy Terrain\n|-heal|p2b: Incineroar|16\/100|[from] Grassy Terrain\n|-fieldend|move: Grassy Terrain\n|upkeep\n|turn|6\n|\n|t:|1721730314\n|move|p1b: Urshifu|Detect||[still]\n|-fail|p1b: Urshifu\n|move|p2b: Incineroar|Fake Out|p1b: Urshifu\n|-damage|p1b: Urshifu|89\/100\n|move|p1a: Whimsicott|Moonblast|p2b: Incineroar\n|-damage|p2b: Incineroar|0 fnt\n|faint|p2b: Incineroar\n|move|p2a: Calyrex|Astral Barrage|p1a: Whimsicott|[spread] p1a,p1b\n|-damage|p1a: Whimsicott|0 fnt\n|-damage|p1b: Urshifu|0 fnt\n|faint|p1a: Whimsicott\n|faint|p1b: Urshifu\n|-ability|p2a: Calyrex|Grim Neigh|boost\n|-boost|p2a: Calyrex|spa|2\n|\n|upkeep\n|\n|t:|1721730330\n|switch|p1b: Calyrex|Calyrex-Shadow, L50|100\/100\n|switch|p2b: Rillaboom|Rillaboom, L50, F|67\/100\n|-ability|p1b: Calyrex|As One\n|-ability|p1b: Calyrex|Unnerve\n|-fieldstart|move: Grassy Terrain|[from] ability: Grassy Surge|[of] p2b: Rillaboom\n|turn|7\n|\n|t:|1721730342\n|move|p1b: Calyrex|Astral Barrage|p2b: Rillaboom|[spread] p2a,p2b\n|-crit|p2a: Calyrex\n|-damage|p2a: Calyrex|0 fnt\n|-damage|p2b: Rillaboom|15\/100\n|faint|p2a: Calyrex\n|-ability|p1b: Calyrex|Grim Neigh|boost\n|-boost|p1b: Calyrex|spa|1\n|move|p2b: Rillaboom|Wood Hammer|p1b: Calyrex\n|-damage|p1b: Calyrex|13\/100\n|-damage|p2b: Rillaboom|0 fnt|[from] Recoil\n|faint|p2b: Rillaboom\n|\n|win|charrahc\n|raw|charrahc's rating: 1689 &rarr; <strong>1713<\/strong><br \/>(+24 for winning)\n|raw|Djjwjwwjj's rating: 1766 &rarr; <strong>1742<\/strong><br \/>(-24 for losing)\n|l|\u2606charrahc\n|player|p1|\n|l|\u2606Djjwjwwjj\n|player|p2|\n|l| Buy Dogecoins\n|l| FrothingTina\n","uploadtime":1721730526,"views":21,"formatid":"gen9vgc2024regg","rating":1713,"private":0,"password":null}