{"id":"gen9vgc2024regg-2165577358","format":"[Gen 9] VGC 2024 Reg G","players":["Gyaradostyranitar","auraen"],"log":"|j|\u2606Gyaradostyranitar\n|j|\u2606auraen\n|t:|1721680822\n|gametype|doubles\n|player|p1|Gyaradostyranitar|roark|1705\n|player|p2|auraen|harlequin|1808\n|teamsize|p1|6\n|teamsize|p2|6\n|gen|9\n|tier|[Gen 9] VGC 2024 Reg G\n|rated|\n|rule|Species Clause: Limit one of each Pok\u00e9mon\n|rule|Item Clause: Limit one of each item\n|clearpoke\n|poke|p1|Calyrex-Ice, L50|\n|poke|p1|Indeedee-F, L50, F|\n|poke|p1|Hatterene, L50, F|\n|poke|p1|Ursaluna, L50, F|\n|poke|p1|Tyranitar, L50, M|\n|poke|p1|Iron Hands, L50|\n|poke|p2|Terapagos, L50, M|\n|poke|p2|Munkidori, L50, M|\n|poke|p2|Incineroar, L50, F|\n|poke|p2|Sinistcha, L50|\n|poke|p2|Basculegion, L50, M|\n|poke|p2|Flamigo, L50, M|\n|teampreview|4\n|inactive|Battle timer is ON: inactive players will automatically lose when time's up. (requested by Gyaradostyranitar)\n|\n|t:|1721680854\n|start\n|switch|p1a: Calyrex|Calyrex-Ice, L50|100\/100\n|switch|p1b: Indeedee|Indeedee-F, L50, F|100\/100\n|switch|p2a: Terapagos|Terapagos, L50, M|100\/100\n|switch|p2b: Incineroar|Incineroar, L50, F|100\/100\n|-activate|p2a: Terapagos|ability: Tera Shift\n|detailschange|p2a: Terapagos|Terapagos-Terastal, L50, M\n|-heal|p2a: Terapagos|100\/100|[silent]\n|-ability|p1a: Calyrex|As One\n|-ability|p1a: Calyrex|Unnerve\n|-fieldstart|move: Psychic Terrain|[from] ability: Psychic Surge|[of] p1b: Indeedee\n|-ability|p2b: Incineroar|Intimidate|boost\n|-fail|p1a: Calyrex|unboost|[from] item: Clear Amulet|[of] p1a: Calyrex\n|-unboost|p1b: Indeedee|atk|1\n|turn|1\n|\n|t:|1721680864\n|-terastallize|p2a: Terapagos|Stellar\n|detailschange|p2a: Terapagos|Terapagos-Stellar, L50, M, tera:Stellar\n|-heal|p2a: Terapagos|100\/100|[silent]\n|-ability|p2a: Terapagos|Teraform Zero\n|-fieldend|move: Psychic Terrain\n|move|p2b: Incineroar|Fake Out|p1b: Indeedee\n|-damage|p1b: Indeedee|90\/100\n|-damage|p2b: Incineroar|84\/100|[from] item: Rocky Helmet|[of] p1b: Indeedee\n|cant|p1b: Indeedee|flinch\n|move|p2a: Terapagos|Tera Starstorm|p1b: Indeedee|[spread] p1a,p1b\n|-damage|p1a: Calyrex|62\/100\n|-damage|p1b: Indeedee|38\/100\n|move|p1a: Calyrex|Trick Room|p1a: Calyrex\n|-fieldstart|move: Trick Room|[of] p1a: Calyrex\n|\n|upkeep\n|turn|2\n|\n|t:|1721680881\n|switch|p2b: Basculegion|Basculegion, L50, M|100\/100\n|move|p1b: Indeedee|Helping Hand|p1a: Calyrex\n|-singleturn|p1a: Calyrex|Helping Hand|[of] p1b: Indeedee\n|move|p1a: Calyrex|High Horsepower|p2b: Basculegion\n|-damage|p2b: Basculegion|34\/100\n|move|p2a: Terapagos|Tera Starstorm|p1b: Indeedee|[spread] p1a,p1b\n|-damage|p1a: Calyrex|24\/100\n|-damage|p1b: Indeedee|0 fnt\n|faint|p1b: Indeedee\n|\n|upkeep\n|\n|t:|1721680895\n|switch|p1b: Iron Hands|Iron Hands, L50|100\/100\n|turn|3\n|j| Buy Dogecoins\n|\n|t:|1721680907\n|-terastallize|p1a: Calyrex|Ice\n|move|p2b: Basculegion|Aqua Jet|p1a: Calyrex\n|-damage|p1a: Calyrex|9\/100\n|move|p1a: Calyrex|Glacial Lance|p2b: Basculegion|[spread] p2a,p2b\n|-resisted|p2b: Basculegion\n|-damage|p2a: Terapagos|51\/100\n|-damage|p2b: Basculegion|0 fnt\n|faint|p2b: Basculegion\n|-ability|p1a: Calyrex|Chilling Neigh|boost\n|-boost|p1a: Calyrex|atk|1\n|move|p1b: Iron Hands|Drain Punch|p2a: Terapagos\n|-supereffective|p2a: Terapagos\n|-damage|p2a: Terapagos|0 fnt\n|faint|p2a: Terapagos\n|\n|upkeep\n|\n|t:|1721680910\n|switch|p2a: Incineroar|Incineroar, L50, F|84\/100\n|switch|p2b: Flamigo|Flamigo, L50, M|100\/100\n|-ability|p2a: Incineroar|Intimidate|boost\n|-fail|p1a: Calyrex|unboost|[from] item: Clear Amulet|[of] p1a: Calyrex\n|-unboost|p1b: Iron Hands|atk|1\n|turn|4\n|\n|t:|1721680933\n|move|p1a: Calyrex|Protect|p1a: Calyrex\n|-singleturn|p1a: Calyrex|Protect\n|move|p2a: Incineroar|Fake Out|p1b: Iron Hands\n|-damage|p1b: Iron Hands|94\/100\n|move|p2b: Flamigo|Feint|p1a: Calyrex\n|-activate|p1a: Calyrex|move: Feint\n|-damage|p1a: Calyrex|2\/100\n|cant|p1b: Iron Hands|flinch\n|\n|upkeep\n|turn|5\n|\n|t:|1721680955\n|move|p2b: Flamigo|Feint|p1a: Calyrex\n|-damage|p1a: Calyrex|0 fnt\n|faint|p1a: Calyrex\n|move|p1b: Iron Hands|Drain Punch|p2a: Incineroar\n|-supereffective|p2a: Incineroar\n|-damage|p2a: Incineroar|36\/100\n|-heal|p1b: Iron Hands|100\/100|[from] drain|[of] p2a: Incineroar\n|move|p2a: Incineroar|Parting Shot|p1b: Iron Hands\n|-unboost|p1b: Iron Hands|atk|1\n|-unboost|p1b: Iron Hands|spa|1\n|\n|-fieldend|move: Trick Room\n|upkeep\n|\n|t:|1721680960\n|switch|p1a: Hatterene|Hatterene, L50, F|100\/100\n|turn|6\n|\n|t:|1721680968\n|move|p2b: Flamigo|Close Combat|p1a: Hatterene\n|-resisted|p1a: Hatterene\n|-damage|p1a: Hatterene|85\/100\n|-unboost|p2b: Flamigo|def|1\n|-unboost|p2b: Flamigo|spd|1\n|move|p2a: Incineroar|Flare Blitz|p1a: Hatterene\n|-damage|p1a: Hatterene|33\/100\n|-damage|p2a: Incineroar|24\/100|[from] Recoil\n|-enditem|p2a: Incineroar|Iapapa Berry|[eat]\n|-heal|p2a: Incineroar|58\/100|[from] item: Iapapa Berry\n|move|p1b: Iron Hands|Drain Punch|p2a: Incineroar\n|-supereffective|p2a: Incineroar\n|-damage|p2a: Incineroar|21\/100\n|move|p1a: Hatterene|Dazzling Gleam|p2b: Flamigo|[spread] p2a,p2b\n|-supereffective|p2b: Flamigo\n|-damage|p2a: Incineroar|0 fnt\n|-enditem|p2b: Flamigo|Focus Sash\n|-damage|p2b: Flamigo|1\/100\n|faint|p2a: Incineroar\n|-damage|p1a: Hatterene|24\/100|[from] item: Life Orb\n|\n|upkeep\n|turn|7\n|-message|auraen forfeited.\n|\n|win|Gyaradostyranitar\n|raw|Gyaradostyranitar's rating: 1705 &rarr; <strong>1731<\/strong><br \/>(+26 for winning)\n|raw|auraen's rating: 1808 &rarr; <strong>1782<\/strong><br \/>(-26 for losing)\n|l|\u2606auraen\n|player|p2|\n|c|\u2606Gyaradostyranitar|Gg\n|l| Buy Dogecoins\n","uploadtime":1721681180,"views":18,"formatid":"gen9vgc2024regg","rating":1731,"private":0,"password":null}