{"id":"gen9vgc2024regg-2165975862","format":"[Gen 9] VGC 2024 Reg G","players":["dcerza127","Phononmode"],"log":"|j|\u2606dcerza127\n|j|\u2606Phononmode\n|t:|1721742929\n|gametype|doubles\n|player|p1|dcerza127|101|1654\n|player|p2|Phononmode|266|1734\n|teamsize|p1|6\n|teamsize|p2|6\n|gen|9\n|tier|[Gen 9] VGC 2024 Reg G\n|rated|\n|rule|Species Clause: Limit one of each Pok\u00e9mon\n|rule|Item Clause: Limit one of each item\n|clearpoke\n|poke|p1|Calyrex-Shadow, L50|\n|poke|p1|Clefairy, L50, F|\n|poke|p1|Rillaboom, L50, F|\n|poke|p1|Incineroar, L50, F|\n|poke|p1|Urshifu-*, L50, M|\n|poke|p1|Pelipper, L50, F|\n|poke|p2|Miraidon, L50|\n|poke|p2|Sceptile, L50, F|\n|poke|p2|Dondozo, L50, M|\n|poke|p2|Tatsugiri, L50, F|\n|poke|p2|Whimsicott, L50, F|\n|poke|p2|Incineroar, L50, M|\n|teampreview|4\n|inactive|Battle timer is ON: inactive players will automatically lose when time's up. (requested by dcerza127)\nPhononmode has agreed to open team sheets.\ndcerza127 has agreed to open team sheets.\n|inactive|dcerza127 has 30 seconds left.\n|inactive|dcerza127 has 20 seconds left.\n|inactive|dcerza127 has 15 seconds left.\n|inactive|dcerza127 has 10 seconds left.\n|inactive|dcerza127 has 5 seconds left.\n|\n|t:|1721742995\n|start\n|switch|p1a: Calyrex|Calyrex-Shadow, L50|100\/100\n|switch|p1b: Clefairy|Clefairy, L50, F|100\/100\n|switch|p2a: Sceptile|Sceptile, L50, F|100\/100\n|switch|p2b: Miraidon|Miraidon, L50|100\/100\n|-ability|p1a: Calyrex|As One\n|-ability|p1a: Calyrex|Unnerve\n|-fieldstart|move: Electric Terrain|[from] ability: Hadron Engine|[of] p2b: Miraidon\n|-enditem|p2a: Sceptile|Electric Seed\n|-boost|p2a: Sceptile|def|1|[from] item: Electric Seed\n|turn|1\n|inactive|dcerza127 has 30 seconds left.\n|\n|t:|1721743029\n|-terastallize|p1b: Clefairy|Ground\n|move|p1b: Clefairy|Follow Me|p1b: Clefairy\n|-singleturn|p1b: Clefairy|move: Follow Me\n|move|p2a: Sceptile|Dragon Cheer|p2b: Miraidon\n|-start|p2b: Miraidon|move: Dragon Cheer\n|move|p1a: Calyrex|Astral Barrage|p2b: Miraidon|[spread] p2a,p2b\n|-damage|p2a: Sceptile|30\/100\n|-damage|p2b: Miraidon|51\/100\n|move|p2b: Miraidon|Parabolic Charge|p1a: Calyrex|[spread] p2a,p1a\n|-immune|p1b: Clefairy\n|-resisted|p2a: Sceptile\n|-crit|p2a: Sceptile\n|-crit|p1a: Calyrex\n|-damage|p2a: Sceptile|0 fnt\n|-heal|p2b: Miraidon|63\/100|[from] drain|[of] p2a: Sceptile\n|-damage|p1a: Calyrex|50\/100\n|-heal|p2b: Miraidon|88\/100|[from] drain|[of] p1a: Calyrex\n|faint|p2a: Sceptile\n|\n|upkeep\n|\n|t:|1721743045\n|switch|p2a: Dondozo|Dondozo, L50, M|100\/100\n|turn|2\n|\n|t:|1721743057\n|switch|p1b: Rillaboom|Rillaboom, L50, F|100\/100\n|-fieldstart|move: Grassy Terrain|[from] ability: Grassy Surge|[of] p1b: Rillaboom\n|move|p1a: Calyrex|Protect|p1a: Calyrex\n|-singleturn|p1a: Calyrex|Protect\n|move|p2a: Dondozo|Protect|p2a: Dondozo\n|-singleturn|p2a: Dondozo|Protect\n|move|p2b: Miraidon|Parabolic Charge|p1b: Rillaboom|[spread] p1b\n|-activate|p2a: Dondozo|move: Protect\n|-activate|p1a: Calyrex|move: Protect\n|-resisted|p1b: Rillaboom\n|-crit|p1b: Rillaboom\n|-damage|p1b: Rillaboom|85\/100\n|-heal|p2b: Miraidon|98\/100|[from] drain|[of] p1b: Rillaboom\n|\n|-heal|p1a: Calyrex|57\/100|[from] Grassy Terrain\n|-heal|p2b: Miraidon|100\/100|[from] Grassy Terrain\n|-heal|p1b: Rillaboom|91\/100|[from] Grassy Terrain\n|upkeep\n|turn|3\n|\n|t:|1721743078\n|-terastallize|p2a: Dondozo|Grass\n|move|p1b: Rillaboom|Fake Out|p2b: Miraidon\n|-damage|p2b: Miraidon|86\/100\n|move|p1a: Calyrex|Astral Barrage|p2b: Miraidon|[spread] p2a,p2b\n|-damage|p2a: Dondozo|50\/100\n|-damage|p2b: Miraidon|35\/100\n|cant|p2b: Miraidon|flinch\n|move|p2a: Dondozo|Wave Crash|p1a: Calyrex\n|-damage|p1a: Calyrex|0 fnt\n|faint|p1a: Calyrex\n|-damage|p2a: Dondozo|35\/100|[from] Recoil\n|\n|-heal|p2b: Miraidon|41\/100|[from] Grassy Terrain\n|-heal|p1b: Rillaboom|97\/100|[from] Grassy Terrain\n|-heal|p2a: Dondozo|42\/100|[from] Grassy Terrain\n|-heal|p2a: Dondozo|48\/100|[from] item: Leftovers\n|upkeep\n|j| Tasty Pangolin\n|\n|t:|1721743095\n|switch|p1a: Urshifu|Urshifu-Rapid-Strike, L50, M|100\/100\n|turn|4\n|inactive|Phononmode has 30 seconds left.\n|\n|t:|1721743121\n|switch|p2b: Tatsugiri|Tatsugiri, L50, F|100\/100\n|-activate|p2b: Tatsugiri|ability: Commander|[of] p2a: Dondozo\n|-boost|p2a: Dondozo|atk|2\n|-boost|p2a: Dondozo|spa|2\n|-boost|p2a: Dondozo|spe|2\n|-boost|p2a: Dondozo|def|2\n|-boost|p2a: Dondozo|spd|2\n|move|p1a: Urshifu|Close Combat|p2b: Tatsugiri|[miss]\n|-miss|p1a: Urshifu|p2b: Tatsugiri\n|move|p2a: Dondozo|Order Up|p1a: Urshifu\n|-damage|p1a: Urshifu|59\/100\n|-boost|p2a: Dondozo|atk|1\n|move|p1b: Rillaboom|U-turn|p2a: Dondozo\n|-supereffective|p2a: Dondozo\n|-damage|p2a: Dondozo|29\/100\n|\n|t:|1721743134\n|switch|p1b: Clefairy|Clefairy, L50, F, tera:Ground|100\/100|[from] U-turn\n|\n|-heal|p1a: Urshifu|65\/100|[from] Grassy Terrain\n|-heal|p2a: Dondozo|35\/100|[from] Grassy Terrain\n|-heal|p2a: Dondozo|42\/100|[from] item: Leftovers\n|upkeep\n|turn|5\n|\n|t:|1721743147\n|move|p1b: Clefairy|Follow Me|p1b: Clefairy\n|-singleturn|p1b: Clefairy|move: Follow Me\n|move|p1a: Urshifu|Close Combat|p2a: Dondozo\n|-damage|p2a: Dondozo|20\/100\n|-unboost|p1a: Urshifu|def|1\n|-unboost|p1a: Urshifu|spd|1\n|move|p2a: Dondozo|Order Up|p1b: Clefairy\n|-damage|p1b: Clefairy|54\/100\n|-boost|p2a: Dondozo|atk|1\n|\n|-heal|p1a: Urshifu|72\/100|[from] Grassy Terrain\n|-heal|p2a: Dondozo|26\/100|[from] Grassy Terrain\n|-heal|p2a: Dondozo|32\/100|[from] item: Leftovers\n|-heal|p1b: Clefairy|60\/100|[from] Grassy Terrain\n|upkeep\n|turn|6\n|\n|t:|1721743167\n|move|p1b: Clefairy|Helping Hand|p1a: Urshifu\n|-singleturn|p1a: Urshifu|Helping Hand|[of] p1b: Clefairy\n|move|p1a: Urshifu|Close Combat|p2a: Dondozo\n|-damage|p2a: Dondozo|0 fnt\n|-unboost|p1a: Urshifu|def|1\n|-unboost|p1a: Urshifu|spd|1\n|faint|p2a: Dondozo\n|\n|-heal|p1a: Urshifu|78\/100|[from] Grassy Terrain\n|-heal|p1b: Clefairy|65\/100|[from] Grassy Terrain\n|-fieldend|move: Grassy Terrain\n|upkeep\n|\n|t:|1721743172\n|switch|p2a: Miraidon|Miraidon, L50|41\/100\n|-fieldstart|move: Electric Terrain|[from] ability: Hadron Engine|[of] p2a: Miraidon\n|turn|7\n|\n|t:|1721743192\n|move|p1b: Clefairy|Helping Hand|p1a: Urshifu\n|-singleturn|p1a: Urshifu|Helping Hand|[of] p1b: Clefairy\n|move|p1a: Urshifu|Close Combat|p2a: Miraidon\n|-damage|p2a: Miraidon|0 fnt\n|-unboost|p1a: Urshifu|def|1\n|-unboost|p1a: Urshifu|spd|1\n|faint|p2a: Miraidon\n|move|p2b: Tatsugiri|Muddy Water|p1b: Clefairy|[spread] p1b\n|-miss|p2b: Tatsugiri|p1a: Urshifu\n|-supereffective|p1b: Clefairy\n|-damage|p1b: Clefairy|12\/100\n|\n|upkeep\n|turn|8\n|\n|t:|1721743207\n|move|p1a: Urshifu|Close Combat|p2b: Tatsugiri\n|-enditem|p2b: Tatsugiri|Focus Sash\n|-damage|p2b: Tatsugiri|1\/100\n|-unboost|p1a: Urshifu|def|1\n|-unboost|p1a: Urshifu|spd|1\n|move|p2b: Tatsugiri|Muddy Water|p1b: Clefairy|[spread] p1a,p1b\n|-resisted|p1a: Urshifu\n|-supereffective|p1b: Clefairy\n|-damage|p1a: Urshifu|31\/100\n|-damage|p1b: Clefairy|0 fnt\n|faint|p1b: Clefairy\n|\n|upkeep\n|-message|Phononmode forfeited.\n|\n|win|dcerza127\n|raw|dcerza127's rating: 1654 &rarr; <strong>1679<\/strong><br \/>(+25 for winning)\n|raw|Phononmode's rating: 1734 &rarr; <strong>1709<\/strong><br \/>(-25 for losing)\n|l|\u2606Phononmode\n|player|p2|\n|l|\u2606dcerza127\n|player|p1|\n|l| Tasty Pangolin\n","uploadtime":1721743370,"views":11,"formatid":"gen9vgc2024regg","rating":1679,"private":0,"password":null}