{"id":"gen9vgc2024regg-2165177930","format":"[Gen 9] VGC 2024 Reg G","players":["LONGhq","sccc1234"],"log":"|j|\u203dLONGhq\n|j|\u2606sccc1234\n|t:|1721621405\n|gametype|doubles\n|player|p1|LONGhq|dawn|1777\n|player|p2|sccc1234|102|1746\n|teamsize|p1|6\n|teamsize|p2|6\n|gen|9\n|tier|[Gen 9] VGC 2024 Reg G\n|rated|\n|rule|Species Clause: Limit one of each Pok\u00e9mon\n|rule|Item Clause: Limit one of each item\n|clearpoke\n|poke|p1|Dondozo, L50, F|\n|poke|p1|Tatsugiri, L50, F|\n|poke|p1|Miraidon, L50|\n|poke|p1|Whimsicott, L50, M|\n|poke|p1|Iron Hands, L50|\n|poke|p1|Chien-Pao, L50|\n|poke|p2|Calyrex-Ice, L50|\n|poke|p2|Torkoal, L50, F|\n|poke|p2|Ursaluna-Bloodmoon, L50, M|\n|poke|p2|Iron Hands, L50|\n|poke|p2|Zoroark-Hisui, L50, F|\n|poke|p2|Whimsicott, L50, M|\n|teampreview|4\n|inactive|Battle timer is ON: inactive players will automatically lose when time's up. (requested by sccc1234)\n|\n|t:|1721621455\n|start\n|switch|p1a: Tatsugiri|Tatsugiri, L50, F|100\/100\n|switch|p1b: Miraidon|Miraidon, L50|100\/100\n|switch|p2a: Calyrex|Calyrex-Ice, L50|100\/100\n|switch|p2b: Whimsicott|Whimsicott, L50, M|100\/100\n|-fieldstart|move: Electric Terrain|[from] ability: Hadron Engine|[of] p1b: Miraidon\n|turn|1\n|inactive|LONGhq has 30 seconds left.\n|inactive|sccc1234 has 30 seconds left.\n|inactive|LONGhq has 20 seconds left.\n|inactive|sccc1234 has 20 seconds left.\n|inactive|LONGhq has 15 seconds left.\n|\n|t:|1721621496\n|switch|p2b: Ursaluna|Ursaluna-Bloodmoon, L50, M|100\/100\n|-terastallize|p1b: Miraidon|Fairy\n|-terastallize|p2a: Calyrex|Ground\n|move|p1b: Miraidon|Volt Switch|p2a: Calyrex\n|-immune|p2a: Calyrex\n|move|p2a: Calyrex|Tera Blast|p1b: Miraidon|[anim] Tera Blast Ground\n|-damage|p1b: Miraidon|52\/100\n|-damage|p2a: Calyrex|90\/100|[from] item: Life Orb\n|move|p1a: Tatsugiri|Taunt|p2a: Calyrex\n|-start|p2a: Calyrex|move: Taunt\n|\n|upkeep\n|turn|2\n|\n|t:|1721621520\n|switch|p1b: Chien-Pao|Chien-Pao, L50|100\/100\n|-ability|p1b: Chien-Pao|Sword of Ruin\n|switch|p2b: Whimsicott|Whimsicott, L50, M|100\/100\n|move|p2a: Calyrex|Hyper Voice|p1b: Chien-Pao|[spread] p1a,p1b\n|-damage|p1a: Tatsugiri|43\/100\n|-damage|p1b: Chien-Pao|26\/100\n|-damage|p2a: Calyrex|80\/100|[from] item: Life Orb\n|move|p1a: Tatsugiri|Muddy Water|p2b: Whimsicott|[spread] p2a,p2b\n|-supereffective|p2a: Calyrex\n|-resisted|p2b: Whimsicott\n|-damage|p2a: Calyrex|0 fnt\n|-damage|p2b: Whimsicott|68\/100\n|-unboost|p2b: Whimsicott|accuracy|1\n|replace|p2a: Zoroark|Zoroark-Hisui, L50, F\n|-end|p2a: Zoroark|Illusion\n|faint|p2a: Zoroark\n|\n|upkeep\n|\n|t:|1721621535\n|switch|p2a: Calyrex|Calyrex-Ice, L50|100\/100\n|-ability|p2a: Calyrex|As One\n|-ability|p2a: Calyrex|Unnerve\n|turn|3\n|\n|t:|1721621554\n|move|p1b: Chien-Pao|Throat Chop|p2a: Calyrex\n|-supereffective|p2a: Calyrex\n|-damage|p2a: Calyrex|13\/100\n|-start|p2a: Calyrex|Throat Chop|[silent]\n|-damage|p1b: Chien-Pao|17\/100|[from] item: Life Orb\n|move|p1a: Tatsugiri|Taunt|p2a: Calyrex\n|-start|p2a: Calyrex|move: Taunt\n|move|p2a: Calyrex|Glacial Lance|p1a: Tatsugiri|[spread] p1a,p1b\n|-resisted|p1b: Chien-Pao\n|-damage|p1a: Tatsugiri|0 fnt\n|-damage|p1b: Chien-Pao|0 fnt\n|faint|p1a: Tatsugiri\n|faint|p1b: Chien-Pao\n|-ability|p2a: Calyrex|Chilling Neigh|boost\n|-boost|p2a: Calyrex|atk|2\n|move|p2b: Whimsicott|Trick Room|p2b: Whimsicott\n|-fieldstart|move: Trick Room|[of] p2b: Whimsicott\n|\n|upkeep\n|\n|t:|1721621568\n|switch|p1a: Miraidon|Miraidon, L50, tera:Fairy|52\/100\n|switch|p1b: Dondozo|Dondozo, L50, F|100\/100\n|-activate|p1a: Miraidon|ability: Hadron Engine\n|turn|4\n|inactive|LONGhq has 30 seconds left.\n|\n|t:|1721621595\n|move|p2a: Calyrex|Glacial Lance|p1b: Dondozo|[spread] p1a,p1b\n|-resisted|p1b: Dondozo\n|-damage|p1a: Miraidon|0 fnt\n|-damage|p1b: Dondozo|81\/100\n|faint|p1a: Miraidon\n|-ability|p2a: Calyrex|Chilling Neigh|boost\n|-boost|p2a: Calyrex|atk|1\n|move|p1b: Dondozo|Wave Crash|p2a: Calyrex\n|-damage|p2a: Calyrex|0 fnt\n|faint|p2a: Calyrex\n|-damage|p1b: Dondozo|77\/100|[from] Recoil\n|move|p2b: Whimsicott|Energy Ball|p1b: Dondozo\n|-supereffective|p1b: Dondozo\n|-damage|p1b: Dondozo|27\/100\n|\n|-heal|p1b: Dondozo|34\/100|[from] item: Leftovers\n|upkeep\n|\n|t:|1721621604\n|switch|p2a: Ursaluna|Ursaluna-Bloodmoon, L50, M|100\/100\n|turn|5\n|j| New Player IG\n|\n|t:|1721621624\n|move|p2a: Ursaluna|Hyper Voice|p1b: Dondozo\n|-damage|p1b: Dondozo|0 fnt\n|faint|p1b: Dondozo\n|\n|win|sccc1234\n|raw|LONGhq's rating: 1777 &rarr; <strong>1755<\/strong><br \/>(-22 for losing)\n|raw|sccc1234's rating: 1746 &rarr; <strong>1768<\/strong><br \/>(+22 for winning)\n|l|\u203dLONGhq\n|player|p1|\n|l|\u2606sccc1234\n|player|p2|\n|l| New Player IG\n","uploadtime":1721621820,"views":32,"formatid":"gen9vgc2024regg","rating":1755,"private":0,"password":null}