{"id":"gen9vgc2024regg-2165385370","format":"[Gen 9] VGC 2024 Reg G","players":["BlindMagneton","roseyradio"],"log":"|j|\u2606BlindMagneton\n|j|\u2606roseyradio\n|t:|1721658937\n|gametype|doubles\n|player|p1|BlindMagneton|wattson|1651\n|player|p2|roseyradio|skier|1706\n|teamsize|p1|6\n|teamsize|p2|6\n|gen|9\n|tier|[Gen 9] VGC 2024 Reg G\n|rated|\n|rule|Species Clause: Limit one of each Pok\u00e9mon\n|rule|Item Clause: Limit one of each item\n|clearpoke\n|poke|p1|Koraidon, L50|\n|poke|p1|Stonjourner, L50, F|\n|poke|p1|Raging Bolt, L50|\n|poke|p1|Whimsicott, L50, F|\n|poke|p1|Chandelure, L50, M|\n|poke|p1|Iron Treads, L50|\n|poke|p2|Calyrex-Ice, L50|\n|poke|p2|Smeargle, L50, F|\n|poke|p2|Ursaluna-Bloodmoon, L50, M|\n|poke|p2|Indeedee-F, L50, F|\n|poke|p2|Amoonguss, L50, M|\n|poke|p2|Raging Bolt, L50|\n|teampreview|4\n|inactive|Battle timer is ON: inactive players will automatically lose when time's up. (requested by roseyradio)\n|\n|t:|1721658957\n|start\n|switch|p1a: Chandelure|Chandelure, L50, M|100\/100\n|switch|p1b: Whimsicott|Whimsicott, L50, F|100\/100\n|switch|p2a: Calyrex|Calyrex-Ice, L50|100\/100\n|switch|p2b: Smeargle|Smeargle, L50, F, shiny|100\/100\n|-ability|p2a: Calyrex|As One\n|-ability|p2a: Calyrex|Unnerve\n|turn|1\n|\n|t:|1721658974\n|move|p2a: Calyrex|Protect|p2a: Calyrex\n|-singleturn|p2a: Calyrex|Protect\n|move|p1b: Whimsicott|Switcheroo|p2a: Calyrex\n|-activate|p2a: Calyrex|move: Protect\n|move|p1a: Chandelure|Imprison|p1a: Chandelure\n|-start|p1a: Chandelure|move: Imprison\n|move|p2b: Smeargle|Decorate|p2a: Calyrex\n|-boost|p2a: Calyrex|atk|2\n|-boost|p2a: Calyrex|spa|2\n|\n|upkeep\n|turn|2\n|inactive|BlindMagneton has 30 seconds left.\n|\n|t:|1721659000\n|move|p2b: Smeargle|Follow Me|p2b: Smeargle\n|-singleturn|p2b: Smeargle|move: Follow Me\n|move|p1b: Whimsicott|Switcheroo|p2b: Smeargle\n|-activate|p1b: Whimsicott|move: Trick|[of] p2b: Smeargle\n|-item|p2b: Smeargle|Choice Specs|[from] move: Switcheroo\n|-item|p1b: Whimsicott|Focus Sash|[from] move: Switcheroo\n|move|p1a: Chandelure|Heat Wave|p2a: Calyrex|[spread] p2a,p2b\n|-supereffective|p2a: Calyrex\n|-damage|p2a: Calyrex|48\/100\n|-damage|p2b: Smeargle|18\/100\n|move|p2a: Calyrex|Glacial Lance|p1b: Whimsicott|[spread] p1a,p1b\n|-resisted|p1a: Chandelure\n|-supereffective|p1b: Whimsicott\n|-damage|p1a: Chandelure|42\/100\n|-enditem|p1b: Whimsicott|Focus Sash\n|-damage|p1b: Whimsicott|1\/100\n|\n|upkeep\n|turn|3\n|inactive|BlindMagneton has 30 seconds left.\n|inactive|roseyradio has 30 seconds left.\n|inactive|BlindMagneton has 20 seconds left.\n|inactive|BlindMagneton has 15 seconds left.\n|inactive|BlindMagneton has 10 seconds left.\n|\n|t:|1721659046\n|switch|p1b: Stonjourner|Stonjourner, L50, F|100\/100\n|-terastallize|p2a: Calyrex|Water\n|move|p2b: Smeargle|Follow Me|p2b: Smeargle\n|-singleturn|p2b: Smeargle|move: Follow Me\n|move|p1a: Chandelure|Heat Wave|p2b: Smeargle|[spread] p2a,p2b\n|-resisted|p2a: Calyrex\n|-crit|p2a: Calyrex\n|-damage|p2a: Calyrex|21\/100\n|-damage|p2b: Smeargle|0 fnt\n|faint|p2b: Smeargle\n|move|p2a: Calyrex|Glacial Lance|p1a: Chandelure|[spread] p1a,p1b\n|-resisted|p1a: Chandelure\n|-damage|p1a: Chandelure|0 fnt\n|-damage|p1b: Stonjourner|8\/100\n|faint|p1a: Chandelure\n|-ability|p2a: Calyrex|Chilling Neigh|boost\n|-boost|p2a: Calyrex|atk|1\n|\n|upkeep\n|inactive|BlindMagneton has 30 seconds left.\n|\n|t:|1721659071\n|switch|p1a: Koraidon|Koraidon, L50|100\/100\n|switch|p2b: Bettina|Indeedee-F, L50, F|100\/100\n|-weather|SunnyDay|[from] ability: Orichalcum Pulse|[of] p1a: Koraidon\n|-activate|p1a: Koraidon|Orichalcum Pulse|[source]\n|-fieldstart|move: Psychic Terrain|[from] ability: Psychic Surge|[of] p2b: Bettina\n|turn|4\n|\n|t:|1721659085\n|move|p1a: Koraidon|Breaking Swipe|p2a: Calyrex|[spread] p2a,p2b\n|-crit|p2a: Calyrex\n|-damage|p2a: Calyrex|0 fnt\n|-damage|p2b: Bettina|58\/100\n|-unboost|p2b: Bettina|atk|1\n|faint|p2a: Calyrex\n|move|p1b: Stonjourner|Heat Crash|p2b: Bettina\n|-damage|p2b: Bettina|0 fnt\n|faint|p2b: Bettina\n|\n|-weather|SunnyDay|[upkeep]\n|upkeep\n|\n|t:|1721659090\n|switch|p2b: Ursaluna|Ursaluna-Bloodmoon, L50, M|100\/100\n|turn|5\n|-message|roseyradio forfeited.\n|\n|win|BlindMagneton\n|raw|BlindMagneton's rating: 1651 &rarr; <strong>1674<\/strong><br \/>(+23 for winning)\n|raw|roseyradio's rating: 1706 &rarr; <strong>1683<\/strong><br \/>(-23 for losing)\n|l|\u2606roseyradio\n|player|p2|\n|l|\u2606BlindMagneton\n|player|p1|\n","uploadtime":1721659102,"views":16,"formatid":"gen9vgc2024regg","rating":1674,"private":0,"password":null}