{"id":"gen9vgc2024regg-2165677673","format":"[Gen 9] VGC 2024 Reg G","players":["Wacko789","Zenchaos"],"log":"|j|\u2606Wacko789\n|j|\u2606Zenchaos\n|t:|1721693528\n|gametype|doubles\n|player|p1|Wacko789|flannery|1694\n|player|p2|Zenchaos|170|1781\n|teamsize|p1|6\n|teamsize|p2|6\n|gen|9\n|tier|[Gen 9] VGC 2024 Reg G\n|rated|\n|rule|Species Clause: Limit one of each Pok\u00e9mon\n|rule|Item Clause: Limit one of each item\n|clearpoke\n|poke|p1|Kyogre, L50|\n|poke|p1|Whimsicott, L50, F|\n|poke|p1|Iron Bundle, L50|\n|poke|p1|Entei, L50|\n|poke|p1|Kingambit, L50, F|\n|poke|p1|Amoonguss, L50, M|\n|poke|p2|Grimmsnarl, L50, M|\n|poke|p2|Incineroar, L50, M|\n|poke|p2|Eternatus, L50|\n|poke|p2|Comfey, L50, F|\n|poke|p2|Ogerpon-Wellspring, L50, F|\n|poke|p2|Rillaboom, L50, F|\n|teampreview|4\n|inactive|Battle timer is ON: inactive players will automatically lose when time's up. (requested by Wacko789)\n|inactive|Zenchaos has 60 seconds left.\n|\n|t:|1721693588\n|start\n|switch|p1a: Iron Bundle|Iron Bundle, L50|100\/100\n|switch|p1b: Entei|Entei, L50|100\/100\n|switch|p2a: Eternatus|Eternatus, L50|100\/100\n|switch|p2b: Grimmsnarl|Grimmsnarl, L50, M|100\/100\n|-ability|p2a: Eternatus|Pressure\n|-enditem|p1a: Iron Bundle|Booster Energy\n|-activate|p1a: Iron Bundle|ability: Quark Drive|[fromitem]\n|-start|p1a: Iron Bundle|quarkdrivespe\n|turn|1\n|inactive|Wacko789 has 30 seconds left.\n|\n|t:|1721693618\n|move|p2b: Grimmsnarl|Reflect|p2b: Grimmsnarl\n|-sidestart|p2: Zenchaos|Reflect\n|move|p1a: Iron Bundle|Taunt|p2b: Grimmsnarl\n|-start|p2b: Grimmsnarl|move: Taunt\n|move|p2a: Eternatus|Cosmic Power|p2a: Eternatus\n|-boost|p2a: Eternatus|def|1\n|-boost|p2a: Eternatus|spd|1\n|move|p1b: Entei|Sacred Fire|p2a: Eternatus\n|-resisted|p2a: Eternatus\n|-damage|p2a: Eternatus|91\/100\n|-status|p2a: Eternatus|brn\n|\n|-heal|p2a: Eternatus|97\/100 brn|[from] item: Leftovers\n|-damage|p2a: Eternatus|91\/100 brn|[from] brn\n|upkeep\n|turn|2\n|\n|t:|1721693640\n|move|p1a: Iron Bundle|Icy Wind|p2a: Eternatus|[spread] p2a,p2b\n|-supereffective|p2a: Eternatus\n|-damage|p2a: Eternatus|73\/100 brn\n|-damage|p2b: Grimmsnarl|83\/100\n|-unboost|p2a: Eternatus|spe|1\n|-unboost|p2b: Grimmsnarl|spe|1\n|move|p1b: Entei|Sacred Fire|p2b: Grimmsnarl\n|-damage|p2b: Grimmsnarl|31\/100\n|-status|p2b: Grimmsnarl|brn\n|move|p2a: Eternatus|Fire Spin|p1a: Iron Bundle\n|-damage|p1a: Iron Bundle|79\/100\n|-activate|p1a: Iron Bundle|move: Fire Spin|[of] p2a: Eternatus\n|move|p2b: Grimmsnarl|Spirit Break|p1a: Iron Bundle\n|-damage|p1a: Iron Bundle|61\/100\n|-unboost|p1a: Iron Bundle|spa|1\n|\n|-heal|p2a: Eternatus|79\/100 brn|[from] item: Leftovers\n|-damage|p2a: Eternatus|73\/100 brn|[from] brn\n|-damage|p2b: Grimmsnarl|25\/100 brn|[from] brn\n|-damage|p1a: Iron Bundle|49\/100|[from] move: Fire Spin|[partiallytrapped]\n|upkeep\n|turn|3\n|j| BacK-2-ReaLiTy\n|\n|t:|1721693663\n|switch|p2b: Ogerpon|Ogerpon-Wellspring, L50, F|100\/100\n|move|p1a: Iron Bundle|Icy Wind|p2b: Ogerpon|[spread] p2a,p2b\n|-supereffective|p2a: Eternatus\n|-damage|p2a: Eternatus|61\/100 brn\n|-damage|p2b: Ogerpon|88\/100\n|-unboost|p2a: Eternatus|spe|1\n|-unboost|p2b: Ogerpon|spe|1\n|move|p1b: Entei|Sacred Fire|p2a: Eternatus\n|-resisted|p2a: Eternatus\n|-damage|p2a: Eternatus|52\/100 brn\n|move|p2a: Eternatus|Fire Spin|p1b: Entei\n|-resisted|p1b: Entei\n|-damage|p1b: Entei|94\/100\n|-activate|p1b: Entei|move: Fire Spin|[of] p2a: Eternatus\n|\n|-heal|p2a: Eternatus|58\/100 brn|[from] item: Leftovers\n|-damage|p2a: Eternatus|52\/100 brn|[from] brn\n|-damage|p1a: Iron Bundle|36\/100|[from] move: Fire Spin|[partiallytrapped]\n|-damage|p1b: Entei|82\/100|[from] move: Fire Spin|[partiallytrapped]\n|upkeep\n|turn|4\n|\n|t:|1721693686\n|-terastallize|p2b: Ogerpon|Water\n|detailschange|p2b: Ogerpon|Ogerpon-Wellspring-Tera, L50, F, tera:Water\n|-ability|p2b: Ogerpon|Embody Aspect (Wellspring)|boost\n|-boost|p2b: Ogerpon|spd|1\n|move|p1a: Iron Bundle|Freeze-Dry|p2b: Ogerpon\n|-supereffective|p2b: Ogerpon\n|-damage|p2b: Ogerpon|55\/100\n|-status|p2b: Ogerpon|frz\n|move|p1b: Entei|Sacred Fire|p2b: Ogerpon\n|-resisted|p2b: Ogerpon\n|-damage|p2b: Ogerpon|28\/100 frz\n|-curestatus|p2b: Ogerpon|frz|[msg]\n|move|p2b: Ogerpon|Ivy Cudgel|p1b: Entei|[anim] Ivy Cudgel Water\n|-supereffective|p1b: Entei\n|-crit|p1b: Entei\n|-damage|p1b: Entei|0 fnt\n|faint|p1b: Entei\n|move|p2a: Eternatus|Recover|p2a: Eternatus\n|-heal|p2a: Eternatus|100\/100 brn\n|\n|-damage|p2a: Eternatus|94\/100 brn|[from] brn\n|-damage|p1a: Iron Bundle|24\/100|[from] move: Fire Spin|[partiallytrapped]\n|upkeep\n|\n|t:|1721693703\n|switch|p1b: Kyogre|Kyogre, L50|100\/100\n|-weather|RainDance|[from] ability: Drizzle|[of] p1b: Kyogre\n|turn|5\n|\n|t:|1721693713\n|move|p2b: Ogerpon|Follow Me|p2b: Ogerpon\n|-singleturn|p2b: Ogerpon|move: Follow Me\n|move|p1a: Iron Bundle|Icy Wind|p2a: Eternatus|[spread] p2a,p2b\n|-supereffective|p2a: Eternatus\n|-resisted|p2b: Ogerpon\n|-damage|p2a: Eternatus|82\/100 brn\n|-damage|p2b: Ogerpon|23\/100\n|-unboost|p2a: Eternatus|spe|1\n|-unboost|p2b: Ogerpon|spe|1\n|move|p1b: Kyogre|Water Spout|p2a: Eternatus|[spread] p2a,p2b\n|-resisted|p2a: Eternatus\n|-resisted|p2b: Ogerpon\n|-damage|p2a: Eternatus|53\/100 brn\n|-damage|p2b: Ogerpon|0 fnt\n|faint|p2b: Ogerpon\n|move|p2a: Eternatus|Toxic|p1a: Iron Bundle\n|-status|p1a: Iron Bundle|tox\n|\n|-weather|RainDance|[upkeep]\n|-heal|p2a: Eternatus|59\/100 brn|[from] item: Leftovers\n|-damage|p1a: Iron Bundle|18\/100 tox|[from] psn\n|-damage|p2a: Eternatus|53\/100 brn|[from] brn\n|-damage|p1a: Iron Bundle|6\/100 tox|[from] move: Fire Spin|[partiallytrapped]\n|upkeep\n|\n|t:|1721693718\n|switch|p2b: Rillaboom|Rillaboom, L50, F|100\/100\n|-fieldstart|move: Grassy Terrain|[from] ability: Grassy Surge|[of] p2b: Rillaboom\n|turn|6\n|\n|t:|1721693738\n|move|p1b: Kyogre|Protect|p1b: Kyogre\n|-singleturn|p1b: Kyogre|Protect\n|move|p2b: Rillaboom|Fake Out|p1b: Kyogre\n|-activate|p1b: Kyogre|move: Protect\n|move|p1a: Iron Bundle|Icy Wind|p2b: Rillaboom|[spread] p2a,p2b\n|-supereffective|p2a: Eternatus\n|-supereffective|p2b: Rillaboom\n|-damage|p2a: Eternatus|40\/100 brn\n|-damage|p2b: Rillaboom|83\/100\n|-unboost|p2a: Eternatus|spe|1\n|-unboost|p2b: Rillaboom|spe|1\n|move|p2a: Eternatus|Recover|p2a: Eternatus\n|-heal|p2a: Eternatus|90\/100 brn\n|\n|-weather|RainDance|[upkeep]\n|-heal|p1a: Iron Bundle|12\/100 tox|[from] Grassy Terrain\n|-heal|p2b: Rillaboom|89\/100|[from] Grassy Terrain\n|-heal|p2a: Eternatus|96\/100 brn|[from] Grassy Terrain\n|-heal|p2a: Eternatus|100\/100 brn|[from] item: Leftovers\n|-damage|p1a: Iron Bundle|0 fnt|[from] psn\n|faint|p1a: Iron Bundle\n|-end|p1a: Iron Bundle|Quark Drive|[silent]\n|-damage|p2a: Eternatus|94\/100 brn|[from] brn\n|upkeep\n|\n|t:|1721693751\n|switch|p1a: Whimsicott|Whimsicott, L50, F|100\/100\n|turn|7\n|\n|t:|1721693766\n|move|p1a: Whimsicott|Encore|p2b: Rillaboom\n|-start|p2b: Rillaboom|Encore\n|move|p1b: Kyogre|Ice Beam|p2a: Eternatus\n|-supereffective|p2a: Eternatus\n|-damage|p2a: Eternatus|63\/100 brn\n|move|p2b: Rillaboom|Fake Out||[still]\n|-hint|Fake Out only works on your first turn out.\n|-fail|p2b: Rillaboom\n|move|p2a: Eternatus|Toxic|p1b: Kyogre\n|-status|p1b: Kyogre|tox\n|\n|-weather|RainDance|[upkeep]\n|-heal|p2b: Rillaboom|95\/100|[from] Grassy Terrain\n|-heal|p2a: Eternatus|69\/100 brn|[from] Grassy Terrain\n|-heal|p2a: Eternatus|75\/100 brn|[from] item: Leftovers\n|-damage|p1b: Kyogre|95\/100 tox|[from] psn\n|-damage|p2a: Eternatus|69\/100 brn|[from] brn\n|upkeep\n|turn|8\n|\n|t:|1721693780\n|switch|p2b: Grimmsnarl|Grimmsnarl, L50, M|25\/100 brn\n|move|p1a: Whimsicott|Encore|p2a: Eternatus\n|-start|p2a: Eternatus|Encore\n|move|p1b: Kyogre|Ice Beam|p2a: Eternatus\n|-supereffective|p2a: Eternatus\n|-crit|p2a: Eternatus\n|-damage|p2a: Eternatus|0 fnt\n|faint|p2a: Eternatus\n|\n|-weather|RainDance|[upkeep]\n|-heal|p1b: Kyogre|100\/100 tox|[from] Grassy Terrain\n|-heal|p2b: Grimmsnarl|31\/100 brn|[from] Grassy Terrain\n|-damage|p1b: Kyogre|89\/100 tox|[from] psn\n|-damage|p2b: Grimmsnarl|25\/100 brn|[from] brn\n|-sideend|p2: Zenchaos|Reflect\n|upkeep\n|\n|t:|1721693783\n|switch|p2a: Rillaboom|Rillaboom, L50, F|95\/100\n|turn|9\n|\n|t:|1721693803\n|move|p1a: Whimsicott|Protect|p1a: Whimsicott\n|-singleturn|p1a: Whimsicott|Protect\n|move|p1b: Kyogre|Protect|p1b: Kyogre\n|-singleturn|p1b: Kyogre|Protect\n|move|p2a: Rillaboom|Grassy Glide|p1b: Kyogre\n|-activate|p1b: Kyogre|move: Protect\n|move|p2b: Grimmsnarl|Light Screen|p2b: Grimmsnarl\n|-sidestart|p2: Zenchaos|move: Light Screen\n|\n|-weather|none\n|-heal|p1b: Kyogre|95\/100 tox|[from] Grassy Terrain\n|-heal|p2a: Rillaboom|100\/100|[from] Grassy Terrain\n|-heal|p2b: Grimmsnarl|31\/100 brn|[from] Grassy Terrain\n|-damage|p1b: Kyogre|77\/100 tox|[from] psn\n|-damage|p2b: Grimmsnarl|25\/100 brn|[from] brn\n|upkeep\n|turn|10\n|\n|t:|1721693824\n|-terastallize|p1b: Kyogre|Grass\n|move|p2a: Rillaboom|Grassy Glide|p1b: Kyogre\n|-resisted|p1b: Kyogre\n|-damage|p1b: Kyogre|58\/100 tox\n|move|p1a: Whimsicott|Moonblast|p2b: Grimmsnarl\n|-supereffective|p2b: Grimmsnarl\n|-damage|p2b: Grimmsnarl|0 fnt\n|faint|p2b: Grimmsnarl\n|move|p1b: Kyogre|Ice Beam|p2a: Rillaboom\n|-supereffective|p2a: Rillaboom\n|-damage|p2a: Rillaboom|66\/100\n|\n|-heal|p1b: Kyogre|64\/100 tox|[from] Grassy Terrain\n|-heal|p2a: Rillaboom|72\/100|[from] Grassy Terrain\n|-damage|p1b: Kyogre|41\/100 tox|[from] psn\n|-fieldend|move: Grassy Terrain\n|upkeep\n|turn|11\n|\n|t:|1721693844\n|move|p1a: Whimsicott|Encore|p2a: Rillaboom\n|-start|p2a: Rillaboom|Encore\n|move|p1b: Kyogre|Ice Beam|p2a: Rillaboom\n|-supereffective|p2a: Rillaboom\n|-damage|p2a: Rillaboom|38\/100\n|move|p2a: Rillaboom|Grassy Glide|p1b: Kyogre\n|-resisted|p1b: Kyogre\n|-damage|p1b: Kyogre|28\/100 tox\n|\n|-damage|p1b: Kyogre|0 fnt|[from] psn\n|faint|p1b: Kyogre\n|upkeep\n|turn|12\n|\n|t:|1721693854\n|move|p1a: Whimsicott|Moonblast|p2a: Rillaboom\n|-damage|p2a: Rillaboom|24\/100\n|move|p2a: Rillaboom|Grassy Glide|p1a: Whimsicott\n|-resisted|p1a: Whimsicott\n|-crit|p1a: Whimsicott\n|-damage|p1a: Whimsicott|76\/100\n|\n|upkeep\n|turn|13\n|\n|t:|1721693863\n|move|p1a: Whimsicott|Moonblast|p2a: Rillaboom\n|-damage|p2a: Rillaboom|9\/100\n|move|p2a: Rillaboom|Grassy Glide|p1a: Whimsicott\n|-resisted|p1a: Whimsicott\n|-damage|p1a: Whimsicott|60\/100\n|\n|-end|p2a: Rillaboom|Encore\n|upkeep\n|turn|14\n|-message|Zenchaos forfeited.\n|\n|win|Wacko789\n|raw|Wacko789's rating: 1694 &rarr; <strong>1719<\/strong><br \/>(+25 for winning)\n|raw|Zenchaos's rating: 1781 &rarr; <strong>1756<\/strong><br \/>(-25 for losing)\n|l|\u2606Zenchaos\n|player|p2|\n|l|\u2606Wacko789\n|player|p1|\n","uploadtime":1721694093,"views":39,"formatid":"gen9vgc2024regg","rating":1719,"private":0,"password":null}