{"id":"gen9vgc2024regg-2165926207","format":"[Gen 9] VGC 2024 Reg G","players":["Fabi910","SubToPenglin"],"log":"|j|\u2606Fabi910\n|j|\u2606SubToPenglin\n|t:|1721735983\n|gametype|doubles\n|player|p1|Fabi910|169|1659\n|player|p2|SubToPenglin|dawn-gen4pt|1797\n|teamsize|p1|6\n|teamsize|p2|6\n|gen|9\n|tier|[Gen 9] VGC 2024 Reg G\n|rated|\n|rule|Species Clause: Limit one of each Pok\u00e9mon\n|rule|Item Clause: Limit one of each item\n|clearpoke\n|poke|p1|Koraidon, L50|\n|poke|p1|Flutter Mane, L50|\n|poke|p1|Chi-Yu, L50|\n|poke|p1|Rillaboom, L50, F|\n|poke|p1|Tornadus, L50, M|\n|poke|p1|Glimmora, L50, F|\n|poke|p2|Comfey, L50, M|\n|poke|p2|Terapagos, L50, M|\n|poke|p2|Tornadus, L50, M|\n|poke|p2|Ogerpon-Cornerstone, L50, F|\n|poke|p2|Magmar, L50, M|\n|poke|p2|Raichu, L50, F|\n|teampreview|4\n|inactive|Battle timer is ON: inactive players will automatically lose when time's up. (requested by SubToPenglin)\n|\n|t:|1721736009\n|start\n|switch|p1a: Chi-Yu|Chi-Yu, L50|100\/100\n|switch|p1b: Koraidon|Koraidon, L50|100\/100\n|switch|p2a: Terapagos|Terapagos, L50, M|100\/100\n|switch|p2b: Magmar|Magmar, L50, M, shiny|100\/100\n|-activate|p2a: Terapagos|ability: Tera Shift\n|detailschange|p2a: Terapagos|Terapagos-Terastal, L50, M\n|-heal|p2a: Terapagos|100\/100|[silent]\n|-ability|p1a: Chi-Yu|Beads of Ruin\n|-weather|SunnyDay|[from] ability: Orichalcum Pulse|[of] p1b: Koraidon\n|-activate|p1b: Koraidon|Orichalcum Pulse|[source]\n|turn|1\n|\n|t:|1721736029\n|move|p2a: Terapagos|Protect|p2a: Terapagos\n|-singleturn|p2a: Terapagos|Protect\n|move|p1a: Chi-Yu|Heat Wave|p2a: Terapagos|[spread] p2b\n|-activate|p2a: Terapagos|move: Protect\n|-resisted|p2b: Magmar\n|-damage|p2b: Magmar|69\/100\n|move|p1b: Koraidon|Collision Course|p2b: Magmar\n|-damage|p2b: Magmar|0 fnt\n|faint|p2b: Magmar\n|\n|-weather|SunnyDay|[upkeep]\n|upkeep\n|inactive|SubToPenglin has 30 seconds left.\n|\n|t:|1721736060\n|switch|p2b: Tornadus|Tornadus, L50, M|100\/100\n|turn|2\n|\n|t:|1721736071\n|-terastallize|p2a: Terapagos|Stellar\n|detailschange|p2a: Terapagos|Terapagos-Stellar, L50, M, tera:Stellar\n|-heal|p2a: Terapagos|100\/100|[silent]\n|-ability|p2a: Terapagos|Teraform Zero\n|-weather|none\n|move|p2b: Tornadus|Tailwind|p2b: Tornadus\n|-sidestart|p2: SubToPenglin|move: Tailwind\n|move|p1a: Chi-Yu|Heat Wave|p2a: Terapagos|[spread] p2a,p2b\n|-damage|p2a: Terapagos|67\/100\n|-damage|p2b: Tornadus|30\/100\n|move|p2a: Terapagos|Tera Starstorm|p1b: Koraidon|[spread] p1a,p1b\n|-damage|p1a: Chi-Yu|59\/100\n|-damage|p1b: Koraidon|50\/100\n|move|p1b: Koraidon|Collision Course|p2a: Terapagos\n|-supereffective|p2a: Terapagos\n|-damage|p2a: Terapagos|0 fnt\n|faint|p2a: Terapagos\n|\n|upkeep\n|\n|t:|1721736081\n|switch|p2a: Comfey|Comfey, L50, M, shiny|100\/100\n|turn|3\n|\n|t:|1721736094\n|switch|p1b: Glimmora|Glimmora, L50, F|100\/100\n|move|p2a: Comfey|Draining Kiss|p1a: Chi-Yu\n|-damage|p1a: Chi-Yu|37\/100\n|move|p2b: Tornadus|Bleakwind Storm|p1a: Chi-Yu|[spread] p1a,p1b\n|-resisted|p1b: Glimmora\n|-damage|p1a: Chi-Yu|0 fnt\n|-damage|p1b: Glimmora|75\/100\n|faint|p1a: Chi-Yu\n|\n|upkeep\n|\n|t:|1721736105\n|switch|p1a: Tornadus|Tornadus, L50, M|100\/100\n|turn|4\n|\n|t:|1721736128\n|move|p2a: Comfey|Draining Kiss|p1a: Tornadus\n|-damage|p1a: Tornadus|81\/100\n|move|p2b: Tornadus|Bleakwind Storm|p1b: Glimmora|[spread] p1a,p1b\n|-resisted|p1b: Glimmora\n|-damage|p1a: Tornadus|44\/100\n|-damage|p1b: Glimmora|52\/100\n|-unboost|p1b: Glimmora|spe|1\n|move|p1a: Tornadus|Bleakwind Storm|p2b: Tornadus|[spread] p2b\n|-miss|p1a: Tornadus|p2a: Comfey\n|-damage|p2b: Tornadus|0 fnt\n|faint|p2b: Tornadus\n|move|p1b: Glimmora|Sludge Bomb|p2a: Comfey\n|-supereffective|p2a: Comfey\n|-damage|p2a: Comfey|8\/100\n|-enditem|p2a: Comfey|Sitrus Berry|[eat]\n|-heal|p2a: Comfey|32\/100|[from] item: Sitrus Berry\n|\n|upkeep\n|turn|5\n|-message|SubToPenglin forfeited.\n|\n|win|Fabi910\n|raw|Fabi910's rating: 1659 &rarr; <strong>1687<\/strong><br \/>(+28 for winning)\n|raw|SubToPenglin's rating: 1797 &rarr; <strong>1769<\/strong><br \/>(-28 for losing)\n|l|\u2606SubToPenglin\n|player|p2|\n|l|\u2606Fabi910\n|player|p1|\n","uploadtime":1721736334,"views":7,"formatid":"gen9vgc2024regg","rating":1687,"private":0,"password":null}