{"id":"gen9vgc2024regg-2165915676","format":"[Gen 9] VGC 2024 Reg G","players":["Djjwjwwjj","SubToPenglin"],"log":"|j|\u2606Djjwjwwjj\n|j|\u2606SubToPenglin\n|t:|1721734251\n|gametype|doubles\n|player|p1|Djjwjwwjj|1|1713\n|player|p2|SubToPenglin|dawn-gen4pt|1776\n|teamsize|p1|6\n|teamsize|p2|6\n|gen|9\n|tier|[Gen 9] VGC 2024 Reg G\n|rated|\n|rule|Species Clause: Limit one of each Pok\u00e9mon\n|rule|Item Clause: Limit one of each item\n|clearpoke\n|poke|p1|Calyrex-Shadow, L50|\n|poke|p1|Incineroar, L50, F|\n|poke|p1|Pelipper, L50, F|\n|poke|p1|Rillaboom, L50, F|\n|poke|p1|Maushold-Four, L50|\n|poke|p1|Urshifu-*, L50, M|\n|poke|p2|Comfey, L50, M|\n|poke|p2|Terapagos, L50, M|\n|poke|p2|Tornadus, L50, M|\n|poke|p2|Ogerpon-Cornerstone, L50, F|\n|poke|p2|Magmar, L50, M|\n|poke|p2|Raichu, L50, F|\n|teampreview|4\n|inactive|Battle timer is ON: inactive players will automatically lose when time's up. (requested by Djjwjwwjj)\n|inactive|SubToPenglin also wants the timer to be on.\n|inactive|Djjwjwwjj has 60 seconds left.\n|\n|t:|1721734306\n|start\n|switch|p1a: Maushold|Maushold-Four, L50|100\/100\n|switch|p1b: Calyrex|Calyrex-Shadow, L50|100\/100\n|switch|p2a: Terapagos|Terapagos, L50, M|100\/100\n|switch|p2b: Tornadus|Tornadus, L50, M|100\/100\n|-ability|p1b: Calyrex|As One\n|-ability|p1b: Calyrex|Unnerve\n|-activate|p2a: Terapagos|ability: Tera Shift\n|detailschange|p2a: Terapagos|Terapagos-Terastal, L50, M\n|-heal|p2a: Terapagos|100\/100|[silent]\n|turn|1\n|inactive|SubToPenglin has 30 seconds left.\n|\n|t:|1721734339\n|move|p1a: Maushold|Follow Me|p1a: Maushold\n|-singleturn|p1a: Maushold|move: Follow Me\n|move|p2b: Tornadus|Taunt|p1a: Maushold\n|-start|p1a: Maushold|move: Taunt\n|move|p1b: Calyrex|Calm Mind|p1b: Calyrex\n|-boost|p1b: Calyrex|spa|1\n|-boost|p1b: Calyrex|spd|1\n|move|p2a: Terapagos|Calm Mind|p2a: Terapagos\n|-boost|p2a: Terapagos|spa|1\n|-boost|p2a: Terapagos|spd|1\n|\n|upkeep\n|turn|2\n|inactive|Djjwjwwjj has 30 seconds left.\n|inactive|Djjwjwwjj has 20 seconds left.\n|\n|t:|1721734378\n|switch|p1a: Incineroar|Incineroar, L50, F|100\/100\n|-ability|p1a: Incineroar|Intimidate|boost\n|-fail|p2a: Terapagos|unboost|[from] item: Clear Amulet|[of] p2a: Terapagos\n|-unboost|p2b: Tornadus|atk|1\n|move|p2b: Tornadus|Taunt|p1b: Calyrex\n|-start|p1b: Calyrex|move: Taunt\n|move|p1b: Calyrex|Astral Barrage|p2b: Tornadus|[spread] p2b\n|-immune|p2a: Terapagos\n|-damage|p2b: Tornadus|9\/100\n|move|p2a: Terapagos|Calm Mind|p2a: Terapagos\n|-boost|p2a: Terapagos|spa|1\n|-boost|p2a: Terapagos|spd|1\n|\n|upkeep\n|turn|3\n|inactive|Djjwjwwjj has 30 seconds left.\n|\n|t:|1721734408\n|-terastallize|p2a: Terapagos|Stellar\n|detailschange|p2a: Terapagos|Terapagos-Stellar, L50, M, tera:Stellar\n|-heal|p2a: Terapagos|100\/100|[silent]\n|move|p2b: Tornadus|Tailwind|p2b: Tornadus\n|-sidestart|p2: SubToPenglin|move: Tailwind\n|move|p2a: Terapagos|Tera Starstorm|p1a: Incineroar|[spread] p1a,p1b\n|-damage|p1a: Incineroar|44\/100\n|-damage|p1b: Calyrex|56\/100\n|move|p1b: Calyrex|Astral Barrage|p2b: Tornadus|[spread] p2b\n|-immune|p2a: Terapagos\n|-damage|p2b: Tornadus|0 fnt\n|faint|p2b: Tornadus\n|-ability|p1b: Calyrex|Grim Neigh|boost\n|-boost|p1b: Calyrex|spa|1\n|move|p1a: Incineroar|Parting Shot|p2a: Terapagos\n|-fail|p2a: Terapagos|unboost|[from] item: Clear Amulet|[of] p2a: Terapagos\n|\n|upkeep\n|\n|t:|1721734426\n|switch|p2b: Ogerpon|Ogerpon-Cornerstone, L50, F|100\/100\n|turn|4\n|inactive|Djjwjwwjj has 30 seconds left.\n|\n|t:|1721734455\n|switch|p1a: Maushold|Maushold-Four, L50|100\/100\n|move|p2b: Ogerpon|Ivy Cudgel|p1a: Maushold|[anim] Ivy Cudgel Rock\n|-damage|p1a: Maushold|40\/100\n|move|p2a: Terapagos|Tera Starstorm|p1a: Maushold|[spread] p1a,p1b\n|-damage|p1a: Maushold|0 fnt\n|-damage|p1b: Calyrex|24\/100\n|faint|p1a: Maushold\n|move|p1b: Calyrex|Draining Kiss|p2b: Ogerpon\n|-damage|p2b: Ogerpon|56\/100\n|-heal|p1b: Calyrex|50\/100|[from] drain|[of] p2b: Ogerpon\n|\n|-end|p1b: Calyrex|move: Taunt\n|upkeep\n|\n|t:|1721734470\n|switch|p1a: Incineroar|Incineroar, L50, F|44\/100\n|-ability|p1a: Incineroar|Intimidate|boost\n|-fail|p2a: Terapagos|unboost|[from] item: Clear Amulet|[of] p2a: Terapagos\n|-unboost|p2b: Ogerpon|atk|1\n|turn|5\n|\n|t:|1721734483\n|move|p1a: Incineroar|Fake Out|p2a: Terapagos\n|-crit|p2a: Terapagos\n|-damage|p2a: Terapagos|91\/100\n|move|p2b: Ogerpon|Ivy Cudgel|p1b: Calyrex|[anim] Ivy Cudgel Rock\n|-damage|p1b: Calyrex|14\/100\n|cant|p2a: Terapagos|flinch\n|move|p1b: Calyrex|Calm Mind|p1b: Calyrex\n|-boost|p1b: Calyrex|spa|1\n|-boost|p1b: Calyrex|spd|1\n|\n|upkeep\n|turn|6\n|inactive|Djjwjwwjj has 30 seconds left.\n|\n|t:|1721734510\n|move|p1b: Calyrex|Protect|p1b: Calyrex\n|-singleturn|p1b: Calyrex|Protect\n|move|p2b: Ogerpon|Ivy Cudgel|p1a: Incineroar|[anim] Ivy Cudgel Rock\n|-supereffective|p1a: Incineroar\n|-damage|p1a: Incineroar|0 fnt\n|faint|p1a: Incineroar\n|move|p2a: Terapagos|Tera Starstorm|p1b: Calyrex\n|-activate|p1b: Calyrex|move: Protect\n|\n|-sideend|p2: SubToPenglin|move: Tailwind\n|upkeep\n|\n|t:|1721734521\n|switch|p1a: Urshifu|Urshifu-Rapid-Strike, L50, M|100\/100\n|turn|7\n|\n|t:|1721734542\n|move|p2b: Ogerpon|Follow Me|p2b: Ogerpon\n|-singleturn|p2b: Ogerpon|move: Follow Me\n|move|p1b: Calyrex|Astral Barrage|p2a: Terapagos|[spread] p2b\n|-immune|p2a: Terapagos\n|-damage|p2b: Ogerpon|0 fnt\n|faint|p2b: Ogerpon\n|-ability|p1b: Calyrex|Grim Neigh|boost\n|-boost|p1b: Calyrex|spa|1\n|move|p1a: Urshifu|Close Combat|p2a: Terapagos\n|-supereffective|p2a: Terapagos\n|-damage|p2a: Terapagos|18\/100\n|-unboost|p1a: Urshifu|def|1\n|-unboost|p1a: Urshifu|spd|1\n|move|p2a: Terapagos|Tera Starstorm|p1a: Urshifu|[spread] p1a,p1b\n|-enditem|p1a: Urshifu|Focus Sash\n|-damage|p1a: Urshifu|1\/100\n|-damage|p1b: Calyrex|0 fnt\n|faint|p1b: Calyrex\n|\n|upkeep\n|\n|t:|1721734552\n|switch|p2b: Comfey|Comfey, L50, M, shiny|100\/100\n|turn|8\n|-message|Djjwjwwjj forfeited.\n|\n|win|SubToPenglin\n|raw|Djjwjwwjj's rating: 1713 &rarr; <strong>1695<\/strong><br \/>(-18 for losing)\n|raw|SubToPenglin's rating: 1750 &rarr; <strong>1768<\/strong><br \/>(+18 for winning)\n|l|\u2606Djjwjwwjj\n|player|p1|\n|l|\u2606SubToPenglin\n|player|p2|\n","uploadtime":1721734762,"views":14,"formatid":"gen9vgc2024regg","rating":1695,"private":0,"password":null}