{"id":"gen9vgc2024regg-2165379411","format":"[Gen 9] VGC 2024 Reg G","players":["seanyboy335","AluckyX"],"log":"|j|\u2606seanyboy335\n|j|\u2606AluckyX\n|t:|1721658188\n|gametype|doubles\n|player|p1|seanyboy335|1|1715\n|player|p2|AluckyX|lucas|1723\n|teamsize|p1|6\n|teamsize|p2|6\n|gen|9\n|tier|[Gen 9] VGC 2024 Reg G\n|rated|\n|rule|Species Clause: Limit one of each Pok\u00e9mon\n|rule|Item Clause: Limit one of each item\n|clearpoke\n|poke|p1|Whimsicott, L50, M|\n|poke|p1|Flutter Mane, L50|\n|poke|p1|Calyrex-Shadow, L50|\n|poke|p1|Iron Hands, L50|\n|poke|p1|Clefairy, L50, M|\n|poke|p1|Ogerpon-Cornerstone, L50, F|\n|poke|p2|Calyrex-Ice, L50|\n|poke|p2|Ogerpon-Wellspring, L50, F|\n|poke|p2|Incineroar, L50, M|\n|poke|p2|Rillaboom, L50, M|\n|poke|p2|Raging Bolt, L50|\n|poke|p2|Chi-Yu, L50|\n|teampreview|4\n|inactive|Battle timer is ON: inactive players will automatically lose when time's up. (requested by seanyboy335)\n|inactive|seanyboy335 has 60 seconds left.\n|inactive|AluckyX has 60 seconds left.\n|\n|t:|1721658231\n|start\n|switch|p1a: Flutter Mane|Flutter Mane, L50|100\/100\n|switch|p1b: Calyrex|Calyrex-Shadow, L50|100\/100\n|switch|p2a: Calyrex|Calyrex-Ice, L50|100\/100\n|switch|p2b: Ogerpon|Ogerpon-Wellspring, L50, F|100\/100\n|-ability|p1b: Calyrex|As One\n|-ability|p1b: Calyrex|Unnerve\n|-ability|p2a: Calyrex|As One\n|-ability|p2a: Calyrex|Unnerve\n|turn|1\n|inactive|seanyboy335 has 30 seconds left.\n|\n|t:|1721658257\n|switch|p1b: Iron Hands|Iron Hands, L50|100\/100\n|-terastallize|p2a: Calyrex|Fire\n|move|p2b: Ogerpon|Follow Me|p2b: Ogerpon\n|-singleturn|p2b: Ogerpon|move: Follow Me\n|move|p1a: Flutter Mane|Dazzling Gleam|p2b: Ogerpon|[spread] p2a,p2b\n|-resisted|p2a: Calyrex\n|-damage|p2a: Calyrex|86\/100\n|-damage|p2b: Ogerpon|56\/100\n|move|p2a: Calyrex|Glacial Lance|p1a: Flutter Mane|[spread] p1a,p1b\n|-damage|p1a: Flutter Mane|3\/100\n|-damage|p1b: Iron Hands|62\/100\n|\n|upkeep\n|turn|2\n|\n|t:|1721658275\n|move|p2b: Ogerpon|Spiky Shield|p2b: Ogerpon\n|-singleturn|p2b: Ogerpon|move: Protect\n|move|p2a: Calyrex|Protect|p2a: Calyrex\n|-singleturn|p2a: Calyrex|Protect\n|move|p1b: Iron Hands|Fake Out|p2a: Calyrex\n|-activate|p2a: Calyrex|move: Protect\n|move|p1a: Flutter Mane|Dazzling Gleam|p2b: Ogerpon|[spread] \n|-activate|p2a: Calyrex|move: Protect\n|-activate|p2b: Ogerpon|move: Protect\n|\n|upkeep\n|turn|3\n|j| yytnarumi\n|inactive|seanyboy335 has 30 seconds left.\n|\n|t:|1721658302\n|move|p1a: Flutter Mane|Dazzling Gleam|p2a: Calyrex|[spread] p2a,p2b\n|-resisted|p2a: Calyrex\n|-damage|p2a: Calyrex|70\/100\n|-damage|p2b: Ogerpon|10\/100\n|move|p2b: Ogerpon|Horn Leech|p1b: Iron Hands\n|-damage|p1b: Iron Hands|30\/100\n|-heal|p2b: Ogerpon|30\/100|[from] drain|[of] p1b: Iron Hands\n|move|p1b: Iron Hands|Drain Punch|p2a: Calyrex\n|-damage|p2a: Calyrex|41\/100\n|-heal|p1b: Iron Hands|44\/100|[from] drain|[of] p2a: Calyrex\n|move|p2a: Calyrex|Glacial Lance|p1b: Iron Hands|[spread] p1a,p1b\n|-damage|p1a: Flutter Mane|0 fnt\n|-damage|p1b: Iron Hands|5\/100\n|faint|p1a: Flutter Mane\n|-end|p1a: Flutter Mane|Protosynthesis|[silent]\n|-ability|p2a: Calyrex|Chilling Neigh|boost\n|-boost|p2a: Calyrex|atk|1\n|\n|upkeep\n|\n|t:|1721658316\n|switch|p1a: Calyrex|Calyrex-Shadow, L50|100\/100\n|-ability|p1a: Calyrex|As One\n|-ability|p1a: Calyrex|Unnerve\n|turn|4\n|\n|t:|1721658339\n|-end|p1b: Iron Hands|Quark Drive|[silent]\n|switch|p1b: Clefairy|Clefairy, L50, M|100\/100\n|-terastallize|p1a: Calyrex|Water\n|move|p2b: Ogerpon|Spiky Shield|p2b: Ogerpon\n|-singleturn|p2b: Ogerpon|move: Protect\n|move|p1a: Calyrex|Astral Barrage|p2a: Calyrex|[spread] p2a\n|-activate|p2b: Ogerpon|move: Protect\n|-damage|p2a: Calyrex|3\/100\n|move|p2a: Calyrex|Trick Room|p2a: Calyrex\n|-fieldstart|move: Trick Room|[of] p2a: Calyrex\n|\n|upkeep\n|turn|5\n|\n|t:|1721658360\n|move|p1b: Clefairy|After You|p1a: Calyrex\n|-activate|p1a: Calyrex|move: After You\n|move|p1a: Calyrex|Astral Barrage|p2b: Ogerpon|[spread] p2a,p2b\n|-damage|p2a: Calyrex|0 fnt\n|-damage|p2b: Ogerpon|0 fnt\n|faint|p2a: Calyrex\n|faint|p2b: Ogerpon\n|-ability|p1a: Calyrex|Grim Neigh|boost\n|-boost|p1a: Calyrex|spa|2\n|\n|upkeep\n|\n|t:|1721658368\n|switch|p2a: Chi-Yu|Chi-Yu, L50|100\/100\n|switch|p2b: Raging Bolt|Raging Bolt, L50|100\/100\n|-ability|p2a: Chi-Yu|Beads of Ruin\n|-enditem|p2b: Raging Bolt|Booster Energy\n|-activate|p2b: Raging Bolt|ability: Protosynthesis|[fromitem]\n|-start|p2b: Raging Bolt|protosynthesisspa\n|turn|6\n|\n|t:|1721658383\n|move|p1b: Clefairy|Protect|p1b: Clefairy\n|-singleturn|p1b: Clefairy|Protect\n|move|p1a: Calyrex|Protect|p1a: Calyrex\n|-singleturn|p1a: Calyrex|Protect\n|move|p2b: Raging Bolt|Thunderclap||[still]\n|-fail|p2b: Raging Bolt\n|move|p2a: Chi-Yu|Heat Wave|p1a: Calyrex|[spread] \n|-activate|p1a: Calyrex|move: Protect\n|-activate|p1b: Clefairy|move: Protect\n|\n|upkeep\n|turn|7\n|\n|t:|1721658400\n|move|p1b: Clefairy|Follow Me|p1b: Clefairy\n|-singleturn|p1b: Clefairy|move: Follow Me\n|move|p2b: Raging Bolt|Thunderclap||[still]\n|-fail|p2b: Raging Bolt\n|move|p1a: Calyrex|Astral Barrage|p2b: Raging Bolt|[spread] p2a,p2b\n|-resisted|p2a: Chi-Yu\n|-damage|p2a: Chi-Yu|22\/100\n|-damage|p2b: Raging Bolt|0 fnt\n|faint|p2b: Raging Bolt\n|-end|p2b: Raging Bolt|Protosynthesis|[silent]\n|-ability|p1a: Calyrex|Grim Neigh|boost\n|-boost|p1a: Calyrex|spa|1\n|move|p2a: Chi-Yu|Heat Wave|p1a: Calyrex|[spread] p1a,p1b\n|-resisted|p1a: Calyrex\n|-damage|p1a: Calyrex|83\/100\n|-damage|p1b: Clefairy|49\/100\n|\n|upkeep\n|turn|8\n|-message|AluckyX forfeited.\n|\n|win|seanyboy335\n|raw|seanyboy335's rating: 1715 &rarr; <strong>1735<\/strong><br \/>(+20 for winning)\n|raw|AluckyX's rating: 1723 &rarr; <strong>1703<\/strong><br \/>(-20 for losing)\n|l|\u2606AluckyX\n|player|p2|\n|l|\u2606seanyboy335\n|player|p1|\n|l| yytnarumi\n","uploadtime":1721658666,"views":47,"formatid":"gen9vgc2024regg","rating":1703,"private":0,"password":null}