{"id":"gen9vgc2024regg-2165915593","format":"[Gen 9] VGC 2024 Reg G","players":["D-sCnSe","SubToPenglin"],"log":"|j|\u2606D-sCnSe\n|j|\u2606SubToPenglin\n|t:|1721734235\n|gametype|doubles\n|player|p1|D-sCnSe|2|1672\n|player|p2|SubToPenglin|dawn-gen4pt|1776\n|teamsize|p1|6\n|teamsize|p2|6\n|gen|9\n|tier|[Gen 9] VGC 2024 Reg G\n|rated|\n|rule|Species Clause: Limit one of each Pok\u00e9mon\n|rule|Item Clause: Limit one of each item\n|clearpoke\n|poke|p1|Ogerpon-Wellspring, L50, F|\n|poke|p1|Gothitelle, L50, F|\n|poke|p1|Sylveon, L50, M|\n|poke|p1|Talonflame, L50, F|\n|poke|p1|Urshifu-*, L50, F|\n|poke|p1|Calyrex-Shadow, L50|\n|poke|p2|Comfey, L50, M|\n|poke|p2|Terapagos, L50, M|\n|poke|p2|Tornadus, L50, M|\n|poke|p2|Ogerpon-Cornerstone, L50, F|\n|poke|p2|Magmar, L50, M|\n|poke|p2|Raichu, L50, M|\n|teampreview|4\n|inactive|Battle timer is ON: inactive players will automatically lose when time's up. (requested by SubToPenglin)\n|inactive|D-sCnSe has 60 seconds left.\n|\n|t:|1721734272\n|start\n|switch|p1a: Gothitelle|Gothitelle, L50, F|100\/100\n|switch|p1b: Ogerpon|Ogerpon-Wellspring, L50, F|100\/100\n|switch|p2a: Terapagos|Terapagos, L50, M|100\/100\n|switch|p2b: Tornadus|Tornadus, L50, M|100\/100\n|-activate|p2a: Terapagos|ability: Tera Shift\n|detailschange|p2a: Terapagos|Terapagos-Terastal, L50, M\n|-heal|p2a: Terapagos|100\/100|[silent]\n|turn|1\n|\n|t:|1721734289\n|move|p1a: Gothitelle|Fake Out|p2a: Terapagos\n|-activate|p2a: Terapagos|ability: Tera Shell\n|-resisted|p2a: Terapagos\n|-damage|p2a: Terapagos|98\/100\n|move|p2b: Tornadus|Taunt|p1b: Ogerpon\n|-start|p1b: Ogerpon|move: Taunt\n|move|p1b: Ogerpon|Ivy Cudgel|p2a: Terapagos|[anim] Ivy Cudgel Water\n|-crit|p2a: Terapagos\n|-damage|p2a: Terapagos|36\/100\n|cant|p2a: Terapagos|flinch\n|\n|upkeep\n|turn|2\n|\n|t:|1721734304\n|move|p1a: Gothitelle|Helping Hand|p1b: Ogerpon\n|-singleturn|p1b: Ogerpon|Helping Hand|[of] p1a: Gothitelle\n|move|p2a: Terapagos|Protect|p2a: Terapagos\n|-singleturn|p2a: Terapagos|Protect\n|move|p2b: Tornadus|Bleakwind Storm|p1a: Gothitelle|[spread] p1a,p1b\n|-supereffective|p1b: Ogerpon\n|-damage|p1a: Gothitelle|72\/100\n|-damage|p1b: Ogerpon|40\/100\n|-unboost|p1a: Gothitelle|spe|1\n|-unboost|p1b: Ogerpon|spe|1\n|move|p1b: Ogerpon|Ivy Cudgel|p2a: Terapagos|[anim] Ivy Cudgel Water\n|-activate|p2a: Terapagos|move: Protect\n|\n|upkeep\n|turn|3\n|\n|t:|1721734328\n|switch|p1b: Calyrex|Calyrex-Shadow, L50|100\/100\n|-ability|p1b: Calyrex|As One\n|-ability|p1b: Calyrex|Unnerve\n|-terastallize|p2a: Terapagos|Stellar\n|detailschange|p2a: Terapagos|Terapagos-Stellar, L50, M, tera:Stellar\n|-heal|p2a: Terapagos|52\/100|[silent]\n|move|p2b: Tornadus|Bleakwind Storm|p1a: Gothitelle|[spread] p1a,p1b\n|-damage|p1a: Gothitelle|41\/100\n|-damage|p1b: Calyrex|66\/100\n|-enditem|p1a: Gothitelle|Sitrus Berry|[eat]\n|-heal|p1a: Gothitelle|66\/100|[from] item: Sitrus Berry\n|move|p2a: Terapagos|Calm Mind|p2a: Terapagos\n|-boost|p2a: Terapagos|spa|1\n|-boost|p2a: Terapagos|spd|1\n|move|p1a: Gothitelle|Taunt|p2b: Tornadus\n|-start|p2b: Tornadus|move: Taunt\n|\n|upkeep\n|turn|4\n|inactive|SubToPenglin has 30 seconds left.\n|\n|t:|1721734358\n|move|p1a: Gothitelle|Helping Hand|p1b: Calyrex\n|-singleturn|p1b: Calyrex|Helping Hand|[of] p1a: Gothitelle\n|move|p1b: Calyrex|Psyshock|p2a: Terapagos\n|-damage|p2a: Terapagos|0 fnt\n|faint|p2a: Terapagos\n|-ability|p1b: Calyrex|Grim Neigh|boost\n|-boost|p1b: Calyrex|spa|1\n|move|p2b: Tornadus|Icy Wind|p1b: Calyrex|[spread] p1a,p1b\n|-damage|p1a: Gothitelle|56\/100\n|-damage|p1b: Calyrex|54\/100\n|-unboost|p1a: Gothitelle|spe|1\n|-unboost|p1b: Calyrex|spe|1\n|\n|upkeep\n|\n|t:|1721734363\n|switch|p2a: Ogerpon|Ogerpon-Cornerstone, L50, F|100\/100\n|turn|5\n|\n|t:|1721734384\n|switch|p1b: Ogerpon|Ogerpon-Wellspring, L50, F|40\/100\n|move|p2b: Tornadus|Bleakwind Storm|p1b: Ogerpon|[spread] p1a,p1b\n|-supereffective|p1b: Ogerpon\n|-damage|p1a: Gothitelle|26\/100\n|-damage|p1b: Ogerpon|0 fnt\n|faint|p1b: Ogerpon\n|move|p2a: Ogerpon|Ivy Cudgel|p1a: Gothitelle|[anim] Ivy Cudgel Rock\n|-damage|p1a: Gothitelle|0 fnt\n|faint|p1a: Gothitelle\n|\n|upkeep\n|\n|t:|1721734390\n|switch|p1b: Urshifu|Urshifu, L50, F|100\/100\n|switch|p1a: Calyrex|Calyrex-Shadow, L50|54\/100\n|-ability|p1a: Calyrex|As One\n|-ability|p1a: Calyrex|Unnerve\n|turn|6\n|\n|t:|1721734410\n|-terastallize|p1a: Calyrex|Ghost\n|move|p1b: Urshifu|Sucker Punch|p2a: Ogerpon\n|-damage|p2a: Ogerpon|50\/100\n|move|p1a: Calyrex|Astral Barrage|p2b: Tornadus|[spread] p2a,p2b\n|-damage|p2a: Ogerpon|0 fnt\n|-damage|p2b: Tornadus|0 fnt\n|faint|p2a: Ogerpon\n|faint|p2b: Tornadus\n|-ability|p1a: Calyrex|Grim Neigh|boost\n|-boost|p1a: Calyrex|spa|2\n|\n|upkeep\n|\n|t:|1721734415\n|switch|p2b: Comfey|Comfey, L50, M, shiny|100\/100\n|turn|7\n|\n|t:|1721734425\n|move|p2b: Comfey|Draining Kiss|p1a: Calyrex\n|-damage|p1a: Calyrex|37\/100\n|move|p1a: Calyrex|Astral Barrage|p2b: Comfey\n|-damage|p2b: Comfey|0 fnt\n|faint|p2b: Comfey\n|\n|win|D-sCnSe\n|raw|D-sCnSe's rating: 1672 &rarr; <strong>1698<\/strong><br \/>(+26 for winning)\n|raw|SubToPenglin's rating: 1776 &rarr; <strong>1750<\/strong><br \/>(-26 for losing)\n|l|\u2606SubToPenglin\n|player|p2|\n|l|\u2606D-sCnSe\n|player|p1|\n","uploadtime":1721734624,"views":18,"formatid":"gen9vgc2024regg","rating":1698,"private":0,"password":null}