{"id":"gen9vgc2024regg-2165912807","format":"[Gen 9] VGC 2024 Reg G","players":["Therazer456","Djjwjwwjj"],"log":"|j|\u2606Therazer456\n|j|\u2606Djjwjwwjj\n|t:|1721733743\n|gametype|doubles\n|player|p1|Therazer456|ghetsis|1661\n|player|p2|Djjwjwwjj|1|1763\n|teamsize|p1|6\n|teamsize|p2|6\n|gen|9\n|tier|[Gen 9] VGC 2024 Reg G\n|rated|\n|rule|Species Clause: Limit one of each Pok\u00e9mon\n|rule|Item Clause: Limit one of each item\n|clearpoke\n|poke|p1|Calyrex-Ice, L50|\n|poke|p1|Porygon2, L50|\n|poke|p1|Raging Bolt, L50|\n|poke|p1|Incineroar, L50, M|\n|poke|p1|Iron Jugulis, L50|\n|poke|p1|Amoonguss, L50, M|\n|poke|p2|Calyrex-Shadow, L50|\n|poke|p2|Incineroar, L50, F|\n|poke|p2|Pelipper, L50, M|\n|poke|p2|Rillaboom, L50, M|\n|poke|p2|Maushold-Four, L50|\n|poke|p2|Urshifu-*, L50, F|\n|teampreview|4\n|inactive|Battle timer is ON: inactive players will automatically lose when time's up. (requested by Djjwjwwjj)\n|inactive|Djjwjwwjj has 60 seconds left.\n|\n|t:|1721733782\n|start\n|switch|p1a: Robin|Iron Jugulis, L50, shiny|100\/100\n|switch|p1b: Wreath|Calyrex-Ice, L50|100\/100\n|switch|p2a: Maushold|Maushold-Four, L50|100\/100\n|switch|p2b: Calyrex|Calyrex-Shadow, L50|100\/100\n|-ability|p2b: Calyrex|As One\n|-ability|p2b: Calyrex|Unnerve\n|-ability|p1b: Wreath|As One\n|-ability|p1b: Wreath|Unnerve\n|-enditem|p1a: Robin|Booster Energy\n|-activate|p1a: Robin|ability: Quark Drive|[fromitem]\n|-start|p1a: Robin|quarkdrivespe\n|turn|1\n|inactive|Djjwjwwjj has 30 seconds left.\n|\n|t:|1721733816\n|-terastallize|p2b: Calyrex|Fairy\n|-terastallize|p1b: Wreath|Fire\n|move|p1a: Robin|Taunt|p2b: Calyrex\n|-start|p2b: Calyrex|move: Taunt\n|cant|p2b: Calyrex|move: Taunt|Calm Mind\n|move|p2a: Maushold|Taunt|p1b: Wreath\n|-start|p1b: Wreath|move: Taunt\n|move|p1b: Wreath|Glacial Lance|p2a: Maushold|[spread] p2a,p2b\n|-damage|p2a: Maushold|35\/100\n|-damage|p2b: Calyrex|63\/100\n|\n|upkeep\n|turn|2\n|inactive|Djjwjwwjj has 30 seconds left.\n|\n|t:|1721733847\n|move|p2a: Maushold|Protect|p2a: Maushold\n|-singleturn|p2a: Maushold|Protect\n|move|p1a: Robin|Air Slash|p2b: Calyrex|[miss]\n|-miss|p1a: Robin|p2b: Calyrex\n|move|p2b: Calyrex|Draining Kiss|p1a: Robin\n|-supereffective|p1a: Robin\n|-damage|p1a: Robin|37\/100\n|-heal|p2b: Calyrex|100\/100|[from] drain|[of] p1a: Robin\n|move|p1b: Wreath|Glacial Lance|p2a: Maushold|[spread] p2b\n|-activate|p2a: Maushold|move: Protect\n|-damage|p2b: Calyrex|63\/100\n|\n|upkeep\n|turn|3\n|\n|t:|1721733869\n|-end|p1a: Robin|Quark Drive|[silent]\n|switch|p1a: Rosette|Amoonguss, L50, M, shiny|100\/100\n|move|p2a: Maushold|Feint|p1a: Rosette\n|-damage|p1a: Rosette|93\/100\n|move|p2b: Calyrex|Draining Kiss|p1a: Rosette\n|-resisted|p1a: Rosette\n|-damage|p1a: Rosette|79\/100\n|-heal|p2b: Calyrex|74\/100|[from] drain|[of] p1a: Rosette\n|move|p1b: Wreath|Glacial Lance|p2b: Calyrex|[spread] p2a,p2b\n|-crit|p2b: Calyrex\n|-damage|p2a: Maushold|0 fnt\n|-damage|p2b: Calyrex|11\/100\n|faint|p2a: Maushold\n|-ability|p1b: Wreath|Chilling Neigh|boost\n|-boost|p1b: Wreath|atk|1\n|\n|-end|p2b: Calyrex|move: Taunt\n|-end|p1b: Wreath|move: Taunt\n|upkeep\n|\n|t:|1721733891\n|switch|p2a: Rillaboom|Rillaboom, L50, M|100\/100\n|-fieldstart|move: Grassy Terrain|[from] ability: Grassy Surge|[of] p2a: Rillaboom\n|turn|4\n|\n|t:|1721733908\n|move|p1b: Wreath|Protect|p1b: Wreath\n|-singleturn|p1b: Wreath|Protect\n|move|p2a: Rillaboom|Fake Out|p1a: Rosette\n|-damage|p1a: Rosette|69\/100\n|move|p2b: Calyrex|Astral Barrage|p1a: Rosette|[spread] p1a\n|-activate|p1b: Wreath|move: Protect\n|-damage|p1a: Rosette|28\/100\n|move|p1a: Rosette|Spore|p2b: Calyrex\n|-status|p2b: Calyrex|slp|[from] move: Spore\n|\n|-heal|p2b: Calyrex|17\/100 slp|[from] Grassy Terrain\n|-heal|p1a: Rosette|34\/100|[from] Grassy Terrain\n|upkeep\n|turn|5\n|-message|Djjwjwwjj forfeited.\n|\n|win|Therazer456\n|raw|Therazer456's rating: 1661 &rarr; <strong>1687<\/strong><br \/>(+26 for winning)\n|raw|Djjwjwwjj's rating: 1763 &rarr; <strong>1737<\/strong><br \/>(-26 for losing)\n|l|\u2606Djjwjwwjj\n|player|p2|\n|l|\u2606Therazer456\n|player|p1|\n","uploadtime":1721734078,"views":33,"formatid":"gen9vgc2024regg","rating":1687,"private":0,"password":null}