{"id":"gen9vgc2024regg-2165977111","format":"[Gen 9] VGC 2024 Reg G","players":["greenlightdmp","Billy_HMD"],"log":"|j|\u2606greenlightdmp\n|j|\u2606Billy_HMD\n|t:|1721743077\n|gametype|doubles\n|player|p1|greenlightdmp|170|1753\n|player|p2|Billy_HMD|dawn|1753\n|teamsize|p1|6\n|teamsize|p2|6\n|gen|9\n|tier|[Gen 9] VGC 2024 Reg G\n|rated|\n|rule|Species Clause: Limit one of each Pok\u00e9mon\n|rule|Item Clause: Limit one of each item\n|clearpoke\n|poke|p1|Calyrex-Ice, L50|\n|poke|p1|Smeargle, L50, F|\n|poke|p1|Ursaluna-Bloodmoon, L50, M|\n|poke|p1|Indeedee-F, L50, F|\n|poke|p1|Amoonguss, L50, M|\n|poke|p1|Raging Bolt, L50|\n|poke|p2|Zamazenta-*, L50|\n|poke|p2|Volcarona, L50, F|\n|poke|p2|Grimmsnarl, L50, M|\n|poke|p2|Landorus-Therian, L50, M|\n|poke|p2|Rillaboom, L50, M|\n|poke|p2|Raging Bolt, L50|\n|teampreview|4\n|inactive|Battle timer is ON: inactive players will automatically lose when time's up. (requested by Billy_HMD)\n|inactive|greenlightdmp has 60 seconds left.\n|inactive|Billy_HMD has 60 seconds left.\n|\n|t:|1721743123\n|start\n|switch|p1a: Calyrex|Calyrex-Ice, L50|100\/100\n|switch|p1b: Smeargle|Smeargle, L50, F, shiny|100\/100\n|switch|p2a: Rillaboom|Rillaboom, L50, M|100\/100\n|switch|p2b: Zamazenta|Zamazenta-Crowned, L50|100\/100\n|-ability|p1a: Calyrex|As One\n|-ability|p1a: Calyrex|Unnerve\n|-ability|p2b: Zamazenta|Dauntless Shield|boost\n|-boost|p2b: Zamazenta|def|1\n|-fieldstart|move: Grassy Terrain|[from] ability: Grassy Surge|[of] p2a: Rillaboom\n|turn|1\n|inactive|Billy_HMD has 30 seconds left.\n|\n|t:|1721743148\n|move|p2b: Zamazenta|Heavy Slam|p1b: Smeargle\n|-damage|p1b: Smeargle|31\/100\n|move|p2a: Rillaboom|Taunt|p1a: Calyrex\n|-start|p1a: Calyrex|move: Taunt\n|move|p1a: Calyrex|Glacial Lance|p2b: Zamazenta|[spread] p2a,p2b\n|-supereffective|p2a: Rillaboom\n|-crit|p2a: Rillaboom\n|-resisted|p2b: Zamazenta\n|-damage|p2a: Rillaboom|0 fnt\n|-damage|p2b: Zamazenta|88\/100\n|faint|p2a: Rillaboom\n|-ability|p1a: Calyrex|Chilling Neigh|boost\n|-boost|p1a: Calyrex|atk|1\n|move|p1b: Smeargle|Spore|p2b: Zamazenta\n|-status|p2b: Zamazenta|slp|[from] move: Spore\n|\n|-heal|p2b: Zamazenta|94\/100 slp|[from] Grassy Terrain\n|-heal|p1b: Smeargle|38\/100|[from] Grassy Terrain\n|upkeep\n|\n|t:|1721743166\n|switch|p2a: Volcarona|Volcarona, L50, F|100\/100\n|turn|2\n|\n|t:|1721743188\n|cant|p2b: Zamazenta|slp\n|move|p2a: Volcarona|Heat Wave|p1b: Smeargle|[spread] p1a,p1b\n|-supereffective|p1a: Calyrex\n|-damage|p1a: Calyrex|48\/100\n|-damage|p1b: Smeargle|0 fnt\n|faint|p1b: Smeargle\n|move|p1a: Calyrex|Glacial Lance|p2a: Volcarona|[spread] p2a,p2b\n|-resisted|p2a: Volcarona\n|-resisted|p2b: Zamazenta\n|-damage|p2a: Volcarona|58\/100\n|-damage|p2b: Zamazenta|76\/100 slp\n|\n|-heal|p2b: Zamazenta|82\/100 slp|[from] Grassy Terrain\n|-heal|p2a: Volcarona|65\/100|[from] Grassy Terrain\n|-heal|p2a: Volcarona|71\/100|[from] item: Leftovers\n|-heal|p1a: Calyrex|54\/100|[from] Grassy Terrain\n|upkeep\n|inactive|greenlightdmp has 30 seconds left.\n|inactive|greenlightdmp has 20 seconds left.\n|inactive|greenlightdmp has 15 seconds left.\n|\n|t:|1721743229\n|switch|p1b: Amoonguss|Amoonguss, L50, M|100\/100\n|turn|3\n|inactive|Billy_HMD has 30 seconds left.\n|inactive|Billy_HMD has 20 seconds left.\n|inactive|Billy_HMD has 15 seconds left.\n|inactive|Billy_HMD has 10 seconds left.\n|\n|t:|1721743276\n|-terastallize|p1a: Calyrex|Water\n|-curestatus|p2b: Zamazenta|slp|[msg]\n|move|p2b: Zamazenta|Body Press|p1a: Calyrex\n|-damage|p1a: Calyrex|17\/100\n|move|p2a: Volcarona|Heat Wave|p1a: Calyrex|[spread] p1b\n|-miss|p2a: Volcarona|p1a: Calyrex\n|-supereffective|p1b: Amoonguss\n|-damage|p1b: Amoonguss|31\/100\n|move|p1a: Calyrex|Glacial Lance|p2a: Volcarona|[spread] p2a,p2b\n|-resisted|p2a: Volcarona\n|-resisted|p2b: Zamazenta\n|-damage|p2a: Volcarona|25\/100\n|-damage|p2b: Zamazenta|66\/100\n|move|p1b: Amoonguss|Spore|p2a: Volcarona\n|-status|p2a: Volcarona|slp|[from] move: Spore\n|\n|-heal|p2b: Zamazenta|72\/100|[from] Grassy Terrain\n|-heal|p2a: Volcarona|32\/100 slp|[from] Grassy Terrain\n|-heal|p2a: Volcarona|38\/100 slp|[from] item: Leftovers\n|-heal|p1a: Calyrex|23\/100|[from] Grassy Terrain\n|-heal|p1b: Amoonguss|37\/100|[from] Grassy Terrain\n|-end|p1a: Calyrex|move: Taunt\n|upkeep\n|turn|4\n|j| THUNDERSND77\n|l| THUNDERSND77\n|j| THUNDERSND77\n|inactive|greenlightdmp has 30 seconds left.\n|inactive|Billy_HMD has 30 seconds left.\n|inactive|greenlightdmp has 20 seconds left.\n|inactive|greenlightdmp has 15 seconds left.\n|inactive|Billy_HMD has 20 seconds left.\n|inactive|Billy_HMD has 15 seconds left.\n|\n|t:|1721743328\n|switch|p1b: Ursaluna|Ursaluna-Bloodmoon, L50, M|100\/100\n|move|p1a: Calyrex|Protect|p1a: Calyrex\n|-singleturn|p1a: Calyrex|Protect\n|move|p2b: Zamazenta|Heavy Slam|p1b: Ursaluna\n|-damage|p1b: Ursaluna|81\/100\n|cant|p2a: Volcarona|slp\n|\n|-heal|p2b: Zamazenta|78\/100|[from] Grassy Terrain\n|-heal|p2a: Volcarona|44\/100 slp|[from] Grassy Terrain\n|-heal|p2a: Volcarona|50\/100 slp|[from] item: Leftovers\n|-heal|p1a: Calyrex|29\/100|[from] Grassy Terrain\n|-heal|p1b: Ursaluna|87\/100|[from] Grassy Terrain\n|upkeep\n|turn|5\n|inactive|Billy_HMD has 30 seconds left.\n|inactive|Billy_HMD has 20 seconds left.\n|\n|t:|1721743364\n|-terastallize|p2b: Zamazenta|Dragon\n|move|p2b: Zamazenta|Body Press|p1a: Calyrex\n|-damage|p1a: Calyrex|0 fnt\n|faint|p1a: Calyrex\n|cant|p2a: Volcarona|slp\n|move|p1b: Ursaluna|Blood Moon|p2b: Zamazenta\n|-damage|p2b: Zamazenta|9\/100\n|-damage|p1b: Ursaluna|78\/100|[from] item: Life Orb\n|\n|-heal|p2b: Zamazenta|15\/100|[from] Grassy Terrain\n|-heal|p2a: Volcarona|57\/100 slp|[from] Grassy Terrain\n|-heal|p2a: Volcarona|63\/100 slp|[from] item: Leftovers\n|-heal|p1b: Ursaluna|84\/100|[from] Grassy Terrain\n|-fieldend|move: Grassy Terrain\n|upkeep\n|\n|t:|1721743375\n|switch|p1a: Amoonguss|Amoonguss, L50, M|70\/100\n|turn|6\n|\n|t:|1721743413\n|move|p2b: Zamazenta|Wide Guard|p2b: Zamazenta\n|-singleturn|p2b: Zamazenta|Wide Guard\n|move|p1a: Amoonguss|Rage Powder|p1a: Amoonguss\n|-singleturn|p1a: Amoonguss|move: Rage Powder\n|cant|p2a: Volcarona|slp\n|move|p1b: Ursaluna|Hyper Voice|p2b: Zamazenta|[spread] \n|-activate|p2a: Volcarona|move: Wide Guard\n|-activate|p2b: Zamazenta|move: Wide Guard\n|\n|-heal|p2a: Volcarona|69\/100 slp|[from] item: Leftovers\n|upkeep\n|turn|7\n|inactive|Billy_HMD has 30 seconds left.\n|\n|t:|1721743441\n|move|p1a: Amoonguss|Rage Powder|p1a: Amoonguss\n|-singleturn|p1a: Amoonguss|move: Rage Powder\n|move|p2b: Zamazenta|Body Press|p1a: Amoonguss\n|-resisted|p1a: Amoonguss\n|-damage|p1a: Amoonguss|46\/100\n|-curestatus|p2a: Volcarona|slp|[msg]\n|move|p2a: Volcarona|Heat Wave|p1a: Amoonguss|[spread] p1b\n|-miss|p2a: Volcarona|p1a: Amoonguss\n|-damage|p1b: Ursaluna|45\/100\n|move|p1b: Ursaluna|Hyper Voice|p2a: Volcarona|[spread] p2a,p2b\n|-damage|p2a: Volcarona|28\/100\n|-damage|p2b: Zamazenta|0 fnt\n|faint|p2b: Zamazenta\n|-damage|p1b: Ursaluna|36\/100|[from] item: Life Orb\n|\n|-heal|p2a: Volcarona|34\/100|[from] item: Leftovers\n|upkeep\n|\n|t:|1721743452\n|switch|p2b: Grimmsnarl|Grimmsnarl, L50, M|100\/100\n|turn|8\n|j| Rinko VGC\n|j| askebom\n|inactive|greenlightdmp has 30 seconds left.\n|inactive|greenlightdmp has 20 seconds left.\n|inactive|greenlightdmp has 15 seconds left.\n|\n|t:|1721743497\n|move|p2b: Grimmsnarl|Light Screen|p2b: Grimmsnarl\n|-sidestart|p2: Billy_HMD|move: Light Screen\n|move|p2a: Volcarona|Heat Wave|p1b: Ursaluna|[spread] p1a,p1b\n|-supereffective|p1a: Amoonguss\n|-damage|p1a: Amoonguss|0 fnt\n|-damage|p1b: Ursaluna|0 fnt\n|faint|p1a: Amoonguss\n|faint|p1b: Ursaluna\n|\n|win|Billy_HMD\n|raw|greenlightdmp's rating: 1753 &rarr; <strong>1733<\/strong><br \/>(-20 for losing)\n|raw|Billy_HMD's rating: 1753 &rarr; <strong>1773<\/strong><br \/>(+20 for winning)\n|l|\u2606greenlightdmp\n|player|p1|\n|l|\u2606Billy_HMD\n|player|p2|\n|l| THUNDERSND77\n|l| Rinko VGC\n|l| askebom\n","uploadtime":1721743646,"views":11,"formatid":"gen9vgc2024regg","rating":1733,"private":0,"password":null}