{"id":"gen9vgc2024regg-2165340173","format":"[Gen 9] VGC 2024 Reg G","players":["Wacko789","TheOnlyFizzo"],"log":"|j|\u2606Wacko789\n|j|\u2606TheOnlyFizzo\n|t:|1721652944\n|gametype|doubles\n|player|p1|Wacko789|flannery|1687\n|player|p2|TheOnlyFizzo|265|1709\n|teamsize|p1|6\n|teamsize|p2|6\n|gen|9\n|tier|[Gen 9] VGC 2024 Reg G\n|rated|\n|rule|Species Clause: Limit one of each Pok\u00e9mon\n|rule|Item Clause: Limit one of each item\n|clearpoke\n|poke|p1|Kyogre, L50|\n|poke|p1|Whimsicott, L50, M|\n|poke|p1|Chien-Pao, L50|\n|poke|p1|Entei, L50|\n|poke|p1|Raikou, L50|\n|poke|p1|Amoonguss, L50, M|\n|poke|p2|Miraidon, L50|\n|poke|p2|Iron Hands, L50|\n|poke|p2|Farigiraf, L50, M|\n|poke|p2|Ursaluna-Bloodmoon, L50, M|\n|poke|p2|Smeargle, L50, F|\n|poke|p2|Annihilape, L50, F|\n|teampreview|4\n|inactive|Battle timer is ON: inactive players will automatically lose when time's up. (requested by Wacko789)\n|\n|t:|1721652961\n|start\n|switch|p1a: Amoonguss|Amoonguss, L50, M|100\/100\n|switch|p1b: Kyogre|Kyogre, L50|100\/100\n|switch|p2a: Farigiraf|Farigiraf, L50, M|100\/100\n|switch|p2b: Smeargle|Smeargle, L50, F|100\/100\n|-weather|RainDance|[from] ability: Drizzle|[of] p1b: Kyogre\n|turn|1\n|inactive|TheOnlyFizzo has 30 seconds left.\n|inactive|TheOnlyFizzo has 20 seconds left.\n|\n|t:|1721652997\n|switch|p2a: Miraidon|Miraidon, L50|100\/100\n|-fieldstart|move: Electric Terrain|[from] ability: Hadron Engine|[of] p2a: Miraidon\n|-terastallize|p1b: Kyogre|Grass\n|move|p2b: Smeargle|Wide Guard|p2b: Smeargle\n|-singleturn|p2b: Smeargle|Wide Guard\n|move|p1b: Kyogre|Water Spout|p2a: Miraidon|[spread] \n|-activate|p2a: Miraidon|move: Wide Guard\n|-activate|p2b: Smeargle|move: Wide Guard\n|move|p1a: Amoonguss|Spore|p2b: Smeargle\n|-activate|p2b: Smeargle|move: Electric Terrain\n|\n|-weather|RainDance|[upkeep]\n|-ability|p2b: Smeargle|Moody|boost\n|-boost|p2b: Smeargle|spe|2\n|-unboost|p2b: Smeargle|def|1\n|upkeep\n|turn|2\n|inactive|TheOnlyFizzo has 30 seconds left.\n|inactive|TheOnlyFizzo has 20 seconds left.\n|inactive|TheOnlyFizzo has 15 seconds left.\n|\n|t:|1721653042\n|-terastallize|p2a: Miraidon|Electric\n|move|p2b: Smeargle|Wide Guard|p2b: Smeargle\n|-singleturn|p2b: Smeargle|Wide Guard\n|move|p1a: Amoonguss|Rage Powder|p1a: Amoonguss\n|-singleturn|p1a: Amoonguss|move: Rage Powder\n|move|p2a: Miraidon|Discharge|p1a: Amoonguss|[spread] p1a,p1b\n|-activate|p2b: Smeargle|move: Wide Guard\n|-resisted|p1a: Amoonguss\n|-resisted|p1b: Kyogre\n|-damage|p1a: Amoonguss|64\/100\n|-damage|p1b: Kyogre|72\/100\n|-status|p1b: Kyogre|par\n|move|p1b: Kyogre|Ice Beam|p2a: Miraidon\n|-damage|p2a: Miraidon|79\/100\n|\n|-weather|RainDance|[upkeep]\n|-ability|p2b: Smeargle|Moody|boost\n|-boost|p2b: Smeargle|atk|2\n|-unboost|p2b: Smeargle|spd|1\n|upkeep\n|turn|3\n|inactive|TheOnlyFizzo has 30 seconds left.\n|\n|t:|1721653068\n|move|p2b: Smeargle|Follow Me|p2b: Smeargle\n|-singleturn|p2b: Smeargle|move: Follow Me\n|move|p2a: Miraidon|Dragon Pulse|p1a: Amoonguss\n|-damage|p1a: Amoonguss|0 fnt\n|faint|p1a: Amoonguss\n|cant|p1b: Kyogre|par\n|\n|-weather|RainDance|[upkeep]\n|-ability|p2b: Smeargle|Moody|boost\n|-boost|p2b: Smeargle|spd|2\n|-unboost|p2b: Smeargle|atk|1\n|upkeep\n|\n|t:|1721653076\n|switch|p1a: Chien-Pao|Chien-Pao, L50|100\/100\n|-ability|p1a: Chien-Pao|Sword of Ruin\n|turn|4\n|inactive|TheOnlyFizzo has 30 seconds left.\n|inactive|TheOnlyFizzo has 20 seconds left.\n|inactive|TheOnlyFizzo has 15 seconds left.\n|inactive|TheOnlyFizzo has 10 seconds left.\n|inactive|TheOnlyFizzo has 5 seconds left.\n|\n|t:|1721653131\n|move|p2b: Smeargle|Water Shuriken|p1a: Chien-Pao\n|-damage|p1a: Chien-Pao|97\/100\n|-damage|p1a: Chien-Pao|93\/100\n|-damage|p1a: Chien-Pao|90\/100\n|-damage|p1a: Chien-Pao|87\/100\n|-hitcount|p1a: Chien-Pao|4\n|move|p1a: Chien-Pao|Ice Spinner|p2a: Miraidon\n|-damage|p2a: Miraidon|31\/100\n|-fieldend|move: Electric Terrain\n|move|p2a: Miraidon|Discharge|p1a: Chien-Pao|[spread] p2b,p1a,p1b\n|-resisted|p1b: Kyogre\n|-crit|p1b: Kyogre\n|-damage|p2b: Smeargle|61\/100\n|-damage|p1a: Chien-Pao|10\/100\n|-damage|p1b: Kyogre|50\/100 par\n|move|p1b: Kyogre|Water Spout|p2a: Miraidon|[spread] p2a,p2b\n|-damage|p2a: Miraidon|0 fnt\n|-damage|p2b: Smeargle|5\/100\n|faint|p2a: Miraidon\n|\n|-weather|RainDance|[upkeep]\n|-ability|p2b: Smeargle|Moody|boost\n|-boost|p2b: Smeargle|atk|2\n|-unboost|p2b: Smeargle|spa|1\n|upkeep\n|inactive|TheOnlyFizzo has 30 seconds left.\n|inactive|TheOnlyFizzo has 20 seconds left.\n|inactive|TheOnlyFizzo has 15 seconds left.\n|inactive|TheOnlyFizzo has 10 seconds left.\n|inactive|TheOnlyFizzo has 5 seconds left.\n|\n|t:|1721653184\n|switch|p2a: Ursaluna|Ursaluna-Bloodmoon, L50, M|100\/100\n|turn|5\n|\n|t:|1721653196\n|move|p1a: Chien-Pao|Protect|p1a: Chien-Pao\n|-singleturn|p1a: Chien-Pao|Protect\n|move|p2b: Smeargle|Wide Guard|p2b: Smeargle\n|-singleturn|p2b: Smeargle|Wide Guard\n|move|p2a: Ursaluna|Vacuum Wave|p1a: Chien-Pao\n|-activate|p1a: Chien-Pao|move: Protect\n|cant|p1b: Kyogre|par\n|\n|-weather|none\n|-ability|p2b: Smeargle|Moody|boost\n|-boost|p2b: Smeargle|spd|2\n|-unboost|p2b: Smeargle|atk|1\n|upkeep\n|turn|6\n|\n|t:|1721653216\n|switch|p1a: Entei|Entei, L50|100\/100\n|move|p2b: Smeargle|Water Shuriken|p1a: Entei\n|-supereffective|p1a: Entei\n|-damage|p1a: Entei|98\/100\n|-supereffective|p1a: Entei\n|-damage|p1a: Entei|96\/100\n|-supereffective|p1a: Entei\n|-damage|p1a: Entei|94\/100\n|-supereffective|p1a: Entei\n|-damage|p1a: Entei|92\/100\n|-hitcount|p1a: Entei|4\n|move|p1b: Kyogre|Origin Pulse|p2a: Ursaluna|[spread] p2a,p2b\n|-supereffective|p2a: Ursaluna\n|-damage|p2a: Ursaluna|0 fnt\n|-damage|p2b: Smeargle|0 fnt\n|faint|p2a: Ursaluna\n|faint|p2b: Smeargle\n|\n|upkeep\n|-message|TheOnlyFizzo forfeited.\n|\n|win|Wacko789\n|raw|Wacko789's rating: 1687 &rarr; <strong>1708<\/strong><br \/>(+21 for winning)\n|raw|TheOnlyFizzo's rating: 1709 &rarr; <strong>1688<\/strong><br \/>(-21 for losing)\n|l|\u2606TheOnlyFizzo\n|player|p2|\n|l|\u2606Wacko789\n|player|p1|\n","uploadtime":1721653444,"views":13,"formatid":"gen9vgc2024regg","rating":1688,"private":0,"password":null}