{"id":"gen9vgc2024regg-2165405625","format":"[Gen 9] VGC 2024 Reg G","players":["Crapa3","Billy_HMD"],"log":"|j|\u2606Crapa3\n|j|\u2606Billy_HMD\n|t:|1721661398\n|gametype|doubles\n|player|p1|Crapa3|169|1748\n|player|p2|Billy_HMD|dawn|1741\n|teamsize|p1|6\n|teamsize|p2|6\n|gen|9\n|tier|[Gen 9] VGC 2024 Reg G\n|rated|\n|rule|Species Clause: Limit one of each Pok\u00e9mon\n|rule|Item Clause: Limit one of each item\n|clearpoke\n|poke|p1|Whimsicott, L50, M|\n|poke|p1|Miraidon, L50|\n|poke|p1|Ursaluna, L50, M|\n|poke|p1|Ting-Lu, L50|\n|poke|p1|Ogerpon-Hearthflame, L50, F|\n|poke|p1|Chi-Yu, L50|\n|poke|p2|Zamazenta-*, L50|\n|poke|p2|Volcarona, L50, M|\n|poke|p2|Grimmsnarl, L50, M|\n|poke|p2|Landorus-Therian, L50, M|\n|poke|p2|Rillaboom, L50, F|\n|poke|p2|Raging Bolt, L50|\n|teampreview|4\n|inactive|Battle timer is ON: inactive players will automatically lose when time's up. (requested by Billy_HMD)\n|\n|t:|1721661418\n|start\n|switch|p1a: Whimsicott|Whimsicott, L50, M|100\/100\n|switch|p1b: Miraidon|Miraidon, L50|100\/100\n|switch|p2a: Rillaboom|Rillaboom, L50, F|100\/100\n|switch|p2b: Landorus|Landorus-Therian, L50, M|100\/100\n|-ability|p2b: Landorus|Intimidate|boost\n|-unboost|p1a: Whimsicott|atk|1\n|-unboost|p1b: Miraidon|atk|1\n|-fieldstart|move: Electric Terrain|[from] ability: Hadron Engine|[of] p1b: Miraidon\n|-fieldstart|move: Grassy Terrain|[from] ability: Grassy Surge|[of] p2a: Rillaboom\n|turn|1\n|inactive|Crapa3 has 30 seconds left.\n|\n|t:|1721661444\n|move|p2a: Rillaboom|Fake Out|p1b: Miraidon\n|-damage|p1b: Miraidon|86\/100\n|move|p1a: Whimsicott|Tailwind|p1a: Whimsicott\n|-sidestart|p1: Crapa3|move: Tailwind\n|move|p1b: Miraidon|Volt Switch|p2a: Rillaboom\n|-resisted|p2a: Rillaboom\n|-damage|p2a: Rillaboom|74\/100\n|\n|t:|1721661451\n|switch|p1b: Ogerpon|Ogerpon-Hearthflame, L50, F|100\/100|[from] Volt Switch\n|-ability|p1b: Ogerpon|Mold Breaker\n|move|p2b: Landorus|Stomping Tantrum|p1b: Ogerpon\n|-damage|p1b: Ogerpon|40\/100\n|\n|-heal|p1b: Ogerpon|46\/100|[from] Grassy Terrain\n|-heal|p2a: Rillaboom|80\/100|[from] Grassy Terrain\n|upkeep\n|turn|2\n|inactive|Billy_HMD has 30 seconds left.\n|\n|t:|1721661478\n|switch|p2a: Raging Bolt|Raging Bolt, L50|100\/100\n|move|p1b: Ogerpon|Ivy Cudgel|p2b: Landorus|[anim] Ivy Cudgel Fire\n|-damage|p2b: Landorus|26\/100\n|move|p1a: Whimsicott|Moonblast|p2b: Landorus\n|-damage|p2b: Landorus|0 fnt\n|faint|p2b: Landorus\n|\n|-heal|p1b: Ogerpon|52\/100|[from] Grassy Terrain\n|upkeep\n|\n|t:|1721661489\n|switch|p2b: Zamazenta|Zamazenta-Crowned, L50|100\/100\n|-ability|p2b: Zamazenta|Dauntless Shield|boost\n|-boost|p2b: Zamazenta|def|1\n|turn|3\n|inactive|Billy_HMD has 30 seconds left.\n|inactive|Crapa3 has 30 seconds left.\n|inactive|Billy_HMD has 20 seconds left.\n|inactive|Billy_HMD has 15 seconds left.\n|inactive|Billy_HMD has 10 seconds left.\n|inactive|Billy_HMD has 5 seconds left.\n|\n|t:|1721661542\n|-terastallize|p2b: Zamazenta|Dragon\n|move|p1a: Whimsicott|Fake Tears|p2b: Zamazenta\n|-unboost|p2b: Zamazenta|spd|2\n|move|p1b: Ogerpon|Ivy Cudgel|p2a: Raging Bolt|[anim] Ivy Cudgel Fire\n|-resisted|p2a: Raging Bolt\n|-damage|p2a: Raging Bolt|76\/100\n|move|p2b: Zamazenta|Heavy Slam|p1a: Whimsicott\n|-supereffective|p1a: Whimsicott\n|-enditem|p1a: Whimsicott|Focus Sash\n|-damage|p1a: Whimsicott|1\/100\n|move|p2a: Raging Bolt|Electroweb|p1a: Whimsicott|[spread] p1a,p1b\n|-resisted|p1a: Whimsicott\n|-resisted|p1b: Ogerpon\n|-damage|p1a: Whimsicott|0 fnt\n|-damage|p1b: Ogerpon|39\/100\n|-unboost|p1b: Ogerpon|spe|1\n|faint|p1a: Whimsicott\n|\n|-heal|p1b: Ogerpon|44\/100|[from] Grassy Terrain\n|-heal|p2a: Raging Bolt|83\/100|[from] Grassy Terrain\n|upkeep\n|\n|t:|1721661547\n|switch|p1a: Chi-Yu|Chi-Yu, L50|100\/100\n|-ability|p1a: Chi-Yu|Beads of Ruin\n|turn|4\n|inactive|Billy_HMD has 30 seconds left.\n|inactive|Billy_HMD has 20 seconds left.\n|inactive|Billy_HMD has 15 seconds left.\n|inactive|Billy_HMD has 10 seconds left.\n|\n|t:|1721661592\n|move|p1a: Chi-Yu|Dark Pulse|p2a: Raging Bolt\n|-damage|p2a: Raging Bolt|46\/100\n|move|p1b: Ogerpon|Ivy Cudgel|p2b: Zamazenta|[anim] Ivy Cudgel Fire\n|-resisted|p2b: Zamazenta\n|-damage|p2b: Zamazenta|88\/100\n|move|p2b: Zamazenta|Body Press|p1b: Ogerpon\n|-crit|p1b: Ogerpon\n|-damage|p1b: Ogerpon|0 fnt\n|faint|p1b: Ogerpon\n|move|p2a: Raging Bolt|Thunderbolt|p1a: Chi-Yu\n|-damage|p1a: Chi-Yu|40\/100\n|\n|-heal|p1a: Chi-Yu|46\/100|[from] Grassy Terrain\n|-heal|p2b: Zamazenta|94\/100|[from] Grassy Terrain\n|-heal|p2a: Raging Bolt|53\/100|[from] Grassy Terrain\n|-sideend|p1: Crapa3|move: Tailwind\n|upkeep\n|\n|t:|1721661596\n|switch|p1b: Miraidon|Miraidon, L50|86\/100\n|-fieldstart|move: Electric Terrain|[from] ability: Hadron Engine|[of] p1b: Miraidon\n|turn|5\n|inactive|Crapa3 has 30 seconds left.\n|inactive|Billy_HMD has 30 seconds left.\n|\n|t:|1721661629\n|move|p2a: Raging Bolt|Thunderclap|p1a: Chi-Yu\n|-damage|p1a: Chi-Yu|0 fnt\n|faint|p1a: Chi-Yu\n|move|p1b: Miraidon|Draco Meteor|p2a: Raging Bolt\n|-supereffective|p2a: Raging Bolt\n|-damage|p2a: Raging Bolt|0 fnt\n|-unboost|p1b: Miraidon|spa|2\n|faint|p2a: Raging Bolt\n|-end|p2a: Raging Bolt|Protosynthesis|[silent]\n|move|p2b: Zamazenta|Body Press|p1b: Miraidon\n|-damage|p1b: Miraidon|24\/100\n|\n|upkeep\n|\n|t:|1721661638\n|switch|p2a: Rillaboom|Rillaboom, L50, F|80\/100\n|-fieldstart|move: Grassy Terrain|[from] ability: Grassy Surge|[of] p2a: Rillaboom\n|turn|6\n|\n|t:|1721661644\n|move|p1b: Miraidon|Draco Meteor|p2b: Zamazenta\n|-supereffective|p2b: Zamazenta\n|-damage|p2b: Zamazenta|0 fnt\n|-unboost|p1b: Miraidon|spa|2\n|faint|p2b: Zamazenta\n|move|p2a: Rillaboom|Wood Hammer|p1b: Miraidon\n|-resisted|p1b: Miraidon\n|-damage|p1b: Miraidon|0 fnt\n|faint|p1b: Miraidon\n|-damage|p2a: Rillaboom|73\/100|[from] Recoil\n|\n|win|Billy_HMD\n|raw|Crapa3's rating: 1748 &rarr; <strong>1728<\/strong><br \/>(-20 for losing)\n|raw|Billy_HMD's rating: 1741 &rarr; <strong>1761<\/strong><br \/>(+20 for winning)\n|l|\u2606Crapa3\n|player|p1|\n|j|\u2606Crapa3\n|player|p1|Crapa3|169|\n|l|\u2606Crapa3\n|player|p1|\n|l|\u2606Billy_HMD\n|player|p2|\n","uploadtime":1721661828,"views":13,"formatid":"gen9vgc2024regg","rating":1728,"private":0,"password":null}