{"id":"gen9vgc2024regg-2165792331","format":"[Gen 9] VGC 2024 Reg G","players":["LONGhq","shulivgc"],"log":"|j|\u203dLONGhq\n|j|\u2606shulivgc\n|t:|1721709914\n|gametype|doubles\n|player|p1|LONGhq|dawn|1752\n|player|p2|shulivgc|#smogonxnpa2024draftee2|1812\n|teamsize|p1|6\n|teamsize|p2|6\n|gen|9\n|tier|[Gen 9] VGC 2024 Reg G\n|rated|\n|rule|Species Clause: Limit one of each Pok\u00e9mon\n|rule|Item Clause: Limit one of each item\n|clearpoke\n|poke|p1|Dondozo, L50, M|\n|poke|p1|Tatsugiri, L50, F|\n|poke|p1|Miraidon, L50|\n|poke|p1|Whimsicott, L50, F|\n|poke|p1|Iron Hands, L50|\n|poke|p1|Chien-Pao, L50|\n|poke|p2|Calyrex-Ice, L50|\n|poke|p2|Annihilape, L50, F|\n|poke|p2|Smeargle, L50, M|\n|poke|p2|Ursaluna-Bloodmoon, L50, M|\n|poke|p2|Urshifu-*, L50, M|\n|poke|p2|Ogerpon-Wellspring, L50, F|\n|teampreview|4\n|\n|t:|1721709926\n|start\n|switch|p1a: Tatsugiri|Tatsugiri, L50, F|100\/100\n|switch|p1b: Chien-Pao|Chien-Pao, L50|100\/100\n|switch|p2a: Calyrex|Calyrex-Ice, L50|100\/100\n|switch|p2b: Smeargle|Smeargle, L50, M|100\/100\n|-ability|p2a: Calyrex|As One\n|-ability|p2a: Calyrex|Unnerve\n|-ability|p1b: Chien-Pao|Sword of Ruin\n|turn|1\n|\n|t:|1721709951\n|move|p2b: Smeargle|Follow Me|p2b: Smeargle\n|-singleturn|p2b: Smeargle|move: Follow Me\n|move|p1b: Chien-Pao|Throat Chop|p2b: Smeargle\n|-damage|p2b: Smeargle|12\/100\n|-start|p2b: Smeargle|Throat Chop|[silent]\n|-damage|p1b: Chien-Pao|91\/100|[from] item: Life Orb\n|move|p1a: Tatsugiri|Taunt|p2b: Smeargle\n|-start|p2b: Smeargle|move: Taunt\n|move|p2a: Calyrex|Trick Room|p2a: Calyrex\n|-fieldstart|move: Trick Room|[of] p2a: Calyrex\n|\n|upkeep\n|turn|2\n|j| Luxraykeeper\n|\n|t:|1721709980\n|switch|p2b: Urshifu|Urshifu, L50, M|100\/100\n|-terastallize|p2a: Calyrex|Water\n|move|p2a: Calyrex|Glacial Lance|p1a: Tatsugiri|[spread] p1a,p1b\n|-resisted|p1b: Chien-Pao\n|-enditem|p1a: Tatsugiri|Focus Sash\n|-damage|p1a: Tatsugiri|1\/100\n|-damage|p1b: Chien-Pao|51\/100\n|move|p1a: Tatsugiri|Muddy Water|p2b: Urshifu|[spread] p2a\n|-miss|p1a: Tatsugiri|p2b: Urshifu\n|-resisted|p2a: Calyrex\n|-damage|p2a: Calyrex|89\/100\n|move|p1b: Chien-Pao|Throat Chop|p2a: Calyrex\n|-damage|p2a: Calyrex|51\/100\n|-start|p2a: Calyrex|Throat Chop|[silent]\n|-damage|p1b: Chien-Pao|42\/100|[from] item: Life Orb\n|\n|upkeep\n|turn|3\n|j| THUNDERSND77\n|\n|t:|1721710012\n|switch|p1a: Dondozo|Dondozo, L50, M|100\/100\n|move|p1b: Chien-Pao|Sucker Punch|p2a: Calyrex\n|-damage|p2a: Calyrex|17\/100\n|-enditem|p2a: Calyrex|Sitrus Berry|[eat]\n|-heal|p2a: Calyrex|42\/100|[from] item: Sitrus Berry\n|-damage|p1b: Chien-Pao|33\/100|[from] item: Life Orb\n|move|p2a: Calyrex|Glacial Lance|p1b: Chien-Pao|[spread] p1a,p1b\n|-resisted|p1a: Dondozo\n|-resisted|p1b: Chien-Pao\n|-damage|p1a: Dondozo|74\/100\n|-damage|p1b: Chien-Pao|0 fnt\n|faint|p1b: Chien-Pao\n|-ability|p2a: Calyrex|Chilling Neigh|boost\n|-boost|p2a: Calyrex|atk|1\n|move|p2b: Urshifu|Wicked Blow|p1a: Dondozo\n|-crit|p1a: Dondozo\n|-damage|p1a: Dondozo|15\/100\n|\n|-heal|p1a: Dondozo|22\/100|[from] item: Leftovers\n|-end|p2a: Calyrex|Throat Chop|[silent]\n|upkeep\n|\n|t:|1721710033\n|switch|p1b: Miraidon|Miraidon, L50|100\/100\n|-fieldstart|move: Electric Terrain|[from] ability: Hadron Engine|[of] p1b: Miraidon\n|turn|4\n|\n|t:|1721710061\n|-terastallize|p1b: Miraidon|Fairy\n|move|p1a: Dondozo|Fissure|p2a: Calyrex|[miss]\n|-miss|p1a: Dondozo|p2a: Calyrex\n|move|p2a: Calyrex|Glacial Lance|p1a: Dondozo|[spread] p1a,p1b\n|-resisted|p1a: Dondozo\n|-damage|p1a: Dondozo|4\/100\n|-damage|p1b: Miraidon|17\/100\n|move|p2b: Urshifu|Wicked Blow|p1b: Miraidon\n|-resisted|p1b: Miraidon\n|-crit|p1b: Miraidon\n|-damage|p1b: Miraidon|0 fnt\n|faint|p1b: Miraidon\n|\n|-heal|p1a: Dondozo|10\/100|[from] item: Leftovers\n|upkeep\n|\n|t:|1721710077\n|switch|p1b: Tatsugiri|Tatsugiri, L50, F|1\/100\n|-activate|p1b: Tatsugiri|ability: Commander|[of] p1a: Dondozo\n|-boost|p1a: Dondozo|atk|2\n|-boost|p1a: Dondozo|spa|2\n|-boost|p1a: Dondozo|spe|2\n|-boost|p1a: Dondozo|def|2\n|-boost|p1a: Dondozo|spd|2\n|turn|5\n|\n|t:|1721710098\n|move|p2a: Calyrex|Glacial Lance|p1a: Dondozo|[spread] p1a\n|-miss|p2a: Calyrex|p1b: Tatsugiri\n|-resisted|p1a: Dondozo\n|-damage|p1a: Dondozo|1\/100\n|move|p2b: Urshifu|Wicked Blow|p1a: Dondozo\n|-crit|p1a: Dondozo\n|-damage|p1a: Dondozo|0 fnt\n|faint|p1a: Dondozo\n|\n|-fieldend|move: Trick Room\n|upkeep\n|turn|6\n|\n|t:|1721710112\n|move|p1b: Tatsugiri|Draco Meteor|p2b: Urshifu|[miss]\n|-miss|p1b: Tatsugiri|p2b: Urshifu\n|move|p2b: Urshifu|Wicked Blow|p1b: Tatsugiri\n|-crit|p1b: Tatsugiri\n|-damage|p1b: Tatsugiri|0 fnt\n|faint|p1b: Tatsugiri\n|\n|win|shulivgc\n|raw|LONGhq's rating: 1752 &rarr; <strong>1735<\/strong><br \/>(-17 for losing)\n|raw|shulivgc's rating: 1812 &rarr; <strong>1829<\/strong><br \/>(+17 for winning)\n|l| THUNDERSND77\n|l|\u2606shulivgc\n|player|p2|\n|l|\u203dLONGhq\n|player|p1|\n|l| Luxraykeeper\n","uploadtime":1721710293,"views":61,"formatid":"gen9vgc2024regg","rating":1735,"private":0,"password":null}