{"id":"gen9vgc2024regg-2165928484","format":"[Gen 9] VGC 2024 Reg G","players":["Billy_HMD","SubToPenglin"],"log":"|j|\u2606Billy_HMD\n|j|\u2606SubToPenglin\n|t:|1721736350\n|gametype|doubles\n|player|p1|Billy_HMD|dawn|1866\n|player|p2|SubToPenglin|dawn-gen4pt|1759\n|teamsize|p1|6\n|teamsize|p2|6\n|gen|9\n|tier|[Gen 9] VGC 2024 Reg G\n|rated|\n|rule|Species Clause: Limit one of each Pok\u00e9mon\n|rule|Item Clause: Limit one of each item\n|clearpoke\n|poke|p1|Zamazenta-*, L50|\n|poke|p1|Volcarona, L50, M|\n|poke|p1|Grimmsnarl, L50, M|\n|poke|p1|Landorus-Therian, L50, M|\n|poke|p1|Rillaboom, L50, M|\n|poke|p1|Raging Bolt, L50|\n|poke|p2|Comfey, L50, F|\n|poke|p2|Terapagos, L50, M|\n|poke|p2|Tornadus, L50, M|\n|poke|p2|Ogerpon-Cornerstone, L50, F|\n|poke|p2|Magmar, L50, F|\n|poke|p2|Raichu, L50, M|\n|teampreview|4\n|inactive|Battle timer is ON: inactive players will automatically lose when time's up. (requested by Billy_HMD)\n|inactive|SubToPenglin also wants the timer to be on.\n|j| shanehuang\n|c|\u2606SubToPenglin|oooh havent faught u in a long time lmao\n|inactive|Billy_HMD has 60 seconds left.\n|\n|t:|1721736385\n|start\n|switch|p1a: Grimmsnarl|Grimmsnarl, L50, M|100\/100\n|switch|p1b: Volcarona|Volcarona, L50, M|100\/100\n|switch|p2a: Terapagos|Terapagos, L50, M|100\/100\n|switch|p2b: Magmar|Magmar, L50, F, shiny|100\/100\n|-activate|p2a: Terapagos|ability: Tera Shift\n|detailschange|p2a: Terapagos|Terapagos-Terastal, L50, M\n|-heal|p2a: Terapagos|100\/100|[silent]\n|turn|1\n|\n|t:|1721736393\n|move|p2a: Terapagos|Protect|p2a: Terapagos\n|-singleturn|p2a: Terapagos|Protect\n|move|p1a: Grimmsnarl|Light Screen|p1a: Grimmsnarl\n|-sidestart|p1: Billy_HMD|move: Light Screen\n|move|p1b: Volcarona|Quiver Dance|p1b: Volcarona\n|-boost|p1b: Volcarona|spa|1\n|-boost|p1b: Volcarona|spd|1\n|-boost|p1b: Volcarona|spe|1\n|move|p2b: Magmar|Taunt|p1b: Volcarona\n|-start|p1b: Volcarona|move: Taunt\n|\n|upkeep\n|turn|2\n|\n|t:|1721736412\n|switch|p2b: Raichu|Raichu, L50, M, shiny|100\/100\n|move|p1b: Volcarona|Heat Wave|p2a: Terapagos|[spread] p2a,p2b\n|-activate|p2a: Terapagos|ability: Tera Shell\n|-resisted|p2a: Terapagos\n|-damage|p2a: Terapagos|77\/100\n|-damage|p2b: Raichu|50\/100\n|move|p2a: Terapagos|Calm Mind|p2a: Terapagos\n|-boost|p2a: Terapagos|spa|1\n|-boost|p2a: Terapagos|spd|1\n|move|p1a: Grimmsnarl|Spirit Break|p2a: Terapagos\n|-damage|p2a: Terapagos|55\/100\n|\n|upkeep\n|turn|3\n|inactive|Billy_HMD has 30 seconds left.\n|inactive|SubToPenglin has 30 seconds left.\n|\n|t:|1721736444\n|-terastallize|p2a: Terapagos|Stellar\n|detailschange|p2a: Terapagos|Terapagos-Stellar, L50, M, tera:Stellar\n|-heal|p2a: Terapagos|66\/100|[silent]\n|move|p1a: Grimmsnarl|Reflect|p1a: Grimmsnarl\n|-sidestart|p1: Billy_HMD|Reflect\n|move|p1b: Volcarona|Heat Wave|p2b: Raichu|[spread] p2a,p2b\n|-damage|p2a: Terapagos|44\/100\n|-damage|p2b: Raichu|0 fnt\n|faint|p2b: Raichu\n|move|p2a: Terapagos|Calm Mind|p2a: Terapagos\n|-boost|p2a: Terapagos|spa|1\n|-boost|p2a: Terapagos|spd|1\n|\n|upkeep\n|\n|t:|1721736456\n|switch|p2b: Magmar|Magmar, L50, F, shiny|100\/100\n|turn|4\n|\n|t:|1721736470\n|move|p2a: Terapagos|Protect|p2a: Terapagos\n|-singleturn|p2a: Terapagos|Protect\n|move|p1a: Grimmsnarl|Thunder Wave|p2a: Terapagos\n|-activate|p2a: Terapagos|move: Protect\n|move|p1b: Volcarona|Heat Wave|p2a: Terapagos|[spread] p2b\n|-activate|p2a: Terapagos|move: Protect\n|-resisted|p2b: Magmar\n|-damage|p2b: Magmar|79\/100\n|move|p2b: Magmar|Taunt|p1a: Grimmsnarl\n|-start|p1a: Grimmsnarl|move: Taunt\n|\n|-end|p1b: Volcarona|move: Taunt\n|upkeep\n|turn|5\n|\n|t:|1721736485\n|switch|p2b: Comfey|Comfey, L50, F, shiny|100\/100\n|switch|p1a: Rillaboom|Rillaboom, L50, M|100\/100\n|-fieldstart|move: Grassy Terrain|[from] ability: Grassy Surge|[of] p1a: Rillaboom\n|move|p1b: Volcarona|Quiver Dance|p1b: Volcarona\n|-boost|p1b: Volcarona|spa|1\n|-boost|p1b: Volcarona|spd|1\n|-boost|p1b: Volcarona|spe|1\n|move|p2a: Terapagos|Tera Starstorm|p1a: Rillaboom|[spread] p1a,p1b\n|-damage|p1a: Rillaboom|64\/100\n|-damage|p1b: Volcarona|78\/100\n|\n|-heal|p1b: Volcarona|84\/100|[from] Grassy Terrain\n|-heal|p1b: Volcarona|90\/100|[from] item: Leftovers\n|-heal|p2a: Terapagos|50\/100|[from] Grassy Terrain\n|-heal|p1a: Rillaboom|70\/100|[from] Grassy Terrain\n|upkeep\n|turn|6\n|inactive|Billy_HMD has 30 seconds left.\n|\n|t:|1721736516\n|move|p2b: Comfey|Floral Healing|p2a: Terapagos\n|-heal|p2a: Terapagos|100\/100\n|move|p1a: Rillaboom|Fake Out|p2a: Terapagos\n|-damage|p2a: Terapagos|93\/100\n|move|p1b: Volcarona|Quiver Dance|p1b: Volcarona\n|-boost|p1b: Volcarona|spa|1\n|-boost|p1b: Volcarona|spd|1\n|-boost|p1b: Volcarona|spe|1\n|cant|p2a: Terapagos|flinch\n|\n|-heal|p1b: Volcarona|96\/100|[from] Grassy Terrain\n|-heal|p1b: Volcarona|100\/100|[from] item: Leftovers\n|-heal|p2a: Terapagos|99\/100|[from] Grassy Terrain\n|-heal|p1a: Rillaboom|76\/100|[from] Grassy Terrain\n|upkeep\n|turn|7\n|\n|t:|1721736538\n|switch|p2b: Magmar|Magmar, L50, F, shiny|79\/100\n|move|p1b: Volcarona|Heat Wave|p2a: Terapagos|[spread] p2a,p2b\n|-resisted|p2b: Magmar\n|-damage|p2a: Terapagos|73\/100\n|-damage|p2b: Magmar|41\/100\n|move|p2a: Terapagos|Tera Starstorm|p1a: Rillaboom|[spread] p1a,p1b\n|-damage|p1a: Rillaboom|39\/100\n|-damage|p1b: Volcarona|84\/100\n|move|p1a: Rillaboom|Wood Hammer|p2b: Magmar\n|-resisted|p2b: Magmar\n|-damage|p2b: Magmar|14\/100\n|-status|p1a: Rillaboom|brn|[from] ability: Flame Body|[of] p2b: Magmar\n|-damage|p1a: Rillaboom|32\/100 brn|[from] Recoil\n|\n|-heal|p1b: Volcarona|90\/100|[from] Grassy Terrain\n|-heal|p1b: Volcarona|96\/100|[from] item: Leftovers\n|-heal|p2a: Terapagos|79\/100|[from] Grassy Terrain\n|-heal|p2b: Magmar|20\/100|[from] Grassy Terrain\n|-heal|p1a: Rillaboom|38\/100 brn|[from] Grassy Terrain\n|-damage|p1a: Rillaboom|32\/100 brn|[from] brn\n|upkeep\n|turn|8\n|j| jijihua\n|inactive|Billy_HMD has 30 seconds left.\n|inactive|SubToPenglin has 30 seconds left.\n|l| jijihua\n|\n|t:|1721736573\n|switch|p1a: Grimmsnarl|Grimmsnarl, L50, M|100\/100\n|move|p2b: Magmar|Protect|p2b: Magmar\n|-singleturn|p2b: Magmar|Protect\n|move|p1b: Volcarona|Heat Wave|p2a: Terapagos|[spread] p2a\n|-activate|p2b: Magmar|move: Protect\n|-damage|p2a: Terapagos|53\/100\n|move|p2a: Terapagos|Tera Starstorm|p1b: Volcarona|[spread] p1a,p1b\n|-damage|p1a: Grimmsnarl|58\/100\n|-damage|p1b: Volcarona|79\/100\n|\n|-heal|p1b: Volcarona|85\/100|[from] Grassy Terrain\n|-heal|p1b: Volcarona|92\/100|[from] item: Leftovers\n|-heal|p2a: Terapagos|59\/100|[from] Grassy Terrain\n|-heal|p2b: Magmar|25\/100|[from] Grassy Terrain\n|-heal|p1a: Grimmsnarl|64\/100|[from] Grassy Terrain\n|-sideend|p1: Billy_HMD|move: Light Screen\n|upkeep\n|turn|9\n|\n|t:|1721736593\n|move|p2b: Magmar|Follow Me|p2b: Magmar\n|-singleturn|p2b: Magmar|move: Follow Me\n|move|p1a: Grimmsnarl|Light Screen|p1a: Grimmsnarl\n|-sidestart|p1: Billy_HMD|move: Light Screen\n|move|p1b: Volcarona|Heat Wave|p2a: Terapagos|[spread] p2b\n|-miss|p1b: Volcarona|p2a: Terapagos\n|-resisted|p2b: Magmar\n|-damage|p2b: Magmar|0 fnt\n|faint|p2b: Magmar\n|move|p2a: Terapagos|Tera Starstorm|p1a: Grimmsnarl|[spread] p1a,p1b\n|-damage|p1a: Grimmsnarl|21\/100\n|-damage|p1b: Volcarona|75\/100\n|\n|-heal|p1b: Volcarona|81\/100|[from] Grassy Terrain\n|-heal|p1b: Volcarona|87\/100|[from] item: Leftovers\n|-heal|p2a: Terapagos|65\/100|[from] Grassy Terrain\n|-heal|p1a: Grimmsnarl|27\/100|[from] Grassy Terrain\n|-fieldend|move: Grassy Terrain\n|upkeep\n|\n|t:|1721736599\n|switch|p2b: Comfey|Comfey, L50, F, shiny|100\/100\n|turn|10\n|inactive|Billy_HMD has 30 seconds left.\n|\n|t:|1721736631\n|move|p2b: Comfey|Draining Kiss|p1a: Grimmsnarl\n|-supereffective|p1a: Grimmsnarl\n|-damage|p1a: Grimmsnarl|5\/100\n|move|p1a: Grimmsnarl|Thunder Wave|p2a: Terapagos\n|-status|p2a: Terapagos|par\n|move|p1b: Volcarona|Quiver Dance|p1b: Volcarona\n|-boost|p1b: Volcarona|spa|1\n|-boost|p1b: Volcarona|spd|1\n|-boost|p1b: Volcarona|spe|1\n|move|p2a: Terapagos|Calm Mind|p2a: Terapagos\n|-boost|p2a: Terapagos|spa|1\n|-boost|p2a: Terapagos|spd|1\n|\n|-heal|p1b: Volcarona|94\/100|[from] item: Leftovers\n|-sideend|p1: Billy_HMD|Reflect\n|upkeep\n|turn|11\n|\n|t:|1721736649\n|move|p2b: Comfey|Draining Kiss|p1a: Grimmsnarl\n|-supereffective|p1a: Grimmsnarl\n|-damage|p1a: Grimmsnarl|0 fnt\n|faint|p1a: Grimmsnarl\n|move|p1b: Volcarona|Quiver Dance|p1b: Volcarona\n|-boost|p1b: Volcarona|spa|1\n|-boost|p1b: Volcarona|spd|1\n|-boost|p1b: Volcarona|spe|1\n|move|p2a: Terapagos|Tera Starstorm|p1b: Volcarona\n|-damage|p1b: Volcarona|72\/100\n|\n|-heal|p1b: Volcarona|79\/100|[from] item: Leftovers\n|upkeep\n|\n|t:|1721736654\n|switch|p1a: Zamazenta|Zamazenta-Crowned, L50|100\/100\n|-ability|p1a: Zamazenta|Dauntless Shield|boost\n|-boost|p1a: Zamazenta|def|1\n|turn|12\n|\n|t:|1721736667\n|move|p2b: Comfey|Floral Healing|p2a: Terapagos\n|-heal|p2a: Terapagos|100\/100 par\n|move|p1b: Volcarona|Heat Wave|p2b: Comfey|[spread] p2a,p2b\n|-damage|p2a: Terapagos|70\/100 par\n|-damage|p2b: Comfey|0 fnt\n|faint|p2b: Comfey\n|move|p1a: Zamazenta|Body Press|p2a: Terapagos\n|-supereffective|p2a: Terapagos\n|-damage|p2a: Terapagos|0 fnt\n|faint|p2a: Terapagos\n|\n|win|Billy_HMD\n|raw|Billy_HMD's rating: 1866 &rarr; <strong>1881<\/strong><br \/>(+15 for winning)\n|raw|SubToPenglin's rating: 1786 &rarr; <strong>1771<\/strong><br \/>(-15 for losing)\n|l| shanehuang\n|l|\u2606SubToPenglin\n|player|p2|\n|l|\u2606Billy_HMD\n|player|p1|\n","uploadtime":1721736886,"views":39,"formatid":"gen9vgc2024regg","rating":1771,"private":0,"password":null}