{"id":"gen9vgc2024regg-2165896536","format":"[Gen 9] VGC 2024 Reg G","players":["Djjwjwwjj","charrahc"],"log":"|j|\u2606Djjwjwwjj\n|j|\u2606charrahc\n|t:|1721730739\n|gametype|doubles\n|player|p1|Djjwjwwjj|1|1726\n|player|p2|charrahc|102|1703\n|teamsize|p1|6\n|teamsize|p2|6\n|gen|9\n|tier|[Gen 9] VGC 2024 Reg G\n|rated|\n|rule|Species Clause: Limit one of each Pok\u00e9mon\n|rule|Item Clause: Limit one of each item\n|clearpoke\n|poke|p1|Calyrex-Shadow, L50|\n|poke|p1|Incineroar, L50, F|\n|poke|p1|Pelipper, L50, M|\n|poke|p1|Rillaboom, L50, M|\n|poke|p1|Maushold-Four, L50|\n|poke|p1|Urshifu-*, L50, M|\n|poke|p2|Whimsicott, L50, M|\n|poke|p2|Ogerpon-Cornerstone, L50, F|\n|poke|p2|Ursaluna-Bloodmoon, L50, M|\n|poke|p2|Farigiraf, L50, F|\n|poke|p2|Calyrex-Shadow, L50|\n|poke|p2|Urshifu-*, L50, F|\n|teampreview|4\n|inactive|Battle timer is ON: inactive players will automatically lose when time's up. (requested by Djjwjwwjj)\n|l|\u2606charrahc\n|inactive|charrahc disconnected and has a minute to reconnect!\n|player|p2|\n|inactive|Djjwjwwjj has 60 seconds left.\n|j|\u2606charrahc\n|inactive|charrahc reconnected and has 60 seconds left.\n|player|p2|charrahc|102|\n|\n|t:|1721730776\n|start\n|switch|p1a: Calyrex|Calyrex-Shadow, L50|100\/100\n|switch|p1b: Rillaboom|Rillaboom, L50, M|100\/100\n|switch|p2a: Whimsicott|Whimsicott, L50, M|100\/100\n|switch|p2b: Urshifu|Urshifu-Rapid-Strike, L50, F|100\/100\n|-ability|p1a: Calyrex|As One\n|-ability|p1a: Calyrex|Unnerve\n|-fieldstart|move: Grassy Terrain|[from] ability: Grassy Surge|[of] p1b: Rillaboom\n|turn|1\n|inactive|Djjwjwwjj has 30 seconds left.\n|\n|t:|1721730802\n|switch|p2b: Farigiraf|Farigiraf, L50, F|100\/100\n|-enditem|p2b: Farigiraf|Grassy Seed\n|-boost|p2b: Farigiraf|def|1|[from] item: Grassy Seed\n|-terastallize|p1a: Calyrex|Fairy\n|move|p2a: Whimsicott|Tailwind|p2a: Whimsicott\n|-sidestart|p2: charrahc|move: Tailwind\n|move|p1a: Calyrex|Calm Mind|p1a: Calyrex\n|-boost|p1a: Calyrex|spa|1\n|-boost|p1a: Calyrex|spd|1\n|move|p1b: Rillaboom|U-turn|p2a: Whimsicott\n|-damage|p2a: Whimsicott|67\/100\n|\n|t:|1721730815\n|switch|p1b: Maushold|Maushold-Four, L50|100\/100|[from] U-turn\n|\n|-heal|p2a: Whimsicott|73\/100|[from] Grassy Terrain\n|upkeep\n|turn|2\n|\n|t:|1721730834\n|switch|p2a: Urshifu|Urshifu-Rapid-Strike, L50, F|100\/100\n|move|p1b: Maushold|Follow Me|p1b: Maushold\n|-singleturn|p1b: Maushold|move: Follow Me\n|move|p1a: Calyrex|Astral Barrage|p2a: Urshifu|[spread] p2a\n|-immune|p2b: Farigiraf\n|-enditem|p2a: Urshifu|Focus Sash\n|-damage|p2a: Urshifu|1\/100\n|move|p2b: Farigiraf|Tera Blast|p1b: Maushold\n|-damage|p1b: Maushold|66\/100\n|\n|-heal|p2a: Urshifu|7\/100|[from] Grassy Terrain\n|-heal|p1b: Maushold|72\/100|[from] Grassy Terrain\n|upkeep\n|turn|3\n|inactive|Djjwjwwjj has 30 seconds left.\n|inactive|Djjwjwwjj has 20 seconds left.\n|inactive|Djjwjwwjj has 15 seconds left.\n|\n|t:|1721730877\n|switch|p1b: Rillaboom|Rillaboom, L50, M|100\/100\n|move|p2a: Urshifu|Close Combat|p1b: Rillaboom\n|-damage|p1b: Rillaboom|37\/100\n|-unboost|p2a: Urshifu|def|1\n|-unboost|p2a: Urshifu|spd|1\n|move|p1a: Calyrex|Calm Mind|p1a: Calyrex\n|-boost|p1a: Calyrex|spa|1\n|-boost|p1a: Calyrex|spd|1\n|move|p2b: Farigiraf|Tera Blast|p1a: Calyrex\n|-damage|p1a: Calyrex|88\/100\n|\n|-heal|p2a: Urshifu|14\/100|[from] Grassy Terrain\n|-heal|p1a: Calyrex|94\/100|[from] Grassy Terrain\n|-heal|p1b: Rillaboom|43\/100|[from] Grassy Terrain\n|upkeep\n|turn|4\n|inactive|Djjwjwwjj has 30 seconds left.\n|inactive|Djjwjwwjj has 20 seconds left.\n|\n|t:|1721730915\n|switch|p1b: Maushold|Maushold-Four, L50|72\/100\n|move|p2b: Farigiraf|Helping Hand|p2a: Urshifu\n|-singleturn|p2a: Urshifu|Helping Hand|[of] p2b: Farigiraf\n|move|p2a: Urshifu|Surging Strikes|p1a: Calyrex\n|-crit|p1a: Calyrex\n|-damage|p1a: Calyrex|72\/100\n|-crit|p1a: Calyrex\n|-damage|p1a: Calyrex|52\/100\n|-crit|p1a: Calyrex\n|-damage|p1a: Calyrex|29\/100\n|-hitcount|p1a: Calyrex|3\n|move|p1a: Calyrex|Draining Kiss|p2b: Farigiraf\n|-damage|p2b: Farigiraf|39\/100\n|-heal|p1a: Calyrex|79\/100|[from] drain|[of] p2b: Farigiraf\n|\n|-heal|p2a: Urshifu|20\/100|[from] Grassy Terrain\n|-heal|p1a: Calyrex|85\/100|[from] Grassy Terrain\n|-heal|p2b: Farigiraf|45\/100|[from] Grassy Terrain\n|-heal|p1b: Maushold|78\/100|[from] Grassy Terrain\n|-sideend|p2: charrahc|move: Tailwind\n|upkeep\n|turn|5\n|inactive|Djjwjwwjj has 30 seconds left.\n|inactive|charrahc has 30 seconds left.\n|inactive|charrahc has 20 seconds left.\n|\n|t:|1721730951\n|switch|p2b: Whimsicott|Whimsicott, L50, M|73\/100\n|move|p1a: Calyrex|Draining Kiss|p2a: Urshifu\n|-supereffective|p2a: Urshifu\n|-damage|p2a: Urshifu|0 fnt\n|-heal|p1a: Calyrex|98\/100|[from] drain|[of] p2a: Urshifu\n|faint|p2a: Urshifu\n|-ability|p1a: Calyrex|Grim Neigh|boost\n|-boost|p1a: Calyrex|spa|1\n|move|p1b: Maushold|Taunt|p2b: Whimsicott\n|-start|p2b: Whimsicott|move: Taunt\n|-enditem|p2b: Whimsicott|Mental Herb\n|-end|p2b: Whimsicott|move: Taunt\n|\n|-heal|p1a: Calyrex|100\/100|[from] Grassy Terrain\n|-heal|p2b: Whimsicott|79\/100|[from] Grassy Terrain\n|-heal|p1b: Maushold|84\/100|[from] Grassy Terrain\n|-fieldend|move: Grassy Terrain\n|upkeep\n|\n|t:|1721730956\n|switch|p2a: Calyrex|Calyrex-Shadow, L50|100\/100\n|-ability|p2a: Calyrex|As One\n|-ability|p2a: Calyrex|Unnerve\n|turn|6\n|inactive|Djjwjwwjj has 30 seconds left.\n|inactive|Djjwjwwjj has 20 seconds left.\n|\n|t:|1721730992\n|-terastallize|p2a: Calyrex|Ghost\n|move|p2a: Calyrex|Astral Barrage|p1b: Maushold|[spread] p1a\n|-immune|p1b: Maushold\n|-damage|p1a: Calyrex|64\/100\n|move|p1a: Calyrex|Draining Kiss|p2b: Whimsicott\n|-damage|p2b: Whimsicott|0 fnt\n|-heal|p1a: Calyrex|100\/100|[from] drain|[of] p2b: Whimsicott\n|faint|p2b: Whimsicott\n|-ability|p1a: Calyrex|Grim Neigh|boost\n|-boost|p1a: Calyrex|spa|1\n|move|p1b: Maushold|Taunt|p2a: Calyrex\n|-start|p2a: Calyrex|move: Taunt\n|\n|upkeep\n|\n|t:|1721731000\n|switch|p2b: Farigiraf|Farigiraf, L50, F|45\/100\n|turn|7\n|-message|charrahc forfeited.\n|\n|win|Djjwjwwjj\n|raw|Djjwjwwjj's rating: 1726 &rarr; <strong>1745<\/strong><br \/>(+19 for winning)\n|raw|charrahc's rating: 1703 &rarr; <strong>1684<\/strong><br \/>(-19 for losing)\n|l|\u2606charrahc\n|player|p2|\n|l|\u2606Djjwjwwjj\n|player|p1|\n","uploadtime":1721731209,"views":10,"formatid":"gen9vgc2024regg","rating":1684,"private":0,"password":null}