{"id":"gen9vgc2024regg-2165730224","format":"[Gen 9] VGC 2024 Reg G","players":["chuanOVO","Wacko789"],"log":"|j|\u2606chuanOVO\n|j|\u2606Wacko789\n|t:|1721700584\n|gametype|doubles\n|player|p1|chuanOVO|n|1704\n|player|p2|Wacko789|flannery|1701\n|teamsize|p1|6\n|teamsize|p2|6\n|gen|9\n|tier|[Gen 9] VGC 2024 Reg G\n|rated|\n|rule|Species Clause: Limit one of each Pok\u00e9mon\n|rule|Item Clause: Limit one of each item\n|clearpoke\n|poke|p1|Calyrex-Ice, L50|\n|poke|p1|Smeargle, L50, M|\n|poke|p1|Ursaluna-Bloodmoon, L50, M|\n|poke|p1|Urshifu-*, L50, M|\n|poke|p1|Ogerpon-Wellspring, L50, F|\n|poke|p1|Annihilape, L50, F|\n|poke|p2|Kyogre, L50|\n|poke|p2|Whimsicott, L50, F|\n|poke|p2|Iron Bundle, L50|\n|poke|p2|Entei, L50|\n|poke|p2|Chien-Pao, L50|\n|poke|p2|Kingambit, L50, M|\n|teampreview|4\n|inactive|Battle timer is ON: inactive players will automatically lose when time's up. (requested by chuanOVO)\n|\n|t:|1721700619\n|start\n|switch|p1a: Smeargle|Smeargle, L50, M, shiny|100\/100\n|switch|p1b: Calyrex|Calyrex-Ice, L50|100\/100\n|switch|p2a: Iron Bundle|Iron Bundle, L50|100\/100\n|switch|p2b: Entei|Entei, L50|100\/100\n|-ability|p1b: Calyrex|As One\n|-ability|p1b: Calyrex|Unnerve\n|-enditem|p2a: Iron Bundle|Booster Energy\n|-activate|p2a: Iron Bundle|ability: Quark Drive|[fromitem]\n|-start|p2a: Iron Bundle|quarkdrivespe\n|turn|1\n|inactive|chuanOVO has 30 seconds left.\n|\n|t:|1721700648\n|-terastallize|p2a: Iron Bundle|Ghost\n|move|p1b: Calyrex|Protect|p1b: Calyrex\n|-singleturn|p1b: Calyrex|Protect\n|move|p2a: Iron Bundle|Taunt|p1b: Calyrex\n|-activate|p1b: Calyrex|move: Protect\n|move|p2b: Entei|Sacred Fire|p1a: Smeargle\n|-enditem|p1a: Smeargle|Focus Sash\n|-damage|p1a: Smeargle|1\/100\n|-status|p1a: Smeargle|brn\n|move|p1a: Smeargle|Spore|p2a: Iron Bundle\n|-status|p2a: Iron Bundle|slp|[from] move: Spore\n|\n|-damage|p1a: Smeargle|0 fnt|[from] brn\n|faint|p1a: Smeargle\n|upkeep\n|\n|t:|1721700666\n|switch|p1a: Ursaluna|Ursaluna-Bloodmoon, L50, M|100\/100\n|turn|2\n|\n|t:|1721700679\n|-terastallize|p1b: Calyrex|Water\n|cant|p2a: Iron Bundle|slp\n|move|p2b: Entei|Sacred Fire|p1b: Calyrex\n|-resisted|p1b: Calyrex\n|-crit|p1b: Calyrex\n|-damage|p1b: Calyrex|66\/100\n|move|p1a: Ursaluna|Earth Power|p2b: Entei\n|-supereffective|p2b: Entei\n|-damage|p2b: Entei|0 fnt\n|faint|p2b: Entei\n|-damage|p1a: Ursaluna|91\/100|[from] item: Life Orb\n|move|p1b: Calyrex|Trick Room|p1b: Calyrex\n|-fieldstart|move: Trick Room|[of] p1b: Calyrex\n|\n|upkeep\n|j| SaraBelladona\n|\n|t:|1721700696\n|switch|p2b: Kingambit|Kingambit, L50, M|100\/100\n|turn|3\n|\n|t:|1721700717\n|cant|p2a: Iron Bundle|slp\n|move|p2b: Kingambit|Kowtow Cleave|p1b: Calyrex\n|-damage|p1b: Calyrex|36\/100\n|-enditem|p1b: Calyrex|Sitrus Berry|[eat]\n|-heal|p1b: Calyrex|61\/100|[from] item: Sitrus Berry\n|move|p1b: Calyrex|High Horsepower|p2a: Iron Bundle\n|-damage|p2a: Iron Bundle|52\/100 slp\n|move|p1a: Ursaluna|Hyper Voice|p2a: Iron Bundle|[spread] p2a,p2b\n|-resisted|p2b: Kingambit\n|-damage|p2a: Iron Bundle|0 fnt\n|-damage|p2b: Kingambit|84\/100\n|faint|p2a: Iron Bundle\n|-end|p2a: Iron Bundle|Quark Drive|[silent]\n|-damage|p1a: Ursaluna|81\/100|[from] item: Life Orb\n|\n|upkeep\n|\n|t:|1721700728\n|switch|p2a: Kyogre|Kyogre, L50, shiny|100\/100\n|-weather|RainDance|[from] ability: Drizzle|[of] p2a: Kyogre\n|turn|4\n|inactive|chuanOVO has 30 seconds left.\n|\n|t:|1721700762\n|move|p2b: Kingambit|Kowtow Cleave|p1b: Calyrex\n|-damage|p1b: Calyrex|32\/100\n|move|p1b: Calyrex|High Horsepower|p2a: Kyogre\n|-crit|p2a: Kyogre\n|-damage|p2a: Kyogre|39\/100\n|move|p1a: Ursaluna|Earth Power|p2a: Kyogre\n|-damage|p2a: Kyogre|0 fnt\n|faint|p2a: Kyogre\n|-damage|p1a: Ursaluna|72\/100|[from] item: Life Orb\n|\n|-weather|RainDance|[upkeep]\n|upkeep\n|turn|5\n|\n|t:|1721700780\n|move|p1b: Calyrex|Protect|p1b: Calyrex\n|-singleturn|p1b: Calyrex|Protect\n|move|p2b: Kingambit|Kowtow Cleave|p1a: Ursaluna\n|-damage|p1a: Ursaluna|39\/100\n|move|p1a: Ursaluna|Earth Power|p2b: Kingambit\n|-supereffective|p2b: Kingambit\n|-damage|p2b: Kingambit|0 fnt\n|faint|p2b: Kingambit\n|-damage|p1a: Ursaluna|29\/100|[from] item: Life Orb\n|\n|win|chuanOVO\n|raw|chuanOVO's rating: 1704 &rarr; <strong>1724<\/strong><br \/>(+20 for winning)\n|raw|Wacko789's rating: 1701 &rarr; <strong>1681<\/strong><br \/>(-20 for losing)\n|l|\u2606Wacko789\n|player|p2|\n|l|\u2606chuanOVO\n|player|p1|\n","uploadtime":1721701016,"views":9,"formatid":"gen9vgc2024regg","rating":1681,"private":0,"password":null}