{"id":"gen9vgc2024regg-2165970620","format":"[Gen 9] VGC 2024 Reg G","players":["Billy_HMD","Nagatoro401"],"log":"|j|\u2606Billy_HMD\n|j|\u2606Nagatoro401\n|t:|1721742268\n|gametype|doubles\n|player|p1|Billy_HMD|dawn|1789\n|player|p2|Nagatoro401|170|1655\n|teamsize|p1|6\n|teamsize|p2|6\n|gen|9\n|tier|[Gen 9] VGC 2024 Reg G\n|rated|\n|rule|Species Clause: Limit one of each Pok\u00e9mon\n|rule|Item Clause: Limit one of each item\n|clearpoke\n|poke|p1|Zamazenta-*, L50|\n|poke|p1|Volcarona, L50, M|\n|poke|p1|Grimmsnarl, L50, M|\n|poke|p1|Landorus-Therian, L50, M|\n|poke|p1|Rillaboom, L50, F|\n|poke|p1|Raging Bolt, L50|\n|poke|p2|Venomoth, L50, M|\n|poke|p2|Miraidon, L50|\n|poke|p2|Tornadus, L50, M|\n|poke|p2|Landorus, L50, M|\n|poke|p2|Chien-Pao, L50|\n|poke|p2|Basculegion, L50, M|\n|teampreview|4\n|inactive|Battle timer is ON: inactive players will automatically lose when time's up. (requested by Billy_HMD)\n|j| Beckwith-Wiedemann\n|j| ahfoong0411\n|inactive|Nagatoro401 has 60 seconds left.\n|\n|t:|1721742301\n|start\n|switch|p1a: Rillaboom|Rillaboom, L50, F|100\/100\n|switch|p1b: Landorus|Landorus-Therian, L50, M|100\/100\n|switch|p2a: Venomoth|Venomoth, L50, M|100\/100\n|switch|p2b: Miraidon|Miraidon, L50|100\/100\n|-ability|p1b: Landorus|Intimidate|boost\n|-unboost|p2a: Venomoth|atk|1\n|-unboost|p2b: Miraidon|atk|1\n|-fieldstart|move: Electric Terrain|[from] ability: Hadron Engine|[of] p2b: Miraidon\n|-fieldstart|move: Grassy Terrain|[from] ability: Grassy Surge|[of] p1a: Rillaboom\n|turn|1\n|c| ahfoong0411|wonder skin\n|inactive|Nagatoro401 has 30 seconds left.\n|\n|t:|1721742329\n|-terastallize|p2b: Miraidon|Fairy\n|move|p1b: Landorus|Rock Slide|p2b: Miraidon|[spread] p2a,p2b\n|-supereffective|p2a: Venomoth\n|-damage|p2a: Venomoth|35\/100\n|-damage|p2b: Miraidon|84\/100\n|move|p2a: Venomoth|Acid Spray|p1a: Rillaboom\n|-supereffective|p1a: Rillaboom\n|-damage|p1a: Rillaboom|82\/100\n|-unboost|p1a: Rillaboom|spd|2\n|move|p2b: Miraidon|Overheat|p1a: Rillaboom\n|-supereffective|p1a: Rillaboom\n|-damage|p1a: Rillaboom|0 fnt\n|-unboost|p2b: Miraidon|spa|2\n|faint|p1a: Rillaboom\n|\n|-heal|p2a: Venomoth|41\/100|[from] Grassy Terrain\n|-heal|p2b: Miraidon|89\/100|[from] Grassy Terrain\n|upkeep\n|\n|t:|1721742350\n|switch|p1a: Raging Bolt|Raging Bolt, L50|100\/100\n|turn|2\n|c| ahfoong0411|miraidon hates rillaboom so much\n|inactive|Nagatoro401 has 30 seconds left.\n|\n|t:|1721742376\n|switch|p2a: Landorus|Landorus, L50, M|100\/100\n|switch|p2b: Tornadus|Tornadus, L50, M|100\/100\n|move|p1b: Landorus|Rock Slide|p2b: Tornadus|[spread] p2a,p2b\n|-supereffective|p2b: Tornadus\n|-damage|p2a: Landorus|76\/100\n|-damage|p2b: Tornadus|39\/100\n|move|p1a: Raging Bolt|Thunderbolt|p2b: Tornadus\n|-supereffective|p2b: Tornadus\n|-damage|p2b: Tornadus|0 fnt\n|faint|p2b: Tornadus\n|-damage|p1a: Raging Bolt|91\/100|[from] item: Life Orb\n|\n|-heal|p1a: Raging Bolt|97\/100|[from] Grassy Terrain\n|upkeep\n|\n|t:|1721742391\n|switch|p2b: Miraidon|Miraidon, L50, tera:Fairy|89\/100\n|-fieldstart|move: Electric Terrain|[from] ability: Hadron Engine|[of] p2b: Miraidon\n|turn|3\n|\n|t:|1721742404\n|-terastallize|p1a: Raging Bolt|Electric\n|move|p1a: Raging Bolt|Thunderclap|p2b: Miraidon\n|-damage|p2b: Miraidon|20\/100\n|-damage|p1a: Raging Bolt|87\/100|[from] item: Life Orb\n|move|p1b: Landorus|Rock Slide|p2b: Miraidon|[spread] p2a,p2b\n|-damage|p2a: Landorus|50\/100\n|-damage|p2b: Miraidon|3\/100\n|move|p2b: Miraidon|Draco Meteor|p1b: Landorus\n|-damage|p1b: Landorus|0 fnt\n|-unboost|p2b: Miraidon|spa|2\n|faint|p1b: Landorus\n|move|p2a: Landorus|Earth Power|p1a: Raging Bolt\n|-supereffective|p1a: Raging Bolt\n|-crit|p1a: Raging Bolt\n|-damage|p1a: Raging Bolt|0 fnt\n|faint|p1a: Raging Bolt\n|-end|p1a: Raging Bolt|Protosynthesis|[silent]\n|\n|upkeep\n|j| Therazer456\n|\n|t:|1721742418\n|switch|p1b: Zamazenta|Zamazenta-Crowned, L50|100\/100\n|-ability|p1b: Zamazenta|Dauntless Shield|boost\n|-boost|p1b: Zamazenta|def|1\n|turn|4\n|\n|t:|1721742435\n|move|p2a: Landorus|Protect|p2a: Landorus\n|-singleturn|p2a: Landorus|Protect\n|move|p1b: Zamazenta|Heavy Slam|p2a: Landorus\n|-activate|p2a: Landorus|move: Protect\n|move|p2b: Miraidon|Overheat|p1b: Zamazenta\n|-supereffective|p1b: Zamazenta\n|-damage|p1b: Zamazenta|51\/100\n|-unboost|p2b: Miraidon|spa|2\n|\n|upkeep\n|turn|5\n|l| Therazer456\n|\n|t:|1721742453\n|move|p1b: Zamazenta|Heavy Slam|p2a: Landorus\n|-damage|p2a: Landorus|0 fnt\n|faint|p2a: Landorus\n|move|p2b: Miraidon|Electro Drift|p1b: Zamazenta\n|-crit|p1b: Zamazenta\n|-damage|p1b: Zamazenta|0 fnt\n|faint|p1b: Zamazenta\n|\n|win|Nagatoro401\n|raw|Billy_HMD's rating: 1789 &rarr; <strong>1762<\/strong><br \/>(-27 for losing)\n|raw|Nagatoro401's rating: 1655 &rarr; <strong>1682<\/strong><br \/>(+27 for winning)\n|l|\u2606Billy_HMD\n|player|p1|\n|c|\u2606Nagatoro401|GG\n|l| Beckwith-Wiedemann\n|l|\u2606Nagatoro401\n|player|p2|\n|l| ahfoong0411\n","uploadtime":1721742677,"views":14,"formatid":"gen9vgc2024regg","rating":1682,"private":0,"password":null}