{"id":"gen9vgc2024regg-2165604786","format":"[Gen 9] VGC 2024 Reg G","players":["auraen","lattewave"],"log":"|j|\u2606auraen\n|j|\u2606lattewave\n|t:|1721684063\n|gametype|doubles\n|player|p1|auraen|harlequin|1751\n|player|p2|lattewave|officeworker|1766\n|teamsize|p1|6\n|teamsize|p2|6\n|gen|9\n|tier|[Gen 9] VGC 2024 Reg G\n|rated|\n|rule|Species Clause: Limit one of each Pok\u00e9mon\n|rule|Item Clause: Limit one of each item\n|clearpoke\n|poke|p1|Terapagos, L50, M|\n|poke|p1|Munkidori, L50, M|\n|poke|p1|Incineroar, L50, F|\n|poke|p1|Sinistcha, L50|\n|poke|p1|Basculegion, L50, M|\n|poke|p1|Flamigo, L50, F|\n|poke|p2|Meowscarada, L50, M|\n|poke|p2|Zapdos-Galar, L50|\n|poke|p2|Sylveon, L50, F|\n|poke|p2|Primarina, L50, F|\n|poke|p2|Tinkaton, L50, F|\n|poke|p2|Terapagos, L50, M|\n|teampreview|4\n|j| darkrinorex\n|inactive|Battle timer is ON: inactive players will automatically lose when time's up. (requested by lattewave)\n|j| mohamedcarnicero\nlattewave has agreed to open team sheets.\n|l| mohamedcarnicero\n|\n|t:|1721684097\n|start\n|switch|p1a: Munkidori|Munkidori, L50, M|100\/100\n|switch|p1b: Terapagos|Terapagos, L50, M|100\/100\n|switch|p2a: Zapdos|Zapdos-Galar, L50|100\/100\n|switch|p2b: Tinkaton|Tinkaton, L50, F, shiny|100\/100\n|-activate|p1b: Terapagos|ability: Tera Shift\n|detailschange|p1b: Terapagos|Terapagos-Terastal, L50, M\n|-heal|p1b: Terapagos|100\/100|[silent]\n|-ability|p2b: Tinkaton|Mold Breaker\n|turn|1\n|\n|t:|1721684107\n|move|p2b: Tinkaton|Feint|p1b: Terapagos\n|-damage|p1b: Terapagos|93\/100\n|move|p2a: Zapdos|Close Combat|p1b: Terapagos\n|-supereffective|p1b: Terapagos\n|-damage|p1b: Terapagos|0 fnt\n|-unboost|p2a: Zapdos|def|1\n|-unboost|p2a: Zapdos|spd|1\n|faint|p1b: Terapagos\n|move|p1a: Munkidori|Psychic|p2a: Zapdos\n|-supereffective|p2a: Zapdos\n|-damage|p2a: Zapdos|0 fnt\n|faint|p2a: Zapdos\n|\n|upkeep\n|\n|t:|1721684116\n|switch|p2a: Meowscarada|Meowscarada, L50, M|100\/100\n|switch|p1b: Flamigo|Flamigo, L50, F|100\/100\n|turn|2\n|\n|t:|1721684122\n|move|p2a: Meowscarada|Knock Off|p1a: Munkidori\n|-supereffective|p1a: Munkidori\n|-damage|p1a: Munkidori|16\/100\n|-enditem|p1a: Munkidori|Sitrus Berry|[from] move: Knock Off|[of] p2a: Meowscarada\n|move|p1b: Flamigo|Tailwind|p1b: Flamigo\n|-sidestart|p1: auraen|move: Tailwind\n|move|p1a: Munkidori|Acid Spray|p2a: Meowscarada\n|-supereffective|p2a: Meowscarada\n|-damage|p2a: Meowscarada|49\/100\n|-unboost|p2a: Meowscarada|spd|2\n|move|p2b: Tinkaton|Gigaton Hammer|p1b: Flamigo\n|-damage|p1b: Flamigo|14\/100\n|\n|upkeep\n|turn|3\n|\n|t:|1721684134\n|switch|p1b: Sinistcha|Sinistcha, L50|100\/100\n|-heal|p1a: Munkidori|41\/100|[from] ability: Hospitality|[of] p1b: Sinistcha\n|move|p2a: Meowscarada|Sucker Punch|p1a: Munkidori\n|-supereffective|p1a: Munkidori\n|-damage|p1a: Munkidori|0 fnt\n|faint|p1a: Munkidori\n|move|p2b: Tinkaton|Play Rough|p1b: Sinistcha\n|-damage|p1b: Sinistcha|64\/100\n|-damage|p2b: Tinkaton|84\/100|[from] item: Rocky Helmet|[of] p1b: Sinistcha\n|\n|upkeep\n|\n|t:|1721684136\n|switch|p1a: Flamigo|Flamigo, L50, F|14\/100\n|turn|4\n|\n|t:|1721684145\n|move|p2a: Meowscarada|Sucker Punch|p1a: Flamigo\n|-resisted|p1a: Flamigo\n|-damage|p1a: Flamigo|0 fnt\n|faint|p1a: Flamigo\n|move|p1b: Sinistcha|Strength Sap|p2b: Tinkaton\n|-unboost|p2b: Tinkaton|atk|1\n|-heal|p1b: Sinistcha|100\/100\n|move|p2b: Tinkaton|Gigaton Hammer|p1b: Sinistcha\n|-damage|p1b: Sinistcha|59\/100\n|\n|upkeep\n|turn|5\n|-message|auraen forfeited.\n|\n|win|lattewave\n|raw|auraen's rating: 1751 &rarr; <strong>1732<\/strong><br \/>(-19 for losing)\n|raw|lattewave's rating: 1766 &rarr; <strong>1785<\/strong><br \/>(+19 for winning)\n|l|\u2606auraen\n|player|p1|\n","uploadtime":1721684169,"views":92,"formatid":"gen9vgc2024regg","rating":1732,"private":0,"password":null}