{"id":"gen9vgc2024regg-2165220098","format":"[Gen 9] VGC 2024 Reg G","players":["Djjwjwwjj","AnyaForger20"],"log":"|j|\u2606Djjwjwwjj\n|j|\u2606AnyaForger20\n|t:|1721629501\n|gametype|doubles\n|player|p1|Djjwjwwjj|169|1706\n|player|p2|AnyaForger20|caitlin|1695\n|teamsize|p1|6\n|teamsize|p2|6\n|gen|9\n|tier|[Gen 9] VGC 2024 Reg G\n|rated|\n|rule|Species Clause: Limit one of each Pok\u00e9mon\n|rule|Item Clause: Limit one of each item\n|clearpoke\n|poke|p1|Calyrex-Shadow, L50|\n|poke|p1|Incineroar, L50, F|\n|poke|p1|Pelipper, L50, M|\n|poke|p1|Rillaboom, L50, F|\n|poke|p1|Maushold-Four, L50|\n|poke|p1|Palafin, L50, M|\n|poke|p2|Ogerpon-Wellspring, L50, F|\n|poke|p2|Calyrex-Ice, L50|\n|poke|p2|Annihilape, L50, M|\n|poke|p2|Smeargle, L50, M|\n|poke|p2|Urshifu-*, L50, M|\n|poke|p2|Ursaluna-Bloodmoon, L50, M|\n|teampreview|4\n|inactive|Battle timer is ON: inactive players will automatically lose when time's up. (requested by Djjwjwwjj)\n|j| Jasper2452\n|\n|t:|1721629530\n|start\n|switch|p1a: Maushold|Maushold-Four, L50|100\/100\n|switch|p1b: Calyrex|Calyrex-Shadow, L50|100\/100\n|switch|p2a: Calyrex|Calyrex-Ice, L50|100\/100\n|switch|p2b: Smeargle|Smeargle, L50, M|100\/100\n|-ability|p1b: Calyrex|As One\n|-ability|p1b: Calyrex|Unnerve\n|-ability|p2a: Calyrex|As One\n|-ability|p2a: Calyrex|Unnerve\n|turn|1\n|j| THUNDERSND77\n|l| THUNDERSND77\n|inactive|Djjwjwwjj has 30 seconds left.\n|inactive|AnyaForger20 has 30 seconds left.\n|\n|t:|1721629559\n|-terastallize|p2a: Calyrex|Water\n|move|p2b: Smeargle|Fake Out|p1a: Maushold\n|-damage|p1a: Maushold|92\/100\n|-damage|p2b: Smeargle|84\/100|[from] item: Rocky Helmet|[of] p1a: Maushold\n|move|p1b: Calyrex|Calm Mind|p1b: Calyrex\n|-boost|p1b: Calyrex|spa|1\n|-boost|p1b: Calyrex|spd|1\n|cant|p1a: Maushold|flinch\n|move|p2a: Calyrex|Trick Room|p2a: Calyrex\n|-fieldstart|move: Trick Room|[of] p2a: Calyrex\n|\n|upkeep\n|turn|2\n|inactive|Djjwjwwjj has 30 seconds left.\n|\n|t:|1721629592\n|-terastallize|p1b: Calyrex|Fairy\n|move|p1a: Maushold|Follow Me|p1a: Maushold\n|-singleturn|p1a: Maushold|move: Follow Me\n|move|p2b: Smeargle|Decorate|p1a: Maushold\n|-boost|p1a: Maushold|atk|2\n|-boost|p1a: Maushold|spa|2\n|move|p2a: Calyrex|Glacial Lance|p1a: Maushold|[spread] p1a,p1b\n|-damage|p1a: Maushold|19\/100\n|-damage|p1b: Calyrex|62\/100\n|move|p1b: Calyrex|Draining Kiss|p2b: Smeargle\n|-damage|p2b: Smeargle|0 fnt\n|-heal|p1b: Calyrex|100\/100|[from] drain|[of] p2b: Smeargle\n|faint|p2b: Smeargle\n|-ability|p1b: Calyrex|Grim Neigh|boost\n|-boost|p1b: Calyrex|spa|1\n|\n|upkeep\n|\n|t:|1721629608\n|switch|p2b: Ursaluna|Ursaluna-Bloodmoon, L50, M|100\/100\n|turn|3\n|inactive|Djjwjwwjj has 30 seconds left.\n|\n|t:|1721629636\n|move|p1b: Calyrex|Protect|p1b: Calyrex\n|-singleturn|p1b: Calyrex|Protect\n|move|p1a: Maushold|Feint|p2a: Calyrex\n|-damage|p2a: Calyrex|89\/100\n|move|p2b: Ursaluna|Hyper Voice|p1b: Calyrex|[spread] p1a\n|-activate|p1b: Calyrex|move: Protect\n|-damage|p1a: Maushold|0 fnt\n|faint|p1a: Maushold\n|-damage|p2b: Ursaluna|91\/100|[from] item: Life Orb\n|move|p2a: Calyrex|Glacial Lance|p1b: Calyrex\n|-activate|p1b: Calyrex|move: Protect\n|\n|upkeep\n|\n|t:|1721629652\n|switch|p1a: Incineroar|Incineroar, L50, F|100\/100\n|-ability|p1a: Incineroar|Intimidate|boost\n|-unboost|p2a: Calyrex|atk|1\n|-unboost|p2b: Ursaluna|atk|1\n|turn|4\n|\n|t:|1721629663\n|move|p1a: Incineroar|Fake Out|p2b: Ursaluna\n|-damage|p2b: Ursaluna|84\/100\n|cant|p2b: Ursaluna|flinch\n|move|p2a: Calyrex|Glacial Lance|p1b: Calyrex|[spread] p1a,p1b\n|-resisted|p1a: Incineroar\n|-damage|p1a: Incineroar|82\/100\n|-damage|p1b: Calyrex|65\/100\n|move|p1b: Calyrex|Draining Kiss|p2a: Calyrex\n|-damage|p2a: Calyrex|45\/100\n|-heal|p1b: Calyrex|98\/100|[from] drain|[of] p2a: Calyrex\n|\n|upkeep\n|turn|5\n|-message|AnyaForger20 forfeited.\n|\n|win|Djjwjwwjj\n|raw|Djjwjwwjj's rating: 1706 &rarr; <strong>1725<\/strong><br \/>(+19 for winning)\n|raw|AnyaForger20's rating: 1695 &rarr; <strong>1676<\/strong><br \/>(-19 for losing)\n|l|\u2606AnyaForger20\n|player|p2|\n|l|\u2606Djjwjwwjj\n|player|p1|\n|l| Jasper2452\n","uploadtime":1721629866,"views":20,"formatid":"gen9vgc2024regg","rating":1676,"private":0,"password":null}