{"id":"gen9vgc2024regg-2165861540","format":"[Gen 9] VGC 2024 Reg G","players":["seanyboy335","shulivgc"],"log":"|j|\u2606seanyboy335\n|j|\u2606shulivgc\n|t:|1721723822\n|gametype|doubles\n|player|p1|seanyboy335|101|1737\n|player|p2|shulivgc|#smogonxnpa2024draftee2|1824\n|teamsize|p1|6\n|teamsize|p2|6\n|gen|9\n|tier|[Gen 9] VGC 2024 Reg G\n|rated|\n|rule|Species Clause: Limit one of each Pok\u00e9mon\n|rule|Item Clause: Limit one of each item\n|clearpoke\n|poke|p1|Whimsicott, L50, M|\n|poke|p1|Flutter Mane, L50|\n|poke|p1|Calyrex-Shadow, L50|\n|poke|p1|Iron Hands, L50|\n|poke|p1|Clefairy, L50, F|\n|poke|p1|Ogerpon-Cornerstone, L50, F|\n|poke|p2|Calyrex-Ice, L50|\n|poke|p2|Annihilape, L50, F|\n|poke|p2|Smeargle, L50, M|\n|poke|p2|Ursaluna-Bloodmoon, L50, M|\n|poke|p2|Urshifu-*, L50, M|\n|poke|p2|Ogerpon-Wellspring, L50, F|\n|teampreview|4\n|inactive|Battle timer is ON: inactive players will automatically lose when time's up. (requested by seanyboy335)\n|\n|t:|1721723840\n|start\n|switch|p1a: Ogerpon|Ogerpon-Cornerstone, L50, F|100\/100\n|switch|p1b: Calyrex|Calyrex-Shadow, L50|100\/100\n|switch|p2a: Calyrex|Calyrex-Ice, L50|100\/100\n|switch|p2b: Smeargle|Smeargle, L50, M|100\/100\n|-ability|p1b: Calyrex|As One\n|-ability|p1b: Calyrex|Unnerve\n|-ability|p2a: Calyrex|As One\n|-ability|p2a: Calyrex|Unnerve\n|turn|1\n|\n|t:|1721723864\n|-terastallize|p1b: Calyrex|Water\n|move|p1a: Ogerpon|Follow Me|p1a: Ogerpon\n|-singleturn|p1a: Ogerpon|move: Follow Me\n|move|p2b: Smeargle|Follow Me|p2b: Smeargle\n|-singleturn|p2b: Smeargle|move: Follow Me\n|move|p1b: Calyrex|Nasty Plot|p1b: Calyrex\n|-boost|p1b: Calyrex|spa|2\n|move|p2a: Calyrex|Trick Room|p2a: Calyrex\n|-fieldstart|move: Trick Room|[of] p2a: Calyrex\n|\n|upkeep\n|turn|2\n|j| Auryz\n|inactive|seanyboy335 has 30 seconds left.\n|j| wooper000\n|\n|t:|1721723898\n|move|p2b: Smeargle|Wide Guard|p2b: Smeargle\n|-singleturn|p2b: Smeargle|Wide Guard\n|move|p1a: Ogerpon|Follow Me|p1a: Ogerpon\n|-singleturn|p1a: Ogerpon|move: Follow Me\n|move|p2a: Calyrex|Glacial Lance|p1b: Calyrex|[spread] p1a,p1b\n|-supereffective|p1a: Ogerpon\n|-resisted|p1b: Calyrex\n|-ability|p1a: Ogerpon|Sturdy\n|-damage|p1a: Ogerpon|1\/100\n|-damage|p1b: Calyrex|71\/100\n|move|p1b: Calyrex|Astral Barrage|p2b: Smeargle|[spread] \n|-activate|p2a: Calyrex|move: Wide Guard\n|-activate|p2b: Smeargle|move: Wide Guard\n|\n|upkeep\n|turn|3\n|j| bluestraggler03\n|\n|t:|1721723917\n|switch|p2b: Ursaluna|Ursaluna-Bloodmoon, L50, M|100\/100\n|-terastallize|p2a: Calyrex|Water\n|move|p1a: Ogerpon|Spiky Shield|p1a: Ogerpon\n|-singleturn|p1a: Ogerpon|move: Protect\n|move|p1b: Calyrex|Protect|p1b: Calyrex\n|-singleturn|p1b: Calyrex|Protect\n|move|p2a: Calyrex|Glacial Lance|p1a: Ogerpon|[spread] \n|-activate|p1a: Ogerpon|move: Protect\n|-activate|p1b: Calyrex|move: Protect\n|\n|upkeep\n|turn|4\n|j| crescent29\n|inactive|seanyboy335 has 30 seconds left.\n|inactive|seanyboy335 has 20 seconds left.\n|inactive|seanyboy335 has 15 seconds left.\n|inactive|seanyboy335 has 10 seconds left.\n|\n|t:|1721723965\n|switch|p1b: Clefairy|Clefairy, L50, F|100\/100\n|move|p1a: Ogerpon|Follow Me|p1a: Ogerpon\n|-singleturn|p1a: Ogerpon|move: Follow Me\n|move|p2b: Ursaluna|Hyper Voice|p1b: Clefairy|[spread] p1a,p1b\n|-resisted|p1a: Ogerpon\n|-damage|p1a: Ogerpon|0 fnt\n|-damage|p1b: Clefairy|56\/100\n|faint|p1a: Ogerpon\n|-damage|p2b: Ursaluna|91\/100|[from] item: Life Orb\n|move|p2a: Calyrex|High Horsepower|p1b: Clefairy\n|-damage|p1b: Clefairy|25\/100\n|\n|upkeep\n|\n|t:|1721723976\n|switch|p1a: Calyrex|Calyrex-Shadow, L50, tera:Water|71\/100\n|-ability|p1a: Calyrex|As One\n|-ability|p1a: Calyrex|Unnerve\n|turn|5\n|j| mana33\n|\n|t:|1721723991\n|switch|p2b: Smeargle|Smeargle, L50, M|100\/100\n|move|p1b: Clefairy|After You|p1a: Calyrex\n|-activate|p1a: Calyrex|move: After You\n|move|p1a: Calyrex|Tera Blast|p2b: Smeargle|[anim] Tera Blast Water\n|-enditem|p2b: Smeargle|Focus Sash\n|-damage|p2b: Smeargle|1\/100\n|move|p2a: Calyrex|Glacial Lance|p1a: Calyrex|[spread] p1a,p1b\n|-resisted|p1a: Calyrex\n|-damage|p1a: Calyrex|47\/100\n|-damage|p1b: Clefairy|0 fnt\n|faint|p1b: Clefairy\n|-ability|p2a: Calyrex|Chilling Neigh|boost\n|-boost|p2a: Calyrex|atk|1\n|\n|-fieldend|move: Trick Room\n|upkeep\n|\n|t:|1721724000\n|switch|p1b: Iron Hands|Iron Hands, L50|100\/100\n|turn|6\n|\n|t:|1721724011\n|move|p1b: Iron Hands|Fake Out|p2a: Calyrex\n|-damage|p2a: Calyrex|90\/100\n|move|p1a: Calyrex|Tera Blast|p2b: Smeargle|[anim] Tera Blast Water\n|-damage|p2b: Smeargle|0 fnt\n|faint|p2b: Smeargle\n|-ability|p1a: Calyrex|Grim Neigh|boost\n|-boost|p1a: Calyrex|spa|1\n|cant|p2a: Calyrex|flinch\n|\n|upkeep\n|\n|t:|1721724015\n|switch|p2b: Urshifu|Urshifu, L50, M|100\/100\n|turn|7\n|inactive|seanyboy335 has 30 seconds left.\n|inactive|seanyboy335 has 20 seconds left.\n|inactive|seanyboy335 has 15 seconds left.\n|inactive|seanyboy335 has 10 seconds left.\n|\n|t:|1721724063\n|move|p1a: Calyrex|Astral Barrage|p2a: Calyrex|[spread] p2a,p2b\n|-resisted|p2b: Urshifu\n|-damage|p2a: Calyrex|24\/100\n|-damage|p2b: Urshifu|41\/100\n|move|p2b: Urshifu|Close Combat|p1b: Iron Hands\n|-damage|p1b: Iron Hands|23\/100\n|-unboost|p2b: Urshifu|def|1\n|-unboost|p2b: Urshifu|spd|1\n|move|p1b: Iron Hands|Drain Punch|p2b: Urshifu\n|-supereffective|p2b: Urshifu\n|-damage|p2b: Urshifu|0 fnt\n|-heal|p1b: Iron Hands|40\/100|[from] drain|[of] p2b: Urshifu\n|faint|p2b: Urshifu\n|move|p2a: Calyrex|Glacial Lance|p1b: Iron Hands|[spread] p1a,p1b\n|-resisted|p1a: Calyrex\n|-damage|p1a: Calyrex|3\/100\n|-damage|p1b: Iron Hands|0 fnt\n|faint|p1b: Iron Hands\n|-end|p1b: Iron Hands|Quark Drive|[silent]\n|-ability|p2a: Calyrex|Chilling Neigh|boost\n|-boost|p2a: Calyrex|atk|1\n|\n|upkeep\n|\n|t:|1721724080\n|switch|p2b: Ursaluna|Ursaluna-Bloodmoon, L50, M|91\/100\n|turn|8\n|\n|t:|1721724090\n|move|p2b: Ursaluna|Vacuum Wave|p1a: Calyrex\n|-crit|p1a: Calyrex\n|-damage|p1a: Calyrex|0 fnt\n|-enditem|p2a: Calyrex|Sitrus Berry|[eat]\n|-heal|p2a: Calyrex|49\/100|[from] item: Sitrus Berry\n|faint|p1a: Calyrex\n|-damage|p2b: Ursaluna|81\/100|[from] item: Life Orb\n|\n|win|shulivgc\n|raw|seanyboy335's rating: 1737 &rarr; <strong>1722<\/strong><br \/>(-15 for losing)\n|raw|shulivgc's rating: 1824 &rarr; <strong>1839<\/strong><br \/>(+15 for winning)\n|l|\u2606seanyboy335\n|player|p1|\n|l|\u2606shulivgc\n|player|p2|\n|l| wooper000\n|l| Auryz\n|j|\u2606shulivgc\n|player|p2|shulivgc|#smogonxnpa2024draftee2|\n|l| mana33\n|l| bluestraggler03\n","uploadtime":1721724243,"views":48,"formatid":"gen9vgc2024regg","rating":1722,"private":0,"password":null}