{"id":"gen9vgc2024regg-2165435877","format":"[Gen 9] VGC 2024 Reg G","players":["imaborat","BrodaxVGC"],"log":"|j|\u2606imaborat\n|j|\u2606BrodaxVGC\n|t:|1721664966\n|gametype|doubles\n|player|p1|imaborat|265|1658\n|player|p2|BrodaxVGC|265|1771\n|teamsize|p1|6\n|teamsize|p2|6\n|gen|9\n|tier|[Gen 9] VGC 2024 Reg G\n|rated|\n|rule|Species Clause: Limit one of each Pok\u00e9mon\n|rule|Item Clause: Limit one of each item\n|clearpoke\n|poke|p1|Grafaiai, L50, M|\n|poke|p1|Indeedee, L50, M|\n|poke|p1|Calyrex-Shadow, L50|\n|poke|p1|Azumarill, L50, F|\n|poke|p1|Volcarona, L50, M|\n|poke|p1|Whimsicott, L50, F|\n|poke|p2|Miraidon, L50|\n|poke|p2|Whimsicott, L50, F|\n|poke|p2|Chi-Yu, L50|\n|poke|p2|Ogerpon-Wellspring, L50, F|\n|poke|p2|Iron Hands, L50|\n|poke|p2|Farigiraf, L50, F|\n|teampreview|4\n|inactive|Battle timer is ON: inactive players will automatically lose when time's up. (requested by BrodaxVGC)\n|inactive|imaborat has 60 seconds left.\n|\n|t:|1721665006\n|start\n|switch|p1a: Grafaiai|Grafaiai, L50, M|100\/100\n|switch|p1b: Indeedee|Indeedee, L50, M|100\/100\n|switch|p2a: Whimsicott|Whimsicott, L50, F|100\/100\n|switch|p2b: Miraidon|Miraidon, L50|100\/100\n|-fieldstart|move: Psychic Terrain|[from] ability: Psychic Surge|[of] p1b: Indeedee\n|-enditem|p1a: Grafaiai|Psychic Seed\n|-boost|p1a: Grafaiai|spd|1|[from] item: Psychic Seed\n|-fieldstart|move: Electric Terrain|[from] ability: Hadron Engine|[of] p2b: Miraidon\n|turn|1\n|inactive|imaborat has 30 seconds left.\n|inactive|imaborat has 20 seconds left.\n|inactive|imaborat has 15 seconds left.\n|\n|t:|1721665047\n|switch|p1b: Whimsicott|Whimsicott, L50, F|100\/100\n|move|p2a: Whimsicott|Tailwind|p2a: Whimsicott\n|-sidestart|p2: BrodaxVGC|move: Tailwind\n|move|p2b: Miraidon|Volt Switch|p1b: Whimsicott\n|-resisted|p1b: Whimsicott\n|-damage|p1b: Whimsicott|45\/100\n|\n|t:|1721665057\n|switch|p2b: Chi-Yu|Chi-Yu, L50|100\/100|[from] Volt Switch\n|-ability|p2b: Chi-Yu|Beads of Ruin\n|move|p1a: Grafaiai|Taunt|p2a: Whimsicott\n|-start|p2a: Whimsicott|move: Taunt\n|\n|upkeep\n|turn|2\n|\n|t:|1721665069\n|move|p1b: Whimsicott|Tailwind|p1b: Whimsicott\n|-sidestart|p1: imaborat|move: Tailwind\n|move|p1a: Grafaiai|Acid Spray|p2b: Chi-Yu\n|-damage|p2b: Chi-Yu|89\/100\n|-unboost|p2b: Chi-Yu|spd|2\n|move|p2a: Whimsicott|Moonblast|p1a: Grafaiai\n|-resisted|p1a: Grafaiai\n|-damage|p1a: Grafaiai|78\/100\n|move|p2b: Chi-Yu|Heat Wave|p1b: Whimsicott|[spread] p1a,p1b\n|-supereffective|p1b: Whimsicott\n|-crit|p1b: Whimsicott\n|-damage|p1a: Grafaiai|13\/100\n|-damage|p1b: Whimsicott|0 fnt\n|faint|p1b: Whimsicott\n|-damage|p2b: Chi-Yu|79\/100|[from] item: Life Orb\n|\n|upkeep\n|\n|t:|1721665085\n|switch|p1b: Calyrex|Calyrex-Shadow, L50|100\/100\n|-ability|p1b: Calyrex|As One\n|-ability|p1b: Calyrex|Unnerve\n|turn|3\n|\n|t:|1721665104\n|-terastallize|p1b: Calyrex|Water\n|move|p2b: Chi-Yu|Protect|p2b: Chi-Yu\n|-singleturn|p2b: Chi-Yu|Protect\n|move|p1a: Grafaiai|Acid Spray|p2a: Whimsicott\n|-supereffective|p2a: Whimsicott\n|-enditem|p2a: Whimsicott|Focus Sash\n|-damage|p2a: Whimsicott|1\/100\n|-unboost|p2a: Whimsicott|spd|2\n|move|p1b: Calyrex|Tera Blast|p2b: Chi-Yu|[anim] Tera Blast Water\n|-activate|p2b: Chi-Yu|move: Protect\n|move|p2a: Whimsicott|Moonblast|p1a: Grafaiai\n|-resisted|p1a: Grafaiai\n|-damage|p1a: Grafaiai|0 fnt\n|faint|p1a: Grafaiai\n|\n|upkeep\n|\n|t:|1721665118\n|switch|p1a: Indeedee|Indeedee, L50, M|100\/100\n|-fieldstart|move: Psychic Terrain|[from] ability: Psychic Surge|[of] p1a: Indeedee\n|turn|4\n|\n|t:|1721665142\n|switch|p2a: Ogerpon|Ogerpon-Wellspring, L50, F|100\/100\n|move|p2b: Chi-Yu|Protect||[still]\n|-fail|p2b: Chi-Yu\n|move|p1a: Indeedee|Hyper Voice|p2b: Chi-Yu|[spread] p2a,p2b\n|-damage|p2a: Ogerpon|60\/100\n|-damage|p2b: Chi-Yu|21\/100\n|move|p1b: Calyrex|Astral Barrage|p2a: Ogerpon|[spread] p2a,p2b\n|-resisted|p2b: Chi-Yu\n|-damage|p2a: Ogerpon|0 fnt\n|-damage|p2b: Chi-Yu|0 fnt\n|faint|p2a: Ogerpon\n|faint|p2b: Chi-Yu\n|-ability|p1b: Calyrex|Grim Neigh|boost\n|-boost|p1b: Calyrex|spa|2\n|-damage|p1b: Calyrex|91\/100|[from] item: Life Orb\n|\n|-sideend|p2: BrodaxVGC|move: Tailwind\n|upkeep\n|\n|t:|1721665153\n|switch|p2a: Whimsicott|Whimsicott, L50, F|1\/100\n|switch|p2b: Miraidon|Miraidon, L50|100\/100\n|-fieldstart|move: Electric Terrain|[from] ability: Hadron Engine|[of] p2b: Miraidon\n|turn|5\n|\n|t:|1721665166\n|-terastallize|p2b: Miraidon|Electric\n|move|p2a: Whimsicott|Tailwind|p2a: Whimsicott\n|-sidestart|p2: BrodaxVGC|move: Tailwind\n|move|p1a: Indeedee|Hyper Voice|p2b: Miraidon|[spread] p2a,p2b\n|-damage|p2a: Whimsicott|0 fnt\n|-damage|p2b: Miraidon|75\/100\n|faint|p2a: Whimsicott\n|move|p1b: Calyrex|Astral Barrage|p2b: Miraidon\n|-damage|p2b: Miraidon|0 fnt\n|faint|p2b: Miraidon\n|-damage|p1b: Calyrex|81\/100|[from] item: Life Orb\n|\n|win|imaborat\n|raw|imaborat's rating: 1658 &rarr; <strong>1684<\/strong><br \/>(+26 for winning)\n|raw|BrodaxVGC's rating: 1771 &rarr; <strong>1745<\/strong><br \/>(-26 for losing)\n|l|\u2606BrodaxVGC\n|player|p2|\n|l|\u2606imaborat\n|player|p1|\n","uploadtime":1721665320,"views":36,"formatid":"gen9vgc2024regg","rating":1684,"private":0,"password":null}