{"id":"gen9vgc2024regg-2165370037","format":"[Gen 9] VGC 2024 Reg G","players":["Billy_HMD","Cellpab1"],"log":"|j|\u2606Billy_HMD\n|j|\u2606Cellpab1\n|t:|1721657004\n|gametype|doubles\n|player|p1|Billy_HMD|dawn|1727\n|player|p2|Cellpab1|266|1697\n|teamsize|p1|6\n|teamsize|p2|6\n|gen|9\n|tier|[Gen 9] VGC 2024 Reg G\n|rated|\n|rule|Species Clause: Limit one of each Pok\u00e9mon\n|rule|Item Clause: Limit one of each item\n|clearpoke\n|poke|p1|Zamazenta-*, L50|\n|poke|p1|Volcarona, L50, M|\n|poke|p1|Grimmsnarl, L50, M|\n|poke|p1|Landorus-Therian, L50, M|\n|poke|p1|Rillaboom, L50, M|\n|poke|p1|Raging Bolt, L50|\n|poke|p2|Entei, L50|\n|poke|p2|Flutter Mane, L50|\n|poke|p2|Landorus, L50, M|\n|poke|p2|Calyrex-Ice, L50|\n|poke|p2|Ogerpon-Cornerstone, L50, F|\n|poke|p2|Raging Bolt, L50|\n|teampreview|4\n|inactive|Battle timer is ON: inactive players will automatically lose when time's up. (requested by Billy_HMD)\n|inactive|Billy_HMD has 60 seconds left.\n|inactive|Cellpab1 has 60 seconds left.\n|inactive|Cellpab1 has 30 seconds left.\n|\n|t:|1721657076\n|start\n|switch|p1a: Landorus|Landorus-Therian, L50, M|100\/100\n|switch|p1b: Grimmsnarl|Grimmsnarl, L50, M|100\/100\n|switch|p2a: Entei|Entei, L50|100\/100\n|switch|p2b: Calyrex|Calyrex-Ice, L50|100\/100\n|-ability|p2b: Calyrex|As One\n|-ability|p2b: Calyrex|Unnerve\n|-ability|p1a: Landorus|Intimidate|boost\n|-fail|p2a: Entei|unboost|Attack|[from] ability: Inner Focus|[of] p2a: Entei\n|-fail|p2b: Calyrex|unboost|[from] item: Clear Amulet|[of] p2b: Calyrex\n|turn|1\n|inactive|Billy_HMD has 30 seconds left.\n|inactive|Cellpab1 has 30 seconds left.\n|j| THUNDERSND77\n|inactive|Cellpab1 has 20 seconds left.\n|inactive|Cellpab1 has 15 seconds left.\n|\n|t:|1721657119\n|move|p1b: Grimmsnarl|Reflect|p1b: Grimmsnarl\n|-sidestart|p1: Billy_HMD|Reflect\n|move|p1a: Landorus|U-turn|p2b: Calyrex\n|-supereffective|p2b: Calyrex\n|-damage|p2b: Calyrex|68\/100\n|\n|t:|1721657124\n|switch|p1a: Volcarona|Volcarona, L50, M|100\/100|[from] U-turn\n|move|p2a: Entei|Sacred Fire|p1b: Grimmsnarl\n|-damage|p1b: Grimmsnarl|50\/100\n|-status|p1b: Grimmsnarl|brn\n|move|p2b: Calyrex|Glacial Lance|p1b: Grimmsnarl|[spread] p1a,p1b\n|-resisted|p1a: Volcarona\n|-damage|p1a: Volcarona|81\/100\n|-damage|p1b: Grimmsnarl|10\/100 brn\n|\n|-heal|p1a: Volcarona|87\/100|[from] item: Leftovers\n|-damage|p1b: Grimmsnarl|4\/100 brn|[from] brn\n|upkeep\n|turn|2\n|inactive|Billy_HMD has 30 seconds left.\n|inactive|Cellpab1 has 30 seconds left.\n|inactive|Billy_HMD has 20 seconds left.\n|inactive|Cellpab1 has 20 seconds left.\n|inactive|Billy_HMD has 15 seconds left.\n|inactive|Cellpab1 has 15 seconds left.\n|inactive|Billy_HMD has 10 seconds left.\n|inactive|Cellpab1 has 10 seconds left.\n|\n|t:|1721657174\n|-terastallize|p1a: Volcarona|Water\n|move|p1b: Grimmsnarl|Light Screen|p1b: Grimmsnarl\n|-sidestart|p1: Billy_HMD|move: Light Screen\n|move|p2a: Entei|Sacred Fire|p1a: Volcarona\n|-resisted|p1a: Volcarona\n|-damage|p1a: Volcarona|60\/100\n|-status|p1a: Volcarona|brn\n|move|p1a: Volcarona|Quiver Dance|p1a: Volcarona\n|-boost|p1a: Volcarona|spa|1\n|-boost|p1a: Volcarona|spd|1\n|-boost|p1a: Volcarona|spe|1\n|move|p2b: Calyrex|Trick Room|p2b: Calyrex\n|-fieldstart|move: Trick Room|[of] p2b: Calyrex\n|\n|-heal|p1a: Volcarona|66\/100 brn|[from] item: Leftovers\n|-damage|p1b: Grimmsnarl|0 fnt|[from] brn\n|faint|p1b: Grimmsnarl\n|-damage|p1a: Volcarona|60\/100 brn|[from] brn\n|upkeep\n|\n|t:|1721657193\n|switch|p1b: Zamazenta|Zamazenta-Crowned, L50|100\/100\n|-ability|p1b: Zamazenta|Dauntless Shield|boost\n|-boost|p1b: Zamazenta|def|1\n|turn|3\n|inactive|Cellpab1 has 30 seconds left.\n|inactive|Cellpab1 has 20 seconds left.\n|inactive|Cellpab1 has 15 seconds left.\n|\n|t:|1721657234\n|move|p2b: Calyrex|High Horsepower|p1a: Volcarona\n|-damage|p1a: Volcarona|33\/100 brn\n|move|p2a: Entei|Sacred Fire|p1b: Zamazenta\n|-supereffective|p1b: Zamazenta\n|-damage|p1b: Zamazenta|62\/100\n|-status|p1b: Zamazenta|brn\n|move|p1b: Zamazenta|Body Press|p2a: Entei\n|-damage|p2a: Entei|67\/100\n|move|p1a: Volcarona|Heat Wave|p2a: Entei|[spread] p2b\n|-miss|p1a: Volcarona|p2a: Entei\n|-supereffective|p2b: Calyrex\n|-damage|p2b: Calyrex|0 fnt\n|faint|p2b: Calyrex\n|\n|-heal|p1a: Volcarona|40\/100 brn|[from] item: Leftovers\n|-damage|p1b: Zamazenta|56\/100 brn|[from] brn\n|-damage|p1a: Volcarona|33\/100 brn|[from] brn\n|upkeep\n|\n|t:|1721657255\n|switch|p2b: Raging Bolt|Raging Bolt, L50|100\/100\n|turn|4\n|\n|t:|1721657275\n|move|p1a: Volcarona|Protect|p1a: Volcarona\n|-singleturn|p1a: Volcarona|Protect\n|move|p2b: Raging Bolt|Volt Switch|p1a: Volcarona\n|-activate|p1a: Volcarona|move: Protect\n|move|p2a: Entei|Sacred Fire|p1b: Zamazenta\n|-supereffective|p1b: Zamazenta\n|-damage|p1b: Zamazenta|20\/100 brn\n|move|p1b: Zamazenta|Body Press|p2a: Entei\n|-damage|p2a: Entei|34\/100\n|\n|-heal|p1a: Volcarona|40\/100 brn|[from] item: Leftovers\n|-damage|p1b: Zamazenta|14\/100 brn|[from] brn\n|-damage|p1a: Volcarona|33\/100 brn|[from] brn\n|upkeep\n|turn|5\n|inactive|Cellpab1 has 30 seconds left.\n|inactive|Cellpab1 has 20 seconds left.\n|inactive|Cellpab1 has 15 seconds left.\n|inactive|Cellpab1 has 10 seconds left.\n|inactive|Cellpab1 has 5 seconds left.\n|\n|t:|1721657326\n|switch|p2a: Landorus|Landorus, L50, M|100\/100\n|move|p2b: Raging Bolt|Volt Switch|p1a: Volcarona\n|-supereffective|p1a: Volcarona\n|-damage|p1a: Volcarona|4\/100 brn\n|\n|t:|1721657332\n|-end|p2b: Raging Bolt|Protosynthesis|[silent]\n|switch|p2b: Entei|Entei, L50|34\/100|[from] Volt Switch\n|move|p1b: Zamazenta|Body Press|p2a: Landorus\n|-resisted|p2a: Landorus\n|-damage|p2a: Landorus|84\/100\n|move|p1a: Volcarona|Heat Wave|p2b: Entei|[spread] p2a,p2b\n|-resisted|p2b: Entei\n|-damage|p2a: Landorus|21\/100\n|-damage|p2b: Entei|5\/100\n|-status|p2a: Landorus|brn\n|\n|-heal|p1a: Volcarona|10\/100 brn|[from] item: Leftovers\n|-damage|p2a: Landorus|15\/100 brn|[from] brn\n|-damage|p1b: Zamazenta|8\/100 brn|[from] brn\n|-damage|p1a: Volcarona|4\/100 brn|[from] brn\n|upkeep\n|turn|6\n|inactive|Billy_HMD has 30 seconds left.\n|inactive|Cellpab1 has 30 seconds left.\n|inactive|Billy_HMD has 20 seconds left.\n|inactive|Cellpab1 has 20 seconds left.\n|inactive|Billy_HMD has 15 seconds left.\n|inactive|Cellpab1 has 15 seconds left.\n|inactive|Cellpab1 has 10 seconds left.\n|inactive|Cellpab1 has 5 seconds left.\n|\n|t:|1721657384\n|move|p1a: Volcarona|Protect|p1a: Volcarona\n|-singleturn|p1a: Volcarona|Protect\n|move|p2b: Entei|Sacred Fire|p1a: Volcarona\n|-activate|p1a: Volcarona|move: Protect\n|move|p2a: Landorus|Earth Power|p1b: Zamazenta\n|-supereffective|p1b: Zamazenta\n|-damage|p1b: Zamazenta|0 fnt\n|faint|p1b: Zamazenta\n|\n|-heal|p1a: Volcarona|10\/100 brn|[from] item: Leftovers\n|-damage|p2a: Landorus|9\/100 brn|[from] brn\n|-damage|p1a: Volcarona|4\/100 brn|[from] brn\n|-fieldend|move: Trick Room\n|upkeep\n|\n|t:|1721657394\n|switch|p1b: Landorus|Landorus-Therian, L50, M|100\/100\n|-ability|p1b: Landorus|Intimidate|boost\n|-unboost|p2a: Landorus|atk|1\n|-fail|p2b: Entei|unboost|Attack|[from] ability: Inner Focus|[of] p2b: Entei\n|turn|7\n|inactive|Billy_HMD has 30 seconds left.\n|inactive|Billy_HMD has 20 seconds left.\n|inactive|Billy_HMD has 15 seconds left.\n|\n|t:|1721657441\n|move|p1a: Volcarona|Protect||[still]\n|-fail|p1a: Volcarona\n|move|p2a: Landorus|Protect|p2a: Landorus\n|-singleturn|p2a: Landorus|Protect\n|move|p1b: Landorus|Rock Slide|p2b: Entei|[spread] p2b\n|-activate|p2a: Landorus|move: Protect\n|-supereffective|p2b: Entei\n|-damage|p2b: Entei|0 fnt\n|faint|p2b: Entei\n|\n|-heal|p1a: Volcarona|10\/100 brn|[from] item: Leftovers\n|-damage|p1a: Volcarona|4\/100 brn|[from] brn\n|-damage|p2a: Landorus|3\/100 brn|[from] brn\n|upkeep\n|\n|t:|1721657444\n|switch|p2b: Raging Bolt|Raging Bolt, L50|100\/100\n|turn|8\n|inactive|Billy_HMD has 30 seconds left.\n|inactive|Cellpab1 has 30 seconds left.\n|inactive|Billy_HMD has 20 seconds left.\n|inactive|Billy_HMD has 15 seconds left.\n|\n|t:|1721657486\n|move|p1b: Landorus|Rock Slide|p2b: Raging Bolt|[spread] p2a,p2b\n|-damage|p2a: Landorus|0 fnt\n|-damage|p2b: Raging Bolt|84\/100\n|faint|p2a: Landorus\n|move|p1a: Volcarona|Bug Buzz|p2b: Raging Bolt\n|-damage|p2b: Raging Bolt|45\/100\n|move|p2b: Raging Bolt|Volt Switch|p1a: Volcarona\n|-supereffective|p1a: Volcarona\n|-damage|p1a: Volcarona|0 fnt\n|faint|p1a: Volcarona\n|\n|-sideend|p1: Billy_HMD|Reflect\n|upkeep\n|turn|9\n|\n|t:|1721657504\n|move|p1b: Landorus|Rock Slide|p2b: Raging Bolt\n|-damage|p2b: Raging Bolt|25\/100\n|cant|p2b: Raging Bolt|flinch\n|\n|-sideend|p1: Billy_HMD|move: Light Screen\n|upkeep\n|turn|10\n|\n|t:|1721657512\n|move|p1b: Landorus|Rock Slide|p2b: Raging Bolt|[miss]\n|-miss|p1b: Landorus|p2b: Raging Bolt\n|move|p2b: Raging Bolt|Draco Meteor|p1b: Landorus\n|-crit|p1b: Landorus\n|-damage|p1b: Landorus|0 fnt\n|-unboost|p2b: Raging Bolt|spa|2\n|faint|p1b: Landorus\n|\n|win|Cellpab1\n|raw|Billy_HMD's rating: 1727 &rarr; <strong>1705<\/strong><br \/>(-22 for losing)\n|raw|Cellpab1's rating: 1697 &rarr; <strong>1719<\/strong><br \/>(+22 for winning)\n|l|\u2606Billy_HMD\n|player|p1|\n|l|\u2606Cellpab1\n|player|p2|\n|l| THUNDERSND77\n","uploadtime":1721657704,"views":19,"formatid":"gen9vgc2024regg","rating":1705,"private":0,"password":null}