{"id":"gen9vgc2024regg-2165868656","format":"[Gen 9] VGC 2024 Reg G","players":["RandomDuVGCFR","shulivgc"],"log":"|j|\u2606RandomDuVGCFR\n|j|\u2606shulivgc\n|t:|1721725257\n|gametype|doubles\n|player|p1|RandomDuVGCFR|266|1741\n|player|p2|shulivgc|#smogonxnpa2024draftee2|1847\n|teamsize|p1|6\n|teamsize|p2|6\n|gen|9\n|tier|[Gen 9] VGC 2024 Reg G\n|rated|\n|rule|Species Clause: Limit one of each Pok\u00e9mon\n|rule|Item Clause: Limit one of each item\n|clearpoke\n|poke|p1|Kyogre, L50|\n|poke|p1|Rillaboom, L50, F|\n|poke|p1|Incineroar, L50, M|\n|poke|p1|Grimmsnarl, L50, M|\n|poke|p1|Iron Jugulis, L50|\n|poke|p1|Urshifu-*, L50, M|\n|poke|p2|Calyrex-Ice, L50|\n|poke|p2|Annihilape, L50, F|\n|poke|p2|Smeargle, L50, M|\n|poke|p2|Ursaluna-Bloodmoon, L50, M|\n|poke|p2|Urshifu-*, L50, F|\n|poke|p2|Ogerpon-Wellspring, L50, F|\n|teampreview|4\n|l|\u2606RandomDuVGCFR\n|player|p1|\n|j|\u2606RandomDuVGCFR\n|player|p1|RandomDuVGCFR|266|\n|j| DarkZPichuZ\n|j| BlindMagneton\n|\n|t:|1721725302\n|start\n|switch|p1a: Urshifu|Urshifu-Rapid-Strike, L50, M|100\/100\n|switch|p1b: Kyogre|Kyogre, L50|100\/100\n|switch|p2a: Calyrex|Calyrex-Ice, L50|100\/100\n|switch|p2b: Ogerpon|Ogerpon-Wellspring, L50, F|100\/100\n|-ability|p2a: Calyrex|As One\n|-ability|p2a: Calyrex|Unnerve\n|-weather|RainDance|[from] ability: Drizzle|[of] p1b: Kyogre\n|turn|1\n|j| bluestraggler03\n|\n|t:|1721725313\n|move|p1a: Urshifu|U-turn|p2b: Ogerpon\n|-supereffective|p2b: Ogerpon\n|-damage|p2b: Ogerpon|46\/100\n|\n|t:|1721725316\n|switch|p1a: Incineroar|Incineroar, L50, M|100\/100|[from] U-turn\n|-ability|p1a: Incineroar|Intimidate|boost\n|-unboost|p2a: Calyrex|atk|1\n|-unboost|p2b: Ogerpon|atk|1\n|move|p2b: Ogerpon|Ivy Cudgel|p1a: Incineroar|[anim] Ivy Cudgel Water\n|-supereffective|p1a: Incineroar\n|-damage|p1a: Incineroar|3\/100\n|move|p1b: Kyogre|Calm Mind|p1b: Kyogre\n|-boost|p1b: Kyogre|spa|1\n|-boost|p1b: Kyogre|spd|1\n|move|p2a: Calyrex|Glacial Lance|p1a: Incineroar|[spread] p1a,p1b\n|-resisted|p1a: Incineroar\n|-resisted|p1b: Kyogre\n|-damage|p1a: Incineroar|0 fnt\n|-damage|p1b: Kyogre|83\/100\n|faint|p1a: Incineroar\n|-ability|p2a: Calyrex|Chilling Neigh|boost\n|-boost|p2a: Calyrex|atk|1\n|\n|-weather|RainDance|[upkeep]\n|-heal|p1b: Kyogre|90\/100|[from] item: Leftovers\n|upkeep\n|\n|t:|1721725329\n|switch|p1a: Grimmsnarl|Grimmsnarl, L50, M|100\/100\n|turn|2\n|\n|t:|1721725335\n|move|p1a: Grimmsnarl|Reflect|p1a: Grimmsnarl\n|-sidestart|p1: RandomDuVGCFR|Reflect\n|move|p2b: Ogerpon|Encore|p1b: Kyogre\n|-start|p1b: Kyogre|Encore\n|move|p1b: Kyogre|Calm Mind|p1b: Kyogre\n|-boost|p1b: Kyogre|spa|1\n|-boost|p1b: Kyogre|spd|1\n|move|p2a: Calyrex|Glacial Lance|p1a: Grimmsnarl|[spread] p1a,p1b\n|-resisted|p1b: Kyogre\n|-damage|p1a: Grimmsnarl|58\/100\n|-damage|p1b: Kyogre|74\/100\n|\n|-weather|RainDance|[upkeep]\n|-heal|p1b: Kyogre|80\/100|[from] item: Leftovers\n|upkeep\n|turn|3\n|\n|t:|1721725349\n|switch|p2b: Urshifu|Urshifu, L50, F|100\/100\n|move|p1a: Grimmsnarl|Parting Shot|p2a: Calyrex\n|-unboost|p2a: Calyrex|atk|1\n|-unboost|p2a: Calyrex|spa|1\n|\n|t:|1721725354\n|switch|p1a: Urshifu|Urshifu-Rapid-Strike, L50, M|100\/100|[from] Parting Shot\n|move|p1b: Kyogre|Calm Mind|p1b: Kyogre\n|-boost|p1b: Kyogre|spa|1\n|-boost|p1b: Kyogre|spd|1\n|move|p2a: Calyrex|Trick Room|p2a: Calyrex\n|-fieldstart|move: Trick Room|[of] p2a: Calyrex\n|\n|-weather|RainDance|[upkeep]\n|-heal|p1b: Kyogre|86\/100|[from] item: Leftovers\n|upkeep\n|turn|4\n|j| Auryz\n|\n|t:|1721725371\n|move|p2a: Calyrex|Glacial Lance|p1a: Urshifu|[spread] p1a,p1b\n|-resisted|p1a: Urshifu\n|-resisted|p1b: Kyogre\n|-damage|p1a: Urshifu|88\/100\n|-damage|p1b: Kyogre|75\/100\n|move|p2b: Urshifu|Wicked Blow|p1b: Kyogre\n|-crit|p1b: Kyogre\n|-damage|p1b: Kyogre|0 fnt\n|faint|p1b: Kyogre\n|move|p1a: Urshifu|Surging Strikes|p2b: Urshifu\n|-crit|p2b: Urshifu\n|-damage|p2b: Urshifu|73\/100\n|-crit|p2b: Urshifu\n|-damage|p2b: Urshifu|45\/100\n|-crit|p2b: Urshifu\n|-damage|p2b: Urshifu|13\/100\n|-hitcount|p2b: Urshifu|3\n|\n|-weather|RainDance|[upkeep]\n|upkeep\n|\n|t:|1721725384\n|switch|p1b: Grimmsnarl|Grimmsnarl, L50, M|58\/100\n|turn|5\n|-message|RandomDuVGCFR forfeited.\n|\n|win|shulivgc\n|raw|RandomDuVGCFR's rating: 1741 &rarr; <strong>1727<\/strong><br \/>(-14 for losing)\n|raw|shulivgc's rating: 1847 &rarr; <strong>1861<\/strong><br \/>(+14 for winning)\n|l|\u2606RandomDuVGCFR\n|player|p1|\n|l| DarkZPichuZ\n|l|\u2606shulivgc\n|player|p2|\n|j|\u2606shulivgc\n|player|p2|shulivgc|#smogonxnpa2024draftee2|\n|l|\u2606shulivgc\n|player|p2|\n|l| bluestraggler03\n|l| BlindMagneton\n|l| Auryz\n","uploadtime":1721725392,"views":92,"formatid":"gen9vgc2024regg","rating":1727,"private":0,"password":null}