{"id":"gen9vgc2024regg-2165681633","format":"[Gen 9] VGC 2024 Reg G","players":["Wacko789","GuevaraGaming2"],"log":"|j|\u2606Wacko789\n|j|\u2606GuevaraGaming2\n|t:|1721694068\n|gametype|doubles\n|player|p1|Wacko789|flannery|1719\n|player|p2|GuevaraGaming2|hilbert-wonderlauncher|1758\n|teamsize|p1|6\n|teamsize|p2|6\n|gen|9\n|tier|[Gen 9] VGC 2024 Reg G\n|rated|\n|rule|Species Clause: Limit one of each Pok\u00e9mon\n|rule|Item Clause: Limit one of each item\n|clearpoke\n|poke|p1|Kyogre, L50|\n|poke|p1|Whimsicott, L50, F|\n|poke|p1|Iron Bundle, L50|\n|poke|p1|Entei, L50|\n|poke|p1|Kingambit, L50, F|\n|poke|p1|Amoonguss, L50, F|\n|poke|p2|Zamazenta-*, L50|\n|poke|p2|Chien-Pao, L50|\n|poke|p2|Rillaboom, L50, M|\n|poke|p2|Pelipper, L50, F|\n|poke|p2|Farigiraf, L50, F|\n|poke|p2|Urshifu-*, L50, M|\n|teampreview|4\n|inactive|Battle timer is ON: inactive players will automatically lose when time's up. (requested by Wacko789)\n|inactive|Wacko789 has 60 seconds left.\n|\n|t:|1721694109\n|start\n|switch|p1a: Iron Bundle|Iron Bundle, L50|100\/100\n|switch|p1b: Entei|Entei, L50|100\/100\n|switch|p2a: Rillaboom|Rillaboom, L50, M|100\/100\n|switch|p2b: Pelipper|Pelipper, L50, F|100\/100\n|-fieldstart|move: Grassy Terrain|[from] ability: Grassy Surge|[of] p2a: Rillaboom\n|-weather|RainDance|[from] ability: Drizzle|[of] p2b: Pelipper\n|-enditem|p1a: Iron Bundle|Booster Energy\n|-activate|p1a: Iron Bundle|ability: Quark Drive|[fromitem]\n|-start|p1a: Iron Bundle|quarkdrivespe\n|turn|1\n|inactive|Wacko789 has 30 seconds left.\n|\n|t:|1721694134\n|-terastallize|p1a: Iron Bundle|Ghost\n|move|p2a: Rillaboom|Fake Out|p1a: Iron Bundle\n|-immune|p1a: Iron Bundle\n|move|p1a: Iron Bundle|Taunt|p2b: Pelipper\n|-start|p2b: Pelipper|move: Taunt\n|move|p1b: Entei|Sacred Fire|p2a: Rillaboom\n|-supereffective|p2a: Rillaboom\n|-damage|p2a: Rillaboom|27\/100\n|cant|p2b: Pelipper|move: Taunt|Tailwind\n|\n|-weather|RainDance|[upkeep]\n|-heal|p2a: Rillaboom|33\/100|[from] Grassy Terrain\n|upkeep\n|turn|2\n|inactive|GuevaraGaming2 has 30 seconds left.\n|\n|t:|1721694163\n|move|p1a: Iron Bundle|Icy Wind|p2b: Pelipper|[spread] p2a,p2b\n|-supereffective|p2a: Rillaboom\n|-damage|p2a: Rillaboom|5\/100\n|-damage|p2b: Pelipper|71\/100\n|-unboost|p2a: Rillaboom|spe|1\n|-unboost|p2b: Pelipper|spe|1\n|move|p1b: Entei|Sacred Fire|p2b: Pelipper\n|-resisted|p2b: Pelipper\n|-damage|p2b: Pelipper|50\/100\n|move|p2a: Rillaboom|U-turn|p1a: Iron Bundle\n|-resisted|p1a: Iron Bundle\n|-damage|p1a: Iron Bundle|84\/100\n|\n|t:|1721694167\n|switch|p2a: Chien-Pao|Chien-Pao, L50|100\/100|[from] U-turn\n|-ability|p2a: Chien-Pao|Sword of Ruin\n|move|p2b: Pelipper|Weather Ball|p1b: Entei\n|-supereffective|p1b: Entei\n|-damage|p1b: Entei|0 fnt\n|faint|p1b: Entei\n|\n|-weather|RainDance|[upkeep]\n|-heal|p1a: Iron Bundle|91\/100|[from] Grassy Terrain\n|upkeep\n|\n|t:|1721694184\n|switch|p1b: Kyogre|Kyogre, L50|100\/100\n|turn|3\n|\n|t:|1721694206\n|move|p1a: Iron Bundle|Protect|p1a: Iron Bundle\n|-singleturn|p1a: Iron Bundle|Protect\n|move|p2a: Chien-Pao|Protect|p2a: Chien-Pao\n|-singleturn|p2a: Chien-Pao|Protect\n|move|p1b: Kyogre|Water Spout|p2a: Chien-Pao|[spread] p2b\n|-activate|p2a: Chien-Pao|move: Protect\n|-resisted|p2b: Pelipper\n|-damage|p2b: Pelipper|0 fnt\n|faint|p2b: Pelipper\n|\n|-weather|RainDance|[upkeep]\n|-heal|p1a: Iron Bundle|97\/100|[from] Grassy Terrain\n|upkeep\n|\n|t:|1721694214\n|switch|p2b: Rillaboom|Rillaboom, L50, M|5\/100\n|turn|4\n|\n|t:|1721694235\n|-end|p1a: Iron Bundle|Quark Drive|[silent]\n|switch|p1a: Amoonguss|Amoonguss, L50, F|100\/100\n|move|p1b: Kyogre|Protect|p1b: Kyogre\n|-singleturn|p1b: Kyogre|Protect\n|move|p2a: Chien-Pao|Sucker Punch||[still]\n|-fail|p2a: Chien-Pao\n|move|p2b: Rillaboom|Grassy Glide|p1b: Kyogre\n|-activate|p1b: Kyogre|move: Protect\n|\n|-weather|RainDance|[upkeep]\n|-heal|p2b: Rillaboom|11\/100|[from] Grassy Terrain\n|upkeep\n|turn|5\n|\n|t:|1721694253\n|switch|p1b: Iron Bundle|Iron Bundle, L50, tera:Ghost|97\/100\n|move|p2b: Rillaboom|Grassy Glide|p1b: Iron Bundle\n|-damage|p1b: Iron Bundle|36\/100\n|move|p2a: Chien-Pao|Icicle Crash|p1a: Amoonguss\n|-supereffective|p1a: Amoonguss\n|-damage|p1a: Amoonguss|21\/100\n|cant|p1a: Amoonguss|flinch\n|\n|-weather|none\n|-heal|p1b: Iron Bundle|42\/100|[from] Grassy Terrain\n|-heal|p2b: Rillaboom|17\/100|[from] Grassy Terrain\n|-heal|p1a: Amoonguss|27\/100|[from] Grassy Terrain\n|-fieldend|move: Grassy Terrain\n|upkeep\n|turn|6\n|inactive|Wacko789 has 30 seconds left.\n|inactive|GuevaraGaming2 has 30 seconds left.\n|inactive|GuevaraGaming2 has 20 seconds left.\n|inactive|GuevaraGaming2 has 15 seconds left.\n|inactive|GuevaraGaming2 has 10 seconds left.\n|\n|t:|1721694300\n|switch|p2b: Zamazenta|Zamazenta-Crowned, L50|100\/100\n|-ability|p2b: Zamazenta|Dauntless Shield|boost\n|-boost|p2b: Zamazenta|def|1\n|move|p1a: Amoonguss|Rage Powder|p1a: Amoonguss\n|-singleturn|p1a: Amoonguss|move: Rage Powder\n|move|p1b: Iron Bundle|Icy Wind|p2a: Chien-Pao|[spread] p2a,p2b\n|-resisted|p2a: Chien-Pao\n|-resisted|p2b: Zamazenta\n|-damage|p2a: Chien-Pao|83\/100\n|-damage|p2b: Zamazenta|92\/100\n|-unboost|p2a: Chien-Pao|spe|1\n|-unboost|p2b: Zamazenta|spe|1\n|move|p2a: Chien-Pao|Throat Chop|p1a: Amoonguss\n|-damage|p1a: Amoonguss|0 fnt\n|-damage|p2a: Chien-Pao|67\/100|[from] item: Rocky Helmet|[of] p1a: Amoonguss\n|faint|p1a: Amoonguss\n|\n|upkeep\n|\n|t:|1721694317\n|switch|p1a: Kyogre|Kyogre, L50|100\/100\n|-weather|RainDance|[from] ability: Drizzle|[of] p1a: Kyogre\n|turn|7\n|\n|t:|1721694328\n|move|p2a: Chien-Pao|Protect|p2a: Chien-Pao\n|-singleturn|p2a: Chien-Pao|Protect\n|move|p2b: Zamazenta|Protect|p2b: Zamazenta\n|-singleturn|p2b: Zamazenta|Protect\n|move|p1b: Iron Bundle|Taunt|p2b: Zamazenta\n|-activate|p2b: Zamazenta|move: Protect\n|move|p1a: Kyogre|Origin Pulse|p2a: Chien-Pao|[spread] \n|-activate|p2a: Chien-Pao|move: Protect\n|-activate|p2b: Zamazenta|move: Protect\n|\n|-weather|RainDance|[upkeep]\n|upkeep\n|turn|8\n|\n|t:|1721694340\n|-terastallize|p2b: Zamazenta|Grass\n|move|p2a: Chien-Pao|Sucker Punch||[still]\n|-fail|p2a: Chien-Pao\n|move|p1b: Iron Bundle|Taunt|p2b: Zamazenta\n|-start|p2b: Zamazenta|move: Taunt\n|move|p2b: Zamazenta|Body Press|p1a: Kyogre\n|-damage|p1a: Kyogre|16\/100\n|move|p1a: Kyogre|Water Spout|p2b: Zamazenta|[spread] p2a,p2b\n|-resisted|p2b: Zamazenta\n|-damage|p2a: Chien-Pao|31\/100\n|-damage|p2b: Zamazenta|84\/100\n|\n|-weather|RainDance|[upkeep]\n|upkeep\n|turn|9\n|\n|t:|1721694364\n|move|p2a: Chien-Pao|Protect|p2a: Chien-Pao\n|-singleturn|p2a: Chien-Pao|Protect\n|move|p1a: Kyogre|Protect|p1a: Kyogre\n|-singleturn|p1a: Kyogre|Protect\n|move|p1b: Iron Bundle|Icy Wind|p2b: Zamazenta|[spread] p2b\n|-activate|p2a: Chien-Pao|move: Protect\n|-supereffective|p2b: Zamazenta\n|-damage|p2b: Zamazenta|54\/100\n|-unboost|p2b: Zamazenta|spe|1\n|move|p2b: Zamazenta|Heavy Slam|p1b: Iron Bundle\n|-damage|p1b: Iron Bundle|0 fnt\n|faint|p1b: Iron Bundle\n|-end|p1b: Iron Bundle|Quark Drive|[silent]\n|\n|-weather|RainDance|[upkeep]\n|upkeep\n|turn|10\n|\n|t:|1721694378\n|move|p2a: Chien-Pao|Sucker Punch|p1a: Kyogre\n|-damage|p1a: Kyogre|0 fnt\n|faint|p1a: Kyogre\n|\n|win|GuevaraGaming2\n|raw|Wacko789's rating: 1719 &rarr; <strong>1701<\/strong><br \/>(-18 for losing)\n|raw|GuevaraGaming2's rating: 1758 &rarr; <strong>1776<\/strong><br \/>(+18 for winning)\n|l|\u2606GuevaraGaming2\n|player|p2|\n|l|\u2606Wacko789\n|player|p1|\n","uploadtime":1721694646,"views":8,"formatid":"gen9vgc2024regg","rating":1701,"private":0,"password":null}