{"id":"gen9vgc2024regg-2165819720","format":"[Gen 9] VGC 2024 Reg G","players":["Therazer456","LONGhq"],"log":"|j|\u2606Therazer456\n|j|\u203dLONGhq\n|t:|1721715082\n|gametype|doubles\n|player|p1|Therazer456|ghetsis|1717\n|player|p2|LONGhq|dawn|1729\n|teamsize|p1|6\n|teamsize|p2|6\n|gen|9\n|tier|[Gen 9] VGC 2024 Reg G\n|rated|\n|rule|Species Clause: Limit one of each Pok\u00e9mon\n|rule|Item Clause: Limit one of each item\n|clearpoke\n|poke|p1|Lunala, L50|\n|poke|p1|Landorus-Therian, L50, M|\n|poke|p1|Ogerpon-Wellspring, L50, F|\n|poke|p1|Iron Hands, L50|\n|poke|p1|Farigiraf, L50, M|\n|poke|p1|Iron Jugulis, L50|\n|poke|p2|Dondozo, L50, M|\n|poke|p2|Tatsugiri, L50, F|\n|poke|p2|Miraidon, L50|\n|poke|p2|Whimsicott, L50, M|\n|poke|p2|Iron Hands, L50|\n|poke|p2|Chien-Pao, L50|\n|teampreview|4\n|\n|t:|1721715110\n|start\n|switch|p1a: Tarantula|Lunala, L50|100\/100\n|switch|p1b: Carina|Landorus-Therian, L50, M|100\/100\n|switch|p2a: Tatsugiri|Tatsugiri, L50, F|100\/100\n|switch|p2b: Miraidon|Miraidon, L50|100\/100\n|-fieldstart|move: Electric Terrain|[from] ability: Hadron Engine|[of] p2b: Miraidon\n|-ability|p1b: Carina|Intimidate|boost\n|-unboost|p2a: Tatsugiri|atk|1\n|-unboost|p2b: Miraidon|atk|1\n|turn|1\n|\n|t:|1721715131\n|switch|p1b: Jupiter|Iron Hands, L50|100\/100\n|-activate|p1b: Jupiter|ability: Quark Drive\n|-start|p1b: Jupiter|quarkdriveatk\n|move|p2a: Tatsugiri|Protect|p2a: Tatsugiri\n|-singleturn|p2a: Tatsugiri|Protect\n|move|p1a: Tarantula|Protect|p1a: Tarantula\n|-singleturn|p1a: Tarantula|Protect\n|move|p2b: Miraidon|Volt Switch|p1a: Tarantula\n|-activate|p1a: Tarantula|move: Protect\n|\n|upkeep\n|turn|2\n|\n|t:|1721715165\n|switch|p2b: Dondozo|Dondozo, L50, M|100\/100\n|-activate|p2a: Tatsugiri|ability: Commander|[of] p2b: Dondozo\n|-boost|p2b: Dondozo|atk|2\n|-boost|p2b: Dondozo|spa|2\n|-boost|p2b: Dondozo|spe|2\n|-boost|p2b: Dondozo|def|2\n|-boost|p2b: Dondozo|spd|2\n|move|p1b: Jupiter|Fake Out|p2b: Dondozo\n|-damage|p2b: Dondozo|94\/100\n|move|p1a: Tarantula|Calm Mind|p1a: Tarantula\n|-boost|p1a: Tarantula|spa|1\n|-boost|p1a: Tarantula|spd|1\n|\n|-heal|p2b: Dondozo|100\/100|[from] item: Leftovers\n|upkeep\n|turn|3\n|j| AreS414141\n|\n|t:|1721715187\n|-end|p1b: Jupiter|Quark Drive|[silent]\n|switch|p1b: Carina|Landorus-Therian, L50, M|100\/100\n|-ability|p1b: Carina|Intimidate|boost\n|-unboost|p2a: Tatsugiri|atk|1\n|-unboost|p2b: Dondozo|atk|1\n|-terastallize|p1a: Tarantula|Fairy\n|-terastallize|p2b: Dondozo|Grass\n|move|p1a: Tarantula|Moongeist Beam|p2b: Dondozo\n|-damage|p2b: Dondozo|72\/100\n|move|p2b: Dondozo|Fissure|p1a: Tarantula|[miss]\n|-miss|p2b: Dondozo|p1a: Tarantula\n|\n|-heal|p2b: Dondozo|79\/100|[from] item: Leftovers\n|upkeep\n|turn|4\n|j| THUNDERSND77\n|\n|t:|1721715206\n|switch|p1b: Jupiter|Iron Hands, L50|100\/100\n|-activate|p1b: Jupiter|ability: Quark Drive\n|-start|p1b: Jupiter|quarkdriveatk\n|move|p1a: Tarantula|Protect|p1a: Tarantula\n|-singleturn|p1a: Tarantula|Protect\n|move|p2b: Dondozo|Fissure|p1a: Tarantula\n|-activate|p1a: Tarantula|move: Protect\n|\n|-heal|p2b: Dondozo|85\/100|[from] item: Leftovers\n|upkeep\n|turn|5\n|\n|t:|1721715215\n|move|p2b: Dondozo|Protect|p2b: Dondozo\n|-singleturn|p2b: Dondozo|Protect\n|move|p1b: Jupiter|Fake Out|p2b: Dondozo\n|-activate|p2b: Dondozo|move: Protect\n|move|p1a: Tarantula|Calm Mind|p1a: Tarantula\n|-boost|p1a: Tarantula|spa|1\n|-boost|p1a: Tarantula|spd|1\n|\n|-heal|p2b: Dondozo|91\/100|[from] item: Leftovers\n|-fieldend|move: Electric Terrain\n|-end|p1b: Jupiter|Quark Drive\n|upkeep\n|turn|6\n|\n|t:|1721715231\n|-end|p1b: Jupiter|Quark Drive|[silent]\n|switch|p1b: Carina|Landorus-Therian, L50, M|100\/100\n|-ability|p1b: Carina|Intimidate|boost\n|-unboost|p2a: Tatsugiri|atk|1\n|-unboost|p2b: Dondozo|atk|1\n|move|p1a: Tarantula|Protect|p1a: Tarantula\n|-singleturn|p1a: Tarantula|Protect\n|move|p2b: Dondozo|Fissure|p1a: Tarantula\n|-activate|p1a: Tarantula|move: Protect\n|\n|-heal|p2b: Dondozo|97\/100|[from] item: Leftovers\n|upkeep\n|turn|7\n|\n|t:|1721715248\n|switch|p1a: Robin|Iron Jugulis, L50, shiny|100\/100\n|-enditem|p1a: Robin|Booster Energy\n|-activate|p1a: Robin|ability: Quark Drive|[fromitem]\n|-start|p1a: Robin|quarkdrivespe\n|move|p1b: Carina|U-turn|p2b: Dondozo\n|-supereffective|p2b: Dondozo\n|-damage|p2b: Dondozo|75\/100\n|\n|t:|1721715257\n|switch|p1b: Tarantula|Lunala, L50, tera:Fairy|100\/100|[from] U-turn\n|move|p2b: Dondozo|Fissure|p1a: Robin\n|-immune|p1a: Robin\n|\n|-heal|p2b: Dondozo|81\/100|[from] item: Leftovers\n|upkeep\n|turn|8\n|\n|t:|1721715272\n|move|p1a: Robin|Air Slash|p2b: Dondozo\n|-supereffective|p2b: Dondozo\n|-damage|p2b: Dondozo|57\/100\n|move|p1b: Tarantula|Calm Mind|p1b: Tarantula\n|-boost|p1b: Tarantula|spa|1\n|-boost|p1b: Tarantula|spd|1\n|cant|p2b: Dondozo|flinch\n|\n|-heal|p2b: Dondozo|63\/100|[from] item: Leftovers\n|upkeep\n|turn|9\n|\n|t:|1721715285\n|move|p1b: Tarantula|Protect|p1b: Tarantula\n|-singleturn|p1b: Tarantula|Protect\n|move|p1a: Robin|Air Slash|p2b: Dondozo|[miss]\n|-miss|p1a: Robin|p2b: Dondozo\n|move|p2b: Dondozo|Wave Crash|p1a: Robin\n|-damage|p1a: Robin|55\/100\n|-damage|p2b: Dondozo|51\/100|[from] Recoil\n|\n|-heal|p2b: Dondozo|58\/100|[from] item: Leftovers\n|upkeep\n|turn|10\n|\n|t:|1721715305\n|move|p1a: Robin|Air Slash|p2b: Dondozo\n|-supereffective|p2b: Dondozo\n|-damage|p2b: Dondozo|32\/100\n|move|p1b: Tarantula|Moongeist Beam|p2b: Dondozo\n|-damage|p2b: Dondozo|1\/100\n|move|p2b: Dondozo|Fissure|p1b: Tarantula|[miss]\n|-miss|p2b: Dondozo|p1b: Tarantula\n|\n|-heal|p2b: Dondozo|8\/100|[from] item: Leftovers\n|upkeep\n|turn|11\n|\n|t:|1721715328\n|move|p2b: Dondozo|Protect|p2b: Dondozo\n|-singleturn|p2b: Dondozo|Protect\n|move|p1a: Robin|Air Slash|p2b: Dondozo\n|-activate|p2b: Dondozo|move: Protect\n|move|p1b: Tarantula|Moonblast|p2b: Dondozo\n|-activate|p2b: Dondozo|move: Protect\n|\n|-heal|p2b: Dondozo|14\/100|[from] item: Leftovers\n|upkeep\n|turn|12\n|\n|t:|1721715352\n|move|p1a: Robin|Air Slash|p2b: Dondozo\n|-supereffective|p2b: Dondozo\n|-damage|p2b: Dondozo|0 fnt\n|faint|p2b: Dondozo\n|move|p1b: Tarantula|Moonblast|p2a: Tatsugiri\n|-supereffective|p2a: Tatsugiri\n|-enditem|p2a: Tatsugiri|Focus Sash\n|-damage|p2a: Tatsugiri|1\/100\n|\n|upkeep\n|\n|t:|1721715360\n|switch|p2b: Whimsicott|Whimsicott, L50, M|100\/100\n|turn|13\n|\n|t:|1721715369\n|move|p2b: Whimsicott|Tailwind|p2b: Whimsicott\n|-sidestart|p2: LONGhq|move: Tailwind\n|move|p2a: Tatsugiri|Draco Meteor|p1a: Robin\n|-damage|p1a: Robin|0 fnt\n|-unboost|p2a: Tatsugiri|spa|2\n|faint|p1a: Robin\n|-end|p1a: Robin|Quark Drive|[silent]\n|move|p1b: Tarantula|Moongeist Beam|p2b: Whimsicott\n|-damage|p2b: Whimsicott|1\/100\n|\n|upkeep\n|\n|t:|1721715380\n|switch|p1a: Jupiter|Iron Hands, L50|100\/100\n|turn|14\n|\n|t:|1721715396\n|move|p2a: Tatsugiri|Protect|p2a: Tatsugiri\n|-singleturn|p2a: Tatsugiri|Protect\n|move|p1a: Jupiter|Fake Out|p2b: Whimsicott\n|-damage|p2b: Whimsicott|0 fnt\n|faint|p2b: Whimsicott\n|move|p1b: Tarantula|Moonblast|p2a: Tatsugiri\n|-activate|p2a: Tatsugiri|move: Protect\n|\n|upkeep\n|\n|t:|1721715406\n|switch|p2b: Miraidon|Miraidon, L50|100\/100\n|-fieldstart|move: Electric Terrain|[from] ability: Hadron Engine|[of] p2b: Miraidon\n|-activate|p1a: Jupiter|ability: Quark Drive\n|-start|p1a: Jupiter|quarkdriveatk\n|turn|15\n|\n|t:|1721715426\n|move|p2b: Miraidon|Dazzling Gleam|p1a: Jupiter|[spread] p1a,p1b\n|-supereffective|p1a: Jupiter\n|-damage|p1a: Jupiter|55\/100\n|-damage|p1b: Tarantula|91\/100\n|move|p2a: Tatsugiri|Draco Meteor|p1a: Jupiter\n|-damage|p1a: Jupiter|36\/100\n|-unboost|p2a: Tatsugiri|spa|2\n|move|p1b: Tarantula|Moonblast|p2b: Miraidon\n|-supereffective|p2b: Miraidon\n|-damage|p2b: Miraidon|0 fnt\n|faint|p2b: Miraidon\n|move|p1a: Jupiter|Drain Punch|p2a: Tatsugiri\n|-damage|p2a: Tatsugiri|0 fnt\n|-heal|p1a: Jupiter|37\/100|[from] drain|[of] p2a: Tatsugiri\n|faint|p2a: Tatsugiri\n|\n|win|Therazer456\n|raw|Therazer456's rating: 1717 &rarr; <strong>1738<\/strong><br \/>(+21 for winning)\n|raw|LONGhq's rating: 1729 &rarr; <strong>1708<\/strong><br \/>(-21 for losing)\n|l|\u2606Therazer456\n|player|p1|\n|l| THUNDERSND77\n|l|\u203dLONGhq\n|player|p2|\n","uploadtime":1721715682,"views":24,"formatid":"gen9vgc2024regg","rating":1708,"private":0,"password":null}