{"id":"gen9vgc2024regg-2165222469","format":"[Gen 9] VGC 2024 Reg G","players":["Djjwjwwjj","Aki Hoshino"],"log":"|j|\u2606Djjwjwwjj\n|j|\u2606Aki Hoshino\n|t:|1721630003\n|gametype|doubles\n|player|p1|Djjwjwwjj|169|1741\n|player|p2|Aki Hoshino|aromalady|1709\n|teamsize|p1|6\n|teamsize|p2|6\n|gen|9\n|tier|[Gen 9] VGC 2024 Reg G\n|rated|\n|rule|Species Clause: Limit one of each Pok\u00e9mon\n|rule|Item Clause: Limit one of each item\n|clearpoke\n|poke|p1|Calyrex-Shadow, L50|\n|poke|p1|Incineroar, L50, F|\n|poke|p1|Pelipper, L50, M|\n|poke|p1|Rillaboom, L50, M|\n|poke|p1|Maushold-Four, L50|\n|poke|p1|Palafin, L50, M|\n|poke|p2|Whimsicott, L50, F|\n|poke|p2|Calyrex-Ice, L50|\n|poke|p2|Urshifu-*, L50, F|\n|poke|p2|Landorus, L50, M|\n|poke|p2|Rillaboom, L50, F|\n|poke|p2|Flutter Mane, L50|\n|teampreview|4\n|inactive|Battle timer is ON: inactive players will automatically lose when time's up. (requested by Djjwjwwjj)\n|inactive|Djjwjwwjj has 60 seconds left.\n|inactive|Aki Hoshino has 60 seconds left.\n|inactive|Djjwjwwjj has 30 seconds left.\n|inactive|Djjwjwwjj has 20 seconds left.\n|\n|t:|1721630074\n|start\n|switch|p1a: Rillaboom|Rillaboom, L50, M|100\/100\n|switch|p1b: Calyrex|Calyrex-Shadow, L50|100\/100\n|switch|p2a: Whimsicott|Whimsicott, L50, F|100\/100\n|switch|p2b: Calyrex|Calyrex-Ice, L50|100\/100\n|-ability|p1b: Calyrex|As One\n|-ability|p1b: Calyrex|Unnerve\n|-ability|p2b: Calyrex|As One\n|-ability|p2b: Calyrex|Unnerve\n|-fieldstart|move: Grassy Terrain|[from] ability: Grassy Surge|[of] p1a: Rillaboom\n|turn|1\n|inactive|Aki Hoshino has 30 seconds left.\n|inactive|Aki Hoshino has 20 seconds left.\n|inactive|Aki Hoshino has 15 seconds left.\n|inactive|Aki Hoshino has 10 seconds left.\n|inactive|Aki Hoshino has 5 seconds left.\n|\n|t:|1721630125\n|-terastallize|p2a: Whimsicott|Ghost\n|move|p2b: Calyrex|Protect|p2b: Calyrex\n|-singleturn|p2b: Calyrex|Protect\n|move|p1a: Rillaboom|Fake Out|p2b: Calyrex\n|-activate|p2b: Calyrex|move: Protect\n|move|p1b: Calyrex|Calm Mind|p1b: Calyrex\n|-boost|p1b: Calyrex|spa|1\n|-boost|p1b: Calyrex|spd|1\n|move|p2a: Whimsicott|Endeavor|p1a: Rillaboom\n|-damage|p1a: Rillaboom|66\/100\n|\n|-heal|p1a: Rillaboom|72\/100|[from] Grassy Terrain\n|upkeep\n|turn|2\n|inactive|Djjwjwwjj has 30 seconds left.\n|inactive|Aki Hoshino has 30 seconds left.\n|inactive|Djjwjwwjj has 20 seconds left.\n|inactive|Djjwjwwjj has 15 seconds left.\n|\n|t:|1721630170\n|-terastallize|p1a: Rillaboom|Normal\n|move|p1b: Calyrex|Protect|p1b: Calyrex\n|-singleturn|p1b: Calyrex|Protect\n|move|p2a: Whimsicott|Encore|p1b: Calyrex\n|-activate|p1b: Calyrex|move: Protect\n|move|p1a: Rillaboom|U-turn|p2b: Calyrex\n|-supereffective|p2b: Calyrex\n|-damage|p2b: Calyrex|71\/100\n|\n|t:|1721630181\n|switch|p1a: Maushold|Maushold-Four, L50|100\/100|[from] U-turn\n|move|p2b: Calyrex|Glacial Lance|p1b: Calyrex|[spread] p1a\n|-activate|p1b: Calyrex|move: Protect\n|-damage|p1a: Maushold|42\/100\n|\n|-heal|p1a: Maushold|48\/100|[from] Grassy Terrain\n|-heal|p2b: Calyrex|77\/100|[from] Grassy Terrain\n|upkeep\n|turn|3\n|\n|t:|1721630196\n|move|p1a: Maushold|Follow Me|p1a: Maushold\n|-singleturn|p1a: Maushold|move: Follow Me\n|move|p2a: Whimsicott|Tailwind|p2a: Whimsicott\n|-sidestart|p2: Aki Hoshino|move: Tailwind\n|move|p2b: Calyrex|Glacial Lance|p1b: Calyrex|[spread] p1a,p1b\n|-damage|p1a: Maushold|0 fnt\n|-damage|p1b: Calyrex|61\/100\n|faint|p1a: Maushold\n|-ability|p2b: Calyrex|Chilling Neigh|boost\n|-boost|p2b: Calyrex|atk|1\n|move|p1b: Calyrex|Astral Barrage|p2a: Whimsicott|[spread] p2a,p2b\n|-supereffective|p2a: Whimsicott\n|-supereffective|p2b: Calyrex\n|-enditem|p2a: Whimsicott|Focus Sash\n|-damage|p2a: Whimsicott|1\/100\n|-damage|p2b: Calyrex|0 fnt\n|faint|p2b: Calyrex\n|-ability|p1b: Calyrex|Grim Neigh|boost\n|-boost|p1b: Calyrex|spa|1\n|\n|-heal|p2a: Whimsicott|7\/100|[from] Grassy Terrain\n|-heal|p1b: Calyrex|67\/100|[from] Grassy Terrain\n|upkeep\n|\n|t:|1721630220\n|switch|p1a: Rillaboom|Rillaboom, L50, M, tera:Normal|72\/100\n|switch|p2b: Flutter Mane|Flutter Mane, L50|100\/100\n|-enditem|p2b: Flutter Mane|Booster Energy\n|-activate|p2b: Flutter Mane|ability: Protosynthesis|[fromitem]\n|-start|p2b: Flutter Mane|protosynthesisspa\n|turn|4\n|inactive|Djjwjwwjj has 30 seconds left.\n|inactive|Aki Hoshino has 30 seconds left.\n|inactive|Djjwjwwjj has 20 seconds left.\n|inactive|Aki Hoshino has 20 seconds left.\n|inactive|Djjwjwwjj has 15 seconds left.\n|inactive|Aki Hoshino has 15 seconds left.\n|inactive|Djjwjwwjj has 10 seconds left.\n|inactive|Aki Hoshino has 10 seconds left.\n|inactive|Djjwjwwjj has 5 seconds left.\n|\n|t:|1721630274\n|switch|p1b: Incineroar|Incineroar, L50, F|100\/100\n|-ability|p1b: Incineroar|Intimidate|boost\n|-unboost|p2a: Whimsicott|atk|1\n|-unboost|p2b: Flutter Mane|atk|1\n|move|p1a: Rillaboom|Grassy Glide|p2a: Whimsicott\n|-damage|p2a: Whimsicott|0 fnt\n|faint|p2a: Whimsicott\n|move|p2b: Flutter Mane|Dazzling Gleam|p1b: Incineroar|[spread] p1a,p1b\n|-damage|p1a: Rillaboom|46\/100\n|-damage|p1b: Incineroar|72\/100\n|\n|-heal|p1a: Rillaboom|52\/100|[from] Grassy Terrain\n|-heal|p1b: Incineroar|78\/100|[from] Grassy Terrain\n|upkeep\n|\n|t:|1721630288\n|switch|p2a: Urshifu|Urshifu, L50, F|100\/100\n|turn|5\n|inactive|Djjwjwwjj has 30 seconds left.\n|inactive|Aki Hoshino has 30 seconds left.\n|inactive|Aki Hoshino has 20 seconds left.\n|inactive|Aki Hoshino has 15 seconds left.\n|\n|t:|1721630331\n|move|p1b: Incineroar|Fake Out|p2a: Urshifu\n|-damage|p2a: Urshifu|90\/100\n|cant|p2a: Urshifu|flinch\n|move|p2b: Flutter Mane|Moonblast|p1b: Incineroar\n|-crit|p1b: Incineroar\n|-damage|p1b: Incineroar|6\/100\n|-unboost|p1b: Incineroar|spa|1\n|move|p1a: Rillaboom|Wood Hammer|p2a: Urshifu\n|-damage|p2a: Urshifu|16\/100\n|-damage|p1a: Rillaboom|31\/100|[from] Recoil\n|\n|-heal|p2a: Urshifu|23\/100|[from] Grassy Terrain\n|-heal|p1a: Rillaboom|37\/100|[from] Grassy Terrain\n|-heal|p1b: Incineroar|12\/100|[from] Grassy Terrain\n|-fieldend|move: Grassy Terrain\n|upkeep\n|turn|6\n|inactive|Djjwjwwjj has 30 seconds left.\n|inactive|Aki Hoshino has 30 seconds left.\n|inactive|Djjwjwwjj has 20 seconds left.\n|inactive|Aki Hoshino has 20 seconds left.\n|inactive|Djjwjwwjj has 15 seconds left.\n|inactive|Aki Hoshino has 15 seconds left.\n|inactive|Djjwjwwjj has 10 seconds left.\n|inactive|Aki Hoshino has 10 seconds left.\n|inactive|Aki Hoshino has 5 seconds left.\n|\n|t:|1721630381\n|switch|p1a: Calyrex|Calyrex-Shadow, L50|67\/100\n|-ability|p1a: Calyrex|As One\n|-ability|p1a: Calyrex|Unnerve\n|move|p2a: Urshifu|Sucker Punch||[still]\n|-fail|p2a: Urshifu\n|move|p2b: Flutter Mane|Dazzling Gleam|p1a: Calyrex|[spread] p1a,p1b\n|-damage|p1a: Calyrex|32\/100\n|-damage|p1b: Incineroar|0 fnt\n|faint|p1b: Incineroar\n|\n|-sideend|p2: Aki Hoshino|move: Tailwind\n|upkeep\n|\n|t:|1721630395\n|switch|p1b: Rillaboom|Rillaboom, L50, M, tera:Normal|37\/100\n|-fieldstart|move: Grassy Terrain|[from] ability: Grassy Surge|[of] p1b: Rillaboom\n|turn|7\n|\n|t:|1721630410\n|move|p1b: Rillaboom|Fake Out|p2a: Urshifu\n|-damage|p2a: Urshifu|2\/100\n|cant|p2a: Urshifu|flinch\n|move|p1a: Calyrex|Astral Barrage|p2a: Urshifu|[spread] p2a,p2b\n|-resisted|p2a: Urshifu\n|-supereffective|p2b: Flutter Mane\n|-damage|p2a: Urshifu|0 fnt\n|-damage|p2b: Flutter Mane|13\/100\n|faint|p2a: Urshifu\n|-ability|p1a: Calyrex|Grim Neigh|boost\n|-boost|p1a: Calyrex|spa|1\n|move|p2b: Flutter Mane|Moonblast|p1a: Calyrex\n|-damage|p1a: Calyrex|0 fnt\n|faint|p1a: Calyrex\n|\n|-heal|p2b: Flutter Mane|19\/100|[from] Grassy Terrain\n|-heal|p1b: Rillaboom|43\/100|[from] Grassy Terrain\n|upkeep\n|turn|8\n|\n|t:|1721630432\n|move|p2b: Flutter Mane|Protect|p2b: Flutter Mane\n|-singleturn|p2b: Flutter Mane|Protect\n|move|p1b: Rillaboom|Grassy Glide|p2b: Flutter Mane\n|-activate|p2b: Flutter Mane|move: Protect\n|\n|-heal|p2b: Flutter Mane|25\/100|[from] Grassy Terrain\n|-heal|p1b: Rillaboom|48\/100|[from] Grassy Terrain\n|upkeep\n|turn|9\n|j| ZonXJ\n|\n|t:|1721630442\n|move|p2b: Flutter Mane|Protect|p2b: Flutter Mane\n|-singleturn|p2b: Flutter Mane|Protect\n|move|p1b: Rillaboom|Grassy Glide|p2b: Flutter Mane\n|-activate|p2b: Flutter Mane|move: Protect\n|\n|-heal|p2b: Flutter Mane|31\/100|[from] Grassy Terrain\n|-heal|p1b: Rillaboom|54\/100|[from] Grassy Terrain\n|upkeep\n|turn|10\n|\n|t:|1721630453\n|move|p1b: Rillaboom|Grassy Glide|p2b: Flutter Mane\n|-damage|p2b: Flutter Mane|0 fnt\n|faint|p2b: Flutter Mane\n|-end|p2b: Flutter Mane|Protosynthesis|[silent]\n|\n|win|Djjwjwwjj\n|raw|Djjwjwwjj's rating: 1741 &rarr; <strong>1759<\/strong><br \/>(+18 for winning)\n|raw|Aki Hoshino's rating: 1709 &rarr; <strong>1691<\/strong><br \/>(-18 for losing)\n|l|\u2606Aki Hoshino\n|player|p2|\n|l| ZonXJ\n","uploadtime":1721630697,"views":79,"formatid":"gen9vgc2024regg","rating":1691,"private":0,"password":null}