{"id":"gen9vgc2024regg-2165004485","format":"[Gen 9] VGC 2024 Reg G","players":["SubToPenglin","auraen"],"log":"|j|\u2606SubToPenglin\n|j|\u2606auraen\n|t:|1721596830\n|gametype|doubles\n|player|p1|SubToPenglin|dawn-gen4pt|1782\n|player|p2|auraen|harlequin|1836\n|teamsize|p1|6\n|teamsize|p2|6\n|gen|9\n|tier|[Gen 9] VGC 2024 Reg G\n|rated|\n|rule|Species Clause: Limit one of each Pok\u00e9mon\n|rule|Item Clause: Limit one of each item\n|clearpoke\n|poke|p1|Comfey, L50, M|\n|poke|p1|Terapagos, L50, M|\n|poke|p1|Tornadus, L50, M|\n|poke|p1|Ogerpon-Cornerstone, L50, F|\n|poke|p1|Magmar, L50, M|\n|poke|p1|Raichu, L50, F|\n|poke|p2|Terapagos, L50, M|\n|poke|p2|Munkidori, L50, M|\n|poke|p2|Incineroar, L50, F|\n|poke|p2|Sinistcha, L50|\n|poke|p2|Basculegion, L50, M|\n|poke|p2|Flamigo, L50, F|\n|teampreview|4\n|inactive|Battle timer is ON: inactive players will automatically lose when time's up. (requested by SubToPenglin)\n|\n|t:|1721596859\n|start\n|switch|p1a: Terapagos|Terapagos, L50, M|100\/100\n|switch|p1b: Raichu|Raichu, L50, F, shiny|100\/100\n|switch|p2a: Munkidori|Munkidori, L50, M|100\/100\n|switch|p2b: Terapagos|Terapagos, L50, M|100\/100\n|-activate|p1a: Terapagos|ability: Tera Shift\n|detailschange|p1a: Terapagos|Terapagos-Terastal, L50, M\n|-heal|p1a: Terapagos|100\/100|[silent]\n|-activate|p2b: Terapagos|ability: Tera Shift\n|detailschange|p2b: Terapagos|Terapagos-Terastal, L50, M\n|-heal|p2b: Terapagos|100\/100|[silent]\n|turn|1\n|\n|t:|1721596868\n|move|p1b: Raichu|Fake Out|p2a: Munkidori\n|-crit|p2a: Munkidori\n|-damage|p2a: Munkidori|88\/100\n|cant|p2a: Munkidori|flinch\n|move|p1a: Terapagos|Calm Mind|p1a: Terapagos\n|-boost|p1a: Terapagos|spa|1\n|-boost|p1a: Terapagos|spd|1\n|move|p2b: Terapagos|Earth Power|p1b: Raichu\n|-supereffective|p1b: Raichu\n|-damage|p1b: Raichu|24\/100\n|-unboost|p1b: Raichu|spd|1\n|\n|upkeep\n|turn|2\n|\n|t:|1721596885\n|switch|p2b: Basculegion|Basculegion, L50, M|100\/100\n|-terastallize|p1a: Terapagos|Stellar\n|detailschange|p1a: Terapagos|Terapagos-Stellar, L50, M, tera:Stellar\n|-heal|p1a: Terapagos|100\/100|[silent]\n|move|p1b: Raichu|Endeavor|p2b: Basculegion\n|-immune|p2b: Basculegion\n|move|p2a: Munkidori|Psychic|p1b: Raichu\n|-damage|p1b: Raichu|0 fnt\n|faint|p1b: Raichu\n|move|p1a: Terapagos|Tera Starstorm|p2a: Munkidori|[spread] p2a,p2b\n|-damage|p2a: Munkidori|37\/100\n|-damage|p2b: Basculegion|64\/100\n|-enditem|p2a: Munkidori|Sitrus Berry|[eat]\n|-heal|p2a: Munkidori|62\/100|[from] item: Sitrus Berry\n|\n|upkeep\n|\n|t:|1721596897\n|switch|p1b: Ogerpon|Ogerpon-Cornerstone, L50, F|100\/100\n|turn|3\n|\n|t:|1721596907\n|move|p1b: Ogerpon|Horn Leech|p2b: Basculegion\n|-supereffective|p2b: Basculegion\n|-damage|p2b: Basculegion|0 fnt\n|faint|p2b: Basculegion\n|move|p2a: Munkidori|Parting Shot|p1b: Ogerpon\n|-unboost|p1b: Ogerpon|atk|1\n|-unboost|p1b: Ogerpon|spa|1\n|\n|t:|1721596910\n|switch|p2a: Terapagos|Terapagos-Terastal, L50, M|100\/100|[from] Parting Shot\n|move|p1a: Terapagos|Earth Power|p2a: Terapagos\n|-activate|p2a: Terapagos|ability: Tera Shell\n|-resisted|p2a: Terapagos\n|-damage|p2a: Terapagos|78\/100\n|\n|upkeep\n|\n|t:|1721596911\n|switch|p2b: Munkidori|Munkidori, L50, M|62\/100\n|turn|4\n|\n|t:|1721596919\n|switch|p2b: Flamigo|Flamigo, L50, F|100\/100\n|-terastallize|p2a: Terapagos|Stellar\n|detailschange|p2a: Terapagos|Terapagos-Stellar, L50, M, tera:Stellar\n|-heal|p2a: Terapagos|84\/100|[silent]\n|move|p1b: Ogerpon|Spiky Shield|p1b: Ogerpon\n|-singleturn|p1b: Ogerpon|move: Protect\n|move|p1a: Terapagos|Protect|p1a: Terapagos\n|-singleturn|p1a: Terapagos|Protect\n|move|p2a: Terapagos|Tera Starstorm|p1b: Ogerpon|[spread] \n|-activate|p1a: Terapagos|move: Protect\n|-activate|p1b: Ogerpon|move: Protect\n|\n|upkeep\n|turn|5\n|\n|t:|1721596931\n|move|p1b: Ogerpon|Ivy Cudgel|p2b: Flamigo|[anim] Ivy Cudgel Rock\n|-damage|p2b: Flamigo|43\/100\n|move|p2b: Flamigo|Tailwind|p2b: Flamigo\n|-sidestart|p2: auraen|move: Tailwind\n|move|p2a: Terapagos|Tera Starstorm|p1b: Ogerpon|[spread] p1a,p1b\n|-supereffective|p1a: Terapagos\n|-damage|p1a: Terapagos|55\/100\n|-damage|p1b: Ogerpon|27\/100\n|move|p1a: Terapagos|Tera Starstorm|p2b: Flamigo|[spread] p2a,p2b\n|-supereffective|p2a: Terapagos\n|-damage|p2a: Terapagos|19\/100\n|-damage|p2b: Flamigo|0 fnt\n|faint|p2b: Flamigo\n|\n|upkeep\n|\n|t:|1721596934\n|switch|p2b: Munkidori|Munkidori, L50, M|62\/100\n|turn|6\n|\n|t:|1721596944\n|move|p1a: Terapagos|Protect|p1a: Terapagos\n|-singleturn|p1a: Terapagos|Protect\n|move|p2b: Munkidori|Fake Out|p1a: Terapagos\n|-activate|p1a: Terapagos|move: Protect\n|move|p2a: Terapagos|Tera Starstorm|p1a: Terapagos|[spread] p1b\n|-activate|p1a: Terapagos|move: Protect\n|-damage|p1b: Ogerpon|0 fnt\n|faint|p1b: Ogerpon\n|\n|upkeep\n|\n|t:|1721596950\n|switch|p1b: Comfey|Comfey, L50, M, shiny|100\/100\n|turn|7\n|\n|t:|1721596954\n|move|p1b: Comfey|Floral Healing|p1a: Terapagos\n|-heal|p1a: Terapagos|100\/100\n|move|p2b: Munkidori|Acid Spray|p1b: Comfey\n|-supereffective|p1b: Comfey\n|-damage|p1b: Comfey|66\/100\n|-unboost|p1b: Comfey|spd|2\n|move|p2a: Terapagos|Tera Starstorm|p1a: Terapagos|[spread] p1a,p1b\n|-supereffective|p1a: Terapagos\n|-damage|p1a: Terapagos|48\/100\n|-damage|p1b: Comfey|0 fnt\n|faint|p1b: Comfey\n|move|p1a: Terapagos|Tera Starstorm|p2b: Munkidori|[spread] p2a,p2b\n|-supereffective|p2a: Terapagos\n|-damage|p2a: Terapagos|0 fnt\n|-damage|p2b: Munkidori|12\/100\n|faint|p2a: Terapagos\n|\n|upkeep\n|turn|8\n|-message|auraen forfeited.\n|\n|win|SubToPenglin\n|raw|SubToPenglin's rating: 1782 &rarr; <strong>1805<\/strong><br \/>(+23 for winning)\n|raw|auraen's rating: 1836 &rarr; <strong>1813<\/strong><br \/>(-23 for losing)\n|l|\u2606auraen\n|player|p2|\n","uploadtime":1721596966,"views":276,"formatid":"gen9vgc2024regg","rating":1805,"private":0,"password":null}