{"id":"gen9vgc2024regg-2165937322","format":"[Gen 9] VGC 2024 Reg G","players":["Billy_HMD","roseyradio"],"log":"|j|\u2606Billy_HMD\n|j|\u2606roseyradio\n|t:|1721737731\n|gametype|doubles\n|player|p1|Billy_HMD|dawn|1894\n|player|p2|roseyradio|skier|1763\n|teamsize|p1|6\n|teamsize|p2|6\n|gen|9\n|tier|[Gen 9] VGC 2024 Reg G\n|rated|\n|rule|Species Clause: Limit one of each Pok\u00e9mon\n|rule|Item Clause: Limit one of each item\n|clearpoke\n|poke|p1|Zamazenta-*, L50|\n|poke|p1|Volcarona, L50, F|\n|poke|p1|Grimmsnarl, L50, M|\n|poke|p1|Landorus-Therian, L50, M|\n|poke|p1|Rillaboom, L50, M|\n|poke|p1|Raging Bolt, L50|\n|poke|p2|Calyrex-Ice, L50|\n|poke|p2|Smeargle, L50, F|\n|poke|p2|Ursaluna-Bloodmoon, L50, M|\n|poke|p2|Indeedee-F, L50, F|\n|poke|p2|Amoonguss, L50, M|\n|poke|p2|Raging Bolt, L50|\n|teampreview|4\n|inactive|Battle timer is ON: inactive players will automatically lose when time's up. (requested by Billy_HMD)\n|inactive|roseyradio has 60 seconds left.\n|\n|t:|1721737781\n|start\n|switch|p1a: Zamazenta|Zamazenta-Crowned, L50|100\/100\n|switch|p1b: Landorus|Landorus-Therian, L50, M|100\/100\n|switch|p2a: Calyrex|Calyrex-Ice, L50|100\/100\n|switch|p2b: Smeargle|Smeargle, L50, F, shiny|100\/100\n|-ability|p2a: Calyrex|As One\n|-ability|p2a: Calyrex|Unnerve\n|-ability|p1b: Landorus|Intimidate|boost\n|-fail|p2a: Calyrex|unboost|[from] item: Clear Amulet|[of] p2a: Calyrex\n|-fail|p2b: Smeargle|unboost|Attack|[from] ability: Own Tempo|[of] p2b: Smeargle\n|-ability|p1a: Zamazenta|Dauntless Shield|boost\n|-boost|p1a: Zamazenta|def|1\n|turn|1\n|inactive|Billy_HMD has 30 seconds left.\n|\n|t:|1721737813\n|move|p1b: Landorus|Rock Slide|p2a: Calyrex|[spread] p2a,p2b\n|-supereffective|p2a: Calyrex\n|-damage|p2a: Calyrex|73\/100\n|-damage|p2b: Smeargle|68\/100\n|move|p1a: Zamazenta|Iron Defense|p1a: Zamazenta\n|-boost|p1a: Zamazenta|def|2\n|move|p2b: Smeargle|Spore|p1a: Zamazenta\n|-status|p1a: Zamazenta|slp|[from] move: Spore\n|move|p2a: Calyrex|Trick Room|p2a: Calyrex\n|-fieldstart|move: Trick Room|[of] p2a: Calyrex\n|\n|upkeep\n|turn|2\n|\n|t:|1721737828\n|switch|p1b: Volcarona|Volcarona, L50, F|100\/100\n|move|p2b: Smeargle|Decorate|p2a: Calyrex\n|-boost|p2a: Calyrex|atk|2\n|-boost|p2a: Calyrex|spa|2\n|move|p2a: Calyrex|Glacial Lance|p1a: Zamazenta|[spread] p1a,p1b\n|-resisted|p1a: Zamazenta\n|-resisted|p1b: Volcarona\n|-damage|p1a: Zamazenta|86\/100 slp\n|-damage|p1b: Volcarona|40\/100\n|cant|p1a: Zamazenta|slp\n|\n|-heal|p1b: Volcarona|46\/100|[from] item: Leftovers\n|upkeep\n|turn|3\n|inactive|Billy_HMD has 30 seconds left.\n|inactive|Billy_HMD has 20 seconds left.\n|\n|t:|1721737864\n|-terastallize|p2a: Calyrex|Water\n|move|p1b: Volcarona|Protect|p1b: Volcarona\n|-singleturn|p1b: Volcarona|Protect\n|move|p2b: Smeargle|Decorate|p2a: Calyrex\n|-boost|p2a: Calyrex|atk|2\n|-boost|p2a: Calyrex|spa|2\n|move|p2a: Calyrex|Close Combat|p1a: Zamazenta\n|-supereffective|p1a: Zamazenta\n|-damage|p1a: Zamazenta|7\/100 slp\n|-unboost|p2a: Calyrex|def|1\n|-unboost|p2a: Calyrex|spd|1\n|cant|p1a: Zamazenta|slp\n|\n|-heal|p1b: Volcarona|52\/100|[from] item: Leftovers\n|upkeep\n|turn|4\n|inactive|Billy_HMD has 30 seconds left.\n|inactive|roseyradio has 30 seconds left.\n|\n|t:|1721737893\n|-terastallize|p1b: Volcarona|Grass\n|-curestatus|p1a: Zamazenta|slp|[msg]\n|move|p1a: Zamazenta|Wide Guard|p1a: Zamazenta\n|-singleturn|p1a: Zamazenta|Wide Guard\n|move|p2b: Smeargle|Follow Me|p2b: Smeargle\n|-singleturn|p2b: Smeargle|move: Follow Me\n|move|p2a: Calyrex|Close Combat|p1b: Volcarona\n|-damage|p1b: Volcarona|0 fnt\n|-unboost|p2a: Calyrex|def|1\n|-unboost|p2a: Calyrex|spd|1\n|faint|p1b: Volcarona\n|-ability|p2a: Calyrex|Chilling Neigh|boost\n|-boost|p2a: Calyrex|atk|1\n|\n|upkeep\n|\n|t:|1721737905\n|switch|p1b: Rillaboom|Rillaboom, L50, M|100\/100\n|-fieldstart|move: Grassy Terrain|[from] ability: Grassy Surge|[of] p1b: Rillaboom\n|turn|5\n|inactive|Billy_HMD has 30 seconds left.\n|inactive|roseyradio has 30 seconds left.\n|\n|t:|1721737940\n|switch|p2a: Stephen|Amoonguss, L50, M|100\/100\n|move|p1b: Rillaboom|Fake Out|p2a: Stephen\n|-damage|p2a: Stephen|89\/100\n|-damage|p1b: Rillaboom|84\/100|[from] item: Rocky Helmet|[of] p2a: Stephen\n|move|p2b: Smeargle|Spore|p1a: Zamazenta\n|-status|p1a: Zamazenta|slp|[from] move: Spore\n|cant|p1a: Zamazenta|slp\n|\n|-heal|p2a: Stephen|95\/100|[from] Grassy Terrain\n|-heal|p2b: Smeargle|75\/100|[from] Grassy Terrain\n|-heal|p1b: Rillaboom|90\/100|[from] Grassy Terrain\n|-heal|p1a: Zamazenta|13\/100 slp|[from] Grassy Terrain\n|-fieldend|move: Trick Room\n|upkeep\n|turn|6\n|inactive|roseyradio has 30 seconds left.\n|inactive|Billy_HMD has 30 seconds left.\n|inactive|Billy_HMD has 20 seconds left.\n|inactive|roseyradio has 20 seconds left.\n|inactive|Billy_HMD has 15 seconds left.\n|inactive|Billy_HMD has 10 seconds left.\n|inactive|roseyradio has 15 seconds left.\n|inactive|Billy_HMD has 5 seconds left.\n|\n|t:|1721737996\n|cant|p1a: Zamazenta|slp\n|move|p1b: Rillaboom|U-turn|p2b: Smeargle\n|-damage|p2b: Smeargle|38\/100\n|\n|t:|1721737999\n|switch|p1b: Landorus|Landorus-Therian, L50, M|100\/100|[from] U-turn\n|-ability|p1b: Landorus|Intimidate|boost\n|-unboost|p2a: Stephen|atk|1\n|-fail|p2b: Smeargle|unboost|Attack|[from] ability: Own Tempo|[of] p2b: Smeargle\n|move|p2b: Smeargle|Decorate|p2a: Stephen\n|-boost|p2a: Stephen|atk|2\n|-boost|p2a: Stephen|spa|2\n|move|p2a: Stephen|Pollen Puff|p1b: Landorus\n|-resisted|p1b: Landorus\n|-damage|p1b: Landorus|76\/100\n|\n|-heal|p1a: Zamazenta|19\/100 slp|[from] Grassy Terrain\n|-heal|p2b: Smeargle|44\/100|[from] Grassy Terrain\n|-heal|p2a: Stephen|100\/100|[from] Grassy Terrain\n|upkeep\n|turn|7\n|inactive|Billy_HMD has 30 seconds left.\n|inactive|roseyradio has 30 seconds left.\n|inactive|Billy_HMD has 20 seconds left.\n|inactive|Billy_HMD has 15 seconds left.\n|\n|t:|1721738041\n|move|p1b: Landorus|U-turn|p2b: Smeargle\n|-damage|p2b: Smeargle|5\/100\n|\n|t:|1721738043\n|switch|p1b: Rillaboom|Rillaboom, L50, M|90\/100|[from] U-turn\n|cant|p1a: Zamazenta|slp\n|move|p2b: Smeargle|Spore|p1b: Rillaboom\n|-immune|p1b: Rillaboom\n|move|p2a: Stephen|Pollen Puff|p1a: Zamazenta\n|-resisted|p1a: Zamazenta\n|-damage|p1a: Zamazenta|13\/100 slp\n|\n|-heal|p1a: Zamazenta|19\/100 slp|[from] Grassy Terrain\n|-heal|p1b: Rillaboom|96\/100|[from] Grassy Terrain\n|-heal|p2b: Smeargle|12\/100|[from] Grassy Terrain\n|upkeep\n|turn|8\n|inactive|Billy_HMD has 30 seconds left.\n|inactive|roseyradio has 30 seconds left.\n|inactive|Billy_HMD has 20 seconds left.\n|inactive|Billy_HMD has 15 seconds left.\n|inactive|roseyradio has 20 seconds left.\n|\n|t:|1721738088\n|move|p2a: Stephen|Rage Powder|p2a: Stephen\n|-singleturn|p2a: Stephen|move: Rage Powder\n|-curestatus|p1a: Zamazenta|slp|[msg]\n|move|p1a: Zamazenta|Iron Defense|p1a: Zamazenta\n|-boost|p1a: Zamazenta|def|2\n|move|p1b: Rillaboom|Wood Hammer|p2b: Smeargle\n|-damage|p2b: Smeargle|0 fnt\n|faint|p2b: Smeargle\n|-damage|p1b: Rillaboom|93\/100|[from] Recoil\n|\n|-heal|p1a: Zamazenta|25\/100|[from] Grassy Terrain\n|-heal|p1b: Rillaboom|99\/100|[from] Grassy Terrain\n|upkeep\n|\n|t:|1721738098\n|switch|p2b: Ursaluna|Ursaluna-Bloodmoon, L50, M|100\/100\n|turn|9\n|\n|t:|1721738122\n|move|p2b: Ursaluna|Protect|p2b: Ursaluna\n|-singleturn|p2b: Ursaluna|Protect\n|move|p1a: Zamazenta|Body Press|p2a: Stephen\n|-resisted|p2a: Stephen\n|-damage|p2a: Stephen|49\/100\n|-damage|p1a: Zamazenta|9\/100|[from] item: Rocky Helmet|[of] p2a: Stephen\n|move|p1b: Rillaboom|Wood Hammer|p2b: Ursaluna\n|-activate|p2b: Ursaluna|move: Protect\n|move|p2a: Stephen|Spore|p1a: Zamazenta\n|-status|p1a: Zamazenta|slp|[from] move: Spore\n|\n|-heal|p1a: Zamazenta|15\/100 slp|[from] Grassy Terrain\n|-heal|p1b: Rillaboom|100\/100|[from] Grassy Terrain\n|-heal|p2a: Stephen|55\/100|[from] Grassy Terrain\n|-fieldend|move: Grassy Terrain\n|upkeep\n|turn|10\n|\n|t:|1721738141\n|cant|p1a: Zamazenta|slp\n|move|p1b: Rillaboom|Wood Hammer|p2b: Ursaluna\n|-supereffective|p2b: Ursaluna\n|-damage|p2b: Ursaluna|12\/100\n|-damage|p1b: Rillaboom|70\/100|[from] Recoil\n|move|p2b: Ursaluna|Hyper Voice|p1a: Zamazenta|[spread] p1a,p1b\n|-resisted|p1a: Zamazenta\n|-damage|p1a: Zamazenta|0 fnt\n|-damage|p1b: Rillaboom|37\/100\n|faint|p1a: Zamazenta\n|-damage|p2b: Ursaluna|2\/100|[from] item: Life Orb\n|move|p2a: Stephen|Pollen Puff|p2b: Ursaluna\n|-heal|p2b: Ursaluna|52\/100\n|\n|upkeep\n|\n|t:|1721738149\n|switch|p1a: Landorus|Landorus-Therian, L50, M|76\/100\n|-ability|p1a: Landorus|Intimidate|boost\n|-unboost|p2a: Stephen|atk|1\n|-unboost|p2b: Ursaluna|atk|1\n|turn|11\n|\n|t:|1721738162\n|move|p2a: Stephen|Rage Powder|p2a: Stephen\n|-singleturn|p2a: Stephen|move: Rage Powder\n|move|p1a: Landorus|Stomping Tantrum|p2a: Stephen\n|-damage|p2a: Stephen|25\/100\n|-damage|p1a: Landorus|59\/100|[from] item: Rocky Helmet|[of] p2a: Stephen\n|move|p1b: Rillaboom|U-turn|p2a: Stephen\n|-damage|p2a: Stephen|7\/100\n|-damage|p1b: Rillaboom|20\/100|[from] item: Rocky Helmet|[of] p2a: Stephen\n|move|p2b: Ursaluna|Hyper Voice|p1b: Rillaboom|[spread] p1a,p1b\n|-damage|p1a: Landorus|0 fnt\n|-damage|p1b: Rillaboom|0 fnt\n|faint|p1a: Landorus\n|faint|p1b: Rillaboom\n|-damage|p2b: Ursaluna|43\/100|[from] item: Life Orb\n|\n|win|roseyradio\n|raw|Billy_HMD's rating: 1894 &rarr; <strong>1867<\/strong><br \/>(-27 for losing)\n|raw|roseyradio's rating: 1763 &rarr; <strong>1790<\/strong><br \/>(+27 for winning)\n|l|\u2606Billy_HMD\n|player|p1|\n|l|\u2606roseyradio\n|player|p2|\n","uploadtime":1721738184,"views":73,"formatid":"gen9vgc2024regg","rating":1790,"private":0,"password":null}