{"id":"gen9vgc2024regg-2165716209","format":"[Gen 9] VGC 2024 Reg G","players":["chuanOVO","regigidragon"],"log":"|j|\u2606chuanOVO\n|j|\u2606regigidragon\n|t:|1721698723\n|gametype|doubles\n|player|p1|chuanOVO|n|1683\n|player|p2|regigidragon|169|1766\n|teamsize|p1|6\n|teamsize|p2|6\n|gen|9\n|tier|[Gen 9] VGC 2024 Reg G\n|rated|\n|rule|Species Clause: Limit one of each Pok\u00e9mon\n|rule|Item Clause: Limit one of each item\n|clearpoke\n|poke|p1|Calyrex-Ice, L50|\n|poke|p1|Smeargle, L50, M|\n|poke|p1|Ursaluna-Bloodmoon, L50, M|\n|poke|p1|Urshifu-*, L50, M|\n|poke|p1|Ogerpon-Wellspring, L50, F|\n|poke|p1|Annihilape, L50, M|\n|poke|p2|Giratina-Origin, L50|\n|poke|p2|Ting-Lu, L50|\n|poke|p2|Urshifu-*, L50, M|\n|poke|p2|Entei, L50|\n|poke|p2|Weezing-Galar, L50, M|\n|poke|p2|Regigigas, L50|\n|teampreview|4\n|inactive|Battle timer is ON: inactive players will automatically lose when time's up. (requested by regigidragon)\n|\n|t:|1721698747\n|start\n|switch|p1a: Annihilape|Annihilape, L50, M|100\/100\n|switch|p1b: Calyrex|Calyrex-Ice, L50|100\/100\n|switch|p2a: Weezing|Weezing-Galar, L50, M, shiny|100\/100\n|switch|p2b: Regigigas|Regigigas, L50, shiny|100\/100\n|-ability|p2a: Weezing|Neutralizing Gas\n|-ability|p1b: Calyrex|As One\n|-ability|p1b: Calyrex|Unnerve\n|turn|1\n|\n|t:|1721698761\n|move|p1b: Calyrex|Protect|p1b: Calyrex\n|-singleturn|p1b: Calyrex|Protect\n|move|p2b: Regigigas|Double-Edge|p1b: Calyrex\n|-activate|p1b: Calyrex|move: Protect\n|move|p1a: Annihilape|Coaching|p1b: Calyrex\n|-boost|p1b: Calyrex|atk|1\n|-boost|p1b: Calyrex|def|1\n|move|p2a: Weezing|Dazzling Gleam|p1a: Annihilape|[spread] p1a\n|-activate|p1b: Calyrex|move: Protect\n|-supereffective|p1a: Annihilape\n|-enditem|p1a: Annihilape|Roseli Berry|[eat]\n|-enditem|p1a: Annihilape|Roseli Berry|[weaken]\n|-damage|p1a: Annihilape|64\/100\n|\n|upkeep\n|turn|2\n|inactive|chuanOVO has 30 seconds left.\n|\n|t:|1721698796\n|move|p2b: Regigigas|Wide Guard|p2b: Regigigas\n|-singleturn|p2b: Regigigas|Wide Guard\n|move|p1a: Annihilape|Final Gambit|p2a: Weezing\n|-damage|p2a: Weezing|24\/100\n|faint|p1a: Annihilape\n|move|p2a: Weezing|Dazzling Gleam|p1b: Calyrex\n|-damage|p1b: Calyrex|67\/100\n|move|p1b: Calyrex|Trick Room|p1b: Calyrex\n|-fieldstart|move: Trick Room|[of] p1b: Calyrex\n|\n|upkeep\n|\n|t:|1721698805\n|switch|p1a: Smeargle|Smeargle, L50, M, shiny|100\/100\n|turn|3\n|\n|t:|1721698813\n|move|p1a: Smeargle|Spore|p2b: Regigigas\n|-status|p2b: Regigigas|slp|[from] move: Spore\n|move|p1b: Calyrex|High Horsepower|p2a: Weezing\n|-supereffective|p2a: Weezing\n|-damage|p2a: Weezing|0 fnt\n|faint|p2a: Weezing\n|-end|p2a: Weezing|ability: Neutralizing Gas\n|-start|p2b: Regigigas|ability: Slow Start\n|-ability|p1b: Calyrex|Chilling Neigh|boost\n|-boost|p1b: Calyrex|atk|1\n|cant|p2b: Regigigas|slp\n|\n|upkeep\n|\n|t:|1721698826\n|switch|p2a: Giratina|Giratina-Origin, L50, shiny|100\/100\n|turn|4\n|\n|t:|1721698834\n|-terastallize|p1b: Calyrex|Water\n|move|p2a: Giratina|Protect|p2a: Giratina\n|-singleturn|p2a: Giratina|Protect\n|move|p1a: Smeargle|Decorate|p1b: Calyrex\n|-boost|p1b: Calyrex|atk|2\n|-boost|p1b: Calyrex|spa|2\n|move|p1b: Calyrex|Glacial Lance|p2a: Giratina|[spread] p2b\n|-activate|p2a: Giratina|move: Protect\n|-damage|p2b: Regigigas|0 fnt\n|faint|p2b: Regigigas\n|-end|p2b: Regigigas|Slow Start|[silent]\n|-ability|p1b: Calyrex|Chilling Neigh|boost\n|-boost|p1b: Calyrex|atk|1\n|\n|upkeep\n|\n|t:|1721698839\n|switch|p2b: Entei|Entei, L50, shiny|100\/100\n|turn|5\n|\n|t:|1721698858\n|-terastallize|p2a: Giratina|Fire\n|move|p1a: Smeargle|Spore|p2b: Entei\n|-status|p2b: Entei|slp|[from] move: Spore\n|move|p1b: Calyrex|Glacial Lance|p2b: Entei|[spread] p2a,p2b\n|-resisted|p2a: Giratina\n|-resisted|p2b: Entei\n|-damage|p2a: Giratina|29\/100\n|-damage|p2b: Entei|0 fnt\n|faint|p2b: Entei\n|-ability|p1b: Calyrex|Chilling Neigh|boost\n|-boost|p1b: Calyrex|atk|1\n|move|p2a: Giratina|Poltergeist|p1b: Calyrex\n|-activate|p1b: Calyrex|move: Poltergeist|Sitrus Berry\n|-damage|p1b: Calyrex|38\/100\n|-enditem|p1b: Calyrex|Sitrus Berry|[eat]\n|-heal|p1b: Calyrex|63\/100|[from] item: Sitrus Berry\n|\n|upkeep\n|turn|6\n|-message|regigidragon forfeited.\n|\n|win|chuanOVO\n|raw|chuanOVO's rating: 1683 &rarr; <strong>1708<\/strong><br \/>(+25 for winning)\n|raw|regigidragon's rating: 1766 &rarr; <strong>1741<\/strong><br \/>(-25 for losing)\n|l|\u2606regigidragon\n|player|p2|\n|l|\u2606chuanOVO\n|player|p1|\n","uploadtime":1721699075,"views":10,"formatid":"gen9vgc2024regg","rating":1708,"private":0,"password":null}