{"id":"gen9vgc2024regg-2165387999","format":"[Gen 9] VGC 2024 Reg G","players":["13dobe","Billy_HMD"],"log":"|j|\u260613dobe\n|j|\u2606Billy_HMD\n|t:|1721659254\n|gametype|doubles\n|player|p1|13dobe|2|1711\n|player|p2|Billy_HMD|dawn|1703\n|teamsize|p1|6\n|teamsize|p2|6\n|gen|9\n|tier|[Gen 9] VGC 2024 Reg G\n|rated|\n|rule|Species Clause: Limit one of each Pok\u00e9mon\n|rule|Item Clause: Limit one of each item\n|clearpoke\n|poke|p1|Weezing, L50, M|\n|poke|p1|Calyrex-Shadow, L50|\n|poke|p1|Electrode, L50|\n|poke|p1|Garganacl, L50, F|\n|poke|p1|Iron Hands, L50|\n|poke|p1|Terrakion, L50|\n|poke|p2|Zamazenta-*, L50|\n|poke|p2|Volcarona, L50, F|\n|poke|p2|Grimmsnarl, L50, M|\n|poke|p2|Landorus-Therian, L50, M|\n|poke|p2|Rillaboom, L50, M|\n|poke|p2|Raging Bolt, L50|\n|teampreview|4\n|inactive|Battle timer is ON: inactive players will automatically lose when time's up. (requested by Billy_HMD)\n|inactive|Billy_HMD has 60 seconds left.\n|\n|t:|1721659287\n|start\n|switch|p1a: Terrakion|Terrakion, L50|100\/100\n|switch|p1b: Electrode|Electrode, L50|100\/100\n|switch|p2a: Volcarona|Volcarona, L50, F|100\/100\n|switch|p2b: Grimmsnarl|Grimmsnarl, L50, M|100\/100\n|turn|1\n|inactive|13dobe has 30 seconds left.\n|inactive|Billy_HMD has 30 seconds left.\n|inactive|13dobe has 20 seconds left.\n|inactive|Billy_HMD has 20 seconds left.\n|inactive|13dobe has 15 seconds left.\n|inactive|Billy_HMD has 15 seconds left.\n|inactive|Billy_HMD has 10 seconds left.\n|\n|t:|1721659332\n|move|p2b: Grimmsnarl|Thunder Wave|p1b: Electrode\n|-immune|p1b: Electrode\n|move|p1a: Terrakion|Rock Slide|p2b: Grimmsnarl|[spread] p2a\n|-miss|p1a: Terrakion|p2b: Grimmsnarl\n|-supereffective|p2a: Volcarona\n|-damage|p2a: Volcarona|0 fnt\n|faint|p2a: Volcarona\n|move|p1b: Electrode|Thunder Wave|p2b: Grimmsnarl\n|-status|p2b: Grimmsnarl|par\n|\n|upkeep\n|c|\u260613dobe|Wut\n|\n|t:|1721659349\n|switch|p2a: Zamazenta|Zamazenta-Crowned, L50|100\/100\n|-ability|p2a: Zamazenta|Dauntless Shield|boost\n|-boost|p2a: Zamazenta|def|1\n|turn|2\n|\n|t:|1721659371\n|switch|p1a: Weezing|Weezing, L50, M|100\/100\n|-ability|p1a: Weezing|Neutralizing Gas\n|move|p1b: Electrode|Taunt|p2b: Grimmsnarl\n|-start|p2b: Grimmsnarl|move: Taunt\n|move|p2a: Zamazenta|Body Press|p1a: Weezing\n|-resisted|p1a: Weezing\n|-damage|p1a: Weezing|71\/100\n|cant|p2b: Grimmsnarl|move: Taunt|Reflect\n|\n|upkeep\n|turn|3\n|c|\u260613dobe|Dang I didn't bring my zam counter\n|c|\u260613dobe|Wasn't really thinking\n|inactive|13dobe has 30 seconds left.\n|\n|t:|1721659402\n|switch|p2b: Raging Bolt|Raging Bolt, L50|100\/100\n|move|p1b: Electrode|Thunderbolt|p2a: Zamazenta\n|-damage|p2a: Zamazenta|82\/100\n|-status|p2a: Zamazenta|par\n|move|p2a: Zamazenta|Body Press|p1b: Electrode\n|-damage|p1b: Electrode|3\/100\n|move|p1a: Weezing|Will-O-Wisp|p2a: Zamazenta|[miss]\n|-miss|p1a: Weezing|p2a: Zamazenta\n|\n|upkeep\n|turn|4\n|j| Jasper2452\n|c|\u260613dobe|Wow that's lucky for you\n|inactive|Billy_HMD has 30 seconds left.\n|\n|t:|1721659435\n|move|p1b: Electrode|Eerie Impulse|p2b: Raging Bolt\n|-unboost|p2b: Raging Bolt|spa|2\n|move|p2b: Raging Bolt|Electroweb|p1b: Electrode|[spread] p1a,p1b\n|-resisted|p1b: Electrode\n|-damage|p1a: Weezing|53\/100\n|-damage|p1b: Electrode|0 fnt\n|-unboost|p1a: Weezing|spe|1\n|faint|p1b: Electrode\n|move|p2a: Zamazenta|Heavy Slam|p1a: Weezing\n|-damage|p1a: Weezing|4\/100\n|-enditem|p1a: Weezing|Sitrus Berry|[eat]\n|-heal|p1a: Weezing|28\/100|[from] item: Sitrus Berry\n|move|p1a: Weezing|Gunk Shot|p2b: Raging Bolt\n|-damage|p2b: Raging Bolt|55\/100\n|\n|upkeep\n|l| Jasper2452\n|inactive|13dobe has 30 seconds left.\n|\n|t:|1721659467\n|switch|p1b: Terrakion|Terrakion, L50|100\/100\n|turn|5\n|inactive|Billy_HMD has 30 seconds left.\n|\n|t:|1721659497\n|-terastallize|p2a: Zamazenta|Dragon\n|move|p1b: Terrakion|Sacred Sword|p2a: Zamazenta\n|-damage|p2a: Zamazenta|51\/100 par\n|move|p2b: Raging Bolt|Thunderbolt|p1a: Weezing\n|-damage|p1a: Weezing|0 fnt\n|faint|p1a: Weezing\n|-end|p1a: Weezing|ability: Neutralizing Gas\n|move|p2a: Zamazenta|Body Press|p1b: Terrakion\n|-supereffective|p1b: Terrakion\n|-damage|p1b: Terrakion|0 fnt\n|faint|p1b: Terrakion\n|\n|upkeep\n|\n|t:|1721659502\n|switch|p1b: Calyrex|Calyrex-Shadow, L50|100\/100\n|-ability|p1b: Calyrex|As One\n|-ability|p1b: Calyrex|Unnerve\n|turn|6\n|inactive|13dobe has 30 seconds left.\n|c|\u260613dobe|Yeahh gg didn't bring my counter\n|inactive|13dobe has 20 seconds left.\n|\n|t:|1721659538\n|-end|p2b: Raging Bolt|Protosynthesis|[silent]\n|switch|p2b: Grimmsnarl|Grimmsnarl, L50, M|100\/100 par\n|move|p1b: Calyrex|Astral Barrage|p2b: Grimmsnarl|[spread] p2a,p2b\n|-resisted|p2b: Grimmsnarl\n|-damage|p2a: Zamazenta|10\/100 par\n|-damage|p2b: Grimmsnarl|71\/100 par\n|move|p2a: Zamazenta|Heavy Slam|p1b: Calyrex\n|-damage|p1b: Calyrex|46\/100\n|\n|upkeep\n|turn|7\n|\n|t:|1721659557\n|-terastallize|p1b: Calyrex|Fairy\n|cant|p2a: Zamazenta|par\n|move|p1b: Calyrex|Astral Barrage|p2b: Grimmsnarl|[spread] p2a,p2b\n|-resisted|p2b: Grimmsnarl\n|-damage|p2a: Zamazenta|0 fnt\n|-damage|p2b: Grimmsnarl|42\/100 par\n|faint|p2a: Zamazenta\n|-ability|p1b: Calyrex|Grim Neigh|boost\n|-boost|p1b: Calyrex|spa|1\n|move|p2b: Grimmsnarl|Spirit Break|p1b: Calyrex\n|-damage|p1b: Calyrex|4\/100\n|-unboost|p1b: Calyrex|spa|1\n|\n|upkeep\n|\n|t:|1721659564\n|switch|p2a: Raging Bolt|Raging Bolt, L50|55\/100\n|turn|8\n|c|\u260613dobe|Gg wp\n|c|\u260613dobe|Needed garc\n|\n|t:|1721659574\n|move|p2a: Raging Bolt|Thunderclap||[still]\n|-fail|p2a: Raging Bolt\n|cant|p2b: Grimmsnarl|par\n|move|p1b: Calyrex|Calm Mind|p1b: Calyrex\n|-boost|p1b: Calyrex|spa|1\n|-boost|p1b: Calyrex|spd|1\n|\n|upkeep\n|turn|9\n|\n|t:|1721659581\n|move|p1b: Calyrex|Protect|p1b: Calyrex\n|-singleturn|p1b: Calyrex|Protect\n|move|p2a: Raging Bolt|Thunderclap||[still]\n|-fail|p2a: Raging Bolt\n|move|p2b: Grimmsnarl|Spirit Break|p1b: Calyrex\n|-activate|p1b: Calyrex|move: Protect\n|\n|upkeep\n|turn|10\n|\n|t:|1721659587\n|move|p2a: Raging Bolt|Thunderclap||[still]\n|-fail|p2a: Raging Bolt\n|move|p1b: Calyrex|Calm Mind|p1b: Calyrex\n|-boost|p1b: Calyrex|spa|1\n|-boost|p1b: Calyrex|spd|1\n|cant|p2b: Grimmsnarl|par\n|\n|upkeep\n|turn|11\n|\n|t:|1721659594\n|move|p2a: Raging Bolt|Thunderclap|p1b: Calyrex\n|-damage|p1b: Calyrex|0 fnt\n|faint|p1b: Calyrex\n|\n|win|Billy_HMD\n|raw|13dobe's rating: 1711 &rarr; <strong>1691<\/strong><br \/>(-20 for losing)\n|raw|Billy_HMD's rating: 1703 &rarr; <strong>1723<\/strong><br \/>(+20 for winning)\n|c|\u260613dobe|Lol\n|l|\u2606Billy_HMD\n|player|p2|\n","uploadtime":1721659766,"views":11,"formatid":"gen9vgc2024regg","rating":1691,"private":0,"password":null}