{"id":"gen9vgc2024regg-2165995987","format":"[Gen 9] VGC 2024 Reg G","players":["imaborat","Loungerv"],"log":"|j|\u2606imaborat\n|j|\u2606Loungerv\n|t:|1721745324\n|gametype|doubles\n|player|p1|imaborat|102|1733\n|player|p2|Loungerv|drayden|1771\n|teamsize|p1|6\n|teamsize|p2|6\n|gen|9\n|tier|[Gen 9] VGC 2024 Reg G\n|rated|\n|rule|Species Clause: Limit one of each Pok\u00e9mon\n|rule|Item Clause: Limit one of each item\n|clearpoke\n|poke|p1|Grafaiai, L50, M|\n|poke|p1|Indeedee, L50, M|\n|poke|p1|Calyrex-Shadow, L50|\n|poke|p1|Azumarill, L50, F|\n|poke|p1|Volcarona, L50, M|\n|poke|p1|Whimsicott, L50, F|\n|poke|p2|Miraidon, L50|\n|poke|p2|Incineroar, L50, M|\n|poke|p2|Porygon2, L50|\n|poke|p2|Rillaboom, L50, F|\n|poke|p2|Ogerpon-Hearthflame, L50, F|\n|poke|p2|Iron Bundle, L50|\n|teampreview|4\n|inactive|Battle timer is ON: inactive players will automatically lose when time's up. (requested by Loungerv)\nLoungerv rejected open team sheets.\n|\n|t:|1721745352\n|start\n|switch|p1a: Grafaiai|Grafaiai, L50, M|100\/100\n|switch|p1b: Whimsicott|Whimsicott, L50, F|100\/100\n|switch|p2a: Incineroar|Incineroar, L50, M|100\/100\n|switch|p2b: Porygon2|Porygon2, L50|100\/100\n|-ability|p2a: Incineroar|Intimidate|boost\n|-unboost|p1a: Grafaiai|atk|1\n|-unboost|p1b: Whimsicott|atk|1\n|turn|1\n|\n|t:|1721745367\n|switch|p1b: Indeedee|Indeedee, L50, M|100\/100\n|-fieldstart|move: Psychic Terrain|[from] ability: Psychic Surge|[of] p1b: Indeedee\n|-enditem|p1a: Grafaiai|Psychic Seed\n|-boost|p1a: Grafaiai|spd|1|[from] item: Psychic Seed\n|move|p2b: Porygon2|Protect|p2b: Porygon2\n|-singleturn|p2b: Porygon2|Protect\n|move|p2a: Incineroar|Fake Out|p1b: Indeedee\n|-activate|p1b: Indeedee|move: Psychic Terrain\n|move|p1a: Grafaiai|Taunt|p2b: Porygon2\n|-activate|p2b: Porygon2|move: Protect\n|\n|upkeep\n|turn|2\n|inactive|Loungerv has 30 seconds left.\n|\n|t:|1721745398\n|move|p1a: Grafaiai|Taunt|p2b: Porygon2\n|-start|p2b: Porygon2|move: Taunt\n|move|p1b: Indeedee|Hyper Voice|p2b: Porygon2|[spread] p2a,p2b\n|-crit|p2a: Incineroar\n|-damage|p2a: Incineroar|71\/100\n|-damage|p2b: Porygon2|83\/100\n|move|p2a: Incineroar|Knock Off|p1b: Indeedee\n|-supereffective|p1b: Indeedee\n|-damage|p1b: Indeedee|0 fnt\n|-enditem|p1b: Indeedee|Choice Scarf|[from] move: Knock Off|[of] p2a: Incineroar\n|faint|p1b: Indeedee\n|move|p2b: Porygon2|Thunderbolt|p1a: Grafaiai\n|-damage|p1a: Grafaiai|74\/100\n|\n|upkeep\n|\n|t:|1721745411\n|switch|p1b: Calyrex|Calyrex-Shadow, L50|100\/100\n|-ability|p1b: Calyrex|As One\n|-ability|p1b: Calyrex|Unnerve\n|turn|3\n|\n|t:|1721745422\n|-terastallize|p1b: Calyrex|Water\n|move|p1a: Grafaiai|Acid Spray|p2b: Porygon2\n|-damage|p2b: Porygon2|75\/100\n|-unboost|p2b: Porygon2|spd|2\n|move|p1b: Calyrex|Tera Blast|p2a: Incineroar|[anim] Tera Blast Water\n|-supereffective|p2a: Incineroar\n|-damage|p2a: Incineroar|0 fnt\n|faint|p2a: Incineroar\n|-ability|p1b: Calyrex|Grim Neigh|boost\n|-boost|p1b: Calyrex|spa|1\n|-damage|p1b: Calyrex|91\/100|[from] item: Life Orb\n|move|p2b: Porygon2|Foul Play|p1b: Calyrex\n|-damage|p1b: Calyrex|64\/100\n|\n|upkeep\n|\n|t:|1721745435\n|switch|p2a: Miraidon|Miraidon, L50|100\/100\n|-fieldstart|move: Electric Terrain|[from] ability: Hadron Engine|[of] p2a: Miraidon\n|turn|4\n|\n|t:|1721745450\n|move|p1a: Grafaiai|Acid Spray|p2a: Miraidon\n|-damage|p2a: Miraidon|90\/100\n|-unboost|p2a: Miraidon|spd|2\n|move|p1b: Calyrex|Astral Barrage|p2b: Porygon2|[spread] p2a\n|-immune|p2b: Porygon2\n|-damage|p2a: Miraidon|0 fnt\n|faint|p2a: Miraidon\n|-ability|p1b: Calyrex|Grim Neigh|boost\n|-boost|p1b: Calyrex|spa|1\n|-damage|p1b: Calyrex|55\/100|[from] item: Life Orb\n|move|p2b: Porygon2|Thunderbolt|p1a: Grafaiai\n|-damage|p1a: Grafaiai|39\/100\n|\n|-end|p2b: Porygon2|move: Taunt\n|upkeep\n|j| wb_vg\n|\n|t:|1721745459\n|switch|p2a: Iron Bundle|Iron Bundle, L50|100\/100\n|-activate|p2a: Iron Bundle|ability: Quark Drive\n|-start|p2a: Iron Bundle|quarkdrivespe\n|turn|5\n|\n|t:|1721745473\n|move|p1b: Calyrex|Protect|p1b: Calyrex\n|-singleturn|p1b: Calyrex|Protect\n|move|p1a: Grafaiai|Taunt|p2b: Porygon2\n|-start|p2b: Porygon2|move: Taunt\n|move|p2a: Iron Bundle|Freeze-Dry|p1b: Calyrex\n|-activate|p1b: Calyrex|move: Protect\n|move|p2b: Porygon2|Thunderbolt|p1a: Grafaiai\n|-damage|p1a: Grafaiai|3\/100\n|\n|upkeep\n|turn|6\n|inactive|imaborat has 30 seconds left.\n|\n|t:|1721745504\n|move|p1a: Grafaiai|Scary Face|p2a: Iron Bundle\n|-unboost|p2a: Iron Bundle|spe|2\n|move|p1b: Calyrex|Expanding Force|p2b: Porygon2\n|-damage|p2b: Porygon2|0 fnt\n|faint|p2b: Porygon2\n|-ability|p1b: Calyrex|Grim Neigh|boost\n|-boost|p1b: Calyrex|spa|1\n|-damage|p1b: Calyrex|45\/100|[from] item: Life Orb\n|move|p2a: Iron Bundle|Freeze-Dry|p1b: Calyrex\n|-supereffective|p1b: Calyrex\n|-damage|p1b: Calyrex|0 fnt\n|faint|p1b: Calyrex\n|-damage|p2a: Iron Bundle|91\/100|[from] item: Life Orb\n|\n|upkeep\n|\n|t:|1721745516\n|switch|p1b: Whimsicott|Whimsicott, L50, F|100\/100\n|turn|7\n|\n|t:|1721745525\n|move|p1a: Grafaiai|Acid Spray|p2a: Iron Bundle\n|-damage|p2a: Iron Bundle|69\/100\n|-unboost|p2a: Iron Bundle|spd|2\n|move|p2a: Iron Bundle|Blizzard|p1a: Grafaiai|[spread] p1a,p1b\n|-crit|p1a: Grafaiai\n|-supereffective|p1b: Whimsicott\n|-damage|p1a: Grafaiai|0 fnt\n|-damage|p1b: Whimsicott|0 fnt\n|faint|p1a: Grafaiai\n|faint|p1b: Whimsicott\n|-damage|p2a: Iron Bundle|59\/100|[from] item: Life Orb\n|\n|win|Loungerv\n|raw|imaborat's rating: 1733 &rarr; <strong>1715<\/strong><br \/>(-18 for losing)\n|raw|Loungerv's rating: 1771 &rarr; <strong>1789<\/strong><br \/>(+18 for winning)\n|l|\u2606imaborat\n|player|p1|\n|l| wb_vg\n","uploadtime":1721745718,"views":16,"formatid":"gen9vgc2024regg","rating":1715,"private":0,"password":null}