{"id":"gen9vgc2024regg-2165232251","format":"[Gen 9] VGC 2024 Reg G","players":["kayver2","Gene10"],"log":"|j|\u2606kayver2\n|j|\u2606Gene10\n|t:|1721632166\n|gametype|doubles\n|player|p1|kayver2|ethan|1696\n|player|p2|Gene10|1|1651\n|teamsize|p1|6\n|teamsize|p2|6\n|gen|9\n|tier|[Gen 9] VGC 2024 Reg G\n|rated|\n|rule|Species Clause: Limit one of each Pok\u00e9mon\n|rule|Item Clause: Limit one of each item\n|clearpoke\n|poke|p1|Miraidon, L50|\n|poke|p1|Iron Hands, L50|\n|poke|p1|Urshifu-*, L50, F|\n|poke|p1|Farigiraf, L50, M|\n|poke|p1|Whimsicott, L50, F|\n|poke|p1|Ogerpon-Hearthflame, L50, F|\n|poke|p2|Calyrex-Ice, L50|\n|poke|p2|Incineroar, L50, M|\n|poke|p2|Urshifu-*, L50, M|\n|poke|p2|Raging Bolt, L50|\n|poke|p2|Landorus, L50, M|\n|poke|p2|Rillaboom, L50, M|\n|teampreview|4\n|inactive|Battle timer is ON: inactive players will automatically lose when time's up. (requested by Gene10)\n|j| nddts blue\n|inactive|Gene10 has 60 seconds left.\n|\n|t:|1721632198\n|start\n|switch|p1a: Miraidon|Miraidon, L50|100\/100\n|switch|p1b: Farigiraf|Farigiraf, L50, M|100\/100\n|switch|p2a: Landorus|Landorus, L50, M|100\/100\n|switch|p2b: Rillaboom|Rillaboom, L50, M|100\/100\n|-fieldstart|move: Electric Terrain|[from] ability: Hadron Engine|[of] p1a: Miraidon\n|-enditem|p1b: Farigiraf|Electric Seed\n|-boost|p1b: Farigiraf|def|1|[from] item: Electric Seed\n|-fieldstart|move: Grassy Terrain|[from] ability: Grassy Surge|[of] p2b: Rillaboom\n|turn|1\n|inactive|kayver2 has 30 seconds left.\n|\n|t:|1721632232\n|-terastallize|p1a: Miraidon|Fairy\n|move|p2a: Landorus|Protect|p2a: Landorus\n|-singleturn|p2a: Landorus|Protect\n|move|p1a: Miraidon|Dazzling Gleam|p2a: Landorus|[spread] p2b\n|-activate|p2a: Landorus|move: Protect\n|-damage|p2b: Rillaboom|68\/100\n|move|p2b: Rillaboom|U-turn|p1b: Farigiraf\n|-supereffective|p1b: Farigiraf\n|-damage|p1b: Farigiraf|79\/100\n|\n|t:|1721632245\n|switch|p2b: Calyrex|Calyrex-Ice, L50|100\/100|[from] U-turn\n|-ability|p2b: Calyrex|As One\n|-ability|p2b: Calyrex|Unnerve\n|move|p1b: Farigiraf|Foul Play|p2b: Calyrex\n|-supereffective|p2b: Calyrex\n|-damage|p2b: Calyrex|53\/100\n|\n|-heal|p1b: Farigiraf|86\/100|[from] Grassy Terrain\n|-heal|p2b: Calyrex|59\/100|[from] Grassy Terrain\n|upkeep\n|turn|2\n|inactive|Gene10 has 30 seconds left.\n|inactive|Gene10 has 20 seconds left.\n|inactive|Gene10 has 15 seconds left.\n|\n|t:|1721632286\n|move|p1b: Farigiraf|Helping Hand|p1a: Miraidon\n|-singleturn|p1a: Miraidon|Helping Hand|[of] p1b: Farigiraf\n|move|p1a: Miraidon|Dazzling Gleam|p2b: Calyrex|[spread] p2a,p2b\n|-damage|p2a: Landorus|27\/100\n|-damage|p2b: Calyrex|12\/100\n|move|p2a: Landorus|Earth Power|p1b: Farigiraf\n|-damage|p1b: Farigiraf|20\/100\n|move|p2b: Calyrex|Glacial Lance|p1a: Miraidon|[spread] p1a,p1b\n|-damage|p1a: Miraidon|50\/100\n|-damage|p1b: Farigiraf|0 fnt\n|faint|p1b: Farigiraf\n|-ability|p2b: Calyrex|Chilling Neigh|boost\n|-boost|p2b: Calyrex|atk|1\n|\n|-heal|p1a: Miraidon|56\/100|[from] Grassy Terrain\n|-heal|p2b: Calyrex|18\/100|[from] Grassy Terrain\n|upkeep\n|\n|t:|1721632299\n|switch|p1b: Ogerpon|Ogerpon-Hearthflame, L50, F|100\/100\n|-ability|p1b: Ogerpon|Mold Breaker\n|turn|3\n|inactive|Gene10 has 30 seconds left.\n|inactive|Gene10 has 20 seconds left.\n|\n|t:|1721632338\n|move|p2a: Landorus|Protect|p2a: Landorus\n|-singleturn|p2a: Landorus|Protect\n|move|p1a: Miraidon|Dazzling Gleam|p2b: Calyrex|[spread] p2b\n|-activate|p2a: Landorus|move: Protect\n|-damage|p2b: Calyrex|0 fnt\n|faint|p2b: Calyrex\n|move|p1b: Ogerpon|Ivy Cudgel|p2a: Landorus|[anim] Ivy Cudgel Fire\n|-activate|p2a: Landorus|move: Protect\n|\n|-heal|p1a: Miraidon|61\/100|[from] Grassy Terrain\n|upkeep\n|j| THUNDERSND77\n|\n|t:|1721632350\n|switch|p2b: Rillaboom|Rillaboom, L50, M|68\/100\n|turn|4\n|inactive|kayver2 has 30 seconds left.\n|\n|t:|1721632375\n|switch|p1a: Iron Hands|Iron Hands, L50|100\/100\n|move|p2b: Rillaboom|Fake Out|p1a: Iron Hands\n|-damage|p1a: Iron Hands|92\/100\n|move|p1b: Ogerpon|Follow Me|p1b: Ogerpon\n|-singleturn|p1b: Ogerpon|move: Follow Me\n|move|p2a: Landorus|Sludge Bomb|p1b: Ogerpon\n|-supereffective|p1b: Ogerpon\n|-damage|p1b: Ogerpon|0 fnt\n|faint|p1b: Ogerpon\n|\n|-heal|p2b: Rillaboom|74\/100|[from] Grassy Terrain\n|-heal|p1a: Iron Hands|98\/100|[from] Grassy Terrain\n|upkeep\n|\n|t:|1721632384\n|switch|p1b: Miraidon|Miraidon, L50, tera:Fairy|61\/100\n|-fieldstart|move: Electric Terrain|[from] ability: Hadron Engine|[of] p1b: Miraidon\n|-activate|p1a: Iron Hands|ability: Quark Drive\n|-start|p1a: Iron Hands|quarkdriveatk\n|turn|5\n|j| tester66432\n|j| Wiewsg\n|\n|t:|1721632399\n|switch|p2b: Urshifu|Urshifu, L50, M|100\/100\n|move|p2a: Landorus|Protect|p2a: Landorus\n|-singleturn|p2a: Landorus|Protect\n|move|p1b: Miraidon|Dazzling Gleam|p2b: Urshifu|[spread] p2b\n|-activate|p2a: Landorus|move: Protect\n|-supereffective|p2b: Urshifu\n|-damage|p2b: Urshifu|0 fnt\n|faint|p2b: Urshifu\n|move|p1a: Iron Hands|Drain Punch|p2a: Landorus\n|-activate|p2a: Landorus|move: Protect\n|\n|upkeep\n|\n|t:|1721632415\n|switch|p2b: Rillaboom|Rillaboom, L50, M|74\/100\n|-fieldstart|move: Grassy Terrain|[from] ability: Grassy Surge|[of] p2b: Rillaboom\n|-end|p1a: Iron Hands|Quark Drive\n|turn|6\n|l| Wiewsg\n|inactive|Gene10 has 30 seconds left.\n|\n|t:|1721632448\n|move|p2b: Rillaboom|Fake Out|p1b: Miraidon\n|-damage|p1b: Miraidon|50\/100\n|cant|p1b: Miraidon|flinch\n|move|p2a: Landorus|Substitute|p2a: Landorus\n|-start|p2a: Landorus|Substitute\n|-damage|p2a: Landorus|2\/100\n|move|p1a: Iron Hands|Drain Punch|p2b: Rillaboom\n|-damage|p2b: Rillaboom|41\/100\n|-heal|p1a: Iron Hands|100\/100|[from] drain|[of] p2b: Rillaboom\n|\n|-heal|p1b: Miraidon|56\/100|[from] Grassy Terrain\n|-heal|p2b: Rillaboom|47\/100|[from] Grassy Terrain\n|upkeep\n|turn|7\n|j| Wiewsg\n|l| Wiewsg\n|inactive|Gene10 has 30 seconds left.\n|\n|t:|1721632478\n|-terastallize|p2b: Rillaboom|Fire\n|move|p2b: Rillaboom|Grassy Glide|p1a: Iron Hands\n|-damage|p1a: Iron Hands|80\/100\n|move|p1b: Miraidon|Dazzling Gleam|p2a: Landorus|[spread] p2a,p2b\n|-end|p2a: Landorus|Substitute\n|-resisted|p2b: Rillaboom\n|-damage|p2b: Rillaboom|30\/100\n|move|p2a: Landorus|Earth Power|p1a: Iron Hands\n|-supereffective|p1a: Iron Hands\n|-damage|p1a: Iron Hands|0 fnt\n|faint|p1a: Iron Hands\n|-end|p1a: Iron Hands|Quark Drive|[silent]\n|\n|-heal|p1b: Miraidon|61\/100|[from] Grassy Terrain\n|-heal|p2b: Rillaboom|36\/100|[from] Grassy Terrain\n|upkeep\n|turn|8\n|j| Wiewsg\n|l| Wiewsg\n|\n|t:|1721632502\n|move|p2a: Landorus|Protect|p2a: Landorus\n|-singleturn|p2a: Landorus|Protect\n|move|p1b: Miraidon|Dazzling Gleam|p2a: Landorus|[spread] p2b\n|-activate|p2a: Landorus|move: Protect\n|-resisted|p2b: Rillaboom\n|-damage|p2b: Rillaboom|20\/100\n|move|p2b: Rillaboom|Wood Hammer|p1b: Miraidon\n|-damage|p1b: Miraidon|0 fnt\n|faint|p1b: Miraidon\n|-damage|p2b: Rillaboom|1\/100|[from] Recoil\n|\n|win|Gene10\n|raw|kayver2's rating: 1696 &rarr; <strong>1673<\/strong><br \/>(-23 for losing)\n|raw|Gene10's rating: 1651 &rarr; <strong>1674<\/strong><br \/>(+23 for winning)\n|l|\u2606Gene10\n|player|p2|\n|l| THUNDERSND77\n|l|\u2606kayver2\n|player|p1|\n|l| tester66432\n","uploadtime":1721632638,"views":23,"formatid":"gen9vgc2024regg","rating":1673,"private":0,"password":null}