{"id":"gen9vgc2024regg-2165918550","format":"[Gen 9] VGC 2024 Reg G","players":["SubToPenglin","D-sCnSe"],"log":"|j|\u2606SubToPenglin\n|j|\u2606D-sCnSe\n|t:|1721734732\n|gametype|doubles\n|player|p1|SubToPenglin|dawn-gen4pt|1722\n|player|p2|D-sCnSe|2|1735\n|teamsize|p1|6\n|teamsize|p2|6\n|gen|9\n|tier|[Gen 9] VGC 2024 Reg G\n|rated|\n|rule|Species Clause: Limit one of each Pok\u00e9mon\n|rule|Item Clause: Limit one of each item\n|clearpoke\n|poke|p1|Comfey, L50, F|\n|poke|p1|Terapagos, L50, M|\n|poke|p1|Tornadus, L50, M|\n|poke|p1|Ogerpon-Cornerstone, L50, F|\n|poke|p1|Magmar, L50, F|\n|poke|p1|Raichu, L50, F|\n|poke|p2|Ogerpon-Wellspring, L50, F|\n|poke|p2|Gothitelle, L50, M|\n|poke|p2|Sylveon, L50, M|\n|poke|p2|Talonflame, L50, M|\n|poke|p2|Urshifu-*, L50, M|\n|poke|p2|Calyrex-Shadow, L50|\n|teampreview|4\n|inactive|Battle timer is ON: inactive players will automatically lose when time's up. (requested by SubToPenglin)\n|\n|t:|1721734762\n|start\n|switch|p1a: Terapagos|Terapagos, L50, M|100\/100\n|switch|p1b: Tornadus|Tornadus, L50, M|100\/100\n|switch|p2a: Ogerpon|Ogerpon-Wellspring, L50, F|100\/100\n|switch|p2b: Gothitelle|Gothitelle, L50, M|100\/100\n|-activate|p1a: Terapagos|ability: Tera Shift\n|detailschange|p1a: Terapagos|Terapagos-Terastal, L50, M\n|-heal|p1a: Terapagos|100\/100|[silent]\n|turn|1\n|inactive|D-sCnSe has 30 seconds left.\n|\n|t:|1721734795\n|-terastallize|p2a: Ogerpon|Water\n|detailschange|p2a: Ogerpon|Ogerpon-Wellspring-Tera, L50, F, tera:Water\n|-ability|p2a: Ogerpon|Embody Aspect (Wellspring)|boost\n|-boost|p2a: Ogerpon|spd|1\n|move|p2b: Gothitelle|Fake Out|p1a: Terapagos\n|-activate|p1a: Terapagos|ability: Tera Shell\n|-resisted|p1a: Terapagos\n|-damage|p1a: Terapagos|98\/100\n|move|p1b: Tornadus|Bleakwind Storm|p2b: Gothitelle|[spread] p2a,p2b\n|-damage|p2a: Ogerpon|82\/100\n|-damage|p2b: Gothitelle|72\/100\n|-unboost|p2b: Gothitelle|spe|1\n|move|p2a: Ogerpon|Ivy Cudgel|p1b: Tornadus|[anim] Ivy Cudgel Water\n|-crit|p1b: Tornadus\n|-damage|p1b: Tornadus|0 fnt\n|faint|p1b: Tornadus\n|cant|p1a: Terapagos|flinch\n|\n|upkeep\n|\n|t:|1721734807\n|switch|p1b: Ogerpon|Ogerpon-Cornerstone, L50, F|100\/100\n|turn|2\n|inactive|SubToPenglin has 30 seconds left.\n|\n|t:|1721734840\n|move|p2a: Ogerpon|Spiky Shield|p2a: Ogerpon\n|-singleturn|p2a: Ogerpon|move: Protect\n|move|p1b: Ogerpon|Horn Leech|p2a: Ogerpon\n|-activate|p2a: Ogerpon|move: Protect\n|-damage|p1b: Ogerpon|88\/100|[from] Spiky Shield|[of] p2a: Ogerpon\n|move|p1a: Terapagos|Calm Mind|p1a: Terapagos\n|-boost|p1a: Terapagos|spa|1\n|-boost|p1a: Terapagos|spd|1\n|move|p2b: Gothitelle|Foul Play|p1b: Ogerpon\n|-damage|p1b: Ogerpon|51\/100\n|\n|upkeep\n|turn|3\n|j| shanehuang\n|inactive|D-sCnSe has 30 seconds left.\n|inactive|D-sCnSe has 20 seconds left.\n|\n|t:|1721734878\n|-terastallize|p1a: Terapagos|Stellar\n|detailschange|p1a: Terapagos|Terapagos-Stellar, L50, M, tera:Stellar\n|-heal|p1a: Terapagos|99\/100|[silent]\n|move|p1b: Ogerpon|Ivy Cudgel|p2b: Gothitelle|[anim] Ivy Cudgel Rock\n|-crit|p2b: Gothitelle\n|-damage|p2b: Gothitelle|0 fnt\n|faint|p2b: Gothitelle\n|move|p2a: Ogerpon|Horn Leech|p1a: Terapagos\n|-damage|p1a: Terapagos|75\/100\n|-heal|p2a: Ogerpon|99\/100|[from] drain|[of] p1a: Terapagos\n|move|p1a: Terapagos|Tera Starstorm|p2a: Ogerpon\n|-supereffective|p2a: Ogerpon\n|-damage|p2a: Ogerpon|10\/100\n|\n|upkeep\n|\n|t:|1721734892\n|switch|p2b: Urshifu|Urshifu, L50, M|100\/100\n|turn|4\n|j| Sherlock4580\n|\n|t:|1721734913\n|switch|p1a: Comfey|Comfey, L50, F, shiny|100\/100\n|move|p2a: Ogerpon|Follow Me|p2a: Ogerpon\n|-singleturn|p2a: Ogerpon|move: Follow Me\n|move|p1b: Ogerpon|Horn Leech|p2a: Ogerpon\n|-supereffective|p2a: Ogerpon\n|-damage|p2a: Ogerpon|0 fnt\n|-heal|p1b: Ogerpon|57\/100|[from] drain|[of] p2a: Ogerpon\n|faint|p2a: Ogerpon\n|move|p2b: Urshifu|Close Combat|p1a: Comfey\n|-resisted|p1a: Comfey\n|-damage|p1a: Comfey|62\/100\n|-unboost|p2b: Urshifu|def|1\n|-unboost|p2b: Urshifu|spd|1\n|\n|upkeep\n|\n|t:|1721734920\n|switch|p2a: Calyrex|Calyrex-Shadow, L50|100\/100\n|-ability|p2a: Calyrex|As One\n|-ability|p2a: Calyrex|Unnerve\n|turn|5\n|\n|t:|1721734935\n|move|p1b: Ogerpon|Spiky Shield|p1b: Ogerpon\n|-singleturn|p1b: Ogerpon|move: Protect\n|move|p2b: Urshifu|Detect|p2b: Urshifu\n|-singleturn|p2b: Urshifu|Protect\n|move|p1a: Comfey|Protect|p1a: Comfey\n|-singleturn|p1a: Comfey|Protect\n|move|p2a: Calyrex|Astral Barrage|p1b: Ogerpon|[spread] \n|-activate|p1a: Comfey|move: Protect\n|-activate|p1b: Ogerpon|move: Protect\n|\n|upkeep\n|turn|6\n|\n|t:|1721734959\n|move|p1a: Comfey|Draining Kiss|p2b: Urshifu\n|-supereffective|p2b: Urshifu\n|-enditem|p2b: Urshifu|Focus Sash\n|-damage|p2b: Urshifu|1\/100\n|-heal|p1a: Comfey|100\/100|[from] drain|[of] p2b: Urshifu\n|move|p2b: Urshifu|Sucker Punch|p1b: Ogerpon\n|-damage|p1b: Ogerpon|8\/100\n|move|p2a: Calyrex|Astral Barrage|p1a: Comfey|[spread] p1a,p1b\n|-damage|p1a: Comfey|13\/100\n|-damage|p1b: Ogerpon|0 fnt\n|faint|p1b: Ogerpon\n|-ability|p2a: Calyrex|Grim Neigh|boost\n|-boost|p2a: Calyrex|spa|1\n|\n|upkeep\n|\n|t:|1721734964\n|switch|p1b: Terapagos|Terapagos-Stellar, L50, M, tera:Stellar|75\/100\n|turn|7\n|\n|t:|1721734975\n|move|p2b: Urshifu|Detect|p2b: Urshifu\n|-singleturn|p2b: Urshifu|Protect\n|move|p1a: Comfey|Protect|p1a: Comfey\n|-singleturn|p1a: Comfey|Protect\n|move|p2a: Calyrex|Astral Barrage|p1b: Terapagos|[spread] \n|-activate|p1a: Comfey|move: Protect\n|-immune|p1b: Terapagos\n|move|p1b: Terapagos|Tera Starstorm|p2a: Calyrex|[spread] p2a\n|-activate|p2b: Urshifu|move: Protect\n|-crit|p2a: Calyrex\n|-damage|p2a: Calyrex|45\/100\n|\n|upkeep\n|turn|8\n|\n|t:|1721734983\n|move|p2b: Urshifu|Detect|p2b: Urshifu\n|-singleturn|p2b: Urshifu|Protect\n|move|p1a: Comfey|Draining Kiss|p2b: Urshifu\n|-activate|p2b: Urshifu|move: Protect\n|move|p2a: Calyrex|Astral Barrage|p1b: Terapagos|[spread] p1a\n|-immune|p1b: Terapagos\n|-damage|p1a: Comfey|0 fnt\n|faint|p1a: Comfey\n|-ability|p2a: Calyrex|Grim Neigh|boost\n|-boost|p2a: Calyrex|spa|1\n|move|p1b: Terapagos|Tera Starstorm|p2a: Calyrex|[spread] p2a\n|-activate|p2b: Urshifu|move: Protect\n|-damage|p2a: Calyrex|5\/100\n|\n|upkeep\n|turn|9\n|c|\u2606SubToPenglin|eh\n|\n|t:|1721735000\n|move|p2a: Calyrex|Astral Barrage|p1b: Terapagos\n|-immune|p1b: Terapagos\n|move|p2b: Urshifu|Close Combat|p1b: Terapagos\n|-supereffective|p1b: Terapagos\n|-damage|p1b: Terapagos|0 fnt\n|-unboost|p2b: Urshifu|def|1\n|-unboost|p2b: Urshifu|spd|1\n|faint|p1b: Terapagos\n|\n|win|D-sCnSe\n|raw|SubToPenglin's rating: 1737 &rarr; <strong>1717<\/strong><br \/>(-20 for losing)\n|raw|D-sCnSe's rating: 1735 &rarr; <strong>1755<\/strong><br \/>(+20 for winning)\n","uploadtime":1721735016,"views":38,"formatid":"gen9vgc2024regg","rating":1717,"private":0,"password":null}