{"id":"gen9vgc2024regg-2165962444","format":"[Gen 9] VGC 2024 Reg G","players":["SubToPenglin","roseyradio"],"log":"|j|\u2606SubToPenglin\n|j|\u2606roseyradio\n|t:|1721741211\n|gametype|doubles\n|player|p1|SubToPenglin|dawn-gen4pt|1698\n|player|p2|roseyradio|skier|1740\n|teamsize|p1|6\n|teamsize|p2|6\n|gen|9\n|tier|[Gen 9] VGC 2024 Reg G\n|rated|\n|rule|Species Clause: Limit one of each Pok\u00e9mon\n|rule|Item Clause: Limit one of each item\n|clearpoke\n|poke|p1|Comfey, L50, M|\n|poke|p1|Terapagos, L50, M|\n|poke|p1|Tornadus, L50, M|\n|poke|p1|Ogerpon-Cornerstone, L50, F|\n|poke|p1|Magmar, L50, M|\n|poke|p1|Raichu, L50, M|\n|poke|p2|Calyrex-Ice, L50|\n|poke|p2|Smeargle, L50, F|\n|poke|p2|Ursaluna-Bloodmoon, L50, M|\n|poke|p2|Indeedee-F, L50, F|\n|poke|p2|Amoonguss, L50, M|\n|poke|p2|Raging Bolt, L50|\n|teampreview|4\n|inactive|Battle timer is ON: inactive players will automatically lose when time's up. (requested by SubToPenglin)\n|\n|t:|1721741235\n|start\n|switch|p1a: Terapagos|Terapagos, L50, M|100\/100\n|switch|p1b: Magmar|Magmar, L50, M, shiny|100\/100\n|switch|p2a: Calyrex|Calyrex-Ice, L50|100\/100\n|switch|p2b: Smeargle|Smeargle, L50, F, shiny|100\/100\n|-activate|p1a: Terapagos|ability: Tera Shift\n|detailschange|p1a: Terapagos|Terapagos-Terastal, L50, M\n|-heal|p1a: Terapagos|100\/100|[silent]\n|-ability|p2a: Calyrex|As One\n|-ability|p2a: Calyrex|Unnerve\n|turn|1\n|\n|t:|1721741256\n|move|p2b: Smeargle|Fake Out|p1b: Magmar\n|-damage|p1b: Magmar|97\/100\n|move|p1a: Terapagos|Calm Mind|p1a: Terapagos\n|-boost|p1a: Terapagos|spa|1\n|-boost|p1a: Terapagos|spd|1\n|cant|p1b: Magmar|flinch\n|move|p2a: Calyrex|Trick Room|p2a: Calyrex\n|-fieldstart|move: Trick Room|[of] p2a: Calyrex\n|\n|upkeep\n|turn|2\n|\n|t:|1721741272\n|switch|p2b: Rich|Ursaluna-Bloodmoon, L50, M|100\/100\n|-terastallize|p1a: Terapagos|Stellar\n|detailschange|p1a: Terapagos|Terapagos-Stellar, L50, M, tera:Stellar\n|-heal|p1a: Terapagos|100\/100|[silent]\n|move|p1b: Magmar|Follow Me|p1b: Magmar\n|-singleturn|p1b: Magmar|move: Follow Me\n|move|p2a: Calyrex|Glacial Lance|p1b: Magmar|[spread] p1a,p1b\n|-resisted|p1b: Magmar\n|-damage|p1a: Terapagos|64\/100\n|-damage|p1b: Magmar|78\/100\n|move|p1a: Terapagos|Tera Starstorm|p2a: Calyrex|[spread] p2a,p2b\n|-damage|p2a: Calyrex|64\/100\n|-damage|p2b: Rich|42\/100\n|\n|upkeep\n|turn|3\n|inactive|SubToPenglin has 30 seconds left.\n|\n|t:|1721741300\n|-terastallize|p2b: Rich|Normal\n|move|p1a: Terapagos|Protect|p1a: Terapagos\n|-singleturn|p1a: Terapagos|Protect\n|move|p2b: Rich|Hyper Voice|p1b: Magmar|[spread] p1b\n|-activate|p1a: Terapagos|move: Protect\n|-damage|p1b: Magmar|19\/100\n|-damage|p2b: Rich|32\/100|[from] item: Life Orb\n|move|p2a: Calyrex|Glacial Lance|p1b: Magmar|[spread] p1b\n|-activate|p1a: Terapagos|move: Protect\n|-resisted|p1b: Magmar\n|-damage|p1b: Magmar|0 fnt\n|faint|p1b: Magmar\n|-ability|p2a: Calyrex|Chilling Neigh|boost\n|-boost|p2a: Calyrex|atk|1\n|\n|upkeep\n|\n|t:|1721741302\n|switch|p1b: Comfey|Comfey, L50, M, shiny|100\/100\n|turn|4\n|\n|t:|1721741307\n|move|p1b: Comfey|Floral Healing|p1a: Terapagos\n|-heal|p1a: Terapagos|100\/100\n|move|p2b: Rich|Blood Moon|p1a: Terapagos\n|-damage|p1a: Terapagos|39\/100\n|-damage|p2b: Rich|23\/100|[from] item: Life Orb\n|move|p2a: Calyrex|Close Combat|p1a: Terapagos\n|-supereffective|p1a: Terapagos\n|-damage|p1a: Terapagos|0 fnt\n|-unboost|p2a: Calyrex|def|1\n|-unboost|p2a: Calyrex|spd|1\n|faint|p1a: Terapagos\n|-ability|p2a: Calyrex|Chilling Neigh|boost\n|-boost|p2a: Calyrex|atk|1\n|\n|upkeep\n|\n|t:|1721741311\n|switch|p1a: Ogerpon|Ogerpon-Cornerstone, L50, F|100\/100\n|turn|5\n|j| magicalarcher57\n|\n|t:|1721741316\n|move|p1b: Comfey|Protect|p1b: Comfey\n|-singleturn|p1b: Comfey|Protect\n|move|p1a: Ogerpon|Spiky Shield|p1a: Ogerpon\n|-singleturn|p1a: Ogerpon|move: Protect\n|move|p2b: Rich|Hyper Voice|p1b: Comfey|[spread] \n|-activate|p1a: Ogerpon|move: Protect\n|-activate|p1b: Comfey|move: Protect\n|move|p2a: Calyrex|Glacial Lance|p1a: Ogerpon|[spread] \n|-activate|p1a: Ogerpon|move: Protect\n|-activate|p1b: Comfey|move: Protect\n|\n|-fieldend|move: Trick Room\n|upkeep\n|turn|6\n|j| ahfoong0411\n|\n|t:|1721741327\n|move|p1b: Comfey|Draining Kiss|p2b: Rich\n|-damage|p2b: Rich|0 fnt\n|faint|p2b: Rich\n|move|p1a: Ogerpon|Ivy Cudgel|p2a: Calyrex|[anim] Ivy Cudgel Rock\n|-supereffective|p2a: Calyrex\n|-damage|p2a: Calyrex|0 fnt\n|faint|p2a: Calyrex\n|\n|upkeep\n|\n|t:|1721741351\n|switch|p2a: Smeargle|Smeargle, L50, F, shiny|100\/100\n|switch|p2b: Stephen|Amoonguss, L50, M|100\/100\n|turn|7\n|\n|t:|1721741373\n|move|p1b: Comfey|Draining Kiss|p2a: Smeargle\n|-damage|p2a: Smeargle|67\/100\n|move|p2a: Smeargle|Fake Out|p1a: Ogerpon\n|-resisted|p1a: Ogerpon\n|-damage|p1a: Ogerpon|97\/100\n|cant|p1a: Ogerpon|flinch\n|move|p2b: Stephen|Spore|p1b: Comfey\n|-status|p1b: Comfey|slp|[from] move: Spore\n|\n|upkeep\n|turn|8\n|inactive|SubToPenglin has 30 seconds left.\n|\n|t:|1721741399\n|move|p1a: Ogerpon|Ivy Cudgel|p2a: Smeargle|[anim] Ivy Cudgel Rock\n|-damage|p2a: Smeargle|0 fnt\n|faint|p2a: Smeargle\n|cant|p1b: Comfey|slp\n|move|p2b: Stephen|Pollen Puff|p2: Smeargle|[notarget]\n|-fail|p2b: Stephen\n|\n|upkeep\n|turn|9\n|-message|roseyradio forfeited.\n|\n|win|SubToPenglin\n|raw|SubToPenglin's rating: 1673 &rarr; <strong>1697<\/strong><br \/>(+24 for winning)\n|raw|roseyradio's rating: 1740 &rarr; <strong>1716<\/strong><br \/>(-24 for losing)\n|l|\u2606roseyradio\n|player|p2|\n|l| magicalarcher57\n|l|\u2606SubToPenglin\n|player|p1|\n","uploadtime":1721741572,"views":9,"formatid":"gen9vgc2024regg","rating":1697,"private":0,"password":null}