{"id":"gen9vgc2024regg-2165578779","format":"[Gen 9] VGC 2024 Reg G","players":["Paradox Mourinho","auraen"],"log":"|j|\u203dParadox Mourinho\n|j|\u2606auraen\n|t:|1721680988\n|gametype|doubles\n|player|p1|Paradox Mourinho|lance|1775\n|player|p2|auraen|harlequin|1782\n|teamsize|p1|6\n|teamsize|p2|6\n|gen|9\n|tier|[Gen 9] VGC 2024 Reg G\n|rated|\n|rule|Species Clause: Limit one of each Pok\u00e9mon\n|rule|Item Clause: Limit one of each item\n|clearpoke\n|poke|p1|Calyrex-Shadow, L50|\n|poke|p1|Maushold, L50|\n|poke|p1|Tatsugiri, L50, M|\n|poke|p1|Dondozo, L50, M|\n|poke|p1|Mienshao, L50, F|\n|poke|p1|Weezing-Galar, L50, F|\n|poke|p2|Terapagos, L50, M|\n|poke|p2|Munkidori, L50, M|\n|poke|p2|Incineroar, L50, F|\n|poke|p2|Sinistcha, L50|\n|poke|p2|Basculegion, L50, M|\n|poke|p2|Flamigo, L50, M|\n|teampreview|4\n|inactive|Battle timer is ON: inactive players will automatically lose when time's up. (requested by Paradox Mourinho)\n|\n|t:|1721681017\n|start\n|switch|p1a: Calyrex|Calyrex-Shadow, L50|100\/100\n|switch|p1b: Mienshao|Mienshao, L50, F|100\/100\n|switch|p2a: Terapagos|Terapagos, L50, M|100\/100\n|switch|p2b: Flamigo|Flamigo, L50, M|100\/100\n|-ability|p1a: Calyrex|As One\n|-ability|p1a: Calyrex|Unnerve\n|-activate|p2a: Terapagos|ability: Tera Shift\n|detailschange|p2a: Terapagos|Terapagos-Terastal, L50, M\n|-heal|p2a: Terapagos|100\/100|[silent]\n|turn|1\n|\n|t:|1721681023\n|-terastallize|p2a: Terapagos|Stellar\n|detailschange|p2a: Terapagos|Terapagos-Stellar, L50, M, tera:Stellar\n|-heal|p2a: Terapagos|100\/100|[silent]\n|move|p1a: Calyrex|Psyshock|p2a: Terapagos\n|-damage|p2a: Terapagos|59\/100\n|move|p1b: Mienshao|Close Combat|p2a: Terapagos\n|-supereffective|p2a: Terapagos\n|-damage|p2a: Terapagos|0 fnt\n|-unboost|p1b: Mienshao|def|1\n|-unboost|p1b: Mienshao|spd|1\n|faint|p2a: Terapagos\n|move|p2b: Flamigo|Tailwind|p2b: Flamigo\n|-sidestart|p2: auraen|move: Tailwind\n|\n|upkeep\n|\n|t:|1721681027\n|switch|p2a: Basculegion|Basculegion, L50, M|100\/100\n|turn|2\n|\n|t:|1721681046\n|switch|p1a: Dondozo|Dondozo, L50, M|100\/100\n|switch|p1b: Tatsugiri|Tatsugiri, L50, M|100\/100\n|-activate|p1b: Tatsugiri|ability: Commander|[of] p1a: Dondozo\n|-boost|p1a: Dondozo|atk|2\n|-boost|p1a: Dondozo|spa|2\n|-boost|p1a: Dondozo|spe|2\n|-boost|p1a: Dondozo|def|2\n|-boost|p1a: Dondozo|spd|2\n|move|p2b: Flamigo|Feint|p1a: Dondozo\n|-damage|p1a: Dondozo|97\/100\n|move|p2a: Basculegion|Last Respects|p1a: Dondozo\n|-damage|p1a: Dondozo|78\/100\n|\n|-heal|p1a: Dondozo|84\/100|[from] item: Leftovers\n|upkeep\n|turn|3\n|\n|t:|1721681062\n|switch|p2b: Sinistcha|Sinistcha, L50|100\/100\n|move|p2a: Basculegion|Last Respects|p1a: Dondozo\n|-damage|p1a: Dondozo|63\/100\n|move|p1a: Dondozo|Order Up|p2a: Basculegion\n|-damage|p2a: Basculegion|50\/100\n|-boost|p1a: Dondozo|atk|1\n|\n|-heal|p1a: Dondozo|69\/100|[from] item: Leftovers\n|upkeep\n|turn|4\n|\n|t:|1721681069\n|switch|p2a: Flamigo|Flamigo, L50, M|100\/100\n|move|p1a: Dondozo|Protect|p1a: Dondozo\n|-singleturn|p1a: Dondozo|Protect\n|move|p2b: Sinistcha|Trick Room|p2b: Sinistcha\n|-fieldstart|move: Trick Room|[of] p2b: Sinistcha\n|\n|-heal|p1a: Dondozo|75\/100|[from] item: Leftovers\n|-sideend|p2: auraen|move: Tailwind\n|upkeep\n|turn|5\n|\n|t:|1721681077\n|move|p2b: Sinistcha|Strength Sap|p1a: Dondozo\n|-unboost|p1a: Dondozo|atk|1\n|move|p1a: Dondozo|Substitute|p1a: Dondozo\n|-start|p1a: Dondozo|Substitute\n|-damage|p1a: Dondozo|50\/100\n|move|p2a: Flamigo|Close Combat|p1a: Dondozo\n|-activate|p1a: Dondozo|move: Substitute|[damage]\n|-unboost|p2a: Flamigo|def|1\n|-unboost|p2a: Flamigo|spd|1\n|\n|-heal|p1a: Dondozo|56\/100|[from] item: Leftovers\n|upkeep\n|turn|6\n|j| LesPaul07\n|\n|t:|1721681086\n|move|p2b: Sinistcha|Rage Powder|p2b: Sinistcha\n|-singleturn|p2b: Sinistcha|move: Rage Powder\n|move|p1a: Dondozo|Order Up|p2b: Sinistcha\n|-damage|p2b: Sinistcha|58\/100\n|-boost|p1a: Dondozo|atk|1\n|move|p2a: Flamigo|Close Combat|p1a: Dondozo\n|-end|p1a: Dondozo|Substitute\n|-unboost|p2a: Flamigo|def|1\n|-unboost|p2a: Flamigo|spd|1\n|\n|-heal|p1a: Dondozo|62\/100|[from] item: Leftovers\n|upkeep\n|turn|7\n|\n|t:|1721681097\n|move|p1a: Dondozo|Protect|p1a: Dondozo\n|-singleturn|p1a: Dondozo|Protect\n|move|p2a: Flamigo|Feint|p1a: Dondozo\n|-activate|p1a: Dondozo|move: Feint\n|-damage|p1a: Dondozo|58\/100\n|move|p2b: Sinistcha|Strength Sap|p1a: Dondozo\n|-unboost|p1a: Dondozo|atk|1\n|-heal|p2b: Sinistcha|100\/100\n|\n|-heal|p1a: Dondozo|64\/100|[from] item: Leftovers\n|upkeep\n|turn|8\n|\n|t:|1721681106\n|move|p2b: Sinistcha|Strength Sap|p1a: Dondozo\n|-unboost|p1a: Dondozo|atk|1\n|move|p1a: Dondozo|Order Up|p2a: Flamigo\n|-damage|p2a: Flamigo|51\/100\n|-boost|p1a: Dondozo|atk|1\n|move|p2a: Flamigo|Close Combat|p1a: Dondozo\n|-damage|p1a: Dondozo|46\/100\n|-unboost|p2a: Flamigo|def|1\n|-unboost|p2a: Flamigo|spd|1\n|\n|-heal|p1a: Dondozo|52\/100|[from] item: Leftovers\n|-fieldend|move: Trick Room\n|upkeep\n|turn|9\n|\n|t:|1721681114\n|move|p2a: Flamigo|Close Combat|p1a: Dondozo\n|-damage|p1a: Dondozo|31\/100\n|-unboost|p2a: Flamigo|def|1\n|-unboost|p2a: Flamigo|spd|1\n|move|p1a: Dondozo|Order Up|p2a: Flamigo\n|-damage|p2a: Flamigo|0 fnt\n|faint|p2a: Flamigo\n|-boost|p1a: Dondozo|atk|1\n|move|p2b: Sinistcha|Trick Room|p2b: Sinistcha\n|-fieldstart|move: Trick Room|[of] p2b: Sinistcha\n|\n|-heal|p1a: Dondozo|37\/100|[from] item: Leftovers\n|upkeep\n|\n|t:|1721681116\n|switch|p2a: Basculegion|Basculegion, L50, M|50\/100\n|turn|10\n|\n|t:|1721681120\n|move|p1a: Dondozo|Protect|p1a: Dondozo\n|-singleturn|p1a: Dondozo|Protect\n|move|p2b: Sinistcha|Matcha Gotcha|p1b: Tatsugiri|[spread] \n|-miss|p2b: Sinistcha|p1b: Tatsugiri\n|-activate|p1a: Dondozo|move: Protect\n|move|p2a: Basculegion|Last Respects|p1a: Dondozo\n|-activate|p1a: Dondozo|move: Protect\n|\n|-heal|p1a: Dondozo|43\/100|[from] item: Leftovers\n|upkeep\n|turn|11\n|\n|t:|1721681130\n|-terastallize|p1a: Dondozo|Dragon\n|move|p2b: Sinistcha|Matcha Gotcha|p1b: Tatsugiri|[spread] p1a\n|-miss|p2b: Sinistcha|p1b: Tatsugiri\n|-resisted|p1a: Dondozo\n|-damage|p1a: Dondozo|38\/100\n|move|p1a: Dondozo|Order Up|p2a: Basculegion\n|-damage|p2a: Basculegion|0 fnt\n|faint|p2a: Basculegion\n|-boost|p1a: Dondozo|atk|1\n|\n|-heal|p1a: Dondozo|44\/100|[from] item: Leftovers\n|upkeep\n|turn|12\n|-message|auraen forfeited.\n|\n|win|Paradox Mourinho\n|raw|Paradox Mourinho's rating: 1775 &rarr; <strong>1795<\/strong><br \/>(+20 for winning)\n|raw|auraen's rating: 1782 &rarr; <strong>1762<\/strong><br \/>(-20 for losing)\n|l|\u2606auraen\n|player|p2|\n|l|\u203dParadox Mourinho\n|player|p1|\n|l| LesPaul07\n","uploadtime":1721681317,"views":56,"formatid":"gen9vgc2024regg","rating":1762,"private":0,"password":null}