{"id":"gen9vgc2024regg-2165585602","format":"[Gen 9] VGC 2024 Reg G","players":["Paradox Mourinho","GuevaraGaming2"],"log":"|j|\u203dParadox Mourinho\n|j|\u2606GuevaraGaming2\n|t:|1721681798\n|gametype|doubles\n|player|p1|Paradox Mourinho|lance|1809\n|player|p2|GuevaraGaming2|hilbert-wonderlauncher|1748\n|teamsize|p1|6\n|teamsize|p2|6\n|gen|9\n|tier|[Gen 9] VGC 2024 Reg G\n|rated|\n|rule|Species Clause: Limit one of each Pok\u00e9mon\n|rule|Item Clause: Limit one of each item\n|clearpoke\n|poke|p1|Calyrex-Shadow, L50|\n|poke|p1|Maushold, L50|\n|poke|p1|Tatsugiri, L50, M|\n|poke|p1|Dondozo, L50, M|\n|poke|p1|Mienshao, L50, F|\n|poke|p1|Weezing-Galar, L50, F|\n|poke|p2|Zamazenta-*, L50|\n|poke|p2|Chien-Pao, L50|\n|poke|p2|Rillaboom, L50, M|\n|poke|p2|Pelipper, L50, F|\n|poke|p2|Farigiraf, L50, M|\n|poke|p2|Urshifu-*, L50, M|\n|teampreview|4\n|\n|t:|1721681840\n|start\n|switch|p1a: Calyrex|Calyrex-Shadow, L50|100\/100\n|switch|p1b: Maushold|Maushold, L50|100\/100\n|switch|p2a: Chien-Pao|Chien-Pao, L50|100\/100\n|switch|p2b: Zamazenta|Zamazenta-Crowned, L50|100\/100\n|-ability|p1a: Calyrex|As One\n|-ability|p1a: Calyrex|Unnerve\n|-ability|p2a: Chien-Pao|Sword of Ruin\n|-ability|p2b: Zamazenta|Dauntless Shield|boost\n|-boost|p2b: Zamazenta|def|1\n|turn|1\n|\n|t:|1721681864\n|-terastallize|p1a: Calyrex|Ghost\n|move|p1b: Maushold|Feint|p2a: Chien-Pao\n|-damage|p2a: Chien-Pao|89\/100\n|move|p1a: Calyrex|Astral Barrage|p2a: Chien-Pao|[spread] p2a,p2b\n|-resisted|p2a: Chien-Pao\n|-damage|p2a: Chien-Pao|3\/100\n|-damage|p2b: Zamazenta|21\/100\n|move|p2a: Chien-Pao|Throat Chop|p1a: Calyrex\n|-supereffective|p1a: Calyrex\n|-damage|p1a: Calyrex|12\/100\n|-start|p1a: Calyrex|Throat Chop|[silent]\n|move|p2b: Zamazenta|Body Press|p1b: Maushold\n|-supereffective|p1b: Maushold\n|-damage|p1b: Maushold|0 fnt\n|-damage|p2b: Zamazenta|4\/100|[from] item: Rocky Helmet|[of] p1b: Maushold\n|faint|p1b: Maushold\n|\n|upkeep\n|\n|t:|1721681875\n|switch|p1b: Dondozo|Dondozo, L50, M|100\/100\n|turn|2\n|\n|t:|1721681884\n|move|p2a: Chien-Pao|Sucker Punch|p1a: Calyrex\n|-supereffective|p1a: Calyrex\n|-damage|p1a: Calyrex|0 fnt\n|faint|p1a: Calyrex\n|move|p2b: Zamazenta|Body Press|p1b: Dondozo\n|-damage|p1b: Dondozo|58\/100\n|move|p1b: Dondozo|Substitute|p1b: Dondozo\n|-start|p1b: Dondozo|Substitute\n|-damage|p1b: Dondozo|33\/100\n|\n|-heal|p1b: Dondozo|39\/100|[from] item: Leftovers\n|upkeep\n|\n|t:|1721681887\n|switch|p1a: Tatsugiri|Tatsugiri, L50, M|100\/100\n|-activate|p1a: Tatsugiri|ability: Commander|[of] p1b: Dondozo\n|-boost|p1b: Dondozo|atk|2\n|-boost|p1b: Dondozo|spa|2\n|-boost|p1b: Dondozo|spe|2\n|-boost|p1b: Dondozo|def|2\n|-boost|p1b: Dondozo|spd|2\n|turn|3\n|\n|t:|1721681894\n|move|p2a: Chien-Pao|Protect|p2a: Chien-Pao\n|-singleturn|p2a: Chien-Pao|Protect\n|move|p2b: Zamazenta|Body Press|p1b: Dondozo\n|-activate|p1b: Dondozo|move: Substitute|[damage]\n|move|p1b: Dondozo|Order Up|p2b: Zamazenta\n|-resisted|p2b: Zamazenta\n|-damage|p2b: Zamazenta|0 fnt\n|faint|p2b: Zamazenta\n|-boost|p1b: Dondozo|atk|1\n|\n|-heal|p1b: Dondozo|45\/100|[from] item: Leftovers\n|upkeep\n|j| caozera93\n|\n|t:|1721681903\n|switch|p2b: Rillaboom|Rillaboom, L50, M|100\/100\n|-fieldstart|move: Grassy Terrain|[from] ability: Grassy Surge|[of] p2b: Rillaboom\n|turn|4\n|j| NemesisBuild\n|\n|t:|1721681913\n|move|p1b: Dondozo|Protect|p1b: Dondozo\n|-singleturn|p1b: Dondozo|Protect\n|move|p2b: Rillaboom|Fake Out|p1b: Dondozo\n|-activate|p1b: Dondozo|move: Protect\n|move|p2a: Chien-Pao|Throat Chop|p1b: Dondozo\n|-activate|p1b: Dondozo|move: Protect\n|\n|-heal|p2a: Chien-Pao|9\/100|[from] Grassy Terrain\n|-heal|p1b: Dondozo|51\/100|[from] Grassy Terrain\n|-heal|p1b: Dondozo|57\/100|[from] item: Leftovers\n|upkeep\n|turn|5\n|\n|t:|1721681919\n|move|p2a: Chien-Pao|Throat Chop|p1b: Dondozo\n|-end|p1b: Dondozo|Substitute\n|move|p1b: Dondozo|Order Up|p2a: Chien-Pao\n|-damage|p2a: Chien-Pao|0 fnt\n|faint|p2a: Chien-Pao\n|-boost|p1b: Dondozo|atk|1\n|move|p2b: Rillaboom|Wood Hammer|p1b: Dondozo\n|-supereffective|p1b: Dondozo\n|-damage|p1b: Dondozo|3\/100\n|-damage|p2b: Rillaboom|79\/100|[from] Recoil\n|\n|-heal|p1b: Dondozo|9\/100|[from] Grassy Terrain\n|-heal|p1b: Dondozo|15\/100|[from] item: Leftovers\n|-heal|p2b: Rillaboom|85\/100|[from] Grassy Terrain\n|upkeep\n|l| NemesisBuild\n|\n|t:|1721681923\n|switch|p2a: Urshifu|Urshifu-Rapid-Strike, L50, M|100\/100\n|turn|6\n|\n|t:|1721681930\n|-terastallize|p2a: Urshifu|Water\n|move|p2a: Urshifu|Surging Strikes|p1b: Dondozo\n|-resisted|p1b: Dondozo\n|-crit|p1b: Dondozo\n|-damage|p1b: Dondozo|5\/100\n|-resisted|p1b: Dondozo\n|-crit|p1b: Dondozo\n|-damage|p1b: Dondozo|0 fnt\n|faint|p1b: Dondozo\n|-hitcount|p1: Dondozo|2\n|move|p2b: Rillaboom|Wood Hammer|p1a: Tatsugiri\n|-damage|p1a: Tatsugiri|0 fnt\n|faint|p1a: Tatsugiri\n|-damage|p2b: Rillaboom|57\/100|[from] Recoil\n|\n|win|GuevaraGaming2\n|raw|Paradox Mourinho's rating: 1809 &rarr; <strong>1786<\/strong><br \/>(-23 for losing)\n|raw|GuevaraGaming2's rating: 1748 &rarr; <strong>1771<\/strong><br \/>(+23 for winning)\n|l|\u203dParadox Mourinho\n|player|p1|\n|l|\u2606GuevaraGaming2\n|player|p2|\n","uploadtime":1721682136,"views":67,"formatid":"gen9vgc2024regg","rating":1771,"private":0,"password":null}