{"id":"gen9vgc2024regg-2165563766","format":"[Gen 9] VGC 2024 Reg G","players":["roseyradio","Billy_HMD"],"log":"|j|\u2606roseyradio\n|j|\u2606Billy_HMD\n|t:|1721679284\n|gametype|doubles\n|player|p1|roseyradio|skier|1726\n|player|p2|Billy_HMD|dawn|1763\n|teamsize|p1|6\n|teamsize|p2|6\n|gen|9\n|tier|[Gen 9] VGC 2024 Reg G\n|rated|\n|rule|Species Clause: Limit one of each Pok\u00e9mon\n|rule|Item Clause: Limit one of each item\n|clearpoke\n|poke|p1|Calyrex-Ice, L50|\n|poke|p1|Smeargle, L50, F|\n|poke|p1|Ursaluna-Bloodmoon, L50, M|\n|poke|p1|Indeedee-F, L50, F|\n|poke|p1|Amoonguss, L50, M|\n|poke|p1|Raging Bolt, L50|\n|poke|p2|Zamazenta-*, L50|\n|poke|p2|Volcarona, L50, F|\n|poke|p2|Grimmsnarl, L50, M|\n|poke|p2|Landorus-Therian, L50, M|\n|poke|p2|Rillaboom, L50, M|\n|poke|p2|Raging Bolt, L50|\n|teampreview|4\n|inactive|Battle timer is ON: inactive players will automatically lose when time's up. (requested by Billy_HMD)\n|j| Hydrion\n|\n|t:|1721679307\n|start\n|switch|p1a: Calyrex|Calyrex-Ice, L50|100\/100\n|switch|p1b: Smeargle|Smeargle, L50, F, shiny|100\/100\n|switch|p2a: Volcarona|Volcarona, L50, F|100\/100\n|switch|p2b: Zamazenta|Zamazenta-Crowned, L50|100\/100\n|-ability|p1a: Calyrex|As One\n|-ability|p1a: Calyrex|Unnerve\n|-ability|p2b: Zamazenta|Dauntless Shield|boost\n|-boost|p2b: Zamazenta|def|1\n|turn|1\n|\n|t:|1721679330\n|move|p1b: Smeargle|Fake Out|p2b: Zamazenta\n|-resisted|p2b: Zamazenta\n|-damage|p2b: Zamazenta|99\/100\n|cant|p2b: Zamazenta|flinch\n|move|p2a: Volcarona|Heat Wave|p1b: Smeargle|[spread] p1a,p1b\n|-supereffective|p1a: Calyrex\n|-damage|p1a: Calyrex|48\/100\n|-damage|p1b: Smeargle|26\/100\n|move|p1a: Calyrex|Trick Room|p1a: Calyrex\n|-fieldstart|move: Trick Room|[of] p1a: Calyrex\n|\n|upkeep\n|turn|2\n|\n|t:|1721679351\n|move|p1b: Smeargle|Decorate|p1a: Calyrex\n|-boost|p1a: Calyrex|atk|2\n|-boost|p1a: Calyrex|spa|2\n|move|p1a: Calyrex|Close Combat|p2b: Zamazenta\n|-supereffective|p2b: Zamazenta\n|-damage|p2b: Zamazenta|17\/100\n|-unboost|p1a: Calyrex|def|1\n|-unboost|p1a: Calyrex|spd|1\n|move|p2a: Volcarona|Heat Wave|p1a: Calyrex|[spread] p1a,p1b\n|-supereffective|p1a: Calyrex\n|-damage|p1a: Calyrex|0 fnt\n|-damage|p1b: Smeargle|0 fnt\n|faint|p1a: Calyrex\n|faint|p1b: Smeargle\n|move|p2b: Zamazenta|Body Press|p1: Calyrex|[notarget]\n|-fail|p2b: Zamazenta\n|\n|upkeep\n|\n|t:|1721679357\n|switch|p1b: Stephen|Amoonguss, L50, M|100\/100\n|switch|p1a: Ursaluna|Ursaluna-Bloodmoon, L50, M|100\/100\n|turn|3\n|inactive|Billy_HMD has 30 seconds left.\n|\n|t:|1721679386\n|-terastallize|p1a: Ursaluna|Normal\n|-terastallize|p2a: Volcarona|Grass\n|move|p1b: Stephen|Spore|p2a: Volcarona\n|-immune|p2a: Volcarona\n|move|p1a: Ursaluna|Hyper Voice|p2a: Volcarona|[spread] p2a,p2b\n|-resisted|p2b: Zamazenta\n|-damage|p2a: Volcarona|41\/100\n|-damage|p2b: Zamazenta|0 fnt\n|faint|p2b: Zamazenta\n|-damage|p1a: Ursaluna|91\/100|[from] item: Life Orb\n|move|p2a: Volcarona|Heat Wave|p1b: Stephen|[spread] p1a,p1b\n|-supereffective|p1b: Stephen\n|-damage|p1a: Ursaluna|48\/100\n|-damage|p1b: Stephen|34\/100\n|\n|-heal|p2a: Volcarona|47\/100|[from] item: Leftovers\n|upkeep\n|\n|t:|1721679399\n|switch|p2b: Rillaboom|Rillaboom, L50, M|100\/100\n|-fieldstart|move: Grassy Terrain|[from] ability: Grassy Surge|[of] p2b: Rillaboom\n|turn|4\n|c|\u2606roseyradio|And now I know you\u2019re Tera grass\n|\n|t:|1721679417\n|move|p2b: Rillaboom|Fake Out|p1a: Ursaluna\n|-damage|p1a: Ursaluna|39\/100\n|move|p1b: Stephen|Pollen Puff|p1a: Ursaluna\n|-heal|p1a: Ursaluna|89\/100\n|cant|p1a: Ursaluna|flinch\n|move|p2a: Volcarona|Heat Wave|p1b: Stephen|[spread] p1a,p1b\n|-supereffective|p1b: Stephen\n|-damage|p1a: Ursaluna|44\/100\n|-damage|p1b: Stephen|0 fnt\n|faint|p1b: Stephen\n|\n|-heal|p1a: Ursaluna|50\/100|[from] Grassy Terrain\n|-heal|p2a: Volcarona|54\/100|[from] Grassy Terrain\n|-heal|p2a: Volcarona|60\/100|[from] item: Leftovers\n|upkeep\n|turn|5\n|\n|t:|1721679433\n|move|p2a: Volcarona|Protect|p2a: Volcarona\n|-singleturn|p2a: Volcarona|Protect\n|move|p1a: Ursaluna|Blood Moon|p2b: Rillaboom\n|-damage|p2b: Rillaboom|6\/100\n|-damage|p1a: Ursaluna|41\/100|[from] item: Life Orb\n|move|p2b: Rillaboom|Wood Hammer|p1a: Ursaluna\n|-damage|p1a: Ursaluna|0 fnt\n|faint|p1a: Ursaluna\n|-damage|p2b: Rillaboom|0 fnt|[from] Recoil\n|faint|p2b: Rillaboom\n|\n|win|Billy_HMD\n|raw|roseyradio's rating: 1726 &rarr; <strong>1708<\/strong><br \/>(-18 for losing)\n|raw|Billy_HMD's rating: 1763 &rarr; <strong>1781<\/strong><br \/>(+18 for winning)\n|l|\u2606Billy_HMD\n|player|p2|\n|l|\u2606roseyradio\n|player|p1|\n","uploadtime":1721679677,"views":11,"formatid":"gen9vgc2024regg","rating":1708,"private":0,"password":null}