{"id":"gen9vgc2024regg-2165569048","format":"[Gen 9] VGC 2024 Reg G","players":["Billy_HMD","Gyaradostyranitar"],"log":"|j|\u2606Billy_HMD\n|j|\u2606Gyaradostyranitar\n|t:|1721679872\n|gametype|doubles\n|player|p1|Billy_HMD|dawn|1795\n|player|p2|Gyaradostyranitar|roark|1705\n|teamsize|p1|6\n|teamsize|p2|6\n|gen|9\n|tier|[Gen 9] VGC 2024 Reg G\n|rated|\n|rule|Species Clause: Limit one of each Pok\u00e9mon\n|rule|Item Clause: Limit one of each item\n|clearpoke\n|poke|p1|Zamazenta-*, L50|\n|poke|p1|Volcarona, L50, F|\n|poke|p1|Grimmsnarl, L50, M|\n|poke|p1|Landorus-Therian, L50, M|\n|poke|p1|Rillaboom, L50, M|\n|poke|p1|Raging Bolt, L50|\n|poke|p2|Calyrex-Ice, L50|\n|poke|p2|Indeedee-F, L50, F|\n|poke|p2|Hatterene, L50, F|\n|poke|p2|Ursaluna, L50, F|\n|poke|p2|Tyranitar, L50, M|\n|poke|p2|Iron Hands, L50|\n|teampreview|4\n|inactive|Battle timer is ON: inactive players will automatically lose when time's up. (requested by Billy_HMD)\n|inactive|Gyaradostyranitar also wants the timer to be on.\n|inactive|Billy_HMD has 60 seconds left.\n|\n|t:|1721679906\n|start\n|switch|p1a: Grimmsnarl|Grimmsnarl, L50, M|100\/100\n|switch|p1b: Volcarona|Volcarona, L50, F|100\/100\n|switch|p2a: Calyrex|Calyrex-Ice, L50|100\/100\n|switch|p2b: Iron Hands|Iron Hands, L50|100\/100\n|-ability|p2a: Calyrex|As One\n|-ability|p2a: Calyrex|Unnerve\n|turn|1\n|\n|t:|1721679924\n|-terastallize|p2a: Calyrex|Ice\n|move|p2b: Iron Hands|Fake Out|p1b: Volcarona\n|-damage|p1b: Volcarona|85\/100\n|move|p1a: Grimmsnarl|Reflect|p1a: Grimmsnarl\n|-sidestart|p1: Billy_HMD|Reflect\n|cant|p1b: Volcarona|flinch\n|move|p2a: Calyrex|Trick Room|p2a: Calyrex\n|-fieldstart|move: Trick Room|[of] p2a: Calyrex\n|\n|-heal|p1b: Volcarona|91\/100|[from] item: Leftovers\n|upkeep\n|turn|2\n|inactive|Billy_HMD has 30 seconds left.\n|\n|t:|1721679955\n|move|p2a: Calyrex|Glacial Lance|p1a: Grimmsnarl|[spread] p1a,p1b\n|-resisted|p1b: Volcarona\n|-damage|p1a: Grimmsnarl|47\/100\n|-damage|p1b: Volcarona|65\/100\n|move|p2b: Iron Hands|Wild Charge|p1b: Volcarona\n|-damage|p1b: Volcarona|32\/100\n|-damage|p2b: Iron Hands|94\/100|[from] Recoil\n|move|p1a: Grimmsnarl|Spirit Break|p2b: Iron Hands\n|-supereffective|p2b: Iron Hands\n|-damage|p2b: Iron Hands|56\/100\n|-unboost|p2b: Iron Hands|spa|1\n|move|p1b: Volcarona|Heat Wave|p2b: Iron Hands|[spread] p2a,p2b\n|-supereffective|p2a: Calyrex\n|-damage|p2a: Calyrex|55\/100\n|-damage|p2b: Iron Hands|35\/100\n|\n|-heal|p1b: Volcarona|39\/100|[from] item: Leftovers\n|upkeep\n|turn|3\n|inactive|Billy_HMD has 30 seconds left.\n|inactive|Billy_HMD has 20 seconds left.\n|\n|t:|1721679991\n|switch|p1a: Zamazenta|Zamazenta-Crowned, L50|100\/100\n|-ability|p1a: Zamazenta|Dauntless Shield|boost\n|-boost|p1a: Zamazenta|def|1\n|move|p1b: Volcarona|Protect|p1b: Volcarona\n|-singleturn|p1b: Volcarona|Protect\n|move|p2b: Iron Hands|Wild Charge|p1b: Volcarona\n|-activate|p1b: Volcarona|move: Protect\n|move|p2a: Calyrex|Glacial Lance|p1a: Zamazenta|[spread] p1a\n|-activate|p1b: Volcarona|move: Protect\n|-resisted|p1a: Zamazenta\n|-damage|p1a: Zamazenta|91\/100\n|\n|-heal|p1b: Volcarona|45\/100|[from] item: Leftovers\n|upkeep\n|turn|4\n|inactive|Billy_HMD has 30 seconds left.\n|\n|t:|1721680022\n|move|p2b: Iron Hands|Drain Punch|p1a: Zamazenta\n|-supereffective|p1a: Zamazenta\n|-damage|p1a: Zamazenta|70\/100\n|-heal|p2b: Iron Hands|44\/100|[from] drain|[of] p1a: Zamazenta\n|move|p2a: Calyrex|High Horsepower|p1b: Volcarona\n|-damage|p1b: Volcarona|19\/100\n|move|p1b: Volcarona|Heat Wave|p2b: Iron Hands|[spread] p2a,p2b\n|-supereffective|p2a: Calyrex\n|-damage|p2a: Calyrex|12\/100\n|-damage|p2b: Iron Hands|25\/100\n|-status|p2a: Calyrex|brn\n|move|p1a: Zamazenta|Body Press|p2a: Calyrex\n|-supereffective|p2a: Calyrex\n|-damage|p2a: Calyrex|0 fnt\n|faint|p2a: Calyrex\n|\n|-heal|p1b: Volcarona|25\/100|[from] item: Leftovers\n|upkeep\n|\n|t:|1721680032\n|switch|p2a: Hatterene|Hatterene, L50, F|100\/100\n|turn|5\n|inactive|Billy_HMD has 30 seconds left.\n|\n|t:|1721680064\n|-end|p2b: Iron Hands|Quark Drive|[silent]\n|switch|p2b: Ursaluna|Ursaluna, L50, F|100\/100\n|move|p2a: Hatterene|Expanding Force|p1b: Volcarona\n|-damage|p1b: Volcarona|0 fnt\n|faint|p1b: Volcarona\n|-damage|p2a: Hatterene|91\/100|[from] item: Life Orb\n|move|p1a: Zamazenta|Heavy Slam|p2a: Hatterene\n|-supereffective|p2a: Hatterene\n|-damage|p2a: Hatterene|0 fnt\n|faint|p2a: Hatterene\n|\n|-fieldend|move: Trick Room\n|-status|p2b: Ursaluna|brn|[from] item: Flame Orb\n|upkeep\n|\n|t:|1721680080\n|switch|p1b: Rillaboom|Rillaboom, L50, M|100\/100\n|switch|p2a: Iron Hands|Iron Hands, L50|25\/100\n|-fieldstart|move: Grassy Terrain|[from] ability: Grassy Surge|[of] p1b: Rillaboom\n|turn|6\n|\n|t:|1721680094\n|move|p1b: Rillaboom|Fake Out|p2b: Ursaluna\n|-damage|p2b: Ursaluna|89\/100 brn\n|move|p2a: Iron Hands|Fake Out|p1b: Rillaboom\n|-damage|p1b: Rillaboom|89\/100\n|move|p1a: Zamazenta|Body Press|p2a: Iron Hands\n|-damage|p2a: Iron Hands|0 fnt\n|faint|p2a: Iron Hands\n|-end|p2a: Iron Hands|Quark Drive|[silent]\n|cant|p2b: Ursaluna|flinch\n|\n|-heal|p1a: Zamazenta|76\/100|[from] Grassy Terrain\n|-heal|p1b: Rillaboom|95\/100|[from] Grassy Terrain\n|-heal|p2b: Ursaluna|95\/100 brn|[from] Grassy Terrain\n|-damage|p2b: Ursaluna|89\/100 brn|[from] brn\n|upkeep\n|turn|7\n|-message|Gyaradostyranitar forfeited.\n|\n|win|Billy_HMD\n|raw|Billy_HMD's rating: 1795 &rarr; <strong>1810<\/strong><br \/>(+15 for winning)\n|raw|Gyaradostyranitar's rating: 1705 &rarr; <strong>1690<\/strong><br \/>(-15 for losing)\n|l|\u2606Gyaradostyranitar\n|player|p2|\n|l|\u2606Billy_HMD\n|player|p1|\n","uploadtime":1721680360,"views":11,"formatid":"gen9vgc2024regg","rating":1690,"private":0,"password":null}