{"id":"gen9vgc2024regg-2165986853","format":"[Gen 9] VGC 2024 Reg G","players":["Billy_HMD","imaborat"],"log":"|j|\u2606Billy_HMD\n|j|\u2606imaborat\n|t:|1721744233\n|gametype|doubles\n|player|p1|Billy_HMD|dawn|1770\n|player|p2|imaborat|102|1710\n|teamsize|p1|6\n|teamsize|p2|6\n|gen|9\n|tier|[Gen 9] VGC 2024 Reg G\n|rated|\n|rule|Species Clause: Limit one of each Pok\u00e9mon\n|rule|Item Clause: Limit one of each item\n|clearpoke\n|poke|p1|Zamazenta-*, L50|\n|poke|p1|Volcarona, L50, M|\n|poke|p1|Grimmsnarl, L50, M|\n|poke|p1|Landorus-Therian, L50, M|\n|poke|p1|Rillaboom, L50, F|\n|poke|p1|Raging Bolt, L50|\n|poke|p2|Grafaiai, L50, M|\n|poke|p2|Indeedee, L50, M|\n|poke|p2|Calyrex-Shadow, L50|\n|poke|p2|Azumarill, L50, F|\n|poke|p2|Volcarona, L50, M|\n|poke|p2|Whimsicott, L50, M|\n|teampreview|4\n|inactive|Battle timer is ON: inactive players will automatically lose when time's up. (requested by Billy_HMD)\n|inactive|imaborat has 60 seconds left.\n|\n|t:|1721744277\n|start\n|switch|p1a: Grimmsnarl|Grimmsnarl, L50, M|100\/100\n|switch|p1b: Volcarona|Volcarona, L50, M|100\/100\n|switch|p2a: Grafaiai|Grafaiai, L50, M|100\/100\n|switch|p2b: Azumarill|Azumarill, L50, F|100\/100\n|turn|1\n|j| Therazer456\n|inactive|Billy_HMD has 30 seconds left.\n|\n|t:|1721744311\n|switch|p1b: Rillaboom|Rillaboom, L50, F|100\/100\n|-fieldstart|move: Grassy Terrain|[from] ability: Grassy Surge|[of] p1b: Rillaboom\n|move|p1a: Grimmsnarl|Light Screen|p1a: Grimmsnarl\n|-sidestart|p1: Billy_HMD|move: Light Screen\n|move|p2a: Grafaiai|Taunt|p1b: Rillaboom\n|-start|p1b: Rillaboom|move: Taunt\n|move|p2b: Azumarill|Play Rough|p1a: Grimmsnarl|[miss]\n|-miss|p2b: Azumarill|p1a: Grimmsnarl\n|\n|upkeep\n|turn|2\n|inactive|Billy_HMD has 30 seconds left.\n|\n|t:|1721744336\n|switch|p2b: Volcarona|Volcarona, L50, M|100\/100\n|move|p1b: Rillaboom|Fake Out|p2a: Grafaiai\n|-damage|p2a: Grafaiai|78\/100\n|move|p1a: Grimmsnarl|Reflect|p1a: Grimmsnarl\n|-sidestart|p1: Billy_HMD|Reflect\n|cant|p2a: Grafaiai|flinch\n|\n|-heal|p2a: Grafaiai|83\/100|[from] Grassy Terrain\n|upkeep\n|turn|3\n|\n|t:|1721744357\n|switch|p1b: Volcarona|Volcarona, L50, M|100\/100\n|move|p2b: Volcarona|Protect|p2b: Volcarona\n|-singleturn|p2b: Volcarona|Protect\n|move|p1a: Grimmsnarl|Thunder Wave|p2b: Volcarona\n|-activate|p2b: Volcarona|move: Protect\n|move|p2a: Grafaiai|Taunt|p1a: Grimmsnarl\n|-start|p1a: Grimmsnarl|move: Taunt\n|\n|-heal|p2a: Grafaiai|89\/100|[from] Grassy Terrain\n|upkeep\n|turn|4\n|\n|t:|1721744378\n|move|p2a: Grafaiai|Taunt|p1b: Volcarona\n|-start|p1b: Volcarona|move: Taunt\n|move|p2b: Volcarona|Quiver Dance|p2b: Volcarona\n|-boost|p2b: Volcarona|spa|1\n|-boost|p2b: Volcarona|spd|1\n|-boost|p2b: Volcarona|spe|1\n|move|p1b: Volcarona|Heat Wave|p2b: Volcarona|[spread] p2a,p2b\n|-damage|p2a: Grafaiai|43\/100\n|-damage|p2b: Volcarona|80\/100\n|move|p1a: Grimmsnarl|Spirit Break|p2b: Volcarona\n|-resisted|p2b: Volcarona\n|-damage|p2b: Volcarona|64\/100\n|-unboost|p2b: Volcarona|spa|1\n|\n|-heal|p2b: Volcarona|70\/100|[from] Grassy Terrain\n|-heal|p2a: Grafaiai|49\/100|[from] Grassy Terrain\n|upkeep\n|turn|5\n|\n|t:|1721744400\n|move|p2b: Volcarona|Quiver Dance|p2b: Volcarona\n|-boost|p2b: Volcarona|spa|1\n|-boost|p2b: Volcarona|spd|1\n|-boost|p2b: Volcarona|spe|1\n|move|p2a: Grafaiai|Acid Spray|p1b: Volcarona\n|-damage|p1b: Volcarona|93\/100\n|-unboost|p1b: Volcarona|spd|2\n|move|p1b: Volcarona|Heat Wave|p2b: Volcarona|[spread] p2a,p2b\n|-damage|p2a: Grafaiai|0 fnt\n|-damage|p2b: Volcarona|54\/100\n|faint|p2a: Grafaiai\n|move|p1a: Grimmsnarl|Spirit Break|p2b: Volcarona\n|-resisted|p2b: Volcarona\n|-damage|p2b: Volcarona|38\/100\n|-unboost|p2b: Volcarona|spa|1\n|-enditem|p2b: Volcarona|Sitrus Berry|[eat]\n|-heal|p2b: Volcarona|63\/100|[from] item: Sitrus Berry\n|\n|-heal|p2b: Volcarona|69\/100|[from] Grassy Terrain\n|-heal|p1b: Volcarona|99\/100|[from] Grassy Terrain\n|-heal|p1b: Volcarona|100\/100|[from] item: Leftovers\n|-fieldend|move: Grassy Terrain\n|upkeep\n|\n|t:|1721744419\n|switch|p2a: Azumarill|Azumarill, L50, F|100\/100\n|turn|6\n|\n|t:|1721744443\n|switch|p1b: Rillaboom|Rillaboom, L50, F|100\/100\n|-fieldstart|move: Grassy Terrain|[from] ability: Grassy Surge|[of] p1b: Rillaboom\n|-terastallize|p1a: Grimmsnarl|Ghost\n|move|p2b: Volcarona|Heat Wave|p1b: Rillaboom|[spread] p1a,p1b\n|-supereffective|p1b: Rillaboom\n|-damage|p1a: Grimmsnarl|79\/100\n|-damage|p1b: Rillaboom|44\/100\n|move|p1a: Grimmsnarl|Spirit Break|p2b: Volcarona\n|-resisted|p2b: Volcarona\n|-damage|p2b: Volcarona|51\/100\n|-unboost|p2b: Volcarona|spa|1\n|move|p2a: Azumarill|Play Rough|p1a: Grimmsnarl\n|-damage|p1a: Grimmsnarl|38\/100\n|\n|-heal|p2b: Volcarona|57\/100|[from] Grassy Terrain\n|-heal|p1b: Rillaboom|50\/100|[from] Grassy Terrain\n|-heal|p1a: Grimmsnarl|44\/100|[from] Grassy Terrain\n|-end|p1a: Grimmsnarl|move: Taunt\n|upkeep\n|turn|7\n|inactive|Billy_HMD has 30 seconds left.\n|inactive|imaborat has 30 seconds left.\n|inactive|Billy_HMD has 20 seconds left.\n|inactive|Billy_HMD has 15 seconds left.\n|inactive|Billy_HMD has 10 seconds left.\n|inactive|Billy_HMD has 5 seconds left.\n|\n|t:|1721744495\n|switch|p1a: Volcarona|Volcarona, L50, M|100\/100\n|-terastallize|p2a: Azumarill|Fire\n|move|p1b: Rillaboom|Fake Out|p2b: Volcarona\n|-damage|p2b: Volcarona|42\/100\n|cant|p2b: Volcarona|flinch\n|move|p2a: Azumarill|Tera Blast|p1b: Rillaboom|[anim] Tera Blast Fire\n|-supereffective|p1b: Rillaboom\n|-damage|p1b: Rillaboom|0 fnt\n|faint|p1b: Rillaboom\n|\n|-heal|p2b: Volcarona|48\/100|[from] Grassy Terrain\n|upkeep\n|\n|t:|1721744514\n|switch|p1b: Zamazenta|Zamazenta-Crowned, L50|100\/100\n|-ability|p1b: Zamazenta|Dauntless Shield|boost\n|-boost|p1b: Zamazenta|def|1\n|turn|8\n|\n|t:|1721744533\n|move|p2b: Volcarona|Quiver Dance|p2b: Volcarona\n|-boost|p2b: Volcarona|spa|1\n|-boost|p2b: Volcarona|spd|1\n|-boost|p2b: Volcarona|spe|1\n|move|p1b: Zamazenta|Body Press|p2a: Azumarill\n|-damage|p2a: Azumarill|37\/100\n|move|p1a: Volcarona|Quiver Dance|p1a: Volcarona\n|-boost|p1a: Volcarona|spa|1\n|-boost|p1a: Volcarona|spd|1\n|-boost|p1a: Volcarona|spe|1\n|move|p2a: Azumarill|Liquidation|p1a: Volcarona\n|-supereffective|p1a: Volcarona\n|-damage|p1a: Volcarona|27\/100\n|\n|-heal|p2b: Volcarona|54\/100|[from] Grassy Terrain\n|-heal|p1a: Volcarona|33\/100|[from] Grassy Terrain\n|-heal|p1a: Volcarona|40\/100|[from] item: Leftovers\n|-heal|p2a: Azumarill|43\/100|[from] Grassy Terrain\n|-sideend|p1: Billy_HMD|move: Light Screen\n|upkeep\n|turn|9\n|\n|t:|1721744555\n|switch|p2a: Calyrex|Calyrex-Shadow, L50|100\/100\n|-ability|p2a: Calyrex|As One\n|-ability|p2a: Calyrex|Unnerve\n|move|p2b: Volcarona|Heat Wave|p1b: Zamazenta|[spread] p1a,p1b\n|-supereffective|p1b: Zamazenta\n|-damage|p1a: Volcarona|18\/100\n|-damage|p1b: Zamazenta|49\/100\n|move|p1a: Volcarona|Quiver Dance|p1a: Volcarona\n|-boost|p1a: Volcarona|spa|1\n|-boost|p1a: Volcarona|spd|1\n|-boost|p1a: Volcarona|spe|1\n|move|p1b: Zamazenta|Body Press|p2a: Calyrex\n|-immune|p2a: Calyrex\n|\n|-heal|p2b: Volcarona|60\/100|[from] Grassy Terrain\n|-heal|p1a: Volcarona|24\/100|[from] Grassy Terrain\n|-heal|p1a: Volcarona|30\/100|[from] item: Leftovers\n|-heal|p1b: Zamazenta|55\/100|[from] Grassy Terrain\n|-sideend|p1: Billy_HMD|Reflect\n|upkeep\n|turn|10\n|inactive|imaborat has 30 seconds left.\n|\n|t:|1721744583\n|move|p1b: Zamazenta|Wide Guard|p1b: Zamazenta\n|-singleturn|p1b: Zamazenta|Wide Guard\n|move|p2b: Volcarona|Quiver Dance|p2b: Volcarona\n|-boost|p2b: Volcarona|spa|1\n|-boost|p2b: Volcarona|spd|1\n|-boost|p2b: Volcarona|spe|1\n|move|p1a: Volcarona|Heat Wave|p2a: Calyrex|[spread] p2a,p2b\n|-damage|p2a: Calyrex|31\/100\n|-damage|p2b: Volcarona|40\/100\n|move|p2a: Calyrex|Expanding Force|p1a: Volcarona\n|-damage|p1a: Volcarona|0 fnt\n|faint|p1a: Volcarona\n|-ability|p2a: Calyrex|Grim Neigh|boost\n|-boost|p2a: Calyrex|spa|1\n|-damage|p2a: Calyrex|22\/100|[from] item: Life Orb\n|\n|-heal|p2b: Volcarona|46\/100|[from] Grassy Terrain\n|-heal|p2a: Calyrex|27\/100|[from] Grassy Terrain\n|-heal|p1b: Zamazenta|61\/100|[from] Grassy Terrain\n|-fieldend|move: Grassy Terrain\n|upkeep\n|\n|t:|1721744594\n|switch|p1a: Grimmsnarl|Grimmsnarl, L50, M, tera:Ghost|44\/100\n|turn|11\n|\n|t:|1721744612\n|move|p1a: Grimmsnarl|Thunder Wave|p2a: Calyrex\n|-status|p2a: Calyrex|par\n|move|p2b: Volcarona|Giga Drain|p1a: Grimmsnarl\n|-damage|p1a: Grimmsnarl|8\/100\n|-heal|p2b: Volcarona|65\/100|[from] drain|[of] p1a: Grimmsnarl\n|move|p1b: Zamazenta|Heavy Slam|p2a: Calyrex\n|-damage|p2a: Calyrex|0 fnt\n|faint|p2a: Calyrex\n|\n|upkeep\n|\n|t:|1721744621\n|switch|p2a: Azumarill|Azumarill, L50, F, tera:Fire|43\/100\n|turn|12\n|\n|t:|1721744631\n|move|p1a: Grimmsnarl|Light Screen|p1a: Grimmsnarl\n|-sidestart|p1: Billy_HMD|move: Light Screen\n|move|p2b: Volcarona|Heat Wave|p1a: Grimmsnarl|[spread] p1b\n|-miss|p2b: Volcarona|p1a: Grimmsnarl\n|-supereffective|p1b: Zamazenta\n|-damage|p1b: Zamazenta|15\/100\n|move|p1b: Zamazenta|Body Press|p2a: Azumarill\n|-damage|p2a: Azumarill|0 fnt\n|faint|p2a: Azumarill\n|\n|upkeep\n|turn|13\n|\n|t:|1721744646\n|move|p1b: Zamazenta|Wide Guard|p1b: Zamazenta\n|-singleturn|p1b: Zamazenta|Wide Guard\n|move|p2b: Volcarona|Heat Wave|p1b: Zamazenta|[spread] \n|-activate|p1a: Grimmsnarl|move: Wide Guard\n|-activate|p1b: Zamazenta|move: Wide Guard\n|move|p1a: Grimmsnarl|Spirit Break|p2b: Volcarona\n|-resisted|p2b: Volcarona\n|-damage|p2b: Volcarona|47\/100\n|-unboost|p2b: Volcarona|spa|1\n|-status|p1a: Grimmsnarl|brn|[from] ability: Flame Body|[of] p2b: Volcarona\n|\n|-damage|p1a: Grimmsnarl|2\/100 brn|[from] brn\n|upkeep\n|turn|14\n|\n|t:|1721744669\n|move|p2b: Volcarona|Protect|p2b: Volcarona\n|-singleturn|p2b: Volcarona|Protect\n|move|p1a: Grimmsnarl|Thunder Wave|p2b: Volcarona\n|-activate|p2b: Volcarona|move: Protect\n|move|p1b: Zamazenta|Iron Defense|p1b: Zamazenta\n|-boost|p1b: Zamazenta|def|2\n|\n|-damage|p1a: Grimmsnarl|0 fnt|[from] brn\n|faint|p1a: Grimmsnarl\n|upkeep\n|turn|15\n|\n|t:|1721744681\n|move|p2b: Volcarona|Heat Wave|p1b: Zamazenta\n|-supereffective|p1b: Zamazenta\n|-damage|p1b: Zamazenta|0 fnt\n|faint|p1b: Zamazenta\n|\n|win|imaborat\n|raw|Billy_HMD's rating: 1770 &rarr; <strong>1747<\/strong><br \/>(-23 for losing)\n|raw|imaborat's rating: 1710 &rarr; <strong>1733<\/strong><br \/>(+23 for winning)\n|l|\u2606Billy_HMD\n|player|p1|\n|l|\u2606imaborat\n|player|p2|\n","uploadtime":1721744888,"views":12,"formatid":"gen9vgc2024regg","rating":1733,"private":0,"password":null}