{"id":"gen9vgc2024regg-2165460064","format":"[Gen 9] VGC 2024 Reg G","players":["imaborat","Shnipe_Cizy"],"log":"|j|\u2606imaborat\n|j|\u2606Shnipe_Cizy\n|t:|1721667754\n|gametype|doubles\n|player|p1|imaborat|265|1673\n|player|p2|Shnipe_Cizy|acetrainer-gen4dp|1710\n|teamsize|p1|6\n|teamsize|p2|6\n|gen|9\n|tier|[Gen 9] VGC 2024 Reg G\n|rated|\n|rule|Species Clause: Limit one of each Pok\u00e9mon\n|rule|Item Clause: Limit one of each item\n|clearpoke\n|poke|p1|Grafaiai, L50, M|\n|poke|p1|Indeedee, L50, M|\n|poke|p1|Calyrex-Shadow, L50|\n|poke|p1|Azumarill, L50, F|\n|poke|p1|Volcarona, L50, F|\n|poke|p1|Whimsicott, L50, M|\n|poke|p2|Calyrex-Ice, L50|\n|poke|p2|Incineroar, L50, M|\n|poke|p2|Urshifu-*, L50, M|\n|poke|p2|Ogerpon-Cornerstone, L50, F|\n|poke|p2|Iron Hands, L50|\n|poke|p2|Farigiraf, L50, F|\n|teampreview|4\n|inactive|Battle timer is ON: inactive players will automatically lose when time's up. (requested by imaborat)\n|inactive|Shnipe_Cizy has 60 seconds left.\n|\n|t:|1721667796\n|start\n|switch|p1a: Grafaiai|Grafaiai, L50, M|100\/100\n|switch|p1b: Indeedee|Indeedee, L50, M|100\/100\n|switch|p2a: THEGIRAFFE|Farigiraf, L50, F|100\/100\n|switch|p2b: nathan|Urshifu-Rapid-Strike, L50, M|100\/100\n|-fieldstart|move: Psychic Terrain|[from] ability: Psychic Surge|[of] p1b: Indeedee\n|-enditem|p1a: Grafaiai|Psychic Seed\n|-boost|p1a: Grafaiai|spd|1|[from] item: Psychic Seed\n|turn|1\n|j| BreadTest\n|j| C1ncinno\n|\n|t:|1721667808\n|move|p1a: Grafaiai|Taunt|p2a: THEGIRAFFE\n|-start|p2a: THEGIRAFFE|move: Taunt\n|move|p1b: Indeedee|Expanding Force|p2b: nathan|[spread] p2a,p2b\n|-resisted|p2a: THEGIRAFFE\n|-supereffective|p2b: nathan\n|-damage|p2a: THEGIRAFFE|76\/100\n|-damage|p2b: nathan|0 fnt\n|faint|p2b: nathan\n|move|p2a: THEGIRAFFE|Hyper Voice|p1b: Indeedee|[spread] p1a,p1b\n|-damage|p1a: Grafaiai|72\/100\n|-damage|p1b: Indeedee|56\/100\n|-enditem|p2a: THEGIRAFFE|Throat Spray\n|-boost|p2a: THEGIRAFFE|spa|1|[from] item: Throat Spray\n|\n|upkeep\n|\n|t:|1721667818\n|switch|p2b: IWANNABEHERO|Calyrex-Ice, L50|100\/100\n|-ability|p2b: IWANNABEHERO|As One\n|-ability|p2b: IWANNABEHERO|Unnerve\n|turn|2\n|l| BreadTest\n|c| C1ncinno|Go grafaiai!\n|\n|t:|1721667841\n|move|p1a: Grafaiai|Taunt|p2b: IWANNABEHERO\n|-start|p2b: IWANNABEHERO|move: Taunt\n|move|p1b: Indeedee|Expanding Force|p2b: IWANNABEHERO|[spread] p2a,p2b\n|-resisted|p2a: THEGIRAFFE\n|-resisted|p2b: IWANNABEHERO\n|-damage|p2a: THEGIRAFFE|52\/100\n|-damage|p2b: IWANNABEHERO|84\/100\n|move|p2a: THEGIRAFFE|Psychic|p1a: Grafaiai\n|-supereffective|p1a: Grafaiai\n|-damage|p1a: Grafaiai|0 fnt\n|faint|p1a: Grafaiai\n|cant|p2b: IWANNABEHERO|move: Taunt|Trick Room\n|\n|upkeep\n|\n|t:|1721667852\n|switch|p1a: Azumarill|Azumarill, L50, F|100\/100\n|turn|3\n|\n|t:|1721667861\n|switch|p2b: CASH MONEY|Incineroar, L50, M|100\/100\n|-ability|p2b: CASH MONEY|Intimidate|boost\n|-unboost|p1a: Azumarill|atk|1\n|-unboost|p1b: Indeedee|atk|1\n|move|p1b: Indeedee|Expanding Force|p2a: THEGIRAFFE|[spread] p2a\n|-immune|p2b: CASH MONEY\n|-resisted|p2a: THEGIRAFFE\n|-damage|p2a: THEGIRAFFE|27\/100\n|move|p2a: THEGIRAFFE|Hyper Voice|p1a: Azumarill|[spread] p1a,p1b\n|-damage|p1a: Azumarill|67\/100\n|-damage|p1b: Indeedee|0 fnt\n|faint|p1b: Indeedee\n|move|p1a: Azumarill|Liquidation|p2b: CASH MONEY\n|-supereffective|p2b: CASH MONEY\n|-damage|p2b: CASH MONEY|38\/100\n|-unboost|p2b: CASH MONEY|def|1\n|\n|-end|p2a: THEGIRAFFE|move: Taunt\n|upkeep\n|\n|t:|1721667877\n|switch|p1b: Calyrex|Calyrex-Shadow, L50|100\/100\n|-ability|p1b: Calyrex|As One\n|-ability|p1b: Calyrex|Unnerve\n|turn|4\n|\n|t:|1721667896\n|-terastallize|p1b: Calyrex|Water\n|move|p2a: THEGIRAFFE|Protect|p2a: THEGIRAFFE\n|-singleturn|p2a: THEGIRAFFE|Protect\n|move|p1b: Calyrex|Tera Blast|p2a: THEGIRAFFE|[anim] Tera Blast Water\n|-activate|p2a: THEGIRAFFE|move: Protect\n|move|p2b: CASH MONEY|Knock Off|p1b: Calyrex\n|-damage|p1b: Calyrex|50\/100\n|-enditem|p1b: Calyrex|Life Orb|[from] move: Knock Off|[of] p2b: CASH MONEY\n|move|p1a: Azumarill|Liquidation|p2b: CASH MONEY\n|-supereffective|p2b: CASH MONEY\n|-damage|p2b: CASH MONEY|0 fnt\n|faint|p2b: CASH MONEY\n|\n|upkeep\n|\n|t:|1721667903\n|switch|p2b: IWANNABEHERO|Calyrex-Ice, L50|84\/100\n|-ability|p2b: IWANNABEHERO|As One\n|-ability|p2b: IWANNABEHERO|Unnerve\n|turn|5\n|\n|t:|1721667921\n|-terastallize|p2b: IWANNABEHERO|Water\n|move|p1b: Calyrex|Expanding Force|p2b: IWANNABEHERO|[spread] p2a,p2b\n|-resisted|p2a: THEGIRAFFE\n|-damage|p2a: THEGIRAFFE|0 fnt\n|-damage|p2b: IWANNABEHERO|42\/100\n|faint|p2a: THEGIRAFFE\n|-ability|p1b: Calyrex|Grim Neigh|boost\n|-boost|p1b: Calyrex|spa|1\n|move|p2b: IWANNABEHERO|High Horsepower|p1b: Calyrex\n|-damage|p1b: Calyrex|3\/100\n|move|p1a: Azumarill|Knock Off|p2b: IWANNABEHERO\n|-damage|p2b: IWANNABEHERO|24\/100\n|-enditem|p2b: IWANNABEHERO|Clear Amulet|[from] move: Knock Off|[of] p1a: Azumarill\n|\n|-fieldend|move: Psychic Terrain\n|upkeep\n|turn|6\n|\n|t:|1721667936\n|move|p1b: Calyrex|Astral Barrage|p2b: IWANNABEHERO\n|-damage|p2b: IWANNABEHERO|0 fnt\n|faint|p2b: IWANNABEHERO\n|\n|win|imaborat\n|raw|imaborat's rating: 1673 &rarr; <strong>1695<\/strong><br \/>(+22 for winning)\n|raw|Shnipe_Cizy's rating: 1710 &rarr; <strong>1688<\/strong><br \/>(-22 for losing)\n|l|\u2606Shnipe_Cizy\n|player|p2|\n|l| C1ncinno\n|j| BreadTest\n|l| BreadTest\n|l|\u2606imaborat\n|player|p1|\n","uploadtime":1721668117,"views":14,"formatid":"gen9vgc2024regg","rating":1688,"private":0,"password":null}