{"id":"gen9vgc2024regg-2165382638","format":"[Gen 9] VGC 2024 Reg G","players":["roseyradio","Billy_HMD"],"log":"|j|\u2606roseyradio\n|j|\u2606Billy_HMD\n|t:|1721658594\n|gametype|doubles\n|player|p1|roseyradio|skier|1685\n|player|p2|Billy_HMD|dawn|1709\n|teamsize|p1|6\n|teamsize|p2|6\n|gen|9\n|tier|[Gen 9] VGC 2024 Reg G\n|rated|\n|rule|Species Clause: Limit one of each Pok\u00e9mon\n|rule|Item Clause: Limit one of each item\n|clearpoke\n|poke|p1|Calyrex-Ice, L50|\n|poke|p1|Smeargle, L50, F|\n|poke|p1|Ursaluna-Bloodmoon, L50, M|\n|poke|p1|Indeedee-F, L50, F|\n|poke|p1|Amoonguss, L50, M|\n|poke|p1|Raging Bolt, L50|\n|poke|p2|Zamazenta-*, L50|\n|poke|p2|Volcarona, L50, M|\n|poke|p2|Grimmsnarl, L50, M|\n|poke|p2|Landorus-Therian, L50, M|\n|poke|p2|Rillaboom, L50, F|\n|poke|p2|Raging Bolt, L50|\n|teampreview|4\n|inactive|Battle timer is ON: inactive players will automatically lose when time's up. (requested by Billy_HMD)\n|inactive|roseyradio has 60 seconds left.\n|\n|t:|1721658636\n|start\n|switch|p1a: Calyrex|Calyrex-Ice, L50|100\/100\n|switch|p1b: Stephen|Amoonguss, L50, M|100\/100\n|switch|p2a: Rillaboom|Rillaboom, L50, F|100\/100\n|switch|p2b: Zamazenta|Zamazenta-Crowned, L50|100\/100\n|-ability|p1a: Calyrex|As One\n|-ability|p1a: Calyrex|Unnerve\n|-ability|p2b: Zamazenta|Dauntless Shield|boost\n|-boost|p2b: Zamazenta|def|1\n|-fieldstart|move: Grassy Terrain|[from] ability: Grassy Surge|[of] p2a: Rillaboom\n|turn|1\n|j| Therazer456\n|inactive|Billy_HMD has 30 seconds left.\n|\n|t:|1721658669\n|move|p2b: Zamazenta|Iron Defense|p2b: Zamazenta\n|-boost|p2b: Zamazenta|def|2\n|move|p2a: Rillaboom|Taunt|p1a: Calyrex\n|-start|p1a: Calyrex|move: Taunt\n|move|p1b: Stephen|Spore|p2b: Zamazenta\n|-status|p2b: Zamazenta|slp|[from] move: Spore\n|cant|p1a: Calyrex|move: Taunt|Trick Room\n|\n|upkeep\n|turn|2\n|inactive|roseyradio has 30 seconds left.\n|inactive|Billy_HMD has 30 seconds left.\n|inactive|roseyradio has 20 seconds left.\n|inactive|Billy_HMD has 20 seconds left.\n|inactive|Billy_HMD has 15 seconds left.\n|inactive|Billy_HMD has 10 seconds left.\n|\n|t:|1721658727\n|cant|p2b: Zamazenta|slp\n|move|p2a: Rillaboom|Taunt|p1b: Stephen\n|-start|p1b: Stephen|move: Taunt\n|move|p1a: Calyrex|Glacial Lance|p2b: Zamazenta|[spread] p2a,p2b\n|-supereffective|p2a: Rillaboom\n|-resisted|p2b: Zamazenta\n|-crit|p2b: Zamazenta\n|-damage|p2a: Rillaboom|0 fnt\n|-damage|p2b: Zamazenta|75\/100 slp\n|faint|p2a: Rillaboom\n|-ability|p1a: Calyrex|Chilling Neigh|boost\n|-boost|p1a: Calyrex|atk|1\n|cant|p1b: Stephen|move: Taunt|Spore\n|\n|-heal|p2b: Zamazenta|81\/100 slp|[from] Grassy Terrain\n|upkeep\n|\n|t:|1721658740\n|switch|p2a: Volcarona|Volcarona, L50, M|100\/100\n|turn|3\n|\n|t:|1721658759\n|switch|p1b: Bettina|Indeedee-F, L50, F|100\/100\n|-fieldstart|move: Psychic Terrain|[from] ability: Psychic Surge|[of] p1b: Bettina\n|-terastallize|p1a: Calyrex|Water\n|cant|p2b: Zamazenta|slp\n|move|p2a: Volcarona|Quiver Dance|p2a: Volcarona\n|-boost|p2a: Volcarona|spa|1\n|-boost|p2a: Volcarona|spd|1\n|-boost|p2a: Volcarona|spe|1\n|move|p1a: Calyrex|Glacial Lance|p2b: Zamazenta|[spread] p2a,p2b\n|-resisted|p2a: Volcarona\n|-resisted|p2b: Zamazenta\n|-damage|p2a: Volcarona|59\/100\n|-damage|p2b: Zamazenta|71\/100 slp\n|\n|-heal|p2a: Volcarona|66\/100|[from] item: Leftovers\n|-end|p1a: Calyrex|move: Taunt\n|upkeep\n|turn|4\n|inactive|Billy_HMD has 30 seconds left.\n|\n|t:|1721658790\n|move|p1b: Bettina|Follow Me|p1b: Bettina\n|-singleturn|p1b: Bettina|move: Follow Me\n|move|p2a: Volcarona|Bug Buzz|p1b: Bettina\n|-supereffective|p1b: Bettina\n|-damage|p1b: Bettina|0 fnt\n|faint|p1b: Bettina\n|-curestatus|p2b: Zamazenta|slp|[msg]\n|move|p2b: Zamazenta|Body Press|p1a: Calyrex\n|-damage|p1a: Calyrex|32\/100\n|move|p1a: Calyrex|Trick Room|p1a: Calyrex\n|-fieldstart|move: Trick Room|[of] p1a: Calyrex\n|\n|-heal|p2a: Volcarona|72\/100|[from] item: Leftovers\n|upkeep\n|inactive|roseyradio has 30 seconds left.\n|\n|t:|1721658820\n|switch|p1b: Ursaluna|Ursaluna-Bloodmoon, L50, M|100\/100\n|turn|5\n|\n|t:|1721658841\n|-terastallize|p2b: Zamazenta|Dragon\n|move|p2b: Zamazenta|Wide Guard|p2b: Zamazenta\n|-singleturn|p2b: Zamazenta|Wide Guard\n|move|p1b: Ursaluna|Earth Power|p2b: Zamazenta\n|-damage|p2b: Zamazenta|24\/100\n|-damage|p1b: Ursaluna|91\/100|[from] item: Life Orb\n|move|p1a: Calyrex|Glacial Lance|p2a: Volcarona|[spread] \n|-activate|p2a: Volcarona|move: Wide Guard\n|-activate|p2b: Zamazenta|move: Wide Guard\n|move|p2a: Volcarona|Bug Buzz|p1a: Calyrex\n|-damage|p1a: Calyrex|0 fnt\n|faint|p1a: Calyrex\n|\n|-heal|p2a: Volcarona|78\/100|[from] item: Leftovers\n|upkeep\n|\n|t:|1721658846\n|switch|p1a: Stephen|Amoonguss, L50, M|100\/100\n|turn|6\n|inactive|Billy_HMD has 30 seconds left.\n|\n|t:|1721658881\n|move|p1a: Stephen|Spore|p2a: Volcarona\n|-status|p2a: Volcarona|slp|[from] move: Spore\n|move|p1b: Ursaluna|Earth Power|p2b: Zamazenta\n|-crit|p2b: Zamazenta\n|-damage|p2b: Zamazenta|0 fnt\n|faint|p2b: Zamazenta\n|-damage|p1b: Ursaluna|81\/100|[from] item: Life Orb\n|cant|p2a: Volcarona|slp\n|\n|-heal|p2a: Volcarona|84\/100 slp|[from] item: Leftovers\n|upkeep\n|\n|t:|1721658890\n|switch|p2b: Landorus|Landorus-Therian, L50, M|100\/100\n|-ability|p2b: Landorus|Intimidate|boost\n|-unboost|p1a: Stephen|atk|1\n|-unboost|p1b: Ursaluna|atk|1\n|turn|7\n|\n|t:|1721658906\n|move|p1a: Stephen|Clear Smog|p2a: Volcarona\n|-damage|p2a: Volcarona|74\/100 slp\n|-clearboost|p2a: Volcarona\n|move|p1b: Ursaluna|Blood Moon|p2a: Volcarona\n|-damage|p2a: Volcarona|0 fnt\n|faint|p2a: Volcarona\n|-damage|p1b: Ursaluna|72\/100|[from] item: Life Orb\n|move|p2b: Landorus|Stomping Tantrum|p1b: Ursaluna\n|-damage|p1b: Ursaluna|41\/100\n|\n|-fieldend|move: Psychic Terrain\n|upkeep\n|turn|8\n|\n|t:|1721658921\n|move|p1a: Stephen|Pollen Puff|p1b: Ursaluna\n|-heal|p1b: Ursaluna|91\/100\n|move|p1b: Ursaluna|Hyper Voice|p2b: Landorus\n|-damage|p2b: Landorus|11\/100\n|-damage|p1b: Ursaluna|81\/100|[from] item: Life Orb\n|move|p2b: Landorus|Stomping Tantrum|p1b: Ursaluna\n|-damage|p1b: Ursaluna|49\/100\n|\n|-fieldend|move: Trick Room\n|upkeep\n|turn|9\n|\n|t:|1721658928\n|move|p2b: Landorus|Stomping Tantrum|p1b: Ursaluna\n|-damage|p1b: Ursaluna|21\/100\n|move|p1b: Ursaluna|Hyper Voice|p2b: Landorus\n|-damage|p2b: Landorus|0 fnt\n|faint|p2b: Landorus\n|-damage|p1b: Ursaluna|11\/100|[from] item: Life Orb\n|\n|win|roseyradio\n|raw|roseyradio's rating: 1685 &rarr; <strong>1706<\/strong><br \/>(+21 for winning)\n|raw|Billy_HMD's rating: 1709 &rarr; <strong>1688<\/strong><br \/>(-21 for losing)\n|l|\u2606roseyradio\n|player|p1|\n|l|\u2606Billy_HMD\n|player|p2|\n","uploadtime":1721659078,"views":12,"formatid":"gen9vgc2024regg","rating":1688,"private":0,"password":null}