{"id":"gen9vgc2024regg-2165687402","format":"[Gen 9] VGC 2024 Reg G","players":["GuevaraGaming2","auraen"],"log":"|j|\u2606GuevaraGaming2\n|j|\u2606auraen\n|t:|1721694861\n|gametype|doubles\n|player|p1|GuevaraGaming2|hilbert-wonderlauncher|1774\n|player|p2|auraen|harlequin|1793\n|teamsize|p1|6\n|teamsize|p2|6\n|gen|9\n|tier|[Gen 9] VGC 2024 Reg G\n|rated|\n|rule|Species Clause: Limit one of each Pok\u00e9mon\n|rule|Item Clause: Limit one of each item\n|clearpoke\n|poke|p1|Zamazenta-*, L50|\n|poke|p1|Chien-Pao, L50|\n|poke|p1|Rillaboom, L50, F|\n|poke|p1|Pelipper, L50, M|\n|poke|p1|Farigiraf, L50, F|\n|poke|p1|Urshifu-*, L50, M|\n|poke|p2|Terapagos, L50, M|\n|poke|p2|Munkidori, L50, M|\n|poke|p2|Incineroar, L50, M|\n|poke|p2|Sinistcha, L50|\n|poke|p2|Basculegion, L50, M|\n|poke|p2|Flamigo, L50, F|\n|teampreview|4\n|\n|t:|1721694880\n|start\n|switch|p1a: Rillaboom|Rillaboom, L50, F|100\/100\n|switch|p1b: Farigiraf|Farigiraf, L50, F|100\/100\n|switch|p2a: Terapagos|Terapagos, L50, M|100\/100\n|switch|p2b: Incineroar|Incineroar, L50, M|100\/100\n|-activate|p2a: Terapagos|ability: Tera Shift\n|detailschange|p2a: Terapagos|Terapagos-Terastal, L50, M\n|-heal|p2a: Terapagos|100\/100|[silent]\n|-fieldstart|move: Grassy Terrain|[from] ability: Grassy Surge|[of] p1a: Rillaboom\n|-ability|p2b: Incineroar|Intimidate|boost\n|-unboost|p1a: Rillaboom|atk|1\n|-unboost|p1b: Farigiraf|atk|1\n|turn|1\n|j| Auryz\n|\n|t:|1721694909\n|move|p1a: Rillaboom|Fake Out|p2b: Incineroar\n|-damage|p2b: Incineroar|93\/100\n|move|p2a: Terapagos|Tera Starstorm|p1b: Farigiraf\n|-damage|p1b: Farigiraf|25\/100\n|cant|p2b: Incineroar|flinch\n|move|p1b: Farigiraf|Hyper Voice|p2b: Incineroar|[spread] p2a,p2b\n|-activate|p2a: Terapagos|ability: Tera Shell\n|-resisted|p2a: Terapagos\n|-damage|p2a: Terapagos|89\/100\n|-damage|p2b: Incineroar|67\/100\n|-enditem|p1b: Farigiraf|Throat Spray\n|-boost|p1b: Farigiraf|spa|1|[from] item: Throat Spray\n|\n|-heal|p2a: Terapagos|95\/100|[from] Grassy Terrain\n|-heal|p2b: Incineroar|73\/100|[from] Grassy Terrain\n|-heal|p1b: Farigiraf|31\/100|[from] Grassy Terrain\n|upkeep\n|turn|2\n|\n|t:|1721694925\n|move|p2a: Terapagos|Tera Starstorm|p1b: Farigiraf\n|-damage|p1b: Farigiraf|0 fnt\n|faint|p1b: Farigiraf\n|move|p1a: Rillaboom|U-turn|p2a: Terapagos\n|-damage|p2a: Terapagos|81\/100\n|\n|t:|1721694928\n|switch|p1a: Zamazenta|Zamazenta-Crowned, L50|100\/100|[from] U-turn\n|-ability|p1a: Zamazenta|Dauntless Shield|boost\n|-boost|p1a: Zamazenta|def|1\n|move|p2b: Incineroar|Parting Shot|p1a: Zamazenta\n|-unboost|p1a: Zamazenta|atk|1\n|-unboost|p1a: Zamazenta|spa|1\n|\n|t:|1721694931\n|switch|p2b: Sinistcha|Sinistcha, L50|100\/100|[from] Parting Shot\n|-heal|p2a: Terapagos|100\/100|[from] ability: Hospitality|[of] p2b: Sinistcha\n|\n|upkeep\n|\n|t:|1721694938\n|switch|p1b: Rillaboom|Rillaboom, L50, F|100\/100\n|turn|3\n|\n|t:|1721694953\n|move|p1b: Rillaboom|Fake Out|p2a: Terapagos\n|-activate|p2a: Terapagos|ability: Tera Shell\n|-resisted|p2a: Terapagos\n|-damage|p2a: Terapagos|95\/100\n|move|p1a: Zamazenta|Iron Defense|p1a: Zamazenta\n|-boost|p1a: Zamazenta|def|2\n|cant|p2a: Terapagos|flinch\n|move|p2b: Sinistcha|Strength Sap|p1b: Rillaboom\n|-unboost|p1b: Rillaboom|atk|1\n|\n|-heal|p2a: Terapagos|100\/100|[from] Grassy Terrain\n|upkeep\n|turn|4\n|\n|t:|1721694973\n|-terastallize|p1a: Zamazenta|Grass\n|move|p2b: Sinistcha|Rage Powder|p2b: Sinistcha\n|-singleturn|p2b: Sinistcha|move: Rage Powder\n|move|p1b: Rillaboom|Grassy Glide|p2a: Terapagos\n|-activate|p2a: Terapagos|ability: Tera Shell\n|-resisted|p2a: Terapagos\n|-damage|p2a: Terapagos|91\/100\n|move|p1a: Zamazenta|Body Press|p2a: Terapagos\n|-supereffective|p2a: Terapagos\n|-damage|p2a: Terapagos|0 fnt\n|faint|p2a: Terapagos\n|\n|upkeep\n|\n|t:|1721694976\n|switch|p2a: Incineroar|Incineroar, L50, M|73\/100\n|-ability|p2a: Incineroar|Intimidate|boost\n|-unboost|p1a: Zamazenta|atk|1\n|-unboost|p1b: Rillaboom|atk|1\n|turn|5\n|\n|t:|1721694989\n|-terastallize|p2a: Incineroar|Ghost\n|move|p1a: Zamazenta|Protect|p1a: Zamazenta\n|-singleturn|p1a: Zamazenta|Protect\n|move|p2a: Incineroar|Fake Out|p1b: Rillaboom\n|-damage|p1b: Rillaboom|90\/100\n|cant|p1b: Rillaboom|flinch\n|move|p2b: Sinistcha|Trick Room|p2b: Sinistcha\n|-fieldstart|move: Trick Room|[of] p2b: Sinistcha\n|\n|-heal|p2a: Incineroar|79\/100|[from] Grassy Terrain\n|-heal|p1b: Rillaboom|96\/100|[from] Grassy Terrain\n|-fieldend|move: Grassy Terrain\n|upkeep\n|turn|6\n|\n|t:|1721695008\n|move|p2a: Incineroar|Knock Off|p1b: Rillaboom\n|-damage|p1b: Rillaboom|60\/100\n|-enditem|p1b: Rillaboom|Assault Vest|[from] move: Knock Off|[of] p2a: Incineroar\n|move|p2b: Sinistcha|Matcha Gotcha|p1a: Zamazenta|[spread] p1a\n|-miss|p2b: Sinistcha|p1b: Rillaboom\n|-resisted|p1a: Zamazenta\n|-damage|p1a: Zamazenta|92\/100\n|move|p1b: Rillaboom|U-turn|p2b: Sinistcha\n|-damage|p2b: Sinistcha|88\/100\n|-damage|p1b: Rillaboom|44\/100|[from] item: Rocky Helmet|[of] p2b: Sinistcha\n|\n|t:|1721695018\n|switch|p1b: Chien-Pao|Chien-Pao, L50|100\/100|[from] U-turn\n|-ability|p1b: Chien-Pao|Sword of Ruin\n|move|p1a: Zamazenta|Heavy Slam|p2b: Sinistcha\n|-damage|p2b: Sinistcha|59\/100\n|-damage|p1a: Zamazenta|75\/100|[from] item: Rocky Helmet|[of] p2b: Sinistcha\n|\n|upkeep\n|turn|7\n|\n|t:|1721695028\n|move|p1b: Chien-Pao|Protect|p1b: Chien-Pao\n|-singleturn|p1b: Chien-Pao|Protect\n|move|p2b: Sinistcha|Rage Powder|p2b: Sinistcha\n|-singleturn|p2b: Sinistcha|move: Rage Powder\n|move|p2a: Incineroar|Flare Blitz|p1b: Chien-Pao\n|-activate|p1b: Chien-Pao|move: Protect\n|move|p1a: Zamazenta|Heavy Slam|p2a: Incineroar\n|-damage|p2a: Incineroar|55\/100\n|\n|upkeep\n|turn|8\n|j| BacK-2-ReaLiTy\n|j| Maushold-13P\n|\n|t:|1721695059\n|switch|p1b: Rillaboom|Rillaboom, L50, F|44\/100\n|-fieldstart|move: Grassy Terrain|[from] ability: Grassy Surge|[of] p1b: Rillaboom\n|move|p2a: Incineroar|Flare Blitz|p1b: Rillaboom\n|-supereffective|p1b: Rillaboom\n|-damage|p1b: Rillaboom|0 fnt\n|faint|p1b: Rillaboom\n|-damage|p2a: Incineroar|40\/100|[from] Recoil\n|move|p2b: Sinistcha|Matcha Gotcha|p1a: Zamazenta\n|-resisted|p1a: Zamazenta\n|-damage|p1a: Zamazenta|58\/100\n|-heal|p2b: Sinistcha|68\/100|[from] drain|[of] p1a: Zamazenta\n|move|p1a: Zamazenta|Heavy Slam|p2a: Incineroar\n|-damage|p2a: Incineroar|21\/100\n|-enditem|p2a: Incineroar|Iapapa Berry|[eat]\n|-heal|p2a: Incineroar|54\/100|[from] item: Iapapa Berry\n|\n|-heal|p2a: Incineroar|60\/100|[from] Grassy Terrain\n|-heal|p2b: Sinistcha|74\/100|[from] Grassy Terrain\n|-heal|p1a: Zamazenta|64\/100|[from] Grassy Terrain\n|upkeep\n|\n|t:|1721695069\n|switch|p1b: Chien-Pao|Chien-Pao, L50|100\/100\n|-ability|p1b: Chien-Pao|Sword of Ruin\n|turn|9\n|\n|t:|1721695078\n|switch|p2a: Basculegion|Basculegion, L50, M|100\/100\n|move|p1b: Chien-Pao|Protect|p1b: Chien-Pao\n|-singleturn|p1b: Chien-Pao|Protect\n|move|p2b: Sinistcha|Matcha Gotcha|p1b: Chien-Pao|[spread] p1a\n|-activate|p1b: Chien-Pao|move: Protect\n|-resisted|p1a: Zamazenta\n|-damage|p1a: Zamazenta|54\/100\n|-heal|p2b: Sinistcha|80\/100|[from] drain|[of] p1a: Zamazenta\n|-status|p1a: Zamazenta|brn\n|move|p1a: Zamazenta|Heavy Slam|p2a: Basculegion\n|-resisted|p2a: Basculegion\n|-damage|p2a: Basculegion|92\/100\n|\n|-heal|p2b: Sinistcha|86\/100|[from] Grassy Terrain\n|-heal|p2a: Basculegion|98\/100|[from] Grassy Terrain\n|-heal|p1a: Zamazenta|60\/100 brn|[from] Grassy Terrain\n|-damage|p1a: Zamazenta|54\/100 brn|[from] brn\n|-fieldend|move: Trick Room\n|upkeep\n|turn|10\n|\n|t:|1721695095\n|switch|p2b: Incineroar|Incineroar, L50, M, tera:Ghost|60\/100\n|-ability|p2b: Incineroar|Intimidate|boost\n|-unboost|p1a: Zamazenta|atk|1\n|-unboost|p1b: Chien-Pao|atk|1\n|move|p1b: Chien-Pao|Throat Chop|p2a: Basculegion\n|-supereffective|p2a: Basculegion\n|-crit|p2a: Basculegion\n|-damage|p2a: Basculegion|0 fnt\n|faint|p2a: Basculegion\n|move|p1a: Zamazenta|Heavy Slam|p2b: Incineroar\n|-damage|p2b: Incineroar|51\/100\n|\n|-heal|p1a: Zamazenta|60\/100 brn|[from] Grassy Terrain\n|-heal|p2b: Incineroar|57\/100|[from] Grassy Terrain\n|-damage|p1a: Zamazenta|54\/100 brn|[from] brn\n|upkeep\n|\n|t:|1721695097\n|switch|p2a: Sinistcha|Sinistcha, L50|86\/100\n|-heal|p2b: Incineroar|82\/100|[from] ability: Hospitality|[of] p2a: Sinistcha\n|turn|11\n|\n|t:|1721695105\n|move|p1b: Chien-Pao|Protect|p1b: Chien-Pao\n|-singleturn|p1b: Chien-Pao|Protect\n|move|p2b: Incineroar|Fake Out|p1b: Chien-Pao\n|-activate|p1b: Chien-Pao|move: Protect\n|move|p1a: Zamazenta|Heavy Slam|p2b: Incineroar\n|-crit|p2b: Incineroar\n|-damage|p2b: Incineroar|46\/100\n|move|p2a: Sinistcha|Trick Room|p2a: Sinistcha\n|-fieldstart|move: Trick Room|[of] p2a: Sinistcha\n|\n|-heal|p2b: Incineroar|52\/100|[from] Grassy Terrain\n|-heal|p2a: Sinistcha|92\/100|[from] Grassy Terrain\n|-heal|p1a: Zamazenta|60\/100 brn|[from] Grassy Terrain\n|-damage|p1a: Zamazenta|54\/100 brn|[from] brn\n|upkeep\n|turn|12\n|\n|t:|1721695119\n|move|p2b: Incineroar|Parting Shot|p1b: Chien-Pao\n|-unboost|p1b: Chien-Pao|atk|1\n|-unboost|p1b: Chien-Pao|spa|1\n|move|p2a: Sinistcha|Strength Sap|p1b: Chien-Pao\n|-unboost|p1b: Chien-Pao|atk|1\n|-heal|p2a: Sinistcha|100\/100\n|move|p1a: Zamazenta|Heavy Slam|p2b: Incineroar\n|-damage|p2b: Incineroar|43\/100\n|move|p1b: Chien-Pao|Throat Chop|p2b: Incineroar\n|-supereffective|p2b: Incineroar\n|-damage|p2b: Incineroar|12\/100\n|-start|p2b: Incineroar|Throat Chop|[silent]\n|\n|-heal|p2b: Incineroar|18\/100|[from] Grassy Terrain\n|-heal|p1a: Zamazenta|60\/100 brn|[from] Grassy Terrain\n|-damage|p1a: Zamazenta|54\/100 brn|[from] brn\n|-fieldend|move: Grassy Terrain\n|upkeep\n|turn|13\n|\n|t:|1721695129\n|move|p1b: Chien-Pao|Protect|p1b: Chien-Pao\n|-singleturn|p1b: Chien-Pao|Protect\n|move|p2b: Incineroar|Knock Off|p1b: Chien-Pao\n|-activate|p1b: Chien-Pao|move: Protect\n|move|p2a: Sinistcha|Matcha Gotcha|p1b: Chien-Pao|[spread] p1a\n|-activate|p1b: Chien-Pao|move: Protect\n|-resisted|p1a: Zamazenta\n|-damage|p1a: Zamazenta|44\/100 brn\n|move|p1a: Zamazenta|Heavy Slam|p2b: Incineroar\n|-damage|p2b: Incineroar|8\/100\n|\n|-damage|p1a: Zamazenta|38\/100 brn|[from] brn\n|-end|p2b: Incineroar|Throat Chop|[silent]\n|upkeep\n|turn|14\n|\n|t:|1721695142\n|move|p1b: Chien-Pao|Protect|p1b: Chien-Pao\n|-singleturn|p1b: Chien-Pao|Protect\n|move|p2b: Incineroar|Flare Blitz|p1b: Chien-Pao\n|-activate|p1b: Chien-Pao|move: Protect\n|move|p2a: Sinistcha|Matcha Gotcha|p1b: Chien-Pao|[spread] p1a\n|-activate|p1b: Chien-Pao|move: Protect\n|-resisted|p1a: Zamazenta\n|-damage|p1a: Zamazenta|28\/100 brn\n|move|p1a: Zamazenta|Heavy Slam|p2b: Incineroar\n|-damage|p2b: Incineroar|0 fnt\n|faint|p2b: Incineroar\n|\n|-damage|p1a: Zamazenta|22\/100 brn|[from] brn\n|upkeep\n|turn|15\n|\n|t:|1721695152\n|move|p2a: Sinistcha|Matcha Gotcha|p1b: Chien-Pao|[spread] p1a,p1b\n|-resisted|p1a: Zamazenta\n|-damage|p1a: Zamazenta|14\/100 brn\n|-damage|p1b: Chien-Pao|63\/100\n|-status|p1b: Chien-Pao|brn\n|move|p1a: Zamazenta|Heavy Slam|p2a: Sinistcha\n|-damage|p2a: Sinistcha|89\/100\n|-damage|p1a: Zamazenta|0 fnt|[from] item: Rocky Helmet|[of] p2a: Sinistcha\n|faint|p1a: Zamazenta\n|move|p1b: Chien-Pao|Icicle Crash|p2a: Sinistcha|[miss]\n|-miss|p1b: Chien-Pao|p2a: Sinistcha\n|\n|-damage|p1b: Chien-Pao|58\/100 brn|[from] brn\n|-fieldend|move: Trick Room\n|upkeep\n|turn|16\n|\n|t:|1721695160\n|move|p1b: Chien-Pao|Icicle Crash|p2a: Sinistcha\n|-supereffective|p2a: Sinistcha\n|-damage|p2a: Sinistcha|67\/100\n|move|p2a: Sinistcha|Trick Room|p2a: Sinistcha\n|-fieldstart|move: Trick Room|[of] p2a: Sinistcha\n|\n|-damage|p1b: Chien-Pao|52\/100 brn|[from] brn\n|upkeep\n|turn|17\n|-message|GuevaraGaming2 forfeited.\n|\n|win|auraen\n|raw|GuevaraGaming2's rating: 1774 &rarr; <strong>1755<\/strong><br \/>(-19 for losing)\n|raw|auraen's rating: 1793 &rarr; <strong>1812<\/strong><br \/>(+19 for winning)\n|l|\u2606GuevaraGaming2\n|player|p1|\n|l| Auryz\n","uploadtime":1721695278,"views":33,"formatid":"gen9vgc2024regg","rating":1755,"private":0,"password":null}