{"id":"gen9vgc2024regg-2165993817","format":"[Gen 9] VGC 2024 Reg G","players":["Billy_HMD","Phononmode"],"log":"|j|\u2606Billy_HMD\n|j|\u2606Phononmode\n|t:|1721745071\n|gametype|doubles\n|player|p1|Billy_HMD|dawn|1701\n|player|p2|Phononmode|266|1718\n|teamsize|p1|6\n|teamsize|p2|6\n|gen|9\n|tier|[Gen 9] VGC 2024 Reg G\n|rated|\n|rule|Species Clause: Limit one of each Pok\u00e9mon\n|rule|Item Clause: Limit one of each item\n|clearpoke\n|poke|p1|Zamazenta-*, L50|\n|poke|p1|Volcarona, L50, F|\n|poke|p1|Grimmsnarl, L50, M|\n|poke|p1|Landorus-Therian, L50, M|\n|poke|p1|Rillaboom, L50, F|\n|poke|p1|Raging Bolt, L50|\n|poke|p2|Miraidon, L50|\n|poke|p2|Sceptile, L50, F|\n|poke|p2|Dondozo, L50, M|\n|poke|p2|Tatsugiri, L50, F|\n|poke|p2|Whimsicott, L50, F|\n|poke|p2|Incineroar, L50, M|\n|teampreview|4\n|inactive|Battle timer is ON: inactive players will automatically lose when time's up. (requested by Billy_HMD)\nPhononmode has agreed to open team sheets.\n|j| La voz favorita\n|\n|t:|1721745093\n|start\n|switch|p1a: Rillaboom|Rillaboom, L50, F|100\/100\n|switch|p1b: Landorus|Landorus-Therian, L50, M|100\/100\n|switch|p2a: Sceptile|Sceptile, L50, F|100\/100\n|switch|p2b: Miraidon|Miraidon, L50|100\/100\n|-ability|p1b: Landorus|Intimidate|boost\n|-unboost|p2a: Sceptile|atk|1\n|-unboost|p2b: Miraidon|atk|1\n|-fieldstart|move: Electric Terrain|[from] ability: Hadron Engine|[of] p2b: Miraidon\n|-enditem|p2a: Sceptile|Electric Seed\n|-boost|p2a: Sceptile|def|1|[from] item: Electric Seed\n|-fieldstart|move: Grassy Terrain|[from] ability: Grassy Surge|[of] p1a: Rillaboom\n|turn|1\n|\n|t:|1721745110\n|move|p2b: Miraidon|Protect|p2b: Miraidon\n|-singleturn|p2b: Miraidon|Protect\n|move|p1a: Rillaboom|Fake Out|p2a: Sceptile\n|-damage|p2a: Sceptile|85\/100\n|cant|p2a: Sceptile|flinch\n|move|p1b: Landorus|Stomping Tantrum|p2b: Miraidon\n|-activate|p2b: Miraidon|move: Protect\n|\n|-heal|p2a: Sceptile|92\/100|[from] Grassy Terrain\n|upkeep\n|turn|2\n|\n|t:|1721745133\n|switch|p2b: Dondozo|Dondozo, L50, M|100\/100\n|move|p1a: Rillaboom|Grassy Glide|p2b: Dondozo\n|-supereffective|p2b: Dondozo\n|-damage|p2b: Dondozo|37\/100\n|move|p2a: Sceptile|Leaf Storm|p1b: Landorus\n|-damage|p1b: Landorus|14\/100\n|-unboost|p2a: Sceptile|spa|2\n|move|p1b: Landorus|Stomping Tantrum|p2b: Dondozo\n|-damage|p2b: Dondozo|9\/100\n|\n|-heal|p2a: Sceptile|98\/100|[from] Grassy Terrain\n|-heal|p2b: Dondozo|15\/100|[from] Grassy Terrain\n|-heal|p2b: Dondozo|21\/100|[from] item: Leftovers\n|upkeep\n|turn|3\n|j| wb_vg\n|inactive|Billy_HMD has 30 seconds left.\n|inactive|Billy_HMD has 20 seconds left.\n|inactive|Billy_HMD has 15 seconds left.\n|\n|t:|1721745174\n|switch|p1b: Zamazenta|Zamazenta-Crowned, L50|100\/100\n|-ability|p1b: Zamazenta|Dauntless Shield|boost\n|-boost|p1b: Zamazenta|def|1\n|switch|p1a: Raging Bolt|Raging Bolt, L50|100\/100\n|move|p2b: Dondozo|Protect|p2b: Dondozo\n|-singleturn|p2b: Dondozo|Protect\n|move|p2a: Sceptile|Leaf Storm|p1b: Zamazenta\n|-resisted|p1b: Zamazenta\n|-damage|p1b: Zamazenta|90\/100\n|-unboost|p2a: Sceptile|spa|2\n|\n|-heal|p2a: Sceptile|100\/100|[from] Grassy Terrain\n|-heal|p1b: Zamazenta|96\/100|[from] Grassy Terrain\n|-heal|p2b: Dondozo|27\/100|[from] Grassy Terrain\n|-heal|p2b: Dondozo|34\/100|[from] item: Leftovers\n|upkeep\n|turn|4\n|\n|t:|1721745199\n|switch|p2b: Miraidon|Miraidon, L50|100\/100\n|-fieldstart|move: Electric Terrain|[from] ability: Hadron Engine|[of] p2b: Miraidon\n|move|p1a: Raging Bolt|Thunderclap||[still]\n|-fail|p1a: Raging Bolt\n|move|p2a: Sceptile|Dragon Cheer|p2b: Miraidon\n|-start|p2b: Miraidon|move: Dragon Cheer\n|move|p1b: Zamazenta|Body Press|p2b: Miraidon\n|-damage|p2b: Miraidon|35\/100\n|\n|upkeep\n|turn|5\n|inactive|Phononmode has 30 seconds left.\n|inactive|Phononmode has 20 seconds left.\n|inactive|Phononmode has 15 seconds left.\n|inactive|Phononmode has 10 seconds left.\n|\n|t:|1721745246\n|-end|p1a: Raging Bolt|Protosynthesis|[silent]\n|switch|p1a: Rillaboom|Rillaboom, L50, F|100\/100\n|-fieldstart|move: Grassy Terrain|[from] ability: Grassy Surge|[of] p1a: Rillaboom\n|move|p2a: Sceptile|Endeavor|p1a: Rillaboom\n|-damage|p1a: Rillaboom|77\/100\n|move|p2b: Miraidon|Draco Meteor|p1a: Rillaboom\n|-crit|p1a: Rillaboom\n|-damage|p1a: Rillaboom|0 fnt\n|-unboost|p2b: Miraidon|spa|2\n|faint|p1a: Rillaboom\n|move|p1b: Zamazenta|Body Press|p2b: Miraidon\n|-damage|p2b: Miraidon|0 fnt\n|faint|p2b: Miraidon\n|\n|-heal|p1b: Zamazenta|100\/100|[from] Grassy Terrain\n|upkeep\n|inactive|Billy_HMD has 30 seconds left.\n|\n|t:|1721745274\n|switch|p2b: Dondozo|Dondozo, L50, M|34\/100\n|switch|p1a: Raging Bolt|Raging Bolt, L50|100\/100\n|turn|6\n|inactive|Billy_HMD has 30 seconds left.\n|inactive|Phononmode has 30 seconds left.\n|inactive|Phononmode has 20 seconds left.\n|inactive|Phononmode has 15 seconds left.\n|inactive|Phononmode has 10 seconds left.\n|\n|t:|1721745319\n|-terastallize|p1a: Raging Bolt|Electric\n|move|p2b: Dondozo|Protect|p2b: Dondozo\n|-singleturn|p2b: Dondozo|Protect\n|move|p2a: Sceptile|Endeavor|p1a: Raging Bolt\n|-damage|p1a: Raging Bolt|66\/100\n|move|p1b: Zamazenta|Body Press|p2a: Sceptile\n|-damage|p2a: Sceptile|30\/100\n|move|p1a: Raging Bolt|Draco Meteor|p2b: Dondozo\n|-activate|p2b: Dondozo|move: Protect\n|\n|-heal|p2a: Sceptile|36\/100|[from] Grassy Terrain\n|-heal|p1a: Raging Bolt|72\/100|[from] Grassy Terrain\n|-heal|p2b: Dondozo|40\/100|[from] Grassy Terrain\n|-heal|p2b: Dondozo|46\/100|[from] item: Leftovers\n|upkeep\n|turn|7\n|inactive|Billy_HMD has 30 seconds left.\n|inactive|Phononmode has 30 seconds left.\n|inactive|Phononmode has 20 seconds left.\n|inactive|Phononmode has 15 seconds left.\n|l| La voz favorita\n|inactive|Phononmode has 10 seconds left.\n|inactive|Phononmode has 5 seconds left.\n|\n|t:|1721745371\n|-terastallize|p2b: Dondozo|Grass\n|move|p2a: Sceptile|Endeavor|p1a: Raging Bolt\n|-damage|p1a: Raging Bolt|24\/100\n|move|p1b: Zamazenta|Body Press|p2b: Dondozo\n|-damage|p2b: Dondozo|14\/100\n|move|p1a: Raging Bolt|Draco Meteor|p2b: Dondozo\n|-damage|p2b: Dondozo|0 fnt\n|-unboost|p1a: Raging Bolt|spa|2\n|faint|p2b: Dondozo\n|\n|-heal|p2a: Sceptile|42\/100|[from] Grassy Terrain\n|-heal|p1a: Raging Bolt|30\/100|[from] Grassy Terrain\n|upkeep\n|\n|t:|1721745386\n|switch|p2b: Tatsugiri|Tatsugiri, L50, F|100\/100\n|turn|8\n|j| lucus26\n|inactive|Phononmode has 30 seconds left.\n|l| lucus26\n|inactive|Phononmode has 20 seconds left.\n|inactive|Phononmode has 15 seconds left.\n|inactive|Phononmode has 10 seconds left.\n|\n|t:|1721745431\n|move|p1a: Raging Bolt|Thunderclap|p2b: Tatsugiri\n|-damage|p2b: Tatsugiri|64\/100\n|move|p2a: Sceptile|Endeavor|p1b: Zamazenta\n|-damage|p1b: Zamazenta|31\/100\n|move|p1b: Zamazenta|Body Press|p2a: Sceptile\n|-damage|p2a: Sceptile|0 fnt\n|faint|p2a: Sceptile\n|move|p2b: Tatsugiri|Muddy Water|p1a: Raging Bolt|[spread] p1a,p1b\n|-crit|p1a: Raging Bolt\n|-damage|p1a: Raging Bolt|0 fnt\n|-damage|p1b: Zamazenta|10\/100\n|faint|p1a: Raging Bolt\n|-end|p1a: Raging Bolt|Protosynthesis|[silent]\n|\n|-heal|p1b: Zamazenta|16\/100|[from] Grassy Terrain\n|-heal|p2b: Tatsugiri|70\/100|[from] Grassy Terrain\n|upkeep\n|\n|t:|1721745444\n|switch|p1a: Landorus|Landorus-Therian, L50, M|14\/100\n|-ability|p1a: Landorus|Intimidate|boost\n|-unboost|p2b: Tatsugiri|atk|1\n|turn|9\n|-message|Phononmode forfeited.\n|\n|win|Billy_HMD\n|raw|Billy_HMD's rating: 1701 &rarr; <strong>1722<\/strong><br \/>(+21 for winning)\n|raw|Phononmode's rating: 1718 &rarr; <strong>1697<\/strong><br \/>(-21 for losing)\n|l|\u2606Phononmode\n|player|p2|\n|l|\u2606Billy_HMD\n|player|p1|\n|l| wb_vg\n","uploadtime":1721745718,"views":10,"formatid":"gen9vgc2024regg","rating":1697,"private":0,"password":null}