{"id":"gen9vgc2024regg-2165809860","format":"[Gen 9] VGC 2024 Reg G","players":["Djjwjwwjj","Kunikamaze"],"log":"|j|\u2606Djjwjwwjj\n|j|\u2606Kunikamaze\n|t:|1721713125\n|gametype|doubles\n|player|p1|Djjwjwwjj|1|1654\n|player|p2|Kunikamaze|miku-flying|1695\n|teamsize|p1|6\n|teamsize|p2|6\n|gen|9\n|tier|[Gen 9] VGC 2024 Reg G\n|rated|\n|rule|Species Clause: Limit one of each Pok\u00e9mon\n|rule|Item Clause: Limit one of each item\n|clearpoke\n|poke|p1|Calyrex-Shadow, L50|\n|poke|p1|Incineroar, L50, M|\n|poke|p1|Pelipper, L50, F|\n|poke|p1|Rillaboom, L50, F|\n|poke|p1|Maushold-Four, L50|\n|poke|p1|Urshifu-*, L50, M|\n|poke|p2|Kyogre, L50|\n|poke|p2|Farigiraf, L50, F|\n|poke|p2|Annihilape, L50, M|\n|poke|p2|Baxcalibur, L50, F|\n|poke|p2|Ogerpon-Cornerstone, L50, F|\n|poke|p2|Iron Hands, L50|\n|teampreview|4\n|inactive|Battle timer is ON: inactive players will automatically lose when time's up. (requested by Kunikamaze)\n|inactive|Djjwjwwjj also wants the timer to be on.\n|inactive|Djjwjwwjj has 60 seconds left.\n|inactive|Kunikamaze has 60 seconds left.\n|\n|t:|1721713185\n|start\n|switch|p1a: Urshifu|Urshifu-Rapid-Strike, L50, M|100\/100\n|switch|p1b: Rillaboom|Rillaboom, L50, F|100\/100\n|switch|p2a: Farigiraf|Farigiraf, L50, F|100\/100\n|switch|p2b: Annihilape|Annihilape, L50, M|100\/100\n|-fieldstart|move: Grassy Terrain|[from] ability: Grassy Surge|[of] p1b: Rillaboom\n|turn|1\n|inactive|Djjwjwwjj has 30 seconds left.\n|\n|t:|1721713216\n|move|p2b: Annihilape|Final Gambit|p1a: Urshifu\n|-enditem|p1a: Urshifu|Focus Sash\n|-damage|p1a: Urshifu|1\/100\n|faint|p2b: Annihilape\n|move|p1a: Urshifu|Taunt|p2a: Farigiraf\n|-start|p2a: Farigiraf|move: Taunt\n|move|p1b: Rillaboom|U-turn|p2a: Farigiraf\n|-supereffective|p2a: Farigiraf\n|-damage|p2a: Farigiraf|67\/100\n|j| tester66432\n|\n|t:|1721713226\n|switch|p1b: Calyrex|Calyrex-Shadow, L50|100\/100|[from] U-turn\n|-ability|p1b: Calyrex|As One\n|-ability|p1b: Calyrex|Unnerve\n|cant|p2a: Farigiraf|move: Taunt|Trick Room\n|\n|-heal|p1a: Urshifu|7\/100|[from] Grassy Terrain\n|-heal|p2a: Farigiraf|74\/100|[from] Grassy Terrain\n|upkeep\n|\n|t:|1721713239\n|switch|p2b: Iron Hands|Iron Hands, L50|100\/100\n|turn|2\n|inactive|Kunikamaze has 30 seconds left.\n|c|\u2606Kunikamaze|Why are all ursh bo1 sash\n|inactive|Kunikamaze has 20 seconds left.\n|inactive|Kunikamaze has 15 seconds left.\n|inactive|Kunikamaze has 10 seconds left.\n|\n|t:|1721713286\n|switch|p1a: Incineroar|Incineroar, L50, M|100\/100\n|-ability|p1a: Incineroar|Intimidate|boost\n|-unboost|p2a: Farigiraf|atk|1\n|-unboost|p2b: Iron Hands|atk|1\n|switch|p2a: Kyogre|Kyogre, L50|100\/100\n|-weather|RainDance|[from] ability: Drizzle|[of] p2a: Kyogre\n|-terastallize|p1b: Calyrex|Fairy\n|move|p2b: Iron Hands|Fake Out|p1a: Incineroar\n|-damage|p1a: Incineroar|91\/100\n|move|p1b: Calyrex|Calm Mind|p1b: Calyrex\n|-boost|p1b: Calyrex|spa|1\n|-boost|p1b: Calyrex|spd|1\n|\n|-weather|RainDance|[upkeep]\n|-heal|p1a: Incineroar|97\/100|[from] Grassy Terrain\n|upkeep\n|turn|3\n|inactive|Djjwjwwjj has 30 seconds left.\n|\n|t:|1721713314\n|switch|p1a: Rillaboom|Rillaboom, L50, F|100\/100\n|-end|p2b: Iron Hands|Quark Drive|[silent]\n|switch|p2b: Farigiraf|Farigiraf, L50, F|74\/100\n|-terastallize|p2a: Kyogre|Water\n|move|p1b: Calyrex|Astral Barrage|p2b: Farigiraf|[spread] p2a\n|-immune|p2b: Farigiraf\n|-damage|p2a: Kyogre|55\/100\n|move|p2a: Kyogre|Hydro Pump|p1b: Calyrex|[miss]\n|-miss|p2a: Kyogre|p1b: Calyrex\n|\n|-weather|RainDance|[upkeep]\n|-heal|p2b: Farigiraf|80\/100|[from] Grassy Terrain\n|-heal|p2a: Kyogre|61\/100|[from] Grassy Terrain\n|upkeep\n|turn|4\n|inactive|Djjwjwwjj has 30 seconds left.\n|inactive|Kunikamaze has 30 seconds left.\n|c|\u2606Kunikamaze|Hydro miss\n|inactive|Djjwjwwjj has 20 seconds left.\n|\n|t:|1721713351\n|move|p2a: Kyogre|Protect|p2a: Kyogre\n|-singleturn|p2a: Kyogre|Protect\n|move|p1b: Calyrex|Draining Kiss|p2b: Farigiraf\n|-damage|p2b: Farigiraf|34\/100\n|move|p1a: Rillaboom|Wood Hammer|p2b: Farigiraf\n|-damage|p2b: Farigiraf|0 fnt\n|faint|p2b: Farigiraf\n|-damage|p1a: Rillaboom|88\/100|[from] Recoil\n|\n|-weather|RainDance|[upkeep]\n|-heal|p1a: Rillaboom|94\/100|[from] Grassy Terrain\n|-heal|p2a: Kyogre|67\/100|[from] Grassy Terrain\n|upkeep\n|inactive|Kunikamaze has 30 seconds left.\n|\n|t:|1721713381\n|switch|p2b: Iron Hands|Iron Hands, L50|100\/100\n|turn|5\n|\n|t:|1721713393\n|move|p2b: Iron Hands|Fake Out|p1a: Rillaboom\n|-damage|p1a: Rillaboom|79\/100\n|move|p1b: Calyrex|Astral Barrage|p2a: Kyogre|[spread] p2a,p2b\n|-damage|p2a: Kyogre|16\/100\n|-damage|p2b: Iron Hands|44\/100\n|cant|p1a: Rillaboom|flinch\n|move|p2a: Kyogre|Ice Beam|p1a: Rillaboom\n|-supereffective|p1a: Rillaboom\n|-damage|p1a: Rillaboom|23\/100\n|\n|-weather|RainDance|[upkeep]\n|-heal|p1a: Rillaboom|29\/100|[from] Grassy Terrain\n|-heal|p2b: Iron Hands|50\/100|[from] Grassy Terrain\n|-heal|p2a: Kyogre|22\/100|[from] Grassy Terrain\n|-fieldend|move: Grassy Terrain\n|upkeep\n|turn|6\n|-message|Kunikamaze forfeited.\n|\n|win|Djjwjwwjj\n|raw|Djjwjwwjj's rating: 1654 &rarr; <strong>1676<\/strong><br \/>(+22 for winning)\n|raw|Kunikamaze's rating: 1695 &rarr; <strong>1673<\/strong><br \/>(-22 for losing)\n|l|\u2606Kunikamaze\n|player|p2|\n|l| tester66432\n|l|\u2606Djjwjwwjj\n|player|p1|\n","uploadtime":1721713610,"views":7,"formatid":"gen9vgc2024regg","rating":1673,"private":0,"password":null}