{"id":"gen9vgc2024regg-2165692963","format":"[Gen 9] VGC 2024 Reg G","players":["shuijunjun\u7ea2\u83b2\u94e0\u9a91\u4fa0","pasicale"],"log":"|j|\u2606shuijunjun\u7ea2\u83b2\u94e0\u9a91\u4fa0\n|j|\u2606pasicale\n|t:|1721695609\n|gametype|doubles\n|player|p1|shuijunjun\u7ea2\u83b2\u94e0\u9a91\u4fa0|iono|1676\n|player|p2|pasicale|lyra|1742\n|teamsize|p1|6\n|teamsize|p2|6\n|gen|9\n|tier|[Gen 9] VGC 2024 Reg G\n|rated|\n|rule|Species Clause: Limit one of each Pok\u00e9mon\n|rule|Item Clause: Limit one of each item\n|clearpoke\n|poke|p1|Armarouge, L50, F|\n|poke|p1|Zamazenta-*, L50|\n|poke|p1|Indeedee, L50, M|\n|poke|p1|Roaring Moon, L50|\n|poke|p1|Gholdengo, L50|\n|poke|p1|Urshifu-*, L50, M|\n|poke|p2|Amoonguss, L50, F|\n|poke|p2|Incineroar, L50, M|\n|poke|p2|Rillaboom, L50, M|\n|poke|p2|Scream Tail, L50|\n|poke|p2|Terapagos, L50, M|\n|poke|p2|Urshifu-*, L50, M|\n|teampreview|4\n|j| Buy Dogecoins\n|j| BacK-2-ReaLiTy\n|\n|t:|1721695700\n|start\n|switch|p1a: \u6708\u7ffc\u4e01\u771f|Roaring Moon, L50|100\/100\n|switch|p1b: \u715c\u708e\u4e01\u771f|Armarouge, L50, F, shiny|100\/100\n|switch|p2a: \u30d2\u30c8\u30ca\u30ec|Incineroar, L50, M|100\/100\n|switch|p2b: \u3084\u306f\u305f\u306e\u304b\u307f|Urshifu-Rapid-Strike, L50, M|100\/100\n|-ability|p2a: \u30d2\u30c8\u30ca\u30ec|Intimidate|boost\n|-unboost|p1a: \u6708\u7ffc\u4e01\u771f|atk|1\n|-unboost|p1b: \u715c\u708e\u4e01\u771f|atk|1\n|-enditem|p1a: \u6708\u7ffc\u4e01\u771f|Booster Energy\n|-activate|p1a: \u6708\u7ffc\u4e01\u771f|ability: Protosynthesis|[fromitem]\n|-start|p1a: \u6708\u7ffc\u4e01\u771f|protosynthesisspe\n|turn|1\n|\n|t:|1721695724\n|-terastallize|p1a: \u6708\u7ffc\u4e01\u771f|Ghost\n|move|p1a: \u6708\u7ffc\u4e01\u771f|Earthquake|p2b: \u3084\u306f\u305f\u306e\u304b\u307f|[spread] p1b,p2a,p2b\n|-supereffective|p1b: \u715c\u708e\u4e01\u771f\n|-supereffective|p2a: \u30d2\u30c8\u30ca\u30ec\n|-crit|p2b: \u3084\u306f\u305f\u306e\u304b\u307f\n|-damage|p1b: \u715c\u708e\u4e01\u771f|66\/100\n|-damage|p2a: \u30d2\u30c8\u30ca\u30ec|77\/100\n|-damage|p2b: \u3084\u306f\u305f\u306e\u304b\u307f|68\/100\n|-ability|p1b: \u715c\u708e\u4e01\u771f|Weak Armor|boost\n|-unboost|p1b: \u715c\u708e\u4e01\u771f|def|1\n|-boost|p1b: \u715c\u708e\u4e01\u771f|spe|2\n|-enditem|p1b: \u715c\u708e\u4e01\u771f|Weakness Policy\n|-boost|p1b: \u715c\u708e\u4e01\u771f|atk|2|[from] item: Weakness Policy\n|-boost|p1b: \u715c\u708e\u4e01\u771f|spa|2|[from] item: Weakness Policy\n|move|p1b: \u715c\u708e\u4e01\u771f|Aura Sphere|p2a: \u30d2\u30c8\u30ca\u30ec\n|-supereffective|p2a: \u30d2\u30c8\u30ca\u30ec\n|-damage|p2a: \u30d2\u30c8\u30ca\u30ec|0 fnt\n|faint|p2a: \u30d2\u30c8\u30ca\u30ec\n|move|p2b: \u3084\u306f\u305f\u306e\u304b\u307f|Surging Strikes|p1b: \u715c\u708e\u4e01\u771f\n|-supereffective|p1b: \u715c\u708e\u4e01\u771f\n|-crit|p1b: \u715c\u708e\u4e01\u771f\n|-damage|p1b: \u715c\u708e\u4e01\u771f|0 fnt\n|faint|p1b: \u715c\u708e\u4e01\u771f\n|-hitcount|p1: \u715c\u708e\u4e01\u771f|1\n|\n|upkeep\n|\n|t:|1721695752\n|switch|p1b: \u6bc5\u52c7\u4e01\u771f|Zamazenta-Crowned, L50|100\/100\n|switch|p2a: \u30bf\u30b1\u30df\u30ab\u30c5\u30c1|Terapagos, L50, M|100\/100\n|-activate|p2a: \u30bf\u30b1\u30df\u30ab\u30c5\u30c1|ability: Tera Shift\n|detailschange|p2a: \u30bf\u30b1\u30df\u30ab\u30c5\u30c1|Terapagos-Terastal, L50, M\n|-heal|p2a: \u30bf\u30b1\u30df\u30ab\u30c5\u30c1|100\/100|[silent]\n|-ability|p1b: \u6bc5\u52c7\u4e01\u771f|Dauntless Shield|boost\n|-boost|p1b: \u6bc5\u52c7\u4e01\u771f|def|1\n|turn|2\n|\n|t:|1721695771\n|move|p1a: \u6708\u7ffc\u4e01\u771f|Knock Off|p2b: \u3084\u306f\u305f\u306e\u304b\u307f\n|-resisted|p2b: \u3084\u306f\u305f\u306e\u304b\u307f\n|-damage|p2b: \u3084\u306f\u305f\u306e\u304b\u307f|52\/100\n|-enditem|p2b: \u3084\u306f\u305f\u306e\u304b\u307f|Choice Scarf|[from] move: Knock Off|[of] p1a: \u6708\u7ffc\u4e01\u771f\n|move|p1b: \u6bc5\u52c7\u4e01\u771f|Body Press|p2b: \u3084\u306f\u305f\u306e\u304b\u307f\n|-damage|p2b: \u3084\u306f\u305f\u306e\u304b\u307f|0 fnt\n|faint|p2b: \u3084\u306f\u305f\u306e\u304b\u307f\n|move|p2a: \u30bf\u30b1\u30df\u30ab\u30c5\u30c1|Earth Power|p1b: \u6bc5\u52c7\u4e01\u771f\n|-supereffective|p1b: \u6bc5\u52c7\u4e01\u771f\n|-damage|p1b: \u6bc5\u52c7\u4e01\u771f|64\/100\n|\n|upkeep\n|\n|t:|1721695780\n|switch|p2b: \u307a\u3053\u30ce\u30b7\u30c3\u30dd|Scream Tail, L50|100\/100\n|-enditem|p2b: \u307a\u3053\u30ce\u30b7\u30c3\u30dd|Booster Energy\n|-activate|p2b: \u307a\u3053\u30ce\u30b7\u30c3\u30dd|ability: Protosynthesis|[fromitem]\n|-start|p2b: \u307a\u3053\u30ce\u30b7\u30c3\u30dd|protosynthesisspe\n|turn|3\n|\n|t:|1721695788\n|move|p1a: \u6708\u7ffc\u4e01\u771f|Tailwind|p1a: \u6708\u7ffc\u4e01\u771f\n|-sidestart|p1: shuijunjun\u7ea2\u83b2\u94e0\u9a91\u4fa0|move: Tailwind\n|move|p1b: \u6bc5\u52c7\u4e01\u771f|Heavy Slam|p2b: \u307a\u3053\u30ce\u30b7\u30c3\u30dd\n|-supereffective|p2b: \u307a\u3053\u30ce\u30b7\u30c3\u30dd\n|-damage|p2b: \u307a\u3053\u30ce\u30b7\u30c3\u30dd|27\/100\n|move|p2b: \u307a\u3053\u30ce\u30b7\u30c3\u30dd|Disable|p1b: \u6bc5\u52c7\u4e01\u771f\n|-start|p1b: \u6bc5\u52c7\u4e01\u771f|Disable|Heavy Slam\n|move|p2a: \u30bf\u30b1\u30df\u30ab\u30c5\u30c1|Calm Mind|p2a: \u30bf\u30b1\u30df\u30ab\u30c5\u30c1\n|-boost|p2a: \u30bf\u30b1\u30df\u30ab\u30c5\u30c1|spa|1\n|-boost|p2a: \u30bf\u30b1\u30df\u30ab\u30c5\u30c1|spd|1\n|\n|upkeep\n|turn|4\n|\n|t:|1721695815\n|move|p2a: \u30bf\u30b1\u30df\u30ab\u30c5\u30c1|Protect|p2a: \u30bf\u30b1\u30df\u30ab\u30c5\u30c1\n|-singleturn|p2a: \u30bf\u30b1\u30df\u30ab\u30c5\u30c1|Protect\n|move|p1a: \u6708\u7ffc\u4e01\u771f|Knock Off|p2a: \u30bf\u30b1\u30df\u30ab\u30c5\u30c1\n|-activate|p2a: \u30bf\u30b1\u30df\u30ab\u30c5\u30c1|move: Protect\n|move|p1b: \u6bc5\u52c7\u4e01\u771f|Body Press|p2a: \u30bf\u30b1\u30df\u30ab\u30c5\u30c1\n|-activate|p2a: \u30bf\u30b1\u30df\u30ab\u30c5\u30c1|move: Protect\n|move|p2b: \u307a\u3053\u30ce\u30b7\u30c3\u30dd|Encore|p1b: \u6bc5\u52c7\u4e01\u771f\n|-start|p1b: \u6bc5\u52c7\u4e01\u771f|Encore\n|\n|upkeep\n|turn|5\n|\n|t:|1721695852\n|switch|p1b: \u610f\u8335\u4e01\u771f|Indeedee, L50, M|100\/100\n|-fieldstart|move: Psychic Terrain|[from] ability: Psychic Surge|[of] p1b: \u610f\u8335\u4e01\u771f\n|move|p2a: \u30bf\u30b1\u30df\u30ab\u30c5\u30c1|Protect||[still]\n|-fail|p2a: \u30bf\u30b1\u30df\u30ab\u30c5\u30c1\n|move|p1a: \u6708\u7ffc\u4e01\u771f|Earthquake|p2a: \u30bf\u30b1\u30df\u30ab\u30c5\u30c1|[spread] p1b,p2a,p2b\n|-activate|p2a: \u30bf\u30b1\u30df\u30ab\u30c5\u30c1|ability: Tera Shell\n|-resisted|p2a: \u30bf\u30b1\u30df\u30ab\u30c5\u30c1\n|-damage|p1b: \u610f\u8335\u4e01\u771f|74\/100\n|-damage|p2a: \u30bf\u30b1\u30df\u30ab\u30c5\u30c1|95\/100\n|-damage|p2b: \u307a\u3053\u30ce\u30b7\u30c3\u30dd|15\/100\n|move|p2b: \u307a\u3053\u30ce\u30b7\u30c3\u30dd|Disable||[still]\n|-fail|p2b: \u307a\u3053\u30ce\u30b7\u30c3\u30dd\n|\n|-heal|p2a: \u30bf\u30b1\u30df\u30ab\u30c5\u30c1|100\/100|[from] item: Leftovers\n|upkeep\n|turn|6\n|\n|t:|1721695885\n|-terastallize|p2a: \u30bf\u30b1\u30df\u30ab\u30c5\u30c1|Stellar\n|detailschange|p2a: \u30bf\u30b1\u30df\u30ab\u30c5\u30c1|Terapagos-Stellar, L50, M, tera:Stellar\n|-heal|p2a: \u30bf\u30b1\u30df\u30ab\u30c5\u30c1|100\/100|[silent]\n|-ability|p2a: \u30bf\u30b1\u30df\u30ab\u30c5\u30c1|Teraform Zero\n|-fieldend|move: Psychic Terrain\n|move|p2b: \u307a\u3053\u30ce\u30b7\u30c3\u30dd|Protect|p2b: \u307a\u3053\u30ce\u30b7\u30c3\u30dd\n|-singleturn|p2b: \u307a\u3053\u30ce\u30b7\u30c3\u30dd|Protect\n|move|p1a: \u6708\u7ffc\u4e01\u771f|Acrobatics|p2b: \u307a\u3053\u30ce\u30b7\u30c3\u30dd\n|-activate|p2b: \u307a\u3053\u30ce\u30b7\u30c3\u30dd|move: Protect\n|move|p1b: \u610f\u8335\u4e01\u771f|Encore|p2a: \u30bf\u30b1\u30df\u30ab\u30c5\u30c1\n|-start|p2a: \u30bf\u30b1\u30df\u30ab\u30c5\u30c1|Encore\n|move|p2a: \u30bf\u30b1\u30df\u30ab\u30c5\u30c1|Protect||[still]\n|-fail|p2a: \u30bf\u30b1\u30df\u30ab\u30c5\u30c1\n|\n|-sideend|p1: shuijunjun\u7ea2\u83b2\u94e0\u9a91\u4fa0|move: Tailwind\n|upkeep\n|turn|7\n|\n|t:|1721695905\n|switch|p1b: \u6bc5\u52c7\u4e01\u771f|Zamazenta-Crowned, L50|64\/100\n|move|p2a: \u30bf\u30b1\u30df\u30ab\u30c5\u30c1|Protect|p2a: \u30bf\u30b1\u30df\u30ab\u30c5\u30c1\n|-singleturn|p2a: \u30bf\u30b1\u30df\u30ab\u30c5\u30c1|Protect\n|move|p1a: \u6708\u7ffc\u4e01\u771f|Acrobatics|p2b: \u307a\u3053\u30ce\u30b7\u30c3\u30dd\n|-damage|p2b: \u307a\u3053\u30ce\u30b7\u30c3\u30dd|0 fnt\n|faint|p2b: \u307a\u3053\u30ce\u30b7\u30c3\u30dd\n|-end|p2b: \u307a\u3053\u30ce\u30b7\u30c3\u30dd|Protosynthesis|[silent]\n|\n|upkeep\n|turn|8\n|\n|t:|1721695915\n|-end|p1a: \u6708\u7ffc\u4e01\u771f|Protosynthesis|[silent]\n|switch|p1a: \u610f\u8335\u4e01\u771f|Indeedee, L50, M|74\/100\n|-fieldstart|move: Psychic Terrain|[from] ability: Psychic Surge|[of] p1a: \u610f\u8335\u4e01\u771f\n|move|p2a: \u30bf\u30b1\u30df\u30ab\u30c5\u30c1|Protect||[still]\n|-fail|p2a: \u30bf\u30b1\u30df\u30ab\u30c5\u30c1\n|move|p1b: \u6bc5\u52c7\u4e01\u771f|Body Press|p2a: \u30bf\u30b1\u30df\u30ab\u30c5\u30c1\n|-supereffective|p2a: \u30bf\u30b1\u30df\u30ab\u30c5\u30c1\n|-damage|p2a: \u30bf\u30b1\u30df\u30ab\u30c5\u30c1|47\/100\n|\n|-heal|p2a: \u30bf\u30b1\u30df\u30ab\u30c5\u30c1|53\/100|[from] item: Leftovers\n|-end|p2a: \u30bf\u30b1\u30df\u30ab\u30c5\u30c1|Encore\n|upkeep\n|turn|9\n|-message|pasicale forfeited.\n|\n|win|shuijunjun\u7ea2\u83b2\u94e0\u9a91\u4fa0\n|raw|shuijunjun\u7ea2\u83b2\u94e0\u9a91\u4fa0's rating: 1676 &rarr; <strong>1700<\/strong><br \/>(+24 for winning)\n|raw|pasicale's rating: 1742 &rarr; <strong>1718<\/strong><br \/>(-24 for losing)\n|l|\u2606pasicale\n|player|p2|\n|l| Buy Dogecoins\n|l|\u2606shuijunjun\u7ea2\u83b2\u94e0\u9a91\u4fa0\n|player|p1|\n|j|\u2606shuijunjun\u7ea2\u83b2\u94e0\u9a91\u4fa0\n|player|p1|shuijunjun\u7ea2\u83b2\u94e0\u9a91\u4fa0|iono|\n","uploadtime":1721695988,"views":50,"formatid":"gen9vgc2024regg","rating":1700,"private":0,"password":null}