{"id":"gen9vgc2024regg-2165926423","format":"[Gen 9] VGC 2024 Reg G","players":["seanyboy335","SubToPenglin"],"log":"|j|\u2606seanyboy335\n|j|\u2606SubToPenglin\n|t:|1721736017\n|gametype|doubles\n|player|p1|seanyboy335|265|1688\n|player|p2|SubToPenglin|dawn-gen4pt|1797\n|teamsize|p1|6\n|teamsize|p2|6\n|gen|9\n|tier|[Gen 9] VGC 2024 Reg G\n|rated|\n|rule|Species Clause: Limit one of each Pok\u00e9mon\n|rule|Item Clause: Limit one of each item\n|clearpoke\n|poke|p1|Smeargle, L50, F|\n|poke|p1|Calyrex-Shadow, L50|\n|poke|p1|Raging Bolt, L50|\n|poke|p1|Rillaboom, L50, M|\n|poke|p1|Urshifu-*, L50, F|\n|poke|p1|Clefairy, L50, F|\n|poke|p2|Comfey, L50, M|\n|poke|p2|Terapagos, L50, M|\n|poke|p2|Tornadus, L50, M|\n|poke|p2|Ogerpon-Cornerstone, L50, F|\n|poke|p2|Magmar, L50, M|\n|poke|p2|Raichu, L50, M|\n|teampreview|4\n|inactive|Battle timer is ON: inactive players will automatically lose when time's up. (requested by SubToPenglin)\n|inactive|seanyboy335 also wants the timer to be on.\n|\n|t:|1721736029\n|start\n|switch|p1a: Smeargle|Smeargle, L50, F|100\/100\n|switch|p1b: Calyrex|Calyrex-Shadow, L50|100\/100\n|switch|p2a: Terapagos|Terapagos, L50, M|100\/100\n|switch|p2b: Tornadus|Tornadus, L50, M|100\/100\n|-ability|p1b: Calyrex|As One\n|-ability|p1b: Calyrex|Unnerve\n|-activate|p2a: Terapagos|ability: Tera Shift\n|detailschange|p2a: Terapagos|Terapagos-Terastal, L50, M\n|-heal|p2a: Terapagos|100\/100|[silent]\n|turn|1\n|inactive|SubToPenglin has 30 seconds left.\n|\n|t:|1721736055\n|move|p1a: Smeargle|Fake Out|p2a: Terapagos\n|-activate|p2a: Terapagos|ability: Tera Shell\n|-resisted|p2a: Terapagos\n|-damage|p2a: Terapagos|98\/100\n|move|p2b: Tornadus|Taunt|p1b: Calyrex\n|-start|p1b: Calyrex|move: Taunt\n|cant|p1b: Calyrex|move: Taunt|Nasty Plot\n|cant|p2a: Terapagos|flinch\n|\n|-ability|p1a: Smeargle|Moody|boost\n|-boost|p1a: Smeargle|spa|2\n|-unboost|p1a: Smeargle|def|1\n|upkeep\n|turn|2\n|\n|t:|1721736076\n|move|p2b: Tornadus|Tailwind|p2b: Tornadus\n|-sidestart|p2: SubToPenglin|move: Tailwind\n|move|p2a: Terapagos|Calm Mind|p2a: Terapagos\n|-boost|p2a: Terapagos|spa|1\n|-boost|p2a: Terapagos|spd|1\n|move|p1b: Calyrex|Astral Barrage|p2b: Tornadus|[spread] p2b\n|-immune|p2a: Terapagos\n|-damage|p2b: Tornadus|26\/100\n|move|p1a: Smeargle|Spore|p2a: Terapagos\n|-status|p2a: Terapagos|slp|[from] move: Spore\n|\n|-ability|p1a: Smeargle|Moody|boost\n|-boost|p1a: Smeargle|atk|2\n|-unboost|p1a: Smeargle|spe|1\n|upkeep\n|turn|3\n|inactive|seanyboy335 has 30 seconds left.\n|inactive|SubToPenglin has 30 seconds left.\n|c|\u2606SubToPenglin|wut\n|c|\u2606SubToPenglin|bruh\n|c|\u2606SubToPenglin|i clicked taunt\n|inactive|SubToPenglin has 20 seconds left.\n|\n|t:|1721736112\n|move|p1a: Smeargle|Follow Me|p1a: Smeargle\n|-singleturn|p1a: Smeargle|move: Follow Me\n|move|p2b: Tornadus|Taunt|p1a: Smeargle\n|-start|p1a: Smeargle|move: Taunt\n|cant|p2a: Terapagos|slp\n|move|p1b: Calyrex|Astral Barrage|p2a: Terapagos|[spread] p2b\n|-immune|p2a: Terapagos\n|-damage|p2b: Tornadus|0 fnt\n|faint|p2b: Tornadus\n|-ability|p1b: Calyrex|Grim Neigh|boost\n|-boost|p1b: Calyrex|spa|1\n|\n|-end|p1b: Calyrex|move: Taunt\n|-ability|p1a: Smeargle|Moody|boost\n|-boost|p1a: Smeargle|spa|2\n|-unboost|p1a: Smeargle|spe|1\n|upkeep\n|c|\u2606seanyboy335|rip\n|\n|t:|1721736134\n|switch|p2b: Ogerpon|Ogerpon-Cornerstone, L50, F|100\/100\n|turn|4\n|c|\u2606SubToPenglin|ok wait finishing my other game rq\n|inactive|SubToPenglin has 30 seconds left.\n|c|\u2606seanyboy335|lo\n|c|\u2606seanyboy335|l\n|inactive|SubToPenglin has 20 seconds left.\n|inactive|SubToPenglin has 15 seconds left.\n|\n|t:|1721736175\n|switch|p1a: Clefairy|Clefairy, L50, F|100\/100\n|move|p2b: Ogerpon|Ivy Cudgel|p1a: Clefairy|[anim] Ivy Cudgel Rock\n|-damage|p1a: Clefairy|59\/100\n|cant|p2a: Terapagos|slp\n|move|p1b: Calyrex|Psychic|p2a: Terapagos\n|-damage|p2a: Terapagos|57\/100 slp\n|\n|upkeep\n|turn|5\n|j| shanehuang\n|c|\u2606SubToPenglin|ok 2 games now so i can focus kinda\n|inactive|seanyboy335 has 30 seconds left.\n|\n|t:|1721736207\n|-terastallize|p2a: Terapagos|Stellar\n|detailschange|p2a: Terapagos|Terapagos-Stellar, L50, M, tera:Stellar\n|-heal|p2a: Terapagos|67\/100 slp|[silent]\n|move|p1a: Clefairy|Helping Hand|p1b: Calyrex\n|-singleturn|p1b: Calyrex|Helping Hand|[of] p1a: Clefairy\n|move|p2b: Ogerpon|Ivy Cudgel|p1b: Calyrex|[anim] Ivy Cudgel Rock\n|-damage|p1b: Calyrex|64\/100\n|-curestatus|p2a: Terapagos|slp|[msg]\n|move|p2a: Terapagos|Tera Starstorm|p1b: Calyrex|[spread] p1a,p1b\n|-damage|p1a: Clefairy|5\/100\n|-damage|p1b: Calyrex|28\/100\n|move|p1b: Calyrex|Psychic|p2a: Terapagos\n|-damage|p2a: Terapagos|22\/100\n|\n|-sideend|p2: SubToPenglin|move: Tailwind\n|upkeep\n|turn|6\n|inactive|seanyboy335 has 30 seconds left.\n|\n|t:|1721736232\n|move|p1b: Calyrex|Protect|p1b: Calyrex\n|-singleturn|p1b: Calyrex|Protect\n|move|p2a: Terapagos|Protect|p2a: Terapagos\n|-singleturn|p2a: Terapagos|Protect\n|move|p1a: Clefairy|Follow Me|p1a: Clefairy\n|-singleturn|p1a: Clefairy|move: Follow Me\n|move|p2b: Ogerpon|Ivy Cudgel|p1a: Clefairy|[anim] Ivy Cudgel Rock\n|-damage|p1a: Clefairy|0 fnt\n|faint|p1a: Clefairy\n|\n|upkeep\n|\n|t:|1721736234\n|switch|p1a: Smeargle|Smeargle, L50, F|100\/100\n|turn|7\n|\n|t:|1721736250\n|move|p1a: Smeargle|Fake Out|p2b: Ogerpon\n|-resisted|p2b: Ogerpon\n|-damage|p2b: Ogerpon|97\/100\n|cant|p2b: Ogerpon|flinch\n|move|p1b: Calyrex|Psychic|p2a: Terapagos\n|-crit|p2a: Terapagos\n|-damage|p2a: Terapagos|0 fnt\n|faint|p2a: Terapagos\n|-ability|p1b: Calyrex|Grim Neigh|boost\n|-boost|p1b: Calyrex|spa|1\n|\n|-ability|p1a: Smeargle|Moody|boost\n|-boost|p1a: Smeargle|def|2\n|-unboost|p1a: Smeargle|spa|1\n|upkeep\n|\n|t:|1721736266\n|switch|p2a: Comfey|Comfey, L50, M, shiny|100\/100\n|turn|8\n|\n|t:|1721736279\n|move|p1b: Calyrex|Protect|p1b: Calyrex\n|-singleturn|p1b: Calyrex|Protect\n|move|p2b: Ogerpon|Spiky Shield|p2b: Ogerpon\n|-singleturn|p2b: Ogerpon|move: Protect\n|move|p2a: Comfey|Draining Kiss|p1b: Calyrex\n|-activate|p1b: Calyrex|move: Protect\n|move|p1a: Smeargle|Spore|p2a: Comfey\n|-status|p2a: Comfey|slp|[from] move: Spore\n|\n|-ability|p1a: Smeargle|Moody|boost\n|-boost|p1a: Smeargle|spe|2\n|-unboost|p1a: Smeargle|def|1\n|upkeep\n|turn|9\n|c|\u2606SubToPenglin|ggs\n|-message|SubToPenglin forfeited.\n|\n|win|seanyboy335\n|raw|seanyboy335's rating: 1688 &rarr; <strong>1713<\/strong><br \/>(+25 for winning)\n|raw|SubToPenglin's rating: 1784 &rarr; <strong>1759<\/strong><br \/>(-25 for losing)\n|l|\u2606SubToPenglin\n|player|p2|\n|c|\u2606seanyboy335|gg\n|l|\u2606seanyboy335\n|player|p1|\n|l| shanehuang\n","uploadtime":1721736472,"views":36,"formatid":"gen9vgc2024regg","rating":1713,"private":0,"password":null}