{"id":"gen9vgc2024regg-2165964040","format":"[Gen 9] VGC 2024 Reg G","players":["SubToPenglin","Billy_HMD"],"log":"|j|\u2606SubToPenglin\n|j|\u2606Billy_HMD\n|t:|1721741424\n|gametype|doubles\n|player|p1|SubToPenglin|dawn-gen4pt|1697\n|player|p2|Billy_HMD|dawn|1823\n|teamsize|p1|6\n|teamsize|p2|6\n|gen|9\n|tier|[Gen 9] VGC 2024 Reg G\n|rated|\n|rule|Species Clause: Limit one of each Pok\u00e9mon\n|rule|Item Clause: Limit one of each item\n|clearpoke\n|poke|p1|Comfey, L50, F|\n|poke|p1|Terapagos, L50, M|\n|poke|p1|Tornadus, L50, M|\n|poke|p1|Ogerpon-Cornerstone, L50, F|\n|poke|p1|Magmar, L50, F|\n|poke|p1|Raichu, L50, M|\n|poke|p2|Zamazenta-*, L50|\n|poke|p2|Volcarona, L50, F|\n|poke|p2|Grimmsnarl, L50, M|\n|poke|p2|Landorus-Therian, L50, M|\n|poke|p2|Rillaboom, L50, F|\n|poke|p2|Raging Bolt, L50|\n|teampreview|4\n|inactive|Battle timer is ON: inactive players will automatically lose when time's up. (requested by Billy_HMD)\n|inactive|SubToPenglin also wants the timer to be on.\n|inactive|Billy_HMD has 60 seconds left.\n|\n|t:|1721741455\n|start\n|switch|p1a: Terapagos|Terapagos, L50, M|100\/100\n|switch|p1b: Ogerpon|Ogerpon-Cornerstone, L50, F|100\/100\n|switch|p2a: Volcarona|Volcarona, L50, F|100\/100\n|switch|p2b: Grimmsnarl|Grimmsnarl, L50, M|100\/100\n|-activate|p1a: Terapagos|ability: Tera Shift\n|detailschange|p1a: Terapagos|Terapagos-Terastal, L50, M\n|-heal|p1a: Terapagos|100\/100|[silent]\n|turn|1\n|inactive|Billy_HMD has 30 seconds left.\n|inactive|Billy_HMD has 20 seconds left.\n|\n|t:|1721741494\n|switch|p2a: Zamazenta|Zamazenta-Crowned, L50|100\/100\n|-ability|p2a: Zamazenta|Dauntless Shield|boost\n|-boost|p2a: Zamazenta|def|1\n|switch|p1a: Raichu|Raichu, L50, M, shiny|100\/100\n|move|p2b: Grimmsnarl|Thunder Wave|p1a: Raichu\n|-ability|p1a: Raichu|Lightning Rod|boost\n|-boost|p1a: Raichu|spa|1\n|move|p1b: Ogerpon|Ivy Cudgel|p2a: Zamazenta|[anim] Ivy Cudgel Rock\n|-resisted|p2a: Zamazenta\n|-crit|p2a: Zamazenta\n|-damage|p2a: Zamazenta|88\/100\n|\n|upkeep\n|turn|2\n|inactive|Billy_HMD has 30 seconds left.\n|inactive|Billy_HMD has 20 seconds left.\n|inactive|Billy_HMD has 15 seconds left.\n|inactive|Billy_HMD has 10 seconds left.\n|\n|t:|1721741541\n|switch|p1b: Magmar|Magmar, L50, F, shiny|100\/100\n|-terastallize|p2b: Grimmsnarl|Ghost\n|move|p2b: Grimmsnarl|Reflect|p2b: Grimmsnarl\n|-sidestart|p2: Billy_HMD|Reflect\n|move|p1a: Raichu|Volt Switch|p2b: Grimmsnarl\n|-damage|p2b: Grimmsnarl|70\/100\n|\n|t:|1721741556\n|switch|p1a: Terapagos|Terapagos-Terastal, L50, M|100\/100|[from] Volt Switch\n|move|p2a: Zamazenta|Iron Defense|p2a: Zamazenta\n|-boost|p2a: Zamazenta|def|2\n|\n|upkeep\n|turn|3\n|\n|t:|1721741565\n|move|p1a: Terapagos|Protect|p1a: Terapagos\n|-singleturn|p1a: Terapagos|Protect\n|move|p2b: Grimmsnarl|Light Screen|p2b: Grimmsnarl\n|-sidestart|p2: Billy_HMD|move: Light Screen\n|move|p2a: Zamazenta|Body Press|p1b: Magmar\n|-damage|p1b: Magmar|27\/100\n|move|p1b: Magmar|Will-O-Wisp|p2a: Zamazenta\n|-status|p2a: Zamazenta|brn\n|\n|-damage|p2a: Zamazenta|82\/100 brn|[from] brn\n|upkeep\n|turn|4\n|\n|t:|1721741585\n|switch|p2b: Rillaboom|Rillaboom, L50, F|100\/100\n|-fieldstart|move: Grassy Terrain|[from] ability: Grassy Surge|[of] p2b: Rillaboom\n|move|p1b: Magmar|Protect|p1b: Magmar\n|-singleturn|p1b: Magmar|Protect\n|move|p2a: Zamazenta|Body Press|p1b: Magmar\n|-activate|p1b: Magmar|move: Protect\n|move|p1a: Terapagos|Calm Mind|p1a: Terapagos\n|-boost|p1a: Terapagos|spa|1\n|-boost|p1a: Terapagos|spd|1\n|\n|-heal|p2a: Zamazenta|88\/100 brn|[from] Grassy Terrain\n|-heal|p1b: Magmar|33\/100|[from] Grassy Terrain\n|-damage|p2a: Zamazenta|82\/100 brn|[from] brn\n|upkeep\n|turn|5\n|inactive|Billy_HMD has 30 seconds left.\n|inactive|Billy_HMD has 20 seconds left.\n|inactive|Billy_HMD has 15 seconds left.\n|inactive|Billy_HMD has 10 seconds left.\n|\n|t:|1721741631\n|switch|p2b: Volcarona|Volcarona, L50, F|100\/100\n|-terastallize|p1a: Terapagos|Stellar\n|detailschange|p1a: Terapagos|Terapagos-Stellar, L50, M, tera:Stellar\n|-heal|p1a: Terapagos|100\/100|[silent]\n|-ability|p1a: Terapagos|Teraform Zero\n|-fieldend|move: Grassy Terrain\n|move|p1b: Magmar|Follow Me|p1b: Magmar\n|-singleturn|p1b: Magmar|move: Follow Me\n|move|p2a: Zamazenta|Iron Defense|p2a: Zamazenta\n|-boost|p2a: Zamazenta|def|2\n|move|p1a: Terapagos|Earth Power|p2a: Zamazenta\n|-supereffective|p2a: Zamazenta\n|-damage|p2a: Zamazenta|35\/100 brn\n|\n|-damage|p2a: Zamazenta|29\/100 brn|[from] brn\n|upkeep\n|turn|6\n|inactive|Billy_HMD has 30 seconds left.\n|\n|t:|1721741661\n|move|p1b: Magmar|Follow Me|p1b: Magmar\n|-singleturn|p1b: Magmar|move: Follow Me\n|move|p2a: Zamazenta|Body Press|p1b: Magmar\n|-damage|p1b: Magmar|0 fnt\n|faint|p1b: Magmar\n|move|p2b: Volcarona|Quiver Dance|p2b: Volcarona\n|-boost|p2b: Volcarona|spa|1\n|-boost|p2b: Volcarona|spd|1\n|-boost|p2b: Volcarona|spe|1\n|move|p1a: Terapagos|Tera Starstorm|p2a: Zamazenta|[spread] p2a,p2b\n|-damage|p2a: Zamazenta|7\/100 brn\n|-damage|p2b: Volcarona|79\/100\n|\n|-heal|p2b: Volcarona|85\/100|[from] item: Leftovers\n|-damage|p2a: Zamazenta|0 fnt|[from] brn\n|faint|p2a: Zamazenta\n|upkeep\n|\n|t:|1721741672\n|switch|p2a: Rillaboom|Rillaboom, L50, F|100\/100\n|switch|p1b: Raichu|Raichu, L50, M, shiny|100\/100\n|-fieldstart|move: Grassy Terrain|[from] ability: Grassy Surge|[of] p2a: Rillaboom\n|turn|7\n|j| askebom\n|\n|t:|1721741688\n|move|p1b: Raichu|Fake Out|p2a: Rillaboom\n|-damage|p2a: Rillaboom|96\/100\n|cant|p2a: Rillaboom|flinch\n|move|p2b: Volcarona|Quiver Dance|p2b: Volcarona\n|-boost|p2b: Volcarona|spa|1\n|-boost|p2b: Volcarona|spd|1\n|-boost|p2b: Volcarona|spe|1\n|move|p1a: Terapagos|Tera Starstorm|p2b: Volcarona|[spread] p2a,p2b\n|-damage|p2a: Rillaboom|71\/100\n|-damage|p2b: Volcarona|68\/100\n|\n|-heal|p2b: Volcarona|74\/100|[from] Grassy Terrain\n|-heal|p2b: Volcarona|81\/100|[from] item: Leftovers\n|-heal|p2a: Rillaboom|77\/100|[from] Grassy Terrain\n|upkeep\n|turn|8\n|\n|t:|1721741707\n|move|p2b: Volcarona|Heat Wave|p1a: Terapagos|[spread] p1a,p1b\n|-damage|p1a: Terapagos|72\/100\n|-damage|p1b: Raichu|33\/100\n|move|p1b: Raichu|Endeavor|p2a: Rillaboom\n|-damage|p2a: Rillaboom|23\/100\n|move|p1a: Terapagos|Tera Starstorm|p2b: Volcarona|[spread] p2a,p2b\n|-crit|p2a: Rillaboom\n|-damage|p2a: Rillaboom|0 fnt\n|-damage|p2b: Volcarona|65\/100\n|faint|p2a: Rillaboom\n|\n|-heal|p2b: Volcarona|71\/100|[from] Grassy Terrain\n|-heal|p2b: Volcarona|77\/100|[from] item: Leftovers\n|-heal|p1b: Raichu|39\/100|[from] Grassy Terrain\n|-heal|p1a: Terapagos|78\/100|[from] Grassy Terrain\n|upkeep\n|\n|t:|1721741715\n|switch|p2a: Grimmsnarl|Grimmsnarl, L50, M, tera:Ghost|70\/100\n|turn|9\n|j| ahfoong0411\n|\n|t:|1721741739\n|move|p2b: Volcarona|Quiver Dance|p2b: Volcarona\n|-boost|p2b: Volcarona|spa|1\n|-boost|p2b: Volcarona|spd|1\n|-boost|p2b: Volcarona|spe|1\n|move|p1b: Raichu|Nuzzle|p2b: Volcarona\n|-damage|p2b: Volcarona|72\/100\n|-status|p2b: Volcarona|par\n|move|p1a: Terapagos|Tera Starstorm|p2b: Volcarona|[spread] p2a,p2b\n|-supereffective|p2a: Grimmsnarl\n|-damage|p2a: Grimmsnarl|7\/100\n|-damage|p2b: Volcarona|60\/100 par\n|move|p2a: Grimmsnarl|Spirit Break|p1b: Raichu\n|-damage|p1b: Raichu|0 fnt\n|faint|p1b: Raichu\n|\n|-heal|p2b: Volcarona|67\/100 par|[from] Grassy Terrain\n|-heal|p2b: Volcarona|73\/100 par|[from] item: Leftovers\n|-heal|p1a: Terapagos|84\/100|[from] Grassy Terrain\n|-heal|p2a: Grimmsnarl|13\/100|[from] Grassy Terrain\n|-sideend|p2: Billy_HMD|Reflect\n|upkeep\n|\n|t:|1721741748\n|switch|p1b: Ogerpon|Ogerpon-Cornerstone, L50, F|100\/100\n|turn|10\n|\n|t:|1721741752\n|move|p1b: Ogerpon|Spiky Shield|p1b: Ogerpon\n|-singleturn|p1b: Ogerpon|move: Protect\n|move|p2a: Grimmsnarl|Thunder Wave|p1b: Ogerpon\n|-activate|p1b: Ogerpon|move: Protect\n|move|p2b: Volcarona|Heat Wave|p1a: Terapagos|[spread] p1a\n|-activate|p1b: Ogerpon|move: Protect\n|-damage|p1a: Terapagos|45\/100\n|move|p1a: Terapagos|Tera Starstorm|p2a: Grimmsnarl|[spread] p2a,p2b\n|-supereffective|p2a: Grimmsnarl\n|-damage|p2a: Grimmsnarl|0 fnt\n|-damage|p2b: Volcarona|60\/100 par\n|faint|p2a: Grimmsnarl\n|\n|-heal|p2b: Volcarona|66\/100 par|[from] Grassy Terrain\n|-heal|p2b: Volcarona|72\/100 par|[from] item: Leftovers\n|-heal|p1a: Terapagos|51\/100|[from] Grassy Terrain\n|-sideend|p2: Billy_HMD|move: Light Screen\n|upkeep\n|turn|11\n|\n|t:|1721741758\n|move|p1b: Ogerpon|Ivy Cudgel|p2b: Volcarona|[anim] Ivy Cudgel Rock\n|-supereffective|p2b: Volcarona\n|-damage|p2b: Volcarona|0 fnt\n|faint|p2b: Volcarona\n|\n|win|SubToPenglin\n|raw|SubToPenglin's rating: 1687 &rarr; <strong>1714<\/strong><br \/>(+27 for winning)\n|raw|Billy_HMD's rating: 1823 &rarr; <strong>1796<\/strong><br \/>(-27 for losing)\n|l|\u2606Billy_HMD\n|player|p2|\n|l|\u2606SubToPenglin\n|player|p1|\n|l| askebom\n","uploadtime":1721741987,"views":24,"formatid":"gen9vgc2024regg","rating":1714,"private":0,"password":null}