{"id":"gen9vgc2024regg-2165866947","format":"[Gen 9] VGC 2024 Reg G","players":["regigidragon","Djjwjwwjj"],"log":"|j|\u2606regigidragon\n|j|\u2606Djjwjwwjj\n|t:|1721724918\n|gametype|doubles\n|player|p1|regigidragon|1|1703\n|player|p2|Djjwjwwjj|1|1747\n|teamsize|p1|6\n|teamsize|p2|6\n|gen|9\n|tier|[Gen 9] VGC 2024 Reg G\n|rated|\n|rule|Species Clause: Limit one of each Pok\u00e9mon\n|rule|Item Clause: Limit one of each item\n|clearpoke\n|poke|p1|Kyogre, L50|\n|poke|p1|Clefairy, L50, F|\n|poke|p1|Urshifu-*, L50, M|\n|poke|p1|Archaludon, L50, M|\n|poke|p1|Farigiraf, L50, F|\n|poke|p1|Tornadus, L50, M|\n|poke|p2|Calyrex-Shadow, L50|\n|poke|p2|Incineroar, L50, F|\n|poke|p2|Pelipper, L50, F|\n|poke|p2|Rillaboom, L50, F|\n|poke|p2|Maushold-Four, L50|\n|poke|p2|Urshifu-*, L50, M|\n|teampreview|4\n|inactive|Battle timer is ON: inactive players will automatically lose when time's up. (requested by Djjwjwwjj)\n|j| bluestraggler03\n|inactive|Djjwjwwjj has 60 seconds left.\n|\n|t:|1721724961\n|start\n|switch|p1a: Kyogre|Kyogre, L50, shiny|100\/100\n|switch|p1b: Tornadus|Tornadus, L50, M|100\/100\n|switch|p2a: Calyrex|Calyrex-Shadow, L50|100\/100\n|switch|p2b: Maushold|Maushold-Four, L50|100\/100\n|-ability|p2a: Calyrex|As One\n|-ability|p2a: Calyrex|Unnerve\n|-weather|RainDance|[from] ability: Drizzle|[of] p1a: Kyogre\n|turn|1\n|\n|t:|1721724980\n|switch|p2b: Rillaboom|Rillaboom, L50, F|100\/100\n|-fieldstart|move: Grassy Terrain|[from] ability: Grassy Surge|[of] p2b: Rillaboom\n|-terastallize|p1a: Kyogre|Water\n|move|p2a: Calyrex|Protect|p2a: Calyrex\n|-singleturn|p2a: Calyrex|Protect\n|move|p1a: Kyogre|Water Spout|p2b: Rillaboom|[spread] p2b\n|-activate|p2a: Calyrex|move: Protect\n|-resisted|p2b: Rillaboom\n|-damage|p2b: Rillaboom|53\/100\n|move|p1b: Tornadus|Bleakwind Storm|p2b: Rillaboom|[spread] p2b\n|-activate|p2a: Calyrex|move: Protect\n|-supereffective|p2b: Rillaboom\n|-damage|p2b: Rillaboom|0 fnt\n|faint|p2b: Rillaboom\n|\n|-weather|RainDance|[upkeep]\n|upkeep\n|\n|t:|1721725000\n|switch|p2b: Urshifu|Urshifu-Rapid-Strike, L50, M|100\/100\n|turn|2\n|\n|t:|1721725025\n|-terastallize|p2b: Urshifu|Stellar\n|move|p2a: Calyrex|Protect|p2a: Calyrex\n|-singleturn|p2a: Calyrex|Protect\n|move|p1b: Tornadus|Tailwind|p1b: Tornadus\n|-sidestart|p1: regigidragon|move: Tailwind\n|move|p1a: Kyogre|Water Spout|p2b: Urshifu|[spread] p2b\n|-activate|p2a: Calyrex|move: Protect\n|-resisted|p2b: Urshifu\n|-damage|p2b: Urshifu|9\/100\n|move|p2b: Urshifu|Close Combat|p1a: Kyogre\n|-damage|p1a: Kyogre|3\/100\n|-unboost|p2b: Urshifu|def|1\n|-unboost|p2b: Urshifu|spd|1\n|\n|-weather|RainDance|[upkeep]\n|-heal|p1a: Kyogre|9\/100|[from] Grassy Terrain\n|-heal|p2b: Urshifu|15\/100|[from] Grassy Terrain\n|upkeep\n|turn|3\n|\n|t:|1721725050\n|switch|p1a: Farigiraf|Farigiraf, L50, F|100\/100\n|move|p2b: Urshifu|Detect|p2b: Urshifu\n|-singleturn|p2b: Urshifu|Protect\n|move|p1b: Tornadus|Bleakwind Storm|p2a: Calyrex|[spread] p2a\n|-activate|p2b: Urshifu|move: Protect\n|-damage|p2a: Calyrex|65\/100\n|move|p2a: Calyrex|Calm Mind|p2a: Calyrex\n|-boost|p2a: Calyrex|spa|1\n|-boost|p2a: Calyrex|spd|1\n|\n|-weather|RainDance|[upkeep]\n|-heal|p2a: Calyrex|71\/100|[from] Grassy Terrain\n|-heal|p2b: Urshifu|20\/100|[from] Grassy Terrain\n|upkeep\n|turn|4\n|\n|t:|1721725071\n|switch|p2b: Maushold|Maushold-Four, L50|100\/100\n|move|p2a: Calyrex|Protect|p2a: Calyrex\n|-singleturn|p2a: Calyrex|Protect\n|move|p1b: Tornadus|Bleakwind Storm|p2a: Calyrex|[spread] p2b\n|-activate|p2a: Calyrex|move: Protect\n|-damage|p2b: Maushold|60\/100\n|-unboost|p2b: Maushold|spe|1\n|move|p1a: Farigiraf|Foul Play|p2a: Calyrex\n|-activate|p2a: Calyrex|move: Protect\n|\n|-weather|RainDance|[upkeep]\n|-heal|p2a: Calyrex|77\/100|[from] Grassy Terrain\n|-heal|p2b: Maushold|66\/100|[from] Grassy Terrain\n|upkeep\n|turn|5\n|inactive|Djjwjwwjj has 30 seconds left.\n|inactive|Djjwjwwjj has 20 seconds left.\n|inactive|Djjwjwwjj has 15 seconds left.\n|inactive|Djjwjwwjj has 10 seconds left.\n|\n|t:|1721725116\n|move|p2b: Maushold|Follow Me|p2b: Maushold\n|-singleturn|p2b: Maushold|move: Follow Me\n|move|p1b: Tornadus|Bleakwind Storm|p2a: Calyrex|[spread] p2a,p2b\n|-damage|p2a: Calyrex|62\/100\n|-damage|p2b: Maushold|21\/100\n|move|p2a: Calyrex|Astral Barrage|p1b: Tornadus|[spread] p1b\n|-immune|p1a: Farigiraf\n|-damage|p1b: Tornadus|3\/100\n|move|p1a: Farigiraf|Foul Play|p2b: Maushold\n|-damage|p2b: Maushold|0 fnt\n|-damage|p1a: Farigiraf|84\/100|[from] item: Rocky Helmet|[of] p2b: Maushold\n|faint|p2b: Maushold\n|\n|-weather|none\n|-heal|p2a: Calyrex|68\/100|[from] Grassy Terrain\n|-heal|p1a: Farigiraf|90\/100|[from] Grassy Terrain\n|-sideend|p1: regigidragon|move: Tailwind\n|-fieldend|move: Grassy Terrain\n|upkeep\n|\n|t:|1721725136\n|switch|p2b: Urshifu|Urshifu-Rapid-Strike, L50, M, tera:Stellar|20\/100\n|turn|6\n|inactive|Djjwjwwjj has 30 seconds left.\n|\n|t:|1721725168\n|move|p1b: Tornadus|Tailwind|p1b: Tornadus\n|-sidestart|p1: regigidragon|move: Tailwind\n|move|p2a: Calyrex|Calm Mind|p2a: Calyrex\n|-boost|p2a: Calyrex|spa|1\n|-boost|p2a: Calyrex|spd|1\n|move|p1a: Farigiraf|Foul Play|p2b: Urshifu\n|-resisted|p2b: Urshifu\n|-damage|p2b: Urshifu|2\/100\n|move|p2b: Urshifu|Surging Strikes|p1a: Farigiraf\n|-crit|p1a: Farigiraf\n|-damage|p1a: Farigiraf|68\/100\n|-crit|p1a: Farigiraf\n|-damage|p1a: Farigiraf|43\/100\n|-crit|p1a: Farigiraf\n|-damage|p1a: Farigiraf|19\/100\n|-hitcount|p1a: Farigiraf|3\n|\n|upkeep\n|turn|7\n|j| chuanOVO\n|inactive|Djjwjwwjj has 30 seconds left.\n|\n|t:|1721725194\n|move|p2a: Calyrex|Protect|p2a: Calyrex\n|-singleturn|p2a: Calyrex|Protect\n|move|p2b: Urshifu|Detect|p2b: Urshifu\n|-singleturn|p2b: Urshifu|Protect\n|move|p1b: Tornadus|Bleakwind Storm|p2a: Calyrex|[spread] \n|-activate|p2a: Calyrex|move: Protect\n|-activate|p2b: Urshifu|move: Protect\n|move|p1a: Farigiraf|Foul Play|p2a: Calyrex\n|-activate|p2a: Calyrex|move: Protect\n|\n|upkeep\n|turn|8\n|\n|t:|1721725211\n|move|p1b: Tornadus|Bleakwind Storm|p2b: Urshifu|[spread] p2a,p2b\n|-supereffective|p2b: Urshifu\n|-damage|p2a: Calyrex|51\/100\n|-damage|p2b: Urshifu|0 fnt\n|faint|p2b: Urshifu\n|move|p2a: Calyrex|Draining Kiss|p1a: Farigiraf\n|-damage|p1a: Farigiraf|0 fnt\n|-heal|p2a: Calyrex|66\/100|[from] drain|[of] p1a: Farigiraf\n|faint|p1a: Farigiraf\n|-ability|p2a: Calyrex|Grim Neigh|boost\n|-boost|p2a: Calyrex|spa|1\n|\n|upkeep\n|\n|t:|1721725221\n|switch|p1a: Archaludon|Archaludon, L50, M|100\/100\n|turn|9\n|\n|t:|1721725232\n|move|p1b: Tornadus|Protect|p1b: Tornadus\n|-singleturn|p1b: Tornadus|Protect\n|move|p2a: Calyrex|Protect|p2a: Calyrex\n|-singleturn|p2a: Calyrex|Protect\n|move|p1a: Archaludon|Draco Meteor|p2a: Calyrex\n|-activate|p2a: Calyrex|move: Protect\n|\n|-sideend|p1: regigidragon|move: Tailwind\n|upkeep\n|turn|10\n|inactive|Djjwjwwjj has 30 seconds left.\n|\n|t:|1721725260\n|move|p1b: Tornadus|Tailwind|p1b: Tornadus\n|-sidestart|p1: regigidragon|move: Tailwind\n|move|p1a: Archaludon|Draco Meteor|p2a: Calyrex\n|-damage|p2a: Calyrex|32\/100\n|-unboost|p1a: Archaludon|spa|2\n|move|p2a: Calyrex|Calm Mind|p2a: Calyrex\n|-boost|p2a: Calyrex|spa|1\n|-boost|p2a: Calyrex|spd|1\n|\n|upkeep\n|turn|11\n|\n|t:|1721725277\n|switch|p1a: Kyogre|Kyogre, L50, shiny, tera:Water|9\/100\n|-weather|RainDance|[from] ability: Drizzle|[of] p1a: Kyogre\n|move|p1b: Tornadus|Taunt|p2a: Calyrex\n|-start|p2a: Calyrex|move: Taunt\n|move|p2a: Calyrex|Draining Kiss|p1a: Kyogre\n|-damage|p1a: Kyogre|0 fnt\n|-heal|p2a: Calyrex|37\/100|[from] drain|[of] p1a: Kyogre\n|faint|p1a: Kyogre\n|-ability|p2a: Calyrex|Grim Neigh|boost\n|-boost|p2a: Calyrex|spa|1\n|\n|-weather|RainDance|[upkeep]\n|upkeep\n|\n|t:|1721725282\n|switch|p1a: Archaludon|Archaludon, L50, M|100\/100\n|turn|12\n|\n|t:|1721725299\n|move|p1b: Tornadus|Bleakwind Storm|p2a: Calyrex\n|-damage|p2a: Calyrex|19\/100\n|move|p1a: Archaludon|Steel Beam|p2a: Calyrex\n|-damage|p2a: Calyrex|0 fnt\n|-damage|p1a: Archaludon|50\/100|[from] steelbeam\n|faint|p2a: Calyrex\n|\n|win|regigidragon\n|raw|regigidragon's rating: 1703 &rarr; <strong>1726<\/strong><br \/>(+23 for winning)\n|raw|Djjwjwwjj's rating: 1747 &rarr; <strong>1724<\/strong><br \/>(-23 for losing)\n|l|\u2606regigidragon\n|player|p1|\n|l| bluestraggler03\n","uploadtime":1721725472,"views":36,"formatid":"gen9vgc2024regg","rating":1724,"private":0,"password":null}