{"id":"gen9vgc2024regg-2165934558","format":"[Gen 9] VGC 2024 Reg G","players":["SubToPenglin","Billy_HMD"],"log":"|j|\u2606SubToPenglin\n|j|\u2606Billy_HMD\n|t:|1721737316\n|gametype|doubles\n|player|p1|SubToPenglin|dawn-gen4pt|1769\n|player|p2|Billy_HMD|dawn|1868\n|teamsize|p1|6\n|teamsize|p2|6\n|gen|9\n|tier|[Gen 9] VGC 2024 Reg G\n|rated|\n|rule|Species Clause: Limit one of each Pok\u00e9mon\n|rule|Item Clause: Limit one of each item\n|clearpoke\n|poke|p1|Comfey, L50, F|\n|poke|p1|Terapagos, L50, M|\n|poke|p1|Tornadus, L50, M|\n|poke|p1|Ogerpon-Cornerstone, L50, F|\n|poke|p1|Magmar, L50, M|\n|poke|p1|Raichu, L50, F|\n|poke|p2|Zamazenta-*, L50|\n|poke|p2|Volcarona, L50, F|\n|poke|p2|Grimmsnarl, L50, M|\n|poke|p2|Landorus-Therian, L50, M|\n|poke|p2|Rillaboom, L50, F|\n|poke|p2|Raging Bolt, L50|\n|teampreview|4\n|inactive|Battle timer is ON: inactive players will automatically lose when time's up. (requested by Billy_HMD)\n|inactive|SubToPenglin also wants the timer to be on.\n|inactive|Billy_HMD has 60 seconds left.\n|\n|t:|1721737362\n|start\n|switch|p1a: Terapagos|Terapagos, L50, M|100\/100\n|switch|p1b: Raichu|Raichu, L50, F, shiny|100\/100\n|switch|p2a: Landorus|Landorus-Therian, L50, M|100\/100\n|switch|p2b: Zamazenta|Zamazenta-Crowned, L50|100\/100\n|-activate|p1a: Terapagos|ability: Tera Shift\n|detailschange|p1a: Terapagos|Terapagos-Terastal, L50, M\n|-heal|p1a: Terapagos|100\/100|[silent]\n|-ability|p2a: Landorus|Intimidate|boost\n|-fail|p1a: Terapagos|unboost|[from] item: Clear Amulet|[of] p1a: Terapagos\n|-unboost|p1b: Raichu|atk|1\n|-ability|p2b: Zamazenta|Dauntless Shield|boost\n|-boost|p2b: Zamazenta|def|1\n|turn|1\n|inactive|Billy_HMD has 30 seconds left.\n|inactive|Billy_HMD has 20 seconds left.\n|\n|t:|1721737402\n|move|p1b: Raichu|Fake Out|p2a: Landorus\n|-damage|p2a: Landorus|94\/100\n|cant|p2a: Landorus|flinch\n|move|p2b: Zamazenta|Body Press|p1a: Terapagos\n|-activate|p1a: Terapagos|ability: Tera Shell\n|-resisted|p1a: Terapagos\n|-damage|p1a: Terapagos|75\/100\n|move|p1a: Terapagos|Earth Power|p2b: Zamazenta\n|-supereffective|p2b: Zamazenta\n|-damage|p2b: Zamazenta|68\/100\n|\n|upkeep\n|turn|2\n|inactive|Billy_HMD has 30 seconds left.\n|\n|t:|1721737428\n|move|p1a: Terapagos|Protect|p1a: Terapagos\n|-singleturn|p1a: Terapagos|Protect\n|move|p2a: Landorus|Stomping Tantrum|p1b: Raichu\n|-supereffective|p1b: Raichu\n|-damage|p1b: Raichu|0 fnt\n|faint|p1b: Raichu\n|move|p2b: Zamazenta|Body Press|p1a: Terapagos\n|-activate|p1a: Terapagos|move: Protect\n|\n|upkeep\n|\n|t:|1721737435\n|switch|p1b: Magmar|Magmar, L50, M, shiny|100\/100\n|turn|3\n|\n|t:|1721737451\n|-terastallize|p1a: Terapagos|Stellar\n|detailschange|p1a: Terapagos|Terapagos-Stellar, L50, M, tera:Stellar\n|-heal|p1a: Terapagos|81\/100|[silent]\n|move|p1b: Magmar|Follow Me|p1b: Magmar\n|-singleturn|p1b: Magmar|move: Follow Me\n|move|p2a: Landorus|Stomping Tantrum|p1b: Magmar\n|-supereffective|p1b: Magmar\n|-damage|p1b: Magmar|40\/100\n|move|p2b: Zamazenta|Iron Defense|p2b: Zamazenta\n|-boost|p2b: Zamazenta|def|2\n|move|p1a: Terapagos|Earth Power|p2b: Zamazenta\n|-supereffective|p2b: Zamazenta\n|-damage|p2b: Zamazenta|20\/100\n|\n|upkeep\n|turn|4\n|\n|t:|1721737474\n|switch|p1b: Comfey|Comfey, L50, F, shiny|100\/100\n|move|p1a: Terapagos|Protect|p1a: Terapagos\n|-singleturn|p1a: Terapagos|Protect\n|move|p2a: Landorus|Stomping Tantrum|p1b: Comfey\n|-damage|p1b: Comfey|55\/100\n|move|p2b: Zamazenta|Body Press|p1b: Comfey\n|-resisted|p1b: Comfey\n|-damage|p1b: Comfey|1\/100\n|-enditem|p1b: Comfey|Sitrus Berry|[eat]\n|-heal|p1b: Comfey|26\/100|[from] item: Sitrus Berry\n|\n|upkeep\n|turn|5\n|inactive|SubToPenglin has 30 seconds left.\n|\n|t:|1721737506\n|switch|p1a: Magmar|Magmar, L50, M, shiny|40\/100\n|move|p1b: Comfey|Draining Kiss|p2b: Zamazenta\n|-damage|p2b: Zamazenta|9\/100\n|-heal|p1b: Comfey|37\/100|[from] drain|[of] p2b: Zamazenta\n|move|p2a: Landorus|Stomping Tantrum|p1b: Comfey\n|-crit|p1b: Comfey\n|-damage|p1b: Comfey|0 fnt\n|faint|p1b: Comfey\n|move|p2b: Zamazenta|Body Press|p1a: Magmar\n|-damage|p1a: Magmar|0 fnt\n|faint|p1a: Magmar\n|\n|upkeep\n|\n|t:|1721737511\n|switch|p1b: Terapagos|Terapagos-Stellar, L50, M, tera:Stellar|81\/100\n|turn|6\n|-message|SubToPenglin forfeited.\n|\n|win|Billy_HMD\n|raw|SubToPenglin's rating: 1748 &rarr; <strong>1735<\/strong><br \/>(-13 for losing)\n|raw|Billy_HMD's rating: 1868 &rarr; <strong>1881<\/strong><br \/>(+13 for winning)\n|l|\u2606SubToPenglin\n|player|p1|\n|l|\u2606Billy_HMD\n|player|p2|\n","uploadtime":1721737713,"views":6,"formatid":"gen9vgc2024regg","rating":1735,"private":0,"password":null}