{"id":"gen9vgc2024regg-2165903230","format":"[Gen 9] VGC 2024 Reg G","players":["Wacko789","Djjwjwwjj"],"log":"|j|\u2606Wacko789\n|j|\u2606Djjwjwwjj\n|t:|1721731985\n|gametype|doubles\n|player|p1|Wacko789|flannery|1701\n|player|p2|Djjwjwwjj|1|1745\n|teamsize|p1|6\n|teamsize|p2|6\n|gen|9\n|tier|[Gen 9] VGC 2024 Reg G\n|rated|\n|rule|Species Clause: Limit one of each Pok\u00e9mon\n|rule|Item Clause: Limit one of each item\n|clearpoke\n|poke|p1|Kyogre, L50|\n|poke|p1|Whimsicott, L50, F|\n|poke|p1|Iron Bundle, L50|\n|poke|p1|Entei, L50|\n|poke|p1|Chien-Pao, L50|\n|poke|p1|Amoonguss, L50, M|\n|poke|p2|Calyrex-Shadow, L50|\n|poke|p2|Incineroar, L50, F|\n|poke|p2|Pelipper, L50, F|\n|poke|p2|Rillaboom, L50, M|\n|poke|p2|Maushold-Four, L50|\n|poke|p2|Urshifu-*, L50, F|\n|teampreview|4\n|inactive|Battle timer is ON: inactive players will automatically lose when time's up. (requested by Djjwjwwjj)\n|inactive|Wacko789 also wants the timer to be on.\n|inactive|Djjwjwwjj has 60 seconds left.\n|\n|t:|1721732017\n|start\n|switch|p1a: Whimsicott|Whimsicott, L50, F|100\/100\n|switch|p1b: Entei|Entei, L50|100\/100\n|switch|p2a: Calyrex|Calyrex-Shadow, L50|100\/100\n|switch|p2b: Rillaboom|Rillaboom, L50, M|100\/100\n|-ability|p2a: Calyrex|As One\n|-ability|p2a: Calyrex|Unnerve\n|-fieldstart|move: Grassy Terrain|[from] ability: Grassy Surge|[of] p2b: Rillaboom\n|turn|1\n|inactive|Djjwjwwjj has 30 seconds left.\n|\n|t:|1721732049\n|switch|p2b: Maushold|Maushold-Four, L50|100\/100\n|-terastallize|p2a: Calyrex|Fairy\n|-terastallize|p1b: Entei|Normal\n|move|p1a: Whimsicott|Tailwind|p1a: Whimsicott\n|-sidestart|p1: Wacko789|move: Tailwind\n|move|p1b: Entei|Sacred Fire|p2a: Calyrex\n|-damage|p2a: Calyrex|44\/100\n|move|p2a: Calyrex|Calm Mind|p2a: Calyrex\n|-boost|p2a: Calyrex|spa|1\n|-boost|p2a: Calyrex|spd|1\n|\n|-heal|p2a: Calyrex|50\/100|[from] Grassy Terrain\n|upkeep\n|turn|2\n|inactive|Wacko789 has 30 seconds left.\n|inactive|Wacko789 has 20 seconds left.\n|\n|t:|1721732085\n|move|p2b: Maushold|Follow Me|p2b: Maushold\n|-singleturn|p2b: Maushold|move: Follow Me\n|move|p1a: Whimsicott|Encore|p2b: Maushold\n|-start|p2b: Maushold|Encore\n|move|p1b: Entei|Sacred Fire|p2b: Maushold\n|-damage|p2b: Maushold|15\/100\n|move|p2a: Calyrex|Draining Kiss|p1b: Entei\n|-damage|p1b: Entei|43\/100\n|-heal|p2a: Calyrex|91\/100|[from] drain|[of] p1b: Entei\n|\n|-heal|p1b: Entei|49\/100|[from] Grassy Terrain\n|-heal|p2a: Calyrex|97\/100|[from] Grassy Terrain\n|-heal|p2b: Maushold|21\/100|[from] Grassy Terrain\n|upkeep\n|turn|3\n|inactive|Wacko789 has 30 seconds left.\n|inactive|Djjwjwwjj has 30 seconds left.\n|\n|t:|1721732119\n|switch|p2b: Incineroar|Incineroar, L50, F|100\/100\n|-ability|p2b: Incineroar|Intimidate|boost\n|-unboost|p1a: Whimsicott|atk|1\n|-fail|p1b: Entei|unboost|Attack|[from] ability: Inner Focus|[of] p1b: Entei\n|move|p1a: Whimsicott|Moonblast|p2a: Calyrex\n|-damage|p2a: Calyrex|76\/100\n|move|p1b: Entei|Sacred Fire|p2a: Calyrex\n|-damage|p2a: Calyrex|3\/100\n|move|p2a: Calyrex|Draining Kiss|p1b: Entei\n|-damage|p1b: Entei|0 fnt\n|-heal|p2a: Calyrex|38\/100|[from] drain|[of] p1b: Entei\n|faint|p1b: Entei\n|-ability|p2a: Calyrex|Grim Neigh|boost\n|-boost|p2a: Calyrex|spa|1\n|\n|-heal|p2a: Calyrex|44\/100|[from] Grassy Terrain\n|upkeep\n|\n|t:|1721732142\n|switch|p1b: Iron Bundle|Iron Bundle, L50|100\/100\n|-enditem|p1b: Iron Bundle|Booster Energy\n|-activate|p1b: Iron Bundle|ability: Quark Drive|[fromitem]\n|-start|p1b: Iron Bundle|quarkdrivespe\n|turn|4\n|inactive|Djjwjwwjj has 30 seconds left.\n|inactive|Djjwjwwjj has 20 seconds left.\n|inactive|Djjwjwwjj has 15 seconds left.\n|inactive|Djjwjwwjj has 10 seconds left.\n|\n|t:|1721732188\n|switch|p2b: Maushold|Maushold-Four, L50|21\/100\n|move|p1b: Iron Bundle|Protect|p1b: Iron Bundle\n|-singleturn|p1b: Iron Bundle|Protect\n|move|p1a: Whimsicott|Moonblast|p2a: Calyrex\n|-damage|p2a: Calyrex|30\/100\n|move|p2a: Calyrex|Astral Barrage|p1b: Iron Bundle|[spread] p1a\n|-activate|p1b: Iron Bundle|move: Protect\n|-damage|p1a: Whimsicott|0 fnt\n|faint|p1a: Whimsicott\n|-ability|p2a: Calyrex|Grim Neigh|boost\n|-boost|p2a: Calyrex|spa|1\n|\n|-heal|p2a: Calyrex|36\/100|[from] Grassy Terrain\n|-heal|p2b: Maushold|28\/100|[from] Grassy Terrain\n|-sideend|p1: Wacko789|move: Tailwind\n|upkeep\n|inactive|Wacko789 has 30 seconds left.\n|\n|t:|1721732214\n|switch|p1a: Kyogre|Kyogre, L50|100\/100\n|-weather|RainDance|[from] ability: Drizzle|[of] p1a: Kyogre\n|turn|5\n|\n|t:|1721732238\n|move|p2a: Calyrex|Protect|p2a: Calyrex\n|-singleturn|p2a: Calyrex|Protect\n|move|p2b: Maushold|Protect|p2b: Maushold\n|-singleturn|p2b: Maushold|Protect\n|move|p1b: Iron Bundle|Icy Wind|p2a: Calyrex|[spread] \n|-activate|p2a: Calyrex|move: Protect\n|-activate|p2b: Maushold|move: Protect\n|move|p1a: Kyogre|Origin Pulse|p2b: Maushold|[spread] \n|-activate|p2a: Calyrex|move: Protect\n|-activate|p2b: Maushold|move: Protect\n|\n|-weather|RainDance|[upkeep]\n|-heal|p2a: Calyrex|42\/100|[from] Grassy Terrain\n|-heal|p2b: Maushold|34\/100|[from] Grassy Terrain\n|-fieldend|move: Grassy Terrain\n|upkeep\n|turn|6\n|\n|t:|1721732262\n|move|p2b: Maushold|Follow Me|p2b: Maushold\n|-singleturn|p2b: Maushold|move: Follow Me\n|move|p1b: Iron Bundle|Icy Wind|p2b: Maushold|[spread] p2a,p2b\n|-crit|p2b: Maushold\n|-damage|p2a: Calyrex|33\/100\n|-damage|p2b: Maushold|2\/100\n|-unboost|p2b: Maushold|spe|1\n|move|p2a: Calyrex|Astral Barrage|p1a: Kyogre|[spread] p1a,p1b\n|-damage|p1a: Kyogre|45\/100\n|-damage|p1b: Iron Bundle|0 fnt\n|faint|p1b: Iron Bundle\n|-end|p1b: Iron Bundle|Quark Drive|[silent]\n|-ability|p2a: Calyrex|Grim Neigh|boost\n|-boost|p2a: Calyrex|spa|1\n|move|p1a: Kyogre|Origin Pulse|p2a: Calyrex|[spread] p2a,p2b\n|-damage|p2a: Calyrex|0 fnt\n|-damage|p2b: Maushold|0 fnt\n|faint|p2a: Calyrex\n|faint|p2b: Maushold\n|\n|-weather|RainDance|[upkeep]\n|upkeep\n|\n|t:|1721732283\n|switch|p2a: Rillaboom|Rillaboom, L50, M|100\/100\n|switch|p2b: Incineroar|Incineroar, L50, F|100\/100\n|-fieldstart|move: Grassy Terrain|[from] ability: Grassy Surge|[of] p2a: Rillaboom\n|-ability|p2b: Incineroar|Intimidate|boost\n|-unboost|p1a: Kyogre|atk|1\n|turn|7\n|\n|t:|1721732293\n|move|p2b: Incineroar|Fake Out|p1a: Kyogre\n|-crit|p1a: Kyogre\n|-damage|p1a: Kyogre|30\/100\n|move|p2a: Rillaboom|Grassy Glide|p1a: Kyogre\n|-supereffective|p1a: Kyogre\n|-damage|p1a: Kyogre|0 fnt\n|faint|p1a: Kyogre\n|\n|win|Djjwjwwjj\n|raw|Wacko789's rating: 1701 &rarr; <strong>1684<\/strong><br \/>(-17 for losing)\n|raw|Djjwjwwjj's rating: 1745 &rarr; <strong>1762<\/strong><br \/>(+17 for winning)\n|l|\u2606Djjwjwwjj\n|player|p2|\n|l|\u2606Wacko789\n|player|p1|\n","uploadtime":1721732438,"views":12,"formatid":"gen9vgc2024regg","rating":1684,"private":0,"password":null}