{"id":"gen9vgc2024regg-2165984809","format":"[Gen 9] VGC 2024 Reg G","players":["Phononmode","imaborat"],"log":"|j|\u2606Phononmode\n|j|\u2606imaborat\n|t:|1721743994\n|gametype|doubles\n|player|p1|Phononmode|266|1724\n|player|p2|imaborat|102|1688\n|teamsize|p1|6\n|teamsize|p2|6\n|gen|9\n|tier|[Gen 9] VGC 2024 Reg G\n|rated|\n|rule|Species Clause: Limit one of each Pok\u00e9mon\n|rule|Item Clause: Limit one of each item\n|clearpoke\n|poke|p1|Miraidon, L50|\n|poke|p1|Sceptile, L50, M|\n|poke|p1|Dondozo, L50, F|\n|poke|p1|Tatsugiri, L50, F|\n|poke|p1|Whimsicott, L50, F|\n|poke|p1|Incineroar, L50, F|\n|poke|p2|Grafaiai, L50, F|\n|poke|p2|Indeedee, L50, M|\n|poke|p2|Calyrex-Shadow, L50|\n|poke|p2|Azumarill, L50, F|\n|poke|p2|Volcarona, L50, F|\n|poke|p2|Whimsicott, L50, F|\n|teampreview|4\nPhononmode has agreed to open team sheets.\n|inactive|Battle timer is ON: inactive players will automatically lose when time's up. (requested by Phononmode)\n|inactive|imaborat also wants the timer to be on.\n|\n|t:|1721744021\n|start\n|switch|p1a: Whimsicott|Whimsicott, L50, F|100\/100\n|switch|p1b: Miraidon|Miraidon, L50|100\/100\n|switch|p2a: Grafaiai|Grafaiai, L50, F|100\/100\n|switch|p2b: Indeedee|Indeedee, L50, M|100\/100\n|-fieldstart|move: Psychic Terrain|[from] ability: Psychic Surge|[of] p2b: Indeedee\n|-enditem|p2a: Grafaiai|Psychic Seed\n|-boost|p2a: Grafaiai|spd|1|[from] item: Psychic Seed\n|-fieldstart|move: Electric Terrain|[from] ability: Hadron Engine|[of] p1b: Miraidon\n|turn|1\n|j| Dr.GorillaTactics\n|j| DarkZPichuZ\n|\n|t:|1721744043\n|switch|p2b: Whimsicott|Whimsicott, L50, F|100\/100\n|move|p1a: Whimsicott|Tailwind|p1a: Whimsicott\n|-sidestart|p1: Phononmode|move: Tailwind\n|move|p1b: Miraidon|Electro Drift|p2b: Whimsicott\n|-resisted|p2b: Whimsicott\n|-damage|p2b: Whimsicott|49\/100\n|move|p2a: Grafaiai|Parting Shot|p1b: Miraidon\n|-unboost|p1b: Miraidon|atk|1\n|-unboost|p1b: Miraidon|spa|1\n|l| DarkZPichuZ\n|j| Therazer456\n|\n|t:|1721744067\n|switch|p2a: Indeedee|Indeedee, L50, M|100\/100|[from] Parting Shot\n|-fieldstart|move: Psychic Terrain|[from] ability: Psychic Surge|[of] p2a: Indeedee\n|\n|upkeep\n|turn|2\n|\n|t:|1721744082\n|move|p1a: Whimsicott|Light Screen|p1a: Whimsicott\n|-sidestart|p1: Phononmode|move: Light Screen\n|move|p2b: Whimsicott|Tailwind|p2b: Whimsicott\n|-sidestart|p2: imaborat|move: Tailwind\n|move|p2a: Indeedee|Expanding Force|p1a: Whimsicott|[spread] p1a,p1b\n|-damage|p1a: Whimsicott|57\/100\n|-damage|p1b: Miraidon|70\/100\n|move|p1b: Miraidon|Draco Meteor|p2a: Indeedee\n|-damage|p2a: Indeedee|40\/100\n|-unboost|p1b: Miraidon|spa|2\n|\n|upkeep\n|turn|3\n|\n|t:|1721744097\n|move|p1a: Whimsicott|Encore|p2b: Whimsicott\n|-activate|p2b: Whimsicott|move: Psychic Terrain\n|move|p2a: Indeedee|Expanding Force|p1a: Whimsicott|[spread] p1a,p1b\n|-damage|p1a: Whimsicott|11\/100\n|-damage|p1b: Miraidon|36\/100\n|move|p1b: Miraidon|Draco Meteor|p2a: Indeedee\n|-crit|p2a: Indeedee\n|-damage|p2a: Indeedee|0 fnt\n|-unboost|p1b: Miraidon|spa|2\n|faint|p2a: Indeedee\n|move|p2b: Whimsicott|Moonblast|p1b: Miraidon\n|-supereffective|p1b: Miraidon\n|-damage|p1b: Miraidon|4\/100\n|-unboost|p1b: Miraidon|spa|1\n|\n|upkeep\n|\n|t:|1721744109\n|switch|p2a: Calyrex|Calyrex-Shadow, L50|100\/100\n|-ability|p2a: Calyrex|As One\n|-ability|p2a: Calyrex|Unnerve\n|turn|4\n|inactive|Phononmode has 30 seconds left.\n|\n|t:|1721744147\n|switch|p1b: Sceptile|Sceptile, L50, M|100\/100\n|move|p2a: Calyrex|Expanding Force|p1a: Whimsicott|[spread] p1a,p1b\n|-damage|p1a: Whimsicott|0 fnt\n|-damage|p1b: Sceptile|18\/100\n|faint|p1a: Whimsicott\n|-ability|p2a: Calyrex|Grim Neigh|boost\n|-boost|p2a: Calyrex|spa|1\n|-damage|p2a: Calyrex|91\/100|[from] item: Life Orb\n|move|p2b: Whimsicott|Moonblast|p1b: Sceptile\n|-damage|p1b: Sceptile|0 fnt\n|faint|p1b: Sceptile\n|\n|-sideend|p1: Phononmode|move: Tailwind\n|upkeep\n|\n|t:|1721744153\n|switch|p1b: Dondozo|Dondozo, L50, F|100\/100\n|switch|p1a: Miraidon|Miraidon, L50|4\/100\n|-fieldstart|move: Electric Terrain|[from] ability: Hadron Engine|[of] p1a: Miraidon\n|turn|5\n|l| Dr.GorillaTactics\n|\n|t:|1721744172\n|-terastallize|p2a: Calyrex|Water\n|move|p1a: Miraidon|Protect|p1a: Miraidon\n|-singleturn|p1a: Miraidon|Protect\n|move|p2a: Calyrex|Astral Barrage|p1b: Dondozo|[spread] p1b\n|-activate|p1a: Miraidon|move: Protect\n|-damage|p1b: Dondozo|57\/100\n|-damage|p2a: Calyrex|81\/100|[from] item: Life Orb\n|move|p2b: Whimsicott|Energy Ball|p1b: Dondozo\n|-supereffective|p1b: Dondozo\n|-damage|p1b: Dondozo|26\/100\n|move|p1b: Dondozo|Wave Crash|p2a: Calyrex\n|-resisted|p2a: Calyrex\n|-damage|p2a: Calyrex|52\/100\n|-damage|p1b: Dondozo|19\/100|[from] Recoil\n|\n|-heal|p1b: Dondozo|25\/100|[from] item: Leftovers\n|-sideend|p2: imaborat|move: Tailwind\n|upkeep\n|turn|6\n|\n|t:|1721744196\n|-terastallize|p1a: Miraidon|Electric\n|move|p2a: Calyrex|Protect|p2a: Calyrex\n|-singleturn|p2a: Calyrex|Protect\n|move|p2b: Whimsicott|Tailwind|p2b: Whimsicott\n|-sidestart|p2: imaborat|move: Tailwind\n|move|p1a: Miraidon|Parabolic Charge|p2b: Whimsicott|[spread] p1b,p2b\n|-activate|p2a: Calyrex|move: Protect\n|-supereffective|p1b: Dondozo\n|-resisted|p2b: Whimsicott\n|-damage|p1b: Dondozo|0 fnt\n|-heal|p1a: Miraidon|20\/100|[from] drain|[of] p1b: Dondozo\n|-damage|p2b: Whimsicott|14\/100\n|-heal|p1a: Miraidon|36\/100|[from] drain|[of] p2b: Whimsicott\n|faint|p1b: Dondozo\n|\n|-sideend|p1: Phononmode|move: Light Screen\n|upkeep\n|turn|7\n|-message|Phononmode forfeited.\n|\n|win|imaborat\n|raw|Phononmode's rating: 1724 &rarr; <strong>1702<\/strong><br \/>(-22 for losing)\n|raw|imaborat's rating: 1688 &rarr; <strong>1710<\/strong><br \/>(+22 for winning)\n|l|\u2606Phononmode\n|player|p1|\n|l|\u2606imaborat\n|player|p2|\n|l| Therazer456\n","uploadtime":1721744474,"views":13,"formatid":"gen9vgc2024regg","rating":1702,"private":0,"password":null}