{"id":"gen9vgc2024regg-2165726649","format":"[Gen 9] VGC 2024 Reg G","players":["Aki Hoshino","LONGhq"],"log":"|j|\u2606Aki Hoshino\n|j|\u203dLONGhq\n|t:|1721700102\n|gametype|doubles\n|player|p1|Aki Hoshino|aromalady|1753\n|player|p2|LONGhq|dawn|1746\n|teamsize|p1|6\n|teamsize|p2|6\n|gen|9\n|tier|[Gen 9] VGC 2024 Reg G\n|rated|\n|rule|Species Clause: Limit one of each Pok\u00e9mon\n|rule|Item Clause: Limit one of each item\n|clearpoke\n|poke|p1|Whimsicott, L50, M|\n|poke|p1|Calyrex-Ice, L50|\n|poke|p1|Urshifu-*, L50, F|\n|poke|p1|Landorus, L50, M|\n|poke|p1|Rillaboom, L50, F|\n|poke|p1|Flutter Mane, L50|\n|poke|p2|Dondozo, L50, M|\n|poke|p2|Tatsugiri, L50, F|\n|poke|p2|Miraidon, L50|\n|poke|p2|Whimsicott, L50, F|\n|poke|p2|Iron Hands, L50|\n|poke|p2|Chien-Pao, L50|\n|teampreview|4\n|\n|t:|1721700130\n|start\n|switch|p1a: Whimsicott|Whimsicott, L50, M|100\/100\n|switch|p1b: Calyrex|Calyrex-Ice, L50|100\/100\n|switch|p2a: Chien-Pao|Chien-Pao, L50|100\/100\n|switch|p2b: Tatsugiri|Tatsugiri, L50, F|100\/100\n|-ability|p1b: Calyrex|As One\n|-ability|p1b: Calyrex|Unnerve\n|-ability|p2a: Chien-Pao|Sword of Ruin\n|turn|1\n|\n|t:|1721700170\n|-terastallize|p1b: Calyrex|Water\n|move|p1a: Whimsicott|Tailwind|p1a: Whimsicott\n|-sidestart|p1: Aki Hoshino|move: Tailwind\n|move|p1b: Calyrex|Glacial Lance|p2b: Tatsugiri|[spread] p2a,p2b\n|-resisted|p2a: Chien-Pao\n|-damage|p2a: Chien-Pao|64\/100\n|-enditem|p2b: Tatsugiri|Focus Sash\n|-damage|p2b: Tatsugiri|1\/100\n|move|p2a: Chien-Pao|Throat Chop|p1b: Calyrex\n|-damage|p1b: Calyrex|55\/100\n|-start|p1b: Calyrex|Throat Chop|[silent]\n|-damage|p2a: Chien-Pao|55\/100|[from] item: Life Orb\n|move|p2b: Tatsugiri|Taunt|p1a: Whimsicott\n|-start|p1a: Whimsicott|move: Taunt\n|\n|upkeep\n|turn|2\n|\n|t:|1721700200\n|switch|p2a: Dondozo|Dondozo, L50, M|100\/100\n|-activate|p2b: Tatsugiri|ability: Commander|[of] p2a: Dondozo\n|-boost|p2a: Dondozo|atk|2\n|-boost|p2a: Dondozo|spa|2\n|-boost|p2a: Dondozo|spe|2\n|-boost|p2a: Dondozo|def|2\n|-boost|p2a: Dondozo|spd|2\n|move|p1a: Whimsicott|Endeavor|p2a: Dondozo\n|-damage|p2a: Dondozo|54\/100\n|move|p1b: Calyrex|Glacial Lance|p2b: Tatsugiri|[spread] p2a\n|-miss|p1b: Calyrex|p2b: Tatsugiri\n|-resisted|p2a: Dondozo\n|-damage|p2a: Dondozo|45\/100\n|\n|-heal|p2a: Dondozo|51\/100|[from] item: Leftovers\n|-end|p1b: Calyrex|Throat Chop|[silent]\n|upkeep\n|turn|3\n|\n|t:|1721700232\n|move|p1a: Whimsicott|Moonblast|p2a: Dondozo\n|-damage|p2a: Dondozo|39\/100\n|move|p1b: Calyrex|Glacial Lance|p2b: Tatsugiri|[spread] p2a\n|-miss|p1b: Calyrex|p2b: Tatsugiri\n|-resisted|p2a: Dondozo\n|-damage|p2a: Dondozo|31\/100\n|move|p2a: Dondozo|Order Up|p1b: Calyrex\n|-damage|p1b: Calyrex|28\/100\n|-boost|p2a: Dondozo|atk|1\n|\n|-heal|p2a: Dondozo|37\/100|[from] item: Leftovers\n|upkeep\n|turn|4\n|\n|t:|1721700250\n|move|p1a: Whimsicott|Moonblast|p2a: Dondozo\n|-damage|p2a: Dondozo|25\/100\n|-unboost|p2a: Dondozo|spa|1\n|move|p1b: Calyrex|Glacial Lance|p2b: Tatsugiri|[spread] p2a\n|-miss|p1b: Calyrex|p2b: Tatsugiri\n|-resisted|p2a: Dondozo\n|-damage|p2a: Dondozo|16\/100\n|move|p2a: Dondozo|Order Up|p1b: Calyrex\n|-damage|p1b: Calyrex|0 fnt\n|faint|p1b: Calyrex\n|-boost|p2a: Dondozo|atk|1\n|\n|-heal|p2a: Dondozo|22\/100|[from] item: Leftovers\n|-end|p1a: Whimsicott|move: Taunt\n|-sideend|p1: Aki Hoshino|move: Tailwind\n|upkeep\n|\n|t:|1721700280\n|switch|p1b: Urshifu|Urshifu, L50, F|100\/100\n|turn|5\n|\n|t:|1721700292\n|move|p1a: Whimsicott|Tailwind|p1a: Whimsicott\n|-sidestart|p1: Aki Hoshino|move: Tailwind\n|move|p1b: Urshifu|Wicked Blow|p2a: Dondozo\n|-crit|p2a: Dondozo\n|-damage|p2a: Dondozo|0 fnt\n|faint|p2a: Dondozo\n|\n|upkeep\n|\n|t:|1721700301\n|switch|p2a: Miraidon|Miraidon, L50|100\/100\n|-fieldstart|move: Electric Terrain|[from] ability: Hadron Engine|[of] p2a: Miraidon\n|turn|6\n|\n|t:|1721700350\n|-terastallize|p2a: Miraidon|Fairy\n|move|p2b: Tatsugiri|Helping Hand|p2a: Miraidon\n|-singleturn|p2a: Miraidon|Helping Hand|[of] p2b: Tatsugiri\n|move|p1a: Whimsicott|Moonblast|p2a: Miraidon\n|-damage|p2a: Miraidon|70\/100\n|-unboost|p2a: Miraidon|spa|1\n|move|p1b: Urshifu|Wicked Blow|p2b: Tatsugiri\n|-crit|p2b: Tatsugiri\n|-damage|p2b: Tatsugiri|0 fnt\n|faint|p2b: Tatsugiri\n|move|p2a: Miraidon|Dazzling Gleam|p1b: Urshifu|[spread] p1a,p1b\n|-supereffective|p1b: Urshifu\n|-enditem|p1a: Whimsicott|Focus Sash\n|-damage|p1a: Whimsicott|1\/100\n|-damage|p1b: Urshifu|0 fnt\n|faint|p1b: Urshifu\n|\n|upkeep\n|\n|t:|1721700368\n|switch|p1b: Flutter Mane|Flutter Mane, L50|100\/100\n|switch|p2b: Chien-Pao|Chien-Pao, L50|55\/100\n|-ability|p2b: Chien-Pao|Sword of Ruin\n|-enditem|p1b: Flutter Mane|Booster Energy\n|-activate|p1b: Flutter Mane|ability: Protosynthesis|[fromitem]\n|-start|p1b: Flutter Mane|protosynthesisspa\n|turn|7\n|\n|t:|1721700409\n|move|p2b: Chien-Pao|Sucker Punch|p1b: Flutter Mane\n|-damage|p1b: Flutter Mane|15\/100\n|-damage|p2b: Chien-Pao|45\/100|[from] item: Life Orb\n|move|p1a: Whimsicott|Endeavor|p2a: Miraidon\n|-damage|p2a: Miraidon|1\/100\n|move|p1b: Flutter Mane|Dazzling Gleam|p2b: Chien-Pao|[spread] p2a,p2b\n|-supereffective|p2b: Chien-Pao\n|-damage|p2a: Miraidon|0 fnt\n|-damage|p2b: Chien-Pao|0 fnt\n|faint|p2a: Miraidon\n|faint|p2b: Chien-Pao\n|\n|win|Aki Hoshino\n|raw|Aki Hoshino's rating: 1753 &rarr; <strong>1773<\/strong><br \/>(+20 for winning)\n|raw|LONGhq's rating: 1746 &rarr; <strong>1726<\/strong><br \/>(-20 for losing)\n|l|\u203dLONGhq\n|player|p2|\n|l|\u2606Aki Hoshino\n|player|p1|\n","uploadtime":1721700600,"views":50,"formatid":"gen9vgc2024regg","rating":1726,"private":0,"password":null}