{"id":"gen9vgc2024regg-2165680441","format":"[Gen 9] VGC 2024 Reg G","players":["GuevaraGaming2","shuijunjun\u7ea2\u83b2\u94e0\u9a91\u4fa0"],"log":"|j|\u2606GuevaraGaming2\n|j|\u2606shuijunjun\u7ea2\u83b2\u94e0\u9a91\u4fa0\n|t:|1721693907\n|gametype|doubles\n|player|p1|GuevaraGaming2|hilbert-wonderlauncher|1785\n|player|p2|shuijunjun\u7ea2\u83b2\u94e0\u9a91\u4fa0|iono|1649\n|teamsize|p1|6\n|teamsize|p2|6\n|gen|9\n|tier|[Gen 9] VGC 2024 Reg G\n|rated|\n|rule|Species Clause: Limit one of each Pok\u00e9mon\n|rule|Item Clause: Limit one of each item\n|clearpoke\n|poke|p1|Zamazenta-*, L50|\n|poke|p1|Chien-Pao, L50|\n|poke|p1|Rillaboom, L50, F|\n|poke|p1|Pelipper, L50, F|\n|poke|p1|Farigiraf, L50, M|\n|poke|p1|Urshifu-*, L50, M|\n|poke|p2|Armarouge, L50, F|\n|poke|p2|Zamazenta-*, L50|\n|poke|p2|Indeedee, L50, M|\n|poke|p2|Roaring Moon, L50|\n|poke|p2|Gholdengo, L50|\n|poke|p2|Urshifu-*, L50, M|\n|teampreview|4\n|j| BacK-2-ReaLiTy\n|\n|t:|1721693946\n|start\n|switch|p1a: Urshifu|Urshifu-Rapid-Strike, L50, M|100\/100\n|switch|p1b: Rillaboom|Rillaboom, L50, F|100\/100\n|switch|p2a: \u6708\u7ffc\u4e01\u771f|Roaring Moon, L50|100\/100\n|switch|p2b: \u715c\u708e\u4e01\u771f|Armarouge, L50, F, shiny|100\/100\n|-fieldstart|move: Grassy Terrain|[from] ability: Grassy Surge|[of] p1b: Rillaboom\n|-enditem|p2a: \u6708\u7ffc\u4e01\u771f|Booster Energy\n|-activate|p2a: \u6708\u7ffc\u4e01\u771f|ability: Protosynthesis|[fromitem]\n|-start|p2a: \u6708\u7ffc\u4e01\u771f|protosynthesisspe\n|turn|1\n|\n|t:|1721693974\n|switch|p2b: \u610f\u8335\u4e01\u771f|Indeedee, L50, M|100\/100\n|-fieldstart|move: Psychic Terrain|[from] ability: Psychic Surge|[of] p2b: \u610f\u8335\u4e01\u771f\n|-terastallize|p2a: \u6708\u7ffc\u4e01\u771f|Ghost\n|-terastallize|p1a: Urshifu|Water\n|move|p2a: \u6708\u7ffc\u4e01\u771f|Acrobatics|p1a: Urshifu\n|-crit|p1a: Urshifu\n|-damage|p1a: Urshifu|48\/100\n|move|p1a: Urshifu|Surging Strikes|p2b: \u610f\u8335\u4e01\u771f\n|-crit|p2b: \u610f\u8335\u4e01\u771f\n|-damage|p2b: \u610f\u8335\u4e01\u771f|50\/100\n|-crit|p2b: \u610f\u8335\u4e01\u771f\n|-damage|p2b: \u610f\u8335\u4e01\u771f|6\/100\n|-crit|p2b: \u610f\u8335\u4e01\u771f\n|-damage|p2b: \u610f\u8335\u4e01\u771f|0 fnt\n|faint|p2b: \u610f\u8335\u4e01\u771f\n|-hitcount|p2: \u610f\u8335\u4e01\u771f|3\n|move|p1b: Rillaboom|U-turn|p2a: \u6708\u7ffc\u4e01\u771f\n|-resisted|p2a: \u6708\u7ffc\u4e01\u771f\n|-damage|p2a: \u6708\u7ffc\u4e01\u771f|88\/100\n|\n|t:|1721693988\n|switch|p1b: Chien-Pao|Chien-Pao, L50|100\/100|[from] U-turn\n|-ability|p1b: Chien-Pao|Sword of Ruin\n|\n|upkeep\n|\n|t:|1721693991\n|switch|p2b: \u715c\u708e\u4e01\u771f|Armarouge, L50, F, shiny|100\/100\n|turn|2\n|\n|t:|1721693999\n|move|p2a: \u6708\u7ffc\u4e01\u771f|Earthquake|p1a: Urshifu|[spread] p2b,p1a,p1b\n|-supereffective|p2b: \u715c\u708e\u4e01\u771f\n|-damage|p2b: \u715c\u708e\u4e01\u771f|26\/100\n|-damage|p1a: Urshifu|18\/100\n|-damage|p1b: Chien-Pao|69\/100\n|-ability|p2b: \u715c\u708e\u4e01\u771f|Weak Armor|boost\n|-unboost|p2b: \u715c\u708e\u4e01\u771f|def|1\n|-boost|p2b: \u715c\u708e\u4e01\u771f|spe|2\n|-enditem|p2b: \u715c\u708e\u4e01\u771f|Weakness Policy\n|-boost|p2b: \u715c\u708e\u4e01\u771f|atk|2|[from] item: Weakness Policy\n|-boost|p2b: \u715c\u708e\u4e01\u771f|spa|2|[from] item: Weakness Policy\n|move|p2b: \u715c\u708e\u4e01\u771f|Heat Wave|p1b: Chien-Pao|[spread] p1a,p1b\n|-resisted|p1a: Urshifu\n|-supereffective|p1b: Chien-Pao\n|-damage|p1a: Urshifu|0 fnt\n|-damage|p1b: Chien-Pao|0 fnt\n|faint|p1a: Urshifu\n|faint|p1b: Chien-Pao\n|\n|upkeep\n|\n|t:|1721694009\n|switch|p1b: Rillaboom|Rillaboom, L50, F|100\/100\n|switch|p1a: Zamazenta|Zamazenta-Crowned, L50|100\/100\n|-ability|p1a: Zamazenta|Dauntless Shield|boost\n|-boost|p1a: Zamazenta|def|1\n|-fieldstart|move: Grassy Terrain|[from] ability: Grassy Surge|[of] p1b: Rillaboom\n|turn|3\n|\n|t:|1721694023\n|move|p2b: \u715c\u708e\u4e01\u771f|Protect|p2b: \u715c\u708e\u4e01\u771f\n|-singleturn|p2b: \u715c\u708e\u4e01\u771f|Protect\n|move|p1b: Rillaboom|Fake Out|p2b: \u715c\u708e\u4e01\u771f\n|-activate|p2b: \u715c\u708e\u4e01\u771f|move: Protect\n|move|p2a: \u6708\u7ffc\u4e01\u771f|Acrobatics|p1b: Rillaboom\n|-supereffective|p1b: Rillaboom\n|-damage|p1b: Rillaboom|36\/100\n|move|p1a: Zamazenta|Heavy Slam|p2a: \u6708\u7ffc\u4e01\u771f\n|-damage|p2a: \u6708\u7ffc\u4e01\u771f|62\/100\n|\n|-heal|p2a: \u6708\u7ffc\u4e01\u771f|68\/100|[from] Grassy Terrain\n|-heal|p2b: \u715c\u708e\u4e01\u771f|32\/100|[from] Grassy Terrain\n|-heal|p1b: Rillaboom|42\/100|[from] Grassy Terrain\n|upkeep\n|turn|4\n|\n|t:|1721694038\n|move|p1b: Rillaboom|Grassy Glide|p2b: \u715c\u708e\u4e01\u771f\n|-resisted|p2b: \u715c\u708e\u4e01\u771f\n|-damage|p2b: \u715c\u708e\u4e01\u771f|0 fnt\n|faint|p2b: \u715c\u708e\u4e01\u771f\n|move|p2a: \u6708\u7ffc\u4e01\u771f|Acrobatics|p1b: Rillaboom\n|-supereffective|p1b: Rillaboom\n|-damage|p1b: Rillaboom|0 fnt\n|faint|p1b: Rillaboom\n|move|p1a: Zamazenta|Heavy Slam|p2a: \u6708\u7ffc\u4e01\u771f\n|-damage|p2a: \u6708\u7ffc\u4e01\u771f|43\/100\n|\n|-heal|p2a: \u6708\u7ffc\u4e01\u771f|49\/100|[from] Grassy Terrain\n|upkeep\n|\n|t:|1721694042\n|switch|p2b: \u6bc5\u52c7\u4e01\u771f|Zamazenta-Crowned, L50|100\/100\n|-ability|p2b: \u6bc5\u52c7\u4e01\u771f|Dauntless Shield|boost\n|-boost|p2b: \u6bc5\u52c7\u4e01\u771f|def|1\n|turn|5\n|\n|t:|1721694047\n|move|p2a: \u6708\u7ffc\u4e01\u771f|Acrobatics|p1a: Zamazenta\n|-damage|p1a: Zamazenta|87\/100\n|move|p2b: \u6bc5\u52c7\u4e01\u771f|Body Press|p1a: Zamazenta\n|-supereffective|p1a: Zamazenta\n|-damage|p1a: Zamazenta|32\/100\n|move|p1a: Zamazenta|Iron Defense|p1a: Zamazenta\n|-boost|p1a: Zamazenta|def|2\n|\n|-heal|p2a: \u6708\u7ffc\u4e01\u771f|55\/100|[from] Grassy Terrain\n|-heal|p1a: Zamazenta|38\/100|[from] Grassy Terrain\n|upkeep\n|turn|6\n|\n|t:|1721694053\n|move|p2a: \u6708\u7ffc\u4e01\u771f|Acrobatics|p1a: Zamazenta\n|-damage|p1a: Zamazenta|29\/100\n|move|p2b: \u6bc5\u52c7\u4e01\u771f|Body Press|p1a: Zamazenta\n|-supereffective|p1a: Zamazenta\n|-damage|p1a: Zamazenta|0 fnt\n|faint|p1a: Zamazenta\n|\n|win|shuijunjun\u7ea2\u83b2\u94e0\u9a91\u4fa0\n|raw|GuevaraGaming2's rating: 1785 &rarr; <strong>1758<\/strong><br \/>(-27 for losing)\n|raw|shuijunjun\u7ea2\u83b2\u94e0\u9a91\u4fa0's rating: 1649 &rarr; <strong>1676<\/strong><br \/>(+27 for winning)\n|l|\u2606GuevaraGaming2\n|player|p1|\n|l|\u2606shuijunjun\u7ea2\u83b2\u94e0\u9a91\u4fa0\n|player|p2|\n","uploadtime":1721694231,"views":10,"formatid":"gen9vgc2024regg","rating":1676,"private":0,"password":null}