{"id":"gen9vgc2024regg-2165952864","format":"[Gen 9] VGC 2024 Reg G","players":["roseyradio","Billy_HMD"],"log":"|j|\u2606roseyradio\n|j|\u2606Billy_HMD\n|t:|1721739934\n|gametype|doubles\n|player|p1|roseyradio|skier|1748\n|player|p2|Billy_HMD|dawn|1891\n|teamsize|p1|6\n|teamsize|p2|6\n|gen|9\n|tier|[Gen 9] VGC 2024 Reg G\n|rated|\n|rule|Species Clause: Limit one of each Pok\u00e9mon\n|rule|Item Clause: Limit one of each item\n|clearpoke\n|poke|p1|Calyrex-Ice, L50|\n|poke|p1|Smeargle, L50, F|\n|poke|p1|Ursaluna-Bloodmoon, L50, M|\n|poke|p1|Indeedee-F, L50, F|\n|poke|p1|Amoonguss, L50, M|\n|poke|p1|Raging Bolt, L50|\n|poke|p2|Zamazenta-*, L50|\n|poke|p2|Volcarona, L50, F|\n|poke|p2|Grimmsnarl, L50, M|\n|poke|p2|Landorus-Therian, L50, M|\n|poke|p2|Rillaboom, L50, F|\n|poke|p2|Raging Bolt, L50|\n|teampreview|4\n|inactive|Battle timer is ON: inactive players will automatically lose when time's up. (requested by Billy_HMD)\n|inactive|Billy_HMD has 60 seconds left.\n|\n|t:|1721739967\n|start\n|switch|p1a: Calyrex|Calyrex-Ice, L50|100\/100\n|switch|p1b: Smeargle|Smeargle, L50, F, shiny|100\/100\n|switch|p2a: Zamazenta|Zamazenta-Crowned, L50|100\/100\n|switch|p2b: Landorus|Landorus-Therian, L50, M|100\/100\n|-ability|p1a: Calyrex|As One\n|-ability|p1a: Calyrex|Unnerve\n|-ability|p2b: Landorus|Intimidate|boost\n|-fail|p1a: Calyrex|unboost|[from] item: Clear Amulet|[of] p1a: Calyrex\n|-fail|p1b: Smeargle|unboost|Attack|[from] ability: Own Tempo|[of] p1b: Smeargle\n|-ability|p2a: Zamazenta|Dauntless Shield|boost\n|-boost|p2a: Zamazenta|def|1\n|turn|1\n|\n|t:|1721739984\n|move|p1b: Smeargle|Fake Out|p2b: Landorus\n|-damage|p2b: Landorus|94\/100\n|cant|p2b: Landorus|flinch\n|move|p2a: Zamazenta|Heavy Slam|p1b: Smeargle\n|-crit|p1b: Smeargle\n|-enditem|p1b: Smeargle|Focus Sash\n|-damage|p1b: Smeargle|1\/100\n|move|p1a: Calyrex|Trick Room|p1a: Calyrex\n|-fieldstart|move: Trick Room|[of] p1a: Calyrex\n|\n|upkeep\n|turn|2\n|inactive|Billy_HMD has 30 seconds left.\n|\n|t:|1721740014\n|move|p2a: Zamazenta|Wide Guard|p2a: Zamazenta\n|-singleturn|p2a: Zamazenta|Wide Guard\n|move|p1b: Smeargle|Spore|p2a: Zamazenta\n|-status|p2a: Zamazenta|slp|[from] move: Spore\n|move|p1a: Calyrex|Glacial Lance|p2b: Landorus|[spread] \n|-activate|p2a: Zamazenta|move: Wide Guard\n|-activate|p2b: Landorus|move: Wide Guard\n|move|p2b: Landorus|U-turn|p1b: Smeargle\n|-damage|p1b: Smeargle|0 fnt\n|faint|p1b: Smeargle\n|\n|t:|1721740030\n|switch|p2b: Volcarona|Volcarona, L50, F|100\/100|[from] U-turn\n|\n|upkeep\n|\n|t:|1721740033\n|switch|p1b: Ursaluna|Ursaluna-Bloodmoon, L50, M|100\/100\n|turn|3\n|inactive|Billy_HMD has 30 seconds left.\n|\n|t:|1721740065\n|move|p1b: Ursaluna|Earth Power|p2a: Zamazenta\n|-supereffective|p2a: Zamazenta\n|-damage|p2a: Zamazenta|5\/100 slp\n|-damage|p1b: Ursaluna|91\/100|[from] item: Life Orb\n|move|p1a: Calyrex|Glacial Lance|p2b: Volcarona|[spread] p2a,p2b\n|-resisted|p2a: Zamazenta\n|-resisted|p2b: Volcarona\n|-damage|p2a: Zamazenta|0 fnt\n|-damage|p2b: Volcarona|68\/100\n|faint|p2a: Zamazenta\n|-ability|p1a: Calyrex|Chilling Neigh|boost\n|-boost|p1a: Calyrex|atk|1\n|move|p2b: Volcarona|Quiver Dance|p2b: Volcarona\n|-boost|p2b: Volcarona|spa|1\n|-boost|p2b: Volcarona|spd|1\n|-boost|p2b: Volcarona|spe|1\n|\n|-heal|p2b: Volcarona|74\/100|[from] item: Leftovers\n|upkeep\n|\n|t:|1721740074\n|switch|p2a: Rillaboom|Rillaboom, L50, F|100\/100\n|-fieldstart|move: Grassy Terrain|[from] ability: Grassy Surge|[of] p2a: Rillaboom\n|turn|4\n|j| Auryz\n|inactive|Billy_HMD has 30 seconds left.\n|inactive|Billy_HMD has 20 seconds left.\n|inactive|Billy_HMD has 15 seconds left.\n|\n|t:|1721740114\n|-terastallize|p1b: Ursaluna|Normal\n|move|p2a: Rillaboom|Fake Out|p1b: Ursaluna\n|-damage|p1b: Ursaluna|81\/100\n|cant|p1b: Ursaluna|flinch\n|move|p1a: Calyrex|Glacial Lance|p2a: Rillaboom|[spread] p2a,p2b\n|-supereffective|p2a: Rillaboom\n|-resisted|p2b: Volcarona\n|-damage|p2a: Rillaboom|0 fnt\n|-damage|p2b: Volcarona|27\/100\n|faint|p2a: Rillaboom\n|-ability|p1a: Calyrex|Chilling Neigh|boost\n|-boost|p1a: Calyrex|atk|1\n|move|p2b: Volcarona|Quiver Dance|p2b: Volcarona\n|-boost|p2b: Volcarona|spa|1\n|-boost|p2b: Volcarona|spd|1\n|-boost|p2b: Volcarona|spe|1\n|\n|-heal|p1b: Ursaluna|87\/100|[from] Grassy Terrain\n|-heal|p2b: Volcarona|33\/100|[from] Grassy Terrain\n|-heal|p2b: Volcarona|40\/100|[from] item: Leftovers\n|upkeep\n|\n|t:|1721740122\n|switch|p2a: Landorus|Landorus-Therian, L50, M|94\/100\n|-ability|p2a: Landorus|Intimidate|boost\n|-fail|p1a: Calyrex|unboost|[from] item: Clear Amulet|[of] p1a: Calyrex\n|-unboost|p1b: Ursaluna|atk|1\n|turn|5\n|\n|t:|1721740135\n|move|p2b: Volcarona|Protect|p2b: Volcarona\n|-singleturn|p2b: Volcarona|Protect\n|move|p1b: Ursaluna|Hyper Voice|p2a: Landorus|[spread] p2a\n|-activate|p2b: Volcarona|move: Protect\n|-damage|p2a: Landorus|2\/100\n|-damage|p1b: Ursaluna|77\/100|[from] item: Life Orb\n|move|p1a: Calyrex|Glacial Lance|p2a: Landorus|[spread] p2a\n|-activate|p2b: Volcarona|move: Protect\n|-supereffective|p2a: Landorus\n|-damage|p2a: Landorus|0 fnt\n|faint|p2a: Landorus\n|-ability|p1a: Calyrex|Chilling Neigh|boost\n|-boost|p1a: Calyrex|atk|1\n|\n|-heal|p1b: Ursaluna|83\/100|[from] Grassy Terrain\n|-heal|p2b: Volcarona|46\/100|[from] Grassy Terrain\n|-heal|p2b: Volcarona|52\/100|[from] item: Leftovers\n|-fieldend|move: Trick Room\n|upkeep\n|turn|6\n|\n|t:|1721740141\n|move|p2b: Volcarona|Heat Wave|p1b: Ursaluna|[spread] p1a,p1b\n|-supereffective|p1a: Calyrex\n|-damage|p1a: Calyrex|0 fnt\n|-damage|p1b: Ursaluna|0 fnt\n|faint|p1a: Calyrex\n|faint|p1b: Ursaluna\n|\n|-heal|p2b: Volcarona|58\/100|[from] Grassy Terrain\n|-heal|p2b: Volcarona|65\/100|[from] item: Leftovers\n|upkeep\n|\n|t:|1721740146\n|switch|p1b: Stephen|Amoonguss, L50, M|100\/100\n|turn|7\n|-message|roseyradio forfeited.\n|\n|win|Billy_HMD\n|raw|roseyradio's rating: 1748 &rarr; <strong>1736<\/strong><br \/>(-12 for losing)\n|raw|Billy_HMD's rating: 1891 &rarr; <strong>1903<\/strong><br \/>(+12 for winning)\n|l|\u2606Billy_HMD\n|player|p2|\n|l|\u2606roseyradio\n|player|p1|\n","uploadtime":1721740331,"views":9,"formatid":"gen9vgc2024regg","rating":1736,"private":0,"password":null}