{"id":"gen9vgc2024regg-2165959498","format":"[Gen 9] VGC 2024 Reg G","players":["BlindMagneton","SubToPenglin"],"log":"|j|\u2606BlindMagneton\n|j|\u2606SubToPenglin\n|t:|1721740829\n|gametype|doubles\n|player|p1|BlindMagneton|wattson|1739\n|player|p2|SubToPenglin|dawn-gen4pt|1732\n|teamsize|p1|6\n|teamsize|p2|6\n|gen|9\n|tier|[Gen 9] VGC 2024 Reg G\n|rated|\n|rule|Species Clause: Limit one of each Pok\u00e9mon\n|rule|Item Clause: Limit one of each item\n|clearpoke\n|poke|p1|Koraidon, L50|\n|poke|p1|Stonjourner, L50, F|\n|poke|p1|Raging Bolt, L50|\n|poke|p1|Whimsicott, L50, F|\n|poke|p1|Iron Treads, L50|\n|poke|p1|Mandibuzz, L50, F|\n|poke|p2|Comfey, L50, M|\n|poke|p2|Terapagos, L50, M|\n|poke|p2|Tornadus, L50, M|\n|poke|p2|Ogerpon-Cornerstone, L50, F|\n|poke|p2|Magmar, L50, M|\n|poke|p2|Raichu, L50, F|\n|teampreview|4\n|inactive|Battle timer is ON: inactive players will automatically lose when time's up. (requested by SubToPenglin)\n|inactive|BlindMagneton has 60 seconds left.\n|inactive|BlindMagneton has 30 seconds left.\n|\n|t:|1721740893\n|start\n|switch|p1a: Stonjourner|Stonjourner, L50, F|100\/100\n|switch|p1b: Koraidon|Koraidon, L50|100\/100\n|switch|p2a: Terapagos|Terapagos, L50, M|100\/100\n|switch|p2b: Tornadus|Tornadus, L50, M|100\/100\n|-activate|p2a: Terapagos|ability: Tera Shift\n|detailschange|p2a: Terapagos|Terapagos-Terastal, L50, M\n|-heal|p2a: Terapagos|100\/100|[silent]\n|-weather|SunnyDay|[from] ability: Orichalcum Pulse|[of] p1b: Koraidon\n|-activate|p1b: Koraidon|Orichalcum Pulse|[source]\n|turn|1\n|\n|t:|1721740907\n|move|p2a: Terapagos|Protect|p2a: Terapagos\n|-singleturn|p2a: Terapagos|Protect\n|move|p1a: Stonjourner|Wide Guard|p1a: Stonjourner\n|-singleturn|p1a: Stonjourner|Wide Guard\n|move|p2b: Tornadus|Taunt|p1a: Stonjourner\n|-start|p1a: Stonjourner|move: Taunt\n|move|p1b: Koraidon|Collision Course|p2a: Terapagos\n|-activate|p2a: Terapagos|move: Protect\n|\n|-weather|SunnyDay|[upkeep]\n|upkeep\n|turn|2\n|\n|t:|1721740922\n|move|p2b: Tornadus|Tailwind|p2b: Tornadus\n|-sidestart|p2: SubToPenglin|move: Tailwind\n|move|p2a: Terapagos|Calm Mind|p2a: Terapagos\n|-boost|p2a: Terapagos|spa|1\n|-boost|p2a: Terapagos|spd|1\n|move|p1b: Koraidon|Collision Course|p2a: Terapagos\n|-activate|p2a: Terapagos|ability: Tera Shell\n|-resisted|p2a: Terapagos\n|-damage|p2a: Terapagos|68\/100\n|move|p1a: Stonjourner|Rock Slide|p2a: Terapagos|[spread] p2a,p2b\n|-supereffective|p2b: Tornadus\n|-damage|p2a: Terapagos|46\/100\n|-damage|p2b: Tornadus|20\/100\n|\n|-weather|SunnyDay|[upkeep]\n|upkeep\n|turn|3\n|inactive|BlindMagneton has 30 seconds left.\n|\n|t:|1721740950\n|-terastallize|p2a: Terapagos|Stellar\n|detailschange|p2a: Terapagos|Terapagos-Stellar, L50, M, tera:Stellar\n|-heal|p2a: Terapagos|60\/100|[silent]\n|-ability|p2a: Terapagos|Teraform Zero\n|-weather|none\n|move|p1b: Koraidon|Protect|p1b: Koraidon\n|-singleturn|p1b: Koraidon|Protect\n|move|p2b: Tornadus|Bleakwind Storm|p1a: Stonjourner|[spread] \n|-activate|p1b: Koraidon|move: Protect\n|-miss|p2b: Tornadus|p1a: Stonjourner\n|move|p2a: Terapagos|Tera Starstorm|p1a: Stonjourner|[spread] p1a\n|-activate|p1b: Koraidon|move: Protect\n|-enditem|p1a: Stonjourner|Focus Sash\n|-damage|p1a: Stonjourner|1\/100\n|move|p1a: Stonjourner|Rock Slide|p2b: Tornadus|[spread] p2b\n|-miss|p1a: Stonjourner|p2a: Terapagos\n|-supereffective|p2b: Tornadus\n|-damage|p2b: Tornadus|0 fnt\n|faint|p2b: Tornadus\n|\n|upkeep\n|\n|t:|1721740961\n|switch|p2b: Comfey|Comfey, L50, M, shiny|100\/100\n|turn|4\n|inactive|BlindMagneton has 30 seconds left.\n|\n|t:|1721740994\n|switch|p1b: Whimsicott|Whimsicott, L50, F|100\/100\n|switch|p1a: Mandibuzz|Mandibuzz, L50, F|100\/100\n|move|p2b: Comfey|Draining Kiss|p1b: Whimsicott\n|-damage|p1b: Whimsicott|74\/100\n|move|p2a: Terapagos|Tera Starstorm|p1a: Mandibuzz|[spread] p1a,p1b\n|-damage|p1a: Mandibuzz|59\/100\n|-damage|p1b: Whimsicott|0 fnt\n|faint|p1b: Whimsicott\n|\n|upkeep\n|j| Samevgcmons\n|inactive|BlindMagneton has 30 seconds left.\n|inactive|BlindMagneton has 20 seconds left.\n|\n|t:|1721741030\n|switch|p1b: Koraidon|Koraidon, L50|100\/100\n|-weather|SunnyDay|[from] ability: Orichalcum Pulse|[of] p1b: Koraidon\n|-activate|p1b: Koraidon|Orichalcum Pulse|[source]\n|turn|5\n|l| Samevgcmons\n|\n|t:|1721741040\n|move|p1b: Koraidon|Protect|p1b: Koraidon\n|-singleturn|p1b: Koraidon|Protect\n|move|p2b: Comfey|Draining Kiss|p1a: Mandibuzz\n|-supereffective|p1a: Mandibuzz\n|-damage|p1a: Mandibuzz|27\/100\n|move|p2a: Terapagos|Tera Starstorm|p1b: Koraidon|[spread] p1a\n|-activate|p1b: Koraidon|move: Protect\n|-damage|p1a: Mandibuzz|0 fnt\n|faint|p1a: Mandibuzz\n|\n|-weather|SunnyDay|[upkeep]\n|-sideend|p2: SubToPenglin|move: Tailwind\n|upkeep\n|\n|t:|1721741048\n|switch|p1a: Stonjourner|Stonjourner, L50, F|1\/100\n|turn|6\n|\n|t:|1721741066\n|-terastallize|p1b: Koraidon|Fire\n|move|p2a: Terapagos|Protect|p2a: Terapagos\n|-singleturn|p2a: Terapagos|Protect\n|move|p2b: Comfey|Draining Kiss|p1a: Stonjourner\n|-damage|p1a: Stonjourner|0 fnt\n|faint|p1a: Stonjourner\n|move|p1b: Koraidon|Collision Course|p2b: Comfey\n|-resisted|p2b: Comfey\n|-crit|p2b: Comfey\n|-damage|p2b: Comfey|44\/100\n|-enditem|p2b: Comfey|Sitrus Berry|[eat]\n|-heal|p2b: Comfey|69\/100|[from] item: Sitrus Berry\n|\n|-weather|SunnyDay|[upkeep]\n|upkeep\n|turn|7\n|\n|t:|1721741083\n|move|p1b: Koraidon|Collision Course|p2a: Terapagos\n|-supereffective|p2a: Terapagos\n|-damage|p2a: Terapagos|0 fnt\n|faint|p2a: Terapagos\n|move|p2b: Comfey|Taunt|p1b: Koraidon\n|-start|p1b: Koraidon|move: Taunt\n|\n|-weather|SunnyDay|[upkeep]\n|upkeep\n|\n|t:|1721741085\n|switch|p2a: Ogerpon|Ogerpon-Cornerstone, L50, F|100\/100\n|turn|8\n|\n|t:|1721741099\n|move|p2b: Comfey|Draining Kiss|p1b: Koraidon\n|-resisted|p1b: Koraidon\n|-damage|p1b: Koraidon|92\/100\n|-heal|p2b: Comfey|76\/100|[from] drain|[of] p1b: Koraidon\n|move|p1b: Koraidon|Breaking Swipe|p2b: Comfey|[spread] p2a\n|-immune|p2b: Comfey\n|-damage|p2a: Ogerpon|62\/100\n|-unboost|p2a: Ogerpon|atk|1\n|move|p2a: Ogerpon|Ivy Cudgel|p1b: Koraidon|[anim] Ivy Cudgel Rock\n|-supereffective|p1b: Koraidon\n|-damage|p1b: Koraidon|19\/100\n|\n|-weather|SunnyDay|[upkeep]\n|upkeep\n|turn|9\n|\n|t:|1721741114\n|move|p2b: Comfey|Floral Healing|p2a: Ogerpon\n|-heal|p2a: Ogerpon|100\/100\n|move|p1b: Koraidon|Flare Blitz|p2b: Comfey\n|-damage|p2b: Comfey|0 fnt\n|faint|p2b: Comfey\n|-damage|p1b: Koraidon|0 fnt|[from] Recoil\n|faint|p1b: Koraidon\n|\n|win|SubToPenglin\n|raw|BlindMagneton's rating: 1739 &rarr; <strong>1717<\/strong><br \/>(-22 for losing)\n|raw|SubToPenglin's rating: 1704 &rarr; <strong>1726<\/strong><br \/>(+22 for winning)\n|l|\u2606SubToPenglin\n|player|p2|\n|l|\u2606BlindMagneton\n|player|p1|\n","uploadtime":1721741297,"views":9,"formatid":"gen9vgc2024regg","rating":1717,"private":0,"password":null}