{"id":"gen9vgc2024regg-2165733206","format":"[Gen 9] VGC 2024 Reg G","players":["chuanOVO","auraen"],"log":"|j|\u2606chuanOVO\n|j|\u2606auraen\n|t:|1721700986\n|gametype|doubles\n|player|p1|chuanOVO|n|1698\n|player|p2|auraen|harlequin|1879\n|teamsize|p1|6\n|teamsize|p2|6\n|gen|9\n|tier|[Gen 9] VGC 2024 Reg G\n|rated|\n|rule|Species Clause: Limit one of each Pok\u00e9mon\n|rule|Item Clause: Limit one of each item\n|clearpoke\n|poke|p1|Calyrex-Ice, L50|\n|poke|p1|Smeargle, L50, M|\n|poke|p1|Ursaluna-Bloodmoon, L50, M|\n|poke|p1|Urshifu-*, L50, M|\n|poke|p1|Ogerpon-Wellspring, L50, F|\n|poke|p1|Annihilape, L50, F|\n|poke|p2|Terapagos, L50, M|\n|poke|p2|Munkidori, L50, M|\n|poke|p2|Incineroar, L50, M|\n|poke|p2|Sinistcha, L50|\n|poke|p2|Basculegion, L50, M|\n|poke|p2|Flamigo, L50, M|\n|teampreview|4\n|\n|t:|1721701007\n|start\n|switch|p1a: Smeargle|Smeargle, L50, M, shiny|100\/100\n|switch|p1b: Calyrex|Calyrex-Ice, L50|100\/100\n|switch|p2a: Terapagos|Terapagos, L50, M|100\/100\n|switch|p2b: Munkidori|Munkidori, L50, M|100\/100\n|-activate|p2a: Terapagos|ability: Tera Shift\n|detailschange|p2a: Terapagos|Terapagos-Terastal, L50, M\n|-heal|p2a: Terapagos|100\/100|[silent]\n|-ability|p1b: Calyrex|As One\n|-ability|p1b: Calyrex|Unnerve\n|turn|1\n|inactive|Battle timer is ON: inactive players will automatically lose when time's up. (requested by chuanOVO)\n|\n|t:|1721701032\n|-terastallize|p2a: Terapagos|Stellar\n|detailschange|p2a: Terapagos|Terapagos-Stellar, L50, M, tera:Stellar\n|-heal|p2a: Terapagos|100\/100|[silent]\n|move|p2b: Munkidori|Acid Spray|p1a: Smeargle\n|-damage|p1a: Smeargle|65\/100\n|-unboost|p1a: Smeargle|spd|2\n|move|p2a: Terapagos|Tera Starstorm|p1a: Smeargle|[spread] p1a,p1b\n|-damage|p1a: Smeargle|0 fnt\n|-damage|p1b: Calyrex|59\/100\n|faint|p1a: Smeargle\n|move|p1b: Calyrex|Trick Room|p1b: Calyrex\n|-fieldstart|move: Trick Room|[of] p1b: Calyrex\n|\n|upkeep\n|\n|t:|1721701043\n|switch|p1a: Urshifu|Urshifu, L50, M|100\/100\n|turn|2\n|\n|t:|1721701059\n|switch|p2b: Incineroar|Incineroar, L50, M|100\/100\n|-ability|p2b: Incineroar|Intimidate|boost\n|-unboost|p1a: Urshifu|atk|1\n|-unboost|p1b: Calyrex|atk|1\n|move|p1b: Calyrex|Glacial Lance|p2a: Terapagos|[spread] p2a,p2b\n|-resisted|p2b: Incineroar\n|-damage|p2a: Terapagos|75\/100\n|-damage|p2b: Incineroar|86\/100\n|move|p1a: Urshifu|Wicked Blow|p2b: Incineroar\n|-resisted|p2b: Incineroar\n|-crit|p2b: Incineroar\n|-damage|p2b: Incineroar|48\/100\n|move|p2a: Terapagos|Tera Starstorm|p1b: Calyrex|[spread] p1a,p1b\n|-damage|p1a: Urshifu|28\/100\n|-damage|p1b: Calyrex|22\/100\n|-enditem|p1b: Calyrex|Sitrus Berry|[eat]\n|-heal|p1b: Calyrex|47\/100|[from] item: Sitrus Berry\n|\n|upkeep\n|turn|3\n|\n|t:|1721701079\n|move|p2b: Incineroar|Fake Out|p1a: Urshifu\n|-damage|p1a: Urshifu|19\/100\n|move|p1b: Calyrex|High Horsepower|p2b: Incineroar\n|-supereffective|p2b: Incineroar\n|-damage|p2b: Incineroar|5\/100\n|cant|p1a: Urshifu|flinch\n|move|p2a: Terapagos|Tera Starstorm|p1b: Calyrex|[spread] p1a,p1b\n|-damage|p1a: Urshifu|0 fnt\n|-damage|p1b: Calyrex|5\/100\n|faint|p1a: Urshifu\n|\n|upkeep\n|\n|t:|1721701094\n|switch|p1a: Ursaluna|Ursaluna-Bloodmoon, L50, M|100\/100\n|turn|4\n|\n|t:|1721701104\n|switch|p2b: Munkidori|Munkidori, L50, M|100\/100\n|move|p1b: Calyrex|Glacial Lance|p2b: Munkidori|[spread] p2a,p2b\n|-damage|p2a: Terapagos|51\/100\n|-damage|p2b: Munkidori|62\/100\n|move|p1a: Ursaluna|Blood Moon|p2a: Terapagos\n|-damage|p2a: Terapagos|0 fnt\n|faint|p2a: Terapagos\n|-damage|p1a: Ursaluna|91\/100|[from] item: Life Orb\n|\n|upkeep\n|\n|t:|1721701106\n|switch|p2a: Incineroar|Incineroar, L50, M|5\/100\n|-ability|p2a: Incineroar|Intimidate|boost\n|-unboost|p1a: Ursaluna|atk|1\n|-unboost|p1b: Calyrex|atk|1\n|turn|5\n|\n|t:|1721701127\n|move|p2a: Incineroar|Fake Out|p1b: Calyrex\n|-damage|p1b: Calyrex|0 fnt\n|-enditem|p2a: Incineroar|Iapapa Berry|[eat]\n|-heal|p2a: Incineroar|38\/100|[from] item: Iapapa Berry\n|faint|p1b: Calyrex\n|move|p2b: Munkidori|Fake Out|p1a: Ursaluna\n|-damage|p1a: Ursaluna|86\/100\n|cant|p1a: Ursaluna|flinch\n|\n|-fieldend|move: Trick Room\n|upkeep\n|turn|6\n|-message|chuanOVO forfeited.\n|\n|win|auraen\n|raw|chuanOVO's rating: 1698 &rarr; <strong>1688<\/strong><br \/>(-10 for losing)\n|raw|auraen's rating: 1879 &rarr; <strong>1889<\/strong><br \/>(+10 for winning)\n|l|\u2606chuanOVO\n|player|p1|\n","uploadtime":1721701294,"views":27,"formatid":"gen9vgc2024regg","rating":1688,"private":0,"password":null}