{"id":"gen9vgc2024regg-2165716903","format":"[Gen 9] VGC 2024 Reg G","players":["LONGhq","auraen"],"log":"|j|\u203dLONGhq\n|j|\u2606auraen\n|t:|1721698813\n|gametype|doubles\n|player|p1|LONGhq|dawn|1754\n|player|p2|auraen|harlequin|1853\n|teamsize|p1|6\n|teamsize|p2|6\n|gen|9\n|tier|[Gen 9] VGC 2024 Reg G\n|rated|\n|rule|Species Clause: Limit one of each Pok\u00e9mon\n|rule|Item Clause: Limit one of each item\n|clearpoke\n|poke|p1|Dondozo, L50, M|\n|poke|p1|Tatsugiri, L50, M|\n|poke|p1|Miraidon, L50|\n|poke|p1|Whimsicott, L50, M|\n|poke|p1|Iron Hands, L50|\n|poke|p1|Chien-Pao, L50|\n|poke|p2|Terapagos, L50, M|\n|poke|p2|Munkidori, L50, M|\n|poke|p2|Incineroar, L50, M|\n|poke|p2|Sinistcha, L50|\n|poke|p2|Basculegion, L50, M|\n|poke|p2|Flamigo, L50, M|\n|teampreview|4\n|\n|t:|1721698859\n|start\n|switch|p1a: Miraidon|Miraidon, L50|100\/100\n|switch|p1b: Tatsugiri|Tatsugiri, L50, M|100\/100\n|switch|p2a: Munkidori|Munkidori, L50, M|100\/100\n|switch|p2b: Terapagos|Terapagos, L50, M|100\/100\n|-activate|p2b: Terapagos|ability: Tera Shift\n|detailschange|p2b: Terapagos|Terapagos-Terastal, L50, M\n|-heal|p2b: Terapagos|100\/100|[silent]\n|-fieldstart|move: Electric Terrain|[from] ability: Hadron Engine|[of] p1a: Miraidon\n|turn|1\n|\n|t:|1721698889\n|-terastallize|p2b: Terapagos|Stellar\n|detailschange|p2b: Terapagos|Terapagos-Stellar, L50, M, tera:Stellar\n|-heal|p2b: Terapagos|100\/100|[silent]\n|-ability|p2b: Terapagos|Teraform Zero\n|-fieldend|move: Electric Terrain\n|move|p2a: Munkidori|Fake Out|p1a: Miraidon\n|-damage|p1a: Miraidon|94\/100\n|-status|p1a: Miraidon|tox|[from] ability: Toxic Chain|[of] p2a: Munkidori\n|cant|p1a: Miraidon|flinch\n|move|p1b: Tatsugiri|Muddy Water|p2a: Munkidori|[spread] p2a\n|-miss|p1b: Tatsugiri|p2b: Terapagos\n|-damage|p2a: Munkidori|65\/100\n|move|p2b: Terapagos|Tera Starstorm|p1a: Miraidon|[spread] p1a,p1b\n|-crit|p1b: Tatsugiri\n|-damage|p1a: Miraidon|49\/100 tox\n|-enditem|p1b: Tatsugiri|Focus Sash\n|-damage|p1b: Tatsugiri|1\/100\n|\n|-damage|p1a: Miraidon|43\/100 tox|[from] psn\n|upkeep\n|turn|2\n|\n|t:|1721698927\n|move|p1b: Tatsugiri|Helping Hand|p1a: Miraidon\n|-singleturn|p1a: Miraidon|Helping Hand|[of] p1b: Tatsugiri\n|move|p1a: Miraidon|Volt Switch|p2a: Munkidori\n|-damage|p2a: Munkidori|0 fnt\n|faint|p2a: Munkidori\n|\n|t:|1721698934\n|switch|p1a: Dondozo|Dondozo, L50, M|100\/100|[from] Volt Switch\n|-activate|p1b: Tatsugiri|ability: Commander|[of] p1a: Dondozo\n|-boost|p1a: Dondozo|atk|2\n|-boost|p1a: Dondozo|spa|2\n|-boost|p1a: Dondozo|spe|2\n|-boost|p1a: Dondozo|def|2\n|-boost|p1a: Dondozo|spd|2\n|move|p2b: Terapagos|Tera Starstorm|p1b: Tatsugiri|[spread] p1a\n|-miss|p2b: Terapagos|p1b: Tatsugiri\n|-damage|p1a: Dondozo|81\/100\n|\n|-heal|p1a: Dondozo|88\/100|[from] item: Leftovers\n|upkeep\n|\n|t:|1721698937\n|switch|p2a: Sinistcha|Sinistcha, L50|100\/100\n|turn|3\n|\n|t:|1721698955\n|move|p1a: Dondozo|Order Up|p2b: Terapagos\n|-damage|p2b: Terapagos|78\/100\n|-boost|p1a: Dondozo|atk|1\n|move|p2b: Terapagos|Tera Starstorm|p1a: Dondozo|[spread] p1a\n|-miss|p2b: Terapagos|p1b: Tatsugiri\n|-damage|p1a: Dondozo|69\/100\n|move|p2a: Sinistcha|Strength Sap|p1a: Dondozo\n|-unboost|p1a: Dondozo|atk|1\n|\n|-heal|p1a: Dondozo|75\/100|[from] item: Leftovers\n|upkeep\n|turn|4\n|\n|t:|1721698974\n|move|p1a: Dondozo|Protect|p1a: Dondozo\n|-singleturn|p1a: Dondozo|Protect\n|move|p2b: Terapagos|Tera Starstorm|p1b: Tatsugiri|[spread] \n|-miss|p2b: Terapagos|p1b: Tatsugiri\n|-activate|p1a: Dondozo|move: Protect\n|move|p2a: Sinistcha|Trick Room|p2a: Sinistcha\n|-fieldstart|move: Trick Room|[of] p2a: Sinistcha\n|\n|-heal|p1a: Dondozo|81\/100|[from] item: Leftovers\n|upkeep\n|turn|5\n|\n|t:|1721698987\n|move|p2a: Sinistcha|Strength Sap|p1a: Dondozo\n|-unboost|p1a: Dondozo|atk|1\n|move|p2b: Terapagos|Tera Starstorm|p1a: Dondozo|[spread] p1a\n|-miss|p2b: Terapagos|p1b: Tatsugiri\n|-damage|p1a: Dondozo|62\/100\n|move|p1a: Dondozo|Fissure|p2b: Terapagos|[miss]\n|-miss|p1a: Dondozo|p2b: Terapagos\n|\n|-heal|p1a: Dondozo|68\/100|[from] item: Leftovers\n|upkeep\n|turn|6\n|\n|t:|1721699000\n|switch|p2b: Flamigo|Flamigo, L50, M|100\/100\n|move|p1a: Dondozo|Protect|p1a: Dondozo\n|-singleturn|p1a: Dondozo|Protect\n|move|p2a: Sinistcha|Strength Sap|p1a: Dondozo\n|-activate|p1a: Dondozo|move: Protect\n|\n|-heal|p1a: Dondozo|74\/100|[from] item: Leftovers\n|upkeep\n|turn|7\n|\n|t:|1721699016\n|move|p2a: Sinistcha|Matcha Gotcha|p1b: Tatsugiri|[spread] p1a\n|-miss|p2a: Sinistcha|p1b: Tatsugiri\n|-supereffective|p1a: Dondozo\n|-damage|p1a: Dondozo|57\/100\n|move|p1a: Dondozo|Order Up|p2b: Flamigo\n|-damage|p2b: Flamigo|62\/100\n|-boost|p1a: Dondozo|atk|1\n|move|p2b: Flamigo|Close Combat|p1a: Dondozo\n|-damage|p1a: Dondozo|40\/100\n|-unboost|p2b: Flamigo|def|1\n|-unboost|p2b: Flamigo|spd|1\n|\n|-heal|p1a: Dondozo|47\/100|[from] item: Leftovers\n|upkeep\n|turn|8\n|\n|t:|1721699035\n|move|p2b: Flamigo|Feint|p1a: Dondozo\n|-damage|p1a: Dondozo|43\/100\n|move|p2a: Sinistcha|Matcha Gotcha|p1b: Tatsugiri|[spread] p1a\n|-miss|p2a: Sinistcha|p1b: Tatsugiri\n|-supereffective|p1a: Dondozo\n|-damage|p1a: Dondozo|24\/100\n|move|p1a: Dondozo|Wave Crash|p2b: Flamigo\n|-damage|p2b: Flamigo|0 fnt\n|faint|p2b: Flamigo\n|-damage|p1a: Dondozo|12\/100|[from] Recoil\n|\n|-heal|p1a: Dondozo|18\/100|[from] item: Leftovers\n|-fieldend|move: Trick Room\n|upkeep\n|\n|t:|1721699042\n|switch|p2b: Terapagos|Terapagos-Stellar, L50, M, tera:Stellar|78\/100\n|turn|9\n|\n|t:|1721699055\n|move|p1a: Dondozo|Wave Crash|p2b: Terapagos\n|-damage|p2b: Terapagos|27\/100\n|-damage|p1a: Dondozo|0 fnt|[from] Recoil\n|faint|p1a: Dondozo\n|move|p2b: Terapagos|Tera Starstorm|p1b: Tatsugiri\n|-damage|p1b: Tatsugiri|0 fnt\n|faint|p1b: Tatsugiri\n|move|p2a: Sinistcha|Trick Room|p2a: Sinistcha\n|-fieldstart|move: Trick Room|[of] p2a: Sinistcha\n|\n|upkeep\n|\n|t:|1721699065\n|switch|p1a: Miraidon|Miraidon, L50|43\/100 tox\n|switch|p1b: Iron Hands|Iron Hands, L50|100\/100\n|-fieldstart|move: Electric Terrain|[from] ability: Hadron Engine|[of] p1a: Miraidon\n|-activate|p1b: Iron Hands|ability: Quark Drive\n|-start|p1b: Iron Hands|quarkdriveatk\n|turn|10\n|\n|t:|1721699083\n|move|p2a: Sinistcha|Rage Powder|p2a: Sinistcha\n|-singleturn|p2a: Sinistcha|move: Rage Powder\n|move|p1b: Iron Hands|Drain Punch|p2a: Sinistcha\n|-immune|p2a: Sinistcha\n|move|p2b: Terapagos|Tera Starstorm|p1a: Miraidon|[spread] p1a,p1b\n|-damage|p1a: Miraidon|0 fnt\n|-damage|p1b: Iron Hands|70\/100\n|faint|p1a: Miraidon\n|\n|upkeep\n|turn|11\n|\n|t:|1721699097\n|move|p2a: Sinistcha|Rage Powder|p2a: Sinistcha\n|-singleturn|p2a: Sinistcha|move: Rage Powder\n|move|p1b: Iron Hands|Heavy Slam|p2a: Sinistcha\n|-damage|p2a: Sinistcha|46\/100\n|-damage|p1b: Iron Hands|53\/100|[from] item: Rocky Helmet|[of] p2a: Sinistcha\n|move|p2b: Terapagos|Tera Starstorm|p1b: Iron Hands\n|-damage|p1b: Iron Hands|10\/100\n|\n|upkeep\n|turn|12\n|\n|t:|1721699109\n|-terastallize|p1b: Iron Hands|Grass\n|move|p1b: Iron Hands|Drain Punch|p2b: Terapagos\n|-supereffective|p2b: Terapagos\n|-damage|p2b: Terapagos|0 fnt\n|-heal|p1b: Iron Hands|25\/100|[from] drain|[of] p2b: Terapagos\n|faint|p2b: Terapagos\n|move|p2a: Sinistcha|Strength Sap|p1b: Iron Hands\n|-unboost|p1b: Iron Hands|atk|1\n|-heal|p2a: Sinistcha|100\/100\n|\n|upkeep\n|turn|13\n|j| sprocke123\n|\n|t:|1721699124\n|move|p1b: Iron Hands|Heavy Slam|p2a: Sinistcha\n|-damage|p2a: Sinistcha|59\/100\n|-damage|p1b: Iron Hands|8\/100|[from] item: Rocky Helmet|[of] p2a: Sinistcha\n|move|p2a: Sinistcha|Matcha Gotcha|p1b: Iron Hands\n|-resisted|p1b: Iron Hands\n|-damage|p1b: Iron Hands|0 fnt\n|-heal|p2a: Sinistcha|64\/100|[from] drain|[of] p1b: Iron Hands\n|faint|p1b: Iron Hands\n|-end|p1b: Iron Hands|Quark Drive|[silent]\n|\n|win|auraen\n|raw|LONGhq's rating: 1754 &rarr; <strong>1740<\/strong><br \/>(-14 for losing)\n|raw|auraen's rating: 1853 &rarr; <strong>1867<\/strong><br \/>(+14 for winning)\n|l|\u203dLONGhq\n|player|p1|\n|l| sprocke123\n","uploadtime":1721699352,"views":40,"formatid":"gen9vgc2024regg","rating":1740,"private":0,"password":null}