{"id":"gen9vgc2024regg-2166049869","format":"[Gen 9] VGC 2024 Reg G","players":["BrodaxVGC","Billy_HMD"],"log":"|j|\u2606BrodaxVGC\n|j|\u2606Billy_HMD\n|t:|1721751433\n|gametype|doubles\n|player|p1|BrodaxVGC|102|1726\n|player|p2|Billy_HMD|dawn|1787\n|teamsize|p1|6\n|teamsize|p2|6\n|gen|9\n|tier|[Gen 9] VGC 2024 Reg G\n|rated|\n|rule|Species Clause: Limit one of each Pok\u00e9mon\n|rule|Item Clause: Limit one of each item\n|clearpoke\n|poke|p1|Miraidon, L50|\n|poke|p1|Whimsicott, L50, M|\n|poke|p1|Chi-Yu, L50|\n|poke|p1|Ogerpon-Wellspring, L50, F|\n|poke|p1|Iron Hands, L50|\n|poke|p1|Farigiraf, L50, F|\n|poke|p2|Zamazenta-*, L50|\n|poke|p2|Volcarona, L50, M|\n|poke|p2|Grimmsnarl, L50, M|\n|poke|p2|Landorus-Therian, L50, M|\n|poke|p2|Rillaboom, L50, F|\n|poke|p2|Raging Bolt, L50|\n|teampreview|4\n|inactive|Battle timer is ON: inactive players will automatically lose when time's up. (requested by Billy_HMD)\n|\n|t:|1721751462\n|start\n|switch|p1a: Whimsicott|Whimsicott, L50, M|100\/100\n|switch|p1b: Chi-Yu|Chi-Yu, L50|100\/100\n|switch|p2a: Rillaboom|Rillaboom, L50, F|100\/100\n|switch|p2b: Landorus|Landorus-Therian, L50, M|100\/100\n|-ability|p2b: Landorus|Intimidate|boost\n|-unboost|p1a: Whimsicott|atk|1\n|-unboost|p1b: Chi-Yu|atk|1\n|-ability|p1b: Chi-Yu|Beads of Ruin\n|-fieldstart|move: Grassy Terrain|[from] ability: Grassy Surge|[of] p2a: Rillaboom\n|turn|1\n|\n|t:|1721751483\n|switch|p2a: Raging Bolt|Raging Bolt, L50|100\/100\n|move|p1b: Chi-Yu|Protect|p1b: Chi-Yu\n|-singleturn|p1b: Chi-Yu|Protect\n|move|p1a: Whimsicott|Tailwind|p1a: Whimsicott\n|-sidestart|p1: BrodaxVGC|move: Tailwind\n|move|p2b: Landorus|Stomping Tantrum|p1b: Chi-Yu\n|-activate|p1b: Chi-Yu|move: Protect\n|\n|upkeep\n|turn|2\n|inactive|Billy_HMD has 30 seconds left.\n|\n|t:|1721751514\n|move|p1a: Whimsicott|Moonblast|p2b: Landorus\n|-damage|p2b: Landorus|40\/100\n|move|p1b: Chi-Yu|Heat Wave|p2b: Landorus|[spread] p2a,p2b\n|-resisted|p2a: Raging Bolt\n|-damage|p2a: Raging Bolt|83\/100\n|-damage|p2b: Landorus|0 fnt\n|faint|p2b: Landorus\n|-damage|p1b: Chi-Yu|91\/100|[from] item: Life Orb\n|move|p2a: Raging Bolt|Electroweb|p1b: Chi-Yu|[spread] p1a,p1b\n|-resisted|p1a: Whimsicott\n|-damage|p1a: Whimsicott|76\/100\n|-damage|p1b: Chi-Yu|68\/100\n|-unboost|p1a: Whimsicott|spe|1\n|-unboost|p1b: Chi-Yu|spe|1\n|\n|-heal|p1a: Whimsicott|82\/100|[from] Grassy Terrain\n|-heal|p1b: Chi-Yu|75\/100|[from] Grassy Terrain\n|-heal|p2a: Raging Bolt|89\/100|[from] Grassy Terrain\n|upkeep\n|\n|t:|1721751531\n|switch|p2b: Zamazenta|Zamazenta-Crowned, L50|100\/100\n|-ability|p2b: Zamazenta|Dauntless Shield|boost\n|-boost|p2b: Zamazenta|def|1\n|turn|3\n|inactive|BrodaxVGC has 30 seconds left.\n|inactive|Billy_HMD has 30 seconds left.\n|inactive|BrodaxVGC has 20 seconds left.\n|inactive|Billy_HMD has 20 seconds left.\n|inactive|BrodaxVGC has 15 seconds left.\n|inactive|Billy_HMD has 15 seconds left.\n|\n|t:|1721751573\n|switch|p1b: Ogerpon|Ogerpon-Wellspring, L50, F|100\/100\n|-terastallize|p2b: Zamazenta|Dragon\n|move|p1a: Whimsicott|Moonblast|p2a: Raging Bolt\n|-supereffective|p2a: Raging Bolt\n|-damage|p2a: Raging Bolt|45\/100\n|move|p2b: Zamazenta|Heavy Slam|p1a: Whimsicott\n|-supereffective|p1a: Whimsicott\n|-damage|p1a: Whimsicott|0 fnt\n|faint|p1a: Whimsicott\n|move|p2a: Raging Bolt|Thunderbolt|p1b: Ogerpon\n|-damage|p1b: Ogerpon|55\/100\n|\n|-heal|p1b: Ogerpon|61\/100|[from] Grassy Terrain\n|-heal|p2a: Raging Bolt|51\/100|[from] Grassy Terrain\n|upkeep\n|\n|t:|1721751588\n|switch|p1a: Miraidon|Miraidon, L50|100\/100\n|-fieldstart|move: Electric Terrain|[from] ability: Hadron Engine|[of] p1a: Miraidon\n|turn|4\n|inactive|BrodaxVGC has 30 seconds left.\n|inactive|Billy_HMD has 30 seconds left.\n|inactive|BrodaxVGC has 20 seconds left.\n|inactive|BrodaxVGC has 15 seconds left.\n|inactive|BrodaxVGC has 10 seconds left.\n|inactive|BrodaxVGC has 5 seconds left.\n|\n|t:|1721751641\n|move|p1a: Miraidon|Draco Meteor|p2b: Zamazenta\n|-supereffective|p2b: Zamazenta\n|-damage|p2b: Zamazenta|0 fnt\n|-unboost|p1a: Miraidon|spa|2\n|faint|p2b: Zamazenta\n|move|p1b: Ogerpon|Ivy Cudgel|p2a: Raging Bolt|[anim] Ivy Cudgel Water\n|-resisted|p2a: Raging Bolt\n|-damage|p2a: Raging Bolt|23\/100\n|move|p2a: Raging Bolt|Draco Meteor|p1a: Miraidon\n|-supereffective|p1a: Miraidon\n|-damage|p1a: Miraidon|0 fnt\n|-unboost|p2a: Raging Bolt|spa|2\n|faint|p1a: Miraidon\n|\n|-sideend|p1: BrodaxVGC|move: Tailwind\n|upkeep\n|\n|t:|1721751653\n|switch|p1a: Chi-Yu|Chi-Yu, L50|75\/100\n|switch|p2b: Rillaboom|Rillaboom, L50, F|100\/100\n|-ability|p1a: Chi-Yu|Beads of Ruin\n|-fieldstart|move: Grassy Terrain|[from] ability: Grassy Surge|[of] p2b: Rillaboom\n|turn|5\n|\n|t:|1721751669\n|move|p1b: Ogerpon|Spiky Shield|p1b: Ogerpon\n|-singleturn|p1b: Ogerpon|move: Protect\n|move|p1a: Chi-Yu|Protect|p1a: Chi-Yu\n|-singleturn|p1a: Chi-Yu|Protect\n|move|p2b: Rillaboom|Fake Out|p1a: Chi-Yu\n|-activate|p1a: Chi-Yu|move: Protect\n|move|p2a: Raging Bolt|Draco Meteor|p1a: Chi-Yu\n|-activate|p1a: Chi-Yu|move: Protect\n|\n|-heal|p1b: Ogerpon|67\/100|[from] Grassy Terrain\n|-heal|p1a: Chi-Yu|81\/100|[from] Grassy Terrain\n|-heal|p2a: Raging Bolt|30\/100|[from] Grassy Terrain\n|upkeep\n|turn|6\n|j| BacK-2-ReaLiTy\n|inactive|BrodaxVGC has 30 seconds left.\n|\n|t:|1721751696\n|move|p2b: Rillaboom|Grassy Glide|p1a: Chi-Yu\n|-resisted|p1a: Chi-Yu\n|-damage|p1a: Chi-Yu|47\/100\n|move|p2a: Raging Bolt|Thunderclap|p1a: Chi-Yu\n|-damage|p1a: Chi-Yu|26\/100\n|move|p1b: Ogerpon|Ivy Cudgel|p2a: Raging Bolt|[anim] Ivy Cudgel Water\n|-resisted|p2a: Raging Bolt\n|-damage|p2a: Raging Bolt|2\/100\n|move|p1a: Chi-Yu|Heat Wave|p2b: Rillaboom|[spread] p2a,p2b\n|-resisted|p2a: Raging Bolt\n|-supereffective|p2b: Rillaboom\n|-damage|p2a: Raging Bolt|0 fnt\n|-damage|p2b: Rillaboom|0 fnt\n|faint|p2a: Raging Bolt\n|-end|p2a: Raging Bolt|Protosynthesis|[silent]\n|faint|p2b: Rillaboom\n|-damage|p1a: Chi-Yu|17\/100|[from] item: Life Orb\n|\n|win|BrodaxVGC\n|raw|BrodaxVGC's rating: 1726 &rarr; <strong>1749<\/strong><br \/>(+23 for winning)\n|raw|Billy_HMD's rating: 1787 &rarr; <strong>1764<\/strong><br \/>(-23 for losing)\n|l|\u2606Billy_HMD\n|player|p2|\n|l|\u2606BrodaxVGC\n|player|p1|\n","uploadtime":1721751837,"views":77,"formatid":"gen9vgc2024regg","rating":1749,"private":0,"password":null}