{"id":"gen9vgc2024regg-2166056224","format":"[Gen 9] VGC 2024 Reg G","players":["greenlightdmp","Billy_HMD"],"log":"|j|\u2606greenlightdmp\n|j|\u2606Billy_HMD\n|t:|1721752143\n|gametype|doubles\n|player|p1|greenlightdmp|170|1732\n|player|p2|Billy_HMD|dawn|1746\n|teamsize|p1|6\n|teamsize|p2|6\n|gen|9\n|tier|[Gen 9] VGC 2024 Reg G\n|rated|\n|rule|Species Clause: Limit one of each Pok\u00e9mon\n|rule|Item Clause: Limit one of each item\n|clearpoke\n|poke|p1|Calyrex-Ice, L50|\n|poke|p1|Smeargle, L50, F|\n|poke|p1|Ursaluna-Bloodmoon, L50, M|\n|poke|p1|Indeedee-F, L50, F|\n|poke|p1|Amoonguss, L50, M|\n|poke|p1|Raging Bolt, L50|\n|poke|p2|Zamazenta-*, L50|\n|poke|p2|Volcarona, L50, F|\n|poke|p2|Grimmsnarl, L50, M|\n|poke|p2|Landorus-Therian, L50, M|\n|poke|p2|Rillaboom, L50, F|\n|poke|p2|Raging Bolt, L50|\n|teampreview|4\n|inactive|Battle timer is ON: inactive players will automatically lose when time's up. (requested by Billy_HMD)\n|\n|t:|1721752171\n|start\n|switch|p1a: Calyrex|Calyrex-Ice, L50|100\/100\n|switch|p1b: Smeargle|Smeargle, L50, F, shiny|100\/100\n|switch|p2a: Rillaboom|Rillaboom, L50, F|100\/100\n|switch|p2b: Volcarona|Volcarona, L50, F|100\/100\n|-ability|p1a: Calyrex|As One\n|-ability|p1a: Calyrex|Unnerve\n|-fieldstart|move: Grassy Terrain|[from] ability: Grassy Surge|[of] p2a: Rillaboom\n|turn|1\n|inactive|greenlightdmp has 30 seconds left.\n|\n|t:|1721752197\n|-terastallize|p1a: Calyrex|Water\n|move|p1b: Smeargle|Fake Out|p2b: Volcarona\n|-damage|p2b: Volcarona|95\/100\n|cant|p2b: Volcarona|flinch\n|move|p2a: Rillaboom|Taunt|p1a: Calyrex\n|-start|p1a: Calyrex|move: Taunt\n|cant|p1a: Calyrex|move: Taunt|Trick Room\n|\n|-heal|p2b: Volcarona|100\/100|[from] Grassy Terrain\n|upkeep\n|turn|2\n|inactive|greenlightdmp has 30 seconds left.\n|inactive|Billy_HMD has 30 seconds left.\n|\n|t:|1721752237\n|switch|p1a: Amoonguss|Amoonguss, L50, M|100\/100\n|move|p2b: Volcarona|Quiver Dance|p2b: Volcarona\n|-boost|p2b: Volcarona|spa|1\n|-boost|p2b: Volcarona|spd|1\n|-boost|p2b: Volcarona|spe|1\n|move|p2a: Rillaboom|Wood Hammer|p1a: Amoonguss\n|-resisted|p1a: Amoonguss\n|-damage|p1a: Amoonguss|82\/100\n|-damage|p2a: Rillaboom|94\/100|[from] Recoil\n|move|p1b: Smeargle|Spore|p2b: Volcarona\n|-status|p2b: Volcarona|slp|[from] move: Spore\n|\n|-heal|p2a: Rillaboom|99\/100|[from] Grassy Terrain\n|-heal|p1a: Amoonguss|88\/100|[from] Grassy Terrain\n|upkeep\n|turn|3\n|inactive|greenlightdmp has 30 seconds left.\n|inactive|Billy_HMD has 30 seconds left.\n|\n|t:|1721752272\n|cant|p2b: Volcarona|slp\n|move|p2a: Rillaboom|Wood Hammer|p1b: Smeargle\n|-enditem|p1b: Smeargle|Focus Sash\n|-damage|p1b: Smeargle|1\/100\n|-damage|p2a: Rillaboom|72\/100|[from] Recoil\n|move|p1b: Smeargle|Decorate|p1a: Amoonguss\n|-boost|p1a: Amoonguss|atk|2\n|-boost|p1a: Amoonguss|spa|2\n|move|p1a: Amoonguss|Clear Smog|p2b: Volcarona\n|-damage|p2b: Volcarona|83\/100 slp\n|-clearboost|p2b: Volcarona\n|\n|-heal|p2b: Volcarona|89\/100 slp|[from] Grassy Terrain\n|-heal|p2b: Volcarona|95\/100 slp|[from] item: Leftovers\n|-heal|p2a: Rillaboom|79\/100|[from] Grassy Terrain\n|-heal|p1b: Smeargle|7\/100|[from] Grassy Terrain\n|-heal|p1a: Amoonguss|94\/100|[from] Grassy Terrain\n|upkeep\n|turn|4\n|inactive|greenlightdmp has 30 seconds left.\n|inactive|Billy_HMD has 30 seconds left.\n|inactive|Billy_HMD has 20 seconds left.\n|\n|t:|1721752318\n|-curestatus|p2b: Volcarona|slp|[msg]\n|move|p2b: Volcarona|Quiver Dance|p2b: Volcarona\n|-boost|p2b: Volcarona|spa|1\n|-boost|p2b: Volcarona|spd|1\n|-boost|p2b: Volcarona|spe|1\n|move|p2a: Rillaboom|Taunt|p1b: Smeargle\n|-start|p1b: Smeargle|move: Taunt\n|cant|p1b: Smeargle|move: Taunt|Decorate\n|move|p1a: Amoonguss|Pollen Puff|p2a: Rillaboom\n|-supereffective|p2a: Rillaboom\n|-damage|p2a: Rillaboom|0 fnt\n|faint|p2a: Rillaboom\n|\n|-heal|p2b: Volcarona|100\/100|[from] Grassy Terrain\n|-heal|p1b: Smeargle|13\/100|[from] Grassy Terrain\n|-heal|p1a: Amoonguss|99\/100|[from] Grassy Terrain\n|upkeep\n|j| gato churros\n|inactive|Billy_HMD has 30 seconds left.\n|\n|t:|1721752347\n|switch|p2a: Raging Bolt|Raging Bolt, L50|100\/100\n|turn|5\n|inactive|greenlightdmp has 30 seconds left.\n|\n|t:|1721752381\n|switch|p1b: Ursaluna|Ursaluna-Bloodmoon, L50, M|100\/100\n|-terastallize|p2a: Raging Bolt|Electric\n|move|p2b: Volcarona|Heat Wave|p1a: Amoonguss|[spread] p1a,p1b\n|-supereffective|p1a: Amoonguss\n|-damage|p1a: Amoonguss|0 fnt\n|-damage|p1b: Ursaluna|34\/100\n|faint|p1a: Amoonguss\n|move|p2a: Raging Bolt|Thunderbolt|p1b: Ursaluna\n|-immune|p1b: Ursaluna\n|\n|-heal|p1b: Ursaluna|40\/100|[from] Grassy Terrain\n|-fieldend|move: Grassy Terrain\n|upkeep\n|\n|t:|1721752391\n|switch|p1a: Calyrex|Calyrex-Ice, L50, tera:Water|100\/100\n|-ability|p1a: Calyrex|As One\n|-ability|p1a: Calyrex|Unnerve\n|turn|6\n|\n|t:|1721752408\n|move|p1a: Calyrex|Protect|p1a: Calyrex\n|-singleturn|p1a: Calyrex|Protect\n|move|p2b: Volcarona|Heat Wave|p1a: Calyrex|[spread] p1b\n|-activate|p1a: Calyrex|move: Protect\n|-crit|p1b: Ursaluna\n|-damage|p1b: Ursaluna|0 fnt\n|faint|p1b: Ursaluna\n|move|p2a: Raging Bolt|Thunderbolt|p1a: Calyrex\n|-activate|p1a: Calyrex|move: Protect\n|\n|upkeep\n|\n|t:|1721752420\n|switch|p1b: Smeargle|Smeargle, L50, F, shiny|13\/100\n|turn|7\n|\n|t:|1721752434\n|move|p1b: Smeargle|Fake Out|p2a: Raging Bolt\n|-damage|p2a: Raging Bolt|96\/100\n|move|p2b: Volcarona|Bug Buzz|p1b: Smeargle\n|-damage|p1b: Smeargle|0 fnt\n|faint|p1b: Smeargle\n|cant|p2a: Raging Bolt|flinch\n|move|p1a: Calyrex|Trick Room|p1a: Calyrex\n|-fieldstart|move: Trick Room|[of] p1a: Calyrex\n|\n|upkeep\n|turn|8\n|\n|t:|1721752446\n|move|p2a: Raging Bolt|Thunderclap|p1a: Calyrex\n|-supereffective|p1a: Calyrex\n|-damage|p1a: Calyrex|23\/100\n|move|p1a: Calyrex|Glacial Lance|p2b: Volcarona|[spread] p2a,p2b\n|-resisted|p2b: Volcarona\n|-damage|p2a: Raging Bolt|48\/100\n|-damage|p2b: Volcarona|72\/100\n|move|p2b: Volcarona|Bug Buzz|p1a: Calyrex\n|-damage|p1a: Calyrex|0 fnt\n|faint|p1a: Calyrex\n|\n|win|Billy_HMD\n|raw|greenlightdmp's rating: 1732 &rarr; <strong>1713<\/strong><br \/>(-19 for losing)\n|raw|Billy_HMD's rating: 1746 &rarr; <strong>1765<\/strong><br \/>(+19 for winning)\n|l|\u2606Billy_HMD\n|player|p2|\n|l|\u2606greenlightdmp\n|player|p1|\n|l| gato churros\n","uploadtime":1721752671,"views":17,"formatid":"gen9vgc2024regg","rating":1713,"private":0,"password":null}