{"id":"gen9vgc2024regg-2166549706","format":"[Gen 9] VGC 2024 Reg G","players":["jinier179","Krisuerte"],"log":"|j|\u2606jinier179\n|j|\u2606Krisuerte\n|t:|1721823995\n|gametype|doubles\n|player|p1|jinier179|cynthia|1669\n|player|p2|Krisuerte|170|1729\n|teamsize|p1|6\n|teamsize|p2|6\n|gen|9\n|tier|[Gen 9] VGC 2024 Reg G\n|rated|\n|rule|Species Clause: Limit one of each Pok\u00e9mon\n|rule|Item Clause: Limit one of each item\n|clearpoke\n|poke|p1|Terapagos, L50, M|\n|poke|p1|Flutter Mane, L50|\n|poke|p1|Amoonguss, L50, M|\n|poke|p1|Urshifu-*, L50, M|\n|poke|p1|Tornadus, L50, M|\n|poke|p1|Chi-Yu, L50|\n|poke|p2|Groudon, L50|\n|poke|p2|Gouging Fire, L50|\n|poke|p2|Raging Bolt, L50|\n|poke|p2|Flutter Mane, L50|\n|poke|p2|Walking Wake, L50|\n|poke|p2|Urshifu-*, L50, F|\n|teampreview|4\n|\n|t:|1721824018\n|start\n|switch|p1a: Tornadus|Tornadus, L50, M|100\/100\n|switch|p1b: Urshifu|Urshifu, L50, M|100\/100\n|switch|p2a: Urshifu|Urshifu, L50, F|100\/100\n|switch|p2b: Gouging Fire|Gouging Fire, L50|100\/100\n|turn|1\n|\n|t:|1721824048\n|-terastallize|p2a: Urshifu|Ghost\n|move|p1a: Tornadus|Bleakwind Storm|p2b: Gouging Fire|[spread] p2a,p2b\n|-damage|p2a: Urshifu|54\/100\n|-damage|p2b: Gouging Fire|75\/100\n|move|p1b: Urshifu|Close Combat|p2a: Urshifu\n|-immune|p2a: Urshifu\n|move|p2b: Gouging Fire|Breaking Swipe|p1b: Urshifu|[spread] p1a,p1b\n|-damage|p1a: Tornadus|80\/100\n|-damage|p1b: Urshifu|84\/100\n|-unboost|p1b: Urshifu|atk|1\n|move|p2a: Urshifu|Close Combat|p1b: Urshifu\n|-supereffective|p1b: Urshifu\n|-damage|p1b: Urshifu|0 fnt\n|-unboost|p2a: Urshifu|def|1\n|-unboost|p2a: Urshifu|spd|1\n|faint|p1b: Urshifu\n|\n|upkeep\n|\n|t:|1721824056\n|switch|p1b: Terapagos|Terapagos, L50, M|100\/100\n|-activate|p1b: Terapagos|ability: Tera Shift\n|detailschange|p1b: Terapagos|Terapagos-Terastal, L50, M\n|-heal|p1b: Terapagos|100\/100|[silent]\n|turn|2\n|\n|t:|1721824087\n|switch|p2a: Raging Bolt|Raging Bolt, L50|100\/100\n|-terastallize|p1b: Terapagos|Stellar\n|detailschange|p1b: Terapagos|Terapagos-Stellar, L50, M, tera:Stellar\n|-heal|p1b: Terapagos|100\/100|[silent]\n|move|p2b: Gouging Fire|Burning Bulwark|p2b: Gouging Fire\n|-singleturn|p2b: Gouging Fire|move: Protect\n|move|p1a: Tornadus|Tailwind|p1a: Tornadus\n|-sidestart|p1: jinier179|move: Tailwind\n|move|p1b: Terapagos|Tera Starstorm|p2b: Gouging Fire|[spread] p2a\n|-activate|p2b: Gouging Fire|move: Protect\n|-crit|p2a: Raging Bolt\n|-damage|p2a: Raging Bolt|25\/100\n|\n|-heal|p2a: Raging Bolt|31\/100|[from] item: Leftovers\n|upkeep\n|turn|3\n|\n|t:|1721824111\n|-end|p2a: Raging Bolt|Protosynthesis|[silent]\n|switch|p2a: Groudon|Groudon, L50|100\/100\n|-weather|SunnyDay|[from] ability: Drought|[of] p2a: Groudon\n|-activate|p2b: Gouging Fire|ability: Protosynthesis\n|-start|p2b: Gouging Fire|protosynthesisspe\n|move|p1a: Tornadus|Taunt|p2b: Gouging Fire\n|-start|p2b: Gouging Fire|move: Taunt\n|move|p1b: Terapagos|Tera Starstorm|p2a: Groudon|[spread] p2a,p2b\n|-damage|p2a: Groudon|65\/100\n|-damage|p2b: Gouging Fire|26\/100\n|move|p2b: Gouging Fire|Flare Blitz|p1a: Tornadus\n|-damage|p1a: Tornadus|2\/100\n|-damage|p2b: Gouging Fire|5\/100|[from] Recoil\n|\n|-weather|SunnyDay|[upkeep]\n|upkeep\n|turn|4\n|j| surprasm\n|\n|t:|1721824153\n|move|p1a: Tornadus|Bleakwind Storm|p2a: Groudon|[spread] p2a,p2b\n|-damage|p2a: Groudon|46\/100\n|-damage|p2b: Gouging Fire|0 fnt\n|faint|p2b: Gouging Fire\n|-end|p2b: Gouging Fire|Protosynthesis|[silent]\n|move|p1b: Terapagos|Tera Starstorm|p2a: Groudon\n|-damage|p2a: Groudon|0 fnt\n|faint|p2a: Groudon\n|\n|-weather|SunnyDay|[upkeep]\n|upkeep\n|\n|t:|1721824164\n|switch|p2b: Raging Bolt|Raging Bolt, L50|31\/100\n|switch|p2a: Urshifu|Urshifu, L50, F, tera:Ghost|54\/100\n|-activate|p2b: Raging Bolt|ability: Protosynthesis\n|-start|p2b: Raging Bolt|protosynthesisspa\n|turn|5\n|inactive|Battle timer is ON: inactive players will automatically lose when time's up. (requested by jinier179)\n|l|\u2606Krisuerte\n|inactive|Krisuerte disconnected and has a minute to reconnect!\n|player|p2|\n|inactive|Krisuerte has 30 seconds to reconnect!\n|inactive|Krisuerte has 20 seconds to reconnect!\n|inactive|Krisuerte has 15 seconds to reconnect!\n|inactive|Krisuerte has 10 seconds to reconnect!\n|inactive|Krisuerte has 5 seconds to reconnect!\n|-message|Krisuerte lost due to inactivity.\n|\n|win|jinier179\n|raw|jinier179's rating: 1669 &rarr; <strong>1692<\/strong><br \/>(+23 for winning)\n|raw|Krisuerte's rating: 1729 &rarr; <strong>1706<\/strong><br \/>(-23 for losing)\n|l|\u2606jinier179\n|player|p1|\n","uploadtime":1721824540,"views":8,"formatid":"gen9vgc2024regg","rating":1692,"private":0,"password":null}