{"id":"gen9vgc2024regg-2166502291","format":"[Gen 9] VGC 2024 Reg G","players":["Djjwjwwjj","regigidragon"],"log":"|j|\u2606Djjwjwwjj\n|j|\u2606regigidragon\n|t:|1721815732\n|gametype|doubles\n|player|p1|Djjwjwwjj|266|1694\n|player|p2|regigidragon|2|1701\n|teamsize|p1|6\n|teamsize|p2|6\n|gen|9\n|tier|[Gen 9] VGC 2024 Reg G\n|rated|\n|rule|Species Clause: Limit one of each Pok\u00e9mon\n|rule|Item Clause: Limit one of each item\n|clearpoke\n|poke|p1|Calyrex-Shadow, L50|\n|poke|p1|Incineroar, L50, F|\n|poke|p1|Rillaboom, L50, F|\n|poke|p1|Maushold-Four, L50|\n|poke|p1|Goodra-Hisui, L50, M|\n|poke|p1|Pelipper, L50, M|\n|poke|p2|Kyogre, L50|\n|poke|p2|Clefairy, L50, F|\n|poke|p2|Urshifu-*, L50, F|\n|poke|p2|Archaludon, L50, M|\n|poke|p2|Farigiraf, L50, M|\n|poke|p2|Tornadus, L50, M|\n|teampreview|4\n|inactive|Battle timer is ON: inactive players will automatically lose when time's up. (requested by Djjwjwwjj)\n|\n|t:|1721815761\n|start\n|switch|p1a: Calyrex|Calyrex-Shadow, L50|100\/100\n|switch|p1b: Pelipper|Pelipper, L50, M|100\/100\n|switch|p2a: Kyogre|Kyogre, L50, shiny|100\/100\n|switch|p2b: Farigiraf|Farigiraf, L50, M|100\/100\n|-ability|p1a: Calyrex|As One\n|-ability|p1a: Calyrex|Unnerve\n|-weather|RainDance|[from] ability: Drizzle|[of] p2a: Kyogre\n|turn|1\n|inactive|Djjwjwwjj has 30 seconds left.\n|\n|t:|1721815795\n|-terastallize|p2a: Kyogre|Water\n|move|p1a: Calyrex|Protect|p1a: Calyrex\n|-singleturn|p1a: Calyrex|Protect\n|move|p2a: Kyogre|Hydro Pump|p1a: Calyrex\n|-activate|p1a: Calyrex|move: Protect\n|move|p1b: Pelipper|Tailwind|p1b: Pelipper\n|-sidestart|p1: Djjwjwwjj|move: Tailwind\n|move|p2b: Farigiraf|Foul Play|p1a: Calyrex\n|-activate|p1a: Calyrex|move: Protect\n|\n|-weather|RainDance|[upkeep]\n|upkeep\n|turn|2\n|\n|t:|1721815819\n|switch|p2a: Archaludon|Archaludon, L50, M|100\/100\n|move|p1a: Calyrex|Astral Barrage|p2a: Archaludon|[spread] p2a\n|-immune|p2b: Farigiraf\n|-damage|p2a: Archaludon|57\/100\n|move|p1b: Pelipper|Hurricane|p2a: Archaludon\n|-resisted|p2a: Archaludon\n|-damage|p2a: Archaludon|38\/100\n|-start|p2a: Archaludon|confusion\n|move|p2b: Farigiraf|Trick Room|p2b: Farigiraf\n|-fieldstart|move: Trick Room|[of] p2b: Farigiraf\n|\n|-weather|RainDance|[upkeep]\n|upkeep\n|turn|3\n|inactive|Djjwjwwjj has 30 seconds left.\n|\n|t:|1721815854\n|switch|p1b: Goodra|Goodra-Hisui, L50, M|100\/100\n|-terastallize|p1a: Calyrex|Fairy\n|move|p2b: Farigiraf|Foul Play|p1a: Calyrex\n|-resisted|p1a: Calyrex\n|-damage|p1a: Calyrex|93\/100\n|-activate|p2a: Archaludon|confusion\n|move|p2a: Archaludon|Electro Shot||[still]\n|-prepare|p2a: Archaludon|Electro Shot\n|-boost|p2a: Archaludon|spa|1\n|-anim|p2a: Archaludon|Electro Shot|p1b: Goodra\n|-resisted|p1b: Goodra\n|-damage|p1b: Goodra|76\/100\n|move|p1a: Calyrex|Astral Barrage|p2a: Archaludon|[spread] p2a\n|-immune|p2b: Farigiraf\n|-damage|p2a: Archaludon|0 fnt\n|faint|p2a: Archaludon\n|-ability|p1a: Calyrex|Grim Neigh|boost\n|-boost|p1a: Calyrex|spa|1\n|\n|-weather|RainDance|[upkeep]\n|-heal|p1b: Goodra|82\/100|[from] item: Leftovers\n|upkeep\n|\n|t:|1721815869\n|switch|p2a: Urshifu|Urshifu, L50, F|100\/100\n|turn|4\n|\n|t:|1721815889\n|move|p2b: Farigiraf|Foul Play|p1b: Goodra\n|-damage|p1b: Goodra|66\/100\n|move|p1b: Goodra|Acid Armor|p1b: Goodra\n|-boost|p1b: Goodra|def|2\n|move|p2a: Urshifu|Iron Head|p1a: Calyrex\n|-supereffective|p1a: Calyrex\n|-damage|p1a: Calyrex|21\/100\n|move|p1a: Calyrex|Calm Mind|p1a: Calyrex\n|-boost|p1a: Calyrex|spa|1\n|-boost|p1a: Calyrex|spd|1\n|\n|-weather|RainDance|[upkeep]\n|-heal|p1b: Goodra|72\/100|[from] item: Leftovers\n|-sideend|p1: Djjwjwwjj|move: Tailwind\n|upkeep\n|turn|5\n|j| ahfoong0411\n|inactive|Djjwjwwjj has 30 seconds left.\n|inactive|Djjwjwwjj has 20 seconds left.\n|inactive|Djjwjwwjj has 15 seconds left.\n|\n|t:|1721815931\n|switch|p1a: Maushold|Maushold-Four, L50|100\/100\n|move|p2b: Farigiraf|Ally Switch|p2b: Farigiraf\n|swap|p2b: Farigiraf|0|[from] move: Ally Switch\n|move|p1b: Goodra|Body Press|p2a: Farigiraf\n|-damage|p2a: Farigiraf|61\/100\n|move|p2b: Urshifu|Iron Head|p1a: Maushold\n|-crit|p1a: Maushold\n|-damage|p1a: Maushold|29\/100\n|-damage|p2b: Urshifu|84\/100|[from] item: Rocky Helmet|[of] p1a: Maushold\n|\n|-weather|none\n|-heal|p1b: Goodra|78\/100|[from] item: Leftovers\n|upkeep\n|turn|6\n|\n|t:|1721815952\n|switch|p2b: Kyogre|Kyogre, L50, shiny, tera:Water|100\/100\n|-weather|RainDance|[from] ability: Drizzle|[of] p2b: Kyogre\n|move|p1b: Goodra|Body Press|p2b: Kyogre\n|-damage|p2b: Kyogre|41\/100\n|move|p2a: Farigiraf|Foul Play|p1a: Maushold\n|-damage|p1a: Maushold|10\/100\n|-damage|p2a: Farigiraf|45\/100|[from] item: Rocky Helmet|[of] p1a: Maushold\n|move|p1a: Maushold|Taunt|p2a: Farigiraf\n|-start|p2a: Farigiraf|move: Taunt\n|\n|-weather|RainDance|[upkeep]\n|-heal|p1b: Goodra|83\/100|[from] item: Leftovers\n|-fieldend|move: Trick Room\n|upkeep\n|turn|7\n|\n|t:|1721815976\n|switch|p2a: Urshifu|Urshifu, L50, F|84\/100\n|move|p1a: Maushold|Protect|p1a: Maushold\n|-singleturn|p1a: Maushold|Protect\n|move|p2b: Kyogre|Origin Pulse|p1a: Maushold|[spread] p1b\n|-activate|p1a: Maushold|move: Protect\n|-resisted|p1b: Goodra\n|-damage|p1b: Goodra|60\/100\n|move|p1b: Goodra|Body Press|p2b: Kyogre\n|-damage|p2b: Kyogre|0 fnt\n|faint|p2b: Kyogre\n|\n|-weather|RainDance|[upkeep]\n|-heal|p1b: Goodra|66\/100|[from] item: Leftovers\n|upkeep\n|\n|t:|1721815980\n|switch|p2b: Farigiraf|Farigiraf, L50, M|45\/100\n|turn|8\n|-message|regigidragon forfeited.\n|\n|win|Djjwjwwjj\n|raw|Djjwjwwjj's rating: 1694 &rarr; <strong>1714<\/strong><br \/>(+20 for winning)\n|raw|regigidragon's rating: 1701 &rarr; <strong>1681<\/strong><br \/>(-20 for losing)\n|l|\u2606regigidragon\n|player|p2|\n|l|\u2606Djjwjwwjj\n|player|p1|\n","uploadtime":1721816167,"views":12,"formatid":"gen9vgc2024regg","rating":1681,"private":0,"password":null}