{"id":"gen9vgc2024regg-2166172494","format":"[Gen 9] VGC 2024 Reg G","players":["JoyBoy311","auraen"],"log":"|j|\u2606JoyBoy311\n|j|\u2606auraen\n|t:|1721765059\n|gametype|doubles\n|player|p1|JoyBoy311|170|1660\n|player|p2|auraen|harlequin|1918\n|teamsize|p1|6\n|teamsize|p2|6\n|gen|9\n|tier|[Gen 9] VGC 2024 Reg G\n|rated|\n|rule|Species Clause: Limit one of each Pok\u00e9mon\n|rule|Item Clause: Limit one of each item\n|clearpoke\n|poke|p1|Calyrex-Shadow, L50|\n|poke|p1|Incineroar, L50, M|\n|poke|p1|Urshifu-*, L50, F|\n|poke|p1|Tornadus, L50, M|\n|poke|p1|Amoonguss, L50, F|\n|poke|p1|Raging Bolt, L50|\n|poke|p2|Terapagos, L50, M|\n|poke|p2|Munkidori, L50, M|\n|poke|p2|Incineroar, L50, F|\n|poke|p2|Sinistcha, L50|\n|poke|p2|Basculegion, L50, M|\n|poke|p2|Flamigo, L50, F|\n|teampreview|4\n|j| DoublesNoobTester\n|\n|t:|1721765122\n|start\n|switch|p1a: Tornadus|Tornadus, L50, M|100\/100\n|switch|p1b: Urshifu|Urshifu-Rapid-Strike, L50, F|100\/100\n|switch|p2a: Terapagos|Terapagos, L50, M|100\/100\n|switch|p2b: Flamigo|Flamigo, L50, F|100\/100\n|-activate|p2a: Terapagos|ability: Tera Shift\n|detailschange|p2a: Terapagos|Terapagos-Terastal, L50, M\n|-heal|p2a: Terapagos|100\/100|[silent]\n|turn|1\n|\n|t:|1721765140\n|-terastallize|p2a: Terapagos|Stellar\n|detailschange|p2a: Terapagos|Terapagos-Stellar, L50, M, tera:Stellar\n|-heal|p2a: Terapagos|100\/100|[silent]\n|move|p1a: Tornadus|Bleakwind Storm|p2b: Flamigo|[spread] p2a\n|-miss|p1a: Tornadus|p2b: Flamigo\n|-damage|p2a: Terapagos|81\/100\n|move|p2b: Flamigo|Tailwind|p2b: Flamigo\n|-sidestart|p2: auraen|move: Tailwind\n|move|p2a: Terapagos|Tera Starstorm|p1a: Tornadus|[spread] p1a,p1b\n|-crit|p1b: Urshifu\n|-damage|p1a: Tornadus|45\/100\n|-enditem|p1b: Urshifu|Focus Sash\n|-damage|p1b: Urshifu|1\/100\n|-enditem|p1a: Tornadus|Sitrus Berry|[eat]\n|-heal|p1a: Tornadus|70\/100|[from] item: Sitrus Berry\n|move|p1b: Urshifu|Close Combat|p2a: Terapagos\n|-supereffective|p2a: Terapagos\n|-damage|p2a: Terapagos|0 fnt\n|-unboost|p1b: Urshifu|def|1\n|-unboost|p1b: Urshifu|spd|1\n|faint|p2a: Terapagos\n|\n|upkeep\n|\n|t:|1721765147\n|switch|p2a: Basculegion|Basculegion, L50, M|100\/100\n|turn|2\n|\n|t:|1721765162\n|move|p1b: Urshifu|Protect|p1b: Urshifu\n|-singleturn|p1b: Urshifu|Protect\n|move|p2b: Flamigo|Feint|p1b: Urshifu\n|-activate|p1b: Urshifu|move: Feint\n|-damage|p1b: Urshifu|0 fnt\n|faint|p1b: Urshifu\n|move|p2a: Basculegion|Last Respects|p1a: Tornadus\n|-damage|p1a: Tornadus|0 fnt\n|faint|p1a: Tornadus\n|\n|upkeep\n|\n|t:|1721765173\n|switch|p1a: Shamone Rider|Calyrex-Shadow, L50|100\/100\n|switch|p1b: Amoonguss|Amoonguss, L50, F|100\/100\n|-ability|p1a: Shamone Rider|As One\n|-ability|p1a: Shamone Rider|Unnerve\n|turn|3\n|\n|t:|1721765214\n|move|p2b: Flamigo|Wide Guard|p2b: Flamigo\n|-singleturn|p2b: Flamigo|Wide Guard\n|move|p1b: Amoonguss|Rage Powder|p1b: Amoonguss\n|-singleturn|p1b: Amoonguss|move: Rage Powder\n|move|p2a: Basculegion|Last Respects|p1b: Amoonguss\n|-damage|p1b: Amoonguss|58\/100\n|move|p1a: Shamone Rider|Astral Barrage|p2b: Flamigo|[spread] \n|-activate|p2a: Basculegion|move: Wide Guard\n|-activate|p2b: Flamigo|move: Wide Guard\n|\n|upkeep\n|turn|4\n|\n|t:|1721765224\n|-terastallize|p1a: Shamone Rider|Fairy\n|move|p2b: Flamigo|Close Combat|p1b: Amoonguss\n|-resisted|p1b: Amoonguss\n|-crit|p1b: Amoonguss\n|-damage|p1b: Amoonguss|27\/100\n|-unboost|p2b: Flamigo|def|1\n|-unboost|p2b: Flamigo|spd|1\n|-damage|p2b: Flamigo|84\/100|[from] item: Rocky Helmet|[of] p1b: Amoonguss\n|move|p2a: Basculegion|Last Respects|p1b: Amoonguss\n|-damage|p1b: Amoonguss|0 fnt\n|faint|p1b: Amoonguss\n|move|p1a: Shamone Rider|Draining Kiss|p2b: Flamigo\n|-supereffective|p2b: Flamigo\n|-damage|p2b: Flamigo|0 fnt\n|faint|p2b: Flamigo\n|-ability|p1a: Shamone Rider|Grim Neigh|boost\n|-boost|p1a: Shamone Rider|spa|1\n|\n|-sideend|p2: auraen|move: Tailwind\n|upkeep\n|\n|t:|1721765228\n|switch|p2b: Sinistcha|Sinistcha, L50|100\/100\n|turn|5\n|\n|t:|1721765232\n|move|p1a: Shamone Rider|Astral Barrage|p2a: Basculegion|[spread] p2a,p2b\n|-supereffective|p2a: Basculegion\n|-supereffective|p2b: Sinistcha\n|-damage|p2a: Basculegion|0 fnt\n|-damage|p2b: Sinistcha|0 fnt\n|faint|p2a: Basculegion\n|faint|p2b: Sinistcha\n|\n|win|JoyBoy311\n|raw|JoyBoy311's rating: 1660 &rarr; <strong>1693<\/strong><br \/>(+33 for winning)\n|raw|auraen's rating: 1918 &rarr; <strong>1885<\/strong><br \/>(-33 for losing)\n|l|\u2606auraen\n|player|p2|\n|l| DoublesNoobTester\n|l|\u2606JoyBoy311\n|player|p1|\n","uploadtime":1721765412,"views":27,"formatid":"gen9vgc2024regg","rating":1693,"private":0,"password":null}