{"id":"gen9vgc2024regg-2166949949","format":"[Gen 9] VGC 2024 Reg G","players":["ggttmmhh","GG=Groudon Gaming"],"log":"|j|\u2606ggttmmhh\n|j|\u2606GG=Groudon Gaming\n|t:|1721872576\n|gametype|doubles\n|player|p1|ggttmmhh|169|1741\n|player|p2|GG=Groudon Gaming|miku-ground|1715\n|teamsize|p1|6\n|teamsize|p2|6\n|gen|9\n|tier|[Gen 9] VGC 2024 Reg G\n|rated|\n|rule|Species Clause: Limit one of each Pok\u00e9mon\n|rule|Item Clause: Limit one of each item\n|clearpoke\n|poke|p1|Groudon, L50|\n|poke|p1|Rillaboom, L50, M|\n|poke|p1|Gouging Fire, L50|\n|poke|p1|Regidrago, L50|\n|poke|p1|Iron Crown, L50|\n|poke|p1|Yanmega, L50, M|\n|poke|p2|Groudon, L50|\n|poke|p2|Gouging Fire, L50|\n|poke|p2|Rillaboom, L50, F|\n|poke|p2|Flutter Mane, L50|\n|poke|p2|Chien-Pao, L50|\n|poke|p2|Dragonite, L50, M|\n|teampreview|4\n|inactive|Battle timer is ON: inactive players will automatically lose when time's up. (requested by GG=Groudon Gaming)\n|j| fairynanbawan\n|inactive|GG=Groudon Gaming has 60 seconds left.\n|inactive|GG=Groudon Gaming has 30 seconds left.\n|inactive|GG=Groudon Gaming has 20 seconds left.\n|inactive|GG=Groudon Gaming has 15 seconds left.\n|inactive|GG=Groudon Gaming has 10 seconds left.\n|\n|t:|1721872660\n|start\n|switch|p1a: Yanmega|Yanmega, L50, M|100\/100\n|switch|p1b: Iron Crown|Iron Crown, L50|100\/100\n|switch|p2a: Gouging Fire|Gouging Fire, L50|100\/100\n|switch|p2b: Flutter Mane|Flutter Mane, L50|100\/100\n|-enditem|p1b: Iron Crown|Booster Energy\n|-activate|p1b: Iron Crown|ability: Quark Drive|[fromitem]\n|-start|p1b: Iron Crown|quarkdrivespe\n|turn|1\n|inactive|ggttmmhh has 30 seconds left.\n|inactive|GG=Groudon Gaming has 30 seconds left.\n|inactive|ggttmmhh has 20 seconds left.\n|inactive|GG=Groudon Gaming has 20 seconds left.\n|inactive|ggttmmhh has 15 seconds left.\n|inactive|GG=Groudon Gaming has 15 seconds left.\n|inactive|ggttmmhh has 10 seconds left.\n|inactive|GG=Groudon Gaming has 10 seconds left.\n|inactive|ggttmmhh has 5 seconds left.\n|\n|t:|1721872711\n|-end|p2a: Gouging Fire|Protosynthesis|[silent]\n|switch|p2a: Gordon|Groudon, L50|100\/100\n|-weather|SunnyDay|[from] ability: Drought|[of] p2a: Gordon\n|-activate|p2b: Flutter Mane|ability: Protosynthesis\n|-start|p2b: Flutter Mane|protosynthesisspe\n|move|p2b: Flutter Mane|Dazzling Gleam|p1b: Iron Crown|[spread] p1a,p1b\n|-resisted|p1b: Iron Crown\n|-damage|p1a: Yanmega|25\/100\n|-damage|p1b: Iron Crown|80\/100\n|move|p1b: Iron Crown|Gravity|p1b: Iron Crown\n|-fieldstart|move: Gravity\n|move|p1a: Yanmega|Tailwind|p1a: Yanmega\n|-sidestart|p1: ggttmmhh|move: Tailwind\n|\n|-weather|SunnyDay|[upkeep]\n|-ability|p1a: Yanmega|Speed Boost|boost\n|-boost|p1a: Yanmega|spe|1\n|upkeep\n|turn|2\n|inactive|GG=Groudon Gaming has 30 seconds left.\n|inactive|ggttmmhh has 30 seconds left.\n|inactive|GG=Groudon Gaming has 20 seconds left.\n|inactive|ggttmmhh has 20 seconds left.\n|\n|t:|1721872756\n|move|p1b: Iron Crown|Calm Mind|p1b: Iron Crown\n|-boost|p1b: Iron Crown|spa|1\n|-boost|p1b: Iron Crown|spd|1\n|move|p1a: Yanmega|Hypnosis|p2a: Gordon\n|-status|p2a: Gordon|slp|[from] move: Hypnosis\n|move|p2b: Flutter Mane|Dazzling Gleam|p1b: Iron Crown|[spread] p1a,p1b\n|-resisted|p1b: Iron Crown\n|-damage|p1a: Yanmega|0 fnt\n|-damage|p1b: Iron Crown|65\/100\n|faint|p1a: Yanmega\n|cant|p2a: Gordon|slp\n|\n|-weather|SunnyDay|[upkeep]\n|upkeep\n|\n|t:|1721872762\n|switch|p1a: Groudon|Groudon, L50|100\/100\n|turn|3\n|\n|t:|1721872784\n|move|p1b: Iron Crown|Tachyon Cutter|p2b: Flutter Mane\n|-supereffective|p2b: Flutter Mane\n|-damage|p2b: Flutter Mane|36\/100\n|-supereffective|p2b: Flutter Mane\n|-damage|p2b: Flutter Mane|0 fnt\n|faint|p2b: Flutter Mane\n|-end|p2b: Flutter Mane|Protosynthesis|[silent]\n|-hitcount|p2: Flutter Mane|2\n|move|p1a: Groudon|Precipice Blades|p2a: Gordon\n|-damage|p2a: Gordon|22\/100 slp\n|-curestatus|p2a: Gordon|slp|[msg]\n|move|p2a: Gordon|Precipice Blades|p1a: Groudon|[spread] p1a,p1b\n|-supereffective|p1b: Iron Crown\n|-damage|p1a: Groudon|64\/100\n|-damage|p1b: Iron Crown|0 fnt\n|faint|p1b: Iron Crown\n|-end|p1b: Iron Crown|Quark Drive|[silent]\n|\n|-weather|SunnyDay|[upkeep]\n|upkeep\n|\n|t:|1721872793\n|switch|p2b: Gouging Fire|Gouging Fire, L50|100\/100\n|switch|p1b: Gouging Fire|Gouging Fire, L50|100\/100\n|-activate|p1b: Gouging Fire|ability: Protosynthesis\n|-start|p1b: Gouging Fire|protosynthesisspe\n|-activate|p2b: Gouging Fire|ability: Protosynthesis\n|-start|p2b: Gouging Fire|protosynthesisspe\n|turn|4\n|\n|t:|1721872811\n|-terastallize|p2b: Gouging Fire|Fairy\n|move|p2a: Gordon|Protect|p2a: Gordon\n|-singleturn|p2a: Gordon|Protect\n|move|p1b: Gouging Fire|Howl|p1b: Gouging Fire|[spread] p1a,p1b\n|-boost|p1a: Groudon|atk|1\n|-boost|p1b: Gouging Fire|atk|1\n|move|p1a: Groudon|Precipice Blades|p2b: Gouging Fire|[spread] p2b\n|-activate|p2a: Gordon|move: Protect\n|-damage|p2b: Gouging Fire|6\/100\n|move|p2b: Gouging Fire|Flare Blitz|p1a: Groudon\n|-damage|p1a: Groudon|14\/100\n|-damage|p2b: Gouging Fire|0 fnt|[from] Recoil\n|faint|p2b: Gouging Fire\n|-end|p2b: Gouging Fire|Protosynthesis|[silent]\n|\n|-weather|SunnyDay|[upkeep]\n|-sideend|p1: ggttmmhh|move: Tailwind\n|upkeep\n|\n|t:|1721872822\n|switch|p2b: Dragonite|Dragonite, L50, M|100\/100\n|turn|5\n|j| GameLurker69\n|inactive|ggttmmhh has 30 seconds left.\n|inactive|GG=Groudon Gaming has 30 seconds left.\n|\n|t:|1721872870\n|move|p2a: Gordon|Protect|p2a: Gordon\n|-singleturn|p2a: Gordon|Protect\n|move|p2b: Dragonite|Extreme Speed|p1b: Gouging Fire\n|-damage|p1b: Gouging Fire|62\/100\n|move|p1b: Gouging Fire|Flare Blitz|p2a: Gordon\n|-activate|p2a: Gordon|move: Protect\n|move|p1a: Groudon|Precipice Blades|p2a: Gordon|[spread] p2b\n|-activate|p2a: Gordon|move: Protect\n|-damage|p2b: Dragonite|0 fnt\n|faint|p2b: Dragonite\n|\n|-weather|none\n|-end|p1b: Gouging Fire|Protosynthesis\n|-fieldend|move: Gravity\n|upkeep\n|turn|6\n|\n|t:|1721872879\n|move|p1b: Gouging Fire|Flare Blitz|p2a: Gordon\n|-damage|p2a: Gordon|0 fnt\n|faint|p2a: Gordon\n|-damage|p1b: Gouging Fire|54\/100|[from] Recoil\n|\n|win|ggttmmhh\n|raw|ggttmmhh's rating: 1741 &rarr; <strong>1760<\/strong><br \/>(+19 for winning)\n|raw|GG=Groudon Gaming's rating: 1715 &rarr; <strong>1696<\/strong><br \/>(-19 for losing)\n|l|\u2606ggttmmhh\n|player|p1|\n|l| GameLurker69\n","uploadtime":1721873144,"views":24,"formatid":"gen9vgc2024regg","rating":1696,"private":0,"password":null}