{"id":"gen9vgc2024regg-2166105220","format":"[Gen 9] VGC 2024 Reg G","players":["greenlightdmp","SubToPenglin"],"log":"|j|\u2606greenlightdmp\n|j|\u2606SubToPenglin\n|t:|1721757656\n|gametype|doubles\n|player|p1|greenlightdmp|170|1745\n|player|p2|SubToPenglin|dawn-gen4pt|1665\n|teamsize|p1|6\n|teamsize|p2|6\n|gen|9\n|tier|[Gen 9] VGC 2024 Reg G\n|rated|\n|rule|Species Clause: Limit one of each Pok\u00e9mon\n|rule|Item Clause: Limit one of each item\n|clearpoke\n|poke|p1|Calyrex-Ice, L50|\n|poke|p1|Smeargle, L50, F|\n|poke|p1|Ursaluna-Bloodmoon, L50, M|\n|poke|p1|Indeedee-F, L50, F|\n|poke|p1|Amoonguss, L50, M|\n|poke|p1|Raging Bolt, L50|\n|poke|p2|Comfey, L50, F|\n|poke|p2|Terapagos, L50, M|\n|poke|p2|Tornadus, L50, M|\n|poke|p2|Ogerpon-Cornerstone, L50, F|\n|poke|p2|Magmar, L50, M|\n|poke|p2|Raichu, L50, F|\n|teampreview|4\n|inactive|Battle timer is ON: inactive players will automatically lose when time's up. (requested by SubToPenglin)\n|inactive|greenlightdmp has 60 seconds left.\n|\n|t:|1721757693\n|start\n|switch|p1a: Calyrex|Calyrex-Ice, L50|100\/100\n|switch|p1b: Amoonguss|Amoonguss, L50, M|100\/100\n|switch|p2a: Terapagos|Terapagos, L50, M|100\/100\n|switch|p2b: Magmar|Magmar, L50, M, shiny|100\/100\n|-activate|p2a: Terapagos|ability: Tera Shift\n|detailschange|p2a: Terapagos|Terapagos-Terastal, L50, M\n|-heal|p2a: Terapagos|100\/100|[silent]\n|-ability|p1a: Calyrex|As One\n|-ability|p1a: Calyrex|Unnerve\n|turn|1\n|\n|t:|1721757716\n|move|p1a: Calyrex|Protect|p1a: Calyrex\n|-singleturn|p1a: Calyrex|Protect\n|move|p2a: Terapagos|Calm Mind|p2a: Terapagos\n|-boost|p2a: Terapagos|spa|1\n|-boost|p2a: Terapagos|spd|1\n|move|p2b: Magmar|Taunt|p1b: Amoonguss\n|-start|p1b: Amoonguss|move: Taunt\n|cant|p1b: Amoonguss|move: Taunt|Spore\n|\n|upkeep\n|turn|2\n|inactive|greenlightdmp has 30 seconds left.\n|\n|t:|1721757746\n|switch|p1a: Smeargle|Smeargle, L50, F, shiny|100\/100\n|move|p2a: Terapagos|Calm Mind|p2a: Terapagos\n|-boost|p2a: Terapagos|spa|1\n|-boost|p2a: Terapagos|spd|1\n|move|p2b: Magmar|Will-O-Wisp|p1a: Smeargle\n|-status|p1a: Smeargle|brn\n|move|p1b: Amoonguss|Clear Smog|p2a: Terapagos\n|-activate|p2a: Terapagos|ability: Tera Shell\n|-resisted|p2a: Terapagos\n|-damage|p2a: Terapagos|97\/100\n|-clearboost|p2a: Terapagos\n|\n|-damage|p1a: Smeargle|94\/100 brn|[from] brn\n|upkeep\n|turn|3\n|inactive|greenlightdmp has 30 seconds left.\n|inactive|SubToPenglin has 30 seconds left.\n|\n|t:|1721757778\n|move|p1a: Smeargle|Fake Out|p2b: Magmar\n|-damage|p2b: Magmar|99\/100\n|move|p2a: Terapagos|Calm Mind|p2a: Terapagos\n|-boost|p2a: Terapagos|spa|1\n|-boost|p2a: Terapagos|spd|1\n|cant|p2b: Magmar|flinch\n|move|p1b: Amoonguss|Clear Smog|p2a: Terapagos\n|-crit|p2a: Terapagos\n|-damage|p2a: Terapagos|77\/100\n|-clearboost|p2a: Terapagos\n|\n|-damage|p1a: Smeargle|88\/100 brn|[from] brn\n|-end|p1b: Amoonguss|move: Taunt\n|upkeep\n|turn|4\n|\n|t:|1721757798\n|switch|p2b: Ogerpon|Ogerpon-Cornerstone, L50, F|100\/100\n|move|p2a: Terapagos|Protect|p2a: Terapagos\n|-singleturn|p2a: Terapagos|Protect\n|move|p1a: Smeargle|Follow Me|p1a: Smeargle\n|-singleturn|p1a: Smeargle|move: Follow Me\n|move|p1b: Amoonguss|Spore|p2a: Terapagos\n|-activate|p2a: Terapagos|move: Protect\n|\n|-damage|p1a: Smeargle|82\/100 brn|[from] brn\n|upkeep\n|turn|5\n|inactive|greenlightdmp has 30 seconds left.\n|inactive|SubToPenglin has 30 seconds left.\n|\n|t:|1721757831\n|switch|p1a: Calyrex|Calyrex-Ice, L50|100\/100\n|-ability|p1a: Calyrex|As One\n|-ability|p1a: Calyrex|Unnerve\n|move|p2b: Ogerpon|Ivy Cudgel|p1a: Calyrex|[anim] Ivy Cudgel Rock\n|-supereffective|p1a: Calyrex\n|-damage|p1a: Calyrex|28\/100\n|move|p2a: Terapagos|Calm Mind|p2a: Terapagos\n|-boost|p2a: Terapagos|spa|1\n|-boost|p2a: Terapagos|spd|1\n|move|p1b: Amoonguss|Clear Smog|p2a: Terapagos\n|-damage|p2a: Terapagos|68\/100\n|-clearboost|p2a: Terapagos\n|\n|upkeep\n|turn|6\n|\n|t:|1721757851\n|-terastallize|p2a: Terapagos|Stellar\n|detailschange|p2a: Terapagos|Terapagos-Stellar, L50, M, tera:Stellar\n|-heal|p2a: Terapagos|76\/100|[silent]\n|move|p1a: Calyrex|Protect|p1a: Calyrex\n|-singleturn|p1a: Calyrex|Protect\n|move|p2b: Ogerpon|Ivy Cudgel|p1b: Amoonguss|[anim] Ivy Cudgel Rock\n|-damage|p1b: Amoonguss|58\/100\n|move|p2a: Terapagos|Tera Starstorm|p1b: Amoonguss|[spread] p1b\n|-activate|p1a: Calyrex|move: Protect\n|-damage|p1b: Amoonguss|23\/100\n|move|p1b: Amoonguss|Spore|p2a: Terapagos\n|-status|p2a: Terapagos|slp|[from] move: Spore\n|\n|upkeep\n|turn|7\n|inactive|greenlightdmp has 30 seconds left.\n|inactive|SubToPenglin has 30 seconds left.\n|\n|t:|1721757878\n|switch|p1a: Ursaluna|Ursaluna-Bloodmoon, L50, M|100\/100\n|switch|p1b: Smeargle|Smeargle, L50, F, shiny|82\/100 brn\n|move|p2b: Ogerpon|Ivy Cudgel|p1a: Ursaluna|[anim] Ivy Cudgel Rock\n|-resisted|p1a: Ursaluna\n|-damage|p1a: Ursaluna|79\/100\n|cant|p2a: Terapagos|slp\n|\n|-damage|p1b: Smeargle|76\/100 brn|[from] brn\n|upkeep\n|turn|8\n|\n|t:|1721757894\n|switch|p2b: Comfey|Comfey, L50, F, shiny|100\/100\n|move|p1b: Smeargle|Fake Out|p2b: Comfey\n|-damage|p2b: Comfey|98\/100\n|-curestatus|p2a: Terapagos|slp|[msg]\n|move|p2a: Terapagos|Tera Starstorm|p1a: Ursaluna|[spread] p1a,p1b\n|-damage|p1a: Ursaluna|34\/100\n|-damage|p1b: Smeargle|5\/100 brn\n|move|p1a: Ursaluna|Blood Moon|p2a: Terapagos\n|-damage|p2a: Terapagos|11\/100\n|-damage|p1a: Ursaluna|25\/100|[from] item: Life Orb\n|\n|-damage|p1b: Smeargle|0 fnt|[from] brn\n|faint|p1b: Smeargle\n|upkeep\n|\n|t:|1721757908\n|switch|p1b: Amoonguss|Amoonguss, L50, M|56\/100\n|turn|9\n|\n|t:|1721757927\n|move|p1a: Ursaluna|Protect|p1a: Ursaluna\n|-singleturn|p1a: Ursaluna|Protect\n|move|p2b: Comfey|Taunt|p1b: Amoonguss\n|-start|p1b: Amoonguss|move: Taunt\n|move|p2a: Terapagos|Tera Starstorm|p1b: Amoonguss|[spread] p1b\n|-activate|p1a: Ursaluna|move: Protect\n|-damage|p1b: Amoonguss|23\/100\n|cant|p1b: Amoonguss|move: Taunt|Spore\n|\n|upkeep\n|turn|10\n|\n|t:|1721757939\n|move|p2b: Comfey|Floral Healing|p2a: Terapagos\n|-heal|p2a: Terapagos|61\/100\n|move|p2a: Terapagos|Tera Starstorm|p1a: Ursaluna|[spread] p1a,p1b\n|-crit|p1a: Ursaluna\n|-damage|p1a: Ursaluna|0 fnt\n|-damage|p1b: Amoonguss|0 fnt\n|faint|p1a: Ursaluna\n|faint|p1b: Amoonguss\n|\n|upkeep\n|-message|greenlightdmp forfeited.\n|\n|win|SubToPenglin\n|raw|greenlightdmp's rating: 1745 &rarr; <strong>1721<\/strong><br \/>(-24 for losing)\n|raw|SubToPenglin's rating: 1679 &rarr; <strong>1703<\/strong><br \/>(+24 for winning)\n|l|\u2606greenlightdmp\n|player|p1|\n|l|\u2606SubToPenglin\n|player|p2|\n","uploadtime":1721758086,"views":8,"formatid":"gen9vgc2024regg","rating":1703,"private":0,"password":null}