{"id":"gen9vgc2024regg-2166492664","format":"[Gen 9] VGC 2024 Reg G","players":["regigidragon","seanyboy335"],"log":"|j|\u2606regigidragon\n|j|\u2606seanyboy335\n|t:|1721813856\n|gametype|doubles\n|player|p1|regigidragon|2|1730\n|player|p2|seanyboy335|2|1752\n|teamsize|p1|6\n|teamsize|p2|6\n|gen|9\n|tier|[Gen 9] VGC 2024 Reg G\n|rated|\n|rule|Species Clause: Limit one of each Pok\u00e9mon\n|rule|Item Clause: Limit one of each item\n|clearpoke\n|poke|p1|Zacian-*, L50|\n|poke|p1|Dondozo, L50, M|\n|poke|p1|Tatsugiri-Stretchy, L50, F|\n|poke|p1|Roaring Moon, L50|\n|poke|p1|Annihilape, L50, F|\n|poke|p1|Ursaluna-Bloodmoon, L50, M|\n|poke|p2|Smeargle, L50, M|\n|poke|p2|Calyrex-Shadow, L50|\n|poke|p2|Raging Bolt, L50|\n|poke|p2|Rillaboom, L50, M|\n|poke|p2|Urshifu-*, L50, F|\n|poke|p2|Clefairy, L50, F|\n|teampreview|4\n|inactive|Battle timer is ON: inactive players will automatically lose when time's up. (requested by seanyboy335)\n|inactive|regigidragon has 60 seconds left.\n|inactive|seanyboy335 has 60 seconds left.\n|\n|t:|1721813900\n|start\n|switch|p1a: \u6700\u6562\u6b7b\u961f\u7684\u4e00\u96c6|Annihilape, L50, F|100\/100\n|switch|p1b: \u6700\u5ec9\u9887\u7684\u4e00\u96c6|Zacian-Crowned, L50, shiny|100\/100\n|switch|p2a: Smeargle|Smeargle, L50, M|100\/100\n|switch|p2b: Calyrex|Calyrex-Shadow, L50|100\/100\n|-ability|p2b: Calyrex|As One\n|-ability|p2b: Calyrex|Unnerve\n|-ability|p1b: \u6700\u5ec9\u9887\u7684\u4e00\u96c6|Intrepid Sword|boost\n|-boost|p1b: \u6700\u5ec9\u9887\u7684\u4e00\u96c6|atk|1\n|turn|1\n|\n|t:|1721813919\n|-terastallize|p1a: \u6700\u6562\u6b7b\u961f\u7684\u4e00\u96c6|Normal\n|move|p2b: Calyrex|Protect|p2b: Calyrex\n|-singleturn|p2b: Calyrex|Protect\n|move|p1b: \u6700\u5ec9\u9887\u7684\u4e00\u96c6|Protect|p1b: \u6700\u5ec9\u9887\u7684\u4e00\u96c6\n|-singleturn|p1b: \u6700\u5ec9\u9887\u7684\u4e00\u96c6|Protect\n|move|p1a: \u6700\u6562\u6b7b\u961f\u7684\u4e00\u96c6|Rage Fist|p2b: Calyrex\n|-activate|p2b: Calyrex|move: Protect\n|move|p2a: Smeargle|Spore|p1b: \u6700\u5ec9\u9887\u7684\u4e00\u96c6\n|-activate|p1b: \u6700\u5ec9\u9887\u7684\u4e00\u96c6|move: Protect\n|\n|-ability|p2a: Smeargle|Moody|boost\n|-boost|p2a: Smeargle|spa|2\n|-unboost|p2a: Smeargle|def|1\n|upkeep\n|turn|2\n|\n|t:|1721813938\n|move|p2a: Smeargle|Follow Me|p2a: Smeargle\n|-singleturn|p2a: Smeargle|move: Follow Me\n|move|p2b: Calyrex|Nasty Plot|p2b: Calyrex\n|-boost|p2b: Calyrex|spa|2\n|move|p1b: \u6700\u5ec9\u9887\u7684\u4e00\u96c6|Behemoth Blade|p2a: Smeargle\n|-enditem|p2a: Smeargle|Focus Sash\n|-damage|p2a: Smeargle|1\/100\n|move|p1a: \u6700\u6562\u6b7b\u961f\u7684\u4e00\u96c6|Rage Fist|p2a: Smeargle\n|-immune|p2a: Smeargle\n|\n|-ability|p2a: Smeargle|Moody|boost\n|-boost|p2a: Smeargle|spa|2\n|-unboost|p2a: Smeargle|spd|1\n|upkeep\n|turn|3\n|inactive|regigidragon has 30 seconds left.\n|j| OPieceOfHeroGhost\n|inactive|regigidragon has 20 seconds left.\n|inactive|regigidragon has 15 seconds left.\n|inactive|seanyboy335 has 30 seconds left.\n|inactive|regigidragon has 10 seconds left.\n|\n|t:|1721813984\n|-terastallize|p2b: Calyrex|Normal\n|move|p2a: Smeargle|Follow Me|p2a: Smeargle\n|-singleturn|p2a: Smeargle|move: Follow Me\n|move|p2b: Calyrex|Nasty Plot|p2b: Calyrex\n|-boost|p2b: Calyrex|spa|2\n|move|p1b: \u6700\u5ec9\u9887\u7684\u4e00\u96c6|Behemoth Blade|p2a: Smeargle\n|-damage|p2a: Smeargle|0 fnt\n|faint|p2a: Smeargle\n|move|p1a: \u6700\u6562\u6b7b\u961f\u7684\u4e00\u96c6|Rage Fist|p2b: Calyrex\n|-immune|p2b: Calyrex\n|\n|upkeep\n|\n|t:|1721814001\n|switch|p2a: Rillaboom|Rillaboom, L50, M|100\/100\n|-fieldstart|move: Grassy Terrain|[from] ability: Grassy Surge|[of] p2a: Rillaboom\n|turn|4\n|\n|t:|1721814014\n|move|p1b: \u6700\u5ec9\u9887\u7684\u4e00\u96c6|Protect|p1b: \u6700\u5ec9\u9887\u7684\u4e00\u96c6\n|-singleturn|p1b: \u6700\u5ec9\u9887\u7684\u4e00\u96c6|Protect\n|move|p2a: Rillaboom|Fake Out|p1b: \u6700\u5ec9\u9887\u7684\u4e00\u96c6\n|-activate|p1b: \u6700\u5ec9\u9887\u7684\u4e00\u96c6|move: Protect\n|move|p2b: Calyrex|Psychic|p1a: \u6700\u6562\u6b7b\u961f\u7684\u4e00\u96c6\n|-damage|p1a: \u6700\u6562\u6b7b\u961f\u7684\u4e00\u96c6|0 fnt\n|faint|p1a: \u6700\u6562\u6b7b\u961f\u7684\u4e00\u96c6\n|-ability|p2b: Calyrex|Grim Neigh|boost\n|-boost|p2b: Calyrex|spa|1\n|\n|upkeep\n|\n|t:|1721814023\n|switch|p1a: \u6700\u6076\u9b54\u4eba\u7684\u4e00\u96c6|Roaring Moon, L50|100\/100\n|-enditem|p1a: \u6700\u6076\u9b54\u4eba\u7684\u4e00\u96c6|Booster Energy\n|-activate|p1a: \u6700\u6076\u9b54\u4eba\u7684\u4e00\u96c6|ability: Protosynthesis|[fromitem]\n|-start|p1a: \u6700\u6076\u9b54\u4eba\u7684\u4e00\u96c6|protosynthesisspe\n|turn|5\n|\n|t:|1721814045\n|move|p1a: \u6700\u6076\u9b54\u4eba\u7684\u4e00\u96c6|Knock Off|p2a: Rillaboom\n|-damage|p2a: Rillaboom|51\/100\n|-enditem|p2a: Rillaboom|Assault Vest|[from] move: Knock Off|[of] p1a: \u6700\u6076\u9b54\u4eba\u7684\u4e00\u96c6\n|move|p2b: Calyrex|Astral Barrage|p1b: \u6700\u5ec9\u9887\u7684\u4e00\u96c6|[spread] p1a,p1b\n|-resisted|p1a: \u6700\u6076\u9b54\u4eba\u7684\u4e00\u96c6\n|-damage|p1a: \u6700\u6076\u9b54\u4eba\u7684\u4e00\u96c6|0 fnt\n|-damage|p1b: \u6700\u5ec9\u9887\u7684\u4e00\u96c6|0 fnt\n|faint|p1a: \u6700\u6076\u9b54\u4eba\u7684\u4e00\u96c6\n|-end|p1a: \u6700\u6076\u9b54\u4eba\u7684\u4e00\u96c6|Protosynthesis|[silent]\n|faint|p1b: \u6700\u5ec9\u9887\u7684\u4e00\u96c6\n|-ability|p2b: Calyrex|Grim Neigh|boost\n|-boost|p2b: Calyrex|spa|1\n|move|p2a: Rillaboom|U-turn|p1: \u6700\u6076\u9b54\u4eba\u7684\u4e00\u96c6|[notarget]\n|-fail|p2a: Rillaboom\n|\n|-heal|p2a: Rillaboom|57\/100|[from] Grassy Terrain\n|upkeep\n|j| weewoowop\n|-message|regigidragon forfeited.\n|\n|win|seanyboy335\n|raw|regigidragon's rating: 1730 &rarr; <strong>1711<\/strong><br \/>(-19 for losing)\n|raw|seanyboy335's rating: 1752 &rarr; <strong>1771<\/strong><br \/>(+19 for winning)\n|l|\u2606regigidragon\n|player|p1|\n|l|\u2606seanyboy335\n|player|p2|\n|l| weewoowop\n|l| OPieceOfHeroGhost\n","uploadtime":1721814067,"views":39,"formatid":"gen9vgc2024regg","rating":1711,"private":0,"password":null}