{"id":"gen9vgc2024regg-2166151252","format":"[Gen 9] VGC 2024 Reg G","players":["imaborat","koji muranishi"],"log":"|j|\u2606imaborat\n|j|\u2606koji muranishi\n|t:|1721762698\n|gametype|doubles\n|player|p1|imaborat|1|1746\n|player|p2|koji muranishi|102|1771\n|teamsize|p1|6\n|teamsize|p2|6\n|gen|9\n|tier|[Gen 9] VGC 2024 Reg G\n|rated|\n|rule|Species Clause: Limit one of each Pok\u00e9mon\n|rule|Item Clause: Limit one of each item\n|clearpoke\n|poke|p1|Grafaiai, L50, F|\n|poke|p1|Indeedee, L50, M|\n|poke|p1|Calyrex-Shadow, L50|\n|poke|p1|Azumarill, L50, M|\n|poke|p1|Volcarona, L50, F|\n|poke|p1|Whimsicott, L50, M|\n|poke|p2|Calyrex-Ice, L50|\n|poke|p2|Kingambit, L50, F|\n|poke|p2|Entei, L50|\n|poke|p2|Whimsicott, L50, M|\n|poke|p2|Torkoal, L50, F|\n|poke|p2|Raging Bolt, L50|\n|teampreview|4\n|inactive|Battle timer is ON: inactive players will automatically lose when time's up. (requested by imaborat)\n|j| isubgfdijfg\n|inactive|imaborat has 60 seconds left.\n|inactive|koji muranishi has 60 seconds left.\n|\n|t:|1721762745\n|start\n|switch|p1a: Grafaiai|Grafaiai, L50, F|100\/100\n|switch|p1b: Volcarona|Volcarona, L50, F|100\/100\n|switch|p2a: Entei|Entei, L50|100\/100\n|switch|p2b: Raging Bolt|Raging Bolt, L50|100\/100\n|turn|1\n|\n|t:|1721762768\n|move|p2a: Entei|Stone Edge|p1b: Volcarona|[miss]\n|-miss|p2a: Entei|p1b: Volcarona\n|move|p1a: Grafaiai|Parting Shot|p2b: Raging Bolt\n|-unboost|p2b: Raging Bolt|atk|1\n|-unboost|p2b: Raging Bolt|spa|1\n|\n|t:|1721762779\n|switch|p1a: Calyrex|Calyrex-Shadow, L50|100\/100|[from] Parting Shot\n|-ability|p1a: Calyrex|As One\n|-ability|p1a: Calyrex|Unnerve\n|move|p1b: Volcarona|Quiver Dance|p1b: Volcarona\n|-boost|p1b: Volcarona|spa|1\n|-boost|p1b: Volcarona|spd|1\n|-boost|p1b: Volcarona|spe|1\n|move|p2b: Raging Bolt|Thunderbolt|p1a: Calyrex\n|-damage|p1a: Calyrex|51\/100\n|-damage|p2b: Raging Bolt|91\/100|[from] item: Life Orb\n|\n|upkeep\n|turn|2\n|inactive|imaborat has 30 seconds left.\n|\n|t:|1721762810\n|move|p1a: Calyrex|Protect|p1a: Calyrex\n|-singleturn|p1a: Calyrex|Protect\n|move|p2a: Entei|Stone Edge|p1b: Volcarona\n|-supereffective|p1b: Volcarona\n|-crit|p1b: Volcarona\n|-damage|p1b: Volcarona|0 fnt\n|faint|p1b: Volcarona\n|move|p2b: Raging Bolt|Draco Meteor|p1a: Calyrex\n|-activate|p1a: Calyrex|move: Protect\n|\n|upkeep\n|\n|t:|1721762828\n|switch|p1b: Grafaiai|Grafaiai, L50, F|100\/100\n|turn|3\n|\n|t:|1721762834\n|move|p2a: Entei|Stone Edge|p1a: Calyrex\n|-damage|p1a: Calyrex|11\/100\n|move|p1a: Calyrex|Astral Barrage|p2b: Raging Bolt|[spread] p2a,p2b\n|-damage|p2a: Entei|16\/100\n|-damage|p2b: Raging Bolt|24\/100\n|-damage|p1a: Calyrex|2\/100|[from] item: Life Orb\n|move|p1b: Grafaiai|Acid Spray|p2a: Entei\n|-damage|p2a: Entei|0 fnt\n|faint|p2a: Entei\n|move|p2b: Raging Bolt|Thunderbolt|p1a: Calyrex\n|-damage|p1a: Calyrex|0 fnt\n|faint|p1a: Calyrex\n|-damage|p2b: Raging Bolt|14\/100|[from] item: Life Orb\n|\n|upkeep\n|\n|t:|1721762851\n|switch|p1a: Azumarill|Azumarill, L50, M|100\/100\n|switch|p2a: Whimsicott|Whimsicott, L50, M|100\/100\n|turn|4\n|\n|t:|1721762870\n|-terastallize|p1a: Azumarill|Fire\n|move|p2a: Whimsicott|Protect|p2a: Whimsicott\n|-singleturn|p2a: Whimsicott|Protect\n|move|p1b: Grafaiai|Taunt|p2a: Whimsicott\n|-activate|p2a: Whimsicott|move: Protect\n|move|p2b: Raging Bolt|Thunderbolt|p1a: Azumarill\n|-damage|p1a: Azumarill|68\/100\n|-damage|p2b: Raging Bolt|4\/100|[from] item: Life Orb\n|move|p1a: Azumarill|Knock Off|p2b: Raging Bolt\n|-crit|p2b: Raging Bolt\n|-damage|p2b: Raging Bolt|0 fnt\n|-enditem|p2b: Raging Bolt|Life Orb|[from] move: Knock Off|[of] p1a: Azumarill\n|faint|p2b: Raging Bolt\n|-end|p2b: Raging Bolt|Protosynthesis|[silent]\n|\n|upkeep\n|\n|t:|1721762889\n|switch|p2b: Calyrex|Calyrex-Ice, L50|100\/100\n|-ability|p2b: Calyrex|As One\n|-ability|p2b: Calyrex|Unnerve\n|turn|5\n|\n|t:|1721762899\n|move|p2a: Whimsicott|Encore|p1b: Grafaiai\n|-start|p1b: Grafaiai|Encore\n|move|p1b: Grafaiai|Taunt|p2b: Calyrex\n|-start|p2b: Calyrex|move: Taunt\n|move|p2b: Calyrex|High Horsepower|p1a: Azumarill\n|-supereffective|p1a: Azumarill\n|-damage|p1a: Azumarill|0 fnt\n|faint|p1a: Azumarill\n|-ability|p2b: Calyrex|Chilling Neigh|boost\n|-boost|p2b: Calyrex|atk|1\n|\n|upkeep\n|turn|6\n|-message|imaborat forfeited.\n|\n|win|koji muranishi\n|raw|imaborat's rating: 1746 &rarr; <strong>1727<\/strong><br \/>(-19 for losing)\n|raw|koji muranishi's rating: 1771 &rarr; <strong>1790<\/strong><br \/>(+19 for winning)\n|l|\u2606imaborat\n|player|p1|\n|l|\u2606koji muranishi\n|player|p2|\n|l| isubgfdijfg\n","uploadtime":1721763086,"views":26,"formatid":"gen9vgc2024regg","rating":1727,"private":0,"password":null}