{"id":"gen9vgc2024regg-2166584437","format":"[Gen 9] VGC 2024 Reg G","players":["fabio souza","AZUNA_Fan"],"log":"|j|\u2606fabio souza\n|j|\u2606AZUNA_Fan\n|t:|1721828801\n|gametype|doubles\n|player|p1|fabio souza|101|1661\n|player|p2|AZUNA_Fan|dawn-gen4pt|1754\n|teamsize|p1|6\n|teamsize|p2|6\n|gen|9\n|tier|[Gen 9] VGC 2024 Reg G\n|rated|\n|rule|Species Clause: Limit one of each Pok\u00e9mon\n|rule|Item Clause: Limit one of each item\n|clearpoke\n|poke|p1|Whimsicott, L50, F|\n|poke|p1|Dondozo, L50, M|\n|poke|p1|Ursaluna-Bloodmoon, L50, M|\n|poke|p1|Tatsugiri-Droopy, L50, M|\n|poke|p1|Miraidon, L50|\n|poke|p1|Entei, L50|\n|poke|p2|Calyrex-Shadow, L50|\n|poke|p2|Urshifu-*, L50, F|\n|poke|p2|Indeedee-F, L50, F|\n|poke|p2|Maushold, L50|\n|poke|p2|Dondozo, L50, F|\n|poke|p2|Tatsugiri, L50, F|\n|teampreview|4\n|inactive|Battle timer is ON: inactive players will automatically lose when time's up. (requested by AZUNA_Fan)\n|inactive|fabio souza has 60 seconds left.\n|\n|t:|1721828839\n|start\n|switch|p1a: Miraidon|Miraidon, L50|100\/100\n|switch|p1b: Dondozo|Dondozo, L50, M|100\/100\n|switch|p2a: Calyrex|Calyrex-Shadow, L50|100\/100\n|switch|p2b: Indeedee|Indeedee-F, L50, F|100\/100\n|-ability|p2a: Calyrex|As One\n|-ability|p2a: Calyrex|Unnerve\n|-fieldstart|move: Electric Terrain|[from] ability: Hadron Engine|[of] p1a: Miraidon\n|-fieldstart|move: Psychic Terrain|[from] ability: Psychic Surge|[of] p2b: Indeedee\n|turn|1\n|j| La voz favorita\n|inactive|fabio souza has 30 seconds left.\n|\n|t:|1721828868\n|switch|p1a: Tatsugiri|Tatsugiri-Droopy, L50, M|100\/100\n|-activate|p1a: Tatsugiri|ability: Commander|[of] p1b: Dondozo\n|-boost|p1b: Dondozo|atk|2\n|-boost|p1b: Dondozo|spa|2\n|-boost|p1b: Dondozo|spe|2\n|-boost|p1b: Dondozo|def|2\n|-boost|p1b: Dondozo|spd|2\n|move|p2b: Indeedee|Helping Hand|p2a: Calyrex\n|-singleturn|p2a: Calyrex|Helping Hand|[of] p2b: Indeedee\n|move|p1b: Dondozo|Protect|p1b: Dondozo\n|-singleturn|p1b: Dondozo|Protect\n|move|p2a: Calyrex|Expanding Force|p1a: Tatsugiri|[spread] \n|-miss|p2a: Calyrex|p1a: Tatsugiri\n|-activate|p1b: Dondozo|move: Protect\n|\n|upkeep\n|turn|2\n|\n|t:|1721828888\n|move|p2b: Indeedee|Helping Hand|p2a: Calyrex\n|-singleturn|p2a: Calyrex|Helping Hand|[of] p2b: Indeedee\n|move|p2a: Calyrex|Expanding Force|p1a: Tatsugiri|[spread] p1b\n|-miss|p2a: Calyrex|p1a: Tatsugiri\n|-damage|p1b: Dondozo|24\/100\n|move|p1b: Dondozo|Wave Crash|p2a: Calyrex\n|-damage|p2a: Calyrex|0 fnt\n|faint|p2a: Calyrex\n|-damage|p1b: Dondozo|0 fnt|[from] Recoil\n|faint|p1b: Dondozo\n|\n|upkeep\n|\n|t:|1721828905\n|switch|p2a: Urshifu|Urshifu, L50, F|100\/100\n|switch|p1b: Miraidon|Miraidon, L50|100\/100\n|-fieldstart|move: Electric Terrain|[from] ability: Hadron Engine|[of] p1b: Miraidon\n|turn|3\n|\n|t:|1721828922\n|switch|p2a: Maushold|Maushold, L50|100\/100\n|-terastallize|p1b: Miraidon|Fairy\n|move|p1a: Tatsugiri|Muddy Water|p2a: Maushold|[spread] p2a,p2b\n|-damage|p2a: Maushold|67\/100\n|-damage|p2b: Indeedee|79\/100\n|move|p1b: Miraidon|Dazzling Gleam|p2a: Maushold|[spread] p2a,p2b\n|-damage|p2a: Maushold|2\/100\n|-damage|p2b: Indeedee|36\/100\n|move|p2b: Indeedee|Trick Room|p2b: Indeedee\n|-fieldstart|move: Trick Room|[of] p2b: Indeedee\n|\n|upkeep\n|turn|4\n|j| ahfoong0411\n|\n|t:|1721828941\n|switch|p1b: Entei|Entei, L50|100\/100\n|move|p2a: Maushold|Helping Hand|p2b: Indeedee\n|-singleturn|p2b: Indeedee|Helping Hand|[of] p2a: Maushold\n|move|p2b: Indeedee|Dazzling Gleam|p1b: Entei|[spread] p1a,p1b\n|-supereffective|p1a: Tatsugiri\n|-crit|p1a: Tatsugiri\n|-resisted|p1b: Entei\n|-damage|p1a: Tatsugiri|30\/100\n|-damage|p1b: Entei|93\/100\n|move|p1a: Tatsugiri|Muddy Water|p2a: Maushold|[spread] p2a,p2b\n|-damage|p2a: Maushold|0 fnt\n|-damage|p2b: Indeedee|12\/100\n|faint|p2a: Maushold\n|\n|upkeep\n|\n|t:|1721828953\n|switch|p2a: Urshifu|Urshifu, L50, F|100\/100\n|turn|5\n|inactive|AZUNA_Fan has 30 seconds left.\n|\n|t:|1721828979\n|-terastallize|p2a: Urshifu|Poison\n|move|p1b: Entei|Extreme Speed|p2b: Indeedee\n|-damage|p2b: Indeedee|0 fnt\n|faint|p2b: Indeedee\n|move|p2a: Urshifu|Poison Jab|p1b: Entei\n|-damage|p1b: Entei|17\/100\n|move|p1a: Tatsugiri|Muddy Water|p2a: Urshifu\n|-damage|p2a: Urshifu|47\/100\n|\n|upkeep\n|turn|6\n|-message|AZUNA_Fan forfeited.\n|\n|win|fabio souza\n|raw|fabio souza's rating: 1661 &rarr; <strong>1686<\/strong><br \/>(+25 for winning)\n|raw|AZUNA_Fan's rating: 1754 &rarr; <strong>1729<\/strong><br \/>(-25 for losing)\n|l|\u2606AZUNA_Fan\n|player|p2|\n|l|\u2606fabio souza\n|player|p1|\n|l| La voz favorita\n|l| ahfoong0411\n","uploadtime":1721829226,"views":10,"formatid":"gen9vgc2024regg","rating":1686,"private":0,"password":null}