{"id":"gen9vgc2024regg-2166467452","format":"[Gen 9] VGC 2024 Reg G","players":["dinokitae","GOSZYR"],"log":"|j|\u2606dinokitae\n|j|\u2606GOSZYR\n|t:|1721808762\n|gametype|doubles\n|player|p1|dinokitae|officeworker|1751\n|player|p2|GOSZYR|misty|1690\n|teamsize|p1|6\n|teamsize|p2|6\n|gen|9\n|tier|[Gen 9] VGC 2024 Reg G\n|rated|\n|rule|Species Clause: Limit one of each Pok\u00e9mon\n|rule|Item Clause: Limit one of each item\n|clearpoke\n|poke|p1|Torterra, L50, M|\n|poke|p1|Iron Bundle, L50|\n|poke|p1|Chi-Yu, L50|\n|poke|p1|Farigiraf, L50, F|\n|poke|p1|Terapagos, L50, M|\n|poke|p1|Whimsicott, L50, M|\n|poke|p2|Kyogre, L50|\n|poke|p2|Rillaboom, L50, F|\n|poke|p2|Volcarona, L50, M|\n|poke|p2|Overqwil, L50, M|\n|poke|p2|Tornadus, L50, M|\n|poke|p2|Landorus, L50, M|\n|teampreview|4\nGOSZYR has agreed to open team sheets.\n|inactive|Battle timer is ON: inactive players will automatically lose when time's up. (requested by dinokitae)\n|inactive|dinokitae has 60 seconds left.\n|\n|t:|1721808797\n|start\n|switch|p1a: \ubcf4\ub530\ub9ac|Iron Bundle, L50, shiny|100\/100\n|switch|p1b: \uc5d8\ud48d|Whimsicott, L50, M|100\/100\n|switch|p2a: Kyogre|Kyogre, L50|100\/100\n|switch|p2b: Tornadus|Tornadus, L50, M|100\/100\n|-weather|RainDance|[from] ability: Drizzle|[of] p2a: Kyogre\n|-enditem|p1a: \ubcf4\ub530\ub9ac|Booster Energy\n|-activate|p1a: \ubcf4\ub530\ub9ac|ability: Quark Drive|[fromitem]\n|-start|p1a: \ubcf4\ub530\ub9ac|quarkdrivespe\n|turn|1\n|\n|t:|1721808815\n|move|p1b: \uc5d8\ud48d|Tailwind|p1b: \uc5d8\ud48d\n|-sidestart|p1: dinokitae|move: Tailwind\n|move|p2b: Tornadus|Tailwind|p2b: Tornadus\n|-sidestart|p2: GOSZYR|move: Tailwind\n|move|p1a: \ubcf4\ub530\ub9ac|Freeze-Dry|p2a: Kyogre\n|-supereffective|p2a: Kyogre\n|-damage|p2a: Kyogre|53\/100\n|move|p2a: Kyogre|Water Spout|p1b: \uc5d8\ud48d|[spread] p1a,p1b\n|-resisted|p1a: \ubcf4\ub530\ub9ac\n|-resisted|p1b: \uc5d8\ud48d\n|-damage|p1a: \ubcf4\ub530\ub9ac|41\/100\n|-damage|p1b: \uc5d8\ud48d|56\/100\n|\n|-weather|RainDance|[upkeep]\n|upkeep\n|turn|2\n|inactive|dinokitae has 30 seconds left.\n|\n|t:|1721808842\n|switch|p2a: Overqwil|Overqwil, L50, M, shiny|100\/100\n|-terastallize|p2b: Tornadus|Dark\n|move|p1b: \uc5d8\ud48d|Encore|p2b: Tornadus\n|-hint|Since gen 7, Dark is immune to Prankster moves.\n|-immune|p2b: Tornadus\n|move|p1a: \ubcf4\ub530\ub9ac|Freeze-Dry|p2a: Overqwil\n|-damage|p2a: Overqwil|45\/100\n|move|p2b: Tornadus|Bleakwind Storm|p1a: \ubcf4\ub530\ub9ac|[spread] p1a,p1b\n|-supereffective|p1b: \uc5d8\ud48d\n|-damage|p1a: \ubcf4\ub530\ub9ac|0 fnt\n|-damage|p1b: \uc5d8\ud48d|0 fnt\n|faint|p1a: \ubcf4\ub530\ub9ac\n|-end|p1a: \ubcf4\ub530\ub9ac|Quark Drive|[silent]\n|faint|p1b: \uc5d8\ud48d\n|\n|-weather|RainDance|[upkeep]\n|upkeep\n|\n|t:|1721808856\n|switch|p1a: \ud0a4\ud0a4\ub9c1|Farigiraf, L50, F|100\/100\n|switch|p1b: \ud1a0\ub300\ubd80\uae30|Torterra, L50, M|100\/100\n|turn|3\n|j| Maushold-13P\n|\n|t:|1721808869\n|move|p1b: \ud1a0\ub300\ubd80\uae30|Wide Guard|p1b: \ud1a0\ub300\ubd80\uae30\n|-singleturn|p1b: \ud1a0\ub300\ubd80\uae30|Wide Guard\n|move|p2a: Overqwil|Acid Spray|p1a: \ud0a4\ud0a4\ub9c1\n|-damage|p1a: \ud0a4\ud0a4\ub9c1|88\/100\n|-unboost|p1a: \ud0a4\ud0a4\ub9c1|spd|2\n|-damage|p2a: Overqwil|35\/100|[from] item: Life Orb\n|move|p2b: Tornadus|Bleakwind Storm|p1a: \ud0a4\ud0a4\ub9c1|[spread] \n|-activate|p1a: \ud0a4\ud0a4\ub9c1|move: Wide Guard\n|-activate|p1b: \ud1a0\ub300\ubd80\uae30|move: Wide Guard\n|move|p1a: \ud0a4\ud0a4\ub9c1|Trick Room|p1a: \ud0a4\ud0a4\ub9c1\n|-fieldstart|move: Trick Room|[of] p1a: \ud0a4\ud0a4\ub9c1\n|\n|-weather|RainDance|[upkeep]\n|upkeep\n|turn|4\n|inactive|dinokitae has 30 seconds left.\n|\n|t:|1721808900\n|move|p2a: Overqwil|Protect|p2a: Overqwil\n|-singleturn|p2a: Overqwil|Protect\n|move|p1b: \ud1a0\ub300\ubd80\uae30|Earthquake|p2b: Tornadus|[spread] p1a,p2b\n|-activate|p2a: Overqwil|move: Protect\n|-damage|p1a: \ud0a4\ud0a4\ub9c1|59\/100\n|-damage|p2b: Tornadus|63\/100\n|move|p1a: \ud0a4\ud0a4\ub9c1|Dazzling Gleam|p2b: Tornadus|[spread] p2b\n|-activate|p2a: Overqwil|move: Protect\n|-supereffective|p2b: Tornadus\n|-damage|p2b: Tornadus|28\/100\n|move|p2b: Tornadus|Bleakwind Storm|p1a: \ud0a4\ud0a4\ub9c1|[spread] p1a,p1b\n|-supereffective|p1b: \ud1a0\ub300\ubd80\uae30\n|-damage|p1a: \ud0a4\ud0a4\ub9c1|0 fnt\n|-damage|p1b: \ud1a0\ub300\ubd80\uae30|26\/100\n|-unboost|p1b: \ud1a0\ub300\ubd80\uae30|spe|1\n|faint|p1a: \ud0a4\ud0a4\ub9c1\n|\n|-weather|RainDance|[upkeep]\n|-sideend|p1: dinokitae|move: Tailwind\n|-sideend|p2: GOSZYR|move: Tailwind\n|upkeep\n|turn|5\n|\n|t:|1721808918\n|switch|p2a: Rillaboom|Rillaboom, L50, F|100\/100\n|-fieldstart|move: Grassy Terrain|[from] ability: Grassy Surge|[of] p2a: Rillaboom\n|move|p1b: \ud1a0\ub300\ubd80\uae30|Earthquake|p2a: Rillaboom|[spread] p2a,p2b\n|-resisted|p2a: Rillaboom\n|-damage|p2a: Rillaboom|91\/100\n|-damage|p2b: Tornadus|6\/100\n|move|p2b: Tornadus|Bleakwind Storm|p1b: \ud1a0\ub300\ubd80\uae30\n|-supereffective|p1b: \ud1a0\ub300\ubd80\uae30\n|-damage|p1b: \ud1a0\ub300\ubd80\uae30|0 fnt\n|faint|p1b: \ud1a0\ub300\ubd80\uae30\n|\n|win|GOSZYR\n|raw|dinokitae's rating: 1751 &rarr; <strong>1728<\/strong><br \/>(-23 for losing)\n|raw|GOSZYR's rating: 1690 &rarr; <strong>1713<\/strong><br \/>(+23 for winning)\n|l|\u2606dinokitae\n|player|p1|\n|l|\u2606GOSZYR\n|player|p2|\n|l| Maushold-13P\n","uploadtime":1721809159,"views":37,"formatid":"gen9vgc2024regg","rating":1713,"private":0,"password":null}