{"id":"gen9vgc2024regg-2166088100","format":"[Gen 9] VGC 2024 Reg G","players":["Krisuerte","SubToPenglin"],"log":"|j|\u2606Krisuerte\n|j|\u2606SubToPenglin\n|t:|1721755751\n|gametype|doubles\n|player|p1|Krisuerte|266|1857\n|player|p2|SubToPenglin|dawn-gen4pt|1747\n|teamsize|p1|6\n|teamsize|p2|6\n|gen|9\n|tier|[Gen 9] VGC 2024 Reg G\n|rated|\n|rule|Species Clause: Limit one of each Pok\u00e9mon\n|rule|Item Clause: Limit one of each item\n|clearpoke\n|poke|p1|Sinistcha-Masterpiece, L50|\n|poke|p1|Kyogre, L50|\n|poke|p1|Tornadus, L50, M|\n|poke|p1|Urshifu-*, L50, M|\n|poke|p1|Archaludon, L50, M|\n|poke|p1|Landorus, L50, M|\n|poke|p2|Comfey, L50, M|\n|poke|p2|Terapagos, L50, M|\n|poke|p2|Tornadus, L50, M|\n|poke|p2|Ogerpon-Cornerstone, L50, F|\n|poke|p2|Magmar, L50, F|\n|poke|p2|Raichu, L50, M|\n|teampreview|4\n|inactive|Battle timer is ON: inactive players will automatically lose when time's up. (requested by SubToPenglin)\n|\n|t:|1721755775\n|start\n|switch|p1a: Kyogre|Kyogre, L50|100\/100\n|switch|p1b: Tornadus|Tornadus, L50, M|100\/100\n|switch|p2a: Terapagos|Terapagos, L50, M|100\/100\n|switch|p2b: Tornadus|Tornadus, L50, M|100\/100\n|-activate|p2a: Terapagos|ability: Tera Shift\n|detailschange|p2a: Terapagos|Terapagos-Terastal, L50, M\n|-heal|p2a: Terapagos|100\/100|[silent]\n|-weather|RainDance|[from] ability: Drizzle|[of] p1a: Kyogre\n|turn|1\n|inactive|Krisuerte has 30 seconds left.\n|\n|t:|1721755801\n|-terastallize|p2a: Terapagos|Stellar\n|detailschange|p2a: Terapagos|Terapagos-Stellar, L50, M, tera:Stellar\n|-heal|p2a: Terapagos|100\/100|[silent]\n|-ability|p2a: Terapagos|Teraform Zero\n|-weather|none\n|move|p2b: Tornadus|Taunt|p1b: Tornadus\n|-start|p1b: Tornadus|move: Taunt\n|cant|p1b: Tornadus|move: Taunt|Tailwind\n|move|p2a: Terapagos|Tera Starstorm|p1b: Tornadus|[spread] p1a,p1b\n|-damage|p1a: Kyogre|75\/100\n|-damage|p1b: Tornadus|60\/100\n|move|p1a: Kyogre|Water Spout|p2b: Tornadus|[spread] p2a,p2b\n|-damage|p2a: Terapagos|50\/100\n|-damage|p2b: Tornadus|5\/100\n|\n|upkeep\n|turn|2\n|j| shanehuang\n|inactive|Krisuerte has 30 seconds left.\n|\n|t:|1721755834\n|move|p2b: Tornadus|Tailwind|p2b: Tornadus\n|-sidestart|p2: SubToPenglin|move: Tailwind\n|move|p2a: Terapagos|Tera Starstorm|p1b: Tornadus|[spread] p1a,p1b\n|-damage|p1a: Kyogre|49\/100\n|-damage|p1b: Tornadus|20\/100\n|move|p1b: Tornadus|Bleakwind Storm|p2b: Tornadus|[spread] p2a,p2b\n|-damage|p2a: Terapagos|27\/100\n|-damage|p2b: Tornadus|0 fnt\n|faint|p2b: Tornadus\n|move|p1a: Kyogre|Water Spout|p2a: Terapagos\n|-damage|p2a: Terapagos|0 fnt\n|faint|p2a: Terapagos\n|\n|upkeep\n|\n|t:|1721755839\n|switch|p2b: Comfey|Comfey, L50, M, shiny|100\/100\n|switch|p2a: Ogerpon|Ogerpon-Cornerstone, L50, F|100\/100\n|turn|3\n|\n|t:|1721755859\n|switch|p1b: Archaludon|Archaludon, L50, M|100\/100\n|move|p2b: Comfey|Draining Kiss|p1b: Archaludon\n|-damage|p1b: Archaludon|86\/100\n|-ability|p1b: Archaludon|Stamina|boost\n|-boost|p1b: Archaludon|def|1\n|move|p2a: Ogerpon|Horn Leech|p1a: Kyogre\n|-supereffective|p1a: Kyogre\n|-damage|p1a: Kyogre|0 fnt\n|faint|p1a: Kyogre\n|\n|upkeep\n|\n|t:|1721755875\n|switch|p1a: Tornadus|Tornadus, L50, M|20\/100\n|turn|4\n|j| askebom\n|\n|t:|1721755886\n|move|p2b: Comfey|Draining Kiss|p1a: Tornadus\n|-damage|p1a: Tornadus|0 fnt\n|faint|p1a: Tornadus\n|move|p2a: Ogerpon|Ivy Cudgel|p1b: Archaludon|[anim] Ivy Cudgel Rock\n|-resisted|p1b: Archaludon\n|-damage|p1b: Archaludon|71\/100\n|-ability|p1b: Archaludon|Stamina|boost\n|-boost|p1b: Archaludon|def|1\n|move|p1b: Archaludon|Flash Cannon|p2b: Comfey\n|-supereffective|p2b: Comfey\n|-damage|p2b: Comfey|10\/100\n|-unboost|p2b: Comfey|spd|1\n|-enditem|p2b: Comfey|Sitrus Berry|[eat]\n|-heal|p2b: Comfey|35\/100|[from] item: Sitrus Berry\n|\n|upkeep\n|\n|t:|1721755902\n|switch|p1a: Urshifu|Urshifu-Rapid-Strike, L50, M|100\/100\n|turn|5\n|\n|t:|1721755918\n|move|p1a: Urshifu|Detect|p1a: Urshifu\n|-singleturn|p1a: Urshifu|Protect\n|move|p2b: Comfey|Draining Kiss|p1a: Urshifu\n|-activate|p1a: Urshifu|move: Protect\n|move|p2a: Ogerpon|Horn Leech|p1a: Urshifu\n|-activate|p1a: Urshifu|move: Protect\n|move|p1b: Archaludon|Flash Cannon|p2b: Comfey\n|-supereffective|p2b: Comfey\n|-damage|p2b: Comfey|0 fnt\n|faint|p2b: Comfey\n|\n|-sideend|p2: SubToPenglin|move: Tailwind\n|upkeep\n|turn|6\n|\n|t:|1721755939\n|-terastallize|p1a: Urshifu|Water\n|move|p2a: Ogerpon|Horn Leech|p1a: Urshifu\n|-supereffective|p1a: Urshifu\n|-damage|p1a: Urshifu|21\/100\n|move|p1a: Urshifu|Surging Strikes|p2a: Ogerpon\n|-crit|p2a: Ogerpon\n|-damage|p2a: Ogerpon|54\/100\n|-crit|p2a: Ogerpon\n|-damage|p2a: Ogerpon|4\/100\n|-crit|p2a: Ogerpon\n|-damage|p2a: Ogerpon|0 fnt\n|faint|p2a: Ogerpon\n|-hitcount|p2: Ogerpon|3\n|\n|win|Krisuerte\n|raw|Krisuerte's rating: 1857 &rarr; <strong>1870<\/strong><br \/>(+13 for winning)\n|raw|SubToPenglin's rating: 1729 &rarr; <strong>1716<\/strong><br \/>(-13 for losing)\n|l| shanehuang\n|l|\u2606SubToPenglin\n|player|p2|\n|l| askebom\n|l|\u2606Krisuerte\n|player|p1|\n","uploadtime":1721756142,"views":44,"formatid":"gen9vgc2024regg","rating":1716,"private":0,"password":null}