{"id":"gen9vgc2024regg-2166068901","format":"[Gen 9] VGC 2024 Reg G","players":["Phononmode","Billy_HMD"],"log":"|j|\u2606Phononmode\n|j|\u2606Billy_HMD\n|t:|1721753555\n|gametype|doubles\n|player|p1|Phononmode|266|1677\n|player|p2|Billy_HMD|dawn|1808\n|teamsize|p1|6\n|teamsize|p2|6\n|gen|9\n|tier|[Gen 9] VGC 2024 Reg G\n|rated|\n|rule|Species Clause: Limit one of each Pok\u00e9mon\n|rule|Item Clause: Limit one of each item\n|clearpoke\n|poke|p1|Miraidon, L50|\n|poke|p1|Sceptile, L50, F|\n|poke|p1|Dondozo, L50, F|\n|poke|p1|Tatsugiri, L50, M|\n|poke|p1|Whimsicott, L50, F|\n|poke|p1|Incineroar, L50, F|\n|poke|p2|Zamazenta-*, L50|\n|poke|p2|Volcarona, L50, M|\n|poke|p2|Grimmsnarl, L50, M|\n|poke|p2|Landorus-Therian, L50, M|\n|poke|p2|Rillaboom, L50, F|\n|poke|p2|Raging Bolt, L50|\n|teampreview|4\n|inactive|Battle timer is ON: inactive players will automatically lose when time's up. (requested by Billy_HMD)\nPhononmode has agreed to open team sheets.\n|j| Therazer456\n|j| Mangan25\n|inactive|Phononmode has 60 seconds left.\n|inactive|Phononmode has 30 seconds left.\n|inactive|Phononmode has 20 seconds left.\n|inactive|Phononmode has 15 seconds left.\n|inactive|Phononmode has 10 seconds left.\n|\n|t:|1721753639\n|start\n|switch|p1a: Sceptile|Sceptile, L50, F|100\/100\n|switch|p1b: Miraidon|Miraidon, L50|100\/100\n|switch|p2a: Landorus|Landorus-Therian, L50, M|100\/100\n|switch|p2b: Rillaboom|Rillaboom, L50, F|100\/100\n|-ability|p2a: Landorus|Intimidate|boost\n|-unboost|p1a: Sceptile|atk|1\n|-unboost|p1b: Miraidon|atk|1\n|-fieldstart|move: Electric Terrain|[from] ability: Hadron Engine|[of] p1b: Miraidon\n|-enditem|p1a: Sceptile|Electric Seed\n|-boost|p1a: Sceptile|def|1|[from] item: Electric Seed\n|-fieldstart|move: Grassy Terrain|[from] ability: Grassy Surge|[of] p2b: Rillaboom\n|turn|1\n|inactive|Billy_HMD has 30 seconds left.\n|\n|t:|1721753670\n|-terastallize|p1a: Sceptile|Ghost\n|move|p1b: Miraidon|Protect|p1b: Miraidon\n|-singleturn|p1b: Miraidon|Protect\n|move|p2b: Rillaboom|Fake Out|p1a: Sceptile\n|-immune|p1a: Sceptile\n|move|p1a: Sceptile|Leaf Storm|p2a: Landorus\n|-damage|p2a: Landorus|20\/100\n|-unboost|p1a: Sceptile|spa|2\n|move|p2a: Landorus|U-turn|p1a: Sceptile\n|-resisted|p1a: Sceptile\n|-crit|p1a: Sceptile\n|-damage|p1a: Sceptile|69\/100\n|\n|t:|1721753679\n|switch|p2a: Volcarona|Volcarona, L50, M|100\/100|[from] U-turn\n|\n|-heal|p1a: Sceptile|75\/100|[from] Grassy Terrain\n|upkeep\n|turn|2\n|\n|t:|1721753698\n|move|p1a: Sceptile|Dragon Cheer|p1b: Miraidon\n|-start|p1b: Miraidon|move: Dragon Cheer\n|move|p1b: Miraidon|Draco Meteor|p2a: Volcarona|[miss]\n|-miss|p1b: Miraidon|p2a: Volcarona\n|move|p2a: Volcarona|Quiver Dance|p2a: Volcarona\n|-boost|p2a: Volcarona|spa|1\n|-boost|p2a: Volcarona|spd|1\n|-boost|p2a: Volcarona|spe|1\n|move|p2b: Rillaboom|Wood Hammer|p1a: Sceptile\n|-damage|p1a: Sceptile|0 fnt\n|faint|p1a: Sceptile\n|-damage|p2b: Rillaboom|82\/100|[from] Recoil\n|\n|-heal|p2b: Rillaboom|88\/100|[from] Grassy Terrain\n|upkeep\n|\n|t:|1721753705\n|switch|p1a: Dondozo|Dondozo, L50, F|100\/100\n|turn|3\n|j| shanehuang\n|\n|t:|1721753725\n|move|p1a: Dondozo|Protect|p1a: Dondozo\n|-singleturn|p1a: Dondozo|Protect\n|move|p1b: Miraidon|Draco Meteor|p2b: Rillaboom\n|-crit|p2b: Rillaboom\n|-damage|p2b: Rillaboom|0 fnt\n|-unboost|p1b: Miraidon|spa|2\n|faint|p2b: Rillaboom\n|move|p2a: Volcarona|Heat Wave|p1a: Dondozo|[spread] p1b\n|-activate|p1a: Dondozo|move: Protect\n|-resisted|p1b: Miraidon\n|-damage|p1b: Miraidon|76\/100\n|\n|-heal|p1b: Miraidon|82\/100|[from] Grassy Terrain\n|upkeep\n|\n|t:|1721753732\n|switch|p2b: Landorus|Landorus-Therian, L50, M|20\/100\n|-ability|p2b: Landorus|Intimidate|boost\n|-unboost|p1a: Dondozo|atk|1\n|-unboost|p1b: Miraidon|atk|1\n|turn|4\n|j| byBatiCorn\n|\n|t:|1721753754\n|-terastallize|p2a: Volcarona|Water\n|move|p2b: Landorus|U-turn|p1a: Dondozo\n|-damage|p1a: Dondozo|81\/100\n|\n|t:|1721753756\n|switch|p2b: Zamazenta|Zamazenta-Crowned, L50|100\/100|[from] U-turn\n|-ability|p2b: Zamazenta|Dauntless Shield|boost\n|-boost|p2b: Zamazenta|def|1\n|move|p1b: Miraidon|Draco Meteor|p2a: Volcarona\n|-crit|p2a: Volcarona\n|-damage|p2a: Volcarona|8\/100\n|-unboost|p1b: Miraidon|spa|2\n|move|p2a: Volcarona|Bug Buzz|p1a: Dondozo\n|-damage|p1a: Dondozo|40\/100\n|move|p1a: Dondozo|Order Up|p2b: Zamazenta\n|-resisted|p2b: Zamazenta\n|-damage|p2b: Zamazenta|96\/100\n|\n|-heal|p1b: Miraidon|88\/100|[from] Grassy Terrain\n|-heal|p2a: Volcarona|15\/100|[from] Grassy Terrain\n|-heal|p2a: Volcarona|21\/100|[from] item: Leftovers\n|-heal|p2b: Zamazenta|100\/100|[from] Grassy Terrain\n|-heal|p1a: Dondozo|47\/100|[from] Grassy Terrain\n|-heal|p1a: Dondozo|53\/100|[from] item: Leftovers\n|upkeep\n|turn|5\n|inactive|Billy_HMD has 30 seconds left.\n|\n|t:|1721753788\n|move|p2a: Volcarona|Protect|p2a: Volcarona\n|-singleturn|p2a: Volcarona|Protect\n|move|p1a: Dondozo|Protect|p1a: Dondozo\n|-singleturn|p1a: Dondozo|Protect\n|move|p1b: Miraidon|Parabolic Charge|p2b: Zamazenta|[spread] p2b\n|-activate|p1a: Dondozo|move: Protect\n|-activate|p2a: Volcarona|move: Protect\n|-crit|p2b: Zamazenta\n|-damage|p2b: Zamazenta|71\/100\n|-heal|p1b: Miraidon|100\/100|[from] drain|[of] p2b: Zamazenta\n|move|p2b: Zamazenta|Body Press|p1b: Miraidon\n|-damage|p1b: Miraidon|38\/100\n|\n|-heal|p1b: Miraidon|44\/100|[from] Grassy Terrain\n|-heal|p2a: Volcarona|27\/100|[from] Grassy Terrain\n|-heal|p2a: Volcarona|33\/100|[from] item: Leftovers\n|-heal|p2b: Zamazenta|77\/100|[from] Grassy Terrain\n|-heal|p1a: Dondozo|59\/100|[from] Grassy Terrain\n|-heal|p1a: Dondozo|65\/100|[from] item: Leftovers\n|-fieldend|move: Grassy Terrain\n|upkeep\n|turn|6\n|inactive|Phononmode has 30 seconds left.\n|inactive|Billy_HMD has 30 seconds left.\n|\n|t:|1721753816\n|switch|p1b: Tatsugiri|Tatsugiri, L50, M|100\/100\n|-activate|p1b: Tatsugiri|ability: Commander|[of] p1a: Dondozo\n|-boost|p1a: Dondozo|atk|2\n|-boost|p1a: Dondozo|spa|2\n|-boost|p1a: Dondozo|spe|2\n|-boost|p1a: Dondozo|def|2\n|-boost|p1a: Dondozo|spd|2\n|move|p2b: Zamazenta|Wide Guard|p2b: Zamazenta\n|-singleturn|p2b: Zamazenta|Wide Guard\n|move|p2a: Volcarona|Bug Buzz|p1b: Tatsugiri|[miss]\n|-miss|p2a: Volcarona|p1b: Tatsugiri\n|move|p1a: Dondozo|Order Up|p2a: Volcarona\n|-damage|p2a: Volcarona|2\/100\n|-boost|p1a: Dondozo|atk|1\n|\n|-heal|p2a: Volcarona|8\/100|[from] item: Leftovers\n|-heal|p1a: Dondozo|71\/100|[from] item: Leftovers\n|upkeep\n|turn|7\n|\n|t:|1721753835\n|move|p2a: Volcarona|Protect|p2a: Volcarona\n|-singleturn|p2a: Volcarona|Protect\n|move|p1a: Dondozo|Wave Crash|p2b: Zamazenta\n|-damage|p2b: Zamazenta|23\/100\n|-damage|p1a: Dondozo|55\/100|[from] Recoil\n|move|p2b: Zamazenta|Body Press|p1a: Dondozo\n|-damage|p1a: Dondozo|38\/100\n|\n|-heal|p2a: Volcarona|15\/100|[from] item: Leftovers\n|-heal|p1a: Dondozo|44\/100|[from] item: Leftovers\n|upkeep\n|turn|8\n|\n|t:|1721753848\n|move|p2a: Volcarona|Bug Buzz|p1a: Dondozo\n|-damage|p1a: Dondozo|24\/100\n|move|p1a: Dondozo|Order Up|p2a: Volcarona\n|-damage|p2a: Volcarona|0 fnt\n|faint|p2a: Volcarona\n|-boost|p1a: Dondozo|atk|1\n|move|p2b: Zamazenta|Body Press|p1a: Dondozo\n|-damage|p1a: Dondozo|8\/100\n|\n|-heal|p1a: Dondozo|14\/100|[from] item: Leftovers\n|upkeep\n|\n|t:|1721753852\n|switch|p2a: Landorus|Landorus-Therian, L50, M|20\/100\n|-ability|p2a: Landorus|Intimidate|boost\n|-unboost|p1a: Dondozo|atk|1\n|-unboost|p1b: Tatsugiri|atk|1\n|turn|9\n|\n|t:|1721753862\n|move|p1a: Dondozo|Protect|p1a: Dondozo\n|-singleturn|p1a: Dondozo|Protect\n|move|p2a: Landorus|Stomping Tantrum|p1a: Dondozo\n|-activate|p1a: Dondozo|move: Protect\n|move|p2b: Zamazenta|Body Press|p1a: Dondozo\n|-activate|p1a: Dondozo|move: Protect\n|\n|-heal|p1a: Dondozo|20\/100|[from] item: Leftovers\n|upkeep\n|turn|10\n|\n|t:|1721753871\n|move|p1a: Dondozo|Protect||[still]\n|-fail|p1a: Dondozo\n|move|p2a: Landorus|Stomping Tantrum|p1a: Dondozo\n|-damage|p1a: Dondozo|6\/100\n|move|p2b: Zamazenta|Body Press|p1a: Dondozo\n|-damage|p1a: Dondozo|0 fnt\n|faint|p1a: Dondozo\n|\n|upkeep\n|\n|t:|1721753876\n|switch|p1a: Miraidon|Miraidon, L50|44\/100\n|-fieldstart|move: Electric Terrain|[from] ability: Hadron Engine|[of] p1a: Miraidon\n|turn|11\n|\n|t:|1721753893\n|move|p2a: Landorus|Stomping Tantrum|p1b: Tatsugiri\n|-damage|p1b: Tatsugiri|16\/100\n|move|p1a: Miraidon|Electro Drift|p2b: Zamazenta\n|-damage|p2b: Zamazenta|0 fnt\n|faint|p2b: Zamazenta\n|move|p1b: Tatsugiri|Muddy Water|p2a: Landorus\n|-supereffective|p2a: Landorus\n|-damage|p2a: Landorus|0 fnt\n|faint|p2a: Landorus\n|\n|win|Phononmode\n|raw|Phononmode's rating: 1677 &rarr; <strong>1704<\/strong><br \/>(+27 for winning)\n|raw|Billy_HMD's rating: 1808 &rarr; <strong>1781<\/strong><br \/>(-27 for losing)\n|l|\u2606Billy_HMD\n|player|p2|\n|l| byBatiCorn\n|l|\u2606Phononmode\n|player|p1|\n|l| shanehuang\n","uploadtime":1721754060,"views":12,"formatid":"gen9vgc2024regg","rating":1704,"private":0,"password":null}