{"id":"gen9vgc2024regg-2166923909","format":"[Gen 9] VGC 2024 Reg G","players":["shuijunjun\u7ea2\u83b2\u94e0\u9a91\u4fa0","Psyducks in 6"],"log":"|j|\u2606shuijunjun\u7ea2\u83b2\u94e0\u9a91\u4fa0\n|j|\u2606Psyducks in 6\n|t:|1721869033\n|gametype|doubles\n|player|p1|shuijunjun\u7ea2\u83b2\u94e0\u9a91\u4fa0|iono|1701\n|player|p2|Psyducks in 6|hiker-gen4|1702\n|teamsize|p1|6\n|teamsize|p2|6\n|gen|9\n|tier|[Gen 9] VGC 2024 Reg G\n|rated|\n|rule|Species Clause: Limit one of each Pok\u00e9mon\n|rule|Item Clause: Limit one of each item\n|clearpoke\n|poke|p1|Armarouge, L50, F|\n|poke|p1|Zamazenta-*, L50|\n|poke|p1|Indeedee, L50, M|\n|poke|p1|Roaring Moon, L50|\n|poke|p1|Gholdengo, L50|\n|poke|p1|Urshifu-*, L50, F|\n|poke|p2|Zamazenta-*, L50|\n|poke|p2|Volcarona, L50, F|\n|poke|p2|Ursaluna-Bloodmoon, L50, M|\n|poke|p2|Ogerpon-Wellspring, L50, F|\n|poke|p2|Grimmsnarl, L50, M|\n|poke|p2|Farigiraf, L50, M|\n|teampreview|4\n|\n|t:|1721869097\n|start\n|switch|p1a: \u6708\u7ffc\u4e01\u771f|Roaring Moon, L50|100\/100\n|switch|p1b: \u715c\u708e\u4e01\u771f|Armarouge, L50, F, shiny|100\/100\n|switch|p2a: Grimmsnarl|Grimmsnarl, L50, M|100\/100\n|switch|p2b: Volcarona|Volcarona, L50, F|100\/100\n|-enditem|p1a: \u6708\u7ffc\u4e01\u771f|Booster Energy\n|-activate|p1a: \u6708\u7ffc\u4e01\u771f|ability: Protosynthesis|[fromitem]\n|-start|p1a: \u6708\u7ffc\u4e01\u771f|protosynthesisspe\n|turn|1\n|\n|t:|1721869126\n|move|p2b: Volcarona|Protect|p2b: Volcarona\n|-singleturn|p2b: Volcarona|Protect\n|move|p2a: Grimmsnarl|Reflect|p2a: Grimmsnarl\n|-sidestart|p2: Psyducks in 6|Reflect\n|move|p1a: \u6708\u7ffc\u4e01\u771f|Earthquake|p2b: Volcarona|[spread] p1b,p2a\n|-activate|p2b: Volcarona|move: Protect\n|-supereffective|p1b: \u715c\u708e\u4e01\u771f\n|-damage|p1b: \u715c\u708e\u4e01\u771f|52\/100\n|-damage|p2a: Grimmsnarl|86\/100\n|-ability|p1b: \u715c\u708e\u4e01\u771f|Weak Armor|boost\n|-unboost|p1b: \u715c\u708e\u4e01\u771f|def|1\n|-boost|p1b: \u715c\u708e\u4e01\u771f|spe|2\n|-enditem|p1b: \u715c\u708e\u4e01\u771f|Weakness Policy\n|-boost|p1b: \u715c\u708e\u4e01\u771f|atk|2|[from] item: Weakness Policy\n|-boost|p1b: \u715c\u708e\u4e01\u771f|spa|2|[from] item: Weakness Policy\n|move|p1b: \u715c\u708e\u4e01\u771f|Stored Power|p2b: Volcarona\n|-activate|p2b: Volcarona|move: Protect\n|\n|upkeep\n|turn|2\n|\n|t:|1721869145\n|move|p1b: \u715c\u708e\u4e01\u771f|Protect|p1b: \u715c\u708e\u4e01\u771f\n|-singleturn|p1b: \u715c\u708e\u4e01\u771f|Protect\n|move|p2a: Grimmsnarl|Light Screen|p2a: Grimmsnarl\n|-sidestart|p2: Psyducks in 6|move: Light Screen\n|move|p1a: \u6708\u7ffc\u4e01\u771f|Acrobatics|p2b: Volcarona\n|-supereffective|p2b: Volcarona\n|-damage|p2b: Volcarona|52\/100\n|move|p2b: Volcarona|Quiver Dance|p2b: Volcarona\n|-boost|p2b: Volcarona|spa|1\n|-boost|p2b: Volcarona|spd|1\n|-boost|p2b: Volcarona|spe|1\n|\n|-heal|p2b: Volcarona|58\/100|[from] item: Leftovers\n|upkeep\n|turn|3\n|\n|t:|1721869158\n|-end|p1a: \u6708\u7ffc\u4e01\u771f|Protosynthesis|[silent]\n|switch|p1a: \u610f\u8335\u4e01\u771f|Indeedee, L50, M|100\/100\n|-fieldstart|move: Psychic Terrain|[from] ability: Psychic Surge|[of] p1a: \u610f\u8335\u4e01\u771f\n|move|p2b: Volcarona|Protect|p2b: Volcarona\n|-singleturn|p2b: Volcarona|Protect\n|move|p2a: Grimmsnarl|Thunder Wave|p1b: \u715c\u708e\u4e01\u771f\n|-activate|p1b: \u715c\u708e\u4e01\u771f|move: Psychic Terrain\n|move|p1b: \u715c\u708e\u4e01\u771f|Heat Wave|p2b: Volcarona|[spread] p2a\n|-activate|p2b: Volcarona|move: Protect\n|-damage|p2a: Grimmsnarl|38\/100\n|\n|-heal|p2b: Volcarona|64\/100|[from] item: Leftovers\n|upkeep\n|turn|4\n|\n|t:|1721869177\n|move|p1b: \u715c\u708e\u4e01\u771f|Heat Wave|p2b: Volcarona|[spread] p2a,p2b\n|-damage|p2a: Grimmsnarl|0 fnt\n|-damage|p2b: Volcarona|35\/100\n|faint|p2a: Grimmsnarl\n|move|p1a: \u610f\u8335\u4e01\u771f|Encore|p2b: Volcarona\n|-start|p2b: Volcarona|Encore\n|move|p2b: Volcarona|Protect||[still]\n|-fail|p2b: Volcarona\n|\n|-heal|p2b: Volcarona|41\/100|[from] item: Leftovers\n|upkeep\n|\n|t:|1721869191\n|switch|p2a: Ogerpon|Ogerpon-Wellspring, L50, F|100\/100\n|turn|5\n|\n|t:|1721869197\n|switch|p1a: \u6708\u7ffc\u4e01\u771f|Roaring Moon, L50|100\/100\n|-terastallize|p1b: \u715c\u708e\u4e01\u771f|Stellar\n|-terastallize|p2a: Ogerpon|Water\n|detailschange|p2a: Ogerpon|Ogerpon-Wellspring-Tera, L50, F, tera:Water\n|-ability|p2a: Ogerpon|Embody Aspect (Wellspring)|boost\n|-boost|p2a: Ogerpon|spd|1\n|move|p2b: Volcarona|Protect|p2b: Volcarona\n|-singleturn|p2b: Volcarona|Protect\n|move|p1b: \u715c\u708e\u4e01\u771f|Stored Power|p2a: Ogerpon\n|-damage|p2a: Ogerpon|0 fnt\n|faint|p2a: Ogerpon\n|\n|-heal|p2b: Volcarona|47\/100|[from] item: Leftovers\n|upkeep\n|-message|Psyducks in 6 forfeited.\n|\n|win|shuijunjun\u7ea2\u83b2\u94e0\u9a91\u4fa0\n|raw|shuijunjun\u7ea2\u83b2\u94e0\u9a91\u4fa0's rating: 1701 &rarr; <strong>1721<\/strong><br \/>(+20 for winning)\n|raw|Psyducks in 6's rating: 1702 &rarr; <strong>1682<\/strong><br \/>(-20 for losing)\n|l|\u2606Psyducks in 6\n|player|p2|\n|l|\u2606shuijunjun\u7ea2\u83b2\u94e0\u9a91\u4fa0\n|player|p1|\n","uploadtime":1721869402,"views":38,"formatid":"gen9vgc2024regg","rating":1682,"private":0,"password":null}