{"id":"gen9vgc2024regg-2166590960","format":"[Gen 9] VGC 2024 Reg G","players":["Billy_HMD","HamstermaniaCZ"],"log":"|j|\u2606Billy_HMD\n|j|\u2606HamstermaniaCZ\n|t:|1721829614\n|gametype|doubles\n|player|p1|Billy_HMD|dawn|1827\n|player|p2|HamstermaniaCZ|acetrainersnow|1702\n|teamsize|p1|6\n|teamsize|p2|6\n|gen|9\n|tier|[Gen 9] VGC 2024 Reg G\n|rated|\n|rule|Species Clause: Limit one of each Pok\u00e9mon\n|rule|Item Clause: Limit one of each item\n|clearpoke\n|poke|p1|Zamazenta-*, L50|\n|poke|p1|Volcarona, L50, F|\n|poke|p1|Grimmsnarl, L50, M|\n|poke|p1|Landorus-Therian, L50, M|\n|poke|p1|Rillaboom, L50, M|\n|poke|p1|Raging Bolt, L50|\n|poke|p2|Groudon, L50|\n|poke|p2|Brute Bonnet, L50|\n|poke|p2|Chi-Yu, L50|\n|poke|p2|Lilligant-Hisui, L50, F|\n|poke|p2|Raging Bolt, L50|\n|poke|p2|Walking Wake, L50|\n|teampreview|4\n|inactive|Battle timer is ON: inactive players will automatically lose when time's up. (requested by Billy_HMD)\n|inactive|Billy_HMD has 60 seconds left.\n|\n|t:|1721829647\n|start\n|switch|p1a: Grimmsnarl|Grimmsnarl, L50, M|100\/100\n|switch|p1b: Landorus|Landorus-Therian, L50, M|100\/100\n|switch|p2a: Groudon|Groudon, L50|100\/100\n|switch|p2b: Lilligant|Lilligant-Hisui, L50, F|100\/100\n|-ability|p1b: Landorus|Intimidate|boost\n|-fail|p2a: Groudon|unboost|[from] item: Clear Amulet|[of] p2a: Groudon\n|-unboost|p2b: Lilligant|atk|1\n|-weather|SunnyDay|[from] ability: Drought|[of] p2a: Groudon\n|turn|1\n|\n|t:|1721829660\n|-terastallize|p1b: Landorus|Flying\n|move|p1a: Grimmsnarl|Reflect|p1a: Grimmsnarl\n|-sidestart|p1: Billy_HMD|Reflect\n|move|p2b: Lilligant|Sleep Powder|p1b: Landorus|[miss]\n|-miss|p2b: Lilligant|p1b: Landorus\n|move|p1b: Landorus|Tera Blast|p2b: Lilligant|[anim] Tera Blast Flying\n|-supereffective|p2b: Lilligant\n|-damage|p2b: Lilligant|0 fnt\n|faint|p2b: Lilligant\n|move|p2a: Groudon|Swords Dance|p2a: Groudon\n|-boost|p2a: Groudon|atk|2\n|\n|-weather|SunnyDay|[upkeep]\n|upkeep\n|j| mohamedcarnicero\n|inactive|HamstermaniaCZ has 30 seconds left.\n|inactive|HamstermaniaCZ has 20 seconds left.\n|\n|t:|1721829695\n|switch|p2b: Walking Wake|Walking Wake, L50|100\/100\n|-activate|p2b: Walking Wake|ability: Protosynthesis\n|-start|p2b: Walking Wake|protosynthesisspe\n|turn|2\n|\n|t:|1721829713\n|move|p1a: Grimmsnarl|Thunder Wave|p2b: Walking Wake\n|-status|p2b: Walking Wake|par\n|move|p1b: Landorus|Tera Blast|p2a: Groudon|[anim] Tera Blast Flying\n|-damage|p2a: Groudon|59\/100\n|cant|p2b: Walking Wake|par\n|move|p2a: Groudon|Heat Crash|p1a: Grimmsnarl\n|-crit|p1a: Grimmsnarl\n|-damage|p1a: Grimmsnarl|0 fnt\n|faint|p1a: Grimmsnarl\n|\n|-weather|SunnyDay|[upkeep]\n|upkeep\n|inactive|Billy_HMD has 30 seconds left.\n|\n|t:|1721829738\n|switch|p1a: Zamazenta|Zamazenta-Crowned, L50|100\/100\n|-ability|p1a: Zamazenta|Dauntless Shield|boost\n|-boost|p1a: Zamazenta|def|1\n|turn|3\n|j| drifttt\n|inactive|Billy_HMD has 30 seconds left.\n|inactive|HamstermaniaCZ has 30 seconds left.\n|inactive|HamstermaniaCZ has 20 seconds left.\n|inactive|HamstermaniaCZ has 15 seconds left.\n|inactive|HamstermaniaCZ has 10 seconds left.\n|\n|t:|1721829785\n|move|p1b: Landorus|Tera Blast|p2a: Groudon|[anim] Tera Blast Flying\n|-damage|p2a: Groudon|22\/100\n|move|p1a: Zamazenta|Body Press|p2a: Groudon\n|-damage|p2a: Groudon|0 fnt\n|faint|p2a: Groudon\n|move|p2b: Walking Wake|Hydro Steam|p1a: Zamazenta\n|-damage|p1a: Zamazenta|43\/100\n|\n|-weather|SunnyDay|[upkeep]\n|upkeep\n|\n|t:|1721829790\n|switch|p2a: Chi-Yu|Chi-Yu, L50|100\/100\n|-ability|p2a: Chi-Yu|Beads of Ruin\n|turn|4\n|\n|t:|1721829813\n|-terastallize|p2a: Chi-Yu|Fire\n|move|p1b: Landorus|Tera Blast|p2b: Walking Wake|[anim] Tera Blast Flying\n|-damage|p2b: Walking Wake|40\/100 par\n|move|p2a: Chi-Yu|Overheat|p1b: Landorus\n|-damage|p1b: Landorus|0 fnt\n|-unboost|p2a: Chi-Yu|spa|2\n|faint|p1b: Landorus\n|move|p1a: Zamazenta|Body Press|p2b: Walking Wake\n|-damage|p2b: Walking Wake|0 fnt\n|faint|p2b: Walking Wake\n|-end|p2b: Walking Wake|Protosynthesis|[silent]\n|\n|-weather|SunnyDay|[upkeep]\n|upkeep\n|\n|t:|1721829819\n|switch|p1b: Raging Bolt|Raging Bolt, L50|100\/100\n|-activate|p1b: Raging Bolt|ability: Protosynthesis\n|-start|p1b: Raging Bolt|protosynthesisspa\n|turn|5\n|\n|t:|1721829838\n|move|p2a: Chi-Yu|Overheat|p1a: Zamazenta\n|-supereffective|p1a: Zamazenta\n|-damage|p1a: Zamazenta|0 fnt\n|-unboost|p2a: Chi-Yu|spa|2\n|faint|p1a: Zamazenta\n|move|p1b: Raging Bolt|Thunderbolt|p2a: Chi-Yu\n|-damage|p2a: Chi-Yu|0 fnt\n|faint|p2a: Chi-Yu\n|-damage|p1b: Raging Bolt|91\/100|[from] item: Life Orb\n|\n|win|Billy_HMD\n|raw|Billy_HMD's rating: 1827 &rarr; <strong>1840<\/strong><br \/>(+13 for winning)\n|raw|HamstermaniaCZ's rating: 1702 &rarr; <strong>1689<\/strong><br \/>(-13 for losing)\n|l|\u2606Billy_HMD\n|player|p1|\n|l| mohamedcarnicero\n|l| drifttt\n","uploadtime":1721829845,"views":87,"formatid":"gen9vgc2024regg","rating":1689,"private":0,"password":null}