{"id":"gen9vgc2024regg-2166414458","format":"[Gen 9] VGC 2024 Reg G","players":["greenlightdmp","radioiamp"],"log":"|j|\u2606greenlightdmp\n|j|\u2606radioiamp\n|t:|1721797834\n|gametype|doubles\n|player|p1|greenlightdmp|2|1713\n|player|p2|radioiamp|170|1690\n|teamsize|p1|6\n|teamsize|p2|6\n|gen|9\n|tier|[Gen 9] VGC 2024 Reg G\n|rated|\n|rule|Species Clause: Limit one of each Pok\u00e9mon\n|rule|Item Clause: Limit one of each item\n|clearpoke\n|poke|p1|Calyrex-Ice, L50|\n|poke|p1|Smeargle, L50, F|\n|poke|p1|Ursaluna-Bloodmoon, L50, M|\n|poke|p1|Indeedee-F, L50, F|\n|poke|p1|Amoonguss, L50, M|\n|poke|p1|Raging Bolt, L50|\n|poke|p2|Kyogre, L50|\n|poke|p2|Tornadus, L50, M|\n|poke|p2|Raichu, L50, F|\n|poke|p2|Dragonite, L50, F|\n|poke|p2|Kingambit, L50, F|\n|poke|p2|Goodra-Hisui, L50, M|\n|teampreview|4\n|j| pogafina\n|\n|t:|1721797880\n|start\n|switch|p1a: Amoonguss|Amoonguss, L50, M|100\/100\n|switch|p1b: Raging Bolt|Raging Bolt, L50|100\/100\n|switch|p2a: Kyogre|Kyogre, L50|100\/100\n|switch|p2b: Goodra|Goodra-Hisui, L50, M|100\/100\n|-weather|RainDance|[from] ability: Drizzle|[of] p2a: Kyogre\n|turn|1\n|\n|t:|1721797911\n|move|p2a: Kyogre|Protect|p2a: Kyogre\n|-singleturn|p2a: Kyogre|Protect\n|move|p1b: Raging Bolt|Snarl|p2a: Kyogre|[spread] p2b\n|-activate|p2a: Kyogre|move: Protect\n|-damage|p2b: Goodra|91\/100\n|-unboost|p2b: Goodra|spa|1\n|move|p2b: Goodra|Heavy Slam|p1a: Amoonguss\n|-crit|p1a: Amoonguss\n|-damage|p1a: Amoonguss|53\/100\n|move|p1a: Amoonguss|Spore|p2b: Goodra\n|-activate|p2b: Goodra|item: Safety Goggles|Spore\n|\n|-weather|RainDance|[upkeep]\n|upkeep\n|turn|2\n|\n|t:|1721797931\n|switch|p2b: Raichu|Raichu, L50, F|100\/100\n|-terastallize|p2a: Kyogre|Water\n|move|p2a: Kyogre|Water Spout|p1b: Raging Bolt|[spread] p1a,p1b\n|-resisted|p1a: Amoonguss\n|-resisted|p1b: Raging Bolt\n|-damage|p1a: Amoonguss|0 fnt\n|-damage|p1b: Raging Bolt|57\/100\n|faint|p1a: Amoonguss\n|move|p1b: Raging Bolt|Snarl|p2b: Raichu|[spread] p2a,p2b\n|-damage|p2a: Kyogre|89\/100\n|-damage|p2b: Raichu|79\/100\n|-unboost|p2a: Kyogre|spa|1\n|-unboost|p2b: Raichu|spa|1\n|\n|-weather|RainDance|[upkeep]\n|upkeep\n|\n|t:|1721797946\n|switch|p1a: Calyrex|Calyrex-Ice, L50|100\/100\n|-ability|p1a: Calyrex|As One\n|-ability|p1a: Calyrex|Unnerve\n|turn|3\n|\n|t:|1721797971\n|switch|p2b: Kingambit|Kingambit, L50, F|100\/100\n|move|p1a: Calyrex|Protect|p1a: Calyrex\n|-singleturn|p1a: Calyrex|Protect\n|move|p2a: Kyogre|Water Spout|p1b: Raging Bolt|[spread] p1b\n|-activate|p1a: Calyrex|move: Protect\n|-resisted|p1b: Raging Bolt\n|-damage|p1b: Raging Bolt|32\/100\n|move|p1b: Raging Bolt|Draco Meteor|p2b: Kingambit\n|-resisted|p2b: Kingambit\n|-damage|p2b: Kingambit|77\/100\n|-unboost|p1b: Raging Bolt|spa|2\n|\n|-weather|RainDance|[upkeep]\n|upkeep\n|turn|4\n|\n|t:|1721797996\n|-terastallize|p1a: Calyrex|Water\n|move|p1b: Raging Bolt|Thunderclap|p2a: Kyogre\n|-supereffective|p2a: Kyogre\n|-damage|p2a: Kyogre|60\/100\n|move|p2a: Kyogre|Water Spout|p1a: Calyrex|[spread] p1a,p1b\n|-resisted|p1a: Calyrex\n|-resisted|p1b: Raging Bolt\n|-damage|p1a: Calyrex|75\/100\n|-damage|p1b: Raging Bolt|11\/100\n|move|p2b: Kingambit|Kowtow Cleave|p1a: Calyrex\n|-crit|p1a: Calyrex\n|-damage|p1a: Calyrex|27\/100\n|move|p1a: Calyrex|Trick Room|p1a: Calyrex\n|-fieldstart|move: Trick Room|[of] p1a: Calyrex\n|\n|-weather|RainDance|[upkeep]\n|upkeep\n|turn|5\n|\n|t:|1721798030\n|switch|p2a: Raichu|Raichu, L50, F|79\/100\n|move|p1a: Calyrex|Protect|p1a: Calyrex\n|-singleturn|p1a: Calyrex|Protect\n|move|p2b: Kingambit|Sucker Punch||[still]\n|-fail|p2b: Kingambit\n|move|p1b: Raging Bolt|Volt Switch|p2a: Raichu\n|-ability|p2a: Raichu|Lightning Rod|boost\n|-boost|p2a: Raichu|spa|1\n|\n|-weather|none\n|upkeep\n|turn|6\n|\n|t:|1721798051\n|switch|p1a: Ursaluna|Ursaluna-Bloodmoon, L50, M|100\/100\n|move|p2a: Raichu|Fake Out|p1a: Ursaluna\n|-damage|p1a: Ursaluna|95\/100\n|move|p2b: Kingambit|Kowtow Cleave|p1a: Ursaluna\n|-damage|p1a: Ursaluna|62\/100\n|move|p1b: Raging Bolt|Draco Meteor|p2a: Raichu\n|-damage|p2a: Raichu|21\/100\n|-unboost|p1b: Raging Bolt|spa|2\n|\n|upkeep\n|turn|7\n|\n|t:|1721798069\n|-end|p1b: Raging Bolt|Protosynthesis|[silent]\n|switch|p1b: Calyrex|Calyrex-Ice, L50, tera:Water|27\/100\n|-ability|p1b: Calyrex|As One\n|-ability|p1b: Calyrex|Unnerve\n|move|p2a: Raichu|Protect|p2a: Raichu\n|-singleturn|p2a: Raichu|Protect\n|move|p2b: Kingambit|Sucker Punch||[still]\n|-fail|p2b: Kingambit\n|move|p1a: Ursaluna|Earth Power|p2b: Kingambit\n|-supereffective|p2b: Kingambit\n|-damage|p2b: Kingambit|0 fnt\n|faint|p2b: Kingambit\n|-damage|p1a: Ursaluna|53\/100|[from] item: Life Orb\n|\n|upkeep\n|\n|t:|1721798084\n|switch|p2b: Kyogre|Kyogre, L50, tera:Water|60\/100\n|-weather|RainDance|[from] ability: Drizzle|[of] p2b: Kyogre\n|turn|8\n|\n|t:|1721798102\n|switch|p2a: Goodra|Goodra-Hisui, L50, M|91\/100\n|move|p2b: Kyogre|Protect|p2b: Kyogre\n|-singleturn|p2b: Kyogre|Protect\n|move|p1a: Ursaluna|Blood Moon|p2b: Kyogre\n|-activate|p2b: Kyogre|move: Protect\n|move|p1b: Calyrex|Glacial Lance|p2b: Kyogre|[spread] p2a\n|-activate|p2b: Kyogre|move: Protect\n|-damage|p2a: Goodra|49\/100\n|\n|-weather|RainDance|[upkeep]\n|-fieldend|move: Trick Room\n|upkeep\n|turn|9\n|\n|t:|1721798123\n|move|p1a: Ursaluna|Protect|p1a: Ursaluna\n|-singleturn|p1a: Ursaluna|Protect\n|move|p2b: Kyogre|Water Spout|p1a: Ursaluna|[spread] p1b\n|-activate|p1a: Ursaluna|move: Protect\n|-resisted|p1b: Calyrex\n|-damage|p1b: Calyrex|0 fnt\n|faint|p1b: Calyrex\n|move|p2a: Goodra|Body Press|p1a: Ursaluna\n|-activate|p1a: Ursaluna|move: Protect\n|\n|-weather|RainDance|[upkeep]\n|upkeep\n|\n|t:|1721798129\n|switch|p1b: Raging Bolt|Raging Bolt, L50|11\/100\n|turn|10\n|\n|t:|1721798154\n|switch|p2a: Raichu|Raichu, L50, F|21\/100\n|move|p1b: Raging Bolt|Thunderclap||[still]\n|-activate|p2a: Raichu|ability: Lightning Rod\n|-fail|p1b: Raging Bolt\n|move|p2b: Kyogre|Water Spout|p1b: Raging Bolt|[spread] p1a,p1b\n|-supereffective|p1a: Ursaluna\n|-resisted|p1b: Raging Bolt\n|-damage|p1a: Ursaluna|0 fnt\n|-damage|p1b: Raging Bolt|0 fnt\n|faint|p1a: Ursaluna\n|faint|p1b: Raging Bolt\n|-end|p1b: Raging Bolt|Protosynthesis|[silent]\n|\n|win|radioiamp\n|raw|greenlightdmp's rating: 1713 &rarr; <strong>1692<\/strong><br \/>(-21 for losing)\n|raw|radioiamp's rating: 1690 &rarr; <strong>1711<\/strong><br \/>(+21 for winning)\n|l|\u2606greenlightdmp\n|player|p1|\n|l|\u2606radioiamp\n|player|p2|\n|l| pogafina\n","uploadtime":1721798295,"views":16,"formatid":"gen9vgc2024regg","rating":1692,"private":0,"password":null}