{"id":"gen9vgc2024regg-2166467661","format":"[Gen 9] VGC 2024 Reg G","players":["Read Book","shulivgc"],"log":"|j|\u2606Read Book\n|j|\u2606shulivgc\n|t:|1721808803\n|gametype|doubles\n|player|p1|Read Book|170|1678\n|player|p2|shulivgc|#smogonxnpa2024draftee2|1876\n|teamsize|p1|6\n|teamsize|p2|6\n|gen|9\n|tier|[Gen 9] VGC 2024 Reg G\n|rated|\n|rule|Species Clause: Limit one of each Pok\u00e9mon\n|rule|Item Clause: Limit one of each item\n|clearpoke\n|poke|p1|Miraidon, L50|\n|poke|p1|Iron Hands, L50|\n|poke|p1|Iron Bundle, L50|\n|poke|p1|Farigiraf, L50, M|\n|poke|p1|Grimmsnarl, L50, M|\n|poke|p1|Landorus, L50, M|\n|poke|p2|Calyrex-Ice, L50|\n|poke|p2|Annihilape, L50, F|\n|poke|p2|Smeargle, L50, M|\n|poke|p2|Ursaluna-Bloodmoon, L50, M|\n|poke|p2|Urshifu-*, L50, F|\n|poke|p2|Ogerpon-Wellspring, L50, F|\n|teampreview|4\n|inactive|Battle timer is ON: inactive players will automatically lose when time's up. (requested by Read Book)\n|inactive|Read Book has 60 seconds left.\n|\n|t:|1721808862\n|start\n|switch|p1a: Miraidon|Miraidon, L50|100\/100\n|switch|p1b: Iron Hands|Iron Hands, L50|100\/100\n|switch|p2a: Calyrex|Calyrex-Ice, L50|100\/100\n|switch|p2b: Smeargle|Smeargle, L50, M|100\/100\n|-ability|p2a: Calyrex|As One\n|-ability|p2a: Calyrex|Unnerve\n|-fieldstart|move: Electric Terrain|[from] ability: Hadron Engine|[of] p1a: Miraidon\n|-activate|p1b: Iron Hands|ability: Quark Drive\n|-start|p1b: Iron Hands|quarkdriveatk\n|turn|1\n|j| Maushold-13P\n|inactive|Read Book has 30 seconds left.\n|inactive|shulivgc has 30 seconds left.\n|inactive|Read Book has 20 seconds left.\n|inactive|shulivgc has 20 seconds left.\n|inactive|Read Book has 15 seconds left.\n|inactive|shulivgc has 15 seconds left.\n|\n|t:|1721808907\n|move|p2a: Calyrex|Protect|p2a: Calyrex\n|-singleturn|p2a: Calyrex|Protect\n|move|p1b: Iron Hands|Fake Out|p2b: Smeargle\n|-damage|p2b: Smeargle|71\/100\n|move|p1a: Miraidon|Volt Switch|p2b: Smeargle\n|-damage|p2b: Smeargle|0 fnt\n|faint|p2b: Smeargle\n|\n|t:|1721808925\n|switch|p1a: Farigiraf|Farigiraf, L50, M|100\/100|[from] Volt Switch\n|-enditem|p1a: Farigiraf|Electric Seed\n|-boost|p1a: Farigiraf|def|1|[from] item: Electric Seed\n|\n|upkeep\n|\n|t:|1721808933\n|switch|p2b: Urshifu|Urshifu, L50, F|100\/100\n|turn|2\n|\n|t:|1721808955\n|switch|p1a: Grimmsnarl|Grimmsnarl, L50, M|100\/100\n|move|p2b: Urshifu|Wicked Blow|p1a: Grimmsnarl\n|-resisted|p1a: Grimmsnarl\n|-crit|p1a: Grimmsnarl\n|-damage|p1a: Grimmsnarl|77\/100\n|move|p1b: Iron Hands|Drain Punch|p2b: Urshifu\n|-supereffective|p2b: Urshifu\n|-damage|p2b: Urshifu|3\/100\n|move|p2a: Calyrex|Trick Room|p2a: Calyrex\n|-fieldstart|move: Trick Room|[of] p2a: Calyrex\n|\n|upkeep\n|turn|3\n|\n|t:|1721808977\n|move|p1a: Grimmsnarl|Reflect|p1a: Grimmsnarl\n|-sidestart|p1: Read Book|Reflect\n|move|p1b: Iron Hands|Drain Punch|p2b: Urshifu\n|-supereffective|p2b: Urshifu\n|-damage|p2b: Urshifu|0 fnt\n|faint|p2b: Urshifu\n|move|p2a: Calyrex|Glacial Lance|p1b: Iron Hands|[spread] p1a,p1b\n|-damage|p1a: Grimmsnarl|37\/100\n|-damage|p1b: Iron Hands|72\/100\n|\n|upkeep\n|\n|t:|1721808981\n|switch|p2b: Ursaluna|Ursaluna-Bloodmoon, L50, M|100\/100\n|turn|4\n|\n|t:|1721808992\n|-terastallize|p1b: Iron Hands|Water\n|-terastallize|p2b: Ursaluna|Ghost\n|move|p1a: Grimmsnarl|Light Screen|p1a: Grimmsnarl\n|-sidestart|p1: Read Book|move: Light Screen\n|move|p1b: Iron Hands|Drain Punch|p2b: Ursaluna\n|-immune|p2b: Ursaluna\n|move|p2b: Ursaluna|Blood Moon|p1b: Iron Hands\n|-damage|p1b: Iron Hands|33\/100\n|-damage|p2b: Ursaluna|91\/100|[from] item: Life Orb\n|move|p2a: Calyrex|Glacial Lance|p1b: Iron Hands|[spread] p1a,p1b\n|-resisted|p1b: Iron Hands\n|-damage|p1a: Grimmsnarl|0 fnt\n|-damage|p1b: Iron Hands|19\/100\n|faint|p1a: Grimmsnarl\n|-ability|p2a: Calyrex|Chilling Neigh|boost\n|-boost|p2a: Calyrex|atk|1\n|\n|upkeep\n|\n|t:|1721809012\n|switch|p1a: Farigiraf|Farigiraf, L50, M|100\/100\n|turn|5\n|\n|t:|1721809026\n|move|p1a: Farigiraf|Foul Play|p2a: Calyrex\n|-supereffective|p2a: Calyrex\n|-damage|p2a: Calyrex|25\/100\n|-enditem|p2a: Calyrex|Sitrus Berry|[eat]\n|-heal|p2a: Calyrex|50\/100|[from] item: Sitrus Berry\n|move|p1b: Iron Hands|Wild Charge|p2a: Calyrex\n|-damage|p2a: Calyrex|0 fnt\n|faint|p2a: Calyrex\n|-damage|p1b: Iron Hands|8\/100|[from] Recoil\n|move|p2b: Ursaluna|Hyper Voice|p1a: Farigiraf|[spread] p1a,p1b\n|-damage|p1a: Farigiraf|74\/100\n|-damage|p1b: Iron Hands|0 fnt\n|faint|p1b: Iron Hands\n|-end|p1b: Iron Hands|Quark Drive|[silent]\n|-damage|p2b: Ursaluna|81\/100|[from] item: Life Orb\n|\n|-fieldend|move: Electric Terrain\n|upkeep\n|\n|t:|1721809039\n|switch|p1b: Miraidon|Miraidon, L50|100\/100\n|-fieldstart|move: Electric Terrain|[from] ability: Hadron Engine|[of] p1b: Miraidon\n|turn|6\n|\n|t:|1721809049\n|move|p1a: Farigiraf|Foul Play|p2b: Ursaluna\n|-supereffective|p2b: Ursaluna\n|-damage|p2b: Ursaluna|63\/100\n|move|p2b: Ursaluna|Earth Power|p1b: Miraidon\n|-supereffective|p1b: Miraidon\n|-damage|p1b: Miraidon|17\/100\n|-damage|p2b: Ursaluna|54\/100|[from] item: Life Orb\n|move|p1b: Miraidon|Electro Drift|p2b: Ursaluna\n|-damage|p2b: Ursaluna|0 fnt\n|faint|p2b: Ursaluna\n|\n|win|Read Book\n|raw|Read Book's rating: 1678 &rarr; <strong>1708<\/strong><br \/>(+30 for winning)\n|raw|shulivgc's rating: 1876 &rarr; <strong>1846<\/strong><br \/>(-30 for losing)\n|l|\u2606shulivgc\n|player|p2|\n|l|\u2606Read Book\n|player|p1|\n","uploadtime":1721809296,"views":44,"formatid":"gen9vgc2024regg","rating":1708,"private":0,"password":null}