{"id":"gen9vgc2024regg-2166585609","format":"[Gen 9] VGC 2024 Reg G","players":["caZISA","RandomDuVGCFR"],"log":"|j|\u2606caZISA\n|j|\u2606RandomDuVGCFR\n|t:|1721828952\n|gametype|doubles\n|player|p1|caZISA|red|1707\n|player|p2|RandomDuVGCFR|170|1754\n|teamsize|p1|6\n|teamsize|p2|6\n|gen|9\n|tier|[Gen 9] VGC 2024 Reg G\n|rated|\n|rule|Species Clause: Limit one of each Pok\u00e9mon\n|rule|Item Clause: Limit one of each item\n|clearpoke\n|poke|p1|Calyrex-Ice, L50|\n|poke|p1|Urshifu-*, L50, F|\n|poke|p1|Ogerpon-Wellspring, L50, F|\n|poke|p1|Raging Bolt, L50|\n|poke|p1|Torkoal, L50, F|\n|poke|p1|Smeargle, L50, M|\n|poke|p2|Terapagos, L50, M|\n|poke|p2|Tornadus, L50, M|\n|poke|p2|Rillaboom, L50, F|\n|poke|p2|Urshifu-*, L50, F|\n|poke|p2|Chi-Yu, L50|\n|poke|p2|Flutter Mane, L50|\n|teampreview|4\n|\n|t:|1721828977\n|start\n|switch|p1a: Calyrex|Calyrex-Ice, L50|100\/100\n|switch|p1b: Smeargle|Smeargle, L50, M|100\/100\n|switch|p2a: Rillaboom|Rillaboom, L50, F|100\/100\n|switch|p2b: Urshifu|Urshifu-Rapid-Strike, L50, F|100\/100\n|-ability|p1a: Calyrex|As One\n|-ability|p1a: Calyrex|Unnerve\n|-fieldstart|move: Grassy Terrain|[from] ability: Grassy Surge|[of] p2a: Rillaboom\n|turn|1\n|inactive|Battle timer is ON: inactive players will automatically lose when time's up. (requested by caZISA)\n|\n|t:|1721829011\n|move|p2a: Rillaboom|Fake Out|p1a: Calyrex\n|-damage|p1a: Calyrex|92\/100\n|move|p1b: Smeargle|Fake Out|p2b: Urshifu\n|-damage|p2b: Urshifu|95\/100\n|cant|p2b: Urshifu|flinch\n|cant|p1a: Calyrex|flinch\n|\n|-heal|p2b: Urshifu|100\/100|[from] Grassy Terrain\n|-heal|p1a: Calyrex|98\/100|[from] Grassy Terrain\n|-ability|p1b: Smeargle|Moody|boost\n|-boost|p1b: Smeargle|atk|2\n|-unboost|p1b: Smeargle|def|1\n|upkeep\n|turn|2\n|\n|t:|1721829022\n|move|p1b: Smeargle|Follow Me|p1b: Smeargle\n|-singleturn|p1b: Smeargle|move: Follow Me\n|move|p2b: Urshifu|Taunt|p1b: Smeargle\n|-start|p1b: Smeargle|move: Taunt\n|move|p2a: Rillaboom|U-turn|p1b: Smeargle\n|-damage|p1b: Smeargle|45\/100\n|\n|t:|1721829029\n|switch|p2a: Chi-Yu|Chi-Yu, L50|100\/100|[from] U-turn\n|-ability|p2a: Chi-Yu|Beads of Ruin\n|move|p1a: Calyrex|Trick Room|p1a: Calyrex\n|-fieldstart|move: Trick Room|[of] p1a: Calyrex\n|\n|-heal|p1a: Calyrex|100\/100|[from] Grassy Terrain\n|-heal|p1b: Smeargle|51\/100|[from] Grassy Terrain\n|-ability|p1b: Smeargle|Moody|boost\n|-boost|p1b: Smeargle|spe|2\n|-unboost|p1b: Smeargle|def|1\n|upkeep\n|turn|3\n|\n|t:|1721829041\n|switch|p1b: Torkoal|Torkoal, L50, F|100\/100\n|-weather|SunnyDay|[from] ability: Drought|[of] p1b: Torkoal\n|-terastallize|p1a: Calyrex|Fire\n|-terastallize|p2a: Chi-Yu|Ghost\n|move|p1a: Calyrex|High Horsepower|p2a: Chi-Yu\n|-damage|p2a: Chi-Yu|54\/100\n|move|p2a: Chi-Yu|Dark Pulse|p1a: Calyrex\n|-damage|p1a: Calyrex|48\/100\n|-damage|p2a: Chi-Yu|44\/100|[from] item: Life Orb\n|move|p2b: Urshifu|Close Combat|p1a: Calyrex\n|-damage|p1a: Calyrex|3\/100\n|-unboost|p2b: Urshifu|def|1\n|-unboost|p2b: Urshifu|spd|1\n|\n|-weather|SunnyDay|[upkeep]\n|-heal|p1a: Calyrex|9\/100|[from] Grassy Terrain\n|-heal|p2a: Chi-Yu|50\/100|[from] Grassy Terrain\n|upkeep\n|turn|4\n|\n|t:|1721829064\n|switch|p1a: Raging Bolt|Raging Bolt, L50|100\/100\n|-activate|p1a: Raging Bolt|ability: Protosynthesis\n|-start|p1a: Raging Bolt|protosynthesisspa\n|move|p2a: Chi-Yu|Protect|p2a: Chi-Yu\n|-singleturn|p2a: Chi-Yu|Protect\n|move|p1b: Torkoal|Eruption|p2b: Urshifu|[spread] p2b\n|-activate|p2a: Chi-Yu|move: Protect\n|-resisted|p2b: Urshifu\n|-damage|p2b: Urshifu|0 fnt\n|faint|p2b: Urshifu\n|\n|-weather|SunnyDay|[upkeep]\n|-heal|p2a: Chi-Yu|57\/100|[from] Grassy Terrain\n|upkeep\n|j| ahfoong0411\n|\n|t:|1721829077\n|switch|p2b: Rillaboom|Rillaboom, L50, F|100\/100\n|turn|5\n|\n|t:|1721829081\n|move|p2b: Rillaboom|Fake Out|p1b: Torkoal\n|-damage|p1b: Torkoal|89\/100\n|cant|p1b: Torkoal|flinch\n|move|p1a: Raging Bolt|Thunderbolt|p2a: Chi-Yu\n|-damage|p2a: Chi-Yu|0 fnt\n|faint|p2a: Chi-Yu\n|\n|-weather|SunnyDay|[upkeep]\n|-heal|p1b: Torkoal|95\/100|[from] Grassy Terrain\n|-fieldend|move: Grassy Terrain\n|upkeep\n|\n|t:|1721829089\n|switch|p2a: Terapagos|Terapagos, L50, M|100\/100\n|-activate|p2a: Terapagos|ability: Tera Shift\n|detailschange|p2a: Terapagos|Terapagos-Terastal, L50, M\n|-heal|p2a: Terapagos|100\/100|[silent]\n|turn|6\n|\n|t:|1721829096\n|move|p1b: Torkoal|Eruption|p2a: Terapagos|[spread] p2a,p2b\n|-activate|p2a: Terapagos|ability: Tera Shell\n|-resisted|p2a: Terapagos\n|-supereffective|p2b: Rillaboom\n|-damage|p2a: Terapagos|62\/100\n|-damage|p2b: Rillaboom|0 fnt\n|faint|p2b: Rillaboom\n|move|p1a: Raging Bolt|Thunderbolt|p2a: Terapagos\n|-damage|p2a: Terapagos|0 fnt\n|faint|p2a: Terapagos\n|\n|win|caZISA\n|raw|caZISA's rating: 1707 &rarr; <strong>1730<\/strong><br \/>(+23 for winning)\n|raw|RandomDuVGCFR's rating: 1754 &rarr; <strong>1731<\/strong><br \/>(-23 for losing)\n|l| ahfoong0411\n|l|\u2606caZISA\n|player|p1|\n|l|\u2606RandomDuVGCFR\n|player|p2|\n|j| ahfoong0411\n|l| ahfoong0411\n","uploadtime":1721829364,"views":28,"formatid":"gen9vgc2024regg","rating":1730,"private":0,"password":null}