{"id":"gen9vgc2024regg-2166578837","format":"[Gen 9] VGC 2024 Reg G","players":["imaborat","Billy_HMD"],"log":"|j|\u2606imaborat\n|j|\u2606Billy_HMD\n|t:|1721828083\n|gametype|doubles\n|player|p1|imaborat|102|1725\n|player|p2|Billy_HMD|dawn|1793\n|teamsize|p1|6\n|teamsize|p2|6\n|gen|9\n|tier|[Gen 9] VGC 2024 Reg G\n|rated|\n|rule|Species Clause: Limit one of each Pok\u00e9mon\n|rule|Item Clause: Limit one of each item\n|clearpoke\n|poke|p1|Grafaiai, L50, F|\n|poke|p1|Indeedee, L50, M|\n|poke|p1|Calyrex-Shadow, L50|\n|poke|p1|Azumarill, L50, F|\n|poke|p1|Volcarona, L50, F|\n|poke|p1|Whimsicott, L50, F|\n|poke|p2|Zamazenta-*, L50|\n|poke|p2|Volcarona, L50, M|\n|poke|p2|Grimmsnarl, L50, M|\n|poke|p2|Landorus-Therian, L50, M|\n|poke|p2|Rillaboom, L50, F|\n|poke|p2|Raging Bolt, L50|\n|teampreview|4\n|inactive|Battle timer is ON: inactive players will automatically lose when time's up. (requested by Billy_HMD)\n|inactive|Billy_HMD has 60 seconds left.\n|\n|t:|1721828118\n|start\n|switch|p1a: Grafaiai|Grafaiai, L50, F|100\/100\n|switch|p1b: Indeedee|Indeedee, L50, M|100\/100\n|switch|p2a: Landorus|Landorus-Therian, L50, M|100\/100\n|switch|p2b: Rillaboom|Rillaboom, L50, F|100\/100\n|-fieldstart|move: Psychic Terrain|[from] ability: Psychic Surge|[of] p1b: Indeedee\n|-enditem|p1a: Grafaiai|Psychic Seed\n|-boost|p1a: Grafaiai|spd|1|[from] item: Psychic Seed\n|-ability|p2a: Landorus|Intimidate|boost\n|-unboost|p1a: Grafaiai|atk|1\n|-unboost|p1b: Indeedee|atk|1\n|-fieldstart|move: Grassy Terrain|[from] ability: Grassy Surge|[of] p2b: Rillaboom\n|turn|1\n|inactive|imaborat has 30 seconds left.\n|\n|t:|1721828144\n|switch|p1b: Volcarona|Volcarona, L50, F|100\/100\n|-terastallize|p1a: Grafaiai|Dark\n|move|p1a: Grafaiai|Acid Spray|p2a: Landorus\n|-resisted|p2a: Landorus\n|-damage|p2a: Landorus|93\/100\n|-unboost|p2a: Landorus|spd|2\n|move|p2a: Landorus|Stomping Tantrum|p1a: Grafaiai\n|-damage|p1a: Grafaiai|35\/100\n|move|p2b: Rillaboom|U-turn|p1b: Volcarona\n|-resisted|p1b: Volcarona\n|-damage|p1b: Volcarona|87\/100\n|inactive|Billy_HMD has 30 seconds left.\n|\n|t:|1721828176\n|switch|p2b: Zamazenta|Zamazenta-Crowned, L50|100\/100|[from] U-turn\n|-ability|p2b: Zamazenta|Dauntless Shield|boost\n|-boost|p2b: Zamazenta|def|1\n|\n|-heal|p1a: Grafaiai|41\/100|[from] Grassy Terrain\n|-heal|p1b: Volcarona|93\/100|[from] Grassy Terrain\n|upkeep\n|turn|2\n|\n|t:|1721828190\n|switch|p2a: Grimmsnarl|Grimmsnarl, L50, M|100\/100\n|-terastallize|p2b: Zamazenta|Dragon\n|move|p1a: Grafaiai|Taunt|p2b: Zamazenta\n|-start|p2b: Zamazenta|move: Taunt\n|move|p2b: Zamazenta|Body Press|p1a: Grafaiai\n|-supereffective|p1a: Grafaiai\n|-damage|p1a: Grafaiai|0 fnt\n|faint|p1a: Grafaiai\n|move|p1b: Volcarona|Quiver Dance|p1b: Volcarona\n|-boost|p1b: Volcarona|spa|1\n|-boost|p1b: Volcarona|spd|1\n|-boost|p1b: Volcarona|spe|1\n|\n|-heal|p1b: Volcarona|99\/100|[from] Grassy Terrain\n|upkeep\n|\n|t:|1721828209\n|switch|p1a: Indeedee|Indeedee, L50, M|100\/100\n|-fieldstart|move: Psychic Terrain|[from] ability: Psychic Surge|[of] p1a: Indeedee\n|turn|3\n|j| chuanOVO\n|\n|t:|1721828229\n|switch|p1a: Azumarill|Azumarill, L50, F|100\/100\n|move|p2a: Grimmsnarl|Light Screen|p2a: Grimmsnarl\n|-sidestart|p2: Billy_HMD|move: Light Screen\n|move|p1b: Volcarona|Quiver Dance|p1b: Volcarona\n|-boost|p1b: Volcarona|spa|1\n|-boost|p1b: Volcarona|spd|1\n|-boost|p1b: Volcarona|spe|1\n|move|p2b: Zamazenta|Body Press|p1a: Azumarill\n|-resisted|p1a: Azumarill\n|-damage|p1a: Azumarill|66\/100\n|\n|upkeep\n|turn|4\n|\n|t:|1721828253\n|move|p1b: Volcarona|Heat Wave|p2b: Zamazenta|[spread] p2a,p2b\n|-resisted|p2b: Zamazenta\n|-damage|p2a: Grimmsnarl|54\/100\n|-damage|p2b: Zamazenta|85\/100\n|move|p2b: Zamazenta|Heavy Slam|p1a: Azumarill\n|-damage|p1a: Azumarill|14\/100\n|move|p2a: Grimmsnarl|Spirit Break|p1b: Volcarona\n|-resisted|p1b: Volcarona\n|-damage|p1b: Volcarona|82\/100\n|-unboost|p1b: Volcarona|spa|1\n|-status|p2a: Grimmsnarl|brn|[from] ability: Flame Body|[of] p1b: Volcarona\n|move|p1a: Azumarill|Play Rough|p2b: Zamazenta\n|-supereffective|p2b: Zamazenta\n|-damage|p2b: Zamazenta|43\/100\n|\n|-damage|p2a: Grimmsnarl|48\/100 brn|[from] brn\n|-end|p2b: Zamazenta|move: Taunt\n|upkeep\n|turn|5\n|inactive|Billy_HMD has 30 seconds left.\n|\n|t:|1721828282\n|move|p1b: Volcarona|Quiver Dance|p1b: Volcarona\n|-boost|p1b: Volcarona|spa|1\n|-boost|p1b: Volcarona|spd|1\n|-boost|p1b: Volcarona|spe|1\n|move|p2b: Zamazenta|Heavy Slam|p1a: Azumarill\n|-damage|p1a: Azumarill|0 fnt\n|faint|p1a: Azumarill\n|move|p2a: Grimmsnarl|Spirit Break|p1b: Volcarona\n|-resisted|p1b: Volcarona\n|-damage|p1b: Volcarona|74\/100\n|-unboost|p1b: Volcarona|spa|1\n|\n|-damage|p2a: Grimmsnarl|42\/100 brn|[from] brn\n|upkeep\n|\n|t:|1721828294\n|switch|p1a: Indeedee|Indeedee, L50, M|100\/100\n|turn|6\n|\n|t:|1721828314\n|move|p1b: Volcarona|Giga Drain|p2a: Grimmsnarl\n|-damage|p2a: Grimmsnarl|20\/100 brn\n|-heal|p1b: Volcarona|85\/100|[from] drain|[of] p2a: Grimmsnarl\n|move|p1a: Indeedee|Hyper Voice|p2a: Grimmsnarl|[spread] p2a,p2b\n|-damage|p2a: Grimmsnarl|1\/100 brn\n|-damage|p2b: Zamazenta|30\/100\n|move|p2b: Zamazenta|Body Press|p1a: Indeedee\n|-damage|p1a: Indeedee|0 fnt\n|faint|p1a: Indeedee\n|move|p2a: Grimmsnarl|Spirit Break|p1b: Volcarona\n|-resisted|p1b: Volcarona\n|-damage|p1b: Volcarona|78\/100\n|-unboost|p1b: Volcarona|spa|1\n|\n|-damage|p2a: Grimmsnarl|0 fnt|[from] brn\n|faint|p2a: Grimmsnarl\n|upkeep\n|\n|t:|1721828336\n|switch|p2a: Landorus|Landorus-Therian, L50, M|93\/100\n|-ability|p2a: Landorus|Intimidate|boost\n|-unboost|p1b: Volcarona|atk|1\n|turn|7\n|\n|t:|1721828344\n|move|p1b: Volcarona|Quiver Dance|p1b: Volcarona\n|-boost|p1b: Volcarona|spa|1\n|-boost|p1b: Volcarona|spd|1\n|-boost|p1b: Volcarona|spe|1\n|move|p2a: Landorus|Rock Slide|p1b: Volcarona\n|-supereffective|p1b: Volcarona\n|-crit|p1b: Volcarona\n|-damage|p1b: Volcarona|0 fnt\n|faint|p1b: Volcarona\n|\n|win|Billy_HMD\n|raw|imaborat's rating: 1725 &rarr; <strong>1709<\/strong><br \/>(-16 for losing)\n|raw|Billy_HMD's rating: 1793 &rarr; <strong>1809<\/strong><br \/>(+16 for winning)\n|l|\u2606imaborat\n|player|p1|\n|l|\u2606Billy_HMD\n|player|p2|\n","uploadtime":1721828538,"views":16,"formatid":"gen9vgc2024regg","rating":1709,"private":0,"password":null}