{"id":"gen9vgc2024regg-2166177046","format":"[Gen 9] VGC 2024 Reg G","players":["auraen","koji muranishi"],"log":"|j|\u2606auraen\n|j|\u2606koji muranishi\n|t:|1721765566\n|gametype|doubles\n|player|p1|auraen|harlequin|1866\n|player|p2|koji muranishi|102|1713\n|teamsize|p1|6\n|teamsize|p2|6\n|gen|9\n|tier|[Gen 9] VGC 2024 Reg G\n|rated|\n|rule|Species Clause: Limit one of each Pok\u00e9mon\n|rule|Item Clause: Limit one of each item\n|clearpoke\n|poke|p1|Terapagos, L50, M|\n|poke|p1|Munkidori, L50, M|\n|poke|p1|Incineroar, L50, F|\n|poke|p1|Sinistcha, L50|\n|poke|p1|Basculegion, L50, M|\n|poke|p1|Flamigo, L50, F|\n|poke|p2|Calyrex-Ice, L50|\n|poke|p2|Kingambit, L50, F|\n|poke|p2|Entei, L50|\n|poke|p2|Whimsicott, L50, M|\n|poke|p2|Torkoal, L50, F|\n|poke|p2|Raging Bolt, L50|\n|teampreview|4\n|inactive|Battle timer is ON: inactive players will automatically lose when time's up. (requested by koji muranishi)\n|\n|t:|1721765634\n|start\n|switch|p1a: Munkidori|Munkidori, L50, M|100\/100\n|switch|p1b: Terapagos|Terapagos, L50, M|100\/100\n|switch|p2a: Whimsicott|Whimsicott, L50, M|100\/100\n|switch|p2b: Kingambit|Kingambit, L50, F|100\/100\n|-activate|p1b: Terapagos|ability: Tera Shift\n|detailschange|p1b: Terapagos|Terapagos-Terastal, L50, M\n|-heal|p1b: Terapagos|100\/100|[silent]\n|turn|1\n|\n|t:|1721765658\n|move|p2a: Whimsicott|Protect|p2a: Whimsicott\n|-singleturn|p2a: Whimsicott|Protect\n|move|p1a: Munkidori|Fake Out|p2b: Kingambit\n|-resisted|p2b: Kingambit\n|-crit|p2b: Kingambit\n|-damage|p2b: Kingambit|97\/100\n|move|p1b: Terapagos|Tera Starstorm|p2a: Whimsicott\n|-activate|p2a: Whimsicott|move: Protect\n|cant|p2b: Kingambit|flinch\n|\n|upkeep\n|turn|2\n|\n|t:|1721765678\n|move|p2a: Whimsicott|Moonblast|p1b: Terapagos\n|-activate|p1b: Terapagos|ability: Tera Shell\n|-resisted|p1b: Terapagos\n|-damage|p1b: Terapagos|87\/100\n|move|p1a: Munkidori|Acid Spray|p2a: Whimsicott\n|-supereffective|p2a: Whimsicott\n|-enditem|p2a: Whimsicott|Focus Sash\n|-damage|p2a: Whimsicott|1\/100\n|-unboost|p2a: Whimsicott|spd|2\n|-status|p2a: Whimsicott|tox|[from] ability: Toxic Chain|[of] p1a: Munkidori\n|move|p1b: Terapagos|Tera Starstorm|p2a: Whimsicott\n|-damage|p2a: Whimsicott|0 fnt\n|faint|p2a: Whimsicott\n|move|p2b: Kingambit|Kowtow Cleave|p1a: Munkidori\n|-supereffective|p1a: Munkidori\n|-damage|p1a: Munkidori|16\/100\n|-enditem|p1a: Munkidori|Sitrus Berry|[eat]\n|-heal|p1a: Munkidori|41\/100|[from] item: Sitrus Berry\n|\n|upkeep\n|inactive|koji muranishi has 30 seconds left.\n|\n|t:|1721765713\n|switch|p2a: Calyrex|Calyrex-Ice, L50|100\/100\n|-ability|p2a: Calyrex|As One\n|-ability|p2a: Calyrex|Unnerve\n|turn|3\n|\n|t:|1721765723\n|-terastallize|p1b: Terapagos|Stellar\n|detailschange|p1b: Terapagos|Terapagos-Stellar, L50, M, tera:Stellar\n|-heal|p1b: Terapagos|90\/100|[silent]\n|move|p1a: Munkidori|Parting Shot|p2a: Calyrex\n|-unboost|p2a: Calyrex|atk|1\n|-unboost|p2a: Calyrex|spa|1\n|\n|t:|1721765730\n|switch|p1a: Basculegion|Basculegion, L50, M|100\/100|[from] Parting Shot\n|move|p2a: Calyrex|Glacial Lance|p1b: Terapagos|[spread] p1a,p1b\n|-resisted|p1a: Basculegion\n|-damage|p1a: Basculegion|71\/100\n|-damage|p1b: Terapagos|60\/100\n|move|p1b: Terapagos|Tera Starstorm|p2b: Kingambit|[spread] p2a,p2b\n|-damage|p2a: Calyrex|49\/100\n|-damage|p2b: Kingambit|59\/100\n|move|p2b: Kingambit|Low Kick|p1a: Basculegion\n|-immune|p1a: Basculegion\n|\n|upkeep\n|turn|4\n|j| askebom\n|\n|t:|1721765748\n|switch|p2a: Raging Bolt|Raging Bolt, L50|100\/100\n|move|p1a: Basculegion|Aqua Jet|p2b: Kingambit\n|-damage|p2b: Kingambit|42\/100\n|move|p1b: Terapagos|Tera Starstorm|p2a: Raging Bolt|[spread] p2a,p2b\n|-crit|p2a: Raging Bolt\n|-damage|p2a: Raging Bolt|23\/100\n|-damage|p2b: Kingambit|4\/100\n|move|p2b: Kingambit|Low Kick|p1b: Terapagos\n|-supereffective|p1b: Terapagos\n|-damage|p1b: Terapagos|24\/100\n|\n|upkeep\n|turn|5\n|inactive|auraen has 30 seconds left.\n|inactive|koji muranishi has 30 seconds left.\n|\n|t:|1721765777\n|switch|p2b: Calyrex|Calyrex-Ice, L50|49\/100\n|-ability|p2b: Calyrex|As One\n|-ability|p2b: Calyrex|Unnerve\n|move|p1a: Basculegion|Aqua Jet|p2b: Calyrex\n|-damage|p2b: Calyrex|32\/100\n|move|p2a: Raging Bolt|Thunderbolt|p1a: Basculegion\n|-supereffective|p1a: Basculegion\n|-damage|p1a: Basculegion|0 fnt\n|faint|p1a: Basculegion\n|-damage|p2a: Raging Bolt|14\/100|[from] item: Life Orb\n|move|p1b: Terapagos|Tera Starstorm|p2b: Calyrex|[spread] p2a,p2b\n|-damage|p2a: Raging Bolt|0 fnt\n|-damage|p2b: Calyrex|0 fnt\n|faint|p2a: Raging Bolt\n|-end|p2a: Raging Bolt|Protosynthesis|[silent]\n|faint|p2b: Calyrex\n|\n|upkeep\n|-message|koji muranishi forfeited.\n|\n|win|auraen\n|raw|auraen's rating: 1866 &rarr; <strong>1878<\/strong><br \/>(+12 for winning)\n|raw|koji muranishi's rating: 1713 &rarr; <strong>1701<\/strong><br \/>(-12 for losing)\n|l|\u2606koji muranishi\n|player|p2|\n|l| askebom\n","uploadtime":1721765967,"views":30,"formatid":"gen9vgc2024regg","rating":1701,"private":0,"password":null}