{"id":"gen9vgc2024regg-2166598298","format":"[Gen 9] VGC 2024 Reg G","players":["fabio souza","Billy_HMD"],"log":"|j|\u2606fabio souza\n|j|\u2606Billy_HMD\n|t:|1721830508\n|gametype|doubles\n|player|p1|fabio souza|101|1673\n|player|p2|Billy_HMD|dawn|1866\n|teamsize|p1|6\n|teamsize|p2|6\n|gen|9\n|tier|[Gen 9] VGC 2024 Reg G\n|rated|\n|rule|Species Clause: Limit one of each Pok\u00e9mon\n|rule|Item Clause: Limit one of each item\n|clearpoke\n|poke|p1|Whimsicott, L50, M|\n|poke|p1|Dondozo, L50, M|\n|poke|p1|Ursaluna-Bloodmoon, L50, M|\n|poke|p1|Tatsugiri-Droopy, L50, F|\n|poke|p1|Miraidon, L50|\n|poke|p1|Entei, L50|\n|poke|p2|Zamazenta-*, L50|\n|poke|p2|Volcarona, L50, M|\n|poke|p2|Grimmsnarl, L50, M|\n|poke|p2|Landorus-Therian, L50, M|\n|poke|p2|Rillaboom, L50, M|\n|poke|p2|Raging Bolt, L50|\n|teampreview|4\n|inactive|Battle timer is ON: inactive players will automatically lose when time's up. (requested by Billy_HMD)\n|j| shane999999\n|inactive|fabio souza has 60 seconds left.\n|inactive|Billy_HMD has 60 seconds left.\n|\n|t:|1721830564\n|start\n|switch|p1a: Miraidon|Miraidon, L50|100\/100\n|switch|p1b: Dondozo|Dondozo, L50, M|100\/100\n|switch|p2a: Rillaboom|Rillaboom, L50, M|100\/100\n|switch|p2b: Volcarona|Volcarona, L50, M|100\/100\n|-fieldstart|move: Electric Terrain|[from] ability: Hadron Engine|[of] p1a: Miraidon\n|-fieldstart|move: Grassy Terrain|[from] ability: Grassy Surge|[of] p2a: Rillaboom\n|turn|1\n|j| REITERATE\n|inactive|Billy_HMD has 30 seconds left.\n|\n|t:|1721830596\n|switch|p1b: Entei|Entei, L50|100\/100\n|-terastallize|p2b: Volcarona|Grass\n|move|p2a: Rillaboom|Fake Out|p1b: Entei\n|-damage|p1b: Entei|85\/100\n|move|p1a: Miraidon|Volt Switch|p2b: Volcarona\n|-resisted|p2b: Volcarona\n|-damage|p2b: Volcarona|78\/100\n|\n|t:|1721830605\n|switch|p1a: Dondozo|Dondozo, L50, M|100\/100|[from] Volt Switch\n|move|p2b: Volcarona|Quiver Dance|p2b: Volcarona\n|-boost|p2b: Volcarona|spa|1\n|-boost|p2b: Volcarona|spd|1\n|-boost|p2b: Volcarona|spe|1\n|\n|-heal|p2b: Volcarona|84\/100|[from] Grassy Terrain\n|-heal|p2b: Volcarona|90\/100|[from] item: Leftovers\n|-heal|p1b: Entei|91\/100|[from] Grassy Terrain\n|upkeep\n|turn|2\n|inactive|Billy_HMD has 30 seconds left.\n|\n|t:|1721830638\n|switch|p2a: Raging Bolt|Raging Bolt, L50|100\/100\n|switch|p1a: Miraidon|Miraidon, L50|100\/100\n|-fieldstart|move: Electric Terrain|[from] ability: Hadron Engine|[of] p1a: Miraidon\n|move|p2b: Volcarona|Protect|p2b: Volcarona\n|-singleturn|p2b: Volcarona|Protect\n|move|p1b: Entei|Sacred Fire|p2a: Raging Bolt\n|-resisted|p2a: Raging Bolt\n|-damage|p2a: Raging Bolt|78\/100\n|-status|p2a: Raging Bolt|brn\n|\n|-heal|p2b: Volcarona|96\/100|[from] item: Leftovers\n|-damage|p2a: Raging Bolt|72\/100 brn|[from] brn\n|upkeep\n|turn|3\n|\n|t:|1721830660\n|-end|p2a: Raging Bolt|Protosynthesis|[silent]\n|switch|p2a: Rillaboom|Rillaboom, L50, M|100\/100\n|-fieldstart|move: Grassy Terrain|[from] ability: Grassy Surge|[of] p2a: Rillaboom\n|-terastallize|p1a: Miraidon|Fairy\n|move|p1a: Miraidon|Dazzling Gleam|p2a: Rillaboom|[spread] p2a,p2b\n|-damage|p2a: Rillaboom|71\/100\n|-damage|p2b: Volcarona|68\/100\n|move|p2b: Volcarona|Heat Wave|p1b: Entei|[spread] p1a,p1b\n|-resisted|p1b: Entei\n|-damage|p1a: Miraidon|54\/100\n|-damage|p1b: Entei|71\/100\n|move|p1b: Entei|Sacred Fire|p2b: Volcarona\n|-supereffective|p2b: Volcarona\n|-damage|p2b: Volcarona|0 fnt\n|faint|p2b: Volcarona\n|\n|-heal|p1a: Miraidon|59\/100|[from] Grassy Terrain\n|-heal|p1b: Entei|77\/100|[from] Grassy Terrain\n|-heal|p2a: Rillaboom|77\/100|[from] Grassy Terrain\n|upkeep\n|\n|t:|1721830673\n|switch|p2b: Zamazenta|Zamazenta-Crowned, L50|100\/100\n|-ability|p2b: Zamazenta|Dauntless Shield|boost\n|-boost|p2b: Zamazenta|def|1\n|turn|4\n|\n|t:|1721830682\n|move|p1a: Miraidon|Dazzling Gleam|p2a: Rillaboom|[spread] p2a,p2b\n|-damage|p2a: Rillaboom|42\/100\n|-damage|p2b: Zamazenta|68\/100\n|move|p2b: Zamazenta|Body Press|p1b: Entei\n|-damage|p1b: Entei|9\/100\n|move|p1b: Entei|Sacred Fire|p2b: Zamazenta\n|-supereffective|p2b: Zamazenta\n|-damage|p2b: Zamazenta|32\/100\n|move|p2a: Rillaboom|Wood Hammer|p1a: Miraidon\n|-damage|p1a: Miraidon|0 fnt\n|faint|p1a: Miraidon\n|-damage|p2a: Rillaboom|26\/100|[from] Recoil\n|\n|-heal|p2b: Zamazenta|38\/100|[from] Grassy Terrain\n|-heal|p1b: Entei|16\/100|[from] Grassy Terrain\n|-heal|p2a: Rillaboom|31\/100|[from] Grassy Terrain\n|upkeep\n|\n|t:|1721830695\n|switch|p1a: Dondozo|Dondozo, L50, M|100\/100\n|turn|5\n|inactive|Billy_HMD has 30 seconds left.\n|\n|t:|1721830726\n|switch|p1b: Tatsugiri|Tatsugiri-Droopy, L50, F|100\/100\n|-activate|p1b: Tatsugiri|ability: Commander|[of] p1a: Dondozo\n|-boost|p1a: Dondozo|atk|2\n|-boost|p1a: Dondozo|spa|2\n|-boost|p1a: Dondozo|spe|2\n|-boost|p1a: Dondozo|def|2\n|-boost|p1a: Dondozo|spd|2\n|move|p2a: Rillaboom|Grassy Glide|p1a: Dondozo\n|-supereffective|p1a: Dondozo\n|-damage|p1a: Dondozo|76\/100\n|move|p1a: Dondozo|Order Up|p2a: Rillaboom\n|-damage|p2a: Rillaboom|0 fnt\n|faint|p2a: Rillaboom\n|-boost|p1a: Dondozo|def|1\n|move|p2b: Zamazenta|Body Press|p1b: Tatsugiri|[miss]\n|-miss|p2b: Zamazenta|p1b: Tatsugiri\n|\n|-heal|p1a: Dondozo|82\/100|[from] Grassy Terrain\n|-heal|p1a: Dondozo|88\/100|[from] item: Leftovers\n|-heal|p2b: Zamazenta|44\/100|[from] Grassy Terrain\n|upkeep\n|\n|t:|1721830728\n|switch|p2a: Raging Bolt|Raging Bolt, L50|72\/100 brn\n|turn|6\n|j| DaN00biest\n|\n|t:|1721830744\n|move|p2a: Raging Bolt|Thunderclap|p1a: Dondozo\n|-supereffective|p1a: Dondozo\n|-damage|p1a: Dondozo|34\/100\n|-damage|p2a: Raging Bolt|63\/100 brn|[from] item: Life Orb\n|move|p1a: Dondozo|Order Up|p2a: Raging Bolt\n|-supereffective|p2a: Raging Bolt\n|-damage|p2a: Raging Bolt|0 fnt\n|faint|p2a: Raging Bolt\n|-end|p2a: Raging Bolt|Protosynthesis|[silent]\n|-boost|p1a: Dondozo|def|1\n|move|p2b: Zamazenta|Body Press|p1a: Dondozo\n|-damage|p1a: Dondozo|24\/100\n|\n|-heal|p1a: Dondozo|30\/100|[from] Grassy Terrain\n|-heal|p1a: Dondozo|37\/100|[from] item: Leftovers\n|-heal|p2b: Zamazenta|50\/100|[from] Grassy Terrain\n|upkeep\n|turn|7\n|-message|Billy_HMD forfeited.\n|\n|win|fabio souza\n|raw|fabio souza's rating: 1673 &rarr; <strong>1703<\/strong><br \/>(+30 for winning)\n|raw|Billy_HMD's rating: 1866 &rarr; <strong>1836<\/strong><br \/>(-30 for losing)\n|l|\u2606Billy_HMD\n|player|p2|\n|l| DaN00biest\n|l|\u2606fabio souza\n|player|p1|\n|l| shane999999\n","uploadtime":1721831016,"views":35,"formatid":"gen9vgc2024regg","rating":1703,"private":0,"password":null}