{"id":"gen9vgc2024regg-2166915072","format":"[Gen 9] VGC 2024 Reg G","players":["Psyducks in 6","shulivgc"],"log":"|j|\u2606Psyducks in 6\n|j|\u2606shulivgc\n|t:|1721867820\n|gametype|doubles\n|player|p1|Psyducks in 6|hiker-gen4|1721\n|player|p2|shulivgc|#smogonxnpa2024draftee2|1912\n|teamsize|p1|6\n|teamsize|p2|6\n|gen|9\n|tier|[Gen 9] VGC 2024 Reg G\n|rated|\n|rule|Species Clause: Limit one of each Pok\u00e9mon\n|rule|Item Clause: Limit one of each item\n|clearpoke\n|poke|p1|Zamazenta-*, L50|\n|poke|p1|Volcarona, L50, F|\n|poke|p1|Ursaluna-Bloodmoon, L50, M|\n|poke|p1|Ogerpon-Wellspring, L50, F|\n|poke|p1|Grimmsnarl, L50, M|\n|poke|p1|Farigiraf, L50, M|\n|poke|p2|Calyrex-Ice, L50|\n|poke|p2|Annihilape, L50, M|\n|poke|p2|Smeargle, L50, F|\n|poke|p2|Ursaluna-Bloodmoon, L50, M|\n|poke|p2|Urshifu-*, L50, F|\n|poke|p2|Ogerpon-Wellspring, L50, F|\n|teampreview|4\n|j| Phattboi80\n|\n|t:|1721867869\n|start\n|switch|p1a: Grimmsnarl|Grimmsnarl, L50, M|100\/100\n|switch|p1b: Volcarona|Volcarona, L50, F|100\/100\n|switch|p2a: Calyrex|Calyrex-Ice, L50|100\/100\n|switch|p2b: Annihilape|Annihilape, L50, M|100\/100\n|-ability|p2a: Calyrex|As One\n|-ability|p2a: Calyrex|Unnerve\n|turn|1\n|\n|t:|1721867889\n|move|p1b: Volcarona|Protect|p1b: Volcarona\n|-singleturn|p1b: Volcarona|Protect\n|move|p2a: Calyrex|Protect|p2a: Calyrex\n|-singleturn|p2a: Calyrex|Protect\n|move|p1a: Grimmsnarl|Reflect|p1a: Grimmsnarl\n|-sidestart|p1: Psyducks in 6|Reflect\n|move|p2b: Annihilape|Coaching|p2a: Calyrex\n|-boost|p2a: Calyrex|atk|1\n|-boost|p2a: Calyrex|def|1\n|\n|upkeep\n|turn|2\n|\n|t:|1721867903\n|move|p1a: Grimmsnarl|Thunder Wave|p2b: Annihilape\n|-status|p2b: Annihilape|par\n|move|p1b: Volcarona|Quiver Dance|p1b: Volcarona\n|-boost|p1b: Volcarona|spa|1\n|-boost|p1b: Volcarona|spd|1\n|-boost|p1b: Volcarona|spe|1\n|cant|p2b: Annihilape|par\n|move|p2a: Calyrex|Glacial Lance|p1b: Volcarona|[spread] p1a,p1b\n|-resisted|p1b: Volcarona\n|-damage|p1a: Grimmsnarl|38\/100\n|-damage|p1b: Volcarona|65\/100\n|\n|-heal|p1b: Volcarona|71\/100|[from] item: Leftovers\n|upkeep\n|turn|3\n|\n|t:|1721867917\n|move|p1b: Volcarona|Heat Wave|p2a: Calyrex|[spread] p2a,p2b\n|-supereffective|p2a: Calyrex\n|-damage|p2a: Calyrex|39\/100\n|-damage|p2b: Annihilape|60\/100 par\n|-enditem|p2a: Calyrex|Sitrus Berry|[eat]\n|-heal|p2a: Calyrex|64\/100|[from] item: Sitrus Berry\n|move|p1a: Grimmsnarl|Spirit Break|p2b: Annihilape\n|-supereffective|p2b: Annihilape\n|-damage|p2b: Annihilape|1\/100 par\n|-unboost|p2b: Annihilape|spa|1\n|-ability|p2b: Annihilape|Defiant|boost\n|-boost|p2b: Annihilape|atk|2\n|-enditem|p2b: Annihilape|Aguav Berry|[eat]\n|-heal|p2b: Annihilape|34\/100 par|[from] item: Aguav Berry\n|move|p2b: Annihilape|Coaching|p2a: Calyrex\n|-boost|p2a: Calyrex|atk|1\n|-boost|p2a: Calyrex|def|1\n|move|p2a: Calyrex|Trick Room|p2a: Calyrex\n|-fieldstart|move: Trick Room|[of] p2a: Calyrex\n|\n|-heal|p1b: Volcarona|77\/100|[from] item: Leftovers\n|upkeep\n|turn|4\n|\n|t:|1721867932\n|move|p1a: Grimmsnarl|Thunder Wave|p2a: Calyrex\n|-status|p2a: Calyrex|par\n|cant|p2a: Calyrex|par\n|move|p2b: Annihilape|Rage Fist|p1b: Volcarona\n|-damage|p1b: Volcarona|0 fnt\n|faint|p1b: Volcarona\n|\n|upkeep\n|\n|t:|1721867955\n|switch|p1b: Ogerpon|Ogerpon-Wellspring, L50, F|100\/100\n|turn|5\n|\n|t:|1721867959\n|move|p1b: Ogerpon|Spiky Shield|p1b: Ogerpon\n|-singleturn|p1b: Ogerpon|move: Protect\n|move|p2a: Calyrex|Glacial Lance|p1b: Ogerpon|[spread] p1a\n|-activate|p1b: Ogerpon|move: Protect\n|-damage|p1a: Grimmsnarl|0 fnt\n|faint|p1a: Grimmsnarl\n|-ability|p2a: Calyrex|Chilling Neigh|boost\n|-boost|p2a: Calyrex|atk|1\n|move|p2b: Annihilape|Rage Fist|p1b: Ogerpon\n|-activate|p1b: Ogerpon|move: Protect\n|-damage|p2b: Annihilape|22\/100 par|[from] Spiky Shield|[of] p1b: Ogerpon\n|\n|upkeep\n|\n|t:|1721867963\n|switch|p1a: Zamazenta|Zamazenta-Crowned, L50|100\/100\n|-ability|p1a: Zamazenta|Dauntless Shield|boost\n|-boost|p1a: Zamazenta|def|1\n|turn|6\n|\n|t:|1721867975\n|move|p1b: Ogerpon|Spiky Shield||[still]\n|-fail|p1b: Ogerpon\n|move|p2a: Calyrex|High Horsepower|p1a: Zamazenta\n|-supereffective|p1a: Zamazenta\n|-damage|p1a: Zamazenta|52\/100\n|move|p2b: Annihilape|Rage Fist|p1b: Ogerpon\n|-damage|p1b: Ogerpon|24\/100\n|move|p1a: Zamazenta|Heavy Slam|p2b: Annihilape\n|-damage|p2b: Annihilape|0 fnt\n|faint|p2b: Annihilape\n|\n|upkeep\n|\n|t:|1721867982\n|switch|p2b: Smeargle|Smeargle, L50, F|100\/100\n|turn|7\n|\n|t:|1721867991\n|move|p1b: Ogerpon|Spiky Shield|p1b: Ogerpon\n|-singleturn|p1b: Ogerpon|move: Protect\n|move|p1a: Zamazenta|Protect|p1a: Zamazenta\n|-singleturn|p1a: Zamazenta|Protect\n|move|p2a: Calyrex|Glacial Lance|p1a: Zamazenta|[spread] \n|-activate|p1a: Zamazenta|move: Protect\n|-activate|p1b: Ogerpon|move: Protect\n|move|p2b: Smeargle|Decorate|p2a: Calyrex\n|-boost|p2a: Calyrex|atk|2\n|-boost|p2a: Calyrex|spa|2\n|\n|-fieldend|move: Trick Room\n|upkeep\n|turn|8\n|\n|t:|1721868003\n|-terastallize|p1b: Ogerpon|Water\n|detailschange|p1b: Ogerpon|Ogerpon-Wellspring-Tera, L50, F, tera:Water\n|-ability|p1b: Ogerpon|Embody Aspect (Wellspring)|boost\n|-boost|p1b: Ogerpon|spd|1\n|move|p2b: Smeargle|Follow Me|p2b: Smeargle\n|-singleturn|p2b: Smeargle|move: Follow Me\n|move|p1a: Zamazenta|Body Press|p2b: Smeargle\n|-supereffective|p2b: Smeargle\n|-enditem|p2b: Smeargle|Focus Sash\n|-damage|p2b: Smeargle|1\/100\n|move|p1b: Ogerpon|Ivy Cudgel|p2b: Smeargle|[anim] Ivy Cudgel Water\n|-damage|p2b: Smeargle|0 fnt\n|faint|p2b: Smeargle\n|move|p2a: Calyrex|Glacial Lance|p1b: Ogerpon|[spread] p1a,p1b\n|-resisted|p1a: Zamazenta\n|-resisted|p1b: Ogerpon\n|-damage|p1a: Zamazenta|28\/100\n|-damage|p1b: Ogerpon|0 fnt\n|faint|p1b: Ogerpon\n|-ability|p2a: Calyrex|Chilling Neigh|boost\n|-boost|p2a: Calyrex|atk|1\n|\n|-sideend|p1: Psyducks in 6|Reflect\n|upkeep\n|\n|t:|1721868006\n|switch|p2b: Ursaluna|Ursaluna-Bloodmoon, L50, M|100\/100\n|turn|9\n|\n|t:|1721868011\n|-terastallize|p2b: Ursaluna|Ghost\n|move|p1a: Zamazenta|Body Press|p2a: Calyrex\n|-damage|p2a: Calyrex|42\/100 par\n|move|p2b: Ursaluna|Earth Power|p1a: Zamazenta\n|-supereffective|p1a: Zamazenta\n|-damage|p1a: Zamazenta|0 fnt\n|faint|p1a: Zamazenta\n|-damage|p2b: Ursaluna|91\/100|[from] item: Life Orb\n|\n|win|shulivgc\n|raw|Psyducks in 6's rating: 1721 &rarr; <strong>1711<\/strong><br \/>(-10 for losing)\n|raw|shulivgc's rating: 1912 &rarr; <strong>1922<\/strong><br \/>(+10 for winning)\n|l|\u2606Psyducks in 6\n|player|p1|\n|l|\u2606shulivgc\n|player|p2|\n|l| Phattboi80\n","uploadtime":1721868154,"views":46,"formatid":"gen9vgc2024regg","rating":1711,"private":0,"password":null}