{"id":"gen9vgc2024regg-2166926281","format":"[Gen 9] VGC 2024 Reg G","players":["shuijunjun\u7ea2\u83b2\u94e0\u9a91\u4fa0","greenlightdmp"],"log":"|j|\u2606shuijunjun\u7ea2\u83b2\u94e0\u9a91\u4fa0\n|j|\u2606greenlightdmp\n|t:|1721869357\n|gametype|doubles\n|player|p1|shuijunjun\u7ea2\u83b2\u94e0\u9a91\u4fa0|iono|1721\n|player|p2|greenlightdmp|266|1735\n|teamsize|p1|6\n|teamsize|p2|6\n|gen|9\n|tier|[Gen 9] VGC 2024 Reg G\n|rated|\n|rule|Species Clause: Limit one of each Pok\u00e9mon\n|rule|Item Clause: Limit one of each item\n|clearpoke\n|poke|p1|Armarouge, L50, F|\n|poke|p1|Zamazenta-*, L50|\n|poke|p1|Indeedee, L50, M|\n|poke|p1|Roaring Moon, L50|\n|poke|p1|Gholdengo, L50|\n|poke|p1|Urshifu-*, L50, F|\n|poke|p2|Calyrex-Ice, L50|\n|poke|p2|Smeargle, L50, F|\n|poke|p2|Ursaluna-Bloodmoon, L50, M|\n|poke|p2|Indeedee-F, L50, F|\n|poke|p2|Amoonguss, L50, M|\n|poke|p2|Raging Bolt, L50|\n|teampreview|4\n|inactive|Battle timer is ON: inactive players will automatically lose when time's up. (requested by greenlightdmp)\n|\n|t:|1721869399\n|start\n|switch|p1a: \u610f\u8335\u4e01\u771f|Indeedee, L50, M|100\/100\n|switch|p1b: \u4ebf\u5143\u4e01\u771f|Gholdengo, L50|100\/100\n|switch|p2a: Calyrex|Calyrex-Ice, L50|100\/100\n|switch|p2b: Raging Bolt|Raging Bolt, L50|100\/100\n|-ability|p2a: Calyrex|As One\n|-ability|p2a: Calyrex|Unnerve\n|-fieldstart|move: Psychic Terrain|[from] ability: Psychic Surge|[of] p1a: \u610f\u8335\u4e01\u771f\n|-item|p1b: \u4ebf\u5143\u4e01\u771f|Air Balloon\n|turn|1\n|\n|t:|1721869422\n|-terastallize|p2a: Calyrex|Water\n|move|p1b: \u4ebf\u5143\u4e01\u771f|Protect|p1b: \u4ebf\u5143\u4e01\u771f\n|-singleturn|p1b: \u4ebf\u5143\u4e01\u771f|Protect\n|move|p1a: \u610f\u8335\u4e01\u771f|Trick|p2a: Calyrex\n|-activate|p1a: \u610f\u8335\u4e01\u771f|move: Trick|[of] p2a: Calyrex\n|-item|p2a: Calyrex|Choice Scarf|[from] move: Trick\n|-item|p1a: \u610f\u8335\u4e01\u771f|Clear Amulet|[from] move: Trick\n|move|p2b: Raging Bolt|Snarl|p1a: \u610f\u8335\u4e01\u771f|[spread] p1a\n|-activate|p1b: \u4ebf\u5143\u4e01\u771f|move: Protect\n|-supereffective|p1a: \u610f\u8335\u4e01\u771f\n|-damage|p1a: \u610f\u8335\u4e01\u771f|63\/100\n|move|p2a: Calyrex|Trick Room|p2a: Calyrex\n|-fieldstart|move: Trick Room|[of] p2a: Calyrex\n|\n|upkeep\n|turn|2\n|l|\u2606shuijunjun\u7ea2\u83b2\u94e0\u9a91\u4fa0\n|inactive|shuijunjun\u7ea2\u83b2\u94e0\u9a91\u4fa0 disconnected and has a minute to reconnect!\n|player|p1|\n|inactive|shuijunjun\u7ea2\u83b2\u94e0\u9a91\u4fa0 has 30 seconds left.\n|j|\u2606shuijunjun\u7ea2\u83b2\u94e0\u9a91\u4fa0\n|inactive|shuijunjun\u7ea2\u83b2\u94e0\u9a91\u4fa0 reconnected and has 25 seconds left.\n|player|p1|shuijunjun\u7ea2\u83b2\u94e0\u9a91\u4fa0|iono|\n|\n|t:|1721869456\n|switch|p2a: Smeargle|Smeargle, L50, F, shiny|100\/100\n|switch|p1b: \u6bc5\u52c7\u4e01\u771f|Zamazenta-Crowned, L50|100\/100\n|-ability|p1b: \u6bc5\u52c7\u4e01\u771f|Dauntless Shield|boost\n|-boost|p1b: \u6bc5\u52c7\u4e01\u771f|def|1\n|move|p2b: Raging Bolt|Snarl|p1a: \u610f\u8335\u4e01\u771f|[spread] p1a,p1b\n|-supereffective|p1a: \u610f\u8335\u4e01\u771f\n|-resisted|p1b: \u6bc5\u52c7\u4e01\u771f\n|-damage|p1a: \u610f\u8335\u4e01\u771f|27\/100\n|-damage|p1b: \u6bc5\u52c7\u4e01\u771f|96\/100\n|-unboost|p1b: \u6bc5\u52c7\u4e01\u771f|spa|1\n|move|p1a: \u610f\u8335\u4e01\u771f|Expanding Force|p2b: Raging Bolt|[spread] p2a,p2b\n|-damage|p2a: Smeargle|6\/100\n|-damage|p2b: Raging Bolt|73\/100\n|\n|upkeep\n|turn|3\n|j| surprasm\n|inactive|shuijunjun\u7ea2\u83b2\u94e0\u9a91\u4fa0 has 30 seconds left.\n|\n|t:|1721869485\n|-terastallize|p1b: \u6bc5\u52c7\u4e01\u771f|Grass\n|move|p2a: Smeargle|Spore|p1b: \u6bc5\u52c7\u4e01\u771f\n|-immune|p1b: \u6bc5\u52c7\u4e01\u771f\n|move|p2b: Raging Bolt|Volt Switch|p1a: \u610f\u8335\u4e01\u771f\n|-damage|p1a: \u610f\u8335\u4e01\u771f|0 fnt\n|faint|p1a: \u610f\u8335\u4e01\u771f\n|\n|t:|1721869495\n|-end|p2b: Raging Bolt|Protosynthesis|[silent]\n|switch|p2b: Calyrex|Calyrex-Ice, L50, tera:Water|100\/100|[from] Volt Switch\n|-ability|p2b: Calyrex|As One\n|-ability|p2b: Calyrex|Unnerve\n|move|p1b: \u6bc5\u52c7\u4e01\u771f|Body Press|p2b: Calyrex\n|-damage|p2b: Calyrex|61\/100\n|\n|upkeep\n|\n|t:|1721869504\n|switch|p1a: \u4ebf\u5143\u4e01\u771f|Gholdengo, L50|100\/100\n|-item|p1a: \u4ebf\u5143\u4e01\u771f|Air Balloon\n|turn|4\n|\n|t:|1721869528\n|move|p1b: \u6bc5\u52c7\u4e01\u771f|Wide Guard|p1b: \u6bc5\u52c7\u4e01\u771f\n|-singleturn|p1b: \u6bc5\u52c7\u4e01\u771f|Wide Guard\n|move|p2a: Smeargle|Decorate|p2b: Calyrex\n|-boost|p2b: Calyrex|atk|2\n|-boost|p2b: Calyrex|spa|2\n|move|p2b: Calyrex|Glacial Lance|p1a: \u4ebf\u5143\u4e01\u771f|[spread] \n|-activate|p1a: \u4ebf\u5143\u4e01\u771f|move: Wide Guard\n|-activate|p1b: \u6bc5\u52c7\u4e01\u771f|move: Wide Guard\n|move|p1a: \u4ebf\u5143\u4e01\u771f|Thunderbolt|p2a: Smeargle\n|-damage|p2a: Smeargle|0 fnt\n|faint|p2a: Smeargle\n|\n|upkeep\n|\n|t:|1721869543\n|switch|p2a: Ursaluna|Ursaluna-Bloodmoon, L50, M|100\/100\n|turn|5\n|inactive|greenlightdmp has 30 seconds left.\n|\n|t:|1721869573\n|move|p1b: \u6bc5\u52c7\u4e01\u771f|Wide Guard|p1b: \u6bc5\u52c7\u4e01\u771f\n|-singleturn|p1b: \u6bc5\u52c7\u4e01\u771f|Wide Guard\n|move|p2a: Ursaluna|Blood Moon|p1a: \u4ebf\u5143\u4e01\u771f\n|-resisted|p1a: \u4ebf\u5143\u4e01\u771f\n|-damage|p1a: \u4ebf\u5143\u4e01\u771f|42\/100\n|-enditem|p1a: \u4ebf\u5143\u4e01\u771f|Air Balloon\n|-damage|p2a: Ursaluna|91\/100|[from] item: Life Orb\n|move|p2b: Calyrex|Glacial Lance|p1b: \u6bc5\u52c7\u4e01\u771f|[spread] \n|-activate|p1a: \u4ebf\u5143\u4e01\u771f|move: Wide Guard\n|-activate|p1b: \u6bc5\u52c7\u4e01\u771f|move: Wide Guard\n|move|p1a: \u4ebf\u5143\u4e01\u771f|Make It Rain|p2b: Calyrex|[spread] p2a,p2b\n|-resisted|p2b: Calyrex\n|-damage|p2a: Ursaluna|31\/100\n|-damage|p2b: Calyrex|44\/100\n|-unboost|p1a: \u4ebf\u5143\u4e01\u771f|spa|1\n|\n|-fieldend|move: Trick Room\n|-fieldend|move: Psychic Terrain\n|upkeep\n|turn|6\n|inactive|shuijunjun\u7ea2\u83b2\u94e0\u9a91\u4fa0 has 30 seconds left.\n|\n|t:|1721869600\n|move|p2a: Ursaluna|Protect|p2a: Ursaluna\n|-singleturn|p2a: Ursaluna|Protect\n|move|p1b: \u6bc5\u52c7\u4e01\u771f|Body Press|p2b: Calyrex\n|-damage|p2b: Calyrex|6\/100\n|move|p1a: \u4ebf\u5143\u4e01\u771f|Thunderbolt|p2b: Calyrex\n|-supereffective|p2b: Calyrex\n|-damage|p2b: Calyrex|0 fnt\n|faint|p2b: Calyrex\n|\n|upkeep\n|\n|t:|1721869610\n|switch|p2b: Raging Bolt|Raging Bolt, L50|73\/100\n|turn|7\n|\n|t:|1721869623\n|move|p2b: Raging Bolt|Thunderclap|p1a: \u4ebf\u5143\u4e01\u771f\n|-damage|p1a: \u4ebf\u5143\u4e01\u771f|0 fnt\n|faint|p1a: \u4ebf\u5143\u4e01\u771f\n|move|p1b: \u6bc5\u52c7\u4e01\u771f|Body Press|p2a: Ursaluna\n|-supereffective|p2a: Ursaluna\n|-damage|p2a: Ursaluna|0 fnt\n|faint|p2a: Ursaluna\n|\n|upkeep\n|\n|t:|1721869626\n|switch|p1a: \u7f28\u626c\u4e01\u771f|Urshifu, L50, F|100\/100\n|turn|8\n|-message|greenlightdmp forfeited.\n|\n|win|shuijunjun\u7ea2\u83b2\u94e0\u9a91\u4fa0\n|raw|shuijunjun\u7ea2\u83b2\u94e0\u9a91\u4fa0's rating: 1721 &rarr; <strong>1742<\/strong><br \/>(+21 for winning)\n|raw|greenlightdmp's rating: 1735 &rarr; <strong>1714<\/strong><br \/>(-21 for losing)\n|l|\u2606greenlightdmp\n|player|p2|\n|l|\u2606shuijunjun\u7ea2\u83b2\u94e0\u9a91\u4fa0\n|player|p1|\n|l| surprasm\n","uploadtime":1721869636,"views":63,"formatid":"gen9vgc2024regg","rating":1714,"private":0,"password":null}