{"id":"gen9vgc2024regg-2166968648","format":"[Gen 9] VGC 2024 Reg G","players":["AnyaForger20","SubToPenglin"],"log":"|j|\u2606AnyaForger20\n|j|\u2606SubToPenglin\n|t:|1721875158\n|gametype|doubles\n|player|p1|AnyaForger20|caitlin|1655\n|player|p2|SubToPenglin|dawn-gen4pt|1701\n|teamsize|p1|6\n|teamsize|p2|6\n|gen|9\n|tier|[Gen 9] VGC 2024 Reg G\n|rated|\n|rule|Species Clause: Limit one of each Pok\u00e9mon\n|rule|Item Clause: Limit one of each item\n|clearpoke\n|poke|p1|Ogerpon-Wellspring, L50, F|\n|poke|p1|Calyrex-Ice, L50|\n|poke|p1|Annihilape, L50, M|\n|poke|p1|Smeargle, L50, M|\n|poke|p1|Urshifu-*, L50, M|\n|poke|p1|Ursaluna-Bloodmoon, L50, M|\n|poke|p2|Comfey, L50, F|\n|poke|p2|Terapagos, L50, M|\n|poke|p2|Tornadus, L50, M|\n|poke|p2|Ogerpon-Cornerstone, L50, F|\n|poke|p2|Magmar, L50, F|\n|poke|p2|Raichu, L50, M|\n|teampreview|4\n|inactive|Battle timer is ON: inactive players will automatically lose when time's up. (requested by SubToPenglin)\n|\n|t:|1721875184\n|start\n|switch|p1a: Calyrex|Calyrex-Ice, L50|100\/100\n|switch|p1b: Smeargle|Smeargle, L50, M|100\/100\n|switch|p2a: Terapagos|Terapagos, L50, M|100\/100\n|switch|p2b: Magmar|Magmar, L50, F, shiny|100\/100\n|-activate|p2a: Terapagos|ability: Tera Shift\n|detailschange|p2a: Terapagos|Terapagos-Terastal, L50, M\n|-heal|p2a: Terapagos|100\/100|[silent]\n|-ability|p1a: Calyrex|As One\n|-ability|p1a: Calyrex|Unnerve\n|turn|1\n|\n|t:|1721875198\n|move|p1b: Smeargle|Fake Out|p2b: Magmar\n|-damage|p2b: Magmar|96\/100\n|move|p2a: Terapagos|Calm Mind|p2a: Terapagos\n|-boost|p2a: Terapagos|spa|1\n|-boost|p2a: Terapagos|spd|1\n|cant|p2b: Magmar|flinch\n|move|p1a: Calyrex|Trick Room|p1a: Calyrex\n|-fieldstart|move: Trick Room|[of] p1a: Calyrex\n|\n|upkeep\n|turn|2\n|inactive|SubToPenglin has 30 seconds left.\n|\n|t:|1721875224\n|-terastallize|p2a: Terapagos|Stellar\n|detailschange|p2a: Terapagos|Terapagos-Stellar, L50, M, tera:Stellar\n|-heal|p2a: Terapagos|100\/100|[silent]\n|move|p2b: Magmar|Follow Me|p2b: Magmar\n|-singleturn|p2b: Magmar|move: Follow Me\n|move|p1b: Smeargle|Decorate|p2b: Magmar\n|-boost|p2b: Magmar|atk|2\n|-boost|p2b: Magmar|spa|2\n|move|p1a: Calyrex|Glacial Lance|p2b: Magmar|[spread] p2a,p2b\n|-resisted|p2b: Magmar\n|-damage|p2a: Terapagos|64\/100\n|-damage|p2b: Magmar|75\/100\n|move|p2a: Terapagos|Tera Starstorm|p1a: Calyrex|[spread] p1a,p1b\n|-crit|p1a: Calyrex\n|-damage|p1a: Calyrex|45\/100\n|-enditem|p1b: Smeargle|Focus Sash\n|-damage|p1b: Smeargle|1\/100\n|-enditem|p1a: Calyrex|Sitrus Berry|[eat]\n|-heal|p1a: Calyrex|69\/100|[from] item: Sitrus Berry\n|\n|upkeep\n|turn|3\n|\n|t:|1721875243\n|move|p1b: Smeargle|Wide Guard|p1b: Smeargle\n|-singleturn|p1b: Smeargle|Wide Guard\n|move|p2b: Magmar|Follow Me|p2b: Magmar\n|-singleturn|p2b: Magmar|move: Follow Me\n|move|p1a: Calyrex|Glacial Lance|p2a: Terapagos|[spread] p2a,p2b\n|-resisted|p2b: Magmar\n|-damage|p2a: Terapagos|30\/100\n|-damage|p2b: Magmar|56\/100\n|move|p2a: Terapagos|Tera Starstorm|p1b: Smeargle|[spread] \n|-activate|p1a: Calyrex|move: Wide Guard\n|-activate|p1b: Smeargle|move: Wide Guard\n|\n|upkeep\n|turn|4\n|\n|t:|1721875260\n|move|p2a: Terapagos|Protect|p2a: Terapagos\n|-singleturn|p2a: Terapagos|Protect\n|move|p1b: Smeargle|Decorate|p1a: Calyrex\n|-boost|p1a: Calyrex|atk|2\n|-boost|p1a: Calyrex|spa|2\n|move|p1a: Calyrex|Glacial Lance|p2b: Magmar|[spread] p2b\n|-activate|p2a: Terapagos|move: Protect\n|-resisted|p2b: Magmar\n|-damage|p2b: Magmar|12\/100\n|move|p2b: Magmar|Taunt|p1b: Smeargle\n|-start|p1b: Smeargle|move: Taunt\n|\n|upkeep\n|turn|5\n|inactive|SubToPenglin has 30 seconds left.\n|\n|t:|1721875286\n|switch|p1b: Urshifu|Urshifu, L50, M|100\/100\n|switch|p2a: Ogerpon|Ogerpon-Cornerstone, L50, F|100\/100\n|move|p1a: Calyrex|Glacial Lance|p2a: Ogerpon|[spread] p2a,p2b\n|-supereffective|p2a: Ogerpon\n|-resisted|p2b: Magmar\n|-ability|p2a: Ogerpon|Sturdy\n|-damage|p2a: Ogerpon|1\/100\n|-damage|p2b: Magmar|0 fnt\n|faint|p2b: Magmar\n|-ability|p1a: Calyrex|Chilling Neigh|boost\n|-boost|p1a: Calyrex|atk|1\n|\n|-fieldend|move: Trick Room\n|upkeep\n|\n|t:|1721875294\n|switch|p2b: Terapagos|Terapagos-Stellar, L50, M, tera:Stellar|30\/100\n|turn|6\n|j| THUNDERSND77\n|\n|t:|1721875303\n|switch|p2b: Comfey|Comfey, L50, F, shiny|100\/100\n|move|p1b: Urshifu|Sucker Punch|p2a: Ogerpon\n|-crit|p2a: Ogerpon\n|-damage|p2a: Ogerpon|0 fnt\n|faint|p2a: Ogerpon\n|move|p1a: Calyrex|Glacial Lance|p2b: Comfey\n|-damage|p2b: Comfey|0 fnt\n|faint|p2b: Comfey\n|-ability|p1a: Calyrex|Chilling Neigh|boost\n|-boost|p1a: Calyrex|atk|1\n|\n|upkeep\n|l| THUNDERSND77\n|-message|SubToPenglin forfeited.\n|\n|win|AnyaForger20\n|raw|AnyaForger20's rating: 1655 &rarr; <strong>1678<\/strong><br \/>(+23 for winning)\n|raw|SubToPenglin's rating: 1701 &rarr; <strong>1678<\/strong><br \/>(-23 for losing)\n|l|\u2606SubToPenglin\n|player|p2|\n|l|\u2606AnyaForger20\n|player|p1|\n","uploadtime":1721875500,"views":20,"formatid":"gen9vgc2024regg","rating":1678,"private":0,"password":null}