{"id":"gen9vgc2024regg-2166432432","format":"[Gen 9] VGC 2024 Reg G","players":["rongyin2","QuinlanBuilds"],"log":"|j|\u2606rongyin2\n|j|\u203dQuinlanBuilds\n|t:|1721801418\n|gametype|doubles\n|player|p1|rongyin2|dawn|1713\n|player|p2|QuinlanBuilds|169|1677\n|teamsize|p1|6\n|teamsize|p2|6\n|gen|9\n|tier|[Gen 9] VGC 2024 Reg G\n|rated|\n|rule|Species Clause: Limit one of each Pok\u00e9mon\n|rule|Item Clause: Limit one of each item\n|clearpoke\n|poke|p1|Calyrex-Shadow, L50|\n|poke|p1|Regigigas, L50|\n|poke|p1|Iron Hands, L50|\n|poke|p1|Amoonguss, L50, F|\n|poke|p1|Weezing-Galar, L50, M|\n|poke|p1|Whimsicott, L50, M|\n|poke|p2|Incineroar, L50, M|\n|poke|p2|Rillaboom, L50, F|\n|poke|p2|Calyrex-Ice, L50|\n|poke|p2|Urshifu-*, L50, M|\n|poke|p2|Pelipper, L50, F|\n|poke|p2|Raging Bolt, L50|\n|teampreview|4\n|j| huchen\n|inactive|Battle timer is ON: inactive players will automatically lose when time's up. (requested by rongyin2)\n|l|\u203dQuinlanBuilds\n|inactive|QuinlanBuilds disconnected and has a minute to reconnect!\n|player|p2|\n|inactive|QuinlanBuilds has 30 seconds to reconnect!\n|j|\u203dQuinlanBuilds\n|inactive|QuinlanBuilds reconnected and has 50 seconds left.\n|player|p2|QuinlanBuilds|169|\n|n|\u203dQuinlanBuilds|quinlanbuilds\n|\n|t:|1721801493\n|start\n|switch|p1a: Regigigas|Regigigas, L50|100\/100\n|switch|p1b: Weezing|Weezing-Galar, L50, M|100\/100\n|switch|p2a: Urshifu|Urshifu-Rapid-Strike, L50, M|100\/100\n|switch|p2b: Incineroar|Incineroar, L50, M, shiny|100\/100\n|-ability|p1b: Weezing|Neutralizing Gas\n|turn|1\n|inactive|QuinlanBuilds has 30 seconds left.\n|\n|t:|1721801519\n|move|p2b: Incineroar|Fake Out|p1a: Regigigas\n|-damage|p1a: Regigigas|91\/100\n|move|p2a: Urshifu|Surging Strikes|p1b: Weezing\n|-crit|p1b: Weezing\n|-damage|p1b: Weezing|81\/100\n|-crit|p1b: Weezing\n|-damage|p1b: Weezing|60\/100\n|-crit|p1b: Weezing\n|-damage|p1b: Weezing|41\/100\n|-hitcount|p1b: Weezing|3\n|move|p1a: Regigigas|Knock Off|p2b: Incineroar\n|-resisted|p2b: Incineroar\n|-damage|p2b: Incineroar|86\/100\n|-enditem|p2b: Incineroar|Safety Goggles|[from] move: Knock Off|[of] p1a: Regigigas\n|move|p1b: Weezing|Sludge Bomb|p2a: Urshifu\n|-damage|p2a: Urshifu|60\/100\n|\n|-heal|p1b: Weezing|46\/100|[from] item: Leftovers\n|upkeep\n|turn|2\n|inactive|QuinlanBuilds has 30 seconds left.\n|\n|t:|1721801548\n|switch|p2a: Rillaboom|Rillaboom, L50, F, shiny|100\/100\n|move|p1b: Weezing|Protect|p1b: Weezing\n|-singleturn|p1b: Weezing|Protect\n|move|p1a: Regigigas|Knock Off|p2a: Rillaboom\n|-damage|p2a: Rillaboom|66\/100\n|-enditem|p2a: Rillaboom|Assault Vest|[from] move: Knock Off|[of] p1a: Regigigas\n|move|p2b: Incineroar|Will-O-Wisp|p1a: Regigigas\n|-status|p1a: Regigigas|brn\n|\n|-heal|p1b: Weezing|52\/100|[from] item: Leftovers\n|-damage|p1a: Regigigas|84\/100 brn|[from] brn\n|upkeep\n|turn|3\n|\n|t:|1721801569\n|move|p2a: Rillaboom|Fake Out|p1b: Weezing\n|-damage|p1b: Weezing|39\/100\n|move|p1a: Regigigas|Facade|p2b: Incineroar\n|-damage|p2b: Incineroar|13\/100\n|move|p2b: Incineroar|Parting Shot|p1a: Regigigas\n|-unboost|p1a: Regigigas|atk|1\n|-unboost|p1a: Regigigas|spa|1\n|\n|t:|1721801583\n|switch|p2b: Urshifu|Urshifu-Rapid-Strike, L50, M|60\/100|[from] Parting Shot\n|cant|p1b: Weezing|flinch\n|\n|-heal|p1b: Weezing|45\/100|[from] item: Leftovers\n|-damage|p1a: Regigigas|78\/100 brn|[from] brn\n|upkeep\n|turn|4\n|\n|t:|1721801604\n|switch|p2b: Incineroar|Incineroar, L50, M, shiny|13\/100\n|move|p1b: Weezing|Protect|p1b: Weezing\n|-singleturn|p1b: Weezing|Protect\n|move|p1a: Regigigas|Facade|p2a: Rillaboom\n|-damage|p2a: Rillaboom|21\/100\n|move|p2a: Rillaboom|U-turn|p1a: Regigigas\n|-damage|p1a: Regigigas|59\/100 brn\n|\n|t:|1721801616\n|switch|p2a: Urshifu|Urshifu-Rapid-Strike, L50, M|60\/100|[from] U-turn\n|\n|-heal|p1b: Weezing|50\/100|[from] item: Leftovers\n|-damage|p1a: Regigigas|52\/100 brn|[from] brn\n|upkeep\n|turn|5\n|\n|t:|1721801632\n|-terastallize|p2a: Urshifu|Water\n|move|p2a: Urshifu|Surging Strikes|p1b: Weezing\n|-crit|p1b: Weezing\n|-damage|p1b: Weezing|25\/100\n|-crit|p1b: Weezing\n|-damage|p1b: Weezing|0 fnt\n|faint|p1b: Weezing\n|-end|p1b: Weezing|ability: Neutralizing Gas\n|-start|p1a: Regigigas|ability: Slow Start\n|-ability|p2b: Incineroar|Intimidate|boost\n|-unboost|p1a: Regigigas|atk|1\n|-hitcount|p1: Weezing|2\n|move|p2b: Incineroar|Parting Shot|p1a: Regigigas\n|-unboost|p1a: Regigigas|atk|1\n|-unboost|p1a: Regigigas|spa|1\n|\n|t:|1721801646\n|switch|p2b: Rillaboom|Rillaboom, L50, F, shiny|21\/100|[from] Parting Shot\n|-fieldstart|move: Grassy Terrain|[from] ability: Grassy Surge|[of] p2b: Rillaboom\n|move|p1a: Regigigas|Facade|p2b: Rillaboom\n|-damage|p2b: Rillaboom|8\/100\n|\n|-heal|p2a: Urshifu|66\/100|[from] Grassy Terrain\n|-heal|p2b: Rillaboom|14\/100|[from] Grassy Terrain\n|-heal|p1a: Regigigas|59\/100 brn|[from] Grassy Terrain\n|-damage|p1a: Regigigas|52\/100 brn|[from] brn\n|upkeep\n|\n|t:|1721801657\n|switch|p1b: Calyrex|Calyrex-Shadow, L50|100\/100\n|-ability|p1b: Calyrex|As One\n|-ability|p1b: Calyrex|Unnerve\n|turn|6\n|\n|t:|1721801665\n|-end|p1a: Regigigas|Slow Start|[silent]\n|switch|p1a: Iron Hands|Iron Hands, L50|100\/100\n|move|p2b: Rillaboom|Grassy Glide|p1b: Calyrex\n|-damage|p1b: Calyrex|66\/100\n|move|p2a: Urshifu|Surging Strikes|p1b: Calyrex\n|-crit|p1b: Calyrex\n|-damage|p1b: Calyrex|36\/100\n|-crit|p1b: Calyrex\n|-damage|p1b: Calyrex|3\/100\n|-crit|p1b: Calyrex\n|-damage|p1b: Calyrex|0 fnt\n|faint|p1b: Calyrex\n|-hitcount|p1: Calyrex|3\n|\n|-heal|p2a: Urshifu|72\/100|[from] Grassy Terrain\n|-heal|p2b: Rillaboom|20\/100|[from] Grassy Terrain\n|upkeep\n|l| huchen\n|\n|t:|1721801680\n|switch|p1b: Regigigas|Regigigas, L50|52\/100 brn\n|-start|p1b: Regigigas|ability: Slow Start\n|turn|7\n|-message|rongyin2 forfeited.\n|\n|win|QuinlanBuilds\n|raw|rongyin2's rating: 1713 &rarr; <strong>1691<\/strong><br \/>(-22 for losing)\n|raw|QuinlanBuilds's rating: 1677 &rarr; <strong>1699<\/strong><br \/>(+22 for winning)\n|l|\u2606rongyin2\n|player|p1|\n|l|\u203dQuinlanBuilds\n|player|p2|\n","uploadtime":1721801847,"views":11,"formatid":"gen9vgc2024regg","rating":1691,"private":0,"password":null}