{"id":"gen9vgc2024regg-2166456251","format":"[Gen 9] VGC 2024 Reg G","players":["shulivgc","shuijunjun\u7ea2\u83b2\u94e0\u9a91\u4fa0"],"log":"|j|\u2606shulivgc\n|j|\u2606shuijunjun\u7ea2\u83b2\u94e0\u9a91\u4fa0\n|t:|1721806472\n|gametype|doubles\n|player|p1|shulivgc|#smogonxnpa2024draftee2|1820\n|player|p2|shuijunjun\u7ea2\u83b2\u94e0\u9a91\u4fa0|iono|1687\n|teamsize|p1|6\n|teamsize|p2|6\n|gen|9\n|tier|[Gen 9] VGC 2024 Reg G\n|rated|\n|rule|Species Clause: Limit one of each Pok\u00e9mon\n|rule|Item Clause: Limit one of each item\n|clearpoke\n|poke|p1|Calyrex-Ice, L50|\n|poke|p1|Annihilape, L50, F|\n|poke|p1|Smeargle, L50, M|\n|poke|p1|Ursaluna-Bloodmoon, L50, M|\n|poke|p1|Urshifu-*, L50, M|\n|poke|p1|Ogerpon-Wellspring, L50, F|\n|poke|p2|Armarouge, L50, M|\n|poke|p2|Zamazenta-*, L50|\n|poke|p2|Indeedee, L50, M|\n|poke|p2|Roaring Moon, L50|\n|poke|p2|Gholdengo, L50|\n|poke|p2|Urshifu-*, L50, M|\n|teampreview|4\n|c|\u2606shulivgc|\u6b63\u5e38\u6253\n|\n|t:|1721806533\n|start\n|switch|p1a: Smeargle|Smeargle, L50, M|100\/100\n|switch|p1b: Calyrex|Calyrex-Ice, L50|100\/100\n|switch|p2a: \u610f\u8335\u4e01\u771f|Indeedee, L50, M|100\/100\n|switch|p2b: \u7f28\u626c\u4e01\u771f|Urshifu, L50, M|100\/100\n|-ability|p1b: Calyrex|As One\n|-ability|p1b: Calyrex|Unnerve\n|-fieldstart|move: Psychic Terrain|[from] ability: Psychic Surge|[of] p2a: \u610f\u8335\u4e01\u771f\n|turn|1\n|\n|t:|1721806600\n|-terastallize|p1b: Calyrex|Water\n|move|p2a: \u610f\u8335\u4e01\u771f|Trick|p1b: Calyrex\n|-activate|p2a: \u610f\u8335\u4e01\u771f|move: Trick|[of] p1b: Calyrex\n|-item|p1b: Calyrex|Choice Scarf|[from] move: Trick\n|-item|p2a: \u610f\u8335\u4e01\u771f|Sitrus Berry|[from] move: Trick\n|move|p2b: \u7f28\u626c\u4e01\u771f|Close Combat|p1a: Smeargle\n|-supereffective|p1a: Smeargle\n|-enditem|p1a: Smeargle|Focus Sash\n|-damage|p1a: Smeargle|1\/100\n|-unboost|p2b: \u7f28\u626c\u4e01\u771f|def|1\n|-unboost|p2b: \u7f28\u626c\u4e01\u771f|spd|1\n|move|p1b: Calyrex|Glacial Lance|p2a: \u610f\u8335\u4e01\u771f|[spread] p2a,p2b\n|-damage|p2a: \u610f\u8335\u4e01\u771f|9\/100\n|-damage|p2b: \u7f28\u626c\u4e01\u771f|10\/100\n|move|p1a: Smeargle|Spore|p2b: \u7f28\u626c\u4e01\u771f\n|-status|p2b: \u7f28\u626c\u4e01\u771f|slp|[from] move: Spore\n|\n|upkeep\n|turn|2\n|\n|t:|1721806629\n|switch|p2b: \u6bc5\u52c7\u4e01\u771f|Zamazenta-Crowned, L50|100\/100\n|-ability|p2b: \u6bc5\u52c7\u4e01\u771f|Dauntless Shield|boost\n|-boost|p2b: \u6bc5\u52c7\u4e01\u771f|def|1\n|move|p1a: Smeargle|Wide Guard|p1a: Smeargle\n|-singleturn|p1a: Smeargle|Wide Guard\n|move|p2a: \u610f\u8335\u4e01\u771f|Expanding Force|p1b: Calyrex|[spread] \n|-activate|p1a: Smeargle|move: Wide Guard\n|-activate|p1b: Calyrex|move: Wide Guard\n|move|p1b: Calyrex|Glacial Lance|p2a: \u610f\u8335\u4e01\u771f|[spread] p2a,p2b\n|-resisted|p2b: \u6bc5\u52c7\u4e01\u771f\n|-damage|p2a: \u610f\u8335\u4e01\u771f|0 fnt\n|-damage|p2b: \u6bc5\u52c7\u4e01\u771f|90\/100\n|faint|p2a: \u610f\u8335\u4e01\u771f\n|-ability|p1b: Calyrex|Chilling Neigh|boost\n|-boost|p1b: Calyrex|atk|1\n|\n|upkeep\n|\n|t:|1721806636\n|switch|p2a: \u4ebf\u5143\u4e01\u771f|Gholdengo, L50|100\/100\n|-item|p2a: \u4ebf\u5143\u4e01\u771f|Air Balloon\n|turn|3\n|\n|t:|1721806716\n|move|p2b: \u6bc5\u52c7\u4e01\u771f|Wide Guard|p2b: \u6bc5\u52c7\u4e01\u771f\n|-singleturn|p2b: \u6bc5\u52c7\u4e01\u771f|Wide Guard\n|move|p1a: Smeargle|Wide Guard|p1a: Smeargle\n|-singleturn|p1a: Smeargle|Wide Guard\n|move|p2a: \u4ebf\u5143\u4e01\u771f|Thunderbolt|p1a: Smeargle\n|-damage|p1a: Smeargle|0 fnt\n|faint|p1a: Smeargle\n|move|p1b: Calyrex|Glacial Lance|p2a: \u4ebf\u5143\u4e01\u771f|[spread] \n|-activate|p2a: \u4ebf\u5143\u4e01\u771f|move: Wide Guard\n|-activate|p2b: \u6bc5\u52c7\u4e01\u771f|move: Wide Guard\n|\n|upkeep\n|\n|t:|1721806725\n|switch|p1a: Urshifu|Urshifu, L50, M|100\/100\n|turn|4\n|\n|t:|1721806749\n|switch|p1b: Ursaluna|Ursaluna-Bloodmoon, L50, M|100\/100\n|-terastallize|p2a: \u4ebf\u5143\u4e01\u771f|Electric\n|move|p2b: \u6bc5\u52c7\u4e01\u771f|Body Press|p1b: Ursaluna\n|-supereffective|p1b: Ursaluna\n|-damage|p1b: Ursaluna|9\/100\n|move|p2a: \u4ebf\u5143\u4e01\u771f|Thunderbolt|p1a: Urshifu\n|-damage|p1a: Urshifu|41\/100\n|move|p1a: Urshifu|Close Combat|p2b: \u6bc5\u52c7\u4e01\u771f\n|-supereffective|p2b: \u6bc5\u52c7\u4e01\u771f\n|-damage|p2b: \u6bc5\u52c7\u4e01\u771f|7\/100\n|-unboost|p1a: Urshifu|def|1\n|-unboost|p1a: Urshifu|spd|1\n|\n|upkeep\n|turn|5\n|\n|t:|1721806794\n|switch|p1b: Calyrex|Calyrex-Ice, L50, tera:Water|100\/100\n|-ability|p1b: Calyrex|As One\n|-ability|p1b: Calyrex|Unnerve\n|move|p2b: \u6bc5\u52c7\u4e01\u771f|Body Press|p1a: Urshifu\n|-supereffective|p1a: Urshifu\n|-damage|p1a: Urshifu|0 fnt\n|faint|p1a: Urshifu\n|move|p2a: \u4ebf\u5143\u4e01\u771f|Make It Rain|p1b: Calyrex\n|-resisted|p1b: Calyrex\n|-damage|p1b: Calyrex|77\/100\n|-unboost|p2a: \u4ebf\u5143\u4e01\u771f|spa|1\n|\n|-fieldend|move: Psychic Terrain\n|upkeep\n|\n|t:|1721806803\n|switch|p1a: Ursaluna|Ursaluna-Bloodmoon, L50, M|9\/100\n|turn|6\n|\n|t:|1721806815\n|move|p2a: \u4ebf\u5143\u4e01\u771f|Protect|p2a: \u4ebf\u5143\u4e01\u771f\n|-singleturn|p2a: \u4ebf\u5143\u4e01\u771f|Protect\n|move|p1a: Ursaluna|Vacuum Wave|p2b: \u6bc5\u52c7\u4e01\u771f\n|-supereffective|p2b: \u6bc5\u52c7\u4e01\u771f\n|-damage|p2b: \u6bc5\u52c7\u4e01\u771f|0 fnt\n|faint|p2b: \u6bc5\u52c7\u4e01\u771f\n|-damage|p1a: Ursaluna|0 fnt|[from] item: Life Orb\n|faint|p1a: Ursaluna\n|move|p1b: Calyrex|High Horsepower|p2a: \u4ebf\u5143\u4e01\u771f\n|-activate|p2a: \u4ebf\u5143\u4e01\u771f|move: Protect\n|\n|upkeep\n|\n|t:|1721806820\n|switch|p2b: \u7f28\u626c\u4e01\u771f|Urshifu, L50, M|10\/100 slp\n|turn|7\n|\n|t:|1721806829\n|cant|p2b: \u7f28\u626c\u4e01\u771f|slp\n|move|p2a: \u4ebf\u5143\u4e01\u771f|Thunderbolt|p1b: Calyrex\n|-supereffective|p1b: Calyrex\n|-damage|p1b: Calyrex|27\/100\n|move|p1b: Calyrex|High Horsepower|p2b: \u7f28\u626c\u4e01\u771f\n|-damage|p2b: \u7f28\u626c\u4e01\u771f|0 fnt\n|faint|p2b: \u7f28\u626c\u4e01\u771f\n|-ability|p1b: Calyrex|Chilling Neigh|boost\n|-boost|p1b: Calyrex|atk|1\n|\n|upkeep\n|turn|8\n|\n|t:|1721806833\n|move|p2a: \u4ebf\u5143\u4e01\u771f|Thunderbolt|p1b: Calyrex\n|-supereffective|p1b: Calyrex\n|-damage|p1b: Calyrex|0 fnt\n|faint|p1b: Calyrex\n|\n|win|shuijunjun\u7ea2\u83b2\u94e0\u9a91\u4fa0\n|raw|shulivgc's rating: 1820 &rarr; <strong>1793<\/strong><br \/>(-27 for losing)\n|raw|shuijunjun\u7ea2\u83b2\u94e0\u9a91\u4fa0's rating: 1687 &rarr; <strong>1714<\/strong><br \/>(+27 for winning)\n|l|\u2606shulivgc\n|player|p1|\n","uploadtime":1721806841,"views":122,"formatid":"gen9vgc2024regg","rating":1714,"private":0,"password":null}