{"id":"gen9vgc2024regg-2166449147","format":"[Gen 9] VGC 2024 Reg G","players":["radiantwf3","Djjwjwwjj"],"log":"|j|\u203dradiantwf3\n|j|\u2606Djjwjwwjj\n|t:|1721804969\n|gametype|doubles\n|player|p1|radiantwf3|266|1694\n|player|p2|Djjwjwwjj|266|1774\n|teamsize|p1|6\n|teamsize|p2|6\n|gen|9\n|tier|[Gen 9] VGC 2024 Reg G\n|rated|\n|rule|Species Clause: Limit one of each Pok\u00e9mon\n|rule|Item Clause: Limit one of each item\n|clearpoke\n|poke|p1|Miraidon, L50|\n|poke|p1|Grimmsnarl, L50, M|\n|poke|p1|Urshifu-*, L50, M|\n|poke|p1|Iron Hands, L50|\n|poke|p1|Volcarona, L50, M|\n|poke|p1|Kingambit, L50, F|\n|poke|p2|Calyrex-Shadow, L50|\n|poke|p2|Incineroar, L50, F|\n|poke|p2|Rillaboom, L50, F|\n|poke|p2|Maushold-Four, L50|\n|poke|p2|Urshifu-*, L50, M|\n|poke|p2|Goodra-Hisui, L50, F|\n|teampreview|4\n|inactive|Battle timer is ON: inactive players will automatically lose when time's up. (requested by Djjwjwwjj)\n|inactive|radiantwf3 also wants the timer to be on.\n|inactive|radiantwf3 has 60 seconds left.\n|inactive|Djjwjwwjj has 60 seconds left.\n|\n|t:|1721805009\n|start\n|switch|p1a: Grimmsnarl|Grimmsnarl, L50, M|100\/100\n|switch|p1b: Volcarona|Volcarona, L50, M|100\/100\n|switch|p2a: Calyrex|Calyrex-Shadow, L50|100\/100\n|switch|p2b: Rillaboom|Rillaboom, L50, F|100\/100\n|-ability|p2a: Calyrex|As One\n|-ability|p2a: Calyrex|Unnerve\n|-fieldstart|move: Grassy Terrain|[from] ability: Grassy Surge|[of] p2b: Rillaboom\n|turn|1\n|\n|t:|1721805032\n|move|p2b: Rillaboom|Fake Out|p1a: Grimmsnarl\n|-damage|p1a: Grimmsnarl|87\/100\n|cant|p1a: Grimmsnarl|flinch\n|move|p2a: Calyrex|Calm Mind|p2a: Calyrex\n|-boost|p2a: Calyrex|spa|1\n|-boost|p2a: Calyrex|spd|1\n|move|p1b: Volcarona|Quiver Dance|p1b: Volcarona\n|-boost|p1b: Volcarona|spa|1\n|-boost|p1b: Volcarona|spd|1\n|-boost|p1b: Volcarona|spe|1\n|\n|-heal|p1a: Grimmsnarl|93\/100|[from] Grassy Terrain\n|upkeep\n|turn|2\n|\n|t:|1721805053\n|move|p1a: Grimmsnarl|Thunder Wave|p2a: Calyrex\n|-status|p2a: Calyrex|par\n|move|p1b: Volcarona|Fiery Dance|p2b: Rillaboom\n|-supereffective|p2b: Rillaboom\n|-damage|p2b: Rillaboom|19\/100\n|-boost|p1b: Volcarona|spa|1\n|move|p2b: Rillaboom|U-turn|p1a: Grimmsnarl\n|-damage|p1a: Grimmsnarl|69\/100\n|\n|t:|1721805066\n|switch|p2b: Urshifu|Urshifu-Rapid-Strike, L50, M|100\/100|[from] U-turn\n|cant|p2a: Calyrex|par\n|\n|-heal|p1a: Grimmsnarl|75\/100|[from] Grassy Terrain\n|upkeep\n|turn|3\n|inactive|radiantwf3 has 30 seconds left.\n|inactive|radiantwf3 has 20 seconds left.\n|inactive|radiantwf3 has 15 seconds left.\n|inactive|radiantwf3 has 10 seconds left.\n|\n|t:|1721805112\n|-terastallize|p1b: Volcarona|Dragon\n|move|p1a: Grimmsnarl|Light Screen|p1a: Grimmsnarl\n|-sidestart|p1: radiantwf3|move: Light Screen\n|move|p2b: Urshifu|Surging Strikes|p1b: Volcarona\n|-resisted|p1b: Volcarona\n|-crit|p1b: Volcarona\n|-damage|p1b: Volcarona|89\/100\n|-resisted|p1b: Volcarona\n|-crit|p1b: Volcarona\n|-damage|p1b: Volcarona|77\/100\n|-resisted|p1b: Volcarona\n|-crit|p1b: Volcarona\n|-damage|p1b: Volcarona|65\/100\n|-hitcount|p1b: Volcarona|3\n|move|p1b: Volcarona|Quiver Dance|p1b: Volcarona\n|-boost|p1b: Volcarona|spa|1\n|-boost|p1b: Volcarona|spd|1\n|-boost|p1b: Volcarona|spe|1\n|cant|p2a: Calyrex|par\n|\n|-heal|p1b: Volcarona|71\/100|[from] Grassy Terrain\n|-heal|p1a: Grimmsnarl|81\/100|[from] Grassy Terrain\n|upkeep\n|turn|4\n|\n|t:|1721805136\n|move|p1b: Volcarona|Fiery Dance|p2a: Calyrex\n|-damage|p2a: Calyrex|37\/100 par\n|-boost|p1b: Volcarona|spa|1\n|move|p2b: Urshifu|Surging Strikes|p1a: Grimmsnarl\n|-crit|p1a: Grimmsnarl\n|-damage|p1a: Grimmsnarl|60\/100\n|-crit|p1a: Grimmsnarl\n|-damage|p1a: Grimmsnarl|40\/100\n|-crit|p1a: Grimmsnarl\n|-damage|p1a: Grimmsnarl|20\/100\n|-hitcount|p1a: Grimmsnarl|3\n|move|p2a: Calyrex|Calm Mind|p2a: Calyrex\n|-boost|p2a: Calyrex|spa|1\n|-boost|p2a: Calyrex|spd|1\n|move|p1a: Grimmsnarl|Spirit Break|p2a: Calyrex\n|-damage|p2a: Calyrex|11\/100 par\n|\n|-heal|p1b: Volcarona|77\/100|[from] Grassy Terrain\n|-heal|p2a: Calyrex|17\/100 par|[from] Grassy Terrain\n|-heal|p1a: Grimmsnarl|26\/100|[from] Grassy Terrain\n|upkeep\n|turn|5\n|\n|t:|1721805159\n|switch|p2b: Maushold|Maushold-Four, L50|100\/100\n|cant|p2a: Calyrex|par\n|move|p1a: Grimmsnarl|Thunder Wave|p2b: Maushold\n|-status|p2b: Maushold|par\n|move|p1b: Volcarona|Fiery Dance|p2a: Calyrex\n|-damage|p2a: Calyrex|0 fnt\n|faint|p2a: Calyrex\n|\n|-heal|p1b: Volcarona|83\/100|[from] Grassy Terrain\n|-heal|p1a: Grimmsnarl|32\/100|[from] Grassy Terrain\n|-fieldend|move: Grassy Terrain\n|upkeep\n|inactive|Djjwjwwjj has 30 seconds left.\n|inactive|Djjwjwwjj has 20 seconds left.\n|-message|Djjwjwwjj forfeited.\n|\n|win|radiantwf3\n|raw|radiantwf3's rating: 1694 &rarr; <strong>1719<\/strong><br \/>(+25 for winning)\n|raw|Djjwjwwjj's rating: 1774 &rarr; <strong>1749<\/strong><br \/>(-25 for losing)\n|l|\u2606Djjwjwwjj\n|player|p2|\n|l|\u203dradiantwf3\n|player|p1|\n","uploadtime":1721805399,"views":18,"formatid":"gen9vgc2024regg","rating":1719,"private":0,"password":null}