{"id":"gen9vgc2024regg-2166167999","format":"[Gen 9] VGC 2024 Reg G","players":["shroudofdusk","Krisuerte"],"log":"|j|\u2606shroudofdusk\n|j|\u2606Krisuerte\n|t:|1721764548\n|gametype|doubles\n|player|p1|shroudofdusk|veteranf|1682\n|player|p2|Krisuerte|266|1856\n|teamsize|p1|6\n|teamsize|p2|6\n|gen|9\n|tier|[Gen 9] VGC 2024 Reg G\n|rated|\n|rule|Species Clause: Limit one of each Pok\u00e9mon\n|rule|Item Clause: Limit one of each item\n|clearpoke\n|poke|p1|Kyogre, L50|\n|poke|p1|Wo-Chien, L50|\n|poke|p1|Urshifu-*, L50, M|\n|poke|p1|Incineroar, L50, M|\n|poke|p1|Tornadus, L50, M|\n|poke|p1|Sableye, L50, M|\n|poke|p2|Sinistcha-Masterpiece, L50|\n|poke|p2|Kyogre, L50|\n|poke|p2|Tornadus, L50, M|\n|poke|p2|Urshifu-*, L50, M|\n|poke|p2|Archaludon, L50, F|\n|poke|p2|Landorus, L50, M|\n|teampreview|4\n|\n|t:|1721764590\n|start\n|switch|p1a: Kyogre|Kyogre, L50|100\/100\n|switch|p1b: Sableye|Sableye, L50, M|100\/100\n|switch|p2a: Kyogre|Kyogre, L50|100\/100\n|switch|p2b: Archaludon|Archaludon, L50, F|100\/100\n|-weather|RainDance|[from] ability: Drizzle|[of] p1a: Kyogre\n|turn|1\n|inactive|Battle timer is ON: inactive players will automatically lose when time's up. (requested by shroudofdusk)\n|\n|t:|1721764614\n|-terastallize|p1a: Kyogre|Grass\n|move|p1b: Sableye|Light Screen|p1b: Sableye\n|-sidestart|p1: shroudofdusk|move: Light Screen\n|move|p1a: Kyogre|Thunder|p2a: Kyogre\n|-supereffective|p2a: Kyogre\n|-damage|p2a: Kyogre|42\/100\n|-status|p2a: Kyogre|par\n|move|p2b: Archaludon|Electro Shot||[still]\n|-prepare|p2b: Archaludon|Electro Shot\n|-boost|p2b: Archaludon|spa|1\n|-anim|p2b: Archaludon|Electro Shot|p1a: Kyogre\n|-resisted|p1a: Kyogre\n|-damage|p1a: Kyogre|90\/100\n|move|p2a: Kyogre|Ice Beam|p1a: Kyogre\n|-supereffective|p1a: Kyogre\n|-damage|p1a: Kyogre|59\/100\n|\n|-weather|RainDance|[upkeep]\n|upkeep\n|turn|2\n|inactive|Krisuerte has 30 seconds left.\n|inactive|shroudofdusk has 30 seconds left.\n|inactive|Krisuerte has 20 seconds left.\n|\n|t:|1721764651\n|switch|p2b: Sinistcha|Sinistcha-Masterpiece, L50|100\/100\n|-heal|p2a: Kyogre|67\/100 par|[from] ability: Hospitality|[of] p2b: Sinistcha\n|move|p1b: Sableye|Will-O-Wisp||[still]\n|-fail|p1b: Sableye\n|move|p1a: Kyogre|Origin Pulse|p2a: Kyogre|[spread] p2a,p2b\n|-resisted|p2a: Kyogre\n|-resisted|p2b: Sinistcha\n|-damage|p2a: Kyogre|45\/100 par\n|-damage|p2b: Sinistcha|68\/100\n|move|p2a: Kyogre|Ice Beam|p1a: Kyogre\n|-supereffective|p1a: Kyogre\n|-damage|p1a: Kyogre|25\/100\n|\n|-weather|RainDance|[upkeep]\n|upkeep\n|turn|3\n|j| DoublesNoobTester\n|inactive|Krisuerte has 30 seconds left.\n|inactive|Krisuerte has 20 seconds left.\n|\n|t:|1721764689\n|-terastallize|p2a: Kyogre|Ghost\n|move|p1a: Kyogre|Thunder|p2a: Kyogre\n|-damage|p2a: Kyogre|16\/100 par\n|move|p2b: Sinistcha|Life Dew|p2b: Sinistcha|[spread] p2a,p2b\n|-heal|p2a: Kyogre|41\/100 par\n|-heal|p2b: Sinistcha|93\/100\n|move|p1b: Sableye|Foul Play|p2b: Sinistcha\n|-supereffective|p2b: Sinistcha\n|-damage|p2b: Sinistcha|65\/100\n|-damage|p1b: Sableye|84\/100|[from] item: Rocky Helmet|[of] p2b: Sinistcha\n|move|p2a: Kyogre|Ice Beam|p1a: Kyogre\n|-supereffective|p1a: Kyogre\n|-damage|p1a: Kyogre|0 fnt\n|faint|p1a: Kyogre\n|\n|-weather|RainDance|[upkeep]\n|upkeep\n|\n|t:|1721764706\n|switch|p1a: Tornadus|Tornadus, L50, M|100\/100\n|turn|4\n|\n|t:|1721764718\n|switch|p2b: Archaludon|Archaludon, L50, F|100\/100\n|move|p1a: Tornadus|Hurricane|p2b: Archaludon\n|-resisted|p2b: Archaludon\n|-damage|p2b: Archaludon|76\/100\n|-start|p2b: Archaludon|confusion\n|-ability|p2b: Archaludon|Stamina|boost\n|-boost|p2b: Archaludon|def|1\n|move|p1b: Sableye|Foul Play|p2a: Kyogre\n|-supereffective|p2a: Kyogre\n|-damage|p2a: Kyogre|0 fnt\n|faint|p2a: Kyogre\n|\n|-weather|RainDance|[upkeep]\n|upkeep\n|\n|t:|1721764740\n|switch|p2a: Sinistcha|Sinistcha-Masterpiece, L50|65\/100\n|-heal|p2b: Archaludon|100\/100|[from] ability: Hospitality|[of] p2a: Sinistcha\n|turn|5\n|\n|t:|1721764757\n|move|p1b: Sableye|Will-O-Wisp|p2b: Archaludon\n|-status|p2b: Archaludon|brn\n|move|p1a: Tornadus|Hurricane|p2a: Sinistcha\n|-supereffective|p2a: Sinistcha\n|-damage|p2a: Sinistcha|0 fnt\n|faint|p2a: Sinistcha\n|-activate|p2b: Archaludon|confusion\n|move|p2b: Archaludon|Electro Shot||[still]\n|-prepare|p2b: Archaludon|Electro Shot\n|-boost|p2b: Archaludon|spa|1\n|-anim|p2b: Archaludon|Electro Shot|p1a: Tornadus\n|-supereffective|p1a: Tornadus\n|-enditem|p1a: Tornadus|Focus Sash\n|-damage|p1a: Tornadus|1\/100\n|\n|-weather|none\n|-damage|p2b: Archaludon|94\/100 brn|[from] brn\n|upkeep\n|j| asacado\n|\n|t:|1721764775\n|switch|p2a: Urshifu|Urshifu-Rapid-Strike, L50, M|100\/100\n|turn|6\n|\n|t:|1721764783\n|move|p2a: Urshifu|Detect|p2a: Urshifu\n|-singleturn|p2a: Urshifu|Protect\n|move|p1a: Tornadus|Tailwind|p1a: Tornadus\n|-sidestart|p1: shroudofdusk|move: Tailwind\n|move|p1b: Sableye|Will-O-Wisp|p2a: Urshifu\n|-activate|p2a: Urshifu|move: Protect\n|-activate|p2b: Archaludon|confusion\n|move|p2b: Archaludon|Snarl|p1a: Tornadus|[spread] p1a,p1b\n|-damage|p1a: Tornadus|0 fnt\n|-damage|p1b: Sableye|68\/100\n|-unboost|p1b: Sableye|spa|1\n|faint|p1a: Tornadus\n|\n|-damage|p2b: Archaludon|88\/100 brn|[from] brn\n|upkeep\n|\n|t:|1721764795\n|switch|p1a: Urshifu|Urshifu-Rapid-Strike, L50, M|100\/100\n|turn|7\n|\n|t:|1721764820\n|move|p1b: Sableye|Will-O-Wisp|p2a: Urshifu\n|-status|p2a: Urshifu|brn\n|move|p1a: Urshifu|Close Combat|p2b: Archaludon\n|-supereffective|p2b: Archaludon\n|-damage|p2b: Archaludon|27\/100 brn\n|-unboost|p1a: Urshifu|def|1\n|-unboost|p1a: Urshifu|spd|1\n|-ability|p2b: Archaludon|Stamina|boost\n|-boost|p2b: Archaludon|def|1\n|move|p2a: Urshifu|Close Combat|p1a: Urshifu\n|-damage|p1a: Urshifu|50\/100\n|-unboost|p2a: Urshifu|def|1\n|-unboost|p2a: Urshifu|spd|1\n|-activate|p2b: Archaludon|confusion\n|-damage|p2b: Archaludon|24\/100 brn|[from] confusion\n|\n|-damage|p2a: Urshifu|95\/100 brn|[from] brn\n|-damage|p2b: Archaludon|18\/100 brn|[from] brn\n|upkeep\n|turn|8\n|inactive|shroudofdusk has 30 seconds left.\n|inactive|Krisuerte has 30 seconds left.\n|c| asacado|Looks to be a gg\n|inactive|shroudofdusk has 20 seconds left.\n|\n|t:|1721764855\n|move|p1b: Sableye|Reflect|p1b: Sableye\n|-sidestart|p1: shroudofdusk|Reflect\n|move|p1a: Urshifu|Close Combat|p2a: Urshifu\n|-damage|p2a: Urshifu|0 fnt\n|-unboost|p1a: Urshifu|def|1\n|-unboost|p1a: Urshifu|spd|1\n|faint|p2a: Urshifu\n|-activate|p2b: Archaludon|confusion\n|move|p2b: Archaludon|Body Press|p1a: Urshifu\n|-damage|p1a: Urshifu|20\/100\n|\n|-damage|p2b: Archaludon|12\/100 brn|[from] brn\n|-sideend|p1: shroudofdusk|move: Light Screen\n|upkeep\n|turn|9\n|c|\u2606shroudofdusk|yep gg\n|inactive|Krisuerte has 30 seconds left.\n|inactive|Krisuerte has 20 seconds left.\n|j| YSE-Mill\n|l| YSE-Mill\n|inactive|Krisuerte has 15 seconds left.\n|inactive|Krisuerte has 10 seconds left.\n|inactive|Krisuerte has 5 seconds left.\n|\n|t:|1721764910\n|move|p1a: Urshifu|Close Combat|p2b: Archaludon\n|-supereffective|p2b: Archaludon\n|-damage|p2b: Archaludon|0 fnt\n|-unboost|p1a: Urshifu|def|1\n|-unboost|p1a: Urshifu|spd|1\n|faint|p2b: Archaludon\n|\n|win|shroudofdusk\n|raw|shroudofdusk's rating: 1682 &rarr; <strong>1711<\/strong><br \/>(+29 for winning)\n|raw|Krisuerte's rating: 1856 &rarr; <strong>1827<\/strong><br \/>(-29 for losing)\n|l|\u2606shroudofdusk\n|player|p1|\n|l|\u2606Krisuerte\n|player|p2|\n|l| DoublesNoobTester\n","uploadtime":1721765134,"views":28,"formatid":"gen9vgc2024regg","rating":1711,"private":0,"password":null}