{"id":"gen9vgc2024regg-2166546679","format":"[Gen 9] VGC 2024 Reg G","players":["jinier179","Billy_HMD"],"log":"|j|\u2606jinier179\n|j|\u2606Billy_HMD\n|t:|1721823525\n|gametype|doubles\n|player|p1|jinier179|cynthia|1702\n|player|p2|Billy_HMD|dawn|1745\n|teamsize|p1|6\n|teamsize|p2|6\n|gen|9\n|tier|[Gen 9] VGC 2024 Reg G\n|rated|\n|rule|Species Clause: Limit one of each Pok\u00e9mon\n|rule|Item Clause: Limit one of each item\n|clearpoke\n|poke|p1|Terapagos, L50, M|\n|poke|p1|Flutter Mane, L50|\n|poke|p1|Amoonguss, L50, M|\n|poke|p1|Urshifu-*, L50, F|\n|poke|p1|Tornadus, L50, M|\n|poke|p1|Chi-Yu, L50|\n|poke|p2|Zamazenta-*, L50|\n|poke|p2|Volcarona, L50, M|\n|poke|p2|Grimmsnarl, L50, M|\n|poke|p2|Landorus-Therian, L50, M|\n|poke|p2|Rillaboom, L50, F|\n|poke|p2|Raging Bolt, L50|\n|teampreview|4\n|inactive|Battle timer is ON: inactive players will automatically lose when time's up. (requested by Billy_HMD)\n|inactive|jinier179 has 60 seconds left.\n|\n|t:|1721823569\n|start\n|switch|p1a: Chi-Yu|Chi-Yu, L50|100\/100\n|switch|p1b: Terapagos|Terapagos, L50, M|100\/100\n|switch|p2a: Volcarona|Volcarona, L50, M|100\/100\n|switch|p2b: Grimmsnarl|Grimmsnarl, L50, M|100\/100\n|-activate|p1b: Terapagos|ability: Tera Shift\n|detailschange|p1b: Terapagos|Terapagos-Terastal, L50, M\n|-heal|p1b: Terapagos|100\/100|[silent]\n|-ability|p1a: Chi-Yu|Beads of Ruin\n|turn|1\n|\n|t:|1721823577\n|move|p2b: Grimmsnarl|Light Screen|p2b: Grimmsnarl\n|-sidestart|p2: Billy_HMD|move: Light Screen\n|move|p1a: Chi-Yu|Heat Wave|p2b: Grimmsnarl|[spread] p2b\n|-miss|p1a: Chi-Yu|p2a: Volcarona\n|-damage|p2b: Grimmsnarl|73\/100\n|move|p1b: Terapagos|Tera Starstorm|p2a: Volcarona\n|-damage|p2a: Volcarona|32\/100\n|move|p2a: Volcarona|Quiver Dance|p2a: Volcarona\n|-boost|p2a: Volcarona|spa|1\n|-boost|p2a: Volcarona|spd|1\n|-boost|p2a: Volcarona|spe|1\n|\n|-heal|p2a: Volcarona|39\/100|[from] item: Leftovers\n|upkeep\n|turn|2\n|j| surprasm\n|\n|t:|1721823598\n|move|p2a: Volcarona|Protect|p2a: Volcarona\n|-singleturn|p2a: Volcarona|Protect\n|move|p1a: Chi-Yu|Heat Wave|p2b: Grimmsnarl|[spread] p2b\n|-activate|p2a: Volcarona|move: Protect\n|-damage|p2b: Grimmsnarl|41\/100\n|move|p1b: Terapagos|Tera Starstorm|p2a: Volcarona\n|-activate|p2a: Volcarona|move: Protect\n|move|p2b: Grimmsnarl|Spirit Break|p1b: Terapagos\n|-activate|p1b: Terapagos|ability: Tera Shell\n|-resisted|p1b: Terapagos\n|-damage|p1b: Terapagos|85\/100\n|-unboost|p1b: Terapagos|spa|1\n|\n|-heal|p2a: Volcarona|45\/100|[from] item: Leftovers\n|upkeep\n|turn|3\n|inactive|Billy_HMD has 30 seconds left.\n|inactive|Billy_HMD has 20 seconds left.\n|inactive|Billy_HMD has 15 seconds left.\n|inactive|Billy_HMD has 10 seconds left.\n|\n|t:|1721823646\n|-terastallize|p1b: Terapagos|Stellar\n|detailschange|p1b: Terapagos|Terapagos-Stellar, L50, M, tera:Stellar\n|-heal|p1b: Terapagos|89\/100|[silent]\n|move|p2b: Grimmsnarl|Thunder Wave|p1b: Terapagos\n|-status|p1b: Terapagos|par\n|move|p1a: Chi-Yu|Heat Wave|p2a: Volcarona|[spread] p2a,p2b\n|-damage|p2a: Volcarona|23\/100\n|-damage|p2b: Grimmsnarl|9\/100\n|move|p2a: Volcarona|Quiver Dance|p2a: Volcarona\n|-boost|p2a: Volcarona|spa|1\n|-boost|p2a: Volcarona|spd|1\n|-boost|p2a: Volcarona|spe|1\n|move|p1b: Terapagos|Tera Starstorm|p2b: Grimmsnarl|[spread] p2a,p2b\n|-damage|p2a: Volcarona|6\/100\n|-damage|p2b: Grimmsnarl|0 fnt\n|faint|p2b: Grimmsnarl\n|\n|-heal|p2a: Volcarona|12\/100|[from] item: Leftovers\n|upkeep\n|inactive|Billy_HMD has 30 seconds left.\n|inactive|Billy_HMD has 20 seconds left.\n|inactive|Billy_HMD has 15 seconds left.\n|inactive|Billy_HMD has 10 seconds left.\n|\n|t:|1721823693\n|switch|p2b: Zamazenta|Zamazenta-Crowned, L50|100\/100\n|-ability|p2b: Zamazenta|Dauntless Shield|boost\n|-boost|p2b: Zamazenta|def|1\n|turn|4\n|inactive|Billy_HMD has 30 seconds left.\n|\n|t:|1721823720\n|switch|p1b: Amoonguss|Amoonguss, L50, M|100\/100\n|move|p2b: Zamazenta|Wide Guard|p2b: Zamazenta\n|-singleturn|p2b: Zamazenta|Wide Guard\n|move|p1a: Chi-Yu|Heat Wave|p2a: Volcarona|[spread] \n|-activate|p2a: Volcarona|move: Wide Guard\n|-activate|p2b: Zamazenta|move: Wide Guard\n|move|p2a: Volcarona|Heat Wave|p1b: Amoonguss|[spread] p1a,p1b\n|-resisted|p1a: Chi-Yu\n|-supereffective|p1b: Amoonguss\n|-damage|p1a: Chi-Yu|55\/100\n|-damage|p1b: Amoonguss|0 fnt\n|faint|p1b: Amoonguss\n|\n|-heal|p2a: Volcarona|19\/100|[from] item: Leftovers\n|upkeep\n|\n|t:|1721823730\n|switch|p1b: Urshifu|Urshifu, L50, F|100\/100\n|turn|5\n|inactive|Billy_HMD has 30 seconds left.\n|inactive|Billy_HMD has 20 seconds left.\n|inactive|Billy_HMD has 15 seconds left.\n|inactive|Billy_HMD has 10 seconds left.\n|\n|t:|1721823775\n|-terastallize|p2b: Zamazenta|Dragon\n|move|p2a: Volcarona|Protect|p2a: Volcarona\n|-singleturn|p2a: Volcarona|Protect\n|move|p1a: Chi-Yu|Heat Wave|p2a: Volcarona|[spread] p2b\n|-activate|p2a: Volcarona|move: Protect\n|-resisted|p2b: Zamazenta\n|-damage|p2b: Zamazenta|90\/100\n|move|p2b: Zamazenta|Body Press|p1a: Chi-Yu\n|-supereffective|p1a: Chi-Yu\n|-damage|p1a: Chi-Yu|0 fnt\n|faint|p1a: Chi-Yu\n|move|p1b: Urshifu|Wicked Blow|p2a: Volcarona\n|-crit|p2a: Volcarona\n|-damage|p2a: Volcarona|0 fnt\n|faint|p2a: Volcarona\n|\n|upkeep\n|\n|t:|1721823787\n|switch|p1a: Terapagos|Terapagos-Stellar, L50, M, tera:Stellar|89\/100 par\n|switch|p2a: Rillaboom|Rillaboom, L50, F|100\/100\n|-fieldstart|move: Grassy Terrain|[from] ability: Grassy Surge|[of] p2a: Rillaboom\n|turn|6\n|\n|t:|1721823795\n|move|p2a: Rillaboom|Fake Out|p1b: Urshifu\n|-damage|p1b: Urshifu|88\/100\n|move|p2b: Zamazenta|Body Press|p1a: Terapagos\n|-supereffective|p1a: Terapagos\n|-damage|p1a: Terapagos|0 fnt\n|faint|p1a: Terapagos\n|cant|p1b: Urshifu|flinch\n|\n|-heal|p2b: Zamazenta|96\/100|[from] Grassy Terrain\n|-heal|p1b: Urshifu|94\/100|[from] Grassy Terrain\n|upkeep\n|turn|7\n|-message|jinier179 forfeited.\n|\n|win|Billy_HMD\n|raw|jinier179's rating: 1702 &rarr; <strong>1684<\/strong><br \/>(-18 for losing)\n|raw|Billy_HMD's rating: 1745 &rarr; <strong>1763<\/strong><br \/>(+18 for winning)\n|l|\u2606jinier179\n|player|p1|\n|l|\u2606Billy_HMD\n|player|p2|\n","uploadtime":1721823987,"views":9,"formatid":"gen9vgc2024regg","rating":1684,"private":0,"password":null}