{"id":"gen9vgc2024regg-2166465466","format":"[Gen 9] VGC 2024 Reg G","players":["Djjwjwwjj","Read Book"],"log":"|j|\u2606Djjwjwwjj\n|j|\u2606Read Book\n|t:|1721808354\n|gametype|doubles\n|player|p1|Djjwjwwjj|266|1688\n|player|p2|Read Book|170|1715\n|teamsize|p1|6\n|teamsize|p2|6\n|gen|9\n|tier|[Gen 9] VGC 2024 Reg G\n|rated|\n|rule|Species Clause: Limit one of each Pok\u00e9mon\n|rule|Item Clause: Limit one of each item\n|clearpoke\n|poke|p1|Calyrex-Shadow, L50|\n|poke|p1|Incineroar, L50, M|\n|poke|p1|Rillaboom, L50, M|\n|poke|p1|Maushold-Four, L50|\n|poke|p1|Goodra-Hisui, L50, F|\n|poke|p1|Araquanid, L50, F|\n|poke|p2|Miraidon, L50|\n|poke|p2|Iron Hands, L50|\n|poke|p2|Iron Bundle, L50|\n|poke|p2|Farigiraf, L50, M|\n|poke|p2|Grimmsnarl, L50, M|\n|poke|p2|Landorus, L50, M|\n|teampreview|4\n|inactive|Battle timer is ON: inactive players will automatically lose when time's up. (requested by Djjwjwwjj)\n|\n|t:|1721808380\n|start\n|switch|p1a: Calyrex|Calyrex-Shadow, L50|100\/100\n|switch|p1b: Rillaboom|Rillaboom, L50, M|100\/100\n|switch|p2a: Iron Hands|Iron Hands, L50|100\/100\n|switch|p2b: Grimmsnarl|Grimmsnarl, L50, M|100\/100\n|-ability|p1a: Calyrex|As One\n|-ability|p1a: Calyrex|Unnerve\n|-fieldstart|move: Grassy Terrain|[from] ability: Grassy Surge|[of] p1b: Rillaboom\n|turn|1\n|\n|t:|1721808403\n|move|p1b: Rillaboom|Fake Out|p2b: Grimmsnarl\n|-damage|p2b: Grimmsnarl|86\/100\n|move|p1a: Calyrex|Calm Mind|p1a: Calyrex\n|-boost|p1a: Calyrex|spa|1\n|-boost|p1a: Calyrex|spd|1\n|cant|p2b: Grimmsnarl|flinch\n|move|p2a: Iron Hands|Wild Charge|p1a: Calyrex\n|-damage|p1a: Calyrex|57\/100\n|-damage|p2a: Iron Hands|91\/100|[from] Recoil\n|\n|-heal|p1a: Calyrex|63\/100|[from] Grassy Terrain\n|-heal|p2b: Grimmsnarl|92\/100|[from] Grassy Terrain\n|-heal|p2a: Iron Hands|98\/100|[from] Grassy Terrain\n|upkeep\n|turn|2\n|inactive|Read Book has 30 seconds left.\n|\n|t:|1721808430\n|move|p1a: Calyrex|Protect|p1a: Calyrex\n|-singleturn|p1a: Calyrex|Protect\n|move|p2b: Grimmsnarl|Light Screen|p2b: Grimmsnarl\n|-sidestart|p2: Read Book|move: Light Screen\n|move|p1b: Rillaboom|U-turn|p2b: Grimmsnarl\n|-damage|p2b: Grimmsnarl|70\/100\n|\n|t:|1721808437\n|switch|p1b: Incineroar|Incineroar, L50, M|100\/100|[from] U-turn\n|-ability|p1b: Incineroar|Intimidate|boost\n|-unboost|p2a: Iron Hands|atk|1\n|-unboost|p2b: Grimmsnarl|atk|1\n|move|p2a: Iron Hands|Drain Punch|p1b: Incineroar\n|-supereffective|p1b: Incineroar\n|-crit|p1b: Incineroar\n|-damage|p1b: Incineroar|0 fnt\n|-heal|p2a: Iron Hands|100\/100|[from] drain|[of] p1b: Incineroar\n|faint|p1b: Incineroar\n|\n|-heal|p1a: Calyrex|69\/100|[from] Grassy Terrain\n|-heal|p2b: Grimmsnarl|76\/100|[from] Grassy Terrain\n|upkeep\n|\n|t:|1721808454\n|switch|p1b: Maushold|Maushold-Four, L50|100\/100\n|turn|3\n|inactive|Read Book has 30 seconds left.\n|j| tester66432\n|\n|t:|1721808481\n|-terastallize|p1a: Calyrex|Fairy\n|move|p1b: Maushold|Follow Me|p1b: Maushold\n|-singleturn|p1b: Maushold|move: Follow Me\n|move|p1a: Calyrex|Draining Kiss|p2b: Grimmsnarl\n|-supereffective|p2b: Grimmsnarl\n|-damage|p2b: Grimmsnarl|19\/100\n|-heal|p1a: Calyrex|100\/100|[from] drain|[of] p2b: Grimmsnarl\n|move|p2b: Grimmsnarl|Foul Play|p1b: Maushold\n|-damage|p1b: Maushold|72\/100\n|-damage|p2b: Grimmsnarl|2\/100|[from] item: Rocky Helmet|[of] p1b: Maushold\n|move|p2a: Iron Hands|Drain Punch|p1b: Maushold\n|-supereffective|p1b: Maushold\n|-damage|p1b: Maushold|1\/100\n|-damage|p2a: Iron Hands|84\/100|[from] item: Rocky Helmet|[of] p1b: Maushold\n|\n|-heal|p1b: Maushold|7\/100|[from] Grassy Terrain\n|-heal|p2b: Grimmsnarl|8\/100|[from] Grassy Terrain\n|-heal|p2a: Iron Hands|90\/100|[from] Grassy Terrain\n|upkeep\n|turn|4\n|inactive|Read Book has 30 seconds left.\n|\n|t:|1721808507\n|move|p1b: Maushold|Follow Me|p1b: Maushold\n|-singleturn|p1b: Maushold|move: Follow Me\n|move|p2b: Grimmsnarl|Thunder Wave|p1b: Maushold|[miss]\n|-miss|p2b: Grimmsnarl|p1b: Maushold\n|move|p1a: Calyrex|Astral Barrage|p2b: Grimmsnarl|[spread] p2a,p2b\n|-resisted|p2b: Grimmsnarl\n|-damage|p2a: Iron Hands|66\/100\n|-damage|p2b: Grimmsnarl|0 fnt\n|faint|p2b: Grimmsnarl\n|-ability|p1a: Calyrex|Grim Neigh|boost\n|-boost|p1a: Calyrex|spa|1\n|move|p2a: Iron Hands|Drain Punch|p1b: Maushold\n|-supereffective|p1b: Maushold\n|-crit|p1b: Maushold\n|-damage|p1b: Maushold|0 fnt\n|-heal|p2a: Iron Hands|68\/100|[from] drain|[of] p1b: Maushold\n|-damage|p2a: Iron Hands|52\/100|[from] item: Rocky Helmet|[of] p1b: Maushold\n|faint|p1b: Maushold\n|\n|-heal|p2a: Iron Hands|58\/100|[from] Grassy Terrain\n|upkeep\n|\n|t:|1721808528\n|switch|p1b: Rillaboom|Rillaboom, L50, M|100\/100\n|switch|p2b: Landorus|Landorus, L50, M|100\/100\n|turn|5\n|\n|t:|1721808546\n|move|p2b: Landorus|Protect|p2b: Landorus\n|-singleturn|p2b: Landorus|Protect\n|move|p1b: Rillaboom|Fake Out|p2b: Landorus\n|-activate|p2b: Landorus|move: Protect\n|move|p1a: Calyrex|Calm Mind|p1a: Calyrex\n|-boost|p1a: Calyrex|spa|1\n|-boost|p1a: Calyrex|spd|1\n|move|p2a: Iron Hands|Heavy Slam|p1a: Calyrex\n|-supereffective|p1a: Calyrex\n|-damage|p1a: Calyrex|49\/100\n|\n|-heal|p1a: Calyrex|55\/100|[from] Grassy Terrain\n|-heal|p2a: Iron Hands|64\/100|[from] Grassy Terrain\n|-fieldend|move: Grassy Terrain\n|upkeep\n|turn|6\n|j| 1nking\n|\n|t:|1721808569\n|-terastallize|p2b: Landorus|Poison\n|move|p1a: Calyrex|Draining Kiss|p2a: Iron Hands\n|-supereffective|p2a: Iron Hands\n|-crit|p2a: Iron Hands\n|-damage|p2a: Iron Hands|0 fnt\n|-heal|p1a: Calyrex|100\/100|[from] drain|[of] p2a: Iron Hands\n|faint|p2a: Iron Hands\n|-end|p2a: Iron Hands|Quark Drive|[silent]\n|-ability|p1a: Calyrex|Grim Neigh|boost\n|-boost|p1a: Calyrex|spa|1\n|move|p2b: Landorus|Sludge Bomb|p1a: Calyrex\n|-supereffective|p1a: Calyrex\n|-damage|p1a: Calyrex|26\/100\n|move|p1b: Rillaboom|Wood Hammer|p2b: Landorus\n|-resisted|p2b: Landorus\n|-damage|p2b: Landorus|69\/100\n|-damage|p1b: Rillaboom|92\/100|[from] Recoil\n|\n|upkeep\n|\n|t:|1721808584\n|switch|p2a: Miraidon|Miraidon, L50|100\/100\n|-fieldstart|move: Electric Terrain|[from] ability: Hadron Engine|[of] p2a: Miraidon\n|turn|7\n|l| 1nking\n|\n|t:|1721808606\n|move|p1a: Calyrex|Protect|p1a: Calyrex\n|-singleturn|p1a: Calyrex|Protect\n|move|p2a: Miraidon|Electro Drift|p1a: Calyrex\n|-activate|p1a: Calyrex|move: Protect\n|move|p2b: Landorus|Sludge Bomb|p1b: Rillaboom\n|-supereffective|p1b: Rillaboom\n|-damage|p1b: Rillaboom|0 fnt\n|faint|p1b: Rillaboom\n|\n|upkeep\n|turn|8\n|\n|t:|1721808619\n|move|p1a: Calyrex|Draining Kiss|p2a: Miraidon\n|-supereffective|p2a: Miraidon\n|-damage|p2a: Miraidon|0 fnt\n|-heal|p1a: Calyrex|92\/100|[from] drain|[of] p2a: Miraidon\n|faint|p2a: Miraidon\n|-ability|p1a: Calyrex|Grim Neigh|boost\n|-boost|p1a: Calyrex|spa|1\n|move|p2b: Landorus|Sludge Bomb|p1a: Calyrex\n|-supereffective|p1a: Calyrex\n|-damage|p1a: Calyrex|21\/100\n|\n|upkeep\n|turn|9\n|\n|t:|1721808630\n|move|p1a: Calyrex|Astral Barrage|p2b: Landorus\n|-damage|p2b: Landorus|0 fnt\n|faint|p2b: Landorus\n|\n|win|Djjwjwwjj\n|raw|Djjwjwwjj's rating: 1688 &rarr; <strong>1710<\/strong><br \/>(+22 for winning)\n|raw|Read Book's rating: 1715 &rarr; <strong>1693<\/strong><br \/>(-22 for losing)\n|l|\u2606Read Book\n|player|p2|\n|l|\u2606Djjwjwwjj\n|player|p1|\n|l| tester66432\n","uploadtime":1721808884,"views":17,"formatid":"gen9vgc2024regg","rating":1693,"private":0,"password":null}