{"id":"gen9vgc2024regg-2166988619","format":"[Gen 9] VGC 2024 Reg G","players":["Read Book","caZISA"],"log":"|j|\u2606Read Book\n|j|\u2606caZISA\n|t:|1721878055\n|gametype|doubles\n|player|p1|Read Book|266|1669\n|player|p2|caZISA|red|1696\n|teamsize|p1|6\n|teamsize|p2|6\n|gen|9\n|tier|[Gen 9] VGC 2024 Reg G\n|rated|\n|rule|Species Clause: Limit one of each Pok\u00e9mon\n|rule|Item Clause: Limit one of each item\n|clearpoke\n|poke|p1|Miraidon, L50|\n|poke|p1|Iron Hands, L50|\n|poke|p1|Iron Bundle, L50|\n|poke|p1|Farigiraf, L50, F|\n|poke|p1|Grimmsnarl, L50, M|\n|poke|p1|Landorus, L50, M|\n|poke|p2|Calyrex-Shadow, L50|\n|poke|p2|Urshifu-*, L50, M|\n|poke|p2|Entei, L50|\n|poke|p2|Raging Bolt, L50|\n|poke|p2|Rillaboom, L50, F|\n|poke|p2|Smeargle, L50, M|\n|teampreview|4\n|inactive|Battle timer is ON: inactive players will automatically lose when time's up. (requested by Read Book)\n|\n|t:|1721878088\n|start\n|switch|p1a: Iron Hands|Iron Hands, L50|100\/100\n|switch|p1b: Miraidon|Miraidon, L50|100\/100\n|switch|p2a: Raging Bolt|Raging Bolt, L50|100\/100\n|switch|p2b: Calyrex|Calyrex-Shadow, L50|100\/100\n|-ability|p2b: Calyrex|As One\n|-ability|p2b: Calyrex|Unnerve\n|-fieldstart|move: Electric Terrain|[from] ability: Hadron Engine|[of] p1b: Miraidon\n|-activate|p1a: Iron Hands|ability: Quark Drive\n|-start|p1a: Iron Hands|quarkdriveatk\n|turn|1\n|inactive|Read Book has 30 seconds left.\n|inactive|Read Book has 20 seconds left.\n|\n|t:|1721878124\n|-end|p2a: Raging Bolt|Protosynthesis|[silent]\n|switch|p2a: Rillaboom|Rillaboom, L50, F|100\/100\n|-fieldstart|move: Grassy Terrain|[from] ability: Grassy Surge|[of] p2a: Rillaboom\n|-end|p1a: Iron Hands|Quark Drive\n|move|p2b: Calyrex|Protect|p2b: Calyrex\n|-singleturn|p2b: Calyrex|Protect\n|move|p1a: Iron Hands|Fake Out|p2a: Rillaboom\n|-damage|p2a: Rillaboom|86\/100\n|move|p1b: Miraidon|Volt Switch|p2b: Calyrex\n|-activate|p2b: Calyrex|move: Protect\n|\n|-heal|p2a: Rillaboom|92\/100|[from] Grassy Terrain\n|upkeep\n|turn|2\n|\n|t:|1721878139\n|switch|p1b: Grimmsnarl|Grimmsnarl, L50, M|100\/100\n|move|p2a: Rillaboom|Fake Out|p1b: Grimmsnarl\n|-damage|p1b: Grimmsnarl|85\/100\n|move|p2b: Calyrex|Nasty Plot|p2b: Calyrex\n|-boost|p2b: Calyrex|spa|2\n|move|p1a: Iron Hands|Wild Charge|p2b: Calyrex\n|-damage|p2b: Calyrex|35\/100\n|-damage|p1a: Iron Hands|88\/100|[from] Recoil\n|\n|-heal|p2b: Calyrex|40\/100|[from] Grassy Terrain\n|-heal|p2a: Rillaboom|98\/100|[from] Grassy Terrain\n|-heal|p1b: Grimmsnarl|91\/100|[from] Grassy Terrain\n|-heal|p1a: Iron Hands|95\/100|[from] Grassy Terrain\n|upkeep\n|turn|3\n|inactive|Read Book has 30 seconds left.\n|inactive|caZISA has 30 seconds left.\n|\n|t:|1721878167\n|-terastallize|p2b: Calyrex|Fairy\n|move|p2a: Rillaboom|Grassy Glide|p1a: Iron Hands\n|-damage|p1a: Iron Hands|64\/100\n|move|p1b: Grimmsnarl|Light Screen|p1b: Grimmsnarl\n|-sidestart|p1: Read Book|move: Light Screen\n|move|p2b: Calyrex|Draining Kiss|p1a: Iron Hands\n|-supereffective|p1a: Iron Hands\n|-damage|p1a: Iron Hands|1\/100\n|-heal|p2b: Calyrex|100\/100|[from] drain|[of] p1a: Iron Hands\n|-damage|p2b: Calyrex|91\/100|[from] item: Life Orb\n|move|p1a: Iron Hands|Drain Punch|p2a: Rillaboom\n|-damage|p2a: Rillaboom|57\/100\n|-heal|p1a: Iron Hands|18\/100|[from] drain|[of] p2a: Rillaboom\n|\n|-heal|p2b: Calyrex|96\/100|[from] Grassy Terrain\n|-heal|p2a: Rillaboom|63\/100|[from] Grassy Terrain\n|-heal|p1b: Grimmsnarl|97\/100|[from] Grassy Terrain\n|-heal|p1a: Iron Hands|24\/100|[from] Grassy Terrain\n|upkeep\n|turn|4\n|inactive|Read Book has 30 seconds left.\n|\n|t:|1721878192\n|move|p1b: Grimmsnarl|Thunder Wave|p2b: Calyrex\n|-status|p2b: Calyrex|par\n|move|p2a: Rillaboom|Wood Hammer|p1a: Iron Hands\n|-damage|p1a: Iron Hands|0 fnt\n|faint|p1a: Iron Hands\n|-end|p1a: Iron Hands|Quark Drive|[silent]\n|-damage|p2a: Rillaboom|53\/100|[from] Recoil\n|move|p2b: Calyrex|Draining Kiss|p1b: Grimmsnarl\n|-supereffective|p1b: Grimmsnarl\n|-damage|p1b: Grimmsnarl|0 fnt\n|-heal|p2b: Calyrex|100\/100 par|[from] drain|[of] p1b: Grimmsnarl\n|faint|p1b: Grimmsnarl\n|-ability|p2b: Calyrex|Grim Neigh|boost\n|-boost|p2b: Calyrex|spa|1\n|-damage|p2b: Calyrex|91\/100 par|[from] item: Life Orb\n|\n|-heal|p2a: Rillaboom|59\/100|[from] Grassy Terrain\n|-heal|p2b: Calyrex|96\/100 par|[from] Grassy Terrain\n|upkeep\n|\n|t:|1721878206\n|switch|p1b: Iron Bundle|Iron Bundle, L50|100\/100\n|switch|p1a: Miraidon|Miraidon, L50|100\/100\n|-fieldstart|move: Electric Terrain|[from] ability: Hadron Engine|[of] p1a: Miraidon\n|-activate|p1b: Iron Bundle|ability: Quark Drive\n|-start|p1b: Iron Bundle|quarkdrivespe\n|turn|5\n|\n|t:|1721878222\n|switch|p2a: Raging Bolt|Raging Bolt, L50|100\/100\n|-terastallize|p1a: Miraidon|Electric\n|move|p2b: Calyrex|Protect|p2b: Calyrex\n|-singleturn|p2b: Calyrex|Protect\n|move|p1b: Iron Bundle|Freeze-Dry|p2a: Raging Bolt\n|-supereffective|p2a: Raging Bolt\n|-damage|p2a: Raging Bolt|60\/100\n|move|p1a: Miraidon|Electro Drift|p2b: Calyrex\n|-activate|p2b: Calyrex|move: Protect\n|\n|upkeep\n|turn|6\n|\n|t:|1721878238\n|switch|p2b: Rillaboom|Rillaboom, L50, F|59\/100\n|-fieldstart|move: Grassy Terrain|[from] ability: Grassy Surge|[of] p2b: Rillaboom\n|-end|p1b: Iron Bundle|Quark Drive\n|move|p2a: Raging Bolt|Thunderclap|p1b: Iron Bundle\n|-supereffective|p1b: Iron Bundle\n|-enditem|p1b: Iron Bundle|Focus Sash\n|-damage|p1b: Iron Bundle|1\/100\n|move|p1b: Iron Bundle|Freeze-Dry|p2a: Raging Bolt\n|-supereffective|p2a: Raging Bolt\n|-damage|p2a: Raging Bolt|21\/100\n|move|p1a: Miraidon|Electro Drift|p2b: Rillaboom\n|-resisted|p2b: Rillaboom\n|-damage|p2b: Rillaboom|0 fnt\n|faint|p2b: Rillaboom\n|\n|-heal|p1b: Iron Bundle|7\/100|[from] Grassy Terrain\n|-heal|p2a: Raging Bolt|28\/100|[from] Grassy Terrain\n|upkeep\n|j| bluestraggler03\n|\n|t:|1721878246\n|switch|p2b: Urshifu|Urshifu-Rapid-Strike, L50, M|100\/100\n|turn|7\n|\n|t:|1721878265\n|move|p1b: Iron Bundle|Protect|p1b: Iron Bundle\n|-singleturn|p1b: Iron Bundle|Protect\n|move|p2a: Raging Bolt|Thunderclap||[still]\n|-fail|p2a: Raging Bolt\n|move|p1a: Miraidon|Electro Drift|p2b: Urshifu\n|-supereffective|p2b: Urshifu\n|-damage|p2b: Urshifu|0 fnt\n|faint|p2b: Urshifu\n|\n|-heal|p1b: Iron Bundle|13\/100|[from] Grassy Terrain\n|-heal|p2a: Raging Bolt|34\/100|[from] Grassy Terrain\n|upkeep\n|\n|t:|1721878271\n|switch|p2b: Calyrex|Calyrex-Shadow, L50, tera:Fairy|96\/100 par\n|-ability|p2b: Calyrex|As One\n|-ability|p2b: Calyrex|Unnerve\n|turn|8\n|\n|t:|1721878285\n|move|p1b: Iron Bundle|Protect|p1b: Iron Bundle\n|-singleturn|p1b: Iron Bundle|Protect\n|move|p2b: Calyrex|Protect|p2b: Calyrex\n|-singleturn|p2b: Calyrex|Protect\n|move|p2a: Raging Bolt|Thunderclap||[still]\n|-fail|p2a: Raging Bolt\n|move|p1a: Miraidon|Electro Drift|p2b: Calyrex\n|-activate|p2b: Calyrex|move: Protect\n|\n|-heal|p1b: Iron Bundle|20\/100|[from] Grassy Terrain\n|-heal|p2b: Calyrex|100\/100 par|[from] Grassy Terrain\n|-heal|p2a: Raging Bolt|40\/100|[from] Grassy Terrain\n|upkeep\n|turn|9\n|\n|t:|1721878295\n|move|p1b: Iron Bundle|Protect||[still]\n|-fail|p1b: Iron Bundle\n|move|p2a: Raging Bolt|Thunderclap||[still]\n|-fail|p2a: Raging Bolt\n|move|p1a: Miraidon|Electro Drift|p2b: Calyrex\n|-damage|p2b: Calyrex|0 fnt\n|faint|p2b: Calyrex\n|\n|-heal|p1b: Iron Bundle|26\/100|[from] Grassy Terrain\n|-heal|p2a: Raging Bolt|46\/100|[from] Grassy Terrain\n|upkeep\n|turn|10\n|-message|caZISA forfeited.\n|\n|win|Read Book\n|raw|Read Book's rating: 1669 &rarr; <strong>1691<\/strong><br \/>(+22 for winning)\n|raw|caZISA's rating: 1696 &rarr; <strong>1674<\/strong><br \/>(-22 for losing)\n|l|\u2606caZISA\n|player|p2|\n|l|\u2606Read Book\n|player|p1|\n","uploadtime":1721878548,"views":21,"formatid":"gen9vgc2024regg","rating":1674,"private":0,"password":null}