{"id":"gen9vgc2024regg-2166931292","format":"[Gen 9] VGC 2024 Reg G","players":["ConnerTEP","shulivgc"],"log":"|j|\u2606ConnerTEP\n|j|\u2606shulivgc\n|t:|1721870037\n|gametype|doubles\n|player|p1|ConnerTEP|miku-ground|1731\n|player|p2|shulivgc|#smogonxnpa2024draftee2|1877\n|teamsize|p1|6\n|teamsize|p2|6\n|gen|9\n|tier|[Gen 9] VGC 2024 Reg G\n|rated|\n|rule|Species Clause: Limit one of each Pok\u00e9mon\n|rule|Item Clause: Limit one of each item\n|clearpoke\n|poke|p1|Groudon, L50|\n|poke|p1|Gouging Fire, L50|\n|poke|p1|Rillaboom, L50, M|\n|poke|p1|Flutter Mane, L50|\n|poke|p1|Chien-Pao, L50|\n|poke|p1|Dragonite, L50, M|\n|poke|p2|Calyrex-Ice, L50|\n|poke|p2|Annihilape, L50, M|\n|poke|p2|Smeargle, L50, M|\n|poke|p2|Ursaluna-Bloodmoon, L50, M|\n|poke|p2|Urshifu-*, L50, M|\n|poke|p2|Ogerpon-Wellspring, L50, F|\n|teampreview|4\n|inactive|Battle timer is ON: inactive players will automatically lose when time's up. (requested by ConnerTEP)\n|inactive|ConnerTEP has 60 seconds left.\n|j| fairynanbawan\n|c| fairynanbawan|oh lord\n|c| fairynanbawan|where can i get that amazing trainer icon wtf\n|inactive|ConnerTEP has 30 seconds left.\n|j| Samevgcmons\n|c| fairynanbawan|jk i know its custom\n|inactive|ConnerTEP has 20 seconds left.\n|\n|t:|1721870110\n|start\n|switch|p1a: Rillaboom|Rillaboom, L50, M|100\/100\n|switch|p1b: Flutter Mane|Flutter Mane, L50|100\/100\n|switch|p2a: Calyrex|Calyrex-Ice, L50|100\/100\n|switch|p2b: Annihilape|Annihilape, L50, M|100\/100\n|-ability|p2a: Calyrex|As One\n|-ability|p2a: Calyrex|Unnerve\n|-fieldstart|move: Grassy Terrain|[from] ability: Grassy Surge|[of] p1a: Rillaboom\n|turn|1\n|c| fairynanbawan|thats my favorite thing ever\n|\n|t:|1721870135\n|switch|p1a: Gordon|Groudon, L50|100\/100\n|-weather|SunnyDay|[from] ability: Drought|[of] p1a: Gordon\n|-activate|p1b: Flutter Mane|ability: Protosynthesis\n|-start|p1b: Flutter Mane|protosynthesisspe\n|-terastallize|p2b: Annihilape|Normal\n|move|p2a: Calyrex|Protect|p2a: Calyrex\n|-singleturn|p2a: Calyrex|Protect\n|move|p1b: Flutter Mane|Dazzling Gleam|p2b: Annihilape|[spread] p2b\n|-activate|p2a: Calyrex|move: Protect\n|-damage|p2b: Annihilape|64\/100\n|move|p2b: Annihilape|Rage Fist|p1b: Flutter Mane\n|-supereffective|p1b: Flutter Mane\n|-damage|p1b: Flutter Mane|0 fnt\n|faint|p1b: Flutter Mane\n|-end|p1b: Flutter Mane|Protosynthesis|[silent]\n|\n|-weather|SunnyDay|[upkeep]\n|-heal|p2b: Annihilape|70\/100|[from] Grassy Terrain\n|upkeep\n|j| 0meltdown\n|\n|t:|1721870152\n|switch|p1b: Chien-Pao|Chien-Pao, L50|100\/100\n|-ability|p1b: Chien-Pao|Sword of Ruin\n|turn|2\n|c|\u2606shulivgc|Aha\n|c| fairynanbawan|oh mama\n|c| fairynanbawan|things are spicey now\n|inactive|ConnerTEP has 30 seconds left.\n|inactive|ConnerTEP has 20 seconds left.\n|inactive|ConnerTEP has 15 seconds left.\n|\n|t:|1721870194\n|-terastallize|p1a: Gordon|Fire\n|move|p2a: Calyrex|Protect||[still]\n|-fail|p2a: Calyrex\n|move|p1b: Chien-Pao|Icicle Crash|p2b: Annihilape\n|-damage|p2b: Annihilape|11\/100\n|-enditem|p2b: Annihilape|Aguav Berry|[eat]\n|-heal|p2b: Annihilape|44\/100|[from] item: Aguav Berry\n|move|p2b: Annihilape|Coaching|p2a: Calyrex\n|-boost|p2a: Calyrex|atk|1\n|-boost|p2a: Calyrex|def|1\n|move|p1a: Gordon|Fire Punch|p2a: Calyrex\n|-supereffective|p2a: Calyrex\n|-damage|p2a: Calyrex|27\/100\n|-enditem|p2a: Calyrex|Sitrus Berry|[eat]\n|-heal|p2a: Calyrex|51\/100|[from] item: Sitrus Berry\n|\n|-weather|SunnyDay|[upkeep]\n|-heal|p2b: Annihilape|50\/100|[from] Grassy Terrain\n|-heal|p2a: Calyrex|57\/100|[from] Grassy Terrain\n|upkeep\n|turn|3\n|inactive|ConnerTEP has 30 seconds left.\n|inactive|ConnerTEP has 20 seconds left.\n|\n|t:|1721870230\n|move|p2a: Calyrex|Protect|p2a: Calyrex\n|-singleturn|p2a: Calyrex|Protect\n|move|p1b: Chien-Pao|Icicle Crash|p2b: Annihilape\n|-damage|p2b: Annihilape|0 fnt\n|faint|p2b: Annihilape\n|move|p1a: Gordon|Fire Punch|p2a: Calyrex\n|-activate|p2a: Calyrex|move: Protect\n|\n|-weather|SunnyDay|[upkeep]\n|-heal|p2a: Calyrex|63\/100|[from] Grassy Terrain\n|upkeep\n|\n|t:|1721870239\n|switch|p2b: Smeargle|Smeargle, L50, M|100\/100\n|turn|4\n|\n|t:|1721870251\n|move|p2b: Smeargle|Wide Guard|p2b: Smeargle\n|-singleturn|p2b: Smeargle|Wide Guard\n|move|p1b: Chien-Pao|Throat Chop|p2a: Calyrex\n|-supereffective|p2a: Calyrex\n|-damage|p2a: Calyrex|19\/100\n|-start|p2a: Calyrex|Throat Chop|[silent]\n|move|p1a: Gordon|Precipice Blades|p2b: Smeargle|[spread] \n|-activate|p2a: Calyrex|move: Wide Guard\n|-activate|p2b: Smeargle|move: Wide Guard\n|move|p2a: Calyrex|Trick Room|p2a: Calyrex\n|-fieldstart|move: Trick Room|[of] p2a: Calyrex\n|\n|-weather|SunnyDay|[upkeep]\n|-heal|p2a: Calyrex|25\/100|[from] Grassy Terrain\n|upkeep\n|turn|5\n|inactive|shulivgc has 30 seconds left.\n|\n|t:|1721870277\n|move|p1a: Gordon|Protect|p1a: Gordon\n|-singleturn|p1a: Gordon|Protect\n|move|p1b: Chien-Pao|Protect|p1b: Chien-Pao\n|-singleturn|p1b: Chien-Pao|Protect\n|move|p2b: Smeargle|Follow Me|p2b: Smeargle\n|-singleturn|p2b: Smeargle|move: Follow Me\n|move|p2a: Calyrex|High Horsepower|p1a: Gordon\n|-activate|p1a: Gordon|move: Protect\n|\n|-weather|none\n|-heal|p2a: Calyrex|31\/100|[from] Grassy Terrain\n|-end|p2a: Calyrex|Throat Chop|[silent]\n|-fieldend|move: Grassy Terrain\n|upkeep\n|turn|6\n|\n|t:|1721870291\n|switch|p1a: Rillaboom|Rillaboom, L50, M|100\/100\n|-fieldstart|move: Grassy Terrain|[from] ability: Grassy Surge|[of] p1a: Rillaboom\n|move|p2b: Smeargle|Spore|p1b: Chien-Pao\n|-status|p1b: Chien-Pao|slp|[from] move: Spore\n|move|p2a: Calyrex|Glacial Lance|p1b: Chien-Pao|[spread] p1a,p1b\n|-supereffective|p1a: Rillaboom\n|-resisted|p1b: Chien-Pao\n|-damage|p1a: Rillaboom|0 fnt\n|-damage|p1b: Chien-Pao|40\/100 slp\n|faint|p1a: Rillaboom\n|-ability|p2a: Calyrex|Chilling Neigh|boost\n|-boost|p2a: Calyrex|atk|1\n|cant|p1b: Chien-Pao|slp\n|\n|-heal|p2a: Calyrex|37\/100|[from] Grassy Terrain\n|-heal|p1b: Chien-Pao|46\/100 slp|[from] Grassy Terrain\n|upkeep\n|\n|t:|1721870298\n|switch|p1a: Gordon|Groudon, L50, tera:Fire|100\/100\n|-weather|SunnyDay|[from] ability: Drought|[of] p1a: Gordon\n|turn|7\n|c|\u2606shulivgc|I read it\n|c|\u2606ConnerTEP|Thanks for telling me.\n|c|\u2606ConnerTEP|I didn't notice.\n|inactive|shulivgc has 30 seconds left.\n|inactive|ConnerTEP has 30 seconds left.\n|j| surprasm\n|\n|t:|1721870331\n|move|p1a: Gordon|Protect|p1a: Gordon\n|-singleturn|p1a: Gordon|Protect\n|move|p2b: Smeargle|Follow Me|p2b: Smeargle\n|-singleturn|p2b: Smeargle|move: Follow Me\n|cant|p1b: Chien-Pao|slp\n|move|p2a: Calyrex|Glacial Lance|p1b: Chien-Pao|[spread] p1b\n|-activate|p1a: Gordon|move: Protect\n|-resisted|p1b: Chien-Pao\n|-damage|p1b: Chien-Pao|0 fnt\n|faint|p1b: Chien-Pao\n|-ability|p2a: Calyrex|Chilling Neigh|boost\n|-boost|p2a: Calyrex|atk|1\n|\n|-weather|SunnyDay|[upkeep]\n|-heal|p2a: Calyrex|43\/100|[from] Grassy Terrain\n|upkeep\n|turn|8\n|\n|t:|1721870341\n|move|p1a: Gordon|Protect|p1a: Gordon\n|-singleturn|p1a: Gordon|Protect\n|move|p2b: Smeargle|Spore|p1a: Gordon\n|-activate|p1a: Gordon|move: Protect\n|move|p2a: Calyrex|Glacial Lance|p1a: Gordon\n|-activate|p1a: Gordon|move: Protect\n|\n|-weather|SunnyDay|[upkeep]\n|-heal|p2a: Calyrex|49\/100|[from] Grassy Terrain\n|-fieldend|move: Trick Room\n|upkeep\n|turn|9\n|\n|t:|1721870356\n|move|p2b: Smeargle|Follow Me|p2b: Smeargle\n|-singleturn|p2b: Smeargle|move: Follow Me\n|move|p1a: Gordon|Fire Punch|p2b: Smeargle\n|-crit|p2b: Smeargle\n|-enditem|p2b: Smeargle|Focus Sash\n|-damage|p2b: Smeargle|1\/100\n|move|p2a: Calyrex|Trick Room|p2a: Calyrex\n|-fieldstart|move: Trick Room|[of] p2a: Calyrex\n|\n|-weather|SunnyDay|[upkeep]\n|-heal|p2b: Smeargle|7\/100|[from] Grassy Terrain\n|-heal|p2a: Calyrex|54\/100|[from] Grassy Terrain\n|upkeep\n|turn|10\n|\n|t:|1721870368\n|move|p1a: Gordon|Protect|p1a: Gordon\n|-singleturn|p1a: Gordon|Protect\n|move|p2b: Smeargle|Spore|p1a: Gordon\n|-activate|p1a: Gordon|move: Protect\n|move|p2a: Calyrex|Glacial Lance|p1a: Gordon\n|-activate|p1a: Gordon|move: Protect\n|\n|-weather|SunnyDay|[upkeep]\n|-heal|p2b: Smeargle|13\/100|[from] Grassy Terrain\n|-heal|p2a: Calyrex|60\/100|[from] Grassy Terrain\n|-fieldend|move: Grassy Terrain\n|upkeep\n|turn|11\n|\n|t:|1721870374\n|move|p1a: Gordon|Protect||[still]\n|-fail|p1a: Gordon\n|move|p2b: Smeargle|Spore|p1a: Gordon\n|-status|p1a: Gordon|slp|[from] move: Spore\n|move|p2a: Calyrex|Glacial Lance|p1a: Gordon\n|-resisted|p1a: Gordon\n|-damage|p1a: Gordon|34\/100 slp\n|\n|-weather|none\n|upkeep\n|turn|12\n|\n|t:|1721870377\n|cant|p1a: Gordon|slp\n|move|p2b: Smeargle|Follow Me|p2b: Smeargle\n|-singleturn|p2b: Smeargle|move: Follow Me\n|move|p2a: Calyrex|Glacial Lance|p1a: Gordon\n|-resisted|p1a: Gordon\n|-damage|p1a: Gordon|0 fnt\n|faint|p1a: Gordon\n|\n|win|shulivgc\n|raw|ConnerTEP's rating: 1731 &rarr; <strong>1719<\/strong><br \/>(-12 for losing)\n|raw|shulivgc's rating: 1877 &rarr; <strong>1889<\/strong><br \/>(+12 for winning)\n|l|\u2606shulivgc\n|player|p2|\n|l| Samevgcmons\n|l| surprasm\n|l| 0meltdown\n","uploadtime":1721870649,"views":139,"formatid":"gen9vgc2024regg","rating":1719,"private":0,"password":null}