{"id":"gen9vgc2024regg-2166622826","format":"[Gen 9] VGC 2024 Reg G","players":["caZISA","auraen"],"log":"|j|\u2606caZISA\n|j|\u2606auraen\n|t:|1721833383\n|gametype|doubles\n|player|p1|caZISA|red|1688\n|player|p2|auraen|harlequin|1902\n|teamsize|p1|6\n|teamsize|p2|6\n|gen|9\n|tier|[Gen 9] VGC 2024 Reg G\n|rated|\n|rule|Species Clause: Limit one of each Pok\u00e9mon\n|rule|Item Clause: Limit one of each item\n|clearpoke\n|poke|p1|Groudon, L50|\n|poke|p1|Raging Bolt, L50|\n|poke|p1|Venusaur, L50, M|\n|poke|p1|Incineroar, L50, M|\n|poke|p1|Bronzong, L50|\n|poke|p1|Araquanid, L50, M|\n|poke|p2|Terapagos, L50, M|\n|poke|p2|Munkidori, L50, M|\n|poke|p2|Incineroar, L50, F|\n|poke|p2|Sinistcha, L50|\n|poke|p2|Basculegion, L50, M|\n|poke|p2|Flamigo, L50, F|\n|teampreview|4\n|inactive|Battle timer is ON: inactive players will automatically lose when time's up. (requested by caZISA)\n|inactive|auraen has 60 seconds left.\n|\n|t:|1721833431\n|start\n|switch|p1a: Incineroar|Incineroar, L50, M|100\/100\n|switch|p1b: Bronzong|Bronzong, L50|100\/100\n|switch|p2a: Terapagos|Terapagos, L50, M|100\/100\n|switch|p2b: Munkidori|Munkidori, L50, M|100\/100\n|-activate|p2a: Terapagos|ability: Tera Shift\n|detailschange|p2a: Terapagos|Terapagos-Terastal, L50, M\n|-heal|p2a: Terapagos|100\/100|[silent]\n|-ability|p1a: Incineroar|Intimidate|boost\n|-unboost|p2a: Terapagos|atk|1\n|-unboost|p2b: Munkidori|atk|1\n|turn|1\n|\n|t:|1721833442\n|move|p2b: Munkidori|Fake Out|p1a: Incineroar\n|-damage|p1a: Incineroar|97\/100\n|-status|p1a: Incineroar|tox|[from] ability: Toxic Chain|[of] p2b: Munkidori\n|cant|p1a: Incineroar|flinch\n|move|p2a: Terapagos|Tera Starstorm|p1a: Incineroar\n|-damage|p1a: Incineroar|21\/100 tox\n|move|p1b: Bronzong|Trick Room|p1b: Bronzong\n|-fieldstart|move: Trick Room|[of] p1b: Bronzong\n|\n|-damage|p1a: Incineroar|15\/100 tox|[from] psn\n|upkeep\n|turn|2\n|\n|t:|1721833457\n|move|p1b: Bronzong|Gravity|p1b: Bronzong\n|-fieldstart|move: Gravity\n|move|p1a: Incineroar|Knock Off|p2b: Munkidori\n|-supereffective|p2b: Munkidori\n|-damage|p2b: Munkidori|14\/100\n|-enditem|p2b: Munkidori|Sitrus Berry|[from] move: Knock Off|[of] p1a: Incineroar\n|move|p2a: Terapagos|Tera Starstorm|p1a: Incineroar\n|-damage|p1a: Incineroar|0 fnt\n|faint|p1a: Incineroar\n|move|p2b: Munkidori|Parting Shot|p1b: Bronzong\n|-unboost|p1b: Bronzong|atk|1\n|-unboost|p1b: Bronzong|spa|1\n|\n|t:|1721833461\n|switch|p2b: Flamigo|Flamigo, L50, F|100\/100|[from] Parting Shot\n|\n|upkeep\n|\n|t:|1721833466\n|switch|p1a: Groudon|Groudon, L50|100\/100\n|-weather|SunnyDay|[from] ability: Drought|[of] p1a: Groudon\n|turn|3\n|\n|t:|1721833471\n|switch|p2a: Sinistcha|Sinistcha, L50|100\/100\n|move|p1b: Bronzong|Hypnosis|p2a: Sinistcha\n|-status|p2a: Sinistcha|slp|[from] move: Hypnosis\n|move|p1a: Groudon|Swords Dance|p1a: Groudon\n|-boost|p1a: Groudon|atk|2\n|move|p2b: Flamigo|Close Combat|p1a: Groudon\n|-damage|p1a: Groudon|62\/100\n|-unboost|p2b: Flamigo|def|1\n|-unboost|p2b: Flamigo|spd|1\n|\n|-weather|SunnyDay|[upkeep]\n|upkeep\n|turn|4\n|\n|t:|1721833479\n|switch|p2a: Terapagos|Terapagos-Terastal, L50, M|100\/100\n|move|p1b: Bronzong|Hypnosis|p2b: Flamigo\n|-status|p2b: Flamigo|slp|[from] move: Hypnosis\n|move|p1a: Groudon|Heat Crash|p2a: Terapagos\n|-activate|p2a: Terapagos|ability: Tera Shell\n|-resisted|p2a: Terapagos\n|-damage|p2a: Terapagos|48\/100\n|cant|p2b: Flamigo|slp\n|\n|-weather|SunnyDay|[upkeep]\n|upkeep\n|turn|5\n|\n|t:|1721833485\n|switch|p2b: Sinistcha|Sinistcha, L50|100\/100 slp\n|-heal|p2a: Terapagos|72\/100|[from] ability: Hospitality|[of] p2b: Sinistcha\n|-terastallize|p2a: Terapagos|Stellar\n|detailschange|p2a: Terapagos|Terapagos-Stellar, L50, M, tera:Stellar\n|-heal|p2a: Terapagos|79\/100|[silent]\n|-ability|p2a: Terapagos|Teraform Zero\n|-weather|none\n|move|p1b: Bronzong|Hypnosis|p2a: Terapagos\n|-status|p2a: Terapagos|slp|[from] move: Hypnosis\n|cant|p2a: Terapagos|slp\n|move|p2a: Terapagos|Sleep Talk|p2a: Terapagos\n|move|p2a: Terapagos|Tera Starstorm|p1b: Bronzong|[from]move: Sleep Talk|[spread] p1a,p1b\n|-crit|p1b: Bronzong\n|-damage|p1a: Groudon|11\/100\n|-damage|p1b: Bronzong|22\/100\n|move|p1a: Groudon|Precipice Blades|p2b: Sinistcha|[spread] p2a,p2b\n|-resisted|p2b: Sinistcha\n|-damage|p2a: Terapagos|11\/100 slp\n|-damage|p2b: Sinistcha|52\/100 slp\n|\n|-fieldend|move: Trick Room\n|upkeep\n|turn|6\n|\n|t:|1721833499\n|move|p1a: Groudon|Protect|p1a: Groudon\n|-singleturn|p1a: Groudon|Protect\n|cant|p2a: Terapagos|slp\n|move|p2a: Terapagos|Sleep Talk|p2a: Terapagos\n|move|p2a: Terapagos|Tera Starstorm|p1a: Groudon|[from]move: Sleep Talk|[spread] p1b\n|-activate|p1a: Groudon|move: Protect\n|-damage|p1b: Bronzong|0 fnt\n|faint|p1b: Bronzong\n|cant|p2b: Sinistcha|slp\n|\n|-fieldend|move: Gravity\n|upkeep\n|\n|t:|1721833505\n|switch|p1b: Araquanid|Araquanid, L50, M|100\/100\n|turn|7\n|\n|t:|1721833512\n|move|p1a: Groudon|Precipice Blades|p2a: Terapagos|[spread] p2a,p2b\n|-resisted|p2b: Sinistcha\n|-damage|p2a: Terapagos|0 fnt\n|-damage|p2b: Sinistcha|6\/100 slp\n|faint|p2a: Terapagos\n|cant|p2b: Sinistcha|slp\n|move|p1b: Araquanid|Leech Life|p2b: Sinistcha\n|-damage|p2b: Sinistcha|0 fnt\n|-damage|p1b: Araquanid|84\/100|[from] item: Rocky Helmet|[of] p2b: Sinistcha\n|faint|p2b: Sinistcha\n|\n|upkeep\n|\n|t:|1721833515\n|switch|p2a: Munkidori|Munkidori, L50, M|14\/100\n|switch|p2b: Flamigo|Flamigo, L50, F|100\/100 slp\n|turn|8\n|\n|t:|1721833522\n|move|p1a: Groudon|Protect|p1a: Groudon\n|-singleturn|p1a: Groudon|Protect\n|move|p2a: Munkidori|Fake Out|p1b: Araquanid\n|-damage|p1b: Araquanid|77\/100\n|cant|p2b: Flamigo|slp\n|cant|p1b: Araquanid|flinch\n|\n|upkeep\n|turn|9\n|\n|t:|1721833541\n|-terastallize|p1b: Araquanid|Water\n|-curestatus|p2b: Flamigo|slp|[msg]\n|move|p2b: Flamigo|Close Combat|p1a: Groudon\n|-damage|p1a: Groudon|0 fnt\n|-unboost|p2b: Flamigo|def|1\n|-unboost|p2b: Flamigo|spd|1\n|faint|p1a: Groudon\n|move|p2a: Munkidori|Psychic|p1b: Araquanid\n|-damage|p1b: Araquanid|43\/100\n|move|p1b: Araquanid|Liquidation|p2b: Flamigo\n|-enditem|p2b: Flamigo|Focus Sash\n|-damage|p2b: Flamigo|1\/100\n|\n|upkeep\n|turn|10\n|\n|t:|1721833551\n|move|p2b: Flamigo|Close Combat|p1b: Araquanid\n|-damage|p1b: Araquanid|0 fnt\n|-unboost|p2b: Flamigo|def|1\n|-unboost|p2b: Flamigo|spd|1\n|faint|p1b: Araquanid\n|\n|win|auraen\n|raw|caZISA's rating: 1688 &rarr; <strong>1679<\/strong><br \/>(-9 for losing)\n|raw|auraen's rating: 1902 &rarr; <strong>1911<\/strong><br \/>(+9 for winning)\n|l|\u2606caZISA\n|player|p1|\n","uploadtime":1721833770,"views":45,"formatid":"gen9vgc2024regg","rating":1679,"private":0,"password":null}