{"id":"gen9vgc2024regg-2166583239","format":"[Gen 9] VGC 2024 Reg G","players":["RandomDuVGCFR","Billy_HMD"],"log":"|j|\u2606RandomDuVGCFR\n|j|\u2606Billy_HMD\n|t:|1721828651\n|gametype|doubles\n|player|p1|RandomDuVGCFR|170|1771\n|player|p2|Billy_HMD|dawn|1823\n|teamsize|p1|6\n|teamsize|p2|6\n|gen|9\n|tier|[Gen 9] VGC 2024 Reg G\n|rated|\n|rule|Species Clause: Limit one of each Pok\u00e9mon\n|rule|Item Clause: Limit one of each item\n|clearpoke\n|poke|p1|Terapagos, L50, M|\n|poke|p1|Tornadus, L50, M|\n|poke|p1|Rillaboom, L50, M|\n|poke|p1|Urshifu-*, L50, M|\n|poke|p1|Chi-Yu, L50|\n|poke|p1|Flutter Mane, L50|\n|poke|p2|Zamazenta-*, L50|\n|poke|p2|Volcarona, L50, F|\n|poke|p2|Grimmsnarl, L50, M|\n|poke|p2|Landorus-Therian, L50, M|\n|poke|p2|Rillaboom, L50, M|\n|poke|p2|Raging Bolt, L50|\n|teampreview|4\n|inactive|Battle timer is ON: inactive players will automatically lose when time's up. (requested by Billy_HMD)\n|inactive|RandomDuVGCFR has 60 seconds left.\n|\n|t:|1721828707\n|start\n|switch|p1a: Chi-Yu|Chi-Yu, L50|100\/100\n|switch|p1b: Tornadus|Tornadus, L50, M, shiny|100\/100\n|switch|p2a: Grimmsnarl|Grimmsnarl, L50, M|100\/100\n|switch|p2b: Raging Bolt|Raging Bolt, L50|100\/100\n|-ability|p1a: Chi-Yu|Beads of Ruin\n|turn|1\n|inactive|Billy_HMD has 30 seconds left.\n|\n|t:|1721828733\n|move|p1a: Chi-Yu|Dark Pulse|p2b: Raging Bolt\n|-damage|p2b: Raging Bolt|37\/100\n|-damage|p1a: Chi-Yu|91\/100|[from] item: Life Orb\n|move|p2b: Raging Bolt|Thunderbolt|p1b: Tornadus\n|-supereffective|p1b: Tornadus\n|-damage|p1b: Tornadus|0 fnt\n|faint|p1b: Tornadus\n|-damage|p2b: Raging Bolt|27\/100|[from] item: Life Orb\n|move|p2a: Grimmsnarl|Spirit Break|p1a: Chi-Yu\n|-damage|p1a: Chi-Yu|52\/100\n|-unboost|p1a: Chi-Yu|spa|1\n|\n|upkeep\n|j| Fearce_VGC\n|\n|t:|1721828748\n|switch|p1b: Flutter Mane|Flutter Mane, L50|100\/100\n|turn|2\n|\n|t:|1721828766\n|-terastallize|p2b: Raging Bolt|Electric\n|move|p2b: Raging Bolt|Thunderclap|p1b: Flutter Mane\n|-enditem|p1b: Flutter Mane|Focus Sash\n|-damage|p1b: Flutter Mane|1\/100\n|-damage|p2b: Raging Bolt|17\/100|[from] item: Life Orb\n|move|p2a: Grimmsnarl|Light Screen|p2a: Grimmsnarl\n|-sidestart|p2: Billy_HMD|move: Light Screen\n|move|p1b: Flutter Mane|Moonblast|p2a: Grimmsnarl\n|-supereffective|p2a: Grimmsnarl\n|-damage|p2a: Grimmsnarl|11\/100\n|move|p1a: Chi-Yu|Dark Pulse|p2b: Raging Bolt\n|-damage|p2b: Raging Bolt|0 fnt\n|faint|p2b: Raging Bolt\n|-end|p2b: Raging Bolt|Protosynthesis|[silent]\n|-damage|p1a: Chi-Yu|42\/100|[from] item: Life Orb\n|\n|upkeep\n|inactive|Billy_HMD has 30 seconds left.\n|inactive|Billy_HMD has 20 seconds left.\n|inactive|Billy_HMD has 15 seconds left.\n|inactive|Billy_HMD has 10 seconds left.\n|\n|t:|1721828813\n|switch|p2b: Zamazenta|Zamazenta-Crowned, L50|100\/100\n|-ability|p2b: Zamazenta|Dauntless Shield|boost\n|-boost|p2b: Zamazenta|def|1\n|turn|3\n|\n|t:|1721828838\n|-terastallize|p1a: Chi-Yu|Ghost\n|move|p2a: Grimmsnarl|Thunder Wave|p1b: Flutter Mane\n|-status|p1b: Flutter Mane|par\n|move|p2b: Zamazenta|Heavy Slam|p1a: Chi-Yu\n|-damage|p1a: Chi-Yu|0 fnt\n|faint|p1a: Chi-Yu\n|cant|p1b: Flutter Mane|par\n|\n|upkeep\n|\n|t:|1721828848\n|switch|p1a: Urshifu|Urshifu-Rapid-Strike, L50, M|100\/100\n|turn|4\n|l| Fearce_VGC\n|\n|t:|1721828868\n|move|p1a: Urshifu|Protect|p1a: Urshifu\n|-singleturn|p1a: Urshifu|Protect\n|move|p2a: Grimmsnarl|Thunder Wave|p1a: Urshifu\n|-activate|p1a: Urshifu|move: Protect\n|move|p2b: Zamazenta|Heavy Slam|p1b: Flutter Mane\n|-supereffective|p1b: Flutter Mane\n|-damage|p1b: Flutter Mane|0 fnt\n|faint|p1b: Flutter Mane\n|-end|p1b: Flutter Mane|Protosynthesis|[silent]\n|\n|upkeep\n|turn|5\n|-message|RandomDuVGCFR forfeited.\n|\n|win|Billy_HMD\n|raw|RandomDuVGCFR's rating: 1771 &rarr; <strong>1754<\/strong><br \/>(-17 for losing)\n|raw|Billy_HMD's rating: 1823 &rarr; <strong>1840<\/strong><br \/>(+17 for winning)\n|l|\u2606RandomDuVGCFR\n|player|p1|\n|l|\u2606Billy_HMD\n|player|p2|\n","uploadtime":1721829088,"views":36,"formatid":"gen9vgc2024regg","rating":1754,"private":0,"password":null}