{"id":"gen9vgc2024regg-2166469211","format":"[Gen 9] VGC 2024 Reg G","players":["Djjwjwwjj","shulivgc"],"log":"|j|\u2606Djjwjwwjj\n|j|\u2606shulivgc\n|t:|1721809117\n|gametype|doubles\n|player|p1|Djjwjwwjj|266|1705\n|player|p2|shulivgc|#smogonxnpa2024draftee2|1846\n|teamsize|p1|6\n|teamsize|p2|6\n|gen|9\n|tier|[Gen 9] VGC 2024 Reg G\n|rated|\n|rule|Species Clause: Limit one of each Pok\u00e9mon\n|rule|Item Clause: Limit one of each item\n|clearpoke\n|poke|p1|Calyrex-Shadow, L50|\n|poke|p1|Incineroar, L50, F|\n|poke|p1|Rillaboom, L50, F|\n|poke|p1|Maushold-Four, L50|\n|poke|p1|Goodra-Hisui, L50, M|\n|poke|p1|Araquanid, L50, M|\n|poke|p2|Calyrex-Ice, L50|\n|poke|p2|Annihilape, L50, F|\n|poke|p2|Smeargle, L50, F|\n|poke|p2|Ursaluna-Bloodmoon, L50, M|\n|poke|p2|Urshifu-*, L50, M|\n|poke|p2|Ogerpon-Wellspring, L50, F|\n|teampreview|4\n|inactive|Battle timer is ON: inactive players will automatically lose when time's up. (requested by Djjwjwwjj)\n|inactive|Djjwjwwjj has 60 seconds left.\n|inactive|shulivgc has 60 seconds left.\n|\n|t:|1721809161\n|start\n|switch|p1a: Maushold|Maushold-Four, L50|100\/100\n|switch|p1b: Goodra|Goodra-Hisui, L50, M|100\/100\n|switch|p2a: Calyrex|Calyrex-Ice, L50|100\/100\n|switch|p2b: Smeargle|Smeargle, L50, F|100\/100\n|-ability|p2a: Calyrex|As One\n|-ability|p2a: Calyrex|Unnerve\n|turn|1\n|\n|t:|1721809178\n|switch|p2b: Ursaluna|Ursaluna-Bloodmoon, L50, M|100\/100\n|move|p1a: Maushold|Taunt|p2b: Ursaluna\n|-start|p2b: Ursaluna|move: Taunt\n|move|p1b: Goodra|Acid Armor|p1b: Goodra\n|-boost|p1b: Goodra|def|2\n|move|p2a: Calyrex|Trick Room|p2a: Calyrex\n|-fieldstart|move: Trick Room|[of] p2a: Calyrex\n|\n|upkeep\n|turn|2\n|inactive|Djjwjwwjj has 30 seconds left.\n|\n|t:|1721809204\n|-terastallize|p2b: Ursaluna|Ghost\n|move|p1a: Maushold|Follow Me|p1a: Maushold\n|-singleturn|p1a: Maushold|move: Follow Me\n|move|p2b: Ursaluna|Hyper Voice|p1a: Maushold|[spread] p1a,p1b\n|-resisted|p1b: Goodra\n|-damage|p1a: Maushold|46\/100\n|-damage|p1b: Goodra|88\/100\n|-damage|p2b: Ursaluna|91\/100|[from] item: Life Orb\n|move|p2a: Calyrex|Glacial Lance|p1a: Maushold|[spread] p1a,p1b\n|-damage|p1a: Maushold|0 fnt\n|-damage|p1b: Goodra|73\/100\n|faint|p1a: Maushold\n|-ability|p2a: Calyrex|Chilling Neigh|boost\n|-boost|p2a: Calyrex|atk|1\n|move|p1b: Goodra|Body Press|p2b: Ursaluna\n|-immune|p2b: Ursaluna\n|\n|-heal|p1b: Goodra|79\/100|[from] item: Leftovers\n|upkeep\n|\n|t:|1721809224\n|switch|p1a: Araquanid|Araquanid, L50, M|100\/100\n|turn|3\n|\n|t:|1721809243\n|move|p1a: Araquanid|Protect|p1a: Araquanid\n|-singleturn|p1a: Araquanid|Protect\n|move|p1b: Goodra|Protect|p1b: Goodra\n|-singleturn|p1b: Goodra|Protect\n|move|p2b: Ursaluna|Blood Moon|p1a: Araquanid\n|-activate|p1a: Araquanid|move: Protect\n|move|p2a: Calyrex|High Horsepower|p1a: Araquanid\n|-activate|p1a: Araquanid|move: Protect\n|\n|-heal|p1b: Goodra|84\/100|[from] item: Leftovers\n|-end|p2b: Ursaluna|move: Taunt\n|upkeep\n|turn|4\n|inactive|Djjwjwwjj has 30 seconds left.\n|inactive|Djjwjwwjj has 20 seconds left.\n|inactive|Djjwjwwjj has 15 seconds left.\n|inactive|Djjwjwwjj has 10 seconds left.\n|\n|t:|1721809290\n|-terastallize|p1b: Goodra|Fairy\n|move|p1a: Araquanid|Liquidation|p2a: Calyrex\n|-damage|p2a: Calyrex|64\/100\n|move|p2b: Ursaluna|Earth Power|p1b: Goodra\n|-damage|p1b: Goodra|38\/100\n|-damage|p2b: Ursaluna|81\/100|[from] item: Life Orb\n|move|p2a: Calyrex|High Horsepower|p1b: Goodra\n|-damage|p1b: Goodra|15\/100\n|move|p1b: Goodra|Acid Armor|p1b: Goodra\n|-boost|p1b: Goodra|def|2\n|\n|-heal|p1b: Goodra|21\/100|[from] item: Leftovers\n|upkeep\n|turn|5\n|inactive|Djjwjwwjj has 30 seconds left.\n|\n|t:|1721809319\n|move|p1b: Goodra|Protect|p1b: Goodra\n|-singleturn|p1b: Goodra|Protect\n|move|p1a: Araquanid|Liquidation|p2b: Ursaluna\n|-damage|p2b: Ursaluna|30\/100\n|move|p2b: Ursaluna|Hyper Voice|p1b: Goodra|[spread] p1a\n|-activate|p1b: Goodra|move: Protect\n|-crit|p1a: Araquanid\n|-damage|p1a: Araquanid|38\/100\n|-damage|p2b: Ursaluna|20\/100|[from] item: Life Orb\n|move|p2a: Calyrex|Glacial Lance|p1a: Araquanid|[spread] p1a\n|-activate|p1b: Goodra|move: Protect\n|-resisted|p1a: Araquanid\n|-damage|p1a: Araquanid|0 fnt\n|faint|p1a: Araquanid\n|-ability|p2a: Calyrex|Chilling Neigh|boost\n|-boost|p2a: Calyrex|atk|1\n|\n|-heal|p1b: Goodra|27\/100|[from] item: Leftovers\n|-fieldend|move: Trick Room\n|upkeep\n|\n|t:|1721809339\n|switch|p1a: Calyrex|Calyrex-Shadow, L50|100\/100\n|-ability|p1a: Calyrex|As One\n|-ability|p1a: Calyrex|Unnerve\n|turn|6\n|j| Mangan25\n|\n|t:|1721809362\n|switch|p2b: Smeargle|Smeargle, L50, F|100\/100\n|move|p2a: Calyrex|Protect|p2a: Calyrex\n|-singleturn|p2a: Calyrex|Protect\n|move|p1a: Calyrex|Draining Kiss|p2b: Smeargle\n|-damage|p2b: Smeargle|65\/100\n|move|p1b: Goodra|Body Press|p2b: Smeargle\n|-supereffective|p2b: Smeargle\n|-damage|p2b: Smeargle|0 fnt\n|faint|p2b: Smeargle\n|\n|-heal|p1b: Goodra|33\/100|[from] item: Leftovers\n|upkeep\n|\n|t:|1721809377\n|switch|p2b: Urshifu|Urshifu, L50, M|100\/100\n|turn|7\n|inactive|Djjwjwwjj has 30 seconds left.\n|\n|t:|1721809407\n|move|p2b: Urshifu|Sucker Punch||[still]\n|-fail|p2b: Urshifu\n|move|p1a: Calyrex|Calm Mind|p1a: Calyrex\n|-boost|p1a: Calyrex|spa|1\n|-boost|p1a: Calyrex|spd|1\n|move|p1b: Goodra|Body Press|p2a: Calyrex\n|-damage|p2a: Calyrex|17\/100\n|move|p2a: Calyrex|Trick Room|p2a: Calyrex\n|-fieldstart|move: Trick Room|[of] p2a: Calyrex\n|\n|-heal|p1b: Goodra|38\/100|[from] item: Leftovers\n|upkeep\n|turn|8\n|inactive|Djjwjwwjj has 30 seconds left.\n|inactive|shulivgc has 30 seconds left.\n|inactive|Djjwjwwjj has 20 seconds left.\n|inactive|Djjwjwwjj has 15 seconds left.\n|\n|t:|1721809452\n|switch|p2b: Ursaluna|Ursaluna-Bloodmoon, L50, M, tera:Ghost|20\/100\n|move|p2a: Calyrex|Glacial Lance|p1b: Goodra|[spread] p1a,p1b\n|-damage|p1a: Calyrex|0 fnt\n|-damage|p1b: Goodra|12\/100\n|-enditem|p2a: Calyrex|Sitrus Berry|[eat]\n|-heal|p2a: Calyrex|42\/100|[from] item: Sitrus Berry\n|faint|p1a: Calyrex\n|-ability|p2a: Calyrex|Chilling Neigh|boost\n|-boost|p2a: Calyrex|atk|1\n|move|p1b: Goodra|Heavy Slam|p2a: Calyrex\n|-supereffective|p2a: Calyrex\n|-damage|p2a: Calyrex|24\/100\n|\n|-heal|p1b: Goodra|18\/100|[from] item: Leftovers\n|upkeep\n|turn|9\n|-message|Djjwjwwjj forfeited.\n|\n|win|shulivgc\n|raw|Djjwjwwjj's rating: 1705 &rarr; <strong>1693<\/strong><br \/>(-12 for losing)\n|raw|shulivgc's rating: 1846 &rarr; <strong>1858<\/strong><br \/>(+12 for winning)\n|l|\u2606Djjwjwwjj\n|player|p1|\n|l| Mangan25\n|l|\u2606shulivgc\n|player|p2|\n","uploadtime":1721809708,"views":62,"formatid":"gen9vgc2024regg","rating":1693,"private":0,"password":null}