{"id":"gen9vgc2024regg-2166193097","format":"[Gen 9] VGC 2024 Reg G","players":["roseyradio","auraen"],"log":"|j|\u2606roseyradio\n|j|\u2606auraen\n|t:|1721767369\n|gametype|doubles\n|player|p1|roseyradio|skier|1747\n|player|p2|auraen|harlequin|1894\n|teamsize|p1|6\n|teamsize|p2|6\n|gen|9\n|tier|[Gen 9] VGC 2024 Reg G\n|rated|\n|rule|Species Clause: Limit one of each Pok\u00e9mon\n|rule|Item Clause: Limit one of each item\n|clearpoke\n|poke|p1|Calyrex-Ice, L50|\n|poke|p1|Smeargle, L50, F|\n|poke|p1|Ursaluna-Bloodmoon, L50, M|\n|poke|p1|Indeedee-F, L50, F|\n|poke|p1|Amoonguss, L50, M|\n|poke|p1|Raging Bolt, L50|\n|poke|p2|Terapagos, L50, M|\n|poke|p2|Munkidori, L50, M|\n|poke|p2|Incineroar, L50, F|\n|poke|p2|Sinistcha, L50|\n|poke|p2|Basculegion, L50, M|\n|poke|p2|Flamigo, L50, M|\n|teampreview|4\n|\n|t:|1721767411\n|start\n|switch|p1a: Calyrex|Calyrex-Ice, L50|100\/100\n|switch|p1b: Stephen|Amoonguss, L50, M|100\/100\n|switch|p2a: Terapagos|Terapagos, L50, M|100\/100\n|switch|p2b: Incineroar|Incineroar, L50, F|100\/100\n|-activate|p2a: Terapagos|ability: Tera Shift\n|detailschange|p2a: Terapagos|Terapagos-Terastal, L50, M\n|-heal|p2a: Terapagos|100\/100|[silent]\n|-ability|p1a: Calyrex|As One\n|-ability|p1a: Calyrex|Unnerve\n|-ability|p2b: Incineroar|Intimidate|boost\n|-fail|p1a: Calyrex|unboost|[from] item: Clear Amulet|[of] p1a: Calyrex\n|-unboost|p1b: Stephen|atk|1\n|turn|1\n|inactive|Battle timer is ON: inactive players will automatically lose when time's up. (requested by roseyradio)\n|\n|t:|1721767436\n|-terastallize|p2a: Terapagos|Stellar\n|detailschange|p2a: Terapagos|Terapagos-Stellar, L50, M, tera:Stellar\n|-heal|p2a: Terapagos|100\/100|[silent]\n|move|p2b: Incineroar|Fake Out|p1a: Calyrex\n|-damage|p1a: Calyrex|93\/100\n|move|p2a: Terapagos|Tera Starstorm|p1a: Calyrex|[spread] p1a,p1b\n|-crit|p1a: Calyrex\n|-damage|p1a: Calyrex|29\/100\n|-damage|p1b: Stephen|49\/100\n|move|p1b: Stephen|Spore|p2a: Terapagos\n|-status|p2a: Terapagos|slp|[from] move: Spore\n|cant|p1a: Calyrex|flinch\n|\n|upkeep\n|turn|2\n|\n|t:|1721767449\n|-terastallize|p1a: Calyrex|Water\n|cant|p2a: Terapagos|slp\n|move|p2b: Incineroar|Knock Off|p1a: Calyrex\n|-damage|p1a: Calyrex|6\/100\n|-enditem|p1a: Calyrex|Clear Amulet|[from] move: Knock Off|[of] p2b: Incineroar\n|move|p1b: Stephen|Pollen Puff|p1a: Calyrex\n|-heal|p1a: Calyrex|56\/100\n|move|p1a: Calyrex|Trick Room|p1a: Calyrex\n|-fieldstart|move: Trick Room|[of] p1a: Calyrex\n|\n|upkeep\n|turn|3\n|\n|t:|1721767462\n|move|p1b: Stephen|Pollen Puff|p1a: Calyrex\n|-heal|p1a: Calyrex|100\/100\n|move|p1a: Calyrex|Glacial Lance|p2a: Terapagos|[spread] p2a,p2b\n|-resisted|p2b: Incineroar\n|-damage|p2a: Terapagos|62\/100 slp\n|-damage|p2b: Incineroar|80\/100\n|move|p2b: Incineroar|Parting Shot|p1a: Calyrex\n|-unboost|p1a: Calyrex|atk|1\n|-unboost|p1a: Calyrex|spa|1\n|\n|t:|1721767465\n|switch|p2b: Munkidori|Munkidori, L50, M|100\/100|[from] Parting Shot\n|-curestatus|p2a: Terapagos|slp|[msg]\n|move|p2a: Terapagos|Tera Starstorm|p1a: Calyrex|[spread] p1a,p1b\n|-supereffective|p1a: Calyrex\n|-damage|p1a: Calyrex|15\/100\n|-damage|p1b: Stephen|0 fnt\n|faint|p1b: Stephen\n|\n|upkeep\n|\n|t:|1721767478\n|switch|p1b: Smeargle|Smeargle, L50, F, shiny|100\/100\n|turn|4\n|\n|t:|1721767490\n|switch|p2a: Incineroar|Incineroar, L50, F|80\/100\n|-ability|p2a: Incineroar|Intimidate|boost\n|-unboost|p1a: Calyrex|atk|1\n|-fail|p1b: Smeargle|unboost|Attack|[from] ability: Own Tempo|[of] p1b: Smeargle\n|move|p1b: Smeargle|Fake Out|p2b: Munkidori\n|-damage|p2b: Munkidori|97\/100\n|cant|p2b: Munkidori|flinch\n|move|p1a: Calyrex|Glacial Lance|p2a: Incineroar|[spread] p2a,p2b\n|-resisted|p2a: Incineroar\n|-damage|p2a: Incineroar|69\/100\n|-damage|p2b: Munkidori|72\/100\n|\n|upkeep\n|turn|5\n|\n|t:|1721767502\n|move|p2a: Incineroar|Fake Out|p1b: Smeargle\n|-damage|p1b: Smeargle|86\/100\n|cant|p1b: Smeargle|flinch\n|move|p1a: Calyrex|Close Combat|p2a: Incineroar\n|-supereffective|p2a: Incineroar\n|-damage|p2a: Incineroar|27\/100\n|-unboost|p1a: Calyrex|def|1\n|-unboost|p1a: Calyrex|spd|1\n|move|p2b: Munkidori|Psychic|p1b: Smeargle\n|-damage|p1b: Smeargle|10\/100\n|\n|upkeep\n|turn|6\n|\n|t:|1721767520\n|move|p1b: Smeargle|Spore|p2b: Munkidori\n|-status|p2b: Munkidori|slp|[from] move: Spore\n|move|p1a: Calyrex|Close Combat|p2a: Incineroar\n|-supereffective|p2a: Incineroar\n|-damage|p2a: Incineroar|0 fnt\n|-unboost|p1a: Calyrex|def|1\n|-unboost|p1a: Calyrex|spd|1\n|faint|p2a: Incineroar\n|-ability|p1a: Calyrex|Chilling Neigh|boost\n|-boost|p1a: Calyrex|atk|1\n|cant|p2b: Munkidori|slp\n|\n|-fieldend|move: Trick Room\n|upkeep\n|\n|t:|1721767524\n|switch|p2a: Terapagos|Terapagos-Stellar, L50, M, tera:Stellar|62\/100\n|turn|7\n|\n|t:|1721767531\n|move|p1a: Calyrex|Protect|p1a: Calyrex\n|-singleturn|p1a: Calyrex|Protect\n|cant|p2b: Munkidori|slp\n|move|p2a: Terapagos|Tera Starstorm|p1a: Calyrex|[spread] p1b\n|-activate|p1a: Calyrex|move: Protect\n|-crit|p1b: Smeargle\n|-damage|p1b: Smeargle|0 fnt\n|faint|p1b: Smeargle\n|\n|upkeep\n|\n|t:|1721767532\n|switch|p1b: Rich|Ursaluna-Bloodmoon, L50, M|100\/100\n|turn|8\n|\n|t:|1721767538\n|move|p1a: Calyrex|Protect||[still]\n|-fail|p1a: Calyrex\n|cant|p2b: Munkidori|slp\n|move|p2a: Terapagos|Tera Starstorm|p1a: Calyrex|[spread] p1a,p1b\n|-supereffective|p1a: Calyrex\n|-damage|p1a: Calyrex|0 fnt\n|-damage|p1b: Rich|28\/100\n|faint|p1a: Calyrex\n|move|p1b: Rich|Blood Moon|p2a: Terapagos\n|-damage|p2a: Terapagos|3\/100\n|-damage|p1b: Rich|19\/100|[from] item: Life Orb\n|\n|upkeep\n|turn|9\n|c|\u2606roseyradio|Wp\n|-message|roseyradio forfeited.\n|\n|win|auraen\n|raw|roseyradio's rating: 1747 &rarr; <strong>1735<\/strong><br \/>(-12 for losing)\n|raw|auraen's rating: 1894 &rarr; <strong>1906<\/strong><br \/>(+12 for winning)\n|l|\u2606roseyradio\n|player|p1|\n|l|\u2606auraen\n|player|p2|\n","uploadtime":1721767554,"views":69,"formatid":"gen9vgc2024regg","rating":1735,"private":0,"password":null}