{"id":"gen9vgc2024regg-2166407004","format":"[Gen 9] VGC 2024 Reg G","players":["greenlightdmp","shulivgc"],"log":"|j|\u2606greenlightdmp\n|j|\u2606shulivgc\n|t:|1721796506\n|gametype|doubles\n|player|p1|greenlightdmp|2|1733\n|player|p2|shulivgc|#smogonxnpa2024draftee2|1835\n|teamsize|p1|6\n|teamsize|p2|6\n|gen|9\n|tier|[Gen 9] VGC 2024 Reg G\n|rated|\n|rule|Species Clause: Limit one of each Pok\u00e9mon\n|rule|Item Clause: Limit one of each item\n|clearpoke\n|poke|p1|Calyrex-Ice, L50|\n|poke|p1|Smeargle, L50, F|\n|poke|p1|Ursaluna-Bloodmoon, L50, M|\n|poke|p1|Indeedee-F, L50, F|\n|poke|p1|Amoonguss, L50, M|\n|poke|p1|Raging Bolt, L50|\n|poke|p2|Calyrex-Ice, L50|\n|poke|p2|Annihilape, L50, M|\n|poke|p2|Smeargle, L50, F|\n|poke|p2|Ursaluna-Bloodmoon, L50, M|\n|poke|p2|Urshifu-*, L50, M|\n|poke|p2|Ogerpon-Wellspring, L50, F|\n|teampreview|4\n|\n|t:|1721796529\n|start\n|switch|p1a: Calyrex|Calyrex-Ice, L50|100\/100\n|switch|p1b: Smeargle|Smeargle, L50, F, shiny|100\/100\n|switch|p2a: Ogerpon|Ogerpon-Wellspring, L50, F|100\/100\n|switch|p2b: Calyrex|Calyrex-Ice, L50|100\/100\n|-ability|p1a: Calyrex|As One\n|-ability|p1a: Calyrex|Unnerve\n|-ability|p2b: Calyrex|As One\n|-ability|p2b: Calyrex|Unnerve\n|turn|1\n|\n|t:|1721796553\n|-terastallize|p2a: Ogerpon|Water\n|detailschange|p2a: Ogerpon|Ogerpon-Wellspring-Tera, L50, F, tera:Water\n|-ability|p2a: Ogerpon|Embody Aspect (Wellspring)|boost\n|-boost|p2a: Ogerpon|spd|1\n|move|p2b: Calyrex|Protect|p2b: Calyrex\n|-singleturn|p2b: Calyrex|Protect\n|move|p1b: Smeargle|Fake Out|p2a: Ogerpon\n|-crit|p2a: Ogerpon\n|-damage|p2a: Ogerpon|94\/100\n|cant|p2a: Ogerpon|flinch\n|move|p1a: Calyrex|Trick Room|p1a: Calyrex\n|-fieldstart|move: Trick Room|[of] p1a: Calyrex\n|\n|upkeep\n|turn|2\n|l|\u2606shulivgc\n|player|p2|\n|\n|t:|1721796576\n|move|p1b: Smeargle|Decorate|p1a: Calyrex\n|-boost|p1a: Calyrex|atk|2\n|-boost|p1a: Calyrex|spa|2\n|move|p2b: Calyrex|Glacial Lance|p1b: Smeargle|[spread] p1a,p1b\n|-resisted|p1a: Calyrex\n|-damage|p1a: Calyrex|82\/100\n|-damage|p1b: Smeargle|22\/100\n|move|p1a: Calyrex|Glacial Lance|p2b: Calyrex|[spread] p2a,p2b\n|-resisted|p2a: Ogerpon\n|-resisted|p2b: Calyrex\n|-damage|p2a: Ogerpon|36\/100\n|-damage|p2b: Calyrex|62\/100\n|move|p2a: Ogerpon|Ivy Cudgel|p1b: Smeargle|[anim] Ivy Cudgel Water\n|-damage|p1b: Smeargle|0 fnt\n|faint|p1b: Smeargle\n|\n|upkeep\n|j| ser dayne\n|\n|t:|1721796603\n|switch|p1b: Ursaluna|Ursaluna-Bloodmoon, L50, M|100\/100\n|turn|3\n|l| ser dayne\n|j|\u2606shulivgc\n|player|p2|shulivgc|#smogonxnpa2024draftee2|\n|inactive|Battle timer is ON: inactive players will automatically lose when time's up. (requested by greenlightdmp)\n|\n|t:|1721796656\n|move|p2b: Calyrex|Protect|p2b: Calyrex\n|-singleturn|p2b: Calyrex|Protect\n|move|p1b: Ursaluna|Protect|p1b: Ursaluna\n|-singleturn|p1b: Ursaluna|Protect\n|move|p1a: Calyrex|Protect|p1a: Calyrex\n|-singleturn|p1a: Calyrex|Protect\n|move|p2a: Ogerpon|Ivy Cudgel|p1b: Ursaluna|[anim] Ivy Cudgel Water\n|-activate|p1b: Ursaluna|move: Protect\n|\n|upkeep\n|turn|4\n|\n|t:|1721796672\n|-terastallize|p1b: Ursaluna|Normal\n|move|p2b: Calyrex|Glacial Lance|p1a: Calyrex|[spread] p1a,p1b\n|-resisted|p1a: Calyrex\n|-damage|p1a: Calyrex|64\/100\n|-damage|p1b: Ursaluna|57\/100\n|move|p1b: Ursaluna|Hyper Voice|p2a: Ogerpon|[spread] p2a,p2b\n|-damage|p2a: Ogerpon|0 fnt\n|-damage|p2b: Calyrex|19\/100\n|faint|p2a: Ogerpon\n|-damage|p1b: Ursaluna|47\/100|[from] item: Life Orb\n|move|p1a: Calyrex|Glacial Lance|p2b: Calyrex\n|-resisted|p2b: Calyrex\n|-damage|p2b: Calyrex|0 fnt\n|faint|p2b: Calyrex\n|-ability|p1a: Calyrex|Chilling Neigh|boost\n|-boost|p1a: Calyrex|atk|1\n|\n|upkeep\n|\n|t:|1721796678\n|switch|p2b: Urshifu|Urshifu, L50, M|100\/100\n|switch|p2a: Smeargle|Smeargle, L50, F|100\/100\n|turn|5\n|\n|t:|1721796700\n|move|p2a: Smeargle|Wide Guard|p2a: Smeargle\n|-singleturn|p2a: Smeargle|Wide Guard\n|move|p1b: Ursaluna|Hyper Voice|p2b: Urshifu|[spread] \n|-activate|p2a: Smeargle|move: Wide Guard\n|-activate|p2b: Urshifu|move: Wide Guard\n|move|p1a: Calyrex|Glacial Lance|p2a: Smeargle|[spread] \n|-activate|p2a: Smeargle|move: Wide Guard\n|-activate|p2b: Urshifu|move: Wide Guard\n|move|p2b: Urshifu|Wicked Blow|p1a: Calyrex\n|-supereffective|p1a: Calyrex\n|-crit|p1a: Calyrex\n|-damage|p1a: Calyrex|0 fnt\n|faint|p1a: Calyrex\n|\n|-fieldend|move: Trick Room\n|upkeep\n|\n|t:|1721796703\n|switch|p1a: Amoonguss|Amoonguss, L50, M|100\/100\n|turn|6\n|\n|t:|1721796719\n|move|p2a: Smeargle|Follow Me|p2a: Smeargle\n|-singleturn|p2a: Smeargle|move: Follow Me\n|move|p1a: Amoonguss|Rage Powder|p1a: Amoonguss\n|-singleturn|p1a: Amoonguss|move: Rage Powder\n|move|p2b: Urshifu|Wicked Blow|p1a: Amoonguss\n|-crit|p1a: Amoonguss\n|-damage|p1a: Amoonguss|30\/100\n|move|p1b: Ursaluna|Blood Moon|p2a: Smeargle\n|-enditem|p2a: Smeargle|Focus Sash\n|-damage|p2a: Smeargle|1\/100\n|-damage|p1b: Ursaluna|37\/100|[from] item: Life Orb\n|\n|upkeep\n|turn|7\n|\n|t:|1721796734\n|move|p1a: Amoonguss|Rage Powder|p1a: Amoonguss\n|-singleturn|p1a: Amoonguss|move: Rage Powder\n|move|p2b: Urshifu|Wicked Blow|p1a: Amoonguss\n|-crit|p1a: Amoonguss\n|-damage|p1a: Amoonguss|0 fnt\n|faint|p1a: Amoonguss\n|move|p1b: Ursaluna|Hyper Voice|p2b: Urshifu|[spread] p2a,p2b\n|-damage|p2a: Smeargle|0 fnt\n|-damage|p2b: Urshifu|22\/100\n|faint|p2a: Smeargle\n|-damage|p1b: Ursaluna|28\/100|[from] item: Life Orb\n|\n|upkeep\n|turn|8\n|\n|t:|1721796739\n|move|p2b: Urshifu|Wicked Blow|p1b: Ursaluna\n|-crit|p1b: Ursaluna\n|-damage|p1b: Ursaluna|0 fnt\n|faint|p1b: Ursaluna\n|\n|win|shulivgc\n|raw|greenlightdmp's rating: 1733 &rarr; <strong>1719<\/strong><br \/>(-14 for losing)\n|raw|shulivgc's rating: 1835 &rarr; <strong>1849<\/strong><br \/>(+14 for winning)\n|l|\u2606greenlightdmp\n|player|p1|\n|l|\u2606shulivgc\n|player|p2|\n","uploadtime":1721796928,"views":48,"formatid":"gen9vgc2024regg","rating":1719,"private":0,"password":null}