{"id":"gen9vgc2024regg-2167606241","format":"[Gen 9] VGC 2024 Reg G","players":["Mentalsyndrome","war3infi"],"log":"|j|\u2606Mentalsyndrome\n|j|\u2606war3infi\n|t:|1721965451\n|gametype|doubles\n|player|p1|Mentalsyndrome|102|1662\n|player|p2|war3infi|dawn|1779\n|teamsize|p1|6\n|teamsize|p2|6\n|gen|9\n|tier|[Gen 9] VGC 2024 Reg G\n|rated|\n|rule|Species Clause: Limit one of each Pok\u00e9mon\n|rule|Item Clause: Limit one of each item\n|clearpoke\n|poke|p1|Eternatus, L50|\n|poke|p1|Farigiraf, L50, M|\n|poke|p1|Urshifu-*, L50, M|\n|poke|p1|Rillaboom, L50, F|\n|poke|p1|Chi-Yu, L50|\n|poke|p1|Grimmsnarl, L50, M|\n|poke|p2|Calyrex-Ice, L50|\n|poke|p2|Annihilape, L50, F|\n|poke|p2|Smeargle, L50, M|\n|poke|p2|Ursaluna-Bloodmoon, L50, M|\n|poke|p2|Urshifu-*, L50, F|\n|poke|p2|Ogerpon-Wellspring, L50, F|\n|teampreview|4\n|inactive|Battle timer is ON: inactive players will automatically lose when time's up. (requested by Mentalsyndrome)\n|inactive|Mentalsyndrome has 60 seconds left.\n|inactive|war3infi has 60 seconds left.\n|\n|t:|1721965506\n|start\n|switch|p1a: Grimmsnarl|Grimmsnarl, L50, M|100\/100\n|switch|p1b: Chi-Yu|Chi-Yu, L50|100\/100\n|switch|p2a: Calyrex|Calyrex-Ice, L50|100\/100\n|switch|p2b: Annihilape|Annihilape, L50, F|100\/100\n|-ability|p2a: Calyrex|As One\n|-ability|p2a: Calyrex|Unnerve\n|-ability|p1b: Chi-Yu|Beads of Ruin\n|turn|1\n|\n|t:|1721965530\n|move|p2a: Calyrex|Protect|p2a: Calyrex\n|-singleturn|p2a: Calyrex|Protect\n|move|p1a: Grimmsnarl|Thunder Wave|p2b: Annihilape\n|-status|p2b: Annihilape|par\n|move|p1b: Chi-Yu|Heat Wave|p2b: Annihilape|[spread] p2b\n|-activate|p2a: Calyrex|move: Protect\n|-damage|p2b: Annihilape|53\/100 par\n|-damage|p1b: Chi-Yu|91\/100|[from] item: Life Orb\n|move|p2b: Annihilape|Close Combat|p1b: Chi-Yu\n|-supereffective|p1b: Chi-Yu\n|-damage|p1b: Chi-Yu|0 fnt\n|-unboost|p2b: Annihilape|def|1\n|-unboost|p2b: Annihilape|spd|1\n|faint|p1b: Chi-Yu\n|\n|upkeep\n|\n|t:|1721965538\n|switch|p1b: Eternatus|Eternatus, L50|100\/100\n|-ability|p1b: Eternatus|Pressure\n|turn|2\n|l|\u2606war3infi\n|inactive|war3infi disconnected and has a minute to reconnect!\n|player|p2|\n|j|\u2606war3infi\n|inactive|war3infi reconnected and has 45 seconds left.\n|player|p2|war3infi|dawn|\n|\n|t:|1721965558\n|-terastallize|p1b: Eternatus|Fairy\n|-terastallize|p2a: Calyrex|Water\n|move|p1a: Grimmsnarl|Reflect|p1a: Grimmsnarl\n|-sidestart|p1: Mentalsyndrome|Reflect\n|move|p1b: Eternatus|Meteor Beam||[still]\n|-prepare|p1b: Eternatus|Meteor Beam\n|-boost|p1b: Eternatus|spa|1\n|-enditem|p1b: Eternatus|Power Herb\n|-anim|p1b: Eternatus|Meteor Beam|p2a: Calyrex\n|-damage|p2a: Calyrex|54\/100\n|move|p2b: Annihilape|Rage Fist|p1b: Eternatus\n|-damage|p1b: Eternatus|78\/100\n|move|p2a: Calyrex|Trick Room|p2a: Calyrex\n|-fieldstart|move: Trick Room|[of] p2a: Calyrex\n|\n|upkeep\n|turn|3\n|j| bluestraggler02\n|\n|t:|1721965569\n|move|p1a: Grimmsnarl|Thunder Wave|p2a: Calyrex|[miss]\n|-miss|p1a: Grimmsnarl|p2a: Calyrex\n|move|p2a: Calyrex|Glacial Lance|p1a: Grimmsnarl|[spread] p1a,p1b\n|-damage|p1a: Grimmsnarl|54\/100\n|-damage|p1b: Eternatus|48\/100\n|move|p2b: Annihilape|Final Gambit|p1b: Eternatus\n|-damage|p1b: Eternatus|3\/100\n|faint|p2b: Annihilape\n|move|p1b: Eternatus|Dynamax Cannon|p2a: Calyrex\n|-damage|p2a: Calyrex|0 fnt\n|faint|p2a: Calyrex\n|\n|upkeep\n|\n|t:|1721965579\n|switch|p2a: Smeargle|Smeargle, L50, M|100\/100\n|switch|p2b: Urshifu|Urshifu, L50, F|100\/100\n|turn|4\n|inactive|Mentalsyndrome has 30 seconds left.\n|\n|t:|1721965607\n|move|p1a: Grimmsnarl|Thunder Wave|p1b: Eternatus|[miss]\n|-miss|p1a: Grimmsnarl|p1b: Eternatus\n|move|p2a: Smeargle|Spore|p1a: Grimmsnarl\n|-status|p1a: Grimmsnarl|slp|[from] move: Spore\n|move|p2b: Urshifu|Poison Jab|p1b: Eternatus\n|-supereffective|p1b: Eternatus\n|-damage|p1b: Eternatus|0 fnt\n|faint|p1b: Eternatus\n|\n|upkeep\n|\n|t:|1721965611\n|switch|p1b: Farigiraf|Farigiraf, L50, M|100\/100\n|turn|5\n|\n|t:|1721965620\n|move|p2a: Smeargle|Spore|p1b: Farigiraf\n|-status|p1b: Farigiraf|slp|[from] move: Spore\n|cant|p1b: Farigiraf|slp\n|cant|p1a: Grimmsnarl|slp\n|move|p2b: Urshifu|Poison Jab|p1b: Farigiraf\n|-damage|p1b: Farigiraf|78\/100 slp\n|\n|upkeep\n|turn|6\n|\n|t:|1721965630\n|move|p2a: Smeargle|Decorate|p2b: Urshifu\n|-boost|p2b: Urshifu|atk|2\n|-boost|p2b: Urshifu|spa|2\n|-curestatus|p1b: Farigiraf|slp|[msg]\n|move|p1b: Farigiraf|Hyper Voice|p2a: Smeargle|[spread] p2a,p2b\n|-crit|p2a: Smeargle\n|-damage|p2a: Smeargle|25\/100\n|-damage|p2b: Urshifu|68\/100\n|-curestatus|p1a: Grimmsnarl|slp|[msg]\n|move|p1a: Grimmsnarl|Spirit Break|p2b: Urshifu\n|-supereffective|p2b: Urshifu\n|-damage|p2b: Urshifu|0 fnt\n|faint|p2b: Urshifu\n|\n|-fieldend|move: Trick Room\n|upkeep\n|turn|7\n|-message|war3infi forfeited.\n|\n|win|Mentalsyndrome\n|raw|Mentalsyndrome's rating: 1662 &rarr; <strong>1688<\/strong><br \/>(+26 for winning)\n|raw|war3infi's rating: 1779 &rarr; <strong>1753<\/strong><br \/>(-26 for losing)\n|l|\u2606war3infi\n|player|p2|\n","uploadtime":1721965661,"views":49,"formatid":"gen9vgc2024regg","rating":1688,"private":0,"password":null}