{"id":"gen9vgc2024regg-2167060729","format":"[Gen 9] VGC 2024 Reg G","players":["Joe Sheboygan","Read Book"],"log":"|j|\u2606Joe Sheboygan\n|j|\u2606Read Book\n|t:|1721891157\n|gametype|doubles\n|player|p1|Joe Sheboygan|red|1699\n|player|p2|Read Book|265|1677\n|teamsize|p1|6\n|teamsize|p2|6\n|gen|9\n|tier|[Gen 9] VGC 2024 Reg G\n|rated|\n|rule|Species Clause: Limit one of each Pok\u00e9mon\n|rule|Item Clause: Limit one of each item\n|clearpoke\n|poke|p1|Grafaiai, L50, F|\n|poke|p1|Miraidon, L50|\n|poke|p1|Chi-Yu, L50|\n|poke|p1|Whimsicott, L50, M|\n|poke|p1|Farigiraf, L50, F|\n|poke|p1|Iron Hands, L50|\n|poke|p2|Calyrex-Ice, L50|\n|poke|p2|Pelipper, L50, F|\n|poke|p2|Urshifu-*, L50, F|\n|poke|p2|Raging Bolt, L50|\n|poke|p2|Incineroar, L50, M|\n|poke|p2|Rillaboom, L50, M|\n|teampreview|4\n|inactive|Battle timer is ON: inactive players will automatically lose when time's up. (requested by Read Book)\n|\n|t:|1721891183\n|start\n|switch|p1a: Grafaiai|Grafaiai, L50, F|100\/100\n|switch|p1b: Miraidon|Miraidon, L50|100\/100\n|switch|p2a: Calyrex|Calyrex-Ice, L50|100\/100\n|switch|p2b: Rillaboom|Rillaboom, L50, M|100\/100\n|-ability|p2a: Calyrex|As One\n|-ability|p2a: Calyrex|Unnerve\n|-fieldstart|move: Electric Terrain|[from] ability: Hadron Engine|[of] p1b: Miraidon\n|-enditem|p1a: Grafaiai|Electric Seed\n|-boost|p1a: Grafaiai|def|1|[from] item: Electric Seed\n|-fieldstart|move: Grassy Terrain|[from] ability: Grassy Surge|[of] p2b: Rillaboom\n|turn|1\n|\n|t:|1721891205\n|switch|p1b: Chi-Yu|Chi-Yu, L50|100\/100\n|-ability|p1b: Chi-Yu|Beads of Ruin\n|move|p1a: Grafaiai|Acid Spray|p2b: Rillaboom\n|-supereffective|p2b: Rillaboom\n|-damage|p2b: Rillaboom|73\/100\n|-unboost|p2b: Rillaboom|spd|2\n|move|p2b: Rillaboom|U-turn|p1a: Grafaiai\n|-resisted|p1a: Grafaiai\n|-damage|p1a: Grafaiai|89\/100\n|\n|t:|1721891220\n|switch|p2b: Incineroar|Incineroar, L50, M|100\/100|[from] U-turn\n|-ability|p2b: Incineroar|Intimidate|boost\n|-unboost|p1a: Grafaiai|atk|1\n|-unboost|p1b: Chi-Yu|atk|1\n|move|p2a: Calyrex|Glacial Lance|p1b: Chi-Yu|[spread] p1a,p1b\n|-resisted|p1b: Chi-Yu\n|-damage|p1a: Grafaiai|36\/100\n|-damage|p1b: Chi-Yu|52\/100\n|\n|-heal|p1a: Grafaiai|42\/100|[from] Grassy Terrain\n|-heal|p1b: Chi-Yu|59\/100|[from] Grassy Terrain\n|upkeep\n|turn|2\n|\n|t:|1721891241\n|move|p2a: Calyrex|Protect|p2a: Calyrex\n|-singleturn|p2a: Calyrex|Protect\n|move|p1a: Grafaiai|Foul Play|p2a: Calyrex\n|-activate|p2a: Calyrex|move: Protect\n|move|p1b: Chi-Yu|Heat Wave|p2b: Incineroar|[spread] p2b\n|-activate|p2a: Calyrex|move: Protect\n|-resisted|p2b: Incineroar\n|-damage|p2b: Incineroar|79\/100\n|move|p2b: Incineroar|Parting Shot|p1b: Chi-Yu\n|-unboost|p1b: Chi-Yu|atk|1\n|-unboost|p1b: Chi-Yu|spa|1\n|\n|t:|1721891256\n|switch|p2b: Raging Bolt|Raging Bolt, L50|100\/100|[from] Parting Shot\n|-enditem|p2b: Raging Bolt|Booster Energy\n|-activate|p2b: Raging Bolt|ability: Protosynthesis|[fromitem]\n|-start|p2b: Raging Bolt|protosynthesisspa\n|\n|-heal|p1a: Grafaiai|48\/100|[from] Grassy Terrain\n|-heal|p1b: Chi-Yu|65\/100|[from] Grassy Terrain\n|upkeep\n|turn|3\n|\n|t:|1721891272\n|move|p2b: Raging Bolt|Thunderclap|p1a: Grafaiai\n|-damage|p1a: Grafaiai|0 fnt\n|faint|p1a: Grafaiai\n|move|p1b: Chi-Yu|Heat Wave|p2b: Raging Bolt|[spread] p2a,p2b\n|-supereffective|p2a: Calyrex\n|-resisted|p2b: Raging Bolt\n|-damage|p2a: Calyrex|53\/100\n|-damage|p2b: Raging Bolt|85\/100\n|move|p2a: Calyrex|Trick Room|p2a: Calyrex\n|-fieldstart|move: Trick Room|[of] p2a: Calyrex\n|\n|-heal|p2a: Calyrex|59\/100|[from] Grassy Terrain\n|-heal|p2b: Raging Bolt|91\/100|[from] Grassy Terrain\n|-heal|p1b: Chi-Yu|71\/100|[from] Grassy Terrain\n|upkeep\n|\n|t:|1721891278\n|switch|p1a: Iron Hands|Iron Hands, L50|100\/100\n|turn|4\n|\n|t:|1721891298\n|-end|p2b: Raging Bolt|Protosynthesis|[silent]\n|switch|p2b: Incineroar|Incineroar, L50, M|79\/100\n|-ability|p2b: Incineroar|Intimidate|boost\n|-unboost|p1a: Iron Hands|atk|1\n|-unboost|p1b: Chi-Yu|atk|1\n|switch|p1b: Miraidon|Miraidon, L50|100\/100\n|-fieldstart|move: Electric Terrain|[from] ability: Hadron Engine|[of] p1b: Miraidon\n|-activate|p1a: Iron Hands|ability: Quark Drive\n|-start|p1a: Iron Hands|quarkdriveatk\n|-terastallize|p1a: Iron Hands|Fire\n|move|p2a: Calyrex|Protect|p2a: Calyrex\n|-singleturn|p2a: Calyrex|Protect\n|move|p1a: Iron Hands|Drain Punch|p2b: Incineroar\n|-supereffective|p2b: Incineroar\n|-damage|p2b: Incineroar|13\/100\n|\n|upkeep\n|turn|5\n|j| bluestraggler03\n|inactive|Read Book has 30 seconds left.\n|\n|t:|1721891330\n|switch|p1b: Chi-Yu|Chi-Yu, L50|71\/100\n|-ability|p1b: Chi-Yu|Beads of Ruin\n|move|p2b: Incineroar|Fake Out|p1a: Iron Hands\n|-damage|p1a: Iron Hands|93\/100\n|cant|p1a: Iron Hands|flinch\n|move|p2a: Calyrex|Glacial Lance|p1a: Iron Hands|[spread] p1a,p1b\n|-resisted|p1a: Iron Hands\n|-resisted|p1b: Chi-Yu\n|-damage|p1a: Iron Hands|71\/100\n|-damage|p1b: Chi-Yu|24\/100\n|\n|upkeep\n|turn|6\n|\n|t:|1721891348\n|move|p2a: Calyrex|Protect|p2a: Calyrex\n|-singleturn|p2a: Calyrex|Protect\n|move|p1a: Iron Hands|Drain Punch|p2a: Calyrex\n|-activate|p2a: Calyrex|move: Protect\n|move|p2b: Incineroar|Parting Shot|p1a: Iron Hands\n|-unboost|p1a: Iron Hands|atk|1\n|-unboost|p1a: Iron Hands|spa|1\n|\n|t:|1721891364\n|switch|p2b: Raging Bolt|Raging Bolt, L50|91\/100|[from] Parting Shot\n|move|p1b: Chi-Yu|Dark Pulse|p2a: Calyrex\n|-activate|p2a: Calyrex|move: Protect\n|\n|upkeep\n|turn|7\n|\n|t:|1721891382\n|move|p1a: Iron Hands|Drain Punch|p2a: Calyrex\n|-damage|p2a: Calyrex|40\/100\n|-heal|p1a: Iron Hands|80\/100|[from] drain|[of] p2a: Calyrex\n|move|p2a: Calyrex|Glacial Lance|p1b: Chi-Yu|[spread] p1a,p1b\n|-resisted|p1a: Iron Hands\n|-resisted|p1b: Chi-Yu\n|-damage|p1a: Iron Hands|60\/100\n|-damage|p1b: Chi-Yu|0 fnt\n|faint|p1b: Chi-Yu\n|-ability|p2a: Calyrex|Chilling Neigh|boost\n|-boost|p2a: Calyrex|atk|1\n|move|p2b: Raging Bolt|Thunderbolt|p1a: Iron Hands\n|-damage|p1a: Iron Hands|24\/100\n|\n|-fieldend|move: Trick Room\n|upkeep\n|j| toch85000\n|\n|t:|1721891387\n|switch|p1b: Miraidon|Miraidon, L50|100\/100\n|-activate|p1b: Miraidon|ability: Hadron Engine\n|turn|8\n|\n|t:|1721891410\n|move|p1b: Miraidon|Draco Meteor|p2b: Raging Bolt\n|-supereffective|p2b: Raging Bolt\n|-damage|p2b: Raging Bolt|0 fnt\n|-unboost|p1b: Miraidon|spa|2\n|faint|p2b: Raging Bolt\n|-end|p2b: Raging Bolt|Protosynthesis|[silent]\n|move|p2a: Calyrex|Glacial Lance|p1a: Iron Hands|[spread] p1a,p1b\n|-resisted|p1a: Iron Hands\n|-supereffective|p1b: Miraidon\n|-damage|p1a: Iron Hands|0 fnt\n|-damage|p1b: Miraidon|0 fnt\n|faint|p1a: Iron Hands\n|-end|p1a: Iron Hands|Quark Drive|[silent]\n|faint|p1b: Miraidon\n|\n|win|Read Book\n|raw|Joe Sheboygan's rating: 1699 &rarr; <strong>1678<\/strong><br \/>(-21 for losing)\n|raw|Read Book's rating: 1677 &rarr; <strong>1698<\/strong><br \/>(+21 for winning)\n|l|\u2606Joe Sheboygan\n|player|p1|\n|l|\u2606Read Book\n|player|p2|\n|l| toch85000\n","uploadtime":1721891545,"views":8,"formatid":"gen9vgc2024regg","rating":1678,"private":0,"password":null}