{"id":"gen9vgc2024regg-2167393469","format":"[Gen 9] VGC 2024 Reg G","players":["AZUNA_Fan","koji muranishi"],"log":"|j|\u2606AZUNA_Fan\n|j|\u2606koji muranishi\n|t:|1721937697\n|gametype|doubles\n|player|p1|AZUNA_Fan|dawn-gen4pt|1662\n|player|p2|koji muranishi|170|1795\n|teamsize|p1|6\n|teamsize|p2|6\n|gen|9\n|tier|[Gen 9] VGC 2024 Reg G\n|rated|\n|rule|Species Clause: Limit one of each Pok\u00e9mon\n|rule|Item Clause: Limit one of each item\n|clearpoke\n|poke|p1|Calyrex-Shadow, L50|\n|poke|p1|Urshifu-*, L50, M|\n|poke|p1|Indeedee-F, L50, F|\n|poke|p1|Maushold, L50|\n|poke|p1|Dondozo, L50, F|\n|poke|p1|Tatsugiri, L50, F|\n|poke|p2|Calyrex-Ice, L50|\n|poke|p2|Ting-Lu, L50|\n|poke|p2|Entei, L50|\n|poke|p2|Whimsicott, L50, F|\n|poke|p2|Urshifu-*, L50, M|\n|poke|p2|Raging Bolt, L50|\n|teampreview|4\n|inactive|Battle timer is ON: inactive players will automatically lose when time's up. (requested by AZUNA_Fan)\n|\n|t:|1721937710\n|start\n|switch|p1a: Calyrex|Calyrex-Shadow, L50|100\/100\n|switch|p1b: Maushold|Maushold, L50|100\/100\n|switch|p2a: Whimsicott|Whimsicott, L50, F|100\/100\n|switch|p2b: Calyrex|Calyrex-Ice, L50|100\/100\n|-ability|p1a: Calyrex|As One\n|-ability|p1a: Calyrex|Unnerve\n|-ability|p2b: Calyrex|As One\n|-ability|p2b: Calyrex|Unnerve\n|turn|1\n|\n|t:|1721937727\n|-terastallize|p2b: Calyrex|Ice\n|move|p1b: Maushold|Helping Hand|p1a: Calyrex\n|-singleturn|p1a: Calyrex|Helping Hand|[of] p1b: Maushold\n|move|p2a: Whimsicott|Tailwind|p2a: Whimsicott\n|-sidestart|p2: koji muranishi|move: Tailwind\n|move|p2b: Calyrex|Glacial Lance|p1a: Calyrex|[spread] p1a,p1b\n|-damage|p1a: Calyrex|23\/100\n|-damage|p1b: Maushold|0 fnt\n|faint|p1b: Maushold\n|-ability|p2b: Calyrex|Chilling Neigh|boost\n|-boost|p2b: Calyrex|atk|1\n|move|p1a: Calyrex|Astral Barrage|p2a: Whimsicott|[spread] p2a,p2b\n|-enditem|p2a: Whimsicott|Focus Sash\n|-damage|p2a: Whimsicott|1\/100\n|-damage|p2b: Calyrex|12\/100\n|\n|upkeep\n|\n|t:|1721937742\n|switch|p1b: Dondozo|Dondozo, L50, F|100\/100\n|turn|2\n|\n|t:|1721937763\n|switch|p1a: Tatsugiri|Tatsugiri, L50, F|100\/100\n|-activate|p1a: Tatsugiri|ability: Commander|[of] p1b: Dondozo\n|-boost|p1b: Dondozo|atk|2\n|-boost|p1b: Dondozo|spa|2\n|-boost|p1b: Dondozo|spe|2\n|-boost|p1b: Dondozo|def|2\n|-boost|p1b: Dondozo|spd|2\n|move|p2a: Whimsicott|Protect|p2a: Whimsicott\n|-singleturn|p2a: Whimsicott|Protect\n|move|p2b: Calyrex|Glacial Lance|p1b: Dondozo|[spread] p1b\n|-miss|p2b: Calyrex|p1a: Tatsugiri\n|-resisted|p1b: Dondozo\n|-damage|p1b: Dondozo|80\/100\n|move|p1b: Dondozo|Order Up|p2b: Calyrex\n|-damage|p2b: Calyrex|0 fnt\n|faint|p2b: Calyrex\n|-boost|p1b: Dondozo|atk|1\n|\n|upkeep\n|\n|t:|1721937784\n|switch|p2b: Raging Bolt|Raging Bolt, L50|100\/100\n|turn|3\n|\n|t:|1721937793\n|move|p2b: Raging Bolt|Protect|p2b: Raging Bolt\n|-singleturn|p2b: Raging Bolt|Protect\n|move|p2a: Whimsicott|Moonblast|p1b: Dondozo\n|-damage|p1b: Dondozo|64\/100\n|move|p1b: Dondozo|Earthquake|p2a: Whimsicott|[spread] p2a\n|-miss|p1b: Dondozo|p1a: Tatsugiri\n|-activate|p2b: Raging Bolt|move: Protect\n|-resisted|p2a: Whimsicott\n|-crit|p2a: Whimsicott\n|-damage|p2a: Whimsicott|0 fnt\n|faint|p2a: Whimsicott\n|\n|upkeep\n|\n|t:|1721937807\n|switch|p2a: Entei|Entei, L50|100\/100\n|turn|4\n|\n|t:|1721937817\n|move|p1b: Dondozo|Protect|p1b: Dondozo\n|-singleturn|p1b: Dondozo|Protect\n|move|p2a: Entei|Sacred Fire|p1b: Dondozo\n|-activate|p1b: Dondozo|move: Protect\n|move|p2b: Raging Bolt|Thunderbolt|p1b: Dondozo\n|-activate|p1b: Dondozo|move: Protect\n|\n|-sideend|p2: koji muranishi|move: Tailwind\n|upkeep\n|turn|5\n|\n|t:|1721937833\n|-terastallize|p1b: Dondozo|Grass\n|move|p2b: Raging Bolt|Thunderclap|p1b: Dondozo\n|-resisted|p1b: Dondozo\n|-damage|p1b: Dondozo|54\/100\n|-damage|p2b: Raging Bolt|91\/100|[from] item: Life Orb\n|move|p2a: Entei|Sacred Fire|p1b: Dondozo\n|-supereffective|p1b: Dondozo\n|-damage|p1b: Dondozo|18\/100\n|move|p1b: Dondozo|Earthquake|p2a: Entei|[spread] p2a,p2b\n|-miss|p1b: Dondozo|p1a: Tatsugiri\n|-supereffective|p2a: Entei\n|-supereffective|p2b: Raging Bolt\n|-damage|p2a: Entei|2\/100\n|-damage|p2b: Raging Bolt|8\/100\n|\n|upkeep\n|turn|6\n|\n|t:|1721937854\n|move|p2a: Entei|Sacred Fire|p1b: Dondozo\n|-supereffective|p1b: Dondozo\n|-damage|p1b: Dondozo|0 fnt\n|faint|p1b: Dondozo\n|move|p2b: Raging Bolt|Draco Meteor|p1a: Tatsugiri\n|-supereffective|p1a: Tatsugiri\n|-enditem|p1a: Tatsugiri|Focus Sash\n|-damage|p1a: Tatsugiri|1\/100\n|-unboost|p2b: Raging Bolt|spa|2\n|-damage|p2b: Raging Bolt|0 fnt|[from] item: Life Orb\n|faint|p2b: Raging Bolt\n|-end|p2b: Raging Bolt|Protosynthesis|[silent]\n|\n|upkeep\n|\n|t:|1721937866\n|switch|p1b: Calyrex|Calyrex-Shadow, L50|23\/100\n|-ability|p1b: Calyrex|As One\n|-ability|p1b: Calyrex|Unnerve\n|turn|7\n|\n|t:|1721937876\n|move|p2a: Entei|Sacred Fire|p1b: Calyrex\n|-damage|p1b: Calyrex|0 fnt\n|faint|p1b: Calyrex\n|move|p1a: Tatsugiri|Draco Meteor|p2a: Entei\n|-damage|p2a: Entei|0 fnt\n|-unboost|p1a: Tatsugiri|spa|2\n|faint|p2a: Entei\n|\n|win|AZUNA_Fan\n|raw|AZUNA_Fan's rating: 1662 &rarr; <strong>1689<\/strong><br \/>(+27 for winning)\n|raw|koji muranishi's rating: 1795 &rarr; <strong>1768<\/strong><br \/>(-27 for losing)\n|l|\u2606koji muranishi\n|player|p2|\n|l|\u2606AZUNA_Fan\n|player|p1|\n","uploadtime":1721938062,"views":15,"formatid":"gen9vgc2024regg","rating":1689,"private":0,"password":null}