{"id":"gen9vgc2024regg-2167043736","format":"[Gen 9] VGC 2024 Reg G","players":["GOSZYR","AsukaHikaru"],"log":"|j|\u2606GOSZYR\n|j|\u2606AsukaHikaru\n|t:|1721887687\n|gametype|doubles\n|player|p1|GOSZYR|crasherwake|1714\n|player|p2|AsukaHikaru|volkner|1734\n|teamsize|p1|6\n|teamsize|p2|6\n|gen|9\n|tier|[Gen 9] VGC 2024 Reg G\n|rated|\n|rule|Species Clause: Limit one of each Pok\u00e9mon\n|rule|Item Clause: Limit one of each item\n|clearpoke\n|poke|p1|Kyogre, L50|\n|poke|p1|Archaludon, L50, M|\n|poke|p1|Electabuzz, L50, F|\n|poke|p1|Rillaboom, L50, M|\n|poke|p1|Tsareena, L50, F|\n|poke|p1|Tornadus, L50, M|\n|poke|p2|Weezing-Galar, L50, M|\n|poke|p2|Dondozo, L50, F|\n|poke|p2|Calyrex-Shadow, L50|\n|poke|p2|Maushold-Four, L50|\n|poke|p2|Tatsugiri, L50, F|\n|poke|p2|Mienshao, L50, F|\n|teampreview|4\n|j| mana33\n|\n|t:|1721887736\n|start\n|switch|p1a: Kyogre|Kyogre, L50|100\/100\n|switch|p1b: Tornadus|Tornadus, L50, M|100\/100\n|switch|p2a: Mienshao|Mienshao, L50, F|100\/100\n|switch|p2b: Calyrex|Calyrex-Shadow, L50|100\/100\n|-ability|p2b: Calyrex|As One\n|-ability|p2b: Calyrex|Unnerve\n|-weather|RainDance|[from] ability: Drizzle|[of] p1a: Kyogre\n|turn|1\n|\n|t:|1721887745\n|move|p2a: Mienshao|Wide Guard|p2a: Mienshao\n|-singleturn|p2a: Mienshao|Wide Guard\n|move|p1b: Tornadus|Tailwind|p1b: Tornadus\n|-sidestart|p1: GOSZYR|move: Tailwind\n|move|p1a: Kyogre|Hydro Pump|p2b: Calyrex|[miss]\n|-miss|p1a: Kyogre|p2b: Calyrex\n|move|p2b: Calyrex|Astral Barrage|p1b: Tornadus|[spread] p1a,p1b\n|-damage|p1a: Kyogre|39\/100\n|-enditem|p1b: Tornadus|Focus Sash\n|-damage|p1b: Tornadus|1\/100\n|\n|-weather|RainDance|[upkeep]\n|upkeep\n|turn|2\n|\n|t:|1721887763\n|move|p2a: Mienshao|Feint|p1b: Tornadus\n|-damage|p1b: Tornadus|0 fnt\n|faint|p1b: Tornadus\n|move|p1a: Kyogre|Hydro Pump|p2b: Calyrex\n|-crit|p2b: Calyrex\n|-damage|p2b: Calyrex|0 fnt\n|faint|p2b: Calyrex\n|\n|-weather|RainDance|[upkeep]\n|upkeep\n|\n|t:|1721887773\n|switch|p2b: Dondozo|Dondozo, L50, F|100\/100\n|switch|p1b: Electabuzz|Electabuzz, L50, F|100\/100\n|turn|3\n|\n|t:|1721887791\n|switch|p1a: Archaludon|Archaludon, L50, M|100\/100\n|move|p1b: Electabuzz|Thunder|p2b: Dondozo\n|-supereffective|p2b: Dondozo\n|-damage|p2b: Dondozo|34\/100\n|-status|p2b: Dondozo|par\n|move|p2a: Mienshao|Close Combat|p1a: Archaludon\n|-supereffective|p1a: Archaludon\n|-damage|p1a: Archaludon|11\/100\n|-unboost|p2a: Mienshao|def|1\n|-unboost|p2a: Mienshao|spd|1\n|move|p2b: Dondozo|Wave Crash|p1b: Electabuzz\n|-damage|p1b: Electabuzz|34\/100\n|-damage|p2b: Dondozo|17\/100 par|[from] Recoil\n|\n|-weather|RainDance|[upkeep]\n|-heal|p2b: Dondozo|24\/100 par|[from] item: Leftovers\n|upkeep\n|turn|4\n|\n|t:|1721887820\n|switch|p2a: Tatsugiri|Tatsugiri, L50, F|100\/100\n|-activate|p2a: Tatsugiri|ability: Commander|[of] p2b: Dondozo\n|-boost|p2b: Dondozo|atk|2\n|-boost|p2b: Dondozo|spa|2\n|-boost|p2b: Dondozo|spe|2\n|-boost|p2b: Dondozo|def|2\n|-boost|p2b: Dondozo|spd|2\n|move|p2b: Dondozo|Protect|p2b: Dondozo\n|-singleturn|p2b: Dondozo|Protect\n|move|p1a: Archaludon|Electro Shot||[still]\n|-prepare|p1a: Archaludon|Electro Shot\n|-boost|p1a: Archaludon|spa|1\n|-anim|p1a: Archaludon|Electro Shot|p2b: Dondozo\n|-activate|p2b: Dondozo|move: Protect\n|move|p1b: Electabuzz|Thunder|p2a: Tatsugiri|[miss]\n|-miss|p1b: Electabuzz|p2a: Tatsugiri\n|\n|-weather|RainDance|[upkeep]\n|-heal|p2b: Dondozo|30\/100 par|[from] item: Leftovers\n|-sideend|p1: GOSZYR|move: Tailwind\n|upkeep\n|turn|5\n|\n|t:|1721887851\n|-terastallize|p2b: Dondozo|Grass\n|move|p1a: Archaludon|Electro Shot||[still]\n|-prepare|p1a: Archaludon|Electro Shot\n|-boost|p1a: Archaludon|spa|1\n|-anim|p1a: Archaludon|Electro Shot|p2b: Dondozo\n|-resisted|p2b: Dondozo\n|-damage|p2b: Dondozo|18\/100 par\n|move|p1b: Electabuzz|Thunder|p2b: Dondozo\n|-resisted|p2b: Dondozo\n|-damage|p2b: Dondozo|9\/100 par\n|move|p2b: Dondozo|Earthquake|p1a: Archaludon|[spread] p1a,p1b\n|-miss|p2b: Dondozo|p2a: Tatsugiri\n|-supereffective|p1a: Archaludon\n|-supereffective|p1b: Electabuzz\n|-damage|p1a: Archaludon|0 fnt\n|-damage|p1b: Electabuzz|0 fnt\n|faint|p1a: Archaludon\n|faint|p1b: Electabuzz\n|\n|-weather|none\n|-heal|p2b: Dondozo|16\/100 par|[from] item: Leftovers\n|upkeep\n|\n|t:|1721887869\n|switch|p1b: Kyogre|Kyogre, L50|39\/100\n|-weather|RainDance|[from] ability: Drizzle|[of] p1b: Kyogre\n|turn|6\n|\n|t:|1721887875\n|-terastallize|p1b: Kyogre|Water\n|move|p1b: Kyogre|Origin Pulse|p2a: Tatsugiri|[spread] p2b\n|-miss|p1b: Kyogre|p2a: Tatsugiri\n|-resisted|p2b: Dondozo\n|-damage|p2b: Dondozo|0 fnt\n|faint|p2b: Dondozo\n|\n|-weather|RainDance|[upkeep]\n|upkeep\n|\n|t:|1721887881\n|switch|p2b: Mienshao|Mienshao, L50, F|100\/100\n|turn|7\n|\n|t:|1721887886\n|move|p2b: Mienshao|Fake Out|p1b: Kyogre\n|-damage|p1b: Kyogre|24\/100\n|cant|p1b: Kyogre|flinch\n|move|p2a: Tatsugiri|Draco Meteor|p1b: Kyogre\n|-damage|p1b: Kyogre|0 fnt\n|-unboost|p2a: Tatsugiri|spa|2\n|faint|p1b: Kyogre\n|\n|win|AsukaHikaru\n|raw|GOSZYR's rating: 1714 &rarr; <strong>1695<\/strong><br \/>(-19 for losing)\n|raw|AsukaHikaru's rating: 1734 &rarr; <strong>1753<\/strong><br \/>(+19 for winning)\n|l| mana33\n|l|\u2606AsukaHikaru\n|player|p2|\n|l|\u2606GOSZYR\n|player|p1|\n","uploadtime":1721888130,"views":20,"formatid":"gen9vgc2024regg","rating":1695,"private":0,"password":null}