{"id":"gen9vgc2024regg-2167686183","format":"[Gen 9] VGC 2024 Reg G","players":["rongyin2","Nagatoro401"],"log":"|j|\u2606rongyin2\n|j|\u2606Nagatoro401\n|t:|1721980419\n|gametype|doubles\n|player|p1|rongyin2|dawn|1696\n|player|p2|Nagatoro401|iris|1709\n|teamsize|p1|6\n|teamsize|p2|6\n|gen|9\n|tier|[Gen 9] VGC 2024 Reg G\n|rated|\n|rule|Species Clause: Limit one of each Pok\u00e9mon\n|rule|Item Clause: Limit one of each item\n|clearpoke\n|poke|p1|Calyrex-Shadow, L50|\n|poke|p1|Regigigas, L50|\n|poke|p1|Iron Hands, L50|\n|poke|p1|Amoonguss, L50, F|\n|poke|p1|Weezing-Galar, L50, M|\n|poke|p1|Whimsicott, L50, F|\n|poke|p2|Ting-Lu, L50|\n|poke|p2|Dondozo, L50, M|\n|poke|p2|Rillaboom, L50, F|\n|poke|p2|Grimmsnarl, L50, M|\n|poke|p2|Abomasnow, L50, F|\n|poke|p2|Calyrex-Shadow, L50|\n|teampreview|4\n|inactive|Battle timer is ON: inactive players will automatically lose when time's up. (requested by rongyin2)\n|\n|t:|1721980459\n|start\n|switch|p1a: Regigigas|Regigigas, L50|100\/100\n|switch|p1b: Weezing|Weezing-Galar, L50, M|100\/100\n|switch|p2a: Calyrex|Calyrex-Shadow, L50|100\/100\n|switch|p2b: Ting-Lu|Ting-Lu, L50|100\/100\n|-ability|p2a: Calyrex|As One\n|-ability|p2a: Calyrex|Unnerve\n|-ability|p1b: Weezing|Neutralizing Gas\n|turn|1\n|\n|t:|1721980475\n|move|p1b: Weezing|Protect|p1b: Weezing\n|-singleturn|p1b: Weezing|Protect\n|move|p2a: Calyrex|Psychic|p1b: Weezing\n|-activate|p1b: Weezing|move: Protect\n|move|p1a: Regigigas|Knock Off|p2a: Calyrex\n|-supereffective|p2a: Calyrex\n|-damage|p2a: Calyrex|0 fnt\n|-enditem|p2a: Calyrex|Choice Specs|[from] move: Knock Off|[of] p1a: Regigigas\n|faint|p2a: Calyrex\n|move|p2b: Ting-Lu|Fissure|p1a: Regigigas|[miss]\n|-miss|p2b: Ting-Lu|p1a: Regigigas\n|\n|upkeep\n|\n|t:|1721980488\n|switch|p2a: Abomasnow|Abomasnow, L50, F|100\/100\n|turn|2\n|\n|t:|1721980502\n|move|p1a: Regigigas|Knock Off|p2b: Ting-Lu\n|-resisted|p2b: Ting-Lu\n|-damage|p2b: Ting-Lu|91\/100\n|-enditem|p2b: Ting-Lu|Sitrus Berry|[from] move: Knock Off|[of] p1a: Regigigas\n|move|p2a: Abomasnow|Sheer Cold|p1a: Regigigas|[miss]\n|-miss|p2a: Abomasnow|p1a: Regigigas\n|move|p1b: Weezing|Sludge Bomb|p2b: Ting-Lu\n|-resisted|p2b: Ting-Lu\n|-damage|p2b: Ting-Lu|84\/100\n|move|p2b: Ting-Lu|Fissure|p1b: Weezing|[miss]\n|-miss|p2b: Ting-Lu|p1b: Weezing\n|\n|upkeep\n|turn|3\n|inactive|rongyin2 has 30 seconds left.\n|\n|t:|1721980530\n|move|p1a: Regigigas|Body Slam|p2a: Abomasnow\n|-damage|p2a: Abomasnow|35\/100\n|-status|p2a: Abomasnow|par\n|move|p1b: Weezing|Sludge Bomb|p2a: Abomasnow\n|-supereffective|p2a: Abomasnow\n|-damage|p2a: Abomasnow|0 fnt\n|faint|p2a: Abomasnow\n|move|p2b: Ting-Lu|Fissure|p1a: Regigigas\n|-damage|p1a: Regigigas|0 fnt\n|faint|p1a: Regigigas\n|-end|p1a: Regigigas|Slow Start|[silent]\n|-ohko\n|\n|upkeep\n|\n|t:|1721980546\n|switch|p1a: Iron Hands|Iron Hands, L50|100\/100\n|switch|p2a: Rillaboom|Rillaboom, L50, F|100\/100\n|turn|4\n|\n|t:|1721980557\n|move|p2a: Rillaboom|Fake Out|p1a: Iron Hands\n|-damage|p1a: Iron Hands|92\/100\n|cant|p1a: Iron Hands|flinch\n|move|p1b: Weezing|Sludge Bomb|p2a: Rillaboom\n|-supereffective|p2a: Rillaboom\n|-damage|p2a: Rillaboom|71\/100\n|move|p2b: Ting-Lu|Fissure|p1b: Weezing|[miss]\n|-miss|p2b: Ting-Lu|p1b: Weezing\n|\n|upkeep\n|turn|5\n|j| rabbithorn01\n|\n|t:|1721980576\n|-terastallize|p2b: Ting-Lu|Grass\n|move|p2a: Rillaboom|Wood Hammer|p1a: Iron Hands\n|-damage|p1a: Iron Hands|56\/100\n|-damage|p2a: Rillaboom|56\/100|[from] Recoil\n|move|p1b: Weezing|Sludge Bomb|p2a: Rillaboom\n|-supereffective|p2a: Rillaboom\n|-damage|p2a: Rillaboom|30\/100\n|move|p1a: Iron Hands|Drain Punch|p2b: Ting-Lu\n|-damage|p2b: Ting-Lu|62\/100\n|-heal|p1a: Iron Hands|68\/100|[from] drain|[of] p2b: Ting-Lu\n|move|p2b: Ting-Lu|Fissure|p1b: Weezing|[miss]\n|-miss|p2b: Ting-Lu|p1b: Weezing\n|\n|upkeep\n|turn|6\n|-message|Nagatoro401 forfeited.\n|\n|win|rongyin2\n|raw|rongyin2's rating: 1696 &rarr; <strong>1717<\/strong><br \/>(+21 for winning)\n|raw|Nagatoro401's rating: 1709 &rarr; <strong>1688<\/strong><br \/>(-21 for losing)\n|l|\u2606Nagatoro401\n|player|p2|\n","uploadtime":1721980667,"views":13,"formatid":"gen9vgc2024regg","rating":1688,"private":0,"password":null}