{"id":"gen9vgc2024regg-2167639359","format":"[Gen 9] VGC 2024 Reg G","players":["auraen","Bbqsus"],"log":"|j|\u2606auraen\n|j|\u2606Bbqsus\n|t:|1721971007\n|gametype|doubles\n|player|p1|auraen|harlequin|1772\n|player|p2|Bbqsus|266|1733\n|teamsize|p1|6\n|teamsize|p2|6\n|gen|9\n|tier|[Gen 9] VGC 2024 Reg G\n|rated|\n|rule|Species Clause: Limit one of each Pok\u00e9mon\n|rule|Item Clause: Limit one of each item\n|clearpoke\n|poke|p1|Terapagos, L50, M|\n|poke|p1|Munkidori, L50, M|\n|poke|p1|Incineroar, L50, M|\n|poke|p1|Sinistcha, L50|\n|poke|p1|Basculegion, L50, M|\n|poke|p1|Flamigo, L50, M|\n|poke|p2|Lunala, L50|\n|poke|p2|Hatterene, L50, F|\n|poke|p2|Indeedee-F, L50, F|\n|poke|p2|Torkoal, L50, M|\n|poke|p2|Comfey, L50, F|\n|poke|p2|Ursaluna, L50, F|\n|teampreview|4\n|inactive|Battle timer is ON: inactive players will automatically lose when time's up. (requested by Bbqsus)\n|\n|t:|1721971029\n|start\n|switch|p1a: Basculegion|Basculegion, L50, M|100\/100\n|switch|p1b: Terapagos|Terapagos, L50, M|100\/100\n|switch|p2a: Im da jokah baby|Lunala, L50, shiny|100\/100\n|switch|p2b: Indeedee-pronoun|Indeedee-F, L50, F, shiny|100\/100\n|-activate|p1b: Terapagos|ability: Tera Shift\n|detailschange|p1b: Terapagos|Terapagos-Terastal, L50, M\n|-heal|p1b: Terapagos|100\/100|[silent]\n|-fieldstart|move: Psychic Terrain|[from] ability: Psychic Surge|[of] p2b: Indeedee-pronoun\n|turn|1\n|inactive|Bbqsus has 30 seconds left.\n|inactive|Bbqsus has 20 seconds left.\n|inactive|Bbqsus has 15 seconds left.\n|\n|t:|1721971073\n|switch|p2b: Bigbluehouse|Ursaluna, L50, F, shiny|100\/100\n|-terastallize|p2a: Im da jokah baby|Normal\n|move|p1a: Basculegion|Flip Turn|p2a: Im da jokah baby\n|-damage|p2a: Im da jokah baby|87\/100\n|\n|t:|1721971080\n|switch|p1a: Incineroar|Incineroar, L50, M|100\/100|[from] Flip Turn\n|-ability|p1a: Incineroar|Intimidate|boost\n|-unboost|p2a: Im da jokah baby|atk|1\n|-unboost|p2b: Bigbluehouse|atk|1\n|move|p1b: Terapagos|Dark Pulse|p2a: Im da jokah baby\n|-damage|p2a: Im da jokah baby|59\/100\n|move|p2a: Im da jokah baby|Moongeist Beam|p1a: Incineroar\n|-resisted|p1a: Incineroar\n|-damage|p1a: Incineroar|73\/100\n|\n|-status|p2b: Bigbluehouse|brn|[from] item: Flame Orb\n|upkeep\n|turn|2\n|\n|t:|1721971099\n|-terastallize|p1b: Terapagos|Stellar\n|detailschange|p1b: Terapagos|Terapagos-Stellar, L50, M, tera:Stellar\n|-heal|p1b: Terapagos|100\/100|[silent]\n|-ability|p1b: Terapagos|Teraform Zero\n|-fieldend|move: Psychic Terrain\n|move|p2b: Bigbluehouse|Protect|p2b: Bigbluehouse\n|-singleturn|p2b: Bigbluehouse|Protect\n|move|p1a: Incineroar|Fake Out|p2a: Im da jokah baby\n|-damage|p2a: Im da jokah baby|52\/100\n|move|p1b: Terapagos|Dark Pulse|p2a: Im da jokah baby\n|-damage|p2a: Im da jokah baby|14\/100\n|cant|p2a: Im da jokah baby|flinch\n|\n|-damage|p2b: Bigbluehouse|95\/100 brn|[from] brn\n|upkeep\n|turn|3\n|j| rabbithorn01\n|inactive|Bbqsus has 30 seconds left.\n|\n|t:|1721971131\n|switch|p1a: Basculegion|Basculegion, L50, M|100\/100\n|move|p1b: Terapagos|Dark Pulse|p2a: Im da jokah baby\n|-damage|p2a: Im da jokah baby|0 fnt\n|faint|p2a: Im da jokah baby\n|move|p2b: Bigbluehouse|Facade|p1b: Terapagos\n|-damage|p1b: Terapagos|52\/100\n|\n|-damage|p2b: Bigbluehouse|89\/100 brn|[from] brn\n|upkeep\n|\n|t:|1721971147\n|switch|p2a: Krakatoa|Torkoal, L50, M, shiny|100\/100\n|-weather|SunnyDay|[from] ability: Drought|[of] p2a: Krakatoa\n|turn|4\n|\n|t:|1721971157\n|switch|p2b: Indeedee-pronoun|Indeedee-F, L50, F, shiny|100\/100\n|-fieldstart|move: Psychic Terrain|[from] ability: Psychic Surge|[of] p2b: Indeedee-pronoun\n|move|p1a: Basculegion|Flip Turn|p2b: Indeedee-pronoun\n|-damage|p2b: Indeedee-pronoun|77\/100\n|\n|t:|1721971160\n|switch|p1a: Incineroar|Incineroar, L50, M|73\/100|[from] Flip Turn\n|-ability|p1a: Incineroar|Intimidate|boost\n|-unboost|p2a: Krakatoa|atk|1\n|-unboost|p2b: Indeedee-pronoun|atk|1\n|move|p1b: Terapagos|Dark Pulse|p2a: Krakatoa\n|-damage|p2a: Krakatoa|30\/100\n|move|p2a: Krakatoa|Eruption|p1b: Terapagos|[spread] p1a,p1b\n|-resisted|p1a: Incineroar\n|-damage|p1a: Incineroar|62\/100\n|-damage|p1b: Terapagos|37\/100\n|\n|-weather|SunnyDay|[upkeep]\n|upkeep\n|turn|5\n|\n|t:|1721971181\n|switch|p2b: Bigbluehouse|Ursaluna, L50, F, shiny|89\/100 brn\n|move|p2a: Krakatoa|Protect|p2a: Krakatoa\n|-singleturn|p2a: Krakatoa|Protect\n|move|p1b: Terapagos|Dark Pulse|p2b: Bigbluehouse\n|-crit|p2b: Bigbluehouse\n|-damage|p2b: Bigbluehouse|15\/100 brn\n|move|p1a: Incineroar|Knock Off|p2b: Bigbluehouse\n|-damage|p2b: Bigbluehouse|0 fnt\n|-enditem|p2b: Bigbluehouse|Flame Orb|[from] move: Knock Off|[of] p1a: Incineroar\n|faint|p2b: Bigbluehouse\n|\n|-weather|SunnyDay|[upkeep]\n|upkeep\n|\n|t:|1721971189\n|switch|p2b: Indeedee-pronoun|Indeedee-F, L50, F, shiny|77\/100\n|turn|6\n|-message|Bbqsus forfeited.\n|\n|win|auraen\n|raw|auraen's rating: 1772 &rarr; <strong>1790<\/strong><br \/>(+18 for winning)\n|raw|Bbqsus's rating: 1733 &rarr; <strong>1715<\/strong><br \/>(-18 for losing)\n|l|\u2606Bbqsus\n|player|p2|\n","uploadtime":1721971198,"views":27,"formatid":"gen9vgc2024regg","rating":1715,"private":0,"password":null}