{"id":"gen9vgc2024regg-2167694018","format":"[Gen 9] VGC 2024 Reg G","players":["Axep91","dhiaruga101"],"log":"|j|\u2606Axep91\n|j|\u2606dhiaruga101\n|t:|1721981976\n|gametype|doubles\n|player|p1|Axep91|266|1703\n|player|p2|dhiaruga101|cynthia-gen4|1714\n|teamsize|p1|6\n|teamsize|p2|6\n|gen|9\n|tier|[Gen 9] VGC 2024 Reg G\n|rated|\n|rule|Species Clause: Limit one of each Pok\u00e9mon\n|rule|Item Clause: Limit one of each item\n|clearpoke\n|poke|p1|Terapagos, L50, M|\n|poke|p1|Grimmsnarl, L50, M|\n|poke|p1|Urshifu-*, L50, M|\n|poke|p1|Amoonguss, L50, M|\n|poke|p1|Raging Bolt, L50|\n|poke|p1|Rillaboom, L50, M|\n|poke|p2|Miraidon, L50|\n|poke|p2|Farigiraf, L50, F|\n|poke|p2|Iron Hands, L50|\n|poke|p2|Urshifu-*, L50, M|\n|poke|p2|Ogerpon-Hearthflame, L50, F|\n|poke|p2|Whimsicott, L50, F|\n|teampreview|4\nAxep91 has agreed to open team sheets.\n|inactive|Battle timer is ON: inactive players will automatically lose when time's up. (requested by dhiaruga101)\n|j| Chysial\n|\n|t:|1721982000\n|start\n|switch|p1a: Rillaboom|Rillaboom, L50, M|100\/100\n|switch|p1b: Grimmsnarl|Grimmsnarl, L50, M|100\/100\n|switch|p2a: Whimsicott|Whimsicott, L50, F, shiny|100\/100\n|switch|p2b: Miraidon|Miraidon, L50|100\/100\n|-fieldstart|move: Electric Terrain|[from] ability: Hadron Engine|[of] p2b: Miraidon\n|-fieldstart|move: Grassy Terrain|[from] ability: Grassy Surge|[of] p1a: Rillaboom\n|turn|1\n|\n|t:|1721982022\n|move|p2b: Miraidon|Volt Switch|p1b: Grimmsnarl\n|-damage|p1b: Grimmsnarl|50\/100\n|\n|t:|1721982028\n|switch|p2b: Ogerpon|Ogerpon-Hearthflame, L50, F|100\/100|[from] Volt Switch\n|-ability|p2b: Ogerpon|Mold Breaker\n|move|p2a: Whimsicott|Moonblast|p1b: Grimmsnarl\n|-supereffective|p1b: Grimmsnarl\n|-damage|p1b: Grimmsnarl|0 fnt\n|faint|p1b: Grimmsnarl\n|move|p1a: Rillaboom|U-turn|p2a: Whimsicott\n|-damage|p2a: Whimsicott|74\/100\n|\n|t:|1721982037\n|switch|p1a: Urshifu|Urshifu-Rapid-Strike, L50, M|100\/100|[from] U-turn\n|\n|-heal|p2a: Whimsicott|80\/100|[from] Grassy Terrain\n|upkeep\n|\n|t:|1721982045\n|switch|p1b: Rillaboom|Rillaboom, L50, M|100\/100\n|turn|2\n|inactive|dhiaruga101 has 30 seconds left.\n|inactive|Axep91 has 30 seconds left.\n|inactive|Axep91 has 20 seconds left.\n|\n|t:|1721982099\n|switch|p2b: Miraidon|Miraidon, L50|100\/100\n|-fieldstart|move: Electric Terrain|[from] ability: Hadron Engine|[of] p2b: Miraidon\n|move|p1b: Rillaboom|Fake Out|p2b: Miraidon\n|-damage|p2b: Miraidon|87\/100\n|move|p2a: Whimsicott|Tailwind|p2a: Whimsicott\n|-sidestart|p2: dhiaruga101|move: Tailwind\n|move|p1a: Urshifu|Close Combat|p2b: Miraidon\n|-damage|p2b: Miraidon|26\/100\n|-unboost|p1a: Urshifu|def|1\n|-unboost|p1a: Urshifu|spd|1\n|\n|upkeep\n|turn|3\n|inactive|dhiaruga101 has 30 seconds left.\n|\n|t:|1721982128\n|move|p1a: Urshifu|Detect|p1a: Urshifu\n|-singleturn|p1a: Urshifu|Protect\n|move|p2a: Whimsicott|Light Screen|p2a: Whimsicott\n|-sidestart|p2: dhiaruga101|move: Light Screen\n|move|p2b: Miraidon|Volt Switch|p1a: Urshifu\n|-activate|p1a: Urshifu|move: Protect\n|move|p1b: Rillaboom|U-turn|p2a: Whimsicott\n|-damage|p2a: Whimsicott|53\/100\n|\n|t:|1721982136\n|switch|p1b: Terapagos|Terapagos, L50, M|100\/100|[from] U-turn\n|-activate|p1b: Terapagos|ability: Tera Shift\n|detailschange|p1b: Terapagos|Terapagos-Terastal, L50, M\n|-heal|p1b: Terapagos|100\/100|[silent]\n|\n|upkeep\n|turn|4\n|\n|t:|1721982155\n|switch|p1a: Rillaboom|Rillaboom, L50, M|100\/100\n|-fieldstart|move: Grassy Terrain|[from] ability: Grassy Surge|[of] p1a: Rillaboom\n|move|p2b: Miraidon|Volt Switch|p1b: Terapagos\n|-activate|p1b: Terapagos|ability: Tera Shell\n|-resisted|p1b: Terapagos\n|-damage|p1b: Terapagos|78\/100\n|\n|t:|1721982165\n|switch|p2b: Ogerpon|Ogerpon-Hearthflame, L50, F|100\/100|[from] Volt Switch\n|-ability|p2b: Ogerpon|Mold Breaker\n|move|p2a: Whimsicott|Moonblast|p1a: Rillaboom\n|-damage|p1a: Rillaboom|83\/100\n|-unboost|p1a: Rillaboom|spa|1\n|move|p1b: Terapagos|Tera Starstorm|p2b: Ogerpon\n|-damage|p2b: Ogerpon|40\/100\n|\n|-heal|p2a: Whimsicott|59\/100|[from] Grassy Terrain\n|-heal|p2b: Ogerpon|46\/100|[from] Grassy Terrain\n|-heal|p1a: Rillaboom|89\/100|[from] Grassy Terrain\n|-heal|p1b: Terapagos|84\/100|[from] Grassy Terrain\n|upkeep\n|turn|5\n|l| Chysial\n|inactive|Axep91 has 30 seconds left.\n|inactive|dhiaruga101 has 30 seconds left.\n|\n|t:|1721982195\n|-terastallize|p1b: Terapagos|Stellar\n|detailschange|p1b: Terapagos|Terapagos-Stellar, L50, M, tera:Stellar\n|-heal|p1b: Terapagos|88\/100|[silent]\n|-ability|p1b: Terapagos|Teraform Zero\n|-fieldend|move: Grassy Terrain\n|move|p2b: Ogerpon|Spiky Shield|p2b: Ogerpon\n|-singleturn|p2b: Ogerpon|move: Protect\n|move|p2a: Whimsicott|Moonblast|p1b: Terapagos\n|-damage|p1b: Terapagos|71\/100\n|move|p1b: Terapagos|Tera Starstorm|p2a: Whimsicott|[spread] p2a\n|-activate|p2b: Ogerpon|move: Protect\n|-damage|p2a: Whimsicott|14\/100\n|move|p1a: Rillaboom|U-turn|p2a: Whimsicott\n|-damage|p2a: Whimsicott|0 fnt\n|faint|p2a: Whimsicott\n|\n|t:|1721982211\n|switch|p1a: Urshifu|Urshifu-Rapid-Strike, L50, M|100\/100|[from] U-turn\n|\n|-sideend|p2: dhiaruga101|move: Tailwind\n|upkeep\n|\n|t:|1721982224\n|switch|p2a: Iron Hands|Iron Hands, L50, shiny|100\/100\n|turn|6\n|inactive|dhiaruga101 has 30 seconds left.\n|\n|t:|1721982258\n|-terastallize|p2b: Ogerpon|Fire\n|detailschange|p2b: Ogerpon|Ogerpon-Hearthflame-Tera, L50, F, tera:Fire\n|-ability|p2b: Ogerpon|Embody Aspect (Hearthflame)|boost\n|-boost|p2b: Ogerpon|atk|1\n|move|p2a: Iron Hands|Fake Out|p1a: Urshifu\n|-damage|p1a: Urshifu|84\/100\n|cant|p1a: Urshifu|flinch\n|move|p2b: Ogerpon|Ivy Cudgel|p1b: Terapagos|[anim] Ivy Cudgel Fire\n|-damage|p1b: Terapagos|0 fnt\n|faint|p1b: Terapagos\n|\n|upkeep\n|\n|t:|1721982269\n|switch|p1b: Rillaboom|Rillaboom, L50, M|89\/100\n|-fieldstart|move: Grassy Terrain|[from] ability: Grassy Surge|[of] p1b: Rillaboom\n|turn|7\n|\n|t:|1721982286\n|-end|p2a: Iron Hands|Quark Drive|[silent]\n|switch|p2a: Miraidon|Miraidon, L50|26\/100\n|-fieldstart|move: Electric Terrain|[from] ability: Hadron Engine|[of] p2a: Miraidon\n|move|p1b: Rillaboom|Fake Out|p2a: Miraidon\n|-crit|p2a: Miraidon\n|-damage|p2a: Miraidon|8\/100\n|move|p1a: Urshifu|Surging Strikes|p2b: Ogerpon\n|-supereffective|p2b: Ogerpon\n|-crit|p2b: Ogerpon\n|-damage|p2b: Ogerpon|3\/100\n|-supereffective|p2b: Ogerpon\n|-crit|p2b: Ogerpon\n|-damage|p2b: Ogerpon|0 fnt\n|faint|p2b: Ogerpon\n|-hitcount|p2: Ogerpon|2\n|\n|-sideend|p2: dhiaruga101|move: Light Screen\n|upkeep\n|\n|t:|1721982296\n|switch|p2b: Iron Hands|Iron Hands, L50, shiny|100\/100\n|-activate|p2b: Iron Hands|ability: Quark Drive\n|-start|p2b: Iron Hands|quarkdriveatk\n|turn|8\n|inactive|Axep91 has 30 seconds left.\n|\n|t:|1721982324\n|move|p2b: Iron Hands|Fake Out|p1a: Urshifu\n|-damage|p1a: Urshifu|62\/100\n|move|p2a: Miraidon|Draco Meteor|p1b: Rillaboom|[miss]\n|-miss|p2a: Miraidon|p1b: Rillaboom\n|cant|p1a: Urshifu|flinch\n|move|p1b: Rillaboom|Drum Beating|p2a: Miraidon\n|-resisted|p2a: Miraidon\n|-damage|p2a: Miraidon|0 fnt\n|faint|p2a: Miraidon\n|\n|upkeep\n|turn|9\n|inactive|dhiaruga101 has 30 seconds left.\n|inactive|Axep91 has 30 seconds left.\n|\n|t:|1721982357\n|move|p1a: Urshifu|Surging Strikes|p2b: Iron Hands\n|-crit|p2b: Iron Hands\n|-damage|p2b: Iron Hands|86\/100\n|-crit|p2b: Iron Hands\n|-damage|p2b: Iron Hands|73\/100\n|-crit|p2b: Iron Hands\n|-damage|p2b: Iron Hands|61\/100\n|-hitcount|p2b: Iron Hands|3\n|move|p1b: Rillaboom|Drum Beating|p2b: Iron Hands\n|-damage|p2b: Iron Hands|38\/100\n|-unboost|p2b: Iron Hands|spe|1\n|move|p2b: Iron Hands|Thunder Punch|p1a: Urshifu\n|-supereffective|p1a: Urshifu\n|-damage|p1a: Urshifu|0 fnt\n|faint|p1a: Urshifu\n|\n|upkeep\n|turn|10\n|j| Avava1\n|\n|t:|1721982372\n|move|p1b: Rillaboom|Drum Beating|p2b: Iron Hands\n|-damage|p2b: Iron Hands|11\/100\n|-unboost|p2b: Iron Hands|spe|1\n|move|p2b: Iron Hands|Drain Punch|p1b: Rillaboom\n|-damage|p1b: Rillaboom|33\/100\n|-heal|p2b: Iron Hands|33\/100|[from] drain|[of] p1b: Rillaboom\n|\n|upkeep\n|turn|11\n|\n|t:|1721982382\n|move|p1b: Rillaboom|Drum Beating|p2b: Iron Hands\n|-damage|p2b: Iron Hands|10\/100\n|-unboost|p2b: Iron Hands|spe|1\n|move|p2b: Iron Hands|Drain Punch|p1b: Rillaboom\n|-damage|p1b: Rillaboom|0 fnt\n|-heal|p2b: Iron Hands|22\/100|[from] drain|[of] p1b: Rillaboom\n|faint|p1b: Rillaboom\n|\n|win|dhiaruga101\n|raw|Axep91's rating: 1703 &rarr; <strong>1684<\/strong><br \/>(-19 for losing)\n|raw|dhiaruga101's rating: 1714 &rarr; <strong>1733<\/strong><br \/>(+19 for winning)\n|l|\u2606Axep91\n|player|p1|\n|l|\u2606dhiaruga101\n|player|p2|\n|l| Avava1\n","uploadtime":1721982527,"views":28,"formatid":"gen9vgc2024regg","rating":1684,"private":0,"password":null}