{"id":"gen9vgc2024regg-2167048278","format":"[Gen 9] VGC 2024 Reg G","players":["rongyin2","war3infi"],"log":"|j|\u2606rongyin2\n|j|\u2606war3infi\n|t:|1721888604\n|gametype|doubles\n|player|p1|rongyin2|dawn|1723\n|player|p2|war3infi|dawn|1863\n|teamsize|p1|6\n|teamsize|p2|6\n|gen|9\n|tier|[Gen 9] VGC 2024 Reg G\n|rated|\n|rule|Species Clause: Limit one of each Pok\u00e9mon\n|rule|Item Clause: Limit one of each item\n|clearpoke\n|poke|p1|Calyrex-Shadow, L50|\n|poke|p1|Regigigas, L50|\n|poke|p1|Iron Hands, L50|\n|poke|p1|Amoonguss, L50, M|\n|poke|p1|Weezing-Galar, L50, F|\n|poke|p1|Whimsicott, L50, F|\n|poke|p2|Calyrex-Ice, L50|\n|poke|p2|Annihilape, L50, F|\n|poke|p2|Smeargle, L50, M|\n|poke|p2|Ursaluna-Bloodmoon, L50, M|\n|poke|p2|Urshifu-*, L50, F|\n|poke|p2|Ogerpon-Wellspring, L50, F|\n|teampreview|4\n|\n|t:|1721888622\n|start\n|switch|p1a: Regigigas|Regigigas, L50|100\/100\n|switch|p1b: Weezing|Weezing-Galar, L50, F|100\/100\n|switch|p2a: Calyrex|Calyrex-Ice, L50|100\/100\n|switch|p2b: Smeargle|Smeargle, L50, M|100\/100\n|-ability|p1b: Weezing|Neutralizing Gas\n|-ability|p2a: Calyrex|As One\n|-ability|p2a: Calyrex|Unnerve\n|turn|1\n|inactive|Battle timer is ON: inactive players will automatically lose when time's up. (requested by rongyin2)\n|\n|t:|1721888637\n|move|p2b: Smeargle|Follow Me|p2b: Smeargle\n|-singleturn|p2b: Smeargle|move: Follow Me\n|move|p1a: Regigigas|Knock Off|p2b: Smeargle\n|-damage|p2b: Smeargle|55\/100\n|-enditem|p2b: Smeargle|Focus Sash|[from] move: Knock Off|[of] p1a: Regigigas\n|move|p1b: Weezing|Taunt|p2b: Smeargle\n|-start|p2b: Smeargle|move: Taunt\n|move|p2a: Calyrex|Glacial Lance|p1a: Regigigas|[spread] p1a,p1b\n|-damage|p1a: Regigigas|55\/100\n|-damage|p1b: Weezing|43\/100\n|\n|-heal|p1b: Weezing|49\/100|[from] item: Leftovers\n|upkeep\n|turn|2\n|\n|t:|1721888655\n|switch|p2b: Ogerpon|Ogerpon-Wellspring, L50, F|100\/100\n|move|p2a: Calyrex|Protect|p2a: Calyrex\n|-singleturn|p2a: Calyrex|Protect\n|move|p1a: Regigigas|Wide Guard|p1a: Regigigas\n|-singleturn|p1a: Regigigas|Wide Guard\n|move|p1b: Weezing|Taunt|p2a: Calyrex\n|-activate|p2a: Calyrex|move: Protect\n|\n|-heal|p1b: Weezing|55\/100|[from] item: Leftovers\n|upkeep\n|turn|3\n|\n|t:|1721888674\n|move|p1a: Regigigas|Body Slam|p2b: Ogerpon\n|-damage|p2b: Ogerpon|58\/100\n|move|p2b: Ogerpon|Taunt|p1b: Weezing\n|-start|p1b: Weezing|move: Taunt\n|move|p1b: Weezing|Sludge Bomb|p2b: Ogerpon\n|-supereffective|p2b: Ogerpon\n|-damage|p2b: Ogerpon|3\/100\n|-status|p2b: Ogerpon|psn\n|move|p2a: Calyrex|Glacial Lance|p1a: Regigigas|[spread] p1a,p1b\n|-damage|p1a: Regigigas|5\/100\n|-damage|p1b: Weezing|4\/100\n|\n|-heal|p1b: Weezing|10\/100|[from] item: Leftovers\n|-damage|p2b: Ogerpon|0 fnt|[from] psn\n|faint|p2b: Ogerpon\n|upkeep\n|\n|t:|1721888687\n|switch|p2b: Smeargle|Smeargle, L50, M|55\/100\n|turn|4\n|\n|t:|1721888714\n|move|p1a: Regigigas|Body Slam|p2b: Smeargle\n|-damage|p2b: Smeargle|0 fnt\n|faint|p2b: Smeargle\n|move|p1b: Weezing|Sludge Bomb|p2a: Calyrex\n|-damage|p2a: Calyrex|82\/100\n|move|p2a: Calyrex|Trick Room|p2a: Calyrex\n|-fieldstart|move: Trick Room|[of] p2a: Calyrex\n|\n|-heal|p1b: Weezing|16\/100|[from] item: Leftovers\n|upkeep\n|\n|t:|1721888716\n|switch|p2b: Ursaluna|Ursaluna-Bloodmoon, L50, M|100\/100\n|turn|5\n|\n|t:|1721888730\n|move|p1a: Regigigas|Wide Guard|p1a: Regigigas\n|-singleturn|p1a: Regigigas|Wide Guard\n|move|p2b: Ursaluna|Earth Power|p1a: Regigigas\n|-damage|p1a: Regigigas|0 fnt\n|faint|p1a: Regigigas\n|-end|p1a: Regigigas|Slow Start|[silent]\n|-damage|p2b: Ursaluna|91\/100|[from] item: Life Orb\n|move|p2a: Calyrex|Glacial Lance|p1b: Weezing\n|-activate|p1b: Weezing|move: Wide Guard\n|move|p1b: Weezing|Sludge Bomb|p2b: Ursaluna\n|-resisted|p2b: Ursaluna\n|-damage|p2b: Ursaluna|78\/100\n|\n|-heal|p1b: Weezing|21\/100|[from] item: Leftovers\n|-end|p1b: Weezing|move: Taunt\n|upkeep\n|\n|t:|1721888744\n|switch|p1a: Amoonguss|Amoonguss, L50, M|100\/100\n|turn|6\n|\n|t:|1721888759\n|-terastallize|p1a: Amoonguss|Water\n|move|p1a: Amoonguss|Spore|p2b: Ursaluna\n|-status|p2b: Ursaluna|slp|[from] move: Spore\n|cant|p2b: Ursaluna|slp\n|move|p2a: Calyrex|Glacial Lance|p1b: Weezing|[spread] p1a,p1b\n|-resisted|p1a: Amoonguss\n|-damage|p1a: Amoonguss|77\/100\n|-damage|p1b: Weezing|0 fnt\n|faint|p1b: Weezing\n|-end|p1b: Weezing|ability: Neutralizing Gas\n|-ability|p2a: Calyrex|Chilling Neigh|boost\n|-boost|p2a: Calyrex|atk|1\n|\n|upkeep\n|\n|t:|1721888770\n|switch|p1b: Calyrex|Calyrex-Shadow, L50|100\/100\n|-ability|p1b: Calyrex|As One\n|-ability|p1b: Calyrex|Unnerve\n|turn|7\n|\n|t:|1721888782\n|-terastallize|p2a: Calyrex|Water\n|move|p1a: Amoonguss|Spore|p2a: Calyrex\n|-status|p2a: Calyrex|slp|[from] move: Spore\n|cant|p2b: Ursaluna|slp\n|cant|p2a: Calyrex|slp\n|move|p1b: Calyrex|Nasty Plot|p1b: Calyrex\n|-boost|p1b: Calyrex|spa|2\n|\n|upkeep\n|turn|8\n|\n|t:|1721888804\n|move|p1b: Calyrex|Protect|p1b: Calyrex\n|-singleturn|p1b: Calyrex|Protect\n|move|p1a: Amoonguss|Sludge Bomb|p2a: Calyrex\n|-damage|p2a: Calyrex|64\/100 slp\n|cant|p2b: Ursaluna|slp\n|-curestatus|p2a: Calyrex|slp|[msg]\n|move|p2a: Calyrex|Glacial Lance|p1b: Calyrex|[spread] p1a\n|-activate|p1b: Calyrex|move: Protect\n|-resisted|p1a: Amoonguss\n|-damage|p1a: Amoonguss|42\/100\n|\n|-fieldend|move: Trick Room\n|upkeep\n|turn|9\n|\n|t:|1721888834\n|move|p2a: Calyrex|Protect|p2a: Calyrex\n|-singleturn|p2a: Calyrex|Protect\n|move|p1a: Amoonguss|Rage Powder|p1a: Amoonguss\n|-singleturn|p1a: Amoonguss|move: Rage Powder\n|move|p1b: Calyrex|Draining Kiss|p2b: Ursaluna\n|-crit|p2b: Ursaluna\n|-damage|p2b: Ursaluna|14\/100 slp\n|-curestatus|p2b: Ursaluna|slp|[msg]\n|move|p2b: Ursaluna|Hyper Voice|p1b: Calyrex|[spread] p1a,p1b\n|-damage|p1a: Amoonguss|1\/100\n|-damage|p1b: Calyrex|52\/100\n|-damage|p2b: Ursaluna|4\/100|[from] item: Life Orb\n|\n|upkeep\n|turn|10\n|inactive|war3infi has 30 seconds left.\n|j| 0meltdown\n|inactive|war3infi has 20 seconds left.\n|\n|t:|1721888870\n|move|p1a: Amoonguss|Rage Powder|p1a: Amoonguss\n|-singleturn|p1a: Amoonguss|move: Rage Powder\n|move|p1b: Calyrex|Astral Barrage|p2a: Calyrex|[spread] p2a\n|-immune|p2b: Ursaluna\n|-damage|p2a: Calyrex|0 fnt\n|faint|p2a: Calyrex\n|-ability|p1b: Calyrex|Grim Neigh|boost\n|-boost|p1b: Calyrex|spa|1\n|move|p2b: Ursaluna|Blood Moon|p1a: Amoonguss\n|-damage|p1a: Amoonguss|0 fnt\n|faint|p1a: Amoonguss\n|-damage|p2b: Ursaluna|0 fnt|[from] item: Life Orb\n|faint|p2b: Ursaluna\n|\n|win|rongyin2\n|raw|rongyin2's rating: 1723 &rarr; <strong>1751<\/strong><br \/>(+28 for winning)\n|raw|war3infi's rating: 1863 &rarr; <strong>1835<\/strong><br \/>(-28 for losing)\n|l|\u2606war3infi\n|player|p2|\n|l| 0meltdown\n|l|\u2606rongyin2\n|player|p1|\n","uploadtime":1721889086,"views":27,"formatid":"gen9vgc2024regg","rating":1751,"private":0,"password":null}