{"id":"gen9vgc2024regg-2167105003","format":"[Gen 9] VGC 2024 Reg G","players":["seaweed vg","eldoka"],"log":"|j|\u2606seaweed vg\n|j|\u2606eldoka\n|t:|1721900259\n|gametype|doubles\n|player|p1|seaweed vg|102|1693\n|player|p2|eldoka|265|1702\n|teamsize|p1|6\n|teamsize|p2|6\n|gen|9\n|tier|[Gen 9] VGC 2024 Reg G\n|rated|\n|rule|Species Clause: Limit one of each Pok\u00e9mon\n|rule|Item Clause: Limit one of each item\n|clearpoke\n|poke|p1|Miraidon, L50|\n|poke|p1|Whimsicott, L50, M|\n|poke|p1|Farigiraf, L50, M|\n|poke|p1|Iron Hands, L50|\n|poke|p1|Chi-Yu, L50|\n|poke|p1|Grimmsnarl, L50, M|\n|poke|p2|Landorus-Therian, L50, M|\n|poke|p2|Sinistcha, L50|\n|poke|p2|Terapagos, L50, M|\n|poke|p2|Incineroar, L50, F|\n|poke|p2|Grimmsnarl, L50, M|\n|poke|p2|Ogerpon-Wellspring, L50, F|\n|teampreview|4\n|\n|t:|1721900285\n|start\n|switch|p1a: Miraidon|Miraidon, L50|100\/100\n|switch|p1b: Iron Hands|Iron Hands, L50|100\/100\n|switch|p2a: Grimmsnarl|Grimmsnarl, L50, M|100\/100\n|switch|p2b: Terapagos|Terapagos, L50, M|100\/100\n|-activate|p2b: Terapagos|ability: Tera Shift\n|detailschange|p2b: Terapagos|Terapagos-Terastal, L50, M\n|-heal|p2b: Terapagos|100\/100|[silent]\n|-fieldstart|move: Electric Terrain|[from] ability: Hadron Engine|[of] p1a: Miraidon\n|-activate|p1b: Iron Hands|ability: Quark Drive\n|-start|p1b: Iron Hands|quarkdriveatk\n|turn|1\n|j| huchen\n|inactive|Battle timer is ON: inactive players will automatically lose when time's up. (requested by seaweed vg)\n|\n|t:|1721900308\n|switch|p2b: Sinistcha|Sinistcha, L50|100\/100\n|switch|p2a: Landorus|Landorus-Therian, L50, M|100\/100\n|-ability|p2a: Landorus|Intimidate|boost\n|-unboost|p1a: Miraidon|atk|1\n|-unboost|p1b: Iron Hands|atk|1\n|move|p1a: Miraidon|Calm Mind|p1a: Miraidon\n|-boost|p1a: Miraidon|spa|1\n|-boost|p1a: Miraidon|spd|1\n|move|p1b: Iron Hands|Drain Punch|p2b: Sinistcha\n|-immune|p2b: Sinistcha\n|\n|upkeep\n|turn|2\n|\n|t:|1721900331\n|-end|p1b: Iron Hands|Quark Drive|[silent]\n|switch|p1b: Grimmsnarl|Grimmsnarl, L50, M|100\/100\n|move|p1a: Miraidon|Protect|p1a: Miraidon\n|-singleturn|p1a: Miraidon|Protect\n|move|p2a: Landorus|U-turn|p1a: Miraidon\n|-activate|p1a: Miraidon|move: Protect\n|move|p2b: Sinistcha|Matcha Gotcha|p1b: Grimmsnarl|[spread] p1b\n|-activate|p1a: Miraidon|move: Protect\n|-damage|p1b: Grimmsnarl|81\/100\n|\n|upkeep\n|turn|3\n|\n|t:|1721900349\n|move|p1b: Grimmsnarl|Reflect|p1b: Grimmsnarl\n|-sidestart|p1: seaweed vg|Reflect\n|move|p1a: Miraidon|Calm Mind|p1a: Miraidon\n|-boost|p1a: Miraidon|spa|1\n|-boost|p1a: Miraidon|spd|1\n|move|p2a: Landorus|U-turn|p1a: Miraidon\n|-damage|p1a: Miraidon|83\/100\n|\n|t:|1721900358\n|switch|p2a: Grimmsnarl|Grimmsnarl, L50, M|100\/100|[from] U-turn\n|move|p2b: Sinistcha|Matcha Gotcha|p1b: Grimmsnarl|[spread] p1a,p1b\n|-resisted|p1a: Miraidon\n|-damage|p1a: Miraidon|78\/100\n|-damage|p1b: Grimmsnarl|61\/100\n|\n|upkeep\n|turn|4\n|\n|t:|1721900378\n|switch|p2b: Landorus|Landorus-Therian, L50, M|100\/100\n|-ability|p2b: Landorus|Intimidate|boost\n|-unboost|p1a: Miraidon|atk|1\n|-unboost|p1b: Grimmsnarl|atk|1\n|switch|p1b: Iron Hands|Iron Hands, L50|100\/100\n|-activate|p1b: Iron Hands|ability: Quark Drive\n|-start|p1b: Iron Hands|quarkdriveatk\n|-terastallize|p1a: Miraidon|Fairy\n|move|p2a: Grimmsnarl|Light Screen|p2a: Grimmsnarl\n|-sidestart|p2: eldoka|move: Light Screen\n|move|p1a: Miraidon|Dazzling Gleam|p2b: Landorus|[spread] p2a,p2b\n|-supereffective|p2a: Grimmsnarl\n|-damage|p2a: Grimmsnarl|0 fnt\n|-damage|p2b: Landorus|68\/100\n|faint|p2a: Grimmsnarl\n|\n|upkeep\n|\n|t:|1721900403\n|switch|p2a: Terapagos|Terapagos-Terastal, L50, M|100\/100\n|turn|5\n|inactive|eldoka has 30 seconds left.\n|\n|t:|1721900437\n|move|p2a: Terapagos|Protect|p2a: Terapagos\n|-singleturn|p2a: Terapagos|Protect\n|move|p1a: Miraidon|Dazzling Gleam|p2a: Terapagos|[spread] p2b\n|-activate|p2a: Terapagos|move: Protect\n|-damage|p2b: Landorus|30\/100\n|move|p2b: Landorus|U-turn|p1b: Iron Hands\n|-resisted|p1b: Iron Hands\n|-damage|p1b: Iron Hands|95\/100\n|\n|t:|1721900446\n|switch|p2b: Sinistcha|Sinistcha, L50|100\/100|[from] U-turn\n|move|p1b: Iron Hands|Drain Punch|p2a: Terapagos\n|-activate|p2a: Terapagos|move: Protect\n|\n|-fieldend|move: Electric Terrain\n|-end|p1b: Iron Hands|Quark Drive\n|upkeep\n|turn|6\n|\n|t:|1721900459\n|-end|p1b: Iron Hands|Quark Drive|[silent]\n|switch|p1b: Grimmsnarl|Grimmsnarl, L50, M|61\/100\n|move|p1a: Miraidon|Dazzling Gleam|p2b: Sinistcha|[spread] p2a,p2b\n|-activate|p2a: Terapagos|ability: Tera Shell\n|-resisted|p2a: Terapagos\n|-damage|p2a: Terapagos|84\/100\n|-damage|p2b: Sinistcha|52\/100\n|move|p2a: Terapagos|Calm Mind|p2a: Terapagos\n|-boost|p2a: Terapagos|spa|1\n|-boost|p2a: Terapagos|spd|1\n|move|p2b: Sinistcha|Life Dew|p2b: Sinistcha|[spread] p2a,p2b\n|-heal|p2a: Terapagos|100\/100\n|-heal|p2b: Sinistcha|77\/100\n|\n|upkeep\n|turn|7\n|j| poolsideguy\n|\n|t:|1721900483\n|-terastallize|p2a: Terapagos|Stellar\n|detailschange|p2a: Terapagos|Terapagos-Stellar, L50, M, tera:Stellar\n|-heal|p2a: Terapagos|100\/100|[silent]\n|move|p1b: Grimmsnarl|Light Screen|p1b: Grimmsnarl\n|-sidestart|p1: seaweed vg|move: Light Screen\n|move|p1a: Miraidon|Calm Mind|p1a: Miraidon\n|-boost|p1a: Miraidon|spa|1\n|-boost|p1a: Miraidon|spd|1\n|move|p2a: Terapagos|Tera Starstorm|p1a: Miraidon|[spread] p1a,p1b\n|-supereffective|p1a: Miraidon\n|-damage|p1a: Miraidon|52\/100\n|-damage|p1b: Grimmsnarl|32\/100\n|move|p2b: Sinistcha|Life Dew||[still]|[spread] p2a,p2b\n|-fail|p2a: Terapagos|heal\n|-heal|p2b: Sinistcha|100\/100\n|\n|upkeep\n|turn|8\n|\n|t:|1721900501\n|move|p2b: Sinistcha|Rage Powder|p2b: Sinistcha\n|-singleturn|p2b: Sinistcha|move: Rage Powder\n|move|p1b: Grimmsnarl|Thunder Wave|p2b: Sinistcha\n|-status|p2b: Sinistcha|par\n|move|p1a: Miraidon|Dazzling Gleam|p2a: Terapagos|[spread] p2a,p2b\n|-damage|p2a: Terapagos|80\/100\n|-damage|p2b: Sinistcha|40\/100 par\n|-enditem|p2b: Sinistcha|Sitrus Berry|[eat]\n|-heal|p2b: Sinistcha|65\/100 par|[from] item: Sitrus Berry\n|move|p2a: Terapagos|Tera Starstorm|p1a: Miraidon|[spread] p1a,p1b\n|-supereffective|p1a: Miraidon\n|-damage|p1a: Miraidon|24\/100\n|-damage|p1b: Grimmsnarl|3\/100\n|\n|-heal|p2a: Terapagos|86\/100|[from] item: Leftovers\n|upkeep\n|turn|9\n|\n|t:|1721900525\n|move|p1a: Miraidon|Protect|p1a: Miraidon\n|-singleturn|p1a: Miraidon|Protect\n|move|p1b: Grimmsnarl|Thunder Wave|p2a: Terapagos\n|-status|p2a: Terapagos|par\n|move|p2a: Terapagos|Tera Starstorm|p1a: Miraidon|[spread] p1b\n|-activate|p1a: Miraidon|move: Protect\n|-damage|p1b: Grimmsnarl|0 fnt\n|faint|p1b: Grimmsnarl\n|cant|p2b: Sinistcha|par\n|\n|-heal|p2a: Terapagos|92\/100 par|[from] item: Leftovers\n|upkeep\n|\n|t:|1721900536\n|switch|p1b: Chi-Yu|Chi-Yu, L50|100\/100\n|-ability|p1b: Chi-Yu|Beads of Ruin\n|turn|10\n|\n|t:|1721900547\n|switch|p2b: Landorus|Landorus-Therian, L50, M|30\/100\n|-ability|p2b: Landorus|Intimidate|boost\n|-unboost|p1a: Miraidon|atk|1\n|-unboost|p1b: Chi-Yu|atk|1\n|move|p1b: Chi-Yu|Dark Pulse|p2b: Landorus\n|-damage|p2b: Landorus|7\/100\n|move|p1a: Miraidon|Electro Drift|p2a: Terapagos\n|-damage|p2a: Terapagos|47\/100 par\n|move|p2a: Terapagos|Tera Starstorm|p1a: Miraidon|[spread] p1a,p1b\n|-supereffective|p1a: Miraidon\n|-damage|p1a: Miraidon|0 fnt\n|-damage|p1b: Chi-Yu|57\/100\n|faint|p1a: Miraidon\n|\n|-heal|p2a: Terapagos|53\/100 par|[from] item: Leftovers\n|-sideend|p1: seaweed vg|Reflect\n|upkeep\n|\n|t:|1721900562\n|switch|p1a: Iron Hands|Iron Hands, L50|95\/100\n|turn|11\n|\n|t:|1721900570\n|switch|p2b: Sinistcha|Sinistcha, L50|65\/100 par\n|-heal|p2a: Terapagos|77\/100 par|[from] ability: Hospitality|[of] p2b: Sinistcha\n|cant|p2a: Terapagos|par\n|move|p1b: Chi-Yu|Dark Pulse|p2b: Sinistcha\n|-supereffective|p2b: Sinistcha\n|-damage|p2b: Sinistcha|0 fnt\n|faint|p2b: Sinistcha\n|move|p1a: Iron Hands|Drain Punch|p2a: Terapagos\n|-supereffective|p2a: Terapagos\n|-damage|p2a: Terapagos|28\/100 par\n|-heal|p1a: Iron Hands|100\/100|[from] drain|[of] p2a: Terapagos\n|\n|-heal|p2a: Terapagos|34\/100 par|[from] item: Leftovers\n|-sideend|p2: eldoka|move: Light Screen\n|upkeep\n|\n|t:|1721900586\n|switch|p2b: Landorus|Landorus-Therian, L50, M|7\/100\n|-ability|p2b: Landorus|Intimidate|boost\n|-unboost|p1a: Iron Hands|atk|1\n|-unboost|p1b: Chi-Yu|atk|1\n|turn|12\n|\n|t:|1721900593\n|move|p2a: Terapagos|Protect|p2a: Terapagos\n|-singleturn|p2a: Terapagos|Protect\n|move|p1b: Chi-Yu|Dark Pulse|p2b: Landorus\n|-damage|p2b: Landorus|0 fnt\n|faint|p2b: Landorus\n|move|p1a: Iron Hands|Drain Punch|p2a: Terapagos\n|-activate|p2a: Terapagos|move: Protect\n|\n|-heal|p2a: Terapagos|40\/100 par|[from] item: Leftovers\n|upkeep\n|turn|13\n|-message|eldoka forfeited.\n|\n|win|seaweed vg\n|raw|seaweed vg's rating: 1693 &rarr; <strong>1714<\/strong><br \/>(+21 for winning)\n|raw|eldoka's rating: 1702 &rarr; <strong>1681<\/strong><br \/>(-21 for losing)\n|l|\u2606eldoka\n|player|p2|\n|l|\u2606seaweed vg\n|player|p1|\n|l| huchen\n|l| poolsideguy\n","uploadtime":1721900862,"views":18,"formatid":"gen9vgc2024regg","rating":1681,"private":0,"password":null}