{"id":"gen9vgc2024regg-2167305629","format":"[Gen 9] VGC 2024 Reg G","players":["Tiffy in the bank","KogaAF1219"],"log":"|j|\u2606Tiffy in the bank\n|j|\u2606KogaAF1219\n|t:|1721927808\n|gametype|doubles\n|player|p1|Tiffy in the bank|2|1705\n|player|p2|KogaAF1219|101|1800\n|teamsize|p1|6\n|teamsize|p2|6\n|gen|9\n|tier|[Gen 9] VGC 2024 Reg G\n|rated|\n|rule|Species Clause: Limit one of each Pok\u00e9mon\n|rule|Item Clause: Limit one of each item\n|clearpoke\n|poke|p1|Kyogre, L50|\n|poke|p1|Tsareena, L50, F|\n|poke|p1|Raichu, L50, F|\n|poke|p1|Tornadus, L50, M|\n|poke|p1|Flutter Mane, L50|\n|poke|p1|Urshifu-*, L50, F|\n|poke|p2|Calyrex-Shadow, L50|\n|poke|p2|Indeedee, L50, M|\n|poke|p2|Whimsicott, L50, M|\n|poke|p2|Ogerpon-Cornerstone, L50, F|\n|poke|p2|Urshifu-*, L50, M|\n|poke|p2|Torkoal, L50, F|\n|teampreview|4\n|j| bluestraggler03\nKogaAF1219 has agreed to open team sheets.\n|\n|t:|1721927853\n|start\n|switch|p1a: Raichu|Raichu, L50, F|100\/100\n|switch|p1b: Tornadus|Tornadus, L50, M|100\/100\n|switch|p2a: Calyrex|Calyrex-Shadow, L50|100\/100\n|switch|p2b: Indeedee|Indeedee, L50, M|100\/100\n|-ability|p2a: Calyrex|As One\n|-ability|p2a: Calyrex|Unnerve\n|-fieldstart|move: Psychic Terrain|[from] ability: Psychic Surge|[of] p2b: Indeedee\n|turn|1\n|\n|t:|1721927865\n|move|p1b: Tornadus|Protect|p1b: Tornadus\n|-singleturn|p1b: Tornadus|Protect\n|move|p2a: Calyrex|Astral Barrage|p1b: Tornadus|[spread] p1a\n|-activate|p1b: Tornadus|move: Protect\n|-enditem|p1a: Raichu|Focus Sash\n|-damage|p1a: Raichu|1\/100\n|-damage|p2a: Calyrex|91\/100|[from] item: Life Orb\n|move|p1a: Raichu|Nuzzle|p2a: Calyrex\n|-damage|p2a: Calyrex|80\/100\n|-status|p2a: Calyrex|par\n|move|p2b: Indeedee|Trick Room|p2b: Indeedee\n|-fieldstart|move: Trick Room|[of] p2b: Indeedee\n|\n|upkeep\n|turn|2\n|\n|t:|1721927886\n|-terastallize|p1b: Tornadus|Normal\n|move|p2a: Calyrex|Astral Barrage|p1b: Tornadus|[spread] p1a\n|-immune|p1b: Tornadus\n|-damage|p1a: Raichu|0 fnt\n|faint|p1a: Raichu\n|-ability|p2a: Calyrex|Grim Neigh|boost\n|-boost|p2a: Calyrex|spa|1\n|-damage|p2a: Calyrex|70\/100 par|[from] item: Life Orb\n|move|p2b: Indeedee|Dazzling Gleam|p1b: Tornadus\n|-damage|p1b: Tornadus|68\/100\n|move|p1b: Tornadus|Bleakwind Storm|p2a: Calyrex|[spread] p2a,p2b\n|-damage|p2a: Calyrex|29\/100 par\n|-damage|p2b: Indeedee|45\/100\n|-unboost|p2a: Calyrex|spe|1\n|-unboost|p2b: Indeedee|spe|1\n|\n|upkeep\n|inactive|Battle timer is ON: inactive players will automatically lose when time's up. (requested by KogaAF1219)\n|\n|t:|1721927903\n|switch|p1a: Tsareena|Tsareena, L50, F, shiny|100\/100\n|turn|3\n|\n|t:|1721927911\n|move|p1a: Tsareena|Helping Hand|p1b: Tornadus\n|-singleturn|p1b: Tornadus|Helping Hand|[of] p1a: Tsareena\n|cant|p2a: Calyrex|par\n|move|p2b: Indeedee|Expanding Force|p1b: Tornadus|[spread] p1a,p1b\n|-damage|p1a: Tsareena|39\/100\n|-damage|p1b: Tornadus|0 fnt\n|faint|p1b: Tornadus\n|\n|upkeep\n|\n|t:|1721927918\n|switch|p1b: Kyogre|Kyogre, L50, shiny|100\/100\n|-weather|RainDance|[from] ability: Drizzle|[of] p1b: Kyogre\n|turn|4\n|\n|t:|1721927923\n|move|p1a: Tsareena|Protect|p1a: Tsareena\n|-singleturn|p1a: Tsareena|Protect\n|move|p2a: Calyrex|Expanding Force|p1b: Kyogre|[spread] p1b\n|-activate|p1a: Tsareena|move: Protect\n|-damage|p1b: Kyogre|0 fnt\n|faint|p1b: Kyogre\n|-ability|p2a: Calyrex|Grim Neigh|boost\n|-boost|p2a: Calyrex|spa|1\n|-damage|p2a: Calyrex|19\/100 par|[from] item: Life Orb\n|move|p2b: Indeedee|Expanding Force|p1a: Tsareena\n|-activate|p1a: Tsareena|move: Protect\n|\n|-weather|RainDance|[upkeep]\n|upkeep\n|turn|5\n|-message|Tiffy in the bank forfeited.\n|\n|win|KogaAF1219\n|raw|Tiffy in the bank's rating: 1705 &rarr; <strong>1690<\/strong><br \/>(-15 for losing)\n|raw|KogaAF1219's rating: 1800 &rarr; <strong>1815<\/strong><br \/>(+15 for winning)\n|l|\u2606Tiffy in the bank\n|player|p1|\n|l|\u2606KogaAF1219\n|player|p2|\n","uploadtime":1721928107,"views":31,"formatid":"gen9vgc2024regg","rating":1690,"private":0,"password":null}