{"id":"gen9vgc2024regg-2167205985","format":"[Gen 9] VGC 2024 Reg G","players":["UGCL","KogaAF1219"],"log":"|j|\u2606UGCL\n|j|\u2606KogaAF1219\n|t:|1721916321\n|gametype|doubles\n|player|p1|UGCL|carmine|1701\n|player|p2|KogaAF1219|2|1791\n|teamsize|p1|6\n|teamsize|p2|6\n|gen|9\n|tier|[Gen 9] VGC 2024 Reg G\n|rated|\n|rule|Species Clause: Limit one of each Pok\u00e9mon\n|rule|Item Clause: Limit one of each item\n|clearpoke\n|poke|p1|Iron Hands, L50|\n|poke|p1|Terapagos, L50, M|\n|poke|p1|Volcarona, L50, M|\n|poke|p1|Urshifu-*, L50, F|\n|poke|p1|Ogerpon-Cornerstone, L50, F|\n|poke|p1|Tornadus, L50, M|\n|poke|p2|Calyrex-Shadow, L50|\n|poke|p2|Indeedee, L50, M|\n|poke|p2|Whimsicott, L50, F|\n|poke|p2|Ogerpon-Cornerstone, L50, F|\n|poke|p2|Urshifu-*, L50, M|\n|poke|p2|Torkoal, L50, F|\n|teampreview|4\n|\n|t:|1721916332\n|start\n|switch|p1a: Terapagos|Terapagos, L50, M|100\/100\n|switch|p1b: Tornadus|Tornadus, L50, M|100\/100\n|switch|p2a: Whimsicott|Whimsicott, L50, F|100\/100\n|switch|p2b: Ogerpon|Ogerpon-Cornerstone, L50, F|100\/100\n|-activate|p1a: Terapagos|ability: Tera Shift\n|detailschange|p1a: Terapagos|Terapagos-Terastal, L50, M\n|-heal|p1a: Terapagos|100\/100|[silent]\n|turn|1\n|\n|t:|1721916338\n|move|p2a: Whimsicott|Light Screen|p2a: Whimsicott\n|-sidestart|p2: KogaAF1219|move: Light Screen\n|move|p2b: Ogerpon|Ivy Cudgel|p1b: Tornadus|[anim] Ivy Cudgel Rock\n|-supereffective|p1b: Tornadus\n|-crit|p1b: Tornadus\n|-damage|p1b: Tornadus|0 fnt\n|faint|p1b: Tornadus\n|move|p1a: Terapagos|Tera Starstorm|p2b: Ogerpon\n|-resisted|p2b: Ogerpon\n|-damage|p2b: Ogerpon|64\/100\n|\n|upkeep\n|\n|t:|1721916344\n|switch|p1b: Urshifu|Urshifu-Rapid-Strike, L50, F|100\/100\n|turn|2\n|j| rabbithorn01\n|\n|t:|1721916350\n|move|p2a: Whimsicott|Tailwind|p2a: Whimsicott\n|-sidestart|p2: KogaAF1219|move: Tailwind\n|move|p2b: Ogerpon|Horn Leech|p1b: Urshifu\n|-supereffective|p1b: Urshifu\n|-damage|p1b: Urshifu|7\/100\n|-heal|p2b: Ogerpon|100\/100|[from] drain|[of] p1b: Urshifu\n|move|p1b: Urshifu|Surging Strikes|p2b: Ogerpon\n|-crit|p2b: Ogerpon\n|-damage|p2b: Ogerpon|73\/100\n|-crit|p2b: Ogerpon\n|-damage|p2b: Ogerpon|44\/100\n|-crit|p2b: Ogerpon\n|-damage|p2b: Ogerpon|16\/100\n|-hitcount|p2b: Ogerpon|3\n|move|p1a: Terapagos|Tera Starstorm|p2a: Whimsicott\n|-damage|p2a: Whimsicott|14\/100\n|\n|upkeep\n|turn|3\n|j| hi im nack\n|\n|t:|1721916360\n|move|p1b: Urshifu|Aqua Jet|p2b: Ogerpon\n|-damage|p2b: Ogerpon|0 fnt\n|faint|p2b: Ogerpon\n|move|p2a: Whimsicott|Moonblast|p1b: Urshifu\n|-supereffective|p1b: Urshifu\n|-damage|p1b: Urshifu|0 fnt\n|faint|p1b: Urshifu\n|move|p1a: Terapagos|Tera Starstorm|p2a: Whimsicott\n|-damage|p2a: Whimsicott|0 fnt\n|faint|p2a: Whimsicott\n|\n|upkeep\n|j| REITERATE\n|\n|t:|1721916363\n|switch|p2b: Urshifu|Urshifu, L50, M|100\/100\n|switch|p1b: Ogerpon|Ogerpon-Cornerstone, L50, F|100\/100\n|switch|p2a: Calyrex|Calyrex-Shadow, L50|100\/100\n|-ability|p2a: Calyrex|As One\n|-ability|p2a: Calyrex|Unnerve\n|turn|4\n|\n|t:|1721916373\n|-terastallize|p1a: Terapagos|Stellar\n|detailschange|p1a: Terapagos|Terapagos-Stellar, L50, M, tera:Stellar\n|-heal|p1a: Terapagos|100\/100|[silent]\n|move|p2a: Calyrex|Astral Barrage|p1b: Ogerpon|[spread] p1b\n|-immune|p1a: Terapagos\n|-damage|p1b: Ogerpon|18\/100\n|-damage|p2a: Calyrex|91\/100|[from] item: Life Orb\n|move|p2b: Urshifu|Wicked Blow|p1b: Ogerpon\n|-crit|p1b: Ogerpon\n|-damage|p1b: Ogerpon|0 fnt\n|faint|p1b: Ogerpon\n|move|p1a: Terapagos|Tera Starstorm|p2b: Urshifu|[spread] p2a,p2b\n|-damage|p2a: Calyrex|51\/100\n|-damage|p2b: Urshifu|50\/100\n|\n|upkeep\n|turn|5\n|\n|t:|1721916384\n|move|p2a: Calyrex|Expanding Force|p1a: Terapagos\n|-damage|p1a: Terapagos|58\/100\n|-damage|p2a: Calyrex|42\/100|[from] item: Life Orb\n|move|p2b: Urshifu|Wicked Blow|p1a: Terapagos\n|-crit|p1a: Terapagos\n|-damage|p1a: Terapagos|0 fnt\n|faint|p1a: Terapagos\n|\n|win|KogaAF1219\n|raw|UGCL's rating: 1701 &rarr; <strong>1686<\/strong><br \/>(-15 for losing)\n|raw|KogaAF1219's rating: 1791 &rarr; <strong>1806<\/strong><br \/>(+15 for winning)\n|l|\u2606UGCL\n|player|p1|\n","uploadtime":1721916391,"views":28,"formatid":"gen9vgc2024regg","rating":1686,"private":0,"password":null}