{"id":"gen9vgc2024regg-2167699899","format":"[Gen 9] VGC 2024 Reg G","players":["sjbz","Wildgoobys"],"log":"|j|\u2606sjbz\n|j|\u2606Wildgoobys\n|t:|1721983171\n|gametype|doubles\n|player|p1|sjbz|veteranf|1700\n|player|p2|Wildgoobys|ethan|1661\n|teamsize|p1|6\n|teamsize|p2|6\n|gen|9\n|tier|[Gen 9] VGC 2024 Reg G\n|rated|\n|rule|Species Clause: Limit one of each Pok\u00e9mon\n|rule|Item Clause: Limit one of each item\n|clearpoke\n|poke|p1|Incineroar, L50, M|\n|poke|p1|Rillaboom, L50, F|\n|poke|p1|Calyrex-Ice, L50|\n|poke|p1|Urshifu-*, L50, M|\n|poke|p1|Pelipper, L50, F|\n|poke|p1|Raging Bolt, L50|\n|poke|p2|Eternatus, L50|\n|poke|p2|Murkrow, L50, F|\n|poke|p2|Incineroar, L50, F|\n|poke|p2|Muk-Alola, L50, M|\n|poke|p2|Rillaboom, L50, M|\n|poke|p2|Cresselia, L50, F|\n|teampreview|4\n|inactive|Battle timer is ON: inactive players will automatically lose when time's up. (requested by Wildgoobys)\n|j| Chysial\n|inactive|sjbz has 60 seconds left.\n|inactive|sjbz has 30 seconds left.\n|\n|t:|1721983238\n|start\n|switch|p1a: Raging Bolt|Raging Bolt, L50|100\/100\n|switch|p1b: Urshifu|Urshifu-Rapid-Strike, L50, M|100\/100\n|switch|p2a: Eternatus|Eternatus, L50|100\/100\n|switch|p2b: Incineroar|Incineroar, L50, F|100\/100\n|-ability|p2a: Eternatus|Pressure\n|-ability|p2b: Incineroar|Intimidate|boost\n|-unboost|p1a: Raging Bolt|atk|1\n|-unboost|p1b: Urshifu|atk|1\n|-enditem|p1a: Raging Bolt|Booster Energy\n|-activate|p1a: Raging Bolt|ability: Protosynthesis|[fromitem]\n|-start|p1a: Raging Bolt|protosynthesisspa\n|turn|1\n|inactive|Wildgoobys has 30 seconds left.\n|inactive|sjbz has 30 seconds left.\n|inactive|Wildgoobys has 20 seconds left.\n|\n|t:|1721983275\n|move|p2b: Incineroar|Fake Out|p1b: Urshifu\n|-damage|p1b: Urshifu|90\/100\n|cant|p1b: Urshifu|flinch\n|move|p2a: Eternatus|Cosmic Power|p2a: Eternatus\n|-boost|p2a: Eternatus|def|1\n|-boost|p2a: Eternatus|spd|1\n|move|p1a: Raging Bolt|Draco Meteor|p2a: Eternatus\n|-supereffective|p2a: Eternatus\n|-damage|p2a: Eternatus|20\/100\n|-unboost|p1a: Raging Bolt|spa|2\n|\n|-heal|p2a: Eternatus|26\/100|[from] item: Leftovers\n|upkeep\n|turn|2\n|inactive|Wildgoobys has 30 seconds left.\n|\n|t:|1721983310\n|-end|p1a: Raging Bolt|Protosynthesis|[silent]\n|switch|p1a: Incineroar|Incineroar, L50, M, shiny|100\/100\n|-ability|p1a: Incineroar|Intimidate|boost\n|-unboost|p2a: Eternatus|atk|1\n|-unboost|p2b: Incineroar|atk|1\n|switch|p2b: Murkrow|Murkrow, L50, F|100\/100\n|move|p1b: Urshifu|Surging Strikes|p2a: Eternatus\n|-resisted|p2a: Eternatus\n|-crit|p2a: Eternatus\n|-damage|p2a: Eternatus|18\/100\n|-resisted|p2a: Eternatus\n|-crit|p2a: Eternatus\n|-damage|p2a: Eternatus|10\/100\n|-resisted|p2a: Eternatus\n|-crit|p2a: Eternatus\n|-damage|p2a: Eternatus|3\/100\n|-hitcount|p2a: Eternatus|3\n|move|p2a: Eternatus|Recover|p2a: Eternatus\n|-heal|p2a: Eternatus|53\/100\n|\n|-heal|p2a: Eternatus|58\/100|[from] item: Leftovers\n|upkeep\n|turn|3\n|inactive|sjbz has 30 seconds left.\n|inactive|sjbz has 20 seconds left.\n|inactive|sjbz has 15 seconds left.\n|\n|t:|1721983350\n|move|p1a: Incineroar|Fake Out|p2a: Eternatus\n|-damage|p2a: Eternatus|52\/100\n|move|p2b: Murkrow|Spite|p1b: Urshifu\n|-activate|p1b: Urshifu|move: Spite|Surging Strikes|4\n|move|p1b: Urshifu|Surging Strikes|p2b: Murkrow\n|-crit|p2b: Murkrow\n|-damage|p2b: Murkrow|69\/100\n|-crit|p2b: Murkrow\n|-damage|p2b: Murkrow|36\/100\n|-crit|p2b: Murkrow\n|-damage|p2b: Murkrow|6\/100\n|-hitcount|p2b: Murkrow|3\n|cant|p2a: Eternatus|flinch\n|\n|-heal|p2a: Eternatus|58\/100|[from] item: Leftovers\n|upkeep\n|turn|4\n|\n|t:|1721983367\n|move|p2b: Murkrow|Spite|p1b: Urshifu\n|-activate|p1b: Urshifu|move: Spite|Surging Strikes|1\n|cant|p1b: Urshifu|nopp|Surging Strikes\n|move|p2a: Eternatus|Cosmic Power|p2a: Eternatus\n|-boost|p2a: Eternatus|def|1\n|-boost|p2a: Eternatus|spd|1\n|move|p1a: Incineroar|Will-O-Wisp|p2a: Eternatus|[miss]\n|-miss|p1a: Incineroar|p2a: Eternatus\n|\n|-heal|p2a: Eternatus|64\/100|[from] item: Leftovers\n|upkeep\n|turn|5\n|j| poolsideguy\n|inactive|sjbz has 30 seconds left.\n|\n|t:|1721983396\n|switch|p1b: Raging Bolt|Raging Bolt, L50|100\/100\n|move|p2a: Eternatus|Cosmic Power|p2a: Eternatus\n|-boost|p2a: Eternatus|def|1\n|-boost|p2a: Eternatus|spd|1\n|move|p2b: Murkrow|Foul Play|p1b: Raging Bolt\n|-damage|p1b: Raging Bolt|83\/100\n|move|p1a: Incineroar|Will-O-Wisp|p2a: Eternatus|[miss]\n|-miss|p1a: Incineroar|p2a: Eternatus\n|\n|-heal|p2a: Eternatus|70\/100|[from] item: Leftovers\n|upkeep\n|turn|6\n|-message|sjbz forfeited.\n|\n|win|Wildgoobys\n|raw|sjbz's rating: 1700 &rarr; <strong>1678<\/strong><br \/>(-22 for losing)\n|raw|Wildgoobys's rating: 1661 &rarr; <strong>1683<\/strong><br \/>(+22 for winning)\n|l|\u2606sjbz\n|player|p1|\n|l| Chysial\n|c|\u2606Wildgoobys|Gg\n|l|\u2606Wildgoobys\n|player|p2|\n|l| poolsideguy\n","uploadtime":1721983641,"views":19,"formatid":"gen9vgc2024regg","rating":1678,"private":0,"password":null}