{"id":"gen9vgc2024regg-2167113922","format":"[Gen 9] VGC 2024 Reg G","players":["Shun.c","Royal4444l"],"log":"|j|\u2606Shun.c\n|j|\u2606Royal4444l\n|t:|1721901999\n|gametype|doubles\n|player|p1|Shun.c|265|1697\n|player|p2|Royal4444l|102|1651\n|teamsize|p1|6\n|teamsize|p2|6\n|gen|9\n|tier|[Gen 9] VGC 2024 Reg G\n|rated|\n|rule|Species Clause: Limit one of each Pok\u00e9mon\n|rule|Item Clause: Limit one of each item\n|clearpoke\n|poke|p1|Calyrex-Shadow, L50|\n|poke|p1|Raging Bolt, L50|\n|poke|p1|Urshifu-*, L50, F|\n|poke|p1|Rillaboom, L50, F|\n|poke|p1|Incineroar, L50, F|\n|poke|p1|Ogerpon-Hearthflame, L50, F|\n|poke|p2|Miraidon, L50|\n|poke|p2|Iron Hands, L50|\n|poke|p2|Iron Bundle, L50|\n|poke|p2|Landorus, L50, M|\n|poke|p2|Entei, L50|\n|poke|p2|Maushold-Four, L50|\n|teampreview|4\n|inactive|Battle timer is ON: inactive players will automatically lose when time's up. (requested by Royal4444l)\n|\n|t:|1721902043\n|start\n|switch|p1a: Calyrex|Calyrex-Shadow, L50|100\/100\n|switch|p1b: Rillaboom|Rillaboom, L50, F|100\/100\n|switch|p2a: Iron Bundle|Iron Bundle, L50, shiny|100\/100\n|switch|p2b: Entei|Entei, L50, shiny|100\/100\n|-ability|p1a: Calyrex|As One\n|-ability|p1a: Calyrex|Unnerve\n|-fieldstart|move: Grassy Terrain|[from] ability: Grassy Surge|[of] p1b: Rillaboom\n|turn|1\n|inactive|Shun.c has 30 seconds left.\n|\n|t:|1721902070\n|-terastallize|p1a: Calyrex|Normal\n|-terastallize|p2a: Iron Bundle|Normal\n|move|p1b: Rillaboom|Fake Out|p2a: Iron Bundle\n|-damage|p2a: Iron Bundle|87\/100\n|move|p1a: Calyrex|Astral Barrage|p2b: Entei|[spread] p2b\n|-immune|p2a: Iron Bundle\n|-damage|p2b: Entei|42\/100\n|move|p2a: Iron Bundle|Icy Wind|p1a: Calyrex|[spread] p1a,p1b\n|-supereffective|p1b: Rillaboom\n|-damage|p1a: Calyrex|86\/100\n|-damage|p1b: Rillaboom|79\/100\n|-unboost|p1a: Calyrex|spe|1\n|-unboost|p1b: Rillaboom|spe|1\n|move|p2b: Entei|Crunch|p1a: Calyrex\n|-damage|p1a: Calyrex|51\/100\n|\n|-heal|p2a: Iron Bundle|93\/100|[from] Grassy Terrain\n|-heal|p1a: Calyrex|57\/100|[from] Grassy Terrain\n|-heal|p2b: Entei|48\/100|[from] Grassy Terrain\n|-heal|p1b: Rillaboom|85\/100|[from] Grassy Terrain\n|upkeep\n|turn|2\n|inactive|Shun.c has 30 seconds left.\n|inactive|Royal4444l has 30 seconds left.\n|\n|t:|1721902097\n|switch|p1a: Incineroar|Incineroar, L50, F|100\/100\n|-ability|p1a: Incineroar|Intimidate|boost\n|-unboost|p2a: Iron Bundle|atk|1\n|-fail|p2b: Entei|unboost|Attack|[from] ability: Inner Focus|[of] p2b: Entei\n|switch|p1b: Urshifu|Urshifu-Rapid-Strike, L50, F|100\/100\n|move|p2a: Iron Bundle|Icy Wind|p1a: Incineroar|[spread] p1a,p1b\n|-resisted|p1a: Incineroar\n|-resisted|p1b: Urshifu\n|-damage|p1a: Incineroar|94\/100\n|-damage|p1b: Urshifu|87\/100\n|-unboost|p1a: Incineroar|spe|1\n|-unboost|p1b: Urshifu|spe|1\n|move|p2b: Entei|Sacred Fire|p1a: Incineroar\n|-resisted|p1a: Incineroar\n|-damage|p1a: Incineroar|73\/100\n|\n|-heal|p2a: Iron Bundle|99\/100|[from] Grassy Terrain\n|-heal|p2b: Entei|54\/100|[from] Grassy Terrain\n|-heal|p1b: Urshifu|93\/100|[from] Grassy Terrain\n|-heal|p1a: Incineroar|79\/100|[from] Grassy Terrain\n|upkeep\n|turn|3\n|inactive|Royal4444l has 30 seconds left.\n|\n|t:|1721902128\n|move|p1a: Incineroar|Fake Out|p2a: Iron Bundle\n|-damage|p2a: Iron Bundle|87\/100\n|move|p2a: Iron Bundle|Icy Wind|p1a: Incineroar|[spread] p1a,p1b\n|-resisted|p1a: Incineroar\n|-resisted|p1b: Urshifu\n|-damage|p1a: Incineroar|72\/100\n|-damage|p1b: Urshifu|80\/100\n|-unboost|p1a: Incineroar|spe|1\n|-unboost|p1b: Urshifu|spe|1\n|move|p2b: Entei|Stomping Tantrum|p1a: Incineroar\n|-supereffective|p1a: Incineroar\n|-damage|p1a: Incineroar|30\/100\n|move|p1b: Urshifu|Surging Strikes|p2b: Entei\n|-supereffective|p2b: Entei\n|-crit|p2b: Entei\n|-damage|p2b: Entei|16\/100\n|-supereffective|p2b: Entei\n|-crit|p2b: Entei\n|-damage|p2b: Entei|0 fnt\n|faint|p2b: Entei\n|-hitcount|p2: Entei|2\n|\n|-heal|p2a: Iron Bundle|93\/100|[from] Grassy Terrain\n|-heal|p1b: Urshifu|86\/100|[from] Grassy Terrain\n|-heal|p1a: Incineroar|36\/100|[from] Grassy Terrain\n|upkeep\n|inactive|Royal4444l has 30 seconds left.\n|\n|t:|1721902154\n|switch|p2b: Miraidon|Miraidon, L50|100\/100\n|-fieldstart|move: Electric Terrain|[from] ability: Hadron Engine|[of] p2b: Miraidon\n|-activate|p2a: Iron Bundle|ability: Quark Drive\n|-start|p2a: Iron Bundle|quarkdrivespe\n|turn|4\n|\n|t:|1721902168\n|switch|p1a: Rillaboom|Rillaboom, L50, F|85\/100\n|-fieldstart|move: Grassy Terrain|[from] ability: Grassy Surge|[of] p1a: Rillaboom\n|-end|p2a: Iron Bundle|Quark Drive\n|move|p1b: Urshifu|Detect|p1b: Urshifu\n|-singleturn|p1b: Urshifu|Protect\n|move|p2a: Iron Bundle|Encore||[still]\n|-fail|p2a: Iron Bundle\n|move|p2b: Miraidon|Calm Mind|p2b: Miraidon\n|-boost|p2b: Miraidon|spa|1\n|-boost|p2b: Miraidon|spd|1\n|\n|-heal|p2a: Iron Bundle|99\/100|[from] Grassy Terrain\n|-heal|p1a: Rillaboom|91\/100|[from] Grassy Terrain\n|-heal|p1b: Urshifu|92\/100|[from] Grassy Terrain\n|upkeep\n|turn|5\n|inactive|Royal4444l has 30 seconds left.\n|\n|t:|1721902193\n|move|p1a: Rillaboom|Fake Out|p2b: Miraidon\n|-damage|p2b: Miraidon|88\/100\n|move|p2a: Iron Bundle|Encore|p1b: Urshifu\n|-start|p1b: Urshifu|Encore\n|cant|p2b: Miraidon|flinch\n|move|p1b: Urshifu|Detect||[still]\n|-fail|p1b: Urshifu\n|\n|-heal|p2a: Iron Bundle|100\/100|[from] Grassy Terrain\n|-heal|p2b: Miraidon|93\/100|[from] Grassy Terrain\n|-heal|p1a: Rillaboom|97\/100|[from] Grassy Terrain\n|-heal|p1b: Urshifu|98\/100|[from] Grassy Terrain\n|upkeep\n|turn|6\n|\n|t:|1721902214\n|switch|p1b: Incineroar|Incineroar, L50, F|36\/100\n|-ability|p1b: Incineroar|Intimidate|boost\n|-unboost|p2a: Iron Bundle|atk|1\n|-unboost|p2b: Miraidon|atk|1\n|move|p2a: Iron Bundle|Icy Wind|p1b: Incineroar|[spread] p1a,p1b\n|-supereffective|p1a: Rillaboom\n|-resisted|p1b: Incineroar\n|-damage|p1a: Rillaboom|75\/100\n|-damage|p1b: Incineroar|29\/100\n|-unboost|p1a: Rillaboom|spe|1\n|-unboost|p1b: Incineroar|spe|1\n|move|p2b: Miraidon|Dazzling Gleam|p1a: Rillaboom|[spread] p1a,p1b\n|-damage|p1a: Rillaboom|52\/100\n|-damage|p1b: Incineroar|0 fnt\n|faint|p1b: Incineroar\n|move|p1a: Rillaboom|Wood Hammer|p2a: Iron Bundle\n|-damage|p2a: Iron Bundle|20\/100\n|-damage|p1a: Rillaboom|32\/100|[from] Recoil\n|\n|-heal|p2a: Iron Bundle|25\/100|[from] Grassy Terrain\n|-heal|p2b: Miraidon|99\/100|[from] Grassy Terrain\n|-heal|p1a: Rillaboom|38\/100|[from] Grassy Terrain\n|upkeep\n|\n|t:|1721902222\n|switch|p1b: Urshifu|Urshifu-Rapid-Strike, L50, F|98\/100\n|turn|7\n|\n|t:|1721902243\n|move|p1b: Urshifu|Detect|p1b: Urshifu\n|-singleturn|p1b: Urshifu|Protect\n|move|p1a: Rillaboom|Grassy Glide|p2a: Iron Bundle\n|-damage|p2a: Iron Bundle|0 fnt\n|faint|p2a: Iron Bundle\n|-end|p2a: Iron Bundle|Quark Drive|[silent]\n|move|p2b: Miraidon|Dazzling Gleam|p1b: Urshifu|[spread] p1a\n|-activate|p1b: Urshifu|move: Protect\n|-damage|p1a: Rillaboom|15\/100\n|\n|-heal|p2b: Miraidon|100\/100|[from] Grassy Terrain\n|-heal|p1b: Urshifu|100\/100|[from] Grassy Terrain\n|-heal|p1a: Rillaboom|20\/100|[from] Grassy Terrain\n|upkeep\n|\n|t:|1721902259\n|switch|p2a: Landorus|Landorus, L50, M, shiny|100\/100\n|turn|8\n|\n|t:|1721902271\n|move|p1b: Urshifu|Aqua Jet|p2a: Landorus\n|-supereffective|p2a: Landorus\n|-damage|p2a: Landorus|51\/100\n|move|p1a: Rillaboom|Grassy Glide|p2a: Landorus\n|-damage|p2a: Landorus|17\/100\n|move|p2b: Miraidon|Dazzling Gleam|p1a: Rillaboom|[spread] p1a,p1b\n|-supereffective|p1b: Urshifu\n|-damage|p1a: Rillaboom|0 fnt\n|-enditem|p1b: Urshifu|Focus Sash\n|-damage|p1b: Urshifu|1\/100\n|faint|p1a: Rillaboom\n|move|p2a: Landorus|Substitute|p2a: Landorus\n|-fail|p2a: Landorus|move: Substitute|[weak]\n|\n|-heal|p1b: Urshifu|7\/100|[from] Grassy Terrain\n|-fieldend|move: Grassy Terrain\n|upkeep\n|\n|t:|1721902274\n|switch|p1a: Calyrex|Calyrex-Shadow, L50, tera:Normal|57\/100\n|-ability|p1a: Calyrex|As One\n|-ability|p1a: Calyrex|Unnerve\n|turn|9\n|inactive|Royal4444l has 30 seconds left.\n|\n|t:|1721902299\n|move|p1b: Urshifu|Aqua Jet|p2a: Landorus\n|-supereffective|p2a: Landorus\n|-damage|p2a: Landorus|0 fnt\n|faint|p2a: Landorus\n|move|p1a: Calyrex|Nasty Plot|p1a: Calyrex\n|-boost|p1a: Calyrex|spa|2\n|move|p2b: Miraidon|Electro Drift|p1a: Calyrex\n|-damage|p1a: Calyrex|0 fnt\n|faint|p1a: Calyrex\n|\n|upkeep\n|turn|10\n|inactive|Shun.c has 30 seconds left.\n|inactive|Shun.c has 20 seconds left.\n|inactive|Shun.c has 15 seconds left.\n|inactive|Shun.c has 10 seconds left.\n|inactive|Shun.c has 5 seconds left.\n|\n|t:|1721902354\n|move|p2b: Miraidon|Dazzling Gleam|p1b: Urshifu\n|-supereffective|p1b: Urshifu\n|-damage|p1b: Urshifu|0 fnt\n|faint|p1b: Urshifu\n|\n|win|Royal4444l\n|raw|Shun.c's rating: 1697 &rarr; <strong>1674<\/strong><br \/>(-23 for losing)\n|raw|Royal4444l's rating: 1651 &rarr; <strong>1674<\/strong><br \/>(+23 for winning)\n|l|\u2606Royal4444l\n|player|p2|\n|l|\u2606Shun.c\n|player|p1|\n|j|\u2606Shun.c\n|player|p1|Shun.c|265|\n|l|\u2606Shun.c\n|player|p1|\n","uploadtime":1721902361,"views":12,"formatid":"gen9vgc2024regg","rating":1674,"private":0,"password":null}