{"id":"gen9vgc2024regg-2167751223","format":"[Gen 9] VGC 2024 Reg G","players":["dhiaruga101","drsithlord"],"log":"|j|\u2606dhiaruga101\n|j|\u2606drsithlord\n|t:|1721993004\n|gametype|doubles\n|player|p1|dhiaruga101|cynthia-gen4|1729\n|player|p2|drsithlord|265|1697\n|teamsize|p1|6\n|teamsize|p2|6\n|gen|9\n|tier|[Gen 9] VGC 2024 Reg G\n|rated|\n|rule|Species Clause: Limit one of each Pok\u00e9mon\n|rule|Item Clause: Limit one of each item\n|clearpoke\n|poke|p1|Miraidon, L50|\n|poke|p1|Farigiraf, L50, F|\n|poke|p1|Iron Hands, L50|\n|poke|p1|Urshifu-*, L50, F|\n|poke|p1|Ogerpon-Hearthflame, L50, F|\n|poke|p1|Whimsicott, L50, F|\n|poke|p2|Rillaboom, L50, M|\n|poke|p2|Tsareena, L50, F|\n|poke|p2|Archaludon, L50, F|\n|poke|p2|Kyogre, L50|\n|poke|p2|Tornadus, L50, M|\n|poke|p2|Electabuzz, L50, M|\n|teampreview|4\n|inactive|Battle timer is ON: inactive players will automatically lose when time's up. (requested by dhiaruga101)\n|j| RAWAXXX\n|l| RAWAXXX\n|inactive|dhiaruga101 has 60 seconds left.\n|\n|t:|1721993044\n|start\n|switch|p1a: Whimsicott|Whimsicott, L50, F, shiny|100\/100\n|switch|p1b: Miraidon|Miraidon, L50|100\/100\n|switch|p2a: Tornadus|Tornadus, L50, M|100\/100\n|switch|p2b: Rillaboom|Rillaboom, L50, M|100\/100\n|-fieldstart|move: Electric Terrain|[from] ability: Hadron Engine|[of] p1b: Miraidon\n|-fieldstart|move: Grassy Terrain|[from] ability: Grassy Surge|[of] p2b: Rillaboom\n|turn|1\n|\n|t:|1721993058\n|move|p2b: Rillaboom|Fake Out|p1b: Miraidon\n|-damage|p1b: Miraidon|85\/100\n|move|p2a: Tornadus|Tailwind|p2a: Tornadus\n|-sidestart|p2: drsithlord|move: Tailwind\n|move|p1a: Whimsicott|Light Screen|p1a: Whimsicott\n|-sidestart|p1: dhiaruga101|move: Light Screen\n|cant|p1b: Miraidon|flinch\n|\n|-heal|p1b: Miraidon|91\/100|[from] Grassy Terrain\n|upkeep\n|turn|2\n|\n|t:|1721993072\n|move|p1a: Whimsicott|Tailwind|p1a: Whimsicott\n|-sidestart|p1: dhiaruga101|move: Tailwind\n|move|p1b: Miraidon|Volt Switch|p2a: Tornadus\n|-supereffective|p2a: Tornadus\n|-enditem|p2a: Tornadus|Focus Sash\n|-damage|p2a: Tornadus|1\/100\n|\n|t:|1721993080\n|switch|p1b: Iron Hands|Iron Hands, L50, shiny|100\/100|[from] Volt Switch\n|move|p2a: Tornadus|Bleakwind Storm|p1b: Iron Hands|[spread] p1a,p1b\n|-supereffective|p1a: Whimsicott\n|-damage|p1a: Whimsicott|48\/100\n|-damage|p1b: Iron Hands|87\/100\n|move|p2b: Rillaboom|High Horsepower|p1b: Iron Hands\n|-supereffective|p1b: Iron Hands\n|-damage|p1b: Iron Hands|46\/100\n|\n|-heal|p1a: Whimsicott|54\/100|[from] Grassy Terrain\n|-heal|p1b: Iron Hands|52\/100|[from] Grassy Terrain\n|upkeep\n|turn|3\n|\n|t:|1721993104\n|switch|p2b: Tsareena|Tsareena, L50, F|100\/100\n|move|p1b: Iron Hands|Fake Out||[still]\n|cant|p2b: Tsareena|ability: Queenly Majesty|Fake Out|[of] p1b: Iron Hands\n|move|p2a: Tornadus|Bleakwind Storm|p1b: Iron Hands|[spread] p1a\n|-miss|p2a: Tornadus|p1b: Iron Hands\n|-supereffective|p1a: Whimsicott\n|-damage|p1a: Whimsicott|0 fnt\n|faint|p1a: Whimsicott\n|\n|-heal|p1b: Iron Hands|58\/100|[from] Grassy Terrain\n|upkeep\n|\n|t:|1721993118\n|switch|p1a: Miraidon|Miraidon, L50|91\/100\n|-fieldstart|move: Electric Terrain|[from] ability: Hadron Engine|[of] p1a: Miraidon\n|-activate|p1b: Iron Hands|ability: Quark Drive\n|-start|p1b: Iron Hands|quarkdriveatk\n|turn|4\n|\n|t:|1721993133\n|switch|p2a: Rillaboom|Rillaboom, L50, M|100\/100\n|-fieldstart|move: Grassy Terrain|[from] ability: Grassy Surge|[of] p2a: Rillaboom\n|-end|p1b: Iron Hands|Quark Drive\n|move|p1a: Miraidon|Draco Meteor|p2b: Tsareena\n|-damage|p2b: Tsareena|0 fnt\n|-unboost|p1a: Miraidon|spa|2\n|faint|p2b: Tsareena\n|move|p1b: Iron Hands|Drain Punch|p2a: Rillaboom\n|-damage|p2a: Rillaboom|56\/100\n|-heal|p1b: Iron Hands|76\/100|[from] drain|[of] p2a: Rillaboom\n|\n|-heal|p1a: Miraidon|96\/100|[from] Grassy Terrain\n|-heal|p2a: Rillaboom|62\/100|[from] Grassy Terrain\n|-heal|p1b: Iron Hands|82\/100|[from] Grassy Terrain\n|-sideend|p2: drsithlord|move: Tailwind\n|upkeep\n|\n|t:|1721993145\n|switch|p2b: Tornadus|Tornadus, L50, M|1\/100\n|turn|5\n|\n|t:|1721993158\n|move|p2a: Rillaboom|Fake Out|p1a: Miraidon\n|-damage|p1a: Miraidon|83\/100\n|move|p2b: Tornadus|Tailwind|p2b: Tornadus\n|-sidestart|p2: drsithlord|move: Tailwind\n|cant|p1a: Miraidon|flinch\n|move|p1b: Iron Hands|Drain Punch|p2a: Rillaboom\n|-damage|p2a: Rillaboom|20\/100\n|-heal|p1b: Iron Hands|99\/100|[from] drain|[of] p2a: Rillaboom\n|\n|-heal|p1a: Miraidon|88\/100|[from] Grassy Terrain\n|-heal|p2a: Rillaboom|26\/100|[from] Grassy Terrain\n|-heal|p1b: Iron Hands|100\/100|[from] Grassy Terrain\n|-sideend|p1: dhiaruga101|move: Light Screen\n|-sideend|p1: dhiaruga101|move: Tailwind\n|upkeep\n|turn|6\n|\n|t:|1721993178\n|switch|p1a: Urshifu|Urshifu, L50, F|100\/100\n|move|p2b: Tornadus|Bleakwind Storm|p1b: Iron Hands|[spread] p1a,p1b\n|-supereffective|p1a: Urshifu\n|-enditem|p1a: Urshifu|Focus Sash\n|-damage|p1a: Urshifu|1\/100\n|-damage|p1b: Iron Hands|80\/100\n|-unboost|p1a: Urshifu|spe|1\n|move|p2a: Rillaboom|High Horsepower|p1a: Urshifu\n|-damage|p1a: Urshifu|0 fnt\n|faint|p1a: Urshifu\n|move|p1b: Iron Hands|Drain Punch|p2a: Rillaboom\n|-damage|p2a: Rillaboom|0 fnt\n|-heal|p1b: Iron Hands|91\/100|[from] drain|[of] p2a: Rillaboom\n|faint|p2a: Rillaboom\n|\n|-heal|p1b: Iron Hands|97\/100|[from] Grassy Terrain\n|upkeep\n|\n|t:|1721993193\n|switch|p1a: Miraidon|Miraidon, L50|88\/100\n|switch|p2a: Kyogre|Kyogre, L50|100\/100\n|-weather|RainDance|[from] ability: Drizzle|[of] p2a: Kyogre\n|-fieldstart|move: Electric Terrain|[from] ability: Hadron Engine|[of] p1a: Miraidon\n|-activate|p1b: Iron Hands|ability: Quark Drive\n|-start|p1b: Iron Hands|quarkdriveatk\n|turn|7\n|\n|t:|1721993209\n|-terastallize|p2a: Kyogre|Water\n|move|p2a: Kyogre|Water Spout|p1b: Iron Hands|[spread] p1a,p1b\n|-resisted|p1a: Miraidon\n|-damage|p1a: Miraidon|31\/100\n|-damage|p1b: Iron Hands|23\/100\n|move|p2b: Tornadus|Bleakwind Storm|p1b: Iron Hands|[spread] p1a,p1b\n|-resisted|p1a: Miraidon\n|-damage|p1a: Miraidon|14\/100\n|-damage|p1b: Iron Hands|1\/100\n|move|p1a: Miraidon|Electro Drift|p2a: Kyogre\n|-supereffective|p2a: Kyogre\n|-damage|p2a: Kyogre|0 fnt\n|faint|p2a: Kyogre\n|move|p1b: Iron Hands|Drain Punch|p2b: Tornadus\n|-resisted|p2b: Tornadus\n|-damage|p2b: Tornadus|0 fnt\n|-heal|p1b: Iron Hands|2\/100|[from] drain|[of] p2b: Tornadus\n|faint|p2b: Tornadus\n|\n|win|dhiaruga101\n|raw|dhiaruga101's rating: 1729 &rarr; <strong>1747<\/strong><br \/>(+18 for winning)\n|raw|drsithlord's rating: 1697 &rarr; <strong>1679<\/strong><br \/>(-18 for losing)\n|l|\u2606drsithlord\n|player|p2|\n|l|\u2606dhiaruga101\n|player|p1|\n","uploadtime":1721993447,"views":14,"formatid":"gen9vgc2024regg","rating":1679,"private":0,"password":null}