{"id":"gen9vgc2024regg-2167330419","format":"[Gen 9] VGC 2024 Reg G","players":["AZUNA_Fan","BrodaxVGC"],"log":"|j|\u2606AZUNA_Fan\n|j|\u2606BrodaxVGC\n|t:|1721930588\n|gametype|doubles\n|player|p1|AZUNA_Fan|dawn-gen4pt|1839\n|player|p2|BrodaxVGC|101|1767\n|teamsize|p1|6\n|teamsize|p2|6\n|gen|9\n|tier|[Gen 9] VGC 2024 Reg G\n|rated|\n|rule|Species Clause: Limit one of each Pok\u00e9mon\n|rule|Item Clause: Limit one of each item\n|clearpoke\n|poke|p1|Calyrex-Shadow, L50|\n|poke|p1|Urshifu-*, L50, F|\n|poke|p1|Indeedee-F, L50, F|\n|poke|p1|Maushold, L50|\n|poke|p1|Dondozo, L50, M|\n|poke|p1|Tatsugiri, L50, M|\n|poke|p2|Miraidon, L50|\n|poke|p2|Whimsicott, L50, M|\n|poke|p2|Chi-Yu, L50|\n|poke|p2|Ogerpon-Wellspring, L50, F|\n|poke|p2|Iron Hands, L50|\n|poke|p2|Farigiraf, L50, F|\n|teampreview|4\n|inactive|Battle timer is ON: inactive players will automatically lose when time's up. (requested by AZUNA_Fan)\n|inactive|AZUNA_Fan has 60 seconds left.\n|\n|t:|1721930627\n|start\n|switch|p1a: Calyrex|Calyrex-Shadow, L50|100\/100\n|switch|p1b: Dondozo|Dondozo, L50, M|100\/100\n|switch|p2a: Whimsicott|Whimsicott, L50, M|100\/100\n|switch|p2b: Chi-Yu|Chi-Yu, L50|100\/100\n|-ability|p1a: Calyrex|As One\n|-ability|p1a: Calyrex|Unnerve\n|-ability|p2b: Chi-Yu|Beads of Ruin\n|turn|1\n|\n|t:|1721930650\n|switch|p1a: Tatsugiri|Tatsugiri, L50, M|100\/100\n|-activate|p1a: Tatsugiri|ability: Commander|[of] p1b: Dondozo\n|-boost|p1b: Dondozo|atk|2\n|-boost|p1b: Dondozo|spa|2\n|-boost|p1b: Dondozo|spe|2\n|-boost|p1b: Dondozo|def|2\n|-boost|p1b: Dondozo|spd|2\n|move|p2b: Chi-Yu|Protect|p2b: Chi-Yu\n|-singleturn|p2b: Chi-Yu|Protect\n|move|p2a: Whimsicott|Tailwind|p2a: Whimsicott\n|-sidestart|p2: BrodaxVGC|move: Tailwind\n|move|p1b: Dondozo|Earthquake|p2b: Chi-Yu|[spread] p2a\n|-miss|p1b: Dondozo|p1a: Tatsugiri\n|-activate|p2b: Chi-Yu|move: Protect\n|-resisted|p2a: Whimsicott\n|-damage|p2a: Whimsicott|76\/100\n|\n|upkeep\n|turn|2\n|inactive|BrodaxVGC has 30 seconds left.\n|\n|t:|1721930678\n|move|p2a: Whimsicott|Moonblast|p1b: Dondozo\n|-damage|p1b: Dondozo|81\/100\n|move|p2b: Chi-Yu|Dark Pulse|p1b: Dondozo\n|-damage|p1b: Dondozo|51\/100\n|-damage|p2b: Chi-Yu|91\/100|[from] item: Life Orb\n|move|p1b: Dondozo|Earthquake|p2b: Chi-Yu|[spread] p2a,p2b\n|-miss|p1b: Dondozo|p1a: Tatsugiri\n|-resisted|p2a: Whimsicott\n|-supereffective|p2b: Chi-Yu\n|-damage|p2a: Whimsicott|52\/100\n|-damage|p2b: Chi-Yu|0 fnt\n|faint|p2b: Chi-Yu\n|\n|upkeep\n|\n|t:|1721930688\n|switch|p2b: Miraidon|Miraidon, L50|100\/100\n|-fieldstart|move: Electric Terrain|[from] ability: Hadron Engine|[of] p2b: Miraidon\n|turn|3\n|\n|t:|1721930705\n|-terastallize|p2b: Miraidon|Electric\n|-terastallize|p1b: Dondozo|Grass\n|move|p2a: Whimsicott|Moonblast|p1b: Dondozo\n|-damage|p1b: Dondozo|35\/100\n|-unboost|p1b: Dondozo|spa|1\n|move|p2b: Miraidon|Electro Drift|p1b: Dondozo\n|-resisted|p1b: Dondozo\n|-damage|p1b: Dondozo|0 fnt\n|-damage|p2b: Miraidon|84\/100|[from] item: Rocky Helmet|[of] p1b: Dondozo\n|faint|p1b: Dondozo\n|\n|upkeep\n|j| pkfiregeorge\n|\n|t:|1721930722\n|switch|p1b: Urshifu|Urshifu, L50, F|100\/100\n|turn|4\n|\n|t:|1721930738\n|move|p1b: Urshifu|Sucker Punch|p2a: Whimsicott\n|-resisted|p2a: Whimsicott\n|-damage|p2a: Whimsicott|8\/100\n|move|p2a: Whimsicott|Moonblast|p1b: Urshifu\n|-supereffective|p1b: Urshifu\n|-damage|p1b: Urshifu|0 fnt\n|faint|p1b: Urshifu\n|move|p2b: Miraidon|Electro Drift|p1a: Tatsugiri\n|-enditem|p1a: Tatsugiri|Focus Sash\n|-damage|p1a: Tatsugiri|1\/100\n|move|p1a: Tatsugiri|Muddy Water|p2a: Whimsicott|[spread] p2a,p2b\n|-resisted|p2a: Whimsicott\n|-damage|p2a: Whimsicott|0 fnt\n|-damage|p2b: Miraidon|55\/100\n|-unboost|p2b: Miraidon|accuracy|1\n|faint|p2a: Whimsicott\n|\n|-sideend|p2: BrodaxVGC|move: Tailwind\n|upkeep\n|\n|t:|1721930753\n|switch|p2a: Farigiraf|Farigiraf, L50, F|100\/100\n|switch|p1b: Calyrex|Calyrex-Shadow, L50|100\/100\n|-ability|p1b: Calyrex|As One\n|-ability|p1b: Calyrex|Unnerve\n|-enditem|p2a: Farigiraf|Electric Seed\n|-boost|p2a: Farigiraf|def|1|[from] item: Electric Seed\n|turn|5\n|\n|t:|1721930778\n|move|p1b: Calyrex|Expanding Force|p2b: Miraidon\n|-damage|p2b: Miraidon|0 fnt\n|faint|p2b: Miraidon\n|-ability|p1b: Calyrex|Grim Neigh|boost\n|-boost|p1b: Calyrex|spa|1\n|move|p1a: Tatsugiri|Draco Meteor|p2a: Farigiraf\n|-damage|p2a: Farigiraf|45\/100\n|-unboost|p1a: Tatsugiri|spa|2\n|move|p2a: Farigiraf|Foul Play|p1b: Calyrex\n|-supereffective|p1b: Calyrex\n|-damage|p1b: Calyrex|44\/100\n|\n|upkeep\n|turn|6\n|\n|t:|1721930796\n|move|p1b: Calyrex|Expanding Force|p2a: Farigiraf\n|-resisted|p2a: Farigiraf\n|-damage|p2a: Farigiraf|8\/100\n|move|p1a: Tatsugiri|Draco Meteor|p2a: Farigiraf\n|-damage|p2a: Farigiraf|0 fnt\n|-unboost|p1a: Tatsugiri|spa|2\n|faint|p2a: Farigiraf\n|\n|win|AZUNA_Fan\n|raw|AZUNA_Fan's rating: 1839 &rarr; <strong>1855<\/strong><br \/>(+16 for winning)\n|raw|BrodaxVGC's rating: 1767 &rarr; <strong>1751<\/strong><br \/>(-16 for losing)\n|l|\u2606BrodaxVGC\n|player|p2|\n|l|\u2606AZUNA_Fan\n|player|p1|\n","uploadtime":1721931010,"views":78,"formatid":"gen9vgc2024regg","rating":1751,"private":0,"password":null}