{"id":"gen9vgc2024regg-2167968924","format":"[Gen 9] VGC 2024 Reg G","players":["kojiminori1","juanessamal"],"log":"|j|\u2606kojiminori1\n|j|\u2606juanessamal\n|t:|1722020236\n|gametype|doubles\n|player|p1|kojiminori1|169|1678\n|player|p2|juanessamal|1|1717\n|teamsize|p1|6\n|teamsize|p2|6\n|gen|9\n|tier|[Gen 9] VGC 2024 Reg G\n|rated|\n|rule|Species Clause: Limit one of each Pok\u00e9mon\n|rule|Item Clause: Limit one of each item\n|clearpoke\n|poke|p1|Calyrex-Shadow, L50|\n|poke|p1|Entei, L50|\n|poke|p1|Rillaboom, L50, F|\n|poke|p1|Chien-Pao, L50|\n|poke|p1|Tornadus, L50, M|\n|poke|p1|Raging Bolt, L50|\n|poke|p2|Torkoal, L50, M|\n|poke|p2|Lilligant-Hisui, L50, F|\n|poke|p2|Chi-Yu, L50|\n|poke|p2|Comfey, L50, M|\n|poke|p2|Zamazenta-*, L50|\n|poke|p2|Indeedee-F, L50, F|\n|teampreview|4\n|\n|t:|1722020292\n|start\n|switch|p1a: Tornadus|Tornadus, L50, M|100\/100\n|switch|p1b: Entei|Entei, L50|100\/100\n|switch|p2a: Zamazenta|Zamazenta-Crowned, L50|100\/100\n|switch|p2b: Indeedee|Indeedee-F, L50, F|100\/100\n|-ability|p2a: Zamazenta|Dauntless Shield|boost\n|-boost|p2a: Zamazenta|def|1\n|-fieldstart|move: Psychic Terrain|[from] ability: Psychic Surge|[of] p2b: Indeedee\n|-enditem|p2b: Indeedee|Psychic Seed\n|-boost|p2b: Indeedee|spd|1|[from] item: Psychic Seed\n|turn|1\n|inactive|Battle timer is ON: inactive players will automatically lose when time's up. (requested by kojiminori1)\n|\n|t:|1722020322\n|switch|p1b: Rillaboom|Rillaboom, L50, F|100\/100\n|-fieldstart|move: Grassy Terrain|[from] ability: Grassy Surge|[of] p1b: Rillaboom\n|move|p2b: Indeedee|Follow Me|p2b: Indeedee\n|-singleturn|p2b: Indeedee|move: Follow Me\n|move|p1a: Tornadus|Taunt|p2b: Indeedee\n|-start|p2b: Indeedee|move: Taunt\n|move|p2a: Zamazenta|Iron Defense|p2a: Zamazenta\n|-boost|p2a: Zamazenta|def|2\n|\n|upkeep\n|turn|2\n|j| kjbo\n|\n|t:|1722020345\n|switch|p2b: Comfey|Comfey, L50, M|100\/100\n|move|p1a: Tornadus|Tailwind|p1a: Tornadus\n|-sidestart|p1: kojiminori1|move: Tailwind\n|move|p1b: Rillaboom|U-turn|p2a: Zamazenta\n|-resisted|p2a: Zamazenta\n|-damage|p2a: Zamazenta|98\/100\n|l| kjbo\n|\n|t:|1722020352\n|switch|p1b: Calyrex|Calyrex-Shadow, L50|100\/100|[from] U-turn\n|-ability|p1b: Calyrex|As One\n|-ability|p1b: Calyrex|Unnerve\n|move|p2a: Zamazenta|Iron Defense|p2a: Zamazenta\n|-boost|p2a: Zamazenta|def|2\n|\n|-heal|p2a: Zamazenta|100\/100|[from] Grassy Terrain\n|upkeep\n|turn|3\n|inactive|kojiminori1 has 30 seconds left.\n|inactive|kojiminori1 has 20 seconds left.\n|\n|t:|1722020391\n|move|p2a: Zamazenta|Wide Guard|p2a: Zamazenta\n|-singleturn|p2a: Zamazenta|Wide Guard\n|move|p1b: Calyrex|Psychic|p2a: Zamazenta\n|-damage|p2a: Zamazenta|48\/100\n|-damage|p1b: Calyrex|91\/100|[from] item: Life Orb\n|move|p1a: Tornadus|Bleakwind Storm|p2b: Comfey|[spread] \n|-activate|p2a: Zamazenta|move: Wide Guard\n|-activate|p2b: Comfey|move: Wide Guard\n|move|p2b: Comfey|Trick Room|p2b: Comfey\n|-fieldstart|move: Trick Room|[of] p2b: Comfey\n|\n|-heal|p2a: Zamazenta|54\/100|[from] Grassy Terrain\n|-heal|p1b: Calyrex|97\/100|[from] Grassy Terrain\n|upkeep\n|turn|4\n|\n|t:|1722020413\n|move|p2b: Comfey|Floral Healing|p2a: Zamazenta\n|-heal|p2a: Zamazenta|100\/100\n|move|p1a: Tornadus|Taunt|p2b: Comfey\n|-start|p2b: Comfey|move: Taunt\n|move|p2a: Zamazenta|Behemoth Bash|p1b: Calyrex\n|-damage|p1b: Calyrex|50\/100\n|move|p1b: Calyrex|Psychic|p2a: Zamazenta\n|-damage|p2a: Zamazenta|47\/100\n|-unboost|p2a: Zamazenta|spd|1\n|-damage|p1b: Calyrex|41\/100|[from] item: Life Orb\n|\n|-heal|p2a: Zamazenta|53\/100|[from] Grassy Terrain\n|-heal|p1b: Calyrex|47\/100|[from] Grassy Terrain\n|upkeep\n|turn|5\n|\n|t:|1722020434\n|move|p1b: Calyrex|Protect|p1b: Calyrex\n|-singleturn|p1b: Calyrex|Protect\n|move|p2b: Comfey|Dazzling Gleam|p1a: Tornadus|[spread] p1a\n|-activate|p1b: Calyrex|move: Protect\n|-damage|p1a: Tornadus|82\/100\n|move|p2a: Zamazenta|Behemoth Bash|p1b: Calyrex\n|-activate|p1b: Calyrex|move: Protect\n|move|p1a: Tornadus|Bleakwind Storm|p2a: Zamazenta|[spread] p2a,p2b\n|-damage|p2a: Zamazenta|21\/100\n|-damage|p2b: Comfey|66\/100\n|-unboost|p2a: Zamazenta|spe|1\n|\n|-heal|p2a: Zamazenta|27\/100|[from] Grassy Terrain\n|-heal|p2b: Comfey|72\/100|[from] Grassy Terrain\n|-heal|p1b: Calyrex|53\/100|[from] Grassy Terrain\n|-sideend|p1: kojiminori1|move: Tailwind\n|-fieldend|move: Grassy Terrain\n|upkeep\n|turn|6\n|\n|t:|1722020457\n|switch|p1b: Entei|Entei, L50|100\/100\n|move|p2a: Zamazenta|Behemoth Bash|p1b: Entei\n|-resisted|p1b: Entei\n|-damage|p1b: Entei|81\/100\n|move|p1a: Tornadus|Bleakwind Storm|p2b: Comfey|[spread] p2a,p2b\n|-damage|p2a: Zamazenta|0 fnt\n|-damage|p2b: Comfey|40\/100\n|faint|p2a: Zamazenta\n|move|p2b: Comfey|Dazzling Gleam|p1b: Entei|[spread] p1a,p1b\n|-resisted|p1b: Entei\n|-damage|p1a: Tornadus|63\/100\n|-damage|p1b: Entei|69\/100\n|\n|upkeep\n|\n|t:|1722020468\n|switch|p2a: Torkoal|Torkoal, L50, M|100\/100\n|-weather|SunnyDay|[from] ability: Drought|[of] p2a: Torkoal\n|turn|7\n|inactive|kojiminori1 has 30 seconds left.\n|\n|t:|1722020497\n|switch|p2b: Indeedee|Indeedee-F, L50, F|100\/100\n|-fieldstart|move: Psychic Terrain|[from] ability: Psychic Surge|[of] p2b: Indeedee\n|move|p1a: Tornadus|Protect|p1a: Tornadus\n|-singleturn|p1a: Tornadus|Protect\n|move|p2a: Torkoal|Eruption|p1a: Tornadus|[spread] p1b\n|-activate|p1a: Tornadus|move: Protect\n|-resisted|p1b: Entei\n|-damage|p1b: Entei|3\/100\n|move|p1b: Entei|Sacred Fire|p2b: Indeedee\n|-damage|p2b: Indeedee|24\/100\n|-status|p2b: Indeedee|brn\n|\n|-weather|SunnyDay|[upkeep]\n|-damage|p2b: Indeedee|17\/100 brn|[from] brn\n|-fieldend|move: Trick Room\n|upkeep\n|turn|8\n|inactive|kojiminori1 has 30 seconds left.\n|inactive|juanessamal has 30 seconds left.\n|inactive|kojiminori1 has 20 seconds left.\n|\n|t:|1722020533\n|switch|p2b: Comfey|Comfey, L50, M|40\/100\n|move|p1b: Entei|Sacred Fire|p2b: Comfey|[miss]\n|-miss|p1b: Entei|p2b: Comfey\n|move|p1a: Tornadus|Bleakwind Storm|p2b: Comfey|[spread] p2a,p2b\n|-damage|p2a: Torkoal|60\/100\n|-damage|p2b: Comfey|5\/100\n|-unboost|p2a: Torkoal|spe|1\n|move|p2a: Torkoal|Eruption|p1a: Tornadus|[spread] p1a,p1b\n|-resisted|p1b: Entei\n|-damage|p1a: Tornadus|0 fnt\n|-damage|p1b: Entei|0 fnt\n|faint|p1a: Tornadus\n|faint|p1b: Entei\n|\n|-weather|SunnyDay|[upkeep]\n|upkeep\n|\n|t:|1722020551\n|switch|p1b: Calyrex|Calyrex-Shadow, L50|53\/100\n|switch|p1a: Rillaboom|Rillaboom, L50, F|100\/100\n|-ability|p1b: Calyrex|As One\n|-ability|p1b: Calyrex|Unnerve\n|-fieldstart|move: Grassy Terrain|[from] ability: Grassy Surge|[of] p1a: Rillaboom\n|turn|9\n|\n|t:|1722020566\n|switch|p2a: Indeedee|Indeedee-F, L50, F|17\/100 brn\n|-fieldstart|move: Psychic Terrain|[from] ability: Psychic Surge|[of] p2a: Indeedee\n|-terastallize|p1b: Calyrex|Water\n|move|p2b: Comfey|Protect|p2b: Comfey\n|-singleturn|p2b: Comfey|Protect\n|move|p1b: Calyrex|Astral Barrage|p2a: Indeedee|[spread] \n|-activate|p2b: Comfey|move: Protect\n|-immune|p2a: Indeedee\n|move|p1a: Rillaboom|High Horsepower|p2a: Indeedee\n|-damage|p2a: Indeedee|0 fnt\n|faint|p2a: Indeedee\n|\n|-weather|SunnyDay|[upkeep]\n|upkeep\n|j| DarkZPichuZ\n|inactive|juanessamal has 30 seconds left.\n|\n|t:|1722020593\n|switch|p2a: Torkoal|Torkoal, L50, M|60\/100\n|turn|10\n|\n|t:|1722020601\n|move|p2b: Comfey|Floral Healing|p2a: Torkoal\n|-heal|p2a: Torkoal|100\/100\n|move|p1b: Calyrex|Astral Barrage|p2a: Torkoal|[spread] p2a,p2b\n|-damage|p2a: Torkoal|3\/100\n|-damage|p2b: Comfey|0 fnt\n|faint|p2b: Comfey\n|-ability|p1b: Calyrex|Grim Neigh|boost\n|-boost|p1b: Calyrex|spa|1\n|-damage|p1b: Calyrex|44\/100|[from] item: Life Orb\n|move|p1a: Rillaboom|High Horsepower|p2a: Torkoal\n|-supereffective|p2a: Torkoal\n|-damage|p2a: Torkoal|0 fnt\n|faint|p2a: Torkoal\n|\n|win|kojiminori1\n|raw|kojiminori1's rating: 1678 &rarr; <strong>1700<\/strong><br \/>(+22 for winning)\n|raw|juanessamal's rating: 1717 &rarr; <strong>1695<\/strong><br \/>(-22 for losing)\n|l|\u2606kojiminori1\n|player|p1|\n|l|\u2606juanessamal\n|player|p2|\n|l| DarkZPichuZ\n","uploadtime":1722020787,"views":15,"formatid":"gen9vgc2024regg","rating":1695,"private":0,"password":null}