{"id":"gen9vgc2024regg-2167202197","format":"[Gen 9] VGC 2024 Reg G","players":["Therazer456","KogaAF1219"],"log":"|j|\u2606Therazer456\n|j|\u2606KogaAF1219\n|t:|1721915829\n|gametype|doubles\n|player|p1|Therazer456|ghetsis|1720\n|player|p2|KogaAF1219|2|1792\n|teamsize|p1|6\n|teamsize|p2|6\n|gen|9\n|tier|[Gen 9] VGC 2024 Reg G\n|rated|\n|rule|Species Clause: Limit one of each Pok\u00e9mon\n|rule|Item Clause: Limit one of each item\n|clearpoke\n|poke|p1|Calyrex-Ice, L50|\n|poke|p1|Porygon2, L50|\n|poke|p1|Raging Bolt, L50|\n|poke|p1|Incineroar, L50, F|\n|poke|p1|Iron Jugulis, L50|\n|poke|p1|Amoonguss, L50, M|\n|poke|p2|Calyrex-Shadow, L50|\n|poke|p2|Indeedee, L50, M|\n|poke|p2|Whimsicott, L50, F|\n|poke|p2|Ogerpon-Cornerstone, L50, F|\n|poke|p2|Urshifu-*, L50, M|\n|poke|p2|Torkoal, L50, F|\n|teampreview|4\nKogaAF1219 has agreed to open team sheets.\n|\n|t:|1721915862\n|start\n|switch|p1a: Robin|Iron Jugulis, L50, shiny|100\/100\n|switch|p1b: Duck Mark 2|Porygon2, L50, shiny|100\/100\n|switch|p2a: Whimsicott|Whimsicott, L50, F|100\/100\n|switch|p2b: Urshifu|Urshifu, L50, M|100\/100\n|-ability|p1b: Duck Mark 2|Download|boost\n|-boost|p1b: Duck Mark 2|spa|1\n|-enditem|p1a: Robin|Booster Energy\n|-activate|p1a: Robin|ability: Quark Drive|[fromitem]\n|-start|p1a: Robin|quarkdrivespe\n|turn|1\n|\n|t:|1721915874\n|move|p2a: Whimsicott|Light Screen|p2a: Whimsicott\n|-sidestart|p2: KogaAF1219|move: Light Screen\n|move|p1a: Robin|Air Slash|p2b: Urshifu\n|-supereffective|p2b: Urshifu\n|-damage|p2b: Urshifu|46\/100\n|cant|p2b: Urshifu|flinch\n|move|p1b: Duck Mark 2|Trick Room|p1b: Duck Mark 2\n|-fieldstart|move: Trick Room|[of] p1b: Duck Mark 2\n|\n|upkeep\n|turn|2\n|\n|t:|1721915891\n|switch|p1b: California|Raging Bolt, L50|100\/100\n|move|p2a: Whimsicott|Encore||[still]\n|-fail|p2a: Whimsicott\n|move|p2b: Urshifu|Close Combat|p1a: Robin\n|-damage|p1a: Robin|0 fnt\n|-unboost|p2b: Urshifu|def|1\n|-unboost|p2b: Urshifu|spd|1\n|faint|p1a: Robin\n|-end|p1a: Robin|Quark Drive|[silent]\n|\n|upkeep\n|j| rabbithorn01\n|\n|t:|1721915901\n|switch|p1a: Wreath|Calyrex-Ice, L50|100\/100\n|-ability|p1a: Wreath|As One\n|-ability|p1a: Wreath|Unnerve\n|turn|3\n|\n|t:|1721915909\n|switch|p2b: Calyrex|Calyrex-Shadow, L50|100\/100\n|-ability|p2b: Calyrex|As One\n|-ability|p2b: Calyrex|Unnerve\n|move|p1a: Wreath|Glacial Lance|p2b: Calyrex|[spread] p2a,p2b\n|-supereffective|p2a: Whimsicott\n|-damage|p2a: Whimsicott|3\/100\n|-damage|p2b: Calyrex|32\/100\n|move|p1b: California|Thunderbolt|p2a: Whimsicott\n|-resisted|p2a: Whimsicott\n|-damage|p2a: Whimsicott|0 fnt\n|faint|p2a: Whimsicott\n|\n|upkeep\n|\n|t:|1721915919\n|switch|p2a: Torkoal|Torkoal, L50, F|100\/100\n|-weather|SunnyDay|[from] ability: Drought|[of] p2a: Torkoal\n|-activate|p1b: California|ability: Protosynthesis\n|-start|p1b: California|protosynthesisspa\n|turn|4\n|j| REITERATE\n|\n|t:|1721915928\n|-terastallize|p1a: Wreath|Fire\n|move|p2b: Calyrex|Protect|p2b: Calyrex\n|-singleturn|p2b: Calyrex|Protect\n|move|p2a: Torkoal|Weather Ball|p1a: Wreath\n|-resisted|p1a: Wreath\n|-damage|p1a: Wreath|68\/100\n|move|p1a: Wreath|Glacial Lance|p2a: Torkoal|[spread] p2a\n|-activate|p2b: Calyrex|move: Protect\n|-resisted|p2a: Torkoal\n|-damage|p2a: Torkoal|82\/100\n|move|p1b: California|Thunderbolt|p2a: Torkoal\n|-damage|p2a: Torkoal|30\/100\n|\n|-weather|SunnyDay|[upkeep]\n|upkeep\n|turn|5\n|inactive|Battle timer is ON: inactive players will automatically lose when time's up. (requested by KogaAF1219)\n|\n|t:|1721915945\n|switch|p2b: Urshifu|Urshifu, L50, M|46\/100\n|move|p2a: Torkoal|Weather Ball|p1b: California\n|-resisted|p1b: California\n|-damage|p1b: California|75\/100\n|move|p1a: Wreath|Glacial Lance|p2a: Torkoal|[spread] p2a,p2b\n|-resisted|p2a: Torkoal\n|-damage|p2a: Torkoal|10\/100\n|-damage|p2b: Urshifu|3\/100\n|move|p1b: California|Thunderbolt|p2b: Urshifu\n|-damage|p2b: Urshifu|0 fnt\n|faint|p2b: Urshifu\n|\n|-weather|SunnyDay|[upkeep]\n|-sideend|p2: KogaAF1219|move: Light Screen\n|-fieldend|move: Trick Room\n|upkeep\n|j| Mattia non\n|\n|t:|1721915950\n|switch|p2b: Calyrex|Calyrex-Shadow, L50|32\/100\n|-ability|p2b: Calyrex|As One\n|-ability|p2b: Calyrex|Unnerve\n|turn|6\n|\n|t:|1721915962\n|-terastallize|p2b: Calyrex|Ground\n|move|p1b: California|Thunderclap|p2b: Calyrex\n|-immune|p2b: Calyrex\n|move|p2b: Calyrex|Tera Blast|p1a: Wreath|[anim] Tera Blast Ground\n|-supereffective|p1a: Wreath\n|-damage|p1a: Wreath|0 fnt\n|faint|p1a: Wreath\n|-ability|p2b: Calyrex|Grim Neigh|boost\n|-boost|p2b: Calyrex|spa|1\n|-damage|p2b: Calyrex|22\/100|[from] item: Life Orb\n|move|p2a: Torkoal|Weather Ball|p1b: California\n|-resisted|p1b: California\n|-crit|p1b: California\n|-damage|p1b: California|38\/100\n|\n|-weather|SunnyDay|[upkeep]\n|upkeep\n|\n|t:|1721915965\n|switch|p1a: Duck Mark 2|Porygon2, L50, shiny|100\/100\n|-ability|p1a: Duck Mark 2|Download|boost\n|-boost|p1a: Duck Mark 2|spa|1\n|turn|7\n|\n|t:|1721915987\n|move|p2b: Calyrex|Protect|p2b: Calyrex\n|-singleturn|p2b: Calyrex|Protect\n|move|p1b: California|Thunderclap|p2a: Torkoal\n|-damage|p2a: Torkoal|0 fnt\n|faint|p2a: Torkoal\n|move|p1a: Duck Mark 2|Tera Blast|p2b: Calyrex\n|-activate|p2b: Calyrex|move: Protect\n|\n|-weather|SunnyDay|[upkeep]\n|upkeep\n|turn|8\n|\n|t:|1721915996\n|move|p2b: Calyrex|Tera Blast|p1b: California|[anim] Tera Blast Ground\n|-supereffective|p1b: California\n|-damage|p1b: California|0 fnt\n|faint|p1b: California\n|-end|p1b: California|Protosynthesis|[silent]\n|-ability|p2b: Calyrex|Grim Neigh|boost\n|-boost|p2b: Calyrex|spa|1\n|-damage|p2b: Calyrex|12\/100|[from] item: Life Orb\n|move|p1a: Duck Mark 2|Tera Blast|p2b: Calyrex\n|-damage|p2b: Calyrex|0 fnt\n|faint|p2b: Calyrex\n|\n|win|Therazer456\n|raw|Therazer456's rating: 1720 &rarr; <strong>1744<\/strong><br \/>(+24 for winning)\n|raw|KogaAF1219's rating: 1792 &rarr; <strong>1768<\/strong><br \/>(-24 for losing)\n|l|\u2606Therazer456\n|player|p1|\n|l|\u2606KogaAF1219\n|player|p2|\n|l| Mattia non\n","uploadtime":1721916006,"views":51,"formatid":"gen9vgc2024regg","rating":1744,"private":0,"password":null}