{"id":"gen9vgc2024regg-2167081176","format":"[Gen 9] VGC 2024 Reg G","players":["Shun.c","regigidragon"],"log":"|j|\u2606Shun.c\n|j|\u2606regigidragon\n|t:|1721895463\n|gametype|doubles\n|player|p1|Shun.c|265|1693\n|player|p2|regigidragon|101|1740\n|teamsize|p1|6\n|teamsize|p2|6\n|gen|9\n|tier|[Gen 9] VGC 2024 Reg G\n|rated|\n|rule|Species Clause: Limit one of each Pok\u00e9mon\n|rule|Item Clause: Limit one of each item\n|clearpoke\n|poke|p1|Calyrex-Shadow, L50|\n|poke|p1|Raging Bolt, L50|\n|poke|p1|Urshifu-*, L50, F|\n|poke|p1|Rillaboom, L50, F|\n|poke|p1|Incineroar, L50, M|\n|poke|p1|Ogerpon-Hearthflame, L50, F|\n|poke|p2|Rayquaza, L50|\n|poke|p2|Chien-Pao, L50|\n|poke|p2|Urshifu-*, L50, F|\n|poke|p2|Rillaboom, L50, F|\n|poke|p2|Weezing-Galar, L50, M|\n|poke|p2|Regigigas, L50|\n|teampreview|4\n|inactive|Battle timer is ON: inactive players will automatically lose when time's up. (requested by regigidragon)\n|j| Buy Dogecoins\n|inactive|Shun.c has 60 seconds left.\n|\n|t:|1721895500\n|start\n|switch|p1a: Calyrex|Calyrex-Shadow, L50|100\/100\n|switch|p1b: Incineroar|Incineroar, L50, M|100\/100\n|switch|p2a: Weezing|Weezing-Galar, L50, M, shiny|100\/100\n|switch|p2b: Regigigas|Regigigas, L50, shiny|100\/100\n|-ability|p1a: Calyrex|As One\n|-ability|p1a: Calyrex|Unnerve\n|-ability|p2a: Weezing|Neutralizing Gas\n|turn|1\n|inactive|Shun.c has 30 seconds left.\n|\n|t:|1721895528\n|-terastallize|p2a: Weezing|Dark\n|move|p1a: Calyrex|Protect|p1a: Calyrex\n|-singleturn|p1a: Calyrex|Protect\n|move|p2b: Regigigas|Icy Wind|p1b: Incineroar|[spread] p1b\n|-activate|p1a: Calyrex|move: Protect\n|-resisted|p1b: Incineroar\n|-damage|p1b: Incineroar|98\/100\n|-unboost|p1b: Incineroar|spe|1\n|move|p2a: Weezing|Dark Pulse|p1a: Calyrex\n|-activate|p1a: Calyrex|move: Protect\n|move|p1b: Incineroar|Parting Shot|p2b: Regigigas\n|-unboost|p2b: Regigigas|atk|1\n|-unboost|p2b: Regigigas|spa|1\n|\n|t:|1721895544\n|switch|p1b: Urshifu|Urshifu-Rapid-Strike, L50, F|100\/100|[from] Parting Shot\n|\n|upkeep\n|turn|2\n|\n|t:|1721895559\n|switch|p1a: Incineroar|Incineroar, L50, M|98\/100\n|-end|p2b: Regigigas|Slow Start|[silent]\n|switch|p2b: Rayquaza|Rayquaza, L50, shiny|100\/100\n|move|p1b: Urshifu|Detect|p1b: Urshifu\n|-singleturn|p1b: Urshifu|Protect\n|move|p2a: Weezing|Dark Pulse|p1a: Incineroar\n|-resisted|p1a: Incineroar\n|-damage|p1a: Incineroar|76\/100\n|\n|upkeep\n|turn|3\n|\n|t:|1721895580\n|move|p1a: Incineroar|Fake Out|p2b: Rayquaza\n|-damage|p2b: Rayquaza|91\/100\n|move|p1b: Urshifu|Close Combat|p2a: Weezing\n|-supereffective|p2a: Weezing\n|-damage|p2a: Weezing|0 fnt\n|-unboost|p1b: Urshifu|def|1\n|-unboost|p1b: Urshifu|spd|1\n|faint|p2a: Weezing\n|-end|p2a: Weezing|ability: Neutralizing Gas\n|-ability|p1a: Incineroar|Intimidate|boost\n|-fail|p2b: Rayquaza|unboost|[from] item: Clear Amulet|[of] p2b: Rayquaza\n|cant|p2b: Rayquaza|flinch\n|\n|upkeep\n|\n|t:|1721895592\n|switch|p2a: Chien-Pao|Chien-Pao, L50|100\/100\n|-ability|p2a: Chien-Pao|Sword of Ruin\n|turn|4\n|inactive|Shun.c has 30 seconds left.\n|\n|t:|1721895620\n|switch|p2a: Regigigas|Regigigas, L50, shiny|100\/100\n|-start|p2a: Regigigas|ability: Slow Start\n|switch|p1a: Ogerpon|Ogerpon-Hearthflame, L50, F|100\/100\n|-ability|p1a: Ogerpon|Mold Breaker\n|move|p1b: Urshifu|Detect|p1b: Urshifu\n|-singleturn|p1b: Urshifu|Protect\n|move|p2b: Rayquaza|Dragon Ascent|p1a: Ogerpon\n|-supereffective|p1a: Ogerpon\n|-crit|p1a: Ogerpon\n|-damage|p1a: Ogerpon|0 fnt\n|-unboost|p2b: Rayquaza|def|1\n|-unboost|p2b: Rayquaza|spd|1\n|faint|p1a: Ogerpon\n|\n|upkeep\n|\n|t:|1721895635\n|switch|p1a: Incineroar|Incineroar, L50, M|76\/100\n|-ability|p1a: Incineroar|Intimidate|boost\n|-unboost|p2a: Regigigas|atk|1\n|-fail|p2b: Rayquaza|unboost|[from] item: Clear Amulet|[of] p2b: Rayquaza\n|turn|5\n|inactive|Shun.c has 30 seconds left.\n|\n|t:|1721895664\n|move|p1a: Incineroar|Fake Out|p2b: Rayquaza\n|-damage|p2b: Rayquaza|76\/100\n|move|p1b: Urshifu|Close Combat|p2a: Regigigas\n|-supereffective|p2a: Regigigas\n|-damage|p2a: Regigigas|0 fnt\n|-unboost|p1b: Urshifu|def|1\n|-unboost|p1b: Urshifu|spd|1\n|faint|p2a: Regigigas\n|-end|p2a: Regigigas|Slow Start|[silent]\n|cant|p2b: Rayquaza|flinch\n|\n|upkeep\n|\n|t:|1721895670\n|switch|p2a: Chien-Pao|Chien-Pao, L50|100\/100\n|-ability|p2a: Chien-Pao|Sword of Ruin\n|turn|6\n|inactive|Shun.c has 30 seconds left.\n|\n|t:|1721895700\n|switch|p1b: Calyrex|Calyrex-Shadow, L50|100\/100\n|-ability|p1b: Calyrex|As One\n|-ability|p1b: Calyrex|Unnerve\n|move|p2a: Chien-Pao|Icicle Crash|p1b: Calyrex\n|-damage|p1b: Calyrex|36\/100\n|-enditem|p1b: Calyrex|Sitrus Berry|[eat]\n|-heal|p1b: Calyrex|61\/100|[from] item: Sitrus Berry\n|move|p2b: Rayquaza|Dragon Ascent|p1a: Incineroar\n|-damage|p1a: Incineroar|0 fnt\n|-unboost|p2b: Rayquaza|def|1\n|-unboost|p2b: Rayquaza|spd|1\n|faint|p1a: Incineroar\n|\n|upkeep\n|\n|t:|1721895715\n|switch|p1a: Urshifu|Urshifu-Rapid-Strike, L50, F|100\/100\n|turn|7\n|j| Wiewsg\n|\n|t:|1721895735\n|move|p1b: Calyrex|Protect|p1b: Calyrex\n|-singleturn|p1b: Calyrex|Protect\n|move|p2b: Rayquaza|Extreme Speed|p1b: Calyrex\n|-activate|p1b: Calyrex|move: Protect\n|move|p2a: Chien-Pao|Sucker Punch||[still]\n|-fail|p2a: Chien-Pao\n|move|p1a: Urshifu|Surging Strikes|p2a: Chien-Pao\n|-crit|p2a: Chien-Pao\n|-damage|p2a: Chien-Pao|66\/100\n|-crit|p2a: Chien-Pao\n|-damage|p2a: Chien-Pao|35\/100\n|-crit|p2a: Chien-Pao\n|-damage|p2a: Chien-Pao|6\/100\n|-hitcount|p2a: Chien-Pao|3\n|\n|upkeep\n|turn|8\n|l| Wiewsg\n|inactive|Shun.c has 30 seconds left.\n|inactive|Shun.c has 20 seconds left.\n|inactive|Shun.c has 15 seconds left.\n|j| THUNDERSND77\n|inactive|Shun.c has 10 seconds left.\n|\n|t:|1721895782\n|move|p1b: Calyrex|Protect|p1b: Calyrex\n|-singleturn|p1b: Calyrex|Protect\n|move|p2a: Chien-Pao|Sucker Punch||[still]\n|-fail|p2a: Chien-Pao\n|move|p1a: Urshifu|Aqua Jet|p2a: Chien-Pao\n|-damage|p2a: Chien-Pao|0 fnt\n|faint|p2a: Chien-Pao\n|move|p2b: Rayquaza|Dragon Ascent|p1a: Urshifu\n|-supereffective|p1a: Urshifu\n|-crit|p1a: Urshifu\n|-enditem|p1a: Urshifu|Focus Sash\n|-damage|p1a: Urshifu|1\/100\n|-unboost|p2b: Rayquaza|def|1\n|-unboost|p2b: Rayquaza|spd|1\n|\n|upkeep\n|turn|9\n|j| Wiewsg\n|-message|regigidragon forfeited.\n|\n|win|Shun.c\n|raw|Shun.c's rating: 1693 &rarr; <strong>1716<\/strong><br \/>(+23 for winning)\n|raw|regigidragon's rating: 1740 &rarr; <strong>1717<\/strong><br \/>(-23 for losing)\n|l|\u2606regigidragon\n|player|p2|\n|l| Buy Dogecoins\n|l|\u2606Shun.c\n|player|p1|\n|l| Wiewsg\n|l| THUNDERSND77\n","uploadtime":1721896025,"views":23,"formatid":"gen9vgc2024regg","rating":1716,"private":0,"password":null}