{"id":"gen9vgc2024regg-2167910318","format":"[Gen 9] VGC 2024 Reg G","players":["Mwahafear","BrodaxVGC"],"log":"|j|\u2606Mwahafear\n|j|\u2606BrodaxVGC\n|t:|1722013398\n|gametype|doubles\n|player|p1|Mwahafear|miku-flying|1692\n|player|p2|BrodaxVGC|102|1774\n|teamsize|p1|6\n|teamsize|p2|6\n|gen|9\n|tier|[Gen 9] VGC 2024 Reg G\n|rated|\n|rule|Species Clause: Limit one of each Pok\u00e9mon\n|rule|Item Clause: Limit one of each item\n|clearpoke\n|poke|p1|Muk-Alola, L50, F|\n|poke|p1|Smeargle, L50, F|\n|poke|p1|Rillaboom, L50, M|\n|poke|p1|Sableye, L50, F|\n|poke|p1|Calyrex-Shadow, L50|\n|poke|p1|Flamigo, L50, M|\n|poke|p2|Miraidon, L50|\n|poke|p2|Whimsicott, L50, M|\n|poke|p2|Chi-Yu, L50|\n|poke|p2|Ogerpon-Wellspring, L50, F|\n|poke|p2|Iron Hands, L50|\n|poke|p2|Farigiraf, L50, M|\n|teampreview|4\n|inactive|Battle timer is ON: inactive players will automatically lose when time's up. (requested by BrodaxVGC)\n|j| dullb0y da cabiuna\n|l| dullb0y da cabiuna\n|inactive|Mwahafear has 60 seconds left.\n|\n|t:|1722013437\n|start\n|switch|p1a: Mom|Muk-Alola, L50, F, shiny|100\/100\n|switch|p1b: Smeargle|Smeargle, L50, F|100\/100\n|switch|p2a: Miraidon|Miraidon, L50|100\/100\n|switch|p2b: Chi-Yu|Chi-Yu, L50|100\/100\n|-fieldstart|move: Electric Terrain|[from] ability: Hadron Engine|[of] p2a: Miraidon\n|-ability|p2b: Chi-Yu|Beads of Ruin\n|turn|1\n|inactive|BrodaxVGC has 30 seconds left.\n|\n|t:|1722013467\n|switch|p2b: Farigiraf|Farigiraf, L50, M|100\/100\n|-enditem|p2b: Farigiraf|Electric Seed\n|-boost|p2b: Farigiraf|def|1|[from] item: Electric Seed\n|-terastallize|p2a: Miraidon|Electric\n|move|p1a: Mom|Protect|p1a: Mom\n|-singleturn|p1a: Mom|Protect\n|move|p2a: Miraidon|Volt Switch|p1a: Mom\n|-activate|p1a: Mom|move: Protect\n|move|p1b: Smeargle|Decorate|p1a: Mom\n|-boost|p1a: Mom|atk|2\n|-boost|p1a: Mom|spa|2\n|\n|-ability|p1b: Smeargle|Moody|boost\n|-boost|p1b: Smeargle|spa|2\n|-unboost|p1b: Smeargle|spe|1\n|upkeep\n|turn|2\n|inactive|BrodaxVGC has 30 seconds left.\n|\n|t:|1722013493\n|switch|p2b: Chi-Yu|Chi-Yu, L50|100\/100\n|-ability|p2b: Chi-Yu|Beads of Ruin\n|move|p1b: Smeargle|Follow Me|p1b: Smeargle\n|-singleturn|p1b: Smeargle|move: Follow Me\n|move|p2a: Miraidon|Volt Switch|p1b: Smeargle\n|-enditem|p1b: Smeargle|Focus Sash\n|-damage|p1b: Smeargle|1\/100\n|\n|t:|1722013503\n|switch|p2a: Whimsicott|Whimsicott, L50, M|100\/100|[from] Volt Switch\n|move|p1a: Mom|Minimize|p1a: Mom\n|-boost|p1a: Mom|evasion|2\n|\n|-ability|p1b: Smeargle|Moody|boost\n|-boost|p1b: Smeargle|spa|2\n|-unboost|p1b: Smeargle|def|1\n|upkeep\n|turn|3\n|\n|t:|1722013517\n|-terastallize|p1a: Mom|Fire\n|move|p1b: Smeargle|Follow Me|p1b: Smeargle\n|-singleturn|p1b: Smeargle|move: Follow Me\n|move|p2a: Whimsicott|Moonblast|p1b: Smeargle\n|-damage|p1b: Smeargle|0 fnt\n|faint|p1b: Smeargle\n|-ability|p1a: Mom|Moody|[from] ability: Power of Alchemy|[of] p1b: Smeargle\n|move|p2b: Chi-Yu|Heat Wave|p1a: Mom|[miss]\n|-miss|p2b: Chi-Yu|p1a: Mom\n|move|p1a: Mom|Minimize|p1a: Mom\n|-boost|p1a: Mom|evasion|2\n|\n|-ability|p1a: Mom|Moody|boost\n|-boost|p1a: Mom|atk|2\n|-unboost|p1a: Mom|spa|1\n|upkeep\n|\n|t:|1722013532\n|switch|p1b: Flamigo|Flamigo, L50, M|100\/100\n|-copyboost|p1b: Flamigo|p1a: Mom|[from] ability: Costar\n|turn|4\n|\n|t:|1722013555\n|move|p2a: Whimsicott|Encore|p1a: Mom|[miss]\n|-miss|p2a: Whimsicott|p1a: Mom\n|move|p2b: Chi-Yu|Heat Wave|p1a: Mom|[spread] p1a\n|-miss|p2b: Chi-Yu|p1b: Flamigo\n|-resisted|p1a: Mom\n|-damage|p1a: Mom|72\/100\n|-damage|p2b: Chi-Yu|91\/100|[from] item: Life Orb\n|move|p1b: Flamigo|Close Combat|p2b: Chi-Yu\n|-supereffective|p2b: Chi-Yu\n|-damage|p2b: Chi-Yu|0 fnt\n|-unboost|p1b: Flamigo|def|1\n|-unboost|p1b: Flamigo|spd|1\n|-enditem|p1b: Flamigo|White Herb\n|-clearnegativeboost|p1b: Flamigo|[silent]\n|faint|p2b: Chi-Yu\n|move|p1a: Mom|Poison Jab|p2a: Whimsicott\n|-supereffective|p2a: Whimsicott\n|-enditem|p2a: Whimsicott|Focus Sash\n|-damage|p2a: Whimsicott|1\/100\n|\n|-heal|p1a: Mom|78\/100|[from] item: Leftovers\n|-ability|p1a: Mom|Moody|boost\n|-boost|p1a: Mom|spa|2\n|-unboost|p1a: Mom|def|1\n|upkeep\n|\n|t:|1722013565\n|switch|p2b: Miraidon|Miraidon, L50, tera:Electric|100\/100\n|-activate|p2b: Miraidon|ability: Hadron Engine\n|turn|5\n|\n|t:|1722013579\n|move|p2a: Whimsicott|Tailwind|p2a: Whimsicott\n|-sidestart|p2: BrodaxVGC|move: Tailwind\n|move|p2b: Miraidon|Electro Drift|p1a: Mom|[miss]\n|-miss|p2b: Miraidon|p1a: Mom\n|move|p1b: Flamigo|Close Combat|p2b: Miraidon\n|-damage|p2b: Miraidon|0 fnt\n|-unboost|p1b: Flamigo|def|1\n|-unboost|p1b: Flamigo|spd|1\n|faint|p2b: Miraidon\n|move|p1a: Mom|Knock Off|p2a: Whimsicott\n|-resisted|p2a: Whimsicott\n|-damage|p2a: Whimsicott|0 fnt\n|faint|p2a: Whimsicott\n|\n|-heal|p1a: Mom|84\/100|[from] item: Leftovers\n|-fieldend|move: Electric Terrain\n|-ability|p1a: Mom|Moody|boost\n|-boost|p1a: Mom|def|2\n|-unboost|p1a: Mom|spd|1\n|upkeep\n|l|\u2606BrodaxVGC\n|inactive|BrodaxVGC disconnected and has a minute to reconnect!\n|player|p2|\n|inactive|BrodaxVGC has 30 seconds left.\n|inactive|BrodaxVGC has 20 seconds left.\n|inactive|BrodaxVGC has 15 seconds left.\n|inactive|BrodaxVGC has 10 seconds left.\n|inactive|BrodaxVGC has 5 seconds left.\n|-message|BrodaxVGC lost due to inactivity.\n|\n|win|Mwahafear\n|raw|Mwahafear's rating: 1692 &rarr; <strong>1717<\/strong><br \/>(+25 for winning)\n|raw|BrodaxVGC's rating: 1774 &rarr; <strong>1749<\/strong><br \/>(-25 for losing)\n|l|\u2606Mwahafear\n|player|p1|\n","uploadtime":1722013640,"views":52,"formatid":"gen9vgc2024regg","rating":1717,"private":0,"password":null}