{"id":"gen9vgc2024regg-2167679228","format":"[Gen 9] VGC 2024 Reg G","players":["lon0907vgc","Axep91"],"log":"|j|\u2606lon0907vgc\n|j|\u2606Axep91\n|t:|1721978999\n|gametype|doubles\n|player|p1|lon0907vgc|lass-gen4dp|1676\n|player|p2|Axep91|266|1727\n|teamsize|p1|6\n|teamsize|p2|6\n|gen|9\n|tier|[Gen 9] VGC 2024 Reg G\n|rated|\n|rule|Species Clause: Limit one of each Pok\u00e9mon\n|rule|Item Clause: Limit one of each item\n|clearpoke\n|poke|p1|Miraidon, L50|\n|poke|p1|Iron Hands, L50|\n|poke|p1|Farigiraf, L50, F|\n|poke|p1|Whimsicott, L50, M|\n|poke|p1|Urshifu-*, L50, F|\n|poke|p1|Entei, L50|\n|poke|p2|Terapagos, L50, M|\n|poke|p2|Grimmsnarl, L50, M|\n|poke|p2|Urshifu-*, L50, M|\n|poke|p2|Amoonguss, L50, F|\n|poke|p2|Raging Bolt, L50|\n|poke|p2|Rillaboom, L50, M|\n|teampreview|4\nAxep91 has agreed to open team sheets.\n|inactive|Battle timer is ON: inactive players will automatically lose when time's up. (requested by Axep91)\n|\n|t:|1721979021\n|start\n|switch|p1a: Miraidon|Miraidon, L50|100\/100\n|switch|p1b: Whimsicott|Whimsicott, L50, M|100\/100\n|switch|p2a: Rillaboom|Rillaboom, L50, M|100\/100\n|switch|p2b: Grimmsnarl|Grimmsnarl, L50, M|100\/100\n|-fieldstart|move: Electric Terrain|[from] ability: Hadron Engine|[of] p1a: Miraidon\n|-fieldstart|move: Grassy Terrain|[from] ability: Grassy Surge|[of] p2a: Rillaboom\n|turn|1\n|inactive|lon0907vgc has 30 seconds left.\n|\n|t:|1721979047\n|switch|p1a: Iron Hands|Iron Hands, L50|100\/100\n|move|p2b: Grimmsnarl|Light Screen|p2b: Grimmsnarl\n|-sidestart|p2: Axep91|move: Light Screen\n|move|p1b: Whimsicott|Moonblast|p2b: Grimmsnarl\n|-supereffective|p2b: Grimmsnarl\n|-damage|p2b: Grimmsnarl|68\/100\n|-unboost|p2b: Grimmsnarl|spa|1\n|move|p2a: Rillaboom|U-turn|p1b: Whimsicott\n|-damage|p1b: Whimsicott|74\/100\n|j| THUNDERSND77\n|\n|t:|1721979056\n|switch|p2a: Urshifu|Urshifu-Rapid-Strike, L50, M|100\/100|[from] U-turn\n|\n|-heal|p1b: Whimsicott|80\/100|[from] Grassy Terrain\n|-heal|p2b: Grimmsnarl|74\/100|[from] Grassy Terrain\n|upkeep\n|turn|2\n|j| rabbithorn05\n|inactive|lon0907vgc has 30 seconds left.\n|inactive|Axep91 has 30 seconds left.\n|\n|t:|1721979085\n|move|p2a: Urshifu|Detect|p2a: Urshifu\n|-singleturn|p2a: Urshifu|Protect\n|move|p1b: Whimsicott|Tailwind|p1b: Whimsicott\n|-sidestart|p1: lon0907vgc|move: Tailwind\n|move|p2b: Grimmsnarl|Reflect|p2b: Grimmsnarl\n|-sidestart|p2: Axep91|Reflect\n|move|p1a: Iron Hands|Heavy Slam|p2b: Grimmsnarl\n|-supereffective|p2b: Grimmsnarl\n|-damage|p2b: Grimmsnarl|17\/100\n|\n|-heal|p1b: Whimsicott|86\/100|[from] Grassy Terrain\n|-heal|p2b: Grimmsnarl|23\/100|[from] Grassy Terrain\n|upkeep\n|turn|3\n|inactive|lon0907vgc has 30 seconds left.\n|\n|t:|1721979114\n|switch|p2a: Rillaboom|Rillaboom, L50, M|100\/100\n|move|p2b: Grimmsnarl|Thunder Wave|p1b: Whimsicott\n|-status|p1b: Whimsicott|par\n|move|p1b: Whimsicott|Moonblast|p2a: Rillaboom\n|-damage|p2a: Rillaboom|90\/100\n|move|p1a: Iron Hands|Heavy Slam|p2b: Grimmsnarl\n|-supereffective|p2b: Grimmsnarl\n|-damage|p2b: Grimmsnarl|0 fnt\n|faint|p2b: Grimmsnarl\n|\n|-heal|p1b: Whimsicott|92\/100 par|[from] Grassy Terrain\n|-heal|p2a: Rillaboom|96\/100|[from] Grassy Terrain\n|upkeep\n|\n|t:|1721979130\n|switch|p2b: Terapagos|Terapagos, L50, M|100\/100\n|-activate|p2b: Terapagos|ability: Tera Shift\n|detailschange|p2b: Terapagos|Terapagos-Terastal, L50, M\n|-heal|p2b: Terapagos|100\/100|[silent]\n|turn|4\n|j| poolsideguy\n|\n|t:|1721979150\n|move|p2a: Rillaboom|Fake Out|p1a: Iron Hands\n|-damage|p1a: Iron Hands|92\/100\n|move|p1b: Whimsicott|Moonblast|p2b: Terapagos\n|-activate|p2b: Terapagos|ability: Tera Shell\n|-resisted|p2b: Terapagos\n|-damage|p2b: Terapagos|93\/100\n|cant|p1a: Iron Hands|flinch\n|move|p2b: Terapagos|Tera Starstorm|p1a: Iron Hands\n|-damage|p1a: Iron Hands|47\/100\n|\n|-heal|p1b: Whimsicott|98\/100 par|[from] Grassy Terrain\n|-heal|p1a: Iron Hands|53\/100|[from] Grassy Terrain\n|-heal|p2b: Terapagos|99\/100|[from] Grassy Terrain\n|-heal|p2a: Rillaboom|100\/100|[from] Grassy Terrain\n|upkeep\n|turn|5\n|\n|t:|1721979171\n|-terastallize|p2b: Terapagos|Stellar\n|detailschange|p2b: Terapagos|Terapagos-Stellar, L50, M, tera:Stellar\n|-heal|p2b: Terapagos|99\/100|[silent]\n|-ability|p2b: Terapagos|Teraform Zero\n|-fieldend|move: Grassy Terrain\n|move|p1b: Whimsicott|Encore|p2a: Rillaboom\n|-start|p2a: Rillaboom|Encore\n|move|p1a: Iron Hands|Drain Punch|p2b: Terapagos\n|-supereffective|p2b: Terapagos\n|-damage|p2b: Terapagos|63\/100\n|-heal|p1a: Iron Hands|71\/100|[from] drain|[of] p2b: Terapagos\n|move|p2a: Rillaboom|Fake Out||[still]\n|-hint|Fake Out only works on your first turn out.\n|-fail|p2a: Rillaboom\n|move|p2b: Terapagos|Tera Starstorm|p1b: Whimsicott|[spread] p1a,p1b\n|-damage|p1a: Iron Hands|38\/100\n|-damage|p1b: Whimsicott|39\/100 par\n|\n|-sideend|p1: lon0907vgc|move: Tailwind\n|upkeep\n|turn|6\n|inactive|lon0907vgc has 30 seconds left.\n|inactive|Axep91 has 30 seconds left.\n|\n|t:|1721979203\n|switch|p2a: Urshifu|Urshifu-Rapid-Strike, L50, M|100\/100\n|move|p1b: Whimsicott|Light Screen|p1b: Whimsicott\n|-sidestart|p1: lon0907vgc|move: Light Screen\n|move|p2b: Terapagos|Tera Starstorm|p1b: Whimsicott|[spread] p1a,p1b\n|-damage|p1a: Iron Hands|14\/100\n|-damage|p1b: Whimsicott|0 fnt\n|faint|p1b: Whimsicott\n|move|p1a: Iron Hands|Drain Punch|p2b: Terapagos\n|-supereffective|p2b: Terapagos\n|-damage|p2b: Terapagos|25\/100\n|-heal|p1a: Iron Hands|34\/100|[from] drain|[of] p2b: Terapagos\n|\n|upkeep\n|\n|t:|1721979213\n|switch|p1b: Miraidon|Miraidon, L50|100\/100\n|-fieldstart|move: Electric Terrain|[from] ability: Hadron Engine|[of] p1b: Miraidon\n|-activate|p1a: Iron Hands|ability: Quark Drive\n|-start|p1a: Iron Hands|quarkdriveatk\n|turn|7\n|inactive|lon0907vgc has 30 seconds left.\n|\n|t:|1721979239\n|switch|p2b: Rillaboom|Rillaboom, L50, M|100\/100\n|-fieldstart|move: Grassy Terrain|[from] ability: Grassy Surge|[of] p2b: Rillaboom\n|-end|p1a: Iron Hands|Quark Drive\n|-terastallize|p1b: Miraidon|Fairy\n|move|p2a: Urshifu|Detect|p2a: Urshifu\n|-singleturn|p2a: Urshifu|Protect\n|move|p1b: Miraidon|Dazzling Gleam|p2b: Rillaboom|[spread] p2b\n|-activate|p2a: Urshifu|move: Protect\n|-damage|p2b: Rillaboom|80\/100\n|move|p1a: Iron Hands|Drain Punch|p2b: Rillaboom\n|-damage|p2b: Rillaboom|51\/100\n|-heal|p1a: Iron Hands|45\/100|[from] drain|[of] p2b: Rillaboom\n|\n|-heal|p2b: Rillaboom|57\/100|[from] Grassy Terrain\n|-heal|p1a: Iron Hands|51\/100|[from] Grassy Terrain\n|upkeep\n|turn|8\n|inactive|Axep91 has 30 seconds left.\n|\n|t:|1721979267\n|switch|p1b: Urshifu|Urshifu, L50, F|100\/100\n|move|p2b: Rillaboom|Fake Out|p1b: Urshifu\n|-damage|p1b: Urshifu|89\/100\n|move|p2a: Urshifu|Surging Strikes|p1a: Iron Hands\n|-crit|p1a: Iron Hands\n|-damage|p1a: Iron Hands|37\/100\n|-crit|p1a: Iron Hands\n|-damage|p1a: Iron Hands|24\/100\n|-crit|p1a: Iron Hands\n|-damage|p1a: Iron Hands|9\/100\n|-hitcount|p1a: Iron Hands|3\n|move|p1a: Iron Hands|Wild Charge|p2a: Urshifu\n|-supereffective|p2a: Urshifu\n|-damage|p2a: Urshifu|32\/100\n|-damage|p1a: Iron Hands|0 fnt|[from] Recoil\n|faint|p1a: Iron Hands\n|-end|p1a: Iron Hands|Quark Drive|[silent]\n|\n|-heal|p2a: Urshifu|38\/100|[from] Grassy Terrain\n|-heal|p1b: Urshifu|95\/100|[from] Grassy Terrain\n|-heal|p2b: Rillaboom|64\/100|[from] Grassy Terrain\n|-sideend|p2: Axep91|move: Light Screen\n|upkeep\n|\n|t:|1721979272\n|switch|p1a: Miraidon|Miraidon, L50, tera:Fairy|100\/100\n|-fieldstart|move: Electric Terrain|[from] ability: Hadron Engine|[of] p1a: Miraidon\n|turn|9\n|inactive|lon0907vgc has 30 seconds left.\n|inactive|Axep91 has 30 seconds left.\n|inactive|lon0907vgc has 20 seconds left.\n|inactive|lon0907vgc has 15 seconds left.\n|\n|t:|1721979315\n|move|p2a: Urshifu|Detect|p2a: Urshifu\n|-singleturn|p2a: Urshifu|Protect\n|move|p1a: Miraidon|Dazzling Gleam|p2b: Rillaboom|[spread] p2b\n|-activate|p2a: Urshifu|move: Protect\n|-damage|p2b: Rillaboom|26\/100\n|move|p1b: Urshifu|Close Combat|p2a: Urshifu\n|-damage|p2a: Urshifu|0 fnt\n|-unboost|p1b: Urshifu|def|1\n|-unboost|p1b: Urshifu|spd|1\n|faint|p2a: Urshifu\n|move|p2b: Rillaboom|Drum Beating|p1a: Miraidon\n|-damage|p1a: Miraidon|66\/100\n|-unboost|p1a: Miraidon|spe|1\n|\n|-sideend|p2: Axep91|Reflect\n|upkeep\n|\n|t:|1721979330\n|switch|p2a: Terapagos|Terapagos-Stellar, L50, M, tera:Stellar|25\/100\n|turn|10\n|\n|t:|1721979339\n|move|p1b: Urshifu|Close Combat|p2a: Terapagos\n|-supereffective|p2a: Terapagos\n|-damage|p2a: Terapagos|0 fnt\n|-unboost|p1b: Urshifu|def|1\n|-unboost|p1b: Urshifu|spd|1\n|faint|p2a: Terapagos\n|move|p1a: Miraidon|Dazzling Gleam|p2b: Rillaboom\n|-damage|p2b: Rillaboom|0 fnt\n|faint|p2b: Rillaboom\n|\n|win|lon0907vgc\n|raw|lon0907vgc's rating: 1676 &rarr; <strong>1699<\/strong><br \/>(+23 for winning)\n|raw|Axep91's rating: 1727 &rarr; <strong>1704<\/strong><br \/>(-23 for losing)\n|l| poolsideguy\n|l| THUNDERSND77\n","uploadtime":1721979353,"views":33,"formatid":"gen9vgc2024regg","rating":1699,"private":0,"password":null}