{"id":"gen9vgc2024regg-2167940142","format":"[Gen 9] VGC 2024 Reg G","players":["Alarim","KogaAF1219"],"log":"|j|\u2606Alarim\n|j|\u2606KogaAF1219\n|t:|1722016849\n|gametype|doubles\n|player|p1|Alarim|2|1672\n|player|p2|KogaAF1219|169|1733\n|teamsize|p1|6\n|teamsize|p2|6\n|gen|9\n|tier|[Gen 9] VGC 2024 Reg G\n|rated|\n|rule|Species Clause: Limit one of each Pok\u00e9mon\n|rule|Item Clause: Limit one of each item\n|clearpoke\n|poke|p1|Calyrex-Shadow, L50|\n|poke|p1|Smeargle, L50, F|\n|poke|p1|Urshifu-*, L50, M|\n|poke|p1|Clefairy, L50, M|\n|poke|p1|Rillaboom, L50, M|\n|poke|p1|Incineroar, L50, M|\n|poke|p2|Calyrex-Shadow, L50|\n|poke|p2|Indeedee, L50, M|\n|poke|p2|Whimsicott, L50, F|\n|poke|p2|Ogerpon-Cornerstone, L50, F|\n|poke|p2|Urshifu-*, L50, M|\n|poke|p2|Torkoal, L50, M|\n|teampreview|4\nKogaAF1219 has agreed to open team sheets.\n|inactive|Battle timer is ON: inactive players will automatically lose when time's up. (requested by KogaAF1219)\n|\n|t:|1722016921\n|start\n|switch|p1a: Calyrex|Calyrex-Shadow, L50|100\/100\n|switch|p1b: Smeargle|Smeargle, L50, F|100\/100\n|switch|p2a: Urshifu|Urshifu, L50, M|100\/100\n|switch|p2b: Calyrex|Calyrex-Shadow, L50|100\/100\n|-ability|p2b: Calyrex|As One\n|-ability|p2b: Calyrex|Unnerve\n|-ability|p1a: Calyrex|As One\n|-ability|p1a: Calyrex|Unnerve\n|turn|1\n|inactive|Alarim has 30 seconds left.\n|inactive|KogaAF1219 has 30 seconds left.\n|\n|t:|1722016954\n|-terastallize|p1a: Calyrex|Fairy\n|-terastallize|p2a: Urshifu|Poison\n|move|p1b: Smeargle|Fake Out|p2a: Urshifu\n|-damage|p2a: Urshifu|93\/100\n|move|p2b: Calyrex|Astral Barrage|p1b: Smeargle|[spread] p1a\n|-immune|p1b: Smeargle\n|-damage|p1a: Calyrex|37\/100\n|-damage|p2b: Calyrex|91\/100|[from] item: Life Orb\n|move|p1a: Calyrex|Nasty Plot|p1a: Calyrex\n|-boost|p1a: Calyrex|spa|2\n|cant|p2a: Urshifu|flinch\n|\n|upkeep\n|turn|2\n|inactive|Alarim has 30 seconds left.\n|inactive|KogaAF1219 has 30 seconds left.\n|\n|t:|1722016980\n|move|p1a: Calyrex|Protect|p1a: Calyrex\n|-singleturn|p1a: Calyrex|Protect\n|move|p2a: Urshifu|Sucker Punch||[still]\n|-fail|p2a: Urshifu\n|move|p2b: Calyrex|Astral Barrage|p1a: Calyrex|[spread] \n|-activate|p1a: Calyrex|move: Protect\n|-immune|p1b: Smeargle\n|move|p1b: Smeargle|Spore|p2b: Calyrex\n|-status|p2b: Calyrex|slp|[from] move: Spore\n|\n|upkeep\n|turn|3\n|inactive|KogaAF1219 has 30 seconds left.\n|\n|t:|1722017005\n|switch|p2b: Ogerpon|Ogerpon-Cornerstone, L50, F|100\/100\n|switch|p2a: Indeedee|Indeedee, L50, M|100\/100\n|-fieldstart|move: Psychic Terrain|[from] ability: Psychic Surge|[of] p2a: Indeedee\n|move|p1b: Smeargle|Follow Me|p1b: Smeargle\n|-singleturn|p1b: Smeargle|move: Follow Me\n|move|p1a: Calyrex|Draining Kiss|p2b: Ogerpon\n|-damage|p2b: Ogerpon|29\/100\n|-heal|p1a: Calyrex|77\/100|[from] drain|[of] p2b: Ogerpon\n|\n|upkeep\n|turn|4\n|inactive|Alarim has 30 seconds left.\n|\n|t:|1722017034\n|move|p2b: Ogerpon|Spiky Shield|p2b: Ogerpon\n|-singleturn|p2b: Ogerpon|move: Protect\n|move|p1b: Smeargle|Follow Me|p1b: Smeargle\n|-singleturn|p1b: Smeargle|move: Follow Me\n|move|p1a: Calyrex|Draining Kiss|p2a: Indeedee\n|-damage|p2a: Indeedee|6\/100\n|-heal|p1a: Calyrex|100\/100|[from] drain|[of] p2a: Indeedee\n|move|p2a: Indeedee|Expanding Force|p1a: Calyrex|[spread] p1a,p1b\n|-damage|p1a: Calyrex|59\/100\n|-enditem|p1b: Smeargle|Focus Sash\n|-damage|p1b: Smeargle|1\/100\n|\n|upkeep\n|turn|5\n|\n|t:|1722017058\n|move|p2b: Ogerpon|Spiky Shield||[still]\n|-fail|p2b: Ogerpon\n|move|p1b: Smeargle|Follow Me|p1b: Smeargle\n|-singleturn|p1b: Smeargle|move: Follow Me\n|move|p1a: Calyrex|Draining Kiss|p2a: Indeedee\n|-crit|p2a: Indeedee\n|-damage|p2a: Indeedee|0 fnt\n|-heal|p1a: Calyrex|62\/100|[from] drain|[of] p2a: Indeedee\n|faint|p2a: Indeedee\n|-ability|p1a: Calyrex|Grim Neigh|boost\n|-boost|p1a: Calyrex|spa|1\n|\n|upkeep\n|\n|t:|1722017066\n|switch|p2a: Calyrex|Calyrex-Shadow, L50|91\/100 slp\n|-ability|p2a: Calyrex|As One\n|-ability|p2a: Calyrex|Unnerve\n|turn|6\n|\n|t:|1722017081\n|switch|p1b: Clefairy|Clefairy, L50, M|100\/100\n|cant|p2a: Calyrex|slp\n|move|p1a: Calyrex|Astral Barrage|p2b: Ogerpon|[spread] p2a,p2b\n|-supereffective|p2a: Calyrex\n|-damage|p2a: Calyrex|0 fnt\n|-damage|p2b: Ogerpon|0 fnt\n|faint|p2a: Calyrex\n|faint|p2b: Ogerpon\n|-ability|p1a: Calyrex|Grim Neigh|boost\n|-boost|p1a: Calyrex|spa|2\n|\n|upkeep\n|\n|t:|1722017089\n|switch|p2b: Urshifu|Urshifu, L50, M, tera:Poison|93\/100\n|turn|7\n|\n|t:|1722017096\n|move|p1b: Clefairy|Follow Me|p1b: Clefairy\n|-singleturn|p1b: Clefairy|move: Follow Me\n|move|p1a: Calyrex|Astral Barrage|p2b: Urshifu\n|-damage|p2b: Urshifu|0 fnt\n|faint|p2b: Urshifu\n|\n|win|Alarim\n|raw|Alarim's rating: 1672 &rarr; <strong>1695<\/strong><br \/>(+23 for winning)\n|raw|KogaAF1219's rating: 1733 &rarr; <strong>1710<\/strong><br \/>(-23 for losing)\n|l|\u2606KogaAF1219\n|player|p2|\n|l|\u2606Alarim\n|player|p1|\n","uploadtime":1722017348,"views":10,"formatid":"gen9vgc2024regg","rating":1695,"private":0,"password":null}