{"id":"gen9vgc2024regg-2167187289","format":"[Gen 9] VGC 2024 Reg G","players":["FreezyPop439","Krisuerte"],"log":"|j|\u2606FreezyPop439\n|j|\u2606Krisuerte\n|t:|1721913928\n|gametype|doubles\n|player|p1|FreezyPop439|collector|1647\n|player|p2|Krisuerte|266|1751\n|teamsize|p1|6\n|teamsize|p2|6\n|gen|9\n|tier|[Gen 9] VGC 2024 Reg G\n|rated|\n|rule|Species Clause: Limit one of each Pok\u00e9mon\n|rule|Item Clause: Limit one of each item\n|clearpoke\n|poke|p1|Rillaboom, L50, M|\n|poke|p1|Zamazenta-*, L50|\n|poke|p1|Flutter Mane, L50|\n|poke|p1|Latios, L50, M|\n|poke|p1|Moltres-Galar, L50|\n|poke|p1|Tyranitar, L50, F|\n|poke|p2|Groudon, L50|\n|poke|p2|Gouging Fire, L50|\n|poke|p2|Raging Bolt, L50|\n|poke|p2|Flutter Mane, L50|\n|poke|p2|Walking Wake, L50|\n|poke|p2|Urshifu-*, L50, F|\n|teampreview|4\n|inactive|Battle timer is ON: inactive players will automatically lose when time's up. (requested by Krisuerte)\n|\n|t:|1721914009\n|start\n|switch|p1a: Moltres|Moltres-Galar, L50|100\/100\n|switch|p1b: Zamazenta|Zamazenta-Crowned, L50|100\/100\n|switch|p2a: Flutter Mane|Flutter Mane, L50|100\/100\n|switch|p2b: Urshifu|Urshifu, L50, F|100\/100\n|-ability|p1b: Zamazenta|Dauntless Shield|boost\n|-boost|p1b: Zamazenta|def|1\n|turn|1\n|inactive|Krisuerte has 30 seconds left.\n|inactive|Krisuerte has 20 seconds left.\n|inactive|Krisuerte has 15 seconds left.\n|inactive|Krisuerte has 10 seconds left.\n|inactive|Krisuerte has 5 seconds left.\n|\n|t:|1721914060\n|-terastallize|p2a: Flutter Mane|Fairy\n|move|p1a: Moltres|Protect|p1a: Moltres\n|-singleturn|p1a: Moltres|Protect\n|move|p2a: Flutter Mane|Moonblast|p1b: Zamazenta\n|-damage|p1b: Zamazenta|49\/100\n|-unboost|p1b: Zamazenta|spa|1\n|move|p1b: Zamazenta|Heavy Slam|p2a: Flutter Mane\n|-supereffective|p2a: Flutter Mane\n|-crit|p2a: Flutter Mane\n|-enditem|p2a: Flutter Mane|Focus Sash\n|-damage|p2a: Flutter Mane|1\/100\n|move|p2b: Urshifu|Close Combat|p1b: Zamazenta\n|-supereffective|p1b: Zamazenta\n|-damage|p1b: Zamazenta|0 fnt\n|-unboost|p2b: Urshifu|def|1\n|-unboost|p2b: Urshifu|spd|1\n|faint|p1b: Zamazenta\n|\n|upkeep\n|\n|t:|1721914079\n|switch|p1b: Flutter Mane|Flutter Mane, L50|100\/100\n|-enditem|p1b: Flutter Mane|Booster Energy\n|-activate|p1b: Flutter Mane|ability: Protosynthesis|[fromitem]\n|-start|p1b: Flutter Mane|protosynthesisspe\n|turn|2\n|inactive|Krisuerte has 30 seconds left.\n|\n|t:|1721914108\n|switch|p2b: Groudon|Groudon, L50|100\/100\n|-weather|SunnyDay|[from] ability: Drought|[of] p2b: Groudon\n|-activate|p2a: Flutter Mane|ability: Protosynthesis\n|-start|p2a: Flutter Mane|protosynthesisspe\n|switch|p1a: Tyranitar|Tyranitar, L50, F|100\/100\n|-weather|Sandstorm|[from] ability: Sand Stream|[of] p1a: Tyranitar\n|-end|p2a: Flutter Mane|Protosynthesis\n|move|p1b: Flutter Mane|Moonblast|p2b: Groudon\n|-damage|p2b: Groudon|75\/100\n|move|p2a: Flutter Mane|Moonblast|p1a: Tyranitar\n|-supereffective|p1a: Tyranitar\n|-damage|p1a: Tyranitar|3\/100\n|-unboost|p1a: Tyranitar|spa|1\n|\n|-weather|Sandstorm|[upkeep]\n|-damage|p1b: Flutter Mane|94\/100|[from] Sandstorm\n|-damage|p2a: Flutter Mane|0 fnt|[from] Sandstorm\n|faint|p2a: Flutter Mane\n|-end|p2a: Flutter Mane|Protosynthesis|[silent]\n|upkeep\n|\n|t:|1721914131\n|switch|p2a: Walking Wake|Walking Wake, L50|100\/100\n|turn|3\n|\n|t:|1721914153\n|switch|p1a: Moltres|Moltres-Galar, L50|100\/100\n|move|p2a: Walking Wake|Protect|p2a: Walking Wake\n|-singleturn|p2a: Walking Wake|Protect\n|move|p1b: Flutter Mane|Moonblast|p2a: Walking Wake\n|-activate|p2a: Walking Wake|move: Protect\n|move|p2b: Groudon|Precipice Blades|p1b: Flutter Mane|[spread] \n|-immune|p1a: Moltres\n|-miss|p2b: Groudon|p1b: Flutter Mane\n|\n|-weather|Sandstorm|[upkeep]\n|-damage|p1b: Flutter Mane|88\/100|[from] Sandstorm\n|-damage|p2a: Walking Wake|95\/100|[from] Sandstorm\n|-damage|p1a: Moltres|94\/100|[from] Sandstorm\n|upkeep\n|turn|4\n|inactive|FreezyPop439 has 30 seconds left.\n|\n|t:|1721914181\n|move|p1b: Flutter Mane|Thunder Wave|p2a: Walking Wake|[miss]\n|-miss|p1b: Flutter Mane|p2a: Walking Wake\n|move|p2a: Walking Wake|Hydro Steam|p1b: Flutter Mane\n|-damage|p1b: Flutter Mane|35\/100\n|-damage|p2a: Walking Wake|85\/100|[from] item: Life Orb\n|move|p1a: Moltres|Fiery Wrath|p2a: Walking Wake|[spread] p2a,p2b\n|-damage|p2a: Walking Wake|58\/100\n|-damage|p2b: Groudon|56\/100\n|cant|p2b: Groudon|flinch\n|\n|-weather|Sandstorm|[upkeep]\n|-damage|p1b: Flutter Mane|28\/100|[from] Sandstorm\n|-damage|p2a: Walking Wake|52\/100|[from] Sandstorm\n|-damage|p1a: Moltres|88\/100|[from] Sandstorm\n|upkeep\n|turn|5\n|inactive|FreezyPop439 has 30 seconds left.\n|\n|t:|1721914211\n|move|p1b: Flutter Mane|Protect|p1b: Flutter Mane\n|-singleturn|p1b: Flutter Mane|Protect\n|move|p2a: Walking Wake|Protect|p2a: Walking Wake\n|-singleturn|p2a: Walking Wake|Protect\n|move|p1a: Moltres|Fiery Wrath|p2a: Walking Wake|[spread] p2b\n|-activate|p2a: Walking Wake|move: Protect\n|-damage|p2b: Groudon|38\/100\n|move|p2b: Groudon|Heat Crash|p1b: Flutter Mane\n|-activate|p1b: Flutter Mane|move: Protect\n|\n|-weather|Sandstorm|[upkeep]\n|-damage|p1b: Flutter Mane|22\/100|[from] Sandstorm\n|-damage|p2a: Walking Wake|47\/100|[from] Sandstorm\n|-damage|p1a: Moltres|82\/100|[from] Sandstorm\n|upkeep\n|turn|6\n|\n|t:|1721914231\n|move|p2a: Walking Wake|Protect||[still]\n|-fail|p2a: Walking Wake\n|move|p1b: Flutter Mane|Moonblast|p2a: Walking Wake\n|-supereffective|p2a: Walking Wake\n|-damage|p2a: Walking Wake|0 fnt\n|faint|p2a: Walking Wake\n|-end|p2a: Walking Wake|Protosynthesis|[silent]\n|move|p1a: Moltres|Foul Play|p2b: Groudon\n|-damage|p2b: Groudon|0 fnt\n|faint|p2b: Groudon\n|\n|-weather|none\n|upkeep\n|j| REITERATE\n|inactive|Krisuerte has 30 seconds left.\n|\n|t:|1721914257\n|switch|p2b: Urshifu|Urshifu, L50, F|100\/100\n|turn|7\n|\n|t:|1721914282\n|move|p1b: Flutter Mane|Moonblast|p2b: Urshifu\n|-supereffective|p2b: Urshifu\n|-damage|p2b: Urshifu|0 fnt\n|faint|p2b: Urshifu\n|\n|win|FreezyPop439\n|raw|FreezyPop439's rating: 1647 &rarr; <strong>1673<\/strong><br \/>(+26 for winning)\n|raw|Krisuerte's rating: 1751 &rarr; <strong>1725<\/strong><br \/>(-26 for losing)\n|l|\u2606Krisuerte\n|player|p2|\n|l|\u2606FreezyPop439\n|player|p1|\n","uploadtime":1721914289,"views":39,"formatid":"gen9vgc2024regg","rating":1673,"private":0,"password":null}