{"id":"gen9vgc2024regg-2167393312","format":"[Gen 9] VGC 2024 Reg G","players":["moth.o","42 t"],"log":"|j|\u2606moth.o\n|j|\u260642 t\n|t:|1721937680\n|gametype|doubles\n|player|p1|moth.o|roxie|1685\n|player|p2|42 t|170|1699\n|teamsize|p1|6\n|teamsize|p2|6\n|gen|9\n|tier|[Gen 9] VGC 2024 Reg G\n|rated|\n|rule|Species Clause: Limit one of each Pok\u00e9mon\n|rule|Item Clause: Limit one of each item\n|clearpoke\n|poke|p1|Iron Jugulis, L50|\n|poke|p1|Raging Bolt, L50|\n|poke|p1|Frosmoth, L50, F|\n|poke|p1|Zamazenta-*, L50|\n|poke|p1|Araquanid, L50, F|\n|poke|p1|Ursaluna, L50, M|\n|poke|p2|Calyrex-Ice, L50|\n|poke|p2|Farigiraf, L50, F|\n|poke|p2|Alcremie, L50, F|\n|poke|p2|Incineroar, L50, M|\n|poke|p2|Mienshao, L50, F|\n|poke|p2|Amoonguss, L50, F|\n|teampreview|4\n|inactive|Battle timer is ON: inactive players will automatically lose when time's up. (requested by 42 t)\n42 t has agreed to open team sheets.\n|inactive|moth.o has 60 seconds left.\n|\n|t:|1721937718\n|start\n|switch|p1a: Frosmoth|Frosmoth, L50, F, shiny|100\/100\n|switch|p1b: Zamazenta|Zamazenta-Crowned, L50, shiny|100\/100\n|switch|p2a: Mienshao|Mienshao, L50, F|100\/100\n|switch|p2b: Calyrex|Calyrex-Ice, L50|100\/100\n|-ability|p2b: Calyrex|As One\n|-ability|p2b: Calyrex|Unnerve\n|-ability|p1b: Zamazenta|Dauntless Shield|boost\n|-boost|p1b: Zamazenta|def|1\n|turn|1\n|\n|t:|1721937740\n|switch|p2a: Amoonguss|Amoonguss, L50, F|100\/100\n|move|p1b: Zamazenta|Coaching|p1a: Frosmoth\n|-boost|p1a: Frosmoth|atk|1\n|-boost|p1a: Frosmoth|def|1\n|move|p1a: Frosmoth|Ice Beam|p2a: Amoonguss\n|-supereffective|p2a: Amoonguss\n|-damage|p2a: Amoonguss|38\/100\n|move|p2b: Calyrex|Trick Room|p2b: Calyrex\n|-fieldstart|move: Trick Room|[of] p2b: Calyrex\n|\n|upkeep\n|turn|2\n|\n|t:|1721937759\n|move|p1a: Frosmoth|Protect|p1a: Frosmoth\n|-singleturn|p1a: Frosmoth|Protect\n|move|p2a: Amoonguss|Spore|p1a: Frosmoth\n|-activate|p1a: Frosmoth|move: Protect\n|move|p2b: Calyrex|Glacial Lance|p1b: Zamazenta|[spread] p1b\n|-activate|p1a: Frosmoth|move: Protect\n|-resisted|p1b: Zamazenta\n|-damage|p1b: Zamazenta|90\/100\n|move|p1b: Zamazenta|Coaching|p1a: Frosmoth\n|-boost|p1a: Frosmoth|atk|1\n|-boost|p1a: Frosmoth|def|1\n|\n|upkeep\n|turn|3\n|\n|t:|1721937779\n|move|p2a: Amoonguss|Spore|p1a: Frosmoth\n|-status|p1a: Frosmoth|slp|[from] move: Spore\n|move|p2b: Calyrex|High Horsepower|p1b: Zamazenta\n|-supereffective|p1b: Zamazenta\n|-damage|p1b: Zamazenta|60\/100\n|cant|p1a: Frosmoth|slp\n|move|p1b: Zamazenta|Heavy Slam|p2a: Amoonguss\n|-damage|p2a: Amoonguss|0 fnt\n|-damage|p1b: Zamazenta|43\/100|[from] item: Rocky Helmet|[of] p2a: Amoonguss\n|faint|p2a: Amoonguss\n|\n|upkeep\n|\n|t:|1721937786\n|switch|p2a: Incineroar|Incineroar, L50, M|100\/100\n|-ability|p2a: Incineroar|Intimidate|boost\n|-unboost|p1a: Frosmoth|atk|1\n|-unboost|p1b: Zamazenta|atk|1\n|turn|4\n|\n|t:|1721937807\n|-terastallize|p1a: Frosmoth|Fairy\n|move|p2b: Calyrex|Glacial Lance|p1a: Frosmoth|[spread] p1a,p1b\n|-resisted|p1b: Zamazenta\n|-damage|p1a: Frosmoth|69\/100 slp\n|-damage|p1b: Zamazenta|33\/100\n|cant|p1a: Frosmoth|slp\n|move|p2a: Incineroar|Knock Off|p1a: Frosmoth\n|-resisted|p1a: Frosmoth\n|-damage|p1a: Frosmoth|59\/100 slp\n|-enditem|p1a: Frosmoth|Leftovers|[from] move: Knock Off|[of] p2a: Incineroar\n|move|p1b: Zamazenta|Coaching|p1a: Frosmoth\n|-boost|p1a: Frosmoth|atk|1\n|-boost|p1a: Frosmoth|def|1\n|\n|upkeep\n|turn|5\n|inactive|moth.o has 30 seconds left.\n|\n|t:|1721937833\n|-curestatus|p1a: Frosmoth|slp|[msg]\n|move|p1a: Frosmoth|Protect|p1a: Frosmoth\n|-singleturn|p1a: Frosmoth|Protect\n|move|p2b: Calyrex|High Horsepower|p1b: Zamazenta\n|-supereffective|p1b: Zamazenta\n|-damage|p1b: Zamazenta|2\/100\n|move|p2a: Incineroar|Parting Shot|p1a: Frosmoth\n|-activate|p1a: Frosmoth|move: Protect\n|move|p1b: Zamazenta|Coaching|p1a: Frosmoth\n|-boost|p1a: Frosmoth|atk|1\n|-boost|p1a: Frosmoth|def|1\n|\n|-fieldend|move: Trick Room\n|upkeep\n|turn|6\n|inactive|moth.o has 30 seconds left.\n|\n|t:|1721937858\n|-terastallize|p2b: Calyrex|Water\n|move|p1b: Zamazenta|Body Press|p2a: Incineroar\n|-supereffective|p2a: Incineroar\n|-damage|p2a: Incineroar|0 fnt\n|faint|p2a: Incineroar\n|move|p1a: Frosmoth|Quiver Dance|p1a: Frosmoth\n|-boost|p1a: Frosmoth|spa|1\n|-boost|p1a: Frosmoth|spd|1\n|-boost|p1a: Frosmoth|spe|1\n|move|p2b: Calyrex|Trick Room|p2b: Calyrex\n|-fieldstart|move: Trick Room|[of] p2b: Calyrex\n|\n|upkeep\n|\n|t:|1721937863\n|switch|p2a: Mienshao|Mienshao, L50, F|100\/100\n|turn|7\n|\n|t:|1721937876\n|switch|p1b: Araquanid|Araquanid, L50, F, shiny|100\/100\n|move|p2a: Mienshao|Feint|p1a: Frosmoth\n|-damage|p1a: Frosmoth|55\/100\n|move|p2b: Calyrex|Glacial Lance|p1a: Frosmoth|[spread] p1a,p1b\n|-resisted|p1b: Araquanid\n|-damage|p1a: Frosmoth|33\/100\n|-damage|p1b: Araquanid|76\/100\n|move|p1a: Frosmoth|Ice Beam|p2a: Mienshao\n|-enditem|p2a: Mienshao|Focus Sash\n|-damage|p2a: Mienshao|1\/100\n|\n|upkeep\n|turn|8\n|\n|t:|1721937897\n|move|p2b: Calyrex|Glacial Lance|p1a: Frosmoth|[spread] p1a,p1b\n|-resisted|p1b: Araquanid\n|-damage|p1a: Frosmoth|11\/100\n|-damage|p1b: Araquanid|48\/100\n|move|p1b: Araquanid|Liquidation|p2a: Mienshao\n|-damage|p2a: Mienshao|0 fnt\n|faint|p2a: Mienshao\n|move|p1a: Frosmoth|Struggle Bug|p2b: Calyrex\n|-damage|p2b: Calyrex|80\/100\n|\n|upkeep\n|turn|9\n|\n|t:|1721937916\n|move|p1a: Frosmoth|Protect|p1a: Frosmoth\n|-singleturn|p1a: Frosmoth|Protect\n|move|p2b: Calyrex|Glacial Lance|p1a: Frosmoth|[spread] p1b\n|-activate|p1a: Frosmoth|move: Protect\n|-resisted|p1b: Araquanid\n|-damage|p1b: Araquanid|22\/100\n|move|p1b: Araquanid|Leech Life|p2b: Calyrex\n|-damage|p2b: Calyrex|65\/100\n|-heal|p1b: Araquanid|31\/100|[from] drain|[of] p2b: Calyrex\n|\n|upkeep\n|turn|10\n|\n|t:|1721937936\n|move|p2b: Calyrex|Glacial Lance|p1b: Araquanid|[spread] p1a,p1b\n|-resisted|p1b: Araquanid\n|-damage|p1a: Frosmoth|0 fnt\n|-damage|p1b: Araquanid|5\/100\n|faint|p1a: Frosmoth\n|-ability|p2b: Calyrex|Chilling Neigh|boost\n|-boost|p2b: Calyrex|atk|1\n|move|p1b: Araquanid|Leech Life|p2b: Calyrex\n|-damage|p2b: Calyrex|50\/100\n|-heal|p1b: Araquanid|14\/100|[from] drain|[of] p2b: Calyrex\n|\n|-fieldend|move: Trick Room\n|upkeep\n|\n|t:|1721937949\n|switch|p1a: Zamazenta|Zamazenta-Crowned, L50, shiny|2\/100\n|turn|11\n|\n|t:|1721937958\n|move|p1a: Zamazenta|Coaching|p1b: Araquanid\n|-boost|p1b: Araquanid|atk|1\n|-boost|p1b: Araquanid|def|1\n|move|p1b: Araquanid|Leech Life|p2b: Calyrex\n|-damage|p2b: Calyrex|29\/100\n|-heal|p1b: Araquanid|27\/100|[from] drain|[of] p2b: Calyrex\n|move|p2b: Calyrex|Trick Room|p2b: Calyrex\n|-fieldstart|move: Trick Room|[of] p2b: Calyrex\n|\n|upkeep\n|turn|12\n|\n|t:|1721937983\n|move|p2b: Calyrex|Glacial Lance|p1a: Zamazenta|[spread] p1a,p1b\n|-resisted|p1a: Zamazenta\n|-resisted|p1b: Araquanid\n|-damage|p1a: Zamazenta|0 fnt\n|-damage|p1b: Araquanid|2\/100\n|faint|p1a: Zamazenta\n|-ability|p2b: Calyrex|Chilling Neigh|boost\n|-boost|p2b: Calyrex|atk|1\n|move|p1b: Araquanid|Leech Life|p2b: Calyrex\n|-damage|p2b: Calyrex|8\/100\n|-heal|p1b: Araquanid|14\/100|[from] drain|[of] p2b: Calyrex\n|\n|upkeep\n|\n|t:|1721937995\n|switch|p1a: Ursaluna|Ursaluna, L50, M|100\/100\n|turn|13\n|\n|t:|1721938005\n|move|p1a: Ursaluna|Protect|p1a: Ursaluna\n|-singleturn|p1a: Ursaluna|Protect\n|move|p2b: Calyrex|Glacial Lance|p1a: Ursaluna|[spread] p1b\n|-activate|p1a: Ursaluna|move: Protect\n|-resisted|p1b: Araquanid\n|-damage|p1b: Araquanid|0 fnt\n|faint|p1b: Araquanid\n|-ability|p2b: Calyrex|Chilling Neigh|boost\n|-boost|p2b: Calyrex|atk|1\n|\n|-status|p1a: Ursaluna|brn|[from] item: Flame Orb\n|upkeep\n|turn|14\n|\n|t:|1721938012\n|move|p2b: Calyrex|High Horsepower|p1a: Ursaluna\n|-damage|p1a: Ursaluna|22\/100 brn\n|move|p1a: Ursaluna|Facade|p2b: Calyrex\n|-damage|p2b: Calyrex|0 fnt\n|faint|p2b: Calyrex\n|\n|win|moth.o\n|raw|moth.o's rating: 1685 &rarr; <strong>1706<\/strong><br \/>(+21 for winning)\n|raw|42 t's rating: 1699 &rarr; <strong>1678<\/strong><br \/>(-21 for losing)\n|l|\u260642 t\n|player|p2|\n|l|\u2606moth.o\n|player|p1|\n","uploadtime":1721938200,"views":28,"formatid":"gen9vgc2024regg","rating":1678,"private":0,"password":null}