{"id":"gen9vgc2024regg-2167620567","format":"[Gen 9] VGC 2024 Reg G","players":["Nagatoro401","war3infi"],"log":"|j|\u2606Nagatoro401\n|j|\u2606war3infi\n|t:|1721967729\n|gametype|doubles\n|player|p1|Nagatoro401|iris|1649\n|player|p2|war3infi|dawn|1723\n|teamsize|p1|6\n|teamsize|p2|6\n|gen|9\n|tier|[Gen 9] VGC 2024 Reg G\n|rated|\n|rule|Species Clause: Limit one of each Pok\u00e9mon\n|rule|Item Clause: Limit one of each item\n|clearpoke\n|poke|p1|Ting-Lu, L50|\n|poke|p1|Dondozo, L50, M|\n|poke|p1|Rillaboom, L50, M|\n|poke|p1|Grimmsnarl, L50, M|\n|poke|p1|Abomasnow, L50, F|\n|poke|p1|Calyrex-Shadow, L50|\n|poke|p2|Calyrex-Ice, L50|\n|poke|p2|Annihilape, L50, F|\n|poke|p2|Smeargle, L50, F|\n|poke|p2|Ursaluna-Bloodmoon, L50, M|\n|poke|p2|Urshifu-*, L50, M|\n|poke|p2|Ogerpon-Wellspring, L50, F|\n|teampreview|4\n|j| zzz1994000\n|\n|t:|1721967774\n|start\n|switch|p1a: Abomasnow|Abomasnow, L50, F|100\/100\n|switch|p1b: Rillaboom|Rillaboom, L50, M|100\/100\n|switch|p2a: Calyrex|Calyrex-Ice, L50|100\/100\n|switch|p2b: Annihilape|Annihilape, L50, F|100\/100\n|-ability|p2a: Calyrex|As One\n|-ability|p2a: Calyrex|Unnerve\n|-weather|Snow|[from] ability: Snow Warning|[of] p1a: Abomasnow\n|-fieldstart|move: Grassy Terrain|[from] ability: Grassy Surge|[of] p1b: Rillaboom\n|turn|1\n|\n|t:|1721967791\n|move|p2a: Calyrex|Protect|p2a: Calyrex\n|-singleturn|p2a: Calyrex|Protect\n|move|p2b: Annihilape|Coaching|p2a: Calyrex\n|-boost|p2a: Calyrex|atk|1\n|-boost|p2a: Calyrex|def|1\n|move|p1a: Abomasnow|Aurora Veil|p1a: Abomasnow\n|-sidestart|p1: Nagatoro401|move: Aurora Veil\n|move|p1b: Rillaboom|U-turn|p2a: Calyrex\n|-activate|p2a: Calyrex|move: Protect\n|\n|-weather|Snow|[upkeep]\n|upkeep\n|turn|2\n|\n|t:|1721967809\n|move|p2b: Annihilape|Close Combat|p1a: Abomasnow\n|-supereffective|p1a: Abomasnow\n|-damage|p1a: Abomasnow|40\/100\n|-unboost|p2b: Annihilape|def|1\n|-unboost|p2b: Annihilape|spd|1\n|move|p1a: Abomasnow|Blizzard|p2b: Annihilape|[spread] p2a,p2b\n|-resisted|p2a: Calyrex\n|-damage|p2a: Calyrex|90\/100\n|-damage|p2b: Annihilape|57\/100\n|move|p1b: Rillaboom|U-turn|p2a: Calyrex\n|-supereffective|p2a: Calyrex\n|-damage|p2a: Calyrex|78\/100\n|\n|t:|1721967819\n|switch|p1b: Dondozo|Dondozo, L50, M|100\/100|[from] U-turn\n|move|p2a: Calyrex|Glacial Lance|p1b: Dondozo|[spread] p1a,p1b\n|-resisted|p1b: Dondozo\n|-damage|p1a: Abomasnow|0 fnt\n|-damage|p1b: Dondozo|91\/100\n|faint|p1a: Abomasnow\n|-ability|p2a: Calyrex|Chilling Neigh|boost\n|-boost|p2a: Calyrex|atk|1\n|\n|-weather|Snow|[upkeep]\n|-heal|p2b: Annihilape|63\/100|[from] Grassy Terrain\n|-heal|p2a: Calyrex|84\/100|[from] Grassy Terrain\n|-heal|p1b: Dondozo|97\/100|[from] Grassy Terrain\n|-heal|p1b: Dondozo|100\/100|[from] item: Leftovers\n|upkeep\n|\n|t:|1721967844\n|switch|p1a: Rillaboom|Rillaboom, L50, M|100\/100\n|turn|3\n|\n|t:|1721967850\n|move|p1a: Rillaboom|Fake Out|p2a: Calyrex\n|-damage|p2a: Calyrex|81\/100\n|move|p2b: Annihilape|Final Gambit|p1b: Dondozo\n|-damage|p1b: Dondozo|49\/100\n|faint|p2b: Annihilape\n|cant|p2a: Calyrex|flinch\n|move|p1b: Dondozo|Fissure|p2a: Calyrex\n|-damage|p2a: Calyrex|0 fnt\n|faint|p2a: Calyrex\n|-ohko\n|\n|-weather|Snow|[upkeep]\n|-heal|p1b: Dondozo|55\/100|[from] Grassy Terrain\n|-heal|p1b: Dondozo|62\/100|[from] item: Leftovers\n|upkeep\n|\n|t:|1721967859\n|switch|p2b: Ursaluna|Ursaluna-Bloodmoon, L50, M|100\/100\n|switch|p2a: Urshifu|Urshifu, L50, M|100\/100\n|turn|4\n|j| Manchester1997\n|\n|t:|1721967885\n|-terastallize|p2b: Ursaluna|Ghost\n|move|p1b: Dondozo|Protect|p1b: Dondozo\n|-singleturn|p1b: Dondozo|Protect\n|move|p1a: Rillaboom|Wood Hammer|p2a: Urshifu\n|-damage|p2a: Urshifu|45\/100\n|-damage|p1a: Rillaboom|83\/100|[from] Recoil\n|move|p2a: Urshifu|Wicked Blow|p1b: Dondozo\n|-crit|p1b: Dondozo\n|-damage|p1b: Dondozo|16\/100\n|move|p2b: Ursaluna|Blood Moon|p1a: Rillaboom\n|-damage|p1a: Rillaboom|48\/100\n|-damage|p2b: Ursaluna|91\/100|[from] item: Life Orb\n|\n|-weather|Snow|[upkeep]\n|-heal|p1a: Rillaboom|54\/100|[from] Grassy Terrain\n|-heal|p2a: Urshifu|51\/100|[from] Grassy Terrain\n|-heal|p2b: Ursaluna|97\/100|[from] Grassy Terrain\n|-heal|p1b: Dondozo|22\/100|[from] Grassy Terrain\n|-heal|p1b: Dondozo|28\/100|[from] item: Leftovers\n|upkeep\n|turn|5\n|\n|t:|1721967909\n|switch|p1b: Ting-Lu|Ting-Lu, L50|100\/100\n|-ability|p1b: Ting-Lu|Vessel of Ruin\n|move|p1a: Rillaboom|Wood Hammer|p2a: Urshifu\n|-damage|p2a: Urshifu|0 fnt\n|faint|p2a: Urshifu\n|-damage|p1a: Rillaboom|38\/100|[from] Recoil\n|move|p2b: Ursaluna|Hyper Voice|p1a: Rillaboom|[spread] p1a,p1b\n|-damage|p1a: Rillaboom|25\/100\n|-damage|p1b: Ting-Lu|85\/100\n|-damage|p2b: Ursaluna|88\/100|[from] item: Life Orb\n|\n|-weather|none\n|-heal|p1a: Rillaboom|31\/100|[from] Grassy Terrain\n|-heal|p2b: Ursaluna|94\/100|[from] Grassy Terrain\n|-heal|p1b: Ting-Lu|91\/100|[from] Grassy Terrain\n|-sideend|p1: Nagatoro401|move: Aurora Veil\n|-fieldend|move: Grassy Terrain\n|upkeep\n|turn|6\n|-message|war3infi forfeited.\n|\n|win|Nagatoro401\n|raw|Nagatoro401's rating: 1649 &rarr; <strong>1673<\/strong><br \/>(+24 for winning)\n|raw|war3infi's rating: 1723 &rarr; <strong>1699<\/strong><br \/>(-24 for losing)\n|l|\u2606Nagatoro401\n|player|p1|\n|l|\u2606war3infi\n|player|p2|\n|l| zzz1994000\n","uploadtime":1721968140,"views":29,"formatid":"gen9vgc2024regg","rating":1673,"private":0,"password":null}