{"id":"gen9vgc2024regg-2167285942","format":"[Gen 9] VGC 2024 Reg G","players":["Krisuerte","rustychair13"],"log":"|j|\u2606Krisuerte\n|j|\u2606rustychair13\n|t:|1721925589\n|gametype|doubles\n|player|p1|Krisuerte|266|1662\n|player|p2|rustychair13|1|1735\n|teamsize|p1|6\n|teamsize|p2|6\n|gen|9\n|tier|[Gen 9] VGC 2024 Reg G\n|rated|\n|rule|Species Clause: Limit one of each Pok\u00e9mon\n|rule|Item Clause: Limit one of each item\n|clearpoke\n|poke|p1|Groudon, L50|\n|poke|p1|Gouging Fire, L50|\n|poke|p1|Raging Bolt, L50|\n|poke|p1|Flutter Mane, L50|\n|poke|p1|Walking Wake, L50|\n|poke|p1|Urshifu-*, L50, F|\n|poke|p2|Zamazenta-*, L50|\n|poke|p2|Rillaboom, L50, M|\n|poke|p2|Chien-Pao, L50|\n|poke|p2|Flutter Mane, L50|\n|poke|p2|Chandelure, L50, F|\n|poke|p2|Moltres-Galar, L50|\n|teampreview|4\n|j| TheOneShobby\n|\n|t:|1721925612\n|start\n|switch|p1a: Flutter Mane|Flutter Mane, L50|100\/100\n|switch|p1b: Urshifu|Urshifu, L50, F|100\/100\n|switch|p2a: Zamazenta|Zamazenta-Crowned, L50, shiny|100\/100\n|switch|p2b: Chien-Pao|Chien-Pao, L50|100\/100\n|-ability|p2b: Chien-Pao|Sword of Ruin\n|-ability|p2a: Zamazenta|Dauntless Shield|boost\n|-boost|p2a: Zamazenta|def|1\n|turn|1\n|inactive|Battle timer is ON: inactive players will automatically lose when time's up. (requested by Krisuerte)\n|\n|t:|1721925637\n|-terastallize|p1b: Urshifu|Ghost\n|move|p2b: Chien-Pao|Sacred Sword|p1b: Urshifu\n|-immune|p1b: Urshifu\n|move|p2a: Zamazenta|Heavy Slam|p1a: Flutter Mane\n|-supereffective|p1a: Flutter Mane\n|-enditem|p1a: Flutter Mane|Focus Sash\n|-damage|p1a: Flutter Mane|1\/100\n|move|p1b: Urshifu|Close Combat|p2b: Chien-Pao\n|-supereffective|p2b: Chien-Pao\n|-enditem|p2b: Chien-Pao|Focus Sash\n|-damage|p2b: Chien-Pao|1\/100\n|-unboost|p1b: Urshifu|def|1\n|-unboost|p1b: Urshifu|spd|1\n|move|p1a: Flutter Mane|Trick Room|p1a: Flutter Mane\n|-fieldstart|move: Trick Room|[of] p1a: Flutter Mane\n|\n|upkeep\n|turn|2\n|inactive|Krisuerte has 30 seconds left.\n|\n|t:|1721925663\n|switch|p1b: Walking Wake|Walking Wake, L50|100\/100\n|move|p2b: Chien-Pao|Sucker Punch||[still]\n|-fail|p2b: Chien-Pao\n|move|p2a: Zamazenta|Heavy Slam|p1a: Flutter Mane\n|-supereffective|p1a: Flutter Mane\n|-damage|p1a: Flutter Mane|0 fnt\n|faint|p1a: Flutter Mane\n|-end|p1a: Flutter Mane|Protosynthesis|[silent]\n|\n|upkeep\n|\n|t:|1721925674\n|switch|p1a: Groudon|Groudon, L50|100\/100\n|-weather|SunnyDay|[from] ability: Drought|[of] p1a: Groudon\n|-activate|p1b: Walking Wake|ability: Protosynthesis\n|-start|p1b: Walking Wake|protosynthesisspa\n|turn|3\n|\n|t:|1721925687\n|-terastallize|p2a: Zamazenta|Dragon\n|move|p2a: Zamazenta|Wide Guard|p2a: Zamazenta\n|-singleturn|p2a: Zamazenta|Wide Guard\n|move|p1a: Groudon|Heat Crash|p2b: Chien-Pao\n|-supereffective|p2b: Chien-Pao\n|-damage|p2b: Chien-Pao|0 fnt\n|faint|p2b: Chien-Pao\n|move|p1b: Walking Wake|Flamethrower|p2a: Zamazenta\n|-resisted|p2a: Zamazenta\n|-damage|p2a: Zamazenta|71\/100\n|-damage|p1b: Walking Wake|91\/100|[from] item: Life Orb\n|\n|-weather|SunnyDay|[upkeep]\n|upkeep\n|\n|t:|1721925697\n|switch|p2b: Rillaboom|Rillaboom, L50, M, shiny|100\/100\n|-fieldstart|move: Grassy Terrain|[from] ability: Grassy Surge|[of] p2b: Rillaboom\n|turn|4\n|\n|t:|1721925722\n|switch|p2a: Flutter Mane|Flutter Mane, L50, shiny|100\/100\n|-activate|p2a: Flutter Mane|ability: Protosynthesis\n|-start|p2a: Flutter Mane|protosynthesisspe\n|move|p1b: Walking Wake|Protect|p1b: Walking Wake\n|-singleturn|p1b: Walking Wake|Protect\n|move|p1a: Groudon|Heat Crash|p2b: Rillaboom\n|-supereffective|p2b: Rillaboom\n|-damage|p2b: Rillaboom|0 fnt\n|faint|p2b: Rillaboom\n|\n|-weather|SunnyDay|[upkeep]\n|-heal|p1b: Walking Wake|97\/100|[from] Grassy Terrain\n|upkeep\n|\n|t:|1721925729\n|switch|p2b: Zamazenta|Zamazenta-Crowned, L50, shiny, tera:Dragon|71\/100\n|turn|5\n|\n|t:|1721925745\n|move|p2b: Zamazenta|Protect|p2b: Zamazenta\n|-singleturn|p2b: Zamazenta|Protect\n|move|p2a: Flutter Mane|Protect|p2a: Flutter Mane\n|-singleturn|p2a: Flutter Mane|Protect\n|move|p1a: Groudon|Heat Crash|p2a: Flutter Mane\n|-activate|p2a: Flutter Mane|move: Protect\n|move|p1b: Walking Wake|Draco Meteor|p2b: Zamazenta\n|-activate|p2b: Zamazenta|move: Protect\n|\n|-weather|SunnyDay|[upkeep]\n|-heal|p1b: Walking Wake|100\/100|[from] Grassy Terrain\n|-heal|p2b: Zamazenta|77\/100|[from] Grassy Terrain\n|-fieldend|move: Trick Room\n|upkeep\n|turn|6\n|\n|t:|1721925765\n|move|p2a: Flutter Mane|Moonblast|p1a: Groudon\n|-damage|p1a: Groudon|74\/100\n|move|p2b: Zamazenta|Body Press|p1a: Groudon\n|-damage|p1a: Groudon|45\/100\n|move|p1b: Walking Wake|Draco Meteor|p2b: Zamazenta\n|-supereffective|p2b: Zamazenta\n|-damage|p2b: Zamazenta|0 fnt\n|-unboost|p1b: Walking Wake|spa|2\n|faint|p2b: Zamazenta\n|-damage|p1b: Walking Wake|91\/100|[from] item: Life Orb\n|move|p1a: Groudon|Heat Crash|p2a: Flutter Mane\n|-damage|p2a: Flutter Mane|0 fnt\n|faint|p2a: Flutter Mane\n|-end|p2a: Flutter Mane|Protosynthesis|[silent]\n|\n|win|Krisuerte\n|raw|Krisuerte's rating: 1662 &rarr; <strong>1686<\/strong><br \/>(+24 for winning)\n|raw|rustychair13's rating: 1735 &rarr; <strong>1711<\/strong><br \/>(-24 for losing)\n|l|\u2606rustychair13\n|player|p2|\n|l|\u2606Krisuerte\n|player|p1|\n|l| TheOneShobby\n","uploadtime":1721926033,"views":18,"formatid":"gen9vgc2024regg","rating":1686,"private":0,"password":null}