{"id":"gen9vgc2024regg-2167420837","format":"[Gen 9] VGC 2024 Reg G","players":["Djjwjwwjj","AZUNA_Fan"],"log":"|j|\u2606Djjwjwwjj\n|j|\u2606AZUNA_Fan\n|t:|1721940791\n|gametype|doubles\n|player|p1|Djjwjwwjj|265|1667\n|player|p2|AZUNA_Fan|dawn-gen4pt|1712\n|teamsize|p1|6\n|teamsize|p2|6\n|gen|9\n|tier|[Gen 9] VGC 2024 Reg G\n|rated|\n|rule|Species Clause: Limit one of each Pok\u00e9mon\n|rule|Item Clause: Limit one of each item\n|clearpoke\n|poke|p1|Miraidon, L50|\n|poke|p1|Iron Bundle, L50|\n|poke|p1|Clefairy, L50, M|\n|poke|p1|Wo-Chien, L50|\n|poke|p1|Landorus-Therian, L50, M|\n|poke|p1|Oranguru, L50, M|\n|poke|p2|Calyrex-Shadow, L50|\n|poke|p2|Urshifu-*, L50, F|\n|poke|p2|Indeedee-F, L50, F|\n|poke|p2|Maushold, L50|\n|poke|p2|Dondozo, L50, F|\n|poke|p2|Tatsugiri, L50, M|\n|teampreview|4\n|inactive|Battle timer is ON: inactive players will automatically lose when time's up. (requested by AZUNA_Fan)\n|inactive|Djjwjwwjj also wants the timer to be on.\n|inactive|Djjwjwwjj has 60 seconds left.\n|\n|t:|1721940834\n|start\n|switch|p1a: Landorus|Landorus-Therian, L50, M|100\/100\n|switch|p1b: Wo-Chien|Wo-Chien, L50|100\/100\n|switch|p2a: Calyrex|Calyrex-Shadow, L50|100\/100\n|switch|p2b: Indeedee|Indeedee-F, L50, F|100\/100\n|-ability|p2a: Calyrex|As One\n|-ability|p2a: Calyrex|Unnerve\n|-ability|p1a: Landorus|Intimidate|boost\n|-unboost|p2a: Calyrex|atk|1\n|-unboost|p2b: Indeedee|atk|1\n|-ability|p1b: Wo-Chien|Tablets of Ruin\n|-fieldstart|move: Psychic Terrain|[from] ability: Psychic Surge|[of] p2b: Indeedee\n|turn|1\n|\n|t:|1721940857\n|switch|p1a: Miraidon|Miraidon, L50|100\/100\n|-fieldstart|move: Electric Terrain|[from] ability: Hadron Engine|[of] p1a: Miraidon\n|-enditem|p1a: Miraidon|Electric Seed\n|-boost|p1a: Miraidon|def|1|[from] item: Electric Seed\n|move|p2b: Indeedee|Follow Me|p2b: Indeedee\n|-singleturn|p2b: Indeedee|move: Follow Me\n|move|p2a: Calyrex|Pollen Puff|p1b: Wo-Chien\n|-supereffective|p1b: Wo-Chien\n|-damage|p1b: Wo-Chien|0 fnt\n|faint|p1b: Wo-Chien\n|-ability|p2a: Calyrex|Grim Neigh|boost\n|-boost|p2a: Calyrex|spa|1\n|\n|upkeep\n|\n|t:|1721940876\n|switch|p1b: Clefairy|Clefairy, L50, M|100\/100\n|turn|2\n|\n|t:|1721940893\n|switch|p2a: Maushold|Maushold, L50|100\/100\n|switch|p2b: Urshifu|Urshifu, L50, F|100\/100\n|move|p1a: Miraidon|Calm Mind|p1a: Miraidon\n|-boost|p1a: Miraidon|spa|1\n|-boost|p1a: Miraidon|spd|1\n|move|p1b: Clefairy|Thunder Wave|p2a: Maushold\n|-status|p2a: Maushold|par\n|\n|upkeep\n|turn|3\n|\n|t:|1721940916\n|-terastallize|p2b: Urshifu|Poison\n|move|p2a: Maushold|Follow Me|p2a: Maushold\n|-singleturn|p2a: Maushold|move: Follow Me\n|move|p1b: Clefairy|Follow Me|p1b: Clefairy\n|-singleturn|p1b: Clefairy|move: Follow Me\n|move|p1a: Miraidon|Calm Mind|p1a: Miraidon\n|-boost|p1a: Miraidon|spa|1\n|-boost|p1a: Miraidon|spd|1\n|move|p2b: Urshifu|Poison Jab|p1b: Clefairy\n|-supereffective|p1b: Clefairy\n|-damage|p1b: Clefairy|0 fnt\n|faint|p1b: Clefairy\n|\n|upkeep\n|\n|t:|1721940930\n|switch|p1b: Landorus|Landorus-Therian, L50, M|100\/100\n|-ability|p1b: Landorus|Intimidate|boost\n|-unboost|p2a: Maushold|atk|1\n|-unboost|p2b: Urshifu|atk|1\n|turn|4\n|inactive|AZUNA_Fan has 30 seconds left.\n|\n|t:|1721940959\n|switch|p2b: Indeedee|Indeedee-F, L50, F|100\/100\n|-fieldstart|move: Psychic Terrain|[from] ability: Psychic Surge|[of] p2b: Indeedee\n|move|p1a: Miraidon|Parabolic Charge|p2b: Indeedee|[spread] p2a,p2b\n|-immune|p1b: Landorus\n|-damage|p2a: Maushold|46\/100 par\n|-damage|p2b: Indeedee|59\/100\n|move|p1b: Landorus|Brick Break|p2b: Indeedee\n|-damage|p2b: Indeedee|39\/100\n|move|p2a: Maushold|Thunder Wave|p1a: Miraidon\n|-immune|p1a: Miraidon\n|\n|upkeep\n|turn|5\n|inactive|Djjwjwwjj has 30 seconds left.\n|inactive|Djjwjwwjj has 20 seconds left.\n|inactive|Djjwjwwjj has 15 seconds left.\n|inactive|Djjwjwwjj has 10 seconds left.\n|\n|t:|1721941006\n|cant|p2a: Maushold|par\n|move|p1a: Miraidon|Calm Mind|p1a: Miraidon\n|-boost|p1a: Miraidon|spa|1\n|-boost|p1a: Miraidon|spd|1\n|move|p1b: Landorus|Brick Break|p2a: Maushold\n|-supereffective|p2a: Maushold\n|-crit|p2a: Maushold\n|-damage|p2a: Maushold|0 fnt\n|faint|p2a: Maushold\n|move|p2b: Indeedee|Trick Room|p2b: Indeedee\n|-fieldstart|move: Trick Room|[of] p2b: Indeedee\n|\n|upkeep\n|\n|t:|1721941021\n|switch|p2a: Urshifu|Urshifu, L50, F, tera:Poison|100\/100\n|turn|6\n|\n|t:|1721941040\n|move|p2b: Indeedee|Helping Hand|p2a: Urshifu\n|-singleturn|p2a: Urshifu|Helping Hand|[of] p2b: Indeedee\n|move|p1b: Landorus|Stomping Tantrum|p2a: Urshifu\n|-supereffective|p2a: Urshifu\n|-damage|p2a: Urshifu|11\/100\n|move|p2a: Urshifu|Poison Jab|p1a: Miraidon\n|-damage|p1a: Miraidon|41\/100\n|-status|p1a: Miraidon|psn\n|move|p1a: Miraidon|Parabolic Charge|p2b: Indeedee|[spread] p2a,p2b\n|-immune|p1b: Landorus\n|-damage|p2a: Urshifu|0 fnt\n|-heal|p1a: Miraidon|46\/100 psn|[from] drain|[of] p2a: Urshifu\n|-damage|p2b: Indeedee|0 fnt\n|-heal|p1a: Miraidon|63\/100 psn|[from] drain|[of] p2b: Indeedee\n|faint|p2a: Urshifu\n|faint|p2b: Indeedee\n|\n|-damage|p1a: Miraidon|51\/100 psn|[from] psn\n|upkeep\n|\n|t:|1721941057\n|switch|p2b: Calyrex|Calyrex-Shadow, L50|100\/100\n|-ability|p2b: Calyrex|As One\n|-ability|p2b: Calyrex|Unnerve\n|turn|7\n|-message|AZUNA_Fan forfeited.\n|\n|win|Djjwjwwjj\n|raw|Djjwjwwjj's rating: 1667 &rarr; <strong>1690<\/strong><br \/>(+23 for winning)\n|raw|AZUNA_Fan's rating: 1712 &rarr; <strong>1689<\/strong><br \/>(-23 for losing)\n|l|\u2606AZUNA_Fan\n|player|p2|\n","uploadtime":1721941261,"views":25,"formatid":"gen9vgc2024regg","rating":1689,"private":0,"password":null}