{"id":"gen9vgc2024regg-2167200560","format":"[Gen 9] VGC 2024 Reg G","players":["drsithlord","FreezyPop439"],"log":"|j|\u2606drsithlord\n|j|\u2606FreezyPop439\n|t:|1721915631\n|gametype|doubles\n|player|p1|drsithlord|102|1676\n|player|p2|FreezyPop439|collector|1699\n|teamsize|p1|6\n|teamsize|p2|6\n|gen|9\n|tier|[Gen 9] VGC 2024 Reg G\n|rated|\n|rule|Species Clause: Limit one of each Pok\u00e9mon\n|rule|Item Clause: Limit one of each item\n|clearpoke\n|poke|p1|Rillaboom, L50, M|\n|poke|p1|Tsareena, L50, F|\n|poke|p1|Archaludon, L50, F|\n|poke|p1|Kyogre, L50|\n|poke|p1|Tornadus, L50, M|\n|poke|p1|Electabuzz, L50, M|\n|poke|p2|Rillaboom, L50, M|\n|poke|p2|Zamazenta-*, L50|\n|poke|p2|Flutter Mane, L50|\n|poke|p2|Latios, L50, M|\n|poke|p2|Moltres-Galar, L50|\n|poke|p2|Tyranitar, L50, F|\n|teampreview|4\n|\n|t:|1721915685\n|start\n|switch|p1a: Tornadus|Tornadus, L50, M|100\/100\n|switch|p1b: Tsareena|Tsareena, L50, F|100\/100\n|switch|p2a: Zamazenta|Zamazenta-Crowned, L50|100\/100\n|switch|p2b: Flutter Mane|Flutter Mane, L50|100\/100\n|-ability|p2a: Zamazenta|Dauntless Shield|boost\n|-boost|p2a: Zamazenta|def|1\n|-enditem|p2b: Flutter Mane|Booster Energy\n|-activate|p2b: Flutter Mane|ability: Protosynthesis|[fromitem]\n|-start|p2b: Flutter Mane|protosynthesisspe\n|turn|1\n|\n|t:|1721915705\n|move|p2a: Zamazenta|Protect|p2a: Zamazenta\n|-singleturn|p2a: Zamazenta|Protect\n|move|p2b: Flutter Mane|Icy Wind|p1b: Tsareena|[spread] p1a\n|-miss|p2b: Flutter Mane|p1b: Tsareena\n|-supereffective|p1a: Tornadus\n|-damage|p1a: Tornadus|66\/100\n|-unboost|p1a: Tornadus|spe|1\n|move|p1a: Tornadus|Bleakwind Storm|p2b: Flutter Mane|[spread] \n|-activate|p2a: Zamazenta|move: Protect\n|-miss|p1a: Tornadus|p2b: Flutter Mane\n|move|p1b: Tsareena|Triple Axel|p2b: Flutter Mane\n|-damage|p2b: Flutter Mane|91\/100\n|-damage|p2b: Flutter Mane|70\/100\n|-damage|p2b: Flutter Mane|39\/100\n|-hitcount|p2b: Flutter Mane|3\n|\n|upkeep\n|turn|2\n|\n|t:|1721915738\n|move|p1a: Tornadus|Tailwind|p1a: Tornadus\n|-sidestart|p1: drsithlord|move: Tailwind\n|move|p2b: Flutter Mane|Icy Wind|p1a: Tornadus|[spread] p1a,p1b\n|-supereffective|p1a: Tornadus\n|-supereffective|p1b: Tsareena\n|-damage|p1a: Tornadus|33\/100\n|-damage|p1b: Tsareena|71\/100\n|-unboost|p1a: Tornadus|spe|1\n|-unboost|p1b: Tsareena|spe|1\n|move|p2a: Zamazenta|Body Press|p1b: Tsareena\n|-damage|p1b: Tsareena|0 fnt\n|faint|p1b: Tsareena\n|\n|upkeep\n|\n|t:|1721915749\n|switch|p1b: Kyogre|Kyogre, L50|100\/100\n|-weather|RainDance|[from] ability: Drizzle|[of] p1b: Kyogre\n|turn|3\n|\n|t:|1721915765\n|switch|p1b: Electabuzz|Electabuzz, L50, M|100\/100\n|move|p2a: Zamazenta|Wide Guard|p2a: Zamazenta\n|-singleturn|p2a: Zamazenta|Wide Guard\n|move|p2b: Flutter Mane|Icy Wind|p1a: Tornadus|[spread] p1a,p1b\n|-supereffective|p1a: Tornadus\n|-damage|p1a: Tornadus|0 fnt\n|-damage|p1b: Electabuzz|91\/100\n|-unboost|p1b: Electabuzz|spe|1\n|faint|p1a: Tornadus\n|\n|-weather|RainDance|[upkeep]\n|upkeep\n|\n|t:|1721915770\n|switch|p1a: Kyogre|Kyogre, L50|100\/100\n|turn|4\n|j| rabbithorn01\n|\n|t:|1721915789\n|-terastallize|p1a: Kyogre|Water\n|move|p2a: Zamazenta|Wide Guard|p2a: Zamazenta\n|-singleturn|p2a: Zamazenta|Wide Guard\n|move|p1b: Electabuzz|Feint|p2a: Zamazenta\n|-activate|p2a: Zamazenta|move: Feint\n|-resisted|p2a: Zamazenta\n|-damage|p2a: Zamazenta|99\/100\n|move|p1a: Kyogre|Water Spout|p2a: Zamazenta|[spread] p2a,p2b\n|-damage|p2a: Zamazenta|9\/100\n|-damage|p2b: Flutter Mane|0 fnt\n|faint|p2b: Flutter Mane\n|-end|p2b: Flutter Mane|Protosynthesis|[silent]\n|\n|-weather|RainDance|[upkeep]\n|upkeep\n|j| sickmovesbro\n|\n|t:|1721915801\n|switch|p2b: Tyranitar|Tyranitar, L50, F|100\/100\n|-weather|Sandstorm|[from] ability: Sand Stream|[of] p2b: Tyranitar\n|turn|5\n|c| sickmovesbro|very interesting game\n|\n|t:|1721915825\n|move|p2b: Tyranitar|Protect|p2b: Tyranitar\n|-singleturn|p2b: Tyranitar|Protect\n|move|p1b: Electabuzz|Feint|p2b: Tyranitar\n|-activate|p2b: Tyranitar|move: Feint\n|-resisted|p2b: Tyranitar\n|-damage|p2b: Tyranitar|98\/100\n|move|p1a: Kyogre|Water Spout|p2b: Tyranitar|[spread] p2a,p2b\n|-supereffective|p2b: Tyranitar\n|-damage|p2a: Zamazenta|0 fnt\n|-damage|p2b: Tyranitar|0 fnt\n|faint|p2a: Zamazenta\n|faint|p2b: Tyranitar\n|\n|-weather|Sandstorm|[upkeep]\n|-damage|p1a: Kyogre|95\/100|[from] Sandstorm\n|-damage|p1b: Electabuzz|85\/100|[from] Sandstorm\n|-sideend|p1: drsithlord|move: Tailwind\n|upkeep\n|\n|t:|1721915842\n|switch|p2a: Rillaboom|Rillaboom, L50, M|100\/100\n|-fieldstart|move: Grassy Terrain|[from] ability: Grassy Surge|[of] p2a: Rillaboom\n|turn|6\n|\n|t:|1721915870\n|-terastallize|p2a: Rillaboom|Grass\n|move|p1b: Electabuzz|Follow Me|p1b: Electabuzz\n|-singleturn|p1b: Electabuzz|move: Follow Me\n|move|p1a: Kyogre|Water Spout|p2a: Rillaboom\n|-resisted|p2a: Rillaboom\n|-damage|p2a: Rillaboom|32\/100\n|move|p2a: Rillaboom|Wood Hammer|p1b: Electabuzz\n|-damage|p1b: Electabuzz|0 fnt\n|faint|p1b: Electabuzz\n|-damage|p2a: Rillaboom|5\/100|[from] Recoil\n|\n|-weather|Sandstorm|[upkeep]\n|-damage|p1a: Kyogre|89\/100|[from] Sandstorm\n|-damage|p2a: Rillaboom|0 fnt|[from] Sandstorm\n|faint|p2a: Rillaboom\n|\n|win|drsithlord\n|upkeep\n|raw|drsithlord's rating: 1676 &rarr; <strong>1697<\/strong><br \/>(+21 for winning)\n|raw|FreezyPop439's rating: 1699 &rarr; <strong>1678<\/strong><br \/>(-21 for losing)\n|l|\u2606drsithlord\n|player|p1|\n|l|\u2606FreezyPop439\n|player|p2|\n|l| sickmovesbro\n","uploadtime":1721915881,"views":29,"formatid":"gen9vgc2024regg","rating":1678,"private":0,"password":null}