{"id":"gen9vgc2024regg-2167635473","format":"[Gen 9] VGC 2024 Reg G","players":["Bbqsus","auraen"],"log":"|j|\u2606Bbqsus\n|j|\u2606auraen\n|t:|1721970297\n|gametype|doubles\n|player|p1|Bbqsus|266|1692\n|player|p2|auraen|harlequin|1790\n|teamsize|p1|6\n|teamsize|p2|6\n|gen|9\n|tier|[Gen 9] VGC 2024 Reg G\n|rated|\n|rule|Species Clause: Limit one of each Pok\u00e9mon\n|rule|Item Clause: Limit one of each item\n|clearpoke\n|poke|p1|Lunala, L50|\n|poke|p1|Hatterene, L50, F|\n|poke|p1|Indeedee-F, L50, F|\n|poke|p1|Torkoal, L50, M|\n|poke|p1|Comfey, L50, M|\n|poke|p1|Ursaluna, L50, M|\n|poke|p2|Terapagos, L50, M|\n|poke|p2|Munkidori, L50, M|\n|poke|p2|Incineroar, L50, M|\n|poke|p2|Sinistcha, L50|\n|poke|p2|Basculegion, L50, M|\n|poke|p2|Flamigo, L50, F|\n|teampreview|4\n|inactive|Battle timer is ON: inactive players will automatically lose when time's up. (requested by Bbqsus)\n|j| rabbithorn01\n|inactive|auraen has 60 seconds left.\n|\n|t:|1721970327\n|start\n|switch|p1a: Im da jokah baby|Lunala, L50, shiny|100\/100\n|switch|p1b: Indeedee-pronoun|Indeedee-F, L50, F, shiny|100\/100\n|switch|p2a: Terapagos|Terapagos, L50, M|100\/100\n|switch|p2b: Incineroar|Incineroar, L50, M|100\/100\n|-activate|p2a: Terapagos|ability: Tera Shift\n|detailschange|p2a: Terapagos|Terapagos-Terastal, L50, M\n|-heal|p2a: Terapagos|100\/100|[silent]\n|-fieldstart|move: Psychic Terrain|[from] ability: Psychic Surge|[of] p1b: Indeedee-pronoun\n|-ability|p2b: Incineroar|Intimidate|boost\n|-unboost|p1a: Im da jokah baby|atk|1\n|-unboost|p1b: Indeedee-pronoun|atk|1\n|turn|1\n|\n|t:|1721970335\n|-terastallize|p2a: Terapagos|Stellar\n|detailschange|p2a: Terapagos|Terapagos-Stellar, L50, M, tera:Stellar\n|-heal|p2a: Terapagos|100\/100|[silent]\n|-ability|p2a: Terapagos|Teraform Zero\n|-fieldend|move: Psychic Terrain\n|move|p2b: Incineroar|Fake Out|p1b: Indeedee-pronoun\n|-damage|p1b: Indeedee-pronoun|85\/100\n|move|p2a: Terapagos|Tera Starstorm|p1a: Im da jokah baby|[spread] p1a,p1b\n|-damage|p1a: Im da jokah baby|78\/100\n|-damage|p1b: Indeedee-pronoun|46\/100\n|move|p1a: Im da jokah baby|Meteor Beam||[still]\n|-prepare|p1a: Im da jokah baby|Meteor Beam\n|-boost|p1a: Im da jokah baby|spa|1\n|-enditem|p1a: Im da jokah baby|Power Herb\n|-anim|p1a: Im da jokah baby|Meteor Beam|p2b: Incineroar\n|-supereffective|p2b: Incineroar\n|-damage|p2b: Incineroar|0 fnt\n|faint|p2b: Incineroar\n|cant|p1b: Indeedee-pronoun|flinch\n|\n|upkeep\n|\n|t:|1721970339\n|switch|p2b: Basculegion|Basculegion, L50, M|100\/100\n|turn|2\n|\n|t:|1721970360\n|move|p1a: Im da jokah baby|Wide Guard|p1a: Im da jokah baby\n|-singleturn|p1a: Im da jokah baby|Wide Guard\n|move|p2b: Basculegion|Flip Turn|p1a: Im da jokah baby\n|-damage|p1a: Im da jokah baby|54\/100\n|\n|t:|1721970362\n|switch|p2b: Sinistcha|Sinistcha, L50|100\/100|[from] Flip Turn\n|move|p2a: Terapagos|Tera Starstorm|p1b: Indeedee-pronoun|[spread] \n|-activate|p1a: Im da jokah baby|move: Wide Guard\n|-activate|p1b: Indeedee-pronoun|move: Wide Guard\n|move|p1b: Indeedee-pronoun|Trick Room|p1b: Indeedee-pronoun\n|-fieldstart|move: Trick Room|[of] p1b: Indeedee-pronoun\n|\n|upkeep\n|turn|3\n|\n|t:|1721970379\n|move|p1b: Indeedee-pronoun|Helping Hand|p1a: Im da jokah baby\n|-singleturn|p1a: Im da jokah baby|Helping Hand|[of] p1b: Indeedee-pronoun\n|move|p2b: Sinistcha|Rage Powder|p2b: Sinistcha\n|-singleturn|p2b: Sinistcha|move: Rage Powder\n|move|p1a: Im da jokah baby|Moongeist Beam|p2b: Sinistcha\n|-supereffective|p2b: Sinistcha\n|-damage|p2b: Sinistcha|0 fnt\n|faint|p2b: Sinistcha\n|move|p2a: Terapagos|Tera Starstorm|p1a: Im da jokah baby|[spread] p1a,p1b\n|-damage|p1a: Im da jokah baby|7\/100\n|-damage|p1b: Indeedee-pronoun|2\/100\n|\n|upkeep\n|\n|t:|1721970382\n|switch|p2b: Basculegion|Basculegion, L50, M|100\/100\n|turn|4\n|inactive|Bbqsus has 30 seconds left.\n|\n|t:|1721970407\n|move|p2b: Basculegion|Aqua Jet|p1a: Im da jokah baby\n|-damage|p1a: Im da jokah baby|0 fnt\n|faint|p1a: Im da jokah baby\n|move|p1b: Indeedee-pronoun|Dazzling Gleam|p2b: Basculegion|[spread] p2a,p2b\n|-damage|p2a: Terapagos|92\/100\n|-damage|p2b: Basculegion|92\/100\n|move|p2a: Terapagos|Tera Starstorm|p1b: Indeedee-pronoun\n|-damage|p1b: Indeedee-pronoun|0 fnt\n|faint|p1b: Indeedee-pronoun\n|\n|upkeep\n|\n|t:|1721970411\n|switch|p1b: Krakatoa|Torkoal, L50, M, shiny|100\/100\n|switch|p1a: Bigbluehouse|Ursaluna, L50, M, shiny|100\/100\n|-weather|SunnyDay|[from] ability: Drought|[of] p1b: Krakatoa\n|turn|5\n|\n|t:|1721970417\n|-terastallize|p1b: Krakatoa|Fire\n|move|p1b: Krakatoa|Eruption|p2a: Terapagos|[spread] p2a,p2b\n|-resisted|p2b: Basculegion\n|-damage|p2a: Terapagos|24\/100\n|-damage|p2b: Basculegion|52\/100\n|move|p1a: Bigbluehouse|Facade|p2a: Terapagos\n|-damage|p2a: Terapagos|0 fnt\n|faint|p2a: Terapagos\n|move|p2b: Basculegion|Last Respects|p1b: Krakatoa\n|-damage|p1b: Krakatoa|11\/100\n|\n|-weather|SunnyDay|[upkeep]\n|-status|p1a: Bigbluehouse|brn|[from] item: Flame Orb\n|upkeep\n|turn|6\n|\n|t:|1721970430\n|move|p1b: Krakatoa|Flamethrower|p2b: Basculegion\n|-resisted|p2b: Basculegion\n|-damage|p2b: Basculegion|21\/100\n|-status|p2b: Basculegion|brn\n|move|p1a: Bigbluehouse|Headlong Rush|p2b: Basculegion\n|-damage|p2b: Basculegion|0 fnt\n|-unboost|p1a: Bigbluehouse|def|1\n|-unboost|p1a: Bigbluehouse|spd|1\n|faint|p2b: Basculegion\n|\n|win|Bbqsus\n|raw|Bbqsus's rating: 1692 &rarr; <strong>1717<\/strong><br \/>(+25 for winning)\n|raw|auraen's rating: 1790 &rarr; <strong>1765<\/strong><br \/>(-25 for losing)\n|l|\u2606auraen\n|player|p2|\n|l|\u2606Bbqsus\n|player|p1|\n","uploadtime":1721970442,"views":35,"formatid":"gen9vgc2024regg","rating":1717,"private":0,"password":null}