{"id":"gen9vgc2024regg-2167687532","format":"[Gen 9] VGC 2024 Reg G","players":["SeoDaHyun_030108","Mutu77"],"log":"|j|\u2606SeoDaHyun_030108\n|j|\u2606Mutu77\n|t:|1721980684\n|gametype|doubles\n|player|p1|SeoDaHyun_030108|steven|1667\n|player|p2|Mutu77|169|1704\n|teamsize|p1|6\n|teamsize|p2|6\n|gen|9\n|tier|[Gen 9] VGC 2024 Reg G\n|rated|\n|rule|Species Clause: Limit one of each Pok\u00e9mon\n|rule|Item Clause: Limit one of each item\n|clearpoke\n|poke|p1|Calyrex-Ice, L50|\n|poke|p1|Urshifu-*, L50, M|\n|poke|p1|Ursaluna-Bloodmoon, L50, M|\n|poke|p1|Ogerpon-Wellspring, L50, F|\n|poke|p1|Annihilape, L50, F|\n|poke|p1|Smeargle, L50, M|\n|poke|p2|Zamazenta-*, L50|\n|poke|p2|Thundurus, L50, M|\n|poke|p2|Urshifu-*, L50, F|\n|poke|p2|Ogerpon-Wellspring, L50, F|\n|poke|p2|Iron Treads, L50|\n|poke|p2|Flutter Mane, L50|\n|teampreview|4\n|inactive|Battle timer is ON: inactive players will automatically lose when time's up. (requested by SeoDaHyun_030108)\n|j| gyaradostyranitar\n|l| gyaradostyranitar\n|inactive|SeoDaHyun_030108 has 60 seconds left.\n|\n|t:|1721980724\n|start\n|switch|p1a: Calyrex|Calyrex-Ice, L50|100\/100\n|switch|p1b: Annihilape|Annihilape, L50, F, shiny|100\/100\n|switch|p2a: Flutter Mane|Flutter Mane, L50|100\/100\n|switch|p2b: Zamazenta|Zamazenta-Crowned, L50|100\/100\n|-ability|p1a: Calyrex|As One\n|-ability|p1a: Calyrex|Unnerve\n|-ability|p2b: Zamazenta|Dauntless Shield|boost\n|-boost|p2b: Zamazenta|def|1\n|turn|1\n|j| rabbithorn01\n|inactive|Mutu77 has 30 seconds left.\n|\n|t:|1721980750\n|-terastallize|p1a: Calyrex|Water\n|move|p2b: Zamazenta|Wide Guard|p2b: Zamazenta\n|-singleturn|p2b: Zamazenta|Wide Guard\n|move|p2a: Flutter Mane|Dazzling Gleam|p1b: Annihilape|[spread] p1a,p1b\n|-supereffective|p1b: Annihilape\n|-enditem|p1b: Annihilape|Roseli Berry|[eat]\n|-enditem|p1b: Annihilape|Roseli Berry|[weaken]\n|-damage|p1a: Calyrex|77\/100\n|-damage|p1b: Annihilape|69\/100\n|move|p1b: Annihilape|Final Gambit|p2b: Zamazenta\n|-damage|p2b: Zamazenta|12\/100\n|faint|p1b: Annihilape\n|move|p1a: Calyrex|Trick Room|p1a: Calyrex\n|-fieldstart|move: Trick Room|[of] p1a: Calyrex\n|\n|upkeep\n|\n|t:|1721980767\n|switch|p1b: Smeargle|Smeargle, L50, M, shiny|100\/100\n|turn|2\n|\n|t:|1721980788\n|move|p2b: Zamazenta|Protect|p2b: Zamazenta\n|-singleturn|p2b: Zamazenta|Protect\n|move|p1b: Smeargle|Decorate|p1a: Calyrex\n|-boost|p1a: Calyrex|atk|2\n|-boost|p1a: Calyrex|spa|2\n|move|p1a: Calyrex|Glacial Lance|p2b: Zamazenta|[spread] p2a\n|-activate|p2b: Zamazenta|move: Protect\n|-damage|p2a: Flutter Mane|0 fnt\n|faint|p2a: Flutter Mane\n|-end|p2a: Flutter Mane|Protosynthesis|[silent]\n|-ability|p1a: Calyrex|Chilling Neigh|boost\n|-boost|p1a: Calyrex|atk|1\n|\n|upkeep\n|inactive|Mutu77 has 30 seconds left.\n|l|\u2606Mutu77\n|inactive|Mutu77 disconnected and has a minute to reconnect!\n|player|p2|\n|inactive|Mutu77 has 20 seconds left.\n|inactive|Mutu77 has 15 seconds left.\n|j|\u2606Mutu77\n|inactive|Mutu77 reconnected and has 15 seconds left.\n|player|p2|Mutu77|169|\n|inactive|Mutu77 has 10 seconds left.\n|\n|t:|1721980835\n|switch|p2a: Urshifu|Urshifu, L50, F|100\/100\n|turn|3\n|\n|t:|1721980844\n|move|p2b: Zamazenta|Wide Guard|p2b: Zamazenta\n|-singleturn|p2b: Zamazenta|Wide Guard\n|move|p1b: Smeargle|Spore|p2b: Zamazenta\n|-status|p2b: Zamazenta|slp|[from] move: Spore\n|move|p1a: Calyrex|High Horsepower|p2a: Urshifu\n|-enditem|p2a: Urshifu|Focus Sash\n|-damage|p2a: Urshifu|1\/100\n|move|p2a: Urshifu|Wicked Blow|p1a: Calyrex\n|-crit|p1a: Calyrex\n|-damage|p1a: Calyrex|37\/100\n|-enditem|p1a: Calyrex|Sitrus Berry|[eat]\n|-heal|p1a: Calyrex|62\/100|[from] item: Sitrus Berry\n|\n|upkeep\n|turn|4\n|inactive|Mutu77 has 30 seconds left.\n|\n|t:|1721980879\n|move|p2a: Urshifu|Protect|p2a: Urshifu\n|-singleturn|p2a: Urshifu|Protect\n|cant|p2b: Zamazenta|slp\n|move|p1b: Smeargle|Follow Me|p1b: Smeargle\n|-singleturn|p1b: Smeargle|move: Follow Me\n|move|p1a: Calyrex|Glacial Lance|p2b: Zamazenta|[spread] p2b\n|-activate|p2a: Urshifu|move: Protect\n|-resisted|p2b: Zamazenta\n|-damage|p2b: Zamazenta|0 fnt\n|faint|p2b: Zamazenta\n|-ability|p1a: Calyrex|Chilling Neigh|boost\n|-boost|p1a: Calyrex|atk|1\n|\n|upkeep\n|\n|t:|1721980893\n|switch|p2b: Thundurus|Thundurus, L50, M|100\/100\n|turn|5\n|\n|t:|1721980911\n|-terastallize|p2b: Thundurus|Steel\n|move|p2a: Urshifu|Protect|p2a: Urshifu\n|-singleturn|p2a: Urshifu|Protect\n|move|p1b: Smeargle|Follow Me|p1b: Smeargle\n|-singleturn|p1b: Smeargle|move: Follow Me\n|move|p1a: Calyrex|Glacial Lance|p2b: Thundurus|[spread] p2b\n|-activate|p2a: Urshifu|move: Protect\n|-resisted|p2b: Thundurus\n|-damage|p2b: Thundurus|18\/100\n|move|p2b: Thundurus|Wildbolt Storm|p1b: Smeargle|[spread] p1b\n|-miss|p2b: Thundurus|p1a: Calyrex\n|-damage|p1b: Smeargle|41\/100\n|\n|-fieldend|move: Trick Room\n|upkeep\n|turn|6\n|\n|t:|1721980934\n|move|p1b: Smeargle|Follow Me|p1b: Smeargle\n|-singleturn|p1b: Smeargle|move: Follow Me\n|move|p2a: Urshifu|Wicked Blow|p1b: Smeargle\n|-crit|p1b: Smeargle\n|-damage|p1b: Smeargle|0 fnt\n|faint|p1b: Smeargle\n|move|p2b: Thundurus|Wildbolt Storm|p1a: Calyrex\n|-supereffective|p1a: Calyrex\n|-damage|p1a: Calyrex|7\/100\n|move|p1a: Calyrex|Trick Room|p1a: Calyrex\n|-fieldstart|move: Trick Room|[of] p1a: Calyrex\n|\n|upkeep\n|\n|t:|1721980946\n|switch|p1b: Ursaluna|Ursaluna-Bloodmoon, L50, M|100\/100\n|turn|7\n|\n|t:|1721980961\n|move|p2b: Thundurus|Eerie Impulse|p1b: Ursaluna\n|-unboost|p1b: Ursaluna|spa|2\n|move|p2a: Urshifu|Sucker Punch|p1a: Calyrex\n|-damage|p1a: Calyrex|0 fnt\n|faint|p1a: Calyrex\n|move|p1b: Ursaluna|Hyper Voice|p2a: Urshifu|[spread] p2a,p2b\n|-resisted|p2b: Thundurus\n|-damage|p2a: Urshifu|0 fnt\n|-damage|p2b: Thundurus|2\/100\n|faint|p2a: Urshifu\n|-damage|p1b: Ursaluna|91\/100|[from] item: Life Orb\n|\n|upkeep\n|turn|8\n|j| TreeHuger03\n|inactive|Mutu77 has 30 seconds left.\n|\n|t:|1721980989\n|move|p1b: Ursaluna|Vacuum Wave|p2b: Thundurus\n|-supereffective|p2b: Thundurus\n|-damage|p2b: Thundurus|0 fnt\n|faint|p2b: Thundurus\n|-damage|p1b: Ursaluna|81\/100|[from] item: Life Orb\n|\n|win|SeoDaHyun_030108\n|raw|SeoDaHyun_030108's rating: 1667 &rarr; <strong>1689<\/strong><br \/>(+22 for winning)\n|raw|Mutu77's rating: 1704 &rarr; <strong>1682<\/strong><br \/>(-22 for losing)\n|l| TreeHuger03\n|l|\u2606Mutu77\n|player|p2|\n|l|\u2606SeoDaHyun_030108\n|player|p1|\n","uploadtime":1721981132,"views":12,"formatid":"gen9vgc2024regg","rating":1682,"private":0,"password":null}