{"id":"gen9vgc2024regg-2167078470","format":"[Gen 9] VGC 2024 Reg G","players":["Shun.c","AsukaHikaru"],"log":"|j|\u2606Shun.c\n|j|\u2606AsukaHikaru\n|t:|1721894913\n|gametype|doubles\n|player|p1|Shun.c|265|1668\n|player|p2|AsukaHikaru|volkner|1756\n|teamsize|p1|6\n|teamsize|p2|6\n|gen|9\n|tier|[Gen 9] VGC 2024 Reg G\n|rated|\n|rule|Species Clause: Limit one of each Pok\u00e9mon\n|rule|Item Clause: Limit one of each item\n|clearpoke\n|poke|p1|Calyrex-Shadow, L50|\n|poke|p1|Raging Bolt, L50|\n|poke|p1|Urshifu-*, L50, F|\n|poke|p1|Rillaboom, L50, F|\n|poke|p1|Incineroar, L50, F|\n|poke|p1|Ogerpon-Hearthflame, L50, F|\n|poke|p2|Weezing-Galar, L50, M|\n|poke|p2|Dondozo, L50, F|\n|poke|p2|Calyrex-Shadow, L50|\n|poke|p2|Maushold-Four, L50|\n|poke|p2|Tatsugiri, L50, F|\n|poke|p2|Mienshao, L50, M|\n|teampreview|4\n|j| goldonauta\n|j| Buy Dogecoins\n|\n|t:|1721894963\n|start\n|switch|p1a: Calyrex|Calyrex-Shadow, L50|100\/100\n|switch|p1b: Rillaboom|Rillaboom, L50, F|100\/100\n|switch|p2a: Calyrex|Calyrex-Shadow, L50|100\/100\n|switch|p2b: Weezing|Weezing-Galar, L50, M|100\/100\n|-ability|p2a: Calyrex|As One\n|-ability|p2a: Calyrex|Unnerve\n|-ability|p1a: Calyrex|As One\n|-ability|p1a: Calyrex|Unnerve\n|-ability|p2b: Weezing|Neutralizing Gas\n|turn|1\n|j| telamonian\n|j| poolsideguy\n|\n|t:|1721894999\n|switch|p1b: Incineroar|Incineroar, L50, F|100\/100\n|-terastallize|p1a: Calyrex|Normal\n|move|p2a: Calyrex|Astral Barrage|p1b: Incineroar|[spread] p1b\n|-immune|p1a: Calyrex\n|-resisted|p1b: Incineroar\n|-damage|p1b: Incineroar|63\/100\n|move|p1a: Calyrex|Psychic|p2b: Weezing\n|-supereffective|p2b: Weezing\n|-damage|p2b: Weezing|0 fnt\n|faint|p2b: Weezing\n|-end|p2b: Weezing|ability: Neutralizing Gas\n|-ability|p1b: Incineroar|Intimidate|boost\n|-unboost|p2a: Calyrex|atk|1\n|-ability|p1a: Calyrex|Grim Neigh|boost\n|-boost|p1a: Calyrex|spa|1\n|\n|upkeep\n|\n|t:|1721895017\n|switch|p2b: Dondozo|Dondozo, L50, F|100\/100\n|turn|2\n|\n|t:|1721895031\n|switch|p2a: Tatsugiri|Tatsugiri, L50, F|100\/100\n|-activate|p2a: Tatsugiri|ability: Commander|[of] p2b: Dondozo\n|-boost|p2b: Dondozo|atk|2\n|-boost|p2b: Dondozo|spa|2\n|-boost|p2b: Dondozo|spe|2\n|-boost|p2b: Dondozo|def|2\n|-boost|p2b: Dondozo|spd|2\n|move|p1b: Incineroar|Fake Out|p2b: Dondozo\n|-damage|p2b: Dondozo|97\/100\n|move|p1a: Calyrex|Astral Barrage|p2a: Tatsugiri|[spread] p2b\n|-miss|p1a: Calyrex|p2a: Tatsugiri\n|-damage|p2b: Dondozo|71\/100\n|cant|p2b: Dondozo|flinch\n|\n|-heal|p2b: Dondozo|77\/100|[from] item: Leftovers\n|upkeep\n|turn|3\n|\n|t:|1721895056\n|switch|p1b: Rillaboom|Rillaboom, L50, F|100\/100\n|-fieldstart|move: Grassy Terrain|[from] ability: Grassy Surge|[of] p1b: Rillaboom\n|move|p1a: Calyrex|Protect|p1a: Calyrex\n|-singleturn|p1a: Calyrex|Protect\n|move|p2b: Dondozo|Wave Crash|p1a: Calyrex\n|-activate|p1a: Calyrex|move: Protect\n|\n|-heal|p2b: Dondozo|84\/100|[from] Grassy Terrain\n|-heal|p2b: Dondozo|90\/100|[from] item: Leftovers\n|upkeep\n|turn|4\n|\n|t:|1721895074\n|switch|p1a: Incineroar|Incineroar, L50, F|63\/100\n|-ability|p1a: Incineroar|Intimidate|boost\n|-unboost|p2a: Tatsugiri|atk|1\n|-unboost|p2b: Dondozo|atk|1\n|-terastallize|p2b: Dondozo|Grass\n|move|p1b: Rillaboom|Fake Out|p2b: Dondozo\n|-damage|p2b: Dondozo|85\/100\n|cant|p2b: Dondozo|flinch\n|\n|-heal|p2b: Dondozo|92\/100|[from] Grassy Terrain\n|-heal|p2b: Dondozo|98\/100|[from] item: Leftovers\n|-heal|p1a: Incineroar|69\/100|[from] Grassy Terrain\n|upkeep\n|turn|5\n|\n|t:|1721895093\n|move|p1a: Incineroar|Fake Out|p2b: Dondozo\n|-damage|p2b: Dondozo|94\/100\n|cant|p2b: Dondozo|flinch\n|move|p1b: Rillaboom|U-turn|p2b: Dondozo\n|-supereffective|p2b: Dondozo\n|-damage|p2b: Dondozo|78\/100\n|\n|t:|1721895104\n|switch|p1b: Urshifu|Urshifu-Rapid-Strike, L50, F|100\/100|[from] U-turn\n|\n|-heal|p2b: Dondozo|84\/100|[from] Grassy Terrain\n|-heal|p2b: Dondozo|90\/100|[from] item: Leftovers\n|-heal|p1a: Incineroar|75\/100|[from] Grassy Terrain\n|upkeep\n|turn|6\n|\n|t:|1721895123\n|switch|p1a: Rillaboom|Rillaboom, L50, F|100\/100\n|move|p2b: Dondozo|Order Up|p1b: Urshifu\n|-damage|p1b: Urshifu|61\/100\n|-boost|p2b: Dondozo|atk|1\n|move|p1b: Urshifu|Close Combat|p2b: Dondozo\n|-damage|p2b: Dondozo|66\/100\n|-unboost|p1b: Urshifu|def|1\n|-unboost|p1b: Urshifu|spd|1\n|\n|-heal|p2b: Dondozo|72\/100|[from] Grassy Terrain\n|-heal|p2b: Dondozo|78\/100|[from] item: Leftovers\n|-heal|p1b: Urshifu|67\/100|[from] Grassy Terrain\n|upkeep\n|turn|7\n|\n|t:|1721895142\n|move|p1a: Rillaboom|Fake Out|p2b: Dondozo\n|-damage|p2b: Dondozo|74\/100\n|cant|p2b: Dondozo|flinch\n|move|p1b: Urshifu|Close Combat|p2b: Dondozo\n|-damage|p2b: Dondozo|48\/100\n|-unboost|p1b: Urshifu|def|1\n|-unboost|p1b: Urshifu|spd|1\n|\n|-heal|p2b: Dondozo|54\/100|[from] Grassy Terrain\n|-heal|p2b: Dondozo|61\/100|[from] item: Leftovers\n|-heal|p1b: Urshifu|72\/100|[from] Grassy Terrain\n|-fieldend|move: Grassy Terrain\n|upkeep\n|turn|8\n|\n|t:|1721895155\n|switch|p1a: Incineroar|Incineroar, L50, F|75\/100\n|-ability|p1a: Incineroar|Intimidate|boost\n|-unboost|p2a: Tatsugiri|atk|1\n|-unboost|p2b: Dondozo|atk|1\n|move|p1b: Urshifu|Detect|p1b: Urshifu\n|-singleturn|p1b: Urshifu|Protect\n|move|p2b: Dondozo|Wave Crash|p1b: Urshifu\n|-activate|p1b: Urshifu|move: Protect\n|\n|-heal|p2b: Dondozo|67\/100|[from] item: Leftovers\n|upkeep\n|turn|9\n|\n|t:|1721895176\n|move|p1a: Incineroar|Fake Out|p2b: Dondozo\n|-damage|p2b: Dondozo|63\/100\n|cant|p2b: Dondozo|flinch\n|move|p1b: Urshifu|Close Combat|p2b: Dondozo\n|-crit|p2b: Dondozo\n|-damage|p2b: Dondozo|0 fnt\n|-unboost|p1b: Urshifu|def|1\n|-unboost|p1b: Urshifu|spd|1\n|faint|p2b: Dondozo\n|\n|upkeep\n|\n|t:|1721895186\n|switch|p2b: Calyrex|Calyrex-Shadow, L50|100\/100\n|-ability|p2b: Calyrex|As One\n|-ability|p2b: Calyrex|Unnerve\n|turn|10\n|\n|t:|1721895208\n|switch|p1b: Rillaboom|Rillaboom, L50, F|100\/100\n|-fieldstart|move: Grassy Terrain|[from] ability: Grassy Surge|[of] p1b: Rillaboom\n|move|p2b: Calyrex|Astral Barrage|p1b: Rillaboom|[spread] p1a,p1b\n|-resisted|p1a: Incineroar\n|-damage|p1a: Incineroar|40\/100\n|-damage|p1b: Rillaboom|48\/100\n|move|p2a: Tatsugiri|Muddy Water|p1b: Rillaboom|[spread] p1a,p1b\n|-supereffective|p1a: Incineroar\n|-resisted|p1b: Rillaboom\n|-damage|p1a: Incineroar|0 fnt\n|-damage|p1b: Rillaboom|38\/100\n|faint|p1a: Incineroar\n|\n|-heal|p1b: Rillaboom|44\/100|[from] Grassy Terrain\n|upkeep\n|\n|t:|1721895226\n|switch|p1a: Calyrex|Calyrex-Shadow, L50, tera:Normal|100\/100\n|-ability|p1a: Calyrex|As One\n|-ability|p1a: Calyrex|Unnerve\n|turn|11\n|\n|t:|1721895235\n|move|p1b: Rillaboom|Fake Out|p2a: Tatsugiri\n|-damage|p2a: Tatsugiri|83\/100\n|move|p2b: Calyrex|Astral Barrage|p1b: Rillaboom|[spread] p1b\n|-immune|p1a: Calyrex\n|-damage|p1b: Rillaboom|0 fnt\n|faint|p1b: Rillaboom\n|-ability|p2b: Calyrex|Grim Neigh|boost\n|-boost|p2b: Calyrex|spa|1\n|move|p1a: Calyrex|Astral Barrage|p2a: Tatsugiri|[spread] p2a,p2b\n|-supereffective|p2b: Calyrex\n|-damage|p2a: Tatsugiri|45\/100\n|-damage|p2b: Calyrex|0 fnt\n|faint|p2b: Calyrex\n|-ability|p1a: Calyrex|Grim Neigh|boost\n|-boost|p1a: Calyrex|spa|1\n|cant|p2a: Tatsugiri|flinch\n|\n|-heal|p2a: Tatsugiri|51\/100|[from] Grassy Terrain\n|upkeep\n|\n|t:|1721895250\n|switch|p1b: Urshifu|Urshifu-Rapid-Strike, L50, F|72\/100\n|turn|12\n|-message|AsukaHikaru forfeited.\n|\n|win|Shun.c\n|raw|Shun.c's rating: 1668 &rarr; <strong>1693<\/strong><br \/>(+25 for winning)\n|raw|AsukaHikaru's rating: 1756 &rarr; <strong>1731<\/strong><br \/>(-25 for losing)\n|l|\u2606AsukaHikaru\n|player|p2|\n|l| goldonauta\n|l| poolsideguy\n|l| telamonian\n|l| Buy Dogecoins\n|l|\u2606Shun.c\n|player|p1|\n","uploadtime":1721895456,"views":14,"formatid":"gen9vgc2024regg","rating":1693,"private":0,"password":null}