{"id":"gen9vgc2024regg-2167404526","format":"[Gen 9] VGC 2024 Reg G","players":["Mutu77","Dathluke2"],"log":"|j|\u2606Mutu77\n|j|\u2606Dathluke2\n|t:|1721938940\n|gametype|doubles\n|player|p1|Mutu77|2|1665\n|player|p2|Dathluke2|larry|1794\n|teamsize|p1|6\n|teamsize|p2|6\n|gen|9\n|tier|[Gen 9] VGC 2024 Reg G\n|rated|\n|rule|Species Clause: Limit one of each Pok\u00e9mon\n|rule|Item Clause: Limit one of each item\n|clearpoke\n|poke|p1|Zamazenta-*, L50|\n|poke|p1|Thundurus, L50, M|\n|poke|p1|Urshifu-*, L50, M|\n|poke|p1|Ogerpon-Wellspring, L50, F|\n|poke|p1|Iron Treads, L50|\n|poke|p1|Flutter Mane, L50|\n|poke|p2|Zamazenta-*, L50|\n|poke|p2|Raging Bolt, L50|\n|poke|p2|Landorus-Therian, L50, M|\n|poke|p2|Ogerpon-Hearthflame, L50, F|\n|poke|p2|Urshifu-*, L50, M|\n|poke|p2|Chien-Pao, L50|\n|teampreview|4\nDathluke2 has agreed to open team sheets.\n|inactive|Battle timer is ON: inactive players will automatically lose when time's up. (requested by Dathluke2)\n|inactive|Mutu77 has 60 seconds left.\n|\n|t:|1721938991\n|start\n|switch|p1a: Zamazenta|Zamazenta-Crowned, L50|100\/100\n|switch|p1b: Thundurus|Thundurus, L50, M|100\/100\n|switch|p2a: Chien-Pao|Chien-Pao, L50|100\/100\n|switch|p2b: Landorus|Landorus-Therian, L50, M|100\/100\n|-ability|p2a: Chien-Pao|Sword of Ruin\n|-ability|p1a: Zamazenta|Dauntless Shield|boost\n|-boost|p1a: Zamazenta|def|1\n|-ability|p2b: Landorus|Intimidate|boost\n|-unboost|p1a: Zamazenta|atk|1\n|-unboost|p1b: Thundurus|atk|1\n|turn|1\n|inactive|Mutu77 has 30 seconds left.\n|inactive|Mutu77 has 20 seconds left.\n|inactive|Mutu77 has 15 seconds left.\n|inactive|Mutu77 has 10 seconds left.\n|inactive|Mutu77 has 5 seconds left.\n|\n|t:|1721939045\n|switch|p1b: Urshifu|Urshifu, L50, M|100\/100\n|-terastallize|p1a: Zamazenta|Fighting\n|move|p2a: Chien-Pao|Ice Spinner|p1b: Urshifu\n|-damage|p1b: Urshifu|48\/100\n|move|p1a: Zamazenta|Body Press|p2a: Chien-Pao\n|-supereffective|p2a: Chien-Pao\n|-enditem|p2a: Chien-Pao|Focus Sash\n|-damage|p2a: Chien-Pao|1\/100\n|move|p2b: Landorus|Stomping Tantrum|p1a: Zamazenta\n|-damage|p1a: Zamazenta|77\/100\n|\n|upkeep\n|turn|2\n|inactive|Mutu77 has 30 seconds left.\n|inactive|Dathluke2 has 30 seconds left.\n|inactive|Mutu77 has 20 seconds left.\n|inactive|Dathluke2 has 20 seconds left.\n|inactive|Mutu77 has 15 seconds left.\n|\n|t:|1721939087\n|-terastallize|p2b: Landorus|Flying\n|move|p1b: Urshifu|Sucker Punch|p2b: Landorus\n|-damage|p2b: Landorus|41\/100\n|move|p2a: Chien-Pao|Ice Spinner|p1b: Urshifu\n|-damage|p1b: Urshifu|0 fnt\n|faint|p1b: Urshifu\n|move|p1a: Zamazenta|Iron Defense|p1a: Zamazenta\n|-boost|p1a: Zamazenta|def|2\n|move|p2b: Landorus|Tera Blast|p1a: Zamazenta|[anim] Tera Blast Flying\n|-supereffective|p1a: Zamazenta\n|-damage|p1a: Zamazenta|34\/100\n|\n|upkeep\n|\n|t:|1721939102\n|switch|p1b: Flutter Mane|Flutter Mane, L50|100\/100\n|turn|3\n|inactive|Mutu77 has 30 seconds left.\n|\n|t:|1721939135\n|move|p2b: Landorus|Protect|p2b: Landorus\n|-singleturn|p2b: Landorus|Protect\n|move|p2a: Chien-Pao|Sucker Punch|p1b: Flutter Mane\n|-damage|p1b: Flutter Mane|0 fnt\n|faint|p1b: Flutter Mane\n|-end|p1b: Flutter Mane|Protosynthesis|[silent]\n|move|p1a: Zamazenta|Body Press|p2b: Landorus\n|-activate|p2b: Landorus|move: Protect\n|\n|upkeep\n|\n|t:|1721939145\n|switch|p1b: Thundurus|Thundurus, L50, M|100\/100\n|turn|4\n|\n|t:|1721939165\n|move|p1a: Zamazenta|Protect|p1a: Zamazenta\n|-singleturn|p1a: Zamazenta|Protect\n|move|p2a: Chien-Pao|Ice Spinner|p1b: Thundurus\n|-supereffective|p1b: Thundurus\n|-damage|p1b: Thundurus|16\/100\n|move|p2b: Landorus|Tera Blast|p1a: Zamazenta|[anim] Tera Blast Flying\n|-activate|p1a: Zamazenta|move: Protect\n|move|p1b: Thundurus|Wildbolt Storm|p2b: Landorus|[spread] p2a,p2b\n|-supereffective|p2b: Landorus\n|-damage|p2a: Chien-Pao|0 fnt\n|-damage|p2b: Landorus|0 fnt\n|faint|p2a: Chien-Pao\n|faint|p2b: Landorus\n|\n|upkeep\n|\n|t:|1721939172\n|switch|p2a: Ogerpon|Ogerpon-Hearthflame, L50, F|100\/100\n|switch|p2b: Zamazenta|Zamazenta-Crowned, L50|100\/100\n|-ability|p2a: Ogerpon|Mold Breaker\n|-ability|p2b: Zamazenta|Dauntless Shield|boost\n|-boost|p2b: Zamazenta|def|1\n|turn|5\n|inactive|Mutu77 has 30 seconds left.\n|inactive|Mutu77 has 20 seconds left.\n|inactive|Mutu77 has 15 seconds left.\n|\n|t:|1721939215\n|move|p1b: Thundurus|Thunder Wave|p2b: Zamazenta\n|-status|p2b: Zamazenta|par\n|move|p1a: Zamazenta|Body Press|p2a: Ogerpon\n|-damage|p2a: Ogerpon|0 fnt\n|faint|p2a: Ogerpon\n|move|p2b: Zamazenta|Body Press|p1b: Thundurus\n|-resisted|p1b: Thundurus\n|-crit|p1b: Thundurus\n|-damage|p1b: Thundurus|0 fnt\n|faint|p1b: Thundurus\n|\n|upkeep\n|turn|6\n|\n|t:|1721939230\n|move|p2b: Zamazenta|Protect|p2b: Zamazenta\n|-singleturn|p2b: Zamazenta|Protect\n|move|p1a: Zamazenta|Body Press|p2b: Zamazenta\n|-activate|p2b: Zamazenta|move: Protect\n|\n|upkeep\n|turn|7\n|\n|t:|1721939237\n|move|p1a: Zamazenta|Body Press|p2b: Zamazenta\n|-supereffective|p2b: Zamazenta\n|-damage|p2b: Zamazenta|0 fnt\n|faint|p2b: Zamazenta\n|\n|win|Mutu77\n|raw|Mutu77's rating: 1665 &rarr; <strong>1692<\/strong><br \/>(+27 for winning)\n|raw|Dathluke2's rating: 1794 &rarr; <strong>1767<\/strong><br \/>(-27 for losing)\n|l|\u2606Dathluke2\n|player|p2|\n|l|\u2606Mutu77\n|player|p1|\n","uploadtime":1721939456,"views":16,"formatid":"gen9vgc2024regg","rating":1692,"private":0,"password":null}