{"id":"gen9vgc2024regg-2167126193","format":"[Gen 9] VGC 2024 Reg G","players":["koji muranishi","jinier179"],"log":"|j|\u2606koji muranishi\n|j|\u2606jinier179\n|t:|1721904314\n|gametype|doubles\n|player|p1|koji muranishi|1|1739\n|player|p2|jinier179|cynthia|1688\n|teamsize|p1|6\n|teamsize|p2|6\n|gen|9\n|tier|[Gen 9] VGC 2024 Reg G\n|rated|\n|rule|Species Clause: Limit one of each Pok\u00e9mon\n|rule|Item Clause: Limit one of each item\n|clearpoke\n|poke|p1|Calyrex-Ice, L50|\n|poke|p1|Ting-Lu, L50|\n|poke|p1|Entei, L50|\n|poke|p1|Whimsicott, L50, M|\n|poke|p1|Urshifu-*, L50, M|\n|poke|p1|Raging Bolt, L50|\n|poke|p2|Lunala, L50|\n|poke|p2|Indeedee-F, L50, F|\n|poke|p2|Pelipper, L50, M|\n|poke|p2|Ursaluna, L50, F|\n|poke|p2|Urshifu-*, L50, M|\n|poke|p2|Regieleki, L50|\n|teampreview|4\n|inactive|Battle timer is ON: inactive players will automatically lose when time's up. (requested by jinier179)\njinier179 rejected open team sheets.\n|inactive|koji muranishi has 60 seconds left.\n|inactive|koji muranishi has 30 seconds left.\n|inactive|koji muranishi has 20 seconds left.\n|inactive|koji muranishi has 15 seconds left.\n|inactive|koji muranishi has 10 seconds left.\n|\n|t:|1721904414\n|start\n|switch|p1a: Whimsicott|Whimsicott, L50, M|100\/100\n|switch|p1b: Urshifu|Urshifu-Rapid-Strike, L50, M|100\/100\n|switch|p2a: Lunala|Lunala, L50|100\/100\n|switch|p2b: Indeedee|Indeedee-F, L50, F|100\/100\n|-fieldstart|move: Psychic Terrain|[from] ability: Psychic Surge|[of] p2b: Indeedee\n|turn|1\n|\n|t:|1721904429\n|switch|p1b: Ting-Lu|Ting-Lu, L50|100\/100\n|-ability|p1b: Ting-Lu|Vessel of Ruin\n|move|p1a: Whimsicott|Protect|p1a: Whimsicott\n|-singleturn|p1a: Whimsicott|Protect\n|move|p2a: Lunala|Expanding Force|p1a: Whimsicott|[spread] \n|-activate|p1a: Whimsicott|move: Protect\n|-immune|p1b: Ting-Lu\n|move|p2b: Indeedee|Trick Room|p2b: Indeedee\n|-fieldstart|move: Trick Room|[of] p2b: Indeedee\n|\n|upkeep\n|turn|2\n|inactive|jinier179 has 30 seconds left.\n|inactive|jinier179 has 20 seconds left.\n|\n|t:|1721904468\n|switch|p2a: Ursaluna|Ursaluna, L50, F|100\/100\n|move|p2b: Indeedee|Follow Me|p2b: Indeedee\n|-singleturn|p2b: Indeedee|move: Follow Me\n|move|p1b: Ting-Lu|Snarl|p2a: Ursaluna|[spread] p2a\n|-miss|p1b: Ting-Lu|p2b: Indeedee\n|-damage|p2a: Ursaluna|94\/100\n|-unboost|p2a: Ursaluna|spa|1\n|move|p1a: Whimsicott|Moonblast|p2b: Indeedee\n|-damage|p2b: Indeedee|75\/100\n|-unboost|p2b: Indeedee|spa|1\n|\n|-status|p2a: Ursaluna|brn|[from] item: Flame Orb\n|upkeep\n|turn|3\n|inactive|koji muranishi has 30 seconds left.\n|inactive|jinier179 has 30 seconds left.\n|\n|t:|1721904502\n|move|p2b: Indeedee|Helping Hand|p2a: Ursaluna\n|-singleturn|p2a: Ursaluna|Helping Hand|[of] p2b: Indeedee\n|move|p2a: Ursaluna|Facade|p1b: Ting-Lu\n|-damage|p1b: Ting-Lu|0 fnt\n|faint|p1b: Ting-Lu\n|move|p1a: Whimsicott|Moonblast|p2b: Indeedee\n|-damage|p2b: Indeedee|39\/100\n|-unboost|p2b: Indeedee|spa|1\n|\n|-damage|p2a: Ursaluna|88\/100 brn|[from] brn\n|upkeep\n|\n|t:|1721904522\n|switch|p1b: Urshifu|Urshifu-Rapid-Strike, L50, M|100\/100\n|turn|4\n|\n|t:|1721904541\n|move|p1a: Whimsicott|Protect|p1a: Whimsicott\n|-singleturn|p1a: Whimsicott|Protect\n|move|p1b: Urshifu|Detect|p1b: Urshifu\n|-singleturn|p1b: Urshifu|Protect\n|move|p2a: Ursaluna|Facade|p1b: Urshifu\n|-activate|p1b: Urshifu|move: Protect\n|move|p2b: Indeedee|Dazzling Gleam|p1b: Urshifu|[spread] \n|-activate|p1a: Whimsicott|move: Protect\n|-activate|p1b: Urshifu|move: Protect\n|\n|-damage|p2a: Ursaluna|82\/100 brn|[from] brn\n|upkeep\n|turn|5\n|\n|t:|1721904559\n|move|p2a: Ursaluna|Facade|p1b: Urshifu\n|-damage|p1b: Urshifu|0 fnt\n|faint|p1b: Urshifu\n|move|p2b: Indeedee|Dazzling Gleam|p1a: Whimsicott\n|-damage|p1a: Whimsicott|85\/100\n|move|p1a: Whimsicott|Moonblast|p2b: Indeedee\n|-damage|p2b: Indeedee|4\/100\n|\n|-damage|p2a: Ursaluna|76\/100 brn|[from] brn\n|-fieldend|move: Trick Room\n|-fieldend|move: Psychic Terrain\n|upkeep\n|\n|t:|1721904571\n|switch|p1b: Calyrex|Calyrex-Ice, L50|100\/100\n|-ability|p1b: Calyrex|As One\n|-ability|p1b: Calyrex|Unnerve\n|turn|6\n|\n|t:|1721904596\n|-terastallize|p1b: Calyrex|Ice\n|-terastallize|p2a: Ursaluna|Ghost\n|move|p2b: Indeedee|Helping Hand|p2a: Ursaluna\n|-singleturn|p2a: Ursaluna|Helping Hand|[of] p2b: Indeedee\n|move|p1a: Whimsicott|Moonblast|p2b: Indeedee\n|-damage|p2b: Indeedee|0 fnt\n|faint|p2b: Indeedee\n|move|p1b: Calyrex|Icicle Spear|p2a: Ursaluna\n|-damage|p2a: Ursaluna|55\/100 brn\n|-damage|p2a: Ursaluna|31\/100 brn\n|-damage|p2a: Ursaluna|9\/100 brn\n|-hitcount|p2a: Ursaluna|3\n|move|p2a: Ursaluna|Facade|p1b: Calyrex\n|-damage|p1b: Calyrex|0 fnt\n|faint|p1b: Calyrex\n|\n|-damage|p2a: Ursaluna|3\/100 brn|[from] brn\n|upkeep\n|\n|t:|1721904605\n|switch|p2b: Pelipper|Pelipper, L50, M|100\/100\n|-weather|RainDance|[from] ability: Drizzle|[of] p2b: Pelipper\n|turn|7\n|-message|koji muranishi forfeited.\n|\n|win|jinier179\n|raw|koji muranishi's rating: 1739 &rarr; <strong>1715<\/strong><br \/>(-24 for losing)\n|raw|jinier179's rating: 1664 &rarr; <strong>1688<\/strong><br \/>(+24 for winning)\n|l|\u2606koji muranishi\n|player|p1|\n|l|\u2606jinier179\n|player|p2|\n","uploadtime":1721904845,"views":19,"formatid":"gen9vgc2024regg","rating":1688,"private":0,"password":null}