{"id":"gen9vgc2024regg-2167409850","format":"[Gen 9] VGC 2024 Reg G","players":["Djjwjwwjj","Dathluke2"],"log":"|j|\u2606Djjwjwwjj\n|j|\u2606Dathluke2\n|t:|1721939539\n|gametype|doubles\n|player|p1|Djjwjwwjj|265|1669\n|player|p2|Dathluke2|larry|1747\n|teamsize|p1|6\n|teamsize|p2|6\n|gen|9\n|tier|[Gen 9] VGC 2024 Reg G\n|rated|\n|rule|Species Clause: Limit one of each Pok\u00e9mon\n|rule|Item Clause: Limit one of each item\n|clearpoke\n|poke|p1|Miraidon, L50|\n|poke|p1|Iron Bundle, L50|\n|poke|p1|Clefairy, L50, M|\n|poke|p1|Wo-Chien, L50|\n|poke|p1|Landorus-Therian, L50, M|\n|poke|p1|Oranguru, L50, F|\n|poke|p2|Zamazenta-*, L50|\n|poke|p2|Raging Bolt, L50|\n|poke|p2|Landorus-Therian, L50, M|\n|poke|p2|Ogerpon-Hearthflame, L50, F|\n|poke|p2|Urshifu-*, L50, M|\n|poke|p2|Chien-Pao, L50|\n|teampreview|4\n|inactive|Battle timer is ON: inactive players will automatically lose when time's up. (requested by Djjwjwwjj)\nDathluke2 has agreed to open team sheets.\n|inactive|Djjwjwwjj has 60 seconds left.\n|inactive|Dathluke2 has 60 seconds left.\n|\n|t:|1721939579\n|start\n|switch|p1a: Oranguru|Oranguru, L50, F|100\/100\n|switch|p1b: Miraidon|Miraidon, L50|100\/100\n|switch|p2a: Chien-Pao|Chien-Pao, L50|100\/100\n|switch|p2b: Raging Bolt|Raging Bolt, L50|100\/100\n|-ability|p2a: Chien-Pao|Sword of Ruin\n|-fieldstart|move: Electric Terrain|[from] ability: Hadron Engine|[of] p1b: Miraidon\n|-enditem|p1b: Miraidon|Electric Seed\n|-boost|p1b: Miraidon|def|1|[from] item: Electric Seed\n|-activate|p1a: Oranguru|ability: Symbiosis|Covert Cloak|[of] p1b: Miraidon\n|turn|1\n|inactive|Djjwjwwjj has 30 seconds left.\n|inactive|Djjwjwwjj has 20 seconds left.\n|\n|t:|1721939614\n|switch|p1a: Landorus|Landorus-Therian, L50, M|100\/100\n|-ability|p1a: Landorus|Intimidate|boost\n|-unboost|p2a: Chien-Pao|atk|1\n|-unboost|p2b: Raging Bolt|atk|1\n|-terastallize|p1b: Miraidon|Fairy\n|move|p2a: Chien-Pao|Ice Spinner|p1b: Miraidon\n|-damage|p1b: Miraidon|79\/100\n|-fieldend|move: Electric Terrain\n|move|p1b: Miraidon|Calm Mind|p1b: Miraidon\n|-boost|p1b: Miraidon|spa|1\n|-boost|p1b: Miraidon|spd|1\n|move|p2b: Raging Bolt|Thunderbolt|p1a: Landorus\n|-immune|p1a: Landorus\n|\n|upkeep\n|turn|2\n|inactive|Djjwjwwjj has 30 seconds left.\n|\n|t:|1721939641\n|switch|p1a: Oranguru|Oranguru, L50, F|100\/100\n|move|p2a: Chien-Pao|Ice Spinner|p1a: Oranguru\n|-damage|p1a: Oranguru|70\/100\n|move|p1b: Miraidon|Calm Mind|p1b: Miraidon\n|-boost|p1b: Miraidon|spa|1\n|-boost|p1b: Miraidon|spd|1\n|move|p2b: Raging Bolt|Electroweb|p1b: Miraidon|[spread] p1a,p1b\n|-damage|p1a: Oranguru|52\/100\n|-damage|p1b: Miraidon|71\/100\n|-unboost|p1a: Oranguru|spe|1\n|\n|upkeep\n|turn|3\n|inactive|Dathluke2 has 30 seconds left.\n|inactive|Dathluke2 has 20 seconds left.\n|\n|t:|1721939680\n|switch|p2a: Landorus|Landorus-Therian, L50, M|100\/100\n|-ability|p2a: Landorus|Intimidate|boost\n|-unboost|p1a: Oranguru|atk|1\n|-unboost|p1b: Miraidon|atk|1\n|move|p1a: Oranguru|Protect|p1a: Oranguru\n|-singleturn|p1a: Oranguru|Protect\n|move|p1b: Miraidon|Parabolic Charge|p2a: Landorus|[spread] p2b\n|-activate|p1a: Oranguru|move: Protect\n|-immune|p2a: Landorus\n|-resisted|p2b: Raging Bolt\n|-damage|p2b: Raging Bolt|92\/100\n|-heal|p1b: Miraidon|75\/100|[from] drain|[of] p2b: Raging Bolt\n|move|p2b: Raging Bolt|Thunderbolt|p1b: Miraidon\n|-damage|p1b: Miraidon|54\/100\n|\n|upkeep\n|turn|4\n|inactive|Djjwjwwjj has 30 seconds left.\n|\n|t:|1721939712\n|switch|p1a: Landorus|Landorus-Therian, L50, M|100\/100\n|-ability|p1a: Landorus|Intimidate|boost\n|-unboost|p2a: Landorus|atk|1\n|-unboost|p2b: Raging Bolt|atk|1\n|move|p1b: Miraidon|Dragon Pulse|p2b: Raging Bolt\n|-supereffective|p2b: Raging Bolt\n|-damage|p2b: Raging Bolt|0 fnt\n|faint|p2b: Raging Bolt\n|-end|p2b: Raging Bolt|Protosynthesis|[silent]\n|move|p2a: Landorus|U-turn|p1a: Landorus\n|-resisted|p1a: Landorus\n|-damage|p1a: Landorus|91\/100\n|\n|t:|1721939720\n|switch|p2a: Chien-Pao|Chien-Pao, L50|100\/100|[from] U-turn\n|-ability|p2a: Chien-Pao|Sword of Ruin\n|\n|upkeep\n|\n|t:|1721939732\n|switch|p2b: Landorus|Landorus-Therian, L50, M|100\/100\n|-ability|p2b: Landorus|Intimidate|boost\n|-unboost|p1a: Landorus|atk|1\n|-unboost|p1b: Miraidon|atk|1\n|turn|5\n|\n|t:|1721939744\n|switch|p1a: Iron Bundle|Iron Bundle, L50|100\/100\n|move|p1b: Miraidon|Protect|p1b: Miraidon\n|-singleturn|p1b: Miraidon|Protect\n|move|p2a: Chien-Pao|Ice Spinner|p1a: Iron Bundle\n|-resisted|p1a: Iron Bundle\n|-damage|p1a: Iron Bundle|86\/100\n|move|p2b: Landorus|Stomping Tantrum|p1b: Miraidon\n|-activate|p1b: Miraidon|move: Protect\n|\n|upkeep\n|turn|6\n|inactive|Djjwjwwjj has 30 seconds left.\n|inactive|Djjwjwwjj has 20 seconds left.\n|inactive|Djjwjwwjj has 15 seconds left.\n|inactive|Djjwjwwjj has 10 seconds left.\n|inactive|Djjwjwwjj has 5 seconds left.\n|\n|t:|1721939795\n|-end|p1a: Iron Bundle|Quark Drive|[silent]\n|switch|p1a: Landorus|Landorus-Therian, L50, M|91\/100\n|-ability|p1a: Landorus|Intimidate|boost\n|-unboost|p2a: Chien-Pao|atk|1\n|-unboost|p2b: Landorus|atk|1\n|move|p2b: Landorus|Protect|p2b: Landorus\n|-singleturn|p2b: Landorus|Protect\n|move|p2a: Chien-Pao|Sucker Punch||[still]\n|-fail|p2a: Chien-Pao\n|move|p1b: Miraidon|Parabolic Charge|p2a: Chien-Pao|[spread] p2a\n|-activate|p2b: Landorus|move: Protect\n|-immune|p1a: Landorus\n|-damage|p2a: Chien-Pao|8\/100\n|-heal|p1b: Miraidon|90\/100|[from] drain|[of] p2a: Chien-Pao\n|\n|upkeep\n|turn|7\n|inactive|Djjwjwwjj has 30 seconds left.\n|\n|t:|1721939826\n|switch|p1a: Iron Bundle|Iron Bundle, L50|86\/100\n|move|p2a: Chien-Pao|Ice Spinner|p1a: Iron Bundle\n|-resisted|p1a: Iron Bundle\n|-damage|p1a: Iron Bundle|75\/100\n|move|p1b: Miraidon|Dragon Pulse|p2b: Landorus\n|-damage|p2b: Landorus|0 fnt\n|faint|p2b: Landorus\n|\n|upkeep\n|\n|t:|1721939833\n|switch|p2b: Zamazenta|Zamazenta-Crowned, L50|100\/100\n|-ability|p2b: Zamazenta|Dauntless Shield|boost\n|-boost|p2b: Zamazenta|def|1\n|turn|8\n|\n|t:|1721939857\n|-end|p1a: Iron Bundle|Quark Drive|[silent]\n|switch|p1a: Landorus|Landorus-Therian, L50, M|91\/100\n|-ability|p1a: Landorus|Intimidate|boost\n|-unboost|p2a: Chien-Pao|atk|1\n|-unboost|p2b: Zamazenta|atk|1\n|move|p2a: Chien-Pao|Protect|p2a: Chien-Pao\n|-singleturn|p2a: Chien-Pao|Protect\n|move|p1b: Miraidon|Dragon Pulse|p2b: Zamazenta\n|-resisted|p2b: Zamazenta\n|-damage|p2b: Zamazenta|70\/100\n|move|p2b: Zamazenta|Heavy Slam|p1b: Miraidon\n|-supereffective|p1b: Miraidon\n|-damage|p1b: Miraidon|57\/100\n|\n|upkeep\n|turn|9\n|-message|Dathluke2 forfeited.\n|\n|win|Djjwjwwjj\n|raw|Djjwjwwjj's rating: 1669 &rarr; <strong>1693<\/strong><br \/>(+24 for winning)\n|raw|Dathluke2's rating: 1747 &rarr; <strong>1723<\/strong><br \/>(-24 for losing)\n|l|\u2606Dathluke2\n|player|p2|\n|l|\u2606Djjwjwwjj\n|player|p1|\n","uploadtime":1721940010,"views":34,"formatid":"gen9vgc2024regg","rating":1693,"private":0,"password":null}