{"id":"gen9vgc2024regg-2167068274","format":"[Gen 9] VGC 2024 Reg G","players":["eldoka","war3infi"],"log":"|j|\u2606eldoka\n|j|\u2606war3infi\n|t:|1721892751\n|gametype|doubles\n|player|p1|eldoka|265|1723\n|player|p2|war3infi|dawn|1856\n|teamsize|p1|6\n|teamsize|p2|6\n|gen|9\n|tier|[Gen 9] VGC 2024 Reg G\n|rated|\n|rule|Species Clause: Limit one of each Pok\u00e9mon\n|rule|Item Clause: Limit one of each item\n|clearpoke\n|poke|p1|Landorus-Therian, L50, M|\n|poke|p1|Sinistcha, L50|\n|poke|p1|Terapagos, L50, M|\n|poke|p1|Incineroar, L50, F|\n|poke|p1|Grimmsnarl, L50, M|\n|poke|p1|Ogerpon-Wellspring, L50, F|\n|poke|p2|Calyrex-Ice, L50|\n|poke|p2|Annihilape, L50, F|\n|poke|p2|Smeargle, L50, F|\n|poke|p2|Ursaluna-Bloodmoon, L50, M|\n|poke|p2|Urshifu-*, L50, M|\n|poke|p2|Ogerpon-Wellspring, L50, F|\n|teampreview|4\n|\n|t:|1721892780\n|start\n|switch|p1a: Grimmsnarl|Grimmsnarl, L50, M|100\/100\n|switch|p1b: Ogerpon|Ogerpon-Wellspring, L50, F|100\/100\n|switch|p2a: Calyrex|Calyrex-Ice, L50|100\/100\n|switch|p2b: Annihilape|Annihilape, L50, F|100\/100\n|-ability|p2a: Calyrex|As One\n|-ability|p2a: Calyrex|Unnerve\n|turn|1\n|\n|t:|1721892800\n|move|p1b: Ogerpon|Spiky Shield|p1b: Ogerpon\n|-singleturn|p1b: Ogerpon|move: Protect\n|move|p1a: Grimmsnarl|Reflect|p1a: Grimmsnarl\n|-sidestart|p1: eldoka|Reflect\n|move|p2b: Annihilape|Coaching|p2a: Calyrex\n|-boost|p2a: Calyrex|atk|1\n|-boost|p2a: Calyrex|def|1\n|move|p2a: Calyrex|Glacial Lance|p1b: Ogerpon|[spread] p1a\n|-activate|p1b: Ogerpon|move: Protect\n|-damage|p1a: Grimmsnarl|37\/100\n|\n|upkeep\n|turn|2\n|l|\u2606war3infi\n|player|p2|\n|inactive|Battle timer is ON: inactive players will automatically lose when time's up. (requested by eldoka)\n|j|\u2606war3infi\n|inactive|war3infi reconnected and has 70 seconds left.\n|player|p2|war3infi|dawn|\n|\n|t:|1721892847\n|switch|p1a: Incineroar|Incineroar, L50, F|100\/100\n|-ability|p1a: Incineroar|Intimidate|boost\n|-unboost|p2a: Calyrex|atk|1\n|-unboost|p2b: Annihilape|atk|1\n|-ability|p2b: Annihilape|Defiant|boost\n|-boost|p2b: Annihilape|atk|2\n|move|p2b: Annihilape|Coaching|p2a: Calyrex\n|-boost|p2a: Calyrex|atk|1\n|-boost|p2a: Calyrex|def|1\n|move|p1b: Ogerpon|Taunt|p2a: Calyrex\n|-start|p2a: Calyrex|move: Taunt\n|move|p2a: Calyrex|Glacial Lance|p1b: Ogerpon|[spread] p1a,p1b\n|-resisted|p1a: Incineroar\n|-damage|p1a: Incineroar|77\/100\n|-damage|p1b: Ogerpon|46\/100\n|\n|upkeep\n|turn|3\n|j| yuxingxingxing\n|\n|t:|1721892867\n|move|p1b: Ogerpon|Follow Me|p1b: Ogerpon\n|-singleturn|p1b: Ogerpon|move: Follow Me\n|move|p2b: Annihilape|Close Combat|p1b: Ogerpon\n|-damage|p1b: Ogerpon|0 fnt\n|-unboost|p2b: Annihilape|def|1\n|-unboost|p2b: Annihilape|spd|1\n|faint|p1b: Ogerpon\n|move|p1a: Incineroar|Will-O-Wisp|p2a: Calyrex\n|-status|p2a: Calyrex|brn\n|move|p2a: Calyrex|Glacial Lance|p1a: Incineroar\n|-resisted|p1a: Incineroar\n|-damage|p1a: Incineroar|60\/100\n|\n|-damage|p2a: Calyrex|95\/100 brn|[from] brn\n|upkeep\n|\n|t:|1721892888\n|switch|p1b: Terapagos|Terapagos, L50, M|100\/100\n|-activate|p1b: Terapagos|ability: Tera Shift\n|detailschange|p1b: Terapagos|Terapagos-Terastal, L50, M\n|-heal|p1b: Terapagos|100\/100|[silent]\n|turn|4\n|\n|t:|1721892898\n|move|p1b: Terapagos|Protect|p1b: Terapagos\n|-singleturn|p1b: Terapagos|Protect\n|move|p2b: Annihilape|Final Gambit|p1b: Terapagos\n|-activate|p1b: Terapagos|move: Protect\n|move|p1a: Incineroar|Knock Off|p2b: Annihilape\n|-damage|p2b: Annihilape|43\/100\n|-enditem|p2b: Annihilape|Aguav Berry|[from] move: Knock Off|[of] p1a: Incineroar\n|move|p2a: Calyrex|Glacial Lance|p1a: Incineroar|[spread] p1a\n|-activate|p1b: Terapagos|move: Protect\n|-resisted|p1a: Incineroar\n|-damage|p1a: Incineroar|49\/100\n|\n|-damage|p2a: Calyrex|89\/100 brn|[from] brn\n|-end|p2a: Calyrex|move: Taunt\n|upkeep\n|turn|5\n|inactive|eldoka has 30 seconds left.\n|inactive|war3infi has 30 seconds left.\n|\n|t:|1721892923\n|move|p2b: Annihilape|Close Combat|p1a: Incineroar\n|-supereffective|p1a: Incineroar\n|-damage|p1a: Incineroar|0 fnt\n|-unboost|p2b: Annihilape|def|1\n|-unboost|p2b: Annihilape|spd|1\n|faint|p1a: Incineroar\n|move|p1b: Terapagos|Calm Mind|p1b: Terapagos\n|-boost|p1b: Terapagos|spa|1\n|-boost|p1b: Terapagos|spd|1\n|move|p2a: Calyrex|Trick Room|p2a: Calyrex\n|-fieldstart|move: Trick Room|[of] p2a: Calyrex\n|\n|-damage|p2a: Calyrex|83\/100 brn|[from] brn\n|upkeep\n|\n|t:|1721892936\n|switch|p1a: Grimmsnarl|Grimmsnarl, L50, M|37\/100\n|turn|6\n|\n|t:|1721892943\n|move|p2a: Calyrex|Glacial Lance|p1b: Terapagos|[spread] p1a,p1b\n|-activate|p1b: Terapagos|ability: Tera Shell\n|-resisted|p1b: Terapagos\n|-damage|p1a: Grimmsnarl|10\/100\n|-damage|p1b: Terapagos|90\/100\n|move|p1a: Grimmsnarl|Spirit Break|p2b: Annihilape\n|-supereffective|p2b: Annihilape\n|-damage|p2b: Annihilape|0 fnt\n|faint|p2b: Annihilape\n|move|p1b: Terapagos|Tera Starstorm|p2a: Calyrex\n|-damage|p2a: Calyrex|23\/100 brn\n|-enditem|p2a: Calyrex|Sitrus Berry|[eat]\n|-heal|p2a: Calyrex|48\/100 brn|[from] item: Sitrus Berry\n|\n|-heal|p1b: Terapagos|96\/100|[from] item: Leftovers\n|-damage|p2a: Calyrex|42\/100 brn|[from] brn\n|upkeep\n|\n|t:|1721892952\n|switch|p2b: Urshifu|Urshifu, L50, M|100\/100\n|turn|7\n|\n|t:|1721892974\n|move|p1a: Grimmsnarl|Parting Shot|p2a: Calyrex\n|-unboost|p2a: Calyrex|atk|1\n|-unboost|p2a: Calyrex|spa|1\n|move|p2a: Calyrex|Glacial Lance|p1b: Terapagos|[spread] p1a,p1b\n|-damage|p1a: Grimmsnarl|0 fnt\n|-damage|p1b: Terapagos|81\/100\n|faint|p1a: Grimmsnarl\n|-ability|p2a: Calyrex|Chilling Neigh|boost\n|-boost|p2a: Calyrex|atk|1\n|move|p2b: Urshifu|Close Combat|p1b: Terapagos\n|-supereffective|p1b: Terapagos\n|-damage|p1b: Terapagos|0 fnt\n|-unboost|p2b: Urshifu|def|1\n|-unboost|p2b: Urshifu|spd|1\n|faint|p1b: Terapagos\n|\n|win|war3infi\n|raw|eldoka's rating: 1723 &rarr; <strong>1710<\/strong><br \/>(-13 for losing)\n|raw|war3infi's rating: 1856 &rarr; <strong>1869<\/strong><br \/>(+13 for winning)\n|l|\u2606war3infi\n|player|p2|\n|l|\u2606eldoka\n|player|p1|\n","uploadtime":1721893184,"views":18,"formatid":"gen9vgc2024regg","rating":1710,"private":0,"password":null}