{"id":"gen9vgc2024regg-2167235565","format":"[Gen 9] VGC 2024 Reg G","players":["ShdwempV2","Krisuerte"],"log":"|j|\u2606ShdwempV2\n|j|\u2606Krisuerte\n|t:|1721919822\n|gametype|doubles\n|player|p1|ShdwempV2|ghetsis|1652\n|player|p2|Krisuerte|266|1756\n|teamsize|p1|6\n|teamsize|p2|6\n|gen|9\n|tier|[Gen 9] VGC 2024 Reg G\n|rated|\n|rule|Species Clause: Limit one of each Pok\u00e9mon\n|rule|Item Clause: Limit one of each item\n|clearpoke\n|poke|p1|Incineroar, L50, M|\n|poke|p1|Rillaboom, L50, F|\n|poke|p1|Kyogre, L50|\n|poke|p1|Tornadus, L50, M|\n|poke|p1|Landorus, L50, M|\n|poke|p1|Urshifu-*, L50, F|\n|poke|p2|Groudon, L50|\n|poke|p2|Gouging Fire, L50|\n|poke|p2|Raging Bolt, L50|\n|poke|p2|Flutter Mane, L50|\n|poke|p2|Walking Wake, L50|\n|poke|p2|Urshifu-*, L50, F|\n|teampreview|4\n|j| shanehuang99\n|\n|t:|1721919842\n|start\n|switch|p1a: Tornadus|Tornadus, L50, M, shiny|100\/100\n|switch|p1b: Landorus|Landorus, L50, M, shiny|100\/100\n|switch|p2a: Raging Bolt|Raging Bolt, L50|100\/100\n|switch|p2b: Flutter Mane|Flutter Mane, L50|100\/100\n|turn|1\n|inactive|Battle timer is ON: inactive players will automatically lose when time's up. (requested by Krisuerte)\n|\n|t:|1721919861\n|-terastallize|p1a: Tornadus|Steel\n|move|p1b: Landorus|Protect|p1b: Landorus\n|-singleturn|p1b: Landorus|Protect\n|move|p2a: Raging Bolt|Protect|p2a: Raging Bolt\n|-singleturn|p2a: Raging Bolt|Protect\n|move|p1a: Tornadus|Bleakwind Storm|p2b: Flutter Mane|[spread] p2b\n|-activate|p2a: Raging Bolt|move: Protect\n|-damage|p2b: Flutter Mane|64\/100\n|move|p2b: Flutter Mane|Trick Room|p2b: Flutter Mane\n|-fieldstart|move: Trick Room|[of] p2b: Flutter Mane\n|\n|upkeep\n|turn|2\n|\n|t:|1721919881\n|-end|p2b: Flutter Mane|Protosynthesis|[silent]\n|switch|p2b: Groudon|Groudon, L50|100\/100\n|-weather|SunnyDay|[from] ability: Drought|[of] p2b: Groudon\n|-activate|p2a: Raging Bolt|ability: Protosynthesis\n|-start|p2a: Raging Bolt|protosynthesisspa\n|move|p1a: Tornadus|Rain Dance|p1a: Tornadus\n|-weather|RainDance\n|-end|p2a: Raging Bolt|Protosynthesis\n|move|p2a: Raging Bolt|Snarl|p1b: Landorus|[spread] p1a,p1b\n|-damage|p1a: Tornadus|79\/100\n|-damage|p1b: Landorus|80\/100\n|-unboost|p1b: Landorus|spa|1\n|move|p1b: Landorus|Sandsear Storm|p2b: Groudon|[spread] p2a,p2b\n|-supereffective|p2a: Raging Bolt\n|-damage|p2a: Raging Bolt|23\/100\n|-damage|p2b: Groudon|74\/100\n|\n|-weather|RainDance|[upkeep]\n|-heal|p2a: Raging Bolt|29\/100|[from] item: Leftovers\n|upkeep\n|turn|3\n|inactive|Krisuerte has 30 seconds left.\n|inactive|Krisuerte has 20 seconds left.\n|\n|t:|1721919916\n|-end|p2a: Raging Bolt|Protosynthesis|[silent]\n|switch|p2a: Walking Wake|Walking Wake, L50|100\/100\n|move|p1a: Tornadus|Scary Face|p1b: Landorus\n|-unboost|p1b: Landorus|spe|2\n|move|p1b: Landorus|Sandsear Storm|p2b: Groudon|[spread] p2a,p2b\n|-damage|p2a: Walking Wake|53\/100\n|-damage|p2b: Groudon|44\/100\n|move|p2b: Groudon|Hammer Arm|p1a: Tornadus\n|-supereffective|p1a: Tornadus\n|-damage|p1a: Tornadus|0 fnt\n|-unboost|p2b: Groudon|spe|1\n|faint|p1a: Tornadus\n|\n|-weather|RainDance|[upkeep]\n|upkeep\n|\n|t:|1721919926\n|switch|p1a: Kyogre|Kyogre, L50, shiny|100\/100\n|turn|4\n|inactive|Krisuerte has 30 seconds left.\n|\n|t:|1721919958\n|move|p2b: Groudon|Thunder Punch|p1a: Kyogre\n|-supereffective|p1a: Kyogre\n|-damage|p1a: Kyogre|29\/100\n|move|p1b: Landorus|Sandsear Storm|p2a: Walking Wake|[spread] p2a,p2b\n|-damage|p2a: Walking Wake|14\/100\n|-damage|p2b: Groudon|17\/100\n|move|p2a: Walking Wake|Draco Meteor|p1a: Kyogre\n|-damage|p1a: Kyogre|0 fnt\n|-unboost|p2a: Walking Wake|spa|2\n|faint|p1a: Kyogre\n|-damage|p2a: Walking Wake|4\/100|[from] item: Life Orb\n|\n|-weather|RainDance|[upkeep]\n|upkeep\n|\n|t:|1721919968\n|switch|p1a: Urshifu|Urshifu, L50, F|100\/100\n|turn|5\n|inactive|Krisuerte has 30 seconds left.\n|\n|t:|1721920000\n|switch|p2b: Flutter Mane|Flutter Mane, L50|64\/100\n|move|p2a: Walking Wake|Protect|p2a: Walking Wake\n|-singleturn|p2a: Walking Wake|Protect\n|move|p1b: Landorus|Earth Power|p2a: Walking Wake\n|-activate|p2a: Walking Wake|move: Protect\n|move|p1a: Urshifu|Wicked Blow|p2b: Flutter Mane\n|-crit|p2b: Flutter Mane\n|-damage|p2b: Flutter Mane|0 fnt\n|faint|p2b: Flutter Mane\n|-end|p2b: Flutter Mane|Protosynthesis|[silent]\n|\n|-weather|RainDance|[upkeep]\n|-fieldend|move: Trick Room\n|upkeep\n|j| anticaly\n|\n|t:|1721920017\n|switch|p2b: Groudon|Groudon, L50|17\/100\n|-weather|SunnyDay|[from] ability: Drought|[of] p2b: Groudon\n|-activate|p2a: Walking Wake|ability: Protosynthesis\n|-start|p2a: Walking Wake|protosynthesisspe\n|turn|6\n|inactive|Krisuerte has 30 seconds left.\n|\n|t:|1721920043\n|-terastallize|p2b: Groudon|Fire\n|move|p1a: Urshifu|Sucker Punch|p2a: Walking Wake\n|-damage|p2a: Walking Wake|0 fnt\n|faint|p2a: Walking Wake\n|-end|p2a: Walking Wake|Protosynthesis|[silent]\n|move|p2b: Groudon|Heat Crash|p1b: Landorus\n|-damage|p1b: Landorus|0 fnt\n|faint|p1b: Landorus\n|\n|-weather|SunnyDay|[upkeep]\n|upkeep\n|\n|t:|1721920054\n|switch|p2a: Raging Bolt|Raging Bolt, L50|29\/100\n|-activate|p2a: Raging Bolt|ability: Protosynthesis\n|-start|p2a: Raging Bolt|protosynthesisspa\n|turn|7\n|\n|t:|1721920063\n|move|p2a: Raging Bolt|Thunderclap|p1a: Urshifu\n|-damage|p1a: Urshifu|20\/100\n|move|p1a: Urshifu|Wicked Blow|p2b: Groudon\n|-crit|p2b: Groudon\n|-damage|p2b: Groudon|0 fnt\n|faint|p2b: Groudon\n|\n|-weather|SunnyDay|[upkeep]\n|-heal|p2a: Raging Bolt|35\/100|[from] item: Leftovers\n|upkeep\n|turn|8\n|j| rabbithorn01\n|\n|t:|1721920075\n|move|p1a: Urshifu|Sucker Punch|p2a: Raging Bolt\n|-damage|p2a: Raging Bolt|0 fnt\n|faint|p2a: Raging Bolt\n|-end|p2a: Raging Bolt|Protosynthesis|[silent]\n|\n|win|ShdwempV2\n|raw|ShdwempV2's rating: 1652 &rarr; <strong>1678<\/strong><br \/>(+26 for winning)\n|raw|Krisuerte's rating: 1756 &rarr; <strong>1730<\/strong><br \/>(-26 for losing)\n|l| shanehuang99\n|l|\u2606ShdwempV2\n|player|p1|\n|l|\u2606Krisuerte\n|player|p2|\n","uploadtime":1721920128,"views":13,"formatid":"gen9vgc2024regg","rating":1678,"private":0,"password":null}