{"id":"gen9vgc2024regg-2167203064","format":"[Gen 9] VGC 2024 Reg G","players":["UGCL","LoCaramerda"],"log":"|j|\u2606UGCL\n|j|\u2606LoCaramerda\n|t:|1721915944\n|gametype|doubles\n|player|p1|UGCL|carmine|1775\n|player|p2|LoCaramerda|ltsurge|1647\n|teamsize|p1|6\n|teamsize|p2|6\n|gen|9\n|tier|[Gen 9] VGC 2024 Reg G\n|rated|\n|rule|Species Clause: Limit one of each Pok\u00e9mon\n|rule|Item Clause: Limit one of each item\n|clearpoke\n|poke|p1|Iron Hands, L50|\n|poke|p1|Terapagos, L50, M|\n|poke|p1|Volcarona, L50, F|\n|poke|p1|Urshifu-*, L50, M|\n|poke|p1|Ogerpon-Cornerstone, L50, F|\n|poke|p1|Tornadus, L50, M|\n|poke|p2|Grimmsnarl, L50, M|\n|poke|p2|Entei, L50|\n|poke|p2|Lugia, L50|\n|poke|p2|Rillaboom, L50, F|\n|poke|p2|Ditto, L50|\n|poke|p2|Goodra-Hisui, L50, M|\n|teampreview|4\n|inactive|Battle timer is ON: inactive players will automatically lose when time's up. (requested by LoCaramerda)\n|inactive|UGCL has 60 seconds left.\n|\n|t:|1721915985\n|start\n|switch|p1a: Ogerpon|Ogerpon-Cornerstone, L50, F|100\/100\n|switch|p1b: Terapagos|Terapagos, L50, M|100\/100\n|switch|p2a: LoArtiste|Grimmsnarl, L50, M|100\/100\n|switch|p2b: LoGossot|Entei, L50|100\/100\n|-activate|p1b: Terapagos|ability: Tera Shift\n|detailschange|p1b: Terapagos|Terapagos-Terastal, L50, M\n|-heal|p1b: Terapagos|100\/100|[silent]\n|turn|1\n|\n|t:|1721915996\n|move|p2a: LoArtiste|Light Screen|p2a: LoArtiste\n|-sidestart|p2: LoCaramerda|move: Light Screen\n|move|p2b: LoGossot|Sacred Fire|p1a: Ogerpon\n|-ability|p1a: Ogerpon|Sturdy\n|-damage|p1a: Ogerpon|1\/100\n|move|p1a: Ogerpon|Ivy Cudgel|p2b: LoGossot|[anim] Ivy Cudgel Rock\n|-supereffective|p2b: LoGossot\n|-damage|p2b: LoGossot|0 fnt\n|faint|p2b: LoGossot\n|move|p1b: Terapagos|Tera Starstorm|p2a: LoArtiste\n|-damage|p2a: LoArtiste|46\/100\n|\n|upkeep\n|\n|t:|1721916020\n|switch|p2b: LoPollastre|Lugia, L50|100\/100\n|turn|2\n|\n|t:|1721916032\n|move|p2a: LoArtiste|Thunder Wave|p1b: Terapagos\n|-status|p1b: Terapagos|par\n|move|p1a: Ogerpon|Ivy Cudgel|p2b: LoPollastre|[anim] Ivy Cudgel Rock\n|-supereffective|p2b: LoPollastre\n|-damage|p2b: LoPollastre|61\/100\n|move|p2b: LoPollastre|Aeroblast|p1a: Ogerpon\n|-damage|p1a: Ogerpon|0 fnt\n|faint|p1a: Ogerpon\n|move|p1b: Terapagos|Tera Starstorm|p2a: LoArtiste\n|-damage|p2a: LoArtiste|0 fnt\n|faint|p2a: LoArtiste\n|\n|-heal|p2b: LoPollastre|67\/100|[from] item: Leftovers\n|upkeep\n|\n|t:|1721916048\n|switch|p1a: Tornadus|Tornadus, L50, M|100\/100\n|switch|p2a: LoXupaBanqueta|Goodra-Hisui, L50, M|100\/100\n|turn|3\n|\n|t:|1721916056\n|-terastallize|p1b: Terapagos|Stellar\n|detailschange|p1b: Terapagos|Terapagos-Stellar, L50, M, tera:Stellar\n|-heal|p1b: Terapagos|100\/100 par|[silent]\n|move|p1a: Tornadus|Bleakwind Storm|p2a: LoXupaBanqueta|[spread] p2a\n|-miss|p1a: Tornadus|p2b: LoPollastre\n|-resisted|p2a: LoXupaBanqueta\n|-damage|p2a: LoXupaBanqueta|95\/100\n|move|p2b: LoPollastre|Calm Mind|p2b: LoPollastre\n|-boost|p2b: LoPollastre|spa|1\n|-boost|p2b: LoPollastre|spd|1\n|move|p2a: LoXupaBanqueta|Acid Armor|p2a: LoXupaBanqueta\n|-boost|p2a: LoXupaBanqueta|def|2\n|move|p1b: Terapagos|Tera Starstorm|p2a: LoXupaBanqueta|[spread] p2a,p2b\n|-damage|p2a: LoXupaBanqueta|71\/100\n|-damage|p2b: LoPollastre|50\/100\n|\n|-heal|p2b: LoPollastre|57\/100|[from] item: Leftovers\n|upkeep\n|turn|4\n|j| rabbithorn01\n|\n|t:|1721916080\n|switch|p1b: Urshifu|Urshifu-Rapid-Strike, L50, M|100\/100\n|move|p1a: Tornadus|Tailwind|p1a: Tornadus\n|-sidestart|p1: UGCL|move: Tailwind\n|move|p2b: LoPollastre|Recover|p2b: LoPollastre\n|-heal|p2b: LoPollastre|100\/100\n|move|p2a: LoXupaBanqueta|Acid Armor|p2a: LoXupaBanqueta\n|-boost|p2a: LoXupaBanqueta|def|2\n|\n|upkeep\n|turn|5\n|\n|t:|1721916097\n|move|p1a: Tornadus|Bleakwind Storm|p2a: LoXupaBanqueta|[spread] p2a,p2b\n|-resisted|p2a: LoXupaBanqueta\n|-damage|p2a: LoXupaBanqueta|65\/100\n|-damage|p2b: LoPollastre|97\/100\n|-unboost|p2a: LoXupaBanqueta|spe|1\n|-unboost|p2b: LoPollastre|spe|1\n|move|p1b: Urshifu|Close Combat|p2a: LoXupaBanqueta\n|-supereffective|p2a: LoXupaBanqueta\n|-damage|p2a: LoXupaBanqueta|23\/100\n|-unboost|p1b: Urshifu|def|1\n|-unboost|p1b: Urshifu|spd|1\n|-enditem|p2a: LoXupaBanqueta|Sitrus Berry|[eat]\n|-heal|p2a: LoXupaBanqueta|48\/100|[from] item: Sitrus Berry\n|move|p2b: LoPollastre|Aeroblast|p1b: Urshifu\n|-supereffective|p1b: Urshifu\n|-enditem|p1b: Urshifu|Focus Sash\n|-damage|p1b: Urshifu|1\/100\n|move|p2a: LoXupaBanqueta|Body Press|p1b: Urshifu\n|-damage|p1b: Urshifu|0 fnt\n|faint|p1b: Urshifu\n|\n|-heal|p2b: LoPollastre|100\/100|[from] item: Leftovers\n|upkeep\n|\n|t:|1721916099\n|switch|p1b: Terapagos|Terapagos-Stellar, L50, M, tera:Stellar|100\/100 par\n|turn|6\n|\n|t:|1721916122\n|move|p1a: Tornadus|Bleakwind Storm|p2b: LoPollastre|[spread] p2a,p2b\n|-resisted|p2a: LoXupaBanqueta\n|-damage|p2a: LoXupaBanqueta|42\/100\n|-damage|p2b: LoPollastre|96\/100\n|cant|p1b: Terapagos|par\n|move|p2b: LoPollastre|Calm Mind|p2b: LoPollastre\n|-boost|p2b: LoPollastre|spa|1\n|-boost|p2b: LoPollastre|spd|1\n|move|p2a: LoXupaBanqueta|Life Dew|p2a: LoXupaBanqueta|[spread] p2a,p2b\n|-heal|p2a: LoXupaBanqueta|67\/100\n|-heal|p2b: LoPollastre|100\/100\n|\n|upkeep\n|turn|7\n|\n|t:|1721916139\n|move|p1a: Tornadus|Bleakwind Storm|p2b: LoPollastre|[spread] p2a,p2b\n|-resisted|p2a: LoXupaBanqueta\n|-damage|p2a: LoXupaBanqueta|61\/100\n|-damage|p2b: LoPollastre|97\/100\n|move|p1b: Terapagos|Dark Pulse|p2b: LoPollastre\n|-supereffective|p2b: LoPollastre\n|-damage|p2b: LoPollastre|76\/100\n|move|p2b: LoPollastre|Aeroblast|p1b: Terapagos\n|-damage|p1b: Terapagos|54\/100 par\n|move|p2a: LoXupaBanqueta|Body Press|p1b: Terapagos\n|-supereffective|p1b: Terapagos\n|-damage|p1b: Terapagos|0 fnt\n|faint|p1b: Terapagos\n|\n|-heal|p2b: LoPollastre|82\/100|[from] item: Leftovers\n|-sideend|p1: UGCL|move: Tailwind\n|upkeep\n|turn|8\n|-message|UGCL forfeited.\n|\n|win|LoCaramerda\n|raw|UGCL's rating: 1754 &rarr; <strong>1728<\/strong><br \/>(-26 for losing)\n|raw|LoCaramerda's rating: 1647 &rarr; <strong>1673<\/strong><br \/>(+26 for winning)\n|l|\u2606UGCL\n|player|p1|\n|l|\u2606LoCaramerda\n|player|p2|\n","uploadtime":1721916161,"views":28,"formatid":"gen9vgc2024regg","rating":1673,"private":0,"password":null}