{"id":"gen9vgc2024regg-2167160127","format":"[Gen 9] VGC 2024 Reg G","players":["Therazer456","UGCL"],"log":"|j|\u2606Therazer456\n|j|\u2606UGCL\n|t:|1721910087\n|gametype|doubles\n|player|p1|Therazer456|ghetsis|1705\n|player|p2|UGCL|carmine|1758\n|teamsize|p1|6\n|teamsize|p2|6\n|gen|9\n|tier|[Gen 9] VGC 2024 Reg G\n|rated|\n|rule|Species Clause: Limit one of each Pok\u00e9mon\n|rule|Item Clause: Limit one of each item\n|clearpoke\n|poke|p1|Calyrex-Ice, L50|\n|poke|p1|Porygon2, L50|\n|poke|p1|Raging Bolt, L50|\n|poke|p1|Incineroar, L50, F|\n|poke|p1|Iron Jugulis, L50|\n|poke|p1|Amoonguss, L50, M|\n|poke|p2|Iron Hands, L50|\n|poke|p2|Terapagos, L50, M|\n|poke|p2|Volcarona, L50, M|\n|poke|p2|Urshifu-*, L50, M|\n|poke|p2|Ogerpon-Cornerstone, L50, F|\n|poke|p2|Tornadus, L50, M|\n|teampreview|4\n|inactive|Battle timer is ON: inactive players will automatically lose when time's up. (requested by UGCL)\n|\n|t:|1721910122\n|start\n|switch|p1a: Robin|Iron Jugulis, L50, shiny|100\/100\n|switch|p1b: Orion|Incineroar, L50, F, shiny|100\/100\n|switch|p2a: Volcarona|Volcarona, L50, M|100\/100\n|switch|p2b: Terapagos|Terapagos, L50, M|100\/100\n|-activate|p2b: Terapagos|ability: Tera Shift\n|detailschange|p2b: Terapagos|Terapagos-Terastal, L50, M\n|-heal|p2b: Terapagos|100\/100|[silent]\n|-ability|p1b: Orion|Intimidate|boost\n|-unboost|p2a: Volcarona|atk|1\n|-unboost|p2b: Terapagos|atk|1\n|-enditem|p1a: Robin|Booster Energy\n|-activate|p1a: Robin|ability: Quark Drive|[fromitem]\n|-start|p1a: Robin|quarkdrivespe\n|turn|1\n|inactive|Therazer456 has 30 seconds left.\n|\n|t:|1721910157\n|switch|p2b: Iron Hands|Iron Hands, L50|100\/100\n|move|p1a: Robin|Snarl|p2a: Volcarona|[spread] p2a,p2b\n|-resisted|p2b: Iron Hands\n|-damage|p2a: Volcarona|86\/100\n|-damage|p2b: Iron Hands|96\/100\n|-unboost|p2a: Volcarona|spa|1\n|-unboost|p2b: Iron Hands|spa|1\n|move|p2a: Volcarona|Flamethrower|p1a: Robin\n|-damage|p1a: Robin|75\/100\n|-status|p1a: Robin|brn\n|move|p1b: Orion|Knock Off|p2b: Iron Hands\n|-resisted|p2b: Iron Hands\n|-damage|p2b: Iron Hands|81\/100\n|-enditem|p2b: Iron Hands|Assault Vest|[from] move: Knock Off|[of] p1b: Orion\n|\n|-damage|p1a: Robin|69\/100 brn|[from] brn\n|upkeep\n|turn|2\n|\n|t:|1721910174\n|move|p1a: Robin|Protect|p1a: Robin\n|-singleturn|p1a: Robin|Protect\n|move|p1b: Orion|Parting Shot|p2b: Iron Hands\n|-unboost|p2b: Iron Hands|atk|1\n|-unboost|p2b: Iron Hands|spa|1\n|\n|t:|1721910197\n|switch|p1b: Wreath|Calyrex-Ice, L50|100\/100|[from] Parting Shot\n|-ability|p1b: Wreath|As One\n|-ability|p1b: Wreath|Unnerve\n|move|p2b: Iron Hands|Volt Switch|p1a: Robin\n|-activate|p1a: Robin|move: Protect\n|move|p2a: Volcarona|Whirlwind|p1b: Wreath\n|drag|p1b: Orion|Incineroar, L50, F, shiny|100\/100\n|-ability|p1b: Orion|Intimidate|boost\n|-unboost|p2a: Volcarona|atk|1\n|-unboost|p2b: Iron Hands|atk|1\n|\n|-damage|p1a: Robin|63\/100 brn|[from] brn\n|upkeep\n|turn|3\n|\n|t:|1721910212\n|move|p1a: Robin|Air Slash|p2a: Volcarona\n|-supereffective|p2a: Volcarona\n|-crit|p2a: Volcarona\n|-damage|p2a: Volcarona|2\/100\n|cant|p2a: Volcarona|flinch\n|move|p1b: Orion|Knock Off|p2a: Volcarona\n|-damage|p2a: Volcarona|0 fnt\n|-enditem|p2a: Volcarona|Safety Goggles|[from] move: Knock Off|[of] p1b: Orion\n|faint|p2a: Volcarona\n|move|p2b: Iron Hands|Volt Switch|p1a: Robin\n|-supereffective|p1a: Robin\n|-damage|p1a: Robin|48\/100 brn\n|\n|t:|1721910217\n|-end|p2b: Iron Hands|Quark Drive|[silent]\n|switch|p2b: Urshifu|Urshifu-Rapid-Strike, L50, M|100\/100|[from] Volt Switch\n|\n|-damage|p1a: Robin|42\/100 brn|[from] brn\n|upkeep\n|\n|t:|1721910221\n|switch|p2a: Iron Hands|Iron Hands, L50|81\/100\n|turn|4\n|\n|t:|1721910238\n|switch|p1b: Duck Mark 2|Porygon2, L50, shiny|100\/100\n|-ability|p1b: Duck Mark 2|Download|boost\n|-boost|p1b: Duck Mark 2|spa|1\n|move|p2a: Iron Hands|Fake Out|p1a: Robin\n|-damage|p1a: Robin|28\/100 brn\n|cant|p1a: Robin|flinch\n|move|p2b: Urshifu|Surging Strikes|p1b: Duck Mark 2\n|-crit|p1b: Duck Mark 2\n|-damage|p1b: Duck Mark 2|86\/100\n|-crit|p1b: Duck Mark 2\n|-damage|p1b: Duck Mark 2|72\/100\n|-crit|p1b: Duck Mark 2\n|-damage|p1b: Duck Mark 2|56\/100\n|-hitcount|p1b: Duck Mark 2|3\n|\n|-damage|p1a: Robin|22\/100 brn|[from] brn\n|upkeep\n|turn|5\n|\n|t:|1721910248\n|-terastallize|p1b: Duck Mark 2|Electric\n|move|p2b: Urshifu|Aqua Jet|p1a: Robin\n|-damage|p1a: Robin|0 fnt\n|faint|p1a: Robin\n|-end|p1a: Robin|Quark Drive|[silent]\n|move|p1b: Duck Mark 2|Recover|p1b: Duck Mark 2\n|-heal|p1b: Duck Mark 2|100\/100\n|move|p2a: Iron Hands|Drain Punch|p1b: Duck Mark 2\n|-damage|p1b: Duck Mark 2|75\/100\n|-heal|p2a: Iron Hands|91\/100|[from] drain|[of] p1b: Duck Mark 2\n|\n|upkeep\n|\n|t:|1721910255\n|switch|p1a: Orion|Incineroar, L50, F, shiny|100\/100\n|-ability|p1a: Orion|Intimidate|boost\n|-unboost|p2a: Iron Hands|atk|1\n|-unboost|p2b: Urshifu|atk|1\n|turn|6\n|\n|t:|1721910264\n|move|p2b: Urshifu|Detect|p2b: Urshifu\n|-singleturn|p2b: Urshifu|Protect\n|move|p1a: Orion|Fake Out|p2b: Urshifu\n|-activate|p2b: Urshifu|move: Protect\n|move|p2a: Iron Hands|Drain Punch|p1b: Duck Mark 2\n|-damage|p1b: Duck Mark 2|59\/100\n|-heal|p2a: Iron Hands|97\/100|[from] drain|[of] p1b: Duck Mark 2\n|move|p1b: Duck Mark 2|Trick Room|p1b: Duck Mark 2\n|-fieldstart|move: Trick Room|[of] p1b: Duck Mark 2\n|\n|upkeep\n|turn|7\n|inactive|Therazer456 has 30 seconds left.\n|inactive|Therazer456 has 20 seconds left.\n|\n|t:|1721910303\n|switch|p2b: Terapagos|Terapagos-Terastal, L50, M|100\/100\n|move|p2a: Iron Hands|Volt Switch|p1a: Orion\n|-crit|p1a: Orion\n|-damage|p1a: Orion|82\/100\n|\n|t:|1721910309\n|-end|p2a: Iron Hands|Quark Drive|[silent]\n|switch|p2a: Urshifu|Urshifu-Rapid-Strike, L50, M|100\/100|[from] Volt Switch\n|move|p1b: Duck Mark 2|Tera Blast|p2b: Terapagos|[anim] Tera Blast Electric\n|-activate|p2b: Terapagos|ability: Tera Shell\n|-resisted|p2b: Terapagos\n|-damage|p2b: Terapagos|75\/100\n|move|p1a: Orion|Knock Off|p2b: Terapagos\n|-damage|p2b: Terapagos|33\/100\n|-enditem|p2b: Terapagos|Choice Specs|[from] move: Knock Off|[of] p1a: Orion\n|\n|upkeep\n|turn|8\n|\n|t:|1721910324\n|-terastallize|p2b: Terapagos|Stellar\n|detailschange|p2b: Terapagos|Terapagos-Stellar, L50, M, tera:Stellar\n|-heal|p2b: Terapagos|51\/100|[silent]\n|move|p2a: Urshifu|Detect|p2a: Urshifu\n|-singleturn|p2a: Urshifu|Protect\n|move|p1b: Duck Mark 2|Tera Blast|p2a: Urshifu|[anim] Tera Blast Electric\n|-activate|p2a: Urshifu|move: Protect\n|move|p1a: Orion|Parting Shot|p2b: Terapagos\n|-unboost|p2b: Terapagos|atk|1\n|-unboost|p2b: Terapagos|spa|1\n|\n|t:|1721910327\n|switch|p1a: Wreath|Calyrex-Ice, L50|100\/100|[from] Parting Shot\n|-ability|p1a: Wreath|As One\n|-ability|p1a: Wreath|Unnerve\n|move|p2b: Terapagos|Tera Starstorm|p1b: Duck Mark 2|[spread] p1a,p1b\n|-supereffective|p1b: Duck Mark 2\n|-damage|p1a: Wreath|84\/100\n|-damage|p1b: Duck Mark 2|21\/100\n|\n|upkeep\n|turn|9\n|\n|t:|1721910338\n|switch|p2a: Iron Hands|Iron Hands, L50|97\/100\n|move|p1a: Wreath|Glacial Lance|p2b: Terapagos|[spread] p2a,p2b\n|-damage|p2a: Iron Hands|60\/100\n|-damage|p2b: Terapagos|17\/100\n|move|p1b: Duck Mark 2|Tera Blast|p2b: Terapagos|[anim] Tera Blast Electric\n|-damage|p2b: Terapagos|0 fnt\n|faint|p2b: Terapagos\n|\n|upkeep\n|\n|t:|1721910343\n|switch|p2b: Urshifu|Urshifu-Rapid-Strike, L50, M|100\/100\n|turn|10\n|\n|t:|1721910360\n|switch|p1b: Orion|Incineroar, L50, F, shiny|82\/100\n|-ability|p1b: Orion|Intimidate|boost\n|-unboost|p2a: Iron Hands|atk|1\n|-unboost|p2b: Urshifu|atk|1\n|move|p1a: Wreath|Glacial Lance|p2a: Iron Hands|[spread] p2a,p2b\n|-resisted|p2b: Urshifu\n|-damage|p2a: Iron Hands|25\/100\n|-damage|p2b: Urshifu|75\/100\n|move|p2a: Iron Hands|Drain Punch|p1b: Orion\n|-supereffective|p1b: Orion\n|-damage|p1b: Orion|33\/100\n|-heal|p2a: Iron Hands|44\/100|[from] drain|[of] p1b: Orion\n|move|p2b: Urshifu|Surging Strikes|p1a: Wreath\n|-crit|p1a: Wreath\n|-damage|p1a: Wreath|71\/100\n|-crit|p1a: Wreath\n|-damage|p1a: Wreath|57\/100\n|-crit|p1a: Wreath\n|-damage|p1a: Wreath|43\/100\n|-hitcount|p1a: Wreath|3\n|\n|-fieldend|move: Trick Room\n|upkeep\n|turn|11\n|\n|t:|1721910380\n|move|p1b: Orion|Fake Out|p2b: Urshifu\n|-damage|p2b: Urshifu|61\/100\n|cant|p2b: Urshifu|flinch\n|move|p2a: Iron Hands|Wild Charge|p1a: Wreath\n|-damage|p1a: Wreath|24\/100\n|-damage|p2a: Iron Hands|40\/100|[from] Recoil\n|move|p1a: Wreath|Trick Room|p1a: Wreath\n|-fieldstart|move: Trick Room|[of] p1a: Wreath\n|\n|upkeep\n|turn|12\n|\n|t:|1721910393\n|move|p1a: Wreath|High Horsepower|p2a: Iron Hands|[miss]\n|-miss|p1a: Wreath|p2a: Iron Hands\n|move|p2a: Iron Hands|Drain Punch|p1b: Orion\n|-supereffective|p1b: Orion\n|-damage|p1b: Orion|0 fnt\n|-heal|p2a: Iron Hands|53\/100|[from] drain|[of] p1b: Orion\n|faint|p1b: Orion\n|move|p2b: Urshifu|Surging Strikes|p1a: Wreath\n|-crit|p1a: Wreath\n|-damage|p1a: Wreath|11\/100\n|-crit|p1a: Wreath\n|-damage|p1a: Wreath|0 fnt\n|faint|p1a: Wreath\n|-hitcount|p1: Wreath|2\n|\n|upkeep\n|-message|Therazer456 forfeited.\n|\n|win|UGCL\n|raw|Therazer456's rating: 1705 &rarr; <strong>1688<\/strong><br \/>(-17 for losing)\n|raw|UGCL's rating: 1758 &rarr; <strong>1775<\/strong><br \/>(+17 for winning)\n|l|\u2606Therazer456\n|player|p1|\n|l|\u2606UGCL\n|player|p2|\n","uploadtime":1721910671,"views":31,"formatid":"gen9vgc2024regg","rating":1688,"private":0,"password":null}