{"id":"gen9vgc2024regg-2167816411","format":"[Gen 9] VGC 2024 Reg G","players":["vbnmdfg76","Squ1dge_"],"log":"|j|\u2606vbnmdfg76\n|j|\u203dSqu1dge_\n|t:|1722002486\n|gametype|doubles\n|player|p1|vbnmdfg76|1|1770\n|player|p2|Squ1dge_|102|1664\n|teamsize|p1|6\n|teamsize|p2|6\n|gen|9\n|tier|[Gen 9] VGC 2024 Reg G\n|rated|\n|rule|Species Clause: Limit one of each Pok\u00e9mon\n|rule|Item Clause: Limit one of each item\n|clearpoke\n|poke|p1|Terapagos, L50, M|\n|poke|p1|Incineroar, L50, F|\n|poke|p1|Rillaboom, L50, M|\n|poke|p1|Amoonguss, L50, F|\n|poke|p1|Tornadus, L50, M|\n|poke|p1|Urshifu-*, L50, M|\n|poke|p2|Zamazenta-*, L50|\n|poke|p2|Rillaboom, L50, M|\n|poke|p2|Urshifu-*, L50, F|\n|poke|p2|Chien-Pao, L50|\n|poke|p2|Gholdengo, L50|\n|poke|p2|Thundurus, L50, M|\n|teampreview|4\n|inactive|Battle timer is ON: inactive players will automatically lose when time's up. (requested by vbnmdfg76)\nvbnmdfg76 rejected open team sheets.\n|inactive|vbnmdfg76 has 60 seconds left.\n|inactive|Squ1dge_ has 60 seconds left.\n|\n|t:|1722002536\n|start\n|switch|p1a: Tornadus|Tornadus, L50, M|100\/100\n|switch|p1b: Urshifu|Urshifu, L50, M|100\/100\n|switch|p2a: Zamazenta|Zamazenta-Crowned, L50|100\/100\n|switch|p2b: Chien-Pao|Chien-Pao, L50|100\/100\n|-ability|p2b: Chien-Pao|Sword of Ruin\n|-ability|p2a: Zamazenta|Dauntless Shield|boost\n|-boost|p2a: Zamazenta|def|1\n|turn|1\n|inactive|Squ1dge_ has 30 seconds left.\n|\n|t:|1722002564\n|move|p1a: Tornadus|Tailwind|p1a: Tornadus\n|-sidestart|p1: vbnmdfg76|move: Tailwind\n|move|p1b: Urshifu|Close Combat|p2a: Zamazenta\n|-supereffective|p2a: Zamazenta\n|-damage|p2a: Zamazenta|32\/100\n|-unboost|p1b: Urshifu|def|1\n|-unboost|p1b: Urshifu|spd|1\n|move|p2b: Chien-Pao|Icicle Crash|p1a: Tornadus\n|-supereffective|p1a: Tornadus\n|-damage|p1a: Tornadus|0 fnt\n|faint|p1a: Tornadus\n|move|p2a: Zamazenta|Heavy Slam|p1b: Urshifu\n|-enditem|p1b: Urshifu|Focus Sash\n|-damage|p1b: Urshifu|1\/100\n|\n|upkeep\n|\n|t:|1722002577\n|switch|p1a: Terapagos|Terapagos, L50, M|100\/100\n|-activate|p1a: Terapagos|ability: Tera Shift\n|detailschange|p1a: Terapagos|Terapagos-Terastal, L50, M\n|-heal|p1a: Terapagos|100\/100|[silent]\n|turn|2\n|\n|t:|1722002600\n|-terastallize|p1a: Terapagos|Stellar\n|detailschange|p1a: Terapagos|Terapagos-Stellar, L50, M, tera:Stellar\n|-heal|p1a: Terapagos|100\/100|[silent]\n|move|p1b: Urshifu|Detect|p1b: Urshifu\n|-singleturn|p1b: Urshifu|Protect\n|move|p2a: Zamazenta|Protect|p2a: Zamazenta\n|-singleturn|p2a: Zamazenta|Protect\n|move|p2b: Chien-Pao|Sucker Punch||[still]\n|-fail|p2b: Chien-Pao\n|move|p1a: Terapagos|Tera Starstorm|p2a: Zamazenta|[spread] p2b\n|-activate|p2a: Zamazenta|move: Protect\n|-damage|p2b: Chien-Pao|39\/100\n|\n|upkeep\n|turn|3\n|inactive|vbnmdfg76 has 30 seconds left.\n|inactive|vbnmdfg76 has 20 seconds left.\n|inactive|vbnmdfg76 has 15 seconds left.\n|inactive|vbnmdfg76 has 10 seconds left.\n|\n|t:|1722002649\n|move|p2a: Zamazenta|Wide Guard|p2a: Zamazenta\n|-singleturn|p2a: Zamazenta|Wide Guard\n|move|p1b: Urshifu|Sucker Punch||[still]\n|-fail|p1b: Urshifu\n|move|p2b: Chien-Pao|Sucker Punch||[still]\n|-fail|p2b: Chien-Pao\n|move|p1a: Terapagos|Tera Starstorm|p2b: Chien-Pao|[spread] \n|-activate|p2a: Zamazenta|move: Wide Guard\n|-activate|p2b: Chien-Pao|move: Wide Guard\n|\n|upkeep\n|turn|4\n|c|\u2606vbnmdfg76|gg\n|inactive|vbnmdfg76 has 30 seconds left.\n|inactive|Squ1dge_ has 30 seconds left.\n|inactive|vbnmdfg76 has 20 seconds left.\n|inactive|vbnmdfg76 has 15 seconds left.\n|\n|t:|1722002692\n|switch|p1b: Amoonguss|Amoonguss, L50, F|100\/100\n|move|p2b: Chien-Pao|Protect|p2b: Chien-Pao\n|-singleturn|p2b: Chien-Pao|Protect\n|move|p2a: Zamazenta|Protect|p2a: Zamazenta\n|-singleturn|p2a: Zamazenta|Protect\n|move|p1a: Terapagos|Flamethrower|p2a: Zamazenta\n|-activate|p2a: Zamazenta|move: Protect\n|\n|-sideend|p1: vbnmdfg76|move: Tailwind\n|upkeep\n|turn|5\n|-message|vbnmdfg76 forfeited.\n|\n|win|Squ1dge_\n|raw|vbnmdfg76's rating: 1770 &rarr; <strong>1744<\/strong><br \/>(-26 for losing)\n|raw|Squ1dge_'s rating: 1664 &rarr; <strong>1690<\/strong><br \/>(+26 for winning)\n|l|\u2606vbnmdfg76\n|player|p1|\n","uploadtime":1722002708,"views":18,"formatid":"gen9vgc2024regg","rating":1690,"private":0,"password":null}