{"id":"gen9vgc2024regg-2167693933","format":"[Gen 9] VGC 2024 Reg G","players":["war3infi","Ringocc"],"log":"|j|\u2606war3infi\n|j|\u2606Ringocc\n|t:|1721981959\n|gametype|doubles\n|player|p1|war3infi|dawn|1794\n|player|p2|Ringocc|169|1725\n|teamsize|p1|6\n|teamsize|p2|6\n|gen|9\n|tier|[Gen 9] VGC 2024 Reg G\n|rated|\n|rule|Species Clause: Limit one of each Pok\u00e9mon\n|rule|Item Clause: Limit one of each item\n|clearpoke\n|poke|p1|Calyrex-Ice, L50|\n|poke|p1|Annihilape, L50, F|\n|poke|p1|Smeargle, L50, F|\n|poke|p1|Ursaluna-Bloodmoon, L50, M|\n|poke|p1|Urshifu-*, L50, F|\n|poke|p1|Ogerpon-Wellspring, L50, F|\n|poke|p2|Urshifu-*, L50, M|\n|poke|p2|Pelipper, L50, F|\n|poke|p2|Incineroar, L50, M|\n|poke|p2|Rillaboom, L50, M|\n|poke|p2|Calyrex-Shadow, L50|\n|poke|p2|Farigiraf, L50, F|\n|teampreview|4\n|\n|t:|1721982017\n|start\n|switch|p1a: Calyrex|Calyrex-Ice, L50|100\/100\n|switch|p1b: Annihilape|Annihilape, L50, F|100\/100\n|switch|p2a: Rillaboom|Rillaboom, L50, M|100\/100\n|switch|p2b: Urshifu|Urshifu-Rapid-Strike, L50, M|100\/100\n|-ability|p1a: Calyrex|As One\n|-ability|p1a: Calyrex|Unnerve\n|-fieldstart|move: Grassy Terrain|[from] ability: Grassy Surge|[of] p2a: Rillaboom\n|turn|1\n|inactive|Battle timer is ON: inactive players will automatically lose when time's up. (requested by Ringocc)\n|\n|t:|1721982044\n|move|p2a: Rillaboom|Fake Out|p1a: Calyrex\n|-damage|p1a: Calyrex|91\/100\n|move|p2b: Urshifu|Surging Strikes|p1b: Annihilape\n|-crit|p1b: Annihilape\n|-damage|p1b: Annihilape|72\/100\n|-crit|p1b: Annihilape\n|-damage|p1b: Annihilape|42\/100\n|-crit|p1b: Annihilape\n|-damage|p1b: Annihilape|10\/100\n|-enditem|p1b: Annihilape|Aguav Berry|[eat]\n|-heal|p1b: Annihilape|43\/100|[from] item: Aguav Berry\n|-hitcount|p1b: Annihilape|3\n|move|p1b: Annihilape|Coaching|p1a: Calyrex\n|-boost|p1a: Calyrex|atk|1\n|-boost|p1a: Calyrex|def|1\n|cant|p1a: Calyrex|flinch\n|\n|-heal|p1b: Annihilape|50\/100|[from] Grassy Terrain\n|-heal|p1a: Calyrex|97\/100|[from] Grassy Terrain\n|upkeep\n|turn|2\n|inactive|Ringocc has 30 seconds left.\n|\n|t:|1721982070\n|move|p2b: Urshifu|Surging Strikes|p1b: Annihilape\n|-crit|p1b: Annihilape\n|-damage|p1b: Annihilape|21\/100\n|-crit|p1b: Annihilape\n|-damage|p1b: Annihilape|0 fnt\n|faint|p1b: Annihilape\n|-hitcount|p1: Annihilape|2\n|move|p2a: Rillaboom|U-turn|p1a: Calyrex\n|-supereffective|p1a: Calyrex\n|-damage|p1a: Calyrex|74\/100\n|\n|t:|1721982079\n|switch|p2a: Incineroar|Incineroar, L50, M, shiny|100\/100|[from] U-turn\n|-ability|p2a: Incineroar|Intimidate|boost\n|-unboost|p1a: Calyrex|atk|1\n|move|p1a: Calyrex|Glacial Lance|p2a: Incineroar|[spread] p2a,p2b\n|-resisted|p2a: Incineroar\n|-resisted|p2b: Urshifu\n|-crit|p2b: Urshifu\n|-damage|p2a: Incineroar|77\/100\n|-damage|p2b: Urshifu|61\/100\n|\n|-heal|p2b: Urshifu|67\/100|[from] Grassy Terrain\n|-heal|p1a: Calyrex|80\/100|[from] Grassy Terrain\n|-heal|p2a: Incineroar|83\/100|[from] Grassy Terrain\n|upkeep\n|j| Chysial\n|\n|t:|1721982090\n|switch|p1b: Smeargle|Smeargle, L50, F|100\/100\n|turn|3\n|\n|t:|1721982112\n|move|p2a: Incineroar|Fake Out|p1a: Calyrex\n|-damage|p1a: Calyrex|76\/100\n|move|p2b: Urshifu|Surging Strikes|p1b: Smeargle\n|-crit|p1b: Smeargle\n|-damage|p1b: Smeargle|61\/100\n|-crit|p1b: Smeargle\n|-damage|p1b: Smeargle|23\/100\n|-crit|p1b: Smeargle\n|-damage|p1b: Smeargle|0 fnt\n|faint|p1b: Smeargle\n|-hitcount|p1: Smeargle|3\n|cant|p1a: Calyrex|flinch\n|\n|-heal|p2b: Urshifu|73\/100|[from] Grassy Terrain\n|-heal|p1a: Calyrex|82\/100|[from] Grassy Terrain\n|-heal|p2a: Incineroar|89\/100|[from] Grassy Terrain\n|upkeep\n|\n|t:|1721982122\n|switch|p1b: Ursaluna|Ursaluna-Bloodmoon, L50, M|100\/100\n|turn|4\n|inactive|Ringocc has 30 seconds left.\n|\n|t:|1721982150\n|move|p2b: Urshifu|Surging Strikes|p1b: Ursaluna\n|-supereffective|p1b: Ursaluna\n|-crit|p1b: Ursaluna\n|-damage|p1b: Ursaluna|56\/100\n|-supereffective|p1b: Ursaluna\n|-crit|p1b: Ursaluna\n|-damage|p1b: Ursaluna|15\/100\n|-supereffective|p1b: Ursaluna\n|-crit|p1b: Ursaluna\n|-damage|p1b: Ursaluna|0 fnt\n|faint|p1b: Ursaluna\n|-hitcount|p1: Ursaluna|3\n|move|p2a: Incineroar|Knock Off|p1a: Calyrex\n|-supereffective|p1a: Calyrex\n|-damage|p1a: Calyrex|49\/100\n|-enditem|p1a: Calyrex|Sitrus Berry|[from] move: Knock Off|[of] p2a: Incineroar\n|move|p1a: Calyrex|Trick Room|p1a: Calyrex\n|-fieldstart|move: Trick Room|[of] p1a: Calyrex\n|\n|-heal|p2a: Incineroar|95\/100|[from] Grassy Terrain\n|-heal|p1a: Calyrex|54\/100|[from] Grassy Terrain\n|-heal|p2b: Urshifu|79\/100|[from] Grassy Terrain\n|upkeep\n|turn|5\n|-message|war3infi forfeited.\n|\n|win|Ringocc\n|raw|war3infi's rating: 1794 &rarr; <strong>1770<\/strong><br \/>(-24 for losing)\n|raw|Ringocc's rating: 1725 &rarr; <strong>1749<\/strong><br \/>(+24 for winning)\n|l|\u2606war3infi\n|player|p1|\n|l|\u2606Ringocc\n|player|p2|\n|l| Chysial\n","uploadtime":1721982388,"views":37,"formatid":"gen9vgc2024regg","rating":1749,"private":0,"password":null}