{"id":"gen9vgc2024regg-2167195463","format":"[Gen 9] VGC 2024 Reg G","players":["KogaAF1219","Krisuerte"],"log":"|j|\u2606KogaAF1219\n|j|\u2606Krisuerte\n|t:|1721914982\n|gametype|doubles\n|player|p1|KogaAF1219|2|1749\n|player|p2|Krisuerte|266|1698\n|teamsize|p1|6\n|teamsize|p2|6\n|gen|9\n|tier|[Gen 9] VGC 2024 Reg G\n|rated|\n|rule|Species Clause: Limit one of each Pok\u00e9mon\n|rule|Item Clause: Limit one of each item\n|clearpoke\n|poke|p1|Calyrex-Shadow, L50|\n|poke|p1|Indeedee, L50, M|\n|poke|p1|Whimsicott, L50, M|\n|poke|p1|Ogerpon-Cornerstone, L50, F|\n|poke|p1|Urshifu-*, L50, M|\n|poke|p1|Torkoal, L50, M|\n|poke|p2|Sinistcha-Masterpiece, L50|\n|poke|p2|Kyogre, L50|\n|poke|p2|Tornadus, L50, M|\n|poke|p2|Urshifu-*, L50, F|\n|poke|p2|Archaludon, L50, F|\n|poke|p2|Landorus, L50, M|\n|teampreview|4\n|\n|t:|1721915011\n|start\n|switch|p1a: Whimsicott|Whimsicott, L50, M|100\/100\n|switch|p1b: Urshifu|Urshifu, L50, M|100\/100\n|switch|p2a: Kyogre|Kyogre, L50|100\/100\n|switch|p2b: Tornadus|Tornadus, L50, M|100\/100\n|-weather|RainDance|[from] ability: Drizzle|[of] p2a: Kyogre\n|turn|1\n|inactive|Battle timer is ON: inactive players will automatically lose when time's up. (requested by KogaAF1219)\n|\n|t:|1721915046\n|switch|p2a: Urshifu|Urshifu-Rapid-Strike, L50, F|100\/100\n|move|p1a: Whimsicott|Light Screen|p1a: Whimsicott\n|-sidestart|p1: KogaAF1219|move: Light Screen\n|move|p1b: Urshifu|Sucker Punch||[still]\n|-fail|p1b: Urshifu\n|move|p2b: Tornadus|Bleakwind Storm|p1a: Whimsicott|[spread] p1a,p1b\n|-supereffective|p1a: Whimsicott\n|-supereffective|p1b: Urshifu\n|-damage|p1a: Whimsicott|38\/100\n|-damage|p1b: Urshifu|43\/100\n|\n|-weather|RainDance|[upkeep]\n|upkeep\n|turn|2\n|j| rabbithorn01\n|\n|t:|1721915071\n|-terastallize|p2a: Urshifu|Water\n|move|p2a: Urshifu|Aqua Jet|p1b: Urshifu\n|-damage|p1b: Urshifu|0 fnt\n|faint|p1b: Urshifu\n|move|p1a: Whimsicott|Moonblast|p2a: Urshifu\n|-damage|p2a: Urshifu|64\/100\n|-unboost|p2a: Urshifu|spa|1\n|move|p2b: Tornadus|Bleakwind Storm|p1a: Whimsicott\n|-supereffective|p1a: Whimsicott\n|-damage|p1a: Whimsicott|0 fnt\n|faint|p1a: Whimsicott\n|\n|-weather|RainDance|[upkeep]\n|upkeep\n|\n|t:|1721915082\n|switch|p1a: Calyrex|Calyrex-Shadow, L50|100\/100\n|switch|p1b: Indeedee|Indeedee, L50, M|100\/100\n|-ability|p1a: Calyrex|As One\n|-ability|p1a: Calyrex|Unnerve\n|-fieldstart|move: Psychic Terrain|[from] ability: Psychic Surge|[of] p1b: Indeedee\n|turn|3\n|\n|t:|1721915098\n|move|p2b: Tornadus|Tailwind|p2b: Tornadus\n|-sidestart|p2: Krisuerte|move: Tailwind\n|move|p2a: Urshifu|Surging Strikes|p1a: Calyrex\n|-crit|p1a: Calyrex\n|-damage|p1a: Calyrex|29\/100\n|-crit|p1a: Calyrex\n|-damage|p1a: Calyrex|0 fnt\n|faint|p1a: Calyrex\n|-hitcount|p1: Calyrex|2\n|move|p1b: Indeedee|Trick Room|p1b: Indeedee\n|-fieldstart|move: Trick Room|[of] p1b: Indeedee\n|\n|-weather|RainDance|[upkeep]\n|upkeep\n|turn|4\n|\n|t:|1721915113\n|move|p1b: Indeedee|Expanding Force|p2a: Urshifu|[spread] p2a,p2b\n|-damage|p2a: Urshifu|0 fnt\n|-damage|p2b: Tornadus|47\/100\n|faint|p2a: Urshifu\n|move|p2b: Tornadus|Bleakwind Storm|p1b: Indeedee\n|-damage|p1b: Indeedee|56\/100\n|\n|-weather|RainDance|[upkeep]\n|upkeep\n|\n|t:|1721915122\n|switch|p2a: Archaludon|Archaludon, L50, F|100\/100\n|turn|5\n|-message|KogaAF1219 forfeited.\n|\n|win|Krisuerte\n|raw|KogaAF1219's rating: 1749 &rarr; <strong>1726<\/strong><br \/>(-23 for losing)\n|raw|Krisuerte's rating: 1698 &rarr; <strong>1721<\/strong><br \/>(+23 for winning)\n|l|\u2606KogaAF1219\n|player|p1|\n|l|\u2606Krisuerte\n|player|p2|\n","uploadtime":1721915185,"views":12,"formatid":"gen9vgc2024regg","rating":1721,"private":0,"password":null}