{"id":"gen9vgc2024regg-2167406151","format":"[Gen 9] VGC 2024 Reg G","players":["koji muranishi","AZUNA_Fan"],"log":"|j|\u2606koji muranishi\n|j|\u2606AZUNA_Fan\n|t:|1721939124\n|gametype|doubles\n|player|p1|koji muranishi|170|1752\n|player|p2|AZUNA_Fan|dawn-gen4pt|1715\n|teamsize|p1|6\n|teamsize|p2|6\n|gen|9\n|tier|[Gen 9] VGC 2024 Reg G\n|rated|\n|rule|Species Clause: Limit one of each Pok\u00e9mon\n|rule|Item Clause: Limit one of each item\n|clearpoke\n|poke|p1|Calyrex-Ice, L50|\n|poke|p1|Ting-Lu, L50|\n|poke|p1|Entei, L50|\n|poke|p1|Whimsicott, L50, F|\n|poke|p1|Urshifu-*, L50, M|\n|poke|p1|Raging Bolt, L50|\n|poke|p2|Calyrex-Shadow, L50|\n|poke|p2|Urshifu-*, L50, F|\n|poke|p2|Indeedee-F, L50, F|\n|poke|p2|Maushold, L50|\n|poke|p2|Dondozo, L50, M|\n|poke|p2|Tatsugiri, L50, F|\n|teampreview|4\n|inactive|Battle timer is ON: inactive players will automatically lose when time's up. (requested by AZUNA_Fan)\n|\n|t:|1721939137\n|start\n|switch|p1a: Whimsicott|Whimsicott, L50, F|100\/100\n|switch|p1b: Calyrex|Calyrex-Ice, L50|100\/100\n|switch|p2a: Calyrex|Calyrex-Shadow, L50|100\/100\n|switch|p2b: Maushold|Maushold, L50|100\/100\n|-ability|p2a: Calyrex|As One\n|-ability|p2a: Calyrex|Unnerve\n|-ability|p1b: Calyrex|As One\n|-ability|p1b: Calyrex|Unnerve\n|turn|1\n|\n|t:|1721939154\n|-terastallize|p1b: Calyrex|Ice\n|move|p2b: Maushold|Helping Hand|p2a: Calyrex\n|-singleturn|p2a: Calyrex|Helping Hand|[of] p2b: Maushold\n|move|p1a: Whimsicott|Tailwind|p1a: Whimsicott\n|-sidestart|p1: koji muranishi|move: Tailwind\n|move|p1b: Calyrex|Glacial Lance|p2b: Maushold|[spread] p2a,p2b\n|-damage|p2a: Calyrex|24\/100\n|-damage|p2b: Maushold|0 fnt\n|faint|p2b: Maushold\n|-ability|p1b: Calyrex|Chilling Neigh|boost\n|-boost|p1b: Calyrex|atk|1\n|move|p2a: Calyrex|Astral Barrage|p1a: Whimsicott|[spread] p1a,p1b\n|-enditem|p1a: Whimsicott|Focus Sash\n|-damage|p1a: Whimsicott|1\/100\n|-damage|p1b: Calyrex|7\/100\n|\n|upkeep\n|\n|t:|1721939170\n|switch|p2b: Dondozo|Dondozo, L50, M|100\/100\n|turn|2\n|\n|t:|1721939182\n|switch|p2a: Tatsugiri|Tatsugiri, L50, F|100\/100\n|-activate|p2a: Tatsugiri|ability: Commander|[of] p2b: Dondozo\n|-boost|p2b: Dondozo|atk|2\n|-boost|p2b: Dondozo|spa|2\n|-boost|p2b: Dondozo|spe|2\n|-boost|p2b: Dondozo|def|2\n|-boost|p2b: Dondozo|spd|2\n|move|p1a: Whimsicott|Moonblast|p2b: Dondozo\n|-damage|p2b: Dondozo|85\/100\n|move|p1b: Calyrex|Glacial Lance|p2a: Tatsugiri|[spread] p2b\n|-miss|p1b: Calyrex|p2a: Tatsugiri\n|-resisted|p2b: Dondozo\n|-damage|p2b: Dondozo|64\/100\n|move|p2b: Dondozo|Earthquake|p1b: Calyrex|[spread] p1a,p1b\n|-miss|p2b: Dondozo|p2a: Tatsugiri\n|-resisted|p1a: Whimsicott\n|-damage|p1a: Whimsicott|0 fnt\n|-damage|p1b: Calyrex|0 fnt\n|faint|p1a: Whimsicott\n|faint|p1b: Calyrex\n|\n|upkeep\n|\n|t:|1721939202\n|switch|p1a: Raging Bolt|Raging Bolt, L50|100\/100\n|switch|p1b: Entei|Entei, L50|100\/100\n|turn|3\n|\n|t:|1721939213\n|move|p2b: Dondozo|Protect|p2b: Dondozo\n|-singleturn|p2b: Dondozo|Protect\n|move|p1b: Entei|Sacred Fire|p2b: Dondozo\n|-activate|p2b: Dondozo|move: Protect\n|move|p1a: Raging Bolt|Thunderbolt|p2b: Dondozo\n|-activate|p2b: Dondozo|move: Protect\n|\n|upkeep\n|turn|4\n|\n|t:|1721939230\n|-terastallize|p2b: Dondozo|Grass\n|move|p1b: Entei|Sacred Fire|p2b: Dondozo\n|-supereffective|p2b: Dondozo\n|-damage|p2b: Dondozo|29\/100\n|-status|p2b: Dondozo|brn\n|move|p1a: Raging Bolt|Thunderbolt|p2b: Dondozo\n|-resisted|p2b: Dondozo\n|-damage|p2b: Dondozo|14\/100 brn\n|-damage|p1a: Raging Bolt|91\/100|[from] item: Life Orb\n|move|p2b: Dondozo|Wave Crash|p1b: Entei\n|-supereffective|p1b: Entei\n|-damage|p1b: Entei|9\/100\n|-damage|p2b: Dondozo|0 fnt|[from] Recoil\n|faint|p2b: Dondozo\n|\n|-sideend|p1: koji muranishi|move: Tailwind\n|upkeep\n|\n|t:|1721939244\n|switch|p2b: Calyrex|Calyrex-Shadow, L50|24\/100\n|-ability|p2b: Calyrex|As One\n|-ability|p2b: Calyrex|Unnerve\n|turn|5\n|\n|t:|1721939262\n|move|p1a: Raging Bolt|Thunderclap|p2a: Tatsugiri\n|-damage|p2a: Tatsugiri|29\/100\n|-damage|p1a: Raging Bolt|81\/100|[from] item: Life Orb\n|move|p1b: Entei|Sacred Fire|p2b: Calyrex\n|-damage|p2b: Calyrex|0 fnt\n|faint|p2b: Calyrex\n|move|p2a: Tatsugiri|Draco Meteor|p1a: Raging Bolt\n|-supereffective|p1a: Raging Bolt\n|-damage|p1a: Raging Bolt|0 fnt\n|-unboost|p2a: Tatsugiri|spa|2\n|faint|p1a: Raging Bolt\n|-end|p1a: Raging Bolt|Protosynthesis|[silent]\n|\n|upkeep\n|turn|6\n|\n|t:|1721939277\n|move|p1b: Entei|Sacred Fire|p2a: Tatsugiri\n|-resisted|p2a: Tatsugiri\n|-damage|p2a: Tatsugiri|4\/100\n|-status|p2a: Tatsugiri|brn\n|move|p2a: Tatsugiri|Draco Meteor|p1b: Entei\n|-damage|p1b: Entei|0 fnt\n|-unboost|p2a: Tatsugiri|spa|2\n|faint|p1b: Entei\n|\n|win|AZUNA_Fan\n|raw|koji muranishi's rating: 1752 &rarr; <strong>1730<\/strong><br \/>(-22 for losing)\n|raw|AZUNA_Fan's rating: 1715 &rarr; <strong>1737<\/strong><br \/>(+22 for winning)\n|l|\u2606koji muranishi\n|player|p1|\n|l|\u2606AZUNA_Fan\n|player|p2|\n","uploadtime":1721939456,"views":29,"formatid":"gen9vgc2024regg","rating":1730,"private":0,"password":null}