{"id":"gen9vgc2024regg-2167361283","format":"[Gen 9] VGC 2024 Reg G","players":["shroudofdusk","koji muranishi"],"log":"|j|\u2606shroudofdusk\n|j|\u2606koji muranishi\n|t:|1721934050\n|gametype|doubles\n|player|p1|shroudofdusk|veteranf|1673\n|player|p2|koji muranishi|170|1795\n|teamsize|p1|6\n|teamsize|p2|6\n|gen|9\n|tier|[Gen 9] VGC 2024 Reg G\n|rated|\n|rule|Species Clause: Limit one of each Pok\u00e9mon\n|rule|Item Clause: Limit one of each item\n|clearpoke\n|poke|p1|Sableye, L50, F|\n|poke|p1|Comfey, L50, F|\n|poke|p1|Raging Bolt, L50|\n|poke|p1|Rillaboom, L50, M|\n|poke|p1|Ceruledge, L50, M|\n|poke|p1|Terapagos, L50, M|\n|poke|p2|Calyrex-Ice, L50|\n|poke|p2|Ting-Lu, L50|\n|poke|p2|Entei, L50|\n|poke|p2|Whimsicott, L50, F|\n|poke|p2|Urshifu-*, L50, M|\n|poke|p2|Raging Bolt, L50|\n|teampreview|4\n|inactive|Battle timer is ON: inactive players will automatically lose when time's up. (requested by koji muranishi)\n|\n|t:|1721934083\n|start\n|switch|p1a: Sableye|Sableye, L50, F|100\/100\n|switch|p1b: Terapagos|Terapagos, L50, M|100\/100\n|switch|p2a: Whimsicott|Whimsicott, L50, F|100\/100\n|switch|p2b: Calyrex|Calyrex-Ice, L50|100\/100\n|-ability|p2b: Calyrex|As One\n|-ability|p2b: Calyrex|Unnerve\n|-activate|p1b: Terapagos|ability: Tera Shift\n|detailschange|p1b: Terapagos|Terapagos-Terastal, L50, M\n|-heal|p1b: Terapagos|100\/100|[silent]\n|turn|1\n|\n|t:|1721934100\n|move|p1a: Sableye|Will-O-Wisp|p2b: Calyrex\n|-status|p2b: Calyrex|brn\n|move|p2a: Whimsicott|Moonblast|p1a: Sableye\n|-supereffective|p1a: Sableye\n|-damage|p1a: Sableye|16\/100\n|move|p2b: Calyrex|Glacial Lance|p1a: Sableye|[spread] p1a,p1b\n|-activate|p1b: Terapagos|ability: Tera Shell\n|-resisted|p1b: Terapagos\n|-damage|p1a: Sableye|0 fnt\n|-damage|p1b: Terapagos|84\/100\n|faint|p1a: Sableye\n|-ability|p2b: Calyrex|Chilling Neigh|boost\n|-boost|p2b: Calyrex|atk|1\n|move|p1b: Terapagos|Calm Mind|p1b: Terapagos\n|-boost|p1b: Terapagos|spa|1\n|-boost|p1b: Terapagos|spd|1\n|\n|-heal|p1b: Terapagos|91\/100|[from] item: Leftovers\n|-damage|p2b: Calyrex|94\/100 brn|[from] brn\n|upkeep\n|\n|t:|1721934119\n|switch|p1a: Ceruledge|Ceruledge, L50, M|100\/100\n|turn|2\n|j| thejruth3\n|inactive|koji muranishi has 30 seconds left.\n|\n|t:|1721934152\n|-terastallize|p1b: Terapagos|Stellar\n|detailschange|p1b: Terapagos|Terapagos-Stellar, L50, M, tera:Stellar\n|-heal|p1b: Terapagos|93\/100|[silent]\n|move|p2a: Whimsicott|Tailwind|p2a: Whimsicott\n|-sidestart|p2: koji muranishi|move: Tailwind\n|move|p2b: Calyrex|Glacial Lance|p1b: Terapagos|[spread] p1a,p1b\n|-resisted|p1a: Ceruledge\n|-damage|p1a: Ceruledge|68\/100\n|-damage|p1b: Terapagos|58\/100\n|move|p1a: Ceruledge|Bitter Blade|p2b: Calyrex\n|-supereffective|p2b: Calyrex\n|-damage|p2b: Calyrex|25\/100 brn\n|-heal|p1a: Ceruledge|100\/100|[from] drain|[of] p2b: Calyrex\n|move|p1b: Terapagos|Tera Starstorm|p2a: Whimsicott|[spread] p2a,p2b\n|-damage|p2a: Whimsicott|3\/100\n|-damage|p2b: Calyrex|0 fnt\n|faint|p2b: Calyrex\n|\n|-heal|p1b: Terapagos|64\/100|[from] item: Leftovers\n|upkeep\n|inactive|koji muranishi has 30 seconds left.\n|inactive|koji muranishi has 20 seconds left.\n|inactive|koji muranishi has 15 seconds left.\n|inactive|koji muranishi has 10 seconds left.\n|\n|t:|1721934197\n|switch|p2b: Entei|Entei, L50|100\/100\n|turn|3\n|\n|t:|1721934205\n|move|p2a: Whimsicott|Protect|p2a: Whimsicott\n|-singleturn|p2a: Whimsicott|Protect\n|move|p1a: Ceruledge|Shadow Sneak|p2a: Whimsicott\n|-activate|p2a: Whimsicott|move: Protect\n|move|p2b: Entei|Sacred Fire|p1b: Terapagos\n|-damage|p1b: Terapagos|32\/100\n|move|p1b: Terapagos|Earth Power|p2b: Entei\n|-supereffective|p2b: Entei\n|-damage|p2b: Entei|0 fnt\n|faint|p2b: Entei\n|\n|-heal|p1b: Terapagos|38\/100|[from] item: Leftovers\n|upkeep\n|\n|t:|1721934220\n|switch|p2b: Raging Bolt|Raging Bolt, L50|100\/100\n|turn|4\n|\n|t:|1721934235\n|-terastallize|p2b: Raging Bolt|Stellar\n|move|p1b: Terapagos|Protect|p1b: Terapagos\n|-singleturn|p1b: Terapagos|Protect\n|move|p2a: Whimsicott|Sunny Day|p2a: Whimsicott\n|-weather|SunnyDay\n|-activate|p2b: Raging Bolt|ability: Protosynthesis\n|-start|p2b: Raging Bolt|protosynthesisspa\n|move|p1a: Ceruledge|Shadow Sneak|p2a: Whimsicott\n|-damage|p2a: Whimsicott|0 fnt\n|faint|p2a: Whimsicott\n|move|p2b: Raging Bolt|Thunderbolt|p1b: Terapagos\n|-activate|p1b: Terapagos|move: Protect\n|\n|-weather|SunnyDay|[upkeep]\n|-heal|p1b: Terapagos|44\/100|[from] item: Leftovers\n|upkeep\n|turn|5\n|inactive|shroudofdusk has 30 seconds left.\n|\n|t:|1721934268\n|move|p2b: Raging Bolt|Thunderbolt|p1b: Terapagos\n|-damage|p1b: Terapagos|0 fnt\n|faint|p1b: Terapagos\n|-damage|p2b: Raging Bolt|91\/100|[from] item: Life Orb\n|move|p1a: Ceruledge|Bitter Blade|p2b: Raging Bolt\n|-resisted|p2b: Raging Bolt\n|-damage|p2b: Raging Bolt|63\/100\n|\n|-weather|SunnyDay|[upkeep]\n|-sideend|p2: koji muranishi|move: Tailwind\n|upkeep\n|\n|t:|1721934277\n|switch|p1b: Comfey|Comfey, L50, F|100\/100\n|turn|6\n|\n|t:|1721934283\n|move|p1b: Comfey|Draining Kiss|p2b: Raging Bolt\n|-supereffective|p2b: Raging Bolt\n|-damage|p2b: Raging Bolt|38\/100\n|move|p1a: Ceruledge|Bitter Blade|p2b: Raging Bolt\n|-resisted|p2b: Raging Bolt\n|-damage|p2b: Raging Bolt|8\/100\n|move|p2b: Raging Bolt|Draco Meteor|p1a: Ceruledge|[miss]\n|-miss|p2b: Raging Bolt|p1a: Ceruledge\n|\n|-weather|SunnyDay|[upkeep]\n|upkeep\n|turn|7\n|-message|koji muranishi forfeited.\n|\n|win|shroudofdusk\n|raw|shroudofdusk's rating: 1673 &rarr; <strong>1700<\/strong><br \/>(+27 for winning)\n|raw|koji muranishi's rating: 1795 &rarr; <strong>1768<\/strong><br \/>(-27 for losing)\n|l|\u2606koji muranishi\n|player|p2|\n|j|\u2606koji muranishi\n|player|p2|koji muranishi|170|\n|l|\u2606koji muranishi\n|player|p2|\n|l|\u2606shroudofdusk\n|player|p1|\n|l| thejruth3\n","uploadtime":1721934468,"views":25,"formatid":"gen9vgc2024regg","rating":1700,"private":0,"password":null}