{"id":"gen9vgc2024regg-2167049720","format":"[Gen 9] VGC 2024 Reg G","players":["Joe Sheboygan","war3infi"],"log":"|j|\u2606Joe Sheboygan\n|j|\u2606war3infi\n|t:|1721888905\n|gametype|doubles\n|player|p1|Joe Sheboygan|red|1677\n|player|p2|war3infi|dawn|1835\n|teamsize|p1|6\n|teamsize|p2|6\n|gen|9\n|tier|[Gen 9] VGC 2024 Reg G\n|rated|\n|rule|Species Clause: Limit one of each Pok\u00e9mon\n|rule|Item Clause: Limit one of each item\n|clearpoke\n|poke|p1|Grafaiai, L50, M|\n|poke|p1|Miraidon, L50|\n|poke|p1|Chi-Yu, L50|\n|poke|p1|Whimsicott, L50, M|\n|poke|p1|Farigiraf, L50, M|\n|poke|p1|Iron Hands, L50|\n|poke|p2|Calyrex-Ice, L50|\n|poke|p2|Annihilape, L50, F|\n|poke|p2|Smeargle, L50, M|\n|poke|p2|Ursaluna-Bloodmoon, L50, M|\n|poke|p2|Urshifu-*, L50, F|\n|poke|p2|Ogerpon-Wellspring, L50, F|\n|teampreview|4\n|\n|t:|1721888917\n|start\n|switch|p1a: Grafaiai|Grafaiai, L50, M|100\/100\n|switch|p1b: Miraidon|Miraidon, L50|100\/100\n|switch|p2a: Calyrex|Calyrex-Ice, L50|100\/100\n|switch|p2b: Smeargle|Smeargle, L50, M|100\/100\n|-ability|p2a: Calyrex|As One\n|-ability|p2a: Calyrex|Unnerve\n|-fieldstart|move: Electric Terrain|[from] ability: Hadron Engine|[of] p1b: Miraidon\n|-enditem|p1a: Grafaiai|Electric Seed\n|-boost|p1a: Grafaiai|def|1|[from] item: Electric Seed\n|turn|1\n|\n|t:|1721888934\n|switch|p1b: Iron Hands|Iron Hands, L50|100\/100\n|-activate|p1b: Iron Hands|ability: Quark Drive\n|-start|p1b: Iron Hands|quarkdriveatk\n|move|p2a: Calyrex|Protect|p2a: Calyrex\n|-singleturn|p2a: Calyrex|Protect\n|move|p1a: Grafaiai|Foul Play|p2a: Calyrex\n|-activate|p2a: Calyrex|move: Protect\n|move|p2b: Smeargle|Decorate|p2a: Calyrex\n|-boost|p2a: Calyrex|atk|2\n|-boost|p2a: Calyrex|spa|2\n|\n|upkeep\n|turn|2\n|\n|t:|1721888955\n|-terastallize|p2a: Calyrex|Water\n|move|p1b: Iron Hands|Fake Out|p2a: Calyrex\n|-damage|p2a: Calyrex|87\/100\n|move|p2b: Smeargle|Follow Me|p2b: Smeargle\n|-singleturn|p2b: Smeargle|move: Follow Me\n|move|p1a: Grafaiai|Acid Spray|p2b: Smeargle\n|-damage|p2b: Smeargle|78\/100\n|-unboost|p2b: Smeargle|spd|2\n|cant|p2a: Calyrex|flinch\n|\n|upkeep\n|turn|3\n|\n|t:|1721888972\n|move|p1a: Grafaiai|Protect|p1a: Grafaiai\n|-singleturn|p1a: Grafaiai|Protect\n|move|p2b: Smeargle|Follow Me|p2b: Smeargle\n|-singleturn|p2b: Smeargle|move: Follow Me\n|move|p2a: Calyrex|Glacial Lance|p1a: Grafaiai|[spread] p1b\n|-activate|p1a: Grafaiai|move: Protect\n|-damage|p1b: Iron Hands|18\/100\n|move|p1b: Iron Hands|Drain Punch|p2b: Smeargle\n|-supereffective|p2b: Smeargle\n|-damage|p2b: Smeargle|0 fnt\n|-heal|p1b: Iron Hands|46\/100|[from] drain|[of] p2b: Smeargle\n|faint|p2b: Smeargle\n|\n|upkeep\n|\n|t:|1721888980\n|switch|p2b: Urshifu|Urshifu, L50, F|100\/100\n|turn|4\n|\n|t:|1721888992\n|-terastallize|p1b: Iron Hands|Fire\n|move|p1a: Grafaiai|Scary Face|p2b: Urshifu\n|-unboost|p2b: Urshifu|spe|2\n|move|p1b: Iron Hands|Wild Charge|p2a: Calyrex\n|-supereffective|p2a: Calyrex\n|-damage|p2a: Calyrex|0 fnt\n|faint|p2a: Calyrex\n|-damage|p1b: Iron Hands|26\/100|[from] Recoil\n|move|p2b: Urshifu|Close Combat|p1b: Iron Hands\n|-damage|p1b: Iron Hands|0 fnt\n|-unboost|p2b: Urshifu|def|1\n|-unboost|p2b: Urshifu|spd|1\n|faint|p1b: Iron Hands\n|-end|p1b: Iron Hands|Quark Drive|[silent]\n|\n|upkeep\n|\n|t:|1721889008\n|switch|p2a: Ursaluna|Ursaluna-Bloodmoon, L50, M|100\/100\n|switch|p1b: Miraidon|Miraidon, L50|100\/100\n|-activate|p1b: Miraidon|ability: Hadron Engine\n|turn|5\n|\n|t:|1721889019\n|move|p1a: Grafaiai|Acid Spray|p2b: Urshifu\n|-damage|p2b: Urshifu|77\/100\n|-unboost|p2b: Urshifu|spd|2\n|move|p1b: Miraidon|Volt Switch|p2b: Urshifu\n|-damage|p2b: Urshifu|0 fnt\n|faint|p2b: Urshifu\n|\n|t:|1721889025\n|switch|p1b: Farigiraf|Farigiraf, L50, M|100\/100|[from] Volt Switch\n|move|p2a: Ursaluna|Earth Power|p1b: Farigiraf\n|-damage|p1b: Farigiraf|29\/100\n|-damage|p2a: Ursaluna|91\/100|[from] item: Life Orb\n|\n|-fieldend|move: Electric Terrain\n|upkeep\n|turn|6\n|\n|t:|1721889033\n|move|p1a: Grafaiai|Acid Spray|p2a: Ursaluna\n|-resisted|p2a: Ursaluna\n|-damage|p2a: Ursaluna|85\/100\n|-unboost|p2a: Ursaluna|spd|2\n|move|p1b: Farigiraf|Hyper Voice|p2a: Ursaluna\n|-damage|p2a: Ursaluna|0 fnt\n|faint|p2a: Ursaluna\n|-enditem|p1b: Farigiraf|Throat Spray\n|\n|win|Joe Sheboygan\n|raw|Joe Sheboygan's rating: 1677 &rarr; <strong>1706<\/strong><br \/>(+29 for winning)\n|raw|war3infi's rating: 1835 &rarr; <strong>1806<\/strong><br \/>(-29 for losing)\n|l|\u2606war3infi\n|player|p2|\n|l|\u2606Joe Sheboygan\n|player|p1|\n","uploadtime":1721889044,"views":41,"formatid":"gen9vgc2024regg","rating":1706,"private":0,"password":null}