{"id":"gen9vgc2024regg-2167363768","format":"[Gen 9] VGC 2024 Reg G","players":["imaborat","Krisuerte"],"log":"|j|\u2606imaborat\n|j|\u2606Krisuerte\n|t:|1721934328\n|gametype|doubles\n|player|p1|imaborat|102|1779\n|player|p2|Krisuerte|170|1726\n|teamsize|p1|6\n|teamsize|p2|6\n|gen|9\n|tier|[Gen 9] VGC 2024 Reg G\n|rated|\n|rule|Species Clause: Limit one of each Pok\u00e9mon\n|rule|Item Clause: Limit one of each item\n|clearpoke\n|poke|p1|Grafaiai, L50, M|\n|poke|p1|Indeedee, L50, M|\n|poke|p1|Calyrex-Shadow, L50|\n|poke|p1|Azumarill, L50, F|\n|poke|p1|Volcarona, L50, M|\n|poke|p1|Whimsicott, L50, M|\n|poke|p2|Groudon, L50|\n|poke|p2|Gouging Fire, L50|\n|poke|p2|Raging Bolt, L50|\n|poke|p2|Flutter Mane, L50|\n|poke|p2|Walking Wake, L50|\n|poke|p2|Urshifu-*, L50, F|\n|teampreview|4\n|inactive|Battle timer is ON: inactive players will automatically lose when time's up. (requested by imaborat)\n|inactive|Krisuerte has 60 seconds left.\n|\n|t:|1721934366\n|start\n|switch|p1a: Grafaiai|Grafaiai, L50, M|100\/100\n|switch|p1b: Indeedee|Indeedee, L50, M|100\/100\n|switch|p2a: Flutter Mane|Flutter Mane, L50|100\/100\n|switch|p2b: Groudon|Groudon, L50|100\/100\n|-fieldstart|move: Psychic Terrain|[from] ability: Psychic Surge|[of] p1b: Indeedee\n|-enditem|p1a: Grafaiai|Psychic Seed\n|-boost|p1a: Grafaiai|spd|1|[from] item: Psychic Seed\n|-weather|SunnyDay|[from] ability: Drought|[of] p2b: Groudon\n|-activate|p2a: Flutter Mane|ability: Protosynthesis\n|-start|p2a: Flutter Mane|protosynthesisspe\n|turn|1\n|inactive|Krisuerte has 30 seconds left.\n|\n|t:|1721934396\n|-terastallize|p1a: Grafaiai|Dark\n|move|p1a: Grafaiai|Scary Face|p2a: Flutter Mane\n|-unboost|p2a: Flutter Mane|spe|2\n|move|p1b: Indeedee|Expanding Force|p2a: Flutter Mane|[spread] p2a,p2b\n|-damage|p2a: Flutter Mane|43\/100\n|-damage|p2b: Groudon|67\/100\n|move|p2b: Groudon|Precipice Blades|p1a: Grafaiai|[spread] p1a,p1b\n|-damage|p1a: Grafaiai|23\/100\n|-damage|p1b: Indeedee|0 fnt\n|faint|p1b: Indeedee\n|move|p2a: Flutter Mane|Trick Room|p2a: Flutter Mane\n|-fieldstart|move: Trick Room|[of] p2a: Flutter Mane\n|\n|-weather|SunnyDay|[upkeep]\n|upkeep\n|j| zxc123zxc\n|\n|t:|1721934407\n|switch|p1b: Azumarill|Azumarill, L50, F|100\/100\n|turn|2\n|\n|t:|1721934430\n|-end|p2a: Flutter Mane|Protosynthesis|[silent]\n|switch|p2a: Raging Bolt|Raging Bolt, L50|100\/100\n|-activate|p2a: Raging Bolt|ability: Protosynthesis\n|-start|p2a: Raging Bolt|protosynthesisspa\n|move|p1b: Azumarill|Liquidation|p2b: Groudon\n|-supereffective|p2b: Groudon\n|-damage|p2b: Groudon|32\/100\n|-unboost|p2b: Groudon|def|1\n|move|p2b: Groudon|Precipice Blades|p1a: Grafaiai|[spread] p1a,p1b\n|-damage|p1a: Grafaiai|0 fnt\n|-damage|p1b: Azumarill|41\/100\n|faint|p1a: Grafaiai\n|\n|-weather|SunnyDay|[upkeep]\n|upkeep\n|\n|t:|1721934441\n|switch|p1a: Calyrex|Calyrex-Shadow, L50|100\/100\n|-ability|p1a: Calyrex|As One\n|-ability|p1a: Calyrex|Unnerve\n|turn|3\n|inactive|Krisuerte has 30 seconds left.\n|inactive|Krisuerte has 20 seconds left.\n|\n|t:|1721934479\n|move|p2a: Raging Bolt|Protect|p2a: Raging Bolt\n|-singleturn|p2a: Raging Bolt|Protect\n|move|p1b: Azumarill|Play Rough|p2a: Raging Bolt\n|-activate|p2a: Raging Bolt|move: Protect\n|move|p2b: Groudon|Precipice Blades|p1b: Azumarill|[spread] \n|-miss|p2b: Groudon|p1a: Calyrex\n|-miss|p2b: Groudon|p1b: Azumarill\n|move|p1a: Calyrex|Expanding Force|p2a: Raging Bolt|[spread] p2b\n|-activate|p2a: Raging Bolt|move: Protect\n|-crit|p2b: Groudon\n|-damage|p2b: Groudon|0 fnt\n|faint|p2b: Groudon\n|-ability|p1a: Calyrex|Grim Neigh|boost\n|-boost|p1a: Calyrex|spa|1\n|-damage|p1a: Calyrex|91\/100|[from] item: Life Orb\n|\n|-weather|SunnyDay|[upkeep]\n|upkeep\n|\n|t:|1721934503\n|switch|p2b: Gouging Fire|Gouging Fire, L50|100\/100\n|-activate|p2b: Gouging Fire|ability: Protosynthesis\n|-start|p2b: Gouging Fire|protosynthesisspe\n|turn|4\n|\n|t:|1721934526\n|-terastallize|p2a: Raging Bolt|Electric\n|move|p1b: Azumarill|Play Rough|p2a: Raging Bolt\n|-damage|p2a: Raging Bolt|52\/100\n|move|p2a: Raging Bolt|Thunderbolt|p1a: Calyrex\n|-damage|p1a: Calyrex|3\/100\n|move|p1a: Calyrex|Expanding Force|p2a: Raging Bolt|[spread] p2a,p2b\n|-damage|p2a: Raging Bolt|0 fnt\n|-damage|p2b: Gouging Fire|0 fnt\n|faint|p2a: Raging Bolt\n|-end|p2a: Raging Bolt|Protosynthesis|[silent]\n|faint|p2b: Gouging Fire\n|-end|p2b: Gouging Fire|Protosynthesis|[silent]\n|-ability|p1a: Calyrex|Grim Neigh|boost\n|-boost|p1a: Calyrex|spa|2\n|-damage|p1a: Calyrex|0 fnt|[from] item: Life Orb\n|faint|p1a: Calyrex\n|\n|-weather|SunnyDay|[upkeep]\n|upkeep\n|\n|t:|1721934547\n|switch|p2b: Flutter Mane|Flutter Mane, L50|43\/100\n|-activate|p2b: Flutter Mane|ability: Protosynthesis\n|-start|p2b: Flutter Mane|protosynthesisspe\n|turn|5\n|\n|t:|1721934557\n|move|p2b: Flutter Mane|Protect|p2b: Flutter Mane\n|-singleturn|p2b: Flutter Mane|Protect\n|move|p1b: Azumarill|Play Rough|p2b: Flutter Mane\n|-activate|p2b: Flutter Mane|move: Protect\n|\n|-weather|none\n|-end|p2b: Flutter Mane|Protosynthesis\n|-fieldend|move: Trick Room\n|-fieldend|move: Psychic Terrain\n|upkeep\n|turn|6\n|j| dullb0y da cabiuna\n|\n|t:|1721934568\n|move|p1b: Azumarill|Aqua Jet|p2b: Flutter Mane\n|-damage|p2b: Flutter Mane|0 fnt\n|faint|p2b: Flutter Mane\n|-end|p2b: Flutter Mane|Protosynthesis|[silent]\n|\n|win|imaborat\n|raw|imaborat's rating: 1779 &rarr; <strong>1796<\/strong><br \/>(+17 for winning)\n|raw|Krisuerte's rating: 1726 &rarr; <strong>1709<\/strong><br \/>(-17 for losing)\n|l| dullb0y da cabiuna\n|l|\u2606Krisuerte\n|player|p2|\n|l|\u2606imaborat\n|player|p1|\n","uploadtime":1721934744,"views":43,"formatid":"gen9vgc2024regg","rating":1709,"private":0,"password":null}