{"id":"gen9vgc2024regg-2167337864","format":"[Gen 9] VGC 2024 Reg G","players":["SirNeru","AZUNA_Fan"],"log":"|j|\u2606SirNeru\n|j|\u2606AZUNA_Fan\n|t:|1721931408\n|gametype|doubles\n|player|p1|SirNeru|hilbert|1679\n|player|p2|AZUNA_Fan|dawn-gen4pt|1845\n|teamsize|p1|6\n|teamsize|p2|6\n|gen|9\n|tier|[Gen 9] VGC 2024 Reg G\n|rated|\n|rule|Species Clause: Limit one of each Pok\u00e9mon\n|rule|Item Clause: Limit one of each item\n|clearpoke\n|poke|p1|Calyrex-Ice, L50|\n|poke|p1|Raging Bolt, L50|\n|poke|p1|Incineroar, L50, F|\n|poke|p1|Rillaboom, L50, F|\n|poke|p1|Urshifu-*, L50, F|\n|poke|p1|Tornadus, L50, M|\n|poke|p2|Calyrex-Shadow, L50|\n|poke|p2|Urshifu-*, L50, F|\n|poke|p2|Indeedee-F, L50, F|\n|poke|p2|Maushold, L50|\n|poke|p2|Dondozo, L50, M|\n|poke|p2|Tatsugiri, L50, M|\n|teampreview|4\n|inactive|Battle timer is ON: inactive players will automatically lose when time's up. (requested by AZUNA_Fan)\n|j| Samevgcmons\n|inactive|SirNeru has 60 seconds left.\n|inactive|AZUNA_Fan has 60 seconds left.\n|inactive|SirNeru has 30 seconds left.\n|\n|t:|1721931475\n|start\n|switch|p1a: Calyrex|Calyrex-Ice, L50|100\/100\n|switch|p1b: Raging Bolt|Raging Bolt, L50|100\/100\n|switch|p2a: Calyrex|Calyrex-Shadow, L50|100\/100\n|switch|p2b: Urshifu|Urshifu, L50, F|100\/100\n|-ability|p2a: Calyrex|As One\n|-ability|p2a: Calyrex|Unnerve\n|-ability|p1a: Calyrex|As One\n|-ability|p1a: Calyrex|Unnerve\n|-enditem|p1b: Raging Bolt|Booster Energy\n|-activate|p1b: Raging Bolt|ability: Protosynthesis|[fromitem]\n|-start|p1b: Raging Bolt|protosynthesisspa\n|turn|1\n|\n|t:|1721931493\n|-terastallize|p1a: Calyrex|Dark\n|move|p2a: Calyrex|Astral Barrage|p1b: Raging Bolt|[spread] p1a,p1b\n|-resisted|p1a: Calyrex\n|-damage|p1a: Calyrex|75\/100\n|-damage|p1b: Raging Bolt|35\/100\n|move|p2b: Urshifu|Wicked Blow|p1a: Calyrex\n|-resisted|p1a: Calyrex\n|-crit|p1a: Calyrex\n|-damage|p1a: Calyrex|43\/100\n|move|p1b: Raging Bolt|Snarl|p2b: Urshifu|[spread] p2a,p2b\n|-supereffective|p2a: Calyrex\n|-resisted|p2b: Urshifu\n|-damage|p2a: Calyrex|23\/100\n|-damage|p2b: Urshifu|93\/100\n|-unboost|p2a: Calyrex|spa|1\n|-unboost|p2b: Urshifu|spa|1\n|move|p1a: Calyrex|Trick Room|p1a: Calyrex\n|-fieldstart|move: Trick Room|[of] p1a: Calyrex\n|\n|upkeep\n|turn|2\n|\n|t:|1721931510\n|switch|p2b: Dondozo|Dondozo, L50, M|100\/100\n|switch|p2a: Tatsugiri|Tatsugiri, L50, M|100\/100\n|-activate|p2a: Tatsugiri|ability: Commander|[of] p2b: Dondozo\n|-boost|p2b: Dondozo|atk|2\n|-boost|p2b: Dondozo|spa|2\n|-boost|p2b: Dondozo|spe|2\n|-boost|p2b: Dondozo|def|2\n|-boost|p2b: Dondozo|spd|2\n|move|p1b: Raging Bolt|Thunderclap||[still]\n|-fail|p1b: Raging Bolt\n|move|p1a: Calyrex|Glacial Lance|p2b: Dondozo|[spread] p2b\n|-miss|p1a: Calyrex|p2a: Tatsugiri\n|-resisted|p2b: Dondozo\n|-damage|p2b: Dondozo|90\/100\n|\n|upkeep\n|turn|3\n|inactive|AZUNA_Fan has 30 seconds left.\n|\n|t:|1721931546\n|switch|p1a: Urshifu|Urshifu-Rapid-Strike, L50, F|100\/100\n|-terastallize|p2b: Dondozo|Grass\n|move|p1b: Raging Bolt|Thunderbolt|p2b: Dondozo\n|-resisted|p2b: Dondozo\n|-damage|p2b: Dondozo|75\/100\n|move|p2b: Dondozo|Wave Crash|p1a: Urshifu\n|-resisted|p1a: Urshifu\n|-damage|p1a: Urshifu|54\/100\n|-damage|p2b: Dondozo|63\/100|[from] Recoil\n|\n|upkeep\n|turn|4\n|l| Samevgcmons\n|\n|t:|1721931567\n|move|p1b: Raging Bolt|Draco Meteor|p2b: Dondozo\n|-damage|p2b: Dondozo|23\/100\n|-unboost|p1b: Raging Bolt|spa|2\n|move|p1a: Urshifu|Surging Strikes|p2b: Dondozo\n|-resisted|p2b: Dondozo\n|-crit|p2b: Dondozo\n|-damage|p2b: Dondozo|15\/100\n|-damage|p1a: Urshifu|38\/100|[from] item: Rocky Helmet|[of] p2b: Dondozo\n|-resisted|p2b: Dondozo\n|-crit|p2b: Dondozo\n|-damage|p2b: Dondozo|7\/100\n|-damage|p1a: Urshifu|22\/100|[from] item: Rocky Helmet|[of] p2b: Dondozo\n|-resisted|p2b: Dondozo\n|-crit|p2b: Dondozo\n|-damage|p2b: Dondozo|0 fnt\n|-damage|p1a: Urshifu|5\/100|[from] item: Rocky Helmet|[of] p2b: Dondozo\n|faint|p2b: Dondozo\n|-hitcount|p2: Dondozo|3\n|\n|upkeep\n|\n|t:|1721931587\n|switch|p2b: Urshifu|Urshifu, L50, F|93\/100\n|turn|5\n|inactive|AZUNA_Fan has 30 seconds left.\n|\n|t:|1721931612\n|switch|p1a: Rillaboom|Rillaboom, L50, F|100\/100\n|-fieldstart|move: Grassy Terrain|[from] ability: Grassy Surge|[of] p1a: Rillaboom\n|move|p2b: Urshifu|Sucker Punch||[still]\n|-fail|p2b: Urshifu\n|move|p1b: Raging Bolt|Draco Meteor|p2a: Tatsugiri\n|-supereffective|p2a: Tatsugiri\n|-enditem|p2a: Tatsugiri|Focus Sash\n|-damage|p2a: Tatsugiri|1\/100\n|-unboost|p1b: Raging Bolt|spa|2\n|move|p2a: Tatsugiri|Draco Meteor|p1b: Raging Bolt\n|-supereffective|p1b: Raging Bolt\n|-damage|p1b: Raging Bolt|0 fnt\n|-unboost|p2a: Tatsugiri|spa|2\n|faint|p1b: Raging Bolt\n|-end|p1b: Raging Bolt|Protosynthesis|[silent]\n|\n|-heal|p2b: Urshifu|99\/100|[from] Grassy Terrain\n|-heal|p2a: Tatsugiri|7\/100|[from] Grassy Terrain\n|-fieldend|move: Trick Room\n|upkeep\n|\n|t:|1721931623\n|switch|p1b: Calyrex|Calyrex-Ice, L50, tera:Dark|43\/100\n|-ability|p1b: Calyrex|As One\n|-ability|p1b: Calyrex|Unnerve\n|turn|6\n|inactive|AZUNA_Fan has 30 seconds left.\n|\n|t:|1721931652\n|move|p1a: Rillaboom|Fake Out|p2b: Urshifu\n|-crit|p2b: Urshifu\n|-damage|p2b: Urshifu|76\/100\n|cant|p2b: Urshifu|flinch\n|move|p2a: Tatsugiri|Draco Meteor|p1b: Calyrex\n|-damage|p1b: Calyrex|23\/100\n|-unboost|p2a: Tatsugiri|spa|2\n|move|p1b: Calyrex|Trick Room|p1b: Calyrex\n|-fieldstart|move: Trick Room|[of] p1b: Calyrex\n|\n|-heal|p1b: Calyrex|29\/100|[from] Grassy Terrain\n|-heal|p2b: Urshifu|82\/100|[from] Grassy Terrain\n|-heal|p2a: Tatsugiri|14\/100|[from] Grassy Terrain\n|upkeep\n|turn|7\n|inactive|SirNeru has 30 seconds left.\n|\n|t:|1721931678\n|move|p1a: Rillaboom|Grassy Glide|p2b: Urshifu\n|-damage|p2b: Urshifu|40\/100\n|move|p2b: Urshifu|Sucker Punch|p1b: Calyrex\n|-resisted|p1b: Calyrex\n|-damage|p1b: Calyrex|10\/100\n|move|p1b: Calyrex|Glacial Lance|p2b: Urshifu|[spread] p2a,p2b\n|-damage|p2a: Tatsugiri|0 fnt\n|-damage|p2b: Urshifu|0 fnt\n|faint|p2a: Tatsugiri\n|faint|p2b: Urshifu\n|-ability|p1b: Calyrex|Chilling Neigh|boost\n|-boost|p1b: Calyrex|atk|2\n|\n|-heal|p1b: Calyrex|16\/100|[from] Grassy Terrain\n|upkeep\n|\n|t:|1721931690\n|switch|p2b: Calyrex|Calyrex-Shadow, L50|23\/100\n|-ability|p2b: Calyrex|As One\n|-ability|p2b: Calyrex|Unnerve\n|turn|8\n|-message|AZUNA_Fan forfeited.\n|\n|win|SirNeru\n|raw|SirNeru's rating: 1679 &rarr; <strong>1708<\/strong><br \/>(+29 for winning)\n|raw|AZUNA_Fan's rating: 1845 &rarr; <strong>1816<\/strong><br \/>(-29 for losing)\n|l|\u2606AZUNA_Fan\n|player|p2|\n|l|\u2606SirNeru\n|player|p1|\n|j|\u2606SirNeru\n|player|p1|SirNeru|hilbert|\n|l|\u2606SirNeru\n|player|p1|\n","uploadtime":1721931810,"views":44,"formatid":"gen9vgc2024regg","rating":1708,"private":0,"password":null}