{"id":"gen9vgc2024regg-2167155353","format":"[Gen 9] VGC 2024 Reg G","players":["GG=Groudon Gaming","Therazer456"],"log":"|j|\u2606GG=Groudon Gaming\n|j|\u2606Therazer456\n|t:|1721909354\n|gametype|doubles\n|player|p1|GG=Groudon Gaming|miku-ground|1692\n|player|p2|Therazer456|ghetsis|1755\n|teamsize|p1|6\n|teamsize|p2|6\n|gen|9\n|tier|[Gen 9] VGC 2024 Reg G\n|rated|\n|rule|Species Clause: Limit one of each Pok\u00e9mon\n|rule|Item Clause: Limit one of each item\n|clearpoke\n|poke|p1|Groudon, L50|\n|poke|p1|Gouging Fire, L50|\n|poke|p1|Rillaboom, L50, F|\n|poke|p1|Flutter Mane, L50|\n|poke|p1|Chien-Pao, L50|\n|poke|p1|Dragonite, L50, F|\n|poke|p2|Calyrex-Ice, L50|\n|poke|p2|Porygon2, L50|\n|poke|p2|Raging Bolt, L50|\n|poke|p2|Incineroar, L50, F|\n|poke|p2|Iron Jugulis, L50|\n|poke|p2|Amoonguss, L50, M|\n|teampreview|4\n|inactive|Battle timer is ON: inactive players will automatically lose when time's up. (requested by GG=Groudon Gaming)\n|inactive|GG=Groudon Gaming has 60 seconds left.\n|\n|t:|1721909401\n|start\n|switch|p1a: Chien-Pao|Chien-Pao, L50|100\/100\n|switch|p1b: Dragonite|Dragonite, L50, F|100\/100\n|switch|p2a: Wreath|Calyrex-Ice, L50|100\/100\n|switch|p2b: Orion|Incineroar, L50, F, shiny|100\/100\n|-ability|p2a: Wreath|As One\n|-ability|p2a: Wreath|Unnerve\n|-ability|p1a: Chien-Pao|Sword of Ruin\n|-ability|p2b: Orion|Intimidate|boost\n|-unboost|p1a: Chien-Pao|atk|1\n|-fail|p1b: Dragonite|unboost|Attack|[from] ability: Inner Focus|[of] p1b: Dragonite\n|turn|1\n|\n|t:|1721909420\n|-terastallize|p2b: Orion|Ghost\n|move|p2a: Wreath|Protect|p2a: Wreath\n|-singleturn|p2a: Wreath|Protect\n|move|p1a: Chien-Pao|Throat Chop|p2a: Wreath\n|-activate|p2a: Wreath|move: Protect\n|move|p1b: Dragonite|Outrage|p2a: Wreath\n|-activate|p2a: Wreath|move: Protect\n|move|p2b: Orion|Knock Off|p1b: Dragonite\n|-crit|p1b: Dragonite\n|-damage|p1b: Dragonite|0 fnt\n|-enditem|p1b: Dragonite|Choice Band|[from] move: Knock Off|[of] p2b: Orion\n|faint|p1b: Dragonite\n|\n|upkeep\n|\n|t:|1721909433\n|switch|p1b: Gordon|Groudon, L50|100\/100\n|-weather|SunnyDay|[from] ability: Drought|[of] p1b: Gordon\n|turn|2\n|\n|t:|1721909440\n|-terastallize|p1b: Gordon|Fire\n|move|p1a: Chien-Pao|Throat Chop|p2b: Orion\n|-supereffective|p2b: Orion\n|-damage|p2b: Orion|33\/100\n|-start|p2b: Orion|Throat Chop|[silent]\n|move|p1b: Gordon|Fire Punch|p2a: Wreath\n|-supereffective|p2a: Wreath\n|-damage|p2a: Wreath|4\/100\n|move|p2b: Orion|Knock Off|p1b: Gordon\n|-damage|p1b: Gordon|57\/100\n|-enditem|p1b: Gordon|Clear Amulet|[from] move: Knock Off|[of] p2b: Orion\n|move|p2a: Wreath|Trick Room|p2a: Wreath\n|-fieldstart|move: Trick Room|[of] p2a: Wreath\n|\n|-weather|SunnyDay|[upkeep]\n|upkeep\n|turn|3\n|inactive|Therazer456 has 30 seconds left.\n|\n|t:|1721909469\n|move|p1a: Chien-Pao|Sucker Punch|p2a: Wreath\n|-supereffective|p2a: Wreath\n|-damage|p2a: Wreath|0 fnt\n|faint|p2a: Wreath\n|move|p2b: Orion|Flare Blitz|p1b: Gordon\n|-resisted|p1b: Gordon\n|-crit|p1b: Gordon\n|-damage|p1b: Gordon|4\/100\n|-damage|p2b: Orion|16\/100|[from] Recoil\n|move|p1b: Gordon|Precipice Blades|p2b: Orion\n|-damage|p2b: Orion|0 fnt\n|faint|p2b: Orion\n|\n|-weather|SunnyDay|[upkeep]\n|upkeep\n|\n|t:|1721909472\n|switch|p2a: Duck Mark 2|Porygon2, L50, shiny|100\/100\n|switch|p2b: California|Raging Bolt, L50|100\/100\n|-ability|p2a: Duck Mark 2|Download|boost\n|-boost|p2a: Duck Mark 2|spa|1\n|-activate|p2b: California|ability: Protosynthesis\n|-start|p2b: California|protosynthesisspa\n|turn|4\n|\n|t:|1721909489\n|move|p2a: Duck Mark 2|Tera Blast|p1a: Chien-Pao\n|-damage|p1a: Chien-Pao|24\/100\n|move|p2b: California|Snarl|p1a: Chien-Pao|[spread] p1a,p1b\n|-resisted|p1a: Chien-Pao\n|-damage|p1a: Chien-Pao|9\/100\n|-damage|p1b: Gordon|0 fnt\n|-unboost|p1a: Chien-Pao|spa|1\n|faint|p1b: Gordon\n|move|p1a: Chien-Pao|Icicle Crash|p2b: California\n|-supereffective|p2b: California\n|-damage|p2b: California|46\/100\n|\n|-weather|SunnyDay|[upkeep]\n|upkeep\n|\n|t:|1721909498\n|switch|p1b: Flutter Mane|Flutter Mane, L50|100\/100\n|-activate|p1b: Flutter Mane|ability: Protosynthesis\n|-start|p1b: Flutter Mane|protosynthesisspe\n|turn|5\n|j| caccaddosso\n|inactive|Therazer456 has 30 seconds left.\n|inactive|GG=Groudon Gaming has 30 seconds left.\n|inactive|GG=Groudon Gaming has 20 seconds left.\n|\n|t:|1721909541\n|move|p1a: Chien-Pao|Protect|p1a: Chien-Pao\n|-singleturn|p1a: Chien-Pao|Protect\n|move|p2a: Duck Mark 2|Tera Blast|p1a: Chien-Pao\n|-activate|p1a: Chien-Pao|move: Protect\n|move|p2b: California|Snarl|p1b: Flutter Mane|[spread] p1b\n|-activate|p1a: Chien-Pao|move: Protect\n|-damage|p1b: Flutter Mane|83\/100\n|-unboost|p1b: Flutter Mane|spa|1\n|move|p1b: Flutter Mane|Dazzling Gleam|p2a: Duck Mark 2|[spread] p2a,p2b\n|-supereffective|p2b: California\n|-damage|p2a: Duck Mark 2|83\/100\n|-damage|p2b: California|11\/100\n|\n|-weather|SunnyDay|[upkeep]\n|upkeep\n|turn|6\n|\n|t:|1721909555\n|move|p2b: California|Thunderclap|p1b: Flutter Mane\n|-damage|p1b: Flutter Mane|34\/100\n|move|p1a: Chien-Pao|Sucker Punch||[still]\n|-fail|p1a: Chien-Pao\n|move|p2a: Duck Mark 2|Tera Blast|p1a: Chien-Pao\n|-damage|p1a: Chien-Pao|0 fnt\n|faint|p1a: Chien-Pao\n|move|p1b: Flutter Mane|Dazzling Gleam|p2a: Duck Mark 2|[spread] p2a,p2b\n|-supereffective|p2b: California\n|-damage|p2a: Duck Mark 2|67\/100\n|-damage|p2b: California|0 fnt\n|faint|p2b: California\n|-end|p2b: California|Protosynthesis|[silent]\n|\n|-weather|none\n|-end|p1b: Flutter Mane|Protosynthesis\n|-fieldend|move: Trick Room\n|upkeep\n|turn|7\n|\n|t:|1721909564\n|move|p1b: Flutter Mane|Dazzling Gleam|p2a: Duck Mark 2\n|-damage|p2a: Duck Mark 2|42\/100\n|move|p2a: Duck Mark 2|Foul Play|p1b: Flutter Mane\n|-damage|p1b: Flutter Mane|17\/100\n|\n|upkeep\n|turn|8\n|\n|t:|1721909569\n|move|p1b: Flutter Mane|Dazzling Gleam|p2a: Duck Mark 2\n|-damage|p2a: Duck Mark 2|18\/100\n|move|p2a: Duck Mark 2|Recover|p2a: Duck Mark 2\n|-heal|p2a: Duck Mark 2|69\/100\n|\n|upkeep\n|turn|9\n|\n|t:|1721909584\n|move|p1b: Flutter Mane|Dazzling Gleam|p2a: Duck Mark 2\n|-damage|p2a: Duck Mark 2|44\/100\n|move|p2a: Duck Mark 2|Foul Play|p1b: Flutter Mane\n|-damage|p1b: Flutter Mane|0 fnt\n|faint|p1b: Flutter Mane\n|-end|p1b: Flutter Mane|Protosynthesis|[silent]\n|\n|win|Therazer456\n|raw|GG=Groudon Gaming's rating: 1692 &rarr; <strong>1674<\/strong><br \/>(-18 for losing)\n|raw|Therazer456's rating: 1729 &rarr; <strong>1747<\/strong><br \/>(+18 for winning)\n|l|\u2606Therazer456\n|player|p2|\n|l|\u2606GG=Groudon Gaming\n|player|p1|\n|l| caccaddosso\n","uploadtime":1721909835,"views":45,"formatid":"gen9vgc2024regg","rating":1674,"private":0,"password":null}