{"id":"gen9vgc2024regg-2167395434","format":"[Gen 9] VGC 2024 Reg G","players":["42 t","koji muranishi"],"log":"|j|\u260642 t\n|j|\u2606koji muranishi\n|t:|1721937915\n|gametype|doubles\n|player|p1|42 t|170|1699\n|player|p2|koji muranishi|170|1768\n|teamsize|p1|6\n|teamsize|p2|6\n|gen|9\n|tier|[Gen 9] VGC 2024 Reg G\n|rated|\n|rule|Species Clause: Limit one of each Pok\u00e9mon\n|rule|Item Clause: Limit one of each item\n|clearpoke\n|poke|p1|Calyrex-Ice, L50|\n|poke|p1|Farigiraf, L50, M|\n|poke|p1|Alcremie, L50, F|\n|poke|p1|Incineroar, L50, M|\n|poke|p1|Mienshao, L50, F|\n|poke|p1|Amoonguss, L50, F|\n|poke|p2|Calyrex-Ice, L50|\n|poke|p2|Ting-Lu, L50|\n|poke|p2|Entei, L50|\n|poke|p2|Whimsicott, L50, M|\n|poke|p2|Urshifu-*, L50, F|\n|poke|p2|Raging Bolt, L50|\n|teampreview|4\n|inactive|Battle timer is ON: inactive players will automatically lose when time's up. (requested by 42 t)\n42 t has agreed to open team sheets.\n|\n|t:|1721937931\n|start\n|switch|p1a: Mienshao|Mienshao, L50, F|100\/100\n|switch|p1b: Calyrex|Calyrex-Ice, L50|100\/100\n|switch|p2a: Entei|Entei, L50|100\/100\n|switch|p2b: Urshifu|Urshifu-Rapid-Strike, L50, F|100\/100\n|-ability|p1b: Calyrex|As One\n|-ability|p1b: Calyrex|Unnerve\n|turn|1\n|inactive|koji muranishi has 30 seconds left.\n|\n|t:|1721937962\n|switch|p1a: Amoonguss|Amoonguss, L50, F|100\/100\n|-terastallize|p1b: Calyrex|Water\n|move|p2a: Entei|Sacred Fire|p1a: Amoonguss\n|-supereffective|p1a: Amoonguss\n|-damage|p1a: Amoonguss|18\/100\n|move|p2b: Urshifu|Taunt|p1b: Calyrex\n|-start|p1b: Calyrex|move: Taunt\n|cant|p1b: Calyrex|move: Taunt|Trick Room\n|\n|upkeep\n|turn|2\n|inactive|koji muranishi has 30 seconds left.\n|\n|t:|1721937995\n|switch|p1a: Incineroar|Incineroar, L50, M|100\/100\n|-ability|p1a: Incineroar|Intimidate|boost\n|-fail|p2a: Entei|unboost|Attack|[from] ability: Inner Focus|[of] p2a: Entei\n|-unboost|p2b: Urshifu|atk|1\n|move|p2a: Entei|Sacred Fire|p1a: Incineroar\n|-resisted|p1a: Incineroar\n|-damage|p1a: Incineroar|79\/100\n|move|p2b: Urshifu|Surging Strikes|p1b: Calyrex\n|-resisted|p1b: Calyrex\n|-crit|p1b: Calyrex\n|-damage|p1b: Calyrex|94\/100\n|-resisted|p1b: Calyrex\n|-crit|p1b: Calyrex\n|-damage|p1b: Calyrex|87\/100\n|-resisted|p1b: Calyrex\n|-crit|p1b: Calyrex\n|-damage|p1b: Calyrex|81\/100\n|-hitcount|p1b: Calyrex|3\n|move|p1b: Calyrex|High Horsepower|p2a: Entei\n|-supereffective|p2a: Entei\n|-damage|p2a: Entei|14\/100\n|\n|upkeep\n|turn|3\n|inactive|42 t has 30 seconds left.\n|inactive|koji muranishi has 30 seconds left.\n|inactive|42 t has 20 seconds left.\n|\n|t:|1721938031\n|switch|p1a: Amoonguss|Amoonguss, L50, F|51\/100\n|move|p2a: Entei|Sacred Fire|p1b: Calyrex\n|-resisted|p1b: Calyrex\n|-crit|p1b: Calyrex\n|-damage|p1b: Calyrex|58\/100\n|move|p2b: Urshifu|Surging Strikes|p1a: Amoonguss\n|-resisted|p1a: Amoonguss\n|-crit|p1a: Amoonguss\n|-damage|p1a: Amoonguss|42\/100\n|-damage|p2b: Urshifu|84\/100|[from] item: Rocky Helmet|[of] p1a: Amoonguss\n|-resisted|p1a: Amoonguss\n|-crit|p1a: Amoonguss\n|-damage|p1a: Amoonguss|32\/100\n|-damage|p2b: Urshifu|68\/100|[from] item: Rocky Helmet|[of] p1a: Amoonguss\n|-resisted|p1a: Amoonguss\n|-crit|p1a: Amoonguss\n|-damage|p1a: Amoonguss|24\/100\n|-damage|p2b: Urshifu|51\/100|[from] item: Rocky Helmet|[of] p1a: Amoonguss\n|-hitcount|p1a: Amoonguss|3\n|move|p1b: Calyrex|Glacial Lance|p2b: Urshifu|[spread] p2a,p2b\n|-resisted|p2a: Entei\n|-resisted|p2b: Urshifu\n|-damage|p2a: Entei|0 fnt\n|-damage|p2b: Urshifu|19\/100\n|faint|p2a: Entei\n|-ability|p1b: Calyrex|Chilling Neigh|boost\n|-boost|p1b: Calyrex|atk|1\n|\n|-end|p1b: Calyrex|move: Taunt\n|upkeep\n|inactive|koji muranishi has 30 seconds left.\n|\n|t:|1721938061\n|switch|p2a: Calyrex|Calyrex-Ice, L50|100\/100\n|-ability|p2a: Calyrex|As One\n|-ability|p2a: Calyrex|Unnerve\n|turn|4\n|\n|t:|1721938081\n|switch|p1a: Incineroar|Incineroar, L50, M|79\/100\n|-ability|p1a: Incineroar|Intimidate|boost\n|-unboost|p2a: Calyrex|atk|1\n|-unboost|p2b: Urshifu|atk|1\n|-terastallize|p2a: Calyrex|Ice\n|move|p2b: Urshifu|Detect|p2b: Urshifu\n|-singleturn|p2b: Urshifu|Protect\n|move|p2a: Calyrex|Glacial Lance|p1b: Calyrex|[spread] p1a,p1b\n|-resisted|p1a: Incineroar\n|-resisted|p1b: Calyrex\n|-damage|p1a: Incineroar|49\/100\n|-damage|p1b: Calyrex|34\/100\n|move|p1b: Calyrex|Glacial Lance|p2b: Urshifu|[spread] p2a\n|-activate|p2b: Urshifu|move: Protect\n|-resisted|p2a: Calyrex\n|-damage|p2a: Calyrex|68\/100\n|\n|upkeep\n|turn|5\n|\n|t:|1721938105\n|move|p1a: Incineroar|Fake Out|p2b: Urshifu\n|-damage|p2b: Urshifu|9\/100\n|move|p2b: Urshifu|Surging Strikes|p1b: Calyrex\n|-resisted|p1b: Calyrex\n|-crit|p1b: Calyrex\n|-damage|p1b: Calyrex|27\/100\n|-resisted|p1b: Calyrex\n|-crit|p1b: Calyrex\n|-damage|p1b: Calyrex|20\/100\n|-resisted|p1b: Calyrex\n|-crit|p1b: Calyrex\n|-damage|p1b: Calyrex|13\/100\n|-hitcount|p1b: Calyrex|3\n|move|p2a: Calyrex|Glacial Lance|p1a: Incineroar|[spread] p1a,p1b\n|-resisted|p1a: Incineroar\n|-resisted|p1b: Calyrex\n|-damage|p1a: Incineroar|19\/100\n|-damage|p1b: Calyrex|0 fnt\n|faint|p1b: Calyrex\n|-ability|p2a: Calyrex|Chilling Neigh|boost\n|-boost|p2a: Calyrex|atk|1\n|\n|upkeep\n|\n|t:|1721938114\n|switch|p1b: Mienshao|Mienshao, L50, F|100\/100\n|turn|6\n|inactive|koji muranishi has 30 seconds left.\n|\n|t:|1721938142\n|switch|p1a: Amoonguss|Amoonguss, L50, F|57\/100\n|move|p2b: Urshifu|Detect|p2b: Urshifu\n|-singleturn|p2b: Urshifu|Protect\n|move|p1b: Mienshao|Close Combat|p2a: Calyrex\n|-supereffective|p2a: Calyrex\n|-damage|p2a: Calyrex|0 fnt\n|-unboost|p1b: Mienshao|def|1\n|-unboost|p1b: Mienshao|spd|1\n|faint|p2a: Calyrex\n|\n|upkeep\n|\n|t:|1721938154\n|switch|p2a: Raging Bolt|Raging Bolt, L50|100\/100\n|turn|7\n|\n|t:|1721938170\n|move|p1a: Amoonguss|Rage Powder|p1a: Amoonguss\n|-singleturn|p1a: Amoonguss|move: Rage Powder\n|move|p1b: Mienshao|Close Combat|p2b: Urshifu\n|-damage|p2b: Urshifu|0 fnt\n|-unboost|p1b: Mienshao|def|1\n|-unboost|p1b: Mienshao|spd|1\n|faint|p2b: Urshifu\n|move|p2a: Raging Bolt|Draco Meteor|p1a: Amoonguss\n|-damage|p1a: Amoonguss|0 fnt\n|-unboost|p2a: Raging Bolt|spa|2\n|faint|p1a: Amoonguss\n|-damage|p2a: Raging Bolt|91\/100|[from] item: Life Orb\n|\n|upkeep\n|\n|t:|1721938173\n|switch|p1a: Incineroar|Incineroar, L50, M|19\/100\n|-ability|p1a: Incineroar|Intimidate|boost\n|-unboost|p2a: Raging Bolt|atk|1\n|turn|8\n|\n|t:|1721938188\n|move|p2a: Raging Bolt|Protect|p2a: Raging Bolt\n|-singleturn|p2a: Raging Bolt|Protect\n|move|p1a: Incineroar|Fake Out|p2a: Raging Bolt\n|-activate|p2a: Raging Bolt|move: Protect\n|move|p1b: Mienshao|Feint|p2a: Raging Bolt\n|-activate|p2a: Raging Bolt|move: Feint\n|-damage|p2a: Raging Bolt|80\/100\n|\n|upkeep\n|turn|9\n|\n|t:|1721938199\n|move|p1b: Mienshao|Close Combat|p2a: Raging Bolt\n|-damage|p2a: Raging Bolt|19\/100\n|-unboost|p1b: Mienshao|def|1\n|-unboost|p1b: Mienshao|spd|1\n|move|p2a: Raging Bolt|Thunderbolt|p1a: Incineroar\n|-damage|p1a: Incineroar|0 fnt\n|faint|p1a: Incineroar\n|-damage|p2a: Raging Bolt|9\/100|[from] item: Life Orb\n|\n|upkeep\n|turn|10\n|\n|t:|1721938210\n|move|p2a: Raging Bolt|Thunderclap|p1b: Mienshao\n|-enditem|p1b: Mienshao|Focus Sash\n|-damage|p1b: Mienshao|1\/100\n|-damage|p2a: Raging Bolt|0 fnt|[from] item: Life Orb\n|faint|p2a: Raging Bolt\n|-end|p2a: Raging Bolt|Protosynthesis|[silent]\n|\n|win|42 t\n|raw|42 t's rating: 1678 &rarr; <strong>1703<\/strong><br \/>(+25 for winning)\n|raw|koji muranishi's rating: 1768 &rarr; <strong>1743<\/strong><br \/>(-25 for losing)\n|l|\u2606koji muranishi\n|player|p2|\n|l|\u260642 t\n|player|p1|\n","uploadtime":1721938477,"views":13,"formatid":"gen9vgc2024regg","rating":1703,"private":0,"password":null}