{"id":"gen9vgc2024regg-2167244437","format":"[Gen 9] VGC 2024 Reg G","players":["Zenchaos","Krisuerte"],"log":"|j|\u2606Zenchaos\n|j|\u2606Krisuerte\n|t:|1721920870\n|gametype|doubles\n|player|p1|Zenchaos|265|1730\n|player|p2|Krisuerte|266|1699\n|teamsize|p1|6\n|teamsize|p2|6\n|gen|9\n|tier|[Gen 9] VGC 2024 Reg G\n|rated|\n|rule|Species Clause: Limit one of each Pok\u00e9mon\n|rule|Item Clause: Limit one of each item\n|clearpoke\n|poke|p1|Incineroar, L50, M|\n|poke|p1|Rillaboom, L50, F|\n|poke|p1|Calyrex-Ice, L50|\n|poke|p1|Urshifu-*, L50, M|\n|poke|p1|Pelipper, L50, F|\n|poke|p1|Raging Bolt, L50|\n|poke|p2|Groudon, L50|\n|poke|p2|Gouging Fire, L50|\n|poke|p2|Raging Bolt, L50|\n|poke|p2|Flutter Mane, L50|\n|poke|p2|Walking Wake, L50|\n|poke|p2|Urshifu-*, L50, M|\n|teampreview|4\n|\n|t:|1721920888\n|start\n|switch|p1a: Incineroar|Incineroar, L50, M, shiny|100\/100\n|switch|p1b: Calyrex|Calyrex-Ice, L50|100\/100\n|switch|p2a: Flutter Mane|Flutter Mane, L50|100\/100\n|switch|p2b: Urshifu|Urshifu, L50, M|100\/100\n|-ability|p1b: Calyrex|As One\n|-ability|p1b: Calyrex|Unnerve\n|-ability|p1a: Incineroar|Intimidate|boost\n|-unboost|p2a: Flutter Mane|atk|1\n|-unboost|p2b: Urshifu|atk|1\n|turn|1\n|inactive|Battle timer is ON: inactive players will automatically lose when time's up. (requested by Zenchaos)\n|\n|t:|1721920915\n|-terastallize|p2b: Urshifu|Ghost\n|-terastallize|p1b: Calyrex|Water\n|move|p2a: Flutter Mane|Moonblast|p1b: Calyrex\n|-damage|p1b: Calyrex|70\/100\n|move|p2b: Urshifu|Wicked Blow|p1b: Calyrex\n|-crit|p1b: Calyrex\n|-damage|p1b: Calyrex|15\/100\n|move|p1a: Incineroar|Knock Off|p2a: Flutter Mane\n|-damage|p2a: Flutter Mane|1\/100\n|-enditem|p2a: Flutter Mane|Focus Sash|[from] move: Knock Off|[of] p1a: Incineroar\n|move|p1b: Calyrex|Trick Room|p1b: Calyrex\n|-fieldstart|move: Trick Room|[of] p1b: Calyrex\n|\n|upkeep\n|turn|2\n|j| rabbithorn01\n|\n|t:|1721920936\n|switch|p1b: Rillaboom|Rillaboom, L50, F, shiny|100\/100\n|-fieldstart|move: Grassy Terrain|[from] ability: Grassy Surge|[of] p1b: Rillaboom\n|move|p1a: Incineroar|Knock Off|p2b: Urshifu\n|-supereffective|p2b: Urshifu\n|-damage|p2b: Urshifu|23\/100\n|-enditem|p2b: Urshifu|Choice Band|[from] move: Knock Off|[of] p1a: Incineroar\n|move|p2b: Urshifu|Wicked Blow|p1b: Rillaboom\n|-crit|p1b: Rillaboom\n|-damage|p1b: Rillaboom|44\/100\n|move|p2a: Flutter Mane|Trick Room|p2a: Flutter Mane\n|-fieldend|move: Trick Room\n|\n|-heal|p2a: Flutter Mane|7\/100|[from] Grassy Terrain\n|-heal|p2b: Urshifu|29\/100|[from] Grassy Terrain\n|-heal|p1b: Rillaboom|50\/100|[from] Grassy Terrain\n|upkeep\n|turn|3\n|\n|t:|1721920960\n|-end|p2a: Flutter Mane|Protosynthesis|[silent]\n|switch|p2a: Raging Bolt|Raging Bolt, L50|100\/100\n|move|p1b: Rillaboom|Grassy Glide|p2b: Urshifu\n|-damage|p2b: Urshifu|0 fnt\n|faint|p2b: Urshifu\n|move|p1a: Incineroar|Knock Off|p2a: Raging Bolt\n|-damage|p2a: Raging Bolt|66\/100\n|-enditem|p2a: Raging Bolt|Leftovers|[from] move: Knock Off|[of] p1a: Incineroar\n|\n|-heal|p1b: Rillaboom|56\/100|[from] Grassy Terrain\n|-heal|p2a: Raging Bolt|72\/100|[from] Grassy Terrain\n|upkeep\n|\n|t:|1721920974\n|switch|p2b: Groudon|Groudon, L50|100\/100\n|-weather|SunnyDay|[from] ability: Drought|[of] p2b: Groudon\n|-activate|p2a: Raging Bolt|ability: Protosynthesis\n|-start|p2a: Raging Bolt|protosynthesisspa\n|turn|4\n|inactive|Zenchaos has 30 seconds left.\n|\n|t:|1721921000\n|switch|p1a: Calyrex|Calyrex-Ice, L50, tera:Water|15\/100\n|-ability|p1a: Calyrex|As One\n|-ability|p1a: Calyrex|Unnerve\n|move|p1b: Rillaboom|U-turn|p2a: Raging Bolt\n|-damage|p2a: Raging Bolt|53\/100\n|\n|t:|1721921005\n|switch|p1b: Pelipper|Pelipper, L50, F, shiny|100\/100|[from] U-turn\n|-weather|RainDance|[from] ability: Drizzle|[of] p1b: Pelipper\n|-end|p2a: Raging Bolt|Protosynthesis\n|move|p2a: Raging Bolt|Thunderbolt|p1a: Calyrex\n|-supereffective|p1a: Calyrex\n|-crit|p1a: Calyrex\n|-damage|p1a: Calyrex|0 fnt\n|faint|p1a: Calyrex\n|move|p2b: Groudon|Heat Crash|p1b: Pelipper\n|-resisted|p1b: Pelipper\n|-damage|p1b: Pelipper|85\/100\n|\n|-weather|RainDance|[upkeep]\n|-heal|p2a: Raging Bolt|59\/100|[from] Grassy Terrain\n|upkeep\n|j| anticaly\n|\n|t:|1721921014\n|switch|p1a: Incineroar|Incineroar, L50, M, shiny|100\/100\n|-ability|p1a: Incineroar|Intimidate|boost\n|-unboost|p2a: Raging Bolt|atk|1\n|-unboost|p2b: Groudon|atk|1\n|turn|5\n|inactive|Krisuerte has 30 seconds left.\n|\n|t:|1721921045\n|switch|p2b: Flutter Mane|Flutter Mane, L50|7\/100\n|move|p2a: Raging Bolt|Protect|p2a: Raging Bolt\n|-singleturn|p2a: Raging Bolt|Protect\n|move|p1a: Incineroar|Fake Out|p2a: Raging Bolt\n|-activate|p2a: Raging Bolt|move: Protect\n|move|p1b: Pelipper|Weather Ball|p2b: Flutter Mane\n|-damage|p2b: Flutter Mane|0 fnt\n|faint|p2b: Flutter Mane\n|-end|p2b: Flutter Mane|Protosynthesis|[silent]\n|\n|-weather|RainDance|[upkeep]\n|-heal|p2a: Raging Bolt|65\/100|[from] Grassy Terrain\n|upkeep\n|\n|t:|1721921060\n|switch|p2b: Groudon|Groudon, L50|100\/100\n|-weather|SunnyDay|[from] ability: Drought|[of] p2b: Groudon\n|-activate|p2a: Raging Bolt|ability: Protosynthesis\n|-start|p2a: Raging Bolt|protosynthesisspa\n|turn|6\n|\n|t:|1721921075\n|move|p1b: Pelipper|Wide Guard|p1b: Pelipper\n|-singleturn|p1b: Pelipper|Wide Guard\n|move|p2a: Raging Bolt|Thunderbolt|p1b: Pelipper\n|-supereffective|p1b: Pelipper\n|-damage|p1b: Pelipper|0 fnt\n|faint|p1b: Pelipper\n|move|p1a: Incineroar|Parting Shot|p2a: Raging Bolt\n|-unboost|p2a: Raging Bolt|atk|1\n|-unboost|p2a: Raging Bolt|spa|1\n|\n|t:|1721921079\n|switch|p1a: Rillaboom|Rillaboom, L50, F, shiny|56\/100|[from] Parting Shot\n|move|p2b: Groudon|Precipice Blades|p1a: Rillaboom\n|-activate|p1a: Rillaboom|move: Wide Guard\n|\n|-weather|SunnyDay|[upkeep]\n|-heal|p1a: Rillaboom|62\/100|[from] Grassy Terrain\n|-heal|p2a: Raging Bolt|71\/100|[from] Grassy Terrain\n|-fieldend|move: Grassy Terrain\n|upkeep\n|\n|t:|1721921081\n|switch|p1b: Incineroar|Incineroar, L50, M, shiny|100\/100\n|-ability|p1b: Incineroar|Intimidate|boost\n|-unboost|p2a: Raging Bolt|atk|1\n|-unboost|p2b: Groudon|atk|1\n|turn|7\n|inactive|Krisuerte has 30 seconds left.\n|\n|t:|1721921107\n|move|p1b: Incineroar|Fake Out|p2a: Raging Bolt\n|-damage|p2a: Raging Bolt|62\/100\n|move|p1a: Rillaboom|Wood Hammer|p2b: Groudon\n|-supereffective|p2b: Groudon\n|-damage|p2b: Groudon|14\/100\n|-damage|p1a: Rillaboom|33\/100|[from] Recoil\n|cant|p2a: Raging Bolt|flinch\n|move|p2b: Groudon|Heat Crash|p1a: Rillaboom\n|-supereffective|p1a: Rillaboom\n|-damage|p1a: Rillaboom|0 fnt\n|faint|p1a: Rillaboom\n|\n|-weather|SunnyDay|[upkeep]\n|upkeep\n|turn|8\n|\n|t:|1721921125\n|move|p2a: Raging Bolt|Thunderbolt|p1b: Incineroar\n|-damage|p1b: Incineroar|60\/100\n|move|p2b: Groudon|Precipice Blades|p1b: Incineroar\n|-supereffective|p1b: Incineroar\n|-damage|p1b: Incineroar|0 fnt\n|faint|p1b: Incineroar\n|\n|win|Krisuerte\n|raw|Zenchaos's rating: 1730 &rarr; <strong>1708<\/strong><br \/>(-22 for losing)\n|raw|Krisuerte's rating: 1699 &rarr; <strong>1721<\/strong><br \/>(+22 for winning)\n|l|\u2606Zenchaos\n|player|p1|\n|l|\u2606Krisuerte\n|player|p2|\n","uploadtime":1721921138,"views":20,"formatid":"gen9vgc2024regg","rating":1708,"private":0,"password":null}