{"id":"gen9vgc2024regg-2168978671","format":"[Gen 9] VGC 2024 Reg G","players":["dcerza127","Krisuerte"],"log":"|j|\u2606dcerza127\n|j|\u2606Krisuerte\n|t:|1722182397\n|gametype|doubles\n|player|p1|dcerza127|101|1667\n|player|p2|Krisuerte|169|1793\n|teamsize|p1|6\n|teamsize|p2|6\n|gen|9\n|tier|[Gen 9] VGC 2024 Reg G\n|rated|\n|rule|Species Clause: Limit one of each Pok\u00e9mon\n|rule|Item Clause: Limit one of each item\n|clearpoke\n|poke|p1|Calyrex-Shadow, L50|\n|poke|p1|Clefairy, L50, F|\n|poke|p1|Rillaboom, L50, F|\n|poke|p1|Incineroar, L50, F|\n|poke|p1|Urshifu-*, L50, F|\n|poke|p1|Pelipper, L50, F|\n|poke|p2|Groudon, L50|\n|poke|p2|Gouging Fire, L50|\n|poke|p2|Raging Bolt, L50|\n|poke|p2|Flutter Mane, L50|\n|poke|p2|Walking Wake, L50|\n|poke|p2|Urshifu-*, L50, F|\n|teampreview|4\n|inactive|Battle timer is ON: inactive players will automatically lose when time's up. (requested by dcerza127)\n|\n|t:|1722182422\n|start\n|switch|p1a: Calyrex|Calyrex-Shadow, L50|100\/100\n|switch|p1b: Rillaboom|Rillaboom, L50, F|100\/100\n|switch|p2a: Groudon|Groudon, L50|100\/100\n|switch|p2b: Flutter Mane|Flutter Mane, L50|100\/100\n|-ability|p1a: Calyrex|As One\n|-ability|p1a: Calyrex|Unnerve\n|-fieldstart|move: Grassy Terrain|[from] ability: Grassy Surge|[of] p1b: Rillaboom\n|-weather|SunnyDay|[from] ability: Drought|[of] p2a: Groudon\n|-activate|p2b: Flutter Mane|ability: Protosynthesis\n|-start|p2b: Flutter Mane|protosynthesisspe\n|turn|1\n|inactive|Krisuerte has 30 seconds left.\n|\n|t:|1722182450\n|switch|p1b: Pelipper|Pelipper, L50, F|100\/100\n|-weather|RainDance|[from] ability: Drizzle|[of] p1b: Pelipper\n|-end|p2b: Flutter Mane|Protosynthesis\n|-terastallize|p1a: Calyrex|Ghost\n|-terastallize|p2a: Groudon|Fire\n|move|p1a: Calyrex|Astral Barrage|p2b: Flutter Mane|[spread] p2a,p2b\n|-supereffective|p2b: Flutter Mane\n|-damage|p2a: Groudon|51\/100\n|-enditem|p2b: Flutter Mane|Focus Sash\n|-damage|p2b: Flutter Mane|1\/100\n|move|p2a: Groudon|Heat Crash|p1b: Pelipper\n|-resisted|p1b: Pelipper\n|-damage|p1b: Pelipper|79\/100\n|move|p2b: Flutter Mane|Trick Room|p2b: Flutter Mane\n|-fieldstart|move: Trick Room|[of] p2b: Flutter Mane\n|\n|-weather|RainDance|[upkeep]\n|-heal|p2a: Groudon|57\/100|[from] Grassy Terrain\n|-heal|p2b: Flutter Mane|7\/100|[from] Grassy Terrain\n|upkeep\n|turn|2\n|inactive|dcerza127 has 30 seconds left.\n|inactive|Krisuerte has 30 seconds left.\n|inactive|Krisuerte has 20 seconds left.\n|inactive|dcerza127 has 20 seconds left.\n|\n|t:|1722182490\n|switch|p1b: Clefairy|Clefairy, L50, F|100\/100\n|-end|p2b: Flutter Mane|Protosynthesis|[silent]\n|switch|p2b: Raging Bolt|Raging Bolt, L50|100\/100\n|move|p2a: Groudon|Thunder Punch|p1b: Clefairy\n|-damage|p1b: Clefairy|74\/100\n|move|p1a: Calyrex|Astral Barrage|p2a: Groudon|[spread] p2a,p2b\n|-damage|p2a: Groudon|13\/100\n|-damage|p2b: Raging Bolt|34\/100\n|\n|-weather|RainDance|[upkeep]\n|-heal|p1b: Clefairy|80\/100|[from] Grassy Terrain\n|-heal|p2a: Groudon|18\/100|[from] Grassy Terrain\n|-heal|p2b: Raging Bolt|40\/100|[from] Grassy Terrain\n|-heal|p2b: Raging Bolt|46\/100|[from] item: Leftovers\n|upkeep\n|turn|3\n|j| 71025jy\n|inactive|Krisuerte has 30 seconds left.\n|\n|t:|1722182517\n|move|p1b: Clefairy|After You|p1a: Calyrex\n|-activate|p1a: Calyrex|move: After You\n|move|p1a: Calyrex|Astral Barrage|p2b: Raging Bolt|[spread] p2a,p2b\n|-damage|p2a: Groudon|0 fnt\n|-damage|p2b: Raging Bolt|0 fnt\n|faint|p2a: Groudon\n|faint|p2b: Raging Bolt\n|-end|p2b: Raging Bolt|Protosynthesis|[silent]\n|-ability|p1a: Calyrex|Grim Neigh|boost\n|-boost|p1a: Calyrex|spa|2\n|\n|-weather|RainDance|[upkeep]\n|-heal|p1b: Clefairy|86\/100|[from] Grassy Terrain\n|upkeep\n|\n|t:|1722182530\n|switch|p2a: Walking Wake|Walking Wake, L50|100\/100\n|switch|p2b: Flutter Mane|Flutter Mane, L50|7\/100\n|turn|4\n|\n|t:|1722182542\n|move|p2b: Flutter Mane|Protect|p2b: Flutter Mane\n|-singleturn|p2b: Flutter Mane|Protect\n|move|p1b: Clefairy|After You|p1a: Calyrex\n|-activate|p1a: Calyrex|move: After You\n|move|p1a: Calyrex|Astral Barrage|p2a: Walking Wake|[spread] p2a\n|-activate|p2b: Flutter Mane|move: Protect\n|-damage|p2a: Walking Wake|0 fnt\n|faint|p2a: Walking Wake\n|-end|p2a: Walking Wake|Protosynthesis|[silent]\n|-ability|p1a: Calyrex|Grim Neigh|boost\n|-boost|p1a: Calyrex|spa|1\n|\n|-weather|RainDance|[upkeep]\n|-heal|p1b: Clefairy|92\/100|[from] Grassy Terrain\n|-heal|p2b: Flutter Mane|13\/100|[from] Grassy Terrain\n|upkeep\n|turn|5\n|-message|Krisuerte forfeited.\n|\n|win|dcerza127\n|raw|dcerza127's rating: 1667 &rarr; <strong>1694<\/strong><br \/>(+27 for winning)\n|raw|Krisuerte's rating: 1793 &rarr; <strong>1766<\/strong><br \/>(-27 for losing)\n|l|\u2606Krisuerte\n|player|p2|\n|l| 71025jy\n","uploadtime":1722182720,"views":7,"formatid":"gen9vgc2024regg","rating":1694,"private":0,"password":null}