{"id":"gen9vgc2024regg-2168766849","format":"[Gen 9] VGC 2024 Reg G","players":["Paradox Mourinho","ShdwempV2"],"log":"|j|\u2606Paradox Mourinho\n|j|\u2606ShdwempV2\n|t:|1722143246\n|gametype|doubles\n|player|p1|Paradox Mourinho|lance|1746\n|player|p2|ShdwempV2|cynthia-masters|1763\n|teamsize|p1|6\n|teamsize|p2|6\n|gen|9\n|tier|[Gen 9] VGC 2024 Reg G\n|rated|\n|rule|Species Clause: Limit one of each Pok\u00e9mon\n|rule|Item Clause: Limit one of each item\n|clearpoke\n|poke|p1|Calyrex-Shadow, L50|\n|poke|p1|Maushold, L50|\n|poke|p1|Tatsugiri, L50, M|\n|poke|p1|Dondozo, L50, M|\n|poke|p1|Mienshao, L50, F|\n|poke|p1|Weezing-Galar, L50, F|\n|poke|p2|Incineroar, L50, M|\n|poke|p2|Rillaboom, L50, M|\n|poke|p2|Kyogre, L50|\n|poke|p2|Tornadus, L50, M|\n|poke|p2|Landorus, L50, M|\n|poke|p2|Urshifu-*, L50, M|\n|teampreview|4\n|inactive|Battle timer is ON: inactive players will automatically lose when time's up. (requested by Paradox Mourinho)\n|j| InstantFe\n|\n|t:|1722143271\n|start\n|switch|p1a: Calyrex|Calyrex-Shadow, L50|100\/100\n|switch|p1b: Weezing|Weezing-Galar, L50, F|100\/100\n|switch|p2a: Tornadus|Tornadus, L50, M, shiny|100\/100\n|switch|p2b: Kyogre|Kyogre, L50, shiny|100\/100\n|-ability|p1a: Calyrex|As One\n|-ability|p1a: Calyrex|Unnerve\n|-ability|p1b: Weezing|Neutralizing Gas\n|turn|1\n|\n|t:|1722143277\n|-terastallize|p1a: Calyrex|Ghost\n|move|p2b: Kyogre|Protect|p2b: Kyogre\n|-singleturn|p2b: Kyogre|Protect\n|move|p1a: Calyrex|Astral Barrage|p2b: Kyogre|[spread] p2a\n|-activate|p2b: Kyogre|move: Protect\n|-damage|p2a: Tornadus|0 fnt\n|faint|p2a: Tornadus\n|-ability|p1a: Calyrex|Grim Neigh|boost\n|-boost|p1a: Calyrex|spa|1\n|move|p1b: Weezing|Sludge Bomb|p2b: Kyogre\n|-activate|p2b: Kyogre|move: Protect\n|\n|upkeep\n|\n|t:|1722143282\n|switch|p2a: Urshifu|Urshifu, L50, M|100\/100\n|turn|2\n|inactive|Paradox Mourinho has 30 seconds left.\n|\n|t:|1722143315\n|switch|p1a: Tatsugiri|Tatsugiri, L50, M|100\/100\n|move|p2a: Urshifu|Sucker Punch||[still]\n|-fail|p2a: Urshifu\n|move|p2b: Kyogre|Water Spout|p1a: Tatsugiri|[spread] p1a,p1b\n|-resisted|p1a: Tatsugiri\n|-damage|p1a: Tatsugiri|87\/100\n|-damage|p1b: Weezing|20\/100\n|-enditem|p1b: Weezing|Sitrus Berry|[eat]\n|-heal|p1b: Weezing|45\/100|[from] item: Sitrus Berry\n|move|p1b: Weezing|Strange Steam|p2a: Urshifu\n|-supereffective|p2a: Urshifu\n|-enditem|p2a: Urshifu|Focus Sash\n|-damage|p2a: Urshifu|1\/100\n|\n|upkeep\n|turn|3\n|\n|t:|1722143338\n|move|p2a: Urshifu|Detect|p2a: Urshifu\n|-singleturn|p2a: Urshifu|Protect\n|move|p2b: Kyogre|Water Spout|p1a: Tatsugiri|[spread] p1a,p1b\n|-resisted|p1a: Tatsugiri\n|-damage|p1a: Tatsugiri|72\/100\n|-damage|p1b: Weezing|0 fnt\n|faint|p1b: Weezing\n|-end|p1b: Weezing|ability: Neutralizing Gas\n|-weather|RainDance|[from] ability: Drizzle|[of] p2b: Kyogre\n|move|p1a: Tatsugiri|Icy Wind|p2b: Kyogre|[spread] p2b\n|-activate|p2a: Urshifu|move: Protect\n|-resisted|p2b: Kyogre\n|-damage|p2b: Kyogre|96\/100\n|-unboost|p2b: Kyogre|spe|1\n|\n|-weather|RainDance|[upkeep]\n|upkeep\n|\n|t:|1722143343\n|switch|p1b: Dondozo|Dondozo, L50, M|100\/100\n|-activate|p1a: Tatsugiri|ability: Commander|[of] p1b: Dondozo\n|-boost|p1b: Dondozo|atk|2\n|-boost|p1b: Dondozo|spa|2\n|-boost|p1b: Dondozo|spe|2\n|-boost|p1b: Dondozo|def|2\n|-boost|p1b: Dondozo|spd|2\n|turn|4\n|\n|t:|1722143351\n|switch|p2a: Rillaboom|Rillaboom, L50, M, shiny|100\/100\n|-fieldstart|move: Grassy Terrain|[from] ability: Grassy Surge|[of] p2a: Rillaboom\n|move|p1b: Dondozo|Order Up|p2a: Rillaboom\n|-damage|p2a: Rillaboom|57\/100\n|-boost|p1b: Dondozo|atk|1\n|move|p2b: Kyogre|Origin Pulse|p1a: Tatsugiri|[spread] p1b\n|-miss|p2b: Kyogre|p1a: Tatsugiri\n|-resisted|p1b: Dondozo\n|-damage|p1b: Dondozo|83\/100\n|\n|-weather|RainDance|[upkeep]\n|-heal|p1a: Tatsugiri|78\/100|[from] Grassy Terrain\n|-heal|p1b: Dondozo|89\/100|[from] Grassy Terrain\n|-heal|p1b: Dondozo|95\/100|[from] item: Leftovers\n|-heal|p2a: Rillaboom|62\/100|[from] Grassy Terrain\n|-heal|p2b: Kyogre|100\/100|[from] Grassy Terrain\n|upkeep\n|turn|5\n|\n|t:|1722143361\n|move|p2a: Rillaboom|Fake Out|p1b: Dondozo\n|-damage|p1b: Dondozo|90\/100\n|cant|p1b: Dondozo|flinch\n|move|p2b: Kyogre|Origin Pulse|p1b: Dondozo|[spread] \n|-miss|p2b: Kyogre|p1a: Tatsugiri\n|-miss|p2b: Kyogre|p1b: Dondozo\n|\n|-weather|RainDance|[upkeep]\n|-heal|p1a: Tatsugiri|84\/100|[from] Grassy Terrain\n|-heal|p1b: Dondozo|96\/100|[from] Grassy Terrain\n|-heal|p1b: Dondozo|100\/100|[from] item: Leftovers\n|-heal|p2a: Rillaboom|68\/100|[from] Grassy Terrain\n|upkeep\n|turn|6\n|\n|t:|1722143367\n|move|p1b: Dondozo|Wave Crash|p2a: Rillaboom\n|-resisted|p2a: Rillaboom\n|-damage|p2a: Rillaboom|0 fnt\n|faint|p2a: Rillaboom\n|-damage|p1b: Dondozo|81\/100|[from] Recoil\n|move|p2b: Kyogre|Origin Pulse|p1a: Tatsugiri|[spread] p1b\n|-miss|p2b: Kyogre|p1a: Tatsugiri\n|-resisted|p1b: Dondozo\n|-crit|p1b: Dondozo\n|-damage|p1b: Dondozo|28\/100\n|\n|-weather|RainDance|[upkeep]\n|-heal|p1a: Tatsugiri|90\/100|[from] Grassy Terrain\n|-heal|p1b: Dondozo|34\/100|[from] Grassy Terrain\n|-heal|p1b: Dondozo|40\/100|[from] item: Leftovers\n|upkeep\n|\n|t:|1722143376\n|switch|p2a: Urshifu|Urshifu, L50, M|1\/100\n|turn|7\n|\n|t:|1722143381\n|-terastallize|p2a: Urshifu|Dark\n|move|p2a: Urshifu|Sucker Punch|p1b: Dondozo\n|-damage|p1b: Dondozo|21\/100\n|move|p1b: Dondozo|Order Up|p2a: Urshifu\n|-damage|p2a: Urshifu|0 fnt\n|faint|p2a: Urshifu\n|-boost|p1b: Dondozo|atk|1\n|move|p2b: Kyogre|Origin Pulse|p1b: Dondozo|[spread] p1b\n|-miss|p2b: Kyogre|p1a: Tatsugiri\n|-resisted|p1b: Dondozo\n|-damage|p1b: Dondozo|2\/100\n|\n|-weather|none\n|-heal|p1b: Dondozo|8\/100|[from] Grassy Terrain\n|-heal|p1a: Tatsugiri|95\/100|[from] Grassy Terrain\n|-heal|p1b: Dondozo|14\/100|[from] item: Leftovers\n|upkeep\n|turn|8\n|j| SpecsIronHands\n|\n|t:|1722143386\n|move|p1b: Dondozo|Protect|p1b: Dondozo\n|-singleturn|p1b: Dondozo|Protect\n|move|p2b: Kyogre|Origin Pulse|p1b: Dondozo|[spread] \n|-miss|p2b: Kyogre|p1a: Tatsugiri\n|-activate|p1b: Dondozo|move: Protect\n|\n|-heal|p1b: Dondozo|20\/100|[from] Grassy Terrain\n|-heal|p1a: Tatsugiri|100\/100|[from] Grassy Terrain\n|-heal|p1b: Dondozo|26\/100|[from] item: Leftovers\n|-fieldend|move: Grassy Terrain\n|upkeep\n|turn|9\n|\n|t:|1722143393\n|move|p1b: Dondozo|Order Up|p2b: Kyogre\n|-damage|p2b: Kyogre|16\/100\n|-boost|p1b: Dondozo|atk|1\n|move|p2b: Kyogre|Origin Pulse|p1a: Tatsugiri|[spread] p1b\n|-miss|p2b: Kyogre|p1a: Tatsugiri\n|-resisted|p1b: Dondozo\n|-damage|p1b: Dondozo|13\/100\n|\n|-heal|p1b: Dondozo|19\/100|[from] item: Leftovers\n|upkeep\n|turn|10\n|-message|ShdwempV2 forfeited.\n|\n|win|Paradox Mourinho\n|raw|Paradox Mourinho's rating: 1750 &rarr; <strong>1771<\/strong><br \/>(+21 for winning)\n|raw|ShdwempV2's rating: 1763 &rarr; <strong>1742<\/strong><br \/>(-21 for losing)\n|l|\u2606ShdwempV2\n|player|p2|\n","uploadtime":1722143543,"views":35,"formatid":"gen9vgc2024regg","rating":1742,"private":0,"password":null}