{"id":"gen9vgc2024regg-2168005603","format":"[Gen 9] VGC 2024 Reg G","players":["greenlightdmp","roseyradio"],"log":"|j|\u2606greenlightdmp\n|j|\u2606roseyradio\n|t:|1722024558\n|gametype|doubles\n|player|p1|greenlightdmp|1|1709\n|player|p2|roseyradio|skier|1808\n|teamsize|p1|6\n|teamsize|p2|6\n|gen|9\n|tier|[Gen 9] VGC 2024 Reg G\n|rated|\n|rule|Species Clause: Limit one of each Pok\u00e9mon\n|rule|Item Clause: Limit one of each item\n|clearpoke\n|poke|p1|Calyrex-Ice, L50|\n|poke|p1|Smeargle, L50, F|\n|poke|p1|Ursaluna-Bloodmoon, L50, M|\n|poke|p1|Indeedee-F, L50, F|\n|poke|p1|Amoonguss, L50, M|\n|poke|p1|Raging Bolt, L50|\n|poke|p2|Calyrex-Ice, L50|\n|poke|p2|Smeargle, L50, F|\n|poke|p2|Ursaluna-Bloodmoon, L50, M|\n|poke|p2|Indeedee-F, L50, F|\n|poke|p2|Amoonguss, L50, M|\n|poke|p2|Raging Bolt, L50|\n|teampreview|4\n|c|\u2606roseyradio|!!!\ngreenlightdmp has agreed to open team sheets.\nroseyradio has agreed to open team sheets.\n|c|\u2606roseyradio|Nice team!\n|inactive|Battle timer is ON: inactive players will automatically lose when time's up. (requested by greenlightdmp)\n|c|\u2606roseyradio|I see you\u2019re still fire on Guss\n|j| 2muksinatrenchcoat\n|\n|t:|1722024616\n|start\n|switch|p1a: Calyrex|Calyrex-Ice, L50|100\/100\n|switch|p1b: Smeargle|Smeargle, L50, F, shiny|100\/100\n|switch|p2a: Calyrex|Calyrex-Ice, L50|100\/100\n|switch|p2b: Smeargle|Smeargle, L50, F, shiny|100\/100\n|-ability|p1a: Calyrex|As One\n|-ability|p1a: Calyrex|Unnerve\n|-ability|p2a: Calyrex|As One\n|-ability|p2a: Calyrex|Unnerve\n|turn|1\n|c|\u2606greenlightdmp|Was I suppose to change it\n|c|\u2606roseyradio|Yea I think water is better\n|\n|t:|1722024636\n|move|p1a: Calyrex|Protect|p1a: Calyrex\n|-singleturn|p1a: Calyrex|Protect\n|move|p2b: Smeargle|Fake Out|p1b: Smeargle\n|-damage|p1b: Smeargle|93\/100\n|move|p2a: Calyrex|Glacial Lance|p1b: Smeargle|[spread] p1b\n|-activate|p1a: Calyrex|move: Protect\n|-damage|p1b: Smeargle|8\/100\n|cant|p1b: Smeargle|flinch\n|\n|upkeep\n|turn|2\n|inactive|greenlightdmp has 30 seconds left.\n|inactive|greenlightdmp has 20 seconds left.\n|\n|t:|1722024673\n|move|p1b: Smeargle|Follow Me|p1b: Smeargle\n|-singleturn|p1b: Smeargle|move: Follow Me\n|move|p2a: Calyrex|Glacial Lance|p1b: Smeargle|[spread] p1a,p1b\n|-resisted|p1a: Calyrex\n|-damage|p1a: Calyrex|83\/100\n|-damage|p1b: Smeargle|0 fnt\n|faint|p1b: Smeargle\n|-ability|p2a: Calyrex|Chilling Neigh|boost\n|-boost|p2a: Calyrex|atk|1\n|move|p2b: Smeargle|Spore|p1a: Calyrex\n|-status|p1a: Calyrex|slp|[from] move: Spore\n|cant|p1a: Calyrex|slp\n|\n|upkeep\n|\n|t:|1722024685\n|switch|p1b: Amoonguss|Amoonguss, L50, M|100\/100\n|turn|3\n|c|\u2606greenlightdmp|This is a lost\n|inactive|greenlightdmp has 30 seconds left.\n|c|\u2606roseyradio|Yea probably\n|\n|t:|1722024716\n|-terastallize|p1b: Amoonguss|Fire\n|move|p2a: Calyrex|Glacial Lance|p1a: Calyrex|[spread] p1a,p1b\n|-resisted|p1a: Calyrex\n|-resisted|p1b: Amoonguss\n|-damage|p1a: Calyrex|55\/100 slp\n|-damage|p1b: Amoonguss|69\/100\n|move|p2b: Smeargle|Spore|p1b: Amoonguss\n|-status|p1b: Amoonguss|slp|[from] move: Spore\n|cant|p1b: Amoonguss|slp\n|cant|p1a: Calyrex|slp\n|\n|upkeep\n|turn|4\n|c|\u2606roseyradio|Could get lucky sleep terns\n|\n|t:|1722024741\n|move|p2a: Calyrex|Glacial Lance|p1b: Amoonguss|[spread] p1a,p1b\n|-resisted|p1a: Calyrex\n|-resisted|p1b: Amoonguss\n|-damage|p1a: Calyrex|28\/100 slp\n|-damage|p1b: Amoonguss|36\/100 slp\n|move|p2b: Smeargle|Decorate|p2a: Calyrex\n|-boost|p2a: Calyrex|atk|2\n|-boost|p2a: Calyrex|spa|2\n|-curestatus|p1b: Amoonguss|slp|[msg]\n|move|p1b: Amoonguss|Spore|p2a: Calyrex\n|-status|p2a: Calyrex|slp|[from] move: Spore\n|-curestatus|p1a: Calyrex|slp|[msg]\n|move|p1a: Calyrex|Trick Room|p1a: Calyrex\n|-fieldstart|move: Trick Room|[of] p1a: Calyrex\n|\n|upkeep\n|turn|5\n|inactive|greenlightdmp has 30 seconds left.\n|inactive|greenlightdmp has 20 seconds left.\n|\n|t:|1722024779\n|-terastallize|p2b: Smeargle|Grass\n|move|p1b: Amoonguss|Spore|p2b: Smeargle\n|-immune|p2b: Smeargle\n|move|p2b: Smeargle|Spore|p1a: Calyrex\n|-status|p1a: Calyrex|slp|[from] move: Spore\n|cant|p1a: Calyrex|slp\n|cant|p2a: Calyrex|slp\n|\n|upkeep\n|turn|6\n|\n|t:|1722024795\n|move|p1b: Amoonguss|Pollen Puff|p1a: Calyrex\n|-heal|p1a: Calyrex|78\/100 slp\n|move|p2b: Smeargle|Spore|p1b: Amoonguss\n|-status|p1b: Amoonguss|slp|[from] move: Spore\n|cant|p1a: Calyrex|slp\n|cant|p2a: Calyrex|slp\n|\n|upkeep\n|turn|7\n|\n|t:|1722024816\n|cant|p1b: Amoonguss|slp\n|move|p2b: Smeargle|Decorate|p2a: Calyrex\n|-boost|p2a: Calyrex|atk|2\n|-boost|p2a: Calyrex|spa|2\n|-curestatus|p1a: Calyrex|slp|[msg]\n|move|p1a: Calyrex|Glacial Lance|p2a: Calyrex|[spread] p2a,p2b\n|-resisted|p2a: Calyrex\n|-supereffective|p2b: Smeargle\n|-damage|p2a: Calyrex|83\/100 slp\n|-enditem|p2b: Smeargle|Focus Sash\n|-damage|p2b: Smeargle|1\/100\n|cant|p2a: Calyrex|slp\n|\n|upkeep\n|turn|8\n|inactive|greenlightdmp has 30 seconds left.\n|c|\u2606roseyradio|I think it\u2019s over now tho\n|\n|t:|1722024851\n|-curestatus|p1b: Amoonguss|slp|[msg]\n|move|p1b: Amoonguss|Pollen Puff|p2b: Smeargle\n|-supereffective|p2b: Smeargle\n|-damage|p2b: Smeargle|0 fnt\n|faint|p2b: Smeargle\n|move|p1a: Calyrex|Glacial Lance|p2a: Calyrex\n|-resisted|p2a: Calyrex\n|-damage|p2a: Calyrex|59\/100 slp\n|-curestatus|p2a: Calyrex|slp|[msg]\n|move|p2a: Calyrex|Glacial Lance|p1b: Amoonguss|[spread] p1a,p1b\n|-resisted|p1a: Calyrex\n|-crit|p1a: Calyrex\n|-resisted|p1b: Amoonguss\n|-damage|p1a: Calyrex|0 fnt\n|-damage|p1b: Amoonguss|0 fnt\n|faint|p1a: Calyrex\n|faint|p1b: Amoonguss\n|-ability|p2a: Calyrex|Chilling Neigh|boost\n|-boost|p2a: Calyrex|atk|1\n|\n|-fieldend|move: Trick Room\n|upkeep\n|\n|t:|1722024865\n|switch|p2b: Rich|Ursaluna-Bloodmoon, L50, M|100\/100\n|switch|p1b: Ursaluna|Ursaluna-Bloodmoon, L50, M|100\/100\n|turn|9\n|c|\u2606roseyradio|Gg bro\n|l| 2muksinatrenchcoat\n|c|\u2606greenlightdmp|I played my out\n|\n|t:|1722024885\n|move|p2a: Calyrex|Glacial Lance|p1b: Ursaluna\n|-supereffective|p1b: Ursaluna\n|-damage|p1b: Ursaluna|0 fnt\n|faint|p1b: Ursaluna\n|\n|win|roseyradio\n|raw|greenlightdmp's rating: 1709 &rarr; <strong>1695<\/strong><br \/>(-14 for losing)\n|raw|roseyradio's rating: 1808 &rarr; <strong>1822<\/strong><br \/>(+14 for winning)\n|l|\u2606greenlightdmp\n|player|p1|\n|l|\u2606roseyradio\n|player|p2|\n","uploadtime":1722025027,"views":10,"formatid":"gen9vgc2024regg","rating":1695,"private":0,"password":null}