{"id":"gen9vgc2024regg-2168592532","format":"[Gen 9] VGC 2024 Reg G","players":["kiwigal","SkeenVGC"],"log":"|j|\u2606kiwigal\n|j|\u2606SkeenVGC\n|t:|1722116793\n|gametype|doubles\n|player|p1|kiwigal|emma|1782\n|player|p2|SkeenVGC|102|1721\n|teamsize|p1|6\n|teamsize|p2|6\n|gen|9\n|tier|[Gen 9] VGC 2024 Reg G\n|rated|\n|rule|Species Clause: Limit one of each Pok\u00e9mon\n|rule|Item Clause: Limit one of each item\n|clearpoke\n|poke|p1|Maushold, L50|\n|poke|p1|Calyrex-Shadow, L50|\n|poke|p1|Raging Bolt, L50|\n|poke|p1|Rillaboom, L50, M|\n|poke|p1|Grimmsnarl, L50, M|\n|poke|p1|Urshifu-*, L50, F|\n|poke|p2|Calyrex-Ice, L50|\n|poke|p2|Incineroar, L50, M|\n|poke|p2|Rillaboom, L50, M|\n|poke|p2|Urshifu-*, L50, M|\n|poke|p2|Pelipper, L50, M|\n|poke|p2|Raging Bolt, L50|\n|teampreview|4\n|inactive|Battle timer is ON: inactive players will automatically lose when time's up. (requested by SkeenVGC)\n|j| Anthony J Poveda\n|\n|t:|1722116820\n|start\n|switch|p1a: Calyrex|Calyrex-Shadow, L50|100\/100\n|switch|p1b: Rillaboom|Rillaboom, L50, M|100\/100\n|switch|p2a: Calyrex|Calyrex-Ice, L50|100\/100\n|switch|p2b: Urshifu|Urshifu-Rapid-Strike, L50, M|100\/100\n|-ability|p1a: Calyrex|As One\n|-ability|p1a: Calyrex|Unnerve\n|-ability|p2a: Calyrex|As One\n|-ability|p2a: Calyrex|Unnerve\n|-fieldstart|move: Grassy Terrain|[from] ability: Grassy Surge|[of] p1b: Rillaboom\n|-enditem|p1a: Calyrex|Grassy Seed\n|-boost|p1a: Calyrex|def|1|[from] item: Grassy Seed\n|turn|1\n|\n|t:|1722116842\n|switch|p2b: Incineroar|Incineroar, L50, M, shiny|100\/100\n|-ability|p2b: Incineroar|Intimidate|boost\n|-unboost|p1a: Calyrex|atk|1\n|-unboost|p1b: Rillaboom|atk|1\n|-terastallize|p2a: Calyrex|Fire\n|move|p1b: Rillaboom|Fake Out|p2b: Incineroar\n|-damage|p2b: Incineroar|91\/100\n|move|p1a: Calyrex|Astral Barrage|p2a: Calyrex|[spread] p2a,p2b\n|-resisted|p2b: Incineroar\n|-damage|p2a: Calyrex|65\/100\n|-damage|p2b: Incineroar|63\/100\n|move|p2a: Calyrex|Glacial Lance|p1b: Rillaboom|[spread] p1a,p1b\n|-supereffective|p1b: Rillaboom\n|-crit|p1b: Rillaboom\n|-damage|p1a: Calyrex|61\/100\n|-damage|p1b: Rillaboom|0 fnt\n|faint|p1b: Rillaboom\n|-ability|p2a: Calyrex|Chilling Neigh|boost\n|-boost|p2a: Calyrex|atk|1\n|\n|-heal|p1a: Calyrex|67\/100|[from] Grassy Terrain\n|-heal|p2b: Incineroar|69\/100|[from] Grassy Terrain\n|-heal|p2a: Calyrex|71\/100|[from] Grassy Terrain\n|upkeep\n|\n|t:|1722116848\n|switch|p1b: Grimmsnarl|Grimmsnarl, L50, M|100\/100\n|turn|2\n|\n|t:|1722116870\n|-terastallize|p1a: Calyrex|Fairy\n|move|p2b: Incineroar|Fake Out|p1b: Grimmsnarl\n|-damage|p1b: Grimmsnarl|91\/100\n|cant|p1b: Grimmsnarl|flinch\n|move|p1a: Calyrex|Calm Mind|p1a: Calyrex\n|-boost|p1a: Calyrex|spa|1\n|-boost|p1a: Calyrex|spd|1\n|move|p2a: Calyrex|Trick Room|p2a: Calyrex\n|-fieldstart|move: Trick Room|[of] p2a: Calyrex\n|\n|-heal|p2a: Calyrex|77\/100|[from] Grassy Terrain\n|-heal|p1b: Grimmsnarl|97\/100|[from] Grassy Terrain\n|-heal|p2b: Incineroar|75\/100|[from] Grassy Terrain\n|-heal|p1a: Calyrex|73\/100|[from] Grassy Terrain\n|upkeep\n|turn|3\n|\n|t:|1722116888\n|move|p1b: Grimmsnarl|Reflect|p1b: Grimmsnarl\n|-sidestart|p1: kiwigal|Reflect\n|move|p2a: Calyrex|Glacial Lance|p1a: Calyrex|[spread] p1a,p1b\n|-damage|p1a: Calyrex|36\/100\n|-damage|p1b: Grimmsnarl|44\/100\n|move|p2b: Incineroar|Parting Shot|p1a: Calyrex\n|-unboost|p1a: Calyrex|atk|1\n|-unboost|p1a: Calyrex|spa|1\n|\n|t:|1722116898\n|switch|p2b: Pelipper|Pelipper, L50, M, shiny|100\/100|[from] Parting Shot\n|-weather|RainDance|[from] ability: Drizzle|[of] p2b: Pelipper\n|move|p1a: Calyrex|Draining Kiss|p2b: Pelipper\n|-damage|p2b: Pelipper|34\/100\n|-heal|p1a: Calyrex|69\/100|[from] drain|[of] p2b: Pelipper\n|\n|-weather|RainDance|[upkeep]\n|-heal|p2a: Calyrex|83\/100|[from] Grassy Terrain\n|-heal|p1b: Grimmsnarl|50\/100|[from] Grassy Terrain\n|-heal|p1a: Calyrex|74\/100|[from] Grassy Terrain\n|upkeep\n|turn|4\n|\n|t:|1722116923\n|move|p1b: Grimmsnarl|Thunder Wave|p2a: Calyrex\n|-status|p2a: Calyrex|par\n|move|p2a: Calyrex|Glacial Lance|p1a: Calyrex|[spread] p1a,p1b\n|-damage|p1a: Calyrex|37\/100\n|-damage|p1b: Grimmsnarl|0 fnt\n|faint|p1b: Grimmsnarl\n|-ability|p2a: Calyrex|Chilling Neigh|boost\n|-boost|p2a: Calyrex|atk|1\n|move|p2b: Pelipper|Hurricane|p1a: Calyrex\n|-damage|p1a: Calyrex|10\/100\n|move|p1a: Calyrex|Draining Kiss|p2b: Pelipper\n|-damage|p2b: Pelipper|0 fnt\n|-heal|p1a: Calyrex|27\/100|[from] drain|[of] p2b: Pelipper\n|faint|p2b: Pelipper\n|-ability|p1a: Calyrex|Grim Neigh|boost\n|-boost|p1a: Calyrex|spa|1\n|\n|-weather|RainDance|[upkeep]\n|-heal|p2a: Calyrex|88\/100 par|[from] Grassy Terrain\n|-heal|p1a: Calyrex|32\/100|[from] Grassy Terrain\n|upkeep\n|\n|t:|1722116939\n|switch|p1b: Maushold|Maushold, L50|100\/100\n|switch|p2b: Incineroar|Incineroar, L50, M, shiny|75\/100\n|-ability|p2b: Incineroar|Intimidate|boost\n|-unboost|p1a: Calyrex|atk|1\n|-unboost|p1b: Maushold|atk|1\n|turn|5\n|\n|t:|1722116949\n|move|p1b: Maushold|Protect|p1b: Maushold\n|-singleturn|p1b: Maushold|Protect\n|move|p1a: Calyrex|Protect|p1a: Calyrex\n|-singleturn|p1a: Calyrex|Protect\n|move|p2b: Incineroar|Fake Out|p1b: Maushold\n|-activate|p1b: Maushold|move: Protect\n|cant|p2a: Calyrex|par\n|\n|-weather|RainDance|[upkeep]\n|-heal|p2a: Calyrex|94\/100 par|[from] Grassy Terrain\n|-heal|p2b: Incineroar|81\/100|[from] Grassy Terrain\n|-heal|p1a: Calyrex|38\/100|[from] Grassy Terrain\n|-fieldend|move: Grassy Terrain\n|upkeep\n|turn|6\n|\n|t:|1722116965\n|move|p1b: Maushold|Follow Me|p1b: Maushold\n|-singleturn|p1b: Maushold|move: Follow Me\n|cant|p2a: Calyrex|par\n|move|p2b: Incineroar|Knock Off|p1b: Maushold\n|-damage|p1b: Maushold|76\/100\n|-damage|p2b: Incineroar|65\/100|[from] item: Rocky Helmet|[of] p1b: Maushold\n|-enditem|p1b: Maushold|Rocky Helmet|[from] move: Knock Off|[of] p2b: Incineroar\n|move|p1a: Calyrex|Astral Barrage|p2a: Calyrex|[spread] p2a,p2b\n|-resisted|p2b: Incineroar\n|-damage|p2a: Calyrex|42\/100 par\n|-damage|p2b: Incineroar|24\/100\n|\n|-weather|RainDance|[upkeep]\n|-fieldend|move: Trick Room\n|upkeep\n|turn|7\n|inactive|kiwigal has 30 seconds left.\n|inactive|SkeenVGC has 30 seconds left.\n|\n|t:|1722116992\n|move|p1a: Calyrex|Astral Barrage|p2b: Incineroar|[spread] p2a,p2b\n|-resisted|p2b: Incineroar\n|-damage|p2a: Calyrex|0 fnt\n|-damage|p2b: Incineroar|0 fnt\n|faint|p2a: Calyrex\n|faint|p2b: Incineroar\n|-ability|p1a: Calyrex|Grim Neigh|boost\n|-boost|p1a: Calyrex|spa|2\n|move|p1b: Maushold|Taunt|p2: Calyrex|[notarget]\n|-fail|p1b: Maushold\n|\n|-weather|none\n|upkeep\n|\n|t:|1722116997\n|switch|p2b: Urshifu|Urshifu-Rapid-Strike, L50, M|100\/100\n|turn|8\n|\n|t:|1722117002\n|move|p1b: Maushold|Follow Me|p1b: Maushold\n|-singleturn|p1b: Maushold|move: Follow Me\n|move|p2b: Urshifu|Surging Strikes|p1b: Maushold\n|-crit|p1b: Maushold\n|-damage|p1b: Maushold|54\/100\n|-crit|p1b: Maushold\n|-damage|p1b: Maushold|30\/100\n|-crit|p1b: Maushold\n|-damage|p1b: Maushold|9\/100\n|-hitcount|p1b: Maushold|3\n|move|p1a: Calyrex|Draining Kiss|p2b: Urshifu\n|-supereffective|p2b: Urshifu\n|-damage|p2b: Urshifu|0 fnt\n|-heal|p1a: Calyrex|100\/100|[from] drain|[of] p2b: Urshifu\n|faint|p2b: Urshifu\n|\n|win|kiwigal\n|raw|kiwigal's rating: 1782 &rarr; <strong>1799<\/strong><br \/>(+17 for winning)\n|raw|SkeenVGC's rating: 1721 &rarr; <strong>1704<\/strong><br \/>(-17 for losing)\n|l|\u2606SkeenVGC\n|player|p2|\n|l| Anthony J Poveda\n","uploadtime":1722117215,"views":26,"formatid":"gen9vgc2024regg","rating":1704,"private":0,"password":null}