{"id":"gen9vgc2024regg-2168566725","format":"[Gen 9] VGC 2024 Reg G","players":["SkeenVGC","LewLew0110"],"log":"|j|\u2606SkeenVGC\n|j|\u2606LewLew0110\n|t:|1722113359\n|gametype|doubles\n|player|p1|SkeenVGC|102|1691\n|player|p2|LewLew0110|red|1703\n|teamsize|p1|6\n|teamsize|p2|6\n|gen|9\n|tier|[Gen 9] VGC 2024 Reg G\n|rated|\n|rule|Species Clause: Limit one of each Pok\u00e9mon\n|rule|Item Clause: Limit one of each item\n|clearpoke\n|poke|p1|Calyrex-Ice, L50|\n|poke|p1|Incineroar, L50, F|\n|poke|p1|Rillaboom, L50, F|\n|poke|p1|Urshifu-*, L50, F|\n|poke|p1|Pelipper, L50, M|\n|poke|p1|Raging Bolt, L50|\n|poke|p2|Muk-Alola, L50, M|\n|poke|p2|Smeargle, L50, F|\n|poke|p2|Flamigo, L50, F|\n|poke|p2|Calyrex-Shadow, L50|\n|poke|p2|Grimmsnarl, L50, M|\n|poke|p2|Amoonguss, L50, M|\n|teampreview|4\n|inactive|Battle timer is ON: inactive players will automatically lose when time's up. (requested by LewLew0110)\n|inactive|SkeenVGC also wants the timer to be on.\n|inactive|SkeenVGC has 60 seconds left.\n|\n|t:|1722113409\n|start\n|switch|p1a: Calyrex|Calyrex-Ice, L50|100\/100\n|switch|p1b: Incineroar|Incineroar, L50, F, shiny|100\/100\n|switch|p2a: Muk|Muk-Alola, L50, M|100\/100\n|switch|p2b: Smeargle|Smeargle, L50, F|100\/100\n|-ability|p1a: Calyrex|As One\n|-ability|p1a: Calyrex|Unnerve\n|-ability|p1b: Incineroar|Intimidate|boost\n|-unboost|p2a: Muk|atk|1\n|-unboost|p2b: Smeargle|atk|1\n|turn|1\n|\n|t:|1722113432\n|move|p2b: Smeargle|Fake Out|p1b: Incineroar\n|-damage|p1b: Incineroar|97\/100\n|cant|p1b: Incineroar|flinch\n|move|p1a: Calyrex|Glacial Lance|p2a: Muk|[spread] p2a,p2b\n|-damage|p2a: Muk|54\/100\n|-enditem|p2b: Smeargle|Focus Sash\n|-damage|p2b: Smeargle|1\/100\n|move|p2a: Muk|Minimize|p2a: Muk\n|-boost|p2a: Muk|evasion|2\n|\n|-heal|p2a: Muk|60\/100|[from] item: Leftovers\n|-ability|p2b: Smeargle|Moody|boost\n|-boost|p2b: Smeargle|atk|2\n|-unboost|p2b: Smeargle|spe|1\n|upkeep\n|turn|2\n|\n|t:|1722113452\n|move|p1b: Incineroar|Taunt|p2a: Muk\n|-start|p2a: Muk|move: Taunt\n|move|p2b: Smeargle|Spore|p1a: Calyrex\n|-status|p1a: Calyrex|slp|[from] move: Spore\n|cant|p1a: Calyrex|slp\n|cant|p2a: Muk|move: Taunt|Minimize\n|\n|-heal|p2a: Muk|66\/100|[from] item: Leftovers\n|-ability|p2b: Smeargle|Moody|boost\n|-boost|p2b: Smeargle|def|2\n|-unboost|p2b: Smeargle|spe|1\n|upkeep\n|turn|3\n|\n|t:|1722113467\n|move|p1b: Incineroar|Knock Off|p2b: Smeargle\n|-damage|p2b: Smeargle|0 fnt\n|faint|p2b: Smeargle\n|-ability|p2a: Muk|Moody|[from] ability: Power of Alchemy|[of] p2b: Smeargle\n|cant|p1a: Calyrex|slp\n|move|p2a: Muk|Knock Off|p1b: Incineroar\n|-resisted|p1b: Incineroar\n|-damage|p1b: Incineroar|86\/100\n|-enditem|p1b: Incineroar|Sitrus Berry|[from] move: Knock Off|[of] p2a: Muk\n|\n|-heal|p2a: Muk|72\/100|[from] item: Leftovers\n|-ability|p2a: Muk|Moody|boost\n|-boost|p2a: Muk|spe|2\n|-unboost|p2a: Muk|spd|1\n|upkeep\n|\n|t:|1722113483\n|switch|p2b: Calyrex|Calyrex-Shadow, L50|100\/100\n|-ability|p2b: Calyrex|As One\n|-ability|p2b: Calyrex|Unnerve\n|turn|4\n|\n|t:|1722113495\n|-terastallize|p2b: Calyrex|Fairy\n|-terastallize|p1a: Calyrex|Fire\n|move|p2b: Calyrex|Astral Barrage|p1a: Calyrex|[spread] p1a,p1b\n|-resisted|p1b: Incineroar\n|-damage|p1a: Calyrex|55\/100 slp\n|-damage|p1b: Incineroar|51\/100\n|-damage|p2b: Calyrex|91\/100|[from] item: Life Orb\n|move|p2a: Muk|Knock Off|p1a: Calyrex\n|-damage|p1a: Calyrex|40\/100 slp\n|-enditem|p1a: Calyrex|Clear Amulet|[from] move: Knock Off|[of] p2a: Muk\n|move|p1b: Incineroar|Knock Off|p2b: Calyrex\n|-resisted|p2b: Calyrex\n|-damage|p2b: Calyrex|68\/100\n|-enditem|p2b: Calyrex|Life Orb|[from] move: Knock Off|[of] p1b: Incineroar\n|cant|p1a: Calyrex|slp\n|\n|-heal|p2a: Muk|78\/100|[from] item: Leftovers\n|-end|p2a: Muk|move: Taunt\n|-ability|p2a: Muk|Moody|boost\n|-boost|p2a: Muk|spa|2\n|-unboost|p2a: Muk|spe|1\n|upkeep\n|turn|5\n|inactive|SkeenVGC has 30 seconds left.\n|inactive|LewLew0110 has 30 seconds left.\n|inactive|SkeenVGC has 20 seconds left.\n|\n|t:|1722113534\n|move|p2a: Muk|Protect|p2a: Muk\n|-singleturn|p2a: Muk|Protect\n|-curestatus|p1a: Calyrex|slp|[msg]\n|move|p1a: Calyrex|Protect|p1a: Calyrex\n|-singleturn|p1a: Calyrex|Protect\n|move|p2b: Calyrex|Astral Barrage|p1a: Calyrex|[spread] p1b\n|-activate|p1a: Calyrex|move: Protect\n|-resisted|p1b: Incineroar\n|-damage|p1b: Incineroar|23\/100\n|move|p1b: Incineroar|Parting Shot|p2b: Calyrex\n|-unboost|p2b: Calyrex|atk|1\n|-unboost|p2b: Calyrex|spa|1\n|\n|t:|1722113549\n|switch|p1b: Urshifu|Urshifu-Rapid-Strike, L50, F|100\/100|[from] Parting Shot\n|\n|-heal|p2a: Muk|84\/100|[from] item: Leftovers\n|-ability|p2a: Muk|Moody|boost\n|-boost|p2a: Muk|spa|2\n|-unboost|p2a: Muk|def|1\n|upkeep\n|turn|6\n|\n|t:|1722113565\n|move|p1b: Urshifu|Surging Strikes|p2b: Calyrex\n|-crit|p2b: Calyrex\n|-damage|p2b: Calyrex|43\/100\n|-crit|p2b: Calyrex\n|-damage|p2b: Calyrex|18\/100\n|-crit|p2b: Calyrex\n|-damage|p2b: Calyrex|0 fnt\n|faint|p2b: Calyrex\n|-hitcount|p2: Calyrex|3\n|move|p2a: Muk|Minimize|p2a: Muk\n|-boost|p2a: Muk|evasion|2\n|move|p1a: Calyrex|Glacial Lance|p2a: Muk|[miss]\n|-miss|p1a: Calyrex|p2a: Muk\n|\n|-heal|p2a: Muk|91\/100|[from] item: Leftovers\n|-ability|p2a: Muk|Moody|boost\n|-boost|p2a: Muk|atk|2\n|-unboost|p2a: Muk|spe|1\n|upkeep\n|\n|t:|1722113569\n|switch|p2b: Amoonguss|Amoonguss, L50, M|100\/100\n|turn|7\n|\n|t:|1722113586\n|switch|p1b: Incineroar|Incineroar, L50, F, shiny|23\/100\n|-ability|p1b: Incineroar|Intimidate|boost\n|-unboost|p2a: Muk|atk|1\n|-unboost|p2b: Amoonguss|atk|1\n|move|p2b: Amoonguss|Protect|p2b: Amoonguss\n|-singleturn|p2b: Amoonguss|Protect\n|move|p1a: Calyrex|Glacial Lance|p2b: Amoonguss|[spread] \n|-activate|p2b: Amoonguss|move: Protect\n|-miss|p1a: Calyrex|p2a: Muk\n|move|p2a: Muk|Minimize|p2a: Muk\n|-boost|p2a: Muk|evasion|2\n|\n|-heal|p2a: Muk|97\/100|[from] item: Leftovers\n|-ability|p2a: Muk|Moody|boost\n|-boost|p2a: Muk|spa|2\n|-unboost|p2a: Muk|spe|1\n|upkeep\n|turn|8\n|\n|t:|1722113604\n|move|p1b: Incineroar|Fake Out|p2a: Muk|[miss]\n|-miss|p1b: Incineroar|p2a: Muk\n|move|p1a: Calyrex|Glacial Lance|p2b: Amoonguss|[spread] p2a,p2b\n|-crit|p2a: Muk\n|-supereffective|p2b: Amoonguss\n|-damage|p2a: Muk|0 fnt\n|-damage|p2b: Amoonguss|0 fnt\n|faint|p2a: Muk\n|faint|p2b: Amoonguss\n|\n|win|SkeenVGC\n|raw|SkeenVGC's rating: 1691 &rarr; <strong>1712<\/strong><br \/>(+21 for winning)\n|raw|LewLew0110's rating: 1703 &rarr; <strong>1682<\/strong><br \/>(-21 for losing)\n|l|\u2606LewLew0110\n|player|p2|\n|l|\u2606SkeenVGC\n|player|p1|\n","uploadtime":1722113762,"views":7,"formatid":"gen9vgc2024regg","rating":1682,"private":0,"password":null}