{"id":"gen9vgc2024regg-2168129287","format":"[Gen 9] VGC 2024 Reg G","players":["kiwigal","franxxxx"],"log":"|j|\u2606kiwigal\n|j|\u2606franxxxx\n|t:|1722041937\n|gametype|doubles\n|player|p1|kiwigal|emma|1749\n|player|p2|franxxxx|az|1699\n|teamsize|p1|6\n|teamsize|p2|6\n|gen|9\n|tier|[Gen 9] VGC 2024 Reg G\n|rated|\n|rule|Species Clause: Limit one of each Pok\u00e9mon\n|rule|Item Clause: Limit one of each item\n|clearpoke\n|poke|p1|Thundurus, L50, M|\n|poke|p1|Rillaboom, L50, F|\n|poke|p1|Incineroar, L50, F|\n|poke|p1|Kyogre, L50|\n|poke|p1|Clefairy, L50, M|\n|poke|p1|Landorus, L50, M|\n|poke|p2|Ogerpon-Cornerstone, L50, F|\n|poke|p2|Calyrex-Ice, L50|\n|poke|p2|Raging Bolt, L50|\n|poke|p2|Rillaboom, L50, M|\n|poke|p2|Farigiraf, L50, M|\n|poke|p2|Urshifu-*, L50, M|\n|teampreview|4\n|\n|t:|1722041965\n|start\n|switch|p1a: Incineroar|Incineroar, L50, F|100\/100\n|switch|p1b: Landorus|Landorus, L50, M|100\/100\n|switch|p2a: Rillaboom|Rillaboom, L50, M|100\/100\n|switch|p2b: Calyrex|Calyrex-Ice, L50|100\/100\n|-ability|p2b: Calyrex|As One\n|-ability|p2b: Calyrex|Unnerve\n|-fieldstart|move: Grassy Terrain|[from] ability: Grassy Surge|[of] p2a: Rillaboom\n|-ability|p1a: Incineroar|Intimidate|boost\n|-unboost|p2a: Rillaboom|atk|1\n|-fail|p2b: Calyrex|unboost|[from] item: Clear Amulet|[of] p2b: Calyrex\n|turn|1\n|\n|t:|1722042016\n|switch|p2a: Farigiraf|Farigiraf, L50, M|100\/100\n|-terastallize|p2b: Calyrex|Fire\n|move|p1a: Incineroar|Fake Out||[still]\n|cant|p2a: Farigiraf|ability: Armor Tail|Fake Out|[of] p1a: Incineroar\n|move|p1b: Landorus|Sludge Bomb|p2a: Farigiraf\n|-damage|p2a: Farigiraf|59\/100\n|move|p2b: Calyrex|Glacial Lance|p1a: Incineroar|[spread] p1a,p1b\n|-resisted|p1a: Incineroar\n|-supereffective|p1b: Landorus\n|-damage|p1a: Incineroar|73\/100\n|-damage|p1b: Landorus|0 fnt\n|faint|p1b: Landorus\n|-ability|p2b: Calyrex|Chilling Neigh|boost\n|-boost|p2b: Calyrex|atk|1\n|\n|-heal|p1a: Incineroar|79\/100|[from] Grassy Terrain\n|-heal|p2a: Farigiraf|65\/100|[from] Grassy Terrain\n|upkeep\n|\n|t:|1722042019\n|switch|p1b: Kyogre|Kyogre, L50|100\/100\n|-weather|RainDance|[from] ability: Drizzle|[of] p1b: Kyogre\n|turn|2\n|\n|t:|1722042031\n|switch|p2a: Rillaboom|Rillaboom, L50, M|100\/100\n|move|p2b: Calyrex|Protect|p2b: Calyrex\n|-singleturn|p2b: Calyrex|Protect\n|move|p1b: Kyogre|Origin Pulse|p2a: Rillaboom|[spread] p2a\n|-activate|p2b: Calyrex|move: Protect\n|-resisted|p2a: Rillaboom\n|-damage|p2a: Rillaboom|76\/100\n|move|p1a: Incineroar|Knock Off|p2a: Rillaboom\n|-damage|p2a: Rillaboom|36\/100\n|-enditem|p2a: Rillaboom|Assault Vest|[from] move: Knock Off|[of] p1a: Incineroar\n|\n|-weather|RainDance|[upkeep]\n|-heal|p2a: Rillaboom|42\/100|[from] Grassy Terrain\n|-heal|p1a: Incineroar|85\/100|[from] Grassy Terrain\n|upkeep\n|turn|3\n|\n|t:|1722042042\n|move|p1b: Kyogre|Protect|p1b: Kyogre\n|-singleturn|p1b: Kyogre|Protect\n|move|p2a: Rillaboom|Fake Out|p1b: Kyogre\n|-activate|p1b: Kyogre|move: Protect\n|move|p1a: Incineroar|Parting Shot|p2a: Rillaboom\n|-unboost|p2a: Rillaboom|atk|1\n|-unboost|p2a: Rillaboom|spa|1\n|\n|t:|1722042046\n|switch|p1a: Clefairy|Clefairy, L50, M|100\/100|[from] Parting Shot\n|move|p2b: Calyrex|Trick Room|p2b: Calyrex\n|-fieldstart|move: Trick Room|[of] p2b: Calyrex\n|\n|-weather|RainDance|[upkeep]\n|-heal|p2a: Rillaboom|49\/100|[from] Grassy Terrain\n|upkeep\n|turn|4\n|\n|t:|1722042089\n|move|p1a: Clefairy|Follow Me|p1a: Clefairy\n|-singleturn|p1a: Clefairy|move: Follow Me\n|move|p2a: Rillaboom|Grassy Glide|p1a: Clefairy\n|-damage|p1a: Clefairy|80\/100\n|move|p2b: Calyrex|Glacial Lance|p1b: Kyogre|[spread] p1a,p1b\n|-resisted|p1b: Kyogre\n|-damage|p1a: Clefairy|4\/100\n|-damage|p1b: Kyogre|71\/100\n|move|p1b: Kyogre|Origin Pulse|p2a: Rillaboom|[spread] p2a,p2b\n|-resisted|p2a: Rillaboom\n|-supereffective|p2b: Calyrex\n|-damage|p2a: Rillaboom|13\/100\n|-damage|p2b: Calyrex|0 fnt\n|faint|p2b: Calyrex\n|\n|-weather|RainDance|[upkeep]\n|-heal|p1a: Clefairy|11\/100|[from] Grassy Terrain\n|-heal|p2a: Rillaboom|20\/100|[from] Grassy Terrain\n|-heal|p1b: Kyogre|77\/100|[from] Grassy Terrain\n|-heal|p1b: Kyogre|83\/100|[from] item: Leftovers\n|upkeep\n|\n|t:|1722042095\n|switch|p2b: Urshifu|Urshifu-Rapid-Strike, L50, M|100\/100\n|turn|5\n|\n|t:|1722042123\n|switch|p1a: Incineroar|Incineroar, L50, F|85\/100\n|-ability|p1a: Incineroar|Intimidate|boost\n|-unboost|p2a: Rillaboom|atk|1\n|-unboost|p2b: Urshifu|atk|1\n|-terastallize|p1b: Kyogre|Grass\n|move|p2b: Urshifu|Aqua Jet|p1a: Incineroar\n|-supereffective|p1a: Incineroar\n|-damage|p1a: Incineroar|48\/100\n|move|p2a: Rillaboom|Wood Hammer|p1b: Kyogre\n|-resisted|p1b: Kyogre\n|-damage|p1b: Kyogre|67\/100\n|-damage|p2a: Rillaboom|14\/100|[from] Recoil\n|move|p1b: Kyogre|Calm Mind|p1b: Kyogre\n|-boost|p1b: Kyogre|spa|1\n|-boost|p1b: Kyogre|spd|1\n|\n|-weather|RainDance|[upkeep]\n|-heal|p1a: Incineroar|54\/100|[from] Grassy Terrain\n|-heal|p2a: Rillaboom|21\/100|[from] Grassy Terrain\n|-heal|p1b: Kyogre|73\/100|[from] Grassy Terrain\n|-heal|p1b: Kyogre|79\/100|[from] item: Leftovers\n|-fieldend|move: Grassy Terrain\n|upkeep\n|turn|6\n|\n|t:|1722042146\n|switch|p2a: Farigiraf|Farigiraf, L50, M|65\/100\n|move|p1a: Incineroar|Will-O-Wisp|p2b: Urshifu\n|-status|p2b: Urshifu|brn\n|move|p1b: Kyogre|Ice Beam|p2a: Farigiraf\n|-crit|p2a: Farigiraf\n|-damage|p2a: Farigiraf|0 fnt\n|faint|p2a: Farigiraf\n|move|p2b: Urshifu|Surging Strikes|p1a: Incineroar\n|-supereffective|p1a: Incineroar\n|-crit|p1a: Incineroar\n|-damage|p1a: Incineroar|27\/100\n|-supereffective|p1a: Incineroar\n|-crit|p1a: Incineroar\n|-damage|p1a: Incineroar|0 fnt\n|faint|p1a: Incineroar\n|-hitcount|p1: Incineroar|2\n|\n|-weather|none\n|-heal|p1b: Kyogre|86\/100|[from] item: Leftovers\n|-damage|p2b: Urshifu|95\/100 brn|[from] brn\n|upkeep\n|\n|t:|1722042156\n|switch|p2a: Rillaboom|Rillaboom, L50, M|21\/100\n|switch|p1a: Clefairy|Clefairy, L50, M|11\/100\n|-fieldstart|move: Grassy Terrain|[from] ability: Grassy Surge|[of] p2a: Rillaboom\n|turn|7\n|j| asslowladderplayer\n|\n|t:|1722042176\n|move|p1a: Clefairy|Helping Hand|p1b: Kyogre\n|-singleturn|p1b: Kyogre|Helping Hand|[of] p1a: Clefairy\n|move|p2a: Rillaboom|Grassy Glide|p1b: Kyogre\n|-resisted|p1b: Kyogre\n|-damage|p1b: Kyogre|74\/100\n|move|p1b: Kyogre|Origin Pulse|p2b: Urshifu|[spread] p2a,p2b\n|-resisted|p2a: Rillaboom\n|-resisted|p2b: Urshifu\n|-damage|p2a: Rillaboom|0 fnt\n|-damage|p2b: Urshifu|6\/100 brn\n|faint|p2a: Rillaboom\n|move|p2b: Urshifu|Close Combat|p1b: Kyogre\n|-damage|p1b: Kyogre|61\/100\n|-unboost|p2b: Urshifu|def|1\n|-unboost|p2b: Urshifu|spd|1\n|\n|-heal|p1a: Clefairy|17\/100|[from] Grassy Terrain\n|-heal|p1b: Kyogre|68\/100|[from] Grassy Terrain\n|-heal|p1b: Kyogre|74\/100|[from] item: Leftovers\n|-heal|p2b: Urshifu|11\/100 brn|[from] Grassy Terrain\n|-damage|p2b: Urshifu|6\/100 brn|[from] brn\n|-fieldend|move: Trick Room\n|upkeep\n|turn|8\n|-message|franxxxx forfeited.\n|\n|win|kiwigal\n|raw|kiwigal's rating: 1749 &rarr; <strong>1766<\/strong><br \/>(+17 for winning)\n|raw|franxxxx's rating: 1699 &rarr; <strong>1682<\/strong><br \/>(-17 for losing)\n|l|\u2606franxxxx\n|player|p2|\n","uploadtime":1722042245,"views":45,"formatid":"gen9vgc2024regg","rating":1682,"private":0,"password":null}