{"id":"gen9vgc2024regg-2168458569","format":"[Gen 9] VGC 2024 Reg G","players":["YuanqiNono","HamstermaniaCZ"],"log":"|j|\u2606YuanqiNono\n|j|\u2606HamstermaniaCZ\n|t:|1722099273\n|gametype|doubles\n|player|p1|YuanqiNono|170|1740\n|player|p2|HamstermaniaCZ|acetrainersnow|1733\n|teamsize|p1|6\n|teamsize|p2|6\n|gen|9\n|tier|[Gen 9] VGC 2024 Reg G\n|rated|\n|rule|Species Clause: Limit one of each Pok\u00e9mon\n|rule|Item Clause: Limit one of each item\n|clearpoke\n|poke|p1|Zacian-*, L50|\n|poke|p1|Amoonguss, L50, M|\n|poke|p1|Urshifu-*, L50, F|\n|poke|p1|Raging Bolt, L50|\n|poke|p1|Gholdengo, L50|\n|poke|p1|Tornadus, L50, M|\n|poke|p2|Groudon, L50|\n|poke|p2|Brute Bonnet, L50|\n|poke|p2|Chi-Yu, L50|\n|poke|p2|Lilligant-Hisui, L50, F|\n|poke|p2|Raging Bolt, L50|\n|poke|p2|Walking Wake, L50|\n|teampreview|4\n|\n|t:|1722099297\n|start\n|switch|p1a: Zacian|Zacian-Crowned, L50|100\/100\n|switch|p1b: Tornadus|Tornadus, L50, M|100\/100\n|switch|p2a: Raging Bolt|Raging Bolt, L50|100\/100\n|switch|p2b: Lilligant|Lilligant-Hisui, L50, F|100\/100\n|-ability|p1a: Zacian|Intrepid Sword|boost\n|-boost|p1a: Zacian|atk|1\n|turn|1\n|\n|t:|1722099310\n|-terastallize|p2a: Raging Bolt|Electric\n|move|p1b: Tornadus|Protect|p1b: Tornadus\n|-singleturn|p1b: Tornadus|Protect\n|move|p1a: Zacian|Protect|p1a: Zacian\n|-singleturn|p1a: Zacian|Protect\n|move|p2b: Lilligant|Protect|p2b: Lilligant\n|-singleturn|p2b: Lilligant|Protect\n|move|p2a: Raging Bolt|Thunderbolt|p1a: Zacian\n|-activate|p1a: Zacian|move: Protect\n|\n|upkeep\n|turn|2\n|j| Street Bait\n|\n|t:|1722099329\n|switch|p2b: Groudon|Groudon, L50|100\/100\n|-weather|SunnyDay|[from] ability: Drought|[of] p2b: Groudon\n|-activate|p2a: Raging Bolt|ability: Protosynthesis\n|-start|p2a: Raging Bolt|protosynthesisspa\n|move|p1a: Zacian|Play Rough|p2a: Raging Bolt\n|-damage|p2a: Raging Bolt|32\/100\n|move|p1b: Tornadus|Bleakwind Storm|p2a: Raging Bolt|[spread] p2a\n|-miss|p1b: Tornadus|p2b: Groudon\n|-resisted|p2a: Raging Bolt\n|-damage|p2a: Raging Bolt|20\/100\n|move|p2a: Raging Bolt|Thunderbolt|p1a: Zacian\n|-damage|p1a: Zacian|36\/100\n|\n|-weather|SunnyDay|[upkeep]\n|upkeep\n|turn|3\n|\n|t:|1722099359\n|switch|p1b: Amoonguss|Amoonguss, L50, M|100\/100\n|move|p1a: Zacian|Protect|p1a: Zacian\n|-singleturn|p1a: Zacian|Protect\n|move|p2a: Raging Bolt|Thunderclap||[still]\n|-fail|p2a: Raging Bolt\n|move|p2b: Groudon|Swords Dance|p2b: Groudon\n|-boost|p2b: Groudon|atk|2\n|\n|-weather|SunnyDay|[upkeep]\n|upkeep\n|turn|4\n|\n|t:|1722099393\n|-terastallize|p1b: Amoonguss|Water\n|move|p1b: Amoonguss|Rage Powder|p1b: Amoonguss\n|-singleturn|p1b: Amoonguss|move: Rage Powder\n|move|p2a: Raging Bolt|Thunderclap||[still]\n|-fail|p2a: Raging Bolt\n|move|p1a: Zacian|Behemoth Blade|p2a: Raging Bolt\n|-resisted|p2a: Raging Bolt\n|-damage|p2a: Raging Bolt|0 fnt\n|faint|p2a: Raging Bolt\n|-end|p2a: Raging Bolt|Protosynthesis|[silent]\n|move|p2b: Groudon|Precipice Blades|p1a: Zacian|[spread] p1a,p1b\n|-supereffective|p1a: Zacian\n|-damage|p1a: Zacian|0 fnt\n|-damage|p1b: Amoonguss|19\/100\n|faint|p1a: Zacian\n|\n|-weather|SunnyDay|[upkeep]\n|upkeep\n|\n|t:|1722099410\n|switch|p1a: Raging Bolt|Raging Bolt, L50|100\/100\n|switch|p2a: Walking Wake|Walking Wake, L50|100\/100\n|-activate|p2a: Walking Wake|ability: Protosynthesis\n|-start|p2a: Walking Wake|protosynthesisspe\n|-activate|p1a: Raging Bolt|ability: Protosynthesis\n|-start|p1a: Raging Bolt|protosynthesisspa\n|turn|5\n|\n|t:|1722099424\n|move|p2a: Walking Wake|Hydro Steam|p1b: Amoonguss\n|-resisted|p1b: Amoonguss\n|-damage|p1b: Amoonguss|0 fnt\n|faint|p1b: Amoonguss\n|move|p1a: Raging Bolt|Draco Meteor|p2b: Groudon|[miss]\n|-miss|p1a: Raging Bolt|p2b: Groudon\n|move|p2b: Groudon|Precipice Blades|p1a: Raging Bolt\n|-supereffective|p1a: Raging Bolt\n|-damage|p1a: Raging Bolt|0 fnt\n|faint|p1a: Raging Bolt\n|-end|p1a: Raging Bolt|Protosynthesis|[silent]\n|\n|-weather|SunnyDay|[upkeep]\n|upkeep\n|\n|t:|1722099437\n|switch|p1a: Tornadus|Tornadus, L50, M|100\/100\n|turn|6\n|-message|YuanqiNono forfeited.\n|\n|win|HamstermaniaCZ\n|raw|YuanqiNono's rating: 1740 &rarr; <strong>1720<\/strong><br \/>(-20 for losing)\n|raw|HamstermaniaCZ's rating: 1733 &rarr; <strong>1753<\/strong><br \/>(+20 for winning)\n|l|\u2606YuanqiNono\n|player|p1|\n|l| Street Bait\n|l|\u2606HamstermaniaCZ\n|player|p2|\n","uploadtime":1722099621,"views":30,"formatid":"gen9vgc2024regg","rating":1720,"private":0,"password":null}