{"id":"gen9vgc2024regg-2168787121","format":"[Gen 9] VGC 2024 Reg G","players":["ShdwempV2","Tiffy in the bank"],"log":"|j|\u2606ShdwempV2\n|j|\u2606Tiffy in the bank\n|t:|1722147186\n|gametype|doubles\n|player|p1|ShdwempV2|cynthia-masters|1685\n|player|p2|Tiffy in the bank|169|1701\n|teamsize|p1|6\n|teamsize|p2|6\n|gen|9\n|tier|[Gen 9] VGC 2024 Reg G\n|rated|\n|rule|Species Clause: Limit one of each Pok\u00e9mon\n|rule|Item Clause: Limit one of each item\n|clearpoke\n|poke|p1|Incineroar, L50, F|\n|poke|p1|Rillaboom, L50, F|\n|poke|p1|Kyogre, L50|\n|poke|p1|Tornadus, L50, M|\n|poke|p1|Landorus, L50, M|\n|poke|p1|Urshifu-*, L50, M|\n|poke|p2|Kyogre, L50|\n|poke|p2|Tsareena, L50, F|\n|poke|p2|Raichu, L50, F|\n|poke|p2|Tornadus, L50, M|\n|poke|p2|Flutter Mane, L50|\n|poke|p2|Urshifu-*, L50, F|\n|teampreview|4\n|inactive|Battle timer is ON: inactive players will automatically lose when time's up. (requested by Tiffy in the bank)\n|inactive|ShdwempV2 has 60 seconds left.\n|\n|t:|1722147246\n|start\n|switch|p1a: Tornadus|Tornadus, L50, M, shiny|100\/100\n|switch|p1b: Rillaboom|Rillaboom, L50, F, shiny|100\/100\n|switch|p2a: Flutter Mane|Flutter Mane, L50|100\/100\n|switch|p2b: Tornadus|Tornadus, L50, M|100\/100\n|-fieldstart|move: Grassy Terrain|[from] ability: Grassy Surge|[of] p1b: Rillaboom\n|-enditem|p2a: Flutter Mane|Booster Energy\n|-activate|p2a: Flutter Mane|ability: Protosynthesis|[fromitem]\n|-start|p2a: Flutter Mane|protosynthesisspe\n|turn|1\n|\n|t:|1722147261\n|move|p1a: Tornadus|Tailwind|p1a: Tornadus\n|-sidestart|p1: ShdwempV2|move: Tailwind\n|move|p2a: Flutter Mane|Icy Wind|p1a: Tornadus|[spread] p1a,p1b\n|-supereffective|p1a: Tornadus\n|-supereffective|p1b: Rillaboom\n|-damage|p1a: Tornadus|67\/100\n|-damage|p1b: Rillaboom|82\/100\n|-unboost|p1b: Rillaboom|spe|1\n|move|p2b: Tornadus|Bleakwind Storm|p1a: Tornadus|[spread] p1a,p1b\n|-supereffective|p1b: Rillaboom\n|-damage|p1a: Tornadus|16\/100\n|-damage|p1b: Rillaboom|23\/100\n|move|p1b: Rillaboom|U-turn|p2a: Flutter Mane\n|-resisted|p2a: Flutter Mane\n|-damage|p2a: Flutter Mane|90\/100\n|\n|t:|1722147271\n|switch|p1b: Kyogre|Kyogre, L50, shiny|100\/100|[from] U-turn\n|-weather|RainDance|[from] ability: Drizzle|[of] p1b: Kyogre\n|\n|-weather|RainDance|[upkeep]\n|-heal|p2a: Flutter Mane|96\/100|[from] Grassy Terrain\n|upkeep\n|turn|2\n|j| THUNDERSND77\n|\n|t:|1722147293\n|move|p2b: Tornadus|Protect|p2b: Tornadus\n|-singleturn|p2b: Tornadus|Protect\n|move|p1a: Tornadus|Scary Face|p2a: Flutter Mane\n|-unboost|p2a: Flutter Mane|spe|2\n|move|p1b: Kyogre|Water Spout|p2a: Flutter Mane|[spread] p2a\n|-activate|p2b: Tornadus|move: Protect\n|-damage|p2a: Flutter Mane|0 fnt\n|faint|p2a: Flutter Mane\n|-end|p2a: Flutter Mane|Protosynthesis|[silent]\n|\n|-weather|RainDance|[upkeep]\n|upkeep\n|\n|t:|1722147305\n|switch|p2a: Tsareena|Tsareena, L50, F, shiny|100\/100\n|turn|3\n|\n|t:|1722147317\n|-terastallize|p1b: Kyogre|Grass\n|move|p2b: Tornadus|Tailwind|p2b: Tornadus\n|-sidestart|p2: Tiffy in the bank|move: Tailwind\n|move|p1a: Tornadus|Bleakwind Storm|p2b: Tornadus|[spread] p2a,p2b\n|-supereffective|p2a: Tsareena\n|-damage|p2a: Tsareena|25\/100\n|-damage|p2b: Tornadus|54\/100\n|move|p1b: Kyogre|Water Spout|p2a: Tsareena|[spread] p2a,p2b\n|-resisted|p2a: Tsareena\n|-damage|p2a: Tsareena|0 fnt\n|-damage|p2b: Tornadus|0 fnt\n|faint|p2a: Tsareena\n|faint|p2b: Tornadus\n|\n|-weather|RainDance|[upkeep]\n|upkeep\n|\n|t:|1722147328\n|switch|p2b: Kyogre|Kyogre, L50, shiny|100\/100\n|turn|4\n|\n|t:|1722147333\n|-terastallize|p2b: Kyogre|Water\n|move|p1a: Tornadus|Scary Face|p2b: Kyogre\n|-unboost|p2b: Kyogre|spe|2\n|move|p1b: Kyogre|Water Spout|p2b: Kyogre\n|-resisted|p2b: Kyogre\n|-damage|p2b: Kyogre|38\/100\n|move|p2b: Kyogre|Water Spout|p1b: Kyogre|[spread] p1a,p1b\n|-resisted|p1b: Kyogre\n|-damage|p1a: Tornadus|0 fnt\n|-damage|p1b: Kyogre|73\/100\n|faint|p1a: Tornadus\n|\n|-weather|RainDance|[upkeep]\n|-heal|p1b: Kyogre|79\/100|[from] Grassy Terrain\n|-heal|p2b: Kyogre|44\/100|[from] Grassy Terrain\n|-sideend|p1: ShdwempV2|move: Tailwind\n|upkeep\n|\n|t:|1722147339\n|switch|p1a: Rillaboom|Rillaboom, L50, F, shiny|23\/100\n|turn|5\n|-message|Tiffy in the bank forfeited.\n|\n|win|ShdwempV2\n|raw|ShdwempV2's rating: 1685 &rarr; <strong>1706<\/strong><br \/>(+21 for winning)\n|raw|Tiffy in the bank's rating: 1701 &rarr; <strong>1680<\/strong><br \/>(-21 for losing)\n|l|\u2606Tiffy in the bank\n|player|p2|\n|l|\u2606ShdwempV2\n|player|p1|\n|l| THUNDERSND77\n","uploadtime":1722147552,"views":20,"formatid":"gen9vgc2024regg","rating":1680,"private":0,"password":null}