{"id":"gen9vgc2024regg-2168553852","format":"[Gen 9] VGC 2024 Reg G","players":["dinokitae","chuanOVO"],"log":"|j|\u2606dinokitae\n|j|\u2606chuanOVO\n|t:|1722111680\n|gametype|doubles\n|player|p1|dinokitae|officeworker|1737\n|player|p2|chuanOVO|n|1871\n|teamsize|p1|6\n|teamsize|p2|6\n|gen|9\n|tier|[Gen 9] VGC 2024 Reg G\n|rated|\n|rule|Species Clause: Limit one of each Pok\u00e9mon\n|rule|Item Clause: Limit one of each item\n|clearpoke\n|poke|p1|Torterra, L50, M|\n|poke|p1|Iron Bundle, L50|\n|poke|p1|Chi-Yu, L50|\n|poke|p1|Farigiraf, L50, F|\n|poke|p1|Terapagos, L50, M|\n|poke|p1|Whimsicott, L50, M|\n|poke|p2|Calyrex-Ice, L50|\n|poke|p2|Smeargle, L50, M|\n|poke|p2|Ursaluna-Bloodmoon, L50, M|\n|poke|p2|Urshifu-*, L50, M|\n|poke|p2|Ogerpon-Wellspring, L50, F|\n|poke|p2|Annihilape, L50, M|\n|teampreview|4\n|inactive|Battle timer is ON: inactive players will automatically lose when time's up. (requested by dinokitae)\n|\n|t:|1722111711\n|start\n|switch|p1a: \ud0a4\ud0a4\ub9c1|Farigiraf, L50, F|100\/100\n|switch|p1b: \ubcf4\ub530\ub9ac|Iron Bundle, L50, shiny|100\/100\n|switch|p2a: Smeargle|Smeargle, L50, M, shiny|100\/100\n|switch|p2b: Calyrex|Calyrex-Ice, L50|100\/100\n|-ability|p2b: Calyrex|As One\n|-ability|p2b: Calyrex|Unnerve\n|-enditem|p1b: \ubcf4\ub530\ub9ac|Booster Energy\n|-activate|p1b: \ubcf4\ub530\ub9ac|ability: Quark Drive|[fromitem]\n|-start|p1b: \ubcf4\ub530\ub9ac|quarkdrivespe\n|turn|1\n|inactive|chuanOVO has 30 seconds left.\n|\n|t:|1722111736\n|move|p1b: \ubcf4\ub530\ub9ac|Taunt|p2a: Smeargle\n|-start|p2a: Smeargle|move: Taunt\n|move|p1a: \ud0a4\ud0a4\ub9c1|Imprison|p1a: \ud0a4\ud0a4\ub9c1\n|-start|p1a: \ud0a4\ud0a4\ub9c1|move: Imprison\n|move|p2b: Calyrex|Glacial Lance|p1a: \ud0a4\ud0a4\ub9c1|[spread] p1a,p1b\n|-resisted|p1b: \ubcf4\ub530\ub9ac\n|-damage|p1a: \ud0a4\ud0a4\ub9c1|61\/100\n|-damage|p1b: \ubcf4\ub530\ub9ac|81\/100\n|cant|p2a: Smeargle|move: Taunt|Spore\n|\n|upkeep\n|turn|2\n|\n|t:|1722111756\n|switch|p2a: Urshifu|Urshifu, L50, M|100\/100\n|move|p1b: \ubcf4\ub530\ub9ac|Freeze-Dry|p2a: Urshifu\n|-damage|p2a: Urshifu|57\/100\n|move|p1a: \ud0a4\ud0a4\ub9c1|Dazzling Gleam|p2a: Urshifu|[spread] p2a,p2b\n|-supereffective|p2a: Urshifu\n|-damage|p2a: Urshifu|0 fnt\n|-damage|p2b: Calyrex|91\/100\n|faint|p2a: Urshifu\n|move|p2b: Calyrex|Glacial Lance|p1a: \ud0a4\ud0a4\ub9c1|[spread] p1a,p1b\n|-resisted|p1b: \ubcf4\ub530\ub9ac\n|-damage|p1a: \ud0a4\ud0a4\ub9c1|15\/100\n|-damage|p1b: \ubcf4\ub530\ub9ac|63\/100\n|\n|upkeep\n|\n|t:|1722111772\n|switch|p2a: Smeargle|Smeargle, L50, M, shiny|100\/100\n|turn|3\n|\n|t:|1722111779\n|switch|p2a: Ursaluna|Ursaluna-Bloodmoon, L50, M|100\/100\n|move|p1b: \ubcf4\ub530\ub9ac|Freeze-Dry|p2a: Ursaluna\n|-supereffective|p2a: Ursaluna\n|-damage|p2a: Ursaluna|14\/100\n|move|p1a: \ud0a4\ud0a4\ub9c1|Psychic Noise|p2a: Ursaluna\n|-damage|p2a: Ursaluna|0 fnt\n|faint|p2a: Ursaluna\n|move|p2b: Calyrex|Glacial Lance|p1a: \ud0a4\ud0a4\ub9c1|[spread] p1a,p1b\n|-resisted|p1b: \ubcf4\ub530\ub9ac\n|-damage|p1a: \ud0a4\ud0a4\ub9c1|0 fnt\n|-damage|p1b: \ubcf4\ub530\ub9ac|44\/100\n|faint|p1a: \ud0a4\ud0a4\ub9c1\n|-ability|p2b: Calyrex|Chilling Neigh|boost\n|-boost|p2b: Calyrex|atk|1\n|\n|upkeep\n|\n|t:|1722111795\n|switch|p1a: \ud14c\ub77c\ud30c\uace0\uc2a4|Terapagos, L50, M|100\/100\n|switch|p2a: Smeargle|Smeargle, L50, M, shiny|100\/100\n|-activate|p1a: \ud14c\ub77c\ud30c\uace0\uc2a4|ability: Tera Shift\n|detailschange|p1a: \ud14c\ub77c\ud30c\uace0\uc2a4|Terapagos-Terastal, L50, M\n|-heal|p1a: \ud14c\ub77c\ud30c\uace0\uc2a4|100\/100|[silent]\n|turn|4\n|inactive|chuanOVO has 30 seconds left.\n|\n|t:|1722111821\n|move|p2a: Smeargle|Wide Guard|p2a: Smeargle\n|-singleturn|p2a: Smeargle|Wide Guard\n|move|p1b: \ubcf4\ub530\ub9ac|Taunt|p2b: Calyrex\n|-start|p2b: Calyrex|move: Taunt\n|move|p1a: \ud14c\ub77c\ud30c\uace0\uc2a4|Tera Starstorm|p2a: Smeargle\n|-enditem|p2a: Smeargle|Focus Sash\n|-damage|p2a: Smeargle|1\/100\n|cant|p2b: Calyrex|move: Taunt|Trick Room\n|\n|upkeep\n|turn|5\n|\n|t:|1722111839\n|move|p1b: \ubcf4\ub530\ub9ac|Freeze-Dry|p2a: Smeargle\n|-crit|p2a: Smeargle\n|-damage|p2a: Smeargle|0 fnt\n|faint|p2a: Smeargle\n|move|p1a: \ud14c\ub77c\ud30c\uace0\uc2a4|Tera Starstorm|p2b: Calyrex\n|-damage|p2b: Calyrex|30\/100\n|-enditem|p2b: Calyrex|Sitrus Berry|[eat]\n|-heal|p2b: Calyrex|55\/100|[from] item: Sitrus Berry\n|move|p2b: Calyrex|Glacial Lance|p1a: \ud14c\ub77c\ud30c\uace0\uc2a4|[spread] p1a,p1b\n|-activate|p1a: \ud14c\ub77c\ud30c\uace0\uc2a4|ability: Tera Shell\n|-resisted|p1a: \ud14c\ub77c\ud30c\uace0\uc2a4\n|-resisted|p1b: \ubcf4\ub530\ub9ac\n|-damage|p1a: \ud14c\ub77c\ud30c\uace0\uc2a4|63\/100\n|-damage|p1b: \ubcf4\ub530\ub9ac|16\/100\n|\n|upkeep\n|turn|6\n|-message|chuanOVO forfeited.\n|\n|win|dinokitae\n|raw|dinokitae's rating: 1737 &rarr; <strong>1764<\/strong><br \/>(+27 for winning)\n|raw|chuanOVO's rating: 1871 &rarr; <strong>1844<\/strong><br \/>(-27 for losing)\n|l|\u2606chuanOVO\n|player|p2|\n|l|\u2606dinokitae\n|player|p1|\n","uploadtime":1722112105,"views":35,"formatid":"gen9vgc2024regg","rating":1764,"private":0,"password":null}