{"id":"gen9vgc2024regg-2168769250","format":"[Gen 9] VGC 2024 Reg G","players":["ShdwempV2","Super Crist"],"log":"|j|\u2606ShdwempV2\n|j|\u203dSuper Crist\n|t:|1722143688\n|gametype|doubles\n|player|p1|ShdwempV2|cynthia-masters|1733\n|player|p2|Super Crist|sabrina|1774\n|teamsize|p1|6\n|teamsize|p2|6\n|gen|9\n|tier|[Gen 9] VGC 2024 Reg G\n|rated|\n|rule|Species Clause: Limit one of each Pok\u00e9mon\n|rule|Item Clause: Limit one of each item\n|clearpoke\n|poke|p1|Incineroar, L50, F|\n|poke|p1|Rillaboom, L50, M|\n|poke|p1|Kyogre, L50|\n|poke|p1|Tornadus, L50, M|\n|poke|p1|Landorus, L50, M|\n|poke|p1|Urshifu-*, L50, M|\n|poke|p2|Lunala, L50|\n|poke|p2|Rillaboom, L50, F|\n|poke|p2|Urshifu-*, L50, M|\n|poke|p2|Umbreon, L50, F|\n|poke|p2|Iron Jugulis, L50|\n|poke|p2|Chi-Yu, L50|\n|teampreview|4\n|inactive|Battle timer is ON: inactive players will automatically lose when time's up. (requested by Super Crist)\n|\n|t:|1722143703\n|start\n|switch|p1a: Rillaboom|Rillaboom, L50, M, shiny|100\/100\n|switch|p1b: Kyogre|Kyogre, L50, shiny|100\/100\n|switch|p2a: Iron Jugulis|Iron Jugulis, L50, shiny|100\/100\n|switch|p2b: Rillaboom|Rillaboom, L50, F, shiny|100\/100\n|-weather|RainDance|[from] ability: Drizzle|[of] p1b: Kyogre\n|-fieldstart|move: Grassy Terrain|[from] ability: Grassy Surge|[of] p2b: Rillaboom\n|-enditem|p2a: Iron Jugulis|Booster Energy\n|-activate|p2a: Iron Jugulis|ability: Quark Drive|[fromitem]\n|-start|p2a: Iron Jugulis|quarkdrivespe\n|turn|1\n|\n|t:|1722143713\n|move|p2b: Rillaboom|Fake Out|p1b: Kyogre\n|-damage|p1b: Kyogre|85\/100\n|move|p1a: Rillaboom|Fake Out|p2b: Rillaboom\n|-damage|p2b: Rillaboom|87\/100\n|move|p2a: Iron Jugulis|Snarl|p1b: Kyogre|[spread] p1a,p1b\n|-damage|p1a: Rillaboom|89\/100\n|-damage|p1b: Kyogre|72\/100\n|-unboost|p1a: Rillaboom|spa|1\n|-unboost|p1b: Kyogre|spa|1\n|cant|p1b: Kyogre|flinch\n|\n|-weather|RainDance|[upkeep]\n|-heal|p1b: Kyogre|78\/100|[from] Grassy Terrain\n|-heal|p2b: Rillaboom|93\/100|[from] Grassy Terrain\n|-heal|p1a: Rillaboom|95\/100|[from] Grassy Terrain\n|upkeep\n|turn|2\n|\n|t:|1722143722\n|-terastallize|p1b: Kyogre|Grass\n|move|p2a: Iron Jugulis|Tailwind|p2a: Iron Jugulis\n|-sidestart|p2: Super Crist|move: Tailwind\n|move|p2b: Rillaboom|Wood Hammer|p1b: Kyogre\n|-resisted|p1b: Kyogre\n|-damage|p1b: Kyogre|27\/100\n|-damage|p2b: Rillaboom|78\/100|[from] Recoil\n|move|p1b: Kyogre|Origin Pulse|p2a: Iron Jugulis|[spread] p2a,p2b\n|-resisted|p2b: Rillaboom\n|-damage|p2a: Iron Jugulis|46\/100\n|-damage|p2b: Rillaboom|51\/100\n|move|p1a: Rillaboom|U-turn|p2b: Rillaboom\n|-supereffective|p2b: Rillaboom\n|-crit|p2b: Rillaboom\n|-damage|p2b: Rillaboom|0 fnt\n|faint|p2b: Rillaboom\n|j| Rinko VGC\n|\n|t:|1722143737\n|switch|p1a: Incineroar|Incineroar, L50, F, shiny|100\/100|[from] U-turn\n|-ability|p1a: Incineroar|Intimidate|boost\n|-unboost|p2a: Iron Jugulis|atk|1\n|\n|-weather|RainDance|[upkeep]\n|-heal|p1b: Kyogre|33\/100|[from] Grassy Terrain\n|upkeep\n|\n|t:|1722143747\n|switch|p2b: Urshifu|Urshifu-Rapid-Strike, L50, M|100\/100\n|turn|3\n|\n|t:|1722143760\n|move|p1a: Incineroar|Fake Out|p2a: Iron Jugulis\n|-damage|p2a: Iron Jugulis|36\/100\n|cant|p2a: Iron Jugulis|flinch\n|move|p2b: Urshifu|Close Combat|p1b: Kyogre\n|-damage|p1b: Kyogre|0 fnt\n|-unboost|p2b: Urshifu|def|1\n|-unboost|p2b: Urshifu|spd|1\n|faint|p1b: Kyogre\n|\n|-weather|RainDance|[upkeep]\n|upkeep\n|\n|t:|1722143767\n|switch|p1b: Rillaboom|Rillaboom, L50, M, shiny|95\/100\n|turn|4\n|\n|t:|1722143775\n|move|p2b: Urshifu|Detect|p2b: Urshifu\n|-singleturn|p2b: Urshifu|Protect\n|move|p1b: Rillaboom|Grassy Glide|p2b: Urshifu\n|-activate|p2b: Urshifu|move: Protect\n|move|p2a: Iron Jugulis|Air Slash|p1b: Rillaboom\n|-supereffective|p1b: Rillaboom\n|-damage|p1b: Rillaboom|50\/100\n|move|p1a: Incineroar|U-turn|p2a: Iron Jugulis\n|-damage|p2a: Iron Jugulis|19\/100\n|\n|t:|1722143780\n|switch|p1a: Urshifu|Urshifu, L50, M|100\/100|[from] U-turn\n|\n|-weather|RainDance|[upkeep]\n|-heal|p1b: Rillaboom|56\/100|[from] Grassy Terrain\n|upkeep\n|turn|5\n|\n|t:|1722143803\n|switch|p2b: Lunala|Lunala, L50, shiny|100\/100\n|move|p1a: Urshifu|Sucker Punch|p2a: Iron Jugulis\n|-resisted|p2a: Iron Jugulis\n|-damage|p2a: Iron Jugulis|1\/100\n|move|p1b: Rillaboom|Grassy Glide|p2b: Lunala\n|-crit|p2b: Lunala\n|-damage|p2b: Lunala|78\/100\n|move|p2a: Iron Jugulis|Air Slash|p1a: Urshifu\n|-supereffective|p1a: Urshifu\n|-damage|p1a: Urshifu|5\/100\n|\n|-weather|none\n|-heal|p2b: Lunala|84\/100|[from] Grassy Terrain\n|-heal|p2b: Lunala|91\/100|[from] item: Leftovers\n|-heal|p1a: Urshifu|11\/100|[from] Grassy Terrain\n|-heal|p1b: Rillaboom|62\/100|[from] Grassy Terrain\n|-sideend|p2: Super Crist|move: Tailwind\n|-fieldend|move: Grassy Terrain\n|upkeep\n|turn|6\n|inactive|Super Crist has 30 seconds left.\n|\n|t:|1722143834\n|-terastallize|p2b: Lunala|Fairy\n|move|p1a: Urshifu|Detect|p1a: Urshifu\n|-singleturn|p1a: Urshifu|Protect\n|move|p2a: Iron Jugulis|Tailwind|p2a: Iron Jugulis\n|-sidestart|p2: Super Crist|move: Tailwind\n|move|p2b: Lunala|Moongeist Beam|p1b: Rillaboom\n|-damage|p1b: Rillaboom|24\/100\n|move|p1b: Rillaboom|U-turn|p2a: Iron Jugulis\n|-damage|p2a: Iron Jugulis|0 fnt\n|faint|p2a: Iron Jugulis\n|-end|p2a: Iron Jugulis|Quark Drive|[silent]\n|\n|t:|1722143839\n|switch|p1b: Incineroar|Incineroar, L50, F, shiny|100\/100|[from] U-turn\n|-ability|p1b: Incineroar|Intimidate|boost\n|-unboost|p2b: Lunala|atk|1\n|\n|-heal|p2b: Lunala|97\/100|[from] item: Leftovers\n|upkeep\n|\n|t:|1722143846\n|switch|p2a: Urshifu|Urshifu-Rapid-Strike, L50, M|100\/100\n|turn|7\n|\n|t:|1722143856\n|move|p1b: Incineroar|Fake Out|p2b: Lunala\n|-damage|p2b: Lunala|88\/100\n|move|p2a: Urshifu|Surging Strikes|p1b: Incineroar\n|-supereffective|p1b: Incineroar\n|-crit|p1b: Incineroar\n|-damage|p1b: Incineroar|65\/100\n|-supereffective|p1b: Incineroar\n|-crit|p1b: Incineroar\n|-damage|p1b: Incineroar|34\/100\n|-supereffective|p1b: Incineroar\n|-crit|p1b: Incineroar\n|-damage|p1b: Incineroar|0 fnt\n|faint|p1b: Incineroar\n|-hitcount|p1: Incineroar|3\n|cant|p2b: Lunala|flinch\n|move|p1a: Urshifu|Close Combat|p2a: Urshifu\n|-damage|p2a: Urshifu|35\/100\n|-unboost|p1a: Urshifu|def|1\n|-unboost|p1a: Urshifu|spd|1\n|\n|-heal|p2b: Lunala|94\/100|[from] item: Leftovers\n|upkeep\n|\n|t:|1722143872\n|switch|p1b: Rillaboom|Rillaboom, L50, M, shiny|24\/100\n|-fieldstart|move: Grassy Terrain|[from] ability: Grassy Surge|[of] p1b: Rillaboom\n|turn|8\n|j| SpecsIronHands\n|\n|t:|1722143881\n|move|p2a: Urshifu|Aqua Jet|p1a: Urshifu\n|-damage|p1a: Urshifu|0 fnt\n|faint|p1a: Urshifu\n|move|p1b: Rillaboom|Grassy Glide|p2a: Urshifu\n|-supereffective|p2a: Urshifu\n|-damage|p2a: Urshifu|0 fnt\n|faint|p2a: Urshifu\n|move|p2b: Lunala|Moongeist Beam|p1b: Rillaboom\n|-damage|p1b: Rillaboom|0 fnt\n|faint|p1b: Rillaboom\n|\n|win|Super Crist\n|raw|ShdwempV2's rating: 1733 &rarr; <strong>1715<\/strong><br \/>(-18 for losing)\n|raw|Super Crist's rating: 1774 &rarr; <strong>1792<\/strong><br \/>(+18 for winning)\n|l|\u2606ShdwempV2\n|player|p1|\n|l| Rinko VGC\n|l| SpecsIronHands\n|l|\u203dSuper Crist\n|player|p2|\n","uploadtime":1722144095,"views":20,"formatid":"gen9vgc2024regg","rating":1715,"private":0,"password":null}