{"id":"gen9vgc2024regg-2168454921","format":"[Gen 9] VGC 2024 Reg G","players":["regigidragon","Krisuerte"],"log":"|j|\u2606regigidragon\n|j|\u2606Krisuerte\n|t:|1722098810\n|gametype|doubles\n|player|p1|regigidragon|266|1721\n|player|p2|Krisuerte|2|1829\n|teamsize|p1|6\n|teamsize|p2|6\n|gen|9\n|tier|[Gen 9] VGC 2024 Reg G\n|rated|\n|rule|Species Clause: Limit one of each Pok\u00e9mon\n|rule|Item Clause: Limit one of each item\n|clearpoke\n|poke|p1|Kyogre, L50|\n|poke|p1|Clefairy, L50, F|\n|poke|p1|Urshifu-*, L50, M|\n|poke|p1|Archaludon, L50, M|\n|poke|p1|Farigiraf, L50, F|\n|poke|p1|Tornadus, L50, M|\n|poke|p2|Groudon, L50|\n|poke|p2|Gouging Fire, L50|\n|poke|p2|Raging Bolt, L50|\n|poke|p2|Flutter Mane, L50|\n|poke|p2|Walking Wake, L50|\n|poke|p2|Urshifu-*, L50, M|\n|teampreview|4\n|inactive|Battle timer is ON: inactive players will automatically lose when time's up. (requested by regigidragon)\n|inactive|regigidragon has 60 seconds left.\n|\n|t:|1722098853\n|start\n|switch|p1a: Tornadus|Tornadus, L50, M|100\/100\n|switch|p1b: Archaludon|Archaludon, L50, M|100\/100\n|switch|p2a: Raging Bolt|Raging Bolt, L50|100\/100\n|switch|p2b: Flutter Mane|Flutter Mane, L50|100\/100\n|turn|1\n|\n|t:|1722098871\n|-terastallize|p2a: Raging Bolt|Electric\n|move|p1a: Tornadus|Tailwind|p1a: Tornadus\n|-sidestart|p1: regigidragon|move: Tailwind\n|move|p1b: Archaludon|Flash Cannon|p2b: Flutter Mane\n|-supereffective|p2b: Flutter Mane\n|-damage|p2b: Flutter Mane|9\/100\n|move|p2a: Raging Bolt|Thunderbolt|p1a: Tornadus\n|-supereffective|p1a: Tornadus\n|-enditem|p1a: Tornadus|Focus Sash\n|-damage|p1a: Tornadus|1\/100\n|move|p2b: Flutter Mane|Trick Room|p2b: Flutter Mane\n|-fieldstart|move: Trick Room|[of] p2b: Flutter Mane\n|\n|upkeep\n|turn|2\n|inactive|regigidragon has 30 seconds left.\n|inactive|regigidragon has 20 seconds left.\n|\n|t:|1722098909\n|move|p2a: Raging Bolt|Snarl|p1a: Tornadus|[spread] p1a,p1b\n|-damage|p1a: Tornadus|0 fnt\n|-damage|p1b: Archaludon|87\/100\n|-unboost|p1b: Archaludon|spa|1\n|faint|p1a: Tornadus\n|move|p2b: Flutter Mane|Moonblast|p1b: Archaludon\n|-damage|p1b: Archaludon|45\/100\n|-unboost|p1b: Archaludon|spa|1\n|move|p1b: Archaludon|Draco Meteor|p2a: Raging Bolt\n|-crit|p2a: Raging Bolt\n|-damage|p2a: Raging Bolt|15\/100\n|-unboost|p1b: Archaludon|spa|2\n|\n|-heal|p2a: Raging Bolt|21\/100|[from] item: Leftovers\n|upkeep\n|\n|t:|1722098916\n|switch|p1a: Farigiraf|Farigiraf, L50, F|100\/100\n|turn|3\n|\n|t:|1722098933\n|move|p2a: Raging Bolt|Snarl|p1a: Farigiraf|[spread] p1a,p1b\n|-supereffective|p1a: Farigiraf\n|-damage|p1a: Farigiraf|72\/100\n|-damage|p1b: Archaludon|30\/100\n|-unboost|p1a: Farigiraf|spa|1\n|-unboost|p1b: Archaludon|spa|1\n|move|p2b: Flutter Mane|Moonblast|p1b: Archaludon\n|-damage|p1b: Archaludon|0 fnt\n|faint|p1b: Archaludon\n|move|p1a: Farigiraf|Trick Room|p1a: Farigiraf\n|-fieldend|move: Trick Room\n|\n|-heal|p2a: Raging Bolt|27\/100|[from] item: Leftovers\n|upkeep\n|\n|t:|1722098939\n|switch|p1b: Kyogre|Kyogre, L50, shiny|100\/100\n|-weather|RainDance|[from] ability: Drizzle|[of] p1b: Kyogre\n|turn|4\n|\n|t:|1722098960\n|-end|p2a: Raging Bolt|Protosynthesis|[silent]\n|switch|p2a: Groudon|Groudon, L50|100\/100\n|-weather|SunnyDay|[from] ability: Drought|[of] p2a: Groudon\n|-activate|p2b: Flutter Mane|ability: Protosynthesis\n|-start|p2b: Flutter Mane|protosynthesisspe\n|-terastallize|p1b: Kyogre|Water\n|move|p1a: Farigiraf|Helping Hand|p1b: Kyogre\n|-singleturn|p1b: Kyogre|Helping Hand|[of] p1a: Farigiraf\n|move|p1b: Kyogre|Water Spout|p2b: Flutter Mane|[spread] p2a,p2b\n|-supereffective|p2a: Groudon\n|-damage|p2a: Groudon|23\/100\n|-damage|p2b: Flutter Mane|0 fnt\n|faint|p2b: Flutter Mane\n|-end|p2b: Flutter Mane|Protosynthesis|[silent]\n|\n|-weather|SunnyDay|[upkeep]\n|-sideend|p1: regigidragon|move: Tailwind\n|upkeep\n|\n|t:|1722098979\n|switch|p2b: Walking Wake|Walking Wake, L50|100\/100\n|-activate|p2b: Walking Wake|ability: Protosynthesis\n|-start|p2b: Walking Wake|protosynthesisspa\n|turn|5\n|j| LXRD_SHADOW\n|\n|t:|1722098994\n|move|p1a: Farigiraf|Ally Switch|p1a: Farigiraf\n|swap|p1a: Farigiraf|1|[from] move: Ally Switch\n|move|p1a: Kyogre|Water Spout|p2a: Groudon|[spread] p2a,p2b\n|-supereffective|p2a: Groudon\n|-resisted|p2b: Walking Wake\n|-damage|p2a: Groudon|0 fnt\n|-damage|p2b: Walking Wake|90\/100\n|faint|p2a: Groudon\n|move|p2b: Walking Wake|Hydro Steam|p1a: Kyogre\n|-resisted|p1a: Kyogre\n|-damage|p1a: Kyogre|58\/100\n|-damage|p2b: Walking Wake|80\/100|[from] item: Life Orb\n|\n|-weather|SunnyDay|[upkeep]\n|upkeep\n|j| sileshar\n|\n|t:|1722099007\n|switch|p2a: Raging Bolt|Raging Bolt, L50, tera:Electric|27\/100\n|-activate|p2a: Raging Bolt|ability: Protosynthesis\n|-start|p2a: Raging Bolt|protosynthesisspa\n|turn|6\n|\n|t:|1722099016\n|move|p1b: Farigiraf|Helping Hand|p1a: Kyogre\n|-singleturn|p1a: Kyogre|Helping Hand|[of] p1b: Farigiraf\n|move|p2a: Raging Bolt|Protect|p2a: Raging Bolt\n|-singleturn|p2a: Raging Bolt|Protect\n|move|p1a: Kyogre|Water Spout|p2b: Walking Wake|[spread] p2b\n|-activate|p2a: Raging Bolt|move: Protect\n|-resisted|p2b: Walking Wake\n|-damage|p2b: Walking Wake|71\/100\n|move|p2b: Walking Wake|Hydro Steam|p1b: Farigiraf\n|-damage|p1b: Farigiraf|0 fnt\n|faint|p1b: Farigiraf\n|-damage|p2b: Walking Wake|61\/100|[from] item: Life Orb\n|\n|-weather|SunnyDay|[upkeep]\n|-heal|p2a: Raging Bolt|33\/100|[from] item: Leftovers\n|upkeep\n|turn|7\n|\n|t:|1722099037\n|move|p2a: Raging Bolt|Thunderclap|p1a: Kyogre\n|-supereffective|p1a: Kyogre\n|-damage|p1a: Kyogre|0 fnt\n|faint|p1a: Kyogre\n|\n|win|Krisuerte\n|raw|regigidragon's rating: 1721 &rarr; <strong>1707<\/strong><br \/>(-14 for losing)\n|raw|Krisuerte's rating: 1829 &rarr; <strong>1843<\/strong><br \/>(+14 for winning)\n|l|\u2606regigidragon\n|player|p1|\n|l|\u2606Krisuerte\n|player|p2|\n|l| LXRD_SHADOW\n","uploadtime":1722099209,"views":23,"formatid":"gen9vgc2024regg","rating":1707,"private":0,"password":null}