{"id":"gen9vgc2024regg-2168816768","format":"[Gen 9] VGC 2024 Reg G","players":["Mutu77","war3infi"],"log":"|j|\u2606Mutu77\n|j|\u2606war3infi\n|t:|1722153694\n|gametype|doubles\n|player|p1|Mutu77|170|1742\n|player|p2|war3infi|dawn|1859\n|teamsize|p1|6\n|teamsize|p2|6\n|gen|9\n|tier|[Gen 9] VGC 2024 Reg G\n|rated|\n|rule|Species Clause: Limit one of each Pok\u00e9mon\n|rule|Item Clause: Limit one of each item\n|clearpoke\n|poke|p1|Zamazenta-*, L50|\n|poke|p1|Thundurus, L50, M|\n|poke|p1|Urshifu-*, L50, F|\n|poke|p1|Ogerpon-Wellspring, L50, F|\n|poke|p1|Iron Treads, L50|\n|poke|p1|Gholdengo, L50|\n|poke|p2|Calyrex-Ice, L50|\n|poke|p2|Annihilape, L50, F|\n|poke|p2|Smeargle, L50, F|\n|poke|p2|Ursaluna-Bloodmoon, L50, M|\n|poke|p2|Urshifu-*, L50, F|\n|poke|p2|Ogerpon-Wellspring, L50, F|\n|teampreview|4\n|\n|t:|1722153740\n|start\n|switch|p1a: Gholdengo|Gholdengo, L50|100\/100\n|switch|p1b: Ogerpon|Ogerpon-Wellspring, L50, F|100\/100\n|switch|p2a: Calyrex|Calyrex-Ice, L50|100\/100\n|switch|p2b: Annihilape|Annihilape, L50, F|100\/100\n|-ability|p2a: Calyrex|As One\n|-ability|p2a: Calyrex|Unnerve\n|turn|1\n|\n|t:|1722153754\n|move|p1b: Ogerpon|Spiky Shield|p1b: Ogerpon\n|-singleturn|p1b: Ogerpon|move: Protect\n|move|p2b: Annihilape|Final Gambit|p1b: Ogerpon\n|-activate|p1b: Ogerpon|move: Protect\n|move|p1a: Gholdengo|Make It Rain|p2b: Annihilape|[spread] p2a,p2b\n|-supereffective|p2a: Calyrex\n|-damage|p2a: Calyrex|8\/100\n|-damage|p2b: Annihilape|37\/100\n|-unboost|p1a: Gholdengo|spa|1\n|-enditem|p2a: Calyrex|Sitrus Berry|[eat]\n|-heal|p2a: Calyrex|33\/100|[from] item: Sitrus Berry\n|-damage|p1a: Gholdengo|91\/100|[from] item: Life Orb\n|move|p2a: Calyrex|Trick Room|p2a: Calyrex\n|-fieldstart|move: Trick Room|[of] p2a: Calyrex\n|\n|upkeep\n|turn|2\n|inactive|Battle timer is ON: inactive players will automatically lose when time's up. (requested by war3infi)\n|\n|t:|1722153817\n|switch|p1b: Zamazenta|Zamazenta-Crowned, L50|100\/100\n|-ability|p1b: Zamazenta|Dauntless Shield|boost\n|-boost|p1b: Zamazenta|def|1\n|move|p2a: Calyrex|Glacial Lance|p1a: Gholdengo|[spread] p1a,p1b\n|-resisted|p1a: Gholdengo\n|-resisted|p1b: Zamazenta\n|-damage|p1a: Gholdengo|63\/100\n|-damage|p1b: Zamazenta|90\/100\n|move|p1a: Gholdengo|Make It Rain|p2b: Annihilape|[spread] p2a,p2b\n|-supereffective|p2a: Calyrex\n|-damage|p2a: Calyrex|0 fnt\n|-damage|p2b: Annihilape|0 fnt\n|-unboost|p1a: Gholdengo|spa|1\n|faint|p2a: Calyrex\n|faint|p2b: Annihilape\n|-damage|p1a: Gholdengo|53\/100|[from] item: Life Orb\n|\n|upkeep\n|\n|t:|1722153827\n|switch|p2a: Ursaluna|Ursaluna-Bloodmoon, L50, M|100\/100\n|switch|p2b: Smeargle|Smeargle, L50, F|100\/100\n|turn|3\n|inactive|Mutu77 has 30 seconds left.\n|inactive|Mutu77 has 20 seconds left.\n|inactive|Mutu77 has 15 seconds left.\n|\n|t:|1722153870\n|switch|p1a: Thundurus|Thundurus, L50, M|100\/100\n|-terastallize|p2a: Ursaluna|Ghost\n|-terastallize|p1b: Zamazenta|Fighting\n|move|p2a: Ursaluna|Earth Power|p1a: Thundurus\n|-immune|p1a: Thundurus\n|move|p2b: Smeargle|Decorate|p2a: Ursaluna\n|-boost|p2a: Ursaluna|atk|2\n|-boost|p2a: Ursaluna|spa|2\n|move|p1b: Zamazenta|Body Press|p2a: Ursaluna\n|-immune|p2a: Ursaluna\n|\n|upkeep\n|turn|4\n|inactive|Mutu77 has 30 seconds left.\n|inactive|war3infi has 30 seconds left.\n|inactive|Mutu77 has 20 seconds left.\n|inactive|war3infi has 20 seconds left.\n|\n|t:|1722153910\n|move|p1b: Zamazenta|Wide Guard|p1b: Zamazenta\n|-singleturn|p1b: Zamazenta|Wide Guard\n|move|p1a: Thundurus|Eerie Impulse|p2a: Ursaluna\n|-unboost|p2a: Ursaluna|spa|2\n|move|p2a: Ursaluna|Hyper Voice|p1b: Zamazenta|[spread] \n|-activate|p1a: Thundurus|move: Wide Guard\n|-activate|p1b: Zamazenta|move: Wide Guard\n|move|p2b: Smeargle|Spore|p1b: Zamazenta\n|-status|p1b: Zamazenta|slp|[from] move: Spore\n|\n|upkeep\n|turn|5\n|\n|t:|1722153929\n|move|p1a: Thundurus|Taunt|p2b: Smeargle\n|-start|p2b: Smeargle|move: Taunt\n|move|p2a: Ursaluna|Blood Moon|p1a: Thundurus\n|-damage|p1a: Thundurus|0 fnt\n|faint|p1a: Thundurus\n|-damage|p2a: Ursaluna|91\/100|[from] item: Life Orb\n|cant|p2b: Smeargle|move: Taunt|Decorate\n|cant|p1b: Zamazenta|slp\n|\n|-fieldend|move: Trick Room\n|upkeep\n|-message|war3infi forfeited.\n|\n|win|Mutu77\n|raw|Mutu77's rating: 1742 &rarr; <strong>1768<\/strong><br \/>(+26 for winning)\n|raw|war3infi's rating: 1859 &rarr; <strong>1833<\/strong><br \/>(-26 for losing)\n|l|\u2606war3infi\n|player|p2|\n|l|\u2606Mutu77\n|player|p1|\n","uploadtime":1722154203,"views":70,"formatid":"gen9vgc2024regg","rating":1768,"private":0,"password":null}