{"id":"gen9vgc2024regg-2168451485","format":"[Gen 9] VGC 2024 Reg G","players":["regigidragon","chuanOVO"],"log":"|j|\u2606regigidragon\n|j|\u2606chuanOVO\n|t:|1722098379\n|gametype|doubles\n|player|p1|regigidragon|266|1718\n|player|p2|chuanOVO|n|1853\n|teamsize|p1|6\n|teamsize|p2|6\n|gen|9\n|tier|[Gen 9] VGC 2024 Reg G\n|rated|\n|rule|Species Clause: Limit one of each Pok\u00e9mon\n|rule|Item Clause: Limit one of each item\n|clearpoke\n|poke|p1|Kyogre, L50|\n|poke|p1|Clefairy, L50, F|\n|poke|p1|Urshifu-*, L50, M|\n|poke|p1|Archaludon, L50, F|\n|poke|p1|Farigiraf, L50, M|\n|poke|p1|Tornadus, L50, M|\n|poke|p2|Calyrex-Ice, L50|\n|poke|p2|Smeargle, L50, M|\n|poke|p2|Ursaluna-Bloodmoon, L50, M|\n|poke|p2|Urshifu-*, L50, M|\n|poke|p2|Ogerpon-Wellspring, L50, F|\n|poke|p2|Annihilape, L50, M|\n|teampreview|4\n|inactive|Battle timer is ON: inactive players will automatically lose when time's up. (requested by regigidragon)\n|inactive|regigidragon has 60 seconds left.\n|\n|t:|1722098425\n|start\n|switch|p1a: Farigiraf|Farigiraf, L50, M|100\/100\n|switch|p1b: Kyogre|Kyogre, L50, shiny|100\/100\n|switch|p2a: Smeargle|Smeargle, L50, M, shiny|100\/100\n|switch|p2b: Calyrex|Calyrex-Ice, L50|100\/100\n|-ability|p2b: Calyrex|As One\n|-ability|p2b: Calyrex|Unnerve\n|-weather|RainDance|[from] ability: Drizzle|[of] p1b: Kyogre\n|turn|1\n|inactive|chuanOVO has 30 seconds left.\n|\n|t:|1722098452\n|-terastallize|p2b: Calyrex|Water\n|move|p2a: Smeargle|Wide Guard|p2a: Smeargle\n|-singleturn|p2a: Smeargle|Wide Guard\n|move|p1b: Kyogre|Hydro Pump|p2a: Smeargle\n|-enditem|p2a: Smeargle|Focus Sash\n|-damage|p2a: Smeargle|1\/100\n|move|p1a: Farigiraf|Foul Play|p2b: Calyrex\n|-damage|p2b: Calyrex|73\/100\n|move|p2b: Calyrex|Glacial Lance|p1a: Farigiraf|[spread] p1a,p1b\n|-resisted|p1b: Kyogre\n|-damage|p1a: Farigiraf|55\/100\n|-damage|p1b: Kyogre|68\/100\n|\n|-weather|RainDance|[upkeep]\n|upkeep\n|turn|2\n|\n|t:|1722098475\n|move|p2a: Smeargle|Follow Me|p2a: Smeargle\n|-singleturn|p2a: Smeargle|move: Follow Me\n|move|p1b: Kyogre|Hydro Pump|p2a: Smeargle\n|-damage|p2a: Smeargle|0 fnt\n|faint|p2a: Smeargle\n|move|p1a: Farigiraf|Foul Play|p2b: Calyrex\n|-damage|p2b: Calyrex|47\/100\n|-enditem|p2b: Calyrex|Sitrus Berry|[eat]\n|-heal|p2b: Calyrex|72\/100|[from] item: Sitrus Berry\n|move|p2b: Calyrex|Trick Room|p2b: Calyrex\n|-fieldstart|move: Trick Room|[of] p2b: Calyrex\n|\n|-weather|RainDance|[upkeep]\n|upkeep\n|\n|t:|1722098490\n|switch|p2a: Urshifu|Urshifu, L50, M|100\/100\n|turn|3\n|\n|t:|1722098509\n|move|p2b: Calyrex|Glacial Lance|p1a: Farigiraf|[spread] p1a,p1b\n|-resisted|p1b: Kyogre\n|-damage|p1a: Farigiraf|10\/100\n|-damage|p1b: Kyogre|35\/100\n|move|p1a: Farigiraf|Foul Play|p2a: Urshifu\n|-resisted|p2a: Urshifu\n|-damage|p2a: Urshifu|93\/100\n|move|p2a: Urshifu|Wicked Blow|p1a: Farigiraf\n|-supereffective|p1a: Farigiraf\n|-crit|p1a: Farigiraf\n|-damage|p1a: Farigiraf|0 fnt\n|faint|p1a: Farigiraf\n|move|p1b: Kyogre|Hydro Pump|p2a: Urshifu\n|-damage|p2a: Urshifu|0 fnt\n|faint|p2a: Urshifu\n|\n|-weather|RainDance|[upkeep]\n|upkeep\n|j| Budew It\n|\n|t:|1722098524\n|switch|p1a: Archaludon|Archaludon, L50, F|100\/100\n|switch|p2a: Ursaluna|Ursaluna-Bloodmoon, L50, M|100\/100\n|turn|4\n|\n|t:|1722098545\n|-terastallize|p1a: Archaludon|Ghost\n|move|p2b: Calyrex|Glacial Lance|p1a: Archaludon|[spread] p1a,p1b\n|-crit|p1a: Archaludon\n|-resisted|p1b: Kyogre\n|-damage|p1a: Archaludon|30\/100\n|-damage|p1b: Kyogre|3\/100\n|move|p2a: Ursaluna|Earth Power|p1a: Archaludon\n|-damage|p1a: Archaludon|0 fnt\n|faint|p1a: Archaludon\n|-damage|p2a: Ursaluna|91\/100|[from] item: Life Orb\n|move|p1b: Kyogre|Hydro Pump|p2a: Ursaluna\n|-supereffective|p2a: Ursaluna\n|-damage|p2a: Ursaluna|0 fnt\n|faint|p2a: Ursaluna\n|\n|-weather|RainDance|[upkeep]\n|upkeep\n|\n|t:|1722098553\n|switch|p1a: Urshifu|Urshifu, L50, M|100\/100\n|turn|5\n|j| bimbo mafioso\n|\n|t:|1722098567\n|move|p2b: Calyrex|Glacial Lance|p1b: Kyogre|[spread] p1a,p1b\n|-resisted|p1b: Kyogre\n|-damage|p1a: Urshifu|37\/100\n|-damage|p1b: Kyogre|0 fnt\n|faint|p1b: Kyogre\n|-ability|p2b: Calyrex|Chilling Neigh|boost\n|-boost|p2b: Calyrex|atk|1\n|move|p1a: Urshifu|Close Combat|p2b: Calyrex\n|-damage|p2b: Calyrex|15\/100\n|-unboost|p1a: Urshifu|def|1\n|-unboost|p1a: Urshifu|spd|1\n|\n|-weather|none\n|upkeep\n|turn|6\n|\n|t:|1722098579\n|move|p2b: Calyrex|Glacial Lance|p1a: Urshifu\n|-damage|p1a: Urshifu|0 fnt\n|faint|p1a: Urshifu\n|\n|win|chuanOVO\n|raw|regigidragon's rating: 1718 &rarr; <strong>1705<\/strong><br \/>(-13 for losing)\n|raw|chuanOVO's rating: 1853 &rarr; <strong>1866<\/strong><br \/>(+13 for winning)\n|l| Budew It\n|l|\u2606regigidragon\n|player|p1|\n|l| bimbo mafioso\n|l|\u2606chuanOVO\n|player|p2|\n","uploadtime":1722098797,"views":27,"formatid":"gen9vgc2024regg","rating":1705,"private":0,"password":null}