{"id":"gen9vgc2024regg-2168259404","format":"[Gen 9] VGC 2024 Reg G","players":["Kwiper","JackoEk11"],"log":"|j|\u2606Kwiper\n|j|\u2606JackoEk11\n|t:|1722064348\n|gametype|doubles\n|player|p1|Kwiper|sycamore|1713\n|player|p2|JackoEk11|102|1731\n|teamsize|p1|6\n|teamsize|p2|6\n|gen|9\n|tier|[Gen 9] VGC 2024 Reg G\n|rated|\n|rule|Species Clause: Limit one of each Pok\u00e9mon\n|rule|Item Clause: Limit one of each item\n|clearpoke\n|poke|p1|Koraidon, L50|\n|poke|p1|Flutter Mane, L50|\n|poke|p1|Raging Bolt, L50|\n|poke|p1|Tornadus, L50, M|\n|poke|p1|Chi-Yu, L50|\n|poke|p1|Rillaboom, L50, F|\n|poke|p2|Dondozo, L50, F|\n|poke|p2|Tatsugiri, L50, M|\n|poke|p2|Miraidon, L50|\n|poke|p2|Farigiraf, L50, F|\n|poke|p2|Incineroar, L50, M|\n|poke|p2|Flutter Mane, L50|\n|teampreview|4\n|inactive|Battle timer is ON: inactive players will automatically lose when time's up. (requested by Kwiper)\n|\n|t:|1722064379\n|start\n|switch|p1a: Flutter Mane|Flutter Mane, L50|100\/100\n|switch|p1b: Koraidon|Koraidon, L50|100\/100\n|switch|p2a: Flutter Mane|Flutter Mane, L50|100\/100\n|switch|p2b: Miraidon|Miraidon, L50|100\/100\n|-fieldstart|move: Electric Terrain|[from] ability: Hadron Engine|[of] p2b: Miraidon\n|-weather|SunnyDay|[from] ability: Orichalcum Pulse|[of] p1b: Koraidon\n|-activate|p1a: Flutter Mane|ability: Protosynthesis\n|-start|p1a: Flutter Mane|protosynthesisspe\n|-activate|p2a: Flutter Mane|ability: Protosynthesis\n|-start|p2a: Flutter Mane|protosynthesisspe\n|-activate|p1b: Koraidon|Orichalcum Pulse|[source]\n|turn|1\n|inactive|JackoEk11 has 30 seconds left.\n|inactive|JackoEk11 has 20 seconds left.\n|\n|t:|1722064415\n|switch|p1b: Rillaboom|Rillaboom, L50, F|100\/100\n|-fieldstart|move: Grassy Terrain|[from] ability: Grassy Surge|[of] p1b: Rillaboom\n|move|p1a: Flutter Mane|Moonblast|p2b: Miraidon\n|-supereffective|p2b: Miraidon\n|-damage|p2b: Miraidon|4\/100\n|move|p2a: Flutter Mane|Icy Wind|p1b: Rillaboom|[spread] p1a,p1b\n|-supereffective|p1b: Rillaboom\n|-damage|p1a: Flutter Mane|84\/100\n|-damage|p1b: Rillaboom|81\/100\n|-unboost|p1a: Flutter Mane|spe|1\n|-unboost|p1b: Rillaboom|spe|1\n|move|p2b: Miraidon|Electro Drift|p1b: Rillaboom\n|-resisted|p1b: Rillaboom\n|-damage|p1b: Rillaboom|51\/100\n|\n|-weather|SunnyDay|[upkeep]\n|-heal|p1a: Flutter Mane|91\/100|[from] Grassy Terrain\n|-heal|p2b: Miraidon|10\/100|[from] Grassy Terrain\n|-heal|p1b: Rillaboom|57\/100|[from] Grassy Terrain\n|upkeep\n|turn|2\n|\n|t:|1722064434\n|move|p2a: Flutter Mane|Shadow Ball|p1a: Flutter Mane\n|-supereffective|p1a: Flutter Mane\n|-damage|p1a: Flutter Mane|7\/100\n|move|p1a: Flutter Mane|Icy Wind|p2a: Flutter Mane|[spread] p2a,p2b\n|-supereffective|p2b: Miraidon\n|-damage|p2a: Flutter Mane|85\/100\n|-damage|p2b: Miraidon|0 fnt\n|-unboost|p2a: Flutter Mane|spe|1\n|faint|p2b: Miraidon\n|move|p1b: Rillaboom|U-turn|p2a: Flutter Mane\n|-resisted|p2a: Flutter Mane\n|-damage|p2a: Flutter Mane|73\/100\n|j| THUNDERSND77\n|\n|t:|1722064440\n|switch|p1b: Raging Bolt|Raging Bolt, L50|100\/100|[from] U-turn\n|-activate|p1b: Raging Bolt|ability: Protosynthesis\n|-start|p1b: Raging Bolt|protosynthesisspa\n|\n|-weather|SunnyDay|[upkeep]\n|-heal|p1a: Flutter Mane|13\/100|[from] Grassy Terrain\n|-heal|p2a: Flutter Mane|79\/100|[from] Grassy Terrain\n|upkeep\n|\n|t:|1722064443\n|switch|p2b: Dondozo|Dondozo, L50, F|100\/100\n|turn|3\n|inactive|JackoEk11 has 30 seconds left.\n|\n|t:|1722064472\n|-terastallize|p1b: Raging Bolt|Electric\n|move|p2b: Dondozo|Protect|p2b: Dondozo\n|-singleturn|p2b: Dondozo|Protect\n|move|p1a: Flutter Mane|Moonblast|p2b: Dondozo\n|-activate|p2b: Dondozo|move: Protect\n|move|p2a: Flutter Mane|Moonblast|p1b: Raging Bolt\n|-damage|p1b: Raging Bolt|58\/100\n|move|p1b: Raging Bolt|Calm Mind|p1b: Raging Bolt\n|-boost|p1b: Raging Bolt|spa|1\n|-boost|p1b: Raging Bolt|spd|1\n|\n|-weather|SunnyDay|[upkeep]\n|-heal|p1a: Flutter Mane|19\/100|[from] Grassy Terrain\n|-heal|p2a: Flutter Mane|85\/100|[from] Grassy Terrain\n|-heal|p1b: Raging Bolt|64\/100|[from] Grassy Terrain\n|-heal|p1b: Raging Bolt|70\/100|[from] item: Leftovers\n|upkeep\n|turn|4\n|\n|t:|1722064488\n|-end|p2a: Flutter Mane|Protosynthesis|[silent]\n|switch|p2a: Tatsugiri|Tatsugiri, L50, M|100\/100\n|-activate|p2a: Tatsugiri|ability: Commander|[of] p2b: Dondozo\n|-boost|p2b: Dondozo|atk|2\n|-boost|p2b: Dondozo|spa|2\n|-boost|p2b: Dondozo|spe|2\n|-boost|p2b: Dondozo|def|2\n|-boost|p2b: Dondozo|spd|2\n|move|p1a: Flutter Mane|Shadow Ball|p2a: Tatsugiri|[miss]\n|-miss|p1a: Flutter Mane|p2a: Tatsugiri\n|move|p2b: Dondozo|Earthquake|p1b: Raging Bolt|[spread] p1a,p1b\n|-miss|p2b: Dondozo|p2a: Tatsugiri\n|-supereffective|p1b: Raging Bolt\n|-damage|p1a: Flutter Mane|0 fnt\n|-damage|p1b: Raging Bolt|34\/100\n|faint|p1a: Flutter Mane\n|-end|p1a: Flutter Mane|Protosynthesis|[silent]\n|move|p1b: Raging Bolt|Thunderbolt|p2b: Dondozo\n|-supereffective|p2b: Dondozo\n|-damage|p2b: Dondozo|4\/100\n|\n|-weather|SunnyDay|[upkeep]\n|-heal|p2b: Dondozo|11\/100|[from] Grassy Terrain\n|-heal|p2b: Dondozo|17\/100|[from] item: Leftovers\n|-heal|p1b: Raging Bolt|41\/100|[from] Grassy Terrain\n|-heal|p1b: Raging Bolt|47\/100|[from] item: Leftovers\n|upkeep\n|\n|t:|1722064500\n|switch|p1a: Koraidon|Koraidon, L50|100\/100\n|-activate|p1a: Koraidon|ability: Orichalcum Pulse\n|turn|5\n|\n|t:|1722064507\n|move|p2b: Dondozo|Protect|p2b: Dondozo\n|-singleturn|p2b: Dondozo|Protect\n|move|p1b: Raging Bolt|Thunderclap||[still]\n|-fail|p1b: Raging Bolt\n|move|p1a: Koraidon|Breaking Swipe|p2a: Tatsugiri|[spread] \n|-miss|p1a: Koraidon|p2a: Tatsugiri\n|-activate|p2b: Dondozo|move: Protect\n|\n|-weather|none\n|-end|p1b: Raging Bolt|Protosynthesis\n|-heal|p2b: Dondozo|23\/100|[from] Grassy Terrain\n|-heal|p2b: Dondozo|29\/100|[from] item: Leftovers\n|-heal|p1b: Raging Bolt|53\/100|[from] Grassy Terrain\n|-heal|p1b: Raging Bolt|59\/100|[from] item: Leftovers\n|-fieldend|move: Grassy Terrain\n|upkeep\n|turn|6\n|\n|t:|1722064531\n|switch|p1a: Rillaboom|Rillaboom, L50, F|57\/100\n|-fieldstart|move: Grassy Terrain|[from] ability: Grassy Surge|[of] p1a: Rillaboom\n|-terastallize|p2b: Dondozo|Dragon\n|move|p1b: Raging Bolt|Thunderclap|p2b: Dondozo\n|-resisted|p2b: Dondozo\n|-damage|p2b: Dondozo|16\/100\n|move|p2b: Dondozo|Earthquake|p1b: Raging Bolt|[spread] p1a,p1b\n|-miss|p2b: Dondozo|p2a: Tatsugiri\n|-resisted|p1a: Rillaboom\n|-supereffective|p1b: Raging Bolt\n|-crit|p1b: Raging Bolt\n|-damage|p1a: Rillaboom|46\/100\n|-damage|p1b: Raging Bolt|9\/100\n|\n|-heal|p2b: Dondozo|22\/100|[from] Grassy Terrain\n|-heal|p2b: Dondozo|28\/100|[from] item: Leftovers\n|-heal|p1a: Rillaboom|52\/100|[from] Grassy Terrain\n|-heal|p1b: Raging Bolt|16\/100|[from] Grassy Terrain\n|-heal|p1b: Raging Bolt|22\/100|[from] item: Leftovers\n|upkeep\n|turn|7\n|\n|t:|1722064550\n|move|p2b: Dondozo|Protect|p2b: Dondozo\n|-singleturn|p2b: Dondozo|Protect\n|move|p1a: Rillaboom|Fake Out|p2b: Dondozo\n|-activate|p2b: Dondozo|move: Protect\n|move|p1b: Raging Bolt|Calm Mind|p1b: Raging Bolt\n|-boost|p1b: Raging Bolt|spa|1\n|-boost|p1b: Raging Bolt|spd|1\n|\n|-heal|p2b: Dondozo|34\/100|[from] Grassy Terrain\n|-heal|p2b: Dondozo|40\/100|[from] item: Leftovers\n|-heal|p1a: Rillaboom|58\/100|[from] Grassy Terrain\n|-heal|p1b: Raging Bolt|28\/100|[from] Grassy Terrain\n|-heal|p1b: Raging Bolt|34\/100|[from] item: Leftovers\n|upkeep\n|turn|8\n|\n|t:|1722064564\n|switch|p1a: Koraidon|Koraidon, L50|100\/100\n|-weather|SunnyDay|[from] ability: Orichalcum Pulse|[of] p1a: Koraidon\n|-activate|p1b: Raging Bolt|ability: Protosynthesis\n|-start|p1b: Raging Bolt|protosynthesisspa\n|-activate|p1a: Koraidon|Orichalcum Pulse|[source]\n|move|p2b: Dondozo|Order Up|p1b: Raging Bolt\n|-damage|p1b: Raging Bolt|0 fnt\n|faint|p1b: Raging Bolt\n|-end|p1b: Raging Bolt|Protosynthesis|[silent]\n|-boost|p2b: Dondozo|atk|1\n|\n|-weather|SunnyDay|[upkeep]\n|-heal|p2b: Dondozo|47\/100|[from] Grassy Terrain\n|-heal|p2b: Dondozo|53\/100|[from] item: Leftovers\n|upkeep\n|\n|t:|1722064571\n|switch|p1b: Rillaboom|Rillaboom, L50, F|58\/100\n|turn|9\n|\n|t:|1722064576\n|move|p2b: Dondozo|Protect|p2b: Dondozo\n|-singleturn|p2b: Dondozo|Protect\n|move|p1b: Rillaboom|Fake Out|p2b: Dondozo\n|-activate|p2b: Dondozo|move: Protect\n|move|p1a: Koraidon|Breaking Swipe|p2b: Dondozo|[spread] \n|-miss|p1a: Koraidon|p2a: Tatsugiri\n|-activate|p2b: Dondozo|move: Protect\n|\n|-weather|SunnyDay|[upkeep]\n|-heal|p2b: Dondozo|59\/100|[from] Grassy Terrain\n|-heal|p2b: Dondozo|65\/100|[from] item: Leftovers\n|-heal|p1b: Rillaboom|64\/100|[from] Grassy Terrain\n|upkeep\n|turn|10\n|\n|t:|1722064580\n|move|p1a: Koraidon|Breaking Swipe|p2a: Tatsugiri|[spread] p2b\n|-miss|p1a: Koraidon|p2a: Tatsugiri\n|-supereffective|p2b: Dondozo\n|-damage|p2b: Dondozo|41\/100\n|-unboost|p2b: Dondozo|atk|1\n|move|p2b: Dondozo|Order Up|p1a: Koraidon\n|-supereffective|p1a: Koraidon\n|-damage|p1a: Koraidon|0 fnt\n|faint|p1a: Koraidon\n|-boost|p2b: Dondozo|atk|1\n|move|p1b: Rillaboom|Wood Hammer|p2b: Dondozo\n|-resisted|p2b: Dondozo\n|-damage|p2b: Dondozo|27\/100\n|-damage|p1b: Rillaboom|59\/100|[from] Recoil\n|\n|-weather|SunnyDay|[upkeep]\n|-heal|p2b: Dondozo|33\/100|[from] Grassy Terrain\n|-heal|p2b: Dondozo|39\/100|[from] item: Leftovers\n|-heal|p1b: Rillaboom|65\/100|[from] Grassy Terrain\n|-fieldend|move: Grassy Terrain\n|upkeep\n|turn|11\n|-message|Kwiper forfeited.\n|\n|win|JackoEk11\n|raw|Kwiper's rating: 1713 &rarr; <strong>1694<\/strong><br \/>(-19 for losing)\n|raw|JackoEk11's rating: 1731 &rarr; <strong>1750<\/strong><br \/>(+19 for winning)\n|l|\u2606Kwiper\n|player|p1|\n|l|\u2606JackoEk11\n|player|p2|\n","uploadtime":1722064746,"views":26,"formatid":"gen9vgc2024regg","rating":1694,"private":0,"password":null}