{"id":"gen9vgc2024regg-2168765752","format":"[Gen 9] VGC 2024 Reg G","players":["Krisuerte","Paradox Mourinho"],"log":"|j|\u2606Krisuerte\n|j|\u2606Paradox Mourinho\n|t:|1722143053\n|gametype|doubles\n|player|p1|Krisuerte|2|1802\n|player|p2|Paradox Mourinho|lance|1746\n|teamsize|p1|6\n|teamsize|p2|6\n|gen|9\n|tier|[Gen 9] VGC 2024 Reg G\n|rated|\n|rule|Species Clause: Limit one of each Pok\u00e9mon\n|rule|Item Clause: Limit one of each item\n|clearpoke\n|poke|p1|Groudon, L50|\n|poke|p1|Gouging Fire, L50|\n|poke|p1|Raging Bolt, L50|\n|poke|p1|Flutter Mane, L50|\n|poke|p1|Walking Wake, L50|\n|poke|p1|Urshifu-*, L50, F|\n|poke|p2|Calyrex-Shadow, L50|\n|poke|p2|Maushold, L50|\n|poke|p2|Tatsugiri, L50, M|\n|poke|p2|Dondozo, L50, M|\n|poke|p2|Mienshao, L50, F|\n|poke|p2|Weezing-Galar, L50, F|\n|teampreview|4\n|inactive|Battle timer is ON: inactive players will automatically lose when time's up. (requested by Krisuerte)\n|\n|t:|1722143068\n|start\n|switch|p1a: Groudon|Groudon, L50|100\/100\n|switch|p1b: Flutter Mane|Flutter Mane, L50|100\/100\n|switch|p2a: Calyrex|Calyrex-Shadow, L50|100\/100\n|switch|p2b: Weezing|Weezing-Galar, L50, F|100\/100\n|-ability|p2a: Calyrex|As One\n|-ability|p2a: Calyrex|Unnerve\n|-ability|p2b: Weezing|Neutralizing Gas\n|turn|1\n|\n|t:|1722143085\n|-terastallize|p1a: Groudon|Fire\n|move|p2b: Weezing|Protect|p2b: Weezing\n|-singleturn|p2b: Weezing|Protect\n|move|p2a: Calyrex|Astral Barrage|p1a: Groudon|[spread] p1a,p1b\n|-supereffective|p1b: Flutter Mane\n|-crit|p1b: Flutter Mane\n|-damage|p1a: Groudon|56\/100\n|-enditem|p1b: Flutter Mane|Focus Sash\n|-damage|p1b: Flutter Mane|1\/100\n|move|p1a: Groudon|Precipice Blades|p2b: Weezing|[spread] p2a\n|-activate|p2b: Weezing|move: Protect\n|-damage|p2a: Calyrex|39\/100\n|move|p1b: Flutter Mane|Trick Room|p1b: Flutter Mane\n|-fieldstart|move: Trick Room|[of] p1b: Flutter Mane\n|\n|upkeep\n|turn|2\n|j| InstantFe\n|inactive|Krisuerte has 30 seconds left.\n|inactive|Paradox Mourinho has 30 seconds left.\n|\n|t:|1722143115\n|switch|p2a: Dondozo|Dondozo, L50, M|100\/100\n|move|p2b: Weezing|Protect||[still]\n|-fail|p2b: Weezing\n|move|p1a: Groudon|Precipice Blades|p2a: Dondozo|[spread] p2b\n|-miss|p1a: Groudon|p2a: Dondozo\n|-supereffective|p2b: Weezing\n|-damage|p2b: Weezing|0 fnt\n|faint|p2b: Weezing\n|-end|p2b: Weezing|ability: Neutralizing Gas\n|-weather|SunnyDay|[from] ability: Drought|[of] p1a: Groudon\n|-activate|p1b: Flutter Mane|ability: Protosynthesis\n|-start|p1b: Flutter Mane|protosynthesisspe\n|move|p1b: Flutter Mane|Shadow Ball|p2a: Dondozo\n|-damage|p2a: Dondozo|64\/100\n|\n|-weather|SunnyDay|[upkeep]\n|-heal|p2a: Dondozo|70\/100|[from] item: Leftovers\n|upkeep\n|\n|t:|1722143128\n|switch|p2b: Calyrex|Calyrex-Shadow, L50|39\/100\n|-ability|p2b: Calyrex|As One\n|-ability|p2b: Calyrex|Unnerve\n|turn|3\n|\n|t:|1722143149\n|switch|p2b: Tatsugiri|Tatsugiri, L50, M|100\/100\n|-activate|p2b: Tatsugiri|ability: Commander|[of] p2a: Dondozo\n|-boost|p2a: Dondozo|atk|2\n|-boost|p2a: Dondozo|spa|2\n|-boost|p2a: Dondozo|spe|2\n|-boost|p2a: Dondozo|def|2\n|-boost|p2a: Dondozo|spd|2\n|move|p1a: Groudon|Precipice Blades|p2b: Tatsugiri|[spread] \n|-miss|p1a: Groudon|p2b: Tatsugiri\n|-miss|p1a: Groudon|p2a: Dondozo\n|move|p2a: Dondozo|Wave Crash|p1a: Groudon\n|-supereffective|p1a: Groudon\n|-damage|p1a: Groudon|0 fnt\n|faint|p1a: Groudon\n|-damage|p2a: Dondozo|54\/100|[from] Recoil\n|move|p1b: Flutter Mane|Moonblast|p2a: Dondozo\n|-damage|p2a: Dondozo|33\/100\n|\n|-weather|SunnyDay|[upkeep]\n|-heal|p2a: Dondozo|39\/100|[from] item: Leftovers\n|upkeep\n|\n|t:|1722143171\n|switch|p1a: Urshifu|Urshifu, L50, F|100\/100\n|turn|4\n|inactive|Paradox Mourinho has 30 seconds left.\n|\n|t:|1722143199\n|move|p2a: Dondozo|Order Up|p1a: Urshifu\n|-damage|p1a: Urshifu|55\/100\n|-boost|p2a: Dondozo|atk|1\n|move|p1a: Urshifu|Wicked Blow|p2a: Dondozo\n|-crit|p2a: Dondozo\n|-damage|p2a: Dondozo|0 fnt\n|faint|p2a: Dondozo\n|move|p1b: Flutter Mane|Moonblast|p2b: Tatsugiri\n|-supereffective|p2b: Tatsugiri\n|-damage|p2b: Tatsugiri|38\/100\n|\n|-weather|SunnyDay|[upkeep]\n|upkeep\n|\n|t:|1722143202\n|switch|p2a: Calyrex|Calyrex-Shadow, L50|39\/100\n|-ability|p2a: Calyrex|As One\n|-ability|p2a: Calyrex|Unnerve\n|turn|5\n|inactive|Krisuerte has 30 seconds left.\n|\n|t:|1722143231\n|move|p1b: Flutter Mane|Protect|p1b: Flutter Mane\n|-singleturn|p1b: Flutter Mane|Protect\n|move|p2b: Tatsugiri|Muddy Water|p1b: Flutter Mane|[spread] p1a\n|-activate|p1b: Flutter Mane|move: Protect\n|-damage|p1a: Urshifu|34\/100\n|move|p1a: Urshifu|Wicked Blow|p2a: Calyrex\n|-supereffective|p2a: Calyrex\n|-crit|p2a: Calyrex\n|-damage|p2a: Calyrex|0 fnt\n|faint|p2a: Calyrex\n|\n|-weather|SunnyDay|[upkeep]\n|-fieldend|move: Trick Room\n|upkeep\n|turn|6\n|\n|t:|1722143247\n|move|p1b: Flutter Mane|Moonblast|p2b: Tatsugiri\n|-supereffective|p2b: Tatsugiri\n|-damage|p2b: Tatsugiri|0 fnt\n|faint|p2b: Tatsugiri\n|\n|win|Krisuerte\n|raw|Krisuerte's rating: 1802 &rarr; <strong>1819<\/strong><br \/>(+17 for winning)\n|raw|Paradox Mourinho's rating: 1746 &rarr; <strong>1729<\/strong><br \/>(-17 for losing)\n|l| InstantFe\n|l|\u2606Paradox Mourinho\n|player|p2|\n|l|\u2606Krisuerte\n|player|p1|\n","uploadtime":1722143404,"views":57,"formatid":"gen9vgc2024regg","rating":1729,"private":0,"password":null}