{"id":"gen9vgc2024regg-2168111553","format":"[Gen 9] VGC 2024 Reg G","players":["PSG.LGD.DD","Dathluke"],"log":"|j|\u2606PSG.LGD.DD\n|j|\u2606Dathluke\n|t:|1722039313\n|gametype|doubles\n|player|p1|PSG.LGD.DD|youngster-gen4dp|1707\n|player|p2|Dathluke|larry|1805\n|teamsize|p1|6\n|teamsize|p2|6\n|gen|9\n|tier|[Gen 9] VGC 2024 Reg G\n|rated|\n|rule|Species Clause: Limit one of each Pok\u00e9mon\n|rule|Item Clause: Limit one of each item\n|clearpoke\n|poke|p1|Urshifu-*, L50, F|\n|poke|p1|Incineroar, L50, F|\n|poke|p1|Terapagos, L50, M|\n|poke|p1|Sinistcha, L50|\n|poke|p1|Grimmsnarl, L50, M|\n|poke|p1|Flutter Mane, L50|\n|poke|p2|Miraidon, L50|\n|poke|p2|Iron Hands, L50|\n|poke|p2|Whimsicott, L50, M|\n|poke|p2|Farigiraf, L50, M|\n|poke|p2|Entei, L50|\n|poke|p2|Urshifu-*, L50, M|\n|teampreview|4\nDathluke has agreed to open team sheets.\n|inactive|Battle timer is ON: inactive players will automatically lose when time's up. (requested by Dathluke)\n|inactive|PSG.LGD.DD has 60 seconds left.\n|\n|t:|1722039348\n|start\n|switch|p1a: Flutter Mane|Flutter Mane, L50|100\/100\n|switch|p1b: Grimmsnarl|Grimmsnarl, L50, M|100\/100\n|switch|p2a: Miraidon|Miraidon, L50|100\/100\n|switch|p2b: Iron Hands|Iron Hands, L50|100\/100\n|-fieldstart|move: Electric Terrain|[from] ability: Hadron Engine|[of] p2a: Miraidon\n|-activate|p2b: Iron Hands|ability: Quark Drive\n|-start|p2b: Iron Hands|quarkdriveatk\n|-enditem|p1a: Flutter Mane|Booster Energy\n|-activate|p1a: Flutter Mane|ability: Protosynthesis|[fromitem]\n|-start|p1a: Flutter Mane|protosynthesisspe\n|turn|1\n|j| chuanOVO\n|\n|t:|1722039367\n|-terastallize|p2a: Miraidon|Fairy\n|move|p2b: Iron Hands|Fake Out|p1b: Grimmsnarl\n|-damage|p1b: Grimmsnarl|80\/100\n|cant|p1b: Grimmsnarl|flinch\n|move|p1a: Flutter Mane|Moonblast|p2a: Miraidon\n|-damage|p2a: Miraidon|53\/100\n|-unboost|p2a: Miraidon|spa|1\n|move|p2a: Miraidon|Dazzling Gleam|p1b: Grimmsnarl|[spread] p1a,p1b\n|-supereffective|p1b: Grimmsnarl\n|-damage|p1a: Flutter Mane|57\/100\n|-damage|p1b: Grimmsnarl|9\/100\n|\n|upkeep\n|turn|2\n|\n|t:|1722039385\n|switch|p2a: Farigiraf|Farigiraf, L50, M|100\/100\n|-enditem|p2a: Farigiraf|Electric Seed\n|-boost|p2a: Farigiraf|def|1|[from] item: Electric Seed\n|move|p1b: Grimmsnarl|Light Screen|p1b: Grimmsnarl\n|-sidestart|p1: PSG.LGD.DD|move: Light Screen\n|move|p1a: Flutter Mane|Shadow Ball|p2a: Farigiraf\n|-immune|p2a: Farigiraf\n|move|p2b: Iron Hands|Wild Charge|p1a: Flutter Mane\n|-damage|p1a: Flutter Mane|0 fnt\n|faint|p1a: Flutter Mane\n|-end|p1a: Flutter Mane|Protosynthesis|[silent]\n|-damage|p2b: Iron Hands|93\/100|[from] Recoil\n|\n|upkeep\n|\n|t:|1722039388\n|switch|p1a: Terapagos|Terapagos, L50, M|100\/100\n|-activate|p1a: Terapagos|ability: Tera Shift\n|detailschange|p1a: Terapagos|Terapagos-Terastal, L50, M\n|-heal|p1a: Terapagos|100\/100|[silent]\n|turn|3\n|\n|t:|1722039405\n|move|p1b: Grimmsnarl|Reflect|p1b: Grimmsnarl\n|-sidestart|p1: PSG.LGD.DD|Reflect\n|move|p1a: Terapagos|Calm Mind|p1a: Terapagos\n|-boost|p1a: Terapagos|spa|1\n|-boost|p1a: Terapagos|spd|1\n|move|p2a: Farigiraf|Psychic Noise|p1a: Terapagos\n|-activate|p1a: Terapagos|ability: Tera Shell\n|-resisted|p1a: Terapagos\n|-crit|p1a: Terapagos\n|-damage|p1a: Terapagos|80\/100\n|-start|p1a: Terapagos|move: Heal Block\n|move|p2b: Iron Hands|Wild Charge|p1b: Grimmsnarl\n|-damage|p1b: Grimmsnarl|0 fnt\n|faint|p1b: Grimmsnarl\n|-damage|p2b: Iron Hands|91\/100|[from] Recoil\n|\n|upkeep\n|\n|t:|1722039412\n|switch|p1b: Sinistcha|Sinistcha, L50|100\/100\n|turn|4\n|\n|t:|1722039423\n|move|p1a: Terapagos|Earth Power|p2b: Iron Hands\n|-supereffective|p2b: Iron Hands\n|-damage|p2b: Iron Hands|41\/100\n|move|p1b: Sinistcha|Matcha Gotcha|p2a: Farigiraf|[spread] p2a,p2b\n|-damage|p2a: Farigiraf|82\/100\n|-damage|p2b: Iron Hands|29\/100\n|move|p2a: Farigiraf|Foul Play|p1b: Sinistcha\n|-supereffective|p1b: Sinistcha\n|-damage|p1b: Sinistcha|89\/100\n|-damage|p2a: Farigiraf|65\/100|[from] item: Rocky Helmet|[of] p1b: Sinistcha\n|move|p2b: Iron Hands|Wild Charge|p1b: Sinistcha\n|-resisted|p1b: Sinistcha\n|-damage|p1b: Sinistcha|70\/100\n|-damage|p2b: Iron Hands|13\/100|[from] item: Rocky Helmet|[of] p1b: Sinistcha\n|-damage|p2b: Iron Hands|9\/100|[from] Recoil\n|\n|-end|p1a: Terapagos|move: Heal Block\n|upkeep\n|turn|5\n|\n|t:|1722039439\n|move|p1a: Terapagos|Calm Mind|p1a: Terapagos\n|-boost|p1a: Terapagos|spa|1\n|-boost|p1a: Terapagos|spd|1\n|move|p1b: Sinistcha|Life Dew|p1b: Sinistcha|[spread] p1a,p1b\n|-heal|p1a: Terapagos|100\/100\n|-heal|p1b: Sinistcha|95\/100\n|move|p2a: Farigiraf|Psychic Noise|p1b: Sinistcha\n|-damage|p1b: Sinistcha|74\/100\n|-start|p1b: Sinistcha|move: Heal Block\n|move|p2b: Iron Hands|Drain Punch|p1a: Terapagos\n|-activate|p1a: Terapagos|ability: Tera Shell\n|-resisted|p1a: Terapagos\n|-damage|p1a: Terapagos|83\/100\n|-heal|p2b: Iron Hands|15\/100|[from] drain|[of] p1a: Terapagos\n|\n|-heal|p1a: Terapagos|89\/100|[from] item: Leftovers\n|-fieldend|move: Electric Terrain\n|-end|p2b: Iron Hands|Quark Drive\n|upkeep\n|turn|6\n|\n|t:|1722039456\n|move|p1b: Sinistcha|Rage Powder|p1b: Sinistcha\n|-singleturn|p1b: Sinistcha|move: Rage Powder\n|move|p1a: Terapagos|Earth Power|p2b: Iron Hands\n|-supereffective|p2b: Iron Hands\n|-damage|p2b: Iron Hands|0 fnt\n|faint|p2b: Iron Hands\n|-end|p2b: Iron Hands|Quark Drive|[silent]\n|move|p2a: Farigiraf|Psychic Noise|p1b: Sinistcha\n|-damage|p1b: Sinistcha|51\/100\n|\n|-heal|p1a: Terapagos|95\/100|[from] item: Leftovers\n|-end|p1b: Sinistcha|move: Heal Block\n|upkeep\n|\n|t:|1722039463\n|switch|p2b: Urshifu|Urshifu, L50, M|100\/100\n|turn|7\n|\n|t:|1722039472\n|move|p1b: Sinistcha|Rage Powder|p1b: Sinistcha\n|-singleturn|p1b: Sinistcha|move: Rage Powder\n|move|p2b: Urshifu|Wicked Blow|p1b: Sinistcha\n|-supereffective|p1b: Sinistcha\n|-crit|p1b: Sinistcha\n|-damage|p1b: Sinistcha|0 fnt\n|-damage|p2b: Urshifu|84\/100|[from] item: Rocky Helmet|[of] p1b: Sinistcha\n|faint|p1b: Sinistcha\n|move|p1a: Terapagos|Tera Starstorm|p2b: Urshifu\n|-damage|p2b: Urshifu|0 fnt\n|faint|p2b: Urshifu\n|move|p2a: Farigiraf|Psychic Noise|p1a: Terapagos\n|-damage|p1a: Terapagos|85\/100\n|-start|p1a: Terapagos|move: Heal Block\n|\n|upkeep\n|\n|t:|1722039479\n|switch|p2b: Miraidon|Miraidon, L50, tera:Fairy|53\/100\n|-fieldstart|move: Electric Terrain|[from] ability: Hadron Engine|[of] p2b: Miraidon\n|turn|8\n|\n|t:|1722039485\n|-terastallize|p1a: Terapagos|Stellar\n|detailschange|p1a: Terapagos|Terapagos-Stellar, L50, M, tera:Stellar\n|-heal|p1a: Terapagos|89\/100|[silent]\n|-ability|p1a: Terapagos|Teraform Zero\n|-fieldend|move: Electric Terrain\n|move|p2a: Farigiraf|Helping Hand|p2b: Miraidon\n|-singleturn|p2b: Miraidon|Helping Hand|[of] p2a: Farigiraf\n|move|p2b: Miraidon|Electro Drift|p1a: Terapagos\n|-damage|p1a: Terapagos|63\/100\n|move|p1a: Terapagos|Tera Starstorm|p2b: Miraidon|[spread] p2a,p2b\n|-supereffective|p2b: Miraidon\n|-damage|p2a: Farigiraf|0 fnt\n|-damage|p2b: Miraidon|0 fnt\n|faint|p2a: Farigiraf\n|faint|p2b: Miraidon\n|\n|win|PSG.LGD.DD\n|raw|PSG.LGD.DD's rating: 1707 &rarr; <strong>1732<\/strong><br \/>(+25 for winning)\n|raw|Dathluke's rating: 1805 &rarr; <strong>1780<\/strong><br \/>(-25 for losing)\n|l|\u2606Dathluke\n|player|p2|\n|l|\u2606PSG.LGD.DD\n|player|p1|\n|l| chuanOVO\n","uploadtime":1722039703,"views":22,"formatid":"gen9vgc2024regg","rating":1732,"private":0,"password":null}