{"id":"gen9vgc2024regg-2168616372","format":"[Gen 9] VGC 2024 Reg G","players":["sirazurill","testing_chue"],"log":"|j|\u2606sirazurill\n|j|\u2606testing_chue\n|t:|1722120095\n|gametype|doubles\n|player|p1|sirazurill|266|1698\n|player|p2|testing_chue|doctor|1699\n|teamsize|p1|6\n|teamsize|p2|6\n|gen|9\n|tier|[Gen 9] VGC 2024 Reg G\n|rated|\n|rule|Species Clause: Limit one of each Pok\u00e9mon\n|rule|Item Clause: Limit one of each item\n|clearpoke\n|poke|p1|Pelipper, L50, F|\n|poke|p1|Ursaluna-Bloodmoon, L50, M|\n|poke|p1|Calyrex-Ice, L50|\n|poke|p1|Urshifu-*, L50, F|\n|poke|p1|Archaludon, L50, F|\n|poke|p1|Rillaboom, L50, M|\n|poke|p2|Calyrex-Ice, L50|\n|poke|p2|Alcremie-Matcha-Cream, L50, F|\n|poke|p2|Ursaluna-Bloodmoon, L50, M|\n|poke|p2|Indeedee-F, L50, F|\n|poke|p2|Urshifu-*, L50, M|\n|poke|p2|Smeargle, L50, M|\n|teampreview|4\n|inactive|Battle timer is ON: inactive players will automatically lose when time's up. (requested by testing_chue)\n|j| sileshar\n|inactive|sirazurill has 60 seconds left.\n|\n|t:|1722120148\n|start\n|switch|p1a: Pelipper|Pelipper, L50, F|100\/100\n|switch|p1b: Calyrex|Calyrex-Ice, L50|100\/100\n|switch|p2a: Smeargle|Smeargle, L50, M|100\/100\n|switch|p2b: Calyrex|Calyrex-Ice, L50|100\/100\n|-ability|p1b: Calyrex|As One\n|-ability|p1b: Calyrex|Unnerve\n|-ability|p2b: Calyrex|As One\n|-ability|p2b: Calyrex|Unnerve\n|-weather|RainDance|[from] ability: Drizzle|[of] p1a: Pelipper\n|turn|1\n|\n|t:|1722120159\n|switch|p1b: Rillaboom|Rillaboom, L50, M|100\/100\n|-fieldstart|move: Grassy Terrain|[from] ability: Grassy Surge|[of] p1b: Rillaboom\n|move|p2a: Smeargle|Fake Out|p1b: Rillaboom\n|-damage|p1b: Rillaboom|96\/100\n|move|p1a: Pelipper|Wide Guard|p1a: Pelipper\n|-singleturn|p1a: Pelipper|Wide Guard\n|move|p2b: Calyrex|Trick Room|p2b: Calyrex\n|-fieldstart|move: Trick Room|[of] p2b: Calyrex\n|\n|-weather|RainDance|[upkeep]\n|-heal|p1b: Rillaboom|100\/100|[from] Grassy Terrain\n|-ability|p2a: Smeargle|Moody|boost\n|-boost|p2a: Smeargle|def|2\n|-unboost|p2a: Smeargle|spd|1\n|-enditem|p2a: Smeargle|Eject Pack\n|upkeep\n|\n|t:|1722120164\n|switch|p2a: Alcremie|Alcremie-Matcha-Cream, L50, F|100\/100\n|turn|2\n|inactive|sirazurill has 30 seconds left.\n|inactive|sirazurill has 20 seconds left.\n|\n|t:|1722120201\n|switch|p2b: Smeargle|Smeargle, L50, M|100\/100\n|move|p1b: Rillaboom|Fake Out|p2b: Smeargle\n|-damage|p2b: Smeargle|67\/100\n|move|p2a: Alcremie|Encore|p1a: Pelipper\n|-start|p1a: Pelipper|Encore\n|move|p1a: Pelipper|Wide Guard||[still]\n|-fail|p1a: Pelipper\n|\n|-weather|RainDance|[upkeep]\n|-heal|p2b: Smeargle|73\/100|[from] Grassy Terrain\n|-ability|p2b: Smeargle|Moody|boost\n|-boost|p2b: Smeargle|spa|2\n|-unboost|p2b: Smeargle|atk|1\n|upkeep\n|turn|3\n|\n|t:|1722120224\n|switch|p2b: Ursaluna|Ursaluna-Bloodmoon, L50, M|100\/100\n|move|p1a: Pelipper|Wide Guard|p1a: Pelipper\n|-singleturn|p1a: Pelipper|Wide Guard\n|move|p2a: Alcremie|Decorate|p2b: Ursaluna\n|-boost|p2b: Ursaluna|atk|2\n|-boost|p2b: Ursaluna|spa|2\n|move|p1b: Rillaboom|Wood Hammer|p2b: Ursaluna\n|-supereffective|p2b: Ursaluna\n|-damage|p2b: Ursaluna|0 fnt\n|faint|p2b: Ursaluna\n|-damage|p1b: Rillaboom|66\/100|[from] Recoil\n|\n|-weather|RainDance|[upkeep]\n|-heal|p1b: Rillaboom|72\/100|[from] Grassy Terrain\n|upkeep\n|\n|t:|1722120238\n|switch|p2b: Calyrex|Calyrex-Ice, L50|100\/100\n|-ability|p2b: Calyrex|As One\n|-ability|p2b: Calyrex|Unnerve\n|turn|4\n|\n|t:|1722120260\n|-terastallize|p2b: Calyrex|Fire\n|move|p1a: Pelipper|Wide Guard|p1a: Pelipper\n|-singleturn|p1a: Pelipper|Wide Guard\n|move|p1b: Rillaboom|Grassy Glide|p2b: Calyrex\n|-resisted|p2b: Calyrex\n|-damage|p2b: Calyrex|85\/100\n|move|p2a: Alcremie|Alluring Voice|p1a: Pelipper\n|-damage|p1a: Pelipper|57\/100\n|move|p2b: Calyrex|High Horsepower|p1b: Rillaboom\n|-resisted|p1b: Rillaboom\n|-crit|p1b: Rillaboom\n|-damage|p1b: Rillaboom|43\/100\n|\n|-weather|RainDance|[upkeep]\n|-heal|p2b: Calyrex|90\/100|[from] Grassy Terrain\n|-heal|p1b: Rillaboom|48\/100|[from] Grassy Terrain\n|-end|p1a: Pelipper|Encore\n|upkeep\n|turn|5\n|\n|t:|1722120276\n|move|p1a: Pelipper|Wide Guard|p1a: Pelipper\n|-singleturn|p1a: Pelipper|Wide Guard\n|move|p2a: Alcremie|Encore|p1a: Pelipper\n|-start|p1a: Pelipper|Encore\n|move|p2b: Calyrex|High Horsepower|p1b: Rillaboom\n|-resisted|p1b: Rillaboom\n|-damage|p1b: Rillaboom|28\/100\n|move|p1b: Rillaboom|Wood Hammer|p2a: Alcremie\n|-damage|p2a: Alcremie|2\/100\n|-damage|p1b: Rillaboom|1\/100|[from] Recoil\n|\n|-weather|none\n|-heal|p2a: Alcremie|8\/100|[from] Grassy Terrain\n|-heal|p2b: Calyrex|96\/100|[from] Grassy Terrain\n|-heal|p1b: Rillaboom|7\/100|[from] Grassy Terrain\n|-fieldend|move: Trick Room\n|-fieldend|move: Grassy Terrain\n|upkeep\n|turn|6\n|inactive|sirazurill has 30 seconds left.\n|inactive|sirazurill has 20 seconds left.\n|inactive|sirazurill has 15 seconds left.\n|inactive|sirazurill has 10 seconds left.\n|\n|t:|1722120324\n|switch|p2a: Smeargle|Smeargle, L50, M|73\/100\n|move|p1a: Pelipper|Wide Guard|p1a: Pelipper\n|-singleturn|p1a: Pelipper|Wide Guard\n|move|p1b: Rillaboom|U-turn|p2a: Smeargle\n|-damage|p2a: Smeargle|12\/100\n|\n|t:|1722120330\n|switch|p1b: Calyrex|Calyrex-Ice, L50|100\/100|[from] U-turn\n|-ability|p1b: Calyrex|As One\n|-ability|p1b: Calyrex|Unnerve\n|move|p2b: Calyrex|Trick Room|p2b: Calyrex\n|-fieldstart|move: Trick Room|[of] p2b: Calyrex\n|\n|-ability|p2a: Smeargle|Moody|boost\n|-boost|p2a: Smeargle|spa|2\n|-unboost|p2a: Smeargle|def|1\n|upkeep\n|turn|7\n|j| zxc123zxc\n|\n|t:|1722120354\n|move|p1a: Pelipper|Wide Guard|p1a: Pelipper\n|-singleturn|p1a: Pelipper|Wide Guard\n|move|p2a: Smeargle|Fake Out|p1a: Pelipper\n|-damage|p1a: Pelipper|52\/100\n|move|p1b: Calyrex|Glacial Lance|p2b: Calyrex|[spread] p2a,p2b\n|-resisted|p2b: Calyrex\n|-damage|p2a: Smeargle|0 fnt\n|-damage|p2b: Calyrex|77\/100\n|faint|p2a: Smeargle\n|-ability|p1b: Calyrex|Chilling Neigh|boost\n|-boost|p1b: Calyrex|atk|1\n|move|p2b: Calyrex|Glacial Lance|p1b: Calyrex|[spread] \n|-activate|p1a: Pelipper|move: Wide Guard\n|-activate|p1b: Calyrex|move: Wide Guard\n|\n|upkeep\n|-message|testing_chue forfeited.\n|\n|win|sirazurill\n|raw|sirazurill's rating: 1698 &rarr; <strong>1718<\/strong><br \/>(+20 for winning)\n|raw|testing_chue's rating: 1699 &rarr; <strong>1679<\/strong><br \/>(-20 for losing)\n|l|\u2606testing_chue\n|player|p2|\n|l| zxc123zxc\n|l|\u2606sirazurill\n|player|p1|\n","uploadtime":1722120552,"views":22,"formatid":"gen9vgc2024regg","rating":1679,"private":0,"password":null}