{"id":"gen9vgc2024regg-2168469893","format":"[Gen 9] VGC 2024 Reg G","players":["sturbyy","YuanqiNono"],"log":"|j|\u2606sturbyy\n|j|\u2606YuanqiNono\n|t:|1722100703\n|gametype|doubles\n|player|p1|sturbyy|102|1692\n|player|p2|YuanqiNono|170|1706\n|teamsize|p1|6\n|teamsize|p2|6\n|gen|9\n|tier|[Gen 9] VGC 2024 Reg G\n|rated|\n|rule|Species Clause: Limit one of each Pok\u00e9mon\n|rule|Item Clause: Limit one of each item\n|clearpoke\n|poke|p1|Calyrex-Ice, L50|\n|poke|p1|Incineroar, L50, F|\n|poke|p1|Urshifu-*, L50, M|\n|poke|p1|Rillaboom, L50, F|\n|poke|p1|Gholdengo, L50|\n|poke|p1|Pelipper, L50, F|\n|poke|p2|Zacian-*, L50|\n|poke|p2|Amoonguss, L50, M|\n|poke|p2|Urshifu-*, L50, F|\n|poke|p2|Raging Bolt, L50|\n|poke|p2|Gholdengo, L50|\n|poke|p2|Tornadus, L50, M|\n|teampreview|4\n|\n|t:|1722100747\n|start\n|switch|p1a: Calyrex|Calyrex-Ice, L50|100\/100\n|switch|p1b: Incineroar|Incineroar, L50, F|100\/100\n|switch|p2a: Zacian|Zacian-Crowned, L50|100\/100\n|switch|p2b: Tornadus|Tornadus, L50, M|100\/100\n|-ability|p1a: Calyrex|As One\n|-ability|p1a: Calyrex|Unnerve\n|-ability|p2a: Zacian|Intrepid Sword|boost\n|-boost|p2a: Zacian|atk|1\n|-ability|p1b: Incineroar|Intimidate|boost\n|-unboost|p2a: Zacian|atk|1\n|-unboost|p2b: Tornadus|atk|1\n|turn|1\n|\n|t:|1722100763\n|move|p2a: Zacian|Protect|p2a: Zacian\n|-singleturn|p2a: Zacian|Protect\n|move|p1b: Incineroar|Fake Out|p2a: Zacian\n|-activate|p2a: Zacian|move: Protect\n|move|p2b: Tornadus|Bleakwind Storm|p1a: Calyrex|[spread] p1a,p1b\n|-damage|p1a: Calyrex|72\/100\n|-damage|p1b: Incineroar|73\/100\n|move|p1a: Calyrex|Glacial Lance|p2a: Zacian|[spread] p2b\n|-activate|p2a: Zacian|move: Protect\n|-supereffective|p2b: Tornadus\n|-enditem|p2b: Tornadus|Focus Sash\n|-damage|p2b: Tornadus|1\/100\n|\n|upkeep\n|turn|2\n|\n|t:|1722100784\n|move|p1a: Calyrex|Protect|p1a: Calyrex\n|-singleturn|p1a: Calyrex|Protect\n|move|p2a: Zacian|Sacred Sword|p1b: Incineroar\n|-supereffective|p1b: Incineroar\n|-damage|p1b: Incineroar|14\/100\n|move|p2b: Tornadus|Bleakwind Storm|p1a: Calyrex|[spread] p1b\n|-activate|p1a: Calyrex|move: Protect\n|-damage|p1b: Incineroar|0 fnt\n|faint|p1b: Incineroar\n|\n|upkeep\n|\n|t:|1722100796\n|switch|p1b: Gholdengo|Gholdengo, L50|100\/100\n|turn|3\n|\n|t:|1722100811\n|move|p2a: Zacian|Behemoth Blade|p1a: Calyrex\n|-supereffective|p1a: Calyrex\n|-damage|p1a: Calyrex|11\/100\n|move|p2b: Tornadus|Bleakwind Storm|p1b: Gholdengo|[spread] p1a,p1b\n|-resisted|p1b: Gholdengo\n|-damage|p1a: Calyrex|0 fnt\n|-damage|p1b: Gholdengo|80\/100\n|faint|p1a: Calyrex\n|move|p1b: Gholdengo|Nasty Plot|p1b: Gholdengo\n|-boost|p1b: Gholdengo|spa|2\n|\n|-heal|p1b: Gholdengo|86\/100|[from] item: Leftovers\n|upkeep\n|\n|t:|1722100814\n|switch|p1a: Urshifu|Urshifu-Rapid-Strike, L50, M|100\/100\n|turn|4\n|\n|t:|1722100833\n|move|p2b: Tornadus|Tailwind|p2b: Tornadus\n|-sidestart|p2: YuanqiNono|move: Tailwind\n|move|p2a: Zacian|Play Rough|p1a: Urshifu\n|-supereffective|p1a: Urshifu\n|-damage|p1a: Urshifu|2\/100\n|move|p1a: Urshifu|Surging Strikes|p2a: Zacian\n|-crit|p2a: Zacian\n|-damage|p2a: Zacian|81\/100\n|-crit|p2a: Zacian\n|-damage|p2a: Zacian|62\/100\n|-crit|p2a: Zacian\n|-damage|p2a: Zacian|45\/100\n|-hitcount|p2a: Zacian|3\n|move|p1b: Gholdengo|Shadow Ball|p2a: Zacian\n|-damage|p2a: Zacian|0 fnt\n|faint|p2a: Zacian\n|\n|-heal|p1b: Gholdengo|93\/100|[from] item: Leftovers\n|upkeep\n|\n|t:|1722100853\n|switch|p2a: Raging Bolt|Raging Bolt, L50|100\/100\n|turn|5\n|j| sileshar\n|\n|t:|1722100859\n|move|p2b: Tornadus|Bleakwind Storm|p1b: Gholdengo|[spread] p1a,p1b\n|-supereffective|p1a: Urshifu\n|-resisted|p1b: Gholdengo\n|-damage|p1a: Urshifu|0 fnt\n|-damage|p1b: Gholdengo|75\/100\n|faint|p1a: Urshifu\n|move|p2a: Raging Bolt|Snarl|p1b: Gholdengo\n|-supereffective|p1b: Gholdengo\n|-damage|p1b: Gholdengo|33\/100\n|-unboost|p1b: Gholdengo|spa|1\n|move|p1b: Gholdengo|Shadow Ball|p2b: Tornadus\n|-damage|p2b: Tornadus|0 fnt\n|faint|p2b: Tornadus\n|\n|-heal|p1b: Gholdengo|39\/100|[from] item: Leftovers\n|upkeep\n|j| DittoTang\n|\n|t:|1722100875\n|switch|p2b: Amoonguss|Amoonguss, L50, M|100\/100\n|turn|6\n|l| DittoTang\n|\n|t:|1722100884\n|move|p1b: Gholdengo|Protect|p1b: Gholdengo\n|-singleturn|p1b: Gholdengo|Protect\n|move|p2a: Raging Bolt|Snarl|p1b: Gholdengo\n|-activate|p1b: Gholdengo|move: Protect\n|move|p2b: Amoonguss|Pollen Puff|p1b: Gholdengo\n|-activate|p1b: Gholdengo|move: Protect\n|\n|-heal|p1b: Gholdengo|45\/100|[from] item: Leftovers\n|upkeep\n|turn|7\n|\n|t:|1722100899\n|-terastallize|p2a: Raging Bolt|Electric\n|-terastallize|p1b: Gholdengo|Normal\n|move|p2a: Raging Bolt|Thunderbolt|p1b: Gholdengo\n|-damage|p1b: Gholdengo|0 fnt\n|faint|p1b: Gholdengo\n|\n|win|YuanqiNono\n|raw|sturbyy's rating: 1692 &rarr; <strong>1673<\/strong><br \/>(-19 for losing)\n|raw|YuanqiNono's rating: 1706 &rarr; <strong>1725<\/strong><br \/>(+19 for winning)\n|l|\u2606sturbyy\n|player|p1|\n|l|\u2606YuanqiNono\n|player|p2|\n","uploadtime":1722101132,"views":14,"formatid":"gen9vgc2024regg","rating":1673,"private":0,"password":null}