{"id":"gen9vgc2024regg-2168116247","format":"[Gen 9] VGC 2024 Reg G","players":["PSG.LGD.DD","greenlightdmp"],"log":"|j|\u2606PSG.LGD.DD\n|j|\u2606greenlightdmp\n|t:|1722040018\n|gametype|doubles\n|player|p1|PSG.LGD.DD|youngster-gen4dp|1694\n|player|p2|greenlightdmp|266|1726\n|teamsize|p1|6\n|teamsize|p2|6\n|gen|9\n|tier|[Gen 9] VGC 2024 Reg G\n|rated|\n|rule|Species Clause: Limit one of each Pok\u00e9mon\n|rule|Item Clause: Limit one of each item\n|clearpoke\n|poke|p1|Urshifu-*, L50, M|\n|poke|p1|Incineroar, L50, M|\n|poke|p1|Terapagos, L50, M|\n|poke|p1|Sinistcha, L50|\n|poke|p1|Grimmsnarl, L50, M|\n|poke|p1|Flutter Mane, L50|\n|poke|p2|Calyrex-Ice, L50|\n|poke|p2|Smeargle, L50, F|\n|poke|p2|Ursaluna-Bloodmoon, L50, M|\n|poke|p2|Indeedee-F, L50, F|\n|poke|p2|Amoonguss, L50, M|\n|poke|p2|Raging Bolt, L50|\n|teampreview|4\n|inactive|Battle timer is ON: inactive players will automatically lose when time's up. (requested by PSG.LGD.DD)\n|\n|t:|1722040054\n|start\n|switch|p1a: Urshifu|Urshifu-Rapid-Strike, L50, M|100\/100\n|switch|p1b: Grimmsnarl|Grimmsnarl, L50, M|100\/100\n|switch|p2a: Calyrex|Calyrex-Ice, L50|100\/100\n|switch|p2b: Smeargle|Smeargle, L50, F, shiny|100\/100\n|-ability|p2a: Calyrex|As One\n|-ability|p2a: Calyrex|Unnerve\n|turn|1\n|inactive|PSG.LGD.DD has 30 seconds left.\n|inactive|greenlightdmp has 30 seconds left.\n|\n|t:|1722040089\n|switch|p2b: Amoonguss|Amoonguss, L50, M|100\/100\n|-terastallize|p2a: Calyrex|Water\n|move|p1b: Grimmsnarl|Reflect|p1b: Grimmsnarl\n|-sidestart|p1: PSG.LGD.DD|Reflect\n|move|p1a: Urshifu|Surging Strikes|p2b: Amoonguss\n|-resisted|p2b: Amoonguss\n|-crit|p2b: Amoonguss\n|-damage|p2b: Amoonguss|93\/100\n|-damage|p1a: Urshifu|84\/100|[from] item: Rocky Helmet|[of] p2b: Amoonguss\n|-resisted|p2b: Amoonguss\n|-crit|p2b: Amoonguss\n|-damage|p2b: Amoonguss|85\/100\n|-damage|p1a: Urshifu|67\/100|[from] item: Rocky Helmet|[of] p2b: Amoonguss\n|-resisted|p2b: Amoonguss\n|-crit|p2b: Amoonguss\n|-damage|p2b: Amoonguss|77\/100\n|-damage|p1a: Urshifu|51\/100|[from] item: Rocky Helmet|[of] p2b: Amoonguss\n|-hitcount|p2b: Amoonguss|3\n|move|p2a: Calyrex|Trick Room|p2a: Calyrex\n|-fieldstart|move: Trick Room|[of] p2a: Calyrex\n|\n|upkeep\n|turn|2\n|inactive|greenlightdmp has 30 seconds left.\n|inactive|greenlightdmp has 20 seconds left.\n|inactive|greenlightdmp has 15 seconds left.\n|\n|t:|1722040132\n|move|p1a: Urshifu|Detect|p1a: Urshifu\n|-singleturn|p1a: Urshifu|Protect\n|move|p1b: Grimmsnarl|Thunder Wave|p2a: Calyrex\n|-status|p2a: Calyrex|par\n|move|p2b: Amoonguss|Spore|p1b: Grimmsnarl\n|-status|p1b: Grimmsnarl|slp|[from] move: Spore\n|move|p2a: Calyrex|Glacial Lance|p1b: Grimmsnarl|[spread] p1b\n|-activate|p1a: Urshifu|move: Protect\n|-damage|p1b: Grimmsnarl|54\/100 slp\n|\n|upkeep\n|turn|3\n|\n|t:|1722040154\n|switch|p2b: Smeargle|Smeargle, L50, F, shiny|100\/100\n|switch|p1a: Incineroar|Incineroar, L50, M|100\/100\n|-ability|p1a: Incineroar|Intimidate|boost\n|-fail|p2a: Calyrex|unboost|[from] item: Clear Amulet|[of] p2a: Calyrex\n|-fail|p2b: Smeargle|unboost|Attack|[from] ability: Own Tempo|[of] p2b: Smeargle\n|move|p2a: Calyrex|Glacial Lance|p1a: Incineroar|[spread] p1a,p1b\n|-resisted|p1a: Incineroar\n|-damage|p1a: Incineroar|83\/100\n|-damage|p1b: Grimmsnarl|11\/100 slp\n|cant|p1b: Grimmsnarl|slp\n|\n|upkeep\n|turn|4\n|\n|t:|1722040168\n|move|p2b: Smeargle|Fake Out|p1a: Incineroar\n|-damage|p1a: Incineroar|80\/100\n|cant|p1a: Incineroar|flinch\n|-curestatus|p1b: Grimmsnarl|slp|[msg]\n|move|p1b: Grimmsnarl|Thunder Wave|p2b: Smeargle\n|-status|p2b: Smeargle|par\n|move|p2a: Calyrex|Glacial Lance|p1a: Incineroar|[spread] p1a,p1b\n|-resisted|p1a: Incineroar\n|-damage|p1a: Incineroar|64\/100\n|-damage|p1b: Grimmsnarl|0 fnt\n|faint|p1b: Grimmsnarl\n|-ability|p2a: Calyrex|Chilling Neigh|boost\n|-boost|p2a: Calyrex|atk|1\n|\n|upkeep\n|\n|t:|1722040173\n|switch|p1b: Terapagos|Terapagos, L50, M|100\/100\n|-activate|p1b: Terapagos|ability: Tera Shift\n|detailschange|p1b: Terapagos|Terapagos-Terastal, L50, M\n|-heal|p1b: Terapagos|100\/100|[silent]\n|turn|5\n|inactive|greenlightdmp has 30 seconds left.\n|\n|t:|1722040199\n|move|p2b: Smeargle|Spore|p1b: Terapagos\n|-status|p1b: Terapagos|slp|[from] move: Spore\n|move|p2a: Calyrex|Close Combat|p1a: Incineroar\n|-supereffective|p1a: Incineroar\n|-damage|p1a: Incineroar|0 fnt\n|-unboost|p2a: Calyrex|def|1\n|-unboost|p2a: Calyrex|spd|1\n|faint|p1a: Incineroar\n|-ability|p2a: Calyrex|Chilling Neigh|boost\n|-boost|p2a: Calyrex|atk|1\n|cant|p1b: Terapagos|slp\n|\n|-fieldend|move: Trick Room\n|upkeep\n|\n|t:|1722040204\n|switch|p1a: Urshifu|Urshifu-Rapid-Strike, L50, M|51\/100\n|turn|6\n|\n|t:|1722040215\n|-terastallize|p1b: Terapagos|Stellar\n|detailschange|p1b: Terapagos|Terapagos-Stellar, L50, M, tera:Stellar\n|-heal|p1b: Terapagos|100\/100 slp|[silent]\n|move|p1a: Urshifu|Surging Strikes|p2b: Smeargle\n|-crit|p2b: Smeargle\n|-damage|p2b: Smeargle|71\/100 par\n|-crit|p2b: Smeargle\n|-damage|p2b: Smeargle|37\/100 par\n|-crit|p2b: Smeargle\n|-damage|p2b: Smeargle|7\/100 par\n|-hitcount|p2b: Smeargle|3\n|cant|p1b: Terapagos|slp\n|cant|p2b: Smeargle|par\n|move|p2a: Calyrex|Trick Room|p2a: Calyrex\n|-fieldstart|move: Trick Room|[of] p2a: Calyrex\n|\n|upkeep\n|turn|7\n|\n|t:|1722040238\n|move|p1a: Urshifu|Aqua Jet|p2b: Smeargle\n|-damage|p2b: Smeargle|0 fnt\n|faint|p2b: Smeargle\n|move|p2a: Calyrex|Glacial Lance|p1b: Terapagos|[spread] p1a,p1b\n|-resisted|p1a: Urshifu\n|-damage|p1a: Urshifu|8\/100\n|-damage|p1b: Terapagos|55\/100 slp\n|cant|p1b: Terapagos|slp\n|\n|-heal|p1b: Terapagos|61\/100 slp|[from] item: Leftovers\n|upkeep\n|\n|t:|1722040249\n|switch|p2b: Ursaluna|Ursaluna-Bloodmoon, L50, M|100\/100\n|turn|8\n|\n|t:|1722040260\n|-curestatus|p1b: Terapagos|slp|[msg]\n|move|p1b: Terapagos|Protect|p1b: Terapagos\n|-singleturn|p1b: Terapagos|Protect\n|move|p1a: Urshifu|Detect|p1a: Urshifu\n|-singleturn|p1a: Urshifu|Protect\n|move|p2a: Calyrex|Glacial Lance|p1b: Terapagos|[spread] \n|-activate|p1a: Urshifu|move: Protect\n|-activate|p1b: Terapagos|move: Protect\n|move|p2b: Ursaluna|Blood Moon|p1b: Terapagos\n|-activate|p1b: Terapagos|move: Protect\n|\n|-heal|p1b: Terapagos|67\/100|[from] item: Leftovers\n|-sideend|p1: PSG.LGD.DD|Reflect\n|upkeep\n|turn|9\n|\n|t:|1722040273\n|move|p1a: Urshifu|Aqua Jet|p2b: Ursaluna\n|-supereffective|p2b: Ursaluna\n|-damage|p2b: Ursaluna|68\/100\n|cant|p2a: Calyrex|par\n|move|p2b: Ursaluna|Hyper Voice|p1b: Terapagos|[spread] p1a,p1b\n|-damage|p1a: Urshifu|0 fnt\n|-damage|p1b: Terapagos|34\/100\n|faint|p1a: Urshifu\n|-damage|p2b: Ursaluna|58\/100|[from] item: Life Orb\n|move|p1b: Terapagos|Tera Starstorm|p2a: Calyrex|[spread] p2a,p2b\n|-supereffective|p2a: Calyrex\n|-damage|p2a: Calyrex|13\/100 par\n|-damage|p2b: Ursaluna|14\/100\n|\n|-heal|p1b: Terapagos|40\/100|[from] item: Leftovers\n|upkeep\n|turn|10\n|\n|t:|1722040297\n|switch|p2b: Amoonguss|Amoonguss, L50, M|100\/100\n|move|p1b: Terapagos|Protect|p1b: Terapagos\n|-singleturn|p1b: Terapagos|Protect\n|move|p2a: Calyrex|Close Combat|p1b: Terapagos\n|-activate|p1b: Terapagos|move: Protect\n|\n|-heal|p1b: Terapagos|46\/100|[from] item: Leftovers\n|-fieldend|move: Trick Room\n|upkeep\n|turn|11\n|\n|t:|1722040313\n|move|p1b: Terapagos|Tera Starstorm|p2a: Calyrex|[spread] p2a,p2b\n|-supereffective|p2a: Calyrex\n|-damage|p2a: Calyrex|0 fnt\n|-damage|p2b: Amoonguss|62\/100\n|faint|p2a: Calyrex\n|move|p2b: Amoonguss|Spore|p1b: Terapagos\n|-status|p1b: Terapagos|slp|[from] move: Spore\n|\n|-heal|p1b: Terapagos|52\/100 slp|[from] item: Leftovers\n|upkeep\n|\n|t:|1722040319\n|switch|p2a: Ursaluna|Ursaluna-Bloodmoon, L50, M|14\/100\n|turn|12\n|\n|t:|1722040327\n|cant|p1b: Terapagos|slp\n|move|p2a: Ursaluna|Blood Moon|p1b: Terapagos\n|-damage|p1b: Terapagos|0 fnt\n|faint|p1b: Terapagos\n|-damage|p2a: Ursaluna|5\/100|[from] item: Life Orb\n|\n|win|greenlightdmp\n|raw|PSG.LGD.DD's rating: 1694 &rarr; <strong>1676<\/strong><br \/>(-18 for losing)\n|raw|greenlightdmp's rating: 1726 &rarr; <strong>1744<\/strong><br \/>(+18 for winning)\n|l|\u2606PSG.LGD.DD\n|player|p1|\n","uploadtime":1722040536,"views":8,"formatid":"gen9vgc2024regg","rating":1676,"private":0,"password":null}