{"id":"gen9vgc2024regg-2168757904","format":"[Gen 9] VGC 2024 Reg G","players":["Krisuerte","JackoEk11"],"log":"|j|\u2606Krisuerte\n|j|\u2606JackoEk11\n|t:|1722141654\n|gametype|doubles\n|player|p1|Krisuerte|2|1758\n|player|p2|JackoEk11|101|1738\n|teamsize|p1|6\n|teamsize|p2|6\n|gen|9\n|tier|[Gen 9] VGC 2024 Reg G\n|rated|\n|rule|Species Clause: Limit one of each Pok\u00e9mon\n|rule|Item Clause: Limit one of each item\n|clearpoke\n|poke|p1|Groudon, L50|\n|poke|p1|Gouging Fire, L50|\n|poke|p1|Raging Bolt, L50|\n|poke|p1|Flutter Mane, L50|\n|poke|p1|Walking Wake, L50|\n|poke|p1|Urshifu-*, L50, M|\n|poke|p2|Dondozo, L50, F|\n|poke|p2|Tatsugiri, L50, F|\n|poke|p2|Miraidon, L50|\n|poke|p2|Farigiraf, L50, F|\n|poke|p2|Incineroar, L50, F|\n|poke|p2|Flutter Mane, L50|\n|teampreview|4\n|\n|t:|1722141678\n|start\n|switch|p1a: Groudon|Groudon, L50|100\/100\n|switch|p1b: Flutter Mane|Flutter Mane, L50|100\/100\n|switch|p2a: Miraidon|Miraidon, L50|100\/100\n|switch|p2b: Flutter Mane|Flutter Mane, L50|100\/100\n|-fieldstart|move: Electric Terrain|[from] ability: Hadron Engine|[of] p2a: Miraidon\n|-weather|SunnyDay|[from] ability: Drought|[of] p1a: Groudon\n|-activate|p1b: Flutter Mane|ability: Protosynthesis\n|-start|p1b: Flutter Mane|protosynthesisspe\n|-activate|p2b: Flutter Mane|ability: Protosynthesis\n|-start|p2b: Flutter Mane|protosynthesisspe\n|turn|1\n|inactive|Battle timer is ON: inactive players will automatically lose when time's up. (requested by Krisuerte)\n|j| Aldrich\n|\n|t:|1722141708\n|move|p1b: Flutter Mane|Moonblast|p2a: Miraidon\n|-supereffective|p2a: Miraidon\n|-damage|p2a: Miraidon|14\/100\n|move|p2b: Flutter Mane|Icy Wind|p1b: Flutter Mane|[spread] p1a,p1b\n|-supereffective|p1a: Groudon\n|-damage|p1a: Groudon|79\/100\n|-damage|p1b: Flutter Mane|84\/100\n|-unboost|p1a: Groudon|spe|1\n|-unboost|p1b: Flutter Mane|spe|1\n|move|p2a: Miraidon|Dazzling Gleam|p1a: Groudon|[spread] p1a,p1b\n|-damage|p1a: Groudon|49\/100\n|-damage|p1b: Flutter Mane|37\/100\n|move|p1a: Groudon|Precipice Blades|p2a: Miraidon|[spread] p2a,p2b\n|-supereffective|p2a: Miraidon\n|-damage|p2a: Miraidon|0 fnt\n|-damage|p2b: Flutter Mane|0 fnt\n|faint|p2a: Miraidon\n|faint|p2b: Flutter Mane\n|-end|p2b: Flutter Mane|Protosynthesis|[silent]\n|\n|-weather|SunnyDay|[upkeep]\n|upkeep\n|\n|t:|1722141720\n|switch|p2b: Tatsugiri|Tatsugiri, L50, F|100\/100\n|switch|p2a: Dondozo|Dondozo, L50, F|100\/100\n|-activate|p2b: Tatsugiri|ability: Commander|[of] p2a: Dondozo\n|-boost|p2a: Dondozo|atk|2\n|-boost|p2a: Dondozo|spa|2\n|-boost|p2a: Dondozo|spe|2\n|-boost|p2a: Dondozo|def|2\n|-boost|p2a: Dondozo|spd|2\n|turn|2\n|\n|t:|1722141741\n|move|p1b: Flutter Mane|Moonblast|p2a: Dondozo\n|-damage|p2a: Dondozo|71\/100\n|move|p2a: Dondozo|Earthquake|p1a: Groudon|[spread] p1a,p1b\n|-miss|p2a: Dondozo|p2b: Tatsugiri\n|-damage|p1a: Groudon|19\/100\n|-damage|p1b: Flutter Mane|0 fnt\n|faint|p1b: Flutter Mane\n|-end|p1b: Flutter Mane|Protosynthesis|[silent]\n|move|p1a: Groudon|Thunder Punch|p2a: Dondozo\n|-supereffective|p2a: Dondozo\n|-damage|p2a: Dondozo|43\/100\n|\n|-weather|SunnyDay|[upkeep]\n|-heal|p2a: Dondozo|49\/100|[from] item: Leftovers\n|upkeep\n|\n|t:|1722141755\n|switch|p1b: Urshifu|Urshifu, L50, M|100\/100\n|turn|3\n|\n|t:|1722141762\n|move|p2a: Dondozo|Earthquake|p1b: Urshifu|[spread] p1a,p1b\n|-miss|p2a: Dondozo|p2b: Tatsugiri\n|-damage|p1a: Groudon|0 fnt\n|-damage|p1b: Urshifu|57\/100\n|faint|p1a: Groudon\n|move|p1b: Urshifu|Wicked Blow|p2a: Dondozo\n|-crit|p2a: Dondozo\n|-damage|p2a: Dondozo|0 fnt\n|faint|p2a: Dondozo\n|\n|-weather|SunnyDay|[upkeep]\n|upkeep\n|\n|t:|1722141773\n|switch|p1a: Raging Bolt|Raging Bolt, L50|100\/100\n|-activate|p1a: Raging Bolt|ability: Protosynthesis\n|-start|p1a: Raging Bolt|protosynthesisspa\n|turn|4\n|\n|t:|1722141782\n|-terastallize|p2b: Tatsugiri|Dragon\n|-terastallize|p1a: Raging Bolt|Electric\n|move|p1a: Raging Bolt|Thunderclap|p2b: Tatsugiri\n|-resisted|p2b: Tatsugiri\n|-damage|p2b: Tatsugiri|38\/100\n|move|p2b: Tatsugiri|Dragon Pulse|p1b: Urshifu\n|-damage|p1b: Urshifu|0 fnt\n|faint|p1b: Urshifu\n|\n|-weather|SunnyDay|[upkeep]\n|upkeep\n|turn|5\n|\n|t:|1722141795\n|move|p2b: Tatsugiri|Dragon Pulse|p1a: Raging Bolt\n|-damage|p1a: Raging Bolt|58\/100\n|move|p1a: Raging Bolt|Thunderbolt|p2b: Tatsugiri\n|-resisted|p2b: Tatsugiri\n|-damage|p2b: Tatsugiri|0 fnt\n|faint|p2b: Tatsugiri\n|\n|win|Krisuerte\n|raw|Krisuerte's rating: 1758 &rarr; <strong>1777<\/strong><br \/>(+19 for winning)\n|raw|JackoEk11's rating: 1738 &rarr; <strong>1719<\/strong><br \/>(-19 for losing)\n|l|\u2606JackoEk11\n|player|p2|\n|l|\u2606Krisuerte\n|player|p1|\n","uploadtime":1722142015,"views":10,"formatid":"gen9vgc2024regg","rating":1719,"private":0,"password":null}