{"id":"gen9vgc2024regg-2168459638","format":"[Gen 9] VGC 2024 Reg G","players":["regigidragon","Krisuerte"],"log":"|j|\u2606regigidragon\n|j|\u2606Krisuerte\n|t:|1722099404\n|gametype|doubles\n|player|p1|regigidragon|266|1694\n|player|p2|Krisuerte|2|1836\n|teamsize|p1|6\n|teamsize|p2|6\n|gen|9\n|tier|[Gen 9] VGC 2024 Reg G\n|rated|\n|rule|Species Clause: Limit one of each Pok\u00e9mon\n|rule|Item Clause: Limit one of each item\n|clearpoke\n|poke|p1|Giratina-Origin, L50|\n|poke|p1|Ting-Lu, L50|\n|poke|p1|Urshifu-*, L50, M|\n|poke|p1|Entei, L50|\n|poke|p1|Weezing-Galar, L50, M|\n|poke|p1|Regigigas, L50|\n|poke|p2|Groudon, L50|\n|poke|p2|Gouging Fire, L50|\n|poke|p2|Raging Bolt, L50|\n|poke|p2|Flutter Mane, L50|\n|poke|p2|Walking Wake, L50|\n|poke|p2|Urshifu-*, L50, F|\n|teampreview|4\n|inactive|Battle timer is ON: inactive players will automatically lose when time's up. (requested by regigidragon)\n|j| Yuuuuj\n|\n|t:|1722099437\n|start\n|switch|p1a: Weezing|Weezing-Galar, L50, M, shiny|100\/100\n|switch|p1b: Regigigas|Regigigas, L50, shiny|100\/100\n|switch|p2a: Groudon|Groudon, L50|100\/100\n|switch|p2b: Urshifu|Urshifu, L50, F|100\/100\n|-ability|p1a: Weezing|Neutralizing Gas\n|turn|1\n|\n|t:|1722099456\n|switch|p2a: Gouging Fire|Gouging Fire, L50|100\/100\n|-terastallize|p2b: Urshifu|Ghost\n|move|p1b: Regigigas|Icy Wind|p2a: Gouging Fire|[spread] p2b\n|-miss|p1b: Regigigas|p2a: Gouging Fire\n|-damage|p2b: Urshifu|91\/100\n|-unboost|p2b: Urshifu|spe|1\n|move|p2b: Urshifu|Close Combat|p1b: Regigigas\n|-supereffective|p1b: Regigigas\n|-damage|p1b: Regigigas|0 fnt\n|-unboost|p2b: Urshifu|def|1\n|-unboost|p2b: Urshifu|spd|1\n|faint|p1b: Regigigas\n|-end|p1b: Regigigas|Slow Start|[silent]\n|move|p1a: Weezing|Dazzling Gleam|p2b: Urshifu|[spread] p2a,p2b\n|-damage|p2a: Gouging Fire|67\/100\n|-damage|p2b: Urshifu|7\/100\n|\n|upkeep\n|j| sileshar\n|\n|t:|1722099480\n|switch|p1b: Giratina|Giratina-Origin, L50, shiny|100\/100\n|turn|2\n|\n|t:|1722099499\n|switch|p2b: Groudon|Groudon, L50|100\/100\n|move|p1b: Giratina|Protect|p1b: Giratina\n|-singleturn|p1b: Giratina|Protect\n|move|p2a: Gouging Fire|Breaking Swipe|p1a: Weezing|[spread] \n|-activate|p1b: Giratina|move: Protect\n|-immune|p1a: Weezing\n|move|p1a: Weezing|Dazzling Gleam|p2a: Gouging Fire|[spread] p2a,p2b\n|-damage|p2a: Gouging Fire|33\/100\n|-damage|p2b: Groudon|77\/100\n|\n|upkeep\n|turn|3\n|\n|t:|1722099520\n|-end|p1a: Weezing|ability: Neutralizing Gas\n|-weather|SunnyDay|[from] ability: Drought|[of] p2b: Groudon\n|-activate|p2a: Gouging Fire|ability: Protosynthesis\n|-start|p2a: Gouging Fire|protosynthesisspe\n|switch|p1a: Ting-Lu|Ting-Lu, L50|100\/100\n|-ability|p1a: Ting-Lu|Vessel of Ruin\n|-terastallize|p1b: Giratina|Fire\n|move|p2a: Gouging Fire|Breaking Swipe|p1a: Ting-Lu|[spread] p1a,p1b\n|-damage|p1a: Ting-Lu|91\/100\n|-damage|p1b: Giratina|88\/100\n|-unboost|p1a: Ting-Lu|atk|1\n|-unboost|p1b: Giratina|atk|1\n|-damage|p2a: Gouging Fire|16\/100|[from] item: Rocky Helmet|[of] p1a: Ting-Lu\n|move|p1b: Giratina|Breaking Swipe|p2b: Groudon|[spread] p2a,p2b\n|-supereffective|p2a: Gouging Fire\n|-damage|p2a: Gouging Fire|0 fnt\n|-damage|p2b: Groudon|65\/100\n|-unboost|p2b: Groudon|atk|1\n|faint|p2a: Gouging Fire\n|-end|p2a: Gouging Fire|Protosynthesis|[silent]\n|move|p2b: Groudon|Precipice Blades|p1a: Ting-Lu|[spread] p1a\n|-immune|p1b: Giratina|[from] ability: Levitate\n|-damage|p1a: Ting-Lu|68\/100\n|\n|-weather|SunnyDay|[upkeep]\n|upkeep\n|inactive|Krisuerte has 30 seconds left.\n|\n|t:|1722099554\n|switch|p2a: Flutter Mane|Flutter Mane, L50|100\/100\n|-activate|p2a: Flutter Mane|ability: Protosynthesis\n|-start|p2a: Flutter Mane|protosynthesisspe\n|turn|4\n|\n|t:|1722099578\n|move|p1a: Ting-Lu|Protect|p1a: Ting-Lu\n|-singleturn|p1a: Ting-Lu|Protect\n|move|p2a: Flutter Mane|Moonblast|p1a: Ting-Lu\n|-activate|p1a: Ting-Lu|move: Protect\n|move|p1b: Giratina|Poltergeist|p2a: Flutter Mane\n|-activate|p2a: Flutter Mane|move: Poltergeist|Focus Sash\n|-supereffective|p2a: Flutter Mane\n|-enditem|p2a: Flutter Mane|Focus Sash\n|-damage|p2a: Flutter Mane|1\/100\n|move|p2b: Groudon|Hammer Arm|p1a: Ting-Lu\n|-activate|p1a: Ting-Lu|move: Protect\n|\n|-weather|SunnyDay|[upkeep]\n|upkeep\n|turn|5\n|inactive|regigidragon has 30 seconds left.\n|\n|t:|1722099605\n|move|p1b: Giratina|Shadow Sneak|p2a: Flutter Mane\n|-supereffective|p2a: Flutter Mane\n|-damage|p2a: Flutter Mane|0 fnt\n|faint|p2a: Flutter Mane\n|-end|p2a: Flutter Mane|Protosynthesis|[silent]\n|move|p2b: Groudon|Hammer Arm|p1a: Ting-Lu\n|-supereffective|p1a: Ting-Lu\n|-damage|p1a: Ting-Lu|38\/100\n|-unboost|p2b: Groudon|spe|1\n|-damage|p2b: Groudon|49\/100|[from] item: Rocky Helmet|[of] p1a: Ting-Lu\n|move|p1a: Ting-Lu|Earthquake|p2b: Groudon|[spread] p2b\n|-immune|p1b: Giratina|[from] ability: Levitate\n|-crit|p2b: Groudon\n|-damage|p2b: Groudon|12\/100\n|\n|-weather|SunnyDay|[upkeep]\n|upkeep\n|\n|t:|1722099621\n|switch|p2a: Urshifu|Urshifu, L50, F, tera:Ghost|7\/100\n|turn|6\n|\n|t:|1722099632\n|move|p2a: Urshifu|Sucker Punch|p1b: Giratina\n|-damage|p1b: Giratina|49\/100\n|move|p1b: Giratina|Shadow Sneak|p2a: Urshifu\n|-supereffective|p2a: Urshifu\n|-damage|p2a: Urshifu|0 fnt\n|faint|p2a: Urshifu\n|move|p1a: Ting-Lu|Earthquake|p2b: Groudon|[spread] p2b\n|-immune|p1b: Giratina|[from] ability: Levitate\n|-damage|p2b: Groudon|0 fnt\n|faint|p2b: Groudon\n|\n|win|regigidragon\n|raw|regigidragon's rating: 1694 &rarr; <strong>1722<\/strong><br \/>(+28 for winning)\n|raw|Krisuerte's rating: 1836 &rarr; <strong>1808<\/strong><br \/>(-28 for losing)\n|c|\u2606regigidragon|gg\n|l|\u2606regigidragon\n|player|p1|\n|l|\u2606Krisuerte\n|player|p2|\n|l| Yuuuuj\n","uploadtime":1722099896,"views":24,"formatid":"gen9vgc2024regg","rating":1722,"private":0,"password":null}