{"id":"gen9vgc2024regg-2168122263","format":"[Gen 9] VGC 2024 Reg G","players":["kiwigal","greenlightdmp"],"log":"|j|\u2606kiwigal\n|j|\u2606greenlightdmp\n|t:|1722040908\n|gametype|doubles\n|player|p1|kiwigal|emma|1728\n|player|p2|greenlightdmp|266|1744\n|teamsize|p1|6\n|teamsize|p2|6\n|gen|9\n|tier|[Gen 9] VGC 2024 Reg G\n|rated|\n|rule|Species Clause: Limit one of each Pok\u00e9mon\n|rule|Item Clause: Limit one of each item\n|clearpoke\n|poke|p1|Thundurus, L50, M|\n|poke|p1|Rillaboom, L50, F|\n|poke|p1|Incineroar, L50, F|\n|poke|p1|Kyogre, L50|\n|poke|p1|Clefairy, L50, M|\n|poke|p1|Landorus, L50, M|\n|poke|p2|Calyrex-Ice, L50|\n|poke|p2|Smeargle, L50, F|\n|poke|p2|Ursaluna-Bloodmoon, L50, M|\n|poke|p2|Indeedee-F, L50, F|\n|poke|p2|Amoonguss, L50, M|\n|poke|p2|Raging Bolt, L50|\n|teampreview|4\n|inactive|Battle timer is ON: inactive players will automatically lose when time's up. (requested by greenlightdmp)\n|\n|t:|1722040968\n|start\n|switch|p1a: Incineroar|Incineroar, L50, F|100\/100\n|switch|p1b: Landorus|Landorus, L50, M|100\/100\n|switch|p2a: Calyrex|Calyrex-Ice, L50|100\/100\n|switch|p2b: Raging Bolt|Raging Bolt, L50|100\/100\n|-ability|p2a: Calyrex|As One\n|-ability|p2a: Calyrex|Unnerve\n|-ability|p1a: Incineroar|Intimidate|boost\n|-fail|p2a: Calyrex|unboost|[from] item: Clear Amulet|[of] p2a: Calyrex\n|-unboost|p2b: Raging Bolt|atk|1\n|turn|1\n|inactive|kiwigal has 30 seconds left.\n|inactive|greenlightdmp has 30 seconds left.\n|\n|t:|1722041002\n|move|p2a: Calyrex|Protect|p2a: Calyrex\n|-singleturn|p2a: Calyrex|Protect\n|move|p1a: Incineroar|Fake Out|p2a: Calyrex\n|-activate|p2a: Calyrex|move: Protect\n|move|p1b: Landorus|Earth Power|p2b: Raging Bolt\n|-supereffective|p2b: Raging Bolt\n|-damage|p2b: Raging Bolt|41\/100\n|move|p2b: Raging Bolt|Volt Switch|p1a: Incineroar\n|-damage|p1a: Incineroar|72\/100\n|\n|t:|1722041013\n|-end|p2b: Raging Bolt|Protosynthesis|[silent]\n|switch|p2b: Smeargle|Smeargle, L50, F, shiny|100\/100|[from] Volt Switch\n|\n|upkeep\n|turn|2\n|\n|t:|1722041037\n|-terastallize|p1a: Incineroar|Ghost\n|move|p2b: Smeargle|Fake Out|p1a: Incineroar\n|-immune|p1a: Incineroar\n|move|p1b: Landorus|Earth Power|p2b: Smeargle\n|-enditem|p2b: Smeargle|Focus Sash\n|-damage|p2b: Smeargle|1\/100\n|move|p1a: Incineroar|Will-O-Wisp|p2a: Calyrex\n|-status|p2a: Calyrex|brn\n|move|p2a: Calyrex|Trick Room|p2a: Calyrex\n|-fieldstart|move: Trick Room|[of] p2a: Calyrex\n|\n|-damage|p2a: Calyrex|95\/100 brn|[from] brn\n|upkeep\n|turn|3\n|\n|t:|1722041060\n|switch|p1b: Kyogre|Kyogre, L50|100\/100\n|-weather|RainDance|[from] ability: Drizzle|[of] p1b: Kyogre\n|move|p2b: Smeargle|Decorate|p2a: Calyrex\n|-boost|p2a: Calyrex|atk|2\n|-boost|p2a: Calyrex|spa|2\n|move|p2a: Calyrex|Glacial Lance|p1a: Incineroar|[spread] p1a,p1b\n|-resisted|p1b: Kyogre\n|-damage|p1a: Incineroar|19\/100\n|-damage|p1b: Kyogre|77\/100\n|move|p1a: Incineroar|Knock Off|p2a: Calyrex\n|-supereffective|p2a: Calyrex\n|-damage|p2a: Calyrex|47\/100 brn\n|-enditem|p2a: Calyrex|Clear Amulet|[from] move: Knock Off|[of] p1a: Incineroar\n|\n|-weather|RainDance|[upkeep]\n|-heal|p1b: Kyogre|83\/100|[from] item: Leftovers\n|-damage|p2a: Calyrex|42\/100 brn|[from] brn\n|upkeep\n|turn|4\n|\n|t:|1722041080\n|move|p2b: Smeargle|Spore|p1b: Kyogre\n|-status|p1b: Kyogre|slp|[from] move: Spore\n|move|p2a: Calyrex|Glacial Lance|p1a: Incineroar|[spread] p1a,p1b\n|-resisted|p1b: Kyogre\n|-damage|p1a: Incineroar|0 fnt\n|-damage|p1b: Kyogre|59\/100 slp\n|faint|p1a: Incineroar\n|-ability|p2a: Calyrex|Chilling Neigh|boost\n|-boost|p2a: Calyrex|atk|1\n|cant|p1b: Kyogre|slp\n|\n|-weather|RainDance|[upkeep]\n|-heal|p1b: Kyogre|65\/100 slp|[from] item: Leftovers\n|-damage|p2a: Calyrex|36\/100 brn|[from] brn\n|upkeep\n|\n|t:|1722041085\n|switch|p1a: Clefairy|Clefairy, L50, M|100\/100\n|turn|5\n|\n|t:|1722041103\n|cant|p1b: Kyogre|slp\n|move|p1a: Clefairy|Moonblast|p2b: Smeargle\n|-damage|p2b: Smeargle|0 fnt\n|faint|p2b: Smeargle\n|move|p2a: Calyrex|Glacial Lance|p1b: Kyogre|[spread] p1a,p1b\n|-resisted|p1b: Kyogre\n|-damage|p1a: Clefairy|43\/100\n|-damage|p1b: Kyogre|44\/100 slp\n|\n|-weather|RainDance|[upkeep]\n|-heal|p1b: Kyogre|50\/100 slp|[from] item: Leftovers\n|-damage|p2a: Calyrex|30\/100 brn|[from] brn\n|upkeep\n|\n|t:|1722041119\n|switch|p2b: Raging Bolt|Raging Bolt, L50|41\/100\n|turn|6\n|\n|t:|1722041142\n|move|p1a: Clefairy|Heal Pulse|p1b: Kyogre\n|-heal|p1b: Kyogre|99\/100 slp\n|move|p2a: Calyrex|Glacial Lance|p1b: Kyogre|[spread] p1a,p1b\n|-resisted|p1b: Kyogre\n|-damage|p1a: Clefairy|0 fnt\n|-damage|p1b: Kyogre|78\/100 slp\n|faint|p1a: Clefairy\n|-ability|p2a: Calyrex|Chilling Neigh|boost\n|-boost|p2a: Calyrex|atk|1\n|move|p2b: Raging Bolt|Volt Switch|p1b: Kyogre\n|-supereffective|p1b: Kyogre\n|-damage|p1b: Kyogre|25\/100 slp\n|\n|t:|1722041154\n|-end|p2b: Raging Bolt|Protosynthesis|[silent]\n|switch|p2b: Ursaluna|Ursaluna-Bloodmoon, L50, M|100\/100|[from] Volt Switch\n|-curestatus|p1b: Kyogre|slp|[msg]\n|move|p1b: Kyogre|Origin Pulse|p2b: Ursaluna|[spread] p2a,p2b\n|-supereffective|p2b: Ursaluna\n|-damage|p2a: Calyrex|0 fnt\n|-damage|p2b: Ursaluna|0 fnt\n|faint|p2a: Calyrex\n|faint|p2b: Ursaluna\n|\n|-weather|RainDance|[upkeep]\n|-heal|p1b: Kyogre|31\/100|[from] item: Leftovers\n|-fieldend|move: Trick Room\n|upkeep\n|-message|greenlightdmp forfeited.\n|\n|win|kiwigal\n|raw|kiwigal's rating: 1728 &rarr; <strong>1749<\/strong><br \/>(+21 for winning)\n|raw|greenlightdmp's rating: 1744 &rarr; <strong>1723<\/strong><br \/>(-21 for losing)\n|l|\u2606greenlightdmp\n|player|p2|\n|l|\u2606kiwigal\n|player|p1|\n","uploadtime":1722041369,"views":10,"formatid":"gen9vgc2024regg","rating":1723,"private":0,"password":null}