{"id":"gen9vgc2024regg-2168999989","format":"[Gen 9] VGC 2024 Reg G","players":["Billy_HMD","Gbnhlan"],"log":"|j|\u2606Billy_HMD\n|j|\u2606Gbnhlan\n|t:|1722185184\n|gametype|doubles\n|player|p1|Billy_HMD|dawn|1811\n|player|p2|Gbnhlan|cynthia-gen4|1696\n|teamsize|p1|6\n|teamsize|p2|6\n|gen|9\n|tier|[Gen 9] VGC 2024 Reg G\n|rated|\n|rule|Species Clause: Limit one of each Pok\u00e9mon\n|rule|Item Clause: Limit one of each item\n|clearpoke\n|poke|p1|Zamazenta-*, L50|\n|poke|p1|Volcarona, L50, M|\n|poke|p1|Grimmsnarl, L50, M|\n|poke|p1|Landorus-Therian, L50, M|\n|poke|p1|Rillaboom, L50, F|\n|poke|p1|Raging Bolt, L50|\n|poke|p2|Calyrex-Ice, L50|\n|poke|p2|Ursaluna-Bloodmoon, L50, M|\n|poke|p2|Rillaboom, L50, M|\n|poke|p2|Pelipper, L50, M|\n|poke|p2|Urshifu-*, L50, M|\n|poke|p2|Ogerpon-Cornerstone, L50, F|\n|teampreview|4\n|inactive|Battle timer is ON: inactive players will automatically lose when time's up. (requested by Billy_HMD)\nGbnhlan rejected open team sheets.\n|inactive|Billy_HMD has 60 seconds left.\n|j| bluestraggler02\n|\n|t:|1722185231\n|start\n|switch|p1a: Landorus|Landorus-Therian, L50, M|100\/100\n|switch|p1b: Volcarona|Volcarona, L50, M|100\/100\n|switch|p2a: Urshifu|Urshifu-Rapid-Strike, L50, M|100\/100\n|switch|p2b: Pelipper|Pelipper, L50, M, shiny|100\/100\n|-ability|p1a: Landorus|Intimidate|boost\n|-unboost|p2a: Urshifu|atk|1\n|-unboost|p2b: Pelipper|atk|1\n|-weather|RainDance|[from] ability: Drizzle|[of] p2b: Pelipper\n|turn|1\n|inactive|Billy_HMD has 30 seconds left.\n|inactive|Billy_HMD has 20 seconds left.\n|\n|t:|1722185267\n|-terastallize|p2a: Urshifu|Ghost\n|-terastallize|p1b: Volcarona|Water\n|move|p1a: Landorus|Rock Slide|p2a: Urshifu|[spread] p2a,p2b\n|-supereffective|p2b: Pelipper\n|-damage|p2a: Urshifu|78\/100\n|-damage|p2b: Pelipper|46\/100\n|move|p2a: Urshifu|Surging Strikes|p1a: Landorus\n|-supereffective|p1a: Landorus\n|-crit|p1a: Landorus\n|-damage|p1a: Landorus|31\/100\n|-supereffective|p1a: Landorus\n|-crit|p1a: Landorus\n|-damage|p1a: Landorus|0 fnt\n|faint|p1a: Landorus\n|-hitcount|p1: Landorus|2\n|move|p1b: Volcarona|Quiver Dance|p1b: Volcarona\n|-boost|p1b: Volcarona|spa|1\n|-boost|p1b: Volcarona|spd|1\n|-boost|p1b: Volcarona|spe|1\n|move|p2b: Pelipper|Hurricane|p1b: Volcarona\n|-damage|p1b: Volcarona|69\/100\n|\n|-weather|RainDance|[upkeep]\n|-heal|p1b: Volcarona|75\/100|[from] item: Leftovers\n|upkeep\n|inactive|Billy_HMD has 30 seconds left.\n|\n|t:|1722185296\n|switch|p1a: Rillaboom|Rillaboom, L50, F|100\/100\n|-fieldstart|move: Grassy Terrain|[from] ability: Grassy Surge|[of] p1a: Rillaboom\n|turn|2\n|inactive|Billy_HMD has 30 seconds left.\n|inactive|Billy_HMD has 20 seconds left.\n|\n|t:|1722185345\n|switch|p2a: Ogerpon|Ogerpon-Cornerstone, L50, F|100\/100\n|move|p1a: Rillaboom|Grassy Glide|p2b: Pelipper\n|-damage|p2b: Pelipper|0 fnt\n|faint|p2b: Pelipper\n|move|p1b: Volcarona|Quiver Dance|p1b: Volcarona\n|-boost|p1b: Volcarona|spa|1\n|-boost|p1b: Volcarona|spd|1\n|-boost|p1b: Volcarona|spe|1\n|\n|-weather|RainDance|[upkeep]\n|-heal|p1b: Volcarona|82\/100|[from] Grassy Terrain\n|-heal|p1b: Volcarona|88\/100|[from] item: Leftovers\n|upkeep\n|\n|t:|1722185357\n|switch|p2b: Calyrex|Calyrex-Ice, L50|100\/100\n|-ability|p2b: Calyrex|As One\n|-ability|p2b: Calyrex|Unnerve\n|turn|3\n|inactive|Billy_HMD has 30 seconds left.\n|\n|t:|1722185382\n|move|p2b: Calyrex|Protect|p2b: Calyrex\n|-singleturn|p2b: Calyrex|Protect\n|move|p1a: Rillaboom|Grassy Glide|p2a: Ogerpon\n|-damage|p2a: Ogerpon|42\/100\n|move|p1b: Volcarona|Heat Wave|p2a: Ogerpon|[spread] p2a\n|-activate|p2b: Calyrex|move: Protect\n|-damage|p2a: Ogerpon|5\/100\n|move|p2a: Ogerpon|Wood Hammer|p1b: Volcarona\n|-supereffective|p1b: Volcarona\n|-damage|p1b: Volcarona|0 fnt\n|faint|p1b: Volcarona\n|-damage|p2a: Ogerpon|0 fnt|[from] Recoil\n|faint|p2a: Ogerpon\n|\n|-weather|RainDance|[upkeep]\n|upkeep\n|\n|t:|1722185396\n|switch|p2a: Urshifu|Urshifu-Rapid-Strike, L50, M, tera:Ghost|78\/100\n|switch|p1b: Zamazenta|Zamazenta-Crowned, L50|100\/100\n|-ability|p1b: Zamazenta|Dauntless Shield|boost\n|-boost|p1b: Zamazenta|def|1\n|turn|4\n|\n|t:|1722185417\n|move|p2a: Urshifu|Surging Strikes|p1b: Zamazenta\n|-crit|p1b: Zamazenta\n|-damage|p1b: Zamazenta|81\/100\n|-crit|p1b: Zamazenta\n|-damage|p1b: Zamazenta|62\/100\n|-crit|p1b: Zamazenta\n|-damage|p1b: Zamazenta|44\/100\n|-hitcount|p1b: Zamazenta|3\n|move|p1b: Zamazenta|Body Press|p2b: Calyrex\n|-damage|p2b: Calyrex|60\/100\n|move|p1a: Rillaboom|Wood Hammer|p2b: Calyrex\n|-damage|p2b: Calyrex|0 fnt\n|faint|p2b: Calyrex\n|-damage|p1a: Rillaboom|81\/100|[from] Recoil\n|\n|-weather|RainDance|[upkeep]\n|-heal|p2a: Urshifu|84\/100|[from] Grassy Terrain\n|-heal|p1b: Zamazenta|50\/100|[from] Grassy Terrain\n|-heal|p1a: Rillaboom|87\/100|[from] Grassy Terrain\n|upkeep\n|turn|5\n|\n|t:|1722185435\n|move|p2a: Urshifu|Surging Strikes|p1b: Zamazenta\n|-crit|p1b: Zamazenta\n|-damage|p1b: Zamazenta|31\/100\n|-crit|p1b: Zamazenta\n|-damage|p1b: Zamazenta|12\/100\n|-crit|p1b: Zamazenta\n|-damage|p1b: Zamazenta|0 fnt\n|faint|p1b: Zamazenta\n|-hitcount|p1: Zamazenta|3\n|move|p1a: Rillaboom|Wood Hammer|p2a: Urshifu\n|-damage|p2a: Urshifu|0 fnt\n|faint|p2a: Urshifu\n|-damage|p1a: Rillaboom|62\/100|[from] Recoil\n|\n|win|Billy_HMD\n|raw|Billy_HMD's rating: 1811 &rarr; <strong>1825<\/strong><br \/>(+14 for winning)\n|raw|Gbnhlan's rating: 1696 &rarr; <strong>1682<\/strong><br \/>(-14 for losing)\n|l|\u2606Billy_HMD\n|player|p1|\n|l|\u2606Gbnhlan\n|player|p2|\n","uploadtime":1722185596,"views":10,"formatid":"gen9vgc2024regg","rating":1682,"private":0,"password":null}