{"id":"gen9vgc2024regg-2168498972","format":"[Gen 9] VGC 2024 Reg G","players":["VGCNEOPHYTE","BrodaxVGC"],"log":"|j|\u2606VGCNEOPHYTE\n|j|\u2606BrodaxVGC\n|t:|1722104450\n|gametype|doubles\n|player|p1|VGCNEOPHYTE|chuck|1670\n|player|p2|BrodaxVGC|101|1751\n|teamsize|p1|6\n|teamsize|p2|6\n|gen|9\n|tier|[Gen 9] VGC 2024 Reg G\n|rated|\n|rule|Species Clause: Limit one of each Pok\u00e9mon\n|rule|Item Clause: Limit one of each item\n|clearpoke\n|poke|p1|Gholdengo, L50|\n|poke|p1|Urshifu-*, L50, F|\n|poke|p1|Chien-Pao, L50|\n|poke|p1|Zamazenta-*, L50|\n|poke|p1|Raging Bolt, L50|\n|poke|p1|Whimsicott, L50, M|\n|poke|p2|Miraidon, L50|\n|poke|p2|Whimsicott, L50, F|\n|poke|p2|Chi-Yu, L50|\n|poke|p2|Ogerpon-Wellspring, L50, F|\n|poke|p2|Iron Hands, L50|\n|poke|p2|Farigiraf, L50, F|\n|teampreview|4\n|inactive|Battle timer is ON: inactive players will automatically lose when time's up. (requested by VGCNEOPHYTE)\n|inactive|VGCNEOPHYTE has 60 seconds left.\n|\n|t:|1722104500\n|start\n|switch|p1a: Raging Bolt|Raging Bolt, L50|100\/100\n|switch|p1b: Chien-Pao|Chien-Pao, L50|100\/100\n|switch|p2a: Whimsicott|Whimsicott, L50, F|100\/100\n|switch|p2b: Chi-Yu|Chi-Yu, L50|100\/100\n|-ability|p1b: Chien-Pao|Sword of Ruin\n|-ability|p2b: Chi-Yu|Beads of Ruin\n|turn|1\n|\n|t:|1722104515\n|move|p1b: Chien-Pao|Protect|p1b: Chien-Pao\n|-singleturn|p1b: Chien-Pao|Protect\n|move|p2b: Chi-Yu|Protect|p2b: Chi-Yu\n|-singleturn|p2b: Chi-Yu|Protect\n|move|p2a: Whimsicott|Tailwind|p2a: Whimsicott\n|-sidestart|p2: BrodaxVGC|move: Tailwind\n|move|p1a: Raging Bolt|Thunderbolt|p2b: Chi-Yu\n|-activate|p2b: Chi-Yu|move: Protect\n|\n|upkeep\n|turn|2\n|inactive|VGCNEOPHYTE has 30 seconds left.\n|\n|t:|1722104542\n|-terastallize|p2b: Chi-Yu|Ground\n|move|p1b: Chien-Pao|Sucker Punch|p2b: Chi-Yu\n|-damage|p2b: Chi-Yu|39\/100\n|move|p2a: Whimsicott|Moonblast|p1b: Chien-Pao\n|-supereffective|p1b: Chien-Pao\n|-enditem|p1b: Chien-Pao|Focus Sash\n|-damage|p1b: Chien-Pao|1\/100\n|move|p2b: Chi-Yu|Tera Blast|p1a: Raging Bolt|[anim] Tera Blast Ground\n|-supereffective|p1a: Raging Bolt\n|-damage|p1a: Raging Bolt|14\/100\n|-damage|p2b: Chi-Yu|29\/100|[from] item: Life Orb\n|move|p1a: Raging Bolt|Thunderbolt|p2b: Chi-Yu\n|-immune|p2b: Chi-Yu\n|\n|upkeep\n|turn|3\n|inactive|VGCNEOPHYTE has 30 seconds left.\n|\n|t:|1722104575\n|switch|p2b: Iron Hands|Iron Hands, L50|100\/100\n|move|p1b: Chien-Pao|Sucker Punch||[still]\n|-fail|p1b: Chien-Pao\n|move|p2a: Whimsicott|Moonblast|p1a: Raging Bolt\n|-supereffective|p1a: Raging Bolt\n|-damage|p1a: Raging Bolt|0 fnt\n|faint|p1a: Raging Bolt\n|-end|p1a: Raging Bolt|Protosynthesis|[silent]\n|\n|upkeep\n|\n|t:|1722104583\n|switch|p1a: Gholdengo|Gholdengo, L50|100\/100\n|turn|4\n|\n|t:|1722104594\n|switch|p2a: Miraidon|Miraidon, L50|100\/100\n|-fieldstart|move: Electric Terrain|[from] ability: Hadron Engine|[of] p2a: Miraidon\n|-activate|p2b: Iron Hands|ability: Quark Drive\n|-start|p2b: Iron Hands|quarkdriveatk\n|move|p1b: Chien-Pao|Protect|p1b: Chien-Pao\n|-singleturn|p1b: Chien-Pao|Protect\n|move|p2b: Iron Hands|Fake Out|p1b: Chien-Pao\n|-activate|p1b: Chien-Pao|move: Protect\n|move|p1a: Gholdengo|Nasty Plot|p1a: Gholdengo\n|-boost|p1a: Gholdengo|spa|2\n|\n|-sideend|p2: BrodaxVGC|move: Tailwind\n|upkeep\n|turn|5\n|inactive|BrodaxVGC has 30 seconds left.\n|inactive|BrodaxVGC has 20 seconds left.\n|inactive|BrodaxVGC has 15 seconds left.\n|\n|t:|1722104636\n|switch|p2a: Whimsicott|Whimsicott, L50, F|100\/100\n|move|p1b: Chien-Pao|Ice Spinner|p2a: Whimsicott\n|-supereffective|p2a: Whimsicott\n|-enditem|p2a: Whimsicott|Focus Sash\n|-damage|p2a: Whimsicott|1\/100\n|-fieldend|move: Electric Terrain\n|-end|p2b: Iron Hands|Quark Drive\n|move|p1a: Gholdengo|Shadow Ball|p2a: Whimsicott\n|-damage|p2a: Whimsicott|0 fnt\n|faint|p2a: Whimsicott\n|move|p2b: Iron Hands|Wild Charge|p1a: Gholdengo\n|-damage|p1a: Gholdengo|34\/100\n|-damage|p2b: Iron Hands|84\/100|[from] item: Rocky Helmet|[of] p1a: Gholdengo\n|-damage|p2b: Iron Hands|72\/100|[from] Recoil\n|\n|upkeep\n|\n|t:|1722104648\n|switch|p2a: Miraidon|Miraidon, L50|100\/100\n|-fieldstart|move: Electric Terrain|[from] ability: Hadron Engine|[of] p2a: Miraidon\n|-activate|p2b: Iron Hands|ability: Quark Drive\n|-start|p2b: Iron Hands|quarkdriveatk\n|turn|6\n|inactive|VGCNEOPHYTE has 30 seconds left.\n|\n|t:|1722104676\n|switch|p2a: Chi-Yu|Chi-Yu, L50, tera:Ground|29\/100\n|-ability|p2a: Chi-Yu|Beads of Ruin\n|move|p1b: Chien-Pao|Ice Spinner|p2a: Chi-Yu\n|-supereffective|p2a: Chi-Yu\n|-damage|p2a: Chi-Yu|0 fnt\n|-fieldend|move: Electric Terrain\n|-end|p2b: Iron Hands|Quark Drive\n|faint|p2a: Chi-Yu\n|move|p1a: Gholdengo|Shadow Ball|p2b: Iron Hands\n|-damage|p2b: Iron Hands|27\/100\n|-unboost|p2b: Iron Hands|spd|1\n|move|p2b: Iron Hands|Drain Punch|p1b: Chien-Pao\n|-supereffective|p1b: Chien-Pao\n|-damage|p1b: Chien-Pao|0 fnt\n|-heal|p2b: Iron Hands|27\/100|[from] drain|[of] p1b: Chien-Pao\n|faint|p1b: Chien-Pao\n|\n|upkeep\n|\n|t:|1722104692\n|switch|p1b: Zamazenta|Zamazenta-Crowned, L50|100\/100\n|switch|p2a: Miraidon|Miraidon, L50|100\/100\n|-fieldstart|move: Electric Terrain|[from] ability: Hadron Engine|[of] p2a: Miraidon\n|-activate|p2b: Iron Hands|ability: Quark Drive\n|-start|p2b: Iron Hands|quarkdriveatk\n|-ability|p1b: Zamazenta|Dauntless Shield|boost\n|-boost|p1b: Zamazenta|def|1\n|turn|7\n|\n|t:|1722104709\n|-terastallize|p1b: Zamazenta|Grass\n|move|p2a: Miraidon|Electro Drift|p1a: Gholdengo\n|-damage|p1a: Gholdengo|0 fnt\n|-damage|p2a: Miraidon|84\/100|[from] item: Rocky Helmet|[of] p1a: Gholdengo\n|faint|p1a: Gholdengo\n|move|p1b: Zamazenta|Body Press|p2a: Miraidon\n|-damage|p2a: Miraidon|20\/100\n|move|p2b: Iron Hands|Drain Punch|p1b: Zamazenta\n|-damage|p1b: Zamazenta|78\/100\n|-heal|p2b: Iron Hands|35\/100|[from] drain|[of] p1b: Zamazenta\n|\n|upkeep\n|turn|8\n|\n|t:|1722104727\n|move|p2a: Miraidon|Electro Drift|p1b: Zamazenta\n|-resisted|p1b: Zamazenta\n|-damage|p1b: Zamazenta|24\/100\n|move|p1b: Zamazenta|Body Press|p2a: Miraidon\n|-damage|p2a: Miraidon|0 fnt\n|faint|p2a: Miraidon\n|move|p2b: Iron Hands|Drain Punch|p1b: Zamazenta\n|-damage|p1b: Zamazenta|4\/100\n|-heal|p2b: Iron Hands|43\/100|[from] drain|[of] p1b: Zamazenta\n|\n|upkeep\n|turn|9\n|\n|t:|1722104739\n|move|p1b: Zamazenta|Body Press|p2b: Iron Hands\n|-damage|p2b: Iron Hands|0 fnt\n|faint|p2b: Iron Hands\n|-end|p2b: Iron Hands|Quark Drive|[silent]\n|\n|win|VGCNEOPHYTE\n|raw|VGCNEOPHYTE's rating: 1670 &rarr; <strong>1695<\/strong><br \/>(+25 for winning)\n|raw|BrodaxVGC's rating: 1751 &rarr; <strong>1726<\/strong><br \/>(-25 for losing)\n|c|\u2606VGCNEOPHYTE|gg\n|l|\u2606BrodaxVGC\n|player|p2|\n|l|\u2606VGCNEOPHYTE\n|player|p1|\n","uploadtime":1722104979,"views":68,"formatid":"gen9vgc2024regg","rating":1695,"private":0,"password":null}