{"id":"gen9vgc2024regg-2169001998","format":"[Gen 9] VGC 2024 Reg G","players":["Billy_HMD","Paradox Mourinho"],"log":"|j|\u2606Billy_HMD\n|j|\u2606Paradox Mourinho\n|t:|1722185443\n|gametype|doubles\n|player|p1|Billy_HMD|dawn|1825\n|player|p2|Paradox Mourinho|lance|1807\n|teamsize|p1|6\n|teamsize|p2|6\n|gen|9\n|tier|[Gen 9] VGC 2024 Reg G\n|rated|\n|rule|Species Clause: Limit one of each Pok\u00e9mon\n|rule|Item Clause: Limit one of each item\n|clearpoke\n|poke|p1|Zamazenta-*, L50|\n|poke|p1|Volcarona, L50, F|\n|poke|p1|Grimmsnarl, L50, M|\n|poke|p1|Landorus-Therian, L50, M|\n|poke|p1|Rillaboom, L50, F|\n|poke|p1|Raging Bolt, L50|\n|poke|p2|Calyrex-Shadow, L50|\n|poke|p2|Maushold, L50|\n|poke|p2|Tatsugiri, L50, M|\n|poke|p2|Dondozo, L50, M|\n|poke|p2|Mienshao, L50, F|\n|poke|p2|Weezing-Galar, L50, F|\n|teampreview|4\n|inactive|Battle timer is ON: inactive players will automatically lose when time's up. (requested by Billy_HMD)\n|j| bluestraggler02\n|\n|t:|1722185473\n|start\n|switch|p1a: Raging Bolt|Raging Bolt, L50|100\/100\n|switch|p1b: Grimmsnarl|Grimmsnarl, L50, M|100\/100\n|switch|p2a: Calyrex|Calyrex-Shadow, L50|100\/100\n|switch|p2b: Weezing|Weezing-Galar, L50, F|100\/100\n|-ability|p2a: Calyrex|As One\n|-ability|p2a: Calyrex|Unnerve\n|-ability|p2b: Weezing|Neutralizing Gas\n|turn|1\n|inactive|Billy_HMD has 30 seconds left.\n|inactive|Billy_HMD has 20 seconds left.\n|\n|t:|1722185508\n|-terastallize|p2a: Calyrex|Ghost\n|-terastallize|p1a: Raging Bolt|Electric\n|move|p2a: Calyrex|Astral Barrage|p1b: Grimmsnarl|[spread] p1a,p1b\n|-resisted|p1b: Grimmsnarl\n|-damage|p1a: Raging Bolt|41\/100\n|-damage|p1b: Grimmsnarl|54\/100\n|move|p1a: Raging Bolt|Electroweb|p2a: Calyrex|[spread] p2a,p2b\n|-damage|p2a: Calyrex|71\/100\n|-damage|p2b: Weezing|68\/100\n|-unboost|p2a: Calyrex|spe|1\n|-unboost|p2b: Weezing|spe|1\n|move|p1b: Grimmsnarl|Spirit Break|p2a: Calyrex\n|-damage|p2a: Calyrex|35\/100\n|-unboost|p2a: Calyrex|spa|1\n|move|p2b: Weezing|Strange Steam|p1b: Grimmsnarl\n|-supereffective|p1b: Grimmsnarl\n|-damage|p1b: Grimmsnarl|1\/100\n|-start|p1b: Grimmsnarl|confusion\n|\n|upkeep\n|turn|2\n|j| 1nking\n|inactive|Billy_HMD has 30 seconds left.\n|inactive|Paradox Mourinho has 30 seconds left.\n|\n|t:|1722185541\n|switch|p2a: Tatsugiri|Tatsugiri, L50, M|100\/100\n|move|p1a: Raging Bolt|Thunderclap||[still]\n|-fail|p1a: Raging Bolt\n|-activate|p1b: Grimmsnarl|confusion\n|move|p1b: Grimmsnarl|Reflect|p1b: Grimmsnarl\n|-sidestart|p1: Billy_HMD|Reflect\n|move|p2b: Weezing|Sludge Bomb|p1a: Raging Bolt\n|-damage|p1a: Raging Bolt|25\/100\n|-status|p1a: Raging Bolt|psn\n|\n|-damage|p1a: Raging Bolt|13\/100 psn|[from] psn\n|upkeep\n|turn|3\n|inactive|Paradox Mourinho has 30 seconds left.\n|inactive|Billy_HMD has 30 seconds left.\n|inactive|Billy_HMD has 20 seconds left.\n|\n|t:|1722185585\n|move|p1a: Raging Bolt|Thunderclap|p2a: Tatsugiri\n|-damage|p2a: Tatsugiri|63\/100\n|move|p2a: Tatsugiri|Dragon Pulse|p1a: Raging Bolt\n|-damage|p1a: Raging Bolt|0 fnt\n|faint|p1a: Raging Bolt\n|-end|p1a: Raging Bolt|Protosynthesis|[silent]\n|-activate|p1b: Grimmsnarl|confusion\n|move|p1b: Grimmsnarl|Light Screen|p1b: Grimmsnarl\n|-sidestart|p1: Billy_HMD|move: Light Screen\n|move|p2b: Weezing|Sludge Bomb|p1b: Grimmsnarl\n|-supereffective|p1b: Grimmsnarl\n|-damage|p1b: Grimmsnarl|0 fnt\n|faint|p1b: Grimmsnarl\n|\n|upkeep\n|\n|t:|1722185594\n|switch|p1a: Volcarona|Volcarona, L50, F|100\/100\n|switch|p1b: Zamazenta|Zamazenta-Crowned, L50|100\/100\n|turn|4\n|\n|t:|1722185611\n|switch|p2a: Calyrex|Calyrex-Shadow, L50, tera:Ghost|35\/100\n|-ability|p2a: Calyrex|As One\n|-ability|p2a: Calyrex|Unnerve\n|move|p1b: Zamazenta|Body Press|p2b: Weezing\n|-resisted|p2b: Weezing\n|-damage|p2b: Weezing|59\/100\n|move|p1a: Volcarona|Bug Buzz|p2b: Weezing\n|-resisted|p2b: Weezing\n|-damage|p2b: Weezing|49\/100\n|-unboost|p2b: Weezing|spd|1\n|-enditem|p2b: Weezing|Sitrus Berry|[eat]\n|-heal|p2b: Weezing|74\/100|[from] item: Sitrus Berry\n|move|p2b: Weezing|Taunt|p1a: Volcarona\n|-start|p1a: Volcarona|move: Taunt\n|\n|upkeep\n|turn|5\n|\n|t:|1722185630\n|move|p1b: Zamazenta|Wide Guard|p1b: Zamazenta\n|-singleturn|p1b: Zamazenta|Wide Guard\n|move|p2a: Calyrex|Astral Barrage|p1a: Volcarona|[spread] \n|-activate|p1a: Volcarona|move: Wide Guard\n|-activate|p1b: Zamazenta|move: Wide Guard\n|move|p1a: Volcarona|Heat Wave|p2a: Calyrex|[spread] p2a,p2b\n|-damage|p2a: Calyrex|3\/100\n|-damage|p2b: Weezing|22\/100\n|move|p2b: Weezing|Taunt|p1b: Zamazenta\n|-start|p1b: Zamazenta|move: Taunt\n|\n|upkeep\n|turn|6\n|\n|t:|1722185648\n|move|p2b: Weezing|Protect|p2b: Weezing\n|-singleturn|p2b: Weezing|Protect\n|move|p2a: Calyrex|Astral Barrage|p1a: Volcarona|[spread] p1a,p1b\n|-damage|p1a: Volcarona|40\/100\n|-damage|p1b: Zamazenta|56\/100\n|move|p1b: Zamazenta|Body Press|p2b: Weezing\n|-activate|p2b: Weezing|move: Protect\n|move|p1a: Volcarona|Heat Wave|p2a: Calyrex|[spread] p2a\n|-activate|p2b: Weezing|move: Protect\n|-damage|p2a: Calyrex|0 fnt\n|faint|p2a: Calyrex\n|\n|-heal|p1a: Volcarona|46\/100|[from] item: Leftovers\n|upkeep\n|\n|t:|1722185657\n|switch|p2a: Dondozo|Dondozo, L50, M|100\/100\n|turn|7\n|\n|t:|1722185665\n|-end|p2b: Weezing|ability: Neutralizing Gas\n|-ability|p1b: Zamazenta|Dauntless Shield|boost\n|-boost|p1b: Zamazenta|def|1\n|switch|p2b: Tatsugiri|Tatsugiri, L50, M|63\/100\n|-activate|p2b: Tatsugiri|ability: Commander|[of] p2a: Dondozo\n|-boost|p2a: Dondozo|atk|2\n|-boost|p2a: Dondozo|spa|2\n|-boost|p2a: Dondozo|spe|2\n|-boost|p2a: Dondozo|def|2\n|-boost|p2a: Dondozo|spd|2\n|move|p1b: Zamazenta|Body Press|p2a: Dondozo\n|-damage|p2a: Dondozo|85\/100\n|move|p1a: Volcarona|Bug Buzz|p2a: Dondozo\n|-damage|p2a: Dondozo|68\/100\n|move|p2a: Dondozo|Wave Crash|p1a: Volcarona\n|-supereffective|p1a: Volcarona\n|-damage|p1a: Volcarona|0 fnt\n|faint|p1a: Volcarona\n|-damage|p2a: Dondozo|55\/100|[from] Recoil\n|\n|-heal|p2a: Dondozo|61\/100|[from] item: Leftovers\n|upkeep\n|turn|8\n|j| Therazer456\n|\n|t:|1722185676\n|move|p2a: Dondozo|Protect|p2a: Dondozo\n|-singleturn|p2a: Dondozo|Protect\n|move|p1b: Zamazenta|Body Press|p2a: Dondozo\n|-activate|p2a: Dondozo|move: Protect\n|\n|-heal|p2a: Dondozo|67\/100|[from] item: Leftovers\n|-end|p1b: Zamazenta|move: Taunt\n|upkeep\n|turn|9\n|\n|t:|1722185686\n|move|p1b: Zamazenta|Iron Defense|p1b: Zamazenta\n|-boost|p1b: Zamazenta|def|2\n|move|p2a: Dondozo|Order Up|p1b: Zamazenta\n|-resisted|p1b: Zamazenta\n|-damage|p1b: Zamazenta|47\/100\n|-boost|p2a: Dondozo|atk|1\n|\n|-heal|p2a: Dondozo|73\/100|[from] item: Leftovers\n|-sideend|p1: Billy_HMD|Reflect\n|upkeep\n|turn|10\n|\n|t:|1722185693\n|move|p2a: Dondozo|Protect|p2a: Dondozo\n|-singleturn|p2a: Dondozo|Protect\n|move|p1b: Zamazenta|Body Press|p2a: Dondozo\n|-activate|p2a: Dondozo|move: Protect\n|\n|-heal|p2a: Dondozo|79\/100|[from] item: Leftovers\n|-sideend|p1: Billy_HMD|move: Light Screen\n|upkeep\n|turn|11\n|\n|t:|1722185703\n|move|p1b: Zamazenta|Body Press|p2a: Dondozo\n|-damage|p2a: Dondozo|64\/100\n|move|p2a: Dondozo|Wave Crash|p1b: Zamazenta\n|-damage|p1b: Zamazenta|0 fnt\n|faint|p1b: Zamazenta\n|-damage|p2a: Dondozo|50\/100|[from] Recoil\n|\n|win|Paradox Mourinho\n|raw|Billy_HMD's rating: 1825 &rarr; <strong>1804<\/strong><br \/>(-21 for losing)\n|raw|Paradox Mourinho's rating: 1807 &rarr; <strong>1828<\/strong><br \/>(+21 for winning)\n|l|\u2606Billy_HMD\n|player|p1|\n|l| Therazer456\n|l| 1nking\n|l| bluestraggler02\n","uploadtime":1722185869,"views":164,"formatid":"gen9vgc2024regg","rating":1804,"private":0,"password":null}