{"id":"gen9vgc2024regg-2169007812","format":"[Gen 9] VGC 2024 Reg G","players":["LeCehlou","ShdwempV2"],"log":"|j|\u2606LeCehlou\n|j|\u2606ShdwempV2\n|t:|1722186194\n|gametype|doubles\n|player|p1|LeCehlou|1|1715\n|player|p2|ShdwempV2|ghetsis|1720\n|teamsize|p1|6\n|teamsize|p2|6\n|gen|9\n|tier|[Gen 9] VGC 2024 Reg G\n|rated|\n|rule|Species Clause: Limit one of each Pok\u00e9mon\n|rule|Item Clause: Limit one of each item\n|clearpoke\n|poke|p1|Iron Hands, L50|\n|poke|p1|Grimmsnarl, L50, M|\n|poke|p1|Urshifu-*, L50, F|\n|poke|p1|Terapagos, L50, M|\n|poke|p1|Flutter Mane, L50|\n|poke|p1|Chi-Yu, L50|\n|poke|p2|Incineroar, L50, M|\n|poke|p2|Rillaboom, L50, F|\n|poke|p2|Kyogre, L50|\n|poke|p2|Tornadus, L50, M|\n|poke|p2|Landorus, L50, M|\n|poke|p2|Urshifu-*, L50, F|\n|teampreview|4\n|c|\u2606LeCehlou|hf\nLeCehlou has agreed to open team sheets.\nShdwempV2 has agreed to open team sheets.\n|c|\u2606ShdwempV2|U 2\n|inactive|Battle timer is ON: inactive players will automatically lose when time's up. (requested by ShdwempV2)\n|\n|t:|1722186260\n|start\n|switch|p1a: Iron Hands|Iron Hands, L50|100\/100\n|switch|p1b: Grimmsnarl|Grimmsnarl, L50, M|100\/100\n|switch|p2a: Tornadus|Tornadus, L50, M, shiny|100\/100\n|switch|p2b: Kyogre|Kyogre, L50, shiny|100\/100\n|-weather|RainDance|[from] ability: Drizzle|[of] p2b: Kyogre\n|turn|1\n|inactive|ShdwempV2 has 30 seconds left.\n|\n|t:|1722186289\n|move|p2b: Kyogre|Protect|p2b: Kyogre\n|-singleturn|p2b: Kyogre|Protect\n|move|p1a: Iron Hands|Fake Out|p2b: Kyogre\n|-activate|p2b: Kyogre|move: Protect\n|move|p2a: Tornadus|Tailwind|p2a: Tornadus\n|-sidestart|p2: ShdwempV2|move: Tailwind\n|move|p1b: Grimmsnarl|Light Screen|p1b: Grimmsnarl\n|-sidestart|p1: LeCehlou|move: Light Screen\n|\n|-weather|RainDance|[upkeep]\n|upkeep\n|turn|2\n|\n|t:|1722186306\n|-terastallize|p2b: Kyogre|Grass\n|move|p1b: Grimmsnarl|Thunder Wave|p2b: Kyogre|[miss]\n|-miss|p1b: Grimmsnarl|p2b: Kyogre\n|move|p2a: Tornadus|Bleakwind Storm|p1a: Iron Hands|[spread] p1a,p1b\n|-damage|p1a: Iron Hands|89\/100\n|-damage|p1b: Grimmsnarl|81\/100\n|move|p2b: Kyogre|Water Spout|p1a: Iron Hands|[spread] p1a,p1b\n|-damage|p1a: Iron Hands|48\/100\n|-damage|p1b: Grimmsnarl|0 fnt\n|faint|p1b: Grimmsnarl\n|move|p1a: Iron Hands|Wild Charge|p2a: Tornadus\n|-supereffective|p2a: Tornadus\n|-damage|p2a: Tornadus|0 fnt\n|faint|p2a: Tornadus\n|-damage|p1a: Iron Hands|30\/100|[from] Recoil\n|\n|-weather|RainDance|[upkeep]\n|upkeep\n|\n|t:|1722186321\n|switch|p2a: Urshifu|Urshifu, L50, F|100\/100\n|switch|p1b: Flutter Mane|Flutter Mane, L50|100\/100\n|-enditem|p1b: Flutter Mane|Booster Energy\n|-activate|p1b: Flutter Mane|ability: Protosynthesis|[fromitem]\n|-start|p1b: Flutter Mane|protosynthesisspe\n|turn|3\n|\n|t:|1722186331\n|-terastallize|p1a: Iron Hands|Grass\n|move|p2a: Urshifu|Sucker Punch|p1b: Flutter Mane\n|-damage|p1b: Flutter Mane|44\/100\n|move|p2b: Kyogre|Water Spout|p1a: Iron Hands|[spread] p1a,p1b\n|-resisted|p1a: Iron Hands\n|-damage|p1a: Iron Hands|5\/100\n|-damage|p1b: Flutter Mane|0 fnt\n|faint|p1b: Flutter Mane\n|-end|p1b: Flutter Mane|Protosynthesis|[silent]\n|move|p1a: Iron Hands|Drain Punch|p2a: Urshifu\n|-supereffective|p2a: Urshifu\n|-damage|p2a: Urshifu|7\/100\n|-heal|p1a: Iron Hands|40\/100|[from] drain|[of] p2a: Urshifu\n|\n|-weather|RainDance|[upkeep]\n|upkeep\n|c|\u2606ShdwempV2|Unlucky\n|\n|t:|1722186337\n|switch|p1b: Terapagos|Terapagos, L50, M|100\/100\n|-activate|p1b: Terapagos|ability: Tera Shift\n|detailschange|p1b: Terapagos|Terapagos-Terastal, L50, M\n|-heal|p1b: Terapagos|100\/100|[silent]\n|turn|4\n|j| Therazer456\n|c|\u2606LeCehlou|yea\n|\n|t:|1722186349\n|move|p2a: Urshifu|Wicked Blow|p1b: Terapagos\n|-activate|p1b: Terapagos|ability: Tera Shell\n|-resisted|p1b: Terapagos\n|-crit|p1b: Terapagos\n|-damage|p1b: Terapagos|70\/100\n|move|p2b: Kyogre|Water Spout|p1a: Iron Hands|[spread] p1a,p1b\n|-resisted|p1a: Iron Hands\n|-damage|p1a: Iron Hands|16\/100\n|-damage|p1b: Terapagos|0 fnt\n|faint|p1b: Terapagos\n|move|p1a: Iron Hands|Drain Punch|p2b: Kyogre\n|-damage|p2b: Kyogre|50\/100\n|-heal|p1a: Iron Hands|35\/100|[from] drain|[of] p2b: Kyogre\n|\n|-weather|RainDance|[upkeep]\n|-sideend|p2: ShdwempV2|move: Tailwind\n|upkeep\n|turn|5\n|\n|t:|1722186359\n|move|p2a: Urshifu|Wicked Blow|p1a: Iron Hands\n|-crit|p1a: Iron Hands\n|-damage|p1a: Iron Hands|0 fnt\n|faint|p1a: Iron Hands\n|-end|p1a: Iron Hands|Quark Drive|[silent]\n|\n|win|ShdwempV2\n|raw|LeCehlou's rating: 1715 &rarr; <strong>1695<\/strong><br \/>(-20 for losing)\n|raw|ShdwempV2's rating: 1720 &rarr; <strong>1740<\/strong><br \/>(+20 for winning)\n|l|\u2606LeCehlou\n|player|p1|\n|l|\u2606ShdwempV2\n|player|p2|\n","uploadtime":1722186554,"views":15,"formatid":"gen9vgc2024regg","rating":1695,"private":0,"password":null}