{"id":"gen9vgc2024regg-2169577146","format":"[Gen 9] VGC 2024 Reg G","players":["imaborat","chuanOVO"],"log":"|j|\u2606imaborat\n|j|\u2606chuanOVO\n|t:|1722269919\n|gametype|doubles\n|player|p1|imaborat|2|1812\n|player|p2|chuanOVO|n|1755\n|teamsize|p1|6\n|teamsize|p2|6\n|gen|9\n|tier|[Gen 9] VGC 2024 Reg G\n|rated|\n|rule|Species Clause: Limit one of each Pok\u00e9mon\n|rule|Item Clause: Limit one of each item\n|clearpoke\n|poke|p1|Grafaiai, L50, F|\n|poke|p1|Indeedee, L50, M|\n|poke|p1|Calyrex-Shadow, L50|\n|poke|p1|Azumarill, L50, F|\n|poke|p1|Volcarona, L50, F|\n|poke|p1|Whimsicott, L50, F|\n|poke|p2|Calyrex-Ice, L50|\n|poke|p2|Smeargle, L50, M|\n|poke|p2|Ursaluna-Bloodmoon, L50, M|\n|poke|p2|Urshifu-*, L50, M|\n|poke|p2|Ogerpon-Wellspring, L50, F|\n|poke|p2|Annihilape, L50, M|\n|teampreview|4\n|inactive|Battle timer is ON: inactive players will automatically lose when time's up. (requested by imaborat)\n|\n|t:|1722269945\n|start\n|switch|p1a: Grafaiai|Grafaiai, L50, F|100\/100\n|switch|p1b: Indeedee|Indeedee, L50, M|100\/100\n|switch|p2a: Smeargle|Smeargle, L50, M, shiny|100\/100\n|switch|p2b: Calyrex|Calyrex-Ice, L50|100\/100\n|-ability|p2b: Calyrex|As One\n|-ability|p2b: Calyrex|Unnerve\n|-fieldstart|move: Psychic Terrain|[from] ability: Psychic Surge|[of] p1b: Indeedee\n|-enditem|p1a: Grafaiai|Psychic Seed\n|-boost|p1a: Grafaiai|spd|1|[from] item: Psychic Seed\n|turn|1\n|j| valtiierra\n|inactive|chuanOVO has 30 seconds left.\n|\n|t:|1722269977\n|move|p1a: Grafaiai|Taunt|p2a: Smeargle\n|-start|p2a: Smeargle|move: Taunt\n|move|p1b: Indeedee|Expanding Force|p2b: Calyrex|[spread] p2a,p2b\n|-resisted|p2b: Calyrex\n|-damage|p2a: Smeargle|3\/100\n|-damage|p2b: Calyrex|82\/100\n|cant|p2a: Smeargle|move: Taunt|Spore\n|move|p2b: Calyrex|Trick Room|p2b: Calyrex\n|-fieldstart|move: Trick Room|[of] p2b: Calyrex\n|\n|upkeep\n|turn|2\n|j| bluestraggler02\n|\n|t:|1722270002\n|switch|p2a: Urshifu|Urshifu, L50, M|100\/100\n|switch|p1b: Azumarill|Azumarill, L50, F|100\/100\n|move|p2b: Calyrex|Glacial Lance|p1a: Grafaiai|[spread] p1a,p1b\n|-resisted|p1b: Azumarill\n|-damage|p1a: Grafaiai|13\/100\n|-damage|p1b: Azumarill|72\/100\n|move|p1a: Grafaiai|Knock Off|p2b: Calyrex\n|-supereffective|p2b: Calyrex\n|-damage|p2b: Calyrex|57\/100\n|-enditem|p2b: Calyrex|Sitrus Berry|[from] move: Knock Off|[of] p1a: Grafaiai\n|\n|upkeep\n|turn|3\n|inactive|imaborat has 30 seconds left.\n|\n|t:|1722270029\n|-terastallize|p1b: Azumarill|Fire\n|-terastallize|p2a: Urshifu|Ghost\n|move|p1b: Azumarill|Tera Blast|p2b: Calyrex|[anim] Tera Blast Fire\n|-supereffective|p2b: Calyrex\n|-damage|p2b: Calyrex|0 fnt\n|faint|p2b: Calyrex\n|move|p2a: Urshifu|Poison Jab|p1b: Azumarill\n|-damage|p1b: Azumarill|22\/100\n|-status|p1b: Azumarill|psn\n|move|p1a: Grafaiai|Taunt|p2a: Urshifu\n|-start|p2a: Urshifu|move: Taunt\n|\n|-damage|p1b: Azumarill|10\/100 psn|[from] psn\n|upkeep\n|\n|t:|1722270047\n|switch|p2b: Ursaluna|Ursaluna-Bloodmoon, L50, M|100\/100\n|turn|4\n|\n|t:|1722270058\n|switch|p2a: Smeargle|Smeargle, L50, M, shiny|3\/100\n|move|p1b: Azumarill|Aqua Jet|p2b: Ursaluna\n|-activate|p2b: Ursaluna|move: Psychic Terrain\n|move|p2b: Ursaluna|Hyper Voice|p1a: Grafaiai|[spread] p1a,p1b\n|-damage|p1a: Grafaiai|0 fnt\n|-damage|p1b: Azumarill|0 fnt\n|faint|p1a: Grafaiai\n|faint|p1b: Azumarill\n|-damage|p2b: Ursaluna|91\/100|[from] item: Life Orb\n|\n|upkeep\n|\n|t:|1722270068\n|switch|p1b: Indeedee|Indeedee, L50, M|100\/100\n|switch|p1a: Calyrex|Calyrex-Shadow, L50|100\/100\n|-ability|p1a: Calyrex|As One\n|-ability|p1a: Calyrex|Unnerve\n|turn|5\n|\n|t:|1722270087\n|move|p1a: Calyrex|Protect|p1a: Calyrex\n|-singleturn|p1a: Calyrex|Protect\n|move|p2a: Smeargle|Spore|p1a: Calyrex\n|-activate|p1a: Calyrex|move: Protect\n|move|p2b: Ursaluna|Blood Moon|p1b: Indeedee\n|-damage|p1b: Indeedee|0 fnt\n|faint|p1b: Indeedee\n|-damage|p2b: Ursaluna|81\/100|[from] item: Life Orb\n|\n|-fieldend|move: Trick Room\n|-fieldend|move: Psychic Terrain\n|upkeep\n|turn|6\n|\n|t:|1722270104\n|move|p1a: Calyrex|Tera Blast|p2a: Smeargle\n|-damage|p2a: Smeargle|0 fnt\n|faint|p2a: Smeargle\n|-ability|p1a: Calyrex|Grim Neigh|boost\n|-boost|p1a: Calyrex|spa|1\n|-damage|p1a: Calyrex|91\/100|[from] item: Life Orb\n|move|p2b: Ursaluna|Hyper Voice|p1a: Calyrex\n|-damage|p1a: Calyrex|17\/100\n|-damage|p2b: Ursaluna|72\/100|[from] item: Life Orb\n|\n|upkeep\n|-message|imaborat forfeited.\n|\n|win|chuanOVO\n|raw|imaborat's rating: 1812 &rarr; <strong>1789<\/strong><br \/>(-23 for losing)\n|raw|chuanOVO's rating: 1755 &rarr; <strong>1778<\/strong><br \/>(+23 for winning)\n|l|\u2606imaborat\n|player|p1|\n|l|\u2606chuanOVO\n|player|p2|\n|l| valtiierra\n","uploadtime":1722270262,"views":53,"formatid":"gen9vgc2024regg","rating":1778,"private":0,"password":null}