{"id":"gen9vgc2024regg-2169820721","format":"[Gen 9] VGC 2024 Reg G","players":["sjbz","war3infi"],"log":"|j|\u2606sjbz\n|j|\u2606war3infi\n|t:|1722298144\n|gametype|doubles\n|player|p1|sjbz|veteranf|1708\n|player|p2|war3infi|dawn|1866\n|teamsize|p1|6\n|teamsize|p2|6\n|gen|9\n|tier|[Gen 9] VGC 2024 Reg G\n|rated|\n|rule|Species Clause: Limit one of each Pok\u00e9mon\n|rule|Item Clause: Limit one of each item\n|clearpoke\n|poke|p1|Incineroar, L50, M|\n|poke|p1|Rillaboom, L50, F|\n|poke|p1|Calyrex-Ice, L50|\n|poke|p1|Urshifu-*, L50, M|\n|poke|p1|Pelipper, L50, M|\n|poke|p1|Raging Bolt, L50|\n|poke|p2|Calyrex-Ice, L50|\n|poke|p2|Annihilape, L50, M|\n|poke|p2|Smeargle, L50, F|\n|poke|p2|Ursaluna-Bloodmoon, L50, M|\n|poke|p2|Urshifu-*, L50, M|\n|poke|p2|Ogerpon-Wellspring, L50, F|\n|teampreview|4\n|j| DylTerr\n|\n|t:|1722298175\n|start\n|switch|p1a: Urshifu|Urshifu-Rapid-Strike, L50, M|100\/100\n|switch|p1b: Calyrex|Calyrex-Ice, L50|100\/100\n|switch|p2a: Calyrex|Calyrex-Ice, L50|100\/100\n|switch|p2b: Annihilape|Annihilape, L50, M|100\/100\n|-ability|p2a: Calyrex|As One\n|-ability|p2a: Calyrex|Unnerve\n|-ability|p1b: Calyrex|As One\n|-ability|p1b: Calyrex|Unnerve\n|turn|1\n|\n|t:|1722298194\n|move|p1a: Urshifu|Surging Strikes|p2b: Annihilape\n|-crit|p2b: Annihilape\n|-damage|p2b: Annihilape|77\/100\n|-crit|p2b: Annihilape\n|-damage|p2b: Annihilape|53\/100\n|-crit|p2b: Annihilape\n|-damage|p2b: Annihilape|29\/100\n|-hitcount|p2b: Annihilape|3\n|move|p2b: Annihilape|Coaching|p2a: Calyrex\n|-boost|p2a: Calyrex|atk|1\n|-boost|p2a: Calyrex|def|1\n|move|p2a: Calyrex|High Horsepower|p1a: Urshifu\n|-damage|p1a: Urshifu|40\/100\n|move|p1b: Calyrex|Glacial Lance|p2a: Calyrex|[spread] p2a,p2b\n|-resisted|p2a: Calyrex\n|-damage|p2a: Calyrex|89\/100\n|-damage|p2b: Annihilape|0 fnt\n|faint|p2b: Annihilape\n|-ability|p1b: Calyrex|Chilling Neigh|boost\n|-boost|p1b: Calyrex|atk|1\n|\n|upkeep\n|\n|t:|1722298209\n|switch|p2b: Urshifu|Urshifu, L50, M|100\/100\n|turn|2\n|j| Buy Dogecoins\n|j| zzz1994000\n|\n|t:|1722298244\n|-terastallize|p2b: Urshifu|Dark\n|-terastallize|p1b: Calyrex|Water\n|move|p1a: Urshifu|Surging Strikes|p2b: Urshifu\n|-crit|p2b: Urshifu\n|-damage|p2b: Urshifu|75\/100\n|-crit|p2b: Urshifu\n|-damage|p2b: Urshifu|52\/100\n|-crit|p2b: Urshifu\n|-damage|p2b: Urshifu|28\/100\n|-hitcount|p2b: Urshifu|3\n|move|p2b: Urshifu|Wicked Blow|p1b: Calyrex\n|-crit|p1b: Calyrex\n|-damage|p1b: Calyrex|46\/100\n|move|p2a: Calyrex|Glacial Lance|p1a: Urshifu|[spread] p1a,p1b\n|-resisted|p1a: Urshifu\n|-resisted|p1b: Calyrex\n|-damage|p1a: Urshifu|0 fnt\n|-damage|p1b: Calyrex|19\/100\n|faint|p1a: Urshifu\n|-ability|p2a: Calyrex|Chilling Neigh|boost\n|-boost|p2a: Calyrex|atk|1\n|move|p1b: Calyrex|Glacial Lance|p2b: Urshifu|[spread] p2a,p2b\n|-resisted|p2a: Calyrex\n|-damage|p2a: Calyrex|72\/100\n|-damage|p2b: Urshifu|0 fnt\n|faint|p2b: Urshifu\n|-ability|p1b: Calyrex|Chilling Neigh|boost\n|-boost|p1b: Calyrex|atk|1\n|\n|upkeep\n|\n|t:|1722298257\n|switch|p2b: Smeargle|Smeargle, L50, F, shiny|100\/100\n|switch|p1a: Incineroar|Incineroar, L50, M, shiny|100\/100\n|-ability|p1a: Incineroar|Intimidate|boost\n|-unboost|p2a: Calyrex|atk|1\n|-fail|p2b: Smeargle|unboost|Attack|[from] ability: Own Tempo|[of] p2b: Smeargle\n|turn|3\n|\n|t:|1722298278\n|move|p1a: Incineroar|Will-O-Wisp|p2a: Calyrex\n|-status|p2a: Calyrex|brn\n|move|p2a: Calyrex|Glacial Lance|p1a: Incineroar|[spread] p1a,p1b\n|-resisted|p1a: Incineroar\n|-resisted|p1b: Calyrex\n|-damage|p1a: Incineroar|80\/100\n|-damage|p1b: Calyrex|6\/100\n|move|p2b: Smeargle|Spore|p1b: Calyrex\n|-status|p1b: Calyrex|slp|[from] move: Spore\n|cant|p1b: Calyrex|slp\n|\n|-damage|p2a: Calyrex|67\/100 brn|[from] brn\n|upkeep\n|turn|4\n|\n|t:|1722298292\n|cant|p1b: Calyrex|slp\n|move|p1a: Incineroar|Knock Off|p2b: Smeargle\n|-damage|p2b: Smeargle|43\/100\n|-enditem|p2b: Smeargle|Mental Herb|[from] move: Knock Off|[of] p1a: Incineroar\n|move|p2a: Calyrex|Glacial Lance|p1b: Calyrex|[spread] p1a,p1b\n|-resisted|p1a: Incineroar\n|-resisted|p1b: Calyrex\n|-damage|p1a: Incineroar|61\/100\n|-damage|p1b: Calyrex|0 fnt\n|faint|p1b: Calyrex\n|-ability|p2a: Calyrex|Chilling Neigh|boost\n|-boost|p2a: Calyrex|atk|1\n|move|p2b: Smeargle|Decorate|p2a: Calyrex\n|-boost|p2a: Calyrex|atk|2\n|-boost|p2a: Calyrex|spa|2\n|\n|-damage|p2a: Calyrex|61\/100 brn|[from] brn\n|upkeep\n|\n|t:|1722298299\n|switch|p1b: Raging Bolt|Raging Bolt, L50|100\/100\n|-enditem|p1b: Raging Bolt|Booster Energy\n|-activate|p1b: Raging Bolt|ability: Protosynthesis|[fromitem]\n|-start|p1b: Raging Bolt|protosynthesisspa\n|turn|5\n|\n|t:|1722298319\n|move|p2b: Smeargle|Follow Me|p2b: Smeargle\n|-singleturn|p2b: Smeargle|move: Follow Me\n|move|p1b: Raging Bolt|Draco Meteor|p2b: Smeargle\n|-damage|p2b: Smeargle|0 fnt\n|-unboost|p1b: Raging Bolt|spa|2\n|faint|p2b: Smeargle\n|move|p1a: Incineroar|Knock Off|p2a: Calyrex\n|-supereffective|p2a: Calyrex\n|-damage|p2a: Calyrex|28\/100 brn\n|-enditem|p2a: Calyrex|Sitrus Berry|[from] move: Knock Off|[of] p1a: Incineroar\n|move|p2a: Calyrex|High Horsepower|p1a: Incineroar\n|-supereffective|p1a: Incineroar\n|-damage|p1a: Incineroar|0 fnt\n|faint|p1a: Incineroar\n|-ability|p2a: Calyrex|Chilling Neigh|boost\n|-boost|p2a: Calyrex|atk|1\n|\n|-damage|p2a: Calyrex|22\/100 brn|[from] brn\n|upkeep\n|turn|6\n|\n|t:|1722298325\n|move|p1b: Raging Bolt|Draco Meteor|p2a: Calyrex\n|-crit|p2a: Calyrex\n|-damage|p2a: Calyrex|0 fnt\n|-unboost|p1b: Raging Bolt|spa|2\n|faint|p2a: Calyrex\n|\n|win|sjbz\n|raw|sjbz's rating: 1708 &rarr; <strong>1737<\/strong><br \/>(+29 for winning)\n|raw|war3infi's rating: 1866 &rarr; <strong>1837<\/strong><br \/>(-29 for losing)\n|l|\u2606war3infi\n|player|p2|\n|l|\u2606sjbz\n|player|p1|\n|l| Buy Dogecoins\n|l| DylTerr\n","uploadtime":1722298482,"views":31,"formatid":"gen9vgc2024regg","rating":1737,"private":0,"password":null}