{"id":"gen9vgc2024regg-2169441191","format":"[Gen 9] VGC 2024 Reg G","players":["chuanOVO","tuanzai233t"],"log":"|j|\u2606chuanOVO\n|j|\u2606tuanzai233t\n|t:|1722251787\n|gametype|doubles\n|player|p1|chuanOVO|n|1812\n|player|p2|tuanzai233t|101|1788\n|teamsize|p1|6\n|teamsize|p2|6\n|gen|9\n|tier|[Gen 9] VGC 2024 Reg G\n|rated|\n|rule|Species Clause: Limit one of each Pok\u00e9mon\n|rule|Item Clause: Limit one of each item\n|clearpoke\n|poke|p1|Calyrex-Shadow, L50|\n|poke|p1|Mienshao, L50, M|\n|poke|p1|Weezing-Galar, L50, M|\n|poke|p1|Maushold, L50|\n|poke|p1|Dondozo, L50, M|\n|poke|p1|Tatsugiri, L50, M|\n|poke|p2|Indeedee-F, L50, F|\n|poke|p2|Torkoal, L50, M|\n|poke|p2|Calyrex-Ice, L50|\n|poke|p2|Annihilape, L50, M|\n|poke|p2|Urshifu-*, L50, F|\n|poke|p2|Brute Bonnet, L50|\n|teampreview|4\n|c|\u2606chuanOVO|\u53c8\u662f\u4f60\n|c|\u2606tuanzai233t|\u5509\n|c|\u2606tuanzai233t|\u53c8\u8981\u9001\u5206\n|c|\u2606chuanOVO|\u4e0d\u4e00\u5b9a\u554a\uff0c\u4f60\u7a7a\u95f4\u5f00\u51fa\u6765\u6211\u4e0d\u597d\u6253\u7684\n|\n|t:|1722251873\n|start\n|switch|p1a: Maushold|Maushold, L50, shiny|100\/100\n|switch|p1b: Calyrex|Calyrex-Shadow, L50|100\/100\n|switch|p2a: Calyrex|Calyrex-Ice, L50|100\/100\n|switch|p2b: Urshifu|Urshifu, L50, F|100\/100\n|-ability|p1b: Calyrex|As One\n|-ability|p1b: Calyrex|Unnerve\n|-ability|p2a: Calyrex|As One\n|-ability|p2a: Calyrex|Unnerve\n|turn|1\n|\n|t:|1722251898\n|-terastallize|p1b: Calyrex|Ghost\n|-terastallize|p2a: Calyrex|Fire\n|move|p1a: Maushold|Helping Hand|p1b: Calyrex\n|-singleturn|p1b: Calyrex|Helping Hand|[of] p1a: Maushold\n|move|p2b: Urshifu|Sucker Punch|p1b: Calyrex\n|-supereffective|p1b: Calyrex\n|-damage|p1b: Calyrex|23\/100\n|move|p1b: Calyrex|Astral Barrage|p2b: Urshifu|[spread] p2a,p2b\n|-resisted|p2b: Urshifu\n|-crit|p2b: Urshifu\n|-damage|p2a: Calyrex|0 fnt\n|-enditem|p2b: Urshifu|Focus Sash\n|-damage|p2b: Urshifu|1\/100\n|faint|p2a: Calyrex\n|-ability|p1b: Calyrex|Grim Neigh|boost\n|-boost|p1b: Calyrex|spa|1\n|\n|upkeep\n|\n|t:|1722251905\n|switch|p2a: Brute Bonnet|Brute Bonnet, L50, shiny|100\/100\n|turn|2\n|\n|t:|1722251917\n|move|p2b: Urshifu|Detect|p2b: Urshifu\n|-singleturn|p2b: Urshifu|Protect\n|move|p1a: Maushold|Follow Me|p1a: Maushold\n|-singleturn|p1a: Maushold|move: Follow Me\n|move|p1b: Calyrex|Astral Barrage|p2a: Brute Bonnet|[spread] p2a\n|-activate|p2b: Urshifu|move: Protect\n|-resisted|p2a: Brute Bonnet\n|-damage|p2a: Brute Bonnet|35\/100\n|move|p2a: Brute Bonnet|Spore|p1a: Maushold\n|-status|p1a: Maushold|slp|[from] move: Spore\n|\n|upkeep\n|turn|3\n|\n|t:|1722251939\n|switch|p1b: Weezing|Weezing-Galar, L50, M, shiny|100\/100\n|-enditem|p2a: Brute Bonnet|Sitrus Berry|[eat]\n|-heal|p2a: Brute Bonnet|60\/100|[from] item: Sitrus Berry\n|-ability|p1b: Weezing|Neutralizing Gas\n|move|p2b: Urshifu|Sucker Punch||[still]\n|-fail|p2b: Urshifu\n|cant|p1a: Maushold|slp\n|move|p2a: Brute Bonnet|Pollen Puff|p2b: Urshifu\n|-heal|p2b: Urshifu|51\/100\n|\n|upkeep\n|turn|4\n|\n|t:|1722251979\n|move|p2a: Brute Bonnet|Rage Powder|p2a: Brute Bonnet\n|-singleturn|p2a: Brute Bonnet|move: Rage Powder\n|move|p2b: Urshifu|Close Combat|p1a: Maushold\n|-supereffective|p1a: Maushold\n|-damage|p1a: Maushold|0 fnt\n|-unboost|p2b: Urshifu|def|1\n|-unboost|p2b: Urshifu|spd|1\n|-damage|p2b: Urshifu|34\/100|[from] item: Rocky Helmet|[of] p1a: Maushold\n|faint|p1a: Maushold\n|move|p1b: Weezing|Sludge Bomb|p2a: Brute Bonnet\n|-supereffective|p2a: Brute Bonnet\n|-damage|p2a: Brute Bonnet|19\/100\n|\n|upkeep\n|\n|t:|1722251996\n|switch|p1a: Mienshao|Mienshao, L50, M, shiny|100\/100\n|turn|5\n|j| bluestraggler02\n|\n|t:|1722252011\n|-end|p2a: Brute Bonnet|Protosynthesis|[silent]\n|switch|p2a: Annihilape|Annihilape, L50, M|100\/100\n|move|p2b: Urshifu|Detect|p2b: Urshifu\n|-singleturn|p2b: Urshifu|Protect\n|move|p1a: Mienshao|Fake Out|p2a: Annihilape\n|-immune|p2a: Annihilape\n|move|p1b: Weezing|Sludge Bomb|p2a: Annihilape\n|-resisted|p2a: Annihilape\n|-damage|p2a: Annihilape|89\/100\n|-status|p2a: Annihilape|psn\n|\n|-damage|p2a: Annihilape|76\/100 psn|[from] psn\n|upkeep\n|turn|6\n|\n|t:|1722252031\n|move|p2b: Urshifu|Sucker Punch|p1a: Mienshao\n|-resisted|p1a: Mienshao\n|-damage|p1a: Mienshao|64\/100\n|move|p2a: Annihilape|Close Combat|p1a: Mienshao\n|-damage|p1a: Mienshao|0 fnt\n|-unboost|p2a: Annihilape|def|1\n|-unboost|p2a: Annihilape|spd|1\n|faint|p1a: Mienshao\n|move|p1b: Weezing|Sludge Bomb|p2b: Urshifu\n|-damage|p2b: Urshifu|0 fnt\n|faint|p2b: Urshifu\n|\n|-damage|p2a: Annihilape|64\/100 psn|[from] psn\n|upkeep\n|j| goldonauta\n|-message|tuanzai233t forfeited.\n|\n|win|chuanOVO\n|raw|chuanOVO's rating: 1812 &rarr; <strong>1831<\/strong><br \/>(+19 for winning)\n|raw|tuanzai233t's rating: 1799 &rarr; <strong>1780<\/strong><br \/>(-19 for losing)\n|l|\u2606tuanzai233t\n|player|p2|\n|l|\u2606chuanOVO\n|player|p1|\n|l| bluestraggler02\n|l| goldonauta\n","uploadtime":1722252303,"views":46,"formatid":"gen9vgc2024regg","rating":1780,"private":0,"password":null}