{"id":"gen9vgc2024regg-2169938458","format":"[Gen 9] VGC 2024 Reg G","players":["chuanOVO","shuijunjun\u7ea2\u83b2\u94e0\u9a91\u4fa0"],"log":"|j|\u2606chuanOVO\n|j|\u2606shuijunjun\u7ea2\u83b2\u94e0\u9a91\u4fa0\n|t:|1722314359\n|gametype|doubles\n|player|p1|chuanOVO|n|1740\n|player|p2|shuijunjun\u7ea2\u83b2\u94e0\u9a91\u4fa0|iono|1735\n|teamsize|p1|6\n|teamsize|p2|6\n|gen|9\n|tier|[Gen 9] VGC 2024 Reg G\n|rated|\n|rule|Species Clause: Limit one of each Pok\u00e9mon\n|rule|Item Clause: Limit one of each item\n|clearpoke\n|poke|p1|Calyrex-Shadow, L50|\n|poke|p1|Mienshao, L50, M|\n|poke|p1|Weezing-Galar, L50, M|\n|poke|p1|Maushold, L50|\n|poke|p1|Dondozo, L50, M|\n|poke|p1|Tatsugiri, L50, M|\n|poke|p2|Armarouge, L50, F|\n|poke|p2|Zamazenta-*, L50|\n|poke|p2|Indeedee, L50, M|\n|poke|p2|Roaring Moon, L50|\n|poke|p2|Gholdengo, L50|\n|poke|p2|Urshifu-*, L50, F|\n|teampreview|4\n|inactive|Battle timer is ON: inactive players will automatically lose when time's up. (requested by chuanOVO)\n|c|\u2606shuijunjun\u7ea2\u83b2\u94e0\u9a91\u4fa0|\u6211\u770b\u5230\u5403\u543c\u9738\u5c31\u4f1a\u6b7b\n|\n|t:|1722314404\n|start\n|switch|p1a: Maushold|Maushold, L50, shiny|100\/100\n|switch|p1b: Calyrex|Calyrex-Shadow, L50|100\/100\n|switch|p2a: \u6708\u7ffc\u4e01\u771f|Roaring Moon, L50|100\/100\n|switch|p2b: \u4ebf\u5143\u4e01\u771f|Gholdengo, L50|100\/100\n|-ability|p1b: Calyrex|As One\n|-ability|p1b: Calyrex|Unnerve\n|-item|p2b: \u4ebf\u5143\u4e01\u771f|Air Balloon\n|-enditem|p2a: \u6708\u7ffc\u4e01\u771f|Booster Energy\n|-activate|p2a: \u6708\u7ffc\u4e01\u771f|ability: Protosynthesis|[fromitem]\n|-start|p2a: \u6708\u7ffc\u4e01\u771f|protosynthesisspe\n|turn|1\n|c|\u2606chuanOVO|\u902e\u6355\n|inactive|chuanOVO has 30 seconds left.\n|c|\u2606chuanOVO|\u4f60\u4e0d\u4f1a\u662f\u592a\u666e\u7684\u5427\n|inactive|chuanOVO has 20 seconds left.\n|inactive|chuanOVO has 15 seconds left.\n|inactive|chuanOVO has 10 seconds left.\n|\n|t:|1722314452\n|-terastallize|p2b: \u4ebf\u5143\u4e01\u771f|Normal\n|move|p1a: Maushold|Follow Me|p1a: Maushold\n|-singleturn|p1a: Maushold|move: Follow Me\n|move|p2a: \u6708\u7ffc\u4e01\u771f|Knock Off|p1a: Maushold\n|-damage|p1a: Maushold|53\/100\n|-damage|p2a: \u6708\u7ffc\u4e01\u771f|84\/100|[from] item: Rocky Helmet|[of] p1a: Maushold\n|-enditem|p1a: Maushold|Rocky Helmet|[from] move: Knock Off|[of] p2a: \u6708\u7ffc\u4e01\u771f\n|move|p1b: Calyrex|Astral Barrage|p2a: \u6708\u7ffc\u4e01\u771f|[spread] p2a\n|-immune|p2b: \u4ebf\u5143\u4e01\u771f\n|-resisted|p2a: \u6708\u7ffc\u4e01\u771f\n|-damage|p2a: \u6708\u7ffc\u4e01\u771f|48\/100\n|move|p2b: \u4ebf\u5143\u4e01\u771f|Make It Rain|p1b: Calyrex|[spread] p1a,p1b\n|-crit|p1b: Calyrex\n|-damage|p1a: Maushold|0 fnt\n|-damage|p1b: Calyrex|42\/100\n|-unboost|p2b: \u4ebf\u5143\u4e01\u771f|spa|1\n|faint|p1a: Maushold\n|\n|upkeep\n|c|\u2606shuijunjun\u7ea2\u83b2\u94e0\u9a91\u4fa0|\u8fd8\u771f\u662f\n|\n|t:|1722314472\n|switch|p1a: Dondozo|Dondozo, L50, M, shiny|100\/100\n|turn|2\n|\n|t:|1722314481\n|switch|p1b: Tatsugiri|Tatsugiri, L50, M, shiny|100\/100\n|-activate|p1b: Tatsugiri|ability: Commander|[of] p1a: Dondozo\n|-boost|p1a: Dondozo|atk|2\n|-boost|p1a: Dondozo|spa|2\n|-boost|p1a: Dondozo|spe|2\n|-boost|p1a: Dondozo|def|2\n|-boost|p1a: Dondozo|spd|2\n|move|p2a: \u6708\u7ffc\u4e01\u771f|Tailwind|p2a: \u6708\u7ffc\u4e01\u771f\n|-sidestart|p2: shuijunjun\u7ea2\u83b2\u94e0\u9a91\u4fa0|move: Tailwind\n|move|p2b: \u4ebf\u5143\u4e01\u771f|Thunderbolt|p1a: Dondozo\n|-supereffective|p1a: Dondozo\n|-damage|p1a: Dondozo|64\/100\n|move|p1a: Dondozo|Order Up|p2a: \u6708\u7ffc\u4e01\u771f\n|-supereffective|p2a: \u6708\u7ffc\u4e01\u771f\n|-damage|p2a: \u6708\u7ffc\u4e01\u771f|0 fnt\n|faint|p2a: \u6708\u7ffc\u4e01\u771f\n|-end|p2a: \u6708\u7ffc\u4e01\u771f|Protosynthesis|[silent]\n|-boost|p1a: Dondozo|atk|1\n|\n|-heal|p1a: Dondozo|70\/100|[from] item: Leftovers\n|upkeep\n|\n|t:|1722314496\n|switch|p2a: \u7f28\u626c\u4e01\u771f|Urshifu, L50, F|100\/100\n|turn|3\n|inactive|chuanOVO has 30 seconds left.\n|\n|t:|1722314524\n|move|p2b: \u4ebf\u5143\u4e01\u771f|Protect|p2b: \u4ebf\u5143\u4e01\u771f\n|-singleturn|p2b: \u4ebf\u5143\u4e01\u771f|Protect\n|move|p2a: \u7f28\u626c\u4e01\u771f|Wicked Blow|p1a: Dondozo\n|-crit|p1a: Dondozo\n|-damage|p1a: Dondozo|28\/100\n|move|p1a: Dondozo|Order Up|p2a: \u7f28\u626c\u4e01\u771f\n|-damage|p2a: \u7f28\u626c\u4e01\u771f|37\/100\n|-boost|p1a: Dondozo|atk|1\n|\n|-heal|p1a: Dondozo|34\/100|[from] item: Leftovers\n|upkeep\n|turn|4\n|\n|t:|1722314542\n|move|p2a: \u7f28\u626c\u4e01\u771f|Wicked Blow|p1a: Dondozo\n|-crit|p1a: Dondozo\n|-damage|p1a: Dondozo|0 fnt\n|faint|p1a: Dondozo\n|move|p2b: \u4ebf\u5143\u4e01\u771f|Shadow Ball|p1b: Tatsugiri\n|-damage|p1b: Tatsugiri|76\/100\n|-unboost|p1b: Tatsugiri|spd|1\n|\n|upkeep\n|\n|t:|1722314551\n|switch|p1a: Calyrex|Calyrex-Shadow, L50|42\/100\n|-ability|p1a: Calyrex|As One\n|-ability|p1a: Calyrex|Unnerve\n|turn|5\n|-message|chuanOVO forfeited.\n|\n|win|shuijunjun\u7ea2\u83b2\u94e0\u9a91\u4fa0\n|raw|chuanOVO's rating: 1740 &rarr; <strong>1720<\/strong><br \/>(-20 for losing)\n|raw|shuijunjun\u7ea2\u83b2\u94e0\u9a91\u4fa0's rating: 1735 &rarr; <strong>1755<\/strong><br \/>(+20 for winning)\n|l|\u2606chuanOVO\n|player|p1|\n|l|\u2606shuijunjun\u7ea2\u83b2\u94e0\u9a91\u4fa0\n|player|p2|\n","uploadtime":1722314794,"views":34,"formatid":"gen9vgc2024regg","rating":1720,"private":0,"password":null}