{"id":"gen9vgc2024regg-2169012680","format":"[Gen 9] VGC 2024 Reg G","players":["dinokitae","Billy_HMD"],"log":"|j|\u2606dinokitae\n|j|\u2606Billy_HMD\n|t:|1722186820\n|gametype|doubles\n|player|p1|dinokitae|officeworker|1754\n|player|p2|Billy_HMD|dawn|1744\n|teamsize|p1|6\n|teamsize|p2|6\n|gen|9\n|tier|[Gen 9] VGC 2024 Reg G\n|rated|\n|rule|Species Clause: Limit one of each Pok\u00e9mon\n|rule|Item Clause: Limit one of each item\n|clearpoke\n|poke|p1|Torterra, L50, M|\n|poke|p1|Iron Bundle, L50|\n|poke|p1|Chi-Yu, L50|\n|poke|p1|Farigiraf, L50, F|\n|poke|p1|Terapagos, L50, M|\n|poke|p1|Whimsicott, L50, M|\n|poke|p2|Zamazenta-*, L50|\n|poke|p2|Volcarona, L50, M|\n|poke|p2|Grimmsnarl, L50, M|\n|poke|p2|Landorus-Therian, L50, M|\n|poke|p2|Rillaboom, L50, M|\n|poke|p2|Raging Bolt, L50|\n|teampreview|4\n|inactive|Battle timer is ON: inactive players will automatically lose when time's up. (requested by Billy_HMD)\n|j| mobile2433\n|\n|t:|1722186848\n|start\n|switch|p1a: \ubcf4\ub530\ub9ac|Iron Bundle, L50, shiny|100\/100\n|switch|p1b: \uc704\uc720\uc774|Chi-Yu, L50|100\/100\n|switch|p2a: Volcarona|Volcarona, L50, M|100\/100\n|switch|p2b: Grimmsnarl|Grimmsnarl, L50, M|100\/100\n|-ability|p1b: \uc704\uc720\uc774|Beads of Ruin\n|-enditem|p1a: \ubcf4\ub530\ub9ac|Booster Energy\n|-activate|p1a: \ubcf4\ub530\ub9ac|ability: Quark Drive|[fromitem]\n|-start|p1a: \ubcf4\ub530\ub9ac|quarkdrivespe\n|turn|1\n|\n|t:|1722186861\n|move|p2b: Grimmsnarl|Light Screen|p2b: Grimmsnarl\n|-sidestart|p2: Billy_HMD|move: Light Screen\n|move|p1a: \ubcf4\ub530\ub9ac|Taunt|p2a: Volcarona\n|-start|p2a: Volcarona|move: Taunt\n|move|p1b: \uc704\uc720\uc774|Heat Wave|p2b: Grimmsnarl|[spread] p2a,p2b\n|-damage|p2a: Volcarona|69\/100\n|-damage|p2b: Grimmsnarl|70\/100\n|cant|p2a: Volcarona|move: Taunt|Quiver Dance\n|\n|-heal|p2a: Volcarona|75\/100|[from] item: Leftovers\n|upkeep\n|turn|2\n|\n|t:|1722186881\n|switch|p1b: \ud0a4\ud0a4\ub9c1|Farigiraf, L50, F|100\/100\n|move|p1a: \ubcf4\ub530\ub9ac|Hydro Pump|p2a: Volcarona\n|-supereffective|p2a: Volcarona\n|-damage|p2a: Volcarona|15\/100\n|move|p2a: Volcarona|Heat Wave|p1b: \ud0a4\ud0a4\ub9c1|[spread] p1a,p1b\n|-damage|p1a: \ubcf4\ub530\ub9ac|29\/100\n|-damage|p1b: \ud0a4\ud0a4\ub9c1|63\/100\n|move|p2b: Grimmsnarl|Spirit Break|p1b: \ud0a4\ud0a4\ub9c1\n|-damage|p1b: \ud0a4\ud0a4\ub9c1|41\/100\n|-unboost|p1b: \ud0a4\ud0a4\ub9c1|spa|1\n|-damage|p2b: Grimmsnarl|54\/100|[from] item: Rocky Helmet|[of] p1b: \ud0a4\ud0a4\ub9c1\n|\n|-heal|p2a: Volcarona|21\/100|[from] item: Leftovers\n|upkeep\n|turn|3\n|inactive|dinokitae has 30 seconds left.\n|inactive|Billy_HMD has 30 seconds left.\n|inactive|dinokitae has 20 seconds left.\n|inactive|Billy_HMD has 20 seconds left.\n|\n|t:|1722186917\n|-terastallize|p2a: Volcarona|Water\n|move|p1a: \ubcf4\ub530\ub9ac|Icy Wind|p2a: Volcarona|[spread] p2a\n|-miss|p1a: \ubcf4\ub530\ub9ac|p2b: Grimmsnarl\n|-resisted|p2a: Volcarona\n|-damage|p2a: Volcarona|15\/100\n|-unboost|p2a: Volcarona|spe|1\n|move|p2a: Volcarona|Bug Buzz|p1b: \ud0a4\ud0a4\ub9c1\n|-supereffective|p1b: \ud0a4\ud0a4\ub9c1\n|-damage|p1b: \ud0a4\ud0a4\ub9c1|0 fnt\n|faint|p1b: \ud0a4\ud0a4\ub9c1\n|move|p2b: Grimmsnarl|Spirit Break|p1a: \ubcf4\ub530\ub9ac\n|-damage|p1a: \ubcf4\ub530\ub9ac|0 fnt\n|faint|p1a: \ubcf4\ub530\ub9ac\n|-end|p1a: \ubcf4\ub530\ub9ac|Quark Drive|[silent]\n|\n|-heal|p2a: Volcarona|21\/100|[from] item: Leftovers\n|-end|p2a: Volcarona|move: Taunt\n|upkeep\n|\n|t:|1722186927\n|switch|p1a: \uc5d8\ud48d|Whimsicott, L50, M|100\/100\n|switch|p1b: \uc704\uc720\uc774|Chi-Yu, L50|100\/100\n|-ability|p1b: \uc704\uc720\uc774|Beads of Ruin\n|turn|4\n|inactive|Billy_HMD has 30 seconds left.\n|\n|t:|1722186956\n|move|p1b: \uc704\uc720\uc774|Heat Wave|p2b: Grimmsnarl|[spread] p2a,p2b\n|-resisted|p2a: Volcarona\n|-damage|p2a: Volcarona|4\/100\n|-damage|p2b: Grimmsnarl|21\/100\n|move|p1a: \uc5d8\ud48d|Moonblast|p2a: Volcarona\n|-damage|p2a: Volcarona|0 fnt\n|faint|p2a: Volcarona\n|move|p2b: Grimmsnarl|Spirit Break|p1b: \uc704\uc720\uc774\n|-damage|p1b: \uc704\uc720\uc774|52\/100\n|-unboost|p1b: \uc704\uc720\uc774|spa|1\n|\n|upkeep\n|\n|t:|1722186970\n|switch|p2a: Landorus|Landorus-Therian, L50, M|100\/100\n|-ability|p2a: Landorus|Intimidate|boost\n|-unboost|p1a: \uc5d8\ud48d|atk|1\n|-unboost|p1b: \uc704\uc720\uc774|atk|1\n|turn|5\n|\n|t:|1722186981\n|-terastallize|p1b: \uc704\uc720\uc774|Fire\n|move|p2b: Grimmsnarl|Thunder Wave|p1a: \uc5d8\ud48d\n|-status|p1a: \uc5d8\ud48d|par\n|move|p2a: Landorus|Stomping Tantrum|p1b: \uc704\uc720\uc774\n|-supereffective|p1b: \uc704\uc720\uc774\n|-crit|p1b: \uc704\uc720\uc774\n|-damage|p1b: \uc704\uc720\uc774|0 fnt\n|faint|p1b: \uc704\uc720\uc774\n|cant|p1a: \uc5d8\ud48d|par\n|\n|upkeep\n|turn|6\n|-message|dinokitae forfeited.\n|\n|win|Billy_HMD\n|raw|dinokitae's rating: 1754 &rarr; <strong>1733<\/strong><br \/>(-21 for losing)\n|raw|Billy_HMD's rating: 1744 &rarr; <strong>1765<\/strong><br \/>(+21 for winning)\n|l|\u2606dinokitae\n|player|p1|\n|j|\u2606dinokitae\n|player|p1|dinokitae|officeworker|\n|l|\u2606Billy_HMD\n|player|p2|\n|l|\u2606dinokitae\n|player|p1|\n|l| mobile2433\n","uploadtime":1722187003,"views":9,"formatid":"gen9vgc2024regg","rating":1733,"private":0,"password":null}