{"id":"gen9vgc2024regg-2169658660","format":"[Gen 9] VGC 2024 Reg G","players":["greenlightdmp","Krisuerte"],"log":"|j|\u2606greenlightdmp\n|j|\u2606Krisuerte\n|t:|1722278989\n|gametype|doubles\n|player|p1|greenlightdmp|169|1738\n|player|p2|Krisuerte|102|1797\n|teamsize|p1|6\n|teamsize|p2|6\n|gen|9\n|tier|[Gen 9] VGC 2024 Reg G\n|rated|\n|rule|Species Clause: Limit one of each Pok\u00e9mon\n|rule|Item Clause: Limit one of each item\n|clearpoke\n|poke|p1|Calyrex-Ice, L50|\n|poke|p1|Smeargle, L50, F|\n|poke|p1|Ursaluna-Bloodmoon, L50, M|\n|poke|p1|Indeedee-F, L50, F|\n|poke|p1|Amoonguss, L50, M|\n|poke|p1|Raging Bolt, L50|\n|poke|p2|Groudon, L50|\n|poke|p2|Gouging Fire, L50|\n|poke|p2|Raging Bolt, L50|\n|poke|p2|Flutter Mane, L50|\n|poke|p2|Walking Wake, L50|\n|poke|p2|Urshifu-*, L50, F|\n|teampreview|4\n|j| thejruth3\n|\n|t:|1722279018\n|start\n|switch|p1a: Rosey|Calyrex-Ice, L50|100\/100\n|switch|p1b: Ari|Smeargle, L50, F, shiny|100\/100\n|switch|p2a: Urshifu|Urshifu, L50, F|100\/100\n|switch|p2b: Flutter Mane|Flutter Mane, L50|100\/100\n|-ability|p1a: Rosey|As One\n|-ability|p1a: Rosey|Unnerve\n|turn|1\n|j| shanehuang99\n|\n|t:|1722279048\n|-terastallize|p2a: Urshifu|Ghost\n|move|p1b: Ari|Follow Me|p1b: Ari\n|-singleturn|p1b: Ari|move: Follow Me\n|move|p2a: Urshifu|Wicked Blow|p1b: Ari\n|-crit|p1b: Ari\n|-enditem|p1b: Ari|Focus Sash\n|-damage|p1b: Ari|1\/100\n|move|p2b: Flutter Mane|Trick Room|p2b: Flutter Mane\n|-fieldstart|move: Trick Room|[of] p2b: Flutter Mane\n|move|p1a: Rosey|Trick Room|p1a: Rosey\n|-fieldend|move: Trick Room\n|\n|upkeep\n|turn|2\n|\n|t:|1722279090\n|-terastallize|p1a: Rosey|Fire\n|move|p1b: Ari|Follow Me|p1b: Ari\n|-singleturn|p1b: Ari|move: Follow Me\n|move|p2b: Flutter Mane|Moonblast|p1b: Ari\n|-damage|p1b: Ari|0 fnt\n|faint|p1b: Ari\n|move|p2a: Urshifu|Wicked Blow|p1a: Rosey\n|-crit|p1a: Rosey\n|-damage|p1a: Rosey|38\/100\n|move|p1a: Rosey|Trick Room|p1a: Rosey\n|-fieldstart|move: Trick Room|[of] p1a: Rosey\n|\n|upkeep\n|\n|t:|1722279113\n|switch|p1b: Rich|Ursaluna-Bloodmoon, L50, M|100\/100\n|turn|3\n|\n|t:|1722279138\n|switch|p2a: Walking Wake|Walking Wake, L50|100\/100\n|move|p2b: Flutter Mane|Protect|p2b: Flutter Mane\n|-singleturn|p2b: Flutter Mane|Protect\n|move|p1b: Rich|Hyper Voice|p2a: Walking Wake|[spread] p2a\n|-activate|p2b: Flutter Mane|move: Protect\n|-damage|p2a: Walking Wake|53\/100\n|-damage|p1b: Rich|91\/100|[from] item: Life Orb\n|move|p1a: Rosey|Glacial Lance|p2a: Walking Wake|[spread] p2a\n|-activate|p2b: Flutter Mane|move: Protect\n|-damage|p2a: Walking Wake|0 fnt\n|faint|p2a: Walking Wake\n|-end|p2a: Walking Wake|Protosynthesis|[silent]\n|-ability|p1a: Rosey|Chilling Neigh|boost\n|-boost|p1a: Rosey|atk|1\n|\n|upkeep\n|\n|t:|1722279164\n|switch|p2a: Urshifu|Urshifu, L50, F, tera:Ghost|100\/100\n|turn|4\n|\n|t:|1722279191\n|move|p1a: Rosey|Protect|p1a: Rosey\n|-singleturn|p1a: Rosey|Protect\n|move|p2a: Urshifu|Sucker Punch||[still]\n|-fail|p2a: Urshifu\n|move|p1b: Rich|Blood Moon|p2b: Flutter Mane\n|-enditem|p2b: Flutter Mane|Focus Sash\n|-damage|p2b: Flutter Mane|1\/100\n|-damage|p1b: Rich|81\/100|[from] item: Life Orb\n|move|p2b: Flutter Mane|Trick Room|p2b: Flutter Mane\n|-fieldend|move: Trick Room\n|\n|upkeep\n|turn|5\n|\n|t:|1722279237\n|move|p2a: Urshifu|Sucker Punch||[still]\n|-fail|p2a: Urshifu\n|move|p2b: Flutter Mane|Shadow Ball|p1a: Rosey\n|-damage|p1a: Rosey|7\/100\n|move|p1b: Rich|Hyper Voice|p2b: Flutter Mane|[spread] p2a,p2b\n|-damage|p2a: Urshifu|29\/100\n|-damage|p2b: Flutter Mane|0 fnt\n|faint|p2b: Flutter Mane\n|-end|p2b: Flutter Mane|Protosynthesis|[silent]\n|-damage|p1b: Rich|72\/100|[from] item: Life Orb\n|move|p1a: Rosey|Trick Room|p1a: Rosey\n|-fieldstart|move: Trick Room|[of] p1a: Rosey\n|\n|upkeep\n|\n|t:|1722279250\n|switch|p2b: Groudon|Groudon, L50|100\/100\n|-weather|SunnyDay|[from] ability: Drought|[of] p2b: Groudon\n|turn|6\n|\n|t:|1722279259\n|move|p1a: Rosey|Protect|p1a: Rosey\n|-singleturn|p1a: Rosey|Protect\n|move|p2a: Urshifu|Sucker Punch||[still]\n|-fail|p2a: Urshifu\n|move|p1b: Rich|Hyper Voice|p2b: Groudon|[spread] p2a,p2b\n|-crit|p2a: Urshifu\n|-damage|p2a: Urshifu|0 fnt\n|-damage|p2b: Groudon|72\/100\n|faint|p2a: Urshifu\n|-damage|p1b: Rich|62\/100|[from] item: Life Orb\n|move|p2b: Groudon|Hammer Arm|p1b: Rich\n|-supereffective|p1b: Rich\n|-crit|p1b: Rich\n|-damage|p1b: Rich|0 fnt\n|-unboost|p2b: Groudon|spe|1\n|faint|p1b: Rich\n|\n|-weather|SunnyDay|[upkeep]\n|upkeep\n|\n|t:|1722279277\n|switch|p1b: Zac|Raging Bolt, L50|100\/100\n|-activate|p1b: Zac|ability: Protosynthesis\n|-start|p1b: Zac|protosynthesisspa\n|turn|7\n|\n|t:|1722279286\n|move|p2b: Groudon|Precipice Blades|p1b: Zac|[spread] p1a,p1b\n|-supereffective|p1a: Rosey\n|-supereffective|p1b: Zac\n|-damage|p1a: Rosey|0 fnt\n|-damage|p1b: Zac|12\/100\n|faint|p1a: Rosey\n|move|p1b: Zac|Draco Meteor|p2b: Groudon\n|-damage|p2b: Groudon|19\/100\n|-unboost|p1b: Zac|spa|2\n|\n|-weather|SunnyDay|[upkeep]\n|upkeep\n|turn|8\n|\n|t:|1722279305\n|move|p2b: Groudon|Heat Crash|p1b: Zac\n|-resisted|p1b: Zac\n|-damage|p1b: Zac|4\/100\n|move|p1b: Zac|Draco Meteor|p2b: Groudon\n|-damage|p2b: Groudon|0 fnt\n|-unboost|p1b: Zac|spa|2\n|faint|p2b: Groudon\n|\n|win|greenlightdmp\n|raw|greenlightdmp's rating: 1738 &rarr; <strong>1761<\/strong><br \/>(+23 for winning)\n|raw|Krisuerte's rating: 1797 &rarr; <strong>1774<\/strong><br \/>(-23 for losing)\n|l|\u2606Krisuerte\n|player|p2|\n","uploadtime":1722279339,"views":25,"formatid":"gen9vgc2024regg","rating":1761,"private":0,"password":null}