{"id":"gen9vgc2024regg-2169478902","format":"[Gen 9] VGC 2024 Reg G","players":["tuanzai233t","chuanOVO"],"log":"|j|\u2606tuanzai233t\n|j|\u2606chuanOVO\n|t:|1722257882\n|gametype|doubles\n|player|p1|tuanzai233t|101|1718\n|player|p2|chuanOVO|n|1851\n|teamsize|p1|6\n|teamsize|p2|6\n|gen|9\n|tier|[Gen 9] VGC 2024 Reg G\n|rated|\n|rule|Species Clause: Limit one of each Pok\u00e9mon\n|rule|Item Clause: Limit one of each item\n|clearpoke\n|poke|p1|Indeedee-F, L50, F|\n|poke|p1|Torkoal, L50, M|\n|poke|p1|Calyrex-Ice, L50|\n|poke|p1|Annihilape, L50, M|\n|poke|p1|Urshifu-*, L50, M|\n|poke|p1|Brute Bonnet, L50|\n|poke|p2|Calyrex-Ice, L50|\n|poke|p2|Smeargle, L50, M|\n|poke|p2|Ursaluna-Bloodmoon, L50, M|\n|poke|p2|Urshifu-*, L50, M|\n|poke|p2|Ogerpon-Wellspring, L50, F|\n|poke|p2|Annihilape, L50, M|\n|teampreview|4\n|\n|t:|1722257911\n|start\n|switch|p1a: Calyrex|Calyrex-Ice, L50|100\/100\n|switch|p1b: Brute Bonnet|Brute Bonnet, L50, shiny|100\/100\n|switch|p2a: Annihilape|Annihilape, L50, M, shiny|100\/100\n|switch|p2b: Calyrex|Calyrex-Ice, L50|100\/100\n|-ability|p2b: Calyrex|As One\n|-ability|p2b: Calyrex|Unnerve\n|-ability|p1a: Calyrex|As One\n|-ability|p1a: Calyrex|Unnerve\n|turn|1\n|\n|t:|1722257926\n|move|p1a: Calyrex|Protect|p1a: Calyrex\n|-singleturn|p1a: Calyrex|Protect\n|move|p2a: Annihilape|Final Gambit|p1b: Brute Bonnet\n|-damage|p1b: Brute Bonnet|5\/100\n|faint|p2a: Annihilape\n|move|p2b: Calyrex|Glacial Lance|p1b: Brute Bonnet|[spread] p1b\n|-activate|p1a: Calyrex|move: Protect\n|-supereffective|p1b: Brute Bonnet\n|-damage|p1b: Brute Bonnet|0 fnt\n|faint|p1b: Brute Bonnet\n|-end|p1b: Brute Bonnet|Protosynthesis|[silent]\n|-ability|p2b: Calyrex|Chilling Neigh|boost\n|-boost|p2b: Calyrex|atk|1\n|\n|upkeep\n|\n|t:|1722257939\n|switch|p2a: Smeargle|Smeargle, L50, M, shiny|100\/100\n|switch|p1b: Urshifu|Urshifu, L50, M|100\/100\n|turn|2\n|\n|t:|1722257957\n|-terastallize|p2b: Calyrex|Water\n|move|p1b: Urshifu|Detect|p1b: Urshifu\n|-singleturn|p1b: Urshifu|Protect\n|move|p2b: Calyrex|Glacial Lance|p1b: Urshifu|[spread] p1a\n|-activate|p1b: Urshifu|move: Protect\n|-resisted|p1a: Calyrex\n|-damage|p1a: Calyrex|73\/100\n|move|p2a: Smeargle|Spore|p1b: Urshifu\n|-activate|p1b: Urshifu|move: Protect\n|move|p1a: Calyrex|Glacial Lance|p2b: Calyrex|[spread] p2a,p2b\n|-resisted|p2b: Calyrex\n|-damage|p2a: Smeargle|12\/100\n|-damage|p2b: Calyrex|81\/100\n|\n|upkeep\n|turn|3\n|j| carlinss\n|\n|t:|1722258002\n|-terastallize|p1b: Urshifu|Dark\n|move|p2a: Smeargle|Wide Guard|p2a: Smeargle\n|-singleturn|p2a: Smeargle|Wide Guard\n|move|p1b: Urshifu|Wicked Blow|p2b: Calyrex\n|-crit|p2b: Calyrex\n|-damage|p2b: Calyrex|25\/100\n|move|p2b: Calyrex|Glacial Lance|p1b: Urshifu|[spread] p1a,p1b\n|-resisted|p1a: Calyrex\n|-damage|p1a: Calyrex|47\/100\n|-damage|p1b: Urshifu|18\/100\n|move|p1a: Calyrex|Glacial Lance|p2b: Calyrex|[spread] \n|-activate|p2a: Smeargle|move: Wide Guard\n|-activate|p2b: Calyrex|move: Wide Guard\n|\n|upkeep\n|turn|4\n|\n|t:|1722258036\n|move|p1b: Urshifu|Wicked Blow|p2b: Calyrex\n|-crit|p2b: Calyrex\n|-damage|p2b: Calyrex|0 fnt\n|faint|p2b: Calyrex\n|move|p2a: Smeargle|Spore|p1a: Calyrex\n|-status|p1a: Calyrex|slp|[from] move: Spore\n|cant|p1a: Calyrex|slp\n|\n|upkeep\n|\n|t:|1722258044\n|switch|p2b: Urshifu|Urshifu, L50, M|100\/100\n|turn|5\n|\n|t:|1722258086\n|move|p1b: Urshifu|Wicked Blow|p2a: Smeargle\n|-crit|p2a: Smeargle\n|-damage|p2a: Smeargle|0 fnt\n|faint|p2a: Smeargle\n|move|p2b: Urshifu|Wicked Blow|p1b: Urshifu\n|-resisted|p1b: Urshifu\n|-crit|p1b: Urshifu\n|-damage|p1b: Urshifu|0 fnt\n|faint|p1b: Urshifu\n|cant|p1a: Calyrex|slp\n|\n|upkeep\n|\n|t:|1722258092\n|switch|p1b: Torkoal|Torkoal, L50, M|100\/100\n|-weather|SunnyDay|[from] ability: Drought|[of] p1b: Torkoal\n|turn|6\n|j| Maushold-13P\n|\n|t:|1722258104\n|move|p2b: Urshifu|Wicked Blow|p1b: Torkoal\n|-crit|p1b: Torkoal\n|-damage|p1b: Torkoal|33\/100\n|cant|p1a: Calyrex|slp\n|move|p1b: Torkoal|Weather Ball|p2b: Urshifu\n|-damage|p2b: Urshifu|5\/100\n|\n|-weather|SunnyDay|[upkeep]\n|upkeep\n|turn|7\n|c|\u2606tuanzai233t|gg\n|\n|t:|1722258118\n|move|p2b: Urshifu|Wicked Blow|p1b: Torkoal\n|-crit|p1b: Torkoal\n|-damage|p1b: Torkoal|0 fnt\n|faint|p1b: Torkoal\n|-curestatus|p1a: Calyrex|slp|[msg]\n|move|p1a: Calyrex|Glacial Lance|p2b: Urshifu\n|-damage|p2b: Urshifu|0 fnt\n|faint|p2b: Urshifu\n|\n|win|tuanzai233t\n|raw|tuanzai233t's rating: 1718 &rarr; <strong>1745<\/strong><br \/>(+27 for winning)\n|raw|chuanOVO's rating: 1851 &rarr; <strong>1824<\/strong><br \/>(-27 for losing)\n|l|\u2606tuanzai233t\n|player|p1|\n|c|\u2606chuanOVO|\u8981\u662f\u9192\u4e86\u5c31\u6ca1\u4e86\n|l|\u2606chuanOVO\n|player|p2|\n|l| Maushold-13P\n|l| carlinss\n","uploadtime":1722258347,"views":17,"formatid":"gen9vgc2024regg","rating":1745,"private":0,"password":null}