{"id":"gen9vgc2024regg-2169832309","format":"[Gen 9] VGC 2024 Reg G","players":["greenlightdmp","war3infi"],"log":"|j|\u2606greenlightdmp\n|j|\u2606war3infi\n|t:|1722299684\n|gametype|doubles\n|player|p1|greenlightdmp|265|1741\n|player|p2|war3infi|dawn|1839\n|teamsize|p1|6\n|teamsize|p2|6\n|gen|9\n|tier|[Gen 9] VGC 2024 Reg G\n|rated|\n|rule|Species Clause: Limit one of each Pok\u00e9mon\n|rule|Item Clause: Limit one of each item\n|clearpoke\n|poke|p1|Calyrex-Ice, L50|\n|poke|p1|Smeargle, L50, F|\n|poke|p1|Ursaluna-Bloodmoon, L50, M|\n|poke|p1|Indeedee-F, L50, F|\n|poke|p1|Amoonguss, L50, M|\n|poke|p1|Raging Bolt, L50|\n|poke|p2|Calyrex-Ice, L50|\n|poke|p2|Annihilape, L50, M|\n|poke|p2|Smeargle, L50, M|\n|poke|p2|Ursaluna-Bloodmoon, L50, M|\n|poke|p2|Urshifu-*, L50, M|\n|poke|p2|Ogerpon-Wellspring, L50, F|\n|teampreview|4\n|\n|t:|1722299702\n|start\n|switch|p1a: Rosey|Calyrex-Ice, L50|100\/100\n|switch|p1b: Ari|Smeargle, L50, F, shiny|100\/100\n|switch|p2a: Calyrex|Calyrex-Ice, L50|100\/100\n|switch|p2b: Ogerpon|Ogerpon-Wellspring, L50, F|100\/100\n|-ability|p1a: Rosey|As One\n|-ability|p1a: Rosey|Unnerve\n|-ability|p2a: Calyrex|As One\n|-ability|p2a: Calyrex|Unnerve\n|turn|1\n|\n|t:|1722299720\n|move|p1b: Ari|Fake Out|p2b: Ogerpon\n|-damage|p2b: Ogerpon|96\/100\n|cant|p2b: Ogerpon|flinch\n|move|p2a: Calyrex|Glacial Lance|p1b: Ari|[spread] p1a,p1b\n|-resisted|p1a: Rosey\n|-damage|p1a: Rosey|84\/100\n|-damage|p1b: Ari|19\/100\n|move|p1a: Rosey|Trick Room|p1a: Rosey\n|-fieldstart|move: Trick Room|[of] p1a: Rosey\n|\n|upkeep\n|turn|2\n|\n|t:|1722299736\n|move|p2b: Ogerpon|Follow Me|p2b: Ogerpon\n|-singleturn|p2b: Ogerpon|move: Follow Me\n|move|p1b: Ari|Spore|p2b: Ogerpon\n|-immune|p2b: Ogerpon\n|move|p2a: Calyrex|Glacial Lance|p1a: Rosey|[spread] p1a,p1b\n|-resisted|p1a: Rosey\n|-damage|p1a: Rosey|66\/100\n|-damage|p1b: Ari|0 fnt\n|faint|p1b: Ari\n|-ability|p2a: Calyrex|Chilling Neigh|boost\n|-boost|p2a: Calyrex|atk|1\n|move|p1a: Rosey|Glacial Lance|p2a: Calyrex|[spread] p2a,p2b\n|-resisted|p2a: Calyrex\n|-damage|p2a: Calyrex|82\/100\n|-damage|p2b: Ogerpon|40\/100\n|\n|upkeep\n|\n|t:|1722299752\n|switch|p1b: Stephen|Amoonguss, L50, M|100\/100\n|turn|3\n|\n|t:|1722299773\n|-terastallize|p1b: Stephen|Water\n|move|p2b: Ogerpon|Follow Me|p2b: Ogerpon\n|-singleturn|p2b: Ogerpon|move: Follow Me\n|move|p1b: Stephen|Spore|p2b: Ogerpon\n|-immune|p2b: Ogerpon\n|move|p1a: Rosey|Glacial Lance|p2a: Calyrex|[spread] p2a,p2b\n|-resisted|p2a: Calyrex\n|-damage|p2a: Calyrex|63\/100\n|-damage|p2b: Ogerpon|0 fnt\n|faint|p2b: Ogerpon\n|-ability|p1a: Rosey|Chilling Neigh|boost\n|-boost|p1a: Rosey|atk|1\n|move|p2a: Calyrex|Trick Room|p2a: Calyrex\n|-fieldend|move: Trick Room\n|\n|upkeep\n|inactive|Battle timer is ON: inactive players will automatically lose when time's up. (requested by war3infi)\n|\n|t:|1722299781\n|switch|p2b: Urshifu|Urshifu, L50, M|100\/100\n|turn|4\n|\n|t:|1722299797\n|move|p1b: Stephen|Rage Powder|p1b: Stephen\n|-singleturn|p1b: Stephen|move: Rage Powder\n|move|p2b: Urshifu|Wicked Blow|p1b: Stephen\n|-crit|p1b: Stephen\n|-damage|p1b: Stephen|51\/100\n|-damage|p2b: Urshifu|84\/100|[from] item: Rocky Helmet|[of] p1b: Stephen\n|move|p1a: Rosey|Close Combat|p2b: Urshifu\n|-supereffective|p2b: Urshifu\n|-damage|p2b: Urshifu|0 fnt\n|-unboost|p1a: Rosey|def|1\n|-unboost|p1a: Rosey|spd|1\n|faint|p2b: Urshifu\n|-ability|p1a: Rosey|Chilling Neigh|boost\n|-boost|p1a: Rosey|atk|1\n|move|p2a: Calyrex|Glacial Lance|p1b: Stephen|[spread] p1a,p1b\n|-resisted|p1a: Rosey\n|-resisted|p1b: Stephen\n|-damage|p1a: Rosey|24\/100\n|-damage|p1b: Stephen|19\/100\n|\n|upkeep\n|\n|t:|1722299802\n|switch|p2b: Smeargle|Smeargle, L50, M, shiny|100\/100\n|turn|5\n|inactive|greenlightdmp has 30 seconds left.\n|\n|t:|1722299827\n|move|p1a: Rosey|Protect|p1a: Rosey\n|-singleturn|p1a: Rosey|Protect\n|move|p2b: Smeargle|Wide Guard|p2b: Smeargle\n|-singleturn|p2b: Smeargle|Wide Guard\n|move|p2a: Calyrex|Glacial Lance|p1a: Rosey|[spread] p1b\n|-activate|p1a: Rosey|move: Protect\n|-resisted|p1b: Stephen\n|-damage|p1b: Stephen|0 fnt\n|faint|p1b: Stephen\n|-ability|p2a: Calyrex|Chilling Neigh|boost\n|-boost|p2a: Calyrex|atk|1\n|\n|upkeep\n|\n|t:|1722299836\n|switch|p1b: Rich|Ursaluna-Bloodmoon, L50, M|100\/100\n|turn|6\n|inactive|greenlightdmp has 30 seconds left.\n|\n|t:|1722299868\n|move|p2b: Smeargle|Wide Guard|p2b: Smeargle\n|-singleturn|p2b: Smeargle|Wide Guard\n|move|p1a: Rosey|Glacial Lance|p2a: Calyrex|[spread] \n|-activate|p2a: Calyrex|move: Wide Guard\n|-activate|p2b: Smeargle|move: Wide Guard\n|move|p1b: Rich|Blood Moon|p2a: Calyrex\n|-damage|p2a: Calyrex|0 fnt\n|faint|p2a: Calyrex\n|-damage|p1b: Rich|91\/100|[from] item: Life Orb\n|\n|upkeep\n|turn|7\n|-message|war3infi forfeited.\n|\n|win|greenlightdmp\n|raw|greenlightdmp's rating: 1741 &rarr; <strong>1766<\/strong><br \/>(+25 for winning)\n|raw|war3infi's rating: 1839 &rarr; <strong>1814<\/strong><br \/>(-25 for losing)\n|l|\u2606war3infi\n|player|p2|\n|l|\u2606greenlightdmp\n|player|p1|\n|j|\u2606greenlightdmp\n|player|p1|greenlightdmp|265|\n|l|\u2606greenlightdmp\n|player|p1|\n","uploadtime":1722299891,"views":55,"formatid":"gen9vgc2024regg","rating":1766,"private":0,"password":null}