{"id":"gen9vgc2024regg-2169278653","format":"[Gen 9] VGC 2024 Reg G","players":["AsukaHikaru","Rebirthruby"],"log":"|j|\u2606AsukaHikaru\n|j|\u2606Rebirthruby\n|t:|1722221123\n|gametype|doubles\n|player|p1|AsukaHikaru|volkner|1708\n|player|p2|Rebirthruby|170|1694\n|teamsize|p1|6\n|teamsize|p2|6\n|gen|9\n|tier|[Gen 9] VGC 2024 Reg G\n|rated|\n|rule|Species Clause: Limit one of each Pok\u00e9mon\n|rule|Item Clause: Limit one of each item\n|clearpoke\n|poke|p1|Weezing-Galar, L50, M|\n|poke|p1|Dondozo, L50, F|\n|poke|p1|Calyrex-Shadow, L50|\n|poke|p1|Tatsugiri, L50, F|\n|poke|p1|Mienshao, L50, M|\n|poke|p1|Chi-Yu, L50|\n|poke|p2|Calyrex-Ice, L50|\n|poke|p2|Annihilape, L50, M|\n|poke|p2|Ogerpon-Wellspring, L50, F|\n|poke|p2|Urshifu-*, L50, M|\n|poke|p2|Ursaluna-Bloodmoon, L50, M|\n|poke|p2|Smeargle, L50, F|\n|teampreview|4\n|\n|t:|1722221167\n|start\n|switch|p1a: Mienshao|Mienshao, L50, M|100\/100\n|switch|p1b: Calyrex|Calyrex-Shadow, L50|100\/100\n|switch|p2a: Smeargle|Smeargle, L50, F|100\/100\n|switch|p2b: Calyrex|Calyrex-Ice, L50|100\/100\n|-ability|p1b: Calyrex|As One\n|-ability|p1b: Calyrex|Unnerve\n|-ability|p2b: Calyrex|As One\n|-ability|p2b: Calyrex|Unnerve\n|turn|1\n|\n|t:|1722221192\n|-terastallize|p2b: Calyrex|Water\n|move|p1a: Mienshao|Fake Out|p2a: Smeargle\n|-damage|p2a: Smeargle|83\/100\n|move|p1b: Calyrex|Astral Barrage|p2b: Calyrex|[spread] p2b\n|-immune|p2a: Smeargle\n|-damage|p2b: Calyrex|50\/100\n|cant|p2a: Smeargle|flinch\n|move|p2b: Calyrex|Trick Room|p2b: Calyrex\n|-fieldstart|move: Trick Room|[of] p2b: Calyrex\n|\n|upkeep\n|turn|2\n|\n|t:|1722221209\n|switch|p1b: Dondozo|Dondozo, L50, F|100\/100\n|-enditem|p2b: Calyrex|Sitrus Berry|[eat]\n|-heal|p2b: Calyrex|74\/100|[from] item: Sitrus Berry\n|move|p2a: Smeargle|Spore|p1b: Dondozo\n|-status|p1b: Dondozo|slp|[from] move: Spore\n|move|p2b: Calyrex|High Horsepower|p1a: Mienshao\n|-damage|p1a: Mienshao|24\/100\n|move|p1a: Mienshao|Close Combat|p2a: Smeargle\n|-supereffective|p2a: Smeargle\n|-crit|p2a: Smeargle\n|-damage|p2a: Smeargle|0 fnt\n|-unboost|p1a: Mienshao|def|1\n|-unboost|p1a: Mienshao|spd|1\n|faint|p2a: Smeargle\n|\n|upkeep\n|\n|t:|1722221227\n|switch|p2a: Urshifu|Urshifu, L50, M|100\/100\n|turn|3\n|\n|t:|1722221239\n|switch|p1a: Tatsugiri|Tatsugiri, L50, F|100\/100\n|-activate|p1a: Tatsugiri|ability: Commander|[of] p1b: Dondozo\n|-boost|p1b: Dondozo|atk|2\n|-boost|p1b: Dondozo|spa|2\n|-boost|p1b: Dondozo|spe|2\n|-boost|p1b: Dondozo|def|2\n|-boost|p1b: Dondozo|spd|2\n|move|p2b: Calyrex|Glacial Lance|p1b: Dondozo|[spread] p1b\n|-miss|p2b: Calyrex|p1a: Tatsugiri\n|-resisted|p1b: Dondozo\n|-damage|p1b: Dondozo|91\/100 slp\n|move|p2a: Urshifu|Wicked Blow|p1b: Dondozo\n|-crit|p1b: Dondozo\n|-damage|p1b: Dondozo|30\/100 slp\n|cant|p1b: Dondozo|slp\n|\n|-heal|p1b: Dondozo|36\/100 slp|[from] item: Leftovers\n|upkeep\n|turn|4\n|\n|t:|1722221263\n|move|p2b: Calyrex|High Horsepower|p1b: Dondozo\n|-damage|p1b: Dondozo|21\/100 slp\n|move|p2a: Urshifu|Wicked Blow|p1b: Dondozo\n|-crit|p1b: Dondozo\n|-damage|p1b: Dondozo|0 fnt\n|faint|p1b: Dondozo\n|\n|upkeep\n|\n|t:|1722221272\n|switch|p1b: Mienshao|Mienshao, L50, M|24\/100\n|turn|5\n|\n|t:|1722221293\n|move|p1b: Mienshao|Fake Out|p2a: Urshifu\n|-damage|p2a: Urshifu|88\/100\n|move|p2b: Calyrex|Glacial Lance|p1a: Tatsugiri|[spread] p1a,p1b\n|-damage|p1a: Tatsugiri|14\/100\n|-damage|p1b: Mienshao|0 fnt\n|faint|p1b: Mienshao\n|-ability|p2b: Calyrex|Chilling Neigh|boost\n|-boost|p2b: Calyrex|atk|1\n|cant|p2a: Urshifu|flinch\n|move|p1a: Tatsugiri|Draco Meteor|p2a: Urshifu\n|-damage|p2a: Urshifu|20\/100\n|-unboost|p1a: Tatsugiri|spa|2\n|\n|-fieldend|move: Trick Room\n|upkeep\n|\n|t:|1722221307\n|switch|p1b: Calyrex|Calyrex-Shadow, L50|100\/100\n|-ability|p1b: Calyrex|As One\n|-ability|p1b: Calyrex|Unnerve\n|turn|6\n|j| THUNDERSND77\n|\n|t:|1722221322\n|switch|p2a: Ursaluna|Ursaluna-Bloodmoon, L50, M|100\/100\n|-terastallize|p1b: Calyrex|Ghost\n|move|p1b: Calyrex|Astral Barrage|p2a: Ursaluna|[spread] p2b\n|-immune|p2a: Ursaluna\n|-damage|p2b: Calyrex|6\/100\n|move|p1a: Tatsugiri|Muddy Water|p2b: Calyrex|[spread] p2a\n|-miss|p1a: Tatsugiri|p2b: Calyrex\n|-supereffective|p2a: Ursaluna\n|-damage|p2a: Ursaluna|66\/100\n|move|p2b: Calyrex|Trick Room|p2b: Calyrex\n|-fieldstart|move: Trick Room|[of] p2b: Calyrex\n|\n|upkeep\n|turn|7\n|l| THUNDERSND77\n|-message|AsukaHikaru forfeited.\n|\n|win|Rebirthruby\n|raw|AsukaHikaru's rating: 1708 &rarr; <strong>1687<\/strong><br \/>(-21 for losing)\n|raw|Rebirthruby's rating: 1694 &rarr; <strong>1715<\/strong><br \/>(+21 for winning)\n|l|\u2606AsukaHikaru\n|player|p1|\n|l|\u2606Rebirthruby\n|player|p2|\n","uploadtime":1722221565,"views":13,"formatid":"gen9vgc2024regg","rating":1687,"private":0,"password":null}