{"id":"gen9vgc2024regg-2169717659","format":"[Gen 9] VGC 2024 Reg G","players":["Krisuerte","monkeyflipping"],"log":"|j|\u2606Krisuerte\n|j|\u2606monkeyflipping\n|t:|1722285445\n|gametype|doubles\n|player|p1|Krisuerte|102|1786\n|player|p2|monkeyflipping|magmasuit|1762\n|teamsize|p1|6\n|teamsize|p2|6\n|gen|9\n|tier|[Gen 9] VGC 2024 Reg G\n|rated|\n|rule|Species Clause: Limit one of each Pok\u00e9mon\n|rule|Item Clause: Limit one of each item\n|clearpoke\n|poke|p1|Sinistcha-Masterpiece, L50|\n|poke|p1|Kyogre, L50|\n|poke|p1|Tornadus, L50, M|\n|poke|p1|Urshifu-*, L50, M|\n|poke|p1|Archaludon, L50, M|\n|poke|p1|Landorus, L50, M|\n|poke|p2|Tornadus, L50, M|\n|poke|p2|Kyogre, L50|\n|poke|p2|Electivire, L50, M|\n|poke|p2|Rillaboom, L50, F|\n|poke|p2|Tsareena, L50, F|\n|poke|p2|Gholdengo, L50|\n|teampreview|4\n|inactive|Battle timer is ON: inactive players will automatically lose when time's up. (requested by monkeyflipping)\n|inactive|monkeyflipping has 60 seconds left.\n|\n|t:|1722285494\n|start\n|switch|p1a: Kyogre|Kyogre, L50|100\/100\n|switch|p1b: Archaludon|Archaludon, L50, M|100\/100\n|switch|p2a: Tornadus|Tornadus, L50, M|100\/100\n|switch|p2b: Kyogre|Kyogre, L50|100\/100\n|-weather|RainDance|[from] ability: Drizzle|[of] p2b: Kyogre\n|turn|1\n|\n|t:|1722285515\n|switch|p2b: Electivire|Electivire, L50, M, shiny|100\/100\n|move|p2a: Tornadus|Tailwind|p2a: Tornadus\n|-sidestart|p2: monkeyflipping|move: Tailwind\n|move|p1a: Kyogre|Ice Beam|p2b: Electivire\n|-damage|p2b: Electivire|30\/100\n|move|p1b: Archaludon|Electro Shot||[still]\n|-prepare|p1b: Archaludon|Electro Shot\n|-boost|p1b: Archaludon|spa|1\n|-anim|p1b: Archaludon|Electro Shot|p2b: Electivire\n|-ability|p2b: Electivire|Motor Drive|boost\n|-boost|p2b: Electivire|spe|1\n|\n|-weather|RainDance|[upkeep]\n|upkeep\n|turn|2\n|inactive|Krisuerte has 30 seconds left.\n|inactive|monkeyflipping has 30 seconds left.\n|inactive|Krisuerte has 20 seconds left.\n|\n|t:|1722285551\n|-terastallize|p1a: Kyogre|Ghost\n|move|p2b: Electivire|Brick Break|p1b: Archaludon\n|-supereffective|p1b: Archaludon\n|-damage|p1b: Archaludon|63\/100\n|-ability|p1b: Archaludon|Stamina|boost\n|-boost|p1b: Archaludon|def|1\n|move|p2a: Tornadus|Bleakwind Storm|p1b: Archaludon|[spread] p1a,p1b\n|-resisted|p1b: Archaludon\n|-damage|p1a: Kyogre|78\/100\n|-damage|p1b: Archaludon|48\/100\n|-unboost|p1a: Kyogre|spe|1\n|-ability|p1b: Archaludon|Stamina|boost\n|-boost|p1b: Archaludon|def|1\n|move|p1b: Archaludon|Snarl|p2a: Tornadus|[spread] p2a,p2b\n|-damage|p2a: Tornadus|68\/100\n|-damage|p2b: Electivire|5\/100\n|-unboost|p2a: Tornadus|spa|1\n|-unboost|p2b: Electivire|spa|1\n|move|p1a: Kyogre|Ice Beam|p2a: Tornadus\n|-supereffective|p2a: Tornadus\n|-damage|p2a: Tornadus|0 fnt\n|faint|p2a: Tornadus\n|\n|-weather|RainDance|[upkeep]\n|upkeep\n|j| pump break\n|l| pump break\n|\n|t:|1722285564\n|switch|p2a: Kyogre|Kyogre, L50|100\/100\n|turn|3\n|inactive|Krisuerte has 30 seconds left.\n|inactive|monkeyflipping has 30 seconds left.\n|inactive|monkeyflipping has 20 seconds left.\n|j| butterchuck\n|\n|t:|1722285604\n|switch|p1a: Sinistcha|Sinistcha-Masterpiece, L50|100\/100\n|-heal|p1b: Archaludon|73\/100|[from] ability: Hospitality|[of] p1a: Sinistcha\n|-terastallize|p2a: Kyogre|Water\n|move|p2b: Electivire|Follow Me|p2b: Electivire\n|-singleturn|p2b: Electivire|move: Follow Me\n|move|p2a: Kyogre|Water Spout|p1a: Sinistcha|[spread] p1a,p1b\n|-resisted|p1a: Sinistcha\n|-resisted|p1b: Archaludon\n|-damage|p1a: Sinistcha|42\/100\n|-damage|p1b: Archaludon|16\/100\n|-ability|p1b: Archaludon|Stamina|boost\n|-boost|p1b: Archaludon|def|1\n|move|p1b: Archaludon|Snarl|p2b: Electivire|[spread] p2a,p2b\n|-damage|p2a: Kyogre|83\/100\n|-damage|p2b: Electivire|0 fnt\n|-unboost|p2a: Kyogre|spa|1\n|faint|p2b: Electivire\n|\n|-weather|RainDance|[upkeep]\n|upkeep\n|\n|t:|1722285612\n|switch|p2b: 18Wheeler|Rillaboom, L50, F, shiny|100\/100\n|-fieldstart|move: Grassy Terrain|[from] ability: Grassy Surge|[of] p2b: 18Wheeler\n|turn|4\n|inactive|Krisuerte has 30 seconds left.\n|inactive|Krisuerte has 20 seconds left.\n|inactive|Krisuerte has 15 seconds left.\n|inactive|Krisuerte has 10 seconds left.\n|\n|t:|1722285660\n|move|p2a: Kyogre|Water Spout|p1a: Sinistcha|[spread] p1a,p1b\n|-resisted|p1a: Sinistcha\n|-resisted|p1b: Archaludon\n|-damage|p1a: Sinistcha|7\/100\n|-damage|p1b: Archaludon|0 fnt\n|faint|p1b: Archaludon\n|move|p2b: 18Wheeler|U-turn|p1a: Sinistcha\n|-damage|p1a: Sinistcha|0 fnt\n|-damage|p2b: 18Wheeler|84\/100|[from] item: Rocky Helmet|[of] p1a: Sinistcha\n|faint|p1a: Sinistcha\n|\n|-weather|RainDance|[upkeep]\n|-heal|p2a: Kyogre|90\/100|[from] Grassy Terrain\n|-heal|p2b: 18Wheeler|90\/100|[from] Grassy Terrain\n|-sideend|p2: monkeyflipping|move: Tailwind\n|upkeep\n|\n|t:|1722285674\n|switch|p1b: Kyogre|Kyogre, L50, tera:Ghost|78\/100\n|switch|p1a: Urshifu|Urshifu-Rapid-Strike, L50, M|100\/100\n|turn|5\n|\n|t:|1722285685\n|move|p1a: Urshifu|Detect|p1a: Urshifu\n|-singleturn|p1a: Urshifu|Protect\n|move|p2b: 18Wheeler|Grassy Glide|p1a: Urshifu\n|-activate|p1a: Urshifu|move: Protect\n|move|p2a: Kyogre|Water Spout|p1b: Kyogre|[spread] p1b\n|-activate|p1a: Urshifu|move: Protect\n|-damage|p1b: Kyogre|30\/100\n|move|p1b: Kyogre|Thunder|p2a: Kyogre\n|-supereffective|p2a: Kyogre\n|-damage|p2a: Kyogre|0 fnt\n|faint|p2a: Kyogre\n|\n|-weather|none\n|-heal|p2b: 18Wheeler|96\/100|[from] Grassy Terrain\n|-heal|p1b: Kyogre|35\/100|[from] Grassy Terrain\n|upkeep\n|turn|6\n|\n|t:|1722285708\n|move|p2b: 18Wheeler|Grassy Glide|p1b: Kyogre\n|-damage|p1b: Kyogre|1\/100\n|move|p1a: Urshifu|Close Combat|p2b: 18Wheeler\n|-damage|p2b: 18Wheeler|24\/100\n|-unboost|p1a: Urshifu|def|1\n|-unboost|p1a: Urshifu|spd|1\n|move|p1b: Kyogre|Thunder|p2b: 18Wheeler|[miss]\n|-miss|p1b: Kyogre|p2b: 18Wheeler\n|\n|-heal|p2b: 18Wheeler|30\/100|[from] Grassy Terrain\n|-heal|p1b: Kyogre|7\/100|[from] Grassy Terrain\n|upkeep\n|turn|7\n|\n|t:|1722285732\n|move|p2b: 18Wheeler|Grassy Glide|p1a: Urshifu\n|-supereffective|p1a: Urshifu\n|-damage|p1a: Urshifu|13\/100\n|move|p1a: Urshifu|Aqua Jet|p2b: 18Wheeler\n|-resisted|p2b: 18Wheeler\n|-damage|p2b: 18Wheeler|16\/100\n|move|p1b: Kyogre|Thunder|p2b: 18Wheeler\n|-resisted|p2b: 18Wheeler\n|-damage|p2b: 18Wheeler|0 fnt\n|faint|p2b: 18Wheeler\n|\n|win|Krisuerte\n|raw|Krisuerte's rating: 1786 &rarr; <strong>1805<\/strong><br \/>(+19 for winning)\n|raw|monkeyflipping's rating: 1762 &rarr; <strong>1743<\/strong><br \/>(-19 for losing)\n|l|\u2606monkeyflipping\n|player|p2|\n|l| butterchuck\n|l|\u2606Krisuerte\n|player|p1|\n","uploadtime":1722285908,"views":27,"formatid":"gen9vgc2024regg","rating":1743,"private":0,"password":null}