{"id":"gen9vgc2024regg-2169482337","format":"[Gen 9] VGC 2024 Reg G","players":["kojiminori1","roseyradio"],"log":"|j|\u2606kojiminori1\n|j|\u2606roseyradio\n|t:|1722258366\n|gametype|doubles\n|player|p1|kojiminori1|101|1730\n|player|p2|roseyradio|skier|1801\n|teamsize|p1|6\n|teamsize|p2|6\n|gen|9\n|tier|[Gen 9] VGC 2024 Reg G\n|rated|\n|rule|Species Clause: Limit one of each Pok\u00e9mon\n|rule|Item Clause: Limit one of each item\n|clearpoke\n|poke|p1|Calyrex-Ice, L50|\n|poke|p1|Urshifu-*, L50, M|\n|poke|p1|Entei, L50|\n|poke|p1|Whimsicott, L50, F|\n|poke|p1|Torkoal, L50, F|\n|poke|p1|Raging Bolt, L50|\n|poke|p2|Calyrex-Ice, L50|\n|poke|p2|Smeargle, L50, F|\n|poke|p2|Ursaluna-Bloodmoon, L50, M|\n|poke|p2|Indeedee-F, L50, F|\n|poke|p2|Amoonguss, L50, M|\n|poke|p2|Raging Bolt, L50|\n|teampreview|4\n|inactive|Battle timer is ON: inactive players will automatically lose when time's up. (requested by roseyradio)\n|j| goldonauta\n|inactive|kojiminori1 has 60 seconds left.\n|\n|t:|1722258415\n|start\n|switch|p1a: Urshifu|Urshifu-Rapid-Strike, L50, M|100\/100\n|switch|p1b: Entei|Entei, L50|100\/100\n|switch|p2a: Calyrex|Calyrex-Ice, L50|100\/100\n|switch|p2b: Smeargle|Smeargle, L50, F, shiny|100\/100\n|-ability|p2a: Calyrex|As One\n|-ability|p2a: Calyrex|Unnerve\n|turn|1\n|\n|t:|1722258438\n|-terastallize|p2a: Calyrex|Fire\n|move|p2b: Smeargle|Fake Out|p1a: Urshifu\n|-damage|p1a: Urshifu|95\/100\n|move|p1b: Entei|Sacred Fire|p2a: Calyrex\n|-resisted|p2a: Calyrex\n|-damage|p2a: Calyrex|84\/100\n|move|p1a: Urshifu|Taunt|p2a: Calyrex\n|-start|p2a: Calyrex|move: Taunt\n|cant|p2a: Calyrex|move: Taunt|Trick Room\n|\n|upkeep\n|turn|2\n|c|\u2606roseyradio|Clock really?\n|c|\u2606roseyradio|cloack really?\n|inactive|roseyradio has 30 seconds left.\n|c|\u2606roseyradio|so lame bro open the team sheet\n|inactive|roseyradio has 20 seconds left.\n|inactive|roseyradio has 15 seconds left.\n|\n|t:|1722258483\n|switch|p2a: Raging Bolt|Raging Bolt, L50|100\/100\n|move|p1b: Entei|Sacred Fire|p2a: Raging Bolt\n|-resisted|p2a: Raging Bolt\n|-damage|p2a: Raging Bolt|81\/100\n|move|p1a: Urshifu|Surging Strikes|p2b: Smeargle\n|-crit|p2b: Smeargle\n|-damage|p2b: Smeargle|71\/100\n|-crit|p2b: Smeargle\n|-damage|p2b: Smeargle|39\/100\n|-crit|p2b: Smeargle\n|-damage|p2b: Smeargle|7\/100\n|-hitcount|p2b: Smeargle|3\n|move|p2b: Smeargle|Spore|p1a: Urshifu\n|-status|p1a: Urshifu|slp|[from] move: Spore\n|\n|upkeep\n|turn|3\n|\n|t:|1722258506\n|switch|p1a: Calyrex|Calyrex-Ice, L50|100\/100\n|-ability|p1a: Calyrex|As One\n|-ability|p1a: Calyrex|Unnerve\n|move|p1b: Entei|Sacred Fire|p2b: Smeargle\n|-crit|p2b: Smeargle\n|-damage|p2b: Smeargle|0 fnt\n|faint|p2b: Smeargle\n|move|p2a: Raging Bolt|Electroweb|p1b: Entei|[spread] p1a,p1b\n|-damage|p1a: Calyrex|83\/100\n|-damage|p1b: Entei|73\/100\n|-unboost|p1a: Calyrex|spe|1\n|-unboost|p1b: Entei|spe|1\n|\n|upkeep\n|\n|t:|1722258515\n|switch|p2b: Ursaluna|Ursaluna-Bloodmoon, L50, M|100\/100\n|turn|4\n|inactive|roseyradio has 30 seconds left.\n|\n|t:|1722258544\n|-terastallize|p1a: Calyrex|Ice\n|move|p1b: Entei|Sacred Fire|p2b: Ursaluna\n|-damage|p2b: Ursaluna|64\/100\n|move|p2a: Raging Bolt|Thunderbolt|p1a: Calyrex\n|-damage|p1a: Calyrex|47\/100\n|move|p2b: Ursaluna|Blood Moon|p1a: Calyrex\n|-damage|p1a: Calyrex|0 fnt\n|faint|p1a: Calyrex\n|-damage|p2b: Ursaluna|54\/100|[from] item: Life Orb\n|\n|upkeep\n|\n|t:|1722258567\n|switch|p1a: Raging Bolt|Raging Bolt, L50|100\/100\n|turn|5\n|inactive|roseyradio has 30 seconds left.\n|inactive|roseyradio has 20 seconds left.\n|inactive|roseyradio has 15 seconds left.\n|\n|t:|1722258608\n|-end|p2a: Raging Bolt|Protosynthesis|[silent]\n|switch|p2a: Calyrex|Calyrex-Ice, L50, tera:Fire|84\/100\n|-ability|p2a: Calyrex|As One\n|-ability|p2a: Calyrex|Unnerve\n|move|p1b: Entei|Sacred Fire|p2b: Ursaluna\n|-damage|p2b: Ursaluna|14\/100\n|move|p1a: Raging Bolt|Draco Meteor|p2a: Calyrex\n|-crit|p2a: Calyrex\n|-damage|p2a: Calyrex|0 fnt\n|-unboost|p1a: Raging Bolt|spa|2\n|faint|p2a: Calyrex\n|-damage|p1a: Raging Bolt|91\/100|[from] item: Life Orb\n|move|p2b: Ursaluna|Earth Power|p1a: Raging Bolt\n|-supereffective|p1a: Raging Bolt\n|-damage|p1a: Raging Bolt|0 fnt\n|faint|p1a: Raging Bolt\n|-end|p1a: Raging Bolt|Protosynthesis|[silent]\n|-damage|p2b: Ursaluna|4\/100|[from] item: Life Orb\n|\n|upkeep\n|\n|t:|1722258629\n|switch|p1a: Urshifu|Urshifu-Rapid-Strike, L50, M|95\/100 slp\n|switch|p2a: Raging Bolt|Raging Bolt, L50|81\/100\n|turn|6\n|\n|t:|1722258636\n|cant|p1a: Urshifu|slp\n|move|p2b: Ursaluna|Protect|p2b: Ursaluna\n|-singleturn|p2b: Ursaluna|Protect\n|move|p1b: Entei|Sacred Fire|p2a: Raging Bolt\n|-resisted|p2a: Raging Bolt\n|-damage|p2a: Raging Bolt|62\/100\n|-status|p2a: Raging Bolt|brn\n|move|p2a: Raging Bolt|Thunderbolt|p1a: Urshifu\n|-supereffective|p1a: Urshifu\n|-damage|p1a: Urshifu|0 fnt\n|faint|p1a: Urshifu\n|\n|-damage|p2a: Raging Bolt|56\/100 brn|[from] brn\n|upkeep\n|turn|7\n|\n|t:|1722258653\n|move|p1b: Entei|Sacred Fire|p2a: Raging Bolt\n|-resisted|p2a: Raging Bolt\n|-damage|p2a: Raging Bolt|38\/100 brn\n|move|p2a: Raging Bolt|Electroweb|p1b: Entei|[miss]\n|-miss|p2a: Raging Bolt|p1b: Entei\n|move|p2b: Ursaluna|Earth Power|p1b: Entei\n|-supereffective|p1b: Entei\n|-damage|p1b: Entei|0 fnt\n|faint|p1b: Entei\n|-damage|p2b: Ursaluna|0 fnt|[from] item: Life Orb\n|faint|p2b: Ursaluna\n|\n|win|roseyradio\n|raw|kojiminori1's rating: 1730 &rarr; <strong>1714<\/strong><br \/>(-16 for losing)\n|raw|roseyradio's rating: 1801 &rarr; <strong>1817<\/strong><br \/>(+16 for winning)\n|l|\u2606roseyradio\n|player|p2|\n|l| goldonauta\n","uploadtime":1722258669,"views":23,"formatid":"gen9vgc2024regg","rating":1714,"private":0,"password":null}