{"id":"gen9vgc2024regg-2169406485","format":"[Gen 9] VGC 2024 Reg G","players":["sturbyy","shuijunjun\u7ea2\u83b2\u94e0\u9a91\u4fa0"],"log":"|j|\u2606sturbyy\n|j|\u2606shuijunjun\u7ea2\u83b2\u94e0\u9a91\u4fa0\n|t:|1722245039\n|gametype|doubles\n|player|p1|sturbyy|101|1698\n|player|p2|shuijunjun\u7ea2\u83b2\u94e0\u9a91\u4fa0|iono|1724\n|teamsize|p1|6\n|teamsize|p2|6\n|gen|9\n|tier|[Gen 9] VGC 2024 Reg G\n|rated|\n|rule|Species Clause: Limit one of each Pok\u00e9mon\n|rule|Item Clause: Limit one of each item\n|clearpoke\n|poke|p1|Calyrex-Ice, L50|\n|poke|p1|Incineroar, L50, F|\n|poke|p1|Urshifu-*, L50, F|\n|poke|p1|Rillaboom, L50, M|\n|poke|p1|Gholdengo, L50|\n|poke|p1|Pelipper, L50, F|\n|poke|p2|Armarouge, L50, M|\n|poke|p2|Zamazenta-*, L50|\n|poke|p2|Indeedee, L50, M|\n|poke|p2|Roaring Moon, L50|\n|poke|p2|Gholdengo, L50|\n|poke|p2|Urshifu-*, L50, F|\n|teampreview|4\n|j| bluestraggler02\n|\n|t:|1722245063\n|start\n|switch|p1a: Incineroar|Incineroar, L50, F|100\/100\n|switch|p1b: Urshifu|Urshifu-Rapid-Strike, L50, F|100\/100\n|switch|p2a: \u7f28\u626c\u4e01\u771f|Urshifu, L50, F|100\/100\n|switch|p2b: \u4ebf\u5143\u4e01\u771f|Gholdengo, L50|100\/100\n|-item|p2b: \u4ebf\u5143\u4e01\u771f|Air Balloon\n|-ability|p1a: Incineroar|Intimidate|boost\n|-unboost|p2a: \u7f28\u626c\u4e01\u771f|atk|1\n|-unboost|p2b: \u4ebf\u5143\u4e01\u771f|atk|1\n|turn|1\n|\n|t:|1722245083\n|switch|p2b: \u715c\u708e\u4e01\u771f|Armarouge, L50, M, shiny|100\/100\n|-terastallize|p2a: \u7f28\u626c\u4e01\u771f|Ghost\n|move|p1b: Urshifu|Surging Strikes|p2b: \u715c\u708e\u4e01\u771f\n|-supereffective|p2b: \u715c\u708e\u4e01\u771f\n|-crit|p2b: \u715c\u708e\u4e01\u771f\n|-damage|p2b: \u715c\u708e\u4e01\u771f|51\/100\n|-ability|p2b: \u715c\u708e\u4e01\u771f|Weak Armor|boost\n|-unboost|p2b: \u715c\u708e\u4e01\u771f|def|1\n|-boost|p2b: \u715c\u708e\u4e01\u771f|spe|2\n|-enditem|p2b: \u715c\u708e\u4e01\u771f|Weakness Policy\n|-boost|p2b: \u715c\u708e\u4e01\u771f|atk|2|[from] item: Weakness Policy\n|-boost|p2b: \u715c\u708e\u4e01\u771f|spa|2|[from] item: Weakness Policy\n|-supereffective|p2b: \u715c\u708e\u4e01\u771f\n|-crit|p2b: \u715c\u708e\u4e01\u771f\n|-damage|p2b: \u715c\u708e\u4e01\u771f|0 fnt\n|faint|p2b: \u715c\u708e\u4e01\u771f\n|-hitcount|p2: \u715c\u708e\u4e01\u771f|2\n|move|p2a: \u7f28\u626c\u4e01\u771f|Close Combat|p1a: Incineroar\n|-supereffective|p1a: Incineroar\n|-damage|p1a: Incineroar|31\/100\n|-unboost|p2a: \u7f28\u626c\u4e01\u771f|def|1\n|-unboost|p2a: \u7f28\u626c\u4e01\u771f|spd|1\n|move|p1a: Incineroar|Knock Off|p2a: \u7f28\u626c\u4e01\u771f\n|-supereffective|p2a: \u7f28\u626c\u4e01\u771f\n|-enditem|p2a: \u7f28\u626c\u4e01\u771f|Focus Sash\n|-damage|p2a: \u7f28\u626c\u4e01\u771f|1\/100\n|\n|upkeep\n|\n|t:|1722245102\n|switch|p2b: \u6bc5\u52c7\u4e01\u771f|Zamazenta-Crowned, L50|100\/100\n|-ability|p2b: \u6bc5\u52c7\u4e01\u771f|Dauntless Shield|boost\n|-boost|p2b: \u6bc5\u52c7\u4e01\u771f|def|1\n|turn|2\n|j| BigTime05\n|\n|t:|1722245114\n|switch|p1a: Gholdengo|Gholdengo, L50|100\/100\n|move|p2a: \u7f28\u626c\u4e01\u771f|Sucker Punch||[still]\n|-fail|p2a: \u7f28\u626c\u4e01\u771f\n|move|p1b: Urshifu|Surging Strikes|p2a: \u7f28\u626c\u4e01\u771f\n|-crit|p2a: \u7f28\u626c\u4e01\u771f\n|-damage|p2a: \u7f28\u626c\u4e01\u771f|0 fnt\n|faint|p2a: \u7f28\u626c\u4e01\u771f\n|-hitcount|p2: \u7f28\u626c\u4e01\u771f|1\n|move|p2b: \u6bc5\u52c7\u4e01\u771f|Trailblaze|p1b: Urshifu\n|-supereffective|p1b: Urshifu\n|-damage|p1b: Urshifu|72\/100\n|-boost|p2b: \u6bc5\u52c7\u4e01\u771f|spe|1\n|\n|upkeep\n|\n|t:|1722245121\n|switch|p2a: \u4ebf\u5143\u4e01\u771f|Gholdengo, L50|100\/100\n|-item|p2a: \u4ebf\u5143\u4e01\u771f|Air Balloon\n|turn|3\n|j| RAWAXXX\n|\n|t:|1722245139\n|move|p2b: \u6bc5\u52c7\u4e01\u771f|Body Press|p1b: Urshifu\n|-damage|p1b: Urshifu|8\/100\n|move|p1b: Urshifu|Surging Strikes|p2b: \u6bc5\u52c7\u4e01\u771f\n|-crit|p2b: \u6bc5\u52c7\u4e01\u771f\n|-damage|p2b: \u6bc5\u52c7\u4e01\u771f|86\/100\n|-crit|p2b: \u6bc5\u52c7\u4e01\u771f\n|-damage|p2b: \u6bc5\u52c7\u4e01\u771f|72\/100\n|-crit|p2b: \u6bc5\u52c7\u4e01\u771f\n|-damage|p2b: \u6bc5\u52c7\u4e01\u771f|58\/100\n|-hitcount|p2b: \u6bc5\u52c7\u4e01\u771f|3\n|move|p1a: Gholdengo|Nasty Plot|p1a: Gholdengo\n|-boost|p1a: Gholdengo|spa|2\n|move|p2a: \u4ebf\u5143\u4e01\u771f|Shadow Ball|p1a: Gholdengo\n|-supereffective|p1a: Gholdengo\n|-damage|p1a: Gholdengo|18\/100\n|\n|-heal|p1a: Gholdengo|24\/100|[from] item: Leftovers\n|upkeep\n|turn|4\n|l| bluestraggler02\n|\n|t:|1722245162\n|-terastallize|p1b: Urshifu|Ghost\n|move|p1a: Gholdengo|Protect|p1a: Gholdengo\n|-singleturn|p1a: Gholdengo|Protect\n|move|p2b: \u6bc5\u52c7\u4e01\u771f|Body Press|p1b: Urshifu\n|-immune|p1b: Urshifu\n|move|p1b: Urshifu|Surging Strikes|p2a: \u4ebf\u5143\u4e01\u771f\n|-crit|p2a: \u4ebf\u5143\u4e01\u771f\n|-damage|p2a: \u4ebf\u5143\u4e01\u771f|80\/100\n|-enditem|p2a: \u4ebf\u5143\u4e01\u771f|Air Balloon\n|-crit|p2a: \u4ebf\u5143\u4e01\u771f\n|-damage|p2a: \u4ebf\u5143\u4e01\u771f|59\/100\n|-crit|p2a: \u4ebf\u5143\u4e01\u771f\n|-damage|p2a: \u4ebf\u5143\u4e01\u771f|38\/100\n|-hitcount|p2a: \u4ebf\u5143\u4e01\u771f|3\n|move|p2a: \u4ebf\u5143\u4e01\u771f|Thunderbolt|p1a: Gholdengo\n|-activate|p1a: Gholdengo|move: Protect\n|\n|-heal|p1a: Gholdengo|31\/100|[from] item: Leftovers\n|upkeep\n|turn|5\n|j| rabbithorn01\n|j| bluestraggler02\n|-message|shuijunjun\u7ea2\u83b2\u94e0\u9a91\u4fa0 forfeited.\n|\n|win|sturbyy\n|raw|sturbyy's rating: 1698 &rarr; <strong>1719<\/strong><br \/>(+21 for winning)\n|raw|shuijunjun\u7ea2\u83b2\u94e0\u9a91\u4fa0's rating: 1724 &rarr; <strong>1703<\/strong><br \/>(-21 for losing)\n|l|\u2606shuijunjun\u7ea2\u83b2\u94e0\u9a91\u4fa0\n|player|p2|\n|l| BigTime05\n|l| RAWAXXX\n","uploadtime":1722245327,"views":63,"formatid":"gen9vgc2024regg","rating":1703,"private":0,"password":null}