{"id":"gen9vgc2024regg-2169371748","format":"[Gen 9] VGC 2024 Reg G","players":["chuanOVO","war3infi"],"log":"|j|\u2606chuanOVO\n|j|\u2606war3infi\n|t:|1722237720\n|gametype|doubles\n|player|p1|chuanOVO|n|1836\n|player|p2|war3infi|dawn|1818\n|teamsize|p1|6\n|teamsize|p2|6\n|gen|9\n|tier|[Gen 9] VGC 2024 Reg G\n|rated|\n|rule|Species Clause: Limit one of each Pok\u00e9mon\n|rule|Item Clause: Limit one of each item\n|clearpoke\n|poke|p1|Calyrex-Ice, L50|\n|poke|p1|Smeargle, L50, M|\n|poke|p1|Ursaluna-Bloodmoon, L50, M|\n|poke|p1|Urshifu-*, L50, M|\n|poke|p1|Ogerpon-Wellspring, L50, F|\n|poke|p1|Annihilape, L50, M|\n|poke|p2|Calyrex-Ice, L50|\n|poke|p2|Annihilape, L50, M|\n|poke|p2|Smeargle, L50, F|\n|poke|p2|Ursaluna-Bloodmoon, L50, M|\n|poke|p2|Urshifu-*, L50, F|\n|poke|p2|Ogerpon-Wellspring, L50, F|\n|teampreview|4\n|inactive|Battle timer is ON: inactive players will automatically lose when time's up. (requested by chuanOVO)\n|j| goldonauta\n|inactive|war3infi has 60 seconds left.\n|c|\u2606chuanOVO|\uff1f\n|c|\u2606chuanOVO|\u4eba\u4e0d\u5728\u5417\n|\n|t:|1722237845\n|start\n|switch|p1a: Ogerpon|Ogerpon-Wellspring, L50, F|100\/100\n|switch|p1b: Calyrex|Calyrex-Ice, L50|100\/100\n|switch|p2a: Calyrex|Calyrex-Ice, L50|100\/100\n|switch|p2b: Ogerpon|Ogerpon-Wellspring, L50, F|100\/100\n|-ability|p2a: Calyrex|As One\n|-ability|p2a: Calyrex|Unnerve\n|-ability|p1b: Calyrex|As One\n|-ability|p1b: Calyrex|Unnerve\n|turn|1\n|j| rabbithorn01\n|\n|t:|1722237868\n|move|p1a: Ogerpon|Follow Me|p1a: Ogerpon\n|-singleturn|p1a: Ogerpon|move: Follow Me\n|move|p2b: Ogerpon|Ivy Cudgel|p1a: Ogerpon|[anim] Ivy Cudgel Water\n|-immune|p1a: Ogerpon|[from] ability: Water Absorb\n|move|p2a: Calyrex|Glacial Lance|p1a: Ogerpon|[spread] p1a,p1b\n|-resisted|p1b: Calyrex\n|-damage|p1a: Ogerpon|34\/100\n|-damage|p1b: Calyrex|82\/100\n|move|p1b: Calyrex|Glacial Lance|p2a: Calyrex|[spread] p2a,p2b\n|-resisted|p2a: Calyrex\n|-damage|p2a: Calyrex|83\/100\n|-damage|p2b: Ogerpon|44\/100\n|\n|upkeep\n|turn|2\n|\n|t:|1722237896\n|move|p2b: Ogerpon|Follow Me|p2b: Ogerpon\n|-singleturn|p2b: Ogerpon|move: Follow Me\n|move|p1a: Ogerpon|Encore|p2b: Ogerpon\n|-start|p2b: Ogerpon|Encore\n|move|p2a: Calyrex|Glacial Lance|p1b: Calyrex|[spread] p1a,p1b\n|-resisted|p1b: Calyrex\n|-damage|p1a: Ogerpon|0 fnt\n|-damage|p1b: Calyrex|64\/100\n|faint|p1a: Ogerpon\n|-ability|p2a: Calyrex|Chilling Neigh|boost\n|-boost|p2a: Calyrex|atk|1\n|move|p1b: Calyrex|Glacial Lance|p2a: Calyrex|[spread] p2a,p2b\n|-resisted|p2a: Calyrex\n|-damage|p2a: Calyrex|64\/100\n|-damage|p2b: Ogerpon|0 fnt\n|faint|p2b: Ogerpon\n|-ability|p1b: Calyrex|Chilling Neigh|boost\n|-boost|p1b: Calyrex|atk|1\n|\n|upkeep\n|inactive|chuanOVO has 30 seconds left.\n|\n|t:|1722237930\n|switch|p1a: Smeargle|Smeargle, L50, M, shiny|100\/100\n|switch|p2b: Smeargle|Smeargle, L50, F, shiny|100\/100\n|turn|3\n|\n|t:|1722237950\n|-terastallize|p1a: Smeargle|Grass\n|move|p1b: Calyrex|Protect|p1b: Calyrex\n|-singleturn|p1b: Calyrex|Protect\n|move|p2a: Calyrex|Glacial Lance|p1b: Calyrex|[spread] p1a\n|-activate|p1b: Calyrex|move: Protect\n|-supereffective|p1a: Smeargle\n|-enditem|p1a: Smeargle|Focus Sash\n|-damage|p1a: Smeargle|1\/100\n|move|p2b: Smeargle|Spore|p1a: Smeargle\n|-immune|p1a: Smeargle\n|move|p1a: Smeargle|Spore|p2b: Smeargle\n|-status|p2b: Smeargle|slp|[from] move: Spore\n|\n|upkeep\n|turn|4\n|\n|t:|1722237969\n|switch|p1a: Urshifu|Urshifu, L50, M|100\/100\n|move|p2a: Calyrex|High Horsepower|p1a: Urshifu\n|-damage|p1a: Urshifu|46\/100\n|cant|p2b: Smeargle|slp\n|move|p1b: Calyrex|Glacial Lance|p2a: Calyrex|[spread] p2a,p2b\n|-resisted|p2a: Calyrex\n|-crit|p2b: Smeargle\n|-damage|p2a: Calyrex|39\/100\n|-enditem|p2b: Smeargle|Focus Sash\n|-damage|p2b: Smeargle|1\/100 slp\n|\n|upkeep\n|turn|5\n|j| balnam\n|\n|t:|1722237985\n|-curestatus|p2b: Smeargle|slp|[msg]\n|move|p2b: Smeargle|Follow Me|p2b: Smeargle\n|-singleturn|p2b: Smeargle|move: Follow Me\n|move|p1a: Urshifu|Wicked Blow|p2b: Smeargle\n|-crit|p2b: Smeargle\n|-damage|p2b: Smeargle|0 fnt\n|faint|p2b: Smeargle\n|move|p2a: Calyrex|Glacial Lance|p1b: Calyrex|[spread] p1a,p1b\n|-resisted|p1b: Calyrex\n|-damage|p1a: Urshifu|0 fnt\n|-damage|p1b: Calyrex|35\/100\n|faint|p1a: Urshifu\n|-ability|p2a: Calyrex|Chilling Neigh|boost\n|-boost|p2a: Calyrex|atk|1\n|move|p1b: Calyrex|Glacial Lance|p2a: Calyrex\n|-resisted|p2a: Calyrex\n|-damage|p2a: Calyrex|0 fnt\n|-enditem|p1b: Calyrex|Sitrus Berry|[eat]\n|-heal|p1b: Calyrex|60\/100|[from] item: Sitrus Berry\n|faint|p2a: Calyrex\n|-ability|p1b: Calyrex|Chilling Neigh|boost\n|-boost|p1b: Calyrex|atk|1\n|\n|upkeep\n|inactive|war3infi has 30 seconds left.\n|\n|t:|1722238014\n|switch|p1a: Smeargle|Smeargle, L50, M, shiny, tera:Grass|1\/100\n|switch|p2b: Urshifu|Urshifu, L50, F|100\/100\n|turn|6\n|\n|t:|1722238034\n|move|p1a: Smeargle|Follow Me|p1a: Smeargle\n|-singleturn|p1a: Smeargle|move: Follow Me\n|move|p2b: Urshifu|Wicked Blow|p1a: Smeargle\n|-crit|p1a: Smeargle\n|-damage|p1a: Smeargle|0 fnt\n|faint|p1a: Smeargle\n|move|p1b: Calyrex|Glacial Lance|p2b: Urshifu\n|-damage|p2b: Urshifu|0 fnt\n|faint|p2b: Urshifu\n|\n|win|chuanOVO\n|raw|chuanOVO's rating: 1836 &rarr; <strong>1855<\/strong><br \/>(+19 for winning)\n|raw|war3infi's rating: 1818 &rarr; <strong>1799<\/strong><br \/>(-19 for losing)\n|l|\u2606war3infi\n|player|p2|\n|l| goldonauta\n","uploadtime":1722238043,"views":88,"formatid":"gen9vgc2024regg","rating":1799,"private":0,"password":null}