{"id":"gen9vgc2024regg-2169050093","format":"[Gen 9] VGC 2024 Reg G","players":["LeCehlou","Bbqsus"],"log":"|j|\u2606LeCehlou\n|j|\u2606Bbqsus\n|t:|1722191455\n|gametype|doubles\n|player|p1|LeCehlou|1|1768\n|player|p2|Bbqsus|169|1692\n|teamsize|p1|6\n|teamsize|p2|6\n|gen|9\n|tier|[Gen 9] VGC 2024 Reg G\n|rated|\n|rule|Species Clause: Limit one of each Pok\u00e9mon\n|rule|Item Clause: Limit one of each item\n|clearpoke\n|poke|p1|Iron Hands, L50|\n|poke|p1|Grimmsnarl, L50, M|\n|poke|p1|Urshifu-*, L50, F|\n|poke|p1|Terapagos, L50, M|\n|poke|p1|Flutter Mane, L50|\n|poke|p1|Chi-Yu, L50|\n|poke|p2|Lunala, L50|\n|poke|p2|Hatterene, L50, F|\n|poke|p2|Indeedee-F, L50, F|\n|poke|p2|Torkoal, L50, F|\n|poke|p2|Comfey, L50, M|\n|poke|p2|Ursaluna, L50, M|\n|teampreview|4\n|inactive|Battle timer is ON: inactive players will automatically lose when time's up. (requested by Bbqsus)\nLeCehlou has agreed to open team sheets.\n|c|\u2606LeCehlou|hf\n|inactive|LeCehlou has 60 seconds left.\n|\n|t:|1722191497\n|start\n|switch|p1a: Grimmsnarl|Grimmsnarl, L50, M|100\/100\n|switch|p1b: Chi-Yu|Chi-Yu, L50|100\/100\n|switch|p2a: Im da jokah baby|Lunala, L50, shiny|100\/100\n|switch|p2b: Indeedee-pronoun|Indeedee-F, L50, F, shiny|100\/100\n|-ability|p1b: Chi-Yu|Beads of Ruin\n|-fieldstart|move: Psychic Terrain|[from] ability: Psychic Surge|[of] p2b: Indeedee-pronoun\n|turn|1\n|\n|t:|1722191506\n|-terastallize|p2b: Indeedee-pronoun|Fairy\n|move|p1a: Grimmsnarl|Light Screen|p1a: Grimmsnarl\n|-sidestart|p1: LeCehlou|move: Light Screen\n|move|p1b: Chi-Yu|Dark Pulse|p2a: Im da jokah baby\n|-supereffective|p2a: Im da jokah baby\n|-damage|p2a: Im da jokah baby|1\/100\n|move|p2a: Im da jokah baby|Meteor Beam||[still]\n|-prepare|p2a: Im da jokah baby|Meteor Beam\n|-boost|p2a: Im da jokah baby|spa|1\n|-enditem|p2a: Im da jokah baby|Power Herb\n|-anim|p2a: Im da jokah baby|Meteor Beam|p1b: Chi-Yu\n|-supereffective|p1b: Chi-Yu\n|-enditem|p1b: Chi-Yu|Focus Sash\n|-damage|p1b: Chi-Yu|1\/100\n|move|p2b: Indeedee-pronoun|Trick Room|p2b: Indeedee-pronoun\n|-fieldstart|move: Trick Room|[of] p2b: Indeedee-pronoun\n|\n|upkeep\n|turn|2\n|c|\u2606LeCehlou|that\n|c|\u2606LeCehlou|was a bit risky\n|inactive|LeCehlou has 30 seconds left.\n|\n|t:|1722191544\n|move|p1a: Grimmsnarl|Foul Play|p2a: Im da jokah baby\n|-supereffective|p2a: Im da jokah baby\n|-damage|p2a: Im da jokah baby|0 fnt\n|faint|p2a: Im da jokah baby\n|move|p2b: Indeedee-pronoun|Dazzling Gleam|p1b: Chi-Yu|[spread] p1a,p1b\n|-supereffective|p1a: Grimmsnarl\n|-crit|p1a: Grimmsnarl\n|-damage|p1a: Grimmsnarl|28\/100\n|-damage|p1b: Chi-Yu|0 fnt\n|faint|p1b: Chi-Yu\n|\n|upkeep\n|\n|t:|1722191553\n|switch|p2a: Krakatoa|Torkoal, L50, F, shiny|100\/100\n|switch|p1b: Terapagos|Terapagos, L50, M|100\/100\n|-activate|p1b: Terapagos|ability: Tera Shift\n|detailschange|p1b: Terapagos|Terapagos-Terastal, L50, M\n|-heal|p1b: Terapagos|100\/100|[silent]\n|-weather|SunnyDay|[from] ability: Drought|[of] p2a: Krakatoa\n|turn|3\n|\n|t:|1722191563\n|switch|p2a: Bigbluehouse|Ursaluna, L50, M, shiny|100\/100\n|-terastallize|p1b: Terapagos|Stellar\n|detailschange|p1b: Terapagos|Terapagos-Stellar, L50, M, tera:Stellar\n|-heal|p1b: Terapagos|100\/100|[silent]\n|-ability|p1b: Terapagos|Teraform Zero\n|-weather|none\n|-fieldend|move: Psychic Terrain\n|move|p1a: Grimmsnarl|Reflect|p1a: Grimmsnarl\n|-sidestart|p1: LeCehlou|Reflect\n|move|p2b: Indeedee-pronoun|Dazzling Gleam|p1b: Terapagos|[spread] p1a,p1b\n|-supereffective|p1a: Grimmsnarl\n|-damage|p1a: Grimmsnarl|6\/100\n|-damage|p1b: Terapagos|91\/100\n|move|p1b: Terapagos|Tera Starstorm|p2b: Indeedee-pronoun|[spread] p2a,p2b\n|-supereffective|p2b: Indeedee-pronoun\n|-damage|p2a: Bigbluehouse|48\/100\n|-damage|p2b: Indeedee-pronoun|19\/100\n|\n|-status|p2a: Bigbluehouse|brn|[from] item: Flame Orb\n|upkeep\n|turn|4\n|inactive|Bbqsus has 30 seconds left.\n|\n|t:|1722191589\n|switch|p1b: Urshifu|Urshifu-Rapid-Strike, L50, F|100\/100\n|move|p2a: Bigbluehouse|Facade|p1b: Urshifu\n|-damage|p1b: Urshifu|23\/100\n|move|p1a: Grimmsnarl|Foul Play|p2a: Bigbluehouse\n|-damage|p2a: Bigbluehouse|8\/100 brn\n|move|p2b: Indeedee-pronoun|Dazzling Gleam|p1b: Urshifu|[spread] p1a,p1b\n|-supereffective|p1a: Grimmsnarl\n|-supereffective|p1b: Urshifu\n|-damage|p1a: Grimmsnarl|0 fnt\n|-damage|p1b: Urshifu|0 fnt\n|faint|p1a: Grimmsnarl\n|faint|p1b: Urshifu\n|\n|-damage|p2a: Bigbluehouse|2\/100 brn|[from] brn\n|upkeep\n|\n|t:|1722191594\n|switch|p1b: Terapagos|Terapagos-Stellar, L50, M, tera:Stellar|91\/100\n|turn|5\n|\n|t:|1722191613\n|move|p2b: Indeedee-pronoun|Helping Hand|p2a: Bigbluehouse\n|-singleturn|p2a: Bigbluehouse|Helping Hand|[of] p2b: Indeedee-pronoun\n|move|p2a: Bigbluehouse|Facade|p1b: Terapagos\n|-damage|p1b: Terapagos|0 fnt\n|faint|p1b: Terapagos\n|\n|win|Bbqsus\n|raw|LeCehlou's rating: 1768 &rarr; <strong>1744<\/strong><br \/>(-24 for losing)\n|raw|Bbqsus's rating: 1692 &rarr; <strong>1716<\/strong><br \/>(+24 for winning)\n|l|\u2606Bbqsus\n|player|p2|\n|l|\u2606LeCehlou\n|player|p1|\n","uploadtime":1722191761,"views":8,"formatid":"gen9vgc2024regg","rating":1716,"private":0,"password":null}