{"id":"gen9vgc2024regg-2169036393","format":"[Gen 9] VGC 2024 Reg G","players":["LeCehlou","Billy_HMD"],"log":"|j|\u2606LeCehlou\n|j|\u2606Billy_HMD\n|t:|1722189757\n|gametype|doubles\n|player|p1|LeCehlou|1|1743\n|player|p2|Billy_HMD|dawn|1781\n|teamsize|p1|6\n|teamsize|p2|6\n|gen|9\n|tier|[Gen 9] VGC 2024 Reg G\n|rated|\n|rule|Species Clause: Limit one of each Pok\u00e9mon\n|rule|Item Clause: Limit one of each item\n|clearpoke\n|poke|p1|Iron Hands, L50|\n|poke|p1|Grimmsnarl, L50, M|\n|poke|p1|Urshifu-*, L50, F|\n|poke|p1|Terapagos, L50, M|\n|poke|p1|Flutter Mane, L50|\n|poke|p1|Chi-Yu, L50|\n|poke|p2|Zamazenta-*, L50|\n|poke|p2|Volcarona, L50, M|\n|poke|p2|Grimmsnarl, L50, M|\n|poke|p2|Landorus-Therian, L50, M|\n|poke|p2|Rillaboom, L50, F|\n|poke|p2|Raging Bolt, L50|\n|teampreview|4\n|inactive|Battle timer is ON: inactive players will automatically lose when time's up. (requested by Billy_HMD)\nLeCehlou has agreed to open team sheets.\n|c|\u2606LeCehlou|hf\n|inactive|LeCehlou has 60 seconds left.\n|inactive|Billy_HMD has 60 seconds left.\n|\n|t:|1722189801\n|start\n|switch|p1a: Grimmsnarl|Grimmsnarl, L50, M|100\/100\n|switch|p1b: Flutter Mane|Flutter Mane, L50|100\/100\n|switch|p2a: Volcarona|Volcarona, L50, M|100\/100\n|switch|p2b: Grimmsnarl|Grimmsnarl, L50, M|100\/100\n|-enditem|p1b: Flutter Mane|Booster Energy\n|-activate|p1b: Flutter Mane|ability: Protosynthesis|[fromitem]\n|-start|p1b: Flutter Mane|protosynthesisspe\n|turn|1\n|\n|t:|1722189817\n|-end|p1b: Flutter Mane|Protosynthesis|[silent]\n|switch|p1b: Chi-Yu|Chi-Yu, L50|100\/100\n|-ability|p1b: Chi-Yu|Beads of Ruin\n|move|p1a: Grimmsnarl|Light Screen|p1a: Grimmsnarl\n|-sidestart|p1: LeCehlou|move: Light Screen\n|move|p2b: Grimmsnarl|Light Screen|p2b: Grimmsnarl\n|-sidestart|p2: Billy_HMD|move: Light Screen\n|move|p2a: Volcarona|Quiver Dance|p2a: Volcarona\n|-boost|p2a: Volcarona|spa|1\n|-boost|p2a: Volcarona|spd|1\n|-boost|p2a: Volcarona|spe|1\n|\n|upkeep\n|turn|2\n|\n|t:|1722189838\n|move|p1a: Grimmsnarl|Thunder Wave|p2a: Volcarona\n|-status|p2a: Volcarona|par\n|move|p1b: Chi-Yu|Heat Wave|p2b: Grimmsnarl|[spread] p2a,p2b\n|-damage|p2a: Volcarona|80\/100 par\n|-damage|p2b: Grimmsnarl|69\/100\n|move|p2a: Volcarona|Quiver Dance|p2a: Volcarona\n|-boost|p2a: Volcarona|spa|1\n|-boost|p2a: Volcarona|spd|1\n|-boost|p2a: Volcarona|spe|1\n|move|p2b: Grimmsnarl|Spirit Break|p1b: Chi-Yu\n|-damage|p1b: Chi-Yu|54\/100\n|-unboost|p1b: Chi-Yu|spa|1\n|\n|-heal|p2a: Volcarona|86\/100 par|[from] item: Leftovers\n|upkeep\n|turn|3\n|\n|t:|1722189859\n|move|p1b: Chi-Yu|Overheat|p2a: Volcarona\n|-damage|p2a: Volcarona|66\/100 par\n|-unboost|p1b: Chi-Yu|spa|2\n|move|p2a: Volcarona|Quiver Dance|p2a: Volcarona\n|-boost|p2a: Volcarona|spa|1\n|-boost|p2a: Volcarona|spd|1\n|-boost|p2a: Volcarona|spe|1\n|move|p2b: Grimmsnarl|Spirit Break|p1b: Chi-Yu\n|-damage|p1b: Chi-Yu|5\/100\n|-unboost|p1b: Chi-Yu|spa|1\n|move|p1a: Grimmsnarl|Foul Play|p2a: Volcarona\n|-damage|p2a: Volcarona|49\/100 par\n|\n|-heal|p2a: Volcarona|56\/100 par|[from] item: Leftovers\n|upkeep\n|turn|4\n|j| pogafina\n|inactive|LeCehlou has 30 seconds left.\n|inactive|Billy_HMD has 30 seconds left.\n|\n|t:|1722189889\n|switch|p1a: Terapagos|Terapagos, L50, M|100\/100\n|-activate|p1a: Terapagos|ability: Tera Shift\n|detailschange|p1a: Terapagos|Terapagos-Terastal, L50, M\n|-heal|p1a: Terapagos|100\/100|[silent]\n|move|p1b: Chi-Yu|Protect|p1b: Chi-Yu\n|-singleturn|p1b: Chi-Yu|Protect\n|cant|p2a: Volcarona|par\n|move|p2b: Grimmsnarl|Spirit Break|p1a: Terapagos\n|-activate|p1a: Terapagos|ability: Tera Shell\n|-resisted|p1a: Terapagos\n|-damage|p1a: Terapagos|85\/100\n|-unboost|p1a: Terapagos|spa|1\n|\n|-heal|p2a: Volcarona|62\/100 par|[from] item: Leftovers\n|upkeep\n|turn|5\n|\n|t:|1722189907\n|move|p2a: Volcarona|Heat Wave|p1a: Terapagos|[spread] p1a,p1b\n|-resisted|p1b: Chi-Yu\n|-damage|p1a: Terapagos|2\/100\n|-damage|p1b: Chi-Yu|0 fnt\n|faint|p1b: Chi-Yu\n|move|p1a: Terapagos|Tera Starstorm|p2a: Volcarona\n|-damage|p2a: Volcarona|47\/100 par\n|move|p2b: Grimmsnarl|Spirit Break|p1a: Terapagos\n|-damage|p1a: Terapagos|0 fnt\n|faint|p1a: Terapagos\n|\n|-heal|p2a: Volcarona|54\/100 par|[from] item: Leftovers\n|upkeep\n|-message|LeCehlou forfeited.\n|\n|win|Billy_HMD\n|raw|LeCehlou's rating: 1743 &rarr; <strong>1725<\/strong><br \/>(-18 for losing)\n|raw|Billy_HMD's rating: 1781 &rarr; <strong>1799<\/strong><br \/>(+18 for winning)\n|l|\u2606LeCehlou\n|player|p1|\n|l|\u2606Billy_HMD\n|player|p2|\n|l| pogafina\n","uploadtime":1722190052,"views":18,"formatid":"gen9vgc2024regg","rating":1725,"private":0,"password":null}