{"id":"gen9vgc2024regg-2169445508","format":"[Gen 9] VGC 2024 Reg G","players":["tuanzai233t","chuanOVO"],"log":"|j|\u2606tuanzai233t\n|j|\u2606chuanOVO\n|t:|1722252550\n|gametype|doubles\n|player|p1|tuanzai233t|101|1806\n|player|p2|chuanOVO|n|1838\n|teamsize|p1|6\n|teamsize|p2|6\n|gen|9\n|tier|[Gen 9] VGC 2024 Reg G\n|rated|\n|rule|Species Clause: Limit one of each Pok\u00e9mon\n|rule|Item Clause: Limit one of each item\n|clearpoke\n|poke|p1|Indeedee-F, L50, F|\n|poke|p1|Torkoal, L50, M|\n|poke|p1|Calyrex-Ice, L50|\n|poke|p1|Annihilape, L50, M|\n|poke|p1|Urshifu-*, L50, M|\n|poke|p1|Brute Bonnet, L50|\n|poke|p2|Calyrex-Ice, L50|\n|poke|p2|Smeargle, L50, M|\n|poke|p2|Ursaluna-Bloodmoon, L50, M|\n|poke|p2|Urshifu-*, L50, M|\n|poke|p2|Ogerpon-Wellspring, L50, F|\n|poke|p2|Annihilape, L50, M|\n|teampreview|4\n|c|\u2606chuanOVO|\u53c8\u6765\u4e86\ntuanzai233t has agreed to open team sheets.\n|c|\u2606tuanzai233t|\u6765\u4e86\n|j| THUNDERSND77\nchuanOVO has agreed to open team sheets.\n|\n|t:|1722252629\n|start\n|switch|p1a: Calyrex|Calyrex-Ice, L50|100\/100\n|switch|p1b: Brute Bonnet|Brute Bonnet, L50, shiny|100\/100\n|switch|p2a: Ogerpon|Ogerpon-Wellspring, L50, F|100\/100\n|switch|p2b: Calyrex|Calyrex-Ice, L50|100\/100\n|-ability|p2b: Calyrex|As One\n|-ability|p2b: Calyrex|Unnerve\n|-ability|p1a: Calyrex|As One\n|-ability|p1a: Calyrex|Unnerve\n|turn|1\n|j| shui1535\n|\n|t:|1722252650\n|-terastallize|p1b: Brute Bonnet|Poison\n|move|p2a: Ogerpon|Ivy Cudgel|p1a: Calyrex|[anim] Ivy Cudgel Water\n|-damage|p1a: Calyrex|64\/100\n|move|p1b: Brute Bonnet|Crunch|p2a: Ogerpon\n|-damage|p2a: Ogerpon|68\/100\n|-unboost|p2a: Ogerpon|def|1\n|move|p2b: Calyrex|Glacial Lance|p1a: Calyrex|[spread] p1a,p1b\n|-resisted|p1a: Calyrex\n|-damage|p1a: Calyrex|45\/100\n|-damage|p1b: Brute Bonnet|60\/100\n|move|p1a: Calyrex|Glacial Lance|p2b: Calyrex|[spread] p2a,p2b\n|-resisted|p2b: Calyrex\n|-damage|p2a: Ogerpon|0 fnt\n|-damage|p2b: Calyrex|81\/100\n|faint|p2a: Ogerpon\n|-ability|p1a: Calyrex|Chilling Neigh|boost\n|-boost|p1a: Calyrex|atk|1\n|\n|upkeep\n|\n|t:|1722252671\n|switch|p2a: Urshifu|Urshifu, L50, M|100\/100\n|turn|2\n|\n|t:|1722252694\n|move|p1b: Brute Bonnet|Rage Powder|p1b: Brute Bonnet\n|-singleturn|p1b: Brute Bonnet|move: Rage Powder\n|move|p2a: Urshifu|Wicked Blow|p1b: Brute Bonnet\n|-crit|p1b: Brute Bonnet\n|-damage|p1b: Brute Bonnet|0 fnt\n|faint|p1b: Brute Bonnet\n|-end|p1b: Brute Bonnet|Protosynthesis|[silent]\n|move|p2b: Calyrex|Glacial Lance|p1a: Calyrex\n|-resisted|p1a: Calyrex\n|-damage|p1a: Calyrex|19\/100\n|move|p1a: Calyrex|Trick Room|p1a: Calyrex\n|-fieldstart|move: Trick Room|[of] p1a: Calyrex\n|\n|upkeep\n|\n|t:|1722252703\n|switch|p1b: Torkoal|Torkoal, L50, M|100\/100\n|-weather|SunnyDay|[from] ability: Drought|[of] p1b: Torkoal\n|turn|3\n|\n|t:|1722252754\n|-terastallize|p2b: Calyrex|Water\n|move|p1b: Torkoal|Eruption|p2b: Calyrex|[spread] p2a,p2b\n|-crit|p2a: Urshifu\n|-resisted|p2b: Calyrex\n|-damage|p2a: Urshifu|0 fnt\n|-damage|p2b: Calyrex|52\/100\n|faint|p2a: Urshifu\n|move|p1a: Calyrex|High Horsepower|p2b: Calyrex\n|-damage|p2b: Calyrex|11\/100\n|move|p2b: Calyrex|Trick Room|p2b: Calyrex\n|-fieldend|move: Trick Room\n|\n|-weather|SunnyDay|[upkeep]\n|upkeep\n|\n|t:|1722252766\n|switch|p2a: Smeargle|Smeargle, L50, M, shiny|100\/100\n|turn|4\n|j| goldonauta\n|\n|t:|1722252785\n|move|p2b: Calyrex|Protect|p2b: Calyrex\n|-singleturn|p2b: Calyrex|Protect\n|move|p2a: Smeargle|Spore|p1a: Calyrex\n|-status|p1a: Calyrex|slp|[from] move: Spore\n|cant|p1a: Calyrex|slp\n|move|p1b: Torkoal|Weather Ball|p2b: Calyrex\n|-activate|p2b: Calyrex|move: Protect\n|\n|-weather|SunnyDay|[upkeep]\n|upkeep\n|turn|5\n|\n|t:|1722252819\n|move|p1b: Torkoal|Protect|p1b: Torkoal\n|-singleturn|p1b: Torkoal|Protect\n|move|p2b: Calyrex|High Horsepower|p1b: Torkoal\n|-activate|p1b: Torkoal|move: Protect\n|move|p2a: Smeargle|Spore|p1b: Torkoal\n|-activate|p1b: Torkoal|move: Protect\n|cant|p1a: Calyrex|slp\n|\n|-weather|SunnyDay|[upkeep]\n|upkeep\n|turn|6\n|\n|t:|1722252834\n|move|p2b: Calyrex|Glacial Lance|p1b: Torkoal|[spread] p1a,p1b\n|-resisted|p1a: Calyrex\n|-resisted|p1b: Torkoal\n|-damage|p1a: Calyrex|1\/100 slp\n|-damage|p1b: Torkoal|77\/100\n|move|p2a: Smeargle|Spore|p1b: Torkoal\n|-status|p1b: Torkoal|slp|[from] move: Spore\n|cant|p1a: Calyrex|slp\n|cant|p1b: Torkoal|slp\n|\n|-weather|SunnyDay|[upkeep]\n|upkeep\n|turn|7\n|j| Avava1\n|c| Avava1|\u7fa4\u53cb\u600e\u4e48\u8fd8\u5728\u94f6\u8db4\n|\n|t:|1722252852\n|move|p2b: Calyrex|Glacial Lance|p1a: Calyrex|[spread] p1a,p1b\n|-resisted|p1a: Calyrex\n|-resisted|p1b: Torkoal\n|-damage|p1a: Calyrex|0 fnt\n|-damage|p1b: Torkoal|56\/100 slp\n|-enditem|p2b: Calyrex|Sitrus Berry|[eat]\n|-heal|p2b: Calyrex|36\/100|[from] item: Sitrus Berry\n|faint|p1a: Calyrex\n|-ability|p2b: Calyrex|Chilling Neigh|boost\n|-boost|p2b: Calyrex|atk|1\n|move|p2a: Smeargle|Decorate|p2b: Calyrex\n|-boost|p2b: Calyrex|atk|2\n|-boost|p2b: Calyrex|spa|2\n|cant|p1b: Torkoal|slp\n|\n|-weather|none\n|upkeep\n|\n|t:|1722252855\n|switch|p1a: Urshifu|Urshifu, L50, M|100\/100\n|turn|8\n|j| bluestraggler02\n|\n|t:|1722252883\n|move|p1a: Urshifu|Detect|p1a: Urshifu\n|-singleturn|p1a: Urshifu|Protect\n|move|p2a: Smeargle|Follow Me|p2a: Smeargle\n|-singleturn|p2a: Smeargle|move: Follow Me\n|move|p2b: Calyrex|Glacial Lance|p1b: Torkoal|[spread] p1b\n|-activate|p1a: Urshifu|move: Protect\n|-resisted|p1b: Torkoal\n|-damage|p1b: Torkoal|0 fnt\n|faint|p1b: Torkoal\n|-ability|p2b: Calyrex|Chilling Neigh|boost\n|-boost|p2b: Calyrex|atk|1\n|\n|upkeep\n|turn|9\n|c|\u2606tuanzai233t|g\n|-message|tuanzai233t forfeited.\n|\n|win|chuanOVO\n|raw|tuanzai233t's rating: 1806 &rarr; <strong>1788<\/strong><br \/>(-18 for losing)\n|raw|chuanOVO's rating: 1838 &rarr; <strong>1856<\/strong><br \/>(+18 for winning)\n|l|\u2606tuanzai233t\n|player|p1|\n|l| Avava1\n|l| shui1535\n|l| THUNDERSND77\n|l|\u2606chuanOVO\n|player|p2|\n|l| goldonauta\n|l| bluestraggler02\n","uploadtime":1722253135,"views":60,"formatid":"gen9vgc2024regg","rating":1788,"private":0,"password":null}