{"id":"gen9vgc2024regg-2169719904","format":"[Gen 9] VGC 2024 Reg G","players":["ShdwempV2","roseyradio"],"log":"|j|\u2606ShdwempV2\n|j|\u2606roseyradio\n|t:|1722285692\n|gametype|doubles\n|player|p1|ShdwempV2|cynthia-masters|1773\n|player|p2|roseyradio|skier|1738\n|teamsize|p1|6\n|teamsize|p2|6\n|gen|9\n|tier|[Gen 9] VGC 2024 Reg G\n|rated|\n|rule|Species Clause: Limit one of each Pok\u00e9mon\n|rule|Item Clause: Limit one of each item\n|clearpoke\n|poke|p1|Incineroar, L50, M|\n|poke|p1|Rillaboom, L50, M|\n|poke|p1|Kyogre, L50|\n|poke|p1|Tornadus, L50, M|\n|poke|p1|Landorus, L50, M|\n|poke|p1|Urshifu-*, L50, F|\n|poke|p2|Calyrex-Ice, L50|\n|poke|p2|Smeargle, L50, F|\n|poke|p2|Ursaluna-Bloodmoon, L50, M|\n|poke|p2|Indeedee-F, L50, F|\n|poke|p2|Amoonguss, L50, M|\n|poke|p2|Raging Bolt, L50|\n|teampreview|4\n|inactive|Battle timer is ON: inactive players will automatically lose when time's up. (requested by ShdwempV2)\n|\n|t:|1722285718\n|start\n|switch|p1a: Rillaboom|Rillaboom, L50, M, shiny|100\/100\n|switch|p1b: Kyogre|Kyogre, L50|100\/100\n|switch|p2a: Amoonguss|Amoonguss, L50, M|100\/100\n|switch|p2b: Raging Bolt|Raging Bolt, L50|100\/100\n|-weather|RainDance|[from] ability: Drizzle|[of] p1b: Kyogre\n|-fieldstart|move: Grassy Terrain|[from] ability: Grassy Surge|[of] p1a: Rillaboom\n|turn|1\n|\n|t:|1722285735\n|-terastallize|p1b: Kyogre|Grass\n|move|p1a: Rillaboom|Fake Out|p2b: Raging Bolt\n|-crit|p2b: Raging Bolt\n|-damage|p2b: Raging Bolt|85\/100\n|move|p1b: Kyogre|Water Spout|p2a: Amoonguss|[spread] p2a,p2b\n|-resisted|p2a: Amoonguss\n|-resisted|p2b: Raging Bolt\n|-damage|p2a: Amoonguss|36\/100\n|-damage|p2b: Raging Bolt|48\/100\n|cant|p2b: Raging Bolt|flinch\n|move|p2a: Amoonguss|Pollen Puff|p2b: Raging Bolt\n|-heal|p2b: Raging Bolt|98\/100\n|\n|-weather|RainDance|[upkeep]\n|-heal|p2b: Raging Bolt|100\/100|[from] Grassy Terrain\n|-heal|p2a: Amoonguss|42\/100|[from] Grassy Terrain\n|upkeep\n|turn|2\n|inactive|roseyradio has 30 seconds left.\n|inactive|roseyradio has 20 seconds left.\n|\n|t:|1722285771\n|move|p1b: Kyogre|Water Spout|p2b: Raging Bolt|[spread] p2a,p2b\n|-resisted|p2a: Amoonguss\n|-resisted|p2b: Raging Bolt\n|-damage|p2a: Amoonguss|0 fnt\n|-damage|p2b: Raging Bolt|62\/100\n|faint|p2a: Amoonguss\n|move|p1a: Rillaboom|U-turn|p2b: Raging Bolt\n|-damage|p2b: Raging Bolt|44\/100\n|\n|t:|1722285779\n|switch|p1a: Incineroar|Incineroar, L50, M, shiny|100\/100|[from] U-turn\n|-ability|p1a: Incineroar|Intimidate|boost\n|-unboost|p2b: Raging Bolt|atk|1\n|move|p2b: Raging Bolt|Electroweb|p1a: Incineroar|[spread] p1b\n|-miss|p2b: Raging Bolt|p1a: Incineroar\n|-resisted|p1b: Kyogre\n|-damage|p1b: Kyogre|92\/100\n|-unboost|p1b: Kyogre|spe|1\n|\n|-weather|RainDance|[upkeep]\n|-heal|p2b: Raging Bolt|50\/100|[from] Grassy Terrain\n|-heal|p1b: Kyogre|98\/100|[from] Grassy Terrain\n|upkeep\n|\n|t:|1722285792\n|switch|p2a: Calyrex|Calyrex-Ice, L50|100\/100\n|-ability|p2a: Calyrex|As One\n|-ability|p2a: Calyrex|Unnerve\n|turn|3\n|\n|t:|1722285796\n|switch|p1b: Urshifu|Urshifu, L50, F|100\/100\n|move|p2a: Calyrex|Protect|p2a: Calyrex\n|-singleturn|p2a: Calyrex|Protect\n|move|p1a: Incineroar|Fake Out|p2a: Calyrex\n|-activate|p2a: Calyrex|move: Protect\n|move|p2b: Raging Bolt|Electroweb|p1a: Incineroar|[spread] p1a,p1b\n|-damage|p1a: Incineroar|82\/100\n|-damage|p1b: Urshifu|69\/100\n|-unboost|p1a: Incineroar|spe|1\n|-unboost|p1b: Urshifu|spe|1\n|\n|-weather|RainDance|[upkeep]\n|-heal|p2b: Raging Bolt|57\/100|[from] Grassy Terrain\n|-heal|p1b: Urshifu|75\/100|[from] Grassy Terrain\n|-heal|p1a: Incineroar|88\/100|[from] Grassy Terrain\n|upkeep\n|turn|4\n|inactive|roseyradio has 30 seconds left.\n|inactive|roseyradio has 20 seconds left.\n|inactive|roseyradio has 15 seconds left.\n|inactive|roseyradio has 10 seconds left.\n|inactive|roseyradio has 5 seconds left.\n|\n|t:|1722285846\n|move|p1b: Urshifu|Sucker Punch||[still]\n|-fail|p1b: Urshifu\n|move|p2b: Raging Bolt|Draco Meteor|p1b: Urshifu\n|-damage|p1b: Urshifu|0 fnt\n|-unboost|p2b: Raging Bolt|spa|2\n|faint|p1b: Urshifu\n|move|p1a: Incineroar|Will-O-Wisp|p2a: Calyrex\n|-status|p2a: Calyrex|brn\n|move|p2a: Calyrex|Trick Room|p2a: Calyrex\n|-fieldstart|move: Trick Room|[of] p2a: Calyrex\n|\n|-weather|RainDance|[upkeep]\n|-heal|p1a: Incineroar|94\/100|[from] Grassy Terrain\n|-heal|p2b: Raging Bolt|63\/100|[from] Grassy Terrain\n|-damage|p2a: Calyrex|95\/100 brn|[from] brn\n|upkeep\n|\n|t:|1722285855\n|switch|p1b: Kyogre|Kyogre, L50, tera:Grass|98\/100\n|turn|5\n|\n|t:|1722285874\n|move|p1a: Incineroar|Knock Off|p2a: Calyrex\n|-supereffective|p2a: Calyrex\n|-crit|p2a: Calyrex\n|-damage|p2a: Calyrex|22\/100 brn\n|-enditem|p2a: Calyrex|Clear Amulet|[from] move: Knock Off|[of] p1a: Incineroar\n|move|p2a: Calyrex|Glacial Lance|p1a: Incineroar|[spread] p1a,p1b\n|-resisted|p1a: Incineroar\n|-supereffective|p1b: Kyogre\n|-damage|p1a: Incineroar|83\/100\n|-damage|p1b: Kyogre|28\/100\n|move|p2b: Raging Bolt|Draco Meteor|p1b: Kyogre\n|-damage|p1b: Kyogre|0 fnt\n|-unboost|p2b: Raging Bolt|spa|2\n|faint|p1b: Kyogre\n|\n|-weather|none\n|-heal|p1a: Incineroar|89\/100|[from] Grassy Terrain\n|-heal|p2a: Calyrex|28\/100 brn|[from] Grassy Terrain\n|-heal|p2b: Raging Bolt|69\/100|[from] Grassy Terrain\n|-damage|p2a: Calyrex|22\/100 brn|[from] brn\n|-fieldend|move: Grassy Terrain\n|upkeep\n|\n|t:|1722285884\n|switch|p1b: Rillaboom|Rillaboom, L50, M, shiny|100\/100\n|-fieldstart|move: Grassy Terrain|[from] ability: Grassy Surge|[of] p1b: Rillaboom\n|turn|6\n|inactive|roseyradio has 30 seconds left.\n|\n|t:|1722285911\n|move|p1b: Rillaboom|Fake Out|p2b: Raging Bolt\n|-damage|p2b: Raging Bolt|57\/100\n|move|p1a: Incineroar|Knock Off|p2a: Calyrex\n|-supereffective|p2a: Calyrex\n|-damage|p2a: Calyrex|0 fnt\n|faint|p2a: Calyrex\n|cant|p2b: Raging Bolt|flinch\n|\n|-heal|p1a: Incineroar|95\/100|[from] Grassy Terrain\n|-heal|p2b: Raging Bolt|64\/100|[from] Grassy Terrain\n|upkeep\n|\n|t:|1722285915\n|switch|p2a: Ursaluna|Ursaluna-Bloodmoon, L50, M|100\/100\n|turn|7\n|\n|t:|1722285935\n|-terastallize|p2a: Ursaluna|Normal\n|move|p1a: Incineroar|Knock Off|p2a: Ursaluna\n|-damage|p2a: Ursaluna|74\/100\n|-enditem|p2a: Ursaluna|Life Orb|[from] move: Knock Off|[of] p1a: Incineroar\n|move|p2a: Ursaluna|Blood Moon|p1b: Rillaboom\n|-damage|p1b: Rillaboom|27\/100\n|move|p2b: Raging Bolt|Draco Meteor|p1b: Rillaboom\n|-damage|p1b: Rillaboom|11\/100\n|-unboost|p2b: Raging Bolt|spa|2\n|move|p1b: Rillaboom|Wood Hammer|p2a: Ursaluna\n|-damage|p2a: Ursaluna|17\/100\n|-damage|p1b: Rillaboom|0 fnt|[from] Recoil\n|faint|p1b: Rillaboom\n|\n|-heal|p1a: Incineroar|100\/100|[from] Grassy Terrain\n|-heal|p2a: Ursaluna|23\/100|[from] Grassy Terrain\n|-heal|p2b: Raging Bolt|70\/100|[from] Grassy Terrain\n|upkeep\n|turn|8\n|\n|t:|1722285955\n|move|p2a: Ursaluna|Protect|p2a: Ursaluna\n|-singleturn|p2a: Ursaluna|Protect\n|move|p1a: Incineroar|Knock Off|p2a: Ursaluna\n|-activate|p2a: Ursaluna|move: Protect\n|move|p2b: Raging Bolt|Draco Meteor|p1a: Incineroar\n|-damage|p1a: Incineroar|84\/100\n|\n|-heal|p1a: Incineroar|90\/100|[from] Grassy Terrain\n|-heal|p2a: Ursaluna|29\/100|[from] Grassy Terrain\n|-heal|p2b: Raging Bolt|76\/100|[from] Grassy Terrain\n|-fieldend|move: Trick Room\n|upkeep\n|turn|9\n|\n|t:|1722285960\n|move|p2b: Raging Bolt|Thunderbolt|p1a: Incineroar\n|-damage|p1a: Incineroar|79\/100\n|move|p2a: Ursaluna|Earth Power|p1a: Incineroar\n|-supereffective|p1a: Incineroar\n|-damage|p1a: Incineroar|0 fnt\n|faint|p1a: Incineroar\n|\n|win|roseyradio\n|raw|ShdwempV2's rating: 1773 &rarr; <strong>1751<\/strong><br \/>(-22 for losing)\n|raw|roseyradio's rating: 1738 &rarr; <strong>1760<\/strong><br \/>(+22 for winning)\n|l|\u2606ShdwempV2\n|player|p1|\n|l|\u2606roseyradio\n|player|p2|\n","uploadtime":1722286186,"views":16,"formatid":"gen9vgc2024regg","rating":1751,"private":0,"password":null}