{"id":"gen9vgc2024regg-2169427341","format":"[Gen 9] VGC 2024 Reg G","players":["kojiminori1","HamstermaniaCZ"],"log":"|j|\u2606kojiminori1\n|j|\u2606HamstermaniaCZ\n|t:|1722249165\n|gametype|doubles\n|player|p1|kojiminori1|2|1651\n|player|p2|HamstermaniaCZ|acetrainersnow|1715\n|teamsize|p1|6\n|teamsize|p2|6\n|gen|9\n|tier|[Gen 9] VGC 2024 Reg G\n|rated|\n|rule|Species Clause: Limit one of each Pok\u00e9mon\n|rule|Item Clause: Limit one of each item\n|clearpoke\n|poke|p1|Calyrex-Ice, L50|\n|poke|p1|Urshifu-*, L50, F|\n|poke|p1|Entei, L50|\n|poke|p1|Whimsicott, L50, F|\n|poke|p1|Torkoal, L50, F|\n|poke|p1|Raging Bolt, L50|\n|poke|p2|Groudon, L50|\n|poke|p2|Brute Bonnet, L50|\n|poke|p2|Chi-Yu, L50|\n|poke|p2|Lilligant-Hisui, L50, F|\n|poke|p2|Raging Bolt, L50|\n|poke|p2|Walking Wake, L50|\n|teampreview|4\n|inactive|Battle timer is ON: inactive players will automatically lose when time's up. (requested by kojiminori1)\n|\n|t:|1722249197\n|start\n|switch|p1a: Whimsicott|Whimsicott, L50, F|100\/100\n|switch|p1b: Entei|Entei, L50|100\/100\n|switch|p2a: Groudon|Groudon, L50|100\/100\n|switch|p2b: Brute Bonnet|Brute Bonnet, L50|100\/100\n|-weather|SunnyDay|[from] ability: Drought|[of] p2a: Groudon\n|-activate|p2b: Brute Bonnet|ability: Protosynthesis\n|-start|p2b: Brute Bonnet|protosynthesisdef\n|turn|1\n|inactive|kojiminori1 has 30 seconds left.\n|j| rabbithorn01\n|inactive|kojiminori1 has 20 seconds left.\n|inactive|kojiminori1 has 15 seconds left.\n|inactive|kojiminori1 has 10 seconds left.\n|\n|t:|1722249244\n|-terastallize|p2a: Groudon|Fire\n|move|p1a: Whimsicott|Protect|p1a: Whimsicott\n|-singleturn|p1a: Whimsicott|Protect\n|move|p1b: Entei|Stomping Tantrum|p2a: Groudon\n|-supereffective|p2a: Groudon\n|-damage|p2a: Groudon|67\/100\n|move|p2a: Groudon|Heat Crash|p1a: Whimsicott\n|-activate|p1a: Whimsicott|move: Protect\n|move|p2b: Brute Bonnet|Spore|p1b: Entei\n|-status|p1b: Entei|slp|[from] move: Spore\n|\n|-weather|SunnyDay|[upkeep]\n|upkeep\n|turn|2\n|\n|t:|1722249260\n|move|p1a: Whimsicott|Tailwind|p1a: Whimsicott\n|-sidestart|p1: kojiminori1|move: Tailwind\n|cant|p1b: Entei|slp\n|move|p2a: Groudon|Heat Crash|p1a: Whimsicott\n|-supereffective|p1a: Whimsicott\n|-enditem|p1a: Whimsicott|Focus Sash\n|-damage|p1a: Whimsicott|1\/100\n|move|p2b: Brute Bonnet|Seed Bomb|p1a: Whimsicott\n|-resisted|p1a: Whimsicott\n|-damage|p1a: Whimsicott|0 fnt\n|faint|p1a: Whimsicott\n|\n|-weather|SunnyDay|[upkeep]\n|upkeep\n|\n|t:|1722249275\n|switch|p1a: Calyrex|Calyrex-Ice, L50|100\/100\n|-ability|p1a: Calyrex|As One\n|-ability|p1a: Calyrex|Unnerve\n|turn|3\n|\n|t:|1722249296\n|-terastallize|p1a: Calyrex|Ice\n|-curestatus|p1b: Entei|slp|[msg]\n|move|p1b: Entei|Stomping Tantrum|p2a: Groudon\n|-supereffective|p2a: Groudon\n|-damage|p2a: Groudon|0 fnt\n|faint|p2a: Groudon\n|move|p1a: Calyrex|Glacial Lance|p2b: Brute Bonnet\n|-supereffective|p2b: Brute Bonnet\n|-damage|p2b: Brute Bonnet|0 fnt\n|faint|p2b: Brute Bonnet\n|-end|p2b: Brute Bonnet|Protosynthesis|[silent]\n|-ability|p1a: Calyrex|Chilling Neigh|boost\n|-boost|p1a: Calyrex|atk|1\n|\n|-weather|SunnyDay|[upkeep]\n|upkeep\n|\n|t:|1722249308\n|switch|p2a: Chi-Yu|Chi-Yu, L50|100\/100\n|switch|p2b: Walking Wake|Walking Wake, L50|100\/100\n|-ability|p2a: Chi-Yu|Beads of Ruin\n|-activate|p2b: Walking Wake|ability: Protosynthesis\n|-start|p2b: Walking Wake|protosynthesisspe\n|turn|4\n|j| Therazer456\n|j| bluestraggler02\n|inactive|kojiminori1 has 30 seconds left.\n|inactive|kojiminori1 has 20 seconds left.\n|inactive|kojiminori1 has 15 seconds left.\n|inactive|kojiminori1 has 10 seconds left.\n|inactive|kojiminori1 has 5 seconds left.\n|\n|t:|1722249358\n|switch|p1a: Raging Bolt|Raging Bolt, L50|100\/100\n|-activate|p1a: Raging Bolt|ability: Protosynthesis\n|-start|p1a: Raging Bolt|protosynthesisspa\n|move|p1b: Entei|Stomping Tantrum|p2a: Chi-Yu\n|-supereffective|p2a: Chi-Yu\n|-damage|p2a: Chi-Yu|18\/100\n|move|p2b: Walking Wake|Hydro Steam|p1b: Entei\n|-supereffective|p1b: Entei\n|-damage|p1b: Entei|0 fnt\n|faint|p1b: Entei\n|move|p2a: Chi-Yu|Heat Wave|p1a: Raging Bolt\n|-resisted|p1a: Raging Bolt\n|-damage|p1a: Raging Bolt|52\/100\n|\n|-weather|SunnyDay|[upkeep]\n|upkeep\n|\n|t:|1722249374\n|switch|p1b: Calyrex|Calyrex-Ice, L50, tera:Ice|100\/100\n|-ability|p1b: Calyrex|As One\n|-ability|p1b: Calyrex|Unnerve\n|turn|5\n|l| bluestraggler02\n|\n|t:|1722249388\n|move|p1a: Raging Bolt|Thunderclap|p2a: Chi-Yu\n|-damage|p2a: Chi-Yu|0 fnt\n|faint|p2a: Chi-Yu\n|-damage|p1a: Raging Bolt|42\/100|[from] item: Life Orb\n|move|p2b: Walking Wake|Hydro Steam|p1b: Calyrex\n|-damage|p1b: Calyrex|31\/100\n|move|p1b: Calyrex|Glacial Lance|p2b: Walking Wake\n|-damage|p2b: Walking Wake|0 fnt\n|faint|p2b: Walking Wake\n|-end|p2b: Walking Wake|Protosynthesis|[silent]\n|\n|win|kojiminori1\n|raw|kojiminori1's rating: 1651 &rarr; <strong>1675<\/strong><br \/>(+24 for winning)\n|raw|HamstermaniaCZ's rating: 1715 &rarr; <strong>1691<\/strong><br \/>(-24 for losing)\n|c|\u2606HamstermaniaCZ|gg\n|l|\u2606HamstermaniaCZ\n|player|p2|\n|l| Therazer456\n","uploadtime":1722249654,"views":17,"formatid":"gen9vgc2024regg","rating":1675,"private":0,"password":null}