{"id":"gen9vgc2024regg-2169612147","format":"[Gen 9] VGC 2024 Reg G","players":["monkeyflipping","chuanOVO"],"log":"|j|\u2606monkeyflipping\n|j|\u2606chuanOVO\n|t:|1722273837\n|gametype|doubles\n|player|p1|monkeyflipping|magmasuit|1741\n|player|p2|chuanOVO|n|1761\n|teamsize|p1|6\n|teamsize|p2|6\n|gen|9\n|tier|[Gen 9] VGC 2024 Reg G\n|rated|\n|rule|Species Clause: Limit one of each Pok\u00e9mon\n|rule|Item Clause: Limit one of each item\n|clearpoke\n|poke|p1|Tornadus, L50, M|\n|poke|p1|Kyogre, L50|\n|poke|p1|Electivire, L50, F|\n|poke|p1|Rillaboom, L50, M|\n|poke|p1|Tsareena, L50, F|\n|poke|p1|Gholdengo, L50|\n|poke|p2|Calyrex-Shadow, L50|\n|poke|p2|Mienshao, L50, M|\n|poke|p2|Weezing-Galar, L50, M|\n|poke|p2|Maushold, L50|\n|poke|p2|Dondozo, L50, M|\n|poke|p2|Tatsugiri, L50, M|\n|teampreview|4\n|inactive|Battle timer is ON: inactive players will automatically lose when time's up. (requested by monkeyflipping)\n|\n|t:|1722273860\n|start\n|switch|p1a: Kyogre|Kyogre, L50|100\/100\n|switch|p1b: Tornadus|Tornadus, L50, M|100\/100\n|switch|p2a: Weezing|Weezing-Galar, L50, M, shiny|100\/100\n|switch|p2b: Calyrex|Calyrex-Shadow, L50|100\/100\n|-ability|p2b: Calyrex|As One\n|-ability|p2b: Calyrex|Unnerve\n|-ability|p2a: Weezing|Neutralizing Gas\n|turn|1\n|\n|t:|1722273876\n|-terastallize|p1a: Kyogre|Water\n|move|p1a: Kyogre|Water Spout|p2b: Calyrex|[spread] p2a,p2b\n|-damage|p2a: Weezing|0 fnt\n|-damage|p2b: Calyrex|4\/100\n|faint|p2a: Weezing\n|-end|p2a: Weezing|ability: Neutralizing Gas\n|-weather|RainDance|[from] ability: Drizzle|[of] p1a: Kyogre\n|move|p2b: Calyrex|Astral Barrage|p1a: Kyogre|[spread] p1a,p1b\n|-damage|p1a: Kyogre|39\/100\n|-enditem|p1b: Tornadus|Focus Sash\n|-damage|p1b: Tornadus|1\/100\n|move|p1b: Tornadus|Bleakwind Storm|p2b: Calyrex\n|-damage|p2b: Calyrex|0 fnt\n|faint|p2b: Calyrex\n|\n|-weather|RainDance|[upkeep]\n|upkeep\n|\n|t:|1722273895\n|switch|p2b: Tatsugiri|Tatsugiri, L50, M, shiny|100\/100\n|switch|p2a: Dondozo|Dondozo, L50, M, shiny|100\/100\n|-activate|p2b: Tatsugiri|ability: Commander|[of] p2a: Dondozo\n|-boost|p2a: Dondozo|atk|2\n|-boost|p2a: Dondozo|spa|2\n|-boost|p2a: Dondozo|spe|2\n|-boost|p2a: Dondozo|def|2\n|-boost|p2a: Dondozo|spd|2\n|turn|2\n|\n|t:|1722273904\n|switch|p1a: 18Wheeler|Rillaboom, L50, M, shiny|100\/100\n|-fieldstart|move: Grassy Terrain|[from] ability: Grassy Surge|[of] p1a: 18Wheeler\n|move|p1b: Tornadus|Protect|p1b: Tornadus\n|-singleturn|p1b: Tornadus|Protect\n|move|p2a: Dondozo|Order Up|p1a: 18Wheeler\n|-damage|p1a: 18Wheeler|52\/100\n|-boost|p2a: Dondozo|atk|1\n|\n|-weather|RainDance|[upkeep]\n|-heal|p1a: 18Wheeler|58\/100|[from] Grassy Terrain\n|upkeep\n|turn|3\n|\n|t:|1722273921\n|-terastallize|p2a: Dondozo|Grass\n|move|p1a: 18Wheeler|Fake Out|p2a: Dondozo\n|-damage|p2a: Dondozo|96\/100\n|move|p1b: Tornadus|Tailwind|p1b: Tornadus\n|-sidestart|p1: monkeyflipping|move: Tailwind\n|cant|p2a: Dondozo|flinch\n|\n|-weather|RainDance|[upkeep]\n|-heal|p1a: 18Wheeler|64\/100|[from] Grassy Terrain\n|-heal|p2a: Dondozo|100\/100|[from] Grassy Terrain\n|upkeep\n|turn|4\n|\n|t:|1722273934\n|move|p1b: Tornadus|Bleakwind Storm|p2b: Tatsugiri|[spread] p2a\n|-miss|p1b: Tornadus|p2b: Tatsugiri\n|-supereffective|p2a: Dondozo\n|-damage|p2a: Dondozo|65\/100\n|move|p1a: 18Wheeler|U-turn|p2a: Dondozo\n|-supereffective|p2a: Dondozo\n|-damage|p2a: Dondozo|48\/100\n|\n|t:|1722273938\n|switch|p1a: Tsareena|Tsareena, L50, F, shiny|100\/100|[from] U-turn\n|move|p2a: Dondozo|Order Up|p1a: Tsareena\n|-damage|p1a: Tsareena|33\/100\n|-boost|p2a: Dondozo|atk|1\n|\n|-weather|RainDance|[upkeep]\n|-heal|p1a: Tsareena|39\/100|[from] Grassy Terrain\n|-heal|p2a: Dondozo|54\/100|[from] Grassy Terrain\n|-heal|p2a: Dondozo|61\/100|[from] item: Leftovers\n|upkeep\n|turn|5\n|\n|t:|1722273953\n|move|p2a: Dondozo|Protect|p2a: Dondozo\n|-singleturn|p2a: Dondozo|Protect\n|move|p1b: Tornadus|Bleakwind Storm|p2b: Tatsugiri|[spread] \n|-miss|p1b: Tornadus|p2b: Tatsugiri\n|-activate|p2a: Dondozo|move: Protect\n|move|p1a: Tsareena|Triple Axel|p2a: Dondozo\n|-activate|p2a: Dondozo|move: Protect\n|\n|-weather|none\n|-heal|p1a: Tsareena|45\/100|[from] Grassy Terrain\n|-heal|p2a: Dondozo|67\/100|[from] Grassy Terrain\n|-heal|p2a: Dondozo|73\/100|[from] item: Leftovers\n|upkeep\n|turn|6\n|inactive|monkeyflipping has 30 seconds left.\n|\n|t:|1722273988\n|switch|p1a: 18Wheeler|Rillaboom, L50, M, shiny|64\/100\n|move|p1b: Tornadus|Protect|p1b: Tornadus\n|-singleturn|p1b: Tornadus|Protect\n|move|p2a: Dondozo|Order Up|p1b: Tornadus\n|-activate|p1b: Tornadus|move: Protect\n|\n|-heal|p1a: 18Wheeler|70\/100|[from] Grassy Terrain\n|-heal|p2a: Dondozo|79\/100|[from] Grassy Terrain\n|-heal|p2a: Dondozo|85\/100|[from] item: Leftovers\n|-sideend|p1: monkeyflipping|move: Tailwind\n|-fieldend|move: Grassy Terrain\n|upkeep\n|turn|7\n|\n|t:|1722274002\n|move|p2a: Dondozo|Protect|p2a: Dondozo\n|-singleturn|p2a: Dondozo|Protect\n|move|p1a: 18Wheeler|Fake Out|p2a: Dondozo\n|-activate|p2a: Dondozo|move: Protect\n|move|p1b: Tornadus|Tailwind|p1b: Tornadus\n|-sidestart|p1: monkeyflipping|move: Tailwind\n|\n|-heal|p2a: Dondozo|92\/100|[from] item: Leftovers\n|upkeep\n|turn|8\n|\n|t:|1722274014\n|move|p1b: Tornadus|Bleakwind Storm|p2a: Dondozo|[spread] p2a\n|-miss|p1b: Tornadus|p2b: Tatsugiri\n|-supereffective|p2a: Dondozo\n|-damage|p2a: Dondozo|54\/100\n|-unboost|p2a: Dondozo|spe|1\n|move|p1a: 18Wheeler|U-turn|p2a: Dondozo\n|-supereffective|p2a: Dondozo\n|-damage|p2a: Dondozo|38\/100\n|\n|t:|1722274018\n|switch|p1a: Tsareena|Tsareena, L50, F, shiny|45\/100|[from] U-turn\n|move|p2a: Dondozo|Order Up|p1a: Tsareena\n|-crit|p1a: Tsareena\n|-damage|p1a: Tsareena|0 fnt\n|faint|p1a: Tsareena\n|-boost|p2a: Dondozo|atk|1\n|\n|-heal|p2a: Dondozo|44\/100|[from] item: Leftovers\n|upkeep\n|\n|t:|1722274021\n|switch|p1a: Kyogre|Kyogre, L50, tera:Water|39\/100\n|-weather|RainDance|[from] ability: Drizzle|[of] p1a: Kyogre\n|turn|9\n|\n|t:|1722274035\n|move|p2a: Dondozo|Protect|p2a: Dondozo\n|-singleturn|p2a: Dondozo|Protect\n|move|p1a: Kyogre|Ice Beam|p2a: Dondozo\n|-activate|p2a: Dondozo|move: Protect\n|move|p1b: Tornadus|Bleakwind Storm|p2b: Tatsugiri|[spread] \n|-miss|p1b: Tornadus|p2b: Tatsugiri\n|-activate|p2a: Dondozo|move: Protect\n|\n|-weather|RainDance|[upkeep]\n|-heal|p2a: Dondozo|50\/100|[from] item: Leftovers\n|upkeep\n|turn|10\n|\n|t:|1722274053\n|move|p1a: Kyogre|Ice Beam|p2a: Dondozo\n|-supereffective|p2a: Dondozo\n|-damage|p2a: Dondozo|16\/100\n|move|p1b: Tornadus|Bleakwind Storm|p2a: Dondozo|[spread] p2a\n|-miss|p1b: Tornadus|p2b: Tatsugiri\n|-supereffective|p2a: Dondozo\n|-damage|p2a: Dondozo|0 fnt\n|faint|p2a: Dondozo\n|\n|-weather|RainDance|[upkeep]\n|-sideend|p1: monkeyflipping|move: Tailwind\n|upkeep\n|turn|11\n|-message|chuanOVO forfeited.\n|\n|win|monkeyflipping\n|raw|monkeyflipping's rating: 1741 &rarr; <strong>1762<\/strong><br \/>(+21 for winning)\n|raw|chuanOVO's rating: 1761 &rarr; <strong>1740<\/strong><br \/>(-21 for losing)\n|l|\u2606chuanOVO\n|player|p2|\n|l|\u2606monkeyflipping\n|player|p1|\n|j|\u2606monkeyflipping\n|player|p1|monkeyflipping|magmasuit|\n|l|\u2606monkeyflipping\n|player|p1|\n","uploadtime":1722274140,"views":37,"formatid":"gen9vgc2024regg","rating":1740,"private":0,"password":null}