{"id":"gen9vgc2024regg-2169093536","format":"[Gen 9] VGC 2024 Reg G","players":["Gholdengoatt","solarflare11821"],"log":"|j|\u2606Gholdengoatt\n|j|\u2606solarflare11821\n|t:|1722196774\n|gametype|doubles\n|player|p1|Gholdengoatt|pokemaniac|1789\n|player|p2|solarflare11821|benga|1687\n|teamsize|p1|6\n|teamsize|p2|6\n|gen|9\n|tier|[Gen 9] VGC 2024 Reg G\n|rated|\n|rule|Species Clause: Limit one of each Pok\u00e9mon\n|rule|Item Clause: Limit one of each item\n|clearpoke\n|poke|p1|Chien-Pao, L50|\n|poke|p1|Zamazenta-*, L50|\n|poke|p1|Iron Jugulis, L50|\n|poke|p1|Entei, L50|\n|poke|p1|Raging Bolt, L50|\n|poke|p1|Amoonguss, L50, F|\n|poke|p2|Calyrex-Ice, L50|\n|poke|p2|Rillaboom, L50, F|\n|poke|p2|Incineroar, L50, M|\n|poke|p2|Raging Bolt, L50|\n|poke|p2|Pelipper, L50, M|\n|poke|p2|Urshifu-*, L50, M|\n|teampreview|4\n|inactive|Battle timer is ON: inactive players will automatically lose when time's up. (requested by Gholdengoatt)\n|\n|t:|1722196822\n|start\n|switch|p1a: Zamazenta|Zamazenta-Crowned, L50|100\/100\n|switch|p1b: Raging Bolt|Raging Bolt, L50|100\/100\n|switch|p2a: Incineroar|Incineroar, L50, M|100\/100\n|switch|p2b: Rillaboom|Rillaboom, L50, F|100\/100\n|-ability|p1a: Zamazenta|Dauntless Shield|boost\n|-boost|p1a: Zamazenta|def|1\n|-fieldstart|move: Grassy Terrain|[from] ability: Grassy Surge|[of] p2b: Rillaboom\n|-ability|p2a: Incineroar|Intimidate|boost\n|-unboost|p1a: Zamazenta|atk|1\n|-unboost|p1b: Raging Bolt|atk|1\n|turn|1\n|inactive|solarflare11821 has 30 seconds left.\n|\n|t:|1722196850\n|move|p2b: Rillaboom|Fake Out|p1b: Raging Bolt\n|-damage|p1b: Raging Bolt|88\/100\n|move|p2a: Incineroar|Fake Out|p1a: Zamazenta\n|-resisted|p1a: Zamazenta\n|-damage|p1a: Zamazenta|98\/100\n|cant|p1a: Zamazenta|flinch\n|cant|p1b: Raging Bolt|flinch\n|\n|-heal|p1a: Zamazenta|100\/100|[from] Grassy Terrain\n|-heal|p1b: Raging Bolt|94\/100|[from] Grassy Terrain\n|upkeep\n|turn|2\n|inactive|solarflare11821 has 30 seconds left.\n|inactive|solarflare11821 has 20 seconds left.\n|inactive|solarflare11821 has 15 seconds left.\n|\n|t:|1722196890\n|-terastallize|p2a: Incineroar|Ghost\n|move|p1a: Zamazenta|Body Press|p2b: Rillaboom\n|-damage|p2b: Rillaboom|40\/100\n|move|p2b: Rillaboom|U-turn|p1b: Raging Bolt\n|-damage|p1b: Raging Bolt|74\/100\n|\n|t:|1722196903\n|switch|p2b: Urshifu|Urshifu-Rapid-Strike, L50, M|100\/100|[from] U-turn\n|move|p1b: Raging Bolt|Thunderbolt|p2a: Incineroar\n|-damage|p2a: Incineroar|57\/100\n|move|p2a: Incineroar|Will-O-Wisp|p1a: Zamazenta|[miss]\n|-miss|p2a: Incineroar|p1a: Zamazenta\n|\n|-heal|p1b: Raging Bolt|80\/100|[from] Grassy Terrain\n|-heal|p2a: Incineroar|63\/100|[from] Grassy Terrain\n|upkeep\n|turn|3\n|inactive|solarflare11821 has 30 seconds left.\n|\n|t:|1722196931\n|switch|p2b: Rillaboom|Rillaboom, L50, F|40\/100\n|move|p1a: Zamazenta|Heavy Slam|p2a: Incineroar\n|-damage|p2a: Incineroar|37\/100\n|move|p1b: Raging Bolt|Thunderbolt|p2a: Incineroar\n|-damage|p2a: Incineroar|0 fnt\n|faint|p2a: Incineroar\n|\n|-heal|p2b: Rillaboom|46\/100|[from] Grassy Terrain\n|-heal|p1b: Raging Bolt|86\/100|[from] Grassy Terrain\n|upkeep\n|\n|t:|1722196944\n|switch|p2a: Calyrex|Calyrex-Ice, L50|100\/100\n|-ability|p2a: Calyrex|As One\n|-ability|p2a: Calyrex|Unnerve\n|turn|4\n|\n|t:|1722196968\n|-terastallize|p1b: Raging Bolt|Electric\n|move|p2b: Rillaboom|Fake Out|p1b: Raging Bolt\n|-damage|p1b: Raging Bolt|73\/100\n|move|p1a: Zamazenta|Body Press|p2b: Rillaboom\n|-damage|p2b: Rillaboom|0 fnt\n|faint|p2b: Rillaboom\n|cant|p1b: Raging Bolt|flinch\n|move|p2a: Calyrex|Glacial Lance|p1a: Zamazenta|[spread] p1a,p1b\n|-resisted|p1a: Zamazenta\n|-damage|p1a: Zamazenta|90\/100\n|-damage|p1b: Raging Bolt|26\/100\n|\n|-heal|p1a: Zamazenta|96\/100|[from] Grassy Terrain\n|-heal|p1b: Raging Bolt|32\/100|[from] Grassy Terrain\n|upkeep\n|\n|t:|1722196980\n|switch|p2b: Urshifu|Urshifu-Rapid-Strike, L50, M|100\/100\n|turn|5\n|\n|t:|1722197005\n|move|p2b: Urshifu|Coaching|p2a: Calyrex\n|-boost|p2a: Calyrex|atk|1\n|-boost|p2a: Calyrex|def|1\n|move|p1a: Zamazenta|Body Press|p2a: Calyrex\n|-damage|p2a: Calyrex|72\/100\n|move|p1b: Raging Bolt|Thunderbolt|p2a: Calyrex\n|-damage|p2a: Calyrex|33\/100\n|move|p2a: Calyrex|Trick Room|p2a: Calyrex\n|-fieldstart|move: Trick Room|[of] p2a: Calyrex\n|\n|-heal|p2a: Calyrex|39\/100|[from] Grassy Terrain\n|-heal|p1b: Raging Bolt|39\/100|[from] Grassy Terrain\n|-heal|p1a: Zamazenta|100\/100|[from] Grassy Terrain\n|-fieldend|move: Grassy Terrain\n|upkeep\n|turn|6\n|\n|t:|1722197020\n|move|p2a: Calyrex|Protect|p2a: Calyrex\n|-singleturn|p2a: Calyrex|Protect\n|move|p1b: Raging Bolt|Thunderclap||[still]\n|-fail|p1b: Raging Bolt\n|move|p1a: Zamazenta|Body Press|p2a: Calyrex\n|-activate|p2a: Calyrex|move: Protect\n|move|p2b: Urshifu|Coaching|p2a: Calyrex\n|-boost|p2a: Calyrex|atk|1\n|-boost|p2a: Calyrex|def|1\n|\n|upkeep\n|turn|7\n|\n|t:|1722197028\n|move|p1b: Raging Bolt|Thunderclap|p2a: Calyrex\n|-damage|p2a: Calyrex|9\/100\n|move|p2a: Calyrex|Glacial Lance|p1b: Raging Bolt|[spread] p1a,p1b\n|-resisted|p1a: Zamazenta\n|-damage|p1a: Zamazenta|80\/100\n|-damage|p1b: Raging Bolt|0 fnt\n|faint|p1b: Raging Bolt\n|-end|p1b: Raging Bolt|Protosynthesis|[silent]\n|-ability|p2a: Calyrex|Chilling Neigh|boost\n|-boost|p2a: Calyrex|atk|1\n|move|p1a: Zamazenta|Body Press|p2a: Calyrex\n|-crit|p2a: Calyrex\n|-damage|p2a: Calyrex|0 fnt\n|faint|p2a: Calyrex\n|move|p2b: Urshifu|Coaching|p2: Calyrex|[notarget]\n|-fail|p2b: Urshifu\n|\n|upkeep\n|\n|t:|1722197033\n|switch|p1b: Amoonguss|Amoonguss, L50, F|100\/100\n|turn|8\n|\n|t:|1722197037\n|move|p1b: Amoonguss|Spore|p2b: Urshifu\n|-status|p2b: Urshifu|slp|[from] move: Spore\n|move|p1a: Zamazenta|Body Press|p2b: Urshifu\n|-damage|p2b: Urshifu|34\/100 slp\n|cant|p2b: Urshifu|slp\n|\n|upkeep\n|turn|9\n|\n|t:|1722197043\n|move|p1b: Amoonguss|Sludge Bomb|p2b: Urshifu\n|-damage|p2b: Urshifu|0 fnt\n|faint|p2b: Urshifu\n|\n|win|Gholdengoatt\n|raw|Gholdengoatt's rating: 1789 &rarr; <strong>1803<\/strong><br \/>(+14 for winning)\n|raw|solarflare11821's rating: 1687 &rarr; <strong>1673<\/strong><br \/>(-14 for losing)\n|l|\u2606solarflare11821\n|player|p2|\n|l|\u2606Gholdengoatt\n|player|p1|\n","uploadtime":1722197208,"views":23,"formatid":"gen9vgc2024regg","rating":1673,"private":0,"password":null}