{"id":"gen9vgc2024regg-2169505437","format":"[Gen 9] VGC 2024 Reg G","players":["chuanOVO","roseyradio"],"log":"|j|\u2606chuanOVO\n|j|\u2606roseyradio\n|t:|1722261459\n|gametype|doubles\n|player|p1|chuanOVO|n|1835\n|player|p2|roseyradio|skier|1781\n|teamsize|p1|6\n|teamsize|p2|6\n|gen|9\n|tier|[Gen 9] VGC 2024 Reg G\n|rated|\n|rule|Species Clause: Limit one of each Pok\u00e9mon\n|rule|Item Clause: Limit one of each item\n|clearpoke\n|poke|p1|Calyrex-Shadow, L50|\n|poke|p1|Mienshao, L50, M|\n|poke|p1|Weezing-Galar, L50, M|\n|poke|p1|Maushold, L50|\n|poke|p1|Dondozo, L50, M|\n|poke|p1|Tatsugiri, L50, M|\n|poke|p2|Calyrex-Ice, L50|\n|poke|p2|Smeargle, L50, F|\n|poke|p2|Ursaluna-Bloodmoon, L50, M|\n|poke|p2|Indeedee-F, L50, F|\n|poke|p2|Amoonguss, L50, M|\n|poke|p2|Raging Bolt, L50|\n|teampreview|4\n|j| goldonauta\n|\n|t:|1722261495\n|start\n|switch|p1a: Mienshao|Mienshao, L50, M, shiny|100\/100\n|switch|p1b: Calyrex|Calyrex-Shadow, L50|100\/100\n|switch|p2a: Calyrex|Calyrex-Ice, L50|100\/100\n|switch|p2b: Smeargle|Smeargle, L50, F, shiny|100\/100\n|-ability|p1b: Calyrex|As One\n|-ability|p1b: Calyrex|Unnerve\n|-ability|p2a: Calyrex|As One\n|-ability|p2a: Calyrex|Unnerve\n|turn|1\n|inactive|Battle timer is ON: inactive players will automatically lose when time's up. (requested by chuanOVO)\n|j| asacado\n|inactive|chuanOVO has 60 seconds left.\n|inactive|roseyradio has 60 seconds left.\n|\n|t:|1722261536\n|-terastallize|p2a: Calyrex|Fire\n|move|p1a: Mienshao|Fake Out|p2b: Smeargle\n|-damage|p2b: Smeargle|78\/100\n|move|p1b: Calyrex|Psychic|p2b: Smeargle\n|-crit|p2b: Smeargle\n|-damage|p2b: Smeargle|0 fnt\n|faint|p2b: Smeargle\n|-ability|p1b: Calyrex|Grim Neigh|boost\n|-boost|p1b: Calyrex|spa|1\n|move|p2a: Calyrex|Trick Room|p2a: Calyrex\n|-fieldstart|move: Trick Room|[of] p2a: Calyrex\n|\n|upkeep\n|\n|t:|1722261554\n|switch|p2b: Amoonguss|Amoonguss, L50, M|100\/100\n|turn|2\n|\n|t:|1722261571\n|move|p1a: Mienshao|Wide Guard|p1a: Mienshao\n|-singleturn|p1a: Mienshao|Wide Guard\n|move|p2b: Amoonguss|Spore|p1b: Calyrex\n|-status|p1b: Calyrex|slp|[from] move: Spore\n|move|p2a: Calyrex|Glacial Lance|p1b: Calyrex|[spread] \n|-activate|p1a: Mienshao|move: Wide Guard\n|-activate|p1b: Calyrex|move: Wide Guard\n|cant|p1b: Calyrex|slp\n|\n|upkeep\n|turn|3\n|inactive|chuanOVO has 30 seconds left.\n|\n|t:|1722261598\n|move|p1a: Mienshao|Wide Guard|p1a: Mienshao\n|-singleturn|p1a: Mienshao|Wide Guard\n|move|p2b: Amoonguss|Spore|p1a: Mienshao\n|-status|p1a: Mienshao|slp|[from] move: Spore\n|move|p2a: Calyrex|Glacial Lance|p1b: Calyrex|[spread] \n|-activate|p1a: Mienshao|move: Wide Guard\n|-activate|p1b: Calyrex|move: Wide Guard\n|cant|p1b: Calyrex|slp\n|\n|upkeep\n|turn|4\n|\n|t:|1722261616\n|cant|p1a: Mienshao|slp\n|move|p2b: Amoonguss|Pollen Puff|p1b: Calyrex\n|-damage|p1b: Calyrex|80\/100 slp\n|move|p2a: Calyrex|Glacial Lance|p1a: Mienshao|[spread] p1a,p1b\n|-enditem|p1a: Mienshao|Focus Sash\n|-damage|p1a: Mienshao|1\/100 slp\n|-damage|p1b: Calyrex|3\/100 slp\n|cant|p1b: Calyrex|slp\n|\n|upkeep\n|turn|5\n|inactive|roseyradio has 30 seconds left.\n|\n|t:|1722261643\n|switch|p1a: Dondozo|Dondozo, L50, M, shiny|100\/100\n|switch|p1b: Tatsugiri|Tatsugiri, L50, M, shiny|100\/100\n|-activate|p1b: Tatsugiri|ability: Commander|[of] p1a: Dondozo\n|-boost|p1a: Dondozo|atk|2\n|-boost|p1a: Dondozo|spa|2\n|-boost|p1a: Dondozo|spe|2\n|-boost|p1a: Dondozo|def|2\n|-boost|p1a: Dondozo|spd|2\n|move|p2b: Amoonguss|Pollen Puff|p1b: Tatsugiri|[miss]\n|-miss|p2b: Amoonguss|p1b: Tatsugiri\n|move|p2a: Calyrex|Glacial Lance|p1a: Dondozo|[spread] p1a\n|-miss|p2a: Calyrex|p1b: Tatsugiri\n|-resisted|p1a: Dondozo\n|-damage|p1a: Dondozo|90\/100\n|\n|-heal|p1a: Dondozo|96\/100|[from] item: Leftovers\n|-fieldend|move: Trick Room\n|upkeep\n|turn|6\n|inactive|chuanOVO has 30 seconds left.\n|\n|t:|1722261670\n|move|p1a: Dondozo|Protect|p1a: Dondozo\n|-singleturn|p1a: Dondozo|Protect\n|move|p2a: Calyrex|Protect|p2a: Calyrex\n|-singleturn|p2a: Calyrex|Protect\n|move|p2b: Amoonguss|Clear Smog|p1a: Dondozo\n|-activate|p1a: Dondozo|move: Protect\n|\n|-heal|p1a: Dondozo|100\/100|[from] item: Leftovers\n|upkeep\n|turn|7\n|\n|t:|1722261689\n|switch|p2a: Ursaluna|Ursaluna-Bloodmoon, L50, M|100\/100\n|move|p1a: Dondozo|Wave Crash|p2a: Ursaluna\n|-supereffective|p2a: Ursaluna\n|-damage|p2a: Ursaluna|0 fnt\n|faint|p2a: Ursaluna\n|-damage|p1a: Dondozo|69\/100|[from] Recoil\n|move|p2b: Amoonguss|Clear Smog|p1a: Dondozo\n|-crit|p1a: Dondozo\n|-damage|p1a: Dondozo|45\/100\n|-clearboost|p1a: Dondozo\n|\n|-heal|p1a: Dondozo|51\/100|[from] item: Leftovers\n|upkeep\n|\n|t:|1722261693\n|switch|p2a: Calyrex|Calyrex-Ice, L50, tera:Fire|100\/100\n|-ability|p2a: Calyrex|As One\n|-ability|p2a: Calyrex|Unnerve\n|turn|8\n|\n|t:|1722261717\n|move|p1a: Dondozo|Wave Crash|p2a: Calyrex\n|-supereffective|p2a: Calyrex\n|-crit|p2a: Calyrex\n|-damage|p2a: Calyrex|0 fnt\n|faint|p2a: Calyrex\n|-damage|p1a: Dondozo|21\/100|[from] Recoil\n|move|p2b: Amoonguss|Pollen Puff|p2: Calyrex|[notarget]\n|-fail|p2b: Amoonguss\n|\n|-heal|p1a: Dondozo|27\/100|[from] item: Leftovers\n|upkeep\n|turn|9\n|c|\u2606roseyradio|Unfral\n|c|\u2606roseyradio|Dude that ridiculous\n|-message|roseyradio forfeited.\n|\n|win|chuanOVO\n|raw|chuanOVO's rating: 1835 &rarr; <strong>1852<\/strong><br \/>(+17 for winning)\n|raw|roseyradio's rating: 1781 &rarr; <strong>1764<\/strong><br \/>(-17 for losing)\n|l|\u2606roseyradio\n|player|p2|\n|l|\u2606chuanOVO\n|player|p1|\n","uploadtime":1722261825,"views":24,"formatid":"gen9vgc2024regg","rating":1764,"private":0,"password":null}