{"id":"gen9vgc2024regg-2169007349","format":"[Gen 9] VGC 2024 Reg G","players":["Billy_HMD","Krisuerte"],"log":"|j|\u2606Billy_HMD\n|j|\u2606Krisuerte\n|t:|1722186132\n|gametype|doubles\n|player|p1|Billy_HMD|dawn|1816\n|player|p2|Krisuerte|169|1802\n|teamsize|p1|6\n|teamsize|p2|6\n|gen|9\n|tier|[Gen 9] VGC 2024 Reg G\n|rated|\n|rule|Species Clause: Limit one of each Pok\u00e9mon\n|rule|Item Clause: Limit one of each item\n|clearpoke\n|poke|p1|Zamazenta-*, L50|\n|poke|p1|Volcarona, L50, F|\n|poke|p1|Grimmsnarl, L50, M|\n|poke|p1|Landorus-Therian, L50, M|\n|poke|p1|Rillaboom, L50, M|\n|poke|p1|Raging Bolt, L50|\n|poke|p2|Groudon, L50|\n|poke|p2|Gouging Fire, L50|\n|poke|p2|Raging Bolt, L50|\n|poke|p2|Flutter Mane, L50|\n|poke|p2|Walking Wake, L50|\n|poke|p2|Urshifu-*, L50, M|\n|teampreview|4\n|inactive|Battle timer is ON: inactive players will automatically lose when time's up. (requested by Billy_HMD)\n|inactive|Billy_HMD has 60 seconds left.\n|\n|t:|1722186172\n|start\n|switch|p1a: Volcarona|Volcarona, L50, F|100\/100\n|switch|p1b: Rillaboom|Rillaboom, L50, M|100\/100\n|switch|p2a: Groudon|Groudon, L50|100\/100\n|switch|p2b: Flutter Mane|Flutter Mane, L50|100\/100\n|-fieldstart|move: Grassy Terrain|[from] ability: Grassy Surge|[of] p1b: Rillaboom\n|-weather|SunnyDay|[from] ability: Drought|[of] p2a: Groudon\n|-activate|p2b: Flutter Mane|ability: Protosynthesis\n|-start|p2b: Flutter Mane|protosynthesisspe\n|turn|1\n|inactive|Krisuerte has 30 seconds left.\n|\n|t:|1722186204\n|-end|p2b: Flutter Mane|Protosynthesis|[silent]\n|switch|p2b: Gouging Fire|Gouging Fire, L50|100\/100\n|-activate|p2b: Gouging Fire|ability: Protosynthesis\n|-start|p2b: Gouging Fire|protosynthesisspe\n|-terastallize|p2a: Groudon|Fire\n|move|p1b: Rillaboom|Fake Out|p2a: Groudon\n|-damage|p2a: Groudon|91\/100\n|move|p1a: Volcarona|Heat Wave|p2a: Groudon|[spread] p2a,p2b\n|-resisted|p2a: Groudon\n|-crit|p2a: Groudon\n|-resisted|p2b: Gouging Fire\n|-damage|p2a: Groudon|67\/100\n|-damage|p2b: Gouging Fire|89\/100\n|cant|p2a: Groudon|flinch\n|\n|-weather|SunnyDay|[upkeep]\n|-heal|p2b: Gouging Fire|95\/100|[from] Grassy Terrain\n|-heal|p2a: Groudon|73\/100|[from] Grassy Terrain\n|upkeep\n|turn|2\n|inactive|Billy_HMD has 30 seconds left.\n|inactive|Krisuerte has 30 seconds left.\n|inactive|Billy_HMD has 20 seconds left.\n|inactive|Billy_HMD has 15 seconds left.\n|inactive|Billy_HMD has 10 seconds left.\n|\n|t:|1722186250\n|switch|p1a: Zamazenta|Zamazenta-Crowned, L50|100\/100\n|-ability|p1a: Zamazenta|Dauntless Shield|boost\n|-boost|p1a: Zamazenta|def|1\n|switch|p1b: Raging Bolt|Raging Bolt, L50|100\/100\n|-activate|p1b: Raging Bolt|ability: Protosynthesis\n|-start|p1b: Raging Bolt|protosynthesisspa\n|move|p2b: Gouging Fire|Flare Blitz|p1b: Raging Bolt\n|-resisted|p1b: Raging Bolt\n|-damage|p1b: Raging Bolt|69\/100\n|-damage|p2b: Gouging Fire|84\/100|[from] Recoil\n|move|p2a: Groudon|Precipice Blades|p1b: Raging Bolt|[spread] p1a,p1b\n|-supereffective|p1a: Zamazenta\n|-supereffective|p1b: Raging Bolt\n|-damage|p1a: Zamazenta|57\/100\n|-damage|p1b: Raging Bolt|0 fnt\n|faint|p1b: Raging Bolt\n|-end|p1b: Raging Bolt|Protosynthesis|[silent]\n|\n|-weather|SunnyDay|[upkeep]\n|-heal|p2b: Gouging Fire|89\/100|[from] Grassy Terrain\n|-heal|p1a: Zamazenta|63\/100|[from] Grassy Terrain\n|-heal|p2a: Groudon|79\/100|[from] Grassy Terrain\n|upkeep\n|\n|t:|1722186274\n|switch|p1b: Volcarona|Volcarona, L50, F|100\/100\n|turn|3\n|\n|t:|1722186292\n|-terastallize|p1a: Zamazenta|Dragon\n|move|p2b: Gouging Fire|Flare Blitz|p1a: Zamazenta\n|-resisted|p1a: Zamazenta\n|-damage|p1a: Zamazenta|49\/100\n|-damage|p2b: Gouging Fire|85\/100|[from] Recoil\n|move|p1a: Zamazenta|Iron Defense|p1a: Zamazenta\n|-boost|p1a: Zamazenta|def|2\n|move|p1b: Volcarona|Quiver Dance|p1b: Volcarona\n|-boost|p1b: Volcarona|spa|1\n|-boost|p1b: Volcarona|spd|1\n|-boost|p1b: Volcarona|spe|1\n|move|p2a: Groudon|Precipice Blades|p1b: Volcarona|[spread] p1b\n|-miss|p2a: Groudon|p1a: Zamazenta\n|-damage|p1b: Volcarona|41\/100\n|\n|-weather|SunnyDay|[upkeep]\n|-heal|p2b: Gouging Fire|90\/100|[from] Grassy Terrain\n|-heal|p1b: Volcarona|47\/100|[from] Grassy Terrain\n|-heal|p1b: Volcarona|53\/100|[from] item: Leftovers\n|-heal|p1a: Zamazenta|55\/100|[from] Grassy Terrain\n|-heal|p2a: Groudon|85\/100|[from] Grassy Terrain\n|upkeep\n|turn|4\n|l|\u2606Krisuerte\n|inactive|Krisuerte disconnected and has a minute to reconnect!\n|player|p2|\n|j|\u2606Krisuerte\n|inactive|Krisuerte reconnected and has 35 seconds left.\n|player|p2|Krisuerte|169|\n|inactive|Billy_HMD has 30 seconds left.\n|inactive|Krisuerte has 30 seconds left.\n|inactive|Krisuerte has 20 seconds left.\n|\n|t:|1722186329\n|move|p1b: Volcarona|Protect|p1b: Volcarona\n|-singleturn|p1b: Volcarona|Protect\n|move|p2b: Gouging Fire|Breaking Swipe|p1b: Volcarona|[spread] p1a\n|-activate|p1b: Volcarona|move: Protect\n|-supereffective|p1a: Zamazenta\n|-damage|p1a: Zamazenta|46\/100\n|-unboost|p1a: Zamazenta|atk|1\n|move|p1a: Zamazenta|Body Press|p2b: Gouging Fire\n|-damage|p2b: Gouging Fire|13\/100\n|move|p2a: Groudon|Heat Crash|p1b: Volcarona\n|-activate|p1b: Volcarona|move: Protect\n|\n|-weather|SunnyDay|[upkeep]\n|-heal|p2b: Gouging Fire|19\/100|[from] Grassy Terrain\n|-heal|p1b: Volcarona|59\/100|[from] Grassy Terrain\n|-heal|p1b: Volcarona|66\/100|[from] item: Leftovers\n|-heal|p1a: Zamazenta|52\/100|[from] Grassy Terrain\n|-heal|p2a: Groudon|90\/100|[from] Grassy Terrain\n|upkeep\n|turn|5\n|\n|t:|1722186353\n|move|p2b: Gouging Fire|Flare Blitz|p1b: Volcarona\n|-damage|p1b: Volcarona|0 fnt\n|faint|p1b: Volcarona\n|-damage|p2b: Gouging Fire|0 fnt|[from] Recoil\n|faint|p2b: Gouging Fire\n|-end|p2b: Gouging Fire|Protosynthesis|[silent]\n|move|p1a: Zamazenta|Body Press|p2a: Groudon\n|-damage|p2a: Groudon|20\/100\n|move|p2a: Groudon|Precipice Blades|p1a: Zamazenta\n|-damage|p1a: Zamazenta|35\/100\n|\n|-weather|none\n|-heal|p1a: Zamazenta|41\/100|[from] Grassy Terrain\n|-heal|p2a: Groudon|26\/100|[from] Grassy Terrain\n|-fieldend|move: Grassy Terrain\n|upkeep\n|\n|t:|1722186370\n|switch|p2b: Flutter Mane|Flutter Mane, L50|100\/100\n|switch|p1b: Rillaboom|Rillaboom, L50, M|100\/100\n|-fieldstart|move: Grassy Terrain|[from] ability: Grassy Surge|[of] p1b: Rillaboom\n|turn|6\n|\n|t:|1722186383\n|move|p1b: Rillaboom|Grassy Glide|p2b: Flutter Mane\n|-enditem|p2b: Flutter Mane|Focus Sash\n|-damage|p2b: Flutter Mane|1\/100\n|move|p2b: Flutter Mane|Moonblast|p1a: Zamazenta\n|-supereffective|p1a: Zamazenta\n|-damage|p1a: Zamazenta|0 fnt\n|faint|p1a: Zamazenta\n|move|p2a: Groudon|Heat Crash|p1b: Rillaboom\n|-supereffective|p1b: Rillaboom\n|-damage|p1b: Rillaboom|0 fnt\n|faint|p1b: Rillaboom\n|\n|win|Krisuerte\n|raw|Billy_HMD's rating: 1816 &rarr; <strong>1795<\/strong><br \/>(-21 for losing)\n|raw|Krisuerte's rating: 1802 &rarr; <strong>1823<\/strong><br \/>(+21 for winning)\n|l|\u2606Billy_HMD\n|player|p1|\n|l|\u2606Krisuerte\n|player|p2|\n","uploadtime":1722186554,"views":88,"formatid":"gen9vgc2024regg","rating":1795,"private":0,"password":null}