{"id":"gen9vgc2024regg-2169264726","format":"[Gen 9] VGC 2024 Reg G","players":["ShdwempV2","chuanOVO"],"log":"|j|\u2606ShdwempV2\n|j|\u2606chuanOVO\n|t:|1722219171\n|gametype|doubles\n|player|p1|ShdwempV2|ghetsis|1725\n|player|p2|chuanOVO|n|1883\n|teamsize|p1|6\n|teamsize|p2|6\n|gen|9\n|tier|[Gen 9] VGC 2024 Reg G\n|rated|\n|rule|Species Clause: Limit one of each Pok\u00e9mon\n|rule|Item Clause: Limit one of each item\n|clearpoke\n|poke|p1|Incineroar, L50, M|\n|poke|p1|Rillaboom, L50, F|\n|poke|p1|Kyogre, L50|\n|poke|p1|Tornadus, L50, M|\n|poke|p1|Landorus, L50, M|\n|poke|p1|Urshifu-*, L50, F|\n|poke|p2|Calyrex-Ice, L50|\n|poke|p2|Smeargle, L50, M|\n|poke|p2|Ursaluna-Bloodmoon, L50, M|\n|poke|p2|Urshifu-*, L50, M|\n|poke|p2|Ogerpon-Wellspring, L50, F|\n|poke|p2|Annihilape, L50, M|\n|teampreview|4\n|j| bluestraggler02\n|inactive|Battle timer is ON: inactive players will automatically lose when time's up. (requested by ShdwempV2)\n|\n|t:|1722219206\n|start\n|switch|p1a: Rillaboom|Rillaboom, L50, F, shiny|100\/100\n|switch|p1b: Urshifu|Urshifu, L50, F|100\/100\n|switch|p2a: Annihilape|Annihilape, L50, M, shiny|100\/100\n|switch|p2b: Calyrex|Calyrex-Ice, L50|100\/100\n|-ability|p2b: Calyrex|As One\n|-ability|p2b: Calyrex|Unnerve\n|-fieldstart|move: Grassy Terrain|[from] ability: Grassy Surge|[of] p1a: Rillaboom\n|turn|1\n|j| zzz1994000\n|l| bluestraggler02\n|inactive|chuanOVO has 30 seconds left.\n|inactive|chuanOVO has 20 seconds left.\n|inactive|chuanOVO has 15 seconds left.\n|inactive|chuanOVO has 10 seconds left.\n|j| bluestraggler02\n|inactive|chuanOVO has 5 seconds left.\n|\n|t:|1722219259\n|-terastallize|p1b: Urshifu|Dark\n|-terastallize|p2b: Calyrex|Water\n|move|p2a: Annihilape|Final Gambit|p1a: Rillaboom\n|-damage|p1a: Rillaboom|0 fnt\n|faint|p2a: Annihilape\n|faint|p1a: Rillaboom\n|move|p1b: Urshifu|Wicked Blow|p2b: Calyrex\n|-crit|p2b: Calyrex\n|-damage|p2b: Calyrex|50\/100\n|-enditem|p2b: Calyrex|Sitrus Berry|[eat]\n|-heal|p2b: Calyrex|75\/100|[from] item: Sitrus Berry\n|move|p2b: Calyrex|Trick Room|p2b: Calyrex\n|-fieldstart|move: Trick Room|[of] p2b: Calyrex\n|\n|-heal|p2b: Calyrex|80\/100|[from] Grassy Terrain\n|upkeep\n|\n|t:|1722219277\n|switch|p1a: Incineroar|Incineroar, L50, M, shiny|100\/100\n|switch|p2a: Smeargle|Smeargle, L50, M, shiny|100\/100\n|-ability|p1a: Incineroar|Intimidate|boost\n|-unboost|p2a: Smeargle|atk|1\n|-unboost|p2b: Calyrex|atk|1\n|turn|2\n|inactive|ShdwempV2 has 30 seconds left.\n|inactive|chuanOVO has 30 seconds left.\n|inactive|ShdwempV2 has 20 seconds left.\n|\n|t:|1722219317\n|move|p1a: Incineroar|Fake Out|p2a: Smeargle\n|-damage|p2a: Smeargle|84\/100\n|cant|p2a: Smeargle|flinch\n|move|p2b: Calyrex|High Horsepower|p1a: Incineroar\n|-supereffective|p1a: Incineroar\n|-damage|p1a: Incineroar|56\/100\n|move|p1b: Urshifu|Wicked Blow|p2b: Calyrex\n|-crit|p2b: Calyrex\n|-damage|p2b: Calyrex|25\/100\n|\n|-heal|p2a: Smeargle|90\/100|[from] Grassy Terrain\n|-heal|p2b: Calyrex|30\/100|[from] Grassy Terrain\n|-heal|p1a: Incineroar|62\/100|[from] Grassy Terrain\n|upkeep\n|turn|3\n|inactive|chuanOVO has 30 seconds left.\n|\n|t:|1722219349\n|move|p1b: Urshifu|Detect|p1b: Urshifu\n|-singleturn|p1b: Urshifu|Protect\n|move|p2a: Smeargle|Spore|p1b: Urshifu\n|-activate|p1b: Urshifu|move: Protect\n|move|p2b: Calyrex|Glacial Lance|p1a: Incineroar|[spread] p1a\n|-activate|p1b: Urshifu|move: Protect\n|-resisted|p1a: Incineroar\n|-damage|p1a: Incineroar|47\/100\n|move|p1a: Incineroar|Will-O-Wisp|p2b: Calyrex\n|-status|p2b: Calyrex|brn\n|\n|-heal|p2a: Smeargle|97\/100|[from] Grassy Terrain\n|-heal|p2b: Calyrex|36\/100 brn|[from] Grassy Terrain\n|-heal|p1a: Incineroar|53\/100|[from] Grassy Terrain\n|-damage|p2b: Calyrex|30\/100 brn|[from] brn\n|upkeep\n|turn|4\n|\n|t:|1722219371\n|switch|p2b: Urshifu|Urshifu, L50, M|100\/100\n|switch|p1b: Kyogre|Kyogre, L50, shiny|100\/100\n|-weather|RainDance|[from] ability: Drizzle|[of] p1b: Kyogre\n|move|p2a: Smeargle|Spore|p1b: Kyogre\n|-status|p1b: Kyogre|slp|[from] move: Spore\n|move|p1a: Incineroar|Knock Off|p2a: Smeargle\n|-damage|p2a: Smeargle|42\/100\n|-enditem|p2a: Smeargle|Focus Sash|[from] move: Knock Off|[of] p1a: Incineroar\n|\n|-weather|RainDance|[upkeep]\n|-heal|p2a: Smeargle|48\/100|[from] Grassy Terrain\n|-heal|p1a: Incineroar|59\/100|[from] Grassy Terrain\n|upkeep\n|turn|5\n|inactive|chuanOVO has 30 seconds left.\n|\n|t:|1722219400\n|move|p2a: Smeargle|Decorate|p2b: Urshifu\n|-boost|p2b: Urshifu|atk|2\n|-boost|p2b: Urshifu|spa|2\n|move|p1a: Incineroar|Knock Off|p2a: Smeargle\n|-damage|p2a: Smeargle|14\/100\n|move|p2b: Urshifu|Wicked Blow|p1a: Incineroar\n|-resisted|p1a: Incineroar\n|-crit|p1a: Incineroar\n|-damage|p1a: Incineroar|0 fnt\n|faint|p1a: Incineroar\n|cant|p1b: Kyogre|slp\n|\n|-weather|RainDance|[upkeep]\n|-heal|p2a: Smeargle|20\/100|[from] Grassy Terrain\n|-fieldend|move: Trick Room\n|-fieldend|move: Grassy Terrain\n|upkeep\n|\n|t:|1722219420\n|switch|p1a: Urshifu|Urshifu, L50, F, tera:Dark|100\/100\n|turn|6\n|\n|t:|1722219435\n|move|p2a: Smeargle|Follow Me|p2a: Smeargle\n|-singleturn|p2a: Smeargle|move: Follow Me\n|move|p1a: Urshifu|Wicked Blow|p2a: Smeargle\n|-crit|p2a: Smeargle\n|-damage|p2a: Smeargle|0 fnt\n|faint|p2a: Smeargle\n|cant|p1b: Kyogre|slp\n|move|p2b: Urshifu|Wicked Blow|p1b: Kyogre\n|-crit|p1b: Kyogre\n|-damage|p1b: Kyogre|0 fnt\n|faint|p1b: Kyogre\n|\n|-weather|RainDance|[upkeep]\n|upkeep\n|\n|t:|1722219448\n|switch|p2a: Calyrex|Calyrex-Ice, L50, tera:Water|30\/100 brn\n|-ability|p2a: Calyrex|As One\n|-ability|p2a: Calyrex|Unnerve\n|turn|7\n|\n|t:|1722219457\n|move|p1a: Urshifu|Close Combat|p2b: Urshifu\n|-supereffective|p2b: Urshifu\n|-damage|p2b: Urshifu|0 fnt\n|-unboost|p1a: Urshifu|def|1\n|-unboost|p1a: Urshifu|spd|1\n|faint|p2b: Urshifu\n|move|p2a: Calyrex|Trick Room|p2a: Calyrex\n|-fieldstart|move: Trick Room|[of] p2a: Calyrex\n|\n|-weather|RainDance|[upkeep]\n|-damage|p2a: Calyrex|25\/100 brn|[from] brn\n|upkeep\n|turn|8\n|-message|chuanOVO forfeited.\n|\n|win|ShdwempV2\n|raw|ShdwempV2's rating: 1725 &rarr; <strong>1754<\/strong><br \/>(+29 for winning)\n|raw|chuanOVO's rating: 1883 &rarr; <strong>1854<\/strong><br \/>(-29 for losing)\n|l|\u2606chuanOVO\n|player|p2|\n|j| Chysial\n|l| zzz1994000\n|l|\u2606ShdwempV2\n|player|p1|\n|l| Chysial\n|l| bluestraggler02\n","uploadtime":1722219633,"views":25,"formatid":"gen9vgc2024regg","rating":1754,"private":0,"password":null}