{"id":"gen9vgc2024regg-2169472672","format":"[Gen 9] VGC 2024 Reg G","players":["chuanOVO","tuanzai233t"],"log":"|j|\u2606chuanOVO\n|j|\u2606tuanzai233t\n|t:|1722256952\n|gametype|doubles\n|player|p1|chuanOVO|n|1827\n|player|p2|tuanzai233t|101|1761\n|teamsize|p1|6\n|teamsize|p2|6\n|gen|9\n|tier|[Gen 9] VGC 2024 Reg G\n|rated|\n|rule|Species Clause: Limit one of each Pok\u00e9mon\n|rule|Item Clause: Limit one of each item\n|clearpoke\n|poke|p1|Calyrex-Shadow, L50|\n|poke|p1|Mienshao, L50, M|\n|poke|p1|Weezing-Galar, L50, M|\n|poke|p1|Maushold, L50|\n|poke|p1|Dondozo, L50, M|\n|poke|p1|Tatsugiri, L50, M|\n|poke|p2|Indeedee-F, L50, F|\n|poke|p2|Torkoal, L50, M|\n|poke|p2|Calyrex-Ice, L50|\n|poke|p2|Annihilape, L50, F|\n|poke|p2|Urshifu-*, L50, M|\n|poke|p2|Brute Bonnet, L50|\n|teampreview|4\n|\n|t:|1722256986\n|start\n|switch|p1a: Calyrex|Calyrex-Shadow, L50|100\/100\n|switch|p1b: Mienshao|Mienshao, L50, M, shiny|100\/100\n|switch|p2a: Calyrex|Calyrex-Ice, L50|100\/100\n|switch|p2b: Urshifu|Urshifu, L50, M|100\/100\n|-ability|p1a: Calyrex|As One\n|-ability|p1a: Calyrex|Unnerve\n|-ability|p2a: Calyrex|As One\n|-ability|p2a: Calyrex|Unnerve\n|turn|1\n|j| carlinss\n|\n|t:|1722257011\n|-terastallize|p2a: Calyrex|Fire\n|move|p2b: Urshifu|Detect|p2b: Urshifu\n|-singleturn|p2b: Urshifu|Protect\n|move|p1b: Mienshao|Fake Out|p2b: Urshifu\n|-activate|p2b: Urshifu|move: Protect\n|move|p1a: Calyrex|Astral Barrage|p2a: Calyrex|[spread] p2a\n|-activate|p2b: Urshifu|move: Protect\n|-damage|p2a: Calyrex|41\/100\n|move|p2a: Calyrex|Trick Room|p2a: Calyrex\n|-fieldstart|move: Trick Room|[of] p2a: Calyrex\n|\n|upkeep\n|turn|2\n|\n|t:|1722257034\n|switch|p2a: Brute Bonnet|Brute Bonnet, L50, shiny|100\/100\n|move|p2b: Urshifu|Wicked Blow|p1a: Calyrex\n|-supereffective|p1a: Calyrex\n|-crit|p1a: Calyrex\n|-damage|p1a: Calyrex|0 fnt\n|faint|p1a: Calyrex\n|move|p1b: Mienshao|Close Combat|p2b: Urshifu\n|-supereffective|p2b: Urshifu\n|-enditem|p2b: Urshifu|Focus Sash\n|-damage|p2b: Urshifu|1\/100\n|-unboost|p1b: Mienshao|def|1\n|-unboost|p1b: Mienshao|spd|1\n|\n|upkeep\n|\n|t:|1722257047\n|switch|p1a: Dondozo|Dondozo, L50, M, shiny|100\/100\n|turn|3\n|\n|t:|1722257089\n|move|p1a: Dondozo|Protect|p1a: Dondozo\n|-singleturn|p1a: Dondozo|Protect\n|move|p2b: Urshifu|Detect|p2b: Urshifu\n|-singleturn|p2b: Urshifu|Protect\n|move|p1b: Mienshao|Feint|p2b: Urshifu\n|-activate|p2b: Urshifu|move: Feint\n|-damage|p2b: Urshifu|0 fnt\n|faint|p2b: Urshifu\n|move|p2a: Brute Bonnet|Spore|p1b: Mienshao\n|-status|p1b: Mienshao|slp|[from] move: Spore\n|\n|upkeep\n|\n|t:|1722257098\n|switch|p2b: Calyrex|Calyrex-Ice, L50, tera:Fire|41\/100\n|-ability|p2b: Calyrex|As One\n|-ability|p2b: Calyrex|Unnerve\n|turn|4\n|\n|t:|1722257112\n|switch|p1b: Tatsugiri|Tatsugiri, L50, M, shiny|100\/100\n|-activate|p1b: Tatsugiri|ability: Commander|[of] p1a: Dondozo\n|-boost|p1a: Dondozo|atk|2\n|-boost|p1a: Dondozo|spa|2\n|-boost|p1a: Dondozo|spe|2\n|-boost|p1a: Dondozo|def|2\n|-boost|p1a: Dondozo|spd|2\n|-terastallize|p1a: Dondozo|Grass\n|move|p2b: Calyrex|Protect|p2b: Calyrex\n|-singleturn|p2b: Calyrex|Protect\n|move|p2a: Brute Bonnet|Spore|p1a: Dondozo\n|-immune|p1a: Dondozo\n|move|p1a: Dondozo|Earthquake|p2a: Brute Bonnet|[spread] p2a\n|-miss|p1a: Dondozo|p1b: Tatsugiri\n|-activate|p2b: Calyrex|move: Protect\n|-resisted|p2a: Brute Bonnet\n|-damage|p2a: Brute Bonnet|87\/100\n|\n|upkeep\n|turn|5\n|\n|t:|1722257133\n|move|p1a: Dondozo|Protect|p1a: Dondozo\n|-singleturn|p1a: Dondozo|Protect\n|move|p2b: Calyrex|Glacial Lance|p1b: Tatsugiri|[spread] \n|-miss|p2b: Calyrex|p1b: Tatsugiri\n|-activate|p1a: Dondozo|move: Protect\n|move|p2a: Brute Bonnet|Pollen Puff|p2b: Calyrex\n|-heal|p2b: Calyrex|91\/100\n|\n|-fieldend|move: Trick Room\n|upkeep\n|turn|6\n|\n|t:|1722257147\n|move|p1a: Dondozo|Wave Crash|p2b: Calyrex\n|-supereffective|p2b: Calyrex\n|-damage|p2b: Calyrex|0 fnt\n|faint|p2b: Calyrex\n|-damage|p1a: Dondozo|74\/100|[from] Recoil\n|move|p2a: Brute Bonnet|Pollen Puff|p2: Calyrex|[notarget]\n|-fail|p2a: Brute Bonnet\n|\n|-heal|p1a: Dondozo|80\/100|[from] item: Leftovers\n|upkeep\n|\n|t:|1722257150\n|switch|p2b: Annihilape|Annihilape, L50, F|100\/100\n|turn|7\n|c|\u2606chuanOVO|\u6700\u540e\u8fd9\u4e48\u662f\u8fd9\u4e2a\u4e1c\u897f\n|c|\u2606tuanzai233t|\u4e0d\u77e5\u9053\n|\n|t:|1722257176\n|move|p1a: Dondozo|Protect|p1a: Dondozo\n|-singleturn|p1a: Dondozo|Protect\n|move|p2b: Annihilape|Final Gambit|p1a: Dondozo\n|-activate|p1a: Dondozo|move: Protect\n|move|p2a: Brute Bonnet|Spore|p1b: Tatsugiri|[miss]\n|-miss|p2a: Brute Bonnet|p1b: Tatsugiri\n|\n|-heal|p1a: Dondozo|86\/100|[from] item: Leftovers\n|upkeep\n|turn|8\n|c|\u2606chuanOVO|\u8fd9\u4e0d\u662f\u5bc4\u4e86\n|\n|t:|1722257203\n|move|p2b: Annihilape|Final Gambit|p1a: Dondozo\n|-damage|p1a: Dondozo|0 fnt\n|faint|p2b: Annihilape\n|faint|p1a: Dondozo\n|move|p2a: Brute Bonnet|Spore|p1b: Tatsugiri\n|-status|p1b: Tatsugiri|slp|[from] move: Spore\n|\n|upkeep\n|c|\u2606tuanzai233t|\u6211\u5bc4\u4e86\n|\n|t:|1722257213\n|switch|p1a: Mienshao|Mienshao, L50, M, shiny|100\/100 slp\n|turn|9\n|\n|t:|1722257221\n|cant|p1a: Mienshao|slp\n|move|p2a: Brute Bonnet|Pollen Puff|p1a: Mienshao\n|-resisted|p1a: Mienshao\n|-damage|p1a: Mienshao|86\/100 slp\n|cant|p1b: Tatsugiri|slp\n|\n|upkeep\n|turn|10\n|c|\u2606chuanOVO|\u54e6\u4f60\u6ca1\u6280\u80fd\u6253\u6211\u5e08\u7236\u67da\u554a\n|\n|t:|1722257246\n|cant|p1a: Mienshao|slp\n|-curestatus|p1b: Tatsugiri|slp|[msg]\n|move|p1b: Tatsugiri|Draco Meteor|p2a: Brute Bonnet|[miss]\n|-miss|p1b: Tatsugiri|p2a: Brute Bonnet\n|move|p2a: Brute Bonnet|Crunch|p1a: Mienshao\n|-resisted|p1a: Mienshao\n|-damage|p1a: Mienshao|54\/100 slp\n|\n|upkeep\n|turn|11\n|c|\u2606tuanzai233t|\u786e\u5b9e\n|-message|tuanzai233t forfeited.\n|\n|win|chuanOVO\n|raw|chuanOVO's rating: 1827 &rarr; <strong>1844<\/strong><br \/>(+17 for winning)\n|raw|tuanzai233t's rating: 1776 &rarr; <strong>1759<\/strong><br \/>(-17 for losing)\n|l|\u2606tuanzai233t\n|player|p2|\n|l|\u2606chuanOVO\n|player|p1|\n|l| carlinss\n","uploadtime":1722257510,"views":18,"formatid":"gen9vgc2024regg","rating":1759,"private":0,"password":null}