{"id":"gen9vgc2024regg-2169100740","format":"[Gen 9] VGC 2024 Reg G","players":["mikn770","Billy_HMD"],"log":"|j|\u2606mikn770\n|j|\u2606Billy_HMD\n|t:|1722197662\n|gametype|doubles\n|player|p1|mikn770|elesa|1690\n|player|p2|Billy_HMD|dawn|1764\n|teamsize|p1|6\n|teamsize|p2|6\n|gen|9\n|tier|[Gen 9] VGC 2024 Reg G\n|rated|\n|rule|Species Clause: Limit one of each Pok\u00e9mon\n|rule|Item Clause: Limit one of each item\n|clearpoke\n|poke|p1|Groudon, L50|\n|poke|p1|Zapdos-Galar, L50|\n|poke|p1|Gouging Fire, L50|\n|poke|p1|Flutter Mane, L50|\n|poke|p1|Chi-Yu, L50|\n|poke|p1|Rillaboom, L50, M|\n|poke|p2|Zamazenta-*, L50|\n|poke|p2|Volcarona, L50, M|\n|poke|p2|Grimmsnarl, L50, M|\n|poke|p2|Landorus-Therian, L50, M|\n|poke|p2|Rillaboom, L50, F|\n|poke|p2|Raging Bolt, L50|\n|teampreview|4\n|inactive|Battle timer is ON: inactive players will automatically lose when time's up. (requested by Billy_HMD)\n|inactive|Billy_HMD has 60 seconds left.\n|\n|t:|1722197706\n|start\n|switch|p1a: Groudon|Groudon, L50|100\/100\n|switch|p1b: Zapdos|Zapdos-Galar, L50|100\/100\n|switch|p2a: Landorus|Landorus-Therian, L50, M|100\/100\n|switch|p2b: Grimmsnarl|Grimmsnarl, L50, M|100\/100\n|-ability|p2a: Landorus|Intimidate|boost\n|-fail|p1a: Groudon|unboost|[from] item: Clear Amulet|[of] p1a: Groudon\n|-unboost|p1b: Zapdos|atk|1\n|-ability|p1b: Zapdos|Defiant|boost\n|-boost|p1b: Zapdos|atk|2\n|-weather|SunnyDay|[from] ability: Drought|[of] p1a: Groudon\n|turn|1\n|inactive|mikn770 has 30 seconds left.\n|\n|t:|1722197738\n|-terastallize|p2a: Landorus|Flying\n|move|p2b: Grimmsnarl|Reflect|p2b: Grimmsnarl\n|-sidestart|p2: Billy_HMD|Reflect\n|move|p2a: Landorus|Tera Blast|p1b: Zapdos|[anim] Tera Blast Flying\n|-supereffective|p1b: Zapdos\n|-damage|p1b: Zapdos|0 fnt\n|faint|p1b: Zapdos\n|move|p1a: Groudon|Heat Crash|p2a: Landorus\n|-damage|p2a: Landorus|47\/100\n|\n|-weather|SunnyDay|[upkeep]\n|upkeep\n|\n|t:|1722197744\n|switch|p1b: Chi-Yu|Chi-Yu, L50|100\/100\n|-ability|p1b: Chi-Yu|Beads of Ruin\n|turn|2\n|\n|t:|1722197757\n|move|p1b: Chi-Yu|Heat Wave|p2a: Landorus|[spread] p2a,p2b\n|-damage|p2a: Landorus|0 fnt\n|-damage|p2b: Grimmsnarl|38\/100\n|-status|p2b: Grimmsnarl|brn\n|faint|p2a: Landorus\n|move|p1a: Groudon|Heat Crash|p2b: Grimmsnarl\n|-damage|p2b: Grimmsnarl|0 fnt\n|faint|p2b: Grimmsnarl\n|\n|-weather|SunnyDay|[upkeep]\n|upkeep\n|\n|t:|1722197760\n|switch|p2a: Zamazenta|Zamazenta-Crowned, L50|100\/100\n|switch|p2b: Raging Bolt|Raging Bolt, L50|100\/100\n|-ability|p2a: Zamazenta|Dauntless Shield|boost\n|-boost|p2a: Zamazenta|def|1\n|-activate|p2b: Raging Bolt|ability: Protosynthesis\n|-start|p2b: Raging Bolt|protosynthesisspa\n|turn|3\n|\n|t:|1722197775\n|switch|p1b: Flutter Mane|Flutter Mane, L50|100\/100\n|-activate|p1b: Flutter Mane|ability: Protosynthesis\n|-start|p1b: Flutter Mane|protosynthesisspe\n|move|p1a: Groudon|Protect|p1a: Groudon\n|-singleturn|p1a: Groudon|Protect\n|move|p2a: Zamazenta|Wide Guard|p2a: Zamazenta\n|-singleturn|p2a: Zamazenta|Wide Guard\n|move|p2b: Raging Bolt|Thunderbolt|p1b: Flutter Mane\n|-damage|p1b: Flutter Mane|26\/100\n|\n|-weather|SunnyDay|[upkeep]\n|upkeep\n|turn|4\n|\n|t:|1722197800\n|move|p2a: Zamazenta|Wide Guard|p2a: Zamazenta\n|-singleturn|p2a: Zamazenta|Wide Guard\n|move|p2b: Raging Bolt|Thunderclap||[still]\n|-fail|p2b: Raging Bolt\n|move|p1b: Flutter Mane|Taunt|p2a: Zamazenta\n|-start|p2a: Zamazenta|move: Taunt\n|move|p1a: Groudon|Precipice Blades|p2a: Zamazenta|[spread] \n|-activate|p2a: Zamazenta|move: Wide Guard\n|-activate|p2b: Raging Bolt|move: Wide Guard\n|\n|-weather|SunnyDay|[upkeep]\n|upkeep\n|turn|5\n|\n|t:|1722197816\n|move|p1b: Flutter Mane|Moonblast|p2b: Raging Bolt\n|-supereffective|p2b: Raging Bolt\n|-damage|p2b: Raging Bolt|36\/100\n|move|p2a: Zamazenta|Body Press|p1a: Groudon\n|-damage|p1a: Groudon|60\/100\n|move|p1a: Groudon|Precipice Blades|p2b: Raging Bolt|[spread] p2a\n|-miss|p1a: Groudon|p2b: Raging Bolt\n|-supereffective|p2a: Zamazenta\n|-crit|p2a: Zamazenta\n|-damage|p2a: Zamazenta|15\/100\n|move|p2b: Raging Bolt|Draco Meteor|p1a: Groudon\n|-damage|p1a: Groudon|0 fnt\n|-unboost|p2b: Raging Bolt|spa|2\n|faint|p1a: Groudon\n|\n|-weather|none\n|-end|p1b: Flutter Mane|Protosynthesis\n|-end|p2b: Raging Bolt|Protosynthesis\n|upkeep\n|\n|t:|1722197822\n|switch|p1a: Chi-Yu|Chi-Yu, L50|100\/100\n|-ability|p1a: Chi-Yu|Beads of Ruin\n|turn|6\n|\n|t:|1722197840\n|-terastallize|p1a: Chi-Yu|Ghost\n|move|p1b: Flutter Mane|Protect|p1b: Flutter Mane\n|-singleturn|p1b: Flutter Mane|Protect\n|move|p2b: Raging Bolt|Thunderclap||[still]\n|-fail|p2b: Raging Bolt\n|move|p1a: Chi-Yu|Heat Wave|p2b: Raging Bolt|[spread] p2a,p2b\n|-supereffective|p2a: Zamazenta\n|-resisted|p2b: Raging Bolt\n|-damage|p2a: Zamazenta|0 fnt\n|-damage|p2b: Raging Bolt|21\/100\n|faint|p2a: Zamazenta\n|\n|upkeep\n|turn|7\n|\n|t:|1722197847\n|move|p2b: Raging Bolt|Thunderclap|p1b: Flutter Mane\n|-damage|p1b: Flutter Mane|0 fnt\n|faint|p1b: Flutter Mane\n|-end|p1b: Flutter Mane|Protosynthesis|[silent]\n|move|p1a: Chi-Yu|Heat Wave|p2b: Raging Bolt\n|-resisted|p2b: Raging Bolt\n|-damage|p2b: Raging Bolt|1\/100\n|-status|p2b: Raging Bolt|brn\n|\n|-damage|p2b: Raging Bolt|0 fnt|[from] brn\n|faint|p2b: Raging Bolt\n|-end|p2b: Raging Bolt|Protosynthesis|[silent]\n|\n|win|mikn770\n|upkeep\n|raw|mikn770's rating: 1690 &rarr; <strong>1714<\/strong><br \/>(+24 for winning)\n|raw|Billy_HMD's rating: 1764 &rarr; <strong>1740<\/strong><br \/>(-24 for losing)\n|l|\u2606Billy_HMD\n|player|p2|\n|l|\u2606mikn770\n|player|p1|\n","uploadtime":1722198054,"views":21,"formatid":"gen9vgc2024regg","rating":1714,"private":0,"password":null}