{"id":"gen9vgc2024regg-2169368015","format":"[Gen 9] VGC 2024 Reg G","players":["gyaradostyranitar","chuanOVO"],"log":"|j|\u2606gyaradostyranitar\n|j|\u2606chuanOVO\n|t:|1722236906\n|gametype|doubles\n|player|p1|gyaradostyranitar|roark|1711\n|player|p2|chuanOVO|n|1822\n|teamsize|p1|6\n|teamsize|p2|6\n|gen|9\n|tier|[Gen 9] VGC 2024 Reg G\n|rated|\n|rule|Species Clause: Limit one of each Pok\u00e9mon\n|rule|Item Clause: Limit one of each item\n|clearpoke\n|poke|p1|Calyrex-Ice, L50|\n|poke|p1|Tyranitar, L50, F|\n|poke|p1|Indeedee-F, L50, F|\n|poke|p1|Ursaluna, L50, M|\n|poke|p1|Hatterene, L50, F|\n|poke|p1|Iron Hands, L50|\n|poke|p2|Calyrex-Ice, L50|\n|poke|p2|Smeargle, L50, M|\n|poke|p2|Ursaluna-Bloodmoon, L50, M|\n|poke|p2|Urshifu-*, L50, M|\n|poke|p2|Ogerpon-Wellspring, L50, F|\n|poke|p2|Annihilape, L50, M|\n|teampreview|4\n|inactive|Battle timer is ON: inactive players will automatically lose when time's up. (requested by gyaradostyranitar)\n|\n|t:|1722236929\n|start\n|switch|p1a: Venozalano|Calyrex-Ice, L50|100\/100\n|switch|p1b: La gorda|Indeedee-F, L50, F|100\/100\n|switch|p2a: Annihilape|Annihilape, L50, M, shiny|100\/100\n|switch|p2b: Calyrex|Calyrex-Ice, L50|100\/100\n|-ability|p2b: Calyrex|As One\n|-ability|p2b: Calyrex|Unnerve\n|-ability|p1a: Venozalano|As One\n|-ability|p1a: Venozalano|Unnerve\n|-fieldstart|move: Psychic Terrain|[from] ability: Psychic Surge|[of] p1b: La gorda\n|turn|1\n|\n|t:|1722236949\n|move|p1b: La gorda|Follow Me|p1b: La gorda\n|-singleturn|p1b: La gorda|move: Follow Me\n|move|p2a: Annihilape|Coaching|p2b: Calyrex\n|-boost|p2b: Calyrex|atk|1\n|-boost|p2b: Calyrex|def|1\n|move|p2b: Calyrex|Glacial Lance|p1a: Venozalano|[spread] p1a,p1b\n|-resisted|p1a: Venozalano\n|-crit|p1b: La gorda\n|-damage|p1a: Venozalano|73\/100\n|-damage|p1b: La gorda|0 fnt\n|faint|p1b: La gorda\n|-ability|p2b: Calyrex|Chilling Neigh|boost\n|-boost|p2b: Calyrex|atk|1\n|move|p1a: Venozalano|Trick Room|p1a: Venozalano\n|-fieldstart|move: Trick Room|[of] p1a: Venozalano\n|\n|upkeep\n|\n|t:|1722236957\n|switch|p1b: Godzilla|Tyranitar, L50, F|100\/100\n|-weather|Sandstorm|[from] ability: Sand Stream|[of] p1b: Godzilla\n|-enditem|p1b: Godzilla|Room Service\n|-unboost|p1b: Godzilla|spe|1|[from] item: Room Service\n|turn|2\n|\n|t:|1722236970\n|-terastallize|p1b: Godzilla|Rock\n|-terastallize|p2b: Calyrex|Water\n|move|p1b: Godzilla|Rock Slide|p2a: Annihilape|[spread] p2a,p2b\n|-resisted|p2a: Annihilape\n|-damage|p2a: Annihilape|81\/100\n|-damage|p2b: Calyrex|86\/100\n|move|p1a: Venozalano|Glacial Lance|p2b: Calyrex|[spread] p2a,p2b\n|-resisted|p2b: Calyrex\n|-damage|p2a: Annihilape|25\/100\n|-damage|p2b: Calyrex|75\/100\n|cant|p2a: Annihilape|flinch\n|move|p2b: Calyrex|Trick Room|p2b: Calyrex\n|-fieldend|move: Trick Room\n|\n|-weather|Sandstorm|[upkeep]\n|-damage|p2a: Annihilape|18\/100|[from] Sandstorm\n|-damage|p2b: Calyrex|69\/100|[from] Sandstorm\n|-damage|p1a: Venozalano|67\/100|[from] Sandstorm\n|upkeep\n|turn|3\n|\n|t:|1722236994\n|move|p1b: Godzilla|Protect|p1b: Godzilla\n|-singleturn|p1b: Godzilla|Protect\n|move|p2a: Annihilape|Rage Fist|p1a: Venozalano\n|-supereffective|p1a: Venozalano\n|-damage|p1a: Venozalano|0 fnt\n|faint|p1a: Venozalano\n|move|p2b: Calyrex|Glacial Lance|p1b: Godzilla\n|-activate|p1b: Godzilla|move: Protect\n|\n|-weather|Sandstorm|[upkeep]\n|-damage|p2a: Annihilape|12\/100|[from] Sandstorm\n|-damage|p2b: Calyrex|63\/100|[from] Sandstorm\n|upkeep\n|\n|t:|1722237001\n|switch|p1a: Hatterene|Hatterene, L50, F|100\/100\n|turn|4\n|inactive|chuanOVO has 30 seconds left.\n|inactive|chuanOVO has 20 seconds left.\n|\n|t:|1722237036\n|move|p1a: Hatterene|Protect|p1a: Hatterene\n|-singleturn|p1a: Hatterene|Protect\n|move|p2a: Annihilape|Rage Fist|p1a: Hatterene\n|-activate|p1a: Hatterene|move: Protect\n|move|p2b: Calyrex|Glacial Lance|p1b: Godzilla|[spread] p1b\n|-activate|p1a: Hatterene|move: Protect\n|-damage|p1b: Godzilla|16\/100\n|move|p1b: Godzilla|Rock Slide|p2b: Calyrex|[spread] p2a,p2b\n|-resisted|p2a: Annihilape\n|-damage|p2a: Annihilape|0 fnt\n|-damage|p2b: Calyrex|48\/100\n|-enditem|p2b: Calyrex|Sitrus Berry|[eat]\n|-heal|p2b: Calyrex|73\/100|[from] item: Sitrus Berry\n|faint|p2a: Annihilape\n|\n|-weather|Sandstorm|[upkeep]\n|-damage|p2b: Calyrex|67\/100|[from] Sandstorm\n|-damage|p1a: Hatterene|95\/100|[from] Sandstorm\n|upkeep\n|j| rabbithorn01\n|\n|t:|1722237055\n|switch|p2a: Urshifu|Urshifu, L50, M|100\/100\n|turn|5\n|\n|t:|1722237061\n|move|p2a: Urshifu|Wicked Blow|p1a: Hatterene\n|-crit|p1a: Hatterene\n|-damage|p1a: Hatterene|0 fnt\n|faint|p1a: Hatterene\n|move|p2b: Calyrex|Glacial Lance|p1b: Godzilla\n|-damage|p1b: Godzilla|0 fnt\n|faint|p1b: Godzilla\n|\n|win|chuanOVO\n|raw|gyaradostyranitar's rating: 1711 &rarr; <strong>1697<\/strong><br \/>(-14 for losing)\n|raw|chuanOVO's rating: 1822 &rarr; <strong>1836<\/strong><br \/>(+14 for winning)\n","uploadtime":1722237092,"views":21,"formatid":"gen9vgc2024regg","rating":1697,"private":0,"password":null}