{"id":"gen9vgc2024regg-2169263588","format":"[Gen 9] VGC 2024 Reg G","players":["ShdwempV2","war3ted"],"log":"|j|\u2606ShdwempV2\n|j|\u2606war3ted\n|t:|1722219005\n|gametype|doubles\n|player|p1|ShdwempV2|ghetsis|1735\n|player|p2|war3ted|dawn|1929\n|teamsize|p1|6\n|teamsize|p2|6\n|gen|9\n|tier|[Gen 9] VGC 2024 Reg G\n|rated|\n|rule|Species Clause: Limit one of each Pok\u00e9mon\n|rule|Item Clause: Limit one of each item\n|clearpoke\n|poke|p1|Incineroar, L50, M|\n|poke|p1|Rillaboom, L50, M|\n|poke|p1|Kyogre, L50|\n|poke|p1|Tornadus, L50, M|\n|poke|p1|Landorus, L50, M|\n|poke|p1|Urshifu-*, L50, F|\n|poke|p2|Calyrex-Ice, L50|\n|poke|p2|Annihilape, L50, M|\n|poke|p2|Smeargle, L50, F|\n|poke|p2|Ursaluna-Bloodmoon, L50, M|\n|poke|p2|Urshifu-*, L50, F|\n|poke|p2|Ogerpon-Wellspring, L50, F|\n|teampreview|4\n|j| rabbithorn01\n|j| bluestraggler02\n|inactive|Battle timer is ON: inactive players will automatically lose when time's up. (requested by ShdwempV2)\n|\n|t:|1722219034\n|start\n|switch|p1a: Rillaboom|Rillaboom, L50, M, shiny|100\/100\n|switch|p1b: Kyogre|Kyogre, L50, shiny|100\/100\n|switch|p2a: Calyrex|Calyrex-Ice, L50|100\/100\n|switch|p2b: Annihilape|Annihilape, L50, M|100\/100\n|-ability|p2a: Calyrex|As One\n|-ability|p2a: Calyrex|Unnerve\n|-weather|RainDance|[from] ability: Drizzle|[of] p1b: Kyogre\n|-fieldstart|move: Grassy Terrain|[from] ability: Grassy Surge|[of] p1a: Rillaboom\n|turn|1\n|inactive|war3ted has 30 seconds left.\n|\n|t:|1722219061\n|move|p1b: Kyogre|Protect|p1b: Kyogre\n|-singleturn|p1b: Kyogre|Protect\n|move|p2a: Calyrex|Protect|p2a: Calyrex\n|-singleturn|p2a: Calyrex|Protect\n|move|p2b: Annihilape|Close Combat|p1b: Kyogre\n|-activate|p1b: Kyogre|move: Protect\n|move|p1a: Rillaboom|Wood Hammer|p2b: Annihilape\n|-damage|p2b: Annihilape|17\/100\n|-damage|p1a: Rillaboom|73\/100|[from] Recoil\n|\n|-weather|RainDance|[upkeep]\n|-heal|p2b: Annihilape|23\/100|[from] Grassy Terrain\n|-heal|p1a: Rillaboom|79\/100|[from] Grassy Terrain\n|upkeep\n|turn|2\n|\n|t:|1722219076\n|-terastallize|p2a: Calyrex|Dragon\n|move|p2b: Annihilape|Close Combat|p1b: Kyogre\n|-damage|p1b: Kyogre|41\/100\n|-unboost|p2b: Annihilape|def|1\n|-unboost|p2b: Annihilape|spd|1\n|move|p1b: Kyogre|Origin Pulse|p2a: Calyrex|[spread] p2a,p2b\n|-resisted|p2a: Calyrex\n|-damage|p2a: Calyrex|69\/100\n|-damage|p2b: Annihilape|0 fnt\n|faint|p2b: Annihilape\n|move|p1a: Rillaboom|Wood Hammer|p2a: Calyrex\n|-resisted|p2a: Calyrex\n|-damage|p2a: Calyrex|46\/100\n|-enditem|p2a: Calyrex|Sitrus Berry|[eat]\n|-heal|p2a: Calyrex|71\/100|[from] item: Sitrus Berry\n|-damage|p1a: Rillaboom|71\/100|[from] Recoil\n|move|p2a: Calyrex|Glacial Lance|p1a: Rillaboom|[spread] p1a,p1b\n|-supereffective|p1a: Rillaboom\n|-resisted|p1b: Kyogre\n|-damage|p1a: Rillaboom|0 fnt\n|-damage|p1b: Kyogre|7\/100\n|faint|p1a: Rillaboom\n|-ability|p2a: Calyrex|Chilling Neigh|boost\n|-boost|p2a: Calyrex|atk|1\n|\n|-weather|RainDance|[upkeep]\n|-heal|p1b: Kyogre|13\/100|[from] Grassy Terrain\n|-heal|p2a: Calyrex|77\/100|[from] Grassy Terrain\n|upkeep\n|\n|t:|1722219090\n|switch|p2b: Ogerpon|Ogerpon-Wellspring, L50, F|100\/100\n|switch|p1a: Urshifu|Urshifu, L50, F|100\/100\n|turn|3\n|\n|t:|1722219110\n|-terastallize|p1a: Urshifu|Dark\n|move|p2b: Ogerpon|Follow Me|p2b: Ogerpon\n|-singleturn|p2b: Ogerpon|move: Follow Me\n|move|p1a: Urshifu|Wicked Blow|p2b: Ogerpon\n|-crit|p2b: Ogerpon\n|-damage|p2b: Ogerpon|18\/100\n|move|p1b: Kyogre|Ice Beam|p2b: Ogerpon\n|-damage|p2b: Ogerpon|0 fnt\n|faint|p2b: Ogerpon\n|move|p2a: Calyrex|Trick Room|p2a: Calyrex\n|-fieldstart|move: Trick Room|[of] p2a: Calyrex\n|\n|-weather|RainDance|[upkeep]\n|-heal|p2a: Calyrex|83\/100|[from] Grassy Terrain\n|-heal|p1b: Kyogre|19\/100|[from] Grassy Terrain\n|upkeep\n|l|\u2606war3ted\n|inactive|war3ted disconnected and has a minute to reconnect!\n|player|p2|\n|inactive|war3ted has 30 seconds left.\n|j|\u2606war3ted\n|inactive|war3ted reconnected and has 30 seconds left.\n|player|p2|war3ted|dawn|\n|\n|t:|1722219141\n|switch|p2b: Urshifu|Urshifu, L50, F|100\/100\n|turn|4\n|\n|t:|1722219156\n|switch|p1b: Incineroar|Incineroar, L50, M, shiny|100\/100\n|-ability|p1b: Incineroar|Intimidate|boost\n|-unboost|p2a: Calyrex|atk|1\n|-unboost|p2b: Urshifu|atk|1\n|move|p2a: Calyrex|Glacial Lance|p1a: Urshifu|[spread] p1a,p1b\n|-resisted|p1b: Incineroar\n|-damage|p1a: Urshifu|44\/100\n|-damage|p1b: Incineroar|78\/100\n|move|p2b: Urshifu|Close Combat|p1a: Urshifu\n|-supereffective|p1a: Urshifu\n|-damage|p1a: Urshifu|0 fnt\n|-unboost|p2b: Urshifu|def|1\n|-unboost|p2b: Urshifu|spd|1\n|faint|p1a: Urshifu\n|\n|-weather|RainDance|[upkeep]\n|-heal|p2a: Calyrex|88\/100|[from] Grassy Terrain\n|-heal|p1b: Incineroar|84\/100|[from] Grassy Terrain\n|upkeep\n|\n|t:|1722219158\n|switch|p1a: Kyogre|Kyogre, L50, shiny|19\/100\n|turn|5\n|\n|t:|1722219165\n|move|p1b: Incineroar|Fake Out|p2b: Urshifu\n|-damage|p2b: Urshifu|86\/100\n|move|p2a: Calyrex|Glacial Lance|p1b: Incineroar|[spread] p1a,p1b\n|-resisted|p1a: Kyogre\n|-resisted|p1b: Incineroar\n|-damage|p1a: Kyogre|0 fnt\n|-damage|p1b: Incineroar|62\/100\n|faint|p1a: Kyogre\n|-ability|p2a: Calyrex|Chilling Neigh|boost\n|-boost|p2a: Calyrex|atk|1\n|cant|p2b: Urshifu|flinch\n|\n|-weather|none\n|-heal|p2a: Calyrex|94\/100|[from] Grassy Terrain\n|-heal|p1b: Incineroar|68\/100|[from] Grassy Terrain\n|-heal|p2b: Urshifu|92\/100|[from] Grassy Terrain\n|-fieldend|move: Grassy Terrain\n|upkeep\n|turn|6\n|-message|ShdwempV2 forfeited.\n|\n|win|war3ted\n|raw|ShdwempV2's rating: 1735 &rarr; <strong>1725<\/strong><br \/>(-10 for losing)\n|raw|war3ted's rating: 1929 &rarr; <strong>1939<\/strong><br \/>(+10 for winning)\n|l|\u2606ShdwempV2\n|player|p1|\n|l|\u2606war3ted\n|player|p2|\n|l| bluestraggler02\n","uploadtime":1722219182,"views":73,"formatid":"gen9vgc2024regg","rating":1725,"private":0,"password":null}