{"id":"gen9vgc2024regg-2169313242","format":"[Gen 9] VGC 2024 Reg G","players":["war3infi","chuanOVO"],"log":"|j|\u2606war3infi\n|j|\u2606chuanOVO\n|t:|1722226435\n|gametype|doubles\n|player|p1|war3infi|dawn|1890\n|player|p2|chuanOVO|n|1738\n|teamsize|p1|6\n|teamsize|p2|6\n|gen|9\n|tier|[Gen 9] VGC 2024 Reg G\n|rated|\n|rule|Species Clause: Limit one of each Pok\u00e9mon\n|rule|Item Clause: Limit one of each item\n|clearpoke\n|poke|p1|Calyrex-Ice, L50|\n|poke|p1|Annihilape, L50, M|\n|poke|p1|Smeargle, L50, M|\n|poke|p1|Ursaluna-Bloodmoon, L50, M|\n|poke|p1|Urshifu-*, L50, F|\n|poke|p1|Ogerpon-Wellspring, L50, F|\n|poke|p2|Calyrex-Shadow, L50|\n|poke|p2|Mienshao, L50, M|\n|poke|p2|Weezing-Galar, L50, M|\n|poke|p2|Maushold, L50|\n|poke|p2|Dondozo, L50, M|\n|poke|p2|Tatsugiri, L50, M|\n|teampreview|4\n|l|\u2606war3infi\n|player|p1|\n|j|\u2606war3infi\n|player|p1|war3infi|dawn|\n|\n|t:|1722226481\n|start\n|switch|p1a: Calyrex|Calyrex-Ice, L50|100\/100\n|switch|p1b: Smeargle|Smeargle, L50, M, shiny|100\/100\n|switch|p2a: Mienshao|Mienshao, L50, M, shiny|100\/100\n|switch|p2b: Calyrex|Calyrex-Shadow, L50|100\/100\n|-ability|p2b: Calyrex|As One\n|-ability|p2b: Calyrex|Unnerve\n|-ability|p1a: Calyrex|As One\n|-ability|p1a: Calyrex|Unnerve\n|turn|1\n|j| THUNDERSND77\n|j| sprocke123\n|\n|t:|1722226521\n|move|p1a: Calyrex|Protect|p1a: Calyrex\n|-singleturn|p1a: Calyrex|Protect\n|move|p2b: Calyrex|Pollen Puff|p1b: Smeargle\n|-enditem|p1b: Smeargle|Focus Sash\n|-damage|p1b: Smeargle|1\/100\n|move|p2a: Mienshao|Close Combat|p1b: Smeargle\n|-supereffective|p1b: Smeargle\n|-damage|p1b: Smeargle|0 fnt\n|-unboost|p2a: Mienshao|def|1\n|-unboost|p2a: Mienshao|spd|1\n|faint|p1b: Smeargle\n|\n|upkeep\n|\n|t:|1722226542\n|switch|p1b: Urshifu|Urshifu, L50, F|100\/100\n|turn|2\n|\n|t:|1722226564\n|-terastallize|p1a: Calyrex|Dragon\n|move|p2b: Calyrex|Pollen Puff|p1b: Urshifu\n|-damage|p1b: Urshifu|35\/100\n|move|p2a: Mienshao|Close Combat|p1b: Urshifu\n|-supereffective|p1b: Urshifu\n|-damage|p1b: Urshifu|0 fnt\n|-unboost|p2a: Mienshao|def|1\n|-unboost|p2a: Mienshao|spd|1\n|faint|p1b: Urshifu\n|move|p1a: Calyrex|Trick Room|p1a: Calyrex\n|-fieldstart|move: Trick Room|[of] p1a: Calyrex\n|\n|upkeep\n|\n|t:|1722226572\n|switch|p1b: Ursaluna|Ursaluna-Bloodmoon, L50, M|100\/100\n|turn|3\n|j| bluestraggler02\n|\n|t:|1722226596\n|switch|p2a: Weezing|Weezing-Galar, L50, M, shiny|100\/100\n|-ability|p2a: Weezing|Neutralizing Gas\n|move|p1b: Ursaluna|Hyper Voice|p2a: Weezing|[spread] p2a\n|-immune|p2b: Calyrex\n|-damage|p2a: Weezing|45\/100\n|-damage|p1b: Ursaluna|91\/100|[from] item: Life Orb\n|move|p1a: Calyrex|Glacial Lance|p2a: Weezing|[spread] p2a,p2b\n|-damage|p2a: Weezing|0 fnt\n|-damage|p2b: Calyrex|26\/100\n|faint|p2a: Weezing\n|-end|p2a: Weezing|ability: Neutralizing Gas\n|-ability|p1a: Calyrex|Chilling Neigh|boost\n|-boost|p1a: Calyrex|atk|1\n|move|p2b: Calyrex|Pollen Puff|p1b: Ursaluna\n|-damage|p1b: Ursaluna|29\/100\n|\n|upkeep\n|j| rabbithorn01\n|\n|t:|1722226619\n|switch|p2a: Mienshao|Mienshao, L50, M, shiny|100\/100\n|turn|4\n|\n|t:|1722226662\n|switch|p2b: Maushold|Maushold, L50, shiny|100\/100\n|move|p2a: Mienshao|Fake Out|p1b: Ursaluna\n|-damage|p1b: Ursaluna|17\/100\n|cant|p1b: Ursaluna|flinch\n|move|p1a: Calyrex|Glacial Lance|p2b: Maushold|[spread] p2a,p2b\n|-enditem|p2a: Mienshao|Focus Sash\n|-damage|p2a: Mienshao|1\/100\n|-damage|p2b: Maushold|18\/100\n|\n|upkeep\n|turn|5\n|\n|t:|1722226716\n|move|p2b: Maushold|Helping Hand|p2a: Mienshao\n|-singleturn|p2a: Mienshao|Helping Hand|[of] p2b: Maushold\n|move|p2a: Mienshao|Feint|p1b: Ursaluna\n|-crit|p1b: Ursaluna\n|-damage|p1b: Ursaluna|0 fnt\n|faint|p1b: Ursaluna\n|move|p1a: Calyrex|High Horsepower|p2a: Mienshao\n|-damage|p2a: Mienshao|0 fnt\n|faint|p2a: Mienshao\n|-ability|p1a: Calyrex|Chilling Neigh|boost\n|-boost|p1a: Calyrex|atk|1\n|\n|upkeep\n|\n|t:|1722226729\n|switch|p2a: Calyrex|Calyrex-Shadow, L50|26\/100\n|-ability|p2a: Calyrex|As One\n|-ability|p2a: Calyrex|Unnerve\n|turn|6\n|-message|chuanOVO forfeited.\n|\n|win|war3infi\n|raw|war3infi's rating: 1890 &rarr; <strong>1902<\/strong><br \/>(+12 for winning)\n|raw|chuanOVO's rating: 1738 &rarr; <strong>1726<\/strong><br \/>(-12 for losing)\n|l|\u2606chuanOVO\n|player|p2|\n|l| THUNDERSND77\n|l| sprocke123\n|l|\u2606war3infi\n|player|p1|\n|l| bluestraggler02\n","uploadtime":1722226908,"views":22,"formatid":"gen9vgc2024regg","rating":1726,"private":0,"password":null}