{"id":"gen9vgc2024regg-2169851534","format":"[Gen 9] VGC 2024 Reg G","players":["GuevaraGaming2","Chysial"],"log":"|j|\u2606GuevaraGaming2\n|j|\u2606Chysial\n|t:|1722302197\n|gametype|doubles\n|player|p1|GuevaraGaming2|hilbert-wonderlauncher|1723\n|player|p2|Chysial|iris-gen5bw2|1712\n|teamsize|p1|6\n|teamsize|p2|6\n|gen|9\n|tier|[Gen 9] VGC 2024 Reg G\n|rated|\n|rule|Species Clause: Limit one of each Pok\u00e9mon\n|rule|Item Clause: Limit one of each item\n|clearpoke\n|poke|p1|Zamazenta-*, L50|\n|poke|p1|Grimmsnarl, L50, M|\n|poke|p1|Rillaboom, L50, F|\n|poke|p1|Moltres-Galar, L50|\n|poke|p1|Incineroar, L50, M|\n|poke|p1|Latios, L50, M|\n|poke|p2|Terapagos, L50, M|\n|poke|p2|Hawlucha, L50, M|\n|poke|p2|Ogerpon-Wellspring, L50, F|\n|poke|p2|Incineroar, L50, F|\n|poke|p2|Comfey, L50, F|\n|poke|p2|Flutter Mane, L50|\n|teampreview|4\n|\n|t:|1722302229\n|start\n|switch|p1a: Moltres|Moltres-Galar, L50|100\/100\n|switch|p1b: Grimmsnarl|Grimmsnarl, L50, M|100\/100\n|switch|p2a: Flutter Mane|Flutter Mane, L50, shiny|100\/100\n|switch|p2b: Ogerpon|Ogerpon-Wellspring, L50, F|100\/100\n|-enditem|p2a: Flutter Mane|Booster Energy\n|-activate|p2a: Flutter Mane|ability: Protosynthesis|[fromitem]\n|-start|p2a: Flutter Mane|protosynthesisspe\n|turn|1\n|\n|t:|1722302255\n|move|p2a: Flutter Mane|Protect|p2a: Flutter Mane\n|-singleturn|p2a: Flutter Mane|Protect\n|move|p1b: Grimmsnarl|Light Screen|p1b: Grimmsnarl\n|-sidestart|p1: GuevaraGaming2|move: Light Screen\n|move|p2b: Ogerpon|Taunt|p1b: Grimmsnarl\n|-start|p1b: Grimmsnarl|move: Taunt\n|move|p1a: Moltres|Tailwind|p1a: Moltres\n|-sidestart|p1: GuevaraGaming2|move: Tailwind\n|\n|upkeep\n|turn|2\n|j| THUNDERSND77\n|l| THUNDERSND77\n|\n|t:|1722302276\n|move|p2a: Flutter Mane|Thunder Wave|p1b: Grimmsnarl\n|-status|p1b: Grimmsnarl|par\n|move|p1a: Moltres|Snarl|p2a: Flutter Mane|[spread] p2b\n|-miss|p1a: Moltres|p2a: Flutter Mane\n|-damage|p2b: Ogerpon|80\/100\n|-unboost|p2b: Ogerpon|spa|1\n|move|p2b: Ogerpon|Ivy Cudgel|p1b: Grimmsnarl|[anim] Ivy Cudgel Water\n|-crit|p1b: Grimmsnarl\n|-damage|p1b: Grimmsnarl|14\/100 par\n|move|p1b: Grimmsnarl|Spirit Break|p2a: Flutter Mane\n|-damage|p2a: Flutter Mane|53\/100\n|-unboost|p2a: Flutter Mane|spa|1\n|\n|upkeep\n|turn|3\n|\n|t:|1722302300\n|move|p2a: Flutter Mane|Protect|p2a: Flutter Mane\n|-singleturn|p2a: Flutter Mane|Protect\n|move|p1a: Moltres|Air Slash|p2b: Ogerpon\n|-supereffective|p2b: Ogerpon\n|-damage|p2b: Ogerpon|16\/100\n|move|p2b: Ogerpon|Ivy Cudgel|p1a: Moltres|[anim] Ivy Cudgel Water\n|-damage|p1a: Moltres|44\/100\n|-ability|p1a: Moltres|Berserk|boost\n|-boost|p1a: Moltres|spa|1\n|move|p1b: Grimmsnarl|Spirit Break|p2a: Flutter Mane\n|-activate|p2a: Flutter Mane|move: Protect\n|\n|upkeep\n|turn|4\n|j| DSpydr84\n|\n|t:|1722302325\n|switch|p2b: Comfey|Comfey, L50, F|100\/100\n|switch|p1b: Rillaboom|Rillaboom, L50, F|100\/100\n|-fieldstart|move: Grassy Terrain|[from] ability: Grassy Surge|[of] p1b: Rillaboom\n|move|p2a: Flutter Mane|Moonblast|p1a: Moltres\n|-supereffective|p1a: Moltres\n|-damage|p1a: Moltres|15\/100\n|move|p1a: Moltres|Snarl|p2a: Flutter Mane|[spread] p2a\n|-miss|p1a: Moltres|p2b: Comfey\n|-damage|p2a: Flutter Mane|27\/100\n|-unboost|p2a: Flutter Mane|spa|1\n|\n|-heal|p2a: Flutter Mane|33\/100|[from] Grassy Terrain\n|-sideend|p1: GuevaraGaming2|move: Tailwind\n|upkeep\n|turn|5\n|\n|t:|1722302344\n|move|p2b: Comfey|Floral Healing|p2a: Flutter Mane\n|-heal|p2a: Flutter Mane|99\/100\n|move|p1b: Rillaboom|Grassy Glide|p2a: Flutter Mane\n|-damage|p2a: Flutter Mane|38\/100\n|move|p2a: Flutter Mane|Moonblast|p1a: Moltres\n|-supereffective|p1a: Moltres\n|-damage|p1a: Moltres|0 fnt\n|faint|p1a: Moltres\n|\n|-heal|p2a: Flutter Mane|44\/100|[from] Grassy Terrain\n|upkeep\n|\n|t:|1722302351\n|switch|p1a: Zamazenta|Zamazenta-Crowned, L50|100\/100\n|-ability|p1a: Zamazenta|Dauntless Shield|boost\n|-boost|p1a: Zamazenta|def|1\n|turn|6\n|\n|t:|1722302359\n|move|p2b: Comfey|Floral Healing|p2a: Flutter Mane\n|-heal|p2a: Flutter Mane|100\/100\n|move|p2a: Flutter Mane|Thunder Wave|p1a: Zamazenta\n|-status|p1a: Zamazenta|par\n|move|p1b: Rillaboom|Wood Hammer|p2b: Comfey\n|-damage|p2b: Comfey|25\/100\n|-enditem|p2b: Comfey|Sitrus Berry|[eat]\n|-heal|p2b: Comfey|49\/100|[from] item: Sitrus Berry\n|-damage|p1b: Rillaboom|80\/100|[from] Recoil\n|move|p1a: Zamazenta|Heavy Slam|p2a: Flutter Mane\n|-supereffective|p2a: Flutter Mane\n|-damage|p2a: Flutter Mane|0 fnt\n|faint|p2a: Flutter Mane\n|-end|p2a: Flutter Mane|Protosynthesis|[silent]\n|\n|-heal|p2b: Comfey|55\/100|[from] Grassy Terrain\n|-heal|p1b: Rillaboom|86\/100|[from] Grassy Terrain\n|upkeep\n|\n|t:|1722302381\n|switch|p2a: Ogerpon|Ogerpon-Wellspring, L50, F|16\/100\n|turn|7\n|\n|t:|1722302403\n|move|p2b: Comfey|Floral Healing|p2a: Ogerpon\n|-heal|p2a: Ogerpon|82\/100\n|move|p2a: Ogerpon|Ivy Cudgel|p1a: Zamazenta|[anim] Ivy Cudgel Water\n|-crit|p1a: Zamazenta\n|-damage|p1a: Zamazenta|50\/100 par\n|move|p1b: Rillaboom|U-turn|p2a: Ogerpon\n|-supereffective|p2a: Ogerpon\n|-damage|p2a: Ogerpon|26\/100\n|\n|t:|1722302410\n|switch|p1b: Grimmsnarl|Grimmsnarl, L50, M|14\/100 par|[from] U-turn\n|cant|p1a: Zamazenta|par\n|\n|-heal|p2a: Ogerpon|32\/100|[from] Grassy Terrain\n|-heal|p2b: Comfey|61\/100|[from] Grassy Terrain\n|-heal|p1a: Zamazenta|56\/100 par|[from] Grassy Terrain\n|-heal|p1b: Grimmsnarl|20\/100 par|[from] Grassy Terrain\n|upkeep\n|turn|8\n|\n|t:|1722302430\n|cant|p1a: Zamazenta|par\n|move|p2b: Comfey|Floral Healing|p2a: Ogerpon\n|-heal|p2a: Ogerpon|99\/100\n|move|p1b: Grimmsnarl|Parting Shot|p2a: Ogerpon\n|-unboost|p2a: Ogerpon|atk|1\n|-unboost|p2a: Ogerpon|spa|1\n|\n|t:|1722302433\n|switch|p1b: Rillaboom|Rillaboom, L50, F|86\/100|[from] Parting Shot\n|move|p2a: Ogerpon|Ivy Cudgel|p1a: Zamazenta|[anim] Ivy Cudgel Water\n|-damage|p1a: Zamazenta|40\/100 par\n|\n|-heal|p2a: Ogerpon|100\/100|[from] Grassy Terrain\n|-heal|p2b: Comfey|66\/100|[from] Grassy Terrain\n|-heal|p1b: Rillaboom|92\/100|[from] Grassy Terrain\n|-heal|p1a: Zamazenta|46\/100 par|[from] Grassy Terrain\n|-sideend|p1: GuevaraGaming2|move: Light Screen\n|-fieldend|move: Grassy Terrain\n|upkeep\n|turn|9\n|\n|t:|1722302450\n|switch|p2a: Hawlucha|Hawlucha, L50, M, shiny|100\/100\n|move|p2b: Comfey|Protect|p2b: Comfey\n|-singleturn|p2b: Comfey|Protect\n|move|p1b: Rillaboom|U-turn|p2a: Hawlucha\n|-resisted|p2a: Hawlucha\n|-damage|p2a: Hawlucha|92\/100\n|\n|t:|1722302456\n|switch|p1b: Grimmsnarl|Grimmsnarl, L50, M|20\/100 par|[from] U-turn\n|move|p1a: Zamazenta|Body Press|p2a: Hawlucha\n|-resisted|p2a: Hawlucha\n|-damage|p2a: Hawlucha|39\/100\n|\n|upkeep\n|turn|10\n|\n|t:|1722302479\n|-terastallize|p2a: Hawlucha|Ghost\n|move|p2b: Comfey|Draining Kiss|p1b: Grimmsnarl\n|-supereffective|p1b: Grimmsnarl\n|-damage|p1b: Grimmsnarl|0 fnt\n|-heal|p2b: Comfey|85\/100|[from] drain|[of] p1b: Grimmsnarl\n|faint|p1b: Grimmsnarl\n|move|p2a: Hawlucha|Flying Press|p1a: Zamazenta\n|-supereffective|p1a: Zamazenta\n|-damage|p1a: Zamazenta|6\/100 par\n|cant|p1a: Zamazenta|par\n|\n|upkeep\n|\n|t:|1722302482\n|switch|p1b: Rillaboom|Rillaboom, L50, F|92\/100\n|-fieldstart|move: Grassy Terrain|[from] ability: Grassy Surge|[of] p1b: Rillaboom\n|turn|11\n|\n|t:|1722302495\n|-terastallize|p1b: Rillaboom|Fire\n|cant|p1a: Zamazenta|par\n|move|p2b: Comfey|Floral Healing|p2a: Hawlucha\n|-heal|p2a: Hawlucha|100\/100\n|move|p2a: Hawlucha|Flying Press|p1a: Zamazenta\n|-supereffective|p1a: Zamazenta\n|-damage|p1a: Zamazenta|0 fnt\n|faint|p1a: Zamazenta\n|move|p1b: Rillaboom|Wood Hammer|p2a: Hawlucha\n|-enditem|p2a: Hawlucha|Focus Sash\n|-damage|p2a: Hawlucha|1\/100\n|-damage|p1b: Rillaboom|67\/100|[from] Recoil\n|\n|-heal|p2a: Hawlucha|7\/100|[from] Grassy Terrain\n|-heal|p2b: Comfey|90\/100|[from] Grassy Terrain\n|-heal|p1b: Rillaboom|73\/100|[from] Grassy Terrain\n|upkeep\n|turn|12\n|-message|GuevaraGaming2 forfeited.\n|\n|win|Chysial\n|raw|GuevaraGaming2's rating: 1723 &rarr; <strong>1702<\/strong><br \/>(-21 for losing)\n|raw|Chysial's rating: 1712 &rarr; <strong>1733<\/strong><br \/>(+21 for winning)\n|l|\u2606GuevaraGaming2\n|player|p1|\n|l|\u2606Chysial\n|player|p2|\n|l| DSpydr84\n","uploadtime":1722302759,"views":10,"formatid":"gen9vgc2024regg","rating":1702,"private":0,"password":null}