{"id":"gen9vgc2024regg-2169818453","format":"[Gen 9] VGC 2024 Reg G","players":["kojiminori1","war3infi"],"log":"|j|\u2606kojiminori1\n|j|\u2606war3infi\n|t:|1722297841\n|gametype|doubles\n|player|p1|kojiminori1|169|1696\n|player|p2|war3infi|dawn|1855\n|teamsize|p1|6\n|teamsize|p2|6\n|gen|9\n|tier|[Gen 9] VGC 2024 Reg G\n|rated|\n|rule|Species Clause: Limit one of each Pok\u00e9mon\n|rule|Item Clause: Limit one of each item\n|clearpoke\n|poke|p1|Calyrex-Ice, L50|\n|poke|p1|Ninetales-Alola, L50, F|\n|poke|p1|Entei, L50|\n|poke|p1|Whimsicott, L50, M|\n|poke|p1|Rillaboom, L50, M|\n|poke|p1|Raging Bolt, L50|\n|poke|p2|Calyrex-Ice, L50|\n|poke|p2|Annihilape, L50, M|\n|poke|p2|Smeargle, L50, F|\n|poke|p2|Ursaluna-Bloodmoon, L50, M|\n|poke|p2|Urshifu-*, L50, F|\n|poke|p2|Ogerpon-Wellspring, L50, F|\n|teampreview|4\n|inactive|Battle timer is ON: inactive players will automatically lose when time's up. (requested by kojiminori1)\n|j| TheBeanTester\n|j| Buy Dogecoins\n|inactive|war3infi has 60 seconds left.\n|\n|t:|1722297896\n|start\n|switch|p1a: Ninetales|Ninetales-Alola, L50, F|100\/100\n|switch|p1b: Entei|Entei, L50|100\/100\n|switch|p2a: Calyrex|Calyrex-Ice, L50|100\/100\n|switch|p2b: Ogerpon|Ogerpon-Wellspring, L50, F|100\/100\n|-ability|p2a: Calyrex|As One\n|-ability|p2a: Calyrex|Unnerve\n|-weather|Snow|[from] ability: Snow Warning|[of] p1a: Ninetales\n|turn|1\n|\n|t:|1722297916\n|-terastallize|p2b: Ogerpon|Water\n|detailschange|p2b: Ogerpon|Ogerpon-Wellspring-Tera, L50, F, tera:Water\n|-ability|p2b: Ogerpon|Embody Aspect (Wellspring)|boost\n|-boost|p2b: Ogerpon|spd|1\n|move|p2a: Calyrex|Protect|p2a: Calyrex\n|-singleturn|p2a: Calyrex|Protect\n|move|p1b: Entei|Sacred Fire|p2b: Ogerpon\n|-resisted|p2b: Ogerpon\n|-damage|p2b: Ogerpon|78\/100\n|move|p1a: Ninetales|Aurora Veil|p1a: Ninetales\n|-sidestart|p1: kojiminori1|move: Aurora Veil\n|move|p2b: Ogerpon|Ivy Cudgel|p1b: Entei|[anim] Ivy Cudgel Water\n|-supereffective|p1b: Entei\n|-damage|p1b: Entei|0 fnt\n|faint|p1b: Entei\n|\n|-weather|Snow|[upkeep]\n|upkeep\n|\n|t:|1722297938\n|switch|p1b: Calyrex|Calyrex-Ice, L50|100\/100\n|-ability|p1b: Calyrex|As One\n|-ability|p1b: Calyrex|Unnerve\n|turn|2\n|\n|t:|1722297947\n|move|p2b: Ogerpon|Follow Me|p2b: Ogerpon\n|-singleturn|p2b: Ogerpon|move: Follow Me\n|move|p1a: Ninetales|Encore|p2b: Ogerpon\n|-start|p2b: Ogerpon|Encore\n|move|p1b: Calyrex|Seed Bomb|p2b: Ogerpon\n|-supereffective|p2b: Ogerpon\n|-damage|p2b: Ogerpon|0 fnt\n|faint|p2b: Ogerpon\n|-ability|p1b: Calyrex|Chilling Neigh|boost\n|-boost|p1b: Calyrex|atk|1\n|move|p2a: Calyrex|Glacial Lance|p1a: Ninetales|[spread] p1a,p1b\n|-resisted|p1a: Ninetales\n|-resisted|p1b: Calyrex\n|-damage|p1a: Ninetales|85\/100\n|-damage|p1b: Calyrex|91\/100\n|\n|-weather|Snow|[upkeep]\n|upkeep\n|\n|t:|1722297954\n|switch|p2b: Urshifu|Urshifu, L50, F|100\/100\n|turn|3\n|\n|t:|1722297973\n|-terastallize|p1b: Calyrex|Ice\n|move|p1a: Ninetales|Icy Wind|p2a: Calyrex|[spread] p2a,p2b\n|-resisted|p2a: Calyrex\n|-damage|p2a: Calyrex|96\/100\n|-damage|p2b: Urshifu|83\/100\n|-unboost|p2a: Calyrex|spe|1\n|-unboost|p2b: Urshifu|spe|1\n|move|p1b: Calyrex|Seed Bomb|p2b: Urshifu\n|-damage|p2b: Urshifu|14\/100\n|move|p2b: Urshifu|Wicked Blow|p1b: Calyrex\n|-crit|p1b: Calyrex\n|-damage|p1b: Calyrex|61\/100\n|move|p2a: Calyrex|Trick Room|p2a: Calyrex\n|-fieldstart|move: Trick Room|[of] p2a: Calyrex\n|\n|-weather|Snow|[upkeep]\n|upkeep\n|turn|4\n|j| zzz1994000\n|inactive|war3infi has 30 seconds left.\n|\n|t:|1722298000\n|move|p2a: Calyrex|Glacial Lance|p1b: Calyrex|[spread] p1a,p1b\n|-resisted|p1a: Ninetales\n|-resisted|p1b: Calyrex\n|-damage|p1a: Ninetales|68\/100\n|-damage|p1b: Calyrex|52\/100\n|move|p2b: Urshifu|Close Combat|p1b: Calyrex\n|-supereffective|p1b: Calyrex\n|-damage|p1b: Calyrex|9\/100\n|-unboost|p2b: Urshifu|def|1\n|-unboost|p2b: Urshifu|spd|1\n|move|p1b: Calyrex|Seed Bomb|p2b: Urshifu\n|-damage|p2b: Urshifu|0 fnt\n|faint|p2b: Urshifu\n|-ability|p1b: Calyrex|Chilling Neigh|boost\n|-boost|p1b: Calyrex|atk|1\n|move|p1a: Ninetales|Disable|p2a: Calyrex\n|-start|p2a: Calyrex|Disable|Glacial Lance\n|\n|-weather|Snow|[upkeep]\n|upkeep\n|\n|t:|1722298003\n|switch|p2b: Ursaluna|Ursaluna-Bloodmoon, L50, M|100\/100\n|turn|5\n|inactive|kojiminori1 has 30 seconds left.\n|inactive|kojiminori1 has 20 seconds left.\n|\n|t:|1722298040\n|move|p2a: Calyrex|High Horsepower|p1a: Ninetales\n|-damage|p1a: Ninetales|45\/100\n|move|p2b: Ursaluna|Hyper Voice|p1a: Ninetales|[spread] p1a,p1b\n|-damage|p1a: Ninetales|12\/100\n|-damage|p1b: Calyrex|0 fnt\n|faint|p1b: Calyrex\n|-damage|p2b: Ursaluna|91\/100|[from] item: Life Orb\n|move|p1a: Ninetales|Encore|p2b: Ursaluna\n|-start|p2b: Ursaluna|Encore\n|\n|-weather|none\n|-sideend|p1: kojiminori1|move: Aurora Veil\n|upkeep\n|\n|t:|1722298053\n|switch|p1b: Raging Bolt|Raging Bolt, L50|100\/100\n|turn|6\n|inactive|kojiminori1 has 30 seconds left.\n|\n|t:|1722298088\n|move|p2a: Calyrex|High Horsepower|p1b: Raging Bolt\n|-supereffective|p1b: Raging Bolt\n|-damage|p1b: Raging Bolt|20\/100\n|move|p2b: Ursaluna|Hyper Voice|p1b: Raging Bolt|[spread] p1a,p1b\n|-damage|p1a: Ninetales|0 fnt\n|-damage|p1b: Raging Bolt|0 fnt\n|faint|p1a: Ninetales\n|faint|p1b: Raging Bolt\n|-end|p1b: Raging Bolt|Protosynthesis|[silent]\n|-damage|p2b: Ursaluna|81\/100|[from] item: Life Orb\n|\n|win|war3infi\n|raw|kojiminori1's rating: 1696 &rarr; <strong>1685<\/strong><br \/>(-11 for losing)\n|raw|war3infi's rating: 1855 &rarr; <strong>1866<\/strong><br \/>(+11 for winning)\n|l|\u2606kojiminori1\n|player|p1|\n|l|\u2606war3infi\n|player|p2|\n|l| Buy Dogecoins\n|l| zzz1994000\n","uploadtime":1722298345,"views":26,"formatid":"gen9vgc2024regg","rating":1685,"private":0,"password":null}