{"id":"gen9vgc2024regg-2169631630","format":"[Gen 9] VGC 2024 Reg G","players":["chuanOVO","imaborat"],"log":"|j|\u2606chuanOVO\n|j|\u2606imaborat\n|t:|1722275991\n|gametype|doubles\n|player|p1|chuanOVO|n|1734\n|player|p2|imaborat|2|1782\n|teamsize|p1|6\n|teamsize|p2|6\n|gen|9\n|tier|[Gen 9] VGC 2024 Reg G\n|rated|\n|rule|Species Clause: Limit one of each Pok\u00e9mon\n|rule|Item Clause: Limit one of each item\n|clearpoke\n|poke|p1|Calyrex-Shadow, L50|\n|poke|p1|Mienshao, L50, M|\n|poke|p1|Weezing-Galar, L50, M|\n|poke|p1|Maushold, L50|\n|poke|p1|Dondozo, L50, M|\n|poke|p1|Tatsugiri, L50, M|\n|poke|p2|Grafaiai, L50, F|\n|poke|p2|Indeedee, L50, M|\n|poke|p2|Calyrex-Shadow, L50|\n|poke|p2|Azumarill, L50, M|\n|poke|p2|Volcarona, L50, F|\n|poke|p2|Whimsicott, L50, M|\n|teampreview|4\n|inactive|Battle timer is ON: inactive players will automatically lose when time's up. (requested by imaborat)\n|j| Yagamoth\n|\n|t:|1722276027\n|start\n|switch|p1a: Mienshao|Mienshao, L50, M, shiny|100\/100\n|switch|p1b: Calyrex|Calyrex-Shadow, L50|100\/100\n|switch|p2a: Grafaiai|Grafaiai, L50, F|100\/100\n|switch|p2b: Indeedee|Indeedee, L50, M|100\/100\n|-ability|p1b: Calyrex|As One\n|-ability|p1b: Calyrex|Unnerve\n|-fieldstart|move: Psychic Terrain|[from] ability: Psychic Surge|[of] p2b: Indeedee\n|-enditem|p2a: Grafaiai|Psychic Seed\n|-boost|p2a: Grafaiai|spd|1|[from] item: Psychic Seed\n|turn|1\n|inactive|chuanOVO has 30 seconds left.\n|inactive|imaborat has 30 seconds left.\n|\n|t:|1722276056\n|move|p1a: Mienshao|Wide Guard|p1a: Mienshao\n|-singleturn|p1a: Mienshao|Wide Guard\n|move|p2a: Grafaiai|Acid Spray|p1a: Mienshao\n|-damage|p1a: Mienshao|79\/100\n|-unboost|p1a: Mienshao|spd|2\n|move|p2b: Indeedee|Shadow Ball|p1a: Mienshao\n|-damage|p1a: Mienshao|0 fnt\n|faint|p1a: Mienshao\n|move|p1b: Calyrex|Psychic|p2a: Grafaiai\n|-supereffective|p2a: Grafaiai\n|-damage|p2a: Grafaiai|0 fnt\n|faint|p2a: Grafaiai\n|-ability|p1b: Calyrex|Grim Neigh|boost\n|-boost|p1b: Calyrex|spa|1\n|\n|upkeep\n|\n|t:|1722276074\n|switch|p2a: Whimsicott|Whimsicott, L50, M|100\/100\n|switch|p1a: Dondozo|Dondozo, L50, M, shiny|100\/100\n|turn|2\n|\n|t:|1722276095\n|move|p2a: Whimsicott|Tailwind|p2a: Whimsicott\n|-sidestart|p2: imaborat|move: Tailwind\n|move|p2b: Indeedee|Shadow Ball|p1b: Calyrex\n|-supereffective|p1b: Calyrex\n|-damage|p1b: Calyrex|0 fnt\n|faint|p1b: Calyrex\n|move|p1a: Dondozo|Order Up|p2b: Indeedee\n|-damage|p2b: Indeedee|48\/100\n|\n|upkeep\n|\n|t:|1722276104\n|switch|p1b: Tatsugiri|Tatsugiri, L50, M, shiny|100\/100\n|-activate|p1b: Tatsugiri|ability: Commander|[of] p1a: Dondozo\n|-boost|p1a: Dondozo|atk|2\n|-boost|p1a: Dondozo|spa|2\n|-boost|p1a: Dondozo|spe|2\n|-boost|p1a: Dondozo|def|2\n|-boost|p1a: Dondozo|spd|2\n|turn|3\n|\n|t:|1722276119\n|move|p2b: Indeedee|Shadow Ball|p1a: Dondozo\n|-damage|p1a: Dondozo|88\/100\n|move|p2a: Whimsicott|Energy Ball|p1a: Dondozo\n|-supereffective|p1a: Dondozo\n|-damage|p1a: Dondozo|61\/100\n|move|p1a: Dondozo|Order Up|p2b: Indeedee\n|-damage|p2b: Indeedee|0 fnt\n|faint|p2b: Indeedee\n|-boost|p1a: Dondozo|atk|1\n|\n|-heal|p1a: Dondozo|67\/100|[from] item: Leftovers\n|upkeep\n|\n|t:|1722276130\n|switch|p2b: Calyrex|Calyrex-Shadow, L50|100\/100\n|-ability|p2b: Calyrex|As One\n|-ability|p2b: Calyrex|Unnerve\n|turn|4\n|\n|t:|1722276142\n|-terastallize|p2b: Calyrex|Water\n|move|p1a: Dondozo|Protect|p1a: Dondozo\n|-singleturn|p1a: Dondozo|Protect\n|move|p2b: Calyrex|Expanding Force|p1a: Dondozo|[spread] \n|-miss|p2b: Calyrex|p1b: Tatsugiri\n|-activate|p1a: Dondozo|move: Protect\n|move|p2a: Whimsicott|Energy Ball|p1a: Dondozo\n|-activate|p1a: Dondozo|move: Protect\n|\n|-heal|p1a: Dondozo|73\/100|[from] item: Leftovers\n|upkeep\n|turn|5\n|\n|t:|1722276164\n|-terastallize|p1a: Dondozo|Grass\n|move|p2b: Calyrex|Expanding Force|p1a: Dondozo|[spread] p1a\n|-miss|p2b: Calyrex|p1b: Tatsugiri\n|-crit|p1a: Dondozo\n|-damage|p1a: Dondozo|0 fnt\n|faint|p1a: Dondozo\n|-ability|p2b: Calyrex|Grim Neigh|boost\n|-boost|p2b: Calyrex|spa|1\n|-damage|p2b: Calyrex|91\/100|[from] item: Life Orb\n|move|p2a: Whimsicott|Energy Ball|p1b: Tatsugiri\n|-damage|p1b: Tatsugiri|81\/100\n|\n|-sideend|p2: imaborat|move: Tailwind\n|-fieldend|move: Psychic Terrain\n|upkeep\n|turn|6\n|-message|chuanOVO forfeited.\n|\n|win|imaborat\n|raw|chuanOVO's rating: 1734 &rarr; <strong>1717<\/strong><br \/>(-17 for losing)\n|raw|imaborat's rating: 1782 &rarr; <strong>1799<\/strong><br \/>(+17 for winning)\n|l|\u2606chuanOVO\n|player|p1|\n|l|\u2606imaborat\n|player|p2|\n|l| Yagamoth\n","uploadtime":1722276440,"views":21,"formatid":"gen9vgc2024regg","rating":1717,"private":0,"password":null}