{"id":"gen9vgc2024regg-2169726956","format":"[Gen 9] VGC 2024 Reg G","players":["greenlightdmp","monkeyflipping"],"log":"|j|\u2606greenlightdmp\n|j|\u2606monkeyflipping\n|t:|1722286478\n|gametype|doubles\n|player|p1|greenlightdmp|265|1704\n|player|p2|monkeyflipping|magmasuit|1776\n|teamsize|p1|6\n|teamsize|p2|6\n|gen|9\n|tier|[Gen 9] VGC 2024 Reg G\n|rated|\n|rule|Species Clause: Limit one of each Pok\u00e9mon\n|rule|Item Clause: Limit one of each item\n|clearpoke\n|poke|p1|Calyrex-Ice, L50|\n|poke|p1|Smeargle, L50, F|\n|poke|p1|Ursaluna-Bloodmoon, L50, M|\n|poke|p1|Indeedee-F, L50, F|\n|poke|p1|Amoonguss, L50, M|\n|poke|p1|Raging Bolt, L50|\n|poke|p2|Tornadus, L50, M|\n|poke|p2|Kyogre, L50|\n|poke|p2|Electivire, L50, M|\n|poke|p2|Rillaboom, L50, F|\n|poke|p2|Tsareena, L50, F|\n|poke|p2|Gholdengo, L50|\n|teampreview|4\n|inactive|Battle timer is ON: inactive players will automatically lose when time's up. (requested by monkeyflipping)\n|inactive|greenlightdmp has 60 seconds left.\n|inactive|monkeyflipping has 60 seconds left.\n|\n|t:|1722286535\n|start\n|switch|p1a: Ari|Smeargle, L50, F, shiny|100\/100\n|switch|p1b: Zac|Raging Bolt, L50|100\/100\n|switch|p2a: Kyogre|Kyogre, L50|100\/100\n|switch|p2b: Electivire|Electivire, L50, M, shiny|100\/100\n|-weather|RainDance|[from] ability: Drizzle|[of] p2a: Kyogre\n|turn|1\n|inactive|greenlightdmp has 30 seconds left.\n|inactive|monkeyflipping has 30 seconds left.\n|inactive|greenlightdmp has 20 seconds left.\n|inactive|monkeyflipping has 20 seconds left.\n|inactive|greenlightdmp has 15 seconds left.\n|inactive|monkeyflipping has 15 seconds left.\n|inactive|greenlightdmp has 10 seconds left.\n|inactive|monkeyflipping has 10 seconds left.\n|\n|t:|1722286583\n|move|p1a: Ari|Fake Out|p2b: Electivire\n|-damage|p2b: Electivire|95\/100\n|cant|p2b: Electivire|flinch\n|move|p2a: Kyogre|Water Spout|p1a: Ari|[spread] p1a,p1b\n|-resisted|p1b: Zac\n|-crit|p1b: Zac\n|-enditem|p1a: Ari|Focus Sash\n|-damage|p1a: Ari|1\/100\n|-damage|p1b: Zac|55\/100\n|move|p1b: Zac|Electroweb|p2b: Electivire|[spread] p2a\n|-ability|p2b: Electivire|Motor Drive|boost\n|-boost|p2b: Electivire|spe|1\n|-supereffective|p2a: Kyogre\n|-damage|p2a: Kyogre|65\/100\n|-unboost|p2a: Kyogre|spe|1\n|\n|-weather|RainDance|[upkeep]\n|upkeep\n|turn|2\n|inactive|greenlightdmp has 30 seconds left.\n|inactive|greenlightdmp has 20 seconds left.\n|\n|t:|1722286621\n|switch|p2a: Tsareena|Tsareena, L50, F, shiny|100\/100\n|move|p2b: Electivire|Feint|p1a: Ari\n|-damage|p1a: Ari|0 fnt\n|faint|p1a: Ari\n|move|p1b: Zac|Thunderclap||[still]\n|cant|p2a: Tsareena|ability: Queenly Majesty|Thunderclap|[of] p1b: Zac\n|\n|-weather|RainDance|[upkeep]\n|upkeep\n|\n|t:|1722286628\n|switch|p1a: Rosey|Calyrex-Ice, L50|100\/100\n|-ability|p1a: Rosey|As One\n|-ability|p1a: Rosey|Unnerve\n|turn|3\n|inactive|monkeyflipping has 30 seconds left.\n|\n|t:|1722286661\n|-terastallize|p2a: Tsareena|Ice\n|-terastallize|p1a: Rosey|Fire\n|move|p2b: Electivire|Feint|p1a: Rosey\n|-damage|p1a: Rosey|94\/100\n|move|p2a: Tsareena|Taunt|p1a: Rosey\n|-start|p1a: Rosey|move: Taunt\n|move|p1b: Zac|Thunderbolt|p2a: Tsareena\n|-damage|p2a: Tsareena|45\/100\n|cant|p1a: Rosey|move: Taunt|Trick Room\n|\n|-weather|RainDance|[upkeep]\n|upkeep\n|turn|4\n|inactive|greenlightdmp has 30 seconds left.\n|\n|t:|1722286689\n|-end|p1b: Zac|Protosynthesis|[silent]\n|switch|p1b: Rich|Ursaluna-Bloodmoon, L50, M|100\/100\n|move|p2b: Electivire|Supercell Slam|p1a: Rosey\n|-damage|p1a: Rosey|65\/100\n|move|p2a: Tsareena|Triple Axel|p1b: Rich\n|-supereffective|p1b: Rich\n|-damage|p1b: Rich|87\/100\n|-supereffective|p1b: Rich\n|-damage|p1b: Rich|59\/100\n|-supereffective|p1b: Rich\n|-damage|p1b: Rich|17\/100\n|-hitcount|p1b: Rich|3\n|move|p1a: Rosey|Glacial Lance|p2b: Electivire|[spread] p2a,p2b\n|-resisted|p2a: Tsareena\n|-damage|p2a: Tsareena|10\/100\n|-damage|p2b: Electivire|28\/100\n|\n|-weather|RainDance|[upkeep]\n|upkeep\n|turn|5\n|inactive|greenlightdmp has 30 seconds left.\n|inactive|monkeyflipping has 30 seconds left.\n|inactive|greenlightdmp has 20 seconds left.\n|inactive|monkeyflipping has 20 seconds left.\n|inactive|greenlightdmp has 15 seconds left.\n|inactive|monkeyflipping has 15 seconds left.\n|\n|t:|1722286733\n|switch|p2a: Kyogre|Kyogre, L50|65\/100\n|switch|p1b: Zac|Raging Bolt, L50|55\/100\n|move|p2b: Electivire|Brick Break|p1b: Zac\n|-damage|p1b: Zac|35\/100\n|move|p1a: Rosey|Glacial Lance|p2a: Kyogre|[spread] p2a,p2b\n|-resisted|p2a: Kyogre\n|-damage|p2a: Kyogre|32\/100\n|-damage|p2b: Electivire|0 fnt\n|faint|p2b: Electivire\n|-ability|p1a: Rosey|Chilling Neigh|boost\n|-boost|p1a: Rosey|atk|1\n|\n|-weather|none\n|-end|p1a: Rosey|move: Taunt\n|upkeep\n|\n|t:|1722286737\n|switch|p2b: Tsareena|Tsareena, L50, F, shiny, tera:Ice|10\/100\n|turn|6\n|\n|t:|1722286761\n|move|p2a: Kyogre|Origin Pulse|p1a: Rosey|[spread] p1a,p1b\n|-supereffective|p1a: Rosey\n|-resisted|p1b: Zac\n|-damage|p1a: Rosey|0 fnt\n|-damage|p1b: Zac|21\/100\n|faint|p1a: Rosey\n|move|p2b: Tsareena|Triple Axel|p1b: Zac\n|-supereffective|p1b: Zac\n|-damage|p1b: Zac|7\/100\n|-supereffective|p1b: Zac\n|-damage|p1b: Zac|0 fnt\n|faint|p1b: Zac\n|-end|p1b: Zac|Protosynthesis|[silent]\n|-hitcount|p1: Zac|2\n|\n|upkeep\n|-message|greenlightdmp forfeited.\n|\n|win|monkeyflipping\n|raw|greenlightdmp's rating: 1704 &rarr; <strong>1688<\/strong><br \/>(-16 for losing)\n|raw|monkeyflipping's rating: 1776 &rarr; <strong>1792<\/strong><br \/>(+16 for winning)\n|l|\u2606greenlightdmp\n|player|p1|\n|c|\u2606monkeyflipping|gg easy\n|l|\u2606monkeyflipping\n|player|p2|\n|j|\u2606monkeyflipping\n|player|p2|monkeyflipping|magmasuit|\n|l|\u2606monkeyflipping\n|player|p2|\n|j|\u2606monkeyflipping\n|player|p2|monkeyflipping|magmasuit|\n|l|\u2606monkeyflipping\n|player|p2|\n|j|\u2606monkeyflipping\n|player|p2|monkeyflipping|magmasuit|\n|l|\u2606monkeyflipping\n|player|p2|\n","uploadtime":1722286779,"views":27,"formatid":"gen9vgc2024regg","rating":1688,"private":0,"password":null}