{"id":"gen9vgc2024regg-2169023618","format":"[Gen 9] VGC 2024 Reg G","players":["rexonagirl","Vitor_hsaf"],"log":"|j|\u2606rexonagirl\n|j|\u2606Vitor_hsaf\n|t:|1722188190\n|gametype|doubles\n|player|p1|rexonagirl|grimsley-masters|1689\n|player|p2|Vitor_hsaf|gardenia|1694\n|teamsize|p1|6\n|teamsize|p2|6\n|gen|9\n|tier|[Gen 9] VGC 2024 Reg G\n|rated|\n|rule|Species Clause: Limit one of each Pok\u00e9mon\n|rule|Item Clause: Limit one of each item\n|clearpoke\n|poke|p1|Tornadus, L50, M|\n|poke|p1|Chi-Yu, L50|\n|poke|p1|Calyrex-Shadow, L50|\n|poke|p1|Indeedee-F, L50, F|\n|poke|p1|Flutter Mane, L50|\n|poke|p1|Urshifu-*, L50, M|\n|poke|p2|Iron Hands, L50|\n|poke|p2|Miraidon, L50|\n|poke|p2|Tornadus, L50, M|\n|poke|p2|Ogerpon-Hearthflame, L50, F|\n|poke|p2|Farigiraf, L50, F|\n|poke|p2|Ursaluna-Bloodmoon, L50, M|\n|teampreview|4\n|inactive|Battle timer is ON: inactive players will automatically lose when time's up. (requested by rexonagirl)\n|inactive|Vitor_hsaf also wants the timer to be on.\n|j| Samevgcmons\n|j| Logan522\n|l| Logan522\n|inactive|rexonagirl has 60 seconds left.\n|inactive|Vitor_hsaf has 60 seconds left.\n|\n|t:|1722188241\n|start\n|switch|p1a: Indeedee|Indeedee-F, L50, F|100\/100\n|switch|p1b: Calyrex|Calyrex-Shadow, L50|100\/100\n|switch|p2a: Iron Hands|Iron Hands, L50|100\/100\n|switch|p2b: Farigiraf|Farigiraf, L50, F|100\/100\n|-ability|p1b: Calyrex|As One\n|-ability|p1b: Calyrex|Unnerve\n|-fieldstart|move: Psychic Terrain|[from] ability: Psychic Surge|[of] p1a: Indeedee\n|turn|1\n|j| bluestraggler02\n|\n|t:|1722188259\n|-terastallize|p2a: Iron Hands|Dark\n|move|p1b: Calyrex|Expanding Force|p2b: Farigiraf|[spread] p2b\n|-immune|p2a: Iron Hands\n|-resisted|p2b: Farigiraf\n|-crit|p2b: Farigiraf\n|-damage|p2b: Farigiraf|59\/100\n|move|p1a: Indeedee|Imprison|p1a: Indeedee\n|-start|p1a: Indeedee|move: Imprison\n|move|p2a: Iron Hands|Drain Punch|p1a: Indeedee\n|-damage|p1a: Indeedee|58\/100\n|-damage|p2a: Iron Hands|84\/100|[from] item: Rocky Helmet|[of] p1a: Indeedee\n|cant|p2b: Farigiraf|move: Imprison|Trick Room\n|\n|upkeep\n|turn|2\n|\n|t:|1722188279\n|switch|p2b: Miraidon|Miraidon, L50|100\/100\n|-fieldstart|move: Electric Terrain|[from] ability: Hadron Engine|[of] p2b: Miraidon\n|-activate|p2a: Iron Hands|ability: Quark Drive\n|-start|p2a: Iron Hands|quarkdriveatk\n|-terastallize|p1b: Calyrex|Fighting\n|move|p1a: Indeedee|Helping Hand|p1b: Calyrex\n|-singleturn|p1b: Calyrex|Helping Hand|[of] p1a: Indeedee\n|move|p1b: Calyrex|Tera Blast|p2a: Iron Hands|[anim] Tera Blast Fighting\n|-supereffective|p2a: Iron Hands\n|-damage|p2a: Iron Hands|0 fnt\n|faint|p2a: Iron Hands\n|-end|p2a: Iron Hands|Quark Drive|[silent]\n|-ability|p1b: Calyrex|Grim Neigh|boost\n|-boost|p1b: Calyrex|spa|1\n|\n|upkeep\n|\n|t:|1722188291\n|switch|p2a: Farigiraf|Farigiraf, L50, F|59\/100\n|-enditem|p2a: Farigiraf|Electric Seed\n|-boost|p2a: Farigiraf|def|1|[from] item: Electric Seed\n|turn|3\n|\n|t:|1722188313\n|move|p1a: Indeedee|Helping Hand|p1b: Calyrex\n|-singleturn|p1b: Calyrex|Helping Hand|[of] p1a: Indeedee\n|move|p1b: Calyrex|Expanding Force|p2b: Miraidon\n|-damage|p2b: Miraidon|0 fnt\n|faint|p2b: Miraidon\n|-ability|p1b: Calyrex|Grim Neigh|boost\n|-boost|p1b: Calyrex|spa|1\n|move|p2a: Farigiraf|Psychic|p1b: Calyrex\n|-supereffective|p1b: Calyrex\n|-crit|p1b: Calyrex\n|-enditem|p1b: Calyrex|Focus Sash\n|-damage|p1b: Calyrex|1\/100\n|\n|upkeep\n|\n|t:|1722188322\n|switch|p2b: Ursaluna|Ursaluna-Bloodmoon, L50, M|100\/100\n|turn|4\n|\n|t:|1722188329\n|move|p2b: Ursaluna|Protect|p2b: Ursaluna\n|-singleturn|p2b: Ursaluna|Protect\n|move|p1a: Indeedee|Follow Me|p1a: Indeedee\n|-singleturn|p1a: Indeedee|move: Follow Me\n|move|p1b: Calyrex|Tera Blast|p2b: Ursaluna|[anim] Tera Blast Fighting\n|-activate|p2b: Ursaluna|move: Protect\n|move|p2a: Farigiraf|Foul Play|p1a: Indeedee\n|-supereffective|p1a: Indeedee\n|-damage|p1a: Indeedee|38\/100\n|-damage|p2a: Farigiraf|42\/100|[from] item: Rocky Helmet|[of] p1a: Indeedee\n|\n|upkeep\n|turn|5\n|\n|t:|1722188345\n|move|p2b: Ursaluna|Protect||[still]\n|-fail|p2b: Ursaluna\n|move|p1a: Indeedee|Follow Me|p1a: Indeedee\n|-singleturn|p1a: Indeedee|move: Follow Me\n|move|p1b: Calyrex|Tera Blast|p2b: Ursaluna|[anim] Tera Blast Fighting\n|-supereffective|p2b: Ursaluna\n|-damage|p2b: Ursaluna|0 fnt\n|faint|p2b: Ursaluna\n|-ability|p1b: Calyrex|Grim Neigh|boost\n|-boost|p1b: Calyrex|spa|1\n|move|p2a: Farigiraf|Psychic|p1a: Indeedee\n|-resisted|p1a: Indeedee\n|-damage|p1a: Indeedee|20\/100\n|-unboost|p1a: Indeedee|spd|1\n|\n|upkeep\n|turn|6\n|l| Samevgcmons\n|\n|t:|1722188358\n|move|p1a: Indeedee|Follow Me|p1a: Indeedee\n|-singleturn|p1a: Indeedee|move: Follow Me\n|move|p1b: Calyrex|Tera Blast|p2a: Farigiraf|[anim] Tera Blast Fighting\n|-damage|p2a: Farigiraf|0 fnt\n|faint|p2a: Farigiraf\n|\n|win|rexonagirl\n|raw|rexonagirl's rating: 1689 &rarr; <strong>1709<\/strong><br \/>(+20 for winning)\n|raw|Vitor_hsaf's rating: 1694 &rarr; <strong>1674<\/strong><br \/>(-20 for losing)\n|l| bluestraggler02\n","uploadtime":1722188509,"views":11,"formatid":"gen9vgc2024regg","rating":1674,"private":0,"password":null}