{"id":"gen9vgc2024regg-2169854229","format":"[Gen 9] VGC 2024 Reg G","players":["Rebirthruby","Chysial"],"log":"|j|\u2606Rebirthruby\n|j|\u2606Chysial\n|t:|1722302545\n|gametype|doubles\n|player|p1|Rebirthruby|169|1686\n|player|p2|Chysial|iris-gen5bw2|1733\n|teamsize|p1|6\n|teamsize|p2|6\n|gen|9\n|tier|[Gen 9] VGC 2024 Reg G\n|rated|\n|rule|Species Clause: Limit one of each Pok\u00e9mon\n|rule|Item Clause: Limit one of each item\n|clearpoke\n|poke|p1|Calyrex-Ice, L50|\n|poke|p1|Annihilape, L50, M|\n|poke|p1|Ogerpon-Wellspring, L50, F|\n|poke|p1|Urshifu-*, L50, M|\n|poke|p1|Ursaluna-Bloodmoon, L50, M|\n|poke|p1|Smeargle, L50, M|\n|poke|p2|Terapagos, L50, M|\n|poke|p2|Hawlucha, L50, F|\n|poke|p2|Ogerpon-Wellspring, L50, F|\n|poke|p2|Incineroar, L50, F|\n|poke|p2|Comfey, L50, F|\n|poke|p2|Flutter Mane, L50|\n|teampreview|4\n|j| DSpydr84\n|\n|t:|1722302576\n|start\n|switch|p1a: Annihilape|Annihilape, L50, M|100\/100\n|switch|p1b: Calyrex|Calyrex-Ice, L50|100\/100\n|switch|p2a: Hawlucha|Hawlucha, L50, F, shiny|100\/100\n|switch|p2b: Terapagos|Terapagos, L50, M|100\/100\n|-activate|p2b: Terapagos|ability: Tera Shift\n|detailschange|p2b: Terapagos|Terapagos-Terastal, L50, M\n|-heal|p2b: Terapagos|100\/100|[silent]\n|-ability|p1b: Calyrex|As One\n|-ability|p1b: Calyrex|Unnerve\n|turn|1\n|\n|t:|1722302618\n|switch|p2b: Incineroar|Incineroar, L50, F, shiny|100\/100\n|-ability|p2b: Incineroar|Intimidate|boost\n|-unboost|p1a: Annihilape|atk|1\n|-ability|p1a: Annihilape|Defiant|boost\n|-boost|p1a: Annihilape|atk|2\n|-unboost|p1b: Calyrex|atk|1\n|move|p2a: Hawlucha|Coaching|p2b: Incineroar\n|-boost|p2b: Incineroar|atk|1\n|-boost|p2b: Incineroar|def|1\n|move|p1a: Annihilape|Coaching|p1b: Calyrex\n|-boost|p1b: Calyrex|atk|1\n|-boost|p1b: Calyrex|def|1\n|move|p1b: Calyrex|Trick Room|p1b: Calyrex\n|-fieldstart|move: Trick Room|[of] p1b: Calyrex\n|\n|upkeep\n|turn|2\n|\n|t:|1722302653\n|move|p2a: Hawlucha|Detect|p2a: Hawlucha\n|-singleturn|p2a: Hawlucha|Protect\n|move|p1b: Calyrex|High Horsepower|p2b: Incineroar\n|-supereffective|p2b: Incineroar\n|-damage|p2b: Incineroar|55\/100\n|move|p2b: Incineroar|Knock Off|p1a: Annihilape\n|-damage|p1a: Annihilape|40\/100\n|-enditem|p1a: Annihilape|Roseli Berry|[from] move: Knock Off|[of] p2b: Incineroar\n|move|p1a: Annihilape|Close Combat|p2a: Hawlucha\n|-activate|p2a: Hawlucha|move: Protect\n|\n|upkeep\n|turn|3\n|\n|t:|1722302687\n|switch|p2a: Comfey|Comfey, L50, F|100\/100\n|move|p1b: Calyrex|Glacial Lance|p2b: Incineroar|[spread] p2a,p2b\n|-resisted|p2b: Incineroar\n|-damage|p2a: Comfey|49\/100\n|-damage|p2b: Incineroar|38\/100\n|move|p2b: Incineroar|U-turn|p1b: Calyrex\n|-supereffective|p1b: Calyrex\n|-damage|p1b: Calyrex|77\/100\n|\n|t:|1722302695\n|switch|p2b: Terapagos|Terapagos-Terastal, L50, M|100\/100|[from] U-turn\n|move|p1a: Annihilape|Close Combat|p2a: Comfey\n|-resisted|p2a: Comfey\n|-damage|p2a: Comfey|17\/100\n|-unboost|p1a: Annihilape|def|1\n|-unboost|p1a: Annihilape|spd|1\n|\n|upkeep\n|turn|4\n|\n|t:|1722302719\n|switch|p1a: Ursaluna|Ursaluna-Bloodmoon, L50, M|100\/100\n|-terastallize|p2b: Terapagos|Stellar\n|detailschange|p2b: Terapagos|Terapagos-Stellar, L50, M, tera:Stellar\n|-heal|p2b: Terapagos|100\/100|[silent]\n|move|p2a: Comfey|Protect|p2a: Comfey\n|-singleturn|p2a: Comfey|Protect\n|move|p1b: Calyrex|Glacial Lance|p2b: Terapagos|[spread] p2b\n|-activate|p2a: Comfey|move: Protect\n|-damage|p2b: Terapagos|68\/100\n|move|p2b: Terapagos|Tera Starstorm|p1b: Calyrex|[spread] p1a,p1b\n|-damage|p1a: Ursaluna|58\/100\n|-damage|p1b: Calyrex|47\/100\n|-enditem|p1b: Calyrex|Sitrus Berry|[eat]\n|-heal|p1b: Calyrex|72\/100|[from] item: Sitrus Berry\n|\n|upkeep\n|turn|5\n|\n|t:|1722302739\n|switch|p2a: Incineroar|Incineroar, L50, F, shiny|38\/100\n|-ability|p2a: Incineroar|Intimidate|boost\n|-unboost|p1a: Ursaluna|atk|1\n|-unboost|p1b: Calyrex|atk|1\n|move|p2b: Terapagos|Protect|p2b: Terapagos\n|-singleturn|p2b: Terapagos|Protect\n|move|p1a: Ursaluna|Blood Moon|p2b: Terapagos\n|-activate|p2b: Terapagos|move: Protect\n|move|p1b: Calyrex|Glacial Lance|p2a: Incineroar|[spread] p2a\n|-activate|p2b: Terapagos|move: Protect\n|-resisted|p2a: Incineroar\n|-damage|p2a: Incineroar|23\/100\n|\n|-fieldend|move: Trick Room\n|upkeep\n|turn|6\n|\n|t:|1722302759\n|move|p1b: Calyrex|Protect|p1b: Calyrex\n|-singleturn|p1b: Calyrex|Protect\n|move|p2b: Terapagos|Tera Starstorm|p1b: Calyrex|[spread] p1a\n|-activate|p1b: Calyrex|move: Protect\n|-damage|p1a: Ursaluna|17\/100\n|move|p2a: Incineroar|Flare Blitz|p1b: Calyrex\n|-activate|p1b: Calyrex|move: Protect\n|move|p1a: Ursaluna|Hyper Voice|p2a: Incineroar|[spread] p2a,p2b\n|-damage|p2a: Incineroar|0 fnt\n|-damage|p2b: Terapagos|35\/100\n|faint|p2a: Incineroar\n|-damage|p1a: Ursaluna|7\/100|[from] item: Life Orb\n|\n|upkeep\n|\n|t:|1722302772\n|switch|p2a: Hawlucha|Hawlucha, L50, F, shiny|100\/100\n|turn|7\n|\n|t:|1722302787\n|move|p1a: Ursaluna|Vacuum Wave|p2a: Hawlucha\n|-resisted|p2a: Hawlucha\n|-damage|p2a: Hawlucha|84\/100\n|-damage|p1a: Ursaluna|0 fnt|[from] item: Life Orb\n|faint|p1a: Ursaluna\n|move|p2a: Hawlucha|Flying Press|p1b: Calyrex\n|-damage|p1b: Calyrex|54\/100\n|move|p2b: Terapagos|Tera Starstorm|p1b: Calyrex\n|-damage|p1b: Calyrex|14\/100\n|move|p1b: Calyrex|Trick Room|p1b: Calyrex\n|-fieldstart|move: Trick Room|[of] p1b: Calyrex\n|\n|upkeep\n|\n|t:|1722302800\n|switch|p1a: Smeargle|Smeargle, L50, M|100\/100\n|turn|8\n|j| zzz1994000\n|\n|t:|1722302829\n|move|p2a: Hawlucha|Feint|p1a: Smeargle\n|-damage|p1a: Smeargle|87\/100\n|move|p1a: Smeargle|Decorate|p1b: Calyrex\n|-boost|p1b: Calyrex|atk|2\n|-boost|p1b: Calyrex|spa|2\n|move|p1b: Calyrex|Glacial Lance|p2a: Hawlucha|[spread] p2a,p2b\n|-supereffective|p2a: Hawlucha\n|-damage|p2a: Hawlucha|0 fnt\n|-damage|p2b: Terapagos|0 fnt\n|faint|p2a: Hawlucha\n|faint|p2b: Terapagos\n|-ability|p1b: Calyrex|Chilling Neigh|boost\n|-boost|p1b: Calyrex|atk|2\n|\n|upkeep\n|l| zzz1994000\n|-message|Chysial forfeited.\n|\n|win|Rebirthruby\n|raw|Rebirthruby's rating: 1686 &rarr; <strong>1709<\/strong><br \/>(+23 for winning)\n|raw|Chysial's rating: 1733 &rarr; <strong>1710<\/strong><br \/>(-23 for losing)\n|l|\u2606Chysial\n|player|p2|\n|l| DSpydr84\n|l|\u2606Rebirthruby\n|player|p1|\n","uploadtime":1722303035,"views":12,"formatid":"gen9vgc2024regg","rating":1709,"private":0,"password":null}