{"id":"gen9vgc2024regg-2169931139","format":"[Gen 9] VGC 2024 Reg G","players":["moon7777","sjbz"],"log":"|j|\u2606moon7777\n|j|\u2606sjbz\n|t:|1722313164\n|gametype|doubles\n|player|p1|moon7777|265|1654\n|player|p2|sjbz|veteranf|1752\n|teamsize|p1|6\n|teamsize|p2|6\n|gen|9\n|tier|[Gen 9] VGC 2024 Reg G\n|rated|\n|rule|Species Clause: Limit one of each Pok\u00e9mon\n|rule|Item Clause: Limit one of each item\n|clearpoke\n|poke|p1|Calyrex-Shadow, L50|\n|poke|p1|Cobalion, L50|\n|poke|p1|Rillaboom, L50, M|\n|poke|p1|Raging Bolt, L50|\n|poke|p1|Tornadus, L50, M|\n|poke|p1|Urshifu-*, L50, M|\n|poke|p2|Incineroar, L50, M|\n|poke|p2|Rillaboom, L50, F|\n|poke|p2|Calyrex-Ice, L50|\n|poke|p2|Urshifu-*, L50, M|\n|poke|p2|Pelipper, L50, F|\n|poke|p2|Raging Bolt, L50|\n|teampreview|4\n|inactive|Battle timer is ON: inactive players will automatically lose when time's up. (requested by moon7777)\nmoon7777 has agreed to open team sheets.\n|\n|t:|1722313205\n|start\n|switch|p1a: Cobalion|Cobalion, L50|100\/100\n|switch|p1b: Rillaboom|Rillaboom, L50, M|100\/100\n|switch|p2a: Calyrex|Calyrex-Ice, L50|100\/100\n|switch|p2b: Incineroar|Incineroar, L50, M, shiny|100\/100\n|-ability|p2a: Calyrex|As One\n|-ability|p2a: Calyrex|Unnerve\n|-fieldstart|move: Grassy Terrain|[from] ability: Grassy Surge|[of] p1b: Rillaboom\n|-enditem|p1a: Cobalion|Grassy Seed\n|-boost|p1a: Cobalion|def|1|[from] item: Grassy Seed\n|-ability|p2b: Incineroar|Intimidate|boost\n|-unboost|p1a: Cobalion|atk|1\n|-unboost|p1b: Rillaboom|atk|1\n|turn|1\n|\n|t:|1722313222\n|move|p1b: Rillaboom|Fake Out|p2a: Calyrex\n|-damage|p2a: Calyrex|95\/100\n|move|p1a: Cobalion|Body Press|p2b: Incineroar\n|-supereffective|p2b: Incineroar\n|-damage|p2b: Incineroar|0 fnt\n|faint|p2b: Incineroar\n|cant|p2a: Calyrex|flinch\n|\n|-heal|p2a: Calyrex|100\/100|[from] Grassy Terrain\n|upkeep\n|\n|t:|1722313229\n|switch|p2b: Raging Bolt|Raging Bolt, L50|100\/100\n|-enditem|p2b: Raging Bolt|Booster Energy\n|-activate|p2b: Raging Bolt|ability: Protosynthesis|[fromitem]\n|-start|p2b: Raging Bolt|protosynthesisspa\n|turn|2\n|\n|t:|1722313241\n|move|p1a: Cobalion|Taunt|p2a: Calyrex\n|-start|p2a: Calyrex|move: Taunt\n|move|p1b: Rillaboom|U-turn|p2b: Raging Bolt\n|-damage|p2b: Raging Bolt|87\/100\n|\n|t:|1722313246\n|switch|p1b: Calyrex|Calyrex-Shadow, L50|100\/100|[from] U-turn\n|-ability|p1b: Calyrex|As One\n|-ability|p1b: Calyrex|Unnerve\n|move|p2b: Raging Bolt|Thunderbolt|p1a: Cobalion\n|-damage|p1a: Cobalion|17\/100\n|move|p2a: Calyrex|Glacial Lance|p1a: Cobalion|[spread] p1a,p1b\n|-resisted|p1a: Cobalion\n|-damage|p1a: Cobalion|5\/100\n|-damage|p1b: Calyrex|28\/100\n|\n|-heal|p1b: Calyrex|34\/100|[from] Grassy Terrain\n|-heal|p1a: Cobalion|11\/100|[from] Grassy Terrain\n|-heal|p2b: Raging Bolt|93\/100|[from] Grassy Terrain\n|upkeep\n|turn|3\n|inactive|moon7777 has 30 seconds left.\n|\n|t:|1722313272\n|move|p1b: Calyrex|Protect|p1b: Calyrex\n|-singleturn|p1b: Calyrex|Protect\n|move|p2b: Raging Bolt|Thunderclap||[still]\n|-fail|p2b: Raging Bolt\n|move|p1a: Cobalion|Body Press|p2b: Raging Bolt\n|-damage|p2b: Raging Bolt|35\/100\n|move|p2a: Calyrex|Glacial Lance|p1b: Calyrex|[spread] p1a\n|-activate|p1b: Calyrex|move: Protect\n|-resisted|p1a: Cobalion\n|-damage|p1a: Cobalion|0 fnt\n|faint|p1a: Cobalion\n|-ability|p2a: Calyrex|Chilling Neigh|boost\n|-boost|p2a: Calyrex|atk|1\n|\n|-heal|p1b: Calyrex|39\/100|[from] Grassy Terrain\n|-heal|p2b: Raging Bolt|42\/100|[from] Grassy Terrain\n|upkeep\n|\n|t:|1722313290\n|switch|p1a: Rillaboom|Rillaboom, L50, M|100\/100\n|turn|4\n|\n|t:|1722313305\n|-terastallize|p2a: Calyrex|Water\n|move|p1a: Rillaboom|Fake Out|p2b: Raging Bolt\n|-damage|p2b: Raging Bolt|30\/100\n|cant|p2b: Raging Bolt|flinch\n|move|p1b: Calyrex|Disable|p2a: Calyrex\n|-start|p2a: Calyrex|Disable|Glacial Lance\n|cant|p2a: Calyrex|Disable|Glacial Lance\n|\n|-heal|p1b: Calyrex|45\/100|[from] Grassy Terrain\n|-heal|p2b: Raging Bolt|37\/100|[from] Grassy Terrain\n|-end|p2a: Calyrex|move: Taunt\n|upkeep\n|turn|5\n|inactive|sjbz has 30 seconds left.\n|\n|t:|1722313331\n|move|p2b: Raging Bolt|Protect|p2b: Raging Bolt\n|-singleturn|p2b: Raging Bolt|Protect\n|move|p1b: Calyrex|Astral Barrage|p2b: Raging Bolt|[spread] p2a\n|-activate|p2b: Raging Bolt|move: Protect\n|-damage|p2a: Calyrex|68\/100\n|move|p1a: Rillaboom|Wood Hammer|p2a: Calyrex\n|-supereffective|p2a: Calyrex\n|-damage|p2a: Calyrex|0 fnt\n|faint|p2a: Calyrex\n|-damage|p1a: Rillaboom|78\/100|[from] Recoil\n|\n|-heal|p1b: Calyrex|51\/100|[from] Grassy Terrain\n|-heal|p1a: Rillaboom|84\/100|[from] Grassy Terrain\n|-heal|p2b: Raging Bolt|43\/100|[from] Grassy Terrain\n|-fieldend|move: Grassy Terrain\n|upkeep\n|\n|t:|1722313336\n|switch|p2a: Urshifu|Urshifu-Rapid-Strike, L50, M|100\/100\n|turn|6\n|\n|t:|1722313357\n|move|p2a: Urshifu|Surging Strikes|p1b: Calyrex\n|-crit|p1b: Calyrex\n|-damage|p1b: Calyrex|26\/100\n|-crit|p1b: Calyrex\n|-damage|p1b: Calyrex|2\/100\n|-crit|p1b: Calyrex\n|-damage|p1b: Calyrex|0 fnt\n|faint|p1b: Calyrex\n|-hitcount|p1: Calyrex|3\n|move|p1a: Rillaboom|Wood Hammer|p2a: Urshifu\n|-supereffective|p2a: Urshifu\n|-damage|p2a: Urshifu|0 fnt\n|faint|p2a: Urshifu\n|-damage|p1a: Rillaboom|55\/100|[from] Recoil\n|move|p2b: Raging Bolt|Draco Meteor|p1a: Rillaboom\n|-damage|p1a: Rillaboom|0 fnt\n|-unboost|p2b: Raging Bolt|spa|2\n|faint|p1a: Rillaboom\n|\n|upkeep\n|\n|t:|1722313362\n|switch|p1b: Urshifu|Urshifu-Rapid-Strike, L50, M|100\/100\n|turn|7\n|\n|t:|1722313369\n|-terastallize|p1b: Urshifu|Grass\n|move|p1b: Urshifu|Close Combat|p2b: Raging Bolt\n|-damage|p2b: Raging Bolt|0 fnt\n|-unboost|p1b: Urshifu|def|1\n|-unboost|p1b: Urshifu|spd|1\n|faint|p2b: Raging Bolt\n|-end|p2b: Raging Bolt|Protosynthesis|[silent]\n|\n|win|moon7777\n|raw|moon7777's rating: 1654 &rarr; <strong>1679<\/strong><br \/>(+25 for winning)\n|raw|sjbz's rating: 1752 &rarr; <strong>1727<\/strong><br \/>(-25 for losing)\n|l|\u2606sjbz\n|player|p2|\n|l|\u2606moon7777\n|player|p1|\n","uploadtime":1722313561,"views":10,"formatid":"gen9vgc2024regg","rating":1679,"private":0,"password":null}