{"id":"gen9vgc2024regg-2169502148","format":"[Gen 9] VGC 2024 Reg G","players":["chuanOVO","roseyradio"],"log":"|j|\u2606chuanOVO\n|j|\u2606roseyradio\n|t:|1722261044\n|gametype|doubles\n|player|p1|chuanOVO|n|1807\n|player|p2|roseyradio|skier|1782\n|teamsize|p1|6\n|teamsize|p2|6\n|gen|9\n|tier|[Gen 9] VGC 2024 Reg G\n|rated|\n|rule|Species Clause: Limit one of each Pok\u00e9mon\n|rule|Item Clause: Limit one of each item\n|clearpoke\n|poke|p1|Calyrex-Shadow, L50|\n|poke|p1|Mienshao, L50, M|\n|poke|p1|Weezing-Galar, L50, M|\n|poke|p1|Maushold, L50|\n|poke|p1|Dondozo, L50, M|\n|poke|p1|Tatsugiri, L50, M|\n|poke|p2|Calyrex-Ice, L50|\n|poke|p2|Smeargle, L50, F|\n|poke|p2|Ursaluna-Bloodmoon, L50, M|\n|poke|p2|Indeedee-F, L50, F|\n|poke|p2|Amoonguss, L50, M|\n|poke|p2|Raging Bolt, L50|\n|teampreview|4\n|j| goldonauta\n|inactive|Battle timer is ON: inactive players will automatically lose when time's up. (requested by roseyradio)\n|\n|t:|1722261071\n|start\n|switch|p1a: Maushold|Maushold, L50, shiny|100\/100\n|switch|p1b: Calyrex|Calyrex-Shadow, L50|100\/100\n|switch|p2a: Calyrex|Calyrex-Ice, L50|100\/100\n|switch|p2b: Smeargle|Smeargle, L50, F, shiny|100\/100\n|-ability|p1b: Calyrex|As One\n|-ability|p1b: Calyrex|Unnerve\n|-ability|p2a: Calyrex|As One\n|-ability|p2a: Calyrex|Unnerve\n|turn|1\n|inactive|chuanOVO has 30 seconds left.\n|\n|t:|1722261099\n|-terastallize|p2a: Calyrex|Fire\n|move|p1a: Maushold|Helping Hand|p1b: Calyrex\n|-singleturn|p1b: Calyrex|Helping Hand|[of] p1a: Maushold\n|move|p2b: Smeargle|Fake Out|p1a: Maushold\n|-damage|p1a: Maushold|95\/100\n|-damage|p2b: Smeargle|84\/100|[from] item: Rocky Helmet|[of] p1a: Maushold\n|move|p1b: Calyrex|Astral Barrage|p2a: Calyrex|[spread] p2a\n|-immune|p2b: Smeargle\n|-damage|p2a: Calyrex|9\/100\n|move|p2a: Calyrex|Trick Room|p2a: Calyrex\n|-fieldstart|move: Trick Room|[of] p2a: Calyrex\n|\n|upkeep\n|turn|2\n|j| rabbithorn01\n|\n|t:|1722261122\n|switch|p2a: Ursaluna|Ursaluna-Bloodmoon, L50, M|100\/100\n|move|p1a: Maushold|Follow Me|p1a: Maushold\n|-singleturn|p1a: Maushold|move: Follow Me\n|move|p2b: Smeargle|Spore|p1a: Maushold\n|-status|p1a: Maushold|slp|[from] move: Spore\n|move|p1b: Calyrex|Astral Barrage|p2a: Ursaluna|[spread] \n|-immune|p2a: Ursaluna\n|-immune|p2b: Smeargle\n|\n|upkeep\n|turn|3\n|\n|t:|1722261143\n|switch|p1a: Dondozo|Dondozo, L50, M, shiny|100\/100\n|switch|p1b: Tatsugiri|Tatsugiri, L50, M, shiny|100\/100\n|-activate|p1b: Tatsugiri|ability: Commander|[of] p1a: Dondozo\n|-boost|p1a: Dondozo|atk|2\n|-boost|p1a: Dondozo|spa|2\n|-boost|p1a: Dondozo|spe|2\n|-boost|p1a: Dondozo|def|2\n|-boost|p1a: Dondozo|spd|2\n|move|p2b: Smeargle|Spore|p1b: Tatsugiri|[miss]\n|-miss|p2b: Smeargle|p1b: Tatsugiri\n|move|p2a: Ursaluna|Blood Moon|p1a: Dondozo\n|-damage|p1a: Dondozo|52\/100\n|-damage|p2a: Ursaluna|91\/100|[from] item: Life Orb\n|\n|-heal|p1a: Dondozo|58\/100|[from] item: Leftovers\n|upkeep\n|turn|4\n|\n|t:|1722261167\n|switch|p2a: Amoonguss|Amoonguss, L50, M|100\/100\n|-terastallize|p1a: Dondozo|Grass\n|move|p2b: Smeargle|Spore|p1a: Dondozo\n|-immune|p1a: Dondozo\n|move|p1a: Dondozo|Earthquake|p2b: Smeargle|[spread] p2a,p2b\n|-miss|p1a: Dondozo|p1b: Tatsugiri\n|-damage|p2a: Amoonguss|68\/100\n|-damage|p2b: Smeargle|26\/100\n|\n|-heal|p1a: Dondozo|65\/100|[from] item: Leftovers\n|upkeep\n|turn|5\n|inactive|roseyradio has 30 seconds left.\n|inactive|roseyradio has 20 seconds left.\n|\n|t:|1722261205\n|move|p1a: Dondozo|Protect|p1a: Dondozo\n|-singleturn|p1a: Dondozo|Protect\n|move|p2a: Amoonguss|Clear Smog|p1a: Dondozo\n|-activate|p1a: Dondozo|move: Protect\n|move|p2b: Smeargle|Decorate|p2a: Amoonguss\n|-boost|p2a: Amoonguss|atk|2\n|-boost|p2a: Amoonguss|spa|2\n|\n|-heal|p1a: Dondozo|71\/100|[from] item: Leftovers\n|-fieldend|move: Trick Room\n|upkeep\n|turn|6\n|\n|t:|1722261225\n|move|p1a: Dondozo|Earthquake|p2b: Smeargle|[spread] p2a,p2b\n|-miss|p1a: Dondozo|p1b: Tatsugiri\n|-crit|p2b: Smeargle\n|-damage|p2a: Amoonguss|32\/100\n|-damage|p2b: Smeargle|0 fnt\n|faint|p2b: Smeargle\n|move|p2a: Amoonguss|Clear Smog|p1a: Dondozo\n|-supereffective|p1a: Dondozo\n|-damage|p1a: Dondozo|55\/100\n|-clearboost|p1a: Dondozo\n|\n|-heal|p1a: Dondozo|61\/100|[from] item: Leftovers\n|upkeep\n|inactive|roseyradio has 30 seconds left.\n|inactive|roseyradio has 20 seconds left.\n|inactive|roseyradio has 15 seconds left.\n|\n|t:|1722261268\n|switch|p2b: Calyrex|Calyrex-Ice, L50, tera:Fire|9\/100\n|-ability|p2b: Calyrex|As One\n|-ability|p2b: Calyrex|Unnerve\n|turn|7\n|\n|t:|1722261291\n|move|p1a: Dondozo|Earthquake|p2b: Calyrex|[spread] p2a,p2b\n|-miss|p1a: Dondozo|p1b: Tatsugiri\n|-supereffective|p2b: Calyrex\n|-damage|p2a: Amoonguss|16\/100\n|-damage|p2b: Calyrex|0 fnt\n|faint|p2b: Calyrex\n|move|p2a: Amoonguss|Spore|p1b: Tatsugiri|[miss]\n|-miss|p2a: Amoonguss|p1b: Tatsugiri\n|\n|-heal|p1a: Dondozo|67\/100|[from] item: Leftovers\n|upkeep\n|-message|roseyradio forfeited.\n|\n|win|chuanOVO\n|raw|chuanOVO's rating: 1807 &rarr; <strong>1826<\/strong><br \/>(+19 for winning)\n|raw|roseyradio's rating: 1782 &rarr; <strong>1763<\/strong><br \/>(-19 for losing)\n|l|\u2606roseyradio\n|player|p2|\n|l|\u2606chuanOVO\n|player|p1|\n|l| goldonauta\n|j| goldonauta\n","uploadtime":1722261349,"views":25,"formatid":"gen9vgc2024regg","rating":1763,"private":0,"password":null}