{"id":"gen9vgc2024regg-2169295011","format":"[Gen 9] VGC 2024 Reg G","players":["lon0907vgc","Paradox Mourinho"],"log":"|j|\u2606lon0907vgc\n|j|\u2606Paradox Mourinho\n|t:|1722223558\n|gametype|doubles\n|player|p1|lon0907vgc|lass-gen4dp|1691\n|player|p2|Paradox Mourinho|lance|1864\n|teamsize|p1|6\n|teamsize|p2|6\n|gen|9\n|tier|[Gen 9] VGC 2024 Reg G\n|rated|\n|rule|Species Clause: Limit one of each Pok\u00e9mon\n|rule|Item Clause: Limit one of each item\n|clearpoke\n|poke|p1|Miraidon, L50|\n|poke|p1|Iron Hands, L50|\n|poke|p1|Farigiraf, L50, F|\n|poke|p1|Whimsicott, L50, F|\n|poke|p1|Ogerpon-Hearthflame, L50, F|\n|poke|p1|Urshifu-*, L50, M|\n|poke|p2|Calyrex-Shadow, L50|\n|poke|p2|Maushold, L50|\n|poke|p2|Tatsugiri, L50, M|\n|poke|p2|Dondozo, L50, M|\n|poke|p2|Mienshao, L50, F|\n|poke|p2|Weezing-Galar, L50, F|\n|teampreview|4\n|\n|t:|1722223619\n|start\n|switch|p1a: Farigiraf|Farigiraf, L50, F|100\/100\n|switch|p1b: Miraidon|Miraidon, L50|100\/100\n|switch|p2a: Calyrex|Calyrex-Shadow, L50|100\/100\n|switch|p2b: Maushold|Maushold, L50|100\/100\n|-ability|p2a: Calyrex|As One\n|-ability|p2a: Calyrex|Unnerve\n|-fieldstart|move: Electric Terrain|[from] ability: Hadron Engine|[of] p1b: Miraidon\n|-enditem|p1a: Farigiraf|Electric Seed\n|-boost|p1a: Farigiraf|def|1|[from] item: Electric Seed\n|turn|1\n|j| rabbithorn01\n|\n|t:|1722223637\n|move|p2b: Maushold|Helping Hand|p2a: Calyrex\n|-singleturn|p2a: Calyrex|Helping Hand|[of] p2b: Maushold\n|move|p2a: Calyrex|Astral Barrage|p1b: Miraidon|[spread] p1b\n|-immune|p1a: Farigiraf\n|-damage|p1b: Miraidon|3\/100\n|move|p1b: Miraidon|Volt Switch|p2a: Calyrex\n|-damage|p2a: Calyrex|38\/100\n|\n|t:|1722223663\n|switch|p1b: Ogerpon|Ogerpon-Hearthflame, L50, F|100\/100|[from] Volt Switch\n|-ability|p1b: Ogerpon|Mold Breaker\n|move|p1a: Farigiraf|Trick Room|p1a: Farigiraf\n|-fieldstart|move: Trick Room|[of] p1a: Farigiraf\n|\n|upkeep\n|turn|2\n|\n|t:|1722223682\n|move|p1b: Ogerpon|Spiky Shield|p1b: Ogerpon\n|-singleturn|p1b: Ogerpon|move: Protect\n|move|p2b: Maushold|Follow Me|p2b: Maushold\n|-singleturn|p2b: Maushold|move: Follow Me\n|move|p1a: Farigiraf|Foul Play|p2b: Maushold\n|-damage|p2b: Maushold|83\/100\n|-damage|p1a: Farigiraf|84\/100|[from] item: Rocky Helmet|[of] p2b: Maushold\n|move|p2a: Calyrex|Astral Barrage|p1a: Farigiraf|[spread] \n|-activate|p1b: Ogerpon|move: Protect\n|-immune|p1a: Farigiraf\n|\n|upkeep\n|turn|3\n|\n|t:|1722223701\n|move|p2b: Maushold|Follow Me|p2b: Maushold\n|-singleturn|p2b: Maushold|move: Follow Me\n|move|p1a: Farigiraf|Psychic|p2b: Maushold\n|-damage|p2b: Maushold|46\/100\n|move|p1b: Ogerpon|Ivy Cudgel|p2b: Maushold|[anim] Ivy Cudgel Fire\n|-damage|p2b: Maushold|0 fnt\n|faint|p2b: Maushold\n|move|p2a: Calyrex|Astral Barrage|p1a: Farigiraf|[spread] p1b\n|-immune|p1a: Farigiraf\n|-damage|p1b: Ogerpon|31\/100\n|\n|upkeep\n|\n|t:|1722223716\n|switch|p2b: Weezing|Weezing-Galar, L50, F|100\/100\n|-ability|p2b: Weezing|Neutralizing Gas\n|turn|4\n|\n|t:|1722223738\n|switch|p2a: Mienshao|Mienshao, L50, F|100\/100\n|move|p1b: Ogerpon|Spiky Shield|p1b: Ogerpon\n|-singleturn|p1b: Ogerpon|move: Protect\n|move|p1a: Farigiraf|Foul Play|p2a: Mienshao\n|-resisted|p2a: Mienshao\n|-damage|p2a: Mienshao|70\/100\n|move|p2b: Weezing|Sludge Bomb|p1a: Farigiraf\n|-damage|p1a: Farigiraf|59\/100\n|\n|upkeep\n|turn|5\n|\n|t:|1722223765\n|move|p2a: Mienshao|Fake Out|p1a: Farigiraf\n|-damage|p1a: Farigiraf|51\/100\n|cant|p1a: Farigiraf|flinch\n|move|p2b: Weezing|Sludge Bomb|p1b: Ogerpon\n|-supereffective|p1b: Ogerpon\n|-damage|p1b: Ogerpon|0 fnt\n|faint|p1b: Ogerpon\n|\n|-fieldend|move: Trick Room\n|-fieldend|move: Electric Terrain\n|upkeep\n|\n|t:|1722223772\n|switch|p1b: Miraidon|Miraidon, L50|3\/100\n|turn|6\n|\n|t:|1722223787\n|move|p2a: Mienshao|Feint|p1b: Miraidon\n|-damage|p1b: Miraidon|0 fnt\n|faint|p1b: Miraidon\n|move|p2b: Weezing|Taunt|p1a: Farigiraf\n|-start|p1a: Farigiraf|move: Taunt\n|move|p1a: Farigiraf|Psychic|p2a: Mienshao\n|-supereffective|p2a: Mienshao\n|-damage|p2a: Mienshao|0 fnt\n|faint|p2a: Mienshao\n|\n|upkeep\n|\n|t:|1722223790\n|switch|p1b: Urshifu|Urshifu-Rapid-Strike, L50, M|100\/100\n|switch|p2a: Calyrex|Calyrex-Shadow, L50|38\/100\n|-ability|p2a: Calyrex|As One\n|-ability|p2a: Calyrex|Unnerve\n|turn|7\n|\n|t:|1722223807\n|move|p2a: Calyrex|Pollen Puff|p1a: Farigiraf\n|-supereffective|p1a: Farigiraf\n|-damage|p1a: Farigiraf|0 fnt\n|faint|p1a: Farigiraf\n|-ability|p2a: Calyrex|Grim Neigh|boost\n|-boost|p2a: Calyrex|spa|1\n|move|p1b: Urshifu|Surging Strikes|p2a: Calyrex\n|-crit|p2a: Calyrex\n|-damage|p2a: Calyrex|12\/100\n|-crit|p2a: Calyrex\n|-damage|p2a: Calyrex|0 fnt\n|faint|p2a: Calyrex\n|-hitcount|p2: Calyrex|2\n|move|p2b: Weezing|Sludge Bomb|p1b: Urshifu\n|-damage|p1b: Urshifu|59\/100\n|\n|upkeep\n|turn|8\n|\n|t:|1722223817\n|move|p1b: Urshifu|Detect|p1b: Urshifu\n|-singleturn|p1b: Urshifu|Protect\n|move|p2b: Weezing|Protect||[still]\n|-fail|p2b: Weezing\n|\n|upkeep\n|turn|9\n|\n|t:|1722223824\n|-terastallize|p1b: Urshifu|Stellar\n|move|p2b: Weezing|Protect|p2b: Weezing\n|-singleturn|p2b: Weezing|Protect\n|move|p1b: Urshifu|Surging Strikes|p2b: Weezing\n|-activate|p2b: Weezing|move: Protect\n|\n|upkeep\n|turn|10\n|\n|t:|1722223831\n|move|p1b: Urshifu|Detect|p1b: Urshifu\n|-singleturn|p1b: Urshifu|Protect\n|move|p2b: Weezing|Strange Steam|p1b: Urshifu\n|-activate|p1b: Urshifu|move: Protect\n|\n|upkeep\n|turn|11\n|\n|t:|1722223834\n|move|p2b: Weezing|Protect|p2b: Weezing\n|-singleturn|p2b: Weezing|Protect\n|move|p1b: Urshifu|Surging Strikes|p2b: Weezing\n|-activate|p2b: Weezing|move: Protect\n|\n|upkeep\n|turn|12\n|\n|t:|1722223838\n|move|p1b: Urshifu|Surging Strikes|p2b: Weezing\n|-crit|p2b: Weezing\n|-damage|p2b: Weezing|74\/100\n|-crit|p2b: Weezing\n|-damage|p2b: Weezing|49\/100\n|-enditem|p2b: Weezing|Sitrus Berry|[eat]\n|-heal|p2b: Weezing|74\/100|[from] item: Sitrus Berry\n|-crit|p2b: Weezing\n|-damage|p2b: Weezing|49\/100\n|-hitcount|p2b: Weezing|3\n|move|p2b: Weezing|Strange Steam|p1b: Urshifu\n|-supereffective|p1b: Urshifu\n|-damage|p1b: Urshifu|0 fnt\n|faint|p1b: Urshifu\n|\n|win|Paradox Mourinho\n|raw|lon0907vgc's rating: 1691 &rarr; <strong>1680<\/strong><br \/>(-11 for losing)\n|raw|Paradox Mourinho's rating: 1864 &rarr; <strong>1875<\/strong><br \/>(+11 for winning)\n|l|\u2606lon0907vgc\n|player|p1|\n","uploadtime":1722223859,"views":49,"formatid":"gen9vgc2024regg","rating":1680,"private":0,"password":null}