{"id":"gen9vgc2024regg-2169009380","format":"[Gen 9] VGC 2024 Reg G","players":["Billy_HMD","ShdwempV2"],"log":"|j|\u2606Billy_HMD\n|j|\u2606ShdwempV2\n|t:|1722186393\n|gametype|doubles\n|player|p1|Billy_HMD|dawn|1795\n|player|p2|ShdwempV2|ghetsis|1740\n|teamsize|p1|6\n|teamsize|p2|6\n|gen|9\n|tier|[Gen 9] VGC 2024 Reg G\n|rated|\n|rule|Species Clause: Limit one of each Pok\u00e9mon\n|rule|Item Clause: Limit one of each item\n|clearpoke\n|poke|p1|Zamazenta-*, L50|\n|poke|p1|Volcarona, L50, M|\n|poke|p1|Grimmsnarl, L50, M|\n|poke|p1|Landorus-Therian, L50, M|\n|poke|p1|Rillaboom, L50, F|\n|poke|p1|Raging Bolt, L50|\n|poke|p2|Incineroar, L50, F|\n|poke|p2|Rillaboom, L50, M|\n|poke|p2|Kyogre, L50|\n|poke|p2|Tornadus, L50, M|\n|poke|p2|Landorus, L50, M|\n|poke|p2|Urshifu-*, L50, M|\n|teampreview|4\n|inactive|Battle timer is ON: inactive players will automatically lose when time's up. (requested by Billy_HMD)\n|\n|t:|1722186421\n|start\n|switch|p1a: Volcarona|Volcarona, L50, M|100\/100\n|switch|p1b: Raging Bolt|Raging Bolt, L50|100\/100\n|switch|p2a: Tornadus|Tornadus, L50, M, shiny|100\/100\n|switch|p2b: Kyogre|Kyogre, L50, shiny|100\/100\n|-weather|RainDance|[from] ability: Drizzle|[of] p2b: Kyogre\n|turn|1\n|\n|t:|1722186441\n|-terastallize|p2b: Kyogre|Grass\n|-terastallize|p1a: Volcarona|Water\n|move|p2a: Tornadus|Tailwind|p2a: Tornadus\n|-sidestart|p2: ShdwempV2|move: Tailwind\n|move|p2b: Kyogre|Water Spout|p1a: Volcarona|[spread] p1a,p1b\n|-resisted|p1a: Volcarona\n|-resisted|p1b: Raging Bolt\n|-damage|p1a: Volcarona|47\/100\n|-damage|p1b: Raging Bolt|65\/100\n|move|p1a: Volcarona|Quiver Dance|p1a: Volcarona\n|-boost|p1a: Volcarona|spa|1\n|-boost|p1a: Volcarona|spd|1\n|-boost|p1a: Volcarona|spe|1\n|move|p1b: Raging Bolt|Thunderbolt|p2a: Tornadus\n|-supereffective|p2a: Tornadus\n|-damage|p2a: Tornadus|0 fnt\n|faint|p2a: Tornadus\n|\n|-weather|RainDance|[upkeep]\n|-heal|p1a: Volcarona|53\/100|[from] item: Leftovers\n|upkeep\n|\n|t:|1722186450\n|switch|p2a: Landorus|Landorus, L50, M, shiny|100\/100\n|turn|2\n|j| mobile2433\n|inactive|Billy_HMD has 30 seconds left.\n|\n|t:|1722186483\n|-end|p1b: Raging Bolt|Protosynthesis|[silent]\n|switch|p1b: Rillaboom|Rillaboom, L50, F|100\/100\n|-fieldstart|move: Grassy Terrain|[from] ability: Grassy Surge|[of] p1b: Rillaboom\n|move|p1a: Volcarona|Protect|p1a: Volcarona\n|-singleturn|p1a: Volcarona|Protect\n|move|p2a: Landorus|Sandsear Storm|p1a: Volcarona|[spread] p1b\n|-activate|p1a: Volcarona|move: Protect\n|-resisted|p1b: Rillaboom\n|-damage|p1b: Rillaboom|64\/100\n|move|p2b: Kyogre|Water Spout|p1a: Volcarona|[spread] p1b\n|-activate|p1a: Volcarona|move: Protect\n|-resisted|p1b: Rillaboom\n|-damage|p1b: Rillaboom|0 fnt\n|faint|p1b: Rillaboom\n|\n|-weather|RainDance|[upkeep]\n|-heal|p1a: Volcarona|59\/100|[from] Grassy Terrain\n|-heal|p1a: Volcarona|66\/100|[from] item: Leftovers\n|upkeep\n|\n|t:|1722186500\n|switch|p1b: Zamazenta|Zamazenta-Crowned, L50|100\/100\n|-ability|p1b: Zamazenta|Dauntless Shield|boost\n|-boost|p1b: Zamazenta|def|1\n|turn|3\n|\n|t:|1722186509\n|move|p1b: Zamazenta|Wide Guard|p1b: Zamazenta\n|-singleturn|p1b: Zamazenta|Wide Guard\n|move|p2a: Landorus|Earth Power|p1b: Zamazenta\n|-supereffective|p1b: Zamazenta\n|-damage|p1b: Zamazenta|0 fnt\n|faint|p1b: Zamazenta\n|move|p2b: Kyogre|Water Spout|p1a: Volcarona\n|-activate|p1a: Volcarona|move: Wide Guard\n|move|p1a: Volcarona|Quiver Dance|p1a: Volcarona\n|-boost|p1a: Volcarona|spa|1\n|-boost|p1a: Volcarona|spd|1\n|-boost|p1a: Volcarona|spe|1\n|\n|-weather|RainDance|[upkeep]\n|-heal|p1a: Volcarona|72\/100|[from] Grassy Terrain\n|-heal|p1a: Volcarona|78\/100|[from] item: Leftovers\n|upkeep\n|\n|t:|1722186519\n|switch|p1b: Raging Bolt|Raging Bolt, L50|65\/100\n|turn|4\n|\n|t:|1722186534\n|move|p2a: Landorus|Sandsear Storm|p1a: Volcarona|[spread] p1a,p1b\n|-supereffective|p1b: Raging Bolt\n|-damage|p1a: Volcarona|47\/100\n|-damage|p1b: Raging Bolt|0 fnt\n|faint|p1b: Raging Bolt\n|-end|p1b: Raging Bolt|Protosynthesis|[silent]\n|move|p2b: Kyogre|Water Spout|p1a: Volcarona\n|-resisted|p1a: Volcarona\n|-damage|p1a: Volcarona|7\/100\n|move|p1a: Volcarona|Bug Buzz|p2b: Kyogre\n|-supereffective|p2b: Kyogre\n|-damage|p2b: Kyogre|0 fnt\n|faint|p2b: Kyogre\n|\n|-weather|RainDance|[upkeep]\n|-heal|p1a: Volcarona|13\/100|[from] Grassy Terrain\n|-heal|p1a: Volcarona|19\/100|[from] item: Leftovers\n|-sideend|p2: ShdwempV2|move: Tailwind\n|upkeep\n|\n|t:|1722186537\n|switch|p2b: Urshifu|Urshifu, L50, M|100\/100\n|turn|5\n|\n|t:|1722186541\n|move|p1a: Volcarona|Heat Wave|p2a: Landorus|[spread] p2a,p2b\n|-damage|p2a: Landorus|58\/100\n|-damage|p2b: Urshifu|47\/100\n|move|p2a: Landorus|Sandsear Storm|p1a: Volcarona\n|-damage|p1a: Volcarona|0 fnt\n|faint|p1a: Volcarona\n|\n|win|ShdwempV2\n|raw|Billy_HMD's rating: 1795 &rarr; <strong>1772<\/strong><br \/>(-23 for losing)\n|raw|ShdwempV2's rating: 1740 &rarr; <strong>1763<\/strong><br \/>(+23 for winning)\n|l|\u2606Billy_HMD\n|player|p1|\n|l|\u2606ShdwempV2\n|player|p2|\n","uploadtime":1722186592,"views":35,"formatid":"gen9vgc2024regg","rating":1763,"private":0,"password":null}