{"id":"gen9vgc2024regg-2169408785","format":"[Gen 9] VGC 2024 Reg G","players":["chuanOVO","war3infi"],"log":"|j|\u2606chuanOVO\n|j|\u2606war3infi\n|t:|1722245500\n|gametype|doubles\n|player|p1|chuanOVO|n|1782\n|player|p2|war3infi|dawn|1896\n|teamsize|p1|6\n|teamsize|p2|6\n|gen|9\n|tier|[Gen 9] VGC 2024 Reg G\n|rated|\n|rule|Species Clause: Limit one of each Pok\u00e9mon\n|rule|Item Clause: Limit one of each item\n|clearpoke\n|poke|p1|Calyrex-Ice, L50|\n|poke|p1|Smeargle, L50, M|\n|poke|p1|Ursaluna-Bloodmoon, L50, M|\n|poke|p1|Urshifu-*, L50, M|\n|poke|p1|Ogerpon-Wellspring, L50, F|\n|poke|p1|Annihilape, L50, M|\n|poke|p2|Calyrex-Ice, L50|\n|poke|p2|Annihilape, L50, M|\n|poke|p2|Smeargle, L50, F|\n|poke|p2|Ursaluna-Bloodmoon, L50, M|\n|poke|p2|Urshifu-*, L50, M|\n|poke|p2|Ogerpon-Wellspring, L50, F|\n|teampreview|4\n|j| bluestraggler02\n|\n|t:|1722245539\n|start\n|switch|p1a: Smeargle|Smeargle, L50, M, shiny|100\/100\n|switch|p1b: Calyrex|Calyrex-Ice, L50|100\/100\n|switch|p2a: Calyrex|Calyrex-Ice, L50|100\/100\n|switch|p2b: Urshifu|Urshifu, L50, M|100\/100\n|-ability|p2a: Calyrex|As One\n|-ability|p2a: Calyrex|Unnerve\n|-ability|p1b: Calyrex|As One\n|-ability|p1b: Calyrex|Unnerve\n|turn|1\n|j| rabbithorn01\n|\n|t:|1722245570\n|-terastallize|p1b: Calyrex|Water\n|move|p2b: Urshifu|Wicked Blow|p1b: Calyrex\n|-crit|p1b: Calyrex\n|-damage|p1b: Calyrex|40\/100\n|move|p2a: Calyrex|Glacial Lance|p1b: Calyrex|[spread] p1a,p1b\n|-resisted|p1b: Calyrex\n|-damage|p1a: Smeargle|14\/100\n|-damage|p1b: Calyrex|22\/100\n|move|p1b: Calyrex|Glacial Lance|p2a: Calyrex|[spread] p2a,p2b\n|-resisted|p2a: Calyrex\n|-damage|p2a: Calyrex|82\/100\n|-damage|p2b: Urshifu|47\/100\n|move|p1a: Smeargle|Spore|p2a: Calyrex\n|-status|p2a: Calyrex|slp|[from] move: Spore\n|\n|upkeep\n|turn|2\n|\n|t:|1722245595\n|move|p1a: Smeargle|Follow Me|p1a: Smeargle\n|-singleturn|p1a: Smeargle|move: Follow Me\n|move|p2b: Urshifu|Wicked Blow|p1a: Smeargle\n|-crit|p1a: Smeargle\n|-damage|p1a: Smeargle|0 fnt\n|faint|p1a: Smeargle\n|cant|p2a: Calyrex|slp\n|move|p1b: Calyrex|Glacial Lance|p2a: Calyrex|[spread] p2a,p2b\n|-resisted|p2a: Calyrex\n|-damage|p2a: Calyrex|63\/100 slp\n|-damage|p2b: Urshifu|0 fnt\n|faint|p2b: Urshifu\n|-ability|p1b: Calyrex|Chilling Neigh|boost\n|-boost|p1b: Calyrex|atk|1\n|\n|upkeep\n|\n|t:|1722245614\n|switch|p2b: Ogerpon|Ogerpon-Wellspring, L50, F|100\/100\n|switch|p1a: Urshifu|Urshifu, L50, M|100\/100\n|turn|3\n|\n|t:|1722245639\n|-terastallize|p2b: Ogerpon|Water\n|detailschange|p2b: Ogerpon|Ogerpon-Wellspring-Tera, L50, F, tera:Water\n|-ability|p2b: Ogerpon|Embody Aspect (Wellspring)|boost\n|-boost|p2b: Ogerpon|spd|1\n|move|p2b: Ogerpon|Ivy Cudgel|p1a: Urshifu|[anim] Ivy Cudgel Water\n|-damage|p1a: Urshifu|36\/100\n|move|p1a: Urshifu|Wicked Blow|p2a: Calyrex\n|-supereffective|p2a: Calyrex\n|-crit|p2a: Calyrex\n|-damage|p2a: Calyrex|0 fnt\n|-enditem|p1b: Calyrex|Sitrus Berry|[eat]\n|-heal|p1b: Calyrex|47\/100|[from] item: Sitrus Berry\n|faint|p2a: Calyrex\n|move|p1b: Calyrex|Glacial Lance|p2b: Ogerpon\n|-resisted|p2b: Ogerpon\n|-damage|p2b: Ogerpon|46\/100\n|\n|upkeep\n|\n|t:|1722245649\n|switch|p2a: Ursaluna|Ursaluna-Bloodmoon, L50, M|100\/100\n|turn|4\n|\n|t:|1722245675\n|move|p1b: Calyrex|Protect|p1b: Calyrex\n|-singleturn|p1b: Calyrex|Protect\n|move|p2b: Ogerpon|Ivy Cudgel|p1a: Urshifu|[anim] Ivy Cudgel Water\n|-damage|p1a: Urshifu|0 fnt\n|faint|p1a: Urshifu\n|move|p2a: Ursaluna|Blood Moon|p1b: Calyrex\n|-activate|p1b: Calyrex|move: Protect\n|\n|upkeep\n|\n|t:|1722245693\n|switch|p1a: Annihilape|Annihilape, L50, M, shiny|100\/100\n|turn|5\n|\n|t:|1722245710\n|move|p1a: Annihilape|Final Gambit|p2b: Ogerpon\n|-damage|p2b: Ogerpon|0 fnt\n|faint|p1a: Annihilape\n|faint|p2b: Ogerpon\n|move|p1b: Calyrex|Glacial Lance|p2a: Ursaluna\n|-supereffective|p2a: Ursaluna\n|-damage|p2a: Ursaluna|0 fnt\n|faint|p2a: Ursaluna\n|\n|win|chuanOVO\n|raw|chuanOVO's rating: 1782 &rarr; <strong>1808<\/strong><br \/>(+26 for winning)\n|raw|war3infi's rating: 1896 &rarr; <strong>1870<\/strong><br \/>(-26 for losing)\n|l|\u2606war3infi\n|player|p2|\n|l| bluestraggler02\n|j| bluestraggler02\n","uploadtime":1722245724,"views":90,"formatid":"gen9vgc2024regg","rating":1808,"private":0,"password":null}