{"id":"gen9vgc2024regg-2169016563","format":"[Gen 9] VGC 2024 Reg G","players":["LeCehlou","ShdwempV2"],"log":"|j|\u2606LeCehlou\n|j|\u2606ShdwempV2\n|t:|1722187310\n|gametype|doubles\n|player|p1|LeCehlou|1|1731\n|player|p2|ShdwempV2|ghetsis|1783\n|teamsize|p1|6\n|teamsize|p2|6\n|gen|9\n|tier|[Gen 9] VGC 2024 Reg G\n|rated|\n|rule|Species Clause: Limit one of each Pok\u00e9mon\n|rule|Item Clause: Limit one of each item\n|clearpoke\n|poke|p1|Iron Hands, L50|\n|poke|p1|Grimmsnarl, L50, M|\n|poke|p1|Urshifu-*, L50, F|\n|poke|p1|Terapagos, L50, M|\n|poke|p1|Flutter Mane, L50|\n|poke|p1|Chi-Yu, L50|\n|poke|p2|Incineroar, L50, F|\n|poke|p2|Rillaboom, L50, F|\n|poke|p2|Kyogre, L50|\n|poke|p2|Tornadus, L50, M|\n|poke|p2|Landorus, L50, M|\n|poke|p2|Urshifu-*, L50, M|\n|teampreview|4\nLeCehlou has agreed to open team sheets.\nShdwempV2 has agreed to open team sheets.\n|\n|t:|1722187362\n|start\n|switch|p1a: Iron Hands|Iron Hands, L50|100\/100\n|switch|p1b: Grimmsnarl|Grimmsnarl, L50, M|100\/100\n|switch|p2a: Tornadus|Tornadus, L50, M, shiny|100\/100\n|switch|p2b: Kyogre|Kyogre, L50, shiny|100\/100\n|-weather|RainDance|[from] ability: Drizzle|[of] p2b: Kyogre\n|turn|1\n|c|\u2606LeCehlou|^s\n|\n|t:|1722187399\n|move|p2b: Kyogre|Protect|p2b: Kyogre\n|-singleturn|p2b: Kyogre|Protect\n|move|p1a: Iron Hands|Fake Out|p2b: Kyogre\n|-activate|p2b: Kyogre|move: Protect\n|move|p1b: Grimmsnarl|Light Screen|p1b: Grimmsnarl\n|-sidestart|p1: LeCehlou|move: Light Screen\n|move|p2a: Tornadus|Bleakwind Storm|p1b: Grimmsnarl|[spread] p1a,p1b\n|-damage|p1a: Iron Hands|89\/100\n|-damage|p1b: Grimmsnarl|80\/100\n|\n|-weather|RainDance|[upkeep]\n|upkeep\n|turn|2\n|\n|t:|1722187414\n|-terastallize|p2b: Kyogre|Grass\n|move|p2a: Tornadus|Tailwind|p2a: Tornadus\n|-sidestart|p2: ShdwempV2|move: Tailwind\n|move|p1b: Grimmsnarl|Thunder Wave|p2b: Kyogre|[miss]\n|-miss|p1b: Grimmsnarl|p2b: Kyogre\n|move|p2b: Kyogre|Water Spout|p1b: Grimmsnarl|[spread] p1a,p1b\n|-damage|p1a: Iron Hands|46\/100\n|-damage|p1b: Grimmsnarl|9\/100\n|move|p1a: Iron Hands|Drain Punch|p2b: Kyogre\n|-damage|p2b: Kyogre|48\/100\n|-heal|p1a: Iron Hands|66\/100|[from] drain|[of] p2b: Kyogre\n|\n|-weather|RainDance|[upkeep]\n|upkeep\n|turn|3\n|\n|t:|1722187436\n|move|p1b: Grimmsnarl|Thunder Wave|p2a: Tornadus\n|-status|p2a: Tornadus|par\n|move|p2b: Kyogre|Origin Pulse|p1b: Grimmsnarl|[spread] p1a\n|-miss|p2b: Kyogre|p1b: Grimmsnarl\n|-damage|p1a: Iron Hands|35\/100\n|cant|p2a: Tornadus|par\n|move|p1a: Iron Hands|Drain Punch|p2b: Kyogre\n|-damage|p2b: Kyogre|0 fnt\n|-heal|p1a: Iron Hands|53\/100|[from] drain|[of] p2b: Kyogre\n|faint|p2b: Kyogre\n|\n|-weather|RainDance|[upkeep]\n|upkeep\n|c|\u2606ShdwempV2|2 misses in a row is tragic\n|\n|t:|1722187446\n|switch|p2b: Landorus|Landorus, L50, M, shiny|100\/100\n|turn|4\n|\n|t:|1722187474\n|move|p2b: Landorus|Earth Power|p1a: Iron Hands\n|-supereffective|p1a: Iron Hands\n|-damage|p1a: Iron Hands|1\/100\n|move|p2a: Tornadus|Bleakwind Storm|p1b: Grimmsnarl|[spread] p1a,p1b\n|-damage|p1a: Iron Hands|0 fnt\n|-damage|p1b: Grimmsnarl|0 fnt\n|faint|p1a: Iron Hands\n|-end|p1a: Iron Hands|Quark Drive|[silent]\n|faint|p1b: Grimmsnarl\n|\n|-weather|RainDance|[upkeep]\n|upkeep\n|\n|t:|1722187479\n|switch|p1b: Flutter Mane|Flutter Mane, L50|100\/100\n|switch|p1a: Terapagos|Terapagos, L50, M|100\/100\n|-activate|p1a: Terapagos|ability: Tera Shift\n|detailschange|p1a: Terapagos|Terapagos-Terastal, L50, M\n|-heal|p1a: Terapagos|100\/100|[silent]\n|-enditem|p1b: Flutter Mane|Booster Energy\n|-activate|p1b: Flutter Mane|ability: Protosynthesis|[fromitem]\n|-start|p1b: Flutter Mane|protosynthesisspe\n|turn|5\n|\n|t:|1722187487\n|move|p2b: Landorus|Earth Power|p1b: Flutter Mane\n|-damage|p1b: Flutter Mane|55\/100\n|move|p1b: Flutter Mane|Icy Wind|p2a: Tornadus|[spread] p2a,p2b\n|-supereffective|p2a: Tornadus\n|-supereffective|p2b: Landorus\n|-damage|p2a: Tornadus|67\/100 par\n|-damage|p2b: Landorus|37\/100\n|-unboost|p2b: Landorus|spe|1\n|move|p2a: Tornadus|Bleakwind Storm|p1b: Flutter Mane|[spread] p1a,p1b\n|-activate|p1a: Terapagos|ability: Tera Shell\n|-resisted|p1a: Terapagos\n|-damage|p1a: Terapagos|90\/100\n|-damage|p1b: Flutter Mane|33\/100\n|move|p1a: Terapagos|Tera Starstorm|p2a: Tornadus\n|-damage|p2a: Tornadus|0 fnt\n|faint|p2a: Tornadus\n|\n|-weather|none\n|-sideend|p2: ShdwempV2|move: Tailwind\n|upkeep\n|\n|t:|1722187490\n|switch|p2a: Urshifu|Urshifu, L50, M|100\/100\n|turn|6\n|\n|t:|1722187507\n|-terastallize|p1a: Terapagos|Stellar\n|detailschange|p1a: Terapagos|Terapagos-Stellar, L50, M, tera:Stellar\n|-heal|p1a: Terapagos|93\/100|[silent]\n|move|p1b: Flutter Mane|Protect|p1b: Flutter Mane\n|-singleturn|p1b: Flutter Mane|Protect\n|move|p2a: Urshifu|Sucker Punch||[still]\n|-fail|p2a: Urshifu\n|move|p1a: Terapagos|Tera Starstorm|p2b: Landorus|[spread] p2a,p2b\n|-enditem|p2a: Urshifu|Focus Sash\n|-damage|p2a: Urshifu|1\/100\n|-damage|p2b: Landorus|0 fnt\n|faint|p2b: Landorus\n|\n|upkeep\n|turn|7\n|-message|ShdwempV2 forfeited.\n|\n|win|LeCehlou\n|raw|LeCehlou's rating: 1731 &rarr; <strong>1754<\/strong><br \/>(+23 for winning)\n|raw|ShdwempV2's rating: 1783 &rarr; <strong>1760<\/strong><br \/>(-23 for losing)\n|c|\u2606ShdwempV2|Nice call\n|l|\u2606ShdwempV2\n|player|p2|\n","uploadtime":1722187650,"views":19,"formatid":"gen9vgc2024regg","rating":1754,"private":0,"password":null}