{"id":"gen9vgc2024regg-2169314452","format":"[Gen 9] VGC 2024 Reg G","players":["VGCNEOPHYTE","violet mm"],"log":"|j|\u2606VGCNEOPHYTE\n|j|\u2606violet mm\n|t:|1722226624\n|gametype|doubles\n|player|p1|VGCNEOPHYTE|chuck|1715\n|player|p2|violet mm|169|1696\n|teamsize|p1|6\n|teamsize|p2|6\n|gen|9\n|tier|[Gen 9] VGC 2024 Reg G\n|rated|\n|rule|Species Clause: Limit one of each Pok\u00e9mon\n|rule|Item Clause: Limit one of each item\n|clearpoke\n|poke|p1|Gholdengo, L50|\n|poke|p1|Urshifu-*, L50, M|\n|poke|p1|Chien-Pao, L50|\n|poke|p1|Zamazenta-*, L50|\n|poke|p1|Raging Bolt, L50|\n|poke|p1|Whimsicott, L50, M|\n|poke|p2|Kyogre, L50|\n|poke|p2|Incineroar, L50, M|\n|poke|p2|Wo-Chien, L50|\n|poke|p2|Grimmsnarl, L50, M|\n|poke|p2|Urshifu-*, L50, F|\n|poke|p2|Iron Jugulis, L50|\n|teampreview|4\n|inactive|Battle timer is ON: inactive players will automatically lose when time's up. (requested by VGCNEOPHYTE)\n|j| opoobo\n|\n|t:|1722226652\n|start\n|switch|p1a: Whimsicott|Whimsicott, L50, M|100\/100\n|switch|p1b: Raging Bolt|Raging Bolt, L50|100\/100\n|switch|p2a: Grimmsnarl|Grimmsnarl, L50, M|100\/100\n|switch|p2b: Incineroar|Incineroar, L50, M|100\/100\n|-ability|p2b: Incineroar|Intimidate|boost\n|-unboost|p1a: Whimsicott|atk|1\n|-unboost|p1b: Raging Bolt|atk|1\n|turn|1\n|\n|t:|1722226667\n|move|p2b: Incineroar|Fake Out|p1b: Raging Bolt\n|-damage|p1b: Raging Bolt|90\/100\n|move|p2a: Grimmsnarl|Light Screen|p2a: Grimmsnarl\n|-sidestart|p2: violet mm|move: Light Screen\n|move|p1a: Whimsicott|Moonblast|p2a: Grimmsnarl\n|-supereffective|p2a: Grimmsnarl\n|-damage|p2a: Grimmsnarl|64\/100\n|cant|p1b: Raging Bolt|flinch\n|\n|upkeep\n|turn|2\n|\n|t:|1722226680\n|-end|p1b: Raging Bolt|Protosynthesis|[silent]\n|switch|p1b: Chien-Pao|Chien-Pao, L50|100\/100\n|-ability|p1b: Chien-Pao|Sword of Ruin\n|move|p2a: Grimmsnarl|Reflect|p2a: Grimmsnarl\n|-sidestart|p2: violet mm|Reflect\n|move|p1a: Whimsicott|Moonblast|p2a: Grimmsnarl\n|-supereffective|p2a: Grimmsnarl\n|-damage|p2a: Grimmsnarl|31\/100\n|-unboost|p2a: Grimmsnarl|spa|1\n|move|p2b: Incineroar|Parting Shot|p1b: Chien-Pao\n|-unboost|p1b: Chien-Pao|atk|1\n|-unboost|p1b: Chien-Pao|spa|1\n|\n|t:|1722226691\n|switch|p2b: Urshifu|Urshifu-Rapid-Strike, L50, F|100\/100|[from] Parting Shot\n|\n|upkeep\n|turn|3\n|\n|t:|1722226712\n|switch|p2a: Incineroar|Incineroar, L50, M|100\/100\n|-ability|p2a: Incineroar|Intimidate|boost\n|-unboost|p1a: Whimsicott|atk|1\n|-unboost|p1b: Chien-Pao|atk|1\n|move|p2b: Urshifu|Surging Strikes|p1b: Chien-Pao\n|-crit|p1b: Chien-Pao\n|-damage|p1b: Chien-Pao|70\/100\n|-crit|p1b: Chien-Pao\n|-damage|p1b: Chien-Pao|41\/100\n|-crit|p1b: Chien-Pao\n|-damage|p1b: Chien-Pao|13\/100\n|-hitcount|p1b: Chien-Pao|3\n|move|p1b: Chien-Pao|Ice Spinner|p2a: Incineroar\n|-resisted|p2a: Incineroar\n|-damage|p2a: Incineroar|92\/100\n|move|p1a: Whimsicott|Moonblast|p2b: Urshifu\n|-supereffective|p2b: Urshifu\n|-damage|p2b: Urshifu|43\/100\n|\n|upkeep\n|turn|4\n|\n|t:|1722226735\n|switch|p2b: Kyogre|Kyogre, L50|100\/100\n|-weather|RainDance|[from] ability: Drizzle|[of] p2b: Kyogre\n|switch|p1b: Raging Bolt|Raging Bolt, L50|90\/100\n|move|p1a: Whimsicott|Moonblast|p2b: Kyogre\n|-damage|p2b: Kyogre|92\/100\n|move|p2a: Incineroar|Parting Shot|p1a: Whimsicott\n|-unboost|p1a: Whimsicott|atk|1\n|-unboost|p1a: Whimsicott|spa|1\n|\n|t:|1722226746\n|switch|p2a: Grimmsnarl|Grimmsnarl, L50, M|31\/100|[from] Parting Shot\n|\n|-weather|RainDance|[upkeep]\n|upkeep\n|turn|5\n|j| sprocke123\n|\n|t:|1722226755\n|-terastallize|p2b: Kyogre|Grass\n|move|p1a: Whimsicott|Light Screen|p1a: Whimsicott\n|-sidestart|p1: VGCNEOPHYTE|move: Light Screen\n|move|p2a: Grimmsnarl|Thunder Wave|p1a: Whimsicott\n|-status|p1a: Whimsicott|par\n|move|p1b: Raging Bolt|Electroweb|p2a: Grimmsnarl|[spread] p2a,p2b\n|-resisted|p2b: Kyogre\n|-damage|p2a: Grimmsnarl|18\/100\n|-damage|p2b: Kyogre|88\/100\n|-unboost|p2a: Grimmsnarl|spe|1\n|-unboost|p2b: Kyogre|spe|1\n|move|p2b: Kyogre|Ice Beam|p1a: Whimsicott\n|-supereffective|p1a: Whimsicott\n|-damage|p1a: Whimsicott|44\/100 par\n|\n|-weather|RainDance|[upkeep]\n|upkeep\n|turn|6\n|j| rabbithorn01\n|l|\u2606violet mm\n|inactive|violet mm disconnected and has a minute to reconnect!\n|player|p2|\n|\n|t:|1722226778\n|switch|p2a: Incineroar|Incineroar, L50, M|92\/100\n|-ability|p2a: Incineroar|Intimidate|boost\n|-unboost|p1a: Whimsicott|atk|1\n|-unboost|p1b: Raging Bolt|atk|1\n|move|p1a: Whimsicott|Tailwind|p1a: Whimsicott\n|-sidestart|p1: VGCNEOPHYTE|move: Tailwind\n|move|p1b: Raging Bolt|Electroweb|p2b: Kyogre|[spread] p2a,p2b\n|-resisted|p2b: Kyogre\n|-damage|p2a: Incineroar|78\/100\n|-damage|p2b: Kyogre|86\/100\n|-unboost|p2a: Incineroar|spe|1\n|-unboost|p2b: Kyogre|spe|1\n|move|p2b: Kyogre|Ice Beam|p1a: Whimsicott\n|-supereffective|p1a: Whimsicott\n|-damage|p1a: Whimsicott|0 fnt\n|faint|p1a: Whimsicott\n|\n|-weather|RainDance|[upkeep]\n|upkeep\n|\n|t:|1722226796\n|switch|p1a: Chien-Pao|Chien-Pao, L50|13\/100\n|-ability|p1a: Chien-Pao|Sword of Ruin\n|turn|7\n|j|\u2606violet mm\n|inactive|violet mm reconnected and has 35 seconds left.\n|player|p2|violet mm|169|\n|inactive|violet mm has 30 seconds left.\n|\n|t:|1722226830\n|switch|p2b: Grimmsnarl|Grimmsnarl, L50, M|18\/100\n|move|p1a: Chien-Pao|Protect|p1a: Chien-Pao\n|-singleturn|p1a: Chien-Pao|Protect\n|move|p1b: Raging Bolt|Thunderbolt|p2a: Incineroar\n|-damage|p2a: Incineroar|47\/100\n|move|p2a: Incineroar|Parting Shot|p1b: Raging Bolt\n|-unboost|p1b: Raging Bolt|atk|1\n|-unboost|p1b: Raging Bolt|spa|1\n|\n|t:|1722226834\n|switch|p2a: Urshifu|Urshifu-Rapid-Strike, L50, F|43\/100|[from] Parting Shot\n|\n|-weather|RainDance|[upkeep]\n|upkeep\n|turn|8\n|\n|t:|1722226848\n|move|p1b: Raging Bolt|Thunderclap|p2a: Urshifu\n|-supereffective|p2a: Urshifu\n|-damage|p2a: Urshifu|0 fnt\n|faint|p2a: Urshifu\n|move|p1a: Chien-Pao|Ice Spinner|p2b: Grimmsnarl\n|-damage|p2b: Grimmsnarl|0 fnt\n|faint|p2b: Grimmsnarl\n|\n|-weather|none\n|-sideend|p2: violet mm|move: Light Screen\n|upkeep\n|\n|t:|1722226851\n|switch|p2a: Kyogre|Kyogre, L50, tera:Grass|86\/100\n|switch|p2b: Incineroar|Incineroar, L50, M|47\/100\n|-ability|p2b: Incineroar|Intimidate|boost\n|-unboost|p1a: Chien-Pao|atk|1\n|-unboost|p1b: Raging Bolt|atk|1\n|-weather|RainDance|[from] ability: Drizzle|[of] p2a: Kyogre\n|turn|9\n|inactive|VGCNEOPHYTE has 30 seconds left.\n|\n|t:|1722226878\n|move|p1a: Chien-Pao|Protect|p1a: Chien-Pao\n|-singleturn|p1a: Chien-Pao|Protect\n|move|p2b: Incineroar|Fake Out|p1b: Raging Bolt\n|-damage|p1b: Raging Bolt|77\/100\n|cant|p1b: Raging Bolt|flinch\n|move|p2a: Kyogre|Ice Beam|p1b: Raging Bolt\n|-supereffective|p1b: Raging Bolt\n|-damage|p1b: Raging Bolt|51\/100\n|\n|-weather|RainDance|[upkeep]\n|-sideend|p2: violet mm|Reflect\n|-sideend|p1: VGCNEOPHYTE|move: Light Screen\n|-sideend|p1: VGCNEOPHYTE|move: Tailwind\n|upkeep\n|turn|10\n|\n|t:|1722226895\n|move|p1a: Chien-Pao|Ice Spinner|p2a: Kyogre\n|-supereffective|p2a: Kyogre\n|-damage|p2a: Kyogre|25\/100\n|move|p1b: Raging Bolt|Thunderbolt|p2b: Incineroar\n|-damage|p2b: Incineroar|17\/100\n|move|p2b: Incineroar|Knock Off|p1a: Chien-Pao\n|-resisted|p1a: Chien-Pao\n|-damage|p1a: Chien-Pao|0 fnt\n|-enditem|p1a: Chien-Pao|Focus Sash|[from] move: Knock Off|[of] p2b: Incineroar\n|faint|p1a: Chien-Pao\n|move|p2a: Kyogre|Water Spout|p1b: Raging Bolt\n|-resisted|p1b: Raging Bolt\n|-damage|p1b: Raging Bolt|41\/100\n|\n|-weather|RainDance|[upkeep]\n|upkeep\n|\n|t:|1722226908\n|switch|p1a: Zamazenta|Zamazenta-Crowned, L50|100\/100\n|-ability|p1a: Zamazenta|Dauntless Shield|boost\n|-boost|p1a: Zamazenta|def|1\n|turn|11\n|-message|violet mm forfeited.\n|\n|win|VGCNEOPHYTE\n|raw|VGCNEOPHYTE's rating: 1715 &rarr; <strong>1734<\/strong><br \/>(+19 for winning)\n|raw|violet mm's rating: 1696 &rarr; <strong>1677<\/strong><br \/>(-19 for losing)\n|l|\u2606violet mm\n|player|p2|\n|l|\u2606VGCNEOPHYTE\n|player|p1|\n|l| sprocke123\n|l| opoobo\n","uploadtime":1722227185,"views":13,"formatid":"gen9vgc2024regg","rating":1677,"private":0,"password":null}