{"id":"gen9vgc2024regg-2169303862","format":"[Gen 9] VGC 2024 Reg G","players":["sjbz","heisstillalive"],"log":"|j|\u2606sjbz\n|j|\u2606heisstillalive\n|t:|1722224941\n|gametype|doubles\n|player|p1|sjbz|veteranf|1721\n|player|p2|heisstillalive|lusamine-masters|1780\n|teamsize|p1|6\n|teamsize|p2|6\n|gen|9\n|tier|[Gen 9] VGC 2024 Reg G\n|rated|\n|rule|Species Clause: Limit one of each Pok\u00e9mon\n|rule|Item Clause: Limit one of each item\n|clearpoke\n|poke|p1|Incineroar, L50, M|\n|poke|p1|Rillaboom, L50, F|\n|poke|p1|Calyrex-Ice, L50|\n|poke|p1|Urshifu-*, L50, M|\n|poke|p1|Pelipper, L50, M|\n|poke|p1|Raging Bolt, L50|\n|poke|p2|Eternatus, L50|\n|poke|p2|Volcarona, L50, M|\n|poke|p2|Rillaboom, L50, M|\n|poke|p2|Urshifu-*, L50, M|\n|poke|p2|Kingambit, L50, F|\n|poke|p2|Flutter Mane, L50|\n|teampreview|4\n|j| Avava1\n|j| rabbithorn01\n|\n|t:|1722225013\n|start\n|switch|p1a: Calyrex|Calyrex-Ice, L50|100\/100\n|switch|p1b: Urshifu|Urshifu-Rapid-Strike, L50, M|100\/100\n|switch|p2a: Eternatus|Eternatus, L50|100\/100\n|switch|p2b: Volcarona|Volcarona, L50, M|100\/100\n|-ability|p1a: Calyrex|As One\n|-ability|p1a: Calyrex|Unnerve\n|-ability|p2a: Eternatus|Pressure\n|turn|1\n|\n|t:|1722225050\n|switch|p2b: Kingambit|Kingambit, L50, F|100\/100\n|-terastallize|p2a: Eternatus|Fairy\n|move|p1b: Urshifu|U-turn|p2b: Kingambit\n|-damage|p2b: Kingambit|82\/100\n|\n|t:|1722225063\n|switch|p1b: Raging Bolt|Raging Bolt, L50|100\/100|[from] U-turn\n|-enditem|p1b: Raging Bolt|Booster Energy\n|-activate|p1b: Raging Bolt|ability: Protosynthesis|[fromitem]\n|-start|p1b: Raging Bolt|protosynthesisspa\n|move|p2a: Eternatus|Meteor Beam||[still]\n|-prepare|p2a: Eternatus|Meteor Beam\n|-boost|p2a: Eternatus|spa|1\n|-enditem|p2a: Eternatus|Power Herb\n|-anim|p2a: Eternatus|Meteor Beam|p1a: Calyrex|[miss]\n|-miss|p2a: Eternatus|p1a: Calyrex\n|move|p1a: Calyrex|Trick Room|p1a: Calyrex\n|-fieldstart|move: Trick Room|[of] p1a: Calyrex\n|\n|upkeep\n|turn|2\n|c| rabbithorn01|oh...that hurts...\n|c| Avava1|oh rock type\u2026\n|\n|t:|1722225107\n|-terastallize|p1a: Calyrex|Water\n|move|p2b: Kingambit|Kowtow Cleave|p1a: Calyrex\n|-damage|p1a: Calyrex|64\/100\n|move|p1a: Calyrex|Glacial Lance|p2b: Kingambit|[spread] p2a,p2b\n|-resisted|p2b: Kingambit\n|-damage|p2a: Eternatus|56\/100\n|-damage|p2b: Kingambit|62\/100\n|move|p1b: Raging Bolt|Thunderbolt|p2b: Kingambit\n|-damage|p2b: Kingambit|0 fnt\n|faint|p2b: Kingambit\n|move|p2a: Eternatus|Dynamax Cannon|p1a: Calyrex\n|-damage|p1a: Calyrex|5\/100\n|\n|upkeep\n|\n|t:|1722225128\n|switch|p2b: Volcarona|Volcarona, L50, M|100\/100\n|turn|3\n|\n|t:|1722225145\n|move|p2a: Eternatus|Protect|p2a: Eternatus\n|-singleturn|p2a: Eternatus|Protect\n|move|p1a: Calyrex|High Horsepower|p2a: Eternatus\n|-activate|p2a: Eternatus|move: Protect\n|move|p1b: Raging Bolt|Thunderbolt|p2a: Eternatus\n|-activate|p2a: Eternatus|move: Protect\n|move|p2b: Volcarona|Whirlwind|p1b: Raging Bolt\n|-end|p1b: Raging Bolt|Protosynthesis|[silent]\n|drag|p1b: Urshifu|Urshifu-Rapid-Strike, L50, M|100\/100\n|\n|upkeep\n|turn|4\n|l|\u2606sjbz\n|player|p1|\n|\n|t:|1722225163\n|switch|p1b: Pelipper|Pelipper, L50, M, shiny|100\/100\n|-weather|RainDance|[from] ability: Drizzle|[of] p1b: Pelipper\n|move|p1a: Calyrex|Glacial Lance|p2a: Eternatus|[spread] p2a,p2b\n|-resisted|p2b: Volcarona\n|-damage|p2a: Eternatus|16\/100\n|-damage|p2b: Volcarona|75\/100\n|move|p2b: Volcarona|Flamethrower|p1a: Calyrex\n|-resisted|p1a: Calyrex\n|-damage|p1a: Calyrex|0 fnt\n|faint|p1a: Calyrex\n|move|p2a: Eternatus|Dynamax Cannon|p1b: Pelipper\n|-enditem|p1b: Pelipper|Focus Sash\n|-damage|p1b: Pelipper|1\/100\n|\n|-weather|RainDance|[upkeep]\n|upkeep\n|j|\u2606sjbz\n|player|p1|sjbz|veteranf|\n|\n|t:|1722225186\n|switch|p1a: Raging Bolt|Raging Bolt, L50|100\/100\n|turn|5\n|j| Maushold-13P\n|\n|t:|1722225210\n|-end|p1a: Raging Bolt|Protosynthesis|[silent]\n|switch|p1a: Urshifu|Urshifu-Rapid-Strike, L50, M|100\/100\n|move|p2a: Eternatus|Protect|p2a: Eternatus\n|-singleturn|p2a: Eternatus|Protect\n|move|p1b: Pelipper|Weather Ball|p2b: Volcarona\n|-supereffective|p2b: Volcarona\n|-damage|p2b: Volcarona|0 fnt\n|faint|p2b: Volcarona\n|\n|-weather|RainDance|[upkeep]\n|-fieldend|move: Trick Room\n|upkeep\n|\n|t:|1722225218\n|switch|p2b: Urshifu|Urshifu-Rapid-Strike, L50, M|100\/100\n|turn|6\n|\n|t:|1722225235\n|move|p2b: Urshifu|Aqua Jet|p1b: Pelipper\n|-resisted|p1b: Pelipper\n|-damage|p1b: Pelipper|0 fnt\n|faint|p1b: Pelipper\n|move|p1a: Urshifu|Surging Strikes|p2a: Eternatus\n|-crit|p2a: Eternatus\n|-damage|p2a: Eternatus|0 fnt\n|faint|p2a: Eternatus\n|-hitcount|p2: Eternatus|1\n|\n|-weather|RainDance|[upkeep]\n|upkeep\n|\n|t:|1722225241\n|switch|p1b: Raging Bolt|Raging Bolt, L50|100\/100\n|turn|7\n|-message|heisstillalive forfeited.\n|\n|win|sjbz\n|raw|sjbz's rating: 1721 &rarr; <strong>1744<\/strong><br \/>(+23 for winning)\n|raw|heisstillalive's rating: 1780 &rarr; <strong>1757<\/strong><br \/>(-23 for losing)\n|l|\u2606heisstillalive\n|player|p2|\n|l|\u2606sjbz\n|player|p1|\n","uploadtime":1722225256,"views":20,"formatid":"gen9vgc2024regg","rating":1744,"private":0,"password":null}