{"id":"gen9vgc2024regg-2169369564","format":"[Gen 9] VGC 2024 Reg G","players":["shuijunjun\u7ea2\u83b2\u94e0\u9a91\u4fa0","war3infi"],"log":"|j|\u2606shuijunjun\u7ea2\u83b2\u94e0\u9a91\u4fa0\n|j|\u2606war3infi\n|t:|1722237244\n|gametype|doubles\n|player|p1|shuijunjun\u7ea2\u83b2\u94e0\u9a91\u4fa0|iono|1715\n|player|p2|war3infi|dawn|1871\n|teamsize|p1|6\n|teamsize|p2|6\n|gen|9\n|tier|[Gen 9] VGC 2024 Reg G\n|rated|\n|rule|Species Clause: Limit one of each Pok\u00e9mon\n|rule|Item Clause: Limit one of each item\n|clearpoke\n|poke|p1|Armarouge, L50, M|\n|poke|p1|Zamazenta-*, L50|\n|poke|p1|Indeedee, L50, M|\n|poke|p1|Roaring Moon, L50|\n|poke|p1|Gholdengo, L50|\n|poke|p1|Urshifu-*, L50, M|\n|poke|p2|Calyrex-Ice, L50|\n|poke|p2|Annihilape, L50, M|\n|poke|p2|Smeargle, L50, F|\n|poke|p2|Ursaluna-Bloodmoon, L50, M|\n|poke|p2|Urshifu-*, L50, F|\n|poke|p2|Ogerpon-Wellspring, L50, F|\n|teampreview|4\n|j| Chysial\n|j| rabbithorn01\n|\n|t:|1722237283\n|start\n|switch|p1a: \u4ebf\u5143\u4e01\u771f|Gholdengo, L50|100\/100\n|switch|p1b: \u7f28\u626c\u4e01\u771f|Urshifu, L50, M|100\/100\n|switch|p2a: Annihilape|Annihilape, L50, M|100\/100\n|switch|p2b: Calyrex|Calyrex-Ice, L50|100\/100\n|-ability|p2b: Calyrex|As One\n|-ability|p2b: Calyrex|Unnerve\n|-item|p1a: \u4ebf\u5143\u4e01\u771f|Air Balloon\n|turn|1\n|\n|t:|1722237299\n|-terastallize|p1b: \u7f28\u626c\u4e01\u771f|Ghost\n|-terastallize|p2b: Calyrex|Dragon\n|move|p1a: \u4ebf\u5143\u4e01\u771f|Protect|p1a: \u4ebf\u5143\u4e01\u771f\n|-singleturn|p1a: \u4ebf\u5143\u4e01\u771f|Protect\n|move|p2a: Annihilape|Close Combat|p1b: \u7f28\u626c\u4e01\u771f\n|-immune|p1b: \u7f28\u626c\u4e01\u771f\n|move|p1b: \u7f28\u626c\u4e01\u771f|Wicked Blow|p2b: Calyrex\n|-crit|p2b: Calyrex\n|-damage|p2b: Calyrex|61\/100\n|move|p2b: Calyrex|Glacial Lance|p1b: \u7f28\u626c\u4e01\u771f|[spread] p1b\n|-activate|p1a: \u4ebf\u5143\u4e01\u771f|move: Protect\n|-damage|p1b: \u7f28\u626c\u4e01\u771f|38\/100\n|\n|upkeep\n|turn|2\n|j| goldonauta\n|\n|t:|1722237330\n|switch|p2a: Ursaluna|Ursaluna-Bloodmoon, L50, M|100\/100\n|move|p1b: \u7f28\u626c\u4e01\u771f|Wicked Blow|p2b: Calyrex\n|-crit|p2b: Calyrex\n|-damage|p2b: Calyrex|22\/100\n|-enditem|p2b: Calyrex|Sitrus Berry|[eat]\n|-heal|p2b: Calyrex|47\/100|[from] item: Sitrus Berry\n|move|p1a: \u4ebf\u5143\u4e01\u771f|Make It Rain|p2a: Ursaluna|[spread] p2a,p2b\n|-damage|p2a: Ursaluna|49\/100\n|-damage|p2b: Calyrex|13\/100\n|-unboost|p1a: \u4ebf\u5143\u4e01\u771f|spa|1\n|move|p2b: Calyrex|Trick Room|p2b: Calyrex\n|-fieldstart|move: Trick Room|[of] p2b: Calyrex\n|\n|upkeep\n|turn|3\n|\n|t:|1722237352\n|switch|p2b: Smeargle|Smeargle, L50, F, shiny|100\/100\n|move|p1b: \u7f28\u626c\u4e01\u771f|Protect|p1b: \u7f28\u626c\u4e01\u771f\n|-singleturn|p1b: \u7f28\u626c\u4e01\u771f|Protect\n|move|p2a: Ursaluna|Hyper Voice|p1b: \u7f28\u626c\u4e01\u771f|[spread] p1a\n|-activate|p1b: \u7f28\u626c\u4e01\u771f|move: Protect\n|-resisted|p1a: \u4ebf\u5143\u4e01\u771f\n|-damage|p1a: \u4ebf\u5143\u4e01\u771f|73\/100\n|-enditem|p1a: \u4ebf\u5143\u4e01\u771f|Air Balloon\n|-damage|p2a: Ursaluna|39\/100|[from] item: Life Orb\n|move|p1a: \u4ebf\u5143\u4e01\u771f|Make It Rain|p2b: Smeargle|[spread] p2a,p2b\n|-damage|p2a: Ursaluna|3\/100\n|-damage|p2b: Smeargle|36\/100\n|-unboost|p1a: \u4ebf\u5143\u4e01\u771f|spa|1\n|\n|upkeep\n|turn|4\n|j| zzz1994000\n|\n|t:|1722237376\n|switch|p1a: \u6708\u7ffc\u4e01\u771f|Roaring Moon, L50|100\/100\n|-enditem|p1a: \u6708\u7ffc\u4e01\u771f|Booster Energy\n|-activate|p1a: \u6708\u7ffc\u4e01\u771f|ability: Protosynthesis|[fromitem]\n|-start|p1a: \u6708\u7ffc\u4e01\u771f|protosynthesisspe\n|move|p2a: Ursaluna|Earth Power|p1a: \u6708\u7ffc\u4e01\u771f\n|-damage|p1a: \u6708\u7ffc\u4e01\u771f|37\/100\n|-damage|p2a: Ursaluna|0 fnt|[from] item: Life Orb\n|faint|p2a: Ursaluna\n|move|p2b: Smeargle|Spore|p1b: \u7f28\u626c\u4e01\u771f\n|-status|p1b: \u7f28\u626c\u4e01\u771f|slp|[from] move: Spore\n|cant|p1b: \u7f28\u626c\u4e01\u771f|slp\n|\n|upkeep\n|\n|t:|1722237385\n|switch|p2a: Calyrex|Calyrex-Ice, L50, tera:Dragon|13\/100\n|-ability|p2a: Calyrex|As One\n|-ability|p2a: Calyrex|Unnerve\n|turn|5\n|\n|t:|1722237402\n|-curestatus|p1b: \u7f28\u626c\u4e01\u771f|slp|[msg]\n|move|p1b: \u7f28\u626c\u4e01\u771f|Protect|p1b: \u7f28\u626c\u4e01\u771f\n|-singleturn|p1b: \u7f28\u626c\u4e01\u771f|Protect\n|move|p2b: Smeargle|Decorate|p2a: Calyrex\n|-boost|p2a: Calyrex|atk|2\n|-boost|p2a: Calyrex|spa|2\n|move|p2a: Calyrex|Glacial Lance|p1b: \u7f28\u626c\u4e01\u771f|[spread] p1a\n|-activate|p1b: \u7f28\u626c\u4e01\u771f|move: Protect\n|-supereffective|p1a: \u6708\u7ffc\u4e01\u771f\n|-damage|p1a: \u6708\u7ffc\u4e01\u771f|0 fnt\n|faint|p1a: \u6708\u7ffc\u4e01\u771f\n|-end|p1a: \u6708\u7ffc\u4e01\u771f|Protosynthesis|[silent]\n|-ability|p2a: Calyrex|Chilling Neigh|boost\n|-boost|p2a: Calyrex|atk|1\n|\n|upkeep\n|\n|t:|1722237418\n|switch|p1a: \u4ebf\u5143\u4e01\u771f|Gholdengo, L50|73\/100\n|turn|6\n|\n|t:|1722237461\n|switch|p1b: \u6bc5\u52c7\u4e01\u771f|Zamazenta-Crowned, L50|100\/100\n|-ability|p1b: \u6bc5\u52c7\u4e01\u771f|Dauntless Shield|boost\n|-boost|p1b: \u6bc5\u52c7\u4e01\u771f|def|1\n|move|p1a: \u4ebf\u5143\u4e01\u771f|Protect|p1a: \u4ebf\u5143\u4e01\u771f\n|-singleturn|p1a: \u4ebf\u5143\u4e01\u771f|Protect\n|move|p2b: Smeargle|Decorate|p2a: Calyrex\n|-boost|p2a: Calyrex|atk|2\n|-boost|p2a: Calyrex|spa|2\n|move|p2a: Calyrex|Glacial Lance|p1a: \u4ebf\u5143\u4e01\u771f|[spread] p1b\n|-activate|p1a: \u4ebf\u5143\u4e01\u771f|move: Protect\n|-resisted|p1b: \u6bc5\u52c7\u4e01\u771f\n|-damage|p1b: \u6bc5\u52c7\u4e01\u771f|61\/100\n|\n|-fieldend|move: Trick Room\n|upkeep\n|turn|7\n|\n|t:|1722237484\n|move|p2b: Smeargle|Wide Guard|p2b: Smeargle\n|-singleturn|p2b: Smeargle|Wide Guard\n|move|p1b: \u6bc5\u52c7\u4e01\u771f|Heavy Slam|p2b: Smeargle\n|-damage|p2b: Smeargle|0 fnt\n|faint|p2b: Smeargle\n|move|p1a: \u4ebf\u5143\u4e01\u771f|Shadow Ball|p2a: Calyrex\n|-damage|p2a: Calyrex|0 fnt\n|faint|p2a: Calyrex\n|\n|upkeep\n|-message|war3infi forfeited.\n|\n|win|shuijunjun\u7ea2\u83b2\u94e0\u9a91\u4fa0\n|raw|shuijunjun\u7ea2\u83b2\u94e0\u9a91\u4fa0's rating: 1715 &rarr; <strong>1743<\/strong><br \/>(+28 for winning)\n|raw|war3infi's rating: 1871 &rarr; <strong>1843<\/strong><br \/>(-28 for losing)\n|l|\u2606war3infi\n|player|p2|\n|l| goldonauta\n|l| zzz1994000\n|l|\u2606shuijunjun\u7ea2\u83b2\u94e0\u9a91\u4fa0\n|player|p1|\n|l| Chysial\n|l| rabbithorn01\n","uploadtime":1722237501,"views":68,"formatid":"gen9vgc2024regg","rating":1743,"private":0,"password":null}