{"id":"gen9vgc2024regg-2169011212","format":"[Gen 9] VGC 2024 Reg G","players":["dinokitae","LeCehlou"],"log":"|j|\u2606dinokitae\n|j|\u2606LeCehlou\n|t:|1722186635\n|gametype|doubles\n|player|p1|dinokitae|officeworker|1778\n|player|p2|LeCehlou|1|1712\n|teamsize|p1|6\n|teamsize|p2|6\n|gen|9\n|tier|[Gen 9] VGC 2024 Reg G\n|rated|\n|rule|Species Clause: Limit one of each Pok\u00e9mon\n|rule|Item Clause: Limit one of each item\n|clearpoke\n|poke|p1|Torterra, L50, M|\n|poke|p1|Iron Bundle, L50|\n|poke|p1|Chi-Yu, L50|\n|poke|p1|Farigiraf, L50, F|\n|poke|p1|Terapagos, L50, M|\n|poke|p1|Whimsicott, L50, M|\n|poke|p2|Iron Hands, L50|\n|poke|p2|Grimmsnarl, L50, M|\n|poke|p2|Urshifu-*, L50, M|\n|poke|p2|Terapagos, L50, M|\n|poke|p2|Flutter Mane, L50|\n|poke|p2|Chi-Yu, L50|\n|teampreview|4\n|inactive|Battle timer is ON: inactive players will automatically lose when time's up. (requested by dinokitae)\nLeCehlou has agreed to open team sheets.\n|inactive|LeCehlou has 60 seconds left.\n|\n|t:|1722186681\n|start\n|switch|p1a: \ubcf4\ub530\ub9ac|Iron Bundle, L50, shiny|100\/100\n|switch|p1b: \uc704\uc720\uc774|Chi-Yu, L50|100\/100\n|switch|p2a: Grimmsnarl|Grimmsnarl, L50, M|100\/100\n|switch|p2b: Urshifu|Urshifu-Rapid-Strike, L50, M|100\/100\n|-ability|p1b: \uc704\uc720\uc774|Beads of Ruin\n|-enditem|p1a: \ubcf4\ub530\ub9ac|Booster Energy\n|-activate|p1a: \ubcf4\ub530\ub9ac|ability: Quark Drive|[fromitem]\n|-start|p1a: \ubcf4\ub530\ub9ac|quarkdrivespe\n|turn|1\n|\n|t:|1722186696\n|move|p2b: Urshifu|Detect|p2b: Urshifu\n|-singleturn|p2b: Urshifu|Protect\n|move|p2a: Grimmsnarl|Light Screen|p2a: Grimmsnarl\n|-sidestart|p2: LeCehlou|move: Light Screen\n|move|p1a: \ubcf4\ub530\ub9ac|Freeze-Dry|p2b: Urshifu\n|-activate|p2b: Urshifu|move: Protect\n|move|p1b: \uc704\uc720\uc774|Heat Wave|p2b: Urshifu|[spread] p2a\n|-activate|p2b: Urshifu|move: Protect\n|-damage|p2a: Grimmsnarl|69\/100\n|-status|p2a: Grimmsnarl|brn\n|\n|-damage|p2a: Grimmsnarl|63\/100 brn|[from] brn\n|upkeep\n|turn|2\n|\n|t:|1722186704\n|switch|p1b: \ud0a4\ud0a4\ub9c1|Farigiraf, L50, F|100\/100\n|move|p2a: Grimmsnarl|Thunder Wave||[still]\n|cant|p1b: \ud0a4\ud0a4\ub9c1|ability: Armor Tail|Thunder Wave|[of] p2a: Grimmsnarl\n|move|p1a: \ubcf4\ub530\ub9ac|Freeze-Dry|p2b: Urshifu\n|-supereffective|p2b: Urshifu\n|-damage|p2b: Urshifu|38\/100\n|move|p2b: Urshifu|Surging Strikes|p1b: \ud0a4\ud0a4\ub9c1\n|-crit|p1b: \ud0a4\ud0a4\ub9c1\n|-damage|p1b: \ud0a4\ud0a4\ub9c1|86\/100\n|-damage|p2b: Urshifu|22\/100|[from] item: Rocky Helmet|[of] p1b: \ud0a4\ud0a4\ub9c1\n|-crit|p1b: \ud0a4\ud0a4\ub9c1\n|-damage|p1b: \ud0a4\ud0a4\ub9c1|72\/100\n|-damage|p2b: Urshifu|5\/100|[from] item: Rocky Helmet|[of] p1b: \ud0a4\ud0a4\ub9c1\n|-crit|p1b: \ud0a4\ud0a4\ub9c1\n|-damage|p1b: \ud0a4\ud0a4\ub9c1|56\/100\n|-damage|p2b: Urshifu|0 fnt|[from] item: Rocky Helmet|[of] p1b: \ud0a4\ud0a4\ub9c1\n|faint|p2b: Urshifu\n|-hitcount|p1b: \ud0a4\ud0a4\ub9c1|3\n|\n|-damage|p2a: Grimmsnarl|57\/100 brn|[from] brn\n|upkeep\n|j| mobile2433\n|\n|t:|1722186715\n|switch|p2b: Terapagos|Terapagos, L50, M|100\/100\n|-activate|p2b: Terapagos|ability: Tera Shift\n|detailschange|p2b: Terapagos|Terapagos-Terastal, L50, M\n|-heal|p2b: Terapagos|100\/100|[silent]\n|turn|3\n|\n|t:|1722186737\n|move|p1a: \ubcf4\ub530\ub9ac|Taunt|p2b: Terapagos\n|-start|p2b: Terapagos|move: Taunt\n|move|p2b: Terapagos|Tera Starstorm|p1a: \ubcf4\ub530\ub9ac\n|-crit|p1a: \ubcf4\ub530\ub9ac\n|-damage|p1a: \ubcf4\ub530\ub9ac|0 fnt\n|faint|p1a: \ubcf4\ub530\ub9ac\n|-end|p1a: \ubcf4\ub530\ub9ac|Quark Drive|[silent]\n|move|p2a: Grimmsnarl|Foul Play|p1b: \ud0a4\ud0a4\ub9c1\n|-supereffective|p1b: \ud0a4\ud0a4\ub9c1\n|-damage|p1b: \ud0a4\ud0a4\ub9c1|40\/100\n|-damage|p2a: Grimmsnarl|41\/100 brn|[from] item: Rocky Helmet|[of] p1b: \ud0a4\ud0a4\ub9c1\n|move|p1b: \ud0a4\ud0a4\ub9c1|Dazzling Gleam|p2b: Terapagos|[spread] p2a,p2b\n|-supereffective|p2a: Grimmsnarl\n|-activate|p2b: Terapagos|ability: Tera Shell\n|-resisted|p2b: Terapagos\n|-damage|p2a: Grimmsnarl|23\/100 brn\n|-damage|p2b: Terapagos|95\/100\n|\n|-damage|p2a: Grimmsnarl|17\/100 brn|[from] brn\n|upkeep\n|\n|t:|1722186751\n|switch|p1a: \uc704\uc720\uc774|Chi-Yu, L50|100\/100\n|-ability|p1a: \uc704\uc720\uc774|Beads of Ruin\n|turn|4\n|\n|t:|1722186768\n|switch|p1b: \uc5d8\ud48d|Whimsicott, L50, M|100\/100\n|switch|p2a: Flutter Mane|Flutter Mane, L50|100\/100\n|-enditem|p2a: Flutter Mane|Booster Energy\n|-activate|p2a: Flutter Mane|ability: Protosynthesis|[fromitem]\n|-start|p2a: Flutter Mane|protosynthesisspe\n|-terastallize|p2b: Terapagos|Stellar\n|detailschange|p2b: Terapagos|Terapagos-Stellar, L50, M, tera:Stellar\n|-heal|p2b: Terapagos|97\/100|[silent]\n|move|p1a: \uc704\uc720\uc774|Heat Wave|p2b: Terapagos|[spread] p2a,p2b\n|-damage|p2a: Flutter Mane|66\/100\n|-damage|p2b: Terapagos|72\/100\n|move|p2b: Terapagos|Tera Starstorm|p1a: \uc704\uc720\uc774|[spread] p1a,p1b\n|-damage|p1a: \uc704\uc720\uc774|29\/100\n|-enditem|p1b: \uc5d8\ud48d|Focus Sash\n|-damage|p1b: \uc5d8\ud48d|1\/100\n|\n|upkeep\n|turn|5\n|inactive|dinokitae has 30 seconds left.\n|\n|t:|1722186799\n|move|p1b: \uc5d8\ud48d|Tailwind|p1b: \uc5d8\ud48d\n|-sidestart|p1: dinokitae|move: Tailwind\n|move|p1a: \uc704\uc720\uc774|Heat Wave|p2b: Terapagos|[spread] p2a,p2b\n|-crit|p2b: Terapagos\n|-damage|p2a: Flutter Mane|30\/100\n|-damage|p2b: Terapagos|14\/100\n|move|p2a: Flutter Mane|Icy Wind|p1b: \uc5d8\ud48d|[spread] p1a,p1b\n|-resisted|p1a: \uc704\uc720\uc774\n|-supereffective|p1b: \uc5d8\ud48d\n|-damage|p1a: \uc704\uc720\uc774|22\/100\n|-damage|p1b: \uc5d8\ud48d|0 fnt\n|-unboost|p1a: \uc704\uc720\uc774|spe|1\n|faint|p1b: \uc5d8\ud48d\n|move|p2b: Terapagos|Tera Starstorm|p1a: \uc704\uc720\uc774\n|-damage|p1a: \uc704\uc720\uc774|0 fnt\n|faint|p1a: \uc704\uc720\uc774\n|\n|-end|p2b: Terapagos|move: Taunt\n|upkeep\n|\n|t:|1722186810\n|switch|p1b: \ud0a4\ud0a4\ub9c1|Farigiraf, L50, F|40\/100\n|turn|6\n|\n|t:|1722186814\n|move|p2a: Flutter Mane|Moonblast|p1b: \ud0a4\ud0a4\ub9c1\n|-damage|p1b: \ud0a4\ud0a4\ub9c1|0 fnt\n|faint|p1b: \ud0a4\ud0a4\ub9c1\n|\n|win|LeCehlou\n|raw|dinokitae's rating: 1778 &rarr; <strong>1754<\/strong><br \/>(-24 for losing)\n|raw|LeCehlou's rating: 1712 &rarr; <strong>1736<\/strong><br \/>(+24 for winning)\n|l|\u2606dinokitae\n|player|p1|\n|l| mobile2433\n","uploadtime":1722186966,"views":6,"formatid":"gen9vgc2024regg","rating":1736,"private":0,"password":null}