{"id":"gen9vgc2024regg-2169838261","format":"[Gen 9] VGC 2024 Reg G","players":["war3infi","It'sJustKen VGC"],"log":"|j|\u2606war3infi\n|j|\u2606It'sJustKen VGC\n|t:|1722300459\n|gametype|doubles\n|player|p1|war3infi|dawn|1808\n|player|p2|It'sJustKen VGC|turo|1761\n|teamsize|p1|6\n|teamsize|p2|6\n|gen|9\n|tier|[Gen 9] VGC 2024 Reg G\n|rated|\n|rule|Species Clause: Limit one of each Pok\u00e9mon\n|rule|Item Clause: Limit one of each item\n|clearpoke\n|poke|p1|Calyrex-Ice, L50|\n|poke|p1|Annihilape, L50, M|\n|poke|p1|Smeargle, L50, M|\n|poke|p1|Ursaluna-Bloodmoon, L50, M|\n|poke|p1|Urshifu-*, L50, M|\n|poke|p1|Ogerpon-Wellspring, L50, F|\n|poke|p2|Miraidon, L50|\n|poke|p2|Farigiraf, L50, M|\n|poke|p2|Landorus, L50, M|\n|poke|p2|Urshifu-*, L50, M|\n|poke|p2|Tornadus, L50, M|\n|poke|p2|Iron Hands, L50|\n|teampreview|4\n|inactive|Battle timer is ON: inactive players will automatically lose when time's up. (requested by It'sJustKen VGC)\n|inactive|It'sJustKen VGC has 60 seconds left.\n|\n|t:|1722300499\n|start\n|switch|p1a: Calyrex|Calyrex-Ice, L50|100\/100\n|switch|p1b: Smeargle|Smeargle, L50, M, shiny|100\/100\n|switch|p2a: Iron Hands|Iron Hands, L50, shiny|100\/100\n|switch|p2b: Tornadus|Tornadus, L50, M, shiny|100\/100\n|-ability|p1a: Calyrex|As One\n|-ability|p1a: Calyrex|Unnerve\n|turn|1\n|\n|t:|1722300511\n|move|p1b: Smeargle|Fake Out|p2a: Iron Hands\n|-damage|p2a: Iron Hands|97\/100\n|move|p2b: Tornadus|Bleakwind Storm|p1a: Calyrex|[spread] p1b\n|-miss|p2b: Tornadus|p1a: Calyrex\n|-damage|p1b: Smeargle|17\/100\n|move|p1a: Calyrex|Glacial Lance|p2b: Tornadus|[spread] p2a,p2b\n|-supereffective|p2b: Tornadus\n|-damage|p2a: Iron Hands|55\/100\n|-enditem|p2b: Tornadus|Focus Sash\n|-damage|p2b: Tornadus|1\/100\n|cant|p2a: Iron Hands|flinch\n|\n|upkeep\n|turn|2\n|inactive|war3infi has 30 seconds left.\n|\n|t:|1722300538\n|move|p2b: Tornadus|Tailwind|p2b: Tornadus\n|-sidestart|p2: It'sJustKen VGC|move: Tailwind\n|move|p2a: Iron Hands|Swords Dance|p2a: Iron Hands\n|-boost|p2a: Iron Hands|atk|2\n|move|p1a: Calyrex|Glacial Lance|p2a: Iron Hands|[spread] p2a,p2b\n|-supereffective|p2b: Tornadus\n|-damage|p2a: Iron Hands|12\/100\n|-damage|p2b: Tornadus|0 fnt\n|faint|p2b: Tornadus\n|-ability|p1a: Calyrex|Chilling Neigh|boost\n|-boost|p1a: Calyrex|atk|1\n|move|p1b: Smeargle|Spore|p2a: Iron Hands\n|-activate|p2a: Iron Hands|item: Safety Goggles|Spore\n|\n|upkeep\n|l|\u2606war3infi\n|inactive|war3infi disconnected and has a minute to reconnect!\n|player|p1|\n|inactive|It'sJustKen VGC has 30 seconds left.\n|inactive|It'sJustKen VGC has 20 seconds left.\n|j|\u2606war3infi\n|inactive|war3infi reconnected.\n|player|p1|war3infi|dawn|\n|\n|t:|1722300576\n|switch|p2b: Miraidon|Miraidon, L50|100\/100\n|-fieldstart|move: Electric Terrain|[from] ability: Hadron Engine|[of] p2b: Miraidon\n|-activate|p2a: Iron Hands|ability: Quark Drive\n|-start|p2a: Iron Hands|quarkdriveatk\n|turn|3\n|\n|t:|1722300590\n|-terastallize|p2a: Iron Hands|Water\n|-terastallize|p1a: Calyrex|Dragon\n|move|p1b: Smeargle|Wide Guard|p1b: Smeargle\n|-singleturn|p1b: Smeargle|Wide Guard\n|move|p2b: Miraidon|Volt Switch|p1b: Smeargle\n|-damage|p1b: Smeargle|0 fnt\n|faint|p1b: Smeargle\n|\n|t:|1722300596\n|switch|p2b: Farigiraf|Farigiraf, L50, M, shiny|100\/100|[from] Volt Switch\n|-enditem|p2b: Farigiraf|Electric Seed\n|-boost|p2b: Farigiraf|def|1|[from] item: Electric Seed\n|move|p2a: Iron Hands|Drain Punch|p1a: Calyrex\n|-damage|p1a: Calyrex|33\/100\n|-heal|p2a: Iron Hands|41\/100|[from] drain|[of] p1a: Calyrex\n|-enditem|p1a: Calyrex|Sitrus Berry|[eat]\n|-heal|p1a: Calyrex|58\/100|[from] item: Sitrus Berry\n|move|p1a: Calyrex|Glacial Lance|p2b: Farigiraf|[spread] p2a,p2b\n|-resisted|p2a: Iron Hands\n|-damage|p2a: Iron Hands|10\/100\n|-damage|p2b: Farigiraf|57\/100\n|\n|upkeep\n|\n|t:|1722300611\n|switch|p1b: Urshifu|Urshifu, L50, M|100\/100\n|turn|4\n|\n|t:|1722300626\n|move|p2b: Farigiraf|Foul Play|p1a: Calyrex\n|-damage|p1a: Calyrex|19\/100\n|move|p1b: Urshifu|Wicked Blow|p2b: Farigiraf\n|-supereffective|p2b: Farigiraf\n|-crit|p2b: Farigiraf\n|-damage|p2b: Farigiraf|0 fnt\n|faint|p2b: Farigiraf\n|move|p2a: Iron Hands|Drain Punch|p1a: Calyrex\n|-damage|p1a: Calyrex|0 fnt\n|-heal|p2a: Iron Hands|18\/100|[from] drain|[of] p1a: Calyrex\n|faint|p1a: Calyrex\n|\n|upkeep\n|j| THUNDERSND77\n|\n|t:|1722300647\n|switch|p2b: Miraidon|Miraidon, L50|100\/100\n|switch|p1a: Ursaluna|Ursaluna-Bloodmoon, L50, M|100\/100\n|-activate|p2b: Miraidon|ability: Hadron Engine\n|turn|5\n|inactive|war3infi has 30 seconds left.\n|\n|t:|1722300685\n|move|p1a: Ursaluna|Vacuum Wave|p2b: Miraidon\n|-damage|p2b: Miraidon|82\/100\n|-damage|p1a: Ursaluna|91\/100|[from] item: Life Orb\n|move|p2b: Miraidon|Draco Meteor|p1a: Ursaluna\n|-damage|p1a: Ursaluna|0 fnt\n|-unboost|p2b: Miraidon|spa|2\n|faint|p1a: Ursaluna\n|move|p1b: Urshifu|Wicked Blow|p2a: Iron Hands\n|-crit|p2a: Iron Hands\n|-damage|p2a: Iron Hands|0 fnt\n|faint|p2a: Iron Hands\n|-end|p2a: Iron Hands|Quark Drive|[silent]\n|\n|-sideend|p2: It'sJustKen VGC|move: Tailwind\n|upkeep\n|turn|6\n|\n|t:|1722300694\n|move|p2b: Miraidon|Draco Meteor|p1b: Urshifu\n|-enditem|p1b: Urshifu|Focus Sash\n|-damage|p1b: Urshifu|1\/100\n|-unboost|p2b: Miraidon|spa|2\n|move|p1b: Urshifu|Close Combat|p2b: Miraidon\n|-damage|p2b: Miraidon|9\/100\n|-unboost|p1b: Urshifu|def|1\n|-unboost|p1b: Urshifu|spd|1\n|\n|upkeep\n|turn|7\n|c|\u2606It'sJustKen VGC|gg\n|-message|It'sJustKen VGC forfeited.\n|\n|win|war3infi\n|raw|war3infi's rating: 1808 &rarr; <strong>1825<\/strong><br \/>(+17 for winning)\n|raw|It&apos;sJustKen VGC's rating: 1761 &rarr; <strong>1744<\/strong><br \/>(-17 for losing)\n|l|\u2606It'sJustKen VGC\n|player|p2|\n|l|\u2606war3infi\n|player|p1|\n|l| THUNDERSND77\n","uploadtime":1722300968,"views":57,"formatid":"gen9vgc2024regg","rating":1744,"private":0,"password":null}