{"id":"gen9vgc2024regg-2169421170","format":"[Gen 9] VGC 2024 Reg G","players":["KickLeeVGC","war3infi"],"log":"|j|\u2606KickLeeVGC\n|j|\u2606war3infi\n|t:|1722247957\n|gametype|doubles\n|player|p1|KickLeeVGC|1|1716\n|player|p2|war3infi|dawn|1825\n|teamsize|p1|6\n|teamsize|p2|6\n|gen|9\n|tier|[Gen 9] VGC 2024 Reg G\n|rated|\n|rule|Species Clause: Limit one of each Pok\u00e9mon\n|rule|Item Clause: Limit one of each item\n|clearpoke\n|poke|p1|Miraidon, L50|\n|poke|p1|Dondozo, L50, F|\n|poke|p1|Tatsugiri, L50, F|\n|poke|p1|Urshifu-*, L50, F|\n|poke|p1|Flutter Mane, L50|\n|poke|p1|Indeedee-F, L50, F|\n|poke|p2|Calyrex-Ice, L50|\n|poke|p2|Annihilape, L50, M|\n|poke|p2|Smeargle, L50, M|\n|poke|p2|Ursaluna-Bloodmoon, L50, M|\n|poke|p2|Urshifu-*, L50, F|\n|poke|p2|Ogerpon-Wellspring, L50, F|\n|teampreview|4\n|\n|t:|1722247975\n|start\n|switch|p1a: Urshifu|Urshifu, L50, F|100\/100\n|switch|p1b: Flutter Mane|Flutter Mane, L50|100\/100\n|switch|p2a: Calyrex|Calyrex-Ice, L50|100\/100\n|switch|p2b: Annihilape|Annihilape, L50, M|100\/100\n|-ability|p2a: Calyrex|As One\n|-ability|p2a: Calyrex|Unnerve\n|turn|1\n|j| tplusplus\n|\n|t:|1722248015\n|-terastallize|p1a: Urshifu|Dark\n|-terastallize|p2a: Calyrex|Dragon\n|move|p2b: Annihilape|Final Gambit|p1b: Flutter Mane\n|-immune|p1b: Flutter Mane\n|move|p1b: Flutter Mane|Dazzling Gleam|p2b: Annihilape|[spread] p2a,p2b\n|-supereffective|p2a: Calyrex\n|-supereffective|p2b: Annihilape\n|-damage|p2a: Calyrex|33\/100\n|-damage|p2b: Annihilape|12\/100\n|-enditem|p2a: Calyrex|Sitrus Berry|[eat]\n|-heal|p2a: Calyrex|57\/100|[from] item: Sitrus Berry\n|move|p1a: Urshifu|Wicked Blow|p2a: Calyrex\n|-crit|p2a: Calyrex\n|-damage|p2a: Calyrex|2\/100\n|move|p2a: Calyrex|Glacial Lance|p1a: Urshifu|[spread] p1a,p1b\n|-damage|p1a: Urshifu|35\/100\n|-damage|p1b: Flutter Mane|0 fnt\n|faint|p1b: Flutter Mane\n|-end|p1b: Flutter Mane|Protosynthesis|[silent]\n|-ability|p2a: Calyrex|Chilling Neigh|boost\n|-boost|p2a: Calyrex|atk|1\n|\n|upkeep\n|j| shui1535\n|\n|t:|1722248036\n|switch|p1b: Dondozo|Dondozo, L50, F|100\/100\n|turn|2\n|\n|t:|1722248052\n|switch|p2b: Ursaluna|Ursaluna-Bloodmoon, L50, M|100\/100\n|switch|p1a: Tatsugiri|Tatsugiri, L50, F|100\/100\n|-activate|p1a: Tatsugiri|ability: Commander|[of] p1b: Dondozo\n|-boost|p1b: Dondozo|atk|2\n|-boost|p1b: Dondozo|spa|2\n|-boost|p1b: Dondozo|spe|2\n|-boost|p1b: Dondozo|def|2\n|-boost|p1b: Dondozo|spd|2\n|switch|p2a: Urshifu|Urshifu, L50, F|100\/100\n|move|p1b: Dondozo|Earthquake|p2b: Ursaluna|[spread] p2a,p2b\n|-miss|p1b: Dondozo|p1a: Tatsugiri\n|-damage|p2a: Urshifu|63\/100\n|-damage|p2b: Ursaluna|66\/100\n|\n|upkeep\n|turn|3\n|\n|t:|1722248072\n|switch|p2a: Calyrex|Calyrex-Ice, L50, tera:Dragon|2\/100\n|-ability|p2a: Calyrex|As One\n|-ability|p2a: Calyrex|Unnerve\n|move|p1b: Dondozo|Wave Crash|p2a: Calyrex\n|-resisted|p2a: Calyrex\n|-damage|p2a: Calyrex|0 fnt\n|faint|p2a: Calyrex\n|-damage|p1b: Dondozo|99\/100|[from] Recoil\n|move|p2b: Ursaluna|Blood Moon|p1b: Dondozo\n|-damage|p1b: Dondozo|48\/100\n|-damage|p2b: Ursaluna|56\/100|[from] item: Life Orb\n|\n|-heal|p1b: Dondozo|54\/100|[from] item: Leftovers\n|upkeep\n|\n|t:|1722248087\n|switch|p2a: Urshifu|Urshifu, L50, F|63\/100\n|turn|4\n|\n|t:|1722248095\n|move|p2a: Urshifu|Sucker Punch|p1b: Dondozo\n|-damage|p1b: Dondozo|34\/100\n|move|p1b: Dondozo|Wave Crash|p2b: Ursaluna\n|-supereffective|p2b: Ursaluna\n|-damage|p2b: Ursaluna|0 fnt\n|faint|p2b: Ursaluna\n|-damage|p1b: Dondozo|16\/100|[from] Recoil\n|\n|-heal|p1b: Dondozo|23\/100|[from] item: Leftovers\n|upkeep\n|\n|t:|1722248100\n|switch|p2b: Annihilape|Annihilape, L50, M|12\/100\n|turn|5\n|\n|t:|1722248113\n|move|p2a: Urshifu|Sucker Punch|p1b: Dondozo\n|-damage|p1b: Dondozo|0 fnt\n|faint|p1b: Dondozo\n|move|p2b: Annihilape|Close Combat|p1a: Tatsugiri\n|-damage|p1a: Tatsugiri|33\/100\n|-unboost|p2b: Annihilape|def|1\n|-unboost|p2b: Annihilape|spd|1\n|\n|upkeep\n|\n|t:|1722248121\n|switch|p1b: Urshifu|Urshifu, L50, F, tera:Dark|35\/100\n|turn|6\n|\n|t:|1722248130\n|move|p1b: Urshifu|Sucker Punch|p2b: Annihilape\n|-damage|p2b: Annihilape|0 fnt\n|faint|p2b: Annihilape\n|move|p2a: Urshifu|Sucker Punch|p1a: Tatsugiri\n|-damage|p1a: Tatsugiri|0 fnt\n|faint|p1a: Tatsugiri\n|\n|upkeep\n|turn|7\n|j| Sorokos\n|\n|t:|1722248142\n|move|p2a: Urshifu|Sucker Punch|p1b: Urshifu\n|-resisted|p1b: Urshifu\n|-damage|p1b: Urshifu|5\/100\n|move|p1b: Urshifu|Close Combat|p2a: Urshifu\n|-supereffective|p2a: Urshifu\n|-damage|p2a: Urshifu|0 fnt\n|-unboost|p1b: Urshifu|def|1\n|-unboost|p1b: Urshifu|spd|1\n|faint|p2a: Urshifu\n|\n|win|KickLeeVGC\n|raw|KickLeeVGC's rating: 1716 &rarr; <strong>1742<\/strong><br \/>(+26 for winning)\n|raw|war3infi's rating: 1825 &rarr; <strong>1799<\/strong><br \/>(-26 for losing)\n|l|\u2606war3infi\n|player|p2|\n|l|\u2606KickLeeVGC\n|player|p1|\n|l| shui1535\n|l| tplusplus\n|l| Sorokos\n","uploadtime":1722248399,"views":55,"formatid":"gen9vgc2024regg","rating":1742,"private":0,"password":null}