{"id":"gen9vgc2024regg-2169333762","format":"[Gen 9] VGC 2024 Reg G","players":["chuanOVO","war3infi"],"log":"|j|\u2606chuanOVO\n|j|\u2606war3infi\n|t:|1722230002\n|gametype|doubles\n|player|p1|chuanOVO|n|1792\n|player|p2|war3infi|dawn|1828\n|teamsize|p1|6\n|teamsize|p2|6\n|gen|9\n|tier|[Gen 9] VGC 2024 Reg G\n|rated|\n|rule|Species Clause: Limit one of each Pok\u00e9mon\n|rule|Item Clause: Limit one of each item\n|clearpoke\n|poke|p1|Calyrex-Ice, L50|\n|poke|p1|Smeargle, L50, M|\n|poke|p1|Ursaluna-Bloodmoon, L50, M|\n|poke|p1|Urshifu-*, L50, M|\n|poke|p1|Ogerpon-Wellspring, L50, F|\n|poke|p1|Annihilape, L50, M|\n|poke|p2|Calyrex-Ice, L50|\n|poke|p2|Annihilape, L50, M|\n|poke|p2|Smeargle, L50, F|\n|poke|p2|Ursaluna-Bloodmoon, L50, M|\n|poke|p2|Urshifu-*, L50, M|\n|poke|p2|Ogerpon-Wellspring, L50, F|\n|teampreview|4\n|\n|t:|1722230034\n|start\n|switch|p1a: Ogerpon|Ogerpon-Wellspring, L50, F|100\/100\n|switch|p1b: Calyrex|Calyrex-Ice, L50|100\/100\n|switch|p2a: Calyrex|Calyrex-Ice, L50|100\/100\n|switch|p2b: Urshifu|Urshifu, L50, M|100\/100\n|-ability|p2a: Calyrex|As One\n|-ability|p2a: Calyrex|Unnerve\n|-ability|p1b: Calyrex|As One\n|-ability|p1b: Calyrex|Unnerve\n|turn|1\n|\n|t:|1722230057\n|-terastallize|p1b: Calyrex|Water\n|move|p1a: Ogerpon|Ivy Cudgel|p2b: Urshifu|[anim] Ivy Cudgel Water\n|-damage|p2b: Urshifu|46\/100\n|move|p2b: Urshifu|Wicked Blow|p1b: Calyrex\n|-crit|p1b: Calyrex\n|-damage|p1b: Calyrex|43\/100\n|move|p2a: Calyrex|Glacial Lance|p1a: Ogerpon|[spread] p1a,p1b\n|-resisted|p1b: Calyrex\n|-damage|p1a: Ogerpon|38\/100\n|-damage|p1b: Calyrex|24\/100\n|move|p1b: Calyrex|Glacial Lance|p2a: Calyrex|[spread] p2a,p2b\n|-resisted|p2a: Calyrex\n|-damage|p2a: Calyrex|84\/100\n|-damage|p2b: Urshifu|0 fnt\n|faint|p2b: Urshifu\n|-ability|p1b: Calyrex|Chilling Neigh|boost\n|-boost|p1b: Calyrex|atk|1\n|\n|upkeep\n|j| poolsideguy\n|\n|t:|1722230075\n|switch|p2b: Ogerpon|Ogerpon-Wellspring, L50, F|100\/100\n|turn|2\n|inactive|Battle timer is ON: inactive players will automatically lose when time's up. (requested by war3infi)\n|l|\u2606chuanOVO\n|inactive|chuanOVO disconnected and has a minute to reconnect!\n|player|p1|\n|j| bluestraggler02\n|inactive|chuanOVO has 30 seconds to reconnect!\n|j|\u2606chuanOVO\n|inactive|chuanOVO reconnected and has 60 seconds left.\n|player|p1|chuanOVO|n|\n|l|\u2606chuanOVO\n|inactive|chuanOVO disconnected and has a minute to reconnect!\n|player|p1|\n|inactive|chuanOVO has 30 seconds left.\n|inactiveoff|Battle timer is now OFF.\n|j|\u2606chuanOVO\n|player|p1|chuanOVO|n|\n|\n|t:|1722230188\n|move|p1a: Ogerpon|Follow Me|p1a: Ogerpon\n|-singleturn|p1a: Ogerpon|move: Follow Me\n|move|p2b: Ogerpon|Taunt|p1a: Ogerpon\n|-start|p1a: Ogerpon|move: Taunt\n|move|p2a: Calyrex|Glacial Lance|p1a: Ogerpon|[spread] p1a,p1b\n|-resisted|p1b: Calyrex\n|-damage|p1a: Ogerpon|0 fnt\n|-damage|p1b: Calyrex|4\/100\n|faint|p1a: Ogerpon\n|-ability|p2a: Calyrex|Chilling Neigh|boost\n|-boost|p2a: Calyrex|atk|1\n|move|p1b: Calyrex|Trick Room|p1b: Calyrex\n|-fieldstart|move: Trick Room|[of] p1b: Calyrex\n|\n|upkeep\n|\n|t:|1722230206\n|switch|p1a: Urshifu|Urshifu, L50, M|100\/100\n|turn|3\n|l| bluestraggler02\n|j| bluestraggler02\n|l|\u2606chuanOVO\n|player|p1|\n|inactive|Battle timer is ON: inactive players will automatically lose when time's up. (requested by war3infi)\n|j|\u2606chuanOVO\n|inactive|chuanOVO reconnected and has 50 seconds left.\n|player|p1|chuanOVO|n|\n|\n|t:|1722230283\n|move|p2b: Ogerpon|Follow Me|p2b: Ogerpon\n|-singleturn|p2b: Ogerpon|move: Follow Me\n|move|p1b: Calyrex|Glacial Lance|p2a: Calyrex|[spread] p2a,p2b\n|-resisted|p2a: Calyrex\n|-damage|p2a: Calyrex|58\/100\n|-damage|p2b: Ogerpon|11\/100\n|move|p2a: Calyrex|Glacial Lance|p1b: Calyrex|[spread] p1a,p1b\n|-resisted|p1b: Calyrex\n|-damage|p1a: Urshifu|25\/100\n|-damage|p1b: Calyrex|0 fnt\n|faint|p1b: Calyrex\n|-ability|p2a: Calyrex|Chilling Neigh|boost\n|-boost|p2a: Calyrex|atk|1\n|move|p1a: Urshifu|Wicked Blow|p2b: Ogerpon\n|-crit|p2b: Ogerpon\n|-damage|p2b: Ogerpon|0 fnt\n|faint|p2b: Ogerpon\n|\n|upkeep\n|\n|t:|1722230301\n|switch|p1b: Smeargle|Smeargle, L50, M, shiny|100\/100\n|switch|p2b: Smeargle|Smeargle, L50, F, shiny|100\/100\n|turn|4\n|inactive|war3infi has 30 seconds left.\n|inactive|war3infi has 20 seconds left.\n|\n|t:|1722230339\n|move|p2b: Smeargle|Follow Me|p2b: Smeargle\n|-singleturn|p2b: Smeargle|move: Follow Me\n|move|p1b: Smeargle|Spore|p2b: Smeargle\n|-status|p2b: Smeargle|slp|[from] move: Spore\n|move|p2a: Calyrex|High Horsepower|p1a: Urshifu\n|-damage|p1a: Urshifu|0 fnt\n|faint|p1a: Urshifu\n|-ability|p2a: Calyrex|Chilling Neigh|boost\n|-boost|p2a: Calyrex|atk|1\n|\n|upkeep\n|turn|5\n|l| bluestraggler02\n|j| 39livgc\n|-message|chuanOVO forfeited.\n|\n|win|war3infi\n|raw|chuanOVO's rating: 1792 &rarr; <strong>1774<\/strong><br \/>(-18 for losing)\n|raw|war3infi's rating: 1828 &rarr; <strong>1846<\/strong><br \/>(+18 for winning)\n|l|\u2606chuanOVO\n|player|p1|\n|l|\u2606war3infi\n|player|p2|\n|l| 39livgc\n","uploadtime":1722230511,"views":50,"formatid":"gen9vgc2024regg","rating":1774,"private":0,"password":null}