{"id":"gen9vgc2024regg-2169610120","format":"[Gen 9] VGC 2024 Reg G","players":["greenlightdmp","chuanOVO"],"log":"|j|\u2606greenlightdmp\n|j|\u2606chuanOVO\n|t:|1722273618\n|gametype|doubles\n|player|p1|greenlightdmp|169|1690\n|player|p2|chuanOVO|n|1786\n|teamsize|p1|6\n|teamsize|p2|6\n|gen|9\n|tier|[Gen 9] VGC 2024 Reg G\n|rated|\n|rule|Species Clause: Limit one of each Pok\u00e9mon\n|rule|Item Clause: Limit one of each item\n|clearpoke\n|poke|p1|Calyrex-Ice, L50|\n|poke|p1|Smeargle, L50, F|\n|poke|p1|Ursaluna-Bloodmoon, L50, M|\n|poke|p1|Indeedee-F, L50, F|\n|poke|p1|Amoonguss, L50, M|\n|poke|p1|Raging Bolt, L50|\n|poke|p2|Calyrex-Shadow, L50|\n|poke|p2|Mienshao, L50, M|\n|poke|p2|Weezing-Galar, L50, M|\n|poke|p2|Maushold, L50|\n|poke|p2|Dondozo, L50, M|\n|poke|p2|Tatsugiri, L50, M|\n|teampreview|4\n|inactive|Battle timer is ON: inactive players will automatically lose when time's up. (requested by chuanOVO)\n|\n|t:|1722273645\n|start\n|switch|p1a: Rosey|Calyrex-Ice, L50|100\/100\n|switch|p1b: Ari|Smeargle, L50, F, shiny|100\/100\n|switch|p2a: Maushold|Maushold, L50, shiny|100\/100\n|switch|p2b: Calyrex|Calyrex-Shadow, L50|100\/100\n|-ability|p2b: Calyrex|As One\n|-ability|p2b: Calyrex|Unnerve\n|-ability|p1a: Rosey|As One\n|-ability|p1a: Rosey|Unnerve\n|turn|1\n|inactive|greenlightdmp has 30 seconds left.\n|\n|t:|1722273674\n|move|p2a: Maushold|Helping Hand|p2b: Calyrex\n|-singleturn|p2b: Calyrex|Helping Hand|[of] p2a: Maushold\n|move|p1b: Ari|Fake Out|p2a: Maushold\n|-damage|p2a: Maushold|95\/100\n|-damage|p1b: Ari|84\/100|[from] item: Rocky Helmet|[of] p2a: Maushold\n|move|p2b: Calyrex|Astral Barrage|p1b: Ari|[spread] p1a\n|-immune|p1b: Ari\n|-supereffective|p1a: Rosey\n|-crit|p1a: Rosey\n|-damage|p1a: Rosey|0 fnt\n|faint|p1a: Rosey\n|-ability|p2b: Calyrex|Grim Neigh|boost\n|-boost|p2b: Calyrex|spa|1\n|\n|upkeep\n|\n|t:|1722273680\n|switch|p1a: Rich|Ursaluna-Bloodmoon, L50, M|100\/100\n|turn|2\n|inactive|greenlightdmp has 30 seconds left.\n|\n|t:|1722273711\n|-terastallize|p1a: Rich|Normal\n|move|p2b: Calyrex|Astral Barrage|p1b: Ari|[spread] \n|-immune|p1a: Rich\n|-immune|p1b: Ari\n|move|p2a: Maushold|Taunt|p1b: Ari\n|-start|p1b: Ari|move: Taunt\n|move|p1a: Rich|Blood Moon|p2b: Calyrex\n|-damage|p2b: Calyrex|0 fnt\n|faint|p2b: Calyrex\n|-damage|p1a: Rich|91\/100|[from] item: Life Orb\n|cant|p1b: Ari|move: Taunt|Spore\n|\n|upkeep\n|\n|t:|1722273728\n|switch|p2b: Dondozo|Dondozo, L50, M, shiny|100\/100\n|turn|3\n|\n|t:|1722273739\n|switch|p1b: Stephen|Amoonguss, L50, M|100\/100\n|move|p2b: Dondozo|Protect|p2b: Dondozo\n|-singleturn|p2b: Dondozo|Protect\n|move|p2a: Maushold|Taunt|p1b: Stephen\n|-start|p1b: Stephen|move: Taunt\n|move|p1a: Rich|Hyper Voice|p2a: Maushold|[spread] p2a\n|-activate|p2b: Dondozo|move: Protect\n|-damage|p2a: Maushold|17\/100\n|-damage|p1a: Rich|81\/100|[from] item: Life Orb\n|\n|upkeep\n|turn|4\n|inactive|greenlightdmp has 30 seconds left.\n|inactive|chuanOVO has 30 seconds left.\n|\n|t:|1722273772\n|switch|p2a: Tatsugiri|Tatsugiri, L50, M, shiny|100\/100\n|-activate|p2a: Tatsugiri|ability: Commander|[of] p2b: Dondozo\n|-boost|p2b: Dondozo|atk|2\n|-boost|p2b: Dondozo|spa|2\n|-boost|p2b: Dondozo|spe|2\n|-boost|p2b: Dondozo|def|2\n|-boost|p2b: Dondozo|spd|2\n|switch|p1a: Ari|Smeargle, L50, F, shiny|84\/100\n|move|p2b: Dondozo|Wave Crash|p1a: Ari\n|-crit|p1a: Ari\n|-damage|p1a: Ari|0 fnt\n|faint|p1a: Ari\n|-damage|p2b: Dondozo|81\/100|[from] Recoil\n|move|p1b: Stephen|Clear Smog|p2b: Dondozo\n|-damage|p2b: Dondozo|73\/100\n|-clearboost|p2b: Dondozo\n|\n|-heal|p2b: Dondozo|79\/100|[from] item: Leftovers\n|upkeep\n|\n|t:|1722273793\n|switch|p1a: Rich|Ursaluna-Bloodmoon, L50, M, tera:Normal|81\/100\n|turn|5\n|\n|t:|1722273802\n|move|p1a: Rich|Protect|p1a: Rich\n|-singleturn|p1a: Rich|Protect\n|move|p2b: Dondozo|Wave Crash|p1a: Rich\n|-activate|p1a: Rich|move: Protect\n|move|p1b: Stephen|Clear Smog|p2b: Dondozo\n|-damage|p2b: Dondozo|64\/100\n|-clearboost|p2b: Dondozo\n|\n|-heal|p2b: Dondozo|70\/100|[from] item: Leftovers\n|-end|p1b: Stephen|move: Taunt\n|upkeep\n|turn|6\n|\n|t:|1722273818\n|move|p2b: Dondozo|Wave Crash|p1a: Rich\n|-damage|p1a: Rich|43\/100\n|-damage|p2b: Dondozo|58\/100|[from] Recoil\n|move|p1a: Rich|Blood Moon|p2b: Dondozo\n|-damage|p2b: Dondozo|0 fnt\n|faint|p2b: Dondozo\n|-damage|p1a: Rich|33\/100|[from] item: Life Orb\n|move|p1b: Stephen|Spore|p2a: Tatsugiri\n|-status|p2a: Tatsugiri|slp|[from] move: Spore\n|\n|upkeep\n|-message|chuanOVO forfeited.\n|\n|win|greenlightdmp\n|raw|greenlightdmp's rating: 1690 &rarr; <strong>1715<\/strong><br \/>(+25 for winning)\n|raw|chuanOVO's rating: 1786 &rarr; <strong>1761<\/strong><br \/>(-25 for losing)\n|l|\u2606chuanOVO\n|player|p2|\n|l|\u2606greenlightdmp\n|player|p1|\n","uploadtime":1722274088,"views":15,"formatid":"gen9vgc2024regg","rating":1715,"private":0,"password":null}