{"id":"gen9vgc2024regg-2169383720","format":"[Gen 9] VGC 2024 Reg G","players":["chuanOVO","shuijunjun\u7ea2\u83b2\u94e0\u9a91\u4fa0"],"log":"|j|\u2606chuanOVO\n|j|\u2606shuijunjun\u7ea2\u83b2\u94e0\u9a91\u4fa0\n|t:|1722240273\n|gametype|doubles\n|player|p1|chuanOVO|n|1825\n|player|p2|shuijunjun\u7ea2\u83b2\u94e0\u9a91\u4fa0|iono|1736\n|teamsize|p1|6\n|teamsize|p2|6\n|gen|9\n|tier|[Gen 9] VGC 2024 Reg G\n|rated|\n|rule|Species Clause: Limit one of each Pok\u00e9mon\n|rule|Item Clause: Limit one of each item\n|clearpoke\n|poke|p1|Calyrex-Ice, L50|\n|poke|p1|Smeargle, L50, M|\n|poke|p1|Ursaluna-Bloodmoon, L50, M|\n|poke|p1|Urshifu-*, L50, M|\n|poke|p1|Ogerpon-Wellspring, L50, F|\n|poke|p1|Annihilape, L50, M|\n|poke|p2|Armarouge, L50, F|\n|poke|p2|Zamazenta-*, L50|\n|poke|p2|Indeedee, L50, M|\n|poke|p2|Roaring Moon, L50|\n|poke|p2|Gholdengo, L50|\n|poke|p2|Urshifu-*, L50, F|\n|teampreview|4\n|c|\u2606chuanOVO|\uff1f\n|c|\u2606shuijunjun\u7ea2\u83b2\u94e0\u9a91\u4fa0|\uff1f\n|j| RAWAXXX\n|\n|t:|1722240316\n|start\n|switch|p1a: Smeargle|Smeargle, L50, M, shiny|100\/100\n|switch|p1b: Calyrex|Calyrex-Ice, L50|100\/100\n|switch|p2a: \u4ebf\u5143\u4e01\u771f|Gholdengo, L50|100\/100\n|switch|p2b: \u7f28\u626c\u4e01\u771f|Urshifu, L50, F|100\/100\n|-ability|p1b: Calyrex|As One\n|-ability|p1b: Calyrex|Unnerve\n|-item|p2a: \u4ebf\u5143\u4e01\u771f|Air Balloon\n|turn|1\n|j| rabbithorn01\n|\n|t:|1722240337\n|-terastallize|p2b: \u7f28\u626c\u4e01\u771f|Ghost\n|-terastallize|p1b: Calyrex|Water\n|move|p2b: \u7f28\u626c\u4e01\u771f|Wicked Blow|p1b: Calyrex\n|-crit|p1b: Calyrex\n|-damage|p1b: Calyrex|59\/100\n|move|p2a: \u4ebf\u5143\u4e01\u771f|Thunderbolt|p1b: Calyrex\n|-supereffective|p1b: Calyrex\n|-damage|p1b: Calyrex|9\/100\n|-enditem|p1b: Calyrex|Sitrus Berry|[eat]\n|-heal|p1b: Calyrex|34\/100|[from] item: Sitrus Berry\n|move|p1a: Smeargle|Spore|p2b: \u7f28\u626c\u4e01\u771f\n|-status|p2b: \u7f28\u626c\u4e01\u771f|slp|[from] move: Spore\n|move|p1b: Calyrex|Trick Room|p1b: Calyrex\n|-fieldstart|move: Trick Room|[of] p1b: Calyrex\n|\n|upkeep\n|turn|2\n|\n|t:|1722240364\n|cant|p2b: \u7f28\u626c\u4e01\u771f|slp\n|move|p1a: Smeargle|Decorate|p1b: Calyrex\n|-boost|p1b: Calyrex|atk|2\n|-boost|p1b: Calyrex|spa|2\n|move|p1b: Calyrex|High Horsepower|p2a: \u4ebf\u5143\u4e01\u771f\n|-immune|p2a: \u4ebf\u5143\u4e01\u771f\n|move|p2a: \u4ebf\u5143\u4e01\u771f|Make It Rain|p1b: Calyrex|[spread] p1a,p1b\n|-resisted|p1b: Calyrex\n|-damage|p1a: Smeargle|4\/100\n|-damage|p1b: Calyrex|18\/100\n|-unboost|p2a: \u4ebf\u5143\u4e01\u771f|spa|1\n|\n|upkeep\n|turn|3\n|c|\u2606shuijunjun\u7ea2\u83b2\u94e0\u9a91\u4fa0|\uff1f\n|j| goldonauta\n|\n|t:|1722240403\n|move|p2a: \u4ebf\u5143\u4e01\u771f|Protect|p2a: \u4ebf\u5143\u4e01\u771f\n|-singleturn|p2a: \u4ebf\u5143\u4e01\u771f|Protect\n|move|p1a: Smeargle|Decorate|p1b: Calyrex\n|-boost|p1b: Calyrex|atk|2\n|-boost|p1b: Calyrex|spa|2\n|move|p1b: Calyrex|Glacial Lance|p2b: \u7f28\u626c\u4e01\u771f|[spread] p2b\n|-activate|p2a: \u4ebf\u5143\u4e01\u771f|move: Protect\n|-enditem|p2b: \u7f28\u626c\u4e01\u771f|Focus Sash\n|-damage|p2b: \u7f28\u626c\u4e01\u771f|1\/100 slp\n|cant|p2b: \u7f28\u626c\u4e01\u771f|slp\n|\n|upkeep\n|turn|4\n|\n|t:|1722240424\n|move|p1a: Smeargle|Follow Me|p1a: Smeargle\n|-singleturn|p1a: Smeargle|move: Follow Me\n|-curestatus|p2b: \u7f28\u626c\u4e01\u771f|slp|[msg]\n|move|p2b: \u7f28\u626c\u4e01\u771f|Sucker Punch||[still]\n|-fail|p2b: \u7f28\u626c\u4e01\u771f\n|move|p1b: Calyrex|Glacial Lance|p2b: \u7f28\u626c\u4e01\u771f|[spread] p2a,p2b\n|-resisted|p2a: \u4ebf\u5143\u4e01\u771f\n|-damage|p2a: \u4ebf\u5143\u4e01\u771f|19\/100\n|-damage|p2b: \u7f28\u626c\u4e01\u771f|0 fnt\n|-enditem|p2a: \u4ebf\u5143\u4e01\u771f|Air Balloon\n|faint|p2b: \u7f28\u626c\u4e01\u771f\n|-ability|p1b: Calyrex|Chilling Neigh|boost\n|-boost|p1b: Calyrex|atk|1\n|move|p2a: \u4ebf\u5143\u4e01\u771f|Make It Rain|p1a: Smeargle|[spread] p1a,p1b\n|-resisted|p1b: Calyrex\n|-damage|p1a: Smeargle|0 fnt\n|-damage|p1b: Calyrex|6\/100\n|-unboost|p2a: \u4ebf\u5143\u4e01\u771f|spa|1\n|faint|p1a: Smeargle\n|\n|upkeep\n|\n|t:|1722240445\n|switch|p1a: Urshifu|Urshifu, L50, M|100\/100\n|switch|p2b: \u6bc5\u52c7\u4e01\u771f|Zamazenta-Crowned, L50|100\/100\n|-ability|p2b: \u6bc5\u52c7\u4e01\u771f|Dauntless Shield|boost\n|-boost|p2b: \u6bc5\u52c7\u4e01\u771f|def|1\n|turn|5\n|j| Shun.c\n|\n|t:|1722240486\n|switch|p2b: \u715c\u708e\u4e01\u771f|Armarouge, L50, F, shiny|100\/100\n|move|p2a: \u4ebf\u5143\u4e01\u771f|Protect|p2a: \u4ebf\u5143\u4e01\u771f\n|-singleturn|p2a: \u4ebf\u5143\u4e01\u771f|Protect\n|move|p1b: Calyrex|Glacial Lance|p2a: \u4ebf\u5143\u4e01\u771f|[spread] p2b\n|-activate|p2a: \u4ebf\u5143\u4e01\u771f|move: Protect\n|-resisted|p2b: \u715c\u708e\u4e01\u771f\n|-damage|p2b: \u715c\u708e\u4e01\u771f|0 fnt\n|faint|p2b: \u715c\u708e\u4e01\u771f\n|-ability|p1b: Calyrex|Chilling Neigh|boost\n|-boost|p1b: Calyrex|atk|1\n|move|p1a: Urshifu|Close Combat|p2a: \u4ebf\u5143\u4e01\u771f\n|-immune|p2a: \u4ebf\u5143\u4e01\u771f\n|\n|-fieldend|move: Trick Room\n|upkeep\n|\n|t:|1722240497\n|switch|p2b: \u6bc5\u52c7\u4e01\u771f|Zamazenta-Crowned, L50|100\/100\n|turn|6\n|\n|t:|1722240524\n|move|p2b: \u6bc5\u52c7\u4e01\u771f|Body Press|p1a: Urshifu\n|-supereffective|p1a: Urshifu\n|-damage|p1a: Urshifu|24\/100\n|move|p2a: \u4ebf\u5143\u4e01\u771f|Make It Rain|p1a: Urshifu|[spread] p1a,p1b\n|-resisted|p1b: Calyrex\n|-crit|p1b: Calyrex\n|-damage|p1a: Urshifu|0 fnt\n|-damage|p1b: Calyrex|0 fnt\n|-unboost|p2a: \u4ebf\u5143\u4e01\u771f|spa|1\n|faint|p1a: Urshifu\n|faint|p1b: Calyrex\n|\n|upkeep\n|\n|t:|1722240539\n|switch|p1b: Ursaluna|Ursaluna-Bloodmoon, L50, M|100\/100\n|turn|7\n|\n|t:|1722240545\n|move|p2b: \u6bc5\u52c7\u4e01\u771f|Body Press|p1b: Ursaluna\n|-supereffective|p1b: Ursaluna\n|-damage|p1b: Ursaluna|40\/100\n|move|p2a: \u4ebf\u5143\u4e01\u771f|Make It Rain|p1b: Ursaluna\n|-damage|p1b: Ursaluna|10\/100\n|-unboost|p2a: \u4ebf\u5143\u4e01\u771f|spa|1\n|move|p1b: Ursaluna|Hyper Voice|p2b: \u6bc5\u52c7\u4e01\u771f|[spread] p2a,p2b\n|-resisted|p2a: \u4ebf\u5143\u4e01\u771f\n|-resisted|p2b: \u6bc5\u52c7\u4e01\u771f\n|-damage|p2a: \u4ebf\u5143\u4e01\u771f|0 fnt\n|-damage|p2b: \u6bc5\u52c7\u4e01\u771f|82\/100\n|faint|p2a: \u4ebf\u5143\u4e01\u771f\n|-damage|p1b: Ursaluna|0 fnt|[from] item: Life Orb\n|faint|p1b: Ursaluna\n|\n|win|shuijunjun\u7ea2\u83b2\u94e0\u9a91\u4fa0\n|raw|chuanOVO's rating: 1825 &rarr; <strong>1800<\/strong><br \/>(-25 for losing)\n|raw|shuijunjun\u7ea2\u83b2\u94e0\u9a91\u4fa0's rating: 1736 &rarr; <strong>1761<\/strong><br \/>(+25 for winning)\n|l|\u2606chuanOVO\n|player|p1|\n|l| goldonauta\n|l|\u2606shuijunjun\u7ea2\u83b2\u94e0\u9a91\u4fa0\n|player|p2|\n","uploadtime":1722240560,"views":20,"formatid":"gen9vgc2024regg","rating":1761,"private":0,"password":null}