{"id":"gen9vgc2024regg-2169425958","format":"[Gen 9] VGC 2024 Reg G","players":["chuanOVO","war3infi"],"log":"|j|\u2606chuanOVO\n|j|\u2606war3infi\n|t:|1722248896\n|gametype|doubles\n|player|p1|chuanOVO|n|1844\n|player|p2|war3infi|dawn|1834\n|teamsize|p1|6\n|teamsize|p2|6\n|gen|9\n|tier|[Gen 9] VGC 2024 Reg G\n|rated|\n|rule|Species Clause: Limit one of each Pok\u00e9mon\n|rule|Item Clause: Limit one of each item\n|clearpoke\n|poke|p1|Calyrex-Ice, L50|\n|poke|p1|Smeargle, L50, M|\n|poke|p1|Ursaluna-Bloodmoon, L50, M|\n|poke|p1|Urshifu-*, L50, M|\n|poke|p1|Ogerpon-Wellspring, L50, F|\n|poke|p1|Annihilape, L50, M|\n|poke|p2|Calyrex-Ice, L50|\n|poke|p2|Annihilape, L50, M|\n|poke|p2|Smeargle, L50, F|\n|poke|p2|Ursaluna-Bloodmoon, L50, M|\n|poke|p2|Urshifu-*, L50, M|\n|poke|p2|Ogerpon-Wellspring, L50, F|\n|teampreview|4\n|j| bluestraggler02\n|j| shuijunjun\u7ea2\u83b2\u94e0\u9a91\u4fa0\n|c|\u2606chuanOVO|ps\u5c31\u6ca1\u6709draw\u8fd9\u4e2a\u529f\u80fd\u561b\n|c| bluestraggler02|\u5187\n|c| shuijunjun\u7ea2\u83b2\u94e0\u9a91\u4fa0|\u6218\u6597\uff0c\u723d\n|l| bluestraggler02\n|j| shui1535\n|\n|t:|1722248963\n|start\n|switch|p1a: Smeargle|Smeargle, L50, M, shiny|100\/100\n|switch|p1b: Calyrex|Calyrex-Ice, L50|100\/100\n|switch|p2a: Calyrex|Calyrex-Ice, L50|100\/100\n|switch|p2b: Smeargle|Smeargle, L50, F, shiny|100\/100\n|-ability|p2a: Calyrex|As One\n|-ability|p2a: Calyrex|Unnerve\n|-ability|p1b: Calyrex|As One\n|-ability|p1b: Calyrex|Unnerve\n|turn|1\n|\n|t:|1722248987\n|-terastallize|p2b: Smeargle|Grass\n|-terastallize|p1a: Smeargle|Grass\n|move|p2b: Smeargle|Follow Me|p2b: Smeargle\n|-singleturn|p2b: Smeargle|move: Follow Me\n|move|p2a: Calyrex|Glacial Lance|p1b: Calyrex|[spread] p1a,p1b\n|-supereffective|p1a: Smeargle\n|-resisted|p1b: Calyrex\n|-enditem|p1a: Smeargle|Focus Sash\n|-damage|p1a: Smeargle|1\/100\n|-damage|p1b: Calyrex|83\/100\n|move|p1b: Calyrex|Glacial Lance|p2a: Calyrex|[spread] p2a,p2b\n|-resisted|p2a: Calyrex\n|-supereffective|p2b: Smeargle\n|-damage|p2a: Calyrex|82\/100\n|-enditem|p2b: Smeargle|Focus Sash\n|-damage|p2b: Smeargle|1\/100\n|move|p1a: Smeargle|Spore|p2b: Smeargle\n|-immune|p2b: Smeargle\n|\n|upkeep\n|turn|2\n|j| rabbithorn01\n|j| bluestraggler02\n|\n|t:|1722249039\n|switch|p1a: Annihilape|Annihilape, L50, M, shiny|100\/100\n|move|p1b: Calyrex|Protect|p1b: Calyrex\n|-singleturn|p1b: Calyrex|Protect\n|move|p2a: Calyrex|Glacial Lance|p1a: Annihilape|[spread] p1a\n|-activate|p1b: Calyrex|move: Protect\n|-damage|p1a: Annihilape|44\/100\n|move|p2b: Smeargle|Decorate|p2a: Calyrex\n|-boost|p2a: Calyrex|atk|2\n|-boost|p2a: Calyrex|spa|2\n|\n|upkeep\n|turn|3\n|\n|t:|1722249070\n|move|p1a: Annihilape|Close Combat|p2b: Smeargle\n|-damage|p2b: Smeargle|0 fnt\n|-unboost|p1a: Annihilape|def|1\n|-unboost|p1a: Annihilape|spd|1\n|faint|p2b: Smeargle\n|move|p2a: Calyrex|Trick Room|p2a: Calyrex\n|-fieldstart|move: Trick Room|[of] p2a: Calyrex\n|move|p1b: Calyrex|Trick Room|p1b: Calyrex\n|-fieldend|move: Trick Room\n|\n|upkeep\n|\n|t:|1722249081\n|switch|p2b: Urshifu|Urshifu, L50, M|100\/100\n|turn|4\n|\n|t:|1722249108\n|switch|p1b: Urshifu|Urshifu, L50, M|100\/100\n|move|p1a: Annihilape|Rage Fist|p2a: Calyrex\n|-supereffective|p2a: Calyrex\n|-damage|p2a: Calyrex|34\/100\n|-enditem|p2a: Calyrex|Sitrus Berry|[eat]\n|-heal|p2a: Calyrex|59\/100|[from] item: Sitrus Berry\n|move|p2b: Urshifu|Close Combat|p1b: Urshifu\n|-supereffective|p1b: Urshifu\n|-damage|p1b: Urshifu|0 fnt\n|-unboost|p2b: Urshifu|def|1\n|-unboost|p2b: Urshifu|spd|1\n|faint|p1b: Urshifu\n|move|p2a: Calyrex|Glacial Lance|p1a: Annihilape\n|-damage|p1a: Annihilape|0 fnt\n|faint|p1a: Annihilape\n|-ability|p2a: Calyrex|Chilling Neigh|boost\n|-boost|p2a: Calyrex|atk|1\n|\n|upkeep\n|\n|t:|1722249125\n|switch|p1a: Calyrex|Calyrex-Ice, L50|83\/100\n|switch|p1b: Smeargle|Smeargle, L50, M, shiny, tera:Grass|1\/100\n|-ability|p1a: Calyrex|As One\n|-ability|p1a: Calyrex|Unnerve\n|turn|5\n|-message|chuanOVO forfeited.\n|\n|win|war3infi\n|raw|chuanOVO's rating: 1844 &rarr; <strong>1823<\/strong><br \/>(-21 for losing)\n|raw|war3infi's rating: 1834 &rarr; <strong>1855<\/strong><br \/>(+21 for winning)\n|l|\u2606chuanOVO\n|player|p1|\n|l|\u2606war3infi\n|player|p2|\n|l| shuijunjun\u7ea2\u83b2\u94e0\u9a91\u4fa0\n|l| bluestraggler02\n|l| shui1535\n|j| bluestraggler02\n|l| bluestraggler02\n","uploadtime":1722249139,"views":228,"formatid":"gen9vgc2024regg","rating":1823,"private":0,"password":null}