{"id":"gen9vgc2024regg-2169268935","format":"[Gen 9] VGC 2024 Reg G","players":["linmou","bnuuyfluff"],"log":"|j|\u2606linmou\n|j|\u2606bnuuyfluff\n|t:|1722219762\n|gametype|doubles\n|player|p1|linmou|veteranf|1759\n|player|p2|bnuuyfluff|lacey|1716\n|teamsize|p1|6\n|teamsize|p2|6\n|gen|9\n|tier|[Gen 9] VGC 2024 Reg G\n|rated|\n|rule|Species Clause: Limit one of each Pok\u00e9mon\n|rule|Item Clause: Limit one of each item\n|clearpoke\n|poke|p1|Calyrex-Ice, L50|\n|poke|p1|Incineroar, L50, M|\n|poke|p1|Pelipper, L50, F|\n|poke|p1|Urshifu-*, L50, F|\n|poke|p1|Indeedee-F, L50, F|\n|poke|p1|Raging Bolt, L50|\n|poke|p2|Zacian-*, L50|\n|poke|p2|Weezing, L50, F|\n|poke|p2|Regigigas, L50|\n|poke|p2|Tornadus, L50, M|\n|poke|p2|Chien-Pao, L50|\n|poke|p2|Ogerpon-Wellspring, L50, F|\n|teampreview|4\n|inactive|Battle timer is ON: inactive players will automatically lose when time's up. (requested by linmou)\nbnuuyfluff rejected open team sheets.\n|inactive|linmou has 60 seconds left.\n|\n|t:|1722219794\n|start\n|switch|p1a: Indeedee|Indeedee-F, L50, F|100\/100\n|switch|p1b: Calyrex|Calyrex-Ice, L50|100\/100\n|switch|p2a: Dr. Eggman|Regigigas, L50|100\/100\n|switch|p2b: Badnik|Weezing, L50, F|100\/100\n|-ability|p1b: Calyrex|As One\n|-ability|p1b: Calyrex|Unnerve\n|-ability|p2b: Badnik|Neutralizing Gas\n|turn|1\n|j| rabbithorn01\n|j| zzz1994000\n|\n|t:|1722219805\n|move|p1a: Indeedee|Follow Me|p1a: Indeedee\n|-singleturn|p1a: Indeedee|move: Follow Me\n|move|p2a: Dr. Eggman|Knock Off|p1a: Indeedee\n|-supereffective|p1a: Indeedee\n|-damage|p1a: Indeedee|0 fnt\n|-enditem|p1a: Indeedee|Psychic Seed|[from] move: Knock Off|[of] p2a: Dr. Eggman\n|faint|p1a: Indeedee\n|-damage|p2a: Dr. Eggman|91\/100|[from] item: Life Orb\n|move|p1b: Calyrex|Swords Dance|p1b: Calyrex\n|-boost|p1b: Calyrex|atk|2\n|move|p2b: Badnik|Taunt|p1b: Calyrex\n|-start|p1b: Calyrex|move: Taunt\n|\n|upkeep\n|\n|t:|1722219813\n|switch|p1a: Incineroar|Incineroar, L50, M|100\/100\n|turn|2\n|\n|t:|1722219827\n|-terastallize|p2a: Dr. Eggman|Ghost\n|move|p2b: Badnik|Protect|p2b: Badnik\n|-singleturn|p2b: Badnik|Protect\n|move|p1a: Incineroar|Fake Out|p2a: Dr. Eggman\n|-immune|p2a: Dr. Eggman\n|move|p2a: Dr. Eggman|Crush Grip|p1b: Calyrex\n|-damage|p1b: Calyrex|34\/100\n|-damage|p2a: Dr. Eggman|81\/100|[from] item: Life Orb\n|move|p1b: Calyrex|Glacial Lance|p2b: Badnik|[spread] p2a\n|-activate|p2b: Badnik|move: Protect\n|-damage|p2a: Dr. Eggman|0 fnt\n|faint|p2a: Dr. Eggman\n|-end|p2a: Dr. Eggman|Slow Start|[silent]\n|-ability|p1b: Calyrex|Chilling Neigh|boost\n|-boost|p1b: Calyrex|atk|1\n|\n|upkeep\n|j| ccooo\n|\n|t:|1722219841\n|switch|p2a: Amy Rose|Ogerpon-Wellspring, L50, F|100\/100\n|turn|3\n|\n|t:|1722219851\n|-terastallize|p1b: Calyrex|Dragon\n|move|p2a: Amy Rose|Spiky Shield|p2a: Amy Rose\n|-singleturn|p2a: Amy Rose|move: Protect\n|move|p1b: Calyrex|Glacial Lance|p2b: Badnik|[spread] p2b\n|-activate|p2a: Amy Rose|move: Protect\n|-damage|p2b: Badnik|0 fnt\n|faint|p2b: Badnik\n|-end|p2b: Badnik|ability: Neutralizing Gas\n|-ability|p1a: Incineroar|Intimidate|boost\n|-unboost|p2a: Amy Rose|atk|1\n|-ability|p1b: Calyrex|Chilling Neigh|boost\n|-boost|p1b: Calyrex|atk|1\n|move|p1a: Incineroar|U-turn|p2a: Amy Rose\n|-activate|p2a: Amy Rose|move: Protect\n|-damage|p1a: Incineroar|88\/100|[from] Spiky Shield|[of] p2a: Amy Rose\n|\n|upkeep\n|j| bluestraggler02\n|\n|t:|1722219853\n|switch|p2b: Sonic|Zacian-Crowned, L50|100\/100\n|-ability|p2b: Sonic|Intrepid Sword|boost\n|-boost|p2b: Sonic|atk|1\n|turn|4\n|inactive|linmou has 30 seconds left.\n|\n|t:|1722219879\n|switch|p1b: Pelipper|Pelipper, L50, F|100\/100\n|-weather|RainDance|[from] ability: Drizzle|[of] p1b: Pelipper\n|move|p2b: Sonic|Play Rough|p1b: Pelipper\n|-enditem|p1b: Pelipper|Focus Sash\n|-damage|p1b: Pelipper|1\/100\n|move|p2a: Amy Rose|Ivy Cudgel|p1a: Incineroar|[anim] Ivy Cudgel Water\n|-supereffective|p1a: Incineroar\n|-damage|p1a: Incineroar|1\/100\n|move|p1a: Incineroar|U-turn|p2a: Amy Rose\n|-supereffective|p2a: Amy Rose\n|-damage|p2a: Amy Rose|62\/100\n|\n|t:|1722219882\n|switch|p1a: Calyrex|Calyrex-Ice, L50, tera:Dragon|34\/100|[from] U-turn\n|-ability|p1a: Calyrex|As One\n|-ability|p1a: Calyrex|Unnerve\n|\n|-weather|RainDance|[upkeep]\n|upkeep\n|turn|5\n|\n|t:|1722219894\n|switch|p1b: Incineroar|Incineroar, L50, M|1\/100\n|-ability|p1b: Incineroar|Intimidate|boost\n|-unboost|p2a: Amy Rose|atk|1\n|-unboost|p2b: Sonic|atk|1\n|move|p2b: Sonic|Play Rough|p1a: Calyrex\n|-supereffective|p1a: Calyrex\n|-damage|p1a: Calyrex|0 fnt\n|faint|p1a: Calyrex\n|move|p2a: Amy Rose|Ivy Cudgel|p1b: Incineroar|[anim] Ivy Cudgel Water\n|-supereffective|p1b: Incineroar\n|-damage|p1b: Incineroar|0 fnt\n|faint|p1b: Incineroar\n|\n|-weather|RainDance|[upkeep]\n|upkeep\n|-message|linmou forfeited.\n|\n|win|bnuuyfluff\n|raw|linmou's rating: 1759 &rarr; <strong>1737<\/strong><br \/>(-22 for losing)\n|raw|bnuuyfluff's rating: 1716 &rarr; <strong>1738<\/strong><br \/>(+22 for winning)\n|l|\u2606linmou\n|player|p1|\n","uploadtime":1722219906,"views":34,"formatid":"gen9vgc2024regg","rating":1737,"private":0,"password":null}