{"id":"gen9vgc2024regg-2169027023","format":"[Gen 9] VGC 2024 Reg G","players":["Billy_HMD","Paradox Mourinho"],"log":"|j|\u2606Billy_HMD\n|j|\u2606Paradox Mourinho\n|t:|1722188607\n|gametype|doubles\n|player|p1|Billy_HMD|dawn|1798\n|player|p2|Paradox Mourinho|lance|1835\n|teamsize|p1|6\n|teamsize|p2|6\n|gen|9\n|tier|[Gen 9] VGC 2024 Reg G\n|rated|\n|rule|Species Clause: Limit one of each Pok\u00e9mon\n|rule|Item Clause: Limit one of each item\n|clearpoke\n|poke|p1|Zamazenta-*, L50|\n|poke|p1|Volcarona, L50, F|\n|poke|p1|Grimmsnarl, L50, M|\n|poke|p1|Landorus-Therian, L50, M|\n|poke|p1|Rillaboom, L50, F|\n|poke|p1|Raging Bolt, L50|\n|poke|p2|Calyrex-Shadow, L50|\n|poke|p2|Maushold, L50|\n|poke|p2|Tatsugiri, L50, M|\n|poke|p2|Dondozo, L50, M|\n|poke|p2|Mienshao, L50, F|\n|poke|p2|Weezing-Galar, L50, F|\n|teampreview|4\n|inactive|Battle timer is ON: inactive players will automatically lose when time's up. (requested by Billy_HMD)\n|inactive|Billy_HMD has 60 seconds left.\n|\n|t:|1722188648\n|start\n|switch|p1a: Raging Bolt|Raging Bolt, L50|100\/100\n|switch|p1b: Zamazenta|Zamazenta-Crowned, L50|100\/100\n|switch|p2a: Calyrex|Calyrex-Shadow, L50|100\/100\n|switch|p2b: Weezing|Weezing-Galar, L50, F|100\/100\n|-ability|p2a: Calyrex|As One\n|-ability|p2a: Calyrex|Unnerve\n|-ability|p2b: Weezing|Neutralizing Gas\n|turn|1\n|\n|t:|1722188663\n|-terastallize|p1a: Raging Bolt|Electric\n|move|p2a: Calyrex|Astral Barrage|p1b: Zamazenta|[spread] p1a,p1b\n|-damage|p1a: Raging Bolt|55\/100\n|-damage|p1b: Zamazenta|52\/100\n|move|p1b: Zamazenta|Heavy Slam|p2b: Weezing\n|-supereffective|p2b: Weezing\n|-damage|p2b: Weezing|9\/100\n|-enditem|p2b: Weezing|Sitrus Berry|[eat]\n|-heal|p2b: Weezing|34\/100|[from] item: Sitrus Berry\n|move|p1a: Raging Bolt|Electroweb|p2b: Weezing|[spread] p2a,p2b\n|-damage|p2a: Calyrex|71\/100\n|-damage|p2b: Weezing|3\/100\n|-unboost|p2a: Calyrex|spe|1\n|-unboost|p2b: Weezing|spe|1\n|move|p2b: Weezing|Taunt|p1b: Zamazenta\n|-start|p1b: Zamazenta|move: Taunt\n|\n|upkeep\n|turn|2\n|inactive|Billy_HMD has 30 seconds left.\n|inactive|Paradox Mourinho has 30 seconds left.\n|inactive|Billy_HMD has 20 seconds left.\n|inactive|Billy_HMD has 15 seconds left.\n|\n|t:|1722188705\n|switch|p2a: Tatsugiri|Tatsugiri, L50, M|100\/100\n|move|p1b: Zamazenta|Heavy Slam|p2a: Tatsugiri\n|-resisted|p2a: Tatsugiri\n|-damage|p2a: Tatsugiri|64\/100\n|move|p1a: Raging Bolt|Electroweb|p2b: Weezing|[spread] p2a,p2b\n|-damage|p2a: Tatsugiri|42\/100\n|-damage|p2b: Weezing|0 fnt\n|-unboost|p2a: Tatsugiri|spe|1\n|faint|p2b: Weezing\n|-end|p2b: Weezing|ability: Neutralizing Gas\n|-ability|p1b: Zamazenta|Dauntless Shield|boost\n|-boost|p1b: Zamazenta|def|1\n|\n|upkeep\n|\n|t:|1722188716\n|switch|p2b: Dondozo|Dondozo, L50, M|100\/100\n|-activate|p2a: Tatsugiri|ability: Commander|[of] p2b: Dondozo\n|-boost|p2b: Dondozo|atk|2\n|-boost|p2b: Dondozo|spa|2\n|-boost|p2b: Dondozo|spe|2\n|-boost|p2b: Dondozo|def|2\n|-boost|p2b: Dondozo|spd|2\n|turn|3\n|\n|t:|1722188733\n|-terastallize|p2b: Dondozo|Dragon\n|move|p1a: Raging Bolt|Thunderclap|p2b: Dondozo\n|-resisted|p2b: Dondozo\n|-damage|p2b: Dondozo|89\/100\n|move|p1b: Zamazenta|Body Press|p2b: Dondozo\n|-damage|p2b: Dondozo|75\/100\n|move|p2b: Dondozo|Wave Crash|p1a: Raging Bolt\n|-damage|p1a: Raging Bolt|0 fnt\n|faint|p1a: Raging Bolt\n|-end|p1a: Raging Bolt|Protosynthesis|[silent]\n|-damage|p2b: Dondozo|57\/100|[from] Recoil\n|\n|-heal|p2b: Dondozo|63\/100|[from] item: Leftovers\n|upkeep\n|\n|t:|1722188750\n|switch|p1a: Volcarona|Volcarona, L50, F|100\/100\n|turn|4\n|\n|t:|1722188755\n|move|p1a: Volcarona|Protect|p1a: Volcarona\n|-singleturn|p1a: Volcarona|Protect\n|move|p1b: Zamazenta|Body Press|p2b: Dondozo\n|-damage|p2b: Dondozo|48\/100\n|move|p2b: Dondozo|Wave Crash|p1b: Zamazenta\n|-damage|p1b: Zamazenta|0 fnt\n|faint|p1b: Zamazenta\n|-damage|p2b: Dondozo|33\/100|[from] Recoil\n|\n|-heal|p2b: Dondozo|39\/100|[from] item: Leftovers\n|upkeep\n|\n|t:|1722188763\n|switch|p1b: Rillaboom|Rillaboom, L50, F|100\/100\n|-fieldstart|move: Grassy Terrain|[from] ability: Grassy Surge|[of] p1b: Rillaboom\n|turn|5\n|\n|t:|1722188767\n|move|p2b: Dondozo|Protect|p2b: Dondozo\n|-singleturn|p2b: Dondozo|Protect\n|move|p1b: Rillaboom|Fake Out|p2b: Dondozo\n|-activate|p2b: Dondozo|move: Protect\n|move|p1a: Volcarona|Quiver Dance|p1a: Volcarona\n|-boost|p1a: Volcarona|spa|1\n|-boost|p1a: Volcarona|spd|1\n|-boost|p1a: Volcarona|spe|1\n|\n|-heal|p2b: Dondozo|45\/100|[from] Grassy Terrain\n|-heal|p2b: Dondozo|51\/100|[from] item: Leftovers\n|-heal|p2a: Tatsugiri|47\/100|[from] Grassy Terrain\n|upkeep\n|turn|6\n|\n|t:|1722188775\n|move|p1a: Volcarona|Bug Buzz|p2b: Dondozo\n|-damage|p2b: Dondozo|32\/100\n|move|p1b: Rillaboom|Wood Hammer|p2b: Dondozo\n|-resisted|p2b: Dondozo\n|-damage|p2b: Dondozo|16\/100\n|-damage|p1b: Rillaboom|94\/100|[from] Recoil\n|move|p2b: Dondozo|Wave Crash|p1a: Volcarona\n|-supereffective|p1a: Volcarona\n|-damage|p1a: Volcarona|0 fnt\n|-status|p2b: Dondozo|brn|[from] ability: Flame Body|[of] p1a: Volcarona\n|faint|p1a: Volcarona\n|-damage|p2b: Dondozo|0 fnt|[from] Recoil\n|faint|p2b: Dondozo\n|\n|-heal|p1b: Rillaboom|99\/100|[from] Grassy Terrain\n|-heal|p2a: Tatsugiri|53\/100|[from] Grassy Terrain\n|upkeep\n|\n|t:|1722188780\n|switch|p2b: Calyrex|Calyrex-Shadow, L50|71\/100\n|-ability|p2b: Calyrex|As One\n|-ability|p2b: Calyrex|Unnerve\n|turn|7\n|\n|t:|1722188793\n|move|p2b: Calyrex|Astral Barrage|p1b: Rillaboom\n|-damage|p1b: Rillaboom|0 fnt\n|faint|p1b: Rillaboom\n|\n|win|Paradox Mourinho\n|raw|Billy_HMD's rating: 1798 &rarr; <strong>1780<\/strong><br \/>(-18 for losing)\n|raw|Paradox Mourinho's rating: 1835 &rarr; <strong>1853<\/strong><br \/>(+18 for winning)\n|l|\u2606Billy_HMD\n|player|p1|\n","uploadtime":1722189070,"views":73,"formatid":"gen9vgc2024regg","rating":1780,"private":0,"password":null}