{"id":"gen9vgc2024regg-2169922201","format":"[Gen 9] VGC 2024 Reg G","players":["sjbz","chuanOVO"],"log":"|j|\u2606sjbz\n|j|\u2606chuanOVO\n|t:|1722311779\n|gametype|doubles\n|player|p1|sjbz|veteranf|1740\n|player|p2|chuanOVO|n|1765\n|teamsize|p1|6\n|teamsize|p2|6\n|gen|9\n|tier|[Gen 9] VGC 2024 Reg G\n|rated|\n|rule|Species Clause: Limit one of each Pok\u00e9mon\n|rule|Item Clause: Limit one of each item\n|clearpoke\n|poke|p1|Incineroar, L50, M|\n|poke|p1|Rillaboom, L50, F|\n|poke|p1|Calyrex-Ice, L50|\n|poke|p1|Urshifu-*, L50, M|\n|poke|p1|Pelipper, L50, M|\n|poke|p1|Raging Bolt, L50|\n|poke|p2|Calyrex-Ice, L50|\n|poke|p2|Smeargle, L50, M|\n|poke|p2|Ursaluna-Bloodmoon, L50, M|\n|poke|p2|Urshifu-*, L50, M|\n|poke|p2|Ogerpon-Wellspring, L50, F|\n|poke|p2|Annihilape, L50, M|\n|teampreview|4\n|inactive|Battle timer is ON: inactive players will automatically lose when time's up. (requested by chuanOVO)\n|j| bluestraggler02\n|inactive|sjbz has 60 seconds left.\n|inactive|sjbz has 30 seconds left.\n|\n|t:|1722311861\n|start\n|switch|p1a: Urshifu|Urshifu-Rapid-Strike, L50, M|100\/100\n|switch|p1b: Calyrex|Calyrex-Ice, L50|100\/100\n|switch|p2a: Annihilape|Annihilape, L50, M, shiny|100\/100\n|switch|p2b: Calyrex|Calyrex-Ice, L50|100\/100\n|-ability|p2b: Calyrex|As One\n|-ability|p2b: Calyrex|Unnerve\n|-ability|p1b: Calyrex|As One\n|-ability|p1b: Calyrex|Unnerve\n|turn|1\n|inactive|sjbz has 30 seconds left.\n|\n|t:|1722311893\n|-terastallize|p2b: Calyrex|Water\n|move|p1a: Urshifu|Surging Strikes|p2a: Annihilape\n|-crit|p2a: Annihilape\n|-damage|p2a: Annihilape|79\/100\n|-crit|p2a: Annihilape\n|-damage|p2a: Annihilape|57\/100\n|-crit|p2a: Annihilape\n|-damage|p2a: Annihilape|34\/100\n|-hitcount|p2a: Annihilape|3\n|move|p2a: Annihilape|Rage Fist|p1a: Urshifu\n|-damage|p1a: Urshifu|18\/100\n|move|p2b: Calyrex|Glacial Lance|p1b: Calyrex|[spread] p1a,p1b\n|-resisted|p1a: Urshifu\n|-resisted|p1b: Calyrex\n|-damage|p1a: Urshifu|0 fnt\n|-damage|p1b: Calyrex|82\/100\n|faint|p1a: Urshifu\n|-ability|p2b: Calyrex|Chilling Neigh|boost\n|-boost|p2b: Calyrex|atk|1\n|move|p1b: Calyrex|Glacial Lance|p2b: Calyrex|[spread] p2a,p2b\n|-resisted|p2b: Calyrex\n|-damage|p2a: Annihilape|0 fnt\n|-damage|p2b: Calyrex|83\/100\n|faint|p2a: Annihilape\n|-ability|p1b: Calyrex|Chilling Neigh|boost\n|-boost|p1b: Calyrex|atk|1\n|\n|upkeep\n|inactive|chuanOVO has 30 seconds left.\n|\n|t:|1722311923\n|switch|p2a: Urshifu|Urshifu, L50, M|100\/100\n|switch|p1a: Incineroar|Incineroar, L50, M, shiny|100\/100\n|-ability|p1a: Incineroar|Intimidate|boost\n|-unboost|p2a: Urshifu|atk|1\n|-unboost|p2b: Calyrex|atk|1\n|turn|2\n|inactive|sjbz has 30 seconds left.\n|inactive|chuanOVO has 30 seconds left.\n|inactive|sjbz has 20 seconds left.\n|inactive|chuanOVO has 20 seconds left.\n|\n|t:|1722311962\n|-terastallize|p1b: Calyrex|Water\n|move|p2a: Urshifu|Wicked Blow|p1b: Calyrex\n|-crit|p1b: Calyrex\n|-damage|p1b: Calyrex|27\/100\n|move|p1a: Incineroar|Will-O-Wisp|p2b: Calyrex\n|-status|p2b: Calyrex|brn\n|move|p2b: Calyrex|High Horsepower|p1a: Incineroar\n|-supereffective|p1a: Incineroar\n|-damage|p1a: Incineroar|64\/100\n|move|p1b: Calyrex|Glacial Lance|p2a: Urshifu|[spread] p2a,p2b\n|-resisted|p2b: Calyrex\n|-damage|p2a: Urshifu|29\/100\n|-damage|p2b: Calyrex|57\/100 brn\n|\n|-damage|p2b: Calyrex|51\/100 brn|[from] brn\n|upkeep\n|turn|3\n|inactive|chuanOVO has 30 seconds left.\n|\n|t:|1722311988\n|move|p2a: Urshifu|Wicked Blow|p1b: Calyrex\n|-crit|p1b: Calyrex\n|-damage|p1b: Calyrex|0 fnt\n|faint|p1b: Calyrex\n|move|p1a: Incineroar|Parting Shot|p2b: Calyrex\n|-unboost|p2b: Calyrex|atk|1\n|-unboost|p2b: Calyrex|spa|1\n|\n|t:|1722311991\n|switch|p1a: Pelipper|Pelipper, L50, M, shiny|100\/100|[from] Parting Shot\n|-weather|RainDance|[from] ability: Drizzle|[of] p1a: Pelipper\n|move|p2b: Calyrex|High Horsepower|p1a: Pelipper\n|-immune|p1a: Pelipper\n|\n|-weather|RainDance|[upkeep]\n|-damage|p2b: Calyrex|46\/100 brn|[from] brn\n|upkeep\n|-enditem|p2b: Calyrex|Sitrus Berry|[eat]\n|-heal|p2b: Calyrex|71\/100 brn|[from] item: Sitrus Berry\n|\n|t:|1722311993\n|switch|p1b: Incineroar|Incineroar, L50, M, shiny|64\/100\n|-ability|p1b: Incineroar|Intimidate|boost\n|-unboost|p2a: Urshifu|atk|1\n|-unboost|p2b: Calyrex|atk|1\n|turn|4\n|j| 39livgc\n|inactive|chuanOVO has 30 seconds left.\n|\n|t:|1722312021\n|switch|p2a: Smeargle|Smeargle, L50, M, shiny|100\/100\n|move|p1a: Pelipper|Hurricane|p2a: Smeargle\n|-damage|p2a: Smeargle|5\/100\n|move|p1b: Incineroar|Knock Off|p2a: Smeargle\n|-damage|p2a: Smeargle|0 fnt\n|-enditem|p2a: Smeargle|Focus Sash|[from] move: Knock Off|[of] p1b: Incineroar\n|faint|p2a: Smeargle\n|move|p2b: Calyrex|Glacial Lance|p1b: Incineroar|[spread] p1a,p1b\n|-resisted|p1b: Incineroar\n|-damage|p1a: Pelipper|81\/100\n|-damage|p1b: Incineroar|58\/100\n|\n|-weather|RainDance|[upkeep]\n|-damage|p2b: Calyrex|65\/100 brn|[from] brn\n|upkeep\n|\n|t:|1722312037\n|switch|p2a: Urshifu|Urshifu, L50, M|29\/100\n|turn|5\n|\n|t:|1722312053\n|move|p1a: Pelipper|Protect|p1a: Pelipper\n|-singleturn|p1a: Pelipper|Protect\n|move|p2a: Urshifu|Wicked Blow|p1a: Pelipper\n|-crit|p1a: Pelipper\n|-damage|p1a: Pelipper|0 fnt\n|faint|p1a: Pelipper\n|move|p1b: Incineroar|Will-O-Wisp|p2a: Urshifu\n|-status|p2a: Urshifu|brn\n|move|p2b: Calyrex|High Horsepower|p1b: Incineroar\n|-supereffective|p1b: Incineroar\n|-damage|p1b: Incineroar|39\/100\n|\n|-weather|RainDance|[upkeep]\n|-damage|p2a: Urshifu|22\/100 brn|[from] brn\n|-damage|p2b: Calyrex|59\/100 brn|[from] brn\n|upkeep\n|turn|6\n|-message|sjbz forfeited.\n|\n|win|chuanOVO\n|raw|sjbz's rating: 1740 &rarr; <strong>1721<\/strong><br \/>(-19 for losing)\n|raw|chuanOVO's rating: 1765 &rarr; <strong>1784<\/strong><br \/>(+19 for winning)\n|l|\u2606sjbz\n|player|p1|\n|l|\u2606chuanOVO\n|player|p2|\n|l| 39livgc\n|l| bluestraggler02\n","uploadtime":1722312326,"views":33,"formatid":"gen9vgc2024regg","rating":1721,"private":0,"password":null}