{"id":"gen9vgc2024regg-2169368819","format":"[Gen 9] VGC 2024 Reg G","players":["shuijunjun\u7ea2\u83b2\u94e0\u9a91\u4fa0","gyaradostyranitar"],"log":"|j|\u2606shuijunjun\u7ea2\u83b2\u94e0\u9a91\u4fa0\n|j|\u2606gyaradostyranitar\n|t:|1722237078\n|gametype|doubles\n|player|p1|shuijunjun\u7ea2\u83b2\u94e0\u9a91\u4fa0|iono|1695\n|player|p2|gyaradostyranitar|roark|1697\n|teamsize|p1|6\n|teamsize|p2|6\n|gen|9\n|tier|[Gen 9] VGC 2024 Reg G\n|rated|\n|rule|Species Clause: Limit one of each Pok\u00e9mon\n|rule|Item Clause: Limit one of each item\n|clearpoke\n|poke|p1|Armarouge, L50, M|\n|poke|p1|Zamazenta-*, L50|\n|poke|p1|Indeedee, L50, M|\n|poke|p1|Roaring Moon, L50|\n|poke|p1|Gholdengo, L50|\n|poke|p1|Urshifu-*, L50, F|\n|poke|p2|Calyrex-Ice, L50|\n|poke|p2|Tyranitar, L50, M|\n|poke|p2|Indeedee-F, L50, F|\n|poke|p2|Ursaluna, L50, M|\n|poke|p2|Hatterene, L50, F|\n|poke|p2|Iron Hands, L50|\n|teampreview|4\n|inactive|Battle timer is ON: inactive players will automatically lose when time's up. (requested by gyaradostyranitar)\n|j| rabbithorn01\n|\n|t:|1722237105\n|start\n|switch|p1a: \u6708\u7ffc\u4e01\u771f|Roaring Moon, L50|100\/100\n|switch|p1b: \u4ebf\u5143\u4e01\u771f|Gholdengo, L50|100\/100\n|switch|p2a: Venozalano|Calyrex-Ice, L50|100\/100\n|switch|p2b: Iron Hands|Iron Hands, L50|100\/100\n|-ability|p2a: Venozalano|As One\n|-ability|p2a: Venozalano|Unnerve\n|-item|p1b: \u4ebf\u5143\u4e01\u771f|Air Balloon\n|-enditem|p1a: \u6708\u7ffc\u4e01\u771f|Booster Energy\n|-activate|p1a: \u6708\u7ffc\u4e01\u771f|ability: Protosynthesis|[fromitem]\n|-start|p1a: \u6708\u7ffc\u4e01\u771f|protosynthesisspe\n|turn|1\n|\n|t:|1722237128\n|-terastallize|p1a: \u6708\u7ffc\u4e01\u771f|Ghost\n|move|p2b: Iron Hands|Fake Out|p1a: \u6708\u7ffc\u4e01\u771f\n|-immune|p1a: \u6708\u7ffc\u4e01\u771f\n|move|p1a: \u6708\u7ffc\u4e01\u771f|Knock Off|p2a: Venozalano\n|-supereffective|p2a: Venozalano\n|-damage|p2a: Venozalano|38\/100\n|-enditem|p2a: Venozalano|Clear Amulet|[from] move: Knock Off|[of] p1a: \u6708\u7ffc\u4e01\u771f\n|move|p1b: \u4ebf\u5143\u4e01\u771f|Make It Rain|p2b: Iron Hands|[spread] p2a,p2b\n|-supereffective|p2a: Venozalano\n|-resisted|p2b: Iron Hands\n|-damage|p2a: Venozalano|0 fnt\n|-damage|p2b: Iron Hands|87\/100\n|-unboost|p1b: \u4ebf\u5143\u4e01\u771f|spa|1\n|faint|p2a: Venozalano\n|\n|upkeep\n|\n|t:|1722237132\n|switch|p2a: Hatterene|Hatterene, L50, F|100\/100\n|turn|2\n|\n|t:|1722237155\n|-terastallize|p2a: Hatterene|Psychic\n|move|p1a: \u6708\u7ffc\u4e01\u771f|Knock Off|p2a: Hatterene\n|-supereffective|p2a: Hatterene\n|-damage|p2a: Hatterene|0 fnt\n|-enditem|p2a: Hatterene|Life Orb|[from] move: Knock Off|[of] p1a: \u6708\u7ffc\u4e01\u771f\n|faint|p2a: Hatterene\n|move|p1b: \u4ebf\u5143\u4e01\u771f|Shadow Ball|p2b: Iron Hands\n|-damage|p2b: Iron Hands|68\/100\n|move|p2b: Iron Hands|Wild Charge|p1a: \u6708\u7ffc\u4e01\u771f\n|-damage|p1a: \u6708\u7ffc\u4e01\u771f|42\/100\n|-damage|p2b: Iron Hands|56\/100|[from] Recoil\n|\n|upkeep\n|\n|t:|1722237162\n|switch|p2a: terrorista|Ursaluna, L50, M|100\/100\n|turn|3\n|\n|t:|1722237174\n|move|p1a: \u6708\u7ffc\u4e01\u771f|Knock Off|p2a: terrorista\n|-damage|p2a: terrorista|68\/100\n|-enditem|p2a: terrorista|Flame Orb|[from] move: Knock Off|[of] p1a: \u6708\u7ffc\u4e01\u771f\n|move|p1b: \u4ebf\u5143\u4e01\u771f|Shadow Ball|p2b: Iron Hands\n|-damage|p2b: Iron Hands|37\/100\n|move|p2a: terrorista|Rock Slide|p1a: \u6708\u7ffc\u4e01\u771f|[spread] p1a,p1b\n|-resisted|p1b: \u4ebf\u5143\u4e01\u771f\n|-damage|p1a: \u6708\u7ffc\u4e01\u771f|22\/100\n|-damage|p1b: \u4ebf\u5143\u4e01\u771f|90\/100\n|-enditem|p1b: \u4ebf\u5143\u4e01\u771f|Air Balloon\n|move|p2b: Iron Hands|Wild Charge|p1b: \u4ebf\u5143\u4e01\u771f\n|-damage|p1b: \u4ebf\u5143\u4e01\u771f|43\/100\n|-damage|p2b: Iron Hands|29\/100|[from] Recoil\n|\n|upkeep\n|turn|4\n|\n|t:|1722237195\n|move|p1b: \u4ebf\u5143\u4e01\u771f|Protect|p1b: \u4ebf\u5143\u4e01\u771f\n|-singleturn|p1b: \u4ebf\u5143\u4e01\u771f|Protect\n|move|p1a: \u6708\u7ffc\u4e01\u771f|Earthquake|p2a: terrorista|[spread] p2a,p2b\n|-activate|p1b: \u4ebf\u5143\u4e01\u771f|move: Protect\n|-supereffective|p2b: Iron Hands\n|-damage|p2a: terrorista|49\/100\n|-damage|p2b: Iron Hands|3\/100\n|move|p2a: terrorista|High Horsepower|p1b: \u4ebf\u5143\u4e01\u771f\n|-activate|p1b: \u4ebf\u5143\u4e01\u771f|move: Protect\n|move|p2b: Iron Hands|Wild Charge|p1a: \u6708\u7ffc\u4e01\u771f\n|-damage|p1a: \u6708\u7ffc\u4e01\u771f|0 fnt\n|faint|p1a: \u6708\u7ffc\u4e01\u771f\n|-end|p1a: \u6708\u7ffc\u4e01\u771f|Protosynthesis|[silent]\n|-damage|p2b: Iron Hands|0 fnt|[from] Recoil\n|faint|p2b: Iron Hands\n|-end|p2b: Iron Hands|Quark Drive|[silent]\n|\n|upkeep\n|\n|t:|1722237208\n|switch|p1a: \u6bc5\u52c7\u4e01\u771f|Zamazenta-Crowned, L50|100\/100\n|-ability|p1a: \u6bc5\u52c7\u4e01\u771f|Dauntless Shield|boost\n|-boost|p1a: \u6bc5\u52c7\u4e01\u771f|def|1\n|turn|5\n|j| Chysial\n|inactive|gyaradostyranitar has 30 seconds left.\n|\n|t:|1722237234\n|move|p1a: \u6bc5\u52c7\u4e01\u771f|Body Press|p2a: terrorista\n|-supereffective|p2a: terrorista\n|-damage|p2a: terrorista|0 fnt\n|faint|p2a: terrorista\n|\n|win|shuijunjun\u7ea2\u83b2\u94e0\u9a91\u4fa0\n|raw|shuijunjun\u7ea2\u83b2\u94e0\u9a91\u4fa0's rating: 1695 &rarr; <strong>1715<\/strong><br \/>(+20 for winning)\n|raw|gyaradostyranitar's rating: 1697 &rarr; <strong>1677<\/strong><br \/>(-20 for losing)\n|l|\u2606shuijunjun\u7ea2\u83b2\u94e0\u9a91\u4fa0\n|player|p1|\n|l| Chysial\n|l|\u2606gyaradostyranitar\n|player|p2|\n","uploadtime":1722237479,"views":29,"formatid":"gen9vgc2024regg","rating":1677,"private":0,"password":null}