{"id":"gen9vgc2024regg-2169435138","format":"[Gen 9] VGC 2024 Reg G","players":["chuanOVO","BrodaxVGC"],"log":"|j|\u2606chuanOVO\n|j|\u2606BrodaxVGC\n|t:|1722250637\n|gametype|doubles\n|player|p1|chuanOVO|n|1720\n|player|p2|BrodaxVGC|170|1710\n|teamsize|p1|6\n|teamsize|p2|6\n|gen|9\n|tier|[Gen 9] VGC 2024 Reg G\n|rated|\n|rule|Species Clause: Limit one of each Pok\u00e9mon\n|rule|Item Clause: Limit one of each item\n|clearpoke\n|poke|p1|Calyrex-Shadow, L50|\n|poke|p1|Mienshao, L50, M|\n|poke|p1|Weezing-Galar, L50, M|\n|poke|p1|Maushold, L50|\n|poke|p1|Dondozo, L50, M|\n|poke|p1|Tatsugiri, L50, M|\n|poke|p2|Miraidon, L50|\n|poke|p2|Whimsicott, L50, F|\n|poke|p2|Chi-Yu, L50|\n|poke|p2|Ogerpon-Wellspring, L50, F|\n|poke|p2|Iron Hands, L50|\n|poke|p2|Farigiraf, L50, M|\n|teampreview|4\n|inactive|Battle timer is ON: inactive players will automatically lose when time's up. (requested by BrodaxVGC)\n|\n|t:|1722250671\n|start\n|switch|p1a: Maushold|Maushold, L50, shiny|100\/100\n|switch|p1b: Calyrex|Calyrex-Shadow, L50|100\/100\n|switch|p2a: Whimsicott|Whimsicott, L50, F|100\/100\n|switch|p2b: Chi-Yu|Chi-Yu, L50|100\/100\n|-ability|p1b: Calyrex|As One\n|-ability|p1b: Calyrex|Unnerve\n|-ability|p2b: Chi-Yu|Beads of Ruin\n|turn|1\n|\n|t:|1722250694\n|move|p1a: Maushold|Follow Me|p1a: Maushold\n|-singleturn|p1a: Maushold|move: Follow Me\n|move|p2a: Whimsicott|Tailwind|p2a: Whimsicott\n|-sidestart|p2: BrodaxVGC|move: Tailwind\n|move|p2b: Chi-Yu|Heat Wave|p1a: Maushold|[spread] p1a,p1b\n|-damage|p1a: Maushold|13\/100\n|-damage|p1b: Calyrex|45\/100\n|-damage|p2b: Chi-Yu|91\/100|[from] item: Life Orb\n|move|p1b: Calyrex|Astral Barrage|p2a: Whimsicott|[spread] p2a,p2b\n|-resisted|p2b: Chi-Yu\n|-enditem|p2a: Whimsicott|Focus Sash\n|-damage|p2a: Whimsicott|1\/100\n|-damage|p2b: Chi-Yu|51\/100\n|\n|upkeep\n|turn|2\n|inactive|BrodaxVGC has 30 seconds left.\n|j| Fearce_VGC\n|inactive|BrodaxVGC has 20 seconds left.\n|\n|t:|1722250734\n|switch|p1b: Tatsugiri|Tatsugiri, L50, M, shiny|100\/100\n|switch|p1a: Dondozo|Dondozo, L50, M, shiny|100\/100\n|-activate|p1b: Tatsugiri|ability: Commander|[of] p1a: Dondozo\n|-boost|p1a: Dondozo|atk|2\n|-boost|p1a: Dondozo|spa|2\n|-boost|p1a: Dondozo|spe|2\n|-boost|p1a: Dondozo|def|2\n|-boost|p1a: Dondozo|spd|2\n|move|p2a: Whimsicott|Moonblast|p1b: Tatsugiri|[miss]\n|-miss|p2a: Whimsicott|p1b: Tatsugiri\n|move|p2b: Chi-Yu|Heat Wave|p1a: Dondozo|[spread] p1a\n|-miss|p2b: Chi-Yu|p1b: Tatsugiri\n|-resisted|p1a: Dondozo\n|-damage|p1a: Dondozo|85\/100\n|-status|p1a: Dondozo|brn\n|-damage|p2b: Chi-Yu|41\/100|[from] item: Life Orb\n|\n|-heal|p1a: Dondozo|91\/100 brn|[from] item: Leftovers\n|-damage|p1a: Dondozo|85\/100 brn|[from] brn\n|upkeep\n|turn|3\n|j| Avava1\n|inactive|BrodaxVGC has 30 seconds left.\n|\n|t:|1722250759\n|switch|p2b: Ogerpon|Ogerpon-Wellspring, L50, F|100\/100\n|move|p2a: Whimsicott|Taunt|p1a: Dondozo\n|-start|p1a: Dondozo|move: Taunt\n|move|p1a: Dondozo|Earthquake|p2a: Whimsicott|[spread] p2a,p2b\n|-miss|p1a: Dondozo|p1b: Tatsugiri\n|-resisted|p2a: Whimsicott\n|-resisted|p2b: Ogerpon\n|-damage|p2a: Whimsicott|0 fnt\n|-damage|p2b: Ogerpon|89\/100\n|faint|p2a: Whimsicott\n|\n|-heal|p1a: Dondozo|91\/100 brn|[from] item: Leftovers\n|-damage|p1a: Dondozo|85\/100 brn|[from] brn\n|upkeep\n|\n|t:|1722250768\n|switch|p2a: Miraidon|Miraidon, L50|100\/100\n|-fieldstart|move: Electric Terrain|[from] ability: Hadron Engine|[of] p2a: Miraidon\n|turn|4\n|\n|t:|1722250787\n|-terastallize|p2a: Miraidon|Electric\n|move|p2a: Miraidon|Electro Drift|p1a: Dondozo\n|-supereffective|p1a: Dondozo\n|-damage|p1a: Dondozo|0 fnt\n|faint|p1a: Dondozo\n|move|p2b: Ogerpon|Ivy Cudgel|p1b: Tatsugiri|[anim] Ivy Cudgel Water\n|-resisted|p1b: Tatsugiri\n|-damage|p1b: Tatsugiri|79\/100\n|\n|-sideend|p2: BrodaxVGC|move: Tailwind\n|upkeep\n|\n|t:|1722250798\n|switch|p1a: Calyrex|Calyrex-Shadow, L50|45\/100\n|-ability|p1a: Calyrex|As One\n|-ability|p1a: Calyrex|Unnerve\n|turn|5\n|\n|t:|1722250817\n|-terastallize|p1a: Calyrex|Ghost\n|move|p1a: Calyrex|Astral Barrage|p2a: Miraidon|[spread] p2a,p2b\n|-damage|p2a: Miraidon|8\/100\n|-damage|p2b: Ogerpon|0 fnt\n|faint|p2b: Ogerpon\n|-ability|p1a: Calyrex|Grim Neigh|boost\n|-boost|p1a: Calyrex|spa|1\n|move|p2a: Miraidon|Electro Drift|p1b: Tatsugiri\n|-damage|p1b: Tatsugiri|0 fnt\n|faint|p1b: Tatsugiri\n|\n|upkeep\n|\n|t:|1722250829\n|switch|p2b: Chi-Yu|Chi-Yu, L50|41\/100\n|switch|p1b: Maushold|Maushold, L50, shiny|13\/100\n|-ability|p2b: Chi-Yu|Beads of Ruin\n|turn|6\n|\n|t:|1722250836\n|move|p1b: Maushold|Helping Hand|p1a: Calyrex\n|-singleturn|p1a: Calyrex|Helping Hand|[of] p1b: Maushold\n|move|p1a: Calyrex|Astral Barrage|p2b: Chi-Yu|[spread] p2a,p2b\n|-resisted|p2b: Chi-Yu\n|-damage|p2a: Miraidon|0 fnt\n|-damage|p2b: Chi-Yu|0 fnt\n|faint|p2a: Miraidon\n|faint|p2b: Chi-Yu\n|\n|win|chuanOVO\n|raw|chuanOVO's rating: 1720 &rarr; <strong>1739<\/strong><br \/>(+19 for winning)\n|raw|BrodaxVGC's rating: 1710 &rarr; <strong>1691<\/strong><br \/>(-19 for losing)\n|l|\u2606BrodaxVGC\n|player|p2|\n|l| Fearce_VGC\n|l|\u2606chuanOVO\n|player|p1|\n","uploadtime":1722251053,"views":34,"formatid":"gen9vgc2024regg","rating":1691,"private":0,"password":null}