{"id":"gen9vgc2024regg-2169387637","format":"[Gen 9] VGC 2024 Reg G","players":["chuanOVO","war3infi"],"log":"|j|\u2606chuanOVO\n|j|\u2606war3infi\n|t:|1722241125\n|gametype|doubles\n|player|p1|chuanOVO|n|1789\n|player|p2|war3infi|dawn|1852\n|teamsize|p1|6\n|teamsize|p2|6\n|gen|9\n|tier|[Gen 9] VGC 2024 Reg G\n|rated|\n|rule|Species Clause: Limit one of each Pok\u00e9mon\n|rule|Item Clause: Limit one of each item\n|clearpoke\n|poke|p1|Calyrex-Ice, L50|\n|poke|p1|Smeargle, L50, M|\n|poke|p1|Ursaluna-Bloodmoon, L50, M|\n|poke|p1|Urshifu-*, L50, M|\n|poke|p1|Ogerpon-Wellspring, L50, F|\n|poke|p1|Annihilape, L50, M|\n|poke|p2|Calyrex-Ice, L50|\n|poke|p2|Annihilape, L50, M|\n|poke|p2|Smeargle, L50, F|\n|poke|p2|Ursaluna-Bloodmoon, L50, M|\n|poke|p2|Urshifu-*, L50, M|\n|poke|p2|Ogerpon-Wellspring, L50, F|\n|teampreview|4\n|j| RAWAXXX\n|\n|t:|1722241161\n|start\n|switch|p1a: Ogerpon|Ogerpon-Wellspring, L50, F|100\/100\n|switch|p1b: Calyrex|Calyrex-Ice, L50|100\/100\n|switch|p2a: Calyrex|Calyrex-Ice, L50|100\/100\n|switch|p2b: Urshifu|Urshifu, L50, M|100\/100\n|-ability|p2a: Calyrex|As One\n|-ability|p2a: Calyrex|Unnerve\n|-ability|p1b: Calyrex|As One\n|-ability|p1b: Calyrex|Unnerve\n|turn|1\n|j| goldonauta\n|j| Chysial\n|\n|t:|1722241186\n|move|p1a: Ogerpon|Follow Me|p1a: Ogerpon\n|-singleturn|p1a: Ogerpon|move: Follow Me\n|move|p2b: Urshifu|Wicked Blow|p1a: Ogerpon\n|-crit|p1a: Ogerpon\n|-damage|p1a: Ogerpon|0 fnt\n|faint|p1a: Ogerpon\n|move|p2a: Calyrex|Glacial Lance|p1b: Calyrex\n|-resisted|p1b: Calyrex\n|-damage|p1b: Calyrex|74\/100\n|move|p1b: Calyrex|Glacial Lance|p2b: Urshifu|[spread] p2a,p2b\n|-resisted|p2a: Calyrex\n|-damage|p2a: Calyrex|83\/100\n|-damage|p2b: Urshifu|41\/100\n|\n|upkeep\n|\n|t:|1722241202\n|switch|p1a: Urshifu|Urshifu, L50, M|100\/100\n|turn|2\n|\n|t:|1722241216\n|-terastallize|p2a: Calyrex|Dragon\n|-terastallize|p1b: Calyrex|Water\n|move|p2b: Urshifu|Wicked Blow|p1b: Calyrex\n|-crit|p1b: Calyrex\n|-damage|p1b: Calyrex|18\/100\n|move|p1a: Urshifu|Wicked Blow|p2a: Calyrex\n|-crit|p2a: Calyrex\n|-damage|p2a: Calyrex|20\/100\n|move|p2a: Calyrex|Glacial Lance|p1a: Urshifu|[spread] p1a,p1b\n|-resisted|p1b: Calyrex\n|-damage|p1a: Urshifu|45\/100\n|-damage|p1b: Calyrex|1\/100\n|move|p1b: Calyrex|Trick Room|p1b: Calyrex\n|-fieldstart|move: Trick Room|[of] p1b: Calyrex\n|\n|upkeep\n|turn|3\n|j| rabbithorn01\n|\n|t:|1722241272\n|switch|p2b: Smeargle|Smeargle, L50, F, shiny|100\/100\n|move|p2a: Calyrex|Protect|p2a: Calyrex\n|-singleturn|p2a: Calyrex|Protect\n|move|p1b: Calyrex|Glacial Lance|p2a: Calyrex|[spread] p2b\n|-activate|p2a: Calyrex|move: Protect\n|-damage|p2b: Smeargle|17\/100\n|move|p1a: Urshifu|Wicked Blow|p2b: Smeargle\n|-crit|p2b: Smeargle\n|-damage|p2b: Smeargle|0 fnt\n|faint|p2b: Smeargle\n|\n|upkeep\n|\n|t:|1722241285\n|switch|p2b: Urshifu|Urshifu, L50, M|41\/100\n|turn|4\n|\n|t:|1722241311\n|switch|p1a: Smeargle|Smeargle, L50, M, shiny|100\/100\n|move|p1b: Calyrex|Protect|p1b: Calyrex\n|-singleturn|p1b: Calyrex|Protect\n|move|p2a: Calyrex|Glacial Lance|p1b: Calyrex|[spread] p1a\n|-activate|p1b: Calyrex|move: Protect\n|-damage|p1a: Smeargle|8\/100\n|move|p2b: Urshifu|Wicked Blow|p1b: Calyrex\n|-crit|p1b: Calyrex\n|-damage|p1b: Calyrex|0 fnt\n|-enditem|p2a: Calyrex|Sitrus Berry|[eat]\n|-heal|p2a: Calyrex|45\/100|[from] item: Sitrus Berry\n|faint|p1b: Calyrex\n|\n|upkeep\n|\n|t:|1722241341\n|switch|p1b: Urshifu|Urshifu, L50, M|45\/100\n|turn|5\n|\n|t:|1722241380\n|switch|p2b: Ogerpon|Ogerpon-Wellspring, L50, F|100\/100\n|move|p1a: Smeargle|Spore|p2a: Calyrex\n|-status|p2a: Calyrex|slp|[from] move: Spore\n|cant|p2a: Calyrex|slp\n|move|p1b: Urshifu|Close Combat|p2b: Ogerpon\n|-damage|p2b: Ogerpon|2\/100\n|-unboost|p1b: Urshifu|def|1\n|-unboost|p1b: Urshifu|spd|1\n|\n|upkeep\n|turn|6\n|j| bluestraggler02\n|inactive|Battle timer is ON: inactive players will automatically lose when time's up. (requested by war3infi)\n|\n|t:|1722241438\n|move|p1a: Smeargle|Spore|p2a: Calyrex\n|-fail|p2a: Calyrex|slp\n|cant|p2a: Calyrex|slp\n|move|p1b: Urshifu|Close Combat|p2b: Ogerpon\n|-damage|p2b: Ogerpon|0 fnt\n|-unboost|p1b: Urshifu|def|1\n|-unboost|p1b: Urshifu|spd|1\n|faint|p2b: Ogerpon\n|\n|-fieldend|move: Trick Room\n|upkeep\n|\n|t:|1722241445\n|switch|p2b: Urshifu|Urshifu, L50, M|41\/100\n|turn|7\n|inactive|chuanOVO has 30 seconds left.\n|\n|t:|1722241476\n|move|p1a: Smeargle|Follow Me|p1a: Smeargle\n|-singleturn|p1a: Smeargle|move: Follow Me\n|move|p2b: Urshifu|Close Combat|p1a: Smeargle\n|-supereffective|p1a: Smeargle\n|-damage|p1a: Smeargle|0 fnt\n|-unboost|p2b: Urshifu|def|1\n|-unboost|p2b: Urshifu|spd|1\n|faint|p1a: Smeargle\n|move|p1b: Urshifu|Close Combat|p2b: Urshifu\n|-supereffective|p2b: Urshifu\n|-damage|p2b: Urshifu|0 fnt\n|-unboost|p1b: Urshifu|def|1\n|-unboost|p1b: Urshifu|spd|1\n|faint|p2b: Urshifu\n|-curestatus|p2a: Calyrex|slp|[msg]\n|move|p2a: Calyrex|Glacial Lance|p1b: Urshifu\n|-damage|p1b: Urshifu|0 fnt\n|faint|p1b: Urshifu\n|\n|win|war3infi\n|raw|chuanOVO's rating: 1789 &rarr; <strong>1773<\/strong><br \/>(-16 for losing)\n|raw|war3infi's rating: 1852 &rarr; <strong>1868<\/strong><br \/>(+16 for winning)\n","uploadtime":1722241486,"views":70,"formatid":"gen9vgc2024regg","rating":1773,"private":0,"password":null}