{"id":"gen9vgc2024regg-2169825546","format":"[Gen 9] VGC 2024 Reg G","players":["It'sJustKen VGC","ShdwempV2"],"log":"|j|\u2606It'sJustKen VGC\n|j|\u2606ShdwempV2\n|t:|1722298778\n|gametype|doubles\n|player|p1|It'sJustKen VGC|turo|1710\n|player|p2|ShdwempV2|cynthia-masters|1706\n|teamsize|p1|6\n|teamsize|p2|6\n|gen|9\n|tier|[Gen 9] VGC 2024 Reg G\n|rated|\n|rule|Species Clause: Limit one of each Pok\u00e9mon\n|rule|Item Clause: Limit one of each item\n|clearpoke\n|poke|p1|Miraidon, L50|\n|poke|p1|Farigiraf, L50, M|\n|poke|p1|Landorus, L50, M|\n|poke|p1|Urshifu-*, L50, F|\n|poke|p1|Tornadus, L50, M|\n|poke|p1|Iron Hands, L50|\n|poke|p2|Incineroar, L50, F|\n|poke|p2|Rillaboom, L50, F|\n|poke|p2|Kyogre, L50|\n|poke|p2|Tornadus, L50, M|\n|poke|p2|Landorus, L50, M|\n|poke|p2|Urshifu-*, L50, M|\n|teampreview|4\n|inactive|Battle timer is ON: inactive players will automatically lose when time's up. (requested by It'sJustKen VGC)\n|inactive|It'sJustKen VGC has 60 seconds left.\n|inactive|It'sJustKen VGC has 30 seconds left.\n|\n|t:|1722298839\n|start\n|switch|p1a: Urshifu|Urshifu-Rapid-Strike, L50, F|100\/100\n|switch|p1b: Tornadus|Tornadus, L50, M, shiny|100\/100\n|switch|p2a: Rillaboom|Rillaboom, L50, F, shiny|100\/100\n|switch|p2b: Kyogre|Kyogre, L50|100\/100\n|-weather|RainDance|[from] ability: Drizzle|[of] p2b: Kyogre\n|-fieldstart|move: Grassy Terrain|[from] ability: Grassy Surge|[of] p2a: Rillaboom\n|turn|1\n|inactive|ShdwempV2 has 30 seconds left.\n|inactive|ShdwempV2 has 20 seconds left.\n|inactive|ShdwempV2 has 15 seconds left.\n|inactive|ShdwempV2 has 10 seconds left.\n|inactive|ShdwempV2 has 5 seconds left.\n|\n|t:|1722298894\n|move|p2a: Rillaboom|Fake Out|p1a: Urshifu\n|-damage|p1a: Urshifu|86\/100\n|cant|p1a: Urshifu|flinch\n|move|p1b: Tornadus|Bleakwind Storm|p2b: Kyogre|[spread] p2a,p2b\n|-supereffective|p2a: Rillaboom\n|-damage|p2a: Rillaboom|44\/100\n|-damage|p2b: Kyogre|71\/100\n|move|p2b: Kyogre|Water Spout|p1a: Urshifu|[spread] p1a,p1b\n|-resisted|p1a: Urshifu\n|-damage|p1a: Urshifu|19\/100\n|-enditem|p1b: Tornadus|Focus Sash\n|-damage|p1b: Tornadus|1\/100\n|\n|-weather|RainDance|[upkeep]\n|-heal|p1a: Urshifu|25\/100|[from] Grassy Terrain\n|-heal|p2b: Kyogre|77\/100|[from] Grassy Terrain\n|-heal|p2a: Rillaboom|50\/100|[from] Grassy Terrain\n|upkeep\n|turn|2\n|\n|t:|1722298917\n|switch|p1a: Miraidon|Miraidon, L50|100\/100\n|-fieldstart|move: Electric Terrain|[from] ability: Hadron Engine|[of] p1a: Miraidon\n|move|p2a: Rillaboom|Fake Out||[still]\n|-hint|Fake Out only works on your first turn out.\n|-fail|p2a: Rillaboom\n|move|p1b: Tornadus|Bleakwind Storm|p2a: Rillaboom|[spread] p2a,p2b\n|-supereffective|p2a: Rillaboom\n|-damage|p2a: Rillaboom|0 fnt\n|-damage|p2b: Kyogre|43\/100\n|-unboost|p2b: Kyogre|spe|1\n|faint|p2a: Rillaboom\n|move|p2b: Kyogre|Water Spout|p1a: Miraidon|[spread] p1a,p1b\n|-resisted|p1a: Miraidon\n|-crit|p1b: Tornadus\n|-damage|p1a: Miraidon|77\/100\n|-damage|p1b: Tornadus|0 fnt\n|faint|p1b: Tornadus\n|\n|-weather|RainDance|[upkeep]\n|upkeep\n|inactive|ShdwempV2 has 30 seconds left.\n|j| Drogonix\n|inactive|ShdwempV2 has 20 seconds left.\n|inactive|ShdwempV2 has 15 seconds left.\n|\n|t:|1722298957\n|switch|p1b: Urshifu|Urshifu-Rapid-Strike, L50, F|25\/100\n|switch|p2a: Landorus|Landorus, L50, M|100\/100\n|turn|3\n|inactive|It'sJustKen VGC has 30 seconds left.\n|inactive|It'sJustKen VGC has 20 seconds left.\n|inactive|It'sJustKen VGC has 15 seconds left.\n|inactive|It'sJustKen VGC has 10 seconds left.\n|inactive|It'sJustKen VGC has 5 seconds left.\n|\n|t:|1722299012\n|-terastallize|p2a: Landorus|Poison\n|move|p1b: Urshifu|Aqua Jet|p2a: Landorus\n|-damage|p2a: Landorus|62\/100\n|move|p1a: Miraidon|Draco Meteor|p2a: Landorus\n|-damage|p2a: Landorus|0 fnt\n|-unboost|p1a: Miraidon|spa|2\n|faint|p2a: Landorus\n|move|p2b: Kyogre|Origin Pulse|p1a: Miraidon|[spread] p1b\n|-miss|p2b: Kyogre|p1a: Miraidon\n|-resisted|p1b: Urshifu\n|-damage|p1b: Urshifu|0 fnt\n|faint|p1b: Urshifu\n|\n|-weather|RainDance|[upkeep]\n|upkeep\n|\n|t:|1722299023\n|switch|p2a: Urshifu|Urshifu, L50, M|100\/100\n|switch|p1b: Landorus|Landorus, L50, M|100\/100\n|turn|4\n|\n|t:|1722299034\n|-terastallize|p1b: Landorus|Fairy\n|move|p2b: Kyogre|Protect|p2b: Kyogre\n|-singleturn|p2b: Kyogre|Protect\n|move|p1a: Miraidon|Draco Meteor|p2b: Kyogre\n|-activate|p2b: Kyogre|move: Protect\n|move|p1b: Landorus|Sandsear Storm|p2b: Kyogre|[spread] p2a\n|-activate|p2b: Kyogre|move: Protect\n|-damage|p2a: Urshifu|7\/100\n|move|p2a: Urshifu|Close Combat|p1a: Miraidon\n|-damage|p1a: Miraidon|5\/100\n|-unboost|p2a: Urshifu|def|1\n|-unboost|p2a: Urshifu|spd|1\n|\n|-weather|RainDance|[upkeep]\n|upkeep\n|turn|5\n|\n|t:|1722299048\n|move|p2a: Urshifu|Sucker Punch|p1a: Miraidon\n|-crit|p1a: Miraidon\n|-damage|p1a: Miraidon|0 fnt\n|faint|p1a: Miraidon\n|move|p1b: Landorus|Earth Power|p2b: Kyogre\n|-damage|p2b: Kyogre|0 fnt\n|faint|p2b: Kyogre\n|\n|-weather|none\n|upkeep\n|turn|6\n|\n|t:|1722299055\n|move|p2a: Urshifu|Sucker Punch|p1b: Landorus\n|-resisted|p1b: Landorus\n|-damage|p1b: Landorus|78\/100\n|move|p1b: Landorus|Earth Power|p2a: Urshifu\n|-damage|p2a: Urshifu|0 fnt\n|faint|p2a: Urshifu\n|\n|win|It'sJustKen VGC\n|raw|It&apos;sJustKen VGC's rating: 1710 &rarr; <strong>1730<\/strong><br \/>(+20 for winning)\n|raw|ShdwempV2's rating: 1706 &rarr; <strong>1686<\/strong><br \/>(-20 for losing)\n|l|\u2606ShdwempV2\n|player|p2|\n|l| Drogonix\n|l|\u2606It'sJustKen VGC\n|player|p1|\n","uploadtime":1722299313,"views":11,"formatid":"gen9vgc2024regg","rating":1686,"private":0,"password":null}