{"id":"gen9vgc2024regg-2169316597","format":"[Gen 9] VGC 2024 Reg G","players":["chuanOVO","roykeenkennedy"],"log":"|j|\u2606chuanOVO\n|j|\u2606roykeenkennedy\n|t:|1722226971\n|gametype|doubles\n|player|p1|chuanOVO|n|1714\n|player|p2|roykeenkennedy|alder|1707\n|teamsize|p1|6\n|teamsize|p2|6\n|gen|9\n|tier|[Gen 9] VGC 2024 Reg G\n|rated|\n|rule|Species Clause: Limit one of each Pok\u00e9mon\n|rule|Item Clause: Limit one of each item\n|clearpoke\n|poke|p1|Calyrex-Ice, L50|\n|poke|p1|Smeargle, L50, M|\n|poke|p1|Ursaluna-Bloodmoon, L50, M|\n|poke|p1|Urshifu-*, L50, M|\n|poke|p1|Ogerpon-Wellspring, L50, F|\n|poke|p1|Annihilape, L50, M|\n|poke|p2|Zamazenta-*, L50|\n|poke|p2|Tornadus, L50, M|\n|poke|p2|Urshifu-*, L50, M|\n|poke|p2|Sinistcha, L50|\n|poke|p2|Grimmsnarl, L50, M|\n|poke|p2|Annihilape, L50, F|\n|teampreview|4\n|j| rabbithorn01\n|\n|t:|1722226991\n|start\n|switch|p1a: Smeargle|Smeargle, L50, M, shiny|100\/100\n|switch|p1b: Calyrex|Calyrex-Ice, L50|100\/100\n|switch|p2a: Tornadus|Tornadus, L50, M|100\/100\n|switch|p2b: Urshifu|Urshifu-Rapid-Strike, L50, M|100\/100\n|-ability|p1b: Calyrex|As One\n|-ability|p1b: Calyrex|Unnerve\n|turn|1\n|\n|t:|1722227015\n|move|p1a: Smeargle|Follow Me|p1a: Smeargle\n|-singleturn|p1a: Smeargle|move: Follow Me\n|move|p2a: Tornadus|Taunt|p1a: Smeargle\n|-start|p1a: Smeargle|move: Taunt\n|move|p2b: Urshifu|Surging Strikes|p1a: Smeargle\n|-crit|p1a: Smeargle\n|-damage|p1a: Smeargle|70\/100\n|-crit|p1a: Smeargle\n|-damage|p1a: Smeargle|44\/100\n|-crit|p1a: Smeargle\n|-damage|p1a: Smeargle|16\/100\n|-hitcount|p1a: Smeargle|3\n|move|p1b: Calyrex|Trick Room|p1b: Calyrex\n|-fieldstart|move: Trick Room|[of] p1b: Calyrex\n|\n|upkeep\n|turn|2\n|\n|t:|1722227038\n|switch|p1a: Urshifu|Urshifu, L50, M|100\/100\n|switch|p2a: Zamazenta|Zamazenta-Crowned, L50|100\/100\n|-ability|p2a: Zamazenta|Dauntless Shield|boost\n|-boost|p2a: Zamazenta|def|1\n|-terastallize|p1b: Calyrex|Water\n|move|p1b: Calyrex|Glacial Lance|p2b: Urshifu|[spread] p2a,p2b\n|-resisted|p2a: Zamazenta\n|-resisted|p2b: Urshifu\n|-damage|p2a: Zamazenta|90\/100\n|-damage|p2b: Urshifu|75\/100\n|move|p2b: Urshifu|Drain Punch|p1a: Urshifu\n|-supereffective|p1a: Urshifu\n|-damage|p1a: Urshifu|29\/100\n|-heal|p2b: Urshifu|100\/100|[from] drain|[of] p1a: Urshifu\n|\n|upkeep\n|turn|3\n|j| test368\n|\n|t:|1722227066\n|move|p2a: Zamazenta|Wide Guard|p2a: Zamazenta\n|-singleturn|p2a: Zamazenta|Wide Guard\n|move|p1b: Calyrex|High Horsepower|p2a: Zamazenta\n|-supereffective|p2a: Zamazenta\n|-damage|p2a: Zamazenta|59\/100\n|move|p1a: Urshifu|Close Combat|p2a: Zamazenta\n|-supereffective|p2a: Zamazenta\n|-damage|p2a: Zamazenta|0 fnt\n|-unboost|p1a: Urshifu|def|1\n|-unboost|p1a: Urshifu|spd|1\n|faint|p2a: Zamazenta\n|move|p2b: Urshifu|Drain Punch|p1a: Urshifu\n|-supereffective|p1a: Urshifu\n|-damage|p1a: Urshifu|0 fnt\n|faint|p1a: Urshifu\n|\n|upkeep\n|\n|t:|1722227084\n|switch|p1a: Ursaluna|Ursaluna-Bloodmoon, L50, M|100\/100\n|switch|p2a: Tornadus|Tornadus, L50, M|100\/100\n|turn|4\n|j| sprocke123\n|\n|t:|1722227108\n|-terastallize|p2a: Tornadus|Steel\n|move|p1b: Calyrex|Glacial Lance|p2b: Urshifu|[spread] p2a,p2b\n|-resisted|p2a: Tornadus\n|-resisted|p2b: Urshifu\n|-damage|p2a: Tornadus|64\/100\n|-damage|p2b: Urshifu|74\/100\n|move|p1a: Ursaluna|Blood Moon|p2b: Urshifu\n|-damage|p2b: Urshifu|7\/100\n|-damage|p1a: Ursaluna|91\/100|[from] item: Life Orb\n|move|p2b: Urshifu|Drain Punch|p1a: Ursaluna\n|-supereffective|p1a: Ursaluna\n|-damage|p1a: Ursaluna|38\/100\n|-heal|p2b: Urshifu|33\/100|[from] drain|[of] p1a: Ursaluna\n|move|p2a: Tornadus|Bleakwind Storm|p1b: Calyrex|[spread] p1b\n|-miss|p2a: Tornadus|p1a: Ursaluna\n|-damage|p1b: Calyrex|77\/100\n|-unboost|p1b: Calyrex|spe|1\n|\n|upkeep\n|turn|5\n|\n|t:|1722227152\n|switch|p2b: Annihilape|Annihilape, L50, F|100\/100\n|move|p1b: Calyrex|Glacial Lance|p2b: Annihilape|[spread] p2a,p2b\n|-resisted|p2a: Tornadus\n|-damage|p2a: Tornadus|24\/100\n|-damage|p2b: Annihilape|41\/100\n|move|p1a: Ursaluna|Hyper Voice|p2a: Tornadus|[spread] p2a,p2b\n|-resisted|p2a: Tornadus\n|-damage|p2a: Tornadus|0 fnt\n|-damage|p2b: Annihilape|0 fnt\n|faint|p2a: Tornadus\n|faint|p2b: Annihilape\n|-damage|p1a: Ursaluna|29\/100|[from] item: Life Orb\n|\n|-fieldend|move: Trick Room\n|upkeep\n|\n|t:|1722227167\n|switch|p2a: Urshifu|Urshifu-Rapid-Strike, L50, M|33\/100\n|turn|6\n|\n|t:|1722227173\n|move|p2a: Urshifu|Drain Punch|p1a: Ursaluna\n|-supereffective|p1a: Ursaluna\n|-damage|p1a: Ursaluna|0 fnt\n|-heal|p2a: Urshifu|48\/100|[from] drain|[of] p1a: Ursaluna\n|faint|p1a: Ursaluna\n|move|p1b: Calyrex|Trick Room|p1b: Calyrex\n|-fieldstart|move: Trick Room|[of] p1b: Calyrex\n|\n|upkeep\n|\n|t:|1722227180\n|switch|p1a: Smeargle|Smeargle, L50, M, shiny|16\/100\n|turn|7\n|\n|t:|1722227189\n|move|p2a: Urshifu|Aqua Jet|p1a: Smeargle\n|-damage|p1a: Smeargle|0 fnt\n|faint|p1a: Smeargle\n|move|p1b: Calyrex|High Horsepower|p2a: Urshifu\n|-damage|p2a: Urshifu|12\/100\n|\n|upkeep\n|turn|8\n|\n|t:|1722227197\n|move|p1b: Calyrex|Glacial Lance|p2a: Urshifu\n|-resisted|p2a: Urshifu\n|-damage|p2a: Urshifu|0 fnt\n|faint|p2a: Urshifu\n|\n|win|chuanOVO\n|raw|chuanOVO's rating: 1714 &rarr; <strong>1734<\/strong><br \/>(+20 for winning)\n|raw|roykeenkennedy's rating: 1707 &rarr; <strong>1687<\/strong><br \/>(-20 for losing)\n|l| test368\n|l| sprocke123\n|l|\u2606chuanOVO\n|player|p1|\n|l|\u2606roykeenkennedy\n|player|p2|\n","uploadtime":1722227206,"views":9,"formatid":"gen9vgc2024regg","rating":1687,"private":0,"password":null}