{"id":"gen9vgc2024regg-2169494694","format":"[Gen 9] VGC 2024 Reg G","players":["tuanzai233t","roseyradio"],"log":"|j|\u2606tuanzai233t\n|j|\u2606roseyradio\n|t:|1722260073\n|gametype|doubles\n|player|p1|tuanzai233t|101|1726\n|player|p2|roseyradio|skier|1844\n|teamsize|p1|6\n|teamsize|p2|6\n|gen|9\n|tier|[Gen 9] VGC 2024 Reg G\n|rated|\n|rule|Species Clause: Limit one of each Pok\u00e9mon\n|rule|Item Clause: Limit one of each item\n|clearpoke\n|poke|p1|Indeedee-F, L50, F|\n|poke|p1|Torkoal, L50, M|\n|poke|p1|Calyrex-Ice, L50|\n|poke|p1|Annihilape, L50, F|\n|poke|p1|Urshifu-*, L50, M|\n|poke|p1|Brute Bonnet, L50|\n|poke|p2|Calyrex-Ice, L50|\n|poke|p2|Smeargle, L50, F|\n|poke|p2|Ursaluna-Bloodmoon, L50, M|\n|poke|p2|Indeedee-F, L50, F|\n|poke|p2|Amoonguss, L50, M|\n|poke|p2|Raging Bolt, L50|\n|teampreview|4\n|j| goldonauta\n|j| Avava1\n|l| Avava1\n|\n|t:|1722260110\n|start\n|switch|p1a: Calyrex|Calyrex-Ice, L50|100\/100\n|switch|p1b: Brute Bonnet|Brute Bonnet, L50, shiny|100\/100\n|switch|p2a: Calyrex|Calyrex-Ice, L50|100\/100\n|switch|p2b: Smeargle|Smeargle, L50, F, shiny|100\/100\n|-ability|p2a: Calyrex|As One\n|-ability|p2a: Calyrex|Unnerve\n|-ability|p1a: Calyrex|As One\n|-ability|p1a: Calyrex|Unnerve\n|turn|1\n|j| Avava1\n|l| Avava1\n|\n|t:|1722260154\n|-terastallize|p1b: Brute Bonnet|Poison\n|move|p1a: Calyrex|Protect|p1a: Calyrex\n|-singleturn|p1a: Calyrex|Protect\n|move|p2b: Smeargle|Fake Out|p1b: Brute Bonnet\n|-damage|p1b: Brute Bonnet|97\/100\n|move|p2a: Calyrex|Glacial Lance|p1b: Brute Bonnet|[spread] p1b\n|-activate|p1a: Calyrex|move: Protect\n|-damage|p1b: Brute Bonnet|58\/100\n|cant|p1b: Brute Bonnet|flinch\n|\n|upkeep\n|turn|2\n|\n|t:|1722260180\n|move|p2a: Calyrex|Protect|p2a: Calyrex\n|-singleturn|p2a: Calyrex|Protect\n|move|p2b: Smeargle|Spore|p1a: Calyrex\n|-status|p1a: Calyrex|slp|[from] move: Spore\n|move|p1b: Brute Bonnet|Spore|p2b: Smeargle\n|-status|p2b: Smeargle|slp|[from] move: Spore\n|cant|p1a: Calyrex|slp\n|\n|upkeep\n|turn|3\n|\n|t:|1722260195\n|switch|p2b: Ursaluna|Ursaluna-Bloodmoon, L50, M|100\/100\n|move|p2a: Calyrex|Glacial Lance|p1a: Calyrex|[spread] p1a,p1b\n|-resisted|p1a: Calyrex\n|-damage|p1a: Calyrex|83\/100 slp\n|-damage|p1b: Brute Bonnet|21\/100\n|move|p1b: Brute Bonnet|Spore|p2a: Calyrex\n|-status|p2a: Calyrex|slp|[from] move: Spore\n|cant|p1a: Calyrex|slp\n|\n|upkeep\n|turn|4\n|l| goldonauta\n|\n|t:|1722260206\n|-terastallize|p2b: Ursaluna|Normal\n|cant|p2a: Calyrex|slp\n|move|p2b: Ursaluna|Hyper Voice|p1a: Calyrex|[spread] p1a,p1b\n|-damage|p1a: Calyrex|34\/100 slp\n|-damage|p1b: Brute Bonnet|0 fnt\n|faint|p1b: Brute Bonnet\n|-end|p1b: Brute Bonnet|Protosynthesis|[silent]\n|-damage|p2b: Ursaluna|91\/100|[from] item: Life Orb\n|-curestatus|p1a: Calyrex|slp|[msg]\n|move|p1a: Calyrex|Glacial Lance|p2a: Calyrex|[spread] p2a,p2b\n|-resisted|p2a: Calyrex\n|-damage|p2a: Calyrex|83\/100 slp\n|-damage|p2b: Ursaluna|50\/100\n|\n|upkeep\n|\n|t:|1722260214\n|switch|p1b: Urshifu|Urshifu, L50, M|100\/100\n|turn|5\n|\n|t:|1722260227\n|move|p1b: Urshifu|Close Combat|p2b: Ursaluna\n|-supereffective|p2b: Ursaluna\n|-damage|p2b: Ursaluna|0 fnt\n|-unboost|p1b: Urshifu|def|1\n|-unboost|p1b: Urshifu|spd|1\n|faint|p2b: Ursaluna\n|cant|p2a: Calyrex|slp\n|move|p1a: Calyrex|High Horsepower|p2a: Calyrex\n|-damage|p2a: Calyrex|58\/100 slp\n|\n|upkeep\n|\n|t:|1722260254\n|switch|p2b: Raging Bolt|Raging Bolt, L50|100\/100\n|turn|6\n|\n|t:|1722260275\n|switch|p2a: Smeargle|Smeargle, L50, F, shiny|100\/100 slp\n|move|p1b: Urshifu|Wicked Blow|p2a: Smeargle\n|-crit|p2a: Smeargle\n|-damage|p2a: Smeargle|13\/100 slp\n|move|p2b: Raging Bolt|Thunderbolt|p1a: Calyrex\n|-damage|p1a: Calyrex|0 fnt\n|faint|p1a: Calyrex\n|\n|upkeep\n|\n|t:|1722260283\n|switch|p1a: Torkoal|Torkoal, L50, M|100\/100\n|-weather|SunnyDay|[from] ability: Drought|[of] p1a: Torkoal\n|-activate|p2b: Raging Bolt|ability: Protosynthesis\n|-start|p2b: Raging Bolt|protosynthesisspa\n|turn|7\n|\n|t:|1722260310\n|cant|p2a: Smeargle|slp\n|move|p1b: Urshifu|Wicked Blow|p2b: Raging Bolt\n|-crit|p2b: Raging Bolt\n|-damage|p2b: Raging Bolt|50\/100\n|move|p2b: Raging Bolt|Electroweb|p1b: Urshifu|[spread] p1a,p1b\n|-damage|p1a: Torkoal|61\/100\n|-damage|p1b: Urshifu|37\/100\n|-unboost|p1a: Torkoal|spe|1\n|-unboost|p1b: Urshifu|spe|1\n|move|p1a: Torkoal|Earth Power|p2b: Raging Bolt\n|-supereffective|p2b: Raging Bolt\n|-damage|p2b: Raging Bolt|17\/100\n|-unboost|p2b: Raging Bolt|spd|1\n|\n|-weather|SunnyDay|[upkeep]\n|upkeep\n|turn|8\n|\n|t:|1722260332\n|move|p1b: Urshifu|Detect|p1b: Urshifu\n|-singleturn|p1b: Urshifu|Protect\n|move|p2b: Raging Bolt|Thunderclap||[still]\n|-fail|p2b: Raging Bolt\n|cant|p2a: Smeargle|slp\n|move|p1a: Torkoal|Earth Power|p2b: Raging Bolt\n|-supereffective|p2b: Raging Bolt\n|-damage|p2b: Raging Bolt|0 fnt\n|faint|p2b: Raging Bolt\n|-end|p2b: Raging Bolt|Protosynthesis|[silent]\n|\n|-weather|SunnyDay|[upkeep]\n|upkeep\n|\n|t:|1722260334\n|switch|p2b: Calyrex|Calyrex-Ice, L50|58\/100 slp\n|-ability|p2b: Calyrex|As One\n|-ability|p2b: Calyrex|Unnerve\n|turn|9\n|\n|t:|1722260346\n|cant|p2a: Smeargle|slp\n|move|p1b: Urshifu|Wicked Blow|p2b: Calyrex\n|-supereffective|p2b: Calyrex\n|-crit|p2b: Calyrex\n|-damage|p2b: Calyrex|0 fnt\n|faint|p2b: Calyrex\n|move|p1a: Torkoal|Weather Ball|p2a: Smeargle\n|-damage|p2a: Smeargle|0 fnt\n|faint|p2a: Smeargle\n|\n|win|tuanzai233t\n|raw|tuanzai233t's rating: 1726 &rarr; <strong>1753<\/strong><br \/>(+27 for winning)\n|raw|roseyradio's rating: 1844 &rarr; <strong>1817<\/strong><br \/>(-27 for losing)\n|l|\u2606roseyradio\n|player|p2|\n|l|\u2606tuanzai233t\n|player|p1|\n","uploadtime":1722260637,"views":25,"formatid":"gen9vgc2024regg","rating":1753,"private":0,"password":null}