{"id":"gen9vgc2024regg-2169494963","format":"[Gen 9] VGC 2024 Reg G","players":["koriran","chuanOVO"],"log":"|j|\u2606koriran\n|j|\u2606chuanOVO\n|t:|1722260108\n|gametype|doubles\n|player|p1|koriran|102|1657\n|player|p2|chuanOVO|n|1830\n|teamsize|p1|6\n|teamsize|p2|6\n|gen|9\n|tier|[Gen 9] VGC 2024 Reg G\n|rated|\n|rule|Species Clause: Limit one of each Pok\u00e9mon\n|rule|Item Clause: Limit one of each item\n|clearpoke\n|poke|p1|Kyogre, L50|\n|poke|p1|Tornadus, L50, M|\n|poke|p1|Chien-Pao, L50|\n|poke|p1|Rillaboom, L50, F|\n|poke|p1|Urshifu-*, L50, F|\n|poke|p1|Farigiraf, L50, F|\n|poke|p2|Calyrex-Shadow, L50|\n|poke|p2|Mienshao, L50, M|\n|poke|p2|Weezing-Galar, L50, M|\n|poke|p2|Maushold, L50|\n|poke|p2|Dondozo, L50, M|\n|poke|p2|Tatsugiri, L50, M|\n|teampreview|4\n|j| La voz favorita\n|\n|t:|1722260129\n|start\n|switch|p1a: Kyogre|Kyogre, L50|100\/100\n|switch|p1b: Tornadus|Tornadus, L50, M|100\/100\n|switch|p2a: Weezing|Weezing-Galar, L50, M, shiny|100\/100\n|switch|p2b: Calyrex|Calyrex-Shadow, L50|100\/100\n|-ability|p2b: Calyrex|As One\n|-ability|p2b: Calyrex|Unnerve\n|-ability|p2a: Weezing|Neutralizing Gas\n|turn|1\n|inactive|Battle timer is ON: inactive players will automatically lose when time's up. (requested by chuanOVO)\n|\n|t:|1722260154\n|-terastallize|p1a: Kyogre|Water\n|move|p1a: Kyogre|Water Spout|p2b: Calyrex|[spread] p2a,p2b\n|-damage|p2a: Weezing|0 fnt\n|-damage|p2b: Calyrex|8\/100\n|faint|p2a: Weezing\n|-end|p2a: Weezing|ability: Neutralizing Gas\n|-weather|RainDance|[from] ability: Drizzle|[of] p1a: Kyogre\n|move|p1b: Tornadus|Taunt|p2b: Calyrex\n|-start|p2b: Calyrex|move: Taunt\n|move|p2b: Calyrex|Astral Barrage|p1b: Tornadus|[spread] p1a,p1b\n|-damage|p1a: Kyogre|42\/100\n|-damage|p1b: Tornadus|13\/100\n|\n|-weather|RainDance|[upkeep]\n|upkeep\n|\n|t:|1722260171\n|switch|p2a: Dondozo|Dondozo, L50, M, shiny|100\/100\n|turn|2\n|\n|t:|1722260189\n|move|p2a: Dondozo|Protect|p2a: Dondozo\n|-singleturn|p2a: Dondozo|Protect\n|move|p1b: Tornadus|Tailwind|p1b: Tornadus\n|-sidestart|p1: koriran|move: Tailwind\n|move|p1a: Kyogre|Water Spout|p2b: Calyrex|[spread] p2b\n|-activate|p2a: Dondozo|move: Protect\n|-damage|p2b: Calyrex|0 fnt\n|faint|p2b: Calyrex\n|\n|-weather|RainDance|[upkeep]\n|upkeep\n|j| goldonauta\n|\n|t:|1722260201\n|switch|p2b: Tatsugiri|Tatsugiri, L50, M, shiny|100\/100\n|-activate|p2b: Tatsugiri|ability: Commander|[of] p2a: Dondozo\n|-boost|p2a: Dondozo|atk|2\n|-boost|p2a: Dondozo|spa|2\n|-boost|p2a: Dondozo|spe|2\n|-boost|p2a: Dondozo|def|2\n|-boost|p2a: Dondozo|spd|2\n|turn|3\n|\n|t:|1722260218\n|switch|p1a: Farigiraf|Farigiraf, L50, F|100\/100\n|move|p1b: Tornadus|Bleakwind Storm|p2a: Dondozo|[spread] p2a\n|-miss|p1b: Tornadus|p2b: Tatsugiri\n|-damage|p2a: Dondozo|85\/100\n|move|p2a: Dondozo|Earthquake|p1a: Farigiraf|[spread] p1a\n|-miss|p2a: Dondozo|p2b: Tatsugiri\n|-immune|p1b: Tornadus\n|-damage|p1a: Farigiraf|59\/100\n|\n|-weather|RainDance|[upkeep]\n|-heal|p2a: Dondozo|91\/100|[from] item: Leftovers\n|upkeep\n|turn|4\n|\n|t:|1722260239\n|switch|p1b: Urshifu|Urshifu-Rapid-Strike, L50, F|100\/100\n|move|p2a: Dondozo|Order Up|p1b: Urshifu\n|-damage|p1b: Urshifu|56\/100\n|-boost|p2a: Dondozo|atk|1\n|move|p1a: Farigiraf|Foul Play|p2a: Dondozo\n|-damage|p2a: Dondozo|80\/100\n|\n|-weather|RainDance|[upkeep]\n|-heal|p2a: Dondozo|86\/100|[from] item: Leftovers\n|upkeep\n|turn|5\n|\n|t:|1722260262\n|move|p1a: Farigiraf|Helping Hand|p1b: Urshifu\n|-singleturn|p1b: Urshifu|Helping Hand|[of] p1a: Farigiraf\n|move|p1b: Urshifu|Surging Strikes|p2a: Dondozo\n|-resisted|p2a: Dondozo\n|-crit|p2a: Dondozo\n|-damage|p2a: Dondozo|63\/100\n|-resisted|p2a: Dondozo\n|-crit|p2a: Dondozo\n|-damage|p2a: Dondozo|42\/100\n|-resisted|p2a: Dondozo\n|-crit|p2a: Dondozo\n|-damage|p2a: Dondozo|20\/100\n|-hitcount|p2a: Dondozo|3\n|move|p2a: Dondozo|Order Up|p1b: Urshifu\n|-damage|p1b: Urshifu|1\/100\n|-boost|p2a: Dondozo|atk|1\n|\n|-weather|none\n|-heal|p2a: Dondozo|26\/100|[from] item: Leftovers\n|-sideend|p1: koriran|move: Tailwind\n|upkeep\n|turn|6\n|inactive|koriran has 30 seconds left.\n|\n|t:|1722260290\n|switch|p1b: Tornadus|Tornadus, L50, M|13\/100\n|move|p2a: Dondozo|Order Up|p1b: Tornadus\n|-damage|p1b: Tornadus|0 fnt\n|faint|p1b: Tornadus\n|-boost|p2a: Dondozo|atk|1\n|move|p1a: Farigiraf|Psychic Noise|p2a: Dondozo\n|-damage|p2a: Dondozo|12\/100\n|-start|p2a: Dondozo|move: Heal Block\n|\n|upkeep\n|\n|t:|1722260306\n|switch|p1b: Kyogre|Kyogre, L50, tera:Water|42\/100\n|-weather|RainDance|[from] ability: Drizzle|[of] p1b: Kyogre\n|turn|7\n|\n|t:|1722260320\n|move|p2a: Dondozo|Protect|p2a: Dondozo\n|-singleturn|p2a: Dondozo|Protect\n|move|p1b: Kyogre|Thunder|p2a: Dondozo\n|-activate|p2a: Dondozo|move: Protect\n|move|p1a: Farigiraf|Psychic Noise|p2a: Dondozo\n|-activate|p2a: Dondozo|move: Protect\n|\n|-weather|RainDance|[upkeep]\n|-end|p2a: Dondozo|move: Heal Block\n|upkeep\n|turn|8\n|inactive|koriran has 30 seconds left.\n|\n|t:|1722260355\n|-terastallize|p2a: Dondozo|Grass\n|move|p1b: Kyogre|Thunder|p2a: Dondozo\n|-resisted|p2a: Dondozo\n|-crit|p2a: Dondozo\n|-damage|p2a: Dondozo|0 fnt\n|faint|p2a: Dondozo\n|move|p1a: Farigiraf|Psychic Noise|p2b: Tatsugiri\n|-damage|p2b: Tatsugiri|77\/100\n|-start|p2b: Tatsugiri|move: Heal Block\n|\n|-weather|RainDance|[upkeep]\n|upkeep\n|turn|9\n|-message|chuanOVO forfeited.\n|\n|win|koriran\n|raw|koriran's rating: 1657 &rarr; <strong>1686<\/strong><br \/>(+29 for winning)\n|raw|chuanOVO's rating: 1830 &rarr; <strong>1801<\/strong><br \/>(-29 for losing)\n|l|\u2606chuanOVO\n|player|p2|\n|l| La voz favorita\n|l| goldonauta\n|l|\u2606koriran\n|player|p1|\n","uploadtime":1722260638,"views":24,"formatid":"gen9vgc2024regg","rating":1686,"private":0,"password":null}