{"id":"gen9vgc2024regg-2169018823","format":"[Gen 9] VGC 2024 Reg G","players":["dinokitae","Billy_HMD"],"log":"|j|\u2606dinokitae\n|j|\u2606Billy_HMD\n|t:|1722187594\n|gametype|doubles\n|player|p1|dinokitae|officeworker|1748\n|player|p2|Billy_HMD|dawn|1754\n|teamsize|p1|6\n|teamsize|p2|6\n|gen|9\n|tier|[Gen 9] VGC 2024 Reg G\n|rated|\n|rule|Species Clause: Limit one of each Pok\u00e9mon\n|rule|Item Clause: Limit one of each item\n|clearpoke\n|poke|p1|Torterra, L50, M|\n|poke|p1|Iron Bundle, L50|\n|poke|p1|Chi-Yu, L50|\n|poke|p1|Farigiraf, L50, F|\n|poke|p1|Terapagos, L50, M|\n|poke|p1|Whimsicott, L50, M|\n|poke|p2|Zamazenta-*, L50|\n|poke|p2|Volcarona, L50, M|\n|poke|p2|Grimmsnarl, L50, M|\n|poke|p2|Landorus-Therian, L50, M|\n|poke|p2|Rillaboom, L50, M|\n|poke|p2|Raging Bolt, L50|\n|teampreview|4\n|inactive|Battle timer is ON: inactive players will automatically lose when time's up. (requested by Billy_HMD)\n|inactive|dinokitae has 60 seconds left.\n|inactive|Billy_HMD has 60 seconds left.\n|\n|t:|1722187626\n|start\n|switch|p1a: \ud1a0\ub300\ubd80\uae30|Torterra, L50, M|100\/100\n|switch|p1b: \uc704\uc720\uc774|Chi-Yu, L50|100\/100\n|switch|p2a: Volcarona|Volcarona, L50, M|100\/100\n|switch|p2b: Grimmsnarl|Grimmsnarl, L50, M|100\/100\n|-ability|p1b: \uc704\uc720\uc774|Beads of Ruin\n|turn|1\n|\n|t:|1722187649\n|-terastallize|p2a: Volcarona|Water\n|move|p2b: Grimmsnarl|Light Screen|p2b: Grimmsnarl\n|-sidestart|p2: Billy_HMD|move: Light Screen\n|move|p1b: \uc704\uc720\uc774|Heat Wave|p2b: Grimmsnarl|[spread] p2a,p2b\n|-resisted|p2a: Volcarona\n|-damage|p2a: Volcarona|84\/100\n|-damage|p2b: Grimmsnarl|68\/100\n|move|p2a: Volcarona|Bug Buzz|p1a: \ud1a0\ub300\ubd80\uae30\n|-supereffective|p1a: \ud1a0\ub300\ubd80\uae30\n|-damage|p1a: \ud1a0\ub300\ubd80\uae30|0 fnt\n|faint|p1a: \ud1a0\ub300\ubd80\uae30\n|\n|-heal|p2a: Volcarona|91\/100|[from] item: Leftovers\n|upkeep\n|\n|t:|1722187661\n|switch|p1a: \ubcf4\ub530\ub9ac|Iron Bundle, L50, shiny|100\/100\n|-enditem|p1a: \ubcf4\ub530\ub9ac|Booster Energy\n|-activate|p1a: \ubcf4\ub530\ub9ac|ability: Quark Drive|[fromitem]\n|-start|p1a: \ubcf4\ub530\ub9ac|quarkdrivespe\n|turn|2\n|\n|t:|1722187683\n|move|p2a: Volcarona|Protect|p2a: Volcarona\n|-singleturn|p2a: Volcarona|Protect\n|move|p1a: \ubcf4\ub530\ub9ac|Freeze-Dry|p2a: Volcarona\n|-activate|p2a: Volcarona|move: Protect\n|move|p1b: \uc704\uc720\uc774|Heat Wave|p2b: Grimmsnarl|[spread] p2b\n|-activate|p2a: Volcarona|move: Protect\n|-damage|p2b: Grimmsnarl|38\/100\n|-status|p2b: Grimmsnarl|brn\n|move|p2b: Grimmsnarl|Spirit Break|p1b: \uc704\uc720\uc774\n|-damage|p1b: \uc704\uc720\uc774|76\/100\n|-unboost|p1b: \uc704\uc720\uc774|spa|1\n|\n|-heal|p2a: Volcarona|97\/100|[from] item: Leftovers\n|-damage|p2b: Grimmsnarl|32\/100 brn|[from] brn\n|upkeep\n|turn|3\n|\n|t:|1722187706\n|move|p2b: Grimmsnarl|Thunder Wave|p1a: \ubcf4\ub530\ub9ac\n|-status|p1a: \ubcf4\ub530\ub9ac|par\n|move|p1b: \uc704\uc720\uc774|Heat Wave|p2a: Volcarona|[spread] p2a,p2b\n|-resisted|p2a: Volcarona\n|-damage|p2a: Volcarona|86\/100\n|-damage|p2b: Grimmsnarl|10\/100 brn\n|move|p1a: \ubcf4\ub530\ub9ac|Freeze-Dry|p2a: Volcarona\n|-supereffective|p2a: Volcarona\n|-crit|p2a: Volcarona\n|-damage|p2a: Volcarona|0 fnt\n|faint|p2a: Volcarona\n|\n|-damage|p2b: Grimmsnarl|4\/100 brn|[from] brn\n|upkeep\n|\n|t:|1722187717\n|switch|p2a: Zamazenta|Zamazenta-Crowned, L50|100\/100\n|-ability|p2a: Zamazenta|Dauntless Shield|boost\n|-boost|p2a: Zamazenta|def|1\n|turn|4\n|inactive|Billy_HMD has 30 seconds left.\n|\n|t:|1722187745\n|switch|p1b: \uc5d8\ud48d|Whimsicott, L50, M|100\/100\n|move|p2b: Grimmsnarl|Reflect|p2b: Grimmsnarl\n|-sidestart|p2: Billy_HMD|Reflect\n|move|p2a: Zamazenta|Body Press|p1b: \uc5d8\ud48d\n|-resisted|p1b: \uc5d8\ud48d\n|-damage|p1b: \uc5d8\ud48d|65\/100\n|move|p1a: \ubcf4\ub530\ub9ac|Icy Wind|p2a: Zamazenta|[spread] p2a,p2b\n|-resisted|p2a: Zamazenta\n|-damage|p2a: Zamazenta|96\/100\n|-damage|p2b: Grimmsnarl|0 fnt\n|-unboost|p2a: Zamazenta|spe|1\n|faint|p2b: Grimmsnarl\n|\n|upkeep\n|\n|t:|1722187753\n|switch|p2b: Raging Bolt|Raging Bolt, L50|100\/100\n|turn|5\n|\n|t:|1722187774\n|move|p1b: \uc5d8\ud48d|Moonblast|p2b: Raging Bolt\n|-supereffective|p2b: Raging Bolt\n|-damage|p2b: Raging Bolt|79\/100\n|-unboost|p2b: Raging Bolt|spa|1\n|cant|p1a: \ubcf4\ub530\ub9ac|par\n|move|p2a: Zamazenta|Heavy Slam|p1b: \uc5d8\ud48d\n|-supereffective|p1b: \uc5d8\ud48d\n|-damage|p1b: \uc5d8\ud48d|0 fnt\n|faint|p1b: \uc5d8\ud48d\n|move|p2b: Raging Bolt|Thunderbolt|p1a: \ubcf4\ub530\ub9ac\n|-supereffective|p1a: \ubcf4\ub530\ub9ac\n|-damage|p1a: \ubcf4\ub530\ub9ac|0 fnt\n|faint|p1a: \ubcf4\ub530\ub9ac\n|-end|p1a: \ubcf4\ub530\ub9ac|Quark Drive|[silent]\n|\n|upkeep\n|\n|t:|1722187784\n|switch|p1b: \uc704\uc720\uc774|Chi-Yu, L50|76\/100\n|-ability|p1b: \uc704\uc720\uc774|Beads of Ruin\n|turn|6\n|\n|t:|1722187790\n|-terastallize|p1b: \uc704\uc720\uc774|Fire\n|move|p1b: \uc704\uc720\uc774|Heat Wave|p2b: Raging Bolt|[spread] p2a,p2b\n|-supereffective|p2a: Zamazenta\n|-resisted|p2b: Raging Bolt\n|-damage|p2a: Zamazenta|33\/100\n|-damage|p2b: Raging Bolt|64\/100\n|move|p2a: Zamazenta|Body Press|p1b: \uc704\uc720\uc774\n|-damage|p1b: \uc704\uc720\uc774|0 fnt\n|faint|p1b: \uc704\uc720\uc774\n|\n|win|Billy_HMD\n|raw|dinokitae's rating: 1748 &rarr; <strong>1728<\/strong><br \/>(-20 for losing)\n|raw|Billy_HMD's rating: 1754 &rarr; <strong>1774<\/strong><br \/>(+20 for winning)\n|l|\u2606Billy_HMD\n|player|p2|\n|l|\u2606dinokitae\n|player|p1|\n","uploadtime":1722187924,"views":27,"formatid":"gen9vgc2024regg","rating":1728,"private":0,"password":null}