{"id":"gen9vgc2024regg-2169279068","format":"[Gen 9] VGC 2024 Reg G","players":["linmou","bnuuyfluff"],"log":"|j|\u2606linmou\n|j|\u2606bnuuyfluff\n|t:|1722221182\n|gametype|doubles\n|player|p1|linmou|veteranf|1714\n|player|p2|bnuuyfluff|lacey|1739\n|teamsize|p1|6\n|teamsize|p2|6\n|gen|9\n|tier|[Gen 9] VGC 2024 Reg G\n|rated|\n|rule|Species Clause: Limit one of each Pok\u00e9mon\n|rule|Item Clause: Limit one of each item\n|clearpoke\n|poke|p1|Calyrex-Ice, L50|\n|poke|p1|Incineroar, L50, M|\n|poke|p1|Pelipper, L50, F|\n|poke|p1|Urshifu-*, L50, F|\n|poke|p1|Indeedee-F, L50, F|\n|poke|p1|Raging Bolt, L50|\n|poke|p2|Zacian-*, L50|\n|poke|p2|Weezing, L50, M|\n|poke|p2|Regigigas, L50|\n|poke|p2|Tornadus, L50, M|\n|poke|p2|Chien-Pao, L50|\n|poke|p2|Ogerpon-Wellspring, L50, F|\n|teampreview|4\n|inactive|Battle timer is ON: inactive players will automatically lose when time's up. (requested by linmou)\nbnuuyfluff rejected open team sheets.\n|inactive|linmou has 60 seconds left.\n|inactive|bnuuyfluff has 60 seconds left.\n|j| rabbithorn01\n|\n|t:|1722221224\n|start\n|switch|p1a: Indeedee|Indeedee-F, L50, F|100\/100\n|switch|p1b: Urshifu|Urshifu-Rapid-Strike, L50, F|100\/100\n|switch|p2a: Dr. Eggman|Regigigas, L50|100\/100\n|switch|p2b: Badnik|Weezing, L50, M|100\/100\n|-ability|p2b: Badnik|Neutralizing Gas\n|turn|1\n|\n|t:|1722221231\n|-terastallize|p1b: Urshifu|Water\n|-terastallize|p2a: Dr. Eggman|Ghost\n|move|p1a: Indeedee|Helping Hand|p1b: Urshifu\n|-singleturn|p1b: Urshifu|Helping Hand|[of] p1a: Indeedee\n|move|p1b: Urshifu|Surging Strikes|p2b: Badnik\n|-crit|p2b: Badnik\n|-damage|p2b: Badnik|64\/100\n|-crit|p2b: Badnik\n|-damage|p2b: Badnik|28\/100\n|-enditem|p2b: Badnik|Sitrus Berry|[eat]\n|-heal|p2b: Badnik|53\/100|[from] item: Sitrus Berry\n|-crit|p2b: Badnik\n|-damage|p2b: Badnik|16\/100\n|-hitcount|p2b: Badnik|3\n|move|p2a: Dr. Eggman|Crush Grip|p1b: Urshifu\n|-damage|p1b: Urshifu|0 fnt\n|faint|p1b: Urshifu\n|-damage|p2a: Dr. Eggman|91\/100|[from] item: Life Orb\n|move|p2b: Badnik|Taunt|p1a: Indeedee\n|-start|p1a: Indeedee|move: Taunt\n|\n|upkeep\n|\n|t:|1722221252\n|switch|p1b: Calyrex|Calyrex-Ice, L50|100\/100\n|-ability|p1b: Calyrex|As One\n|-ability|p1b: Calyrex|Unnerve\n|turn|2\n|\n|t:|1722221260\n|move|p2a: Dr. Eggman|Knock Off|p1a: Indeedee\n|-supereffective|p1a: Indeedee\n|-damage|p1a: Indeedee|0 fnt\n|-enditem|p1a: Indeedee|Psychic Seed|[from] move: Knock Off|[of] p2a: Dr. Eggman\n|faint|p1a: Indeedee\n|-damage|p2a: Dr. Eggman|81\/100|[from] item: Life Orb\n|move|p1b: Calyrex|Swords Dance|p1b: Calyrex\n|-boost|p1b: Calyrex|atk|2\n|move|p2b: Badnik|Will-O-Wisp|p1b: Calyrex|[miss]\n|-miss|p2b: Badnik|p1b: Calyrex\n|\n|upkeep\n|\n|t:|1722221263\n|switch|p1a: Raging Bolt|Raging Bolt, L50|100\/100\n|turn|3\n|\n|t:|1722221283\n|move|p2a: Dr. Eggman|Crush Grip|p1b: Calyrex\n|-crit|p1b: Calyrex\n|-damage|p1b: Calyrex|2\/100\n|-damage|p2a: Dr. Eggman|72\/100|[from] item: Life Orb\n|move|p1a: Raging Bolt|Thunderbolt|p2a: Dr. Eggman\n|-damage|p2a: Dr. Eggman|22\/100\n|move|p1b: Calyrex|Glacial Lance|p2b: Badnik|[spread] p2a,p2b\n|-damage|p2a: Dr. Eggman|0 fnt\n|-damage|p2b: Badnik|0 fnt\n|faint|p2a: Dr. Eggman\n|-end|p2a: Dr. Eggman|Slow Start|[silent]\n|faint|p2b: Badnik\n|-end|p2b: Badnik|ability: Neutralizing Gas\n|-ability|p1b: Calyrex|Chilling Neigh|boost\n|-boost|p1b: Calyrex|atk|2\n|-enditem|p1a: Raging Bolt|Booster Energy\n|-activate|p1a: Raging Bolt|ability: Protosynthesis|[fromitem]\n|-start|p1a: Raging Bolt|protosynthesisspa\n|\n|upkeep\n|\n|t:|1722221286\n|switch|p2a: Sonic|Zacian-Crowned, L50|100\/100\n|switch|p2b: Amy Rose|Ogerpon-Wellspring, L50, F|100\/100\n|-ability|p2a: Sonic|Intrepid Sword|boost\n|-boost|p2a: Sonic|atk|1\n|turn|4\n|\n|t:|1722221296\n|move|p1b: Calyrex|Protect|p1b: Calyrex\n|-singleturn|p1b: Calyrex|Protect\n|move|p2a: Sonic|Play Rough|p1a: Raging Bolt\n|-supereffective|p1a: Raging Bolt\n|-damage|p1a: Raging Bolt|0 fnt\n|faint|p1a: Raging Bolt\n|-end|p1a: Raging Bolt|Protosynthesis|[silent]\n|move|p2b: Amy Rose|Ivy Cudgel|p1b: Calyrex|[anim] Ivy Cudgel Water\n|-activate|p1b: Calyrex|move: Protect\n|\n|upkeep\n|turn|5\n|-message|linmou forfeited.\n|\n|win|bnuuyfluff\n|raw|linmou's rating: 1714 &rarr; <strong>1695<\/strong><br \/>(-19 for losing)\n|raw|bnuuyfluff's rating: 1739 &rarr; <strong>1758<\/strong><br \/>(+19 for winning)\n|l|\u2606linmou\n|player|p1|\n","uploadtime":1722221311,"views":20,"formatid":"gen9vgc2024regg","rating":1695,"private":0,"password":null}