{"id":"gen9vgc2024regg-2169247260","format":"[Gen 9] VGC 2024 Reg G","players":["rongyin2","war3ted"],"log":"|j|\u2606rongyin2\n|j|\u2606war3ted\n|t:|1722216783\n|gametype|doubles\n|player|p1|rongyin2|dawn|1686\n|player|p2|war3ted|dawn|1924\n|teamsize|p1|6\n|teamsize|p2|6\n|gen|9\n|tier|[Gen 9] VGC 2024 Reg G\n|rated|\n|rule|Species Clause: Limit one of each Pok\u00e9mon\n|rule|Item Clause: Limit one of each item\n|clearpoke\n|poke|p1|Calyrex-Shadow, L50|\n|poke|p1|Regigigas, L50|\n|poke|p1|Iron Hands, L50|\n|poke|p1|Amoonguss, L50, M|\n|poke|p1|Weezing-Galar, L50, F|\n|poke|p1|Whimsicott, L50, M|\n|poke|p2|Calyrex-Ice, L50|\n|poke|p2|Annihilape, L50, M|\n|poke|p2|Smeargle, L50, M|\n|poke|p2|Ursaluna-Bloodmoon, L50, M|\n|poke|p2|Urshifu-*, L50, F|\n|poke|p2|Ogerpon-Wellspring, L50, F|\n|teampreview|4\n|inactive|Battle timer is ON: inactive players will automatically lose when time's up. (requested by rongyin2)\n|\n|t:|1722216813\n|start\n|switch|p1a: Regigigas|Regigigas, L50|100\/100\n|switch|p1b: Weezing|Weezing-Galar, L50, F|100\/100\n|switch|p2a: Calyrex|Calyrex-Ice, L50|100\/100\n|switch|p2b: Smeargle|Smeargle, L50, M, shiny|100\/100\n|-ability|p1b: Weezing|Neutralizing Gas\n|-ability|p2a: Calyrex|As One\n|-ability|p2a: Calyrex|Unnerve\n|turn|1\n|j| dullb0y da cabiuna\n|l| dullb0y da cabiuna\n|\n|t:|1722216835\n|move|p1a: Regigigas|Knock Off|p2a: Calyrex\n|-supereffective|p2a: Calyrex\n|-damage|p2a: Calyrex|59\/100\n|-enditem|p2a: Calyrex|Sitrus Berry|[from] move: Knock Off|[of] p1a: Regigigas\n|move|p1b: Weezing|Taunt|p2b: Smeargle\n|-start|p2b: Smeargle|move: Taunt\n|move|p2a: Calyrex|Glacial Lance|p1a: Regigigas|[spread] p1a,p1b\n|-damage|p1a: Regigigas|55\/100\n|-damage|p1b: Weezing|48\/100\n|cant|p2b: Smeargle|move: Taunt|Decorate\n|\n|-heal|p1b: Weezing|53\/100|[from] item: Leftovers\n|upkeep\n|turn|2\n|\n|t:|1722216853\n|switch|p2b: Ursaluna|Ursaluna-Bloodmoon, L50, M|100\/100\n|move|p2a: Calyrex|Protect|p2a: Calyrex\n|-singleturn|p2a: Calyrex|Protect\n|move|p1a: Regigigas|Wide Guard|p1a: Regigigas\n|-singleturn|p1a: Regigigas|Wide Guard\n|move|p1b: Weezing|Taunt|p2a: Calyrex\n|-activate|p2a: Calyrex|move: Protect\n|\n|-heal|p1b: Weezing|59\/100|[from] item: Leftovers\n|upkeep\n|turn|3\n|\n|t:|1722216877\n|move|p1a: Regigigas|Knock Off|p2b: Ursaluna\n|-damage|p2b: Ursaluna|76\/100\n|-enditem|p2b: Ursaluna|Life Orb|[from] move: Knock Off|[of] p1a: Regigigas\n|move|p1b: Weezing|Sludge Bomb|p2a: Calyrex\n|-damage|p2a: Calyrex|38\/100\n|-status|p2a: Calyrex|psn\n|move|p2a: Calyrex|High Horsepower|p1b: Weezing\n|-supereffective|p1b: Weezing\n|-damage|p1b: Weezing|0 fnt\n|faint|p1b: Weezing\n|-end|p1b: Weezing|ability: Neutralizing Gas\n|-start|p1a: Regigigas|ability: Slow Start\n|-ability|p2a: Calyrex|Chilling Neigh|boost\n|-boost|p2a: Calyrex|atk|1\n|move|p2b: Ursaluna|Blood Moon|p1a: Regigigas\n|-damage|p1a: Regigigas|0 fnt\n|faint|p1a: Regigigas\n|-end|p1a: Regigigas|Slow Start|[silent]\n|\n|-damage|p2a: Calyrex|26\/100 psn|[from] psn\n|upkeep\n|\n|t:|1722216896\n|switch|p1a: Calyrex|Calyrex-Shadow, L50|100\/100\n|switch|p1b: Amoonguss|Amoonguss, L50, M|100\/100\n|-ability|p1a: Calyrex|As One\n|-ability|p1a: Calyrex|Unnerve\n|turn|4\n|\n|t:|1722216915\n|move|p2a: Calyrex|Protect|p2a: Calyrex\n|-singleturn|p2a: Calyrex|Protect\n|move|p1a: Calyrex|Nasty Plot|p1a: Calyrex\n|-boost|p1a: Calyrex|spa|2\n|move|p2b: Ursaluna|Hyper Voice|p1a: Calyrex|[spread] p1a,p1b\n|-damage|p1a: Calyrex|63\/100\n|-damage|p1b: Amoonguss|66\/100\n|move|p1b: Amoonguss|Spore|p2b: Ursaluna\n|-status|p2b: Ursaluna|slp|[from] move: Spore\n|\n|-damage|p2a: Calyrex|14\/100 psn|[from] psn\n|upkeep\n|turn|5\n|inactive|rongyin2 has 30 seconds left.\n|\n|t:|1722216941\n|move|p1a: Calyrex|Astral Barrage|p2a: Calyrex|[spread] p2a\n|-immune|p2b: Ursaluna\n|-supereffective|p2a: Calyrex\n|-damage|p2a: Calyrex|0 fnt\n|faint|p2a: Calyrex\n|-ability|p1a: Calyrex|Grim Neigh|boost\n|-boost|p1a: Calyrex|spa|1\n|cant|p2b: Ursaluna|slp\n|move|p1b: Amoonguss|Sludge Bomb|p2b: Ursaluna\n|-resisted|p2b: Ursaluna\n|-damage|p2b: Ursaluna|61\/100 slp\n|\n|upkeep\n|\n|t:|1722216948\n|switch|p2a: Smeargle|Smeargle, L50, M, shiny|100\/100\n|turn|6\n|\n|t:|1722216968\n|-terastallize|p1a: Calyrex|Fairy\n|-terastallize|p2a: Smeargle|Grass\n|move|p1b: Amoonguss|Rage Powder|p1b: Amoonguss\n|-singleturn|p1b: Amoonguss|move: Rage Powder\n|move|p1a: Calyrex|Draining Kiss|p2b: Ursaluna\n|-damage|p2b: Ursaluna|0 fnt\n|-heal|p1a: Calyrex|100\/100|[from] drain|[of] p2b: Ursaluna\n|faint|p2b: Ursaluna\n|-ability|p1a: Calyrex|Grim Neigh|boost\n|-boost|p1a: Calyrex|spa|1\n|move|p2a: Smeargle|Spore|p1a: Calyrex\n|-status|p1a: Calyrex|slp|[from] move: Spore\n|\n|upkeep\n|\n|t:|1722216977\n|switch|p2b: Urshifu|Urshifu, L50, F|100\/100\n|turn|7\n|\n|t:|1722216991\n|cant|p1a: Calyrex|slp\n|move|p2b: Urshifu|Wicked Blow|p1b: Amoonguss\n|-crit|p1b: Amoonguss\n|-damage|p1b: Amoonguss|0 fnt\n|-damage|p2b: Urshifu|84\/100|[from] item: Rocky Helmet|[of] p1b: Amoonguss\n|faint|p1b: Amoonguss\n|move|p2a: Smeargle|Decorate|p2b: Urshifu\n|-boost|p2b: Urshifu|atk|2\n|-boost|p2b: Urshifu|spa|2\n|\n|upkeep\n|turn|8\n|\n|t:|1722217005\n|-curestatus|p1a: Calyrex|slp|[msg]\n|move|p1a: Calyrex|Draining Kiss|p2b: Urshifu\n|-supereffective|p2b: Urshifu\n|-damage|p2b: Urshifu|0 fnt\n|faint|p2b: Urshifu\n|-ability|p1a: Calyrex|Grim Neigh|boost\n|-boost|p1a: Calyrex|spa|1\n|move|p2a: Smeargle|Decorate|p2: Urshifu|[notarget]\n|-fail|p2a: Smeargle\n|\n|upkeep\n|turn|9\n|-message|war3ted forfeited.\n|\n|win|rongyin2\n|raw|rongyin2's rating: 1686 &rarr; <strong>1718<\/strong><br \/>(+32 for winning)\n|raw|war3ted's rating: 1924 &rarr; <strong>1892<\/strong><br \/>(-32 for losing)\n|l|\u2606war3ted\n|player|p2|\n|l|\u2606rongyin2\n|player|p1|\n","uploadtime":1722217173,"views":31,"formatid":"gen9vgc2024regg","rating":1718,"private":0,"password":null}