{"id":"gen9vgc2024regg-2169930927","format":"[Gen 9] VGC 2024 Reg G","players":["chuanOVO","shuijunjun\u7ea2\u83b2\u94e0\u9a91\u4fa0"],"log":"|j|\u2606chuanOVO\n|j|\u2606shuijunjun\u7ea2\u83b2\u94e0\u9a91\u4fa0\n|t:|1722313135\n|gametype|doubles\n|player|p1|chuanOVO|n|1745\n|player|p2|shuijunjun\u7ea2\u83b2\u94e0\u9a91\u4fa0|iono|1698\n|teamsize|p1|6\n|teamsize|p2|6\n|gen|9\n|tier|[Gen 9] VGC 2024 Reg G\n|rated|\n|rule|Species Clause: Limit one of each Pok\u00e9mon\n|rule|Item Clause: Limit one of each item\n|clearpoke\n|poke|p1|Calyrex-Ice, L50|\n|poke|p1|Smeargle, L50, M|\n|poke|p1|Ursaluna-Bloodmoon, L50, M|\n|poke|p1|Urshifu-*, L50, M|\n|poke|p1|Ogerpon-Wellspring, L50, F|\n|poke|p1|Annihilape, L50, M|\n|poke|p2|Armarouge, L50, M|\n|poke|p2|Zamazenta-*, L50|\n|poke|p2|Indeedee, L50, M|\n|poke|p2|Roaring Moon, L50|\n|poke|p2|Gholdengo, L50|\n|poke|p2|Urshifu-*, L50, F|\n|teampreview|4\n|j| rabbithorn05\n|\n|t:|1722313164\n|start\n|switch|p1a: Ogerpon|Ogerpon-Wellspring, L50, F|100\/100\n|switch|p1b: Calyrex|Calyrex-Ice, L50|100\/100\n|switch|p2a: \u7f28\u626c\u4e01\u771f|Urshifu, L50, F|100\/100\n|switch|p2b: \u4ebf\u5143\u4e01\u771f|Gholdengo, L50|100\/100\n|-ability|p1b: Calyrex|As One\n|-ability|p1b: Calyrex|Unnerve\n|-item|p2b: \u4ebf\u5143\u4e01\u771f|Air Balloon\n|turn|1\n|inactive|Battle timer is ON: inactive players will automatically lose when time's up. (requested by chuanOVO)\n|\n|t:|1722313185\n|move|p1a: Ogerpon|Follow Me|p1a: Ogerpon\n|-singleturn|p1a: Ogerpon|move: Follow Me\n|move|p2a: \u7f28\u626c\u4e01\u771f|Wicked Blow|p1a: Ogerpon\n|-crit|p1a: Ogerpon\n|-damage|p1a: Ogerpon|38\/100\n|move|p2b: \u4ebf\u5143\u4e01\u771f|Make It Rain|p1b: Calyrex|[spread] p1a,p1b\n|-resisted|p1a: Ogerpon\n|-supereffective|p1b: Calyrex\n|-damage|p1a: Ogerpon|15\/100\n|-damage|p1b: Calyrex|26\/100\n|-unboost|p2b: \u4ebf\u5143\u4e01\u771f|spa|1\n|-enditem|p1b: Calyrex|Sitrus Berry|[eat]\n|-heal|p1b: Calyrex|51\/100|[from] item: Sitrus Berry\n|move|p1b: Calyrex|Trick Room|p1b: Calyrex\n|-fieldstart|move: Trick Room|[of] p1b: Calyrex\n|\n|upkeep\n|turn|2\n|\n|t:|1722313204\n|move|p1b: Calyrex|Glacial Lance|p2b: \u4ebf\u5143\u4e01\u771f|[spread] p2a,p2b\n|-resisted|p2b: \u4ebf\u5143\u4e01\u771f\n|-damage|p2a: \u7f28\u626c\u4e01\u771f|38\/100\n|-damage|p2b: \u4ebf\u5143\u4e01\u771f|71\/100\n|-enditem|p2b: \u4ebf\u5143\u4e01\u771f|Air Balloon\n|move|p2b: \u4ebf\u5143\u4e01\u771f|Make It Rain|p1b: Calyrex|[spread] p1a,p1b\n|-resisted|p1a: Ogerpon\n|-supereffective|p1b: Calyrex\n|-damage|p1a: Ogerpon|0 fnt\n|-damage|p1b: Calyrex|7\/100\n|-unboost|p2b: \u4ebf\u5143\u4e01\u771f|spa|1\n|faint|p1a: Ogerpon\n|move|p2a: \u7f28\u626c\u4e01\u771f|Wicked Blow|p1b: Calyrex\n|-supereffective|p1b: Calyrex\n|-crit|p1b: Calyrex\n|-damage|p1b: Calyrex|0 fnt\n|faint|p1b: Calyrex\n|\n|upkeep\n|\n|t:|1722313223\n|switch|p1b: Ursaluna|Ursaluna-Bloodmoon, L50, M|100\/100\n|switch|p1a: Smeargle|Smeargle, L50, M, shiny|100\/100\n|turn|3\n|\n|t:|1722313237\n|move|p2a: \u7f28\u626c\u4e01\u771f|Protect|p2a: \u7f28\u626c\u4e01\u771f\n|-singleturn|p2a: \u7f28\u626c\u4e01\u771f|Protect\n|move|p1a: Smeargle|Decorate|p1b: Ursaluna\n|-boost|p1b: Ursaluna|atk|2\n|-boost|p1b: Ursaluna|spa|2\n|move|p1b: Ursaluna|Hyper Voice|p2b: \u4ebf\u5143\u4e01\u771f|[spread] p2b\n|-activate|p2a: \u7f28\u626c\u4e01\u771f|move: Protect\n|-resisted|p2b: \u4ebf\u5143\u4e01\u771f\n|-damage|p2b: \u4ebf\u5143\u4e01\u771f|21\/100\n|-damage|p1b: Ursaluna|91\/100|[from] item: Life Orb\n|move|p2b: \u4ebf\u5143\u4e01\u771f|Make It Rain|p1b: Ursaluna|[spread] p1a,p1b\n|-damage|p1a: Smeargle|51\/100\n|-damage|p1b: Ursaluna|63\/100\n|-unboost|p2b: \u4ebf\u5143\u4e01\u771f|spa|1\n|\n|upkeep\n|turn|4\n|\n|t:|1722313262\n|switch|p2a: \u715c\u708e\u4e01\u771f|Armarouge, L50, M, shiny|100\/100\n|move|p2b: \u4ebf\u5143\u4e01\u771f|Protect|p2b: \u4ebf\u5143\u4e01\u771f\n|-singleturn|p2b: \u4ebf\u5143\u4e01\u771f|Protect\n|move|p1a: Smeargle|Decorate|p1b: Ursaluna\n|-boost|p1b: Ursaluna|atk|2\n|-boost|p1b: Ursaluna|spa|2\n|move|p1b: Ursaluna|Hyper Voice|p2a: \u715c\u708e\u4e01\u771f|[spread] p2a\n|-activate|p2b: \u4ebf\u5143\u4e01\u771f|move: Protect\n|-damage|p2a: \u715c\u708e\u4e01\u771f|0 fnt\n|faint|p2a: \u715c\u708e\u4e01\u771f\n|-damage|p1b: Ursaluna|54\/100|[from] item: Life Orb\n|\n|upkeep\n|\n|t:|1722313274\n|switch|p2a: \u7f28\u626c\u4e01\u771f|Urshifu, L50, F|38\/100\n|turn|5\n|\n|t:|1722313282\n|move|p2a: \u7f28\u626c\u4e01\u771f|Protect|p2a: \u7f28\u626c\u4e01\u771f\n|-singleturn|p2a: \u7f28\u626c\u4e01\u771f|Protect\n|move|p1a: Smeargle|Follow Me|p1a: Smeargle\n|-singleturn|p1a: Smeargle|move: Follow Me\n|move|p1b: Ursaluna|Hyper Voice|p2a: \u7f28\u626c\u4e01\u771f|[spread] p2b\n|-activate|p2a: \u7f28\u626c\u4e01\u771f|move: Protect\n|-resisted|p2b: \u4ebf\u5143\u4e01\u771f\n|-damage|p2b: \u4ebf\u5143\u4e01\u771f|0 fnt\n|faint|p2b: \u4ebf\u5143\u4e01\u771f\n|-damage|p1b: Ursaluna|44\/100|[from] item: Life Orb\n|\n|-fieldend|move: Trick Room\n|upkeep\n|\n|t:|1722313290\n|switch|p2b: \u6bc5\u52c7\u4e01\u771f|Zamazenta-Crowned, L50|100\/100\n|-ability|p2b: \u6bc5\u52c7\u4e01\u771f|Dauntless Shield|boost\n|-boost|p2b: \u6bc5\u52c7\u4e01\u771f|def|1\n|turn|6\n|\n|t:|1722313312\n|-terastallize|p2b: \u6bc5\u52c7\u4e01\u771f|Grass\n|move|p1a: Smeargle|Follow Me|p1a: Smeargle\n|-singleturn|p1a: Smeargle|move: Follow Me\n|move|p1b: Ursaluna|Vacuum Wave|p2a: \u7f28\u626c\u4e01\u771f\n|-supereffective|p2a: \u7f28\u626c\u4e01\u771f\n|-damage|p2a: \u7f28\u626c\u4e01\u771f|0 fnt\n|faint|p2a: \u7f28\u626c\u4e01\u771f\n|-damage|p1b: Ursaluna|34\/100|[from] item: Life Orb\n|move|p2b: \u6bc5\u52c7\u4e01\u771f|Heavy Slam|p1a: Smeargle\n|-damage|p1a: Smeargle|0 fnt\n|faint|p1a: Smeargle\n|\n|upkeep\n|turn|7\n|\n|t:|1722313328\n|-terastallize|p1b: Ursaluna|Ghost\n|move|p2b: \u6bc5\u52c7\u4e01\u771f|Trailblaze|p1b: Ursaluna\n|-damage|p1b: Ursaluna|16\/100\n|-boost|p2b: \u6bc5\u52c7\u4e01\u771f|spe|1\n|move|p1b: Ursaluna|Blood Moon|p2b: \u6bc5\u52c7\u4e01\u771f\n|-damage|p2b: \u6bc5\u52c7\u4e01\u771f|0 fnt\n|faint|p2b: \u6bc5\u52c7\u4e01\u771f\n|-damage|p1b: Ursaluna|6\/100|[from] item: Life Orb\n|\n|win|chuanOVO\n|raw|chuanOVO's rating: 1745 &rarr; <strong>1762<\/strong><br \/>(+17 for winning)\n|raw|shuijunjun\u7ea2\u83b2\u94e0\u9a91\u4fa0's rating: 1698 &rarr; <strong>1681<\/strong><br \/>(-17 for losing)\n|l|\u2606shuijunjun\u7ea2\u83b2\u94e0\u9a91\u4fa0\n|player|p2|\n|l|\u2606chuanOVO\n|player|p1|\n","uploadtime":1722313342,"views":28,"formatid":"gen9vgc2024regg","rating":1681,"private":0,"password":null}