{"id":"gen9vgc2024regg-2170131395","format":"[Gen 9] VGC 2024 Reg G","players":["chuanOVO","HamstermaniaCZ"],"log":"|j|\u2606chuanOVO\n|j|\u2606HamstermaniaCZ\n|t:|1722347752\n|gametype|doubles\n|player|p1|chuanOVO|n|1737\n|player|p2|HamstermaniaCZ|acetrainersnow|1704\n|teamsize|p1|6\n|teamsize|p2|6\n|gen|9\n|tier|[Gen 9] VGC 2024 Reg G\n|rated|\n|rule|Species Clause: Limit one of each Pok\u00e9mon\n|rule|Item Clause: Limit one of each item\n|clearpoke\n|poke|p1|Terapagos, L50, M|\n|poke|p1|Torkoal, L50, F|\n|poke|p1|Slowpoke, L50, F|\n|poke|p1|Smeargle, L50, F|\n|poke|p1|Ribombee, L50, F|\n|poke|p1|Alcremie, L50, F|\n|poke|p2|Maushold, L50|\n|poke|p2|Calyrex-Shadow, L50|\n|poke|p2|Rillaboom, L50, F|\n|poke|p2|Grimmsnarl, L50, M|\n|poke|p2|Urshifu-*, L50, F|\n|poke|p2|Tornadus, L50, M|\n|teampreview|4\n|inactive|Battle timer is ON: inactive players will automatically lose when time's up. (requested by chuanOVO)\n|inactive|HamstermaniaCZ has 60 seconds left.\n|inactive|HamstermaniaCZ has 30 seconds left.\n|inactive|HamstermaniaCZ has 20 seconds left.\n|inactive|HamstermaniaCZ has 15 seconds left.\n|\n|t:|1722347837\n|start\n|switch|p1a: Ribombee|Ribombee, L50, F, shiny|100\/100\n|switch|p1b: Alcremie|Alcremie, L50, F, shiny|100\/100\n|switch|p2a: Maushold|Maushold, L50|100\/100\n|switch|p2b: Rillaboom|Rillaboom, L50, F|100\/100\n|-fieldstart|move: Grassy Terrain|[from] ability: Grassy Surge|[of] p2b: Rillaboom\n|turn|1\n|inactive|HamstermaniaCZ has 30 seconds left.\n|j| Into Leon\n|\n|t:|1722347866\n|move|p1a: Ribombee|Tailwind|p1a: Ribombee\n|-sidestart|p1: chuanOVO|move: Tailwind\n|move|p1b: Alcremie|Misty Explosion|p2a: Maushold|[spread] p1a,p2a,p2b\n|-damage|p1a: Ribombee|0 fnt\n|-damage|p2a: Maushold|52\/100\n|-damage|p2b: Rillaboom|84\/100\n|faint|p1b: Alcremie\n|faint|p1a: Ribombee\n|move|p2a: Maushold|Super Fang|p1: Ribombee|[notarget]\n|-fail|p2a: Maushold\n|move|p2b: Rillaboom|U-turn|p1: Ribombee|[notarget]\n|-fail|p2b: Rillaboom\n|\n|-heal|p2a: Maushold|58\/100|[from] Grassy Terrain\n|-heal|p2b: Rillaboom|90\/100|[from] Grassy Terrain\n|upkeep\n|\n|t:|1722347880\n|switch|p1a: Terapagos|Terapagos, L50, M|100\/100\n|switch|p1b: Smeargle|Smeargle, L50, F, shiny|100\/100\n|-activate|p1a: Terapagos|ability: Tera Shift\n|detailschange|p1a: Terapagos|Terapagos-Terastal, L50, M\n|-heal|p1a: Terapagos|100\/100|[silent]\n|turn|2\n|j| FBOT6\n|\n|t:|1722347891\n|-terastallize|p1a: Terapagos|Stellar\n|detailschange|p1a: Terapagos|Terapagos-Stellar, L50, M, tera:Stellar\n|-heal|p1a: Terapagos|100\/100|[silent]\n|-ability|p1a: Terapagos|Teraform Zero\n|-fieldend|move: Grassy Terrain\n|move|p2a: Maushold|Follow Me|p2a: Maushold\n|-singleturn|p2a: Maushold|move: Follow Me\n|move|p1b: Smeargle|Decorate|p2a: Maushold\n|-boost|p2a: Maushold|atk|2\n|-boost|p2a: Maushold|spa|2\n|move|p1a: Terapagos|Tera Starstorm|p2b: Rillaboom|[spread] p2a,p2b\n|-damage|p2a: Maushold|0 fnt\n|-damage|p2b: Rillaboom|61\/100\n|faint|p2a: Maushold\n|move|p2b: Rillaboom|Grassy Glide|p1b: Smeargle\n|-damage|p1b: Smeargle|20\/100\n|\n|upkeep\n|l| FBOT6\n|\n|t:|1722347907\n|switch|p2a: Urshifu|Urshifu-Rapid-Strike, L50, F|100\/100\n|turn|3\n|\n|t:|1722347913\n|move|p2a: Urshifu|Aqua Jet|p1b: Smeargle\n|-damage|p1b: Smeargle|0 fnt\n|faint|p1b: Smeargle\n|move|p1a: Terapagos|Tera Starstorm|p2a: Urshifu|[spread] p2a,p2b\n|-damage|p2a: Urshifu|27\/100\n|-damage|p2b: Rillaboom|22\/100\n|move|p2b: Rillaboom|U-turn|p1a: Terapagos\n|-damage|p1a: Terapagos|85\/100\n|\n|t:|1722347918\n|switch|p2b: Calyrex|Calyrex-Shadow, L50|100\/100|[from] U-turn\n|-ability|p2b: Calyrex|As One\n|-ability|p2b: Calyrex|Unnerve\n|\n|upkeep\n|turn|4\n|\n|t:|1722347926\n|switch|p2a: Rillaboom|Rillaboom, L50, F|22\/100\n|-fieldstart|move: Grassy Terrain|[from] ability: Grassy Surge|[of] p2a: Rillaboom\n|-enditem|p2b: Calyrex|Grassy Seed\n|-boost|p2b: Calyrex|def|1|[from] item: Grassy Seed\n|move|p1a: Terapagos|Tera Starstorm|p2a: Rillaboom|[spread] p2a,p2b\n|-damage|p2a: Rillaboom|0 fnt\n|-damage|p2b: Calyrex|49\/100\n|faint|p2a: Rillaboom\n|move|p2b: Calyrex|Calm Mind|p2b: Calyrex\n|-boost|p2b: Calyrex|spa|1\n|-boost|p2b: Calyrex|spd|1\n|\n|-heal|p1a: Terapagos|91\/100|[from] Grassy Terrain\n|-heal|p2b: Calyrex|55\/100|[from] Grassy Terrain\n|-sideend|p1: chuanOVO|move: Tailwind\n|upkeep\n|\n|t:|1722347938\n|switch|p2a: Urshifu|Urshifu-Rapid-Strike, L50, F|27\/100\n|turn|5\n|\n|t:|1722347947\n|move|p2b: Calyrex|Draining Kiss|p1a: Terapagos\n|-damage|p1a: Terapagos|73\/100\n|-heal|p2b: Calyrex|71\/100|[from] drain|[of] p1a: Terapagos\n|move|p2a: Urshifu|Close Combat|p1a: Terapagos\n|-supereffective|p1a: Terapagos\n|-damage|p1a: Terapagos|0 fnt\n|-unboost|p2a: Urshifu|def|1\n|-unboost|p2a: Urshifu|spd|1\n|faint|p1a: Terapagos\n|\n|win|HamstermaniaCZ\n|raw|chuanOVO's rating: 1737 &rarr; <strong>1715<\/strong><br \/>(-22 for losing)\n|raw|HamstermaniaCZ's rating: 1704 &rarr; <strong>1726<\/strong><br \/>(+22 for winning)\n|j| shanehuang99\n|l|\u2606chuanOVO\n|player|p1|\n|l|\u2606HamstermaniaCZ\n|player|p2|\n","uploadtime":1722347998,"views":67,"formatid":"gen9vgc2024regg","rating":1715,"private":0,"password":null}