{"id":"gen9vgc2024regg-2170889324","format":"[Gen 9] VGC 2024 Reg G","players":["Malooch","Krisuerte"],"log":"|j|\u2606Malooch\n|j|\u2606Krisuerte\n|t:|1722448599\n|gametype|doubles\n|player|p1|Malooch|265|1727\n|player|p2|Krisuerte|170|1895\n|teamsize|p1|6\n|teamsize|p2|6\n|gen|9\n|tier|[Gen 9] VGC 2024 Reg G\n|rated|\n|rule|Species Clause: Limit one of each Pok\u00e9mon\n|rule|Item Clause: Limit one of each item\n|clearpoke\n|poke|p1|Miraidon, L50|\n|poke|p1|Urshifu-*, L50, M|\n|poke|p1|Grimmsnarl, L50, M|\n|poke|p1|Iron Hands, L50|\n|poke|p1|Volcarona, L50, M|\n|poke|p1|Kingambit, L50, M|\n|poke|p2|Groudon, L50|\n|poke|p2|Gouging Fire, L50|\n|poke|p2|Raging Bolt, L50|\n|poke|p2|Flutter Mane, L50|\n|poke|p2|Walking Wake, L50|\n|poke|p2|Urshifu-*, L50, M|\n|teampreview|4\n|j| shanehuang99\n|inactive|Battle timer is ON: inactive players will automatically lose when time's up. (requested by Krisuerte)\n|\n|t:|1722448650\n|start\n|switch|p1a: Volcarona|Volcarona, L50, M|100\/100\n|switch|p1b: Miraidon|Miraidon, L50|100\/100\n|switch|p2a: Groudon|Groudon, L50|100\/100\n|switch|p2b: Flutter Mane|Flutter Mane, L50|100\/100\n|-fieldstart|move: Electric Terrain|[from] ability: Hadron Engine|[of] p1b: Miraidon\n|-weather|SunnyDay|[from] ability: Drought|[of] p2a: Groudon\n|-activate|p2b: Flutter Mane|ability: Protosynthesis\n|-start|p2b: Flutter Mane|protosynthesisspe\n|turn|1\n|inactive|Malooch has 30 seconds left.\n|inactive|Krisuerte has 30 seconds left.\n|inactive|Krisuerte has 20 seconds left.\n|inactive|Krisuerte has 15 seconds left.\n|inactive|Krisuerte has 10 seconds left.\n|\n|t:|1722448699\n|switch|p1b: Iron Hands|Iron Hands, L50|100\/100\n|-activate|p1b: Iron Hands|ability: Quark Drive\n|-start|p1b: Iron Hands|quarkdriveatk\n|-terastallize|p1a: Volcarona|Grass\n|-terastallize|p2a: Groudon|Fire\n|move|p2b: Flutter Mane|Moonblast|p1b: Iron Hands\n|-supereffective|p1b: Iron Hands\n|-damage|p1b: Iron Hands|50\/100\n|move|p1a: Volcarona|Giga Drain|p2a: Groudon\n|-resisted|p2a: Groudon\n|-damage|p2a: Groudon|90\/100\n|move|p2a: Groudon|Precipice Blades|p1b: Iron Hands|[spread] p1a\n|-miss|p2a: Groudon|p1b: Iron Hands\n|-resisted|p1a: Volcarona\n|-damage|p1a: Volcarona|72\/100\n|\n|-weather|SunnyDay|[upkeep]\n|upkeep\n|turn|2\n|inactive|Krisuerte has 30 seconds left.\n|inactive|Krisuerte has 20 seconds left.\n|\n|t:|1722448734\n|move|p2b: Flutter Mane|Protect|p2b: Flutter Mane\n|-singleturn|p2b: Flutter Mane|Protect\n|move|p1b: Iron Hands|Fake Out|p2a: Groudon\n|-crit|p2a: Groudon\n|-damage|p2a: Groudon|70\/100\n|move|p1a: Volcarona|Fiery Dance|p2b: Flutter Mane\n|-activate|p2b: Flutter Mane|move: Protect\n|cant|p2a: Groudon|flinch\n|\n|-weather|SunnyDay|[upkeep]\n|upkeep\n|turn|3\n|\n|t:|1722448757\n|-end|p1b: Iron Hands|Quark Drive|[silent]\n|switch|p1b: Grimmsnarl|Grimmsnarl, L50, M|100\/100\n|move|p2b: Flutter Mane|Moonblast|p1b: Grimmsnarl\n|-supereffective|p1b: Grimmsnarl\n|-damage|p1b: Grimmsnarl|14\/100\n|-unboost|p1b: Grimmsnarl|spa|1\n|move|p1a: Volcarona|Fiery Dance|p2b: Flutter Mane\n|-damage|p2b: Flutter Mane|41\/100\n|-boost|p1a: Volcarona|spa|1\n|move|p2a: Groudon|Precipice Blades|p1a: Volcarona|[spread] p1a,p1b\n|-resisted|p1a: Volcarona\n|-damage|p1a: Volcarona|43\/100\n|-damage|p1b: Grimmsnarl|0 fnt\n|-enditem|p1a: Volcarona|Sitrus Berry|[eat]\n|-heal|p1a: Volcarona|68\/100|[from] item: Sitrus Berry\n|faint|p1b: Grimmsnarl\n|\n|-weather|SunnyDay|[upkeep]\n|upkeep\n|inactive|Malooch has 30 seconds left.\n|\n|t:|1722448783\n|switch|p1b: Miraidon|Miraidon, L50|100\/100\n|-activate|p1b: Miraidon|ability: Hadron Engine\n|turn|4\n|\n|t:|1722448804\n|move|p2b: Flutter Mane|Moonblast|p1b: Miraidon\n|-supereffective|p1b: Miraidon\n|-crit|p1b: Miraidon\n|-damage|p1b: Miraidon|0 fnt\n|faint|p1b: Miraidon\n|move|p1a: Volcarona|Quiver Dance|p1a: Volcarona\n|-boost|p1a: Volcarona|spa|1\n|-boost|p1a: Volcarona|spd|1\n|-boost|p1a: Volcarona|spe|1\n|move|p2a: Groudon|Precipice Blades|p1a: Volcarona\n|-resisted|p1a: Volcarona\n|-damage|p1a: Volcarona|29\/100\n|\n|-weather|SunnyDay|[upkeep]\n|upkeep\n|\n|t:|1722448814\n|switch|p1b: Iron Hands|Iron Hands, L50|50\/100\n|-activate|p1b: Iron Hands|ability: Quark Drive\n|-start|p1b: Iron Hands|quarkdriveatk\n|turn|5\n|\n|t:|1722448824\n|move|p1b: Iron Hands|Fake Out|p2a: Groudon\n|-damage|p2a: Groudon|56\/100\n|move|p2b: Flutter Mane|Moonblast|p1b: Iron Hands\n|-supereffective|p1b: Iron Hands\n|-crit|p1b: Iron Hands\n|-damage|p1b: Iron Hands|0 fnt\n|faint|p1b: Iron Hands\n|-end|p1b: Iron Hands|Quark Drive|[silent]\n|move|p1a: Volcarona|Fiery Dance|p2a: Groudon\n|-resisted|p2a: Groudon\n|-damage|p2a: Groudon|20\/100\n|cant|p2a: Groudon|flinch\n|\n|-weather|none\n|-end|p2b: Flutter Mane|Protosynthesis\n|-fieldend|move: Electric Terrain\n|upkeep\n|turn|6\n|inactive|Malooch has 30 seconds left.\n|\n|t:|1722448850\n|switch|p2a: Gouging Fire|Gouging Fire, L50|100\/100\n|move|p1a: Volcarona|Fiery Dance|p2a: Gouging Fire\n|-resisted|p2a: Gouging Fire\n|-damage|p2a: Gouging Fire|86\/100\n|-boost|p1a: Volcarona|spa|1\n|move|p2b: Flutter Mane|Moonblast|p1a: Volcarona\n|-damage|p1a: Volcarona|0 fnt\n|faint|p1a: Volcarona\n|\n|win|Krisuerte\n|raw|Malooch's rating: 1727 &rarr; <strong>1716<\/strong><br \/>(-11 for losing)\n|raw|Krisuerte's rating: 1895 &rarr; <strong>1906<\/strong><br \/>(+11 for winning)\n|l| shanehuang99\n|l|\u2606Malooch\n|player|p1|\n|l|\u2606Krisuerte\n|player|p2|\n","uploadtime":1722449036,"views":37,"formatid":"gen9vgc2024regg","rating":1716,"private":0,"password":null}