{"id":"gen9vgc2024regg-2170018669","format":"[Gen 9] VGC 2024 Reg G","players":["chuanOVO","monkeyflipping"],"log":"|j|\u2606chuanOVO\n|j|\u2606monkeyflipping\n|t:|1722329705\n|gametype|doubles\n|player|p1|chuanOVO|n|1676\n|player|p2|monkeyflipping|magmasuit|1789\n|teamsize|p1|6\n|teamsize|p2|6\n|gen|9\n|tier|[Gen 9] VGC 2024 Reg G\n|rated|\n|rule|Species Clause: Limit one of each Pok\u00e9mon\n|rule|Item Clause: Limit one of each item\n|clearpoke\n|poke|p1|Calyrex-Ice, L50|\n|poke|p1|Smeargle, L50, M|\n|poke|p1|Ursaluna-Bloodmoon, L50, M|\n|poke|p1|Urshifu-*, L50, M|\n|poke|p1|Ogerpon-Wellspring, L50, F|\n|poke|p1|Annihilape, L50, M|\n|poke|p2|Tornadus, L50, M|\n|poke|p2|Kyogre, L50|\n|poke|p2|Electivire, L50, M|\n|poke|p2|Rillaboom, L50, M|\n|poke|p2|Tsareena, L50, F|\n|poke|p2|Gholdengo, L50|\n|teampreview|4\n|inactive|Battle timer is ON: inactive players will automatically lose when time's up. (requested by monkeyflipping)\n|inactive|monkeyflipping has 60 seconds left.\n|inactive|monkeyflipping has 30 seconds left.\n|inactive|monkeyflipping has 20 seconds left.\n|inactive|monkeyflipping has 15 seconds left.\n|inactive|monkeyflipping has 10 seconds left.\n|inactive|monkeyflipping has 5 seconds left.\n|\n|t:|1722329795\n|start\n|switch|p1a: Smeargle|Smeargle, L50, M, shiny|100\/100\n|switch|p1b: Calyrex|Calyrex-Ice, L50|100\/100\n|switch|p2a: Tornadus|Tornadus, L50, M|100\/100\n|switch|p2b: Kyogre|Kyogre, L50|100\/100\n|-ability|p1b: Calyrex|As One\n|-ability|p1b: Calyrex|Unnerve\n|-weather|RainDance|[from] ability: Drizzle|[of] p2b: Kyogre\n|turn|1\n|inactive|monkeyflipping has 30 seconds left.\n|j| GameLurker69\n|inactive|chuanOVO has 30 seconds left.\n|inactive|monkeyflipping has 20 seconds left.\n|inactive|monkeyflipping has 15 seconds left.\n|\n|t:|1722329837\n|-terastallize|p2a: Tornadus|Flying\n|-terastallize|p1b: Calyrex|Water\n|move|p1a: Smeargle|Wide Guard|p1a: Smeargle\n|-singleturn|p1a: Smeargle|Wide Guard\n|move|p2b: Kyogre|Water Spout|p1b: Calyrex|[spread] \n|-activate|p1a: Smeargle|move: Wide Guard\n|-activate|p1b: Calyrex|move: Wide Guard\n|move|p2a: Tornadus|Bleakwind Storm|p1b: Calyrex|[spread] \n|-activate|p1a: Smeargle|move: Wide Guard\n|-activate|p1b: Calyrex|move: Wide Guard\n|move|p1b: Calyrex|Trick Room|p1b: Calyrex\n|-fieldstart|move: Trick Room|[of] p1b: Calyrex\n|\n|-weather|RainDance|[upkeep]\n|upkeep\n|turn|2\n|\n|t:|1722329857\n|switch|p2b: Electivire|Electivire, L50, M, shiny|100\/100\n|move|p1a: Smeargle|Wide Guard|p1a: Smeargle\n|-singleturn|p1a: Smeargle|Wide Guard\n|move|p1b: Calyrex|Glacial Lance|p2a: Tornadus|[spread] p2a,p2b\n|-supereffective|p2a: Tornadus\n|-enditem|p2a: Tornadus|Focus Sash\n|-damage|p2a: Tornadus|1\/100\n|-damage|p2b: Electivire|28\/100\n|move|p2a: Tornadus|Bleakwind Storm|p1b: Calyrex|[spread] \n|-activate|p1a: Smeargle|move: Wide Guard\n|-activate|p1b: Calyrex|move: Wide Guard\n|\n|-weather|RainDance|[upkeep]\n|upkeep\n|turn|3\n|\n|t:|1722329877\n|move|p2b: Electivire|Feint|p1a: Smeargle\n|-damage|p1a: Smeargle|85\/100\n|move|p1a: Smeargle|Decorate|p1b: Calyrex\n|-boost|p1b: Calyrex|atk|2\n|-boost|p1b: Calyrex|spa|2\n|move|p1b: Calyrex|Glacial Lance|p2b: Electivire|[spread] p2a,p2b\n|-supereffective|p2a: Tornadus\n|-damage|p2a: Tornadus|0 fnt\n|-damage|p2b: Electivire|0 fnt\n|faint|p2a: Tornadus\n|faint|p2b: Electivire\n|-ability|p1b: Calyrex|Chilling Neigh|boost\n|-boost|p1b: Calyrex|atk|2\n|\n|-weather|RainDance|[upkeep]\n|upkeep\n|\n|t:|1722329880\n|switch|p2b: 18Wheeler|Rillaboom, L50, M, shiny|100\/100\n|switch|p2a: Kyogre|Kyogre, L50|100\/100\n|-fieldstart|move: Grassy Terrain|[from] ability: Grassy Surge|[of] p2b: 18Wheeler\n|turn|4\n|\n|t:|1722329905\n|move|p1b: Calyrex|Protect|p1b: Calyrex\n|-singleturn|p1b: Calyrex|Protect\n|move|p1a: Smeargle|Wide Guard|p1a: Smeargle\n|-singleturn|p1a: Smeargle|Wide Guard\n|move|p2b: 18Wheeler|Fake Out|p1b: Calyrex\n|-activate|p1b: Calyrex|move: Protect\n|move|p2a: Kyogre|Origin Pulse|p1a: Smeargle|[spread] \n|-activate|p1a: Smeargle|move: Wide Guard\n|-activate|p1b: Calyrex|move: Wide Guard\n|\n|-weather|RainDance|[upkeep]\n|-heal|p1a: Smeargle|92\/100|[from] Grassy Terrain\n|upkeep\n|turn|5\n|j| bluestraggler02\n|j| rabbithorn01\n|\n|t:|1722329922\n|move|p1a: Smeargle|Wide Guard|p1a: Smeargle\n|-singleturn|p1a: Smeargle|Wide Guard\n|move|p1b: Calyrex|Glacial Lance|p2b: 18Wheeler|[spread] p2a,p2b\n|-resisted|p2a: Kyogre\n|-supereffective|p2b: 18Wheeler\n|-damage|p2a: Kyogre|6\/100\n|-damage|p2b: 18Wheeler|0 fnt\n|faint|p2b: 18Wheeler\n|-ability|p1b: Calyrex|Chilling Neigh|boost\n|-boost|p1b: Calyrex|atk|1\n|move|p2a: Kyogre|Origin Pulse|p1a: Smeargle|[spread] \n|-activate|p1a: Smeargle|move: Wide Guard\n|-activate|p1b: Calyrex|move: Wide Guard\n|\n|-weather|none\n|-heal|p1a: Smeargle|98\/100|[from] Grassy Terrain\n|-heal|p2a: Kyogre|12\/100|[from] Grassy Terrain\n|-fieldend|move: Trick Room\n|upkeep\n|turn|6\n|-message|monkeyflipping forfeited.\n|\n|win|chuanOVO\n|raw|chuanOVO's rating: 1676 &rarr; <strong>1702<\/strong><br \/>(+26 for winning)\n|raw|monkeyflipping's rating: 1789 &rarr; <strong>1763<\/strong><br \/>(-26 for losing)\n|l|\u2606monkeyflipping\n|player|p2|\n|l|\u2606chuanOVO\n|player|p1|\n","uploadtime":1722330075,"views":27,"formatid":"gen9vgc2024regg","rating":1702,"private":0,"password":null}