{"id":"gen9vgc2024regg-2170240289","format":"[Gen 9] VGC 2024 Reg G","players":["ArsenalDefeat","Krisuerte"],"log":"|j|\u2606ArsenalDefeat\n|j|\u2606Krisuerte\n|t:|1722359926\n|gametype|doubles\n|player|p1|ArsenalDefeat|blue|1739\n|player|p2|Krisuerte|265|1863\n|teamsize|p1|6\n|teamsize|p2|6\n|gen|9\n|tier|[Gen 9] VGC 2024 Reg G\n|rated|\n|rule|Species Clause: Limit one of each Pok\u00e9mon\n|rule|Item Clause: Limit one of each item\n|clearpoke\n|poke|p1|Calyrex-Shadow, L50|\n|poke|p1|Maushold, L50|\n|poke|p1|Tatsugiri-Droopy, L50, F|\n|poke|p1|Dondozo, L50, M|\n|poke|p1|Mienshao, L50, F|\n|poke|p1|Roaring Moon, L50|\n|poke|p2|Groudon, L50|\n|poke|p2|Gouging Fire, L50|\n|poke|p2|Raging Bolt, L50|\n|poke|p2|Flutter Mane, L50|\n|poke|p2|Walking Wake, L50|\n|poke|p2|Urshifu-*, L50, F|\n|teampreview|4\n|inactive|Battle timer is ON: inactive players will automatically lose when time's up. (requested by ArsenalDefeat)\n|\n|t:|1722359951\n|start\n|switch|p1a: Leptospirose|Maushold, L50|100\/100\n|switch|p1b: Violence|Calyrex-Shadow, L50|100\/100\n|switch|p2a: Groudon|Groudon, L50|100\/100\n|switch|p2b: Flutter Mane|Flutter Mane, L50|100\/100\n|-ability|p1b: Violence|As One\n|-ability|p1b: Violence|Unnerve\n|-weather|SunnyDay|[from] ability: Drought|[of] p2a: Groudon\n|-activate|p2b: Flutter Mane|ability: Protosynthesis\n|-start|p2b: Flutter Mane|protosynthesisspe\n|turn|1\n|\n|t:|1722359972\n|-terastallize|p1b: Violence|Ghost\n|move|p1a: Leptospirose|Follow Me|p1a: Leptospirose\n|-singleturn|p1a: Leptospirose|move: Follow Me\n|move|p1b: Violence|Astral Barrage|p2b: Flutter Mane|[spread] p2a,p2b\n|-supereffective|p2b: Flutter Mane\n|-damage|p2a: Groudon|28\/100\n|-enditem|p2b: Flutter Mane|Focus Sash\n|-damage|p2b: Flutter Mane|1\/100\n|move|p2a: Groudon|Precipice Blades|p1a: Leptospirose|[spread] p1a\n|-miss|p2a: Groudon|p1b: Violence\n|-damage|p1a: Leptospirose|34\/100\n|move|p2b: Flutter Mane|Trick Room|p2b: Flutter Mane\n|-fieldstart|move: Trick Room|[of] p2b: Flutter Mane\n|\n|-weather|SunnyDay|[upkeep]\n|upkeep\n|turn|2\n|inactive|ArsenalDefeat has 30 seconds left.\n|inactive|Krisuerte has 30 seconds left.\n|inactive|ArsenalDefeat has 20 seconds left.\n|\n|t:|1722360010\n|switch|p1a: Bass master|Dondozo, L50, M|100\/100\n|switch|p1b: Big Boss|Tatsugiri-Droopy, L50, F|100\/100\n|-activate|p1b: Big Boss|ability: Commander|[of] p1a: Bass master\n|-boost|p1a: Bass master|atk|2\n|-boost|p1a: Bass master|spa|2\n|-boost|p1a: Bass master|spe|2\n|-boost|p1a: Bass master|def|2\n|-boost|p1a: Bass master|spd|2\n|-end|p2b: Flutter Mane|Protosynthesis|[silent]\n|switch|p2b: Raging Bolt|Raging Bolt, L50|100\/100\n|-activate|p2b: Raging Bolt|ability: Protosynthesis\n|-start|p2b: Raging Bolt|protosynthesisspa\n|move|p2a: Groudon|Precipice Blades|p1b: Big Boss|[spread] \n|-miss|p2a: Groudon|p1b: Big Boss\n|-miss|p2a: Groudon|p1a: Bass master\n|\n|-weather|SunnyDay|[upkeep]\n|upkeep\n|turn|3\n|inactive|Krisuerte has 30 seconds left.\n|\n|t:|1722360039\n|switch|p2a: Urshifu|Urshifu, L50, F|100\/100\n|-terastallize|p2b: Raging Bolt|Electric\n|move|p1a: Bass master|Protect|p1a: Bass master\n|-singleturn|p1a: Bass master|Protect\n|move|p2b: Raging Bolt|Thunderbolt|p1a: Bass master\n|-activate|p1a: Bass master|move: Protect\n|\n|-weather|SunnyDay|[upkeep]\n|upkeep\n|turn|4\n|\n|t:|1722360055\n|move|p2b: Raging Bolt|Thunderbolt|p1a: Bass master\n|-supereffective|p1a: Bass master\n|-damage|p1a: Bass master|10\/100\n|move|p1a: Bass master|Body Press|p2a: Urshifu\n|-supereffective|p2a: Urshifu\n|-damage|p2a: Urshifu|15\/100\n|move|p2a: Urshifu|Wicked Blow|p1a: Bass master\n|-crit|p1a: Bass master\n|-damage|p1a: Bass master|0 fnt\n|faint|p1a: Bass master\n|\n|-weather|SunnyDay|[upkeep]\n|upkeep\n|\n|t:|1722360064\n|switch|p1a: Leptospirose|Maushold, L50|34\/100\n|turn|5\n|inactive|ArsenalDefeat has 30 seconds left.\n|\n|t:|1722360092\n|switch|p1a: Violence|Calyrex-Shadow, L50, tera:Ghost|100\/100\n|-ability|p1a: Violence|As One\n|-ability|p1a: Violence|Unnerve\n|move|p2b: Raging Bolt|Thunderbolt|p1a: Violence\n|-damage|p1a: Violence|14\/100\n|move|p2a: Urshifu|Wicked Blow|p1b: Big Boss\n|-crit|p1b: Big Boss\n|-damage|p1b: Big Boss|0 fnt\n|faint|p1b: Big Boss\n|\n|-weather|none\n|-end|p2b: Raging Bolt|Protosynthesis\n|-fieldend|move: Trick Room\n|upkeep\n|\n|t:|1722360103\n|switch|p1b: Leptospirose|Maushold, L50|34\/100\n|turn|6\n|\n|t:|1722360124\n|switch|p2a: Groudon|Groudon, L50|28\/100\n|-weather|SunnyDay|[from] ability: Drought|[of] p2a: Groudon\n|-activate|p2b: Raging Bolt|ability: Protosynthesis\n|-start|p2b: Raging Bolt|protosynthesisspa\n|move|p2b: Raging Bolt|Protect|p2b: Raging Bolt\n|-singleturn|p2b: Raging Bolt|Protect\n|move|p1b: Leptospirose|Follow Me|p1b: Leptospirose\n|-singleturn|p1b: Leptospirose|move: Follow Me\n|move|p1a: Violence|Astral Barrage|p2a: Groudon|[spread] p2a\n|-activate|p2b: Raging Bolt|move: Protect\n|-crit|p2a: Groudon\n|-damage|p2a: Groudon|0 fnt\n|faint|p2a: Groudon\n|-ability|p1a: Violence|Grim Neigh|boost\n|-boost|p1a: Violence|spa|1\n|\n|-weather|SunnyDay|[upkeep]\n|upkeep\n|\n|t:|1722360144\n|switch|p2a: Flutter Mane|Flutter Mane, L50|1\/100\n|-activate|p2a: Flutter Mane|ability: Protosynthesis\n|-start|p2a: Flutter Mane|protosynthesisspe\n|turn|7\n|inactive|Krisuerte has 30 seconds left.\n|inactive|Krisuerte has 20 seconds left.\n|inactive|Krisuerte has 15 seconds left.\n|\n|t:|1722360188\n|move|p1b: Leptospirose|Follow Me|p1b: Leptospirose\n|-singleturn|p1b: Leptospirose|move: Follow Me\n|move|p2a: Flutter Mane|Moonblast|p1b: Leptospirose\n|-damage|p1b: Leptospirose|0 fnt\n|faint|p1b: Leptospirose\n|move|p1a: Violence|Astral Barrage|p2a: Flutter Mane|[spread] p2a,p2b\n|-supereffective|p2a: Flutter Mane\n|-crit|p2b: Raging Bolt\n|-damage|p2a: Flutter Mane|0 fnt\n|-damage|p2b: Raging Bolt|0 fnt\n|faint|p2a: Flutter Mane\n|-end|p2a: Flutter Mane|Protosynthesis|[silent]\n|faint|p2b: Raging Bolt\n|-end|p2b: Raging Bolt|Protosynthesis|[silent]\n|-ability|p1a: Violence|Grim Neigh|boost\n|-boost|p1a: Violence|spa|2\n|\n|-weather|SunnyDay|[upkeep]\n|upkeep\n|\n|t:|1722360207\n|switch|p2b: Urshifu|Urshifu, L50, F|15\/100\n|turn|8\n|\n|t:|1722360213\n|move|p2b: Urshifu|Sucker Punch|p1a: Violence\n|-supereffective|p1a: Violence\n|-damage|p1a: Violence|0 fnt\n|faint|p1a: Violence\n|\n|win|Krisuerte\n|raw|ArsenalDefeat's rating: 1739 &rarr; <strong>1726<\/strong><br \/>(-13 for losing)\n|raw|Krisuerte's rating: 1863 &rarr; <strong>1876<\/strong><br \/>(+13 for winning)\n|l|\u2606Krisuerte\n|player|p2|\n|l|\u2606ArsenalDefeat\n|player|p1|\n","uploadtime":1722360221,"views":61,"formatid":"gen9vgc2024regg","rating":1726,"private":0,"password":null}