{"id":"gen9vgc2024regg-2170887026","format":"[Gen 9] VGC 2024 Reg G","players":["imaborat","Malooch"],"log":"|j|\u2606imaborat\n|j|\u2606Malooch\n|t:|1722448349\n|gametype|doubles\n|player|p1|imaborat|265|1745\n|player|p2|Malooch|265|1705\n|teamsize|p1|6\n|teamsize|p2|6\n|gen|9\n|tier|[Gen 9] VGC 2024 Reg G\n|rated|\n|rule|Species Clause: Limit one of each Pok\u00e9mon\n|rule|Item Clause: Limit one of each item\n|clearpoke\n|poke|p1|Grafaiai, L50, M|\n|poke|p1|Indeedee, L50, M|\n|poke|p1|Calyrex-Shadow, L50|\n|poke|p1|Azumarill, L50, M|\n|poke|p1|Volcarona, L50, F|\n|poke|p1|Whimsicott, L50, M|\n|poke|p2|Miraidon, L50|\n|poke|p2|Urshifu-*, L50, M|\n|poke|p2|Grimmsnarl, L50, M|\n|poke|p2|Iron Hands, L50|\n|poke|p2|Volcarona, L50, M|\n|poke|p2|Kingambit, L50, F|\n|teampreview|4\n|inactive|Battle timer is ON: inactive players will automatically lose when time's up. (requested by imaborat)\n|j| shanehuang99\n|inactive|imaborat has 60 seconds left.\n|inactive|Malooch has 60 seconds left.\n|c|\u2606imaborat|this matchup is rough\n|inactive|Malooch has 30 seconds left.\n|inactive|Malooch has 20 seconds left.\n|inactive|Malooch has 15 seconds left.\n|\n|t:|1722448429\n|start\n|switch|p1a: Grafaiai|Grafaiai, L50, M|100\/100\n|switch|p1b: Volcarona|Volcarona, L50, F|100\/100\n|switch|p2a: Miraidon|Miraidon, L50|100\/100\n|switch|p2b: Kingambit|Kingambit, L50, F|100\/100\n|-fieldstart|move: Electric Terrain|[from] ability: Hadron Engine|[of] p2a: Miraidon\n|turn|1\n|\n|t:|1722448451\n|switch|p2b: Grimmsnarl|Grimmsnarl, L50, M|100\/100\n|-terastallize|p2a: Miraidon|Electric\n|-terastallize|p1b: Volcarona|Dragon\n|move|p2a: Miraidon|Volt Switch|p1a: Grafaiai\n|-damage|p1a: Grafaiai|0 fnt\n|faint|p1a: Grafaiai\n|\n|t:|1722448470\n|switch|p2a: Kingambit|Kingambit, L50, F|100\/100|[from] Volt Switch\n|move|p1b: Volcarona|Quiver Dance|p1b: Volcarona\n|-boost|p1b: Volcarona|spa|1\n|-boost|p1b: Volcarona|spd|1\n|-boost|p1b: Volcarona|spe|1\n|\n|upkeep\n|\n|t:|1722448489\n|switch|p1a: Calyrex|Calyrex-Shadow, L50|100\/100\n|-ability|p1a: Calyrex|As One\n|-ability|p1a: Calyrex|Unnerve\n|turn|2\n|\n|t:|1722448506\n|move|p1a: Calyrex|Protect|p1a: Calyrex\n|-singleturn|p1a: Calyrex|Protect\n|move|p2b: Grimmsnarl|Light Screen|p2b: Grimmsnarl\n|-sidestart|p2: Malooch|move: Light Screen\n|move|p1b: Volcarona|Quiver Dance|p1b: Volcarona\n|-boost|p1b: Volcarona|spa|1\n|-boost|p1b: Volcarona|spd|1\n|-boost|p1b: Volcarona|spe|1\n|move|p2a: Kingambit|Kowtow Cleave|p1b: Volcarona\n|-damage|p1b: Volcarona|45\/100\n|-enditem|p1b: Volcarona|Sitrus Berry|[eat]\n|-heal|p1b: Volcarona|70\/100|[from] item: Sitrus Berry\n|\n|upkeep\n|turn|3\n|\n|t:|1722448525\n|switch|p1a: Indeedee|Indeedee, L50, M|100\/100\n|-fieldstart|move: Psychic Terrain|[from] ability: Psychic Surge|[of] p1a: Indeedee\n|move|p1b: Volcarona|Flamethrower|p2a: Kingambit\n|-supereffective|p2a: Kingambit\n|-damage|p2a: Kingambit|0 fnt\n|faint|p2a: Kingambit\n|move|p2b: Grimmsnarl|Spirit Break|p1b: Volcarona\n|-supereffective|p1b: Volcarona\n|-damage|p1b: Volcarona|0 fnt\n|-status|p2b: Grimmsnarl|brn|[from] ability: Flame Body|[of] p1b: Volcarona\n|faint|p1b: Volcarona\n|\n|-damage|p2b: Grimmsnarl|95\/100 brn|[from] brn\n|upkeep\n|\n|t:|1722448545\n|switch|p1b: Calyrex|Calyrex-Shadow, L50|100\/100\n|switch|p2a: Miraidon|Miraidon, L50, tera:Electric|100\/100\n|-ability|p1b: Calyrex|As One\n|-ability|p1b: Calyrex|Unnerve\n|-fieldstart|move: Electric Terrain|[from] ability: Hadron Engine|[of] p2a: Miraidon\n|turn|4\n|\n|t:|1722448565\n|move|p2b: Grimmsnarl|Thunder Wave|p1b: Calyrex\n|-status|p1b: Calyrex|par\n|move|p1a: Indeedee|Hyper Voice|p2a: Miraidon|[spread] p2a,p2b\n|-damage|p2a: Miraidon|83\/100\n|-damage|p2b: Grimmsnarl|78\/100 brn\n|move|p2a: Miraidon|Electro Drift|p1a: Indeedee\n|-damage|p1a: Indeedee|0 fnt\n|faint|p1a: Indeedee\n|move|p1b: Calyrex|Astral Barrage|p2a: Miraidon|[spread] p2a,p2b\n|-resisted|p2b: Grimmsnarl\n|-damage|p2a: Miraidon|46\/100\n|-damage|p2b: Grimmsnarl|57\/100 brn\n|-damage|p1b: Calyrex|91\/100 par|[from] item: Life Orb\n|\n|-damage|p2b: Grimmsnarl|51\/100 brn|[from] brn\n|upkeep\n|turn|5\n|-message|imaborat forfeited.\n|\n|win|Malooch\n|raw|imaborat's rating: 1745 &rarr; <strong>1723<\/strong><br \/>(-22 for losing)\n|raw|Malooch's rating: 1705 &rarr; <strong>1727<\/strong><br \/>(+22 for winning)\n|l|\u2606imaborat\n|player|p1|\n|l|\u2606Malooch\n|player|p2|\n|l| shanehuang99\n","uploadtime":1722448757,"views":40,"formatid":"gen9vgc2024regg","rating":1723,"private":0,"password":null}