{"id":"gen9vgc2024regg-2170029571","format":"[Gen 9] VGC 2024 Reg G","players":["SERENA2024","chin8"],"log":"|j|\u2606SERENA2024\n|j|\u2606chin8\n|t:|1722331847\n|gametype|doubles\n|player|p1|SERENA2024|iono|1685\n|player|p2|chin8|gentleman-gen4dp|1713\n|teamsize|p1|6\n|teamsize|p2|6\n|gen|9\n|tier|[Gen 9] VGC 2024 Reg G\n|rated|\n|rule|Species Clause: Limit one of each Pok\u00e9mon\n|rule|Item Clause: Limit one of each item\n|clearpoke\n|poke|p1|Calyrex-Shadow, L50|\n|poke|p1|Maushold, L50|\n|poke|p1|Tatsugiri-Droopy, L50, F|\n|poke|p1|Dondozo, L50, F|\n|poke|p1|Weezing-Galar, L50, F|\n|poke|p1|Urshifu-*, L50, F|\n|poke|p2|Entei, L50|\n|poke|p2|Gastrodon, L50, M|\n|poke|p2|Zamazenta-*, L50|\n|poke|p2|Chien-Pao, L50|\n|poke|p2|Grimmsnarl, L50, M|\n|poke|p2|Rhydon, L50, M|\n|teampreview|4\n|inactive|Battle timer is ON: inactive players will automatically lose when time's up. (requested by chin8)\n|\n|t:|1722331884\n|start\n|switch|p1a: Calyrex|Calyrex-Shadow, L50|100\/100\n|switch|p1b: Maushold|Maushold, L50, shiny|100\/100\n|switch|p2a: Grimmsnarl|Grimmsnarl, L50, M|100\/100\n|switch|p2b: Entei|Entei, L50|100\/100\n|-ability|p1a: Calyrex|As One\n|-ability|p1a: Calyrex|Unnerve\n|turn|1\n|inactive|chin8 has 30 seconds left.\n|\n|t:|1722331916\n|move|p1b: Maushold|Helping Hand|p1a: Calyrex\n|-singleturn|p1a: Calyrex|Helping Hand|[of] p1b: Maushold\n|move|p2a: Grimmsnarl|Reflect|p2a: Grimmsnarl\n|-sidestart|p2: chin8|Reflect\n|move|p1a: Calyrex|Psychic|p2b: Entei\n|-damage|p2b: Entei|25\/100\n|move|p2b: Entei|Snarl|p1a: Calyrex|[spread] p1a,p1b\n|-supereffective|p1a: Calyrex\n|-damage|p1a: Calyrex|75\/100\n|-damage|p1b: Maushold|91\/100\n|-unboost|p1a: Calyrex|spa|1\n|-unboost|p1b: Maushold|spa|1\n|\n|upkeep\n|turn|2\n|inactive|SERENA2024 has 30 seconds left.\n|\n|t:|1722331942\n|switch|p1a: Weezing|Weezing-Galar, L50, F, shiny|100\/100\n|-ability|p1a: Weezing|Neutralizing Gas\n|move|p1b: Maushold|Protect|p1b: Maushold\n|-singleturn|p1b: Maushold|Protect\n|move|p2b: Entei|Snarl|p1b: Maushold|[spread] p1a\n|-activate|p1b: Maushold|move: Protect\n|-resisted|p1a: Weezing\n|-damage|p1a: Weezing|96\/100\n|move|p2a: Grimmsnarl|Light Screen|p2a: Grimmsnarl\n|-sidestart|p2: chin8|move: Light Screen\n|\n|upkeep\n|turn|3\n|\n|t:|1722331954\n|move|p1b: Maushold|Feint|p2a: Grimmsnarl\n|-damage|p2a: Grimmsnarl|94\/100\n|move|p2b: Entei|Sacred Fire|p1a: Weezing\n|-damage|p1a: Weezing|61\/100\n|move|p1a: Weezing|Poison Gas|p2a: Grimmsnarl|[spread] p2b\n|-miss|p1a: Weezing|p2a: Grimmsnarl\n|-status|p2b: Entei|psn\n|move|p2a: Grimmsnarl|Foul Play|p1b: Maushold\n|-damage|p1b: Maushold|69\/100\n|-damage|p2a: Grimmsnarl|78\/100|[from] item: Rocky Helmet|[of] p1b: Maushold\n|\n|-damage|p2b: Entei|13\/100 psn|[from] psn\n|upkeep\n|turn|4\n|\n|t:|1722331973\n|move|p1b: Maushold|Feint|p2b: Entei\n|-damage|p2b: Entei|8\/100 psn\n|move|p2b: Entei|Sacred Fire|p1a: Weezing\n|-damage|p1a: Weezing|22\/100\n|move|p1a: Weezing|Toxic Spikes|p2a: Grimmsnarl\n|-sidestart|p2: chin8|move: Toxic Spikes\n|move|p2a: Grimmsnarl|Foul Play|p1b: Maushold\n|-damage|p1b: Maushold|47\/100\n|-damage|p2a: Grimmsnarl|61\/100|[from] item: Rocky Helmet|[of] p1b: Maushold\n|\n|-damage|p2b: Entei|0 fnt|[from] psn\n|faint|p2b: Entei\n|upkeep\n|\n|t:|1722331980\n|switch|p2b: Zamazenta|Zamazenta-Crowned, L50|100\/100\n|turn|5\n|\n|t:|1722331993\n|move|p1b: Maushold|Follow Me|p1b: Maushold\n|-singleturn|p1b: Maushold|move: Follow Me\n|move|p2b: Zamazenta|Iron Defense|p2b: Zamazenta\n|-boost|p2b: Zamazenta|def|2\n|move|p1a: Weezing|Poison Gas|p2b: Zamazenta|[spread] p2a,p2b\n|-status|p2a: Grimmsnarl|psn\n|-immune|p2b: Zamazenta\n|move|p2a: Grimmsnarl|Foul Play|p1b: Maushold\n|-damage|p1b: Maushold|22\/100\n|-damage|p2a: Grimmsnarl|45\/100 psn|[from] item: Rocky Helmet|[of] p1b: Maushold\n|\n|-damage|p2a: Grimmsnarl|33\/100 psn|[from] psn\n|upkeep\n|turn|6\n|\n|t:|1722332009\n|move|p1b: Maushold|Follow Me|p1b: Maushold\n|-singleturn|p1b: Maushold|move: Follow Me\n|move|p2b: Zamazenta|Heavy Slam|p1b: Maushold\n|-damage|p1b: Maushold|0 fnt\n|-damage|p2b: Zamazenta|84\/100|[from] item: Rocky Helmet|[of] p1b: Maushold\n|faint|p1b: Maushold\n|move|p1a: Weezing|Strange Steam|p2b: Zamazenta\n|-damage|p2b: Zamazenta|72\/100\n|move|p2a: Grimmsnarl|Foul Play|p1a: Weezing\n|-resisted|p1a: Weezing\n|-damage|p1a: Weezing|11\/100\n|\n|-damage|p2a: Grimmsnarl|20\/100 psn|[from] psn\n|upkeep\n|\n|t:|1722332029\n|switch|p1b: Urshifu|Urshifu-Rapid-Strike, L50, F|100\/100\n|turn|7\n|\n|t:|1722332040\n|switch|p2a: Rhydon|Rhydon, L50, M|100\/100\n|-status|p2a: Rhydon|psn\n|move|p1b: Urshifu|Surging Strikes|p2b: Zamazenta\n|-crit|p2b: Zamazenta\n|-damage|p2b: Zamazenta|61\/100\n|-crit|p2b: Zamazenta\n|-damage|p2b: Zamazenta|48\/100\n|-crit|p2b: Zamazenta\n|-damage|p2b: Zamazenta|36\/100\n|-hitcount|p2b: Zamazenta|3\n|move|p2b: Zamazenta|Body Press|p1b: Urshifu\n|-damage|p1b: Urshifu|7\/100\n|move|p1a: Weezing|Strange Steam|p2a: Rhydon\n|-damage|p2a: Rhydon|88\/100 psn\n|\n|-damage|p2a: Rhydon|75\/100 psn|[from] psn\n|upkeep\n|turn|8\n|-message|chin8 forfeited.\n|\n|win|SERENA2024\n|raw|SERENA2024's rating: 1685 &rarr; <strong>1707<\/strong><br \/>(+22 for winning)\n|raw|chin8's rating: 1713 &rarr; <strong>1691<\/strong><br \/>(-22 for losing)\n|l|\u2606chin8\n|player|p2|\n|l|\u2606SERENA2024\n|player|p1|\n","uploadtime":1722332308,"views":25,"formatid":"gen9vgc2024regg","rating":1691,"private":0,"password":null}