{"id":"gen9vgc2024regg-2170508264","format":"[Gen 9] VGC 2024 Reg G","players":["Moon7777","VVVincenTTT"],"log":"|j|\u2606Moon7777\n|j|\u2606VVVincenTTT\n|t:|1722391767\n|gametype|doubles\n|player|p1|Moon7777|1|1745\n|player|p2|VVVincenTTT|cyrus|1695\n|teamsize|p1|6\n|teamsize|p2|6\n|gen|9\n|tier|[Gen 9] VGC 2024 Reg G\n|rated|\n|rule|Species Clause: Limit one of each Pok\u00e9mon\n|rule|Item Clause: Limit one of each item\n|clearpoke\n|poke|p1|Whimsicott, L50, F|\n|poke|p1|Miraidon, L50|\n|poke|p1|Urshifu-*, L50, M|\n|poke|p1|Iron Leaves, L50|\n|poke|p1|Incineroar, L50, F|\n|poke|p1|Iron Hands, L50|\n|poke|p2|Kyogre, L50|\n|poke|p2|Electabuzz, L50, M|\n|poke|p2|Rillaboom, L50, M|\n|poke|p2|Tornadus, L50, M|\n|poke|p2|Archaludon, L50, F|\n|poke|p2|Tsareena, L50, F|\n|teampreview|4\n|inactive|Battle timer is ON: inactive players will automatically lose when time's up. (requested by Moon7777)\n|\n|t:|1722391834\n|start\n|switch|p1a: Miraidon|Miraidon, L50|100\/100\n|switch|p1b: Urshifu|Urshifu-Rapid-Strike, L50, M|100\/100\n|switch|p2a: Tornadus|Tornadus, L50, M|100\/100\n|switch|p2b: Rillaboom|Rillaboom, L50, M|100\/100\n|-fieldstart|move: Electric Terrain|[from] ability: Hadron Engine|[of] p1a: Miraidon\n|-fieldstart|move: Grassy Terrain|[from] ability: Grassy Surge|[of] p2b: Rillaboom\n|turn|1\n|j| carlinss\n|j| jeskyv2\n|inactive|VVVincenTTT has 30 seconds left.\n|inactive|VVVincenTTT has 20 seconds left.\n|inactive|VVVincenTTT has 15 seconds left.\n|\n|t:|1722391875\n|switch|p1b: Whimsicott|Whimsicott, L50, F|100\/100\n|move|p2b: Rillaboom|Fake Out|p1a: Miraidon\n|-damage|p1a: Miraidon|84\/100\n|cant|p1a: Miraidon|flinch\n|move|p2a: Tornadus|Bleakwind Storm|p1b: Whimsicott|[spread] p1a,p1b\n|-resisted|p1a: Miraidon\n|-supereffective|p1b: Whimsicott\n|-damage|p1a: Miraidon|66\/100\n|-damage|p1b: Whimsicott|21\/100\n|\n|-heal|p1a: Miraidon|72\/100|[from] Grassy Terrain\n|-heal|p1b: Whimsicott|27\/100|[from] Grassy Terrain\n|upkeep\n|turn|2\n|j| WolfKiba\n|inactive|VVVincenTTT has 30 seconds left.\n|\n|t:|1722391900\n|switch|p2a: Tsareena|Tsareena, L50, F|100\/100\n|-terastallize|p2b: Rillaboom|Ground\n|move|p1b: Whimsicott|Encore||[still]\n|cant|p2a: Tsareena|ability: Queenly Majesty|Encore|[of] p1b: Whimsicott\n|move|p1a: Miraidon|Volt Switch|p2a: Tsareena\n|-resisted|p2a: Tsareena\n|-damage|p2a: Tsareena|66\/100\n|\n|t:|1722391913\n|switch|p1a: Iron Hands|Iron Hands, L50|100\/100|[from] Volt Switch\n|move|p2b: Rillaboom|High Horsepower|p1a: Iron Hands\n|-supereffective|p1a: Iron Hands\n|-damage|p1a: Iron Hands|35\/100\n|\n|-heal|p1b: Whimsicott|33\/100|[from] Grassy Terrain\n|-heal|p2a: Tsareena|72\/100|[from] Grassy Terrain\n|-heal|p1a: Iron Hands|41\/100|[from] Grassy Terrain\n|upkeep\n|turn|3\n|\n|t:|1722391931\n|move|p1a: Iron Hands|Protect|p1a: Iron Hands\n|-singleturn|p1a: Iron Hands|Protect\n|move|p1b: Whimsicott|Tailwind|p1b: Whimsicott\n|-sidestart|p1: Moon7777|move: Tailwind\n|move|p2a: Tsareena|Triple Axel|p1b: Whimsicott\n|-supereffective|p1b: Whimsicott\n|-damage|p1b: Whimsicott|15\/100\n|-supereffective|p1b: Whimsicott\n|-damage|p1b: Whimsicott|0 fnt\n|faint|p1b: Whimsicott\n|-hitcount|p1: Whimsicott|2\n|move|p2b: Rillaboom|High Horsepower|p1a: Iron Hands\n|-activate|p1a: Iron Hands|move: Protect\n|\n|-heal|p1a: Iron Hands|48\/100|[from] Grassy Terrain\n|-heal|p2a: Tsareena|78\/100|[from] Grassy Terrain\n|upkeep\n|\n|t:|1722391943\n|switch|p1b: Miraidon|Miraidon, L50|72\/100\n|-fieldstart|move: Electric Terrain|[from] ability: Hadron Engine|[of] p1b: Miraidon\n|-activate|p1a: Iron Hands|ability: Quark Drive\n|-start|p1a: Iron Hands|quarkdriveatk\n|-enditem|p1a: Iron Hands|Electric Seed\n|-boost|p1a: Iron Hands|def|1|[from] item: Electric Seed\n|turn|4\n|inactive|VVVincenTTT has 30 seconds left.\n|\n|t:|1722391970\n|-terastallize|p1b: Miraidon|Fairy\n|move|p2a: Tsareena|Protect|p2a: Tsareena\n|-singleturn|p2a: Tsareena|Protect\n|move|p1b: Miraidon|Dazzling Gleam|p2a: Tsareena|[spread] p2b\n|-activate|p2a: Tsareena|move: Protect\n|-damage|p2b: Rillaboom|55\/100\n|move|p1a: Iron Hands|Drain Punch|p2b: Rillaboom\n|-damage|p2b: Rillaboom|10\/100\n|-heal|p1a: Iron Hands|65\/100|[from] drain|[of] p2b: Rillaboom\n|move|p2b: Rillaboom|High Horsepower|p1b: Miraidon\n|-damage|p1b: Miraidon|16\/100\n|\n|upkeep\n|turn|5\n|inactive|VVVincenTTT has 30 seconds left.\n|\n|t:|1722391999\n|switch|p2b: Tornadus|Tornadus, L50, M|100\/100\n|move|p1b: Miraidon|Dazzling Gleam|p2a: Tsareena|[spread] p2a,p2b\n|-damage|p2a: Tsareena|0 fnt\n|-damage|p2b: Tornadus|11\/100\n|faint|p2a: Tsareena\n|move|p1a: Iron Hands|Drain Punch|p2b: Tornadus\n|-resisted|p2b: Tornadus\n|-damage|p2b: Tornadus|0 fnt\n|-heal|p1a: Iron Hands|68\/100|[from] drain|[of] p2b: Tornadus\n|faint|p2b: Tornadus\n|\n|upkeep\n|\n|t:|1722392011\n|switch|p2b: Kyogre|Kyogre, L50|100\/100\n|switch|p2a: Rillaboom|Rillaboom, L50, M, tera:Ground|10\/100\n|-weather|RainDance|[from] ability: Drizzle|[of] p2b: Kyogre\n|-fieldstart|move: Grassy Terrain|[from] ability: Grassy Surge|[of] p2a: Rillaboom\n|-end|p1a: Iron Hands|Quark Drive\n|turn|6\n|\n|t:|1722392030\n|move|p1a: Iron Hands|Protect|p1a: Iron Hands\n|-singleturn|p1a: Iron Hands|Protect\n|move|p2a: Rillaboom|Fake Out|p1b: Miraidon\n|-damage|p1b: Miraidon|0 fnt\n|faint|p1b: Miraidon\n|move|p2b: Kyogre|Water Spout|p1a: Iron Hands\n|-activate|p1a: Iron Hands|move: Protect\n|\n|-weather|RainDance|[upkeep]\n|-heal|p1a: Iron Hands|74\/100|[from] Grassy Terrain\n|-heal|p2a: Rillaboom|16\/100|[from] Grassy Terrain\n|-sideend|p1: Moon7777|move: Tailwind\n|upkeep\n|\n|t:|1722392032\n|switch|p1b: Urshifu|Urshifu-Rapid-Strike, L50, M|100\/100\n|turn|7\n|\n|t:|1722392051\n|move|p1b: Urshifu|Aqua Jet|p2a: Rillaboom\n|-supereffective|p2a: Rillaboom\n|-damage|p2a: Rillaboom|0 fnt\n|faint|p2a: Rillaboom\n|move|p2b: Kyogre|Water Spout|p1b: Urshifu|[spread] p1a,p1b\n|-resisted|p1b: Urshifu\n|-damage|p1a: Iron Hands|2\/100\n|-damage|p1b: Urshifu|27\/100\n|move|p1a: Iron Hands|Thunder Punch|p2b: Kyogre\n|-supereffective|p2b: Kyogre\n|-damage|p2b: Kyogre|11\/100\n|\n|-weather|RainDance|[upkeep]\n|-heal|p2b: Kyogre|17\/100|[from] Grassy Terrain\n|-heal|p1b: Urshifu|32\/100|[from] Grassy Terrain\n|-heal|p1a: Iron Hands|8\/100|[from] Grassy Terrain\n|upkeep\n|turn|8\n|\n|t:|1722392069\n|move|p1a: Iron Hands|Protect|p1a: Iron Hands\n|-singleturn|p1a: Iron Hands|Protect\n|move|p1b: Urshifu|Aqua Jet|p2b: Kyogre\n|-resisted|p2b: Kyogre\n|-damage|p2b: Kyogre|0 fnt\n|faint|p2b: Kyogre\n|\n|win|Moon7777\n|raw|Moon7777's rating: 1745 &rarr; <strong>1762<\/strong><br \/>(+17 for winning)\n|raw|VVVincenTTT's rating: 1695 &rarr; <strong>1678<\/strong><br \/>(-17 for losing)\n|l| carlinss\n|l|\u2606Moon7777\n|player|p1|\n|l|\u2606VVVincenTTT\n|player|p2|\n","uploadtime":1722392287,"views":35,"formatid":"gen9vgc2024regg","rating":1678,"private":0,"password":null}