{"id":"gen9vgc2024regg-2170070719","format":"[Gen 9] VGC 2024 Reg G","players":["a12147839","Vanonomous"],"log":"|j|\u2606a12147839\n|j|\u2606Vanonomous\n|t:|1722339231\n|gametype|doubles\n|player|p1|a12147839|265|1712\n|player|p2|Vanonomous|ghetsis-gen5bw|1653\n|teamsize|p1|6\n|teamsize|p2|6\n|gen|9\n|tier|[Gen 9] VGC 2024 Reg G\n|rated|\n|rule|Species Clause: Limit one of each Pok\u00e9mon\n|rule|Item Clause: Limit one of each item\n|clearpoke\n|poke|p1|Calyrex-Shadow, L50|\n|poke|p1|Murkrow, L50, M|\n|poke|p1|Chi-Yu, L50|\n|poke|p1|Urshifu-*, L50, F|\n|poke|p1|Smeargle, L50, M|\n|poke|p1|Indeedee-F, L50, F|\n|poke|p2|Zamazenta-*, L50|\n|poke|p2|Rillaboom, L50, F|\n|poke|p2|Moltres-Galar, L50|\n|poke|p2|Latios, L50, M|\n|poke|p2|Tyranitar, L50, M|\n|poke|p2|Flutter Mane, L50|\n|teampreview|4\n|inactive|Battle timer is ON: inactive players will automatically lose when time's up. (requested by a12147839)\n|inactive|Vanonomous has 60 seconds left.\n|inactive|Vanonomous has 30 seconds left.\n|inactive|Vanonomous has 20 seconds left.\n|\n|t:|1722339305\n|start\n|switch|p1a: Smeargle|Smeargle, L50, M|100\/100\n|switch|p1b: Calyrex|Calyrex-Shadow, L50|100\/100\n|switch|p2a: Tyranitar|Tyranitar, L50, M|100\/100\n|switch|p2b: Zamazenta|Zamazenta-Crowned, L50|100\/100\n|-ability|p1b: Calyrex|As One\n|-ability|p1b: Calyrex|Unnerve\n|-ability|p2b: Zamazenta|Dauntless Shield|boost\n|-boost|p2b: Zamazenta|def|1\n|-weather|Sandstorm|[from] ability: Sand Stream|[of] p2a: Tyranitar\n|turn|1\n|inactive|Vanonomous has 30 seconds left.\n|\n|t:|1722339334\n|-terastallize|p1b: Calyrex|Fairy\n|move|p2b: Zamazenta|Protect|p2b: Zamazenta\n|-singleturn|p2b: Zamazenta|Protect\n|move|p1b: Calyrex|Nasty Plot|p1b: Calyrex\n|-boost|p1b: Calyrex|spa|2\n|move|p1a: Smeargle|Spore|p2b: Zamazenta\n|-activate|p2b: Zamazenta|move: Protect\n|move|p2a: Tyranitar|Knock Off|p1b: Calyrex\n|-resisted|p1b: Calyrex\n|-damage|p1b: Calyrex|64\/100\n|-enditem|p1b: Calyrex|Focus Sash|[from] move: Knock Off|[of] p2a: Tyranitar\n|\n|-weather|Sandstorm|[upkeep]\n|-damage|p1b: Calyrex|59\/100|[from] Sandstorm\n|-damage|p1a: Smeargle|94\/100|[from] Sandstorm\n|-ability|p1a: Smeargle|Moody|boost\n|-boost|p1a: Smeargle|spe|2\n|-unboost|p1a: Smeargle|def|1\n|upkeep\n|turn|2\n|inactive|a12147839 has 30 seconds left.\n|l|\u2606a12147839\n|inactive|a12147839 disconnected and has a minute to reconnect!\n|player|p1|\n|inactive|a12147839 has 20 seconds left.\n|inactive|a12147839 has 15 seconds left.\n|j| dullb0y da cabiuna\n|j|\u2606a12147839\n|inactive|a12147839 reconnected and has 15 seconds left.\n|player|p1|a12147839|265|\n|inactive|a12147839 has 10 seconds left.\n|\n|t:|1722339384\n|move|p2b: Zamazenta|Wide Guard|p2b: Zamazenta\n|-singleturn|p2b: Zamazenta|Wide Guard\n|move|p1a: Smeargle|Follow Me|p1a: Smeargle\n|-singleturn|p1a: Smeargle|move: Follow Me\n|move|p1b: Calyrex|Draining Kiss|p2a: Tyranitar\n|-supereffective|p2a: Tyranitar\n|-damage|p2a: Tyranitar|2\/100\n|-heal|p1b: Calyrex|100\/100|[from] drain|[of] p2a: Tyranitar\n|move|p2a: Tyranitar|Rock Slide|p1b: Calyrex|[spread] p1a,p1b\n|-damage|p1a: Smeargle|0 fnt\n|-damage|p1b: Calyrex|59\/100\n|faint|p1a: Smeargle\n|\n|-weather|Sandstorm|[upkeep]\n|-damage|p1b: Calyrex|54\/100|[from] Sandstorm\n|upkeep\n|\n|t:|1722339399\n|switch|p1a: Chi-Yu|Chi-Yu, L50|100\/100\n|-ability|p1a: Chi-Yu|Beads of Ruin\n|turn|3\n|\n|t:|1722339412\n|move|p2b: Zamazenta|Wide Guard|p2b: Zamazenta\n|-singleturn|p2b: Zamazenta|Wide Guard\n|move|p1b: Calyrex|Draining Kiss|p2b: Zamazenta\n|-damage|p2b: Zamazenta|25\/100\n|-heal|p1b: Calyrex|100\/100|[from] drain|[of] p2b: Zamazenta\n|move|p1a: Chi-Yu|Heat Wave|p2a: Tyranitar|[spread] \n|-activate|p2a: Tyranitar|move: Wide Guard\n|-activate|p2b: Zamazenta|move: Wide Guard\n|move|p2a: Tyranitar|Rock Slide|p1a: Chi-Yu|[spread] p1a,p1b\n|-supereffective|p1a: Chi-Yu\n|-damage|p1a: Chi-Yu|0 fnt\n|-damage|p1b: Calyrex|62\/100\n|faint|p1a: Chi-Yu\n|\n|-weather|Sandstorm|[upkeep]\n|-damage|p1b: Calyrex|57\/100|[from] Sandstorm\n|upkeep\n|\n|t:|1722339427\n|switch|p1a: Indeedee|Indeedee-F, L50, F|100\/100\n|-fieldstart|move: Psychic Terrain|[from] ability: Psychic Surge|[of] p1a: Indeedee\n|turn|4\n|\n|t:|1722339441\n|move|p1a: Indeedee|Follow Me|p1a: Indeedee\n|-singleturn|p1a: Indeedee|move: Follow Me\n|move|p1b: Calyrex|Draining Kiss|p2b: Zamazenta\n|-damage|p2b: Zamazenta|0 fnt\n|-heal|p1b: Calyrex|76\/100|[from] drain|[of] p2b: Zamazenta\n|faint|p2b: Zamazenta\n|-ability|p1b: Calyrex|Grim Neigh|boost\n|-boost|p1b: Calyrex|spa|1\n|move|p2a: Tyranitar|Knock Off|p1a: Indeedee\n|-supereffective|p1a: Indeedee\n|-damage|p1a: Indeedee|0 fnt\n|-enditem|p1a: Indeedee|Safety Goggles|[from] move: Knock Off|[of] p2a: Tyranitar\n|faint|p1a: Indeedee\n|\n|-weather|Sandstorm|[upkeep]\n|-damage|p1b: Calyrex|71\/100|[from] Sandstorm\n|upkeep\n|inactive|Vanonomous has 30 seconds left.\n|\n|t:|1722339467\n|switch|p2b: Flutter Mane|Flutter Mane, L50|100\/100\n|-enditem|p2b: Flutter Mane|Booster Energy\n|-activate|p2b: Flutter Mane|ability: Protosynthesis|[fromitem]\n|-start|p2b: Flutter Mane|protosynthesisspe\n|turn|5\n|\n|t:|1722339477\n|move|p2b: Flutter Mane|Thunder Wave|p1b: Calyrex\n|-status|p1b: Calyrex|par\n|move|p2a: Tyranitar|Rock Slide|p1b: Calyrex|[miss]\n|-miss|p2a: Tyranitar|p1b: Calyrex\n|move|p1b: Calyrex|Astral Barrage|p2a: Tyranitar|[spread] p2a,p2b\n|-resisted|p2a: Tyranitar\n|-supereffective|p2b: Flutter Mane\n|-damage|p2a: Tyranitar|0 fnt\n|-damage|p2b: Flutter Mane|0 fnt\n|faint|p2a: Tyranitar\n|faint|p2b: Flutter Mane\n|-end|p2b: Flutter Mane|Protosynthesis|[silent]\n|-ability|p1b: Calyrex|Grim Neigh|boost\n|-boost|p1b: Calyrex|spa|2\n|\n|-weather|none\n|upkeep\n|\n|t:|1722339487\n|switch|p2b: Rillaboom|Rillaboom, L50, F|100\/100\n|-fieldstart|move: Grassy Terrain|[from] ability: Grassy Surge|[of] p2b: Rillaboom\n|turn|6\n|\n|t:|1722339496\n|move|p1b: Calyrex|Protect|p1b: Calyrex\n|-singleturn|p1b: Calyrex|Protect\n|move|p2b: Rillaboom|Fake Out|p1b: Calyrex\n|-activate|p1b: Calyrex|move: Protect\n|\n|-heal|p1b: Calyrex|76\/100 par|[from] Grassy Terrain\n|upkeep\n|turn|7\n|\n|t:|1722339509\n|-terastallize|p2b: Rillaboom|Grass\n|move|p2b: Rillaboom|Wood Hammer|p1b: Calyrex\n|-crit|p1b: Calyrex\n|-damage|p1b: Calyrex|0 fnt\n|faint|p1b: Calyrex\n|-damage|p2b: Rillaboom|76\/100|[from] Recoil\n|\n|win|Vanonomous\n|raw|a12147839's rating: 1712 &rarr; <strong>1689<\/strong><br \/>(-23 for losing)\n|raw|Vanonomous's rating: 1653 &rarr; <strong>1676<\/strong><br \/>(+23 for winning)\n|l| dullb0y da cabiuna\n|l|\u2606a12147839\n|player|p1|\n|l|\u2606Vanonomous\n|player|p2|\n","uploadtime":1722339711,"views":28,"formatid":"gen9vgc2024regg","rating":1676,"private":0,"password":null}