{"id":"gen9vgc2024regg-2170796156","format":"[Gen 9] VGC 2024 Reg G","players":["zeimei","Zenchaos"],"log":"|j|\u2606zeimei\n|j|\u2606Zenchaos\n|t:|1722438129\n|gametype|doubles\n|player|p1|zeimei|1|1704\n|player|p2|Zenchaos|101|1713\n|teamsize|p1|6\n|teamsize|p2|6\n|gen|9\n|tier|[Gen 9] VGC 2024 Reg G\n|rated|\n|rule|Species Clause: Limit one of each Pok\u00e9mon\n|rule|Item Clause: Limit one of each item\n|clearpoke\n|poke|p1|Calyrex-Shadow, L50|\n|poke|p1|Urshifu-*, L50, F|\n|poke|p1|Incineroar, L50, F|\n|poke|p1|Clefairy, L50, M|\n|poke|p1|Rillaboom, L50, F|\n|poke|p1|Iron Hands, L50|\n|poke|p2|Incineroar, L50, M|\n|poke|p2|Rillaboom, L50, F|\n|poke|p2|Calyrex-Ice, L50|\n|poke|p2|Urshifu-*, L50, M|\n|poke|p2|Pelipper, L50, M|\n|poke|p2|Raging Bolt, L50|\n|teampreview|4\n|j| shanehuang99\n|\n|t:|1722438177\n|start\n|switch|p1a: Incineroar|Incineroar, L50, F|100\/100\n|switch|p1b: Calyrex|Calyrex-Shadow, L50|100\/100\n|switch|p2a: Pelipper|Pelipper, L50, M, shiny|100\/100\n|switch|p2b: Urshifu|Urshifu-Rapid-Strike, L50, M|100\/100\n|-ability|p1b: Calyrex|As One\n|-ability|p1b: Calyrex|Unnerve\n|-weather|RainDance|[from] ability: Drizzle|[of] p2a: Pelipper\n|-ability|p1a: Incineroar|Intimidate|boost\n|-unboost|p2a: Pelipper|atk|1\n|-unboost|p2b: Urshifu|atk|1\n|turn|1\n|inactive|Battle timer is ON: inactive players will automatically lose when time's up. (requested by Zenchaos)\n|\n|t:|1722438206\n|move|p1a: Incineroar|Fake Out|p2b: Urshifu\n|-damage|p2b: Urshifu|89\/100\n|cant|p2b: Urshifu|flinch\n|move|p1b: Calyrex|Nasty Plot|p1b: Calyrex\n|-boost|p1b: Calyrex|spa|2\n|move|p2a: Pelipper|Hurricane|p1b: Calyrex\n|-damage|p1b: Calyrex|57\/100\n|\n|-weather|RainDance|[upkeep]\n|upkeep\n|turn|2\n|\n|t:|1722438228\n|switch|p1a: Clefairy|Clefairy, L50, M|100\/100\n|-terastallize|p1b: Calyrex|Grass\n|move|p2b: Urshifu|Surging Strikes|p1b: Calyrex\n|-resisted|p1b: Calyrex\n|-crit|p1b: Calyrex\n|-damage|p1b: Calyrex|48\/100\n|-resisted|p1b: Calyrex\n|-crit|p1b: Calyrex\n|-damage|p1b: Calyrex|38\/100\n|-resisted|p1b: Calyrex\n|-crit|p1b: Calyrex\n|-damage|p1b: Calyrex|29\/100\n|-hitcount|p1b: Calyrex|3\n|move|p1b: Calyrex|Giga Drain|p2b: Urshifu\n|-supereffective|p2b: Urshifu\n|-damage|p2b: Urshifu|0 fnt\n|-heal|p1b: Calyrex|66\/100|[from] drain|[of] p2b: Urshifu\n|faint|p2b: Urshifu\n|-ability|p1b: Calyrex|Grim Neigh|boost\n|-boost|p1b: Calyrex|spa|1\n|move|p2a: Pelipper|Weather Ball|p1a: Clefairy\n|-damage|p1a: Clefairy|41\/100\n|\n|-weather|RainDance|[upkeep]\n|upkeep\n|\n|t:|1722438234\n|switch|p2b: Calyrex|Calyrex-Ice, L50|100\/100\n|-ability|p2b: Calyrex|As One\n|-ability|p2b: Calyrex|Unnerve\n|turn|3\n|\n|t:|1722438248\n|switch|p1a: Incineroar|Incineroar, L50, F|100\/100\n|-ability|p1a: Incineroar|Intimidate|boost\n|-unboost|p2a: Pelipper|atk|1\n|-fail|p2b: Calyrex|unboost|[from] item: Clear Amulet|[of] p2b: Calyrex\n|move|p1b: Calyrex|Protect|p1b: Calyrex\n|-singleturn|p1b: Calyrex|Protect\n|move|p2a: Pelipper|Wide Guard|p2a: Pelipper\n|-singleturn|p2a: Pelipper|Wide Guard\n|move|p2b: Calyrex|Glacial Lance|p1b: Calyrex|[spread] p1a\n|-activate|p1b: Calyrex|move: Protect\n|-resisted|p1a: Incineroar\n|-damage|p1a: Incineroar|74\/100\n|\n|-weather|RainDance|[upkeep]\n|upkeep\n|turn|4\n|\n|t:|1722438269\n|-terastallize|p2a: Pelipper|Ghost\n|move|p2b: Calyrex|Protect|p2b: Calyrex\n|-singleturn|p2b: Calyrex|Protect\n|move|p1a: Incineroar|Fake Out|p2b: Calyrex\n|-activate|p2b: Calyrex|move: Protect\n|move|p1b: Calyrex|Giga Drain|p2a: Pelipper\n|-enditem|p2a: Pelipper|Focus Sash\n|-damage|p2a: Pelipper|1\/100\n|-heal|p1b: Calyrex|99\/100|[from] drain|[of] p2a: Pelipper\n|move|p2a: Pelipper|Hurricane|p1b: Calyrex\n|-supereffective|p1b: Calyrex\n|-damage|p1b: Calyrex|14\/100\n|\n|-weather|RainDance|[upkeep]\n|upkeep\n|turn|5\n|\n|t:|1722438292\n|move|p1b: Calyrex|Protect|p1b: Calyrex\n|-singleturn|p1b: Calyrex|Protect\n|move|p2a: Pelipper|Weather Ball|p1a: Incineroar\n|-supereffective|p1a: Incineroar\n|-damage|p1a: Incineroar|0 fnt\n|faint|p1a: Incineroar\n|move|p2b: Calyrex|Trick Room|p2b: Calyrex\n|-fieldstart|move: Trick Room|[of] p2b: Calyrex\n|\n|-weather|none\n|upkeep\n|\n|t:|1722438302\n|switch|p1a: Clefairy|Clefairy, L50, M|41\/100\n|turn|6\n|\n|t:|1722438314\n|move|p2a: Pelipper|Wide Guard|p2a: Pelipper\n|-singleturn|p2a: Pelipper|Wide Guard\n|move|p1a: Clefairy|After You|p1b: Calyrex\n|-activate|p1b: Calyrex|move: After You\n|move|p1b: Calyrex|Giga Drain|p2b: Calyrex\n|-damage|p2b: Calyrex|33\/100\n|-heal|p1b: Calyrex|48\/100|[from] drain|[of] p2b: Calyrex\n|move|p2b: Calyrex|Glacial Lance|p1a: Clefairy|[spread] p1a,p1b\n|-supereffective|p1b: Calyrex\n|-damage|p1a: Clefairy|0 fnt\n|-damage|p1b: Calyrex|0 fnt\n|faint|p1a: Clefairy\n|faint|p1b: Calyrex\n|-ability|p2b: Calyrex|Chilling Neigh|boost\n|-boost|p2b: Calyrex|atk|2\n|\n|upkeep\n|-message|zeimei forfeited.\n|\n|win|Zenchaos\n|raw|zeimei's rating: 1704 &rarr; <strong>1685<\/strong><br \/>(-19 for losing)\n|raw|Zenchaos's rating: 1713 &rarr; <strong>1732<\/strong><br \/>(+19 for winning)\n|l|\u2606zeimei\n|player|p1|\n|l| shanehuang99\n|l|\u2606Zenchaos\n|player|p2|\n","uploadtime":1722438543,"views":31,"formatid":"gen9vgc2024regg","rating":1685,"private":0,"password":null}