{"id":"gen9vgc2024regg-2170053686","format":"[Gen 9] VGC 2024 Reg G","players":["chin8","Gurrasnurra5"],"log":"|j|\u2606chin8\n|j|\u2606Gurrasnurra5\n|t:|1722336296\n|gametype|doubles\n|player|p1|chin8|gentleman-gen4dp|1664\n|player|p2|Gurrasnurra5|2|1702\n|teamsize|p1|6\n|teamsize|p2|6\n|gen|9\n|tier|[Gen 9] VGC 2024 Reg G\n|rated|\n|rule|Species Clause: Limit one of each Pok\u00e9mon\n|rule|Item Clause: Limit one of each item\n|clearpoke\n|poke|p1|Entei, L50|\n|poke|p1|Gastrodon, L50, M|\n|poke|p1|Zamazenta-*, L50|\n|poke|p1|Chien-Pao, L50|\n|poke|p1|Grimmsnarl, L50, M|\n|poke|p1|Rhydon, L50, F|\n|poke|p2|Tornadus, L50, M|\n|poke|p2|Urshifu-*, L50, M|\n|poke|p2|Calyrex-Shadow, L50|\n|poke|p2|Chi-Yu, L50|\n|poke|p2|Clefairy, L50, F|\n|poke|p2|Rillaboom, L50, M|\n|teampreview|4\n|inactive|Battle timer is ON: inactive players will automatically lose when time's up. (requested by Gurrasnurra5)\n|\n|t:|1722336322\n|start\n|switch|p1a: Grimmsnarl|Grimmsnarl, L50, M|100\/100\n|switch|p1b: Entei|Entei, L50|100\/100\n|switch|p2a: Rillaboom|Rillaboom, L50, M|100\/100\n|switch|p2b: Urshifu|Urshifu-Rapid-Strike, L50, M|100\/100\n|-fieldstart|move: Grassy Terrain|[from] ability: Grassy Surge|[of] p2a: Rillaboom\n|turn|1\n|\n|t:|1722336340\n|switch|p1b: Zamazenta|Zamazenta-Crowned, L50|100\/100\n|-ability|p1b: Zamazenta|Dauntless Shield|boost\n|-boost|p1b: Zamazenta|def|1\n|-terastallize|p2a: Rillaboom|Fire\n|move|p2a: Rillaboom|Fake Out|p1a: Grimmsnarl\n|-damage|p1a: Grimmsnarl|86\/100\n|cant|p1a: Grimmsnarl|flinch\n|move|p2b: Urshifu|Surging Strikes|p1a: Grimmsnarl\n|-crit|p1a: Grimmsnarl\n|-damage|p1a: Grimmsnarl|55\/100\n|-crit|p1a: Grimmsnarl\n|-damage|p1a: Grimmsnarl|24\/100\n|-crit|p1a: Grimmsnarl\n|-damage|p1a: Grimmsnarl|0 fnt\n|faint|p1a: Grimmsnarl\n|-hitcount|p1: Grimmsnarl|3\n|\n|upkeep\n|\n|t:|1722336350\n|switch|p1a: Gastrodon|Gastrodon, L50, M|100\/100\n|turn|2\n|\n|t:|1722336361\n|switch|p2b: Calyrex|Calyrex-Shadow, L50|100\/100\n|-ability|p2b: Calyrex|As One\n|-ability|p2b: Calyrex|Unnerve\n|-terastallize|p1a: Gastrodon|Fire\n|move|p1b: Zamazenta|Iron Defense|p1b: Zamazenta\n|-boost|p1b: Zamazenta|def|2\n|move|p2a: Rillaboom|U-turn|p1a: Gastrodon\n|-resisted|p1a: Gastrodon\n|-damage|p1a: Gastrodon|89\/100\n|\n|t:|1722336371\n|switch|p2a: Chi-Yu|Chi-Yu, L50|100\/100|[from] U-turn\n|-ability|p2a: Chi-Yu|Beads of Ruin\n|move|p1a: Gastrodon|Yawn|p2b: Calyrex\n|-start|p2b: Calyrex|move: Yawn|[of] p1a: Gastrodon\n|\n|-heal|p1a: Gastrodon|95\/100|[from] Grassy Terrain\n|-heal|p1a: Gastrodon|100\/100|[from] item: Leftovers\n|upkeep\n|turn|3\n|\n|t:|1722336385\n|switch|p2b: Rillaboom|Rillaboom, L50, M, tera:Fire|100\/100\n|switch|p1b: Entei|Entei, L50|100\/100\n|move|p2a: Chi-Yu|Heat Wave|p1a: Gastrodon|[spread] p1b\n|-miss|p2a: Chi-Yu|p1a: Gastrodon\n|-resisted|p1b: Entei\n|-damage|p1b: Entei|84\/100\n|move|p1a: Gastrodon|Earth Power|p2a: Chi-Yu\n|-supereffective|p2a: Chi-Yu\n|-damage|p2a: Chi-Yu|27\/100\n|\n|-heal|p2a: Chi-Yu|33\/100|[from] Grassy Terrain\n|-heal|p1b: Entei|90\/100|[from] Grassy Terrain\n|upkeep\n|turn|4\n|\n|t:|1722336399\n|switch|p2a: Urshifu|Urshifu-Rapid-Strike, L50, M|100\/100\n|move|p2b: Rillaboom|Fake Out|p1a: Gastrodon\n|-damage|p1a: Gastrodon|87\/100\n|move|p1b: Entei|Sacred Fire|p2a: Urshifu\n|-resisted|p2a: Urshifu\n|-damage|p2a: Urshifu|80\/100\n|-status|p2a: Urshifu|brn\n|cant|p1a: Gastrodon|flinch\n|\n|-heal|p2a: Urshifu|86\/100 brn|[from] Grassy Terrain\n|-heal|p1b: Entei|96\/100|[from] Grassy Terrain\n|-heal|p1a: Gastrodon|93\/100|[from] Grassy Terrain\n|-heal|p1a: Gastrodon|99\/100|[from] item: Leftovers\n|-damage|p2a: Urshifu|80\/100 brn|[from] brn\n|upkeep\n|turn|5\n|\n|t:|1722336413\n|move|p2a: Urshifu|Close Combat|p1a: Gastrodon\n|-damage|p1a: Gastrodon|59\/100\n|-unboost|p2a: Urshifu|def|1\n|-unboost|p2a: Urshifu|spd|1\n|move|p1b: Entei|Sacred Fire|p2a: Urshifu\n|-resisted|p2a: Urshifu\n|-damage|p2a: Urshifu|49\/100 brn\n|move|p2b: Rillaboom|Wood Hammer|p1a: Gastrodon\n|-resisted|p1a: Gastrodon\n|-damage|p1a: Gastrodon|17\/100\n|-damage|p2b: Rillaboom|86\/100|[from] Recoil\n|move|p1a: Gastrodon|Yawn|p2b: Rillaboom\n|-start|p2b: Rillaboom|move: Yawn|[of] p1a: Gastrodon\n|\n|-heal|p2a: Urshifu|55\/100 brn|[from] Grassy Terrain\n|-heal|p1b: Entei|100\/100|[from] Grassy Terrain\n|-heal|p2b: Rillaboom|92\/100|[from] Grassy Terrain\n|-heal|p1a: Gastrodon|23\/100|[from] Grassy Terrain\n|-heal|p1a: Gastrodon|29\/100|[from] item: Leftovers\n|-damage|p2a: Urshifu|49\/100 brn|[from] brn\n|-fieldend|move: Grassy Terrain\n|upkeep\n|turn|6\n|\n|t:|1722336426\n|switch|p1a: Zamazenta|Zamazenta-Crowned, L50|100\/100\n|move|p2a: Urshifu|Close Combat|p1a: Zamazenta\n|-supereffective|p1a: Zamazenta\n|-damage|p1a: Zamazenta|58\/100\n|-unboost|p2a: Urshifu|def|1\n|-unboost|p2a: Urshifu|spd|1\n|move|p1b: Entei|Sacred Fire|p2b: Rillaboom\n|-resisted|p2b: Rillaboom\n|-damage|p2b: Rillaboom|73\/100\n|move|p2b: Rillaboom|U-turn|p1a: Zamazenta\n|-resisted|p1a: Zamazenta\n|-damage|p1a: Zamazenta|55\/100\n|\n|t:|1722336433\n|switch|p2b: Calyrex|Calyrex-Shadow, L50|100\/100|[from] U-turn\n|-ability|p2b: Calyrex|As One\n|-ability|p2b: Calyrex|Unnerve\n|\n|-damage|p2a: Urshifu|43\/100 brn|[from] brn\n|upkeep\n|turn|7\n|\n|t:|1722336446\n|switch|p2a: Chi-Yu|Chi-Yu, L50|33\/100\n|-ability|p2a: Chi-Yu|Beads of Ruin\n|move|p2b: Calyrex|Astral Barrage|p1a: Zamazenta|[spread] p1a,p1b\n|-damage|p1a: Zamazenta|9\/100\n|-damage|p1b: Entei|59\/100\n|move|p1a: Zamazenta|Heavy Slam|p2b: Calyrex\n|-damage|p2b: Calyrex|42\/100\n|move|p1b: Entei|Sacred Fire|p2b: Calyrex\n|-damage|p2b: Calyrex|0 fnt\n|faint|p2b: Calyrex\n|\n|upkeep\n|\n|t:|1722336461\n|switch|p2b: Urshifu|Urshifu-Rapid-Strike, L50, M|43\/100 brn\n|turn|8\n|\n|t:|1722336473\n|switch|p1a: Gastrodon|Gastrodon, L50, M, tera:Fire|29\/100\n|move|p1b: Entei|Extreme Speed|p2a: Chi-Yu\n|-damage|p2a: Chi-Yu|0 fnt\n|faint|p2a: Chi-Yu\n|move|p2b: Urshifu|Surging Strikes|p1a: Gastrodon\n|-ability|p1a: Gastrodon|Storm Drain|boost\n|-boost|p1a: Gastrodon|spa|1\n|\n|-heal|p1a: Gastrodon|35\/100|[from] item: Leftovers\n|-damage|p2b: Urshifu|38\/100 brn|[from] brn\n|upkeep\n|\n|t:|1722336475\n|switch|p2a: Rillaboom|Rillaboom, L50, M, tera:Fire|73\/100\n|-fieldstart|move: Grassy Terrain|[from] ability: Grassy Surge|[of] p2a: Rillaboom\n|turn|9\n|\n|t:|1722336485\n|move|p1b: Entei|Extreme Speed|p2b: Urshifu\n|-damage|p2b: Urshifu|18\/100 brn\n|move|p2b: Urshifu|Surging Strikes|p1a: Gastrodon\n|-activate|p1a: Gastrodon|ability: Storm Drain\n|-ability|p1a: Gastrodon|Storm Drain|boost\n|-boost|p1a: Gastrodon|spa|1\n|move|p2a: Rillaboom|Wood Hammer|p1a: Gastrodon\n|-resisted|p1a: Gastrodon\n|-damage|p1a: Gastrodon|0 fnt\n|faint|p1a: Gastrodon\n|-damage|p2a: Rillaboom|61\/100|[from] Recoil\n|\n|-heal|p2b: Urshifu|24\/100 brn|[from] Grassy Terrain\n|-heal|p1b: Entei|64\/100|[from] Grassy Terrain\n|-heal|p2a: Rillaboom|67\/100|[from] Grassy Terrain\n|-damage|p2b: Urshifu|18\/100 brn|[from] brn\n|upkeep\n|\n|t:|1722336488\n|switch|p1a: Zamazenta|Zamazenta-Crowned, L50|9\/100\n|turn|10\n|\n|t:|1722336498\n|move|p1b: Entei|Extreme Speed|p2b: Urshifu\n|-damage|p2b: Urshifu|0 fnt\n|faint|p2b: Urshifu\n|move|p1a: Zamazenta|Body Press|p2a: Rillaboom\n|-damage|p2a: Rillaboom|20\/100\n|move|p2a: Rillaboom|Wood Hammer|p1a: Zamazenta\n|-resisted|p1a: Zamazenta\n|-damage|p1a: Zamazenta|0 fnt\n|faint|p1a: Zamazenta\n|-damage|p2a: Rillaboom|18\/100|[from] Recoil\n|\n|-heal|p1b: Entei|70\/100|[from] Grassy Terrain\n|-heal|p2a: Rillaboom|24\/100|[from] Grassy Terrain\n|upkeep\n|turn|11\n|\n|t:|1722336505\n|move|p1b: Entei|Stomping Tantrum|p2a: Rillaboom\n|-supereffective|p2a: Rillaboom\n|-damage|p2a: Rillaboom|0 fnt\n|faint|p2a: Rillaboom\n|\n|win|chin8\n|raw|chin8's rating: 1664 &rarr; <strong>1686<\/strong><br \/>(+22 for winning)\n|raw|Gurrasnurra5's rating: 1702 &rarr; <strong>1680<\/strong><br \/>(-22 for losing)\n|l|\u2606chin8\n|player|p1|\n|l|\u2606Gurrasnurra5\n|player|p2|\n","uploadtime":1722336774,"views":16,"formatid":"gen9vgc2024regg","rating":1680,"private":0,"password":null}