{"id":"gen9vgc2024regg-2170286559","format":"[Gen 9] VGC 2024 Reg G","players":["KickLeeVGC","HamstermaniaCZ"],"log":"|j|\u2606KickLeeVGC\n|j|\u2606HamstermaniaCZ\n|t:|1722364991\n|gametype|doubles\n|player|p1|KickLeeVGC|101|1720\n|player|p2|HamstermaniaCZ|acetrainersnow|1704\n|teamsize|p1|6\n|teamsize|p2|6\n|gen|9\n|tier|[Gen 9] VGC 2024 Reg G\n|rated|\n|rule|Species Clause: Limit one of each Pok\u00e9mon\n|rule|Item Clause: Limit one of each item\n|clearpoke\n|poke|p1|Miraidon, L50|\n|poke|p1|Dondozo, L50, M|\n|poke|p1|Tatsugiri, L50, F|\n|poke|p1|Urshifu-*, L50, F|\n|poke|p1|Flutter Mane, L50|\n|poke|p1|Indeedee-F, L50, F|\n|poke|p2|Maushold, L50|\n|poke|p2|Calyrex-Shadow, L50|\n|poke|p2|Rillaboom, L50, F|\n|poke|p2|Grimmsnarl, L50, M|\n|poke|p2|Urshifu-*, L50, M|\n|poke|p2|Tornadus, L50, M|\n|teampreview|4\n|\n|t:|1722365025\n|start\n|switch|p1a: Flutter Mane|Flutter Mane, L50|100\/100\n|switch|p1b: Indeedee|Indeedee-F, L50, F|100\/100\n|switch|p2a: Grimmsnarl|Grimmsnarl, L50, M|100\/100\n|switch|p2b: Rillaboom|Rillaboom, L50, F|100\/100\n|-fieldstart|move: Grassy Terrain|[from] ability: Grassy Surge|[of] p2b: Rillaboom\n|-fieldstart|move: Psychic Terrain|[from] ability: Psychic Surge|[of] p1b: Indeedee\n|turn|1\n|\n|t:|1722365040\n|-terastallize|p1a: Flutter Mane|Fairy\n|move|p1b: Indeedee|Helping Hand|p1a: Flutter Mane\n|-singleturn|p1a: Flutter Mane|Helping Hand|[of] p1b: Indeedee\n|move|p2a: Grimmsnarl|Light Screen|p2a: Grimmsnarl\n|-sidestart|p2: HamstermaniaCZ|move: Light Screen\n|move|p1a: Flutter Mane|Dazzling Gleam|p2b: Rillaboom|[spread] p2a,p2b\n|-supereffective|p2a: Grimmsnarl\n|-damage|p2a: Grimmsnarl|0 fnt\n|-damage|p2b: Rillaboom|59\/100\n|faint|p2a: Grimmsnarl\n|move|p2b: Rillaboom|U-turn|p1b: Indeedee\n|-supereffective|p1b: Indeedee\n|-damage|p1b: Indeedee|50\/100\n|\n|t:|1722365049\n|switch|p2b: Calyrex|Calyrex-Shadow, L50|100\/100|[from] U-turn\n|-ability|p2b: Calyrex|As One\n|-ability|p2b: Calyrex|Unnerve\n|\n|upkeep\n|\n|t:|1722365054\n|switch|p2a: Maushold|Maushold, L50|100\/100\n|turn|2\n|\n|t:|1722365062\n|move|p1b: Indeedee|Helping Hand|p1a: Flutter Mane\n|-singleturn|p1a: Flutter Mane|Helping Hand|[of] p1b: Indeedee\n|move|p2a: Maushold|Protect|p2a: Maushold\n|-singleturn|p2a: Maushold|Protect\n|move|p2b: Calyrex|Calm Mind|p2b: Calyrex\n|-boost|p2b: Calyrex|spa|1\n|-boost|p2b: Calyrex|spd|1\n|move|p1a: Flutter Mane|Dazzling Gleam|p2a: Maushold|[spread] p2b\n|-activate|p2a: Maushold|move: Protect\n|-damage|p2b: Calyrex|73\/100\n|\n|upkeep\n|turn|3\n|j| Therazer456\n|\n|t:|1722365083\n|-end|p1a: Flutter Mane|Protosynthesis|[silent]\n|switch|p1a: Tatsugiri|Tatsugiri, L50, F|100\/100\n|switch|p2a: Rillaboom|Rillaboom, L50, F|59\/100\n|-fieldstart|move: Grassy Terrain|[from] ability: Grassy Surge|[of] p2a: Rillaboom\n|-enditem|p2b: Calyrex|Grassy Seed\n|-boost|p2b: Calyrex|def|1|[from] item: Grassy Seed\n|switch|p1b: Dondozo|Dondozo, L50, M|100\/100\n|-activate|p1a: Tatsugiri|ability: Commander|[of] p1b: Dondozo\n|-boost|p1b: Dondozo|atk|2\n|-boost|p1b: Dondozo|spa|2\n|-boost|p1b: Dondozo|spe|2\n|-boost|p1b: Dondozo|def|2\n|-boost|p1b: Dondozo|spd|2\n|move|p2b: Calyrex|Calm Mind|p2b: Calyrex\n|-boost|p2b: Calyrex|spa|1\n|-boost|p2b: Calyrex|spd|1\n|\n|-heal|p2b: Calyrex|79\/100|[from] Grassy Terrain\n|-heal|p2a: Rillaboom|65\/100|[from] Grassy Terrain\n|upkeep\n|turn|4\n|\n|t:|1722365104\n|move|p1b: Dondozo|Protect|p1b: Dondozo\n|-singleturn|p1b: Dondozo|Protect\n|move|p2a: Rillaboom|Fake Out|p1b: Dondozo\n|-activate|p1b: Dondozo|move: Protect\n|move|p2b: Calyrex|Calm Mind|p2b: Calyrex\n|-boost|p2b: Calyrex|spa|1\n|-boost|p2b: Calyrex|spd|1\n|\n|-heal|p2b: Calyrex|85\/100|[from] Grassy Terrain\n|-heal|p2a: Rillaboom|71\/100|[from] Grassy Terrain\n|upkeep\n|turn|5\n|\n|t:|1722365115\n|move|p2b: Calyrex|Protect|p2b: Calyrex\n|-singleturn|p2b: Calyrex|Protect\n|move|p1b: Dondozo|Order Up|p2a: Rillaboom\n|-damage|p2a: Rillaboom|25\/100\n|-boost|p1b: Dondozo|atk|1\n|move|p2a: Rillaboom|Wood Hammer|p1b: Dondozo\n|-supereffective|p1b: Dondozo\n|-damage|p1b: Dondozo|47\/100\n|-damage|p2a: Rillaboom|6\/100|[from] Recoil\n|\n|-heal|p2b: Calyrex|90\/100|[from] Grassy Terrain\n|-heal|p1b: Dondozo|53\/100|[from] Grassy Terrain\n|-heal|p1b: Dondozo|60\/100|[from] item: Leftovers\n|-heal|p2a: Rillaboom|12\/100|[from] Grassy Terrain\n|upkeep\n|turn|6\n|\n|t:|1722365144\n|switch|p2a: Maushold|Maushold, L50|100\/100\n|move|p2b: Calyrex|Protect||[still]\n|-fail|p2b: Calyrex\n|move|p1b: Dondozo|Protect||[still]\n|-fail|p1b: Dondozo\n|\n|-heal|p2b: Calyrex|96\/100|[from] Grassy Terrain\n|-heal|p1b: Dondozo|66\/100|[from] Grassy Terrain\n|-heal|p1b: Dondozo|72\/100|[from] item: Leftovers\n|upkeep\n|turn|7\n|\n|t:|1722365160\n|-terastallize|p2a: Maushold|Water\n|move|p1b: Dondozo|Protect|p1b: Dondozo\n|-singleturn|p1b: Dondozo|Protect\n|move|p2b: Calyrex|Astral Barrage|p1a: Tatsugiri|[spread] \n|-miss|p2b: Calyrex|p1a: Tatsugiri\n|-activate|p1b: Dondozo|move: Protect\n|move|p2a: Maushold|Super Fang|p1b: Dondozo\n|-activate|p1b: Dondozo|move: Protect\n|\n|-heal|p2b: Calyrex|100\/100|[from] Grassy Terrain\n|-heal|p1b: Dondozo|78\/100|[from] Grassy Terrain\n|-heal|p1b: Dondozo|84\/100|[from] item: Leftovers\n|-fieldend|move: Grassy Terrain\n|upkeep\n|turn|8\n|\n|t:|1722365176\n|move|p2b: Calyrex|Protect|p2b: Calyrex\n|-singleturn|p2b: Calyrex|Protect\n|move|p1b: Dondozo|Order Up|p2a: Maushold\n|-damage|p2a: Maushold|49\/100\n|-boost|p1b: Dondozo|atk|1\n|move|p2a: Maushold|Super Fang|p1b: Dondozo\n|-damage|p1b: Dondozo|43\/100\n|\n|-heal|p1b: Dondozo|49\/100|[from] item: Leftovers\n|-sideend|p2: HamstermaniaCZ|move: Light Screen\n|upkeep\n|turn|9\n|\n|t:|1722365187\n|switch|p2a: Rillaboom|Rillaboom, L50, F|12\/100\n|-fieldstart|move: Grassy Terrain|[from] ability: Grassy Surge|[of] p2a: Rillaboom\n|move|p2b: Calyrex|Astral Barrage|p1b: Dondozo|[spread] p1b\n|-miss|p2b: Calyrex|p1a: Tatsugiri\n|-damage|p1b: Dondozo|26\/100\n|move|p1b: Dondozo|Wave Crash|p2b: Calyrex\n|-crit|p2b: Calyrex\n|-damage|p2b: Calyrex|0 fnt\n|faint|p2b: Calyrex\n|-damage|p1b: Dondozo|0 fnt|[from] Recoil\n|faint|p1b: Dondozo\n|\n|-heal|p2a: Rillaboom|17\/100|[from] Grassy Terrain\n|upkeep\n|\n|t:|1722365204\n|switch|p2b: Maushold|Maushold, L50, tera:Water|49\/100\n|switch|p1b: Flutter Mane|Flutter Mane, L50, tera:Fairy|100\/100\n|turn|10\n|-message|HamstermaniaCZ forfeited.\n|\n|win|KickLeeVGC\n|raw|KickLeeVGC's rating: 1720 &rarr; <strong>1739<\/strong><br \/>(+19 for winning)\n|raw|HamstermaniaCZ's rating: 1704 &rarr; <strong>1685<\/strong><br \/>(-19 for losing)\n|l|\u2606HamstermaniaCZ\n|player|p2|\n|l|\u2606KickLeeVGC\n|player|p1|\n","uploadtime":1722365435,"views":29,"formatid":"gen9vgc2024regg","rating":1685,"private":0,"password":null}