{"id":"gen9vgc2024regg-2170526232","format":"[Gen 9] VGC 2024 Reg G","players":["regigidragon","a12147839"],"log":"|j|\u2606regigidragon\n|j|\u2606a12147839\n|t:|1722394134\n|gametype|doubles\n|player|p1|regigidragon|265|1673\n|player|p2|a12147839|265|1757\n|teamsize|p1|6\n|teamsize|p2|6\n|gen|9\n|tier|[Gen 9] VGC 2024 Reg G\n|rated|\n|rule|Species Clause: Limit one of each Pok\u00e9mon\n|rule|Item Clause: Limit one of each item\n|clearpoke\n|poke|p1|Calyrex-Ice, L50|\n|poke|p1|Whimsicott, L50, F|\n|poke|p1|Urshifu-*, L50, F|\n|poke|p1|Ogerpon-Cornerstone, L50, F|\n|poke|p1|Tinkaton, L50, F|\n|poke|p1|Regidrago, L50|\n|poke|p2|Calyrex-Shadow, L50|\n|poke|p2|Murkrow, L50, M|\n|poke|p2|Chi-Yu, L50|\n|poke|p2|Rotom-Wash, L50|\n|poke|p2|Smeargle, L50, F|\n|poke|p2|Indeedee-F, L50, F|\n|teampreview|4\n|inactive|Battle timer is ON: inactive players will automatically lose when time's up. (requested by a12147839)\n|inactive|a12147839 has 60 seconds left.\n|\n|t:|1722394167\n|start\n|switch|p1a: Whimsicott|Whimsicott, L50, F|100\/100\n|switch|p1b: Ogerpon|Ogerpon-Cornerstone, L50, F|100\/100\n|switch|p2a: Murkrow|Murkrow, L50, M|100\/100\n|switch|p2b: Calyrex|Calyrex-Shadow, L50|100\/100\n|-ability|p2b: Calyrex|As One\n|-ability|p2b: Calyrex|Unnerve\n|turn|1\n|\n|t:|1722394181\n|move|p2a: Murkrow|Tailwind|p2a: Murkrow\n|-sidestart|p2: a12147839|move: Tailwind\n|move|p2b: Calyrex|Nasty Plot|p2b: Calyrex\n|-boost|p2b: Calyrex|spa|2\n|move|p1b: Ogerpon|Ivy Cudgel|p2a: Murkrow|[anim] Ivy Cudgel Rock\n|-supereffective|p2a: Murkrow\n|-crit|p2a: Murkrow\n|-damage|p2a: Murkrow|0 fnt\n|faint|p2a: Murkrow\n|move|p1a: Whimsicott|Trick Room|p1a: Whimsicott\n|-fieldstart|move: Trick Room|[of] p1a: Whimsicott\n|\n|upkeep\n|\n|t:|1722394191\n|switch|p2a: Indeedee|Indeedee-F, L50, F|100\/100\n|-fieldstart|move: Psychic Terrain|[from] ability: Psychic Surge|[of] p2a: Indeedee\n|-enditem|p2a: Indeedee|Psychic Seed\n|-boost|p2a: Indeedee|spd|1|[from] item: Psychic Seed\n|turn|2\n|inactive|a12147839 has 30 seconds left.\n|\n|t:|1722394219\n|-terastallize|p2b: Calyrex|Fairy\n|move|p1a: Whimsicott|Moonblast|p2a: Indeedee\n|-damage|p2a: Indeedee|77\/100\n|move|p1b: Ogerpon|Power Whip|p2a: Indeedee\n|-damage|p2a: Indeedee|5\/100\n|move|p2b: Calyrex|Astral Barrage|p1b: Ogerpon|[spread] p1a,p1b\n|-enditem|p1a: Whimsicott|Focus Sash\n|-damage|p1a: Whimsicott|1\/100\n|-ability|p1b: Ogerpon|Sturdy\n|-damage|p1b: Ogerpon|1\/100\n|move|p2a: Indeedee|Trick Room|p2a: Indeedee\n|-fieldend|move: Trick Room\n|\n|upkeep\n|turn|3\n|\n|t:|1722394238\n|switch|p2a: Chi-Yu|Chi-Yu, L50|100\/100\n|-ability|p2a: Chi-Yu|Beads of Ruin\n|-terastallize|p1a: Whimsicott|Normal\n|move|p1b: Ogerpon|Spiky Shield|p1b: Ogerpon\n|-singleturn|p1b: Ogerpon|move: Protect\n|move|p2b: Calyrex|Astral Barrage|p1a: Whimsicott|[spread] \n|-activate|p1b: Ogerpon|move: Protect\n|-immune|p1a: Whimsicott\n|move|p1a: Whimsicott|Trick Room|p1a: Whimsicott\n|-fieldstart|move: Trick Room|[of] p1a: Whimsicott\n|\n|upkeep\n|turn|4\n|\n|t:|1722394255\n|move|p2b: Calyrex|Protect|p2b: Calyrex\n|-singleturn|p2b: Calyrex|Protect\n|move|p1a: Whimsicott|Moonblast|p2b: Calyrex\n|-activate|p2b: Calyrex|move: Protect\n|move|p1b: Ogerpon|Ivy Cudgel|p2a: Chi-Yu|[anim] Ivy Cudgel Rock\n|-supereffective|p2a: Chi-Yu\n|-damage|p2a: Chi-Yu|0 fnt\n|faint|p2a: Chi-Yu\n|\n|-sideend|p2: a12147839|move: Tailwind\n|upkeep\n|\n|t:|1722394264\n|switch|p2a: Indeedee|Indeedee-F, L50, F|5\/100\n|turn|5\n|inactive|a12147839 has 30 seconds left.\n|\n|t:|1722394292\n|move|p2a: Indeedee|Psychic|p1b: Ogerpon\n|-damage|p1b: Ogerpon|0 fnt\n|faint|p1b: Ogerpon\n|move|p1a: Whimsicott|Moonblast|p2a: Indeedee\n|-damage|p2a: Indeedee|0 fnt\n|faint|p2a: Indeedee\n|move|p2b: Calyrex|Draining Kiss|p1a: Whimsicott\n|-damage|p1a: Whimsicott|0 fnt\n|faint|p1a: Whimsicott\n|-ability|p2b: Calyrex|Grim Neigh|boost\n|-boost|p2b: Calyrex|spa|1\n|\n|upkeep\n|\n|t:|1722394299\n|switch|p1a: Regidrago|Regidrago, L50|100\/100\n|switch|p1b: Calyrex|Calyrex-Ice, L50|100\/100\n|-ability|p1b: Calyrex|As One\n|-ability|p1b: Calyrex|Unnerve\n|turn|6\n|\n|t:|1722394309\n|move|p2b: Calyrex|Protect|p2b: Calyrex\n|-singleturn|p2b: Calyrex|Protect\n|move|p1a: Regidrago|Tera Blast|p2b: Calyrex\n|-activate|p2b: Calyrex|move: Protect\n|move|p1b: Calyrex|Glacial Lance|p2b: Calyrex\n|-activate|p2b: Calyrex|move: Protect\n|\n|-fieldend|move: Psychic Terrain\n|upkeep\n|turn|7\n|\n|t:|1722394318\n|move|p2b: Calyrex|Protect||[still]\n|-fail|p2b: Calyrex\n|move|p1a: Regidrago|Tera Blast|p2b: Calyrex\n|-damage|p2b: Calyrex|72\/100\n|move|p1b: Calyrex|Glacial Lance|p2b: Calyrex\n|-damage|p2b: Calyrex|0 fnt\n|faint|p2b: Calyrex\n|-damage|p1b: Calyrex|91\/100|[from] item: Life Orb\n|\n|win|regigidragon\n|raw|regigidragon's rating: 1673 &rarr; <strong>1698<\/strong><br \/>(+25 for winning)\n|raw|a12147839's rating: 1757 &rarr; <strong>1732<\/strong><br \/>(-25 for losing)\n|l|\u2606regigidragon\n|player|p1|\n|l|\u2606a12147839\n|player|p2|\n","uploadtime":1722394492,"views":60,"formatid":"gen9vgc2024regg","rating":1698,"private":0,"password":null}