{"id":"gen9vgc2024regg-2170129813","format":"[Gen 9] VGC 2024 Reg G","players":["a12147839","HamstermaniaCZ"],"log":"|j|\u2606a12147839\n|j|\u2606HamstermaniaCZ\n|t:|1722347556\n|gametype|doubles\n|player|p1|a12147839|265|1681\n|player|p2|HamstermaniaCZ|acetrainersnow|1727\n|teamsize|p1|6\n|teamsize|p2|6\n|gen|9\n|tier|[Gen 9] VGC 2024 Reg G\n|rated|\n|rule|Species Clause: Limit one of each Pok\u00e9mon\n|rule|Item Clause: Limit one of each item\n|clearpoke\n|poke|p1|Calyrex-Shadow, L50|\n|poke|p1|Murkrow, L50, M|\n|poke|p1|Chi-Yu, L50|\n|poke|p1|Urshifu-*, L50, F|\n|poke|p1|Smeargle, L50, F|\n|poke|p1|Indeedee-F, L50, F|\n|poke|p2|Maushold, L50|\n|poke|p2|Calyrex-Shadow, L50|\n|poke|p2|Rillaboom, L50, F|\n|poke|p2|Grimmsnarl, L50, M|\n|poke|p2|Urshifu-*, L50, F|\n|poke|p2|Tornadus, L50, M|\n|teampreview|4\n|inactive|Battle timer is ON: inactive players will automatically lose when time's up. (requested by a12147839)\n|\n|t:|1722347584\n|start\n|switch|p1a: Smeargle|Smeargle, L50, F|100\/100\n|switch|p1b: Calyrex|Calyrex-Shadow, L50|100\/100\n|switch|p2a: Grimmsnarl|Grimmsnarl, L50, M|100\/100\n|switch|p2b: Rillaboom|Rillaboom, L50, F|100\/100\n|-ability|p1b: Calyrex|As One\n|-ability|p1b: Calyrex|Unnerve\n|-fieldstart|move: Grassy Terrain|[from] ability: Grassy Surge|[of] p2b: Rillaboom\n|turn|1\n|\n|t:|1722347597\n|move|p2a: Grimmsnarl|Light Screen|p2a: Grimmsnarl\n|-sidestart|p2: HamstermaniaCZ|move: Light Screen\n|move|p1b: Calyrex|Nasty Plot|p1b: Calyrex\n|-boost|p1b: Calyrex|spa|2\n|move|p1a: Smeargle|Spore|p2a: Grimmsnarl\n|-status|p2a: Grimmsnarl|slp|[from] move: Spore\n|move|p2b: Rillaboom|U-turn|p1a: Smeargle\n|-damage|p1a: Smeargle|48\/100\n|\n|t:|1722347603\n|switch|p2b: Calyrex|Calyrex-Shadow, L50|100\/100|[from] U-turn\n|-ability|p2b: Calyrex|As One\n|-ability|p2b: Calyrex|Unnerve\n|-enditem|p2b: Calyrex|Grassy Seed\n|-boost|p2b: Calyrex|def|1|[from] item: Grassy Seed\n|\n|-heal|p1a: Smeargle|55\/100|[from] Grassy Terrain\n|-ability|p1a: Smeargle|Moody|boost\n|-boost|p1a: Smeargle|atk|2\n|-unboost|p1a: Smeargle|spe|1\n|upkeep\n|turn|2\n|\n|t:|1722347618\n|switch|p2a: Maushold|Maushold, L50|100\/100\n|-terastallize|p1b: Calyrex|Fairy\n|move|p2b: Calyrex|Protect|p2b: Calyrex\n|-singleturn|p2b: Calyrex|Protect\n|move|p1b: Calyrex|Astral Barrage|p2b: Calyrex|[spread] \n|-activate|p2b: Calyrex|move: Protect\n|-immune|p2a: Maushold\n|move|p1a: Smeargle|Spore|p2b: Calyrex\n|-activate|p2b: Calyrex|move: Protect\n|\n|-heal|p1a: Smeargle|61\/100|[from] Grassy Terrain\n|-ability|p1a: Smeargle|Moody|boost\n|-boost|p1a: Smeargle|atk|2\n|-unboost|p1a: Smeargle|spe|1\n|upkeep\n|turn|3\n|\n|t:|1722347636\n|-terastallize|p2b: Calyrex|Fairy\n|move|p2a: Maushold|Follow Me|p2a: Maushold\n|-singleturn|p2a: Maushold|move: Follow Me\n|move|p1a: Smeargle|Follow Me|p1a: Smeargle\n|-singleturn|p1a: Smeargle|move: Follow Me\n|move|p1b: Calyrex|Astral Barrage|p2a: Maushold|[spread] p2b\n|-immune|p2a: Maushold\n|-damage|p2b: Calyrex|52\/100\n|move|p2b: Calyrex|Calm Mind|p2b: Calyrex\n|-boost|p2b: Calyrex|spa|1\n|-boost|p2b: Calyrex|spd|1\n|\n|-heal|p2b: Calyrex|58\/100|[from] Grassy Terrain\n|-heal|p1a: Smeargle|67\/100|[from] Grassy Terrain\n|-ability|p1a: Smeargle|Moody|boost\n|-boost|p1a: Smeargle|spe|2\n|-unboost|p1a: Smeargle|spd|1\n|upkeep\n|turn|4\n|\n|t:|1722347655\n|move|p1b: Calyrex|Draining Kiss|p2a: Maushold\n|-damage|p2a: Maushold|35\/100\n|move|p2b: Calyrex|Draining Kiss|p1a: Smeargle\n|-damage|p1a: Smeargle|0 fnt\n|-heal|p2b: Calyrex|96\/100|[from] drain|[of] p1a: Smeargle\n|faint|p1a: Smeargle\n|-ability|p2b: Calyrex|Grim Neigh|boost\n|-boost|p2b: Calyrex|spa|1\n|move|p2a: Maushold|Taunt|p1b: Calyrex\n|-start|p1b: Calyrex|move: Taunt\n|\n|-heal|p2b: Calyrex|100\/100|[from] Grassy Terrain\n|-heal|p2a: Maushold|41\/100|[from] Grassy Terrain\n|upkeep\n|\n|t:|1722347672\n|switch|p1a: Chi-Yu|Chi-Yu, L50|100\/100\n|-ability|p1a: Chi-Yu|Beads of Ruin\n|turn|5\n|\n|t:|1722347686\n|move|p2a: Maushold|Protect|p2a: Maushold\n|-singleturn|p2a: Maushold|Protect\n|move|p1b: Calyrex|Draining Kiss|p2a: Maushold\n|-activate|p2a: Maushold|move: Protect\n|move|p2b: Calyrex|Astral Barrage|p1b: Calyrex|[spread] p1a,p1b\n|-resisted|p1a: Chi-Yu\n|-damage|p1a: Chi-Yu|44\/100\n|-enditem|p1b: Calyrex|Focus Sash\n|-damage|p1b: Calyrex|1\/100\n|move|p1a: Chi-Yu|Heat Wave|p2a: Maushold|[spread] p2b\n|-activate|p2a: Maushold|move: Protect\n|-damage|p2b: Calyrex|79\/100\n|-status|p2b: Calyrex|brn\n|\n|-heal|p1b: Calyrex|7\/100|[from] Grassy Terrain\n|-heal|p2b: Calyrex|85\/100 brn|[from] Grassy Terrain\n|-heal|p1a: Chi-Yu|50\/100|[from] Grassy Terrain\n|-heal|p2a: Maushold|47\/100|[from] Grassy Terrain\n|-damage|p2b: Calyrex|79\/100 brn|[from] brn\n|-fieldend|move: Grassy Terrain\n|upkeep\n|turn|6\n|\n|t:|1722347710\n|move|p2a: Maushold|Protect|p2a: Maushold\n|-singleturn|p2a: Maushold|Protect\n|move|p1b: Calyrex|Astral Barrage|p2b: Calyrex|[spread] p2b\n|-activate|p2a: Maushold|move: Protect\n|-crit|p2b: Calyrex\n|-damage|p2b: Calyrex|0 fnt\n|faint|p2b: Calyrex\n|-ability|p1b: Calyrex|Grim Neigh|boost\n|-boost|p1b: Calyrex|spa|1\n|move|p1a: Chi-Yu|Heat Wave|p2a: Maushold\n|-activate|p2a: Maushold|move: Protect\n|\n|upkeep\n|\n|t:|1722347728\n|switch|p2b: Rillaboom|Rillaboom, L50, F|100\/100\n|-fieldstart|move: Grassy Terrain|[from] ability: Grassy Surge|[of] p2b: Rillaboom\n|turn|7\n|\n|t:|1722347735\n|switch|p1b: Indeedee|Indeedee-F, L50, F|100\/100\n|-fieldstart|move: Psychic Terrain|[from] ability: Psychic Surge|[of] p1b: Indeedee\n|move|p1a: Chi-Yu|Heat Wave|p2a: Maushold|[spread] p2a,p2b\n|-supereffective|p2b: Rillaboom\n|-damage|p2a: Maushold|0 fnt\n|-damage|p2b: Rillaboom|55\/100\n|faint|p2a: Maushold\n|move|p2b: Rillaboom|Grassy Glide|p1b: Indeedee\n|-damage|p1b: Indeedee|70\/100\n|\n|upkeep\n|-message|HamstermaniaCZ forfeited.\n|\n|win|a12147839\n|raw|a12147839's rating: 1681 &rarr; <strong>1704<\/strong><br \/>(+23 for winning)\n|raw|HamstermaniaCZ's rating: 1727 &rarr; <strong>1704<\/strong><br \/>(-23 for losing)\n|l|\u2606HamstermaniaCZ\n|player|p2|\n|l|\u2606a12147839\n|player|p1|\n","uploadtime":1722347952,"views":12,"formatid":"gen9vgc2024regg","rating":1704,"private":0,"password":null}