{"id":"gen9vgc2024regg-2170696671","format":"[Gen 9] VGC 2024 Reg G","players":["FreezyPop439","chuanOVO"],"log":"|j|\u2606FreezyPop439\n|j|\u2606chuanOVO\n|t:|1722424863\n|gametype|doubles\n|player|p1|FreezyPop439|collector|1652\n|player|p2|chuanOVO|n|1770\n|teamsize|p1|6\n|teamsize|p2|6\n|gen|9\n|tier|[Gen 9] VGC 2024 Reg G\n|rated|\n|rule|Species Clause: Limit one of each Pok\u00e9mon\n|rule|Item Clause: Limit one of each item\n|clearpoke\n|poke|p1|Rillaboom, L50, F|\n|poke|p1|Zamazenta-*, L50|\n|poke|p1|Flutter Mane, L50|\n|poke|p1|Latios, L50, M|\n|poke|p1|Moltres-Galar, L50|\n|poke|p1|Tyranitar, L50, M|\n|poke|p2|Calyrex-Ice, L50|\n|poke|p2|Farigiraf, L50, M|\n|poke|p2|Ogerpon-Cornerstone, L50, F|\n|poke|p2|Rillaboom, L50, M|\n|poke|p2|Urshifu-*, L50, M|\n|poke|p2|Raging Bolt, L50|\n|teampreview|4\n|j| Maushold-13P\n|l| Maushold-13P\n|\n|t:|1722424923\n|start\n|switch|p1a: Tyranitar|Tyranitar, L50, M|100\/100\n|switch|p1b: Rillaboom|Rillaboom, L50, F|100\/100\n|switch|p2a: Ogerpon|Ogerpon-Cornerstone, L50, F|100\/100\n|switch|p2b: Urshifu|Urshifu-Rapid-Strike, L50, M|100\/100\n|-fieldstart|move: Grassy Terrain|[from] ability: Grassy Surge|[of] p1b: Rillaboom\n|-weather|Sandstorm|[from] ability: Sand Stream|[of] p1a: Tyranitar\n|turn|1\n|inactive|Battle timer is ON: inactive players will automatically lose when time's up. (requested by chuanOVO)\n|inactive|FreezyPop439 has 60 seconds left.\n|\n|t:|1722424957\n|switch|p1a: Zamazenta|Zamazenta-Crowned, L50|100\/100\n|-ability|p1a: Zamazenta|Dauntless Shield|boost\n|-boost|p1a: Zamazenta|def|1\n|move|p1b: Rillaboom|Fake Out|p2b: Urshifu\n|-damage|p2b: Urshifu|85\/100\n|move|p2a: Ogerpon|Ivy Cudgel|p1b: Rillaboom|[anim] Ivy Cudgel Rock\n|-damage|p1b: Rillaboom|41\/100\n|cant|p2b: Urshifu|flinch\n|\n|-weather|Sandstorm|[upkeep]\n|-damage|p2b: Urshifu|79\/100|[from] Sandstorm\n|-damage|p1b: Rillaboom|35\/100|[from] Sandstorm\n|-heal|p2b: Urshifu|85\/100|[from] Grassy Terrain\n|-heal|p1b: Rillaboom|41\/100|[from] Grassy Terrain\n|upkeep\n|turn|2\n|inactive|FreezyPop439 has 30 seconds left.\n|inactive|chuanOVO has 30 seconds left.\n|j| Maushold-13P\n|j| bluestraggler01\n|l| Maushold-13P\n|inactive|chuanOVO has 20 seconds left.\n|\n|t:|1722424997\n|move|p1b: Rillaboom|Grassy Glide|p2b: Urshifu\n|-supereffective|p2b: Urshifu\n|-damage|p2b: Urshifu|0 fnt\n|faint|p2b: Urshifu\n|move|p1a: Zamazenta|Body Press|p2a: Ogerpon\n|-supereffective|p2a: Ogerpon\n|-ability|p2a: Ogerpon|Sturdy\n|-damage|p2a: Ogerpon|1\/100\n|move|p2a: Ogerpon|Ivy Cudgel|p1b: Rillaboom|[anim] Ivy Cudgel Rock\n|-damage|p1b: Rillaboom|0 fnt\n|faint|p1b: Rillaboom\n|\n|-weather|Sandstorm|[upkeep]\n|-heal|p2a: Ogerpon|7\/100|[from] Grassy Terrain\n|upkeep\n|\n|t:|1722425013\n|switch|p2b: Calyrex|Calyrex-Ice, L50|100\/100\n|switch|p1b: Latios|Latios, L50, M|100\/100\n|-ability|p2b: Calyrex|As One\n|-ability|p2b: Calyrex|Unnerve\n|turn|3\n|\n|t:|1722425032\n|-terastallize|p1b: Latios|Fire\n|-terastallize|p2b: Calyrex|Water\n|move|p1b: Latios|Tera Blast|p2b: Calyrex|[anim] Tera Blast Fire\n|-resisted|p2b: Calyrex\n|-damage|p2b: Calyrex|82\/100\n|-damage|p1b: Latios|91\/100|[from] item: Life Orb\n|move|p1a: Zamazenta|Body Press|p2a: Ogerpon\n|-supereffective|p2a: Ogerpon\n|-damage|p2a: Ogerpon|0 fnt\n|faint|p2a: Ogerpon\n|move|p2b: Calyrex|Trick Room|p2b: Calyrex\n|-fieldstart|move: Trick Room|[of] p2b: Calyrex\n|\n|-weather|Sandstorm|[upkeep]\n|-damage|p2b: Calyrex|76\/100|[from] Sandstorm\n|-damage|p1b: Latios|85\/100|[from] Sandstorm\n|-heal|p2b: Calyrex|82\/100|[from] Grassy Terrain\n|upkeep\n|\n|t:|1722425048\n|switch|p2a: Raging Bolt|Raging Bolt, L50|100\/100\n|-enditem|p2a: Raging Bolt|Booster Energy\n|-activate|p2a: Raging Bolt|ability: Protosynthesis|[fromitem]\n|-start|p2a: Raging Bolt|protosynthesisspa\n|turn|4\n|\n|t:|1722425075\n|move|p1a: Zamazenta|Protect|p1a: Zamazenta\n|-singleturn|p1a: Zamazenta|Protect\n|move|p1b: Latios|Protect|p1b: Latios\n|-singleturn|p1b: Latios|Protect\n|move|p2b: Calyrex|High Horsepower|p1a: Zamazenta\n|-activate|p1a: Zamazenta|move: Protect\n|move|p2a: Raging Bolt|Thunderbolt|p1a: Zamazenta\n|-activate|p1a: Zamazenta|move: Protect\n|\n|-weather|Sandstorm|[upkeep]\n|-damage|p2b: Calyrex|76\/100|[from] Sandstorm\n|-damage|p2a: Raging Bolt|94\/100|[from] Sandstorm\n|-damage|p1b: Latios|79\/100|[from] Sandstorm\n|-heal|p2b: Calyrex|82\/100|[from] Grassy Terrain\n|-heal|p2a: Raging Bolt|100\/100|[from] Grassy Terrain\n|upkeep\n|turn|5\n|j| Maushold-13P\n|l| bluestraggler01\n|inactive|FreezyPop439 has 30 seconds left.\n|\n|t:|1722425109\n|move|p2b: Calyrex|Glacial Lance|p1a: Zamazenta|[spread] p1a,p1b\n|-resisted|p1a: Zamazenta\n|-resisted|p1b: Latios\n|-damage|p1a: Zamazenta|90\/100\n|-damage|p1b: Latios|37\/100\n|move|p2a: Raging Bolt|Thunderbolt|p1b: Latios\n|-damage|p1b: Latios|0 fnt\n|faint|p1b: Latios\n|move|p1a: Zamazenta|Body Press|p2b: Calyrex\n|-damage|p2b: Calyrex|39\/100\n|\n|-weather|none\n|-heal|p2b: Calyrex|45\/100|[from] Grassy Terrain\n|-heal|p1a: Zamazenta|96\/100|[from] Grassy Terrain\n|-fieldend|move: Grassy Terrain\n|upkeep\n|\n|t:|1722425122\n|switch|p1b: Tyranitar|Tyranitar, L50, M|100\/100\n|-weather|Sandstorm|[from] ability: Sand Stream|[of] p1b: Tyranitar\n|turn|6\n|\n|t:|1722425137\n|move|p1b: Tyranitar|Protect|p1b: Tyranitar\n|-singleturn|p1b: Tyranitar|Protect\n|move|p1a: Zamazenta|Protect|p1a: Zamazenta\n|-singleturn|p1a: Zamazenta|Protect\n|move|p2b: Calyrex|Glacial Lance|p1b: Tyranitar|[spread] \n|-activate|p1a: Zamazenta|move: Protect\n|-activate|p1b: Tyranitar|move: Protect\n|move|p2a: Raging Bolt|Thunderbolt|p1b: Tyranitar\n|-activate|p1b: Tyranitar|move: Protect\n|\n|-weather|Sandstorm|[upkeep]\n|-damage|p2b: Calyrex|39\/100|[from] Sandstorm\n|-damage|p2a: Raging Bolt|94\/100|[from] Sandstorm\n|upkeep\n|turn|7\n|inactive|FreezyPop439 has 30 seconds left.\n|inactive|chuanOVO has 30 seconds left.\n|\n|t:|1722425165\n|move|p2b: Calyrex|High Horsepower|p1b: Tyranitar\n|-supereffective|p1b: Tyranitar\n|-damage|p1b: Tyranitar|22\/100\n|move|p2a: Raging Bolt|Thunderbolt|p1b: Tyranitar\n|-damage|p1b: Tyranitar|0 fnt\n|faint|p1b: Tyranitar\n|move|p1a: Zamazenta|Body Press|p2b: Calyrex\n|-damage|p2b: Calyrex|0 fnt\n|faint|p2b: Calyrex\n|\n|-weather|Sandstorm|[upkeep]\n|-damage|p2a: Raging Bolt|88\/100|[from] Sandstorm\n|-fieldend|move: Trick Room\n|upkeep\n|turn|8\n|\n|t:|1722425179\n|move|p1a: Zamazenta|Body Press|p2a: Raging Bolt\n|-damage|p2a: Raging Bolt|36\/100\n|move|p2a: Raging Bolt|Thunderbolt|p1a: Zamazenta\n|-damage|p1a: Zamazenta|51\/100\n|\n|-weather|Sandstorm|[upkeep]\n|-damage|p2a: Raging Bolt|30\/100|[from] Sandstorm\n|upkeep\n|turn|9\n|-message|chuanOVO forfeited.\n|\n|win|FreezyPop439\n|raw|FreezyPop439's rating: 1652 &rarr; <strong>1679<\/strong><br \/>(+27 for winning)\n|raw|chuanOVO's rating: 1770 &rarr; <strong>1743<\/strong><br \/>(-27 for losing)\n|l|\u2606chuanOVO\n|player|p2|\n","uploadtime":1722425193,"views":28,"formatid":"gen9vgc2024regg","rating":1679,"private":0,"password":null}