{"id":"gen9vgc2024regg-2170894898","format":"[Gen 9] VGC 2024 Reg G","players":["Bbqsus","Malooch"],"log":"|j|\u2606Bbqsus\n|j|\u2606Malooch\n|t:|1722449216\n|gametype|doubles\n|player|p1|Bbqsus|2|1693\n|player|p2|Malooch|265|1732\n|teamsize|p1|6\n|teamsize|p2|6\n|gen|9\n|tier|[Gen 9] VGC 2024 Reg G\n|rated|\n|rule|Species Clause: Limit one of each Pok\u00e9mon\n|rule|Item Clause: Limit one of each item\n|clearpoke\n|poke|p1|Lunala, L50|\n|poke|p1|Landorus-Therian, L50, M|\n|poke|p1|Indeedee-F, L50, F|\n|poke|p1|Torkoal, L50, M|\n|poke|p1|Flutter Mane, L50|\n|poke|p1|Ursaluna, L50, M|\n|poke|p2|Miraidon, L50|\n|poke|p2|Urshifu-*, L50, F|\n|poke|p2|Grimmsnarl, L50, M|\n|poke|p2|Iron Hands, L50|\n|poke|p2|Volcarona, L50, M|\n|poke|p2|Kingambit, L50, F|\n|teampreview|4\n|inactive|Battle timer is ON: inactive players will automatically lose when time's up. (requested by Bbqsus)\n|j| dododano\n|j| Krisuerte\n|inactive|Malooch has 60 seconds left.\n|inactive|Malooch has 30 seconds left.\n|\n|t:|1722449278\n|start\n|switch|p1a: Im da jokah baby|Lunala, L50, shiny|100\/100\n|switch|p1b: Indeedee-pronoun|Indeedee-F, L50, F, shiny|100\/100\n|switch|p2a: Kingambit|Kingambit, L50, F|100\/100\n|switch|p2b: Urshifu|Urshifu-Rapid-Strike, L50, F|100\/100\n|-fieldstart|move: Psychic Terrain|[from] ability: Psychic Surge|[of] p1b: Indeedee-pronoun\n|turn|1\n|j| raichupik\n|inactive|Bbqsus has 30 seconds left.\n|l|\u2606Bbqsus\n|inactive|Bbqsus disconnected and has a minute to reconnect!\n|player|p1|\n|inactive|Bbqsus has 20 seconds left.\n|inactive|Bbqsus has 15 seconds left.\n|j|\u2606Bbqsus\n|inactive|Bbqsus reconnected and has 15 seconds left.\n|player|p1|Bbqsus|2|\n|inactive|Bbqsus has 10 seconds left.\n|inactive|Bbqsus has 5 seconds left.\n|\n|t:|1722449330\n|switch|p2a: Miraidon|Miraidon, L50|100\/100\n|-fieldstart|move: Electric Terrain|[from] ability: Hadron Engine|[of] p2a: Miraidon\n|move|p2b: Urshifu|Taunt|p1b: Indeedee-pronoun\n|-start|p1b: Indeedee-pronoun|move: Taunt\n|move|p1a: Im da jokah baby|Expanding Force|p2b: Urshifu\n|-supereffective|p2b: Urshifu\n|-damage|p2b: Urshifu|0 fnt\n|faint|p2b: Urshifu\n|cant|p1b: Indeedee-pronoun|move: Taunt|Trick Room\n|\n|upkeep\n|j| shanehuang99\n|\n|t:|1722449351\n|switch|p2b: Kingambit|Kingambit, L50, F|100\/100\n|turn|2\n|inactive|Bbqsus has 30 seconds left.\n|inactive|Malooch has 30 seconds left.\n|\n|t:|1722449385\n|switch|p1a: Bigbluehouse|Ursaluna, L50, M, shiny|100\/100\n|move|p2a: Miraidon|Draco Meteor|p1b: Indeedee-pronoun\n|-damage|p1b: Indeedee-pronoun|16\/100\n|-unboost|p2a: Miraidon|spa|2\n|move|p1b: Indeedee-pronoun|Dazzling Gleam|p2b: Kingambit|[spread] p2a,p2b\n|-supereffective|p2a: Miraidon\n|-damage|p2a: Miraidon|80\/100\n|-damage|p2b: Kingambit|87\/100\n|move|p2b: Kingambit|Kowtow Cleave|p1b: Indeedee-pronoun\n|-supereffective|p1b: Indeedee-pronoun\n|-damage|p1b: Indeedee-pronoun|0 fnt\n|faint|p1b: Indeedee-pronoun\n|\n|-status|p1a: Bigbluehouse|brn|[from] item: Flame Orb\n|upkeep\n|\n|t:|1722449400\n|switch|p1b: Im da jokah baby|Lunala, L50, shiny|100\/100\n|turn|3\n|inactive|Malooch has 30 seconds left.\n|\n|t:|1722449426\n|move|p2b: Kingambit|Protect|p2b: Kingambit\n|-singleturn|p2b: Kingambit|Protect\n|move|p2a: Miraidon|Draco Meteor|p1a: Bigbluehouse\n|-damage|p1a: Bigbluehouse|46\/100 brn\n|-unboost|p2a: Miraidon|spa|2\n|move|p1b: Im da jokah baby|Meteor Beam||[still]\n|-prepare|p1b: Im da jokah baby|Meteor Beam\n|-boost|p1b: Im da jokah baby|spa|1\n|-enditem|p1b: Im da jokah baby|Power Herb\n|-anim|p1b: Im da jokah baby|Meteor Beam|p2a: Miraidon|[miss]\n|-miss|p1b: Im da jokah baby|p2a: Miraidon\n|move|p1a: Bigbluehouse|Facade|p2b: Kingambit\n|-activate|p2b: Kingambit|move: Protect\n|\n|-damage|p1a: Bigbluehouse|40\/100 brn|[from] brn\n|upkeep\n|turn|4\n|inactive|Bbqsus has 30 seconds left.\n|inactive|Malooch has 30 seconds left.\n|\n|t:|1722449459\n|-terastallize|p1a: Bigbluehouse|Fairy\n|move|p2b: Kingambit|Sucker Punch|p1a: Bigbluehouse\n|-resisted|p1a: Bigbluehouse\n|-damage|p1a: Bigbluehouse|25\/100 brn\n|move|p2a: Miraidon|Draco Meteor|p1b: Im da jokah baby\n|-damage|p1b: Im da jokah baby|85\/100\n|-unboost|p2a: Miraidon|spa|2\n|move|p1b: Im da jokah baby|Moongeist Beam|p2a: Miraidon\n|-damage|p2a: Miraidon|9\/100\n|move|p1a: Bigbluehouse|Headlong Rush|p2b: Kingambit\n|-supereffective|p2b: Kingambit\n|-damage|p2b: Kingambit|0 fnt\n|-unboost|p1a: Bigbluehouse|def|1\n|-unboost|p1a: Bigbluehouse|spd|1\n|faint|p2b: Kingambit\n|\n|-damage|p1a: Bigbluehouse|19\/100 brn|[from] brn\n|upkeep\n|\n|t:|1722449473\n|switch|p2b: Iron Hands|Iron Hands, L50|100\/100\n|-activate|p2b: Iron Hands|ability: Quark Drive\n|-start|p2b: Iron Hands|quarkdriveatk\n|turn|5\n|l| Krisuerte\n|inactive|Malooch has 30 seconds left.\n|\n|t:|1722449500\n|-terastallize|p2b: Iron Hands|Water\n|move|p1a: Bigbluehouse|Protect|p1a: Bigbluehouse\n|-singleturn|p1a: Bigbluehouse|Protect\n|move|p2a: Miraidon|Draco Meteor|p1b: Im da jokah baby\n|-damage|p1b: Im da jokah baby|61\/100\n|move|p1b: Im da jokah baby|Expanding Force|p2b: Iron Hands\n|-damage|p2b: Iron Hands|65\/100\n|move|p2b: Iron Hands|Wild Charge|p1b: Im da jokah baby\n|-damage|p1b: Im da jokah baby|0 fnt\n|faint|p1b: Im da jokah baby\n|-damage|p2b: Iron Hands|51\/100|[from] Recoil\n|\n|-damage|p1a: Bigbluehouse|13\/100 brn|[from] brn\n|-fieldend|move: Electric Terrain\n|-end|p2b: Iron Hands|Quark Drive\n|upkeep\n|\n|t:|1722449512\n|switch|p1b: Krakatoa|Torkoal, L50, M, shiny|100\/100\n|-weather|SunnyDay|[from] ability: Drought|[of] p1b: Krakatoa\n|turn|6\n|\n|t:|1722449535\n|move|p1b: Krakatoa|Protect|p1b: Krakatoa\n|-singleturn|p1b: Krakatoa|Protect\n|move|p2a: Miraidon|Draco Meteor|p1b: Krakatoa\n|-activate|p1b: Krakatoa|move: Protect\n|move|p1a: Bigbluehouse|Facade|p2b: Iron Hands\n|-damage|p2b: Iron Hands|0 fnt\n|faint|p2b: Iron Hands\n|-end|p2b: Iron Hands|Quark Drive|[silent]\n|\n|-weather|SunnyDay|[upkeep]\n|-damage|p1a: Bigbluehouse|7\/100 brn|[from] brn\n|upkeep\n|turn|7\n|c|\u2606Malooch|gg\n|-message|Malooch forfeited.\n|\n|win|Bbqsus\n|raw|Bbqsus's rating: 1693 &rarr; <strong>1715<\/strong><br \/>(+22 for winning)\n|raw|Malooch's rating: 1732 &rarr; <strong>1710<\/strong><br \/>(-22 for losing)\n|l|\u2606Malooch\n|player|p2|\n|c|\u2606Bbqsus|Gg\n|l|\u2606Bbqsus\n|player|p1|\n|l| dododano\n|l| shanehuang99\n|l| raichupik\n","uploadtime":1722449733,"views":18,"formatid":"gen9vgc2024regg","rating":1710,"private":0,"password":null}