{"id":"gen9vgc2024regg-2170664572","format":"[Gen 9] VGC 2024 Reg G","players":["YuanqiNono","SERENA2024"],"log":"|j|\u2606YuanqiNono\n|j|\u2606SERENA2024\n|t:|1722418931\n|gametype|doubles\n|player|p1|YuanqiNono|266|1808\n|player|p2|SERENA2024|169|1751\n|teamsize|p1|6\n|teamsize|p2|6\n|gen|9\n|tier|[Gen 9] VGC 2024 Reg G\n|rated|\n|rule|Species Clause: Limit one of each Pok\u00e9mon\n|rule|Item Clause: Limit one of each item\n|clearpoke\n|poke|p1|Zacian-*, L50|\n|poke|p1|Amoonguss, L50, M|\n|poke|p1|Urshifu-*, L50, F|\n|poke|p1|Raging Bolt, L50|\n|poke|p1|Gholdengo, L50|\n|poke|p1|Tornadus, L50, M|\n|poke|p2|Calyrex-Shadow, L50|\n|poke|p2|Maushold, L50|\n|poke|p2|Tatsugiri-Droopy, L50, F|\n|poke|p2|Dondozo, L50, F|\n|poke|p2|Weezing-Galar, L50, F|\n|poke|p2|Urshifu-*, L50, M|\n|teampreview|4\n|\n|t:|1722418969\n|start\n|switch|p1a: Zacian|Zacian-Crowned, L50|100\/100\n|switch|p1b: Raging Bolt|Raging Bolt, L50|100\/100\n|switch|p2a: Maushold|Maushold, L50, shiny|100\/100\n|switch|p2b: Calyrex|Calyrex-Shadow, L50|100\/100\n|-ability|p2b: Calyrex|As One\n|-ability|p2b: Calyrex|Unnerve\n|-ability|p1a: Zacian|Intrepid Sword|boost\n|-boost|p1a: Zacian|atk|1\n|turn|1\n|\n|t:|1722418985\n|-terastallize|p2b: Calyrex|Ghost\n|-terastallize|p1a: Zacian|Normal\n|move|p2a: Maushold|Helping Hand|p2b: Calyrex\n|-singleturn|p2b: Calyrex|Helping Hand|[of] p2a: Maushold\n|move|p2b: Calyrex|Astral Barrage|p1a: Zacian|[spread] p1b\n|-immune|p1a: Zacian\n|-damage|p1b: Raging Bolt|0 fnt\n|faint|p1b: Raging Bolt\n|-end|p1b: Raging Bolt|Protosynthesis|[silent]\n|-ability|p2b: Calyrex|Grim Neigh|boost\n|-boost|p2b: Calyrex|spa|1\n|move|p1a: Zacian|Sacred Sword|p2a: Maushold\n|-supereffective|p2a: Maushold\n|-damage|p2a: Maushold|20\/100\n|-damage|p1a: Zacian|84\/100|[from] item: Rocky Helmet|[of] p2a: Maushold\n|\n|upkeep\n|inactive|Battle timer is ON: inactive players will automatically lose when time's up. (requested by SERENA2024)\n|j| rabbithorn01\n|\n|t:|1722419004\n|switch|p1b: Urshifu|Urshifu-Rapid-Strike, L50, F|100\/100\n|turn|2\n|\n|t:|1722419012\n|switch|p2b: Tatsugiri|Tatsugiri-Droopy, L50, F, shiny|100\/100\n|switch|p2a: Dondozo|Dondozo, L50, F|100\/100\n|-activate|p2b: Tatsugiri|ability: Commander|[of] p2a: Dondozo\n|-boost|p2a: Dondozo|atk|2\n|-boost|p2a: Dondozo|spa|2\n|-boost|p2a: Dondozo|spe|2\n|-boost|p2a: Dondozo|def|2\n|-boost|p2a: Dondozo|spd|2\n|move|p1b: Urshifu|Surging Strikes|p2a: Dondozo\n|-resisted|p2a: Dondozo\n|-crit|p2a: Dondozo\n|-damage|p2a: Dondozo|92\/100\n|-resisted|p2a: Dondozo\n|-crit|p2a: Dondozo\n|-damage|p2a: Dondozo|84\/100\n|-resisted|p2a: Dondozo\n|-crit|p2a: Dondozo\n|-damage|p2a: Dondozo|77\/100\n|-hitcount|p2a: Dondozo|3\n|move|p1a: Zacian|Behemoth Blade|p2b: Tatsugiri|[miss]\n|-miss|p1a: Zacian|p2b: Tatsugiri\n|\n|-heal|p2a: Dondozo|83\/100|[from] item: Leftovers\n|upkeep\n|turn|3\n|\n|t:|1722419036\n|switch|p1b: Amoonguss|Amoonguss, L50, M|100\/100\n|move|p1a: Zacian|Protect|p1a: Zacian\n|-singleturn|p1a: Zacian|Protect\n|move|p2a: Dondozo|Body Press|p1a: Zacian\n|-activate|p1a: Zacian|move: Protect\n|\n|-heal|p2a: Dondozo|89\/100|[from] item: Leftovers\n|upkeep\n|turn|4\n|\n|t:|1722419054\n|switch|p1a: Urshifu|Urshifu-Rapid-Strike, L50, F|100\/100\n|move|p2a: Dondozo|Protect|p2a: Dondozo\n|-singleturn|p2a: Dondozo|Protect\n|move|p1b: Amoonguss|Clear Smog|p2a: Dondozo\n|-activate|p2a: Dondozo|move: Protect\n|\n|-heal|p2a: Dondozo|95\/100|[from] item: Leftovers\n|upkeep\n|turn|5\n|\n|t:|1722419067\n|move|p1a: Urshifu|Surging Strikes|p2a: Dondozo\n|-resisted|p2a: Dondozo\n|-crit|p2a: Dondozo\n|-damage|p2a: Dondozo|88\/100\n|-resisted|p2a: Dondozo\n|-crit|p2a: Dondozo\n|-damage|p2a: Dondozo|80\/100\n|-resisted|p2a: Dondozo\n|-crit|p2a: Dondozo\n|-damage|p2a: Dondozo|72\/100\n|-hitcount|p2a: Dondozo|3\n|move|p2a: Dondozo|Earthquake|p1a: Urshifu|[spread] p1a,p1b\n|-miss|p2a: Dondozo|p2b: Tatsugiri\n|-damage|p1a: Urshifu|53\/100\n|-damage|p1b: Amoonguss|62\/100\n|move|p1b: Amoonguss|Clear Smog|p2a: Dondozo\n|-damage|p2a: Dondozo|65\/100\n|-clearboost|p2a: Dondozo\n|\n|-heal|p2a: Dondozo|72\/100|[from] item: Leftovers\n|upkeep\n|turn|6\n|inactive|YuanqiNono has 30 seconds left.\n|\n|t:|1722419093\n|move|p1a: Urshifu|Surging Strikes|p2a: Dondozo\n|-resisted|p2a: Dondozo\n|-crit|p2a: Dondozo\n|-damage|p2a: Dondozo|64\/100\n|-resisted|p2a: Dondozo\n|-crit|p2a: Dondozo\n|-damage|p2a: Dondozo|56\/100\n|-resisted|p2a: Dondozo\n|-crit|p2a: Dondozo\n|-damage|p2a: Dondozo|48\/100\n|-hitcount|p2a: Dondozo|3\n|move|p2a: Dondozo|Earthquake|p1b: Amoonguss|[spread] p1a,p1b\n|-miss|p2a: Dondozo|p2b: Tatsugiri\n|-damage|p1a: Urshifu|29\/100\n|-damage|p1b: Amoonguss|45\/100\n|move|p1b: Amoonguss|Pollen Puff|p1a: Urshifu\n|-heal|p1a: Urshifu|79\/100\n|\n|-heal|p2a: Dondozo|55\/100|[from] item: Leftovers\n|upkeep\n|turn|7\n|\n|t:|1722419113\n|move|p1a: Urshifu|Surging Strikes|p2a: Dondozo\n|-resisted|p2a: Dondozo\n|-crit|p2a: Dondozo\n|-damage|p2a: Dondozo|47\/100\n|-resisted|p2a: Dondozo\n|-crit|p2a: Dondozo\n|-damage|p2a: Dondozo|39\/100\n|-resisted|p2a: Dondozo\n|-crit|p2a: Dondozo\n|-damage|p2a: Dondozo|32\/100\n|-hitcount|p2a: Dondozo|3\n|move|p2a: Dondozo|Order Up|p1b: Amoonguss\n|-damage|p1b: Amoonguss|27\/100\n|-boost|p2a: Dondozo|def|1\n|move|p1b: Amoonguss|Spore|p2a: Dondozo\n|-status|p2a: Dondozo|slp|[from] move: Spore\n|\n|-heal|p2a: Dondozo|38\/100 slp|[from] item: Leftovers\n|upkeep\n|turn|8\n|\n|t:|1722419132\n|switch|p1b: Zacian|Zacian-Crowned, L50, tera:Normal|84\/100\n|move|p1a: Urshifu|Surging Strikes|p2a: Dondozo\n|-resisted|p2a: Dondozo\n|-crit|p2a: Dondozo\n|-damage|p2a: Dondozo|32\/100 slp\n|-resisted|p2a: Dondozo\n|-crit|p2a: Dondozo\n|-damage|p2a: Dondozo|24\/100 slp\n|-resisted|p2a: Dondozo\n|-crit|p2a: Dondozo\n|-damage|p2a: Dondozo|17\/100 slp\n|-hitcount|p2a: Dondozo|3\n|cant|p2a: Dondozo|slp\n|\n|-heal|p2a: Dondozo|23\/100 slp|[from] item: Leftovers\n|upkeep\n|turn|9\n|\n|t:|1722419154\n|switch|p1b: Amoonguss|Amoonguss, L50, M|60\/100\n|move|p1a: Urshifu|Surging Strikes|p2a: Dondozo\n|-resisted|p2a: Dondozo\n|-crit|p2a: Dondozo\n|-damage|p2a: Dondozo|16\/100 slp\n|-resisted|p2a: Dondozo\n|-crit|p2a: Dondozo\n|-damage|p2a: Dondozo|9\/100 slp\n|-resisted|p2a: Dondozo\n|-crit|p2a: Dondozo\n|-damage|p2a: Dondozo|1\/100 slp\n|-hitcount|p2a: Dondozo|3\n|cant|p2a: Dondozo|slp\n|\n|-heal|p2a: Dondozo|8\/100 slp|[from] item: Leftovers\n|upkeep\n|turn|10\n|\n|t:|1722419172\n|move|p1a: Urshifu|Surging Strikes|p2a: Dondozo\n|-resisted|p2a: Dondozo\n|-crit|p2a: Dondozo\n|-damage|p2a: Dondozo|0 fnt\n|faint|p2a: Dondozo\n|-hitcount|p2: Dondozo|1\n|move|p1b: Amoonguss|Spore|p2b: Tatsugiri\n|-status|p2b: Tatsugiri|slp|[from] move: Spore\n|\n|upkeep\n|\n|t:|1722419181\n|switch|p2a: Calyrex|Calyrex-Shadow, L50, tera:Ghost|100\/100\n|-ability|p2a: Calyrex|As One\n|-ability|p2a: Calyrex|Unnerve\n|turn|11\n|\n|t:|1722419190\n|switch|p2b: Maushold|Maushold, L50, shiny|20\/100\n|move|p1a: Urshifu|Surging Strikes|p2a: Calyrex\n|-crit|p2a: Calyrex\n|-damage|p2a: Calyrex|82\/100\n|-crit|p2a: Calyrex\n|-damage|p2a: Calyrex|63\/100\n|-crit|p2a: Calyrex\n|-damage|p2a: Calyrex|45\/100\n|-hitcount|p2a: Calyrex|3\n|move|p2a: Calyrex|Astral Barrage|p1a: Urshifu|[spread] p1a,p1b\n|-damage|p1a: Urshifu|0 fnt\n|-damage|p1b: Amoonguss|0 fnt\n|faint|p1a: Urshifu\n|faint|p1b: Amoonguss\n|-ability|p2a: Calyrex|Grim Neigh|boost\n|-boost|p2a: Calyrex|spa|2\n|\n|upkeep\n|\n|t:|1722419207\n|switch|p1a: Zacian|Zacian-Crowned, L50, tera:Normal|84\/100\n|turn|12\n|\n|t:|1722419218\n|switch|p2a: Tatsugiri|Tatsugiri-Droopy, L50, F, shiny|100\/100 slp\n|move|p2b: Maushold|Feint|p1a: Zacian\n|-damage|p1a: Zacian|77\/100\n|move|p1a: Zacian|Behemoth Blade|p2b: Maushold\n|-damage|p2b: Maushold|0 fnt\n|-damage|p1a: Zacian|60\/100|[from] item: Rocky Helmet|[of] p2b: Maushold\n|faint|p2b: Maushold\n|\n|upkeep\n|\n|t:|1722419221\n|switch|p2b: Calyrex|Calyrex-Shadow, L50, tera:Ghost|45\/100\n|-ability|p2b: Calyrex|As One\n|-ability|p2b: Calyrex|Unnerve\n|turn|13\n|\n|t:|1722419234\n|move|p2b: Calyrex|Psychic|p1a: Zacian\n|-damage|p1a: Zacian|0 fnt\n|faint|p1a: Zacian\n|\n|win|SERENA2024\n|raw|YuanqiNono's rating: 1808 &rarr; <strong>1785<\/strong><br \/>(-23 for losing)\n|raw|SERENA2024's rating: 1751 &rarr; <strong>1774<\/strong><br \/>(+23 for winning)\n|l|\u2606YuanqiNono\n|player|p1|\n|l| rabbithorn01\n|j| Into Leon\n|l|\u2606SERENA2024\n|player|p2|\n","uploadtime":1722419244,"views":55,"formatid":"gen9vgc2024regg","rating":1774,"private":0,"password":null}