{"id":"gen9vgc2024regg-2170931116","format":"[Gen 9] VGC 2024 Reg G","players":["Jetshavel","Slackermaru"],"log":"|j|\u2606Jetshavel\n|j|\u2606Slackermaru\n|t:|1722453259\n|gametype|doubles\n|player|p1|Jetshavel|101|1721\n|player|p2|Slackermaru|workerice|1698\n|teamsize|p1|6\n|teamsize|p2|6\n|gen|9\n|tier|[Gen 9] VGC 2024 Reg G\n|rated|\n|rule|Species Clause: Limit one of each Pok\u00e9mon\n|rule|Item Clause: Limit one of each item\n|clearpoke\n|poke|p1|Pelipper, L50, F|\n|poke|p1|Zamazenta-*, L50|\n|poke|p1|Raging Bolt, L50|\n|poke|p1|Iron Jugulis, L50|\n|poke|p1|Incineroar, L50, M|\n|poke|p1|Rillaboom, L50, F|\n|poke|p2|Ditto, L50|\n|poke|p2|Urshifu-*, L50, F|\n|poke|p2|Farigiraf, L50, F|\n|poke|p2|Raging Bolt, L50|\n|poke|p2|Calyrex-Ice, L50|\n|poke|p2|Ogerpon-Cornerstone, L50, F|\n|teampreview|4\nJetshavel has agreed to open team sheets.\nSlackermaru has agreed to open team sheets.\n|\n|t:|1722453293\n|start\n|switch|p1a: Incineroar|Incineroar, L50, M|100\/100\n|switch|p1b: Raging Bolt|Raging Bolt, L50|100\/100\n|switch|p2a: Urshifu|Urshifu-Rapid-Strike, L50, F|100\/100\n|switch|p2b: Calyrex|Calyrex-Ice, L50|100\/100\n|-ability|p2b: Calyrex|As One\n|-ability|p2b: Calyrex|Unnerve\n|-ability|p1a: Incineroar|Intimidate|boost\n|-unboost|p2a: Urshifu|atk|1\n|-fail|p2b: Calyrex|unboost|[from] item: Clear Amulet|[of] p2b: Calyrex\n|turn|1\n|\n|t:|1722453326\n|-terastallize|p1b: Raging Bolt|Water\n|move|p1a: Incineroar|Fake Out|p2a: Urshifu\n|-damage|p2a: Urshifu|90\/100\n|cant|p2a: Urshifu|flinch\n|move|p1b: Raging Bolt|Calm Mind|p1b: Raging Bolt\n|-boost|p1b: Raging Bolt|spa|1\n|-boost|p1b: Raging Bolt|spd|1\n|move|p2b: Calyrex|Glacial Lance|p1b: Raging Bolt|[spread] p1a,p1b\n|-resisted|p1a: Incineroar\n|-resisted|p1b: Raging Bolt\n|-damage|p1a: Incineroar|80\/100\n|-damage|p1b: Raging Bolt|83\/100\n|\n|-heal|p1b: Raging Bolt|89\/100|[from] item: Leftovers\n|upkeep\n|turn|2\n|\n|t:|1722453355\n|switch|p2a: Ditto|Ditto, L50|100\/100\n|-transform|p2a: Ditto|p1b: Raging Bolt|[from] ability: Imposter\n|switch|p2b: Raging Bolt|Raging Bolt, L50|100\/100\n|move|p1b: Raging Bolt|Thunderclap||[still]\n|-fail|p1b: Raging Bolt\n|move|p1a: Incineroar|Will-O-Wisp|p2b: Raging Bolt|[miss]\n|-miss|p1a: Incineroar|p2b: Raging Bolt\n|\n|-heal|p1b: Raging Bolt|95\/100|[from] item: Leftovers\n|upkeep\n|-start|p2a: Ditto|typechange|Electric\/Dragon|[silent]\n|turn|3\n|\n|t:|1722453391\n|move|p1b: Raging Bolt|Protect|p1b: Raging Bolt\n|-singleturn|p1b: Raging Bolt|Protect\n|move|p2a: Ditto|Dragon Pulse|p1b: Raging Bolt\n|-activate|p1b: Raging Bolt|move: Protect\n|move|p2b: Raging Bolt|Volt Switch|p1b: Raging Bolt\n|-activate|p1b: Raging Bolt|move: Protect\n|move|p1a: Incineroar|Parting Shot|p2a: Ditto\n|-unboost|p2a: Ditto|atk|1\n|-unboost|p2a: Ditto|spa|1\n|\n|t:|1722453402\n|switch|p1a: Zamazenta|Zamazenta-Crowned, L50|100\/100|[from] Parting Shot\n|-ability|p1a: Zamazenta|Dauntless Shield|boost\n|-boost|p1a: Zamazenta|def|1\n|\n|-heal|p1b: Raging Bolt|100\/100|[from] item: Leftovers\n|upkeep\n|turn|4\n|\n|t:|1722453424\n|-terastallize|p2b: Raging Bolt|Electric\n|move|p1a: Zamazenta|Body Press|p2b: Raging Bolt\n|-damage|p2b: Raging Bolt|42\/100\n|move|p2a: Ditto|Dragon Pulse|p1b: Raging Bolt\n|-damage|p1b: Raging Bolt|78\/100\n|move|p2b: Raging Bolt|Electroweb|p1b: Raging Bolt|[spread] p1a,p1b\n|-supereffective|p1b: Raging Bolt\n|-damage|p1a: Zamazenta|75\/100\n|-damage|p1b: Raging Bolt|42\/100\n|-unboost|p1a: Zamazenta|spe|1\n|-unboost|p1b: Raging Bolt|spe|1\n|move|p1b: Raging Bolt|Dragon Pulse|p2b: Raging Bolt\n|-damage|p2b: Raging Bolt|1\/100\n|\n|-heal|p1b: Raging Bolt|48\/100|[from] item: Leftovers\n|upkeep\n|turn|5\n|j| Coldblooded0706\n|inactive|Battle timer is ON: inactive players will automatically lose when time's up. (requested by Jetshavel)\n|\n|t:|1722453465\n|move|p1b: Raging Bolt|Protect|p1b: Raging Bolt\n|-singleturn|p1b: Raging Bolt|Protect\n|move|p2b: Raging Bolt|Thunderclap|p1a: Zamazenta\n|-damage|p1a: Zamazenta|38\/100\n|move|p2a: Ditto|Dragon Pulse|p1b: Raging Bolt\n|-activate|p1b: Raging Bolt|move: Protect\n|move|p1a: Zamazenta|Body Press|p2b: Raging Bolt\n|-damage|p2b: Raging Bolt|0 fnt\n|faint|p2b: Raging Bolt\n|-end|p2b: Raging Bolt|Protosynthesis|[silent]\n|\n|-heal|p1b: Raging Bolt|54\/100|[from] item: Leftovers\n|upkeep\n|j| Shawtle7\n|\n|t:|1722453478\n|switch|p2b: Calyrex|Calyrex-Ice, L50|100\/100\n|-ability|p2b: Calyrex|As One\n|-ability|p2b: Calyrex|Unnerve\n|turn|6\n|j| w outis\n|inactive|Jetshavel has 30 seconds left.\n|inactive|Jetshavel has 20 seconds left.\n|\n|t:|1722453516\n|move|p2a: Ditto|Dragon Pulse|p1b: Raging Bolt\n|-damage|p1b: Raging Bolt|30\/100\n|move|p1a: Zamazenta|Body Press|p2b: Calyrex\n|-crit|p2b: Calyrex\n|-damage|p2b: Calyrex|39\/100\n|move|p2b: Calyrex|High Horsepower|p1a: Zamazenta|[miss]\n|-miss|p2b: Calyrex|p1a: Zamazenta\n|move|p1b: Raging Bolt|Dragon Pulse|p2b: Calyrex\n|-damage|p2b: Calyrex|0 fnt\n|faint|p2b: Calyrex\n|\n|-heal|p1b: Raging Bolt|36\/100|[from] item: Leftovers\n|upkeep\n|c|\u2606Jetshavel|mb\n|\n|t:|1722453533\n|switch|p2b: Urshifu|Urshifu-Rapid-Strike, L50, F|90\/100\n|turn|7\n|l| Coldblooded0706\n|\n|t:|1722453544\n|move|p2b: Urshifu|Protect|p2b: Urshifu\n|-singleturn|p2b: Urshifu|Protect\n|move|p1b: Raging Bolt|Thunderclap||[still]\n|-fail|p1b: Raging Bolt\n|move|p2a: Ditto|Dragon Pulse|p1a: Zamazenta\n|-resisted|p1a: Zamazenta\n|-damage|p1a: Zamazenta|20\/100\n|move|p1a: Zamazenta|Body Press|p2a: Ditto\n|-damage|p2a: Ditto|23\/100\n|\n|-heal|p1b: Raging Bolt|42\/100|[from] item: Leftovers\n|upkeep\n|turn|8\n|-message|Slackermaru forfeited.\n|\n|win|Jetshavel\n|raw|Jetshavel's rating: 1721 &rarr; <strong>1740<\/strong><br \/>(+19 for winning)\n|raw|Slackermaru's rating: 1698 &rarr; <strong>1679<\/strong><br \/>(-19 for losing)\n|l|\u2606Slackermaru\n|player|p2|\n|l| w outis\n|l|\u2606Jetshavel\n|player|p1|\n|l| Shawtle7\n","uploadtime":1722453834,"views":18,"formatid":"gen9vgc2024regg","rating":1679,"private":0,"password":null}