{"id":"gen9vgc2024regg-2170503692","format":"[Gen 9] VGC 2024 Reg G","players":["a12147839","ggttmmhh"],"log":"|j|\u2606a12147839\n|j|\u2606ggttmmhh\n|t:|1722391169\n|gametype|doubles\n|player|p1|a12147839|265|1716\n|player|p2|ggttmmhh|169|1711\n|teamsize|p1|6\n|teamsize|p2|6\n|gen|9\n|tier|[Gen 9] VGC 2024 Reg G\n|rated|\n|rule|Species Clause: Limit one of each Pok\u00e9mon\n|rule|Item Clause: Limit one of each item\n|clearpoke\n|poke|p1|Calyrex-Shadow, L50|\n|poke|p1|Murkrow, L50, F|\n|poke|p1|Chi-Yu, L50|\n|poke|p1|Urshifu-*, L50, M|\n|poke|p1|Smeargle, L50, F|\n|poke|p1|Indeedee-F, L50, F|\n|poke|p2|Necrozma-Dusk-Mane, L50|\n|poke|p2|Farigiraf, L50, F|\n|poke|p2|Smeargle, L50, M|\n|poke|p2|Ursaluna-Bloodmoon, L50, M|\n|poke|p2|Urshifu-*, L50, F|\n|poke|p2|Pelipper, L50, F|\n|teampreview|4\n|inactive|Battle timer is ON: inactive players will automatically lose when time's up. (requested by a12147839)\n|inactive|a12147839 has 60 seconds left.\n|\n|t:|1722391207\n|start\n|switch|p1a: Chi-Yu|Chi-Yu, L50|100\/100\n|switch|p1b: Murkrow|Murkrow, L50, F|100\/100\n|switch|p2a: Smeargle|Smeargle, L50, M|100\/100\n|switch|p2b: Farigiraf|Farigiraf, L50, F|100\/100\n|-ability|p1a: Chi-Yu|Beads of Ruin\n|turn|1\n|j| WolfKiba\n|j| carlinss\n|\n|t:|1722391230\n|move|p2a: Smeargle|Follow Me|p2a: Smeargle\n|-singleturn|p2a: Smeargle|move: Follow Me\n|move|p1a: Chi-Yu|Heat Wave|p2a: Smeargle|[spread] p2a\n|-miss|p1a: Chi-Yu|p2b: Farigiraf\n|-damage|p2a: Smeargle|0 fnt\n|faint|p2a: Smeargle\n|move|p1b: Murkrow|Foul Play|p2b: Farigiraf\n|-supereffective|p2b: Farigiraf\n|-damage|p2b: Farigiraf|59\/100\n|-damage|p1b: Murkrow|84\/100|[from] item: Rocky Helmet|[of] p2b: Farigiraf\n|move|p2b: Farigiraf|Trick Room|p2b: Farigiraf\n|-fieldstart|move: Trick Room|[of] p2b: Farigiraf\n|\n|upkeep\n|\n|t:|1722391253\n|switch|p2a: Necrozma|Necrozma-Dusk-Mane, L50|100\/100\n|turn|2\n|\n|t:|1722391276\n|move|p1b: Murkrow|Sunny Day|p1b: Murkrow\n|-weather|SunnyDay\n|move|p2b: Farigiraf|Bulldoze|p1a: Chi-Yu|[spread] p2a,p1a\n|-immune|p1b: Murkrow\n|-supereffective|p2a: Necrozma\n|-crit|p2a: Necrozma\n|-supereffective|p1a: Chi-Yu\n|-damage|p2a: Necrozma|84\/100\n|-damage|p1a: Chi-Yu|70\/100\n|-unboost|p2a: Necrozma|spe|1\n|-unboost|p1a: Chi-Yu|spe|1\n|-enditem|p2a: Necrozma|Weakness Policy\n|-boost|p2a: Necrozma|atk|2|[from] item: Weakness Policy\n|-boost|p2a: Necrozma|spa|2|[from] item: Weakness Policy\n|move|p2a: Necrozma|Sunsteel Strike|p1b: Murkrow\n|-damage|p1b: Murkrow|0 fnt\n|faint|p1b: Murkrow\n|move|p1a: Chi-Yu|Heat Wave|p2b: Farigiraf|[spread] p2a,p2b\n|-supereffective|p2a: Necrozma\n|-damage|p2a: Necrozma|0 fnt\n|-damage|p2b: Farigiraf|0 fnt\n|faint|p2a: Necrozma\n|faint|p2b: Farigiraf\n|\n|-weather|SunnyDay|[upkeep]\n|upkeep\n|\n|t:|1722391296\n|switch|p2b: Ursaluna|Ursaluna-Bloodmoon, L50, M|100\/100\n|switch|p1b: Smeargle|Smeargle, L50, F|100\/100\n|turn|3\n|\n|t:|1722391303\n|move|p2b: Ursaluna|Protect|p2b: Ursaluna\n|-singleturn|p2b: Ursaluna|Protect\n|move|p1b: Smeargle|Wide Guard|p1b: Smeargle\n|-singleturn|p1b: Smeargle|Wide Guard\n|move|p1a: Chi-Yu|Heat Wave|p2b: Ursaluna\n|-activate|p2b: Ursaluna|move: Protect\n|\n|-weather|SunnyDay|[upkeep]\n|-ability|p1b: Smeargle|Moody|boost\n|-boost|p1b: Smeargle|def|2\n|-unboost|p1b: Smeargle|atk|1\n|upkeep\n|turn|4\n|\n|t:|1722391314\n|-terastallize|p2b: Ursaluna|Normal\n|move|p2b: Ursaluna|Hyper Voice|p1a: Chi-Yu|[spread] p1a,p1b\n|-damage|p1a: Chi-Yu|0 fnt\n|-damage|p1b: Smeargle|0 fnt\n|faint|p1a: Chi-Yu\n|faint|p1b: Smeargle\n|-damage|p2b: Ursaluna|90\/100|[from] item: Life Orb\n|\n|-weather|SunnyDay|[upkeep]\n|upkeep\n|j| Dathluke\n|\n|t:|1722391328\n|switch|p1b: Calyrex|Calyrex-Shadow, L50|100\/100\n|-ability|p1b: Calyrex|As One\n|-ability|p1b: Calyrex|Unnerve\n|turn|5\n|l| Dathluke\n|\n|t:|1722391346\n|move|p1b: Calyrex|Protect|p1b: Calyrex\n|-singleturn|p1b: Calyrex|Protect\n|move|p2b: Ursaluna|Hyper Voice|p1b: Calyrex\n|-activate|p1b: Calyrex|move: Protect\n|\n|-weather|SunnyDay|[upkeep]\n|-fieldend|move: Trick Room\n|upkeep\n|turn|6\n|\n|t:|1722391360\n|-terastallize|p1b: Calyrex|Fairy\n|move|p1b: Calyrex|Nasty Plot|p1b: Calyrex\n|-boost|p1b: Calyrex|spa|2\n|move|p2b: Ursaluna|Blood Moon|p1b: Calyrex\n|-enditem|p1b: Calyrex|Focus Sash\n|-damage|p1b: Calyrex|1\/100\n|-damage|p2b: Ursaluna|80\/100|[from] item: Life Orb\n|\n|-weather|none\n|upkeep\n|turn|7\n|\n|t:|1722391380\n|move|p1b: Calyrex|Draining Kiss|p2b: Ursaluna\n|-damage|p2b: Ursaluna|0 fnt\n|-heal|p1b: Calyrex|76\/100|[from] drain|[of] p2b: Ursaluna\n|faint|p2b: Ursaluna\n|\n|win|a12147839\n|raw|a12147839's rating: 1716 &rarr; <strong>1736<\/strong><br \/>(+20 for winning)\n|raw|ggttmmhh's rating: 1711 &rarr; <strong>1691<\/strong><br \/>(-20 for losing)\n|l|\u2606ggttmmhh\n|player|p2|\n|l|\u2606a12147839\n|player|p1|\n|l| carlinss\n","uploadtime":1722391597,"views":53,"formatid":"gen9vgc2024regg","rating":1691,"private":0,"password":null}