{"id":"gen9vgc2024regg-2170003855","format":"[Gen 9] VGC 2024 Reg G","players":["Aki Hoshino","monkeyflipping"],"log":"|j|\u2606Aki Hoshino\n|j|\u2606monkeyflipping\n|t:|1722326822\n|gametype|doubles\n|player|p1|Aki Hoshino|aromalady|1789\n|player|p2|monkeyflipping|magmasuit|1754\n|teamsize|p1|6\n|teamsize|p2|6\n|gen|9\n|tier|[Gen 9] VGC 2024 Reg G\n|rated|\n|rule|Species Clause: Limit one of each Pok\u00e9mon\n|rule|Item Clause: Limit one of each item\n|clearpoke\n|poke|p1|Whimsicott, L50, F|\n|poke|p1|Calyrex-Ice, L50|\n|poke|p1|Urshifu-*, L50, F|\n|poke|p1|Landorus, L50, M|\n|poke|p1|Rillaboom, L50, F|\n|poke|p1|Flutter Mane, L50|\n|poke|p2|Tornadus, L50, M|\n|poke|p2|Kyogre, L50|\n|poke|p2|Electivire, L50, F|\n|poke|p2|Rillaboom, L50, M|\n|poke|p2|Tsareena, L50, F|\n|poke|p2|Gholdengo, L50|\n|teampreview|4\n|inactive|Battle timer is ON: inactive players will automatically lose when time's up. (requested by monkeyflipping)\n|inactive|monkeyflipping has 60 seconds left.\n|j| rabbithorn05\n|j| THUNDERSND77\n|\n|t:|1722326876\n|start\n|switch|p1a: Whimsicott|Whimsicott, L50, F|100\/100\n|switch|p1b: Calyrex|Calyrex-Ice, L50|100\/100\n|switch|p2a: Kyogre|Kyogre, L50|100\/100\n|switch|p2b: Tsareena|Tsareena, L50, F, shiny|100\/100\n|-ability|p1b: Calyrex|As One\n|-ability|p1b: Calyrex|Unnerve\n|-weather|RainDance|[from] ability: Drizzle|[of] p2a: Kyogre\n|turn|1\n|inactive|Aki Hoshino has 30 seconds left.\n|\n|t:|1722326903\n|switch|p2b: Tornadus|Tornadus, L50, M|100\/100\n|-terastallize|p2a: Kyogre|Water\n|-terastallize|p1b: Calyrex|Water\n|move|p1a: Whimsicott|Tailwind|p1a: Whimsicott\n|-sidestart|p1: Aki Hoshino|move: Tailwind\n|move|p2a: Kyogre|Water Spout|p1a: Whimsicott|[spread] p1a,p1b\n|-resisted|p1a: Whimsicott\n|-resisted|p1b: Calyrex\n|-enditem|p1a: Whimsicott|Focus Sash\n|-damage|p1a: Whimsicott|1\/100\n|-damage|p1b: Calyrex|46\/100\n|move|p1b: Calyrex|Glacial Lance|p2a: Kyogre|[spread] p2a,p2b\n|-resisted|p2a: Kyogre\n|-supereffective|p2b: Tornadus\n|-damage|p2a: Kyogre|71\/100\n|-enditem|p2b: Tornadus|Focus Sash\n|-damage|p2b: Tornadus|1\/100\n|\n|-weather|RainDance|[upkeep]\n|upkeep\n|turn|2\n|inactive|Aki Hoshino has 30 seconds left.\n|\n|t:|1722326932\n|move|p2b: Tornadus|Tailwind|p2b: Tornadus\n|-sidestart|p2: monkeyflipping|move: Tailwind\n|move|p2a: Kyogre|Water Spout|p1a: Whimsicott|[spread] p1a,p1b\n|-resisted|p1a: Whimsicott\n|-resisted|p1b: Calyrex\n|-damage|p1a: Whimsicott|0 fnt\n|-damage|p1b: Calyrex|13\/100\n|faint|p1a: Whimsicott\n|move|p1b: Calyrex|Glacial Lance|p2b: Tornadus|[spread] p2a,p2b\n|-resisted|p2a: Kyogre\n|-crit|p2a: Kyogre\n|-supereffective|p2b: Tornadus\n|-damage|p2a: Kyogre|24\/100\n|-damage|p2b: Tornadus|0 fnt\n|faint|p2b: Tornadus\n|-ability|p1b: Calyrex|Chilling Neigh|boost\n|-boost|p1b: Calyrex|atk|1\n|\n|-weather|RainDance|[upkeep]\n|upkeep\n|inactive|Aki Hoshino has 30 seconds left.\n|\n|t:|1722326967\n|switch|p1a: Urshifu|Urshifu, L50, F|100\/100\n|switch|p2b: Gholdengo|Gholdengo, L50|100\/100\n|turn|3\n|inactive|monkeyflipping has 30 seconds left.\n|\n|t:|1722327004\n|switch|p2b: Tsareena|Tsareena, L50, F, shiny|100\/100\n|move|p2a: Kyogre|Water Spout|p1a: Urshifu|[spread] p1a,p1b\n|-resisted|p1b: Calyrex\n|-damage|p1a: Urshifu|58\/100\n|-damage|p1b: Calyrex|0 fnt\n|faint|p1b: Calyrex\n|move|p1a: Urshifu|Wicked Blow|p2b: Tsareena\n|-crit|p2b: Tsareena\n|-damage|p2b: Tsareena|0 fnt\n|faint|p2b: Tsareena\n|\n|-weather|RainDance|[upkeep]\n|upkeep\n|\n|t:|1722327017\n|switch|p2b: Gholdengo|Gholdengo, L50|100\/100\n|switch|p1b: Landorus|Landorus, L50, M|100\/100\n|turn|4\n|\n|t:|1722327034\n|move|p1b: Landorus|Protect|p1b: Landorus\n|-singleturn|p1b: Landorus|Protect\n|move|p2a: Kyogre|Water Spout|p1b: Landorus|[spread] p1a\n|-activate|p1b: Landorus|move: Protect\n|-damage|p1a: Urshifu|11\/100\n|move|p1a: Urshifu|Wicked Blow|p2a: Kyogre\n|-crit|p2a: Kyogre\n|-damage|p2a: Kyogre|0 fnt\n|faint|p2a: Kyogre\n|move|p2b: Gholdengo|Make It Rain|p1b: Landorus|[spread] p1a\n|-activate|p1b: Landorus|move: Protect\n|-damage|p1a: Urshifu|0 fnt\n|-unboost|p2b: Gholdengo|spa|1\n|faint|p1a: Urshifu\n|\n|-weather|RainDance|[upkeep]\n|-sideend|p1: Aki Hoshino|move: Tailwind\n|upkeep\n|turn|5\n|\n|t:|1722327056\n|move|p2b: Gholdengo|Nasty Plot|p2b: Gholdengo\n|-boost|p2b: Gholdengo|spa|2\n|move|p1b: Landorus|Sandsear Storm|p2b: Gholdengo\n|-supereffective|p2b: Gholdengo\n|-damage|p2b: Gholdengo|0 fnt\n|faint|p2b: Gholdengo\n|\n|win|Aki Hoshino\n|raw|Aki Hoshino's rating: 1789 &rarr; <strong>1807<\/strong><br \/>(+18 for winning)\n|raw|monkeyflipping's rating: 1754 &rarr; <strong>1736<\/strong><br \/>(-18 for losing)\n|l|\u2606monkeyflipping\n|player|p2|\n|l| THUNDERSND77\n|l|\u2606Aki Hoshino\n|player|p1|\n","uploadtime":1722327067,"views":116,"formatid":"gen9vgc2024regg","rating":1736,"private":0,"password":null}