{"id":"gen9vgc2024regg-2170658370","format":"[Gen 9] VGC 2024 Reg G","players":["YuanqiNono","yumeiouo"],"log":"|j|\u2606YuanqiNono\n|j|\u2606yumeiouo\n|t:|1722417738\n|gametype|doubles\n|player|p1|YuanqiNono|266|1812\n|player|p2|yumeiouo|lady|1788\n|teamsize|p1|6\n|teamsize|p2|6\n|gen|9\n|tier|[Gen 9] VGC 2024 Reg G\n|rated|\n|rule|Species Clause: Limit one of each Pok\u00e9mon\n|rule|Item Clause: Limit one of each item\n|clearpoke\n|poke|p1|Zacian-*, L50|\n|poke|p1|Amoonguss, L50, M|\n|poke|p1|Urshifu-*, L50, M|\n|poke|p1|Raging Bolt, L50|\n|poke|p1|Gholdengo, L50|\n|poke|p1|Tornadus, L50, M|\n|poke|p2|Calyrex-Ice, L50|\n|poke|p2|Annihilape, L50, M|\n|poke|p2|Smeargle, L50, F|\n|poke|p2|Ursaluna-Bloodmoon, L50, M|\n|poke|p2|Ditto, L50|\n|poke|p2|Urshifu-*, L50, M|\n|teampreview|4\n|\n|t:|1722417771\n|start\n|switch|p1a: Zacian|Zacian-Crowned, L50|100\/100\n|switch|p1b: Tornadus|Tornadus, L50, M|100\/100\n|switch|p2a: Calyrex|Calyrex-Ice, L50|100\/100\n|switch|p2b: Annihilape|Annihilape, L50, M|100\/100\n|-ability|p2a: Calyrex|As One\n|-ability|p2a: Calyrex|Unnerve\n|-ability|p1a: Zacian|Intrepid Sword|boost\n|-boost|p1a: Zacian|atk|1\n|turn|1\n|\n|t:|1722417797\n|move|p1a: Zacian|Protect|p1a: Zacian\n|-singleturn|p1a: Zacian|Protect\n|move|p2a: Calyrex|Protect|p2a: Calyrex\n|-singleturn|p2a: Calyrex|Protect\n|move|p1b: Tornadus|Bleakwind Storm|p2a: Calyrex|[spread] p2b\n|-activate|p2a: Calyrex|move: Protect\n|-supereffective|p2b: Annihilape\n|-damage|p2b: Annihilape|29\/100\n|-unboost|p2b: Annihilape|spe|1\n|-ability|p2b: Annihilape|Defiant|boost\n|-boost|p2b: Annihilape|atk|2\n|move|p2b: Annihilape|Final Gambit|p1a: Zacian\n|-activate|p1a: Zacian|move: Protect\n|\n|upkeep\n|turn|2\n|\n|t:|1722417816\n|-terastallize|p2a: Calyrex|Dragon\n|move|p1a: Zacian|Behemoth Blade|p2a: Calyrex\n|-damage|p2a: Calyrex|47\/100\n|-enditem|p2a: Calyrex|Sitrus Berry|[eat]\n|-heal|p2a: Calyrex|71\/100|[from] item: Sitrus Berry\n|move|p1b: Tornadus|Bleakwind Storm|p2a: Calyrex|[spread] p2a,p2b\n|-supereffective|p2b: Annihilape\n|-crit|p2b: Annihilape\n|-damage|p2a: Calyrex|45\/100\n|-damage|p2b: Annihilape|0 fnt\n|faint|p2b: Annihilape\n|move|p2a: Calyrex|Glacial Lance|p1a: Zacian|[spread] p1a,p1b\n|-resisted|p1a: Zacian\n|-crit|p1a: Zacian\n|-supereffective|p1b: Tornadus\n|-damage|p1a: Zacian|66\/100\n|-enditem|p1b: Tornadus|Focus Sash\n|-damage|p1b: Tornadus|1\/100\n|\n|upkeep\n|\n|t:|1722417828\n|switch|p2b: Ditto|Ditto, L50|100\/100\n|-transform|p2b: Ditto|p1a: Zacian|[from] ability: Imposter\n|-ability|p2b: Ditto|Intrepid Sword|boost\n|-boost|p2b: Ditto|atk|1\n|turn|3\n|\n|t:|1722417843\n|move|p1b: Tornadus|Protect|p1b: Tornadus\n|-singleturn|p1b: Tornadus|Protect\n|move|p1a: Zacian|Protect|p1a: Zacian\n|-singleturn|p1a: Zacian|Protect\n|move|p2b: Ditto|Behemoth Blade|p1a: Zacian\n|-activate|p1a: Zacian|move: Protect\n|move|p2a: Calyrex|Glacial Lance|p1a: Zacian|[spread] \n|-activate|p1a: Zacian|move: Protect\n|-activate|p1b: Tornadus|move: Protect\n|\n|upkeep\n|turn|4\n|\n|t:|1722417886\n|move|p2b: Ditto|Protect|p2b: Ditto\n|-singleturn|p2b: Ditto|Protect\n|move|p1b: Tornadus|Rain Dance|p1b: Tornadus\n|-weather|RainDance\n|move|p1a: Zacian|Behemoth Blade|p2a: Calyrex\n|-damage|p2a: Calyrex|0 fnt\n|faint|p2a: Calyrex\n|\n|-weather|RainDance|[upkeep]\n|upkeep\n|\n|t:|1722417892\n|switch|p2a: Ursaluna|Ursaluna-Bloodmoon, L50, M|100\/100\n|turn|5\n|\n|t:|1722417906\n|move|p1b: Tornadus|Tailwind|p1b: Tornadus\n|-sidestart|p1: YuanqiNono|move: Tailwind\n|move|p2a: Ursaluna|Vacuum Wave|p1b: Tornadus\n|-resisted|p1b: Tornadus\n|-damage|p1b: Tornadus|0 fnt\n|faint|p1b: Tornadus\n|-damage|p2a: Ursaluna|91\/100|[from] item: Life Orb\n|move|p1a: Zacian|Behemoth Blade|p2b: Ditto\n|-crit|p2b: Ditto\n|-damage|p2b: Ditto|0 fnt\n|faint|p2b: Ditto\n|\n|-weather|RainDance|[upkeep]\n|upkeep\n|j| rabbithorn01\n|-message|yumeiouo forfeited.\n|\n|win|YuanqiNono\n|raw|YuanqiNono's rating: 1812 &rarr; <strong>1831<\/strong><br \/>(+19 for winning)\n|raw|yumeiouo's rating: 1788 &rarr; <strong>1769<\/strong><br \/>(-19 for losing)\n|l|\u2606yumeiouo\n|player|p2|\n|l|\u2606YuanqiNono\n|player|p1|\n","uploadtime":1722417983,"views":63,"formatid":"gen9vgc2024regg","rating":1769,"private":0,"password":null}