{"id":"gen9vgc2024regg-2170747311","format":"[Gen 9] VGC 2024 Reg G","players":["Krisuerte","chuanOVO"],"log":"|j|\u2606Krisuerte\n|j|\u2606chuanOVO\n|t:|1722432299\n|gametype|doubles\n|player|p1|Krisuerte|102|1882\n|player|p2|chuanOVO|n|1756\n|teamsize|p1|6\n|teamsize|p2|6\n|gen|9\n|tier|[Gen 9] VGC 2024 Reg G\n|rated|\n|rule|Species Clause: Limit one of each Pok\u00e9mon\n|rule|Item Clause: Limit one of each item\n|clearpoke\n|poke|p1|Groudon, L50|\n|poke|p1|Gouging Fire, L50|\n|poke|p1|Raging Bolt, L50|\n|poke|p1|Flutter Mane, L50|\n|poke|p1|Walking Wake, L50|\n|poke|p1|Urshifu-*, L50, F|\n|poke|p2|Calyrex-Ice, L50|\n|poke|p2|Smeargle, L50, M|\n|poke|p2|Ursaluna-Bloodmoon, L50, M|\n|poke|p2|Urshifu-*, L50, M|\n|poke|p2|Ogerpon-Wellspring, L50, F|\n|poke|p2|Annihilape, L50, M|\n|teampreview|4\n|inactive|Battle timer is ON: inactive players will automatically lose when time's up. (requested by chuanOVO)\n|\n|t:|1722432340\n|start\n|switch|p1a: Urshifu|Urshifu, L50, F|100\/100\n|switch|p1b: Groudon|Groudon, L50|100\/100\n|switch|p2a: Ogerpon|Ogerpon-Wellspring, L50, F|100\/100\n|switch|p2b: Calyrex|Calyrex-Ice, L50|100\/100\n|-ability|p2b: Calyrex|As One\n|-ability|p2b: Calyrex|Unnerve\n|-weather|SunnyDay|[from] ability: Drought|[of] p1b: Groudon\n|turn|1\n|inactive|Krisuerte has 30 seconds left.\n|inactive|Krisuerte has 20 seconds left.\n|\n|t:|1722432376\n|-terastallize|p2b: Calyrex|Water\n|move|p2a: Ogerpon|Follow Me|p2a: Ogerpon\n|-singleturn|p2a: Ogerpon|move: Follow Me\n|move|p1a: Urshifu|Wicked Blow|p2a: Ogerpon\n|-crit|p2a: Ogerpon\n|-damage|p2a: Ogerpon|0 fnt\n|faint|p2a: Ogerpon\n|move|p1b: Groudon|Hammer Arm|p2b: Calyrex\n|-damage|p2b: Calyrex|75\/100\n|-unboost|p1b: Groudon|spe|1\n|move|p2b: Calyrex|Trick Room|p2b: Calyrex\n|-fieldstart|move: Trick Room|[of] p2b: Calyrex\n|\n|-weather|SunnyDay|[upkeep]\n|upkeep\n|\n|t:|1722432393\n|switch|p2a: Smeargle|Smeargle, L50, M, shiny|100\/100\n|turn|2\n|\n|t:|1722432412\n|-terastallize|p1b: Groudon|Fire\n|move|p1b: Groudon|Hammer Arm|p2b: Calyrex\n|-damage|p2b: Calyrex|50\/100\n|-unboost|p1b: Groudon|spe|1\n|-enditem|p2b: Calyrex|Sitrus Berry|[eat]\n|-heal|p2b: Calyrex|75\/100|[from] item: Sitrus Berry\n|move|p2a: Smeargle|Spore|p1a: Urshifu\n|-status|p1a: Urshifu|slp|[from] move: Spore\n|move|p2b: Calyrex|High Horsepower|p1b: Groudon\n|-supereffective|p1b: Groudon\n|-damage|p1b: Groudon|47\/100\n|cant|p1a: Urshifu|slp\n|\n|-weather|SunnyDay|[upkeep]\n|upkeep\n|turn|3\n|\n|t:|1722432436\n|move|p1b: Groudon|Precipice Blades|p2a: Smeargle|[spread] p2a,p2b\n|-damage|p2a: Smeargle|14\/100\n|-damage|p2b: Calyrex|38\/100\n|move|p2a: Smeargle|Spore|p1b: Groudon\n|-status|p1b: Groudon|slp|[from] move: Spore\n|move|p2b: Calyrex|Glacial Lance|p1b: Groudon|[spread] p1a,p1b\n|-resisted|p1b: Groudon\n|-damage|p1a: Urshifu|48\/100 slp\n|-damage|p1b: Groudon|29\/100 slp\n|-curestatus|p1a: Urshifu|slp|[msg]\n|move|p1a: Urshifu|Wicked Blow|p2b: Calyrex\n|-crit|p2b: Calyrex\n|-damage|p2b: Calyrex|0 fnt\n|faint|p2b: Calyrex\n|\n|-weather|SunnyDay|[upkeep]\n|upkeep\n|\n|t:|1722432449\n|switch|p2b: Urshifu|Urshifu, L50, M|100\/100\n|turn|4\n|\n|t:|1722432460\n|cant|p1b: Groudon|slp\n|move|p2a: Smeargle|Spore|p1a: Urshifu\n|-status|p1a: Urshifu|slp|[from] move: Spore\n|move|p2b: Urshifu|Wicked Blow|p1b: Groudon\n|-crit|p1b: Groudon\n|-damage|p1b: Groudon|0 fnt\n|faint|p1b: Groudon\n|cant|p1a: Urshifu|slp\n|\n|-weather|SunnyDay|[upkeep]\n|upkeep\n|\n|t:|1722432476\n|switch|p1b: Raging Bolt|Raging Bolt, L50|100\/100\n|-activate|p1b: Raging Bolt|ability: Protosynthesis\n|-start|p1b: Raging Bolt|protosynthesisspa\n|turn|5\n|\n|t:|1722432498\n|move|p1b: Raging Bolt|Thunderclap|p2b: Urshifu\n|-damage|p2b: Urshifu|40\/100\n|move|p2a: Smeargle|Spore|p1b: Raging Bolt\n|-status|p1b: Raging Bolt|slp|[from] move: Spore\n|move|p2b: Urshifu|Wicked Blow|p1a: Urshifu\n|-resisted|p1a: Urshifu\n|-crit|p1a: Urshifu\n|-damage|p1a: Urshifu|24\/100 slp\n|-curestatus|p1a: Urshifu|slp|[msg]\n|move|p1a: Urshifu|Wicked Blow|p2a: Smeargle\n|-crit|p2a: Smeargle\n|-damage|p2a: Smeargle|0 fnt\n|faint|p2a: Smeargle\n|\n|-weather|none\n|-end|p1b: Raging Bolt|Protosynthesis\n|-fieldend|move: Trick Room\n|upkeep\n|turn|6\n|-message|chuanOVO forfeited.\n|\n|win|Krisuerte\n|raw|Krisuerte's rating: 1882 &rarr; <strong>1895<\/strong><br \/>(+13 for winning)\n|raw|chuanOVO's rating: 1756 &rarr; <strong>1743<\/strong><br \/>(-13 for losing)\n|l|\u2606chuanOVO\n|player|p2|\n|l|\u2606Krisuerte\n|player|p1|\n","uploadtime":1722432675,"views":47,"formatid":"gen9vgc2024regg","rating":1743,"private":0,"password":null}