{"id":"gen9vgc2024regg-2170081421","format":"[Gen 9] VGC 2024 Reg G","players":["tuanzai233t","sturbyy"],"log":"|j|\u2606tuanzai233t\n|j|\u2606sturbyy\n|t:|1722340958\n|gametype|doubles\n|player|p1|tuanzai233t|102|1743\n|player|p2|sturbyy|170|1684\n|teamsize|p1|6\n|teamsize|p2|6\n|gen|9\n|tier|[Gen 9] VGC 2024 Reg G\n|rated|\n|rule|Species Clause: Limit one of each Pok\u00e9mon\n|rule|Item Clause: Limit one of each item\n|clearpoke\n|poke|p1|Indeedee-F, L50, F|\n|poke|p1|Torkoal, L50, M|\n|poke|p1|Calyrex-Ice, L50|\n|poke|p1|Annihilape, L50, M|\n|poke|p1|Urshifu-*, L50, M|\n|poke|p1|Brute Bonnet, L50|\n|poke|p2|Calyrex-Ice, L50|\n|poke|p2|Incineroar, L50, F|\n|poke|p2|Urshifu-*, L50, F|\n|poke|p2|Rillaboom, L50, M|\n|poke|p2|Gholdengo, L50|\n|poke|p2|Pelipper, L50, M|\n|teampreview|4\n|\n|t:|1722340976\n|start\n|switch|p1a: Annihilape|Annihilape, L50, M|100\/100\n|switch|p1b: Brute Bonnet|Brute Bonnet, L50, shiny|100\/100\n|switch|p2a: Calyrex|Calyrex-Ice, L50|100\/100\n|switch|p2b: Urshifu|Urshifu-Rapid-Strike, L50, F|100\/100\n|-ability|p2a: Calyrex|As One\n|-ability|p2a: Calyrex|Unnerve\n|turn|1\n|\n|t:|1722340988\n|-terastallize|p1b: Brute Bonnet|Poison\n|move|p2a: Calyrex|Protect|p2a: Calyrex\n|-singleturn|p2a: Calyrex|Protect\n|move|p1a: Annihilape|Final Gambit|p2b: Urshifu\n|-damage|p2b: Urshifu|0 fnt\n|faint|p1a: Annihilape\n|faint|p2b: Urshifu\n|move|p1b: Brute Bonnet|Spore|p2a: Calyrex\n|-activate|p2a: Calyrex|move: Protect\n|\n|upkeep\n|\n|t:|1722341000\n|switch|p1a: Calyrex|Calyrex-Ice, L50|100\/100\n|switch|p2b: Incineroar|Incineroar, L50, F|100\/100\n|-ability|p1a: Calyrex|As One\n|-ability|p1a: Calyrex|Unnerve\n|-ability|p2b: Incineroar|Intimidate|boost\n|-fail|p1a: Calyrex|unboost|[from] item: Clear Amulet|[of] p1a: Calyrex\n|-unboost|p1b: Brute Bonnet|atk|1\n|turn|2\n|\n|t:|1722341020\n|switch|p2a: Gholdengo|Gholdengo, L50|100\/100\n|move|p2b: Incineroar|Will-O-Wisp|p1a: Calyrex\n|-status|p1a: Calyrex|brn\n|move|p1b: Brute Bonnet|Spore|p2a: Gholdengo\n|-immune|p2a: Gholdengo|[from] ability: Good as Gold\n|move|p1a: Calyrex|High Horsepower|p2b: Incineroar\n|-supereffective|p2b: Incineroar\n|-crit|p2b: Incineroar\n|-damage|p2b: Incineroar|45\/100\n|\n|-damage|p1a: Calyrex|95\/100 brn|[from] brn\n|upkeep\n|turn|3\n|\n|t:|1722341036\n|move|p1a: Calyrex|Protect|p1a: Calyrex\n|-singleturn|p1a: Calyrex|Protect\n|move|p2a: Gholdengo|Nasty Plot|p2a: Gholdengo\n|-boost|p2a: Gholdengo|spa|2\n|move|p2b: Incineroar|Knock Off|p1a: Calyrex\n|-activate|p1a: Calyrex|move: Protect\n|move|p1b: Brute Bonnet|Crunch|p2a: Gholdengo\n|-supereffective|p2a: Gholdengo\n|-damage|p2a: Gholdengo|56\/100\n|\n|-heal|p2a: Gholdengo|62\/100|[from] item: Leftovers\n|-damage|p1a: Calyrex|89\/100 brn|[from] brn\n|upkeep\n|turn|4\n|\n|t:|1722341055\n|switch|p1a: Torkoal|Torkoal, L50, M|100\/100\n|-weather|SunnyDay|[from] ability: Drought|[of] p1a: Torkoal\n|-activate|p1b: Brute Bonnet|ability: Protosynthesis\n|-start|p1b: Brute Bonnet|protosynthesisdef\n|move|p2a: Gholdengo|Make It Rain|p1a: Torkoal|[spread] p1a,p1b\n|-resisted|p1a: Torkoal\n|-damage|p1a: Torkoal|45\/100\n|-damage|p1b: Brute Bonnet|28\/100\n|-unboost|p2a: Gholdengo|spa|1\n|-enditem|p1b: Brute Bonnet|Sitrus Berry|[eat]\n|-heal|p1b: Brute Bonnet|52\/100|[from] item: Sitrus Berry\n|move|p2b: Incineroar|Parting Shot|p1b: Brute Bonnet\n|-unboost|p1b: Brute Bonnet|atk|1\n|-unboost|p1b: Brute Bonnet|spa|1\n|\n|t:|1722341071\n|switch|p2b: Calyrex|Calyrex-Ice, L50|100\/100|[from] Parting Shot\n|-ability|p2b: Calyrex|As One\n|-ability|p2b: Calyrex|Unnerve\n|move|p1b: Brute Bonnet|Crunch|p2a: Gholdengo\n|-supereffective|p2a: Gholdengo\n|-damage|p2a: Gholdengo|31\/100\n|\n|-weather|SunnyDay|[upkeep]\n|-heal|p2a: Gholdengo|37\/100|[from] item: Leftovers\n|upkeep\n|turn|5\n|\n|t:|1722341094\n|switch|p2b: Incineroar|Incineroar, L50, F|45\/100\n|-ability|p2b: Incineroar|Intimidate|boost\n|-unboost|p1a: Torkoal|atk|1\n|-unboost|p1b: Brute Bonnet|atk|1\n|move|p2a: Gholdengo|Shadow Ball|p1a: Torkoal\n|-damage|p1a: Torkoal|0 fnt\n|faint|p1a: Torkoal\n|move|p1b: Brute Bonnet|Spore|p2b: Incineroar\n|-activate|p2b: Incineroar|item: Safety Goggles|Spore\n|\n|-weather|SunnyDay|[upkeep]\n|-heal|p2a: Gholdengo|43\/100|[from] item: Leftovers\n|upkeep\n|\n|t:|1722341104\n|switch|p1a: Calyrex|Calyrex-Ice, L50|89\/100 brn\n|-ability|p1a: Calyrex|As One\n|-ability|p1a: Calyrex|Unnerve\n|turn|6\n|\n|t:|1722341114\n|move|p2b: Incineroar|Fake Out|p1a: Calyrex\n|-damage|p1a: Calyrex|82\/100 brn\n|move|p2a: Gholdengo|Nasty Plot|p2a: Gholdengo\n|-boost|p2a: Gholdengo|spa|2\n|move|p1b: Brute Bonnet|Crunch|p2a: Gholdengo\n|-supereffective|p2a: Gholdengo\n|-damage|p2a: Gholdengo|18\/100\n|cant|p1a: Calyrex|flinch\n|\n|-weather|SunnyDay|[upkeep]\n|-heal|p2a: Gholdengo|24\/100|[from] item: Leftovers\n|-damage|p1a: Calyrex|76\/100 brn|[from] brn\n|upkeep\n|turn|7\n|\n|t:|1722341125\n|switch|p2b: Calyrex|Calyrex-Ice, L50|100\/100\n|-ability|p2b: Calyrex|As One\n|-ability|p2b: Calyrex|Unnerve\n|move|p2a: Gholdengo|Protect|p2a: Gholdengo\n|-singleturn|p2a: Gholdengo|Protect\n|move|p1a: Calyrex|Protect|p1a: Calyrex\n|-singleturn|p1a: Calyrex|Protect\n|move|p1b: Brute Bonnet|Crunch|p2a: Gholdengo\n|-activate|p2a: Gholdengo|move: Protect\n|\n|-weather|SunnyDay|[upkeep]\n|-heal|p2a: Gholdengo|31\/100|[from] item: Leftovers\n|-damage|p1a: Calyrex|70\/100 brn|[from] brn\n|upkeep\n|turn|8\n|-message|tuanzai233t forfeited.\n|\n|win|sturbyy\n|raw|tuanzai233t's rating: 1743 &rarr; <strong>1720<\/strong><br \/>(-23 for losing)\n|raw|sturbyy's rating: 1684 &rarr; <strong>1707<\/strong><br \/>(+23 for winning)\n|l|\u2606tuanzai233t\n|player|p1|\n|l|\u2606sturbyy\n|player|p2|\n","uploadtime":1722341271,"views":16,"formatid":"gen9vgc2024regg","rating":1707,"private":0,"password":null}