{"id":"gen9vgc2024regg-2171940715","format":"[Gen 9] VGC 2024 Reg G","players":["meowsticgaming","rebirthruby"],"log":"|j|\u2606meowsticgaming\n|j|\u2606rebirthruby\n|t:|1722598265\n|gametype|doubles\n|player|p1|meowsticgaming|burglar-gen1rb|1710\n|player|p2|rebirthruby|102|1700\n|teamsize|p1|6\n|teamsize|p2|6\n|gen|9\n|tier|[Gen 9] VGC 2024 Reg G\n|rated|\n|rule|Species Clause: Limit one of each Pok\u00e9mon\n|rule|Item Clause: Limit one of each item\n|clearpoke\n|poke|p1|Ditto, L50|\n|poke|p1|Calyrex-Shadow, L50|\n|poke|p1|Whimsicott, L50, F|\n|poke|p1|Urshifu-*, L50, F|\n|poke|p1|Entei, L50|\n|poke|p1|Tsareena, L50, F|\n|poke|p2|Calyrex-Ice, L50|\n|poke|p2|Annihilape, L50, M|\n|poke|p2|Ogerpon-Wellspring, L50, F|\n|poke|p2|Urshifu-*, L50, M|\n|poke|p2|Ursaluna-Bloodmoon, L50, M|\n|poke|p2|Smeargle, L50, M|\n|teampreview|4\n|inactive|Battle timer is ON: inactive players will automatically lose when time's up. (requested by rebirthruby)\n|\n|t:|1722598312\n|start\n|switch|p1a: Calyrex|Calyrex-Shadow, L50|100\/100\n|switch|p1b: Tsareena|Tsareena, L50, F|100\/100\n|switch|p2a: Smeargle|Smeargle, L50, M|100\/100\n|switch|p2b: Calyrex|Calyrex-Ice, L50|100\/100\n|-ability|p1a: Calyrex|As One\n|-ability|p1a: Calyrex|Unnerve\n|-ability|p2b: Calyrex|As One\n|-ability|p2b: Calyrex|Unnerve\n|turn|1\n|inactive|meowsticgaming has 30 seconds left.\n|inactive|meowsticgaming has 20 seconds left.\n|inactive|rebirthruby has 30 seconds left.\n|inactive|meowsticgaming has 15 seconds left.\n|\n|t:|1722598355\n|-terastallize|p1b: Tsareena|Ice\n|move|p2a: Smeargle|Wide Guard|p2a: Smeargle\n|-singleturn|p2a: Smeargle|Wide Guard\n|move|p1a: Calyrex|Astral Barrage|p2b: Calyrex|[spread] \n|-activate|p2a: Smeargle|move: Wide Guard\n|-activate|p2b: Calyrex|move: Wide Guard\n|move|p1b: Tsareena|Taunt|p2a: Smeargle\n|-start|p2a: Smeargle|move: Taunt\n|move|p2b: Calyrex|Trick Room|p2b: Calyrex\n|-fieldstart|move: Trick Room|[of] p2b: Calyrex\n|\n|upkeep\n|turn|2\n|\n|t:|1722598375\n|switch|p2a: Urshifu|Urshifu, L50, M|100\/100\n|move|p2b: Calyrex|Glacial Lance|p1b: Tsareena|[spread] p1a,p1b\n|-resisted|p1b: Tsareena\n|-damage|p1a: Calyrex|37\/100\n|-damage|p1b: Tsareena|70\/100\n|move|p1b: Tsareena|Power Whip|p2b: Calyrex\n|-damage|p2b: Calyrex|67\/100\n|move|p1a: Calyrex|Astral Barrage|p2b: Calyrex|[spread] p2a,p2b\n|-resisted|p2a: Urshifu\n|-supereffective|p2b: Calyrex\n|-damage|p2a: Urshifu|63\/100\n|-damage|p2b: Calyrex|0 fnt\n|faint|p2b: Calyrex\n|-ability|p1a: Calyrex|Grim Neigh|boost\n|-boost|p1a: Calyrex|spa|1\n|\n|upkeep\n|\n|t:|1722598396\n|switch|p2b: Smeargle|Smeargle, L50, M|100\/100\n|turn|3\n|\n|t:|1722598414\n|switch|p1a: Entei|Entei, L50|100\/100\n|move|p1b: Tsareena|Protect|p1b: Tsareena\n|-singleturn|p1b: Tsareena|Protect\n|move|p2b: Smeargle|Spore|p1a: Entei\n|-status|p1a: Entei|slp|[from] move: Spore\n|move|p2a: Urshifu|Wicked Blow|p1b: Tsareena\n|-crit|p1b: Tsareena\n|-damage|p1b: Tsareena|0 fnt\n|faint|p1b: Tsareena\n|\n|upkeep\n|\n|t:|1722598426\n|switch|p1b: Ditto|Ditto, L50|100\/100\n|-transform|p1b: Ditto|p2a: Urshifu|[from] ability: Imposter\n|turn|4\n|inactive|meowsticgaming has 30 seconds left.\n|\n|t:|1722598458\n|move|p2b: Smeargle|Spore|p1b: Ditto\n|-status|p1b: Ditto|slp|[from] move: Spore\n|move|p2a: Urshifu|Wicked Blow|p1a: Entei\n|-crit|p1a: Entei\n|-damage|p1a: Entei|7\/100 slp\n|cant|p1b: Ditto|slp\n|cant|p1a: Entei|slp\n|\n|upkeep\n|turn|5\n|\n|t:|1722598482\n|cant|p1a: Entei|slp\n|-curestatus|p1b: Ditto|slp|[msg]\n|move|p1b: Ditto|Sucker Punch|p2a: Urshifu\n|-resisted|p2a: Urshifu\n|-damage|p2a: Urshifu|54\/100\n|move|p2b: Smeargle|Decorate|p2a: Urshifu\n|-boost|p2a: Urshifu|atk|2\n|-boost|p2a: Urshifu|spa|2\n|move|p2a: Urshifu|Wicked Blow|p1a: Entei\n|-crit|p1a: Entei\n|-damage|p1a: Entei|0 fnt\n|faint|p1a: Entei\n|\n|-fieldend|move: Trick Room\n|upkeep\n|\n|t:|1722598493\n|switch|p1a: Calyrex|Calyrex-Shadow, L50|37\/100\n|-ability|p1a: Calyrex|As One\n|-ability|p1a: Calyrex|Unnerve\n|turn|6\n|\n|t:|1722598507\n|move|p2b: Smeargle|Follow Me|p2b: Smeargle\n|-singleturn|p2b: Smeargle|move: Follow Me\n|move|p1a: Calyrex|Psychic|p2b: Smeargle\n|-enditem|p2b: Smeargle|Focus Sash\n|-damage|p2b: Smeargle|1\/100\n|move|p1b: Ditto|Close Combat|p2b: Smeargle\n|-supereffective|p2b: Smeargle\n|-damage|p2b: Smeargle|0 fnt\n|-unboost|p1b: Ditto|def|1\n|-unboost|p1b: Ditto|spd|1\n|faint|p2b: Smeargle\n|move|p2a: Urshifu|Wicked Blow|p1a: Calyrex\n|-supereffective|p1a: Calyrex\n|-crit|p1a: Calyrex\n|-damage|p1a: Calyrex|0 fnt\n|faint|p1a: Calyrex\n|\n|upkeep\n|\n|t:|1722598523\n|switch|p2b: Ursaluna|Ursaluna-Bloodmoon, L50, M|100\/100\n|turn|7\n|\n|t:|1722598541\n|move|p2b: Ursaluna|Vacuum Wave|p1b: Ditto\n|-supereffective|p1b: Ditto\n|-damage|p1b: Ditto|5\/100\n|-damage|p2b: Ursaluna|91\/100|[from] item: Life Orb\n|move|p1b: Ditto|Close Combat|p2b: Ursaluna\n|-supereffective|p2b: Ursaluna\n|-damage|p2b: Ursaluna|0 fnt\n|-unboost|p1b: Ditto|def|1\n|-unboost|p1b: Ditto|spd|1\n|faint|p2b: Ursaluna\n|move|p2a: Urshifu|Wicked Blow|p1b: Ditto\n|-resisted|p1b: Ditto\n|-crit|p1b: Ditto\n|-damage|p1b: Ditto|0 fnt\n|faint|p1b: Ditto\n|\n|win|rebirthruby\n|raw|meowsticgaming's rating: 1710 &rarr; <strong>1689<\/strong><br \/>(-21 for losing)\n|raw|rebirthruby's rating: 1700 &rarr; <strong>1721<\/strong><br \/>(+21 for winning)\n|l|\u2606meowsticgaming\n|player|p1|\n|l|\u2606rebirthruby\n|player|p2|\n","uploadtime":1722598691,"views":24,"formatid":"gen9vgc2024regg","rating":1689,"private":0,"password":null}