{"id":"gen9vgc2024regg-2171642455","format":"[Gen 9] VGC 2024 Reg G","players":["Bbqsus","Fernalbo"],"log":"|j|\u2606Bbqsus\n|j|\u2606Fernalbo\n|t:|1722553723\n|gametype|doubles\n|player|p1|Bbqsus|2|1714\n|player|p2|Fernalbo|steven|1694\n|teamsize|p1|6\n|teamsize|p2|6\n|gen|9\n|tier|[Gen 9] VGC 2024 Reg G\n|rated|\n|rule|Species Clause: Limit one of each Pok\u00e9mon\n|rule|Item Clause: Limit one of each item\n|clearpoke\n|poke|p1|Lunala, L50|\n|poke|p1|Landorus-Therian, L50, M|\n|poke|p1|Indeedee-F, L50, F|\n|poke|p1|Torkoal, L50, M|\n|poke|p1|Flutter Mane, L50|\n|poke|p1|Ursaluna, L50, M|\n|poke|p2|Kyogre, L50|\n|poke|p2|Grimmsnarl, L50, M|\n|poke|p2|Incineroar, L50, M|\n|poke|p2|Rillaboom, L50, M|\n|poke|p2|Amoonguss, L50, F|\n|poke|p2|Raging Bolt, L50|\n|teampreview|4\n|inactive|Battle timer is ON: inactive players will automatically lose when time's up. (requested by Bbqsus)\n|inactive|Fernalbo has 60 seconds left.\n|\n|t:|1722553771\n|start\n|switch|p1a: Im da jokah baby|Lunala, L50, shiny|100\/100\n|switch|p1b: Indeedee-pronoun|Indeedee-F, L50, F, shiny|100\/100\n|switch|p2a: Grimmsnarl|Grimmsnarl, L50, M|100\/100\n|switch|p2b: Kyogre|Kyogre, L50|100\/100\n|-weather|RainDance|[from] ability: Drizzle|[of] p2b: Kyogre\n|-fieldstart|move: Psychic Terrain|[from] ability: Psychic Surge|[of] p1b: Indeedee-pronoun\n|turn|1\n|\n|t:|1722553786\n|move|p1a: Im da jokah baby|Wide Guard|p1a: Im da jokah baby\n|-singleturn|p1a: Im da jokah baby|Wide Guard\n|move|p2b: Kyogre|Calm Mind|p2b: Kyogre\n|-boost|p2b: Kyogre|spa|1\n|-boost|p2b: Kyogre|spd|1\n|move|p2a: Grimmsnarl|Spirit Break|p1a: Im da jokah baby\n|-damage|p1a: Im da jokah baby|89\/100\n|-unboost|p1a: Im da jokah baby|spa|1\n|move|p1b: Indeedee-pronoun|Trick Room|p1b: Indeedee-pronoun\n|-fieldstart|move: Trick Room|[of] p1b: Indeedee-pronoun\n|\n|-weather|RainDance|[upkeep]\n|upkeep\n|turn|2\n|\n|t:|1722553803\n|switch|p1b: Krakatoa|Torkoal, L50, M, shiny|100\/100\n|-weather|SunnyDay|[from] ability: Drought|[of] p1b: Krakatoa\n|move|p1a: Im da jokah baby|Wide Guard|p1a: Im da jokah baby\n|-singleturn|p1a: Im da jokah baby|Wide Guard\n|move|p2a: Grimmsnarl|Light Screen|p2a: Grimmsnarl\n|-sidestart|p2: Fernalbo|move: Light Screen\n|move|p2b: Kyogre|Calm Mind|p2b: Kyogre\n|-boost|p2b: Kyogre|spa|1\n|-boost|p2b: Kyogre|spd|1\n|\n|-weather|SunnyDay|[upkeep]\n|upkeep\n|turn|3\n|\n|t:|1722553825\n|-terastallize|p1b: Krakatoa|Fire\n|move|p2a: Grimmsnarl|Reflect|p2a: Grimmsnarl\n|-sidestart|p2: Fernalbo|Reflect\n|move|p1b: Krakatoa|Eruption|p2a: Grimmsnarl|[spread] p2a,p2b\n|-resisted|p2b: Kyogre\n|-crit|p2b: Kyogre\n|-damage|p2a: Grimmsnarl|32\/100\n|-damage|p2b: Kyogre|43\/100\n|move|p1a: Im da jokah baby|Meteor Beam||[still]\n|-prepare|p1a: Im da jokah baby|Meteor Beam\n|-boost|p1a: Im da jokah baby|spa|1\n|-enditem|p1a: Im da jokah baby|Power Herb\n|-anim|p1a: Im da jokah baby|Meteor Beam|p2b: Kyogre\n|-damage|p2b: Kyogre|33\/100\n|move|p2b: Kyogre|Ice Beam|p1b: Krakatoa\n|-resisted|p1b: Krakatoa\n|-damage|p1b: Krakatoa|59\/100\n|\n|-weather|SunnyDay|[upkeep]\n|-heal|p2b: Kyogre|39\/100|[from] item: Leftovers\n|upkeep\n|turn|4\n|inactive|Fernalbo has 30 seconds left.\n|\n|t:|1722553852\n|switch|p2a: Incineroar|Incineroar, L50, M|100\/100\n|-ability|p2a: Incineroar|Intimidate|boost\n|-unboost|p1a: Im da jokah baby|atk|1\n|-unboost|p1b: Krakatoa|atk|1\n|move|p2b: Kyogre|Protect|p2b: Kyogre\n|-singleturn|p2b: Kyogre|Protect\n|move|p1b: Krakatoa|Flamethrower|p2b: Kyogre\n|-activate|p2b: Kyogre|move: Protect\n|move|p1a: Im da jokah baby|Expanding Force|p2b: Kyogre|[spread] \n|-activate|p2b: Kyogre|move: Protect\n|-immune|p2a: Incineroar\n|\n|-weather|SunnyDay|[upkeep]\n|-heal|p2b: Kyogre|44\/100|[from] item: Leftovers\n|upkeep\n|turn|5\n|\n|t:|1722553874\n|move|p1b: Krakatoa|Protect|p1b: Krakatoa\n|-singleturn|p1b: Krakatoa|Protect\n|move|p2a: Incineroar|Knock Off|p1a: Im da jokah baby\n|-supereffective|p1a: Im da jokah baby\n|-damage|p1a: Im da jokah baby|5\/100\n|move|p1a: Im da jokah baby|Expanding Force|p2a: Incineroar|[spread] p2b\n|-immune|p2a: Incineroar\n|-damage|p2b: Kyogre|29\/100\n|move|p2b: Kyogre|Origin Pulse|p1a: Im da jokah baby|[spread] p1a\n|-activate|p1b: Krakatoa|move: Protect\n|-damage|p1a: Im da jokah baby|0 fnt\n|faint|p1a: Im da jokah baby\n|\n|-weather|SunnyDay|[upkeep]\n|-heal|p2b: Kyogre|35\/100|[from] item: Leftovers\n|-fieldend|move: Trick Room\n|-fieldend|move: Psychic Terrain\n|upkeep\n|\n|t:|1722553885\n|switch|p1a: Indeedee-pronoun|Indeedee-F, L50, F, shiny|100\/100\n|-fieldstart|move: Psychic Terrain|[from] ability: Psychic Surge|[of] p1a: Indeedee-pronoun\n|turn|6\n|\n|t:|1722553902\n|move|p2b: Kyogre|Origin Pulse|p1b: Krakatoa|[spread] p1a,p1b\n|-supereffective|p1b: Krakatoa\n|-damage|p1a: Indeedee-pronoun|68\/100\n|-damage|p1b: Krakatoa|0 fnt\n|faint|p1b: Krakatoa\n|move|p2a: Incineroar|Knock Off|p1a: Indeedee-pronoun\n|-supereffective|p1a: Indeedee-pronoun\n|-damage|p1a: Indeedee-pronoun|0 fnt\n|-enditem|p1a: Indeedee-pronoun|Safety Goggles|[from] move: Knock Off|[of] p2a: Incineroar\n|faint|p1a: Indeedee-pronoun\n|\n|-weather|none\n|-heal|p2b: Kyogre|41\/100|[from] item: Leftovers\n|upkeep\n|-message|Bbqsus forfeited.\n|\n|win|Fernalbo\n|raw|Bbqsus's rating: 1714 &rarr; <strong>1693<\/strong><br \/>(-21 for losing)\n|raw|Fernalbo's rating: 1694 &rarr; <strong>1715<\/strong><br \/>(+21 for winning)\n|l|\u2606Bbqsus\n|player|p1|\n|l|\u2606Fernalbo\n|player|p2|\n","uploadtime":1722553918,"views":43,"formatid":"gen9vgc2024regg","rating":1693,"private":0,"password":null}