{"id":"gen9vgc2024regg-2171771717","format":"[Gen 9] VGC 2024 Reg G","players":["Krisuerte","12laudaa"],"log":"|j|\u2606Krisuerte\n|j|\u260612laudaa\n|t:|1722569672\n|gametype|doubles\n|player|p1|Krisuerte|266|1656\n|player|p2|12laudaa|101|1734\n|teamsize|p1|6\n|teamsize|p2|6\n|gen|9\n|tier|[Gen 9] VGC 2024 Reg G\n|rated|\n|rule|Species Clause: Limit one of each Pok\u00e9mon\n|rule|Item Clause: Limit one of each item\n|clearpoke\n|poke|p1|Groudon, L50|\n|poke|p1|Gouging Fire, L50|\n|poke|p1|Raging Bolt, L50|\n|poke|p1|Flutter Mane, L50|\n|poke|p1|Walking Wake, L50|\n|poke|p1|Urshifu-*, L50, M|\n|poke|p2|Calyrex-Shadow, L50|\n|poke|p2|Chi-Yu, L50|\n|poke|p2|Indeedee-F, L50, F|\n|poke|p2|Urshifu-*, L50, F|\n|poke|p2|Tornadus, L50, M|\n|poke|p2|Flutter Mane, L50|\n|teampreview|4\n|\n|t:|1722569712\n|start\n|switch|p1a: Groudon|Groudon, L50|100\/100\n|switch|p1b: Flutter Mane|Flutter Mane, L50|100\/100\n|switch|p2a: Flutter Mane|Flutter Mane, L50|100\/100\n|switch|p2b: Tornadus|Tornadus, L50, M|100\/100\n|-weather|SunnyDay|[from] ability: Drought|[of] p1a: Groudon\n|-activate|p1b: Flutter Mane|ability: Protosynthesis\n|-start|p1b: Flutter Mane|protosynthesisspe\n|-activate|p2a: Flutter Mane|ability: Protosynthesis\n|-start|p2a: Flutter Mane|protosynthesisspe\n|turn|1\n|\n|t:|1722569740\n|-terastallize|p1a: Groudon|Fire\n|move|p2b: Tornadus|Tailwind|p2b: Tornadus\n|-sidestart|p2: 12laudaa|move: Tailwind\n|move|p2a: Flutter Mane|Icy Wind|p1b: Flutter Mane|[spread] p1a,p1b\n|-resisted|p1a: Groudon\n|-damage|p1a: Groudon|96\/100\n|-damage|p1b: Flutter Mane|87\/100\n|-unboost|p1a: Groudon|spe|1\n|-unboost|p1b: Flutter Mane|spe|1\n|move|p1a: Groudon|Heat Crash|p2b: Tornadus\n|-damage|p2b: Tornadus|0 fnt\n|faint|p2b: Tornadus\n|move|p1b: Flutter Mane|Trick Room|p1b: Flutter Mane\n|-fieldstart|move: Trick Room|[of] p1b: Flutter Mane\n|\n|-weather|SunnyDay|[upkeep]\n|upkeep\n|\n|t:|1722569753\n|switch|p2b: Urshifu|Urshifu-Rapid-Strike, L50, F|100\/100\n|turn|2\n|\n|t:|1722569765\n|-terastallize|p2b: Urshifu|Water\n|move|p2a: Flutter Mane|Protect|p2a: Flutter Mane\n|-singleturn|p2a: Flutter Mane|Protect\n|move|p1a: Groudon|Heat Crash|p2a: Flutter Mane\n|-activate|p2a: Flutter Mane|move: Protect\n|move|p1b: Flutter Mane|Moonblast|p2b: Urshifu\n|-damage|p2b: Urshifu|30\/100\n|-unboost|p2b: Urshifu|spa|1\n|move|p2b: Urshifu|Surging Strikes|p1a: Groudon\n|-supereffective|p1a: Groudon\n|-crit|p1a: Groudon\n|-damage|p1a: Groudon|79\/100\n|-supereffective|p1a: Groudon\n|-crit|p1a: Groudon\n|-damage|p1a: Groudon|61\/100\n|-supereffective|p1a: Groudon\n|-crit|p1a: Groudon\n|-damage|p1a: Groudon|44\/100\n|-hitcount|p1a: Groudon|3\n|\n|-weather|SunnyDay|[upkeep]\n|upkeep\n|turn|3\n|c|\u260612laudaa|damn\n|c|\u260612laudaa|nice team\n|\n|t:|1722569789\n|move|p1a: Groudon|Heat Crash|p2a: Flutter Mane\n|-damage|p2a: Flutter Mane|0 fnt\n|faint|p2a: Flutter Mane\n|-end|p2a: Flutter Mane|Protosynthesis|[silent]\n|move|p1b: Flutter Mane|Moonblast|p2b: Urshifu\n|-damage|p2b: Urshifu|0 fnt\n|faint|p2b: Urshifu\n|\n|-weather|SunnyDay|[upkeep]\n|upkeep\n|\n|t:|1722569794\n|switch|p2b: Calyrex|Calyrex-Shadow, L50|100\/100\n|-ability|p2b: Calyrex|As One\n|-ability|p2b: Calyrex|Unnerve\n|turn|4\n|\n|t:|1722569817\n|move|p2b: Calyrex|Protect|p2b: Calyrex\n|-singleturn|p2b: Calyrex|Protect\n|move|p1a: Groudon|Heat Crash|p2b: Calyrex\n|-activate|p2b: Calyrex|move: Protect\n|move|p1b: Flutter Mane|Moonblast|p2b: Calyrex\n|-activate|p2b: Calyrex|move: Protect\n|\n|-weather|SunnyDay|[upkeep]\n|-sideend|p2: 12laudaa|move: Tailwind\n|upkeep\n|turn|5\n|inactive|Battle timer is ON: inactive players will automatically lose when time's up. (requested by 12laudaa)\n|\n|t:|1722569830\n|move|p2b: Calyrex|Protect||[still]\n|-fail|p2b: Calyrex\n|move|p1a: Groudon|Heat Crash|p2b: Calyrex\n|-enditem|p2b: Calyrex|Focus Sash\n|-damage|p2b: Calyrex|1\/100\n|move|p1b: Flutter Mane|Moonblast|p2b: Calyrex\n|-damage|p2b: Calyrex|0 fnt\n|faint|p2b: Calyrex\n|\n|win|Krisuerte\n|raw|Krisuerte's rating: 1656 &rarr; <strong>1680<\/strong><br \/>(+24 for winning)\n|raw|12laudaa's rating: 1734 &rarr; <strong>1710<\/strong><br \/>(-24 for losing)\n|l|\u2606Krisuerte\n|player|p1|\n","uploadtime":1722570031,"views":12,"formatid":"gen9vgc2024regg","rating":1680,"private":0,"password":null}