{"id":"gen9vgc2024regg-2171971239","format":"[Gen 9] VGC 2024 Reg G","players":["LONGhq","fuleya"],"log":"|j|\u203dLONGhq\n|j|\u2606fuleya\n|t:|1722602613\n|gametype|doubles\n|player|p1|LONGhq|dawn|1724\n|player|p2|fuleya|102|1799\n|teamsize|p1|6\n|teamsize|p2|6\n|gen|9\n|tier|[Gen 9] VGC 2024 Reg G\n|rated|\n|rule|Species Clause: Limit one of each Pok\u00e9mon\n|rule|Item Clause: Limit one of each item\n|clearpoke\n|poke|p1|Miraidon, L50|\n|poke|p1|Smeargle, L50, M|\n|poke|p1|Arcanine-Hisui, L50, M|\n|poke|p1|Urshifu-*, L50, M|\n|poke|p1|Iron Hands, L50|\n|poke|p1|Whimsicott, L50, M|\n|poke|p2|Tornadus, L50, M|\n|poke|p2|Calyrex-Shadow, L50|\n|poke|p2|Urshifu-*, L50, M|\n|poke|p2|Farigiraf, L50, M|\n|poke|p2|Clefairy, L50, F|\n|poke|p2|Ogerpon-Cornerstone, L50, F|\n|teampreview|4\n|c|\u2606fuleya|wow\n|inactive|Battle timer is ON: inactive players will automatically lose when time's up. (requested by fuleya)\n|\n|t:|1722602639\n|start\n|switch|p1a: Smeargle|Smeargle, L50, M|100\/100\n|switch|p1b: Whimsicott|Whimsicott, L50, M|100\/100\n|switch|p2a: Tornadus|Tornadus, L50, M|100\/100\n|switch|p2b: Urshifu|Urshifu, L50, M|100\/100\n|turn|1\n|\n|t:|1722602663\n|move|p2a: Tornadus|Taunt|p1a: Smeargle\n|-start|p1a: Smeargle|move: Taunt\n|move|p1b: Whimsicott|Tailwind|p1b: Whimsicott\n|-sidestart|p1: LONGhq|move: Tailwind\n|cant|p1a: Smeargle|move: Taunt|Spore\n|move|p2b: Urshifu|Wicked Blow|p1a: Smeargle\n|-crit|p1a: Smeargle\n|-enditem|p1a: Smeargle|Focus Sash\n|-damage|p1a: Smeargle|1\/100\n|\n|upkeep\n|turn|2\n|\n|t:|1722602686\n|switch|p1a: Urshifu|Urshifu, L50, M|100\/100\n|move|p1b: Whimsicott|Encore|p2a: Tornadus\n|-start|p2a: Tornadus|Encore\n|move|p2a: Tornadus|Taunt|p1b: Whimsicott\n|-start|p1b: Whimsicott|move: Taunt\n|move|p2b: Urshifu|Close Combat|p1a: Urshifu\n|-supereffective|p1a: Urshifu\n|-crit|p1a: Urshifu\n|-damage|p1a: Urshifu|0 fnt\n|-unboost|p2b: Urshifu|def|1\n|-unboost|p2b: Urshifu|spd|1\n|faint|p1a: Urshifu\n|\n|upkeep\n|\n|t:|1722602702\n|switch|p1a: Miraidon|Miraidon, L50|100\/100\n|-fieldstart|move: Electric Terrain|[from] ability: Hadron Engine|[of] p1a: Miraidon\n|turn|3\n|\n|t:|1722602723\n|switch|p2a: Ogerpon|Ogerpon-Cornerstone, L50, F|100\/100\n|move|p2b: Urshifu|Detect|p2b: Urshifu\n|-singleturn|p2b: Urshifu|Protect\n|move|p1a: Miraidon|Volt Switch|p2a: Ogerpon\n|-resisted|p2a: Ogerpon\n|-damage|p2a: Ogerpon|37\/100\n|\n|t:|1722602729\n|switch|p1a: Smeargle|Smeargle, L50, M|1\/100|[from] Volt Switch\n|move|p1b: Whimsicott|Moonblast|p2b: Urshifu\n|-activate|p2b: Urshifu|move: Protect\n|\n|upkeep\n|turn|4\n|\n|t:|1722602745\n|move|p1a: Smeargle|Fake Out|p2b: Urshifu\n|-damage|p2b: Urshifu|90\/100\n|move|p2a: Ogerpon|Follow Me|p2a: Ogerpon\n|-singleturn|p2a: Ogerpon|move: Follow Me\n|move|p1b: Whimsicott|Moonblast|p2a: Ogerpon\n|-crit|p2a: Ogerpon\n|-damage|p2a: Ogerpon|0 fnt\n|faint|p2a: Ogerpon\n|cant|p2b: Urshifu|flinch\n|\n|-sideend|p1: LONGhq|move: Tailwind\n|upkeep\n|\n|t:|1722602757\n|switch|p2a: Tornadus|Tornadus, L50, M|100\/100\n|turn|5\n|\n|t:|1722602777\n|move|p2a: Tornadus|Tailwind|p2a: Tornadus\n|-sidestart|p2: fuleya|move: Tailwind\n|move|p2b: Urshifu|Close Combat|p1a: Smeargle\n|-supereffective|p1a: Smeargle\n|-damage|p1a: Smeargle|0 fnt\n|-unboost|p2b: Urshifu|def|1\n|-unboost|p2b: Urshifu|spd|1\n|faint|p1a: Smeargle\n|move|p1b: Whimsicott|Moonblast|p2b: Urshifu\n|-supereffective|p2b: Urshifu\n|-damage|p2b: Urshifu|0 fnt\n|faint|p2b: Urshifu\n|\n|-end|p1b: Whimsicott|move: Taunt\n|upkeep\n|\n|t:|1722602791\n|switch|p2b: Calyrex|Calyrex-Shadow, L50|100\/100\n|switch|p1a: Miraidon|Miraidon, L50|100\/100\n|-ability|p2b: Calyrex|As One\n|-ability|p2b: Calyrex|Unnerve\n|-activate|p1a: Miraidon|ability: Hadron Engine\n|turn|6\n|\n|t:|1722602808\n|-terastallize|p2b: Calyrex|Ghost\n|move|p1b: Whimsicott|Light Screen|p1b: Whimsicott\n|-sidestart|p1: LONGhq|move: Light Screen\n|move|p2b: Calyrex|Astral Barrage|p1a: Miraidon|[spread] p1a,p1b\n|-damage|p1a: Miraidon|42\/100\n|-damage|p1b: Whimsicott|31\/100\n|move|p2a: Tornadus|Bleakwind Storm|p1a: Miraidon|[spread] p1a,p1b\n|-resisted|p1a: Miraidon\n|-supereffective|p1b: Whimsicott\n|-damage|p1a: Miraidon|32\/100\n|-damage|p1b: Whimsicott|0 fnt\n|faint|p1b: Whimsicott\n|move|p1a: Miraidon|Electro Drift|p2b: Calyrex\n|-damage|p2b: Calyrex|0 fnt\n|faint|p2b: Calyrex\n|\n|upkeep\n|turn|7\n|\n|t:|1722602831\n|move|p2a: Tornadus|Bleakwind Storm|p1a: Miraidon\n|-resisted|p1a: Miraidon\n|-damage|p1a: Miraidon|21\/100\n|move|p1a: Miraidon|Electro Drift|p2a: Tornadus\n|-supereffective|p2a: Tornadus\n|-damage|p2a: Tornadus|0 fnt\n|faint|p2a: Tornadus\n|\n|win|LONGhq\n|raw|LONGhq's rating: 1724 &rarr; <strong>1748<\/strong><br \/>(+24 for winning)\n|raw|fuleya's rating: 1799 &rarr; <strong>1775<\/strong><br \/>(-24 for losing)\n|l|\u203dLONGhq\n|player|p1|\n|l|\u2606fuleya\n|player|p2|\n","uploadtime":1722602991,"views":49,"formatid":"gen9vgc2024regg","rating":1748,"private":0,"password":null}