{"id":"gen9vgc2024regg-2171154928","format":"[Gen 9] VGC 2024 Reg G","players":["rebirthruby","Moon7777"],"log":"|j|\u2606rebirthruby\n|j|\u2606Moon7777\n|t:|1722491270\n|gametype|doubles\n|player|p1|rebirthruby|102|1698\n|player|p2|Moon7777|102|1675\n|teamsize|p1|6\n|teamsize|p2|6\n|gen|9\n|tier|[Gen 9] VGC 2024 Reg G\n|rated|\n|rule|Species Clause: Limit one of each Pok\u00e9mon\n|rule|Item Clause: Limit one of each item\n|clearpoke\n|poke|p1|Calyrex-Ice, L50|\n|poke|p1|Annihilape, L50, M|\n|poke|p1|Ogerpon-Wellspring, L50, F|\n|poke|p1|Urshifu-*, L50, M|\n|poke|p1|Ursaluna-Bloodmoon, L50, M|\n|poke|p1|Smeargle, L50, F|\n|poke|p2|Whimsicott, L50, M|\n|poke|p2|Miraidon, L50|\n|poke|p2|Urshifu-*, L50, F|\n|poke|p2|Iron Leaves, L50|\n|poke|p2|Incineroar, L50, F|\n|poke|p2|Iron Hands, L50|\n|teampreview|4\n|inactive|Battle timer is ON: inactive players will automatically lose when time's up. (requested by Moon7777)\n|inactive|rebirthruby has 60 seconds left.\n|\n|t:|1722491345\n|start\n|switch|p1a: Smeargle|Smeargle, L50, F|100\/100\n|switch|p1b: Calyrex|Calyrex-Ice, L50|100\/100\n|switch|p2a: Miraidon|Miraidon, L50|100\/100\n|switch|p2b: Iron Hands|Iron Hands, L50|100\/100\n|-ability|p1b: Calyrex|As One\n|-ability|p1b: Calyrex|Unnerve\n|-fieldstart|move: Electric Terrain|[from] ability: Hadron Engine|[of] p2a: Miraidon\n|-activate|p2b: Iron Hands|ability: Quark Drive\n|-start|p2b: Iron Hands|quarkdriveatk\n|-enditem|p2b: Iron Hands|Electric Seed\n|-boost|p2b: Iron Hands|def|1|[from] item: Electric Seed\n|turn|1\n|inactive|rebirthruby has 30 seconds left.\n|j| Luxraykeeper\n|\n|t:|1722491374\n|move|p1b: Calyrex|Protect|p1b: Calyrex\n|-singleturn|p1b: Calyrex|Protect\n|move|p2a: Miraidon|Volt Switch|p1a: Smeargle\n|-enditem|p1a: Smeargle|Focus Sash\n|-damage|p1a: Smeargle|1\/100\n|\n|t:|1722491381\n|switch|p2a: Incineroar|Incineroar, L50, F|100\/100|[from] Volt Switch\n|-ability|p2a: Incineroar|Intimidate|boost\n|-unboost|p1a: Smeargle|atk|1\n|-unboost|p1b: Calyrex|atk|1\n|move|p1a: Smeargle|Decorate|p1b: Calyrex\n|-boost|p1b: Calyrex|atk|2\n|-boost|p1b: Calyrex|spa|2\n|move|p2b: Iron Hands|Swords Dance|p2b: Iron Hands\n|-boost|p2b: Iron Hands|atk|2\n|\n|upkeep\n|turn|2\n|inactive|rebirthruby has 30 seconds left.\n|\n|t:|1722491416\n|switch|p1a: Ursaluna|Ursaluna-Bloodmoon, L50, M|100\/100\n|move|p2a: Incineroar|Fake Out|p1b: Calyrex\n|-damage|p1b: Calyrex|93\/100\n|cant|p1b: Calyrex|flinch\n|move|p2b: Iron Hands|Thunder Punch|p1b: Calyrex\n|-damage|p1b: Calyrex|20\/100\n|-enditem|p1b: Calyrex|Sitrus Berry|[eat]\n|-heal|p1b: Calyrex|45\/100|[from] item: Sitrus Berry\n|\n|upkeep\n|turn|3\n|inactive|rebirthruby has 30 seconds left.\n|inactive|rebirthruby has 20 seconds left.\n|inactive|rebirthruby has 15 seconds left.\n|inactive|rebirthruby has 10 seconds left.\n|\n|t:|1722491465\n|move|p2a: Incineroar|Flare Blitz|p1b: Calyrex\n|-supereffective|p1b: Calyrex\n|-damage|p1b: Calyrex|0 fnt\n|faint|p1b: Calyrex\n|-damage|p2a: Incineroar|86\/100|[from] Recoil\n|move|p1a: Ursaluna|Earth Power|p2b: Iron Hands\n|-supereffective|p2b: Iron Hands\n|-crit|p2b: Iron Hands\n|-damage|p2b: Iron Hands|0 fnt\n|faint|p2b: Iron Hands\n|-end|p2b: Iron Hands|Quark Drive|[silent]\n|-damage|p1a: Ursaluna|91\/100|[from] item: Life Orb\n|\n|upkeep\n|\n|t:|1722491485\n|switch|p1b: Smeargle|Smeargle, L50, F|1\/100\n|switch|p2b: Urshifu|Urshifu-Rapid-Strike, L50, F|100\/100\n|turn|4\n|\n|t:|1722491506\n|move|p2b: Urshifu|Detect|p2b: Urshifu\n|-singleturn|p2b: Urshifu|Protect\n|move|p1b: Smeargle|Follow Me|p1b: Smeargle\n|-singleturn|p1b: Smeargle|move: Follow Me\n|move|p2a: Incineroar|Knock Off|p1b: Smeargle\n|-damage|p1b: Smeargle|0 fnt\n|faint|p1b: Smeargle\n|move|p1a: Ursaluna|Blood Moon|p2b: Urshifu\n|-activate|p2b: Urshifu|move: Protect\n|\n|upkeep\n|\n|t:|1722491520\n|switch|p1b: Urshifu|Urshifu, L50, M|100\/100\n|turn|5\n|inactive|rebirthruby has 30 seconds left.\n|inactive|Moon7777 has 30 seconds left.\n|inactive|rebirthruby has 20 seconds left.\n|\n|t:|1722491563\n|-terastallize|p1a: Ursaluna|Normal\n|move|p1b: Urshifu|Sucker Punch|p2b: Urshifu\n|-resisted|p2b: Urshifu\n|-damage|p2b: Urshifu|68\/100\n|move|p2b: Urshifu|Surging Strikes|p1a: Ursaluna\n|-crit|p1a: Ursaluna\n|-damage|p1a: Ursaluna|73\/100\n|-crit|p1a: Ursaluna\n|-damage|p1a: Ursaluna|57\/100\n|-crit|p1a: Ursaluna\n|-damage|p1a: Ursaluna|41\/100\n|-hitcount|p1a: Ursaluna|3\n|move|p2a: Incineroar|Flare Blitz|p1a: Ursaluna\n|-damage|p1a: Ursaluna|2\/100\n|-damage|p2a: Incineroar|72\/100|[from] Recoil\n|move|p1a: Ursaluna|Hyper Voice|p2b: Urshifu|[spread] p2a,p2b\n|-damage|p2a: Incineroar|28\/100\n|-damage|p2b: Urshifu|0 fnt\n|faint|p2b: Urshifu\n|-damage|p1a: Ursaluna|0 fnt|[from] item: Life Orb\n|faint|p1a: Ursaluna\n|\n|-fieldend|move: Electric Terrain\n|upkeep\n|\n|t:|1722491583\n|switch|p2b: Miraidon|Miraidon, L50|100\/100\n|-fieldstart|move: Electric Terrain|[from] ability: Hadron Engine|[of] p2b: Miraidon\n|turn|6\n|\n|t:|1722491590\n|-terastallize|p2b: Miraidon|Fairy\n|move|p1b: Urshifu|Sucker Punch|p2b: Miraidon\n|-resisted|p2b: Miraidon\n|-damage|p2b: Miraidon|68\/100\n|move|p2b: Miraidon|Dazzling Gleam|p1b: Urshifu\n|-supereffective|p1b: Urshifu\n|-damage|p1b: Urshifu|0 fnt\n|faint|p1b: Urshifu\n|\n|win|Moon7777\n|raw|rebirthruby's rating: 1698 &rarr; <strong>1677<\/strong><br \/>(-21 for losing)\n|raw|Moon7777's rating: 1675 &rarr; <strong>1696<\/strong><br \/>(+21 for winning)\n|l| Luxraykeeper\n|l|\u2606rebirthruby\n|player|p1|\n","uploadtime":1722491845,"views":14,"formatid":"gen9vgc2024regg","rating":1677,"private":0,"password":null}