{"id":"gen9vgc2024regg-2171953357","format":"[Gen 9] VGC 2024 Reg G","players":["Fernalbo","Slackermaru"],"log":"|j|\u2606Fernalbo\n|j|\u203dSlackermaru\n|t:|1722600118\n|gametype|doubles\n|player|p1|Fernalbo|steven|1745\n|player|p2|Slackermaru|workerice|1660\n|teamsize|p1|6\n|teamsize|p2|6\n|gen|9\n|tier|[Gen 9] VGC 2024 Reg G\n|rated|\n|rule|Species Clause: Limit one of each Pok\u00e9mon\n|rule|Item Clause: Limit one of each item\n|clearpoke\n|poke|p1|Kyogre, L50|\n|poke|p1|Grimmsnarl, L50, M|\n|poke|p1|Incineroar, L50, M|\n|poke|p1|Rillaboom, L50, F|\n|poke|p1|Amoonguss, L50, F|\n|poke|p1|Raging Bolt, L50|\n|poke|p2|Rillaboom, L50, F|\n|poke|p2|Urshifu-*, L50, F|\n|poke|p2|Incineroar, L50, F|\n|poke|p2|Raging Bolt, L50|\n|poke|p2|Calyrex-Ice, L50|\n|poke|p2|Farigiraf, L50, F|\n|teampreview|4\n|\n|t:|1722600174\n|start\n|switch|p1a: Amoonguss|Amoonguss, L50, F|100\/100\n|switch|p1b: Incineroar|Incineroar, L50, M|100\/100\n|switch|p2a: Calyrex|Calyrex-Ice, L50|100\/100\n|switch|p2b: Urshifu|Urshifu-Rapid-Strike, L50, F|100\/100\n|-ability|p2a: Calyrex|As One\n|-ability|p2a: Calyrex|Unnerve\n|-ability|p1b: Incineroar|Intimidate|boost\n|-fail|p2a: Calyrex|unboost|[from] item: Clear Amulet|[of] p2a: Calyrex\n|-unboost|p2b: Urshifu|atk|1\n|turn|1\n|\n|t:|1722600211\n|move|p1a: Amoonguss|Rage Powder|p1a: Amoonguss\n|-singleturn|p1a: Amoonguss|move: Rage Powder\n|move|p2b: Urshifu|Surging Strikes|p1a: Amoonguss\n|-resisted|p1a: Amoonguss\n|-crit|p1a: Amoonguss\n|-damage|p1a: Amoonguss|92\/100\n|-damage|p2b: Urshifu|84\/100|[from] item: Rocky Helmet|[of] p1a: Amoonguss\n|-resisted|p1a: Amoonguss\n|-crit|p1a: Amoonguss\n|-damage|p1a: Amoonguss|85\/100\n|-damage|p2b: Urshifu|67\/100|[from] item: Rocky Helmet|[of] p1a: Amoonguss\n|-resisted|p1a: Amoonguss\n|-crit|p1a: Amoonguss\n|-damage|p1a: Amoonguss|75\/100\n|-damage|p2b: Urshifu|51\/100|[from] item: Rocky Helmet|[of] p1a: Amoonguss\n|-hitcount|p1a: Amoonguss|3\n|move|p1b: Incineroar|Will-O-Wisp|p2a: Calyrex\n|-status|p2a: Calyrex|brn\n|move|p2a: Calyrex|Glacial Lance|p1b: Incineroar|[spread] p1a,p1b\n|-supereffective|p1a: Amoonguss\n|-resisted|p1b: Incineroar\n|-damage|p1a: Amoonguss|31\/100\n|-damage|p1b: Incineroar|88\/100\n|\n|-damage|p2a: Calyrex|95\/100 brn|[from] brn\n|upkeep\n|turn|2\n|\n|t:|1722600239\n|move|p2b: Urshifu|Protect|p2b: Urshifu\n|-singleturn|p2b: Urshifu|Protect\n|move|p1a: Amoonguss|Rage Powder|p1a: Amoonguss\n|-singleturn|p1a: Amoonguss|move: Rage Powder\n|move|p1b: Incineroar|Will-O-Wisp|p2b: Urshifu\n|-activate|p2b: Urshifu|move: Protect\n|move|p2a: Calyrex|Glacial Lance|p1b: Incineroar|[spread] p1a,p1b\n|-supereffective|p1a: Amoonguss\n|-crit|p1a: Amoonguss\n|-resisted|p1b: Incineroar\n|-damage|p1a: Amoonguss|0 fnt\n|-damage|p1b: Incineroar|76\/100\n|faint|p1a: Amoonguss\n|-ability|p2a: Calyrex|Chilling Neigh|boost\n|-boost|p2a: Calyrex|atk|1\n|\n|-damage|p2a: Calyrex|89\/100 brn|[from] brn\n|upkeep\n|\n|t:|1722600257\n|switch|p1a: Grimmsnarl|Grimmsnarl, L50, M|100\/100\n|turn|3\n|\n|t:|1722600268\n|move|p1a: Grimmsnarl|Thunder Wave|p2b: Urshifu\n|-status|p2b: Urshifu|par\n|move|p2b: Urshifu|Surging Strikes|p1b: Incineroar\n|-supereffective|p1b: Incineroar\n|-crit|p1b: Incineroar\n|-damage|p1b: Incineroar|33\/100\n|-supereffective|p1b: Incineroar\n|-crit|p1b: Incineroar\n|-damage|p1b: Incineroar|0 fnt\n|faint|p1b: Incineroar\n|-hitcount|p1: Incineroar|2\n|move|p2a: Calyrex|Glacial Lance|p1a: Grimmsnarl\n|-crit|p1a: Grimmsnarl\n|-damage|p1a: Grimmsnarl|18\/100\n|\n|-damage|p2a: Calyrex|83\/100 brn|[from] brn\n|upkeep\n|\n|t:|1722600283\n|switch|p1b: Kyogre|Kyogre, L50|100\/100\n|-weather|RainDance|[from] ability: Drizzle|[of] p1b: Kyogre\n|turn|4\n|\n|t:|1722600297\n|move|p2a: Calyrex|Protect|p2a: Calyrex\n|-singleturn|p2a: Calyrex|Protect\n|move|p2b: Urshifu|Aqua Jet|p1a: Grimmsnarl\n|-damage|p1a: Grimmsnarl|0 fnt\n|faint|p1a: Grimmsnarl\n|move|p1b: Kyogre|Calm Mind|p1b: Kyogre\n|-boost|p1b: Kyogre|spa|1\n|-boost|p1b: Kyogre|spd|1\n|\n|-weather|RainDance|[upkeep]\n|-damage|p2a: Calyrex|77\/100 brn|[from] brn\n|upkeep\n|turn|5\n|\n|t:|1722600314\n|-terastallize|p2a: Calyrex|Water\n|move|p1b: Kyogre|Origin Pulse|p2a: Calyrex|[spread] p2a,p2b\n|-resisted|p2a: Calyrex\n|-resisted|p2b: Urshifu\n|-damage|p2a: Calyrex|45\/100 brn\n|-damage|p2b: Urshifu|0 fnt\n|faint|p2b: Urshifu\n|move|p2a: Calyrex|High Horsepower|p1b: Kyogre\n|-damage|p1b: Kyogre|77\/100\n|\n|-weather|RainDance|[upkeep]\n|-heal|p1b: Kyogre|83\/100|[from] item: Leftovers\n|-damage|p2a: Calyrex|40\/100 brn|[from] brn\n|upkeep\n|\n|t:|1722600326\n|switch|p2b: Raging Bolt|Raging Bolt, L50|100\/100\n|-enditem|p2b: Raging Bolt|Booster Energy\n|-activate|p2b: Raging Bolt|ability: Protosynthesis|[fromitem]\n|-start|p2b: Raging Bolt|protosynthesisspa\n|turn|6\n|\n|t:|1722600346\n|move|p1b: Kyogre|Protect|p1b: Kyogre\n|-singleturn|p1b: Kyogre|Protect\n|move|p2b: Raging Bolt|Thunderclap||[still]\n|-fail|p2b: Raging Bolt\n|move|p2a: Calyrex|Glacial Lance|p1b: Kyogre\n|-activate|p1b: Kyogre|move: Protect\n|\n|-weather|RainDance|[upkeep]\n|-heal|p1b: Kyogre|89\/100|[from] item: Leftovers\n|-damage|p2a: Calyrex|34\/100 brn|[from] brn\n|upkeep\n|turn|7\n|\n|t:|1722600368\n|-terastallize|p1b: Kyogre|Grass\n|move|p2b: Raging Bolt|Protect|p2b: Raging Bolt\n|-singleturn|p2b: Raging Bolt|Protect\n|move|p1b: Kyogre|Origin Pulse|p2b: Raging Bolt|[spread] p2a\n|-activate|p2b: Raging Bolt|move: Protect\n|-resisted|p2a: Calyrex\n|-damage|p2a: Calyrex|1\/100 brn\n|move|p2a: Calyrex|Trick Room|p2a: Calyrex\n|-fieldstart|move: Trick Room|[of] p2a: Calyrex\n|\n|-weather|RainDance|[upkeep]\n|-heal|p1b: Kyogre|95\/100|[from] item: Leftovers\n|-damage|p2a: Calyrex|0 fnt|[from] brn\n|faint|p2a: Calyrex\n|upkeep\n|\n|t:|1722600381\n|switch|p2a: Farigiraf|Farigiraf, L50, F|100\/100\n|turn|8\n|\n|t:|1722600398\n|move|p2a: Farigiraf|Helping Hand|p2b: Raging Bolt\n|-singleturn|p2b: Raging Bolt|Helping Hand|[of] p2a: Farigiraf\n|move|p2b: Raging Bolt|Draco Meteor|p1b: Kyogre\n|-damage|p1b: Kyogre|25\/100\n|-unboost|p2b: Raging Bolt|spa|2\n|move|p1b: Kyogre|Origin Pulse|p2a: Farigiraf|[spread] p2b\n|-miss|p1b: Kyogre|p2a: Farigiraf\n|-resisted|p2b: Raging Bolt\n|-damage|p2b: Raging Bolt|56\/100\n|\n|-weather|none\n|-heal|p1b: Kyogre|30\/100|[from] item: Leftovers\n|upkeep\n|turn|9\n|\n|t:|1722600416\n|move|p1b: Kyogre|Protect|p1b: Kyogre\n|-singleturn|p1b: Kyogre|Protect\n|move|p2a: Farigiraf|Hyper Voice|p1b: Kyogre\n|-activate|p1b: Kyogre|move: Protect\n|move|p2b: Raging Bolt|Draco Meteor|p1b: Kyogre\n|-activate|p1b: Kyogre|move: Protect\n|\n|-heal|p1b: Kyogre|36\/100|[from] item: Leftovers\n|upkeep\n|turn|10\n|\n|t:|1722600435\n|move|p2a: Farigiraf|Helping Hand|p2b: Raging Bolt\n|-singleturn|p2b: Raging Bolt|Helping Hand|[of] p2a: Farigiraf\n|move|p2b: Raging Bolt|Draco Meteor|p1b: Kyogre\n|-damage|p1b: Kyogre|2\/100\n|-unboost|p2b: Raging Bolt|spa|2\n|move|p1b: Kyogre|Calm Mind|p1b: Kyogre\n|-boost|p1b: Kyogre|spa|1\n|-boost|p1b: Kyogre|spd|1\n|\n|-heal|p1b: Kyogre|8\/100|[from] item: Leftovers\n|upkeep\n|turn|11\n|\n|t:|1722600450\n|move|p1b: Kyogre|Protect|p1b: Kyogre\n|-singleturn|p1b: Kyogre|Protect\n|move|p2a: Farigiraf|Hyper Voice|p1b: Kyogre\n|-activate|p1b: Kyogre|move: Protect\n|move|p2b: Raging Bolt|Thunderbolt|p1b: Kyogre\n|-activate|p1b: Kyogre|move: Protect\n|\n|-heal|p1b: Kyogre|14\/100|[from] item: Leftovers\n|-fieldend|move: Trick Room\n|upkeep\n|turn|12\n|\n|t:|1722600464\n|move|p2b: Raging Bolt|Protect|p2b: Raging Bolt\n|-singleturn|p2b: Raging Bolt|Protect\n|move|p1b: Kyogre|Ice Beam|p2b: Raging Bolt\n|-activate|p2b: Raging Bolt|move: Protect\n|move|p2a: Farigiraf|Trick Room|p2a: Farigiraf\n|-fieldstart|move: Trick Room|[of] p2a: Farigiraf\n|\n|-heal|p1b: Kyogre|20\/100|[from] item: Leftovers\n|upkeep\n|turn|13\n|\n|t:|1722600477\n|move|p1b: Kyogre|Protect|p1b: Kyogre\n|-singleturn|p1b: Kyogre|Protect\n|move|p2a: Farigiraf|Hyper Voice|p1b: Kyogre\n|-activate|p1b: Kyogre|move: Protect\n|move|p2b: Raging Bolt|Draco Meteor|p1b: Kyogre\n|-activate|p1b: Kyogre|move: Protect\n|\n|-heal|p1b: Kyogre|26\/100|[from] item: Leftovers\n|upkeep\n|turn|14\n|\n|t:|1722600492\n|move|p2a: Farigiraf|Hyper Voice|p1b: Kyogre\n|-damage|p1b: Kyogre|11\/100\n|-enditem|p2a: Farigiraf|Throat Spray\n|-boost|p2a: Farigiraf|spa|1|[from] item: Throat Spray\n|move|p2b: Raging Bolt|Draco Meteor|p1b: Kyogre\n|-damage|p1b: Kyogre|0 fnt\n|-unboost|p2b: Raging Bolt|spa|2\n|faint|p1b: Kyogre\n|\n|win|Slackermaru\n|raw|Fernalbo's rating: 1745 &rarr; <strong>1720<\/strong><br \/>(-25 for losing)\n|raw|Slackermaru's rating: 1660 &rarr; <strong>1685<\/strong><br \/>(+25 for winning)\n|l|\u203dSlackermaru\n|player|p2|\n|l|\u2606Fernalbo\n|player|p1|\n","uploadtime":1722600665,"views":8,"formatid":"gen9vgc2024regg","rating":1685,"private":0,"password":null}