{"id":"gen9vgc2024regg-2171346190","format":"[Gen 9] VGC 2024 Reg G","players":["actuary97","jetshavel"],"log":"|j|\u2606actuary97\n|j|\u2606jetshavel\n|t:|1722522446\n|gametype|doubles\n|player|p1|actuary97|sabrina-lgpe|1780\n|player|p2|jetshavel|102|1739\n|teamsize|p1|6\n|teamsize|p2|6\n|gen|9\n|tier|[Gen 9] VGC 2024 Reg G\n|rated|\n|rule|Species Clause: Limit one of each Pok\u00e9mon\n|rule|Item Clause: Limit one of each item\n|clearpoke\n|poke|p1|Amoonguss, L50, M|\n|poke|p1|Incineroar, L50, M|\n|poke|p1|Comfey, L50, M|\n|poke|p1|Whimsicott, L50, M|\n|poke|p1|Kyogre, L50|\n|poke|p1|Archaludon, L50, M|\n|poke|p2|Pelipper, L50, M|\n|poke|p2|Zamazenta-*, L50|\n|poke|p2|Raging Bolt, L50|\n|poke|p2|Iron Jugulis, L50|\n|poke|p2|Incineroar, L50, F|\n|poke|p2|Rillaboom, L50, M|\n|teampreview|4\njetshavel has agreed to open team sheets.\nactuary97 has agreed to open team sheets.\n|inactive|Battle timer is ON: inactive players will automatically lose when time's up. (requested by jetshavel)\n|inactive|jetshavel has 60 seconds left.\n|\n|t:|1722522497\n|start\n|switch|p1a: Whimsicott|Whimsicott, L50, M, shiny|100\/100\n|switch|p1b: Archaludon|Archaludon, L50, M, shiny|100\/100\n|switch|p2a: Rillaboom|Rillaboom, L50, M|100\/100\n|switch|p2b: Raging Bolt|Raging Bolt, L50|100\/100\n|-fieldstart|move: Grassy Terrain|[from] ability: Grassy Surge|[of] p2a: Rillaboom\n|turn|1\n|inactive|actuary97 has 30 seconds left.\n|inactive|jetshavel has 30 seconds left.\n|\n|t:|1722522531\n|switch|p1a: Comfey|Comfey, L50, M, shiny|100\/100\n|move|p2a: Rillaboom|Fake Out|p1a: Comfey\n|-damage|p1a: Comfey|85\/100\n|move|p1b: Archaludon|Snarl|p2a: Rillaboom|[spread] p2a,p2b\n|-damage|p2a: Rillaboom|92\/100\n|-damage|p2b: Raging Bolt|91\/100\n|-unboost|p2a: Rillaboom|spa|1\n|-unboost|p2b: Raging Bolt|spa|1\n|move|p2b: Raging Bolt|Calm Mind|p2b: Raging Bolt\n|-boost|p2b: Raging Bolt|spa|1\n|-boost|p2b: Raging Bolt|spd|1\n|\n|-heal|p1a: Comfey|90\/100|[from] Grassy Terrain\n|-heal|p2a: Rillaboom|98\/100|[from] Grassy Terrain\n|-heal|p2b: Raging Bolt|97\/100|[from] Grassy Terrain\n|-heal|p2b: Raging Bolt|100\/100|[from] item: Leftovers\n|upkeep\n|turn|2\n|\n|t:|1722522554\n|switch|p1a: Whimsicott|Whimsicott, L50, M, shiny|100\/100\n|move|p1b: Archaludon|Snarl|p2a: Rillaboom|[spread] p2a,p2b\n|-damage|p2a: Rillaboom|90\/100\n|-damage|p2b: Raging Bolt|94\/100\n|-unboost|p2a: Rillaboom|spa|1\n|-unboost|p2b: Raging Bolt|spa|1\n|move|p2a: Rillaboom|U-turn|p1a: Whimsicott\n|-damage|p1a: Whimsicott|64\/100\n|\n|t:|1722522570\n|switch|p2a: Zamazenta|Zamazenta-Crowned, L50|100\/100|[from] U-turn\n|-ability|p2a: Zamazenta|Dauntless Shield|boost\n|-boost|p2a: Zamazenta|def|1\n|move|p2b: Raging Bolt|Calm Mind|p2b: Raging Bolt\n|-boost|p2b: Raging Bolt|spa|1\n|-boost|p2b: Raging Bolt|spd|1\n|\n|-heal|p1a: Whimsicott|70\/100|[from] Grassy Terrain\n|-heal|p2b: Raging Bolt|99\/100|[from] Grassy Terrain\n|-heal|p2b: Raging Bolt|100\/100|[from] item: Leftovers\n|upkeep\n|turn|3\n|\n|t:|1722522585\n|move|p2b: Raging Bolt|Protect|p2b: Raging Bolt\n|-singleturn|p2b: Raging Bolt|Protect\n|move|p1a: Whimsicott|Beat Up|p1b: Archaludon\n|-damage|p1b: Archaludon|99\/100\n|-ability|p1b: Archaludon|Stamina|boost\n|-boost|p1b: Archaludon|def|1\n|-damage|p1b: Archaludon|97\/100\n|-ability|p1b: Archaludon|Stamina|boost\n|-boost|p1b: Archaludon|def|1\n|-damage|p1b: Archaludon|96\/100\n|-ability|p1b: Archaludon|Stamina|boost\n|-boost|p1b: Archaludon|def|1\n|-damage|p1b: Archaludon|96\/100\n|-ability|p1b: Archaludon|Stamina|boost\n|-boost|p1b: Archaludon|def|1\n|-hitcount|p1b: Archaludon|4\n|move|p2a: Zamazenta|Heavy Slam|p1a: Whimsicott\n|-supereffective|p1a: Whimsicott\n|-damage|p1a: Whimsicott|0 fnt\n|faint|p1a: Whimsicott\n|move|p1b: Archaludon|Body Press|p2b: Raging Bolt\n|-activate|p2b: Raging Bolt|move: Protect\n|\n|-heal|p1b: Archaludon|100\/100|[from] Grassy Terrain\n|upkeep\n|\n|t:|1722522589\n|switch|p1a: Kyogre|Kyogre, L50|100\/100\n|-weather|RainDance|[from] ability: Drizzle|[of] p1a: Kyogre\n|turn|4\n|inactive|actuary97 has 30 seconds left.\n|\n|t:|1722522614\n|-terastallize|p2a: Zamazenta|Grass\n|-terastallize|p1a: Kyogre|Grass\n|move|p2a: Zamazenta|Iron Defense|p2a: Zamazenta\n|-boost|p2a: Zamazenta|def|2\n|move|p1a: Kyogre|Calm Mind|p1a: Kyogre\n|-boost|p1a: Kyogre|spa|1\n|-boost|p1a: Kyogre|spd|1\n|move|p1b: Archaludon|Electro Shot||[still]\n|-prepare|p1b: Archaludon|Electro Shot\n|-boost|p1b: Archaludon|spa|1\n|-anim|p1b: Archaludon|Electro Shot|p2a: Zamazenta\n|-resisted|p2a: Zamazenta\n|-damage|p2a: Zamazenta|77\/100\n|move|p2b: Raging Bolt|Dragon Pulse|p1b: Archaludon\n|-damage|p1b: Archaludon|70\/100\n|-ability|p1b: Archaludon|Stamina|boost\n|-boost|p1b: Archaludon|def|1\n|\n|-weather|RainDance|[upkeep]\n|-heal|p2a: Zamazenta|84\/100|[from] Grassy Terrain\n|-heal|p1b: Archaludon|76\/100|[from] Grassy Terrain\n|upkeep\n|turn|5\n|inactive|jetshavel has 30 seconds left.\n|inactive|jetshavel has 20 seconds left.\n|inactive|actuary97 has 30 seconds left.\n|inactive|jetshavel has 15 seconds left.\n|inactive|jetshavel has 10 seconds left.\n|\n|t:|1722522661\n|move|p2a: Zamazenta|Body Press|p1b: Archaludon\n|-supereffective|p1b: Archaludon\n|-damage|p1b: Archaludon|29\/100\n|-ability|p1b: Archaludon|Stamina|boost\n|-boost|p1b: Archaludon|def|1\n|move|p1a: Kyogre|Ice Beam|p2a: Zamazenta\n|-supereffective|p2a: Zamazenta\n|-damage|p2a: Zamazenta|9\/100\n|move|p1b: Archaludon|Body Press|p2b: Raging Bolt\n|-damage|p2b: Raging Bolt|39\/100\n|move|p2b: Raging Bolt|Dragon Pulse|p1b: Archaludon\n|-damage|p1b: Archaludon|0 fnt\n|faint|p1b: Archaludon\n|\n|-weather|RainDance|[upkeep]\n|-heal|p2a: Zamazenta|16\/100|[from] Grassy Terrain\n|-heal|p2b: Raging Bolt|46\/100|[from] Grassy Terrain\n|-heal|p2b: Raging Bolt|52\/100|[from] item: Leftovers\n|-fieldend|move: Grassy Terrain\n|upkeep\n|\n|t:|1722522672\n|switch|p1b: Comfey|Comfey, L50, M, shiny|90\/100\n|turn|6\n|\n|t:|1722522693\n|move|p1b: Comfey|Draining Kiss|p2b: Raging Bolt\n|-supereffective|p2b: Raging Bolt\n|-damage|p2b: Raging Bolt|35\/100\n|-heal|p1b: Comfey|100\/100|[from] drain|[of] p2b: Raging Bolt\n|move|p2a: Zamazenta|Heavy Slam|p1b: Comfey\n|-supereffective|p1b: Comfey\n|-damage|p1b: Comfey|0 fnt\n|faint|p1b: Comfey\n|move|p1a: Kyogre|Origin Pulse|p2b: Raging Bolt|[spread] p2a,p2b\n|-resisted|p2a: Zamazenta\n|-resisted|p2b: Raging Bolt\n|-damage|p2a: Zamazenta|0 fnt\n|-damage|p2b: Raging Bolt|12\/100\n|faint|p2a: Zamazenta\n|move|p2b: Raging Bolt|Calm Mind|p2b: Raging Bolt\n|-boost|p2b: Raging Bolt|spa|1\n|-boost|p2b: Raging Bolt|spd|1\n|\n|-weather|RainDance|[upkeep]\n|-heal|p2b: Raging Bolt|18\/100|[from] item: Leftovers\n|upkeep\n|\n|t:|1722522704\n|switch|p2a: Rillaboom|Rillaboom, L50, M|90\/100\n|-fieldstart|move: Grassy Terrain|[from] ability: Grassy Surge|[of] p2a: Rillaboom\n|turn|7\n|\n|t:|1722522709\n|move|p2a: Rillaboom|Fake Out|p1a: Kyogre\n|-damage|p1a: Kyogre|89\/100\n|move|p1a: Kyogre|Origin Pulse|p2a: Rillaboom|[spread] p2a,p2b\n|-resisted|p2a: Rillaboom\n|-resisted|p2b: Raging Bolt\n|-damage|p2a: Rillaboom|57\/100\n|-damage|p2b: Raging Bolt|1\/100\n|move|p2b: Raging Bolt|Calm Mind|p2b: Raging Bolt\n|-boost|p2b: Raging Bolt|spa|1\n|-boost|p2b: Raging Bolt|spd|1\n|\n|-weather|RainDance|[upkeep]\n|-heal|p1a: Kyogre|95\/100|[from] Grassy Terrain\n|-heal|p2a: Rillaboom|62\/100|[from] Grassy Terrain\n|-heal|p2b: Raging Bolt|7\/100|[from] Grassy Terrain\n|-heal|p2b: Raging Bolt|13\/100|[from] item: Leftovers\n|upkeep\n|turn|8\n|\n|t:|1722522718\n|move|p2b: Raging Bolt|Protect|p2b: Raging Bolt\n|-singleturn|p2b: Raging Bolt|Protect\n|move|p1a: Kyogre|Origin Pulse|p2b: Raging Bolt|[spread] p2a\n|-activate|p2b: Raging Bolt|move: Protect\n|-resisted|p2a: Rillaboom\n|-damage|p2a: Rillaboom|28\/100\n|move|p2a: Rillaboom|U-turn|p1a: Kyogre\n|-supereffective|p1a: Kyogre\n|-damage|p1a: Kyogre|52\/100\n|\n|t:|1722522724\n|switch|p2a: Iron Jugulis|Iron Jugulis, L50|100\/100|[from] U-turn\n|-enditem|p2a: Iron Jugulis|Booster Energy\n|-activate|p2a: Iron Jugulis|ability: Quark Drive|[fromitem]\n|-start|p2a: Iron Jugulis|quarkdrivespe\n|\n|-weather|none\n|-heal|p1a: Kyogre|58\/100|[from] Grassy Terrain\n|-heal|p2b: Raging Bolt|20\/100|[from] Grassy Terrain\n|-heal|p2b: Raging Bolt|26\/100|[from] item: Leftovers\n|upkeep\n|turn|9\n|\n|t:|1722522733\n|move|p2a: Iron Jugulis|Tailwind|p2a: Iron Jugulis\n|-sidestart|p2: jetshavel|move: Tailwind\n|move|p2b: Raging Bolt|Dragon Pulse|p1a: Kyogre\n|-damage|p1a: Kyogre|23\/100\n|move|p1a: Kyogre|Origin Pulse|p2b: Raging Bolt|[spread] p2a,p2b\n|-resisted|p2b: Raging Bolt\n|-damage|p2a: Iron Jugulis|36\/100\n|-damage|p2b: Raging Bolt|16\/100\n|\n|-heal|p2b: Raging Bolt|22\/100|[from] Grassy Terrain\n|-heal|p2b: Raging Bolt|28\/100|[from] item: Leftovers\n|-heal|p1a: Kyogre|29\/100|[from] Grassy Terrain\n|upkeep\n|turn|10\n|c|\u2606actuary97|ggwp\n|\n|t:|1722522743\n|move|p2a: Iron Jugulis|Snarl|p1a: Kyogre\n|-damage|p1a: Kyogre|18\/100\n|move|p2b: Raging Bolt|Dragon Pulse|p1a: Kyogre\n|-damage|p1a: Kyogre|0 fnt\n|faint|p1a: Kyogre\n|\n|win|jetshavel\n|raw|actuary97's rating: 1780 &rarr; <strong>1758<\/strong><br \/>(-22 for losing)\n|raw|jetshavel's rating: 1739 &rarr; <strong>1761<\/strong><br \/>(+22 for winning)\n|l|\u2606actuary97\n|player|p1|\n|l|\u2606jetshavel\n|player|p2|\n","uploadtime":1722523012,"views":48,"formatid":"gen9vgc2024regg","rating":1758,"private":0,"password":null}