{"id":"gen9vgc2024regg-2171354448","format":"[Gen 9] VGC 2024 Reg G","players":["RustyChair13","jetshavel"],"log":"|j|\u2606RustyChair13\n|j|\u2606jetshavel\n|t:|1722523323\n|gametype|doubles\n|player|p1|RustyChair13|170|1664\n|player|p2|jetshavel|102|1777\n|teamsize|p1|6\n|teamsize|p2|6\n|gen|9\n|tier|[Gen 9] VGC 2024 Reg G\n|rated|\n|rule|Species Clause: Limit one of each Pok\u00e9mon\n|rule|Item Clause: Limit one of each item\n|clearpoke\n|poke|p1|Zamazenta-*, L50|\n|poke|p1|Rillaboom, L50, M|\n|poke|p1|Chien-Pao, L50|\n|poke|p1|Flutter Mane, L50|\n|poke|p1|Chandelure, L50, F|\n|poke|p1|Moltres-Galar, L50|\n|poke|p2|Pelipper, L50, M|\n|poke|p2|Zamazenta-*, L50|\n|poke|p2|Raging Bolt, L50|\n|poke|p2|Iron Jugulis, L50|\n|poke|p2|Incineroar, L50, M|\n|poke|p2|Rillaboom, L50, M|\n|teampreview|4\njetshavel has agreed to open team sheets.\nRustyChair13 has agreed to open team sheets.\n|inactive|Battle timer is ON: inactive players will automatically lose when time's up. (requested by RustyChair13)\n|inactive|jetshavel has 60 seconds left.\n|\n|t:|1722523376\n|start\n|switch|p1a: Zamazenta|Zamazenta-Crowned, L50, shiny|100\/100\n|switch|p1b: Chien-Pao|Chien-Pao, L50|100\/100\n|switch|p2a: Iron Jugulis|Iron Jugulis, L50|100\/100\n|switch|p2b: Incineroar|Incineroar, L50, M|100\/100\n|-ability|p1b: Chien-Pao|Sword of Ruin\n|-ability|p1a: Zamazenta|Dauntless Shield|boost\n|-boost|p1a: Zamazenta|def|1\n|-ability|p2b: Incineroar|Intimidate|boost\n|-unboost|p1a: Zamazenta|atk|1\n|-unboost|p1b: Chien-Pao|atk|1\n|-enditem|p2a: Iron Jugulis|Booster Energy\n|-activate|p2a: Iron Jugulis|ability: Quark Drive|[fromitem]\n|-start|p2a: Iron Jugulis|quarkdrivespe\n|turn|1\n|inactive|jetshavel has 30 seconds left.\n|inactive|jetshavel has 20 seconds left.\n|inactive|jetshavel has 15 seconds left.\n|\n|t:|1722523417\n|-terastallize|p2b: Incineroar|Ghost\n|move|p2a: Iron Jugulis|Earth Power|p1a: Zamazenta\n|-supereffective|p1a: Zamazenta\n|-damage|p1a: Zamazenta|63\/100\n|move|p1b: Chien-Pao|Icicle Crash|p2a: Iron Jugulis\n|-supereffective|p2a: Iron Jugulis\n|-damage|p2a: Iron Jugulis|25\/100\n|move|p1a: Zamazenta|Body Press|p2b: Incineroar\n|-immune|p2b: Incineroar\n|move|p2b: Incineroar|Will-O-Wisp|p1a: Zamazenta|[miss]\n|-miss|p2b: Incineroar|p1a: Zamazenta\n|\n|upkeep\n|turn|2\n|\n|t:|1722523440\n|move|p1a: Zamazenta|Protect|p1a: Zamazenta\n|-singleturn|p1a: Zamazenta|Protect\n|move|p2a: Iron Jugulis|Earth Power|p1b: Chien-Pao\n|-damage|p1b: Chien-Pao|59\/100\n|move|p1b: Chien-Pao|Icicle Crash|p2a: Iron Jugulis\n|-supereffective|p2a: Iron Jugulis\n|-damage|p2a: Iron Jugulis|0 fnt\n|faint|p2a: Iron Jugulis\n|-end|p2a: Iron Jugulis|Quark Drive|[silent]\n|move|p2b: Incineroar|Will-O-Wisp|p1a: Zamazenta\n|-activate|p1a: Zamazenta|move: Protect\n|\n|upkeep\n|\n|t:|1722523455\n|switch|p2a: Zamazenta|Zamazenta-Crowned, L50|100\/100\n|-ability|p2a: Zamazenta|Dauntless Shield|boost\n|-boost|p2a: Zamazenta|def|1\n|turn|3\n|\n|t:|1722523467\n|switch|p1a: Chandelure|Chandelure, L50, F, shiny|100\/100\n|move|p2a: Zamazenta|Protect|p2a: Zamazenta\n|-singleturn|p2a: Zamazenta|Protect\n|move|p1b: Chien-Pao|Icicle Crash|p2b: Incineroar\n|-damage|p2b: Incineroar|74\/100\n|cant|p2b: Incineroar|flinch\n|\n|upkeep\n|turn|4\n|\n|t:|1722523489\n|switch|p2a: Pelipper|Pelipper, L50, M|100\/100\n|-weather|RainDance|[from] ability: Drizzle|[of] p2a: Pelipper\n|move|p1a: Chandelure|Protect|p1a: Chandelure\n|-singleturn|p1a: Chandelure|Protect\n|move|p1b: Chien-Pao|Sucker Punch||[still]\n|-fail|p1b: Chien-Pao\n|move|p2b: Incineroar|Will-O-Wisp|p1b: Chien-Pao|[miss]\n|-miss|p2b: Incineroar|p1b: Chien-Pao\n|\n|-weather|RainDance|[upkeep]\n|upkeep\n|turn|5\n|inactive|jetshavel has 30 seconds left.\n|\n|t:|1722523521\n|switch|p1a: Zamazenta|Zamazenta-Crowned, L50, shiny|63\/100\n|move|p2a: Pelipper|Protect|p2a: Pelipper\n|-singleturn|p2a: Pelipper|Protect\n|move|p1b: Chien-Pao|Icicle Crash|p2a: Pelipper\n|-activate|p2a: Pelipper|move: Protect\n|move|p2b: Incineroar|Will-O-Wisp|p1b: Chien-Pao\n|-status|p1b: Chien-Pao|brn\n|\n|-weather|RainDance|[upkeep]\n|-damage|p1b: Chien-Pao|53\/100 brn|[from] brn\n|upkeep\n|turn|6\n|j| unf_nny\n|l| unf_nny\n|inactive|jetshavel has 30 seconds left.\n|\n|t:|1722523552\n|move|p1b: Chien-Pao|Icicle Crash|p2a: Pelipper\n|-damage|p2a: Pelipper|75\/100\n|move|p1a: Zamazenta|Body Press|p2a: Pelipper\n|-resisted|p2a: Pelipper\n|-damage|p2a: Pelipper|36\/100\n|move|p2a: Pelipper|Weather Ball|p1a: Zamazenta\n|-damage|p1a: Zamazenta|8\/100\n|move|p2b: Incineroar|Parting Shot|p1b: Chien-Pao\n|-unboost|p1b: Chien-Pao|atk|1\n|-unboost|p1b: Chien-Pao|spa|1\n|\n|t:|1722523563\n|switch|p2b: Zamazenta|Zamazenta-Crowned, L50|100\/100|[from] Parting Shot\n|\n|-weather|RainDance|[upkeep]\n|-damage|p1b: Chien-Pao|48\/100 brn|[from] brn\n|upkeep\n|turn|7\n|\n|t:|1722523584\n|switch|p2b: Incineroar|Incineroar, L50, M, tera:Ghost|74\/100\n|-ability|p2b: Incineroar|Intimidate|boost\n|-unboost|p1a: Zamazenta|atk|1\n|-unboost|p1b: Chien-Pao|atk|1\n|move|p2a: Pelipper|Protect|p2a: Pelipper\n|-singleturn|p2a: Pelipper|Protect\n|move|p1b: Chien-Pao|Icicle Crash|p2a: Pelipper\n|-activate|p2a: Pelipper|move: Protect\n|move|p1a: Zamazenta|Body Press|p2a: Pelipper\n|-activate|p2a: Pelipper|move: Protect\n|\n|-weather|RainDance|[upkeep]\n|-damage|p1b: Chien-Pao|42\/100 brn|[from] brn\n|upkeep\n|turn|8\n|inactive|jetshavel has 30 seconds left.\n|j| toch85000\n|\n|t:|1722523618\n|switch|p2a: Zamazenta|Zamazenta-Crowned, L50|100\/100\n|move|p1b: Chien-Pao|Protect|p1b: Chien-Pao\n|-singleturn|p1b: Chien-Pao|Protect\n|move|p1a: Zamazenta|Protect|p1a: Zamazenta\n|-singleturn|p1a: Zamazenta|Protect\n|move|p2b: Incineroar|Fake Out|p1a: Zamazenta\n|-activate|p1a: Zamazenta|move: Protect\n|\n|-weather|none\n|-damage|p1b: Chien-Pao|36\/100 brn|[from] brn\n|upkeep\n|turn|9\n|\n|t:|1722523636\n|move|p2a: Zamazenta|Protect|p2a: Zamazenta\n|-singleturn|p2a: Zamazenta|Protect\n|move|p1b: Chien-Pao|Sacred Sword|p2a: Zamazenta\n|-activate|p2a: Zamazenta|move: Protect\n|move|p1a: Zamazenta|Body Press|p2a: Zamazenta\n|-activate|p2a: Zamazenta|move: Protect\n|move|p2b: Incineroar|Will-O-Wisp|p1a: Zamazenta\n|-status|p1a: Zamazenta|brn\n|\n|-damage|p1b: Chien-Pao|30\/100 brn|[from] brn\n|-damage|p1a: Zamazenta|2\/100 brn|[from] brn\n|upkeep\n|turn|10\n|inactive|jetshavel has 30 seconds left.\n|inactive|jetshavel has 20 seconds left.\n|\n|t:|1722523675\n|switch|p2a: Pelipper|Pelipper, L50, M|36\/100\n|-weather|RainDance|[from] ability: Drizzle|[of] p2a: Pelipper\n|move|p1b: Chien-Pao|Sacred Sword|p2a: Pelipper\n|-resisted|p2a: Pelipper\n|-damage|p2a: Pelipper|31\/100\n|move|p1a: Zamazenta|Body Press|p2a: Pelipper\n|-resisted|p2a: Pelipper\n|-damage|p2a: Pelipper|9\/100\n|move|p2b: Incineroar|Knock Off|p1b: Chien-Pao\n|-resisted|p1b: Chien-Pao\n|-damage|p1b: Chien-Pao|4\/100 brn\n|-enditem|p1b: Chien-Pao|Focus Sash|[from] move: Knock Off|[of] p2b: Incineroar\n|\n|-weather|RainDance|[upkeep]\n|-damage|p1b: Chien-Pao|0 fnt|[from] brn\n|faint|p1b: Chien-Pao\n|-damage|p1a: Zamazenta|0 fnt|[from] brn\n|faint|p1a: Zamazenta\n|upkeep\n|\n|t:|1722523678\n|switch|p1b: Chandelure|Chandelure, L50, F, shiny|100\/100\n|switch|p1a: Flutter Mane|Flutter Mane, L50, shiny|100\/100\n|-enditem|p1a: Flutter Mane|Booster Energy\n|-activate|p1a: Flutter Mane|ability: Protosynthesis|[fromitem]\n|-start|p1a: Flutter Mane|protosynthesisspe\n|turn|11\n|\n|t:|1722523700\n|move|p1b: Chandelure|Protect|p1b: Chandelure\n|-singleturn|p1b: Chandelure|Protect\n|move|p1a: Flutter Mane|Icy Wind|p2a: Pelipper|[spread] p2a,p2b\n|-damage|p2a: Pelipper|0 fnt\n|-damage|p2b: Incineroar|63\/100\n|-unboost|p2b: Incineroar|spe|1\n|faint|p2a: Pelipper\n|move|p2b: Incineroar|Knock Off|p1b: Chandelure\n|-activate|p1b: Chandelure|move: Protect\n|\n|-weather|RainDance|[upkeep]\n|upkeep\n|\n|t:|1722523706\n|switch|p2a: Zamazenta|Zamazenta-Crowned, L50|100\/100\n|turn|12\n|\n|t:|1722523730\n|-terastallize|p1a: Flutter Mane|Normal\n|move|p1a: Flutter Mane|Thunder Wave|p2a: Zamazenta\n|-status|p2a: Zamazenta|par\n|move|p1b: Chandelure|Shadow Ball|p2b: Incineroar\n|-supereffective|p2b: Incineroar\n|-damage|p2b: Incineroar|0 fnt\n|faint|p2b: Incineroar\n|-damage|p1b: Chandelure|91\/100|[from] item: Life Orb\n|cant|p2a: Zamazenta|par\n|\n|-weather|RainDance|[upkeep]\n|upkeep\n|turn|13\n|\n|t:|1722523743\n|move|p1a: Flutter Mane|Moonblast|p2a: Zamazenta\n|-damage|p2a: Zamazenta|65\/100 par\n|-unboost|p2a: Zamazenta|spa|1\n|move|p1b: Chandelure|Shadow Ball|p2a: Zamazenta\n|-damage|p2a: Zamazenta|19\/100 par\n|-damage|p1b: Chandelure|82\/100|[from] item: Life Orb\n|move|p2a: Zamazenta|Body Press|p1a: Flutter Mane\n|-supereffective|p1a: Flutter Mane\n|-damage|p1a: Flutter Mane|0 fnt\n|faint|p1a: Flutter Mane\n|-end|p1a: Flutter Mane|Protosynthesis|[silent]\n|\n|-weather|RainDance|[upkeep]\n|upkeep\n|turn|14\n|\n|t:|1722523751\n|move|p1b: Chandelure|Shadow Ball|p2a: Zamazenta\n|-damage|p2a: Zamazenta|0 fnt\n|faint|p2a: Zamazenta\n|-damage|p1b: Chandelure|72\/100|[from] item: Life Orb\n|\n|win|RustyChair13\n|raw|RustyChair13's rating: 1664 &rarr; <strong>1690<\/strong><br \/>(+26 for winning)\n|raw|jetshavel's rating: 1777 &rarr; <strong>1751<\/strong><br \/>(-26 for losing)\n|c|\u2606RustyChair13|gg\n|c|\u2606jetshavel|gg\n|l|\u2606jetshavel\n|player|p2|\n|l| toch85000\n|l|\u2606RustyChair13\n|player|p1|\n","uploadtime":1722523756,"views":21,"formatid":"gen9vgc2024regg","rating":1690,"private":0,"password":null}