{"id":"gen9vgc2024regg-2171074169","format":"[Gen 9] VGC 2024 Reg G","players":["ArsenalDefeat","Zenchaos"],"log":"|j|\u2606ArsenalDefeat\n|j|\u2606Zenchaos\n|t:|1722470892\n|gametype|doubles\n|player|p1|ArsenalDefeat|blue|1764\n|player|p2|Zenchaos|265|1771\n|teamsize|p1|6\n|teamsize|p2|6\n|gen|9\n|tier|[Gen 9] VGC 2024 Reg G\n|rated|\n|rule|Species Clause: Limit one of each Pok\u00e9mon\n|rule|Item Clause: Limit one of each item\n|clearpoke\n|poke|p1|Calyrex-Shadow, L50|\n|poke|p1|Clefairy, L50, F|\n|poke|p1|Tatsugiri-Droopy, L50, F|\n|poke|p1|Dondozo, L50, M|\n|poke|p1|Mienshao, L50, F|\n|poke|p1|Roaring Moon, L50|\n|poke|p2|Incineroar, L50, M|\n|poke|p2|Rillaboom, L50, F|\n|poke|p2|Calyrex-Ice, L50|\n|poke|p2|Urshifu-*, L50, M|\n|poke|p2|Pelipper, L50, M|\n|poke|p2|Raging Bolt, L50|\n|teampreview|4\n|inactive|Battle timer is ON: inactive players will automatically lose when time's up. (requested by ArsenalDefeat)\n|inactive|Zenchaos has 60 seconds left.\n|\n|t:|1722470937\n|start\n|switch|p1a: Ip-mon|Mienshao, L50, F|100\/100\n|switch|p1b: Violence|Calyrex-Shadow, L50|100\/100\n|switch|p2a: Calyrex|Calyrex-Ice, L50|100\/100\n|switch|p2b: Pelipper|Pelipper, L50, M, shiny|100\/100\n|-ability|p1b: Violence|As One\n|-ability|p1b: Violence|Unnerve\n|-ability|p2a: Calyrex|As One\n|-ability|p2a: Calyrex|Unnerve\n|-weather|RainDance|[from] ability: Drizzle|[of] p2b: Pelipper\n|turn|1\n|\n|t:|1722470949\n|-terastallize|p1b: Violence|Ghost\n|move|p2b: Pelipper|Wide Guard|p2b: Pelipper\n|-singleturn|p2b: Pelipper|Wide Guard\n|move|p1a: Ip-mon|Feint|p2a: Calyrex\n|-activate|p2a: Calyrex|move: Feint\n|-damage|p2a: Calyrex|94\/100\n|move|p1b: Violence|Astral Barrage|p2b: Pelipper|[spread] p2a,p2b\n|-supereffective|p2a: Calyrex\n|-damage|p2a: Calyrex|0 fnt\n|-enditem|p2b: Pelipper|Focus Sash\n|-damage|p2b: Pelipper|1\/100\n|faint|p2a: Calyrex\n|-ability|p1b: Violence|Grim Neigh|boost\n|-boost|p1b: Violence|spa|1\n|\n|-weather|RainDance|[upkeep]\n|upkeep\n|\n|t:|1722470956\n|switch|p2a: Urshifu|Urshifu-Rapid-Strike, L50, M|100\/100\n|turn|2\n|\n|t:|1722470972\n|switch|p1b: Big Boss|Tatsugiri-Droopy, L50, F|100\/100\n|move|p1a: Ip-mon|Feint|p2b: Pelipper\n|-damage|p2b: Pelipper|0 fnt\n|faint|p2b: Pelipper\n|move|p2a: Urshifu|Surging Strikes|p1b: Big Boss\n|-resisted|p1b: Big Boss\n|-crit|p1b: Big Boss\n|-damage|p1b: Big Boss|91\/100\n|-resisted|p1b: Big Boss\n|-crit|p1b: Big Boss\n|-damage|p1b: Big Boss|82\/100\n|-resisted|p1b: Big Boss\n|-crit|p1b: Big Boss\n|-damage|p1b: Big Boss|72\/100\n|-hitcount|p1b: Big Boss|3\n|\n|-weather|RainDance|[upkeep]\n|upkeep\n|\n|t:|1722470977\n|switch|p2b: Raging Bolt|Raging Bolt, L50|100\/100\n|-enditem|p2b: Raging Bolt|Booster Energy\n|-activate|p2b: Raging Bolt|ability: Protosynthesis|[fromitem]\n|-start|p2b: Raging Bolt|protosynthesisspa\n|turn|3\n|\n|t:|1722470999\n|switch|p1b: Bass master|Dondozo, L50, M|100\/100\n|move|p2a: Urshifu|Surging Strikes|p1a: Ip-mon\n|-crit|p1a: Ip-mon\n|-damage|p1a: Ip-mon|43\/100\n|-crit|p1a: Ip-mon\n|-damage|p1a: Ip-mon|0 fnt\n|faint|p1a: Ip-mon\n|-hitcount|p1: Ip-mon|2\n|move|p2b: Raging Bolt|Thunderbolt|p1b: Bass master\n|-supereffective|p1b: Bass master\n|-damage|p1b: Bass master|0 fnt\n|faint|p1b: Bass master\n|\n|-weather|RainDance|[upkeep]\n|upkeep\n|\n|t:|1722471006\n|switch|p1a: Violence|Calyrex-Shadow, L50, tera:Ghost|100\/100\n|switch|p1b: Big Boss|Tatsugiri-Droopy, L50, F|72\/100\n|-ability|p1a: Violence|As One\n|-ability|p1a: Violence|Unnerve\n|turn|4\n|inactive|Zenchaos has 30 seconds left.\n|inactive|Zenchaos has 20 seconds left.\n|inactive|Zenchaos has 15 seconds left.\n|inactive|Zenchaos has 10 seconds left.\n|inactive|Zenchaos has 5 seconds left.\n|\n|t:|1722471057\n|-terastallize|p2a: Urshifu|Water\n|move|p2b: Raging Bolt|Thunderclap|p1b: Big Boss\n|-damage|p1b: Big Boss|35\/100\n|move|p2a: Urshifu|Surging Strikes|p1a: Violence\n|-crit|p1a: Violence\n|-damage|p1a: Violence|50\/100\n|-crit|p1a: Violence\n|-damage|p1a: Violence|0 fnt\n|faint|p1a: Violence\n|-hitcount|p1: Violence|2\n|move|p1b: Big Boss|Dragon Pulse|p2b: Raging Bolt\n|-supereffective|p2b: Raging Bolt\n|-damage|p2b: Raging Bolt|30\/100\n|\n|-weather|RainDance|[upkeep]\n|upkeep\n|turn|5\n|-message|ArsenalDefeat forfeited.\n|\n|win|Zenchaos\n|raw|ArsenalDefeat's rating: 1764 &rarr; <strong>1744<\/strong><br \/>(-20 for losing)\n|raw|Zenchaos's rating: 1771 &rarr; <strong>1791<\/strong><br \/>(+20 for winning)\n|l|\u2606ArsenalDefeat\n|player|p1|\n|l|\u2606Zenchaos\n|player|p2|\n||Ladder isn't responding, score probably updated but might not have (Request timeout).\n","uploadtime":1722471310,"views":13,"formatid":"gen9vgc2024regg","rating":1744,"private":0,"password":null}