{"id":"gen9vgc2024regg-2171410035","format":"[Gen 9] VGC 2024 Reg G","players":["imaborat","actuary97"],"log":"|j|\u2606imaborat\n|j|\u2606actuary97\n|t:|1722529182\n|gametype|doubles\n|player|p1|imaborat|266|1748\n|player|p2|actuary97|sabrina-lgpe|1704\n|teamsize|p1|6\n|teamsize|p2|6\n|gen|9\n|tier|[Gen 9] VGC 2024 Reg G\n|rated|\n|rule|Species Clause: Limit one of each Pok\u00e9mon\n|rule|Item Clause: Limit one of each item\n|clearpoke\n|poke|p1|Grafaiai, L50, F|\n|poke|p1|Indeedee, L50, M|\n|poke|p1|Calyrex-Shadow, L50|\n|poke|p1|Azumarill, L50, M|\n|poke|p1|Volcarona, L50, M|\n|poke|p1|Whimsicott, L50, M|\n|poke|p2|Amoonguss, L50, M|\n|poke|p2|Incineroar, L50, M|\n|poke|p2|Comfey, L50, M|\n|poke|p2|Whimsicott, L50, M|\n|poke|p2|Kyogre, L50|\n|poke|p2|Archaludon, L50, M|\n|teampreview|4\n|inactive|Battle timer is ON: inactive players will automatically lose when time's up. (requested by imaborat)\nactuary97 has agreed to open team sheets.\n|c|\u2606actuary97|cool team\n|c|\u2606imaborat|you too\n|inactive|imaborat has 60 seconds left.\n|inactive|actuary97 has 60 seconds left.\n|\n|t:|1722529228\n|start\n|switch|p1a: Grafaiai|Grafaiai, L50, F|100\/100\n|switch|p1b: Indeedee|Indeedee, L50, M|100\/100\n|switch|p2a: Whimsicott|Whimsicott, L50, M, shiny|100\/100\n|switch|p2b: Archaludon|Archaludon, L50, M, shiny|100\/100\n|-fieldstart|move: Psychic Terrain|[from] ability: Psychic Surge|[of] p1b: Indeedee\n|-enditem|p1a: Grafaiai|Psychic Seed\n|-boost|p1a: Grafaiai|spd|1|[from] item: Psychic Seed\n|turn|1\n|\n|t:|1722529248\n|move|p2a: Whimsicott|Tailwind|p2a: Whimsicott\n|-sidestart|p2: actuary97|move: Tailwind\n|move|p1a: Grafaiai|Taunt|p2a: Whimsicott\n|-start|p2a: Whimsicott|move: Taunt\n|move|p1b: Indeedee|Expanding Force|p2a: Whimsicott|[spread] p2a,p2b\n|-resisted|p2b: Archaludon\n|-damage|p2a: Whimsicott|14\/100\n|-damage|p2b: Archaludon|82\/100\n|-ability|p2b: Archaludon|Stamina|boost\n|-boost|p2b: Archaludon|def|1\n|move|p2b: Archaludon|Snarl|p1a: Grafaiai|[spread] p1a,p1b\n|-supereffective|p1b: Indeedee\n|-damage|p1a: Grafaiai|89\/100\n|-damage|p1b: Indeedee|66\/100\n|-unboost|p1a: Grafaiai|spa|1\n|-unboost|p1b: Indeedee|spa|1\n|\n|upkeep\n|turn|2\n|c|\u2606actuary97|oh you aren't prankster\n|inactive|actuary97 has 30 seconds left.\n|\n|t:|1722529275\n|move|p2a: Whimsicott|Beat Up|p2b: Archaludon\n|-damage|p2b: Archaludon|81\/100\n|-ability|p2b: Archaludon|Stamina|boost\n|-boost|p2b: Archaludon|def|1\n|-damage|p2b: Archaludon|80\/100\n|-ability|p2b: Archaludon|Stamina|boost\n|-boost|p2b: Archaludon|def|1\n|-damage|p2b: Archaludon|79\/100\n|-ability|p2b: Archaludon|Stamina|boost\n|-boost|p2b: Archaludon|def|1\n|-damage|p2b: Archaludon|78\/100\n|-ability|p2b: Archaludon|Stamina|boost\n|-boost|p2b: Archaludon|def|1\n|-hitcount|p2b: Archaludon|4\n|move|p1a: Grafaiai|Knock Off|p2b: Archaludon\n|-damage|p2b: Archaludon|73\/100\n|-ability|p2b: Archaludon|Stamina|boost\n|-boost|p2b: Archaludon|def|1\n|-enditem|p2b: Archaludon|Assault Vest|[from] move: Knock Off|[of] p1a: Grafaiai\n|move|p1b: Indeedee|Expanding Force|p2a: Whimsicott|[spread] p2a,p2b\n|-resisted|p2b: Archaludon\n|-damage|p2a: Whimsicott|0 fnt\n|-damage|p2b: Archaludon|55\/100\n|faint|p2a: Whimsicott\n|move|p2b: Archaludon|Body Press|p1a: Grafaiai\n|-damage|p1a: Grafaiai|0 fnt\n|faint|p1a: Grafaiai\n|\n|upkeep\n|c|\u2606imaborat|unburden\n|c|\u2606actuary97|ahh even better\n|c|\u2606actuary97|will be nice tech for reg G\n|c|\u2606actuary97|H***\n|inactive|imaborat has 30 seconds left.\n|inactive|imaborat has 20 seconds left.\n|\n|t:|1722529313\n|switch|p2a: Amoonguss|Amoonguss, L50, M, shiny|100\/100\n|switch|p1a: Calyrex|Calyrex-Shadow, L50|100\/100\n|-ability|p1a: Calyrex|As One\n|-ability|p1a: Calyrex|Unnerve\n|turn|3\n|inactive|imaborat has 30 seconds left.\n|\n|t:|1722529348\n|-terastallize|p1a: Calyrex|Water\n|-terastallize|p2a: Amoonguss|Dark\n|move|p1b: Indeedee|Expanding Force|p2b: Archaludon|[spread] p2b\n|-immune|p2a: Amoonguss\n|-resisted|p2b: Archaludon\n|-damage|p2b: Archaludon|36\/100\n|move|p2b: Archaludon|Snarl|p1b: Indeedee|[spread] p1a\n|-miss|p2b: Archaludon|p1b: Indeedee\n|-damage|p1a: Calyrex|87\/100\n|-unboost|p1a: Calyrex|spa|1\n|move|p1a: Calyrex|Astral Barrage|p2b: Archaludon|[spread] p2a,p2b\n|-resisted|p2a: Amoonguss\n|-damage|p2a: Amoonguss|78\/100\n|-damage|p2b: Archaludon|0 fnt\n|faint|p2b: Archaludon\n|-ability|p1a: Calyrex|Grim Neigh|boost\n|-boost|p1a: Calyrex|spa|1\n|-damage|p1a: Calyrex|77\/100|[from] item: Life Orb\n|move|p2a: Amoonguss|Pollen Puff|p2: Archaludon|[notarget]\n|-fail|p2a: Amoonguss\n|\n|upkeep\n|\n|t:|1722529364\n|switch|p2b: Kyogre|Kyogre, L50|100\/100\n|-weather|RainDance|[from] ability: Drizzle|[of] p2b: Kyogre\n|turn|4\n|\n|t:|1722529374\n|switch|p1b: Whimsicott|Whimsicott, L50, M|100\/100\n|move|p1a: Calyrex|Protect|p1a: Calyrex\n|-singleturn|p1a: Calyrex|Protect\n|move|p2b: Kyogre|Calm Mind|p2b: Kyogre\n|-boost|p2b: Kyogre|spa|1\n|-boost|p2b: Kyogre|spd|1\n|move|p2a: Amoonguss|Spore|p1a: Calyrex\n|-activate|p1a: Calyrex|move: Protect\n|\n|-weather|RainDance|[upkeep]\n|-sideend|p2: actuary97|move: Tailwind\n|upkeep\n|turn|5\n|\n|t:|1722529391\n|move|p1a: Calyrex|Tera Blast|p2a: Amoonguss|[anim] Tera Blast Water\n|-damage|p2a: Amoonguss|0 fnt\n|faint|p2a: Amoonguss\n|-ability|p1a: Calyrex|Grim Neigh|boost\n|-boost|p1a: Calyrex|spa|1\n|-damage|p1a: Calyrex|67\/100|[from] item: Life Orb\n|move|p1b: Whimsicott|Energy Ball|p2b: Kyogre\n|-supereffective|p2b: Kyogre\n|-damage|p2b: Kyogre|77\/100\n|move|p2b: Kyogre|Ice Beam|p1b: Whimsicott\n|-supereffective|p1b: Whimsicott\n|-damage|p1b: Whimsicott|0 fnt\n|faint|p1b: Whimsicott\n|\n|-weather|RainDance|[upkeep]\n|-fieldend|move: Psychic Terrain\n|upkeep\n|\n|t:|1722529404\n|switch|p1b: Indeedee|Indeedee, L50, M|66\/100\n|-fieldstart|move: Psychic Terrain|[from] ability: Psychic Surge|[of] p1b: Indeedee\n|turn|6\n|j| Krisuerte\n|\n|t:|1722529410\n|move|p1b: Indeedee|Expanding Force|p2b: Kyogre\n|-damage|p2b: Kyogre|48\/100\n|move|p1a: Calyrex|Expanding Force|p2b: Kyogre\n|-damage|p2b: Kyogre|0 fnt\n|faint|p2b: Kyogre\n|-damage|p1a: Calyrex|58\/100|[from] item: Life Orb\n|\n|win|imaborat\n|raw|imaborat's rating: 1748 &rarr; <strong>1765<\/strong><br \/>(+17 for winning)\n|raw|actuary97's rating: 1704 &rarr; <strong>1687<\/strong><br \/>(-17 for losing)\n|j| picarra\n|c|\u2606actuary97|gg\n|c|\u2606imaborat|gg\n|l| picarra\n|c|\u2606actuary97|would appreciate a team sheet\n|l|\u2606actuary97\n|player|p2|\n|c|\u2606imaborat|How do I do that lol\n|l|\u2606imaborat\n|player|p1|\n|l| Krisuerte\n","uploadtime":1722529620,"views":43,"formatid":"gen9vgc2024regg","rating":1687,"private":0,"password":null}