{"id":"gen9vgc2024regg-2171566071","format":"[Gen 9] VGC 2024 Reg G","players":["TomushiVGC","MajinFlavio"],"log":"|j|\u2606TomushiVGC\n|j|\u2606MajinFlavio\n|t:|1722545167\n|gametype|doubles\n|player|p1|TomushiVGC|emmet|1714\n|player|p2|MajinFlavio|palmer|1651\n|teamsize|p1|6\n|teamsize|p2|6\n|gen|9\n|tier|[Gen 9] VGC 2024 Reg G\n|rated|\n|rule|Species Clause: Limit one of each Pok\u00e9mon\n|rule|Item Clause: Limit one of each item\n|clearpoke\n|poke|p1|Zamazenta-*, L50|\n|poke|p1|Regidrago, L50|\n|poke|p1|Tornadus, L50, M|\n|poke|p1|Urshifu-*, L50, M|\n|poke|p1|Chi-Yu, L50|\n|poke|p1|Farigiraf, L50, F|\n|poke|p2|Zamazenta-*, L50|\n|poke|p2|Sableye, L50, M|\n|poke|p2|Incineroar, L50, M|\n|poke|p2|Flutter Mane, L50|\n|poke|p2|Raging Bolt, L50|\n|poke|p2|Ursaluna, L50, F|\n|teampreview|4\nMajinFlavio has agreed to open team sheets.\n|inactive|Battle timer is ON: inactive players will automatically lose when time's up. (requested by MajinFlavio)\n|\n|t:|1722545197\n|start\n|switch|p1a: Urshifu|Urshifu-Rapid-Strike, L50, M|100\/100\n|switch|p1b: Chi-Yu|Chi-Yu, L50|100\/100\n|switch|p2a: Flutter Mane|Flutter Mane, L50|100\/100\n|switch|p2b: Incineroar|Incineroar, L50, M|100\/100\n|-ability|p1b: Chi-Yu|Beads of Ruin\n|-ability|p2b: Incineroar|Intimidate|boost\n|-unboost|p1a: Urshifu|atk|1\n|-unboost|p1b: Chi-Yu|atk|1\n|-enditem|p2a: Flutter Mane|Booster Energy\n|-activate|p2a: Flutter Mane|ability: Protosynthesis|[fromitem]\n|-start|p2a: Flutter Mane|protosynthesisspe\n|turn|1\n|inactive|MajinFlavio has 30 seconds left.\n|inactive|TomushiVGC has 30 seconds left.\n|inactive|MajinFlavio has 20 seconds left.\n|inactive|TomushiVGC has 20 seconds left.\n|inactive|TomushiVGC has 15 seconds left.\n|inactive|TomushiVGC has 10 seconds left.\n|\n|t:|1722545257\n|-terastallize|p1a: Urshifu|Water\n|move|p2a: Flutter Mane|Moonblast|p1a: Urshifu\n|-damage|p1a: Urshifu|0 fnt\n|faint|p1a: Urshifu\n|move|p1b: Chi-Yu|Overheat|p2a: Flutter Mane\n|-damage|p2a: Flutter Mane|7\/100\n|-unboost|p1b: Chi-Yu|spa|2\n|move|p2b: Incineroar|Parting Shot|p1b: Chi-Yu\n|-unboost|p1b: Chi-Yu|atk|1\n|-unboost|p1b: Chi-Yu|spa|1\n|\n|t:|1722545269\n|switch|p2b: Zamazenta|Zamazenta-Crowned, L50|100\/100|[from] Parting Shot\n|-ability|p2b: Zamazenta|Dauntless Shield|boost\n|-boost|p2b: Zamazenta|def|1\n|\n|upkeep\n|\n|t:|1722545279\n|switch|p1a: Tornadus|Tornadus, L50, M|100\/100\n|turn|2\n|inactive|MajinFlavio has 30 seconds left.\n|\n|t:|1722545305\n|-end|p2a: Flutter Mane|Protosynthesis|[silent]\n|switch|p2a: Incineroar|Incineroar, L50, M|100\/100\n|-ability|p2a: Incineroar|Intimidate|boost\n|-unboost|p1a: Tornadus|atk|1\n|-unboost|p1b: Chi-Yu|atk|1\n|switch|p1b: Zamazenta|Zamazenta-Crowned, L50|100\/100\n|-ability|p1b: Zamazenta|Dauntless Shield|boost\n|-boost|p1b: Zamazenta|def|1\n|-terastallize|p2b: Zamazenta|Water\n|move|p1a: Tornadus|Bleakwind Storm|p2b: Zamazenta|[spread] p2a,p2b\n|-damage|p2a: Incineroar|64\/100\n|-damage|p2b: Zamazenta|75\/100\n|move|p2b: Zamazenta|Body Press|p1b: Zamazenta\n|-supereffective|p1b: Zamazenta\n|-damage|p1b: Zamazenta|51\/100\n|\n|upkeep\n|turn|3\n|inactive|TomushiVGC has 30 seconds left.\n|\n|t:|1722545334\n|move|p1a: Tornadus|Protect|p1a: Tornadus\n|-singleturn|p1a: Tornadus|Protect\n|move|p2a: Incineroar|Fake Out|p1b: Zamazenta\n|-resisted|p1b: Zamazenta\n|-damage|p1b: Zamazenta|49\/100\n|cant|p1b: Zamazenta|flinch\n|move|p2b: Zamazenta|Iron Defense|p2b: Zamazenta\n|-boost|p2b: Zamazenta|def|2\n|\n|upkeep\n|turn|4\n|\n|t:|1722545354\n|switch|p2a: Sableye|Sableye, L50, M|100\/100\n|move|p1b: Zamazenta|Iron Defense|p1b: Zamazenta\n|-boost|p1b: Zamazenta|def|2\n|move|p1a: Tornadus|Bleakwind Storm|p2b: Zamazenta|[spread] p2b\n|-miss|p1a: Tornadus|p2a: Sableye\n|-damage|p2b: Zamazenta|50\/100\n|-unboost|p2b: Zamazenta|spe|1\n|move|p2b: Zamazenta|Body Press|p1b: Zamazenta\n|-supereffective|p1b: Zamazenta\n|-damage|p1b: Zamazenta|0 fnt\n|faint|p1b: Zamazenta\n|\n|upkeep\n|\n|t:|1722545359\n|switch|p1b: Chi-Yu|Chi-Yu, L50|100\/100\n|-ability|p1b: Chi-Yu|Beads of Ruin\n|turn|5\n|\n|t:|1722545377\n|move|p2a: Sableye|Fake Out|p1b: Chi-Yu\n|-damage|p1b: Chi-Yu|89\/100\n|cant|p1b: Chi-Yu|flinch\n|move|p1a: Tornadus|Bleakwind Storm|p2a: Sableye|[spread] p2b\n|-miss|p1a: Tornadus|p2a: Sableye\n|-damage|p2b: Zamazenta|17\/100\n|-unboost|p2b: Zamazenta|spe|1\n|move|p2b: Zamazenta|Body Press|p1b: Chi-Yu\n|-supereffective|p1b: Chi-Yu\n|-damage|p1b: Chi-Yu|0 fnt\n|faint|p1b: Chi-Yu\n|\n|upkeep\n|turn|6\n|\n|t:|1722545393\n|move|p2a: Sableye|Disable|p1a: Tornadus\n|-start|p1a: Tornadus|Disable|Bleakwind Storm\n|cant|p1a: Tornadus|Disable|Bleakwind Storm\n|move|p2b: Zamazenta|Body Press|p1a: Tornadus\n|-resisted|p1a: Tornadus\n|-damage|p1a: Tornadus|24\/100\n|\n|upkeep\n|turn|7\n|c|\u2606MajinFlavio|gg\n|-message|TomushiVGC forfeited.\n|\n|win|MajinFlavio\n|raw|TomushiVGC's rating: 1714 &rarr; <strong>1690<\/strong><br \/>(-24 for losing)\n|raw|MajinFlavio's rating: 1651 &rarr; <strong>1675<\/strong><br \/>(+24 for winning)\n|l|\u2606TomushiVGC\n|player|p1|\n|l|\u2606MajinFlavio\n|player|p2|\n","uploadtime":1722545566,"views":8,"formatid":"gen9vgc2024regg","rating":1675,"private":0,"password":null}