{"id":"gen9vgc2024regg-2171017013","format":"[Gen 9] VGC 2024 Reg G","players":["zach_lucius","RustyChair13"],"log":"|j|\u2606zach_lucius\n|j|\u2606RustyChair13\n|t:|1722463348\n|gametype|doubles\n|player|p1|zach_lucius|briar|1650\n|player|p2|RustyChair13|2|1730\n|teamsize|p1|6\n|teamsize|p2|6\n|gen|9\n|tier|[Gen 9] VGC 2024 Reg G\n|rated|\n|rule|Species Clause: Limit one of each Pok\u00e9mon\n|rule|Item Clause: Limit one of each item\n|clearpoke\n|poke|p1|Calyrex-Shadow, L50|\n|poke|p1|Urshifu-*, L50, M|\n|poke|p1|Rillaboom, L50, F|\n|poke|p1|Incineroar, L50, F|\n|poke|p1|Tornadus, L50, M|\n|poke|p1|Amoonguss, L50, F|\n|poke|p2|Zamazenta-*, L50|\n|poke|p2|Rillaboom, L50, M|\n|poke|p2|Chien-Pao, L50|\n|poke|p2|Flutter Mane, L50|\n|poke|p2|Chandelure, L50, F|\n|poke|p2|Moltres-Galar, L50|\n|teampreview|4\n|inactive|Battle timer is ON: inactive players will automatically lose when time's up. (requested by RustyChair13)\n|\n|t:|1722463372\n|start\n|switch|p1a: Calyrex|Calyrex-Shadow, L50|100\/100\n|switch|p1b: Urshifu|Urshifu-Rapid-Strike, L50, M|100\/100\n|switch|p2a: Zamazenta|Zamazenta-Crowned, L50, shiny|100\/100\n|switch|p2b: Flutter Mane|Flutter Mane, L50, shiny|100\/100\n|-ability|p1a: Calyrex|As One\n|-ability|p1a: Calyrex|Unnerve\n|-ability|p2a: Zamazenta|Dauntless Shield|boost\n|-boost|p2a: Zamazenta|def|1\n|-enditem|p2b: Flutter Mane|Booster Energy\n|-activate|p2b: Flutter Mane|ability: Protosynthesis|[fromitem]\n|-start|p2b: Flutter Mane|protosynthesisspe\n|turn|1\n|inactive|zach_lucius has 30 seconds left.\n|\n|t:|1722463398\n|-terastallize|p1b: Urshifu|Water\n|-terastallize|p2a: Zamazenta|Dragon\n|move|p1a: Calyrex|Protect|p1a: Calyrex\n|-singleturn|p1a: Calyrex|Protect\n|move|p2a: Zamazenta|Wide Guard|p2a: Zamazenta\n|-singleturn|p2a: Zamazenta|Wide Guard\n|move|p2b: Flutter Mane|Thunder Wave|p1a: Calyrex\n|-activate|p1a: Calyrex|move: Protect\n|move|p1b: Urshifu|Surging Strikes|p2b: Flutter Mane\n|-crit|p2b: Flutter Mane\n|-damage|p2b: Flutter Mane|61\/100\n|-crit|p2b: Flutter Mane\n|-damage|p2b: Flutter Mane|22\/100\n|-crit|p2b: Flutter Mane\n|-damage|p2b: Flutter Mane|0 fnt\n|faint|p2b: Flutter Mane\n|-end|p2b: Flutter Mane|Protosynthesis|[silent]\n|-hitcount|p2: Flutter Mane|3\n|\n|upkeep\n|\n|t:|1722463413\n|switch|p2b: Rillaboom|Rillaboom, L50, M, shiny|100\/100\n|-fieldstart|move: Grassy Terrain|[from] ability: Grassy Surge|[of] p2b: Rillaboom\n|turn|2\n|\n|t:|1722463435\n|switch|p1b: Amoonguss|Amoonguss, L50, F|100\/100\n|switch|p1a: Incineroar|Incineroar, L50, F|100\/100\n|-ability|p1a: Incineroar|Intimidate|boost\n|-unboost|p2a: Zamazenta|atk|1\n|-unboost|p2b: Rillaboom|atk|1\n|move|p2b: Rillaboom|Grassy Glide|p1a: Incineroar\n|-resisted|p1a: Incineroar\n|-damage|p1a: Incineroar|83\/100\n|move|p2a: Zamazenta|Heavy Slam|p1a: Incineroar\n|-resisted|p1a: Incineroar\n|-damage|p1a: Incineroar|68\/100\n|\n|-heal|p1a: Incineroar|74\/100|[from] Grassy Terrain\n|upkeep\n|turn|3\n|inactive|zach_lucius has 30 seconds left.\n|\n|t:|1722463465\n|switch|p2b: Chien-Pao|Chien-Pao, L50|100\/100\n|-ability|p2b: Chien-Pao|Sword of Ruin\n|move|p2a: Zamazenta|Protect|p2a: Zamazenta\n|-singleturn|p2a: Zamazenta|Protect\n|move|p1a: Incineroar|Fake Out|p2a: Zamazenta\n|-activate|p2a: Zamazenta|move: Protect\n|move|p1b: Amoonguss|Spore|p2b: Chien-Pao\n|-status|p2b: Chien-Pao|slp|[from] move: Spore\n|\n|-heal|p1a: Incineroar|80\/100|[from] Grassy Terrain\n|upkeep\n|turn|4\n|\n|t:|1722463480\n|cant|p2b: Chien-Pao|slp\n|move|p2a: Zamazenta|Body Press|p1a: Incineroar\n|-supereffective|p1a: Incineroar\n|-damage|p1a: Incineroar|0 fnt\n|faint|p1a: Incineroar\n|move|p1b: Amoonguss|Spore|p2a: Zamazenta\n|-status|p2a: Zamazenta|slp|[from] move: Spore\n|\n|upkeep\n|\n|t:|1722463489\n|switch|p1a: Urshifu|Urshifu-Rapid-Strike, L50, M, tera:Water|100\/100\n|turn|5\n|\n|t:|1722463499\n|switch|p2b: Rillaboom|Rillaboom, L50, M, shiny|100\/100\n|cant|p2a: Zamazenta|slp\n|move|p1a: Urshifu|Surging Strikes|p2b: Rillaboom\n|-resisted|p2b: Rillaboom\n|-crit|p2b: Rillaboom\n|-damage|p2b: Rillaboom|87\/100\n|-resisted|p2b: Rillaboom\n|-crit|p2b: Rillaboom\n|-damage|p2b: Rillaboom|72\/100\n|-resisted|p2b: Rillaboom\n|-crit|p2b: Rillaboom\n|-damage|p2b: Rillaboom|57\/100\n|-hitcount|p2b: Rillaboom|3\n|move|p1b: Amoonguss|Pollen Puff|p2b: Rillaboom\n|-supereffective|p2b: Rillaboom\n|-damage|p2b: Rillaboom|8\/100\n|\n|-heal|p2b: Rillaboom|14\/100|[from] Grassy Terrain\n|upkeep\n|turn|6\n|\n|t:|1722463519\n|switch|p1a: Calyrex|Calyrex-Shadow, L50|100\/100\n|-ability|p1a: Calyrex|As One\n|-ability|p1a: Calyrex|Unnerve\n|move|p2b: Rillaboom|Grassy Glide|p1a: Calyrex\n|-damage|p1a: Calyrex|44\/100\n|cant|p2a: Zamazenta|slp\n|move|p1b: Amoonguss|Pollen Puff|p2b: Rillaboom\n|-supereffective|p2b: Rillaboom\n|-damage|p2b: Rillaboom|0 fnt\n|faint|p2b: Rillaboom\n|\n|-heal|p1a: Calyrex|50\/100|[from] Grassy Terrain\n|-fieldend|move: Grassy Terrain\n|upkeep\n|\n|t:|1722463531\n|switch|p2b: Chien-Pao|Chien-Pao, L50|100\/100 slp\n|-ability|p2b: Chien-Pao|Sword of Ruin\n|turn|7\n|j| Yagamoth\n|\n|t:|1722463540\n|cant|p2a: Zamazenta|slp\n|move|p1b: Amoonguss|Rage Powder|p1b: Amoonguss\n|-singleturn|p1b: Amoonguss|move: Rage Powder\n|move|p1a: Calyrex|Draining Kiss|p2b: Chien-Pao\n|-supereffective|p2b: Chien-Pao\n|-crit|p2b: Chien-Pao\n|-damage|p2b: Chien-Pao|2\/100 slp\n|-heal|p1a: Calyrex|100\/100|[from] drain|[of] p2b: Chien-Pao\n|-curestatus|p2b: Chien-Pao|slp|[msg]\n|move|p2b: Chien-Pao|Icicle Crash|p1b: Amoonguss\n|-supereffective|p1b: Amoonguss\n|-damage|p1b: Amoonguss|6\/100\n|\n|upkeep\n|turn|8\n|\n|t:|1722463555\n|move|p2b: Chien-Pao|Protect|p2b: Chien-Pao\n|-singleturn|p2b: Chien-Pao|Protect\n|move|p1b: Amoonguss|Rage Powder|p1b: Amoonguss\n|-singleturn|p1b: Amoonguss|move: Rage Powder\n|move|p1a: Calyrex|Draining Kiss|p2b: Chien-Pao\n|-activate|p2b: Chien-Pao|move: Protect\n|-curestatus|p2a: Zamazenta|slp|[msg]\n|move|p2a: Zamazenta|Body Press|p1b: Amoonguss\n|-resisted|p1b: Amoonguss\n|-damage|p1b: Amoonguss|0 fnt\n|-damage|p2a: Zamazenta|84\/100|[from] item: Rocky Helmet|[of] p1b: Amoonguss\n|faint|p1b: Amoonguss\n|\n|upkeep\n|\n|t:|1722463558\n|switch|p1b: Urshifu|Urshifu-Rapid-Strike, L50, M, tera:Water|100\/100\n|turn|9\n|\n|t:|1722463573\n|move|p1a: Calyrex|Protect|p1a: Calyrex\n|-singleturn|p1a: Calyrex|Protect\n|move|p2b: Chien-Pao|Sucker Punch||[still]\n|-fail|p2b: Chien-Pao\n|move|p1b: Urshifu|Close Combat|p2b: Chien-Pao\n|-supereffective|p2b: Chien-Pao\n|-damage|p2b: Chien-Pao|0 fnt\n|-unboost|p1b: Urshifu|def|1\n|-unboost|p1b: Urshifu|spd|1\n|faint|p2b: Chien-Pao\n|move|p2a: Zamazenta|Body Press|p1b: Urshifu\n|-damage|p1b: Urshifu|0 fnt\n|faint|p1b: Urshifu\n|\n|upkeep\n|turn|10\n|\n|t:|1722463585\n|move|p1a: Calyrex|Astral Barrage|p2a: Zamazenta\n|-damage|p2a: Zamazenta|35\/100\n|move|p2a: Zamazenta|Heavy Slam|p1a: Calyrex\n|-damage|p1a: Calyrex|70\/100\n|\n|upkeep\n|turn|11\n|\n|t:|1722463594\n|move|p1a: Calyrex|Astral Barrage|p2a: Zamazenta\n|-damage|p2a: Zamazenta|0 fnt\n|faint|p2a: Zamazenta\n|\n|win|zach_lucius\n|raw|zach_lucius's rating: 1650 &rarr; <strong>1675<\/strong><br \/>(+25 for winning)\n|raw|RustyChair13's rating: 1730 &rarr; <strong>1705<\/strong><br \/>(-25 for losing)\n|c|\u2606RustyChair13|gg\n|l|\u2606RustyChair13\n|player|p2|\n|c|\u2606zach_lucius|gg\n","uploadtime":1722463602,"views":26,"formatid":"gen9vgc2024regg","rating":1675,"private":0,"password":null}