{"id":"gen9vgc2024regg-2171296432","format":"[Gen 9] VGC 2024 Reg G","players":["Cyclades","Gurrasnurra5"],"log":"|j|\u2606Cyclades\n|j|\u2606Gurrasnurra5\n|t:|1722516559\n|gametype|doubles\n|player|p1|Cyclades|ninjaboy|1651\n|player|p2|Gurrasnurra5|170|1761\n|teamsize|p1|6\n|teamsize|p2|6\n|gen|9\n|tier|[Gen 9] VGC 2024 Reg G\n|rated|\n|rule|Species Clause: Limit one of each Pok\u00e9mon\n|rule|Item Clause: Limit one of each item\n|clearpoke\n|poke|p1|Lunala, L50|\n|poke|p1|Urshifu-*, L50, F|\n|poke|p1|Tornadus, L50, M|\n|poke|p1|Rillaboom, L50, M|\n|poke|p1|Chi-Yu, L50|\n|poke|p1|Amoonguss, L50, M|\n|poke|p2|Tornadus, L50, M|\n|poke|p2|Urshifu-*, L50, M|\n|poke|p2|Calyrex-Shadow, L50|\n|poke|p2|Chi-Yu, L50|\n|poke|p2|Clefairy, L50, M|\n|poke|p2|Raging Bolt, L50|\n|teampreview|4\n|\n|t:|1722516588\n|start\n|switch|p1a: Amoonguss|Amoonguss, L50, M|100\/100\n|switch|p1b: Lunala|Lunala, L50|100\/100\n|switch|p2a: Tornadus|Tornadus, L50, M|100\/100\n|switch|p2b: Chi-Yu|Chi-Yu, L50|100\/100\n|-ability|p2b: Chi-Yu|Beads of Ruin\n|turn|1\n|\n|t:|1722516625\n|-terastallize|p1b: Lunala|Fairy\n|move|p1b: Lunala|Wide Guard|p1b: Lunala\n|-singleturn|p1b: Lunala|Wide Guard\n|move|p2b: Chi-Yu|Snarl|p1b: Lunala|[spread] \n|-activate|p1a: Amoonguss|move: Wide Guard\n|-activate|p1b: Lunala|move: Wide Guard\n|move|p2a: Tornadus|Bleakwind Storm|p1a: Amoonguss|[spread] \n|-activate|p1a: Amoonguss|move: Wide Guard\n|-activate|p1b: Lunala|move: Wide Guard\n|move|p1a: Amoonguss|Spore|p2b: Chi-Yu\n|-status|p2b: Chi-Yu|slp|[from] move: Spore\n|\n|upkeep\n|turn|2\n|\n|t:|1722516656\n|move|p2a: Tornadus|Rain Dance|p2a: Tornadus\n|-weather|RainDance\n|cant|p2b: Chi-Yu|slp\n|move|p1b: Lunala|Meteor Beam||[still]\n|-prepare|p1b: Lunala|Meteor Beam\n|-boost|p1b: Lunala|spa|1\n|-enditem|p1b: Lunala|Power Herb\n|-anim|p1b: Lunala|Meteor Beam|p2b: Chi-Yu\n|-supereffective|p2b: Chi-Yu\n|-damage|p2b: Chi-Yu|0 fnt\n|faint|p2b: Chi-Yu\n|move|p1a: Amoonguss|Spore|p2a: Tornadus\n|-status|p2a: Tornadus|slp|[from] move: Spore\n|\n|-weather|RainDance|[upkeep]\n|upkeep\n|\n|t:|1722516657\n|switch|p2b: Urshifu|Urshifu-Rapid-Strike, L50, M|100\/100\n|turn|3\n|\n|t:|1722516681\n|-terastallize|p2b: Urshifu|Grass\n|move|p1a: Amoonguss|Rage Powder|p1a: Amoonguss\n|-singleturn|p1a: Amoonguss|move: Rage Powder\n|cant|p2a: Tornadus|slp\n|move|p2b: Urshifu|Surging Strikes|p1b: Lunala\n|-crit|p1b: Lunala\n|-damage|p1b: Lunala|82\/100\n|-crit|p1b: Lunala\n|-damage|p1b: Lunala|48\/100\n|-crit|p1b: Lunala\n|-damage|p1b: Lunala|15\/100\n|-hitcount|p1b: Lunala|3\n|move|p1b: Lunala|Moonblast|p2b: Urshifu\n|-damage|p2b: Urshifu|6\/100\n|\n|-weather|RainDance|[upkeep]\n|upkeep\n|turn|4\n|l|\u2606Gurrasnurra5\n|player|p2|\n|j|\u2606Gurrasnurra5\n|player|p2|Gurrasnurra5|170|\n|\n|t:|1722516733\n|cant|p2a: Tornadus|slp\n|move|p2b: Urshifu|Surging Strikes|p1b: Lunala\n|-crit|p1b: Lunala\n|-damage|p1b: Lunala|0 fnt\n|faint|p1b: Lunala\n|-hitcount|p1: Lunala|1\n|move|p1a: Amoonguss|Sludge Bomb|p2b: Urshifu\n|-supereffective|p2b: Urshifu\n|-damage|p2b: Urshifu|0 fnt\n|faint|p2b: Urshifu\n|\n|-weather|RainDance|[upkeep]\n|upkeep\n|inactive|Battle timer is ON: inactive players will automatically lose when time's up. (requested by Gurrasnurra5)\n|\n|t:|1722516763\n|switch|p2b: Calyrex|Calyrex-Shadow, L50|100\/100\n|switch|p1b: Rillaboom|Rillaboom, L50, M|100\/100\n|-ability|p2b: Calyrex|As One\n|-ability|p2b: Calyrex|Unnerve\n|-fieldstart|move: Grassy Terrain|[from] ability: Grassy Surge|[of] p1b: Rillaboom\n|turn|5\n|\n|t:|1722516778\n|move|p2b: Calyrex|Astral Barrage|p1a: Amoonguss|[spread] p1a,p1b\n|-damage|p1a: Amoonguss|57\/100\n|-damage|p1b: Rillaboom|71\/100\n|-curestatus|p2a: Tornadus|slp|[msg]\n|move|p2a: Tornadus|Bleakwind Storm|p1a: Amoonguss|[spread] p1a,p1b\n|-supereffective|p1a: Amoonguss\n|-supereffective|p1b: Rillaboom\n|-damage|p1a: Amoonguss|10\/100\n|-damage|p1b: Rillaboom|38\/100\n|move|p1b: Rillaboom|U-turn|p2a: Tornadus\n|-resisted|p2a: Tornadus\n|-damage|p2a: Tornadus|91\/100\n|\n|t:|1722516790\n|switch|p1b: Chi-Yu|Chi-Yu, L50|100\/100|[from] U-turn\n|-ability|p1b: Chi-Yu|Beads of Ruin\n|move|p1a: Amoonguss|Spore|p2a: Tornadus\n|-status|p2a: Tornadus|slp|[from] move: Spore\n|\n|-weather|RainDance|[upkeep]\n|-heal|p1a: Amoonguss|16\/100|[from] Grassy Terrain\n|upkeep\n|turn|6\n|\n|t:|1722516806\n|switch|p1a: Rillaboom|Rillaboom, L50, M|38\/100\n|move|p2b: Calyrex|Protect|p2b: Calyrex\n|-singleturn|p2b: Calyrex|Protect\n|move|p1b: Chi-Yu|Snarl|p2a: Tornadus|[spread] p2a\n|-activate|p2b: Calyrex|move: Protect\n|-damage|p2a: Tornadus|49\/100 slp\n|-damage|p1b: Chi-Yu|91\/100|[from] item: Life Orb\n|cant|p2a: Tornadus|slp\n|\n|-weather|none\n|-heal|p1b: Chi-Yu|97\/100|[from] Grassy Terrain\n|-heal|p1a: Rillaboom|44\/100|[from] Grassy Terrain\n|upkeep\n|turn|7\n|\n|t:|1722516829\n|move|p1a: Rillaboom|Fake Out|p2a: Tornadus\n|-damage|p2a: Tornadus|36\/100 slp\n|cant|p2a: Tornadus|slp\n|move|p2b: Calyrex|Astral Barrage|p1b: Chi-Yu|[spread] p1a,p1b\n|-resisted|p1b: Chi-Yu\n|-damage|p1a: Rillaboom|2\/100\n|-damage|p1b: Chi-Yu|69\/100\n|move|p1b: Chi-Yu|Snarl|p2a: Tornadus|[spread] p2a\n|-miss|p1b: Chi-Yu|p2b: Calyrex\n|-damage|p2a: Tornadus|0 fnt\n|faint|p2a: Tornadus\n|-damage|p1b: Chi-Yu|59\/100|[from] item: Life Orb\n|\n|-heal|p1b: Chi-Yu|65\/100|[from] Grassy Terrain\n|-heal|p1a: Rillaboom|8\/100|[from] Grassy Terrain\n|upkeep\n|turn|8\n|\n|t:|1722516851\n|move|p1a: Rillaboom|Grassy Glide|p2b: Calyrex\n|-damage|p2b: Calyrex|61\/100\n|move|p2b: Calyrex|Astral Barrage|p1b: Chi-Yu|[spread] p1a,p1b\n|-crit|p1a: Rillaboom\n|-resisted|p1b: Chi-Yu\n|-damage|p1a: Rillaboom|0 fnt\n|-damage|p1b: Chi-Yu|37\/100\n|faint|p1a: Rillaboom\n|-ability|p2b: Calyrex|Grim Neigh|boost\n|-boost|p2b: Calyrex|spa|1\n|move|p1b: Chi-Yu|Snarl|p2b: Calyrex\n|-supereffective|p2b: Calyrex\n|-damage|p2b: Calyrex|0 fnt\n|faint|p2b: Calyrex\n|-damage|p1b: Chi-Yu|28\/100|[from] item: Life Orb\n|\n|win|Cyclades\n|raw|Cyclades's rating: 1651 &rarr; <strong>1677<\/strong><br \/>(+26 for winning)\n|raw|Gurrasnurra5's rating: 1761 &rarr; <strong>1735<\/strong><br \/>(-26 for losing)\n|l|\u2606Gurrasnurra5\n|player|p2|\n|l|\u2606Cyclades\n|player|p1|\n","uploadtime":1722517035,"views":11,"formatid":"gen9vgc2024regg","rating":1677,"private":0,"password":null}