{"id":"gen9vgc2024regg-2171965540","format":"[Gen 9] VGC 2024 Reg G","players":["fuleya","LONGhq"],"log":"|j|\u2606fuleya\n|j|\u203dLONGhq\n|t:|1722601848\n|gametype|doubles\n|player|p1|fuleya|102|1796\n|player|p2|LONGhq|dawn|1678\n|teamsize|p1|6\n|teamsize|p2|6\n|gen|9\n|tier|[Gen 9] VGC 2024 Reg G\n|rated|\n|rule|Species Clause: Limit one of each Pok\u00e9mon\n|rule|Item Clause: Limit one of each item\n|clearpoke\n|poke|p1|Tornadus, L50, M|\n|poke|p1|Calyrex-Shadow, L50|\n|poke|p1|Urshifu-*, L50, M|\n|poke|p1|Farigiraf, L50, M|\n|poke|p1|Clefairy, L50, F|\n|poke|p1|Ogerpon-Cornerstone, L50, F|\n|poke|p2|Miraidon, L50|\n|poke|p2|Smeargle, L50, M|\n|poke|p2|Arcanine-Hisui, L50, M|\n|poke|p2|Urshifu-*, L50, M|\n|poke|p2|Iron Hands, L50|\n|poke|p2|Whimsicott, L50, F|\n|teampreview|4\n|\n|t:|1722601869\n|start\n|switch|p1a: Tornadus|Tornadus, L50, M|100\/100\n|switch|p1b: Urshifu|Urshifu, L50, M|100\/100\n|switch|p2a: Whimsicott|Whimsicott, L50, F|100\/100\n|switch|p2b: Smeargle|Smeargle, L50, M|100\/100\n|turn|1\n|\n|t:|1722601895\n|move|p2a: Whimsicott|Tailwind|p2a: Whimsicott\n|-sidestart|p2: LONGhq|move: Tailwind\n|move|p2b: Smeargle|Spore|p1a: Tornadus\n|-status|p1a: Tornadus|slp|[from] move: Spore\n|cant|p1a: Tornadus|slp\n|move|p1b: Urshifu|Wicked Blow|p2b: Smeargle\n|-crit|p2b: Smeargle\n|-enditem|p2b: Smeargle|Focus Sash\n|-damage|p2b: Smeargle|1\/100\n|\n|upkeep\n|turn|2\n|\n|t:|1722601926\n|switch|p2b: Miraidon|Miraidon, L50|100\/100\n|-fieldstart|move: Electric Terrain|[from] ability: Hadron Engine|[of] p2b: Miraidon\n|move|p1b: Urshifu|Detect|p1b: Urshifu\n|-singleturn|p1b: Urshifu|Protect\n|-curestatus|p1a: Tornadus|slp|[msg]\n|move|p1a: Tornadus|Tailwind|p1a: Tornadus\n|-sidestart|p1: fuleya|move: Tailwind\n|move|p2a: Whimsicott|Moonblast|p1b: Urshifu\n|-activate|p1b: Urshifu|move: Protect\n|\n|upkeep\n|turn|3\n|\n|t:|1722601943\n|move|p1b: Urshifu|Sucker Punch|p2b: Miraidon\n|-damage|p2b: Miraidon|63\/100\n|move|p2b: Miraidon|Volt Switch|p1a: Tornadus\n|-supereffective|p1a: Tornadus\n|-damage|p1a: Tornadus|0 fnt\n|faint|p1a: Tornadus\n|\n|t:|1722601949\n|switch|p2b: Smeargle|Smeargle, L50, M|1\/100|[from] Volt Switch\n|move|p2a: Whimsicott|Moonblast|p1b: Urshifu\n|-supereffective|p1b: Urshifu\n|-enditem|p1b: Urshifu|Focus Sash\n|-damage|p1b: Urshifu|1\/100\n|\n|upkeep\n|\n|t:|1722601962\n|switch|p1a: Ogerpon|Ogerpon-Cornerstone, L50, F|100\/100\n|turn|4\n|inactive|Battle timer is ON: inactive players will automatically lose when time's up. (requested by fuleya)\n|\n|t:|1722602011\n|switch|p2a: Urshifu|Urshifu, L50, M|100\/100\n|move|p2b: Smeargle|Fake Out|p1a: Ogerpon\n|-resisted|p1a: Ogerpon\n|-damage|p1a: Ogerpon|96\/100\n|move|p1b: Urshifu|Sucker Punch||[still]\n|-fail|p1b: Urshifu\n|cant|p1a: Ogerpon|flinch\n|\n|-sideend|p2: LONGhq|move: Tailwind\n|upkeep\n|turn|5\n|\n|t:|1722602035\n|switch|p2b: Whimsicott|Whimsicott, L50, F|100\/100\n|move|p2a: Urshifu|Sucker Punch|p1b: Urshifu\n|-resisted|p1b: Urshifu\n|-damage|p1b: Urshifu|0 fnt\n|faint|p1b: Urshifu\n|move|p1a: Ogerpon|Horn Leech|p2b: Whimsicott\n|-resisted|p2b: Whimsicott\n|-damage|p2b: Whimsicott|77\/100\n|-heal|p1a: Ogerpon|100\/100|[from] drain|[of] p2b: Whimsicott\n|\n|-sideend|p1: fuleya|move: Tailwind\n|upkeep\n|\n|t:|1722602047\n|switch|p1b: Calyrex|Calyrex-Shadow, L50|100\/100\n|-ability|p1b: Calyrex|As One\n|-ability|p1b: Calyrex|Unnerve\n|turn|6\n|\n|t:|1722602063\n|switch|p2a: Smeargle|Smeargle, L50, M|1\/100\n|-terastallize|p1b: Calyrex|Ghost\n|move|p1a: Ogerpon|Follow Me|p1a: Ogerpon\n|-singleturn|p1a: Ogerpon|move: Follow Me\n|move|p2b: Whimsicott|Tailwind|p2b: Whimsicott\n|-sidestart|p2: LONGhq|move: Tailwind\n|move|p1b: Calyrex|Astral Barrage|p2b: Whimsicott|[spread] p2b\n|-immune|p2a: Smeargle\n|-damage|p2b: Whimsicott|0 fnt\n|faint|p2b: Whimsicott\n|-ability|p1b: Calyrex|Grim Neigh|boost\n|-boost|p1b: Calyrex|spa|1\n|\n|-fieldend|move: Electric Terrain\n|upkeep\n|inactive|LONGhq has 30 seconds left.\n|\n|t:|1722602089\n|switch|p2b: Urshifu|Urshifu, L50, M|100\/100\n|turn|7\n|\n|t:|1722602112\n|move|p2a: Smeargle|Fake Out|p1a: Ogerpon\n|-resisted|p1a: Ogerpon\n|-damage|p1a: Ogerpon|95\/100\n|cant|p1a: Ogerpon|flinch\n|move|p2b: Urshifu|Wicked Blow|p1b: Calyrex\n|-supereffective|p1b: Calyrex\n|-crit|p1b: Calyrex\n|-damage|p1b: Calyrex|0 fnt\n|faint|p1b: Calyrex\n|\n|upkeep\n|turn|8\n|-message|fuleya forfeited.\n|\n|win|LONGhq\n|raw|fuleya's rating: 1796 &rarr; <strong>1769<\/strong><br \/>(-27 for losing)\n|raw|LONGhq's rating: 1678 &rarr; <strong>1705<\/strong><br \/>(+27 for winning)\n|l|\u2606fuleya\n|player|p1|\n|l|\u203dLONGhq\n|player|p2|\n","uploadtime":1722602307,"views":8,"formatid":"gen9vgc2024regg","rating":1705,"private":0,"password":null}