{"id":"gen9vgc2024regg-2172159288","format":"[Gen 9] VGC 2024 Reg G","players":["Krisuerte","MomeriA12"],"log":"|j|\u2606Krisuerte\n|j|\u2606MomeriA12\n|t:|1722622898\n|gametype|doubles\n|player|p1|Krisuerte|102|1717\n|player|p2|MomeriA12|102|1687\n|teamsize|p1|6\n|teamsize|p2|6\n|gen|9\n|tier|[Gen 9] VGC 2024 Reg G\n|rated|\n|rule|Species Clause: Limit one of each Pok\u00e9mon\n|rule|Item Clause: Limit one of each item\n|clearpoke\n|poke|p1|Groudon, L50|\n|poke|p1|Gouging Fire, L50|\n|poke|p1|Raging Bolt, L50|\n|poke|p1|Flutter Mane, L50|\n|poke|p1|Walking Wake, L50|\n|poke|p1|Urshifu-*, L50, M|\n|poke|p2|Kyogre, L50|\n|poke|p2|Tornadus, L50, M|\n|poke|p2|Raichu, L50, F|\n|poke|p2|Dragonite, L50, M|\n|poke|p2|Kingambit, L50, F|\n|poke|p2|Goodra-Hisui, L50, M|\n|teampreview|4\n|j| harold34\n|\n|t:|1722622942\n|start\n|switch|p1a: Raging Bolt|Raging Bolt, L50|100\/100\n|switch|p1b: Flutter Mane|Flutter Mane, L50|100\/100\n|switch|p2a: Tornadus|Tornadus, L50, M|100\/100\n|switch|p2b: Kingambit|Kingambit, L50, F|100\/100\n|turn|1\n|\n|t:|1722622979\n|move|p1b: Flutter Mane|Protect|p1b: Flutter Mane\n|-singleturn|p1b: Flutter Mane|Protect\n|move|p2a: Tornadus|Bleakwind Storm|p1a: Raging Bolt|[spread] p1a\n|-activate|p1b: Flutter Mane|move: Protect\n|-resisted|p1a: Raging Bolt\n|-damage|p1a: Raging Bolt|89\/100\n|move|p1a: Raging Bolt|Thunderbolt|p2a: Tornadus\n|-supereffective|p2a: Tornadus\n|-damage|p2a: Tornadus|9\/100\n|move|p2b: Kingambit|Kowtow Cleave|p1b: Flutter Mane\n|-activate|p1b: Flutter Mane|move: Protect\n|\n|-heal|p1a: Raging Bolt|95\/100|[from] item: Leftovers\n|upkeep\n|turn|2\n|\n|t:|1722623002\n|-terastallize|p1a: Raging Bolt|Electric\n|move|p2a: Tornadus|Tailwind|p2a: Tornadus\n|-sidestart|p2: MomeriA12|move: Tailwind\n|move|p1b: Flutter Mane|Moonblast|p2b: Kingambit\n|-damage|p2b: Kingambit|65\/100\n|-unboost|p2b: Kingambit|spa|1\n|-ability|p2b: Kingambit|Defiant|boost\n|-boost|p2b: Kingambit|atk|2\n|move|p2b: Kingambit|Kowtow Cleave|p1a: Raging Bolt\n|-damage|p1a: Raging Bolt|18\/100\n|move|p1a: Raging Bolt|Thunderbolt|p2b: Kingambit\n|-crit|p2b: Kingambit\n|-damage|p2b: Kingambit|0 fnt\n|faint|p2b: Kingambit\n|\n|-heal|p1a: Raging Bolt|24\/100|[from] item: Leftovers\n|upkeep\n|\n|t:|1722623019\n|switch|p2b: Kyogre|Kyogre, L50|100\/100\n|-weather|RainDance|[from] ability: Drizzle|[of] p2b: Kyogre\n|turn|3\n|\n|t:|1722623047\n|move|p2b: Kyogre|Protect|p2b: Kyogre\n|-singleturn|p2b: Kyogre|Protect\n|move|p1a: Raging Bolt|Protect|p1a: Raging Bolt\n|-singleturn|p1a: Raging Bolt|Protect\n|move|p2a: Tornadus|Taunt|p1b: Flutter Mane\n|-start|p1b: Flutter Mane|move: Taunt\n|cant|p1b: Flutter Mane|move: Taunt|Trick Room\n|\n|-weather|RainDance|[upkeep]\n|-heal|p1a: Raging Bolt|30\/100|[from] item: Leftovers\n|upkeep\n|turn|4\n|\n|t:|1722623063\n|switch|p2a: Raichu|Raichu, L50, F|100\/100\n|-end|p1b: Flutter Mane|Protosynthesis|[silent]\n|switch|p1b: Groudon|Groudon, L50|100\/100\n|-weather|SunnyDay|[from] ability: Drought|[of] p1b: Groudon\n|-activate|p1a: Raging Bolt|ability: Protosynthesis\n|-start|p1a: Raging Bolt|protosynthesisspa\n|-terastallize|p2b: Kyogre|Water\n|move|p1a: Raging Bolt|Thunderclap||[still]\n|-activate|p2a: Raichu|ability: Lightning Rod\n|-fail|p1a: Raging Bolt\n|move|p2b: Kyogre|Water Spout|p1a: Raging Bolt|[spread] p1a,p1b\n|-supereffective|p1b: Groudon\n|-crit|p1b: Groudon\n|-damage|p1a: Raging Bolt|0 fnt\n|-damage|p1b: Groudon|0 fnt\n|faint|p1a: Raging Bolt\n|-end|p1a: Raging Bolt|Protosynthesis|[silent]\n|faint|p1b: Groudon\n|\n|-weather|SunnyDay|[upkeep]\n|upkeep\n|\n|t:|1722623086\n|switch|p1a: Walking Wake|Walking Wake, L50|100\/100\n|switch|p1b: Flutter Mane|Flutter Mane, L50|100\/100\n|-activate|p1b: Flutter Mane|ability: Protosynthesis\n|-start|p1b: Flutter Mane|protosynthesisspe\n|-activate|p1a: Walking Wake|ability: Protosynthesis\n|-start|p1a: Walking Wake|protosynthesisspa\n|turn|5\n|\n|t:|1722623108\n|move|p2b: Kyogre|Protect|p2b: Kyogre\n|-singleturn|p2b: Kyogre|Protect\n|move|p1a: Walking Wake|Protect|p1a: Walking Wake\n|-singleturn|p1a: Walking Wake|Protect\n|move|p2a: Raichu|Thunder|p1a: Walking Wake\n|-activate|p1a: Walking Wake|move: Protect\n|move|p1b: Flutter Mane|Moonblast|p2b: Kyogre\n|-activate|p2b: Kyogre|move: Protect\n|\n|-weather|SunnyDay|[upkeep]\n|-sideend|p2: MomeriA12|move: Tailwind\n|upkeep\n|turn|6\n|\n|t:|1722623129\n|switch|p2a: Tornadus|Tornadus, L50, M|9\/100\n|move|p1b: Flutter Mane|Moonblast|p2b: Kyogre\n|-damage|p2b: Kyogre|61\/100\n|move|p2b: Kyogre|Origin Pulse|p1a: Walking Wake|[spread] p1a,p1b\n|-resisted|p1a: Walking Wake\n|-damage|p1a: Walking Wake|91\/100\n|-damage|p1b: Flutter Mane|52\/100\n|move|p1a: Walking Wake|Hydro Steam|p2b: Kyogre\n|-resisted|p2b: Kyogre\n|-damage|p2b: Kyogre|16\/100\n|-damage|p1a: Walking Wake|81\/100|[from] item: Life Orb\n|\n|-weather|SunnyDay|[upkeep]\n|upkeep\n|turn|7\n|\n|t:|1722623151\n|switch|p2b: Raichu|Raichu, L50, F|100\/100\n|move|p2a: Tornadus|Tailwind|p2a: Tornadus\n|-sidestart|p2: MomeriA12|move: Tailwind\n|move|p1b: Flutter Mane|Moonblast|p2a: Tornadus\n|-damage|p2a: Tornadus|0 fnt\n|faint|p2a: Tornadus\n|move|p1a: Walking Wake|Hydro Steam|p2b: Raichu\n|-enditem|p2b: Raichu|Focus Sash\n|-damage|p2b: Raichu|1\/100\n|-damage|p1a: Walking Wake|71\/100|[from] item: Life Orb\n|\n|-weather|SunnyDay|[upkeep]\n|upkeep\n|\n|t:|1722623163\n|switch|p2a: Kyogre|Kyogre, L50, tera:Water|16\/100\n|-weather|RainDance|[from] ability: Drizzle|[of] p2a: Kyogre\n|-end|p1b: Flutter Mane|Protosynthesis\n|-end|p1a: Walking Wake|Protosynthesis\n|turn|8\n|\n|t:|1722623173\n|move|p1b: Flutter Mane|Protect|p1b: Flutter Mane\n|-singleturn|p1b: Flutter Mane|Protect\n|move|p1a: Walking Wake|Protect|p1a: Walking Wake\n|-singleturn|p1a: Walking Wake|Protect\n|move|p2b: Raichu|Fake Out|p1a: Walking Wake\n|-activate|p1a: Walking Wake|move: Protect\n|move|p2a: Kyogre|Origin Pulse|p1b: Flutter Mane|[spread] \n|-activate|p1a: Walking Wake|move: Protect\n|-activate|p1b: Flutter Mane|move: Protect\n|\n|-weather|RainDance|[upkeep]\n|upkeep\n|turn|9\n|\n|t:|1722623212\n|move|p2b: Raichu|Thunder|p1a: Walking Wake\n|-damage|p1a: Walking Wake|31\/100\n|-status|p1a: Walking Wake|par\n|move|p2a: Kyogre|Origin Pulse|p1b: Flutter Mane|[spread] p1a,p1b\n|-resisted|p1a: Walking Wake\n|-damage|p1a: Walking Wake|0 fnt\n|-damage|p1b: Flutter Mane|0 fnt\n|faint|p1a: Walking Wake\n|-end|p1a: Walking Wake|Protosynthesis|[silent]\n|faint|p1b: Flutter Mane\n|-end|p1b: Flutter Mane|Protosynthesis|[silent]\n|\n|win|MomeriA12\n|raw|Krisuerte's rating: 1717 &rarr; <strong>1695<\/strong><br \/>(-22 for losing)\n|raw|MomeriA12's rating: 1687 &rarr; <strong>1709<\/strong><br \/>(+22 for winning)\n|l| harold34\n|l|\u2606Krisuerte\n|player|p1|\n|l|\u2606MomeriA12\n|player|p2|\n","uploadtime":1722623416,"views":17,"formatid":"gen9vgc2024regg","rating":1695,"private":0,"password":null}