{"id":"gen9vgc2024regg-2172192045","format":"[Gen 9] VGC 2024 Reg G","players":["actuary97","SERENA2024"],"log":"|j|\u2606actuary97\n|j|\u2606SERENA2024\n|t:|1722626307\n|gametype|doubles\n|player|p1|actuary97|sabrina-lgpe|1666\n|player|p2|SERENA2024|169|1843\n|teamsize|p1|6\n|teamsize|p2|6\n|gen|9\n|tier|[Gen 9] VGC 2024 Reg G\n|rated|\n|rule|Species Clause: Limit one of each Pok\u00e9mon\n|rule|Item Clause: Limit one of each item\n|clearpoke\n|poke|p1|Amoonguss, L50, M|\n|poke|p1|Incineroar, L50, M|\n|poke|p1|Comfey, L50, M|\n|poke|p1|Whimsicott, L50, M|\n|poke|p1|Kyogre, L50|\n|poke|p1|Archaludon, L50, M|\n|poke|p2|Comfey, L50, M|\n|poke|p2|Terapagos, L50, M|\n|poke|p2|Tornadus, L50, M|\n|poke|p2|Araquanid, L50, F|\n|poke|p2|Ogerpon-Cornerstone, L50, F|\n|poke|p2|Magmar, L50, M|\n|teampreview|4\n|c|\u2606actuary97|cool team\nactuary97 has agreed to open team sheets.\nSERENA2024 rejected open team sheets.\n|\n|t:|1722626365\n|start\n|switch|p1a: Incineroar|Incineroar, L50, M, shiny|100\/100\n|switch|p1b: Archaludon|Archaludon, L50, M, shiny|100\/100\n|switch|p2a: Terapagos|Terapagos, L50, M|100\/100\n|switch|p2b: Ogerpon|Ogerpon-Cornerstone, L50, F|100\/100\n|-activate|p2a: Terapagos|ability: Tera Shift\n|detailschange|p2a: Terapagos|Terapagos-Terastal, L50, M\n|-heal|p2a: Terapagos|100\/100|[silent]\n|-ability|p1a: Incineroar|Intimidate|boost\n|-unboost|p2a: Terapagos|atk|1\n|-unboost|p2b: Ogerpon|atk|1\n|turn|1\n|j| big root tapu bulu\n|l|\u2606SERENA2024\n|player|p2|\n|j|\u2606SERENA2024\n|player|p2|SERENA2024|169|\n|inactive|Battle timer is ON: inactive players will automatically lose when time's up. (requested by actuary97)\n|\n|t:|1722626415\n|move|p2b: Ogerpon|Ivy Cudgel|p1a: Incineroar|[anim] Ivy Cudgel Rock\n|-supereffective|p1a: Incineroar\n|-damage|p1a: Incineroar|49\/100\n|move|p1b: Archaludon|Snarl|p2a: Terapagos|[spread] p2a,p2b\n|-activate|p2a: Terapagos|ability: Tera Shell\n|-resisted|p2a: Terapagos\n|-damage|p2a: Terapagos|95\/100\n|-damage|p2b: Ogerpon|86\/100\n|-unboost|p2b: Ogerpon|spa|1\n|move|p2a: Terapagos|Calm Mind|p2a: Terapagos\n|-boost|p2a: Terapagos|spa|1\n|-boost|p2a: Terapagos|spd|1\n|move|p1a: Incineroar|Knock Off|p2a: Terapagos\n|-damage|p2a: Terapagos|68\/100\n|-enditem|p2a: Terapagos|Covert Cloak|[from] move: Knock Off|[of] p1a: Incineroar\n|\n|upkeep\n|turn|2\n|\n|t:|1722626434\n|switch|p1a: Amoonguss|Amoonguss, L50, M, shiny|100\/100\n|move|p2a: Terapagos|Protect|p2a: Terapagos\n|-singleturn|p2a: Terapagos|Protect\n|move|p2b: Ogerpon|Ivy Cudgel|p1a: Amoonguss|[anim] Ivy Cudgel Rock\n|-damage|p1a: Amoonguss|71\/100\n|move|p1b: Archaludon|Snarl|p2a: Terapagos|[spread] p2b\n|-activate|p2a: Terapagos|move: Protect\n|-damage|p2b: Ogerpon|71\/100\n|-unboost|p2b: Ogerpon|spa|1\n|\n|upkeep\n|turn|3\n|\n|t:|1722626455\n|switch|p1a: Kyogre|Kyogre, L50|100\/100\n|-weather|RainDance|[from] ability: Drizzle|[of] p1a: Kyogre\n|move|p2b: Ogerpon|Follow Me|p2b: Ogerpon\n|-singleturn|p2b: Ogerpon|move: Follow Me\n|move|p1b: Archaludon|Snarl|p2a: Terapagos|[spread] p2a,p2b\n|-damage|p2a: Terapagos|61\/100\n|-damage|p2b: Ogerpon|55\/100\n|-unboost|p2a: Terapagos|spa|1\n|-unboost|p2b: Ogerpon|spa|1\n|move|p2a: Terapagos|Earth Power|p1b: Archaludon\n|-supereffective|p1b: Archaludon\n|-damage|p1b: Archaludon|65\/100\n|-ability|p1b: Archaludon|Stamina|boost\n|-boost|p1b: Archaludon|def|1\n|\n|-weather|RainDance|[upkeep]\n|upkeep\n|turn|4\n|j| Samevgcmons\n|inactive|actuary97 has 30 seconds left.\n|inactive|SERENA2024 has 30 seconds left.\n|\n|t:|1722626482\n|move|p2a: Terapagos|Protect|p2a: Terapagos\n|-singleturn|p2a: Terapagos|Protect\n|move|p2b: Ogerpon|Horn Leech|p1a: Kyogre\n|-supereffective|p1a: Kyogre\n|-damage|p1a: Kyogre|48\/100\n|-heal|p2b: Ogerpon|90\/100|[from] drain|[of] p1a: Kyogre\n|move|p1a: Kyogre|Calm Mind|p1a: Kyogre\n|-boost|p1a: Kyogre|spa|1\n|-boost|p1a: Kyogre|spd|1\n|move|p1b: Archaludon|Body Press|p2b: Ogerpon\n|-supereffective|p2b: Ogerpon\n|-damage|p2b: Ogerpon|4\/100\n|\n|-weather|RainDance|[upkeep]\n|upkeep\n|turn|5\n|\n|t:|1722626501\n|-terastallize|p1a: Kyogre|Grass\n|move|p2b: Ogerpon|Spiky Shield|p2b: Ogerpon\n|-singleturn|p2b: Ogerpon|move: Protect\n|move|p1a: Kyogre|Origin Pulse|p2b: Ogerpon|[spread] p2a\n|-activate|p2b: Ogerpon|move: Protect\n|-damage|p2a: Terapagos|0 fnt\n|faint|p2a: Terapagos\n|move|p1b: Archaludon|Body Press|p2b: Ogerpon\n|-activate|p2b: Ogerpon|move: Protect\n|-damage|p1b: Archaludon|53\/100|[from] Spiky Shield|[of] p2b: Ogerpon\n|\n|-weather|RainDance|[upkeep]\n|upkeep\n|\n|t:|1722626506\n|switch|p2a: Araquanid|Araquanid, L50, F, shiny|100\/100\n|turn|6\n|\n|t:|1722626521\n|switch|p1a: Incineroar|Incineroar, L50, M, shiny|49\/100\n|-ability|p1a: Incineroar|Intimidate|boost\n|-unboost|p2a: Araquanid|atk|1\n|-unboost|p2b: Ogerpon|atk|1\n|move|p2b: Ogerpon|Follow Me|p2b: Ogerpon\n|-singleturn|p2b: Ogerpon|move: Follow Me\n|move|p1b: Archaludon|Electro Shot||[still]\n|-prepare|p1b: Archaludon|Electro Shot\n|-boost|p1b: Archaludon|spa|1\n|-anim|p1b: Archaludon|Electro Shot|p2b: Ogerpon\n|-resisted|p2b: Ogerpon\n|-damage|p2b: Ogerpon|0 fnt\n|faint|p2b: Ogerpon\n|move|p2a: Araquanid|Leech Life|p1a: Incineroar\n|-damage|p1a: Incineroar|33\/100\n|\n|-weather|RainDance|[upkeep]\n|upkeep\n|\n|t:|1722626523\n|switch|p2b: Comfey|Comfey, L50, M, shiny|100\/100\n|turn|7\n|-message|SERENA2024 forfeited.\n|\n|win|actuary97\n|raw|actuary97's rating: 1666 &rarr; <strong>1695<\/strong><br \/>(+29 for winning)\n|raw|SERENA2024's rating: 1843 &rarr; <strong>1814<\/strong><br \/>(-29 for losing)\n|l|\u2606SERENA2024\n|player|p2|\n|l| Samevgcmons\n|c|\u2606actuary97|gg\n|l|\u2606actuary97\n|player|p1|\n|j|\u2606actuary97\n|player|p1|actuary97|sabrina-lgpe|\n","uploadtime":1722626558,"views":28,"formatid":"gen9vgc2024regg","rating":1695,"private":0,"password":null}