{"id":"gen9vgc2024regg-2172154335","format":"[Gen 9] VGC 2024 Reg G","players":["greenlightdmp","Paradox Mourinho"],"log":"|j|\u2606greenlightdmp\n|j|\u2606Paradox Mourinho\n|t:|1722622382\n|gametype|doubles\n|player|p1|greenlightdmp|102|1756\n|player|p2|Paradox Mourinho|lance|1846\n|teamsize|p1|6\n|teamsize|p2|6\n|gen|9\n|tier|[Gen 9] VGC 2024 Reg G\n|rated|\n|rule|Species Clause: Limit one of each Pok\u00e9mon\n|rule|Item Clause: Limit one of each item\n|clearpoke\n|poke|p1|Calyrex-Ice, L50|\n|poke|p1|Smeargle, L50, F|\n|poke|p1|Ursaluna-Bloodmoon, L50, M|\n|poke|p1|Indeedee-F, L50, F|\n|poke|p1|Amoonguss, L50, M|\n|poke|p1|Raging Bolt, L50|\n|poke|p2|Calyrex-Shadow, L50|\n|poke|p2|Maushold, L50|\n|poke|p2|Tatsugiri, L50, M|\n|poke|p2|Dondozo, L50, M|\n|poke|p2|Mienshao, L50, F|\n|poke|p2|Weezing-Galar, L50, F|\n|teampreview|4\n|\n|t:|1722622411\n|start\n|switch|p1a: Rosey|Calyrex-Ice, L50|100\/100\n|switch|p1b: Ari|Smeargle, L50, F, shiny|100\/100\n|switch|p2a: Weezing|Weezing-Galar, L50, F|100\/100\n|switch|p2b: Calyrex|Calyrex-Shadow, L50|100\/100\n|-ability|p2b: Calyrex|As One\n|-ability|p2b: Calyrex|Unnerve\n|-ability|p2a: Weezing|Neutralizing Gas\n|-ability|p1a: Rosey|As One\n|-ability|p1a: Rosey|Unnerve\n|turn|1\n|\n|t:|1722622452\n|-terastallize|p1a: Rosey|Fire\n|move|p1b: Ari|Wide Guard|p1b: Ari\n|-singleturn|p1b: Ari|Wide Guard\n|move|p2b: Calyrex|Astral Barrage|p1b: Ari|[spread] \n|-activate|p1a: Rosey|move: Wide Guard\n|-activate|p1b: Ari|move: Wide Guard\n|move|p2a: Weezing|Taunt|p1b: Ari\n|-start|p1b: Ari|move: Taunt\n|move|p1a: Rosey|Glacial Lance|p2a: Weezing|[spread] p2a,p2b\n|-damage|p2a: Weezing|51\/100\n|-damage|p2b: Calyrex|32\/100\n|\n|upkeep\n|turn|2\n|j| harold34\n|\n|t:|1722622488\n|switch|p2b: Dondozo|Dondozo, L50, M|100\/100\n|switch|p1b: Mezie|Ursaluna-Bloodmoon, L50, M|100\/100\n|move|p2a: Weezing|Taunt|p1a: Rosey\n|-start|p1a: Rosey|move: Taunt\n|move|p1a: Rosey|Glacial Lance|p2a: Weezing|[spread] p2a,p2b\n|-resisted|p2b: Dondozo\n|-damage|p2a: Weezing|2\/100\n|-damage|p2b: Dondozo|81\/100\n|\n|-heal|p2b: Dondozo|87\/100|[from] item: Leftovers\n|upkeep\n|turn|3\n|\n|t:|1722622514\n|switch|p1a: Stephen|Amoonguss, L50, M|100\/100\n|-enditem|p2a: Weezing|Sitrus Berry|[eat]\n|-heal|p2a: Weezing|27\/100|[from] item: Sitrus Berry\n|move|p1b: Mezie|Protect|p1b: Mezie\n|-singleturn|p1b: Mezie|Protect\n|move|p2b: Dondozo|Protect|p2b: Dondozo\n|-singleturn|p2b: Dondozo|Protect\n|move|p2a: Weezing|Strange Steam|p1b: Mezie\n|-activate|p1b: Mezie|move: Protect\n|\n|-heal|p2b: Dondozo|93\/100|[from] item: Leftovers\n|upkeep\n|turn|4\n|\n|t:|1722622539\n|switch|p1b: Ari|Smeargle, L50, F, shiny|100\/100\n|move|p2a: Weezing|Taunt|p1a: Stephen\n|-start|p1a: Stephen|move: Taunt\n|move|p2b: Dondozo|Substitute|p2b: Dondozo\n|-start|p2b: Dondozo|Substitute\n|-damage|p2b: Dondozo|68\/100\n|move|p1a: Stephen|Clear Smog|p2b: Dondozo\n|-activate|p2b: Dondozo|move: Substitute|[damage]\n|\n|-heal|p2b: Dondozo|74\/100|[from] item: Leftovers\n|upkeep\n|turn|5\n|inactive|Battle timer is ON: inactive players will automatically lose when time's up. (requested by Paradox Mourinho)\n|\n|t:|1722622585\n|move|p2a: Weezing|Taunt|p1b: Ari\n|-start|p1b: Ari|move: Taunt\n|cant|p1b: Ari|move: Taunt|Decorate\n|move|p2b: Dondozo|Order Up|p1b: Ari\n|-damage|p1b: Ari|69\/100\n|move|p1a: Stephen|Pollen Puff|p2b: Dondozo\n|-end|p2b: Dondozo|Substitute\n|\n|-heal|p2b: Dondozo|80\/100|[from] item: Leftovers\n|upkeep\n|turn|6\n|inactive|greenlightdmp has 30 seconds left.\n|\n|t:|1722622613\n|switch|p1b: Mezie|Ursaluna-Bloodmoon, L50, M|100\/100\n|move|p2a: Weezing|Sludge Bomb|p1b: Mezie\n|-resisted|p1b: Mezie\n|-damage|p1b: Mezie|84\/100\n|move|p2b: Dondozo|Order Up|p1b: Mezie\n|-damage|p1b: Mezie|68\/100\n|move|p1a: Stephen|Pollen Puff|p2a: Weezing\n|-resisted|p2a: Weezing\n|-damage|p2a: Weezing|23\/100\n|\n|-heal|p2b: Dondozo|86\/100|[from] item: Leftovers\n|-end|p1a: Stephen|move: Taunt\n|upkeep\n|turn|7\n|\n|t:|1722622633\n|move|p2b: Dondozo|Protect|p2b: Dondozo\n|-singleturn|p2b: Dondozo|Protect\n|move|p1a: Stephen|Rage Powder|p1a: Stephen\n|-singleturn|p1a: Stephen|move: Rage Powder\n|move|p2a: Weezing|Taunt|p1a: Stephen\n|-start|p1a: Stephen|move: Taunt\n|move|p1b: Mezie|Hyper Voice|p2b: Dondozo|[spread] p2a\n|-activate|p2b: Dondozo|move: Protect\n|-damage|p2a: Weezing|0 fnt\n|faint|p2a: Weezing\n|-end|p2a: Weezing|ability: Neutralizing Gas\n|-damage|p1b: Mezie|58\/100|[from] item: Life Orb\n|\n|-heal|p2b: Dondozo|92\/100|[from] item: Leftovers\n|upkeep\n|\n|t:|1722622642\n|switch|p2a: Calyrex|Calyrex-Shadow, L50|32\/100\n|-ability|p2a: Calyrex|As One\n|-ability|p2a: Calyrex|Unnerve\n|turn|8\n|inactive|greenlightdmp has 30 seconds left.\n|inactive|Paradox Mourinho has 30 seconds left.\n|\n|t:|1722622674\n|switch|p1b: Ari|Smeargle, L50, F, shiny|69\/100\n|switch|p1a: Rosey|Calyrex-Ice, L50, tera:Fire|100\/100\n|-ability|p1a: Rosey|As One\n|-ability|p1a: Rosey|Unnerve\n|move|p2a: Calyrex|Psyshock|p1a: Rosey\n|-crit|p1a: Rosey\n|-damage|p1a: Rosey|37\/100\n|move|p2b: Dondozo|Wave Crash|p1b: Ari\n|-damage|p1b: Ari|2\/100\n|-damage|p2b: Dondozo|76\/100|[from] Recoil\n|\n|-heal|p2b: Dondozo|82\/100|[from] item: Leftovers\n|upkeep\n|turn|9\n|inactive|greenlightdmp has 30 seconds left.\n|inactive|greenlightdmp has 20 seconds left.\n|\n|t:|1722622713\n|move|p1b: Ari|Follow Me|p1b: Ari\n|-singleturn|p1b: Ari|move: Follow Me\n|move|p2a: Calyrex|Psyshock|p1b: Ari\n|-damage|p1b: Ari|0 fnt\n|faint|p1b: Ari\n|-ability|p2a: Calyrex|Grim Neigh|boost\n|-boost|p2a: Calyrex|spa|1\n|move|p1a: Rosey|Glacial Lance|p2a: Calyrex|[spread] p2a,p2b\n|-resisted|p2b: Dondozo\n|-damage|p2a: Calyrex|0 fnt\n|-damage|p2b: Dondozo|64\/100\n|faint|p2a: Calyrex\n|-ability|p1a: Rosey|Chilling Neigh|boost\n|-boost|p1a: Rosey|atk|1\n|move|p2b: Dondozo|Wave Crash|p1a: Rosey\n|-supereffective|p1a: Rosey\n|-damage|p1a: Rosey|0 fnt\n|faint|p1a: Rosey\n|-damage|p2b: Dondozo|53\/100|[from] Recoil\n|\n|-heal|p2b: Dondozo|59\/100|[from] item: Leftovers\n|upkeep\n|\n|t:|1722622725\n|switch|p2a: Tatsugiri|Tatsugiri, L50, M|100\/100\n|switch|p1a: Mezie|Ursaluna-Bloodmoon, L50, M|58\/100\n|switch|p1b: Stephen|Amoonguss, L50, M|100\/100\n|-activate|p2a: Tatsugiri|ability: Commander|[of] p2b: Dondozo\n|-boost|p2b: Dondozo|atk|2\n|-boost|p2b: Dondozo|spa|2\n|-boost|p2b: Dondozo|spe|2\n|-boost|p2b: Dondozo|def|2\n|-boost|p2b: Dondozo|spd|2\n|turn|10\n|inactive|greenlightdmp has 30 seconds left.\n|\n|t:|1722622755\n|move|p2b: Dondozo|Protect|p2b: Dondozo\n|-singleturn|p2b: Dondozo|Protect\n|move|p1a: Mezie|Protect|p1a: Mezie\n|-singleturn|p1a: Mezie|Protect\n|move|p1b: Stephen|Clear Smog|p2b: Dondozo\n|-activate|p2b: Dondozo|move: Protect\n|\n|-heal|p2b: Dondozo|65\/100|[from] item: Leftovers\n|upkeep\n|turn|11\n|\n|t:|1722622765\n|move|p1b: Stephen|Rage Powder|p1b: Stephen\n|-singleturn|p1b: Stephen|move: Rage Powder\n|move|p2b: Dondozo|Wave Crash|p1b: Stephen\n|-resisted|p1b: Stephen\n|-damage|p1b: Stephen|59\/100\n|-damage|p2b: Dondozo|49\/100|[from] item: Rocky Helmet|[of] p1b: Stephen\n|-damage|p2b: Dondozo|36\/100|[from] Recoil\n|move|p1a: Mezie|Hyper Voice|p2b: Dondozo|[spread] p2b\n|-miss|p1a: Mezie|p2a: Tatsugiri\n|-damage|p2b: Dondozo|15\/100\n|-damage|p1a: Mezie|49\/100|[from] item: Life Orb\n|\n|-heal|p2b: Dondozo|21\/100|[from] item: Leftovers\n|upkeep\n|turn|12\n|\n|t:|1722622789\n|-terastallize|p2b: Dondozo|Dragon\n|move|p1b: Stephen|Rage Powder|p1b: Stephen\n|-singleturn|p1b: Stephen|move: Rage Powder\n|move|p2b: Dondozo|Order Up|p1b: Stephen\n|-damage|p1b: Stephen|5\/100\n|-boost|p2b: Dondozo|atk|1\n|move|p1a: Mezie|Hyper Voice|p2a: Tatsugiri|[spread] p2b\n|-miss|p1a: Mezie|p2a: Tatsugiri\n|-damage|p2b: Dondozo|0 fnt\n|faint|p2b: Dondozo\n|-damage|p1a: Mezie|39\/100|[from] item: Life Orb\n|\n|upkeep\n|turn|13\n|\n|t:|1722622809\n|move|p1b: Stephen|Rage Powder|p1b: Stephen\n|-singleturn|p1b: Stephen|move: Rage Powder\n|move|p2a: Tatsugiri|Icy Wind|p1a: Mezie|[spread] p1a,p1b\n|-supereffective|p1a: Mezie\n|-crit|p1a: Mezie\n|-supereffective|p1b: Stephen\n|-damage|p1a: Mezie|0 fnt\n|-damage|p1b: Stephen|0 fnt\n|faint|p1a: Mezie\n|faint|p1b: Stephen\n|\n|win|Paradox Mourinho\n|raw|greenlightdmp's rating: 1756 &rarr; <strong>1741<\/strong><br \/>(-15 for losing)\n|raw|Paradox Mourinho's rating: 1846 &rarr; <strong>1861<\/strong><br \/>(+15 for winning)\n|l| harold34\n|l|\u2606greenlightdmp\n|player|p1|\n|l|\u2606Paradox Mourinho\n|player|p2|\n","uploadtime":1722623003,"views":112,"formatid":"gen9vgc2024regg","rating":1741,"private":0,"password":null}