{"id":"gen9vgc2024regg-2172177226","format":"[Gen 9] VGC 2024 Reg G","players":["greenlightdmp","Krisuerte"],"log":"|j|\u2606greenlightdmp\n|j|\u2606Krisuerte\n|t:|1722624764\n|gametype|doubles\n|player|p1|greenlightdmp|102|1712\n|player|p2|Krisuerte|102|1703\n|teamsize|p1|6\n|teamsize|p2|6\n|gen|9\n|tier|[Gen 9] VGC 2024 Reg G\n|rated|\n|rule|Species Clause: Limit one of each Pok\u00e9mon\n|rule|Item Clause: Limit one of each item\n|clearpoke\n|poke|p1|Calyrex-Ice, L50|\n|poke|p1|Smeargle, L50, F|\n|poke|p1|Ursaluna-Bloodmoon, L50, M|\n|poke|p1|Indeedee-F, L50, F|\n|poke|p1|Amoonguss, L50, M|\n|poke|p1|Raging Bolt, L50|\n|poke|p2|Groudon, L50|\n|poke|p2|Gouging Fire, L50|\n|poke|p2|Raging Bolt, L50|\n|poke|p2|Flutter Mane, L50|\n|poke|p2|Walking Wake, L50|\n|poke|p2|Urshifu-*, L50, F|\n|teampreview|4\n|inactive|Battle timer is ON: inactive players will automatically lose when time's up. (requested by Krisuerte)\n|\n|t:|1722624794\n|start\n|switch|p1a: Rosey|Calyrex-Ice, L50|100\/100\n|switch|p1b: Bettina|Indeedee-F, L50, F|100\/100\n|switch|p2a: Flutter Mane|Flutter Mane, L50|100\/100\n|switch|p2b: Urshifu|Urshifu, L50, F|100\/100\n|-ability|p1a: Rosey|As One\n|-ability|p1a: Rosey|Unnerve\n|-fieldstart|move: Psychic Terrain|[from] ability: Psychic Surge|[of] p1b: Bettina\n|turn|1\n|\n|t:|1722624811\n|move|p1b: Bettina|Follow Me|p1b: Bettina\n|-singleturn|p1b: Bettina|move: Follow Me\n|move|p2b: Urshifu|Wicked Blow|p1b: Bettina\n|-supereffective|p1b: Bettina\n|-crit|p1b: Bettina\n|-damage|p1b: Bettina|0 fnt\n|faint|p1b: Bettina\n|move|p2a: Flutter Mane|Trick Room|p2a: Flutter Mane\n|-fieldstart|move: Trick Room|[of] p2a: Flutter Mane\n|move|p1a: Rosey|Trick Room|p1a: Rosey\n|-fieldend|move: Trick Room\n|\n|upkeep\n|\n|t:|1722624822\n|switch|p1b: Ari|Smeargle, L50, F, shiny|100\/100\n|turn|2\n|inactive|Krisuerte has 30 seconds left.\n|\n|t:|1722624850\n|-terastallize|p1a: Rosey|Fire\n|move|p2a: Flutter Mane|Moonblast|p1a: Rosey\n|-resisted|p1a: Rosey\n|-damage|p1a: Rosey|83\/100\n|move|p2b: Urshifu|Wicked Blow|p1a: Rosey\n|-crit|p1a: Rosey\n|-damage|p1a: Rosey|23\/100\n|move|p1b: Ari|Spore|p2a: Flutter Mane\n|-status|p2a: Flutter Mane|slp|[from] move: Spore\n|move|p1a: Rosey|Trick Room|p1a: Rosey\n|-fieldstart|move: Trick Room|[of] p1a: Rosey\n|\n|upkeep\n|turn|3\n|inactive|Krisuerte has 30 seconds left.\n|\n|t:|1722624881\n|move|p1b: Ari|Spore|p2b: Urshifu\n|-status|p2b: Urshifu|slp|[from] move: Spore\n|move|p1a: Rosey|Glacial Lance|p2b: Urshifu|[spread] p2a,p2b\n|-enditem|p2a: Flutter Mane|Focus Sash\n|-damage|p2a: Flutter Mane|1\/100 slp\n|-damage|p2b: Urshifu|45\/100 slp\n|cant|p2b: Urshifu|slp\n|cant|p2a: Flutter Mane|slp\n|\n|upkeep\n|turn|4\n|\n|t:|1722624902\n|switch|p1b: Mezie|Ursaluna-Bloodmoon, L50, M|100\/100\n|cant|p2a: Flutter Mane|slp\n|move|p1a: Rosey|Glacial Lance|p2b: Urshifu|[spread] p2a,p2b\n|-damage|p2a: Flutter Mane|0 fnt\n|-damage|p2b: Urshifu|0 fnt\n|faint|p2a: Flutter Mane\n|-end|p2a: Flutter Mane|Protosynthesis|[silent]\n|faint|p2b: Urshifu\n|-ability|p1a: Rosey|Chilling Neigh|boost\n|-boost|p1a: Rosey|atk|2\n|\n|upkeep\n|\n|t:|1722624916\n|switch|p2b: Walking Wake|Walking Wake, L50|100\/100\n|switch|p2a: Groudon|Groudon, L50|100\/100\n|-weather|SunnyDay|[from] ability: Drought|[of] p2a: Groudon\n|-activate|p2b: Walking Wake|ability: Protosynthesis\n|-start|p2b: Walking Wake|protosynthesisspa\n|turn|5\n|inactive|greenlightdmp has 30 seconds left.\n|inactive|greenlightdmp has 20 seconds left.\n|inactive|greenlightdmp has 15 seconds left.\n|\n|t:|1722624960\n|-terastallize|p2a: Groudon|Fire\n|move|p2b: Walking Wake|Protect|p2b: Walking Wake\n|-singleturn|p2b: Walking Wake|Protect\n|move|p1b: Mezie|Blood Moon|p2b: Walking Wake\n|-activate|p2b: Walking Wake|move: Protect\n|move|p1a: Rosey|Glacial Lance|p2a: Groudon|[spread] p2a\n|-activate|p2b: Walking Wake|move: Protect\n|-resisted|p2a: Groudon\n|-damage|p2a: Groudon|60\/100\n|move|p2a: Groudon|Precipice Blades|p1b: Mezie|[spread] p1a,p1b\n|-supereffective|p1a: Rosey\n|-crit|p1a: Rosey\n|-damage|p1a: Rosey|0 fnt\n|-damage|p1b: Mezie|58\/100\n|faint|p1a: Rosey\n|\n|-weather|SunnyDay|[upkeep]\n|-fieldend|move: Psychic Terrain\n|upkeep\n|\n|t:|1722624972\n|switch|p1a: Ari|Smeargle, L50, F, shiny|100\/100\n|turn|6\n|inactive|Krisuerte has 30 seconds left.\n|\n|t:|1722625000\n|move|p1a: Ari|Decorate|p1b: Mezie\n|-boost|p1b: Mezie|atk|2\n|-boost|p1b: Mezie|spa|2\n|move|p1b: Mezie|Hyper Voice|p2a: Groudon|[spread] p2a,p2b\n|-damage|p2a: Groudon|0 fnt\n|-damage|p2b: Walking Wake|6\/100\n|faint|p2a: Groudon\n|-damage|p1b: Mezie|48\/100|[from] item: Life Orb\n|move|p2b: Walking Wake|Hydro Steam|p1b: Mezie\n|-supereffective|p1b: Mezie\n|-damage|p1b: Mezie|0 fnt\n|faint|p1b: Mezie\n|-damage|p2b: Walking Wake|0 fnt|[from] item: Life Orb\n|faint|p2b: Walking Wake\n|-end|p2b: Walking Wake|Protosynthesis|[silent]\n|\n|win|greenlightdmp\n|raw|greenlightdmp's rating: 1712 &rarr; <strong>1731<\/strong><br \/>(+19 for winning)\n|raw|Krisuerte's rating: 1703 &rarr; <strong>1684<\/strong><br \/>(-19 for losing)\n|l|\u2606Krisuerte\n|player|p2|\n|l|\u2606greenlightdmp\n|player|p1|\n","uploadtime":1722625196,"views":36,"formatid":"gen9vgc2024regg","rating":1684,"private":0,"password":null}