{"id":"gen9vgc2024regg-2173934738","format":"[Gen 9] VGC 2024 Reg G","players":["Krisuerte","sdbjj"],"log":"|j|\u2606Krisuerte\n|j|\u2606sdbjj\n|t:|1722866253\n|gametype|doubles\n|player|p1|Krisuerte|266|1700\n|player|p2|sdbjj|265|1682\n|teamsize|p1|6\n|teamsize|p2|6\n|gen|9\n|tier|[Gen 9] VGC 2024 Reg G\n|rated|\n|rule|Species Clause: Limit one of each Pok\u00e9mon\n|rule|Item Clause: Limit one of each item\n|clearpoke\n|poke|p1|Groudon, L50|\n|poke|p1|Torkoal, L50, F|\n|poke|p1|Raging Bolt, L50|\n|poke|p1|Flutter Mane, L50|\n|poke|p1|Walking Wake, L50|\n|poke|p1|Urshifu-*, L50, F|\n|poke|p2|Muk-Alola, L50, F|\n|poke|p2|Smeargle, L50, F|\n|poke|p2|Dondozo, L50, F|\n|poke|p2|Tatsugiri, L50, F|\n|poke|p2|Flamigo, L50, F|\n|poke|p2|Calyrex-Shadow, L50|\n|teampreview|4\n|inactive|Battle timer is ON: inactive players will automatically lose when time's up. (requested by sdbjj)\n|\n|t:|1722866270\n|start\n|switch|p1a: Groudon|Groudon, L50|100\/100\n|switch|p1b: Flutter Mane|Flutter Mane, L50|100\/100\n|switch|p2a: Muk|Muk-Alola, L50, F|100\/100\n|switch|p2b: Smeargle|Smeargle, L50, F|100\/100\n|-weather|SunnyDay|[from] ability: Drought|[of] p1a: Groudon\n|-activate|p1b: Flutter Mane|ability: Protosynthesis\n|-start|p1b: Flutter Mane|protosynthesisspe\n|turn|1\n|inactive|sdbjj has 30 seconds left.\n|\n|t:|1722866300\n|-terastallize|p1b: Flutter Mane|Fairy\n|move|p1b: Flutter Mane|Moonblast|p2a: Muk\n|-damage|p2a: Muk|46\/100\n|move|p2b: Smeargle|Spore|p1a: Groudon\n|-status|p1a: Groudon|slp|[from] move: Spore\n|cant|p1a: Groudon|slp\n|move|p2a: Muk|Minimize|p2a: Muk\n|-boost|p2a: Muk|evasion|2\n|\n|-weather|SunnyDay|[upkeep]\n|-heal|p2a: Muk|52\/100|[from] item: Leftovers\n|-ability|p2b: Smeargle|Moody|boost\n|-boost|p2b: Smeargle|def|2\n|-unboost|p2b: Smeargle|atk|1\n|upkeep\n|turn|2\n|\n|t:|1722866321\n|move|p2a: Muk|Protect|p2a: Muk\n|-singleturn|p2a: Muk|Protect\n|move|p1b: Flutter Mane|Moonblast|p2b: Smeargle\n|-enditem|p2b: Smeargle|Focus Sash\n|-damage|p2b: Smeargle|1\/100\n|-unboost|p2b: Smeargle|spa|1\n|move|p2b: Smeargle|Spore|p1b: Flutter Mane\n|-status|p1b: Flutter Mane|slp|[from] move: Spore\n|cant|p1a: Groudon|slp\n|\n|-weather|SunnyDay|[upkeep]\n|-heal|p2a: Muk|58\/100|[from] item: Leftovers\n|-ability|p2b: Smeargle|Moody|boost\n|-boost|p2b: Smeargle|spa|2\n|-unboost|p2b: Smeargle|atk|1\n|upkeep\n|turn|3\n|inactive|Krisuerte has 30 seconds left.\n|inactive|sdbjj has 30 seconds left.\n|inactive|Krisuerte has 20 seconds left.\n|inactive|sdbjj has 20 seconds left.\n|inactive|Krisuerte has 15 seconds left.\n|inactive|sdbjj has 15 seconds left.\n|inactive|sdbjj has 10 seconds left.\n|\n|t:|1722866370\n|cant|p1b: Flutter Mane|slp\n|move|p2b: Smeargle|Final Gambit|p1a: Groudon\n|-damage|p1a: Groudon|99\/100 slp\n|faint|p2b: Smeargle\n|-ability|p2a: Muk|Moody|[from] ability: Power of Alchemy|[of] p2b: Smeargle\n|-curestatus|p1a: Groudon|slp|[msg]\n|move|p1a: Groudon|Precipice Blades|p2a: Muk|[miss]\n|-miss|p1a: Groudon|p2a: Muk\n|move|p2a: Muk|Minimize|p2a: Muk\n|-boost|p2a: Muk|evasion|2\n|\n|-weather|SunnyDay|[upkeep]\n|-heal|p2a: Muk|64\/100|[from] item: Leftovers\n|-ability|p2a: Muk|Moody|boost\n|-boost|p2a: Muk|spa|2\n|-unboost|p2a: Muk|spd|1\n|upkeep\n|\n|t:|1722866390\n|switch|p2b: Calyrex|Calyrex-Shadow, L50|100\/100\n|-ability|p2b: Calyrex|As One\n|-ability|p2b: Calyrex|Unnerve\n|turn|4\n|inactive|sdbjj has 30 seconds left.\n|inactive|sdbjj has 20 seconds left.\n|inactive|sdbjj has 15 seconds left.\n|inactive|sdbjj has 10 seconds left.\n|\n|t:|1722866436\n|-terastallize|p2b: Calyrex|Grass\n|move|p2b: Calyrex|Astral Barrage|p1b: Flutter Mane|[spread] p1a,p1b\n|-damage|p1a: Groudon|67\/100\n|-damage|p1b: Flutter Mane|54\/100 slp\n|move|p1a: Groudon|Precipice Blades|p2a: Muk|[spread] p2b\n|-miss|p1a: Groudon|p2a: Muk\n|-resisted|p2b: Calyrex\n|-damage|p2b: Calyrex|71\/100\n|move|p2a: Muk|Minimize|p2a: Muk\n|-boost|p2a: Muk|evasion|2\n|-curestatus|p1b: Flutter Mane|slp|[msg]\n|move|p1b: Flutter Mane|Trick Room|p1b: Flutter Mane\n|-fieldstart|move: Trick Room|[of] p1b: Flutter Mane\n|\n|-weather|SunnyDay|[upkeep]\n|-heal|p2a: Muk|70\/100|[from] item: Leftovers\n|-ability|p2a: Muk|Moody|boost\n|-boost|p2a: Muk|spe|2\n|-unboost|p2a: Muk|spa|1\n|upkeep\n|turn|5\n|inactive|Krisuerte has 30 seconds left.\n|inactive|sdbjj has 30 seconds left.\n|inactive|sdbjj has 20 seconds left.\n|\n|t:|1722866474\n|move|p2b: Calyrex|Protect|p2b: Calyrex\n|-singleturn|p2b: Calyrex|Protect\n|move|p1a: Groudon|Heat Crash|p2b: Calyrex\n|-activate|p2b: Calyrex|move: Protect\n|move|p2a: Muk|Poison Gas|p1b: Flutter Mane|[spread] p1a,p1b\n|-status|p1a: Groudon|psn\n|-status|p1b: Flutter Mane|psn\n|move|p1b: Flutter Mane|Moonblast|p2a: Muk|[miss]\n|-miss|p1b: Flutter Mane|p2a: Muk\n|\n|-weather|none\n|-end|p1b: Flutter Mane|Protosynthesis\n|-heal|p2a: Muk|76\/100|[from] item: Leftovers\n|-damage|p1a: Groudon|55\/100 psn|[from] psn\n|-damage|p1b: Flutter Mane|42\/100 psn|[from] psn\n|-ability|p2a: Muk|Moody|boost\n|-boost|p2a: Muk|def|2\n|-unboost|p2a: Muk|spa|1\n|upkeep\n|turn|6\n|inactive|sdbjj has 30 seconds left.\n|\n|t:|1722866502\n|switch|p2b: Flamigo|Flamigo, L50, F|100\/100\n|-copyboost|p2b: Flamigo|p2a: Muk|[from] ability: Costar\n|-enditem|p2b: Flamigo|White Herb\n|-clearnegativeboost|p2b: Flamigo|[silent]\n|move|p1a: Groudon|Heat Crash|p2b: Flamigo|[miss]\n|-miss|p1a: Groudon|p2b: Flamigo\n|move|p2a: Muk|Knock Off|p1a: Groudon\n|-damage|p1a: Groudon|31\/100 psn\n|-enditem|p1a: Groudon|Assault Vest|[from] move: Knock Off|[of] p2a: Muk\n|move|p1b: Flutter Mane|Moonblast|p2a: Muk|[miss]\n|-miss|p1b: Flutter Mane|p2a: Muk\n|\n|-heal|p2a: Muk|83\/100|[from] item: Leftovers\n|-damage|p1a: Groudon|19\/100 psn|[from] psn\n|-damage|p1b: Flutter Mane|30\/100 psn|[from] psn\n|-ability|p2a: Muk|Moody|boost\n|-boost|p2a: Muk|spe|2\n|-unboost|p2a: Muk|def|1\n|upkeep\n|turn|7\n|inactive|Krisuerte has 30 seconds left.\n|inactive|sdbjj has 30 seconds left.\n|\n|t:|1722866530\n|switch|p1a: Raging Bolt|Raging Bolt, L50|100\/100\n|move|p2b: Flamigo|Detect|p2b: Flamigo\n|-singleturn|p2b: Flamigo|Protect\n|move|p1b: Flutter Mane|Moonblast|p2b: Flamigo\n|-activate|p2b: Flamigo|move: Protect\n|move|p2a: Muk|Knock Off|p1b: Flutter Mane\n|-resisted|p1b: Flutter Mane\n|-damage|p1b: Flutter Mane|0 fnt\n|-enditem|p1b: Flutter Mane|Focus Sash|[from] move: Knock Off|[of] p2a: Muk\n|faint|p1b: Flutter Mane\n|-end|p1b: Flutter Mane|Protosynthesis|[silent]\n|\n|-heal|p2a: Muk|89\/100|[from] item: Leftovers\n|-ability|p2a: Muk|Moody|boost\n|-boost|p2a: Muk|def|2\n|-unboost|p2a: Muk|spd|1\n|upkeep\n|\n|t:|1722866548\n|switch|p1b: Groudon|Groudon, L50|19\/100 psn\n|-weather|SunnyDay|[from] ability: Drought|[of] p1b: Groudon\n|-activate|p1a: Raging Bolt|ability: Protosynthesis\n|-start|p1a: Raging Bolt|protosynthesisspa\n|turn|8\n|\n|t:|1722866571\n|move|p1b: Groudon|Precipice Blades|p2b: Flamigo|[spread] \n|-immune|p2b: Flamigo\n|-miss|p1b: Groudon|p2a: Muk\n|move|p1a: Raging Bolt|Thunderbolt|p2b: Flamigo|[miss]\n|-miss|p1a: Raging Bolt|p2b: Flamigo\n|move|p2a: Muk|Knock Off|p1a: Raging Bolt\n|-damage|p1a: Raging Bolt|69\/100\n|-enditem|p1a: Raging Bolt|Leftovers|[from] move: Knock Off|[of] p2a: Muk\n|move|p2b: Flamigo|Close Combat|p1a: Raging Bolt\n|-damage|p1a: Raging Bolt|23\/100\n|-unboost|p2b: Flamigo|def|1\n|-unboost|p2b: Flamigo|spd|1\n|\n|-weather|SunnyDay|[upkeep]\n|-heal|p2a: Muk|95\/100|[from] item: Leftovers\n|-damage|p1b: Groudon|7\/100 psn|[from] psn\n|-fieldend|move: Trick Room\n|-ability|p2a: Muk|Moody|boost\n|-boost|p2a: Muk|atk|2\n|-unboost|p2a: Muk|spd|1\n|upkeep\n|turn|9\n|l|\u2606Krisuerte\n|inactive|Krisuerte disconnected and has a minute to reconnect!\n|player|p1|\n|inactive|Krisuerte has 30 seconds left.\n|inactive|sdbjj has 30 seconds left.\n|inactive|Krisuerte has 20 seconds left.\n|inactive|Krisuerte has 15 seconds left.\n|inactive|Krisuerte has 10 seconds left.\n|inactive|Krisuerte has 5 seconds left.\n|-message|Krisuerte lost due to inactivity.\n|\n|win|sdbjj\n|raw|Krisuerte's rating: 1700 &rarr; <strong>1679<\/strong><br \/>(-21 for losing)\n|raw|sdbjj's rating: 1682 &rarr; <strong>1703<\/strong><br \/>(+21 for winning)\n|l|\u2606sdbjj\n|player|p2|\n","uploadtime":1722866778,"views":23,"formatid":"gen9vgc2024regg","rating":1679,"private":0,"password":null}