{"id":"gen9vgc2024regg-2173835769","format":"[Gen 9] VGC 2024 Reg G","players":["zxs1203","tuanzai233"],"log":"|j|\u2606zxs1203\n|j|\u2606tuanzai233\n|t:|1722852380\n|gametype|doubles\n|player|p1|zxs1203|rosa|1723\n|player|p2|tuanzai233|2|1795\n|teamsize|p1|6\n|teamsize|p2|6\n|gen|9\n|tier|[Gen 9] VGC 2024 Reg G\n|rated|\n|rule|Species Clause: Limit one of each Pok\u00e9mon\n|rule|Item Clause: Limit one of each item\n|clearpoke\n|poke|p1|Dondozo, L50, M|\n|poke|p1|Tatsugiri, L50, F|\n|poke|p1|Muk-Alola, L50, F|\n|poke|p1|Smeargle, L50, F|\n|poke|p1|Flamigo, L50, F|\n|poke|p1|Calyrex-Shadow, L50|\n|poke|p2|Indeedee-F, L50, F|\n|poke|p2|Torkoal, L50, M|\n|poke|p2|Calyrex-Ice, L50|\n|poke|p2|Annihilape, L50, F|\n|poke|p2|Urshifu-*, L50, F|\n|poke|p2|Brute Bonnet, L50|\n|teampreview|4\n|\n|t:|1722852421\n|start\n|switch|p1a: Smeargle|Smeargle, L50, F|100\/100\n|switch|p1b: Muk|Muk-Alola, L50, F|100\/100\n|switch|p2a: Urshifu|Urshifu, L50, F|100\/100\n|switch|p2b: Brute Bonnet|Brute Bonnet, L50|100\/100\n|turn|1\n|\n|t:|1722852438\n|move|p1a: Smeargle|Fake Out|p2a: Urshifu\n|-damage|p2a: Urshifu|95\/100\n|cant|p2a: Urshifu|flinch\n|move|p2b: Brute Bonnet|Spore|p1a: Smeargle\n|-status|p1a: Smeargle|slp|[from] move: Spore\n|move|p1b: Muk|Substitute|p1b: Muk\n|-start|p1b: Muk|Substitute\n|-damage|p1b: Muk|76\/100\n|\n|-heal|p1b: Muk|82\/100|[from] item: Leftovers\n|-ability|p1a: Smeargle|Moody|boost\n|-boost|p1a: Smeargle|spa|2\n|-unboost|p1a: Smeargle|spe|1\n|upkeep\n|turn|2\n|\n|t:|1722852450\n|move|p2a: Urshifu|Close Combat|p1b: Muk\n|-end|p1b: Muk|Substitute\n|-unboost|p2a: Urshifu|def|1\n|-unboost|p2a: Urshifu|spd|1\n|cant|p1a: Smeargle|slp\n|move|p2b: Brute Bonnet|Spore|p1b: Muk\n|-status|p1b: Muk|slp|[from] move: Spore\n|cant|p1b: Muk|slp\n|\n|-heal|p1b: Muk|88\/100 slp|[from] item: Leftovers\n|-ability|p1a: Smeargle|Moody|boost\n|-boost|p1a: Smeargle|def|2\n|-unboost|p1a: Smeargle|spa|1\n|upkeep\n|turn|3\n|\n|t:|1722852463\n|cant|p1a: Smeargle|slp\n|move|p2a: Urshifu|Close Combat|p1b: Muk\n|-damage|p1b: Muk|37\/100 slp\n|-unboost|p2a: Urshifu|def|1\n|-unboost|p2a: Urshifu|spd|1\n|move|p2b: Brute Bonnet|Crunch|p1b: Muk\n|-resisted|p1b: Muk\n|-damage|p1b: Muk|22\/100 slp\n|cant|p1b: Muk|slp\n|\n|-heal|p1b: Muk|28\/100 slp|[from] item: Leftovers\n|-ability|p1a: Smeargle|Moody|boost\n|-boost|p1a: Smeargle|spa|2\n|-unboost|p1a: Smeargle|spd|1\n|upkeep\n|turn|4\n|\n|t:|1722852481\n|switch|p1b: Flamigo|Flamigo, L50, F|100\/100\n|-copyboost|p1b: Flamigo|p1a: Smeargle|[from] ability: Costar\n|-enditem|p1b: Flamigo|White Herb\n|-clearnegativeboost|p1b: Flamigo|[silent]\n|move|p2b: Brute Bonnet|Rage Powder|p2b: Brute Bonnet\n|-singleturn|p2b: Brute Bonnet|move: Rage Powder\n|move|p2a: Urshifu|Close Combat|p1b: Flamigo\n|-resisted|p1b: Flamigo\n|-damage|p1b: Flamigo|80\/100\n|-unboost|p2a: Urshifu|def|1\n|-unboost|p2a: Urshifu|spd|1\n|-curestatus|p1a: Smeargle|slp|[msg]\n|move|p1a: Smeargle|Spore|p2b: Brute Bonnet\n|-immune|p2b: Brute Bonnet\n|\n|-ability|p1a: Smeargle|Moody|boost\n|-boost|p1a: Smeargle|atk|2\n|-unboost|p1a: Smeargle|def|1\n|upkeep\n|turn|5\n|\n|t:|1722852508\n|-terastallize|p2b: Brute Bonnet|Poison\n|move|p2a: Urshifu|Detect|p2a: Urshifu\n|-singleturn|p2a: Urshifu|Protect\n|move|p1a: Smeargle|Follow Me|p1a: Smeargle\n|-singleturn|p1a: Smeargle|move: Follow Me\n|move|p1b: Flamigo|Brave Bird|p2b: Brute Bonnet\n|-damage|p2b: Brute Bonnet|64\/100\n|-damage|p1b: Flamigo|66\/100|[from] Recoil\n|move|p2b: Brute Bonnet|Spore|p1a: Smeargle\n|-status|p1a: Smeargle|slp|[from] move: Spore\n|\n|-ability|p1a: Smeargle|Moody|boost\n|-boost|p1a: Smeargle|atk|2\n|-unboost|p1a: Smeargle|def|1\n|upkeep\n|turn|6\n|\n|t:|1722852523\n|switch|p2a: Calyrex|Calyrex-Ice, L50|100\/100\n|-ability|p2a: Calyrex|As One\n|-ability|p2a: Calyrex|Unnerve\n|cant|p1a: Smeargle|slp\n|move|p1b: Flamigo|Brave Bird|p2a: Calyrex\n|-damage|p2a: Calyrex|67\/100\n|-damage|p1b: Flamigo|53\/100|[from] Recoil\n|move|p2b: Brute Bonnet|Spore|p1b: Flamigo\n|-status|p1b: Flamigo|slp|[from] move: Spore\n|\n|-ability|p1a: Smeargle|Moody|boost\n|-boost|p1a: Smeargle|spe|2\n|-unboost|p1a: Smeargle|atk|1\n|upkeep\n|turn|7\n|\n|t:|1722852536\n|cant|p1b: Flamigo|slp\n|move|p2b: Brute Bonnet|Rage Powder|p2b: Brute Bonnet\n|-singleturn|p2b: Brute Bonnet|move: Rage Powder\n|cant|p1a: Smeargle|slp\n|move|p2a: Calyrex|Glacial Lance|p1b: Flamigo|[spread] p1a,p1b\n|-supereffective|p1b: Flamigo\n|-enditem|p1a: Smeargle|Focus Sash\n|-damage|p1a: Smeargle|1\/100 slp\n|-damage|p1b: Flamigo|0 fnt\n|faint|p1b: Flamigo\n|-ability|p2a: Calyrex|Chilling Neigh|boost\n|-boost|p2a: Calyrex|atk|1\n|\n|-ability|p1a: Smeargle|Moody|boost\n|-boost|p1a: Smeargle|spe|2\n|-unboost|p1a: Smeargle|atk|1\n|upkeep\n|\n|t:|1722852543\n|switch|p1b: Calyrex|Calyrex-Shadow, L50|100\/100\n|-ability|p1b: Calyrex|As One\n|-ability|p1b: Calyrex|Unnerve\n|turn|8\n|\n|t:|1722852559\n|move|p2a: Calyrex|Protect|p2a: Calyrex\n|-singleturn|p2a: Calyrex|Protect\n|cant|p1a: Smeargle|slp\n|move|p1b: Calyrex|Astral Barrage|p2b: Brute Bonnet|[spread] p2b\n|-activate|p2a: Calyrex|move: Protect\n|-crit|p2b: Brute Bonnet\n|-damage|p2b: Brute Bonnet|9\/100\n|move|p2b: Brute Bonnet|Spore|p1b: Calyrex\n|-status|p1b: Calyrex|slp|[from] move: Spore\n|\n|-ability|p1a: Smeargle|Moody|boost\n|-boost|p1a: Smeargle|spa|2\n|-unboost|p1a: Smeargle|spd|1\n|upkeep\n|turn|9\n|\n|t:|1722852576\n|switch|p1b: Muk|Muk-Alola, L50, F|28\/100 slp\n|-enditem|p2b: Brute Bonnet|Sitrus Berry|[eat]\n|-heal|p2b: Brute Bonnet|34\/100|[from] item: Sitrus Berry\n|move|p2b: Brute Bonnet|Rage Powder|p2b: Brute Bonnet\n|-singleturn|p2b: Brute Bonnet|move: Rage Powder\n|-curestatus|p1a: Smeargle|slp|[msg]\n|move|p1a: Smeargle|Spore|p2b: Brute Bonnet\n|-status|p2b: Brute Bonnet|slp|[from] move: Spore\n|move|p2a: Calyrex|Trick Room|p2a: Calyrex\n|-fieldstart|move: Trick Room|[of] p2a: Calyrex\n|\n|-heal|p1b: Muk|35\/100 slp|[from] item: Leftovers\n|-ability|p1a: Smeargle|Moody|boost\n|-boost|p1a: Smeargle|spe|2\n|-unboost|p1a: Smeargle|spd|1\n|upkeep\n|turn|10\n|c|\u2606tuanzai233|gg\n|j| mr pogostick\n|\n|t:|1722852603\n|-end|p2b: Brute Bonnet|Protosynthesis|[silent]\n|switch|p2b: Torkoal|Torkoal, L50, M|100\/100\n|-weather|SunnyDay|[from] ability: Drought|[of] p2b: Torkoal\n|-terastallize|p1b: Muk|Water\n|move|p1a: Smeargle|Follow Me|p1a: Smeargle\n|-singleturn|p1a: Smeargle|move: Follow Me\n|move|p2a: Calyrex|High Horsepower|p1a: Smeargle\n|-damage|p1a: Smeargle|0 fnt\n|faint|p1a: Smeargle\n|-ability|p1b: Muk|Moody|[from] ability: Power of Alchemy|[of] p1a: Smeargle\n|-ability|p2a: Calyrex|Chilling Neigh|boost\n|-boost|p2a: Calyrex|atk|1\n|cant|p1b: Muk|slp\n|\n|-weather|SunnyDay|[upkeep]\n|-heal|p1b: Muk|41\/100 slp|[from] item: Leftovers\n|-ability|p1b: Muk|Moody|boost\n|-boost|p1b: Muk|spa|2\n|-unboost|p1b: Muk|def|1\n|upkeep\n|inactive|Battle timer is ON: inactive players will automatically lose when time's up. (requested by tuanzai233)\n|\n|t:|1722852606\n|switch|p1a: Calyrex|Calyrex-Shadow, L50|100\/100 slp\n|-ability|p1a: Calyrex|As One\n|-ability|p1a: Calyrex|Unnerve\n|turn|11\n|\n|t:|1722852610\n|cant|p1a: Calyrex|slp\n|move|p2b: Torkoal|Eruption|p1b: Muk|[spread] p1a,p1b\n|-resisted|p1b: Muk\n|-damage|p1a: Calyrex|17\/100 slp\n|-damage|p1b: Muk|8\/100 slp\n|move|p2a: Calyrex|Glacial Lance|p1a: Calyrex|[spread] p1a,p1b\n|-resisted|p1b: Muk\n|-damage|p1a: Calyrex|0 fnt\n|-damage|p1b: Muk|0 fnt\n|faint|p1a: Calyrex\n|faint|p1b: Muk\n|\n|win|tuanzai233\n|raw|zxs1203's rating: 1723 &rarr; <strong>1707<\/strong><br \/>(-16 for losing)\n|raw|tuanzai233's rating: 1795 &rarr; <strong>1811<\/strong><br \/>(+16 for winning)\n|l|\u2606zxs1203\n|player|p1|\n|l|\u2606tuanzai233\n|player|p2|\n|l| mr pogostick\n","uploadtime":1722852803,"views":30,"formatid":"gen9vgc2024regg","rating":1707,"private":0,"password":null}