{"id":"gen9vgc2024regg-2173833342","format":"[Gen 9] VGC 2024 Reg G","players":["zxs1203","tuanzai233"],"log":"|j|\u2606zxs1203\n|j|\u2606tuanzai233\n|t:|1722851955\n|gametype|doubles\n|player|p1|zxs1203|rosa|1685\n|player|p2|tuanzai233|2|1804\n|teamsize|p1|6\n|teamsize|p2|6\n|gen|9\n|tier|[Gen 9] VGC 2024 Reg G\n|rated|\n|rule|Species Clause: Limit one of each Pok\u00e9mon\n|rule|Item Clause: Limit one of each item\n|clearpoke\n|poke|p1|Dondozo, L50, F|\n|poke|p1|Tatsugiri, L50, F|\n|poke|p1|Muk-Alola, L50, M|\n|poke|p1|Smeargle, L50, M|\n|poke|p1|Flamigo, L50, F|\n|poke|p1|Calyrex-Shadow, L50|\n|poke|p2|Indeedee-F, L50, F|\n|poke|p2|Torkoal, L50, M|\n|poke|p2|Calyrex-Ice, L50|\n|poke|p2|Annihilape, L50, M|\n|poke|p2|Urshifu-*, L50, F|\n|poke|p2|Brute Bonnet, L50|\n|teampreview|4\n|j| mr pogostick\n|\n|t:|1722851997\n|start\n|switch|p1a: Smeargle|Smeargle, L50, M|100\/100\n|switch|p1b: Muk|Muk-Alola, L50, M|100\/100\n|switch|p2a: Urshifu|Urshifu, L50, F|100\/100\n|switch|p2b: Brute Bonnet|Brute Bonnet, L50|100\/100\n|turn|1\n|\n|t:|1722852011\n|move|p2a: Urshifu|Detect|p2a: Urshifu\n|-singleturn|p2a: Urshifu|Protect\n|move|p1a: Smeargle|Fake Out|p2b: Brute Bonnet\n|-damage|p2b: Brute Bonnet|97\/100\n|cant|p2b: Brute Bonnet|flinch\n|move|p1b: Muk|Substitute|p1b: Muk\n|-start|p1b: Muk|Substitute\n|-damage|p1b: Muk|76\/100\n|\n|-heal|p1b: Muk|82\/100|[from] item: Leftovers\n|-ability|p1a: Smeargle|Moody|boost\n|-boost|p1a: Smeargle|atk|2\n|-unboost|p1a: Smeargle|spe|1\n|upkeep\n|turn|2\n|\n|t:|1722852023\n|move|p2a: Urshifu|Close Combat|p1b: Muk\n|-end|p1b: Muk|Substitute\n|-unboost|p2a: Urshifu|def|1\n|-unboost|p2a: Urshifu|spd|1\n|move|p1a: Smeargle|Spore|p2a: Urshifu\n|-status|p2a: Urshifu|slp|[from] move: Spore\n|move|p2b: Brute Bonnet|Spore|p1a: Smeargle\n|-status|p1a: Smeargle|slp|[from] move: Spore\n|move|p1b: Muk|Minimize|p1b: Muk\n|-boost|p1b: Muk|evasion|2\n|\n|-heal|p1b: Muk|88\/100|[from] item: Leftovers\n|-ability|p1a: Smeargle|Moody|boost\n|-boost|p1a: Smeargle|spe|2\n|-unboost|p1a: Smeargle|spa|1\n|upkeep\n|turn|3\n|\n|t:|1722852039\n|-end|p2b: Brute Bonnet|Protosynthesis|[silent]\n|switch|p2b: Annihilape|Annihilape, L50, M|100\/100\n|cant|p1a: Smeargle|slp\n|cant|p2a: Urshifu|slp\n|move|p1b: Muk|Substitute|p1b: Muk\n|-start|p1b: Muk|Substitute\n|-damage|p1b: Muk|64\/100\n|\n|-heal|p1b: Muk|70\/100|[from] item: Leftovers\n|-ability|p1a: Smeargle|Moody|boost\n|-boost|p1a: Smeargle|atk|2\n|-unboost|p1a: Smeargle|spd|1\n|upkeep\n|turn|4\n|\n|t:|1722852066\n|move|p2b: Annihilape|Close Combat|p1b: Muk|[miss]\n|-miss|p2b: Annihilape|p1b: Muk\n|cant|p1a: Smeargle|slp\n|cant|p2a: Urshifu|slp\n|move|p1b: Muk|Minimize|p1b: Muk\n|-boost|p1b: Muk|evasion|2\n|\n|-heal|p1b: Muk|76\/100|[from] item: Leftovers\n|-ability|p1a: Smeargle|Moody|boost\n|-boost|p1a: Smeargle|spd|2\n|-unboost|p1a: Smeargle|atk|1\n|upkeep\n|turn|5\n|\n|t:|1722852074\n|move|p2b: Annihilape|Close Combat|p1b: Muk|[miss]\n|-miss|p2b: Annihilape|p1b: Muk\n|cant|p1a: Smeargle|slp\n|-curestatus|p2a: Urshifu|slp|[msg]\n|move|p2a: Urshifu|Close Combat|p1b: Muk\n|-end|p1b: Muk|Substitute\n|-unboost|p2a: Urshifu|def|1\n|-unboost|p2a: Urshifu|spd|1\n|move|p1b: Muk|Minimize|p1b: Muk\n|-boost|p1b: Muk|evasion|2\n|\n|-heal|p1b: Muk|82\/100|[from] item: Leftovers\n|-ability|p1a: Smeargle|Moody|boost\n|-boost|p1a: Smeargle|spa|2\n|-unboost|p1a: Smeargle|spe|1\n|upkeep\n|turn|6\n|\n|t:|1722852090\n|switch|p2b: Brute Bonnet|Brute Bonnet, L50|97\/100\n|move|p2a: Urshifu|Detect|p2a: Urshifu\n|-singleturn|p2a: Urshifu|Protect\n|-curestatus|p1a: Smeargle|slp|[msg]\n|move|p1a: Smeargle|Spore|p2b: Brute Bonnet\n|-immune|p2b: Brute Bonnet\n|move|p1b: Muk|Substitute|p1b: Muk\n|-start|p1b: Muk|Substitute\n|-damage|p1b: Muk|57\/100\n|\n|-heal|p1b: Muk|64\/100|[from] item: Leftovers\n|-ability|p1a: Smeargle|Moody|boost\n|-boost|p1a: Smeargle|spa|2\n|-unboost|p1a: Smeargle|atk|1\n|upkeep\n|turn|7\n|\n|t:|1722852101\n|move|p2b: Brute Bonnet|Rage Powder|p2b: Brute Bonnet\n|-singleturn|p2b: Brute Bonnet|move: Rage Powder\n|move|p2a: Urshifu|Close Combat|p1b: Muk|[miss]\n|-miss|p2a: Urshifu|p1b: Muk\n|move|p1a: Smeargle|Spore|p2b: Brute Bonnet\n|-immune|p2b: Brute Bonnet\n|move|p1b: Muk|Poison Gas|p2a: Urshifu|[spread] p2a,p2b\n|-status|p2a: Urshifu|psn\n|-status|p2b: Brute Bonnet|psn\n|\n|-heal|p1b: Muk|70\/100|[from] item: Leftovers\n|-damage|p2a: Urshifu|88\/100 psn|[from] psn\n|-damage|p2b: Brute Bonnet|85\/100 psn|[from] psn\n|-ability|p1a: Smeargle|Moody|boost\n|-boost|p1a: Smeargle|spe|2\n|-unboost|p1a: Smeargle|def|1\n|upkeep\n|turn|8\n|\n|t:|1722852110\n|move|p2a: Urshifu|Detect|p2a: Urshifu\n|-singleturn|p2a: Urshifu|Protect\n|move|p1a: Smeargle|Final Gambit|p2a: Urshifu\n|-activate|p2a: Urshifu|move: Protect\n|move|p2b: Brute Bonnet|Spore|p1a: Smeargle\n|-status|p1a: Smeargle|slp|[from] move: Spore\n|move|p1b: Muk|Knock Off|p2b: Brute Bonnet\n|-resisted|p2b: Brute Bonnet\n|-damage|p2b: Brute Bonnet|73\/100 psn\n|-enditem|p2b: Brute Bonnet|Sitrus Berry|[from] move: Knock Off|[of] p1b: Muk\n|\n|-heal|p1b: Muk|76\/100|[from] item: Leftovers\n|-damage|p2a: Urshifu|76\/100 psn|[from] psn\n|-damage|p2b: Brute Bonnet|61\/100 psn|[from] psn\n|-ability|p1a: Smeargle|Moody|boost\n|-boost|p1a: Smeargle|spa|2\n|-unboost|p1a: Smeargle|spd|1\n|upkeep\n|turn|9\n|\n|t:|1722852122\n|cant|p1a: Smeargle|slp\n|move|p2a: Urshifu|Close Combat|p1b: Muk|[miss]\n|-miss|p2a: Urshifu|p1b: Muk\n|move|p2b: Brute Bonnet|Spore||[still]\n|-fail|p2b: Brute Bonnet\n|move|p1b: Muk|Knock Off|p2a: Urshifu\n|-resisted|p2a: Urshifu\n|-crit|p2a: Urshifu\n|-damage|p2a: Urshifu|48\/100 psn\n|-enditem|p2a: Urshifu|Focus Sash|[from] move: Knock Off|[of] p1b: Muk\n|\n|-heal|p1b: Muk|82\/100|[from] item: Leftovers\n|-damage|p2a: Urshifu|36\/100 psn|[from] psn\n|-damage|p2b: Brute Bonnet|48\/100 psn|[from] psn\n|-ability|p1a: Smeargle|Moody|boost\n|-boost|p1a: Smeargle|def|2\n|-unboost|p1a: Smeargle|spd|1\n|upkeep\n|turn|10\n|\n|t:|1722852138\n|-curestatus|p1a: Smeargle|slp|[msg]\n|move|p1a: Smeargle|Final Gambit|p2b: Brute Bonnet\n|-damage|p2b: Brute Bonnet|0 fnt\n|faint|p1a: Smeargle\n|-ability|p1b: Muk|Moody|[from] ability: Power of Alchemy|[of] p1a: Smeargle\n|faint|p2b: Brute Bonnet\n|-end|p2b: Brute Bonnet|Protosynthesis|[silent]\n|move|p2a: Urshifu|Close Combat|p1b: Muk\n|-end|p1b: Muk|Substitute\n|-unboost|p2a: Urshifu|def|1\n|-unboost|p2a: Urshifu|spd|1\n|move|p1b: Muk|Knock Off|p2a: Urshifu\n|-resisted|p2a: Urshifu\n|-damage|p2a: Urshifu|21\/100 psn\n|\n|-heal|p1b: Muk|88\/100|[from] item: Leftovers\n|-damage|p2a: Urshifu|9\/100 psn|[from] psn\n|-ability|p1b: Muk|Moody|boost\n|-boost|p1b: Muk|atk|2\n|-unboost|p1b: Muk|spe|1\n|upkeep\n|\n|t:|1722852150\n|switch|p1a: Flamigo|Flamigo, L50, F|100\/100\n|switch|p2b: Calyrex|Calyrex-Ice, L50|100\/100\n|-ability|p2b: Calyrex|As One\n|-ability|p2b: Calyrex|Unnerve\n|-copyboost|p1a: Flamigo|p1b: Muk|[from] ability: Costar\n|-enditem|p1a: Flamigo|White Herb\n|-clearnegativeboost|p1a: Flamigo|[silent]\n|turn|11\n|\n|t:|1722852165\n|switch|p2a: Annihilape|Annihilape, L50, M|100\/100\n|-terastallize|p2b: Calyrex|Fire\n|move|p1a: Flamigo|Brave Bird|p2b: Calyrex\n|-damage|p2b: Calyrex|31\/100\n|-damage|p1a: Flamigo|74\/100|[from] Recoil\n|move|p2b: Calyrex|Glacial Lance|p1b: Muk|[spread] \n|-miss|p2b: Calyrex|p1a: Flamigo\n|-miss|p2b: Calyrex|p1b: Muk\n|move|p1b: Muk|Knock Off|p2b: Calyrex\n|-damage|p2b: Calyrex|0 fnt\n|-enditem|p2b: Calyrex|Clear Amulet|[from] move: Knock Off|[of] p1b: Muk\n|faint|p2b: Calyrex\n|\n|-heal|p1b: Muk|94\/100|[from] item: Leftovers\n|-ability|p1b: Muk|Moody|boost\n|-boost|p1b: Muk|spd|2\n|-unboost|p1b: Muk|def|1\n|upkeep\n|-message|tuanzai233 forfeited.\n|\n|win|zxs1203\n|raw|zxs1203's rating: 1685 &rarr; <strong>1712<\/strong><br \/>(+27 for winning)\n|raw|tuanzai233's rating: 1804 &rarr; <strong>1777<\/strong><br \/>(-27 for losing)\n|l|\u2606tuanzai233\n|player|p2|\n","uploadtime":1722852387,"views":27,"formatid":"gen9vgc2024regg","rating":1712,"private":0,"password":null}