{"id":"gen9vgc2024regg-2175006343","format":"[Gen 9] VGC 2024 Reg G","players":["greenlightdmp","AnyaForger39"],"log":"|j|\u2606greenlightdmp\n|j|\u203dAnyaForger39\n|t:|1722993514\n|gametype|doubles\n|player|p1|greenlightdmp|169|1737\n|player|p2|AnyaForger39|caitlin|1694\n|teamsize|p1|6\n|teamsize|p2|6\n|gen|9\n|tier|[Gen 9] VGC 2024 Reg G\n|rated|\n|rule|Species Clause: Limit one of each Pok\u00e9mon\n|rule|Item Clause: Limit one of each item\n|clearpoke\n|poke|p1|Calyrex-Ice, L50|\n|poke|p1|Smeargle, L50, F|\n|poke|p1|Ursaluna-Bloodmoon, L50, M|\n|poke|p1|Indeedee-F, L50, F|\n|poke|p1|Amoonguss, L50, M|\n|poke|p1|Raging Bolt, L50|\n|poke|p2|Ogerpon-Wellspring, L50, F|\n|poke|p2|Calyrex-Ice, L50|\n|poke|p2|Annihilape, L50, M|\n|poke|p2|Smeargle, L50, M|\n|poke|p2|Urshifu-*, L50, M|\n|poke|p2|Ursaluna-Bloodmoon, L50, M|\n|teampreview|4\n|inactive|Battle timer is ON: inactive players will automatically lose when time's up. (requested by greenlightdmp)\ngreenlightdmp has agreed to open team sheets.\n|\n|t:|1722993583\n|start\n|switch|p1a: FENIER|Calyrex-Ice, L50|100\/100\n|switch|p1b: LOKI|Smeargle, L50, F, shiny|100\/100\n|switch|p2a: Ogerpon|Ogerpon-Wellspring, L50, F|100\/100\n|switch|p2b: Urshifu|Urshifu, L50, M|100\/100\n|-ability|p1a: FENIER|As One\n|-ability|p1a: FENIER|Unnerve\n|turn|1\n|\n|t:|1722993603\n|-terastallize|p2b: Urshifu|Ghost\n|move|p1b: LOKI|Follow Me|p1b: LOKI\n|-singleturn|p1b: LOKI|move: Follow Me\n|move|p2a: Ogerpon|Taunt|p1b: LOKI\n|-start|p1b: LOKI|move: Taunt\n|move|p2b: Urshifu|Wicked Blow|p1b: LOKI\n|-crit|p1b: LOKI\n|-enditem|p1b: LOKI|Focus Sash\n|-damage|p1b: LOKI|1\/100\n|move|p1a: FENIER|Glacial Lance|p2b: Urshifu|[spread] p2a,p2b\n|-damage|p2a: Ogerpon|39\/100\n|-damage|p2b: Urshifu|41\/100\n|\n|upkeep\n|turn|2\n|inactive|greenlightdmp has 30 seconds left.\n|\n|t:|1722993634\n|switch|p1a: Baldyr|Amoonguss, L50, M|100\/100\n|switch|p1b: Hell|Ursaluna-Bloodmoon, L50, M|100\/100\n|move|p2a: Ogerpon|Ivy Cudgel|p1a: Baldyr|[anim] Ivy Cudgel Water\n|-resisted|p1a: Baldyr\n|-crit|p1a: Baldyr\n|-damage|p1a: Baldyr|73\/100\n|move|p2b: Urshifu|Wicked Blow|p1a: Baldyr\n|-crit|p1a: Baldyr\n|-damage|p1a: Baldyr|0 fnt\n|-damage|p2b: Urshifu|25\/100|[from] item: Rocky Helmet|[of] p1a: Baldyr\n|faint|p1a: Baldyr\n|\n|upkeep\n|\n|t:|1722993654\n|switch|p1a: LOKI|Smeargle, L50, F, shiny|1\/100\n|turn|3\n|\n|t:|1722993670\n|-terastallize|p1b: Hell|Normal\n|move|p1a: LOKI|Follow Me|p1a: LOKI\n|-singleturn|p1a: LOKI|move: Follow Me\n|move|p2a: Ogerpon|Ivy Cudgel|p1a: LOKI|[anim] Ivy Cudgel Water\n|-damage|p1a: LOKI|0 fnt\n|faint|p1a: LOKI\n|move|p2b: Urshifu|Wicked Blow|p1b: Hell\n|-crit|p1b: Hell\n|-damage|p1b: Hell|37\/100\n|move|p1b: Hell|Hyper Voice|p2a: Ogerpon|[spread] p2a,p2b\n|-damage|p2a: Ogerpon|0 fnt\n|-damage|p2b: Urshifu|0 fnt\n|faint|p2a: Ogerpon\n|faint|p2b: Urshifu\n|-damage|p1b: Hell|28\/100|[from] item: Life Orb\n|\n|upkeep\n|\n|t:|1722993686\n|switch|p2a: Calyrex|Calyrex-Ice, L50|100\/100\n|switch|p2b: Annihilape|Annihilape, L50, M|100\/100\n|switch|p1a: FENIER|Calyrex-Ice, L50|100\/100\n|-ability|p1a: FENIER|As One\n|-ability|p1a: FENIER|Unnerve\n|-ability|p2a: Calyrex|As One\n|-ability|p2a: Calyrex|Unnerve\n|turn|4\n|inactive|greenlightdmp has 30 seconds left.\n|\n|t:|1722993713\n|move|p1b: Hell|Protect|p1b: Hell\n|-singleturn|p1b: Hell|Protect\n|move|p2b: Annihilape|Final Gambit|p1a: FENIER\n|-damage|p1a: FENIER|0 fnt\n|faint|p2b: Annihilape\n|faint|p1a: FENIER\n|move|p2a: Calyrex|Glacial Lance|p1b: Hell\n|-activate|p1b: Hell|move: Protect\n|\n|upkeep\n|turn|5\n|\n|t:|1722993728\n|move|p1b: Hell|Blood Moon|p2a: Calyrex\n|-damage|p2a: Calyrex|0 fnt\n|faint|p2a: Calyrex\n|-damage|p1b: Hell|18\/100|[from] item: Life Orb\n|\n|win|greenlightdmp\n|raw|greenlightdmp's rating: 1737 &rarr; <strong>1755<\/strong><br \/>(+18 for winning)\n|raw|AnyaForger39's rating: 1694 &rarr; <strong>1676<\/strong><br \/>(-18 for losing)\n|l|\u203dAnyaForger39\n|player|p2|\n|l|\u2606greenlightdmp\n|player|p1|\n","uploadtime":1722993872,"views":28,"formatid":"gen9vgc2024regg","rating":1676,"private":0,"password":null}