{"id":"gen9vgc2024regg-2176551500","format":"[Gen 9] VGC 2024 Reg G","players":["rebirthruby","pig duck eater"],"log":"|j|\u2606rebirthruby\n|j|\u2606pig duck eater\n|t:|1723192427\n|gametype|doubles\n|player|p1|rebirthruby|101|1703\n|player|p2|pig duck eater|102|1698\n|teamsize|p1|6\n|teamsize|p2|6\n|gen|9\n|tier|[Gen 9] VGC 2024 Reg G\n|rated|\n|rule|Species Clause: Limit one of each Pok\u00e9mon\n|rule|Item Clause: Limit one of each item\n|clearpoke\n|poke|p1|Calyrex-Ice, L50|\n|poke|p1|Annihilape, L50, M|\n|poke|p1|Ogerpon-Wellspring, L50, F|\n|poke|p1|Urshifu-*, L50, M|\n|poke|p1|Ursaluna-Bloodmoon, L50, M|\n|poke|p1|Smeargle, L50, F|\n|poke|p2|Grimmsnarl, L50, M|\n|poke|p2|Calyrex-Ice, L50|\n|poke|p2|Urshifu-*, L50, M|\n|poke|p2|Ditto, L50|\n|poke|p2|Sinistcha, L50|\n|poke|p2|Iron Hands, L50|\n|teampreview|4\n|\n|t:|1723192495\n|start\n|switch|p1a: Annihilape|Annihilape, L50, M|100\/100\n|switch|p1b: Calyrex|Calyrex-Ice, L50|100\/100\n|switch|p2a: Urshifu|Urshifu-Rapid-Strike, L50, M|100\/100\n|switch|p2b: Grimmsnarl|Grimmsnarl, L50, M|100\/100\n|-ability|p1b: Calyrex|As One\n|-ability|p1b: Calyrex|Unnerve\n|turn|1\n|\n|t:|1723192521\n|-terastallize|p2b: Grimmsnarl|Ghost\n|-terastallize|p1b: Calyrex|Water\n|move|p1a: Annihilape|Coaching|p1b: Calyrex\n|-boost|p1b: Calyrex|atk|1\n|-boost|p1b: Calyrex|def|1\n|move|p2a: Urshifu|Surging Strikes|p1b: Calyrex\n|-resisted|p1b: Calyrex\n|-crit|p1b: Calyrex\n|-damage|p1b: Calyrex|94\/100\n|-resisted|p1b: Calyrex\n|-crit|p1b: Calyrex\n|-damage|p1b: Calyrex|87\/100\n|-resisted|p1b: Calyrex\n|-crit|p1b: Calyrex\n|-damage|p1b: Calyrex|82\/100\n|-hitcount|p1b: Calyrex|3\n|move|p2b: Grimmsnarl|Foul Play|p1b: Calyrex\n|-damage|p1b: Calyrex|42\/100\n|-enditem|p1b: Calyrex|Sitrus Berry|[eat]\n|-heal|p1b: Calyrex|67\/100|[from] item: Sitrus Berry\n|move|p1b: Calyrex|Glacial Lance|p2b: Grimmsnarl|[spread] p2a,p2b\n|-resisted|p2a: Urshifu\n|-damage|p2a: Urshifu|58\/100\n|-damage|p2b: Grimmsnarl|29\/100\n|\n|upkeep\n|turn|2\n|\n|t:|1723192558\n|move|p2b: Grimmsnarl|Reflect|p2b: Grimmsnarl\n|-sidestart|p2: pig duck eater|Reflect\n|move|p1a: Annihilape|Rage Fist|p2b: Grimmsnarl\n|-supereffective|p2b: Grimmsnarl\n|-damage|p2b: Grimmsnarl|7\/100\n|move|p2a: Urshifu|Swords Dance|p2a: Urshifu\n|-boost|p2a: Urshifu|atk|2\n|move|p1b: Calyrex|Glacial Lance|p2b: Grimmsnarl|[spread] p2a,p2b\n|-resisted|p2a: Urshifu\n|-damage|p2a: Urshifu|29\/100\n|-damage|p2b: Grimmsnarl|0 fnt\n|faint|p2b: Grimmsnarl\n|-ability|p1b: Calyrex|Chilling Neigh|boost\n|-boost|p1b: Calyrex|atk|1\n|\n|upkeep\n|\n|t:|1723192561\n|switch|p2b: Ditto|Ditto, L50|100\/100\n|-transform|p2b: Ditto|p1a: Annihilape|[from] ability: Imposter\n|turn|3\n|\n|t:|1723192616\n|move|p2b: Ditto|Final Gambit|p1b: Calyrex\n|-damage|p1b: Calyrex|0 fnt\n|faint|p2b: Ditto\n|faint|p1b: Calyrex\n|move|p1a: Annihilape|Close Combat|p2a: Urshifu\n|-damage|p2a: Urshifu|3\/100\n|-unboost|p1a: Annihilape|def|1\n|-unboost|p1a: Annihilape|spd|1\n|move|p2a: Urshifu|Surging Strikes|p1a: Annihilape\n|-crit|p1a: Annihilape\n|-damage|p1a: Annihilape|39\/100\n|-crit|p1a: Annihilape\n|-damage|p1a: Annihilape|0 fnt\n|faint|p1a: Annihilape\n|-hitcount|p1: Annihilape|2\n|\n|upkeep\n|\n|t:|1723192634\n|switch|p1a: Urshifu|Urshifu, L50, M|100\/100\n|switch|p2b: Calyrex|Calyrex-Ice, L50|100\/100\n|switch|p1b: Smeargle|Smeargle, L50, F|100\/100\n|-ability|p2b: Calyrex|As One\n|-ability|p2b: Calyrex|Unnerve\n|turn|4\n|\n|t:|1723192671\n|move|p1b: Smeargle|Wide Guard|p1b: Smeargle\n|-singleturn|p1b: Smeargle|Wide Guard\n|move|p1a: Urshifu|Sucker Punch|p2a: Urshifu\n|-resisted|p2a: Urshifu\n|-damage|p2a: Urshifu|0 fnt\n|faint|p2a: Urshifu\n|move|p2b: Calyrex|Glacial Lance|p1a: Urshifu|[spread] \n|-activate|p1a: Urshifu|move: Wide Guard\n|-activate|p1b: Smeargle|move: Wide Guard\n|\n|upkeep\n|turn|5\n|-message|pig duck eater forfeited.\n|\n|win|rebirthruby\n|raw|rebirthruby's rating: 1703 &rarr; <strong>1723<\/strong><br \/>(+20 for winning)\n|raw|pig duck eater's rating: 1698 &rarr; <strong>1678<\/strong><br \/>(-20 for losing)\n|l|\u2606pig duck eater\n|player|p2|\n|l|\u2606rebirthruby\n|player|p1|\n","uploadtime":1723192687,"views":60,"formatid":"gen9vgc2024regg","rating":1678,"private":0,"password":null}