{"id":"gen9vgc2024regg-2177039191","format":"[Gen 9] VGC 2024 Reg G","players":["grace_my_world","pig duck eater"],"log":"|j|\u2606grace_my_world\n|j|\u2606pig duck eater\n|t:|1723251073\n|gametype|doubles\n|player|p1|grace_my_world|102|1686\n|player|p2|pig duck eater|169|1734\n|teamsize|p1|6\n|teamsize|p2|5\n|gen|9\n|tier|[Gen 9] VGC 2024 Reg G\n|rated|\n|rule|Species Clause: Limit one of each Pok\u00e9mon\n|rule|Item Clause: Limit one of each item\n|clearpoke\n|poke|p1|Calyrex-Ice, L50|\n|poke|p1|Ogerpon, L50, F|\n|poke|p1|Clefairy, L50, F|\n|poke|p1|Urshifu-*, L50, M|\n|poke|p1|Weezing-Galar, L50, M|\n|poke|p1|Chi-Yu, L50|\n|poke|p2|Urshifu-*, L50, M|\n|poke|p2|Lunala, L50|\n|poke|p2|Sinistcha, L50|\n|poke|p2|Ninetales-Alola, L50, M|\n|poke|p2|Iron Hands, L50|\n|teampreview|4\n|inactive|Battle timer is ON: inactive players will automatically lose when time's up. (requested by grace_my_world)\n|\n|t:|1723251101\n|start\n|switch|p1a: Chi-Yu|Chi-Yu, L50|100\/100\n|switch|p1b: Clefairy|Clefairy, L50, F|100\/100\n|switch|p2a: Iron Hands|Iron Hands, L50|100\/100\n|switch|p2b: Ninetales|Ninetales-Alola, L50, M|100\/100\n|-ability|p1a: Chi-Yu|Beads of Ruin\n|-weather|Snow|[from] ability: Snow Warning|[of] p2b: Ninetales\n|turn|1\n|j| THUNDERSND77\n|\n|t:|1723251121\n|-terastallize|p1a: Chi-Yu|Ghost\n|move|p1b: Clefairy|Helping Hand|p1a: Chi-Yu\n|-singleturn|p1a: Chi-Yu|Helping Hand|[of] p1b: Clefairy\n|move|p2a: Iron Hands|Fake Out|p1a: Chi-Yu\n|-immune|p1a: Chi-Yu\n|move|p1a: Chi-Yu|Heat Wave|p2a: Iron Hands|[spread] p2a,p2b\n|-supereffective|p2b: Ninetales\n|-damage|p2a: Iron Hands|61\/100\n|-damage|p2b: Ninetales|0 fnt\n|faint|p2b: Ninetales\n|\n|-weather|Snow|[upkeep]\n|upkeep\n|\n|t:|1723251125\n|switch|p2b: Lunala|Lunala, L50|100\/100\n|turn|2\n|inactive|grace_my_world has 30 seconds left.\n|inactive|grace_my_world has 20 seconds left.\n|inactive|grace_my_world has 15 seconds left.\n|\n|t:|1723251165\n|move|p1b: Clefairy|Helping Hand|p1a: Chi-Yu\n|-singleturn|p1a: Chi-Yu|Helping Hand|[of] p1b: Clefairy\n|move|p1a: Chi-Yu|Heat Wave|p2b: Lunala|[spread] p2a,p2b\n|-damage|p2a: Iron Hands|19\/100\n|-damage|p2b: Lunala|78\/100\n|-status|p2a: Iron Hands|brn\n|move|p2b: Lunala|Meteor Beam||[still]\n|-prepare|p2b: Lunala|Meteor Beam\n|-boost|p2b: Lunala|spa|1\n|-enditem|p2b: Lunala|Power Herb\n|-anim|p2b: Lunala|Meteor Beam|p1a: Chi-Yu\n|-damage|p1a: Chi-Yu|49\/100\n|move|p2a: Iron Hands|Wild Charge|p1a: Chi-Yu\n|-damage|p1a: Chi-Yu|19\/100\n|-damage|p2a: Iron Hands|15\/100 brn|[from] Recoil\n|\n|-weather|Snow|[upkeep]\n|-damage|p2a: Iron Hands|9\/100 brn|[from] brn\n|upkeep\n|turn|3\n|\n|t:|1723251189\n|switch|p1a: Calyrex|Calyrex-Ice, L50|100\/100\n|-ability|p1a: Calyrex|As One\n|-ability|p1a: Calyrex|Unnerve\n|move|p1b: Clefairy|Follow Me|p1b: Clefairy\n|-singleturn|p1b: Clefairy|move: Follow Me\n|move|p2b: Lunala|Blizzard|p1b: Clefairy|[spread] p1a,p1b\n|-resisted|p1a: Calyrex\n|-damage|p1a: Calyrex|91\/100\n|-damage|p1b: Clefairy|63\/100\n|move|p2a: Iron Hands|Heavy Slam|p1b: Clefairy\n|-supereffective|p1b: Clefairy\n|-damage|p1b: Clefairy|19\/100\n|\n|-weather|Snow|[upkeep]\n|-heal|p1a: Calyrex|97\/100|[from] item: Leftovers\n|-damage|p2a: Iron Hands|3\/100 brn|[from] brn\n|upkeep\n|turn|4\n|\n|t:|1723251211\n|move|p1b: Clefairy|Protect|p1b: Clefairy\n|-singleturn|p1b: Clefairy|Protect\n|move|p2b: Lunala|Tailwind|p2b: Lunala\n|-sidestart|p2: pig duck eater|move: Tailwind\n|move|p2a: Iron Hands|Heavy Slam|p1b: Clefairy\n|-activate|p1b: Clefairy|move: Protect\n|move|p1a: Calyrex|Glacial Lance|p2b: Lunala|[spread] p2a,p2b\n|-damage|p2a: Iron Hands|0 fnt\n|-damage|p2b: Lunala|31\/100\n|faint|p2a: Iron Hands\n|-end|p2a: Iron Hands|Quark Drive|[silent]\n|-ability|p1a: Calyrex|Chilling Neigh|boost\n|-boost|p1a: Calyrex|atk|1\n|\n|-weather|Snow|[upkeep]\n|-heal|p1a: Calyrex|100\/100|[from] item: Leftovers\n|upkeep\n|\n|t:|1723251214\n|switch|p2a: Sinistcha|Sinistcha, L50|100\/100\n|-heal|p2b: Lunala|56\/100|[from] ability: Hospitality|[of] p2a: Sinistcha\n|turn|5\n|\n|t:|1723251237\n|-terastallize|p2b: Lunala|Ice\n|move|p1b: Clefairy|Follow Me|p1b: Clefairy\n|-singleturn|p1b: Clefairy|move: Follow Me\n|move|p2b: Lunala|Blizzard|p1b: Clefairy|[spread] p1a,p1b\n|-resisted|p1a: Calyrex\n|-crit|p1a: Calyrex\n|-damage|p1a: Calyrex|76\/100\n|-damage|p1b: Clefairy|0 fnt\n|faint|p1b: Clefairy\n|move|p2a: Sinistcha|Matcha Gotcha|p1a: Calyrex\n|-damage|p1a: Calyrex|53\/100\n|move|p1a: Calyrex|Glacial Lance|p2b: Lunala|[spread] p2a,p2b\n|-supereffective|p2a: Sinistcha\n|-resisted|p2b: Lunala\n|-damage|p2a: Sinistcha|0 fnt\n|-damage|p2b: Lunala|33\/100\n|faint|p2a: Sinistcha\n|-ability|p1a: Calyrex|Chilling Neigh|boost\n|-boost|p1a: Calyrex|atk|1\n|\n|-weather|none\n|-heal|p1a: Calyrex|59\/100|[from] item: Leftovers\n|upkeep\n|-message|pig duck eater forfeited.\n|\n|win|grace_my_world\n|raw|grace_my_world's rating: 1686 &rarr; <strong>1709<\/strong><br \/>(+23 for winning)\n|raw|pig duck eater's rating: 1734 &rarr; <strong>1711<\/strong><br \/>(-23 for losing)\n|l|\u2606pig duck eater\n|player|p2|\n|l|\u2606grace_my_world\n|player|p1|\n|l| THUNDERSND77\n","uploadtime":1723251440,"views":21,"formatid":"gen9vgc2024regg","rating":1709,"private":0,"password":null}