{"id":"gen9vgc2024regg-2177188728","format":"[Gen 9] VGC 2024 Reg G","players":["kojimuranishi","yaminohito1"],"log":"|j|\u2606kojimuranishi\n|j|\u2606yaminohito1\n|t:|1723273797\n|gametype|doubles\n|player|p1|kojimuranishi|1|1735\n|player|p2|yaminohito1|170|1748\n|teamsize|p1|6\n|teamsize|p2|6\n|gen|9\n|tier|[Gen 9] VGC 2024 Reg G\n|rated|\n|rule|Species Clause: Limit one of each Pok\u00e9mon\n|rule|Item Clause: Limit one of each item\n|clearpoke\n|poke|p1|Dragonite, L50, F|\n|poke|p1|Urshifu-*, L50, M|\n|poke|p1|Chien-Pao, L50|\n|poke|p1|Flutter Mane, L50|\n|poke|p1|Raging Bolt, L50|\n|poke|p1|Lunala, L50|\n|poke|p2|Dondozo, L50, M|\n|poke|p2|Tatsugiri, L50, F|\n|poke|p2|Calyrex-Shadow, L50|\n|poke|p2|Weezing-Galar, L50, F|\n|poke|p2|Maushold, L50|\n|poke|p2|Iron Hands, L50|\n|teampreview|4\n|inactive|Battle timer is ON: inactive players will automatically lose when time's up. (requested by kojimuranishi)\n|\n|t:|1723273840\n|start\n|switch|p1a: Dragonite|Dragonite, L50, F|100\/100\n|switch|p1b: Chien-Pao|Chien-Pao, L50|100\/100\n|switch|p2a: Calyrex|Calyrex-Shadow, L50|100\/100\n|switch|p2b: Weezing|Weezing-Galar, L50, F|100\/100\n|-ability|p2a: Calyrex|As One\n|-ability|p2a: Calyrex|Unnerve\n|-ability|p2b: Weezing|Neutralizing Gas\n|turn|1\n|inactive|kojimuranishi has 30 seconds left.\n|inactive|yaminohito1 has 30 seconds left.\n|inactive|kojimuranishi has 20 seconds left.\n|inactive|yaminohito1 has 20 seconds left.\n|inactive|kojimuranishi has 15 seconds left.\n|inactive|yaminohito1 has 15 seconds left.\n|inactive|kojimuranishi has 10 seconds left.\n|\n|t:|1723273888\n|-terastallize|p2a: Calyrex|Ghost\n|move|p1b: Chien-Pao|Sucker Punch|p2a: Calyrex\n|-supereffective|p2a: Calyrex\n|-damage|p2a: Calyrex|0 fnt\n|faint|p2a: Calyrex\n|-damage|p1b: Chien-Pao|91\/100|[from] item: Life Orb\n|move|p1a: Dragonite|Iron Head|p2b: Weezing\n|-supereffective|p2b: Weezing\n|-damage|p2b: Weezing|16\/100\n|-enditem|p2b: Weezing|Sitrus Berry|[eat]\n|-heal|p2b: Weezing|41\/100|[from] item: Sitrus Berry\n|cant|p2b: Weezing|flinch\n|\n|upkeep\n|\n|t:|1723273907\n|switch|p2a: Dondozo|Dondozo, L50, M|100\/100\n|turn|2\n|inactive|yaminohito1 has 30 seconds left.\n|inactive|yaminohito1 has 20 seconds left.\n|inactive|yaminohito1 has 15 seconds left.\n|\n|t:|1723273947\n|switch|p1a: Flutter Mane|Flutter Mane, L50|100\/100\n|-end|p2b: Weezing|ability: Neutralizing Gas\n|-ability|p1b: Chien-Pao|Sword of Ruin\n|switch|p2b: Tatsugiri|Tatsugiri, L50, F|100\/100\n|-activate|p2b: Tatsugiri|ability: Commander|[of] p2a: Dondozo\n|-boost|p2a: Dondozo|atk|2\n|-boost|p2a: Dondozo|spa|2\n|-boost|p2a: Dondozo|spe|2\n|-boost|p2a: Dondozo|def|2\n|-boost|p2a: Dondozo|spd|2\n|move|p1b: Chien-Pao|Protect|p1b: Chien-Pao\n|-singleturn|p1b: Chien-Pao|Protect\n|move|p2a: Dondozo|Earthquake|p1a: Flutter Mane|[spread] p1a\n|-miss|p2a: Dondozo|p2b: Tatsugiri\n|-activate|p1b: Chien-Pao|move: Protect\n|-enditem|p1a: Flutter Mane|Focus Sash\n|-damage|p1a: Flutter Mane|1\/100\n|\n|upkeep\n|turn|3\n|inactive|kojimuranishi has 30 seconds left.\n|\n|t:|1723273979\n|move|p1a: Flutter Mane|Moonblast|p2a: Dondozo\n|-damage|p2a: Dondozo|76\/100\n|move|p1b: Chien-Pao|Throat Chop|p2a: Dondozo\n|-damage|p2a: Dondozo|50\/100\n|-start|p2a: Dondozo|Throat Chop|[silent]\n|-damage|p1b: Chien-Pao|81\/100|[from] item: Life Orb\n|move|p2a: Dondozo|Earthquake|p1b: Chien-Pao|[spread] p1a,p1b\n|-miss|p2a: Dondozo|p2b: Tatsugiri\n|-damage|p1a: Flutter Mane|0 fnt\n|-damage|p1b: Chien-Pao|13\/100\n|faint|p1a: Flutter Mane\n|-end|p1a: Flutter Mane|Protosynthesis|[silent]\n|\n|-heal|p2a: Dondozo|57\/100|[from] item: Leftovers\n|upkeep\n|inactive|kojimuranishi has 30 seconds left.\n|inactive|kojimuranishi has 20 seconds left.\n|inactive|kojimuranishi has 15 seconds left.\n|inactive|kojimuranishi has 10 seconds left.\n|inactive|kojimuranishi has 5 seconds left.\n|\n|t:|1723274030\n|switch|p1a: Lunala|Lunala, L50|100\/100\n|turn|4\n|\n|t:|1723274040\n|move|p1b: Chien-Pao|Protect|p1b: Chien-Pao\n|-singleturn|p1b: Chien-Pao|Protect\n|move|p2a: Dondozo|Protect|p2a: Dondozo\n|-singleturn|p2a: Dondozo|Protect\n|move|p1a: Lunala|Moongeist Beam|p2a: Dondozo\n|-activate|p2a: Dondozo|move: Protect\n|\n|-heal|p2a: Dondozo|63\/100|[from] item: Leftovers\n|-end|p2a: Dondozo|Throat Chop|[silent]\n|upkeep\n|turn|5\n|\n|t:|1723274055\n|move|p1b: Chien-Pao|Throat Chop|p2a: Dondozo\n|-damage|p2a: Dondozo|40\/100\n|-start|p2a: Dondozo|Throat Chop|[silent]\n|-damage|p1b: Chien-Pao|4\/100|[from] item: Life Orb\n|move|p2a: Dondozo|Earthquake|p1a: Lunala|[spread] p1a,p1b\n|-miss|p2a: Dondozo|p2b: Tatsugiri\n|-damage|p1a: Lunala|73\/100\n|-damage|p1b: Chien-Pao|0 fnt\n|faint|p1b: Chien-Pao\n|move|p1a: Lunala|Moongeist Beam|p2a: Dondozo\n|-damage|p2a: Dondozo|8\/100\n|\n|-heal|p2a: Dondozo|15\/100|[from] item: Leftovers\n|upkeep\n|\n|t:|1723274070\n|switch|p1b: Dragonite|Dragonite, L50, F|100\/100\n|turn|6\n|\n|t:|1723274087\n|-terastallize|p1b: Dragonite|Normal\n|move|p2a: Dondozo|Protect|p2a: Dondozo\n|-singleturn|p2a: Dondozo|Protect\n|move|p1b: Dragonite|Extreme Speed|p2a: Dondozo\n|-activate|p2a: Dondozo|move: Protect\n|move|p1a: Lunala|Meteor Beam||[still]\n|-prepare|p1a: Lunala|Meteor Beam\n|-boost|p1a: Lunala|spa|1\n|-enditem|p1a: Lunala|Power Herb\n|-anim|p1a: Lunala|Meteor Beam|p2a: Dondozo\n|-activate|p2a: Dondozo|move: Protect\n|\n|-heal|p2a: Dondozo|21\/100|[from] item: Leftovers\n|-end|p2a: Dondozo|Throat Chop|[silent]\n|upkeep\n|turn|7\n|inactive|yaminohito1 has 30 seconds left.\n|\n|t:|1723274121\n|move|p1b: Dragonite|Extreme Speed|p2a: Dondozo\n|-damage|p2a: Dondozo|0 fnt\n|faint|p2a: Dondozo\n|move|p1a: Lunala|Dazzling Gleam|p2b: Tatsugiri\n|-supereffective|p2b: Tatsugiri\n|-enditem|p2b: Tatsugiri|Focus Sash\n|-damage|p2b: Tatsugiri|1\/100\n|\n|upkeep\n|\n|t:|1723274130\n|switch|p2a: Weezing|Weezing-Galar, L50, F|41\/100\n|-ability|p2a: Weezing|Neutralizing Gas\n|turn|8\n|-message|yaminohito1 forfeited.\n|\n|win|kojimuranishi\n|raw|kojimuranishi's rating: 1735 &rarr; <strong>1756<\/strong><br \/>(+21 for winning)\n|raw|yaminohito1's rating: 1748 &rarr; <strong>1727<\/strong><br \/>(-21 for losing)\n|l|\u2606yaminohito1\n|player|p2|\n|l|\u2606kojimuranishi\n|player|p1|\n","uploadtime":1723274394,"views":45,"formatid":"gen9vgc2024regg","rating":1727,"private":0,"password":null}