{"id":"gen9vgc2024regg-2177355185","format":"[Gen 9] VGC 2024 Reg G","players":["Krisuerte","tremendo_perkin"],"log":"|j|\u2606Krisuerte\n|j|\u2606tremendo_perkin\n|t:|1723301848\n|gametype|doubles\n|player|p1|Krisuerte|1|1718\n|player|p2|tremendo_perkin|265|1698\n|teamsize|p1|6\n|teamsize|p2|6\n|gen|9\n|tier|[Gen 9] VGC 2024 Reg G\n|rated|\n|rule|Species Clause: Limit one of each Pok\u00e9mon\n|rule|Item Clause: Limit one of each item\n|clearpoke\n|poke|p1|Groudon, L50|\n|poke|p1|Gouging Fire, L50|\n|poke|p1|Raging Bolt, L50|\n|poke|p1|Flutter Mane, L50|\n|poke|p1|Walking Wake, L50|\n|poke|p1|Urshifu-*, L50, F|\n|poke|p2|Miraidon, L50|\n|poke|p2|Ogerpon-Hearthflame, L50, F|\n|poke|p2|Farigiraf, L50, M|\n|poke|p2|Whimsicott, L50, F|\n|poke|p2|Iron Hands, L50|\n|poke|p2|Urshifu-*, L50, F|\n|teampreview|4\n|inactive|Battle timer is ON: inactive players will automatically lose when time's up. (requested by tremendo_perkin)\n|inactive|tremendo_perkin has 60 seconds left.\n|\n|t:|1723301883\n|start\n|switch|p1a: Flutter Mane|Flutter Mane, L50|100\/100\n|switch|p1b: Groudon|Groudon, L50|100\/100\n|switch|p2a: Whimsicott|Whimsicott, L50, F|100\/100\n|switch|p2b: Miraidon|Miraidon, L50|100\/100\n|-fieldstart|move: Electric Terrain|[from] ability: Hadron Engine|[of] p2b: Miraidon\n|-weather|SunnyDay|[from] ability: Drought|[of] p1b: Groudon\n|-activate|p1a: Flutter Mane|ability: Protosynthesis\n|-start|p1a: Flutter Mane|protosynthesisspe\n|turn|1\n|\n|t:|1723301906\n|move|p2a: Whimsicott|Tailwind|p2a: Whimsicott\n|-sidestart|p2: tremendo_perkin|move: Tailwind\n|move|p2b: Miraidon|Draco Meteor|p1b: Groudon\n|-damage|p1b: Groudon|8\/100\n|-unboost|p2b: Miraidon|spa|2\n|move|p1b: Groudon|Precipice Blades|p2a: Whimsicott|[spread] p2a,p2b\n|-resisted|p2a: Whimsicott\n|-supereffective|p2b: Miraidon\n|-damage|p2a: Whimsicott|59\/100\n|-damage|p2b: Miraidon|0 fnt\n|faint|p2b: Miraidon\n|move|p1a: Flutter Mane|Trick Room|p1a: Flutter Mane\n|-fieldstart|move: Trick Room|[of] p1a: Flutter Mane\n|\n|-weather|SunnyDay|[upkeep]\n|upkeep\n|\n|t:|1723301920\n|switch|p2b: Iron Hands|Iron Hands, L50|100\/100\n|-activate|p2b: Iron Hands|ability: Quark Drive\n|-start|p2b: Iron Hands|quarkdriveatk\n|turn|2\n|\n|t:|1723301938\n|-end|p1a: Flutter Mane|Protosynthesis|[silent]\n|switch|p1a: Gouging Fire|Gouging Fire, L50|100\/100\n|-activate|p1a: Gouging Fire|ability: Protosynthesis\n|-start|p1a: Gouging Fire|protosynthesisatk\n|move|p2b: Iron Hands|Fake Out|p1b: Groudon\n|-damage|p1b: Groudon|0 fnt\n|faint|p1b: Groudon\n|move|p2a: Whimsicott|Encore||[still]\n|-fail|p2a: Whimsicott\n|\n|-weather|SunnyDay|[upkeep]\n|upkeep\n|\n|t:|1723301950\n|switch|p1b: Raging Bolt|Raging Bolt, L50|100\/100\n|-activate|p1b: Raging Bolt|ability: Protosynthesis\n|-start|p1b: Raging Bolt|protosynthesisspa\n|turn|3\n|inactive|tremendo_perkin has 30 seconds left.\n|inactive|tremendo_perkin has 20 seconds left.\n|inactive|tremendo_perkin has 15 seconds left.\n|\n|t:|1723301994\n|-terastallize|p1b: Raging Bolt|Electric\n|move|p2a: Whimsicott|Light Screen|p2a: Whimsicott\n|-sidestart|p2: tremendo_perkin|move: Light Screen\n|move|p1b: Raging Bolt|Thunderbolt|p2a: Whimsicott\n|-resisted|p2a: Whimsicott\n|-damage|p2a: Whimsicott|12\/100\n|move|p2b: Iron Hands|Ice Punch|p1b: Raging Bolt\n|-damage|p1b: Raging Bolt|67\/100\n|move|p1a: Gouging Fire|Breaking Swipe|p2b: Iron Hands|[spread] p2b\n|-immune|p2a: Whimsicott\n|-damage|p2b: Iron Hands|83\/100\n|-unboost|p2b: Iron Hands|atk|1\n|\n|-weather|SunnyDay|[upkeep]\n|-heal|p1b: Raging Bolt|73\/100|[from] item: Leftovers\n|upkeep\n|turn|4\n|inactive|tremendo_perkin has 30 seconds left.\n|\n|t:|1723302022\n|move|p2a: Whimsicott|Encore|p1b: Raging Bolt\n|-start|p1b: Raging Bolt|Encore\n|move|p1b: Raging Bolt|Thunderbolt|p2a: Whimsicott\n|-resisted|p2a: Whimsicott\n|-damage|p2a: Whimsicott|0 fnt\n|faint|p2a: Whimsicott\n|move|p2b: Iron Hands|Drain Punch|p1b: Raging Bolt\n|-damage|p1b: Raging Bolt|42\/100\n|-heal|p2b: Iron Hands|99\/100|[from] drain|[of] p1b: Raging Bolt\n|move|p1a: Gouging Fire|Breaking Swipe|p2b: Iron Hands\n|-damage|p2b: Iron Hands|76\/100\n|-unboost|p2b: Iron Hands|atk|1\n|\n|-weather|SunnyDay|[upkeep]\n|-heal|p1b: Raging Bolt|48\/100|[from] item: Leftovers\n|-sideend|p2: tremendo_perkin|move: Tailwind\n|upkeep\n|\n|t:|1723302034\n|switch|p2a: Ogerpon|Ogerpon-Hearthflame, L50, F|100\/100\n|-ability|p2a: Ogerpon|Mold Breaker\n|turn|5\n|\n|t:|1723302048\n|move|p2b: Iron Hands|Drain Punch|p1a: Gouging Fire\n|-damage|p1a: Gouging Fire|79\/100\n|-heal|p2b: Iron Hands|87\/100|[from] drain|[of] p1a: Gouging Fire\n|move|p1b: Raging Bolt|Thunderbolt|p2a: Ogerpon\n|-resisted|p2a: Ogerpon\n|-damage|p2a: Ogerpon|53\/100\n|move|p1a: Gouging Fire|Breaking Swipe|p2a: Ogerpon|[spread] p2a,p2b\n|-damage|p2a: Ogerpon|18\/100\n|-damage|p2b: Iron Hands|68\/100\n|-unboost|p2a: Ogerpon|atk|1\n|-unboost|p2b: Iron Hands|atk|1\n|move|p2a: Ogerpon|Ivy Cudgel|p1b: Raging Bolt|[anim] Ivy Cudgel Fire\n|-damage|p1b: Raging Bolt|0 fnt\n|faint|p1b: Raging Bolt\n|-end|p1b: Raging Bolt|Protosynthesis|[silent]\n|\n|-weather|none\n|-end|p1a: Gouging Fire|Protosynthesis\n|-fieldend|move: Trick Room\n|-fieldend|move: Electric Terrain\n|-end|p2b: Iron Hands|Quark Drive\n|upkeep\n|\n|t:|1723302068\n|switch|p1b: Flutter Mane|Flutter Mane, L50|100\/100\n|turn|6\n|\n|t:|1723302080\n|move|p2a: Ogerpon|Spiky Shield|p2a: Ogerpon\n|-singleturn|p2a: Ogerpon|move: Protect\n|move|p1b: Flutter Mane|Shadow Ball|p2a: Ogerpon\n|-activate|p2a: Ogerpon|move: Protect\n|move|p1a: Gouging Fire|Dragon Rush|p2b: Iron Hands\n|-damage|p2b: Iron Hands|36\/100\n|move|p2b: Iron Hands|Wild Charge|p1b: Flutter Mane\n|-damage|p1b: Flutter Mane|50\/100\n|-damage|p2b: Iron Hands|28\/100|[from] Recoil\n|\n|upkeep\n|turn|7\n|\n|t:|1723302099\n|move|p1b: Flutter Mane|Shadow Ball|p2a: Ogerpon\n|-damage|p2a: Ogerpon|0 fnt\n|faint|p2a: Ogerpon\n|move|p1a: Gouging Fire|Flare Blitz|p2b: Iron Hands\n|-damage|p2b: Iron Hands|0 fnt\n|faint|p2b: Iron Hands\n|-end|p2b: Iron Hands|Quark Drive|[silent]\n|-damage|p1a: Gouging Fire|69\/100|[from] Recoil\n|\n|win|Krisuerte\n|raw|Krisuerte's rating: 1718 &rarr; <strong>1737<\/strong><br \/>(+19 for winning)\n|raw|tremendo_perkin's rating: 1698 &rarr; <strong>1679<\/strong><br \/>(-19 for losing)\n|l|\u2606Krisuerte\n|player|p1|\n","uploadtime":1723302283,"views":26,"formatid":"gen9vgc2024regg","rating":1679,"private":0,"password":null}