{"id":"gen9vgc2024regg-2177286690","format":"[Gen 9] VGC 2024 Reg G","players":["tuanzai233","kojimuranishi"],"log":"|j|\u2606tuanzai233\n|j|\u2606kojimuranishi\n|t:|1723292578\n|gametype|doubles\n|player|p1|tuanzai233|2|1659\n|player|p2|kojimuranishi|169|1715\n|teamsize|p1|6\n|teamsize|p2|6\n|gen|9\n|tier|[Gen 9] VGC 2024 Reg G\n|rated|\n|rule|Species Clause: Limit one of each Pok\u00e9mon\n|rule|Item Clause: Limit one of each item\n|clearpoke\n|poke|p1|Indeedee-F, L50, F|\n|poke|p1|Torkoal, L50, M|\n|poke|p1|Calyrex-Ice, L50|\n|poke|p1|Annihilape, L50, F|\n|poke|p1|Urshifu-*, L50, F|\n|poke|p1|Brute Bonnet, L50|\n|poke|p2|Dragonite, L50, M|\n|poke|p2|Urshifu-*, L50, F|\n|poke|p2|Chien-Pao, L50|\n|poke|p2|Flutter Mane, L50|\n|poke|p2|Raging Bolt, L50|\n|poke|p2|Lunala, L50|\n|teampreview|4\n|inactive|Battle timer is ON: inactive players will automatically lose when time's up. (requested by kojimuranishi)\n|\n|t:|1723292603\n|start\n|switch|p1a: Calyrex|Calyrex-Ice, L50|100\/100\n|switch|p1b: Indeedee|Indeedee-F, L50, F|100\/100\n|switch|p2a: Flutter Mane|Flutter Mane, L50|100\/100\n|switch|p2b: Lunala|Lunala, L50|100\/100\n|-ability|p1a: Calyrex|As One\n|-ability|p1a: Calyrex|Unnerve\n|-fieldstart|move: Psychic Terrain|[from] ability: Psychic Surge|[of] p1b: Indeedee\n|turn|1\n|\n|t:|1723292619\n|move|p1b: Indeedee|Follow Me|p1b: Indeedee\n|-singleturn|p1b: Indeedee|move: Follow Me\n|move|p2a: Flutter Mane|Taunt|p1b: Indeedee\n|-start|p1b: Indeedee|move: Taunt\n|move|p2b: Lunala|Meteor Beam||[still]\n|-prepare|p2b: Lunala|Meteor Beam\n|-boost|p2b: Lunala|spa|1\n|-enditem|p2b: Lunala|Power Herb\n|-anim|p2b: Lunala|Meteor Beam|p1b: Indeedee\n|-damage|p1b: Indeedee|37\/100\n|move|p1a: Calyrex|Trick Room|p1a: Calyrex\n|-fieldstart|move: Trick Room|[of] p1a: Calyrex\n|\n|upkeep\n|turn|2\n|\n|t:|1723292636\n|switch|p1b: Brute Bonnet|Brute Bonnet, L50|100\/100\n|-terastallize|p1a: Calyrex|Fire\n|move|p2b: Lunala|Wide Guard|p2b: Lunala\n|-singleturn|p2b: Lunala|Wide Guard\n|move|p1a: Calyrex|Glacial Lance|p2a: Flutter Mane|[spread] \n|-activate|p2a: Flutter Mane|move: Wide Guard\n|-activate|p2b: Lunala|move: Wide Guard\n|move|p2a: Flutter Mane|Shadow Ball|p1a: Calyrex\n|-damage|p1a: Calyrex|73\/100\n|\n|upkeep\n|turn|3\n|\n|t:|1723292654\n|move|p2b: Lunala|Wide Guard|p2b: Lunala\n|-singleturn|p2b: Lunala|Wide Guard\n|move|p1a: Calyrex|High Horsepower|p2a: Flutter Mane\n|-damage|p2a: Flutter Mane|17\/100\n|move|p1b: Brute Bonnet|Spore|p2b: Lunala\n|-status|p2b: Lunala|slp|[from] move: Spore\n|move|p2a: Flutter Mane|Taunt|p1b: Brute Bonnet\n|-start|p1b: Brute Bonnet|move: Taunt\n|\n|upkeep\n|turn|4\n|\n|t:|1723292674\n|cant|p2b: Lunala|slp\n|move|p1a: Calyrex|Glacial Lance|p2a: Flutter Mane|[spread] p2a,p2b\n|-damage|p2a: Flutter Mane|0 fnt\n|-damage|p2b: Lunala|75\/100 slp\n|faint|p2a: Flutter Mane\n|-end|p2a: Flutter Mane|Protosynthesis|[silent]\n|-ability|p1a: Calyrex|Chilling Neigh|boost\n|-boost|p1a: Calyrex|atk|1\n|move|p1b: Brute Bonnet|Crunch|p2b: Lunala\n|-supereffective|p2b: Lunala\n|-damage|p2b: Lunala|0 fnt\n|faint|p2b: Lunala\n|\n|upkeep\n|\n|t:|1723292687\n|switch|p2b: Dragonite|Dragonite, L50, M|100\/100\n|switch|p2a: Chien-Pao|Chien-Pao, L50|100\/100\n|-ability|p2a: Chien-Pao|Sword of Ruin\n|turn|5\n|\n|t:|1723292695\n|-end|p1b: Brute Bonnet|Protosynthesis|[silent]\n|switch|p1b: Indeedee|Indeedee-F, L50, F|37\/100\n|-terastallize|p2b: Dragonite|Normal\n|move|p2a: Chien-Pao|Protect|p2a: Chien-Pao\n|-singleturn|p2a: Chien-Pao|Protect\n|move|p1a: Calyrex|Glacial Lance|p2a: Chien-Pao|[spread] p2b\n|-activate|p2a: Chien-Pao|move: Protect\n|-damage|p2b: Dragonite|41\/100\n|move|p2b: Dragonite|Outrage|p1a: Calyrex\n|-damage|p1a: Calyrex|0 fnt\n|faint|p1a: Calyrex\n|\n|-fieldend|move: Trick Room\n|-fieldend|move: Psychic Terrain\n|upkeep\n|\n|t:|1723292711\n|switch|p1a: Brute Bonnet|Brute Bonnet, L50|100\/100\n|turn|6\n|\n|t:|1723292723\n|move|p1b: Indeedee|Follow Me|p1b: Indeedee\n|-singleturn|p1b: Indeedee|move: Follow Me\n|move|p2a: Chien-Pao|Throat Chop|p1b: Indeedee\n|-supereffective|p1b: Indeedee\n|-damage|p1b: Indeedee|0 fnt\n|faint|p1b: Indeedee\n|-damage|p2a: Chien-Pao|91\/100|[from] item: Life Orb\n|move|p2b: Dragonite|Outrage|p1a: Brute Bonnet|[from]lockedmove\n|-damage|p1a: Brute Bonnet|2\/100\n|-enditem|p1a: Brute Bonnet|Sitrus Berry|[eat]\n|-heal|p1a: Brute Bonnet|27\/100|[from] item: Sitrus Berry\n|move|p1a: Brute Bonnet|Spore|p2b: Dragonite\n|-status|p2b: Dragonite|slp|[from] move: Spore\n|\n|upkeep\n|\n|t:|1723292727\n|switch|p1b: Torkoal|Torkoal, L50, M|100\/100\n|-weather|SunnyDay|[from] ability: Drought|[of] p1b: Torkoal\n|-activate|p1a: Brute Bonnet|ability: Protosynthesis\n|-start|p1a: Brute Bonnet|protosynthesisdef\n|turn|7\n|inactive|kojimuranishi has 30 seconds left.\n|inactive|kojimuranishi has 20 seconds left.\n|inactive|kojimuranishi has 15 seconds left.\n|inactive|kojimuranishi has 10 seconds left.\n|inactive|kojimuranishi has 5 seconds left.\n|\n|t:|1723292782\n|move|p1a: Brute Bonnet|Rage Powder|p1a: Brute Bonnet\n|-singleturn|p1a: Brute Bonnet|move: Rage Powder\n|move|p2a: Chien-Pao|Ice Spinner|p1a: Brute Bonnet\n|-supereffective|p1a: Brute Bonnet\n|-crit|p1a: Brute Bonnet\n|-damage|p1a: Brute Bonnet|0 fnt\n|faint|p1a: Brute Bonnet\n|-end|p1a: Brute Bonnet|Protosynthesis|[silent]\n|-damage|p2a: Chien-Pao|81\/100|[from] item: Life Orb\n|cant|p2b: Dragonite|slp\n|move|p1b: Torkoal|Eruption|p2b: Dragonite|[spread] p2a,p2b\n|-supereffective|p2a: Chien-Pao\n|-damage|p2a: Chien-Pao|0 fnt\n|-damage|p2b: Dragonite|0 fnt\n|faint|p2a: Chien-Pao\n|faint|p2b: Dragonite\n|\n|win|tuanzai233\n|raw|tuanzai233's rating: 1659 &rarr; <strong>1682<\/strong><br \/>(+23 for winning)\n|raw|kojimuranishi's rating: 1715 &rarr; <strong>1692<\/strong><br \/>(-23 for losing)\n|l|\u2606tuanzai233\n|player|p1|\n|l|\u2606kojimuranishi\n|player|p2|\n","uploadtime":1723292963,"views":20,"formatid":"gen9vgc2024regg","rating":1682,"private":0,"password":null}