{"id":"gen9vgc2024regg-2177111564","format":"[Gen 9] VGC 2024 Reg G","players":["Paradox Mourinho","greenlightdmp"],"log":"|j|\u2606Paradox Mourinho\n|j|\u2606greenlightdmp\n|t:|1723260625\n|gametype|doubles\n|player|p1|Paradox Mourinho|lance|1725\n|player|p2|greenlightdmp|265|1796\n|teamsize|p1|6\n|teamsize|p2|6\n|gen|9\n|tier|[Gen 9] VGC 2024 Reg G\n|rated|\n|rule|Species Clause: Limit one of each Pok\u00e9mon\n|rule|Item Clause: Limit one of each item\n|clearpoke\n|poke|p1|Kingambit, L50, M|\n|poke|p1|Tornadus, L50, M|\n|poke|p1|Landorus, L50, M|\n|poke|p1|Scream Tail, L50|\n|poke|p1|Urshifu-*, L50, F|\n|poke|p1|Eternatus, L50|\n|poke|p2|Calyrex-Ice, L50|\n|poke|p2|Smeargle, L50, F|\n|poke|p2|Ursaluna-Bloodmoon, L50, M|\n|poke|p2|Indeedee-F, L50, F|\n|poke|p2|Amoonguss, L50, M|\n|poke|p2|Raging Bolt, L50|\n|teampreview|4\n|inactive|Battle timer is ON: inactive players will automatically lose when time's up. (requested by greenlightdmp)\ngreenlightdmp has agreed to open team sheets.\n|inactive|greenlightdmp has 60 seconds left.\n|\n|t:|1723260680\n|start\n|switch|p1a: Eternatus|Eternatus, L50|100\/100\n|switch|p1b: Urshifu|Urshifu-Rapid-Strike, L50, F|100\/100\n|switch|p2a: FENIER|Calyrex-Ice, L50|100\/100\n|switch|p2b: Frigga|Indeedee-F, L50, F|100\/100\n|-ability|p2a: FENIER|As One\n|-ability|p2a: FENIER|Unnerve\n|-ability|p1a: Eternatus|Pressure\n|-fieldstart|move: Psychic Terrain|[from] ability: Psychic Surge|[of] p2b: Frigga\n|turn|1\n|\n|t:|1723260702\n|move|p2b: Frigga|Follow Me|p2b: Frigga\n|-singleturn|p2b: Frigga|move: Follow Me\n|move|p1a: Eternatus|Dynamax Cannon|p2b: Frigga\n|-damage|p2b: Frigga|45\/100\n|move|p1b: Urshifu|Taunt|p2b: Frigga\n|-start|p2b: Frigga|move: Taunt\n|move|p2a: FENIER|Glacial Lance|p1b: Urshifu|[spread] p1a,p1b\n|-supereffective|p1a: Eternatus\n|-resisted|p1b: Urshifu\n|-damage|p1a: Eternatus|2\/100\n|-damage|p1b: Urshifu|69\/100\n|\n|upkeep\n|turn|2\n|inactive|greenlightdmp has 30 seconds left.\n|inactive|Paradox Mourinho has 30 seconds left.\n|inactive|greenlightdmp has 20 seconds left.\n|inactive|greenlightdmp has 15 seconds left.\n|\n|t:|1723260742\n|switch|p2a: Baldyr|Amoonguss, L50, M|100\/100\n|-terastallize|p1a: Eternatus|Rock\n|move|p1a: Eternatus|Meteor Beam||[still]\n|-prepare|p1a: Eternatus|Meteor Beam\n|-boost|p1a: Eternatus|spa|1\n|-enditem|p1a: Eternatus|Power Herb\n|-anim|p1a: Eternatus|Meteor Beam|p2a: Baldyr\n|-damage|p2a: Baldyr|0 fnt\n|faint|p2a: Baldyr\n|move|p1b: Urshifu|Close Combat|p2b: Frigga\n|-damage|p2b: Frigga|0 fnt\n|-unboost|p1b: Urshifu|def|1\n|-unboost|p1b: Urshifu|spd|1\n|faint|p2b: Frigga\n|\n|upkeep\n|\n|t:|1723260759\n|switch|p2b: Hell|Ursaluna-Bloodmoon, L50, M|100\/100\n|switch|p2a: FENIER|Calyrex-Ice, L50|100\/100\n|-ability|p2a: FENIER|As One\n|-ability|p2a: FENIER|Unnerve\n|turn|3\n|inactive|Paradox Mourinho has 30 seconds left.\n|inactive|greenlightdmp has 30 seconds left.\n|\n|t:|1723260792\n|-terastallize|p2b: Hell|Normal\n|move|p1a: Eternatus|Dynamax Cannon|p2b: Hell\n|-damage|p2b: Hell|0 fnt\n|faint|p2b: Hell\n|move|p1b: Urshifu|Close Combat|p2a: FENIER\n|-damage|p2a: FENIER|57\/100\n|-unboost|p1b: Urshifu|def|1\n|-unboost|p1b: Urshifu|spd|1\n|move|p2a: FENIER|Trick Room|p2a: FENIER\n|-fieldstart|move: Trick Room|[of] p2a: FENIER\n|\n|upkeep\n|turn|4\n|\n|t:|1723260805\n|switch|p1b: Kingambit|Kingambit, L50, M, shiny|100\/100\n|move|p1a: Eternatus|Protect|p1a: Eternatus\n|-singleturn|p1a: Eternatus|Protect\n|move|p2a: FENIER|Glacial Lance|p1b: Kingambit|[spread] p1b\n|-activate|p1a: Eternatus|move: Protect\n|-resisted|p1b: Kingambit\n|-damage|p1b: Kingambit|79\/100\n|\n|upkeep\n|turn|5\n|\n|t:|1723260826\n|switch|p1a: Urshifu|Urshifu-Rapid-Strike, L50, F|69\/100\n|move|p1b: Kingambit|Kowtow Cleave|p2a: FENIER\n|-supereffective|p2a: FENIER\n|-damage|p2a: FENIER|0 fnt\n|faint|p2a: FENIER\n|\n|win|Paradox Mourinho\n|raw|Paradox Mourinho's rating: 1725 &rarr; <strong>1749<\/strong><br \/>(+24 for winning)\n|raw|greenlightdmp's rating: 1796 &rarr; <strong>1772<\/strong><br \/>(-24 for losing)\n|l|\u2606greenlightdmp\n|player|p2|\n|l|\u2606Paradox Mourinho\n|player|p1|\n","uploadtime":1723261077,"views":76,"formatid":"gen9vgc2024regg","rating":1749,"private":0,"password":null}