{"id":"gen9vgc2024regg-2178393618","format":"[Gen 9] VGC 2024 Reg G","players":["trchlt1","harvey's suit"],"log":"|j|\u2606trchlt1\n|j|\u2606harvey's suit\n|t:|1723438533\n|gametype|doubles\n|player|p1|trchlt1|102|1672\n|player|p2|harvey's suit|gentleman-gen4|1710\n|teamsize|p1|6\n|teamsize|p2|6\n|gen|9\n|tier|[Gen 9] VGC 2024 Reg G\n|rated|\n|rule|Species Clause: Limit one of each Pok\u00e9mon\n|rule|Item Clause: Limit 1 of each item\n|clearpoke\n|poke|p1|Kyogre, L50|\n|poke|p1|Tornadus, L50, M|\n|poke|p1|Landorus, L50, M|\n|poke|p1|Rillaboom, L50, F|\n|poke|p1|Farigiraf, L50, F|\n|poke|p1|Urshifu-*, L50, F|\n|poke|p2|Calyrex-Ice, L50|\n|poke|p2|Ditto, L50|\n|poke|p2|Flutter Mane, L50|\n|poke|p2|Incineroar, L50, F|\n|poke|p2|Ogerpon-Cornerstone, L50, F|\n|poke|p2|Urshifu-*, L50, M|\n|teampreview|4\ntrchlt1 has agreed to open team sheets.\n|inactive|Battle timer is ON: inactive players will automatically lose when time's up. (requested by trchlt1)\n|inactive|harvey's suit has 60 seconds left.\n|\n|t:|1723438570\n|start\n|switch|p1a: Landorus|Landorus, L50, M|100\/100\n|switch|p1b: Kyogre|Kyogre, L50|100\/100\n|switch|p2a: Flutter Mane|Flutter Mane, L50|100\/100\n|switch|p2b: Ogerpon|Ogerpon-Cornerstone, L50, F|100\/100\n|-weather|RainDance|[from] ability: Drizzle|[of] p1b: Kyogre\n|-enditem|p2a: Flutter Mane|Booster Energy\n|-activate|p2a: Flutter Mane|ability: Protosynthesis|[fromitem]\n|-start|p2a: Flutter Mane|protosynthesisspe\n|turn|1\n|inactive|trchlt1 has 30 seconds left.\n|inactive|trchlt1 has 20 seconds left.\n|\n|t:|1723438606\n|switch|p1b: Farigiraf|Farigiraf, L50, F|100\/100\n|-terastallize|p2a: Flutter Mane|Water\n|-terastallize|p1a: Landorus|Poison\n|move|p2a: Flutter Mane|Icy Wind|p1a: Landorus|[spread] p1a,p1b\n|-crit|p1b: Farigiraf\n|-damage|p1a: Landorus|84\/100\n|-damage|p1b: Farigiraf|85\/100\n|-unboost|p1a: Landorus|spe|1\n|-unboost|p1b: Farigiraf|spe|1\n|move|p2b: Ogerpon|Power Whip|p1a: Landorus\n|-resisted|p1a: Landorus\n|-damage|p1a: Landorus|42\/100\n|move|p1a: Landorus|Sandsear Storm|p2b: Ogerpon|[spread] p2a,p2b\n|-crit|p2a: Flutter Mane\n|-damage|p2a: Flutter Mane|16\/100\n|-damage|p2b: Ogerpon|30\/100\n|\n|-weather|RainDance|[upkeep]\n|upkeep\n|turn|2\n|inactive|trchlt1 has 30 seconds left.\n|inactive|harvey's suit has 30 seconds left.\n|inactive|trchlt1 has 20 seconds left.\n|inactive|trchlt1 has 15 seconds left.\n|inactive|trchlt1 has 10 seconds left.\n|\n|t:|1723438653\n|switch|p1a: Urshifu|Urshifu-Rapid-Strike, L50, F|100\/100\n|move|p2a: Flutter Mane|Protect|p2a: Flutter Mane\n|-singleturn|p2a: Flutter Mane|Protect\n|move|p2b: Ogerpon|Ivy Cudgel|p1a: Urshifu|[anim] Ivy Cudgel Rock\n|-resisted|p1a: Urshifu\n|-damage|p1a: Urshifu|69\/100\n|move|p1b: Farigiraf|Psychic Noise|p2a: Flutter Mane\n|-activate|p2a: Flutter Mane|move: Protect\n|\n|-weather|RainDance|[upkeep]\n|upkeep\n|turn|3\n|inactive|trchlt1 has 30 seconds left.\n|inactive|harvey's suit has 30 seconds left.\n|inactive|harvey's suit has 20 seconds left.\n|\n|t:|1723438692\n|move|p1a: Urshifu|Aqua Jet|p2a: Flutter Mane\n|-resisted|p2a: Flutter Mane\n|-damage|p2a: Flutter Mane|0 fnt\n|faint|p2a: Flutter Mane\n|-end|p2a: Flutter Mane|Protosynthesis|[silent]\n|move|p2b: Ogerpon|Power Whip|p1b: Farigiraf\n|-damage|p1b: Farigiraf|26\/100\n|-enditem|p1b: Farigiraf|Sitrus Berry|[eat]\n|-heal|p1b: Farigiraf|51\/100|[from] item: Sitrus Berry\n|move|p1b: Farigiraf|Foul Play|p2b: Ogerpon\n|-damage|p2b: Ogerpon|0 fnt\n|faint|p2b: Ogerpon\n|\n|-weather|RainDance|[upkeep]\n|upkeep\n|\n|t:|1723438708\n|switch|p2a: Calyrex|Calyrex-Ice, L50|100\/100\n|switch|p2b: Urshifu|Urshifu-Rapid-Strike, L50, M|100\/100\n|-ability|p2a: Calyrex|As One\n|-ability|p2a: Calyrex|Unnerve\n|turn|4\n|inactive|trchlt1 has 30 seconds left.\n|inactive|harvey's suit has 30 seconds left.\n|inactive|harvey's suit has 20 seconds left.\n|j| mr pogostick\n|\n|t:|1723438756\n|move|p1b: Farigiraf|Helping Hand|p1a: Urshifu\n|-singleturn|p1a: Urshifu|Helping Hand|[of] p1b: Farigiraf\n|move|p2b: Urshifu|Close Combat|p1a: Urshifu\n|-damage|p1a: Urshifu|7\/100\n|-unboost|p2b: Urshifu|def|1\n|-unboost|p2b: Urshifu|spd|1\n|move|p1a: Urshifu|Close Combat|p2b: Urshifu\n|-damage|p2b: Urshifu|0 fnt\n|-unboost|p1a: Urshifu|def|1\n|-unboost|p1a: Urshifu|spd|1\n|faint|p2b: Urshifu\n|move|p2a: Calyrex|Glacial Lance|p1a: Urshifu|[spread] p1a,p1b\n|-resisted|p1a: Urshifu\n|-damage|p1a: Urshifu|0 fnt\n|-damage|p1b: Farigiraf|2\/100\n|faint|p1a: Urshifu\n|-ability|p2a: Calyrex|Chilling Neigh|boost\n|-boost|p2a: Calyrex|atk|1\n|\n|-weather|RainDance|[upkeep]\n|upkeep\n|\n|t:|1723438778\n|switch|p1a: Landorus|Landorus, L50, M, tera:Poison|42\/100\n|turn|5\n|\n|t:|1723438787\n|move|p1b: Farigiraf|Helping Hand|p1a: Landorus\n|-singleturn|p1a: Landorus|Helping Hand|[of] p1b: Farigiraf\n|move|p2a: Calyrex|Protect|p2a: Calyrex\n|-singleturn|p2a: Calyrex|Protect\n|move|p1a: Landorus|Sandsear Storm|p2a: Calyrex\n|-activate|p2a: Calyrex|move: Protect\n|\n|-weather|none\n|upkeep\n|turn|6\n|\n|t:|1723438798\n|move|p1b: Farigiraf|Helping Hand|p1a: Landorus\n|-singleturn|p1a: Landorus|Helping Hand|[of] p1b: Farigiraf\n|move|p1a: Landorus|Earth Power|p2a: Calyrex\n|-damage|p2a: Calyrex|29\/100\n|move|p2a: Calyrex|Glacial Lance|p1b: Farigiraf|[spread] p1a,p1b\n|-damage|p1a: Landorus|0 fnt\n|-damage|p1b: Farigiraf|0 fnt\n|faint|p1a: Landorus\n|faint|p1b: Farigiraf\n|-ability|p2a: Calyrex|Chilling Neigh|boost\n|-boost|p2a: Calyrex|atk|2\n|\n|upkeep\n|\n|t:|1723438807\n|switch|p1b: Kyogre|Kyogre, L50|100\/100\n|-weather|RainDance|[from] ability: Drizzle|[of] p1b: Kyogre\n|turn|7\n|\n|t:|1723438817\n|move|p1b: Kyogre|Water Spout|p2a: Calyrex\n|-damage|p2a: Calyrex|0 fnt\n|faint|p2a: Calyrex\n|\n|win|trchlt1\n|raw|trchlt1's rating: 1672 &rarr; <strong>1694<\/strong><br \/>(+22 for winning)\n|raw|harvey&apos;s suit's rating: 1710 &rarr; <strong>1688<\/strong><br \/>(-22 for losing)\n|l|\u2606harvey's suit\n|player|p2|\n|l|\u2606trchlt1\n|player|p1|\n|l| mr pogostick\n","uploadtime":1723439034,"views":42,"formatid":"gen9vgc2024regg","rating":1688,"private":0,"password":null}