{"id":"gen9vgc2024regg-2178862080","format":"[Gen 9] VGC 2024 Reg G","players":["kojimuranishi","Daleseries12"],"log":"|j|\u2606kojimuranishi\n|j|\u2606Daleseries12\n|t:|1723498161\n|gametype|doubles\n|player|p1|kojimuranishi|102|1673\n|player|p2|Daleseries12|101|1729\n|teamsize|p1|6\n|teamsize|p2|6\n|gen|9\n|tier|[Gen 9] VGC 2024 Reg G\n|rated|\n|rule|Species Clause: Limit one of each Pok\u00e9mon\n|rule|Item Clause: Limit 1 of each item\n|clearpoke\n|poke|p1|Calyrex-Ice, L50|\n|poke|p1|Ogerpon-Cornerstone, L50, F|\n|poke|p1|Urshifu-*, L50, F|\n|poke|p1|Rillaboom, L50, M|\n|poke|p1|Farigiraf, L50, M|\n|poke|p1|Raging Bolt, L50|\n|poke|p2|Zamazenta-*, L50|\n|poke|p2|Chien-Pao, L50|\n|poke|p2|Amoonguss, L50, M|\n|poke|p2|Flutter Mane, L50|\n|poke|p2|Raging Bolt, L50|\n|poke|p2|Entei, L50|\n|teampreview|4\n|inactive|Battle timer is ON: inactive players will automatically lose when time's up. (requested by kojimuranishi)\n|inactive|kojimuranishi has 60 seconds left.\n|inactive|Daleseries12 has 60 seconds left.\n|\n|t:|1723498213\n|start\n|switch|p1a: Calyrex|Calyrex-Ice, L50|100\/100\n|switch|p1b: Ogerpon|Ogerpon-Cornerstone, L50, F|100\/100\n|switch|p2a: Zamazenta|Zamazenta-Crowned, L50|100\/100\n|switch|p2b: Entei|Entei, L50|100\/100\n|-ability|p1a: Calyrex|As One\n|-ability|p1a: Calyrex|Unnerve\n|-ability|p2a: Zamazenta|Dauntless Shield|boost\n|-boost|p2a: Zamazenta|def|1\n|turn|1\n|inactive|kojimuranishi has 30 seconds left.\n|inactive|Daleseries12 has 30 seconds left.\n|inactive|kojimuranishi has 20 seconds left.\n|\n|t:|1723498250\n|move|p2b: Entei|Protect|p2b: Entei\n|-singleturn|p2b: Entei|Protect\n|move|p2a: Zamazenta|Iron Defense|p2a: Zamazenta\n|-boost|p2a: Zamazenta|def|2\n|move|p1b: Ogerpon|Ivy Cudgel|p2b: Entei|[anim] Ivy Cudgel Rock\n|-activate|p2b: Entei|move: Protect\n|move|p1a: Calyrex|Trick Room|p1a: Calyrex\n|-fieldstart|move: Trick Room|[of] p1a: Calyrex\n|\n|upkeep\n|turn|2\n|inactive|Daleseries12 has 30 seconds left.\n|inactive|Daleseries12 has 20 seconds left.\n|\n|t:|1723498288\n|-terastallize|p2b: Entei|Normal\n|move|p1a: Calyrex|Glacial Lance|p2a: Zamazenta|[spread] p2a,p2b\n|-resisted|p2a: Zamazenta\n|-damage|p2a: Zamazenta|94\/100\n|-damage|p2b: Entei|41\/100\n|move|p2b: Entei|Sacred Fire|p1b: Ogerpon\n|-damage|p1b: Ogerpon|2\/100\n|-status|p1b: Ogerpon|brn\n|-damage|p2b: Entei|31\/100|[from] item: Life Orb\n|move|p1b: Ogerpon|Ivy Cudgel|p2b: Entei|[anim] Ivy Cudgel Rock\n|-crit|p2b: Entei\n|-damage|p2b: Entei|0 fnt\n|faint|p2b: Entei\n|move|p2a: Zamazenta|Body Press|p1a: Calyrex\n|-damage|p1a: Calyrex|34\/100\n|\n|-damage|p1b: Ogerpon|0 fnt|[from] brn\n|faint|p1b: Ogerpon\n|upkeep\n|\n|t:|1723498309\n|switch|p2b: Amoonguss|Amoonguss, L50, M|100\/100\n|switch|p1b: Raging Bolt|Raging Bolt, L50|100\/100\n|-enditem|p1b: Raging Bolt|Booster Energy\n|-activate|p1b: Raging Bolt|ability: Protosynthesis|[fromitem]\n|-start|p1b: Raging Bolt|protosynthesisspa\n|turn|3\n|\n|t:|1723498324\n|-terastallize|p1b: Raging Bolt|Electric\n|move|p1a: Calyrex|Protect|p1a: Calyrex\n|-singleturn|p1a: Calyrex|Protect\n|move|p2b: Amoonguss|Spore|p1a: Calyrex\n|-activate|p1a: Calyrex|move: Protect\n|move|p1b: Raging Bolt|Thunderbolt|p2a: Zamazenta\n|-crit|p2a: Zamazenta\n|-damage|p2a: Zamazenta|0 fnt\n|faint|p2a: Zamazenta\n|\n|upkeep\n|\n|t:|1723498333\n|switch|p2a: Chien-Pao|Chien-Pao, L50|100\/100\n|-ability|p2a: Chien-Pao|Sword of Ruin\n|turn|4\n|inactive|kojimuranishi has 30 seconds left.\n|\n|t:|1723498368\n|move|p2a: Chien-Pao|Sucker Punch|p1a: Calyrex\n|-supereffective|p1a: Calyrex\n|-damage|p1a: Calyrex|0 fnt\n|faint|p1a: Calyrex\n|move|p2b: Amoonguss|Spore|p1b: Raging Bolt\n|-status|p1b: Raging Bolt|slp|[from] move: Spore\n|cant|p1b: Raging Bolt|slp\n|\n|upkeep\n|\n|t:|1723498377\n|switch|p1a: Urshifu|Urshifu-Rapid-Strike, L50, F|100\/100\n|turn|5\n|\n|t:|1723498397\n|-curestatus|p1b: Raging Bolt|slp|[msg]\n|move|p1b: Raging Bolt|Protect|p1b: Raging Bolt\n|-singleturn|p1b: Raging Bolt|Protect\n|move|p1a: Urshifu|Detect|p1a: Urshifu\n|-singleturn|p1a: Urshifu|Protect\n|move|p2b: Amoonguss|Rage Powder|p2b: Amoonguss\n|-singleturn|p2b: Amoonguss|move: Rage Powder\n|move|p2a: Chien-Pao|Throat Chop|p1b: Raging Bolt\n|-activate|p1b: Raging Bolt|move: Protect\n|\n|-fieldend|move: Trick Room\n|upkeep\n|turn|6\n|\n|t:|1723498419\n|move|p2b: Amoonguss|Rage Powder|p2b: Amoonguss\n|-singleturn|p2b: Amoonguss|move: Rage Powder\n|move|p2a: Chien-Pao|Throat Chop|p1b: Raging Bolt\n|-damage|p1b: Raging Bolt|50\/100\n|-start|p1b: Raging Bolt|Throat Chop|[silent]\n|move|p1a: Urshifu|Surging Strikes|p2b: Amoonguss\n|-resisted|p2b: Amoonguss\n|-crit|p2b: Amoonguss\n|-damage|p2b: Amoonguss|89\/100\n|-damage|p1a: Urshifu|84\/100|[from] item: Rocky Helmet|[of] p2b: Amoonguss\n|-resisted|p2b: Amoonguss\n|-crit|p2b: Amoonguss\n|-damage|p2b: Amoonguss|77\/100\n|-damage|p1a: Urshifu|68\/100|[from] item: Rocky Helmet|[of] p2b: Amoonguss\n|-resisted|p2b: Amoonguss\n|-crit|p2b: Amoonguss\n|-damage|p2b: Amoonguss|67\/100\n|-damage|p1a: Urshifu|51\/100|[from] item: Rocky Helmet|[of] p2b: Amoonguss\n|-hitcount|p2b: Amoonguss|3\n|move|p1b: Raging Bolt|Draco Meteor|p2b: Amoonguss\n|-damage|p2b: Amoonguss|0 fnt\n|-unboost|p1b: Raging Bolt|spa|2\n|faint|p2b: Amoonguss\n|\n|upkeep\n|turn|7\n|inactive|kojimuranishi has 30 seconds left.\n|inactive|Daleseries12 has 30 seconds left.\n|\n|t:|1723498448\n|move|p2a: Chien-Pao|Throat Chop|p1a: Urshifu\n|-resisted|p1a: Urshifu\n|-damage|p1a: Urshifu|24\/100\n|-start|p1a: Urshifu|Throat Chop|[silent]\n|move|p1a: Urshifu|Surging Strikes|p2a: Chien-Pao\n|-crit|p2a: Chien-Pao\n|-damage|p2a: Chien-Pao|71\/100\n|-crit|p2a: Chien-Pao\n|-damage|p2a: Chien-Pao|40\/100\n|-crit|p2a: Chien-Pao\n|-damage|p2a: Chien-Pao|11\/100\n|-hitcount|p2a: Chien-Pao|3\n|move|p1b: Raging Bolt|Thunderbolt|p2a: Chien-Pao\n|-damage|p2a: Chien-Pao|0 fnt\n|faint|p2a: Chien-Pao\n|\n|win|kojimuranishi\n|raw|kojimuranishi's rating: 1673 &rarr; <strong>1696<\/strong><br \/>(+23 for winning)\n|raw|Daleseries12's rating: 1729 &rarr; <strong>1706<\/strong><br \/>(-23 for losing)\n|l|\u2606kojimuranishi\n|player|p1|\n","uploadtime":1723498603,"views":30,"formatid":"gen9vgc2024regg","rating":1696,"private":0,"password":null}