{"id":"gen9vgc2024regg-2179805399","format":"[Gen 9] VGC 2024 Reg G","players":["regigidragon","shulivgc"],"log":"|j|\u2606regigidragon\n|j|\u2606shulivgc\n|t:|1723620199\n|gametype|doubles\n|player|p1|regigidragon|1|1665\n|player|p2|shulivgc|#smogonxnpa2024draftee2|1695\n|teamsize|p1|6\n|teamsize|p2|6\n|gen|9\n|tier|[Gen 9] VGC 2024 Reg G\n|rated|\n|rule|Species Clause: Limit one of each Pok\u00e9mon\n|rule|Item Clause: Limit 1 of each item\n|clearpoke\n|poke|p1|Calyrex-Shadow, L50|\n|poke|p1|Clefairy, L50, F|\n|poke|p1|Ogerpon-Cornerstone, L50, F|\n|poke|p1|Urshifu-*, L50, F|\n|poke|p1|Tornadus, L50, M|\n|poke|p1|Ursaluna-Bloodmoon, L50, M|\n|poke|p2|Iron Valiant, L50|\n|poke|p2|Calyrex-Ice, L50|\n|poke|p2|Ogerpon-Cornerstone, L50, F|\n|poke|p2|Urshifu-*, L50, M|\n|poke|p2|Raging Bolt, L50|\n|poke|p2|Amoonguss, L50, M|\n|teampreview|4\n|inactive|Battle timer is ON: inactive players will automatically lose when time's up. (requested by regigidragon)\n|inactive|regigidragon has 60 seconds left.\n|\n|t:|1723620244\n|start\n|switch|p1a: Ursaluna|Ursaluna-Bloodmoon, L50, M|100\/100\n|switch|p1b: Urshifu|Urshifu, L50, F|100\/100\n|switch|p2a: Calyrex|Calyrex-Ice, L50|100\/100\n|switch|p2b: Iron Valiant|Iron Valiant, L50|100\/100\n|-ability|p2a: Calyrex|As One\n|-ability|p2a: Calyrex|Unnerve\n|-enditem|p2b: Iron Valiant|Booster Energy\n|-activate|p2b: Iron Valiant|ability: Quark Drive|[fromitem]\n|-start|p2b: Iron Valiant|quarkdrivespe\n|turn|1\n|inactive|shulivgc has 30 seconds left.\n|j| precipiceagle\n|\n|t:|1723620272\n|-terastallize|p1a: Ursaluna|Water\n|move|p2b: Iron Valiant|Moonblast|p1b: Urshifu\n|-supereffective|p1b: Urshifu\n|-enditem|p1b: Urshifu|Focus Sash\n|-damage|p1b: Urshifu|1\/100\n|move|p1b: Urshifu|Wicked Blow|p2a: Calyrex\n|-supereffective|p2a: Calyrex\n|-crit|p2a: Calyrex\n|-damage|p2a: Calyrex|22\/100\n|-enditem|p2a: Calyrex|Sitrus Berry|[eat]\n|-heal|p2a: Calyrex|47\/100|[from] item: Sitrus Berry\n|move|p1a: Ursaluna|Blood Moon|p2b: Iron Valiant\n|-damage|p2b: Iron Valiant|1\/100\n|move|p2a: Calyrex|Glacial Lance|p1a: Ursaluna|[spread] p1a,p1b\n|-resisted|p1a: Ursaluna\n|-damage|p1a: Ursaluna|79\/100\n|-damage|p1b: Urshifu|0 fnt\n|faint|p1b: Urshifu\n|-ability|p2a: Calyrex|Chilling Neigh|boost\n|-boost|p2a: Calyrex|atk|1\n|\n|upkeep\n|\n|t:|1723620283\n|switch|p1b: Ogerpon|Ogerpon-Cornerstone, L50, F|100\/100\n|turn|2\n|\n|t:|1723620308\n|move|p2a: Calyrex|Protect|p2a: Calyrex\n|-singleturn|p2a: Calyrex|Protect\n|move|p1a: Ursaluna|Vacuum Wave|p2b: Iron Valiant\n|-resisted|p2b: Iron Valiant\n|-damage|p2b: Iron Valiant|0 fnt\n|faint|p2b: Iron Valiant\n|-end|p2b: Iron Valiant|Quark Drive|[silent]\n|move|p1b: Ogerpon|Ivy Cudgel|p2a: Calyrex|[anim] Ivy Cudgel Rock\n|-activate|p2a: Calyrex|move: Protect\n|\n|upkeep\n|\n|t:|1723620333\n|switch|p2b: Ogerpon|Ogerpon-Cornerstone, L50, F|100\/100\n|turn|3\n|\n|t:|1723620353\n|move|p1b: Ogerpon|Ivy Cudgel|p2a: Calyrex|[anim] Ivy Cudgel Rock\n|-supereffective|p2a: Calyrex\n|-damage|p2a: Calyrex|0 fnt\n|faint|p2a: Calyrex\n|move|p2b: Ogerpon|Power Whip|p1a: Ursaluna\n|-supereffective|p1a: Ursaluna\n|-damage|p1a: Ursaluna|0 fnt\n|faint|p1a: Ursaluna\n|\n|upkeep\n|\n|t:|1723620360\n|switch|p1a: Calyrex|Calyrex-Shadow, L50|100\/100\n|switch|p2a: Urshifu|Urshifu-Rapid-Strike, L50, M|100\/100\n|-ability|p1a: Calyrex|As One\n|-ability|p1a: Calyrex|Unnerve\n|turn|4\n|\n|t:|1723620374\n|-terastallize|p2a: Urshifu|Stellar\n|move|p1a: Calyrex|Astral Barrage|p2a: Urshifu|[spread] p2a,p2b\n|-enditem|p2a: Urshifu|Focus Sash\n|-damage|p2a: Urshifu|1\/100\n|-damage|p2b: Ogerpon|8\/100\n|move|p1b: Ogerpon|Ivy Cudgel|p2a: Urshifu|[anim] Ivy Cudgel Rock\n|-resisted|p2a: Urshifu\n|-damage|p2a: Urshifu|0 fnt\n|faint|p2a: Urshifu\n|move|p2b: Ogerpon|Ivy Cudgel|p1b: Ogerpon|[anim] Ivy Cudgel Rock\n|-damage|p1b: Ogerpon|17\/100\n|\n|upkeep\n|turn|5\n|-message|shulivgc forfeited.\n|\n|win|regigidragon\n|raw|regigidragon's rating: 1665 &rarr; <strong>1687<\/strong><br \/>(+22 for winning)\n|raw|shulivgc's rating: 1695 &rarr; <strong>1673<\/strong><br \/>(-22 for losing)\n|l|\u2606shulivgc\n|player|p2|\n|l|\u2606regigidragon\n|player|p1|\n|l| precipiceagle\n","uploadtime":1723620624,"views":78,"formatid":"gen9vgc2024regg","rating":1673,"private":0,"password":null}