{"id":"gen9vgc2024regg-2180359469","format":"[Gen 9] VGC 2024 Reg G","players":["Daleseries12","regidragon12138"],"log":"|j|\u2606Daleseries12\n|j|\u2606regidragon12138\n|t:|1723688764\n|gametype|doubles\n|player|p1|Daleseries12|169|1698\n|player|p2|regidragon12138|101|1695\n|teamsize|p1|6\n|teamsize|p2|6\n|gen|9\n|tier|[Gen 9] VGC 2024 Reg G\n|rated|\n|rule|Species Clause: Limit one of each Pok\u00e9mon\n|rule|Item Clause: Limit 1 of each item\n|clearpoke\n|poke|p1|Zamazenta-*, L50|\n|poke|p1|Chien-Pao, L50|\n|poke|p1|Amoonguss, L50, M|\n|poke|p1|Flutter Mane, L50|\n|poke|p1|Raging Bolt, L50|\n|poke|p1|Entei, L50|\n|poke|p2|Necrozma-Dusk-Mane, L50|\n|poke|p2|Dusclops, L50, F|\n|poke|p2|Ogerpon-Cornerstone, L50, F|\n|poke|p2|Urshifu-*, L50, F|\n|poke|p2|Smeargle, L50, F|\n|poke|p2|Farigiraf, L50, M|\n|teampreview|4\n|inactive|Battle timer is ON: inactive players will automatically lose when time's up. (requested by regidragon12138)\n|inactive|Daleseries12 has 60 seconds left.\n|\n|t:|1723688806\n|start\n|switch|p1a: Zamazenta|Zamazenta-Crowned, L50|100\/100\n|switch|p1b: Chien-Pao|Chien-Pao, L50|100\/100\n|switch|p2a: Dusclops|Dusclops, L50, F|100\/100\n|switch|p2b: Ogerpon|Ogerpon-Cornerstone, L50, F|100\/100\n|-ability|p1b: Chien-Pao|Sword of Ruin\n|-ability|p1a: Zamazenta|Dauntless Shield|boost\n|-boost|p1a: Zamazenta|def|1\n|-item|p1a: Zamazenta|Rusted Shield|[from] ability: Frisk|[of] p2a: Dusclops\n|-item|p1b: Chien-Pao|Focus Sash|[from] ability: Frisk|[of] p2a: Dusclops\n|turn|1\n|\n|t:|1723688829\n|move|p1b: Chien-Pao|Throat Chop|p2a: Dusclops\n|-supereffective|p2a: Dusclops\n|-damage|p2a: Dusclops|39\/100\n|-start|p2a: Dusclops|Throat Chop|[silent]\n|move|p1a: Zamazenta|Iron Defense|p1a: Zamazenta\n|-boost|p1a: Zamazenta|def|2\n|move|p2b: Ogerpon|Ivy Cudgel|p1b: Chien-Pao|[anim] Ivy Cudgel Rock\n|-supereffective|p1b: Chien-Pao\n|-crit|p1b: Chien-Pao\n|-enditem|p1b: Chien-Pao|Focus Sash\n|-damage|p1b: Chien-Pao|1\/100\n|move|p2a: Dusclops|Trick Room|p2a: Dusclops\n|-fieldstart|move: Trick Room|[of] p2a: Dusclops\n|\n|upkeep\n|turn|2\n|inactive|Daleseries12 has 30 seconds left.\n|inactive|Daleseries12 has 20 seconds left.\n|inactive|Daleseries12 has 15 seconds left.\n|inactive|Daleseries12 has 10 seconds left.\n|\n|t:|1723688875\n|move|p1b: Chien-Pao|Protect|p1b: Chien-Pao\n|-singleturn|p1b: Chien-Pao|Protect\n|move|p2a: Dusclops|Will-O-Wisp|p1a: Zamazenta|[miss]\n|-miss|p2a: Dusclops|p1a: Zamazenta\n|move|p2b: Ogerpon|Ivy Cudgel|p1b: Chien-Pao|[anim] Ivy Cudgel Rock\n|-activate|p1b: Chien-Pao|move: Protect\n|move|p1a: Zamazenta|Body Press|p2b: Ogerpon\n|-supereffective|p2b: Ogerpon\n|-ability|p2b: Ogerpon|Sturdy\n|-damage|p2b: Ogerpon|1\/100\n|\n|-end|p2a: Dusclops|Throat Chop|[silent]\n|upkeep\n|turn|3\n|\n|t:|1723688896\n|move|p1b: Chien-Pao|Sucker Punch|p2b: Ogerpon\n|-damage|p2b: Ogerpon|0 fnt\n|faint|p2b: Ogerpon\n|move|p2a: Dusclops|Will-O-Wisp|p1a: Zamazenta\n|-status|p1a: Zamazenta|brn\n|move|p1a: Zamazenta|Iron Defense|p1a: Zamazenta\n|-boost|p1a: Zamazenta|def|2\n|\n|-damage|p1a: Zamazenta|95\/100 brn|[from] brn\n|upkeep\n|\n|t:|1723688908\n|switch|p2b: Necrozma|Necrozma-Dusk-Mane, L50|100\/100\n|turn|4\n|\n|t:|1723688922\n|move|p1b: Chien-Pao|Protect|p1b: Chien-Pao\n|-singleturn|p1b: Chien-Pao|Protect\n|move|p2a: Dusclops|Shadow Sneak|p1b: Chien-Pao\n|-activate|p1b: Chien-Pao|move: Protect\n|move|p2b: Necrozma|Photon Geyser|p1a: Zamazenta\n|-damage|p1a: Zamazenta|79\/100 brn\n|move|p1a: Zamazenta|Body Press|p2b: Necrozma\n|-damage|p2b: Necrozma|28\/100\n|\n|-damage|p1a: Zamazenta|73\/100 brn|[from] brn\n|upkeep\n|turn|5\n|inactive|Daleseries12 has 30 seconds left.\n|\n|t:|1723688950\n|switch|p1b: Amoonguss|Amoonguss, L50, M|100\/100\n|move|p2a: Dusclops|Shadow Sneak|p1b: Amoonguss\n|-damage|p1b: Amoonguss|92\/100\n|-damage|p2a: Dusclops|23\/100|[from] item: Rocky Helmet|[of] p1b: Amoonguss\n|move|p2b: Necrozma|Photon Geyser|p1a: Zamazenta\n|-damage|p1a: Zamazenta|60\/100 brn\n|move|p1a: Zamazenta|Body Press|p2b: Necrozma\n|-damage|p2b: Necrozma|0 fnt\n|faint|p2b: Necrozma\n|\n|-damage|p1a: Zamazenta|55\/100 brn|[from] brn\n|-fieldend|move: Trick Room\n|upkeep\n|\n|t:|1723688955\n|switch|p2b: Smeargle|Smeargle, L50, F|100\/100\n|turn|6\n|\n|t:|1723688976\n|-terastallize|p2b: Smeargle|Ghost\n|move|p1a: Zamazenta|Body Press|p2b: Smeargle\n|-immune|p2b: Smeargle\n|move|p2b: Smeargle|Decorate|p2a: Dusclops\n|-boost|p2a: Dusclops|atk|2\n|-boost|p2a: Dusclops|spa|2\n|move|p1b: Amoonguss|Spore|p2a: Dusclops\n|-status|p2a: Dusclops|slp|[from] move: Spore\n|cant|p2a: Dusclops|slp\n|\n|-damage|p1a: Zamazenta|49\/100 brn|[from] brn\n|upkeep\n|turn|7\n|inactive|Daleseries12 has 30 seconds left.\n|\n|t:|1723689004\n|move|p1a: Zamazenta|Heavy Slam|p2b: Smeargle\n|-damage|p2b: Smeargle|67\/100\n|move|p2b: Smeargle|Decorate|p2a: Dusclops\n|-boost|p2a: Dusclops|atk|2\n|-boost|p2a: Dusclops|spa|2\n|move|p1b: Amoonguss|Spore|p2b: Smeargle\n|-status|p2b: Smeargle|slp|[from] move: Spore\n|cant|p2a: Dusclops|slp\n|\n|-damage|p1a: Zamazenta|43\/100 brn|[from] brn\n|upkeep\n|turn|8\n|\n|t:|1723689028\n|move|p1a: Zamazenta|Heavy Slam|p2a: Dusclops\n|-damage|p2a: Dusclops|8\/100 slp\n|cant|p2b: Smeargle|slp\n|move|p1b: Amoonguss|Clear Smog|p2a: Dusclops\n|-resisted|p2a: Dusclops\n|-damage|p2a: Dusclops|4\/100 slp\n|-clearboost|p2a: Dusclops\n|-curestatus|p2a: Dusclops|slp|[msg]\n|move|p2a: Dusclops|Trick Room|p2a: Dusclops\n|-fieldstart|move: Trick Room|[of] p2a: Dusclops\n|\n|-damage|p1a: Zamazenta|38\/100 brn|[from] brn\n|upkeep\n|turn|9\n|-message|regidragon12138 forfeited.\n|\n|win|Daleseries12\n|raw|Daleseries12's rating: 1698 &rarr; <strong>1718<\/strong><br \/>(+20 for winning)\n|raw|regidragon12138's rating: 1695 &rarr; <strong>1675<\/strong><br \/>(-20 for losing)\n|l|\u2606regidragon12138\n|player|p2|\n|l|\u2606Daleseries12\n|player|p1|\n","uploadtime":1723689194,"views":27,"formatid":"gen9vgc2024regg","rating":1675,"private":0,"password":null}