{"id":"gen9vgc2024regg-2181474594","format":"[Gen 9] VGC 2024 Reg G","players":["LONGhq","Zonavideovigilada"],"log":"|j|\u203dLONGhq\n|j|\u2606Zonavideovigilada\n|t:|1723833474\n|gametype|doubles\n|player|p1|LONGhq|2|1670\n|player|p2|Zonavideovigilada|101|1735\n|teamsize|p1|6\n|teamsize|p2|6\n|gen|9\n|tier|[Gen 9] VGC 2024 Reg G\n|rated|\n|rule|Species Clause: Limit one of each Pok\u00e9mon\n|rule|Item Clause: Limit 1 of each item\n|clearpoke\n|poke|p1|Miraidon, L50|\n|poke|p1|Smeargle, L50, F|\n|poke|p1|Urshifu-*, L50, F|\n|poke|p1|Iron Hands, L50|\n|poke|p1|Volcarona, L50, F|\n|poke|p1|Whimsicott, L50, F|\n|poke|p2|Zamazenta-*, L50|\n|poke|p2|Rillaboom, L50, F|\n|poke|p2|Urshifu-*, L50, F|\n|poke|p2|Chi-Yu, L50|\n|poke|p2|Raging Bolt, L50|\n|poke|p2|Tornadus, L50, M|\n|teampreview|4\n|\n|t:|1723833499\n|start\n|switch|p1a: Whimsicott|Whimsicott, L50, F, shiny|100\/100\n|switch|p1b: Smeargle|Smeargle, L50, F|100\/100\n|switch|p2a: Urshifu|Urshifu-Rapid-Strike, L50, F|100\/100\n|switch|p2b: Chi-Yu|Chi-Yu, L50|100\/100\n|-ability|p2b: Chi-Yu|Beads of Ruin\n|turn|1\n|\n|t:|1723833521\n|-terastallize|p1b: Smeargle|Grass\n|move|p2a: Urshifu|Detect|p2a: Urshifu\n|-singleturn|p2a: Urshifu|Protect\n|move|p1a: Whimsicott|Tailwind|p1a: Whimsicott\n|-sidestart|p1: LONGhq|move: Tailwind\n|move|p1b: Smeargle|Spore|p2b: Chi-Yu\n|-status|p2b: Chi-Yu|slp|[from] move: Spore\n|cant|p2b: Chi-Yu|slp\n|\n|upkeep\n|turn|2\n|\n|t:|1723833545\n|switch|p1b: Miraidon|Miraidon, L50|100\/100\n|-fieldstart|move: Electric Terrain|[from] ability: Hadron Engine|[of] p1b: Miraidon\n|switch|p2a: Rillaboom|Rillaboom, L50, F|100\/100\n|-fieldstart|move: Grassy Terrain|[from] ability: Grassy Surge|[of] p2a: Rillaboom\n|move|p1a: Whimsicott|Encore||[still]\n|-fail|p1a: Whimsicott\n|cant|p2b: Chi-Yu|slp\n|\n|upkeep\n|turn|3\n|inactive|Battle timer is ON: inactive players will automatically lose when time's up. (requested by Zonavideovigilada)\n|\n|t:|1723833582\n|move|p1a: Whimsicott|Encore||[still]\n|-fail|p1a: Whimsicott\n|move|p1b: Miraidon|Electro Drift|p2b: Chi-Yu\n|-damage|p2b: Chi-Yu|0 fnt\n|faint|p2b: Chi-Yu\n|move|p2a: Rillaboom|U-turn|p1a: Whimsicott\n|-crit|p1a: Whimsicott\n|-damage|p1a: Whimsicott|66\/100\n|-enditem|p1a: Whimsicott|Eject Button\n|\n|t:|1723833599\n|switch|p1a: Smeargle|Smeargle, L50, F, tera:Grass|100\/100\n|\n|upkeep\n|\n|t:|1723833604\n|switch|p2b: Zamazenta|Zamazenta-Crowned, L50|100\/100\n|-ability|p2b: Zamazenta|Dauntless Shield|boost\n|-boost|p2b: Zamazenta|def|1\n|turn|4\n|inactive|LONGhq has 30 seconds left.\n|inactive|LONGhq has 20 seconds left.\n|inactive|LONGhq has 15 seconds left.\n|\n|t:|1723833646\n|-terastallize|p2b: Zamazenta|Grass\n|move|p1a: Smeargle|Fake Out|p2b: Zamazenta\n|-damage|p2b: Zamazenta|97\/100\n|move|p1b: Miraidon|Electro Drift|p2b: Zamazenta\n|-resisted|p2b: Zamazenta\n|-damage|p2b: Zamazenta|67\/100\n|cant|p2b: Zamazenta|flinch\n|move|p2a: Rillaboom|U-turn|p1a: Smeargle\n|-supereffective|p1a: Smeargle\n|-enditem|p1a: Smeargle|Focus Sash\n|-damage|p1a: Smeargle|1\/100\n|\n|t:|1723833654\n|switch|p2a: Urshifu|Urshifu-Rapid-Strike, L50, F|100\/100|[from] U-turn\n|\n|-heal|p1a: Smeargle|7\/100|[from] Grassy Terrain\n|-heal|p2b: Zamazenta|73\/100|[from] Grassy Terrain\n|-sideend|p1: LONGhq|move: Tailwind\n|upkeep\n|turn|5\n|inactive|LONGhq has 30 seconds left.\n|inactive|Zonavideovigilada has 30 seconds left.\n|\n|t:|1723833683\n|switch|p1a: Whimsicott|Whimsicott, L50, F, shiny|66\/100\n|move|p2a: Urshifu|Aqua Jet|p1a: Whimsicott\n|-resisted|p1a: Whimsicott\n|-damage|p1a: Whimsicott|54\/100\n|move|p1b: Miraidon|Electro Drift|p2a: Urshifu\n|-supereffective|p2a: Urshifu\n|-enditem|p2a: Urshifu|Focus Sash\n|-damage|p2a: Urshifu|1\/100\n|move|p2b: Zamazenta|Body Press|p1b: Miraidon\n|-damage|p1b: Miraidon|38\/100\n|\n|-heal|p1b: Miraidon|44\/100|[from] Grassy Terrain\n|-heal|p2b: Zamazenta|79\/100|[from] Grassy Terrain\n|-heal|p2a: Urshifu|7\/100|[from] Grassy Terrain\n|-heal|p1a: Whimsicott|60\/100|[from] Grassy Terrain\n|upkeep\n|turn|6\n|inactive|LONGhq has 30 seconds left.\n|\n|t:|1723833717\n|switch|p1b: Volcarona|Volcarona, L50, F, shiny|100\/100\n|move|p2a: Urshifu|Detect|p2a: Urshifu\n|-singleturn|p2a: Urshifu|Protect\n|move|p1a: Whimsicott|Tailwind|p1a: Whimsicott\n|-sidestart|p1: LONGhq|move: Tailwind\n|move|p2b: Zamazenta|Heavy Slam|p1a: Whimsicott\n|-supereffective|p1a: Whimsicott\n|-damage|p1a: Whimsicott|0 fnt\n|faint|p1a: Whimsicott\n|\n|-heal|p2b: Zamazenta|85\/100|[from] Grassy Terrain\n|-heal|p2a: Urshifu|14\/100|[from] Grassy Terrain\n|-fieldend|move: Grassy Terrain\n|upkeep\n|\n|t:|1723833732\n|switch|p1a: Smeargle|Smeargle, L50, F, tera:Grass|7\/100\n|turn|7\n|inactive|LONGhq has 30 seconds left.\n|\n|t:|1723833764\n|move|p1a: Smeargle|Fake Out|p2a: Urshifu\n|-damage|p2a: Urshifu|6\/100\n|cant|p2a: Urshifu|flinch\n|move|p1b: Volcarona|Heat Wave|p2b: Zamazenta|[spread] p2a,p2b\n|-resisted|p2a: Urshifu\n|-supereffective|p2b: Zamazenta\n|-damage|p2a: Urshifu|0 fnt\n|-damage|p2b: Zamazenta|39\/100\n|faint|p2a: Urshifu\n|move|p2b: Zamazenta|Body Press|p1b: Volcarona\n|-resisted|p1b: Volcarona\n|-damage|p1b: Volcarona|68\/100\n|\n|upkeep\n|-message|Zonavideovigilada forfeited.\n|\n|win|LONGhq\n|raw|LONGhq's rating: 1670 &rarr; <strong>1694<\/strong><br \/>(+24 for winning)\n|raw|Zonavideovigilada's rating: 1735 &rarr; <strong>1711<\/strong><br \/>(-24 for losing)\n|l|\u2606Zonavideovigilada\n|player|p2|\n|l|\u203dLONGhq\n|player|p1|\n","uploadtime":1723834049,"views":20,"formatid":"gen9vgc2024regg","rating":1694,"private":0,"password":null}