{"id":"gen9vgc2024regg-2183252964","format":"[Gen 9] VGC 2024 Reg G","players":["shizuku1204","chuanOVO"],"log":"|j|\u2606shizuku1204\n|j|\u2606chuanOVO\n|t:|1724076600\n|gametype|doubles\n|player|p1|shizuku1204|rosa|1670\n|player|p2|chuanOVO|n|1711\n|teamsize|p1|6\n|teamsize|p2|6\n|gen|9\n|tier|[Gen 9] VGC 2024 Reg G\n|rated|\n|rule|Species Clause: Limit one of each Pok\u00e9mon\n|rule|Item Clause: Limit 1 of each item\n|clearpoke\n|poke|p1|Smeargle, L50, M|\n|poke|p1|Muk-Alola, L50, M|\n|poke|p1|Flamigo, L50, F|\n|poke|p1|Calyrex-Ice, L50|\n|poke|p1|Farigiraf, L50, F|\n|poke|p1|Ursaluna-Bloodmoon, L50, M|\n|poke|p2|Calyrex-Ice, L50|\n|poke|p2|Smeargle, L50, M|\n|poke|p2|Ursaluna-Bloodmoon, L50, M|\n|poke|p2|Urshifu-*, L50, M|\n|poke|p2|Ogerpon-Wellspring, L50, F|\n|poke|p2|Annihilape, L50, M|\n|teampreview|4\n|inactive|Battle timer is ON: inactive players will automatically lose when time's up. (requested by shizuku1204)\n|\n|t:|1724076654\n|start\n|switch|p1a: Smeargle|Smeargle, L50, M|100\/100\n|switch|p1b: Calyrex|Calyrex-Ice, L50|100\/100\n|switch|p2a: Ursaluna|Ursaluna-Bloodmoon, L50, M|100\/100\n|switch|p2b: Ogerpon|Ogerpon-Wellspring, L50, F|100\/100\n|-ability|p1b: Calyrex|As One\n|-ability|p1b: Calyrex|Unnerve\n|turn|1\n|\n|t:|1724076673\n|-terastallize|p2a: Ursaluna|Ghost\n|move|p1a: Smeargle|Fake Out|p2a: Ursaluna\n|-immune|p2a: Ursaluna\n|move|p2b: Ogerpon|Taunt|p1a: Smeargle\n|-start|p1a: Smeargle|move: Taunt\n|move|p2a: Ursaluna|Blood Moon|p1b: Calyrex\n|-damage|p1b: Calyrex|21\/100\n|-damage|p2a: Ursaluna|91\/100|[from] item: Life Orb\n|move|p1b: Calyrex|Glacial Lance|p2b: Ogerpon|[spread] p2a,p2b\n|-damage|p2a: Ursaluna|48\/100\n|-damage|p2b: Ogerpon|39\/100\n|\n|-ability|p1a: Smeargle|Moody|boost\n|-boost|p1a: Smeargle|def|2\n|-unboost|p1a: Smeargle|atk|1\n|-enditem|p1a: Smeargle|Eject Pack\n|upkeep\n|\n|t:|1724076697\n|switch|p1a: Farigiraf|Farigiraf, L50, F|100\/100\n|turn|2\n|\n|t:|1724076711\n|move|p1b: Calyrex|Protect|p1b: Calyrex\n|-singleturn|p1b: Calyrex|Protect\n|move|p2b: Ogerpon|Taunt|p1a: Farigiraf\n|-start|p1a: Farigiraf|move: Taunt\n|-enditem|p1a: Farigiraf|Mental Herb\n|-end|p1a: Farigiraf|move: Taunt\n|move|p2a: Ursaluna|Hyper Voice|p1b: Calyrex|[spread] p1a\n|-activate|p1b: Calyrex|move: Protect\n|-damage|p1a: Farigiraf|59\/100\n|-damage|p2a: Ursaluna|38\/100|[from] item: Life Orb\n|move|p1a: Farigiraf|Trick Room|p1a: Farigiraf\n|-fieldstart|move: Trick Room|[of] p1a: Farigiraf\n|\n|upkeep\n|turn|3\n|inactive|chuanOVO has 30 seconds left.\n|inactive|chuanOVO has 20 seconds left.\n|\n|t:|1724076750\n|switch|p2a: Calyrex|Calyrex-Ice, L50|100\/100\n|-ability|p2a: Calyrex|As One\n|-ability|p2a: Calyrex|Unnerve\n|move|p1a: Farigiraf|Helping Hand|p1b: Calyrex\n|-singleturn|p1b: Calyrex|Helping Hand|[of] p1a: Farigiraf\n|move|p1b: Calyrex|Glacial Lance|p2a: Calyrex|[spread] p2a,p2b\n|-resisted|p2a: Calyrex\n|-damage|p2a: Calyrex|73\/100\n|-damage|p2b: Ogerpon|0 fnt\n|faint|p2b: Ogerpon\n|-ability|p1b: Calyrex|Chilling Neigh|boost\n|-boost|p1b: Calyrex|atk|1\n|\n|upkeep\n|\n|t:|1724076765\n|switch|p2b: Urshifu|Urshifu, L50, M|100\/100\n|turn|4\n|inactive|shizuku1204 has 30 seconds left.\n|inactive|shizuku1204 has 20 seconds left.\n|\n|t:|1724076802\n|move|p1b: Calyrex|Glacial Lance|p2a: Calyrex|[spread] p2a,p2b\n|-resisted|p2a: Calyrex\n|-damage|p2a: Calyrex|43\/100\n|-damage|p2b: Urshifu|11\/100\n|move|p1a: Farigiraf|Foul Play|p2a: Calyrex\n|-supereffective|p2a: Calyrex\n|-damage|p2a: Calyrex|0 fnt\n|faint|p2a: Calyrex\n|move|p2b: Urshifu|Wicked Blow|p1b: Calyrex\n|-supereffective|p1b: Calyrex\n|-crit|p1b: Calyrex\n|-damage|p1b: Calyrex|0 fnt\n|faint|p1b: Calyrex\n|\n|upkeep\n|\n|t:|1724076820\n|switch|p1b: Ursaluna|Ursaluna-Bloodmoon, L50, M|100\/100\n|switch|p2a: Ursaluna|Ursaluna-Bloodmoon, L50, M, tera:Ghost|38\/100\n|turn|5\n|inactive|chuanOVO has 30 seconds left.\n|inactive|chuanOVO has 20 seconds left.\n|\n|t:|1724076857\n|-terastallize|p1b: Ursaluna|Normal\n|move|p1a: Farigiraf|Helping Hand|p1b: Ursaluna\n|-singleturn|p1b: Ursaluna|Helping Hand|[of] p1a: Farigiraf\n|move|p1b: Ursaluna|Hyper Voice|p2b: Urshifu|[spread] p2a,p2b\n|-damage|p2a: Ursaluna|0 fnt\n|-damage|p2b: Urshifu|0 fnt\n|faint|p2a: Ursaluna\n|faint|p2b: Urshifu\n|\n|win|shizuku1204\n|raw|shizuku1204's rating: 1670 &rarr; <strong>1692<\/strong><br \/>(+22 for winning)\n|raw|chuanOVO's rating: 1711 &rarr; <strong>1689<\/strong><br \/>(-22 for losing)\n|l|\u2606chuanOVO\n|player|p2|\n|l|\u2606shizuku1204\n|player|p1|\n","uploadtime":1724077058,"views":22,"formatid":"gen9vgc2024regg","rating":1689,"private":0,"password":null}