{"id":"gen9vgc2024regg-2184501409","format":"[Gen 9] VGC 2024 Reg G","players":["rebirthruby","zer90"],"log":"|j|\u2606rebirthruby\n|j|\u2606zer90\n|t:|1724221984\n|gametype|doubles\n|player|p1|rebirthruby|2|1718\n|player|p2|zer90|lucas|1655\n|teamsize|p1|6\n|teamsize|p2|6\n|gen|9\n|tier|[Gen 9] VGC 2024 Reg G\n|rated|\n|rule|Species Clause: Limit one of each Pok\u00e9mon\n|rule|Item Clause: Limit 1 of each item\n|clearpoke\n|poke|p1|Calyrex-Ice, L50|\n|poke|p1|Annihilape, L50, M|\n|poke|p1|Ogerpon-Wellspring, L50, F|\n|poke|p1|Urshifu-*, L50, M|\n|poke|p1|Ursaluna-Bloodmoon, L50, M|\n|poke|p1|Smeargle, L50, F|\n|poke|p2|Terapagos, L50, M|\n|poke|p2|Flutter Mane, L50|\n|poke|p2|Chi-Yu, L50|\n|poke|p2|Tornadus, L50, M|\n|poke|p2|Ogerpon-Cornerstone, L50, F|\n|poke|p2|Amoonguss, L50, F|\n|teampreview|4\n|\n|t:|1724222046\n|start\n|switch|p1a: Ogerpon|Ogerpon-Wellspring, L50, F|100\/100\n|switch|p1b: Calyrex|Calyrex-Ice, L50|100\/100\n|switch|p2a: Flutter Mane|Flutter Mane, L50|100\/100\n|switch|p2b: Chi-Yu|Chi-Yu, L50|100\/100\n|-ability|p1b: Calyrex|As One\n|-ability|p1b: Calyrex|Unnerve\n|-ability|p2b: Chi-Yu|Beads of Ruin\n|-enditem|p2a: Flutter Mane|Booster Energy\n|-activate|p2a: Flutter Mane|ability: Protosynthesis|[fromitem]\n|-start|p2a: Flutter Mane|protosynthesisspe\n|turn|1\n|\n|t:|1724222072\n|move|p1b: Calyrex|Protect|p1b: Calyrex\n|-singleturn|p1b: Calyrex|Protect\n|move|p2a: Flutter Mane|Taunt|p1b: Calyrex\n|-activate|p1b: Calyrex|move: Protect\n|move|p2b: Chi-Yu|Heat Wave|p1b: Calyrex|[spread] p1a\n|-activate|p1b: Calyrex|move: Protect\n|-damage|p1a: Ogerpon|57\/100\n|move|p1a: Ogerpon|Taunt|p2a: Flutter Mane\n|-start|p2a: Flutter Mane|move: Taunt\n|\n|upkeep\n|turn|2\n|\n|t:|1724222108\n|-end|p2a: Flutter Mane|Protosynthesis|[silent]\n|switch|p2a: Amoonguss|Amoonguss, L50, F|100\/100\n|-terastallize|p1b: Calyrex|Water\n|move|p2b: Chi-Yu|Heat Wave|p1a: Ogerpon|[spread] p1a,p1b\n|-resisted|p1b: Calyrex\n|-damage|p1a: Ogerpon|9\/100\n|-damage|p1b: Calyrex|83\/100\n|move|p1a: Ogerpon|Ivy Cudgel|p2b: Chi-Yu|[anim] Ivy Cudgel Water\n|-supereffective|p2b: Chi-Yu\n|-enditem|p2b: Chi-Yu|Focus Sash\n|-damage|p2b: Chi-Yu|1\/100\n|move|p1b: Calyrex|Trick Room|p1b: Calyrex\n|-fieldstart|move: Trick Room|[of] p1b: Calyrex\n|\n|upkeep\n|turn|3\n|\n|t:|1724222166\n|-terastallize|p2a: Amoonguss|Water\n|move|p2b: Chi-Yu|Protect|p2b: Chi-Yu\n|-singleturn|p2b: Chi-Yu|Protect\n|move|p1a: Ogerpon|Follow Me|p1a: Ogerpon\n|-singleturn|p1a: Ogerpon|move: Follow Me\n|move|p2a: Amoonguss|Pollen Puff|p1a: Ogerpon\n|-supereffective|p1a: Ogerpon\n|-damage|p1a: Ogerpon|0 fnt\n|faint|p1a: Ogerpon\n|move|p1b: Calyrex|Glacial Lance|p2b: Chi-Yu|[spread] p2a\n|-activate|p2b: Chi-Yu|move: Protect\n|-resisted|p2a: Amoonguss\n|-damage|p2a: Amoonguss|79\/100\n|\n|upkeep\n|\n|t:|1724222189\n|switch|p1a: Smeargle|Smeargle, L50, F|100\/100\n|turn|4\n|\n|t:|1724222235\n|switch|p2b: Flutter Mane|Flutter Mane, L50|100\/100\n|move|p2a: Amoonguss|Protect|p2a: Amoonguss\n|-singleturn|p2a: Amoonguss|Protect\n|move|p1b: Calyrex|Protect|p1b: Calyrex\n|-singleturn|p1b: Calyrex|Protect\n|move|p1a: Smeargle|Spore|p2a: Amoonguss\n|-activate|p2a: Amoonguss|move: Protect\n|\n|upkeep\n|turn|5\n|j| rookie2025\n|\n|t:|1724222259\n|switch|p1b: Urshifu|Urshifu, L50, M|100\/100\n|move|p2a: Amoonguss|Spore|p1a: Smeargle\n|-status|p1a: Smeargle|slp|[from] move: Spore\n|cant|p1a: Smeargle|slp\n|move|p2b: Flutter Mane|Moonblast|p1b: Urshifu\n|-supereffective|p1b: Urshifu\n|-damage|p1b: Urshifu|0 fnt\n|faint|p1b: Urshifu\n|\n|upkeep\n|\n|t:|1724222273\n|switch|p1b: Calyrex|Calyrex-Ice, L50, tera:Water|83\/100\n|-ability|p1b: Calyrex|As One\n|-ability|p1b: Calyrex|Unnerve\n|turn|6\n|\n|t:|1724222288\n|move|p1b: Calyrex|Protect|p1b: Calyrex\n|-singleturn|p1b: Calyrex|Protect\n|move|p2a: Amoonguss|Spore|p1b: Calyrex\n|-activate|p1b: Calyrex|move: Protect\n|cant|p1a: Smeargle|slp\n|move|p2b: Flutter Mane|Taunt|p1a: Smeargle\n|-start|p1a: Smeargle|move: Taunt\n|\n|-fieldend|move: Trick Room\n|upkeep\n|turn|7\n|\n|t:|1724222304\n|move|p2b: Flutter Mane|Moonblast|p1b: Calyrex\n|-damage|p1b: Calyrex|55\/100\n|move|p1b: Calyrex|Glacial Lance|p2b: Flutter Mane|[spread] p2a,p2b\n|-resisted|p2a: Amoonguss\n|-damage|p2a: Amoonguss|54\/100\n|-damage|p2b: Flutter Mane|17\/100\n|-curestatus|p1a: Smeargle|slp|[msg]\n|-activate|p1a: Smeargle|move: Struggle\n|move|p1a: Smeargle|Struggle|p2a: Amoonguss\n|-damage|p2a: Amoonguss|51\/100\n|-damage|p1a: Smeargle|84\/100|[from] item: Rocky Helmet|[of] p2a: Amoonguss\n|-damage|p1a: Smeargle|59\/100|[from] recoil\n|move|p2a: Amoonguss|Spore|p1b: Calyrex\n|-status|p1b: Calyrex|slp|[from] move: Spore\n|\n|upkeep\n|turn|8\n|\n|t:|1724222324\n|switch|p2a: Terapagos|Terapagos, L50, M|100\/100\n|-activate|p2a: Terapagos|ability: Tera Shift\n|detailschange|p2a: Terapagos|Terapagos-Terastal, L50, M\n|-heal|p2a: Terapagos|100\/100|[silent]\n|move|p2b: Flutter Mane|Moonblast|p1a: Smeargle\n|-damage|p1a: Smeargle|0 fnt\n|faint|p1a: Smeargle\n|cant|p1b: Calyrex|slp\n|\n|upkeep\n|turn|9\n|c|\u2606rebirthruby|gg\n|\n|t:|1724222336\n|move|p2b: Flutter Mane|Moonblast|p1b: Calyrex\n|-damage|p1b: Calyrex|24\/100 slp\n|-unboost|p1b: Calyrex|spa|1\n|-enditem|p1b: Calyrex|Sitrus Berry|[eat]\n|-heal|p1b: Calyrex|49\/100 slp|[from] item: Sitrus Berry\n|move|p2a: Terapagos|Tera Starstorm|p1b: Calyrex\n|-damage|p1b: Calyrex|0 fnt\n|faint|p1b: Calyrex\n|\n|win|zer90\n|raw|rebirthruby's rating: 1718 &rarr; <strong>1694<\/strong><br \/>(-24 for losing)\n|raw|zer90's rating: 1655 &rarr; <strong>1679<\/strong><br \/>(+24 for winning)\n|l|\u2606zer90\n|player|p2|\n|l|\u2606rebirthruby\n|player|p1|\n|l| rookie2025\n|j| rookie2025\n","uploadtime":1724222499,"views":20,"formatid":"gen9vgc2024regg","rating":1679,"private":0,"password":null}