{"id":"gen9vgc2025regg-2265587456","format":"[Gen 9] VGC 2025 Reg G","players":["Inc0gnit0","Duryodhan"],"log":"|j|\u2606Inc0gnit0\n|j|\u2606Duryodhan\n|t:|1734557429\n|gametype|doubles\n|player|p1|Inc0gnit0|101|1592\n|player|p2|Duryodhan|1|1530\n|teamsize|p1|6\n|teamsize|p2|6\n|gen|9\n|tier|[Gen 9] VGC 2025 Reg G\n|rated|\n|rule|Species Clause: Limit one of each Pok\u00e9mon\n|rule|Item Clause: Limit 1 of each item\n|clearpoke\n|poke|p1|Kyogre, L50|\n|poke|p1|Archaludon, L50, F|\n|poke|p1|Tornadus, L50, M|\n|poke|p1|Urshifu-*, L50, F|\n|poke|p1|Flutter Mane, L50|\n|poke|p1|Farigiraf, L50, F|\n|poke|p2|Calyrex-Ice, L50|\n|poke|p2|Indeedee-F, L50, F|\n|poke|p2|Annihilape, L50, F|\n|poke|p2|Tyranitar, L50, M|\n|poke|p2|Raging Bolt, L50|\n|poke|p2|Amoonguss, L50, M|\n|teampreview|4\n|j| mrquinnjohnston\n|inactive|Battle timer is ON: inactive players will automatically lose when time's up. (requested by Duryodhan)\n|\n|t:|1734557459\n|start\n|switch|p1a: Tornadus|Tornadus, L50, M|100\/100\n|switch|p1b: Urshifu|Urshifu, L50, F|100\/100\n|switch|p2a: Tyranitar|Tyranitar, L50, M|100\/100\n|switch|p2b: Raging Bolt|Raging Bolt, L50|100\/100\n|-weather|Sandstorm|[from] ability: Sand Stream|[of] p2a: Tyranitar\n|-enditem|p2b: Raging Bolt|Booster Energy\n|-activate|p2b: Raging Bolt|ability: Protosynthesis|[fromitem]\n|-start|p2b: Raging Bolt|protosynthesisspa\n|turn|1\n|inactive|Inc0gnit0 has 30 seconds left.\n|inactive|Duryodhan has 30 seconds left.\n|inactive|Inc0gnit0 has 20 seconds left.\n|inactive|Duryodhan has 20 seconds left.\n|inactive|Duryodhan has 15 seconds left.\n|\n|t:|1734557502\n|switch|p2a: Amoonguss|Amoonguss, L50, M|100\/100\n|move|p1a: Tornadus|Bleakwind Storm|p2a: Amoonguss|[spread] p2a,p2b\n|-supereffective|p2a: Amoonguss\n|-resisted|p2b: Raging Bolt\n|-damage|p2a: Amoonguss|34\/100\n|-damage|p2b: Raging Bolt|86\/100\n|-unboost|p2b: Raging Bolt|spe|1\n|move|p1b: Urshifu|Close Combat|p2a: Amoonguss\n|-resisted|p2a: Amoonguss\n|-damage|p2a: Amoonguss|8\/100\n|-unboost|p1b: Urshifu|def|1\n|-unboost|p1b: Urshifu|spd|1\n|-damage|p1b: Urshifu|84\/100|[from] item: Rocky Helmet|[of] p2a: Amoonguss\n|move|p2b: Raging Bolt|Thunderbolt|p1b: Urshifu\n|-damage|p1b: Urshifu|0 fnt\n|faint|p1b: Urshifu\n|\n|-weather|Sandstorm|[upkeep]\n|-damage|p1a: Tornadus|95\/100|[from] Sandstorm\n|-damage|p2b: Raging Bolt|80\/100|[from] Sandstorm\n|-damage|p2a: Amoonguss|2\/100|[from] Sandstorm\n|upkeep\n|\n|t:|1734557519\n|switch|p1b: Flutter Mane|Flutter Mane, L50|100\/100\n|-enditem|p1b: Flutter Mane|Booster Energy\n|-activate|p1b: Flutter Mane|ability: Protosynthesis|[fromitem]\n|-start|p1b: Flutter Mane|protosynthesisspe\n|turn|2\n|inactive|Duryodhan has 30 seconds left.\n|\n|t:|1734557544\n|switch|p2a: Tyranitar|Tyranitar, L50, M|100\/100\n|-terastallize|p1b: Flutter Mane|Fairy\n|-terastallize|p2b: Raging Bolt|Electric\n|move|p1b: Flutter Mane|Dazzling Gleam|p2b: Raging Bolt|[spread] p2a,p2b\n|-supereffective|p2a: Tyranitar\n|-damage|p2a: Tyranitar|68\/100\n|-damage|p2b: Raging Bolt|47\/100\n|move|p1a: Tornadus|Bleakwind Storm|p2b: Raging Bolt|[spread] p2a,p2b\n|-resisted|p2a: Tyranitar\n|-resisted|p2b: Raging Bolt\n|-damage|p2a: Tyranitar|61\/100\n|-damage|p2b: Raging Bolt|32\/100\n|-unboost|p2b: Raging Bolt|spe|1\n|move|p2b: Raging Bolt|Thunderbolt|p1a: Tornadus\n|-supereffective|p1a: Tornadus\n|-damage|p1a: Tornadus|0 fnt\n|faint|p1a: Tornadus\n|\n|-weather|Sandstorm|[upkeep]\n|-damage|p1b: Flutter Mane|95\/100|[from] Sandstorm\n|-damage|p2b: Raging Bolt|26\/100|[from] Sandstorm\n|upkeep\n|\n|t:|1734557562\n|switch|p1a: Kyogre|Kyogre, L50|100\/100\n|-weather|RainDance|[from] ability: Drizzle|[of] p1a: Kyogre\n|turn|3\n|\n|t:|1734557567\n|switch|p2a: Amoonguss|Amoonguss, L50, M|35\/100\n|move|p2b: Raging Bolt|Protect|p2b: Raging Bolt\n|-singleturn|p2b: Raging Bolt|Protect\n|move|p1b: Flutter Mane|Dazzling Gleam|p2b: Raging Bolt|[spread] p2a\n|-activate|p2b: Raging Bolt|move: Protect\n|-resisted|p2a: Amoonguss\n|-damage|p2a: Amoonguss|20\/100\n|move|p1a: Kyogre|Origin Pulse|p2a: Amoonguss|[spread] p2a\n|-activate|p2b: Raging Bolt|move: Protect\n|-resisted|p2a: Amoonguss\n|-damage|p2a: Amoonguss|0 fnt\n|faint|p2a: Amoonguss\n|\n|-weather|RainDance|[upkeep]\n|upkeep\n|\n|t:|1734557574\n|switch|p2a: Tyranitar|Tyranitar, L50, M|61\/100\n|-weather|Sandstorm|[from] ability: Sand Stream|[of] p2a: Tyranitar\n|turn|4\n|\n|t:|1734557587\n|move|p2b: Raging Bolt|Thunderclap|p1a: Kyogre\n|-supereffective|p1a: Kyogre\n|-damage|p1a: Kyogre|0 fnt\n|faint|p1a: Kyogre\n|move|p1b: Flutter Mane|Dazzling Gleam|p2a: Tyranitar|[spread] p2a,p2b\n|-supereffective|p2a: Tyranitar\n|-damage|p2a: Tyranitar|32\/100\n|-damage|p2b: Raging Bolt|0 fnt\n|faint|p2b: Raging Bolt\n|-end|p2b: Raging Bolt|Protosynthesis|[silent]\n|move|p2a: Tyranitar|Rock Slide|p1b: Flutter Mane\n|-damage|p1b: Flutter Mane|33\/100\n|\n|-weather|Sandstorm|[upkeep]\n|-damage|p1b: Flutter Mane|28\/100|[from] Sandstorm\n|upkeep\n|\n|t:|1734557600\n|switch|p2b: Calyrex|Calyrex-Ice, L50|100\/100\n|-ability|p2b: Calyrex|As One\n|-ability|p2b: Calyrex|Unnerve\n|turn|5\n|\n|t:|1734557608\n|move|p1b: Flutter Mane|Dazzling Gleam|p2a: Tyranitar|[spread] p2a,p2b\n|-supereffective|p2a: Tyranitar\n|-damage|p2a: Tyranitar|3\/100\n|-damage|p2b: Calyrex|72\/100\n|move|p2a: Tyranitar|Rock Slide|p1b: Flutter Mane|[miss]\n|-miss|p2a: Tyranitar|p1b: Flutter Mane\n|move|p2b: Calyrex|Glacial Lance|p1b: Flutter Mane\n|-damage|p1b: Flutter Mane|0 fnt\n|faint|p1b: Flutter Mane\n|-end|p1b: Flutter Mane|Protosynthesis|[silent]\n|\n|win|Duryodhan\n|raw|Inc0gnit0's rating: 1592 &rarr; <strong>1568<\/strong><br \/>(-24 for losing)\n|raw|Duryodhan's rating: 1530 &rarr; <strong>1554<\/strong><br \/>(+24 for winning)\n|l|\u2606Inc0gnit0\n|player|p1|\n|l|\u2606Duryodhan\n|player|p2|\n|l| mrquinnjohnston\n","uploadtime":1734557815,"views":282,"formatid":"gen9vgc2025regg","rating":1554,"private":0,"password":null}