{"id":"gen9vgc2025regg-2266436831","format":"[Gen 9] VGC 2025 Reg G","players":["Moonlight410","Longhq"],"log":"|j|\u2606Moonlight410\n|j|\u203dLonghq\n|t:|1734674369\n|gametype|doubles\n|player|p1|Moonlight410|170|1605\n|player|p2|Longhq|dawn|1502\n|teamsize|p1|6\n|teamsize|p2|6\n|gen|9\n|tier|[Gen 9] VGC 2025 Reg G\n|rated|\n|rule|Species Clause: Limit one of each Pok\u00e9mon\n|rule|Item Clause: Limit 1 of each item\n|clearpoke\n|poke|p1|Terapagos, L50, M|\n|poke|p1|Smeargle, L50, M|\n|poke|p1|Tornadus, L50, M|\n|poke|p1|Ogerpon-Hearthflame, L50, F|\n|poke|p1|Raging Bolt, L50|\n|poke|p1|Urshifu-*, L50, M|\n|poke|p2|Gholdengo, L50|\n|poke|p2|Miraidon, L50|\n|poke|p2|Tornadus, L50, M|\n|poke|p2|Urshifu-*, L50, M|\n|poke|p2|Incineroar, L50, F|\n|poke|p2|Iron Hands, L50|\n|teampreview|4\n|inactive|Battle timer is ON: inactive players will automatically lose when time's up. (requested by Moonlight410)\n|inactive|Longhq has 60 seconds left.\n|\n|t:|1734674443\n|start\n|switch|p1a: Terapagos|Terapagos, L50, M|100\/100\n|switch|p1b: Smeargle|Smeargle, L50, M|100\/100\n|switch|p2a: Miraidon|Miraidon, L50|100\/100\n|switch|p2b: Urshifu|Urshifu-Rapid-Strike, L50, M|100\/100\n|-activate|p1a: Terapagos|ability: Tera Shift\n|detailschange|p1a: Terapagos|Terapagos-Terastal, L50, M\n|-heal|p1a: Terapagos|100\/100|[silent]\n|-fieldstart|move: Electric Terrain|[from] ability: Hadron Engine|[of] p2a: Miraidon\n|turn|1\n|inactive|Moonlight410 has 30 seconds left.\n|\n|t:|1734674470\n|move|p1b: Smeargle|Fake Out|p2a: Miraidon\n|-damage|p2a: Miraidon|95\/100\n|move|p2a: Miraidon|Volt Switch|p1b: Smeargle\n|-enditem|p1b: Smeargle|Focus Sash\n|-damage|p1b: Smeargle|1\/100\n|\n|t:|1734674478\n|switch|p2a: Iron Hands|Iron Hands, L50|100\/100|[from] Volt Switch\n|-activate|p2a: Iron Hands|ability: Quark Drive\n|-start|p2a: Iron Hands|quarkdriveatk\n|move|p2b: Urshifu|Surging Strikes|p1b: Smeargle\n|-crit|p1b: Smeargle\n|-damage|p1b: Smeargle|0 fnt\n|faint|p1b: Smeargle\n|-hitcount|p1: Smeargle|1\n|move|p1a: Terapagos|Tera Starstorm|p2a: Iron Hands\n|-damage|p2a: Iron Hands|52\/100\n|\n|upkeep\n|\n|t:|1734674492\n|switch|p1b: Tornadus|Tornadus, L50, M|100\/100\n|turn|2\n|inactive|Longhq has 30 seconds left.\n|\n|t:|1734674520\n|switch|p1a: Urshifu|Urshifu-Rapid-Strike, L50, M|100\/100\n|move|p2a: Iron Hands|Fake Out|p1a: Urshifu\n|-damage|p1a: Urshifu|80\/100\n|move|p1b: Tornadus|Tailwind|p1b: Tornadus\n|-sidestart|p1: Moonlight410|move: Tailwind\n|move|p2b: Urshifu|Close Combat|p1a: Urshifu\n|-damage|p1a: Urshifu|4\/100\n|-unboost|p2b: Urshifu|def|1\n|-unboost|p2b: Urshifu|spd|1\n|\n|upkeep\n|turn|3\n|\n|t:|1734674543\n|switch|p1a: Terapagos|Terapagos-Terastal, L50, M|100\/100\n|switch|p2b: Tornadus|Tornadus, L50, M|100\/100\n|move|p1b: Tornadus|Bleakwind Storm|p2a: Iron Hands|[spread] p2a,p2b\n|-damage|p2a: Iron Hands|34\/100\n|-damage|p2b: Tornadus|67\/100\n|move|p2a: Iron Hands|Wild Charge|p1b: Tornadus\n|-supereffective|p1b: Tornadus\n|-damage|p1b: Tornadus|0 fnt\n|-damage|p2a: Iron Hands|17\/100|[from] item: Rocky Helmet|[of] p1b: Tornadus\n|faint|p1b: Tornadus\n|-damage|p2a: Iron Hands|0 fnt|[from] Recoil\n|faint|p2a: Iron Hands\n|-end|p2a: Iron Hands|Quark Drive|[silent]\n|\n|upkeep\n|j| hiddengrottofe\n|\n|t:|1734674564\n|switch|p1b: Urshifu|Urshifu-Rapid-Strike, L50, M|4\/100\n|switch|p2a: Miraidon|Miraidon, L50|95\/100\n|-activate|p2a: Miraidon|ability: Hadron Engine\n|turn|4\n|l| hiddengrottofe\n|\n|t:|1734674578\n|-terastallize|p1a: Terapagos|Stellar\n|detailschange|p1a: Terapagos|Terapagos-Stellar, L50, M, tera:Stellar\n|-heal|p1a: Terapagos|100\/100|[silent]\n|-ability|p1a: Terapagos|Teraform Zero\n|-fieldend|move: Electric Terrain\n|move|p2b: Tornadus|Tailwind|p2b: Tornadus\n|-sidestart|p2: Longhq|move: Tailwind\n|move|p1b: Urshifu|Close Combat|p2a: Miraidon\n|-damage|p2a: Miraidon|29\/100\n|-unboost|p1b: Urshifu|def|1\n|-unboost|p1b: Urshifu|spd|1\n|move|p2a: Miraidon|Dazzling Gleam|p1a: Terapagos|[spread] p1a,p1b\n|-supereffective|p1b: Urshifu\n|-damage|p1a: Terapagos|85\/100\n|-damage|p1b: Urshifu|0 fnt\n|faint|p1b: Urshifu\n|move|p1a: Terapagos|Tera Starstorm|p2a: Miraidon|[spread] p2a,p2b\n|-crit|p2b: Tornadus\n|-damage|p2a: Miraidon|0 fnt\n|-damage|p2b: Tornadus|0 fnt\n|faint|p2a: Miraidon\n|faint|p2b: Tornadus\n|\n|upkeep\n|\n|t:|1734674597\n|switch|p2b: Urshifu|Urshifu-Rapid-Strike, L50, M|100\/100\n|turn|5\n|\n|t:|1734674602\n|move|p2b: Urshifu|Close Combat|p1a: Terapagos\n|-supereffective|p1a: Terapagos\n|-damage|p1a: Terapagos|0 fnt\n|-unboost|p2b: Urshifu|def|1\n|-unboost|p2b: Urshifu|spd|1\n|faint|p1a: Terapagos\n|\n|win|Longhq\n|raw|Moonlight410's rating: 1605 &rarr; <strong>1579<\/strong><br \/>(-26 for losing)\n|raw|Longhq's rating: 1502 &rarr; <strong>1528<\/strong><br \/>(+26 for winning)\n|l|\u2606Moonlight410\n|player|p1|\n|l|\u203dLonghq\n|player|p2|\n","uploadtime":1734674830,"views":273,"formatid":"gen9vgc2025regg","rating":1528,"private":0,"password":null}