{"id":"gen9vgc2025regg-2266869470","format":"[Gen 9] VGC 2025 Reg G","players":["Tester_SF02","Emirnent"],"log":"|j|\u2606Tester_SF02\n|j|\u2606Emirnent\n|t:|1734735663\n|gametype|doubles\n|player|p1|Tester_SF02|hiker-gen4|1632\n|player|p2|Emirnent|266|1535\n|teamsize|p1|6\n|teamsize|p2|6\n|gen|9\n|tier|[Gen 9] VGC 2025 Reg G\n|rated|\n|rule|Species Clause: Limit one of each Pok\u00e9mon\n|rule|Item Clause: Limit 1 of each item\n|clearpoke\n|poke|p1|Calyrex-Shadow, L50|\n|poke|p1|Ursaluna, L50, M|\n|poke|p1|Indeedee-F, L50, F|\n|poke|p1|Ogerpon-Wellspring, L50, F|\n|poke|p1|Incineroar, L50, F|\n|poke|p1|Tornadus, L50, M|\n|poke|p2|Calyrex-Ice, L50|\n|poke|p2|Iron Crown, L50|\n|poke|p2|Annihilape, L50, M|\n|poke|p2|Pelipper, L50, F|\n|poke|p2|Indeedee-F, L50, F|\n|poke|p2|Urshifu-*, L50, M|\n|teampreview|4\n|inactive|Battle timer is ON: inactive players will automatically lose when time's up. (requested by Emirnent)\n|inactive|Tester_SF02 has 60 seconds left.\n|inactive|Emirnent has 60 seconds left.\n|j| Therazer456\n|\n|t:|1734735713\n|start\n|switch|p1a: Tornadus|Tornadus, L50, M|100\/100\n|switch|p1b: Calyrex|Calyrex-Shadow, L50|100\/100\n|switch|p2a: Calyrex|Calyrex-Ice, L50|100\/100\n|switch|p2b: Pelipper|Pelipper, L50, F|100\/100\n|-ability|p1b: Calyrex|As One\n|-ability|p1b: Calyrex|Unnerve\n|-ability|p2a: Calyrex|As One\n|-ability|p2a: Calyrex|Unnerve\n|-weather|RainDance|[from] ability: Drizzle|[of] p2b: Pelipper\n|turn|1\n|\n|t:|1734735725\n|-terastallize|p1a: Tornadus|Dark\n|move|p2b: Pelipper|Wide Guard|p2b: Pelipper\n|-singleturn|p2b: Pelipper|Wide Guard\n|move|p1b: Calyrex|Tera Blast|p2a: Calyrex\n|-damage|p2a: Calyrex|64\/100\n|move|p1a: Tornadus|Dark Pulse|p2a: Calyrex\n|-supereffective|p2a: Calyrex\n|-damage|p2a: Calyrex|0 fnt\n|faint|p2a: Calyrex\n|-damage|p1a: Tornadus|91\/100|[from] item: Life Orb\n|\n|-weather|RainDance|[upkeep]\n|upkeep\n|inactive|Emirnent has 30 seconds left.\n|\n|t:|1734735753\n|switch|p2a: Annihilape|Annihilape, L50, M|100\/100\n|turn|2\n|\n|t:|1734735760\n|switch|p1b: Indeedee|Indeedee-F, L50, F|100\/100\n|-fieldstart|move: Psychic Terrain|[from] ability: Psychic Surge|[of] p1b: Indeedee\n|move|p2b: Pelipper|Wide Guard|p2b: Pelipper\n|-singleturn|p2b: Pelipper|Wide Guard\n|move|p1a: Tornadus|Sunny Day|p1a: Tornadus\n|-weather|SunnyDay\n|move|p2a: Annihilape|Shadow Claw|p1b: Indeedee\n|-immune|p1b: Indeedee\n|\n|-weather|SunnyDay|[upkeep]\n|upkeep\n|turn|3\n|\n|t:|1734735784\n|switch|p2b: Iron Crown|Iron Crown, L50|100\/100\n|-enditem|p2b: Iron Crown|Booster Energy\n|-activate|p2b: Iron Crown|ability: Quark Drive|[fromitem]\n|-start|p2b: Iron Crown|quarkdrivespa\n|move|p1b: Indeedee|Follow Me|p1b: Indeedee\n|-singleturn|p1b: Indeedee|move: Follow Me\n|move|p2a: Annihilape|Shadow Claw|p1b: Indeedee\n|-immune|p1b: Indeedee\n|move|p1a: Tornadus|Bleakwind Storm|p2a: Annihilape|[spread] p2a,p2b\n|-supereffective|p2a: Annihilape\n|-resisted|p2b: Iron Crown\n|-damage|p2a: Annihilape|14\/100\n|-damage|p2b: Iron Crown|74\/100\n|-damage|p1a: Tornadus|82\/100|[from] item: Life Orb\n|\n|-weather|SunnyDay|[upkeep]\n|upkeep\n|turn|4\n|j| Deathbydeath01\n|\n|t:|1734735806\n|switch|p2a: Pelipper|Pelipper, L50, F|100\/100\n|-weather|RainDance|[from] ability: Drizzle|[of] p2a: Pelipper\n|move|p2b: Iron Crown|Protect|p2b: Iron Crown\n|-singleturn|p2b: Iron Crown|Protect\n|move|p1a: Tornadus|Dark Pulse|p2b: Iron Crown\n|-activate|p2b: Iron Crown|move: Protect\n|move|p1b: Indeedee|Trick Room|p1b: Indeedee\n|-fieldstart|move: Trick Room|[of] p1b: Indeedee\n|\n|-weather|RainDance|[upkeep]\n|upkeep\n|turn|5\n|\n|t:|1734735820\n|move|p1a: Tornadus|Sunny Day|p1a: Tornadus\n|-weather|SunnyDay\n|move|p2a: Pelipper|Weather Ball|p1a: Tornadus\n|-damage|p1a: Tornadus|19\/100\n|move|p1b: Indeedee|Alluring Voice|p2a: Pelipper\n|-damage|p2a: Pelipper|77\/100\n|move|p2b: Iron Crown|Tachyon Cutter|p1a: Tornadus\n|-crit|p1a: Tornadus\n|-damage|p1a: Tornadus|0 fnt\n|faint|p1a: Tornadus\n|-hitcount|p1: Tornadus|1\n|\n|-weather|SunnyDay|[upkeep]\n|upkeep\n|\n|t:|1734735823\n|switch|p1a: Ursaluna|Ursaluna, L50, M|100\/100\n|turn|6\n|\n|t:|1734735846\n|-terastallize|p2b: Iron Crown|Water\n|move|p1a: Ursaluna|Protect|p1a: Ursaluna\n|-singleturn|p1a: Ursaluna|Protect\n|move|p2a: Pelipper|Weather Ball|p1a: Ursaluna\n|-activate|p1a: Ursaluna|move: Protect\n|move|p1b: Indeedee|Alluring Voice|p2b: Iron Crown\n|-damage|p2b: Iron Crown|55\/100\n|move|p2b: Iron Crown|Tachyon Cutter|p1a: Ursaluna\n|-activate|p1a: Ursaluna|move: Protect\n|\n|-weather|SunnyDay|[upkeep]\n|-fieldend|move: Psychic Terrain\n|-status|p1a: Ursaluna|brn|[from] item: Flame Orb\n|upkeep\n|turn|7\n|inactive|Emirnent has 30 seconds left.\n|inactive|Emirnent has 20 seconds left.\n|inactive|Emirnent has 15 seconds left.\n|inactive|Emirnent has 10 seconds left.\n|l| Deathbydeath01\n|\n|t:|1734735896\n|switch|p2a: Annihilape|Annihilape, L50, M|14\/100\n|move|p1b: Indeedee|Follow Me|p1b: Indeedee\n|-singleturn|p1b: Indeedee|move: Follow Me\n|move|p1a: Ursaluna|Facade|p2a: Annihilape\n|-immune|p2a: Annihilape\n|move|p2b: Iron Crown|Tachyon Cutter|p1b: Indeedee\n|-damage|p1b: Indeedee|67\/100\n|-damage|p1b: Indeedee|34\/100\n|-hitcount|p1b: Indeedee|2\n|\n|-weather|SunnyDay|[upkeep]\n|-damage|p1a: Ursaluna|95\/100 brn|[from] brn\n|upkeep\n|turn|8\n|inactive|Emirnent has 30 seconds left.\n|inactive|Emirnent has 20 seconds left.\n|inactive|Emirnent has 15 seconds left.\n|inactive|Emirnent has 10 seconds left.\n|inactive|Emirnent has 5 seconds left.\n|\n|t:|1734735950\n|switch|p2a: Pelipper|Pelipper, L50, F|77\/100\n|-weather|RainDance|[from] ability: Drizzle|[of] p2a: Pelipper\n|move|p1a: Ursaluna|Earthquake|p2b: Iron Crown|[spread] p1b,p2b\n|-immune|p2a: Pelipper\n|-damage|p1b: Indeedee|0 fnt\n|-damage|p2b: Iron Crown|0 fnt\n|faint|p1b: Indeedee\n|faint|p2b: Iron Crown\n|-end|p2b: Iron Crown|Quark Drive|[silent]\n|\n|-weather|RainDance|[upkeep]\n|-damage|p1a: Ursaluna|89\/100 brn|[from] brn\n|-fieldend|move: Trick Room\n|upkeep\n|\n|t:|1734735961\n|switch|p2b: Annihilape|Annihilape, L50, M|14\/100\n|switch|p1b: Calyrex|Calyrex-Shadow, L50|100\/100\n|-ability|p1b: Calyrex|As One\n|-ability|p1b: Calyrex|Unnerve\n|turn|9\n|\n|t:|1734735969\n|move|p2b: Annihilape|Shadow Claw|p1b: Calyrex\n|-supereffective|p1b: Calyrex\n|-damage|p1b: Calyrex|0 fnt\n|faint|p1b: Calyrex\n|move|p2a: Pelipper|Weather Ball|p1a: Ursaluna\n|-supereffective|p1a: Ursaluna\n|-damage|p1a: Ursaluna|0 fnt\n|faint|p1a: Ursaluna\n|\n|win|Emirnent\n|raw|Tester_SF02's rating: 1632 &rarr; <strong>1607<\/strong><br \/>(-25 for losing)\n|raw|Emirnent's rating: 1535 &rarr; <strong>1560<\/strong><br \/>(+25 for winning)\n|l|\u2606Tester_SF02\n|player|p1|\n|c|\u2606Emirnent|gg\n|l| Therazer456\n|l|\u2606Emirnent\n|player|p2|\n|j| WahedDjeleba\n|l| WahedDjeleba\n","uploadtime":1734736053,"views":133,"formatid":"gen9vgc2025regg","rating":1560,"private":0,"password":null}