{"id":"gen9vgc2025regg-2267536869","format":"[Gen 9] VGC 2025 Reg G","players":["zxc123zxc","AZUNA_Fan"],"log":"|j|\u2606zxc123zxc\n|j|\u2606AZUNA_Fan\n|t:|1734841379\n|gametype|doubles\n|player|p1|zxc123zxc|hiker-gen4|1561\n|player|p2|AZUNA_Fan|170|1618\n|teamsize|p1|6\n|teamsize|p2|6\n|gen|9\n|tier|[Gen 9] VGC 2025 Reg G\n|rated|\n|rule|Species Clause: Limit one of each Pok\u00e9mon\n|rule|Item Clause: Limit 1 of each item\n|clearpoke\n|poke|p1|Calyrex-Ice, L50|\n|poke|p1|Urshifu-*, L50, M|\n|poke|p1|Pelipper, L50, F|\n|poke|p1|Amoonguss, L50, F|\n|poke|p1|Iron Valiant, L50|\n|poke|p1|Landorus, L50, M|\n|poke|p2|Calyrex-Shadow, L50|\n|poke|p2|Urshifu-*, L50, F|\n|poke|p2|Indeedee-F, L50, F|\n|poke|p2|Maushold, L50|\n|poke|p2|Dondozo, L50, M|\n|poke|p2|Tatsugiri, L50, M|\n|teampreview|4\n|j| BreadTest\n|\n|t:|1734841410\n|start\n|switch|p1a: Iron Valiant|Iron Valiant, L50|100\/100\n|switch|p1b: Calyrex|Calyrex-Ice, L50|100\/100\n|switch|p2a: Calyrex|Calyrex-Shadow, L50|100\/100\n|switch|p2b: Maushold|Maushold, L50|100\/100\n|-ability|p2a: Calyrex|As One\n|-ability|p2a: Calyrex|Unnerve\n|-ability|p1b: Calyrex|As One\n|-ability|p1b: Calyrex|Unnerve\n|-enditem|p1a: Iron Valiant|Booster Energy\n|-activate|p1a: Iron Valiant|ability: Quark Drive|[fromitem]\n|-start|p1a: Iron Valiant|quarkdrivespe\n|turn|1\n|\n|t:|1734841430\n|-terastallize|p1b: Calyrex|Grass\n|move|p2b: Maushold|Feint|p1b: Calyrex\n|-damage|p1b: Calyrex|95\/100\n|move|p1a: Iron Valiant|Spirit Break|p2a: Calyrex\n|-damage|p2a: Calyrex|77\/100\n|-unboost|p2a: Calyrex|spa|1\n|move|p2a: Calyrex|Astral Barrage|p1a: Iron Valiant|[spread] p1a,p1b\n|-damage|p1a: Iron Valiant|33\/100\n|-damage|p1b: Calyrex|62\/100\n|move|p1b: Calyrex|Trick Room|p1b: Calyrex\n|-fieldstart|move: Trick Room|[of] p1b: Calyrex\n|\n|upkeep\n|turn|2\n|j| Ahsna\n|\n|t:|1734841465\n|-end|p1a: Iron Valiant|Quark Drive|[silent]\n|switch|p1a: Amoonguss|Amoonguss, L50, F|100\/100\n|move|p2b: Maushold|Feint|p1b: Calyrex\n|-damage|p1b: Calyrex|57\/100\n|move|p1b: Calyrex|Glacial Lance|p2b: Maushold|[spread] p2a,p2b\n|-damage|p2a: Calyrex|35\/100\n|-damage|p2b: Maushold|47\/100\n|move|p2a: Calyrex|Astral Barrage|p1a: Amoonguss|[spread] p1a,p1b\n|-damage|p1a: Amoonguss|53\/100\n|-damage|p1b: Calyrex|27\/100\n|\n|upkeep\n|turn|3\n|l| Ahsna\n|\n|t:|1734841498\n|switch|p2b: Dondozo|Dondozo, L50, M|100\/100\n|switch|p2a: Tatsugiri|Tatsugiri, L50, M|100\/100\n|-activate|p2a: Tatsugiri|ability: Commander|[of] p2b: Dondozo\n|-boost|p2b: Dondozo|atk|2\n|-boost|p2b: Dondozo|spa|2\n|-boost|p2b: Dondozo|spe|2\n|-boost|p2b: Dondozo|def|2\n|-boost|p2b: Dondozo|spd|2\n|move|p1a: Amoonguss|Pollen Puff|p1b: Calyrex\n|-heal|p1b: Calyrex|77\/100\n|move|p1b: Calyrex|Glacial Lance|p2a: Tatsugiri|[spread] p2b\n|-miss|p1b: Calyrex|p2a: Tatsugiri\n|-resisted|p2b: Dondozo\n|-damage|p2b: Dondozo|90\/100\n|\n|upkeep\n|turn|4\n|\n|t:|1734841532\n|move|p1a: Amoonguss|Clear Smog|p2b: Dondozo\n|-damage|p2b: Dondozo|84\/100\n|-clearboost|p2b: Dondozo\n|move|p1b: Calyrex|High Horsepower|p2b: Dondozo\n|-damage|p2b: Dondozo|54\/100\n|-damage|p1b: Calyrex|60\/100|[from] item: Rocky Helmet|[of] p2b: Dondozo\n|move|p2b: Dondozo|Sleep Talk||[still]\n|-fail|p2b: Dondozo\n|\n|upkeep\n|turn|5\n|-message|AZUNA_Fan forfeited.\n|\n|win|zxc123zxc\n|raw|zxc123zxc's rating: 1561 &rarr; <strong>1584<\/strong><br \/>(+23 for winning)\n|raw|AZUNA_Fan's rating: 1618 &rarr; <strong>1595<\/strong><br \/>(-23 for losing)\n|l|\u2606AZUNA_Fan\n|player|p2|\n|l| BreadTest\n|l|\u2606zxc123zxc\n|player|p1|\n|j|\u2606zxc123zxc\n|player|p1|zxc123zxc|hiker-gen4|\n|l|\u2606zxc123zxc\n|player|p1|\n","uploadtime":1734841808,"views":154,"formatid":"gen9vgc2025regg","rating":1584,"private":0,"password":null}