{"id":"gen9vgc2025regg-2267687405","format":"[Gen 9] VGC 2025 Reg G","players":["SeaWolfMikess","Gene10"],"log":"|j|\u2606SeaWolfMikess\n|j|\u2606Gene10\n|t:|1734873178\n|gametype|doubles\n|player|p1|SeaWolfMikess|hugh|1615\n|player|p2|Gene10|169|1516\n|teamsize|p1|6\n|teamsize|p2|6\n|gen|9\n|tier|[Gen 9] VGC 2025 Reg G\n|rated|\n|rule|Species Clause: Limit one of each Pok\u00e9mon\n|rule|Item Clause: Limit 1 of each item\n|clearpoke\n|poke|p1|Chien-Pao, L50|\n|poke|p1|Urshifu-*, L50, F|\n|poke|p1|Lunala, L50|\n|poke|p1|Rillaboom, L50, M|\n|poke|p1|Raging Bolt, L50|\n|poke|p1|Incineroar, L50, M|\n|poke|p2|Calyrex-Ice, L50|\n|poke|p2|Urshifu-*, L50, F|\n|poke|p2|Raging Bolt, L50|\n|poke|p2|Rillaboom, L50, M|\n|poke|p2|Pelipper, L50, M|\n|poke|p2|Farigiraf, L50, M|\n|teampreview|4\n|inactive|Battle timer is ON: inactive players will automatically lose when time's up. (requested by Gene10)\n|j| Jay Shirona\n|inactive|SeaWolfMikess has 60 seconds left.\n|\n|t:|1734873226\n|start\n|switch|p1a: Incineroar|Incineroar, L50, M|100\/100\n|switch|p1b: Lunala|Lunala, L50|100\/100\n|switch|p2a: Calyrex|Calyrex-Ice, L50|100\/100\n|switch|p2b: Urshifu|Urshifu-Rapid-Strike, L50, F|100\/100\n|-ability|p2a: Calyrex|As One\n|-ability|p2a: Calyrex|Unnerve\n|-ability|p1a: Incineroar|Intimidate|boost\n|-fail|p2a: Calyrex|unboost|[from] item: Clear Amulet|[of] p2a: Calyrex\n|-unboost|p2b: Urshifu|atk|1\n|turn|1\n|inactive|Gene10 has 30 seconds left.\n|\n|t:|1734873252\n|switch|p2a: Farigiraf|Farigiraf, L50, M|100\/100\n|-terastallize|p2b: Urshifu|Water\n|move|p1a: Incineroar|Fake Out||[still]\n|cant|p2a: Farigiraf|ability: Armor Tail|Fake Out|[of] p1a: Incineroar\n|move|p2b: Urshifu|Surging Strikes|p1a: Incineroar\n|-supereffective|p1a: Incineroar\n|-crit|p1a: Incineroar\n|-damage|p1a: Incineroar|59\/100\n|-supereffective|p1a: Incineroar\n|-crit|p1a: Incineroar\n|-damage|p1a: Incineroar|23\/100\n|-supereffective|p1a: Incineroar\n|-crit|p1a: Incineroar\n|-damage|p1a: Incineroar|0 fnt\n|faint|p1a: Incineroar\n|-hitcount|p1: Incineroar|3\n|move|p1b: Lunala|Calm Mind|p1b: Lunala\n|-boost|p1b: Lunala|spa|1\n|-boost|p1b: Lunala|spd|1\n|\n|upkeep\n|\n|t:|1734873261\n|switch|p1a: Rillaboom|Rillaboom, L50, M|100\/100\n|-fieldstart|move: Grassy Terrain|[from] ability: Grassy Surge|[of] p1a: Rillaboom\n|turn|2\n|\n|t:|1734873277\n|-terastallize|p1b: Lunala|Fairy\n|move|p2a: Farigiraf|Helping Hand|p2b: Urshifu\n|-singleturn|p2b: Urshifu|Helping Hand|[of] p2a: Farigiraf\n|move|p2b: Urshifu|Surging Strikes|p1b: Lunala\n|-crit|p1b: Lunala\n|-damage|p1b: Lunala|87\/100\n|-crit|p1b: Lunala\n|-damage|p1b: Lunala|62\/100\n|-crit|p1b: Lunala\n|-damage|p1b: Lunala|36\/100\n|-hitcount|p1b: Lunala|3\n|move|p1b: Lunala|Dazzling Gleam|p2a: Farigiraf|[spread] p2a,p2b\n|-damage|p2a: Farigiraf|60\/100\n|-damage|p2b: Urshifu|39\/100\n|move|p1a: Rillaboom|Wood Hammer|p2b: Urshifu\n|-supereffective|p2b: Urshifu\n|-damage|p2b: Urshifu|0 fnt\n|faint|p2b: Urshifu\n|-damage|p1a: Rillaboom|90\/100|[from] Recoil\n|\n|-heal|p1b: Lunala|42\/100|[from] Grassy Terrain\n|-heal|p1b: Lunala|48\/100|[from] item: Leftovers\n|-heal|p1a: Rillaboom|96\/100|[from] Grassy Terrain\n|-heal|p2a: Farigiraf|66\/100|[from] Grassy Terrain\n|upkeep\n|j| Wonderful Bob\n|\n|t:|1734873297\n|switch|p2b: Calyrex|Calyrex-Ice, L50|100\/100\n|-ability|p2b: Calyrex|As One\n|-ability|p2b: Calyrex|Unnerve\n|turn|3\n|\n|t:|1734873300\n|move|p2b: Calyrex|Protect|p2b: Calyrex\n|-singleturn|p2b: Calyrex|Protect\n|move|p1b: Lunala|Dazzling Gleam|p2a: Farigiraf|[spread] p2a\n|-activate|p2b: Calyrex|move: Protect\n|-damage|p2a: Farigiraf|23\/100\n|-enditem|p2a: Farigiraf|Sitrus Berry|[eat]\n|-heal|p2a: Farigiraf|48\/100|[from] item: Sitrus Berry\n|move|p1a: Rillaboom|U-turn|p2a: Farigiraf\n|-supereffective|p2a: Farigiraf\n|-damage|p2a: Farigiraf|3\/100\n|l| Jay Shirona\n|\n|t:|1734873309\n|switch|p1a: Urshifu|Urshifu-Rapid-Strike, L50, F|100\/100|[from] U-turn\n|move|p2a: Farigiraf|Trick Room|p2a: Farigiraf\n|-fieldstart|move: Trick Room|[of] p2a: Farigiraf\n|\n|-heal|p2a: Farigiraf|9\/100|[from] Grassy Terrain\n|-heal|p1b: Lunala|55\/100|[from] Grassy Terrain\n|-heal|p1b: Lunala|61\/100|[from] item: Leftovers\n|upkeep\n|turn|4\n|j| Jay Shirona\n|\n|t:|1734873328\n|move|p1b: Lunala|Protect|p1b: Lunala\n|-singleturn|p1b: Lunala|Protect\n|move|p2b: Calyrex|Glacial Lance|p1a: Urshifu|[spread] p1a\n|-activate|p1b: Lunala|move: Protect\n|-resisted|p1a: Urshifu\n|-damage|p1a: Urshifu|72\/100\n|move|p2a: Farigiraf|Psychic Noise|p1a: Urshifu\n|-supereffective|p1a: Urshifu\n|-damage|p1a: Urshifu|0 fnt\n|faint|p1a: Urshifu\n|\n|-heal|p2a: Farigiraf|14\/100|[from] Grassy Terrain\n|-heal|p1b: Lunala|67\/100|[from] Grassy Terrain\n|-heal|p1b: Lunala|73\/100|[from] item: Leftovers\n|upkeep\n|\n|t:|1734873337\n|switch|p1a: Rillaboom|Rillaboom, L50, M|96\/100\n|turn|5\n|\n|t:|1734873347\n|move|p2a: Farigiraf|Helping Hand|p2b: Calyrex\n|-singleturn|p2b: Calyrex|Helping Hand|[of] p2a: Farigiraf\n|move|p2b: Calyrex|Glacial Lance|p1b: Lunala|[spread] p1a,p1b\n|-supereffective|p1a: Rillaboom\n|-damage|p1a: Rillaboom|0 fnt\n|-damage|p1b: Lunala|10\/100\n|faint|p1a: Rillaboom\n|-ability|p2b: Calyrex|Chilling Neigh|boost\n|-boost|p2b: Calyrex|atk|1\n|move|p1b: Lunala|Moongeist Beam|p2b: Calyrex\n|-supereffective|p2b: Calyrex\n|-damage|p2b: Calyrex|1\/100\n|\n|-heal|p2b: Calyrex|7\/100|[from] Grassy Terrain\n|-heal|p2a: Farigiraf|20\/100|[from] Grassy Terrain\n|-heal|p1b: Lunala|16\/100|[from] Grassy Terrain\n|-heal|p1b: Lunala|23\/100|[from] item: Leftovers\n|upkeep\n|turn|6\n|l| Wonderful Bob\n|j| Wonderful Bob\n|\n|t:|1734873369\n|move|p2a: Farigiraf|Helping Hand|p2b: Calyrex\n|-singleturn|p2b: Calyrex|Helping Hand|[of] p2a: Farigiraf\n|move|p1b: Lunala|Protect|p1b: Lunala\n|-singleturn|p1b: Lunala|Protect\n|move|p2b: Calyrex|Glacial Lance|p1b: Lunala\n|-activate|p1b: Lunala|move: Protect\n|\n|-heal|p2b: Calyrex|13\/100|[from] Grassy Terrain\n|-heal|p2a: Farigiraf|26\/100|[from] Grassy Terrain\n|-heal|p1b: Lunala|29\/100|[from] Grassy Terrain\n|-heal|p1b: Lunala|35\/100|[from] item: Leftovers\n|-fieldend|move: Grassy Terrain\n|upkeep\n|turn|7\n|\n|t:|1734873382\n|move|p2a: Farigiraf|Helping Hand|p2b: Calyrex\n|-singleturn|p2b: Calyrex|Helping Hand|[of] p2a: Farigiraf\n|move|p1b: Lunala|Protect||[still]\n|-fail|p1b: Lunala\n|move|p2b: Calyrex|Glacial Lance|p1b: Lunala\n|-damage|p1b: Lunala|0 fnt\n|faint|p1b: Lunala\n|\n|win|Gene10\n|raw|SeaWolfMikess's rating: 1615 &rarr; <strong>1589<\/strong><br \/>(-26 for losing)\n|raw|Gene10's rating: 1516 &rarr; <strong>1542<\/strong><br \/>(+26 for winning)\n|l| Jay Shirona\n|l| Wonderful Bob\n|l|\u2606SeaWolfMikess\n|player|p1|\n|l|\u2606Gene10\n|player|p2|\n","uploadtime":1734873524,"views":417,"formatid":"gen9vgc2025regg","rating":1542,"private":0,"password":null}