{"id":"gen9vgc2025regg-2267692618","format":"[Gen 9] VGC 2025 Reg G","players":["sibylla_system","SeaWolfMikess"],"log":"|j|\u2606sibylla_system\n|j|\u2606SeaWolfMikess\n|t:|1734874116\n|gametype|doubles\n|player|p1|sibylla_system|2|1567\n|player|p2|SeaWolfMikess|hugh|1583\n|teamsize|p1|6\n|teamsize|p2|6\n|gen|9\n|tier|[Gen 9] VGC 2025 Reg G\n|rated|\n|rule|Species Clause: Limit one of each Pok\u00e9mon\n|rule|Item Clause: Limit 1 of each item\n|clearpoke\n|poke|p1|Koraidon, L50|\n|poke|p1|Flutter Mane, L50|\n|poke|p1|Chi-Yu, L50|\n|poke|p1|Raging Bolt, L50|\n|poke|p1|Whimsicott, L50, F|\n|poke|p1|Torkoal, L50, F|\n|poke|p2|Calyrex-Ice, L50|\n|poke|p2|Urshifu-*, L50, M|\n|poke|p2|Ogerpon-Cornerstone, L50, F|\n|poke|p2|Rillaboom, L50, M|\n|poke|p2|Raging Bolt, L50|\n|poke|p2|Chi-Yu, L50|\n|teampreview|4\n|\n|t:|1734874165\n|start\n|switch|p1a: Koraidon|Koraidon, L50|100\/100\n|switch|p1b: Flutter Mane|Flutter Mane, L50|100\/100\n|switch|p2a: Ogerpon|Ogerpon-Cornerstone, L50, F|100\/100\n|switch|p2b: Calyrex|Calyrex-Ice, L50|100\/100\n|-ability|p2b: Calyrex|As One\n|-ability|p2b: Calyrex|Unnerve\n|-weather|SunnyDay|[from] ability: Orichalcum Pulse|[of] p1a: Koraidon\n|-activate|p1b: Flutter Mane|ability: Protosynthesis\n|-start|p1b: Flutter Mane|protosynthesisspe\n|-activate|p1a: Koraidon|Orichalcum Pulse|[source]\n|turn|1\n|\n|t:|1734874227\n|move|p1a: Koraidon|Helping Hand|p1b: Flutter Mane\n|-singleturn|p1b: Flutter Mane|Helping Hand|[of] p1a: Koraidon\n|move|p2a: Ogerpon|Follow Me|p2a: Ogerpon\n|-singleturn|p2a: Ogerpon|move: Follow Me\n|move|p1b: Flutter Mane|Dazzling Gleam|p2a: Ogerpon|[spread] p2a,p2b\n|-damage|p2a: Ogerpon|17\/100\n|-damage|p2b: Calyrex|58\/100\n|move|p2b: Calyrex|Trick Room|p2b: Calyrex\n|-fieldstart|move: Trick Room|[of] p2b: Calyrex\n|\n|-weather|SunnyDay|[upkeep]\n|upkeep\n|turn|2\n|\n|t:|1734874242\n|-terastallize|p2b: Calyrex|Fairy\n|move|p1a: Koraidon|Protect|p1a: Koraidon\n|-singleturn|p1a: Koraidon|Protect\n|move|p2b: Calyrex|Glacial Lance|p1a: Koraidon|[spread] p1b\n|-activate|p1a: Koraidon|move: Protect\n|-damage|p1b: Flutter Mane|0 fnt\n|faint|p1b: Flutter Mane\n|-end|p1b: Flutter Mane|Protosynthesis|[silent]\n|-ability|p2b: Calyrex|Chilling Neigh|boost\n|-boost|p2b: Calyrex|atk|1\n|move|p2a: Ogerpon|Ivy Cudgel|p1a: Koraidon|[anim] Ivy Cudgel Rock\n|-activate|p1a: Koraidon|move: Protect\n|\n|-weather|SunnyDay|[upkeep]\n|upkeep\n|\n|t:|1734874255\n|switch|p1b: Torkoal|Torkoal, L50, F|100\/100\n|turn|3\n|\n|t:|1734874272\n|move|p1a: Koraidon|Helping Hand|p1b: Torkoal\n|-singleturn|p1b: Torkoal|Helping Hand|[of] p1a: Koraidon\n|move|p2b: Calyrex|Protect|p2b: Calyrex\n|-singleturn|p2b: Calyrex|Protect\n|move|p1b: Torkoal|Eruption|p2b: Calyrex|[spread] p2a\n|-activate|p2b: Calyrex|move: Protect\n|-crit|p2a: Ogerpon\n|-damage|p2a: Ogerpon|0 fnt\n|faint|p2a: Ogerpon\n|\n|-weather|SunnyDay|[upkeep]\n|upkeep\n|\n|t:|1734874280\n|switch|p2a: Raging Bolt|Raging Bolt, L50|100\/100\n|-activate|p2a: Raging Bolt|ability: Protosynthesis\n|-start|p2a: Raging Bolt|protosynthesisspa\n|turn|4\n|\n|t:|1734874302\n|-terastallize|p1b: Torkoal|Fire\n|move|p2a: Raging Bolt|Thunderclap|p1b: Torkoal\n|-damage|p1b: Torkoal|24\/100\n|move|p1b: Torkoal|Weather Ball|p2b: Calyrex\n|-crit|p2b: Calyrex\n|-damage|p2b: Calyrex|0 fnt\n|faint|p2b: Calyrex\n|move|p1a: Koraidon|Collision Course|p2a: Raging Bolt\n|-damage|p2a: Raging Bolt|33\/100\n|\n|-weather|SunnyDay|[upkeep]\n|upkeep\n|\n|t:|1734874309\n|switch|p2b: Chi-Yu|Chi-Yu, L50|100\/100\n|-ability|p2b: Chi-Yu|Beads of Ruin\n|turn|5\n|j| Jay Shirona\n|\n|t:|1734874338\n|move|p1a: Koraidon|Protect|p1a: Koraidon\n|-singleturn|p1a: Koraidon|Protect\n|move|p2a: Raging Bolt|Thunderclap|p1b: Torkoal\n|-damage|p1b: Torkoal|0 fnt\n|faint|p1b: Torkoal\n|move|p2b: Chi-Yu|Heat Wave|p1a: Koraidon\n|-activate|p1a: Koraidon|move: Protect\n|\n|-weather|none\n|-end|p2a: Raging Bolt|Protosynthesis\n|-fieldend|move: Trick Room\n|upkeep\n|-enditem|p2a: Raging Bolt|Booster Energy\n|-activate|p2a: Raging Bolt|ability: Protosynthesis|[fromitem]\n|-start|p2a: Raging Bolt|protosynthesisspa\n|\n|t:|1734874348\n|switch|p1b: Raging Bolt|Raging Bolt, L50|100\/100\n|turn|6\n|\n|t:|1734874382\n|move|p2b: Chi-Yu|Heat Wave|p1a: Koraidon|[spread] p1a,p1b\n|-resisted|p1a: Koraidon\n|-resisted|p1b: Raging Bolt\n|-damage|p1a: Koraidon|75\/100\n|-damage|p1b: Raging Bolt|82\/100\n|move|p1a: Koraidon|Collision Course|p2a: Raging Bolt\n|-damage|p2a: Raging Bolt|0 fnt\n|faint|p2a: Raging Bolt\n|-end|p2a: Raging Bolt|Protosynthesis|[silent]\n|move|p1b: Raging Bolt|Electroweb|p2b: Chi-Yu\n|-damage|p2b: Chi-Yu|59\/100\n|-unboost|p2b: Chi-Yu|spe|1\n|\n|upkeep\n|turn|7\n|inactive|Battle timer is ON: inactive players will automatically lose when time's up. (requested by sibylla_system)\n|-message|SeaWolfMikess forfeited.\n|\n|win|sibylla_system\n|raw|sibylla_system's rating: 1567 &rarr; <strong>1589<\/strong><br \/>(+22 for winning)\n|raw|SeaWolfMikess's rating: 1607 &rarr; <strong>1585<\/strong><br \/>(-22 for losing)\n|l|\u2606SeaWolfMikess\n|player|p2|\n","uploadtime":1734874631,"views":166,"formatid":"gen9vgc2025regg","rating":1585,"private":0,"password":null}