{"id":"gen9vgc2025regg-2268703764","format":"[Gen 9] VGC 2025 Reg G","players":["CoolGuyDerek","Iamsliverfish"],"log":"|j|\u2606CoolGuyDerek\n|j|\u2606Iamsliverfish\n|t:|1735022875\n|gametype|doubles\n|player|p1|CoolGuyDerek|flannery|1647\n|player|p2|Iamsliverfish|hiker-gen4|1513\n|teamsize|p1|6\n|teamsize|p2|6\n|gen|9\n|tier|[Gen 9] VGC 2025 Reg G\n|rated|\n|rule|Species Clause: Limit one of each Pok\u00e9mon\n|rule|Item Clause: Limit 1 of each item\n|clearpoke\n|poke|p1|Calyrex-Shadow, L50|\n|poke|p1|Chien-Pao, L50|\n|poke|p1|Entei, L50|\n|poke|p1|Ogerpon-Wellspring, L50, F|\n|poke|p1|Whimsicott, L50, M|\n|poke|p1|Raging Bolt, L50|\n|poke|p2|Zamazenta-*, L50|\n|poke|p2|Cresselia, L50, F|\n|poke|p2|Ting-Lu, L50|\n|poke|p2|Ursaluna, L50, F|\n|poke|p2|Rillaboom, L50, F|\n|poke|p2|Pelipper, L50, F|\n|teampreview|4\n|inactive|Battle timer is ON: inactive players will automatically lose when time's up. (requested by Iamsliverfish)\n|\n|t:|1735022895\n|start\n|switch|p1a: Calyrex|Calyrex-Shadow, L50|100\/100\n|switch|p1b: Whimsicott|Whimsicott, L50, M, shiny|100\/100\n|switch|p2a: Cresselia|Cresselia, L50, F|100\/100\n|switch|p2b: Zamazenta|Zamazenta-Crowned, L50|100\/100\n|-ability|p1a: Calyrex|As One\n|-ability|p1a: Calyrex|Unnerve\n|-ability|p2b: Zamazenta|Dauntless Shield|boost\n|-boost|p2b: Zamazenta|def|1\n|turn|1\n|\n|t:|1735022911\n|switch|p2b: Ursaluna|Ursaluna, L50, F|100\/100\n|-terastallize|p2a: Cresselia|Fairy\n|move|p1b: Whimsicott|Fake Tears|p2a: Cresselia\n|-unboost|p2a: Cresselia|spd|2\n|move|p1a: Calyrex|Shadow Ball|p2a: Cresselia\n|-damage|p2a: Cresselia|14\/100\n|move|p2a: Cresselia|Trick Room|p2a: Cresselia\n|-fieldstart|move: Trick Room|[of] p2a: Cresselia\n|\n|-status|p2b: Ursaluna|brn|[from] item: Flame Orb\n|upkeep\n|turn|2\n|\n|t:|1735022927\n|switch|p2a: Ting-Lu|Ting-Lu, L50|100\/100\n|-ability|p2a: Ting-Lu|Vessel of Ruin\n|switch|p1a: Ogerpon|Ogerpon-Wellspring, L50, F|100\/100\n|move|p1b: Whimsicott|Encore|p2a: Ting-Lu\n|-hint|Since gen 7, Dark is immune to Prankster moves.\n|-immune|p2a: Ting-Lu\n|move|p2b: Ursaluna|Swords Dance|p2b: Ursaluna\n|-boost|p2b: Ursaluna|atk|2\n|\n|-damage|p2b: Ursaluna|95\/100 brn|[from] brn\n|upkeep\n|turn|3\n|\n|t:|1735022937\n|move|p2b: Ursaluna|Protect|p2b: Ursaluna\n|-singleturn|p2b: Ursaluna|Protect\n|move|p1b: Whimsicott|Encore|p2b: Ursaluna\n|-activate|p2b: Ursaluna|move: Protect\n|move|p2a: Ting-Lu|Heavy Slam|p1b: Whimsicott\n|-supereffective|p1b: Whimsicott\n|-crit|p1b: Whimsicott\n|-damage|p1b: Whimsicott|0 fnt\n|faint|p1b: Whimsicott\n|move|p1a: Ogerpon|Ivy Cudgel|p2a: Ting-Lu|[anim] Ivy Cudgel Water\n|-supereffective|p2a: Ting-Lu\n|-damage|p2a: Ting-Lu|43\/100\n|\n|-damage|p2b: Ursaluna|89\/100 brn|[from] brn\n|upkeep\n|\n|t:|1735022941\n|switch|p1b: Calyrex|Calyrex-Shadow, L50|100\/100\n|-ability|p1b: Calyrex|As One\n|-ability|p1b: Calyrex|Unnerve\n|turn|4\n|\n|t:|1735022948\n|switch|p2a: Cresselia|Cresselia, L50, F, tera:Fairy|14\/100\n|-terastallize|p1b: Calyrex|Fairy\n|move|p1a: Ogerpon|Follow Me|p1a: Ogerpon\n|-singleturn|p1a: Ogerpon|move: Follow Me\n|move|p2b: Ursaluna|Earthquake|p1a: Ogerpon|[spread] p1a,p1b\n|-immune|p2a: Cresselia|[from] ability: Levitate\n|-resisted|p1a: Ogerpon\n|-damage|p1a: Ogerpon|32\/100\n|-damage|p1b: Calyrex|0 fnt\n|faint|p1b: Calyrex\n|\n|-damage|p2b: Ursaluna|83\/100 brn|[from] brn\n|upkeep\n|\n|t:|1735022951\n|switch|p1b: Raging Bolt|Raging Bolt, L50|100\/100\n|-enditem|p1b: Raging Bolt|Booster Energy\n|-activate|p1b: Raging Bolt|ability: Protosynthesis|[fromitem]\n|-start|p1b: Raging Bolt|protosynthesisspa\n|turn|5\n|-message|CoolGuyDerek forfeited.\n|\n|win|Iamsliverfish\n|raw|CoolGuyDerek's rating: 1647 &rarr; <strong>1620<\/strong><br \/>(-27 for losing)\n|raw|Iamsliverfish's rating: 1513 &rarr; <strong>1540<\/strong><br \/>(+27 for winning)\n|l|\u2606CoolGuyDerek\n|player|p1|\n","uploadtime":1735022960,"views":423,"formatid":"gen9vgc2025regg","rating":1540,"private":0,"password":null}