{"id":"gen9vgc2025regg-2268722637","format":"[Gen 9] VGC 2025 Reg G","players":["AZUNA_Fan","tecaes televantas"],"log":"|j|\u2606AZUNA_Fan\n|j|\u2606tecaes televantas\n|t:|1735026980\n|gametype|doubles\n|player|p1|AZUNA_Fan|170|1622\n|player|p2|tecaes televantas|baker|1538\n|teamsize|p1|6\n|teamsize|p2|6\n|gen|9\n|tier|[Gen 9] VGC 2025 Reg G\n|rated|\n|rule|Species Clause: Limit one of each Pok\u00e9mon\n|rule|Item Clause: Limit 1 of each item\n|clearpoke\n|poke|p1|Calyrex-Shadow, L50|\n|poke|p1|Urshifu-*, L50, M|\n|poke|p1|Indeedee-F, L50, F|\n|poke|p1|Maushold, L50|\n|poke|p1|Dondozo, L50, F|\n|poke|p1|Tatsugiri, L50, F|\n|poke|p2|Chien-Pao, L50|\n|poke|p2|Chi-Yu, L50|\n|poke|p2|Dondozo, L50, F|\n|poke|p2|Dragonite, L50, M|\n|poke|p2|Ogerpon-Cornerstone, L50, F|\n|poke|p2|Zacian-*, L50|\n|teampreview|4\n|\n|t:|1735027012\n|start\n|switch|p1a: Calyrex|Calyrex-Shadow, L50|100\/100\n|switch|p1b: Maushold|Maushold, L50|100\/100\n|switch|p2a: Chi-Yu|Chi-Yu, L50|100\/100\n|switch|p2b: Chien-Pao|Chien-Pao, L50|100\/100\n|-ability|p1a: Calyrex|As One\n|-ability|p1a: Calyrex|Unnerve\n|-ability|p2a: Chi-Yu|Beads of Ruin\n|-ability|p2b: Chien-Pao|Sword of Ruin\n|turn|1\n|\n|t:|1735027032\n|-terastallize|p1a: Calyrex|Dark\n|move|p1b: Maushold|Feint|p2b: Chien-Pao\n|-damage|p2b: Chien-Pao|88\/100\n|move|p2a: Chi-Yu|Snarl|p1b: Maushold|[spread] p1a,p1b\n|-resisted|p1a: Calyrex\n|-damage|p1a: Calyrex|90\/100\n|-damage|p1b: Maushold|72\/100\n|-unboost|p1a: Calyrex|spa|1\n|-unboost|p1b: Maushold|spa|1\n|move|p1a: Calyrex|Astral Barrage|p2a: Chi-Yu|[spread] p2a,p2b\n|-resisted|p2a: Chi-Yu\n|-resisted|p2b: Chien-Pao\n|-damage|p2a: Chi-Yu|76\/100\n|-damage|p2b: Chien-Pao|31\/100\n|move|p2b: Chien-Pao|Ice Spinner|p1a: Calyrex\n|-damage|p1a: Calyrex|50\/100\n|\n|upkeep\n|turn|2\n|\n|t:|1735027062\n|switch|p2b: Zacian|Zacian-Crowned, L50|100\/100\n|-ability|p2b: Zacian|Intrepid Sword|boost\n|-boost|p2b: Zacian|atk|1\n|move|p2a: Chi-Yu|Snarl|p1b: Maushold|[spread] p1a,p1b\n|-resisted|p1a: Calyrex\n|-damage|p1a: Calyrex|40\/100\n|-damage|p1b: Maushold|40\/100\n|-unboost|p1a: Calyrex|spa|1\n|-unboost|p1b: Maushold|spa|1\n|move|p1a: Calyrex|Astral Barrage|p2b: Zacian|[spread] p2a,p2b\n|-resisted|p2a: Chi-Yu\n|-damage|p2a: Chi-Yu|57\/100\n|-damage|p2b: Zacian|57\/100\n|move|p1b: Maushold|Thunder Wave|p2a: Chi-Yu\n|-status|p2a: Chi-Yu|par\n|\n|upkeep\n|turn|3\n|\n|t:|1735027085\n|move|p1b: Maushold|Helping Hand|p1a: Calyrex\n|-singleturn|p1a: Calyrex|Helping Hand|[of] p1b: Maushold\n|move|p2b: Zacian|Sacred Sword|p1a: Calyrex\n|-supereffective|p1a: Calyrex\n|-damage|p1a: Calyrex|0 fnt\n|faint|p1a: Calyrex\n|move|p2a: Chi-Yu|Snarl|p1b: Maushold\n|-damage|p1b: Maushold|0 fnt\n|faint|p1b: Maushold\n|\n|upkeep\n|\n|t:|1735027096\n|switch|p1a: Indeedee|Indeedee-F, L50, F|100\/100\n|switch|p1b: Urshifu|Urshifu, L50, M|100\/100\n|-fieldstart|move: Psychic Terrain|[from] ability: Psychic Surge|[of] p1a: Indeedee\n|turn|4\n|\n|t:|1735027114\n|move|p1a: Indeedee|Follow Me|p1a: Indeedee\n|-singleturn|p1a: Indeedee|move: Follow Me\n|move|p2b: Zacian|Behemoth Blade|p1a: Indeedee\n|-damage|p1a: Indeedee|24\/100\n|move|p1b: Urshifu|Close Combat|p2b: Zacian\n|-damage|p2b: Zacian|0 fnt\n|-unboost|p1b: Urshifu|def|1\n|-unboost|p1b: Urshifu|spd|1\n|faint|p2b: Zacian\n|move|p2a: Chi-Yu|Snarl|p1a: Indeedee|[spread] p1a,p1b\n|-supereffective|p1a: Indeedee\n|-resisted|p1b: Urshifu\n|-crit|p1b: Urshifu\n|-damage|p1a: Indeedee|0 fnt\n|-damage|p1b: Urshifu|78\/100\n|-unboost|p1b: Urshifu|spa|1\n|faint|p1a: Indeedee\n|\n|upkeep\n|\n|t:|1735027132\n|switch|p2b: Chien-Pao|Chien-Pao, L50|31\/100\n|-ability|p2b: Chien-Pao|Sword of Ruin\n|turn|5\n|\n|t:|1735027162\n|move|p2b: Chien-Pao|Ice Spinner|p1b: Urshifu\n|-damage|p1b: Urshifu|0 fnt\n|-fieldend|move: Psychic Terrain\n|faint|p1b: Urshifu\n|\n|win|tecaes televantas\n|raw|AZUNA_Fan's rating: 1622 &rarr; <strong>1597<\/strong><br \/>(-25 for losing)\n|raw|tecaes televantas's rating: 1538 &rarr; <strong>1563<\/strong><br \/>(+25 for winning)\n|l|\u2606AZUNA_Fan\n|player|p1|\n","uploadtime":1735027438,"views":431,"formatid":"gen9vgc2025regg","rating":1563,"private":0,"password":null}