{"id":"gen9vgc2025regg-2268290697","format":"[Gen 9] VGC 2025 Reg G","players":["caZISA","tecaes televantas"],"log":"|j|\u2606caZISA\n|j|\u2606tecaes televantas\n|t:|1734967637\n|gametype|doubles\n|player|p1|caZISA|red|1621\n|player|p2|tecaes televantas|baker|1592\n|teamsize|p1|6\n|teamsize|p2|6\n|gen|9\n|tier|[Gen 9] VGC 2025 Reg G\n|rated|\n|rule|Species Clause: Limit one of each Pok\u00e9mon\n|rule|Item Clause: Limit 1 of each item\n|clearpoke\n|poke|p1|Calyrex-Ice, L50|\n|poke|p1|Urshifu-*, L50, M|\n|poke|p1|Raging Bolt, L50|\n|poke|p1|Rillaboom, L50, M|\n|poke|p1|Torkoal, L50, M|\n|poke|p1|Smeargle, L50, M|\n|poke|p2|Calyrex-Shadow, L50|\n|poke|p2|Chi-Yu, L50|\n|poke|p2|Indeedee-F, L50, F|\n|poke|p2|Regidrago, L50|\n|poke|p2|Urshifu-*, L50, F|\n|poke|p2|Whimsicott, L50, F|\n|teampreview|4\n|inactive|Battle timer is ON: inactive players will automatically lose when time's up. (requested by caZISA)\n|inactive|tecaes televantas has 60 seconds left.\n|\n|t:|1734967693\n|start\n|switch|p1a: Smeargle|Smeargle, L50, M|100\/100\n|switch|p1b: Calyrex|Calyrex-Ice, L50|100\/100\n|switch|p2a: Calyrex|Calyrex-Shadow, L50|100\/100\n|switch|p2b: Urshifu|Urshifu-Rapid-Strike, L50, F|100\/100\n|-ability|p2a: Calyrex|As One\n|-ability|p2a: Calyrex|Unnerve\n|-ability|p1b: Calyrex|As One\n|-ability|p1b: Calyrex|Unnerve\n|turn|1\n|\n|t:|1734967715\n|-terastallize|p2b: Urshifu|Ghost\n|move|p1a: Smeargle|Wide Guard|p1a: Smeargle\n|-singleturn|p1a: Smeargle|Wide Guard\n|move|p2a: Calyrex|Astral Barrage|p1b: Calyrex|[spread] \n|-activate|p1a: Smeargle|move: Wide Guard\n|-activate|p1b: Calyrex|move: Wide Guard\n|move|p2b: Urshifu|Surging Strikes|p1b: Calyrex\n|-crit|p1b: Calyrex\n|-damage|p1b: Calyrex|87\/100\n|-crit|p1b: Calyrex\n|-damage|p1b: Calyrex|74\/100\n|-crit|p1b: Calyrex\n|-damage|p1b: Calyrex|60\/100\n|-hitcount|p1b: Calyrex|3\n|move|p1b: Calyrex|Trick Room|p1b: Calyrex\n|-fieldstart|move: Trick Room|[of] p1b: Calyrex\n|\n|-ability|p1a: Smeargle|Moody|boost\n|-boost|p1a: Smeargle|spe|2\n|-unboost|p1a: Smeargle|spd|1\n|upkeep\n|turn|2\n|inactive|caZISA has 30 seconds left.\n|inactive|tecaes televantas has 30 seconds left.\n|inactive|caZISA has 20 seconds left.\n|inactive|caZISA has 15 seconds left.\n|inactive|caZISA has 10 seconds left.\n|inactive|tecaes televantas has 20 seconds left.\n|\n|t:|1734967762\n|switch|p1b: Rillaboom|Rillaboom, L50, M|100\/100\n|-fieldstart|move: Grassy Terrain|[from] ability: Grassy Surge|[of] p1b: Rillaboom\n|move|p2b: Urshifu|Detect|p2b: Urshifu\n|-singleturn|p2b: Urshifu|Protect\n|move|p2a: Calyrex|Protect|p2a: Calyrex\n|-singleturn|p2a: Calyrex|Protect\n|move|p1a: Smeargle|Spore|p2a: Calyrex\n|-activate|p2a: Calyrex|move: Protect\n|\n|-ability|p1a: Smeargle|Moody|boost\n|-boost|p1a: Smeargle|atk|2\n|-unboost|p1a: Smeargle|def|1\n|upkeep\n|turn|3\n|\n|t:|1734967781\n|switch|p2a: Indeedee|Indeedee-F, L50, F|100\/100\n|-fieldstart|move: Psychic Terrain|[from] ability: Psychic Surge|[of] p2a: Indeedee\n|move|p1a: Smeargle|Wide Guard|p1a: Smeargle\n|-singleturn|p1a: Smeargle|Wide Guard\n|move|p1b: Rillaboom|U-turn|p2a: Indeedee\n|-supereffective|p2a: Indeedee\n|-damage|p2a: Indeedee|51\/100\n|\n|t:|1734967787\n|switch|p1b: Calyrex|Calyrex-Ice, L50|60\/100|[from] U-turn\n|-ability|p1b: Calyrex|As One\n|-ability|p1b: Calyrex|Unnerve\n|move|p2b: Urshifu|Surging Strikes|p1a: Smeargle\n|-crit|p1a: Smeargle\n|-damage|p1a: Smeargle|39\/100\n|-crit|p1a: Smeargle\n|-damage|p1a: Smeargle|0 fnt\n|faint|p1a: Smeargle\n|-hitcount|p1: Smeargle|2\n|\n|upkeep\n|\n|t:|1734967798\n|switch|p1a: Rillaboom|Rillaboom, L50, M|100\/100\n|-fieldstart|move: Grassy Terrain|[from] ability: Grassy Surge|[of] p1a: Rillaboom\n|turn|4\n|inactive|tecaes televantas has 30 seconds left.\n|\n|t:|1734967827\n|switch|p2a: Calyrex|Calyrex-Shadow, L50|100\/100\n|-ability|p2a: Calyrex|As One\n|-ability|p2a: Calyrex|Unnerve\n|move|p2b: Urshifu|Detect|p2b: Urshifu\n|-singleturn|p2b: Urshifu|Protect\n|move|p1b: Calyrex|Glacial Lance|p2a: Calyrex|[spread] p2a\n|-activate|p2b: Urshifu|move: Protect\n|-damage|p2a: Calyrex|30\/100\n|move|p1a: Rillaboom|U-turn|p2b: Urshifu\n|-activate|p2b: Urshifu|move: Protect\n|\n|-heal|p1b: Calyrex|66\/100|[from] Grassy Terrain\n|-heal|p2a: Calyrex|36\/100|[from] Grassy Terrain\n|upkeep\n|turn|5\n|inactive|tecaes televantas has 30 seconds left.\n|\n|t:|1734967856\n|move|p2a: Calyrex|Protect|p2a: Calyrex\n|-singleturn|p2a: Calyrex|Protect\n|move|p2b: Urshifu|Aqua Jet|p1b: Calyrex\n|-damage|p1b: Calyrex|50\/100\n|move|p1b: Calyrex|Glacial Lance|p2a: Calyrex|[spread] p2b\n|-activate|p2a: Calyrex|move: Protect\n|-damage|p2b: Urshifu|34\/100\n|move|p1a: Rillaboom|U-turn|p2b: Urshifu\n|-resisted|p2b: Urshifu\n|-damage|p2b: Urshifu|21\/100\n|\n|t:|1734967859\n|switch|p1a: Urshifu|Urshifu, L50, M|100\/100|[from] U-turn\n|\n|-heal|p1b: Calyrex|56\/100|[from] Grassy Terrain\n|-heal|p2b: Urshifu|27\/100|[from] Grassy Terrain\n|-heal|p2a: Calyrex|41\/100|[from] Grassy Terrain\n|-fieldend|move: Trick Room\n|upkeep\n|turn|6\n|\n|t:|1734967884\n|switch|p2b: Indeedee|Indeedee-F, L50, F|51\/100\n|-fieldstart|move: Psychic Terrain|[from] ability: Psychic Surge|[of] p2b: Indeedee\n|-terastallize|p1b: Calyrex|Fire\n|move|p2a: Calyrex|Astral Barrage|p1b: Calyrex|[spread] p1a,p1b\n|-resisted|p1a: Urshifu\n|-damage|p1a: Urshifu|42\/100\n|-damage|p1b: Calyrex|3\/100\n|move|p1a: Urshifu|Wicked Blow|p2a: Calyrex\n|-supereffective|p2a: Calyrex\n|-crit|p2a: Calyrex\n|-damage|p2a: Calyrex|0 fnt\n|faint|p2a: Calyrex\n|move|p1b: Calyrex|Trick Room|p1b: Calyrex\n|-fieldstart|move: Trick Room|[of] p1b: Calyrex\n|\n|upkeep\n|\n|t:|1734967904\n|switch|p2a: Regidrago|Regidrago, L50|100\/100\n|turn|7\n|\n|t:|1734967927\n|move|p1b: Calyrex|Protect|p1b: Calyrex\n|-singleturn|p1b: Calyrex|Protect\n|move|p2a: Regidrago|Protect|p2a: Regidrago\n|-singleturn|p2a: Regidrago|Protect\n|move|p2b: Indeedee|Psychic|p1b: Calyrex\n|-activate|p1b: Calyrex|move: Protect\n|move|p1a: Urshifu|Wicked Blow|p2a: Regidrago\n|-crit|p2a: Regidrago\n|-damage|p2a: Regidrago|8\/100\n|\n|upkeep\n|turn|8\n|inactive|tecaes televantas has 30 seconds left.\n|inactive|tecaes televantas has 20 seconds left.\n|inactive|tecaes televantas has 15 seconds left.\n|inactive|tecaes televantas has 10 seconds left.\n|inactive|tecaes televantas has 5 seconds left.\n|\n|t:|1734967981\n|switch|p1a: Rillaboom|Rillaboom, L50, M|100\/100\n|-fieldstart|move: Grassy Terrain|[from] ability: Grassy Surge|[of] p1a: Rillaboom\n|move|p1b: Calyrex|Glacial Lance|p2a: Regidrago|[spread] p2a,p2b\n|-supereffective|p2a: Regidrago\n|-damage|p2a: Regidrago|0 fnt\n|-damage|p2b: Indeedee|0 fnt\n|faint|p2a: Regidrago\n|faint|p2b: Indeedee\n|-ability|p1b: Calyrex|Chilling Neigh|boost\n|-boost|p1b: Calyrex|atk|2\n|\n|-heal|p1b: Calyrex|9\/100|[from] Grassy Terrain\n|upkeep\n|-message|tecaes televantas forfeited.\n|\n|win|caZISA\n|raw|caZISA's rating: 1621 &rarr; <strong>1639<\/strong><br \/>(+18 for winning)\n|raw|tecaes televantas's rating: 1592 &rarr; <strong>1574<\/strong><br \/>(-18 for losing)\n","uploadtime":1734968128,"views":473,"formatid":"gen9vgc2025regg","rating":1574,"private":0,"password":null}