{"id":"gen9vgc2025regg-2268217299","format":"[Gen 9] VGC 2025 Reg G","players":["Longhq","BigSalta"],"log":"|j|\u203dLonghq\n|j|\u2606BigSalta\n|t:|1734956369\n|gametype|doubles\n|player|p1|Longhq|dawn|1550\n|player|p2|BigSalta|cynthia|1593\n|teamsize|p1|6\n|teamsize|p2|6\n|gen|9\n|tier|[Gen 9] VGC 2025 Reg G\n|rated|\n|rule|Species Clause: Limit one of each Pok\u00e9mon\n|rule|Item Clause: Limit 1 of each item\n|clearpoke\n|poke|p1|Miraidon, L50|\n|poke|p1|Tornadus, L50, M|\n|poke|p1|Urshifu-*, L50, M|\n|poke|p1|Iron Hands, L50|\n|poke|p1|Raging Bolt, L50|\n|poke|p1|Farigiraf, L50, F|\n|poke|p2|Zacian-*, L50|\n|poke|p2|Pelipper, L50, F|\n|poke|p2|Incineroar, L50, F|\n|poke|p2|Amoonguss, L50, M|\n|poke|p2|Raging Bolt, L50|\n|poke|p2|Urshifu-*, L50, M|\n|teampreview|4\nBigSalta has agreed to open team sheets.\n|\n|t:|1734956437\n|start\n|switch|p1a: Miraidon|Miraidon, L50|100\/100\n|switch|p1b: Tornadus|Tornadus, L50, M|100\/100\n|switch|p2a: Zacian|Zacian-Crowned, L50|100\/100\n|switch|p2b: Amoonguss|Amoonguss, L50, M|100\/100\n|-fieldstart|move: Electric Terrain|[from] ability: Hadron Engine|[of] p1a: Miraidon\n|-ability|p2a: Zacian|Intrepid Sword|boost\n|-boost|p2a: Zacian|atk|1\n|turn|1\n|\n|t:|1734956508\n|-terastallize|p1a: Miraidon|Fairy\n|move|p2b: Amoonguss|Rage Powder|p2b: Amoonguss\n|-singleturn|p2b: Amoonguss|move: Rage Powder\n|move|p1a: Miraidon|Volt Switch|p2b: Amoonguss\n|-resisted|p2b: Amoonguss\n|-damage|p2b: Amoonguss|61\/100\n|j| DSpydr84\n|\n|t:|1734956515\n|switch|p1a: Farigiraf|Farigiraf, L50, F|100\/100|[from] Volt Switch\n|-enditem|p1a: Farigiraf|Electric Seed\n|-boost|p1a: Farigiraf|def|1|[from] item: Electric Seed\n|move|p2a: Zacian|Play Rough|p1a: Farigiraf|[miss]\n|-miss|p2a: Zacian|p1a: Farigiraf\n|move|p1b: Tornadus|Bleakwind Storm|p2b: Amoonguss|[spread] p2a,p2b\n|-resisted|p2a: Zacian\n|-supereffective|p2b: Amoonguss\n|-damage|p2a: Zacian|88\/100\n|-damage|p2b: Amoonguss|1\/100\n|-unboost|p2b: Amoonguss|spe|1\n|\n|upkeep\n|turn|2\n|\n|t:|1734956552\n|switch|p2b: Raging Bolt|Raging Bolt, L50|100\/100\n|move|p2a: Zacian|Behemoth Blade|p1a: Farigiraf\n|-damage|p1a: Farigiraf|52\/100\n|move|p1b: Tornadus|Bleakwind Storm|p2b: Raging Bolt|[spread] p2a,p2b\n|-resisted|p2a: Zacian\n|-resisted|p2b: Raging Bolt\n|-damage|p2a: Zacian|75\/100\n|-damage|p2b: Raging Bolt|89\/100\n|move|p1a: Farigiraf|Foul Play|p2a: Zacian\n|-resisted|p2a: Zacian\n|-damage|p2a: Zacian|55\/100\n|\n|upkeep\n|turn|3\n|\n|t:|1734956571\n|move|p2a: Zacian|Behemoth Blade|p1a: Farigiraf\n|-damage|p1a: Farigiraf|1\/100\n|move|p1b: Tornadus|Icy Wind|p2a: Zacian|[spread] p2a,p2b\n|-resisted|p2a: Zacian\n|-supereffective|p2b: Raging Bolt\n|-damage|p2a: Zacian|50\/100\n|-damage|p2b: Raging Bolt|73\/100\n|-unboost|p2a: Zacian|spe|1\n|-unboost|p2b: Raging Bolt|spe|1\n|move|p1a: Farigiraf|Psychic|p2b: Raging Bolt\n|-damage|p2b: Raging Bolt|52\/100\n|move|p2b: Raging Bolt|Electroweb|p1b: Tornadus|[spread] p1a,p1b\n|-crit|p1a: Farigiraf\n|-supereffective|p1b: Tornadus\n|-damage|p1a: Farigiraf|0 fnt\n|-damage|p1b: Tornadus|29\/100\n|-unboost|p1b: Tornadus|spe|1\n|-enditem|p1b: Tornadus|Sitrus Berry|[eat]\n|-heal|p1b: Tornadus|54\/100|[from] item: Sitrus Berry\n|faint|p1a: Farigiraf\n|\n|upkeep\n|\n|t:|1734956586\n|switch|p1a: Miraidon|Miraidon, L50, tera:Fairy|100\/100\n|-activate|p1a: Miraidon|ability: Hadron Engine\n|turn|4\n|\n|t:|1734956599\n|move|p1b: Tornadus|Protect|p1b: Tornadus\n|-singleturn|p1b: Tornadus|Protect\n|move|p2a: Zacian|Protect|p2a: Zacian\n|-singleturn|p2a: Zacian|Protect\n|move|p1a: Miraidon|Dazzling Gleam|p2b: Raging Bolt|[spread] p2b\n|-activate|p2a: Zacian|move: Protect\n|-supereffective|p2b: Raging Bolt\n|-damage|p2b: Raging Bolt|0 fnt\n|faint|p2b: Raging Bolt\n|-end|p2b: Raging Bolt|Protosynthesis|[silent]\n|\n|upkeep\n|\n|t:|1734956611\n|switch|p2b: Urshifu|Urshifu-Rapid-Strike, L50, M|100\/100\n|turn|5\n|\n|t:|1734956632\n|-terastallize|p2b: Urshifu|Water\n|move|p1b: Tornadus|Tailwind|p1b: Tornadus\n|-sidestart|p1: Longhq|move: Tailwind\n|move|p1a: Miraidon|Dazzling Gleam|p2b: Urshifu|[spread] p2a,p2b\n|-resisted|p2a: Zacian\n|-damage|p2a: Zacian|26\/100\n|-damage|p2b: Urshifu|9\/100\n|move|p2b: Urshifu|Surging Strikes|p1b: Tornadus\n|-crit|p1b: Tornadus\n|-damage|p1b: Tornadus|25\/100\n|-crit|p1b: Tornadus\n|-damage|p1b: Tornadus|0 fnt\n|faint|p1b: Tornadus\n|-hitcount|p1: Tornadus|2\n|move|p2a: Zacian|Behemoth Blade|p1a: Miraidon\n|-supereffective|p1a: Miraidon\n|-damage|p1a: Miraidon|0 fnt\n|faint|p1a: Miraidon\n|\n|-fieldend|move: Electric Terrain\n|upkeep\n|\n|t:|1734956644\n|switch|p1b: Raging Bolt|Raging Bolt, L50|100\/100\n|-enditem|p1b: Raging Bolt|Booster Energy\n|-activate|p1b: Raging Bolt|ability: Protosynthesis|[fromitem]\n|-start|p1b: Raging Bolt|protosynthesisspa\n|turn|6\n|\n|t:|1734956660\n|move|p2a: Zacian|Protect|p2a: Zacian\n|-singleturn|p2a: Zacian|Protect\n|move|p2b: Urshifu|Surging Strikes|p1b: Raging Bolt\n|-resisted|p1b: Raging Bolt\n|-crit|p1b: Raging Bolt\n|-damage|p1b: Raging Bolt|89\/100\n|-resisted|p1b: Raging Bolt\n|-crit|p1b: Raging Bolt\n|-damage|p1b: Raging Bolt|77\/100\n|-resisted|p1b: Raging Bolt\n|-crit|p1b: Raging Bolt\n|-damage|p1b: Raging Bolt|65\/100\n|-hitcount|p1b: Raging Bolt|3\n|move|p1b: Raging Bolt|Rising Voltage|p2a: Zacian\n|-activate|p2a: Zacian|move: Protect\n|\n|upkeep\n|turn|7\n|\n|t:|1734956682\n|move|p1b: Raging Bolt|Thunderclap|p2b: Urshifu\n|-supereffective|p2b: Urshifu\n|-damage|p2b: Urshifu|0 fnt\n|faint|p2b: Urshifu\n|move|p2a: Zacian|Play Rough|p1b: Raging Bolt\n|-supereffective|p1b: Raging Bolt\n|-damage|p1b: Raging Bolt|0 fnt\n|faint|p1b: Raging Bolt\n|-end|p1b: Raging Bolt|Protosynthesis|[silent]\n|\n|win|BigSalta\n|raw|Longhq's rating: 1550 &rarr; <strong>1532<\/strong><br \/>(-18 for losing)\n|raw|BigSalta's rating: 1593 &rarr; <strong>1611<\/strong><br \/>(+18 for winning)\n|l|\u203dLonghq\n|player|p1|\n|l|\u2606BigSalta\n|player|p2|\n|l| DSpydr84\n","uploadtime":1734956928,"views":408,"formatid":"gen9vgc2025regg","rating":1532,"private":0,"password":null}