{"id":"gen9vgc2025regg-2268464683","format":"[Gen 9] VGC 2025 Reg G","players":["Saltwater7","eriksp3"],"log":"|j|\u2606Saltwater7\n|j|\u2606eriksp3\n|t:|1734988552\n|gametype|doubles\n|player|p1|Saltwater7|1|1529\n|player|p2|eriksp3|volkner-masters|1565\n|teamsize|p1|6\n|teamsize|p2|6\n|gen|9\n|tier|[Gen 9] VGC 2025 Reg G\n|rated|\n|rule|Species Clause: Limit one of each Pok\u00e9mon\n|rule|Item Clause: Limit 1 of each item\n|clearpoke\n|poke|p1|Calyrex-Ice, L50|\n|poke|p1|Raging Bolt, L50|\n|poke|p1|Rillaboom, L50, F|\n|poke|p1|Incineroar, L50, F|\n|poke|p1|Pelipper, L50, M|\n|poke|p1|Urshifu-*, L50, M|\n|poke|p2|Farigiraf, L50, M|\n|poke|p2|Regieleki, L50|\n|poke|p2|Landorus, L50, M|\n|poke|p2|Ogerpon-Cornerstone, L50, F|\n|poke|p2|Urshifu-*, L50, M|\n|poke|p2|Calyrex-Ice, L50|\n|teampreview|4\n|inactive|Battle timer is ON: inactive players will automatically lose when time's up. (requested by Saltwater7)\neriksp3 has agreed to open team sheets.\n|inactive|Saltwater7 has 60 seconds left.\n|inactive|eriksp3 has 60 seconds left.\n|inactive|eriksp3 has 30 seconds left.\n|inactive|eriksp3 has 20 seconds left.\n|inactive|eriksp3 has 15 seconds left.\n|\n|t:|1734988628\n|start\n|switch|p1a: Calyrex|Calyrex-Ice, L50|100\/100\n|switch|p1b: Urshifu|Urshifu-Rapid-Strike, L50, M|100\/100\n|switch|p2a: Calyrex|Calyrex-Ice, L50|100\/100\n|switch|p2b: Ogerpon|Ogerpon-Cornerstone, L50, F|100\/100\n|-ability|p2a: Calyrex|As One\n|-ability|p2a: Calyrex|Unnerve\n|-ability|p1a: Calyrex|As One\n|-ability|p1a: Calyrex|Unnerve\n|turn|1\n|inactive|Saltwater7 has 30 seconds left.\n|inactive|Saltwater7 has 20 seconds left.\n|inactive|Saltwater7 has 15 seconds left.\n|inactive|Saltwater7 has 10 seconds left.\n|\n|t:|1734988676\n|-terastallize|p1b: Urshifu|Water\n|move|p1b: Urshifu|Surging Strikes|p2b: Ogerpon\n|-crit|p2b: Ogerpon\n|-damage|p2b: Ogerpon|63\/100\n|-crit|p2b: Ogerpon\n|-damage|p2b: Ogerpon|23\/100\n|-crit|p2b: Ogerpon\n|-damage|p2b: Ogerpon|0 fnt\n|faint|p2b: Ogerpon\n|-hitcount|p2: Ogerpon|3\n|move|p2a: Calyrex|Glacial Lance|p1b: Urshifu|[spread] p1a,p1b\n|-resisted|p1a: Calyrex\n|-resisted|p1b: Urshifu\n|-damage|p1a: Calyrex|83\/100\n|-damage|p1b: Urshifu|72\/100\n|move|p1a: Calyrex|Glacial Lance|p2a: Calyrex\n|-resisted|p2a: Calyrex\n|-damage|p2a: Calyrex|74\/100\n|\n|upkeep\n|inactive|eriksp3 has 30 seconds left.\n|inactive|eriksp3 has 20 seconds left.\n|inactive|eriksp3 has 15 seconds left.\n|inactive|eriksp3 has 10 seconds left.\n|inactive|eriksp3 has 5 seconds left.\n|\n|t:|1734988727\n|switch|p2b: Farigiraf|Farigiraf, L50, M|100\/100\n|turn|2\n|\n|t:|1734988743\n|switch|p1a: Pelipper|Pelipper, L50, M|100\/100\n|-weather|RainDance|[from] ability: Drizzle|[of] p1a: Pelipper\n|-terastallize|p2a: Calyrex|Water\n|move|p1b: Urshifu|Surging Strikes|p2a: Calyrex\n|-resisted|p2a: Calyrex\n|-crit|p2a: Calyrex\n|-damage|p2a: Calyrex|59\/100\n|-resisted|p2a: Calyrex\n|-crit|p2a: Calyrex\n|-damage|p2a: Calyrex|44\/100\n|-resisted|p2a: Calyrex\n|-crit|p2a: Calyrex\n|-damage|p2a: Calyrex|29\/100\n|-hitcount|p2a: Calyrex|3\n|move|p2a: Calyrex|High Horsepower|p1b: Urshifu\n|-crit|p1b: Urshifu\n|-damage|p1b: Urshifu|7\/100\n|move|p2b: Farigiraf|Foul Play|p1a: Pelipper\n|-damage|p1a: Pelipper|87\/100\n|\n|-weather|RainDance|[upkeep]\n|upkeep\n|turn|3\n|inactive|Saltwater7 has 30 seconds left.\n|\n|t:|1734988772\n|switch|p2a: Urshifu|Urshifu-Rapid-Strike, L50, M|100\/100\n|move|p1b: Urshifu|Surging Strikes|p2a: Urshifu\n|-resisted|p2a: Urshifu\n|-crit|p2a: Urshifu\n|-damage|p2a: Urshifu|77\/100\n|-resisted|p2a: Urshifu\n|-crit|p2a: Urshifu\n|-damage|p2a: Urshifu|53\/100\n|-resisted|p2a: Urshifu\n|-crit|p2a: Urshifu\n|-damage|p2a: Urshifu|28\/100\n|-hitcount|p2a: Urshifu|3\n|move|p1a: Pelipper|Weather Ball|p2b: Farigiraf\n|-damage|p2b: Farigiraf|30\/100\n|move|p2b: Farigiraf|Psychic|p1b: Urshifu\n|-damage|p1b: Urshifu|0 fnt\n|faint|p1b: Urshifu\n|\n|-weather|RainDance|[upkeep]\n|upkeep\n|inactive|Saltwater7 has 30 seconds left.\n|\n|t:|1734988798\n|switch|p1b: Rillaboom|Rillaboom, L50, F|100\/100\n|-fieldstart|move: Grassy Terrain|[from] ability: Grassy Surge|[of] p1b: Rillaboom\n|turn|4\n|\n|t:|1734988805\n|move|p2a: Urshifu|Surging Strikes|p1a: Pelipper\n|-resisted|p1a: Pelipper\n|-crit|p1a: Pelipper\n|-damage|p1a: Pelipper|61\/100\n|-resisted|p1a: Pelipper\n|-crit|p1a: Pelipper\n|-damage|p1a: Pelipper|36\/100\n|-resisted|p1a: Pelipper\n|-crit|p1a: Pelipper\n|-damage|p1a: Pelipper|13\/100\n|-hitcount|p1a: Pelipper|3\n|move|p1a: Pelipper|Weather Ball|p2b: Farigiraf\n|-damage|p2b: Farigiraf|0 fnt\n|faint|p2b: Farigiraf\n|move|p1b: Rillaboom|Wood Hammer|p2a: Urshifu\n|-supereffective|p2a: Urshifu\n|-damage|p2a: Urshifu|0 fnt\n|faint|p2a: Urshifu\n|-damage|p1b: Rillaboom|92\/100|[from] Recoil\n|\n|-weather|RainDance|[upkeep]\n|-heal|p1b: Rillaboom|98\/100|[from] Grassy Terrain\n|upkeep\n|\n|t:|1734988808\n|switch|p2b: Calyrex|Calyrex-Ice, L50, tera:Water|29\/100\n|-ability|p2b: Calyrex|As One\n|-ability|p2b: Calyrex|Unnerve\n|turn|5\n|-message|eriksp3 forfeited.\n|\n|win|Saltwater7\n|raw|Saltwater7's rating: 1529 &rarr; <strong>1551<\/strong><br \/>(+22 for winning)\n|raw|eriksp3's rating: 1565 &rarr; <strong>1543<\/strong><br \/>(-22 for losing)\n|l|\u2606eriksp3\n|player|p2|\n|l|\u2606Saltwater7\n|player|p1|\n","uploadtime":1734988968,"views":413,"formatid":"gen9vgc2025regg","rating":1543,"private":0,"password":null}