{"id":"gen9vgc2025regg-2268260251","format":"[Gen 9] VGC 2025 Reg G","players":["Longhq","BigSalta"],"log":"|j|\u203dLonghq\n|j|\u2606BigSalta\n|t:|1734963503\n|gametype|doubles\n|player|p1|Longhq|dawn|1570\n|player|p2|BigSalta|cynthia|1581\n|teamsize|p1|6\n|teamsize|p2|6\n|gen|9\n|tier|[Gen 9] VGC 2025 Reg G\n|rated|\n|rule|Species Clause: Limit one of each Pok\u00e9mon\n|rule|Item Clause: Limit 1 of each item\n|clearpoke\n|poke|p1|Miraidon, L50|\n|poke|p1|Tornadus, L50, M|\n|poke|p1|Urshifu-*, L50, F|\n|poke|p1|Iron Hands, L50|\n|poke|p1|Raging Bolt, L50|\n|poke|p1|Farigiraf, L50, F|\n|poke|p2|Zacian-*, L50|\n|poke|p2|Pelipper, L50, M|\n|poke|p2|Incineroar, L50, M|\n|poke|p2|Amoonguss, L50, M|\n|poke|p2|Raging Bolt, L50|\n|poke|p2|Urshifu-*, L50, M|\n|teampreview|4\n|\n|t:|1734963568\n|start\n|switch|p1a: Tornadus|Tornadus, L50, M|100\/100\n|switch|p1b: Miraidon|Miraidon, L50|100\/100\n|switch|p2a: Raging Bolt|Raging Bolt, L50|100\/100\n|switch|p2b: Amoonguss|Amoonguss, L50, M|100\/100\n|-fieldstart|move: Electric Terrain|[from] ability: Hadron Engine|[of] p1b: Miraidon\n|turn|1\n|\n|t:|1734963595\n|-terastallize|p1b: Miraidon|Fairy\n|move|p1a: Tornadus|Protect|p1a: Tornadus\n|-singleturn|p1a: Tornadus|Protect\n|move|p2b: Amoonguss|Protect|p2b: Amoonguss\n|-singleturn|p2b: Amoonguss|Protect\n|move|p1b: Miraidon|Dazzling Gleam|p2b: Amoonguss|[spread] p2a\n|-activate|p2b: Amoonguss|move: Protect\n|-supereffective|p2a: Raging Bolt\n|-damage|p2a: Raging Bolt|35\/100\n|move|p2a: Raging Bolt|Electroweb|p1b: Miraidon|[spread] p1b\n|-activate|p1a: Tornadus|move: Protect\n|-damage|p1b: Miraidon|73\/100\n|-unboost|p1b: Miraidon|spe|1\n|\n|upkeep\n|turn|2\n|\n|t:|1734963632\n|switch|p1a: Farigiraf|Farigiraf, L50, F|100\/100\n|-enditem|p1a: Farigiraf|Electric Seed\n|-boost|p1a: Farigiraf|def|1|[from] item: Electric Seed\n|-terastallize|p2a: Raging Bolt|Electric\n|move|p2a: Raging Bolt|Thunderclap||[still]\n|cant|p1a: Farigiraf|ability: Armor Tail|Thunderclap|[of] p2a: Raging Bolt\n|move|p1b: Miraidon|Dazzling Gleam|p2a: Raging Bolt|[spread] p2a,p2b\n|-resisted|p2b: Amoonguss\n|-damage|p2a: Raging Bolt|0 fnt\n|-damage|p2b: Amoonguss|72\/100\n|faint|p2a: Raging Bolt\n|-end|p2a: Raging Bolt|Protosynthesis|[silent]\n|move|p2b: Amoonguss|Pollen Puff|p2: Raging Bolt|[notarget]\n|-fail|p2b: Amoonguss\n|\n|upkeep\n|\n|t:|1734963635\n|switch|p2a: Zacian|Zacian-Crowned, L50|100\/100\n|-ability|p2a: Zacian|Intrepid Sword|boost\n|-boost|p2a: Zacian|atk|1\n|turn|3\n|\n|t:|1734963656\n|switch|p1b: Raging Bolt|Raging Bolt, L50|100\/100\n|-enditem|p1b: Raging Bolt|Booster Energy\n|-activate|p1b: Raging Bolt|ability: Protosynthesis|[fromitem]\n|-start|p1b: Raging Bolt|protosynthesisspa\n|move|p2b: Amoonguss|Protect|p2b: Amoonguss\n|-singleturn|p2b: Amoonguss|Protect\n|move|p2a: Zacian|Swords Dance|p2a: Zacian\n|-boost|p2a: Zacian|atk|2\n|move|p1a: Farigiraf|Psychic|p2b: Amoonguss\n|-activate|p2b: Amoonguss|move: Protect\n|\n|upkeep\n|turn|4\n|\n|t:|1734963683\n|switch|p2b: Urshifu|Urshifu-Rapid-Strike, L50, M|100\/100\n|move|p1b: Raging Bolt|Protect|p1b: Raging Bolt\n|-singleturn|p1b: Raging Bolt|Protect\n|move|p2a: Zacian|Behemoth Blade|p1a: Farigiraf\n|-damage|p1a: Farigiraf|16\/100\n|move|p1a: Farigiraf|Psychic|p2b: Urshifu\n|-supereffective|p2b: Urshifu\n|-damage|p2b: Urshifu|0 fnt\n|faint|p2b: Urshifu\n|\n|upkeep\n|\n|t:|1734963693\n|switch|p2b: Amoonguss|Amoonguss, L50, M|100\/100\n|turn|5\n|\n|t:|1734963714\n|move|p1b: Raging Bolt|Thunderclap|p2a: Zacian\n|-damage|p2a: Zacian|51\/100\n|move|p2a: Zacian|Play Rough|p1b: Raging Bolt\n|-supereffective|p1b: Raging Bolt\n|-damage|p1b: Raging Bolt|0 fnt\n|faint|p1b: Raging Bolt\n|-end|p1b: Raging Bolt|Protosynthesis|[silent]\n|move|p1a: Farigiraf|Psychic|p2b: Amoonguss\n|-supereffective|p2b: Amoonguss\n|-damage|p2b: Amoonguss|43\/100\n|move|p2b: Amoonguss|Pollen Puff|p1a: Farigiraf\n|-supereffective|p1a: Farigiraf\n|-damage|p1a: Farigiraf|0 fnt\n|faint|p1a: Farigiraf\n|\n|-fieldend|move: Electric Terrain\n|upkeep\n|\n|t:|1734963722\n|switch|p1b: Tornadus|Tornadus, L50, M|100\/100\n|switch|p1a: Miraidon|Miraidon, L50, tera:Fairy|73\/100\n|-fieldstart|move: Electric Terrain|[from] ability: Hadron Engine|[of] p1a: Miraidon\n|turn|6\n|\n|t:|1734963740\n|move|p2b: Amoonguss|Rage Powder|p2b: Amoonguss\n|-singleturn|p2b: Amoonguss|move: Rage Powder\n|move|p1b: Tornadus|Tailwind|p1b: Tornadus\n|-sidestart|p1: Longhq|move: Tailwind\n|move|p1a: Miraidon|Dazzling Gleam|p2a: Zacian|[spread] p2a,p2b\n|-resisted|p2a: Zacian\n|-resisted|p2b: Amoonguss\n|-damage|p2a: Zacian|26\/100\n|-damage|p2b: Amoonguss|15\/100\n|move|p2a: Zacian|Behemoth Blade|p1a: Miraidon\n|-supereffective|p1a: Miraidon\n|-damage|p1a: Miraidon|0 fnt\n|faint|p1a: Miraidon\n|\n|upkeep\n|turn|7\n|\n|t:|1734963760\n|move|p1b: Tornadus|Bleakwind Storm|p2a: Zacian|[spread] \n|-miss|p1b: Tornadus|p2a: Zacian\n|-miss|p1b: Tornadus|p2b: Amoonguss\n|move|p2a: Zacian|Behemoth Blade|p1b: Tornadus\n|-damage|p1b: Tornadus|0 fnt\n|faint|p1b: Tornadus\n|\n|win|BigSalta\n|raw|Longhq's rating: 1570 &rarr; <strong>1551<\/strong><br \/>(-19 for losing)\n|raw|BigSalta's rating: 1581 &rarr; <strong>1600<\/strong><br \/>(+19 for winning)\n|l|\u203dLonghq\n|player|p1|\n|l|\u2606BigSalta\n|player|p2|\n","uploadtime":1734964027,"views":407,"formatid":"gen9vgc2025regg","rating":1551,"private":0,"password":null}