{"id":"gen9vgc2025regg-2268193805","format":"[Gen 9] VGC 2025 Reg G","players":["Longhq","IlluminaGielBakker"],"log":"|j|\u203dLonghq\n|j|\u2606IlluminaGielBakker\n|t:|1734951735\n|gametype|doubles\n|player|p1|Longhq|dawn|1556\n|player|p2|IlluminaGielBakker|102|1508\n|teamsize|p1|6\n|teamsize|p2|6\n|gen|9\n|tier|[Gen 9] VGC 2025 Reg G\n|rated|\n|rule|Species Clause: Limit one of each Pok\u00e9mon\n|rule|Item Clause: Limit 1 of each item\n|clearpoke\n|poke|p1|Miraidon, L50|\n|poke|p1|Urshifu-*, L50, M|\n|poke|p1|Iron Hands, L50|\n|poke|p1|Farigiraf, L50, F|\n|poke|p1|Torkoal, L50, M|\n|poke|p1|Flutter Mane, L50|\n|poke|p2|Chien-Pao, L50|\n|poke|p2|Flutter Mane, L50|\n|poke|p2|Urshifu-*, L50, M|\n|poke|p2|Rillaboom, L50, F|\n|poke|p2|Entei, L50|\n|poke|p2|Zamazenta-*, L50|\n|teampreview|4\n|inactive|Battle timer is ON: inactive players will automatically lose when time's up. (requested by IlluminaGielBakker)\n|inactive|IlluminaGielBakker has 60 seconds left.\n|\n|t:|1734951776\n|start\n|switch|p1a: Farigiraf|Farigiraf, L50, F|100\/100\n|switch|p1b: Miraidon|Miraidon, L50|100\/100\n|switch|p2a: Chien-Pao|Chien-Pao, L50|100\/100\n|switch|p2b: Zamazenta|Zamazenta-Crowned, L50|100\/100\n|-fieldstart|move: Electric Terrain|[from] ability: Hadron Engine|[of] p1b: Miraidon\n|-enditem|p1a: Farigiraf|Electric Seed\n|-boost|p1a: Farigiraf|def|1|[from] item: Electric Seed\n|-ability|p2a: Chien-Pao|Sword of Ruin\n|-ability|p2b: Zamazenta|Dauntless Shield|boost\n|-boost|p2b: Zamazenta|def|1\n|turn|1\n|\n|t:|1734951790\n|-terastallize|p1b: Miraidon|Fairy\n|-terastallize|p2b: Zamazenta|Grass\n|move|p1b: Miraidon|Dazzling Gleam|p2a: Chien-Pao|[spread] p2a,p2b\n|-supereffective|p2a: Chien-Pao\n|-enditem|p2a: Chien-Pao|Focus Sash\n|-damage|p2a: Chien-Pao|1\/100\n|-damage|p2b: Zamazenta|53\/100\n|move|p2a: Chien-Pao|Throat Chop|p1a: Farigiraf\n|-supereffective|p1a: Farigiraf\n|-damage|p1a: Farigiraf|37\/100\n|-start|p1a: Farigiraf|Throat Chop|[silent]\n|move|p2b: Zamazenta|Body Press|p1a: Farigiraf\n|-damage|p1a: Farigiraf|0 fnt\n|faint|p1a: Farigiraf\n|\n|upkeep\n|\n|t:|1734951807\n|switch|p1a: Iron Hands|Iron Hands, L50|100\/100\n|-activate|p1a: Iron Hands|ability: Quark Drive\n|-start|p1a: Iron Hands|quarkdriveatk\n|turn|2\n|inactive|Longhq has 30 seconds left.\n|\n|t:|1734951840\n|switch|p2a: Entei|Entei, L50|100\/100\n|switch|p1b: Torkoal|Torkoal, L50, M|100\/100\n|-weather|SunnyDay|[from] ability: Drought|[of] p1b: Torkoal\n|move|p2b: Zamazenta|Protect|p2b: Zamazenta\n|-singleturn|p2b: Zamazenta|Protect\n|move|p1a: Iron Hands|Low Kick|p2b: Zamazenta\n|-activate|p2b: Zamazenta|move: Protect\n|\n|-weather|SunnyDay|[upkeep]\n|upkeep\n|turn|3\n|inactive|Longhq has 30 seconds left.\n|\n|t:|1734951867\n|move|p2b: Zamazenta|Body Press|p1a: Iron Hands\n|-damage|p1a: Iron Hands|52\/100\n|move|p2a: Entei|Sacred Fire|p1a: Iron Hands\n|-damage|p1a: Iron Hands|0 fnt\n|faint|p1a: Iron Hands\n|-end|p1a: Iron Hands|Quark Drive|[silent]\n|move|p1b: Torkoal|Weather Ball|p2b: Zamazenta\n|-supereffective|p2b: Zamazenta\n|-damage|p2b: Zamazenta|0 fnt\n|faint|p2b: Zamazenta\n|\n|-weather|SunnyDay|[upkeep]\n|upkeep\n|\n|t:|1734951877\n|switch|p2b: Rillaboom|Rillaboom, L50, F|100\/100\n|switch|p1a: Miraidon|Miraidon, L50, tera:Fairy|100\/100\n|-activate|p1a: Miraidon|ability: Hadron Engine\n|-fieldstart|move: Grassy Terrain|[from] ability: Grassy Surge|[of] p2b: Rillaboom\n|turn|4\n|\n|t:|1734951894\n|move|p2b: Rillaboom|Fake Out|p1a: Miraidon\n|-damage|p1a: Miraidon|87\/100\n|cant|p1a: Miraidon|flinch\n|move|p2a: Entei|Sacred Fire|p1a: Miraidon\n|-damage|p1a: Miraidon|0 fnt\n|faint|p1a: Miraidon\n|move|p1b: Torkoal|Heat Wave|p2a: Entei|[spread] p2a,p2b\n|-resisted|p2a: Entei\n|-supereffective|p2b: Rillaboom\n|-damage|p2a: Entei|66\/100\n|-damage|p2b: Rillaboom|27\/100\n|\n|-weather|SunnyDay|[upkeep]\n|-heal|p2a: Entei|72\/100|[from] Grassy Terrain\n|-heal|p2b: Rillaboom|33\/100|[from] Grassy Terrain\n|upkeep\n|turn|5\n|\n|t:|1734951911\n|switch|p2b: Chien-Pao|Chien-Pao, L50|1\/100\n|-ability|p2b: Chien-Pao|Sword of Ruin\n|move|p2a: Entei|Sacred Fire|p1b: Torkoal\n|-resisted|p1b: Torkoal\n|-damage|p1b: Torkoal|41\/100\n|move|p1b: Torkoal|Heat Wave|p2b: Chien-Pao|[spread] p2a,p2b\n|-resisted|p2a: Entei\n|-supereffective|p2b: Chien-Pao\n|-damage|p2a: Entei|39\/100\n|-damage|p2b: Chien-Pao|0 fnt\n|faint|p2b: Chien-Pao\n|\n|-weather|SunnyDay|[upkeep]\n|-heal|p2a: Entei|44\/100|[from] Grassy Terrain\n|-heal|p1b: Torkoal|47\/100|[from] Grassy Terrain\n|upkeep\n|\n|t:|1734951914\n|switch|p2b: Rillaboom|Rillaboom, L50, F|33\/100\n|turn|6\n|\n|t:|1734951916\n|move|p1b: Torkoal|Protect|p1b: Torkoal\n|-singleturn|p1b: Torkoal|Protect\n|move|p2b: Rillaboom|Fake Out|p1b: Torkoal\n|-activate|p1b: Torkoal|move: Protect\n|move|p2a: Entei|Sacred Fire|p1b: Torkoal\n|-activate|p1b: Torkoal|move: Protect\n|\n|-weather|none\n|-heal|p2a: Entei|50\/100|[from] Grassy Terrain\n|-heal|p2b: Rillaboom|39\/100|[from] Grassy Terrain\n|-heal|p1b: Torkoal|54\/100|[from] Grassy Terrain\n|upkeep\n|turn|7\n|\n|t:|1734951923\n|move|p2a: Entei|Sacred Fire|p1b: Torkoal\n|-resisted|p1b: Torkoal\n|-damage|p1b: Torkoal|23\/100\n|move|p2b: Rillaboom|Wood Hammer|p1b: Torkoal\n|-resisted|p1b: Torkoal\n|-damage|p1b: Torkoal|0 fnt\n|faint|p1b: Torkoal\n|-damage|p2b: Rillaboom|32\/100|[from] Recoil\n|\n|win|IlluminaGielBakker\n|raw|Longhq's rating: 1556 &rarr; <strong>1533<\/strong><br \/>(-23 for losing)\n|raw|IlluminaGielBakker's rating: 1508 &rarr; <strong>1531<\/strong><br \/>(+23 for winning)\n|l|\u203dLonghq\n|player|p1|\n|l|\u2606IlluminaGielBakker\n|player|p2|\n","uploadtime":1734952170,"views":395,"formatid":"gen9vgc2025regg","rating":1531,"private":0,"password":null}