{"id":"gen9vgc2025regg-2268996201","format":"[Gen 9] VGC 2025 Reg G","players":["MisFit24","infinitygroudon"],"log":"|j|\u2606MisFit24\n|j|\u2606infinitygroudon\n|t:|1735069941\n|gametype|doubles\n|player|p1|MisFit24|crasherwake|1531\n|player|p2|infinitygroudon|170|1554\n|teamsize|p1|6\n|teamsize|p2|6\n|gen|9\n|tier|[Gen 9] VGC 2025 Reg G\n|rated|\n|rule|Species Clause: Limit one of each Pok\u00e9mon\n|rule|Item Clause: Limit 1 of each item\n|clearpoke\n|poke|p1|Entei, L50|\n|poke|p1|Chien-Pao, L50|\n|poke|p1|Urshifu-*, L50, F|\n|poke|p1|Rillaboom, L50, M|\n|poke|p1|Flutter Mane, L50|\n|poke|p1|Zamazenta-*, L50|\n|poke|p2|Calyrex-Shadow, L50|\n|poke|p2|Incineroar, L50, M|\n|poke|p2|Weezing-Galar, L50, M|\n|poke|p2|Indeedee-F, L50, F|\n|poke|p2|Iron Valiant, L50|\n|poke|p2|Ursaluna-Bloodmoon, L50, M|\n|teampreview|4\n|\n|t:|1735070012\n|start\n|switch|p1a: Entei|Entei, L50|100\/100\n|switch|p1b: Zamazenta|Zamazenta-Crowned, L50|100\/100\n|switch|p2a: Mr. Gassy|Weezing-Galar, L50, M|100\/100\n|switch|p2b: Charming|Iron Valiant, L50, shiny|100\/100\n|-ability|p2a: Mr. Gassy|Neutralizing Gas\n|turn|1\n|\n|t:|1735070055\n|move|p2b: Charming|Close Combat|p1b: Zamazenta\n|-supereffective|p1b: Zamazenta\n|-damage|p1b: Zamazenta|31\/100\n|-unboost|p2b: Charming|def|1\n|-unboost|p2b: Charming|spd|1\n|move|p1b: Zamazenta|Heavy Slam|p2a: Mr. Gassy\n|-supereffective|p2a: Mr. Gassy\n|-damage|p2a: Mr. Gassy|9\/100\n|-enditem|p2a: Mr. Gassy|Sitrus Berry|[eat]\n|-heal|p2a: Mr. Gassy|34\/100|[from] item: Sitrus Berry\n|move|p1a: Entei|Sacred Fire|p2a: Mr. Gassy\n|-damage|p2a: Mr. Gassy|0 fnt\n|faint|p2a: Mr. Gassy\n|-end|p2a: Mr. Gassy|ability: Neutralizing Gas\n|-ability|p1b: Zamazenta|Dauntless Shield|boost\n|-boost|p1b: Zamazenta|def|1\n|-enditem|p2b: Charming|Booster Energy\n|-activate|p2b: Charming|ability: Quark Drive|[fromitem]\n|-start|p2b: Charming|quarkdrivespe\n|\n|upkeep\n|\n|t:|1735070070\n|switch|p2a: Duncan|Calyrex-Shadow, L50|100\/100\n|-ability|p2a: Duncan|As One\n|-ability|p2a: Duncan|Unnerve\n|turn|2\n|\n|t:|1735070088\n|-terastallize|p1a: Entei|Normal\n|move|p1b: Zamazenta|Protect|p1b: Zamazenta\n|-singleturn|p1b: Zamazenta|Protect\n|move|p2b: Charming|Close Combat|p1a: Entei\n|-supereffective|p1a: Entei\n|-damage|p1a: Entei|0 fnt\n|-unboost|p2b: Charming|def|1\n|-unboost|p2b: Charming|spd|1\n|faint|p1a: Entei\n|move|p2a: Duncan|Expanding Force|p1b: Zamazenta\n|-activate|p1b: Zamazenta|move: Protect\n|\n|upkeep\n|\n|t:|1735070101\n|switch|p1a: Flutter Mane|Flutter Mane, L50|100\/100\n|-enditem|p1a: Flutter Mane|Booster Energy\n|-activate|p1a: Flutter Mane|ability: Protosynthesis|[fromitem]\n|-start|p1a: Flutter Mane|protosynthesisspe\n|turn|3\n|j| BreadTest\n|\n|t:|1735070120\n|-terastallize|p2a: Duncan|Normal\n|move|p1a: Flutter Mane|Icy Wind|p2b: Charming|[spread] p2a,p2b\n|-crit|p2b: Charming\n|-damage|p2a: Duncan|89\/100\n|-damage|p2b: Charming|33\/100\n|-unboost|p2a: Duncan|spe|1\n|-unboost|p2b: Charming|spe|1\n|move|p2b: Charming|Close Combat|p1b: Zamazenta\n|-supereffective|p1b: Zamazenta\n|-damage|p1b: Zamazenta|0 fnt\n|-unboost|p2b: Charming|def|1\n|-unboost|p2b: Charming|spd|1\n|faint|p1b: Zamazenta\n|move|p2a: Duncan|Expanding Force|p1a: Flutter Mane\n|-damage|p1a: Flutter Mane|43\/100\n|-damage|p2a: Duncan|79\/100|[from] item: Life Orb\n|\n|upkeep\n|\n|t:|1735070136\n|switch|p1b: Rillaboom|Rillaboom, L50, M|100\/100\n|-fieldstart|move: Grassy Terrain|[from] ability: Grassy Surge|[of] p1b: Rillaboom\n|turn|4\n|\n|t:|1735070143\n|move|p2b: Charming|Protect|p2b: Charming\n|-singleturn|p2b: Charming|Protect\n|move|p2a: Duncan|Protect|p2a: Duncan\n|-singleturn|p2a: Duncan|Protect\n|move|p1b: Rillaboom|Fake Out|p2a: Duncan\n|-activate|p2a: Duncan|move: Protect\n|move|p1a: Flutter Mane|Moonblast|p2b: Charming\n|-activate|p2b: Charming|move: Protect\n|\n|-heal|p1a: Flutter Mane|49\/100|[from] Grassy Terrain\n|-heal|p2b: Charming|38\/100|[from] Grassy Terrain\n|-heal|p2a: Duncan|85\/100|[from] Grassy Terrain\n|upkeep\n|turn|5\n|\n|t:|1735070160\n|move|p2b: Charming|Shadow Sneak|p1a: Flutter Mane\n|-supereffective|p1a: Flutter Mane\n|-damage|p1a: Flutter Mane|9\/100\n|move|p1a: Flutter Mane|Icy Wind|p2a: Duncan|[spread] p2a,p2b\n|-damage|p2a: Duncan|71\/100\n|-damage|p2b: Charming|0 fnt\n|-unboost|p2a: Duncan|spe|1\n|faint|p2b: Charming\n|-end|p2b: Charming|Quark Drive|[silent]\n|move|p1b: Rillaboom|Wood Hammer|p2a: Duncan\n|-damage|p2a: Duncan|0 fnt\n|faint|p2a: Duncan\n|-damage|p1b: Rillaboom|80\/100|[from] Recoil\n|\n|-heal|p1a: Flutter Mane|16\/100|[from] Grassy Terrain\n|-heal|p1b: Rillaboom|86\/100|[from] Grassy Terrain\n|upkeep\n|\n|t:|1735070164\n|switch|p2b: Suthen|Indeedee-F, L50, F|100\/100\n|-fieldstart|move: Psychic Terrain|[from] ability: Psychic Surge|[of] p2b: Suthen\n|turn|6\n|-message|infinitygroudon forfeited.\n|\n|win|MisFit24\n|raw|MisFit24's rating: 1531 &rarr; <strong>1553<\/strong><br \/>(+22 for winning)\n|raw|infinitygroudon's rating: 1565 &rarr; <strong>1543<\/strong><br \/>(-22 for losing)\n|l|\u2606infinitygroudon\n|player|p2|\n|l|\u2606MisFit24\n|player|p1|\n|l| BreadTest\n","uploadtime":1735070340,"views":465,"formatid":"gen9vgc2025regg","rating":1543,"private":0,"password":null}