{"id":"gen9vgc2025regg-2269651932","format":"[Gen 9] VGC 2025 Reg G","players":["Imnotagni","Not100It's50"],"log":"|j|\u2606Imnotagni\n|j|\u2606Not100It's50\n|t:|1735175921\n|gametype|doubles\n|player|p1|Imnotagni|policeman-gen4|1543\n|player|p2|Not100It's50|miku-ground|1559\n|teamsize|p1|6\n|teamsize|p2|6\n|gen|9\n|tier|[Gen 9] VGC 2025 Reg G\n|rated|\n|rule|Species Clause: Limit one of each Pok\u00e9mon\n|rule|Item Clause: Limit 1 of each item\n|clearpoke\n|poke|p1|Kyogre, L50|\n|poke|p1|Tornadus, L50, M|\n|poke|p1|Urshifu-*, L50, M|\n|poke|p1|Tsareena, L50, F|\n|poke|p1|Landorus, L50, M|\n|poke|p1|Basculegion, L50, M|\n|poke|p2|Groudon, L50|\n|poke|p2|Armarouge, L50, M|\n|poke|p2|Indeedee-F, L50, F|\n|poke|p2|Flutter Mane, L50|\n|poke|p2|Raging Bolt, L50|\n|poke|p2|Ogerpon-Hearthflame, L50, F|\n|teampreview|4\n|inactive|Battle timer is ON: inactive players will automatically lose when time's up. (requested by Not100It's50)\n|inactive|Imnotagni also wants the timer to be on.\n|inactive|Imnotagni has 60 seconds left.\n|\n|t:|1735175958\n|start\n|switch|p1a: NEMO|Kyogre, L50, shiny|100\/100\n|switch|p1b: DARLA|Tsareena, L50, F, shiny|100\/100\n|switch|p2a: Artemis|Flutter Mane, L50|100\/100\n|switch|p2b: Zeus|Raging Bolt, L50|100\/100\n|-weather|RainDance|[from] ability: Drizzle|[of] p1a: NEMO\n|turn|1\n|\n|t:|1735175973\n|-terastallize|p2b: Zeus|Electric\n|move|p2a: Artemis|Icy Wind|p1a: NEMO|[spread] p1a,p1b\n|-resisted|p1a: NEMO\n|-supereffective|p1b: DARLA\n|-damage|p1a: NEMO|97\/100\n|-damage|p1b: DARLA|63\/100\n|-unboost|p1a: NEMO|spe|1\n|-unboost|p1b: DARLA|spe|1\n|move|p2b: Zeus|Volt Switch|p1a: NEMO\n|-supereffective|p1a: NEMO\n|-damage|p1a: NEMO|46\/100\n|j| Therazer456\n|\n|t:|1735175981\n|-end|p2b: Zeus|Protosynthesis|[silent]\n|switch|p2b: Hades|Groudon, L50|100\/100|[from] Volt Switch\n|-weather|SunnyDay|[from] ability: Drought|[of] p2b: Hades\n|-activate|p2a: Artemis|ability: Protosynthesis\n|-start|p2a: Artemis|protosynthesisspe\n|move|p1a: NEMO|Water Spout|p2b: Hades|[spread] p2a,p2b\n|-supereffective|p2b: Hades\n|-damage|p2a: Artemis|84\/100\n|-damage|p2b: Hades|75\/100\n|move|p1b: DARLA|Triple Axel|p2b: Hades\n|-supereffective|p2b: Hades\n|-crit|p2b: Hades\n|-damage|p2b: Hades|61\/100\n|-supereffective|p2b: Hades\n|-damage|p2b: Hades|42\/100\n|-supereffective|p2b: Hades\n|-damage|p2b: Hades|16\/100\n|-hitcount|p2b: Hades|3\n|\n|-weather|SunnyDay|[upkeep]\n|upkeep\n|turn|2\n|\n|t:|1735175997\n|switch|p1b: MARLIN|Tornadus, L50, M|100\/100\n|switch|p1a: BRUCE|Landorus, L50, M|100\/100\n|move|p2a: Artemis|Icy Wind|p1b: MARLIN|[spread] p1a,p1b\n|-supereffective|p1a: BRUCE\n|-supereffective|p1b: MARLIN\n|-damage|p1a: BRUCE|20\/100\n|-damage|p1b: MARLIN|67\/100\n|-unboost|p1a: BRUCE|spe|1\n|move|p2b: Hades|Heat Crash|p1a: BRUCE\n|-damage|p1a: BRUCE|0 fnt\n|faint|p1a: BRUCE\n|\n|-weather|SunnyDay|[upkeep]\n|upkeep\n|\n|t:|1735176000\n|switch|p1a: NEMO|Kyogre, L50, shiny|46\/100\n|-weather|RainDance|[from] ability: Drizzle|[of] p1a: NEMO\n|-end|p2a: Artemis|Protosynthesis\n|turn|3\n|\n|t:|1735176013\n|switch|p2b: Ares|Ogerpon-Hearthflame, L50, F|100\/100\n|-ability|p2b: Ares|Mold Breaker\n|move|p1b: MARLIN|Tailwind|p1b: MARLIN\n|-sidestart|p1: Imnotagni|move: Tailwind\n|move|p1a: NEMO|Origin Pulse|p2a: Artemis|[spread] p2a,p2b\n|-damage|p2a: Artemis|9\/100\n|-damage|p2b: Ares|13\/100\n|move|p2a: Artemis|Dazzling Gleam|p1b: MARLIN|[spread] p1a,p1b\n|-damage|p1a: NEMO|29\/100\n|-damage|p1b: MARLIN|28\/100\n|\n|-weather|RainDance|[upkeep]\n|upkeep\n|turn|4\n|\n|t:|1735176031\n|move|p2a: Artemis|Protect|p2a: Artemis\n|-singleturn|p2a: Artemis|Protect\n|move|p2b: Ares|Spiky Shield|p2b: Ares\n|-singleturn|p2b: Ares|move: Protect\n|move|p1b: MARLIN|Rain Dance||[still]\n|-fail|p1b: MARLIN\n|move|p1a: NEMO|Origin Pulse|p2a: Artemis|[spread] \n|-activate|p2a: Artemis|move: Protect\n|-activate|p2b: Ares|move: Protect\n|\n|-weather|RainDance|[upkeep]\n|upkeep\n|turn|5\n|\n|t:|1735176038\n|move|p1b: MARLIN|Rain Dance||[still]\n|-fail|p1b: MARLIN\n|move|p1a: NEMO|Origin Pulse|p2b: Ares|[spread] p2a,p2b\n|-damage|p2a: Artemis|0 fnt\n|-damage|p2b: Ares|0 fnt\n|faint|p2a: Artemis\n|-end|p2a: Artemis|Protosynthesis|[silent]\n|faint|p2b: Ares\n|\n|-weather|RainDance|[upkeep]\n|upkeep\n|\n|t:|1735176042\n|switch|p2a: Hades|Groudon, L50|16\/100\n|switch|p2b: Zeus|Raging Bolt, L50, tera:Electric|100\/100\n|-weather|SunnyDay|[from] ability: Drought|[of] p2a: Hades\n|-activate|p2b: Zeus|ability: Protosynthesis\n|-start|p2b: Zeus|protosynthesisspa\n|turn|6\n|inactive|Imnotagni has 30 seconds left.\n|inactive|Imnotagni has 20 seconds left.\n|\n|t:|1735176078\n|switch|p1a: DARLA|Tsareena, L50, F, shiny|63\/100\n|move|p2a: Hades|Protect|p2a: Hades\n|-singleturn|p2a: Hades|Protect\n|move|p1b: MARLIN|Rain Dance|p1b: MARLIN\n|-weather|RainDance\n|-end|p2b: Zeus|Protosynthesis\n|move|p2b: Zeus|Draco Meteor|p1b: MARLIN|[miss]\n|-miss|p2b: Zeus|p1b: MARLIN\n|\n|-weather|RainDance|[upkeep]\n|-sideend|p1: Imnotagni|move: Tailwind\n|upkeep\n|turn|7\n|inactive|Imnotagni has 30 seconds left.\n|\n|t:|1735176107\n|move|p1a: DARLA|Protect|p1a: DARLA\n|-singleturn|p1a: DARLA|Protect\n|move|p2a: Hades|Protect||[still]\n|-fail|p2a: Hades\n|move|p1b: MARLIN|Hurricane|p2a: Hades\n|-damage|p2a: Hades|0 fnt\n|faint|p2a: Hades\n|move|p2b: Zeus|Draco Meteor|p1a: DARLA\n|-activate|p1a: DARLA|move: Protect\n|\n|-weather|RainDance|[upkeep]\n|upkeep\n|turn|8\n|\n|t:|1735176117\n|move|p1b: MARLIN|Hurricane|p2b: Zeus\n|-resisted|p2b: Zeus\n|-damage|p2b: Zeus|87\/100\n|-start|p2b: Zeus|confusion\n|move|p1a: DARLA|Power Whip|p2b: Zeus\n|-damage|p2b: Zeus|39\/100\n|-activate|p2b: Zeus|confusion\n|move|p2b: Zeus|Draco Meteor|p1a: DARLA\n|-damage|p1a: DARLA|0 fnt\n|-unboost|p2b: Zeus|spa|2\n|faint|p1a: DARLA\n|\n|-weather|RainDance|[upkeep]\n|upkeep\n|\n|t:|1735176119\n|switch|p1a: NEMO|Kyogre, L50, shiny|29\/100\n|turn|9\n|\n|t:|1735176124\n|-terastallize|p1a: NEMO|Grass\n|-end|p2b: Zeus|confusion\n|move|p2b: Zeus|Thunderclap|p1a: NEMO\n|-resisted|p1a: NEMO\n|-damage|p1a: NEMO|21\/100\n|move|p1b: MARLIN|Hurricane|p2b: Zeus\n|-resisted|p2b: Zeus\n|-damage|p2b: Zeus|25\/100\n|-start|p2b: Zeus|confusion\n|move|p1a: NEMO|Origin Pulse|p2b: Zeus\n|-damage|p2b: Zeus|0 fnt\n|faint|p2b: Zeus\n|-end|p2b: Zeus|Protosynthesis|[silent]\n|\n|win|Imnotagni\n|raw|Imnotagni's rating: 1543 &rarr; <strong>1564<\/strong><br \/>(+21 for winning)\n|raw|Not100It&apos;s50's rating: 1559 &rarr; <strong>1538<\/strong><br \/>(-21 for losing)\n|l|\u2606Not100It's50\n|player|p2|\n|l|\u2606Imnotagni\n|player|p1|\n|l| Therazer456\n","uploadtime":1735176369,"views":18,"formatid":"gen9vgc2025regg","rating":1538,"private":0,"password":null}