{"id":"gen9vgc2025regg-2269923524","format":"[Gen 9] VGC 2025 Reg G","players":["Artyculate","soap858"],"log":"|j|\u2606Artyculate\n|j|\u2606soap858\n|t:|1735227742\n|gametype|doubles\n|player|p1|Artyculate|pokekid|1535\n|player|p2|soap858|101|1593\n|teamsize|p1|6\n|teamsize|p2|6\n|gen|9\n|tier|[Gen 9] VGC 2025 Reg G\n|rated|\n|rule|Species Clause: Limit one of each Pok\u00e9mon\n|rule|Item Clause: Limit 1 of each item\n|clearpoke\n|poke|p1|Incineroar, L50, M|\n|poke|p1|Miraidon, L50|\n|poke|p1|Annihilape, L50, F|\n|poke|p1|Whimsicott, L50, F|\n|poke|p1|Archaludon, L50, M|\n|poke|p1|Ninetales-Alola, L50, M|\n|poke|p2|Lunala, L50|\n|poke|p2|Incineroar, L50, M|\n|poke|p2|Urshifu-*, L50, F|\n|poke|p2|Rillaboom, L50, M|\n|poke|p2|Regieleki, L50|\n|poke|p2|Porygon2, L50|\n|teampreview|4\n|inactive|Battle timer is ON: inactive players will automatically lose when time's up. (requested by Artyculate)\n|inactive|soap858 has 60 seconds left.\n|inactive|soap858 has 30 seconds left.\n|\n|t:|1735227805\n|start\n|switch|p1a: Whimsicott|Whimsicott, L50, F|100\/100\n|switch|p1b: Miraidon|Miraidon, L50|100\/100\n|switch|p2a: Lunala|Lunala, L50|100\/100\n|switch|p2b: Urshifu|Urshifu-Rapid-Strike, L50, F|100\/100\n|-fieldstart|move: Electric Terrain|[from] ability: Hadron Engine|[of] p1b: Miraidon\n|turn|1\n|\n|t:|1735227826\n|switch|p2b: Rillaboom|Rillaboom, L50, M|100\/100\n|-fieldstart|move: Grassy Terrain|[from] ability: Grassy Surge|[of] p2b: Rillaboom\n|move|p1a: Whimsicott|Tailwind|p1a: Whimsicott\n|-sidestart|p1: Artyculate|move: Tailwind\n|move|p1b: Miraidon|Volt Switch|p2b: Rillaboom\n|-resisted|p2b: Rillaboom\n|-damage|p2b: Rillaboom|84\/100\n|\n|t:|1735227838\n|switch|p1b: Archaludon|Archaludon, L50, M|100\/100|[from] Volt Switch\n|move|p2a: Lunala|Moongeist Beam|p1a: Whimsicott\n|-damage|p1a: Whimsicott|6\/100\n|\n|-heal|p1a: Whimsicott|12\/100|[from] Grassy Terrain\n|-heal|p2b: Rillaboom|89\/100|[from] Grassy Terrain\n|upkeep\n|turn|2\n|\n|t:|1735227860\n|switch|p1a: Incineroar|Incineroar, L50, M|100\/100\n|-ability|p1a: Incineroar|Intimidate|boost\n|-unboost|p2a: Lunala|atk|1\n|-unboost|p2b: Rillaboom|atk|1\n|move|p2b: Rillaboom|Grassy Glide|p1a: Incineroar\n|-resisted|p1a: Incineroar\n|-damage|p1a: Incineroar|89\/100\n|-damage|p2b: Rillaboom|73\/100|[from] item: Rocky Helmet|[of] p1a: Incineroar\n|move|p1b: Archaludon|Snarl|p2a: Lunala|[spread] p2a,p2b\n|-supereffective|p2a: Lunala\n|-damage|p2a: Lunala|84\/100\n|-damage|p2b: Rillaboom|66\/100\n|-unboost|p2a: Lunala|spa|1\n|-unboost|p2b: Rillaboom|spa|1\n|move|p2a: Lunala|Calm Mind|p2a: Lunala\n|-boost|p2a: Lunala|spa|1\n|-boost|p2a: Lunala|spd|1\n|\n|-heal|p1a: Incineroar|95\/100|[from] Grassy Terrain\n|-heal|p2a: Lunala|90\/100|[from] Grassy Terrain\n|-heal|p2a: Lunala|96\/100|[from] item: Leftovers\n|-heal|p2b: Rillaboom|72\/100|[from] Grassy Terrain\n|upkeep\n|turn|3\n|inactive|Artyculate has 30 seconds left.\n|inactive|soap858 has 30 seconds left.\n|\n|t:|1735227894\n|switch|p2b: Urshifu|Urshifu-Rapid-Strike, L50, F|100\/100\n|move|p2a: Lunala|Protect|p2a: Lunala\n|-singleturn|p2a: Lunala|Protect\n|move|p1b: Archaludon|Snarl|p2a: Lunala|[spread] p2b\n|-activate|p2a: Lunala|move: Protect\n|-resisted|p2b: Urshifu\n|-damage|p2b: Urshifu|93\/100\n|-unboost|p2b: Urshifu|spa|1\n|move|p1a: Incineroar|Parting Shot|p2b: Urshifu\n|-unboost|p2b: Urshifu|atk|1\n|-unboost|p2b: Urshifu|spa|1\n|\n|t:|1735227908\n|switch|p1a: Whimsicott|Whimsicott, L50, F|12\/100|[from] Parting Shot\n|\n|-heal|p1a: Whimsicott|17\/100|[from] Grassy Terrain\n|-heal|p2b: Urshifu|99\/100|[from] Grassy Terrain\n|-heal|p2a: Lunala|100\/100|[from] Grassy Terrain\n|upkeep\n|turn|4\n|inactive|soap858 has 30 seconds left.\n|\n|t:|1735227936\n|move|p1a: Whimsicott|Moonblast|p2b: Urshifu\n|-supereffective|p2b: Urshifu\n|-damage|p2b: Urshifu|0 fnt\n|faint|p2b: Urshifu\n|move|p1b: Archaludon|Snarl|p2a: Lunala\n|-supereffective|p2a: Lunala\n|-damage|p2a: Lunala|85\/100\n|-unboost|p2a: Lunala|spa|1\n|move|p2a: Lunala|Moongeist Beam|p1a: Whimsicott\n|-damage|p1a: Whimsicott|0 fnt\n|faint|p1a: Whimsicott\n|\n|-heal|p2a: Lunala|92\/100|[from] Grassy Terrain\n|-heal|p2a: Lunala|98\/100|[from] item: Leftovers\n|-sideend|p1: Artyculate|move: Tailwind\n|upkeep\n|\n|t:|1735227952\n|switch|p1a: Incineroar|Incineroar, L50, M|95\/100\n|switch|p2b: Porygon2|Porygon2, L50|100\/100\n|-ability|p1a: Incineroar|Intimidate|boost\n|-unboost|p2a: Lunala|atk|1\n|-unboost|p2b: Porygon2|atk|1\n|-ability|p2b: Porygon2|Download|boost\n|-boost|p2b: Porygon2|spa|1\n|turn|5\n|inactive|soap858 has 30 seconds left.\n|inactive|soap858 has 20 seconds left.\n|inactive|soap858 has 15 seconds left.\n|inactive|soap858 has 10 seconds left.\n|inactive|soap858 has 5 seconds left.\n|\n|t:|1735228002\n|switch|p2a: Rillaboom|Rillaboom, L50, M|72\/100\n|move|p1b: Archaludon|Snarl|p2b: Porygon2|[spread] p2a,p2b\n|-damage|p2a: Rillaboom|64\/100\n|-damage|p2b: Porygon2|94\/100\n|-unboost|p2a: Rillaboom|spa|1\n|-unboost|p2b: Porygon2|spa|1\n|move|p1a: Incineroar|Taunt|p2b: Porygon2\n|-start|p2b: Porygon2|move: Taunt\n|cant|p2b: Porygon2|move: Taunt|Trick Room\n|\n|-heal|p1a: Incineroar|100\/100|[from] Grassy Terrain\n|-heal|p2a: Rillaboom|70\/100|[from] Grassy Terrain\n|-heal|p2b: Porygon2|99\/100|[from] Grassy Terrain\n|-fieldend|move: Grassy Terrain\n|upkeep\n|turn|6\n|inactive|Artyculate has 30 seconds left.\n|\n|t:|1735228030\n|-terastallize|p2b: Porygon2|Ground\n|move|p1b: Archaludon|Snarl|p2a: Rillaboom|[spread] p2a,p2b\n|-damage|p2a: Rillaboom|62\/100\n|-damage|p2b: Porygon2|94\/100\n|-unboost|p2a: Rillaboom|spa|1\n|-unboost|p2b: Porygon2|spa|1\n|move|p1a: Incineroar|Knock Off|p2b: Porygon2\n|-damage|p2b: Porygon2|68\/100\n|-enditem|p2b: Porygon2|Eviolite|[from] move: Knock Off|[of] p1a: Incineroar\n|move|p2a: Rillaboom|U-turn|p1a: Incineroar\n|-damage|p1a: Incineroar|77\/100\n|-damage|p2a: Rillaboom|46\/100|[from] item: Rocky Helmet|[of] p1a: Incineroar\n|\n|t:|1735228038\n|switch|p2a: Lunala|Lunala, L50|98\/100|[from] U-turn\n|move|p2b: Porygon2|Tera Blast|p1a: Incineroar|[anim] Tera Blast Ground\n|-supereffective|p1a: Incineroar\n|-damage|p1a: Incineroar|39\/100\n|\n|-heal|p2a: Lunala|100\/100|[from] item: Leftovers\n|upkeep\n|turn|7\n|inactive|Artyculate has 30 seconds left.\n|\n|t:|1735228067\n|move|p2a: Lunala|Protect|p2a: Lunala\n|-singleturn|p2a: Lunala|Protect\n|move|p1b: Archaludon|Snarl|p2b: Porygon2|[spread] p2b\n|-activate|p2a: Lunala|move: Protect\n|-damage|p2b: Porygon2|58\/100\n|-unboost|p2b: Porygon2|spa|1\n|move|p1a: Incineroar|Parting Shot|p2b: Porygon2\n|-unboost|p2b: Porygon2|atk|1\n|-unboost|p2b: Porygon2|spa|1\n|\n|t:|1735228077\n|switch|p1a: Miraidon|Miraidon, L50|100\/100|[from] Parting Shot\n|-fieldstart|move: Electric Terrain|[from] ability: Hadron Engine|[of] p1a: Miraidon\n|move|p2b: Porygon2|Tera Blast|p1a: Miraidon|[anim] Tera Blast Ground\n|-supereffective|p1a: Miraidon\n|-damage|p1a: Miraidon|76\/100\n|\n|-end|p2b: Porygon2|move: Taunt\n|upkeep\n|turn|8\n|inactive|soap858 has 30 seconds left.\n|inactive|soap858 has 20 seconds left.\n|inactive|soap858 has 15 seconds left.\n|\n|t:|1735228120\n|switch|p2b: Rillaboom|Rillaboom, L50, M|46\/100\n|-fieldstart|move: Grassy Terrain|[from] ability: Grassy Surge|[of] p2b: Rillaboom\n|-terastallize|p1a: Miraidon|Fairy\n|move|p1a: Miraidon|Dazzling Gleam|p2b: Rillaboom|[spread] p2a,p2b\n|-damage|p2a: Lunala|82\/100\n|-damage|p2b: Rillaboom|17\/100\n|move|p2a: Lunala|Moonblast|p1a: Miraidon\n|-damage|p1a: Miraidon|46\/100\n|move|p1b: Archaludon|Snarl|p2b: Rillaboom|[spread] p2a,p2b\n|-supereffective|p2a: Lunala\n|-damage|p2a: Lunala|50\/100\n|-damage|p2b: Rillaboom|10\/100\n|-unboost|p2a: Lunala|spa|1\n|-unboost|p2b: Rillaboom|spa|1\n|\n|-heal|p1a: Miraidon|52\/100|[from] Grassy Terrain\n|-heal|p2a: Lunala|56\/100|[from] Grassy Terrain\n|-heal|p2a: Lunala|62\/100|[from] item: Leftovers\n|-heal|p2b: Rillaboom|15\/100|[from] Grassy Terrain\n|upkeep\n|turn|9\n|\n|t:|1735228144\n|switch|p1a: Incineroar|Incineroar, L50, M|39\/100\n|-ability|p1a: Incineroar|Intimidate|boost\n|-unboost|p2a: Lunala|atk|1\n|-unboost|p2b: Rillaboom|atk|1\n|move|p2b: Rillaboom|Fake Out|p1b: Archaludon\n|-resisted|p1b: Archaludon\n|-damage|p1b: Archaludon|97\/100\n|-ability|p1b: Archaludon|Stamina|boost\n|-boost|p1b: Archaludon|def|1\n|move|p2a: Lunala|Calm Mind|p2a: Lunala\n|-boost|p2a: Lunala|spa|1\n|-boost|p2a: Lunala|spd|1\n|cant|p1b: Archaludon|flinch\n|\n|-heal|p2a: Lunala|68\/100|[from] Grassy Terrain\n|-heal|p2a: Lunala|75\/100|[from] item: Leftovers\n|-heal|p1b: Archaludon|100\/100|[from] Grassy Terrain\n|-heal|p1a: Incineroar|45\/100|[from] Grassy Terrain\n|-heal|p2b: Rillaboom|21\/100|[from] Grassy Terrain\n|upkeep\n|turn|10\n|\n|t:|1735228166\n|switch|p2b: Porygon2|Porygon2, L50, tera:Ground|58\/100\n|-ability|p2b: Porygon2|Download|boost\n|-boost|p2b: Porygon2|spa|1\n|move|p2a: Lunala|Protect|p2a: Lunala\n|-singleturn|p2a: Lunala|Protect\n|move|p1b: Archaludon|Body Press|p2b: Porygon2\n|-damage|p2b: Porygon2|27\/100\n|move|p1a: Incineroar|Knock Off|p2a: Lunala\n|-activate|p2a: Lunala|move: Protect\n|\n|-heal|p2a: Lunala|81\/100|[from] Grassy Terrain\n|-heal|p2a: Lunala|87\/100|[from] item: Leftovers\n|-heal|p1a: Incineroar|51\/100|[from] Grassy Terrain\n|-heal|p2b: Porygon2|33\/100|[from] Grassy Terrain\n|upkeep\n|turn|11\n|inactive|soap858 has 30 seconds left.\n|\n|t:|1735228197\n|move|p2a: Lunala|Moonblast|p1a: Incineroar\n|-damage|p1a: Incineroar|21\/100\n|move|p1b: Archaludon|Body Press|p2b: Porygon2\n|-crit|p2b: Porygon2\n|-damage|p2b: Porygon2|0 fnt\n|faint|p2b: Porygon2\n|move|p1a: Incineroar|Knock Off|p2a: Lunala\n|-supereffective|p2a: Lunala\n|-damage|p2a: Lunala|0 fnt\n|-enditem|p2a: Lunala|Leftovers|[from] move: Knock Off|[of] p1a: Incineroar\n|faint|p2a: Lunala\n|\n|-heal|p1a: Incineroar|27\/100|[from] Grassy Terrain\n|upkeep\n|\n|t:|1735228200\n|switch|p2b: Rillaboom|Rillaboom, L50, M|21\/100\n|turn|12\n|-message|soap858 forfeited.\n|\n|win|Artyculate\n|raw|Artyculate's rating: 1535 &rarr; <strong>1558<\/strong><br \/>(+23 for winning)\n|raw|soap858's rating: 1593 &rarr; <strong>1570<\/strong><br \/>(-23 for losing)\n|l|\u2606soap858\n|player|p2|\n|l|\u2606Artyculate\n|player|p1|\n","uploadtime":1735228471,"views":406,"formatid":"gen9vgc2025regg","rating":1558,"private":0,"password":null}