{"id":"gen9vgc2025regg-2269570481","format":"[Gen 9] VGC 2025 Reg G","players":["Emirnent","ConnerTEP"],"log":"|j|\u2606Emirnent\n|j|\u2606ConnerTEP\n|t:|1735164195\n|gametype|doubles\n|player|p1|Emirnent|1|1547\n|player|p2|ConnerTEP|miku-ground|1631\n|teamsize|p1|6\n|teamsize|p2|6\n|gen|9\n|tier|[Gen 9] VGC 2025 Reg G\n|rated|\n|rule|Species Clause: Limit one of each Pok\u00e9mon\n|rule|Item Clause: Limit 1 of each item\n|clearpoke\n|poke|p1|Whimsicott, L50, M|\n|poke|p1|Kyogre, L50|\n|poke|p1|Urshifu-*, L50, F|\n|poke|p1|Terrakion, L50|\n|poke|p1|Archaludon, L50, F|\n|poke|p1|Tsareena, L50, F|\n|poke|p2|Groudon, L50|\n|poke|p2|Armarouge, L50, F|\n|poke|p2|Indeedee-F, L50, F|\n|poke|p2|Flutter Mane, L50|\n|poke|p2|Raging Bolt, L50|\n|poke|p2|Ogerpon-Hearthflame, L50, F|\n|teampreview|4\n|inactive|Battle timer is ON: inactive players will automatically lose when time's up. (requested by ConnerTEP)\n|inactive|Emirnent has 60 seconds left.\n|\n|t:|1735164235\n|start\n|switch|p1a: Whimsicott|Whimsicott, L50, M|100\/100\n|switch|p1b: Urshifu|Urshifu-Rapid-Strike, L50, F|100\/100\n|switch|p2a: Hephestus|Armarouge, L50, F|100\/100\n|switch|p2b: Demeter|Indeedee-F, L50, F|100\/100\n|-fieldstart|move: Psychic Terrain|[from] ability: Psychic Surge|[of] p2b: Demeter\n|turn|1\n|inactive|Emirnent has 30 seconds left.\n|\n|t:|1735164262\n|-terastallize|p2b: Demeter|Water\n|move|p2b: Demeter|Follow Me|p2b: Demeter\n|-singleturn|p2b: Demeter|move: Follow Me\n|move|p1a: Whimsicott|Moonblast|p2b: Demeter\n|-damage|p2b: Demeter|64\/100\n|move|p1b: Urshifu|U-turn|p2b: Demeter\n|-damage|p2b: Demeter|30\/100\n|\n|t:|1735164269\n|switch|p1b: Archaludon|Archaludon, L50, F|100\/100|[from] U-turn\n|move|p2a: Hephestus|Trick Room|p2a: Hephestus\n|-fieldstart|move: Trick Room|[of] p2a: Hephestus\n|\n|upkeep\n|turn|2\n|\n|t:|1735164285\n|switch|p2b: Hades|Groudon, L50|100\/100\n|-weather|SunnyDay|[from] ability: Drought|[of] p2b: Hades\n|move|p2a: Hephestus|Armor Cannon|p1b: Archaludon\n|-damage|p1b: Archaludon|17\/100\n|-unboost|p2a: Hephestus|def|1\n|-unboost|p2a: Hephestus|spd|1\n|-ability|p1b: Archaludon|Stamina|boost\n|-boost|p1b: Archaludon|def|1\n|-damage|p2a: Hephestus|91\/100|[from] item: Life Orb\n|move|p1b: Archaludon|Dragon Pulse|p2a: Hephestus\n|-damage|p2a: Hephestus|18\/100\n|move|p1a: Whimsicott|Beat Up|p1b: Archaludon\n|-crit|p1b: Archaludon\n|-damage|p1b: Archaludon|14\/100\n|-ability|p1b: Archaludon|Stamina|boost\n|-boost|p1b: Archaludon|def|1\n|-damage|p1b: Archaludon|13\/100\n|-ability|p1b: Archaludon|Stamina|boost\n|-boost|p1b: Archaludon|def|1\n|-damage|p1b: Archaludon|12\/100\n|-ability|p1b: Archaludon|Stamina|boost\n|-boost|p1b: Archaludon|def|1\n|-damage|p1b: Archaludon|11\/100\n|-ability|p1b: Archaludon|Stamina|boost\n|-boost|p1b: Archaludon|def|1\n|-hitcount|p1b: Archaludon|4\n|\n|-weather|SunnyDay|[upkeep]\n|upkeep\n|turn|3\n|\n|t:|1735164305\n|move|p2a: Hephestus|Expanding Force|p1a: Whimsicott|[spread] p1a,p1b\n|-resisted|p1b: Archaludon\n|-enditem|p1a: Whimsicott|Focus Sash\n|-damage|p1a: Whimsicott|1\/100\n|-damage|p1b: Archaludon|0 fnt\n|faint|p1b: Archaludon\n|-damage|p2a: Hephestus|8\/100|[from] item: Life Orb\n|move|p2b: Hades|Precipice Blades|p1a: Whimsicott\n|-resisted|p1a: Whimsicott\n|-crit|p1a: Whimsicott\n|-damage|p1a: Whimsicott|0 fnt\n|faint|p1a: Whimsicott\n|\n|-weather|SunnyDay|[upkeep]\n|upkeep\n|\n|t:|1735164309\n|switch|p1b: Urshifu|Urshifu-Rapid-Strike, L50, F|100\/100\n|switch|p1a: Kyogre|Kyogre, L50|100\/100\n|-weather|RainDance|[from] ability: Drizzle|[of] p1a: Kyogre\n|turn|4\n|\n|t:|1735164326\n|-terastallize|p1b: Urshifu|Ghost\n|move|p2a: Hephestus|Wide Guard|p2a: Hephestus\n|-singleturn|p2a: Hephestus|Wide Guard\n|move|p2b: Hades|Precipice Blades|p1b: Urshifu|[spread] p1a,p1b\n|-damage|p1a: Kyogre|45\/100\n|-damage|p1b: Urshifu|46\/100\n|move|p1b: Urshifu|Surging Strikes|p2b: Hades\n|-supereffective|p2b: Hades\n|-crit|p2b: Hades\n|-damage|p2b: Hades|40\/100\n|-supereffective|p2b: Hades\n|-crit|p2b: Hades\n|-damage|p2b: Hades|0 fnt\n|faint|p2b: Hades\n|-hitcount|p2: Hades|2\n|move|p1a: Kyogre|Origin Pulse|p2a: Hephestus\n|-activate|p2a: Hephestus|move: Wide Guard\n|\n|-weather|RainDance|[upkeep]\n|upkeep\n|\n|t:|1735164331\n|switch|p2b: Demeter|Indeedee-F, L50, F, tera:Water|30\/100\n|turn|5\n|\n|t:|1735164343\n|move|p2b: Demeter|Helping Hand|p2a: Hephestus\n|-singleturn|p2a: Hephestus|Helping Hand|[of] p2b: Demeter\n|move|p2a: Hephestus|Expanding Force|p1a: Kyogre|[spread] p1a,p1b\n|-damage|p1a: Kyogre|0 fnt\n|-damage|p1b: Urshifu|0 fnt\n|faint|p1a: Kyogre\n|faint|p1b: Urshifu\n|-damage|p2a: Hephestus|0 fnt|[from] item: Life Orb\n|faint|p2a: Hephestus\n|\n|win|ConnerTEP\n|raw|Emirnent's rating: 1547 &rarr; <strong>1532<\/strong><br \/>(-15 for losing)\n|raw|ConnerTEP's rating: 1631 &rarr; <strong>1646<\/strong><br \/>(+15 for winning)\n|l|\u2606Emirnent\n|player|p1|\n","uploadtime":1735164475,"views":414,"formatid":"gen9vgc2025regg","rating":1532,"private":0,"password":null}