{"id":"gen9vgc2025regg-2269645788","format":"[Gen 9] VGC 2025 Reg G","players":["lichuweijixi","SeaWolfMikess"],"log":"|j|\u2606lichuweijixi\n|j|\u2606SeaWolfMikess\n|t:|1735175021\n|gametype|doubles\n|player|p1|lichuweijixi|2|1560\n|player|p2|SeaWolfMikess|hugh|1566\n|teamsize|p1|6\n|teamsize|p2|6\n|gen|9\n|tier|[Gen 9] VGC 2025 Reg G\n|rated|\n|rule|Species Clause: Limit one of each Pok\u00e9mon\n|rule|Item Clause: Limit 1 of each item\n|clearpoke\n|poke|p1|Calyrex-Ice, L50|\n|poke|p1|Iron Valiant, L50|\n|poke|p1|Urshifu-*, L50, M|\n|poke|p1|Amoonguss, L50, F|\n|poke|p1|Pelipper, L50, M|\n|poke|p1|Landorus, L50, M|\n|poke|p2|Kyogre, L50|\n|poke|p2|Archaludon, L50, M|\n|poke|p2|Tornadus, L50, M|\n|poke|p2|Urshifu-*, L50, M|\n|poke|p2|Landorus, L50, M|\n|poke|p2|Incineroar, L50, M|\n|teampreview|4\n|j| showdown the spire\n|j| Therazer456\n|\n|t:|1735175046\n|start\n|switch|p1a: Urshifu|Urshifu-Rapid-Strike, L50, M|100\/100\n|switch|p1b: Calyrex|Calyrex-Ice, L50|100\/100\n|switch|p2a: Archaludon|Archaludon, L50, M|100\/100\n|switch|p2b: Kyogre|Kyogre, L50|100\/100\n|-ability|p1b: Calyrex|As One\n|-ability|p1b: Calyrex|Unnerve\n|-weather|RainDance|[from] ability: Drizzle|[of] p2b: Kyogre\n|turn|1\n|j| suaveboat\n|\n|t:|1735175076\n|-terastallize|p2a: Archaludon|Electric\n|-terastallize|p1b: Calyrex|Grass\n|move|p2b: Kyogre|Water Spout|p1b: Calyrex|[spread] p1a,p1b\n|-resisted|p1a: Urshifu\n|-resisted|p1b: Calyrex\n|-crit|p1b: Calyrex\n|-damage|p1a: Urshifu|35\/100\n|-damage|p1b: Calyrex|58\/100\n|move|p2a: Archaludon|Electro Shot||[still]\n|-prepare|p2a: Archaludon|Electro Shot\n|-boost|p2a: Archaludon|spa|1\n|-anim|p2a: Archaludon|Electro Shot|p1b: Calyrex\n|-resisted|p1b: Calyrex\n|-damage|p1b: Calyrex|23\/100\n|move|p1a: Urshifu|Surging Strikes|p2b: Kyogre\n|-resisted|p2b: Kyogre\n|-crit|p2b: Kyogre\n|-damage|p2b: Kyogre|84\/100\n|-resisted|p2b: Kyogre\n|-crit|p2b: Kyogre\n|-damage|p2b: Kyogre|66\/100\n|-resisted|p2b: Kyogre\n|-crit|p2b: Kyogre\n|-damage|p2b: Kyogre|48\/100\n|-hitcount|p2b: Kyogre|3\n|move|p1b: Calyrex|Trick Room|p1b: Calyrex\n|-fieldstart|move: Trick Room|[of] p1b: Calyrex\n|\n|-weather|RainDance|[upkeep]\n|upkeep\n|turn|2\n|\n|t:|1735175104\n|move|p1b: Calyrex|Glacial Lance|p2b: Kyogre|[spread] p2a,p2b\n|-resisted|p2b: Kyogre\n|-damage|p2a: Archaludon|49\/100\n|-damage|p2b: Kyogre|19\/100\n|move|p1a: Urshifu|Surging Strikes|p2a: Archaludon\n|-crit|p2a: Archaludon\n|-damage|p2a: Archaludon|20\/100\n|-crit|p2a: Archaludon\n|-damage|p2a: Archaludon|0 fnt\n|faint|p2a: Archaludon\n|-hitcount|p2: Archaludon|2\n|move|p2b: Kyogre|Origin Pulse|p1a: Urshifu|[spread] p1a,p1b\n|-resisted|p1a: Urshifu\n|-resisted|p1b: Calyrex\n|-damage|p1a: Urshifu|0 fnt\n|-damage|p1b: Calyrex|2\/100\n|faint|p1a: Urshifu\n|\n|-weather|RainDance|[upkeep]\n|upkeep\n|\n|t:|1735175122\n|switch|p1a: Amoonguss|Amoonguss, L50, F|100\/100\n|switch|p2a: Incineroar|Incineroar, L50, M|100\/100\n|-ability|p2a: Incineroar|Intimidate|boost\n|-unboost|p1a: Amoonguss|atk|1\n|-fail|p1b: Calyrex|unboost|[from] item: Clear Amulet|[of] p1b: Calyrex\n|turn|3\n|\n|t:|1735175138\n|move|p1b: Calyrex|Protect|p1b: Calyrex\n|-singleturn|p1b: Calyrex|Protect\n|move|p2a: Incineroar|Fake Out|p1b: Calyrex\n|-activate|p1b: Calyrex|move: Protect\n|move|p1a: Amoonguss|Spore|p2b: Kyogre\n|-status|p2b: Kyogre|slp|[from] move: Spore\n|cant|p2b: Kyogre|slp\n|\n|-weather|RainDance|[upkeep]\n|upkeep\n|turn|4\n|\n|t:|1735175153\n|move|p1a: Amoonguss|Pollen Puff|p1b: Calyrex\n|-heal|p1b: Calyrex|52\/100\n|move|p1b: Calyrex|Glacial Lance|p2b: Kyogre|[spread] p2a,p2b\n|-resisted|p2a: Incineroar\n|-resisted|p2b: Kyogre\n|-damage|p2a: Incineroar|82\/100\n|-damage|p2b: Kyogre|0 fnt\n|faint|p2b: Kyogre\n|-ability|p1b: Calyrex|Chilling Neigh|boost\n|-boost|p1b: Calyrex|atk|1\n|move|p2a: Incineroar|Knock Off|p1b: Calyrex\n|-damage|p1b: Calyrex|28\/100\n|-enditem|p1b: Calyrex|Clear Amulet|[from] move: Knock Off|[of] p2a: Incineroar\n|\n|-weather|RainDance|[upkeep]\n|upkeep\n|\n|t:|1735175158\n|switch|p2b: Urshifu|Urshifu-Rapid-Strike, L50, M|100\/100\n|turn|5\n|\n|t:|1735175173\n|move|p1a: Amoonguss|Spore|p2b: Urshifu\n|-status|p2b: Urshifu|slp|[from] move: Spore\n|move|p1b: Calyrex|High Horsepower|p2a: Incineroar\n|-supereffective|p2a: Incineroar\n|-damage|p2a: Incineroar|0 fnt\n|faint|p2a: Incineroar\n|-ability|p1b: Calyrex|Chilling Neigh|boost\n|-boost|p1b: Calyrex|atk|1\n|cant|p2b: Urshifu|slp\n|\n|-weather|none\n|-fieldend|move: Trick Room\n|upkeep\n|turn|6\n|\n|t:|1735175188\n|-curestatus|p2b: Urshifu|slp|[msg]\n|move|p2b: Urshifu|Close Combat|p1b: Calyrex\n|-damage|p1b: Calyrex|0 fnt\n|-unboost|p2b: Urshifu|def|1\n|-unboost|p2b: Urshifu|spd|1\n|faint|p1b: Calyrex\n|move|p1a: Amoonguss|Pollen Puff|p1: Calyrex|[notarget]\n|-fail|p1a: Amoonguss\n|\n|upkeep\n|\n|t:|1735175198\n|switch|p1b: Pelipper|Pelipper, L50, M|100\/100\n|-weather|RainDance|[from] ability: Drizzle|[of] p1b: Pelipper\n|turn|7\n|\n|t:|1735175207\n|move|p1a: Amoonguss|Rage Powder|p1a: Amoonguss\n|-singleturn|p1a: Amoonguss|move: Rage Powder\n|move|p2b: Urshifu|Surging Strikes|p1a: Amoonguss\n|-resisted|p1a: Amoonguss\n|-crit|p1a: Amoonguss\n|-damage|p1a: Amoonguss|86\/100\n|-damage|p2b: Urshifu|84\/100|[from] item: Rocky Helmet|[of] p1a: Amoonguss\n|-resisted|p1a: Amoonguss\n|-crit|p1a: Amoonguss\n|-damage|p1a: Amoonguss|74\/100\n|-damage|p2b: Urshifu|67\/100|[from] item: Rocky Helmet|[of] p1a: Amoonguss\n|-resisted|p1a: Amoonguss\n|-crit|p1a: Amoonguss\n|-damage|p1a: Amoonguss|60\/100\n|-damage|p2b: Urshifu|51\/100|[from] item: Rocky Helmet|[of] p1a: Amoonguss\n|-hitcount|p1a: Amoonguss|3\n|move|p1b: Pelipper|Hurricane|p2b: Urshifu\n|-supereffective|p2b: Urshifu\n|-damage|p2b: Urshifu|0 fnt\n|faint|p2b: Urshifu\n|-damage|p1b: Pelipper|91\/100|[from] item: Life Orb\n|\n|win|lichuweijixi\n|raw|lichuweijixi's rating: 1560 &rarr; <strong>1581<\/strong><br \/>(+21 for winning)\n|raw|SeaWolfMikess's rating: 1579 &rarr; <strong>1558<\/strong><br \/>(-21 for losing)\n|l|\u2606SeaWolfMikess\n|player|p2|\n|l| Therazer456\n|l| suaveboat\n|l|\u2606lichuweijixi\n|player|p1|\n","uploadtime":1735175395,"views":424,"formatid":"gen9vgc2025regg","rating":1558,"private":0,"password":null}