{"id":"gen9vgc2025regg-2269924321","format":"[Gen 9] VGC 2025 Reg G","players":["Doc_MrMega","Djjwjwwjj"],"log":"|j|\u2606Doc_MrMega\n|j|\u2606Djjwjwwjj\n|t:|1735227845\n|gametype|doubles\n|player|p1|Doc_MrMega|lucas|1545\n|player|p2|Djjwjwwjj|red|1618\n|teamsize|p1|6\n|teamsize|p2|6\n|gen|9\n|tier|[Gen 9] VGC 2025 Reg G\n|rated|\n|rule|Species Clause: Limit one of each Pok\u00e9mon\n|rule|Item Clause: Limit 1 of each item\n|clearpoke\n|poke|p1|Calyrex-Shadow, L50|\n|poke|p1|Tornadus, L50, M|\n|poke|p1|Ogerpon-Hearthflame, L50, F|\n|poke|p1|Rillaboom, L50, M|\n|poke|p1|Urshifu-*, L50, F|\n|poke|p1|Kingambit, L50, M|\n|poke|p2|Incineroar, L50, F|\n|poke|p2|Sinistcha, L50|\n|poke|p2|Grimmsnarl, L50, M|\n|poke|p2|Miraidon, L50|\n|poke|p2|Landorus, L50, M|\n|poke|p2|Urshifu-*, L50, M|\n|teampreview|4\n|inactive|Battle timer is ON: inactive players will automatically lose when time's up. (requested by Djjwjwwjj)\n|\n|t:|1735227871\n|start\n|switch|p1a: Calyrex|Calyrex-Shadow, L50|100\/100\n|switch|p1b: Ogerpon|Ogerpon-Hearthflame, L50, F|100\/100\n|switch|p2a: Miraidon|Miraidon, L50|100\/100\n|switch|p2b: Grimmsnarl|Grimmsnarl, L50, M|100\/100\n|-ability|p1a: Calyrex|As One\n|-ability|p1a: Calyrex|Unnerve\n|-fieldstart|move: Electric Terrain|[from] ability: Hadron Engine|[of] p2a: Miraidon\n|-ability|p1b: Ogerpon|Mold Breaker\n|turn|1\n|\n|t:|1735227890\n|-terastallize|p1b: Ogerpon|Fire\n|detailschange|p1b: Ogerpon|Ogerpon-Hearthflame-Tera, L50, F, tera:Fire\n|-ability|p1b: Ogerpon|Embody Aspect (Hearthflame)|boost\n|-boost|p1b: Ogerpon|atk|1\n|move|p2b: Grimmsnarl|Thunder Wave|p1a: Calyrex\n|-status|p1a: Calyrex|par\n|move|p2a: Miraidon|Calm Mind|p2a: Miraidon\n|-boost|p2a: Miraidon|spa|1\n|-boost|p2a: Miraidon|spd|1\n|move|p1b: Ogerpon|Ivy Cudgel|p2a: Miraidon|[anim] Ivy Cudgel Fire\n|-resisted|p2a: Miraidon\n|-damage|p2a: Miraidon|52\/100\n|cant|p1a: Calyrex|par\n|\n|upkeep\n|turn|2\n|inactive|Djjwjwwjj has 30 seconds left.\n|\n|t:|1735227923\n|move|p2b: Grimmsnarl|Parting Shot|p1b: Ogerpon\n|-unboost|p1b: Ogerpon|atk|1\n|-unboost|p1b: Ogerpon|spa|1\n|\n|t:|1735227926\n|switch|p2b: Incineroar|Incineroar, L50, F|100\/100|[from] Parting Shot\n|-ability|p2b: Incineroar|Intimidate|boost\n|-unboost|p1a: Calyrex|atk|1\n|-unboost|p1b: Ogerpon|atk|1\n|move|p2a: Miraidon|Parabolic Charge|p1a: Calyrex|[spread] p2b,p1a,p1b\n|-damage|p2b: Incineroar|63\/100\n|-heal|p2a: Miraidon|71\/100|[from] drain|[of] p2b: Incineroar\n|-damage|p1a: Calyrex|37\/100 par\n|-heal|p2a: Miraidon|99\/100|[from] drain|[of] p1a: Calyrex\n|-damage|p1b: Ogerpon|40\/100\n|-heal|p2a: Miraidon|100\/100|[from] drain|[of] p1b: Ogerpon\n|move|p1b: Ogerpon|Ivy Cudgel|p2a: Miraidon|[anim] Ivy Cudgel Fire\n|-resisted|p2a: Miraidon\n|-damage|p2a: Miraidon|76\/100\n|move|p1a: Calyrex|Astral Barrage|p2b: Incineroar|[spread] p2a,p2b\n|-resisted|p2b: Incineroar\n|-damage|p2a: Miraidon|40\/100\n|-damage|p2b: Incineroar|43\/100\n|-damage|p1a: Calyrex|27\/100 par|[from] item: Life Orb\n|\n|upkeep\n|turn|3\n|inactive|Doc_MrMega has 30 seconds left.\n|inactive|Djjwjwwjj has 30 seconds left.\n|inactive|Doc_MrMega has 20 seconds left.\n|inactive|Djjwjwwjj has 20 seconds left.\n|inactive|Doc_MrMega has 15 seconds left.\n|inactive|Doc_MrMega has 10 seconds left.\n|\n|t:|1735227971\n|switch|p1a: Rillaboom|Rillaboom, L50, M|100\/100\n|-fieldstart|move: Grassy Terrain|[from] ability: Grassy Surge|[of] p1a: Rillaboom\n|switch|p2b: Sinistcha|Sinistcha, L50|100\/100\n|-heal|p2a: Miraidon|65\/100|[from] ability: Hospitality|[of] p2b: Sinistcha\n|move|p2a: Miraidon|Parabolic Charge|p1a: Rillaboom|[spread] p2b,p1a,p1b\n|-resisted|p2b: Sinistcha\n|-resisted|p1a: Rillaboom\n|-damage|p2b: Sinistcha|84\/100\n|-heal|p2a: Miraidon|73\/100|[from] drain|[of] p2b: Sinistcha\n|-damage|p1a: Rillaboom|87\/100\n|-heal|p2a: Miraidon|79\/100|[from] drain|[of] p1a: Rillaboom\n|-damage|p1b: Ogerpon|4\/100\n|-heal|p2a: Miraidon|95\/100|[from] drain|[of] p1b: Ogerpon\n|move|p1b: Ogerpon|Ivy Cudgel|p2a: Miraidon|[anim] Ivy Cudgel Fire\n|-resisted|p2a: Miraidon\n|-crit|p2a: Miraidon\n|-damage|p2a: Miraidon|48\/100\n|\n|-heal|p2a: Miraidon|54\/100|[from] Grassy Terrain\n|-heal|p1b: Ogerpon|10\/100|[from] Grassy Terrain\n|-heal|p1a: Rillaboom|93\/100|[from] Grassy Terrain\n|-heal|p2b: Sinistcha|90\/100|[from] Grassy Terrain\n|upkeep\n|turn|4\n|inactive|Doc_MrMega has 30 seconds left.\n|inactive|Djjwjwwjj has 30 seconds left.\n|inactive|Doc_MrMega has 20 seconds left.\n|inactive|Doc_MrMega has 15 seconds left.\n|inactive|Doc_MrMega has 10 seconds left.\n|\n|t:|1735228019\n|switch|p1b: Urshifu|Urshifu-Rapid-Strike, L50, F|100\/100\n|switch|p2b: Incineroar|Incineroar, L50, F|43\/100\n|-ability|p2b: Incineroar|Intimidate|boost\n|-unboost|p1a: Rillaboom|atk|1\n|-unboost|p1b: Urshifu|atk|1\n|move|p2a: Miraidon|Parabolic Charge|p1b: Urshifu|[spread] p2b,p1a,p1b\n|-resisted|p1a: Rillaboom\n|-supereffective|p1b: Urshifu\n|-damage|p2b: Incineroar|21\/100\n|-heal|p2a: Miraidon|65\/100|[from] drain|[of] p2b: Incineroar\n|-damage|p1a: Rillaboom|81\/100\n|-heal|p2a: Miraidon|71\/100|[from] drain|[of] p1a: Rillaboom\n|-damage|p1b: Urshifu|0 fnt\n|-heal|p2a: Miraidon|100\/100|[from] drain|[of] p1b: Urshifu\n|faint|p1b: Urshifu\n|move|p1a: Rillaboom|U-turn|p2a: Miraidon\n|-damage|p2a: Miraidon|88\/100\n|j| sujisuji\n|\n|t:|1735228038\n|switch|p1a: Calyrex|Calyrex-Shadow, L50|27\/100 par|[from] U-turn\n|-ability|p1a: Calyrex|As One\n|-ability|p1a: Calyrex|Unnerve\n|\n|-heal|p2a: Miraidon|94\/100|[from] Grassy Terrain\n|-heal|p1a: Calyrex|33\/100 par|[from] Grassy Terrain\n|-heal|p2b: Incineroar|27\/100|[from] Grassy Terrain\n|upkeep\n|\n|t:|1735228040\n|switch|p1b: Rillaboom|Rillaboom, L50, M|81\/100\n|turn|5\n|\n|t:|1735228056\n|switch|p2b: Grimmsnarl|Grimmsnarl, L50, M|100\/100\n|move|p1b: Rillaboom|Fake Out|p2a: Miraidon\n|-damage|p2a: Miraidon|81\/100\n|move|p2a: Miraidon|Dragon Pulse|p1a: Calyrex\n|-damage|p1a: Calyrex|0 fnt\n|faint|p1a: Calyrex\n|\n|-heal|p2a: Miraidon|87\/100|[from] Grassy Terrain\n|-heal|p1b: Rillaboom|87\/100|[from] Grassy Terrain\n|upkeep\n|-message|Doc_MrMega forfeited.\n|\n|win|Djjwjwwjj\n|raw|Doc_MrMega's rating: 1545 &rarr; <strong>1529<\/strong><br \/>(-16 for losing)\n|raw|Djjwjwwjj's rating: 1618 &rarr; <strong>1634<\/strong><br \/>(+16 for winning)\n|l|\u2606Doc_MrMega\n|player|p1|\n|l|\u2606Djjwjwwjj\n|player|p2|\n","uploadtime":1735228332,"views":389,"formatid":"gen9vgc2025regg","rating":1529,"private":0,"password":null}