{"id":"gen9vgc2025regg-2269933846","format":"[Gen 9] VGC 2025 Reg G","players":["Artyculate","Djjwjwwjj"],"log":"|j|\u2606Artyculate\n|j|\u2606Djjwjwwjj\n|t:|1735229142\n|gametype|doubles\n|player|p1|Artyculate|pokekid|1549\n|player|p2|Djjwjwwjj|red|1669\n|teamsize|p1|6\n|teamsize|p2|6\n|gen|9\n|tier|[Gen 9] VGC 2025 Reg G\n|rated|\n|rule|Species Clause: Limit one of each Pok\u00e9mon\n|rule|Item Clause: Limit 1 of each item\n|clearpoke\n|poke|p1|Incineroar, L50, M|\n|poke|p1|Miraidon, L50|\n|poke|p1|Annihilape, L50, M|\n|poke|p1|Whimsicott, L50, F|\n|poke|p1|Archaludon, L50, F|\n|poke|p1|Ninetales-Alola, L50, F|\n|poke|p2|Incineroar, L50, M|\n|poke|p2|Sinistcha, L50|\n|poke|p2|Grimmsnarl, L50, M|\n|poke|p2|Miraidon, L50|\n|poke|p2|Landorus, L50, M|\n|poke|p2|Urshifu-*, L50, M|\n|teampreview|4\n|inactive|Battle timer is ON: inactive players will automatically lose when time's up. (requested by Djjwjwwjj)\n|inactive|Artyculate also wants the timer to be on.\n|l|\u2606Djjwjwwjj\n|inactive|Djjwjwwjj disconnected and has a minute to reconnect!\n|player|p2|\n|j|\u2606Djjwjwwjj\n|inactive|Djjwjwwjj reconnected and has 70 seconds left.\n|player|p2|Djjwjwwjj|red|\n|inactive|Artyculate has 60 seconds left.\n|inactive|Djjwjwwjj has 60 seconds left.\n|inactive|Djjwjwwjj has 30 seconds left.\n|inactive|Djjwjwwjj has 20 seconds left.\n|\n|t:|1735229216\n|start\n|switch|p1a: Miraidon|Miraidon, L50|100\/100\n|switch|p1b: Ninetales|Ninetales-Alola, L50, F|100\/100\n|switch|p2a: Landorus|Landorus, L50, M|100\/100\n|switch|p2b: Grimmsnarl|Grimmsnarl, L50, M|100\/100\n|-fieldstart|move: Electric Terrain|[from] ability: Hadron Engine|[of] p1a: Miraidon\n|-weather|Snow|[from] ability: Snow Warning|[of] p1b: Ninetales\n|turn|1\n|inactive|Djjwjwwjj has 30 seconds left.\n|inactive|Djjwjwwjj has 20 seconds left.\n|\n|t:|1735229255\n|-terastallize|p1a: Miraidon|Fairy\n|-terastallize|p2a: Landorus|Steel\n|move|p2b: Grimmsnarl|Thunder Wave|p1b: Ninetales\n|-status|p1b: Ninetales|par\n|move|p1a: Miraidon|Dazzling Gleam|p2b: Grimmsnarl|[spread] p2a,p2b\n|-resisted|p2a: Landorus\n|-supereffective|p2b: Grimmsnarl\n|-damage|p2a: Landorus|60\/100\n|-damage|p2b: Grimmsnarl|0 fnt\n|faint|p2b: Grimmsnarl\n|move|p2a: Landorus|Earth Power|p1a: Miraidon\n|-damage|p1a: Miraidon|36\/100\n|move|p1b: Ninetales|Aurora Veil|p1b: Ninetales\n|-sidestart|p1: Artyculate|move: Aurora Veil\n|\n|-weather|Snow|[upkeep]\n|upkeep\n|\n|t:|1735229273\n|switch|p2b: Miraidon|Miraidon, L50|100\/100\n|-activate|p2b: Miraidon|ability: Hadron Engine\n|turn|2\n|\n|t:|1735229287\n|switch|p1a: Incineroar|Incineroar, L50, M|100\/100\n|-ability|p1a: Incineroar|Intimidate|boost\n|-unboost|p2a: Landorus|atk|1\n|-unboost|p2b: Miraidon|atk|1\n|move|p2b: Miraidon|Calm Mind|p2b: Miraidon\n|-boost|p2b: Miraidon|spa|1\n|-boost|p2b: Miraidon|spd|1\n|move|p2a: Landorus|Sludge Bomb|p1a: Incineroar\n|-damage|p1a: Incineroar|72\/100\n|move|p1b: Ninetales|Blizzard|p2a: Landorus|[spread] p2a,p2b\n|-resisted|p2a: Landorus\n|-supereffective|p2b: Miraidon\n|-damage|p2a: Landorus|44\/100\n|-damage|p2b: Miraidon|74\/100\n|\n|-weather|Snow|[upkeep]\n|upkeep\n|turn|3\n|inactive|Djjwjwwjj has 30 seconds left.\n|\n|t:|1735229316\n|move|p2a: Landorus|Protect|p2a: Landorus\n|-singleturn|p2a: Landorus|Protect\n|move|p1a: Incineroar|Fake Out|p2b: Miraidon\n|-damage|p2b: Miraidon|64\/100\n|move|p2b: Miraidon|Parabolic Charge|p1b: Ninetales|[spread] p1a,p1b\n|-activate|p2a: Landorus|move: Protect\n|-damage|p1a: Incineroar|29\/100\n|-heal|p2b: Miraidon|84\/100|[from] drain|[of] p1a: Incineroar\n|-damage|p1b: Ninetales|58\/100 par\n|-heal|p2b: Miraidon|100\/100|[from] drain|[of] p1b: Ninetales\n|move|p1b: Ninetales|Baton Pass|p1b: Ninetales\n|\n|t:|1735229330\n|switch|p1b: Whimsicott|Whimsicott, L50, F|100\/100|[from] Baton Pass\n|\n|-weather|Snow|[upkeep]\n|upkeep\n|turn|4\n|j| readabooks\n|\n|t:|1735229352\n|move|p1b: Whimsicott|Encore|p2a: Landorus\n|-start|p2a: Landorus|Encore\n|move|p2b: Miraidon|Parabolic Charge|p1a: Incineroar|[spread] p2a,p1a,p1b\n|-resisted|p1b: Whimsicott\n|-damage|p2a: Landorus|0 fnt\n|-damage|p1a: Incineroar|0 fnt\n|-damage|p1b: Whimsicott|64\/100\n|faint|p2a: Landorus\n|faint|p1a: Incineroar\n|\n|-weather|Snow|[upkeep]\n|upkeep\n|\n|t:|1735229362\n|switch|p2a: Sinistcha|Sinistcha, L50|100\/100\n|switch|p1a: Miraidon|Miraidon, L50, tera:Fairy|36\/100\n|-activate|p1a: Miraidon|ability: Hadron Engine\n|turn|5\n|\n|t:|1735229372\n|move|p2a: Sinistcha|Rage Powder|p2a: Sinistcha\n|-singleturn|p2a: Sinistcha|move: Rage Powder\n|move|p1b: Whimsicott|Tailwind|p1b: Whimsicott\n|-sidestart|p1: Artyculate|move: Tailwind\n|move|p1a: Miraidon|Dazzling Gleam|p2a: Sinistcha|[spread] p2a,p2b\n|-supereffective|p2b: Miraidon\n|-damage|p2a: Sinistcha|42\/100\n|-damage|p2b: Miraidon|30\/100\n|move|p2b: Miraidon|Parabolic Charge|p1a: Miraidon|[spread] p2a,p1a,p1b\n|-resisted|p2a: Sinistcha\n|-resisted|p1b: Whimsicott\n|-crit|p1b: Whimsicott\n|-damage|p2a: Sinistcha|11\/100\n|-heal|p2b: Miraidon|43\/100|[from] drain|[of] p2a: Sinistcha\n|-damage|p1a: Miraidon|0 fnt\n|-heal|p2b: Miraidon|58\/100|[from] drain|[of] p1a: Miraidon\n|-damage|p1b: Whimsicott|0 fnt\n|-heal|p2b: Miraidon|79\/100|[from] drain|[of] p1b: Whimsicott\n|faint|p1a: Miraidon\n|faint|p1b: Whimsicott\n|\n|-weather|none\n|-fieldend|move: Electric Terrain\n|upkeep\n|\n|t:|1735229388\n|switch|p1a: Ninetales|Ninetales-Alola, L50, F|58\/100 par\n|-weather|Snow|[from] ability: Snow Warning|[of] p1a: Ninetales\n|turn|6\n|\n|t:|1735229398\n|move|p2a: Sinistcha|Rage Powder|p2a: Sinistcha\n|-singleturn|p2a: Sinistcha|move: Rage Powder\n|move|p2b: Miraidon|Parabolic Charge|p1a: Ninetales|[spread] p2a,p1a\n|-resisted|p2a: Sinistcha\n|-damage|p2a: Sinistcha|0 fnt\n|-heal|p2b: Miraidon|84\/100|[from] drain|[of] p2a: Sinistcha\n|-damage|p1a: Ninetales|31\/100 par\n|-heal|p2b: Miraidon|96\/100|[from] drain|[of] p1a: Ninetales\n|faint|p2a: Sinistcha\n|move|p1a: Ninetales|Blizzard|p2b: Miraidon\n|-supereffective|p2b: Miraidon\n|-damage|p2b: Miraidon|60\/100\n|\n|-weather|Snow|[upkeep]\n|upkeep\n|turn|7\n|j| haruka&slowpoke\n|\n|t:|1735229413\n|move|p2b: Miraidon|Parabolic Charge|p1a: Ninetales\n|-damage|p1a: Ninetales|0 fnt\n|-heal|p2b: Miraidon|74\/100|[from] drain|[of] p1a: Ninetales\n|faint|p1a: Ninetales\n|\n|win|Djjwjwwjj\n|raw|Artyculate's rating: 1549 &rarr; <strong>1536<\/strong><br \/>(-13 for losing)\n|raw|Djjwjwwjj's rating: 1669 &rarr; <strong>1682<\/strong><br \/>(+13 for winning)\n|l| readabooks\n|l|\u2606Djjwjwwjj\n|player|p2|\n|l|\u2606Artyculate\n|player|p1|\n","uploadtime":1735229585,"views":22,"formatid":"gen9vgc2025regg","rating":1536,"private":0,"password":null}