{"id":"gen9vgc2025regg-2269584464","format":"[Gen 9] VGC 2025 Reg G","players":["Iamsliverfish","Emirnent"],"log":"|j|\u2606Iamsliverfish\n|j|\u2606Emirnent\n|t:|1735166067\n|gametype|doubles\n|player|p1|Iamsliverfish|hiker-gen4|1531\n|player|p2|Emirnent|1|1593\n|teamsize|p1|6\n|teamsize|p2|6\n|gen|9\n|tier|[Gen 9] VGC 2025 Reg G\n|rated|\n|rule|Species Clause: Limit one of each Pok\u00e9mon\n|rule|Item Clause: Limit 1 of each item\n|clearpoke\n|poke|p1|Calyrex-Shadow, L50|\n|poke|p1|Ursaluna, L50, M|\n|poke|p1|Indeedee-F, L50, F|\n|poke|p1|Ogerpon-Wellspring, L50, F|\n|poke|p1|Tornadus, L50, M|\n|poke|p1|Chi-Yu, L50|\n|poke|p2|Whimsicott, L50, M|\n|poke|p2|Kyogre, L50|\n|poke|p2|Urshifu-*, L50, F|\n|poke|p2|Terrakion, L50|\n|poke|p2|Archaludon, L50, M|\n|poke|p2|Tsareena, L50, F|\n|teampreview|4\n|inactive|Battle timer is ON: inactive players will automatically lose when time's up. (requested by Emirnent)\n|j| Hydrion\n|inactive|Emirnent has 60 seconds left.\n|inactive|Iamsliverfish has 60 seconds left.\n|\n|t:|1735166126\n|start\n|switch|p1a: Tornadus|Tornadus, L50, M|100\/100\n|switch|p1b: Calyrex|Calyrex-Shadow, L50|100\/100\n|switch|p2a: Kyogre|Kyogre, L50|100\/100\n|switch|p2b: Whimsicott|Whimsicott, L50, M|100\/100\n|-ability|p1b: Calyrex|As One\n|-ability|p1b: Calyrex|Unnerve\n|-weather|RainDance|[from] ability: Drizzle|[of] p2a: Kyogre\n|turn|1\n|\n|t:|1735166148\n|switch|p1b: Ogerpon|Ogerpon-Wellspring, L50, F|100\/100\n|-terastallize|p2a: Kyogre|Water\n|move|p2b: Whimsicott|Tailwind|p2b: Whimsicott\n|-sidestart|p2: Emirnent|move: Tailwind\n|move|p1a: Tornadus|Tailwind|p1a: Tornadus\n|-sidestart|p1: Iamsliverfish|move: Tailwind\n|move|p2a: Kyogre|Water Spout|p1a: Tornadus|[spread] p1a\n|-immune|p1b: Ogerpon|[from] ability: Water Absorb\n|-damage|p1a: Tornadus|0 fnt\n|faint|p1a: Tornadus\n|\n|-weather|RainDance|[upkeep]\n|upkeep\n|\n|t:|1735166152\n|switch|p1a: Calyrex|Calyrex-Shadow, L50|100\/100\n|-ability|p1a: Calyrex|As One\n|-ability|p1a: Calyrex|Unnerve\n|turn|2\n|j| Frankieblueeyes\n|\n|t:|1735166158\n|switch|p1a: Indeedee|Indeedee-F, L50, F|100\/100\n|-fieldstart|move: Psychic Terrain|[from] ability: Psychic Surge|[of] p1a: Indeedee\n|switch|p2b: Archaludon|Archaludon, L50, M|100\/100\n|move|p2a: Kyogre|Water Spout|p1a: Indeedee|[spread] p1a\n|-immune|p1b: Ogerpon|[from] ability: Water Absorb\n|-damage|p1a: Indeedee|0 fnt\n|faint|p1a: Indeedee\n|move|p1b: Ogerpon|Horn Leech|p2a: Kyogre\n|-supereffective|p2a: Kyogre\n|-damage|p2a: Kyogre|11\/100\n|\n|-weather|RainDance|[upkeep]\n|upkeep\n|\n|t:|1735166161\n|switch|p1a: Calyrex|Calyrex-Shadow, L50|100\/100\n|-ability|p1a: Calyrex|As One\n|-ability|p1a: Calyrex|Unnerve\n|turn|3\n|inactive|Emirnent has 30 seconds left.\n|inactive|Emirnent has 20 seconds left.\n|inactive|Emirnent has 15 seconds left.\n|inactive|Emirnent has 10 seconds left.\n|\n|t:|1735166211\n|switch|p2a: Whimsicott|Whimsicott, L50, M|100\/100\n|-terastallize|p1a: Calyrex|Ground\n|move|p1a: Calyrex|Tera Blast|p2b: Archaludon|[anim] Tera Blast Ground\n|-supereffective|p2b: Archaludon\n|-damage|p2b: Archaludon|4\/100\n|-ability|p2b: Archaludon|Stamina|boost\n|-boost|p2b: Archaludon|def|1\n|-damage|p1a: Calyrex|91\/100|[from] item: Life Orb\n|move|p1b: Ogerpon|Horn Leech|p2a: Whimsicott\n|-resisted|p2a: Whimsicott\n|-damage|p2a: Whimsicott|70\/100\n|move|p2b: Archaludon|Electro Shot||[still]\n|-prepare|p2b: Archaludon|Electro Shot\n|-boost|p2b: Archaludon|spa|1\n|-anim|p2b: Archaludon|Electro Shot|p1b: Ogerpon\n|-crit|p1b: Ogerpon\n|-damage|p1b: Ogerpon|15\/100\n|\n|-weather|RainDance|[upkeep]\n|upkeep\n|turn|4\n|inactive|Emirnent has 30 seconds left.\n|inactive|Emirnent has 20 seconds left.\n|inactive|Emirnent has 15 seconds left.\n|inactive|Emirnent has 10 seconds left.\n|inactive|Emirnent has 5 seconds left.\n|\n|t:|1735166266\n|move|p1a: Calyrex|Astral Barrage|p2a: Whimsicott|[spread] p2a,p2b\n|-damage|p2a: Whimsicott|0 fnt\n|-damage|p2b: Archaludon|0 fnt\n|faint|p2a: Whimsicott\n|faint|p2b: Archaludon\n|-ability|p1a: Calyrex|Grim Neigh|boost\n|-boost|p1a: Calyrex|spa|2\n|-damage|p1a: Calyrex|81\/100|[from] item: Life Orb\n|move|p1b: Ogerpon|Horn Leech|p2: Whimsicott|[notarget]\n|-fail|p1b: Ogerpon\n|\n|-weather|RainDance|[upkeep]\n|-sideend|p2: Emirnent|move: Tailwind\n|-sideend|p1: Iamsliverfish|move: Tailwind\n|upkeep\n|\n|t:|1735166270\n|switch|p2a: Kyogre|Kyogre, L50, tera:Water|11\/100\n|switch|p2b: Urshifu|Urshifu-Rapid-Strike, L50, F|100\/100\n|turn|5\n|\n|t:|1735166281\n|move|p1a: Calyrex|Protect|p1a: Calyrex\n|-singleturn|p1a: Calyrex|Protect\n|move|p2a: Kyogre|Origin Pulse|p1a: Calyrex|[spread] \n|-activate|p1a: Calyrex|move: Protect\n|-heal|p1b: Ogerpon|39\/100|[from] ability: Water Absorb|[of] p2a: Kyogre\n|move|p2b: Urshifu|U-turn|p1b: Ogerpon\n|-supereffective|p1b: Ogerpon\n|-damage|p1b: Ogerpon|0 fnt\n|faint|p1b: Ogerpon\n|\n|-weather|none\n|upkeep\n|turn|6\n|\n|t:|1735166290\n|move|p2a: Kyogre|Origin Pulse|p1a: Calyrex|[miss]\n|-miss|p2a: Kyogre|p1a: Calyrex\n|move|p1a: Calyrex|Expanding Force|p2b: Urshifu|[spread] p2a,p2b\n|-supereffective|p2b: Urshifu\n|-damage|p2a: Kyogre|0 fnt\n|-damage|p2b: Urshifu|0 fnt\n|faint|p2a: Kyogre\n|faint|p2b: Urshifu\n|-damage|p1a: Calyrex|71\/100|[from] item: Life Orb\n|\n|win|Iamsliverfish\n|raw|Iamsliverfish's rating: 1531 &rarr; <strong>1555<\/strong><br \/>(+24 for winning)\n|raw|Emirnent's rating: 1593 &rarr; <strong>1569<\/strong><br \/>(-24 for losing)\n|l|\u2606Iamsliverfish\n|player|p1|\n|l|\u2606Emirnent\n|player|p2|\n","uploadtime":1735166512,"views":409,"formatid":"gen9vgc2025regg","rating":1555,"private":0,"password":null}