{"id":"gen9vgc2025regg-2269151484","format":"[Gen 9] VGC 2025 Reg G","players":["tokumeitn","Not100It's50"],"log":"|j|\u2606tokumeitn\n|j|\u2606Not100It's50\n|t:|1735091251\n|gametype|doubles\n|player|p1|tokumeitn|169|1554\n|player|p2|Not100It's50|may-masters2|1608\n|teamsize|p1|6\n|teamsize|p2|6\n|gen|9\n|tier|[Gen 9] VGC 2025 Reg G\n|rated|\n|rule|Species Clause: Limit one of each Pok\u00e9mon\n|rule|Item Clause: Limit 1 of each item\n|clearpoke\n|poke|p1|Groudon, L50|\n|poke|p1|Raging Bolt, L50|\n|poke|p1|Flutter Mane, L50|\n|poke|p1|Chien-Pao, L50|\n|poke|p1|Volcarona, L50, M|\n|poke|p1|Urshifu-*, L50, F|\n|poke|p2|Groudon, L50|\n|poke|p2|Armarouge, L50, F|\n|poke|p2|Indeedee-F, L50, F|\n|poke|p2|Flutter Mane, L50|\n|poke|p2|Raging Bolt, L50|\n|poke|p2|Ogerpon-Hearthflame, L50, F|\n|teampreview|4\n|inactive|Battle timer is ON: inactive players will automatically lose when time's up. (requested by Not100It's50)\n|inactive|tokumeitn has 60 seconds left.\n|inactive|Not100It's50 has 60 seconds left.\n|\n|t:|1735091295\n|start\n|switch|p1a: Groudon|Groudon, L50|100\/100\n|switch|p1b: Flutter Mane|Flutter Mane, L50|100\/100\n|switch|p2a: Hades|Groudon, L50|100\/100\n|switch|p2b: Artemis|Flutter Mane, L50|100\/100\n|-weather|SunnyDay|[from] ability: Drought|[of] p1a: Groudon\n|-activate|p2b: Artemis|ability: Protosynthesis\n|-start|p2b: Artemis|protosynthesisspe\n|-activate|p1b: Flutter Mane|ability: Protosynthesis\n|-start|p1b: Flutter Mane|protosynthesisspe\n|turn|1\n|\n|t:|1735091313\n|-terastallize|p2b: Artemis|Fairy\n|move|p2b: Artemis|Dazzling Gleam|p1a: Groudon|[spread] p1a,p1b\n|-damage|p1a: Groudon|64\/100\n|-damage|p1b: Flutter Mane|54\/100\n|move|p1b: Flutter Mane|Icy Wind|p2b: Artemis|[spread] p2a,p2b\n|-supereffective|p2a: Hades\n|-damage|p2a: Hades|66\/100\n|-damage|p2b: Artemis|78\/100\n|-unboost|p2b: Artemis|spe|1\n|move|p1a: Groudon|Precipice Blades|p2a: Hades|[spread] p2a,p2b\n|-damage|p2a: Hades|34\/100\n|-damage|p2b: Artemis|0 fnt\n|faint|p2b: Artemis\n|-end|p2b: Artemis|Protosynthesis|[silent]\n|move|p2a: Hades|Precipice Blades|p1b: Flutter Mane|[spread] p1a,p1b\n|-crit|p1b: Flutter Mane\n|-damage|p1a: Groudon|30\/100\n|-damage|p1b: Flutter Mane|0 fnt\n|faint|p1b: Flutter Mane\n|-end|p1b: Flutter Mane|Protosynthesis|[silent]\n|\n|-weather|SunnyDay|[upkeep]\n|upkeep\n|\n|t:|1735091333\n|switch|p2b: Ares|Ogerpon-Hearthflame, L50, F|100\/100\n|switch|p1b: Chien-Pao|Chien-Pao, L50|100\/100\n|-ability|p1b: Chien-Pao|Sword of Ruin\n|-ability|p2b: Ares|Mold Breaker\n|turn|2\n|inactive|tokumeitn has 30 seconds left.\n|inactive|Not100It's50 has 30 seconds left.\n|\n|t:|1735091364\n|move|p2a: Hades|Protect|p2a: Hades\n|-singleturn|p2a: Hades|Protect\n|move|p1b: Chien-Pao|Ice Spinner|p2b: Ares\n|-damage|p2b: Ares|0 fnt\n|faint|p2b: Ares\n|-damage|p1b: Chien-Pao|91\/100|[from] item: Life Orb\n|move|p1a: Groudon|Precipice Blades|p2a: Hades\n|-activate|p2a: Hades|move: Protect\n|\n|-weather|SunnyDay|[upkeep]\n|upkeep\n|\n|t:|1735091366\n|switch|p2b: Zeus|Raging Bolt, L50|100\/100\n|-activate|p2b: Zeus|ability: Protosynthesis\n|-start|p2b: Zeus|protosynthesisspa\n|turn|3\n|\n|t:|1735091375\n|move|p2b: Zeus|Thunderclap|p1b: Chien-Pao\n|-damage|p1b: Chien-Pao|0 fnt\n|faint|p1b: Chien-Pao\n|move|p1a: Groudon|Precipice Blades|p2a: Hades|[spread] p2a,p2b\n|-supereffective|p2b: Zeus\n|-damage|p2a: Hades|1\/100\n|-damage|p2b: Zeus|16\/100\n|move|p2a: Hades|Precipice Blades|p1a: Groudon\n|-crit|p1a: Groudon\n|-damage|p1a: Groudon|0 fnt\n|faint|p1a: Groudon\n|\n|-weather|SunnyDay|[upkeep]\n|upkeep\n|\n|t:|1735091384\n|switch|p1b: Urshifu|Urshifu, L50, F|100\/100\n|turn|4\n|\n|t:|1735091396\n|move|p2b: Zeus|Thunderclap|p1b: Urshifu\n|-damage|p1b: Urshifu|21\/100\n|move|p1b: Urshifu|Wicked Blow|p2a: Hades\n|-crit|p2a: Hades\n|-damage|p2a: Hades|0 fnt\n|faint|p2a: Hades\n|\n|-weather|SunnyDay|[upkeep]\n|upkeep\n|turn|5\n|\n|t:|1735091402\n|-terastallize|p1b: Urshifu|Dark\n|move|p1b: Urshifu|Sucker Punch|p2b: Zeus\n|-damage|p2b: Zeus|0 fnt\n|faint|p2b: Zeus\n|-end|p2b: Zeus|Protosynthesis|[silent]\n|\n|win|tokumeitn\n|raw|tokumeitn's rating: 1554 &rarr; <strong>1577<\/strong><br \/>(+23 for winning)\n|raw|Not100It&apos;s50's rating: 1608 &rarr; <strong>1585<\/strong><br \/>(-23 for losing)\n|l|\u2606Not100It's50\n|player|p2|\n|l|\u2606tokumeitn\n|player|p1|\n","uploadtime":1735091618,"views":52,"formatid":"gen9vgc2025regg","rating":1577,"private":0,"password":null}