{"id":"gen9vgc2025regg-2269921237","format":"[Gen 9] VGC 2025 Reg G","players":["Doc_MrMega","Djjwjwwjj"],"log":"|j|\u2606Doc_MrMega\n|j|\u2606Djjwjwwjj\n|t:|1735227421\n|gametype|doubles\n|player|p1|Doc_MrMega|lucas|1545\n|player|p2|Djjwjwwjj|red|1630\n|teamsize|p1|6\n|teamsize|p2|6\n|gen|9\n|tier|[Gen 9] VGC 2025 Reg G\n|rated|\n|rule|Species Clause: Limit one of each Pok\u00e9mon\n|rule|Item Clause: Limit 1 of each item\n|clearpoke\n|poke|p1|Calyrex-Shadow, L50|\n|poke|p1|Tornadus, L50, M|\n|poke|p1|Ogerpon-Hearthflame, L50, F|\n|poke|p1|Rillaboom, L50, F|\n|poke|p1|Urshifu-*, L50, F|\n|poke|p1|Kingambit, L50, M|\n|poke|p2|Incineroar, L50, M|\n|poke|p2|Sinistcha, L50|\n|poke|p2|Grimmsnarl, L50, M|\n|poke|p2|Miraidon, L50|\n|poke|p2|Landorus, L50, M|\n|poke|p2|Urshifu-*, L50, M|\n|teampreview|4\n|inactive|Battle timer is ON: inactive players will automatically lose when time's up. (requested by Djjwjwwjj)\n|\n|t:|1735227442\n|start\n|switch|p1a: Calyrex|Calyrex-Shadow, L50|100\/100\n|switch|p1b: Ogerpon|Ogerpon-Hearthflame, L50, F|100\/100\n|switch|p2a: Grimmsnarl|Grimmsnarl, L50, M|100\/100\n|switch|p2b: Landorus|Landorus, L50, M|100\/100\n|-ability|p1a: Calyrex|As One\n|-ability|p1a: Calyrex|Unnerve\n|-ability|p1b: Ogerpon|Mold Breaker\n|turn|1\n|\n|t:|1735227459\n|switch|p2b: Incineroar|Incineroar, L50, M|100\/100\n|-ability|p2b: Incineroar|Intimidate|boost\n|-unboost|p1a: Calyrex|atk|1\n|-unboost|p1b: Ogerpon|atk|1\n|move|p1b: Ogerpon|Follow Me|p1b: Ogerpon\n|-singleturn|p1b: Ogerpon|move: Follow Me\n|move|p2a: Grimmsnarl|Light Screen|p2a: Grimmsnarl\n|-sidestart|p2: Djjwjwwjj|move: Light Screen\n|move|p1a: Calyrex|Nasty Plot|p1a: Calyrex\n|-boost|p1a: Calyrex|spa|2\n|\n|upkeep\n|turn|2\n|inactive|Djjwjwwjj has 30 seconds left.\n|\n|t:|1735227488\n|-terastallize|p1a: Calyrex|Fairy\n|move|p2a: Grimmsnarl|Reflect|p2a: Grimmsnarl\n|-sidestart|p2: Djjwjwwjj|Reflect\n|move|p1a: Calyrex|Nasty Plot|p1a: Calyrex\n|-boost|p1a: Calyrex|spa|2\n|move|p1b: Ogerpon|Ivy Cudgel|p2a: Grimmsnarl|[anim] Ivy Cudgel Fire\n|-damage|p2a: Grimmsnarl|73\/100\n|move|p2b: Incineroar|U-turn|p1a: Calyrex\n|-resisted|p1a: Calyrex\n|-damage|p1a: Calyrex|88\/100\n|\n|t:|1735227500\n|switch|p2b: Miraidon|Miraidon, L50|100\/100|[from] U-turn\n|-fieldstart|move: Electric Terrain|[from] ability: Hadron Engine|[of] p2b: Miraidon\n|\n|upkeep\n|turn|3\n|\n|t:|1735227511\n|switch|p1b: Rillaboom|Rillaboom, L50, F|100\/100\n|-fieldstart|move: Grassy Terrain|[from] ability: Grassy Surge|[of] p1b: Rillaboom\n|move|p1a: Calyrex|Protect|p1a: Calyrex\n|-singleturn|p1a: Calyrex|Protect\n|move|p2a: Grimmsnarl|Thunder Wave|p1a: Calyrex\n|-activate|p1a: Calyrex|move: Protect\n|move|p2b: Miraidon|Calm Mind|p2b: Miraidon\n|-boost|p2b: Miraidon|spa|1\n|-boost|p2b: Miraidon|spd|1\n|\n|-heal|p1a: Calyrex|94\/100|[from] Grassy Terrain\n|-heal|p2a: Grimmsnarl|79\/100|[from] Grassy Terrain\n|upkeep\n|turn|4\n|\n|t:|1735227534\n|-terastallize|p2a: Grimmsnarl|Ghost\n|move|p1b: Rillaboom|Fake Out|p2a: Grimmsnarl\n|-immune|p2a: Grimmsnarl\n|move|p2a: Grimmsnarl|Thunder Wave|p1a: Calyrex\n|-status|p1a: Calyrex|par\n|move|p2b: Miraidon|Calm Mind|p2b: Miraidon\n|-boost|p2b: Miraidon|spa|1\n|-boost|p2b: Miraidon|spd|1\n|move|p1a: Calyrex|Astral Barrage|p2b: Miraidon|[spread] p2a,p2b\n|-supereffective|p2a: Grimmsnarl\n|-damage|p2a: Grimmsnarl|0 fnt\n|-damage|p2b: Miraidon|44\/100\n|faint|p2a: Grimmsnarl\n|-ability|p1a: Calyrex|Grim Neigh|boost\n|-boost|p1a: Calyrex|spa|1\n|-damage|p1a: Calyrex|84\/100 par|[from] item: Life Orb\n|\n|-heal|p2b: Miraidon|50\/100|[from] Grassy Terrain\n|-heal|p1a: Calyrex|90\/100 par|[from] Grassy Terrain\n|upkeep\n|inactive|Djjwjwwjj has 30 seconds left.\n|\n|t:|1735227568\n|switch|p2a: Landorus|Landorus, L50, M|100\/100\n|turn|5\n|\n|t:|1735227587\n|move|p1a: Calyrex|Protect|p1a: Calyrex\n|-singleturn|p1a: Calyrex|Protect\n|move|p2b: Miraidon|Parabolic Charge|p1b: Rillaboom|[spread] p1b\n|-activate|p1a: Calyrex|move: Protect\n|-immune|p2a: Landorus\n|-resisted|p1b: Rillaboom\n|-damage|p1b: Rillaboom|84\/100\n|-heal|p2b: Miraidon|58\/100|[from] drain|[of] p1b: Rillaboom\n|move|p2a: Landorus|Earth Power|p1b: Rillaboom\n|-resisted|p1b: Rillaboom\n|-damage|p1b: Rillaboom|62\/100\n|move|p1b: Rillaboom|U-turn|p2b: Miraidon\n|-damage|p2b: Miraidon|45\/100\n|\n|t:|1735227600\n|switch|p1b: Ogerpon|Ogerpon-Hearthflame, L50, F|100\/100|[from] U-turn\n|-ability|p1b: Ogerpon|Mold Breaker\n|\n|-heal|p2b: Miraidon|50\/100|[from] Grassy Terrain\n|-heal|p1a: Calyrex|96\/100 par|[from] Grassy Terrain\n|upkeep\n|turn|6\n|\n|t:|1735227621\n|move|p2a: Landorus|Protect|p2a: Landorus\n|-singleturn|p2a: Landorus|Protect\n|move|p1b: Ogerpon|Follow Me|p1b: Ogerpon\n|-singleturn|p1b: Ogerpon|move: Follow Me\n|move|p2b: Miraidon|Calm Mind|p2b: Miraidon\n|-boost|p2b: Miraidon|spa|1\n|-boost|p2b: Miraidon|spd|1\n|move|p1a: Calyrex|Draining Kiss|p2b: Miraidon\n|-supereffective|p2b: Miraidon\n|-damage|p2b: Miraidon|0 fnt\n|-heal|p1a: Calyrex|100\/100 par|[from] drain|[of] p2b: Miraidon\n|faint|p2b: Miraidon\n|-ability|p1a: Calyrex|Grim Neigh|boost\n|-boost|p1a: Calyrex|spa|1\n|-damage|p1a: Calyrex|91\/100 par|[from] item: Life Orb\n|\n|-heal|p1a: Calyrex|97\/100 par|[from] Grassy Terrain\n|upkeep\n|-message|Djjwjwwjj forfeited.\n|\n|win|Doc_MrMega\n|raw|Doc_MrMega's rating: 1545 &rarr; <strong>1570<\/strong><br \/>(+25 for winning)\n|raw|Djjwjwwjj's rating: 1630 &rarr; <strong>1605<\/strong><br \/>(-25 for losing)\n|l|\u2606Djjwjwwjj\n|player|p2|\n|l|\u2606Doc_MrMega\n|player|p1|\n","uploadtime":1735227775,"views":34,"formatid":"gen9vgc2025regg","rating":1570,"private":0,"password":null}