{"id":"gen9vgc2025regg-2269914665","format":"[Gen 9] VGC 2025 Reg G","players":["soap858","Djjwjwwjj"],"log":"|j|\u2606soap858\n|j|\u2606Djjwjwwjj\n|t:|1735226489\n|gametype|doubles\n|player|p1|soap858|101|1556\n|player|p2|Djjwjwwjj|red|1629\n|teamsize|p1|6\n|teamsize|p2|6\n|gen|9\n|tier|[Gen 9] VGC 2025 Reg G\n|rated|\n|rule|Species Clause: Limit one of each Pok\u00e9mon\n|rule|Item Clause: Limit 1 of each item\n|clearpoke\n|poke|p1|Lunala, L50|\n|poke|p1|Incineroar, L50, F|\n|poke|p1|Urshifu-*, L50, M|\n|poke|p1|Rillaboom, L50, F|\n|poke|p1|Regieleki, L50|\n|poke|p1|Porygon2, L50|\n|poke|p2|Incineroar, L50, F|\n|poke|p2|Sinistcha, L50|\n|poke|p2|Grimmsnarl, L50, M|\n|poke|p2|Miraidon, L50|\n|poke|p2|Landorus, L50, M|\n|poke|p2|Urshifu-*, L50, F|\n|teampreview|4\n|inactive|Battle timer is ON: inactive players will automatically lose when time's up. (requested by Djjwjwwjj)\n|inactive|soap858 has 60 seconds left.\n|inactive|soap858 has 30 seconds left.\n|inactive|soap858 has 20 seconds left.\n|inactive|soap858 has 15 seconds left.\n|\n|t:|1735226568\n|start\n|switch|p1a: Rillaboom|Rillaboom, L50, F|100\/100\n|switch|p1b: Urshifu|Urshifu-Rapid-Strike, L50, M|100\/100\n|switch|p2a: Incineroar|Incineroar, L50, F|100\/100\n|switch|p2b: Grimmsnarl|Grimmsnarl, L50, M|100\/100\n|-fieldstart|move: Grassy Terrain|[from] ability: Grassy Surge|[of] p1a: Rillaboom\n|-ability|p2a: Incineroar|Intimidate|boost\n|-unboost|p1a: Rillaboom|atk|1\n|-unboost|p1b: Urshifu|atk|1\n|turn|1\n|inactive|Djjwjwwjj has 30 seconds left.\n|\n|t:|1735226602\n|switch|p2a: Miraidon|Miraidon, L50|100\/100\n|-fieldstart|move: Electric Terrain|[from] ability: Hadron Engine|[of] p2a: Miraidon\n|-terastallize|p2b: Grimmsnarl|Ghost\n|move|p1a: Rillaboom|Fake Out|p2b: Grimmsnarl\n|-immune|p2b: Grimmsnarl\n|move|p2b: Grimmsnarl|Reflect|p2b: Grimmsnarl\n|-sidestart|p2: Djjwjwwjj|Reflect\n|move|p1b: Urshifu|Surging Strikes|p2b: Grimmsnarl\n|-crit|p2b: Grimmsnarl\n|-damage|p2b: Grimmsnarl|77\/100\n|-crit|p2b: Grimmsnarl\n|-damage|p2b: Grimmsnarl|51\/100\n|-crit|p2b: Grimmsnarl\n|-damage|p2b: Grimmsnarl|28\/100\n|-hitcount|p2b: Grimmsnarl|3\n|\n|upkeep\n|turn|2\n|inactive|soap858 has 30 seconds left.\n|inactive|Djjwjwwjj has 30 seconds left.\n|\n|t:|1735226628\n|move|p2b: Grimmsnarl|Light Screen|p2b: Grimmsnarl\n|-sidestart|p2: Djjwjwwjj|move: Light Screen\n|move|p2a: Miraidon|Calm Mind|p2a: Miraidon\n|-boost|p2a: Miraidon|spa|1\n|-boost|p2a: Miraidon|spd|1\n|move|p1b: Urshifu|Surging Strikes|p2b: Grimmsnarl\n|-crit|p2b: Grimmsnarl\n|-damage|p2b: Grimmsnarl|4\/100\n|-crit|p2b: Grimmsnarl\n|-damage|p2b: Grimmsnarl|0 fnt\n|faint|p2b: Grimmsnarl\n|-hitcount|p2: Grimmsnarl|2\n|move|p1a: Rillaboom|U-turn|p2a: Miraidon\n|-damage|p2a: Miraidon|91\/100\n|\n|t:|1735226632\n|switch|p1a: Lunala|Lunala, L50|100\/100|[from] U-turn\n|\n|upkeep\n|\n|t:|1735226647\n|switch|p2b: Incineroar|Incineroar, L50, F|100\/100\n|-ability|p2b: Incineroar|Intimidate|boost\n|-unboost|p1a: Lunala|atk|1\n|-unboost|p1b: Urshifu|atk|1\n|turn|3\n|\n|t:|1735226660\n|-terastallize|p1a: Lunala|Fairy\n|move|p2a: Miraidon|Dragon Pulse|p1b: Urshifu\n|-enditem|p1b: Urshifu|Focus Sash\n|-damage|p1b: Urshifu|1\/100\n|move|p1b: Urshifu|Surging Strikes|p2b: Incineroar\n|-supereffective|p2b: Incineroar\n|-crit|p2b: Incineroar\n|-damage|p2b: Incineroar|56\/100\n|-supereffective|p2b: Incineroar\n|-crit|p2b: Incineroar\n|-damage|p2b: Incineroar|10\/100\n|-supereffective|p2b: Incineroar\n|-crit|p2b: Incineroar\n|-damage|p2b: Incineroar|0 fnt\n|faint|p2b: Incineroar\n|-hitcount|p2: Incineroar|3\n|move|p1a: Lunala|Moonblast|p2a: Miraidon\n|-supereffective|p2a: Miraidon\n|-damage|p2a: Miraidon|55\/100\n|\n|upkeep\n|\n|t:|1735226678\n|switch|p2b: Sinistcha|Sinistcha, L50|100\/100\n|-heal|p2a: Miraidon|80\/100|[from] ability: Hospitality|[of] p2b: Sinistcha\n|turn|4\n|\n|t:|1735226691\n|switch|p1b: Rillaboom|Rillaboom, L50, F|100\/100\n|-fieldstart|move: Grassy Terrain|[from] ability: Grassy Surge|[of] p1b: Rillaboom\n|move|p2a: Miraidon|Calm Mind|p2a: Miraidon\n|-boost|p2a: Miraidon|spa|1\n|-boost|p2a: Miraidon|spd|1\n|move|p1a: Lunala|Calm Mind|p1a: Lunala\n|-boost|p1a: Lunala|spa|1\n|-boost|p1a: Lunala|spd|1\n|move|p2b: Sinistcha|Matcha Gotcha|p1b: Rillaboom|[spread] p1a,p1b\n|-resisted|p1b: Rillaboom\n|-damage|p1a: Lunala|92\/100\n|-damage|p1b: Rillaboom|89\/100\n|\n|-heal|p2a: Miraidon|86\/100|[from] Grassy Terrain\n|-heal|p1a: Lunala|99\/100|[from] Grassy Terrain\n|-heal|p1a: Lunala|100\/100|[from] item: Leftovers\n|-heal|p1b: Rillaboom|95\/100|[from] Grassy Terrain\n|upkeep\n|turn|5\n|\n|t:|1735226714\n|move|p1b: Rillaboom|Fake Out|p2a: Miraidon\n|-damage|p2a: Miraidon|79\/100\n|move|p2a: Miraidon|Calm Mind|p2a: Miraidon\n|-boost|p2a: Miraidon|spa|1\n|-boost|p2a: Miraidon|spd|1\n|move|p1a: Lunala|Moongeist Beam|p2b: Sinistcha\n|-supereffective|p2b: Sinistcha\n|-damage|p2b: Sinistcha|11\/100\n|move|p2b: Sinistcha|Matcha Gotcha|p1b: Rillaboom|[spread] p1a\n|-miss|p2b: Sinistcha|p1b: Rillaboom\n|-damage|p1a: Lunala|92\/100\n|-heal|p2b: Sinistcha|16\/100|[from] drain|[of] p1a: Lunala\n|\n|-heal|p2a: Miraidon|85\/100|[from] Grassy Terrain\n|-heal|p1a: Lunala|99\/100|[from] Grassy Terrain\n|-heal|p1a: Lunala|100\/100|[from] item: Leftovers\n|-heal|p1b: Rillaboom|100\/100|[from] Grassy Terrain\n|-heal|p2b: Sinistcha|22\/100|[from] Grassy Terrain\n|upkeep\n|turn|6\n|inactive|soap858 has 30 seconds left.\n|\n|t:|1735226747\n|move|p2b: Sinistcha|Protect|p2b: Sinistcha\n|-singleturn|p2b: Sinistcha|Protect\n|move|p2a: Miraidon|Calm Mind|p2a: Miraidon\n|-boost|p2a: Miraidon|spa|1\n|-boost|p2a: Miraidon|spd|1\n|move|p1a: Lunala|Moongeist Beam|p2b: Sinistcha\n|-activate|p2b: Sinistcha|move: Protect\n|move|p1b: Rillaboom|Wood Hammer|p2a: Miraidon\n|-resisted|p2a: Miraidon\n|-damage|p2a: Miraidon|64\/100\n|-damage|p1b: Rillaboom|94\/100|[from] Recoil\n|\n|-heal|p2a: Miraidon|70\/100|[from] Grassy Terrain\n|-heal|p1b: Rillaboom|99\/100|[from] Grassy Terrain\n|-heal|p2b: Sinistcha|28\/100|[from] Grassy Terrain\n|upkeep\n|turn|7\n|\n|t:|1735226770\n|move|p2b: Sinistcha|Protect||[still]\n|-fail|p2b: Sinistcha\n|move|p2a: Miraidon|Calm Mind|p2a: Miraidon\n|-boost|p2a: Miraidon|spa|1\n|-boost|p2a: Miraidon|spd|1\n|move|p1a: Lunala|Moongeist Beam|p2b: Sinistcha\n|-supereffective|p2b: Sinistcha\n|-damage|p2b: Sinistcha|0 fnt\n|faint|p2b: Sinistcha\n|move|p1b: Rillaboom|Wood Hammer|p2a: Miraidon\n|-resisted|p2a: Miraidon\n|-damage|p2a: Miraidon|48\/100\n|-damage|p1b: Rillaboom|92\/100|[from] Recoil\n|\n|-heal|p2a: Miraidon|54\/100|[from] Grassy Terrain\n|-heal|p1b: Rillaboom|98\/100|[from] Grassy Terrain\n|upkeep\n|turn|8\n|inactive|soap858 has 30 seconds left.\n|\n|t:|1735226804\n|move|p2a: Miraidon|Dragon Pulse|p1b: Rillaboom\n|-damage|p1b: Rillaboom|8\/100\n|move|p1a: Lunala|Moonblast|p2a: Miraidon\n|-supereffective|p2a: Miraidon\n|-damage|p2a: Miraidon|30\/100\n|move|p1b: Rillaboom|U-turn|p2a: Miraidon\n|-damage|p2a: Miraidon|16\/100\n|\n|t:|1735226812\n|switch|p1b: Urshifu|Urshifu-Rapid-Strike, L50, M|1\/100|[from] U-turn\n|\n|-heal|p2a: Miraidon|22\/100|[from] Grassy Terrain\n|-heal|p1b: Urshifu|7\/100|[from] Grassy Terrain\n|-sideend|p2: Djjwjwwjj|Reflect\n|-fieldend|move: Grassy Terrain\n|upkeep\n|turn|9\n|\n|t:|1735226835\n|move|p1b: Urshifu|Detect|p1b: Urshifu\n|-singleturn|p1b: Urshifu|Protect\n|move|p2a: Miraidon|Parabolic Charge|p1a: Lunala|[spread] p1a\n|-activate|p1b: Urshifu|move: Protect\n|-damage|p1a: Lunala|79\/100\n|-heal|p2a: Miraidon|33\/100|[from] drain|[of] p1a: Lunala\n|move|p1a: Lunala|Moonblast|p2a: Miraidon\n|-supereffective|p2a: Miraidon\n|-damage|p2a: Miraidon|12\/100\n|\n|-heal|p1a: Lunala|85\/100|[from] item: Leftovers\n|-sideend|p2: Djjwjwwjj|move: Light Screen\n|upkeep\n|turn|10\n|\n|t:|1735226850\n|move|p1b: Urshifu|Aqua Jet|p2a: Miraidon\n|-resisted|p2a: Miraidon\n|-damage|p2a: Miraidon|1\/100\n|move|p2a: Miraidon|Parabolic Charge|p1b: Urshifu|[spread] p1a,p1b\n|-supereffective|p1b: Urshifu\n|-damage|p1a: Lunala|45\/100\n|-heal|p2a: Miraidon|24\/100|[from] drain|[of] p1a: Lunala\n|-damage|p1b: Urshifu|0 fnt\n|-heal|p2a: Miraidon|26\/100|[from] drain|[of] p1b: Urshifu\n|faint|p1b: Urshifu\n|move|p1a: Lunala|Moonblast|p2a: Miraidon\n|-supereffective|p2a: Miraidon\n|-damage|p2a: Miraidon|0 fnt\n|faint|p2a: Miraidon\n|\n|win|soap858\n|raw|soap858's rating: 1556 &rarr; <strong>1580<\/strong><br \/>(+24 for winning)\n|raw|Djjwjwwjj's rating: 1629 &rarr; <strong>1605<\/strong><br \/>(-24 for losing)\n|l|\u2606Djjwjwwjj\n|player|p2|\n|l|\u2606soap858\n|player|p1|\n","uploadtime":1735227079,"views":469,"formatid":"gen9vgc2025regg","rating":1580,"private":0,"password":null}