{"id":"gen9vgc2025regg-2269720165","format":"[Gen 9] VGC 2025 Reg G","players":["lichuweijixi","ren122333"],"log":"|j|\u2606lichuweijixi\n|j|\u2606ren122333\n|t:|1735186561\n|gametype|doubles\n|player|p1|lichuweijixi|169|1560\n|player|p2|ren122333|hilbert|1567\n|teamsize|p1|6\n|teamsize|p2|6\n|gen|9\n|tier|[Gen 9] VGC 2025 Reg G\n|rated|\n|rule|Species Clause: Limit one of each Pok\u00e9mon\n|rule|Item Clause: Limit 1 of each item\n|clearpoke\n|poke|p1|Calyrex-Ice, L50|\n|poke|p1|Iron Valiant, L50|\n|poke|p1|Urshifu-*, L50, F|\n|poke|p1|Amoonguss, L50, M|\n|poke|p1|Pelipper, L50, F|\n|poke|p1|Landorus, L50, M|\n|poke|p2|Ninetales-Alola, L50, F|\n|poke|p2|Kyurem-White, L50|\n|poke|p2|Whimsicott, L50, F|\n|poke|p2|Farigiraf, L50, F|\n|poke|p2|Primarina, L50, F|\n|poke|p2|Landorus, L50, M|\n|teampreview|4\n|\n|t:|1735186575\n|start\n|switch|p1a: Urshifu|Urshifu-Rapid-Strike, L50, F|100\/100\n|switch|p1b: Calyrex|Calyrex-Ice, L50|100\/100\n|switch|p2a: Primarina|Primarina, L50, F|100\/100\n|switch|p2b: Kyurem|Kyurem-White, L50|100\/100\n|-ability|p1b: Calyrex|As One\n|-ability|p1b: Calyrex|Unnerve\n|-ability|p2b: Kyurem|Turboblaze\n|turn|1\n|inactive|Battle timer is ON: inactive players will automatically lose when time's up. (requested by ren122333)\n|inactive|lichuweijixi has 60 seconds left.\n|\n|t:|1735186609\n|-terastallize|p1a: Urshifu|Water\n|-terastallize|p2b: Kyurem|Fire\n|move|p1b: Calyrex|Protect|p1b: Calyrex\n|-singleturn|p1b: Calyrex|Protect\n|move|p1a: Urshifu|Surging Strikes|p2b: Kyurem\n|-supereffective|p2b: Kyurem\n|-crit|p2b: Kyurem\n|-damage|p2b: Kyurem|49\/100\n|-supereffective|p2b: Kyurem\n|-crit|p2b: Kyurem\n|-damage|p2b: Kyurem|0 fnt\n|faint|p2b: Kyurem\n|-hitcount|p2: Kyurem|2\n|move|p2a: Primarina|Hyper Voice|p1b: Calyrex|[spread] p1a\n|-activate|p1b: Calyrex|move: Protect\n|-resisted|p1a: Urshifu\n|-damage|p1a: Urshifu|61\/100\n|\n|upkeep\n|\n|t:|1735186617\n|switch|p2b: Whimsicott|Whimsicott, L50, F|100\/100\n|turn|2\n|inactive|lichuweijixi has 30 seconds left.\n|\n|t:|1735186645\n|switch|p1b: Amoonguss|Amoonguss, L50, M|100\/100\n|move|p2b: Whimsicott|Energy Ball|p1a: Urshifu\n|-supereffective|p1a: Urshifu\n|-damage|p1a: Urshifu|0 fnt\n|faint|p1a: Urshifu\n|move|p2a: Primarina|Hyper Voice|p1b: Amoonguss\n|-resisted|p1b: Amoonguss\n|-damage|p1b: Amoonguss|66\/100\n|\n|upkeep\n|\n|t:|1735186656\n|switch|p1a: Calyrex|Calyrex-Ice, L50|100\/100\n|-ability|p1a: Calyrex|As One\n|-ability|p1a: Calyrex|Unnerve\n|turn|3\n|j| 2mewsinatrenchcoat\n|\n|t:|1735186667\n|move|p2b: Whimsicott|Fake Tears|p1b: Amoonguss\n|-unboost|p1b: Amoonguss|spd|2\n|move|p2a: Primarina|Hyper Voice|p1b: Amoonguss|[spread] p1a,p1b\n|-crit|p1a: Calyrex\n|-resisted|p1b: Amoonguss\n|-damage|p1a: Calyrex|48\/100\n|-damage|p1b: Amoonguss|18\/100\n|move|p1a: Calyrex|Glacial Lance|p2b: Whimsicott|[spread] p2a,p2b\n|-resisted|p2a: Primarina\n|-supereffective|p2b: Whimsicott\n|-damage|p2a: Primarina|54\/100\n|-enditem|p2b: Whimsicott|Focus Sash\n|-damage|p2b: Whimsicott|1\/100\n|move|p1b: Amoonguss|Spore|p2a: Primarina\n|-status|p2a: Primarina|slp|[from] move: Spore\n|\n|upkeep\n|turn|4\n|\n|t:|1735186686\n|move|p2b: Whimsicott|Energy Ball|p1b: Amoonguss\n|-resisted|p1b: Amoonguss\n|-damage|p1b: Amoonguss|4\/100\n|cant|p2a: Primarina|slp\n|move|p1b: Amoonguss|Pollen Puff|p2b: Whimsicott\n|-damage|p2b: Whimsicott|0 fnt\n|faint|p2b: Whimsicott\n|move|p1a: Calyrex|Trick Room|p1a: Calyrex\n|-fieldstart|move: Trick Room|[of] p1a: Calyrex\n|\n|upkeep\n|\n|t:|1735186689\n|switch|p2b: Ninetales|Ninetales-Alola, L50, F|100\/100\n|-weather|Snow|[from] ability: Snow Warning|[of] p2b: Ninetales\n|turn|5\n|\n|t:|1735186711\n|move|p1b: Amoonguss|Spore|p2b: Ninetales\n|-status|p2b: Ninetales|slp|[from] move: Spore\n|move|p1a: Calyrex|High Horsepower|p2a: Primarina\n|-damage|p2a: Primarina|0 fnt\n|faint|p2a: Primarina\n|-ability|p1a: Calyrex|Chilling Neigh|boost\n|-boost|p1a: Calyrex|atk|1\n|cant|p2b: Ninetales|slp\n|\n|-weather|Snow|[upkeep]\n|upkeep\n|turn|6\n|-message|ren122333 forfeited.\n|\n|win|lichuweijixi\n|raw|lichuweijixi's rating: 1560 &rarr; <strong>1580<\/strong><br \/>(+20 for winning)\n|raw|ren122333's rating: 1567 &rarr; <strong>1547<\/strong><br \/>(-20 for losing)\n|l|\u2606ren122333\n|player|p2|\n|l|\u2606lichuweijixi\n|player|p1|\n|l| 2mewsinatrenchcoat\n","uploadtime":1735186937,"views":401,"formatid":"gen9vgc2025regg","rating":1547,"private":0,"password":null}