{"id":"gen9vgc2025regg-2269038672","format":"[Gen 9] VGC 2025 Reg G","players":["goatphonium","ren122333"],"log":"|j|\u2606goatphonium\n|j|\u2606ren122333\n|t:|1735075479\n|gametype|doubles\n|player|p1|goatphonium|170|1549\n|player|p2|ren122333|hilbert|1635\n|teamsize|p1|6\n|teamsize|p2|6\n|gen|9\n|tier|[Gen 9] VGC 2025 Reg G\n|rated|\n|rule|Species Clause: Limit one of each Pok\u00e9mon\n|rule|Item Clause: Limit 1 of each item\n|clearpoke\n|poke|p1|Iron Valiant, L50|\n|poke|p1|Calyrex-Ice, L50|\n|poke|p1|Torkoal, L50, F|\n|poke|p1|Raging Bolt, L50|\n|poke|p1|Farigiraf, L50, F|\n|poke|p1|Ogerpon-Cornerstone, L50, F|\n|poke|p2|Ninetales-Alola, L50, M|\n|poke|p2|Kyurem-White, L50|\n|poke|p2|Whimsicott, L50, M|\n|poke|p2|Farigiraf, L50, M|\n|poke|p2|Primarina, L50, F|\n|poke|p2|Landorus, L50, M|\n|teampreview|4\n|\n|t:|1735075506\n|start\n|switch|p1a: Ogerpon|Ogerpon-Cornerstone, L50, F|100\/100\n|switch|p1b: Calyrex|Calyrex-Ice, L50|100\/100\n|switch|p2a: Farigiraf|Farigiraf, L50, M|100\/100\n|switch|p2b: Kyurem|Kyurem-White, L50|100\/100\n|-ability|p1b: Calyrex|As One\n|-ability|p1b: Calyrex|Unnerve\n|-ability|p2b: Kyurem|Turboblaze\n|turn|1\n|\n|t:|1735075528\n|switch|p2b: Ninetales|Ninetales-Alola, L50, M|100\/100\n|-weather|Snow|[from] ability: Snow Warning|[of] p2b: Ninetales\n|-terastallize|p1b: Calyrex|Fire\n|move|p1a: Ogerpon|Taunt|p2a: Farigiraf\n|-start|p2a: Farigiraf|move: Taunt\n|cant|p2a: Farigiraf|move: Taunt|Imprison\n|move|p1b: Calyrex|Glacial Lance|p2b: Ninetales|[spread] p2a,p2b\n|-resisted|p2b: Ninetales\n|-damage|p2a: Farigiraf|35\/100\n|-damage|p2b: Ninetales|72\/100\n|\n|-weather|Snow|[upkeep]\n|upkeep\n|turn|2\n|\n|t:|1735075548\n|switch|p1a: Torkoal|Torkoal, L50, F|100\/100\n|-weather|SunnyDay|[from] ability: Drought|[of] p1a: Torkoal\n|move|p2b: Ninetales|Blizzard|p1b: Calyrex|[spread] p1a\n|-miss|p2b: Ninetales|p1b: Calyrex\n|-resisted|p1a: Torkoal\n|-damage|p1a: Torkoal|79\/100\n|move|p2a: Farigiraf|Hyper Voice|p1a: Torkoal|[spread] p1a,p1b\n|-crit|p1b: Calyrex\n|-damage|p1a: Torkoal|37\/100\n|-damage|p1b: Calyrex|62\/100\n|-enditem|p2a: Farigiraf|Throat Spray\n|-boost|p2a: Farigiraf|spa|1|[from] item: Throat Spray\n|move|p1b: Calyrex|Trick Room|p1b: Calyrex\n|-fieldstart|move: Trick Room|[of] p1b: Calyrex\n|\n|-weather|SunnyDay|[upkeep]\n|upkeep\n|turn|3\n|\n|t:|1735075566\n|move|p1a: Torkoal|Heat Wave|p2b: Ninetales|[spread] p2a,p2b\n|-supereffective|p2b: Ninetales\n|-damage|p2a: Farigiraf|0 fnt\n|-damage|p2b: Ninetales|0 fnt\n|faint|p2a: Farigiraf\n|faint|p2b: Ninetales\n|move|p1b: Calyrex|Glacial Lance|p2: Farigiraf|[notarget]\n|-fail|p1b: Calyrex\n|\n|-weather|SunnyDay|[upkeep]\n|upkeep\n|\n|t:|1735075569\n|switch|p2a: Kyurem|Kyurem-White, L50|100\/100\n|switch|p2b: Primarina|Primarina, L50, F|100\/100\n|-ability|p2a: Kyurem|Turboblaze\n|turn|4\n|\n|t:|1735075575\n|-terastallize|p2a: Kyurem|Fire\n|move|p1a: Torkoal|Heat Wave|p2a: Kyurem|[spread] p2a,p2b\n|-resisted|p2a: Kyurem\n|-resisted|p2b: Primarina\n|-damage|p2a: Kyurem|82\/100\n|-damage|p2b: Primarina|63\/100\n|move|p1b: Calyrex|Glacial Lance|p2b: Primarina|[spread] p2a,p2b\n|-resisted|p2a: Kyurem\n|-resisted|p2b: Primarina\n|-damage|p2a: Kyurem|56\/100\n|-damage|p2b: Primarina|15\/100\n|move|p2b: Primarina|Hyper Voice|p1b: Calyrex|[spread] p1a,p1b\n|-supereffective|p1a: Torkoal\n|-supereffective|p1b: Calyrex\n|-damage|p1a: Torkoal|0 fnt\n|-damage|p1b: Calyrex|22\/100\n|faint|p1a: Torkoal\n|move|p2a: Kyurem|Earth Power|p1b: Calyrex\n|-supereffective|p1b: Calyrex\n|-damage|p1b: Calyrex|0 fnt\n|faint|p1b: Calyrex\n|\n|-weather|SunnyDay|[upkeep]\n|upkeep\n|\n|t:|1735075583\n|switch|p1a: Farigiraf|Farigiraf, L50, F|100\/100\n|switch|p1b: Ogerpon|Ogerpon-Cornerstone, L50, F|100\/100\n|turn|5\n|\n|t:|1735075601\n|move|p1a: Farigiraf|Hyper Voice|p2b: Primarina|[spread] p2a,p2b\n|-damage|p2a: Kyurem|34\/100\n|-damage|p2b: Primarina|0 fnt\n|faint|p2b: Primarina\n|-damage|p1a: Farigiraf|91\/100|[from] item: Life Orb\n|move|p2a: Kyurem|Freeze-Dry|p1b: Ogerpon\n|-supereffective|p1b: Ogerpon\n|-damage|p1b: Ogerpon|0 fnt\n|faint|p1b: Ogerpon\n|\n|-weather|SunnyDay|[upkeep]\n|upkeep\n|turn|6\n|\n|t:|1735075609\n|move|p1a: Farigiraf|Hyper Voice|p2a: Kyurem\n|-damage|p2a: Kyurem|4\/100\n|-damage|p1a: Farigiraf|81\/100|[from] item: Life Orb\n|move|p2a: Kyurem|Fusion Flare|p1a: Farigiraf\n|-damage|p1a: Farigiraf|0 fnt\n|faint|p1a: Farigiraf\n|\n|win|ren122333\n|raw|goatphonium's rating: 1549 &rarr; <strong>1534<\/strong><br \/>(-15 for losing)\n|raw|ren122333's rating: 1635 &rarr; <strong>1650<\/strong><br \/>(+15 for winning)\n|l|\u2606goatphonium\n|player|p1|\n|l|\u2606ren122333\n|player|p2|\n","uploadtime":1735075840,"views":22,"formatid":"gen9vgc2025regg","rating":1534,"private":0,"password":null}