{"id":"gen9vgc2025regg-2269213870","format":"[Gen 9] VGC 2025 Reg G","players":["Tester_SF01","tokumeitn"],"log":"|j|\u2606Tester_SF01\n|j|\u2606tokumeitn\n|t:|1735101153\n|gametype|doubles\n|player|p1|Tester_SF01|hiker-gen4|1566\n|player|p2|tokumeitn|1|1592\n|teamsize|p1|6\n|teamsize|p2|6\n|gen|9\n|tier|[Gen 9] VGC 2025 Reg G\n|rated|\n|rule|Species Clause: Limit one of each Pok\u00e9mon\n|rule|Item Clause: Limit 1 of each item\n|clearpoke\n|poke|p1|Calyrex-Shadow, L50|\n|poke|p1|Maushold, L50|\n|poke|p1|Amoonguss, L50, F|\n|poke|p1|Urshifu-*, L50, F|\n|poke|p1|Incineroar, L50, M|\n|poke|p1|Tornadus, L50, M|\n|poke|p2|Groudon, L50|\n|poke|p2|Raging Bolt, L50|\n|poke|p2|Flutter Mane, L50|\n|poke|p2|Chien-Pao, L50|\n|poke|p2|Gastrodon, L50, F|\n|poke|p2|Urshifu-*, L50, F|\n|teampreview|4\n|inactive|Battle timer is ON: inactive players will automatically lose when time's up. (requested by tokumeitn)\n|inactive|tokumeitn has 60 seconds left.\n|\n|t:|1735101189\n|start\n|switch|p1a: Maushold|Maushold, L50|100\/100\n|switch|p1b: Calyrex|Calyrex-Shadow, L50|100\/100\n|switch|p2a: Groudon|Groudon, L50|100\/100\n|switch|p2b: Raging Bolt|Raging Bolt, L50|100\/100\n|-ability|p1b: Calyrex|As One\n|-ability|p1b: Calyrex|Unnerve\n|-weather|SunnyDay|[from] ability: Drought|[of] p2a: Groudon\n|-activate|p2b: Raging Bolt|ability: Protosynthesis\n|-start|p2b: Raging Bolt|protosynthesisspa\n|turn|1\n|inactive|Tester_SF01 has 30 seconds left.\n|\n|t:|1735101217\n|-terastallize|p1b: Calyrex|Ground\n|move|p1a: Maushold|Follow Me|p1a: Maushold\n|-singleturn|p1a: Maushold|move: Follow Me\n|move|p1b: Calyrex|Nasty Plot|p1b: Calyrex\n|-boost|p1b: Calyrex|spa|2\n|move|p2a: Groudon|Precipice Blades|p1a: Maushold|[spread] p1a\n|-miss|p2a: Groudon|p1b: Calyrex\n|-damage|p1a: Maushold|53\/100\n|move|p2b: Raging Bolt|Electroweb|p1b: Calyrex|[spread] p1a\n|-immune|p1b: Calyrex\n|-damage|p1a: Maushold|18\/100\n|\n|-weather|SunnyDay|[upkeep]\n|upkeep\n|turn|2\n|\n|t:|1735101239\n|move|p2a: Groudon|Protect|p2a: Groudon\n|-singleturn|p2a: Groudon|Protect\n|move|p1a: Maushold|Feint|p2a: Groudon\n|-activate|p2a: Groudon|move: Feint\n|-damage|p2a: Groudon|95\/100\n|move|p2b: Raging Bolt|Thunderclap||[still]\n|-fail|p2b: Raging Bolt\n|move|p1b: Calyrex|Astral Barrage|p2a: Groudon|[spread] p2a,p2b\n|-damage|p2a: Groudon|0 fnt\n|-damage|p2b: Raging Bolt|18\/100\n|faint|p2a: Groudon\n|-ability|p1b: Calyrex|Grim Neigh|boost\n|-boost|p1b: Calyrex|spa|1\n|-damage|p1b: Calyrex|91\/100|[from] item: Life Orb\n|\n|-weather|SunnyDay|[upkeep]\n|upkeep\n|\n|t:|1735101262\n|switch|p2a: Flutter Mane|Flutter Mane, L50|100\/100\n|-activate|p2a: Flutter Mane|ability: Protosynthesis\n|-start|p2a: Flutter Mane|protosynthesisspe\n|turn|3\n|\n|t:|1735101284\n|-terastallize|p2a: Flutter Mane|Normal\n|move|p1a: Maushold|Follow Me|p1a: Maushold\n|-singleturn|p1a: Maushold|move: Follow Me\n|move|p2a: Flutter Mane|Dazzling Gleam|p1b: Calyrex|[spread] p1a,p1b\n|-damage|p1a: Maushold|0 fnt\n|-damage|p1b: Calyrex|55\/100\n|faint|p1a: Maushold\n|move|p1b: Calyrex|Astral Barrage|p2a: Flutter Mane|[spread] p2b\n|-immune|p2a: Flutter Mane\n|-damage|p2b: Raging Bolt|0 fnt\n|faint|p2b: Raging Bolt\n|-end|p2b: Raging Bolt|Protosynthesis|[silent]\n|-ability|p1b: Calyrex|Grim Neigh|boost\n|-boost|p1b: Calyrex|spa|1\n|-damage|p1b: Calyrex|46\/100|[from] item: Life Orb\n|\n|-weather|SunnyDay|[upkeep]\n|upkeep\n|\n|t:|1735101293\n|switch|p1a: Tornadus|Tornadus, L50, M|100\/100\n|switch|p2b: Chien-Pao|Chien-Pao, L50|100\/100\n|-ability|p2b: Chien-Pao|Sword of Ruin\n|turn|4\n|\n|t:|1735101317\n|move|p1b: Calyrex|Protect|p1b: Calyrex\n|-singleturn|p1b: Calyrex|Protect\n|move|p2b: Chien-Pao|Ice Shard|p1b: Calyrex\n|-activate|p1b: Calyrex|move: Protect\n|move|p2a: Flutter Mane|Dazzling Gleam|p1a: Tornadus|[spread] p1a\n|-activate|p1b: Calyrex|move: Protect\n|-damage|p1a: Tornadus|49\/100\n|move|p1a: Tornadus|Bleakwind Storm|p2b: Chien-Pao|[spread] p2a,p2b\n|-damage|p2a: Flutter Mane|62\/100\n|-damage|p2b: Chien-Pao|42\/100\n|-unboost|p2b: Chien-Pao|spe|1\n|\n|-weather|SunnyDay|[upkeep]\n|upkeep\n|turn|5\n|\n|t:|1735101339\n|move|p1a: Tornadus|Tailwind|p1a: Tornadus\n|-sidestart|p1: Tester_SF01|move: Tailwind\n|move|p2b: Chien-Pao|Ice Shard|p1a: Tornadus\n|-supereffective|p1a: Tornadus\n|-damage|p1a: Tornadus|0 fnt\n|faint|p1a: Tornadus\n|-damage|p2b: Chien-Pao|33\/100|[from] item: Life Orb\n|move|p1b: Calyrex|Tera Blast|p2a: Flutter Mane|[anim] Tera Blast Ground\n|-damage|p2a: Flutter Mane|0 fnt\n|faint|p2a: Flutter Mane\n|-end|p2a: Flutter Mane|Protosynthesis|[silent]\n|-ability|p1b: Calyrex|Grim Neigh|boost\n|-boost|p1b: Calyrex|spa|1\n|-damage|p1b: Calyrex|36\/100|[from] item: Life Orb\n|\n|-weather|none\n|upkeep\n|\n|t:|1735101341\n|switch|p1a: Urshifu|Urshifu-Rapid-Strike, L50, F|100\/100\n|turn|6\n|c|\u2606tokumeitn|\u3057\u306d\u3046\u3093\u3060\u3051\n|n|\u203dtokumeitn|tokumeitn\n|c|~|\/log tokumeitn was locked from talking by Artemis. (\u2606tokumeitn: \u3057\u306d\u3046\u3093\u3060\u3051)\n|c|~|\/raw <small>This action was done automatically. Want to learn more about the AI? <a href=\"https:\/\/www.smogon.com\/forums\/threads\/3570628\/#post-9056769\">Visit the information thread<\/a>.<\/small>\n|inactive|tokumeitn has 30 seconds left.\n|inactive|tokumeitn has 20 seconds left.\n|inactive|tokumeitn has 15 seconds left.\n|-message|tokumeitn forfeited.\n|\n|win|Tester_SF01\n|raw|Tester_SF01's rating: 1566 &rarr; <strong>1587<\/strong><br \/>(+21 for winning)\n|raw|tokumeitn's rating: 1592 &rarr; <strong>1571<\/strong><br \/>(-21 for losing)\n|l|\u203dtokumeitn\n|player|p2|\n|l|\u2606Tester_SF01\n|player|p1|\n","uploadtime":1735101358,"views":445,"formatid":"gen9vgc2025regg","rating":1571,"private":0,"password":null}