{"id":"gen9vgc2025regg-2269048005","format":"[Gen 9] VGC 2025 Reg G","players":["ren122333","Imnotagni"],"log":"|j|\u2606ren122333\n|j|\u2606Imnotagni\n|t:|1735076691\n|gametype|doubles\n|player|p1|ren122333|hilbert|1581\n|player|p2|Imnotagni|policeman-gen4|1597\n|teamsize|p1|6\n|teamsize|p2|6\n|gen|9\n|tier|[Gen 9] VGC 2025 Reg G\n|rated|\n|rule|Species Clause: Limit one of each Pok\u00e9mon\n|rule|Item Clause: Limit 1 of each item\n|clearpoke\n|poke|p1|Ninetales-Alola, L50, F|\n|poke|p1|Kyurem-White, L50|\n|poke|p1|Whimsicott, L50, F|\n|poke|p1|Farigiraf, L50, M|\n|poke|p1|Primarina, L50, F|\n|poke|p1|Landorus, L50, M|\n|poke|p2|Kyogre, L50|\n|poke|p2|Tornadus, L50, M|\n|poke|p2|Urshifu-*, L50, M|\n|poke|p2|Tsareena, L50, F|\n|poke|p2|Landorus, L50, M|\n|poke|p2|Basculegion, L50, M|\n|teampreview|4\n|inactive|Battle timer is ON: inactive players will automatically lose when time's up. (requested by Imnotagni)\n|inactive|Imnotagni has 60 seconds left.\n|j| mr pogostick\n|inactive|Imnotagni has 30 seconds left.\n|inactive|Imnotagni has 20 seconds left.\n|\n|t:|1735076764\n|start\n|switch|p1a: Whimsicott|Whimsicott, L50, F|100\/100\n|switch|p1b: Primarina|Primarina, L50, F|100\/100\n|switch|p2a: GIL|Urshifu-Rapid-Strike, L50, M|100\/100\n|switch|p2b: BRUCE|Landorus, L50, M|100\/100\n|turn|1\n|\n|t:|1735076782\n|switch|p2a: MARLIN|Tornadus, L50, M|100\/100\n|-terastallize|p2b: BRUCE|Steel\n|move|p1a: Whimsicott|Tailwind|p1a: Whimsicott\n|-sidestart|p1: ren122333|move: Tailwind\n|move|p2b: BRUCE|Sludge Bomb|p1a: Whimsicott\n|-supereffective|p1a: Whimsicott\n|-enditem|p1a: Whimsicott|Focus Sash\n|-damage|p1a: Whimsicott|1\/100\n|move|p1b: Primarina|Moonblast|p2a: MARLIN\n|-damage|p2a: MARLIN|14\/100\n|\n|upkeep\n|turn|2\n|inactive|ren122333 has 30 seconds left.\n|\n|t:|1735076814\n|switch|p1b: Ninetales|Ninetales-Alola, L50, F|100\/100\n|-weather|Snow|[from] ability: Snow Warning|[of] p1b: Ninetales\n|move|p2a: MARLIN|Tailwind|p2a: MARLIN\n|-sidestart|p2: Imnotagni|move: Tailwind\n|move|p2b: BRUCE|Sludge Bomb|p1b: Ninetales\n|-supereffective|p1b: Ninetales\n|-damage|p1b: Ninetales|5\/100\n|move|p1a: Whimsicott|Energy Ball|p2a: MARLIN\n|-resisted|p2a: MARLIN\n|-damage|p2a: MARLIN|0 fnt\n|faint|p2a: MARLIN\n|\n|-weather|Snow|[upkeep]\n|upkeep\n|\n|t:|1735076837\n|switch|p2a: NEMO|Kyogre, L50, shiny|100\/100\n|-weather|RainDance|[from] ability: Drizzle|[of] p2a: NEMO\n|turn|3\n|\n|t:|1735076846\n|move|p2b: BRUCE|Sludge Bomb|p1a: Whimsicott\n|-supereffective|p1a: Whimsicott\n|-crit|p1a: Whimsicott\n|-damage|p1a: Whimsicott|0 fnt\n|faint|p1a: Whimsicott\n|move|p1b: Ninetales|Snowscape|p1b: Ninetales\n|-weather|Snow\n|move|p2a: NEMO|Water Spout|p1b: Ninetales\n|-damage|p1b: Ninetales|0 fnt\n|faint|p1b: Ninetales\n|\n|-weather|Snow|[upkeep]\n|upkeep\n|\n|t:|1735076854\n|switch|p1a: Primarina|Primarina, L50, F|100\/100\n|switch|p1b: Kyurem|Kyurem-White, L50|100\/100\n|-ability|p1b: Kyurem|Turboblaze\n|turn|4\n|\n|t:|1735076868\n|-terastallize|p1a: Primarina|Dark\n|move|p2b: BRUCE|Sludge Bomb|p1a: Primarina\n|-damage|p1a: Primarina|62\/100\n|move|p2a: NEMO|Water Spout|p1b: Kyurem|[spread] p1a,p1b\n|-crit|p1a: Primarina\n|-resisted|p1b: Kyurem\n|-damage|p1a: Primarina|0 fnt\n|-damage|p1b: Kyurem|84\/100\n|faint|p1a: Primarina\n|move|p1b: Kyurem|Freeze-Dry|p2a: NEMO\n|-supereffective|p2a: NEMO\n|-damage|p2a: NEMO|54\/100\n|\n|-weather|Snow|[upkeep]\n|-sideend|p1: ren122333|move: Tailwind\n|upkeep\n|turn|5\n|\n|t:|1735076892\n|move|p2b: BRUCE|Sludge Bomb|p1b: Kyurem\n|-damage|p1b: Kyurem|61\/100\n|move|p2a: NEMO|Origin Pulse|p1b: Kyurem\n|-resisted|p1b: Kyurem\n|-damage|p1b: Kyurem|44\/100\n|move|p1b: Kyurem|Fusion Flare|p2b: BRUCE\n|-supereffective|p2b: BRUCE\n|-damage|p2b: BRUCE|0 fnt\n|faint|p2b: BRUCE\n|\n|-weather|Snow|[upkeep]\n|-sideend|p2: Imnotagni|move: Tailwind\n|upkeep\n|\n|t:|1735076897\n|switch|p2b: GIL|Urshifu-Rapid-Strike, L50, M|100\/100\n|turn|6\n|\n|t:|1735076904\n|move|p2b: GIL|Close Combat|p1b: Kyurem\n|-supereffective|p1b: Kyurem\n|-damage|p1b: Kyurem|0 fnt\n|-unboost|p2b: GIL|def|1\n|-unboost|p2b: GIL|spd|1\n|faint|p1b: Kyurem\n|\n|win|Imnotagni\n|raw|ren122333's rating: 1581 &rarr; <strong>1562<\/strong><br \/>(-19 for losing)\n|raw|Imnotagni's rating: 1597 &rarr; <strong>1616<\/strong><br \/>(+19 for winning)\n|l| mr pogostick\n|l|\u2606ren122333\n|player|p1|\n|c|\u2606Imnotagni|ggs easy shit mom\n|l|\u2606Imnotagni\n|player|p2|\n","uploadtime":1735077086,"views":880,"formatid":"gen9vgc2025regg","rating":1562,"private":0,"password":null}