{"id":"gen9vgc2025regg-2269686188","format":"[Gen 9] VGC 2025 Reg G","players":["soap858","stbai"],"log":"|j|\u2606soap858\n|j|\u2606stbai\n|t:|1735181092\n|gametype|doubles\n|player|p1|soap858|169|1555\n|player|p2|stbai|janitor|1563\n|teamsize|p1|6\n|teamsize|p2|6\n|gen|9\n|tier|[Gen 9] VGC 2025 Reg G\n|rated|\n|rule|Species Clause: Limit one of each Pok\u00e9mon\n|rule|Item Clause: Limit 1 of each item\n|clearpoke\n|poke|p1|Lunala, L50|\n|poke|p1|Incineroar, L50, F|\n|poke|p1|Ogerpon-Wellspring, L50, F|\n|poke|p1|Rillaboom, L50, M|\n|poke|p1|Porygon2, L50|\n|poke|p1|Regieleki, L50|\n|poke|p2|Tatsugiri, L50, M|\n|poke|p2|Terapagos, L50, M|\n|poke|p2|Pawmot, L50, F|\n|poke|p2|Latios, L50, M|\n|poke|p2|Dondozo, L50, F|\n|poke|p2|Iron Thorns, L50|\n|teampreview|4\n|inactive|Battle timer is ON: inactive players will automatically lose when time's up. (requested by stbai)\n|j| BreadTest\n|inactive|soap858 has 60 seconds left.\n|inactive|stbai has 60 seconds left.\n|l| BreadTest\n|\n|t:|1735181140\n|start\n|switch|p1a: Lunala|Lunala, L50|100\/100\n|switch|p1b: Incineroar|Incineroar, L50, F|100\/100\n|switch|p2a: Terapagos|Terapagos, L50, M|100\/100\n|switch|p2b: Latios|Latios, L50, M|100\/100\n|-activate|p2a: Terapagos|ability: Tera Shift\n|detailschange|p2a: Terapagos|Terapagos-Terastal, L50, M\n|-heal|p2a: Terapagos|100\/100|[silent]\n|-ability|p1b: Incineroar|Intimidate|boost\n|-unboost|p2a: Terapagos|atk|1\n|-unboost|p2b: Latios|atk|1\n|turn|1\n|j| 2mewsinatrenchcoat\n|inactive|soap858 has 30 seconds left.\n|\n|t:|1735181166\n|-terastallize|p2a: Terapagos|Stellar\n|detailschange|p2a: Terapagos|Terapagos-Stellar, L50, M, tera:Stellar\n|-heal|p2a: Terapagos|100\/100|[silent]\n|move|p2b: Latios|Luster Purge|p1a: Lunala\n|-resisted|p1a: Lunala\n|-damage|p1a: Lunala|93\/100\n|-unboost|p1a: Lunala|spd|1\n|move|p1a: Lunala|Calm Mind|p1a: Lunala\n|-boost|p1a: Lunala|spa|1\n|-boost|p1a: Lunala|spd|1\n|move|p2a: Terapagos|Tera Starstorm|p1b: Incineroar|[spread] p1a,p1b\n|-damage|p1a: Lunala|48\/100\n|-damage|p1b: Incineroar|56\/100\n|move|p1b: Incineroar|Knock Off|p2a: Terapagos\n|-damage|p2a: Terapagos|76\/100\n|-enditem|p2a: Terapagos|Choice Specs|[from] move: Knock Off|[of] p1b: Incineroar\n|\n|-heal|p1a: Lunala|54\/100|[from] item: Leftovers\n|upkeep\n|turn|2\n|\n|t:|1735181190\n|move|p1a: Lunala|Protect|p1a: Lunala\n|-singleturn|p1a: Lunala|Protect\n|move|p2b: Latios|Draco Meteor|p1a: Lunala\n|-activate|p1a: Lunala|move: Protect\n|move|p2a: Terapagos|Tera Starstorm|p1b: Incineroar|[spread] p1b\n|-activate|p1a: Lunala|move: Protect\n|-damage|p1b: Incineroar|25\/100\n|move|p1b: Incineroar|Parting Shot|p2a: Terapagos\n|-unboost|p2a: Terapagos|atk|1\n|-unboost|p2a: Terapagos|spa|1\n|\n|t:|1735181203\n|switch|p1b: Rillaboom|Rillaboom, L50, M|100\/100|[from] Parting Shot\n|-fieldstart|move: Grassy Terrain|[from] ability: Grassy Surge|[of] p1b: Rillaboom\n|\n|-heal|p1a: Lunala|60\/100|[from] Grassy Terrain\n|-heal|p1a: Lunala|67\/100|[from] item: Leftovers\n|-heal|p2a: Terapagos|82\/100|[from] Grassy Terrain\n|upkeep\n|turn|3\n|\n|t:|1735181223\n|move|p1b: Rillaboom|Fake Out|p2b: Latios\n|-damage|p2b: Latios|85\/100\n|move|p2b: Latios|Draco Meteor|p1a: Lunala|[miss]\n|-miss|p2b: Latios|p1a: Lunala\n|move|p1a: Lunala|Moonblast|p2b: Latios\n|-supereffective|p2b: Latios\n|-damage|p2b: Latios|1\/100\n|move|p2a: Terapagos|Tera Starstorm|p1a: Lunala|[spread] p1a,p1b\n|-damage|p1a: Lunala|46\/100\n|-damage|p1b: Rillaboom|84\/100\n|\n|-heal|p1a: Lunala|52\/100|[from] Grassy Terrain\n|-heal|p1a: Lunala|59\/100|[from] item: Leftovers\n|-heal|p2a: Terapagos|88\/100|[from] Grassy Terrain\n|-heal|p1b: Rillaboom|90\/100|[from] Grassy Terrain\n|upkeep\n|turn|4\n|\n|t:|1735181242\n|switch|p2a: Dondozo|Dondozo, L50, F|100\/100\n|move|p1b: Rillaboom|Grassy Glide|p2b: Latios\n|-resisted|p2b: Latios\n|-crit|p2b: Latios\n|-damage|p2b: Latios|0 fnt\n|faint|p2b: Latios\n|move|p1a: Lunala|Calm Mind|p1a: Lunala\n|-boost|p1a: Lunala|spa|1\n|-boost|p1a: Lunala|spd|1\n|\n|-heal|p1a: Lunala|65\/100|[from] Grassy Terrain\n|-heal|p1a: Lunala|71\/100|[from] item: Leftovers\n|-heal|p1b: Rillaboom|96\/100|[from] Grassy Terrain\n|upkeep\n|\n|t:|1735181248\n|switch|p2b: Terapagos|Terapagos-Stellar, L50, M, tera:Stellar|88\/100\n|turn|5\n|\n|t:|1735181263\n|switch|p2b: Tatsugiri|Tatsugiri, L50, M|100\/100\n|-activate|p2b: Tatsugiri|ability: Commander|[of] p2a: Dondozo\n|-boost|p2a: Dondozo|atk|2\n|-boost|p2a: Dondozo|spa|2\n|-boost|p2a: Dondozo|spe|2\n|-boost|p2a: Dondozo|def|2\n|-boost|p2a: Dondozo|spd|2\n|move|p1a: Lunala|Protect|p1a: Lunala\n|-singleturn|p1a: Lunala|Protect\n|move|p2a: Dondozo|Order Up|p1a: Lunala\n|-activate|p1a: Lunala|move: Protect\n|move|p1b: Rillaboom|U-turn|p2b: Tatsugiri|[miss]\n|-miss|p1b: Rillaboom|p2b: Tatsugiri\n|\n|-heal|p1a: Lunala|77\/100|[from] Grassy Terrain\n|-heal|p1a: Lunala|84\/100|[from] item: Leftovers\n|-heal|p1b: Rillaboom|100\/100|[from] Grassy Terrain\n|upkeep\n|turn|6\n|\n|t:|1735181280\n|switch|p1b: Incineroar|Incineroar, L50, F|25\/100\n|-ability|p1b: Incineroar|Intimidate|boost\n|-unboost|p2a: Dondozo|atk|1\n|-unboost|p2b: Tatsugiri|atk|1\n|move|p2a: Dondozo|Order Up|p1a: Lunala\n|-damage|p1a: Lunala|58\/100\n|-boost|p2a: Dondozo|atk|1\n|move|p1a: Lunala|Moongeist Beam|p2a: Dondozo\n|-damage|p2a: Dondozo|50\/100\n|\n|-heal|p2a: Dondozo|56\/100|[from] Grassy Terrain\n|-heal|p2a: Dondozo|62\/100|[from] item: Leftovers\n|-heal|p1a: Lunala|64\/100|[from] Grassy Terrain\n|-heal|p1a: Lunala|71\/100|[from] item: Leftovers\n|-heal|p1b: Incineroar|31\/100|[from] Grassy Terrain\n|-fieldend|move: Grassy Terrain\n|upkeep\n|turn|7\n|inactive|soap858 has 30 seconds left.\n|inactive|soap858 has 20 seconds left.\n|inactive|soap858 has 15 seconds left.\n|\n|t:|1735181322\n|switch|p1b: Rillaboom|Rillaboom, L50, M|100\/100\n|-fieldstart|move: Grassy Terrain|[from] ability: Grassy Surge|[of] p1b: Rillaboom\n|move|p2a: Dondozo|Protect|p2a: Dondozo\n|-singleturn|p2a: Dondozo|Protect\n|move|p1a: Lunala|Protect||[still]\n|-fail|p1a: Lunala\n|\n|-heal|p2a: Dondozo|68\/100|[from] Grassy Terrain\n|-heal|p2a: Dondozo|74\/100|[from] item: Leftovers\n|-heal|p1a: Lunala|77\/100|[from] Grassy Terrain\n|-heal|p1a: Lunala|83\/100|[from] item: Leftovers\n|upkeep\n|turn|8\n|\n|t:|1735181334\n|move|p1b: Rillaboom|Fake Out|p2a: Dondozo\n|-damage|p2a: Dondozo|69\/100\n|cant|p2a: Dondozo|flinch\n|move|p1a: Lunala|Moongeist Beam|p2a: Dondozo\n|-damage|p2a: Dondozo|24\/100\n|\n|-heal|p2a: Dondozo|30\/100|[from] Grassy Terrain\n|-heal|p2a: Dondozo|36\/100|[from] item: Leftovers\n|-heal|p1a: Lunala|89\/100|[from] Grassy Terrain\n|-heal|p1a: Lunala|96\/100|[from] item: Leftovers\n|upkeep\n|turn|9\n|\n|t:|1735181351\n|switch|p1b: Regieleki|Regieleki, L50|100\/100\n|move|p1a: Lunala|Protect|p1a: Lunala\n|-singleturn|p1a: Lunala|Protect\n|move|p2a: Dondozo|Order Up|p1b: Regieleki\n|-damage|p1b: Regieleki|3\/100\n|-boost|p2a: Dondozo|atk|1\n|\n|-heal|p1b: Regieleki|9\/100|[from] Grassy Terrain\n|-heal|p2a: Dondozo|42\/100|[from] Grassy Terrain\n|-heal|p2a: Dondozo|48\/100|[from] item: Leftovers\n|-heal|p1a: Lunala|100\/100|[from] Grassy Terrain\n|upkeep\n|turn|10\n|\n|t:|1735181362\n|-terastallize|p1b: Regieleki|Electric\n|move|p1b: Regieleki|Thunderbolt|p2a: Dondozo\n|-supereffective|p2a: Dondozo\n|-damage|p2a: Dondozo|0 fnt\n|faint|p2a: Dondozo\n|move|p1a: Lunala|Moonblast|p2b: Tatsugiri\n|-supereffective|p2b: Tatsugiri\n|-damage|p2b: Tatsugiri|0 fnt\n|faint|p2b: Tatsugiri\n|\n|-heal|p1b: Regieleki|15\/100|[from] Grassy Terrain\n|upkeep\n|-message|stbai forfeited.\n|\n|win|soap858\n|raw|soap858's rating: 1555 &rarr; <strong>1575<\/strong><br \/>(+20 for winning)\n|raw|stbai's rating: 1563 &rarr; <strong>1543<\/strong><br \/>(-20 for losing)\n|l|\u2606stbai\n|player|p2|\n|l| 2mewsinatrenchcoat\n|l|\u2606soap858\n|player|p1|\n","uploadtime":1735181516,"views":42,"formatid":"gen9vgc2025regg","rating":1543,"private":0,"password":null}