{"id":"gen9vgc2025regg-2270677469","format":"[Gen 9] VGC 2025 Reg G","players":["PokeHys4","Emirnent"],"log":"|j|\u2606PokeHys4\n|j|\u2606Emirnent\n|t:|1735340479\n|gametype|doubles\n|player|p1|PokeHys4|2|1555\n|player|p2|Emirnent|1|1578\n|teamsize|p1|6\n|teamsize|p2|6\n|gen|9\n|tier|[Gen 9] VGC 2025 Reg G\n|rated|\n|rule|Species Clause: Limit one of each Pok\u00e9mon\n|rule|Item Clause: Limit 1 of each item\n|clearpoke\n|poke|p1|Weezing-Galar, L50, M|\n|poke|p1|Iron Valiant, L50|\n|poke|p1|Urshifu-*, L50, F|\n|poke|p1|Maushold-Four, L50|\n|poke|p1|Calyrex-Shadow, L50|\n|poke|p1|Chien-Pao, L50|\n|poke|p2|Whimsicott, L50, F|\n|poke|p2|Kyogre, L50|\n|poke|p2|Urshifu-*, L50, F|\n|poke|p2|Terrakion, L50|\n|poke|p2|Archaludon, L50, M|\n|poke|p2|Tsareena, L50, F|\n|teampreview|4\n|inactive|Battle timer is ON: inactive players will automatically lose when time's up. (requested by PokeHys4)\n|\n|t:|1735340505\n|start\n|switch|p1a: Maushold|Maushold-Four, L50|100\/100\n|switch|p1b: Calyrex|Calyrex-Shadow, L50|100\/100\n|switch|p2a: Whimsicott|Whimsicott, L50, F|100\/100\n|switch|p2b: Urshifu|Urshifu-Rapid-Strike, L50, F|100\/100\n|-ability|p1b: Calyrex|As One\n|-ability|p1b: Calyrex|Unnerve\n|turn|1\n|\n|t:|1735340515\n|switch|p1a: Weezing|Weezing-Galar, L50, M|100\/100\n|-ability|p1a: Weezing|Neutralizing Gas\n|-terastallize|p1b: Calyrex|Ghost\n|move|p1b: Calyrex|Astral Barrage|p2a: Whimsicott|[spread] p2a,p2b\n|-enditem|p2a: Whimsicott|Focus Sash\n|-damage|p2a: Whimsicott|1\/100\n|-damage|p2b: Urshifu|0 fnt\n|faint|p2b: Urshifu\n|-ability|p1b: Calyrex|Grim Neigh|boost\n|-boost|p1b: Calyrex|spa|1\n|move|p2a: Whimsicott|Tailwind|p2a: Whimsicott\n|-sidestart|p2: Emirnent|move: Tailwind\n|\n|upkeep\n|\n|t:|1735340523\n|switch|p2b: Kyogre|Kyogre, L50|100\/100\n|turn|2\n|\n|t:|1735340534\n|-terastallize|p2b: Kyogre|Water\n|move|p2b: Kyogre|Water Spout|p1b: Calyrex|[spread] p1a,p1b\n|-damage|p1a: Weezing|13\/100\n|-damage|p1b: Calyrex|19\/100\n|move|p2a: Whimsicott|Moonblast|p1b: Calyrex\n|-damage|p1b: Calyrex|0 fnt\n|faint|p1b: Calyrex\n|move|p1a: Weezing|Sludge Bomb|p2a: Whimsicott\n|-supereffective|p2a: Whimsicott\n|-damage|p2a: Whimsicott|0 fnt\n|faint|p2a: Whimsicott\n|\n|upkeep\n|\n|t:|1735340541\n|switch|p1b: Maushold|Maushold-Four, L50|100\/100\n|switch|p2a: Archaludon|Archaludon, L50, M|100\/100\n|turn|3\n|\n|t:|1735340548\n|move|p1b: Maushold|Protect|p1b: Maushold\n|-singleturn|p1b: Maushold|Protect\n|move|p1a: Weezing|Protect|p1a: Weezing\n|-singleturn|p1a: Weezing|Protect\n|move|p2b: Kyogre|Water Spout|p1b: Maushold|[spread] \n|-activate|p1a: Weezing|move: Protect\n|-activate|p1b: Maushold|move: Protect\n|move|p2a: Archaludon|Flash Cannon|p1b: Maushold\n|-activate|p1b: Maushold|move: Protect\n|\n|upkeep\n|turn|4\n|inactive|PokeHys4 has 30 seconds left.\n|\n|t:|1735340579\n|move|p1b: Maushold|Protect|p1b: Maushold\n|-singleturn|p1b: Maushold|Protect\n|move|p2b: Kyogre|Water Spout|p1a: Weezing|[spread] p1a\n|-activate|p1b: Maushold|move: Protect\n|-damage|p1a: Weezing|0 fnt\n|faint|p1a: Weezing\n|-end|p1a: Weezing|ability: Neutralizing Gas\n|-weather|RainDance|[from] ability: Drizzle|[of] p2b: Kyogre\n|move|p2a: Archaludon|Flash Cannon|p1b: Maushold\n|-activate|p1b: Maushold|move: Protect\n|\n|-weather|RainDance|[upkeep]\n|-sideend|p2: Emirnent|move: Tailwind\n|upkeep\n|\n|t:|1735340582\n|switch|p1a: Urshifu|Urshifu-Rapid-Strike, L50, F|100\/100\n|turn|5\n|inactive|PokeHys4 has 30 seconds left.\n|\n|t:|1735340612\n|move|p1b: Maushold|Helping Hand|p1a: Urshifu\n|-singleturn|p1a: Urshifu|Helping Hand|[of] p1b: Maushold\n|move|p2b: Kyogre|Water Spout|p1a: Urshifu|[spread] p1a,p1b\n|-resisted|p1a: Urshifu\n|-damage|p1a: Urshifu|27\/100\n|-damage|p1b: Maushold|0 fnt\n|faint|p1b: Maushold\n|move|p1a: Urshifu|Close Combat|p2b: Kyogre\n|-damage|p2b: Kyogre|0 fnt\n|-unboost|p1a: Urshifu|def|1\n|-unboost|p1a: Urshifu|spd|1\n|faint|p2b: Kyogre\n|move|p2a: Archaludon|Electro Shot||[still]\n|-prepare|p2a: Archaludon|Electro Shot\n|-boost|p2a: Archaludon|spa|1\n|-anim|p2a: Archaludon|Electro Shot|p1a: Urshifu\n|-supereffective|p1a: Urshifu\n|-damage|p1a: Urshifu|0 fnt\n|faint|p1a: Urshifu\n|\n|win|Emirnent\n|raw|PokeHys4's rating: 1555 &rarr; <strong>1536<\/strong><br \/>(-19 for losing)\n|raw|Emirnent's rating: 1578 &rarr; <strong>1597<\/strong><br \/>(+19 for winning)\n|l|\u2606PokeHys4\n|player|p1|\n|l|\u2606Emirnent\n|player|p2|\n","uploadtime":1735340788,"views":383,"formatid":"gen9vgc2025regg","rating":1536,"private":0,"password":null}