{"id":"gen9vgc2025regg-2270016154","format":"[Gen 9] VGC 2025 Reg G","players":["soap858","Bef6"],"log":"|j|\u2606soap858\n|j|\u2606Bef6\n|t:|1735239908\n|gametype|doubles\n|player|p1|soap858|1|1503\n|player|p2|Bef6|lucas|1663\n|teamsize|p1|6\n|teamsize|p2|6\n|gen|9\n|tier|[Gen 9] VGC 2025 Reg G\n|rated|\n|rule|Species Clause: Limit one of each Pok\u00e9mon\n|rule|Item Clause: Limit 1 of each item\n|clearpoke\n|poke|p1|Calyrex-Ice, L50|\n|poke|p1|Incineroar, L50, F|\n|poke|p1|Urshifu-*, L50, M|\n|poke|p1|Rillaboom, L50, F|\n|poke|p1|Regieleki, L50|\n|poke|p1|Farigiraf, L50, F|\n|poke|p2|Calyrex-Ice, L50|\n|poke|p2|Urshifu-*, L50, F|\n|poke|p2|Ogerpon-Cornerstone, L50, F|\n|poke|p2|Raging Bolt, L50|\n|poke|p2|Farigiraf, L50, M|\n|poke|p2|Pelipper, L50, M|\n|teampreview|4\n|inactive|Battle timer is ON: inactive players will automatically lose when time's up. (requested by soap858)\n|inactive|soap858 has 60 seconds left.\n|\n|t:|1735239956\n|start\n|switch|p1a: Regieleki|Regieleki, L50|100\/100\n|switch|p1b: Calyrex|Calyrex-Ice, L50|100\/100\n|switch|p2a: Raging Bolt|Raging Bolt, L50|100\/100\n|switch|p2b: Ogerpon|Ogerpon-Cornerstone, L50, F|100\/100\n|-ability|p1b: Calyrex|As One\n|-ability|p1b: Calyrex|Unnerve\n|turn|1\n|inactive|soap858 has 30 seconds left.\n|\n|t:|1735239984\n|move|p2a: Raging Bolt|Protect|p2a: Raging Bolt\n|-singleturn|p2a: Raging Bolt|Protect\n|move|p1b: Calyrex|Protect|p1b: Calyrex\n|-singleturn|p1b: Calyrex|Protect\n|move|p1a: Regieleki|Electroweb|p2b: Ogerpon|[spread] p2b\n|-activate|p2a: Raging Bolt|move: Protect\n|-resisted|p2b: Ogerpon\n|-damage|p2b: Ogerpon|86\/100\n|-unboost|p2b: Ogerpon|spe|1\n|move|p2b: Ogerpon|Ivy Cudgel|p1b: Calyrex|[anim] Ivy Cudgel Rock\n|-activate|p1b: Calyrex|move: Protect\n|\n|upkeep\n|turn|2\n|\n|t:|1735240007\n|-terastallize|p1a: Regieleki|Electric\n|-terastallize|p2a: Raging Bolt|Electric\n|move|p2b: Ogerpon|Spiky Shield|p2b: Ogerpon\n|-singleturn|p2b: Ogerpon|move: Protect\n|move|p1a: Regieleki|Electroweb|p2a: Raging Bolt|[spread] p2a\n|-activate|p2b: Ogerpon|move: Protect\n|-resisted|p2a: Raging Bolt\n|-damage|p2a: Raging Bolt|84\/100\n|-unboost|p2a: Raging Bolt|spe|1\n|move|p2a: Raging Bolt|Thunderbolt|p1b: Calyrex\n|-damage|p1b: Calyrex|48\/100\n|-damage|p2a: Raging Bolt|74\/100|[from] item: Life Orb\n|move|p1b: Calyrex|Glacial Lance|p2a: Raging Bolt|[spread] p2a\n|-activate|p2b: Ogerpon|move: Protect\n|-damage|p2a: Raging Bolt|21\/100\n|\n|upkeep\n|turn|3\n|inactive|soap858 has 30 seconds left.\n|inactive|soap858 has 20 seconds left.\n|\n|t:|1735240043\n|move|p2a: Raging Bolt|Thunderclap|p1a: Regieleki\n|-resisted|p1a: Regieleki\n|-damage|p1a: Regieleki|33\/100\n|-damage|p2a: Raging Bolt|11\/100|[from] item: Life Orb\n|move|p1a: Regieleki|Electroweb|p2b: Ogerpon|[spread] p2a,p2b\n|-resisted|p2a: Raging Bolt\n|-resisted|p2b: Ogerpon\n|-damage|p2a: Raging Bolt|0 fnt\n|-damage|p2b: Ogerpon|67\/100\n|-unboost|p2b: Ogerpon|spe|1\n|faint|p2a: Raging Bolt\n|-end|p2a: Raging Bolt|Protosynthesis|[silent]\n|move|p2b: Ogerpon|Ivy Cudgel|p1a: Regieleki|[anim] Ivy Cudgel Rock\n|-damage|p1a: Regieleki|0 fnt\n|faint|p1a: Regieleki\n|move|p1b: Calyrex|Glacial Lance|p2b: Ogerpon\n|-supereffective|p2b: Ogerpon\n|-damage|p2b: Ogerpon|0 fnt\n|faint|p2b: Ogerpon\n|-ability|p1b: Calyrex|Chilling Neigh|boost\n|-boost|p1b: Calyrex|atk|1\n|\n|upkeep\n|\n|t:|1735240057\n|switch|p1a: Incineroar|Incineroar, L50, F|100\/100\n|switch|p2b: Urshifu|Urshifu-Rapid-Strike, L50, F|100\/100\n|switch|p2a: Calyrex|Calyrex-Ice, L50|100\/100\n|-ability|p2a: Calyrex|As One\n|-ability|p2a: Calyrex|Unnerve\n|-ability|p1a: Incineroar|Intimidate|boost\n|-unboost|p2a: Calyrex|atk|1\n|-unboost|p2b: Urshifu|atk|1\n|turn|4\n|\n|t:|1735240065\n|move|p1a: Incineroar|Fake Out|p2b: Urshifu\n|-damage|p2b: Urshifu|89\/100\n|cant|p2b: Urshifu|flinch\n|move|p2a: Calyrex|Glacial Lance|p1b: Calyrex|[spread] p1a,p1b\n|-resisted|p1a: Incineroar\n|-resisted|p1b: Calyrex\n|-damage|p1a: Incineroar|81\/100\n|-damage|p1b: Calyrex|35\/100\n|move|p1b: Calyrex|Glacial Lance|p2b: Urshifu|[spread] p2a,p2b\n|-resisted|p2a: Calyrex\n|-resisted|p2b: Urshifu\n|-damage|p2a: Calyrex|77\/100\n|-damage|p2b: Urshifu|43\/100\n|\n|upkeep\n|turn|5\n|\n|t:|1735240076\n|switch|p1a: Urshifu|Urshifu-Rapid-Strike, L50, M|100\/100\n|move|p2b: Urshifu|Surging Strikes|p1b: Calyrex\n|-crit|p1b: Calyrex\n|-damage|p1b: Calyrex|22\/100\n|-crit|p1b: Calyrex\n|-damage|p1b: Calyrex|8\/100\n|-crit|p1b: Calyrex\n|-damage|p1b: Calyrex|0 fnt\n|faint|p1b: Calyrex\n|-hitcount|p1: Calyrex|3\n|move|p2a: Calyrex|High Horsepower|p1a: Urshifu\n|-damage|p1a: Urshifu|73\/100\n|\n|upkeep\n|\n|t:|1735240080\n|switch|p1b: Incineroar|Incineroar, L50, F|81\/100\n|-ability|p1b: Incineroar|Intimidate|boost\n|-unboost|p2a: Calyrex|atk|1\n|-unboost|p2b: Urshifu|atk|1\n|turn|6\n|\n|t:|1735240098\n|move|p1b: Incineroar|Fake Out|p2b: Urshifu\n|-damage|p2b: Urshifu|32\/100\n|cant|p2b: Urshifu|flinch\n|move|p1a: Urshifu|Surging Strikes|p2b: Urshifu\n|-resisted|p2b: Urshifu\n|-crit|p2b: Urshifu\n|-damage|p2b: Urshifu|23\/100\n|-resisted|p2b: Urshifu\n|-crit|p2b: Urshifu\n|-damage|p2b: Urshifu|12\/100\n|-resisted|p2b: Urshifu\n|-crit|p2b: Urshifu\n|-damage|p2b: Urshifu|2\/100\n|-hitcount|p2b: Urshifu|3\n|move|p2a: Calyrex|High Horsepower|p1b: Incineroar\n|-supereffective|p1b: Incineroar\n|-damage|p1b: Incineroar|46\/100\n|\n|upkeep\n|turn|7\n|inactive|Bef6 has 30 seconds left.\n|\n|t:|1735240124\n|move|p1a: Urshifu|Aqua Jet|p2b: Urshifu\n|-resisted|p2b: Urshifu\n|-damage|p2b: Urshifu|0 fnt\n|faint|p2b: Urshifu\n|move|p1b: Incineroar|Knock Off|p2a: Calyrex\n|-supereffective|p2a: Calyrex\n|-damage|p2a: Calyrex|29\/100\n|-enditem|p2a: Calyrex|Never-Melt Ice|[from] move: Knock Off|[of] p1b: Incineroar\n|move|p2a: Calyrex|Glacial Lance|p1b: Incineroar|[spread] p1a,p1b\n|-resisted|p1a: Urshifu\n|-resisted|p1b: Incineroar\n|-crit|p1b: Incineroar\n|-damage|p1a: Urshifu|60\/100\n|-damage|p1b: Incineroar|7\/100\n|\n|upkeep\n|turn|8\n|-message|Bef6 forfeited.\n|\n|win|soap858\n|raw|soap858's rating: 1503 &rarr; <strong>1532<\/strong><br \/>(+29 for winning)\n|raw|Bef6's rating: 1663 &rarr; <strong>1634<\/strong><br \/>(-29 for losing)\n|l|\u2606Bef6\n|player|p2|\n|l|\u2606soap858\n|player|p1|\n","uploadtime":1735240329,"views":405,"formatid":"gen9vgc2025regg","rating":1532,"private":0,"password":null}