{"id":"gen9vgc2025regg-2270059405","format":"[Gen 9] VGC 2025 Reg G","players":["Paradox Mourinho","soap858"],"log":"|j|\u2606Paradox Mourinho\n|j|\u2606soap858\n|t:|1735245336\n|gametype|doubles\n|player|p1|Paradox Mourinho|lance|1628\n|player|p2|soap858|1|1629\n|teamsize|p1|6\n|teamsize|p2|6\n|gen|9\n|tier|[Gen 9] VGC 2025 Reg G\n|rated|\n|rule|Species Clause: Limit one of each Pok\u00e9mon\n|rule|Item Clause: Limit 1 of each item\n|clearpoke\n|poke|p1|Calyrex-Ice, L50|\n|poke|p1|Regieleki, L50|\n|poke|p1|Landorus, L50, M|\n|poke|p1|Iron Valiant, L50|\n|poke|p1|Ogerpon-Cornerstone, L50, F|\n|poke|p1|Farigiraf, L50, F|\n|poke|p2|Zamazenta-*, L50|\n|poke|p2|Chien-Pao, L50|\n|poke|p2|Flutter Mane, L50|\n|poke|p2|Rillaboom, L50, M|\n|poke|p2|Chandelure, L50, F|\n|poke|p2|Entei, L50|\n|teampreview|4\n|inactive|Battle timer is ON: inactive players will automatically lose when time's up. (requested by soap858)\n|j| kmpi92\n|inactive|Paradox Mourinho has 60 seconds left.\n|\n|t:|1735245386\n|start\n|switch|p1a: Calyrex|Calyrex-Ice, L50|100\/100\n|switch|p1b: Regieleki|Regieleki, L50|100\/100\n|switch|p2a: Zamazenta|Zamazenta-Crowned, L50|100\/100\n|switch|p2b: Flutter Mane|Flutter Mane, L50|100\/100\n|-ability|p1a: Calyrex|As One\n|-ability|p1a: Calyrex|Unnerve\n|-ability|p2a: Zamazenta|Dauntless Shield|boost\n|-boost|p2a: Zamazenta|def|1\n|-enditem|p2b: Flutter Mane|Booster Energy\n|-activate|p2b: Flutter Mane|ability: Protosynthesis|[fromitem]\n|-start|p2b: Flutter Mane|protosynthesisspe\n|turn|1\n|\n|t:|1735245402\n|-terastallize|p1a: Calyrex|Fire\n|move|p2b: Flutter Mane|Protect|p2b: Flutter Mane\n|-singleturn|p2b: Flutter Mane|Protect\n|move|p1b: Regieleki|Electroweb|p2a: Zamazenta|[spread] p2a\n|-activate|p2b: Flutter Mane|move: Protect\n|-damage|p2a: Zamazenta|82\/100\n|-unboost|p2a: Zamazenta|spe|1\n|move|p2a: Zamazenta|Body Press|p1b: Regieleki\n|-enditem|p1b: Regieleki|Focus Sash\n|-damage|p1b: Regieleki|1\/100\n|move|p1a: Calyrex|Glacial Lance|p2a: Zamazenta|[spread] p2a\n|-activate|p2b: Flutter Mane|move: Protect\n|-resisted|p2a: Zamazenta\n|-damage|p2a: Zamazenta|72\/100\n|\n|upkeep\n|turn|2\n|inactive|soap858 has 30 seconds left.\n|inactive|soap858 has 20 seconds left.\n|\n|t:|1735245440\n|move|p2b: Flutter Mane|Thunder Wave|p1a: Calyrex\n|-status|p1a: Calyrex|par\n|move|p1b: Regieleki|Thunderbolt|p2a: Zamazenta\n|-damage|p2a: Zamazenta|31\/100\n|move|p2a: Zamazenta|Body Press|p1a: Calyrex\n|-damage|p1a: Calyrex|55\/100 par\n|move|p1a: Calyrex|Glacial Lance|p2a: Zamazenta|[spread] p2a,p2b\n|-resisted|p2a: Zamazenta\n|-damage|p2a: Zamazenta|20\/100\n|-damage|p2b: Flutter Mane|3\/100\n|\n|upkeep\n|turn|3\n|\n|t:|1735245464\n|move|p1b: Regieleki|Protect|p1b: Regieleki\n|-singleturn|p1b: Regieleki|Protect\n|move|p2b: Flutter Mane|Icy Wind|p1a: Calyrex|[spread] p1a\n|-activate|p1b: Regieleki|move: Protect\n|-resisted|p1a: Calyrex\n|-damage|p1a: Calyrex|52\/100 par\n|-unboost|p1a: Calyrex|spe|1\n|move|p2a: Zamazenta|Body Press|p1a: Calyrex\n|-damage|p1a: Calyrex|10\/100 par\n|move|p1a: Calyrex|Glacial Lance|p2b: Flutter Mane|[spread] p2a,p2b\n|-resisted|p2a: Zamazenta\n|-damage|p2a: Zamazenta|8\/100\n|-damage|p2b: Flutter Mane|0 fnt\n|faint|p2b: Flutter Mane\n|-end|p2b: Flutter Mane|Protosynthesis|[silent]\n|-ability|p1a: Calyrex|Chilling Neigh|boost\n|-boost|p1a: Calyrex|atk|1\n|\n|upkeep\n|\n|t:|1735245479\n|switch|p2b: Entei|Entei, L50|100\/100\n|turn|4\n|\n|t:|1735245491\n|switch|p1a: Farigiraf|Farigiraf, L50, F|100\/100\n|move|p2a: Zamazenta|Protect|p2a: Zamazenta\n|-singleturn|p2a: Zamazenta|Protect\n|move|p1b: Regieleki|Thunderbolt|p2a: Zamazenta\n|-activate|p2a: Zamazenta|move: Protect\n|move|p2b: Entei|Stomping Tantrum|p1a: Farigiraf\n|-damage|p1a: Farigiraf|65\/100\n|\n|upkeep\n|turn|5\n|inactive|soap858 has 30 seconds left.\n|\n|t:|1735245521\n|switch|p2b: Chien-Pao|Chien-Pao, L50|100\/100\n|-ability|p2b: Chien-Pao|Sword of Ruin\n|move|p1b: Regieleki|Thunderbolt|p2a: Zamazenta\n|-damage|p2a: Zamazenta|0 fnt\n|faint|p2a: Zamazenta\n|move|p1a: Farigiraf|Trick Room|p1a: Farigiraf\n|-fieldstart|move: Trick Room|[of] p1a: Farigiraf\n|\n|upkeep\n|\n|t:|1735245523\n|switch|p2a: Entei|Entei, L50|100\/100\n|turn|6\n|inactive|soap858 has 30 seconds left.\n|\n|t:|1735245555\n|move|p1a: Farigiraf|Hyper Voice|p2a: Entei|[spread] p2a,p2b\n|-crit|p2a: Entei\n|-damage|p2a: Entei|43\/100\n|-damage|p2b: Chien-Pao|52\/100\n|-enditem|p1a: Farigiraf|Throat Spray\n|-boost|p1a: Farigiraf|spa|1|[from] item: Throat Spray\n|move|p2a: Entei|Stomping Tantrum|p1b: Regieleki\n|-supereffective|p1b: Regieleki\n|-damage|p1b: Regieleki|0 fnt\n|faint|p1b: Regieleki\n|move|p2b: Chien-Pao|Throat Chop|p1a: Farigiraf\n|-supereffective|p1a: Farigiraf\n|-damage|p1a: Farigiraf|0 fnt\n|faint|p1a: Farigiraf\n|\n|upkeep\n|\n|t:|1735245562\n|switch|p1a: Ogerpon|Ogerpon-Cornerstone, L50, F|100\/100\n|switch|p1b: Calyrex|Calyrex-Ice, L50, tera:Fire|10\/100 par\n|-ability|p1b: Calyrex|As One\n|-ability|p1b: Calyrex|Unnerve\n|turn|7\n|\n|t:|1735245583\n|move|p1a: Ogerpon|Follow Me|p1a: Ogerpon\n|-singleturn|p1a: Ogerpon|move: Follow Me\n|move|p2b: Chien-Pao|Sucker Punch||[still]\n|-fail|p2b: Chien-Pao\n|move|p1b: Calyrex|Close Combat|p2a: Entei\n|-damage|p2a: Entei|0 fnt\n|-unboost|p1b: Calyrex|def|1\n|-unboost|p1b: Calyrex|spd|1\n|faint|p2a: Entei\n|-ability|p1b: Calyrex|Chilling Neigh|boost\n|-boost|p1b: Calyrex|atk|1\n|\n|upkeep\n|turn|8\n|-message|soap858 forfeited.\n|\n|win|Paradox Mourinho\n|raw|Paradox Mourinho's rating: 1628 &rarr; <strong>1648<\/strong><br \/>(+20 for winning)\n|raw|soap858's rating: 1629 &rarr; <strong>1609<\/strong><br \/>(-20 for losing)\n|l|\u2606soap858\n|player|p2|\n|l|\u2606Paradox Mourinho\n|player|p1|\n|j|\u2606Paradox Mourinho\n|player|p1|Paradox Mourinho|lance|\n|l|\u2606Paradox Mourinho\n|player|p1|\n","uploadtime":1735245733,"views":530,"formatid":"gen9vgc2025regg","rating":1609,"private":0,"password":null}