{"id":"gen9vgc2025regg-2270394826","format":"[Gen 9] VGC 2025 Reg G","players":["Bef6","Jaime.DS"],"log":"|j|\u2606Bef6\n|j|\u2606Jaime.DS\n|t:|1735302123\n|gametype|doubles\n|player|p1|Bef6|lucas|1611\n|player|p2|Jaime.DS|170|1605\n|teamsize|p1|6\n|teamsize|p2|6\n|gen|9\n|tier|[Gen 9] VGC 2025 Reg G\n|rated|\n|rule|Species Clause: Limit one of each Pok\u00e9mon\n|rule|Item Clause: Limit 1 of each item\n|clearpoke\n|poke|p1|Terapagos, L50, M|\n|poke|p1|Raging Bolt, L50|\n|poke|p1|Urshifu-*, L50, M|\n|poke|p1|Tornadus, L50, M|\n|poke|p1|Amoonguss, L50, M|\n|poke|p1|Grimmsnarl, L50, M|\n|poke|p2|Calyrex-Shadow, L50|\n|poke|p2|Tornadus, L50, M|\n|poke|p2|Chi-Yu, L50|\n|poke|p2|Mienshao, L50, F|\n|poke|p2|Dondozo, L50, M|\n|poke|p2|Tatsugiri, L50, F|\n|teampreview|4\n|j| mockBerry1\n|\n|t:|1735302160\n|start\n|switch|p1a: Raging Bolt|Raging Bolt, L50|100\/100\n|switch|p1b: Grimmsnarl|Grimmsnarl, L50, M|100\/100\n|switch|p2a: Mienshao|Mienshao, L50, F|100\/100\n|switch|p2b: Calyrex|Calyrex-Shadow, L50|100\/100\n|-ability|p2b: Calyrex|As One\n|-ability|p2b: Calyrex|Unnerve\n|turn|1\n|\n|t:|1735302188\n|move|p2a: Mienshao|Fake Out|p1b: Grimmsnarl\n|-damage|p1b: Grimmsnarl|86\/100\n|cant|p1b: Grimmsnarl|flinch\n|move|p2b: Calyrex|Astral Barrage|p1b: Grimmsnarl|[spread] p1a,p1b\n|-resisted|p1b: Grimmsnarl\n|-damage|p1a: Raging Bolt|27\/100\n|-damage|p1b: Grimmsnarl|50\/100\n|move|p1a: Raging Bolt|Thunderbolt|p2b: Calyrex\n|-damage|p2b: Calyrex|40\/100\n|-damage|p1a: Raging Bolt|17\/100|[from] item: Life Orb\n|\n|upkeep\n|turn|2\n|\n|t:|1735302218\n|-end|p1a: Raging Bolt|Protosynthesis|[silent]\n|switch|p1a: Terapagos|Terapagos, L50, M|100\/100\n|-activate|p1a: Terapagos|ability: Tera Shift\n|detailschange|p1a: Terapagos|Terapagos-Terastal, L50, M\n|-heal|p1a: Terapagos|100\/100|[silent]\n|move|p1b: Grimmsnarl|Trick|p2a: Mienshao\n|-activate|p1b: Grimmsnarl|move: Trick|[of] p2a: Mienshao\n|-item|p2a: Mienshao|Lagging Tail|[from] move: Trick\n|-item|p1b: Grimmsnarl|Focus Sash|[from] move: Trick\n|move|p2b: Calyrex|Astral Barrage|p1a: Terapagos|[spread] p1b\n|-immune|p1a: Terapagos\n|-resisted|p1b: Grimmsnarl\n|-damage|p1b: Grimmsnarl|11\/100\n|move|p2a: Mienshao|Close Combat|p1b: Grimmsnarl\n|-damage|p1b: Grimmsnarl|0 fnt\n|-unboost|p2a: Mienshao|def|1\n|-unboost|p2a: Mienshao|spd|1\n|faint|p1b: Grimmsnarl\n|\n|upkeep\n|\n|t:|1735302242\n|switch|p1b: Raging Bolt|Raging Bolt, L50|17\/100\n|turn|3\n|\n|t:|1735302247\n|move|p1b: Raging Bolt|Thunderclap|p2b: Calyrex\n|-damage|p2b: Calyrex|0 fnt\n|faint|p2b: Calyrex\n|-damage|p1b: Raging Bolt|8\/100|[from] item: Life Orb\n|move|p1a: Terapagos|Tera Starstorm|p2a: Mienshao\n|-damage|p2a: Mienshao|0 fnt\n|faint|p2a: Mienshao\n|\n|upkeep\n|\n|t:|1735302257\n|switch|p2b: Tatsugiri|Tatsugiri, L50, F|100\/100\n|switch|p2a: Dondozo|Dondozo, L50, M|100\/100\n|-activate|p2b: Tatsugiri|ability: Commander|[of] p2a: Dondozo\n|-boost|p2a: Dondozo|atk|2\n|-boost|p2a: Dondozo|spa|2\n|-boost|p2a: Dondozo|spe|2\n|-boost|p2a: Dondozo|def|2\n|-boost|p2a: Dondozo|spd|2\n|turn|4\n|\n|t:|1735302281\n|move|p1b: Raging Bolt|Thunderclap|p2a: Dondozo\n|-supereffective|p2a: Dondozo\n|-damage|p2a: Dondozo|45\/100\n|-damage|p1b: Raging Bolt|0 fnt|[from] item: Life Orb\n|faint|p1b: Raging Bolt\n|-end|p1b: Raging Bolt|Protosynthesis|[silent]\n|move|p2a: Dondozo|Order Up|p1a: Terapagos\n|-activate|p1a: Terapagos|ability: Tera Shell\n|-resisted|p1a: Terapagos\n|-damage|p1a: Terapagos|78\/100\n|-boost|p2a: Dondozo|atk|1\n|move|p1a: Terapagos|Tera Starstorm|p2a: Dondozo\n|-damage|p2a: Dondozo|2\/100\n|\n|-heal|p2a: Dondozo|8\/100|[from] item: Leftovers\n|upkeep\n|\n|t:|1735302285\n|switch|p1b: Amoonguss|Amoonguss, L50, M|100\/100\n|turn|5\n|\n|t:|1735302301\n|-terastallize|p2a: Dondozo|Grass\n|-terastallize|p1a: Terapagos|Stellar\n|detailschange|p1a: Terapagos|Terapagos-Stellar, L50, M, tera:Stellar\n|-heal|p1a: Terapagos|84\/100|[silent]\n|move|p2a: Dondozo|Liquidation|p1a: Terapagos\n|-damage|p1a: Terapagos|20\/100\n|move|p1a: Terapagos|Tera Starstorm|p2a: Dondozo|[spread] p2a\n|-miss|p1a: Terapagos|p2b: Tatsugiri\n|-supereffective|p2a: Dondozo\n|-damage|p2a: Dondozo|0 fnt\n|faint|p2a: Dondozo\n|move|p1b: Amoonguss|Pollen Puff|p1a: Terapagos\n|-heal|p1a: Terapagos|70\/100\n|\n|upkeep\n|turn|6\n|j| holyonion\n|\n|t:|1735302320\n|move|p1a: Terapagos|Tera Starstorm|p2b: Tatsugiri\n|-damage|p2b: Tatsugiri|26\/100\n|move|p2b: Tatsugiri|Draco Meteor|p1a: Terapagos\n|-damage|p1a: Terapagos|9\/100\n|-unboost|p2b: Tatsugiri|spa|2\n|-damage|p2b: Tatsugiri|16\/100|[from] item: Life Orb\n|move|p1b: Amoonguss|Spore|p2b: Tatsugiri\n|-status|p2b: Tatsugiri|slp|[from] move: Spore\n|\n|upkeep\n|turn|7\n|-message|Jaime.DS forfeited.\n|\n|win|Bef6\n|raw|Bef6's rating: 1611 &rarr; <strong>1631<\/strong><br \/>(+20 for winning)\n|raw|Jaime.DS's rating: 1605 &rarr; <strong>1585<\/strong><br \/>(-20 for losing)\n|l|\u2606Jaime.DS\n|player|p2|\n|l|\u2606Bef6\n|player|p1|\n|l| mockBerry1\n|l| holyonion\n","uploadtime":1735302486,"views":107,"formatid":"gen9vgc2025regg","rating":1585,"private":0,"password":null}