{"id":"gen9vgc2025regg-2270521710","format":"[Gen 9] VGC 2025 Reg G","players":["FunkyPengu1n","Crysantimo"],"log":"|j|\u203dFunkyPengu1n\n|j|\u2606Crysantimo\n|t:|1735320738\n|gametype|doubles\n|player|p1|FunkyPengu1n|266|1531\n|player|p2|Crysantimo|madame-gen4dp|1565\n|teamsize|p1|6\n|teamsize|p2|6\n|gen|9\n|tier|[Gen 9] VGC 2025 Reg G\n|rated|\n|rule|Species Clause: Limit one of each Pok\u00e9mon\n|rule|Item Clause: Limit 1 of each item\n|clearpoke\n|poke|p1|Ogerpon-Hearthflame, L50, F|\n|poke|p1|Urshifu-*, L50, F|\n|poke|p1|Iron Hands, L50|\n|poke|p1|Farigiraf, L50, F|\n|poke|p1|Whimsicott, L50, F|\n|poke|p1|Miraidon, L50|\n|poke|p2|Calyrex-Shadow, L50|\n|poke|p2|Weezing-Galar, L50, M|\n|poke|p2|Pawmot, L50, M|\n|poke|p2|Chi-Yu, L50|\n|poke|p2|Dragonite, L50, M|\n|poke|p2|Clefairy, L50, M|\n|teampreview|4\n|j| weegc\n|inactive|Battle timer is ON: inactive players will automatically lose when time's up. (requested by Crysantimo)\n|j| Frankieblueeyes\n|\n|t:|1735320773\n|start\n|switch|p1a: Urshifu|Urshifu, L50, F|100\/100\n|switch|p1b: Iron Hands|Iron Hands, L50|100\/100\n|switch|p2a: Calyrex|Calyrex-Shadow, L50|100\/100\n|switch|p2b: Weezing|Weezing-Galar, L50, M|100\/100\n|-ability|p2a: Calyrex|As One\n|-ability|p2a: Calyrex|Unnerve\n|-ability|p2b: Weezing|Neutralizing Gas\n|turn|1\n|\n|t:|1735320790\n|switch|p2a: Dragonite|Dragonite, L50, M|100\/100\n|move|p1b: Iron Hands|Fake Out|p2b: Weezing\n|-damage|p2b: Weezing|85\/100\n|move|p1a: Urshifu|Wicked Blow|p2a: Dragonite\n|-crit|p2a: Dragonite\n|-damage|p2a: Dragonite|35\/100\n|cant|p2b: Weezing|flinch\n|\n|upkeep\n|turn|2\n|\n|t:|1735320810\n|move|p1a: Urshifu|Protect|p1a: Urshifu\n|-singleturn|p1a: Urshifu|Protect\n|move|p2a: Dragonite|Extreme Speed|p1a: Urshifu\n|-activate|p1a: Urshifu|move: Protect\n|move|p2b: Weezing|Will-O-Wisp|p1b: Iron Hands|[miss]\n|-miss|p2b: Weezing|p1b: Iron Hands\n|move|p1b: Iron Hands|Wild Charge|p2b: Weezing\n|-damage|p2b: Weezing|35\/100\n|-enditem|p2b: Weezing|Sitrus Berry|[eat]\n|-heal|p2b: Weezing|60\/100|[from] item: Sitrus Berry\n|-damage|p1b: Iron Hands|92\/100|[from] Recoil\n|\n|upkeep\n|turn|3\n|\n|t:|1735320836\n|-end|p1b: Iron Hands|Quark Drive|[silent]\n|switch|p1b: Farigiraf|Farigiraf, L50, F|100\/100\n|move|p2a: Dragonite|Extreme Speed|p1a: Urshifu\n|-damage|p1a: Urshifu|67\/100\n|move|p1a: Urshifu|Wicked Blow|p2a: Dragonite\n|-crit|p2a: Dragonite\n|-damage|p2a: Dragonite|0 fnt\n|faint|p2a: Dragonite\n|move|p2b: Weezing|Play Rough|p1a: Urshifu\n|-supereffective|p1a: Urshifu\n|-damage|p1a: Urshifu|0 fnt\n|faint|p1a: Urshifu\n|\n|upkeep\n|\n|t:|1735320849\n|switch|p1a: Iron Hands|Iron Hands, L50|92\/100\n|switch|p2a: Calyrex|Calyrex-Shadow, L50|100\/100\n|-ability|p2a: Calyrex|As One\n|-ability|p2a: Calyrex|Unnerve\n|turn|4\n|\n|t:|1735320862\n|move|p1a: Iron Hands|Fake Out|p2b: Weezing\n|-damage|p2b: Weezing|47\/100\n|move|p2a: Calyrex|Pollen Puff|p1b: Farigiraf\n|-supereffective|p1b: Farigiraf\n|-damage|p1b: Farigiraf|3\/100\n|cant|p2b: Weezing|flinch\n|move|p1b: Farigiraf|Trick Room|p1b: Farigiraf\n|-fieldstart|move: Trick Room|[of] p1b: Farigiraf\n|\n|upkeep\n|turn|5\n|\n|t:|1735320884\n|switch|p2a: Pawmot|Pawmot, L50, M|100\/100\n|-terastallize|p2b: Weezing|Grass\n|move|p1a: Iron Hands|Wild Charge|p2a: Pawmot\n|-resisted|p2a: Pawmot\n|-damage|p2a: Pawmot|62\/100\n|-damage|p1a: Iron Hands|86\/100|[from] Recoil\n|move|p2b: Weezing|Will-O-Wisp|p1a: Iron Hands\n|-status|p1a: Iron Hands|brn\n|move|p1b: Farigiraf|Psychic Noise|p2b: Weezing\n|-damage|p2b: Weezing|17\/100\n|-start|p2b: Weezing|move: Heal Block\n|\n|-damage|p1a: Iron Hands|80\/100 brn|[from] brn\n|upkeep\n|turn|6\n|inactive|FunkyPengu1n has 30 seconds left.\n|\n|t:|1735320915\n|switch|p1b: Miraidon|Miraidon, L50|100\/100\n|move|p2a: Pawmot|Fake Out|p1b: Miraidon\n|-damage|p1b: Miraidon|89\/100\n|move|p1a: Iron Hands|Drain Punch|p2b: Weezing\n|-damage|p2b: Weezing|0 fnt\n|-heal|p1a: Iron Hands|86\/100 brn|[from] drain|[of] p2b: Weezing\n|faint|p2b: Weezing\n|-end|p2b: Weezing|ability: Neutralizing Gas\n|-fieldstart|move: Electric Terrain|[from] ability: Hadron Engine|[of] p1b: Miraidon\n|-activate|p1a: Iron Hands|ability: Quark Drive\n|-start|p1a: Iron Hands|quarkdriveatk\n|\n|-damage|p1a: Iron Hands|80\/100 brn|[from] brn\n|upkeep\n|\n|t:|1735320917\n|switch|p2b: Calyrex|Calyrex-Shadow, L50|100\/100\n|-ability|p2b: Calyrex|As One\n|-ability|p2b: Calyrex|Unnerve\n|turn|7\n|\n|t:|1735320939\n|-end|p1a: Iron Hands|Quark Drive|[silent]\n|switch|p1a: Farigiraf|Farigiraf, L50, F|3\/100\n|-enditem|p1a: Farigiraf|Electric Seed\n|-boost|p1a: Farigiraf|def|1|[from] item: Electric Seed\n|-terastallize|p1b: Miraidon|Fairy\n|move|p2a: Pawmot|Revival Blessing|p2a: Pawmot\n|\n|t:|1735320942\n|-heal|p2: Dragonite|50\/100|[from] move: Revival Blessing\n|move|p1b: Miraidon|Dazzling Gleam|p2a: Pawmot|[spread] p2a,p2b\n|-supereffective|p2a: Pawmot\n|-damage|p2a: Pawmot|0 fnt\n|-damage|p2b: Calyrex|36\/100\n|faint|p2a: Pawmot\n|move|p2b: Calyrex|Astral Barrage|p1b: Miraidon|[spread] p1b\n|-immune|p1a: Farigiraf\n|-damage|p1b: Miraidon|24\/100\n|\n|upkeep\n|\n|t:|1735320944\n|switch|p2a: Dragonite|Dragonite, L50, M|50\/100\n|turn|8\n|inactive|FunkyPengu1n has 30 seconds left.\n|inactive|FunkyPengu1n has 20 seconds left.\n|inactive|FunkyPengu1n has 15 seconds left.\n|\n|t:|1735320984\n|move|p1a: Farigiraf|Foul Play|p2b: Calyrex\n|-supereffective|p2b: Calyrex\n|-damage|p2b: Calyrex|0 fnt\n|faint|p2b: Calyrex\n|move|p2a: Dragonite|Aerial Ace|p1b: Miraidon\n|-damage|p1b: Miraidon|0 fnt\n|faint|p1b: Miraidon\n|\n|-fieldend|move: Trick Room\n|upkeep\n|\n|t:|1735320990\n|switch|p1b: Iron Hands|Iron Hands, L50|80\/100 brn\n|-activate|p1b: Iron Hands|ability: Quark Drive\n|-start|p1b: Iron Hands|quarkdriveatk\n|turn|9\n|\n|t:|1735320996\n|move|p2a: Dragonite|Aerial Ace|p1a: Farigiraf\n|-damage|p1a: Farigiraf|0 fnt\n|faint|p1a: Farigiraf\n|move|p1b: Iron Hands|Wild Charge|p2a: Dragonite\n|-damage|p2a: Dragonite|7\/100\n|-damage|p1b: Iron Hands|72\/100 brn|[from] Recoil\n|\n|-damage|p1b: Iron Hands|66\/100 brn|[from] brn\n|upkeep\n|turn|10\n|\n|t:|1735321002\n|move|p2a: Dragonite|Stomping Tantrum|p1b: Iron Hands\n|-supereffective|p1b: Iron Hands\n|-damage|p1b: Iron Hands|25\/100 brn\n|move|p1b: Iron Hands|Wild Charge|p2a: Dragonite\n|-damage|p2a: Dragonite|0 fnt\n|faint|p2a: Dragonite\n|-damage|p1b: Iron Hands|24\/100 brn|[from] Recoil\n|\n|win|FunkyPengu1n\n|raw|FunkyPengu1n's rating: 1531 &rarr; <strong>1553<\/strong><br \/>(+22 for winning)\n|raw|Crysantimo's rating: 1565 &rarr; <strong>1543<\/strong><br \/>(-22 for losing)\n|c|\u2606Crysantimo|Gg\n|l|\u203dFunkyPengu1n\n|player|p1|\n|l| weegc\n","uploadtime":1735321240,"views":20,"formatid":"gen9vgc2025regg","rating":1543,"private":0,"password":null}