{"id":"gen9vgc2025regg-2270511202","format":"[Gen 9] VGC 2025 Reg G","players":["infinitygroudon","TheOnlyFizzo"],"log":"|j|\u2606infinitygroudon\n|j|\u2606TheOnlyFizzo\n|t:|1735319420\n|gametype|doubles\n|player|p1|infinitygroudon|265|1540\n|player|p2|TheOnlyFizzo|2|1581\n|teamsize|p1|6\n|teamsize|p2|6\n|gen|9\n|tier|[Gen 9] VGC 2025 Reg G\n|rated|\n|rule|Species Clause: Limit one of each Pok\u00e9mon\n|rule|Item Clause: Limit 1 of each item\n|clearpoke\n|poke|p1|Calyrex-Shadow, L50|\n|poke|p1|Incineroar, L50, M|\n|poke|p1|Weezing-Galar, L50, M|\n|poke|p1|Indeedee-F, L50, F|\n|poke|p1|Iron Valiant, L50|\n|poke|p1|Ursaluna-Bloodmoon, L50, M|\n|poke|p2|Indeedee-F, L50, F|\n|poke|p2|Regidrago, L50|\n|poke|p2|Torkoal, L50, F|\n|poke|p2|Gallade, L50, M|\n|poke|p2|Calyrex-Ice, L50|\n|poke|p2|Hitmonchan, L50, M|\n|teampreview|4\n|inactive|Battle timer is ON: inactive players will automatically lose when time's up. (requested by TheOnlyFizzo)\n|\n|t:|1735319451\n|start\n|switch|p1a: Mr. Grizz|Ursaluna-Bloodmoon, L50, M|100\/100\n|switch|p1b: Duncan|Calyrex-Shadow, L50|100\/100\n|switch|p2a: Calyrex|Calyrex-Ice, L50|100\/100\n|switch|p2b: Hitmonchan|Hitmonchan, L50, M|100\/100\n|-ability|p1b: Duncan|As One\n|-ability|p1b: Duncan|Unnerve\n|-ability|p2a: Calyrex|As One\n|-ability|p2a: Calyrex|Unnerve\n|turn|1\n|j| Frankieblueeyes\n|l| Frankieblueeyes\n|inactive|infinitygroudon has 30 seconds left.\n|j| Frankieblueeyes\n|inactive|infinitygroudon has 20 seconds left.\n|\n|t:|1735319488\n|-terastallize|p1a: Mr. Grizz|Normal\n|-terastallize|p2a: Calyrex|Normal\n|move|p2b: Hitmonchan|Fake Out|p1a: Mr. Grizz\n|-damage|p1a: Mr. Grizz|92\/100\n|move|p1b: Duncan|Astral Barrage|p2a: Calyrex|[spread] p2b\n|-immune|p2a: Calyrex\n|-damage|p2b: Hitmonchan|4\/100\n|-damage|p1b: Duncan|91\/100|[from] item: Life Orb\n|cant|p1a: Mr. Grizz|flinch\n|move|p2a: Calyrex|Trick Room|p2a: Calyrex\n|-fieldstart|move: Trick Room|[of] p2a: Calyrex\n|\n|upkeep\n|turn|2\n|inactive|TheOnlyFizzo has 30 seconds left.\n|j| Crysantimo\n|inactive|TheOnlyFizzo has 20 seconds left.\n|inactive|TheOnlyFizzo has 15 seconds left.\n|\n|t:|1735319532\n|switch|p1b: Banderilla|Incineroar, L50, M|100\/100\n|-ability|p1b: Banderilla|Intimidate|boost\n|-unboost|p2a: Calyrex|atk|1\n|-fail|p2b: Hitmonchan|unboost|Attack|[from] ability: Inner Focus|[of] p2b: Hitmonchan\n|-enditem|p2a: Calyrex|White Herb\n|-clearnegativeboost|p2a: Calyrex|[silent]\n|move|p2a: Calyrex|Close Combat|p1a: Mr. Grizz\n|-supereffective|p1a: Mr. Grizz\n|-damage|p1a: Mr. Grizz|22\/100\n|-unboost|p2a: Calyrex|def|1\n|-unboost|p2a: Calyrex|spd|1\n|move|p1a: Mr. Grizz|Blood Moon|p2a: Calyrex\n|-damage|p2a: Calyrex|6\/100\n|move|p2b: Hitmonchan|Coaching|p2a: Calyrex\n|-boost|p2a: Calyrex|atk|1\n|-boost|p2a: Calyrex|def|1\n|\n|upkeep\n|turn|3\n|inactive|TheOnlyFizzo has 30 seconds left.\n|inactive|infinitygroudon has 30 seconds left.\n|inactive|TheOnlyFizzo has 20 seconds left.\n|inactive|TheOnlyFizzo has 15 seconds left.\n|\n|t:|1735319574\n|move|p2a: Calyrex|Protect|p2a: Calyrex\n|-singleturn|p2a: Calyrex|Protect\n|move|p1a: Mr. Grizz|Vacuum Wave|p2a: Calyrex\n|-activate|p2a: Calyrex|move: Protect\n|move|p1b: Banderilla|Knock Off|p2b: Hitmonchan\n|-resisted|p2b: Hitmonchan\n|-damage|p2b: Hitmonchan|0 fnt\n|-enditem|p2b: Hitmonchan|Focus Sash|[from] move: Knock Off|[of] p1b: Banderilla\n|faint|p2b: Hitmonchan\n|\n|upkeep\n|\n|t:|1735319586\n|switch|p2b: Torkoal|Torkoal, L50, F|100\/100\n|-weather|SunnyDay|[from] ability: Drought|[of] p2b: Torkoal\n|turn|4\n|\n|t:|1735319596\n|switch|p2a: Gallade|Gallade, L50, M|100\/100\n|move|p1a: Mr. Grizz|Vacuum Wave|p2a: Gallade\n|-resisted|p2a: Gallade\n|-damage|p2a: Gallade|94\/100\n|move|p2b: Torkoal|Eruption|p1a: Mr. Grizz|[spread] p1a,p1b\n|-resisted|p1b: Banderilla\n|-damage|p1a: Mr. Grizz|0 fnt\n|-damage|p1b: Banderilla|70\/100\n|faint|p1a: Mr. Grizz\n|move|p1b: Banderilla|Parting Shot|p2b: Torkoal\n|-unboost|p2b: Torkoal|atk|1\n|-unboost|p2b: Torkoal|spa|1\n|\n|t:|1735319604\n|switch|p1b: Duncan|Calyrex-Shadow, L50|91\/100|[from] Parting Shot\n|-ability|p1b: Duncan|As One\n|-ability|p1b: Duncan|Unnerve\n|\n|-weather|SunnyDay|[upkeep]\n|upkeep\n|\n|t:|1735319607\n|switch|p1a: Banderilla|Incineroar, L50, M|70\/100\n|-ability|p1a: Banderilla|Intimidate|boost\n|-fail|p2a: Gallade|unboost|[from] item: Clear Amulet|[of] p2a: Gallade\n|-unboost|p2b: Torkoal|atk|1\n|turn|5\n|inactive|TheOnlyFizzo has 30 seconds left.\n|inactive|TheOnlyFizzo has 20 seconds left.\n|inactive|TheOnlyFizzo has 15 seconds left.\n|\n|t:|1735319652\n|move|p1a: Banderilla|Fake Out|p2b: Torkoal\n|-damage|p2b: Torkoal|91\/100\n|cant|p2b: Torkoal|flinch\n|move|p2a: Gallade|Sacred Sword|p1a: Banderilla\n|-supereffective|p1a: Banderilla\n|-damage|p1a: Banderilla|0 fnt\n|faint|p1a: Banderilla\n|move|p1b: Duncan|Astral Barrage|p2b: Torkoal|[spread] p2a,p2b\n|-supereffective|p2a: Gallade\n|-damage|p2a: Gallade|0 fnt\n|-damage|p2b: Torkoal|0 fnt\n|faint|p2a: Gallade\n|faint|p2b: Torkoal\n|-ability|p1b: Duncan|Grim Neigh|boost\n|-boost|p1b: Duncan|spa|2\n|-damage|p1b: Duncan|81\/100|[from] item: Life Orb\n|\n|-weather|SunnyDay|[upkeep]\n|-fieldend|move: Trick Room\n|upkeep\n|-message|TheOnlyFizzo forfeited.\n|\n|win|infinitygroudon\n|raw|infinitygroudon's rating: 1540 &rarr; <strong>1562<\/strong><br \/>(+22 for winning)\n|raw|TheOnlyFizzo's rating: 1581 &rarr; <strong>1559<\/strong><br \/>(-22 for losing)\n|l|\u2606TheOnlyFizzo\n|player|p2|\n|l|\u2606infinitygroudon\n|player|p1|\n","uploadtime":1735319829,"views":22,"formatid":"gen9vgc2025regg","rating":1559,"private":0,"password":null}