{"id":"gen9vgc2025regg-2270701194","format":"[Gen 9] VGC 2025 Reg G","players":["caZISA","soap858"],"log":"|j|\u2606caZISA\n|j|\u2606soap858\n|t:|1735343725\n|gametype|doubles\n|player|p1|caZISA|red|1594\n|player|p2|soap858|2|1568\n|teamsize|p1|6\n|teamsize|p2|6\n|gen|9\n|tier|[Gen 9] VGC 2025 Reg G\n|rated|\n|rule|Species Clause: Limit one of each Pok\u00e9mon\n|rule|Item Clause: Limit 1 of each item\n|clearpoke\n|poke|p1|Calyrex-Ice, L50|\n|poke|p1|Urshifu-*, L50, F|\n|poke|p1|Raging Bolt, L50|\n|poke|p1|Rillaboom, L50, M|\n|poke|p1|Torkoal, L50, F|\n|poke|p1|Smeargle, L50, M|\n|poke|p2|Zamazenta-*, L50|\n|poke|p2|Chien-Pao, L50|\n|poke|p2|Rillaboom, L50, F|\n|poke|p2|Flutter Mane, L50|\n|poke|p2|Dragonite, L50, F|\n|poke|p2|Chandelure, L50, M|\n|teampreview|4\n|inactive|Battle timer is ON: inactive players will automatically lose when time's up. (requested by soap858)\n|j| futonkagebunshin\n|inactive|soap858 has 60 seconds left.\n|\n|t:|1735343790\n|start\n|switch|p1a: Smeargle|Smeargle, L50, M|100\/100\n|switch|p1b: Calyrex|Calyrex-Ice, L50|100\/100\n|switch|p2a: Zamazenta|Zamazenta-Crowned, L50|100\/100\n|switch|p2b: Flutter Mane|Flutter Mane, L50|100\/100\n|-ability|p1b: Calyrex|As One\n|-ability|p1b: Calyrex|Unnerve\n|-ability|p2a: Zamazenta|Dauntless Shield|boost\n|-boost|p2a: Zamazenta|def|1\n|-enditem|p2b: Flutter Mane|Booster Energy\n|-activate|p2b: Flutter Mane|ability: Protosynthesis|[fromitem]\n|-start|p2b: Flutter Mane|protosynthesisspe\n|turn|1\n|\n|t:|1735343808\n|move|p1a: Smeargle|Follow Me|p1a: Smeargle\n|-singleturn|p1a: Smeargle|move: Follow Me\n|move|p2b: Flutter Mane|Icy Wind|p1a: Smeargle|[spread] p1a,p1b\n|-resisted|p1b: Calyrex\n|-damage|p1a: Smeargle|67\/100\n|-damage|p1b: Calyrex|96\/100\n|-unboost|p1a: Smeargle|spe|1\n|move|p2a: Zamazenta|Heavy Slam|p1a: Smeargle\n|-damage|p1a: Smeargle|0 fnt\n|faint|p1a: Smeargle\n|move|p1b: Calyrex|Trick Room|p1b: Calyrex\n|-fieldstart|move: Trick Room|[of] p1b: Calyrex\n|\n|upkeep\n|\n|t:|1735343816\n|switch|p1a: Torkoal|Torkoal, L50, F|100\/100\n|-weather|SunnyDay|[from] ability: Drought|[of] p1a: Torkoal\n|turn|2\n|\n|t:|1735343830\n|move|p2a: Zamazenta|Protect|p2a: Zamazenta\n|-singleturn|p2a: Zamazenta|Protect\n|move|p2b: Flutter Mane|Protect|p2b: Flutter Mane\n|-singleturn|p2b: Flutter Mane|Protect\n|move|p1a: Torkoal|Flamethrower|p2b: Flutter Mane\n|-activate|p2b: Flutter Mane|move: Protect\n|move|p1b: Calyrex|High Horsepower|p2b: Flutter Mane\n|-activate|p2b: Flutter Mane|move: Protect\n|\n|-weather|SunnyDay|[upkeep]\n|upkeep\n|turn|3\n|\n|t:|1735343840\n|-end|p2b: Flutter Mane|Protosynthesis|[silent]\n|switch|p2b: Chandelure|Chandelure, L50, M|100\/100\n|move|p2a: Zamazenta|Wide Guard|p2a: Zamazenta\n|-singleturn|p2a: Zamazenta|Wide Guard\n|move|p1a: Torkoal|Eruption|p2a: Zamazenta|[spread] \n|-activate|p2a: Zamazenta|move: Wide Guard\n|-activate|p2b: Chandelure|move: Wide Guard\n|move|p1b: Calyrex|Glacial Lance|p2a: Zamazenta|[spread] \n|-activate|p2a: Zamazenta|move: Wide Guard\n|-activate|p2b: Chandelure|move: Wide Guard\n|\n|-weather|SunnyDay|[upkeep]\n|upkeep\n|turn|4\n|\n|t:|1735343856\n|-terastallize|p1b: Calyrex|Fire\n|-terastallize|p2b: Chandelure|Grass\n|move|p2a: Zamazenta|Wide Guard|p2a: Zamazenta\n|-singleturn|p2a: Zamazenta|Wide Guard\n|move|p1a: Torkoal|Flamethrower|p2a: Zamazenta\n|-supereffective|p2a: Zamazenta\n|-damage|p2a: Zamazenta|0 fnt\n|faint|p2a: Zamazenta\n|move|p1b: Calyrex|High Horsepower|p2b: Chandelure\n|-resisted|p2b: Chandelure\n|-damage|p2b: Chandelure|77\/100\n|move|p2b: Chandelure|Heat Wave|p1b: Calyrex|[spread] p1a,p1b\n|-resisted|p1a: Torkoal\n|-resisted|p1b: Calyrex\n|-damage|p1a: Torkoal|45\/100\n|-damage|p1b: Calyrex|67\/100\n|-damage|p2b: Chandelure|68\/100|[from] item: Life Orb\n|\n|-weather|SunnyDay|[upkeep]\n|upkeep\n|\n|t:|1735343878\n|switch|p2a: Flutter Mane|Flutter Mane, L50|100\/100\n|-activate|p2a: Flutter Mane|ability: Protosynthesis\n|-start|p2a: Flutter Mane|protosynthesisspe\n|turn|5\n|\n|t:|1735343884\n|switch|p1a: Urshifu|Urshifu, L50, F|100\/100\n|move|p2b: Chandelure|Protect|p2b: Chandelure\n|-singleturn|p2b: Chandelure|Protect\n|move|p2a: Flutter Mane|Protect|p2a: Flutter Mane\n|-singleturn|p2a: Flutter Mane|Protect\n|move|p1b: Calyrex|Glacial Lance|p2b: Chandelure|[spread] \n|-activate|p2a: Flutter Mane|move: Protect\n|-activate|p2b: Chandelure|move: Protect\n|\n|-weather|SunnyDay|[upkeep]\n|-fieldend|move: Trick Room\n|upkeep\n|turn|6\n|\n|t:|1735343904\n|move|p2a: Flutter Mane|Icy Wind|p1b: Calyrex|[spread] p1a,p1b\n|-resisted|p1b: Calyrex\n|-damage|p1a: Urshifu|80\/100\n|-damage|p1b: Calyrex|62\/100\n|-unboost|p1a: Urshifu|spe|1\n|move|p1a: Urshifu|Wicked Blow|p2a: Flutter Mane\n|-crit|p2a: Flutter Mane\n|-damage|p2a: Flutter Mane|0 fnt\n|faint|p2a: Flutter Mane\n|-end|p2a: Flutter Mane|Protosynthesis|[silent]\n|move|p2b: Chandelure|Heat Wave|p1b: Calyrex|[spread] p1a,p1b\n|-resisted|p1b: Calyrex\n|-damage|p1a: Urshifu|0 fnt\n|-damage|p1b: Calyrex|32\/100\n|faint|p1a: Urshifu\n|-damage|p2b: Chandelure|58\/100|[from] item: Life Orb\n|move|p1b: Calyrex|Trick Room|p1b: Calyrex\n|-fieldstart|move: Trick Room|[of] p1b: Calyrex\n|\n|-weather|none\n|upkeep\n|\n|t:|1735343915\n|switch|p1a: Torkoal|Torkoal, L50, F|45\/100\n|switch|p2a: Chien-Pao|Chien-Pao, L50|100\/100\n|-weather|SunnyDay|[from] ability: Drought|[of] p1a: Torkoal\n|-ability|p2a: Chien-Pao|Sword of Ruin\n|turn|7\n|\n|t:|1735343923\n|move|p2a: Chien-Pao|Sucker Punch|p1b: Calyrex\n|-damage|p1b: Calyrex|4\/100\n|move|p1a: Torkoal|Flamethrower|p2a: Chien-Pao\n|-supereffective|p2a: Chien-Pao\n|-enditem|p2a: Chien-Pao|Focus Sash\n|-damage|p2a: Chien-Pao|1\/100\n|move|p1b: Calyrex|Glacial Lance|p2a: Chien-Pao|[spread] p2a,p2b\n|-resisted|p2a: Chien-Pao\n|-supereffective|p2b: Chandelure\n|-damage|p2a: Chien-Pao|0 fnt\n|-damage|p2b: Chandelure|0 fnt\n|faint|p2a: Chien-Pao\n|faint|p2b: Chandelure\n|\n|win|caZISA\n|raw|caZISA's rating: 1594 &rarr; <strong>1613<\/strong><br \/>(+19 for winning)\n|raw|soap858's rating: 1568 &rarr; <strong>1549<\/strong><br \/>(-19 for losing)\n|l|\u2606caZISA\n|player|p1|\n|l|\u2606soap858\n|player|p2|\n","uploadtime":1735344082,"views":892,"formatid":"gen9vgc2025regg","rating":1549,"private":0,"password":null}