{"id":"gen9vgc2025regg-2270545166","format":"[Gen 9] VGC 2025 Reg G","players":["TheOnlyFizzo","Bef6"],"log":"|j|\u2606TheOnlyFizzo\n|j|\u2606Bef6\n|t:|1735323717\n|gametype|doubles\n|player|p1|TheOnlyFizzo|2|1575\n|player|p2|Bef6|lucas|1563\n|teamsize|p1|6\n|teamsize|p2|6\n|gen|9\n|tier|[Gen 9] VGC 2025 Reg G\n|rated|\n|rule|Species Clause: Limit one of each Pok\u00e9mon\n|rule|Item Clause: Limit 1 of each item\n|clearpoke\n|poke|p1|Indeedee-F, L50, F|\n|poke|p1|Regidrago, L50|\n|poke|p1|Torkoal, L50, F|\n|poke|p1|Gallade, L50, M|\n|poke|p1|Calyrex-Ice, L50|\n|poke|p1|Hitmonchan, L50, M|\n|poke|p2|Terapagos, L50, M|\n|poke|p2|Raging Bolt, L50|\n|poke|p2|Amoonguss, L50, F|\n|poke|p2|Grimmsnarl, L50, M|\n|poke|p2|Landorus, L50, M|\n|poke|p2|Urshifu-*, L50, F|\n|teampreview|4\n|inactive|Battle timer is ON: inactive players will automatically lose when time's up. (requested by TheOnlyFizzo)\n|j| play sos wednesday\n|inactive|Bef6 has 60 seconds left.\n|\n|t:|1735323753\n|start\n|switch|p1a: Calyrex|Calyrex-Ice, L50|100\/100\n|switch|p1b: Hitmonchan|Hitmonchan, L50, M|100\/100\n|switch|p2a: Grimmsnarl|Grimmsnarl, L50, M|100\/100\n|switch|p2b: Terapagos|Terapagos, L50, M|100\/100\n|-activate|p2b: Terapagos|ability: Tera Shift\n|detailschange|p2b: Terapagos|Terapagos-Terastal, L50, M\n|-heal|p2b: Terapagos|100\/100|[silent]\n|-ability|p1a: Calyrex|As One\n|-ability|p1a: Calyrex|Unnerve\n|turn|1\n|\n|t:|1735323774\n|switch|p2b: Amoonguss|Amoonguss, L50, F|100\/100\n|move|p1b: Hitmonchan|Fake Out|p2a: Grimmsnarl\n|-damage|p2a: Grimmsnarl|88\/100\n|move|p2a: Grimmsnarl|Reflect|p2a: Grimmsnarl\n|-sidestart|p2: Bef6|Reflect\n|move|p1a: Calyrex|Trick Room|p1a: Calyrex\n|-fieldstart|move: Trick Room|[of] p1a: Calyrex\n|\n|upkeep\n|turn|2\n|\n|t:|1735323793\n|switch|p1b: Indeedee|Indeedee-F, L50, F|100\/100\n|-fieldstart|move: Psychic Terrain|[from] ability: Psychic Surge|[of] p1b: Indeedee\n|move|p1a: Calyrex|Protect|p1a: Calyrex\n|-singleturn|p1a: Calyrex|Protect\n|move|p2b: Amoonguss|Spore|p1b: Indeedee\n|-activate|p1b: Indeedee|item: Safety Goggles|Spore\n|move|p2a: Grimmsnarl|Foul Play|p1a: Calyrex\n|-activate|p1a: Calyrex|move: Protect\n|\n|upkeep\n|turn|3\n|j| ledesma madas\n|inactive|Bef6 has 30 seconds left.\n|inactive|Bef6 has 20 seconds left.\n|inactive|Bef6 has 15 seconds left.\n|inactive|Bef6 has 10 seconds left.\n|\n|t:|1735323841\n|switch|p2b: Terapagos|Terapagos-Terastal, L50, M|100\/100\n|move|p1b: Indeedee|Follow Me|p1b: Indeedee\n|-singleturn|p1b: Indeedee|move: Follow Me\n|move|p1a: Calyrex|Glacial Lance|p2a: Grimmsnarl|[spread] p2a,p2b\n|-activate|p2b: Terapagos|ability: Tera Shell\n|-resisted|p2b: Terapagos\n|-damage|p2a: Grimmsnarl|51\/100\n|-damage|p2b: Terapagos|81\/100\n|move|p2a: Grimmsnarl|Foul Play|p1b: Indeedee\n|-supereffective|p1b: Indeedee\n|-damage|p1b: Indeedee|69\/100\n|\n|upkeep\n|turn|4\n|\n|t:|1735323862\n|-terastallize|p2b: Terapagos|Stellar\n|detailschange|p2b: Terapagos|Terapagos-Stellar, L50, M, tera:Stellar\n|-heal|p2b: Terapagos|87\/100|[silent]\n|-ability|p2b: Terapagos|Teraform Zero\n|-fieldend|move: Psychic Terrain\n|move|p1b: Indeedee|Helping Hand|p1a: Calyrex\n|-singleturn|p1a: Calyrex|Helping Hand|[of] p1b: Indeedee\n|move|p2a: Grimmsnarl|Fake Tears|p1b: Indeedee\n|-unboost|p1b: Indeedee|spd|2\n|move|p1a: Calyrex|Glacial Lance|p2a: Grimmsnarl|[spread] p2a,p2b\n|-crit|p2a: Grimmsnarl\n|-damage|p2a: Grimmsnarl|0 fnt\n|-damage|p2b: Terapagos|47\/100\n|faint|p2a: Grimmsnarl\n|-ability|p1a: Calyrex|Chilling Neigh|boost\n|-boost|p1a: Calyrex|atk|1\n|move|p2b: Terapagos|Tera Starstorm|p1a: Calyrex|[spread] p1a,p1b\n|-damage|p1a: Calyrex|66\/100\n|-damage|p1b: Indeedee|0 fnt\n|faint|p1b: Indeedee\n|\n|upkeep\n|\n|t:|1735323888\n|switch|p2a: Urshifu|Urshifu-Rapid-Strike, L50, F|100\/100\n|switch|p1b: Torkoal|Torkoal, L50, F|100\/100\n|-weather|SunnyDay|[from] ability: Drought|[of] p1b: Torkoal\n|turn|5\n|\n|t:|1735323903\n|switch|p2b: Amoonguss|Amoonguss, L50, F|100\/100\n|-terastallize|p1b: Torkoal|Fire\n|move|p2a: Urshifu|Detect|p2a: Urshifu\n|-singleturn|p2a: Urshifu|Protect\n|move|p1b: Torkoal|Eruption|p2b: Amoonguss|[spread] p2b\n|-activate|p2a: Urshifu|move: Protect\n|-supereffective|p2b: Amoonguss\n|-damage|p2b: Amoonguss|0 fnt\n|faint|p2b: Amoonguss\n|move|p1a: Calyrex|Glacial Lance|p2a: Urshifu\n|-activate|p2a: Urshifu|move: Protect\n|\n|-weather|SunnyDay|[upkeep]\n|-sideend|p2: Bef6|Reflect\n|-fieldend|move: Trick Room\n|upkeep\n|\n|t:|1735323910\n|switch|p2b: Terapagos|Terapagos-Stellar, L50, M, tera:Stellar|47\/100\n|turn|6\n|inactive|TheOnlyFizzo has 30 seconds left.\n|inactive|TheOnlyFizzo has 20 seconds left.\n|inactive|TheOnlyFizzo has 15 seconds left.\n|inactive|TheOnlyFizzo has 10 seconds left.\n|inactive|TheOnlyFizzo has 5 seconds left.\n|\n|t:|1735323965\n|move|p1a: Calyrex|Protect|p1a: Calyrex\n|-singleturn|p1a: Calyrex|Protect\n|move|p2b: Terapagos|Tera Starstorm|p1b: Torkoal|[spread] p1b\n|-activate|p1a: Calyrex|move: Protect\n|-supereffective|p1b: Torkoal\n|-damage|p1b: Torkoal|0 fnt\n|faint|p1b: Torkoal\n|move|p2a: Urshifu|Close Combat|p1a: Calyrex\n|-damage|p1a: Calyrex|19\/100\n|-unboost|p2a: Urshifu|def|1\n|-unboost|p2a: Urshifu|spd|1\n|\n|-weather|SunnyDay|[upkeep]\n|upkeep\n|\n|t:|1735323976\n|switch|p1b: Hitmonchan|Hitmonchan, L50, M|100\/100\n|turn|7\n|\n|t:|1735323987\n|move|p1b: Hitmonchan|Fake Out|p2b: Terapagos\n|-damage|p2b: Terapagos|39\/100\n|cant|p2b: Terapagos|flinch\n|move|p2a: Urshifu|Close Combat|p1a: Calyrex\n|-damage|p1a: Calyrex|0 fnt\n|-unboost|p2a: Urshifu|def|1\n|-unboost|p2a: Urshifu|spd|1\n|faint|p1a: Calyrex\n|\n|-weather|SunnyDay|[upkeep]\n|upkeep\n|turn|8\n|-message|TheOnlyFizzo forfeited.\n|\n|win|Bef6\n|raw|TheOnlyFizzo's rating: 1575 &rarr; <strong>1554<\/strong><br \/>(-21 for losing)\n|raw|Bef6's rating: 1563 &rarr; <strong>1584<\/strong><br \/>(+21 for winning)\n|l|\u2606TheOnlyFizzo\n|player|p1|\n|l| ledesma madas\n|l|\u2606Bef6\n|player|p2|\n|l| play sos wednesday\n","uploadtime":1735324203,"views":378,"formatid":"gen9vgc2025regg","rating":1554,"private":0,"password":null}