{"id":"gen9vgc2025regg-2270532567","format":"[Gen 9] VGC 2025 Reg G","players":["bgc0","infinitygroudon"],"log":"|j|\u2606bgc0\n|j|\u2606infinitygroudon\n|t:|1735322107\n|gametype|doubles\n|player|p1|bgc0|brawly|1525\n|player|p2|infinitygroudon|265|1605\n|teamsize|p1|6\n|teamsize|p2|6\n|gen|9\n|tier|[Gen 9] VGC 2025 Reg G\n|rated|\n|rule|Species Clause: Limit one of each Pok\u00e9mon\n|rule|Item Clause: Limit 1 of each item\n|clearpoke\n|poke|p1|Volcarona, L50, M|\n|poke|p1|Eternatus, L50|\n|poke|p1|Iron Bundle, L50|\n|poke|p1|Farigiraf, L50, M|\n|poke|p1|Urshifu-*, L50, M|\n|poke|p1|Ursaluna, L50, M|\n|poke|p2|Calyrex-Shadow, L50|\n|poke|p2|Incineroar, L50, M|\n|poke|p2|Weezing-Galar, L50, M|\n|poke|p2|Indeedee-F, L50, F|\n|poke|p2|Iron Valiant, L50|\n|poke|p2|Ursaluna-Bloodmoon, L50, M|\n|teampreview|4\nbgc0 rejected open team sheets.\n|c|\u2606bgc0|i hate weezing :(\n|\n|t:|1735322181\n|start\n|switch|p1a: Urshifu|Urshifu, L50, M|100\/100\n|switch|p1b: Farigiraf|Farigiraf, L50, M|100\/100\n|switch|p2a: Suthen|Indeedee-F, L50, F|100\/100\n|switch|p2b: Duncan|Calyrex-Shadow, L50|100\/100\n|-ability|p2b: Duncan|As One\n|-ability|p2b: Duncan|Unnerve\n|-fieldstart|move: Psychic Terrain|[from] ability: Psychic Surge|[of] p2a: Suthen\n|turn|1\n|\n|t:|1735322202\n|switch|p2b: Charming|Iron Valiant, L50, shiny|100\/100\n|-enditem|p2b: Charming|Booster Energy\n|-activate|p2b: Charming|ability: Quark Drive|[fromitem]\n|-start|p2b: Charming|quarkdrivespe\n|-terastallize|p2a: Suthen|Fairy\n|move|p1a: Urshifu|Wicked Blow|p2a: Suthen\n|-resisted|p2a: Suthen\n|-crit|p2a: Suthen\n|-damage|p2a: Suthen|54\/100\n|-damage|p1a: Urshifu|84\/100|[from] item: Rocky Helmet|[of] p2a: Suthen\n|move|p2a: Suthen|Dazzling Gleam|p1b: Farigiraf|[spread] p1a,p1b\n|-supereffective|p1a: Urshifu\n|-damage|p1a: Urshifu|0 fnt\n|-damage|p1b: Farigiraf|80\/100\n|faint|p1a: Urshifu\n|move|p1b: Farigiraf|Trick Room|p1b: Farigiraf\n|-fieldstart|move: Trick Room|[of] p1b: Farigiraf\n|\n|upkeep\n|\n|t:|1735322220\n|switch|p1a: Eternatus|Eternatus, L50|100\/100\n|-ability|p1a: Eternatus|Pressure\n|turn|2\n|\n|t:|1735322238\n|switch|p1b: Ursaluna|Ursaluna, L50, M|100\/100\n|move|p2a: Suthen|Follow Me|p2a: Suthen\n|-singleturn|p2a: Suthen|move: Follow Me\n|move|p1a: Eternatus|Sludge Bomb|p2a: Suthen\n|-supereffective|p2a: Suthen\n|-damage|p2a: Suthen|0 fnt\n|faint|p2a: Suthen\n|move|p2b: Charming|Spirit Break|p1a: Eternatus\n|-damage|p1a: Eternatus|69\/100\n|-unboost|p1a: Eternatus|spa|1\n|\n|-status|p1b: Ursaluna|brn|[from] item: Flame Orb\n|upkeep\n|\n|t:|1735322245\n|switch|p2a: Mr. Gassy|Weezing-Galar, L50, M|100\/100\n|-ability|p2a: Mr. Gassy|Neutralizing Gas\n|turn|3\n|\n|t:|1735322261\n|switch|p1b: Farigiraf|Farigiraf, L50, M|80\/100\n|move|p2a: Mr. Gassy|Protect|p2a: Mr. Gassy\n|-singleturn|p2a: Mr. Gassy|Protect\n|move|p2b: Charming|Protect|p2b: Charming\n|-singleturn|p2b: Charming|Protect\n|move|p1a: Eternatus|Sludge Bomb|p2b: Charming\n|-activate|p2b: Charming|move: Protect\n|\n|upkeep\n|turn|4\n|\n|t:|1735322283\n|-end|p2b: Charming|Quark Drive|[silent]\n|switch|p2b: Duncan|Calyrex-Shadow, L50|100\/100\n|-ability|p2b: Duncan|As One\n|-ability|p2b: Duncan|Unnerve\n|move|p1b: Farigiraf|Psychic Noise|p2a: Mr. Gassy\n|-supereffective|p2a: Mr. Gassy\n|-damage|p2a: Mr. Gassy|19\/100\n|-start|p2a: Mr. Gassy|move: Heal Block\n|move|p2a: Mr. Gassy|Sludge Bomb|p1b: Farigiraf\n|-damage|p1b: Farigiraf|55\/100\n|move|p1a: Eternatus|Sludge Bomb|p2b: Duncan\n|-resisted|p2b: Duncan\n|-damage|p2b: Duncan|81\/100\n|-status|p2b: Duncan|psn\n|\n|-damage|p2b: Duncan|68\/100 psn|[from] psn\n|upkeep\n|turn|5\n|\n|t:|1735322319\n|move|p2a: Mr. Gassy|Protect|p2a: Mr. Gassy\n|-singleturn|p2a: Mr. Gassy|Protect\n|move|p2b: Duncan|Protect|p2b: Duncan\n|-singleturn|p2b: Duncan|Protect\n|move|p1b: Farigiraf|Foul Play|p2b: Duncan\n|-activate|p2b: Duncan|move: Protect\n|move|p1a: Eternatus|Meteor Beam||[still]\n|-prepare|p1a: Eternatus|Meteor Beam\n|-boost|p1a: Eternatus|spa|1\n|-enditem|p1a: Eternatus|Power Herb\n|-anim|p1a: Eternatus|Meteor Beam|p2a: Mr. Gassy\n|-activate|p2a: Mr. Gassy|move: Protect\n|\n|-damage|p2b: Duncan|56\/100 psn|[from] psn\n|-end|p2a: Mr. Gassy|move: Heal Block\n|-fieldend|move: Trick Room\n|-fieldend|move: Psychic Terrain\n|upkeep\n|-enditem|p2a: Mr. Gassy|Sitrus Berry|[eat]\n|-heal|p2a: Mr. Gassy|43\/100|[from] item: Sitrus Berry\n|turn|6\n|\n|t:|1735322371\n|-terastallize|p1a: Eternatus|Dark\n|move|p2b: Duncan|Expanding Force|p1a: Eternatus\n|-immune|p1a: Eternatus\n|move|p1a: Eternatus|Sludge Bomb|p2a: Mr. Gassy\n|-damage|p2a: Mr. Gassy|0 fnt\n|faint|p2a: Mr. Gassy\n|-end|p2a: Mr. Gassy|ability: Neutralizing Gas\n|-ability|p1a: Eternatus|Pressure\n|move|p1b: Farigiraf|Trick Room|p1b: Farigiraf\n|-fieldstart|move: Trick Room|[of] p1b: Farigiraf\n|\n|-damage|p2b: Duncan|43\/100 psn|[from] psn\n|upkeep\n|\n|t:|1735322374\n|switch|p2a: Charming|Iron Valiant, L50, shiny|100\/100\n|turn|7\n|c|\u2606bgc0|gg\n|\n|t:|1735322388\n|move|p2a: Charming|Protect|p2a: Charming\n|-singleturn|p2a: Charming|Protect\n|move|p1b: Farigiraf|Foul Play|p2b: Duncan\n|-supereffective|p2b: Duncan\n|-damage|p2b: Duncan|0 fnt\n|faint|p2b: Duncan\n|move|p1a: Eternatus|Sludge Bomb|p2a: Charming\n|-activate|p2a: Charming|move: Protect\n|\n|upkeep\n|turn|8\n|c|\u2606infinitygroudon|gg\n|\n|t:|1735322397\n|move|p1b: Farigiraf|Psychic Noise|p2a: Charming\n|-supereffective|p2a: Charming\n|-damage|p2a: Charming|3\/100\n|-start|p2a: Charming|move: Heal Block\n|move|p1a: Eternatus|Sludge Bomb|p2a: Charming\n|-supereffective|p2a: Charming\n|-damage|p2a: Charming|0 fnt\n|faint|p2a: Charming\n|-end|p2a: Charming|Quark Drive|[silent]\n|\n|win|bgc0\n|raw|bgc0's rating: 1525 &rarr; <strong>1550<\/strong><br \/>(+25 for winning)\n|raw|infinitygroudon's rating: 1605 &rarr; <strong>1580<\/strong><br \/>(-25 for losing)\n|l|\u2606infinitygroudon\n|player|p2|\n|j| shlt eater\n|l| shlt eater\n","uploadtime":1735322651,"views":19,"formatid":"gen9vgc2025regg","rating":1550,"private":0,"password":null}