{"id":"gen9vgc2025regg-2271710909","format":"[Gen 9] VGC 2025 Reg G","players":["amandaToriMeating","Imnotagni"],"log":"|j|\u2606amandaToriMeating\n|j|\u2606Imnotagni\n|t:|1735509945\n|gametype|doubles\n|player|p1|amandaToriMeating|169|1534\n|player|p2|Imnotagni|policeman-gen4|1607\n|teamsize|p1|6\n|teamsize|p2|6\n|gen|9\n|tier|[Gen 9] VGC 2025 Reg G\n|rated|\n|rule|Species Clause: Limit one of each Pok\u00e9mon\n|rule|Item Clause: Limit 1 of each item\n|clearpoke\n|poke|p1|Lunala, L50|\n|poke|p1|Incineroar, L50, F|\n|poke|p1|Rillaboom, L50, F|\n|poke|p1|Amoonguss, L50, F|\n|poke|p1|Grimmsnarl, L50, M|\n|poke|p1|Ogerpon-Wellspring, L50, F|\n|poke|p2|Kyogre, L50|\n|poke|p2|Tornadus, L50, M|\n|poke|p2|Urshifu-*, L50, F|\n|poke|p2|Basculegion, L50, M|\n|poke|p2|Tsareena, L50, F|\n|poke|p2|Landorus, L50, M|\n|teampreview|4\n|inactive|Battle timer is ON: inactive players will automatically lose when time's up. (requested by Imnotagni)\n|j| Samevgcmons\n|\n|t:|1735509971\n|start\n|switch|p1a: Lunala|Lunala, L50|100\/100\n|switch|p1b: Grimmsnarl|Grimmsnarl, L50, M|100\/100\n|switch|p2a: Tornadus|Tornadus, L50, M|100\/100\n|switch|p2b: Urshifu|Urshifu-Rapid-Strike, L50, F|100\/100\n|turn|1\n|inactive|Imnotagni has 30 seconds left.\n|\n|t:|1735510006\n|move|p2a: Tornadus|Taunt|p1a: Lunala\n|-start|p1a: Lunala|move: Taunt\n|move|p1b: Grimmsnarl|Light Screen|p1b: Grimmsnarl\n|-sidestart|p1: amandaToriMeating|move: Light Screen\n|move|p2b: Urshifu|Surging Strikes|p1b: Grimmsnarl\n|-crit|p1b: Grimmsnarl\n|-damage|p1b: Grimmsnarl|72\/100\n|-crit|p1b: Grimmsnarl\n|-damage|p1b: Grimmsnarl|42\/100\n|-crit|p1b: Grimmsnarl\n|-damage|p1b: Grimmsnarl|14\/100\n|-hitcount|p1b: Grimmsnarl|3\n|move|p1a: Lunala|Moonblast|p2b: Urshifu\n|-supereffective|p2b: Urshifu\n|-damage|p2b: Urshifu|0 fnt\n|faint|p2b: Urshifu\n|\n|upkeep\n|\n|t:|1735510017\n|switch|p2b: Kyogre|Kyogre, L50|100\/100\n|-weather|RainDance|[from] ability: Drizzle|[of] p2b: Kyogre\n|turn|2\n|\n|t:|1735510044\n|switch|p2b: Tsareena|Tsareena, L50, F|100\/100\n|move|p1b: Grimmsnarl|Thunder Wave||[still]\n|cant|p2b: Tsareena|ability: Queenly Majesty|Thunder Wave|[of] p1b: Grimmsnarl\n|move|p2a: Tornadus|Bleakwind Storm|p1b: Grimmsnarl|[spread] p1a,p1b\n|-damage|p1a: Lunala|91\/100\n|-damage|p1b: Grimmsnarl|0 fnt\n|faint|p1b: Grimmsnarl\n|move|p1a: Lunala|Moongeist Beam|p2b: Tsareena\n|-damage|p2b: Tsareena|29\/100\n|\n|-weather|RainDance|[upkeep]\n|-heal|p1a: Lunala|97\/100|[from] item: Leftovers\n|upkeep\n|\n|t:|1735510060\n|switch|p1b: Rillaboom|Rillaboom, L50, F|100\/100\n|-fieldstart|move: Grassy Terrain|[from] ability: Grassy Surge|[of] p1b: Rillaboom\n|turn|3\n|\n|t:|1735510081\n|-terastallize|p1b: Rillaboom|Fire\n|move|p2a: Tornadus|Bleakwind Storm|p1b: Rillaboom|[spread] p1a,p1b\n|-damage|p1a: Lunala|79\/100\n|-damage|p1b: Rillaboom|83\/100\n|move|p2b: Tsareena|Triple Axel|p1b: Rillaboom\n|-resisted|p1b: Rillaboom\n|-damage|p1b: Rillaboom|80\/100\n|-resisted|p1b: Rillaboom\n|-damage|p1b: Rillaboom|73\/100\n|-resisted|p1b: Rillaboom\n|-damage|p1b: Rillaboom|65\/100\n|-hitcount|p1b: Rillaboom|3\n|move|p1a: Lunala|Moongeist Beam|p2b: Tsareena\n|-damage|p2b: Tsareena|0 fnt\n|faint|p2b: Tsareena\n|move|p1b: Rillaboom|Wood Hammer|p2a: Tornadus\n|-resisted|p2a: Tornadus\n|-damage|p2a: Tornadus|49\/100\n|-damage|p1b: Rillaboom|49\/100|[from] Recoil\n|\n|-weather|RainDance|[upkeep]\n|-heal|p1a: Lunala|85\/100|[from] Grassy Terrain\n|-heal|p1a: Lunala|92\/100|[from] item: Leftovers\n|-heal|p1b: Rillaboom|55\/100|[from] Grassy Terrain\n|-end|p1a: Lunala|move: Taunt\n|upkeep\n|\n|t:|1735510084\n|switch|p2b: Kyogre|Kyogre, L50|100\/100\n|turn|4\n|inactive|amandaToriMeating has 30 seconds left.\n|\n|t:|1735510112\n|-terastallize|p2b: Kyogre|Grass\n|move|p1a: Lunala|Protect|p1a: Lunala\n|-singleturn|p1a: Lunala|Protect\n|move|p2a: Tornadus|Taunt|p1a: Lunala\n|-activate|p1a: Lunala|move: Protect\n|move|p1b: Rillaboom|Grassy Glide|p2b: Kyogre\n|-resisted|p2b: Kyogre\n|-damage|p2b: Kyogre|80\/100\n|move|p2b: Kyogre|Water Spout|p1b: Rillaboom|[spread] p1b\n|-activate|p1a: Lunala|move: Protect\n|-supereffective|p1b: Rillaboom\n|-damage|p1b: Rillaboom|0 fnt\n|faint|p1b: Rillaboom\n|\n|-weather|RainDance|[upkeep]\n|-heal|p2b: Kyogre|86\/100|[from] Grassy Terrain\n|-heal|p1a: Lunala|98\/100|[from] Grassy Terrain\n|-heal|p1a: Lunala|100\/100|[from] item: Leftovers\n|upkeep\n|\n|t:|1735510133\n|switch|p1b: Ogerpon|Ogerpon-Wellspring, L50, F|100\/100\n|turn|5\n|\n|t:|1735510145\n|move|p1b: Ogerpon|Ivy Cudgel|p2a: Tornadus|[anim] Ivy Cudgel Water\n|-damage|p2a: Tornadus|0 fnt\n|faint|p2a: Tornadus\n|move|p2b: Kyogre|Thunder|p1b: Ogerpon\n|-damage|p1b: Ogerpon|65\/100\n|move|p1a: Lunala|Moongeist Beam|p2b: Kyogre\n|-damage|p2b: Kyogre|57\/100\n|\n|-weather|RainDance|[upkeep]\n|-heal|p1b: Ogerpon|71\/100|[from] Grassy Terrain\n|-heal|p2b: Kyogre|63\/100|[from] Grassy Terrain\n|upkeep\n|turn|6\n|-message|Imnotagni forfeited.\n|\n|win|amandaToriMeating\n|raw|amandaToriMeating's rating: 1534 &rarr; <strong>1558<\/strong><br \/>(+24 for winning)\n|raw|Imnotagni's rating: 1607 &rarr; <strong>1583<\/strong><br \/>(-24 for losing)\n|l|\u2606Imnotagni\n|player|p2|\n|l| Samevgcmons\n|l|\u2606amandaToriMeating\n|player|p1|\n|j|\u2606amandaToriMeating\n|player|p1|amandaToriMeating|169|\n|l|\u2606amandaToriMeating\n|player|p1|\n","uploadtime":1735510324,"views":359,"formatid":"gen9vgc2025regg","rating":1558,"private":0,"password":null}