{"id":"gen9vgc2025regg-2271596816","format":"[Gen 9] VGC 2025 Reg G","players":["maggeprutten5","caZISA"],"log":"|j|\u2606maggeprutten5\n|j|\u2606caZISA\n|t:|1735495094\n|gametype|doubles\n|player|p1|maggeprutten5|pokefanf-gen4|1515\n|player|p2|caZISA|red|1604\n|teamsize|p1|6\n|teamsize|p2|6\n|gen|9\n|tier|[Gen 9] VGC 2025 Reg G\n|rated|\n|rule|Species Clause: Limit one of each Pok\u00e9mon\n|rule|Item Clause: Limit 1 of each item\n|clearpoke\n|poke|p1|Calyrex-Shadow, L50|\n|poke|p1|Weezing-Galar, L50, F|\n|poke|p1|Dondozo, L50, M|\n|poke|p1|Tatsugiri-Droopy, L50, M|\n|poke|p1|Indeedee-F, L50, F|\n|poke|p1|Urshifu-*, L50, F|\n|poke|p2|Calyrex-Ice, L50|\n|poke|p2|Urshifu-*, L50, M|\n|poke|p2|Raging Bolt, L50|\n|poke|p2|Rillaboom, L50, M|\n|poke|p2|Torkoal, L50, M|\n|poke|p2|Smeargle, L50, M|\n|teampreview|4\nmaggeprutten5 has agreed to open team sheets.\n|inactive|Battle timer is ON: inactive players will automatically lose when time's up. (requested by maggeprutten5)\n|c|\u2606caZISA|glhf\n|c|\u2606maggeprutten5|u2\n|\n|t:|1735495129\n|start\n|switch|p1a: Weezing|Weezing-Galar, L50, F|100\/100\n|switch|p1b: Calyrex|Calyrex-Shadow, L50|100\/100\n|switch|p2a: Smeargle|Smeargle, L50, M|100\/100\n|switch|p2b: Calyrex|Calyrex-Ice, L50|100\/100\n|-ability|p1b: Calyrex|As One\n|-ability|p1b: Calyrex|Unnerve\n|-ability|p1a: Weezing|Neutralizing Gas\n|-ability|p2b: Calyrex|As One\n|-ability|p2b: Calyrex|Unnerve\n|turn|1\n|inactive|maggeprutten5 has 30 seconds left.\n|\n|t:|1735495155\n|move|p2b: Calyrex|Protect|p2b: Calyrex\n|-singleturn|p2b: Calyrex|Protect\n|move|p1b: Calyrex|Expanding Force|p2a: Smeargle\n|-enditem|p2a: Smeargle|Focus Sash\n|-damage|p2a: Smeargle|1\/100\n|-damage|p1b: Calyrex|91\/100|[from] item: Life Orb\n|move|p2a: Smeargle|Spore|p1a: Weezing\n|-status|p1a: Weezing|slp|[from] move: Spore\n|cant|p1a: Weezing|slp\n|\n|upkeep\n|turn|2\n|inactive|maggeprutten5 has 30 seconds left.\n|\n|t:|1735495184\n|switch|p2a: Urshifu|Urshifu, L50, M|100\/100\n|-terastallize|p2b: Calyrex|Water\n|move|p1b: Calyrex|Astral Barrage|p2a: Urshifu|[spread] p2a,p2b\n|-resisted|p2a: Urshifu\n|-damage|p2a: Urshifu|43\/100\n|-damage|p2b: Calyrex|47\/100\n|-damage|p1b: Calyrex|82\/100|[from] item: Life Orb\n|cant|p1a: Weezing|slp\n|move|p2b: Calyrex|Trick Room|p2b: Calyrex\n|-fieldstart|move: Trick Room|[of] p2b: Calyrex\n|\n|upkeep\n|turn|3\n|\n|t:|1735495208\n|switch|p2a: Smeargle|Smeargle, L50, M|1\/100\n|move|p1b: Calyrex|Protect|p1b: Calyrex\n|-singleturn|p1b: Calyrex|Protect\n|move|p2b: Calyrex|Glacial Lance|p1b: Calyrex|[spread] p1a\n|-activate|p1b: Calyrex|move: Protect\n|-damage|p1a: Weezing|55\/100 slp\n|-curestatus|p1a: Weezing|slp|[msg]\n|move|p1a: Weezing|Dazzling Gleam|p2a: Smeargle|[spread] p2a,p2b\n|-damage|p2a: Smeargle|0 fnt\n|-damage|p2b: Calyrex|34\/100\n|faint|p2a: Smeargle\n|\n|upkeep\n|\n|t:|1735495219\n|switch|p2a: Rillaboom|Rillaboom, L50, M|100\/100\n|turn|4\n|\n|t:|1735495231\n|move|p1a: Weezing|Protect|p1a: Weezing\n|-singleturn|p1a: Weezing|Protect\n|move|p2b: Calyrex|High Horsepower|p1a: Weezing\n|-activate|p1a: Weezing|move: Protect\n|move|p2a: Rillaboom|Wood Hammer|p1b: Calyrex\n|-damage|p1b: Calyrex|0 fnt\n|faint|p1b: Calyrex\n|-damage|p2a: Rillaboom|77\/100|[from] Recoil\n|\n|upkeep\n|\n|t:|1735495241\n|switch|p1b: Dondozo|Dondozo, L50, M|100\/100\n|turn|5\n|inactive|maggeprutten5 has 30 seconds left.\n|\n|t:|1735495269\n|switch|p2b: Urshifu|Urshifu, L50, M|43\/100\n|-end|p1a: Weezing|ability: Neutralizing Gas\n|-fieldstart|move: Grassy Terrain|[from] ability: Grassy Surge|[of] p2a: Rillaboom\n|switch|p1a: Tatsugiri|Tatsugiri-Droopy, L50, M|100\/100\n|-activate|p1a: Tatsugiri|ability: Commander|[of] p1b: Dondozo\n|-boost|p1b: Dondozo|atk|2\n|-boost|p1b: Dondozo|spa|2\n|-boost|p1b: Dondozo|spe|2\n|-boost|p1b: Dondozo|def|2\n|-boost|p1b: Dondozo|spd|2\n|-terastallize|p1b: Dondozo|Grass\n|move|p2a: Rillaboom|U-turn|p1b: Dondozo\n|-supereffective|p1b: Dondozo\n|-damage|p1b: Dondozo|87\/100\n|\n|t:|1735495281\n|switch|p2a: Calyrex|Calyrex-Ice, L50, tera:Water|34\/100|[from] U-turn\n|-ability|p2a: Calyrex|As One\n|-ability|p2a: Calyrex|Unnerve\n|move|p1b: Dondozo|Body Press|p2b: Urshifu\n|-supereffective|p2b: Urshifu\n|-damage|p2b: Urshifu|0 fnt\n|faint|p2b: Urshifu\n|\n|-heal|p2a: Calyrex|39\/100|[from] Grassy Terrain\n|-heal|p1b: Dondozo|93\/100|[from] Grassy Terrain\n|-heal|p1b: Dondozo|99\/100|[from] item: Leftovers\n|upkeep\n|\n|t:|1735495288\n|switch|p2b: Rillaboom|Rillaboom, L50, M|77\/100\n|turn|6\n|\n|t:|1735495298\n|move|p1b: Dondozo|Protect|p1b: Dondozo\n|-singleturn|p1b: Dondozo|Protect\n|move|p2b: Rillaboom|Fake Out|p1b: Dondozo\n|-activate|p1b: Dondozo|move: Protect\n|move|p2a: Calyrex|Glacial Lance|p1b: Dondozo|[spread] \n|-miss|p2a: Calyrex|p1a: Tatsugiri\n|-activate|p1b: Dondozo|move: Protect\n|\n|-heal|p2a: Calyrex|45\/100|[from] Grassy Terrain\n|-heal|p2b: Rillaboom|83\/100|[from] Grassy Terrain\n|-heal|p1b: Dondozo|100\/100|[from] Grassy Terrain\n|-fieldend|move: Trick Room\n|upkeep\n|turn|7\n|-message|caZISA forfeited.\n|\n|win|maggeprutten5\n|raw|maggeprutten5's rating: 1515 &rarr; <strong>1540<\/strong><br \/>(+25 for winning)\n|raw|caZISA's rating: 1604 &rarr; <strong>1579<\/strong><br \/>(-25 for losing)\n|l|\u2606caZISA\n|player|p2|\n|l|\u2606maggeprutten5\n|player|p1|\n","uploadtime":1735495472,"views":15,"formatid":"gen9vgc2025regg","rating":1540,"private":0,"password":null}