{"id":"gen9vgc2025regg-2271854869","format":"[Gen 9] VGC 2025 Reg G","players":["Djjwjwwjj","11DiamondsaurVGC"],"log":"|j|\u2606Djjwjwwjj\n|j|\u260611DiamondsaurVGC\n|t:|1735529932\n|gametype|doubles\n|player|p1|Djjwjwwjj|red|1576\n|player|p2|11DiamondsaurVGC|skier|1530\n|teamsize|p1|6\n|teamsize|p2|6\n|gen|9\n|tier|[Gen 9] VGC 2025 Reg G\n|rated|\n|rule|Species Clause: Limit one of each Pok\u00e9mon\n|rule|Item Clause: Limit 1 of each item\n|clearpoke\n|poke|p1|Incineroar, L50, F|\n|poke|p1|Sinistcha, L50|\n|poke|p1|Grimmsnarl, L50, M|\n|poke|p1|Miraidon, L50|\n|poke|p1|Landorus, L50, M|\n|poke|p1|Urshifu-*, L50, M|\n|poke|p2|Kyurem-White, L50|\n|poke|p2|Ninetales-Alola, L50, F|\n|poke|p2|Farigiraf, L50, M|\n|poke|p2|Iron Hands, L50|\n|poke|p2|Incineroar, L50, M|\n|poke|p2|Rillaboom, L50, F|\n|teampreview|4\n|inactive|Battle timer is ON: inactive players will automatically lose when time's up. (requested by 11DiamondsaurVGC)\n|inactive|Djjwjwwjj also wants the timer to be on.\n|j| mr pogostick\n|inactive|Djjwjwwjj has 60 seconds left.\n|inactive|11DiamondsaurVGC has 60 seconds left.\n|\n|t:|1735529995\n|start\n|switch|p1a: Incineroar|Incineroar, L50, F|100\/100\n|switch|p1b: Grimmsnarl|Grimmsnarl, L50, M|100\/100\n|switch|p2a: Kyurem|Kyurem-White, L50|100\/100\n|switch|p2b: Ninetales|Ninetales-Alola, L50, F|100\/100\n|-weather|Snow|[from] ability: Snow Warning|[of] p2b: Ninetales\n|-ability|p2a: Kyurem|Turboblaze\n|-ability|p1a: Incineroar|Intimidate|boost\n|-unboost|p2a: Kyurem|atk|1\n|-unboost|p2b: Ninetales|atk|1\n|turn|1\n|\n|t:|1735530009\n|move|p1b: Grimmsnarl|Light Screen|p1b: Grimmsnarl\n|-sidestart|p1: Djjwjwwjj|move: Light Screen\n|move|p2b: Ninetales|Aurora Veil|p2b: Ninetales\n|-sidestart|p2: 11DiamondsaurVGC|move: Aurora Veil\n|move|p2a: Kyurem|Blizzard|p1a: Incineroar|[spread] p1a,p1b\n|-resisted|p1a: Incineroar\n|-damage|p1a: Incineroar|91\/100\n|-damage|p1b: Grimmsnarl|71\/100\n|move|p1a: Incineroar|Flare Blitz|p2b: Ninetales\n|-supereffective|p2b: Ninetales\n|-damage|p2b: Ninetales|35\/100\n|-damage|p1a: Incineroar|73\/100|[from] Recoil\n|\n|-weather|Snow|[upkeep]\n|upkeep\n|turn|2\n|inactive|Djjwjwwjj has 30 seconds left.\n|\n|t:|1735530034\n|move|p2b: Ninetales|Protect|p2b: Ninetales\n|-singleturn|p2b: Ninetales|Protect\n|move|p1b: Grimmsnarl|Thunder Wave|p2a: Kyurem\n|-status|p2a: Kyurem|par\n|move|p1a: Incineroar|U-turn|p2b: Ninetales\n|-activate|p2b: Ninetales|move: Protect\n|move|p2a: Kyurem|Earth Power|p1a: Incineroar\n|-supereffective|p1a: Incineroar\n|-damage|p1a: Incineroar|42\/100\n|\n|-weather|Snow|[upkeep]\n|upkeep\n|turn|3\n|\n|t:|1735530058\n|move|p1b: Grimmsnarl|Reflect|p1b: Grimmsnarl\n|-sidestart|p1: Djjwjwwjj|Reflect\n|move|p2b: Ninetales|Blizzard|p1b: Grimmsnarl|[spread] p1a,p1b\n|-resisted|p1a: Incineroar\n|-damage|p1a: Incineroar|37\/100\n|-damage|p1b: Grimmsnarl|58\/100\n|move|p1a: Incineroar|Flare Blitz|p2b: Ninetales\n|-supereffective|p2b: Ninetales\n|-damage|p2b: Ninetales|0 fnt\n|faint|p2b: Ninetales\n|-damage|p1a: Incineroar|27\/100|[from] Recoil\n|move|p2a: Kyurem|Blizzard|p1b: Grimmsnarl|[spread] p1a,p1b\n|-resisted|p1a: Incineroar\n|-damage|p1a: Incineroar|17\/100\n|-damage|p1b: Grimmsnarl|27\/100\n|\n|-weather|Snow|[upkeep]\n|upkeep\n|inactive|11DiamondsaurVGC has 30 seconds left.\n|\n|t:|1735530084\n|switch|p2b: Iron Hands|Iron Hands, L50|100\/100\n|-enditem|p2b: Iron Hands|Booster Energy\n|-activate|p2b: Iron Hands|ability: Quark Drive|[fromitem]\n|-start|p2b: Iron Hands|quarkdriveatk\n|turn|4\n|j| agnalam\n|\n|t:|1735530102\n|move|p2b: Iron Hands|Protect|p2b: Iron Hands\n|-singleturn|p2b: Iron Hands|Protect\n|move|p1b: Grimmsnarl|Parting Shot|p2b: Iron Hands\n|-activate|p2b: Iron Hands|move: Protect\n|move|p1a: Incineroar|U-turn|p2a: Kyurem\n|-damage|p2a: Kyurem|92\/100 par\n|\n|t:|1735530110\n|switch|p1a: Miraidon|Miraidon, L50|100\/100|[from] U-turn\n|-fieldstart|move: Electric Terrain|[from] ability: Hadron Engine|[of] p1a: Miraidon\n|move|p2a: Kyurem|Earth Power|p1a: Miraidon\n|-supereffective|p1a: Miraidon\n|-damage|p1a: Miraidon|57\/100\n|\n|-weather|Snow|[upkeep]\n|upkeep\n|turn|5\n|inactive|Djjwjwwjj has 30 seconds left.\n|\n|t:|1735530138\n|switch|p2a: Rillaboom|Rillaboom, L50, F|100\/100\n|-fieldstart|move: Grassy Terrain|[from] ability: Grassy Surge|[of] p2a: Rillaboom\n|-terastallize|p1a: Miraidon|Fairy\n|move|p1b: Grimmsnarl|Parting Shot|p2a: Rillaboom\n|-unboost|p2a: Rillaboom|atk|1\n|-unboost|p2a: Rillaboom|spa|1\n|\n|t:|1735530147\n|switch|p1b: Incineroar|Incineroar, L50, F|17\/100|[from] Parting Shot\n|-ability|p1b: Incineroar|Intimidate|boost\n|-unboost|p2a: Rillaboom|atk|1\n|-unboost|p2b: Iron Hands|atk|1\n|move|p1a: Miraidon|Calm Mind|p1a: Miraidon\n|-boost|p1a: Miraidon|spa|1\n|-boost|p1a: Miraidon|spd|1\n|move|p2b: Iron Hands|Low Kick|p1a: Miraidon\n|-resisted|p1a: Miraidon\n|-damage|p1a: Miraidon|41\/100\n|\n|-weather|none\n|-heal|p1a: Miraidon|47\/100|[from] Grassy Terrain\n|-heal|p1b: Incineroar|23\/100|[from] Grassy Terrain\n|upkeep\n|turn|6\n|inactive|Djjwjwwjj has 30 seconds left.\n|\n|t:|1735530172\n|switch|p1b: Grimmsnarl|Grimmsnarl, L50, M|27\/100\n|move|p1a: Miraidon|Protect|p1a: Miraidon\n|-singleturn|p1a: Miraidon|Protect\n|move|p2a: Rillaboom|Wood Hammer|p1a: Miraidon\n|-activate|p1a: Miraidon|move: Protect\n|move|p2b: Iron Hands|Wild Charge|p1a: Miraidon\n|-activate|p1a: Miraidon|move: Protect\n|\n|-heal|p1a: Miraidon|53\/100|[from] Grassy Terrain\n|-heal|p1b: Grimmsnarl|33\/100|[from] Grassy Terrain\n|upkeep\n|turn|7\n|inactive|Djjwjwwjj has 30 seconds left.\n|\n|t:|1735530203\n|move|p1b: Grimmsnarl|Parting Shot|p2b: Iron Hands\n|-unboost|p2b: Iron Hands|atk|1\n|-unboost|p2b: Iron Hands|spa|1\n|\n|t:|1735530206\n|switch|p1b: Incineroar|Incineroar, L50, F|23\/100|[from] Parting Shot\n|-ability|p1b: Incineroar|Intimidate|boost\n|-unboost|p2a: Rillaboom|atk|1\n|-unboost|p2b: Iron Hands|atk|1\n|move|p1a: Miraidon|Parabolic Charge|p2a: Rillaboom|[spread] p1b,p2a,p2b\n|-crit|p1b: Incineroar\n|-resisted|p2a: Rillaboom\n|-resisted|p2b: Iron Hands\n|-damage|p1b: Incineroar|0 fnt\n|-heal|p1a: Miraidon|64\/100|[from] drain|[of] p1b: Incineroar\n|-damage|p2a: Rillaboom|86\/100\n|-heal|p1a: Miraidon|71\/100|[from] drain|[of] p2a: Rillaboom\n|-damage|p2b: Iron Hands|91\/100\n|-heal|p1a: Miraidon|77\/100|[from] drain|[of] p2b: Iron Hands\n|faint|p1b: Incineroar\n|move|p2a: Rillaboom|Wood Hammer|p1a: Miraidon\n|-damage|p1a: Miraidon|46\/100\n|-damage|p2a: Rillaboom|75\/100|[from] Recoil\n|move|p2b: Iron Hands|Drain Punch|p1a: Miraidon\n|-resisted|p1a: Miraidon\n|-damage|p1a: Miraidon|40\/100\n|-heal|p2b: Iron Hands|94\/100|[from] drain|[of] p1a: Miraidon\n|\n|-heal|p1a: Miraidon|46\/100|[from] Grassy Terrain\n|-heal|p2a: Rillaboom|82\/100|[from] Grassy Terrain\n|-heal|p2b: Iron Hands|99\/100|[from] Grassy Terrain\n|upkeep\n|inactive|Djjwjwwjj has 30 seconds left.\n|\n|t:|1735530234\n|switch|p1b: Urshifu|Urshifu-Rapid-Strike, L50, M|100\/100\n|turn|8\n|\n|t:|1735530241\n|-end|p2b: Iron Hands|Quark Drive|[silent]\n|switch|p2b: Kyurem|Kyurem-White, L50|92\/100 par\n|-ability|p2b: Kyurem|Turboblaze\n|move|p1a: Miraidon|Dragon Pulse|p2a: Rillaboom\n|-damage|p2a: Rillaboom|33\/100\n|move|p1b: Urshifu|Close Combat|p2a: Rillaboom\n|-damage|p2a: Rillaboom|0 fnt\n|-unboost|p1b: Urshifu|def|1\n|-unboost|p1b: Urshifu|spd|1\n|faint|p2a: Rillaboom\n|\n|-heal|p1a: Miraidon|52\/100|[from] Grassy Terrain\n|-heal|p2b: Kyurem|98\/100 par|[from] Grassy Terrain\n|-sideend|p1: Djjwjwwjj|move: Light Screen\n|-sideend|p2: 11DiamondsaurVGC|move: Aurora Veil\n|upkeep\n|\n|t:|1735530251\n|switch|p2a: Iron Hands|Iron Hands, L50|99\/100\n|turn|9\n|\n|t:|1735530267\n|move|p1a: Miraidon|Protect|p1a: Miraidon\n|-singleturn|p1a: Miraidon|Protect\n|move|p1b: Urshifu|Protect|p1b: Urshifu\n|-singleturn|p1b: Urshifu|Protect\n|move|p2a: Iron Hands|Wild Charge|p1a: Miraidon\n|-activate|p1a: Miraidon|move: Protect\n|move|p2b: Kyurem|Freeze-Dry|p1b: Urshifu\n|-activate|p1b: Urshifu|move: Protect\n|\n|-heal|p1a: Miraidon|58\/100|[from] Grassy Terrain\n|-heal|p2a: Iron Hands|100\/100|[from] Grassy Terrain\n|-heal|p2b: Kyurem|100\/100 par|[from] Grassy Terrain\n|-fieldend|move: Grassy Terrain\n|upkeep\n|turn|10\n|\n|t:|1735530289\n|-terastallize|p2b: Kyurem|Fire\n|move|p1a: Miraidon|Dragon Pulse|p2a: Iron Hands\n|-damage|p2a: Iron Hands|54\/100\n|move|p1b: Urshifu|Close Combat|p2a: Iron Hands\n|-damage|p2a: Iron Hands|10\/100\n|-unboost|p1b: Urshifu|def|1\n|-unboost|p1b: Urshifu|spd|1\n|move|p2a: Iron Hands|Wild Charge|p1a: Miraidon\n|-damage|p1a: Miraidon|29\/100\n|-damage|p2a: Iron Hands|5\/100|[from] Recoil\n|move|p2b: Kyurem|Freeze-Dry|p1b: Urshifu\n|-supereffective|p1b: Urshifu\n|-enditem|p1b: Urshifu|Focus Sash\n|-damage|p1b: Urshifu|1\/100\n|-status|p1b: Urshifu|frz\n|\n|-sideend|p1: Djjwjwwjj|Reflect\n|upkeep\n|turn|11\n|\n|t:|1735530310\n|move|p2a: Iron Hands|Protect|p2a: Iron Hands\n|-singleturn|p2a: Iron Hands|Protect\n|move|p1a: Miraidon|Dragon Pulse|p2a: Iron Hands\n|-activate|p2a: Iron Hands|move: Protect\n|cant|p1b: Urshifu|frz\n|move|p2b: Kyurem|Blizzard|p1a: Miraidon|[spread] p1a\n|-miss|p2b: Kyurem|p1b: Urshifu\n|-damage|p1a: Miraidon|0 fnt\n|faint|p1a: Miraidon\n|\n|upkeep\n|\n|t:|1735530323\n|switch|p1a: Grimmsnarl|Grimmsnarl, L50, M|33\/100\n|turn|12\n|\n|t:|1735530337\n|move|p1a: Grimmsnarl|Light Screen|p1a: Grimmsnarl\n|-sidestart|p1: Djjwjwwjj|move: Light Screen\n|cant|p1b: Urshifu|frz\n|move|p2a: Iron Hands|Drain Punch|p1b: Urshifu\n|-damage|p1b: Urshifu|0 fnt\n|-heal|p2a: Iron Hands|5\/100|[from] drain|[of] p1b: Urshifu\n|faint|p1b: Urshifu\n|move|p2b: Kyurem|Freeze-Dry|p1a: Grimmsnarl\n|-damage|p1a: Grimmsnarl|7\/100\n|\n|upkeep\n|turn|13\n|-message|Djjwjwwjj forfeited.\n|\n|win|11DiamondsaurVGC\n|raw|Djjwjwwjj's rating: 1576 &rarr; <strong>1553<\/strong><br \/>(-23 for losing)\n|raw|11DiamondsaurVGC's rating: 1530 &rarr; <strong>1553<\/strong><br \/>(+23 for winning)\n|l|\u260611DiamondsaurVGC\n|player|p2|\n|l| agnalam\n","uploadtime":1735530533,"views":390,"formatid":"gen9vgc2025regg","rating":1553,"private":0,"password":null}