{"id":"gen9vgc2025regg-2271605509","format":"[Gen 9] VGC 2025 Reg G","players":["Ibberdytten","riemannsurface"],"log":"|j|\u2606Ibberdytten\n|j|\u2606riemannsurface\n|t:|1735496230\n|gametype|doubles\n|player|p1|Ibberdytten|picnicker|1577\n|player|p2|riemannsurface|unknown|1551\n|teamsize|p1|6\n|teamsize|p2|6\n|gen|9\n|tier|[Gen 9] VGC 2025 Reg G\n|rated|\n|rule|Species Clause: Limit one of each Pok\u00e9mon\n|rule|Item Clause: Limit 1 of each item\n|clearpoke\n|poke|p1|Weezing-Galar, L50, F|\n|poke|p1|Dondozo, L50, M|\n|poke|p1|Calyrex-Shadow, L50|\n|poke|p1|Tatsugiri-Droopy, L50, M|\n|poke|p1|Indeedee-F, L50, F|\n|poke|p1|Urshifu-*, L50, M|\n|poke|p2|Tatsugiri, L50, F|\n|poke|p2|Chi-Yu, L50|\n|poke|p2|Dragonite, L50, M|\n|poke|p2|Dondozo, L50, M|\n|poke|p2|Gholdengo, L50|\n|poke|p2|Miraidon, L50|\n|teampreview|4\n|inactive|Battle timer is ON: inactive players will automatically lose when time's up. (requested by riemannsurface)\n|inactive|Ibberdytten has 60 seconds left.\n|inactive|riemannsurface has 60 seconds left.\n|\n|t:|1735496281\n|start\n|switch|p1a: Weezing|Weezing-Galar, L50, F|100\/100\n|switch|p1b: Calyrex|Calyrex-Shadow, L50|100\/100\n|switch|p2a: Gholdengo|Gholdengo, L50|100\/100\n|switch|p2b: Miraidon|Miraidon, L50|100\/100\n|-ability|p1b: Calyrex|As One\n|-ability|p1b: Calyrex|Unnerve\n|-ability|p1a: Weezing|Neutralizing Gas\n|turn|1\n|inactive|Ibberdytten has 30 seconds left.\n|inactive|Ibberdytten has 20 seconds left.\n|inactive|Ibberdytten has 15 seconds left.\n|inactive|Ibberdytten has 10 seconds left.\n|inactive|Ibberdytten has 5 seconds left.\n|\n|t:|1735496331\n|-terastallize|p2a: Gholdengo|Steel\n|move|p1b: Calyrex|Astral Barrage|p2b: Miraidon|[spread] p2a,p2b\n|-crit|p2b: Miraidon\n|-damage|p2a: Gholdengo|32\/100\n|-damage|p2b: Miraidon|42\/100\n|-damage|p1b: Calyrex|91\/100|[from] item: Life Orb\n|move|p2b: Miraidon|Volt Switch|p1b: Calyrex\n|-damage|p1b: Calyrex|55\/100\n|\n|t:|1735496341\n|switch|p2b: Dondozo|Dondozo, L50, M|100\/100|[from] Volt Switch\n|move|p2a: Gholdengo|Make It Rain|p1b: Calyrex|[spread] p1a,p1b\n|-supereffective|p1a: Weezing\n|-damage|p1a: Weezing|0 fnt\n|-damage|p1b: Calyrex|0 fnt\n|-unboost|p2a: Gholdengo|spa|1\n|faint|p1a: Weezing\n|-end|p1a: Weezing|ability: Neutralizing Gas\n|faint|p1b: Calyrex\n|\n|upkeep\n|\n|t:|1735496353\n|switch|p1b: Tatsugiri|Tatsugiri-Droopy, L50, M, shiny|100\/100\n|switch|p1a: Dondozo|Dondozo, L50, M|100\/100\n|-activate|p1b: Tatsugiri|ability: Commander|[of] p1a: Dondozo\n|-boost|p1a: Dondozo|atk|2\n|-boost|p1a: Dondozo|spa|2\n|-boost|p1a: Dondozo|spe|2\n|-boost|p1a: Dondozo|def|2\n|-boost|p1a: Dondozo|spd|2\n|turn|2\n|\n|t:|1735496376\n|switch|p2a: Tatsugiri|Tatsugiri, L50, F|100\/100\n|-activate|p2a: Tatsugiri|ability: Commander|[of] p2b: Dondozo\n|-boost|p2b: Dondozo|atk|2\n|-boost|p2b: Dondozo|spa|2\n|-boost|p2b: Dondozo|spe|2\n|-boost|p2b: Dondozo|def|2\n|-boost|p2b: Dondozo|spd|2\n|move|p2b: Dondozo|Earthquake|p1b: Tatsugiri|[spread] p1a\n|-miss|p2b: Dondozo|p2a: Tatsugiri\n|-miss|p2b: Dondozo|p1b: Tatsugiri\n|-damage|p1a: Dondozo|88\/100\n|move|p1a: Dondozo|Order Up|p2b: Dondozo\n|-damage|p2b: Dondozo|89\/100\n|-boost|p1a: Dondozo|def|1\n|\n|-heal|p2b: Dondozo|95\/100|[from] item: Leftovers\n|-heal|p1a: Dondozo|94\/100|[from] item: Leftovers\n|upkeep\n|turn|3\n|inactive|riemannsurface has 30 seconds left.\n|\n|t:|1735496411\n|move|p2b: Dondozo|Earthquake|p1a: Dondozo|[spread] p1a\n|-miss|p2b: Dondozo|p2a: Tatsugiri\n|-miss|p2b: Dondozo|p1b: Tatsugiri\n|-damage|p1a: Dondozo|81\/100\n|move|p1a: Dondozo|Order Up|p2b: Dondozo\n|-damage|p2b: Dondozo|83\/100\n|-boost|p1a: Dondozo|def|1\n|\n|-heal|p2b: Dondozo|89\/100|[from] item: Leftovers\n|-heal|p1a: Dondozo|87\/100|[from] item: Leftovers\n|upkeep\n|turn|4\n|\n|t:|1735496416\n|move|p1a: Dondozo|Protect|p1a: Dondozo\n|-singleturn|p1a: Dondozo|Protect\n|move|p2b: Dondozo|Earthquake|p1b: Tatsugiri|[spread] \n|-miss|p2b: Dondozo|p2a: Tatsugiri\n|-miss|p2b: Dondozo|p1b: Tatsugiri\n|-activate|p1a: Dondozo|move: Protect\n|\n|-heal|p2b: Dondozo|95\/100|[from] item: Leftovers\n|-heal|p1a: Dondozo|93\/100|[from] item: Leftovers\n|upkeep\n|turn|5\n|\n|t:|1735496419\n|move|p2b: Dondozo|Order Up|p1a: Dondozo\n|-damage|p1a: Dondozo|81\/100\n|-boost|p2b: Dondozo|atk|1\n|move|p1a: Dondozo|Order Up|p2b: Dondozo\n|-damage|p2b: Dondozo|83\/100\n|-boost|p1a: Dondozo|def|1\n|\n|-heal|p2b: Dondozo|89\/100|[from] item: Leftovers\n|-heal|p1a: Dondozo|87\/100|[from] item: Leftovers\n|upkeep\n|turn|6\n|\n|t:|1735496427\n|move|p2b: Dondozo|Earthquake|p1a: Dondozo|[spread] p1a\n|-miss|p2b: Dondozo|p2a: Tatsugiri\n|-miss|p2b: Dondozo|p1b: Tatsugiri\n|-crit|p1a: Dondozo\n|-damage|p1a: Dondozo|68\/100\n|move|p1a: Dondozo|Order Up|p2b: Dondozo\n|-damage|p2b: Dondozo|76\/100\n|-boost|p1a: Dondozo|def|1\n|\n|-heal|p2b: Dondozo|82\/100|[from] item: Leftovers\n|-heal|p1a: Dondozo|74\/100|[from] item: Leftovers\n|upkeep\n|turn|7\n|inactive|riemannsurface has 30 seconds left.\n|\n|t:|1735496455\n|move|p2b: Dondozo|Order Up|p1a: Dondozo\n|-damage|p1a: Dondozo|62\/100\n|-boost|p2b: Dondozo|atk|1\n|move|p1a: Dondozo|Order Up|p2b: Dondozo\n|-damage|p2b: Dondozo|70\/100\n|-boost|p1a: Dondozo|def|0\n|\n|-heal|p2b: Dondozo|76\/100|[from] item: Leftovers\n|-heal|p1a: Dondozo|68\/100|[from] item: Leftovers\n|upkeep\n|turn|8\n|\n|t:|1735496460\n|move|p2b: Dondozo|Order Up|p1a: Dondozo\n|-damage|p1a: Dondozo|55\/100\n|-boost|p2b: Dondozo|atk|1\n|move|p1a: Dondozo|Order Up|p2b: Dondozo\n|-damage|p2b: Dondozo|62\/100\n|-boost|p1a: Dondozo|def|0\n|\n|-heal|p2b: Dondozo|68\/100|[from] item: Leftovers\n|-heal|p1a: Dondozo|61\/100|[from] item: Leftovers\n|upkeep\n|turn|9\n|\n|t:|1735496466\n|move|p2b: Dondozo|Order Up|p1a: Dondozo\n|-damage|p1a: Dondozo|48\/100\n|-boost|p2b: Dondozo|atk|1\n|move|p1a: Dondozo|Order Up|p2b: Dondozo\n|-damage|p2b: Dondozo|55\/100\n|-boost|p1a: Dondozo|def|0\n|\n|-heal|p2b: Dondozo|62\/100|[from] item: Leftovers\n|-heal|p1a: Dondozo|54\/100|[from] item: Leftovers\n|upkeep\n|turn|10\n|\n|t:|1735496484\n|move|p2b: Dondozo|Order Up|p1a: Dondozo\n|-damage|p1a: Dondozo|42\/100\n|-boost|p2b: Dondozo|atk|0\n|move|p1a: Dondozo|Order Up|p2b: Dondozo\n|-damage|p2b: Dondozo|50\/100\n|-boost|p1a: Dondozo|def|0\n|\n|-heal|p2b: Dondozo|56\/100|[from] item: Leftovers\n|-heal|p1a: Dondozo|48\/100|[from] item: Leftovers\n|upkeep\n|turn|11\n|\n|t:|1735496487\n|move|p2b: Dondozo|Order Up|p1a: Dondozo\n|-damage|p1a: Dondozo|35\/100\n|-boost|p2b: Dondozo|atk|0\n|move|p1a: Dondozo|Body Press|p2b: Dondozo\n|-damage|p2b: Dondozo|38\/100\n|\n|-heal|p2b: Dondozo|44\/100|[from] item: Leftovers\n|-heal|p1a: Dondozo|41\/100|[from] item: Leftovers\n|upkeep\n|turn|12\n|\n|t:|1735496494\n|move|p2b: Dondozo|Earthquake|p1a: Dondozo|[spread] p1a\n|-miss|p2b: Dondozo|p2a: Tatsugiri\n|-miss|p2b: Dondozo|p1b: Tatsugiri\n|-damage|p1a: Dondozo|29\/100\n|move|p1a: Dondozo|Body Press|p2b: Dondozo\n|-crit|p2b: Dondozo\n|-damage|p2b: Dondozo|16\/100\n|\n|-heal|p2b: Dondozo|23\/100|[from] item: Leftovers\n|-heal|p1a: Dondozo|35\/100|[from] item: Leftovers\n|upkeep\n|turn|13\n|inactive|riemannsurface has 30 seconds left.\n|\n|t:|1735496526\n|move|p1a: Dondozo|Protect|p1a: Dondozo\n|-singleturn|p1a: Dondozo|Protect\n|move|p2b: Dondozo|Earthquake|p1a: Dondozo|[spread] \n|-miss|p2b: Dondozo|p2a: Tatsugiri\n|-miss|p2b: Dondozo|p1b: Tatsugiri\n|-activate|p1a: Dondozo|move: Protect\n|\n|-heal|p2b: Dondozo|29\/100|[from] item: Leftovers\n|-heal|p1a: Dondozo|41\/100|[from] item: Leftovers\n|upkeep\n|turn|14\n|\n|t:|1735496530\n|move|p2b: Dondozo|Earthquake|p1b: Tatsugiri|[spread] p1a\n|-miss|p2b: Dondozo|p2a: Tatsugiri\n|-miss|p2b: Dondozo|p1b: Tatsugiri\n|-damage|p1a: Dondozo|29\/100\n|move|p1a: Dondozo|Body Press|p2b: Dondozo\n|-damage|p2b: Dondozo|10\/100\n|\n|-heal|p2b: Dondozo|16\/100|[from] item: Leftovers\n|-heal|p1a: Dondozo|35\/100|[from] item: Leftovers\n|upkeep\n|turn|15\n|\n|t:|1735496533\n|move|p1a: Dondozo|Protect|p1a: Dondozo\n|-singleturn|p1a: Dondozo|Protect\n|move|p2b: Dondozo|Earthquake|p1b: Tatsugiri|[spread] \n|-miss|p2b: Dondozo|p2a: Tatsugiri\n|-miss|p2b: Dondozo|p1b: Tatsugiri\n|-activate|p1a: Dondozo|move: Protect\n|\n|-heal|p2b: Dondozo|22\/100|[from] item: Leftovers\n|-heal|p1a: Dondozo|42\/100|[from] item: Leftovers\n|upkeep\n|turn|16\n|\n|t:|1735496535\n|move|p2b: Dondozo|Earthquake|p1a: Dondozo|[spread] p1a\n|-miss|p2b: Dondozo|p2a: Tatsugiri\n|-miss|p2b: Dondozo|p1b: Tatsugiri\n|-damage|p1a: Dondozo|28\/100\n|move|p1a: Dondozo|Body Press|p2b: Dondozo\n|-damage|p2b: Dondozo|4\/100\n|\n|-heal|p2b: Dondozo|10\/100|[from] item: Leftovers\n|-heal|p1a: Dondozo|35\/100|[from] item: Leftovers\n|upkeep\n|turn|17\n|\n|t:|1735496538\n|move|p1a: Dondozo|Protect|p1a: Dondozo\n|-singleturn|p1a: Dondozo|Protect\n|move|p2b: Dondozo|Earthquake|p1a: Dondozo|[spread] \n|-miss|p2b: Dondozo|p2a: Tatsugiri\n|-miss|p2b: Dondozo|p1b: Tatsugiri\n|-activate|p1a: Dondozo|move: Protect\n|\n|-heal|p2b: Dondozo|16\/100|[from] item: Leftovers\n|-heal|p1a: Dondozo|41\/100|[from] item: Leftovers\n|upkeep\n|turn|18\n|\n|t:|1735496541\n|move|p2b: Dondozo|Earthquake|p1a: Dondozo|[spread] p1a\n|-miss|p2b: Dondozo|p2a: Tatsugiri\n|-miss|p2b: Dondozo|p1b: Tatsugiri\n|-damage|p1a: Dondozo|28\/100\n|move|p1a: Dondozo|Body Press|p2b: Dondozo\n|-damage|p2b: Dondozo|0 fnt\n|faint|p2b: Dondozo\n|\n|-heal|p1a: Dondozo|35\/100|[from] item: Leftovers\n|upkeep\n|\n|t:|1735496548\n|switch|p2b: Miraidon|Miraidon, L50|42\/100\n|-fieldstart|move: Electric Terrain|[from] ability: Hadron Engine|[of] p2b: Miraidon\n|turn|19\n|\n|t:|1735496557\n|move|p1a: Dondozo|Protect|p1a: Dondozo\n|-singleturn|p1a: Dondozo|Protect\n|move|p2a: Tatsugiri|Icy Wind|p1a: Dondozo|[spread] \n|-miss|p2a: Tatsugiri|p1b: Tatsugiri\n|-activate|p1a: Dondozo|move: Protect\n|move|p2b: Miraidon|Electro Drift|p1a: Dondozo\n|-activate|p1a: Dondozo|move: Protect\n|\n|-heal|p1a: Dondozo|41\/100|[from] item: Leftovers\n|upkeep\n|turn|20\n|\n|t:|1735496570\n|-terastallize|p1a: Dondozo|Grass\n|move|p2a: Tatsugiri|Icy Wind|p1a: Dondozo|[spread] p1a\n|-miss|p2a: Tatsugiri|p1b: Tatsugiri\n|-supereffective|p1a: Dondozo\n|-damage|p1a: Dondozo|30\/100\n|-unboost|p1a: Dondozo|spe|1\n|move|p2b: Miraidon|Electro Drift|p1a: Dondozo\n|-resisted|p1a: Dondozo\n|-damage|p1a: Dondozo|9\/100\n|move|p1a: Dondozo|Body Press|p2a: Tatsugiri\n|-damage|p2a: Tatsugiri|0 fnt\n|faint|p2a: Tatsugiri\n|\n|-heal|p1a: Dondozo|15\/100|[from] item: Leftovers\n|upkeep\n|inactive|riemannsurface has 30 seconds left.\n|\n|t:|1735496597\n|switch|p2a: Gholdengo|Gholdengo, L50, tera:Steel|32\/100\n|turn|21\n|\n|t:|1735496614\n|move|p1a: Dondozo|Protect|p1a: Dondozo\n|-singleturn|p1a: Dondozo|Protect\n|move|p2b: Miraidon|Electro Drift|p1a: Dondozo\n|-activate|p1a: Dondozo|move: Protect\n|move|p2a: Gholdengo|Shadow Ball|p1a: Dondozo\n|-activate|p1a: Dondozo|move: Protect\n|\n|-heal|p1a: Dondozo|21\/100|[from] item: Leftovers\n|upkeep\n|turn|22\n|j| Claarity\n|inactive|riemannsurface has 30 seconds left.\n|inactive|riemannsurface has 20 seconds left.\n|\n|t:|1735496653\n|move|p2b: Miraidon|Draco Meteor|p1a: Dondozo\n|-damage|p1a: Dondozo|0 fnt\n|-unboost|p2b: Miraidon|spa|2\n|faint|p1a: Dondozo\n|move|p2a: Gholdengo|Shadow Ball|p1b: Tatsugiri\n|-damage|p1b: Tatsugiri|14\/100\n|-unboost|p1b: Tatsugiri|spd|1\n|\n|upkeep\n|turn|23\n|\n|t:|1735496659\n|move|p2b: Miraidon|Electro Drift|p1b: Tatsugiri\n|-damage|p1b: Tatsugiri|0 fnt\n|faint|p1b: Tatsugiri\n|\n|win|riemannsurface\n|raw|Ibberdytten's rating: 1577 &rarr; <strong>1556<\/strong><br \/>(-21 for losing)\n|raw|riemannsurface's rating: 1551 &rarr; <strong>1572<\/strong><br \/>(+21 for winning)\n|l|\u2606Ibberdytten\n|player|p1|\n|l|\u2606riemannsurface\n|player|p2|\n|l| Claarity\n","uploadtime":1735496853,"views":25,"formatid":"gen9vgc2025regg","rating":1556,"private":0,"password":null}