{"id":"gen9vgc2025regg-2271068502","format":"[Gen 9] VGC 2025 Reg G","players":["dman12352","RustyChair13"],"log":"|j|\u2606dman12352\n|j|\u2606RustyChair13\n|t:|1735408558\n|gametype|doubles\n|player|p1|dman12352|102|1515\n|player|p2|RustyChair13|scientist-gen4|1633\n|teamsize|p1|6\n|teamsize|p2|6\n|gen|9\n|tier|[Gen 9] VGC 2025 Reg G\n|rated|\n|rule|Species Clause: Limit one of each Pok\u00e9mon\n|rule|Item Clause: Limit 1 of each item\n|clearpoke\n|poke|p1|Tornadus, L50, M|\n|poke|p1|Flutter Mane, L50|\n|poke|p1|Koraidon, L50|\n|poke|p1|Chi-Yu, L50|\n|poke|p1|Raging Bolt, L50|\n|poke|p1|Amoonguss, L50, M|\n|poke|p2|Zamazenta-*, L50|\n|poke|p2|Urshifu-*, L50, M|\n|poke|p2|Ogerpon-Hearthflame, L50, F|\n|poke|p2|Tornadus, L50, M|\n|poke|p2|Ditto, L50|\n|poke|p2|Raging Bolt, L50|\n|teampreview|4\n|inactive|Battle timer is ON: inactive players will automatically lose when time's up. (requested by dman12352)\n|j| ChicagoLycanrocks\n|\n|t:|1735408580\n|start\n|switch|p1a: Koraidon|Koraidon, L50|100\/100\n|switch|p1b: Raging Bolt|Raging Bolt, L50|100\/100\n|switch|p2a: Tornadus|Tornadus, L50, M|100\/100\n|switch|p2b: Raging Bolt|Raging Bolt, L50|100\/100\n|-weather|SunnyDay|[from] ability: Orichalcum Pulse|[of] p1a: Koraidon\n|-activate|p2b: Raging Bolt|ability: Protosynthesis\n|-start|p2b: Raging Bolt|protosynthesisspa\n|-activate|p1b: Raging Bolt|ability: Protosynthesis\n|-start|p1b: Raging Bolt|protosynthesisspa\n|-activate|p1a: Koraidon|Orichalcum Pulse|[source]\n|turn|1\n|\n|t:|1735408593\n|-terastallize|p2b: Raging Bolt|Fairy\n|move|p1a: Koraidon|Protect|p1a: Koraidon\n|-singleturn|p1a: Koraidon|Protect\n|move|p2a: Tornadus|Tailwind|p2a: Tornadus\n|-sidestart|p2: RustyChair13|move: Tailwind\n|move|p2b: Raging Bolt|Draco Meteor|p1a: Koraidon\n|-activate|p1a: Koraidon|move: Protect\n|move|p1b: Raging Bolt|Snarl|p2a: Tornadus|[spread] p2a,p2b\n|-resisted|p2b: Raging Bolt\n|-damage|p2a: Tornadus|76\/100\n|-damage|p2b: Raging Bolt|94\/100\n|-unboost|p2b: Raging Bolt|spa|1\n|\n|-weather|SunnyDay|[upkeep]\n|upkeep\n|turn|2\n|\n|t:|1735408607\n|switch|p1a: Flutter Mane|Flutter Mane, L50, shiny|100\/100\n|-activate|p1a: Flutter Mane|ability: Protosynthesis\n|-start|p1a: Flutter Mane|protosynthesisspe\n|-terastallize|p1b: Raging Bolt|Fairy\n|move|p2a: Tornadus|Rain Dance|p2a: Tornadus\n|-weather|RainDance\n|-end|p1a: Flutter Mane|Protosynthesis\n|-end|p2b: Raging Bolt|Protosynthesis\n|-end|p1b: Raging Bolt|Protosynthesis\n|move|p2b: Raging Bolt|Draco Meteor|p1a: Flutter Mane\n|-immune|p1a: Flutter Mane\n|move|p1b: Raging Bolt|Snarl|p2b: Raging Bolt|[spread] p2b\n|-miss|p1b: Raging Bolt|p2a: Tornadus\n|-resisted|p2b: Raging Bolt\n|-damage|p2b: Raging Bolt|90\/100\n|-unboost|p2b: Raging Bolt|spa|1\n|\n|-weather|RainDance|[upkeep]\n|upkeep\n|turn|3\n|l| ChicagoLycanrocks\n|\n|t:|1735408626\n|-end|p2b: Raging Bolt|Protosynthesis|[silent]\n|switch|p2b: Zamazenta|Zamazenta-Crowned, L50, shiny|100\/100\n|-ability|p2b: Zamazenta|Dauntless Shield|boost\n|-boost|p2b: Zamazenta|def|1\n|move|p2a: Tornadus|Bleakwind Storm|p1a: Flutter Mane|[spread] p1a,p1b\n|-damage|p1a: Flutter Mane|67\/100\n|-damage|p1b: Raging Bolt|82\/100\n|-unboost|p1a: Flutter Mane|spe|1\n|move|p1a: Flutter Mane|Dazzling Gleam|p2b: Zamazenta|[spread] p2a,p2b\n|-damage|p2a: Tornadus|24\/100\n|-damage|p2b: Zamazenta|68\/100\n|move|p1b: Raging Bolt|Snarl|p2b: Zamazenta|[spread] p2a,p2b\n|-resisted|p2b: Zamazenta\n|-damage|p2a: Tornadus|5\/100\n|-damage|p2b: Zamazenta|62\/100\n|-unboost|p2b: Zamazenta|spa|1\n|\n|-weather|RainDance|[upkeep]\n|upkeep\n|turn|4\n|l|\u2606dman12352\n|inactive|dman12352 disconnected and has a minute to reconnect!\n|player|p1|\n|\n|t:|1735408650\n|switch|p2a: Raging Bolt|Raging Bolt, L50, tera:Fairy|90\/100\n|move|p1b: Raging Bolt|Thunderclap|p2b: Zamazenta\n|-damage|p2b: Zamazenta|36\/100\n|move|p2b: Zamazenta|Heavy Slam|p1a: Flutter Mane\n|-supereffective|p1a: Flutter Mane\n|-damage|p1a: Flutter Mane|0 fnt\n|faint|p1a: Flutter Mane\n|-end|p1a: Flutter Mane|Protosynthesis|[silent]\n|\n|-weather|RainDance|[upkeep]\n|-sideend|p2: RustyChair13|move: Tailwind\n|upkeep\n|j|\u2606dman12352\n|inactive|dman12352 reconnected and has 45 seconds left.\n|player|p1|dman12352|102|\n|\n|t:|1735408667\n|switch|p1a: Chi-Yu|Chi-Yu, L50|100\/100\n|-ability|p1a: Chi-Yu|Beads of Ruin\n|turn|5\n|\n|t:|1735408678\n|-end|p1b: Raging Bolt|Protosynthesis|[silent]\n|switch|p1b: Koraidon|Koraidon, L50|100\/100\n|-weather|SunnyDay|[from] ability: Orichalcum Pulse|[of] p1b: Koraidon\n|-activate|p2a: Raging Bolt|ability: Protosynthesis\n|-start|p2a: Raging Bolt|protosynthesisspa\n|-activate|p1b: Koraidon|Orichalcum Pulse|[source]\n|move|p2b: Zamazenta|Protect|p2b: Zamazenta\n|-singleturn|p2b: Zamazenta|Protect\n|move|p1a: Chi-Yu|Heat Wave|p2a: Raging Bolt|[spread] p2a\n|-activate|p2b: Zamazenta|move: Protect\n|-damage|p2a: Raging Bolt|39\/100\n|-status|p2a: Raging Bolt|brn\n|move|p2a: Raging Bolt|Thunderbolt|p1b: Koraidon\n|-resisted|p1b: Koraidon\n|-damage|p1b: Koraidon|61\/100\n|\n|-weather|SunnyDay|[upkeep]\n|-damage|p2a: Raging Bolt|33\/100 brn|[from] brn\n|upkeep\n|turn|6\n|inactive|RustyChair13 has 30 seconds left.\n|inactive|RustyChair13 has 20 seconds left.\n|\n|t:|1735408717\n|switch|p1b: Raging Bolt|Raging Bolt, L50, tera:Fairy|82\/100\n|-activate|p1b: Raging Bolt|ability: Protosynthesis\n|-start|p1b: Raging Bolt|protosynthesisspa\n|move|p2b: Zamazenta|Wide Guard|p2b: Zamazenta\n|-singleturn|p2b: Zamazenta|Wide Guard\n|move|p2a: Raging Bolt|Thunderclap|p1a: Chi-Yu\n|-damage|p1a: Chi-Yu|43\/100\n|move|p1a: Chi-Yu|Heat Wave|p2b: Zamazenta|[spread] \n|-activate|p2a: Raging Bolt|move: Wide Guard\n|-activate|p2b: Zamazenta|move: Wide Guard\n|\n|-weather|SunnyDay|[upkeep]\n|-damage|p2a: Raging Bolt|26\/100 brn|[from] brn\n|upkeep\n|turn|7\n|\n|t:|1735408740\n|move|p2b: Zamazenta|Body Press|p1b: Raging Bolt\n|-resisted|p1b: Raging Bolt\n|-damage|p1b: Raging Bolt|51\/100\n|move|p1a: Chi-Yu|Flamethrower|p2a: Raging Bolt\n|-damage|p2a: Raging Bolt|0 fnt\n|faint|p2a: Raging Bolt\n|-end|p2a: Raging Bolt|Protosynthesis|[silent]\n|move|p1b: Raging Bolt|Weather Ball|p2b: Zamazenta\n|-supereffective|p2b: Zamazenta\n|-damage|p2b: Zamazenta|0 fnt\n|faint|p2b: Zamazenta\n|\n|-weather|SunnyDay|[upkeep]\n|upkeep\n|\n|t:|1735408747\n|switch|p2b: Urshifu|Urshifu-Rapid-Strike, L50, M|100\/100\n|switch|p2a: Tornadus|Tornadus, L50, M|5\/100\n|turn|8\n|\n|t:|1735408764\n|move|p2a: Tornadus|Rain Dance|p2a: Tornadus\n|-weather|RainDance\n|-end|p1b: Raging Bolt|Protosynthesis\n|move|p2b: Urshifu|Aqua Jet|p1b: Raging Bolt\n|-damage|p1b: Raging Bolt|16\/100\n|move|p1a: Chi-Yu|Dark Pulse|p2a: Tornadus\n|-damage|p2a: Tornadus|0 fnt\n|faint|p2a: Tornadus\n|move|p1b: Raging Bolt|Snarl|p2b: Urshifu\n|-resisted|p2b: Urshifu\n|-crit|p2b: Urshifu\n|-damage|p2b: Urshifu|68\/100\n|-unboost|p2b: Urshifu|spa|1\n|\n|-weather|RainDance|[upkeep]\n|upkeep\n|turn|9\n|c|\u2606dman12352|Gg\n|l|\u2606RustyChair13\n|inactive|RustyChair13 disconnected and has a minute to reconnect!\n|player|p2|\n|inactive|RustyChair13 has 30 seconds left.\n|inactive|RustyChair13 has 20 seconds left.\n|inactive|RustyChair13 has 15 seconds left.\n|inactive|RustyChair13 has 10 seconds left.\n|inactive|RustyChair13 has 5 seconds left.\n|-message|RustyChair13 lost due to inactivity.\n|\n|win|dman12352\n|raw|dman12352's rating: 1515 &rarr; <strong>1542<\/strong><br \/>(+27 for winning)\n|raw|RustyChair13's rating: 1633 &rarr; <strong>1606<\/strong><br \/>(-27 for losing)\n|l|\u2606dman12352\n|player|p1|\n","uploadtime":1735409086,"views":361,"formatid":"gen9vgc2025regg","rating":1542,"private":0,"password":null}