{"id":"gen9vgc2025regg-2271315704","format":"[Gen 9] VGC 2025 Reg G","players":["riemannsurface","Ggttmmhh"],"log":"|j|\u2606riemannsurface\n|j|\u2606Ggttmmhh\n|t:|1735443104\n|gametype|doubles\n|player|p1|riemannsurface|unknown|1603\n|player|p2|Ggttmmhh|169|1612\n|teamsize|p1|6\n|teamsize|p2|6\n|gen|9\n|tier|[Gen 9] VGC 2025 Reg G\n|rated|\n|rule|Species Clause: Limit one of each Pok\u00e9mon\n|rule|Item Clause: Limit 1 of each item\n|clearpoke\n|poke|p1|Calyrex-Shadow, L50|\n|poke|p1|Flutter Mane, L50|\n|poke|p1|Chien-Pao, L50|\n|poke|p1|Dragonite, L50, F|\n|poke|p1|Garganacl, L50, M|\n|poke|p1|Iron Hands, L50|\n|poke|p2|Farigiraf, L50, M|\n|poke|p2|Chi-Yu, L50|\n|poke|p2|Raging Bolt, L50|\n|poke|p2|Groudon, L50|\n|poke|p2|Flutter Mane, L50|\n|poke|p2|Ditto, L50|\n|teampreview|4\n|inactive|Battle timer is ON: inactive players will automatically lose when time's up. (requested by riemannsurface)\n|j| Wolwerock-Kun\n|\n|t:|1735443126\n|start\n|switch|p1a: Calyrex|Calyrex-Shadow, L50|100\/100\n|switch|p1b: Dragonite|Dragonite, L50, F|100\/100\n|switch|p2a: Flutter Mane|Flutter Mane, L50|100\/100\n|switch|p2b: Chi-Yu|Chi-Yu, L50|100\/100\n|-ability|p1a: Calyrex|As One\n|-ability|p1a: Calyrex|Unnerve\n|-ability|p2b: Chi-Yu|Beads of Ruin\n|turn|1\n|\n|t:|1735443148\n|-terastallize|p1a: Calyrex|Normal\n|-terastallize|p2a: Flutter Mane|Fairy\n|move|p1b: Dragonite|Extreme Speed|p2a: Flutter Mane\n|-damage|p2a: Flutter Mane|42\/100\n|move|p1a: Calyrex|Astral Barrage|p2b: Chi-Yu|[spread] p2a,p2b\n|-resisted|p2b: Chi-Yu\n|-damage|p2a: Flutter Mane|0 fnt\n|-damage|p2b: Chi-Yu|68\/100\n|faint|p2a: Flutter Mane\n|-end|p2a: Flutter Mane|Protosynthesis|[silent]\n|-ability|p1a: Calyrex|Grim Neigh|boost\n|-boost|p1a: Calyrex|spa|1\n|move|p2b: Chi-Yu|Heat Wave|p1a: Calyrex|[spread] p1a,p1b\n|-resisted|p1b: Dragonite\n|-damage|p1a: Calyrex|50\/100\n|-damage|p1b: Dragonite|87\/100\n|-status|p1b: Dragonite|brn\n|\n|-damage|p1b: Dragonite|81\/100 brn|[from] brn\n|upkeep\n|j| BreadTest\n|inactive|Ggttmmhh has 30 seconds left.\n|inactive|Ggttmmhh has 20 seconds left.\n|\n|t:|1735443185\n|switch|p2a: Groudon|Groudon, L50|100\/100\n|-weather|SunnyDay|[from] ability: Drought|[of] p2a: Groudon\n|turn|2\n|\n|t:|1735443197\n|move|p1b: Dragonite|Extreme Speed|p2b: Chi-Yu\n|-damage|p2b: Chi-Yu|43\/100\n|move|p1a: Calyrex|Astral Barrage|p2b: Chi-Yu|[spread] p2a,p2b\n|-resisted|p2b: Chi-Yu\n|-damage|p2a: Groudon|11\/100\n|-damage|p2b: Chi-Yu|0 fnt\n|faint|p2b: Chi-Yu\n|-ability|p1a: Calyrex|Grim Neigh|boost\n|-boost|p1a: Calyrex|spa|1\n|move|p2a: Groudon|Precipice Blades|p1a: Calyrex|[spread] p1a\n|-immune|p1b: Dragonite\n|-damage|p1a: Calyrex|0 fnt\n|faint|p1a: Calyrex\n|\n|-weather|SunnyDay|[upkeep]\n|-damage|p1b: Dragonite|75\/100 brn|[from] brn\n|upkeep\n|\n|t:|1735443207\n|switch|p1a: Iron Hands|Iron Hands, L50|100\/100\n|switch|p2b: Farigiraf|Farigiraf, L50, M|100\/100\n|turn|3\n|\n|t:|1735443227\n|move|p2a: Groudon|Protect|p2a: Groudon\n|-singleturn|p2a: Groudon|Protect\n|move|p1b: Dragonite|Scale Shot|p2a: Groudon\n|-activate|p2a: Groudon|move: Protect\n|move|p1a: Iron Hands|Low Kick|p2b: Farigiraf\n|-damage|p2b: Farigiraf|56\/100\n|-damage|p1a: Iron Hands|84\/100|[from] item: Rocky Helmet|[of] p2b: Farigiraf\n|move|p2b: Farigiraf|Gravity|p2b: Farigiraf\n|-fieldstart|move: Gravity\n|\n|-weather|SunnyDay|[upkeep]\n|-damage|p1b: Dragonite|69\/100 brn|[from] brn\n|upkeep\n|turn|4\n|\n|t:|1735443244\n|move|p1b: Dragonite|Scale Shot|p2a: Groudon\n|-damage|p2a: Groudon|6\/100\n|-damage|p2a: Groudon|2\/100\n|-damage|p2a: Groudon|0 fnt\n|faint|p2a: Groudon\n|-hitcount|p2: Groudon|3\n|-unboost|p1b: Dragonite|def|1\n|-boost|p1b: Dragonite|spe|1\n|move|p1a: Iron Hands|Low Kick|p2b: Farigiraf\n|-damage|p2b: Farigiraf|12\/100\n|-damage|p1a: Iron Hands|68\/100|[from] item: Rocky Helmet|[of] p2b: Farigiraf\n|move|p2b: Farigiraf|Trick Room|p2b: Farigiraf\n|-fieldstart|move: Trick Room|[of] p2b: Farigiraf\n|\n|-weather|SunnyDay|[upkeep]\n|-damage|p1b: Dragonite|63\/100 brn|[from] brn\n|upkeep\n|turn|5\n|l|\u2606Ggttmmhh\n|inactive|Ggttmmhh disconnected and has a minute to reconnect!\n|player|p2|\n|\n|t:|1735443256\n|move|p2b: Farigiraf|Psychic Noise|p1a: Iron Hands\n|-supereffective|p1a: Iron Hands\n|-damage|p1a: Iron Hands|33\/100\n|-start|p1a: Iron Hands|move: Heal Block\n|move|p1a: Iron Hands|Low Kick|p2b: Farigiraf\n|-damage|p2b: Farigiraf|0 fnt\n|-damage|p1a: Iron Hands|17\/100|[from] item: Rocky Helmet|[of] p2b: Farigiraf\n|faint|p2b: Farigiraf\n|\n|win|riemannsurface\n|raw|riemannsurface's rating: 1603 &rarr; <strong>1624<\/strong><br \/>(+21 for winning)\n|raw|Ggttmmhh's rating: 1612 &rarr; <strong>1591<\/strong><br \/>(-21 for losing)\n|l|\u2606riemannsurface\n|player|p1|\n|l| Wolwerock-Kun\n|l| BreadTest\n","uploadtime":1735443417,"views":70,"formatid":"gen9vgc2025regg","rating":1591,"private":0,"password":null}