{"id":"gen9vgc2025regg-2271652615","format":"[Gen 9] VGC 2025 Reg G","players":["Nasihasi","Emirnent"],"log":"|j|\u2606Nasihasi\n|j|\u2606Emirnent\n|t:|1735502350\n|gametype|doubles\n|player|p1|Nasihasi|hiker-gen4|1520\n|player|p2|Emirnent|1|1613\n|teamsize|p1|6\n|teamsize|p2|6\n|gen|9\n|tier|[Gen 9] VGC 2025 Reg G\n|rated|\n|rule|Species Clause: Limit one of each Pok\u00e9mon\n|rule|Item Clause: Limit 1 of each item\n|clearpoke\n|poke|p1|Ursaluna-Bloodmoon, L50, M|\n|poke|p1|Whimsicott, L50, M|\n|poke|p1|Miraidon, L50|\n|poke|p1|Iron Hands, L50|\n|poke|p1|Farigiraf, L50, F|\n|poke|p1|Ogerpon-Hearthflame, L50, F|\n|poke|p2|Whimsicott, L50, M|\n|poke|p2|Kyogre, L50|\n|poke|p2|Urshifu-*, L50, M|\n|poke|p2|Chien-Pao, L50|\n|poke|p2|Archaludon, L50, F|\n|poke|p2|Tsareena, L50, F|\n|teampreview|4\n|inactive|Battle timer is ON: inactive players will automatically lose when time's up. (requested by Emirnent)\n|inactive|Nasihasi has 60 seconds left.\n|\n|t:|1735502390\n|start\n|switch|p1a: Whimsicott|Whimsicott, L50, M|100\/100\n|switch|p1b: Miraidon|Miraidon, L50|100\/100\n|switch|p2a: Whimsicott|Whimsicott, L50, M|100\/100\n|switch|p2b: Chien-Pao|Chien-Pao, L50|100\/100\n|-ability|p2b: Chien-Pao|Sword of Ruin\n|-fieldstart|move: Electric Terrain|[from] ability: Hadron Engine|[of] p1b: Miraidon\n|turn|1\n|j| TenderFlame\n|\n|t:|1735502411\n|-terastallize|p1b: Miraidon|Fairy\n|move|p2a: Whimsicott|Tailwind|p2a: Whimsicott\n|-sidestart|p2: Emirnent|move: Tailwind\n|move|p2b: Chien-Pao|Ice Spinner|p1b: Miraidon\n|-damage|p1b: Miraidon|39\/100\n|-fieldend|move: Electric Terrain\n|move|p1b: Miraidon|Dazzling Gleam|p2a: Whimsicott|[spread] p2a,p2b\n|-supereffective|p2b: Chien-Pao\n|-crit|p2b: Chien-Pao\n|-damage|p2a: Whimsicott|26\/100\n|-enditem|p2b: Chien-Pao|Focus Sash\n|-damage|p2b: Chien-Pao|1\/100\n|move|p1a: Whimsicott|Moonblast|p2b: Chien-Pao\n|-supereffective|p2b: Chien-Pao\n|-damage|p2b: Chien-Pao|0 fnt\n|faint|p2b: Chien-Pao\n|\n|upkeep\n|\n|t:|1735502424\n|switch|p2b: Kyogre|Kyogre, L50|100\/100\n|-weather|RainDance|[from] ability: Drizzle|[of] p2b: Kyogre\n|turn|2\n|\n|t:|1735502449\n|move|p2a: Whimsicott|Encore|p1a: Whimsicott\n|-start|p1a: Whimsicott|Encore\n|move|p1a: Whimsicott|Moonblast|p2a: Whimsicott\n|-crit|p2a: Whimsicott\n|-damage|p2a: Whimsicott|0 fnt\n|faint|p2a: Whimsicott\n|move|p2b: Kyogre|Water Spout|p1b: Miraidon|[spread] p1a,p1b\n|-resisted|p1a: Whimsicott\n|-damage|p1a: Whimsicott|19\/100\n|-damage|p1b: Miraidon|0 fnt\n|faint|p1b: Miraidon\n|\n|-weather|RainDance|[upkeep]\n|upkeep\n|\n|t:|1735502469\n|switch|p1b: Iron Hands|Iron Hands, L50|100\/100\n|switch|p2a: Archaludon|Archaludon, L50, F|100\/100\n|turn|3\n|inactive|Emirnent has 30 seconds left.\n|inactive|Emirnent has 20 seconds left.\n|inactive|Emirnent has 15 seconds left.\n|\n|t:|1735502510\n|switch|p1a: Ogerpon|Ogerpon-Hearthflame, L50, F|100\/100\n|-ability|p1a: Ogerpon|Mold Breaker\n|-terastallize|p2b: Kyogre|Water\n|move|p1b: Iron Hands|Fake Out|p2b: Kyogre\n|-damage|p2b: Kyogre|85\/100\n|cant|p2b: Kyogre|flinch\n|move|p2a: Archaludon|Dragon Pulse|p1b: Iron Hands\n|-damage|p1b: Iron Hands|82\/100\n|\n|-weather|RainDance|[upkeep]\n|upkeep\n|turn|4\n|j| zxc123zxc\n|\n|t:|1735502530\n|move|p1a: Ogerpon|Spiky Shield|p1a: Ogerpon\n|-singleturn|p1a: Ogerpon|move: Protect\n|move|p2b: Kyogre|Water Spout|p1a: Ogerpon|[spread] p1b\n|-activate|p1a: Ogerpon|move: Protect\n|-damage|p1b: Iron Hands|24\/100\n|move|p2a: Archaludon|Electro Shot||[still]\n|-prepare|p2a: Archaludon|Electro Shot\n|-boost|p2a: Archaludon|spa|1\n|-anim|p2a: Archaludon|Electro Shot|p1b: Iron Hands\n|-resisted|p1b: Iron Hands\n|-damage|p1b: Iron Hands|9\/100\n|move|p1b: Iron Hands|Wild Charge|p2b: Kyogre\n|-supereffective|p2b: Kyogre\n|-damage|p2b: Kyogre|0 fnt\n|faint|p2b: Kyogre\n|-damage|p1b: Iron Hands|0 fnt|[from] Recoil\n|faint|p1b: Iron Hands\n|-end|p1b: Iron Hands|Quark Drive|[silent]\n|\n|-weather|RainDance|[upkeep]\n|-sideend|p2: Emirnent|move: Tailwind\n|upkeep\n|\n|t:|1735502551\n|switch|p1b: Whimsicott|Whimsicott, L50, M|19\/100\n|turn|5\n|\n|t:|1735502563\n|move|p1b: Whimsicott|Moonblast|p2a: Archaludon\n|-damage|p2a: Archaludon|75\/100\n|-ability|p2a: Archaludon|Stamina|boost\n|-boost|p2a: Archaludon|def|1\n|move|p1a: Ogerpon|Ivy Cudgel|p2a: Archaludon|[anim] Ivy Cudgel Fire\n|-damage|p2a: Archaludon|60\/100\n|-ability|p2a: Archaludon|Stamina|boost\n|-boost|p2a: Archaludon|def|1\n|move|p2a: Archaludon|Electro Shot||[still]\n|-prepare|p2a: Archaludon|Electro Shot\n|-boost|p2a: Archaludon|spa|1\n|-anim|p2a: Archaludon|Electro Shot|p1b: Whimsicott\n|-resisted|p1b: Whimsicott\n|-damage|p1b: Whimsicott|0 fnt\n|faint|p1b: Whimsicott\n|\n|-weather|RainDance|[upkeep]\n|upkeep\n|turn|6\n|\n|t:|1735502576\n|move|p1a: Ogerpon|Spiky Shield|p1a: Ogerpon\n|-singleturn|p1a: Ogerpon|move: Protect\n|move|p2a: Archaludon|Electro Shot||[still]\n|-prepare|p2a: Archaludon|Electro Shot\n|-boost|p2a: Archaludon|spa|1\n|-anim|p2a: Archaludon|Electro Shot|p1a: Ogerpon\n|-activate|p1a: Ogerpon|move: Protect\n|\n|-weather|none\n|upkeep\n|turn|7\n|\n|t:|1735502582\n|move|p1a: Ogerpon|Ivy Cudgel|p2a: Archaludon|[anim] Ivy Cudgel Fire\n|-crit|p2a: Archaludon\n|-damage|p2a: Archaludon|0 fnt\n|faint|p2a: Archaludon\n|\n|win|Nasihasi\n|raw|Nasihasi's rating: 1520 &rarr; <strong>1545<\/strong><br \/>(+25 for winning)\n|raw|Emirnent's rating: 1613 &rarr; <strong>1588<\/strong><br \/>(-25 for losing)\n|l|\u2606Emirnent\n|player|p2|\n|l| TenderFlame\n|l|\u2606Nasihasi\n|player|p1|\n|l| zxc123zxc\n","uploadtime":1735502593,"views":34,"formatid":"gen9vgc2025regg","rating":1545,"private":0,"password":null}