{"id":"gen9vgc2025regg-2271500906","format":"[Gen 9] VGC 2025 Reg G","players":["Meiose","Djjwjwwjj"],"log":"|j|\u2606Meiose\n|j|\u2606Djjwjwwjj\n|t:|1735481179\n|gametype|doubles\n|player|p1|Meiose|morty|1540\n|player|p2|Djjwjwwjj|red|1590\n|teamsize|p1|6\n|teamsize|p2|6\n|gen|9\n|tier|[Gen 9] VGC 2025 Reg G\n|rated|\n|rule|Species Clause: Limit one of each Pok\u00e9mon\n|rule|Item Clause: Limit 1 of each item\n|clearpoke\n|poke|p1|Miraidon, L50|\n|poke|p1|Iron Hands, L50|\n|poke|p1|Whimsicott, L50, M|\n|poke|p1|Iron Leaves, L50|\n|poke|p1|Urshifu-*, L50, M|\n|poke|p1|Incineroar, L50, M|\n|poke|p2|Incineroar, L50, F|\n|poke|p2|Sinistcha, L50|\n|poke|p2|Grimmsnarl, L50, M|\n|poke|p2|Miraidon, L50|\n|poke|p2|Iron Crown, L50|\n|poke|p2|Iron Bundle, L50|\n|teampreview|4\n|inactive|Battle timer is ON: inactive players will automatically lose when time's up. (requested by Djjwjwwjj)\n|j| Mike2811\n|\n|t:|1735481204\n|start\n|switch|p1a: Iron Leaves|Iron Leaves, L50|100\/100\n|switch|p1b: Incineroar|Incineroar, L50, M|100\/100\n|switch|p2a: Iron Crown|Iron Crown, L50|100\/100\n|switch|p2b: Grimmsnarl|Grimmsnarl, L50, M|100\/100\n|-ability|p1b: Incineroar|Intimidate|boost\n|-unboost|p2a: Iron Crown|atk|1\n|-unboost|p2b: Grimmsnarl|atk|1\n|turn|1\n|inactive|Meiose has 30 seconds left.\n|inactive|Djjwjwwjj has 30 seconds left.\n|inactive|Meiose has 20 seconds left.\n|inactive|Meiose has 15 seconds left.\n|inactive|Meiose has 10 seconds left.\n|inactive|Meiose has 5 seconds left.\n|\n|t:|1735481259\n|move|p1b: Incineroar|Fake Out|p2b: Grimmsnarl\n|-damage|p2b: Grimmsnarl|89\/100\n|cant|p2b: Grimmsnarl|flinch\n|move|p1a: Iron Leaves|Psyblade|p2b: Grimmsnarl\n|-immune|p2b: Grimmsnarl\n|move|p2a: Iron Crown|Psyshock|p1a: Iron Leaves\n|-resisted|p1a: Iron Leaves\n|-damage|p1a: Iron Leaves|73\/100\n|-damage|p2a: Iron Crown|91\/100|[from] item: Life Orb\n|\n|upkeep\n|turn|2\n|inactive|Meiose has 30 seconds left.\n|\n|t:|1735481287\n|-end|p2a: Iron Crown|Quark Drive|[silent]\n|switch|p2a: Incineroar|Incineroar, L50, F|100\/100\n|-ability|p2a: Incineroar|Intimidate|boost\n|-unboost|p1a: Iron Leaves|atk|1\n|-unboost|p1b: Incineroar|atk|1\n|switch|p1b: Miraidon|Miraidon, L50|100\/100\n|-fieldstart|move: Electric Terrain|[from] ability: Hadron Engine|[of] p1b: Miraidon\n|-activate|p1a: Iron Leaves|ability: Quark Drive\n|-start|p1a: Iron Leaves|quarkdrivespe\n|-enditem|p1a: Iron Leaves|Electric Seed\n|-boost|p1a: Iron Leaves|def|1|[from] item: Electric Seed\n|-terastallize|p1a: Iron Leaves|Psychic\n|move|p2b: Grimmsnarl|Reflect|p2b: Grimmsnarl\n|-sidestart|p2: Djjwjwwjj|Reflect\n|move|p1a: Iron Leaves|Psyblade|p2a: Incineroar\n|-immune|p2a: Incineroar\n|\n|upkeep\n|turn|3\n|inactive|Djjwjwwjj has 30 seconds left.\n|\n|t:|1735481314\n|move|p2b: Grimmsnarl|Light Screen|p2b: Grimmsnarl\n|-sidestart|p2: Djjwjwwjj|move: Light Screen\n|move|p1a: Iron Leaves|Swords Dance|p1a: Iron Leaves\n|-boost|p1a: Iron Leaves|atk|2\n|move|p1b: Miraidon|Electro Drift|p2a: Incineroar\n|-damage|p2a: Incineroar|28\/100\n|move|p2a: Incineroar|Parting Shot|p1b: Miraidon\n|-unboost|p1b: Miraidon|atk|1\n|-unboost|p1b: Miraidon|spa|1\n|\n|t:|1735481326\n|switch|p2a: Miraidon|Miraidon, L50|100\/100|[from] Parting Shot\n|-activate|p2a: Miraidon|ability: Hadron Engine\n|\n|upkeep\n|turn|4\n|\n|t:|1735481340\n|move|p2b: Grimmsnarl|Parting Shot|p1a: Iron Leaves\n|-unboost|p1a: Iron Leaves|atk|1\n|-unboost|p1a: Iron Leaves|spa|1\n|\n|t:|1735481344\n|switch|p2b: Incineroar|Incineroar, L50, F|28\/100|[from] Parting Shot\n|-ability|p2b: Incineroar|Intimidate|boost\n|-unboost|p1a: Iron Leaves|atk|1\n|-unboost|p1b: Miraidon|atk|1\n|move|p1a: Iron Leaves|Psyblade|p2a: Miraidon\n|-damage|p2a: Miraidon|72\/100\n|move|p1b: Miraidon|Electro Drift|p2a: Miraidon\n|-resisted|p2a: Miraidon\n|-damage|p2a: Miraidon|58\/100\n|move|p2a: Miraidon|Calm Mind|p2a: Miraidon\n|-boost|p2a: Miraidon|spa|1\n|-boost|p2a: Miraidon|spd|1\n|\n|upkeep\n|turn|5\n|inactive|Djjwjwwjj has 30 seconds left.\n|\n|t:|1735481378\n|-end|p1a: Iron Leaves|Quark Drive|[silent]\n|switch|p1a: Whimsicott|Whimsicott, L50, M|100\/100\n|move|p2b: Incineroar|Fake Out|p1b: Miraidon\n|-damage|p1b: Miraidon|90\/100\n|cant|p1b: Miraidon|flinch\n|move|p2a: Miraidon|Parabolic Charge|p1b: Miraidon|[spread] p2b,p1a,p1b\n|-resisted|p1a: Whimsicott\n|-resisted|p1b: Miraidon\n|-damage|p2b: Incineroar|0 fnt\n|-heal|p2a: Miraidon|72\/100|[from] drain|[of] p2b: Incineroar\n|-damage|p1a: Whimsicott|54\/100\n|-heal|p2a: Miraidon|89\/100|[from] drain|[of] p1a: Whimsicott\n|-damage|p1b: Miraidon|76\/100\n|-heal|p2a: Miraidon|95\/100|[from] drain|[of] p1b: Miraidon\n|faint|p2b: Incineroar\n|\n|upkeep\n|\n|t:|1735481399\n|switch|p2b: Grimmsnarl|Grimmsnarl, L50, M|89\/100\n|turn|6\n|\n|t:|1735481416\n|move|p1a: Whimsicott|Encore|p2a: Miraidon\n|-start|p2a: Miraidon|Encore\n|move|p2b: Grimmsnarl|Thunder Wave|p1a: Whimsicott|[miss]\n|-miss|p2b: Grimmsnarl|p1a: Whimsicott\n|move|p1b: Miraidon|Electro Drift|p2b: Grimmsnarl\n|-damage|p2b: Grimmsnarl|32\/100\n|move|p2a: Miraidon|Parabolic Charge|p1b: Miraidon|[spread] p2b,p1a,p1b\n|-resisted|p1a: Whimsicott\n|-resisted|p1b: Miraidon\n|-damage|p2b: Grimmsnarl|0 fnt\n|-heal|p2a: Miraidon|100\/100|[from] drain|[of] p2b: Grimmsnarl\n|-damage|p1a: Whimsicott|7\/100\n|-damage|p1b: Miraidon|62\/100\n|faint|p2b: Grimmsnarl\n|\n|-fieldend|move: Electric Terrain\n|upkeep\n|\n|t:|1735481422\n|switch|p2b: Iron Crown|Iron Crown, L50|91\/100\n|turn|7\n|inactive|Meiose has 30 seconds left.\n|\n|t:|1735481448\n|switch|p1b: Incineroar|Incineroar, L50, M|100\/100\n|-ability|p1b: Incineroar|Intimidate|boost\n|-unboost|p2a: Miraidon|atk|1\n|-unboost|p2b: Iron Crown|atk|1\n|move|p2b: Iron Crown|Protect|p2b: Iron Crown\n|-singleturn|p2b: Iron Crown|Protect\n|move|p1a: Whimsicott|Tailwind|p1a: Whimsicott\n|-sidestart|p1: Meiose|move: Tailwind\n|move|p2a: Miraidon|Parabolic Charge|p1b: Incineroar|[spread] p1a,p1b\n|-activate|p2b: Iron Crown|move: Protect\n|-resisted|p1a: Whimsicott\n|-damage|p1a: Whimsicott|0 fnt\n|-damage|p1b: Incineroar|69\/100\n|faint|p1a: Whimsicott\n|\n|upkeep\n|\n|t:|1735481458\n|switch|p1a: Miraidon|Miraidon, L50|62\/100\n|-fieldstart|move: Electric Terrain|[from] ability: Hadron Engine|[of] p1a: Miraidon\n|-activate|p2b: Iron Crown|ability: Quark Drive\n|-start|p2b: Iron Crown|quarkdrivespe\n|turn|8\n|\n|t:|1735481481\n|move|p1a: Miraidon|Draco Meteor|p2a: Miraidon\n|-supereffective|p2a: Miraidon\n|-damage|p2a: Miraidon|2\/100\n|-unboost|p1a: Miraidon|spa|2\n|move|p2b: Iron Crown|Psyshock|p1a: Miraidon\n|-damage|p1a: Miraidon|11\/100\n|-damage|p2b: Iron Crown|81\/100|[from] item: Life Orb\n|move|p2a: Miraidon|Parabolic Charge|p1b: Incineroar|[spread] p2b,p1a,p1b\n|-resisted|p1a: Miraidon\n|-damage|p2b: Iron Crown|41\/100\n|-heal|p2a: Miraidon|20\/100|[from] drain|[of] p2b: Iron Crown\n|-damage|p1a: Miraidon|0 fnt\n|-heal|p2a: Miraidon|25\/100|[from] drain|[of] p1a: Miraidon\n|-damage|p1b: Incineroar|13\/100\n|-heal|p2a: Miraidon|52\/100|[from] drain|[of] p1b: Incineroar\n|-enditem|p1b: Incineroar|Sitrus Berry|[eat]\n|-heal|p1b: Incineroar|38\/100|[from] item: Sitrus Berry\n|faint|p1a: Miraidon\n|move|p1b: Incineroar|Knock Off|p2a: Miraidon\n|-damage|p2a: Miraidon|29\/100\n|-enditem|p2a: Miraidon|Covert Cloak|[from] move: Knock Off|[of] p1b: Incineroar\n|\n|-end|p2a: Miraidon|Encore\n|upkeep\n|inactive|Meiose has 30 seconds left.\n|\n|t:|1735481507\n|switch|p1a: Iron Leaves|Iron Leaves, L50, tera:Psychic|73\/100\n|-activate|p1a: Iron Leaves|ability: Quark Drive\n|-start|p1a: Iron Leaves|quarkdrivespe\n|turn|9\n|inactive|Djjwjwwjj has 30 seconds left.\n|inactive|Djjwjwwjj has 20 seconds left.\n|\n|t:|1735481543\n|-terastallize|p2b: Iron Crown|Water\n|move|p2a: Miraidon|Protect|p2a: Miraidon\n|-singleturn|p2a: Miraidon|Protect\n|move|p1a: Iron Leaves|Psyblade|p2a: Miraidon\n|-activate|p2a: Miraidon|move: Protect\n|move|p2b: Iron Crown|Tera Blast|p1b: Incineroar|[anim] Tera Blast Water\n|-supereffective|p1b: Incineroar\n|-damage|p1b: Incineroar|0 fnt\n|faint|p1b: Incineroar\n|-damage|p2b: Iron Crown|32\/100|[from] item: Life Orb\n|\n|-sideend|p2: Djjwjwwjj|Reflect\n|upkeep\n|turn|10\n|inactive|Djjwjwwjj has 30 seconds left.\n|inactive|Djjwjwwjj has 20 seconds left.\n|l| Mike2811\n|inactive|Djjwjwwjj has 15 seconds left.\n|\n|t:|1735481584\n|move|p1a: Iron Leaves|Psyblade|p2a: Miraidon\n|-damage|p2a: Miraidon|0 fnt\n|faint|p2a: Miraidon\n|move|p2b: Iron Crown|Tachyon Cutter|p1a: Iron Leaves\n|-damage|p1a: Iron Leaves|46\/100\n|-damage|p1a: Iron Leaves|15\/100\n|-hitcount|p1a: Iron Leaves|2\n|-damage|p2b: Iron Crown|22\/100|[from] item: Life Orb\n|\n|-sideend|p2: Djjwjwwjj|move: Light Screen\n|-sideend|p1: Meiose|move: Tailwind\n|upkeep\n|turn|11\n|\n|t:|1735481597\n|move|p1a: Iron Leaves|Psyblade|p2b: Iron Crown\n|-damage|p2b: Iron Crown|0 fnt\n|faint|p2b: Iron Crown\n|-end|p2b: Iron Crown|Quark Drive|[silent]\n|\n|win|Meiose\n|raw|Meiose's rating: 1540 &rarr; <strong>1563<\/strong><br \/>(+23 for winning)\n|raw|Djjwjwwjj's rating: 1590 &rarr; <strong>1567<\/strong><br \/>(-23 for losing)\n|l|\u2606Djjwjwwjj\n|player|p2|\n","uploadtime":1735481603,"views":547,"formatid":"gen9vgc2025regg","rating":1563,"private":0,"password":null}