{"id":"gen9vgc2025regg-2271833057","format":"[Gen 9] VGC 2025 Reg G","players":["Iamsliverfish","Djjwjwwjj"],"log":"|j|\u2606Iamsliverfish\n|j|\u2606Djjwjwwjj\n|t:|1735526690\n|gametype|doubles\n|player|p1|Iamsliverfish|hiker-gen4|1605\n|player|p2|Djjwjwwjj|red|1564\n|teamsize|p1|6\n|teamsize|p2|6\n|gen|9\n|tier|[Gen 9] VGC 2025 Reg G\n|rated|\n|rule|Species Clause: Limit one of each Pok\u00e9mon\n|rule|Item Clause: Limit 1 of each item\n|clearpoke\n|poke|p1|Calyrex-Shadow, L50|\n|poke|p1|Ursaluna, L50, F|\n|poke|p1|Indeedee-F, L50, F|\n|poke|p1|Ogerpon-Wellspring, L50, F|\n|poke|p1|Tornadus, L50, M|\n|poke|p1|Chi-Yu, L50|\n|poke|p2|Incineroar, L50, F|\n|poke|p2|Sinistcha, L50|\n|poke|p2|Grimmsnarl, L50, M|\n|poke|p2|Miraidon, L50|\n|poke|p2|Landorus, L50, M|\n|poke|p2|Urshifu-*, L50, F|\n|teampreview|4\n|inactive|Battle timer is ON: inactive players will automatically lose when time's up. (requested by Djjwjwwjj)\n|\n|t:|1735526707\n|start\n|switch|p1a: Indeedee|Indeedee-F, L50, F|100\/100\n|switch|p1b: Calyrex|Calyrex-Shadow, L50|100\/100\n|switch|p2a: Incineroar|Incineroar, L50, F|100\/100\n|switch|p2b: Grimmsnarl|Grimmsnarl, L50, M|100\/100\n|-ability|p1b: Calyrex|As One\n|-ability|p1b: Calyrex|Unnerve\n|-fieldstart|move: Psychic Terrain|[from] ability: Psychic Surge|[of] p1a: Indeedee\n|-ability|p2a: Incineroar|Intimidate|boost\n|-unboost|p1a: Indeedee|atk|1\n|-unboost|p1b: Calyrex|atk|1\n|turn|1\n|\n|t:|1735526721\n|switch|p1b: Ursaluna|Ursaluna, L50, F|100\/100\n|move|p2b: Grimmsnarl|Light Screen|p2b: Grimmsnarl\n|-sidestart|p2: Djjwjwwjj|move: Light Screen\n|move|p2a: Incineroar|Knock Off|p1b: Ursaluna\n|-damage|p1b: Ursaluna|67\/100\n|-enditem|p1b: Ursaluna|Flame Orb|[from] move: Knock Off|[of] p2a: Incineroar\n|move|p1a: Indeedee|Trick Room|p1a: Indeedee\n|-fieldstart|move: Trick Room|[of] p1a: Indeedee\n|\n|upkeep\n|turn|2\n|\n|t:|1735526741\n|switch|p2a: Miraidon|Miraidon, L50|100\/100\n|-fieldstart|move: Electric Terrain|[from] ability: Hadron Engine|[of] p2a: Miraidon\n|move|p1a: Indeedee|Helping Hand|p1b: Ursaluna\n|-singleturn|p1b: Ursaluna|Helping Hand|[of] p1a: Indeedee\n|move|p2b: Grimmsnarl|Parting Shot|p1b: Ursaluna\n|-unboost|p1b: Ursaluna|atk|1\n|-unboost|p1b: Ursaluna|spa|1\n|\n|t:|1735526752\n|switch|p2b: Incineroar|Incineroar, L50, F|100\/100|[from] Parting Shot\n|-ability|p2b: Incineroar|Intimidate|boost\n|-unboost|p1a: Indeedee|atk|1\n|-unboost|p1b: Ursaluna|atk|1\n|move|p1b: Ursaluna|Headlong Rush|p2a: Miraidon\n|-supereffective|p2a: Miraidon\n|-damage|p2a: Miraidon|2\/100\n|-unboost|p1b: Ursaluna|def|1\n|-unboost|p1b: Ursaluna|spd|1\n|\n|upkeep\n|turn|3\n|inactive|Djjwjwwjj has 30 seconds left.\n|\n|t:|1735526780\n|switch|p1b: Chi-Yu|Chi-Yu, L50|100\/100\n|-ability|p1b: Chi-Yu|Beads of Ruin\n|move|p2a: Miraidon|Protect|p2a: Miraidon\n|-singleturn|p2a: Miraidon|Protect\n|move|p2b: Incineroar|U-turn|p1a: Indeedee\n|-supereffective|p1a: Indeedee\n|-damage|p1a: Indeedee|55\/100\n|\n|t:|1735526790\n|switch|p2b: Sinistcha|Sinistcha, L50|100\/100|[from] U-turn\n|-heal|p2a: Miraidon|27\/100|[from] ability: Hospitality|[of] p2b: Sinistcha\n|move|p1a: Indeedee|Alluring Voice|p2a: Miraidon\n|-activate|p2a: Miraidon|move: Protect\n|\n|upkeep\n|turn|4\n|inactive|Iamsliverfish has 30 seconds left.\n|\n|t:|1735526824\n|switch|p1a: Calyrex|Calyrex-Shadow, L50|100\/100\n|-ability|p1a: Calyrex|As One\n|-ability|p1a: Calyrex|Unnerve\n|move|p2b: Sinistcha|Rage Powder|p2b: Sinistcha\n|-singleturn|p2b: Sinistcha|move: Rage Powder\n|move|p2a: Miraidon|Parabolic Charge|p1a: Calyrex|[spread] p2b,p1a,p1b\n|-resisted|p2b: Sinistcha\n|-damage|p2b: Sinistcha|83\/100\n|-heal|p2a: Miraidon|35\/100|[from] drain|[of] p2b: Sinistcha\n|-damage|p1a: Calyrex|40\/100\n|-heal|p2a: Miraidon|61\/100|[from] drain|[of] p1a: Calyrex\n|-damage|p1b: Chi-Yu|52\/100\n|-heal|p2a: Miraidon|77\/100|[from] drain|[of] p1b: Chi-Yu\n|move|p1b: Chi-Yu|Overheat|p2b: Sinistcha\n|-supereffective|p2b: Sinistcha\n|-damage|p2b: Sinistcha|0 fnt\n|-unboost|p1b: Chi-Yu|spa|2\n|faint|p2b: Sinistcha\n|\n|upkeep\n|j| battlerealm\n|j| kmpi92\n|l| kmpi92\n|inactive|Djjwjwwjj has 30 seconds left.\n|\n|t:|1735526851\n|switch|p2b: Grimmsnarl|Grimmsnarl, L50, M|100\/100\n|turn|5\n|\n|t:|1735526871\n|-terastallize|p1a: Calyrex|Ground\n|move|p2b: Grimmsnarl|Reflect|p2b: Grimmsnarl\n|-sidestart|p2: Djjwjwwjj|Reflect\n|move|p2a: Miraidon|Calm Mind|p2a: Miraidon\n|-boost|p2a: Miraidon|spa|1\n|-boost|p2a: Miraidon|spd|1\n|move|p1a: Calyrex|Tera Blast|p2a: Miraidon|[anim] Tera Blast Ground\n|-supereffective|p2a: Miraidon\n|-damage|p2a: Miraidon|13\/100\n|-damage|p1a: Calyrex|30\/100|[from] item: Life Orb\n|move|p1b: Chi-Yu|Overheat|p2a: Miraidon\n|-resisted|p2a: Miraidon\n|-damage|p2a: Miraidon|5\/100\n|-unboost|p1b: Chi-Yu|spa|2\n|\n|-fieldend|move: Trick Room\n|upkeep\n|turn|6\n|j| Jigglyjoe13\n|inactive|Djjwjwwjj has 30 seconds left.\n|inactive|Djjwjwwjj has 20 seconds left.\n|inactive|Djjwjwwjj has 15 seconds left.\n|inactive|Djjwjwwjj has 10 seconds left.\n|inactive|Djjwjwwjj has 5 seconds left.\n|\n|t:|1735526926\n|switch|p1b: Indeedee|Indeedee-F, L50, F|55\/100\n|-fieldstart|move: Psychic Terrain|[from] ability: Psychic Surge|[of] p1b: Indeedee\n|move|p2a: Miraidon|Protect|p2a: Miraidon\n|-singleturn|p2a: Miraidon|Protect\n|move|p2b: Grimmsnarl|Parting Shot|p1b: Indeedee\n|-activate|p1b: Indeedee|move: Psychic Terrain\n|move|p1a: Calyrex|Astral Barrage|p2b: Grimmsnarl|[spread] p2b\n|-activate|p2a: Miraidon|move: Protect\n|-resisted|p2b: Grimmsnarl\n|-damage|p2b: Grimmsnarl|80\/100\n|-damage|p1a: Calyrex|20\/100|[from] item: Life Orb\n|\n|upkeep\n|turn|7\n|inactive|Djjwjwwjj has 30 seconds left.\n|j| silkracing\n|l| silkracing\n|inactive|Djjwjwwjj has 20 seconds left.\n|\n|t:|1735526961\n|switch|p2b: Incineroar|Incineroar, L50, F|100\/100\n|-ability|p2b: Incineroar|Intimidate|boost\n|-unboost|p1a: Calyrex|atk|1\n|-unboost|p1b: Indeedee|atk|1\n|-terastallize|p2a: Miraidon|Fairy\n|move|p1b: Indeedee|Helping Hand|p1a: Calyrex\n|-singleturn|p1a: Calyrex|Helping Hand|[of] p1b: Indeedee\n|move|p1a: Calyrex|Tera Blast|p2a: Miraidon|[anim] Tera Blast Ground\n|-damage|p2a: Miraidon|0 fnt\n|faint|p2a: Miraidon\n|-ability|p1a: Calyrex|Grim Neigh|boost\n|-boost|p1a: Calyrex|spa|1\n|-damage|p1a: Calyrex|11\/100|[from] item: Life Orb\n|\n|upkeep\n|-message|Djjwjwwjj forfeited.\n|\n|win|Iamsliverfish\n|raw|Iamsliverfish's rating: 1605 &rarr; <strong>1623<\/strong><br \/>(+18 for winning)\n|raw|Djjwjwwjj's rating: 1564 &rarr; <strong>1546<\/strong><br \/>(-18 for losing)\n|l|\u2606Djjwjwwjj\n|player|p2|\n|l|\u2606Iamsliverfish\n|player|p1|\n","uploadtime":1735527215,"views":29,"formatid":"gen9vgc2025regg","rating":1546,"private":0,"password":null}