{"id":"gen9vgc2025regg-2271295830","format":"[Gen 9] VGC 2025 Reg G","players":["bgc0","emiriatantan"],"log":"|j|\u2606bgc0\n|j|\u2606emiriatantan\n|t:|1735440090\n|gametype|doubles\n|player|p1|bgc0|brawly|1521\n|player|p2|emiriatantan|1|1592\n|teamsize|p1|6\n|teamsize|p2|6\n|gen|9\n|tier|[Gen 9] VGC 2025 Reg G\n|rated|\n|rule|Species Clause: Limit one of each Pok\u00e9mon\n|rule|Item Clause: Limit 1 of each item\n|clearpoke\n|poke|p1|Volcarona, L50, M|\n|poke|p1|Eternatus, L50|\n|poke|p1|Iron Bundle, L50|\n|poke|p1|Farigiraf, L50, M|\n|poke|p1|Urshifu-*, L50, F|\n|poke|p1|Ursaluna, L50, M|\n|poke|p2|Incineroar, L50, M|\n|poke|p2|Raging Bolt, L50|\n|poke|p2|Rillaboom, L50, M|\n|poke|p2|Kyogre, L50|\n|poke|p2|Amoonguss, L50, M|\n|poke|p2|Grimmsnarl, L50, M|\n|teampreview|4\nbgc0 rejected open team sheets.\n|c|\u2606bgc0|hf\n|\n|t:|1735440148\n|start\n|switch|p1a: Iron Bundle|Iron Bundle, L50, shiny|100\/100\n|switch|p1b: Eternatus|Eternatus, L50|100\/100\n|switch|p2a: Kyogre|Kyogre, L50|100\/100\n|switch|p2b: Amoonguss|Amoonguss, L50, M|100\/100\n|-ability|p1b: Eternatus|Pressure\n|-weather|RainDance|[from] ability: Drizzle|[of] p2a: Kyogre\n|-enditem|p1a: Iron Bundle|Booster Energy\n|-activate|p1a: Iron Bundle|ability: Quark Drive|[fromitem]\n|-start|p1a: Iron Bundle|quarkdrivespe\n|turn|1\n|j| plot wrist\n|\n|t:|1735440194\n|switch|p2b: Grimmsnarl|Grimmsnarl, L50, M|100\/100\n|move|p1a: Iron Bundle|Freeze-Dry|p2b: Grimmsnarl\n|-damage|p2b: Grimmsnarl|68\/100\n|-status|p2b: Grimmsnarl|frz\n|move|p1b: Eternatus|Dynamax Cannon|p2b: Grimmsnarl\n|-immune|p2b: Grimmsnarl\n|move|p2a: Kyogre|Calm Mind|p2a: Kyogre\n|-boost|p2a: Kyogre|spa|1\n|-boost|p2a: Kyogre|spd|1\n|\n|-weather|RainDance|[upkeep]\n|upkeep\n|turn|2\n|\n|t:|1735440222\n|switch|p2b: Amoonguss|Amoonguss, L50, M|100\/100\n|move|p1a: Iron Bundle|Encore|p2a: Kyogre\n|-start|p2a: Kyogre|Encore\n|move|p1b: Eternatus|Sludge Bomb|p2a: Kyogre\n|-damage|p2a: Kyogre|74\/100\n|move|p2a: Kyogre|Calm Mind|p2a: Kyogre\n|-boost|p2a: Kyogre|spa|1\n|-boost|p2a: Kyogre|spd|1\n|\n|-weather|RainDance|[upkeep]\n|-heal|p2a: Kyogre|80\/100|[from] item: Leftovers\n|upkeep\n|turn|3\n|\n|t:|1735440241\n|move|p2b: Amoonguss|Protect|p2b: Amoonguss\n|-singleturn|p2b: Amoonguss|Protect\n|move|p1a: Iron Bundle|Freeze-Dry|p2b: Amoonguss\n|-activate|p2b: Amoonguss|move: Protect\n|move|p1b: Eternatus|Dynamax Cannon|p2b: Amoonguss\n|-activate|p2b: Amoonguss|move: Protect\n|move|p2a: Kyogre|Calm Mind|p2a: Kyogre\n|-boost|p2a: Kyogre|spa|1\n|-boost|p2a: Kyogre|spd|1\n|\n|-weather|RainDance|[upkeep]\n|-heal|p2a: Kyogre|86\/100|[from] item: Leftovers\n|upkeep\n|turn|4\n|\n|t:|1735440283\n|-terastallize|p2b: Amoonguss|Fairy\n|move|p1a: Iron Bundle|Freeze-Dry|p2b: Amoonguss\n|-damage|p2b: Amoonguss|70\/100\n|move|p1b: Eternatus|Sludge Bomb|p2b: Amoonguss\n|-supereffective|p2b: Amoonguss\n|-damage|p2b: Amoonguss|0 fnt\n|faint|p2b: Amoonguss\n|move|p2a: Kyogre|Calm Mind|p2a: Kyogre\n|-boost|p2a: Kyogre|spa|1\n|-boost|p2a: Kyogre|spd|1\n|\n|-weather|RainDance|[upkeep]\n|-heal|p2a: Kyogre|91\/100|[from] item: Leftovers\n|-end|p2a: Kyogre|Encore\n|upkeep\n|\n|t:|1735440298\n|switch|p2b: Incineroar|Incineroar, L50, M|100\/100\n|-ability|p2b: Incineroar|Intimidate|boost\n|-unboost|p1a: Iron Bundle|atk|1\n|-unboost|p1b: Eternatus|atk|1\n|turn|5\n|\n|t:|1735440306\n|switch|p1b: Farigiraf|Farigiraf, L50, M|100\/100\n|move|p2b: Incineroar|Fake Out||[still]\n|cant|p1b: Farigiraf|ability: Armor Tail|Fake Out|[of] p2b: Incineroar\n|move|p1a: Iron Bundle|Encore|p2a: Kyogre\n|-start|p2a: Kyogre|Encore\n|move|p2a: Kyogre|Calm Mind|p2a: Kyogre\n|-boost|p2a: Kyogre|spa|1\n|-boost|p2a: Kyogre|spd|1\n|\n|-weather|none\n|-heal|p2a: Kyogre|97\/100|[from] item: Leftovers\n|upkeep\n|turn|6\n|\n|t:|1735440320\n|switch|p1b: Urshifu|Urshifu, L50, F|100\/100\n|move|p1a: Iron Bundle|Protect|p1a: Iron Bundle\n|-singleturn|p1a: Iron Bundle|Protect\n|move|p2b: Incineroar|Knock Off|p1a: Iron Bundle\n|-activate|p1a: Iron Bundle|move: Protect\n|move|p2a: Kyogre|Calm Mind|p2a: Kyogre\n|-boost|p2a: Kyogre|spa|1\n|-boost|p2a: Kyogre|spd|1\n|\n|-heal|p2a: Kyogre|100\/100|[from] item: Leftovers\n|upkeep\n|turn|7\n|-message|emiriatantan forfeited.\n|\n|win|bgc0\n|raw|bgc0's rating: 1521 &rarr; <strong>1545<\/strong><br \/>(+24 for winning)\n|raw|emiriatantan's rating: 1592 &rarr; <strong>1568<\/strong><br \/>(-24 for losing)\n|l|\u2606emiriatantan\n|player|p2|\n|l| plot wrist\n|l|\u2606bgc0\n|player|p1|\n","uploadtime":1735440514,"views":10,"formatid":"gen9vgc2025regg","rating":1545,"private":0,"password":null}