{"id":"gen9vgc2025regg-2271312709","format":"[Gen 9] VGC 2025 Reg G","players":["riemannsurface","Vanthoci"],"log":"|j|\u2606riemannsurface\n|j|\u2606Vanthoci\n|t:|1735442635\n|gametype|doubles\n|player|p1|riemannsurface|unknown|1588\n|player|p2|Vanthoci|turo-ai|1543\n|teamsize|p1|6\n|teamsize|p2|6\n|gen|9\n|tier|[Gen 9] VGC 2025 Reg G\n|rated|\n|rule|Species Clause: Limit one of each Pok\u00e9mon\n|rule|Item Clause: Limit 1 of each item\n|clearpoke\n|poke|p1|Calyrex-Shadow, L50|\n|poke|p1|Flutter Mane, L50|\n|poke|p1|Chien-Pao, L50|\n|poke|p1|Dragonite, L50, F|\n|poke|p1|Garganacl, L50, M|\n|poke|p1|Iron Hands, L50|\n|poke|p2|Smeargle, L50, M|\n|poke|p2|Calyrex-Ice, L50|\n|poke|p2|Urshifu-*, L50, F|\n|poke|p2|Ogerpon-Wellspring, L50, F|\n|poke|p2|Annihilape, L50, M|\n|poke|p2|Ursaluna-Bloodmoon, L50, M|\n|teampreview|4\n|inactive|Battle timer is ON: inactive players will automatically lose when time's up. (requested by riemannsurface)\nriemannsurface rejected open team sheets.\n|\n|t:|1735442657\n|start\n|switch|p1a: Calyrex|Calyrex-Shadow, L50|100\/100\n|switch|p1b: Flutter Mane|Flutter Mane, L50|100\/100\n|switch|p2a: Smeargle|Smeargle, L50, M|100\/100\n|switch|p2b: Calyrex|Calyrex-Ice, L50|100\/100\n|-ability|p1a: Calyrex|As One\n|-ability|p1a: Calyrex|Unnerve\n|-ability|p2b: Calyrex|As One\n|-ability|p2b: Calyrex|Unnerve\n|turn|1\n|inactive|Vanthoci has 30 seconds left.\n|\n|t:|1735442686\n|-end|p1b: Flutter Mane|Protosynthesis|[silent]\n|switch|p1b: Garganacl|Garganacl, L50, M|100\/100\n|move|p1a: Calyrex|Trick|p2b: Calyrex\n|-activate|p1a: Calyrex|move: Trick|[of] p2b: Calyrex\n|-item|p2b: Calyrex|Choice Scarf|[from] move: Trick\n|-item|p1a: Calyrex|Sitrus Berry|[from] move: Trick\n|move|p2a: Smeargle|Spore|p1a: Calyrex\n|-status|p1a: Calyrex|slp|[from] move: Spore\n|move|p2b: Calyrex|Trick Room|p2b: Calyrex\n|-fieldstart|move: Trick Room|[of] p2b: Calyrex\n|\n|upkeep\n|turn|2\n|\n|t:|1735442699\n|switch|p2b: Urshifu|Urshifu, L50, F|100\/100\n|move|p2a: Smeargle|Follow Me|p2a: Smeargle\n|-singleturn|p2a: Smeargle|move: Follow Me\n|move|p1b: Garganacl|Iron Defense|p1b: Garganacl\n|-boost|p1b: Garganacl|def|2\n|cant|p1a: Calyrex|slp\n|\n|upkeep\n|turn|3\n|\n|t:|1735442717\n|switch|p1a: Iron Hands|Iron Hands, L50|100\/100\n|move|p1b: Garganacl|Salt Cure|p2b: Urshifu\n|-resisted|p2b: Urshifu\n|-damage|p2b: Urshifu|94\/100\n|-start|p2b: Urshifu|Salt Cure\n|move|p2a: Smeargle|Decorate|p2b: Urshifu\n|-boost|p2b: Urshifu|atk|2\n|-boost|p2b: Urshifu|spa|2\n|move|p2b: Urshifu|Wicked Blow|p1a: Iron Hands\n|-resisted|p1a: Iron Hands\n|-crit|p1a: Iron Hands\n|-damage|p1a: Iron Hands|29\/100\n|\n|-damage|p2b: Urshifu|82\/100|[from] Salt Cure\n|upkeep\n|turn|4\n|j| wavecrashout\n|j| lamequteck\n|\n|t:|1735442741\n|-terastallize|p2b: Urshifu|Ghost\n|move|p1a: Iron Hands|Fake Out|p2a: Smeargle\n|-damage|p2a: Smeargle|78\/100\n|move|p1b: Garganacl|Salt Cure|p2a: Smeargle\n|-damage|p2a: Smeargle|59\/100\n|-start|p2a: Smeargle|Salt Cure\n|cant|p2a: Smeargle|flinch\n|move|p2b: Urshifu|Wicked Blow|p1b: Garganacl\n|-crit|p1b: Garganacl\n|-damage|p1b: Garganacl|0 fnt\n|faint|p1b: Garganacl\n|\n|-damage|p2a: Smeargle|47\/100|[from] Salt Cure\n|-damage|p2b: Urshifu|69\/100|[from] Salt Cure\n|upkeep\n|\n|t:|1735442749\n|switch|p1b: Flutter Mane|Flutter Mane, L50|100\/100\n|turn|5\n|inactive|riemannsurface has 30 seconds left.\n|inactive|Vanthoci has 30 seconds left.\n|\n|t:|1735442784\n|-terastallize|p1b: Flutter Mane|Fairy\n|move|p1a: Iron Hands|Wild Charge|p2a: Smeargle\n|-damage|p2a: Smeargle|0 fnt\n|faint|p2a: Smeargle\n|-damage|p1a: Iron Hands|21\/100|[from] Recoil\n|move|p2b: Urshifu|Wicked Blow|p1b: Flutter Mane\n|-resisted|p1b: Flutter Mane\n|-crit|p1b: Flutter Mane\n|-damage|p1b: Flutter Mane|0 fnt\n|faint|p1b: Flutter Mane\n|-end|p1b: Flutter Mane|Protosynthesis|[silent]\n|\n|-damage|p2b: Urshifu|57\/100|[from] Salt Cure\n|-fieldend|move: Trick Room\n|upkeep\n|\n|t:|1735442797\n|switch|p1b: Calyrex|Calyrex-Shadow, L50|100\/100 slp\n|switch|p2a: Calyrex|Calyrex-Ice, L50|100\/100\n|-ability|p1b: Calyrex|As One\n|-ability|p1b: Calyrex|Unnerve\n|-ability|p2a: Calyrex|As One\n|-ability|p2a: Calyrex|Unnerve\n|turn|6\n|\n|t:|1735442804\n|cant|p1b: Calyrex|slp\n|move|p2a: Calyrex|Glacial Lance|p1a: Iron Hands|[spread] p1a,p1b\n|-damage|p1a: Iron Hands|0 fnt\n|-damage|p1b: Calyrex|29\/100 slp\n|faint|p1a: Iron Hands\n|-end|p1a: Iron Hands|Quark Drive|[silent]\n|-ability|p2a: Calyrex|Chilling Neigh|boost\n|-boost|p2a: Calyrex|atk|1\n|move|p2b: Urshifu|Wicked Blow|p1b: Calyrex\n|-supereffective|p1b: Calyrex\n|-crit|p1b: Calyrex\n|-damage|p1b: Calyrex|0 fnt\n|faint|p1b: Calyrex\n|\n|win|Vanthoci\n|raw|riemannsurface's rating: 1588 &rarr; <strong>1565<\/strong><br \/>(-23 for losing)\n|raw|Vanthoci's rating: 1543 &rarr; <strong>1566<\/strong><br \/>(+23 for winning)\n|l|\u2606riemannsurface\n|player|p1|\n|l|\u2606Vanthoci\n|player|p2|\n|l| lamequteck\n","uploadtime":1735443002,"views":22,"formatid":"gen9vgc2025regg","rating":1565,"private":0,"password":null}