{"id":"gen9vgc2025regg-2271751656","format":"[Gen 9] VGC 2025 Reg G","players":["Iamsliverfish","Doc_MrMega"],"log":"|j|\u2606Iamsliverfish\n|j|\u2606Doc_MrMega\n|t:|1735515249\n|gametype|doubles\n|player|p1|Iamsliverfish|hiker-gen4|1611\n|player|p2|Doc_MrMega|266|1596\n|teamsize|p1|6\n|teamsize|p2|6\n|gen|9\n|tier|[Gen 9] VGC 2025 Reg G\n|rated|\n|rule|Species Clause: Limit one of each Pok\u00e9mon\n|rule|Item Clause: Limit 1 of each item\n|clearpoke\n|poke|p1|Calyrex-Shadow, L50|\n|poke|p1|Maushold, L50|\n|poke|p1|Amoonguss, L50, M|\n|poke|p1|Urshifu-*, L50, F|\n|poke|p1|Incineroar, L50, F|\n|poke|p1|Tornadus, L50, M|\n|poke|p2|Calyrex-Shadow, L50|\n|poke|p2|Tornadus, L50, M|\n|poke|p2|Ogerpon-Hearthflame, L50, F|\n|poke|p2|Rillaboom, L50, M|\n|poke|p2|Urshifu-*, L50, M|\n|poke|p2|Kingambit, L50, M|\n|teampreview|4\n|inactive|Battle timer is ON: inactive players will automatically lose when time's up. (requested by Doc_MrMega)\n|j| frankieblueeyes\n|\n|t:|1735515282\n|start\n|switch|p1a: Tornadus|Tornadus, L50, M|100\/100\n|switch|p1b: Urshifu|Urshifu-Rapid-Strike, L50, F|100\/100\n|switch|p2a: Rillaboom|Rillaboom, L50, M|100\/100\n|switch|p2b: Urshifu|Urshifu-Rapid-Strike, L50, M|100\/100\n|-fieldstart|move: Grassy Terrain|[from] ability: Grassy Surge|[of] p2a: Rillaboom\n|turn|1\n|\n|t:|1735515295\n|switch|p1b: Maushold|Maushold, L50|100\/100\n|move|p2a: Rillaboom|Fake Out|p1a: Tornadus\n|-damage|p1a: Tornadus|90\/100\n|move|p2b: Urshifu|Surging Strikes|p1b: Maushold\n|-crit|p1b: Maushold\n|-damage|p1b: Maushold|81\/100\n|-crit|p1b: Maushold\n|-damage|p1b: Maushold|59\/100\n|-crit|p1b: Maushold\n|-damage|p1b: Maushold|39\/100\n|-hitcount|p1b: Maushold|3\n|cant|p1a: Tornadus|flinch\n|\n|-heal|p1b: Maushold|45\/100|[from] Grassy Terrain\n|upkeep\n|turn|2\n|j| Sharoomba\n|inactive|Doc_MrMega has 30 seconds left.\n|\n|t:|1735515328\n|-terastallize|p2b: Urshifu|Water\n|move|p1b: Maushold|Feint|p2b: Urshifu\n|-damage|p2b: Urshifu|92\/100\n|move|p2b: Urshifu|Surging Strikes|p1a: Tornadus\n|-crit|p1a: Tornadus\n|-damage|p1a: Tornadus|64\/100\n|-crit|p1a: Tornadus\n|-damage|p1a: Tornadus|39\/100\n|-crit|p1a: Tornadus\n|-damage|p1a: Tornadus|13\/100\n|-hitcount|p1a: Tornadus|3\n|move|p1a: Tornadus|Bleakwind Storm|p2b: Urshifu|[spread] p2a\n|-miss|p1a: Tornadus|p2b: Urshifu\n|-supereffective|p2a: Rillaboom\n|-damage|p2a: Rillaboom|54\/100\n|move|p2a: Rillaboom|U-turn|p1b: Maushold\n|-damage|p1b: Maushold|21\/100\n|\n|t:|1735515343\n|switch|p2a: Calyrex|Calyrex-Shadow, L50|100\/100|[from] U-turn\n|-ability|p2a: Calyrex|As One\n|-ability|p2a: Calyrex|Unnerve\n|\n|-heal|p2b: Urshifu|98\/100|[from] Grassy Terrain\n|-heal|p1b: Maushold|27\/100|[from] Grassy Terrain\n|upkeep\n|turn|3\n|\n|t:|1735515355\n|move|p1b: Maushold|Feint|p2b: Urshifu\n|-damage|p2b: Urshifu|89\/100\n|move|p1a: Tornadus|Tailwind|p1a: Tornadus\n|-sidestart|p1: Iamsliverfish|move: Tailwind\n|move|p2b: Urshifu|Surging Strikes|p1b: Maushold\n|-crit|p1b: Maushold\n|-damage|p1b: Maushold|0 fnt\n|faint|p1b: Maushold\n|-hitcount|p1: Maushold|1\n|move|p2a: Calyrex|Astral Barrage|p1a: Tornadus\n|-damage|p1a: Tornadus|0 fnt\n|faint|p1a: Tornadus\n|-ability|p2a: Calyrex|Grim Neigh|boost\n|-boost|p2a: Calyrex|spa|1\n|-damage|p2a: Calyrex|91\/100|[from] item: Life Orb\n|\n|-heal|p2b: Urshifu|95\/100|[from] Grassy Terrain\n|-heal|p2a: Calyrex|97\/100|[from] Grassy Terrain\n|upkeep\n|\n|t:|1735515358\n|switch|p1b: Calyrex|Calyrex-Shadow, L50|100\/100\n|switch|p1a: Urshifu|Urshifu-Rapid-Strike, L50, F|100\/100\n|-ability|p1b: Calyrex|As One\n|-ability|p1b: Calyrex|Unnerve\n|turn|4\n|inactive|Doc_MrMega has 30 seconds left.\n|\n|t:|1735515384\n|switch|p2a: Rillaboom|Rillaboom, L50, M|54\/100\n|-terastallize|p1a: Urshifu|Water\n|move|p1b: Calyrex|Astral Barrage|p2b: Urshifu|[spread] p2a,p2b\n|-damage|p2a: Rillaboom|4\/100\n|-damage|p2b: Urshifu|0 fnt\n|faint|p2b: Urshifu\n|-ability|p1b: Calyrex|Grim Neigh|boost\n|-boost|p1b: Calyrex|spa|1\n|-damage|p1b: Calyrex|91\/100|[from] item: Life Orb\n|move|p1a: Urshifu|Surging Strikes|p2a: Rillaboom\n|-resisted|p2a: Rillaboom\n|-crit|p2a: Rillaboom\n|-damage|p2a: Rillaboom|0 fnt\n|faint|p2a: Rillaboom\n|-hitcount|p2: Rillaboom|1\n|\n|-heal|p1b: Calyrex|97\/100|[from] Grassy Terrain\n|upkeep\n|\n|t:|1735515399\n|switch|p2b: Tornadus|Tornadus, L50, M|100\/100\n|switch|p2a: Calyrex|Calyrex-Shadow, L50|97\/100\n|-ability|p2a: Calyrex|As One\n|-ability|p2a: Calyrex|Unnerve\n|turn|5\n|\n|t:|1735515405\n|move|p1b: Calyrex|Protect|p1b: Calyrex\n|-singleturn|p1b: Calyrex|Protect\n|move|p2b: Tornadus|Tailwind|p2b: Tornadus\n|-sidestart|p2: Doc_MrMega|move: Tailwind\n|move|p2a: Calyrex|Astral Barrage|p1b: Calyrex|[spread] p1a\n|-activate|p1b: Calyrex|move: Protect\n|-crit|p1a: Urshifu\n|-enditem|p1a: Urshifu|Focus Sash\n|-damage|p1a: Urshifu|1\/100\n|-damage|p2a: Calyrex|87\/100|[from] item: Life Orb\n|move|p1a: Urshifu|Surging Strikes|p2a: Calyrex\n|-crit|p2a: Calyrex\n|-damage|p2a: Calyrex|56\/100\n|-crit|p2a: Calyrex\n|-damage|p2a: Calyrex|24\/100\n|-crit|p2a: Calyrex\n|-damage|p2a: Calyrex|0 fnt\n|faint|p2a: Calyrex\n|-hitcount|p2: Calyrex|3\n|\n|-heal|p1b: Calyrex|100\/100|[from] Grassy Terrain\n|-heal|p1a: Urshifu|7\/100|[from] Grassy Terrain\n|-fieldend|move: Grassy Terrain\n|upkeep\n|turn|6\n|\n|t:|1735515420\n|move|p1b: Calyrex|Astral Barrage|p2b: Tornadus\n|-enditem|p2b: Tornadus|Focus Sash\n|-damage|p2b: Tornadus|1\/100\n|-damage|p1b: Calyrex|91\/100|[from] item: Life Orb\n|move|p2b: Tornadus|Bleakwind Storm|p1a: Urshifu|[spread] p1b\n|-miss|p2b: Tornadus|p1a: Urshifu\n|-damage|p1b: Calyrex|55\/100\n|-unboost|p1b: Calyrex|spe|1\n|move|p1a: Urshifu|Surging Strikes|p2b: Tornadus\n|-crit|p2b: Tornadus\n|-damage|p2b: Tornadus|0 fnt\n|faint|p2b: Tornadus\n|-hitcount|p2: Tornadus|1\n|\n|win|Iamsliverfish\n|raw|Iamsliverfish's rating: 1611 &rarr; <strong>1630<\/strong><br \/>(+19 for winning)\n|raw|Doc_MrMega's rating: 1596 &rarr; <strong>1577<\/strong><br \/>(-19 for losing)\n|l|\u2606Iamsliverfish\n|player|p1|\n|l|\u2606Doc_MrMega\n|player|p2|\n","uploadtime":1735515583,"views":365,"formatid":"gen9vgc2025regg","rating":1577,"private":0,"password":null}