{"id":"gen9vgc2025regg-2271171299","format":"[Gen 9] VGC 2025 Reg G","players":["nicouser","Emirnent"],"log":"|j|\u2606nicouser\n|j|\u2606Emirnent\n|t:|1735422350\n|gametype|doubles\n|player|p1|nicouser|266|1523\n|player|p2|Emirnent|2|1665\n|teamsize|p1|6\n|teamsize|p2|6\n|gen|9\n|tier|[Gen 9] VGC 2025 Reg G\n|rated|\n|rule|Species Clause: Limit one of each Pok\u00e9mon\n|rule|Item Clause: Limit 1 of each item\n|clearpoke\n|poke|p1|Grimmsnarl, L50, M|\n|poke|p1|Incineroar, L50, F|\n|poke|p1|Calyrex-Shadow, L50|\n|poke|p1|Ogerpon-Wellspring, L50, F|\n|poke|p1|Urshifu-*, L50, F|\n|poke|p1|Porygon2, L50|\n|poke|p2|Whimsicott, L50, F|\n|poke|p2|Kyogre, L50|\n|poke|p2|Urshifu-*, L50, F|\n|poke|p2|Chien-Pao, L50|\n|poke|p2|Archaludon, L50, F|\n|poke|p2|Tsareena, L50, F|\n|teampreview|4\n|inactive|Battle timer is ON: inactive players will automatically lose when time's up. (requested by Emirnent)\n|\n|t:|1735422379\n|start\n|switch|p1a: Ogerpon|Ogerpon-Wellspring, L50, F|100\/100\n|switch|p1b: Grimmsnarl|Grimmsnarl, L50, M, shiny|100\/100\n|switch|p2a: Kyogre|Kyogre, L50|100\/100\n|switch|p2b: Tsareena|Tsareena, L50, F|100\/100\n|-weather|RainDance|[from] ability: Drizzle|[of] p2a: Kyogre\n|turn|1\n|\n|t:|1735422400\n|switch|p2a: Archaludon|Archaludon, L50, F|100\/100\n|move|p1b: Grimmsnarl|Light Screen|p1b: Grimmsnarl\n|-sidestart|p1: nicouser|move: Light Screen\n|move|p1a: Ogerpon|Ivy Cudgel|p2a: Archaludon|[anim] Ivy Cudgel Water\n|-resisted|p2a: Archaludon\n|-damage|p2a: Archaludon|73\/100\n|-ability|p2a: Archaludon|Stamina|boost\n|-boost|p2a: Archaludon|def|1\n|move|p2b: Tsareena|Power Whip|p1a: Ogerpon\n|-damage|p1a: Ogerpon|38\/100\n|\n|-weather|RainDance|[upkeep]\n|upkeep\n|turn|2\n|\n|t:|1735422419\n|move|p1a: Ogerpon|Spiky Shield|p1a: Ogerpon\n|-singleturn|p1a: Ogerpon|move: Protect\n|move|p1b: Grimmsnarl|Reflect|p1b: Grimmsnarl\n|-sidestart|p1: nicouser|Reflect\n|move|p2a: Archaludon|Electro Shot||[still]\n|-prepare|p2a: Archaludon|Electro Shot\n|-boost|p2a: Archaludon|spa|1\n|-anim|p2a: Archaludon|Electro Shot|p1a: Ogerpon\n|-activate|p1a: Ogerpon|move: Protect\n|move|p2b: Tsareena|Power Whip|p1b: Grimmsnarl\n|-damage|p1b: Grimmsnarl|55\/100\n|\n|-weather|RainDance|[upkeep]\n|upkeep\n|turn|3\n|\n|t:|1735422436\n|move|p1a: Ogerpon|Ivy Cudgel|p2a: Archaludon|[anim] Ivy Cudgel Water\n|-resisted|p2a: Archaludon\n|-damage|p2a: Archaludon|52\/100\n|-ability|p2a: Archaludon|Stamina|boost\n|-boost|p2a: Archaludon|def|1\n|move|p2a: Archaludon|Electro Shot||[still]\n|-prepare|p2a: Archaludon|Electro Shot\n|-boost|p2a: Archaludon|spa|1\n|-anim|p2a: Archaludon|Electro Shot|p1a: Ogerpon\n|-damage|p1a: Ogerpon|0 fnt\n|faint|p1a: Ogerpon\n|move|p2b: Tsareena|Power Whip|p1b: Grimmsnarl\n|-damage|p1b: Grimmsnarl|13\/100\n|move|p1b: Grimmsnarl|Spirit Break|p2a: Archaludon\n|-damage|p2a: Archaludon|41\/100\n|-unboost|p2a: Archaludon|spa|1\n|-ability|p2a: Archaludon|Stamina|boost\n|-boost|p2a: Archaludon|def|1\n|\n|-weather|RainDance|[upkeep]\n|upkeep\n|\n|t:|1735422458\n|switch|p1a: Calyrex|Calyrex-Shadow, L50|100\/100\n|-ability|p1a: Calyrex|As One\n|-ability|p1a: Calyrex|Unnerve\n|turn|4\n|\n|t:|1735422471\n|-terastallize|p1a: Calyrex|Ghost\n|move|p1a: Calyrex|Astral Barrage|p2a: Archaludon|[spread] p2a,p2b\n|-damage|p2a: Archaludon|0 fnt\n|-damage|p2b: Tsareena|17\/100\n|faint|p2a: Archaludon\n|-ability|p1a: Calyrex|Grim Neigh|boost\n|-boost|p1a: Calyrex|spa|1\n|move|p2b: Tsareena|Power Whip|p1a: Calyrex\n|-damage|p1a: Calyrex|45\/100\n|move|p1b: Grimmsnarl|Spirit Break|p2b: Tsareena\n|-damage|p2b: Tsareena|0 fnt\n|faint|p2b: Tsareena\n|\n|-weather|RainDance|[upkeep]\n|upkeep\n|j| Frankieblueeyes\n|\n|t:|1735422483\n|switch|p2a: Chien-Pao|Chien-Pao, L50|100\/100\n|switch|p2b: Kyogre|Kyogre, L50|100\/100\n|-ability|p2a: Chien-Pao|Sword of Ruin\n|turn|5\n|\n|t:|1735422500\n|move|p1a: Calyrex|Protect|p1a: Calyrex\n|-singleturn|p1a: Calyrex|Protect\n|move|p2a: Chien-Pao|Sucker Punch||[still]\n|-fail|p2a: Chien-Pao\n|move|p1b: Grimmsnarl|Thunder Wave|p2b: Kyogre\n|-status|p2b: Kyogre|par\n|move|p2b: Kyogre|Origin Pulse|p1b: Grimmsnarl|[spread] p1b\n|-activate|p1a: Calyrex|move: Protect\n|-damage|p1b: Grimmsnarl|0 fnt\n|faint|p1b: Grimmsnarl\n|\n|-weather|none\n|upkeep\n|\n|t:|1735422511\n|switch|p1b: Urshifu|Urshifu, L50, F|100\/100\n|turn|6\n|inactive|nicouser has 30 seconds left.\n|inactive|nicouser has 20 seconds left.\n|inactive|nicouser has 15 seconds left.\n|\n|t:|1735422552\n|-terastallize|p2b: Kyogre|Water\n|move|p2a: Chien-Pao|Sucker Punch||[still]\n|-fail|p2a: Chien-Pao\n|move|p1a: Calyrex|Nasty Plot|p1a: Calyrex\n|-boost|p1a: Calyrex|spa|2\n|move|p1b: Urshifu|Wicked Blow|p2b: Kyogre\n|-crit|p2b: Kyogre\n|-damage|p2b: Kyogre|0 fnt\n|faint|p2b: Kyogre\n|\n|upkeep\n|turn|7\n|j| Pepinopequeno\n|\n|t:|1735422574\n|move|p2a: Chien-Pao|Sucker Punch||[still]\n|-fail|p2a: Chien-Pao\n|move|p1a: Calyrex|Nasty Plot|p1a: Calyrex\n|-boost|p1a: Calyrex|spa|2\n|move|p1b: Urshifu|Wicked Blow|p2a: Chien-Pao\n|-resisted|p2a: Chien-Pao\n|-crit|p2a: Chien-Pao\n|-damage|p2a: Chien-Pao|40\/100\n|\n|upkeep\n|turn|8\n|-message|Emirnent forfeited.\n|\n|win|nicouser\n|raw|nicouser's rating: 1523 &rarr; <strong>1551<\/strong><br \/>(+28 for winning)\n|raw|Emirnent's rating: 1665 &rarr; <strong>1637<\/strong><br \/>(-28 for losing)\n|l|\u2606Emirnent\n|player|p2|\n|l| Pepinopequeno\n|l| Frankieblueeyes\n","uploadtime":1735422755,"views":10,"formatid":"gen9vgc2025regg","rating":1551,"private":0,"password":null}