{"id":"gen9vgc2025regg-2271711077","format":"[Gen 9] VGC 2025 Reg G","players":["Doc_MrMega","speedduels"],"log":"|j|\u2606Doc_MrMega\n|j|\u2606speedduels\n|t:|1735509969\n|gametype|doubles\n|player|p1|Doc_MrMega|266|1513\n|player|p2|speedduels|102|1562\n|teamsize|p1|6\n|teamsize|p2|6\n|gen|9\n|tier|[Gen 9] VGC 2025 Reg G\n|rated|\n|rule|Species Clause: Limit one of each Pok\u00e9mon\n|rule|Item Clause: Limit 1 of each item\n|clearpoke\n|poke|p1|Calyrex-Shadow, L50|\n|poke|p1|Tornadus, L50, M|\n|poke|p1|Ogerpon-Hearthflame, L50, F|\n|poke|p1|Rillaboom, L50, F|\n|poke|p1|Urshifu-*, L50, F|\n|poke|p1|Kingambit, L50, M|\n|poke|p2|Zamazenta-*, L50|\n|poke|p2|Flutter Mane, L50|\n|poke|p2|Chien-Pao, L50|\n|poke|p2|Rillaboom, L50, M|\n|poke|p2|Urshifu-*, L50, M|\n|poke|p2|Entei, L50|\n|teampreview|4\n|inactive|Battle timer is ON: inactive players will automatically lose when time's up. (requested by Doc_MrMega)\n|inactive|speedduels has 60 seconds left.\n|\n|t:|1735510017\n|start\n|switch|p1a: Calyrex|Calyrex-Shadow, L50|100\/100\n|switch|p1b: Ogerpon|Ogerpon-Hearthflame, L50, F|100\/100\n|switch|p2a: Flutter Mane|Flutter Mane, L50|100\/100\n|switch|p2b: Chien-Pao|Chien-Pao, L50|100\/100\n|-ability|p1a: Calyrex|As One\n|-ability|p1a: Calyrex|Unnerve\n|-ability|p2b: Chien-Pao|Sword of Ruin\n|-ability|p1b: Ogerpon|Mold Breaker\n|-enditem|p2a: Flutter Mane|Booster Energy\n|-activate|p2a: Flutter Mane|ability: Protosynthesis|[fromitem]\n|-start|p2a: Flutter Mane|protosynthesisspe\n|turn|1\n|\n|t:|1735510030\n|-terastallize|p1a: Calyrex|Fairy\n|move|p2a: Flutter Mane|Protect|p2a: Flutter Mane\n|-singleturn|p2a: Flutter Mane|Protect\n|move|p2b: Chien-Pao|Protect|p2b: Chien-Pao\n|-singleturn|p2b: Chien-Pao|Protect\n|move|p1a: Calyrex|Astral Barrage|p2b: Chien-Pao|[spread] \n|-activate|p2a: Flutter Mane|move: Protect\n|-activate|p2b: Chien-Pao|move: Protect\n|move|p1b: Ogerpon|Ivy Cudgel|p2b: Chien-Pao|[anim] Ivy Cudgel Fire\n|-activate|p2b: Chien-Pao|move: Protect\n|\n|upkeep\n|turn|2\n|inactive|speedduels has 30 seconds left.\n|\n|t:|1735510063\n|-terastallize|p2a: Flutter Mane|Grass\n|move|p2a: Flutter Mane|Icy Wind|p1b: Ogerpon|[spread] p1a,p1b\n|-damage|p1a: Calyrex|87\/100\n|-damage|p1b: Ogerpon|88\/100\n|-unboost|p1a: Calyrex|spe|1\n|-unboost|p1b: Ogerpon|spe|1\n|move|p2b: Chien-Pao|Icicle Crash|p1b: Ogerpon\n|-damage|p1b: Ogerpon|35\/100\n|move|p1a: Calyrex|Astral Barrage|p2b: Chien-Pao|[spread] p2a,p2b\n|-resisted|p2b: Chien-Pao\n|-damage|p2a: Flutter Mane|39\/100\n|-damage|p2b: Chien-Pao|44\/100\n|-damage|p1a: Calyrex|77\/100|[from] item: Life Orb\n|move|p1b: Ogerpon|Ivy Cudgel|p2b: Chien-Pao|[anim] Ivy Cudgel Fire\n|-supereffective|p2b: Chien-Pao\n|-damage|p2b: Chien-Pao|0 fnt\n|faint|p2b: Chien-Pao\n|\n|upkeep\n|\n|t:|1735510078\n|switch|p2b: Zamazenta|Zamazenta-Crowned, L50|100\/100\n|-ability|p2b: Zamazenta|Dauntless Shield|boost\n|-boost|p2b: Zamazenta|def|1\n|turn|3\n|\n|t:|1735510095\n|-end|p2a: Flutter Mane|Protosynthesis|[silent]\n|switch|p2a: Entei|Entei, L50|100\/100\n|move|p1b: Ogerpon|Follow Me|p1b: Ogerpon\n|-singleturn|p1b: Ogerpon|move: Follow Me\n|move|p2b: Zamazenta|Heavy Slam|p1b: Ogerpon\n|-resisted|p1b: Ogerpon\n|-damage|p1b: Ogerpon|12\/100\n|move|p1a: Calyrex|Astral Barrage|p2b: Zamazenta|[spread] p2a,p2b\n|-damage|p2a: Entei|27\/100\n|-damage|p2b: Zamazenta|46\/100\n|-damage|p1a: Calyrex|67\/100|[from] item: Life Orb\n|\n|upkeep\n|turn|4\n|inactive|Doc_MrMega has 30 seconds left.\n|inactive|speedduels has 30 seconds left.\n|\n|t:|1735510133\n|switch|p1b: Urshifu|Urshifu-Rapid-Strike, L50, F|100\/100\n|move|p1a: Calyrex|Protect|p1a: Calyrex\n|-singleturn|p1a: Calyrex|Protect\n|move|p2b: Zamazenta|Body Press|p1b: Urshifu\n|-damage|p1b: Urshifu|29\/100\n|move|p2a: Entei|Sacred Fire|p1a: Calyrex\n|-activate|p1a: Calyrex|move: Protect\n|\n|upkeep\n|turn|5\n|inactive|Doc_MrMega has 30 seconds left.\n|\n|t:|1735510160\n|switch|p2a: Flutter Mane|Flutter Mane, L50, tera:Grass|39\/100\n|move|p1b: Urshifu|Close Combat|p2b: Zamazenta\n|-supereffective|p2b: Zamazenta\n|-damage|p2b: Zamazenta|0 fnt\n|-unboost|p1b: Urshifu|def|1\n|-unboost|p1b: Urshifu|spd|1\n|faint|p2b: Zamazenta\n|move|p1a: Calyrex|Astral Barrage|p2a: Flutter Mane\n|-damage|p2a: Flutter Mane|0 fnt\n|faint|p2a: Flutter Mane\n|-end|p2a: Flutter Mane|Protosynthesis|[silent]\n|-ability|p1a: Calyrex|Grim Neigh|boost\n|-boost|p1a: Calyrex|spa|1\n|-damage|p1a: Calyrex|57\/100|[from] item: Life Orb\n|\n|upkeep\n|-message|speedduels forfeited.\n|\n|win|Doc_MrMega\n|raw|Doc_MrMega's rating: 1513 &rarr; <strong>1536<\/strong><br \/>(+23 for winning)\n|raw|speedduels's rating: 1562 &rarr; <strong>1539<\/strong><br \/>(-23 for losing)\n|l|\u2606speedduels\n|player|p2|\n|l|\u2606Doc_MrMega\n|player|p1|\n","uploadtime":1735510324,"views":352,"formatid":"gen9vgc2025regg","rating":1536,"private":0,"password":null}