{"id":"gen9vgc2025regg-2271848705","format":"[Gen 9] VGC 2025 Reg G","players":["sibylla_system","Djjwjwwjj"],"log":"|j|\u2606sibylla_system\n|j|\u2606Djjwjwwjj\n|t:|1735529009\n|gametype|doubles\n|player|p1|sibylla_system|2|1605\n|player|p2|Djjwjwwjj|red|1583\n|teamsize|p1|6\n|teamsize|p2|6\n|gen|9\n|tier|[Gen 9] VGC 2025 Reg G\n|rated|\n|rule|Species Clause: Limit one of each Pok\u00e9mon\n|rule|Item Clause: Limit 1 of each item\n|clearpoke\n|poke|p1|Calyrex-Shadow, L50|\n|poke|p1|Raging Bolt, L50|\n|poke|p1|Urshifu-*, L50, F|\n|poke|p1|Incineroar, L50, F|\n|poke|p1|Rillaboom, L50, F|\n|poke|p1|Clefairy, L50, M|\n|poke|p2|Incineroar, L50, M|\n|poke|p2|Sinistcha, L50|\n|poke|p2|Grimmsnarl, L50, M|\n|poke|p2|Miraidon, L50|\n|poke|p2|Landorus, L50, M|\n|poke|p2|Urshifu-*, L50, M|\n|teampreview|4\n|inactive|Battle timer is ON: inactive players will automatically lose when time's up. (requested by Djjwjwwjj)\n|inactive|Djjwjwwjj has 60 seconds left.\n|j| zxc123zxc\n|\n|t:|1735529055\n|start\n|switch|p1a: Incineroar|Incineroar, L50, F|100\/100\n|switch|p1b: Rillaboom|Rillaboom, L50, F|100\/100\n|switch|p2a: Incineroar|Incineroar, L50, M|100\/100\n|switch|p2b: Grimmsnarl|Grimmsnarl, L50, M|100\/100\n|-fieldstart|move: Grassy Terrain|[from] ability: Grassy Surge|[of] p1b: Rillaboom\n|-ability|p1a: Incineroar|Intimidate|boost\n|-unboost|p2a: Incineroar|atk|1\n|-unboost|p2b: Grimmsnarl|atk|1\n|-ability|p2a: Incineroar|Intimidate|boost\n|-unboost|p1a: Incineroar|atk|1\n|-unboost|p1b: Rillaboom|atk|1\n|turn|1\n|inactive|sibylla_system has 30 seconds left.\n|inactive|sibylla_system has 20 seconds left.\n|inactive|sibylla_system has 15 seconds left.\n|inactive|sibylla_system has 10 seconds left.\n|inactive|sibylla_system has 5 seconds left.\n|\n|t:|1735529106\n|move|p1b: Rillaboom|Fake Out|p2b: Grimmsnarl\n|-damage|p2b: Grimmsnarl|90\/100\n|cant|p2b: Grimmsnarl|flinch\n|move|p1a: Incineroar|Parting Shot|p2a: Incineroar\n|-unboost|p2a: Incineroar|atk|1\n|-unboost|p2a: Incineroar|spa|1\n|\n|t:|1735529116\n|switch|p1a: Clefairy|Clefairy, L50, M|100\/100|[from] Parting Shot\n|move|p2a: Incineroar|U-turn|p1b: Rillaboom\n|-supereffective|p1b: Rillaboom\n|-damage|p1b: Rillaboom|84\/100\n|\n|t:|1735529123\n|switch|p2a: Miraidon|Miraidon, L50|100\/100|[from] U-turn\n|-fieldstart|move: Electric Terrain|[from] ability: Hadron Engine|[of] p2a: Miraidon\n|\n|upkeep\n|turn|2\n|\n|t:|1735529144\n|move|p2b: Grimmsnarl|Reflect|p2b: Grimmsnarl\n|-sidestart|p2: Djjwjwwjj|Reflect\n|move|p2a: Miraidon|Calm Mind|p2a: Miraidon\n|-boost|p2a: Miraidon|spa|1\n|-boost|p2a: Miraidon|spd|1\n|move|p1b: Rillaboom|U-turn|p2a: Miraidon\n|-damage|p2a: Miraidon|91\/100\n|\n|t:|1735529152\n|switch|p1b: Calyrex|Calyrex-Shadow, L50|100\/100|[from] U-turn\n|-ability|p1b: Calyrex|As One\n|-ability|p1b: Calyrex|Unnerve\n|move|p1a: Clefairy|Encore|p2b: Grimmsnarl\n|-start|p2b: Grimmsnarl|Encore\n|\n|upkeep\n|turn|3\n|\n|t:|1735529177\n|switch|p2b: Incineroar|Incineroar, L50, M|100\/100\n|-ability|p2b: Incineroar|Intimidate|boost\n|-unboost|p1a: Clefairy|atk|1\n|-unboost|p1b: Calyrex|atk|1\n|move|p1b: Calyrex|Nasty Plot|p1b: Calyrex\n|-boost|p1b: Calyrex|spa|2\n|move|p2a: Miraidon|Calm Mind|p2a: Miraidon\n|-boost|p2a: Miraidon|spa|1\n|-boost|p2a: Miraidon|spd|1\n|move|p1a: Clefairy|Life Dew||[still]|[still]|[spread] \n|-fail|p1a: Clefairy|heal\n|-fail|p1b: Calyrex|heal\n|\n|upkeep\n|turn|4\n|inactive|sibylla_system has 30 seconds left.\n|inactive|sibylla_system has 20 seconds left.\n|inactive|sibylla_system has 15 seconds left.\n|\n|t:|1735529222\n|move|p1a: Clefairy|Follow Me|p1a: Clefairy\n|-singleturn|p1a: Clefairy|move: Follow Me\n|move|p1b: Calyrex|Nasty Plot|p1b: Calyrex\n|-boost|p1b: Calyrex|spa|2\n|move|p2a: Miraidon|Calm Mind|p2a: Miraidon\n|-boost|p2a: Miraidon|spa|1\n|-boost|p2a: Miraidon|spd|1\n|move|p2b: Incineroar|U-turn|p1a: Clefairy\n|-resisted|p1a: Clefairy\n|-damage|p1a: Clefairy|92\/100\n|\n|t:|1735529233\n|switch|p2b: Grimmsnarl|Grimmsnarl, L50, M|90\/100|[from] U-turn\n|\n|upkeep\n|turn|5\n|j| agnalam\n|\n|t:|1735529252\n|-terastallize|p2a: Miraidon|Fairy\n|move|p2b: Grimmsnarl|Light Screen|p2b: Grimmsnarl\n|-sidestart|p2: Djjwjwwjj|move: Light Screen\n|move|p1b: Calyrex|Astral Barrage|p2a: Miraidon|[spread] p2a,p2b\n|-resisted|p2b: Grimmsnarl\n|-damage|p2a: Miraidon|61\/100\n|-damage|p2b: Grimmsnarl|49\/100\n|move|p2a: Miraidon|Parabolic Charge|p1b: Calyrex|[spread] p2b,p1a,p1b\n|-damage|p2b: Grimmsnarl|0 fnt\n|-heal|p2a: Miraidon|85\/100|[from] drain|[of] p2b: Grimmsnarl\n|-damage|p1a: Clefairy|0 fnt\n|-heal|p2a: Miraidon|100\/100|[from] drain|[of] p1a: Clefairy\n|-damage|p1b: Calyrex|19\/100\n|faint|p2b: Grimmsnarl\n|faint|p1a: Clefairy\n|\n|-fieldend|move: Electric Terrain\n|upkeep\n|\n|t:|1735529271\n|switch|p2b: Incineroar|Incineroar, L50, M|100\/100\n|switch|p1a: Rillaboom|Rillaboom, L50, F|84\/100\n|-fieldstart|move: Grassy Terrain|[from] ability: Grassy Surge|[of] p1a: Rillaboom\n|-ability|p2b: Incineroar|Intimidate|boost\n|-unboost|p1a: Rillaboom|atk|1\n|-unboost|p1b: Calyrex|atk|1\n|turn|6\n|\n|t:|1735529289\n|move|p1a: Rillaboom|Fake Out|p2b: Incineroar\n|-damage|p2b: Incineroar|95\/100\n|move|p1b: Calyrex|Nasty Plot|p1b: Calyrex\n|-boost|p1b: Calyrex|spa|2\n|move|p2a: Miraidon|Dragon Pulse|p1a: Rillaboom\n|-damage|p1a: Rillaboom|15\/100\n|cant|p2b: Incineroar|flinch\n|\n|-heal|p1b: Calyrex|25\/100|[from] Grassy Terrain\n|-heal|p1a: Rillaboom|20\/100|[from] Grassy Terrain\n|-heal|p2b: Incineroar|100\/100|[from] Grassy Terrain\n|upkeep\n|turn|7\n|inactive|sibylla_system has 30 seconds left.\n|inactive|sibylla_system has 20 seconds left.\n|inactive|Djjwjwwjj has 30 seconds left.\n|\n|t:|1735529325\n|switch|p1a: Incineroar|Incineroar, L50, F|100\/100\n|-ability|p1a: Incineroar|Intimidate|boost\n|-unboost|p2a: Miraidon|atk|1\n|-unboost|p2b: Incineroar|atk|1\n|move|p1b: Calyrex|Protect|p1b: Calyrex\n|-singleturn|p1b: Calyrex|Protect\n|move|p2a: Miraidon|Dragon Pulse|p1a: Incineroar\n|-damage|p1a: Incineroar|5\/100\n|move|p2b: Incineroar|Flare Blitz|p1b: Calyrex\n|-activate|p1b: Calyrex|move: Protect\n|\n|-heal|p1b: Calyrex|31\/100|[from] Grassy Terrain\n|-heal|p1a: Incineroar|11\/100|[from] Grassy Terrain\n|upkeep\n|turn|8\n|inactive|sibylla_system has 30 seconds left.\n|inactive|sibylla_system has 20 seconds left.\n|inactive|sibylla_system has 15 seconds left.\n|\n|t:|1735529367\n|-terastallize|p1b: Calyrex|Normal\n|move|p1a: Incineroar|Fake Out|p2a: Miraidon\n|-damage|p2a: Miraidon|95\/100\n|move|p1b: Calyrex|Nasty Plot|p1b: Calyrex\n|-boost|p1b: Calyrex|spa|0\n|move|p2a: Miraidon|Parabolic Charge|p1a: Incineroar|[spread] p2b,p1a,p1b\n|-damage|p2b: Incineroar|76\/100\n|-heal|p2a: Miraidon|100\/100|[from] drain|[of] p2b: Incineroar\n|-damage|p1a: Incineroar|0 fnt\n|-damage|p1b: Calyrex|0 fnt\n|faint|p1a: Incineroar\n|faint|p1b: Calyrex\n|move|p2b: Incineroar|Knock Off|p1: Incineroar|[notarget]\n|-fail|p2b: Incineroar\n|\n|-heal|p2b: Incineroar|82\/100|[from] Grassy Terrain\n|upkeep\n|l| agnalam\n|-message|sibylla_system forfeited.\n|\n|win|Djjwjwwjj\n|raw|sibylla_system's rating: 1605 &rarr; <strong>1584<\/strong><br \/>(-21 for losing)\n|raw|Djjwjwwjj's rating: 1583 &rarr; <strong>1604<\/strong><br \/>(+21 for winning)\n|l|\u2606sibylla_system\n|player|p1|\n|l|\u2606Djjwjwwjj\n|player|p2|\n","uploadtime":1735529566,"views":42,"formatid":"gen9vgc2025regg","rating":1584,"private":0,"password":null}