{"id":"gen9vgc2025regg-2271928463","format":"[Gen 9] VGC 2025 Reg G","players":["Squ1dge_","azuna_fan"],"log":"|j|\u2606Squ1dge_\n|j|\u2606azuna_fan\n|t:|1735543050\n|gametype|doubles\n|player|p1|Squ1dge_|1|1528\n|player|p2|azuna_fan|265|1589\n|teamsize|p1|6\n|teamsize|p2|6\n|gen|9\n|tier|[Gen 9] VGC 2025 Reg G\n|rated|\n|rule|Species Clause: Limit one of each Pok\u00e9mon\n|rule|Item Clause: Limit 1 of each item\n|clearpoke\n|poke|p1|Zamazenta-*, L50|\n|poke|p1|Rillaboom, L50, M|\n|poke|p1|Chien-Pao, L50|\n|poke|p1|Flutter Mane, L50|\n|poke|p1|Latios, L50, M|\n|poke|p1|Moltres-Galar, L50|\n|poke|p2|Calyrex-Shadow, L50|\n|poke|p2|Gothitelle, L50, M|\n|poke|p2|Urshifu-*, L50, M|\n|poke|p2|Murkrow, L50, F|\n|poke|p2|Indeedee-F, L50, F|\n|poke|p2|Chi-Yu, L50|\n|teampreview|4\n|inactive|Battle timer is ON: inactive players will automatically lose when time's up. (requested by azuna_fan)\n|inactive|Squ1dge_ also wants the timer to be on.\n|inactive|azuna_fan has 60 seconds left.\n|inactive|azuna_fan has 30 seconds left.\n|\n|t:|1735543116\n|start\n|switch|p1a: Flutter Mane|Flutter Mane, L50|100\/100\n|switch|p1b: Chien-Pao|Chien-Pao, L50|100\/100\n|switch|p2a: Chi-Yu|Chi-Yu, L50|100\/100\n|switch|p2b: Calyrex|Calyrex-Shadow, L50|100\/100\n|-ability|p2b: Calyrex|As One\n|-ability|p2b: Calyrex|Unnerve\n|-ability|p2a: Chi-Yu|Beads of Ruin\n|-ability|p1b: Chien-Pao|Sword of Ruin\n|-enditem|p1a: Flutter Mane|Booster Energy\n|-activate|p1a: Flutter Mane|ability: Protosynthesis|[fromitem]\n|-start|p1a: Flutter Mane|protosynthesisspe\n|turn|1\n|inactive|Squ1dge_ has 30 seconds left.\n|inactive|azuna_fan has 30 seconds left.\n|inactive|Squ1dge_ has 20 seconds left.\n|inactive|azuna_fan has 20 seconds left.\n|inactive|azuna_fan has 15 seconds left.\n|\n|t:|1735543159\n|switch|p2b: Indeedee|Indeedee-F, L50, F|100\/100\n|-fieldstart|move: Psychic Terrain|[from] ability: Psychic Surge|[of] p2b: Indeedee\n|-terastallize|p1a: Flutter Mane|Normal\n|move|p1b: Chien-Pao|Sucker Punch|p2a: Chi-Yu\n|-activate|p2a: Chi-Yu|move: Psychic Terrain\n|move|p1a: Flutter Mane|Moonblast|p2a: Chi-Yu\n|-damage|p2a: Chi-Yu|48\/100\n|move|p2a: Chi-Yu|Overheat|p1a: Flutter Mane\n|-damage|p1a: Flutter Mane|20\/100\n|-unboost|p2a: Chi-Yu|spa|2\n|\n|upkeep\n|turn|2\n|inactive|Squ1dge_ has 30 seconds left.\n|inactive|azuna_fan has 30 seconds left.\n|inactive|Squ1dge_ has 20 seconds left.\n|\n|t:|1735543194\n|move|p2b: Indeedee|Follow Me|p2b: Indeedee\n|-singleturn|p2b: Indeedee|move: Follow Me\n|move|p1a: Flutter Mane|Moonblast|p2b: Indeedee\n|-damage|p2b: Indeedee|49\/100\n|move|p2a: Chi-Yu|Overheat|p1a: Flutter Mane\n|-damage|p1a: Flutter Mane|0 fnt\n|-unboost|p2a: Chi-Yu|spa|2\n|faint|p1a: Flutter Mane\n|-end|p1a: Flutter Mane|Protosynthesis|[silent]\n|move|p1b: Chien-Pao|Throat Chop|p2b: Indeedee\n|-supereffective|p2b: Indeedee\n|-damage|p2b: Indeedee|0 fnt\n|faint|p2b: Indeedee\n|\n|upkeep\n|\n|t:|1735543210\n|switch|p1a: Moltres|Moltres-Galar, L50|100\/100\n|switch|p2b: Murkrow|Murkrow, L50, F|100\/100\n|turn|3\n|\n|t:|1735543223\n|move|p2b: Murkrow|Haze|p2b: Murkrow\n|-clearallboost\n|move|p2a: Chi-Yu|Overheat|p1a: Moltres\n|-damage|p1a: Moltres|32\/100\n|-unboost|p2a: Chi-Yu|spa|2\n|-ability|p1a: Moltres|Berserk|boost\n|-boost|p1a: Moltres|spa|1\n|move|p1b: Chien-Pao|Icicle Crash|p2b: Murkrow\n|-supereffective|p2b: Murkrow\n|-damage|p2b: Murkrow|0 fnt\n|faint|p2b: Murkrow\n|move|p1a: Moltres|Fiery Wrath|p2a: Chi-Yu\n|-resisted|p2a: Chi-Yu\n|-damage|p2a: Chi-Yu|16\/100\n|\n|upkeep\n|\n|t:|1735543237\n|switch|p2b: Calyrex|Calyrex-Shadow, L50|100\/100\n|-ability|p2b: Calyrex|As One\n|-ability|p2b: Calyrex|Unnerve\n|turn|4\n|inactive|Squ1dge_ has 30 seconds left.\n|\n|t:|1735543271\n|move|p1b: Chien-Pao|Protect|p1b: Chien-Pao\n|-singleturn|p1b: Chien-Pao|Protect\n|move|p2a: Chi-Yu|Overheat|p1b: Chien-Pao\n|-activate|p1b: Chien-Pao|move: Protect\n|move|p2b: Calyrex|Astral Barrage|p1a: Moltres|[spread] p1a\n|-activate|p1b: Chien-Pao|move: Protect\n|-resisted|p1a: Moltres\n|-damage|p1a: Moltres|0 fnt\n|faint|p1a: Moltres\n|-ability|p2b: Calyrex|Grim Neigh|boost\n|-boost|p2b: Calyrex|spa|1\n|\n|upkeep\n|\n|t:|1735543286\n|switch|p1a: Zamazenta|Zamazenta-Crowned, L50|100\/100\n|-ability|p1a: Zamazenta|Dauntless Shield|boost\n|-boost|p1a: Zamazenta|def|1\n|turn|5\n|\n|t:|1735543298\n|move|p1a: Zamazenta|Wide Guard|p1a: Zamazenta\n|-singleturn|p1a: Zamazenta|Wide Guard\n|move|p2a: Chi-Yu|Overheat|p1b: Chien-Pao\n|-supereffective|p1b: Chien-Pao\n|-enditem|p1b: Chien-Pao|Focus Sash\n|-damage|p1b: Chien-Pao|1\/100\n|-unboost|p2a: Chi-Yu|spa|2\n|move|p2b: Calyrex|Astral Barrage|p1a: Zamazenta|[spread] \n|-activate|p1a: Zamazenta|move: Wide Guard\n|-activate|p1b: Chien-Pao|move: Wide Guard\n|move|p1b: Chien-Pao|Throat Chop|p2b: Calyrex\n|-supereffective|p2b: Calyrex\n|-damage|p2b: Calyrex|0 fnt\n|faint|p2b: Calyrex\n|\n|-fieldend|move: Psychic Terrain\n|upkeep\n|turn|6\n|-message|azuna_fan forfeited.\n|\n|win|Squ1dge_\n|raw|Squ1dge_'s rating: 1528 &rarr; <strong>1551<\/strong><br \/>(+23 for winning)\n|raw|azuna_fan's rating: 1589 &rarr; <strong>1566<\/strong><br \/>(-23 for losing)\n|l|\u2606azuna_fan\n|player|p2|\n|l|\u2606Squ1dge_\n|player|p1|\n","uploadtime":1735543558,"views":397,"formatid":"gen9vgc2025regg","rating":1551,"private":0,"password":null}