{"id":"gen9vgc2025regg-2271314292","format":"[Gen 9] VGC 2025 Reg G","players":["bgc0","riemannsurface"],"log":"|j|\u2606bgc0\n|j|\u2606riemannsurface\n|t:|1735442876\n|gametype|doubles\n|player|p1|bgc0|brawly|1588\n|player|p2|riemannsurface|unknown|1565\n|teamsize|p1|6\n|teamsize|p2|6\n|gen|9\n|tier|[Gen 9] VGC 2025 Reg G\n|rated|\n|rule|Species Clause: Limit one of each Pok\u00e9mon\n|rule|Item Clause: Limit 1 of each item\n|clearpoke\n|poke|p1|Volcarona, L50, M|\n|poke|p1|Eternatus, L50|\n|poke|p1|Iron Bundle, L50|\n|poke|p1|Farigiraf, L50, M|\n|poke|p1|Urshifu-*, L50, F|\n|poke|p1|Ursaluna, L50, M|\n|poke|p2|Calyrex-Shadow, L50|\n|poke|p2|Flutter Mane, L50|\n|poke|p2|Chien-Pao, L50|\n|poke|p2|Dragonite, L50, F|\n|poke|p2|Garganacl, L50, M|\n|poke|p2|Iron Hands, L50|\n|teampreview|4\n|c|\u2606bgc0|ur gonna make me salty if i lose\n|inactive|Battle timer is ON: inactive players will automatically lose when time's up. (requested by riemannsurface)\n|\n|t:|1735442927\n|start\n|switch|p1a: Iron Bundle|Iron Bundle, L50, shiny|100\/100\n|switch|p1b: Eternatus|Eternatus, L50|100\/100\n|switch|p2a: Calyrex|Calyrex-Shadow, L50|100\/100\n|switch|p2b: Garganacl|Garganacl, L50, M|100\/100\n|-ability|p2a: Calyrex|As One\n|-ability|p2a: Calyrex|Unnerve\n|-ability|p1b: Eternatus|Pressure\n|-enditem|p1a: Iron Bundle|Booster Energy\n|-activate|p1a: Iron Bundle|ability: Quark Drive|[fromitem]\n|-start|p1a: Iron Bundle|quarkdrivespe\n|turn|1\n|inactive|bgc0 has 30 seconds left.\n|inactive|bgc0 has 20 seconds left.\n|inactive|bgc0 has 15 seconds left.\n|inactive|bgc0 has 10 seconds left.\n|\n|t:|1735442972\n|-terastallize|p1b: Eternatus|Dark\n|move|p2a: Calyrex|Astral Barrage|p1a: Iron Bundle|[spread] p1a,p1b\n|-resisted|p1b: Eternatus\n|-damage|p1a: Iron Bundle|0 fnt\n|-damage|p1b: Eternatus|79\/100\n|faint|p1a: Iron Bundle\n|-end|p1a: Iron Bundle|Quark Drive|[silent]\n|-ability|p2a: Calyrex|Grim Neigh|boost\n|-boost|p2a: Calyrex|spa|1\n|move|p1b: Eternatus|Meteor Beam||[still]\n|-prepare|p1b: Eternatus|Meteor Beam\n|-boost|p1b: Eternatus|spa|1\n|-enditem|p1b: Eternatus|Power Herb\n|-anim|p1b: Eternatus|Meteor Beam|p2b: Garganacl\n|-damage|p2b: Garganacl|50\/100\n|move|p2b: Garganacl|Salt Cure|p1b: Eternatus\n|-damage|p1b: Eternatus|67\/100\n|-start|p1b: Eternatus|Salt Cure\n|\n|-heal|p2b: Garganacl|56\/100|[from] item: Leftovers\n|-damage|p1b: Eternatus|55\/100|[from] Salt Cure\n|upkeep\n|\n|t:|1735442987\n|switch|p1a: Urshifu|Urshifu, L50, F|100\/100\n|turn|2\n|\n|t:|1735443005\n|switch|p1a: Farigiraf|Farigiraf, L50, M|100\/100\n|-terastallize|p2a: Calyrex|Normal\n|move|p2a: Calyrex|Astral Barrage|p1b: Eternatus|[spread] p1b\n|-immune|p1a: Farigiraf\n|-resisted|p1b: Eternatus\n|-damage|p1b: Eternatus|24\/100\n|move|p1b: Eternatus|Dynamax Cannon|p2b: Garganacl\n|-damage|p2b: Garganacl|0 fnt\n|faint|p2b: Garganacl\n|\n|-damage|p1b: Eternatus|11\/100|[from] Salt Cure\n|upkeep\n|\n|t:|1735443011\n|switch|p2b: Iron Hands|Iron Hands, L50|100\/100\n|turn|3\n|j| BreadTest\n|inactive|bgc0 has 30 seconds left.\n|\n|t:|1735443039\n|move|p2a: Calyrex|Astral Barrage|p1b: Eternatus|[spread] p1b\n|-immune|p1a: Farigiraf\n|-resisted|p1b: Eternatus\n|-damage|p1b: Eternatus|0 fnt\n|faint|p1b: Eternatus\n|-ability|p2a: Calyrex|Grim Neigh|boost\n|-boost|p2a: Calyrex|spa|1\n|move|p1a: Farigiraf|Psychic Noise|p2b: Iron Hands\n|-supereffective|p2b: Iron Hands\n|-damage|p2b: Iron Hands|66\/100\n|-start|p2b: Iron Hands|move: Heal Block\n|move|p2b: Iron Hands|Low Kick|p1a: Farigiraf\n|-damage|p1a: Farigiraf|58\/100\n|\n|upkeep\n|\n|t:|1735443042\n|switch|p1b: Urshifu|Urshifu, L50, F|100\/100\n|turn|4\n|\n|t:|1735443061\n|move|p2a: Calyrex|Astral Barrage|p1b: Urshifu|[spread] p1b\n|-immune|p1a: Farigiraf\n|-resisted|p1b: Urshifu\n|-damage|p1b: Urshifu|15\/100\n|move|p1b: Urshifu|Close Combat|p2a: Calyrex\n|-supereffective|p2a: Calyrex\n|-damage|p2a: Calyrex|0 fnt\n|-unboost|p1b: Urshifu|def|1\n|-unboost|p1b: Urshifu|spd|1\n|faint|p2a: Calyrex\n|move|p1a: Farigiraf|Psychic Noise|p2b: Iron Hands\n|-supereffective|p2b: Iron Hands\n|-damage|p2b: Iron Hands|34\/100\n|move|p2b: Iron Hands|Low Kick|p1a: Farigiraf\n|-damage|p1a: Farigiraf|11\/100\n|\n|-end|p2b: Iron Hands|move: Heal Block\n|upkeep\n|\n|t:|1735443064\n|switch|p2a: Chien-Pao|Chien-Pao, L50|100\/100\n|-ability|p2a: Chien-Pao|Sword of Ruin\n|turn|5\n|\n|t:|1735443082\n|move|p2a: Chien-Pao|Ice Spinner|p1b: Urshifu\n|-damage|p1b: Urshifu|0 fnt\n|faint|p1b: Urshifu\n|move|p1a: Farigiraf|Psychic Noise|p2b: Iron Hands\n|-supereffective|p2b: Iron Hands\n|-damage|p2b: Iron Hands|0 fnt\n|faint|p2b: Iron Hands\n|-end|p2b: Iron Hands|Quark Drive|[silent]\n|\n|upkeep\n|turn|6\n|c|\u2606riemannsurface|GG\n|\n|t:|1735443088\n|move|p2a: Chien-Pao|Ice Spinner|p1a: Farigiraf\n|-damage|p1a: Farigiraf|0 fnt\n|faint|p1a: Farigiraf\n|\n|win|riemannsurface\n|raw|bgc0's rating: 1588 &rarr; <strong>1568<\/strong><br \/>(-20 for losing)\n|raw|riemannsurface's rating: 1583 &rarr; <strong>1603<\/strong><br \/>(+20 for winning)\n|c|\u2606bgc0|gg\n|l|\u2606riemannsurface\n|player|p2|\n|l|\u2606bgc0\n|player|p1|\n|l| BreadTest\n","uploadtime":1735443279,"views":528,"formatid":"gen9vgc2025regg","rating":1568,"private":0,"password":null}