{"id":"gen9vgc2025regg-2271834950","format":"[Gen 9] VGC 2025 Reg G","players":["Djjwjwwjj","caZISA"],"log":"|j|\u2606Djjwjwwjj\n|j|\u2606caZISA\n|t:|1735526968\n|gametype|doubles\n|player|p1|Djjwjwwjj|red|1546\n|player|p2|caZISA|red|1614\n|teamsize|p1|6\n|teamsize|p2|6\n|gen|9\n|tier|[Gen 9] VGC 2025 Reg G\n|rated|\n|rule|Species Clause: Limit one of each Pok\u00e9mon\n|rule|Item Clause: Limit 1 of each item\n|clearpoke\n|poke|p1|Incineroar, L50, F|\n|poke|p1|Sinistcha, L50|\n|poke|p1|Grimmsnarl, L50, M|\n|poke|p1|Miraidon, L50|\n|poke|p1|Landorus, L50, M|\n|poke|p1|Urshifu-*, L50, M|\n|poke|p2|Calyrex-Ice, L50|\n|poke|p2|Urshifu-*, L50, F|\n|poke|p2|Raging Bolt, L50|\n|poke|p2|Rillaboom, L50, M|\n|poke|p2|Torkoal, L50, F|\n|poke|p2|Smeargle, L50, F|\n|teampreview|4\n|inactive|Battle timer is ON: inactive players will automatically lose when time's up. (requested by Djjwjwwjj)\n|j| silkracing\n|l| silkracing\n|inactive|Djjwjwwjj has 60 seconds left.\n|\n|t:|1735527005\n|start\n|switch|p1a: Incineroar|Incineroar, L50, F|100\/100\n|switch|p1b: Urshifu|Urshifu-Rapid-Strike, L50, M|100\/100\n|switch|p2a: Smeargle|Smeargle, L50, F|100\/100\n|switch|p2b: Calyrex|Calyrex-Ice, L50|100\/100\n|-ability|p2b: Calyrex|As One\n|-ability|p2b: Calyrex|Unnerve\n|-ability|p1a: Incineroar|Intimidate|boost\n|-unboost|p2a: Smeargle|atk|1\n|-fail|p2b: Calyrex|unboost|[from] item: Clear Amulet|[of] p2b: Calyrex\n|turn|1\n|\n|t:|1735527024\n|move|p2a: Smeargle|Fake Out|p1a: Incineroar\n|-crit|p1a: Incineroar\n|-damage|p1a: Incineroar|93\/100\n|cant|p1a: Incineroar|flinch\n|move|p1b: Urshifu|Taunt|p2a: Smeargle\n|-start|p2a: Smeargle|move: Taunt\n|move|p2b: Calyrex|High Horsepower|p1a: Incineroar\n|-supereffective|p1a: Incineroar\n|-damage|p1a: Incineroar|6\/100\n|\n|-ability|p2a: Smeargle|Moody|boost\n|-boost|p2a: Smeargle|spa|2\n|-unboost|p2a: Smeargle|spe|1\n|upkeep\n|turn|2\n|\n|t:|1735527045\n|switch|p2a: Rillaboom|Rillaboom, L50, M|100\/100\n|-fieldstart|move: Grassy Terrain|[from] ability: Grassy Surge|[of] p2a: Rillaboom\n|move|p2b: Calyrex|Protect|p2b: Calyrex\n|-singleturn|p2b: Calyrex|Protect\n|move|p1b: Urshifu|Surging Strikes|p2b: Calyrex\n|-crit|p2b: Calyrex\n|-damage|p2b: Calyrex|86\/100\n|-crit|p2b: Calyrex\n|-damage|p2b: Calyrex|71\/100\n|-crit|p2b: Calyrex\n|-damage|p2b: Calyrex|58\/100\n|-hitcount|p2b: Calyrex|3\n|move|p1a: Incineroar|Flare Blitz|p2b: Calyrex\n|-activate|p2b: Calyrex|move: Protect\n|\n|-heal|p1a: Incineroar|12\/100|[from] Grassy Terrain\n|-heal|p2b: Calyrex|64\/100|[from] Grassy Terrain\n|upkeep\n|turn|3\n|inactive|Djjwjwwjj has 30 seconds left.\n|\n|t:|1735527072\n|-terastallize|p2b: Calyrex|Water\n|move|p2a: Rillaboom|Grassy Glide|p1a: Incineroar\n|-resisted|p1a: Incineroar\n|-damage|p1a: Incineroar|0 fnt\n|faint|p1a: Incineroar\n|move|p1b: Urshifu|Close Combat|p2b: Calyrex\n|-damage|p2b: Calyrex|23\/100\n|-unboost|p1b: Urshifu|def|1\n|-unboost|p1b: Urshifu|spd|1\n|move|p2b: Calyrex|Trick Room|p2b: Calyrex\n|-fieldstart|move: Trick Room|[of] p2b: Calyrex\n|\n|-heal|p2b: Calyrex|29\/100|[from] Grassy Terrain\n|upkeep\n|\n|t:|1735527094\n|switch|p1a: Miraidon|Miraidon, L50|100\/100\n|-fieldstart|move: Electric Terrain|[from] ability: Hadron Engine|[of] p1a: Miraidon\n|turn|4\n|\n|t:|1735527107\n|switch|p2b: Smeargle|Smeargle, L50, F|100\/100\n|-terastallize|p1a: Miraidon|Fairy\n|move|p2a: Rillaboom|Wood Hammer|p1b: Urshifu\n|-supereffective|p1b: Urshifu\n|-enditem|p1b: Urshifu|Focus Sash\n|-damage|p1b: Urshifu|1\/100\n|-damage|p2a: Rillaboom|72\/100|[from] Recoil\n|move|p1b: Urshifu|Close Combat|p2b: Smeargle\n|-supereffective|p2b: Smeargle\n|-enditem|p2b: Smeargle|Focus Sash\n|-damage|p2b: Smeargle|1\/100\n|-unboost|p1b: Urshifu|def|1\n|-unboost|p1b: Urshifu|spd|1\n|move|p1a: Miraidon|Parabolic Charge|p2b: Smeargle|[spread] p1b,p2a,p2b\n|-supereffective|p1b: Urshifu\n|-crit|p1b: Urshifu\n|-resisted|p2a: Rillaboom\n|-damage|p1b: Urshifu|0 fnt\n|-damage|p2a: Rillaboom|48\/100\n|-damage|p2b: Smeargle|0 fnt\n|faint|p1b: Urshifu\n|faint|p2b: Smeargle\n|\n|upkeep\n|\n|t:|1735527124\n|switch|p2b: Calyrex|Calyrex-Ice, L50, tera:Water|29\/100\n|switch|p1b: Grimmsnarl|Grimmsnarl, L50, M|100\/100\n|-ability|p2b: Calyrex|As One\n|-ability|p2b: Calyrex|Unnerve\n|turn|5\n|\n|t:|1735527146\n|move|p2b: Calyrex|Protect|p2b: Calyrex\n|-singleturn|p2b: Calyrex|Protect\n|move|p1b: Grimmsnarl|Reflect|p1b: Grimmsnarl\n|-sidestart|p1: Djjwjwwjj|Reflect\n|move|p2a: Rillaboom|U-turn|p1a: Miraidon\n|-resisted|p1a: Miraidon\n|-damage|p1a: Miraidon|93\/100\n|\n|t:|1735527151\n|switch|p2a: Torkoal|Torkoal, L50, F|100\/100|[from] U-turn\n|-weather|SunnyDay|[from] ability: Drought|[of] p2a: Torkoal\n|move|p1a: Miraidon|Calm Mind|p1a: Miraidon\n|-boost|p1a: Miraidon|spa|1\n|-boost|p1a: Miraidon|spd|1\n|\n|-weather|SunnyDay|[upkeep]\n|upkeep\n|turn|6\n|\n|t:|1735527163\n|move|p1b: Grimmsnarl|Light Screen|p1b: Grimmsnarl\n|-sidestart|p1: Djjwjwwjj|move: Light Screen\n|move|p2a: Torkoal|Eruption|p1b: Grimmsnarl|[spread] p1a,p1b\n|-damage|p1a: Miraidon|64\/100\n|-damage|p1b: Grimmsnarl|56\/100\n|move|p2b: Calyrex|Glacial Lance|p1b: Grimmsnarl|[spread] p1a,p1b\n|-crit|p1a: Miraidon\n|-damage|p1a: Miraidon|0 fnt\n|-damage|p1b: Grimmsnarl|6\/100\n|faint|p1a: Miraidon\n|-ability|p2b: Calyrex|Chilling Neigh|boost\n|-boost|p2b: Calyrex|atk|1\n|\n|-weather|SunnyDay|[upkeep]\n|upkeep\n|turn|7\n|-message|Djjwjwwjj forfeited.\n|\n|win|caZISA\n|raw|Djjwjwwjj's rating: 1546 &rarr; <strong>1530<\/strong><br \/>(-16 for losing)\n|raw|caZISA's rating: 1614 &rarr; <strong>1630<\/strong><br \/>(+16 for winning)\n|l|\u2606Djjwjwwjj\n|player|p1|\n|l|\u2606caZISA\n|player|p2|\n","uploadtime":1735527354,"views":374,"formatid":"gen9vgc2025regg","rating":1530,"private":0,"password":null}