{"id":"gen9vgc2025regg-2272895351","format":"[Gen 9] VGC 2025 Reg G","players":["soap858","GG=Groudon Gaming"],"log":"|j|\u2606soap858\n|j|\u2606GG=Groudon Gaming\n|t:|1735690910\n|gametype|doubles\n|player|p1|soap858|169|1611\n|player|p2|GG=Groudon Gaming|may-masters2|1683\n|teamsize|p1|6\n|teamsize|p2|6\n|gen|9\n|tier|[Gen 9] VGC 2025 Reg G\n|rated|\n|rule|Species Clause: Limit one of each Pok\u00e9mon\n|rule|Item Clause: Limit 1 of each item\n|clearpoke\n|poke|p1|Terapagos, L50, M|\n|poke|p1|Urshifu-*, L50, F|\n|poke|p1|Ogerpon-Hearthflame, L50, F|\n|poke|p1|Rillaboom, L50, F|\n|poke|p1|Grimmsnarl, L50, M|\n|poke|p1|Raging Bolt, L50|\n|poke|p2|Groudon, L50|\n|poke|p2|Entei, L50|\n|poke|p2|Raging Bolt, L50|\n|poke|p2|Rillaboom, L50, F|\n|poke|p2|Flutter Mane, L50|\n|poke|p2|Chien-Pao, L50|\n|teampreview|4\n|inactive|Battle timer is ON: inactive players will automatically lose when time's up. (requested by GG=Groudon Gaming)\n|inactive|soap858 has 60 seconds left.\n|inactive|GG=Groudon Gaming has 60 seconds left.\n|j| WhoKnowsNot\n|\n|t:|1735690966\n|start\n|switch|p1a: Ogerpon|Ogerpon-Hearthflame, L50, F|100\/100\n|switch|p1b: Raging Bolt|Raging Bolt, L50|100\/100\n|switch|p2a: Hakari|Groudon, L50|100\/100\n|switch|p2b: Maki|Flutter Mane, L50|100\/100\n|-ability|p1a: Ogerpon|Mold Breaker\n|-weather|SunnyDay|[from] ability: Drought|[of] p2a: Hakari\n|-activate|p2b: Maki|ability: Protosynthesis\n|-start|p2b: Maki|protosynthesisspe\n|-activate|p1b: Raging Bolt|ability: Protosynthesis\n|-start|p1b: Raging Bolt|protosynthesisspa\n|turn|1\n|inactive|soap858 has 30 seconds left.\n|inactive|soap858 has 20 seconds left.\n|\n|t:|1735691002\n|-terastallize|p1b: Raging Bolt|Fairy\n|move|p2b: Maki|Icy Wind|p1b: Raging Bolt|[spread] p1a,p1b\n|-crit|p1a: Ogerpon\n|-damage|p1a: Ogerpon|68\/100\n|-damage|p1b: Raging Bolt|83\/100\n|-unboost|p1a: Ogerpon|spe|1\n|-unboost|p1b: Raging Bolt|spe|1\n|move|p2a: Hakari|Precipice Blades|p1a: Ogerpon|[spread] p1a,p1b\n|-damage|p1a: Ogerpon|12\/100\n|-damage|p1b: Raging Bolt|47\/100\n|move|p1a: Ogerpon|Ivy Cudgel|p2b: Maki|[anim] Ivy Cudgel Fire\n|-damage|p2b: Maki|0 fnt\n|faint|p2b: Maki\n|-end|p2b: Maki|Protosynthesis|[silent]\n|move|p1b: Raging Bolt|Draco Meteor|p2a: Hakari\n|-damage|p2a: Hakari|0 fnt\n|-unboost|p1b: Raging Bolt|spa|2\n|faint|p2a: Hakari\n|-damage|p1b: Raging Bolt|37\/100|[from] item: Life Orb\n|\n|-weather|SunnyDay|[upkeep]\n|upkeep\n|\n|t:|1735691015\n|switch|p2b: Gojo|Chien-Pao, L50|100\/100\n|switch|p2a: Sukuna|Entei, L50|100\/100\n|-ability|p2b: Gojo|Sword of Ruin\n|turn|2\n|inactive|GG=Groudon Gaming has 30 seconds left.\n|inactive|soap858 has 30 seconds left.\n|inactive|GG=Groudon Gaming has 20 seconds left.\n|inactive|GG=Groudon Gaming has 15 seconds left.\n|inactive|GG=Groudon Gaming has 10 seconds left.\n|\n|t:|1735691062\n|move|p1a: Ogerpon|Spiky Shield|p1a: Ogerpon\n|-singleturn|p1a: Ogerpon|move: Protect\n|move|p1b: Raging Bolt|Protect|p1b: Raging Bolt\n|-singleturn|p1b: Raging Bolt|Protect\n|move|p2a: Sukuna|Extreme Speed|p1b: Raging Bolt\n|-activate|p1b: Raging Bolt|move: Protect\n|move|p2b: Gojo|Sucker Punch||[still]\n|-fail|p2b: Gojo\n|\n|-weather|SunnyDay|[upkeep]\n|upkeep\n|turn|3\n|inactive|soap858 has 30 seconds left.\n|inactive|GG=Groudon Gaming has 30 seconds left.\n|inactive|soap858 has 20 seconds left.\n|inactive|soap858 has 15 seconds left.\n|inactive|GG=Groudon Gaming has 20 seconds left.\n|inactive|soap858 has 10 seconds left.\n|\n|t:|1735691108\n|switch|p1a: Rillaboom|Rillaboom, L50, F|100\/100\n|-fieldstart|move: Grassy Terrain|[from] ability: Grassy Surge|[of] p1a: Rillaboom\n|move|p2a: Sukuna|Extreme Speed|p1b: Raging Bolt\n|-damage|p1b: Raging Bolt|10\/100\n|move|p2b: Gojo|Sucker Punch||[still]\n|-fail|p2b: Gojo\n|move|p1b: Raging Bolt|Thunderbolt|p2b: Gojo\n|-damage|p2b: Gojo|33\/100\n|-damage|p1b: Raging Bolt|0 fnt|[from] item: Life Orb\n|faint|p1b: Raging Bolt\n|-end|p1b: Raging Bolt|Protosynthesis|[silent]\n|\n|-weather|SunnyDay|[upkeep]\n|-heal|p2b: Gojo|39\/100|[from] Grassy Terrain\n|upkeep\n|inactive|soap858 has 30 seconds left.\n|\n|t:|1735691142\n|switch|p1b: Terapagos|Terapagos, L50, M|100\/100\n|-activate|p1b: Terapagos|ability: Tera Shift\n|detailschange|p1b: Terapagos|Terapagos-Terastal, L50, M\n|-heal|p1b: Terapagos|100\/100|[silent]\n|turn|4\n|inactive|GG=Groudon Gaming has 30 seconds left.\n|inactive|soap858 has 30 seconds left.\n|\n|t:|1735691187\n|move|p2b: Gojo|Protect|p2b: Gojo\n|-singleturn|p2b: Gojo|Protect\n|move|p1a: Rillaboom|Grassy Glide|p2b: Gojo\n|-activate|p2b: Gojo|move: Protect\n|move|p2a: Sukuna|Sacred Fire|p1a: Rillaboom\n|-supereffective|p1a: Rillaboom\n|-damage|p1a: Rillaboom|0 fnt\n|faint|p1a: Rillaboom\n|move|p1b: Terapagos|Earth Power|p2a: Sukuna\n|-supereffective|p2a: Sukuna\n|-damage|p2a: Sukuna|59\/100\n|-unboost|p2a: Sukuna|spd|1\n|\n|-weather|SunnyDay|[upkeep]\n|-heal|p2b: Gojo|44\/100|[from] Grassy Terrain\n|-heal|p2a: Sukuna|65\/100|[from] Grassy Terrain\n|upkeep\n|\n|t:|1735691194\n|switch|p1a: Ogerpon|Ogerpon-Hearthflame, L50, F|12\/100\n|-ability|p1a: Ogerpon|Mold Breaker\n|turn|5\n|inactive|soap858 has 30 seconds left.\n|inactive|GG=Groudon Gaming has 30 seconds left.\n|inactive|GG=Groudon Gaming has 20 seconds left.\n|inactive|GG=Groudon Gaming has 15 seconds left.\n|inactive|GG=Groudon Gaming has 10 seconds left.\n|inactive|GG=Groudon Gaming has 5 seconds left.\n|\n|t:|1735691245\n|-terastallize|p2a: Sukuna|Normal\n|move|p1a: Ogerpon|Follow Me|p1a: Ogerpon\n|-singleturn|p1a: Ogerpon|move: Follow Me\n|move|p2a: Sukuna|Extreme Speed|p1a: Ogerpon\n|-damage|p1a: Ogerpon|0 fnt\n|faint|p1a: Ogerpon\n|move|p2b: Gojo|Icicle Crash|p1b: Terapagos\n|-activate|p1b: Terapagos|ability: Tera Shell\n|-resisted|p1b: Terapagos\n|-damage|p1b: Terapagos|74\/100\n|move|p1b: Terapagos|Tera Starstorm|p2b: Gojo\n|-damage|p2b: Gojo|0 fnt\n|faint|p2b: Gojo\n|\n|-weather|none\n|-heal|p2a: Sukuna|71\/100|[from] Grassy Terrain\n|-heal|p1b: Terapagos|80\/100|[from] Grassy Terrain\n|-heal|p1b: Terapagos|86\/100|[from] item: Leftovers\n|upkeep\n|turn|6\n|inactive|soap858 has 30 seconds left.\n|inactive|GG=Groudon Gaming has 30 seconds left.\n|inactive|GG=Groudon Gaming has 20 seconds left.\n|\n|t:|1735691283\n|move|p1b: Terapagos|Protect|p1b: Terapagos\n|-singleturn|p1b: Terapagos|Protect\n|move|p2a: Sukuna|Sacred Fire|p1b: Terapagos\n|-activate|p1b: Terapagos|move: Protect\n|\n|-heal|p2a: Sukuna|77\/100|[from] Grassy Terrain\n|-heal|p1b: Terapagos|92\/100|[from] Grassy Terrain\n|-heal|p1b: Terapagos|98\/100|[from] item: Leftovers\n|upkeep\n|turn|7\n|\n|t:|1735691296\n|move|p2a: Sukuna|Extreme Speed|p1b: Terapagos\n|-damage|p1b: Terapagos|64\/100\n|move|p1b: Terapagos|Tera Starstorm|p2a: Sukuna\n|-damage|p2a: Sukuna|10\/100\n|\n|-heal|p2a: Sukuna|16\/100|[from] Grassy Terrain\n|-heal|p1b: Terapagos|70\/100|[from] Grassy Terrain\n|-heal|p1b: Terapagos|75\/100|[from] item: Leftovers\n|-fieldend|move: Grassy Terrain\n|upkeep\n|turn|8\n|\n|t:|1735691307\n|move|p1b: Terapagos|Protect|p1b: Terapagos\n|-singleturn|p1b: Terapagos|Protect\n|move|p2a: Sukuna|Extreme Speed|p1b: Terapagos\n|-activate|p1b: Terapagos|move: Protect\n|\n|-heal|p1b: Terapagos|81\/100|[from] item: Leftovers\n|upkeep\n|turn|9\n|-message|GG=Groudon Gaming forfeited.\n|\n|win|soap858\n|raw|soap858's rating: 1611 &rarr; <strong>1635<\/strong><br \/>(+24 for winning)\n|raw|GG=Groudon Gaming's rating: 1683 &rarr; <strong>1659<\/strong><br \/>(-24 for losing)\n|l|\u2606GG=Groudon Gaming\n|player|p2|\n|l|\u2606soap858\n|player|p1|\n","uploadtime":1735691482,"views":103,"formatid":"gen9vgc2025regg","rating":1635,"private":0,"password":null}