{"id":"gen9vgc2025regg-2272860370","format":"[Gen 9] VGC 2025 Reg G","players":["FunkyPengu1n","elvegis1"],"log":"|j|\u2606FunkyPengu1n\n|j|\u2606elvegis1\n|t:|1735685652\n|gametype|doubles\n|player|p1|FunkyPengu1n|170|1579\n|player|p2|elvegis1|lucas|1555\n|teamsize|p1|6\n|teamsize|p2|6\n|gen|9\n|tier|[Gen 9] VGC 2025 Reg G\n|rated|\n|rule|Species Clause: Limit one of each Pok\u00e9mon\n|rule|Item Clause: Limit 1 of each item\n|clearpoke\n|poke|p1|Calyrex-Shadow, L50|\n|poke|p1|Incineroar, L50, M|\n|poke|p1|Rillaboom, L50, F|\n|poke|p1|Amoonguss, L50, M|\n|poke|p1|Urshifu-*, L50, M|\n|poke|p1|Tornadus, L50, M|\n|poke|p2|Kyogre, L50|\n|poke|p2|Incineroar, L50, F|\n|poke|p2|Urshifu-*, L50, M|\n|poke|p2|Amoonguss, L50, F|\n|poke|p2|Raging Bolt, L50|\n|poke|p2|Grimmsnarl, L50, M|\n|teampreview|4\n|inactive|Battle timer is ON: inactive players will automatically lose when time's up. (requested by elvegis1)\n|inactive|elvegis1 has 60 seconds left.\n|\n|t:|1735685695\n|start\n|switch|p1a: Calyrex|Calyrex-Shadow, L50|100\/100\n|switch|p1b: Rillaboom|Rillaboom, L50, F|100\/100\n|switch|p2a: Incineroar|Incineroar, L50, F|100\/100\n|switch|p2b: Grimmsnarl|Grimmsnarl, L50, M|100\/100\n|-ability|p1a: Calyrex|As One\n|-ability|p1a: Calyrex|Unnerve\n|-fieldstart|move: Grassy Terrain|[from] ability: Grassy Surge|[of] p1b: Rillaboom\n|-ability|p2a: Incineroar|Intimidate|boost\n|-unboost|p1a: Calyrex|atk|1\n|-unboost|p1b: Rillaboom|atk|1\n|turn|1\n|\n|t:|1735685717\n|-terastallize|p1a: Calyrex|Fairy\n|move|p2b: Grimmsnarl|Light Screen|p2b: Grimmsnarl\n|-sidestart|p2: elvegis1|move: Light Screen\n|move|p1a: Calyrex|Calm Mind|p1a: Calyrex\n|-boost|p1a: Calyrex|spa|1\n|-boost|p1a: Calyrex|spd|1\n|move|p1b: Rillaboom|U-turn|p2b: Grimmsnarl\n|-damage|p2b: Grimmsnarl|81\/100\n|\n|t:|1735685726\n|switch|p1b: Incineroar|Incineroar, L50, M|100\/100|[from] U-turn\n|-ability|p1b: Incineroar|Intimidate|boost\n|-unboost|p2a: Incineroar|atk|1\n|-unboost|p2b: Grimmsnarl|atk|1\n|move|p2a: Incineroar|Knock Off|p1a: Calyrex\n|-resisted|p1a: Calyrex\n|-damage|p1a: Calyrex|88\/100\n|-enditem|p1a: Calyrex|Covert Cloak|[from] move: Knock Off|[of] p2a: Incineroar\n|\n|-heal|p1a: Calyrex|94\/100|[from] Grassy Terrain\n|-heal|p2b: Grimmsnarl|87\/100|[from] Grassy Terrain\n|upkeep\n|turn|2\n|\n|t:|1735685741\n|move|p1b: Incineroar|Fake Out|p2b: Grimmsnarl\n|-damage|p2b: Grimmsnarl|77\/100\n|move|p1a: Calyrex|Calm Mind|p1a: Calyrex\n|-boost|p1a: Calyrex|spa|1\n|-boost|p1a: Calyrex|spd|1\n|move|p2a: Incineroar|Parting Shot|p1b: Incineroar\n|-unboost|p1b: Incineroar|atk|1\n|-unboost|p1b: Incineroar|spa|1\n|\n|t:|1735685751\n|switch|p2a: Kyogre|Kyogre, L50|100\/100|[from] Parting Shot\n|-weather|RainDance|[from] ability: Drizzle|[of] p2a: Kyogre\n|cant|p2b: Grimmsnarl|flinch\n|\n|-weather|RainDance|[upkeep]\n|-heal|p1a: Calyrex|99\/100|[from] Grassy Terrain\n|-heal|p2b: Grimmsnarl|83\/100|[from] Grassy Terrain\n|upkeep\n|turn|3\n|\n|t:|1735685769\n|move|p1a: Calyrex|Protect|p1a: Calyrex\n|-singleturn|p1a: Calyrex|Protect\n|move|p2b: Grimmsnarl|Thunder Wave|p1a: Calyrex\n|-activate|p1a: Calyrex|move: Protect\n|move|p2a: Kyogre|Water Spout|p1b: Incineroar|[spread] p1b\n|-activate|p1a: Calyrex|move: Protect\n|-supereffective|p1b: Incineroar\n|-damage|p1b: Incineroar|0 fnt\n|faint|p1b: Incineroar\n|\n|-weather|RainDance|[upkeep]\n|-heal|p1a: Calyrex|100\/100|[from] Grassy Terrain\n|-heal|p2b: Grimmsnarl|89\/100|[from] Grassy Terrain\n|upkeep\n|\n|t:|1735685784\n|switch|p1b: Rillaboom|Rillaboom, L50, F|100\/100\n|turn|4\n|\n|t:|1735685795\n|switch|p2a: Incineroar|Incineroar, L50, F|100\/100\n|-ability|p2a: Incineroar|Intimidate|boost\n|-unboost|p1a: Calyrex|atk|1\n|-unboost|p1b: Rillaboom|atk|1\n|-terastallize|p2b: Grimmsnarl|Ghost\n|move|p1b: Rillaboom|Grassy Glide|p2a: Incineroar\n|-resisted|p2a: Incineroar\n|-damage|p2a: Incineroar|87\/100\n|move|p2b: Grimmsnarl|Thunder Wave|p1a: Calyrex\n|-status|p1a: Calyrex|par\n|move|p1a: Calyrex|Astral Barrage|p2a: Incineroar|[spread] p2a,p2b\n|-resisted|p2a: Incineroar\n|-supereffective|p2b: Grimmsnarl\n|-damage|p2a: Incineroar|59\/100\n|-damage|p2b: Grimmsnarl|0 fnt\n|faint|p2b: Grimmsnarl\n|-ability|p1a: Calyrex|Grim Neigh|boost\n|-boost|p1a: Calyrex|spa|1\n|\n|-weather|RainDance|[upkeep]\n|-heal|p2a: Incineroar|65\/100|[from] Grassy Terrain\n|upkeep\n|\n|t:|1735685811\n|switch|p2b: Kyogre|Kyogre, L50|100\/100\n|turn|5\n|\n|t:|1735685823\n|move|p1b: Rillaboom|Protect|p1b: Rillaboom\n|-singleturn|p1b: Rillaboom|Protect\n|move|p1a: Calyrex|Protect|p1a: Calyrex\n|-singleturn|p1a: Calyrex|Protect\n|move|p2a: Incineroar|Fake Out|p1b: Rillaboom\n|-activate|p1b: Rillaboom|move: Protect\n|move|p2b: Kyogre|Water Spout|p1b: Rillaboom|[spread] \n|-activate|p1a: Calyrex|move: Protect\n|-activate|p1b: Rillaboom|move: Protect\n|\n|-weather|RainDance|[upkeep]\n|-heal|p2a: Incineroar|71\/100|[from] Grassy Terrain\n|-fieldend|move: Grassy Terrain\n|upkeep\n|turn|6\n|inactive|elvegis1 has 30 seconds left.\n|\n|t:|1735685849\n|switch|p2b: Raging Bolt|Raging Bolt, L50|100\/100\n|-enditem|p2b: Raging Bolt|Booster Energy\n|-activate|p2b: Raging Bolt|ability: Protosynthesis|[fromitem]\n|-start|p2b: Raging Bolt|protosynthesisspa\n|move|p1b: Rillaboom|Wood Hammer|p2b: Raging Bolt\n|-resisted|p2b: Raging Bolt\n|-damage|p2b: Raging Bolt|76\/100\n|-damage|p1b: Rillaboom|91\/100|[from] Recoil\n|move|p1a: Calyrex|Astral Barrage|p2a: Incineroar|[spread] p2a,p2b\n|-resisted|p2a: Incineroar\n|-damage|p2a: Incineroar|38\/100\n|-damage|p2b: Raging Bolt|8\/100\n|move|p2a: Incineroar|Parting Shot|p1a: Calyrex\n|-unboost|p1a: Calyrex|atk|1\n|-unboost|p1a: Calyrex|spa|1\n|\n|t:|1735685864\n|switch|p2a: Kyogre|Kyogre, L50|100\/100|[from] Parting Shot\n|\n|-weather|none\n|upkeep\n|turn|7\n|\n|t:|1735685873\n|switch|p2a: Incineroar|Incineroar, L50, F|38\/100\n|-ability|p2a: Incineroar|Intimidate|boost\n|-unboost|p1a: Calyrex|atk|1\n|-unboost|p1b: Rillaboom|atk|1\n|move|p2b: Raging Bolt|Protect|p2b: Raging Bolt\n|-singleturn|p2b: Raging Bolt|Protect\n|move|p1b: Rillaboom|Wood Hammer|p2a: Incineroar\n|-resisted|p2a: Incineroar\n|-damage|p2a: Incineroar|21\/100\n|-damage|p1b: Rillaboom|85\/100|[from] Recoil\n|move|p1a: Calyrex|Astral Barrage|p2a: Incineroar|[spread] p2a\n|-activate|p2b: Raging Bolt|move: Protect\n|-resisted|p2a: Incineroar\n|-damage|p2a: Incineroar|0 fnt\n|faint|p2a: Incineroar\n|-ability|p1a: Calyrex|Grim Neigh|boost\n|-boost|p1a: Calyrex|spa|1\n|\n|upkeep\n|\n|t:|1735685885\n|switch|p2a: Kyogre|Kyogre, L50|100\/100\n|-weather|RainDance|[from] ability: Drizzle|[of] p2a: Kyogre\n|turn|8\n|\n|t:|1735685892\n|move|p1a: Calyrex|Protect|p1a: Calyrex\n|-singleturn|p1a: Calyrex|Protect\n|move|p1b: Rillaboom|Wood Hammer|p2a: Kyogre\n|-supereffective|p2a: Kyogre\n|-damage|p2a: Kyogre|22\/100\n|-damage|p1b: Rillaboom|56\/100|[from] Recoil\n|move|p2a: Kyogre|Water Spout|p1a: Calyrex|[spread] p1b\n|-activate|p1a: Calyrex|move: Protect\n|-resisted|p1b: Rillaboom\n|-damage|p1b: Rillaboom|41\/100\n|move|p2b: Raging Bolt|Thunder|p1a: Calyrex\n|-activate|p1a: Calyrex|move: Protect\n|\n|-weather|RainDance|[upkeep]\n|-sideend|p2: elvegis1|move: Light Screen\n|upkeep\n|turn|9\n|\n|t:|1735685909\n|move|p1b: Rillaboom|Wood Hammer|p2a: Kyogre\n|-supereffective|p2a: Kyogre\n|-damage|p2a: Kyogre|0 fnt\n|faint|p2a: Kyogre\n|-damage|p1b: Rillaboom|32\/100|[from] Recoil\n|move|p2b: Raging Bolt|Thunder|p1a: Calyrex\n|-damage|p1a: Calyrex|67\/100 par\n|move|p1a: Calyrex|Astral Barrage|p2b: Raging Bolt\n|-damage|p2b: Raging Bolt|0 fnt\n|faint|p2b: Raging Bolt\n|-end|p2b: Raging Bolt|Protosynthesis|[silent]\n|\n|win|FunkyPengu1n\n|raw|FunkyPengu1n's rating: 1579 &rarr; <strong>1598<\/strong><br \/>(+19 for winning)\n|raw|elvegis1's rating: 1555 &rarr; <strong>1536<\/strong><br \/>(-19 for losing)\n|l|\u2606elvegis1\n|player|p2|\n|l|\u2606FunkyPengu1n\n|player|p1|\n","uploadtime":1735686047,"views":8,"formatid":"gen9vgc2025regg","rating":1536,"private":0,"password":null}