{"id":"gen9vgc2025regg-2272480054","format":"[Gen 9] VGC 2025 Reg G","players":["TheOnlyFizzo","badpiplupvgc"],"log":"|j|\u2606TheOnlyFizzo\n|j|\u2606badpiplupvgc\n|t:|1735625590\n|gametype|doubles\n|player|p1|TheOnlyFizzo|102|1618\n|player|p2|badpiplupvgc|102|1603\n|teamsize|p1|6\n|teamsize|p2|6\n|gen|9\n|tier|[Gen 9] VGC 2025 Reg G\n|rated|\n|rule|Species Clause: Limit one of each Pok\u00e9mon\n|rule|Item Clause: Limit 1 of each item\n|clearpoke\n|poke|p1|Indeedee-F, L50, F|\n|poke|p1|Regidrago, L50|\n|poke|p1|Torkoal, L50, F|\n|poke|p1|Gallade, L50, M|\n|poke|p1|Calyrex-Ice, L50|\n|poke|p1|Annihilape, L50, M|\n|poke|p2|Calyrex-Ice, L50|\n|poke|p2|Amoonguss, L50, M|\n|poke|p2|Raging Bolt, L50|\n|poke|p2|Chi-Yu, L50|\n|poke|p2|Rillaboom, L50, M|\n|poke|p2|Urshifu-*, L50, M|\n|teampreview|4\n|inactive|Battle timer is ON: inactive players will automatically lose when time's up. (requested by TheOnlyFizzo)\n|inactive|TheOnlyFizzo has 60 seconds left.\n|inactive|badpiplupvgc has 60 seconds left.\n|\n|t:|1735625635\n|start\n|switch|p1a: Calyrex|Calyrex-Ice, L50|100\/100\n|switch|p1b: Annihilape|Annihilape, L50, M|100\/100\n|switch|p2a: Chi-Yu|Chi-Yu, L50|100\/100\n|switch|p2b: Urshifu|Urshifu, L50, M|100\/100\n|-ability|p1a: Calyrex|As One\n|-ability|p1a: Calyrex|Unnerve\n|-ability|p2a: Chi-Yu|Beads of Ruin\n|turn|1\n|inactive|TheOnlyFizzo has 30 seconds left.\n|inactive|badpiplupvgc has 30 seconds left.\n|inactive|TheOnlyFizzo has 20 seconds left.\n|inactive|badpiplupvgc has 20 seconds left.\n|\n|t:|1735625671\n|-terastallize|p1a: Calyrex|Normal\n|move|p2a: Chi-Yu|Heat Wave|p1a: Calyrex|[spread] p1a,p1b\n|-damage|p1a: Calyrex|64\/100\n|-damage|p1b: Annihilape|52\/100\n|move|p1b: Annihilape|Close Combat|p2a: Chi-Yu\n|-supereffective|p2a: Chi-Yu\n|-damage|p2a: Chi-Yu|0 fnt\n|-unboost|p1b: Annihilape|def|1\n|-unboost|p1b: Annihilape|spd|1\n|faint|p2a: Chi-Yu\n|move|p2b: Urshifu|Wicked Blow|p1b: Annihilape\n|-crit|p1b: Annihilape\n|-damage|p1b: Annihilape|0 fnt\n|faint|p1b: Annihilape\n|move|p1a: Calyrex|Trick Room|p1a: Calyrex\n|-fieldstart|move: Trick Room|[of] p1a: Calyrex\n|\n|upkeep\n|inactive|TheOnlyFizzo has 30 seconds left.\n|\n|t:|1735625700\n|switch|p2a: Calyrex|Calyrex-Ice, L50|100\/100\n|switch|p1b: Indeedee|Indeedee-F, L50, F|100\/100\n|-ability|p2a: Calyrex|As One\n|-ability|p2a: Calyrex|Unnerve\n|-fieldstart|move: Psychic Terrain|[from] ability: Psychic Surge|[of] p1b: Indeedee\n|turn|2\n|inactive|TheOnlyFizzo has 30 seconds left.\n|inactive|TheOnlyFizzo has 20 seconds left.\n|inactive|TheOnlyFizzo has 15 seconds left.\n|inactive|TheOnlyFizzo has 10 seconds left.\n|\n|t:|1735625748\n|move|p2b: Urshifu|Detect|p2b: Urshifu\n|-singleturn|p2b: Urshifu|Protect\n|move|p1b: Indeedee|Follow Me|p1b: Indeedee\n|-singleturn|p1b: Indeedee|move: Follow Me\n|move|p1a: Calyrex|Glacial Lance|p2b: Urshifu|[spread] p2a\n|-activate|p2b: Urshifu|move: Protect\n|-resisted|p2a: Calyrex\n|-damage|p2a: Calyrex|83\/100\n|move|p2a: Calyrex|Glacial Lance|p1b: Indeedee|[spread] p1a,p1b\n|-crit|p1b: Indeedee\n|-damage|p1a: Calyrex|32\/100\n|-damage|p1b: Indeedee|19\/100\n|\n|upkeep\n|turn|3\n|inactive|TheOnlyFizzo has 30 seconds left.\n|\n|t:|1735625774\n|move|p1a: Calyrex|Protect|p1a: Calyrex\n|-singleturn|p1a: Calyrex|Protect\n|move|p2a: Calyrex|Glacial Lance|p1b: Indeedee|[spread] p1b\n|-activate|p1a: Calyrex|move: Protect\n|-damage|p1b: Indeedee|0 fnt\n|faint|p1b: Indeedee\n|-ability|p2a: Calyrex|Chilling Neigh|boost\n|-boost|p2a: Calyrex|atk|1\n|move|p2b: Urshifu|Wicked Blow|p1a: Calyrex\n|-crit|p1a: Calyrex\n|-damage|p1a: Calyrex|0 fnt\n|faint|p1a: Calyrex\n|\n|upkeep\n|\n|t:|1735625781\n|switch|p1b: Torkoal|Torkoal, L50, F|100\/100\n|-weather|SunnyDay|[from] ability: Drought|[of] p1b: Torkoal\n|turn|4\n|\n|t:|1735625798\n|move|p2a: Calyrex|Protect|p2a: Calyrex\n|-singleturn|p2a: Calyrex|Protect\n|move|p1b: Torkoal|Eruption|p2b: Urshifu|[spread] p2b\n|-activate|p2a: Calyrex|move: Protect\n|-enditem|p2b: Urshifu|Focus Sash\n|-damage|p2b: Urshifu|1\/100\n|move|p2b: Urshifu|Close Combat|p1b: Torkoal\n|-damage|p1b: Torkoal|50\/100\n|-unboost|p2b: Urshifu|def|1\n|-unboost|p2b: Urshifu|spd|1\n|\n|-weather|SunnyDay|[upkeep]\n|upkeep\n|turn|5\n|-message|TheOnlyFizzo forfeited.\n|\n|win|badpiplupvgc\n|raw|TheOnlyFizzo's rating: 1618 &rarr; <strong>1597<\/strong><br \/>(-21 for losing)\n|raw|badpiplupvgc's rating: 1603 &rarr; <strong>1624<\/strong><br \/>(+21 for winning)\n|l|\u2606badpiplupvgc\n|player|p2|\n","uploadtime":1735626064,"views":196,"formatid":"gen9vgc2025regg","rating":1597,"private":0,"password":null}