{"id":"gen9vgc2025regg-2272844272","format":"[Gen 9] VGC 2025 Reg G","players":["sheevp","avjack_vgc"],"log":"|j|\u2606sheevp\n|j|\u2606avjack_vgc\n|t:|1735683449\n|gametype|doubles\n|player|p1|sheevp|169|1506\n|player|p2|avjack_vgc|waiter-gen4|1551\n|teamsize|p1|6\n|teamsize|p2|6\n|gen|9\n|tier|[Gen 9] VGC 2025 Reg G\n|rated|\n|rule|Species Clause: Limit one of each Pok\u00e9mon\n|rule|Item Clause: Limit 1 of each item\n|clearpoke\n|poke|p1|Calyrex-Shadow, L50|\n|poke|p1|Chien-Pao, L50|\n|poke|p1|Tinkaton, L50, F|\n|poke|p1|Urshifu-*, L50, M|\n|poke|p1|Roaring Moon, L50|\n|poke|p1|Amoonguss, L50, M|\n|poke|p2|Ludicolo, L50, F|\n|poke|p2|Kyogre, L50|\n|poke|p2|Whimsicott, L50, M|\n|poke|p2|Tsareena, L50, F|\n|poke|p2|Incineroar, L50, F|\n|poke|p2|Chien-Pao, L50|\n|teampreview|4\n|inactive|Battle timer is ON: inactive players will automatically lose when time's up. (requested by avjack_vgc)\n|inactive|avjack_vgc has 60 seconds left.\n|\n|t:|1735683495\n|start\n|switch|p1a: Roaring Moon|Roaring Moon, L50|100\/100\n|switch|p1b: Amoonguss|Amoonguss, L50, M|100\/100\n|switch|p2a: Whimsicott|Whimsicott, L50, M, shiny|100\/100\n|switch|p2b: Kyogre|Kyogre, L50|100\/100\n|-weather|RainDance|[from] ability: Drizzle|[of] p2b: Kyogre\n|-enditem|p1a: Roaring Moon|Booster Energy\n|-activate|p1a: Roaring Moon|ability: Protosynthesis|[fromitem]\n|-start|p1a: Roaring Moon|protosynthesisspe\n|turn|1\n|\n|t:|1735683512\n|-terastallize|p2b: Kyogre|Water\n|move|p2a: Whimsicott|Tailwind|p2a: Whimsicott\n|-sidestart|p2: avjack_vgc|move: Tailwind\n|move|p2b: Kyogre|Water Spout|p1a: Roaring Moon|[spread] p1a,p1b\n|-resisted|p1a: Roaring Moon\n|-resisted|p1b: Amoonguss\n|-damage|p1a: Roaring Moon|43\/100\n|-damage|p1b: Amoonguss|43\/100\n|move|p1a: Roaring Moon|Tailwind|p1a: Roaring Moon\n|-sidestart|p1: sheevp|move: Tailwind\n|move|p1b: Amoonguss|Spore|p2b: Kyogre\n|-status|p2b: Kyogre|slp|[from] move: Spore\n|\n|-weather|RainDance|[upkeep]\n|upkeep\n|turn|2\n|\n|t:|1735683527\n|switch|p2b: Tsareena|Tsareena, L50, F|100\/100\n|move|p1a: Roaring Moon|Knock Off|p2b: Tsareena\n|-damage|p2b: Tsareena|36\/100\n|-enditem|p2b: Tsareena|Wide Lens|[from] move: Knock Off|[of] p1a: Roaring Moon\n|move|p2a: Whimsicott|Moonblast|p1a: Roaring Moon\n|-supereffective|p1a: Roaring Moon\n|-damage|p1a: Roaring Moon|0 fnt\n|faint|p1a: Roaring Moon\n|-end|p1a: Roaring Moon|Protosynthesis|[silent]\n|move|p1b: Amoonguss|Pollen Puff|p1: Roaring Moon|[notarget]\n|-fail|p1b: Amoonguss\n|\n|-weather|RainDance|[upkeep]\n|upkeep\n|\n|t:|1735683536\n|switch|p1a: Calyrex|Calyrex-Shadow, L50|100\/100\n|-ability|p1a: Calyrex|As One\n|-ability|p1a: Calyrex|Unnerve\n|turn|3\n|\n|t:|1735683558\n|move|p1a: Calyrex|Astral Barrage|p2b: Tsareena|[spread] p2a,p2b\n|-damage|p2a: Whimsicott|23\/100\n|-damage|p2b: Tsareena|0 fnt\n|faint|p2b: Tsareena\n|-ability|p1a: Calyrex|Grim Neigh|boost\n|-boost|p1a: Calyrex|spa|1\n|move|p2a: Whimsicott|Moonblast|p1a: Calyrex\n|-damage|p1a: Calyrex|73\/100\n|-unboost|p1a: Calyrex|spa|1\n|move|p1b: Amoonguss|Pollen Puff|p2a: Whimsicott\n|-damage|p2a: Whimsicott|0 fnt\n|faint|p2a: Whimsicott\n|\n|-weather|RainDance|[upkeep]\n|upkeep\n|\n|t:|1735683573\n|switch|p2a: Kyogre|Kyogre, L50, tera:Water|100\/100 slp\n|switch|p2b: Chien-Pao|Chien-Pao, L50|100\/100\n|-ability|p2b: Chien-Pao|Sword of Ruin\n|turn|4\n|\n|t:|1735683584\n|-terastallize|p1a: Calyrex|Fairy\n|move|p1b: Amoonguss|Rage Powder|p1b: Amoonguss\n|-singleturn|p1b: Amoonguss|move: Rage Powder\n|move|p2b: Chien-Pao|Sucker Punch||[still]\n|-fail|p2b: Chien-Pao\n|cant|p2a: Kyogre|slp\n|move|p1a: Calyrex|Astral Barrage|p2a: Kyogre|[spread] p2a,p2b\n|-resisted|p2b: Chien-Pao\n|-damage|p2a: Kyogre|49\/100 slp\n|-damage|p2b: Chien-Pao|49\/100\n|\n|-weather|RainDance|[upkeep]\n|-sideend|p1: sheevp|move: Tailwind\n|-sideend|p2: avjack_vgc|move: Tailwind\n|upkeep\n|turn|5\n|\n|t:|1735683600\n|move|p1b: Amoonguss|Rage Powder|p1b: Amoonguss\n|-singleturn|p1b: Amoonguss|move: Rage Powder\n|-curestatus|p2a: Kyogre|slp|[msg]\n|move|p2a: Kyogre|Water Spout|p1a: Calyrex|[spread] p1a,p1b\n|-resisted|p1b: Amoonguss\n|-damage|p1a: Calyrex|17\/100\n|-damage|p1b: Amoonguss|12\/100\n|move|p1a: Calyrex|Astral Barrage|p2a: Kyogre|[spread] p2a,p2b\n|-resisted|p2b: Chien-Pao\n|-damage|p2a: Kyogre|6\/100\n|-damage|p2b: Chien-Pao|1\/100\n|move|p2b: Chien-Pao|Ice Spinner|p1b: Amoonguss\n|-supereffective|p1b: Amoonguss\n|-damage|p1b: Amoonguss|0 fnt\n|-damage|p2b: Chien-Pao|0 fnt|[from] item: Rocky Helmet|[of] p1b: Amoonguss\n|faint|p1b: Amoonguss\n|faint|p2b: Chien-Pao\n|\n|-weather|none\n|upkeep\n|\n|t:|1735683615\n|switch|p1b: Urshifu|Urshifu-Rapid-Strike, L50, M|100\/100\n|turn|6\n|-message|avjack_vgc forfeited.\n|\n|win|sheevp\n|raw|sheevp's rating: 1506 &rarr; <strong>1529<\/strong><br \/>(+23 for winning)\n|raw|avjack_vgc's rating: 1551 &rarr; <strong>1528<\/strong><br \/>(-23 for losing)\n|l|\u2606avjack_vgc\n|player|p2|\n|l|\u2606sheevp\n|player|p1|\n","uploadtime":1735683816,"views":331,"formatid":"gen9vgc2025regg","rating":1528,"private":0,"password":null}