{"id":"gen9vgc2025regg-2272411492","format":"[Gen 9] VGC 2025 Reg G","players":["ConnerTEP","RustyChair13"],"log":"|j|\u2606ConnerTEP\n|j|\u2606RustyChair13\n|t:|1735614433\n|gametype|doubles\n|player|p1|ConnerTEP|may-masters2|1524\n|player|p2|RustyChair13|scientist-gen4|1602\n|teamsize|p1|6\n|teamsize|p2|6\n|gen|9\n|tier|[Gen 9] VGC 2025 Reg G\n|rated|\n|rule|Species Clause: Limit one of each Pok\u00e9mon\n|rule|Item Clause: Limit 1 of each item\n|clearpoke\n|poke|p1|Groudon, L50|\n|poke|p1|Entei, L50|\n|poke|p1|Raging Bolt, L50|\n|poke|p1|Rillaboom, L50, M|\n|poke|p1|Flutter Mane, L50|\n|poke|p1|Chien-Pao, L50|\n|poke|p2|Zamazenta-*, L50|\n|poke|p2|Urshifu-*, L50, M|\n|poke|p2|Tornadus, L50, M|\n|poke|p2|Ditto, L50|\n|poke|p2|Dragapult, L50, M|\n|poke|p2|Amoonguss, L50, M|\n|teampreview|4\n|inactive|Battle timer is ON: inactive players will automatically lose when time's up. (requested by ConnerTEP)\n|inactive|ConnerTEP has 60 seconds left.\n|inactive|RustyChair13 has 60 seconds left.\n|j| pawmyextratest\n|\n|t:|1735614483\n|start\n|switch|p1a: Hakari|Groudon, L50|100\/100\n|switch|p1b: Maki|Flutter Mane, L50|100\/100\n|switch|p2a: Dragapult|Dragapult, L50, M, shiny|100\/100\n|switch|p2b: Zamazenta|Zamazenta-Crowned, L50, shiny|100\/100\n|-ability|p2b: Zamazenta|Dauntless Shield|boost\n|-boost|p2b: Zamazenta|def|1\n|-weather|SunnyDay|[from] ability: Drought|[of] p1a: Hakari\n|-activate|p1b: Maki|ability: Protosynthesis\n|-start|p1b: Maki|protosynthesisspe\n|turn|1\n|inactive|ConnerTEP has 30 seconds left.\n|inactive|RustyChair13 has 30 seconds left.\n|\n|t:|1735614514\n|-terastallize|p1b: Maki|Fairy\n|-terastallize|p2b: Zamazenta|Grass\n|move|p1a: Hakari|Helping Hand|p1b: Maki\n|-singleturn|p1b: Maki|Helping Hand|[of] p1a: Hakari\n|move|p1b: Maki|Moonblast|p2b: Zamazenta\n|-damage|p2b: Zamazenta|4\/100\n|-unboost|p2b: Zamazenta|spa|1\n|move|p2a: Dragapult|Phantom Force||[still]\n|-prepare|p2a: Dragapult|Phantom Force\n|move|p2b: Zamazenta|Heavy Slam|p1b: Maki\n|-supereffective|p1b: Maki\n|-damage|p1b: Maki|0 fnt\n|faint|p1b: Maki\n|-end|p1b: Maki|Protosynthesis|[silent]\n|\n|-weather|SunnyDay|[upkeep]\n|upkeep\n|\n|t:|1735614525\n|switch|p1b: Sukuna|Entei, L50|100\/100\n|turn|2\n|\n|t:|1735614533\n|move|p1b: Sukuna|Extreme Speed|p2b: Zamazenta\n|-damage|p2b: Zamazenta|0 fnt\n|faint|p2b: Zamazenta\n|move|p2a: Dragapult|Phantom Force|p1a: Hakari|[from]lockedmove\n|-damage|p1a: Hakari|50\/100\n|move|p1a: Hakari|Precipice Blades|p2a: Dragapult\n|-damage|p2a: Dragapult|10\/100\n|\n|-weather|SunnyDay|[upkeep]\n|upkeep\n|\n|t:|1735614541\n|switch|p2b: Tornadus|Tornadus, L50, M|100\/100\n|turn|3\n|\n|t:|1735614550\n|move|p2b: Tornadus|Rain Dance|p2b: Tornadus\n|-weather|RainDance\n|move|p2a: Dragapult|Phantom Force||[still]\n|-prepare|p2a: Dragapult|Phantom Force\n|move|p1b: Sukuna|Sacred Fire|p2b: Tornadus\n|-damage|p2b: Tornadus|71\/100\n|move|p1a: Hakari|Heat Crash|p2b: Tornadus\n|-crit|p2b: Tornadus\n|-damage|p2b: Tornadus|28\/100\n|\n|-weather|RainDance|[upkeep]\n|upkeep\n|turn|4\n|\n|t:|1735614570\n|move|p1a: Hakari|Helping Hand|p1b: Sukuna\n|-singleturn|p1b: Sukuna|Helping Hand|[of] p1a: Hakari\n|move|p1b: Sukuna|Extreme Speed|p2b: Tornadus\n|-damage|p2b: Tornadus|0 fnt\n|faint|p2b: Tornadus\n|move|p2a: Dragapult|Phantom Force|p1a: Hakari|[from]lockedmove\n|-crit|p1a: Hakari\n|-damage|p1a: Hakari|0 fnt\n|faint|p1a: Hakari\n|\n|-weather|RainDance|[upkeep]\n|upkeep\n|\n|t:|1735614580\n|switch|p2b: Urshifu|Urshifu-Rapid-Strike, L50, M|100\/100\n|switch|p1a: Todo|Raging Bolt, L50|100\/100\n|turn|5\n|\n|t:|1735614589\n|move|p2b: Urshifu|Detect|p2b: Urshifu\n|-singleturn|p2b: Urshifu|Protect\n|move|p1b: Sukuna|Extreme Speed|p2b: Urshifu\n|-activate|p2b: Urshifu|move: Protect\n|move|p1a: Todo|Thunderclap|p2a: Dragapult\n|-resisted|p2a: Dragapult\n|-damage|p2a: Dragapult|0 fnt\n|faint|p2a: Dragapult\n|\n|-weather|RainDance|[upkeep]\n|upkeep\n|turn|6\n|\n|t:|1735614597\n|move|p1b: Sukuna|Extreme Speed|p2b: Urshifu\n|-damage|p2b: Urshifu|72\/100\n|move|p2b: Urshifu|Aqua Jet|p1b: Sukuna\n|-supereffective|p1b: Sukuna\n|-damage|p1b: Sukuna|20\/100\n|move|p1a: Todo|Thunderbolt|p2b: Urshifu\n|-supereffective|p2b: Urshifu\n|-damage|p2b: Urshifu|0 fnt\n|faint|p2b: Urshifu\n|\n|win|ConnerTEP\n|raw|ConnerTEP's rating: 1549 &rarr; <strong>1572<\/strong><br \/>(+23 for winning)\n|raw|RustyChair13's rating: 1602 &rarr; <strong>1579<\/strong><br \/>(-23 for losing)\n|l|\u2606RustyChair13\n|player|p2|\n|l|\u2606ConnerTEP\n|player|p1|\n","uploadtime":1735614831,"views":363,"formatid":"gen9vgc2025regg","rating":1572,"private":0,"password":null}