{"id":"gen9vgc2025regg-2272558682","format":"[Gen 9] VGC 2025 Reg G","players":["llefface","sibylla_system"],"log":"|j|\u2606llefface\n|j|\u2606sibylla_system\n|t:|1735642757\n|gametype|doubles\n|player|p1|llefface|lana-masters|1558\n|player|p2|sibylla_system|2|1552\n|teamsize|p1|6\n|teamsize|p2|6\n|gen|9\n|tier|[Gen 9] VGC 2025 Reg G\n|rated|\n|rule|Species Clause: Limit one of each Pok\u00e9mon\n|rule|Item Clause: Limit 1 of each item\n|clearpoke\n|poke|p1|Terapagos, L50, M|\n|poke|p1|Smeargle, L50, F|\n|poke|p1|Iron Hands, L50|\n|poke|p1|Chi-Yu, L50|\n|poke|p1|Flutter Mane, L50|\n|poke|p1|Dragonite, L50, F|\n|poke|p2|Calyrex-Shadow, L50|\n|poke|p2|Roaring Moon, L50|\n|poke|p2|Flutter Mane, L50|\n|poke|p2|Chi-Yu, L50|\n|poke|p2|Urshifu-*, L50, M|\n|poke|p2|Whimsicott, L50, F|\n|teampreview|4\n|c|\u2606llefface|glhf!\n|j| Therazer456\nsibylla_system rejected open team sheets.\n|\n|t:|1735642855\n|start\n|switch|p1a: Akupara|Terapagos, L50, M|100\/100\n|switch|p1b: Smeargie|Smeargle, L50, F|100\/100\n|switch|p2a: Chi-Yu|Chi-Yu, L50|100\/100\n|switch|p2b: Flutter Mane|Flutter Mane, L50|100\/100\n|-activate|p1a: Akupara|ability: Tera Shift\n|detailschange|p1a: Akupara|Terapagos-Terastal, L50, M\n|-heal|p1a: Akupara|100\/100|[silent]\n|-ability|p2a: Chi-Yu|Beads of Ruin\n|-enditem|p2b: Flutter Mane|Booster Energy\n|-activate|p2b: Flutter Mane|ability: Protosynthesis|[fromitem]\n|-start|p2b: Flutter Mane|protosynthesisspa\n|turn|1\n|\n|t:|1735642885\n|-terastallize|p1a: Akupara|Stellar\n|detailschange|p1a: Akupara|Terapagos-Stellar, L50, M, tera:Stellar\n|-heal|p1a: Akupara|100\/100|[silent]\n|move|p1b: Smeargie|Fake Out|p2a: Chi-Yu\n|-damage|p2a: Chi-Yu|94\/100\n|move|p2b: Flutter Mane|Taunt|p1b: Smeargie\n|-start|p1b: Smeargie|move: Taunt\n|move|p2a: Chi-Yu|Snarl|p1a: Akupara|[spread] p1a,p1b\n|-damage|p1a: Akupara|79\/100\n|-damage|p1b: Smeargie|29\/100\n|-unboost|p1a: Akupara|spa|1\n|-unboost|p1b: Smeargie|spa|1\n|move|p1a: Akupara|Tera Starstorm|p2a: Chi-Yu|[spread] p2a,p2b\n|-damage|p2a: Chi-Yu|52\/100\n|-damage|p2b: Flutter Mane|57\/100\n|\n|upkeep\n|turn|2\n|c|\u2606llefface|well nvm\n|c|\u2606llefface|covert cloak gaming\n|\n|t:|1735642917\n|switch|p1b: Fish|Chi-Yu, L50|100\/100\n|-ability|p1b: Fish|Beads of Ruin\n|move|p2b: Flutter Mane|Fake Tears|p1a: Akupara\n|-unboost|p1a: Akupara|spd|2\n|move|p2a: Chi-Yu|Heat Wave|p1a: Akupara|[spread] p1a,p1b\n|-resisted|p1b: Fish\n|-damage|p1a: Akupara|7\/100\n|-damage|p1b: Fish|78\/100\n|move|p1a: Akupara|Tera Starstorm|p2b: Flutter Mane|[spread] p2a,p2b\n|-damage|p2a: Chi-Yu|12\/100\n|-damage|p2b: Flutter Mane|13\/100\n|\n|upkeep\n|turn|3\n|\n|t:|1735642948\n|switch|p1a: Flutter|Flutter Mane, L50|100\/100\n|-enditem|p1a: Flutter|Booster Energy\n|-activate|p1a: Flutter|ability: Protosynthesis|[fromitem]\n|-start|p1a: Flutter|protosynthesisspe\n|-terastallize|p2a: Chi-Yu|Ground\n|move|p1b: Fish|Heat Wave|p2a: Chi-Yu|[spread] p2a,p2b\n|-damage|p2a: Chi-Yu|0 fnt\n|-damage|p2b: Flutter Mane|0 fnt\n|faint|p2a: Chi-Yu\n|faint|p2b: Flutter Mane\n|-end|p2b: Flutter Mane|Protosynthesis|[silent]\n|\n|upkeep\n|\n|t:|1735642959\n|switch|p2b: Whimsicott|Whimsicott, L50, F|100\/100\n|switch|p2a: Calyrex|Calyrex-Shadow, L50|100\/100\n|-ability|p2a: Calyrex|As One\n|-ability|p2a: Calyrex|Unnerve\n|turn|4\n|\n|t:|1735642976\n|-end|p1a: Flutter|Protosynthesis|[silent]\n|switch|p1a: Smeargie|Smeargle, L50, F|29\/100\n|move|p2b: Whimsicott|Tailwind|p2b: Whimsicott\n|-sidestart|p2: sibylla_system|move: Tailwind\n|move|p2a: Calyrex|Astral Barrage|p1a: Smeargie|[spread] p1b\n|-immune|p1a: Smeargie\n|-resisted|p1b: Fish\n|-damage|p1b: Fish|38\/100\n|-damage|p2a: Calyrex|91\/100|[from] item: Life Orb\n|move|p1b: Fish|Heat Wave|p2b: Whimsicott|[spread] p2a,p2b\n|-supereffective|p2b: Whimsicott\n|-damage|p2a: Calyrex|31\/100\n|-damage|p2b: Whimsicott|0 fnt\n|faint|p2b: Whimsicott\n|\n|upkeep\n|turn|5\n|-message|sibylla_system forfeited.\n|\n|win|llefface\n|raw|llefface's rating: 1558 &rarr; <strong>1578<\/strong><br \/>(+20 for winning)\n|raw|sibylla_system's rating: 1552 &rarr; <strong>1532<\/strong><br \/>(-20 for losing)\n|c|\u2606llefface|gg\n|l| Therazer456\n","uploadtime":1735643215,"views":11,"formatid":"gen9vgc2025regg","rating":1532,"private":0,"password":null}