{"id":"gen9vgc2025regg-2272969306","format":"[Gen 9] VGC 2025 Reg G","players":["Grimmjane","Ggttmmhh"],"log":"|j|\u2606Grimmjane\n|j|\u2606Ggttmmhh\n|t:|1735702129\n|gametype|doubles\n|player|p1|Grimmjane|2|1513\n|player|p2|Ggttmmhh|102|1638\n|teamsize|p1|6\n|teamsize|p2|6\n|gen|9\n|tier|[Gen 9] VGC 2025 Reg G\n|rated|\n|rule|Species Clause: Limit one of each Pok\u00e9mon\n|rule|Item Clause: Limit 1 of each item\n|clearpoke\n|poke|p1|Zacian-*, L50|\n|poke|p1|Entei, L50|\n|poke|p1|Araquanid, L50, F|\n|poke|p1|Brute Bonnet, L50|\n|poke|p1|Tornadus, L50, M|\n|poke|p1|Ditto, L50|\n|poke|p2|Farigiraf, L50, F|\n|poke|p2|Chi-Yu, L50|\n|poke|p2|Raging Bolt, L50|\n|poke|p2|Groudon, L50|\n|poke|p2|Flutter Mane, L50|\n|poke|p2|Ditto, L50|\n|teampreview|4\n|inactive|Battle timer is ON: inactive players will automatically lose when time's up. (requested by Grimmjane)\n|inactive|Ggttmmhh has 60 seconds left.\n|inactive|Ggttmmhh has 30 seconds left.\n|j| takuya3000\n|\n|t:|1735702242\n|start\n|switch|p1a: Tornadus|Tornadus, L50, M|100\/100\n|switch|p1b: Brute Bonnet|Brute Bonnet, L50|100\/100\n|switch|p2a: Groudon|Groudon, L50|100\/100\n|switch|p2b: Ditto|Ditto, L50|100\/100\n|-weather|SunnyDay|[from] ability: Drought|[of] p2a: Groudon\n|-activate|p1b: Brute Bonnet|ability: Protosynthesis\n|-start|p1b: Brute Bonnet|protosynthesisatk\n|-transform|p2b: Ditto|p1a: Tornadus|[from] ability: Imposter\n|turn|1\n|inactive|Grimmjane has 30 seconds left.\n|\n|t:|1735702270\n|-terastallize|p1b: Brute Bonnet|Poison\n|move|p2a: Groudon|Protect|p2a: Groudon\n|-singleturn|p2a: Groudon|Protect\n|move|p1a: Tornadus|Tailwind|p1a: Tornadus\n|-sidestart|p1: Grimmjane|move: Tailwind\n|move|p1b: Brute Bonnet|Spore|p2b: Ditto\n|-activate|p2b: Ditto|item: Safety Goggles|Spore\n|move|p2b: Ditto|Bleakwind Storm|p1a: Tornadus|[spread] p1a,p1b\n|-damage|p1a: Tornadus|53\/100\n|-damage|p1b: Brute Bonnet|68\/100\n|\n|-weather|SunnyDay|[upkeep]\n|upkeep\n|turn|2\n|\n|t:|1735702289\n|move|p2b: Ditto|Tailwind|p2b: Ditto\n|-sidestart|p2: Ggttmmhh|move: Tailwind\n|move|p1a: Tornadus|Bleakwind Storm|p2b: Ditto|[spread] p2a,p2b\n|-crit|p2b: Ditto\n|-damage|p2a: Groudon|70\/100\n|-damage|p2b: Ditto|25\/100\n|-unboost|p2a: Groudon|spe|1\n|-unboost|p2b: Ditto|spe|1\n|move|p1b: Brute Bonnet|Spore|p2a: Groudon\n|-status|p2a: Groudon|slp|[from] move: Spore\n|cant|p2a: Groudon|slp\n|\n|-weather|SunnyDay|[upkeep]\n|upkeep\n|turn|3\n|inactive|Ggttmmhh has 30 seconds left.\n|inactive|Ggttmmhh has 20 seconds left.\n|inactive|Ggttmmhh has 15 seconds left.\n|inactive|Ggttmmhh has 10 seconds left.\n|j| jasonrfry2\n|inactive|Ggttmmhh has 5 seconds left.\n|\n|t:|1735702343\n|switch|p2b: Chi-Yu|Chi-Yu, L50|100\/100\n|-ability|p2b: Chi-Yu|Beads of Ruin\n|move|p1a: Tornadus|Bleakwind Storm|p2a: Groudon|[spread] p2a,p2b\n|-damage|p2a: Groudon|24\/100 slp\n|-damage|p2b: Chi-Yu|58\/100\n|move|p1b: Brute Bonnet|Seed Bomb|p2a: Groudon\n|-supereffective|p2a: Groudon\n|-damage|p2a: Groudon|0 fnt\n|faint|p2a: Groudon\n|\n|-weather|SunnyDay|[upkeep]\n|upkeep\n|\n|t:|1735702352\n|switch|p2a: Flutter Mane|Flutter Mane, L50|100\/100\n|-activate|p2a: Flutter Mane|ability: Protosynthesis\n|-start|p2a: Flutter Mane|protosynthesisspe\n|turn|4\n|\n|t:|1735702372\n|-terastallize|p2b: Chi-Yu|Fire\n|move|p1a: Tornadus|Rain Dance|p1a: Tornadus\n|-weather|RainDance\n|-end|p2a: Flutter Mane|Protosynthesis\n|-end|p1b: Brute Bonnet|Protosynthesis\n|move|p2b: Chi-Yu|Heat Wave|p1b: Brute Bonnet|[spread] p1a\n|-miss|p2b: Chi-Yu|p1b: Brute Bonnet\n|-damage|p1a: Tornadus|11\/100\n|move|p2a: Flutter Mane|Dazzling Gleam|p1a: Tornadus|[spread] p1a,p1b\n|-resisted|p1b: Brute Bonnet\n|-damage|p1a: Tornadus|0 fnt\n|-damage|p1b: Brute Bonnet|42\/100\n|faint|p1a: Tornadus\n|move|p1b: Brute Bonnet|Spore|p2b: Chi-Yu\n|-status|p2b: Chi-Yu|slp|[from] move: Spore\n|\n|-weather|RainDance|[upkeep]\n|-sideend|p1: Grimmjane|move: Tailwind\n|upkeep\n|\n|t:|1735702391\n|switch|p1a: Khairo|Zacian-Crowned, L50|100\/100\n|-ability|p1a: Khairo|Intrepid Sword|boost\n|-boost|p1a: Khairo|atk|1\n|turn|5\n|\n|t:|1735702400\n|-end|p2a: Flutter Mane|Protosynthesis|[silent]\n|switch|p2a: Ditto|Ditto, L50|25\/100\n|-transform|p2a: Ditto|p1b: Brute Bonnet|[from] ability: Imposter\n|cant|p2b: Chi-Yu|slp\n|move|p1a: Khairo|Play Rough|p2b: Chi-Yu|[miss]\n|-miss|p1a: Khairo|p2b: Chi-Yu\n|move|p1b: Brute Bonnet|Spore|p2a: Ditto\n|-immune|p2a: Ditto\n|\n|-weather|RainDance|[upkeep]\n|-sideend|p2: Ggttmmhh|move: Tailwind\n|upkeep\n|-start|p2a: Ditto|typechange|Grass\/Dark|[silent]\n|turn|6\n|inactive|Ggttmmhh has 30 seconds left.\n|\n|t:|1735702431\n|-end|p1b: Brute Bonnet|Protosynthesis|[silent]\n|switch|p1b: Araquanid|Araquanid, L50, F|100\/100\n|cant|p2b: Chi-Yu|slp\n|move|p1a: Khairo|Behemoth Blade|p2a: Ditto\n|-damage|p2a: Ditto|0 fnt\n|faint|p2a: Ditto\n|-end|p2a: Ditto|Protosynthesis|[silent]\n|\n|-weather|RainDance|[upkeep]\n|upkeep\n|\n|t:|1735702437\n|switch|p2a: Flutter Mane|Flutter Mane, L50|100\/100\n|turn|7\n|\n|t:|1735702448\n|-curestatus|p2b: Chi-Yu|slp|[msg]\n|move|p2b: Chi-Yu|Heat Wave|p1b: Araquanid|[spread] p1a,p1b\n|-supereffective|p1a: Khairo\n|-damage|p1a: Khairo|36\/100\n|-damage|p1b: Araquanid|86\/100\n|move|p1a: Khairo|Play Rough|p2b: Chi-Yu\n|-resisted|p2b: Chi-Yu\n|-damage|p2b: Chi-Yu|0 fnt\n|faint|p2b: Chi-Yu\n|move|p2a: Flutter Mane|Dazzling Gleam|p1b: Araquanid|[spread] p1a,p1b\n|-resisted|p1a: Khairo\n|-damage|p1a: Khairo|14\/100\n|-damage|p1b: Araquanid|48\/100\n|move|p1b: Araquanid|Liquidation|p2a: Flutter Mane\n|-damage|p2a: Flutter Mane|0 fnt\n|faint|p2a: Flutter Mane\n|-end|p2a: Flutter Mane|Protosynthesis|[silent]\n|\n|win|Grimmjane\n|raw|Grimmjane's rating: 1513 &rarr; <strong>1540<\/strong><br \/>(+27 for winning)\n|raw|Ggttmmhh's rating: 1638 &rarr; <strong>1611<\/strong><br \/>(-27 for losing)\n|l|\u2606Ggttmmhh\n|player|p2|\n|l| jasonrfry2\n|l|\u2606Grimmjane\n|player|p1|\n","uploadtime":1735702609,"views":352,"formatid":"gen9vgc2025regg","rating":1540,"private":0,"password":null}