{"id":"gen9vgc2025regg-2272417039","format":"[Gen 9] VGC 2025 Reg G","players":["ConnerTEP","RustyChair13"],"log":"|j|\u2606ConnerTEP\n|j|\u2606RustyChair13\n|t:|1735615214\n|gametype|doubles\n|player|p1|ConnerTEP|may-masters2|1576\n|player|p2|RustyChair13|scientist-gen4|1620\n|teamsize|p1|6\n|teamsize|p2|6\n|gen|9\n|tier|[Gen 9] VGC 2025 Reg G\n|rated|\n|rule|Species Clause: Limit one of each Pok\u00e9mon\n|rule|Item Clause: Limit 1 of each item\n|clearpoke\n|poke|p1|Groudon, L50|\n|poke|p1|Entei, L50|\n|poke|p1|Raging Bolt, L50|\n|poke|p1|Rillaboom, L50, M|\n|poke|p1|Flutter Mane, L50|\n|poke|p1|Chien-Pao, L50|\n|poke|p2|Zamazenta-*, L50|\n|poke|p2|Urshifu-*, L50, M|\n|poke|p2|Tornadus, L50, M|\n|poke|p2|Ditto, L50|\n|poke|p2|Dragapult, L50, F|\n|poke|p2|Amoonguss, L50, M|\n|teampreview|4\n|inactive|Battle timer is ON: inactive players will automatically lose when time's up. (requested by ConnerTEP)\n|inactive|RustyChair13 has 60 seconds left.\n|\n|t:|1735615265\n|start\n|switch|p1a: Hakari|Groudon, L50|100\/100\n|switch|p1b: Maki|Flutter Mane, L50|100\/100\n|switch|p2a: Tornadus|Tornadus, L50, M|100\/100\n|switch|p2b: Dragapult|Dragapult, L50, F, shiny|100\/100\n|-weather|SunnyDay|[from] ability: Drought|[of] p1a: Hakari\n|-activate|p1b: Maki|ability: Protosynthesis\n|-start|p1b: Maki|protosynthesisspe\n|turn|1\n|\n|t:|1735615276\n|-terastallize|p1b: Maki|Fairy\n|move|p2a: Tornadus|Rain Dance|p2a: Tornadus\n|-weather|RainDance\n|-end|p1b: Maki|Protosynthesis\n|move|p1b: Maki|Dazzling Gleam|p2b: Dragapult|[spread] p2a,p2b\n|-supereffective|p2b: Dragapult\n|-damage|p2a: Tornadus|33\/100\n|-damage|p2b: Dragapult|0 fnt\n|faint|p2b: Dragapult\n|move|p1a: Hakari|Heat Crash|p2a: Tornadus\n|-damage|p2a: Tornadus|3\/100\n|\n|-weather|RainDance|[upkeep]\n|upkeep\n|\n|t:|1735615287\n|switch|p2b: Zamazenta|Zamazenta-Crowned, L50, shiny|100\/100\n|-ability|p2b: Zamazenta|Dauntless Shield|boost\n|-boost|p2b: Zamazenta|def|1\n|turn|2\n|\n|t:|1735615296\n|-end|p1b: Maki|Protosynthesis|[silent]\n|switch|p1b: Todo|Raging Bolt, L50|100\/100\n|-terastallize|p2b: Zamazenta|Grass\n|move|p2a: Tornadus|Tailwind|p2a: Tornadus\n|-sidestart|p2: RustyChair13|move: Tailwind\n|move|p2b: Zamazenta|Heavy Slam|p1b: Todo\n|-resisted|p1b: Todo\n|-damage|p1b: Todo|94\/100\n|move|p1a: Hakari|Heat Crash|p2a: Tornadus\n|-damage|p2a: Tornadus|0 fnt\n|faint|p2a: Tornadus\n|\n|-weather|RainDance|[upkeep]\n|upkeep\n|\n|t:|1735615299\n|switch|p2a: Amoonguss|Amoonguss, L50, M|100\/100\n|turn|3\n|inactive|ConnerTEP has 30 seconds left.\n|\n|t:|1735615330\n|move|p1a: Hakari|Protect|p1a: Hakari\n|-singleturn|p1a: Hakari|Protect\n|move|p2b: Zamazenta|Body Press|p1b: Todo\n|-damage|p1b: Todo|36\/100\n|move|p1b: Todo|Draco Meteor|p2a: Amoonguss|[miss]\n|-miss|p1b: Todo|p2a: Amoonguss\n|move|p2a: Amoonguss|Spore|p1a: Hakari\n|-activate|p1a: Hakari|move: Protect\n|\n|-weather|RainDance|[upkeep]\n|upkeep\n|turn|4\n|\n|t:|1735615348\n|switch|p1a: Panda|Rillaboom, L50, M|100\/100\n|-fieldstart|move: Grassy Terrain|[from] ability: Grassy Surge|[of] p1a: Panda\n|move|p2b: Zamazenta|Body Press|p1b: Todo\n|-damage|p1b: Todo|0 fnt\n|faint|p1b: Todo\n|-end|p1b: Todo|Protosynthesis|[silent]\n|move|p2a: Amoonguss|Spore|p1a: Panda\n|-immune|p1a: Panda\n|\n|-weather|RainDance|[upkeep]\n|upkeep\n|\n|t:|1735615364\n|switch|p1b: Hakari|Groudon, L50|100\/100\n|-weather|SunnyDay|[from] ability: Drought|[of] p1b: Hakari\n|turn|5\n|\n|t:|1735615376\n|move|p1a: Panda|Fake Out|p2b: Zamazenta\n|-damage|p2b: Zamazenta|95\/100\n|cant|p2b: Zamazenta|flinch\n|move|p1b: Hakari|Heat Crash|p2a: Amoonguss\n|-supereffective|p2a: Amoonguss\n|-damage|p2a: Amoonguss|0 fnt\n|-damage|p1b: Hakari|84\/100|[from] item: Rocky Helmet|[of] p2a: Amoonguss\n|faint|p2a: Amoonguss\n|\n|-weather|SunnyDay|[upkeep]\n|-heal|p2b: Zamazenta|100\/100|[from] Grassy Terrain\n|-heal|p1b: Hakari|90\/100|[from] Grassy Terrain\n|-sideend|p2: RustyChair13|move: Tailwind\n|upkeep\n|turn|6\n|\n|t:|1735615383\n|move|p2b: Zamazenta|Body Press|p1b: Hakari\n|-damage|p1b: Hakari|46\/100\n|move|p1b: Hakari|Heat Crash|p2b: Zamazenta\n|-supereffective|p2b: Zamazenta\n|-damage|p2b: Zamazenta|81\/100\n|move|p1a: Panda|U-turn|p2b: Zamazenta\n|-supereffective|p2b: Zamazenta\n|-damage|p2b: Zamazenta|64\/100\n|\n|t:|1735615390\n|switch|p1a: Maki|Flutter Mane, L50, tera:Fairy|100\/100|[from] U-turn\n|-activate|p1a: Maki|ability: Protosynthesis\n|-start|p1a: Maki|protosynthesisspe\n|\n|-weather|SunnyDay|[upkeep]\n|-heal|p2b: Zamazenta|70\/100|[from] Grassy Terrain\n|-heal|p1b: Hakari|52\/100|[from] Grassy Terrain\n|upkeep\n|turn|7\n|-message|RustyChair13 forfeited.\n|\n|win|ConnerTEP\n|raw|ConnerTEP's rating: 1596 &rarr; <strong>1617<\/strong><br \/>(+21 for winning)\n|raw|RustyChair13's rating: 1620 &rarr; <strong>1599<\/strong><br \/>(-21 for losing)\n|l|\u2606RustyChair13\n|player|p2|\n|l|\u2606ConnerTEP\n|player|p1|\n","uploadtime":1735615661,"views":374,"formatid":"gen9vgc2025regg","rating":1599,"private":0,"password":null}