{"id":"gen9vgc2025regg-2272743173","format":"[Gen 9] VGC 2025 Reg G","players":["TheLoanRanger","RustyChair13"],"log":"|j|\u2606TheLoanRanger\n|j|\u2606RustyChair13\n|t:|1735669882\n|gametype|doubles\n|player|p1|TheLoanRanger|gardenia|1503\n|player|p2|RustyChair13|scientist-gen4|1584\n|teamsize|p1|6\n|teamsize|p2|6\n|gen|9\n|tier|[Gen 9] VGC 2025 Reg G\n|rated|\n|rule|Species Clause: Limit one of each Pok\u00e9mon\n|rule|Item Clause: Limit 1 of each item\n|clearpoke\n|poke|p1|Calyrex-Ice, L50|\n|poke|p1|Landorus-Therian, L50, M|\n|poke|p1|Amoonguss, L50, F|\n|poke|p1|Raging Bolt, L50|\n|poke|p1|Kingambit, L50, M|\n|poke|p1|Flutter Mane, L50|\n|poke|p2|Zamazenta-*, L50|\n|poke|p2|Urshifu-*, L50, M|\n|poke|p2|Tornadus, L50, M|\n|poke|p2|Ditto, L50|\n|poke|p2|Dragapult, L50, F|\n|poke|p2|Amoonguss, L50, M|\n|teampreview|4\nTheLoanRanger has agreed to open team sheets.\nRustyChair13 has agreed to open team sheets.\n|showteam|p1|Calyrex-Ice||ClearAmulet|AsOneGlastrier|GlacialLance,CloseCombat,TrickRoom,Protect||||||50|,,,,,Water]Landorus-Therian||AssaultVest|Intimidate|StompingTantrum,TeraBlast,RockTomb,Uturn|||M|||50|,,,,,Flying]Amoonguss||FocusSash|Regenerator|GrassKnot,PollenPuff,Spore,RagePowder|||F|||50|,,,,,Ghost]Raging Bolt||LifeOrb|Protosynthesis|Thunderbolt,Thunderclap,DracoMeteor,Protect||||||50|,,,,,Electric]Kingambit||SitrusBerry|Defiant|KowtowCleave,SuckerPunch,SwordsDance,Protect|||M|||50|,,,,,Dark]Flutter Mane||BoosterEnergy|Protosynthesis|Moonblast,DazzlingGleam,IcyWind,Protect||||||50|,,,,,Fairy\n|showteam|p2|Zamazenta-Crowned||RustedShield|DauntlessShield|Protect,WideGuard,BodyPress,HeavySlam||||||50|,,,,,Grass]Urshifu-Rapid-Strike||MysticWater|UnseenFist|Detect,SurgingStrikes,CloseCombat,AquaJet|||M|||50|,,,,,Water]Tornadus||CovertCloak|Prankster|Tailwind,BleakwindStorm,RainDance,Taunt|||M|||50|,,,,,Grass]Ditto||FocusSash|Imposter|Transform||||||50|,,,,,Normal]Dragapult||ChoiceBand|ClearBody|DragonDarts,Outrage,PhantomForce,Uturn|||F|||50|,,,,,Dragon]Amoonguss||RockyHelmet|Regenerator|Spore,RagePowder,ClearSmog,PollenPuff|||M|||50|,,,,,Fire\n|\n|t:|1735669945\n|start\n|switch|p1a: Flutter Mane|Flutter Mane, L50|100\/100\n|switch|p1b: Amoonguss|Amoonguss, L50, F|100\/100\n|switch|p2a: Zamazenta|Zamazenta-Crowned, L50, shiny|100\/100\n|switch|p2b: Dragapult|Dragapult, L50, F, shiny|100\/100\n|-ability|p2a: Zamazenta|Dauntless Shield|boost\n|-boost|p2a: Zamazenta|def|1\n|-enditem|p1a: Flutter Mane|Booster Energy\n|-activate|p1a: Flutter Mane|ability: Protosynthesis|[fromitem]\n|-start|p1a: Flutter Mane|protosynthesisspe\n|turn|1\n|inactive|Battle timer is ON: inactive players will automatically lose when time's up. (requested by RustyChair13)\n|\n|t:|1735670000\n|switch|p2b: Amoonguss|Amoonguss, L50, M|100\/100\n|-terastallize|p2a: Zamazenta|Grass\n|move|p1a: Flutter Mane|Moonblast|p2a: Zamazenta\n|-damage|p2a: Zamazenta|68\/100\n|move|p2a: Zamazenta|Heavy Slam|p1a: Flutter Mane\n|-supereffective|p1a: Flutter Mane\n|-damage|p1a: Flutter Mane|0 fnt\n|faint|p1a: Flutter Mane\n|-end|p1a: Flutter Mane|Protosynthesis|[silent]\n|move|p1b: Amoonguss|Pollen Puff|p2a: Zamazenta\n|-supereffective|p2a: Zamazenta\n|-damage|p2a: Zamazenta|40\/100\n|\n|upkeep\n|\n|t:|1735670014\n|switch|p1a: Raging Bolt|Raging Bolt, L50|100\/100\n|turn|2\n|\n|t:|1735670027\n|move|p2a: Zamazenta|Protect|p2a: Zamazenta\n|-singleturn|p2a: Zamazenta|Protect\n|move|p1a: Raging Bolt|Draco Meteor|p2b: Amoonguss\n|-damage|p2b: Amoonguss|23\/100\n|-unboost|p1a: Raging Bolt|spa|2\n|-damage|p1a: Raging Bolt|91\/100|[from] item: Life Orb\n|move|p1b: Amoonguss|Pollen Puff|p2b: Amoonguss\n|-crit|p2b: Amoonguss\n|-damage|p2b: Amoonguss|0 fnt\n|faint|p2b: Amoonguss\n|\n|upkeep\n|j| MillerH33\n|\n|t:|1735670039\n|switch|p2b: Dragapult|Dragapult, L50, F, shiny|100\/100\n|turn|3\n|inactive|TheLoanRanger has 30 seconds left.\n|\n|t:|1735670069\n|-terastallize|p1b: Amoonguss|Ghost\n|move|p1b: Amoonguss|Rage Powder|p1b: Amoonguss\n|-singleturn|p1b: Amoonguss|move: Rage Powder\n|move|p2b: Dragapult|Outrage|p1b: Amoonguss\n|-enditem|p1b: Amoonguss|Focus Sash\n|-damage|p1b: Amoonguss|1\/100\n|move|p2a: Zamazenta|Heavy Slam|p1b: Amoonguss\n|-damage|p1b: Amoonguss|0 fnt\n|faint|p1b: Amoonguss\n|move|p1a: Raging Bolt|Draco Meteor|p2b: Dragapult\n|-supereffective|p2b: Dragapult\n|-damage|p2b: Dragapult|0 fnt\n|-unboost|p1a: Raging Bolt|spa|2\n|faint|p2b: Dragapult\n|-damage|p1a: Raging Bolt|81\/100|[from] item: Life Orb\n|\n|upkeep\n|\n|t:|1735670078\n|switch|p2b: Ditto|Ditto, L50, shiny|100\/100\n|switch|p1b: Calyrex|Calyrex-Ice, L50|100\/100\n|-ability|p1b: Calyrex|As One\n|-ability|p1b: Calyrex|Unnerve\n|-transform|p2b: Ditto|p1a: Raging Bolt|[from] ability: Imposter\n|turn|4\n|\n|t:|1735670092\n|move|p1a: Raging Bolt|Protect|p1a: Raging Bolt\n|-singleturn|p1a: Raging Bolt|Protect\n|move|p1b: Calyrex|Protect|p1b: Calyrex\n|-singleturn|p1b: Calyrex|Protect\n|move|p2a: Zamazenta|Wide Guard|p2a: Zamazenta\n|-singleturn|p2a: Zamazenta|Wide Guard\n|move|p2b: Ditto|Draco Meteor|p1b: Calyrex\n|-activate|p1b: Calyrex|move: Protect\n|\n|upkeep\n|turn|5\n|\n|t:|1735670100\n|move|p2a: Zamazenta|Body Press|p1b: Calyrex\n|-damage|p1b: Calyrex|54\/100\n|move|p1a: Raging Bolt|Draco Meteor|p2a: Zamazenta\n|-damage|p2a: Zamazenta|19\/100\n|-unboost|p1a: Raging Bolt|spa|2\n|-damage|p1a: Raging Bolt|71\/100|[from] item: Life Orb\n|move|p2b: Ditto|Draco Meteor|p1b: Calyrex\n|-damage|p1b: Calyrex|39\/100\n|-unboost|p2b: Ditto|spa|2\n|move|p1b: Calyrex|Glacial Lance|p2b: Ditto|[spread] p2a,p2b\n|-supereffective|p2a: Zamazenta\n|-supereffective|p2b: Ditto\n|-damage|p2a: Zamazenta|0 fnt\n|-enditem|p2b: Ditto|Focus Sash\n|-damage|p2b: Ditto|1\/100\n|faint|p2a: Zamazenta\n|-ability|p1b: Calyrex|Chilling Neigh|boost\n|-boost|p1b: Calyrex|atk|1\n|\n|upkeep\n|turn|6\n|-message|RustyChair13 forfeited.\n|\n|win|TheLoanRanger\n|raw|TheLoanRanger's rating: 1503 &rarr; <strong>1528<\/strong><br \/>(+25 for winning)\n|raw|RustyChair13's rating: 1584 &rarr; <strong>1559<\/strong><br \/>(-25 for losing)\n|l|\u2606RustyChair13\n|player|p2|\n|l|\u2606TheLoanRanger\n|player|p1|\n","uploadtime":1735670266,"views":327,"formatid":"gen9vgc2025regg","rating":1528,"private":0,"password":null}