{"id":"gen9vgc2025regg-2272400628","format":"[Gen 9] VGC 2025 Reg G","players":["futonkagebunshin","Ggttmmhh"],"log":"|j|\u2606futonkagebunshin\n|j|\u2606Ggttmmhh\n|t:|1735612921\n|gametype|doubles\n|player|p1|futonkagebunshin|policeman-gen4|1572\n|player|p2|Ggttmmhh|2|1704\n|teamsize|p1|6\n|teamsize|p2|6\n|gen|9\n|tier|[Gen 9] VGC 2025 Reg G\n|rated|\n|rule|Species Clause: Limit one of each Pok\u00e9mon\n|rule|Item Clause: Limit 1 of each item\n|clearpoke\n|poke|p1|Groudon, L50|\n|poke|p1|Snorlax, L50, M|\n|poke|p1|Entei, L50|\n|poke|p1|Scream Tail, L50|\n|poke|p1|Annihilape, L50, M|\n|poke|p1|Walking Wake, L50|\n|poke|p2|Farigiraf, L50, F|\n|poke|p2|Regieleki, L50|\n|poke|p2|Landorus, L50, M|\n|poke|p2|Ogerpon-Cornerstone, L50, F|\n|poke|p2|Urshifu-*, L50, M|\n|poke|p2|Calyrex-Ice, L50|\n|teampreview|4\n|\n|t:|1735612981\n|start\n|switch|p1a: Groudon|Groudon, L50|100\/100\n|switch|p1b: Walking Wake|Walking Wake, L50|100\/100\n|switch|p2a: Regieleki|Regieleki, L50|100\/100\n|switch|p2b: Landorus|Landorus, L50, M|100\/100\n|-weather|SunnyDay|[from] ability: Drought|[of] p1a: Groudon\n|-activate|p1b: Walking Wake|ability: Protosynthesis\n|-start|p1b: Walking Wake|protosynthesisspa\n|turn|1\n|\n|t:|1735613036\n|move|p1b: Walking Wake|Protect|p1b: Walking Wake\n|-singleturn|p1b: Walking Wake|Protect\n|move|p2a: Regieleki|Volt Switch|p1b: Walking Wake\n|-activate|p1b: Walking Wake|move: Protect\n|move|p2b: Landorus|Sandsear Storm|p1a: Groudon|[spread] p1a\n|-activate|p1b: Walking Wake|move: Protect\n|-damage|p1a: Groudon|63\/100\n|move|p1a: Groudon|Heat Crash|p2b: Landorus\n|-damage|p2b: Landorus|17\/100\n|\n|-weather|SunnyDay|[upkeep]\n|upkeep\n|turn|2\n|\n|t:|1735613072\n|switch|p1a: Scream Tail|Scream Tail, L50|100\/100\n|-activate|p1a: Scream Tail|ability: Protosynthesis\n|-start|p1a: Scream Tail|protosynthesisspe\n|move|p2a: Regieleki|Thunderbolt|p1b: Walking Wake\n|-damage|p1b: Walking Wake|47\/100\n|move|p2b: Landorus|Sandsear Storm|p1a: Scream Tail|[spread] p1a,p1b\n|-damage|p1a: Scream Tail|55\/100\n|-damage|p1b: Walking Wake|0 fnt\n|faint|p1b: Walking Wake\n|-end|p1b: Walking Wake|Protosynthesis|[silent]\n|\n|-weather|SunnyDay|[upkeep]\n|upkeep\n|\n|t:|1735613089\n|switch|p1b: Groudon|Groudon, L50|63\/100\n|turn|3\n|j| flock chain\n|\n|t:|1735613122\n|move|p2b: Landorus|Protect|p2b: Landorus\n|-singleturn|p2b: Landorus|Protect\n|move|p1a: Scream Tail|Dazzling Gleam|p2a: Regieleki|[spread] p2a\n|-activate|p2b: Landorus|move: Protect\n|-damage|p2a: Regieleki|72\/100\n|move|p2a: Regieleki|Electroweb|p1b: Groudon|[spread] p1a\n|-immune|p1b: Groudon\n|-damage|p1a: Scream Tail|36\/100\n|-unboost|p1a: Scream Tail|spe|1\n|move|p1b: Groudon|Precipice Blades|p2a: Regieleki|[spread] p2a\n|-activate|p2b: Landorus|move: Protect\n|-supereffective|p2a: Regieleki\n|-damage|p2a: Regieleki|0 fnt\n|faint|p2a: Regieleki\n|\n|-weather|SunnyDay|[upkeep]\n|upkeep\n|\n|t:|1735613145\n|switch|p2a: Calyrex|Calyrex-Ice, L50|100\/100\n|-ability|p2a: Calyrex|As One\n|-ability|p2a: Calyrex|Unnerve\n|turn|4\n|\n|t:|1735613166\n|-terastallize|p1b: Groudon|Fire\n|-terastallize|p2a: Calyrex|Water\n|move|p1a: Scream Tail|Dazzling Gleam|p2a: Calyrex|[spread] p2a,p2b\n|-damage|p2a: Calyrex|90\/100\n|-damage|p2b: Landorus|0 fnt\n|faint|p2b: Landorus\n|move|p1b: Groudon|Precipice Blades|p2a: Calyrex\n|-damage|p2a: Calyrex|45\/100\n|move|p2a: Calyrex|Glacial Lance|p1a: Scream Tail|[spread] p1a,p1b\n|-resisted|p1b: Groudon\n|-damage|p1a: Scream Tail|0 fnt\n|-damage|p1b: Groudon|46\/100\n|faint|p1a: Scream Tail\n|-end|p1a: Scream Tail|Protosynthesis|[silent]\n|-ability|p2a: Calyrex|Chilling Neigh|boost\n|-boost|p2a: Calyrex|atk|1\n|\n|-weather|SunnyDay|[upkeep]\n|upkeep\n|\n|t:|1735613179\n|switch|p1a: Snorlax|Snorlax, L50, M|100\/100\n|switch|p2b: Ogerpon|Ogerpon-Cornerstone, L50, F|100\/100\n|turn|5\n|\n|t:|1735613201\n|move|p2b: Ogerpon|Ivy Cudgel|p1b: Groudon|[anim] Ivy Cudgel Rock\n|-supereffective|p1b: Groudon\n|-damage|p1b: Groudon|0 fnt\n|faint|p1b: Groudon\n|move|p2a: Calyrex|Glacial Lance|p1a: Snorlax\n|-damage|p1a: Snorlax|53\/100\n|move|p1a: Snorlax|Gunk Shot|p2b: Ogerpon\n|-damage|p2b: Ogerpon|46\/100\n|\n|-weather|none\n|upkeep\n|turn|6\n|\n|t:|1735613214\n|move|p2b: Ogerpon|Ivy Cudgel|p1a: Snorlax|[anim] Ivy Cudgel Rock\n|-damage|p1a: Snorlax|10\/100\n|move|p2a: Calyrex|Glacial Lance|p1a: Snorlax\n|-damage|p1a: Snorlax|0 fnt\n|faint|p1a: Snorlax\n|\n|win|Ggttmmhh\n|raw|futonkagebunshin's rating: 1572 &rarr; <strong>1559<\/strong><br \/>(-13 for losing)\n|raw|Ggttmmhh's rating: 1704 &rarr; <strong>1717<\/strong><br \/>(+13 for winning)\n|l| flock chain\n|l|\u2606Ggttmmhh\n|player|p2|\n","uploadtime":1735613449,"views":29,"formatid":"gen9vgc2025regg","rating":1559,"private":0,"password":null}