{"id":"gen9vgc2025regg-2272893885","format":"[Gen 9] VGC 2025 Reg G","players":["super crist","GG=Groudon Gaming"],"log":"|j|\u203dsuper crist\n|j|\u2606GG=Groudon Gaming\n|t:|1735690696\n|gametype|doubles\n|player|p1|super crist|170|1621\n|player|p2|GG=Groudon Gaming|may-masters2|1708\n|teamsize|p1|6\n|teamsize|p2|6\n|gen|9\n|tier|[Gen 9] VGC 2025 Reg G\n|rated|\n|rule|Species Clause: Limit one of each Pok\u00e9mon\n|rule|Item Clause: Limit 1 of each item\n|clearpoke\n|poke|p1|Calyrex-Ice, L50|\n|poke|p1|Iron Valiant, L50|\n|poke|p1|Urshifu-*, L50, F|\n|poke|p1|Pelipper, L50, F|\n|poke|p1|Landorus, L50, M|\n|poke|p1|Amoonguss, L50, M|\n|poke|p2|Groudon, L50|\n|poke|p2|Entei, L50|\n|poke|p2|Raging Bolt, L50|\n|poke|p2|Rillaboom, L50, M|\n|poke|p2|Flutter Mane, L50|\n|poke|p2|Chien-Pao, L50|\n|teampreview|4\n|inactive|Battle timer is ON: inactive players will automatically lose when time's up. (requested by GG=Groudon Gaming)\n|\n|t:|1735690722\n|start\n|switch|p1a: Landorus|Landorus, L50, M, shiny|100\/100\n|switch|p1b: Urshifu|Urshifu-Rapid-Strike, L50, F|100\/100\n|switch|p2a: Todo|Raging Bolt, L50|100\/100\n|switch|p2b: Maki|Flutter Mane, L50|100\/100\n|turn|1\n|\n|t:|1735690736\n|switch|p1b: Pelipper|Pelipper, L50, F, shiny|100\/100\n|-weather|RainDance|[from] ability: Drizzle|[of] p1b: Pelipper\n|-terastallize|p2a: Todo|Water\n|move|p2a: Todo|Thunderclap||[still]\n|-fail|p2a: Todo\n|move|p1a: Landorus|Sandsear Storm|p2b: Maki|[spread] p2a,p2b\n|-damage|p2a: Todo|60\/100\n|-damage|p2b: Maki|54\/100\n|move|p2b: Maki|Icy Wind|p1b: Pelipper|[spread] p1a,p1b\n|-supereffective|p1a: Landorus\n|-damage|p1a: Landorus|0 fnt\n|-damage|p1b: Pelipper|72\/100\n|-unboost|p1b: Pelipper|spe|1\n|faint|p1a: Landorus\n|\n|-weather|RainDance|[upkeep]\n|upkeep\n|\n|t:|1735690752\n|switch|p1a: Calyrex|Calyrex-Ice, L50|100\/100\n|-ability|p1a: Calyrex|As One\n|-ability|p1a: Calyrex|Unnerve\n|turn|2\n|inactive|super crist has 30 seconds left.\n|\n|t:|1735690781\n|-terastallize|p1a: Calyrex|Grass\n|move|p2b: Maki|Icy Wind|p1b: Pelipper|[spread] p1a,p1b\n|-supereffective|p1a: Calyrex\n|-damage|p1a: Calyrex|75\/100\n|-damage|p1b: Pelipper|42\/100\n|-unboost|p1b: Pelipper|spe|1\n|move|p2a: Todo|Thunderbolt|p1b: Pelipper\n|-supereffective|p1b: Pelipper\n|-crit|p1b: Pelipper\n|-damage|p1b: Pelipper|0 fnt\n|faint|p1b: Pelipper\n|move|p1a: Calyrex|Trick Room|p1a: Calyrex\n|-fieldstart|move: Trick Room|[of] p1a: Calyrex\n|\n|-weather|RainDance|[upkeep]\n|upkeep\n|\n|t:|1735690786\n|switch|p1b: Urshifu|Urshifu-Rapid-Strike, L50, F|100\/100\n|turn|3\n|\n|t:|1735690797\n|move|p2a: Todo|Thunderclap|p1b: Urshifu\n|-supereffective|p1b: Urshifu\n|-enditem|p1b: Urshifu|Focus Sash\n|-damage|p1b: Urshifu|1\/100\n|move|p1a: Calyrex|Glacial Lance|p2a: Todo|[spread] p2a,p2b\n|-resisted|p2a: Todo\n|-damage|p2a: Todo|37\/100\n|-damage|p2b: Maki|0 fnt\n|faint|p2b: Maki\n|-end|p2b: Maki|Protosynthesis|[silent]\n|-ability|p1a: Calyrex|Chilling Neigh|boost\n|-boost|p1a: Calyrex|atk|1\n|move|p1b: Urshifu|Close Combat|p2a: Todo\n|-damage|p2a: Todo|0 fnt\n|-unboost|p1b: Urshifu|def|1\n|-unboost|p1b: Urshifu|spd|1\n|faint|p2a: Todo\n|-end|p2a: Todo|Protosynthesis|[silent]\n|\n|-weather|RainDance|[upkeep]\n|upkeep\n|\n|t:|1735690800\n|switch|p2a: Hakari|Groudon, L50|100\/100\n|switch|p2b: Gojo|Chien-Pao, L50|100\/100\n|-weather|SunnyDay|[from] ability: Drought|[of] p2a: Hakari\n|-ability|p2b: Gojo|Sword of Ruin\n|turn|4\n|inactive|super crist has 30 seconds left.\n|inactive|GG=Groudon Gaming has 30 seconds left.\n|inactive|GG=Groudon Gaming has 20 seconds left.\n|inactive|GG=Groudon Gaming has 15 seconds left.\n|inactive|GG=Groudon Gaming has 10 seconds left.\n|inactive|super crist has 20 seconds left.\n|\n|t:|1735690855\n|move|p2a: Hakari|Protect|p2a: Hakari\n|-singleturn|p2a: Hakari|Protect\n|move|p2b: Gojo|Sucker Punch|p1b: Urshifu\n|-resisted|p1b: Urshifu\n|-crit|p1b: Urshifu\n|-damage|p1b: Urshifu|0 fnt\n|faint|p1b: Urshifu\n|move|p1a: Calyrex|Glacial Lance|p2a: Hakari|[spread] p2b\n|-activate|p2a: Hakari|move: Protect\n|-resisted|p2b: Gojo\n|-damage|p2b: Gojo|36\/100\n|\n|-weather|SunnyDay|[upkeep]\n|upkeep\n|turn|5\n|\n|t:|1735690877\n|move|p2b: Gojo|Protect|p2b: Gojo\n|-singleturn|p2b: Gojo|Protect\n|move|p1a: Calyrex|Glacial Lance|p2a: Hakari|[spread] p2a\n|-activate|p2b: Gojo|move: Protect\n|-supereffective|p2a: Hakari\n|-damage|p2a: Hakari|0 fnt\n|faint|p2a: Hakari\n|-ability|p1a: Calyrex|Chilling Neigh|boost\n|-boost|p1a: Calyrex|atk|1\n|\n|-weather|SunnyDay|[upkeep]\n|upkeep\n|turn|6\n|\n|t:|1735690882\n|move|p2b: Gojo|Protect||[still]\n|-fail|p2b: Gojo\n|move|p1a: Calyrex|Glacial Lance|p2b: Gojo\n|-resisted|p2b: Gojo\n|-damage|p2b: Gojo|0 fnt\n|faint|p2b: Gojo\n|\n|win|super crist\n|raw|super crist's rating: 1621 &rarr; <strong>1646<\/strong><br \/>(+25 for winning)\n|raw|GG=Groudon Gaming's rating: 1708 &rarr; <strong>1683<\/strong><br \/>(-25 for losing)\n|l|\u203dsuper crist\n|player|p1|\n|l|\u2606GG=Groudon Gaming\n|player|p2|\n","uploadtime":1735691064,"views":620,"formatid":"gen9vgc2025regg","rating":1646,"private":0,"password":null}