{"id":"gen9vgc2025regg-2272956145","format":"[Gen 9] VGC 2025 Reg G","players":["hella_faerie37","elektriktoad"],"log":"|j|\u2606hella_faerie37\n|j|\u2606elektriktoad\n|t:|1735699973\n|gametype|doubles\n|player|p1|hella_faerie37|iris-gen5bw2|1510\n|player|p2|elektriktoad|janine|1568\n|teamsize|p1|6\n|teamsize|p2|6\n|gen|9\n|tier|[Gen 9] VGC 2025 Reg G\n|rated|\n|rule|Species Clause: Limit one of each Pok\u00e9mon\n|rule|Item Clause: Limit 1 of each item\n|clearpoke\n|poke|p1|Calyrex-Ice, L50|\n|poke|p1|Iron Crown, L50|\n|poke|p1|Ursaluna, L50, F|\n|poke|p1|Urshifu-*, L50, F|\n|poke|p1|Tornadus, L50, M|\n|poke|p1|Chi-Yu, L50|\n|poke|p2|Calyrex-Ice, L50|\n|poke|p2|Trapinch, L50, M|\n|poke|p2|Annihilape, L50, F|\n|poke|p2|Pelipper, L50, F|\n|poke|p2|Jigglypuff, L50, M|\n|poke|p2|Urshifu-*, L50, F|\n|teampreview|4\n|j| takuya3000\n|\n|t:|1735699999\n|start\n|switch|p1a: Calyrex|Calyrex-Ice, L50|100\/100\n|switch|p1b: Tornadus|Tornadus, L50, M|100\/100\n|switch|p2a: Annihilape|Annihilape, L50, F|100\/100\n|switch|p2b: Calyrex|Calyrex-Ice, L50|100\/100\n|-ability|p1a: Calyrex|As One\n|-ability|p1a: Calyrex|Unnerve\n|-ability|p2b: Calyrex|As One\n|-ability|p2b: Calyrex|Unnerve\n|turn|1\n|\n|t:|1735700027\n|move|p1a: Calyrex|Protect|p1a: Calyrex\n|-singleturn|p1a: Calyrex|Protect\n|move|p1b: Tornadus|Taunt|p2b: Calyrex\n|-start|p2b: Calyrex|move: Taunt\n|move|p2a: Annihilape|Coaching|p2b: Calyrex\n|-boost|p2b: Calyrex|atk|1\n|-boost|p2b: Calyrex|def|1\n|move|p2b: Calyrex|Glacial Lance|p1a: Calyrex|[spread] p1b\n|-activate|p1a: Calyrex|move: Protect\n|-supereffective|p1b: Tornadus\n|-damage|p1b: Tornadus|0 fnt\n|faint|p1b: Tornadus\n|-ability|p2b: Calyrex|Chilling Neigh|boost\n|-boost|p2b: Calyrex|atk|1\n|\n|upkeep\n|\n|t:|1735700041\n|switch|p1b: Urshifu|Urshifu, L50, F|100\/100\n|turn|2\n|\n|t:|1735700052\n|-terastallize|p1b: Urshifu|Dark\n|-terastallize|p2b: Calyrex|Grass\n|move|p2a: Annihilape|Coaching|p2b: Calyrex\n|-boost|p2b: Calyrex|atk|1\n|-boost|p2b: Calyrex|def|1\n|move|p1b: Urshifu|Wicked Blow|p2b: Calyrex\n|-crit|p2b: Calyrex\n|-damage|p2b: Calyrex|50\/100\n|move|p1a: Calyrex|Glacial Lance|p2a: Annihilape|[spread] p2a,p2b\n|-supereffective|p2b: Calyrex\n|-damage|p2a: Annihilape|50\/100\n|-damage|p2b: Calyrex|15\/100\n|move|p2b: Calyrex|Glacial Lance|p1a: Calyrex|[spread] p1a,p1b\n|-resisted|p1a: Calyrex\n|-damage|p1a: Calyrex|43\/100\n|-enditem|p1b: Urshifu|Focus Sash\n|-damage|p1b: Urshifu|1\/100\n|\n|upkeep\n|turn|3\n|\n|t:|1735700083\n|switch|p2a: Pelipper|Pelipper, L50, F|100\/100\n|-weather|RainDance|[from] ability: Drizzle|[of] p2a: Pelipper\n|move|p1b: Urshifu|Sucker Punch|p2b: Calyrex\n|-damage|p2b: Calyrex|0 fnt\n|faint|p2b: Calyrex\n|move|p1a: Calyrex|Glacial Lance|p2a: Pelipper\n|-damage|p2a: Pelipper|27\/100\n|\n|-weather|RainDance|[upkeep]\n|upkeep\n|\n|t:|1735700123\n|switch|p2b: Annihilape|Annihilape, L50, F|50\/100\n|turn|4\n|\n|t:|1735700133\n|move|p2a: Pelipper|Wide Guard|p2a: Pelipper\n|-singleturn|p2a: Pelipper|Wide Guard\n|move|p2b: Annihilape|Close Combat|p1b: Urshifu\n|-supereffective|p1b: Urshifu\n|-damage|p1b: Urshifu|0 fnt\n|-unboost|p2b: Annihilape|def|1\n|-unboost|p2b: Annihilape|spd|1\n|faint|p1b: Urshifu\n|move|p1a: Calyrex|Glacial Lance|p2b: Annihilape|[spread] \n|-activate|p2a: Pelipper|move: Wide Guard\n|-activate|p2b: Annihilape|move: Wide Guard\n|\n|-weather|RainDance|[upkeep]\n|upkeep\n|\n|t:|1735700144\n|switch|p1b: Iron Crown|Iron Crown, L50|100\/100\n|-enditem|p1b: Iron Crown|Booster Energy\n|-activate|p1b: Iron Crown|ability: Quark Drive|[fromitem]\n|-start|p1b: Iron Crown|quarkdrivespe\n|turn|5\n|\n|t:|1735700155\n|move|p1b: Iron Crown|Psychic|p2b: Annihilape\n|-supereffective|p2b: Annihilape\n|-damage|p2b: Annihilape|0 fnt\n|faint|p2b: Annihilape\n|move|p1a: Calyrex|Glacial Lance|p2a: Pelipper\n|-damage|p2a: Pelipper|0 fnt\n|faint|p2a: Pelipper\n|-ability|p1a: Calyrex|Chilling Neigh|boost\n|-boost|p1a: Calyrex|atk|1\n|\n|-weather|RainDance|[upkeep]\n|upkeep\n|\n|t:|1735700159\n|switch|p2a: Urshifu|Urshifu, L50, F|100\/100\n|turn|6\n|\n|t:|1735700185\n|move|p2a: Urshifu|Sucker Punch|p1a: Calyrex\n|-supereffective|p1a: Calyrex\n|-damage|p1a: Calyrex|0 fnt\n|faint|p1a: Calyrex\n|move|p1b: Iron Crown|Calm Mind|p1b: Iron Crown\n|-boost|p1b: Iron Crown|spa|1\n|-boost|p1b: Iron Crown|spd|1\n|\n|-weather|RainDance|[upkeep]\n|upkeep\n|turn|7\n|\n|t:|1735700199\n|move|p2a: Urshifu|Sucker Punch||[still]\n|-fail|p2a: Urshifu\n|move|p1b: Iron Crown|Calm Mind|p1b: Iron Crown\n|-boost|p1b: Iron Crown|spa|1\n|-boost|p1b: Iron Crown|spd|1\n|\n|-weather|none\n|upkeep\n|turn|8\n|\n|t:|1735700209\n|move|p1b: Iron Crown|Protect|p1b: Iron Crown\n|-singleturn|p1b: Iron Crown|Protect\n|move|p2a: Urshifu|Sucker Punch||[still]\n|-fail|p2a: Urshifu\n|\n|upkeep\n|turn|9\n|\n|t:|1735700218\n|move|p2a: Urshifu|Sucker Punch|p1b: Iron Crown\n|-supereffective|p1b: Iron Crown\n|-damage|p1b: Iron Crown|22\/100\n|move|p1b: Iron Crown|Tachyon Cutter|p2a: Urshifu\n|-damage|p2a: Urshifu|35\/100\n|-damage|p2a: Urshifu|0 fnt\n|faint|p2a: Urshifu\n|-hitcount|p2: Urshifu|2\n|\n|win|hella_faerie37\n|raw|hella_faerie37's rating: 1510 &rarr; <strong>1533<\/strong><br \/>(+23 for winning)\n|raw|elektriktoad's rating: 1568 &rarr; <strong>1545<\/strong><br \/>(-23 for losing)\n|c|\u2606elektriktoad|Ggwp\n|c|\u2606hella_faerie37|u2!\n|l|\u2606elektriktoad\n|player|p2|\n|l|\u2606hella_faerie37\n|player|p1|\n|l| takuya3000\n","uploadtime":1735700235,"views":18,"formatid":"gen9vgc2025regg","rating":1533,"private":0,"password":null}