{"id":"gen9vgc2025regg-2272870607","format":"[Gen 9] VGC 2025 Reg G","players":["elvegis1","GG=Groudon Gaming"],"log":"|j|\u2606elvegis1\n|j|\u2606GG=Groudon Gaming\n|t:|1735687216\n|gametype|doubles\n|player|p1|elvegis1|lucas|1543\n|player|p2|GG=Groudon Gaming|may-masters2|1688\n|teamsize|p1|6\n|teamsize|p2|6\n|gen|9\n|tier|[Gen 9] VGC 2025 Reg G\n|rated|\n|rule|Species Clause: Limit one of each Pok\u00e9mon\n|rule|Item Clause: Limit 1 of each item\n|clearpoke\n|poke|p1|Kyogre, L50|\n|poke|p1|Incineroar, L50, F|\n|poke|p1|Urshifu-*, L50, F|\n|poke|p1|Amoonguss, L50, F|\n|poke|p1|Raging Bolt, L50|\n|poke|p1|Grimmsnarl, L50, M|\n|poke|p2|Groudon, L50|\n|poke|p2|Entei, L50|\n|poke|p2|Raging Bolt, L50|\n|poke|p2|Rillaboom, L50, M|\n|poke|p2|Flutter Mane, L50|\n|poke|p2|Chien-Pao, L50|\n|teampreview|4\n|inactive|Battle timer is ON: inactive players will automatically lose when time's up. (requested by GG=Groudon Gaming)\n|inactive|elvegis1 has 60 seconds left.\n|\n|t:|1735687257\n|start\n|switch|p1a: Grimmsnarl|Grimmsnarl, L50, M|100\/100\n|switch|p1b: Incineroar|Incineroar, L50, F|100\/100\n|switch|p2a: Todo|Raging Bolt, L50|100\/100\n|switch|p2b: Maki|Flutter Mane, L50|100\/100\n|-ability|p1b: Incineroar|Intimidate|boost\n|-unboost|p2a: Todo|atk|1\n|-unboost|p2b: Maki|atk|1\n|turn|1\n|\n|t:|1735687275\n|-terastallize|p2b: Maki|Fairy\n|move|p1a: Grimmsnarl|Light Screen|p1a: Grimmsnarl\n|-sidestart|p1: elvegis1|move: Light Screen\n|move|p2b: Maki|Moonblast|p1a: Grimmsnarl\n|-supereffective|p1a: Grimmsnarl\n|-damage|p1a: Grimmsnarl|0 fnt\n|faint|p1a: Grimmsnarl\n|move|p2a: Todo|Thunderbolt|p1b: Incineroar\n|-damage|p1b: Incineroar|72\/100\n|move|p1b: Incineroar|Knock Off|p2a: Todo\n|-damage|p2a: Todo|69\/100\n|-enditem|p2a: Todo|Safety Goggles|[from] move: Knock Off|[of] p1b: Incineroar\n|\n|upkeep\n|j| Solringturn1\n|l| Solringturn1\n|\n|t:|1735687292\n|switch|p1a: Amoonguss|Amoonguss, L50, F|100\/100\n|turn|2\n|\n|t:|1735687301\n|move|p2b: Maki|Moonblast|p1b: Incineroar\n|-damage|p1b: Incineroar|20\/100\n|move|p2a: Todo|Thunderbolt|p1b: Incineroar\n|-damage|p1b: Incineroar|0 fnt\n|faint|p1b: Incineroar\n|move|p1a: Amoonguss|Spore|p2b: Maki\n|-status|p2b: Maki|slp|[from] move: Spore\n|\n|upkeep\n|\n|t:|1735687306\n|switch|p1b: Kyogre|Kyogre, L50|100\/100\n|-weather|RainDance|[from] ability: Drizzle|[of] p1b: Kyogre\n|turn|3\n|\n|t:|1735687318\n|move|p2a: Todo|Protect|p2a: Todo\n|-singleturn|p2a: Todo|Protect\n|cant|p2b: Maki|slp\n|move|p1b: Kyogre|Water Spout|p2b: Maki|[spread] p2b\n|-activate|p2a: Todo|move: Protect\n|-damage|p2b: Maki|4\/100 slp\n|move|p1a: Amoonguss|Spore|p2a: Todo\n|-activate|p2a: Todo|move: Protect\n|\n|-weather|RainDance|[upkeep]\n|upkeep\n|turn|4\n|\n|t:|1735687337\n|move|p2a: Todo|Thunderclap|p1b: Kyogre\n|-supereffective|p1b: Kyogre\n|-damage|p1b: Kyogre|78\/100\n|cant|p2b: Maki|slp\n|move|p1b: Kyogre|Water Spout|p2a: Todo|[spread] p2a,p2b\n|-resisted|p2a: Todo\n|-crit|p2a: Todo\n|-damage|p2a: Todo|26\/100\n|-damage|p2b: Maki|0 fnt\n|faint|p2b: Maki\n|-end|p2b: Maki|Protosynthesis|[silent]\n|move|p1a: Amoonguss|Spore|p2a: Todo\n|-status|p2a: Todo|slp|[from] move: Spore\n|\n|-weather|RainDance|[upkeep]\n|upkeep\n|\n|t:|1735687344\n|switch|p2b: Hakari|Groudon, L50|100\/100\n|-weather|SunnyDay|[from] ability: Drought|[of] p2b: Hakari\n|-activate|p2a: Todo|ability: Protosynthesis\n|-start|p2a: Todo|protosynthesisspa\n|turn|5\n|\n|t:|1735687364\n|-terastallize|p1a: Amoonguss|Water\n|move|p2b: Hakari|Protect|p2b: Hakari\n|-singleturn|p2b: Hakari|Protect\n|move|p1b: Kyogre|Ice Beam|p2b: Hakari\n|-activate|p2b: Hakari|move: Protect\n|cant|p2a: Todo|slp\n|move|p1a: Amoonguss|Spore|p2b: Hakari\n|-activate|p2b: Hakari|move: Protect\n|\n|-weather|SunnyDay|[upkeep]\n|upkeep\n|turn|6\n|j| Solringturn1\n|\n|t:|1735687380\n|move|p1b: Kyogre|Ice Beam|p2a: Todo\n|-supereffective|p2a: Todo\n|-damage|p2a: Todo|0 fnt\n|faint|p2a: Todo\n|-end|p2a: Todo|Protosynthesis|[silent]\n|move|p2b: Hakari|Precipice Blades|p1b: Kyogre|[spread] p1b\n|-miss|p2b: Hakari|p1a: Amoonguss\n|-damage|p1b: Kyogre|34\/100\n|move|p1a: Amoonguss|Spore|p2b: Hakari\n|-status|p2b: Hakari|slp|[from] move: Spore\n|\n|-weather|SunnyDay|[upkeep]\n|upkeep\n|\n|t:|1735687382\n|switch|p2a: Panda|Rillaboom, L50, M|100\/100\n|-fieldstart|move: Grassy Terrain|[from] ability: Grassy Surge|[of] p2a: Panda\n|turn|7\n|\n|t:|1735687399\n|move|p2a: Panda|Grassy Glide|p1b: Kyogre\n|-supereffective|p1b: Kyogre\n|-damage|p1b: Kyogre|0 fnt\n|faint|p1b: Kyogre\n|cant|p2b: Hakari|slp\n|move|p1a: Amoonguss|Pollen Puff|p1: Kyogre|[notarget]\n|-fail|p1a: Amoonguss\n|\n|-weather|SunnyDay|[upkeep]\n|upkeep\n|turn|8\n|-message|elvegis1 forfeited.\n|\n|win|GG=Groudon Gaming\n|raw|elvegis1's rating: 1543 &rarr; <strong>1531<\/strong><br \/>(-12 for losing)\n|raw|GG=Groudon Gaming's rating: 1688 &rarr; <strong>1700<\/strong><br \/>(+12 for winning)\n|l|\u2606elvegis1\n|player|p1|\n|l| Solringturn1\n","uploadtime":1735687580,"views":12,"formatid":"gen9vgc2025regg","rating":1531,"private":0,"password":null}