{"id":"gen9vgc2025regg-2272426488","format":"[Gen 9] VGC 2025 Reg G","players":["Djjwjwwjj","ConnerTEP"],"log":"|j|\u2606Djjwjwwjj\n|j|\u2606ConnerTEP\n|t:|1735616605\n|gametype|doubles\n|player|p1|Djjwjwwjj|red|1625\n|player|p2|ConnerTEP|may-masters2|1705\n|teamsize|p1|6\n|teamsize|p2|6\n|gen|9\n|tier|[Gen 9] VGC 2025 Reg G\n|rated|\n|rule|Species Clause: Limit one of each Pok\u00e9mon\n|rule|Item Clause: Limit 1 of each item\n|clearpoke\n|poke|p1|Incineroar, L50, F|\n|poke|p1|Sinistcha, L50|\n|poke|p1|Grimmsnarl, L50, M|\n|poke|p1|Miraidon, L50|\n|poke|p1|Landorus, L50, M|\n|poke|p1|Urshifu-*, L50, M|\n|poke|p2|Groudon, L50|\n|poke|p2|Entei, L50|\n|poke|p2|Raging Bolt, L50|\n|poke|p2|Rillaboom, L50, F|\n|poke|p2|Flutter Mane, L50|\n|poke|p2|Chien-Pao, L50|\n|teampreview|4\n|inactive|Battle timer is ON: inactive players will automatically lose when time's up. (requested by ConnerTEP)\n|inactive|Djjwjwwjj also wants the timer to be on.\n|inactive|ConnerTEP has 60 seconds left.\n|inactive|Djjwjwwjj has 60 seconds left.\n|j| maya hoppins\n|\n|t:|1735616661\n|start\n|switch|p1a: Incineroar|Incineroar, L50, F|100\/100\n|switch|p1b: Grimmsnarl|Grimmsnarl, L50, M|100\/100\n|switch|p2a: Hakari|Groudon, L50|100\/100\n|switch|p2b: Maki|Flutter Mane, L50|100\/100\n|-weather|SunnyDay|[from] ability: Drought|[of] p2a: Hakari\n|-activate|p2b: Maki|ability: Protosynthesis\n|-start|p2b: Maki|protosynthesisspe\n|-ability|p1a: Incineroar|Intimidate|boost\n|-fail|p2a: Hakari|unboost|[from] item: Clear Amulet|[of] p2a: Hakari\n|-unboost|p2b: Maki|atk|1\n|turn|1\n|\n|t:|1735616672\n|-terastallize|p2b: Maki|Fairy\n|move|p2a: Hakari|Helping Hand|p2b: Maki\n|-singleturn|p2b: Maki|Helping Hand|[of] p2a: Hakari\n|move|p1a: Incineroar|Fake Out|p2a: Hakari\n|-damage|p2a: Hakari|91\/100\n|move|p1b: Grimmsnarl|Light Screen|p1b: Grimmsnarl\n|-sidestart|p1: Djjwjwwjj|move: Light Screen\n|move|p2b: Maki|Dazzling Gleam|p1b: Grimmsnarl|[spread] p1a,p1b\n|-supereffective|p1b: Grimmsnarl\n|-damage|p1a: Incineroar|65\/100\n|-damage|p1b: Grimmsnarl|0 fnt\n|faint|p1b: Grimmsnarl\n|\n|-weather|SunnyDay|[upkeep]\n|upkeep\n|\n|t:|1735616684\n|switch|p1b: Miraidon|Miraidon, L50|100\/100\n|-fieldstart|move: Electric Terrain|[from] ability: Hadron Engine|[of] p1b: Miraidon\n|turn|2\n|\n|t:|1735616700\n|move|p1b: Miraidon|Protect|p1b: Miraidon\n|-singleturn|p1b: Miraidon|Protect\n|move|p2b: Maki|Dazzling Gleam|p1b: Miraidon|[spread] p1a\n|-activate|p1b: Miraidon|move: Protect\n|-damage|p1a: Incineroar|42\/100\n|move|p2a: Hakari|Precipice Blades|p1b: Miraidon|[spread] \n|-activate|p1b: Miraidon|move: Protect\n|-miss|p2a: Hakari|p1a: Incineroar\n|move|p1a: Incineroar|Flare Blitz|p2b: Maki\n|-damage|p2b: Maki|0 fnt\n|faint|p2b: Maki\n|-end|p2b: Maki|Protosynthesis|[silent]\n|-damage|p1a: Incineroar|18\/100|[from] Recoil\n|\n|-weather|SunnyDay|[upkeep]\n|upkeep\n|\n|t:|1735616708\n|switch|p2b: Panda|Rillaboom, L50, F|100\/100\n|-fieldstart|move: Grassy Terrain|[from] ability: Grassy Surge|[of] p2b: Panda\n|turn|3\n|\n|t:|1735616721\n|switch|p1b: Landorus|Landorus, L50, M|100\/100\n|move|p2a: Hakari|Precipice Blades|p1a: Incineroar|[spread] \n|-immune|p1b: Landorus\n|-miss|p2a: Hakari|p1a: Incineroar\n|move|p2b: Panda|Wood Hammer|p1b: Landorus\n|-damage|p1b: Landorus|0 fnt\n|faint|p1b: Landorus\n|-damage|p2b: Panda|74\/100|[from] Recoil\n|move|p1a: Incineroar|Flare Blitz|p2b: Panda\n|-supereffective|p2b: Panda\n|-damage|p2b: Panda|0 fnt\n|faint|p2b: Panda\n|-damage|p1a: Incineroar|0 fnt|[from] Recoil\n|faint|p1a: Incineroar\n|\n|-weather|SunnyDay|[upkeep]\n|-heal|p2a: Hakari|97\/100|[from] Grassy Terrain\n|upkeep\n|\n|t:|1735616737\n|switch|p1b: Miraidon|Miraidon, L50|100\/100\n|switch|p2b: Gojo|Chien-Pao, L50|100\/100\n|-ability|p2b: Gojo|Sword of Ruin\n|-fieldstart|move: Electric Terrain|[from] ability: Hadron Engine|[of] p1b: Miraidon\n|turn|4\n|\n|t:|1735616745\n|-terastallize|p1b: Miraidon|Fairy\n|move|p2b: Gojo|Icicle Crash|p1b: Miraidon|[miss]\n|-miss|p2b: Gojo|p1b: Miraidon\n|move|p1b: Miraidon|Calm Mind|p1b: Miraidon\n|-boost|p1b: Miraidon|spa|1\n|-boost|p1b: Miraidon|spd|1\n|move|p2a: Hakari|Precipice Blades|p1b: Miraidon\n|-damage|p1b: Miraidon|21\/100\n|\n|-weather|SunnyDay|[upkeep]\n|upkeep\n|turn|5\n|\n|t:|1735616761\n|move|p2a: Hakari|Helping Hand|p2b: Gojo\n|-singleturn|p2b: Gojo|Helping Hand|[of] p2a: Hakari\n|move|p2b: Gojo|Throat Chop|p1b: Miraidon\n|-resisted|p1b: Miraidon\n|-damage|p1b: Miraidon|0 fnt\n|faint|p1b: Miraidon\n|\n|win|ConnerTEP\n|raw|Djjwjwwjj's rating: 1625 &rarr; <strong>1610<\/strong><br \/>(-15 for losing)\n|raw|ConnerTEP's rating: 1705 &rarr; <strong>1720<\/strong><br \/>(+15 for winning)\n|l|\u2606Djjwjwwjj\n|player|p1|\n|l| mayahoppins\n","uploadtime":1735616905,"views":92,"formatid":"gen9vgc2025regg","rating":1610,"private":0,"password":null}