{"id":"gen9vgc2025regg-2272864589","format":"[Gen 9] VGC 2025 Reg G","players":["FunkyPengu1n","GG=Groudon Gaming"],"log":"|j|\u2606FunkyPengu1n\n|j|\u2606GG=Groudon Gaming\n|t:|1735686318\n|gametype|doubles\n|player|p1|FunkyPengu1n|170|1586\n|player|p2|GG=Groudon Gaming|may-masters2|1664\n|teamsize|p1|6\n|teamsize|p2|6\n|gen|9\n|tier|[Gen 9] VGC 2025 Reg G\n|rated|\n|rule|Species Clause: Limit one of each Pok\u00e9mon\n|rule|Item Clause: Limit 1 of each item\n|clearpoke\n|poke|p1|Calyrex-Shadow, L50|\n|poke|p1|Incineroar, L50, M|\n|poke|p1|Rillaboom, L50, F|\n|poke|p1|Amoonguss, L50, M|\n|poke|p1|Urshifu-*, L50, F|\n|poke|p1|Tornadus, L50, M|\n|poke|p2|Groudon, L50|\n|poke|p2|Entei, L50|\n|poke|p2|Raging Bolt, L50|\n|poke|p2|Rillaboom, L50, M|\n|poke|p2|Flutter Mane, L50|\n|poke|p2|Chien-Pao, L50|\n|teampreview|4\n|inactive|Battle timer is ON: inactive players will automatically lose when time's up. (requested by GG=Groudon Gaming)\n|inactive|FunkyPengu1n has 60 seconds left.\n|inactive|GG=Groudon Gaming has 60 seconds left.\n|\n|t:|1735686365\n|start\n|switch|p1a: Tornadus|Tornadus, L50, M|100\/100\n|switch|p1b: Rillaboom|Rillaboom, L50, F|100\/100\n|switch|p2a: Hakari|Groudon, L50|100\/100\n|switch|p2b: Maki|Flutter Mane, L50|100\/100\n|-fieldstart|move: Grassy Terrain|[from] ability: Grassy Surge|[of] p1b: Rillaboom\n|-weather|SunnyDay|[from] ability: Drought|[of] p2a: Hakari\n|-activate|p2b: Maki|ability: Protosynthesis\n|-start|p2b: Maki|protosynthesisspe\n|turn|1\n|inactive|FunkyPengu1n has 30 seconds left.\n|\n|t:|1735686392\n|-end|p2b: Maki|Protosynthesis|[silent]\n|switch|p2b: Todo|Raging Bolt, L50|100\/100\n|-activate|p2b: Todo|ability: Protosynthesis\n|-start|p2b: Todo|protosynthesisspa\n|-terastallize|p2a: Hakari|Fire\n|move|p1b: Rillaboom|Protect|p1b: Rillaboom\n|-singleturn|p1b: Rillaboom|Protect\n|move|p1a: Tornadus|Rain Dance|p1a: Tornadus\n|-weather|RainDance\n|-end|p2b: Todo|Protosynthesis\n|move|p2a: Hakari|Heat Crash|p1b: Rillaboom\n|-activate|p1b: Rillaboom|move: Protect\n|\n|-weather|RainDance|[upkeep]\n|upkeep\n|turn|2\n|\n|t:|1735686419\n|move|p1a: Tornadus|Tailwind|p1a: Tornadus\n|-sidestart|p1: FunkyPengu1n|move: Tailwind\n|move|p1b: Rillaboom|U-turn|p2a: Hakari\n|-resisted|p2a: Hakari\n|-damage|p2a: Hakari|91\/100\n|\n|t:|1735686424\n|switch|p1b: Urshifu|Urshifu-Rapid-Strike, L50, F|100\/100|[from] U-turn\n|move|p2a: Hakari|Heat Crash|p1b: Urshifu\n|-resisted|p1b: Urshifu\n|-damage|p1b: Urshifu|84\/100\n|move|p2b: Todo|Thunderbolt|p1a: Tornadus\n|-supereffective|p1a: Tornadus\n|-damage|p1a: Tornadus|0 fnt\n|faint|p1a: Tornadus\n|\n|-weather|RainDance|[upkeep]\n|-heal|p1b: Urshifu|90\/100|[from] Grassy Terrain\n|-heal|p2a: Hakari|97\/100|[from] Grassy Terrain\n|upkeep\n|\n|t:|1735686435\n|switch|p1a: Calyrex|Calyrex-Shadow, L50|100\/100\n|-ability|p1a: Calyrex|As One\n|-ability|p1a: Calyrex|Unnerve\n|turn|3\n|\n|t:|1735686450\n|switch|p1b: Rillaboom|Rillaboom, L50, F|100\/100\n|move|p2b: Todo|Thunderclap||[still]\n|-fail|p2b: Todo\n|move|p1a: Calyrex|Astral Barrage|p2b: Todo|[spread] p2a,p2b\n|-damage|p2a: Hakari|56\/100\n|-damage|p2b: Todo|63\/100\n|move|p2a: Hakari|Precipice Blades|p1a: Calyrex|[spread] p1a\n|-miss|p2a: Hakari|p1b: Rillaboom\n|-damage|p1a: Calyrex|45\/100\n|\n|-weather|RainDance|[upkeep]\n|-heal|p1a: Calyrex|51\/100|[from] Grassy Terrain\n|-heal|p2a: Hakari|62\/100|[from] Grassy Terrain\n|-heal|p2b: Todo|69\/100|[from] Grassy Terrain\n|upkeep\n|turn|4\n|inactive|FunkyPengu1n has 30 seconds left.\n|\n|t:|1735686476\n|move|p1a: Calyrex|Astral Barrage|p2a: Hakari|[spread] p2a,p2b\n|-damage|p2a: Hakari|23\/100\n|-damage|p2b: Todo|27\/100\n|move|p1b: Rillaboom|Wood Hammer|p2b: Todo\n|-resisted|p2b: Todo\n|-damage|p2b: Todo|0 fnt\n|faint|p2b: Todo\n|-end|p2b: Todo|Protosynthesis|[silent]\n|-damage|p1b: Rillaboom|89\/100|[from] Recoil\n|move|p2a: Hakari|Precipice Blades|p1a: Calyrex|[spread] p1a,p1b\n|-resisted|p1b: Rillaboom\n|-damage|p1a: Calyrex|0 fnt\n|-damage|p1b: Rillaboom|59\/100\n|faint|p1a: Calyrex\n|\n|-weather|RainDance|[upkeep]\n|-heal|p1b: Rillaboom|65\/100|[from] Grassy Terrain\n|-heal|p2a: Hakari|29\/100|[from] Grassy Terrain\n|upkeep\n|inactive|GG=Groudon Gaming has 30 seconds left.\n|j| volcaronavgc\n|\n|t:|1735686508\n|switch|p1a: Urshifu|Urshifu-Rapid-Strike, L50, F|90\/100\n|switch|p2b: Gojo|Chien-Pao, L50|100\/100\n|-ability|p2b: Gojo|Sword of Ruin\n|turn|5\n|\n|t:|1735686518\n|switch|p2a: Maki|Flutter Mane, L50|100\/100\n|move|p1a: Urshifu|Surging Strikes|p2b: Gojo\n|-crit|p2b: Gojo\n|-damage|p2b: Gojo|50\/100\n|-crit|p2b: Gojo\n|-damage|p2b: Gojo|0 fnt\n|faint|p2b: Gojo\n|-hitcount|p2: Gojo|2\n|move|p1b: Rillaboom|Wood Hammer|p2a: Maki\n|-damage|p2a: Maki|0 fnt\n|faint|p2a: Maki\n|-end|p2a: Maki|Protosynthesis|[silent]\n|-damage|p1b: Rillaboom|39\/100|[from] Recoil\n|\n|-weather|none\n|-heal|p1a: Urshifu|96\/100|[from] Grassy Terrain\n|-heal|p1b: Rillaboom|45\/100|[from] Grassy Terrain\n|-sideend|p1: FunkyPengu1n|move: Tailwind\n|-fieldend|move: Grassy Terrain\n|upkeep\n|\n|t:|1735686524\n|switch|p2b: Hakari|Groudon, L50, tera:Fire|29\/100\n|-weather|SunnyDay|[from] ability: Drought|[of] p2b: Hakari\n|turn|6\n|\n|t:|1735686539\n|-terastallize|p1a: Urshifu|Water\n|move|p1a: Urshifu|Surging Strikes|p2b: Hakari\n|-supereffective|p2b: Hakari\n|-crit|p2b: Hakari\n|-damage|p2b: Hakari|5\/100\n|-supereffective|p2b: Hakari\n|-crit|p2b: Hakari\n|-damage|p2b: Hakari|0 fnt\n|faint|p2b: Hakari\n|-hitcount|p2: Hakari|2\n|\n|win|FunkyPengu1n\n|raw|FunkyPengu1n's rating: 1586 &rarr; <strong>1610<\/strong><br \/>(+24 for winning)\n|raw|GG=Groudon Gaming's rating: 1664 &rarr; <strong>1640<\/strong><br \/>(-24 for losing)\n|l|\u2606GG=Groudon Gaming\n|player|p2|\n|l|\u2606FunkyPengu1n\n|player|p1|\n","uploadtime":1735686743,"views":367,"formatid":"gen9vgc2025regg","rating":1610,"private":0,"password":null}