{"id":"gen9vgc2025regg-2272173313","format":"[Gen 9] VGC 2025 Reg G","players":["RustyChair13","soap858"],"log":"|j|\u2606RustyChair13\n|j|\u2606soap858\n|t:|1735584077\n|gametype|doubles\n|player|p1|RustyChair13|scientist-gen4|1598\n|player|p2|soap858|102|1530\n|teamsize|p1|6\n|teamsize|p2|6\n|gen|9\n|tier|[Gen 9] VGC 2025 Reg G\n|rated|\n|rule|Species Clause: Limit one of each Pok\u00e9mon\n|rule|Item Clause: Limit 1 of each item\n|clearpoke\n|poke|p1|Zamazenta-*, L50|\n|poke|p1|Urshifu-*, L50, M|\n|poke|p1|Tornadus, L50, M|\n|poke|p1|Ditto, L50|\n|poke|p1|Raging Bolt, L50|\n|poke|p1|Amoonguss, L50, M|\n|poke|p2|Zamazenta-*, L50|\n|poke|p2|Chien-Pao, L50|\n|poke|p2|Rillaboom, L50, F|\n|poke|p2|Flutter Mane, L50|\n|poke|p2|Dragonite, L50, M|\n|poke|p2|Skeledirge, L50, M|\n|teampreview|4\n|inactive|Battle timer is ON: inactive players will automatically lose when time's up. (requested by soap858)\n|inactive|soap858 has 60 seconds left.\n|\n|t:|1735584119\n|start\n|switch|p1a: Zamazenta|Zamazenta-Crowned, L50, shiny|100\/100\n|switch|p1b: Raging Bolt|Raging Bolt, L50|100\/100\n|switch|p2a: Zamazenta|Zamazenta-Crowned, L50|100\/100\n|switch|p2b: Flutter Mane|Flutter Mane, L50|100\/100\n|-ability|p2a: Zamazenta|Dauntless Shield|boost\n|-boost|p2a: Zamazenta|def|1\n|-ability|p1a: Zamazenta|Dauntless Shield|boost\n|-boost|p1a: Zamazenta|def|1\n|-enditem|p2b: Flutter Mane|Booster Energy\n|-activate|p2b: Flutter Mane|ability: Protosynthesis|[fromitem]\n|-start|p2b: Flutter Mane|protosynthesisspe\n|turn|1\n|\n|t:|1735584137\n|-end|p1b: Raging Bolt|Protosynthesis|[silent]\n|switch|p1b: Amoonguss|Amoonguss, L50, M|100\/100\n|move|p2b: Flutter Mane|Protect|p2b: Flutter Mane\n|-singleturn|p2b: Flutter Mane|Protect\n|move|p2a: Zamazenta|Body Press|p1b: Amoonguss\n|-resisted|p1b: Amoonguss\n|-damage|p1b: Amoonguss|74\/100\n|-damage|p2a: Zamazenta|84\/100|[from] item: Rocky Helmet|[of] p1b: Amoonguss\n|move|p1a: Zamazenta|Heavy Slam|p2b: Flutter Mane\n|-activate|p2b: Flutter Mane|move: Protect\n|\n|upkeep\n|turn|2\n|inactive|RustyChair13 has 30 seconds left.\n|inactive|soap858 has 30 seconds left.\n|\n|t:|1735584183\n|-terastallize|p2a: Zamazenta|Grass\n|move|p2b: Flutter Mane|Moonblast|p1a: Zamazenta\n|-damage|p1a: Zamazenta|71\/100\n|-unboost|p1a: Zamazenta|spa|1\n|move|p2a: Zamazenta|Body Press|p1a: Zamazenta\n|-supereffective|p1a: Zamazenta\n|-damage|p1a: Zamazenta|19\/100\n|move|p1a: Zamazenta|Heavy Slam|p2b: Flutter Mane\n|-supereffective|p2b: Flutter Mane\n|-damage|p2b: Flutter Mane|0 fnt\n|faint|p2b: Flutter Mane\n|-end|p2b: Flutter Mane|Protosynthesis|[silent]\n|move|p1b: Amoonguss|Pollen Puff|p1a: Zamazenta\n|-heal|p1a: Zamazenta|69\/100\n|\n|upkeep\n|\n|t:|1735584192\n|switch|p2b: Skeledirge|Skeledirge, L50, M|100\/100\n|turn|3\n|\n|t:|1735584204\n|move|p1a: Zamazenta|Protect|p1a: Zamazenta\n|-singleturn|p1a: Zamazenta|Protect\n|move|p2a: Zamazenta|Body Press|p1a: Zamazenta\n|-activate|p1a: Zamazenta|move: Protect\n|move|p2b: Skeledirge|Yawn|p1b: Amoonguss\n|-start|p1b: Amoonguss|move: Yawn|[of] p2b: Skeledirge\n|move|p1b: Amoonguss|Clear Smog|p2a: Zamazenta\n|-supereffective|p2a: Zamazenta\n|-damage|p2a: Zamazenta|60\/100\n|-clearboost|p2a: Zamazenta\n|\n|upkeep\n|turn|4\n|j| Queenliu\n|\n|t:|1735584223\n|switch|p1b: Raging Bolt|Raging Bolt, L50|100\/100\n|move|p2a: Zamazenta|Protect|p2a: Zamazenta\n|-singleturn|p2a: Zamazenta|Protect\n|move|p1a: Zamazenta|Body Press|p2a: Zamazenta\n|-activate|p2a: Zamazenta|move: Protect\n|move|p2b: Skeledirge|Yawn|p1a: Zamazenta\n|-start|p1a: Zamazenta|move: Yawn|[of] p2b: Skeledirge\n|\n|upkeep\n|turn|5\n|\n|t:|1735584234\n|switch|p1a: Ditto|Ditto, L50, shiny|100\/100\n|-transform|p1a: Ditto|p2b: Skeledirge|[from] ability: Imposter\n|move|p2a: Zamazenta|Body Press|p1b: Raging Bolt\n|-damage|p1b: Raging Bolt|63\/100\n|move|p1b: Raging Bolt|Snarl|p2b: Skeledirge|[spread] p2a,p2b\n|-supereffective|p2b: Skeledirge\n|-damage|p2a: Zamazenta|50\/100\n|-damage|p2b: Skeledirge|75\/100\n|-unboost|p2a: Zamazenta|spa|1\n|-unboost|p2b: Skeledirge|spa|1\n|move|p2b: Skeledirge|Yawn|p1b: Raging Bolt\n|-start|p1b: Raging Bolt|move: Yawn|[of] p2b: Skeledirge\n|\n|upkeep\n|turn|6\n|\n|t:|1735584257\n|switch|p2b: Dragonite|Dragonite, L50, M|100\/100\n|move|p2a: Zamazenta|Body Press|p1b: Raging Bolt\n|-damage|p1b: Raging Bolt|27\/100\n|move|p1b: Raging Bolt|Thunderbolt|p2b: Dragonite\n|-damage|p2b: Dragonite|58\/100\n|move|p1a: Ditto|Shadow Ball|p2b: Dragonite\n|-damage|p2b: Dragonite|30\/100\n|\n|-end|p1b: Raging Bolt|move: Yawn|[silent]\n|-status|p1b: Raging Bolt|slp\n|upkeep\n|turn|7\n|\n|t:|1735584277\n|move|p2a: Zamazenta|Body Press|p1b: Raging Bolt\n|-damage|p1b: Raging Bolt|0 fnt\n|faint|p1b: Raging Bolt\n|-end|p1b: Raging Bolt|Protosynthesis|[silent]\n|move|p2b: Dragonite|Outrage|p1a: Ditto\n|-crit|p1a: Ditto\n|-enditem|p1a: Ditto|Focus Sash\n|-damage|p1a: Ditto|1\/100\n|move|p1a: Ditto|Torch Song|p2a: Zamazenta\n|-supereffective|p2a: Zamazenta\n|-damage|p2a: Zamazenta|3\/100\n|-boost|p1a: Ditto|spa|1\n|\n|upkeep\n|j| anton con perish\n|\n|t:|1735584292\n|switch|p1b: Zamazenta|Zamazenta-Crowned, L50, shiny|69\/100\n|turn|8\n|inactive|soap858 has 30 seconds left.\n|\n|t:|1735584322\n|switch|p1a: Amoonguss|Amoonguss, L50, M|100\/100\n|move|p2a: Zamazenta|Heavy Slam|p1a: Amoonguss\n|-damage|p1a: Amoonguss|62\/100\n|-damage|p2a: Zamazenta|0 fnt|[from] item: Rocky Helmet|[of] p1a: Amoonguss\n|faint|p2a: Zamazenta\n|move|p1b: Zamazenta|Heavy Slam|p2b: Dragonite\n|-damage|p2b: Dragonite|0 fnt\n|faint|p2b: Dragonite\n|\n|upkeep\n|\n|t:|1735584326\n|switch|p2b: Skeledirge|Skeledirge, L50, M|75\/100\n|turn|9\n|inactive|RustyChair13 has 30 seconds left.\n|inactive|RustyChair13 has 20 seconds left.\n|inactive|RustyChair13 has 15 seconds left.\n|\n|t:|1735584366\n|-terastallize|p1a: Amoonguss|Fire\n|move|p1b: Zamazenta|Heavy Slam|p2b: Skeledirge\n|-resisted|p2b: Skeledirge\n|-damage|p2b: Skeledirge|65\/100\n|move|p2b: Skeledirge|Yawn|p1a: Amoonguss\n|-start|p1a: Amoonguss|move: Yawn|[of] p2b: Skeledirge\n|move|p1a: Amoonguss|Pollen Puff|p1b: Zamazenta\n|-heal|p1b: Zamazenta|100\/100\n|\n|upkeep\n|turn|10\n|\n|t:|1735584387\n|move|p1b: Zamazenta|Heavy Slam|p2b: Skeledirge\n|-resisted|p2b: Skeledirge\n|-damage|p2b: Skeledirge|56\/100\n|move|p2b: Skeledirge|Torch Song|p1a: Amoonguss\n|-resisted|p1a: Amoonguss\n|-damage|p1a: Amoonguss|48\/100\n|-boost|p2b: Skeledirge|spa|1\n|move|p1a: Amoonguss|Spore|p2b: Skeledirge\n|-activate|p2b: Skeledirge|item: Safety Goggles|Spore\n|\n|-end|p1a: Amoonguss|move: Yawn|[silent]\n|-status|p1a: Amoonguss|slp\n|upkeep\n|turn|11\n|inactive|RustyChair13 has 30 seconds left.\n|\n|t:|1735584413\n|move|p1b: Zamazenta|Heavy Slam|p2b: Skeledirge\n|-resisted|p2b: Skeledirge\n|-damage|p2b: Skeledirge|46\/100\n|move|p2b: Skeledirge|Torch Song|p1b: Zamazenta\n|-supereffective|p1b: Zamazenta\n|-damage|p1b: Zamazenta|31\/100\n|-boost|p2b: Skeledirge|spa|1\n|cant|p1a: Amoonguss|slp\n|\n|upkeep\n|turn|12\n|-message|RustyChair13 forfeited.\n|\n|win|soap858\n|raw|RustyChair13's rating: 1598 &rarr; <strong>1574<\/strong><br \/>(-24 for losing)\n|raw|soap858's rating: 1530 &rarr; <strong>1554<\/strong><br \/>(+24 for winning)\n|l|\u2606RustyChair13\n|player|p1|\n|l| anton con perish\n|l| Queenliu\n|l|\u2606soap858\n|player|p2|\n","uploadtime":1735584425,"views":576,"formatid":"gen9vgc2025regg","rating":1554,"private":0,"password":null}