{"id":"gen9vgc2025regg-2272470066","format":"[Gen 9] VGC 2025 Reg G","players":["Jarrettmajor","badpiplupvgc"],"log":"|j|\u2606Jarrettmajor\n|j|\u2606badpiplupvgc\n|t:|1735623766\n|gametype|doubles\n|player|p1|Jarrettmajor|hiker|1506\n|player|p2|badpiplupvgc|102|1614\n|teamsize|p1|6\n|teamsize|p2|6\n|gen|9\n|tier|[Gen 9] VGC 2025 Reg G\n|rated|\n|rule|Species Clause: Limit one of each Pok\u00e9mon\n|rule|Item Clause: Limit 1 of each item\n|clearpoke\n|poke|p1|Scream Tail, L50|\n|poke|p1|Terapagos, L50, M|\n|poke|p1|Urshifu-*, L50, F|\n|poke|p1|Amoonguss, L50, M|\n|poke|p1|Incineroar, L50, M|\n|poke|p1|Rillaboom, L50, M|\n|poke|p2|Calyrex-Ice, L50|\n|poke|p2|Amoonguss, L50, M|\n|poke|p2|Raging Bolt, L50|\n|poke|p2|Chi-Yu, L50|\n|poke|p2|Rillaboom, L50, F|\n|poke|p2|Urshifu-*, L50, M|\n|teampreview|4\n|inactive|Battle timer is ON: inactive players will automatically lose when time's up. (requested by Jarrettmajor)\n|inactive|badpiplupvgc has 60 seconds left.\n|\n|t:|1735623822\n|start\n|switch|p1a: Terapagos|Terapagos, L50, M|100\/100\n|switch|p1b: Incineroar|Incineroar, L50, M, shiny|100\/100\n|switch|p2a: Chi-Yu|Chi-Yu, L50|100\/100\n|switch|p2b: Rillaboom|Rillaboom, L50, F|100\/100\n|-activate|p1a: Terapagos|ability: Tera Shift\n|detailschange|p1a: Terapagos|Terapagos-Terastal, L50, M\n|-heal|p1a: Terapagos|100\/100|[silent]\n|-ability|p2a: Chi-Yu|Beads of Ruin\n|-fieldstart|move: Grassy Terrain|[from] ability: Grassy Surge|[of] p2b: Rillaboom\n|-ability|p1b: Incineroar|Intimidate|boost\n|-unboost|p2a: Chi-Yu|atk|1\n|-unboost|p2b: Rillaboom|atk|1\n|turn|1\n|inactive|badpiplupvgc has 30 seconds left.\n|\n|t:|1735623853\n|move|p2b: Rillaboom|Fake Out|p1a: Terapagos\n|-activate|p1a: Terapagos|ability: Tera Shell\n|-resisted|p1a: Terapagos\n|-damage|p1a: Terapagos|96\/100\n|move|p2a: Chi-Yu|Snarl|p1b: Incineroar|[spread] p1a,p1b\n|-resisted|p1b: Incineroar\n|-crit|p1b: Incineroar\n|-damage|p1a: Terapagos|68\/100\n|-damage|p1b: Incineroar|80\/100\n|-unboost|p1a: Terapagos|spa|1\n|-unboost|p1b: Incineroar|spa|1\n|cant|p1a: Terapagos|flinch\n|move|p1b: Incineroar|Will-O-Wisp|p2b: Rillaboom\n|-status|p2b: Rillaboom|brn\n|\n|-heal|p1a: Terapagos|75\/100|[from] Grassy Terrain\n|-heal|p1a: Terapagos|81\/100|[from] item: Leftovers\n|-heal|p1b: Incineroar|86\/100|[from] Grassy Terrain\n|-damage|p2b: Rillaboom|95\/100 brn|[from] brn\n|upkeep\n|turn|2\n|inactive|Jarrettmajor has 30 seconds left.\n|\n|t:|1735623879\n|move|p1a: Terapagos|Protect|p1a: Terapagos\n|-singleturn|p1a: Terapagos|Protect\n|move|p2a: Chi-Yu|Snarl|p1b: Incineroar|[spread] \n|-activate|p1a: Terapagos|move: Protect\n|-miss|p2a: Chi-Yu|p1b: Incineroar\n|move|p2b: Rillaboom|U-turn|p1a: Terapagos\n|-activate|p1a: Terapagos|move: Protect\n|move|p1b: Incineroar|Knock Off|p2a: Chi-Yu\n|-resisted|p2a: Chi-Yu\n|-damage|p2a: Chi-Yu|73\/100\n|-enditem|p2a: Chi-Yu|Choice Scarf|[from] move: Knock Off|[of] p1b: Incineroar\n|\n|-heal|p2a: Chi-Yu|79\/100|[from] Grassy Terrain\n|-heal|p1a: Terapagos|87\/100|[from] Grassy Terrain\n|-heal|p1a: Terapagos|93\/100|[from] item: Leftovers\n|-heal|p2b: Rillaboom|100\/100 brn|[from] Grassy Terrain\n|-heal|p1b: Incineroar|92\/100|[from] Grassy Terrain\n|-damage|p2b: Rillaboom|95\/100 brn|[from] brn\n|upkeep\n|turn|3\n|inactive|Jarrettmajor has 30 seconds left.\n|\n|t:|1735623909\n|move|p2a: Chi-Yu|Snarl|p1b: Incineroar|[spread] p1a,p1b\n|-resisted|p1b: Incineroar\n|-damage|p1a: Terapagos|66\/100\n|-damage|p1b: Incineroar|77\/100\n|-unboost|p1a: Terapagos|spa|1\n|-unboost|p1b: Incineroar|spa|1\n|move|p1a: Terapagos|Earth Power|p2a: Chi-Yu\n|-supereffective|p2a: Chi-Yu\n|-damage|p2a: Chi-Yu|50\/100\n|move|p2b: Rillaboom|U-turn|p1a: Terapagos\n|-damage|p1a: Terapagos|60\/100\n|j| WhoKnowsNot\n|\n|t:|1735623925\n|switch|p2b: Urshifu|Urshifu, L50, M|100\/100|[from] U-turn\n|move|p1b: Incineroar|Will-O-Wisp|p2b: Urshifu\n|-status|p2b: Urshifu|brn\n|\n|-heal|p2a: Chi-Yu|56\/100|[from] Grassy Terrain\n|-heal|p1a: Terapagos|66\/100|[from] Grassy Terrain\n|-heal|p1a: Terapagos|73\/100|[from] item: Leftovers\n|-heal|p1b: Incineroar|83\/100|[from] Grassy Terrain\n|-damage|p2b: Urshifu|95\/100 brn|[from] brn\n|upkeep\n|turn|4\n|inactive|Jarrettmajor has 30 seconds left.\n|\n|t:|1735623952\n|switch|p1a: Scream Tail|Scream Tail, L50, shiny|100\/100\n|-enditem|p1a: Scream Tail|Booster Energy\n|-activate|p1a: Scream Tail|ability: Protosynthesis|[fromitem]\n|-start|p1a: Scream Tail|protosynthesisspe\n|move|p2a: Chi-Yu|Overheat|p1b: Incineroar\n|-resisted|p1b: Incineroar\n|-damage|p1b: Incineroar|43\/100\n|-unboost|p2a: Chi-Yu|spa|2\n|move|p2b: Urshifu|Close Combat|p1b: Incineroar\n|-supereffective|p1b: Incineroar\n|-damage|p1b: Incineroar|0 fnt\n|-unboost|p2b: Urshifu|def|1\n|-unboost|p2b: Urshifu|spd|1\n|faint|p1b: Incineroar\n|\n|-heal|p2a: Chi-Yu|62\/100|[from] Grassy Terrain\n|-heal|p2b: Urshifu|100\/100 brn|[from] Grassy Terrain\n|-damage|p2b: Urshifu|95\/100 brn|[from] brn\n|upkeep\n|\n|t:|1735623972\n|switch|p1b: Terapagos|Terapagos-Terastal, L50, M|73\/100\n|turn|5\n|\n|t:|1735623985\n|switch|p2b: Rillaboom|Rillaboom, L50, F|95\/100 brn\n|-terastallize|p1b: Terapagos|Stellar\n|detailschange|p1b: Terapagos|Terapagos-Stellar, L50, M, tera:Stellar\n|-heal|p1b: Terapagos|80\/100|[silent]\n|-ability|p1b: Terapagos|Teraform Zero\n|-fieldend|move: Grassy Terrain\n|move|p1a: Scream Tail|Disable||[still]\n|-fail|p1a: Scream Tail\n|move|p2a: Chi-Yu|Snarl|p1a: Scream Tail|[spread] p1a,p1b\n|-damage|p1a: Scream Tail|90\/100\n|-damage|p1b: Terapagos|69\/100\n|-unboost|p1a: Scream Tail|spa|1\n|-unboost|p1b: Terapagos|spa|1\n|move|p1b: Terapagos|Tera Starstorm|p2b: Rillaboom|[spread] p2a,p2b\n|-damage|p2a: Chi-Yu|33\/100\n|-damage|p2b: Rillaboom|72\/100 brn\n|\n|-heal|p1b: Terapagos|75\/100|[from] item: Leftovers\n|-damage|p2b: Rillaboom|66\/100 brn|[from] brn\n|upkeep\n|turn|6\n|\n|t:|1735624006\n|move|p2b: Rillaboom|Fake Out|p1a: Scream Tail\n|-damage|p1a: Scream Tail|85\/100\n|cant|p1a: Scream Tail|flinch\n|move|p2a: Chi-Yu|Snarl|p1a: Scream Tail|[spread] p1a,p1b\n|-damage|p1a: Scream Tail|72\/100\n|-damage|p1b: Terapagos|65\/100\n|-unboost|p1a: Scream Tail|spa|1\n|-unboost|p1b: Terapagos|spa|1\n|move|p1b: Terapagos|Calm Mind|p1b: Terapagos\n|-boost|p1b: Terapagos|spa|1\n|-boost|p1b: Terapagos|spd|1\n|\n|-heal|p1b: Terapagos|71\/100|[from] item: Leftovers\n|-damage|p2b: Rillaboom|60\/100 brn|[from] brn\n|upkeep\n|turn|7\n|\n|t:|1735624030\n|switch|p2b: Calyrex|Calyrex-Ice, L50|100\/100\n|-ability|p2b: Calyrex|As One\n|-ability|p2b: Calyrex|Unnerve\n|move|p1a: Scream Tail|Disable|p2a: Chi-Yu\n|-start|p2a: Chi-Yu|Disable|Snarl\n|cant|p2a: Chi-Yu|Disable|Snarl\n|move|p1b: Terapagos|Calm Mind|p1b: Terapagos\n|-boost|p1b: Terapagos|spa|1\n|-boost|p1b: Terapagos|spd|1\n|\n|-heal|p1b: Terapagos|78\/100|[from] item: Leftovers\n|upkeep\n|turn|8\n|inactive|badpiplupvgc has 30 seconds left.\n|\n|t:|1735624055\n|switch|p2a: Rillaboom|Rillaboom, L50, F|60\/100 brn\n|-fieldstart|move: Grassy Terrain|[from] ability: Grassy Surge|[of] p2a: Rillaboom\n|move|p1a: Scream Tail|Dazzling Gleam|p2b: Calyrex|[spread] p2a,p2b\n|-damage|p2a: Rillaboom|55\/100 brn\n|-damage|p2b: Calyrex|96\/100\n|move|p1b: Terapagos|Tera Starstorm|p2b: Calyrex|[spread] p2a,p2b\n|-damage|p2a: Rillaboom|28\/100 brn\n|-damage|p2b: Calyrex|73\/100\n|move|p2b: Calyrex|Trick Room|p2b: Calyrex\n|-fieldstart|move: Trick Room|[of] p2b: Calyrex\n|\n|-heal|p2b: Calyrex|79\/100|[from] Grassy Terrain\n|-heal|p2a: Rillaboom|34\/100 brn|[from] Grassy Terrain\n|-heal|p1b: Terapagos|84\/100|[from] Grassy Terrain\n|-heal|p1b: Terapagos|90\/100|[from] item: Leftovers\n|-heal|p1a: Scream Tail|78\/100|[from] Grassy Terrain\n|-damage|p2a: Rillaboom|28\/100 brn|[from] brn\n|upkeep\n|turn|9\n|\n|t:|1735624076\n|move|p1b: Terapagos|Protect|p1b: Terapagos\n|-singleturn|p1b: Terapagos|Protect\n|move|p1a: Scream Tail|Protect|p1a: Scream Tail\n|-singleturn|p1a: Scream Tail|Protect\n|move|p2b: Calyrex|Glacial Lance|p1a: Scream Tail|[spread] \n|-activate|p1a: Scream Tail|move: Protect\n|-activate|p1b: Terapagos|move: Protect\n|move|p2a: Rillaboom|Wood Hammer|p1a: Scream Tail\n|-activate|p1a: Scream Tail|move: Protect\n|\n|-heal|p2b: Calyrex|85\/100|[from] Grassy Terrain\n|-heal|p2a: Rillaboom|34\/100 brn|[from] Grassy Terrain\n|-heal|p1b: Terapagos|96\/100|[from] Grassy Terrain\n|-heal|p1b: Terapagos|100\/100|[from] item: Leftovers\n|-heal|p1a: Scream Tail|84\/100|[from] Grassy Terrain\n|-damage|p2a: Rillaboom|28\/100 brn|[from] brn\n|upkeep\n|turn|10\n|inactive|Jarrettmajor has 30 seconds left.\n|inactive|badpiplupvgc has 30 seconds left.\n|\n|t:|1735624103\n|move|p2b: Calyrex|Glacial Lance|p1a: Scream Tail|[spread] p1a,p1b\n|-damage|p1a: Scream Tail|45\/100\n|-damage|p1b: Terapagos|69\/100\n|move|p2a: Rillaboom|Wood Hammer|p1a: Scream Tail\n|-damage|p1a: Scream Tail|16\/100\n|-damage|p2a: Rillaboom|18\/100 brn|[from] Recoil\n|move|p1b: Terapagos|Calm Mind|p1b: Terapagos\n|-boost|p1b: Terapagos|spa|1\n|-boost|p1b: Terapagos|spd|1\n|move|p1a: Scream Tail|Disable|p2b: Calyrex\n|-start|p2b: Calyrex|Disable|Glacial Lance\n|\n|-heal|p2b: Calyrex|91\/100|[from] Grassy Terrain\n|-heal|p2a: Rillaboom|24\/100 brn|[from] Grassy Terrain\n|-heal|p1b: Terapagos|75\/100|[from] Grassy Terrain\n|-heal|p1b: Terapagos|82\/100|[from] item: Leftovers\n|-heal|p1a: Scream Tail|22\/100|[from] Grassy Terrain\n|-damage|p2a: Rillaboom|18\/100 brn|[from] brn\n|upkeep\n|turn|11\n|inactive|badpiplupvgc has 30 seconds left.\n|inactive|badpiplupvgc has 20 seconds left.\n|inactive|badpiplupvgc has 15 seconds left.\n|\n|t:|1735624148\n|move|p1a: Scream Tail|Protect|p1a: Scream Tail\n|-singleturn|p1a: Scream Tail|Protect\n|move|p2b: Calyrex|High Horsepower|p1a: Scream Tail\n|-activate|p1a: Scream Tail|move: Protect\n|move|p2a: Rillaboom|U-turn|p1b: Terapagos\n|-damage|p1b: Terapagos|75\/100\n|\n|t:|1735624157\n|switch|p2a: Urshifu|Urshifu, L50, M|95\/100 brn|[from] U-turn\n|move|p1b: Terapagos|Tera Starstorm|p2a: Urshifu|[spread] p2a,p2b\n|-damage|p2a: Urshifu|4\/100 brn\n|-damage|p2b: Calyrex|54\/100\n|\n|-heal|p2b: Calyrex|60\/100|[from] Grassy Terrain\n|-heal|p1b: Terapagos|81\/100|[from] Grassy Terrain\n|-heal|p1b: Terapagos|87\/100|[from] item: Leftovers\n|-heal|p2a: Urshifu|10\/100 brn|[from] Grassy Terrain\n|-heal|p1a: Scream Tail|28\/100|[from] Grassy Terrain\n|-damage|p2a: Urshifu|4\/100 brn|[from] brn\n|upkeep\n|turn|12\n|inactive|badpiplupvgc has 30 seconds left.\n|\n|t:|1735624187\n|move|p2a: Urshifu|Detect|p2a: Urshifu\n|-singleturn|p2a: Urshifu|Protect\n|move|p2b: Calyrex|High Horsepower|p1a: Scream Tail\n|-damage|p1a: Scream Tail|0 fnt\n|faint|p1a: Scream Tail\n|-end|p1a: Scream Tail|Protosynthesis|[silent]\n|-ability|p2b: Calyrex|Chilling Neigh|boost\n|-boost|p2b: Calyrex|atk|1\n|move|p1b: Terapagos|Tera Starstorm|p2b: Calyrex|[spread] p2b\n|-activate|p2a: Urshifu|move: Protect\n|-crit|p2b: Calyrex\n|-damage|p2b: Calyrex|5\/100\n|\n|-heal|p2b: Calyrex|11\/100|[from] Grassy Terrain\n|-heal|p1b: Terapagos|94\/100|[from] Grassy Terrain\n|-heal|p1b: Terapagos|99\/100|[from] item: Leftovers\n|-heal|p2a: Urshifu|10\/100 brn|[from] Grassy Terrain\n|-damage|p2a: Urshifu|4\/100 brn|[from] brn\n|-fieldend|move: Trick Room\n|-fieldend|move: Grassy Terrain\n|upkeep\n|\n|t:|1735624195\n|switch|p1a: Amoonguss|Amoonguss, L50, M|100\/100\n|turn|13\n|\n|t:|1735624220\n|move|p2b: Calyrex|Protect|p2b: Calyrex\n|-singleturn|p2b: Calyrex|Protect\n|move|p1a: Amoonguss|Rage Powder|p1a: Amoonguss\n|-singleturn|p1a: Amoonguss|move: Rage Powder\n|move|p2a: Urshifu|Close Combat|p1a: Amoonguss\n|-resisted|p1a: Amoonguss\n|-damage|p1a: Amoonguss|87\/100\n|-unboost|p2a: Urshifu|def|1\n|-unboost|p2a: Urshifu|spd|1\n|move|p1b: Terapagos|Tera Starstorm|p2b: Calyrex|[spread] p2a\n|-activate|p2b: Calyrex|move: Protect\n|-damage|p2a: Urshifu|0 fnt\n|faint|p2a: Urshifu\n|\n|-heal|p1b: Terapagos|100\/100|[from] item: Leftovers\n|upkeep\n|inactive|badpiplupvgc has 30 seconds left.\n|\n|t:|1735624253\n|switch|p2a: Rillaboom|Rillaboom, L50, F|18\/100 brn\n|-fieldstart|move: Grassy Terrain|[from] ability: Grassy Surge|[of] p2a: Rillaboom\n|turn|14\n|\n|t:|1735624277\n|move|p2a: Rillaboom|Fake Out|p1a: Amoonguss\n|-damage|p1a: Amoonguss|82\/100\n|move|p1b: Terapagos|Tera Starstorm|p2a: Rillaboom|[spread] p2a,p2b\n|-damage|p2a: Rillaboom|0 fnt\n|-damage|p2b: Calyrex|0 fnt\n|faint|p2a: Rillaboom\n|faint|p2b: Calyrex\n|cant|p1a: Amoonguss|flinch\n|\n|-heal|p1a: Amoonguss|88\/100|[from] Grassy Terrain\n|upkeep\n|-message|badpiplupvgc forfeited.\n|\n|win|Jarrettmajor\n|raw|Jarrettmajor's rating: 1506 &rarr; <strong>1532<\/strong><br \/>(+26 for winning)\n|raw|badpiplupvgc's rating: 1614 &rarr; <strong>1588<\/strong><br \/>(-26 for losing)\n|l|\u2606badpiplupvgc\n|player|p2|\n|l| WhoKnowsNot\n|l|\u2606Jarrettmajor\n|player|p1|\n|j| WhoKnowsNot\n|l| WhoKnowsNot\n","uploadtime":1735624547,"views":23,"formatid":"gen9vgc2025regg","rating":1532,"private":0,"password":null}