{"id":"gen9vgc2025regg-2272965506","format":"[Gen 9] VGC 2025 Reg G","players":["kyogue is fun )","bgc0"],"log":"|j|\u2606kyogue is fun )\n|j|\u2606bgc0\n|t:|1735701500\n|gametype|doubles\n|player|p1|kyogue is fun )|clair|1512\n|player|p2|bgc0|steven|1622\n|teamsize|p1|6\n|teamsize|p2|6\n|gen|9\n|tier|[Gen 9] VGC 2025 Reg G\n|rated|\n|rule|Species Clause: Limit one of each Pok\u00e9mon\n|rule|Item Clause: Limit 1 of each item\n|clearpoke\n|poke|p1|Urshifu-*, L50, M|\n|poke|p1|Chien-Pao, L50|\n|poke|p1|Miraidon, L50|\n|poke|p1|Farigiraf, L50, F|\n|poke|p1|Ogerpon-Hearthflame, L50, F|\n|poke|p1|Iron Hands, L50|\n|poke|p2|Volcarona, L50, M|\n|poke|p2|Eternatus, L50|\n|poke|p2|Iron Bundle, L50|\n|poke|p2|Farigiraf, L50, M|\n|poke|p2|Urshifu-*, L50, M|\n|poke|p2|Ursaluna, L50, M|\n|teampreview|4\n|\n|t:|1735701530\n|start\n|switch|p1a: Chien-Pao|Chien-Pao, L50|100\/100\n|switch|p1b: Urshifu|Urshifu-Rapid-Strike, L50, M|100\/100\n|switch|p2a: Iron Bundle|Iron Bundle, L50, shiny|100\/100\n|switch|p2b: Eternatus|Eternatus, L50|100\/100\n|-ability|p1a: Chien-Pao|Sword of Ruin\n|-ability|p2b: Eternatus|Pressure\n|-enditem|p2a: Iron Bundle|Booster Energy\n|-activate|p2a: Iron Bundle|ability: Quark Drive|[fromitem]\n|-start|p2a: Iron Bundle|quarkdrivespe\n|turn|1\n|\n|t:|1735701560\n|-terastallize|p2a: Iron Bundle|Ground\n|move|p1a: Chien-Pao|Protect|p1a: Chien-Pao\n|-singleturn|p1a: Chien-Pao|Protect\n|move|p2a: Iron Bundle|Icy Wind|p1a: Chien-Pao|[spread] p1b\n|-activate|p1a: Chien-Pao|move: Protect\n|-resisted|p1b: Urshifu\n|-damage|p1b: Urshifu|88\/100\n|-unboost|p1b: Urshifu|spe|1\n|move|p2b: Eternatus|Meteor Beam||[still]\n|-prepare|p2b: Eternatus|Meteor Beam\n|-boost|p2b: Eternatus|spa|1\n|-enditem|p2b: Eternatus|Power Herb\n|-anim|p2b: Eternatus|Meteor Beam|p1a: Chien-Pao\n|-activate|p1a: Chien-Pao|move: Protect\n|move|p1b: Urshifu|U-turn|p2a: Iron Bundle\n|-damage|p2a: Iron Bundle|62\/100\n|\n|t:|1735701579\n|switch|p1b: Ogerpon|Ogerpon-Hearthflame, L50, F|100\/100|[from] U-turn\n|-ability|p1b: Ogerpon|Mold Breaker\n|\n|upkeep\n|turn|2\n|\n|t:|1735701592\n|move|p2b: Eternatus|Protect|p2b: Eternatus\n|-singleturn|p2b: Eternatus|Protect\n|move|p1b: Ogerpon|Follow Me|p1b: Ogerpon\n|-singleturn|p1b: Ogerpon|move: Follow Me\n|move|p2a: Iron Bundle|Encore|p1b: Ogerpon\n|-start|p1b: Ogerpon|Encore\n|move|p1a: Chien-Pao|Icicle Crash|p2b: Eternatus\n|-activate|p2b: Eternatus|move: Protect\n|\n|upkeep\n|turn|3\n|\n|t:|1735701625\n|move|p1b: Ogerpon|Follow Me|p1b: Ogerpon\n|-singleturn|p1b: Ogerpon|move: Follow Me\n|move|p2a: Iron Bundle|Icy Wind|p1b: Ogerpon|[spread] p1a,p1b\n|-resisted|p1a: Chien-Pao\n|-damage|p1a: Chien-Pao|83\/100\n|-damage|p1b: Ogerpon|79\/100\n|-unboost|p1a: Chien-Pao|spe|1\n|-unboost|p1b: Ogerpon|spe|1\n|move|p2b: Eternatus|Sludge Bomb|p1b: Ogerpon\n|-supereffective|p1b: Ogerpon\n|-damage|p1b: Ogerpon|0 fnt\n|faint|p1b: Ogerpon\n|move|p1a: Chien-Pao|Icicle Crash|p2a: Iron Bundle\n|-supereffective|p2a: Iron Bundle\n|-damage|p2a: Iron Bundle|0 fnt\n|faint|p2a: Iron Bundle\n|-end|p2a: Iron Bundle|Quark Drive|[silent]\n|\n|upkeep\n|\n|t:|1735701636\n|switch|p2a: Urshifu|Urshifu, L50, M|100\/100\n|switch|p1b: Miraidon|Miraidon, L50|100\/100\n|-fieldstart|move: Electric Terrain|[from] ability: Hadron Engine|[of] p1b: Miraidon\n|turn|4\n|\n|t:|1735701663\n|switch|p1a: Urshifu|Urshifu-Rapid-Strike, L50, M|88\/100\n|move|p2b: Eternatus|Protect|p2b: Eternatus\n|-singleturn|p2b: Eternatus|Protect\n|move|p1b: Miraidon|Dazzling Gleam|p2b: Eternatus|[spread] p2a\n|-activate|p2b: Eternatus|move: Protect\n|-supereffective|p2a: Urshifu\n|-damage|p2a: Urshifu|0 fnt\n|faint|p2a: Urshifu\n|\n|upkeep\n|\n|t:|1735701671\n|switch|p2a: Farigiraf|Farigiraf, L50, M|100\/100\n|turn|5\n|\n|t:|1735701698\n|-terastallize|p1b: Miraidon|Fairy\n|move|p1a: Urshifu|Surging Strikes|p2a: Farigiraf\n|-crit|p2a: Farigiraf\n|-damage|p2a: Farigiraf|86\/100\n|-crit|p2a: Farigiraf\n|-damage|p2a: Farigiraf|71\/100\n|-crit|p2a: Farigiraf\n|-damage|p2a: Farigiraf|55\/100\n|-hitcount|p2a: Farigiraf|3\n|move|p1b: Miraidon|Dazzling Gleam|p2a: Farigiraf|[spread] p2a,p2b\n|-damage|p2a: Farigiraf|0 fnt\n|-damage|p2b: Eternatus|46\/100\n|faint|p2a: Farigiraf\n|move|p2b: Eternatus|Sludge Bomb|p1b: Miraidon\n|-supereffective|p1b: Miraidon\n|-damage|p1b: Miraidon|0 fnt\n|faint|p1b: Miraidon\n|\n|upkeep\n|\n|t:|1735701708\n|switch|p1b: Chien-Pao|Chien-Pao, L50|83\/100\n|-ability|p1b: Chien-Pao|Sword of Ruin\n|turn|6\n|\n|t:|1735701717\n|move|p1b: Chien-Pao|Sucker Punch|p2b: Eternatus\n|-damage|p2b: Eternatus|9\/100\n|move|p1a: Urshifu|Surging Strikes|p2b: Eternatus\n|-resisted|p2b: Eternatus\n|-crit|p2b: Eternatus\n|-damage|p2b: Eternatus|0 fnt\n|faint|p2b: Eternatus\n|-hitcount|p2: Eternatus|1\n|\n|win|kyogue is fun )\n|raw|kyogue is fun )'s rating: 1512 &rarr; <strong>1538<\/strong><br \/>(+26 for winning)\n|raw|bgc0's rating: 1622 &rarr; <strong>1596<\/strong><br \/>(-26 for losing)\n|l|\u2606kyogue is fun )\n|player|p1|\n|l|\u2606bgc0\n|player|p2|\n","uploadtime":1735701918,"views":327,"formatid":"gen9vgc2025regg","rating":1538,"private":0,"password":null}