{"id":"gen9vgc2025regg-2272652113","format":"[Gen 9] VGC 2025 Reg G","players":["RustyChair13","madgiraffe"],"log":"|j|\u2606RustyChair13\n|j|\u2606madgiraffe\n|t:|1735658320\n|gametype|doubles\n|player|p1|RustyChair13|scientist-gen4|1645\n|player|p2|madgiraffe|2|1541\n|teamsize|p1|6\n|teamsize|p2|6\n|gen|9\n|tier|[Gen 9] VGC 2025 Reg G\n|rated|\n|rule|Species Clause: Limit one of each Pok\u00e9mon\n|rule|Item Clause: Limit 1 of each item\n|clearpoke\n|poke|p1|Zamazenta-*, L50|\n|poke|p1|Urshifu-*, L50, M|\n|poke|p1|Tornadus, L50, M|\n|poke|p1|Ditto, L50|\n|poke|p1|Dragapult, L50, F|\n|poke|p1|Amoonguss, L50, M|\n|poke|p2|Terapagos, L50, M|\n|poke|p2|Rillaboom, L50, M|\n|poke|p2|Incineroar, L50, F|\n|poke|p2|Chien-Pao, L50|\n|poke|p2|Urshifu-*, L50, F|\n|poke|p2|Flutter Mane, L50|\n|teampreview|4\n|inactive|Battle timer is ON: inactive players will automatically lose when time's up. (requested by madgiraffe)\n|inactive|madgiraffe has 60 seconds left.\n|inactive|madgiraffe has 30 seconds left.\n|inactive|madgiraffe has 20 seconds left.\n|\n|t:|1735658397\n|start\n|switch|p1a: Tornadus|Tornadus, L50, M|100\/100\n|switch|p1b: Urshifu|Urshifu-Rapid-Strike, L50, M|100\/100\n|switch|p2a: Terapagos|Terapagos, L50, M|100\/100\n|switch|p2b: Urshifu|Urshifu-Rapid-Strike, L50, F|100\/100\n|-activate|p2a: Terapagos|ability: Tera Shift\n|detailschange|p2a: Terapagos|Terapagos-Terastal, L50, M\n|-heal|p2a: Terapagos|100\/100|[silent]\n|turn|1\n|j| Anonymoongus\n|inactive|madgiraffe has 30 seconds left.\n|\n|t:|1735658425\n|switch|p2a: Flutter Mane|Flutter Mane, L50|100\/100\n|-enditem|p2a: Flutter Mane|Booster Energy\n|-activate|p2a: Flutter Mane|ability: Protosynthesis|[fromitem]\n|-start|p2a: Flutter Mane|protosynthesisspe\n|-terastallize|p2b: Urshifu|Water\n|move|p1a: Tornadus|Bleakwind Storm|p2b: Urshifu|[spread] p2a,p2b\n|-damage|p2a: Flutter Mane|66\/100\n|-damage|p2b: Urshifu|53\/100\n|-unboost|p2a: Flutter Mane|spe|1\n|-unboost|p2b: Urshifu|spe|1\n|move|p1b: Urshifu|Close Combat|p2a: Flutter Mane\n|-immune|p2a: Flutter Mane\n|move|p2b: Urshifu|Surging Strikes|p1a: Tornadus\n|-crit|p1a: Tornadus\n|-damage|p1a: Tornadus|61\/100\n|-crit|p1a: Tornadus\n|-damage|p1a: Tornadus|17\/100\n|-crit|p1a: Tornadus\n|-damage|p1a: Tornadus|0 fnt\n|faint|p1a: Tornadus\n|-hitcount|p1: Tornadus|3\n|\n|upkeep\n|\n|t:|1735658441\n|switch|p1a: Zamazenta|Zamazenta-Crowned, L50, shiny|100\/100\n|-ability|p1a: Zamazenta|Dauntless Shield|boost\n|-boost|p1a: Zamazenta|def|1\n|turn|2\n|\n|t:|1735658465\n|switch|p2b: Rillaboom|Rillaboom, L50, M|100\/100\n|-fieldstart|move: Grassy Terrain|[from] ability: Grassy Surge|[of] p2b: Rillaboom\n|-terastallize|p1a: Zamazenta|Grass\n|move|p1b: Urshifu|Detect|p1b: Urshifu\n|-singleturn|p1b: Urshifu|Protect\n|move|p2a: Flutter Mane|Thunder Wave|p1a: Zamazenta\n|-status|p1a: Zamazenta|par\n|move|p1a: Zamazenta|Heavy Slam|p2a: Flutter Mane\n|-supereffective|p2a: Flutter Mane\n|-damage|p2a: Flutter Mane|0 fnt\n|faint|p2a: Flutter Mane\n|-end|p2a: Flutter Mane|Protosynthesis|[silent]\n|\n|upkeep\n|\n|t:|1735658485\n|switch|p2a: Terapagos|Terapagos-Terastal, L50, M|100\/100\n|turn|3\n|\n|t:|1735658508\n|switch|p1b: Dragapult|Dragapult, L50, F, shiny|100\/100\n|move|p2b: Rillaboom|Fake Out|p1b: Dragapult\n|-immune|p1b: Dragapult\n|move|p2a: Terapagos|Tera Starstorm|p1a: Zamazenta\n|-damage|p1a: Zamazenta|61\/100 par\n|move|p1a: Zamazenta|Body Press|p2b: Rillaboom\n|-damage|p2b: Rillaboom|31\/100\n|\n|-heal|p2b: Rillaboom|37\/100|[from] Grassy Terrain\n|-heal|p1a: Zamazenta|67\/100 par|[from] Grassy Terrain\n|upkeep\n|turn|4\n|\n|t:|1735658530\n|move|p1b: Dragapult|Dragon Darts|p2a: Terapagos\n|-activate|p2a: Terapagos|ability: Tera Shell\n|-resisted|p2a: Terapagos\n|-damage|p2a: Terapagos|83\/100\n|-anim|p1b: Dragapult|Dragon Darts|p2b: Rillaboom\n|-crit|p2b: Rillaboom\n|-damage|p2b: Rillaboom|0 fnt\n|faint|p2b: Rillaboom\n|move|p2a: Terapagos|Tera Starstorm|p1a: Zamazenta\n|-crit|p1a: Zamazenta\n|-damage|p1a: Zamazenta|9\/100 par\n|move|p1a: Zamazenta|Body Press|p2a: Terapagos\n|-supereffective|p2a: Terapagos\n|-damage|p2a: Terapagos|0 fnt\n|faint|p2a: Terapagos\n|\n|-heal|p1a: Zamazenta|15\/100 par|[from] Grassy Terrain\n|upkeep\n|\n|t:|1735658533\n|switch|p2b: Urshifu|Urshifu-Rapid-Strike, L50, F, tera:Water|53\/100\n|turn|5\n|\n|t:|1735658548\n|move|p1b: Dragapult|Dragon Darts|p2b: Urshifu\n|-damage|p2b: Urshifu|11\/100\n|-anim|p1b: Dragapult|Dragon Darts|p2b: Urshifu\n|-damage|p2b: Urshifu|0 fnt\n|faint|p2b: Urshifu\n|\n|win|RustyChair13\n|raw|RustyChair13's rating: 1645 &rarr; <strong>1659<\/strong><br \/>(+14 for winning)\n|raw|madgiraffe's rating: 1541 &rarr; <strong>1527<\/strong><br \/>(-14 for losing)\n|l|\u2606madgiraffe\n|player|p2|\n|l|\u2606RustyChair13\n|player|p1|\n|l| Anonymoongus\n","uploadtime":1735658767,"views":339,"formatid":"gen9vgc2025regg","rating":1527,"private":0,"password":null}