{"id":"gen9vgc2025regg-2272992809","format":"[Gen 9] VGC 2025 Reg G","players":["FerrousYak","Yung Trav"],"log":"|j|\u2606FerrousYak\n|j|\u2606Yung Trav\n|t:|1735705963\n|gametype|doubles\n|player|p1|FerrousYak|266|1506\n|player|p2|Yung Trav|1|1620\n|teamsize|p1|6\n|teamsize|p2|6\n|gen|9\n|tier|[Gen 9] VGC 2025 Reg G\n|rated|\n|rule|Species Clause: Limit one of each Pok\u00e9mon\n|rule|Item Clause: Limit 1 of each item\n|clearpoke\n|poke|p1|Weezing-Galar, L50, F|\n|poke|p1|Dondozo, L50, M|\n|poke|p1|Calyrex-Shadow, L50|\n|poke|p1|Tatsugiri-Droopy, L50, F|\n|poke|p1|Roaring Moon, L50|\n|poke|p1|Ogerpon-Wellspring, L50, F|\n|poke|p2|Calyrex-Ice, L50|\n|poke|p2|Torkoal, L50, M|\n|poke|p2|Smeargle, L50, M|\n|poke|p2|Farigiraf, L50, M|\n|poke|p2|Iron Valiant, L50|\n|poke|p2|Ogerpon-Cornerstone, L50, F|\n|teampreview|4\n|inactive|Battle timer is ON: inactive players will automatically lose when time's up. (requested by FerrousYak)\n|\n|t:|1735705989\n|start\n|switch|p1a: Weezing|Weezing-Galar, L50, F|100\/100\n|switch|p1b: Calyrex|Calyrex-Shadow, L50|100\/100\n|switch|p2a: Calyrex|Calyrex-Ice, L50|100\/100\n|switch|p2b: Smeargle|Smeargle, L50, M, shiny|100\/100\n|-ability|p1b: Calyrex|As One\n|-ability|p1b: Calyrex|Unnerve\n|-ability|p1a: Weezing|Neutralizing Gas\n|-ability|p2a: Calyrex|As One\n|-ability|p2a: Calyrex|Unnerve\n|turn|1\n|\n|t:|1735706010\n|move|p2a: Calyrex|Protect|p2a: Calyrex\n|-singleturn|p2a: Calyrex|Protect\n|move|p1b: Calyrex|Pollen Puff|p2b: Smeargle\n|-enditem|p2b: Smeargle|Focus Sash\n|-damage|p2b: Smeargle|1\/100\n|-damage|p1b: Calyrex|91\/100|[from] item: Life Orb\n|move|p1a: Weezing|Toxic Spikes|p2a: Calyrex\n|-sidestart|p2: Yung Trav|move: Toxic Spikes\n|move|p2b: Smeargle|Spore|p1b: Calyrex\n|-status|p1b: Calyrex|slp|[from] move: Spore\n|\n|upkeep\n|turn|2\n|inactive|FerrousYak has 30 seconds left.\n|inactive|Yung Trav has 30 seconds left.\n|\n|t:|1735706037\n|move|p2b: Smeargle|Follow Me|p2b: Smeargle\n|-singleturn|p2b: Smeargle|move: Follow Me\n|cant|p1b: Calyrex|slp\n|move|p1a: Weezing|Toxic Spikes|p2a: Calyrex\n|-sidestart|p2: Yung Trav|move: Toxic Spikes\n|move|p2a: Calyrex|Trick Room|p2a: Calyrex\n|-fieldstart|move: Trick Room|[of] p2a: Calyrex\n|\n|upkeep\n|turn|3\n|\n|t:|1735706059\n|-end|p1a: Weezing|ability: Neutralizing Gas\n|switch|p1a: Tatsugiri|Tatsugiri-Droopy, L50, F|100\/100\n|switch|p1b: Dondozo|Dondozo, L50, M|100\/100\n|-activate|p1a: Tatsugiri|ability: Commander|[of] p1b: Dondozo\n|-boost|p1b: Dondozo|atk|2\n|-boost|p1b: Dondozo|spa|2\n|-boost|p1b: Dondozo|spe|2\n|-boost|p1b: Dondozo|def|2\n|-boost|p1b: Dondozo|spd|2\n|move|p2b: Smeargle|Decorate|p2a: Calyrex\n|-boost|p2a: Calyrex|atk|2\n|-boost|p2a: Calyrex|spa|2\n|move|p2a: Calyrex|Glacial Lance|p1a: Tatsugiri|[spread] p1b\n|-miss|p2a: Calyrex|p1a: Tatsugiri\n|-resisted|p1b: Dondozo\n|-crit|p1b: Dondozo\n|-damage|p1b: Dondozo|75\/100\n|\n|-heal|p1b: Dondozo|81\/100|[from] item: Leftovers\n|upkeep\n|turn|4\n|inactive|Yung Trav has 30 seconds left.\n|\n|t:|1735706094\n|switch|p2a: Torkoal|Torkoal, L50, M, shiny|100\/100\n|-status|p2a: Torkoal|tox\n|-weather|SunnyDay|[from] ability: Drought|[of] p2a: Torkoal\n|move|p1b: Dondozo|Protect|p1b: Dondozo\n|-singleturn|p1b: Dondozo|Protect\n|move|p2b: Smeargle|Spore|p1b: Dondozo\n|-activate|p1b: Dondozo|move: Protect\n|\n|-weather|SunnyDay|[upkeep]\n|-heal|p1b: Dondozo|88\/100|[from] item: Leftovers\n|-damage|p2a: Torkoal|94\/100 tox|[from] psn\n|upkeep\n|turn|5\n|\n|t:|1735706115\n|-terastallize|p1b: Dondozo|Grass\n|move|p2a: Torkoal|Clear Smog|p1b: Dondozo\n|-supereffective|p1b: Dondozo\n|-damage|p1b: Dondozo|74\/100\n|-clearboost|p1b: Dondozo\n|move|p2b: Smeargle|Spore|p1b: Dondozo\n|-immune|p1b: Dondozo\n|move|p1b: Dondozo|Order Up|p2b: Smeargle\n|-damage|p2b: Smeargle|0 fnt\n|faint|p2b: Smeargle\n|-boost|p1b: Dondozo|def|1\n|\n|-weather|SunnyDay|[upkeep]\n|-heal|p1b: Dondozo|80\/100|[from] item: Leftovers\n|-damage|p2a: Torkoal|82\/100 tox|[from] psn\n|upkeep\n|inactive|Yung Trav has 30 seconds left.\n|\n|t:|1735706141\n|switch|p2b: Calyrex|Calyrex-Ice, L50|100\/100\n|-ability|p2b: Calyrex|As One\n|-ability|p2b: Calyrex|Unnerve\n|-status|p2b: Calyrex|tox\n|turn|6\n|\n|t:|1735706158\n|move|p2b: Calyrex|Protect|p2b: Calyrex\n|-singleturn|p2b: Calyrex|Protect\n|move|p1b: Dondozo|Protect|p1b: Dondozo\n|-singleturn|p1b: Dondozo|Protect\n|move|p2a: Torkoal|Eruption|p1b: Dondozo|[spread] \n|-miss|p2a: Torkoal|p1a: Tatsugiri\n|-activate|p1b: Dondozo|move: Protect\n|\n|-weather|SunnyDay|[upkeep]\n|-heal|p1b: Dondozo|86\/100|[from] item: Leftovers\n|-damage|p2a: Torkoal|63\/100 tox|[from] psn\n|-damage|p2b: Calyrex|95\/100 tox|[from] psn\n|-fieldend|move: Trick Room\n|upkeep\n|turn|7\n|\n|t:|1735706180\n|move|p1b: Dondozo|Order Up|p2a: Torkoal\n|-damage|p2a: Torkoal|48\/100 tox\n|-boost|p1b: Dondozo|def|1\n|move|p2b: Calyrex|Glacial Lance|p1a: Tatsugiri|[spread] p1b\n|-miss|p2b: Calyrex|p1a: Tatsugiri\n|-supereffective|p1b: Dondozo\n|-damage|p1b: Dondozo|51\/100\n|move|p2a: Torkoal|Weather Ball|p1b: Dondozo\n|-supereffective|p1b: Dondozo\n|-damage|p1b: Dondozo|0 fnt\n|faint|p1b: Dondozo\n|\n|-weather|SunnyDay|[upkeep]\n|-damage|p2b: Calyrex|83\/100 tox|[from] psn\n|-damage|p2a: Torkoal|23\/100 tox|[from] psn\n|upkeep\n|\n|t:|1735706198\n|switch|p1b: Weezing|Weezing-Galar, L50, F|100\/100\n|-ability|p1b: Weezing|Neutralizing Gas\n|turn|8\n|\n|t:|1735706207\n|move|p1a: Tatsugiri|Protect|p1a: Tatsugiri\n|-singleturn|p1a: Tatsugiri|Protect\n|move|p1b: Weezing|Protect|p1b: Weezing\n|-singleturn|p1b: Weezing|Protect\n|move|p2a: Torkoal|Protect|p2a: Torkoal\n|-singleturn|p2a: Torkoal|Protect\n|move|p2b: Calyrex|Trick Room|p2b: Calyrex\n|-fieldstart|move: Trick Room|[of] p2b: Calyrex\n|\n|-weather|none\n|-damage|p2a: Torkoal|0 fnt|[from] psn\n|faint|p2a: Torkoal\n|-damage|p2b: Calyrex|65\/100 tox|[from] psn\n|upkeep\n|\n|t:|1735706222\n|switch|p2a: Ogerpon|Ogerpon-Cornerstone, L50, F|100\/100\n|-status|p2a: Ogerpon|tox\n|turn|9\n|\n|t:|1735706239\n|move|p2b: Calyrex|Glacial Lance|p1b: Weezing|[spread] p1a,p1b\n|-crit|p1b: Weezing\n|-enditem|p1a: Tatsugiri|Focus Sash\n|-damage|p1a: Tatsugiri|1\/100\n|-damage|p1b: Weezing|28\/100\n|move|p1b: Weezing|Dazzling Gleam|p2a: Ogerpon|[spread] p2a,p2b\n|-damage|p2a: Ogerpon|77\/100 tox\n|-damage|p2b: Calyrex|53\/100 tox\n|move|p1a: Tatsugiri|Muddy Water|p2b: Calyrex|[spread] p2a,p2b\n|-damage|p2a: Ogerpon|31\/100 tox\n|-damage|p2b: Calyrex|26\/100 tox\n|move|p2a: Ogerpon|Power Whip|p1a: Tatsugiri\n|-damage|p1a: Tatsugiri|0 fnt\n|faint|p1a: Tatsugiri\n|\n|-damage|p2b: Calyrex|2\/100 tox|[from] psn\n|-damage|p2a: Ogerpon|25\/100 tox|[from] psn\n|upkeep\n|\n|t:|1735706258\n|switch|p1a: Calyrex|Calyrex-Shadow, L50|91\/100 slp\n|-ability|p1a: Calyrex|As One\n|-ability|p1a: Calyrex|Unnerve\n|turn|10\n|\n|t:|1735706277\n|move|p1b: Weezing|Protect|p1b: Weezing\n|-singleturn|p1b: Weezing|Protect\n|cant|p1a: Calyrex|slp\n|move|p2b: Calyrex|Glacial Lance|p1b: Weezing|[spread] p1a\n|-activate|p1b: Weezing|move: Protect\n|-damage|p1a: Calyrex|16\/100 slp\n|move|p2a: Ogerpon|Ivy Cudgel|p1b: Weezing|[anim] Ivy Cudgel Rock\n|-activate|p1b: Weezing|move: Protect\n|\n|-damage|p2b: Calyrex|0 fnt|[from] psn\n|faint|p2b: Calyrex\n|-damage|p2a: Ogerpon|13\/100 tox|[from] psn\n|upkeep\n|turn|11\n|-message|Yung Trav forfeited.\n|\n|win|FerrousYak\n|raw|FerrousYak's rating: 1506 &rarr; <strong>1532<\/strong><br \/>(+26 for winning)\n|raw|Yung Trav's rating: 1620 &rarr; <strong>1594<\/strong><br \/>(-26 for losing)\n|l|\u2606Yung Trav\n|player|p2|\n|l|\u2606FerrousYak\n|player|p1|\n","uploadtime":1735706474,"views":9,"formatid":"gen9vgc2025regg","rating":1532,"private":0,"password":null}