{"id":"gen9vgc2025regg-2272376658","format":"[Gen 9] VGC 2025 Reg G","players":["infinitygroudon","ClockworkToad"],"log":"|j|\u2606infinitygroudon\n|j|\u2606ClockworkToad\n|t:|1735609592\n|gametype|doubles\n|player|p1|infinitygroudon|1|1582\n|player|p2|ClockworkToad|janine|1669\n|teamsize|p1|6\n|teamsize|p2|6\n|gen|9\n|tier|[Gen 9] VGC 2025 Reg G\n|rated|\n|rule|Species Clause: Limit one of each Pok\u00e9mon\n|rule|Item Clause: Limit 1 of each item\n|clearpoke\n|poke|p1|Calyrex-Shadow, L50|\n|poke|p1|Incineroar, L50, M|\n|poke|p1|Weezing-Galar, L50, M|\n|poke|p1|Indeedee-F, L50, F|\n|poke|p1|Iron Valiant, L50|\n|poke|p1|Ursaluna-Bloodmoon, L50, M|\n|poke|p2|Calyrex-Ice, L50|\n|poke|p2|Trapinch, L50, M|\n|poke|p2|Annihilape, L50, M|\n|poke|p2|Pelipper, L50, M|\n|poke|p2|Jigglypuff, L50, M|\n|poke|p2|Urshifu-*, L50, M|\n|teampreview|4\n|\n|t:|1735609607\n|start\n|switch|p1a: Charming|Iron Valiant, L50, shiny|100\/100\n|switch|p1b: Duncan|Calyrex-Shadow, L50|100\/100\n|switch|p2a: Annihilape|Annihilape, L50, M|100\/100\n|switch|p2b: Calyrex|Calyrex-Ice, L50|100\/100\n|-ability|p1b: Duncan|As One\n|-ability|p1b: Duncan|Unnerve\n|-ability|p2b: Calyrex|As One\n|-ability|p2b: Calyrex|Unnerve\n|-enditem|p1a: Charming|Booster Energy\n|-activate|p1a: Charming|ability: Quark Drive|[fromitem]\n|-start|p1a: Charming|quarkdrivespe\n|turn|1\n|j| futonkagebunshin\n|\n|t:|1735609636\n|switch|p2a: Jigglypuff|Jigglypuff, L50, M|100\/100\n|-terastallize|p1a: Charming|Fairy\n|-terastallize|p2b: Calyrex|Grass\n|move|p1a: Charming|Spirit Break|p2a: Jigglypuff\n|-damage|p2a: Jigglypuff|48\/100\n|-unboost|p2a: Jigglypuff|spa|1\n|move|p1b: Duncan|Astral Barrage|p2b: Calyrex|[spread] p2b\n|-immune|p2a: Jigglypuff\n|-damage|p2b: Calyrex|62\/100\n|-damage|p1b: Duncan|91\/100|[from] item: Life Orb\n|move|p2b: Calyrex|Trick Room|p2b: Calyrex\n|-fieldstart|move: Trick Room|[of] p2b: Calyrex\n|\n|upkeep\n|turn|2\n|\n|t:|1735609671\n|move|p1b: Duncan|Protect|p1b: Duncan\n|-singleturn|p1b: Duncan|Protect\n|move|p2a: Jigglypuff|Knock Off|p1b: Duncan\n|-activate|p1b: Duncan|move: Protect\n|move|p2b: Calyrex|Seed Bomb|p1b: Duncan\n|-activate|p1b: Duncan|move: Protect\n|move|p1a: Charming|Spirit Break|p2a: Jigglypuff\n|-damage|p2a: Jigglypuff|0 fnt\n|faint|p2a: Jigglypuff\n|\n|upkeep\n|\n|t:|1735609677\n|switch|p2a: Pelipper|Pelipper, L50, M|100\/100\n|-weather|RainDance|[from] ability: Drizzle|[of] p2a: Pelipper\n|turn|3\n|\n|t:|1735609703\n|switch|p1b: Suthen|Indeedee-F, L50, F|100\/100\n|-fieldstart|move: Psychic Terrain|[from] ability: Psychic Surge|[of] p1b: Suthen\n|move|p2b: Calyrex|Glacial Lance|p1a: Charming|[spread] p1a,p1b\n|-damage|p1a: Charming|31\/100\n|-damage|p1b: Suthen|39\/100\n|move|p2a: Pelipper|Weather Ball|p1b: Suthen\n|-damage|p1b: Suthen|0 fnt\n|faint|p1b: Suthen\n|move|p1a: Charming|Spirit Break|p2a: Pelipper\n|-damage|p2a: Pelipper|45\/100\n|-unboost|p2a: Pelipper|spa|1\n|\n|-weather|RainDance|[upkeep]\n|upkeep\n|\n|t:|1735609715\n|switch|p1b: Mr. Grizz|Ursaluna-Bloodmoon, L50, M|100\/100\n|turn|4\n|\n|t:|1735609745\n|-end|p1a: Charming|Quark Drive|[silent]\n|switch|p1a: Duncan|Calyrex-Shadow, L50|91\/100\n|-ability|p1a: Duncan|As One\n|-ability|p1a: Duncan|Unnerve\n|move|p2b: Calyrex|Seed Bomb|p1b: Mr. Grizz\n|-supereffective|p1b: Mr. Grizz\n|-damage|p1b: Mr. Grizz|19\/100\n|move|p1b: Mr. Grizz|Hyper Voice|p2b: Calyrex|[spread] p2a,p2b\n|-damage|p2a: Pelipper|0 fnt\n|-damage|p2b: Calyrex|39\/100\n|faint|p2a: Pelipper\n|\n|-weather|RainDance|[upkeep]\n|upkeep\n|\n|t:|1735609752\n|switch|p2a: Annihilape|Annihilape, L50, M|100\/100\n|turn|5\n|\n|t:|1735609773\n|move|p1a: Duncan|Protect|p1a: Duncan\n|-singleturn|p1a: Duncan|Protect\n|move|p2b: Calyrex|Glacial Lance|p1b: Mr. Grizz|[spread] p1b\n|-activate|p1a: Duncan|move: Protect\n|-supereffective|p1b: Mr. Grizz\n|-damage|p1b: Mr. Grizz|0 fnt\n|faint|p1b: Mr. Grizz\n|-ability|p2b: Calyrex|Chilling Neigh|boost\n|-boost|p2b: Calyrex|atk|1\n|move|p2a: Annihilape|Shadow Claw|p1a: Duncan\n|-activate|p1a: Duncan|move: Protect\n|\n|-weather|RainDance|[upkeep]\n|-fieldend|move: Trick Room\n|upkeep\n|\n|t:|1735609777\n|switch|p1b: Charming|Iron Valiant, L50, shiny, tera:Fairy|31\/100\n|turn|6\n|\n|t:|1735609786\n|move|p1a: Duncan|Protect||[still]\n|-fail|p1a: Duncan\n|move|p2a: Annihilape|Shadow Claw|p1a: Duncan\n|-supereffective|p1a: Duncan\n|-damage|p1a: Duncan|0 fnt\n|faint|p1a: Duncan\n|move|p1b: Charming|Close Combat|p2b: Calyrex\n|-damage|p2b: Calyrex|2\/100\n|-unboost|p1b: Charming|def|1\n|-unboost|p1b: Charming|spd|1\n|move|p2b: Calyrex|Glacial Lance|p1b: Charming\n|-damage|p1b: Charming|0 fnt\n|faint|p1b: Charming\n|-end|p1b: Charming|Quark Drive|[silent]\n|\n|win|ClockworkToad\n|raw|infinitygroudon's rating: 1582 &rarr; <strong>1567<\/strong><br \/>(-15 for losing)\n|raw|ClockworkToad's rating: 1680 &rarr; <strong>1695<\/strong><br \/>(+15 for winning)\n|l|\u2606infinitygroudon\n|player|p1|\n|l|\u2606ClockworkToad\n|player|p2|\n","uploadtime":1735609806,"views":38,"formatid":"gen9vgc2025regg","rating":1567,"private":0,"password":null}