{"id":"gen9vgc2025regg-2272404959","format":"[Gen 9] VGC 2025 Reg G","players":["RustyChair13","ConnerTEP"],"log":"|j|\u2606RustyChair13\n|j|\u2606ConnerTEP\n|t:|1735613520\n|gametype|doubles\n|player|p1|RustyChair13|scientist-gen4|1548\n|player|p2|ConnerTEP|may-masters2|1533\n|teamsize|p1|6\n|teamsize|p2|6\n|gen|9\n|tier|[Gen 9] VGC 2025 Reg G\n|rated|\n|rule|Species Clause: Limit one of each Pok\u00e9mon\n|rule|Item Clause: Limit 1 of each item\n|clearpoke\n|poke|p1|Zamazenta-*, L50|\n|poke|p1|Urshifu-*, L50, M|\n|poke|p1|Tornadus, L50, M|\n|poke|p1|Ditto, L50|\n|poke|p1|Dragapult, L50, M|\n|poke|p1|Amoonguss, L50, M|\n|poke|p2|Groudon, L50|\n|poke|p2|Entei, L50|\n|poke|p2|Raging Bolt, L50|\n|poke|p2|Rillaboom, L50, F|\n|poke|p2|Flutter Mane, L50|\n|poke|p2|Chien-Pao, L50|\n|teampreview|4\n|inactive|Battle timer is ON: inactive players will automatically lose when time's up. (requested by ConnerTEP)\n|j| futonkagebunshin\n|\n|t:|1735613546\n|start\n|switch|p1a: Dragapult|Dragapult, L50, M, shiny|100\/100\n|switch|p1b: Zamazenta|Zamazenta-Crowned, L50, shiny|100\/100\n|switch|p2a: Hakari|Groudon, L50|100\/100\n|switch|p2b: Todo|Raging Bolt, L50|100\/100\n|-ability|p1b: Zamazenta|Dauntless Shield|boost\n|-boost|p1b: Zamazenta|def|1\n|-weather|SunnyDay|[from] ability: Drought|[of] p2a: Hakari\n|-activate|p2b: Todo|ability: Protosynthesis\n|-start|p2b: Todo|protosynthesisspa\n|turn|1\n|\n|t:|1735613569\n|-terastallize|p1a: Dragapult|Dragon\n|-terastallize|p2b: Todo|Water\n|move|p1b: Zamazenta|Wide Guard|p1b: Zamazenta\n|-singleturn|p1b: Zamazenta|Wide Guard\n|move|p1a: Dragapult|Outrage|p2b: Todo\n|-damage|p2b: Todo|11\/100\n|move|p2a: Hakari|Precipice Blades|p1a: Dragapult|[spread] \n|-activate|p1a: Dragapult|move: Wide Guard\n|-activate|p1b: Zamazenta|move: Wide Guard\n|move|p2b: Todo|Thunderbolt|p1b: Zamazenta\n|-damage|p1b: Zamazenta|56\/100\n|-status|p1b: Zamazenta|par\n|\n|-weather|SunnyDay|[upkeep]\n|upkeep\n|turn|2\n|inactive|ConnerTEP has 30 seconds left.\n|\n|t:|1735613598\n|move|p1a: Dragapult|Outrage|p2b: Todo|[from]lockedmove\n|-damage|p2b: Todo|0 fnt\n|faint|p2b: Todo\n|-end|p2b: Todo|Protosynthesis|[silent]\n|move|p2a: Hakari|Precipice Blades|p1b: Zamazenta|[spread] \n|-miss|p2a: Hakari|p1a: Dragapult\n|-miss|p2a: Hakari|p1b: Zamazenta\n|cant|p1b: Zamazenta|par\n|\n|-weather|SunnyDay|[upkeep]\n|upkeep\n|\n|t:|1735613604\n|switch|p2b: Maki|Flutter Mane, L50|100\/100\n|-activate|p2b: Maki|ability: Protosynthesis\n|-start|p2b: Maki|protosynthesisspe\n|turn|3\n|\n|t:|1735613616\n|move|p2b: Maki|Moonblast|p1a: Dragapult\n|-supereffective|p1a: Dragapult\n|-damage|p1a: Dragapult|0 fnt\n|faint|p1a: Dragapult\n|move|p2a: Hakari|Precipice Blades|p1b: Zamazenta\n|-supereffective|p1b: Zamazenta\n|-damage|p1b: Zamazenta|6\/100 par\n|cant|p1b: Zamazenta|par\n|\n|-weather|SunnyDay|[upkeep]\n|upkeep\n|\n|t:|1735613625\n|switch|p1a: Tornadus|Tornadus, L50, M|100\/100\n|turn|4\n|\n|t:|1735613638\n|move|p1a: Tornadus|Tailwind|p1a: Tornadus\n|-sidestart|p1: RustyChair13|move: Tailwind\n|move|p2b: Maki|Moonblast|p1b: Zamazenta\n|-damage|p1b: Zamazenta|0 fnt\n|faint|p1b: Zamazenta\n|move|p2a: Hakari|Heat Crash|p1a: Tornadus\n|-damage|p1a: Tornadus|12\/100\n|\n|-weather|SunnyDay|[upkeep]\n|upkeep\n|\n|t:|1735613645\n|switch|p1b: Urshifu|Urshifu-Rapid-Strike, L50, M|100\/100\n|turn|5\n|inactive|ConnerTEP has 30 seconds left.\n|\n|t:|1735613673\n|move|p1a: Tornadus|Rain Dance|p1a: Tornadus\n|-weather|RainDance\n|-end|p2b: Maki|Protosynthesis\n|move|p1b: Urshifu|Surging Strikes|p2b: Maki\n|-crit|p2b: Maki\n|-damage|p2b: Maki|33\/100\n|-crit|p2b: Maki\n|-damage|p2b: Maki|0 fnt\n|faint|p2b: Maki\n|-end|p2b: Maki|Protosynthesis|[silent]\n|-hitcount|p2: Maki|2\n|move|p2a: Hakari|Precipice Blades|p1a: Tornadus|[spread] \n|-immune|p1a: Tornadus\n|-miss|p2a: Hakari|p1b: Urshifu\n|\n|-weather|RainDance|[upkeep]\n|upkeep\n|\n|t:|1735613677\n|switch|p2b: Sukuna|Entei, L50|100\/100\n|turn|6\n|\n|t:|1735613689\n|move|p2a: Hakari|Helping Hand|p2b: Sukuna\n|-singleturn|p2b: Sukuna|Helping Hand|[of] p2a: Hakari\n|move|p2b: Sukuna|Extreme Speed|p1b: Urshifu\n|-damage|p1b: Urshifu|60\/100\n|move|p1a: Tornadus|Bleakwind Storm|p2b: Sukuna|[spread] p2a,p2b\n|-crit|p2b: Sukuna\n|-damage|p2a: Hakari|69\/100\n|-damage|p2b: Sukuna|60\/100\n|move|p1b: Urshifu|Surging Strikes|p2b: Sukuna\n|-supereffective|p2b: Sukuna\n|-crit|p2b: Sukuna\n|-damage|p2b: Sukuna|0 fnt\n|faint|p2b: Sukuna\n|-hitcount|p2: Sukuna|1\n|\n|-weather|RainDance|[upkeep]\n|upkeep\n|turn|7\n|-message|ConnerTEP forfeited.\n|\n|win|RustyChair13\n|raw|RustyChair13's rating: 1548 &rarr; <strong>1568<\/strong><br \/>(+20 for winning)\n|raw|ConnerTEP's rating: 1548 &rarr; <strong>1528<\/strong><br \/>(-20 for losing)\n|l|\u2606ConnerTEP\n|player|p2|\n|l|\u2606RustyChair13\n|player|p1|\n","uploadtime":1735613863,"views":352,"formatid":"gen9vgc2025regg","rating":1528,"private":0,"password":null}