{"id":"gen9vgc2025regg-2272897951","format":"[Gen 9] VGC 2025 Reg G","players":["TheBoomisback","super crist"],"log":"|j|\u2606TheBoomisback\n|j|\u203dsuper crist\n|t:|1735691289\n|gametype|doubles\n|player|p1|TheBoomisback|266|1537\n|player|p2|super crist|170|1624\n|teamsize|p1|6\n|teamsize|p2|6\n|gen|9\n|tier|[Gen 9] VGC 2025 Reg G\n|rated|\n|rule|Species Clause: Limit one of each Pok\u00e9mon\n|rule|Item Clause: Limit 1 of each item\n|clearpoke\n|poke|p1|Tornadus, L50, M|\n|poke|p1|Kyogre, L50|\n|poke|p1|Landorus, L50, M|\n|poke|p1|Archaludon, L50, M|\n|poke|p1|Espathra, L50, F|\n|poke|p1|Sableye, L50, M|\n|poke|p2|Calyrex-Ice, L50|\n|poke|p2|Iron Valiant, L50|\n|poke|p2|Urshifu-*, L50, F|\n|poke|p2|Pelipper, L50, F|\n|poke|p2|Landorus, L50, M|\n|poke|p2|Amoonguss, L50, M|\n|teampreview|4\n|inactive|Battle timer is ON: inactive players will automatically lose when time's up. (requested by super crist)\n|inactive|TheBoomisback has 60 seconds left.\n|\n|t:|1735691325\n|start\n|switch|p1a: Espathra|Espathra, L50, F|100\/100\n|switch|p1b: Sableye|Sableye, L50, M|100\/100\n|switch|p2a: Calyrex|Calyrex-Ice, L50|100\/100\n|switch|p2b: Iron Valiant|Iron Valiant, L50, shiny|100\/100\n|-ability|p2a: Calyrex|As One\n|-ability|p2a: Calyrex|Unnerve\n|-enditem|p2b: Iron Valiant|Booster Energy\n|-activate|p2b: Iron Valiant|ability: Quark Drive|[fromitem]\n|-start|p2b: Iron Valiant|quarkdrivespe\n|turn|1\n|inactive|super crist has 30 seconds left.\n|\n|t:|1735691355\n|move|p1b: Sableye|Gravity|p1b: Sableye\n|-fieldstart|move: Gravity\n|move|p2b: Iron Valiant|Spirit Break|p1b: Sableye\n|-supereffective|p1b: Sableye\n|-damage|p1b: Sableye|15\/100\n|-unboost|p1b: Sableye|spa|1\n|move|p1a: Espathra|Hypnosis|p2a: Calyrex\n|-status|p2a: Calyrex|slp|[from] move: Hypnosis\n|cant|p2a: Calyrex|slp\n|\n|-ability|p1a: Espathra|Speed Boost|boost\n|-boost|p1a: Espathra|spe|1\n|upkeep\n|turn|2\n|inactive|TheBoomisback has 30 seconds left.\n|\n|t:|1735691382\n|move|p1b: Sableye|Disable|p2b: Iron Valiant\n|-start|p2b: Iron Valiant|Disable|Spirit Break\n|cant|p2b: Iron Valiant|Disable|Spirit Break\n|move|p1a: Espathra|Lumina Crash|p2b: Iron Valiant\n|-supereffective|p2b: Iron Valiant\n|-damage|p2b: Iron Valiant|15\/100\n|-unboost|p2b: Iron Valiant|spd|2\n|cant|p2a: Calyrex|slp\n|\n|-ability|p1a: Espathra|Speed Boost|boost\n|-boost|p1a: Espathra|spe|1\n|upkeep\n|turn|3\n|inactive|TheBoomisback has 30 seconds left.\n|\n|t:|1735691415\n|-terastallize|p2a: Calyrex|Grass\n|move|p1b: Sableye|Encore|p2b: Iron Valiant\n|-start|p2b: Iron Valiant|Encore\n|move|p1a: Espathra|Baton Pass|p1a: Espathra\n|\n|t:|1735691422\n|switch|p1a: Kyogre|Kyogre, L50|100\/100|[from] Baton Pass\n|-weather|RainDance|[from] ability: Drizzle|[of] p1a: Kyogre\n|cant|p2b: Iron Valiant|Disable|Spirit Break\n|cant|p2a: Calyrex|slp\n|\n|-weather|RainDance|[upkeep]\n|upkeep\n|turn|4\n|inactive|TheBoomisback has 30 seconds left.\n|inactive|TheBoomisback has 20 seconds left.\n|\n|t:|1735691461\n|-end|p2b: Iron Valiant|Quark Drive|[silent]\n|switch|p2b: Amoonguss|Amoonguss, L50, M, shiny|100\/100\n|switch|p1b: Espathra|Espathra, L50, F|100\/100\n|-terastallize|p1a: Kyogre|Ice\n|move|p1a: Kyogre|Blizzard|p2a: Calyrex|[spread] p2a,p2b\n|-supereffective|p2a: Calyrex\n|-supereffective|p2b: Amoonguss\n|-damage|p2a: Calyrex|34\/100 slp\n|-damage|p2b: Amoonguss|0 fnt\n|faint|p2b: Amoonguss\n|-curestatus|p2a: Calyrex|slp|[msg]\n|move|p2a: Calyrex|Trick Room|p2a: Calyrex\n|-fieldstart|move: Trick Room|[of] p2a: Calyrex\n|\n|-weather|RainDance|[upkeep]\n|upkeep\n|\n|t:|1735691478\n|switch|p2b: Urshifu|Urshifu-Rapid-Strike, L50, F|100\/100\n|turn|5\n|inactive|super crist has 30 seconds left.\n|\n|t:|1735691506\n|move|p2a: Calyrex|Glacial Lance|p1b: Espathra|[spread] p1a,p1b\n|-resisted|p1a: Kyogre\n|-damage|p1a: Kyogre|71\/100\n|-damage|p1b: Espathra|26\/100\n|move|p2b: Urshifu|Close Combat|p1a: Kyogre\n|-supereffective|p1a: Kyogre\n|-damage|p1a: Kyogre|0 fnt\n|-unboost|p2b: Urshifu|def|1\n|-unboost|p2b: Urshifu|spd|1\n|faint|p1a: Kyogre\n|move|p1b: Espathra|Hypnosis|p2b: Urshifu\n|-status|p2b: Urshifu|slp|[from] move: Hypnosis\n|\n|-weather|RainDance|[upkeep]\n|-fieldend|move: Gravity\n|-ability|p1b: Espathra|Speed Boost|boost\n|-boost|p1b: Espathra|spe|1\n|upkeep\n|\n|t:|1735691517\n|switch|p1a: Archaludon|Archaludon, L50, M|100\/100\n|turn|6\n|\n|t:|1735691534\n|move|p1b: Espathra|Protect|p1b: Espathra\n|-singleturn|p1b: Espathra|Protect\n|move|p2a: Calyrex|High Horsepower|p1b: Espathra\n|-activate|p1b: Espathra|move: Protect\n|cant|p2b: Urshifu|slp\n|move|p1a: Archaludon|Draco Meteor|p2a: Calyrex\n|-damage|p2a: Calyrex|0 fnt\n|-unboost|p1a: Archaludon|spa|2\n|faint|p2a: Calyrex\n|\n|-weather|RainDance|[upkeep]\n|-ability|p1b: Espathra|Speed Boost|boost\n|-boost|p1b: Espathra|spe|1\n|upkeep\n|\n|t:|1735691539\n|switch|p2a: Iron Valiant|Iron Valiant, L50, shiny|15\/100\n|turn|7\n|inactive|super crist has 30 seconds left.\n|inactive|TheBoomisback has 30 seconds left.\n|inactive|super crist has 20 seconds left.\n|inactive|super crist has 15 seconds left.\n|inactive|super crist has 10 seconds left.\n|\n|t:|1735691587\n|cant|p2b: Urshifu|slp\n|move|p1a: Archaludon|Flash Cannon|p2a: Iron Valiant\n|-supereffective|p2a: Iron Valiant\n|-damage|p2a: Iron Valiant|0 fnt\n|faint|p2a: Iron Valiant\n|-end|p2a: Iron Valiant|Quark Drive|[silent]\n|move|p1b: Espathra|Lumina Crash|p2b: Urshifu\n|-supereffective|p2b: Urshifu\n|-enditem|p2b: Urshifu|Focus Sash\n|-damage|p2b: Urshifu|1\/100 slp\n|-unboost|p2b: Urshifu|spd|2\n|\n|-weather|none\n|-ability|p1b: Espathra|Speed Boost|boost\n|-boost|p1b: Espathra|spe|1\n|upkeep\n|turn|8\n|-message|super crist forfeited.\n|\n|win|TheBoomisback\n|raw|TheBoomisback's rating: 1537 &rarr; <strong>1562<\/strong><br \/>(+25 for winning)\n|raw|super crist's rating: 1624 &rarr; <strong>1599<\/strong><br \/>(-25 for losing)\n|l|\u203dsuper crist\n|player|p2|\n","uploadtime":1735691761,"views":346,"formatid":"gen9vgc2025regg","rating":1562,"private":0,"password":null}