{"id":"gen9vgc2025regg-2272880489","format":"[Gen 9] VGC 2025 Reg G","players":["Flareblitz54","GG=Groudon Gaming"],"log":"|j|\u2606Flareblitz54\n|j|\u2606GG=Groudon Gaming\n|t:|1735688648\n|gametype|doubles\n|player|p1|Flareblitz54|gladion|1528\n|player|p2|GG=Groudon Gaming|may-masters2|1734\n|teamsize|p1|6\n|teamsize|p2|6\n|gen|9\n|tier|[Gen 9] VGC 2025 Reg G\n|rated|\n|rule|Species Clause: Limit one of each Pok\u00e9mon\n|rule|Item Clause: Limit 1 of each item\n|clearpoke\n|poke|p1|Urshifu-*, L50, F|\n|poke|p1|Zamazenta-*, L50|\n|poke|p1|Rillaboom, L50, M|\n|poke|p1|Incineroar, L50, F|\n|poke|p1|Pelipper, L50, M|\n|poke|p1|Landorus, L50, M|\n|poke|p2|Groudon, L50|\n|poke|p2|Entei, L50|\n|poke|p2|Raging Bolt, L50|\n|poke|p2|Rillaboom, L50, M|\n|poke|p2|Flutter Mane, L50|\n|poke|p2|Chien-Pao, L50|\n|teampreview|4\n|inactive|Battle timer is ON: inactive players will automatically lose when time's up. (requested by GG=Groudon Gaming)\n|inactive|Flareblitz54 also wants the timer to be on.\n|inactive|GG=Groudon Gaming has 60 seconds left.\n|\n|t:|1735688696\n|start\n|switch|p1a: Urshifu|Urshifu, L50, F|100\/100\n|switch|p1b: Zacian??|Zamazenta-Crowned, L50|100\/100\n|switch|p2a: Todo|Raging Bolt, L50|100\/100\n|switch|p2b: Gojo|Chien-Pao, L50|100\/100\n|-ability|p2b: Gojo|Sword of Ruin\n|-ability|p1b: Zacian??|Dauntless Shield|boost\n|-boost|p1b: Zacian??|def|1\n|turn|1\n|j| Ogaroa\n|inactive|Flareblitz54 has 30 seconds left.\n|inactive|GG=Groudon Gaming has 30 seconds left.\n|l| Ogaroa\n|inactive|GG=Groudon Gaming has 20 seconds left.\n|\n|t:|1735688732\n|move|p1a: Urshifu|Sucker Punch|p2a: Todo\n|-damage|p2a: Todo|57\/100\n|move|p2b: Gojo|Icicle Crash|p1a: Urshifu\n|-damage|p1a: Urshifu|33\/100\n|move|p1b: Zacian??|Body Press|p2a: Todo\n|-damage|p2a: Todo|0 fnt\n|faint|p2a: Todo\n|-end|p2a: Todo|Protosynthesis|[silent]\n|\n|upkeep\n|j| Ogaroa\n|inactive|GG=Groudon Gaming has 30 seconds left.\n|inactive|GG=Groudon Gaming has 20 seconds left.\n|\n|t:|1735688768\n|switch|p2a: Sukuna|Entei, L50|100\/100\n|turn|2\n|\n|t:|1735688779\n|switch|p1a: Incineroar|Incineroar, L50, F|100\/100\n|-ability|p1a: Incineroar|Intimidate|boost\n|-fail|p2a: Sukuna|unboost|Attack|[from] ability: Inner Focus|[of] p2a: Sukuna\n|-unboost|p2b: Gojo|atk|1\n|-terastallize|p2b: Gojo|Ghost\n|move|p1b: Zacian??|Protect|p1b: Zacian??\n|-singleturn|p1b: Zacian??|Protect\n|move|p2b: Gojo|Icicle Crash|p1a: Incineroar\n|-resisted|p1a: Incineroar\n|-damage|p1a: Incineroar|81\/100\n|move|p2a: Sukuna|Sacred Fire|p1b: Zacian??\n|-activate|p1b: Zacian??|move: Protect\n|\n|upkeep\n|turn|3\n|l| Ogaroa\n|inactive|Flareblitz54 has 30 seconds left.\n|\n|t:|1735688804\n|switch|p2b: Hakari|Groudon, L50|100\/100\n|-weather|SunnyDay|[from] ability: Drought|[of] p2b: Hakari\n|switch|p1a: Pelipper|Pelipper, L50, M|100\/100\n|-weather|RainDance|[from] ability: Drizzle|[of] p1a: Pelipper\n|move|p1b: Zacian??|Body Press|p2a: Sukuna\n|-damage|p2a: Sukuna|35\/100\n|move|p2a: Sukuna|Sacred Fire|p1b: Zacian??\n|-supereffective|p1b: Zacian??\n|-damage|p1b: Zacian??|80\/100\n|\n|-weather|RainDance|[upkeep]\n|upkeep\n|turn|4\n|j| Ogaroa\n|l| Ogaroa\n|inactive|Flareblitz54 has 30 seconds left.\n|inactive|GG=Groudon Gaming has 30 seconds left.\n|j| touchdown julio\n|j| Ogaroa\n|inactive|GG=Groudon Gaming has 20 seconds left.\n|inactive|GG=Groudon Gaming has 15 seconds left.\n|inactive|GG=Groudon Gaming has 10 seconds left.\n|\n|t:|1735688852\n|switch|p2a: Gojo|Chien-Pao, L50, tera:Ghost|100\/100\n|-ability|p2a: Gojo|Sword of Ruin\n|move|p2b: Hakari|Protect|p2b: Hakari\n|-singleturn|p2b: Hakari|Protect\n|move|p1b: Zacian??|Body Press|p2a: Gojo\n|-immune|p2a: Gojo\n|move|p1a: Pelipper|Tailwind|p1a: Pelipper\n|-sidestart|p1: Flareblitz54|move: Tailwind\n|\n|-weather|RainDance|[upkeep]\n|upkeep\n|turn|5\n|l| Ogaroa\n|c|\u2606Flareblitz54|based jujutsu kaisen names\n|c|\u2606GG=Groudon Gaming|Thanks !\n|j| Ogaroa\n|inactive|Flareblitz54 has 30 seconds left.\n|\n|t:|1735688878\n|switch|p2b: Sukuna|Entei, L50|35\/100\n|-terastallize|p1b: Zacian??|Dragon\n|move|p1b: Zacian??|Heavy Slam|p2a: Gojo\n|-damage|p2a: Gojo|38\/100\n|move|p1a: Pelipper|Weather Ball|p2b: Sukuna\n|-supereffective|p2b: Sukuna\n|-damage|p2b: Sukuna|0 fnt\n|faint|p2b: Sukuna\n|move|p2a: Gojo|Icicle Crash|p1a: Pelipper\n|-damage|p1a: Pelipper|39\/100\n|\n|-weather|RainDance|[upkeep]\n|upkeep\n|\n|t:|1735688889\n|switch|p2b: Hakari|Groudon, L50|100\/100\n|-weather|SunnyDay|[from] ability: Drought|[of] p2b: Hakari\n|turn|6\n|l| Ogaroa\n|j| Ogaroa\n|\n|t:|1735688909\n|switch|p1a: Incineroar|Incineroar, L50, F|81\/100\n|-ability|p1a: Incineroar|Intimidate|boost\n|-unboost|p2a: Gojo|atk|1\n|-fail|p2b: Hakari|unboost|[from] item: Clear Amulet|[of] p2b: Hakari\n|move|p1b: Zacian??|Protect|p1b: Zacian??\n|-singleturn|p1b: Zacian??|Protect\n|move|p2a: Gojo|Protect|p2a: Gojo\n|-singleturn|p2a: Gojo|Protect\n|move|p2b: Hakari|Precipice Blades|p1b: Zacian??|[spread] p1a\n|-activate|p1b: Zacian??|move: Protect\n|-supereffective|p1a: Incineroar\n|-damage|p1a: Incineroar|0 fnt\n|faint|p1a: Incineroar\n|\n|-weather|SunnyDay|[upkeep]\n|upkeep\n|l| Ogaroa\n|j| Ogaroa\n|\n|t:|1735688923\n|switch|p1a: Pelipper|Pelipper, L50, M|39\/100\n|-weather|RainDance|[from] ability: Drizzle|[of] p1a: Pelipper\n|turn|7\n|\n|t:|1735688933\n|move|p2a: Gojo|Protect||[still]\n|-fail|p2a: Gojo\n|move|p2b: Hakari|Protect|p2b: Hakari\n|-singleturn|p2b: Hakari|Protect\n|move|p1b: Zacian??|Heavy Slam|p2a: Gojo\n|-damage|p2a: Gojo|0 fnt\n|faint|p2a: Gojo\n|move|p1a: Pelipper|Weather Ball|p2b: Hakari\n|-activate|p2b: Hakari|move: Protect\n|\n|-weather|RainDance|[upkeep]\n|-sideend|p1: Flareblitz54|move: Tailwind\n|upkeep\n|turn|8\n|l| Ogaroa\n|\n|t:|1735688941\n|move|p1b: Zacian??|Body Press|p2b: Hakari\n|-damage|p2b: Hakari|61\/100\n|move|p1a: Pelipper|Weather Ball|p2b: Hakari\n|-supereffective|p2b: Hakari\n|-damage|p2b: Hakari|0 fnt\n|faint|p2b: Hakari\n|\n|win|Flareblitz54\n|raw|Flareblitz54's rating: 1528 &rarr; <strong>1559<\/strong><br \/>(+31 for winning)\n|raw|GG=Groudon Gaming's rating: 1734 &rarr; <strong>1703<\/strong><br \/>(-31 for losing)\n|c|\u2606GG=Groudon Gaming|gg\n|c|\u2606Flareblitz54|gg\n|j| Ogaroa\n|l|\u2606Flareblitz54\n|player|p1|\n|l| touchdown julio\n|l| Ogaroa\n|j| Ogaroa\n|l| Ogaroa\n","uploadtime":1735689113,"views":353,"formatid":"gen9vgc2025regg","rating":1559,"private":0,"password":null}