{"id":"gen9vgc2025regg-2272660498","format":"[Gen 9] VGC 2025 Reg G","players":["Mildly Displeased","SeaWolfMikess"],"log":"|j|\u2606Mildly Displeased\n|j|\u2606SeaWolfMikess\n|t:|1735659412\n|gametype|doubles\n|player|p1|Mildly Displeased|lillie|1546\n|player|p2|SeaWolfMikess|hugh|1564\n|teamsize|p1|6\n|teamsize|p2|6\n|gen|9\n|tier|[Gen 9] VGC 2025 Reg G\n|rated|\n|rule|Species Clause: Limit one of each Pok\u00e9mon\n|rule|Item Clause: Limit 1 of each item\n|clearpoke\n|poke|p1|Zamazenta-*, L50|\n|poke|p1|Primarina, L50, M|\n|poke|p1|Talonflame, L50, F|\n|poke|p1|Scizor, L50, M|\n|poke|p1|Raichu, L50, M|\n|poke|p1|Ogerpon-Hearthflame, L50, F|\n|poke|p2|Groudon, L50|\n|poke|p2|Chi-Yu, L50|\n|poke|p2|Flutter Mane, L50|\n|poke|p2|Raging Bolt, L50|\n|poke|p2|Urshifu-*, L50, F|\n|poke|p2|Jumpluff, L50, M|\n|teampreview|4\n|\n|t:|1735659444\n|start\n|switch|p1a: Moltrez|Talonflame, L50, F|100\/100\n|switch|p1b: Pippin|Zamazenta-Crowned, L50|100\/100\n|switch|p2a: Groudon|Groudon, L50|100\/100\n|switch|p2b: Jumpluff|Jumpluff, L50, M|100\/100\n|-ability|p1b: Pippin|Dauntless Shield|boost\n|-boost|p1b: Pippin|def|1\n|-weather|SunnyDay|[from] ability: Drought|[of] p2a: Groudon\n|turn|1\n|\n|t:|1735659465\n|move|p1a: Moltrez|Brave Bird|p2b: Jumpluff\n|-supereffective|p2b: Jumpluff\n|-damage|p2b: Jumpluff|0 fnt\n|faint|p2b: Jumpluff\n|-damage|p1a: Moltrez|62\/100|[from] Recoil\n|move|p1b: Pippin|Iron Defense|p1b: Pippin\n|-boost|p1b: Pippin|def|2\n|move|p2a: Groudon|Heat Crash|p1a: Moltrez\n|-resisted|p1a: Moltrez\n|-damage|p1a: Moltrez|10\/100\n|\n|-weather|SunnyDay|[upkeep]\n|upkeep\n|\n|t:|1735659471\n|switch|p2b: Chi-Yu|Chi-Yu, L50|100\/100\n|-ability|p2b: Chi-Yu|Beads of Ruin\n|turn|2\n|\n|t:|1735659498\n|-terastallize|p1b: Pippin|Ghost\n|move|p2a: Groudon|Helping Hand|p2b: Chi-Yu\n|-singleturn|p2b: Chi-Yu|Helping Hand|[of] p2a: Groudon\n|move|p1b: Pippin|Wide Guard|p1b: Pippin\n|-singleturn|p1b: Pippin|Wide Guard\n|move|p2b: Chi-Yu|Heat Wave|p1b: Pippin|[spread] \n|-activate|p1a: Moltrez|move: Wide Guard\n|-activate|p1b: Pippin|move: Wide Guard\n|move|p1a: Moltrez|Brave Bird|p2b: Chi-Yu\n|-damage|p2b: Chi-Yu|4\/100\n|-damage|p1a: Moltrez|0 fnt|[from] Recoil\n|faint|p1a: Moltrez\n|\n|-weather|SunnyDay|[upkeep]\n|upkeep\n|\n|t:|1735659507\n|switch|p1a: BIGMEATYCLAWZ|Scizor, L50, M|100\/100\n|turn|3\n|j| Mobile-NWNCC\n|\n|t:|1735659522\n|move|p1a: BIGMEATYCLAWZ|Bullet Punch|p2b: Chi-Yu\n|-resisted|p2b: Chi-Yu\n|-damage|p2b: Chi-Yu|0 fnt\n|faint|p2b: Chi-Yu\n|move|p1b: Pippin|Iron Defense|p1b: Pippin\n|-boost|p1b: Pippin|def|2\n|move|p2a: Groudon|Heat Crash|p1a: BIGMEATYCLAWZ\n|-supereffective|p1a: BIGMEATYCLAWZ\n|-damage|p1a: BIGMEATYCLAWZ|0 fnt\n|faint|p1a: BIGMEATYCLAWZ\n|\n|-weather|SunnyDay|[upkeep]\n|upkeep\n|\n|t:|1735659524\n|switch|p2b: Flutter Mane|Flutter Mane, L50|100\/100\n|switch|p1a: Ogerpon|Ogerpon-Hearthflame, L50, F|100\/100\n|-activate|p2b: Flutter Mane|ability: Protosynthesis\n|-start|p2b: Flutter Mane|protosynthesisspe\n|-ability|p1a: Ogerpon|Mold Breaker\n|turn|4\n|\n|t:|1735659535\n|move|p2a: Groudon|Helping Hand|p2b: Flutter Mane\n|-singleturn|p2b: Flutter Mane|Helping Hand|[of] p2a: Groudon\n|move|p2b: Flutter Mane|Shadow Ball|p1a: Ogerpon\n|-damage|p1a: Ogerpon|0 fnt\n|faint|p1a: Ogerpon\n|move|p1b: Pippin|Body Press|p2a: Groudon\n|-damage|p2a: Groudon|0 fnt\n|faint|p2a: Groudon\n|\n|-weather|SunnyDay|[upkeep]\n|upkeep\n|turn|5\n|\n|t:|1735659542\n|move|p2b: Flutter Mane|Shadow Ball|p1b: Pippin\n|-supereffective|p1b: Pippin\n|-damage|p1b: Pippin|9\/100\n|-unboost|p1b: Pippin|spd|1\n|move|p1b: Pippin|Heavy Slam|p2b: Flutter Mane\n|-supereffective|p2b: Flutter Mane\n|-crit|p2b: Flutter Mane\n|-damage|p2b: Flutter Mane|0 fnt\n|faint|p2b: Flutter Mane\n|-end|p2b: Flutter Mane|Protosynthesis|[silent]\n|\n|win|Mildly Displeased\n|raw|Mildly Displeased's rating: 1546 &rarr; <strong>1567<\/strong><br \/>(+21 for winning)\n|raw|SeaWolfMikess's rating: 1564 &rarr; <strong>1543<\/strong><br \/>(-21 for losing)\n|l|\u2606SeaWolfMikess\n|player|p2|\n|l|\u2606Mildly Displeased\n|player|p1|\n","uploadtime":1735659738,"views":501,"formatid":"gen9vgc2025regg","rating":1543,"private":0,"password":null}