{"id":"gen9vgc2025regg-2272556843","format":"[Gen 9] VGC 2025 Reg G","players":["super crist","llefface"],"log":"|j|\u203dsuper crist\n|j|\u2606llefface\n|t:|1735642364\n|gametype|doubles\n|player|p1|super crist|266|1604\n|player|p2|llefface|lana-masters|1519\n|teamsize|p1|6\n|teamsize|p2|6\n|gen|9\n|tier|[Gen 9] VGC 2025 Reg G\n|rated|\n|rule|Species Clause: Limit one of each Pok\u00e9mon\n|rule|Item Clause: Limit 1 of each item\n|clearpoke\n|poke|p1|Calyrex-Ice, L50|\n|poke|p1|Iron Valiant, L50|\n|poke|p1|Urshifu-*, L50, M|\n|poke|p1|Pelipper, L50, F|\n|poke|p1|Landorus, L50, M|\n|poke|p1|Amoonguss, L50, M|\n|poke|p2|Terapagos, L50, M|\n|poke|p2|Smeargle, L50, M|\n|poke|p2|Iron Hands, L50|\n|poke|p2|Chi-Yu, L50|\n|poke|p2|Flutter Mane, L50|\n|poke|p2|Dragonite, L50, F|\n|teampreview|4\n|j| yeayuup\n|inactive|Battle timer is ON: inactive players will automatically lose when time's up. (requested by super crist)\n|c|\u2606llefface|glhf!\n|\n|t:|1735642393\n|start\n|switch|p1a: Calyrex|Calyrex-Ice, L50|100\/100\n|switch|p1b: Iron Valiant|Iron Valiant, L50, shiny|100\/100\n|switch|p2a: Akupara|Terapagos, L50, M|100\/100\n|switch|p2b: Smeargie|Smeargle, L50, M|100\/100\n|-activate|p2a: Akupara|ability: Tera Shift\n|detailschange|p2a: Akupara|Terapagos-Terastal, L50, M\n|-heal|p2a: Akupara|100\/100|[silent]\n|-ability|p1a: Calyrex|As One\n|-ability|p1a: Calyrex|Unnerve\n|-enditem|p1b: Iron Valiant|Booster Energy\n|-activate|p1b: Iron Valiant|ability: Quark Drive|[fromitem]\n|-start|p1b: Iron Valiant|quarkdrivespe\n|turn|1\n|\n|t:|1735642415\n|-terastallize|p1a: Calyrex|Grass\n|move|p1b: Iron Valiant|Spirit Break|p2a: Akupara\n|-activate|p2a: Akupara|ability: Tera Shell\n|-resisted|p2a: Akupara\n|-damage|p2a: Akupara|85\/100\n|-unboost|p2a: Akupara|spa|1\n|move|p2b: Smeargie|Decorate|p2a: Akupara\n|-boost|p2a: Akupara|atk|2\n|-boost|p2a: Akupara|spa|2\n|move|p2a: Akupara|Tera Starstorm|p1a: Calyrex\n|-damage|p1a: Calyrex|23\/100\n|move|p1a: Calyrex|Glacial Lance|p2b: Smeargie|[spread] p2a,p2b\n|-damage|p2a: Akupara|36\/100\n|-enditem|p2b: Smeargie|Focus Sash\n|-damage|p2b: Smeargie|1\/100\n|\n|upkeep\n|turn|2\n|inactive|super crist has 30 seconds left.\n|inactive|llefface has 30 seconds left.\n|inactive|super crist has 20 seconds left.\n|\n|t:|1735642452\n|move|p1a: Calyrex|Protect|p1a: Calyrex\n|-singleturn|p1a: Calyrex|Protect\n|move|p1b: Iron Valiant|Spirit Break|p2b: Smeargie\n|-damage|p2b: Smeargie|0 fnt\n|faint|p2b: Smeargie\n|move|p2a: Akupara|Tera Starstorm|p1a: Calyrex\n|-activate|p1a: Calyrex|move: Protect\n|\n|upkeep\n|\n|t:|1735642460\n|switch|p2b: Flutter|Flutter Mane, L50|100\/100\n|-enditem|p2b: Flutter|Booster Energy\n|-activate|p2b: Flutter|ability: Protosynthesis|[fromitem]\n|-start|p2b: Flutter|protosynthesisspe\n|turn|3\n|\n|t:|1735642471\n|-end|p1b: Iron Valiant|Quark Drive|[silent]\n|switch|p1b: Amoonguss|Amoonguss, L50, M, shiny|100\/100\n|move|p2b: Flutter|Moonblast|p1b: Amoonguss\n|-resisted|p1b: Amoonguss\n|-damage|p1b: Amoonguss|80\/100\n|move|p2a: Akupara|Tera Starstorm|p1a: Calyrex\n|-damage|p1a: Calyrex|0 fnt\n|faint|p1a: Calyrex\n|\n|upkeep\n|\n|t:|1735642488\n|switch|p1a: Urshifu|Urshifu-Rapid-Strike, L50, M|100\/100\n|turn|4\n|j| Therazer456\n|\n|t:|1735642507\n|-terastallize|p2a: Akupara|Stellar\n|detailschange|p2a: Akupara|Terapagos-Stellar, L50, M, tera:Stellar\n|-heal|p2a: Akupara|54\/100|[silent]\n|move|p1a: Urshifu|Protect|p1a: Urshifu\n|-singleturn|p1a: Urshifu|Protect\n|move|p2b: Flutter|Icy Wind|p1b: Amoonguss|[spread] p1b\n|-activate|p1a: Urshifu|move: Protect\n|-supereffective|p1b: Amoonguss\n|-damage|p1b: Amoonguss|58\/100\n|-unboost|p1b: Amoonguss|spe|1\n|move|p2a: Akupara|Tera Starstorm|p1a: Urshifu|[spread] p1b\n|-activate|p1a: Urshifu|move: Protect\n|-damage|p1b: Amoonguss|0 fnt\n|faint|p1b: Amoonguss\n|\n|upkeep\n|\n|t:|1735642519\n|switch|p1b: Iron Valiant|Iron Valiant, L50, shiny|100\/100\n|turn|5\n|\n|t:|1735642530\n|move|p1b: Iron Valiant|Wide Guard|p1b: Iron Valiant\n|-singleturn|p1b: Iron Valiant|Wide Guard\n|move|p2b: Flutter|Moonblast|p1b: Iron Valiant\n|-supereffective|p1b: Iron Valiant\n|-crit|p1b: Iron Valiant\n|-damage|p1b: Iron Valiant|0 fnt\n|faint|p1b: Iron Valiant\n|-end|p1b: Iron Valiant|Quark Drive|[silent]\n|move|p1a: Urshifu|Surging Strikes|p2b: Flutter\n|-crit|p2b: Flutter\n|-damage|p2b: Flutter|68\/100\n|-crit|p2b: Flutter\n|-damage|p2b: Flutter|36\/100\n|-crit|p2b: Flutter\n|-damage|p2b: Flutter|7\/100\n|-hitcount|p2b: Flutter|3\n|move|p2a: Akupara|Tera Starstorm|p1a: Urshifu\n|-activate|p1a: Urshifu|move: Wide Guard\n|\n|upkeep\n|turn|6\n|-message|super crist forfeited.\n|\n|win|llefface\n|raw|super crist's rating: 1604 &rarr; <strong>1579<\/strong><br \/>(-25 for losing)\n|raw|llefface's rating: 1519 &rarr; <strong>1544<\/strong><br \/>(+25 for winning)\n|l|\u203dsuper crist\n|player|p1|\n|l|\u2606llefface\n|player|p2|\n|l| Therazer456\n|l| yeayuup\n","uploadtime":1735642801,"views":339,"formatid":"gen9vgc2025regg","rating":1544,"private":0,"password":null}