{"id":"gen9vgc2025regg-2272913392","format":"[Gen 9] VGC 2025 Reg G","players":["ClockworkToad","bgc0"],"log":"|j|\u2606ClockworkToad\n|j|\u2606bgc0\n|t:|1735693585\n|gametype|doubles\n|player|p1|ClockworkToad|janine|1682\n|player|p2|bgc0|steven|1598\n|teamsize|p1|6\n|teamsize|p2|6\n|gen|9\n|tier|[Gen 9] VGC 2025 Reg G\n|rated|\n|rule|Species Clause: Limit one of each Pok\u00e9mon\n|rule|Item Clause: Limit 1 of each item\n|clearpoke\n|poke|p1|Calyrex-Ice, L50|\n|poke|p1|Trapinch, L50, F|\n|poke|p1|Annihilape, L50, M|\n|poke|p1|Pelipper, L50, F|\n|poke|p1|Jigglypuff, L50, F|\n|poke|p1|Urshifu-*, L50, F|\n|poke|p2|Volcarona, L50, M|\n|poke|p2|Eternatus, L50|\n|poke|p2|Iron Bundle, L50|\n|poke|p2|Farigiraf, L50, M|\n|poke|p2|Urshifu-*, L50, F|\n|poke|p2|Ursaluna, L50, M|\n|teampreview|4\n|\n|t:|1735693627\n|start\n|switch|p1a: Annihilape|Annihilape, L50, M|100\/100\n|switch|p1b: Calyrex|Calyrex-Ice, L50|100\/100\n|switch|p2a: Eternatus|Eternatus, L50|100\/100\n|switch|p2b: Iron Bundle|Iron Bundle, L50, shiny|100\/100\n|-ability|p1b: Calyrex|As One\n|-ability|p1b: Calyrex|Unnerve\n|-ability|p2a: Eternatus|Pressure\n|-enditem|p2b: Iron Bundle|Booster Energy\n|-activate|p2b: Iron Bundle|ability: Quark Drive|[fromitem]\n|-start|p2b: Iron Bundle|quarkdrivespe\n|turn|1\n|\n|t:|1735693640\n|move|p1b: Calyrex|Protect|p1b: Calyrex\n|-singleturn|p1b: Calyrex|Protect\n|move|p2b: Iron Bundle|Icy Wind|p1b: Calyrex|[spread] p1a\n|-activate|p1b: Calyrex|move: Protect\n|-damage|p1a: Annihilape|81\/100\n|-unboost|p1a: Annihilape|spe|1\n|move|p2a: Eternatus|Dynamax Cannon|p1b: Calyrex\n|-activate|p1b: Calyrex|move: Protect\n|move|p1a: Annihilape|Final Gambit|p2b: Iron Bundle\n|-damage|p2b: Iron Bundle|0 fnt\n|faint|p1a: Annihilape\n|faint|p2b: Iron Bundle\n|-end|p2b: Iron Bundle|Quark Drive|[silent]\n|\n|upkeep\n|\n|t:|1735693660\n|switch|p2b: Urshifu|Urshifu, L50, F|100\/100\n|switch|p1a: Urshifu|Urshifu, L50, F|100\/100\n|turn|2\n|\n|t:|1735693677\n|switch|p2b: Volcarona|Volcarona, L50, M|100\/100\n|switch|p1a: Jigglypuff|Jigglypuff, L50, F|100\/100\n|-terastallize|p1b: Calyrex|Grass\n|move|p2a: Eternatus|Meteor Beam||[still]\n|-prepare|p2a: Eternatus|Meteor Beam\n|-boost|p2a: Eternatus|spa|1\n|-enditem|p2a: Eternatus|Power Herb\n|-anim|p2a: Eternatus|Meteor Beam|p1b: Calyrex\n|-damage|p1b: Calyrex|61\/100\n|move|p1b: Calyrex|Trick Room|p1b: Calyrex\n|-fieldstart|move: Trick Room|[of] p1b: Calyrex\n|\n|upkeep\n|turn|3\n|\n|t:|1735693713\n|-terastallize|p2a: Eternatus|Dark\n|move|p1a: Jigglypuff|Heal Pulse|p1b: Calyrex\n|-heal|p1b: Calyrex|100\/100\n|move|p1b: Calyrex|Glacial Lance|p2b: Volcarona|[spread] p2a,p2b\n|-resisted|p2b: Volcarona\n|-damage|p2a: Eternatus|52\/100\n|-damage|p2b: Volcarona|72\/100\n|move|p2b: Volcarona|Heat Wave|p1b: Calyrex|[spread] p1a\n|-miss|p2b: Volcarona|p1b: Calyrex\n|-damage|p1a: Jigglypuff|68\/100\n|move|p2a: Eternatus|Sludge Bomb|p1a: Jigglypuff\n|-supereffective|p1a: Jigglypuff\n|-damage|p1a: Jigglypuff|0 fnt\n|faint|p1a: Jigglypuff\n|\n|upkeep\n|\n|t:|1735693726\n|switch|p1a: Urshifu|Urshifu, L50, F|100\/100\n|turn|4\n|\n|t:|1735693753\n|move|p2b: Volcarona|Rage Powder|p2b: Volcarona\n|-singleturn|p2b: Volcarona|move: Rage Powder\n|move|p1a: Urshifu|Close Combat|p2b: Volcarona\n|-resisted|p2b: Volcarona\n|-damage|p2b: Volcarona|37\/100\n|-unboost|p1a: Urshifu|def|1\n|-unboost|p1a: Urshifu|spd|1\n|move|p1b: Calyrex|Glacial Lance|p2b: Volcarona|[spread] p2a,p2b\n|-resisted|p2b: Volcarona\n|-damage|p2a: Eternatus|3\/100\n|-damage|p2b: Volcarona|10\/100\n|move|p2a: Eternatus|Sludge Bomb|p1b: Calyrex\n|-supereffective|p1b: Calyrex\n|-damage|p1b: Calyrex|0 fnt\n|-enditem|p2b: Volcarona|Sitrus Berry|[eat]\n|-heal|p2b: Volcarona|35\/100|[from] item: Sitrus Berry\n|faint|p1b: Calyrex\n|\n|upkeep\n|turn|5\n|\n|t:|1735693770\n|move|p2b: Volcarona|Rage Powder|p2b: Volcarona\n|-singleturn|p2b: Volcarona|move: Rage Powder\n|move|p1a: Urshifu|Wicked Blow|p2b: Volcarona\n|-crit|p2b: Volcarona\n|-damage|p2b: Volcarona|0 fnt\n|faint|p2b: Volcarona\n|move|p2a: Eternatus|Sludge Bomb|p1a: Urshifu\n|-damage|p1a: Urshifu|0 fnt\n|faint|p1a: Urshifu\n|\n|win|bgc0\n|raw|ClockworkToad's rating: 1682 &rarr; <strong>1657<\/strong><br \/>(-25 for losing)\n|raw|bgc0's rating: 1598 &rarr; <strong>1623<\/strong><br \/>(+25 for winning)\n|c|\u2606ClockworkToad|Ggwp\n|l|\u2606ClockworkToad\n|player|p1|\n|c|\u2606bgc0|Gg\n|l|\u2606bgc0\n|player|p2|\n","uploadtime":1735693908,"views":103,"formatid":"gen9vgc2025regg","rating":1623,"private":0,"password":null}