{"id":"gen9vgc2025regg-2272970815","format":"[Gen 9] VGC 2025 Reg G","players":["bgc0","Yung Trav"],"log":"|j|\u2606bgc0\n|j|\u2606Yung Trav\n|t:|1735702375\n|gametype|doubles\n|player|p1|bgc0|steven|1589\n|player|p2|Yung Trav|1|1645\n|teamsize|p1|6\n|teamsize|p2|6\n|gen|9\n|tier|[Gen 9] VGC 2025 Reg G\n|rated|\n|rule|Species Clause: Limit one of each Pok\u00e9mon\n|rule|Item Clause: Limit 1 of each item\n|clearpoke\n|poke|p1|Volcarona, L50, M|\n|poke|p1|Eternatus, L50|\n|poke|p1|Iron Bundle, L50|\n|poke|p1|Farigiraf, L50, M|\n|poke|p1|Urshifu-*, L50, F|\n|poke|p1|Ursaluna, L50, M|\n|poke|p2|Calyrex-Ice, L50|\n|poke|p2|Torkoal, L50, M|\n|poke|p2|Smeargle, L50, M|\n|poke|p2|Farigiraf, L50, M|\n|poke|p2|Iron Valiant, L50|\n|poke|p2|Ogerpon-Cornerstone, L50, F|\n|teampreview|4\n|inactive|Battle timer is ON: inactive players will automatically lose when time's up. (requested by bgc0)\nbgc0 rejected open team sheets.\n|\n|t:|1735702451\n|start\n|switch|p1a: Farigiraf|Farigiraf, L50, M|100\/100\n|switch|p1b: Urshifu|Urshifu, L50, F|100\/100\n|switch|p2a: Calyrex|Calyrex-Ice, L50|100\/100\n|switch|p2b: Ogerpon|Ogerpon-Cornerstone, L50, F|100\/100\n|-ability|p2a: Calyrex|As One\n|-ability|p2a: Calyrex|Unnerve\n|turn|1\n|\n|t:|1735702467\n|-terastallize|p1a: Farigiraf|Water\n|-terastallize|p2a: Calyrex|Fire\n|move|p2b: Ogerpon|Taunt|p1a: Farigiraf\n|-start|p1a: Farigiraf|move: Taunt\n|move|p1b: Urshifu|U-turn|p2b: Ogerpon\n|-supereffective|p2b: Ogerpon\n|-damage|p2b: Ogerpon|8\/100\n|\n|t:|1735702481\n|switch|p1b: Iron Bundle|Iron Bundle, L50, shiny|100\/100|[from] U-turn\n|-enditem|p1b: Iron Bundle|Booster Energy\n|-activate|p1b: Iron Bundle|ability: Quark Drive|[fromitem]\n|-start|p1b: Iron Bundle|quarkdrivespe\n|cant|p1a: Farigiraf|move: Taunt|Imprison\n|move|p2a: Calyrex|Trick Room|p2a: Calyrex\n|-fieldstart|move: Trick Room|[of] p2a: Calyrex\n|\n|upkeep\n|turn|2\n|\n|t:|1735702503\n|switch|p1a: Urshifu|Urshifu, L50, F|100\/100\n|switch|p2b: Smeargle|Smeargle, L50, M, shiny|100\/100\n|-end|p1b: Iron Bundle|Quark Drive|[silent]\n|switch|p1b: Eternatus|Eternatus, L50|100\/100\n|-ability|p1b: Eternatus|Pressure\n|move|p2a: Calyrex|Glacial Lance|p1a: Urshifu|[spread] p1a,p1b\n|-supereffective|p1b: Eternatus\n|-damage|p1a: Urshifu|35\/100\n|-damage|p1b: Eternatus|1\/100\n|\n|upkeep\n|turn|3\n|\n|t:|1735702527\n|move|p1b: Eternatus|Protect|p1b: Eternatus\n|-singleturn|p1b: Eternatus|Protect\n|move|p1a: Urshifu|Sucker Punch|p2a: Calyrex\n|-damage|p2a: Calyrex|63\/100\n|move|p2b: Smeargle|Decorate|p2a: Calyrex\n|-boost|p2a: Calyrex|atk|2\n|-boost|p2a: Calyrex|spa|2\n|move|p2a: Calyrex|Glacial Lance|p1a: Urshifu|[spread] p1a\n|-activate|p1b: Eternatus|move: Protect\n|-damage|p1a: Urshifu|0 fnt\n|faint|p1a: Urshifu\n|-ability|p2a: Calyrex|Chilling Neigh|boost\n|-boost|p2a: Calyrex|atk|1\n|\n|upkeep\n|\n|t:|1735702534\n|switch|p1a: Farigiraf|Farigiraf, L50, M, tera:Water|100\/100\n|turn|4\n|\n|t:|1735702557\n|switch|p1b: Iron Bundle|Iron Bundle, L50, shiny|100\/100\n|move|p2b: Smeargle|Follow Me|p2b: Smeargle\n|-singleturn|p2b: Smeargle|move: Follow Me\n|move|p2a: Calyrex|Glacial Lance|p1a: Farigiraf|[spread] p1a,p1b\n|-resisted|p1a: Farigiraf\n|-resisted|p1b: Iron Bundle\n|-damage|p1a: Farigiraf|49\/100\n|-damage|p1b: Iron Bundle|56\/100\n|move|p1a: Farigiraf|Foul Play|p2b: Smeargle\n|-damage|p2b: Smeargle|91\/100\n|\n|upkeep\n|turn|5\n|\n|t:|1735702579\n|move|p1b: Iron Bundle|Protect|p1b: Iron Bundle\n|-singleturn|p1b: Iron Bundle|Protect\n|move|p2b: Smeargle|Decorate|p2a: Calyrex\n|-boost|p2a: Calyrex|atk|2\n|-boost|p2a: Calyrex|spa|2\n|move|p2a: Calyrex|Glacial Lance|p1b: Iron Bundle|[spread] p1a\n|-activate|p1b: Iron Bundle|move: Protect\n|-resisted|p1a: Farigiraf\n|-damage|p1a: Farigiraf|0 fnt\n|faint|p1a: Farigiraf\n|-ability|p2a: Calyrex|Chilling Neigh|boost\n|-boost|p2a: Calyrex|atk|1\n|\n|-fieldend|move: Trick Room\n|upkeep\n|\n|t:|1735702583\n|switch|p1a: Eternatus|Eternatus, L50|1\/100\n|-ability|p1a: Eternatus|Pressure\n|turn|6\n|inactive|Yung Trav has 30 seconds left.\n|\n|t:|1735702613\n|move|p2a: Calyrex|Protect|p2a: Calyrex\n|-singleturn|p2a: Calyrex|Protect\n|move|p1b: Iron Bundle|Encore|p2b: Smeargle\n|-start|p2b: Smeargle|Encore\n|move|p1a: Eternatus|Meteor Beam||[still]\n|-prepare|p1a: Eternatus|Meteor Beam\n|-boost|p1a: Eternatus|spa|1\n|-enditem|p1a: Eternatus|Power Herb\n|-anim|p1a: Eternatus|Meteor Beam|p2a: Calyrex\n|-activate|p2a: Calyrex|move: Protect\n|move|p2b: Smeargle|Decorate|p1a: Eternatus\n|-boost|p1a: Eternatus|atk|2\n|-boost|p1a: Eternatus|spa|2\n|\n|upkeep\n|turn|7\n|inactive|bgc0 has 30 seconds left.\n|inactive|Yung Trav has 30 seconds left.\n|inactive|bgc0 has 20 seconds left.\n|inactive|bgc0 has 15 seconds left.\n|\n|t:|1735702656\n|switch|p2a: Torkoal|Torkoal, L50, M, shiny|100\/100\n|-weather|SunnyDay|[from] ability: Drought|[of] p2a: Torkoal\n|switch|p2b: Ogerpon|Ogerpon-Cornerstone, L50, F|8\/100\n|move|p1b: Iron Bundle|Encore||[still]\n|-fail|p1b: Iron Bundle\n|move|p1a: Eternatus|Sludge Bomb|p2b: Ogerpon\n|-damage|p2b: Ogerpon|0 fnt\n|faint|p2b: Ogerpon\n|\n|-weather|SunnyDay|[upkeep]\n|upkeep\n|\n|t:|1735702674\n|switch|p2b: Smeargle|Smeargle, L50, M, shiny|91\/100\n|turn|8\n|\n|t:|1735702696\n|move|p2b: Smeargle|Fake Out|p1a: Eternatus\n|-damage|p1a: Eternatus|0 fnt\n|faint|p1a: Eternatus\n|move|p1b: Iron Bundle|Icy Wind|p2a: Torkoal|[spread] p2a,p2b\n|-resisted|p2a: Torkoal\n|-crit|p2b: Smeargle\n|-damage|p2a: Torkoal|87\/100\n|-damage|p2b: Smeargle|26\/100\n|-unboost|p2a: Torkoal|spe|1\n|-unboost|p2b: Smeargle|spe|1\n|move|p2a: Torkoal|Weather Ball|p1b: Iron Bundle\n|-damage|p1b: Iron Bundle|0 fnt\n|faint|p1b: Iron Bundle\n|-end|p1b: Iron Bundle|Quark Drive|[silent]\n|\n|win|Yung Trav\n|raw|bgc0's rating: 1589 &rarr; <strong>1572<\/strong><br \/>(-17 for losing)\n|raw|Yung Trav's rating: 1645 &rarr; <strong>1662<\/strong><br \/>(+17 for winning)\n|l|\u2606bgc0\n|player|p1|\n|l|\u2606Yung Trav\n|player|p2|\n","uploadtime":1735702885,"views":38,"formatid":"gen9vgc2025regg","rating":1572,"private":0,"password":null}