{"id":"gen9vgc2025regg-2272078978","format":"[Gen 9] VGC 2025 Reg G","players":["SeaWolfMikess","BigSalta"],"log":"|j|\u2606SeaWolfMikess\n|j|\u2606BigSalta\n|t:|1735572160\n|gametype|doubles\n|player|p1|SeaWolfMikess|hugh|1546\n|player|p2|BigSalta|cynthia|1570\n|teamsize|p1|6\n|teamsize|p2|6\n|gen|9\n|tier|[Gen 9] VGC 2025 Reg G\n|rated|\n|rule|Species Clause: Limit one of each Pok\u00e9mon\n|rule|Item Clause: Limit 1 of each item\n|clearpoke\n|poke|p1|Calyrex-Ice, L50|\n|poke|p1|Urshifu-*, L50, M|\n|poke|p1|Ogerpon-Cornerstone, L50, F|\n|poke|p1|Rillaboom, L50, M|\n|poke|p1|Raging Bolt, L50|\n|poke|p1|Chi-Yu, L50|\n|poke|p2|Incineroar, L50, F|\n|poke|p2|Urshifu-*, L50, M|\n|poke|p2|Kyogre, L50|\n|poke|p2|Rillaboom, L50, F|\n|poke|p2|Roaring Moon, L50|\n|poke|p2|Amoonguss, L50, F|\n|teampreview|4\n|\n|t:|1735572189\n|start\n|switch|p1a: Ogerpon|Ogerpon-Cornerstone, L50, F|100\/100\n|switch|p1b: Raging Bolt|Raging Bolt, L50|100\/100\n|switch|p2a: Amoonguss|Amoonguss, L50, F|100\/100\n|switch|p2b: Incineroar|Incineroar, L50, F|100\/100\n|-ability|p2b: Incineroar|Intimidate|boost\n|-unboost|p1a: Ogerpon|atk|1\n|-unboost|p1b: Raging Bolt|atk|1\n|-enditem|p1b: Raging Bolt|Booster Energy\n|-activate|p1b: Raging Bolt|ability: Protosynthesis|[fromitem]\n|-start|p1b: Raging Bolt|protosynthesisspa\n|turn|1\n|j| Claarity\n|\n|t:|1735572214\n|switch|p2b: Urshifu|Urshifu-Rapid-Strike, L50, M|100\/100\n|move|p1a: Ogerpon|Spiky Shield|p1a: Ogerpon\n|-singleturn|p1a: Ogerpon|move: Protect\n|move|p1b: Raging Bolt|Protect|p1b: Raging Bolt\n|-singleturn|p1b: Raging Bolt|Protect\n|move|p2a: Amoonguss|Spore|p1b: Raging Bolt\n|-activate|p1b: Raging Bolt|move: Protect\n|\n|upkeep\n|turn|2\n|\n|t:|1735572227\n|move|p1b: Raging Bolt|Thunderclap|p2b: Urshifu\n|-supereffective|p2b: Urshifu\n|-damage|p2b: Urshifu|0 fnt\n|faint|p2b: Urshifu\n|move|p1a: Ogerpon|Horn Leech|p2a: Amoonguss\n|-resisted|p2a: Amoonguss\n|-damage|p2a: Amoonguss|95\/100\n|-damage|p1a: Ogerpon|84\/100|[from] item: Rocky Helmet|[of] p2a: Amoonguss\n|move|p2a: Amoonguss|Sludge Bomb|p1a: Ogerpon\n|-damage|p1a: Ogerpon|51\/100\n|\n|upkeep\n|\n|t:|1735572236\n|switch|p2b: Kyogre|Kyogre, L50|100\/100\n|-weather|RainDance|[from] ability: Drizzle|[of] p2b: Kyogre\n|turn|3\n|\n|t:|1735572266\n|switch|p2a: Incineroar|Incineroar, L50, F|100\/100\n|-ability|p2a: Incineroar|Intimidate|boost\n|-unboost|p1a: Ogerpon|atk|1\n|-unboost|p1b: Raging Bolt|atk|1\n|-terastallize|p2b: Kyogre|Grass\n|move|p1a: Ogerpon|Ivy Cudgel|p2b: Kyogre|[anim] Ivy Cudgel Rock\n|-damage|p2b: Kyogre|76\/100\n|move|p2b: Kyogre|Calm Mind|p2b: Kyogre\n|-boost|p2b: Kyogre|spa|1\n|-boost|p2b: Kyogre|spd|1\n|move|p1b: Raging Bolt|Draco Meteor|p2a: Incineroar\n|-damage|p2a: Incineroar|20\/100\n|-unboost|p1b: Raging Bolt|spa|2\n|\n|-weather|RainDance|[upkeep]\n|-heal|p2b: Kyogre|82\/100|[from] item: Leftovers\n|upkeep\n|turn|4\n|\n|t:|1735572291\n|switch|p2a: Amoonguss|Amoonguss, L50, F|100\/100\n|move|p1a: Ogerpon|Spiky Shield|p1a: Ogerpon\n|-singleturn|p1a: Ogerpon|move: Protect\n|move|p2b: Kyogre|Calm Mind|p2b: Kyogre\n|-boost|p2b: Kyogre|spa|1\n|-boost|p2b: Kyogre|spd|1\n|move|p1b: Raging Bolt|Draco Meteor|p2b: Kyogre\n|-damage|p2b: Kyogre|66\/100\n|-unboost|p1b: Raging Bolt|spa|2\n|\n|-weather|RainDance|[upkeep]\n|-heal|p2b: Kyogre|72\/100|[from] item: Leftovers\n|upkeep\n|turn|5\n|\n|t:|1735572306\n|move|p1a: Ogerpon|Ivy Cudgel|p2b: Kyogre|[anim] Ivy Cudgel Rock\n|-damage|p2b: Kyogre|49\/100\n|move|p2b: Kyogre|Origin Pulse|p1a: Ogerpon|[spread] p1a\n|-miss|p2b: Kyogre|p1b: Raging Bolt\n|-damage|p1a: Ogerpon|0 fnt\n|faint|p1a: Ogerpon\n|move|p1b: Raging Bolt|Draco Meteor|p2b: Kyogre|[miss]\n|-miss|p1b: Raging Bolt|p2b: Kyogre\n|move|p2a: Amoonguss|Spore|p1b: Raging Bolt\n|-status|p1b: Raging Bolt|slp|[from] move: Spore\n|\n|-weather|RainDance|[upkeep]\n|-heal|p2b: Kyogre|55\/100|[from] item: Leftovers\n|upkeep\n|\n|t:|1735572315\n|switch|p1a: Calyrex|Calyrex-Ice, L50|100\/100\n|-ability|p1a: Calyrex|As One\n|-ability|p1a: Calyrex|Unnerve\n|turn|6\n|l| Claarity\n|\n|t:|1735572329\n|move|p2b: Kyogre|Ice Beam|p1a: Calyrex\n|-resisted|p1a: Calyrex\n|-damage|p1a: Calyrex|77\/100\n|cant|p1b: Raging Bolt|slp\n|move|p1a: Calyrex|Glacial Lance|p2b: Kyogre|[spread] p2a,p2b\n|-supereffective|p2a: Amoonguss\n|-supereffective|p2b: Kyogre\n|-damage|p2a: Amoonguss|7\/100\n|-damage|p2b: Kyogre|0 fnt\n|faint|p2b: Kyogre\n|-ability|p1a: Calyrex|Chilling Neigh|boost\n|-boost|p1a: Calyrex|atk|1\n|move|p2a: Amoonguss|Sludge Bomb|p1a: Calyrex\n|-damage|p1a: Calyrex|57\/100\n|-status|p1a: Calyrex|psn\n|\n|-weather|RainDance|[upkeep]\n|-damage|p1a: Calyrex|45\/100 psn|[from] psn\n|upkeep\n|\n|t:|1735572334\n|switch|p2b: Incineroar|Incineroar, L50, F|20\/100\n|-ability|p2b: Incineroar|Intimidate|boost\n|-fail|p1a: Calyrex|unboost|[from] item: Clear Amulet|[of] p1a: Calyrex\n|-unboost|p1b: Raging Bolt|atk|1\n|turn|7\n|-message|BigSalta forfeited.\n|\n|win|SeaWolfMikess\n|raw|SeaWolfMikess's rating: 1546 &rarr; <strong>1567<\/strong><br \/>(+21 for winning)\n|raw|BigSalta's rating: 1570 &rarr; <strong>1549<\/strong><br \/>(-21 for losing)\n|l|\u2606BigSalta\n|player|p2|\n|l|\u2606SeaWolfMikess\n|player|p1|\n","uploadtime":1735572589,"views":350,"formatid":"gen9vgc2025regg","rating":1549,"private":0,"password":null}