{"id":"gen9vgc2025regg-2272898848","format":"[Gen 9] VGC 2025 Reg G","players":["soap858","bgc0"],"log":"|j|\u2606soap858\n|j|\u2606bgc0\n|t:|1735691424\n|gametype|doubles\n|player|p1|soap858|169|1635\n|player|p2|bgc0|steven|1660\n|teamsize|p1|6\n|teamsize|p2|6\n|gen|9\n|tier|[Gen 9] VGC 2025 Reg G\n|rated|\n|rule|Species Clause: Limit one of each Pok\u00e9mon\n|rule|Item Clause: Limit 1 of each item\n|clearpoke\n|poke|p1|Terapagos, L50, M|\n|poke|p1|Urshifu-*, L50, F|\n|poke|p1|Ogerpon-Hearthflame, L50, F|\n|poke|p1|Rillaboom, L50, F|\n|poke|p1|Grimmsnarl, L50, M|\n|poke|p1|Raging Bolt, L50|\n|poke|p2|Volcarona, L50, M|\n|poke|p2|Eternatus, L50|\n|poke|p2|Iron Bundle, L50|\n|poke|p2|Farigiraf, L50, M|\n|poke|p2|Urshifu-*, L50, M|\n|poke|p2|Ursaluna, L50, M|\n|teampreview|4\n|inactive|Battle timer is ON: inactive players will automatically lose when time's up. (requested by soap858)\n|inactive|soap858 has 60 seconds left.\n|\n|t:|1735691479\n|start\n|switch|p1a: Grimmsnarl|Grimmsnarl, L50, M|100\/100\n|switch|p1b: Ogerpon|Ogerpon-Hearthflame, L50, F|100\/100\n|switch|p2a: Iron Bundle|Iron Bundle, L50, shiny|100\/100\n|switch|p2b: Eternatus|Eternatus, L50|100\/100\n|-ability|p1b: Ogerpon|Mold Breaker\n|-ability|p2b: Eternatus|Pressure\n|-enditem|p2a: Iron Bundle|Booster Energy\n|-activate|p2a: Iron Bundle|ability: Quark Drive|[fromitem]\n|-start|p2a: Iron Bundle|quarkdrivespe\n|turn|1\n|\n|t:|1735691496\n|move|p1b: Ogerpon|Spiky Shield|p1b: Ogerpon\n|-singleturn|p1b: Ogerpon|move: Protect\n|move|p1a: Grimmsnarl|Light Screen|p1a: Grimmsnarl\n|-sidestart|p1: soap858|move: Light Screen\n|move|p2a: Iron Bundle|Icy Wind|p1b: Ogerpon|[spread] p1a\n|-activate|p1b: Ogerpon|move: Protect\n|-damage|p1a: Grimmsnarl|86\/100\n|-unboost|p1a: Grimmsnarl|spe|1\n|move|p2b: Eternatus|Meteor Beam||[still]\n|-prepare|p2b: Eternatus|Meteor Beam\n|-boost|p2b: Eternatus|spa|1\n|-enditem|p2b: Eternatus|Power Herb\n|-anim|p2b: Eternatus|Meteor Beam|p1b: Ogerpon\n|-activate|p1b: Ogerpon|move: Protect\n|\n|upkeep\n|turn|2\n|inactive|soap858 has 30 seconds left.\n|inactive|soap858 has 20 seconds left.\n|\n|t:|1735691532\n|switch|p1b: Raging Bolt|Raging Bolt, L50|100\/100\n|-terastallize|p2b: Eternatus|Dark\n|move|p1a: Grimmsnarl|Thunder Wave|p2b: Eternatus\n|-hint|Since gen 7, Dark is immune to Prankster moves.\n|-immune|p2b: Eternatus\n|move|p2a: Iron Bundle|Encore||[still]\n|-fail|p2a: Iron Bundle\n|move|p2b: Eternatus|Sludge Bomb|p1a: Grimmsnarl\n|-supereffective|p1a: Grimmsnarl\n|-damage|p1a: Grimmsnarl|0 fnt\n|faint|p1a: Grimmsnarl\n|\n|upkeep\n|\n|t:|1735691537\n|switch|p1a: Terapagos|Terapagos, L50, M|100\/100\n|-activate|p1a: Terapagos|ability: Tera Shift\n|detailschange|p1a: Terapagos|Terapagos-Terastal, L50, M\n|-heal|p1a: Terapagos|100\/100|[silent]\n|turn|3\n|\n|t:|1735691553\n|-terastallize|p1a: Terapagos|Stellar\n|detailschange|p1a: Terapagos|Terapagos-Stellar, L50, M, tera:Stellar\n|-heal|p1a: Terapagos|100\/100|[silent]\n|move|p2a: Iron Bundle|Protect|p2a: Iron Bundle\n|-singleturn|p2a: Iron Bundle|Protect\n|move|p1b: Raging Bolt|Thunderclap||[still]\n|-fail|p1b: Raging Bolt\n|move|p2b: Eternatus|Dynamax Cannon|p1b: Raging Bolt\n|-supereffective|p1b: Raging Bolt\n|-damage|p1b: Raging Bolt|0 fnt\n|faint|p1b: Raging Bolt\n|-end|p1b: Raging Bolt|Protosynthesis|[silent]\n|move|p1a: Terapagos|Tera Starstorm|p2b: Eternatus|[spread] p2b\n|-activate|p2a: Iron Bundle|move: Protect\n|-supereffective|p2b: Eternatus\n|-damage|p2b: Eternatus|41\/100\n|\n|upkeep\n|\n|t:|1735691561\n|switch|p1b: Ogerpon|Ogerpon-Hearthflame, L50, F|100\/100\n|-ability|p1b: Ogerpon|Mold Breaker\n|turn|4\n|inactive|bgc0 has 30 seconds left.\n|inactive|bgc0 has 20 seconds left.\n|inactive|soap858 has 30 seconds left.\n|inactive|bgc0 has 15 seconds left.\n|inactive|bgc0 has 10 seconds left.\n|\n|t:|1735691606\n|-end|p2a: Iron Bundle|Quark Drive|[silent]\n|switch|p2a: Farigiraf|Farigiraf, L50, M|100\/100\n|move|p1b: Ogerpon|Spiky Shield|p1b: Ogerpon\n|-singleturn|p1b: Ogerpon|move: Protect\n|move|p2b: Eternatus|Protect|p2b: Eternatus\n|-singleturn|p2b: Eternatus|Protect\n|move|p1a: Terapagos|Tera Starstorm|p2b: Eternatus|[spread] p2a\n|-activate|p2b: Eternatus|move: Protect\n|-damage|p2a: Farigiraf|58\/100\n|\n|upkeep\n|turn|5\n|inactive|soap858 has 30 seconds left.\n|\n|t:|1735691639\n|move|p1b: Ogerpon|Spiky Shield|p1b: Ogerpon\n|-singleturn|p1b: Ogerpon|move: Protect\n|move|p2b: Eternatus|Sludge Bomb|p1b: Ogerpon\n|-activate|p1b: Ogerpon|move: Protect\n|move|p1a: Terapagos|Tera Starstorm|p2a: Farigiraf|[spread] p2a,p2b\n|-supereffective|p2b: Eternatus\n|-damage|p2a: Farigiraf|20\/100\n|-damage|p2b: Eternatus|0 fnt\n|faint|p2b: Eternatus\n|move|p2a: Farigiraf|Foul Play|p1b: Ogerpon\n|-activate|p1b: Ogerpon|move: Protect\n|-damage|p2a: Farigiraf|8\/100|[from] Spiky Shield|[of] p1b: Ogerpon\n|\n|upkeep\n|c|\u2606bgc0|Lame\n|\n|t:|1735691649\n|switch|p2b: Iron Bundle|Iron Bundle, L50, shiny|100\/100\n|turn|6\n|c|\u2606soap858|Wh\n|c|\u2606soap858|I mean eh lol\n|c|\u2606soap858|Its the win con\n|c|\u2606soap858|Everything in bo1 ladder is lame\n|c|\u2606bgc0|U did nothing wrong\n|inactive|soap858 has 30 seconds left.\n|c|\u2606soap858|Like surprise tera dark for no reason haha\n|inactive|soap858 has 20 seconds left.\n|c|\u2606bgc0|i wanted to block prankster\n|c|\u2606soap858|Ih yeah i get it\n|inactive|soap858 has 15 seconds left.\n|inactive|soap858 has 10 seconds left.\n|c|\u2606bgc0|and dark is a great tera on it bc caly-s\n|c|\u2606soap858|Its reasonable\n|inactive|soap858 has 5 seconds left.\n|\n|t:|1735691701\n|move|p1b: Ogerpon|Spiky Shield||[still]\n|-fail|p1b: Ogerpon\n|move|p2b: Iron Bundle|Encore|p1b: Ogerpon\n|-start|p1b: Ogerpon|Encore\n|move|p1a: Terapagos|Tera Starstorm|p2a: Farigiraf|[spread] p2a,p2b\n|-damage|p2a: Farigiraf|0 fnt\n|-damage|p2b: Iron Bundle|22\/100\n|faint|p2a: Farigiraf\n|\n|upkeep\n|\n|t:|1735691706\n|switch|p2a: Urshifu|Urshifu, L50, M|100\/100\n|turn|7\n|c|\u2606bgc0|Darn, u needed to clock follow me\n|c|\u2606soap858|Lol times out from chatting like a dummy\n|inactive|bgc0 has 30 seconds left.\n|\n|t:|1735691733\n|move|p1b: Ogerpon|Spiky Shield|p1b: Ogerpon\n|-singleturn|p1b: Ogerpon|move: Protect\n|move|p2b: Iron Bundle|Freeze-Dry|p1a: Terapagos\n|-damage|p1a: Terapagos|84\/100\n|move|p2a: Urshifu|Close Combat|p1a: Terapagos\n|-supereffective|p1a: Terapagos\n|-damage|p1a: Terapagos|0 fnt\n|-unboost|p2a: Urshifu|def|1\n|-unboost|p2a: Urshifu|spd|1\n|faint|p1a: Terapagos\n|\n|upkeep\n|turn|8\n|c|\u2606soap858|Im on my phone\n|c|\u2606bgc0|Same\n|inactive|soap858 has 30 seconds left.\n|c|\u2606soap858|Anyway gg\n|-message|soap858 forfeited.\n|\n|win|bgc0\n|raw|soap858's rating: 1635 &rarr; <strong>1616<\/strong><br \/>(-19 for losing)\n|raw|bgc0's rating: 1660 &rarr; <strong>1679<\/strong><br \/>(+19 for winning)\n|l|\u2606soap858\n|player|p1|\n|c|\u2606bgc0|U made the right play, I was just upset I didn\u2019t get the double protect roll bc I felt I played well\n|l|\u2606bgc0\n|player|p2|\n","uploadtime":1735692040,"views":284,"formatid":"gen9vgc2025regg","rating":1616,"private":0,"password":null}