{"id":"gen9vgc2025regg-2272950808","format":"[Gen 9] VGC 2025 Reg G","players":["Doc_MrMega","elektriktoad"],"log":"|j|\u2606Doc_MrMega\n|j|\u2606elektriktoad\n|t:|1735699138\n|gametype|doubles\n|player|p1|Doc_MrMega|lucas|1578\n|player|p2|elektriktoad|janine|1540\n|teamsize|p1|6\n|teamsize|p2|6\n|gen|9\n|tier|[Gen 9] VGC 2025 Reg G\n|rated|\n|rule|Species Clause: Limit one of each Pok\u00e9mon\n|rule|Item Clause: Limit 1 of each item\n|clearpoke\n|poke|p1|Calyrex-Shadow, L50|\n|poke|p1|Tornadus, L50, M|\n|poke|p1|Ogerpon-Hearthflame, L50, F|\n|poke|p1|Rillaboom, L50, M|\n|poke|p1|Urshifu-*, L50, F|\n|poke|p1|Kingambit, L50, M|\n|poke|p2|Calyrex-Ice, L50|\n|poke|p2|Trapinch, L50, F|\n|poke|p2|Annihilape, L50, M|\n|poke|p2|Pelipper, L50, F|\n|poke|p2|Jigglypuff, L50, F|\n|poke|p2|Urshifu-*, L50, M|\n|teampreview|4\n|inactive|Battle timer is ON: inactive players will automatically lose when time's up. (requested by Doc_MrMega)\n|\n|t:|1735699163\n|start\n|switch|p1a: Rillaboom|Rillaboom, L50, M|100\/100\n|switch|p1b: Urshifu|Urshifu-Rapid-Strike, L50, F|100\/100\n|switch|p2a: Annihilape|Annihilape, L50, M|100\/100\n|switch|p2b: Calyrex|Calyrex-Ice, L50|100\/100\n|-ability|p2b: Calyrex|As One\n|-ability|p2b: Calyrex|Unnerve\n|-fieldstart|move: Grassy Terrain|[from] ability: Grassy Surge|[of] p1a: Rillaboom\n|turn|1\n|inactive|Doc_MrMega has 30 seconds left.\n|inactive|Doc_MrMega has 20 seconds left.\n|inactive|Doc_MrMega has 15 seconds left.\n|\n|t:|1735699205\n|-terastallize|p2b: Calyrex|Grass\n|move|p1a: Rillaboom|Fake Out|p2b: Calyrex\n|-damage|p2b: Calyrex|92\/100\n|move|p2a: Annihilape|Final Gambit|p1a: Rillaboom\n|-damage|p1a: Rillaboom|0 fnt\n|faint|p2a: Annihilape\n|faint|p1a: Rillaboom\n|move|p1b: Urshifu|Surging Strikes|p2b: Calyrex\n|-resisted|p2b: Calyrex\n|-crit|p2b: Calyrex\n|-damage|p2b: Calyrex|86\/100\n|-resisted|p2b: Calyrex\n|-crit|p2b: Calyrex\n|-damage|p2b: Calyrex|79\/100\n|-resisted|p2b: Calyrex\n|-crit|p2b: Calyrex\n|-damage|p2b: Calyrex|72\/100\n|-hitcount|p2b: Calyrex|3\n|move|p2b: Calyrex|Seed Bomb|p1b: Urshifu\n|-supereffective|p1b: Urshifu\n|-damage|p1b: Urshifu|0 fnt\n|faint|p1b: Urshifu\n|-ability|p2b: Calyrex|Chilling Neigh|boost\n|-boost|p2b: Calyrex|atk|1\n|\n|-heal|p2b: Calyrex|78\/100|[from] Grassy Terrain\n|upkeep\n|\n|t:|1735699224\n|switch|p2a: Jigglypuff|Jigglypuff, L50, F|100\/100\n|switch|p1b: Calyrex|Calyrex-Shadow, L50|100\/100\n|switch|p1a: Ogerpon|Ogerpon-Hearthflame, L50, F|100\/100\n|-ability|p1b: Calyrex|As One\n|-ability|p1b: Calyrex|Unnerve\n|-ability|p1a: Ogerpon|Mold Breaker\n|turn|2\n|j| jasonrfry2\n|l| jasonrfry2\n|\n|t:|1735699246\n|-terastallize|p1a: Ogerpon|Fire\n|detailschange|p1a: Ogerpon|Ogerpon-Hearthflame-Tera, L50, F, tera:Fire\n|-ability|p1a: Ogerpon|Embody Aspect (Hearthflame)|boost\n|-boost|p1a: Ogerpon|atk|1\n|move|p2b: Calyrex|Protect|p2b: Calyrex\n|-singleturn|p2b: Calyrex|Protect\n|move|p1b: Calyrex|Nasty Plot|p1b: Calyrex\n|-boost|p1b: Calyrex|spa|2\n|move|p1a: Ogerpon|Ivy Cudgel|p2b: Calyrex|[anim] Ivy Cudgel Fire\n|-activate|p2b: Calyrex|move: Protect\n|move|p2a: Jigglypuff|Perish Song|p2a: Jigglypuff\n|-start|p1a: Ogerpon|perish3|[silent]\n|-start|p1b: Calyrex|perish3|[silent]\n|-start|p2a: Jigglypuff|perish3|[silent]\n|-start|p2b: Calyrex|perish3|[silent]\n|-fieldactivate|move: Perish Song\n|\n|-heal|p2b: Calyrex|84\/100|[from] Grassy Terrain\n|-start|p1b: Calyrex|perish3\n|-start|p1a: Ogerpon|perish3\n|-start|p2b: Calyrex|perish3\n|-start|p2a: Jigglypuff|perish3\n|upkeep\n|turn|3\n|\n|t:|1735699268\n|switch|p2b: Pelipper|Pelipper, L50, F|100\/100\n|-weather|RainDance|[from] ability: Drizzle|[of] p2b: Pelipper\n|move|p2a: Jigglypuff|Protect|p2a: Jigglypuff\n|-singleturn|p2a: Jigglypuff|Protect\n|move|p1b: Calyrex|Astral Barrage|p2b: Pelipper|[spread] p2b\n|-activate|p2a: Jigglypuff|move: Protect\n|-crit|p2b: Pelipper\n|-damage|p2b: Pelipper|0 fnt\n|faint|p2b: Pelipper\n|-ability|p1b: Calyrex|Grim Neigh|boost\n|-boost|p1b: Calyrex|spa|1\n|-damage|p1b: Calyrex|91\/100|[from] item: Life Orb\n|move|p1a: Ogerpon|Ivy Cudgel|p2a: Jigglypuff|[anim] Ivy Cudgel Fire\n|-activate|p2a: Jigglypuff|move: Protect\n|\n|-weather|RainDance|[upkeep]\n|-heal|p1b: Calyrex|97\/100|[from] Grassy Terrain\n|-start|p1b: Calyrex|perish2\n|-start|p1a: Ogerpon|perish2\n|-start|p2a: Jigglypuff|perish2\n|upkeep\n|\n|t:|1735699279\n|switch|p2b: Calyrex|Calyrex-Ice, L50, tera:Grass|84\/100\n|-ability|p2b: Calyrex|As One\n|-ability|p2b: Calyrex|Unnerve\n|turn|4\n|\n|t:|1735699297\n|move|p2b: Calyrex|Protect|p2b: Calyrex\n|-singleturn|p2b: Calyrex|Protect\n|move|p1b: Calyrex|Draining Kiss|p2a: Jigglypuff\n|-damage|p2a: Jigglypuff|42\/100\n|-heal|p1b: Calyrex|100\/100|[from] drain|[of] p2a: Jigglypuff\n|-damage|p1b: Calyrex|91\/100|[from] item: Life Orb\n|move|p1a: Ogerpon|Ivy Cudgel|p2a: Jigglypuff|[anim] Ivy Cudgel Fire\n|-damage|p2a: Jigglypuff|0 fnt\n|faint|p2a: Jigglypuff\n|\n|-weather|RainDance|[upkeep]\n|-heal|p1b: Calyrex|97\/100|[from] Grassy Terrain\n|-heal|p2b: Calyrex|89\/100|[from] Grassy Terrain\n|-start|p1b: Calyrex|perish1\n|-start|p1a: Ogerpon|perish1\n|upkeep\n|turn|5\n|\n|t:|1735699307\n|move|p2b: Calyrex|Protect|p2b: Calyrex\n|-singleturn|p2b: Calyrex|Protect\n|move|p1b: Calyrex|Astral Barrage|p2b: Calyrex\n|-activate|p2b: Calyrex|move: Protect\n|move|p1a: Ogerpon|Ivy Cudgel|p2b: Calyrex|[anim] Ivy Cudgel Fire\n|-activate|p2b: Calyrex|move: Protect\n|\n|-weather|RainDance|[upkeep]\n|-heal|p1b: Calyrex|100\/100|[from] Grassy Terrain\n|-heal|p2b: Calyrex|95\/100|[from] Grassy Terrain\n|-start|p1b: Calyrex|perish0\n|-start|p1a: Ogerpon|perish0\n|-fieldend|move: Grassy Terrain\n|faint|p1b: Calyrex\n|faint|p1a: Ogerpon\n|\n|win|elektriktoad\n|upkeep\n|raw|Doc_MrMega's rating: 1578 &rarr; <strong>1556<\/strong><br \/>(-22 for losing)\n|raw|elektriktoad's rating: 1540 &rarr; <strong>1562<\/strong><br \/>(+22 for winning)\n|l|\u2606Doc_MrMega\n|player|p1|\n|l|\u2606elektriktoad\n|player|p2|\n","uploadtime":1735699570,"views":322,"formatid":"gen9vgc2025regg","rating":1556,"private":0,"password":null}