{"id":"gen9vgc2025regg-2273980775","format":"[Gen 9] VGC 2025 Reg G","players":["eriksp4","TheOnlyFizzo"],"log":"|j|\u2606eriksp4\n|j|\u2606TheOnlyFizzo\n|t:|1735862047\n|gametype|doubles\n|player|p1|eriksp4|volkner-masters|1513\n|player|p2|TheOnlyFizzo|1|1568\n|teamsize|p1|6\n|teamsize|p2|6\n|gen|9\n|tier|[Gen 9] VGC 2025 Reg G\n|rated|\n|rule|Species Clause: Limit one of each Pok\u00e9mon\n|rule|Item Clause: Limit 1 of each item\n|clearpoke\n|poke|p1|Calyrex-Ice, L50|\n|poke|p1|Iron Hands, L50|\n|poke|p1|Amoonguss, L50, F|\n|poke|p1|Landorus, L50, M|\n|poke|p1|Regieleki, L50|\n|poke|p1|Iron Jugulis, L50|\n|poke|p2|Indeedee-F, L50, F|\n|poke|p2|Regidrago, L50|\n|poke|p2|Torkoal, L50, M|\n|poke|p2|Gallade, L50, M|\n|poke|p2|Calyrex-Ice, L50|\n|poke|p2|Annihilape, L50, M|\n|teampreview|4\neriksp4 has agreed to open team sheets.\n|inactive|Battle timer is ON: inactive players will automatically lose when time's up. (requested by TheOnlyFizzo)\n|\n|t:|1735862077\n|start\n|switch|p1a: Iron Jugulis|Iron Jugulis, L50|100\/100\n|switch|p1b: untitled 05|Calyrex-Ice, L50|100\/100\n|switch|p2a: Calyrex|Calyrex-Ice, L50|100\/100\n|switch|p2b: Annihilape|Annihilape, L50, M|100\/100\n|-ability|p1b: untitled 05|As One\n|-ability|p1b: untitled 05|Unnerve\n|-ability|p2a: Calyrex|As One\n|-ability|p2a: Calyrex|Unnerve\n|-enditem|p1a: Iron Jugulis|Booster Energy\n|-activate|p1a: Iron Jugulis|ability: Quark Drive|[fromitem]\n|-start|p1a: Iron Jugulis|quarkdrivespe\n|turn|1\n|inactive|eriksp4 has 30 seconds left.\n|inactive|TheOnlyFizzo has 30 seconds left.\n|\n|t:|1735862108\n|move|p2a: Calyrex|Protect|p2a: Calyrex\n|-singleturn|p2a: Calyrex|Protect\n|move|p1a: Iron Jugulis|Air Slash|p2b: Annihilape\n|-supereffective|p2b: Annihilape\n|-damage|p2b: Annihilape|44\/100\n|move|p2b: Annihilape|Coaching|p2a: Calyrex\n|-boost|p2a: Calyrex|atk|1\n|-boost|p2a: Calyrex|def|1\n|move|p1b: untitled 05|Glacial Lance|p2a: Calyrex|[spread] p2b\n|-activate|p2a: Calyrex|move: Protect\n|-damage|p2b: Annihilape|0 fnt\n|faint|p2b: Annihilape\n|-ability|p1b: untitled 05|Chilling Neigh|boost\n|-boost|p1b: untitled 05|atk|1\n|\n|upkeep\n|\n|t:|1735862121\n|switch|p2b: Indeedee|Indeedee-F, L50, F|100\/100\n|-fieldstart|move: Psychic Terrain|[from] ability: Psychic Surge|[of] p2b: Indeedee\n|turn|2\n|j| ahfoong0411\n|inactive|eriksp4 has 30 seconds left.\n|\n|t:|1735862148\n|move|p2b: Indeedee|Follow Me|p2b: Indeedee\n|-singleturn|p2b: Indeedee|move: Follow Me\n|move|p1a: Iron Jugulis|Snarl|p2b: Indeedee|[spread] p2a,p2b\n|-supereffective|p2a: Calyrex\n|-supereffective|p2b: Indeedee\n|-damage|p2a: Calyrex|77\/100\n|-damage|p2b: Indeedee|63\/100\n|-unboost|p2a: Calyrex|spa|1\n|-unboost|p2b: Indeedee|spa|1\n|-enditem|p2a: Calyrex|White Herb\n|-clearnegativeboost|p2a: Calyrex|[silent]\n|move|p1b: untitled 05|Glacial Lance|p2a: Calyrex|[spread] p2a,p2b\n|-resisted|p2a: Calyrex\n|-damage|p2a: Calyrex|61\/100\n|-damage|p2b: Indeedee|0 fnt\n|faint|p2b: Indeedee\n|-ability|p1b: untitled 05|Chilling Neigh|boost\n|-boost|p1b: untitled 05|atk|1\n|move|p2a: Calyrex|Glacial Lance|p1b: untitled 05|[spread] p1a,p1b\n|-supereffective|p1a: Iron Jugulis\n|-resisted|p1b: untitled 05\n|-damage|p1a: Iron Jugulis|0 fnt\n|-damage|p1b: untitled 05|75\/100\n|faint|p1a: Iron Jugulis\n|-end|p1a: Iron Jugulis|Quark Drive|[silent]\n|-ability|p2a: Calyrex|Chilling Neigh|boost\n|-boost|p2a: Calyrex|atk|1\n|\n|upkeep\n|\n|t:|1735862167\n|switch|p1a: tv off|Amoonguss, L50, F, shiny|100\/100\n|switch|p2b: Regidrago|Regidrago, L50|100\/100\n|turn|3\n|\n|t:|1735862182\n|move|p1b: untitled 05|Protect|p1b: untitled 05\n|-singleturn|p1b: untitled 05|Protect\n|move|p2b: Regidrago|Protect|p2b: Regidrago\n|-singleturn|p2b: Regidrago|Protect\n|move|p1a: tv off|Spore|p2b: Regidrago\n|-activate|p2b: Regidrago|move: Protect\n|move|p2a: Calyrex|Trick Room|p2a: Calyrex\n|-fieldstart|move: Trick Room|[of] p2a: Calyrex\n|\n|upkeep\n|turn|4\n|\n|t:|1735862196\n|-terastallize|p1a: tv off|Water\n|-terastallize|p2b: Regidrago|Dragon\n|move|p1a: tv off|Spore|p2b: Regidrago\n|-status|p2b: Regidrago|slp|[from] move: Spore\n|cant|p2b: Regidrago|slp\n|move|p2a: Calyrex|Glacial Lance|p1b: untitled 05|[spread] p1a,p1b\n|-resisted|p1a: tv off\n|-resisted|p1b: untitled 05\n|-damage|p1a: tv off|53\/100\n|-damage|p1b: untitled 05|40\/100\n|move|p1b: untitled 05|Glacial Lance|p2a: Calyrex|[spread] p2a,p2b\n|-resisted|p2a: Calyrex\n|-supereffective|p2b: Regidrago\n|-damage|p2a: Calyrex|39\/100\n|-damage|p2b: Regidrago|0 fnt\n|faint|p2b: Regidrago\n|-ability|p1b: untitled 05|Chilling Neigh|boost\n|-boost|p1b: untitled 05|atk|1\n|\n|upkeep\n|turn|5\n|inactive|TheOnlyFizzo has 30 seconds left.\n|inactive|TheOnlyFizzo has 20 seconds left.\n|inactive|TheOnlyFizzo has 15 seconds left.\n|inactive|TheOnlyFizzo has 10 seconds left.\n|inactive|TheOnlyFizzo has 5 seconds left.\n|\n|t:|1735862251\n|move|p2a: Calyrex|Protect|p2a: Calyrex\n|-singleturn|p2a: Calyrex|Protect\n|move|p1a: tv off|Spore|p2a: Calyrex\n|-activate|p2a: Calyrex|move: Protect\n|move|p1b: untitled 05|High Horsepower|p2a: Calyrex\n|-activate|p2a: Calyrex|move: Protect\n|\n|upkeep\n|turn|6\n|inactive|eriksp4 has 30 seconds left.\n|inactive|TheOnlyFizzo has 30 seconds left.\n|inactive|TheOnlyFizzo has 20 seconds left.\n|inactive|TheOnlyFizzo has 15 seconds left.\n|inactive|TheOnlyFizzo has 10 seconds left.\n|inactive|TheOnlyFizzo has 5 seconds left.\n|\n|t:|1735862306\n|move|p2a: Calyrex|Protect||[still]\n|-fail|p2a: Calyrex\n|move|p1a: tv off|Spore|p2a: Calyrex\n|-status|p2a: Calyrex|slp|[from] move: Spore\n|move|p1b: untitled 05|High Horsepower|p2a: Calyrex\n|-damage|p2a: Calyrex|0 fnt\n|faint|p2a: Calyrex\n|\n|win|eriksp4\n|raw|eriksp4's rating: 1513 &rarr; <strong>1536<\/strong><br \/>(+23 for winning)\n|raw|TheOnlyFizzo's rating: 1568 &rarr; <strong>1545<\/strong><br \/>(-23 for losing)\n|l|\u2606eriksp4\n|player|p1|\n|l|\u2606TheOnlyFizzo\n|player|p2|\n","uploadtime":1735862535,"views":45,"formatid":"gen9vgc2025regg","rating":1536,"private":0,"password":null}