{"id":"gen9vgc2025regg-2273014485","format":"[Gen 9] VGC 2025 Reg G","players":["madgiraffe","FerrousYak"],"log":"|j|\u2606madgiraffe\n|j|\u2606FerrousYak\n|t:|1735709896\n|gametype|doubles\n|player|p1|madgiraffe|101|1558\n|player|p2|FerrousYak|266|1555\n|teamsize|p1|6\n|teamsize|p2|6\n|gen|9\n|tier|[Gen 9] VGC 2025 Reg G\n|rated|\n|rule|Species Clause: Limit one of each Pok\u00e9mon\n|rule|Item Clause: Limit 1 of each item\n|clearpoke\n|poke|p1|Terapagos, L50, M|\n|poke|p1|Rillaboom, L50, F|\n|poke|p1|Incineroar, L50, F|\n|poke|p1|Chien-Pao, L50|\n|poke|p1|Urshifu-*, L50, M|\n|poke|p1|Flutter Mane, L50|\n|poke|p2|Weezing-Galar, L50, F|\n|poke|p2|Dondozo, L50, M|\n|poke|p2|Calyrex-Shadow, L50|\n|poke|p2|Tatsugiri-Droopy, L50, F|\n|poke|p2|Roaring Moon, L50|\n|poke|p2|Ogerpon-Wellspring, L50, F|\n|teampreview|4\n|inactive|Battle timer is ON: inactive players will automatically lose when time's up. (requested by FerrousYak)\n|\n|t:|1735709921\n|start\n|switch|p1a: Terapagos|Terapagos, L50, M|100\/100\n|switch|p1b: Incineroar|Incineroar, L50, F|100\/100\n|switch|p2a: Weezing|Weezing-Galar, L50, F|100\/100\n|switch|p2b: Calyrex|Calyrex-Shadow, L50|100\/100\n|-ability|p2b: Calyrex|As One\n|-ability|p2b: Calyrex|Unnerve\n|-activate|p1a: Terapagos|ability: Tera Shift\n|detailschange|p1a: Terapagos|Terapagos-Terastal, L50, M\n|-heal|p1a: Terapagos|100\/100|[silent]\n|-ability|p2a: Weezing|Neutralizing Gas\n|turn|1\n|\n|t:|1735709943\n|-terastallize|p1a: Terapagos|Stellar\n|detailschange|p1a: Terapagos|Terapagos-Stellar, L50, M, tera:Stellar\n|-heal|p1a: Terapagos|100\/100|[silent]\n|move|p2b: Calyrex|Pollen Puff|p1a: Terapagos\n|-damage|p1a: Terapagos|71\/100\n|-damage|p2b: Calyrex|91\/100|[from] item: Life Orb\n|move|p1a: Terapagos|Tera Starstorm|p2a: Weezing|[spread] p2a,p2b\n|-damage|p2a: Weezing|57\/100\n|-damage|p2b: Calyrex|53\/100\n|move|p1b: Incineroar|Knock Off|p2b: Calyrex\n|-supereffective|p2b: Calyrex\n|-damage|p2b: Calyrex|0 fnt\n|-enditem|p2b: Calyrex|Life Orb|[from] move: Knock Off|[of] p1b: Incineroar\n|faint|p2b: Calyrex\n|move|p2a: Weezing|Poison Gas|p1b: Incineroar|[spread] p1a,p1b\n|-status|p1a: Terapagos|psn\n|-status|p1b: Incineroar|psn\n|\n|-heal|p1a: Terapagos|77\/100 psn|[from] item: Leftovers\n|-damage|p1a: Terapagos|64\/100 psn|[from] psn\n|-damage|p1b: Incineroar|88\/100 psn|[from] psn\n|upkeep\n|\n|t:|1735709967\n|switch|p2b: Dondozo|Dondozo, L50, M|100\/100\n|turn|2\n|\n|t:|1735709973\n|switch|p1b: Rillaboom|Rillaboom, L50, F|100\/100\n|move|p1a: Terapagos|Protect|p1a: Terapagos\n|-singleturn|p1a: Terapagos|Protect\n|move|p2b: Dondozo|Protect|p2b: Dondozo\n|-singleturn|p2b: Dondozo|Protect\n|move|p2a: Weezing|Toxic Spikes|p1b: Rillaboom\n|-sidestart|p1: madgiraffe|move: Toxic Spikes\n|\n|-heal|p1a: Terapagos|71\/100 psn|[from] item: Leftovers\n|-damage|p1a: Terapagos|58\/100 psn|[from] psn\n|upkeep\n|turn|3\n|\n|t:|1735709996\n|-end|p2a: Weezing|ability: Neutralizing Gas\n|-fieldstart|move: Grassy Terrain|[from] ability: Grassy Surge|[of] p1b: Rillaboom\n|switch|p2a: Tatsugiri|Tatsugiri-Droopy, L50, F|100\/100\n|-activate|p2a: Tatsugiri|ability: Commander|[of] p2b: Dondozo\n|-boost|p2b: Dondozo|atk|2\n|-boost|p2b: Dondozo|spa|2\n|-boost|p2b: Dondozo|spe|2\n|-boost|p2b: Dondozo|def|2\n|-boost|p2b: Dondozo|spd|2\n|move|p2b: Dondozo|Body Press|p1a: Terapagos\n|-supereffective|p1a: Terapagos\n|-damage|p1a: Terapagos|0 fnt\n|faint|p1a: Terapagos\n|move|p1b: Rillaboom|Wood Hammer|p2b: Dondozo\n|-supereffective|p2b: Dondozo\n|-damage|p2b: Dondozo|58\/100\n|-damage|p1b: Rillaboom|85\/100|[from] Recoil\n|\n|-heal|p2b: Dondozo|64\/100|[from] Grassy Terrain\n|-heal|p2b: Dondozo|70\/100|[from] item: Leftovers\n|-heal|p1b: Rillaboom|91\/100|[from] Grassy Terrain\n|upkeep\n|\n|t:|1735710015\n|switch|p1a: Flutter Mane|Flutter Mane, L50|100\/100\n|-status|p1a: Flutter Mane|psn\n|-enditem|p1a: Flutter Mane|Booster Energy\n|-activate|p1a: Flutter Mane|ability: Protosynthesis|[fromitem]\n|-start|p1a: Flutter Mane|protosynthesisspe\n|turn|4\n|\n|t:|1735710028\n|move|p2b: Dondozo|Protect|p2b: Dondozo\n|-singleturn|p2b: Dondozo|Protect\n|move|p1a: Flutter Mane|Moonblast|p2b: Dondozo\n|-activate|p2b: Dondozo|move: Protect\n|move|p1b: Rillaboom|Wood Hammer|p2b: Dondozo\n|-activate|p2b: Dondozo|move: Protect\n|\n|-heal|p2b: Dondozo|77\/100|[from] Grassy Terrain\n|-heal|p2b: Dondozo|83\/100|[from] item: Leftovers\n|-heal|p1b: Rillaboom|97\/100|[from] Grassy Terrain\n|-damage|p1a: Flutter Mane|88\/100 psn|[from] psn\n|upkeep\n|turn|5\n|\n|t:|1735710046\n|-terastallize|p2b: Dondozo|Grass\n|move|p1a: Flutter Mane|Moonblast|p2b: Dondozo\n|-damage|p2b: Dondozo|64\/100\n|move|p2b: Dondozo|Wave Crash|p1a: Flutter Mane\n|-damage|p1a: Flutter Mane|0 fnt\n|faint|p1a: Flutter Mane\n|-end|p1a: Flutter Mane|Protosynthesis|[silent]\n|-damage|p2b: Dondozo|43\/100|[from] Recoil\n|move|p1b: Rillaboom|Wood Hammer|p2b: Dondozo\n|-resisted|p2b: Dondozo\n|-damage|p2b: Dondozo|33\/100\n|-damage|p1b: Rillaboom|93\/100|[from] Recoil\n|\n|-heal|p2b: Dondozo|39\/100|[from] Grassy Terrain\n|-heal|p2b: Dondozo|45\/100|[from] item: Leftovers\n|-heal|p1b: Rillaboom|99\/100|[from] Grassy Terrain\n|upkeep\n|\n|t:|1735710051\n|switch|p1a: Incineroar|Incineroar, L50, F|88\/100 psn\n|-ability|p1a: Incineroar|Intimidate|boost\n|-unboost|p2a: Tatsugiri|atk|1\n|-unboost|p2b: Dondozo|atk|1\n|turn|6\n|\n|t:|1735710068\n|move|p2b: Dondozo|Protect|p2b: Dondozo\n|-singleturn|p2b: Dondozo|Protect\n|move|p1a: Incineroar|Fake Out|p2b: Dondozo\n|-activate|p2b: Dondozo|move: Protect\n|move|p1b: Rillaboom|U-turn|p2b: Dondozo\n|-activate|p2b: Dondozo|move: Protect\n|\n|-heal|p2b: Dondozo|51\/100|[from] Grassy Terrain\n|-heal|p2b: Dondozo|58\/100|[from] item: Leftovers\n|-heal|p1b: Rillaboom|100\/100|[from] Grassy Terrain\n|-heal|p1a: Incineroar|94\/100 psn|[from] Grassy Terrain\n|-damage|p1a: Incineroar|82\/100 psn|[from] psn\n|upkeep\n|turn|7\n|-message|madgiraffe forfeited.\n|\n|win|FerrousYak\n|raw|madgiraffe's rating: 1558 &rarr; <strong>1538<\/strong><br \/>(-20 for losing)\n|raw|FerrousYak's rating: 1555 &rarr; <strong>1575<\/strong><br \/>(+20 for winning)\n|l|\u2606madgiraffe\n|player|p1|\n|l|\u2606FerrousYak\n|player|p2|\n","uploadtime":1735710274,"views":9,"formatid":"gen9vgc2025regg","rating":1538,"private":0,"password":null}