{"id":"gen9vgc2025regg-2273218205","format":"[Gen 9] VGC 2025 Reg G","players":["Spottedwoot","Growth_my_word"],"log":"|j|\u2606Spottedwoot\n|j|\u2606Growth_my_word\n|t:|1735751586\n|gametype|doubles\n|player|p1|Spottedwoot|170|1513\n|player|p2|Growth_my_word|lady-gen4|1616\n|teamsize|p1|6\n|teamsize|p2|6\n|gen|9\n|tier|[Gen 9] VGC 2025 Reg G\n|rated|\n|rule|Species Clause: Limit one of each Pok\u00e9mon\n|rule|Item Clause: Limit 1 of each item\n|clearpoke\n|poke|p1|Calyrex-Shadow, L50|\n|poke|p1|Rillaboom, L50, F|\n|poke|p1|Urshifu-*, L50, F|\n|poke|p1|Incineroar, L50, M|\n|poke|p1|Clefairy, L50, M|\n|poke|p1|Raging Bolt, L50|\n|poke|p2|Miraidon, L50|\n|poke|p2|Dragonite, L50, M|\n|poke|p2|Dondozo, L50, M|\n|poke|p2|Tatsugiri, L50, F|\n|poke|p2|Gholdengo, L50|\n|poke|p2|Chi-Yu, L50|\n|teampreview|4\n|\n|t:|1735751602\n|start\n|switch|p1a: Calyrex|Calyrex-Shadow, L50|100\/100\n|switch|p1b: Urshifu|Urshifu-Rapid-Strike, L50, F|100\/100\n|switch|p2a: Dondozo|Dondozo, L50, M|100\/100\n|switch|p2b: Chi-Yu|Chi-Yu, L50|100\/100\n|-ability|p1a: Calyrex|As One\n|-ability|p1a: Calyrex|Unnerve\n|-ability|p2b: Chi-Yu|Beads of Ruin\n|turn|1\n|\n|t:|1735751620\n|switch|p2b: Tatsugiri|Tatsugiri, L50, F|100\/100\n|-activate|p2b: Tatsugiri|ability: Commander|[of] p2a: Dondozo\n|-boost|p2a: Dondozo|atk|2\n|-boost|p2a: Dondozo|spa|2\n|-boost|p2a: Dondozo|spe|2\n|-boost|p2a: Dondozo|def|2\n|-boost|p2a: Dondozo|spd|2\n|-terastallize|p1b: Urshifu|Water\n|move|p1b: Urshifu|Surging Strikes|p2a: Dondozo\n|-resisted|p2a: Dondozo\n|-crit|p2a: Dondozo\n|-damage|p2a: Dondozo|90\/100\n|-resisted|p2a: Dondozo\n|-crit|p2a: Dondozo\n|-damage|p2a: Dondozo|80\/100\n|-resisted|p2a: Dondozo\n|-crit|p2a: Dondozo\n|-damage|p2a: Dondozo|69\/100\n|-hitcount|p2a: Dondozo|3\n|move|p1a: Calyrex|Astral Barrage|p2a: Dondozo|[spread] p2a\n|-miss|p1a: Calyrex|p2b: Tatsugiri\n|-damage|p2a: Dondozo|43\/100\n|move|p2a: Dondozo|Wave Crash|p1a: Calyrex\n|-damage|p1a: Calyrex|0 fnt\n|faint|p1a: Calyrex\n|-damage|p2a: Dondozo|14\/100|[from] Recoil\n|\n|-heal|p2a: Dondozo|20\/100|[from] item: Leftovers\n|upkeep\n|\n|t:|1735751641\n|switch|p1a: Raging Bolt|Raging Bolt, L50|100\/100\n|-enditem|p1a: Raging Bolt|Booster Energy\n|-activate|p1a: Raging Bolt|ability: Protosynthesis|[fromitem]\n|-start|p1a: Raging Bolt|protosynthesisspa\n|turn|2\n|\n|t:|1735751659\n|move|p1b: Urshifu|Surging Strikes|p2a: Dondozo\n|-resisted|p2a: Dondozo\n|-crit|p2a: Dondozo\n|-damage|p2a: Dondozo|11\/100\n|-resisted|p2a: Dondozo\n|-crit|p2a: Dondozo\n|-damage|p2a: Dondozo|1\/100\n|-resisted|p2a: Dondozo\n|-crit|p2a: Dondozo\n|-damage|p2a: Dondozo|0 fnt\n|faint|p2a: Dondozo\n|-hitcount|p2: Dondozo|3\n|move|p1a: Raging Bolt|Thunderbolt|p2b: Tatsugiri\n|-damage|p2b: Tatsugiri|14\/100\n|\n|upkeep\n|\n|t:|1735751670\n|switch|p2a: Miraidon|Miraidon, L50|100\/100\n|-fieldstart|move: Electric Terrain|[from] ability: Hadron Engine|[of] p2a: Miraidon\n|turn|3\n|\n|t:|1735751682\n|switch|p1b: Rillaboom|Rillaboom, L50, F|100\/100\n|-fieldstart|move: Grassy Terrain|[from] ability: Grassy Surge|[of] p1b: Rillaboom\n|move|p1a: Raging Bolt|Protect|p1a: Raging Bolt\n|-singleturn|p1a: Raging Bolt|Protect\n|move|p2b: Tatsugiri|Draco Meteor|p1a: Raging Bolt\n|-activate|p1a: Raging Bolt|move: Protect\n|move|p2a: Miraidon|Volt Switch|p1b: Rillaboom\n|-resisted|p1b: Rillaboom\n|-damage|p1b: Rillaboom|86\/100\n|\n|t:|1735751693\n|switch|p2a: Chi-Yu|Chi-Yu, L50|100\/100|[from] Volt Switch\n|-ability|p2a: Chi-Yu|Beads of Ruin\n|\n|-heal|p2b: Tatsugiri|20\/100|[from] Grassy Terrain\n|-heal|p1b: Rillaboom|92\/100|[from] Grassy Terrain\n|upkeep\n|turn|4\n|\n|t:|1735751702\n|switch|p2b: Miraidon|Miraidon, L50|100\/100\n|-fieldstart|move: Electric Terrain|[from] ability: Hadron Engine|[of] p2b: Miraidon\n|switch|p1b: Urshifu|Urshifu-Rapid-Strike, L50, F, tera:Water|100\/100\n|move|p1a: Raging Bolt|Thunderclap||[still]\n|-fail|p1a: Raging Bolt\n|move|p2a: Chi-Yu|Heat Wave|p1b: Urshifu|[spread] p1a,p1b\n|-resisted|p1a: Raging Bolt\n|-resisted|p1b: Urshifu\n|-damage|p1a: Raging Bolt|79\/100\n|-damage|p1b: Urshifu|55\/100\n|\n|upkeep\n|turn|5\n|\n|t:|1735751724\n|-terastallize|p2b: Miraidon|Fairy\n|move|p1b: Urshifu|Surging Strikes|p2a: Chi-Yu\n|-supereffective|p2a: Chi-Yu\n|-crit|p2a: Chi-Yu\n|-enditem|p2a: Chi-Yu|Focus Sash\n|-damage|p2a: Chi-Yu|1\/100\n|-supereffective|p2a: Chi-Yu\n|-crit|p2a: Chi-Yu\n|-damage|p2a: Chi-Yu|0 fnt\n|faint|p2a: Chi-Yu\n|-hitcount|p2: Chi-Yu|2\n|move|p2b: Miraidon|Dazzling Gleam|p1b: Urshifu|[spread] p1a,p1b\n|-supereffective|p1a: Raging Bolt\n|-damage|p1a: Raging Bolt|1\/100\n|-damage|p1b: Urshifu|0 fnt\n|faint|p1b: Urshifu\n|move|p1a: Raging Bolt|Draco Meteor|p2b: Miraidon\n|-immune|p2b: Miraidon\n|\n|upkeep\n|\n|t:|1735751739\n|switch|p2a: Tatsugiri|Tatsugiri, L50, F|20\/100\n|switch|p1b: Rillaboom|Rillaboom, L50, F|92\/100\n|-fieldstart|move: Grassy Terrain|[from] ability: Grassy Surge|[of] p1b: Rillaboom\n|turn|6\n|\n|t:|1735751749\n|move|p1b: Rillaboom|Grassy Glide|p2a: Tatsugiri\n|-damage|p2a: Tatsugiri|0 fnt\n|faint|p2a: Tatsugiri\n|move|p1a: Raging Bolt|Thunderclap|p2b: Miraidon\n|-damage|p2b: Miraidon|72\/100\n|move|p2b: Miraidon|Dazzling Gleam|p1b: Rillaboom|[spread] p1a,p1b\n|-supereffective|p1a: Raging Bolt\n|-damage|p1a: Raging Bolt|0 fnt\n|-damage|p1b: Rillaboom|69\/100\n|faint|p1a: Raging Bolt\n|-end|p1a: Raging Bolt|Protosynthesis|[silent]\n|\n|-heal|p2b: Miraidon|78\/100|[from] Grassy Terrain\n|-heal|p1b: Rillaboom|75\/100|[from] Grassy Terrain\n|upkeep\n|turn|7\n|\n|t:|1735751763\n|move|p2b: Miraidon|Dazzling Gleam|p1b: Rillaboom\n|-damage|p1b: Rillaboom|44\/100\n|move|p1b: Rillaboom|Wood Hammer|p2b: Miraidon\n|-damage|p2b: Miraidon|4\/100\n|-damage|p1b: Rillaboom|19\/100|[from] Recoil\n|\n|-heal|p2b: Miraidon|10\/100|[from] Grassy Terrain\n|-heal|p1b: Rillaboom|25\/100|[from] Grassy Terrain\n|upkeep\n|turn|8\n|\n|t:|1735751774\n|move|p1b: Rillaboom|Grassy Glide|p2b: Miraidon\n|-damage|p2b: Miraidon|0 fnt\n|faint|p2b: Miraidon\n|\n|win|Spottedwoot\n|raw|Spottedwoot's rating: 1513 &rarr; <strong>1539<\/strong><br \/>(+26 for winning)\n|raw|Growth_my_word's rating: 1616 &rarr; <strong>1590<\/strong><br \/>(-26 for losing)\n|l|\u2606Growth_my_word\n|player|p2|\n|l|\u2606Spottedwoot\n|player|p1|\n","uploadtime":1735751935,"views":297,"formatid":"gen9vgc2025regg","rating":1539,"private":0,"password":null}