{"id":"gen9vgc2025regg-2273712872","format":"[Gen 9] VGC 2025 Reg G","players":["sadesign","FleurCannon56"],"log":"|j|\u2606sadesign\n|j|\u2606FleurCannon56\n|t:|1735830106\n|gametype|doubles\n|player|p1|sadesign|102|1548\n|player|p2|FleurCannon56|lisia|1603\n|teamsize|p1|6\n|teamsize|p2|6\n|gen|9\n|tier|[Gen 9] VGC 2025 Reg G\n|rated|\n|rule|Species Clause: Limit one of each Pok\u00e9mon\n|rule|Item Clause: Limit 1 of each item\n|clearpoke\n|poke|p1|Calyrex-Ice, L50|\n|poke|p1|Smeargle, L50, M|\n|poke|p1|Sinistcha, L50|\n|poke|p1|Incineroar, L50, M|\n|poke|p1|Rillaboom, L50, M|\n|poke|p1|Urshifu-*, L50, F|\n|poke|p2|Koraidon, L50|\n|poke|p2|Chi-Yu, L50|\n|poke|p2|Flutter Mane, L50|\n|poke|p2|Jumpluff, L50, F|\n|poke|p2|Umbreon, L50, M|\n|poke|p2|Orthworm, L50, M|\n|teampreview|4\n|inactive|Battle timer is ON: inactive players will automatically lose when time's up. (requested by sadesign)\n|j| mathwanderman243\n|l| mathwanderman243\n|inactive|FleurCannon56 has 60 seconds left.\n|\n|t:|1735830152\n|start\n|switch|p1a: Calyrex|Calyrex-Ice, L50|100\/100\n|switch|p1b: Smeargle|Smeargle, L50, M|100\/100\n|switch|p2a: Flutter Mane|Flutter Mane, L50|100\/100\n|switch|p2b: Umbreon|Umbreon, L50, M|100\/100\n|-ability|p1a: Calyrex|As One\n|-ability|p1a: Calyrex|Unnerve\n|turn|1\n|inactive|FleurCannon56 has 30 seconds left.\n|inactive|FleurCannon56 has 20 seconds left.\n|inactive|FleurCannon56 has 15 seconds left.\n|inactive|FleurCannon56 has 10 seconds left.\n|\n|t:|1735830200\n|-terastallize|p1a: Calyrex|Fire\n|move|p1b: Smeargle|Decorate|p1a: Calyrex\n|-boost|p1a: Calyrex|atk|2\n|-boost|p1a: Calyrex|spa|2\n|move|p2a: Flutter Mane|Dazzling Gleam|p1a: Calyrex|[spread] p1a,p1b\n|-resisted|p1a: Calyrex\n|-damage|p1a: Calyrex|89\/100\n|-damage|p1b: Smeargle|5\/100\n|move|p2b: Umbreon|Taunt|p1b: Smeargle\n|-start|p1b: Smeargle|move: Taunt\n|move|p1a: Calyrex|Glacial Lance|p2a: Flutter Mane|[spread] p2a,p2b\n|-damage|p2a: Flutter Mane|0 fnt\n|-damage|p2b: Umbreon|44\/100\n|faint|p2a: Flutter Mane\n|-end|p2a: Flutter Mane|Protosynthesis|[silent]\n|-ability|p1a: Calyrex|Chilling Neigh|boost\n|-boost|p1a: Calyrex|atk|1\n|\n|-ability|p1b: Smeargle|Moody|boost\n|-boost|p1b: Smeargle|def|2\n|-unboost|p1b: Smeargle|atk|1\n|upkeep\n|\n|t:|1735830205\n|switch|p2a: Koraidon|Koraidon, L50|100\/100\n|-weather|SunnyDay|[from] ability: Orichalcum Pulse|[of] p2a: Koraidon\n|-activate|p2a: Koraidon|Orichalcum Pulse|[source]\n|turn|2\n|j| futonkagebunshin\n|\n|t:|1735830224\n|switch|p1b: Sinistcha|Sinistcha, L50|100\/100\n|-heal|p1a: Calyrex|100\/100|[from] ability: Hospitality|[of] p1b: Sinistcha\n|move|p2a: Koraidon|U-turn|p1b: Sinistcha\n|-damage|p1b: Sinistcha|56\/100\n|-damage|p2a: Koraidon|84\/100|[from] item: Rocky Helmet|[of] p1b: Sinistcha\n|\n|t:|1735830229\n|switch|p2a: Orthworm|Orthworm, L50, M|100\/100|[from] U-turn\n|move|p2b: Umbreon|Foul Play|p1a: Calyrex\n|-damage|p1a: Calyrex|33\/100\n|move|p1a: Calyrex|Glacial Lance|p2b: Umbreon|[spread] p2a,p2b\n|-resisted|p2a: Orthworm\n|-damage|p2a: Orthworm|61\/100\n|-damage|p2b: Umbreon|0 fnt\n|faint|p2b: Umbreon\n|-ability|p1a: Calyrex|Chilling Neigh|boost\n|-boost|p1a: Calyrex|atk|1\n|\n|-weather|SunnyDay|[upkeep]\n|upkeep\n|\n|t:|1735830234\n|switch|p2b: Koraidon|Koraidon, L50|84\/100\n|-activate|p2b: Koraidon|ability: Orichalcum Pulse\n|turn|3\n|\n|t:|1735830245\n|move|p1b: Sinistcha|Rage Powder|p1b: Sinistcha\n|-singleturn|p1b: Sinistcha|move: Rage Powder\n|move|p2b: Koraidon|Breaking Swipe|p1b: Sinistcha|[spread] p1a,p1b\n|-crit|p1b: Sinistcha\n|-damage|p1a: Calyrex|7\/100\n|-damage|p1b: Sinistcha|0 fnt\n|-unboost|p1a: Calyrex|atk|1\n|-damage|p2b: Koraidon|67\/100|[from] item: Rocky Helmet|[of] p1b: Sinistcha\n|faint|p1b: Sinistcha\n|move|p2a: Orthworm|Iron Defense|p2a: Orthworm\n|-boost|p2a: Orthworm|def|2\n|move|p1a: Calyrex|Glacial Lance|p2b: Koraidon|[spread] p2a,p2b\n|-resisted|p2a: Orthworm\n|-supereffective|p2b: Koraidon\n|-damage|p2a: Orthworm|42\/100\n|-damage|p2b: Koraidon|0 fnt\n|faint|p2b: Koraidon\n|-ability|p1a: Calyrex|Chilling Neigh|boost\n|-boost|p1a: Calyrex|atk|1\n|\n|-weather|SunnyDay|[upkeep]\n|upkeep\n|\n|t:|1735830262\n|switch|p1b: Smeargle|Smeargle, L50, M|5\/100\n|turn|4\n|\n|t:|1735830267\n|move|p2a: Orthworm|Protect|p2a: Orthworm\n|-singleturn|p2a: Orthworm|Protect\n|move|p1b: Smeargle|Spore|p2a: Orthworm\n|-activate|p2a: Orthworm|move: Protect\n|move|p1a: Calyrex|Glacial Lance|p2a: Orthworm\n|-activate|p2a: Orthworm|move: Protect\n|\n|-weather|SunnyDay|[upkeep]\n|-ability|p1b: Smeargle|Moody|boost\n|-boost|p1b: Smeargle|spd|2\n|-unboost|p1b: Smeargle|spe|1\n|upkeep\n|turn|5\n|\n|t:|1735830279\n|move|p1b: Smeargle|Spore|p2a: Orthworm\n|-status|p2a: Orthworm|slp|[from] move: Spore\n|cant|p2a: Orthworm|slp\n|move|p1a: Calyrex|Glacial Lance|p2a: Orthworm\n|-resisted|p2a: Orthworm\n|-damage|p2a: Orthworm|12\/100 slp\n|\n|-weather|SunnyDay|[upkeep]\n|-ability|p1b: Smeargle|Moody|boost\n|-boost|p1b: Smeargle|def|2\n|-unboost|p1b: Smeargle|atk|1\n|upkeep\n|turn|6\n|\n|t:|1735830296\n|switch|p1b: Incineroar|Incineroar, L50, M|100\/100\n|-ability|p1b: Incineroar|Intimidate|boost\n|-unboost|p2a: Orthworm|atk|1\n|cant|p2a: Orthworm|slp\n|move|p1a: Calyrex|Glacial Lance|p2a: Orthworm\n|-resisted|p2a: Orthworm\n|-damage|p2a: Orthworm|0 fnt\n|faint|p2a: Orthworm\n|\n|win|sadesign\n|raw|sadesign's rating: 1548 &rarr; <strong>1572<\/strong><br \/>(+24 for winning)\n|raw|FleurCannon56's rating: 1616 &rarr; <strong>1592<\/strong><br \/>(-24 for losing)\n|l|\u2606FleurCannon56\n|player|p2|\n|l|\u2606sadesign\n|player|p1|\n|l| futonkagebunshin\n","uploadtime":1735830482,"views":34,"formatid":"gen9vgc2025regg","rating":1572,"private":0,"password":null}