{"id":"gen9vgc2025regg-2273209995","format":"[Gen 9] VGC 2025 Reg G","players":["TheLoanRanger","Growth_my_word"],"log":"|j|\u2606TheLoanRanger\n|j|\u2606Growth_my_word\n|t:|1735750433\n|gametype|doubles\n|player|p1|TheLoanRanger|gardenia|1509\n|player|p2|Growth_my_word|lady-gen4|1611\n|teamsize|p1|6\n|teamsize|p2|6\n|gen|9\n|tier|[Gen 9] VGC 2025 Reg G\n|rated|\n|rule|Species Clause: Limit one of each Pok\u00e9mon\n|rule|Item Clause: Limit 1 of each item\n|clearpoke\n|poke|p1|Miraidon, L50|\n|poke|p1|Iron Valiant, L50|\n|poke|p1|Ogerpon-Wellspring, L50, F|\n|poke|p1|Gholdengo, L50|\n|poke|p1|Landorus-Therian, L50, M|\n|poke|p1|Chi-Yu, L50|\n|poke|p2|Miraidon, L50|\n|poke|p2|Dragonite, L50, M|\n|poke|p2|Dondozo, L50, F|\n|poke|p2|Tatsugiri, L50, F|\n|poke|p2|Gholdengo, L50|\n|poke|p2|Chi-Yu, L50|\n|teampreview|4\n|j| Mobile-NWNCC\nTheLoanRanger has agreed to open team sheets.\nGrowth_my_word has agreed to open team sheets.\n|showteam|p1|Miraidon||ChoiceSpecs|HadronEngine|ElectroDrift,DracoMeteor,VoltSwitch,DazzlingGleam||||||50|,,,,,Fairy]Iron Valiant||FocusSash|QuarkDrive|CloseCombat,SpiritBreak,IcyWind,WideGuard||||||50|,,,,,Ghost]Ogerpon-Wellspring||WellspringMask|WaterAbsorb|IvyCudgel,WoodHammer,FollowMe,SpikyShield|||F|||50|,,,,,Water]Gholdengo||Leftovers|GoodasGold|MakeItRain,ShadowBall,NastyPlot,Protect||||||50|,,,,,Water]Landorus-Therian||AssaultVest|Intimidate|StompingTantrum,TeraBlast,RockTomb,Uturn|||M|||50|,,,,,Flying]Chi-Yu||ChoiceScarf|BeadsofRuin|HeatWave,Overheat,DarkPulse,TeraBlast||||||50|,,,,,Ground\n|showteam|p2|Miraidon||AssaultVest|HadronEngine|VoltSwitch,ElectroDrift,DracoMeteor,DazzlingGleam||||||50|,,,,,Fairy]Dragonite||ChoiceBand|Multiscale|ExtremeSpeed,Outrage,AerialAce,IronHead|||M|||50|,,,,,Normal]Dondozo||Leftovers|Unaware|WaveCrash,Protect,OrderUp,Earthquake|||F|||50|,,,,,Grass]Tatsugiri||ChoiceScarf|Commander|SleepTalk,IcyWind,MuddyWater,DracoMeteor|||F|||50|,,,,,Normal]Gholdengo||ChoiceSpecs|GoodasGold|MakeItRain,Trick,ShadowBall,Thunderbolt||||||50|,,,,,Normal]Chi-Yu||FocusSash|BeadsofRuin|DarkPulse,HeatWave,Protect,Overheat||||||50|,,,,,Ghost\n|j| sirnlove\n|\n|t:|1735750521\n|start\n|switch|p1a: Iron Valiant|Iron Valiant, L50|100\/100\n|switch|p1b: Miraidon|Miraidon, L50|100\/100\n|switch|p2a: Dondozo|Dondozo, L50, F|100\/100\n|switch|p2b: Miraidon|Miraidon, L50|100\/100\n|-fieldstart|move: Electric Terrain|[from] ability: Hadron Engine|[of] p2b: Miraidon\n|-activate|p1a: Iron Valiant|ability: Quark Drive\n|-start|p1a: Iron Valiant|quarkdrivespe\n|-activate|p1b: Miraidon|ability: Hadron Engine\n|turn|1\n|\n|t:|1735750573\n|switch|p2b: Tatsugiri|Tatsugiri, L50, F|100\/100\n|-activate|p2b: Tatsugiri|ability: Commander|[of] p2a: Dondozo\n|-boost|p2a: Dondozo|atk|2\n|-boost|p2a: Dondozo|spa|2\n|-boost|p2a: Dondozo|spe|2\n|-boost|p2a: Dondozo|def|2\n|-boost|p2a: Dondozo|spd|2\n|-terastallize|p2a: Dondozo|Grass\n|move|p1a: Iron Valiant|Icy Wind|p2b: Tatsugiri|[spread] p2a\n|-miss|p1a: Iron Valiant|p2b: Tatsugiri\n|-supereffective|p2a: Dondozo\n|-damage|p2a: Dondozo|89\/100\n|-unboost|p2a: Dondozo|spe|1\n|move|p1b: Miraidon|Volt Switch|p2b: Tatsugiri|[miss]\n|-miss|p1b: Miraidon|p2b: Tatsugiri\n|move|p2a: Dondozo|Wave Crash|p1b: Miraidon\n|-resisted|p1b: Miraidon\n|-damage|p1b: Miraidon|56\/100\n|-damage|p2a: Dondozo|75\/100|[from] Recoil\n|\n|-heal|p2a: Dondozo|81\/100|[from] item: Leftovers\n|upkeep\n|turn|2\n|\n|t:|1735750594\n|move|p1a: Iron Valiant|Close Combat|p2a: Dondozo\n|-damage|p2a: Dondozo|60\/100\n|-unboost|p1a: Iron Valiant|def|1\n|-unboost|p1a: Iron Valiant|spd|1\n|move|p1b: Miraidon|Volt Switch|p2a: Dondozo\n|-resisted|p2a: Dondozo\n|-damage|p2a: Dondozo|38\/100\n|\n|t:|1735750601\n|switch|p1b: Landorus|Landorus-Therian, L50, M|100\/100|[from] Volt Switch\n|-ability|p1b: Landorus|Intimidate|boost\n|-unboost|p2a: Dondozo|atk|1\n|-unboost|p2b: Tatsugiri|atk|1\n|move|p2a: Dondozo|Earthquake|p1a: Iron Valiant|[spread] p1a\n|-miss|p2a: Dondozo|p2b: Tatsugiri\n|-immune|p1b: Landorus\n|-damage|p1a: Iron Valiant|60\/100\n|\n|-heal|p2a: Dondozo|44\/100|[from] item: Leftovers\n|upkeep\n|turn|3\n|\n|t:|1735750617\n|move|p1a: Iron Valiant|Close Combat|p2a: Dondozo\n|-damage|p2a: Dondozo|22\/100\n|-unboost|p1a: Iron Valiant|def|1\n|-unboost|p1a: Iron Valiant|spd|1\n|move|p2a: Dondozo|Wave Crash|p1b: Landorus\n|-supereffective|p1b: Landorus\n|-damage|p1b: Landorus|0 fnt\n|faint|p1b: Landorus\n|-damage|p2a: Dondozo|0 fnt|[from] Recoil\n|faint|p2a: Dondozo\n|\n|upkeep\n|\n|t:|1735750635\n|switch|p1b: Miraidon|Miraidon, L50|56\/100\n|switch|p2a: Dragonite|Dragonite, L50, M|100\/100\n|-activate|p1b: Miraidon|ability: Hadron Engine\n|turn|4\n|\n|t:|1735750660\n|-terastallize|p1b: Miraidon|Fairy\n|move|p1a: Iron Valiant|Wide Guard|p1a: Iron Valiant\n|-singleturn|p1a: Iron Valiant|Wide Guard\n|move|p2a: Dragonite|Extreme Speed|p1b: Miraidon\n|-damage|p1b: Miraidon|19\/100\n|move|p2b: Tatsugiri|Muddy Water|p1b: Miraidon|[spread] \n|-activate|p1a: Iron Valiant|move: Wide Guard\n|-activate|p1b: Miraidon|move: Wide Guard\n|move|p1b: Miraidon|Dazzling Gleam|p2b: Tatsugiri|[spread] p2a,p2b\n|-supereffective|p2a: Dragonite\n|-supereffective|p2b: Tatsugiri\n|-damage|p2a: Dragonite|49\/100\n|-damage|p2b: Tatsugiri|0 fnt\n|faint|p2b: Tatsugiri\n|\n|upkeep\n|\n|t:|1735750674\n|switch|p2b: Miraidon|Miraidon, L50|100\/100\n|-activate|p2b: Miraidon|ability: Hadron Engine\n|turn|5\n|\n|t:|1735750706\n|switch|p1b: Ogerpon|Ogerpon-Wellspring, L50, F|100\/100\n|move|p2a: Dragonite|Extreme Speed|p1b: Ogerpon\n|-damage|p1b: Ogerpon|58\/100\n|move|p1a: Iron Valiant|Icy Wind|p2a: Dragonite|[spread] p2a,p2b\n|-supereffective|p2a: Dragonite\n|-supereffective|p2b: Miraidon\n|-damage|p2a: Dragonite|5\/100\n|-damage|p2b: Miraidon|89\/100\n|-unboost|p2a: Dragonite|spe|1\n|-unboost|p2b: Miraidon|spe|1\n|move|p2b: Miraidon|Electro Drift|p1a: Iron Valiant\n|-damage|p1a: Iron Valiant|0 fnt\n|faint|p1a: Iron Valiant\n|-end|p1a: Iron Valiant|Quark Drive|[silent]\n|\n|-fieldend|move: Electric Terrain\n|upkeep\n|\n|t:|1735750713\n|switch|p1a: Miraidon|Miraidon, L50, tera:Fairy|19\/100\n|-fieldstart|move: Electric Terrain|[from] ability: Hadron Engine|[of] p1a: Miraidon\n|turn|6\n|\n|t:|1735750729\n|move|p1b: Ogerpon|Follow Me|p1b: Ogerpon\n|-singleturn|p1b: Ogerpon|move: Follow Me\n|move|p2a: Dragonite|Extreme Speed|p1b: Ogerpon\n|-damage|p1b: Ogerpon|14\/100\n|move|p1a: Miraidon|Draco Meteor|p2b: Miraidon\n|-supereffective|p2b: Miraidon\n|-damage|p2b: Miraidon|0 fnt\n|-unboost|p1a: Miraidon|spa|2\n|faint|p2b: Miraidon\n|\n|upkeep\n|turn|7\n|\n|t:|1735750740\n|move|p2a: Dragonite|Extreme Speed|p1b: Ogerpon\n|-damage|p1b: Ogerpon|0 fnt\n|faint|p1b: Ogerpon\n|move|p1a: Miraidon|Draco Meteor|p2a: Dragonite\n|-supereffective|p2a: Dragonite\n|-damage|p2a: Dragonite|0 fnt\n|-unboost|p1a: Miraidon|spa|2\n|faint|p2a: Dragonite\n|\n|win|TheLoanRanger\n|raw|TheLoanRanger's rating: 1509 &rarr; <strong>1535<\/strong><br \/>(+26 for winning)\n|raw|Growth_my_word's rating: 1611 &rarr; <strong>1585<\/strong><br \/>(-26 for losing)\n|l|\u2606Growth_my_word\n|player|p2|\n","uploadtime":1735750755,"views":30,"formatid":"gen9vgc2025regg","rating":1535,"private":0,"password":null}