{"id":"gen9vgc2025regg-2273448338","format":"[Gen 9] VGC 2025 Reg G","players":["massan2580","Iamsliverfish"],"log":"|j|\u2606massan2580\n|j|\u2606Iamsliverfish\n|t:|1735782169\n|gametype|doubles\n|player|p1|massan2580|169|1599\n|player|p2|Iamsliverfish|hiker-gen4|1659\n|teamsize|p1|6\n|teamsize|p2|6\n|gen|9\n|tier|[Gen 9] VGC 2025 Reg G\n|rated|\n|rule|Species Clause: Limit one of each Pok\u00e9mon\n|rule|Item Clause: Limit 1 of each item\n|clearpoke\n|poke|p1|Calyrex-Shadow, L50|\n|poke|p1|Grimmsnarl, L50, M|\n|poke|p1|Clefairy, L50, F|\n|poke|p1|Rillaboom, L50, M|\n|poke|p1|Chien-Pao, L50|\n|poke|p1|Dragonite, L50, M|\n|poke|p2|Calyrex-Shadow, L50|\n|poke|p2|Ursaluna, L50, M|\n|poke|p2|Indeedee-F, L50, F|\n|poke|p2|Ogerpon-Wellspring, L50, F|\n|poke|p2|Tornadus, L50, M|\n|poke|p2|Chi-Yu, L50|\n|teampreview|4\n|inactive|Battle timer is ON: inactive players will automatically lose when time's up. (requested by massan2580)\n|\n|t:|1735782226\n|start\n|switch|p1a: Chien-Pao|Chien-Pao, L50|100\/100\n|switch|p1b: Dragonite|Dragonite, L50, M|100\/100\n|switch|p2a: Chi-Yu|Chi-Yu, L50|100\/100\n|switch|p2b: Calyrex|Calyrex-Shadow, L50|100\/100\n|-ability|p2b: Calyrex|As One\n|-ability|p2b: Calyrex|Unnerve\n|-ability|p2a: Chi-Yu|Beads of Ruin\n|-ability|p1a: Chien-Pao|Sword of Ruin\n|turn|1\n|\n|t:|1735782243\n|switch|p2b: Indeedee|Indeedee-F, L50, F|100\/100\n|-fieldstart|move: Psychic Terrain|[from] ability: Psychic Surge|[of] p2b: Indeedee\n|-terastallize|p1b: Dragonite|Normal\n|move|p1a: Chien-Pao|Protect|p1a: Chien-Pao\n|-singleturn|p1a: Chien-Pao|Protect\n|move|p2a: Chi-Yu|Heat Wave|p1b: Dragonite|[spread] p1b\n|-activate|p1a: Chien-Pao|move: Protect\n|-damage|p1b: Dragonite|55\/100\n|move|p1b: Dragonite|Tailwind|p1b: Dragonite\n|-sidestart|p1: massan2580|move: Tailwind\n|\n|upkeep\n|turn|2\n|\n|t:|1735782269\n|switch|p2a: Ursaluna|Ursaluna, L50, M|100\/100\n|move|p1a: Chien-Pao|Icicle Crash|p2b: Indeedee\n|-damage|p2b: Indeedee|39\/100\n|move|p1b: Dragonite|Earthquake|p2a: Ursaluna|[spread] p1a,p2a,p2b\n|-damage|p1a: Chien-Pao|60\/100\n|-damage|p2a: Ursaluna|70\/100\n|-damage|p2b: Indeedee|0 fnt\n|faint|p2b: Indeedee\n|\n|-status|p2a: Ursaluna|brn|[from] item: Flame Orb\n|upkeep\n|\n|t:|1735782273\n|switch|p2b: Chi-Yu|Chi-Yu, L50|100\/100\n|-ability|p2b: Chi-Yu|Beads of Ruin\n|turn|3\n|\n|t:|1735782292\n|move|p1a: Chien-Pao|Protect|p1a: Chien-Pao\n|-singleturn|p1a: Chien-Pao|Protect\n|move|p2b: Chi-Yu|Heat Wave|p1b: Dragonite|[spread] p1b\n|-activate|p1a: Chien-Pao|move: Protect\n|-damage|p1b: Dragonite|4\/100\n|-status|p1b: Dragonite|brn\n|move|p1b: Dragonite|Earthquake|p2a: Ursaluna|[spread] p2a,p2b\n|-activate|p1a: Chien-Pao|move: Protect\n|-supereffective|p2b: Chi-Yu\n|-damage|p2a: Ursaluna|56\/100 brn\n|-damage|p2b: Chi-Yu|39\/100\n|move|p2a: Ursaluna|Facade|p1b: Dragonite\n|-damage|p1b: Dragonite|0 fnt\n|faint|p1b: Dragonite\n|\n|-damage|p2a: Ursaluna|50\/100 brn|[from] brn\n|upkeep\n|\n|t:|1735782309\n|switch|p1b: Calyrex|Calyrex-Shadow, L50|100\/100\n|-ability|p1b: Calyrex|As One\n|-ability|p1b: Calyrex|Unnerve\n|turn|4\n|\n|t:|1735782323\n|move|p2a: Ursaluna|Protect|p2a: Ursaluna\n|-singleturn|p2a: Ursaluna|Protect\n|move|p1b: Calyrex|Giga Drain|p2a: Ursaluna\n|-activate|p2a: Ursaluna|move: Protect\n|move|p1a: Chien-Pao|Icicle Crash|p2b: Chi-Yu\n|-resisted|p2b: Chi-Yu\n|-damage|p2b: Chi-Yu|0 fnt\n|faint|p2b: Chi-Yu\n|\n|-damage|p2a: Ursaluna|44\/100 brn|[from] brn\n|-sideend|p1: massan2580|move: Tailwind\n|upkeep\n|\n|t:|1735782330\n|switch|p2b: Calyrex|Calyrex-Shadow, L50|100\/100\n|-ability|p2b: Calyrex|As One\n|-ability|p2b: Calyrex|Unnerve\n|turn|5\n|\n|t:|1735782341\n|switch|p1b: Rillaboom|Rillaboom, L50, M|100\/100\n|-fieldstart|move: Grassy Terrain|[from] ability: Grassy Surge|[of] p1b: Rillaboom\n|-terastallize|p2b: Calyrex|Ground\n|move|p1a: Chien-Pao|Sucker Punch|p2b: Calyrex\n|-damage|p2b: Calyrex|34\/100\n|move|p2b: Calyrex|Astral Barrage|p1a: Chien-Pao|[spread] p1a,p1b\n|-resisted|p1a: Chien-Pao\n|-damage|p1a: Chien-Pao|1\/100\n|-damage|p1b: Rillaboom|41\/100\n|-damage|p2b: Calyrex|24\/100|[from] item: Life Orb\n|move|p2a: Ursaluna|Facade|p1a: Chien-Pao\n|-damage|p1a: Chien-Pao|0 fnt\n|faint|p1a: Chien-Pao\n|\n|-heal|p2b: Calyrex|30\/100|[from] Grassy Terrain\n|-heal|p1b: Rillaboom|47\/100|[from] Grassy Terrain\n|-heal|p2a: Ursaluna|50\/100 brn|[from] Grassy Terrain\n|-damage|p2a: Ursaluna|44\/100 brn|[from] brn\n|upkeep\n|\n|t:|1735782353\n|switch|p1a: Calyrex|Calyrex-Shadow, L50|100\/100\n|-ability|p1a: Calyrex|As One\n|-ability|p1a: Calyrex|Unnerve\n|turn|6\n|\n|t:|1735782357\n|move|p2b: Calyrex|Protect|p2b: Calyrex\n|-singleturn|p2b: Calyrex|Protect\n|move|p2a: Ursaluna|Protect|p2a: Ursaluna\n|-singleturn|p2a: Ursaluna|Protect\n|move|p1b: Rillaboom|Fake Out|p2b: Calyrex\n|-activate|p2b: Calyrex|move: Protect\n|move|p1a: Calyrex|Giga Drain|p2a: Ursaluna\n|-activate|p2a: Ursaluna|move: Protect\n|\n|-heal|p2b: Calyrex|35\/100|[from] Grassy Terrain\n|-heal|p1b: Rillaboom|53\/100|[from] Grassy Terrain\n|-heal|p2a: Ursaluna|50\/100 brn|[from] Grassy Terrain\n|-damage|p2a: Ursaluna|44\/100 brn|[from] brn\n|upkeep\n|turn|7\n|\n|t:|1735782364\n|move|p1b: Rillaboom|Grassy Glide|p2b: Calyrex\n|-supereffective|p2b: Calyrex\n|-damage|p2b: Calyrex|0 fnt\n|faint|p2b: Calyrex\n|move|p1a: Calyrex|Giga Drain|p2a: Ursaluna\n|-supereffective|p2a: Ursaluna\n|-damage|p2a: Ursaluna|0 fnt\n|faint|p2a: Ursaluna\n|\n|win|massan2580\n|raw|massan2580's rating: 1599 &rarr; <strong>1622<\/strong><br \/>(+23 for winning)\n|raw|Iamsliverfish's rating: 1659 &rarr; <strong>1636<\/strong><br \/>(-23 for losing)\n|l|\u2606Iamsliverfish\n|player|p2|\n|l|\u2606massan2580\n|player|p1|\n","uploadtime":1735782532,"views":78,"formatid":"gen9vgc2025regg","rating":1622,"private":0,"password":null}