{"id":"gen9vgc2025regg-2273719222","format":"[Gen 9] VGC 2025 Reg G","players":["Slackermaru","FleurCannon56"],"log":"|j|\u2606Slackermaru\n|j|\u2606FleurCannon56\n|t:|1735830965\n|gametype|doubles\n|player|p1|Slackermaru|workerice|1639\n|player|p2|FleurCannon56|lisia|1628\n|teamsize|p1|6\n|teamsize|p2|6\n|gen|9\n|tier|[Gen 9] VGC 2025 Reg G\n|rated|\n|rule|Species Clause: Limit one of each Pok\u00e9mon\n|rule|Item Clause: Limit 1 of each item\n|clearpoke\n|poke|p1|Urshifu-*, L50, M|\n|poke|p1|Raging Bolt, L50|\n|poke|p1|Calyrex-Ice, L50|\n|poke|p1|Landorus, L50, M|\n|poke|p1|Ogerpon-Cornerstone, L50, F|\n|poke|p1|Iron Valiant, L50|\n|poke|p2|Koraidon, L50|\n|poke|p2|Chi-Yu, L50|\n|poke|p2|Flutter Mane, L50|\n|poke|p2|Jumpluff, L50, M|\n|poke|p2|Umbreon, L50, F|\n|poke|p2|Orthworm, L50, F|\n|teampreview|4\n|\n|t:|1735830992\n|start\n|switch|p1a: Landorus|Landorus, L50, M|100\/100\n|switch|p1b: Calyrex|Calyrex-Ice, L50|100\/100\n|switch|p2a: Koraidon|Koraidon, L50|100\/100\n|switch|p2b: Flutter Mane|Flutter Mane, L50|100\/100\n|-ability|p1b: Calyrex|As One\n|-ability|p1b: Calyrex|Unnerve\n|-weather|SunnyDay|[from] ability: Orichalcum Pulse|[of] p2a: Koraidon\n|-activate|p2b: Flutter Mane|ability: Protosynthesis\n|-start|p2b: Flutter Mane|protosynthesisspe\n|-activate|p2a: Koraidon|Orichalcum Pulse|[source]\n|turn|1\n|j| ZenorVGC\n|\n|t:|1735831013\n|-terastallize|p1b: Calyrex|Normal\n|move|p2b: Flutter Mane|Shadow Ball|p1b: Calyrex\n|-immune|p1b: Calyrex\n|move|p1a: Landorus|Sandsear Storm|p2b: Flutter Mane|[spread] p2a\n|-miss|p1a: Landorus|p2b: Flutter Mane\n|-damage|p2a: Koraidon|49\/100\n|move|p2a: Koraidon|Collision Course|p1b: Calyrex\n|-supereffective|p1b: Calyrex\n|-damage|p1b: Calyrex|0 fnt\n|faint|p1b: Calyrex\n|\n|-weather|SunnyDay|[upkeep]\n|upkeep\n|j| futonkagebunshin\n|l| ZenorVGC\n|\n|t:|1735831037\n|switch|p1b: Ogerpon|Ogerpon-Cornerstone, L50, F|100\/100\n|turn|2\n|\n|t:|1735831051\n|-end|p2b: Flutter Mane|Protosynthesis|[silent]\n|switch|p2b: Umbreon|Umbreon, L50, F|100\/100\n|move|p1b: Ogerpon|Spiky Shield|p1b: Ogerpon\n|-singleturn|p1b: Ogerpon|move: Protect\n|move|p1a: Landorus|Sandsear Storm|p2a: Koraidon|[spread] p2a,p2b\n|-damage|p2a: Koraidon|0 fnt\n|-damage|p2b: Umbreon|68\/100\n|faint|p2a: Koraidon\n|\n|-weather|SunnyDay|[upkeep]\n|upkeep\n|\n|t:|1735831068\n|switch|p2a: Chi-Yu|Chi-Yu, L50|100\/100\n|-ability|p2a: Chi-Yu|Beads of Ruin\n|turn|3\n|\n|t:|1735831082\n|switch|p1a: Raging Bolt|Raging Bolt, L50|100\/100\n|-activate|p1a: Raging Bolt|ability: Protosynthesis\n|-start|p1a: Raging Bolt|protosynthesisspa\n|-terastallize|p2a: Chi-Yu|Ghost\n|move|p2a: Chi-Yu|Heat Wave|p1a: Raging Bolt|[spread] p1a,p1b\n|-resisted|p1a: Raging Bolt\n|-crit|p1a: Raging Bolt\n|-damage|p1a: Raging Bolt|55\/100\n|-damage|p1b: Ogerpon|13\/100\n|-status|p1b: Ogerpon|brn\n|move|p1b: Ogerpon|Ivy Cudgel|p2a: Chi-Yu|[anim] Ivy Cudgel Rock\n|-damage|p2a: Chi-Yu|55\/100\n|move|p2b: Umbreon|Foul Play|p1b: Ogerpon\n|-damage|p1b: Ogerpon|0 fnt\n|faint|p1b: Ogerpon\n|\n|-weather|SunnyDay|[upkeep]\n|upkeep\n|\n|t:|1735831099\n|switch|p1b: Landorus|Landorus, L50, M|100\/100\n|turn|4\n|\n|t:|1735831113\n|move|p1a: Raging Bolt|Thunderclap|p2a: Chi-Yu\n|-damage|p2a: Chi-Yu|0 fnt\n|faint|p2a: Chi-Yu\n|-damage|p1a: Raging Bolt|45\/100|[from] item: Life Orb\n|move|p1b: Landorus|Earth Power|p2b: Umbreon\n|-damage|p2b: Umbreon|27\/100\n|move|p2b: Umbreon|Yawn|p1a: Raging Bolt\n|-start|p1a: Raging Bolt|move: Yawn|[of] p2b: Umbreon\n|\n|-weather|SunnyDay|[upkeep]\n|upkeep\n|\n|t:|1735831118\n|switch|p2a: Flutter Mane|Flutter Mane, L50|100\/100\n|-activate|p2a: Flutter Mane|ability: Protosynthesis\n|-start|p2a: Flutter Mane|protosynthesisspe\n|turn|5\n|\n|t:|1735831139\n|move|p2a: Flutter Mane|Moonblast|p1b: Landorus\n|-damage|p1b: Landorus|6\/100\n|move|p1b: Landorus|Earth Power|p2a: Flutter Mane\n|-damage|p2a: Flutter Mane|40\/100\n|move|p1a: Raging Bolt|Thunderbolt|p2b: Umbreon\n|-damage|p2b: Umbreon|0 fnt\n|faint|p2b: Umbreon\n|-damage|p1a: Raging Bolt|35\/100|[from] item: Life Orb\n|\n|-weather|none\n|-end|p2a: Flutter Mane|Protosynthesis\n|-end|p1a: Raging Bolt|Protosynthesis\n|-end|p1a: Raging Bolt|move: Yawn|[silent]\n|-status|p1a: Raging Bolt|slp\n|upkeep\n|turn|6\n|\n|t:|1735831155\n|cant|p1a: Raging Bolt|slp\n|move|p1b: Landorus|Earth Power|p2a: Flutter Mane\n|-damage|p2a: Flutter Mane|0 fnt\n|faint|p2a: Flutter Mane\n|-end|p2a: Flutter Mane|Protosynthesis|[silent]\n|\n|win|Slackermaru\n|raw|Slackermaru's rating: 1639 &rarr; <strong>1658<\/strong><br \/>(+19 for winning)\n|raw|FleurCannon56's rating: 1628 &rarr; <strong>1609<\/strong><br \/>(-19 for losing)\n|l|\u2606FleurCannon56\n|player|p2|\n","uploadtime":1735831326,"views":59,"formatid":"gen9vgc2025regg","rating":1609,"private":0,"password":null}