{"id":"gen9vgc2025regg-2273250104","format":"[Gen 9] VGC 2025 Reg G","players":["Emirnent","FelizJuevesVGC"],"log":"|j|\u2606Emirnent\n|j|\u2606FelizJuevesVGC\n|t:|1735756034\n|gametype|doubles\n|player|p1|Emirnent|1|1603\n|player|p2|FelizJuevesVGC|iris-gen5bw2|1552\n|teamsize|p1|6\n|teamsize|p2|6\n|gen|9\n|tier|[Gen 9] VGC 2025 Reg G\n|rated|\n|rule|Species Clause: Limit one of each Pok\u00e9mon\n|rule|Item Clause: Limit 1 of each item\n|clearpoke\n|poke|p1|Whimsicott, L50, M|\n|poke|p1|Kyogre, L50|\n|poke|p1|Urshifu-*, L50, F|\n|poke|p1|Chien-Pao, L50|\n|poke|p1|Archaludon, L50, F|\n|poke|p1|Tsareena, L50, F|\n|poke|p2|Eternatus, L50|\n|poke|p2|Chi-Yu, L50|\n|poke|p2|Tornadus, L50, M|\n|poke|p2|Flutter Mane, L50|\n|poke|p2|Urshifu-*, L50, F|\n|poke|p2|Rillaboom, L50, M|\n|teampreview|4\n|inactive|Battle timer is ON: inactive players will automatically lose when time's up. (requested by Emirnent)\n|j| anton con perish\n|inactive|Emirnent has 60 seconds left.\n|inactive|FelizJuevesVGC has 60 seconds left.\n|j| zxc123zxc\n|\n|t:|1735756077\n|start\n|switch|p1a: Whimsicott|Whimsicott, L50, M|100\/100\n|switch|p1b: Chien-Pao|Chien-Pao, L50|100\/100\n|switch|p2a: Eternatus|Eternatus, L50|100\/100\n|switch|p2b: Tornadus|Tornadus, L50, M|100\/100\n|-ability|p2a: Eternatus|Pressure\n|-ability|p1b: Chien-Pao|Sword of Ruin\n|turn|1\n|j| Mobile-NWNCC\n|inactive|FelizJuevesVGC has 30 seconds left.\n|\n|t:|1735756105\n|-terastallize|p2a: Eternatus|Steel\n|move|p1a: Whimsicott|Tailwind|p1a: Whimsicott\n|-sidestart|p1: Emirnent|move: Tailwind\n|move|p2b: Tornadus|Tailwind|p2b: Tornadus\n|-sidestart|p2: FelizJuevesVGC|move: Tailwind\n|move|p2a: Eternatus|Sludge Bomb|p1a: Whimsicott\n|-supereffective|p1a: Whimsicott\n|-damage|p1a: Whimsicott|0 fnt\n|faint|p1a: Whimsicott\n|move|p1b: Chien-Pao|Ice Spinner|p2a: Eternatus\n|-resisted|p2a: Eternatus\n|-damage|p2a: Eternatus|76\/100\n|\n|upkeep\n|\n|t:|1735756112\n|switch|p1a: Kyogre|Kyogre, L50|100\/100\n|-weather|RainDance|[from] ability: Drizzle|[of] p1a: Kyogre\n|turn|2\n|inactive|FelizJuevesVGC has 30 seconds left.\n|\n|t:|1735756142\n|-terastallize|p1a: Kyogre|Water\n|move|p1b: Chien-Pao|Sucker Punch|p2a: Eternatus\n|-damage|p2a: Eternatus|35\/100\n|move|p2b: Tornadus|Sunny Day|p2b: Tornadus\n|-weather|SunnyDay\n|move|p1a: Kyogre|Water Spout|p2b: Tornadus|[spread] p2a,p2b\n|-damage|p2a: Eternatus|3\/100\n|-damage|p2b: Tornadus|50\/100\n|move|p2a: Eternatus|Dynamax Cannon|p1a: Kyogre\n|-damage|p1a: Kyogre|62\/100\n|\n|-weather|SunnyDay|[upkeep]\n|upkeep\n|turn|3\n|j| futonkagebunshin\n|inactive|FelizJuevesVGC has 30 seconds left.\n|\n|t:|1735756172\n|switch|p2a: Rillaboom|Rillaboom, L50, M|100\/100\n|-fieldstart|move: Grassy Terrain|[from] ability: Grassy Surge|[of] p2a: Rillaboom\n|switch|p1b: Archaludon|Archaludon, L50, F|100\/100\n|move|p2b: Tornadus|Protect|p2b: Tornadus\n|-singleturn|p2b: Tornadus|Protect\n|move|p1a: Kyogre|Water Spout|p2a: Rillaboom|[spread] p2a\n|-activate|p2b: Tornadus|move: Protect\n|-resisted|p2a: Rillaboom\n|-damage|p2a: Rillaboom|92\/100\n|\n|-weather|SunnyDay|[upkeep]\n|-heal|p1a: Kyogre|69\/100|[from] Grassy Terrain\n|-heal|p2a: Rillaboom|98\/100|[from] Grassy Terrain\n|upkeep\n|turn|4\n|inactive|FelizJuevesVGC has 30 seconds left.\n|\n|t:|1735756207\n|switch|p1a: Chien-Pao|Chien-Pao, L50|100\/100\n|-ability|p1a: Chien-Pao|Sword of Ruin\n|switch|p2b: Urshifu|Urshifu, L50, F|100\/100\n|move|p1b: Archaludon|Dragon Pulse|p2b: Urshifu\n|-damage|p2b: Urshifu|42\/100\n|move|p2a: Rillaboom|Wood Hammer|p1a: Chien-Pao\n|-enditem|p1a: Chien-Pao|Focus Sash\n|-damage|p1a: Chien-Pao|1\/100\n|-damage|p2a: Rillaboom|73\/100|[from] Recoil\n|\n|-weather|SunnyDay|[upkeep]\n|-heal|p1a: Chien-Pao|7\/100|[from] Grassy Terrain\n|-heal|p2b: Urshifu|48\/100|[from] Grassy Terrain\n|-heal|p2a: Rillaboom|79\/100|[from] Grassy Terrain\n|-sideend|p2: FelizJuevesVGC|move: Tailwind\n|-sideend|p1: Emirnent|move: Tailwind\n|upkeep\n|turn|5\n|inactive|Emirnent has 30 seconds left.\n|\n|t:|1735756242\n|move|p1a: Chien-Pao|Sucker Punch|p2a: Rillaboom\n|-damage|p2a: Rillaboom|29\/100\n|move|p2a: Rillaboom|Grassy Glide|p1a: Chien-Pao\n|-damage|p1a: Chien-Pao|0 fnt\n|faint|p1a: Chien-Pao\n|move|p2b: Urshifu|Close Combat|p1b: Archaludon\n|-supereffective|p1b: Archaludon\n|-damage|p1b: Archaludon|5\/100\n|-unboost|p2b: Urshifu|def|1\n|-unboost|p2b: Urshifu|spd|1\n|-ability|p1b: Archaludon|Stamina|boost\n|-boost|p1b: Archaludon|def|1\n|move|p1b: Archaludon|Dragon Pulse|p2b: Urshifu\n|-damage|p2b: Urshifu|0 fnt\n|faint|p2b: Urshifu\n|\n|-weather|SunnyDay|[upkeep]\n|-heal|p1b: Archaludon|11\/100|[from] Grassy Terrain\n|-heal|p2a: Rillaboom|35\/100|[from] Grassy Terrain\n|upkeep\n|\n|t:|1735756257\n|switch|p1a: Kyogre|Kyogre, L50, tera:Water|69\/100\n|switch|p2b: Eternatus|Eternatus, L50, tera:Steel|3\/100\n|-weather|RainDance|[from] ability: Drizzle|[of] p1a: Kyogre\n|-ability|p2b: Eternatus|Pressure\n|turn|6\n|\n|t:|1735756271\n|move|p2a: Rillaboom|Grassy Glide|p1a: Kyogre\n|-supereffective|p1a: Kyogre\n|-damage|p1a: Kyogre|0 fnt\n|faint|p1a: Kyogre\n|move|p2b: Eternatus|Dynamax Cannon|p1b: Archaludon\n|-damage|p1b: Archaludon|0 fnt\n|faint|p1b: Archaludon\n|\n|win|FelizJuevesVGC\n|raw|Emirnent's rating: 1603 &rarr; <strong>1580<\/strong><br \/>(-23 for losing)\n|raw|FelizJuevesVGC's rating: 1552 &rarr; <strong>1575<\/strong><br \/>(+23 for winning)\n|l|\u2606Emirnent\n|player|p1|\n|c|\u2606FelizJuevesVGC|Gg dude\n|l| zxc123zxc\n|l| anton con perish\n|l|\u2606FelizJuevesVGC\n|player|p2|\n|l| Mobile-NWNCC\n","uploadtime":1735756312,"views":31,"formatid":"gen9vgc2025regg","rating":1575,"private":0,"password":null}