{"id":"gen9vgc2025regg-2273152037","format":"[Gen 9] VGC 2025 Reg G","players":["FleurCannon56","caZISA"],"log":"|j|\u2606FleurCannon56\n|j|\u2606caZISA\n|t:|1735741272\n|gametype|doubles\n|player|p1|FleurCannon56|lisia|1604\n|player|p2|caZISA|red|1612\n|teamsize|p1|6\n|teamsize|p2|6\n|gen|9\n|tier|[Gen 9] VGC 2025 Reg G\n|rated|\n|rule|Species Clause: Limit one of each Pok\u00e9mon\n|rule|Item Clause: Limit 1 of each item\n|clearpoke\n|poke|p1|Koraidon, L50|\n|poke|p1|Chi-Yu, L50|\n|poke|p1|Flutter Mane, L50|\n|poke|p1|Jumpluff, L50, M|\n|poke|p1|Umbreon, L50, F|\n|poke|p1|Orthworm, L50, M|\n|poke|p2|Calyrex-Ice, L50|\n|poke|p2|Urshifu-*, L50, F|\n|poke|p2|Raging Bolt, L50|\n|poke|p2|Rillaboom, L50, F|\n|poke|p2|Torkoal, L50, F|\n|poke|p2|Smeargle, L50, M|\n|teampreview|4\n|j| takuya3000\n|j| jasonrfry2\n|inactive|Battle timer is ON: inactive players will automatically lose when time's up. (requested by caZISA)\n|\n|t:|1735741314\n|start\n|switch|p1a: Koraidon|Koraidon, L50|100\/100\n|switch|p1b: Umbreon|Umbreon, L50, F|100\/100\n|switch|p2a: Smeargle|Smeargle, L50, M|100\/100\n|switch|p2b: Calyrex|Calyrex-Ice, L50|100\/100\n|-ability|p2b: Calyrex|As One\n|-ability|p2b: Calyrex|Unnerve\n|-weather|SunnyDay|[from] ability: Orichalcum Pulse|[of] p1a: Koraidon\n|-activate|p1a: Koraidon|Orichalcum Pulse|[source]\n|turn|1\n|\n|t:|1735741322\n|-terastallize|p2b: Calyrex|Fire\n|move|p1a: Koraidon|U-turn|p2b: Calyrex\n|-resisted|p2b: Calyrex\n|-damage|p2b: Calyrex|86\/100\n|\n|t:|1735741325\n|switch|p1a: Orthworm|Orthworm, L50, M|100\/100|[from] U-turn\n|move|p2a: Smeargle|Spore|p1b: Umbreon\n|-activate|p1b: Umbreon|item: Safety Goggles|Spore\n|move|p1b: Umbreon|Taunt|p2a: Smeargle\n|-start|p2a: Smeargle|move: Taunt\n|move|p2b: Calyrex|Glacial Lance|p1a: Orthworm|[spread] p1a,p1b\n|-resisted|p1a: Orthworm\n|-damage|p1a: Orthworm|81\/100\n|-damage|p1b: Umbreon|60\/100\n|\n|-weather|SunnyDay|[upkeep]\n|-ability|p2a: Smeargle|Moody|boost\n|-boost|p2a: Smeargle|atk|2\n|-unboost|p2a: Smeargle|spe|1\n|upkeep\n|turn|2\n|\n|t:|1735741341\n|switch|p2a: Raging Bolt|Raging Bolt, L50|100\/100\n|-activate|p2a: Raging Bolt|ability: Protosynthesis\n|-start|p2a: Raging Bolt|protosynthesisspa\n|move|p1b: Umbreon|Yawn|p2b: Calyrex\n|-start|p2b: Calyrex|move: Yawn|[of] p1b: Umbreon\n|move|p1a: Orthworm|Iron Defense|p1a: Orthworm\n|-boost|p1a: Orthworm|def|2\n|move|p2b: Calyrex|Trick Room|p2b: Calyrex\n|-fieldstart|move: Trick Room|[of] p2b: Calyrex\n|\n|-weather|SunnyDay|[upkeep]\n|upkeep\n|turn|3\n|\n|t:|1735741359\n|switch|p2b: Torkoal|Torkoal, L50, F|100\/100\n|move|p1a: Orthworm|Protect|p1a: Orthworm\n|-singleturn|p1a: Orthworm|Protect\n|move|p1b: Umbreon|Yawn|p2b: Torkoal\n|-start|p2b: Torkoal|move: Yawn|[of] p1b: Umbreon\n|move|p2a: Raging Bolt|Thunderbolt|p1b: Umbreon\n|-damage|p1b: Umbreon|0 fnt\n|faint|p1b: Umbreon\n|-damage|p2a: Raging Bolt|91\/100|[from] item: Life Orb\n|\n|-weather|SunnyDay|[upkeep]\n|upkeep\n|\n|t:|1735741366\n|switch|p1b: Koraidon|Koraidon, L50|100\/100\n|-activate|p1b: Koraidon|ability: Orichalcum Pulse\n|turn|4\n|\n|t:|1735741383\n|switch|p2b: Calyrex|Calyrex-Ice, L50, tera:Fire|86\/100\n|-ability|p2b: Calyrex|As One\n|-ability|p2b: Calyrex|Unnerve\n|switch|p1b: Flutter Mane|Flutter Mane, L50|100\/100\n|-activate|p1b: Flutter Mane|ability: Protosynthesis\n|-start|p1b: Flutter Mane|protosynthesisspe\n|-terastallize|p1a: Orthworm|Water\n|move|p1a: Orthworm|Body Press|p2b: Calyrex\n|-crit|p2b: Calyrex\n|-damage|p2b: Calyrex|35\/100\n|move|p2a: Raging Bolt|Thunderbolt|p1a: Orthworm\n|-supereffective|p1a: Orthworm\n|-damage|p1a: Orthworm|0 fnt\n|faint|p1a: Orthworm\n|-damage|p2a: Raging Bolt|81\/100|[from] item: Life Orb\n|\n|-weather|SunnyDay|[upkeep]\n|upkeep\n|\n|t:|1735741392\n|switch|p1a: Koraidon|Koraidon, L50|100\/100\n|-activate|p1a: Koraidon|ability: Orichalcum Pulse\n|turn|5\n|\n|t:|1735741400\n|move|p2b: Calyrex|Glacial Lance|p1a: Koraidon|[spread] p1a,p1b\n|-supereffective|p1a: Koraidon\n|-crit|p1a: Koraidon\n|-damage|p1a: Koraidon|0 fnt\n|-damage|p1b: Flutter Mane|0 fnt\n|faint|p1a: Koraidon\n|faint|p1b: Flutter Mane\n|-end|p1b: Flutter Mane|Protosynthesis|[silent]\n|\n|win|caZISA\n|raw|FleurCannon56's rating: 1604 &rarr; <strong>1584<\/strong><br \/>(-20 for losing)\n|raw|caZISA's rating: 1612 &rarr; <strong>1632<\/strong><br \/>(+20 for winning)\n|l|\u2606caZISA\n|player|p2|\n|l|\u2606FleurCannon56\n|player|p1|\n|l| jasonrfry2\n","uploadtime":1735741552,"views":37,"formatid":"gen9vgc2025regg","rating":1584,"private":0,"password":null}