{"id":"gen9vgc2025regg-2273167538","format":"[Gen 9] VGC 2025 Reg G","players":["Growth_my_word","FleurCannon56"],"log":"|j|\u2606Growth_my_word\n|j|\u2606FleurCannon56\n|t:|1735743952\n|gametype|doubles\n|player|p1|Growth_my_word|lady-gen4|1575\n|player|p2|FleurCannon56|lisia|1652\n|teamsize|p1|6\n|teamsize|p2|6\n|gen|9\n|tier|[Gen 9] VGC 2025 Reg G\n|rated|\n|rule|Species Clause: Limit one of each Pok\u00e9mon\n|rule|Item Clause: Limit 1 of each item\n|clearpoke\n|poke|p1|Miraidon, L50|\n|poke|p1|Dragonite, L50, M|\n|poke|p1|Dondozo, L50, F|\n|poke|p1|Tatsugiri, L50, M|\n|poke|p1|Gholdengo, L50|\n|poke|p1|Chi-Yu, L50|\n|poke|p2|Koraidon, L50|\n|poke|p2|Chi-Yu, L50|\n|poke|p2|Flutter Mane, L50|\n|poke|p2|Jumpluff, L50, F|\n|poke|p2|Umbreon, L50, F|\n|poke|p2|Orthworm, L50, M|\n|teampreview|4\n|j| ADHDean\n|\n|t:|1735744023\n|start\n|switch|p1a: Chi-Yu|Chi-Yu, L50|100\/100\n|switch|p1b: Dondozo|Dondozo, L50, F|100\/100\n|switch|p2a: Koraidon|Koraidon, L50|100\/100\n|switch|p2b: Flutter Mane|Flutter Mane, L50|100\/100\n|-weather|SunnyDay|[from] ability: Orichalcum Pulse|[of] p2a: Koraidon\n|-activate|p2b: Flutter Mane|ability: Protosynthesis\n|-start|p2b: Flutter Mane|protosynthesisspe\n|-activate|p2a: Koraidon|Orichalcum Pulse|[source]\n|-ability|p1a: Chi-Yu|Beads of Ruin\n|turn|1\n|\n|t:|1735744036\n|switch|p1a: Tatsugiri|Tatsugiri, L50, M|100\/100\n|-activate|p1a: Tatsugiri|ability: Commander|[of] p1b: Dondozo\n|-boost|p1b: Dondozo|atk|2\n|-boost|p1b: Dondozo|spa|2\n|-boost|p1b: Dondozo|spe|2\n|-boost|p1b: Dondozo|def|2\n|-boost|p1b: Dondozo|spd|2\n|move|p2b: Flutter Mane|Moonblast|p1a: Tatsugiri|[miss]\n|-miss|p2b: Flutter Mane|p1a: Tatsugiri\n|move|p2a: Koraidon|U-turn|p1a: Tatsugiri|[miss]\n|-miss|p2a: Koraidon|p1a: Tatsugiri\n|move|p1b: Dondozo|Earthquake|p2b: Flutter Mane|[spread] p2a,p2b\n|-miss|p1b: Dondozo|p1a: Tatsugiri\n|-damage|p2a: Koraidon|60\/100\n|-damage|p2b: Flutter Mane|13\/100\n|\n|-weather|SunnyDay|[upkeep]\n|upkeep\n|turn|2\n|\n|t:|1735744068\n|move|p2b: Flutter Mane|Moonblast|p1b: Dondozo\n|-damage|p1b: Dondozo|60\/100\n|move|p2a: Koraidon|U-turn|p1b: Dondozo\n|-damage|p1b: Dondozo|44\/100\n|\n|t:|1735744072\n|switch|p2a: Umbreon|Umbreon, L50, F|100\/100|[from] U-turn\n|move|p1b: Dondozo|Order Up|p2a: Umbreon\n|-damage|p2a: Umbreon|72\/100\n|-boost|p1b: Dondozo|atk|1\n|\n|-weather|SunnyDay|[upkeep]\n|-heal|p1b: Dondozo|50\/100|[from] item: Leftovers\n|upkeep\n|turn|3\n|\n|t:|1735744084\n|switch|p2a: Chi-Yu|Chi-Yu, L50|100\/100\n|-ability|p2a: Chi-Yu|Beads of Ruin\n|move|p1b: Dondozo|Protect|p1b: Dondozo\n|-singleturn|p1b: Dondozo|Protect\n|move|p2b: Flutter Mane|Moonblast|p1b: Dondozo\n|-activate|p1b: Dondozo|move: Protect\n|\n|-weather|SunnyDay|[upkeep]\n|-heal|p1b: Dondozo|57\/100|[from] item: Leftovers\n|upkeep\n|turn|4\n|\n|t:|1735744102\n|move|p2b: Flutter Mane|Moonblast|p1b: Dondozo\n|-damage|p1b: Dondozo|4\/100\n|move|p2a: Chi-Yu|Dark Pulse|p1b: Dondozo\n|-damage|p1b: Dondozo|0 fnt\n|faint|p1b: Dondozo\n|\n|-weather|SunnyDay|[upkeep]\n|upkeep\n|\n|t:|1735744110\n|switch|p1b: Dragonite|Dragonite, L50, M|100\/100\n|turn|5\n|j| Claarity\n|\n|t:|1735744127\n|-terastallize|p1b: Dragonite|Normal\n|move|p1b: Dragonite|Extreme Speed|p2a: Chi-Yu\n|-damage|p2a: Chi-Yu|0 fnt\n|faint|p2a: Chi-Yu\n|move|p2b: Flutter Mane|Moonblast|p1b: Dragonite\n|-damage|p1b: Dragonite|68\/100\n|move|p1a: Tatsugiri|Muddy Water|p2b: Flutter Mane\n|-damage|p2b: Flutter Mane|0 fnt\n|faint|p2b: Flutter Mane\n|-end|p2b: Flutter Mane|Protosynthesis|[silent]\n|\n|-weather|none\n|upkeep\n|\n|t:|1735744134\n|switch|p2b: Koraidon|Koraidon, L50|60\/100\n|switch|p2a: Umbreon|Umbreon, L50, F|72\/100\n|-weather|SunnyDay|[from] ability: Orichalcum Pulse|[of] p2b: Koraidon\n|-activate|p2b: Koraidon|Orichalcum Pulse|[source]\n|turn|6\n|\n|t:|1735744145\n|move|p1b: Dragonite|Extreme Speed|p2b: Koraidon\n|-damage|p2b: Koraidon|0 fnt\n|faint|p2b: Koraidon\n|move|p1a: Tatsugiri|Muddy Water|p2a: Umbreon\n|-damage|p2a: Umbreon|60\/100\n|move|p2a: Umbreon|Foul Play|p1b: Dragonite\n|-damage|p1b: Dragonite|18\/100\n|\n|-weather|SunnyDay|[upkeep]\n|upkeep\n|turn|7\n|\n|t:|1735744156\n|switch|p1a: Chi-Yu|Chi-Yu, L50|100\/100\n|-ability|p1a: Chi-Yu|Beads of Ruin\n|move|p1b: Dragonite|Extreme Speed|p2a: Umbreon\n|-damage|p2a: Umbreon|13\/100\n|move|p2a: Umbreon|Moonlight|p2a: Umbreon\n|-heal|p2a: Umbreon|80\/100\n|\n|-weather|SunnyDay|[upkeep]\n|upkeep\n|turn|8\n|\n|t:|1735744167\n|move|p1b: Dragonite|Extreme Speed|p2a: Umbreon\n|-damage|p2a: Umbreon|37\/100\n|move|p1a: Chi-Yu|Heat Wave|p2a: Umbreon|[miss]\n|-miss|p1a: Chi-Yu|p2a: Umbreon\n|move|p2a: Umbreon|Moonlight|p2a: Umbreon\n|-heal|p2a: Umbreon|100\/100\n|\n|-weather|SunnyDay|[upkeep]\n|upkeep\n|turn|9\n|\n|t:|1735744177\n|move|p1b: Dragonite|Extreme Speed|p2a: Umbreon\n|-damage|p2a: Umbreon|53\/100\n|move|p1a: Chi-Yu|Heat Wave|p2a: Umbreon\n|-damage|p2a: Umbreon|0 fnt\n|faint|p2a: Umbreon\n|\n|win|Growth_my_word\n|raw|Growth_my_word's rating: 1575 &rarr; <strong>1598<\/strong><br \/>(+23 for winning)\n|raw|FleurCannon56's rating: 1626 &rarr; <strong>1603<\/strong><br \/>(-23 for losing)\n|l|\u2606FleurCannon56\n|player|p2|\n|l|\u2606Growth_my_word\n|player|p1|\n|l| Claarity\n","uploadtime":1735744320,"views":42,"formatid":"gen9vgc2025regg","rating":1598,"private":0,"password":null}