{"id":"gen9vgc2025regg-2273194347","format":"[Gen 9] VGC 2025 Reg G","players":["oznerolvgc","Growth_my_word"],"log":"|j|\u2606oznerolvgc\n|j|\u2606Growth_my_word\n|t:|1735748177\n|gametype|doubles\n|player|p1|oznerolvgc|170|1561\n|player|p2|Growth_my_word|lady-gen4|1614\n|teamsize|p1|6\n|teamsize|p2|6\n|gen|9\n|tier|[Gen 9] VGC 2025 Reg G\n|rated|\n|rule|Species Clause: Limit one of each Pok\u00e9mon\n|rule|Item Clause: Limit 1 of each item\n|clearpoke\n|poke|p1|Calyrex-Shadow, L50|\n|poke|p1|Incineroar, L50, F|\n|poke|p1|Urshifu-*, L50, M|\n|poke|p1|Rillaboom, L50, M|\n|poke|p1|Clefairy, L50, F|\n|poke|p1|Ogerpon-Hearthflame, L50, F|\n|poke|p2|Miraidon, L50|\n|poke|p2|Dragonite, L50, F|\n|poke|p2|Dondozo, L50, M|\n|poke|p2|Tatsugiri, L50, M|\n|poke|p2|Gholdengo, L50|\n|poke|p2|Chi-Yu, L50|\n|teampreview|4\n|inactive|Battle timer is ON: inactive players will automatically lose when time's up. (requested by oznerolvgc)\n|inactive|oznerolvgc has 60 seconds left.\n|j| tttttttttyyygggg\n|l| tttttttttyyygggg\n|\n|t:|1735748220\n|start\n|switch|p1a: Incineroar|Incineroar, L50, F|100\/100\n|switch|p1b: Calyrex|Calyrex-Shadow, L50|100\/100\n|switch|p2a: Dondozo|Dondozo, L50, M|100\/100\n|switch|p2b: Chi-Yu|Chi-Yu, L50|100\/100\n|-ability|p1b: Calyrex|As One\n|-ability|p1b: Calyrex|Unnerve\n|-ability|p2b: Chi-Yu|Beads of Ruin\n|-ability|p1a: Incineroar|Intimidate|boost\n|-unboost|p2a: Dondozo|atk|1\n|-unboost|p2b: Chi-Yu|atk|1\n|turn|1\n|inactive|oznerolvgc has 30 seconds left.\n|inactive|Growth_my_word has 30 seconds left.\n|\n|t:|1735748248\n|-terastallize|p1b: Calyrex|Fairy\n|move|p2a: Dondozo|Protect|p2a: Dondozo\n|-singleturn|p2a: Dondozo|Protect\n|move|p1b: Calyrex|Astral Barrage|p2b: Chi-Yu|[spread] p2b\n|-activate|p2a: Dondozo|move: Protect\n|-resisted|p2b: Chi-Yu\n|-damage|p2b: Chi-Yu|73\/100\n|move|p2b: Chi-Yu|Heat Wave|p1a: Incineroar|[spread] p1a,p1b\n|-resisted|p1a: Incineroar\n|-damage|p1a: Incineroar|72\/100\n|-damage|p1b: Calyrex|54\/100\n|move|p1a: Incineroar|Parting Shot|p2a: Dondozo\n|-activate|p2a: Dondozo|move: Protect\n|\n|upkeep\n|turn|2\n|inactive|oznerolvgc has 30 seconds left.\n|inactive|oznerolvgc has 20 seconds left.\n|\n|t:|1735748285\n|switch|p2b: Tatsugiri|Tatsugiri, L50, M|100\/100\n|-activate|p2b: Tatsugiri|ability: Commander|[of] p2a: Dondozo\n|-boost|p2a: Dondozo|atk|2\n|-boost|p2a: Dondozo|spa|2\n|-boost|p2a: Dondozo|spe|2\n|-boost|p2a: Dondozo|def|2\n|-boost|p2a: Dondozo|spd|2\n|move|p1b: Calyrex|Protect|p1b: Calyrex\n|-singleturn|p1b: Calyrex|Protect\n|move|p2a: Dondozo|Wave Crash|p1a: Incineroar\n|-supereffective|p1a: Incineroar\n|-damage|p1a: Incineroar|0 fnt\n|-damage|p2a: Dondozo|84\/100|[from] item: Rocky Helmet|[of] p1a: Incineroar\n|faint|p1a: Incineroar\n|-damage|p2a: Dondozo|63\/100|[from] Recoil\n|\n|-heal|p2a: Dondozo|69\/100|[from] item: Leftovers\n|upkeep\n|\n|t:|1735748303\n|switch|p1a: Rillaboom|Rillaboom, L50, M|100\/100\n|-fieldstart|move: Grassy Terrain|[from] ability: Grassy Surge|[of] p1a: Rillaboom\n|turn|3\n|\n|t:|1735748311\n|move|p2a: Dondozo|Protect|p2a: Dondozo\n|-singleturn|p2a: Dondozo|Protect\n|move|p1a: Rillaboom|Fake Out|p2a: Dondozo\n|-activate|p2a: Dondozo|move: Protect\n|move|p1b: Calyrex|Calm Mind|p1b: Calyrex\n|-boost|p1b: Calyrex|spa|1\n|-boost|p1b: Calyrex|spd|1\n|\n|-heal|p1b: Calyrex|60\/100|[from] Grassy Terrain\n|-heal|p2a: Dondozo|75\/100|[from] Grassy Terrain\n|-heal|p2a: Dondozo|81\/100|[from] item: Leftovers\n|upkeep\n|turn|4\n|\n|t:|1735748324\n|-terastallize|p2a: Dondozo|Grass\n|move|p1b: Calyrex|Protect|p1b: Calyrex\n|-singleturn|p1b: Calyrex|Protect\n|move|p2a: Dondozo|Wave Crash|p1b: Calyrex\n|-activate|p1b: Calyrex|move: Protect\n|move|p1a: Rillaboom|U-turn|p2a: Dondozo\n|-supereffective|p2a: Dondozo\n|-damage|p2a: Dondozo|65\/100\n|\n|t:|1735748333\n|switch|p1a: Ogerpon|Ogerpon-Hearthflame, L50, F|100\/100|[from] U-turn\n|-ability|p1a: Ogerpon|Mold Breaker\n|\n|-heal|p1b: Calyrex|66\/100|[from] Grassy Terrain\n|-heal|p2a: Dondozo|71\/100|[from] Grassy Terrain\n|-heal|p2a: Dondozo|77\/100|[from] item: Leftovers\n|upkeep\n|turn|5\n|\n|t:|1735748345\n|move|p1b: Calyrex|Draining Kiss|p2a: Dondozo\n|-damage|p2a: Dondozo|59\/100\n|-heal|p1b: Calyrex|80\/100|[from] drain|[of] p2a: Dondozo\n|move|p2a: Dondozo|Wave Crash|p1b: Calyrex\n|-damage|p1b: Calyrex|0 fnt\n|faint|p1b: Calyrex\n|-damage|p2a: Dondozo|35\/100|[from] Recoil\n|move|p1a: Ogerpon|Ivy Cudgel|p2a: Dondozo|[anim] Ivy Cudgel Fire\n|-supereffective|p2a: Dondozo\n|-crit|p2a: Dondozo\n|-damage|p2a: Dondozo|0 fnt\n|faint|p2a: Dondozo\n|\n|upkeep\n|\n|t:|1735748358\n|switch|p1b: Rillaboom|Rillaboom, L50, M|100\/100\n|switch|p2a: Chi-Yu|Chi-Yu, L50|73\/100\n|-ability|p2a: Chi-Yu|Beads of Ruin\n|turn|6\n|\n|t:|1735748379\n|switch|p2b: Miraidon|Miraidon, L50|100\/100\n|-fieldstart|move: Electric Terrain|[from] ability: Hadron Engine|[of] p2b: Miraidon\n|move|p2a: Chi-Yu|Protect|p2a: Chi-Yu\n|-singleturn|p2a: Chi-Yu|Protect\n|move|p1b: Rillaboom|Fake Out|p2a: Chi-Yu\n|-activate|p2a: Chi-Yu|move: Protect\n|move|p1a: Ogerpon|Grassy Glide|p2a: Chi-Yu\n|-activate|p2a: Chi-Yu|move: Protect\n|\n|upkeep\n|turn|7\n|\n|t:|1735748400\n|move|p2b: Miraidon|Draco Meteor|p1a: Ogerpon\n|-damage|p1a: Ogerpon|0 fnt\n|-unboost|p2b: Miraidon|spa|2\n|faint|p1a: Ogerpon\n|move|p2a: Chi-Yu|Overheat|p1b: Rillaboom\n|-supereffective|p1b: Rillaboom\n|-damage|p1b: Rillaboom|0 fnt\n|-unboost|p2a: Chi-Yu|spa|2\n|faint|p1b: Rillaboom\n|\n|win|Growth_my_word\n|raw|oznerolvgc's rating: 1561 &rarr; <strong>1544<\/strong><br \/>(-17 for losing)\n|raw|Growth_my_word's rating: 1614 &rarr; <strong>1631<\/strong><br \/>(+17 for winning)\n|l|\u2606oznerolvgc\n|player|p1|\n|l|\u2606Growth_my_word\n|player|p2|\n","uploadtime":1735748612,"views":25,"formatid":"gen9vgc2025regg","rating":1544,"private":0,"password":null}