{"id":"gen9vgc2025regg-2273245915","format":"[Gen 9] VGC 2025 Reg G","players":["zxc123zxc","soap858"],"log":"|j|\u2606zxc123zxc\n|j|\u2606soap858\n|t:|1735755458\n|gametype|doubles\n|player|p1|zxc123zxc|hiker-gen4|1690\n|player|p2|soap858|101|1604\n|teamsize|p1|6\n|teamsize|p2|6\n|gen|9\n|tier|[Gen 9] VGC 2025 Reg G\n|rated|\n|rule|Species Clause: Limit one of each Pok\u00e9mon\n|rule|Item Clause: Limit 1 of each item\n|clearpoke\n|poke|p1|Calyrex-Ice, L50|\n|poke|p1|Urshifu-*, L50, M|\n|poke|p1|Pelipper, L50, M|\n|poke|p1|Amoonguss, L50, M|\n|poke|p1|Iron Valiant, L50|\n|poke|p1|Landorus, L50, M|\n|poke|p2|Terapagos, L50, M|\n|poke|p2|Urshifu-*, L50, M|\n|poke|p2|Ogerpon-Hearthflame, L50, F|\n|poke|p2|Rillaboom, L50, F|\n|poke|p2|Whimsicott, L50, M|\n|poke|p2|Raging Bolt, L50|\n|teampreview|4\n|inactive|Battle timer is ON: inactive players will automatically lose when time's up. (requested by soap858)\n|j| futonkagebunshin\n|inactive|zxc123zxc has 60 seconds left.\n|inactive|soap858 has 60 seconds left.\n|\n|t:|1735755502\n|start\n|switch|p1a: Iron Valiant|Iron Valiant, L50|100\/100\n|switch|p1b: Urshifu|Urshifu-Rapid-Strike, L50, M|100\/100\n|switch|p2a: Terapagos|Terapagos, L50, M|100\/100\n|switch|p2b: Urshifu|Urshifu-Rapid-Strike, L50, M|100\/100\n|-activate|p2a: Terapagos|ability: Tera Shift\n|detailschange|p2a: Terapagos|Terapagos-Terastal, L50, M\n|-heal|p2a: Terapagos|100\/100|[silent]\n|-enditem|p1a: Iron Valiant|Booster Energy\n|-activate|p1a: Iron Valiant|ability: Quark Drive|[fromitem]\n|-start|p1a: Iron Valiant|quarkdrivespe\n|turn|1\n|j| Pepinopequeno\n|\n|t:|1735755523\n|switch|p2a: Rillaboom|Rillaboom, L50, F|100\/100\n|-fieldstart|move: Grassy Terrain|[from] ability: Grassy Surge|[of] p2a: Rillaboom\n|move|p1a: Iron Valiant|Spirit Break|p2a: Rillaboom\n|-damage|p2a: Rillaboom|74\/100\n|-unboost|p2a: Rillaboom|spa|1\n|move|p2b: Urshifu|Surging Strikes|p1a: Iron Valiant\n|-crit|p1a: Iron Valiant\n|-damage|p1a: Iron Valiant|78\/100\n|-crit|p1a: Iron Valiant\n|-damage|p1a: Iron Valiant|59\/100\n|-crit|p1a: Iron Valiant\n|-damage|p1a: Iron Valiant|39\/100\n|-hitcount|p1a: Iron Valiant|3\n|move|p1b: Urshifu|Close Combat|p2a: Rillaboom\n|-damage|p2a: Rillaboom|12\/100\n|-unboost|p1b: Urshifu|def|1\n|-unboost|p1b: Urshifu|spd|1\n|\n|-heal|p1a: Iron Valiant|45\/100|[from] Grassy Terrain\n|-heal|p2a: Rillaboom|17\/100|[from] Grassy Terrain\n|upkeep\n|turn|2\n|inactive|soap858 has 30 seconds left.\n|inactive|soap858 has 20 seconds left.\n|inactive|soap858 has 15 seconds left.\n|inactive|soap858 has 10 seconds left.\n|inactive|soap858 has 5 seconds left.\n|\n|t:|1735755576\n|switch|p1b: Amoonguss|Amoonguss, L50, M|100\/100\n|move|p2a: Rillaboom|Fake Out|p1a: Iron Valiant\n|-damage|p1a: Iron Valiant|31\/100\n|cant|p1a: Iron Valiant|flinch\n|move|p2b: Urshifu|Surging Strikes|p1a: Iron Valiant\n|-crit|p1a: Iron Valiant\n|-damage|p1a: Iron Valiant|9\/100\n|-crit|p1a: Iron Valiant\n|-damage|p1a: Iron Valiant|0 fnt\n|faint|p1a: Iron Valiant\n|-end|p1a: Iron Valiant|Quark Drive|[silent]\n|-hitcount|p1: Iron Valiant|2\n|\n|-heal|p2a: Rillaboom|23\/100|[from] Grassy Terrain\n|upkeep\n|\n|t:|1735755589\n|switch|p1a: Calyrex|Calyrex-Ice, L50|100\/100\n|-ability|p1a: Calyrex|As One\n|-ability|p1a: Calyrex|Unnerve\n|turn|3\n|inactive|zxc123zxc has 30 seconds left.\n|inactive|soap858 has 30 seconds left.\n|\n|t:|1735755623\n|move|p2b: Urshifu|Taunt|p1a: Calyrex\n|-start|p1a: Calyrex|move: Taunt\n|move|p2a: Rillaboom|Wood Hammer|p1a: Calyrex\n|-damage|p1a: Calyrex|55\/100\n|-damage|p2a: Rillaboom|8\/100|[from] Recoil\n|move|p1a: Calyrex|Glacial Lance|p2b: Urshifu|[spread] p2a,p2b\n|-supereffective|p2a: Rillaboom\n|-resisted|p2b: Urshifu\n|-damage|p2a: Rillaboom|0 fnt\n|-damage|p2b: Urshifu|75\/100\n|faint|p2a: Rillaboom\n|-ability|p1a: Calyrex|Chilling Neigh|boost\n|-boost|p1a: Calyrex|atk|1\n|move|p1b: Amoonguss|Pollen Puff|p1a: Calyrex\n|-heal|p1a: Calyrex|100\/100\n|\n|-heal|p2b: Urshifu|81\/100|[from] Grassy Terrain\n|upkeep\n|j| Mobile-NWNCC\n|\n|t:|1735755635\n|switch|p2a: Terapagos|Terapagos-Terastal, L50, M|100\/100\n|turn|4\n|\n|t:|1735755651\n|move|p1b: Amoonguss|Rage Powder|p1b: Amoonguss\n|-singleturn|p1b: Amoonguss|move: Rage Powder\n|move|p2b: Urshifu|Taunt|p1b: Amoonguss\n|-start|p1b: Amoonguss|move: Taunt\n|move|p2a: Terapagos|Calm Mind|p2a: Terapagos\n|-boost|p2a: Terapagos|spa|1\n|-boost|p2a: Terapagos|spd|1\n|move|p1a: Calyrex|Glacial Lance|p2a: Terapagos|[spread] p2a,p2b\n|-activate|p2a: Terapagos|ability: Tera Shell\n|-resisted|p2a: Terapagos\n|-resisted|p2b: Urshifu\n|-damage|p2a: Terapagos|62\/100\n|-damage|p2b: Urshifu|36\/100\n|\n|-heal|p2b: Urshifu|42\/100|[from] Grassy Terrain\n|-heal|p2a: Terapagos|68\/100|[from] Grassy Terrain\n|-heal|p2a: Terapagos|74\/100|[from] item: Leftovers\n|upkeep\n|turn|5\n|inactive|soap858 has 30 seconds left.\n|inactive|soap858 has 20 seconds left.\n|\n|t:|1735755690\n|-terastallize|p2a: Terapagos|Stellar\n|detailschange|p2a: Terapagos|Terapagos-Stellar, L50, M, tera:Stellar\n|-heal|p2a: Terapagos|81\/100|[silent]\n|-ability|p2a: Terapagos|Teraform Zero\n|-fieldend|move: Grassy Terrain\n|move|p2b: Urshifu|Close Combat|p1a: Calyrex\n|-damage|p1a: Calyrex|65\/100\n|-unboost|p2b: Urshifu|def|1\n|-unboost|p2b: Urshifu|spd|1\n|move|p2a: Terapagos|Tera Starstorm|p1b: Amoonguss|[spread] p1a,p1b\n|-crit|p1a: Calyrex\n|-damage|p1a: Calyrex|12\/100\n|-damage|p1b: Amoonguss|45\/100\n|move|p1a: Calyrex|Glacial Lance|p2b: Urshifu|[spread] p2a,p2b\n|-resisted|p2b: Urshifu\n|-damage|p2a: Terapagos|25\/100\n|-damage|p2b: Urshifu|0 fnt\n|faint|p2b: Urshifu\n|-ability|p1a: Calyrex|Chilling Neigh|boost\n|-boost|p1a: Calyrex|atk|1\n|move|p1b: Amoonguss|Clear Smog|p2a: Terapagos\n|-damage|p2a: Terapagos|17\/100\n|-clearboost|p2a: Terapagos\n|\n|-heal|p2a: Terapagos|23\/100|[from] item: Leftovers\n|-end|p1a: Calyrex|move: Taunt\n|upkeep\n|\n|t:|1735755706\n|switch|p2b: Whimsicott|Whimsicott, L50, M|100\/100\n|turn|6\n|\n|t:|1735755724\n|move|p2b: Whimsicott|Tailwind|p2b: Whimsicott\n|-sidestart|p2: soap858|move: Tailwind\n|move|p2a: Terapagos|Tera Starstorm|p1a: Calyrex|[spread] p1a,p1b\n|-damage|p1a: Calyrex|0 fnt\n|-damage|p1b: Amoonguss|8\/100\n|faint|p1a: Calyrex\n|move|p1b: Amoonguss|Clear Smog|p2b: Whimsicott\n|-supereffective|p2b: Whimsicott\n|-damage|p2b: Whimsicott|11\/100\n|-clearboost|p2b: Whimsicott\n|\n|-heal|p2a: Terapagos|28\/100|[from] item: Leftovers\n|upkeep\n|\n|t:|1735755729\n|switch|p1a: Urshifu|Urshifu-Rapid-Strike, L50, M|100\/100\n|turn|7\n|inactive|zxc123zxc has 30 seconds left.\n|inactive|zxc123zxc has 20 seconds left.\n|inactive|zxc123zxc has 15 seconds left.\n|inactive|zxc123zxc has 10 seconds left.\n|\n|t:|1735755775\n|move|p1a: Urshifu|Detect|p1a: Urshifu\n|-singleturn|p1a: Urshifu|Protect\n|move|p2b: Whimsicott|Moonblast|p1a: Urshifu\n|-activate|p1a: Urshifu|move: Protect\n|move|p2a: Terapagos|Tera Starstorm|p1b: Amoonguss|[spread] p1b\n|-activate|p1a: Urshifu|move: Protect\n|-damage|p1b: Amoonguss|0 fnt\n|faint|p1b: Amoonguss\n|\n|-heal|p2a: Terapagos|34\/100|[from] item: Leftovers\n|upkeep\n|turn|8\n|\n|t:|1735755783\n|-terastallize|p1a: Urshifu|Water\n|move|p2b: Whimsicott|Encore|p1a: Urshifu\n|-start|p1a: Urshifu|Encore\n|move|p1a: Urshifu|Detect|p1a: Urshifu\n|-singleturn|p1a: Urshifu|Protect\n|move|p2a: Terapagos|Calm Mind|p2a: Terapagos\n|-boost|p2a: Terapagos|spa|1\n|-boost|p2a: Terapagos|spd|1\n|\n|-heal|p2a: Terapagos|40\/100|[from] item: Leftovers\n|upkeep\n|turn|9\n|\n|t:|1735755793\n|move|p1a: Urshifu|Detect||[still]\n|-fail|p1a: Urshifu\n|move|p2b: Whimsicott|Moonblast|p1a: Urshifu\n|-damage|p1a: Urshifu|59\/100\n|-unboost|p1a: Urshifu|spa|1\n|move|p2a: Terapagos|Tera Starstorm|p1a: Urshifu\n|-supereffective|p1a: Urshifu\n|-damage|p1a: Urshifu|0 fnt\n|faint|p1a: Urshifu\n|\n|win|soap858\n|raw|zxc123zxc's rating: 1690 &rarr; <strong>1665<\/strong><br \/>(-25 for losing)\n|raw|soap858's rating: 1604 &rarr; <strong>1629<\/strong><br \/>(+25 for winning)\n|l|\u2606soap858\n|player|p2|\n|l|\u2606zxc123zxc\n|player|p1|\n|l| Mobile-NWNCC\n|l| Pepinopequeno\n","uploadtime":1735755956,"views":343,"formatid":"gen9vgc2025regg","rating":1629,"private":0,"password":null}