{"id":"gen9vgc2025regg-2273147325","format":"[Gen 9] VGC 2025 Reg G","players":["FleurCannon56","soap858"],"log":"|j|\u2606FleurCannon56\n|j|\u2606soap858\n|t:|1735740390\n|gametype|doubles\n|player|p1|FleurCannon56|lisia|1613\n|player|p2|soap858|102|1631\n|teamsize|p1|6\n|teamsize|p2|6\n|gen|9\n|tier|[Gen 9] VGC 2025 Reg G\n|rated|\n|rule|Species Clause: Limit one of each Pok\u00e9mon\n|rule|Item Clause: Limit 1 of each item\n|clearpoke\n|poke|p1|Koraidon, L50|\n|poke|p1|Chi-Yu, L50|\n|poke|p1|Flutter Mane, L50|\n|poke|p1|Jumpluff, L50, M|\n|poke|p1|Umbreon, L50, F|\n|poke|p1|Orthworm, L50, F|\n|poke|p2|Terapagos, L50, M|\n|poke|p2|Urshifu-*, L50, M|\n|poke|p2|Ogerpon-Hearthflame, L50, F|\n|poke|p2|Rillaboom, L50, M|\n|poke|p2|Grimmsnarl, L50, M|\n|poke|p2|Raging Bolt, L50|\n|teampreview|4\n|inactive|Battle timer is ON: inactive players will automatically lose when time's up. (requested by soap858)\n|inactive|FleurCannon56 has 60 seconds left.\n|inactive|soap858 has 60 seconds left.\n|inactive|soap858 has 30 seconds left.\n|\n|t:|1735740460\n|start\n|switch|p1a: Koraidon|Koraidon, L50|100\/100\n|switch|p1b: Flutter Mane|Flutter Mane, L50|100\/100\n|switch|p2a: Ogerpon|Ogerpon-Hearthflame, L50, F|100\/100\n|switch|p2b: Raging Bolt|Raging Bolt, L50|100\/100\n|-weather|SunnyDay|[from] ability: Orichalcum Pulse|[of] p1a: Koraidon\n|-activate|p1b: Flutter Mane|ability: Protosynthesis\n|-start|p1b: Flutter Mane|protosynthesisspe\n|-activate|p2b: Raging Bolt|ability: Protosynthesis\n|-start|p2b: Raging Bolt|protosynthesisspa\n|-activate|p1a: Koraidon|Orichalcum Pulse|[source]\n|-ability|p2a: Ogerpon|Mold Breaker\n|turn|1\n|inactive|FleurCannon56 has 30 seconds left.\n|\n|t:|1735740486\n|move|p2a: Ogerpon|Spiky Shield|p2a: Ogerpon\n|-singleturn|p2a: Ogerpon|move: Protect\n|move|p2b: Raging Bolt|Thunderclap|p1b: Flutter Mane\n|-damage|p1b: Flutter Mane|27\/100\n|-damage|p2b: Raging Bolt|91\/100|[from] item: Life Orb\n|move|p1b: Flutter Mane|Dazzling Gleam|p2b: Raging Bolt|[spread] p2b\n|-activate|p2a: Ogerpon|move: Protect\n|-supereffective|p2b: Raging Bolt\n|-damage|p2b: Raging Bolt|0 fnt\n|faint|p2b: Raging Bolt\n|-end|p2b: Raging Bolt|Protosynthesis|[silent]\n|move|p1a: Koraidon|Breaking Swipe|p2a: Ogerpon\n|-activate|p2a: Ogerpon|move: Protect\n|-damage|p1a: Koraidon|88\/100|[from] Spiky Shield|[of] p2a: Ogerpon\n|\n|-weather|SunnyDay|[upkeep]\n|upkeep\n|\n|t:|1735740498\n|switch|p2b: Terapagos|Terapagos, L50, M|100\/100\n|-activate|p2b: Terapagos|ability: Tera Shift\n|detailschange|p2b: Terapagos|Terapagos-Terastal, L50, M\n|-heal|p2b: Terapagos|100\/100|[silent]\n|turn|2\n|inactive|soap858 has 30 seconds left.\n|inactive|soap858 has 20 seconds left.\n|j| Gnubge\n|inactive|soap858 has 15 seconds left.\n|inactive|soap858 has 10 seconds left.\n|\n|t:|1735740547\n|switch|p1a: Chi-Yu|Chi-Yu, L50|100\/100\n|-ability|p1a: Chi-Yu|Beads of Ruin\n|switch|p2a: Urshifu|Urshifu-Rapid-Strike, L50, M|100\/100\n|move|p1b: Flutter Mane|Dazzling Gleam|p2a: Urshifu|[spread] p2a,p2b\n|-supereffective|p2a: Urshifu\n|-activate|p2b: Terapagos|ability: Tera Shell\n|-resisted|p2b: Terapagos\n|-damage|p2a: Urshifu|0 fnt\n|-damage|p2b: Terapagos|67\/100\n|faint|p2a: Urshifu\n|move|p2b: Terapagos|Calm Mind|p2b: Terapagos\n|-boost|p2b: Terapagos|spa|1\n|-boost|p2b: Terapagos|spd|1\n|\n|-weather|SunnyDay|[upkeep]\n|-heal|p2b: Terapagos|73\/100|[from] item: Leftovers\n|upkeep\n|\n|t:|1735740565\n|switch|p2a: Ogerpon|Ogerpon-Hearthflame, L50, F|100\/100\n|-ability|p2a: Ogerpon|Mold Breaker\n|turn|3\n|\n|t:|1735740583\n|-terastallize|p2b: Terapagos|Stellar\n|detailschange|p2b: Terapagos|Terapagos-Stellar, L50, M, tera:Stellar\n|-heal|p2b: Terapagos|81\/100|[silent]\n|-ability|p2b: Terapagos|Teraform Zero\n|-weather|none\n|-end|p1b: Flutter Mane|Protosynthesis\n|move|p1a: Chi-Yu|Heat Wave|p2a: Ogerpon|[spread] p2a,p2b\n|-damage|p2a: Ogerpon|49\/100\n|-damage|p2b: Terapagos|55\/100\n|move|p1b: Flutter Mane|Dazzling Gleam|p2a: Ogerpon|[spread] p2a,p2b\n|-resisted|p2a: Ogerpon\n|-damage|p2a: Ogerpon|14\/100\n|-damage|p2b: Terapagos|26\/100\n|move|p2a: Ogerpon|Ivy Cudgel|p1a: Chi-Yu|[anim] Ivy Cudgel Fire\n|-resisted|p1a: Chi-Yu\n|-damage|p1a: Chi-Yu|52\/100\n|move|p2b: Terapagos|Tera Starstorm|p1b: Flutter Mane|[spread] p1a,p1b\n|-damage|p1a: Chi-Yu|0 fnt\n|-damage|p1b: Flutter Mane|0 fnt\n|faint|p1a: Chi-Yu\n|faint|p1b: Flutter Mane\n|-end|p1b: Flutter Mane|Protosynthesis|[silent]\n|\n|-heal|p2b: Terapagos|32\/100|[from] item: Leftovers\n|upkeep\n|j| kloplink\n|\n|t:|1735740593\n|switch|p1b: Koraidon|Koraidon, L50|88\/100\n|switch|p1a: Jumpluff|Jumpluff, L50, M|100\/100\n|-weather|SunnyDay|[from] ability: Orichalcum Pulse|[of] p1b: Koraidon\n|-activate|p1b: Koraidon|Orichalcum Pulse|[source]\n|turn|4\n|\n|t:|1735740621\n|move|p2a: Ogerpon|Spiky Shield|p2a: Ogerpon\n|-singleturn|p2a: Ogerpon|move: Protect\n|move|p2b: Terapagos|Protect|p2b: Terapagos\n|-singleturn|p2b: Terapagos|Protect\n|move|p1a: Jumpluff|Pollen Puff|p1b: Koraidon\n|-heal|p1b: Koraidon|100\/100\n|move|p1b: Koraidon|Breaking Swipe|p2a: Ogerpon|[spread] \n|-activate|p2a: Ogerpon|move: Protect\n|-damage|p1b: Koraidon|88\/100|[from] Spiky Shield|[of] p2a: Ogerpon\n|-activate|p2b: Terapagos|move: Protect\n|\n|-weather|SunnyDay|[upkeep]\n|-heal|p2b: Terapagos|38\/100|[from] item: Leftovers\n|upkeep\n|turn|5\n|\n|t:|1735740632\n|move|p2a: Ogerpon|Follow Me|p2a: Ogerpon\n|-singleturn|p2a: Ogerpon|move: Follow Me\n|move|p1a: Jumpluff|Pollen Puff|p2a: Ogerpon\n|-damage|p2a: Ogerpon|0 fnt\n|faint|p2a: Ogerpon\n|move|p1b: Koraidon|Breaking Swipe|p2b: Terapagos\n|-damage|p2b: Terapagos|0 fnt\n|faint|p2b: Terapagos\n|\n|win|FleurCannon56\n|raw|FleurCannon56's rating: 1583 &rarr; <strong>1606<\/strong><br \/>(+23 for winning)\n|raw|soap858's rating: 1631 &rarr; <strong>1608<\/strong><br \/>(-23 for losing)\n|l|\u2606FleurCannon56\n|player|p1|\n|l|\u2606soap858\n|player|p2|\n|l| kloplink\n","uploadtime":1735740859,"views":834,"formatid":"gen9vgc2025regg","rating":1606,"private":0,"password":null}