{"id":"gen9vgc2025regg-2273259743","format":"[Gen 9] VGC 2025 Reg G","players":["Shikanoko32","Yung Trav"],"log":"|j|\u2606Shikanoko32\n|j|\u203dYung Trav\n|t:|1735757329\n|gametype|doubles\n|player|p1|Shikanoko32|265|1545\n|player|p2|Yung Trav|265|1597\n|teamsize|p1|6\n|teamsize|p2|6\n|gen|9\n|tier|[Gen 9] VGC 2025 Reg G\n|rated|\n|rule|Species Clause: Limit one of each Pok\u00e9mon\n|rule|Item Clause: Limit 1 of each item\n|clearpoke\n|poke|p1|Terapagos, L50, M|\n|poke|p1|Rillaboom, L50, F|\n|poke|p1|Incineroar, L50, M|\n|poke|p1|Chien-Pao, L50|\n|poke|p1|Urshifu-*, L50, M|\n|poke|p1|Flutter Mane, L50|\n|poke|p2|Calyrex-Ice, L50|\n|poke|p2|Torkoal, L50, M|\n|poke|p2|Smeargle, L50, M|\n|poke|p2|Farigiraf, L50, M|\n|poke|p2|Iron Valiant, L50|\n|poke|p2|Ogerpon-Cornerstone, L50, F|\n|teampreview|4\n|j| Deathbydeath01\n|\n|t:|1735757352\n|start\n|switch|p1a: Incineroar|Incineroar, L50, M|100\/100\n|switch|p1b: Terapagos|Terapagos, L50, M|100\/100\n|switch|p2a: Calyrex|Calyrex-Ice, L50|100\/100\n|switch|p2b: Smeargle|Smeargle, L50, M, shiny|100\/100\n|-activate|p1b: Terapagos|ability: Tera Shift\n|detailschange|p1b: Terapagos|Terapagos-Terastal, L50, M\n|-heal|p1b: Terapagos|100\/100|[silent]\n|-ability|p2a: Calyrex|As One\n|-ability|p2a: Calyrex|Unnerve\n|-ability|p1a: Incineroar|Intimidate|boost\n|-fail|p2a: Calyrex|unboost|[from] item: Clear Amulet|[of] p2a: Calyrex\n|-fail|p2b: Smeargle|unboost|Attack|[from] ability: Own Tempo|[of] p2b: Smeargle\n|turn|1\n|\n|t:|1735757377\n|switch|p2b: Farigiraf|Farigiraf, L50, M, shiny|100\/100\n|move|p1b: Terapagos|Tera Starstorm|p2b: Farigiraf\n|-damage|p2b: Farigiraf|48\/100\n|move|p1a: Incineroar|Knock Off|p2a: Calyrex\n|-supereffective|p2a: Calyrex\n|-damage|p2a: Calyrex|52\/100\n|-enditem|p2a: Calyrex|Clear Amulet|[from] move: Knock Off|[of] p1a: Incineroar\n|move|p2a: Calyrex|Trick Room|p2a: Calyrex\n|-fieldstart|move: Trick Room|[of] p2a: Calyrex\n|\n|upkeep\n|turn|2\n|\n|t:|1735757398\n|move|p2b: Farigiraf|Helping Hand|p2a: Calyrex\n|-singleturn|p2a: Calyrex|Helping Hand|[of] p2b: Farigiraf\n|move|p2a: Calyrex|High Horsepower|p1a: Incineroar\n|-supereffective|p1a: Incineroar\n|-damage|p1a: Incineroar|7\/100\n|-damage|p2a: Calyrex|36\/100|[from] item: Rocky Helmet|[of] p1a: Incineroar\n|move|p1a: Incineroar|Parting Shot|p2a: Calyrex\n|-unboost|p2a: Calyrex|atk|1\n|-unboost|p2a: Calyrex|spa|1\n|\n|t:|1735757409\n|switch|p1a: Urshifu|Urshifu-Rapid-Strike, L50, M|100\/100|[from] Parting Shot\n|move|p1b: Terapagos|Tera Starstorm|p2b: Farigiraf\n|-damage|p2b: Farigiraf|0 fnt\n|faint|p2b: Farigiraf\n|\n|upkeep\n|j| Mobile-NWNCC\n|\n|t:|1735757426\n|switch|p2b: Smeargle|Smeargle, L50, M, shiny|100\/100\n|turn|3\n|\n|t:|1735757439\n|-terastallize|p1b: Terapagos|Stellar\n|detailschange|p1b: Terapagos|Terapagos-Stellar, L50, M, tera:Stellar\n|-heal|p1b: Terapagos|100\/100|[silent]\n|move|p1a: Urshifu|Aqua Jet|p2b: Smeargle\n|-damage|p2b: Smeargle|63\/100\n|move|p2b: Smeargle|Spore|p1a: Urshifu\n|-status|p1a: Urshifu|slp|[from] move: Spore\n|move|p2a: Calyrex|Glacial Lance|p1b: Terapagos|[spread] p1a,p1b\n|-resisted|p1a: Urshifu\n|-damage|p1a: Urshifu|81\/100 slp\n|-damage|p1b: Terapagos|75\/100\n|move|p1b: Terapagos|Tera Starstorm|p2a: Calyrex|[spread] p2a,p2b\n|-damage|p2a: Calyrex|5\/100\n|-damage|p2b: Smeargle|0 fnt\n|faint|p2b: Smeargle\n|\n|-heal|p1b: Terapagos|81\/100|[from] item: Leftovers\n|upkeep\n|\n|t:|1735757459\n|switch|p2b: Torkoal|Torkoal, L50, M, shiny|100\/100\n|-weather|SunnyDay|[from] ability: Drought|[of] p2b: Torkoal\n|turn|4\n|\n|t:|1735757472\n|-terastallize|p2b: Torkoal|Fire\n|move|p1b: Terapagos|Protect|p1b: Terapagos\n|-singleturn|p1b: Terapagos|Protect\n|cant|p1a: Urshifu|slp\n|move|p2b: Torkoal|Eruption|p1b: Terapagos|[spread] p1a\n|-activate|p1b: Terapagos|move: Protect\n|-resisted|p1a: Urshifu\n|-damage|p1a: Urshifu|0 fnt\n|faint|p1a: Urshifu\n|move|p2a: Calyrex|Glacial Lance|p1b: Terapagos\n|-activate|p1b: Terapagos|move: Protect\n|\n|-weather|SunnyDay|[upkeep]\n|-heal|p1b: Terapagos|87\/100|[from] item: Leftovers\n|upkeep\n|\n|t:|1735757493\n|switch|p1a: Incineroar|Incineroar, L50, M|7\/100\n|-ability|p1a: Incineroar|Intimidate|boost\n|-unboost|p2a: Calyrex|atk|1\n|-unboost|p2b: Torkoal|atk|1\n|turn|5\n|\n|t:|1735757518\n|move|p1a: Incineroar|Fake Out|p2b: Torkoal\n|-damage|p2b: Torkoal|93\/100\n|cant|p2b: Torkoal|flinch\n|move|p2a: Calyrex|Glacial Lance|p1a: Incineroar|[spread] p1a,p1b\n|-resisted|p1a: Incineroar\n|-damage|p1a: Incineroar|0 fnt\n|-damage|p1b: Terapagos|69\/100\n|faint|p1a: Incineroar\n|-ability|p2a: Calyrex|Chilling Neigh|boost\n|-boost|p2a: Calyrex|atk|1\n|move|p1b: Terapagos|Tera Starstorm|p2b: Torkoal|[spread] p2a,p2b\n|-supereffective|p2b: Torkoal\n|-damage|p2a: Calyrex|0 fnt\n|-damage|p2b: Torkoal|0 fnt\n|faint|p2a: Calyrex\n|faint|p2b: Torkoal\n|\n|win|Shikanoko32\n|raw|Shikanoko32's rating: 1545 &rarr; <strong>1568<\/strong><br \/>(+23 for winning)\n|raw|Yung Trav's rating: 1597 &rarr; <strong>1574<\/strong><br \/>(-23 for losing)\n|l|\u203dYung Trav\n|player|p2|\n|l|\u2606Shikanoko32\n|player|p1|\n|l| Mobile-NWNCC\n|l| Deathbydeath01\n","uploadtime":1735757755,"views":285,"formatid":"gen9vgc2025regg","rating":1568,"private":0,"password":null}