{"id":"gen9vgc2025regg-2273159455","format":"[Gen 9] VGC 2025 Reg G","players":["FleurCannon56","RustyChair13"],"log":"|j|\u2606FleurCannon56\n|j|\u2606RustyChair13\n|t:|1735742599\n|gametype|doubles\n|player|p1|FleurCannon56|lisia|1576\n|player|p2|RustyChair13|scientist-gen4|1574\n|teamsize|p1|6\n|teamsize|p2|6\n|gen|9\n|tier|[Gen 9] VGC 2025 Reg G\n|rated|\n|rule|Species Clause: Limit one of each Pok\u00e9mon\n|rule|Item Clause: Limit 1 of each item\n|clearpoke\n|poke|p1|Koraidon, L50|\n|poke|p1|Chi-Yu, L50|\n|poke|p1|Flutter Mane, L50|\n|poke|p1|Jumpluff, L50, M|\n|poke|p1|Umbreon, L50, F|\n|poke|p1|Orthworm, L50, F|\n|poke|p2|Zamazenta-*, L50|\n|poke|p2|Urshifu-*, L50, M|\n|poke|p2|Tornadus, L50, M|\n|poke|p2|Ditto, L50|\n|poke|p2|Dragapult, L50, M|\n|poke|p2|Amoonguss, L50, M|\n|teampreview|4\n|inactive|Battle timer is ON: inactive players will automatically lose when time's up. (requested by RustyChair13)\n|\n|t:|1735742619\n|start\n|switch|p1a: Koraidon|Koraidon, L50|100\/100\n|switch|p1b: Jumpluff|Jumpluff, L50, M|100\/100\n|switch|p2a: Tornadus|Tornadus, L50, M|100\/100\n|switch|p2b: Dragapult|Dragapult, L50, M, shiny|100\/100\n|-weather|SunnyDay|[from] ability: Orichalcum Pulse|[of] p1a: Koraidon\n|-activate|p1a: Koraidon|Orichalcum Pulse|[source]\n|turn|1\n|\n|t:|1735742630\n|switch|p1a: Flutter Mane|Flutter Mane, L50|100\/100\n|-activate|p1a: Flutter Mane|ability: Protosynthesis\n|-start|p1a: Flutter Mane|protosynthesisspe\n|-terastallize|p2b: Dragapult|Dragon\n|move|p2a: Tornadus|Tailwind|p2a: Tornadus\n|-sidestart|p2: RustyChair13|move: Tailwind\n|move|p2b: Dragapult|Outrage|p1b: Jumpluff\n|-enditem|p1b: Jumpluff|Focus Sash\n|-damage|p1b: Jumpluff|1\/100\n|move|p1b: Jumpluff|Tailwind|p1b: Jumpluff\n|-sidestart|p1: FleurCannon56|move: Tailwind\n|\n|-weather|SunnyDay|[upkeep]\n|upkeep\n|turn|2\n|j| kloplink\n|\n|t:|1735742654\n|move|p1b: Jumpluff|Sleep Powder|p2b: Dragapult|[miss]\n|-miss|p1b: Jumpluff|p2b: Dragapult\n|move|p1a: Flutter Mane|Dazzling Gleam|p2b: Dragapult|[spread] p2a,p2b\n|-supereffective|p2b: Dragapult\n|-damage|p2a: Tornadus|44\/100\n|-damage|p2b: Dragapult|0 fnt\n|faint|p2b: Dragapult\n|move|p2a: Tornadus|Bleakwind Storm|p1b: Jumpluff|[spread] p1a,p1b\n|-supereffective|p1b: Jumpluff\n|-damage|p1a: Flutter Mane|65\/100\n|-damage|p1b: Jumpluff|0 fnt\n|faint|p1b: Jumpluff\n|\n|-weather|SunnyDay|[upkeep]\n|upkeep\n|\n|t:|1735742666\n|switch|p2b: Ditto|Ditto, L50, shiny|100\/100\n|switch|p1b: Chi-Yu|Chi-Yu, L50|100\/100\n|-ability|p1b: Chi-Yu|Beads of Ruin\n|-transform|p2b: Ditto|p1a: Flutter Mane|[from] ability: Imposter\n|turn|3\n|\n|t:|1735742679\n|move|p2a: Tornadus|Rain Dance|p2a: Tornadus\n|-weather|RainDance\n|-end|p1a: Flutter Mane|Protosynthesis\n|move|p1b: Chi-Yu|Heat Wave|p2a: Tornadus|[spread] p2a\n|-miss|p1b: Chi-Yu|p2b: Ditto\n|-damage|p2a: Tornadus|14\/100\n|move|p2b: Ditto|Shadow Ball|p1a: Flutter Mane\n|-supereffective|p1a: Flutter Mane\n|-damage|p1a: Flutter Mane|0 fnt\n|faint|p1a: Flutter Mane\n|-end|p1a: Flutter Mane|Protosynthesis|[silent]\n|\n|-weather|RainDance|[upkeep]\n|upkeep\n|\n|t:|1735742686\n|switch|p1a: Koraidon|Koraidon, L50|100\/100\n|-weather|SunnyDay|[from] ability: Orichalcum Pulse|[of] p1a: Koraidon\n|-activate|p1a: Koraidon|Orichalcum Pulse|[source]\n|turn|4\n|\n|t:|1735742704\n|-terastallize|p1a: Koraidon|Fire\n|move|p1b: Chi-Yu|Heat Wave|p2a: Tornadus|[spread] p2a,p2b\n|-damage|p2a: Tornadus|0 fnt\n|-damage|p2b: Ditto|33\/100\n|faint|p2a: Tornadus\n|move|p2b: Ditto|Moonblast|p1a: Koraidon\n|-resisted|p1a: Koraidon\n|-damage|p1a: Koraidon|64\/100\n|move|p1a: Koraidon|Flare Blitz|p2b: Ditto\n|-damage|p2b: Ditto|0 fnt\n|faint|p2b: Ditto\n|-end|p2b: Ditto|Protosynthesis|[silent]\n|-damage|p1a: Koraidon|55\/100|[from] Recoil\n|\n|-weather|SunnyDay|[upkeep]\n|-sideend|p1: FleurCannon56|move: Tailwind\n|-sideend|p2: RustyChair13|move: Tailwind\n|upkeep\n|\n|t:|1735742715\n|switch|p2b: Zamazenta|Zamazenta-Crowned, L50, shiny|100\/100\n|-ability|p2b: Zamazenta|Dauntless Shield|boost\n|-boost|p2b: Zamazenta|def|1\n|turn|5\n|\n|t:|1735742718\n|move|p2b: Zamazenta|Protect|p2b: Zamazenta\n|-singleturn|p2b: Zamazenta|Protect\n|move|p1b: Chi-Yu|Heat Wave|p2b: Zamazenta\n|-activate|p2b: Zamazenta|move: Protect\n|move|p1a: Koraidon|Flare Blitz|p2b: Zamazenta\n|-activate|p2b: Zamazenta|move: Protect\n|\n|-weather|SunnyDay|[upkeep]\n|upkeep\n|turn|6\n|\n|t:|1735742725\n|move|p1b: Chi-Yu|Heat Wave|p2b: Zamazenta|[miss]\n|-miss|p1b: Chi-Yu|p2b: Zamazenta\n|move|p1a: Koraidon|Flare Blitz|p2b: Zamazenta\n|-supereffective|p2b: Zamazenta\n|-damage|p2b: Zamazenta|0 fnt\n|faint|p2b: Zamazenta\n|-damage|p1a: Koraidon|20\/100|[from] Recoil\n|\n|win|FleurCannon56\n|raw|FleurCannon56's rating: 1576 &rarr; <strong>1596<\/strong><br \/>(+20 for winning)\n|raw|RustyChair13's rating: 1574 &rarr; <strong>1554<\/strong><br \/>(-20 for losing)\n|l|\u2606FleurCannon56\n|player|p1|\n|l|\u2606RustyChair13\n|player|p2|\n|l| kloplink\n","uploadtime":1735742936,"views":302,"formatid":"gen9vgc2025regg","rating":1554,"private":0,"password":null}