{"id":"gen9vgc2025regg-2273240540","format":"[Gen 9] VGC 2025 Reg G","players":["Shikanoko32","FunkyPengu1n"],"log":"|j|\u2606Shikanoko32\n|j|\u2606FunkyPengu1n\n|t:|1735754713\n|gametype|doubles\n|player|p1|Shikanoko32|265|1527\n|player|p2|FunkyPengu1n|2|1637\n|teamsize|p1|6\n|teamsize|p2|6\n|gen|9\n|tier|[Gen 9] VGC 2025 Reg G\n|rated|\n|rule|Species Clause: Limit one of each Pok\u00e9mon\n|rule|Item Clause: Limit 1 of each item\n|clearpoke\n|poke|p1|Terapagos, L50, M|\n|poke|p1|Rillaboom, L50, M|\n|poke|p1|Incineroar, L50, F|\n|poke|p1|Chien-Pao, L50|\n|poke|p1|Urshifu-*, L50, F|\n|poke|p1|Flutter Mane, L50|\n|poke|p2|Calyrex-Shadow, L50|\n|poke|p2|Incineroar, L50, F|\n|poke|p2|Rillaboom, L50, F|\n|poke|p2|Amoonguss, L50, F|\n|poke|p2|Urshifu-*, L50, M|\n|poke|p2|Tornadus, L50, M|\n|teampreview|4\n|inactive|Battle timer is ON: inactive players will automatically lose when time's up. (requested by FunkyPengu1n)\n|\n|t:|1735754754\n|start\n|switch|p1a: Incineroar|Incineroar, L50, F|100\/100\n|switch|p1b: Terapagos|Terapagos, L50, M|100\/100\n|switch|p2a: Calyrex|Calyrex-Shadow, L50|100\/100\n|switch|p2b: Rillaboom|Rillaboom, L50, F|100\/100\n|-ability|p2a: Calyrex|As One\n|-ability|p2a: Calyrex|Unnerve\n|-activate|p1b: Terapagos|ability: Tera Shift\n|detailschange|p1b: Terapagos|Terapagos-Terastal, L50, M\n|-heal|p1b: Terapagos|100\/100|[silent]\n|-fieldstart|move: Grassy Terrain|[from] ability: Grassy Surge|[of] p2b: Rillaboom\n|-ability|p1a: Incineroar|Intimidate|boost\n|-unboost|p2a: Calyrex|atk|1\n|-unboost|p2b: Rillaboom|atk|1\n|turn|1\n|\n|t:|1735754777\n|-terastallize|p2a: Calyrex|Fairy\n|move|p2a: Calyrex|Calm Mind|p2a: Calyrex\n|-boost|p2a: Calyrex|spa|1\n|-boost|p2a: Calyrex|spd|1\n|move|p2b: Rillaboom|U-turn|p1b: Terapagos\n|-activate|p1b: Terapagos|ability: Tera Shell\n|-resisted|p1b: Terapagos\n|-crit|p1b: Terapagos\n|-damage|p1b: Terapagos|84\/100\n|\n|t:|1735754790\n|switch|p2b: Urshifu|Urshifu-Rapid-Strike, L50, M|100\/100|[from] U-turn\n|move|p1b: Terapagos|Calm Mind|p1b: Terapagos\n|-boost|p1b: Terapagos|spa|1\n|-boost|p1b: Terapagos|spd|1\n|move|p1a: Incineroar|Knock Off|p2a: Calyrex\n|-resisted|p2a: Calyrex\n|-damage|p2a: Calyrex|78\/100\n|-enditem|p2a: Calyrex|Covert Cloak|[from] move: Knock Off|[of] p1a: Incineroar\n|\n|-heal|p2a: Calyrex|84\/100|[from] Grassy Terrain\n|-heal|p1b: Terapagos|90\/100|[from] Grassy Terrain\n|-heal|p1b: Terapagos|96\/100|[from] item: Leftovers\n|upkeep\n|turn|2\n|inactive|FunkyPengu1n has 30 seconds left.\n|\n|t:|1735754825\n|-terastallize|p1b: Terapagos|Stellar\n|detailschange|p1b: Terapagos|Terapagos-Stellar, L50, M, tera:Stellar\n|-heal|p1b: Terapagos|97\/100|[silent]\n|-ability|p1b: Terapagos|Teraform Zero\n|-fieldend|move: Grassy Terrain\n|move|p2a: Calyrex|Calm Mind|p2a: Calyrex\n|-boost|p2a: Calyrex|spa|1\n|-boost|p2a: Calyrex|spd|1\n|move|p2b: Urshifu|Close Combat|p1b: Terapagos\n|-supereffective|p1b: Terapagos\n|-damage|p1b: Terapagos|23\/100\n|-unboost|p2b: Urshifu|def|1\n|-unboost|p2b: Urshifu|spd|1\n|move|p1b: Terapagos|Tera Starstorm|p2a: Calyrex|[spread] p2a,p2b\n|-supereffective|p2a: Calyrex\n|-damage|p2a: Calyrex|26\/100\n|-damage|p2b: Urshifu|9\/100\n|move|p1a: Incineroar|Knock Off|p2b: Urshifu\n|-resisted|p2b: Urshifu\n|-damage|p2b: Urshifu|0 fnt\n|-enditem|p2b: Urshifu|Mystic Water|[from] move: Knock Off|[of] p1a: Incineroar\n|faint|p2b: Urshifu\n|\n|-heal|p1b: Terapagos|29\/100|[from] item: Leftovers\n|upkeep\n|\n|t:|1735754829\n|switch|p2b: Rillaboom|Rillaboom, L50, F|100\/100\n|-fieldstart|move: Grassy Terrain|[from] ability: Grassy Surge|[of] p2b: Rillaboom\n|turn|3\n|j| Mobile-NWNCC\n|inactive|Shikanoko32 has 30 seconds left.\n|\n|t:|1735754859\n|move|p1b: Terapagos|Protect|p1b: Terapagos\n|-singleturn|p1b: Terapagos|Protect\n|move|p2a: Calyrex|Draining Kiss|p1a: Incineroar\n|-damage|p1a: Incineroar|45\/100\n|-heal|p2a: Calyrex|68\/100|[from] drain|[of] p1a: Incineroar\n|-damage|p2a: Calyrex|52\/100|[from] item: Rocky Helmet|[of] p1a: Incineroar\n|move|p2b: Rillaboom|Wood Hammer|p1b: Terapagos\n|-activate|p1b: Terapagos|move: Protect\n|move|p1a: Incineroar|Parting Shot|p2a: Calyrex\n|-unboost|p2a: Calyrex|atk|1\n|-unboost|p2a: Calyrex|spa|1\n|\n|t:|1735754879\n|switch|p1a: Urshifu|Urshifu-Rapid-Strike, L50, F|100\/100|[from] Parting Shot\n|\n|-heal|p2a: Calyrex|58\/100|[from] Grassy Terrain\n|-heal|p1b: Terapagos|35\/100|[from] Grassy Terrain\n|-heal|p1b: Terapagos|41\/100|[from] item: Leftovers\n|upkeep\n|turn|4\n|\n|t:|1735754895\n|switch|p1a: Incineroar|Incineroar, L50, F|45\/100\n|-ability|p1a: Incineroar|Intimidate|boost\n|-unboost|p2a: Calyrex|atk|1\n|-unboost|p2b: Rillaboom|atk|1\n|move|p2a: Calyrex|Draining Kiss|p1a: Incineroar\n|-damage|p1a: Incineroar|0 fnt\n|-heal|p2a: Calyrex|91\/100|[from] drain|[of] p1a: Incineroar\n|-damage|p2a: Calyrex|75\/100|[from] item: Rocky Helmet|[of] p1a: Incineroar\n|faint|p1a: Incineroar\n|-ability|p2a: Calyrex|Grim Neigh|boost\n|-boost|p2a: Calyrex|spa|1\n|move|p2b: Rillaboom|Wood Hammer|p1b: Terapagos\n|-damage|p1b: Terapagos|0 fnt\n|faint|p1b: Terapagos\n|-damage|p2b: Rillaboom|81\/100|[from] Recoil\n|\n|-heal|p2a: Calyrex|81\/100|[from] Grassy Terrain\n|-heal|p2b: Rillaboom|87\/100|[from] Grassy Terrain\n|upkeep\n|\n|t:|1735754916\n|switch|p1b: Urshifu|Urshifu-Rapid-Strike, L50, F|100\/100\n|switch|p1a: Chien-Pao|Chien-Pao, L50|100\/100\n|-ability|p1a: Chien-Pao|Sword of Ruin\n|turn|5\n|\n|t:|1735754931\n|move|p2a: Calyrex|Draining Kiss|p1a: Chien-Pao\n|-supereffective|p1a: Chien-Pao\n|-enditem|p1a: Chien-Pao|Focus Sash\n|-damage|p1a: Chien-Pao|1\/100\n|-heal|p2a: Calyrex|100\/100|[from] drain|[of] p1a: Chien-Pao\n|move|p1a: Chien-Pao|Icicle Crash|p2b: Rillaboom\n|-supereffective|p2b: Rillaboom\n|-damage|p2b: Rillaboom|0 fnt\n|faint|p2b: Rillaboom\n|move|p1b: Urshifu|Surging Strikes|p2a: Calyrex\n|-crit|p2a: Calyrex\n|-damage|p2a: Calyrex|69\/100\n|-crit|p2a: Calyrex\n|-damage|p2a: Calyrex|33\/100\n|-crit|p2a: Calyrex\n|-damage|p2a: Calyrex|0 fnt\n|faint|p2a: Calyrex\n|-hitcount|p2: Calyrex|3\n|\n|-heal|p1a: Chien-Pao|7\/100|[from] Grassy Terrain\n|upkeep\n|\n|t:|1735754940\n|switch|p2b: Incineroar|Incineroar, L50, F|100\/100\n|-ability|p2b: Incineroar|Intimidate|boost\n|-unboost|p1a: Chien-Pao|atk|1\n|-unboost|p1b: Urshifu|atk|1\n|turn|6\n|-message|FunkyPengu1n forfeited.\n|\n|win|Shikanoko32\n|raw|Shikanoko32's rating: 1527 &rarr; <strong>1553<\/strong><br \/>(+26 for winning)\n|raw|FunkyPengu1n's rating: 1637 &rarr; <strong>1611<\/strong><br \/>(-26 for losing)\n|l|\u2606FunkyPengu1n\n|player|p2|\n|l|\u2606Shikanoko32\n|player|p1|\n|l| Mobile-NWNCC\n","uploadtime":1735755123,"views":268,"formatid":"gen9vgc2025regg","rating":1553,"private":0,"password":null}