{"id":"gen9vgc2025regg-2273252748","format":"[Gen 9] VGC 2025 Reg G","players":["Emirnent","zxc123zxc"],"log":"|j|\u2606Emirnent\n|j|\u2606zxc123zxc\n|t:|1735756391\n|gametype|doubles\n|player|p1|Emirnent|1|1598\n|player|p2|zxc123zxc|hiker-gen4|1680\n|teamsize|p1|6\n|teamsize|p2|6\n|gen|9\n|tier|[Gen 9] VGC 2025 Reg G\n|rated|\n|rule|Species Clause: Limit one of each Pok\u00e9mon\n|rule|Item Clause: Limit 1 of each item\n|clearpoke\n|poke|p1|Whimsicott, L50, M|\n|poke|p1|Kyogre, L50|\n|poke|p1|Urshifu-*, L50, M|\n|poke|p1|Chien-Pao, L50|\n|poke|p1|Archaludon, L50, M|\n|poke|p1|Tsareena, L50, F|\n|poke|p2|Calyrex-Ice, L50|\n|poke|p2|Urshifu-*, L50, M|\n|poke|p2|Pelipper, L50, M|\n|poke|p2|Amoonguss, L50, M|\n|poke|p2|Iron Valiant, L50|\n|poke|p2|Landorus, L50, M|\n|teampreview|4\n|inactive|Battle timer is ON: inactive players will automatically lose when time's up. (requested by Emirnent)\n|j| Frankieblueeyes\n|inactive|Emirnent has 60 seconds left.\n|inactive|zxc123zxc has 60 seconds left.\n|\n|t:|1735756443\n|start\n|switch|p1a: Kyogre|Kyogre, L50|100\/100\n|switch|p1b: Urshifu|Urshifu-Rapid-Strike, L50, M|100\/100\n|switch|p2a: Iron Valiant|Iron Valiant, L50|100\/100\n|switch|p2b: Calyrex|Calyrex-Ice, L50|100\/100\n|-ability|p2b: Calyrex|As One\n|-ability|p2b: Calyrex|Unnerve\n|-weather|RainDance|[from] ability: Drizzle|[of] p1a: Kyogre\n|-enditem|p2a: Iron Valiant|Booster Energy\n|-activate|p2a: Iron Valiant|ability: Quark Drive|[fromitem]\n|-start|p2a: Iron Valiant|quarkdrivespe\n|turn|1\n|inactive|zxc123zxc has 30 seconds left.\n|inactive|zxc123zxc has 20 seconds left.\n|\n|t:|1735756480\n|-terastallize|p2b: Calyrex|Grass\n|move|p2a: Iron Valiant|Spirit Break|p1a: Kyogre\n|-damage|p1a: Kyogre|66\/100\n|-unboost|p1a: Kyogre|spa|1\n|move|p1a: Kyogre|Hydro Pump|p2b: Calyrex\n|-resisted|p2b: Calyrex\n|-damage|p2b: Calyrex|81\/100\n|move|p1b: Urshifu|Close Combat|p2b: Calyrex\n|-damage|p2b: Calyrex|25\/100\n|-unboost|p1b: Urshifu|def|1\n|-unboost|p1b: Urshifu|spd|1\n|move|p2b: Calyrex|Glacial Lance|p1a: Kyogre|[spread] p1a,p1b\n|-resisted|p1a: Kyogre\n|-resisted|p1b: Urshifu\n|-damage|p1a: Kyogre|34\/100\n|-damage|p1b: Urshifu|61\/100\n|\n|-weather|RainDance|[upkeep]\n|upkeep\n|turn|2\n|inactive|Emirnent has 30 seconds left.\n|inactive|zxc123zxc has 30 seconds left.\n|\n|t:|1735756510\n|switch|p2b: Amoonguss|Amoonguss, L50, M|100\/100\n|-terastallize|p1b: Urshifu|Ghost\n|move|p2a: Iron Valiant|Spirit Break|p1a: Kyogre\n|-damage|p1a: Kyogre|0 fnt\n|faint|p1a: Kyogre\n|move|p1b: Urshifu|Close Combat|p2b: Amoonguss\n|-resisted|p2b: Amoonguss\n|-damage|p2b: Amoonguss|64\/100\n|-unboost|p1b: Urshifu|def|1\n|-unboost|p1b: Urshifu|spd|1\n|-damage|p1b: Urshifu|44\/100|[from] item: Rocky Helmet|[of] p2b: Amoonguss\n|\n|-weather|RainDance|[upkeep]\n|upkeep\n|\n|t:|1735756516\n|switch|p1a: Tsareena|Tsareena, L50, F|100\/100\n|turn|3\n|\n|t:|1735756531\n|switch|p1b: Chien-Pao|Chien-Pao, L50|100\/100\n|-ability|p1b: Chien-Pao|Sword of Ruin\n|move|p2a: Iron Valiant|Spirit Break|p1a: Tsareena\n|-damage|p1a: Tsareena|50\/100\n|-unboost|p1a: Tsareena|spa|1\n|move|p1a: Tsareena|Power Whip|p2a: Iron Valiant\n|-damage|p2a: Iron Valiant|9\/100\n|move|p2b: Amoonguss|Spore|p1b: Chien-Pao\n|-status|p1b: Chien-Pao|slp|[from] move: Spore\n|\n|-weather|RainDance|[upkeep]\n|upkeep\n|turn|4\n|\n|t:|1735756553\n|switch|p1b: Urshifu|Urshifu-Rapid-Strike, L50, M, tera:Ghost|44\/100\n|move|p2a: Iron Valiant|Spirit Break|p1b: Urshifu\n|-damage|p1b: Urshifu|11\/100\n|-unboost|p1b: Urshifu|spa|1\n|move|p1a: Tsareena|Triple Axel|p2a: Iron Valiant\n|-damage|p2a: Iron Valiant|2\/100\n|-damage|p2a: Iron Valiant|0 fnt\n|faint|p2a: Iron Valiant\n|-end|p2a: Iron Valiant|Quark Drive|[silent]\n|-hitcount|p2: Iron Valiant|2\n|move|p2b: Amoonguss|Pollen Puff|p1a: Tsareena\n|-supereffective|p1a: Tsareena\n|-damage|p1a: Tsareena|10\/100\n|\n|-weather|RainDance|[upkeep]\n|upkeep\n|\n|t:|1735756577\n|switch|p2a: Urshifu|Urshifu-Rapid-Strike, L50, M|100\/100\n|turn|5\n|\n|t:|1735756592\n|switch|p1a: Chien-Pao|Chien-Pao, L50|100\/100 slp\n|-ability|p1a: Chien-Pao|Sword of Ruin\n|move|p2b: Amoonguss|Rage Powder|p2b: Amoonguss\n|-singleturn|p2b: Amoonguss|move: Rage Powder\n|move|p1b: Urshifu|Close Combat|p2b: Amoonguss\n|-resisted|p2b: Amoonguss\n|-damage|p2b: Amoonguss|18\/100\n|-unboost|p1b: Urshifu|def|1\n|-unboost|p1b: Urshifu|spd|1\n|-damage|p1b: Urshifu|0 fnt|[from] item: Rocky Helmet|[of] p2b: Amoonguss\n|faint|p1b: Urshifu\n|move|p2a: Urshifu|Surging Strikes|p1a: Chien-Pao\n|-crit|p1a: Chien-Pao\n|-damage|p1a: Chien-Pao|55\/100 slp\n|-crit|p1a: Chien-Pao\n|-damage|p1a: Chien-Pao|12\/100 slp\n|-crit|p1a: Chien-Pao\n|-damage|p1a: Chien-Pao|0 fnt\n|faint|p1a: Chien-Pao\n|-hitcount|p1: Chien-Pao|3\n|\n|-weather|none\n|upkeep\n|-message|Emirnent forfeited.\n|\n|win|zxc123zxc\n|raw|Emirnent's rating: 1598 &rarr; <strong>1583<\/strong><br \/>(-15 for losing)\n|raw|zxc123zxc's rating: 1680 &rarr; <strong>1695<\/strong><br \/>(+15 for winning)\n|l|\u2606Emirnent\n|player|p1|\n|l|\u2606zxc123zxc\n|player|p2|\n","uploadtime":1735756786,"views":303,"formatid":"gen9vgc2025regg","rating":1583,"private":0,"password":null}