{"id":"gen9vgc2025regg-2273898262","format":"[Gen 9] VGC 2025 Reg G","players":["hella_faerie37","sadesign"],"log":"|j|\u2606hella_faerie37\n|j|\u2606sadesign\n|t:|1735852150\n|gametype|doubles\n|player|p1|hella_faerie37|skyla|1589\n|player|p2|sadesign|265|1589\n|teamsize|p1|6\n|teamsize|p2|6\n|gen|9\n|tier|[Gen 9] VGC 2025 Reg G\n|rated|\n|rule|Species Clause: Limit one of each Pok\u00e9mon\n|rule|Item Clause: Limit 1 of each item\n|clearpoke\n|poke|p1|Calyrex-Ice, L50|\n|poke|p1|Iron Crown, L50|\n|poke|p1|Ursaluna, L50, M|\n|poke|p1|Urshifu-*, L50, F|\n|poke|p1|Tornadus, L50, M|\n|poke|p1|Chi-Yu, L50|\n|poke|p2|Terapagos, L50, M|\n|poke|p2|Smeargle, L50, M|\n|poke|p2|Sinistcha, L50|\n|poke|p2|Incineroar, L50, F|\n|poke|p2|Rillaboom, L50, F|\n|poke|p2|Urshifu-*, L50, F|\n|teampreview|4\n|\n|t:|1735852167\n|start\n|switch|p1a: Calyrex|Calyrex-Ice, L50|100\/100\n|switch|p1b: Urshifu|Urshifu, L50, F|100\/100\n|switch|p2a: Terapagos|Terapagos, L50, M|100\/100\n|switch|p2b: Smeargle|Smeargle, L50, M|100\/100\n|-ability|p1a: Calyrex|As One\n|-ability|p1a: Calyrex|Unnerve\n|-activate|p2a: Terapagos|ability: Tera Shift\n|detailschange|p2a: Terapagos|Terapagos-Terastal, L50, M\n|-heal|p2a: Terapagos|100\/100|[silent]\n|turn|1\n|inactive|Battle timer is ON: inactive players will automatically lose when time's up. (requested by hella_faerie37)\n|inactive|sadesign also wants the timer to be on.\n|\n|t:|1735852190\n|-terastallize|p2a: Terapagos|Stellar\n|detailschange|p2a: Terapagos|Terapagos-Stellar, L50, M, tera:Stellar\n|-heal|p2a: Terapagos|100\/100|[silent]\n|move|p1b: Urshifu|Detect|p1b: Urshifu\n|-singleturn|p1b: Urshifu|Protect\n|move|p2b: Smeargle|Decorate|p2a: Terapagos\n|-boost|p2a: Terapagos|atk|2\n|-boost|p2a: Terapagos|spa|2\n|move|p1a: Calyrex|Glacial Lance|p2a: Terapagos|[spread] p2a,p2b\n|-damage|p2a: Terapagos|73\/100\n|-damage|p2b: Smeargle|0 fnt\n|faint|p2b: Smeargle\n|-ability|p1a: Calyrex|Chilling Neigh|boost\n|-boost|p1a: Calyrex|atk|1\n|move|p2a: Terapagos|Tera Starstorm|p1a: Calyrex|[spread] p1a\n|-activate|p1b: Urshifu|move: Protect\n|-damage|p1a: Calyrex|54\/100\n|\n|-heal|p2a: Terapagos|79\/100|[from] item: Leftovers\n|upkeep\n|\n|t:|1735852208\n|switch|p2b: Sinistcha|Sinistcha, L50|100\/100\n|-heal|p2a: Terapagos|100\/100|[from] ability: Hospitality|[of] p2b: Sinistcha\n|turn|2\n|\n|t:|1735852214\n|switch|p2b: Incineroar|Incineroar, L50, F|100\/100\n|-ability|p2b: Incineroar|Intimidate|boost\n|-fail|p1a: Calyrex|unboost|[from] item: Clear Amulet|[of] p1a: Calyrex\n|-unboost|p1b: Urshifu|atk|1\n|move|p1b: Urshifu|Close Combat|p2a: Terapagos\n|-supereffective|p2a: Terapagos\n|-damage|p2a: Terapagos|53\/100\n|-unboost|p1b: Urshifu|def|1\n|-unboost|p1b: Urshifu|spd|1\n|move|p1a: Calyrex|Glacial Lance|p2a: Terapagos|[spread] p2a,p2b\n|-resisted|p2b: Incineroar\n|-damage|p2a: Terapagos|8\/100\n|-damage|p2b: Incineroar|71\/100\n|move|p2a: Terapagos|Tera Starstorm|p1b: Urshifu|[spread] p1a,p1b\n|-damage|p1a: Calyrex|1\/100\n|-enditem|p1b: Urshifu|Focus Sash\n|-damage|p1b: Urshifu|1\/100\n|\n|-heal|p2a: Terapagos|14\/100|[from] item: Leftovers\n|upkeep\n|turn|3\n|j| Queodin\n|inactive|sadesign has 30 seconds left.\n|\n|t:|1735852240\n|switch|p2a: Sinistcha|Sinistcha, L50|100\/100\n|-heal|p2b: Incineroar|96\/100|[from] ability: Hospitality|[of] p2a: Sinistcha\n|move|p1b: Urshifu|Detect|p1b: Urshifu\n|-singleturn|p1b: Urshifu|Protect\n|move|p1a: Calyrex|Protect|p1a: Calyrex\n|-singleturn|p1a: Calyrex|Protect\n|move|p2b: Incineroar|Fake Out|p1a: Calyrex\n|-activate|p1a: Calyrex|move: Protect\n|\n|upkeep\n|turn|4\n|l| Queodin\n|\n|t:|1735852260\n|move|p2a: Sinistcha|Rage Powder|p2a: Sinistcha\n|-singleturn|p2a: Sinistcha|move: Rage Powder\n|move|p1b: Urshifu|Close Combat|p2a: Sinistcha\n|-immune|p2a: Sinistcha\n|move|p1a: Calyrex|Glacial Lance|p2b: Incineroar|[spread] p2a,p2b\n|-supereffective|p2a: Sinistcha\n|-resisted|p2b: Incineroar\n|-damage|p2a: Sinistcha|0 fnt\n|-damage|p2b: Incineroar|66\/100\n|faint|p2a: Sinistcha\n|-ability|p1a: Calyrex|Chilling Neigh|boost\n|-boost|p1a: Calyrex|atk|1\n|move|p2b: Incineroar|Knock Off|p1a: Calyrex\n|-supereffective|p1a: Calyrex\n|-damage|p1a: Calyrex|0 fnt\n|-enditem|p1a: Calyrex|Clear Amulet|[from] move: Knock Off|[of] p2b: Incineroar\n|faint|p1a: Calyrex\n|\n|upkeep\n|j| Queodin\n|l| Queodin\n|\n|t:|1735852276\n|switch|p1a: Ursaluna|Ursaluna, L50, M|100\/100\n|switch|p2a: Terapagos|Terapagos-Stellar, L50, M, tera:Stellar|14\/100\n|turn|5\n|\n|t:|1735852290\n|move|p1b: Urshifu|Detect|p1b: Urshifu\n|-singleturn|p1b: Urshifu|Protect\n|move|p2a: Terapagos|Tera Starstorm|p1a: Ursaluna|[spread] p1a\n|-activate|p1b: Urshifu|move: Protect\n|-damage|p1a: Ursaluna|71\/100\n|move|p1a: Ursaluna|Earthquake|p2b: Incineroar|[spread] p2a,p2b\n|-activate|p1b: Urshifu|move: Protect\n|-supereffective|p2b: Incineroar\n|-damage|p2a: Terapagos|0 fnt\n|-damage|p2b: Incineroar|3\/100\n|-enditem|p2b: Incineroar|Aguav Berry|[eat]\n|-heal|p2b: Incineroar|36\/100|[from] item: Aguav Berry\n|faint|p2a: Terapagos\n|move|p2b: Incineroar|Knock Off|p1b: Urshifu\n|-activate|p1b: Urshifu|move: Protect\n|\n|-status|p1a: Ursaluna|brn|[from] item: Flame Orb\n|upkeep\n|turn|6\n|-message|sadesign forfeited.\n|\n|win|hella_faerie37\n|raw|hella_faerie37's rating: 1589 &rarr; <strong>1609<\/strong><br \/>(+20 for winning)\n|raw|sadesign's rating: 1589 &rarr; <strong>1569<\/strong><br \/>(-20 for losing)\n|l|\u2606sadesign\n|player|p2|\n|l|\u2606hella_faerie37\n|player|p1|\n","uploadtime":1735852483,"views":36,"formatid":"gen9vgc2025regg","rating":1569,"private":0,"password":null}