{"id":"gen9vgc2025regg-2273164885","format":"[Gen 9] VGC 2025 Reg G","players":["RustyChair13","Growth_my_word"],"log":"|j|\u2606RustyChair13\n|j|\u2606Growth_my_word\n|t:|1735743513\n|gametype|doubles\n|player|p1|RustyChair13|scientist-gen4|1522\n|player|p2|Growth_my_word|lady-gen4|1578\n|teamsize|p1|6\n|teamsize|p2|6\n|gen|9\n|tier|[Gen 9] VGC 2025 Reg G\n|rated|\n|rule|Species Clause: Limit one of each Pok\u00e9mon\n|rule|Item Clause: Limit 1 of each item\n|clearpoke\n|poke|p1|Zamazenta-*, L50|\n|poke|p1|Urshifu-*, L50, M|\n|poke|p1|Tornadus, L50, M|\n|poke|p1|Ditto, L50|\n|poke|p1|Dragapult, L50, M|\n|poke|p1|Amoonguss, L50, M|\n|poke|p2|Miraidon, L50|\n|poke|p2|Dragonite, L50, F|\n|poke|p2|Dondozo, L50, F|\n|poke|p2|Tatsugiri, L50, M|\n|poke|p2|Gholdengo, L50|\n|poke|p2|Chi-Yu, L50|\n|teampreview|4\n|j| takuya3000\n|\n|t:|1735743530\n|start\n|switch|p1a: Tornadus|Tornadus, L50, M|100\/100\n|switch|p1b: Dragapult|Dragapult, L50, M, shiny|100\/100\n|switch|p2a: Miraidon|Miraidon, L50|100\/100\n|switch|p2b: Dondozo|Dondozo, L50, F|100\/100\n|-fieldstart|move: Electric Terrain|[from] ability: Hadron Engine|[of] p2a: Miraidon\n|turn|1\n|\n|t:|1735743548\n|-terastallize|p2a: Miraidon|Fairy\n|move|p2b: Dondozo|Protect|p2b: Dondozo\n|-singleturn|p2b: Dondozo|Protect\n|move|p1a: Tornadus|Tailwind|p1a: Tornadus\n|-sidestart|p1: RustyChair13|move: Tailwind\n|move|p1b: Dragapult|Phantom Force||[still]\n|-prepare|p1b: Dragapult|Phantom Force\n|move|p2a: Miraidon|Dazzling Gleam|p1b: Dragapult|[spread] p1a\n|-miss|p2a: Miraidon|p1b: Dragapult\n|-damage|p1a: Tornadus|52\/100\n|\n|upkeep\n|turn|2\n|\n|t:|1735743565\n|switch|p2b: Chi-Yu|Chi-Yu, L50|100\/100\n|-ability|p2b: Chi-Yu|Beads of Ruin\n|move|p1b: Dragapult|Phantom Force|p2b: Chi-Yu|[from]lockedmove\n|-resisted|p2b: Chi-Yu\n|-damage|p2b: Chi-Yu|39\/100\n|move|p1a: Tornadus|Bleakwind Storm|p2a: Miraidon|[spread] p2a,p2b\n|-damage|p2a: Miraidon|74\/100\n|-damage|p2b: Chi-Yu|0 fnt\n|-unboost|p2a: Miraidon|spe|1\n|faint|p2b: Chi-Yu\n|move|p2a: Miraidon|Dazzling Gleam|p1b: Dragapult|[spread] p1a,p1b\n|-supereffective|p1b: Dragapult\n|-damage|p1a: Tornadus|0 fnt\n|-damage|p1b: Dragapult|0 fnt\n|faint|p1a: Tornadus\n|faint|p1b: Dragapult\n|\n|upkeep\n|\n|t:|1735743581\n|switch|p1b: Amoonguss|Amoonguss, L50, M|100\/100\n|switch|p1a: Zamazenta|Zamazenta-Crowned, L50, shiny|100\/100\n|switch|p2b: Dondozo|Dondozo, L50, F|100\/100\n|-ability|p1a: Zamazenta|Dauntless Shield|boost\n|-boost|p1a: Zamazenta|def|1\n|turn|3\n|\n|t:|1735743597\n|-terastallize|p1a: Zamazenta|Grass\n|move|p1a: Zamazenta|Heavy Slam|p2a: Miraidon\n|-supereffective|p2a: Miraidon\n|-damage|p2a: Miraidon|14\/100\n|move|p2a: Miraidon|Volt Switch|p1a: Zamazenta\n|-resisted|p1a: Zamazenta\n|-damage|p1a: Zamazenta|75\/100\n|\n|t:|1735743604\n|switch|p2a: Tatsugiri|Tatsugiri, L50, M|100\/100|[from] Volt Switch\n|-activate|p2a: Tatsugiri|ability: Commander|[of] p2b: Dondozo\n|-boost|p2b: Dondozo|atk|2\n|-boost|p2b: Dondozo|spa|2\n|-boost|p2b: Dondozo|spe|2\n|-boost|p2b: Dondozo|def|2\n|-boost|p2b: Dondozo|spd|2\n|move|p2b: Dondozo|Wave Crash|p1a: Zamazenta\n|-resisted|p1a: Zamazenta\n|-crit|p1a: Zamazenta\n|-damage|p1a: Zamazenta|29\/100\n|-damage|p2b: Dondozo|88\/100|[from] Recoil\n|move|p1b: Amoonguss|Clear Smog|p2b: Dondozo\n|-damage|p2b: Dondozo|80\/100\n|-clearboost|p2b: Dondozo\n|\n|-heal|p2b: Dondozo|86\/100|[from] item: Leftovers\n|upkeep\n|turn|4\n|\n|t:|1735743624\n|move|p1a: Zamazenta|Body Press|p2b: Dondozo\n|-damage|p2b: Dondozo|56\/100\n|move|p2b: Dondozo|Order Up|p1b: Amoonguss\n|-damage|p1b: Amoonguss|82\/100\n|-boost|p2b: Dondozo|atk|1\n|move|p1b: Amoonguss|Pollen Puff|p1a: Zamazenta\n|-heal|p1a: Zamazenta|79\/100\n|\n|-heal|p2b: Dondozo|62\/100|[from] item: Leftovers\n|-sideend|p1: RustyChair13|move: Tailwind\n|upkeep\n|turn|5\n|inactive|Battle timer is ON: inactive players will automatically lose when time's up. (requested by RustyChair13)\n|\n|t:|1735743645\n|move|p1a: Zamazenta|Body Press|p2b: Dondozo\n|-damage|p2b: Dondozo|28\/100\n|move|p2b: Dondozo|Order Up|p1b: Amoonguss\n|-damage|p1b: Amoonguss|54\/100\n|-boost|p2b: Dondozo|atk|1\n|move|p1b: Amoonguss|Clear Smog|p2b: Dondozo\n|-damage|p2b: Dondozo|12\/100\n|-clearboost|p2b: Dondozo\n|\n|-heal|p2b: Dondozo|18\/100|[from] item: Leftovers\n|-fieldend|move: Electric Terrain\n|upkeep\n|turn|6\n|\n|t:|1735743663\n|move|p1a: Zamazenta|Body Press|p2b: Dondozo\n|-damage|p2b: Dondozo|0 fnt\n|faint|p2b: Dondozo\n|move|p1b: Amoonguss|Spore|p2a: Tatsugiri\n|-status|p2a: Tatsugiri|slp|[from] move: Spore\n|\n|upkeep\n|\n|t:|1735743670\n|switch|p2b: Miraidon|Miraidon, L50, tera:Fairy|14\/100\n|-fieldstart|move: Electric Terrain|[from] ability: Hadron Engine|[of] p2b: Miraidon\n|turn|7\n|\n|t:|1735743677\n|move|p1b: Amoonguss|Rage Powder|p1b: Amoonguss\n|-singleturn|p1b: Amoonguss|move: Rage Powder\n|cant|p2a: Tatsugiri|slp\n|move|p2a: Tatsugiri|Sleep Talk|p2a: Tatsugiri\n|move|p2a: Tatsugiri|Icy Wind|p1b: Amoonguss|[from]move: Sleep Talk|[spread] p1a,p1b\n|-supereffective|p1a: Zamazenta\n|-supereffective|p1b: Amoonguss\n|-damage|p1a: Zamazenta|60\/100\n|-damage|p1b: Amoonguss|30\/100\n|-unboost|p1a: Zamazenta|spe|1\n|-unboost|p1b: Amoonguss|spe|1\n|move|p2b: Miraidon|Draco Meteor|p1b: Amoonguss\n|-damage|p1b: Amoonguss|0 fnt\n|-unboost|p2b: Miraidon|spa|2\n|faint|p1b: Amoonguss\n|move|p1a: Zamazenta|Heavy Slam|p2b: Miraidon\n|-supereffective|p2b: Miraidon\n|-damage|p2b: Miraidon|0 fnt\n|faint|p2b: Miraidon\n|\n|upkeep\n|turn|8\n|\n|t:|1735743694\n|move|p1a: Zamazenta|Protect|p1a: Zamazenta\n|-singleturn|p1a: Zamazenta|Protect\n|cant|p2a: Tatsugiri|slp\n|move|p2a: Tatsugiri|Sleep Talk|p2a: Tatsugiri\n|move|p2a: Tatsugiri|Muddy Water|p1a: Zamazenta|[from]move: Sleep Talk\n|-activate|p1a: Zamazenta|move: Protect\n|\n|upkeep\n|turn|9\n|\n|t:|1735743701\n|cant|p2a: Tatsugiri|slp\n|move|p2a: Tatsugiri|Sleep Talk|p2a: Tatsugiri\n|move|p2a: Tatsugiri|Icy Wind|p1a: Zamazenta|[from]move: Sleep Talk\n|-supereffective|p1a: Zamazenta\n|-damage|p1a: Zamazenta|36\/100\n|-unboost|p1a: Zamazenta|spe|1\n|move|p1a: Zamazenta|Body Press|p2a: Tatsugiri\n|-damage|p2a: Tatsugiri|4\/100 slp\n|\n|upkeep\n|turn|10\n|-message|Growth_my_word forfeited.\n|\n|win|RustyChair13\n|raw|RustyChair13's rating: 1522 &rarr; <strong>1545<\/strong><br \/>(+23 for winning)\n|raw|Growth_my_word's rating: 1578 &rarr; <strong>1555<\/strong><br \/>(-23 for losing)\n|l|\u2606Growth_my_word\n|player|p2|\n|l|\u2606RustyChair13\n|player|p1|\n","uploadtime":1735743905,"views":278,"formatid":"gen9vgc2025regg","rating":1545,"private":0,"password":null}