{"id":"gen9vgc2025regg-2273401274","format":"[Gen 9] VGC 2025 Reg G","players":["soap858","decay4"],"log":"|j|\u2606soap858\n|j|\u2606decay4\n|t:|1735775845\n|gametype|doubles\n|player|p1|soap858|2|1625\n|player|p2|decay4|clair|1528\n|teamsize|p1|6\n|teamsize|p2|6\n|gen|9\n|tier|[Gen 9] VGC 2025 Reg G\n|rated|\n|rule|Species Clause: Limit one of each Pok\u00e9mon\n|rule|Item Clause: Limit 1 of each item\n|clearpoke\n|poke|p1|Terapagos, L50, M|\n|poke|p1|Urshifu-*, L50, F|\n|poke|p1|Whimsicott, L50, M|\n|poke|p1|Ogerpon-Wellspring, L50, F|\n|poke|p1|Rillaboom, L50, M|\n|poke|p1|Volcarona, L50, M|\n|poke|p2|Calyrex-Shadow, L50|\n|poke|p2|Dondozo, L50, M|\n|poke|p2|Weezing-Galar, L50, F|\n|poke|p2|Tatsugiri-Droopy, L50, M|\n|poke|p2|Roaring Moon, L50|\n|poke|p2|Ogerpon-Cornerstone, L50, F|\n|teampreview|4\n|inactive|Battle timer is ON: inactive players will automatically lose when time's up. (requested by soap858)\n|\n|t:|1735775870\n|start\n|switch|p1a: Terapagos|Terapagos, L50, M|100\/100\n|switch|p1b: Ogerpon|Ogerpon-Wellspring, L50, F|100\/100\n|switch|p2a: Calyrex|Calyrex-Shadow, L50|100\/100\n|switch|p2b: Weezing|Weezing-Galar, L50, F|100\/100\n|-ability|p2a: Calyrex|As One\n|-ability|p2a: Calyrex|Unnerve\n|-activate|p1a: Terapagos|ability: Tera Shift\n|detailschange|p1a: Terapagos|Terapagos-Terastal, L50, M\n|-heal|p1a: Terapagos|100\/100|[silent]\n|-ability|p2b: Weezing|Neutralizing Gas\n|turn|1\n|\n|t:|1735775884\n|move|p1a: Terapagos|Protect|p1a: Terapagos\n|-singleturn|p1a: Terapagos|Protect\n|move|p2a: Calyrex|Astral Barrage|p1a: Terapagos|[spread] p1b\n|-activate|p1a: Terapagos|move: Protect\n|-damage|p1b: Ogerpon|31\/100\n|-damage|p2a: Calyrex|91\/100|[from] item: Life Orb\n|move|p1b: Ogerpon|Ivy Cudgel|p2b: Weezing|[anim] Ivy Cudgel Water\n|-crit|p2b: Weezing\n|-damage|p2b: Weezing|35\/100\n|move|p2b: Weezing|Toxic Spikes|p1b: Ogerpon\n|-sidestart|p1: soap858|move: Toxic Spikes\n|\n|upkeep\n|turn|2\n|\n|t:|1735775905\n|move|p1b: Ogerpon|Spiky Shield|p1b: Ogerpon\n|-singleturn|p1b: Ogerpon|move: Protect\n|move|p2a: Calyrex|Astral Barrage|p1a: Terapagos|[spread] \n|-activate|p1b: Ogerpon|move: Protect\n|-immune|p1a: Terapagos\n|move|p1a: Terapagos|Earth Power|p2b: Weezing\n|-supereffective|p2b: Weezing\n|-damage|p2b: Weezing|0 fnt\n|faint|p2b: Weezing\n|-end|p2b: Weezing|ability: Neutralizing Gas\n|\n|upkeep\n|\n|t:|1735775911\n|switch|p2b: Dondozo|Dondozo, L50, M, shiny|100\/100\n|turn|3\n|\n|t:|1735775932\n|switch|p1b: Whimsicott|Whimsicott, L50, M|100\/100\n|-status|p1b: Whimsicott|psn\n|move|p2a: Calyrex|Astral Barrage|p1b: Whimsicott|[spread] p1b\n|-immune|p1a: Terapagos\n|-damage|p1b: Whimsicott|11\/100 psn\n|-damage|p2a: Calyrex|81\/100|[from] item: Life Orb\n|move|p1a: Terapagos|Earth Power|p2a: Calyrex\n|-damage|p2a: Calyrex|53\/100\n|move|p2b: Dondozo|Order Up|p1a: Terapagos\n|-activate|p1a: Terapagos|ability: Tera Shell\n|-resisted|p1a: Terapagos\n|-damage|p1a: Terapagos|92\/100\n|\n|-heal|p1a: Terapagos|98\/100|[from] item: Leftovers\n|-damage|p1b: Whimsicott|0 fnt|[from] psn\n|faint|p1b: Whimsicott\n|upkeep\n|\n|t:|1735775947\n|switch|p1b: Urshifu|Urshifu, L50, F|100\/100\n|-status|p1b: Urshifu|psn\n|turn|4\n|inactive|soap858 has 30 seconds left.\n|\n|t:|1735775982\n|switch|p2a: Tatsugiri|Tatsugiri-Droopy, L50, M|100\/100\n|-activate|p2a: Tatsugiri|ability: Commander|[of] p2b: Dondozo\n|-boost|p2b: Dondozo|atk|2\n|-boost|p2b: Dondozo|spa|2\n|-boost|p2b: Dondozo|spe|2\n|-boost|p2b: Dondozo|def|2\n|-boost|p2b: Dondozo|spd|2\n|-terastallize|p1b: Urshifu|Dark\n|move|p1a: Terapagos|Protect|p1a: Terapagos\n|-singleturn|p1a: Terapagos|Protect\n|move|p2b: Dondozo|Body Press|p1b: Urshifu\n|-supereffective|p1b: Urshifu\n|-enditem|p1b: Urshifu|Focus Sash\n|-damage|p1b: Urshifu|1\/100 psn\n|move|p1b: Urshifu|Wicked Blow|p2b: Dondozo\n|-crit|p2b: Dondozo\n|-damage|p2b: Dondozo|55\/100\n|\n|-heal|p2b: Dondozo|62\/100|[from] item: Leftovers\n|-heal|p1a: Terapagos|100\/100|[from] item: Leftovers\n|-damage|p1b: Urshifu|0 fnt|[from] psn\n|faint|p1b: Urshifu\n|upkeep\n|\n|t:|1735775991\n|switch|p1b: Ogerpon|Ogerpon-Wellspring, L50, F|31\/100\n|-status|p1b: Ogerpon|psn\n|turn|5\n|\n|t:|1735776006\n|move|p2b: Dondozo|Protect|p2b: Dondozo\n|-singleturn|p2b: Dondozo|Protect\n|move|p1b: Ogerpon|Horn Leech|p2b: Dondozo\n|-activate|p2b: Dondozo|move: Protect\n|move|p1a: Terapagos|Calm Mind|p1a: Terapagos\n|-boost|p1a: Terapagos|spa|1\n|-boost|p1a: Terapagos|spd|1\n|\n|-heal|p2b: Dondozo|68\/100|[from] item: Leftovers\n|-damage|p1b: Ogerpon|18\/100 psn|[from] psn\n|upkeep\n|turn|6\n|\n|t:|1735776015\n|move|p1b: Ogerpon|Horn Leech|p2b: Dondozo\n|-supereffective|p2b: Dondozo\n|-damage|p2b: Dondozo|46\/100\n|-heal|p1b: Ogerpon|32\/100 psn|[from] drain|[of] p2b: Dondozo\n|move|p2b: Dondozo|Order Up|p1a: Terapagos\n|-activate|p1a: Terapagos|ability: Tera Shell\n|-resisted|p1a: Terapagos\n|-damage|p1a: Terapagos|86\/100\n|-boost|p2b: Dondozo|def|1\n|move|p1a: Terapagos|Tera Starstorm|p2b: Dondozo\n|-damage|p2b: Dondozo|18\/100\n|\n|-heal|p2b: Dondozo|24\/100|[from] item: Leftovers\n|-heal|p1a: Terapagos|92\/100|[from] item: Leftovers\n|-damage|p1b: Ogerpon|19\/100 psn|[from] psn\n|upkeep\n|turn|7\n|\n|t:|1735776026\n|move|p2b: Dondozo|Protect|p2b: Dondozo\n|-singleturn|p2b: Dondozo|Protect\n|move|p1b: Ogerpon|Horn Leech|p2b: Dondozo\n|-activate|p2b: Dondozo|move: Protect\n|move|p1a: Terapagos|Tera Starstorm|p2b: Dondozo\n|-activate|p2b: Dondozo|move: Protect\n|\n|-heal|p2b: Dondozo|30\/100|[from] item: Leftovers\n|-heal|p1a: Terapagos|98\/100|[from] item: Leftovers\n|-damage|p1b: Ogerpon|7\/100 psn|[from] psn\n|upkeep\n|turn|8\n|\n|t:|1735776036\n|-terastallize|p2b: Dondozo|Grass\n|move|p1b: Ogerpon|Follow Me|p1b: Ogerpon\n|-singleturn|p1b: Ogerpon|move: Follow Me\n|move|p2b: Dondozo|Body Press|p1b: Ogerpon\n|-crit|p1b: Ogerpon\n|-damage|p1b: Ogerpon|0 fnt\n|faint|p1b: Ogerpon\n|move|p1a: Terapagos|Tera Starstorm|p2b: Dondozo\n|-damage|p2b: Dondozo|4\/100\n|\n|-heal|p2b: Dondozo|11\/100|[from] item: Leftovers\n|-heal|p1a: Terapagos|100\/100|[from] item: Leftovers\n|upkeep\n|turn|9\n|\n|t:|1735776046\n|move|p2b: Dondozo|Body Press|p1a: Terapagos\n|-activate|p1a: Terapagos|ability: Tera Shell\n|-resisted|p1a: Terapagos\n|-damage|p1a: Terapagos|74\/100\n|move|p1a: Terapagos|Tera Starstorm|p2b: Dondozo\n|-damage|p2b: Dondozo|0 fnt\n|faint|p2b: Dondozo\n|\n|-heal|p1a: Terapagos|80\/100|[from] item: Leftovers\n|upkeep\n|\n|t:|1735776052\n|switch|p2b: Calyrex|Calyrex-Shadow, L50|53\/100\n|-ability|p2b: Calyrex|As One\n|-ability|p2b: Calyrex|Unnerve\n|turn|10\n|inactive|decay4 has 30 seconds left.\n|\n|t:|1735776078\n|move|p2a: Tatsugiri|Helping Hand|p2b: Calyrex\n|-singleturn|p2b: Calyrex|Helping Hand|[of] p2a: Tatsugiri\n|move|p1a: Terapagos|Protect|p1a: Terapagos\n|-singleturn|p1a: Terapagos|Protect\n|move|p2b: Calyrex|Hyper Beam|p1a: Terapagos\n|-activate|p1a: Terapagos|move: Protect\n|\n|-heal|p1a: Terapagos|86\/100|[from] item: Leftovers\n|upkeep\n|turn|11\n|\n|t:|1735776084\n|move|p2a: Tatsugiri|Helping Hand|p2b: Calyrex\n|-singleturn|p2b: Calyrex|Helping Hand|[of] p2a: Tatsugiri\n|move|p2b: Calyrex|Hyper Beam|p1a: Terapagos\n|-damage|p1a: Terapagos|8\/100\n|-mustrecharge|p2b: Calyrex\n|-damage|p2b: Calyrex|43\/100|[from] item: Life Orb\n|move|p1a: Terapagos|Earth Power|p2b: Calyrex\n|-damage|p2b: Calyrex|0 fnt\n|faint|p2b: Calyrex\n|\n|-heal|p1a: Terapagos|14\/100|[from] item: Leftovers\n|upkeep\n|turn|12\n|\n|t:|1735776100\n|move|p1a: Terapagos|Protect|p1a: Terapagos\n|-singleturn|p1a: Terapagos|Protect\n|move|p2a: Tatsugiri|Draco Meteor|p1a: Terapagos\n|-activate|p1a: Terapagos|move: Protect\n|\n|-heal|p1a: Terapagos|20\/100|[from] item: Leftovers\n|upkeep\n|turn|13\n|\n|t:|1735776107\n|move|p2a: Tatsugiri|Draco Meteor|p1a: Terapagos\n|-damage|p1a: Terapagos|0 fnt\n|-unboost|p2a: Tatsugiri|spa|2\n|faint|p1a: Terapagos\n|\n|win|decay4\n|raw|soap858's rating: 1625 &rarr; <strong>1600<\/strong><br \/>(-25 for losing)\n|raw|decay4's rating: 1528 &rarr; <strong>1553<\/strong><br \/>(+25 for winning)\n|l|\u2606decay4\n|player|p2|\n|l|\u2606soap858\n|player|p1|\n","uploadtime":1735776259,"views":10,"formatid":"gen9vgc2025regg","rating":1553,"private":0,"password":null}