{"id":"gen9vgc2025regg-2273336908","format":"[Gen 9] VGC 2025 Reg G","players":["rawr meow uwu","Jesuuuus"],"log":"|j|\u2606rawr meow uwu\n|j|\u2606Jesuuuus\n|t:|1735767638\n|gametype|doubles\n|player|p1|rawr meow uwu|266|1528\n|player|p2|Jesuuuus|alec-anime|1593\n|teamsize|p1|6\n|teamsize|p2|6\n|gen|9\n|tier|[Gen 9] VGC 2025 Reg G\n|rated|\n|rule|Species Clause: Limit one of each Pok\u00e9mon\n|rule|Item Clause: Limit 1 of each item\n|clearpoke\n|poke|p1|Miraidon, L50|\n|poke|p1|Whimsicott, L50, F|\n|poke|p1|Urshifu-*, L50, F|\n|poke|p1|Ogerpon-Hearthflame, L50, F|\n|poke|p1|Farigiraf, L50, F|\n|poke|p1|Iron Hands, L50|\n|poke|p2|Whimsicott, L50, M|\n|poke|p2|Miraidon, L50|\n|poke|p2|Farigiraf, L50, F|\n|poke|p2|Iron Hands, L50|\n|poke|p2|Ogerpon-Hearthflame, L50, F|\n|poke|p2|Urshifu-*, L50, M|\n|teampreview|4\n|\n|t:|1735767663\n|start\n|switch|p1a: Miraidon|Miraidon, L50|100\/100\n|switch|p1b: Whimsicott|Whimsicott, L50, F|100\/100\n|switch|p2a: Ogerpon|Ogerpon-Hearthflame, L50, F|100\/100\n|switch|p2b: Whimsicott|Whimsicott, L50, M|100\/100\n|-fieldstart|move: Electric Terrain|[from] ability: Hadron Engine|[of] p1a: Miraidon\n|-ability|p2a: Ogerpon|Mold Breaker\n|turn|1\n|\n|t:|1735767680\n|switch|p2b: Miraidon|Miraidon, L50|100\/100\n|-activate|p2b: Miraidon|ability: Hadron Engine\n|move|p2a: Ogerpon|Spiky Shield|p2a: Ogerpon\n|-singleturn|p2a: Ogerpon|move: Protect\n|move|p1b: Whimsicott|Light Screen|p1b: Whimsicott\n|-sidestart|p1: rawr meow uwu|move: Light Screen\n|move|p1a: Miraidon|Draco Meteor|p2a: Ogerpon\n|-activate|p2a: Ogerpon|move: Protect\n|\n|upkeep\n|turn|2\n|\n|t:|1735767702\n|switch|p2a: Whimsicott|Whimsicott, L50, M|100\/100\n|-terastallize|p2b: Miraidon|Fairy\n|move|p1b: Whimsicott|Encore||[still]\n|-fail|p1b: Whimsicott\n|move|p1a: Miraidon|Draco Meteor|p2b: Miraidon\n|-immune|p2b: Miraidon\n|move|p2b: Miraidon|Dazzling Gleam|p1b: Whimsicott|[spread] p1a,p1b\n|-supereffective|p1a: Miraidon\n|-damage|p1a: Miraidon|18\/100\n|-damage|p1b: Whimsicott|48\/100\n|\n|upkeep\n|turn|3\n|\n|t:|1735767715\n|switch|p1a: Ogerpon|Ogerpon-Hearthflame, L50, F|100\/100\n|-ability|p1a: Ogerpon|Mold Breaker\n|move|p1b: Whimsicott|Tailwind|p1b: Whimsicott\n|-sidestart|p1: rawr meow uwu|move: Tailwind\n|move|p2a: Whimsicott|Tailwind|p2a: Whimsicott\n|-sidestart|p2: Jesuuuus|move: Tailwind\n|move|p2b: Miraidon|Dazzling Gleam|p1b: Whimsicott|[spread] p1a,p1b\n|-resisted|p1a: Ogerpon\n|-damage|p1a: Ogerpon|78\/100\n|-damage|p1b: Whimsicott|0 fnt\n|faint|p1b: Whimsicott\n|\n|upkeep\n|\n|t:|1735767725\n|switch|p1b: Iron Hands|Iron Hands, L50|100\/100\n|-activate|p1b: Iron Hands|ability: Quark Drive\n|-start|p1b: Iron Hands|quarkdriveatk\n|turn|4\n|\n|t:|1735767749\n|-terastallize|p1a: Ogerpon|Fire\n|detailschange|p1a: Ogerpon|Ogerpon-Hearthflame-Tera, L50, F, tera:Fire\n|-ability|p1a: Ogerpon|Embody Aspect (Hearthflame)|boost\n|-boost|p1a: Ogerpon|atk|1\n|move|p2b: Miraidon|Dazzling Gleam|p1b: Iron Hands|[spread] p1a,p1b\n|-resisted|p1a: Ogerpon\n|-supereffective|p1b: Iron Hands\n|-damage|p1a: Ogerpon|54\/100\n|-damage|p1b: Iron Hands|57\/100\n|move|p2a: Whimsicott|Moonblast|p1b: Iron Hands\n|-supereffective|p1b: Iron Hands\n|-damage|p1b: Iron Hands|40\/100\n|move|p1a: Ogerpon|Ivy Cudgel|p2b: Miraidon|[anim] Ivy Cudgel Fire\n|-damage|p2b: Miraidon|2\/100\n|move|p1b: Iron Hands|Low Kick|p2b: Miraidon\n|-resisted|p2b: Miraidon\n|-damage|p2b: Miraidon|0 fnt\n|faint|p2b: Miraidon\n|\n|upkeep\n|\n|t:|1735767779\n|switch|p2b: Iron Hands|Iron Hands, L50|100\/100\n|-activate|p2b: Iron Hands|ability: Quark Drive\n|-start|p2b: Iron Hands|quarkdriveatk\n|turn|5\n|\n|t:|1735767787\n|move|p2a: Whimsicott|Light Screen|p2a: Whimsicott\n|-sidestart|p2: Jesuuuus|move: Light Screen\n|move|p1a: Ogerpon|Ivy Cudgel|p2a: Whimsicott|[anim] Ivy Cudgel Fire\n|-supereffective|p2a: Whimsicott\n|-damage|p2a: Whimsicott|0 fnt\n|faint|p2a: Whimsicott\n|move|p2b: Iron Hands|Low Kick|p1b: Iron Hands\n|-damage|p1b: Iron Hands|0 fnt\n|faint|p1b: Iron Hands\n|-end|p1b: Iron Hands|Quark Drive|[silent]\n|-damage|p2b: Iron Hands|91\/100|[from] item: Life Orb\n|\n|-sideend|p1: rawr meow uwu|move: Light Screen\n|-fieldend|move: Electric Terrain\n|-end|p2b: Iron Hands|Quark Drive\n|upkeep\n|\n|t:|1735767796\n|switch|p2a: Ogerpon|Ogerpon-Hearthflame, L50, F|100\/100\n|switch|p1b: Miraidon|Miraidon, L50|18\/100\n|-fieldstart|move: Electric Terrain|[from] ability: Hadron Engine|[of] p1b: Miraidon\n|-activate|p2b: Iron Hands|ability: Quark Drive\n|-start|p2b: Iron Hands|quarkdriveatk\n|-ability|p2a: Ogerpon|Mold Breaker\n|turn|6\n|\n|t:|1735767838\n|move|p2a: Ogerpon|Follow Me|p2a: Ogerpon\n|-singleturn|p2a: Ogerpon|move: Follow Me\n|move|p1b: Miraidon|Electro Drift|p2a: Ogerpon\n|-resisted|p2a: Ogerpon\n|-damage|p2a: Ogerpon|56\/100\n|move|p1a: Ogerpon|Ivy Cudgel|p2a: Ogerpon|[anim] Ivy Cudgel Fire\n|-damage|p2a: Ogerpon|0 fnt\n|faint|p2a: Ogerpon\n|move|p2b: Iron Hands|Drain Punch|p1b: Miraidon\n|-damage|p1b: Miraidon|0 fnt\n|-heal|p2b: Iron Hands|98\/100|[from] drain|[of] p1b: Miraidon\n|faint|p1b: Miraidon\n|-damage|p2b: Iron Hands|88\/100|[from] item: Life Orb\n|\n|-sideend|p2: Jesuuuus|move: Tailwind\n|-sideend|p1: rawr meow uwu|move: Tailwind\n|upkeep\n|turn|7\n|\n|t:|1735767854\n|move|p1a: Ogerpon|Spiky Shield|p1a: Ogerpon\n|-singleturn|p1a: Ogerpon|move: Protect\n|move|p2b: Iron Hands|Drain Punch|p1a: Ogerpon\n|-activate|p1a: Ogerpon|move: Protect\n|-damage|p2b: Iron Hands|76\/100|[from] Spiky Shield|[of] p1a: Ogerpon\n|\n|upkeep\n|turn|8\n|\n|t:|1735767867\n|move|p1a: Ogerpon|Ivy Cudgel|p2b: Iron Hands|[anim] Ivy Cudgel Fire\n|-crit|p2b: Iron Hands\n|-damage|p2b: Iron Hands|0 fnt\n|faint|p2b: Iron Hands\n|-end|p2b: Iron Hands|Quark Drive|[silent]\n|\n|win|rawr meow uwu\n|raw|rawr meow uwu's rating: 1528 &rarr; <strong>1552<\/strong><br \/>(+24 for winning)\n|raw|Jesuuuus's rating: 1593 &rarr; <strong>1569<\/strong><br \/>(-24 for losing)\n|l|\u2606rawr meow uwu\n|player|p1|\n|l|\u2606Jesuuuus\n|player|p2|\n","uploadtime":1735768036,"views":12,"formatid":"gen9vgc2025regg","rating":1552,"private":0,"password":null}