{"id":"gen9vgc2025regg-2273144115","format":"[Gen 9] VGC 2025 Reg G","players":["caZISA","super crist"],"log":"|j|\u2606caZISA\n|j|\u203dsuper crist\n|t:|1735739780\n|gametype|doubles\n|player|p1|caZISA|red|1652\n|player|p2|super crist|102|1639\n|teamsize|p1|6\n|teamsize|p2|6\n|gen|9\n|tier|[Gen 9] VGC 2025 Reg G\n|rated|\n|rule|Species Clause: Limit one of each Pok\u00e9mon\n|rule|Item Clause: Limit 1 of each item\n|clearpoke\n|poke|p1|Calyrex-Ice, L50|\n|poke|p1|Urshifu-*, L50, M|\n|poke|p1|Raging Bolt, L50|\n|poke|p1|Rillaboom, L50, M|\n|poke|p1|Torkoal, L50, M|\n|poke|p1|Smeargle, L50, M|\n|poke|p2|Calyrex-Ice, L50|\n|poke|p2|Iron Valiant, L50|\n|poke|p2|Urshifu-*, L50, F|\n|poke|p2|Pelipper, L50, M|\n|poke|p2|Landorus, L50, M|\n|poke|p2|Amoonguss, L50, M|\n|teampreview|4\n|c|\u2606caZISA|glhf\n|inactive|Battle timer is ON: inactive players will automatically lose when time's up. (requested by caZISA)\n|j| kloplink\n|inactive|super crist has 60 seconds left.\n|\n|t:|1735739834\n|start\n|switch|p1a: Smeargle|Smeargle, L50, M|100\/100\n|switch|p1b: Calyrex|Calyrex-Ice, L50|100\/100\n|switch|p2a: Urshifu|Urshifu-Rapid-Strike, L50, F|100\/100\n|switch|p2b: Iron Valiant|Iron Valiant, L50, shiny|100\/100\n|-ability|p1b: Calyrex|As One\n|-ability|p1b: Calyrex|Unnerve\n|-enditem|p2b: Iron Valiant|Booster Energy\n|-activate|p2b: Iron Valiant|ability: Quark Drive|[fromitem]\n|-start|p2b: Iron Valiant|quarkdrivespe\n|turn|1\n|j| Gnubge\n|j| Obling\n|inactive|caZISA has 30 seconds left.\n|\n|t:|1735739862\n|-terastallize|p2a: Urshifu|Water\n|move|p1a: Smeargle|Fake Out|p2a: Urshifu\n|-damage|p2a: Urshifu|95\/100\n|move|p2b: Iron Valiant|Coaching|p2a: Urshifu\n|-boost|p2a: Urshifu|atk|1\n|-boost|p2a: Urshifu|def|1\n|cant|p2a: Urshifu|flinch\n|move|p1b: Calyrex|Trick Room|p1b: Calyrex\n|-fieldstart|move: Trick Room|[of] p1b: Calyrex\n|\n|-ability|p1a: Smeargle|Moody|boost\n|-boost|p1a: Smeargle|spa|2\n|-unboost|p1a: Smeargle|atk|1\n|upkeep\n|turn|2\n|l| Obling\n|j| drew timme\n|inactive|super crist has 30 seconds left.\n|\n|t:|1735739892\n|switch|p1b: Rillaboom|Rillaboom, L50, M|100\/100\n|-fieldstart|move: Grassy Terrain|[from] ability: Grassy Surge|[of] p1b: Rillaboom\n|move|p2b: Iron Valiant|Wide Guard|p2b: Iron Valiant\n|-singleturn|p2b: Iron Valiant|Wide Guard\n|move|p1a: Smeargle|Spore|p2a: Urshifu\n|-status|p2a: Urshifu|slp|[from] move: Spore\n|cant|p2a: Urshifu|slp\n|\n|-heal|p2a: Urshifu|100\/100 slp|[from] Grassy Terrain\n|-ability|p1a: Smeargle|Moody|boost\n|-boost|p1a: Smeargle|spd|2\n|-unboost|p1a: Smeargle|spe|1\n|upkeep\n|turn|3\n|inactive|super crist has 30 seconds left.\n|\n|t:|1735739918\n|switch|p2a: Calyrex|Calyrex-Ice, L50|100\/100\n|-ability|p2a: Calyrex|As One\n|-ability|p2a: Calyrex|Unnerve\n|move|p1a: Smeargle|Spore|p2b: Iron Valiant\n|-status|p2b: Iron Valiant|slp|[from] move: Spore\n|move|p1b: Rillaboom|Wood Hammer|p2a: Calyrex\n|-damage|p2a: Calyrex|52\/100\n|-damage|p1b: Rillaboom|84\/100|[from] Recoil\n|cant|p2b: Iron Valiant|slp\n|\n|-heal|p2a: Calyrex|58\/100|[from] Grassy Terrain\n|-heal|p1b: Rillaboom|90\/100|[from] Grassy Terrain\n|-ability|p1a: Smeargle|Moody|boost\n|-boost|p1a: Smeargle|def|2\n|-unboost|p1a: Smeargle|spe|1\n|upkeep\n|turn|4\n|\n|t:|1735739936\n|move|p2a: Calyrex|Protect|p2a: Calyrex\n|-singleturn|p2a: Calyrex|Protect\n|move|p1a: Smeargle|Wide Guard|p1a: Smeargle\n|-singleturn|p1a: Smeargle|Wide Guard\n|move|p1b: Rillaboom|U-turn|p2a: Calyrex\n|-activate|p2a: Calyrex|move: Protect\n|-curestatus|p2b: Iron Valiant|slp|[msg]\n|move|p2b: Iron Valiant|Coaching|p2a: Calyrex\n|-boost|p2a: Calyrex|atk|1\n|-boost|p2a: Calyrex|def|1\n|\n|-heal|p2a: Calyrex|64\/100|[from] Grassy Terrain\n|-heal|p1b: Rillaboom|96\/100|[from] Grassy Terrain\n|-ability|p1a: Smeargle|Moody|boost\n|-boost|p1a: Smeargle|def|2\n|-unboost|p1a: Smeargle|spe|1\n|upkeep\n|turn|5\n|\n|t:|1735739955\n|switch|p1b: Calyrex|Calyrex-Ice, L50|100\/100\n|-ability|p1b: Calyrex|As One\n|-ability|p1b: Calyrex|Unnerve\n|-terastallize|p1a: Smeargle|Grass\n|move|p2a: Calyrex|High Horsepower|p1a: Smeargle\n|-resisted|p1a: Smeargle\n|-damage|p1a: Smeargle|82\/100\n|move|p1a: Smeargle|Spore|p2b: Iron Valiant\n|-status|p2b: Iron Valiant|slp|[from] move: Spore\n|cant|p2b: Iron Valiant|slp\n|\n|-heal|p2a: Calyrex|70\/100|[from] Grassy Terrain\n|-heal|p1a: Smeargle|88\/100|[from] Grassy Terrain\n|-fieldend|move: Trick Room\n|-ability|p1a: Smeargle|Moody|boost\n|-boost|p1a: Smeargle|def|2\n|-unboost|p1a: Smeargle|atk|1\n|upkeep\n|turn|6\n|inactive|caZISA has 30 seconds left.\n|\n|t:|1735739980\n|cant|p2b: Iron Valiant|slp\n|move|p1a: Smeargle|Spore|p2a: Calyrex\n|-status|p2a: Calyrex|slp|[from] move: Spore\n|cant|p2a: Calyrex|slp\n|move|p1b: Calyrex|Glacial Lance|p2b: Iron Valiant|[spread] p2a,p2b\n|-resisted|p2a: Calyrex\n|-damage|p2a: Calyrex|57\/100 slp\n|-damage|p2b: Iron Valiant|42\/100 slp\n|\n|-heal|p2b: Iron Valiant|47\/100 slp|[from] Grassy Terrain\n|-heal|p1a: Smeargle|94\/100|[from] Grassy Terrain\n|-heal|p2a: Calyrex|63\/100 slp|[from] Grassy Terrain\n|-fieldend|move: Grassy Terrain\n|-ability|p1a: Smeargle|Moody|boost\n|-boost|p1a: Smeargle|spa|2\n|-unboost|p1a: Smeargle|def|1\n|upkeep\n|turn|7\n|\n|t:|1735739998\n|-curestatus|p2b: Iron Valiant|slp|[msg]\n|move|p2b: Iron Valiant|Wide Guard|p2b: Iron Valiant\n|-singleturn|p2b: Iron Valiant|Wide Guard\n|move|p1a: Smeargle|Wide Guard|p1a: Smeargle\n|-singleturn|p1a: Smeargle|Wide Guard\n|cant|p2a: Calyrex|slp\n|move|p1b: Calyrex|Trick Room|p1b: Calyrex\n|-fieldstart|move: Trick Room|[of] p1b: Calyrex\n|\n|-ability|p1a: Smeargle|Moody|boost\n|-boost|p1a: Smeargle|atk|2\n|-unboost|p1a: Smeargle|spd|1\n|upkeep\n|turn|8\n|inactive|super crist has 30 seconds left.\n|\n|t:|1735740031\n|move|p1a: Smeargle|Wide Guard|p1a: Smeargle\n|-singleturn|p1a: Smeargle|Wide Guard\n|move|p2b: Iron Valiant|Wide Guard|p2b: Iron Valiant\n|-singleturn|p2b: Iron Valiant|Wide Guard\n|move|p1b: Calyrex|High Horsepower|p2b: Iron Valiant\n|-damage|p2b: Iron Valiant|6\/100\n|-curestatus|p2a: Calyrex|slp|[msg]\n|move|p2a: Calyrex|Glacial Lance|p1a: Smeargle|[spread] \n|-activate|p1a: Smeargle|move: Wide Guard\n|-activate|p1b: Calyrex|move: Wide Guard\n|\n|-ability|p1a: Smeargle|Moody|boost\n|-boost|p1a: Smeargle|atk|2\n|-unboost|p1a: Smeargle|spd|1\n|upkeep\n|turn|9\n|\n|t:|1735740051\n|-end|p2b: Iron Valiant|Quark Drive|[silent]\n|switch|p2b: Pelipper|Pelipper, L50, M, shiny|100\/100\n|-weather|RainDance|[from] ability: Drizzle|[of] p2b: Pelipper\n|move|p1a: Smeargle|Wide Guard|p1a: Smeargle\n|-singleturn|p1a: Smeargle|Wide Guard\n|move|p1b: Calyrex|High Horsepower|p2b: Pelipper\n|-immune|p2b: Pelipper\n|move|p2a: Calyrex|Glacial Lance|p1a: Smeargle|[spread] \n|-activate|p1a: Smeargle|move: Wide Guard\n|-activate|p1b: Calyrex|move: Wide Guard\n|\n|-weather|RainDance|[upkeep]\n|-ability|p1a: Smeargle|Moody|boost\n|-boost|p1a: Smeargle|spe|2\n|-unboost|p1a: Smeargle|spa|1\n|upkeep\n|turn|10\n|inactive|super crist has 30 seconds left.\n|inactive|super crist has 20 seconds left.\n|inactive|super crist has 15 seconds left.\n|inactive|super crist has 10 seconds left.\n|\n|t:|1735740100\n|switch|p1a: Torkoal|Torkoal, L50, M|100\/100\n|-weather|SunnyDay|[from] ability: Drought|[of] p1a: Torkoal\n|move|p2b: Pelipper|Wide Guard|p2b: Pelipper\n|-singleturn|p2b: Pelipper|Wide Guard\n|move|p1b: Calyrex|Glacial Lance|p2a: Calyrex|[spread] \n|-activate|p2a: Calyrex|move: Wide Guard\n|-activate|p2b: Pelipper|move: Wide Guard\n|move|p2a: Calyrex|Glacial Lance|p1b: Calyrex|[spread] p1a,p1b\n|-resisted|p1a: Torkoal\n|-resisted|p1b: Calyrex\n|-damage|p1a: Torkoal|69\/100\n|-damage|p1b: Calyrex|74\/100\n|\n|-weather|SunnyDay|[upkeep]\n|upkeep\n|turn|11\n|\n|t:|1735740121\n|switch|p1b: Rillaboom|Rillaboom, L50, M|96\/100\n|-fieldstart|move: Grassy Terrain|[from] ability: Grassy Surge|[of] p1b: Rillaboom\n|switch|p2b: Iron Valiant|Iron Valiant, L50, shiny|6\/100\n|move|p2a: Calyrex|Protect|p2a: Calyrex\n|-singleturn|p2a: Calyrex|Protect\n|move|p1a: Torkoal|Flamethrower|p2a: Calyrex\n|-activate|p2a: Calyrex|move: Protect\n|\n|-weather|SunnyDay|[upkeep]\n|-heal|p1a: Torkoal|75\/100|[from] Grassy Terrain\n|-heal|p2a: Calyrex|69\/100|[from] Grassy Terrain\n|-heal|p1b: Rillaboom|100\/100|[from] Grassy Terrain\n|-heal|p2b: Iron Valiant|11\/100|[from] Grassy Terrain\n|-fieldend|move: Trick Room\n|upkeep\n|turn|12\n|inactive|super crist has 30 seconds left.\n|\n|t:|1735740153\n|switch|p2a: Pelipper|Pelipper, L50, M, shiny|100\/100\n|-weather|RainDance|[from] ability: Drizzle|[of] p2a: Pelipper\n|move|p2b: Iron Valiant|Spirit Break|p1a: Torkoal\n|-resisted|p1a: Torkoal\n|-crit|p1a: Torkoal\n|-damage|p1a: Torkoal|55\/100\n|-unboost|p1a: Torkoal|spa|1\n|move|p1b: Rillaboom|U-turn|p2a: Pelipper\n|-resisted|p2a: Pelipper\n|-damage|p2a: Pelipper|89\/100\n|\n|t:|1735740164\n|switch|p1b: Calyrex|Calyrex-Ice, L50|74\/100|[from] U-turn\n|-ability|p1b: Calyrex|As One\n|-ability|p1b: Calyrex|Unnerve\n|move|p1a: Torkoal|Heat Wave|p2a: Pelipper|[spread] p2a,p2b\n|-resisted|p2a: Pelipper\n|-damage|p2a: Pelipper|80\/100\n|-damage|p2b: Iron Valiant|0 fnt\n|faint|p2b: Iron Valiant\n|-end|p2b: Iron Valiant|Quark Drive|[silent]\n|\n|-weather|RainDance|[upkeep]\n|-heal|p1b: Calyrex|80\/100|[from] Grassy Terrain\n|-heal|p1a: Torkoal|61\/100|[from] Grassy Terrain\n|upkeep\n|\n|t:|1735740174\n|switch|p2b: Urshifu|Urshifu-Rapid-Strike, L50, F, tera:Water|100\/100 slp\n|turn|13\n|\n|t:|1735740179\n|switch|p1a: Rillaboom|Rillaboom, L50, M|100\/100\n|-curestatus|p2b: Urshifu|slp|[msg]\n|move|p2b: Urshifu|Surging Strikes|p1b: Calyrex\n|-crit|p1b: Calyrex\n|-damage|p1b: Calyrex|54\/100\n|-crit|p1b: Calyrex\n|-damage|p1b: Calyrex|25\/100\n|-crit|p1b: Calyrex\n|-damage|p1b: Calyrex|0 fnt\n|faint|p1b: Calyrex\n|-hitcount|p1: Calyrex|3\n|move|p2a: Pelipper|Hurricane|p1a: Rillaboom\n|-supereffective|p1a: Rillaboom\n|-damage|p1a: Rillaboom|0 fnt\n|faint|p1a: Rillaboom\n|-damage|p2a: Pelipper|71\/100|[from] item: Life Orb\n|\n|-weather|RainDance|[upkeep]\n|upkeep\n|\n|t:|1735740186\n|switch|p1a: Smeargle|Smeargle, L50, M, tera:Grass|94\/100\n|switch|p1b: Torkoal|Torkoal, L50, M|61\/100\n|-weather|SunnyDay|[from] ability: Drought|[of] p1b: Torkoal\n|turn|14\n|j| jasonrfry2\n|inactive|super crist has 30 seconds left.\n|inactive|super crist has 20 seconds left.\n|inactive|super crist has 15 seconds left.\n|\n|t:|1735740227\n|move|p2b: Urshifu|Protect|p2b: Urshifu\n|-singleturn|p2b: Urshifu|Protect\n|move|p1a: Smeargle|Fake Out|p2b: Urshifu\n|-activate|p2b: Urshifu|move: Protect\n|move|p2a: Pelipper|Weather Ball|p1a: Smeargle\n|-supereffective|p1a: Smeargle\n|-damage|p1a: Smeargle|0 fnt\n|faint|p1a: Smeargle\n|-damage|p2a: Pelipper|61\/100|[from] item: Life Orb\n|move|p1b: Torkoal|Heat Wave|p2b: Urshifu|[spread] p2a\n|-activate|p2b: Urshifu|move: Protect\n|-resisted|p2a: Pelipper\n|-damage|p2a: Pelipper|20\/100\n|\n|-weather|SunnyDay|[upkeep]\n|-heal|p1b: Torkoal|68\/100|[from] Grassy Terrain\n|upkeep\n|turn|15\n|-message|caZISA forfeited.\n|\n|win|super crist\n|raw|caZISA's rating: 1652 &rarr; <strong>1631<\/strong><br \/>(-21 for losing)\n|raw|super crist's rating: 1639 &rarr; <strong>1660<\/strong><br \/>(+21 for winning)\n|l|\u2606caZISA\n|player|p1|\n|l| jasonrfry2\n|l| kloplink\n","uploadtime":1735740443,"views":381,"formatid":"gen9vgc2025regg","rating":1631,"private":0,"password":null}