{"id":"gen9vgc2025regg-2273376469","format":"[Gen 9] VGC 2025 Reg G","players":["Elvegis1","RomanTogepi"],"log":"|j|\u2606Elvegis1\n|j|\u2606RomanTogepi\n|t:|1735772608\n|gametype|doubles\n|player|p1|Elvegis1|lucas|1554\n|player|p2|RomanTogepi|169|1579\n|teamsize|p1|6\n|teamsize|p2|6\n|gen|9\n|tier|[Gen 9] VGC 2025 Reg G\n|rated|\n|rule|Species Clause: Limit one of each Pok\u00e9mon\n|rule|Item Clause: Limit 1 of each item\n|clearpoke\n|poke|p1|Kyogre, L50|\n|poke|p1|Incineroar, L50, F|\n|poke|p1|Urshifu-*, L50, F|\n|poke|p1|Amoonguss, L50, M|\n|poke|p1|Raging Bolt, L50|\n|poke|p1|Grimmsnarl, L50, M|\n|poke|p2|Scream Tail, L50|\n|poke|p2|Terapagos, L50, M|\n|poke|p2|Incineroar, L50, M|\n|poke|p2|Rillaboom, L50, M|\n|poke|p2|Grimmsnarl, L50, M|\n|poke|p2|Ogerpon-Wellspring, L50, F|\n|teampreview|4\n|inactive|Battle timer is ON: inactive players will automatically lose when time's up. (requested by Elvegis1)\n|inactive|RomanTogepi has 60 seconds left.\n|\n|t:|1735772647\n|start\n|switch|p1a: Grimmsnarl|Grimmsnarl, L50, M|100\/100\n|switch|p1b: Incineroar|Incineroar, L50, F|100\/100\n|switch|p2a: PAWN|Grimmsnarl, L50, M, shiny|100\/100\n|switch|p2b: KING|Terapagos, L50, M|100\/100\n|-activate|p2b: KING|ability: Tera Shift\n|detailschange|p2b: KING|Terapagos-Terastal, L50, M\n|-heal|p2b: KING|100\/100|[silent]\n|-ability|p1b: Incineroar|Intimidate|boost\n|-unboost|p2a: PAWN|atk|1\n|-unboost|p2b: KING|atk|1\n|turn|1\n|\n|t:|1735772662\n|switch|p2a: ROOK|Rillaboom, L50, M|100\/100\n|-fieldstart|move: Grassy Terrain|[from] ability: Grassy Surge|[of] p2a: ROOK\n|move|p2b: KING|Protect|p2b: KING\n|-singleturn|p2b: KING|Protect\n|move|p1b: Incineroar|Knock Off|p2b: KING\n|-activate|p2b: KING|move: Protect\n|move|p1a: Grimmsnarl|Spirit Break|p2b: KING\n|-activate|p2b: KING|move: Protect\n|\n|upkeep\n|turn|2\n|\n|t:|1735772674\n|move|p2a: ROOK|Fake Out|p1b: Incineroar\n|-crit|p1b: Incineroar\n|-damage|p1b: Incineroar|82\/100\n|move|p2b: KING|Calm Mind|p2b: KING\n|-boost|p2b: KING|spa|1\n|-boost|p2b: KING|spd|1\n|cant|p1b: Incineroar|flinch\n|move|p1a: Grimmsnarl|Spirit Break|p2b: KING\n|-activate|p2b: KING|ability: Tera Shell\n|-resisted|p2b: KING\n|-damage|p2b: KING|88\/100\n|-unboost|p2b: KING|spa|1\n|\n|-heal|p2b: KING|94\/100|[from] Grassy Terrain\n|-heal|p2b: KING|99\/100|[from] item: Leftovers\n|-heal|p1b: Incineroar|88\/100|[from] Grassy Terrain\n|upkeep\n|turn|3\n|\n|t:|1735772696\n|move|p1a: Grimmsnarl|Thunder Wave|p2b: KING\n|-status|p2b: KING|par\n|move|p2a: ROOK|Wood Hammer|p1a: Grimmsnarl\n|-damage|p1a: Grimmsnarl|24\/100\n|-damage|p2a: ROOK|74\/100|[from] Recoil\n|move|p1b: Incineroar|Parting Shot|p2a: ROOK\n|-unboost|p2a: ROOK|atk|1\n|-unboost|p2a: ROOK|spa|1\n|\n|t:|1735772707\n|switch|p1b: Urshifu|Urshifu-Rapid-Strike, L50, F|100\/100|[from] Parting Shot\n|move|p2b: KING|Tera Starstorm|p1a: Grimmsnarl\n|-damage|p1a: Grimmsnarl|0 fnt\n|faint|p1a: Grimmsnarl\n|\n|-heal|p2a: ROOK|81\/100|[from] Grassy Terrain\n|-heal|p2b: KING|100\/100 par|[from] Grassy Terrain\n|upkeep\n|\n|t:|1735772713\n|switch|p1a: Incineroar|Incineroar, L50, F|88\/100\n|-ability|p1a: Incineroar|Intimidate|boost\n|-unboost|p2a: ROOK|atk|1\n|-unboost|p2b: KING|atk|1\n|turn|4\n|\n|t:|1735772732\n|switch|p2a: QUEEN|Ogerpon-Wellspring, L50, F|100\/100\n|switch|p2b: PAWN|Grimmsnarl, L50, M, shiny|100\/100\n|-terastallize|p1b: Urshifu|Water\n|move|p1a: Incineroar|Fake Out|p2a: QUEEN\n|-damage|p2a: QUEEN|87\/100\n|move|p1b: Urshifu|Surging Strikes|p2b: PAWN\n|-crit|p2b: PAWN\n|-damage|p2b: PAWN|73\/100\n|-crit|p2b: PAWN\n|-damage|p2b: PAWN|47\/100\n|-crit|p2b: PAWN\n|-damage|p2b: PAWN|18\/100\n|-hitcount|p2b: PAWN|3\n|\n|-heal|p2a: QUEEN|93\/100|[from] Grassy Terrain\n|-heal|p1a: Incineroar|94\/100|[from] Grassy Terrain\n|-heal|p2b: PAWN|24\/100|[from] Grassy Terrain\n|upkeep\n|turn|5\n|j| Pokuchu3\n|\n|t:|1735772751\n|switch|p1b: Kyogre|Kyogre, L50|100\/100\n|-weather|RainDance|[from] ability: Drizzle|[of] p1b: Kyogre\n|move|p2b: PAWN|Thunder Wave|p1b: Kyogre\n|-status|p1b: Kyogre|par\n|move|p2a: QUEEN|Ivy Cudgel|p1a: Incineroar|[anim] Ivy Cudgel Water\n|-supereffective|p1a: Incineroar\n|-damage|p1a: Incineroar|0 fnt\n|faint|p1a: Incineroar\n|\n|-weather|RainDance|[upkeep]\n|-heal|p2a: QUEEN|99\/100|[from] Grassy Terrain\n|-heal|p2b: PAWN|30\/100|[from] Grassy Terrain\n|-fieldend|move: Grassy Terrain\n|upkeep\n|\n|t:|1735772761\n|switch|p1a: Urshifu|Urshifu-Rapid-Strike, L50, F, tera:Water|100\/100\n|turn|6\n|\n|t:|1735772777\n|move|p2a: QUEEN|Spiky Shield|p2a: QUEEN\n|-singleturn|p2a: QUEEN|move: Protect\n|move|p2b: PAWN|Thunder Wave|p1a: Urshifu\n|-status|p1a: Urshifu|par\n|move|p1a: Urshifu|Surging Strikes|p2b: PAWN\n|-crit|p2b: PAWN\n|-damage|p2b: PAWN|0 fnt\n|faint|p2b: PAWN\n|-hitcount|p2: PAWN|1\n|move|p1b: Kyogre|Thunder|p2a: QUEEN\n|-activate|p2a: QUEEN|move: Protect\n|\n|-weather|RainDance|[upkeep]\n|upkeep\n|\n|t:|1735772783\n|switch|p2b: KING|Terapagos-Terastal, L50, M|100\/100 par\n|turn|7\n|\n|t:|1735772792\n|-terastallize|p2b: KING|Stellar\n|detailschange|p2b: KING|Terapagos-Stellar, L50, M, tera:Stellar\n|-heal|p2b: KING|100\/100 par|[silent]\n|-ability|p2b: KING|Teraform Zero\n|-weather|none\n|move|p2a: QUEEN|Horn Leech|p1b: Kyogre\n|-supereffective|p1b: Kyogre\n|-damage|p1b: Kyogre|25\/100 par\n|-heal|p2a: QUEEN|100\/100|[from] drain|[of] p1b: Kyogre\n|move|p1a: Urshifu|Surging Strikes|p2b: KING\n|-crit|p2b: KING\n|-damage|p2b: KING|81\/100 par\n|-crit|p2b: KING\n|-damage|p2b: KING|61\/100 par\n|-crit|p2b: KING\n|-damage|p2b: KING|43\/100 par\n|-hitcount|p2b: KING|3\n|move|p1b: Kyogre|Thunder|p2a: QUEEN\n|-damage|p2a: QUEEN|54\/100\n|move|p2b: KING|Tera Starstorm|p1b: Kyogre|[spread] p1a,p1b\n|-supereffective|p1a: Urshifu\n|-damage|p1a: Urshifu|0 fnt\n|-damage|p1b: Kyogre|9\/100 par\n|faint|p1a: Urshifu\n|\n|-heal|p2b: KING|49\/100 par|[from] item: Leftovers\n|upkeep\n|turn|8\n|-message|Elvegis1 forfeited.\n|\n|win|RomanTogepi\n|raw|Elvegis1's rating: 1554 &rarr; <strong>1535<\/strong><br \/>(-19 for losing)\n|raw|RomanTogepi's rating: 1579 &rarr; <strong>1598<\/strong><br \/>(+19 for winning)\n|l|\u2606Elvegis1\n|player|p1|\n|l|\u2606RomanTogepi\n|player|p2|\n|j|\u2606RomanTogepi\n|player|p2|RomanTogepi|169|\n|l| Pokuchu3\n|l|\u2606RomanTogepi\n|player|p2|\n","uploadtime":1735773054,"views":267,"formatid":"gen9vgc2025regg","rating":1535,"private":0,"password":null}