{"id":"gen9vgc2025regg-2273722188","format":"[Gen 9] VGC 2025 Reg G","players":["BigSalta","FleurCannon56"],"log":"|j|\u2606BigSalta\n|j|\u2606FleurCannon56\n|t:|1735831355\n|gametype|doubles\n|player|p1|BigSalta|cynthia|1559\n|player|p2|FleurCannon56|lisia|1582\n|teamsize|p1|6\n|teamsize|p2|6\n|gen|9\n|tier|[Gen 9] VGC 2025 Reg G\n|rated|\n|rule|Species Clause: Limit one of each Pok\u00e9mon\n|rule|Item Clause: Limit 1 of each item\n|clearpoke\n|poke|p1|Incineroar, L50, M|\n|poke|p1|Urshifu-*, L50, M|\n|poke|p1|Kyogre, L50|\n|poke|p1|Rillaboom, L50, F|\n|poke|p1|Roaring Moon, L50|\n|poke|p1|Amoonguss, L50, M|\n|poke|p2|Koraidon, L50|\n|poke|p2|Chi-Yu, L50|\n|poke|p2|Flutter Mane, L50|\n|poke|p2|Jumpluff, L50, M|\n|poke|p2|Umbreon, L50, M|\n|poke|p2|Orthworm, L50, F|\n|teampreview|4\n|j| holydoritos\n|\n|t:|1735831403\n|start\n|switch|p1a: Incineroar|Incineroar, L50, M|100\/100\n|switch|p1b: Kyogre|Kyogre, L50|100\/100\n|switch|p2a: Koraidon|Koraidon, L50|100\/100\n|switch|p2b: Jumpluff|Jumpluff, L50, M|100\/100\n|-weather|SunnyDay|[from] ability: Orichalcum Pulse|[of] p2a: Koraidon\n|-activate|p2a: Koraidon|Orichalcum Pulse|[source]\n|-weather|RainDance|[from] ability: Drizzle|[of] p1b: Kyogre\n|-ability|p1a: Incineroar|Intimidate|boost\n|-unboost|p2a: Koraidon|atk|1\n|-unboost|p2b: Jumpluff|atk|1\n|turn|1\n|\n|t:|1735831429\n|-terastallize|p1a: Incineroar|Ghost\n|move|p2a: Koraidon|Collision Course|p1b: Kyogre\n|-damage|p1b: Kyogre|54\/100\n|move|p2b: Jumpluff|Sleep Powder|p1b: Kyogre\n|-status|p1b: Kyogre|slp|[from] move: Sleep Powder\n|cant|p1b: Kyogre|slp\n|move|p1a: Incineroar|Will-O-Wisp|p2a: Koraidon\n|-status|p2a: Koraidon|brn\n|\n|-weather|RainDance|[upkeep]\n|-heal|p1b: Kyogre|60\/100 slp|[from] item: Leftovers\n|-damage|p2a: Koraidon|95\/100 brn|[from] brn\n|upkeep\n|turn|2\n|j| futonkagebunshin\n|\n|t:|1735831454\n|switch|p2a: Chi-Yu|Chi-Yu, L50|100\/100\n|-ability|p2a: Chi-Yu|Beads of Ruin\n|switch|p2b: Flutter Mane|Flutter Mane, L50|100\/100\n|-curestatus|p1b: Kyogre|slp|[msg]\n|move|p1b: Kyogre|Calm Mind|p1b: Kyogre\n|-boost|p1b: Kyogre|spa|1\n|-boost|p1b: Kyogre|spd|1\n|move|p1a: Incineroar|Parting Shot|p2a: Chi-Yu\n|-unboost|p2a: Chi-Yu|atk|1\n|-unboost|p2a: Chi-Yu|spa|1\n|\n|t:|1735831476\n|switch|p1a: Urshifu|Urshifu-Rapid-Strike, L50, M|100\/100|[from] Parting Shot\n|\n|-weather|RainDance|[upkeep]\n|-heal|p1b: Kyogre|66\/100|[from] item: Leftovers\n|upkeep\n|turn|3\n|inactive|Battle timer is ON: inactive players will automatically lose when time's up. (requested by FleurCannon56)\n|\n|t:|1735831512\n|switch|p2a: Koraidon|Koraidon, L50|95\/100 brn\n|-weather|SunnyDay|[from] ability: Orichalcum Pulse|[of] p2a: Koraidon\n|-activate|p2b: Flutter Mane|ability: Protosynthesis\n|-start|p2b: Flutter Mane|protosynthesisspe\n|-activate|p2a: Koraidon|Orichalcum Pulse|[source]\n|switch|p1a: Incineroar|Incineroar, L50, M, tera:Ghost|100\/100\n|-ability|p1a: Incineroar|Intimidate|boost\n|-unboost|p2a: Koraidon|atk|1\n|-unboost|p2b: Flutter Mane|atk|1\n|move|p2b: Flutter Mane|Dazzling Gleam|p1b: Kyogre|[spread] p1a,p1b\n|-damage|p1a: Incineroar|58\/100\n|-damage|p1b: Kyogre|45\/100\n|move|p1b: Kyogre|Ice Beam|p2a: Koraidon\n|-supereffective|p2a: Koraidon\n|-damage|p2a: Koraidon|0 fnt\n|faint|p2a: Koraidon\n|\n|-weather|SunnyDay|[upkeep]\n|-heal|p1b: Kyogre|51\/100|[from] item: Leftovers\n|upkeep\n|\n|t:|1735831522\n|switch|p2a: Chi-Yu|Chi-Yu, L50|100\/100\n|-ability|p2a: Chi-Yu|Beads of Ruin\n|turn|4\n|\n|t:|1735831541\n|switch|p1b: Roaring Moon|Roaring Moon, L50|100\/100\n|-activate|p1b: Roaring Moon|ability: Protosynthesis\n|-start|p1b: Roaring Moon|protosynthesisspe\n|-terastallize|p2a: Chi-Yu|Ghost\n|move|p2b: Flutter Mane|Dazzling Gleam|p1b: Roaring Moon|[spread] p1a,p1b\n|-supereffective|p1b: Roaring Moon\n|-damage|p1a: Incineroar|9\/100\n|-damage|p1b: Roaring Moon|0 fnt\n|faint|p1b: Roaring Moon\n|-end|p1b: Roaring Moon|Protosynthesis|[silent]\n|move|p2a: Chi-Yu|Dark Pulse|p1a: Incineroar\n|-supereffective|p1a: Incineroar\n|-damage|p1a: Incineroar|0 fnt\n|faint|p1a: Incineroar\n|\n|-weather|SunnyDay|[upkeep]\n|upkeep\n|\n|t:|1735831544\n|switch|p1b: Urshifu|Urshifu-Rapid-Strike, L50, M|100\/100\n|switch|p1a: Kyogre|Kyogre, L50|51\/100\n|-weather|RainDance|[from] ability: Drizzle|[of] p1a: Kyogre\n|-end|p2b: Flutter Mane|Protosynthesis\n|turn|5\n|inactive|BigSalta has 30 seconds left.\n|inactive|BigSalta has 20 seconds left.\n|\n|t:|1735831582\n|-end|p2b: Flutter Mane|Protosynthesis|[silent]\n|switch|p2b: Jumpluff|Jumpluff, L50, M|100\/100\n|move|p2a: Chi-Yu|Dark Pulse|p1a: Kyogre\n|-crit|p1a: Kyogre\n|-damage|p1a: Kyogre|0 fnt\n|faint|p1a: Kyogre\n|move|p1b: Urshifu|Surging Strikes|p2b: Jumpluff\n|-resisted|p2b: Jumpluff\n|-crit|p2b: Jumpluff\n|-damage|p2b: Jumpluff|78\/100\n|-resisted|p2b: Jumpluff\n|-crit|p2b: Jumpluff\n|-damage|p2b: Jumpluff|52\/100\n|-resisted|p2b: Jumpluff\n|-crit|p2b: Jumpluff\n|-damage|p2b: Jumpluff|29\/100\n|-hitcount|p2b: Jumpluff|3\n|\n|-weather|RainDance|[upkeep]\n|upkeep\n|turn|6\n|\n|t:|1735831604\n|move|p2a: Chi-Yu|Dark Pulse|p1b: Urshifu\n|-resisted|p1b: Urshifu\n|-damage|p1b: Urshifu|63\/100\n|cant|p1b: Urshifu|flinch\n|move|p2b: Jumpluff|Tailwind|p2b: Jumpluff\n|-sidestart|p2: FleurCannon56|move: Tailwind\n|\n|-weather|RainDance|[upkeep]\n|upkeep\n|turn|7\n|-message|BigSalta forfeited.\n|\n|win|FleurCannon56\n|raw|BigSalta's rating: 1559 &rarr; <strong>1542<\/strong><br \/>(-17 for losing)\n|raw|FleurCannon56's rating: 1606 &rarr; <strong>1623<\/strong><br \/>(+17 for winning)\n|l|\u2606BigSalta\n|player|p1|\n|l|\u2606FleurCannon56\n|player|p2|\n|l| holydoritos\n","uploadtime":1735831881,"views":266,"formatid":"gen9vgc2025regg","rating":1542,"private":0,"password":null}