{"id":"gen9vgc2025regg-2273980281","format":"[Gen 9] VGC 2025 Reg G","players":["RustyChair13","decay4"],"log":"|j|\u2606RustyChair13\n|j|\u2606decay4\n|t:|1735861987\n|gametype|doubles\n|player|p1|RustyChair13|scientist-gen4|1565\n|player|p2|decay4|clair|1570\n|teamsize|p1|6\n|teamsize|p2|6\n|gen|9\n|tier|[Gen 9] VGC 2025 Reg G\n|rated|\n|rule|Species Clause: Limit one of each Pok\u00e9mon\n|rule|Item Clause: Limit 1 of each item\n|clearpoke\n|poke|p1|Zamazenta-*, L50|\n|poke|p1|Urshifu-*, L50, M|\n|poke|p1|Tornadus, L50, M|\n|poke|p1|Ditto, L50|\n|poke|p1|Chien-Pao, L50|\n|poke|p1|Flutter Mane, L50|\n|poke|p2|Calyrex-Shadow, L50|\n|poke|p2|Dondozo, L50, F|\n|poke|p2|Weezing-Galar, L50, F|\n|poke|p2|Tatsugiri-Droopy, L50, M|\n|poke|p2|Roaring Moon, L50|\n|poke|p2|Ogerpon-Cornerstone, L50, F|\n|teampreview|4\n|inactive|Battle timer is ON: inactive players will automatically lose when time's up. (requested by RustyChair13)\n|\n|t:|1735861999\n|start\n|switch|p1a: Tornadus|Tornadus, L50, M|100\/100\n|switch|p1b: Zamazenta|Zamazenta-Crowned, L50, shiny|100\/100\n|switch|p2a: Calyrex|Calyrex-Shadow, L50|100\/100\n|switch|p2b: Weezing|Weezing-Galar, L50, F|100\/100\n|-ability|p2a: Calyrex|As One\n|-ability|p2a: Calyrex|Unnerve\n|-ability|p2b: Weezing|Neutralizing Gas\n|turn|1\n|\n|t:|1735862018\n|-terastallize|p2b: Weezing|Dark\n|move|p1b: Zamazenta|Wide Guard|p1b: Zamazenta\n|-singleturn|p1b: Zamazenta|Wide Guard\n|move|p2a: Calyrex|Astral Barrage|p1a: Tornadus|[spread] \n|-activate|p1a: Tornadus|move: Wide Guard\n|-activate|p1b: Zamazenta|move: Wide Guard\n|move|p1a: Tornadus|Tailwind|p1a: Tornadus\n|-sidestart|p1: RustyChair13|move: Tailwind\n|move|p2b: Weezing|Toxic Spikes|p1a: Tornadus\n|-sidestart|p1: RustyChair13|move: Toxic Spikes\n|\n|upkeep\n|turn|2\n|\n|t:|1735862032\n|move|p1b: Zamazenta|Body Press|p2b: Weezing\n|-supereffective|p2b: Weezing\n|-damage|p2b: Weezing|20\/100\n|move|p1a: Tornadus|Rain Dance|p1a: Tornadus\n|-weather|RainDance\n|move|p2a: Calyrex|Psychic|p1b: Zamazenta\n|-damage|p1b: Zamazenta|45\/100\n|-unboost|p1b: Zamazenta|spd|1\n|-damage|p2a: Calyrex|91\/100|[from] item: Life Orb\n|move|p2b: Weezing|Toxic Spikes|p1a: Tornadus\n|-sidestart|p1: RustyChair13|move: Toxic Spikes\n|\n|-weather|RainDance|[upkeep]\n|upkeep\n|turn|3\n|\n|t:|1735862051\n|move|p1b: Zamazenta|Heavy Slam|p2a: Calyrex\n|-damage|p2a: Calyrex|31\/100\n|move|p1a: Tornadus|Bleakwind Storm|p2b: Weezing|[spread] p2a,p2b\n|-damage|p2a: Calyrex|0 fnt\n|-damage|p2b: Weezing|0 fnt\n|faint|p2a: Calyrex\n|faint|p2b: Weezing\n|-end|p2b: Weezing|ability: Neutralizing Gas\n|-ability|p1b: Zamazenta|Dauntless Shield|boost\n|-boost|p1b: Zamazenta|def|1\n|\n|-weather|RainDance|[upkeep]\n|upkeep\n|\n|t:|1735862058\n|switch|p2a: Dondozo|Dondozo, L50, F, shiny|100\/100\n|switch|p2b: Tatsugiri|Tatsugiri-Droopy, L50, M|100\/100\n|-activate|p2b: Tatsugiri|ability: Commander|[of] p2a: Dondozo\n|-boost|p2a: Dondozo|atk|2\n|-boost|p2a: Dondozo|spa|2\n|-boost|p2a: Dondozo|spe|2\n|-boost|p2a: Dondozo|def|2\n|-boost|p2a: Dondozo|spd|2\n|turn|4\n|\n|t:|1735862068\n|move|p2a: Dondozo|Protect|p2a: Dondozo\n|-singleturn|p2a: Dondozo|Protect\n|move|p1a: Tornadus|Taunt|p2a: Dondozo\n|-activate|p2a: Dondozo|move: Protect\n|move|p1b: Zamazenta|Body Press|p2a: Dondozo\n|-activate|p2a: Dondozo|move: Protect\n|\n|-weather|RainDance|[upkeep]\n|-sideend|p1: RustyChair13|move: Tailwind\n|upkeep\n|turn|5\n|\n|t:|1735862076\n|move|p1a: Tornadus|Tailwind|p1a: Tornadus\n|-sidestart|p1: RustyChair13|move: Tailwind\n|move|p1b: Zamazenta|Body Press|p2a: Dondozo\n|-damage|p2a: Dondozo|86\/100\n|move|p2a: Dondozo|Order Up|p1a: Tornadus\n|-damage|p1a: Tornadus|56\/100\n|-boost|p2a: Dondozo|def|1\n|\n|-weather|RainDance|[upkeep]\n|-heal|p2a: Dondozo|92\/100|[from] item: Leftovers\n|upkeep\n|turn|6\n|\n|t:|1735862094\n|move|p1a: Tornadus|Taunt|p2a: Dondozo\n|-start|p2a: Dondozo|move: Taunt\n|move|p1b: Zamazenta|Body Press|p2a: Dondozo\n|-crit|p2a: Dondozo\n|-damage|p2a: Dondozo|53\/100\n|move|p2a: Dondozo|Order Up|p1a: Tornadus\n|-damage|p1a: Tornadus|10\/100\n|-boost|p2a: Dondozo|def|1\n|\n|-weather|none\n|-heal|p2a: Dondozo|59\/100|[from] item: Leftovers\n|upkeep\n|turn|7\n|\n|t:|1735862104\n|move|p1a: Tornadus|Rain Dance|p1a: Tornadus\n|-weather|RainDance\n|move|p1b: Zamazenta|Body Press|p2a: Dondozo\n|-damage|p2a: Dondozo|50\/100\n|move|p2a: Dondozo|Order Up|p1a: Tornadus\n|-damage|p1a: Tornadus|0 fnt\n|faint|p1a: Tornadus\n|-boost|p2a: Dondozo|def|1\n|\n|-weather|RainDance|[upkeep]\n|-heal|p2a: Dondozo|56\/100|[from] item: Leftovers\n|upkeep\n|\n|t:|1735862107\n|switch|p1a: Urshifu|Urshifu-Rapid-Strike, L50, M|100\/100\n|-status|p1a: Urshifu|tox\n|turn|8\n|\n|t:|1735862112\n|switch|p1b: Chien-Pao|Chien-Pao, L50|100\/100\n|-status|p1b: Chien-Pao|tox\n|-ability|p1b: Chien-Pao|Sword of Ruin\n|-terastallize|p1a: Urshifu|Water\n|move|p1a: Urshifu|Surging Strikes|p2a: Dondozo\n|-resisted|p2a: Dondozo\n|-crit|p2a: Dondozo\n|-damage|p2a: Dondozo|35\/100\n|-resisted|p2a: Dondozo\n|-crit|p2a: Dondozo\n|-damage|p2a: Dondozo|16\/100\n|-resisted|p2a: Dondozo\n|-crit|p2a: Dondozo\n|-damage|p2a: Dondozo|0 fnt\n|faint|p2a: Dondozo\n|-hitcount|p2: Dondozo|3\n|\n|-weather|RainDance|[upkeep]\n|-damage|p1b: Chien-Pao|95\/100 tox|[from] psn\n|-damage|p1a: Urshifu|94\/100 tox|[from] psn\n|-sideend|p1: RustyChair13|move: Tailwind\n|upkeep\n|turn|9\n|-message|decay4 forfeited.\n|\n|win|RustyChair13\n|raw|RustyChair13's rating: 1565 &rarr; <strong>1585<\/strong><br \/>(+20 for winning)\n|raw|decay4's rating: 1570 &rarr; <strong>1550<\/strong><br \/>(-20 for losing)\n|l|\u2606decay4\n|player|p2|\n|l|\u2606RustyChair13\n|player|p1|\n","uploadtime":1735862394,"views":266,"formatid":"gen9vgc2025regg","rating":1550,"private":0,"password":null}