{"id":"gen9vgc2025regg-2273993825","format":"[Gen 9] VGC 2025 Reg G","players":["decay4","bobhammer36"],"log":"|j|\u2606decay4\n|j|\u2606bobhammer36\n|t:|1735863720\n|gametype|doubles\n|player|p1|decay4|clair|1559\n|player|p2|bobhammer36|169|1506\n|teamsize|p1|6\n|teamsize|p2|6\n|gen|9\n|tier|[Gen 9] VGC 2025 Reg G\n|rated|\n|rule|Species Clause: Limit one of each Pok\u00e9mon\n|rule|Item Clause: Limit 1 of each item\n|clearpoke\n|poke|p1|Calyrex-Shadow, L50|\n|poke|p1|Dondozo, L50, F|\n|poke|p1|Weezing-Galar, L50, M|\n|poke|p1|Tatsugiri-Droopy, L50, F|\n|poke|p1|Roaring Moon, L50|\n|poke|p1|Ogerpon-Cornerstone, L50, F|\n|poke|p2|Kyogre, L50|\n|poke|p2|Wo-Chien, L50|\n|poke|p2|Grimmsnarl, L50, M|\n|poke|p2|Incineroar, L50, M|\n|poke|p2|Farigiraf, L50, M|\n|poke|p2|Ursaluna-Bloodmoon, L50, M|\n|teampreview|4\n|inactive|Battle timer is ON: inactive players will automatically lose when time's up. (requested by decay4)\n|\n|t:|1735863753\n|start\n|switch|p1a: Calyrex|Calyrex-Shadow, L50|100\/100\n|switch|p1b: Weezing|Weezing-Galar, L50, M|100\/100\n|switch|p2a: Ursaluna|Ursaluna-Bloodmoon, L50, M|100\/100\n|switch|p2b: Grimmsnarl|Grimmsnarl, L50, M|100\/100\n|-ability|p1a: Calyrex|As One\n|-ability|p1a: Calyrex|Unnerve\n|-ability|p1b: Weezing|Neutralizing Gas\n|turn|1\n|\n|t:|1735863773\n|-terastallize|p1a: Calyrex|Normal\n|move|p1a: Calyrex|Hyper Beam|p2a: Ursaluna\n|-crit|p2a: Ursaluna\n|-damage|p2a: Ursaluna|0 fnt\n|-mustrecharge|p1a: Calyrex\n|faint|p2a: Ursaluna\n|-ability|p1a: Calyrex|Grim Neigh|boost\n|-boost|p1a: Calyrex|spa|1\n|-damage|p1a: Calyrex|91\/100|[from] item: Life Orb\n|move|p1b: Weezing|Toxic Spikes|p2b: Grimmsnarl\n|-sidestart|p2: bobhammer36|move: Toxic Spikes\n|move|p2b: Grimmsnarl|Light Screen|p2b: Grimmsnarl\n|-sidestart|p2: bobhammer36|move: Light Screen\n|\n|upkeep\n|\n|t:|1735863789\n|switch|p2a: Kyogre|Kyogre, L50|100\/100\n|-status|p2a: Kyogre|psn\n|turn|2\n|\n|t:|1735863811\n|cant|p1a: Calyrex|recharge\n|move|p2a: Kyogre|Water Spout|p1a: Calyrex|[spread] p1a,p1b\n|-crit|p1b: Weezing\n|-damage|p1a: Calyrex|21\/100\n|-damage|p1b: Weezing|0 fnt\n|faint|p1b: Weezing\n|-end|p1b: Weezing|ability: Neutralizing Gas\n|-weather|RainDance|[from] ability: Drizzle|[of] p2a: Kyogre\n|move|p2b: Grimmsnarl|Spirit Break|p1a: Calyrex\n|-damage|p1a: Calyrex|0 fnt\n|faint|p1a: Calyrex\n|\n|-weather|RainDance|[upkeep]\n|-damage|p2a: Kyogre|88\/100 psn|[from] psn\n|upkeep\n|\n|t:|1735863815\n|switch|p1a: Dondozo|Dondozo, L50, F, shiny|100\/100\n|switch|p1b: Tatsugiri|Tatsugiri-Droopy, L50, F|100\/100\n|-activate|p1b: Tatsugiri|ability: Commander|[of] p1a: Dondozo\n|-boost|p1a: Dondozo|atk|2\n|-boost|p1a: Dondozo|spa|2\n|-boost|p1a: Dondozo|spe|2\n|-boost|p1a: Dondozo|def|2\n|-boost|p1a: Dondozo|spd|2\n|turn|3\n|\n|t:|1735863827\n|move|p1a: Dondozo|Protect|p1a: Dondozo\n|-singleturn|p1a: Dondozo|Protect\n|move|p2b: Grimmsnarl|Reflect|p2b: Grimmsnarl\n|-sidestart|p2: bobhammer36|Reflect\n|move|p2a: Kyogre|Thunder|p1a: Dondozo\n|-activate|p1a: Dondozo|move: Protect\n|\n|-weather|RainDance|[upkeep]\n|-damage|p2a: Kyogre|76\/100 psn|[from] psn\n|upkeep\n|turn|4\n|\n|t:|1735863839\n|move|p2b: Grimmsnarl|Parting Shot|p1a: Dondozo\n|-unboost|p1a: Dondozo|atk|1\n|-unboost|p1a: Dondozo|spa|1\n|\n|t:|1735863843\n|switch|p2b: Wo-Chien|Wo-Chien, L50|100\/100|[from] Parting Shot\n|-status|p2b: Wo-Chien|psn\n|-ability|p2b: Wo-Chien|Tablets of Ruin\n|move|p1a: Dondozo|Order Up|p2a: Kyogre\n|-damage|p2a: Kyogre|63\/100 psn\n|-boost|p1a: Dondozo|def|1\n|move|p2a: Kyogre|Thunder|p1a: Dondozo\n|-supereffective|p1a: Dondozo\n|-damage|p1a: Dondozo|56\/100\n|-status|p1a: Dondozo|par\n|\n|-weather|RainDance|[upkeep]\n|-heal|p1a: Dondozo|62\/100 par|[from] item: Leftovers\n|-damage|p2b: Wo-Chien|88\/100 psn|[from] psn\n|-damage|p2a: Kyogre|51\/100 psn|[from] psn\n|upkeep\n|turn|5\n|j| Mrlittenman\n|\n|t:|1735863860\n|move|p1a: Dondozo|Protect|p1a: Dondozo\n|-singleturn|p1a: Dondozo|Protect\n|move|p2b: Wo-Chien|Pollen Puff|p2a: Kyogre\n|-heal|p2a: Kyogre|100\/100 psn\n|move|p2a: Kyogre|Thunder|p1a: Dondozo\n|-activate|p1a: Dondozo|move: Protect\n|\n|-weather|RainDance|[upkeep]\n|-heal|p2b: Wo-Chien|94\/100 psn|[from] item: Leftovers\n|-heal|p1a: Dondozo|69\/100 par|[from] item: Leftovers\n|-damage|p2b: Wo-Chien|82\/100 psn|[from] psn\n|-damage|p2a: Kyogre|88\/100 psn|[from] psn\n|upkeep\n|turn|6\n|\n|t:|1735863868\n|move|p2b: Wo-Chien|Leech Seed|p1a: Dondozo\n|-start|p1a: Dondozo|move: Leech Seed\n|move|p2a: Kyogre|Thunder|p1a: Dondozo\n|-supereffective|p1a: Dondozo\n|-damage|p1a: Dondozo|27\/100 par\n|move|p1a: Dondozo|Body Press|p2b: Wo-Chien\n|-supereffective|p2b: Wo-Chien\n|-damage|p2b: Wo-Chien|30\/100 psn\n|\n|-weather|none\n|-heal|p2b: Wo-Chien|36\/100 psn|[from] item: Leftovers\n|-heal|p1a: Dondozo|33\/100 par|[from] item: Leftovers\n|-damage|p1a: Dondozo|21\/100 par|[from] Leech Seed|[of] p2b: Wo-Chien\n|-heal|p2b: Wo-Chien|51\/100 psn|[silent]\n|-damage|p2b: Wo-Chien|39\/100 psn|[from] psn\n|-damage|p2a: Kyogre|76\/100 psn|[from] psn\n|upkeep\n|turn|7\n|-message|decay4 forfeited.\n|\n|win|bobhammer36\n|raw|decay4's rating: 1559 &rarr; <strong>1536<\/strong><br \/>(-23 for losing)\n|raw|bobhammer36's rating: 1506 &rarr; <strong>1529<\/strong><br \/>(+23 for winning)\n|l|\u2606decay4\n|player|p1|\n|l|\u2606bobhammer36\n|player|p2|\n|l| Mrlittenman\n","uploadtime":1735864091,"views":7,"formatid":"gen9vgc2025regg","rating":1529,"private":0,"password":null}