{"id":"gen9vgc2025regg-2273698160","format":"[Gen 9] VGC 2025 Reg G","players":["mtshushushushu","Growth_my_word"],"log":"|j|\u2606mtshushushushu\n|j|\u2606Growth_my_word\n|t:|1735828054\n|gametype|doubles\n|player|p1|mtshushushushu|101|1518\n|player|p2|Growth_my_word|lady-gen4|1657\n|teamsize|p1|6\n|teamsize|p2|6\n|gen|9\n|tier|[Gen 9] VGC 2025 Reg G\n|rated|\n|rule|Species Clause: Limit one of each Pok\u00e9mon\n|rule|Item Clause: Limit 1 of each item\n|clearpoke\n|poke|p1|Zamazenta-*, L50|\n|poke|p1|Tornadus, L50, M|\n|poke|p1|Flutter Mane, L50|\n|poke|p1|Urshifu-*, L50, F|\n|poke|p1|Ogerpon-Hearthflame, L50, F|\n|poke|p1|Rillaboom, L50, M|\n|poke|p2|Miraidon, L50|\n|poke|p2|Dragonite, L50, F|\n|poke|p2|Dondozo, L50, F|\n|poke|p2|Tatsugiri, L50, M|\n|poke|p2|Gholdengo, L50|\n|poke|p2|Chi-Yu, L50|\n|teampreview|4\n|\n|t:|1735828081\n|start\n|switch|p1a: Flutter Mane|Flutter Mane, L50|100\/100\n|switch|p1b: Tornadus|Tornadus, L50, M|100\/100\n|switch|p2a: Miraidon|Miraidon, L50|100\/100\n|switch|p2b: Dondozo|Dondozo, L50, F|100\/100\n|-fieldstart|move: Electric Terrain|[from] ability: Hadron Engine|[of] p2a: Miraidon\n|turn|1\n|\n|t:|1735828124\n|switch|p2a: Tatsugiri|Tatsugiri, L50, M|100\/100\n|-activate|p2a: Tatsugiri|ability: Commander|[of] p2b: Dondozo\n|-boost|p2b: Dondozo|atk|2\n|-boost|p2b: Dondozo|spa|2\n|-boost|p2b: Dondozo|spe|2\n|-boost|p2b: Dondozo|def|2\n|-boost|p2b: Dondozo|spd|2\n|move|p1b: Tornadus|Sunny Day|p1b: Tornadus\n|-weather|SunnyDay\n|-activate|p1a: Flutter Mane|ability: Protosynthesis\n|-start|p1a: Flutter Mane|protosynthesisspe\n|move|p1a: Flutter Mane|Dazzling Gleam|p2a: Tatsugiri|[spread] p2b\n|-miss|p1a: Flutter Mane|p2a: Tatsugiri\n|-damage|p2b: Dondozo|77\/100\n|move|p2b: Dondozo|Wave Crash|p1a: Flutter Mane\n|-damage|p1a: Flutter Mane|0 fnt\n|faint|p1a: Flutter Mane\n|-end|p1a: Flutter Mane|Protosynthesis|[silent]\n|-damage|p2b: Dondozo|58\/100|[from] Recoil\n|\n|-weather|SunnyDay|[upkeep]\n|-heal|p2b: Dondozo|65\/100|[from] item: Leftovers\n|upkeep\n|\n|t:|1735828145\n|switch|p1a: Urshifu|Urshifu, L50, F|100\/100\n|turn|2\n|\n|t:|1735828160\n|-terastallize|p1a: Urshifu|Dark\n|move|p1b: Tornadus|Tailwind|p1b: Tornadus\n|-sidestart|p1: mtshushushushu|move: Tailwind\n|move|p1a: Urshifu|Wicked Blow|p2b: Dondozo\n|-crit|p2b: Dondozo\n|-damage|p2b: Dondozo|3\/100\n|move|p2b: Dondozo|Wave Crash|p1a: Urshifu\n|-damage|p1a: Urshifu|59\/100\n|-damage|p2b: Dondozo|0 fnt|[from] Recoil\n|faint|p2b: Dondozo\n|\n|-weather|SunnyDay|[upkeep]\n|upkeep\n|\n|t:|1735828171\n|switch|p2b: Miraidon|Miraidon, L50|100\/100\n|-activate|p2b: Miraidon|ability: Hadron Engine\n|turn|3\n|\n|t:|1735828182\n|switch|p1b: Rillaboom|Rillaboom, L50, M|100\/100\n|-fieldstart|move: Grassy Terrain|[from] ability: Grassy Surge|[of] p1b: Rillaboom\n|-terastallize|p2b: Miraidon|Fairy\n|move|p1a: Urshifu|Protect|p1a: Urshifu\n|-singleturn|p1a: Urshifu|Protect\n|move|p2a: Tatsugiri|Draco Meteor|p1b: Rillaboom\n|-damage|p1b: Rillaboom|58\/100\n|-unboost|p2a: Tatsugiri|spa|2\n|move|p2b: Miraidon|Dazzling Gleam|p1b: Rillaboom|[spread] p1b\n|-activate|p1a: Urshifu|move: Protect\n|-damage|p1b: Rillaboom|34\/100\n|\n|-weather|SunnyDay|[upkeep]\n|-heal|p1a: Urshifu|65\/100|[from] Grassy Terrain\n|-heal|p1b: Rillaboom|40\/100|[from] Grassy Terrain\n|upkeep\n|turn|4\n|\n|t:|1735828210\n|switch|p2b: Chi-Yu|Chi-Yu, L50|100\/100\n|-ability|p2b: Chi-Yu|Beads of Ruin\n|move|p1b: Rillaboom|Fake Out|p2b: Chi-Yu\n|-damage|p2b: Chi-Yu|77\/100\n|move|p1a: Urshifu|Wicked Blow|p2b: Chi-Yu\n|-resisted|p2b: Chi-Yu\n|-crit|p2b: Chi-Yu\n|-damage|p2b: Chi-Yu|8\/100\n|move|p2a: Tatsugiri|Draco Meteor|p1a: Urshifu\n|-damage|p1a: Urshifu|18\/100\n|-unboost|p2a: Tatsugiri|spa|2\n|\n|-weather|SunnyDay|[upkeep]\n|-heal|p1a: Urshifu|24\/100|[from] Grassy Terrain\n|-heal|p1b: Rillaboom|46\/100|[from] Grassy Terrain\n|-heal|p2b: Chi-Yu|14\/100|[from] Grassy Terrain\n|upkeep\n|turn|5\n|\n|t:|1735828242\n|switch|p2b: Miraidon|Miraidon, L50, tera:Fairy|100\/100\n|-fieldstart|move: Electric Terrain|[from] ability: Hadron Engine|[of] p2b: Miraidon\n|move|p1a: Urshifu|Wicked Blow|p2a: Tatsugiri\n|-crit|p2a: Tatsugiri\n|-damage|p2a: Tatsugiri|0 fnt\n|faint|p2a: Tatsugiri\n|move|p1b: Rillaboom|Grassy Glide|p2b: Miraidon\n|-damage|p2b: Miraidon|73\/100\n|\n|-weather|none\n|-sideend|p1: mtshushushushu|move: Tailwind\n|upkeep\n|\n|t:|1735828252\n|switch|p2a: Chi-Yu|Chi-Yu, L50|14\/100\n|-ability|p2a: Chi-Yu|Beads of Ruin\n|turn|6\n|\n|t:|1735828274\n|switch|p1b: Tornadus|Tornadus, L50, M|100\/100\n|move|p2a: Chi-Yu|Protect|p2a: Chi-Yu\n|-singleturn|p2a: Chi-Yu|Protect\n|move|p1a: Urshifu|Sucker Punch||[still]\n|-fail|p1a: Urshifu\n|move|p2b: Miraidon|Dazzling Gleam|p1a: Urshifu|[spread] p1a,p1b\n|-supereffective|p1a: Urshifu\n|-damage|p1a: Urshifu|0 fnt\n|-damage|p1b: Tornadus|36\/100\n|faint|p1a: Urshifu\n|\n|upkeep\n|\n|t:|1735828284\n|switch|p1a: Rillaboom|Rillaboom, L50, M|46\/100\n|-fieldstart|move: Grassy Terrain|[from] ability: Grassy Surge|[of] p1a: Rillaboom\n|turn|7\n|\n|t:|1735828294\n|move|p1b: Tornadus|Tailwind|p1b: Tornadus\n|-sidestart|p1: mtshushushushu|move: Tailwind\n|move|p1a: Rillaboom|U-turn|p2a: Chi-Yu\n|-damage|p2a: Chi-Yu|0 fnt\n|faint|p2a: Chi-Yu\n|move|p2b: Miraidon|Draco Meteor|p1a: Rillaboom|[miss]\n|-miss|p2b: Miraidon|p1a: Rillaboom\n|\n|-heal|p1a: Rillaboom|52\/100|[from] Grassy Terrain\n|-heal|p2b: Miraidon|79\/100|[from] Grassy Terrain\n|upkeep\n|turn|8\n|\n|t:|1735828309\n|move|p1b: Tornadus|Bleakwind Storm|p2b: Miraidon\n|-damage|p2b: Miraidon|54\/100\n|-unboost|p2b: Miraidon|spe|1\n|move|p1a: Rillaboom|Wood Hammer|p2b: Miraidon\n|-damage|p2b: Miraidon|0 fnt\n|faint|p2b: Miraidon\n|-damage|p1a: Rillaboom|35\/100|[from] Recoil\n|\n|win|mtshushushushu\n|raw|mtshushushushu's rating: 1518 &rarr; <strong>1546<\/strong><br \/>(+28 for winning)\n|raw|Growth_my_word's rating: 1657 &rarr; <strong>1629<\/strong><br \/>(-28 for losing)\n|l|\u2606Growth_my_word\n|player|p2|\n","uploadtime":1735828538,"views":56,"formatid":"gen9vgc2025regg","rating":1546,"private":0,"password":null}