{"id":"gen9vgc2025regg-2273195902","format":"[Gen 9] VGC 2025 Reg G","players":["Growth_my_word","Yung Trav"],"log":"|j|\u2606Growth_my_word\n|j|\u203dYung Trav\n|t:|1735748413\n|gametype|doubles\n|player|p1|Growth_my_word|lady-gen4|1631\n|player|p2|Yung Trav|265|1610\n|teamsize|p1|6\n|teamsize|p2|6\n|gen|9\n|tier|[Gen 9] VGC 2025 Reg G\n|rated|\n|rule|Species Clause: Limit one of each Pok\u00e9mon\n|rule|Item Clause: Limit 1 of each item\n|clearpoke\n|poke|p1|Miraidon, L50|\n|poke|p1|Dragonite, L50, F|\n|poke|p1|Dondozo, L50, F|\n|poke|p1|Tatsugiri, L50, F|\n|poke|p1|Gholdengo, L50|\n|poke|p1|Chi-Yu, L50|\n|poke|p2|Calyrex-Ice, L50|\n|poke|p2|Torkoal, L50, M|\n|poke|p2|Smeargle, L50, M|\n|poke|p2|Farigiraf, L50, M|\n|poke|p2|Iron Valiant, L50|\n|poke|p2|Ogerpon-Cornerstone, L50, F|\n|teampreview|4\n|\n|t:|1735748438\n|start\n|switch|p1a: Miraidon|Miraidon, L50|100\/100\n|switch|p1b: Chi-Yu|Chi-Yu, L50|100\/100\n|switch|p2a: Calyrex|Calyrex-Ice, L50|100\/100\n|switch|p2b: Smeargle|Smeargle, L50, M, shiny|100\/100\n|-ability|p2a: Calyrex|As One\n|-ability|p2a: Calyrex|Unnerve\n|-fieldstart|move: Electric Terrain|[from] ability: Hadron Engine|[of] p1a: Miraidon\n|-ability|p1b: Chi-Yu|Beads of Ruin\n|turn|1\n|\n|t:|1735748468\n|-terastallize|p1a: Miraidon|Fairy\n|-terastallize|p2a: Calyrex|Fire\n|move|p2b: Smeargle|Fake Out|p1a: Miraidon\n|-damage|p1a: Miraidon|96\/100\n|cant|p1a: Miraidon|flinch\n|move|p1b: Chi-Yu|Dark Pulse|p2a: Calyrex\n|-damage|p2a: Calyrex|53\/100\n|move|p2a: Calyrex|Trick Room|p2a: Calyrex\n|-fieldstart|move: Trick Room|[of] p2a: Calyrex\n|\n|upkeep\n|turn|2\n|\n|t:|1735748486\n|move|p1b: Chi-Yu|Protect|p1b: Chi-Yu\n|-singleturn|p1b: Chi-Yu|Protect\n|move|p2b: Smeargle|Decorate|p2a: Calyrex\n|-boost|p2a: Calyrex|atk|2\n|-boost|p2a: Calyrex|spa|2\n|move|p2a: Calyrex|Glacial Lance|p1a: Miraidon|[spread] p1a\n|-activate|p1b: Chi-Yu|move: Protect\n|-damage|p1a: Miraidon|0 fnt\n|faint|p1a: Miraidon\n|-ability|p2a: Calyrex|Chilling Neigh|boost\n|-boost|p2a: Calyrex|atk|1\n|\n|upkeep\n|\n|t:|1735748497\n|switch|p1a: Dondozo|Dondozo, L50, F|100\/100\n|turn|3\n|\n|t:|1735748514\n|switch|p2b: Torkoal|Torkoal, L50, M, shiny|100\/100\n|-weather|SunnyDay|[from] ability: Drought|[of] p2b: Torkoal\n|switch|p1b: Tatsugiri|Tatsugiri, L50, F|100\/100\n|-activate|p1b: Tatsugiri|ability: Commander|[of] p1a: Dondozo\n|-boost|p1a: Dondozo|atk|2\n|-boost|p1a: Dondozo|spa|2\n|-boost|p1a: Dondozo|spe|2\n|-boost|p1a: Dondozo|def|2\n|-boost|p1a: Dondozo|spd|2\n|move|p2a: Calyrex|Glacial Lance|p1b: Tatsugiri|[spread] p1a\n|-miss|p2a: Calyrex|p1b: Tatsugiri\n|-resisted|p1a: Dondozo\n|-damage|p1a: Dondozo|90\/100\n|move|p1a: Dondozo|Earthquake|p2b: Torkoal|[spread] p2a,p2b\n|-miss|p1a: Dondozo|p1b: Tatsugiri\n|-supereffective|p2a: Calyrex\n|-crit|p2a: Calyrex\n|-supereffective|p2b: Torkoal\n|-damage|p2a: Calyrex|0 fnt\n|-damage|p2b: Torkoal|29\/100\n|faint|p2a: Calyrex\n|\n|-weather|SunnyDay|[upkeep]\n|-heal|p1a: Dondozo|96\/100|[from] item: Leftovers\n|upkeep\n|j| paraxylene\n|\n|t:|1735748540\n|switch|p2a: Smeargle|Smeargle, L50, M, shiny|100\/100\n|turn|4\n|\n|t:|1735748556\n|move|p2a: Smeargle|Fake Out|p1a: Dondozo\n|-crit|p1a: Dondozo\n|-damage|p1a: Dondozo|91\/100\n|move|p2b: Torkoal|Clear Smog|p1a: Dondozo\n|-damage|p1a: Dondozo|83\/100\n|-clearboost|p1a: Dondozo\n|cant|p1a: Dondozo|flinch\n|\n|-weather|SunnyDay|[upkeep]\n|-heal|p1a: Dondozo|89\/100|[from] item: Leftovers\n|upkeep\n|turn|5\n|\n|t:|1735748581\n|move|p2b: Torkoal|Weather Ball|p1a: Dondozo\n|-resisted|p1a: Dondozo\n|-damage|p1a: Dondozo|50\/100\n|move|p2a: Smeargle|Decorate|p2b: Torkoal\n|-boost|p2b: Torkoal|atk|2\n|-boost|p2b: Torkoal|spa|2\n|move|p1a: Dondozo|Wave Crash|p2b: Torkoal\n|-supereffective|p2b: Torkoal\n|-damage|p2b: Torkoal|0 fnt\n|faint|p2b: Torkoal\n|-damage|p1a: Dondozo|43\/100|[from] Recoil\n|\n|-weather|SunnyDay|[upkeep]\n|-heal|p1a: Dondozo|49\/100|[from] item: Leftovers\n|-fieldend|move: Trick Room\n|-fieldend|move: Electric Terrain\n|upkeep\n|\n|t:|1735748597\n|switch|p2b: Ogerpon|Ogerpon-Cornerstone, L50, F|100\/100\n|turn|6\n|\n|t:|1735748610\n|move|p2b: Ogerpon|Power Whip|p1a: Dondozo\n|-supereffective|p1a: Dondozo\n|-crit|p1a: Dondozo\n|-damage|p1a: Dondozo|0 fnt\n|faint|p1a: Dondozo\n|move|p2a: Smeargle|Spore|p1b: Tatsugiri\n|-status|p1b: Tatsugiri|slp|[from] move: Spore\n|\n|-weather|SunnyDay|[upkeep]\n|upkeep\n|\n|t:|1735748618\n|switch|p1a: Chi-Yu|Chi-Yu, L50|100\/100\n|-ability|p1a: Chi-Yu|Beads of Ruin\n|turn|7\n|\n|t:|1735748630\n|cant|p1b: Tatsugiri|slp\n|move|p1b: Tatsugiri|Sleep Talk|p1b: Tatsugiri\n|move|p1b: Tatsugiri|Draco Meteor|p2a: Smeargle|[from]move: Sleep Talk\n|-enditem|p2a: Smeargle|Focus Sash\n|-damage|p2a: Smeargle|1\/100\n|-unboost|p1b: Tatsugiri|spa|2\n|move|p2b: Ogerpon|Power Whip|p1b: Tatsugiri\n|-damage|p1b: Tatsugiri|0 fnt\n|faint|p1b: Tatsugiri\n|move|p1a: Chi-Yu|Heat Wave|p2a: Smeargle|[spread] p2a,p2b\n|-damage|p2a: Smeargle|0 fnt\n|-ability|p2b: Ogerpon|Sturdy\n|-damage|p2b: Ogerpon|1\/100\n|faint|p2a: Smeargle\n|\n|-weather|none\n|upkeep\n|turn|8\n|\n|t:|1735748651\n|move|p2b: Ogerpon|Ivy Cudgel|p1a: Chi-Yu|[anim] Ivy Cudgel Rock\n|-supereffective|p1a: Chi-Yu\n|-enditem|p1a: Chi-Yu|Focus Sash\n|-damage|p1a: Chi-Yu|1\/100\n|move|p1a: Chi-Yu|Dark Pulse|p2b: Ogerpon\n|-damage|p2b: Ogerpon|0 fnt\n|faint|p2b: Ogerpon\n|\n|win|Growth_my_word\n|raw|Growth_my_word's rating: 1631 &rarr; <strong>1650<\/strong><br \/>(+19 for winning)\n|raw|Yung Trav's rating: 1610 &rarr; <strong>1591<\/strong><br \/>(-19 for losing)\n|l|\u2606Growth_my_word\n|player|p1|\n|l| paraxylene\n|l|\u203dYung Trav\n|player|p2|\n","uploadtime":1735748889,"views":54,"formatid":"gen9vgc2025regg","rating":1591,"private":0,"password":null}