{"id":"gen9vgc2025regg-2273697898","format":"[Gen 9] VGC 2025 Reg G","players":["sadesign","BigSalta"],"log":"|j|\u2606sadesign\n|j|\u2606BigSalta\n|t:|1735828018\n|gametype|doubles\n|player|p1|sadesign|102|1572\n|player|p2|BigSalta|cynthia|1566\n|teamsize|p1|6\n|teamsize|p2|6\n|gen|9\n|tier|[Gen 9] VGC 2025 Reg G\n|rated|\n|rule|Species Clause: Limit one of each Pok\u00e9mon\n|rule|Item Clause: Limit 1 of each item\n|clearpoke\n|poke|p1|Calyrex-Ice, L50|\n|poke|p1|Smeargle, L50, M|\n|poke|p1|Sinistcha, L50|\n|poke|p1|Incineroar, L50, M|\n|poke|p1|Rillaboom, L50, F|\n|poke|p1|Urshifu-*, L50, F|\n|poke|p2|Incineroar, L50, F|\n|poke|p2|Urshifu-*, L50, M|\n|poke|p2|Kyogre, L50|\n|poke|p2|Rillaboom, L50, F|\n|poke|p2|Roaring Moon, L50|\n|poke|p2|Amoonguss, L50, F|\n|teampreview|4\n|j| mathwanderman243\n|inactive|Battle timer is ON: inactive players will automatically lose when time's up. (requested by sadesign)\n|\n|t:|1735828042\n|start\n|switch|p1a: Calyrex|Calyrex-Ice, L50|100\/100\n|switch|p1b: Smeargle|Smeargle, L50, M|100\/100\n|switch|p2a: Urshifu|Urshifu-Rapid-Strike, L50, M|100\/100\n|switch|p2b: Kyogre|Kyogre, L50|100\/100\n|-ability|p1a: Calyrex|As One\n|-ability|p1a: Calyrex|Unnerve\n|-weather|RainDance|[from] ability: Drizzle|[of] p2b: Kyogre\n|turn|1\n|\n|t:|1735828061\n|move|p2b: Kyogre|Protect|p2b: Kyogre\n|-singleturn|p2b: Kyogre|Protect\n|move|p2a: Urshifu|U-turn|p1a: Calyrex\n|-supereffective|p1a: Calyrex\n|-damage|p1a: Calyrex|74\/100\n|l| mathwanderman243\n|\n|t:|1735828067\n|switch|p2a: Incineroar|Incineroar, L50, F|100\/100|[from] U-turn\n|-ability|p2a: Incineroar|Intimidate|boost\n|-unboost|p1a: Calyrex|atk|1\n|-unboost|p1b: Smeargle|atk|1\n|move|p1b: Smeargle|Decorate|p1a: Calyrex\n|-boost|p1a: Calyrex|atk|2\n|-boost|p1a: Calyrex|spa|2\n|move|p1a: Calyrex|Glacial Lance|p2a: Incineroar|[spread] p2a\n|-activate|p2b: Kyogre|move: Protect\n|-resisted|p2a: Incineroar\n|-damage|p2a: Incineroar|68\/100\n|\n|-weather|RainDance|[upkeep]\n|-ability|p1b: Smeargle|Moody|boost\n|-boost|p1b: Smeargle|def|2\n|-unboost|p1b: Smeargle|spe|1\n|upkeep\n|turn|2\n|\n|t:|1735828088\n|switch|p1b: Sinistcha|Sinistcha, L50|100\/100\n|-heal|p1a: Calyrex|99\/100|[from] ability: Hospitality|[of] p1b: Sinistcha\n|move|p2a: Incineroar|Fake Out|p1b: Sinistcha\n|-immune|p1b: Sinistcha\n|move|p2b: Kyogre|Origin Pulse|p1b: Sinistcha|[spread] \n|-miss|p2b: Kyogre|p1a: Calyrex\n|-miss|p2b: Kyogre|p1b: Sinistcha\n|move|p1a: Calyrex|Glacial Lance|p2a: Incineroar|[spread] p2a,p2b\n|-resisted|p2a: Incineroar\n|-resisted|p2b: Kyogre\n|-damage|p2a: Incineroar|36\/100\n|-damage|p2b: Kyogre|74\/100\n|\n|-weather|RainDance|[upkeep]\n|-heal|p2b: Kyogre|80\/100|[from] item: Leftovers\n|upkeep\n|turn|3\n|\n|t:|1735828109\n|switch|p1b: Incineroar|Incineroar, L50, M|100\/100\n|-ability|p1b: Incineroar|Intimidate|boost\n|-unboost|p2a: Incineroar|atk|1\n|-unboost|p2b: Kyogre|atk|1\n|move|p2b: Kyogre|Origin Pulse|p1a: Calyrex|[spread] p1a\n|-miss|p2b: Kyogre|p1b: Incineroar\n|-damage|p1a: Calyrex|72\/100\n|move|p2a: Incineroar|Parting Shot|p1a: Calyrex\n|-unboost|p1a: Calyrex|atk|1\n|-unboost|p1a: Calyrex|spa|1\n|\n|t:|1735828123\n|switch|p2a: Amoonguss|Amoonguss, L50, F|100\/100|[from] Parting Shot\n|move|p1a: Calyrex|Glacial Lance|p2a: Amoonguss|[spread] p2a,p2b\n|-supereffective|p2a: Amoonguss\n|-resisted|p2b: Kyogre\n|-damage|p2a: Amoonguss|34\/100\n|-damage|p2b: Kyogre|60\/100\n|\n|-weather|RainDance|[upkeep]\n|-heal|p2b: Kyogre|66\/100|[from] item: Leftovers\n|upkeep\n|turn|4\n|\n|t:|1735828139\n|switch|p2a: Incineroar|Incineroar, L50, F|36\/100\n|-ability|p2a: Incineroar|Intimidate|boost\n|-unboost|p1a: Calyrex|atk|1\n|-unboost|p1b: Incineroar|atk|1\n|move|p2b: Kyogre|Origin Pulse|p1a: Calyrex|[spread] p1a\n|-miss|p2b: Kyogre|p1b: Incineroar\n|-damage|p1a: Calyrex|41\/100\n|move|p1b: Incineroar|Knock Off|p2a: Incineroar\n|-resisted|p2a: Incineroar\n|-damage|p2a: Incineroar|26\/100\n|-enditem|p2a: Incineroar|Safety Goggles|[from] move: Knock Off|[of] p1b: Incineroar\n|move|p1a: Calyrex|Glacial Lance|p2b: Kyogre|[spread] p2a,p2b\n|-resisted|p2a: Incineroar\n|-resisted|p2b: Kyogre\n|-damage|p2a: Incineroar|13\/100\n|-damage|p2b: Kyogre|53\/100\n|\n|-weather|RainDance|[upkeep]\n|-heal|p2b: Kyogre|59\/100|[from] item: Leftovers\n|upkeep\n|turn|5\n|inactive|sadesign has 30 seconds left.\n|\n|t:|1735828166\n|switch|p1b: Sinistcha|Sinistcha, L50|100\/100\n|-heal|p1a: Calyrex|66\/100|[from] ability: Hospitality|[of] p1b: Sinistcha\n|move|p2b: Kyogre|Origin Pulse|p1b: Sinistcha|[spread] p1a,p1b\n|-resisted|p1b: Sinistcha\n|-damage|p1a: Calyrex|35\/100\n|-damage|p1b: Sinistcha|67\/100\n|move|p2a: Incineroar|Knock Off|p1b: Sinistcha\n|-supereffective|p1b: Sinistcha\n|-damage|p1b: Sinistcha|3\/100\n|-damage|p2a: Incineroar|0 fnt|[from] item: Rocky Helmet|[of] p1b: Sinistcha\n|faint|p2a: Incineroar\n|move|p1a: Calyrex|Glacial Lance|p2b: Kyogre\n|-resisted|p2b: Kyogre\n|-damage|p2b: Kyogre|41\/100\n|\n|-weather|none\n|-heal|p2b: Kyogre|47\/100|[from] item: Leftovers\n|upkeep\n|\n|t:|1735828183\n|switch|p2a: Urshifu|Urshifu-Rapid-Strike, L50, M|100\/100\n|turn|6\n|\n|t:|1735828202\n|switch|p1b: Incineroar|Incineroar, L50, M|100\/100\n|-ability|p1b: Incineroar|Intimidate|boost\n|-unboost|p2a: Urshifu|atk|1\n|-unboost|p2b: Kyogre|atk|1\n|move|p2a: Urshifu|U-turn|p1a: Calyrex\n|-supereffective|p1a: Calyrex\n|-damage|p1a: Calyrex|18\/100\n|\n|t:|1735828209\n|switch|p2a: Amoonguss|Amoonguss, L50, F|67\/100|[from] U-turn\n|move|p2b: Kyogre|Origin Pulse|p1b: Incineroar|[spread] p1a\n|-miss|p2b: Kyogre|p1b: Incineroar\n|-damage|p1a: Calyrex|0 fnt\n|faint|p1a: Calyrex\n|\n|-heal|p2b: Kyogre|53\/100|[from] item: Leftovers\n|upkeep\n|\n|t:|1735828221\n|switch|p1a: Sinistcha|Sinistcha, L50|3\/100\n|turn|7\n|\n|t:|1735828238\n|switch|p2b: Urshifu|Urshifu-Rapid-Strike, L50, M|100\/100\n|move|p1a: Sinistcha|Matcha Gotcha|p2a: Amoonguss|[spread] p2a,p2b\n|-resisted|p2a: Amoonguss\n|-supereffective|p2b: Urshifu\n|-damage|p2a: Amoonguss|62\/100\n|-heal|p1a: Sinistcha|6\/100|[from] drain|[of] p2a: Amoonguss\n|-damage|p2b: Urshifu|38\/100\n|-heal|p1a: Sinistcha|37\/100|[from] drain|[of] p2b: Urshifu\n|move|p1b: Incineroar|Knock Off|p2b: Urshifu\n|-resisted|p2b: Urshifu\n|-damage|p2b: Urshifu|18\/100\n|-enditem|p2b: Urshifu|Choice Scarf|[from] move: Knock Off|[of] p1b: Incineroar\n|move|p2a: Amoonguss|Sludge Bomb|p1a: Sinistcha\n|-damage|p1a: Sinistcha|10\/100\n|-status|p1a: Sinistcha|psn\n|\n|-damage|p1a: Sinistcha|0 fnt|[from] psn\n|faint|p1a: Sinistcha\n|upkeep\n|\n|t:|1735828256\n|switch|p1a: Smeargle|Smeargle, L50, M|100\/100\n|turn|8\n|\n|t:|1735828281\n|-terastallize|p2b: Urshifu|Ghost\n|-terastallize|p1b: Incineroar|Ghost\n|move|p1a: Smeargle|Coaching|p1b: Incineroar\n|-boost|p1b: Incineroar|atk|1\n|-boost|p1b: Incineroar|def|1\n|move|p2b: Urshifu|Surging Strikes|p1a: Smeargle\n|-crit|p1a: Smeargle\n|-damage|p1a: Smeargle|49\/100\n|-crit|p1a: Smeargle\n|-damage|p1a: Smeargle|0 fnt\n|faint|p1a: Smeargle\n|-hitcount|p1: Smeargle|2\n|move|p1b: Incineroar|Knock Off|p2b: Urshifu\n|-supereffective|p2b: Urshifu\n|-damage|p2b: Urshifu|0 fnt\n|faint|p2b: Urshifu\n|move|p2a: Amoonguss|Sludge Bomb|p1b: Incineroar\n|-resisted|p1b: Incineroar\n|-damage|p1b: Incineroar|89\/100\n|-status|p1b: Incineroar|psn\n|\n|-damage|p1b: Incineroar|77\/100 psn|[from] psn\n|upkeep\n|\n|t:|1735828302\n|switch|p2b: Kyogre|Kyogre, L50|53\/100\n|-weather|RainDance|[from] ability: Drizzle|[of] p2b: Kyogre\n|turn|9\n|\n|t:|1735828308\n|move|p2b: Kyogre|Protect|p2b: Kyogre\n|-singleturn|p2b: Kyogre|Protect\n|move|p2a: Amoonguss|Protect|p2a: Amoonguss\n|-singleturn|p2a: Amoonguss|Protect\n|move|p1b: Incineroar|Knock Off|p2b: Kyogre\n|-activate|p2b: Kyogre|move: Protect\n|\n|-weather|RainDance|[upkeep]\n|-heal|p2b: Kyogre|59\/100|[from] item: Leftovers\n|-damage|p1b: Incineroar|64\/100 psn|[from] psn\n|upkeep\n|turn|10\n|\n|t:|1735828318\n|move|p2b: Kyogre|Origin Pulse|p1b: Incineroar\n|-damage|p1b: Incineroar|0 fnt\n|faint|p1b: Incineroar\n|\n|win|BigSalta\n|raw|sadesign's rating: 1572 &rarr; <strong>1552<\/strong><br \/>(-20 for losing)\n|raw|BigSalta's rating: 1566 &rarr; <strong>1586<\/strong><br \/>(+20 for winning)\n|l|\u2606BigSalta\n|player|p2|\n|l|\u2606sadesign\n|player|p1|\n","uploadtime":1735828538,"views":253,"formatid":"gen9vgc2025regg","rating":1552,"private":0,"password":null}