{"id":"gen9vgc2025regg-2273705680","format":"[Gen 9] VGC 2025 Reg G","players":["Growth_my_word","FleurCannon56"],"log":"|j|\u2606Growth_my_word\n|j|\u2606FleurCannon56\n|t:|1735829125\n|gametype|doubles\n|player|p1|Growth_my_word|lady-gen4|1644\n|player|p2|FleurCannon56|lisia|1667\n|teamsize|p1|6\n|teamsize|p2|6\n|gen|9\n|tier|[Gen 9] VGC 2025 Reg G\n|rated|\n|rule|Species Clause: Limit one of each Pok\u00e9mon\n|rule|Item Clause: Limit 1 of each item\n|clearpoke\n|poke|p1|Miraidon, L50|\n|poke|p1|Dragonite, L50, F|\n|poke|p1|Dondozo, L50, M|\n|poke|p1|Tatsugiri, L50, M|\n|poke|p1|Gholdengo, L50|\n|poke|p1|Chi-Yu, L50|\n|poke|p2|Koraidon, L50|\n|poke|p2|Chi-Yu, L50|\n|poke|p2|Flutter Mane, L50|\n|poke|p2|Jumpluff, L50, M|\n|poke|p2|Umbreon, L50, F|\n|poke|p2|Orthworm, L50, M|\n|teampreview|4\n|\n|t:|1735829148\n|start\n|switch|p1a: Chi-Yu|Chi-Yu, L50|100\/100\n|switch|p1b: Dondozo|Dondozo, L50, M|100\/100\n|switch|p2a: Koraidon|Koraidon, L50|100\/100\n|switch|p2b: Jumpluff|Jumpluff, L50, M|100\/100\n|-weather|SunnyDay|[from] ability: Orichalcum Pulse|[of] p2a: Koraidon\n|-activate|p2a: Koraidon|Orichalcum Pulse|[source]\n|-ability|p1a: Chi-Yu|Beads of Ruin\n|turn|1\n|\n|t:|1735829182\n|move|p1b: Dondozo|Protect|p1b: Dondozo\n|-singleturn|p1b: Dondozo|Protect\n|move|p2b: Jumpluff|Tailwind|p2b: Jumpluff\n|-sidestart|p2: FleurCannon56|move: Tailwind\n|move|p2a: Koraidon|Collision Course|p1b: Dondozo\n|-activate|p1b: Dondozo|move: Protect\n|move|p1a: Chi-Yu|Heat Wave|p2b: Jumpluff|[spread] p2a,p2b\n|-resisted|p2a: Koraidon\n|-supereffective|p2b: Jumpluff\n|-damage|p2a: Koraidon|55\/100\n|-enditem|p2b: Jumpluff|Focus Sash\n|-damage|p2b: Jumpluff|1\/100\n|\n|-weather|SunnyDay|[upkeep]\n|upkeep\n|turn|2\n|\n|t:|1735829197\n|switch|p1b: Dragonite|Dragonite, L50, F|100\/100\n|move|p2b: Jumpluff|Pollen Puff|p2a: Koraidon\n|-heal|p2a: Koraidon|100\/100\n|move|p2a: Koraidon|Collision Course|p1b: Dragonite\n|-resisted|p1b: Dragonite\n|-damage|p1b: Dragonite|76\/100\n|move|p1a: Chi-Yu|Heat Wave|p2b: Jumpluff|[spread] p2a,p2b\n|-resisted|p2a: Koraidon\n|-supereffective|p2b: Jumpluff\n|-damage|p2a: Koraidon|58\/100\n|-damage|p2b: Jumpluff|0 fnt\n|faint|p2b: Jumpluff\n|\n|-weather|SunnyDay|[upkeep]\n|upkeep\n|\n|t:|1735829205\n|switch|p2b: Flutter Mane|Flutter Mane, L50|100\/100\n|-activate|p2b: Flutter Mane|ability: Protosynthesis\n|-start|p2b: Flutter Mane|protosynthesisspe\n|turn|3\n|\n|t:|1735829217\n|-terastallize|p1b: Dragonite|Normal\n|move|p1b: Dragonite|Extreme Speed|p2a: Koraidon\n|-damage|p2a: Koraidon|0 fnt\n|faint|p2a: Koraidon\n|move|p2b: Flutter Mane|Dazzling Gleam|p1a: Chi-Yu|[spread] p1a,p1b\n|-damage|p1a: Chi-Yu|43\/100\n|-damage|p1b: Dragonite|18\/100\n|move|p1a: Chi-Yu|Overheat|p2b: Flutter Mane\n|-damage|p2b: Flutter Mane|0 fnt\n|-unboost|p1a: Chi-Yu|spa|2\n|faint|p2b: Flutter Mane\n|-end|p2b: Flutter Mane|Protosynthesis|[silent]\n|\n|-weather|SunnyDay|[upkeep]\n|upkeep\n|\n|t:|1735829222\n|switch|p2b: Chi-Yu|Chi-Yu, L50|100\/100\n|-ability|p2b: Chi-Yu|Beads of Ruin\n|turn|4\n|\n|t:|1735829234\n|-terastallize|p2b: Chi-Yu|Ghost\n|move|p1a: Chi-Yu|Protect|p1a: Chi-Yu\n|-singleturn|p1a: Chi-Yu|Protect\n|move|p1b: Dragonite|Extreme Speed|p2b: Chi-Yu\n|-immune|p2b: Chi-Yu\n|move|p2b: Chi-Yu|Flamethrower|p1a: Chi-Yu\n|-activate|p1a: Chi-Yu|move: Protect\n|\n|-weather|SunnyDay|[upkeep]\n|-sideend|p2: FleurCannon56|move: Tailwind\n|upkeep\n|turn|5\n|\n|t:|1735829247\n|switch|p1a: Tatsugiri|Tatsugiri, L50, M|100\/100\n|switch|p1b: Dondozo|Dondozo, L50, M|100\/100\n|-activate|p1a: Tatsugiri|ability: Commander|[of] p1b: Dondozo\n|-boost|p1b: Dondozo|atk|2\n|-boost|p1b: Dondozo|spa|2\n|-boost|p1b: Dondozo|spe|2\n|-boost|p1b: Dondozo|def|2\n|-boost|p1b: Dondozo|spd|2\n|move|p2b: Chi-Yu|Flamethrower|p1a: Tatsugiri|[miss]\n|-miss|p2b: Chi-Yu|p1a: Tatsugiri\n|\n|-weather|none\n|upkeep\n|turn|6\n|\n|t:|1735829260\n|move|p2b: Chi-Yu|Flamethrower|p1b: Dondozo\n|-resisted|p1b: Dondozo\n|-damage|p1b: Dondozo|85\/100\n|move|p1b: Dondozo|Wave Crash|p2b: Chi-Yu\n|-damage|p2b: Chi-Yu|0 fnt\n|faint|p2b: Chi-Yu\n|-damage|p1b: Dondozo|66\/100|[from] Recoil\n|\n|win|Growth_my_word\n|raw|Growth_my_word's rating: 1644 &rarr; <strong>1665<\/strong><br \/>(+21 for winning)\n|raw|FleurCannon56's rating: 1667 &rarr; <strong>1646<\/strong><br \/>(-21 for losing)\n|l|\u2606FleurCannon56\n|player|p2|\n|l|\u2606Growth_my_word\n|player|p1|\n","uploadtime":1735829510,"views":668,"formatid":"gen9vgc2025regg","rating":1646,"private":0,"password":null}