{"id":"gen9vgc2025regg-2273008472","format":"[Gen 9] VGC 2025 Reg G","players":["FerrousYak","Yung Trav"],"log":"|j|\u2606FerrousYak\n|j|\u2606Yung Trav\n|t:|1735708774\n|gametype|doubles\n|player|p1|FerrousYak|266|1577\n|player|p2|Yung Trav|1|1592\n|teamsize|p1|6\n|teamsize|p2|6\n|gen|9\n|tier|[Gen 9] VGC 2025 Reg G\n|rated|\n|rule|Species Clause: Limit one of each Pok\u00e9mon\n|rule|Item Clause: Limit 1 of each item\n|clearpoke\n|poke|p1|Weezing-Galar, L50, M|\n|poke|p1|Dondozo, L50, M|\n|poke|p1|Calyrex-Shadow, L50|\n|poke|p1|Tatsugiri-Droopy, L50, F|\n|poke|p1|Roaring Moon, L50|\n|poke|p1|Ogerpon-Wellspring, L50, F|\n|poke|p2|Calyrex-Ice, L50|\n|poke|p2|Torkoal, L50, M|\n|poke|p2|Smeargle, L50, M|\n|poke|p2|Farigiraf, L50, M|\n|poke|p2|Iron Valiant, L50|\n|poke|p2|Ogerpon-Cornerstone, L50, F|\n|teampreview|4\n|inactive|Battle timer is ON: inactive players will automatically lose when time's up. (requested by FerrousYak)\n|inactive|FerrousYak has 60 seconds left.\n|inactive|Yung Trav has 60 seconds left.\n|\n|t:|1735708814\n|start\n|switch|p1a: Calyrex|Calyrex-Shadow, L50|100\/100\n|switch|p1b: Roaring Moon|Roaring Moon, L50|100\/100\n|switch|p2a: Calyrex|Calyrex-Ice, L50|100\/100\n|switch|p2b: Smeargle|Smeargle, L50, M, shiny|100\/100\n|-ability|p1a: Calyrex|As One\n|-ability|p1a: Calyrex|Unnerve\n|-ability|p2a: Calyrex|As One\n|-ability|p2a: Calyrex|Unnerve\n|-enditem|p1b: Roaring Moon|Booster Energy\n|-activate|p1b: Roaring Moon|ability: Protosynthesis|[fromitem]\n|-start|p1b: Roaring Moon|protosynthesisspe\n|turn|1\n|\n|t:|1735708836\n|-terastallize|p2a: Calyrex|Fire\n|move|p2b: Smeargle|Fake Out|p1b: Roaring Moon\n|-damage|p1b: Roaring Moon|95\/100\n|cant|p1b: Roaring Moon|flinch\n|move|p1a: Calyrex|Astral Barrage|p2b: Smeargle|[spread] p2a\n|-immune|p2b: Smeargle\n|-damage|p2a: Calyrex|50\/100\n|-damage|p1a: Calyrex|91\/100|[from] item: Life Orb\n|move|p2a: Calyrex|Trick Room|p2a: Calyrex\n|-fieldstart|move: Trick Room|[of] p2a: Calyrex\n|\n|upkeep\n|turn|2\n|\n|t:|1735708857\n|move|p1a: Calyrex|Protect|p1a: Calyrex\n|-singleturn|p1a: Calyrex|Protect\n|move|p1b: Roaring Moon|Protect|p1b: Roaring Moon\n|-singleturn|p1b: Roaring Moon|Protect\n|move|p2b: Smeargle|Decorate|p2a: Calyrex\n|-boost|p2a: Calyrex|atk|2\n|-boost|p2a: Calyrex|spa|2\n|move|p2a: Calyrex|Glacial Lance|p1a: Calyrex|[spread] \n|-activate|p1a: Calyrex|move: Protect\n|-activate|p1b: Roaring Moon|move: Protect\n|\n|upkeep\n|turn|3\n|j| Frankieblueeyes\n|\n|t:|1735708880\n|switch|p1a: Tatsugiri|Tatsugiri-Droopy, L50, F|100\/100\n|-end|p1b: Roaring Moon|Protosynthesis|[silent]\n|switch|p1b: Dondozo|Dondozo, L50, M|100\/100\n|-activate|p1a: Tatsugiri|ability: Commander|[of] p1b: Dondozo\n|-boost|p1b: Dondozo|atk|2\n|-boost|p1b: Dondozo|spa|2\n|-boost|p1b: Dondozo|spe|2\n|-boost|p1b: Dondozo|def|2\n|-boost|p1b: Dondozo|spd|2\n|move|p2b: Smeargle|Spore|p1b: Dondozo\n|-status|p1b: Dondozo|slp|[from] move: Spore\n|move|p2a: Calyrex|Glacial Lance|p1a: Tatsugiri|[spread] p1b\n|-miss|p2a: Calyrex|p1a: Tatsugiri\n|-resisted|p1b: Dondozo\n|-damage|p1b: Dondozo|93\/100 slp\n|\n|-heal|p1b: Dondozo|99\/100 slp|[from] item: Leftovers\n|upkeep\n|turn|4\n|\n|t:|1735708905\n|switch|p2b: Torkoal|Torkoal, L50, M, shiny|100\/100\n|-weather|SunnyDay|[from] ability: Drought|[of] p2b: Torkoal\n|cant|p1b: Dondozo|slp\n|move|p2a: Calyrex|High Horsepower|p1b: Dondozo\n|-damage|p1b: Dondozo|86\/100 slp\n|\n|-weather|SunnyDay|[upkeep]\n|-heal|p1b: Dondozo|92\/100 slp|[from] item: Leftovers\n|upkeep\n|turn|5\n|j| TillTheBurner\n|inactive|Yung Trav has 30 seconds left.\n|\n|t:|1735708936\n|switch|p2a: Ogerpon|Ogerpon-Cornerstone, L50, F|100\/100\n|-curestatus|p1b: Dondozo|slp|[msg]\n|move|p1b: Dondozo|Protect|p1b: Dondozo\n|-singleturn|p1b: Dondozo|Protect\n|move|p2b: Torkoal|Clear Smog|p1b: Dondozo\n|-activate|p1b: Dondozo|move: Protect\n|\n|-weather|SunnyDay|[upkeep]\n|-heal|p1b: Dondozo|98\/100|[from] item: Leftovers\n|-fieldend|move: Trick Room\n|upkeep\n|turn|6\n|inactive|Yung Trav has 30 seconds left.\n|\n|t:|1735708962\n|move|p2a: Ogerpon|Power Whip|p1b: Dondozo|[miss]\n|-miss|p2a: Ogerpon|p1b: Dondozo\n|move|p1b: Dondozo|Wave Crash|p2b: Torkoal\n|-supereffective|p2b: Torkoal\n|-damage|p2b: Torkoal|35\/100\n|-damage|p1b: Dondozo|81\/100|[from] Recoil\n|move|p2b: Torkoal|Clear Smog|p1b: Dondozo\n|-damage|p1b: Dondozo|74\/100\n|-clearboost|p1b: Dondozo\n|\n|-weather|SunnyDay|[upkeep]\n|-heal|p1b: Dondozo|81\/100|[from] item: Leftovers\n|upkeep\n|turn|7\n|inactive|Yung Trav has 30 seconds left.\n|\n|t:|1735708990\n|switch|p2b: Calyrex|Calyrex-Ice, L50, tera:Fire|50\/100\n|-ability|p2b: Calyrex|As One\n|-ability|p2b: Calyrex|Unnerve\n|move|p2a: Ogerpon|Power Whip|p1b: Dondozo\n|-supereffective|p1b: Dondozo\n|-damage|p1b: Dondozo|11\/100\n|move|p1b: Dondozo|Body Press|p2a: Ogerpon\n|-supereffective|p2a: Ogerpon\n|-damage|p2a: Ogerpon|25\/100\n|\n|-weather|SunnyDay|[upkeep]\n|-heal|p1b: Dondozo|17\/100|[from] item: Leftovers\n|upkeep\n|turn|8\n|\n|t:|1735709011\n|move|p2a: Ogerpon|Ivy Cudgel|p1b: Dondozo|[anim] Ivy Cudgel Rock\n|-damage|p1b: Dondozo|0 fnt\n|faint|p1b: Dondozo\n|move|p2b: Calyrex|Trick Room|p2b: Calyrex\n|-fieldstart|move: Trick Room|[of] p2b: Calyrex\n|\n|-weather|none\n|upkeep\n|\n|t:|1735709020\n|switch|p1b: Calyrex|Calyrex-Shadow, L50|91\/100\n|-ability|p1b: Calyrex|As One\n|-ability|p1b: Calyrex|Unnerve\n|turn|9\n|inactive|Yung Trav has 30 seconds left.\n|\n|t:|1735709049\n|switch|p2a: Torkoal|Torkoal, L50, M, shiny|35\/100\n|-weather|SunnyDay|[from] ability: Drought|[of] p2a: Torkoal\n|-terastallize|p1a: Tatsugiri|Stellar\n|move|p1b: Calyrex|Protect|p1b: Calyrex\n|-singleturn|p1b: Calyrex|Protect\n|move|p2b: Calyrex|Glacial Lance|p1b: Calyrex|[spread] p1a\n|-activate|p1b: Calyrex|move: Protect\n|-enditem|p1a: Tatsugiri|Focus Sash\n|-damage|p1a: Tatsugiri|1\/100\n|move|p1a: Tatsugiri|Muddy Water|p2a: Torkoal|[spread] p2a\n|-miss|p1a: Tatsugiri|p2b: Calyrex\n|-supereffective|p2a: Torkoal\n|-crit|p2a: Torkoal\n|-damage|p2a: Torkoal|0 fnt\n|faint|p2a: Torkoal\n|\n|-weather|SunnyDay|[upkeep]\n|upkeep\n|\n|t:|1735709073\n|switch|p2a: Smeargle|Smeargle, L50, M, shiny|100\/100\n|turn|10\n|\n|t:|1735709093\n|switch|p1a: Roaring Moon|Roaring Moon, L50|95\/100\n|-activate|p1a: Roaring Moon|ability: Protosynthesis\n|-start|p1a: Roaring Moon|protosynthesisspe\n|move|p2a: Smeargle|Decorate|p2b: Calyrex\n|-boost|p2b: Calyrex|atk|2\n|-boost|p2b: Calyrex|spa|2\n|move|p2b: Calyrex|Glacial Lance|p1b: Calyrex|[spread] p1a,p1b\n|-supereffective|p1a: Roaring Moon\n|-damage|p1a: Roaring Moon|0 fnt\n|-damage|p1b: Calyrex|0 fnt\n|faint|p1a: Roaring Moon\n|-end|p1a: Roaring Moon|Protosynthesis|[silent]\n|faint|p1b: Calyrex\n|-ability|p2b: Calyrex|Chilling Neigh|boost\n|-boost|p2b: Calyrex|atk|2\n|\n|-weather|SunnyDay|[upkeep]\n|upkeep\n|-message|FerrousYak forfeited.\n|\n|win|Yung Trav\n|raw|FerrousYak's rating: 1577 &rarr; <strong>1558<\/strong><br \/>(-19 for losing)\n|raw|Yung Trav's rating: 1592 &rarr; <strong>1611<\/strong><br \/>(+19 for winning)\n|l|\u2606FerrousYak\n|player|p1|\n|j| PhantumKai\n|l| PhantumKai\n|l|\u2606Yung Trav\n|player|p2|\n","uploadtime":1735709306,"views":24,"formatid":"gen9vgc2025regg","rating":1558,"private":0,"password":null}