{"id":"gen9vgc2025regg-2273353932","format":"[Gen 9] VGC 2025 Reg G","players":["Jesuuuus","Spottedwoot"],"log":"|j|\u2606Jesuuuus\n|j|\u2606Spottedwoot\n|t:|1735769799\n|gametype|doubles\n|player|p1|Jesuuuus|alec-anime|1568\n|player|p2|Spottedwoot|102|1593\n|teamsize|p1|6\n|teamsize|p2|6\n|gen|9\n|tier|[Gen 9] VGC 2025 Reg G\n|rated|\n|rule|Species Clause: Limit one of each Pok\u00e9mon\n|rule|Item Clause: Limit 1 of each item\n|clearpoke\n|poke|p1|Whimsicott, L50, F|\n|poke|p1|Miraidon, L50|\n|poke|p1|Farigiraf, L50, F|\n|poke|p1|Iron Hands, L50|\n|poke|p1|Ogerpon-Hearthflame, L50, F|\n|poke|p1|Urshifu-*, L50, M|\n|poke|p2|Calyrex-Shadow, L50|\n|poke|p2|Rillaboom, L50, F|\n|poke|p2|Urshifu-*, L50, F|\n|poke|p2|Incineroar, L50, M|\n|poke|p2|Clefairy, L50, F|\n|poke|p2|Raging Bolt, L50|\n|teampreview|4\n|\n|t:|1735769818\n|start\n|switch|p1a: Miraidon|Miraidon, L50|100\/100\n|switch|p1b: Urshifu|Urshifu, L50, M|100\/100\n|switch|p2a: Calyrex|Calyrex-Shadow, L50|100\/100\n|switch|p2b: Urshifu|Urshifu-Rapid-Strike, L50, F|100\/100\n|-ability|p2a: Calyrex|As One\n|-ability|p2a: Calyrex|Unnerve\n|-fieldstart|move: Electric Terrain|[from] ability: Hadron Engine|[of] p1a: Miraidon\n|turn|1\n|\n|t:|1735769828\n|switch|p2b: Rillaboom|Rillaboom, L50, F|100\/100\n|-fieldstart|move: Grassy Terrain|[from] ability: Grassy Surge|[of] p2b: Rillaboom\n|switch|p1b: Whimsicott|Whimsicott, L50, F|100\/100\n|-terastallize|p2a: Calyrex|Fairy\n|move|p2a: Calyrex|Draining Kiss|p1b: Whimsicott\n|-crit|p1b: Whimsicott\n|-damage|p1b: Whimsicott|46\/100\n|move|p1a: Miraidon|Volt Switch|p2b: Rillaboom\n|-resisted|p2b: Rillaboom\n|-damage|p2b: Rillaboom|81\/100\n|\n|t:|1735769840\n|switch|p1a: Urshifu|Urshifu, L50, M|100\/100|[from] Volt Switch\n|\n|-heal|p1b: Whimsicott|52\/100|[from] Grassy Terrain\n|-heal|p2b: Rillaboom|87\/100|[from] Grassy Terrain\n|upkeep\n|turn|2\n|\n|t:|1735769847\n|switch|p1b: Farigiraf|Farigiraf, L50, F|100\/100\n|-terastallize|p1a: Urshifu|Steel\n|move|p2a: Calyrex|Astral Barrage|p1b: Farigiraf|[spread] p1a\n|-immune|p1b: Farigiraf\n|-damage|p1a: Urshifu|56\/100\n|move|p1a: Urshifu|Iron Head|p2a: Calyrex\n|-supereffective|p2a: Calyrex\n|-crit|p2a: Calyrex\n|-damage|p2a: Calyrex|0 fnt\n|faint|p2a: Calyrex\n|move|p2b: Rillaboom|Wood Hammer|p1a: Urshifu\n|-resisted|p1a: Urshifu\n|-damage|p1a: Urshifu|11\/100\n|-damage|p2b: Rillaboom|74\/100|[from] Recoil\n|\n|-heal|p1a: Urshifu|17\/100|[from] Grassy Terrain\n|-heal|p2b: Rillaboom|79\/100|[from] Grassy Terrain\n|upkeep\n|\n|t:|1735769857\n|switch|p2a: Incineroar|Incineroar, L50, M|100\/100\n|-ability|p2a: Incineroar|Intimidate|boost\n|-unboost|p1a: Urshifu|atk|1\n|-unboost|p1b: Farigiraf|atk|1\n|turn|3\n|j| Tapu_Fume\n|\n|t:|1735769871\n|switch|p2b: Urshifu|Urshifu-Rapid-Strike, L50, F|100\/100\n|move|p1b: Farigiraf|Helping Hand|p1a: Urshifu\n|-singleturn|p1a: Urshifu|Helping Hand|[of] p1b: Farigiraf\n|move|p1a: Urshifu|Close Combat|p2a: Incineroar\n|-supereffective|p2a: Incineroar\n|-damage|p2a: Incineroar|0 fnt\n|-unboost|p1a: Urshifu|def|1\n|-unboost|p1a: Urshifu|spd|1\n|faint|p2a: Incineroar\n|\n|-heal|p1a: Urshifu|23\/100|[from] Grassy Terrain\n|upkeep\n|l| Tapu_Fume\n|\n|t:|1735769877\n|switch|p2a: Rillaboom|Rillaboom, L50, F|79\/100\n|turn|4\n|\n|t:|1735769883\n|move|p2b: Urshifu|Surging Strikes|p1a: Urshifu\n|-crit|p1a: Urshifu\n|-damage|p1a: Urshifu|0 fnt\n|faint|p1a: Urshifu\n|-hitcount|p1: Urshifu|1\n|move|p2a: Rillaboom|Wood Hammer|p1b: Farigiraf\n|-damage|p1b: Farigiraf|34\/100\n|-damage|p2a: Rillaboom|53\/100|[from] Recoil\n|move|p1b: Farigiraf|Psychic|p2b: Urshifu\n|-supereffective|p2b: Urshifu\n|-damage|p2b: Urshifu|7\/100\n|\n|-heal|p2b: Urshifu|12\/100|[from] Grassy Terrain\n|-heal|p2a: Rillaboom|59\/100|[from] Grassy Terrain\n|-heal|p1b: Farigiraf|40\/100|[from] Grassy Terrain\n|upkeep\n|\n|t:|1735769892\n|switch|p1a: Miraidon|Miraidon, L50|100\/100\n|-fieldstart|move: Electric Terrain|[from] ability: Hadron Engine|[of] p1a: Miraidon\n|-enditem|p1b: Farigiraf|Electric Seed\n|-boost|p1b: Farigiraf|def|1|[from] item: Electric Seed\n|turn|5\n|c|\u2606Spottedwoot|tera steel iron head urshifu was not on my bingo card for this year\n|\n|t:|1735769914\n|move|p1b: Farigiraf|Helping Hand|p1a: Miraidon\n|-singleturn|p1a: Miraidon|Helping Hand|[of] p1b: Farigiraf\n|move|p2b: Urshifu|Surging Strikes|p1b: Farigiraf\n|-crit|p1b: Farigiraf\n|-damage|p1b: Farigiraf|21\/100\n|-crit|p1b: Farigiraf\n|-damage|p1b: Farigiraf|3\/100\n|-crit|p1b: Farigiraf\n|-damage|p1b: Farigiraf|0 fnt\n|faint|p1b: Farigiraf\n|-hitcount|p1: Farigiraf|3\n|move|p1a: Miraidon|Dazzling Gleam|p2a: Rillaboom|[spread] p2a,p2b\n|-supereffective|p2b: Urshifu\n|-damage|p2a: Rillaboom|15\/100\n|-damage|p2b: Urshifu|0 fnt\n|faint|p2b: Urshifu\n|move|p2a: Rillaboom|High Horsepower|p1a: Miraidon\n|-supereffective|p1a: Miraidon\n|-damage|p1a: Miraidon|40\/100\n|\n|upkeep\n|c|\u2606Jesuuuus|lol\n|\n|t:|1735769930\n|switch|p1b: Whimsicott|Whimsicott, L50, F|52\/100\n|turn|6\n|\n|t:|1735769935\n|move|p1a: Miraidon|Dazzling Gleam|p2a: Rillaboom\n|-damage|p2a: Rillaboom|0 fnt\n|faint|p2a: Rillaboom\n|\n|win|Jesuuuus\n|raw|Jesuuuus's rating: 1568 &rarr; <strong>1589<\/strong><br \/>(+21 for winning)\n|raw|Spottedwoot's rating: 1593 &rarr; <strong>1572<\/strong><br \/>(-21 for losing)\n|c|\u2606Jesuuuus|ggs\n|c|\u2606Spottedwoot|gg\n|l|\u2606Spottedwoot\n|player|p2|\n|l|\u2606Jesuuuus\n|player|p1|\n","uploadtime":1735770127,"views":283,"formatid":"gen9vgc2025regg","rating":1572,"private":0,"password":null}