{"id":"gen9vgc2025regg-2273879623","format":"[Gen 9] VGC 2025 Reg G","players":["sadesign","hella_faerie37"],"log":"|j|\u2606sadesign\n|j|\u2606hella_faerie37\n|t:|1735850020\n|gametype|doubles\n|player|p1|sadesign|265|1527\n|player|p2|hella_faerie37|skyla|1564\n|teamsize|p1|6\n|teamsize|p2|6\n|gen|9\n|tier|[Gen 9] VGC 2025 Reg G\n|rated|\n|rule|Species Clause: Limit one of each Pok\u00e9mon\n|rule|Item Clause: Limit 1 of each item\n|clearpoke\n|poke|p1|Calyrex-Ice, L50|\n|poke|p1|Smeargle, L50, F|\n|poke|p1|Sinistcha, L50|\n|poke|p1|Incineroar, L50, F|\n|poke|p1|Rillaboom, L50, M|\n|poke|p1|Urshifu-*, L50, F|\n|poke|p2|Calyrex-Ice, L50|\n|poke|p2|Iron Crown, L50|\n|poke|p2|Ursaluna, L50, M|\n|poke|p2|Urshifu-*, L50, M|\n|poke|p2|Tornadus, L50, M|\n|poke|p2|Chi-Yu, L50|\n|teampreview|4\n|inactive|Battle timer is ON: inactive players will automatically lose when time's up. (requested by sadesign)\n|\n|t:|1735850052\n|start\n|switch|p1a: Calyrex|Calyrex-Ice, L50|100\/100\n|switch|p1b: Smeargle|Smeargle, L50, F|100\/100\n|switch|p2a: Calyrex|Calyrex-Ice, L50|100\/100\n|switch|p2b: Urshifu|Urshifu, L50, M|100\/100\n|-ability|p2a: Calyrex|As One\n|-ability|p2a: Calyrex|Unnerve\n|-ability|p1a: Calyrex|As One\n|-ability|p1a: Calyrex|Unnerve\n|turn|1\n|j| futonkagebunshin\n|inactive|sadesign has 30 seconds left.\n|\n|t:|1735850082\n|-terastallize|p1a: Calyrex|Fire\n|move|p1b: Smeargle|Decorate|p1a: Calyrex\n|-boost|p1a: Calyrex|atk|2\n|-boost|p1a: Calyrex|spa|2\n|move|p2b: Urshifu|Wicked Blow|p1a: Calyrex\n|-crit|p1a: Calyrex\n|-damage|p1a: Calyrex|64\/100\n|move|p2a: Calyrex|Glacial Lance|p1a: Calyrex|[spread] p1a,p1b\n|-resisted|p1a: Calyrex\n|-damage|p1a: Calyrex|51\/100\n|-damage|p1b: Smeargle|0 fnt\n|faint|p1b: Smeargle\n|-ability|p2a: Calyrex|Chilling Neigh|boost\n|-boost|p2a: Calyrex|atk|1\n|move|p1a: Calyrex|Glacial Lance|p2b: Urshifu|[spread] p2a,p2b\n|-resisted|p2a: Calyrex\n|-damage|p2a: Calyrex|65\/100\n|-damage|p2b: Urshifu|11\/100\n|\n|upkeep\n|j| surgevgc\n|\n|t:|1735850098\n|switch|p1b: Sinistcha|Sinistcha, L50|100\/100\n|-heal|p1a: Calyrex|75\/100|[from] ability: Hospitality|[of] p1b: Sinistcha\n|turn|2\n|\n|t:|1735850105\n|switch|p1b: Incineroar|Incineroar, L50, F|100\/100\n|-ability|p1b: Incineroar|Intimidate|boost\n|-fail|p2a: Calyrex|unboost|[from] item: Clear Amulet|[of] p2a: Calyrex\n|-unboost|p2b: Urshifu|atk|1\n|move|p2b: Urshifu|Detect|p2b: Urshifu\n|-singleturn|p2b: Urshifu|Protect\n|move|p2a: Calyrex|Glacial Lance|p1a: Calyrex|[spread] p1a,p1b\n|-resisted|p1a: Calyrex\n|-resisted|p1b: Incineroar\n|-damage|p1a: Calyrex|55\/100\n|-damage|p1b: Incineroar|67\/100\n|move|p1a: Calyrex|Glacial Lance|p2b: Urshifu|[spread] p2a\n|-activate|p2b: Urshifu|move: Protect\n|-resisted|p2a: Calyrex\n|-damage|p2a: Calyrex|32\/100\n|\n|upkeep\n|turn|3\n|\n|t:|1735850123\n|-terastallize|p2b: Urshifu|Dark\n|move|p1b: Incineroar|Fake Out|p2a: Calyrex\n|-damage|p2a: Calyrex|24\/100\n|move|p2b: Urshifu|Wicked Blow|p1a: Calyrex\n|-crit|p1a: Calyrex\n|-damage|p1a: Calyrex|14\/100\n|cant|p2a: Calyrex|flinch\n|move|p1a: Calyrex|Glacial Lance|p2b: Urshifu|[spread] p2a,p2b\n|-resisted|p2a: Calyrex\n|-crit|p2a: Calyrex\n|-damage|p2a: Calyrex|0 fnt\n|-damage|p2b: Urshifu|0 fnt\n|faint|p2a: Calyrex\n|faint|p2b: Urshifu\n|-ability|p1a: Calyrex|Chilling Neigh|boost\n|-boost|p1a: Calyrex|atk|2\n|\n|upkeep\n|\n|t:|1735850137\n|switch|p2b: Chi-Yu|Chi-Yu, L50|100\/100\n|switch|p2a: Iron Crown|Iron Crown, L50|100\/100\n|-ability|p2b: Chi-Yu|Beads of Ruin\n|-enditem|p2a: Iron Crown|Booster Energy\n|-activate|p2a: Iron Crown|ability: Quark Drive|[fromitem]\n|-start|p2a: Iron Crown|quarkdrivespe\n|turn|4\n|\n|t:|1735850151\n|switch|p1b: Sinistcha|Sinistcha, L50|100\/100\n|-heal|p1a: Calyrex|38\/100|[from] ability: Hospitality|[of] p1b: Sinistcha\n|move|p2a: Iron Crown|Tachyon Cutter|p1b: Sinistcha\n|-damage|p1b: Sinistcha|70\/100\n|-damage|p1b: Sinistcha|38\/100\n|-hitcount|p1b: Sinistcha|2\n|move|p2b: Chi-Yu|Heat Wave|p1b: Sinistcha|[spread] p1a,p1b\n|-resisted|p1a: Calyrex\n|-supereffective|p1b: Sinistcha\n|-damage|p1a: Calyrex|26\/100\n|-damage|p1b: Sinistcha|0 fnt\n|faint|p1b: Sinistcha\n|move|p1a: Calyrex|Glacial Lance|p2a: Iron Crown|[spread] p2a,p2b\n|-resisted|p2a: Iron Crown\n|-resisted|p2b: Chi-Yu\n|-damage|p2a: Iron Crown|30\/100\n|-damage|p2b: Chi-Yu|0 fnt\n|faint|p2b: Chi-Yu\n|-ability|p1a: Calyrex|Chilling Neigh|boost\n|-boost|p1a: Calyrex|atk|1\n|\n|upkeep\n|\n|t:|1735850167\n|switch|p1b: Incineroar|Incineroar, L50, F|67\/100\n|-ability|p1b: Incineroar|Intimidate|boost\n|-unboost|p2a: Iron Crown|atk|1\n|turn|5\n|-message|hella_faerie37 forfeited.\n|\n|win|sadesign\n|raw|sadesign's rating: 1527 &rarr; <strong>1549<\/strong><br \/>(+22 for winning)\n|raw|hella_faerie37's rating: 1564 &rarr; <strong>1542<\/strong><br \/>(-22 for losing)\n|l|\u2606hella_faerie37\n|player|p2|\n|l| surgevgc\n|l|\u2606sadesign\n|player|p1|\n|l| futonkagebunshin\n","uploadtime":1735850424,"views":8,"formatid":"gen9vgc2025regg","rating":1542,"private":0,"password":null}