{"id":"gen9vgc2025regg-2273732527","format":"[Gen 9] VGC 2025 Reg G","players":["RomanTogepi","massan2580"],"log":"|j|\u2606RomanTogepi\n|j|\u2606massan2580\n|t:|1735832678\n|gametype|doubles\n|player|p1|RomanTogepi|101|1568\n|player|p2|massan2580|1|1613\n|teamsize|p1|6\n|teamsize|p2|6\n|gen|9\n|tier|[Gen 9] VGC 2025 Reg G\n|rated|\n|rule|Species Clause: Limit one of each Pok\u00e9mon\n|rule|Item Clause: Limit 1 of each item\n|clearpoke\n|poke|p1|Miraidon, L50|\n|poke|p1|Iron Hands, L50|\n|poke|p1|Ogerpon-Cornerstone, L50, F|\n|poke|p1|Chi-Yu, L50|\n|poke|p1|Farigiraf, L50, M|\n|poke|p1|Mimikyu, L50, F|\n|poke|p2|Calyrex-Shadow, L50|\n|poke|p2|Grimmsnarl, L50, M|\n|poke|p2|Clefairy, L50, F|\n|poke|p2|Rillaboom, L50, F|\n|poke|p2|Chien-Pao, L50|\n|poke|p2|Dragonite, L50, F|\n|teampreview|4\n|j| jammy2\n|\n|t:|1735832729\n|start\n|switch|p1a: Mimikyu|Mimikyu, L50, F|100\/100\n|switch|p1b: Chi-Yu|Chi-Yu, L50|100\/100\n|switch|p2a: Dragonite|Dragonite, L50, F|100\/100\n|switch|p2b: Chien-Pao|Chien-Pao, L50|100\/100\n|-ability|p1b: Chi-Yu|Beads of Ruin\n|-ability|p2b: Chien-Pao|Sword of Ruin\n|turn|1\n|\n|t:|1735832746\n|switch|p1a: Farigiraf|Farigiraf, L50, M|100\/100\n|move|p2b: Chien-Pao|Protect|p2b: Chien-Pao\n|-singleturn|p2b: Chien-Pao|Protect\n|move|p1b: Chi-Yu|Heat Wave|p2b: Chien-Pao|[spread] \n|-activate|p2b: Chien-Pao|move: Protect\n|-miss|p1b: Chi-Yu|p2a: Dragonite\n|move|p2a: Dragonite|Earthquake|p1a: Farigiraf|[spread] p1a,p1b\n|-activate|p2b: Chien-Pao|move: Protect\n|-supereffective|p1b: Chi-Yu\n|-damage|p1a: Farigiraf|72\/100\n|-damage|p1b: Chi-Yu|0 fnt\n|faint|p1b: Chi-Yu\n|\n|upkeep\n|\n|t:|1735832756\n|switch|p1b: Iron Hands|Iron Hands, L50|100\/100\n|turn|2\n|inactive|Battle timer is ON: inactive players will automatically lose when time's up. (requested by RomanTogepi)\n|\n|t:|1735832775\n|-terastallize|p1b: Iron Hands|Fire\n|move|p2b: Chien-Pao|Icicle Crash|p1a: Farigiraf\n|-damage|p1a: Farigiraf|22\/100\n|move|p2a: Dragonite|Scale Shot|p1a: Farigiraf\n|-crit|p1a: Farigiraf\n|-damage|p1a: Farigiraf|0 fnt\n|faint|p1a: Farigiraf\n|-hitcount|p1: Farigiraf|1\n|-unboost|p2a: Dragonite|def|1\n|-boost|p2a: Dragonite|spe|1\n|move|p1b: Iron Hands|Belly Drum|p1b: Iron Hands\n|-damage|p1b: Iron Hands|50\/100\n|-setboost|p1b: Iron Hands|atk|6|[from] move: Belly Drum\n|\n|upkeep\n|\n|t:|1735832782\n|switch|p1a: Mimikyu|Mimikyu, L50, F|100\/100\n|turn|3\n|\n|t:|1735832801\n|move|p1b: Iron Hands|Detect|p1b: Iron Hands\n|-singleturn|p1b: Iron Hands|Protect\n|move|p2a: Dragonite|Earthquake|p1b: Iron Hands|[spread] p2b,p1a\n|-activate|p1b: Iron Hands|move: Protect\n|-damage|p2b: Chien-Pao|63\/100\n|-activate|p1a: Mimikyu|ability: Disguise\n|-damage|p1a: Mimikyu|100\/100\n|detailschange|p1a: Mimikyu|Mimikyu-Busted, L50, F\n|-damage|p1a: Mimikyu|88\/100|[from] pokemon: Mimikyu-Busted\n|move|p2b: Chien-Pao|Icicle Crash|p1b: Iron Hands\n|-activate|p1b: Iron Hands|move: Protect\n|move|p1a: Mimikyu|Trick Room|p1a: Mimikyu\n|-fieldstart|move: Trick Room|[of] p1a: Mimikyu\n|\n|upkeep\n|turn|4\n|inactive|RomanTogepi has 30 seconds left.\n|\n|t:|1735832832\n|-terastallize|p2a: Dragonite|Normal\n|move|p2a: Dragonite|Extreme Speed|p1b: Iron Hands\n|-damage|p1b: Iron Hands|7\/100\n|move|p2b: Chien-Pao|Sucker Punch|p1b: Iron Hands\n|-damage|p1b: Iron Hands|0 fnt\n|faint|p1b: Iron Hands\n|-end|p1b: Iron Hands|Quark Drive|[silent]\n|move|p1a: Mimikyu|Play Rough|p2a: Dragonite\n|-damage|p2a: Dragonite|22\/100\n|\n|upkeep\n|turn|5\n|j| futonkagebunshin\n|-message|RomanTogepi forfeited.\n|\n|win|massan2580\n|raw|RomanTogepi's rating: 1568 &rarr; <strong>1551<\/strong><br \/>(-17 for losing)\n|raw|massan2580's rating: 1613 &rarr; <strong>1630<\/strong><br \/>(+17 for winning)\n|l|\u2606RomanTogepi\n|player|p1|\n|l|\u2606massan2580\n|player|p2|\n","uploadtime":1735832992,"views":41,"formatid":"gen9vgc2025regg","rating":1551,"private":0,"password":null}