{"id":"gen9vgc2025regg-2273226657","format":"[Gen 9] VGC 2025 Reg G","players":["GholdAndGoHome","Growth_my_word"],"log":"|j|\u2606GholdAndGoHome\n|j|\u2606Growth_my_word\n|t:|1735752763\n|gametype|doubles\n|player|p1|GholdAndGoHome|102|1543\n|player|p2|Growth_my_word|lady-gen4|1564\n|teamsize|p1|6\n|teamsize|p2|6\n|gen|9\n|tier|[Gen 9] VGC 2025 Reg G\n|rated|\n|rule|Species Clause: Limit one of each Pok\u00e9mon\n|rule|Item Clause: Limit 1 of each item\n|clearpoke\n|poke|p1|Landorus, L50, M|\n|poke|p1|Calyrex-Ice, L50|\n|poke|p1|Ogerpon-Cornerstone, L50, F|\n|poke|p1|Regieleki, L50|\n|poke|p1|Urshifu-*, L50, F|\n|poke|p1|Farigiraf, L50, M|\n|poke|p2|Miraidon, L50|\n|poke|p2|Dragonite, L50, F|\n|poke|p2|Dondozo, L50, M|\n|poke|p2|Tatsugiri, L50, M|\n|poke|p2|Gholdengo, L50|\n|poke|p2|Chi-Yu, L50|\n|teampreview|4\n|inactive|Battle timer is ON: inactive players will automatically lose when time's up. (requested by GholdAndGoHome)\n|\n|t:|1735752783\n|start\n|switch|p1a: Regieleki|Regieleki, L50|100\/100\n|switch|p1b: Landorus|Landorus, L50, M|100\/100\n|switch|p2a: Miraidon|Miraidon, L50|100\/100\n|switch|p2b: Dragonite|Dragonite, L50, F|100\/100\n|-fieldstart|move: Electric Terrain|[from] ability: Hadron Engine|[of] p2a: Miraidon\n|turn|1\n|\n|t:|1735752803\n|-terastallize|p2b: Dragonite|Normal\n|move|p1b: Landorus|Protect|p1b: Landorus\n|-singleturn|p1b: Landorus|Protect\n|move|p2b: Dragonite|Extreme Speed|p1a: Regieleki\n|-enditem|p1a: Regieleki|Focus Sash\n|-damage|p1a: Regieleki|1\/100\n|move|p1a: Regieleki|Electroweb|p2a: Miraidon|[spread] p2a,p2b\n|-resisted|p2a: Miraidon\n|-damage|p2a: Miraidon|96\/100\n|-damage|p2b: Dragonite|87\/100\n|-unboost|p2a: Miraidon|spe|1\n|-unboost|p2b: Dragonite|spe|1\n|move|p2a: Miraidon|Draco Meteor|p1b: Landorus\n|-activate|p1b: Landorus|move: Protect\n|\n|upkeep\n|turn|2\n|\n|t:|1735752827\n|move|p1a: Regieleki|Protect|p1a: Regieleki\n|-singleturn|p1a: Regieleki|Protect\n|move|p2b: Dragonite|Extreme Speed|p1a: Regieleki\n|-activate|p1a: Regieleki|move: Protect\n|move|p1b: Landorus|Sandsear Storm|p2b: Dragonite|[spread] p2a,p2b\n|-supereffective|p2a: Miraidon\n|-crit|p2a: Miraidon\n|-damage|p2a: Miraidon|0 fnt\n|-damage|p2b: Dragonite|28\/100\n|faint|p2a: Miraidon\n|\n|upkeep\n|\n|t:|1735752837\n|switch|p2a: Dondozo|Dondozo, L50, M|100\/100\n|turn|3\n|\n|t:|1735752848\n|switch|p1a: Calyrex|Calyrex-Ice, L50|100\/100\n|-ability|p1a: Calyrex|As One\n|-ability|p1a: Calyrex|Unnerve\n|switch|p2b: Tatsugiri|Tatsugiri, L50, M|100\/100\n|-activate|p2b: Tatsugiri|ability: Commander|[of] p2a: Dondozo\n|-boost|p2a: Dondozo|atk|2\n|-boost|p2a: Dondozo|spa|2\n|-boost|p2a: Dondozo|spe|2\n|-boost|p2a: Dondozo|def|2\n|-boost|p2a: Dondozo|spd|2\n|move|p2a: Dondozo|Order Up|p1a: Calyrex\n|-damage|p1a: Calyrex|72\/100\n|-boost|p2a: Dondozo|atk|1\n|move|p1b: Landorus|Earth Power|p2b: Tatsugiri|[miss]\n|-miss|p1b: Landorus|p2b: Tatsugiri\n|\n|upkeep\n|turn|4\n|\n|t:|1735752868\n|move|p1b: Landorus|Protect|p1b: Landorus\n|-singleturn|p1b: Landorus|Protect\n|move|p2a: Dondozo|Wave Crash|p1a: Calyrex\n|-crit|p1a: Calyrex\n|-damage|p1a: Calyrex|0 fnt\n|faint|p1a: Calyrex\n|-damage|p2a: Dondozo|79\/100|[from] Recoil\n|\n|-heal|p2a: Dondozo|85\/100|[from] item: Leftovers\n|upkeep\n|\n|t:|1735752870\n|switch|p1a: Ogerpon|Ogerpon-Cornerstone, L50, F|100\/100\n|turn|5\n|\n|t:|1735752881\n|move|p1a: Ogerpon|Power Whip|p2a: Dondozo\n|-supereffective|p2a: Dondozo\n|-damage|p2a: Dondozo|34\/100\n|move|p2a: Dondozo|Wave Crash|p1b: Landorus\n|-supereffective|p1b: Landorus\n|-damage|p1b: Landorus|0 fnt\n|faint|p1b: Landorus\n|-damage|p2a: Dondozo|10\/100|[from] Recoil\n|\n|-heal|p2a: Dondozo|16\/100|[from] item: Leftovers\n|-fieldend|move: Electric Terrain\n|upkeep\n|\n|t:|1735752886\n|switch|p1b: Regieleki|Regieleki, L50|1\/100\n|turn|6\n|\n|t:|1735752896\n|-terastallize|p1a: Ogerpon|Rock\n|detailschange|p1a: Ogerpon|Ogerpon-Cornerstone-Tera, L50, F, tera:Rock\n|-ability|p1a: Ogerpon|Embody Aspect (Cornerstone)|boost\n|-boost|p1a: Ogerpon|def|1\n|move|p2a: Dondozo|Protect|p2a: Dondozo\n|-singleturn|p2a: Dondozo|Protect\n|move|p1b: Regieleki|Thunderbolt|p2a: Dondozo\n|-activate|p2a: Dondozo|move: Protect\n|move|p1a: Ogerpon|Ivy Cudgel|p2b: Tatsugiri|[anim] Ivy Cudgel Rock|[miss]\n|-miss|p1a: Ogerpon|p2b: Tatsugiri\n|\n|-heal|p2a: Dondozo|22\/100|[from] item: Leftovers\n|upkeep\n|turn|7\n|\n|t:|1735752909\n|move|p1b: Regieleki|Thunderbolt|p2a: Dondozo\n|-supereffective|p2a: Dondozo\n|-damage|p2a: Dondozo|0 fnt\n|faint|p2a: Dondozo\n|move|p1a: Ogerpon|Ivy Cudgel|p2b: Tatsugiri|[anim] Ivy Cudgel Rock\n|-damage|p2b: Tatsugiri|0 fnt\n|faint|p2b: Tatsugiri\n|\n|upkeep\n|-message|Growth_my_word forfeited.\n|\n|win|GholdAndGoHome\n|raw|GholdAndGoHome's rating: 1543 &rarr; <strong>1564<\/strong><br \/>(+21 for winning)\n|raw|Growth_my_word's rating: 1564 &rarr; <strong>1543<\/strong><br \/>(-21 for losing)\n|l|\u2606Growth_my_word\n|player|p2|\n","uploadtime":1735753178,"views":27,"formatid":"gen9vgc2025regg","rating":1543,"private":0,"password":null}