{"id":"gen9vgc2025regg-2273581912","format":"[Gen 9] VGC 2025 Reg G","players":["Moonlight410","Iamsliverfish"],"log":"|j|\u2606Moonlight410\n|j|\u2606Iamsliverfish\n|t:|1735804915\n|gametype|doubles\n|player|p1|Moonlight410|169|1620\n|player|p2|Iamsliverfish|hiker-gen4|1617\n|teamsize|p1|6\n|teamsize|p2|6\n|gen|9\n|tier|[Gen 9] VGC 2025 Reg G\n|rated|\n|rule|Species Clause: Limit one of each Pok\u00e9mon\n|rule|Item Clause: Limit 1 of each item\n|clearpoke\n|poke|p1|Calyrex-Ice, L50|\n|poke|p1|Annihilape, L50, M|\n|poke|p1|Smeargle, L50, F|\n|poke|p1|Raging Bolt, L50|\n|poke|p1|Ogerpon-Cornerstone, L50, F|\n|poke|p1|Farigiraf, L50, F|\n|poke|p2|Zamazenta-*, L50|\n|poke|p2|Cresselia, L50, F|\n|poke|p2|Ursaluna, L50, M|\n|poke|p2|Rillaboom, L50, M|\n|poke|p2|Pelipper, L50, M|\n|poke|p2|Blastoise, L50, M|\n|teampreview|4\n|inactive|Battle timer is ON: inactive players will automatically lose when time's up. (requested by Moonlight410)\n|\n|t:|1735804962\n|start\n|switch|p1a: Calyrex|Calyrex-Ice, L50|100\/100\n|switch|p1b: Annihilape|Annihilape, L50, M|100\/100\n|switch|p2a: Cresselia|Cresselia, L50, F|100\/100\n|switch|p2b: Zamazenta|Zamazenta-Crowned, L50|100\/100\n|-ability|p1a: Calyrex|As One\n|-ability|p1a: Calyrex|Unnerve\n|-ability|p2b: Zamazenta|Dauntless Shield|boost\n|-boost|p2b: Zamazenta|def|1\n|turn|1\n|inactive|Moonlight410 has 30 seconds left.\n|\n|t:|1735804990\n|move|p2b: Zamazenta|Protect|p2b: Zamazenta\n|-singleturn|p2b: Zamazenta|Protect\n|move|p1b: Annihilape|Final Gambit|p2b: Zamazenta\n|-activate|p2b: Zamazenta|move: Protect\n|move|p2a: Cresselia|Shadow Ball|p1b: Annihilape\n|-supereffective|p1b: Annihilape\n|-damage|p1b: Annihilape|73\/100\n|move|p1a: Calyrex|Glacial Lance|p2b: Zamazenta|[spread] p2a\n|-activate|p2b: Zamazenta|move: Protect\n|-damage|p2a: Cresselia|65\/100\n|\n|upkeep\n|turn|2\n|inactive|Iamsliverfish has 30 seconds left.\n|\n|t:|1735805016\n|move|p2b: Zamazenta|Iron Defense|p2b: Zamazenta\n|-boost|p2b: Zamazenta|def|2\n|move|p1b: Annihilape|Coaching|p1a: Calyrex\n|-boost|p1a: Calyrex|atk|1\n|-boost|p1a: Calyrex|def|1\n|move|p2a: Cresselia|Lunar Blessing|p2a: Cresselia|[spread] p2a,p2b\n|-heal|p2a: Cresselia|90\/100\n|move|p1a: Calyrex|Glacial Lance|p2b: Zamazenta|[spread] p2a,p2b\n|-resisted|p2b: Zamazenta\n|-damage|p2a: Cresselia|33\/100\n|-damage|p2b: Zamazenta|91\/100\n|\n|upkeep\n|turn|3\n|\n|t:|1735805039\n|move|p2b: Zamazenta|Heavy Slam|p1b: Annihilape\n|-damage|p1b: Annihilape|24\/100\n|move|p1b: Annihilape|Coaching|p1a: Calyrex\n|-boost|p1a: Calyrex|atk|1\n|-boost|p1a: Calyrex|def|1\n|move|p2a: Cresselia|Skill Swap|p2b: Zamazenta\n|-activate|p2a: Cresselia|move: Skill Swap|||[of] p2b: Zamazenta\n|-ability|p2a: Cresselia|Dauntless Shield|boost\n|-boost|p2a: Cresselia|def|1\n|move|p1a: Calyrex|Glacial Lance|p2b: Zamazenta|[spread] p2a,p2b\n|-resisted|p2b: Zamazenta\n|-damage|p2a: Cresselia|0 fnt\n|-damage|p2b: Zamazenta|78\/100\n|faint|p2a: Cresselia\n|-ability|p1a: Calyrex|Chilling Neigh|boost\n|-boost|p1a: Calyrex|atk|1\n|\n|upkeep\n|\n|t:|1735805045\n|switch|p2a: Rillaboom|Rillaboom, L50, M|100\/100\n|-fieldstart|move: Grassy Terrain|[from] ability: Grassy Surge|[of] p2a: Rillaboom\n|turn|4\n|\n|t:|1735805070\n|move|p2a: Rillaboom|Grassy Glide|p1b: Annihilape\n|-damage|p1b: Annihilape|0 fnt\n|faint|p1b: Annihilape\n|move|p2b: Zamazenta|Iron Defense|p2b: Zamazenta\n|-boost|p2b: Zamazenta|def|2\n|move|p1a: Calyrex|Glacial Lance|p2b: Zamazenta|[spread] p2a,p2b\n|-supereffective|p2a: Rillaboom\n|-crit|p2a: Rillaboom\n|-resisted|p2b: Zamazenta\n|-damage|p2a: Rillaboom|0 fnt\n|-damage|p2b: Zamazenta|65\/100\n|faint|p2a: Rillaboom\n|-ability|p1a: Calyrex|Chilling Neigh|boost\n|-boost|p1a: Calyrex|atk|1\n|\n|upkeep\n|\n|t:|1735805089\n|switch|p1b: Ogerpon|Ogerpon-Cornerstone, L50, F|100\/100\n|switch|p2a: Ursaluna|Ursaluna, L50, M|100\/100\n|turn|5\n|\n|t:|1735805106\n|move|p2a: Ursaluna|Protect|p2a: Ursaluna\n|-singleturn|p2a: Ursaluna|Protect\n|move|p1b: Ogerpon|Power Whip|p2a: Ursaluna\n|-activate|p2a: Ursaluna|move: Protect\n|move|p2b: Zamazenta|Body Press|p1a: Calyrex\n|-damage|p1a: Calyrex|52\/100\n|move|p1a: Calyrex|Close Combat|p2b: Zamazenta\n|-supereffective|p2b: Zamazenta\n|-damage|p2b: Zamazenta|16\/100\n|-unboost|p1a: Calyrex|def|1\n|-unboost|p1a: Calyrex|spd|1\n|\n|-heal|p1a: Calyrex|58\/100|[from] Grassy Terrain\n|-status|p2a: Ursaluna|brn|[from] item: Flame Orb\n|upkeep\n|turn|6\n|inactive|Iamsliverfish has 30 seconds left.\n|\n|t:|1735805133\n|-terastallize|p2a: Ursaluna|Ghost\n|move|p1b: Ogerpon|Follow Me|p1b: Ogerpon\n|-singleturn|p1b: Ogerpon|move: Follow Me\n|move|p2b: Zamazenta|Body Press|p1b: Ogerpon\n|-supereffective|p1b: Ogerpon\n|-ability|p1b: Ogerpon|Sturdy\n|-damage|p1b: Ogerpon|1\/100\n|move|p1a: Calyrex|Glacial Lance|p2b: Zamazenta|[spread] p2a,p2b\n|-resisted|p2b: Zamazenta\n|-damage|p2a: Ursaluna|0 fnt\n|-damage|p2b: Zamazenta|0 fnt\n|faint|p2a: Ursaluna\n|faint|p2b: Zamazenta\n|\n|win|Moonlight410\n|raw|Moonlight410's rating: 1620 &rarr; <strong>1640<\/strong><br \/>(+20 for winning)\n|raw|Iamsliverfish's rating: 1617 &rarr; <strong>1597<\/strong><br \/>(-20 for losing)\n|l|\u2606Iamsliverfish\n|player|p2|\n|l|\u2606Moonlight410\n|player|p1|\n","uploadtime":1735805337,"views":295,"formatid":"gen9vgc2025regg","rating":1597,"private":0,"password":null}