{"id":"gen9vgc2025regg-2273229268","format":"[Gen 9] VGC 2025 Reg G","players":["Spottedwoot","RomanTogepi"],"log":"|j|\u2606Spottedwoot\n|j|\u2606RomanTogepi\n|t:|1735753132\n|gametype|doubles\n|player|p1|Spottedwoot|170|1555\n|player|p2|RomanTogepi|265|1553\n|teamsize|p1|6\n|teamsize|p2|6\n|gen|9\n|tier|[Gen 9] VGC 2025 Reg G\n|rated|\n|rule|Species Clause: Limit one of each Pok\u00e9mon\n|rule|Item Clause: Limit 1 of each item\n|clearpoke\n|poke|p1|Calyrex-Shadow, L50|\n|poke|p1|Rillaboom, L50, M|\n|poke|p1|Urshifu-*, L50, F|\n|poke|p1|Incineroar, L50, M|\n|poke|p1|Clefairy, L50, F|\n|poke|p1|Raging Bolt, L50|\n|poke|p2|Scream Tail, L50|\n|poke|p2|Terapagos, L50, M|\n|poke|p2|Incineroar, L50, M|\n|poke|p2|Rillaboom, L50, F|\n|poke|p2|Grimmsnarl, L50, M|\n|poke|p2|Ogerpon-Wellspring, L50, F|\n|teampreview|4\n|j| Qwertylinkon\n|inactive|Battle timer is ON: inactive players will automatically lose when time's up. (requested by Spottedwoot)\n|c| Qwertylinkon|Spottedwoot\n|l|\u2606Spottedwoot\n|inactive|Spottedwoot disconnected and has a minute to reconnect!\n|player|p1|\n|\n|t:|1735753178\n|start\n|switch|p1a: Urshifu|Urshifu-Rapid-Strike, L50, F|100\/100\n|switch|p1b: Incineroar|Incineroar, L50, M|100\/100\n|switch|p2a: KNIGHT|Incineroar, L50, M|100\/100\n|switch|p2b: PAWN|Grimmsnarl, L50, M, shiny|100\/100\n|-ability|p1b: Incineroar|Intimidate|boost\n|-unboost|p2a: KNIGHT|atk|1\n|-unboost|p2b: PAWN|atk|1\n|-ability|p2a: KNIGHT|Intimidate|boost\n|-unboost|p1a: Urshifu|atk|1\n|-unboost|p1b: Incineroar|atk|1\n|turn|1\n|j|\u2606Spottedwoot\n|inactive|Spottedwoot reconnected and has 50 seconds left.\n|player|p1|Spottedwoot|170|\n|\n|t:|1735753201\n|move|p1b: Incineroar|Fake Out|p2a: KNIGHT\n|-damage|p2a: KNIGHT|92\/100\n|move|p2b: PAWN|Reflect|p2b: PAWN\n|-sidestart|p2: RomanTogepi|Reflect\n|move|p1a: Urshifu|Surging Strikes|p2b: PAWN\n|-crit|p2b: PAWN\n|-damage|p2b: PAWN|80\/100\n|-crit|p2b: PAWN\n|-damage|p2b: PAWN|57\/100\n|-crit|p2b: PAWN\n|-damage|p2b: PAWN|38\/100\n|-hitcount|p2b: PAWN|3\n|cant|p2a: KNIGHT|flinch\n|\n|upkeep\n|turn|2\n|\n|t:|1735753219\n|move|p2b: PAWN|Light Screen|p2b: PAWN\n|-sidestart|p2: RomanTogepi|move: Light Screen\n|move|p1a: Urshifu|Surging Strikes|p2b: PAWN\n|-crit|p2b: PAWN\n|-damage|p2b: PAWN|16\/100\n|-crit|p2b: PAWN\n|-damage|p2b: PAWN|0 fnt\n|faint|p2b: PAWN\n|-hitcount|p2: PAWN|2\n|move|p1b: Incineroar|Parting Shot|p2a: KNIGHT\n|-unboost|p2a: KNIGHT|atk|1\n|-unboost|p2a: KNIGHT|spa|1\n|\n|t:|1735753224\n|switch|p1b: Calyrex|Calyrex-Shadow, L50|100\/100|[from] Parting Shot\n|-ability|p1b: Calyrex|As One\n|-ability|p1b: Calyrex|Unnerve\n|move|p2a: KNIGHT|Will-O-Wisp|p1a: Urshifu\n|-status|p1a: Urshifu|brn\n|\n|-damage|p1a: Urshifu|95\/100 brn|[from] brn\n|upkeep\n|\n|t:|1735753235\n|switch|p2b: KING|Terapagos, L50, M|100\/100\n|-activate|p2b: KING|ability: Tera Shift\n|detailschange|p2b: KING|Terapagos-Terastal, L50, M\n|-heal|p2b: KING|100\/100|[silent]\n|turn|3\n|\n|t:|1735753242\n|move|p1b: Calyrex|Protect|p1b: Calyrex\n|-singleturn|p1b: Calyrex|Protect\n|move|p1a: Urshifu|Surging Strikes|p2a: KNIGHT\n|-supereffective|p2a: KNIGHT\n|-crit|p2a: KNIGHT\n|-damage|p2a: KNIGHT|68\/100\n|-supereffective|p2a: KNIGHT\n|-crit|p2a: KNIGHT\n|-damage|p2a: KNIGHT|49\/100\n|-supereffective|p2a: KNIGHT\n|-crit|p2a: KNIGHT\n|-damage|p2a: KNIGHT|30\/100\n|-hitcount|p2a: KNIGHT|3\n|move|p2b: KING|Calm Mind|p2b: KING\n|-boost|p2b: KING|spa|1\n|-boost|p2b: KING|spd|1\n|move|p2a: KNIGHT|Parting Shot|p1b: Calyrex\n|-activate|p1b: Calyrex|move: Protect\n|\n|-damage|p1a: Urshifu|89\/100 brn|[from] brn\n|upkeep\n|turn|4\n|\n|t:|1735753257\n|move|p1a: Urshifu|Surging Strikes|p2a: KNIGHT\n|-supereffective|p2a: KNIGHT\n|-crit|p2a: KNIGHT\n|-damage|p2a: KNIGHT|10\/100\n|-supereffective|p2a: KNIGHT\n|-crit|p2a: KNIGHT\n|-damage|p2a: KNIGHT|0 fnt\n|faint|p2a: KNIGHT\n|-hitcount|p2: KNIGHT|2\n|move|p1b: Calyrex|Calm Mind|p1b: Calyrex\n|-boost|p1b: Calyrex|spa|1\n|-boost|p1b: Calyrex|spd|1\n|move|p2b: KING|Calm Mind|p2b: KING\n|-boost|p2b: KING|spa|1\n|-boost|p2b: KING|spd|1\n|\n|-damage|p1a: Urshifu|83\/100 brn|[from] brn\n|upkeep\n|\n|t:|1735753259\n|switch|p2a: BISHOP|Scream Tail, L50, shiny|100\/100\n|-enditem|p2a: BISHOP|Booster Energy\n|-activate|p2a: BISHOP|ability: Protosynthesis|[fromitem]\n|-start|p2a: BISHOP|protosynthesisspe\n|turn|5\n|\n|t:|1735753272\n|switch|p1b: Incineroar|Incineroar, L50, M|100\/100\n|-ability|p1b: Incineroar|Intimidate|boost\n|-unboost|p2a: BISHOP|atk|1\n|-unboost|p2b: KING|atk|1\n|move|p2a: BISHOP|Encore||[still]\n|-fail|p2a: BISHOP\n|move|p1a: Urshifu|Surging Strikes|p2a: BISHOP\n|-crit|p2a: BISHOP\n|-damage|p2a: BISHOP|92\/100\n|-crit|p2a: BISHOP\n|-damage|p2a: BISHOP|83\/100\n|-crit|p2a: BISHOP\n|-damage|p2a: BISHOP|75\/100\n|-hitcount|p2a: BISHOP|3\n|move|p2b: KING|Tera Starstorm|p1a: Urshifu\n|-damage|p1a: Urshifu|0 fnt\n|faint|p1a: Urshifu\n|\n|upkeep\n|\n|t:|1735753279\n|switch|p1a: Calyrex|Calyrex-Shadow, L50|100\/100\n|-ability|p1a: Calyrex|As One\n|-ability|p1a: Calyrex|Unnerve\n|turn|6\n|\n|t:|1735753289\n|move|p2a: BISHOP|Protect|p2a: BISHOP\n|-singleturn|p2a: BISHOP|Protect\n|move|p2b: KING|Protect|p2b: KING\n|-singleturn|p2b: KING|Protect\n|move|p1b: Incineroar|Fake Out|p2b: KING\n|-activate|p2b: KING|move: Protect\n|move|p1a: Calyrex|Astral Barrage|p2a: BISHOP|[spread] \n|-activate|p2a: BISHOP|move: Protect\n|-activate|p2b: KING|move: Protect\n|\n|upkeep\n|turn|7\n|\n|t:|1735753307\n|switch|p1a: Raging Bolt|Raging Bolt, L50|100\/100\n|-enditem|p1a: Raging Bolt|Booster Energy\n|-activate|p1a: Raging Bolt|ability: Protosynthesis|[fromitem]\n|-start|p1a: Raging Bolt|protosynthesisspa\n|move|p2a: BISHOP|Disable||[still]\n|-fail|p2a: BISHOP\n|move|p2b: KING|Tera Starstorm|p1b: Incineroar\n|-damage|p1b: Incineroar|4\/100\n|move|p1b: Incineroar|Will-O-Wisp|p2b: KING\n|-status|p2b: KING|brn\n|\n|-damage|p2b: KING|95\/100 brn|[from] brn\n|upkeep\n|turn|8\n|\n|t:|1735753324\n|-terastallize|p2b: KING|Stellar\n|detailschange|p2b: KING|Terapagos-Stellar, L50, M, tera:Stellar\n|-heal|p2b: KING|96\/100 brn|[silent]\n|-terastallize|p1a: Raging Bolt|Electric\n|move|p2a: BISHOP|Dazzling Gleam|p1b: Incineroar|[spread] p1a,p1b\n|-damage|p1a: Raging Bolt|87\/100\n|-damage|p1b: Incineroar|0 fnt\n|faint|p1b: Incineroar\n|move|p2b: KING|Tera Starstorm|p1a: Raging Bolt\n|-supereffective|p1a: Raging Bolt\n|-damage|p1a: Raging Bolt|0 fnt\n|faint|p1a: Raging Bolt\n|-end|p1a: Raging Bolt|Protosynthesis|[silent]\n|\n|-heal|p2b: KING|100\/100 brn|[from] item: Leftovers\n|-damage|p2b: KING|94\/100 brn|[from] brn\n|-sideend|p2: RomanTogepi|Reflect\n|upkeep\n|-message|Spottedwoot forfeited.\n|\n|win|RomanTogepi\n|raw|Spottedwoot's rating: 1555 &rarr; <strong>1535<\/strong><br \/>(-20 for losing)\n|raw|RomanTogepi's rating: 1553 &rarr; <strong>1573<\/strong><br \/>(+20 for winning)\n|l|\u2606Spottedwoot\n|player|p1|\n|l| Qwertylinkon\n|j| Qwertylinkon\n|l| Qwertylinkon\n|l|\u2606RomanTogepi\n|player|p2|\n","uploadtime":1735753593,"views":276,"formatid":"gen9vgc2025regg","rating":1535,"private":0,"password":null}