{"id":"gen9vgc2025regg-2274674497","format":"[Gen 9] VGC 2025 Reg G","players":["trtrmhg","Ggttmmhh"],"log":"|j|\u2606trtrmhg\n|j|\u2606Ggttmmhh\n|t:|1735961573\n|gametype|doubles\n|player|p1|trtrmhg|2|1617\n|player|p2|Ggttmmhh|265|1631\n|teamsize|p1|6\n|teamsize|p2|6\n|gen|9\n|tier|[Gen 9] VGC 2025 Reg G\n|rated|\n|rule|Species Clause: Limit one of each Pok\u00e9mon\n|rule|Item Clause: Limit 1 of each item\n|clearpoke\n|poke|p1|Zamazenta-*, L50|\n|poke|p1|Chien-Pao, L50|\n|poke|p1|Incineroar, L50, M|\n|poke|p1|Rillaboom, L50, M|\n|poke|p1|Tornadus, L50, M|\n|poke|p1|Ogerpon-Wellspring, L50, F|\n|poke|p2|Farigiraf, L50, M|\n|poke|p2|Chi-Yu, L50|\n|poke|p2|Raging Bolt, L50|\n|poke|p2|Groudon, L50|\n|poke|p2|Flutter Mane, L50|\n|poke|p2|Ditto, L50|\n|teampreview|4\n|j| jasonrfry\n|l| jasonrfry\n|\n|t:|1735961635\n|start\n|switch|p1a: Tornadus|Tornadus, L50, M|100\/100\n|switch|p1b: Incineroar|Incineroar, L50, M|100\/100\n|switch|p2a: Groudon|Groudon, L50|100\/100\n|switch|p2b: Chi-Yu|Chi-Yu, L50|100\/100\n|-ability|p2b: Chi-Yu|Beads of Ruin\n|-weather|SunnyDay|[from] ability: Drought|[of] p2a: Groudon\n|-ability|p1b: Incineroar|Intimidate|boost\n|-unboost|p2a: Groudon|atk|1\n|-unboost|p2b: Chi-Yu|atk|1\n|turn|1\n|\n|t:|1735961654\n|move|p1b: Incineroar|Fake Out|p2a: Groudon\n|-damage|p2a: Groudon|93\/100\n|move|p1a: Tornadus|Rain Dance|p1a: Tornadus\n|-weather|RainDance\n|move|p2b: Chi-Yu|Overheat|p1a: Tornadus\n|-crit|p1a: Tornadus\n|-damage|p1a: Tornadus|36\/100\n|-unboost|p2b: Chi-Yu|spa|2\n|cant|p2a: Groudon|flinch\n|\n|-weather|RainDance|[upkeep]\n|upkeep\n|turn|2\n|j| futonkagebunshin\n|\n|t:|1735961674\n|move|p1a: Tornadus|Tailwind|p1a: Tornadus\n|-sidestart|p1: trtrmhg|move: Tailwind\n|move|p2b: Chi-Yu|Overheat|p1a: Tornadus\n|-damage|p1a: Tornadus|14\/100\n|-unboost|p2b: Chi-Yu|spa|2\n|move|p1b: Incineroar|Parting Shot|p2a: Groudon\n|-unboost|p2a: Groudon|atk|1\n|-unboost|p2a: Groudon|spa|1\n|\n|t:|1735961681\n|switch|p1b: Ogerpon|Ogerpon-Wellspring, L50, F|100\/100|[from] Parting Shot\n|move|p2a: Groudon|Bulk Up|p2a: Groudon\n|-boost|p2a: Groudon|atk|1\n|-boost|p2a: Groudon|def|1\n|\n|-weather|RainDance|[upkeep]\n|upkeep\n|turn|3\n|\n|t:|1735961702\n|move|p1b: Ogerpon|Ivy Cudgel|p2a: Groudon|[anim] Ivy Cudgel Water\n|-supereffective|p2a: Groudon\n|-damage|p2a: Groudon|19\/100\n|move|p1a: Tornadus|Bleakwind Storm|p2b: Chi-Yu|[spread] p2a,p2b\n|-damage|p2a: Groudon|0 fnt\n|-damage|p2b: Chi-Yu|67\/100\n|faint|p2a: Groudon\n|move|p2b: Chi-Yu|Overheat|p1a: Tornadus\n|-damage|p1a: Tornadus|0 fnt\n|-unboost|p2b: Chi-Yu|spa|2\n|faint|p1a: Tornadus\n|\n|-weather|RainDance|[upkeep]\n|upkeep\n|\n|t:|1735961710\n|switch|p1a: Zamazenta|Zamazenta-Crowned, L50|100\/100\n|switch|p2a: Flutter Mane|Flutter Mane, L50|100\/100\n|-ability|p1a: Zamazenta|Dauntless Shield|boost\n|-boost|p1a: Zamazenta|def|1\n|turn|4\n|\n|t:|1735961729\n|move|p2a: Flutter Mane|Protect|p2a: Flutter Mane\n|-singleturn|p2a: Flutter Mane|Protect\n|move|p1a: Zamazenta|Heavy Slam|p2a: Flutter Mane\n|-activate|p2a: Flutter Mane|move: Protect\n|move|p1b: Ogerpon|Ivy Cudgel|p2b: Chi-Yu|[anim] Ivy Cudgel Water\n|-supereffective|p2b: Chi-Yu\n|-damage|p2b: Chi-Yu|0 fnt\n|faint|p2b: Chi-Yu\n|\n|-weather|RainDance|[upkeep]\n|upkeep\n|\n|t:|1735961736\n|switch|p2b: Ditto|Ditto, L50|100\/100\n|-transform|p2b: Ditto|p1a: Zamazenta|[from] ability: Imposter\n|-ability|p2b: Ditto|Dauntless Shield|boost\n|-boost|p2b: Ditto|def|1\n|turn|5\n|\n|t:|1735961781\n|-terastallize|p1a: Zamazenta|Flying\n|-terastallize|p2b: Ditto|Ghost\n|move|p1a: Zamazenta|Heavy Slam|p2a: Flutter Mane\n|-supereffective|p2a: Flutter Mane\n|-enditem|p2a: Flutter Mane|Focus Sash\n|-damage|p2a: Flutter Mane|1\/100\n|move|p1b: Ogerpon|Ivy Cudgel|p2b: Ditto|[anim] Ivy Cudgel Water\n|-damage|p2b: Ditto|57\/100\n|move|p2a: Flutter Mane|Thunder Wave|p1a: Zamazenta\n|-status|p1a: Zamazenta|par\n|move|p2b: Ditto|Body Press|p1b: Ogerpon\n|-damage|p1b: Ogerpon|4\/100\n|\n|-weather|none\n|-sideend|p1: trtrmhg|move: Tailwind\n|upkeep\n|turn|6\n|\n|t:|1735961848\n|move|p2a: Flutter Mane|Protect|p2a: Flutter Mane\n|-singleturn|p2a: Flutter Mane|Protect\n|move|p1b: Ogerpon|Follow Me|p1b: Ogerpon\n|-singleturn|p1b: Ogerpon|move: Follow Me\n|move|p2b: Ditto|Iron Defense|p2b: Ditto\n|-boost|p2b: Ditto|def|2\n|cant|p1a: Zamazenta|par\n|\n|upkeep\n|turn|7\n|\n|t:|1735961862\n|move|p1b: Ogerpon|Follow Me|p1b: Ogerpon\n|-singleturn|p1b: Ogerpon|move: Follow Me\n|move|p2a: Flutter Mane|Icy Wind|p1a: Zamazenta|[spread] p1a,p1b\n|-supereffective|p1a: Zamazenta\n|-crit|p1a: Zamazenta\n|-damage|p1a: Zamazenta|72\/100 par\n|-damage|p1b: Ogerpon|0 fnt\n|-unboost|p1a: Zamazenta|spe|1\n|faint|p1b: Ogerpon\n|move|p2b: Ditto|Iron Defense|p2b: Ditto\n|-boost|p2b: Ditto|def|2\n|cant|p1a: Zamazenta|par\n|\n|upkeep\n|\n|t:|1735961865\n|switch|p1b: Incineroar|Incineroar, L50, M|100\/100\n|-ability|p1b: Incineroar|Intimidate|boost\n|-unboost|p2a: Flutter Mane|atk|1\n|-unboost|p2b: Ditto|atk|1\n|turn|8\n|\n|t:|1735961884\n|move|p2a: Flutter Mane|Moonblast|p1a: Zamazenta\n|-damage|p1a: Zamazenta|40\/100 par\n|-unboost|p1a: Zamazenta|spa|1\n|move|p2b: Ditto|Body Press|p1b: Incineroar\n|-supereffective|p1b: Incineroar\n|-damage|p1b: Incineroar|0 fnt\n|faint|p1b: Incineroar\n|move|p1a: Zamazenta|Heavy Slam|p2a: Flutter Mane\n|-supereffective|p2a: Flutter Mane\n|-damage|p2a: Flutter Mane|0 fnt\n|faint|p2a: Flutter Mane\n|-end|p2a: Flutter Mane|Protosynthesis|[silent]\n|\n|upkeep\n|turn|9\n|\n|t:|1735961895\n|move|p2b: Ditto|Body Press|p1a: Zamazenta\n|-resisted|p1a: Zamazenta\n|-damage|p1a: Zamazenta|7\/100 par\n|cant|p1a: Zamazenta|par\n|\n|upkeep\n|turn|10\n|-message|trtrmhg forfeited.\n|\n|win|Ggttmmhh\n|raw|trtrmhg's rating: 1617 &rarr; <strong>1598<\/strong><br \/>(-19 for losing)\n|raw|Ggttmmhh's rating: 1631 &rarr; <strong>1650<\/strong><br \/>(+19 for winning)\n|l|\u2606trtrmhg\n|player|p1|\n|l|\u2606Ggttmmhh\n|player|p2|\n","uploadtime":1735961905,"views":343,"formatid":"gen9vgc2025regg","rating":1598,"private":0,"password":null}