{"id":"gen9vgc2025regg-2274661391","format":"[Gen 9] VGC 2025 Reg G","players":["Angelo Neres","bobhammer36"],"log":"|j|\u2606Angelo Neres\n|j|\u2606bobhammer36\n|t:|1735959720\n|gametype|doubles\n|player|p1|Angelo Neres|266|1583\n|player|p2|bobhammer36|265|1524\n|teamsize|p1|6\n|teamsize|p2|6\n|gen|9\n|tier|[Gen 9] VGC 2025 Reg G\n|rated|\n|rule|Species Clause: Limit one of each Pok\u00e9mon\n|rule|Item Clause: Limit 1 of each item\n|clearpoke\n|poke|p1|Groudon, L50|\n|poke|p1|Moltres-Galar, L50|\n|poke|p1|Scream Tail, L50|\n|poke|p1|Grimmsnarl, L50, M|\n|poke|p1|Cobalion, L50|\n|poke|p1|Glimmora, L50, F|\n|poke|p2|Indeedee-F, L50, F|\n|poke|p2|Gallade, L50, M|\n|poke|p2|Ursaluna-Bloodmoon, L50, M|\n|poke|p2|Ogerpon-Wellspring, L50, F|\n|poke|p2|Calyrex-Ice, L50|\n|poke|p2|Torkoal, L50, F|\n|teampreview|4\n|inactive|Battle timer is ON: inactive players will automatically lose when time's up. (requested by Angelo Neres)\n|inactive|Angelo Neres has 60 seconds left.\n|inactive|bobhammer36 has 60 seconds left.\n|j| futonkagebunshin\n|inactive|bobhammer36 has 30 seconds left.\n|\n|t:|1735959785\n|start\n|switch|p1a: Grimmsnarl|Grimmsnarl, L50, M, shiny|100\/100\n|switch|p1b: Glimmora|Glimmora, L50, F, shiny|100\/100\n|switch|p2a: Ogerpon|Ogerpon-Wellspring, L50, F|100\/100\n|switch|p2b: Calyrex|Calyrex-Ice, L50|100\/100\n|-ability|p2b: Calyrex|As One\n|-ability|p2b: Calyrex|Unnerve\n|turn|1\n|\n|t:|1735959806\n|-terastallize|p2b: Calyrex|Water\n|move|p1a: Grimmsnarl|Reflect|p1a: Grimmsnarl\n|-sidestart|p1: Angelo Neres|Reflect\n|move|p1b: Glimmora|Stealth Rock|p2b: Calyrex\n|-sidestart|p2: bobhammer36|move: Stealth Rock\n|move|p2a: Ogerpon|Ivy Cudgel|p1b: Glimmora|[anim] Ivy Cudgel Water\n|-supereffective|p1b: Glimmora\n|-damage|p1b: Glimmora|2\/100\n|-activate|p1b: Glimmora|ability: Toxic Debris\n|-sidestart|p2: bobhammer36|move: Toxic Spikes\n|move|p2b: Calyrex|Trick Room|p2b: Calyrex\n|-fieldstart|move: Trick Room|[of] p2b: Calyrex\n|\n|upkeep\n|turn|2\n|\n|t:|1735959828\n|move|p1b: Glimmora|Spiky Shield|p1b: Glimmora\n|-singleturn|p1b: Glimmora|move: Protect\n|move|p1a: Grimmsnarl|Parting Shot|p2a: Ogerpon\n|-unboost|p2a: Ogerpon|atk|1\n|-unboost|p2a: Ogerpon|spa|1\n|\n|t:|1735959833\n|switch|p1a: Cobalion|Cobalion, L50, shiny|100\/100|[from] Parting Shot\n|move|p2b: Calyrex|Glacial Lance|p1b: Glimmora|[spread] p1a\n|-activate|p1b: Glimmora|move: Protect\n|-resisted|p1a: Cobalion\n|-damage|p1a: Cobalion|89\/100\n|move|p2a: Ogerpon|Ivy Cudgel|p1a: Cobalion|[anim] Ivy Cudgel Water\n|-damage|p1a: Cobalion|73\/100\n|\n|upkeep\n|turn|3\n|j| PhantumKai\n|\n|t:|1735959854\n|switch|p1b: Grimmsnarl|Grimmsnarl, L50, M, shiny|100\/100\n|move|p2b: Calyrex|High Horsepower|p1a: Cobalion\n|-supereffective|p1a: Cobalion\n|-damage|p1a: Cobalion|42\/100\n|move|p2a: Ogerpon|Ivy Cudgel|p1b: Grimmsnarl|[anim] Ivy Cudgel Water\n|-damage|p1b: Grimmsnarl|78\/100\n|move|p1a: Cobalion|Iron Defense|p1a: Cobalion\n|-boost|p1a: Cobalion|def|2\n|\n|upkeep\n|turn|4\n|inactive|bobhammer36 has 30 seconds left.\n|\n|t:|1735959883\n|move|p2b: Calyrex|High Horsepower|p1a: Cobalion\n|-supereffective|p1a: Cobalion\n|-damage|p1a: Cobalion|24\/100\n|move|p1b: Grimmsnarl|Spirit Break|p2b: Calyrex\n|-damage|p2b: Calyrex|82\/100\n|move|p2a: Ogerpon|Taunt|p1a: Cobalion\n|-start|p1a: Cobalion|move: Taunt\n|move|p1a: Cobalion|Body Press|p2a: Ogerpon\n|-damage|p2a: Ogerpon|1\/100\n|\n|upkeep\n|turn|5\n|inactive|bobhammer36 has 30 seconds left.\n|inactive|bobhammer36 has 20 seconds left.\n|\n|t:|1735959919\n|move|p2a: Ogerpon|Follow Me|p2a: Ogerpon\n|-singleturn|p2a: Ogerpon|move: Follow Me\n|move|p2b: Calyrex|High Horsepower|p1a: Cobalion|[miss]\n|-miss|p2b: Calyrex|p1a: Cobalion\n|move|p1b: Grimmsnarl|Spirit Break|p2a: Ogerpon\n|-damage|p2a: Ogerpon|0 fnt\n|faint|p2a: Ogerpon\n|move|p1a: Cobalion|Body Press|p2b: Calyrex\n|-damage|p2b: Calyrex|25\/100\n|\n|-sideend|p1: Angelo Neres|Reflect\n|-fieldend|move: Trick Room\n|upkeep\n|\n|t:|1735959929\n|switch|p2a: Indeedee|Indeedee-F, L50, F|100\/100\n|-damage|p2a: Indeedee|88\/100|[from] Stealth Rock\n|-status|p2a: Indeedee|psn\n|-fieldstart|move: Psychic Terrain|[from] ability: Psychic Surge|[of] p2a: Indeedee\n|turn|6\n|inactive|Angelo Neres has 30 seconds left.\n|\n|t:|1735959959\n|move|p2a: Indeedee|Follow Me|p2a: Indeedee\n|-singleturn|p2a: Indeedee|move: Follow Me\n|move|p1b: Grimmsnarl|Reflect|p1b: Grimmsnarl\n|-sidestart|p1: Angelo Neres|Reflect\n|move|p1a: Cobalion|Body Press|p2a: Indeedee\n|-damage|p2a: Indeedee|0 fnt\n|-damage|p1a: Cobalion|7\/100|[from] item: Rocky Helmet|[of] p2a: Indeedee\n|faint|p2a: Indeedee\n|move|p2b: Calyrex|Trick Room|p2b: Calyrex\n|-fieldstart|move: Trick Room|[of] p2b: Calyrex\n|\n|-end|p1a: Cobalion|move: Taunt\n|upkeep\n|\n|t:|1735959966\n|switch|p2a: Torkoal|Torkoal, L50, F|100\/100\n|-damage|p2a: Torkoal|76\/100|[from] Stealth Rock\n|-status|p2a: Torkoal|psn\n|-weather|SunnyDay|[from] ability: Drought|[of] p2a: Torkoal\n|turn|7\n|\n|t:|1735959981\n|move|p1a: Cobalion|Protect|p1a: Cobalion\n|-singleturn|p1a: Cobalion|Protect\n|move|p1b: Grimmsnarl|Light Screen|p1b: Grimmsnarl\n|-sidestart|p1: Angelo Neres|move: Light Screen\n|move|p2a: Torkoal|Eruption|p1a: Cobalion|[spread] p1b\n|-activate|p1a: Cobalion|move: Protect\n|-damage|p1b: Grimmsnarl|39\/100\n|move|p2b: Calyrex|Glacial Lance|p1b: Grimmsnarl|[spread] p1b\n|-activate|p1a: Cobalion|move: Protect\n|-crit|p1b: Grimmsnarl\n|-damage|p1b: Grimmsnarl|0 fnt\n|faint|p1b: Grimmsnarl\n|-ability|p2b: Calyrex|Chilling Neigh|boost\n|-boost|p2b: Calyrex|atk|1\n|\n|-weather|SunnyDay|[upkeep]\n|-damage|p2a: Torkoal|63\/100 psn|[from] psn\n|upkeep\n|\n|t:|1735960000\n|switch|p1b: Glimmora|Glimmora, L50, F, shiny|2\/100\n|turn|8\n|\n|t:|1735960015\n|move|p1a: Cobalion|Protect||[still]\n|-fail|p1a: Cobalion\n|move|p1b: Glimmora|Spiky Shield|p1b: Glimmora\n|-singleturn|p1b: Glimmora|move: Protect\n|move|p2a: Torkoal|Eruption|p1b: Glimmora|[spread] p1a\n|-activate|p1b: Glimmora|move: Protect\n|-supereffective|p1a: Cobalion\n|-damage|p1a: Cobalion|0 fnt\n|faint|p1a: Cobalion\n|move|p2b: Calyrex|Glacial Lance|p1b: Glimmora\n|-activate|p1b: Glimmora|move: Protect\n|\n|-weather|SunnyDay|[upkeep]\n|-damage|p2a: Torkoal|51\/100 psn|[from] psn\n|upkeep\n|\n|t:|1735960032\n|switch|p1a: Moltres|Moltres-Galar, L50, shiny|100\/100\n|turn|9\n|inactive|Angelo Neres has 30 seconds left.\n|\n|t:|1735960061\n|move|p1a: Moltres|Protect|p1a: Moltres\n|-singleturn|p1a: Moltres|Protect\n|move|p1b: Glimmora|Spiky Shield||[still]\n|-fail|p1b: Glimmora\n|move|p2a: Torkoal|Eruption|p1b: Glimmora|[spread] p1b\n|-activate|p1a: Moltres|move: Protect\n|-resisted|p1b: Glimmora\n|-damage|p1b: Glimmora|0 fnt\n|faint|p1b: Glimmora\n|move|p2b: Calyrex|Glacial Lance|p1a: Moltres\n|-activate|p1a: Moltres|move: Protect\n|\n|-weather|SunnyDay|[upkeep]\n|-damage|p2a: Torkoal|38\/100 psn|[from] psn\n|upkeep\n|turn|10\n|\n|t:|1735960072\n|move|p1a: Moltres|Protect||[still]\n|-fail|p1a: Moltres\n|move|p2a: Torkoal|Weather Ball|p1a: Moltres\n|-damage|p1a: Moltres|59\/100\n|move|p2b: Calyrex|Glacial Lance|p1a: Moltres\n|-supereffective|p1a: Moltres\n|-damage|p1a: Moltres|0 fnt\n|faint|p1a: Moltres\n|\n|win|bobhammer36\n|raw|Angelo Neres's rating: 1583 &rarr; <strong>1560<\/strong><br \/>(-23 for losing)\n|raw|bobhammer36's rating: 1524 &rarr; <strong>1547<\/strong><br \/>(+23 for winning)\n|l|\u2606Angelo Neres\n|player|p1|\n|l| PhantumKai\n|l|\u2606bobhammer36\n|player|p2|\n","uploadtime":1735960248,"views":17,"formatid":"gen9vgc2025regg","rating":1547,"private":0,"password":null}