{"id":"gen9vgc2025regg-2274511034","format":"[Gen 9] VGC 2025 Reg G","players":["Chazzitup4200","Xatseye"],"log":"|j|\u2606Chazzitup4200\n|j|\u2606Xatseye\n|t:|1735940244\n|gametype|doubles\n|player|p1|Chazzitup4200|iris-gen5bw2|1599\n|player|p2|Xatseye|biker|1599\n|teamsize|p1|6\n|teamsize|p2|6\n|gen|9\n|tier|[Gen 9] VGC 2025 Reg G\n|rated|\n|rule|Species Clause: Limit one of each Pok\u00e9mon\n|rule|Item Clause: Limit 1 of each item\n|clearpoke\n|poke|p1|Eternatus, L50|\n|poke|p1|Chi-Yu, L50|\n|poke|p1|Tornadus, L50, M|\n|poke|p1|Flutter Mane, L50|\n|poke|p1|Urshifu-*, L50, F|\n|poke|p1|Rillaboom, L50, M|\n|poke|p2|Cresselia, L50, F|\n|poke|p2|Flutter Mane, L50|\n|poke|p2|Maushold-Four, L50|\n|poke|p2|Incineroar, L50, M|\n|poke|p2|Calyrex-Ice, L50|\n|poke|p2|Raging Bolt, L50|\n|teampreview|4\n|inactive|Battle timer is ON: inactive players will automatically lose when time's up. (requested by Xatseye)\n|\n|t:|1735940262\n|start\n|switch|p1a: Eternatus|Eternatus, L50|100\/100\n|switch|p1b: Rillaboom|Rillaboom, L50, M|100\/100\n|switch|p2a: Flutter Mane|Flutter Mane, L50|100\/100\n|switch|p2b: Maushold|Maushold-Four, L50, shiny|100\/100\n|-ability|p1a: Eternatus|Pressure\n|-fieldstart|move: Grassy Terrain|[from] ability: Grassy Surge|[of] p1b: Rillaboom\n|-enditem|p2a: Flutter Mane|Booster Energy\n|-activate|p2a: Flutter Mane|ability: Protosynthesis|[fromitem]\n|-start|p2a: Flutter Mane|protosynthesisspa\n|turn|1\n|j| futonkagebunshin\n|inactive|Chazzitup4200 has 30 seconds left.\n|\n|t:|1735940291\n|move|p1a: Eternatus|Meteor Beam||[still]\n|-prepare|p1a: Eternatus|Meteor Beam\n|-boost|p1a: Eternatus|spa|1\n|-enditem|p1a: Eternatus|Power Herb\n|-anim|p1a: Eternatus|Meteor Beam|p2a: Flutter Mane\n|-damage|p2a: Flutter Mane|57\/100\n|move|p2b: Maushold|Super Fang|p1a: Eternatus\n|-damage|p1a: Eternatus|51\/100\n|move|p2a: Flutter Mane|Moonblast|p1a: Eternatus\n|-damage|p1a: Eternatus|0 fnt\n|faint|p1a: Eternatus\n|move|p1b: Rillaboom|Wood Hammer|p2b: Maushold\n|-damage|p2b: Maushold|13\/100\n|-damage|p1b: Rillaboom|75\/100|[from] Recoil\n|\n|-heal|p2b: Maushold|19\/100|[from] Grassy Terrain\n|-heal|p2a: Flutter Mane|63\/100|[from] Grassy Terrain\n|-heal|p1b: Rillaboom|81\/100|[from] Grassy Terrain\n|upkeep\n|inactive|Chazzitup4200 has 30 seconds left.\n|\n|t:|1735940319\n|switch|p1a: Urshifu|Urshifu, L50, F|100\/100\n|turn|2\n|\n|t:|1735940330\n|-terastallize|p2a: Flutter Mane|Fairy\n|-terastallize|p1a: Urshifu|Dark\n|move|p2b: Maushold|Follow Me|p2b: Maushold\n|-singleturn|p2b: Maushold|move: Follow Me\n|move|p1b: Rillaboom|Grassy Glide|p2b: Maushold\n|-damage|p2b: Maushold|0 fnt\n|faint|p2b: Maushold\n|move|p2a: Flutter Mane|Dazzling Gleam|p1a: Urshifu|[spread] p1a,p1b\n|-supereffective|p1a: Urshifu\n|-enditem|p1a: Urshifu|Focus Sash\n|-damage|p1a: Urshifu|1\/100\n|-damage|p1b: Rillaboom|43\/100\n|move|p1a: Urshifu|Wicked Blow|p2a: Flutter Mane\n|-resisted|p2a: Flutter Mane\n|-crit|p2a: Flutter Mane\n|-damage|p2a: Flutter Mane|0 fnt\n|faint|p2a: Flutter Mane\n|-end|p2a: Flutter Mane|Protosynthesis|[silent]\n|\n|-heal|p1a: Urshifu|7\/100|[from] Grassy Terrain\n|-heal|p1b: Rillaboom|48\/100|[from] Grassy Terrain\n|upkeep\n|\n|t:|1735940348\n|switch|p2b: Raging Bolt|Raging Bolt, L50|100\/100\n|switch|p2a: Calyrex|Calyrex-Ice, L50|100\/100\n|-ability|p2a: Calyrex|As One\n|-ability|p2a: Calyrex|Unnerve\n|turn|3\n|\n|t:|1735940367\n|switch|p1a: Chi-Yu|Chi-Yu, L50|100\/100\n|-ability|p1a: Chi-Yu|Beads of Ruin\n|move|p2a: Calyrex|Protect|p2a: Calyrex\n|-singleturn|p2a: Calyrex|Protect\n|move|p2b: Raging Bolt|Thunderclap||[still]\n|-fail|p2b: Raging Bolt\n|move|p1b: Rillaboom|Wood Hammer|p2a: Calyrex\n|-activate|p2a: Calyrex|move: Protect\n|\n|-heal|p1b: Rillaboom|54\/100|[from] Grassy Terrain\n|upkeep\n|turn|4\n|\n|t:|1735940384\n|move|p2b: Raging Bolt|Thunderclap|p1a: Chi-Yu\n|-damage|p1a: Chi-Yu|50\/100\n|move|p1a: Chi-Yu|Overheat|p2a: Calyrex\n|-supereffective|p2a: Calyrex\n|-damage|p2a: Calyrex|0 fnt\n|-unboost|p1a: Chi-Yu|spa|2\n|faint|p2a: Calyrex\n|move|p1b: Rillaboom|High Horsepower|p2b: Raging Bolt\n|-supereffective|p2b: Raging Bolt\n|-damage|p2b: Raging Bolt|42\/100\n|\n|-heal|p1a: Chi-Yu|57\/100|[from] Grassy Terrain\n|-heal|p1b: Rillaboom|60\/100|[from] Grassy Terrain\n|-heal|p2b: Raging Bolt|49\/100|[from] Grassy Terrain\n|upkeep\n|turn|5\n|-message|Xatseye forfeited.\n|\n|win|Chazzitup4200\n|raw|Chazzitup4200's rating: 1599 &rarr; <strong>1619<\/strong><br \/>(+20 for winning)\n|raw|Xatseye's rating: 1599 &rarr; <strong>1579<\/strong><br \/>(-20 for losing)\n|l|\u2606Chazzitup4200\n|player|p1|\n|l|\u2606Xatseye\n|player|p2|\n","uploadtime":1735940644,"views":22,"formatid":"gen9vgc2025regg","rating":1579,"private":0,"password":null}