{"id":"gen9vgc2025regg-2274859833","format":"[Gen 9] VGC 2025 Reg G","players":["MakesSenseVGC","madgiraffe"],"log":"|j|\u2606MakesSenseVGC\n|j|\u2606madgiraffe\n|t:|1735997885\n|gametype|doubles\n|player|p1|MakesSenseVGC|170|1569\n|player|p2|madgiraffe|1|1512\n|teamsize|p1|6\n|teamsize|p2|6\n|gen|9\n|tier|[Gen 9] VGC 2025 Reg G\n|rated|\n|rule|Species Clause: Limit one of each Pok\u00e9mon\n|rule|Item Clause: Limit 1 of each item\n|clearpoke\n|poke|p1|Tatsugiri-Droopy, L50, F|\n|poke|p1|Calyrex-Shadow, L50|\n|poke|p1|Weezing-Galar, L50, F|\n|poke|p1|Indeedee-F, L50, F|\n|poke|p1|Dondozo, L50, F|\n|poke|p1|Grimmsnarl, L50, M|\n|poke|p2|Terapagos, L50, M|\n|poke|p2|Rillaboom, L50, F|\n|poke|p2|Incineroar, L50, M|\n|poke|p2|Urshifu-*, L50, F|\n|poke|p2|Flutter Mane, L50|\n|poke|p2|Tornadus, L50, M|\n|teampreview|4\n|inactive|Battle timer is ON: inactive players will automatically lose when time's up. (requested by madgiraffe)\n|j| ido1234567890\n|j| CaptainHashbrown\n|inactive|madgiraffe has 60 seconds left.\n|l| ido1234567890\n|l| CaptainHashbrown\n|\n|t:|1735997935\n|start\n|switch|p1a: Weezing|Weezing-Galar, L50, F|100\/100\n|switch|p1b: Dondozo|Dondozo, L50, F|100\/100\n|switch|p2a: Terapagos|Terapagos, L50, M|100\/100\n|switch|p2b: Incineroar|Incineroar, L50, M|100\/100\n|-activate|p2a: Terapagos|ability: Tera Shift\n|detailschange|p2a: Terapagos|Terapagos-Terastal, L50, M\n|-heal|p2a: Terapagos|100\/100|[silent]\n|-ability|p1a: Weezing|Neutralizing Gas\n|turn|1\n|\n|t:|1735997963\n|move|p2b: Incineroar|Fake Out|p1b: Dondozo\n|-damage|p1b: Dondozo|95\/100\n|move|p2a: Terapagos|Substitute|p2a: Terapagos\n|-start|p2a: Terapagos|Substitute\n|-damage|p2a: Terapagos|75\/100\n|move|p1a: Weezing|Poison Gas||[still]|[spread] p2a,p2b\n|-fail|p1a: Weezing\n|-status|p2b: Incineroar|psn\n|cant|p1b: Dondozo|flinch\n|\n|-heal|p2a: Terapagos|82\/100|[from] item: Leftovers\n|-heal|p1b: Dondozo|100\/100|[from] item: Leftovers\n|-damage|p2b: Incineroar|88\/100 psn|[from] psn\n|upkeep\n|turn|2\n|\n|t:|1735997987\n|-end|p1a: Weezing|ability: Neutralizing Gas\n|-ability|p2b: Incineroar|Intimidate|boost\n|-unboost|p1a: Weezing|atk|1\n|-unboost|p1b: Dondozo|atk|1\n|switch|p1a: Tatsugiri|Tatsugiri-Droopy, L50, F|100\/100\n|-activate|p1a: Tatsugiri|ability: Commander|[of] p1b: Dondozo\n|-boost|p1b: Dondozo|atk|2\n|-boost|p1b: Dondozo|spa|2\n|-boost|p1b: Dondozo|spe|2\n|-boost|p1b: Dondozo|def|2\n|-boost|p1b: Dondozo|spd|2\n|-terastallize|p2a: Terapagos|Stellar\n|detailschange|p2a: Terapagos|Terapagos-Stellar, L50, M, tera:Stellar\n|-heal|p2a: Terapagos|86\/100|[silent]\n|move|p2a: Terapagos|Tera Starstorm|p1b: Dondozo|[spread] p1b\n|-miss|p2a: Terapagos|p1a: Tatsugiri\n|-damage|p1b: Dondozo|82\/100\n|move|p1b: Dondozo|Body Press|p2b: Incineroar\n|-supereffective|p2b: Incineroar\n|-damage|p2b: Incineroar|10\/100 psn\n|-damage|p1b: Dondozo|65\/100|[from] item: Rocky Helmet|[of] p2b: Incineroar\n|move|p2b: Incineroar|Knock Off|p1b: Dondozo\n|-crit|p1b: Dondozo\n|-damage|p1b: Dondozo|41\/100\n|-enditem|p1b: Dondozo|Leftovers|[from] move: Knock Off|[of] p2b: Incineroar\n|\n|-heal|p2a: Terapagos|93\/100|[from] item: Leftovers\n|-damage|p2b: Incineroar|0 fnt|[from] psn\n|faint|p2b: Incineroar\n|upkeep\n|\n|t:|1735998003\n|switch|p2b: Urshifu|Urshifu-Rapid-Strike, L50, F|100\/100\n|turn|3\n|j| Claarity\n|\n|t:|1735998018\n|move|p2b: Urshifu|Surging Strikes|p1b: Dondozo\n|-resisted|p1b: Dondozo\n|-crit|p1b: Dondozo\n|-damage|p1b: Dondozo|35\/100\n|-resisted|p1b: Dondozo\n|-crit|p1b: Dondozo\n|-damage|p1b: Dondozo|30\/100\n|-resisted|p1b: Dondozo\n|-crit|p1b: Dondozo\n|-damage|p1b: Dondozo|24\/100\n|-hitcount|p1b: Dondozo|3\n|move|p2a: Terapagos|Calm Mind|p2a: Terapagos\n|-boost|p2a: Terapagos|spa|1\n|-boost|p2a: Terapagos|spd|1\n|move|p1b: Dondozo|Body Press|p2a: Terapagos\n|-supereffective|p2a: Terapagos\n|-end|p2a: Terapagos|Substitute\n|\n|-heal|p2a: Terapagos|99\/100|[from] item: Leftovers\n|upkeep\n|turn|4\n|j| CaptainHashbrown\n|\n|t:|1735998042\n|move|p2a: Terapagos|Protect|p2a: Terapagos\n|-singleturn|p2a: Terapagos|Protect\n|move|p2b: Urshifu|Surging Strikes|p1b: Dondozo\n|-resisted|p1b: Dondozo\n|-crit|p1b: Dondozo\n|-damage|p1b: Dondozo|18\/100\n|-resisted|p1b: Dondozo\n|-crit|p1b: Dondozo\n|-damage|p1b: Dondozo|12\/100\n|-resisted|p1b: Dondozo\n|-crit|p1b: Dondozo\n|-damage|p1b: Dondozo|7\/100\n|-hitcount|p1b: Dondozo|3\n|move|p1b: Dondozo|Body Press|p2a: Terapagos\n|-activate|p2a: Terapagos|move: Protect\n|\n|-heal|p2a: Terapagos|100\/100|[from] item: Leftovers\n|upkeep\n|turn|5\n|\n|t:|1735998064\n|move|p2b: Urshifu|Surging Strikes|p1b: Dondozo\n|-resisted|p1b: Dondozo\n|-crit|p1b: Dondozo\n|-damage|p1b: Dondozo|1\/100\n|-resisted|p1b: Dondozo\n|-crit|p1b: Dondozo\n|-damage|p1b: Dondozo|0 fnt\n|faint|p1b: Dondozo\n|-hitcount|p1: Dondozo|2\n|move|p2a: Terapagos|Substitute|p2a: Terapagos\n|-start|p2a: Terapagos|Substitute\n|-damage|p2a: Terapagos|76\/100\n|\n|-heal|p2a: Terapagos|82\/100|[from] item: Leftovers\n|upkeep\n|\n|t:|1735998070\n|switch|p1b: Calyrex|Calyrex-Shadow, L50|100\/100\n|-ability|p1b: Calyrex|As One\n|-ability|p1b: Calyrex|Unnerve\n|turn|6\n|\n|t:|1735998085\n|move|p1b: Calyrex|Expanding Force|p2b: Urshifu\n|-supereffective|p2b: Urshifu\n|-damage|p2b: Urshifu|0 fnt\n|faint|p2b: Urshifu\n|-ability|p1b: Calyrex|Grim Neigh|boost\n|-boost|p1b: Calyrex|spa|1\n|-damage|p1b: Calyrex|91\/100|[from] item: Life Orb\n|move|p1a: Tatsugiri|Muddy Water|p2a: Terapagos\n|-activate|p2a: Terapagos|move: Substitute|[damage]\n|move|p2a: Terapagos|Tera Starstorm|p1b: Calyrex|[spread] p1a,p1b\n|-damage|p1a: Tatsugiri|25\/100\n|-damage|p1b: Calyrex|25\/100\n|\n|-heal|p2a: Terapagos|88\/100|[from] item: Leftovers\n|upkeep\n|\n|t:|1735998088\n|switch|p2b: Tornadus|Tornadus, L50, M|100\/100\n|turn|7\n|\n|t:|1735998103\n|switch|p1a: Weezing|Weezing-Galar, L50, F|100\/100\n|-ability|p1a: Weezing|Neutralizing Gas\n|move|p1b: Calyrex|Astral Barrage|p2b: Tornadus|[spread] p2b\n|-immune|p2a: Terapagos\n|-enditem|p2b: Tornadus|Focus Sash\n|-damage|p2b: Tornadus|1\/100\n|-damage|p1b: Calyrex|16\/100|[from] item: Life Orb\n|move|p2b: Tornadus|Tailwind|p2b: Tornadus\n|-sidestart|p2: madgiraffe|move: Tailwind\n|move|p2a: Terapagos|Tera Starstorm|p1a: Weezing|[spread] p1a,p1b\n|-damage|p1a: Weezing|44\/100\n|-damage|p1b: Calyrex|0 fnt\n|faint|p1b: Calyrex\n|\n|-heal|p2a: Terapagos|94\/100|[from] item: Leftovers\n|upkeep\n|\n|t:|1735998119\n|switch|p1b: Tatsugiri|Tatsugiri-Droopy, L50, F|25\/100\n|turn|8\n|-message|MakesSenseVGC forfeited.\n|\n|win|madgiraffe\n|raw|MakesSenseVGC's rating: 1569 &rarr; <strong>1546<\/strong><br \/>(-23 for losing)\n|raw|madgiraffe's rating: 1512 &rarr; <strong>1535<\/strong><br \/>(+23 for winning)\n|l|\u2606MakesSenseVGC\n|player|p1|\n|l| CaptainHashbrown\n|l|\u2606madgiraffe\n|player|p2|\n","uploadtime":1735998391,"views":306,"formatid":"gen9vgc2025regg","rating":1535,"private":0,"password":null}