{"id":"gen9vgc2025regg-2274678837","format":"[Gen 9] VGC 2025 Reg G","players":["Ggttmmhh","Elvegis1"],"log":"|j|\u2606Ggttmmhh\n|j|\u2606Elvegis1\n|t:|1735962194\n|gametype|doubles\n|player|p1|Ggttmmhh|265|1662\n|player|p2|Elvegis1|lucas|1537\n|teamsize|p1|6\n|teamsize|p2|6\n|gen|9\n|tier|[Gen 9] VGC 2025 Reg G\n|rated|\n|rule|Species Clause: Limit one of each Pok\u00e9mon\n|rule|Item Clause: Limit 1 of each item\n|clearpoke\n|poke|p1|Farigiraf, L50, F|\n|poke|p1|Chi-Yu, L50|\n|poke|p1|Raging Bolt, L50|\n|poke|p1|Groudon, L50|\n|poke|p1|Flutter Mane, L50|\n|poke|p1|Ditto, L50|\n|poke|p2|Kyogre, L50|\n|poke|p2|Incineroar, L50, M|\n|poke|p2|Urshifu-*, L50, F|\n|poke|p2|Amoonguss, L50, M|\n|poke|p2|Raging Bolt, L50|\n|poke|p2|Grimmsnarl, L50, M|\n|teampreview|4\n|inactive|Battle timer is ON: inactive players will automatically lose when time's up. (requested by Elvegis1)\n|j| jasonrfry\n|l| jasonrfry\n|inactive|Ggttmmhh has 60 seconds left.\n|\n|t:|1735962232\n|start\n|switch|p1a: Raging Bolt|Raging Bolt, L50|100\/100\n|switch|p1b: Groudon|Groudon, L50|100\/100\n|switch|p2a: Amoonguss|Amoonguss, L50, M|100\/100\n|switch|p2b: Grimmsnarl|Grimmsnarl, L50, M|100\/100\n|-weather|SunnyDay|[from] ability: Drought|[of] p1b: Groudon\n|-activate|p1a: Raging Bolt|ability: Protosynthesis\n|-start|p1a: Raging Bolt|protosynthesisspa\n|turn|1\n|\n|t:|1735962249\n|move|p2a: Amoonguss|Protect|p2a: Amoonguss\n|-singleturn|p2a: Amoonguss|Protect\n|move|p2b: Grimmsnarl|Reflect|p2b: Grimmsnarl\n|-sidestart|p2: Elvegis1|Reflect\n|move|p1b: Groudon|Heat Crash|p2a: Amoonguss\n|-activate|p2a: Amoonguss|move: Protect\n|move|p1a: Raging Bolt|Thunderbolt|p2a: Amoonguss\n|-activate|p2a: Amoonguss|move: Protect\n|\n|-weather|SunnyDay|[upkeep]\n|upkeep\n|turn|2\n|\n|t:|1735962267\n|switch|p2b: Kyogre|Kyogre, L50|100\/100\n|-weather|RainDance|[from] ability: Drizzle|[of] p2b: Kyogre\n|-end|p1a: Raging Bolt|Protosynthesis\n|move|p1b: Groudon|Heat Crash|p2a: Amoonguss\n|-supereffective|p2a: Amoonguss\n|-damage|p2a: Amoonguss|77\/100\n|-damage|p1b: Groudon|84\/100|[from] item: Rocky Helmet|[of] p2a: Amoonguss\n|move|p1a: Raging Bolt|Thunderbolt|p2a: Amoonguss\n|-resisted|p2a: Amoonguss\n|-damage|p2a: Amoonguss|53\/100\n|move|p2a: Amoonguss|Spore|p1b: Groudon\n|-status|p1b: Groudon|slp|[from] move: Spore\n|\n|-weather|RainDance|[upkeep]\n|upkeep\n|turn|3\n|j| jasonrfry\n|inactive|Ggttmmhh has 30 seconds left.\n|inactive|Ggttmmhh has 20 seconds left.\n|inactive|Ggttmmhh has 15 seconds left.\n|inactive|Ggttmmhh has 10 seconds left.\n|inactive|Elvegis1 has 30 seconds left.\n|\n|t:|1735962318\n|switch|p2a: Grimmsnarl|Grimmsnarl, L50, M|100\/100\n|-terastallize|p1b: Groudon|Water\n|move|p2b: Kyogre|Calm Mind|p2b: Kyogre\n|-boost|p2b: Kyogre|spa|1\n|-boost|p2b: Kyogre|spd|1\n|cant|p1b: Groudon|slp\n|move|p1a: Raging Bolt|Electroweb|p2b: Kyogre|[spread] p2a,p2b\n|-supereffective|p2b: Kyogre\n|-damage|p2a: Grimmsnarl|78\/100\n|-damage|p2b: Kyogre|80\/100\n|-unboost|p2a: Grimmsnarl|spe|1\n|-unboost|p2b: Kyogre|spe|1\n|\n|-weather|RainDance|[upkeep]\n|-heal|p2b: Kyogre|86\/100|[from] item: Leftovers\n|upkeep\n|turn|4\n|inactive|Ggttmmhh has 30 seconds left.\n|\n|t:|1735962344\n|-terastallize|p2b: Kyogre|Grass\n|move|p2a: Grimmsnarl|Light Screen|p2a: Grimmsnarl\n|-sidestart|p2: Elvegis1|move: Light Screen\n|-curestatus|p1b: Groudon|slp|[msg]\n|move|p1b: Groudon|Bulk Up|p1b: Groudon\n|-boost|p1b: Groudon|atk|1\n|-boost|p1b: Groudon|def|1\n|move|p1a: Raging Bolt|Thunderbolt|p2a: Grimmsnarl\n|-damage|p2a: Grimmsnarl|49\/100\n|move|p2b: Kyogre|Water Spout|p1b: Groudon|[spread] p1a,p1b\n|-resisted|p1a: Raging Bolt\n|-resisted|p1b: Groudon\n|-damage|p1a: Raging Bolt|68\/100\n|-damage|p1b: Groudon|35\/100\n|\n|-weather|RainDance|[upkeep]\n|-heal|p2b: Kyogre|92\/100|[from] item: Leftovers\n|upkeep\n|turn|5\n|j| stbai\n|inactive|Ggttmmhh has 30 seconds left.\n|\n|t:|1735962373\n|move|p1b: Groudon|Protect|p1b: Groudon\n|-singleturn|p1b: Groudon|Protect\n|move|p2a: Grimmsnarl|Thunder Wave|p1b: Groudon\n|-activate|p1b: Groudon|move: Protect\n|move|p1a: Raging Bolt|Electroweb|p2b: Kyogre|[spread] p2a\n|-miss|p1a: Raging Bolt|p2b: Kyogre\n|-damage|p2a: Grimmsnarl|34\/100\n|-unboost|p2a: Grimmsnarl|spe|1\n|move|p2b: Kyogre|Water Spout|p1a: Raging Bolt|[spread] p1a\n|-activate|p1b: Groudon|move: Protect\n|-resisted|p1a: Raging Bolt\n|-damage|p1a: Raging Bolt|34\/100\n|\n|-weather|RainDance|[upkeep]\n|-heal|p2b: Kyogre|98\/100|[from] item: Leftovers\n|upkeep\n|turn|6\n|inactive|Elvegis1 has 30 seconds left.\n|\n|t:|1735962403\n|move|p1b: Groudon|Precipice Blades|p2a: Grimmsnarl|[spread] \n|-miss|p1b: Groudon|p2a: Grimmsnarl\n|-miss|p1b: Groudon|p2b: Kyogre\n|move|p1a: Raging Bolt|Draco Meteor|p2b: Kyogre\n|-damage|p2b: Kyogre|77\/100\n|-unboost|p1a: Raging Bolt|spa|2\n|move|p2b: Kyogre|Water Spout|p1a: Raging Bolt|[spread] p1a,p1b\n|-resisted|p1a: Raging Bolt\n|-resisted|p1b: Groudon\n|-damage|p1a: Raging Bolt|7\/100\n|-damage|p1b: Groudon|0 fnt\n|faint|p1b: Groudon\n|move|p2a: Grimmsnarl|Spirit Break|p1a: Raging Bolt\n|-supereffective|p1a: Raging Bolt\n|-damage|p1a: Raging Bolt|0 fnt\n|faint|p1a: Raging Bolt\n|-end|p1a: Raging Bolt|Protosynthesis|[silent]\n|\n|-weather|none\n|-heal|p2b: Kyogre|83\/100|[from] item: Leftovers\n|upkeep\n|l| jasonrfry\n|\n|t:|1735962412\n|switch|p1b: Flutter Mane|Flutter Mane, L50|100\/100\n|switch|p1a: Ditto|Ditto, L50|100\/100\n|-transform|p1a: Ditto|p2b: Kyogre|[from] ability: Imposter\n|-weather|RainDance|[from] ability: Drizzle|[of] p1a: Ditto\n|-start|p1a: Ditto|typechange|Water|[silent]\n|turn|7\n|\n|t:|1735962431\n|move|p2a: Grimmsnarl|Thunder Wave|p1a: Ditto\n|-status|p1a: Ditto|par\n|move|p1b: Flutter Mane|Thunder Wave|p2b: Kyogre\n|-status|p2b: Kyogre|par\n|cant|p1a: Ditto|par\n|move|p2b: Kyogre|Water Spout|p1b: Flutter Mane|[spread] p1a,p1b\n|-resisted|p1a: Ditto\n|-damage|p1a: Ditto|69\/100 par\n|-enditem|p1b: Flutter Mane|Focus Sash\n|-damage|p1b: Flutter Mane|1\/100\n|\n|-weather|RainDance|[upkeep]\n|-heal|p2b: Kyogre|88\/100 par|[from] item: Leftovers\n|upkeep\n|turn|8\n|inactive|Ggttmmhh has 30 seconds left.\n|inactive|Ggttmmhh has 20 seconds left.\n|\n|t:|1735962467\n|move|p2b: Kyogre|Protect|p2b: Kyogre\n|-singleturn|p2b: Kyogre|Protect\n|move|p2a: Grimmsnarl|Thunder Wave|p1b: Flutter Mane\n|-status|p1b: Flutter Mane|par\n|move|p1b: Flutter Mane|Moonblast|p2a: Grimmsnarl\n|-supereffective|p2a: Grimmsnarl\n|-damage|p2a: Grimmsnarl|0 fnt\n|faint|p2a: Grimmsnarl\n|move|p1a: Ditto|Calm Mind|p1a: Ditto\n|-boost|p1a: Ditto|spa|1\n|-boost|p1a: Ditto|spd|1\n|\n|-weather|RainDance|[upkeep]\n|-heal|p2b: Kyogre|94\/100 par|[from] item: Leftovers\n|-sideend|p2: Elvegis1|Reflect\n|upkeep\n|\n|t:|1735962481\n|switch|p2a: Urshifu|Urshifu, L50, F|100\/100\n|turn|9\n|inactive|Ggttmmhh has 30 seconds left.\n|j| futonkagebunshin\n|\n|t:|1735962514\n|move|p2a: Urshifu|Wicked Blow|p1b: Flutter Mane\n|-crit|p1b: Flutter Mane\n|-damage|p1b: Flutter Mane|0 fnt\n|faint|p1b: Flutter Mane\n|-end|p1b: Flutter Mane|Protosynthesis|[silent]\n|move|p1a: Ditto|Water Spout|p2a: Urshifu|[spread] p2a,p2b\n|-resisted|p2b: Kyogre\n|-enditem|p2a: Urshifu|Focus Sash\n|-damage|p2a: Urshifu|1\/100\n|-damage|p2b: Kyogre|76\/100 par\n|move|p2b: Kyogre|Water Spout|p1a: Ditto\n|-resisted|p1a: Ditto\n|-damage|p1a: Ditto|39\/100 par\n|\n|-weather|RainDance|[upkeep]\n|-heal|p2b: Kyogre|82\/100 par|[from] item: Leftovers\n|upkeep\n|turn|10\n|\n|t:|1735962528\n|move|p2a: Urshifu|Wicked Blow|p1a: Ditto\n|-crit|p1a: Ditto\n|-damage|p1a: Ditto|0 fnt\n|faint|p1a: Ditto\n|\n|win|Elvegis1\n|raw|Ggttmmhh's rating: 1662 &rarr; <strong>1635<\/strong><br \/>(-27 for losing)\n|raw|Elvegis1's rating: 1537 &rarr; <strong>1564<\/strong><br \/>(+27 for winning)\n|c|\u2606Elvegis1|Gg\n|l|\u2606Ggttmmhh\n|player|p1|\n|l|\u2606Elvegis1\n|player|p2|\n","uploadtime":1735962534,"views":24,"formatid":"gen9vgc2025regg","rating":1564,"private":0,"password":null}