{"id":"gen9vgc2025regg-2274884819","format":"[Gen 9] VGC 2025 Reg G","players":["Shikanoko32","I'm a theorem"],"log":"|j|\u2606Shikanoko32\n|j|\u2606I'm a theorem\n|t:|1736001810\n|gametype|doubles\n|player|p1|Shikanoko32|170|1561\n|player|p2|I'm a theorem|caitlin|1542\n|teamsize|p1|6\n|teamsize|p2|6\n|gen|9\n|tier|[Gen 9] VGC 2025 Reg G\n|rated|\n|rule|Species Clause: Limit one of each Pok\u00e9mon\n|rule|Item Clause: Limit 1 of each item\n|clearpoke\n|poke|p1|Terapagos, L50, M|\n|poke|p1|Rillaboom, L50, F|\n|poke|p1|Incineroar, L50, F|\n|poke|p1|Chien-Pao, L50|\n|poke|p1|Urshifu-*, L50, F|\n|poke|p1|Flutter Mane, L50|\n|poke|p2|Terapagos, L50, M|\n|poke|p2|Urshifu-*, L50, F|\n|poke|p2|Ogerpon-Cornerstone, L50, F|\n|poke|p2|Farigiraf, L50, F|\n|poke|p2|Flutter Mane, L50|\n|poke|p2|Whimsicott, L50, F|\n|teampreview|4\n|j| CaptainHashbrown\n|\n|t:|1736001850\n|start\n|switch|p1a: Incineroar|Incineroar, L50, F|100\/100\n|switch|p1b: Terapagos|Terapagos, L50, M|100\/100\n|switch|p2a: Terapagos|Terapagos, L50, M|100\/100\n|switch|p2b: Whimsicott|Whimsicott, L50, F|100\/100\n|-activate|p2a: Terapagos|ability: Tera Shift\n|detailschange|p2a: Terapagos|Terapagos-Terastal, L50, M\n|-heal|p2a: Terapagos|100\/100|[silent]\n|-activate|p1b: Terapagos|ability: Tera Shift\n|detailschange|p1b: Terapagos|Terapagos-Terastal, L50, M\n|-heal|p1b: Terapagos|100\/100|[silent]\n|-ability|p1a: Incineroar|Intimidate|boost\n|-unboost|p2a: Terapagos|atk|1\n|-unboost|p2b: Whimsicott|atk|1\n|turn|1\n|\n|t:|1736001875\n|move|p1a: Incineroar|Fake Out|p2a: Terapagos\n|-activate|p2a: Terapagos|ability: Tera Shell\n|-resisted|p2a: Terapagos\n|-damage|p2a: Terapagos|96\/100\n|move|p2b: Whimsicott|Moonblast|p1a: Incineroar\n|-damage|p1a: Incineroar|77\/100\n|-unboost|p1a: Incineroar|spa|1\n|cant|p2a: Terapagos|flinch\n|move|p1b: Terapagos|Tera Starstorm|p2b: Whimsicott\n|-damage|p2b: Whimsicott|25\/100\n|\n|upkeep\n|turn|2\n|\n|t:|1736001897\n|switch|p1a: Rillaboom|Rillaboom, L50, F|100\/100\n|-fieldstart|move: Grassy Terrain|[from] ability: Grassy Surge|[of] p1a: Rillaboom\n|move|p2b: Whimsicott|Light Screen|p2b: Whimsicott\n|-sidestart|p2: I'm a theorem|move: Light Screen\n|move|p2a: Terapagos|Tera Starstorm|p1a: Rillaboom\n|-damage|p1a: Rillaboom|36\/100\n|move|p1b: Terapagos|Tera Starstorm|p2b: Whimsicott\n|-damage|p2b: Whimsicott|0 fnt\n|faint|p2b: Whimsicott\n|\n|-heal|p2a: Terapagos|100\/100|[from] Grassy Terrain\n|-heal|p1a: Rillaboom|42\/100|[from] Grassy Terrain\n|upkeep\n|\n|t:|1736001908\n|switch|p2b: Urshifu|Urshifu-Rapid-Strike, L50, F|100\/100\n|turn|3\n|\n|t:|1736001931\n|switch|p1a: Incineroar|Incineroar, L50, F|77\/100\n|-ability|p1a: Incineroar|Intimidate|boost\n|-unboost|p2a: Terapagos|atk|1\n|-unboost|p2b: Urshifu|atk|1\n|-terastallize|p2a: Terapagos|Stellar\n|detailschange|p2a: Terapagos|Terapagos-Stellar, L50, M, tera:Stellar\n|-heal|p2a: Terapagos|100\/100|[silent]\n|-ability|p2a: Terapagos|Teraform Zero\n|-fieldend|move: Grassy Terrain\n|move|p2b: Urshifu|Surging Strikes|p1b: Terapagos\n|-activate|p1b: Terapagos|ability: Tera Shell\n|-resisted|p1b: Terapagos\n|-crit|p1b: Terapagos\n|-damage|p1b: Terapagos|91\/100\n|-resisted|p1b: Terapagos\n|-crit|p1b: Terapagos\n|-damage|p1b: Terapagos|82\/100\n|-resisted|p1b: Terapagos\n|-crit|p1b: Terapagos\n|-damage|p1b: Terapagos|73\/100\n|-hitcount|p1b: Terapagos|3\n|move|p2a: Terapagos|Tera Starstorm|p1a: Incineroar|[spread] p1a,p1b\n|-damage|p1a: Incineroar|27\/100\n|-damage|p1b: Terapagos|23\/100\n|move|p1b: Terapagos|Tera Starstorm|p2b: Urshifu\n|-damage|p2b: Urshifu|40\/100\n|\n|-heal|p1b: Terapagos|30\/100|[from] item: Leftovers\n|upkeep\n|turn|4\n|\n|t:|1736001968\n|move|p1a: Incineroar|Fake Out|p2a: Terapagos\n|-damage|p2a: Terapagos|94\/100\n|move|p2b: Urshifu|Surging Strikes|p1b: Terapagos\n|-crit|p1b: Terapagos\n|-damage|p1b: Terapagos|12\/100\n|-crit|p1b: Terapagos\n|-damage|p1b: Terapagos|0 fnt\n|faint|p1b: Terapagos\n|-hitcount|p1: Terapagos|2\n|cant|p2a: Terapagos|flinch\n|\n|upkeep\n|\n|t:|1736001981\n|switch|p1b: Urshifu|Urshifu-Rapid-Strike, L50, F|100\/100\n|turn|5\n|l| CaptainHashbrown\n|\n|t:|1736001998\n|move|p1b: Urshifu|Surging Strikes|p2a: Terapagos\n|-crit|p2a: Terapagos\n|-damage|p2a: Terapagos|78\/100\n|-crit|p2a: Terapagos\n|-damage|p2a: Terapagos|62\/100\n|-crit|p2a: Terapagos\n|-damage|p2a: Terapagos|45\/100\n|-hitcount|p2a: Terapagos|3\n|move|p2b: Urshifu|Close Combat|p1b: Urshifu\n|-damage|p1b: Urshifu|58\/100\n|-unboost|p2b: Urshifu|def|1\n|-unboost|p2b: Urshifu|spd|1\n|move|p2a: Terapagos|Tera Starstorm|p1a: Incineroar|[spread] p1a,p1b\n|-damage|p1a: Incineroar|0 fnt\n|-damage|p1b: Urshifu|0 fnt\n|faint|p1a: Incineroar\n|faint|p1b: Urshifu\n|\n|upkeep\n|-message|Shikanoko32 forfeited.\n|\n|win|I'm a theorem\n|raw|Shikanoko32's rating: 1561 &rarr; <strong>1540<\/strong><br \/>(-21 for losing)\n|raw|I&apos;m a theorem's rating: 1542 &rarr; <strong>1563<\/strong><br \/>(+21 for winning)\n|l|\u2606Shikanoko32\n|player|p1|\n|l|\u2606I'm a theorem\n|player|p2|\n","uploadtime":1736002260,"views":292,"formatid":"gen9vgc2025regg","rating":1540,"private":0,"password":null}