{"id":"gen9vgc2025regg-2274869730","format":"[Gen 9] VGC 2025 Reg G","players":["GuevaraGaming2","I'm a theorem"],"log":"|j|\u2606GuevaraGaming2\n|j|\u2606I'm a theorem\n|t:|1735999465\n|gametype|doubles\n|player|p1|GuevaraGaming2|hilbert-wonderlauncher|1524\n|player|p2|I'm a theorem|caitlin|1651\n|teamsize|p1|6\n|teamsize|p2|6\n|gen|9\n|tier|[Gen 9] VGC 2025 Reg G\n|rated|\n|rule|Species Clause: Limit one of each Pok\u00e9mon\n|rule|Item Clause: Limit 1 of each item\n|clearpoke\n|poke|p1|Rillaboom, L50, M|\n|poke|p1|Tornadus, L50, M|\n|poke|p1|Zamazenta-*, L50|\n|poke|p1|Landorus, L50, M|\n|poke|p1|Incineroar, L50, M|\n|poke|p1|Urshifu-*, L50, M|\n|poke|p2|Terapagos, L50, M|\n|poke|p2|Urshifu-*, L50, F|\n|poke|p2|Ogerpon-Cornerstone, L50, F|\n|poke|p2|Farigiraf, L50, M|\n|poke|p2|Flutter Mane, L50|\n|poke|p2|Whimsicott, L50, M|\n|teampreview|4\n|j| CaptainHashbrown\n|\n|t:|1735999538\n|start\n|switch|p1a: Tornadus|Tornadus, L50, M, shiny|100\/100\n|switch|p1b: Urshifu|Urshifu-Rapid-Strike, L50, M|100\/100\n|switch|p2a: Whimsicott|Whimsicott, L50, M|100\/100\n|switch|p2b: Terapagos|Terapagos, L50, M|100\/100\n|-activate|p2b: Terapagos|ability: Tera Shift\n|detailschange|p2b: Terapagos|Terapagos-Terastal, L50, M\n|-heal|p2b: Terapagos|100\/100|[silent]\n|turn|1\n|\n|t:|1735999564\n|move|p2a: Whimsicott|Tailwind|p2a: Whimsicott\n|-sidestart|p2: I'm a theorem|move: Tailwind\n|move|p2b: Terapagos|Tera Starstorm|p1a: Tornadus\n|-enditem|p1a: Tornadus|Focus Sash\n|-damage|p1a: Tornadus|1\/100\n|move|p1b: Urshifu|U-turn|p2b: Terapagos\n|-activate|p2b: Terapagos|ability: Tera Shell\n|-resisted|p2b: Terapagos\n|-damage|p2b: Terapagos|88\/100\n|\n|t:|1735999578\n|switch|p1b: Zamazenta|Zamazenta-Crowned, L50, shiny|100\/100|[from] U-turn\n|-ability|p1b: Zamazenta|Dauntless Shield|boost\n|-boost|p1b: Zamazenta|def|1\n|move|p1a: Tornadus|Bleakwind Storm|p2a: Whimsicott|[spread] p2a,p2b\n|-supereffective|p2a: Whimsicott\n|-damage|p2a: Whimsicott|4\/100\n|-damage|p2b: Terapagos|51\/100\n|\n|upkeep\n|turn|2\n|\n|t:|1735999596\n|switch|p2b: Flutter Mane|Flutter Mane, L50|100\/100\n|-enditem|p2b: Flutter Mane|Booster Energy\n|-activate|p2b: Flutter Mane|ability: Protosynthesis|[fromitem]\n|-start|p2b: Flutter Mane|protosynthesisspe\n|-terastallize|p1a: Tornadus|Dark\n|move|p1a: Tornadus|Tailwind|p1a: Tornadus\n|-sidestart|p1: GuevaraGaming2|move: Tailwind\n|move|p2a: Whimsicott|Moonblast|p1a: Tornadus\n|-supereffective|p1a: Tornadus\n|-crit|p1a: Tornadus\n|-damage|p1a: Tornadus|0 fnt\n|faint|p1a: Tornadus\n|move|p1b: Zamazenta|Body Press|p2b: Flutter Mane\n|-immune|p2b: Flutter Mane\n|\n|upkeep\n|\n|t:|1735999602\n|switch|p1a: Rillaboom|Rillaboom, L50, M, shiny|100\/100\n|-fieldstart|move: Grassy Terrain|[from] ability: Grassy Surge|[of] p1a: Rillaboom\n|turn|3\n|\n|t:|1735999618\n|move|p2a: Whimsicott|Encore|p1b: Zamazenta\n|-start|p1b: Zamazenta|Encore\n|move|p1a: Rillaboom|Grassy Glide|p2a: Whimsicott\n|-resisted|p2a: Whimsicott\n|-damage|p2a: Whimsicott|0 fnt\n|faint|p2a: Whimsicott\n|move|p2b: Flutter Mane|Icy Wind|p1b: Zamazenta|[spread] p1a\n|-miss|p2b: Flutter Mane|p1b: Zamazenta\n|-supereffective|p1a: Rillaboom\n|-damage|p1a: Rillaboom|83\/100\n|-unboost|p1a: Rillaboom|spe|1\n|move|p1b: Zamazenta|Body Press|p2b: Flutter Mane\n|-immune|p2b: Flutter Mane\n|\n|-heal|p1a: Rillaboom|89\/100|[from] Grassy Terrain\n|upkeep\n|\n|t:|1735999628\n|switch|p2a: Urshifu|Urshifu-Rapid-Strike, L50, F|100\/100\n|turn|4\n|\n|t:|1735999643\n|move|p2b: Flutter Mane|Moonblast|p1a: Rillaboom\n|-damage|p1a: Rillaboom|62\/100\n|move|p1b: Zamazenta|Body Press|p2a: Urshifu\n|-damage|p2a: Urshifu|29\/100\n|move|p2a: Urshifu|Close Combat|p1a: Rillaboom\n|-damage|p1a: Rillaboom|0 fnt\n|-unboost|p2a: Urshifu|def|1\n|-unboost|p2a: Urshifu|spd|1\n|faint|p1a: Rillaboom\n|\n|-heal|p2a: Urshifu|34\/100|[from] Grassy Terrain\n|-sideend|p2: I'm a theorem|move: Tailwind\n|upkeep\n|\n|t:|1735999651\n|switch|p1a: Urshifu|Urshifu-Rapid-Strike, L50, M|100\/100\n|turn|5\n|\n|t:|1735999673\n|move|p1a: Urshifu|Surging Strikes|p2b: Flutter Mane\n|-crit|p2b: Flutter Mane\n|-damage|p2b: Flutter Mane|64\/100\n|-crit|p2b: Flutter Mane\n|-damage|p2b: Flutter Mane|28\/100\n|-crit|p2b: Flutter Mane\n|-damage|p2b: Flutter Mane|0 fnt\n|faint|p2b: Flutter Mane\n|-end|p2b: Flutter Mane|Protosynthesis|[silent]\n|-hitcount|p2: Flutter Mane|3\n|move|p1b: Zamazenta|Body Press|p2a: Urshifu\n|-damage|p2a: Urshifu|0 fnt\n|faint|p2a: Urshifu\n|\n|-end|p1b: Zamazenta|Encore\n|-sideend|p1: GuevaraGaming2|move: Tailwind\n|upkeep\n|-message|I'm a theorem forfeited.\n|\n|win|GuevaraGaming2\n|raw|GuevaraGaming2's rating: 1524 &rarr; <strong>1551<\/strong><br \/>(+27 for winning)\n|raw|I&apos;m a theorem's rating: 1651 &rarr; <strong>1624<\/strong><br \/>(-27 for losing)\n|l|\u2606GuevaraGaming2\n|player|p1|\n|l| CaptainHashbrown\n","uploadtime":1735999911,"views":292,"formatid":"gen9vgc2025regg","rating":1551,"private":0,"password":null}