{"id":"gen9vgc2025regg-2274521697","format":"[Gen 9] VGC 2025 Reg G","players":["sadesign","MattManectric"],"log":"|j|\u2606sadesign\n|j|\u2606MattManectric\n|t:|1735941511\n|gametype|doubles\n|player|p1|sadesign|101|1552\n|player|p2|MattManectric|102|1678\n|teamsize|p1|6\n|teamsize|p2|6\n|gen|9\n|tier|[Gen 9] VGC 2025 Reg G\n|rated|\n|rule|Species Clause: Limit one of each Pok\u00e9mon\n|rule|Item Clause: Limit 1 of each item\n|clearpoke\n|poke|p1|Calyrex-Ice, L50|\n|poke|p1|Smeargle, L50, F|\n|poke|p1|Sinistcha, L50|\n|poke|p1|Incineroar, L50, F|\n|poke|p1|Rillaboom, L50, F|\n|poke|p1|Urshifu-*, L50, M|\n|poke|p2|Gholdengo, L50|\n|poke|p2|Landorus, L50, M|\n|poke|p2|Kyogre, L50|\n|poke|p2|Incineroar, L50, F|\n|poke|p2|Wo-Chien, L50|\n|poke|p2|Grimmsnarl, L50, M|\n|teampreview|4\n|j| surgevgc\n|\n|t:|1735941534\n|start\n|switch|p1a: Sinistcha|Sinistcha, L50|100\/100\n|switch|p1b: Smeargle|Smeargle, L50, F|100\/100\n|switch|p2a: Gholdengo|Gholdengo, L50|100\/100\n|switch|p2b: Incineroar|Incineroar, L50, F|100\/100\n|-ability|p2b: Incineroar|Intimidate|boost\n|-unboost|p1a: Sinistcha|atk|1\n|-unboost|p1b: Smeargle|atk|1\n|turn|1\n|\n|t:|1735941552\n|-terastallize|p1a: Sinistcha|Water\n|move|p2b: Incineroar|Fake Out|p1b: Smeargle\n|-crit|p1b: Smeargle\n|-damage|p1b: Smeargle|66\/100\n|cant|p1b: Smeargle|flinch\n|move|p2a: Gholdengo|Nasty Plot|p2a: Gholdengo\n|-boost|p2a: Gholdengo|spa|2\n|move|p1a: Sinistcha|Matcha Gotcha|p2a: Gholdengo|[spread] p2a,p2b\n|-resisted|p2a: Gholdengo\n|-resisted|p2b: Incineroar\n|-damage|p2a: Gholdengo|88\/100\n|-damage|p2b: Incineroar|90\/100\n|\n|-ability|p1b: Smeargle|Moody|boost\n|-boost|p1b: Smeargle|spd|2\n|-unboost|p1b: Smeargle|spe|1\n|upkeep\n|turn|2\n|\n|t:|1735941570\n|move|p1b: Smeargle|Decorate|p1a: Sinistcha\n|-boost|p1a: Sinistcha|atk|2\n|-boost|p1a: Sinistcha|spa|2\n|move|p2b: Incineroar|Knock Off|p1a: Sinistcha\n|-damage|p1a: Sinistcha|68\/100\n|-damage|p2b: Incineroar|74\/100|[from] item: Rocky Helmet|[of] p1a: Sinistcha\n|-enditem|p1a: Sinistcha|Rocky Helmet|[from] move: Knock Off|[of] p2b: Incineroar\n|move|p2a: Gholdengo|Shadow Ball|p1a: Sinistcha\n|-damage|p1a: Sinistcha|0 fnt\n|faint|p1a: Sinistcha\n|\n|-ability|p1b: Smeargle|Moody|boost\n|-boost|p1b: Smeargle|spd|2\n|-unboost|p1b: Smeargle|atk|1\n|upkeep\n|\n|t:|1735941595\n|switch|p1a: Rillaboom|Rillaboom, L50, F|100\/100\n|-fieldstart|move: Grassy Terrain|[from] ability: Grassy Surge|[of] p1a: Rillaboom\n|-enditem|p1a: Rillaboom|Grassy Seed\n|-boost|p1a: Rillaboom|def|1|[from] item: Grassy Seed\n|turn|3\n|\n|t:|1735941605\n|move|p1b: Smeargle|Decorate|p1a: Rillaboom\n|-boost|p1a: Rillaboom|atk|2\n|-boost|p1a: Rillaboom|spa|2\n|move|p2b: Incineroar|Will-O-Wisp|p1a: Rillaboom\n|-status|p1a: Rillaboom|brn\n|move|p2a: Gholdengo|Nasty Plot|p2a: Gholdengo\n|-boost|p2a: Gholdengo|spa|2\n|move|p1a: Rillaboom|High Horsepower|p2a: Gholdengo\n|-supereffective|p2a: Gholdengo\n|-damage|p2a: Gholdengo|37\/100\n|\n|-heal|p1b: Smeargle|72\/100|[from] Grassy Terrain\n|-heal|p2b: Incineroar|80\/100|[from] Grassy Terrain\n|-heal|p2a: Gholdengo|43\/100|[from] Grassy Terrain\n|-damage|p1a: Rillaboom|95\/100 brn|[from] brn\n|-ability|p1b: Smeargle|Moody|boost\n|-boost|p1b: Smeargle|spe|2\n|-unboost|p1b: Smeargle|spd|1\n|upkeep\n|turn|4\n|\n|t:|1735941639\n|move|p2a: Gholdengo|Protect|p2a: Gholdengo\n|-singleturn|p2a: Gholdengo|Protect\n|move|p1b: Smeargle|Decorate|p1a: Rillaboom\n|-boost|p1a: Rillaboom|atk|2\n|-boost|p1a: Rillaboom|spa|2\n|move|p2b: Incineroar|Parting Shot|p1a: Rillaboom\n|-unboost|p1a: Rillaboom|atk|1\n|-unboost|p1a: Rillaboom|spa|1\n|j| fasboom\n|\n|t:|1735941646\n|switch|p2b: Wo-Chien|Wo-Chien, L50|100\/100|[from] Parting Shot\n|-ability|p2b: Wo-Chien|Tablets of Ruin\n|move|p1a: Rillaboom|High Horsepower|p2a: Gholdengo\n|-activate|p2a: Gholdengo|move: Protect\n|\n|-heal|p1b: Smeargle|78\/100|[from] Grassy Terrain\n|-heal|p2a: Gholdengo|49\/100|[from] Grassy Terrain\n|-heal|p1a: Rillaboom|100\/100 brn|[from] Grassy Terrain\n|-damage|p1a: Rillaboom|95\/100 brn|[from] brn\n|-ability|p1b: Smeargle|Moody|boost\n|-boost|p1b: Smeargle|spa|2\n|-unboost|p1b: Smeargle|spd|1\n|upkeep\n|turn|5\n|j| futonkagebunshin\n|\n|t:|1735941668\n|move|p1b: Smeargle|Decorate|p1a: Rillaboom\n|-boost|p1a: Rillaboom|atk|2\n|-boost|p1a: Rillaboom|spa|2\n|move|p2b: Wo-Chien|Ruination|p1a: Rillaboom\n|-damage|p1a: Rillaboom|48\/100 brn\n|move|p2a: Gholdengo|Make It Rain|p1b: Smeargle|[spread] p1a,p1b\n|-damage|p1a: Rillaboom|0 fnt\n|-damage|p1b: Smeargle|0 fnt\n|-unboost|p2a: Gholdengo|spa|1\n|faint|p1a: Rillaboom\n|faint|p1b: Smeargle\n|\n|-heal|p2a: Gholdengo|56\/100|[from] Grassy Terrain\n|upkeep\n|-message|sadesign forfeited.\n|\n|win|MattManectric\n|raw|sadesign's rating: 1552 &rarr; <strong>1539<\/strong><br \/>(-13 for losing)\n|raw|MattManectric's rating: 1678 &rarr; <strong>1691<\/strong><br \/>(+13 for winning)\n|l|\u2606sadesign\n|player|p1|\n|l|\u2606MattManectric\n|player|p2|\n|l| fasboom\n","uploadtime":1735941881,"views":11,"formatid":"gen9vgc2025regg","rating":1539,"private":0,"password":null}