{"id":"gen9vgc2025regg-2274339410","format":"[Gen 9] VGC 2025 Reg G","players":["Bef6","Slackermaru"],"log":"|j|\u2606Bef6\n|j|\u2606Slackermaru\n|t:|1735920407\n|gametype|doubles\n|player|p1|Bef6|lucas|1648\n|player|p2|Slackermaru|workerice|1615\n|teamsize|p1|6\n|teamsize|p2|6\n|gen|9\n|tier|[Gen 9] VGC 2025 Reg G\n|rated|\n|rule|Species Clause: Limit one of each Pok\u00e9mon\n|rule|Item Clause: Limit 1 of each item\n|clearpoke\n|poke|p1|Kyogre, L50|\n|poke|p1|Tornadus, L50, M|\n|poke|p1|Amoonguss, L50, F|\n|poke|p1|Farigiraf, L50, F|\n|poke|p1|Landorus-Therian, L50, M|\n|poke|p1|Chien-Pao, L50|\n|poke|p2|Urshifu-*, L50, F|\n|poke|p2|Raging Bolt, L50|\n|poke|p2|Calyrex-Ice, L50|\n|poke|p2|Landorus, L50, M|\n|poke|p2|Ogerpon-Cornerstone, L50, F|\n|poke|p2|Iron Valiant, L50|\n|teampreview|4\n|\n|t:|1735920446\n|start\n|switch|p1a: Chien-Pao|Chien-Pao, L50|100\/100\n|switch|p1b: Farigiraf|Farigiraf, L50, F|100\/100\n|switch|p2a: Calyrex|Calyrex-Ice, L50|100\/100\n|switch|p2b: Ogerpon|Ogerpon-Cornerstone, L50, F|100\/100\n|-ability|p2a: Calyrex|As One\n|-ability|p2a: Calyrex|Unnerve\n|-ability|p1a: Chien-Pao|Sword of Ruin\n|turn|1\n|\n|t:|1735920467\n|move|p2b: Ogerpon|Follow Me|p2b: Ogerpon\n|-singleturn|p2b: Ogerpon|move: Follow Me\n|move|p1a: Chien-Pao|Sacred Sword|p2b: Ogerpon\n|-supereffective|p2b: Ogerpon\n|-damage|p2b: Ogerpon|2\/100\n|move|p2a: Calyrex|Glacial Lance|p1b: Farigiraf|[spread] p1a,p1b\n|-resisted|p1a: Chien-Pao\n|-damage|p1a: Chien-Pao|62\/100\n|-damage|p1b: Farigiraf|38\/100\n|move|p1b: Farigiraf|Foul Play|p2b: Ogerpon\n|-damage|p2b: Ogerpon|0 fnt\n|faint|p2b: Ogerpon\n|\n|upkeep\n|\n|t:|1735920479\n|switch|p2b: Iron Valiant|Iron Valiant, L50|100\/100\n|-enditem|p2b: Iron Valiant|Booster Energy\n|-activate|p2b: Iron Valiant|ability: Quark Drive|[fromitem]\n|-start|p2b: Iron Valiant|quarkdrivespe\n|turn|2\n|\n|t:|1735920549\n|-terastallize|p1a: Chien-Pao|Stellar\n|move|p1b: Farigiraf|Helping Hand|p1a: Chien-Pao\n|-singleturn|p1a: Chien-Pao|Helping Hand|[of] p1b: Farigiraf\n|move|p1a: Chien-Pao|Sucker Punch|p2a: Calyrex\n|-supereffective|p2a: Calyrex\n|-damage|p2a: Calyrex|0 fnt\n|faint|p2a: Calyrex\n|move|p2b: Iron Valiant|Moonblast|p1a: Chien-Pao\n|-supereffective|p1a: Chien-Pao\n|-damage|p1a: Chien-Pao|0 fnt\n|faint|p1a: Chien-Pao\n|\n|upkeep\n|\n|t:|1735920560\n|switch|p1a: Amoonguss|Amoonguss, L50, F|100\/100\n|switch|p2a: Raging Bolt|Raging Bolt, L50|100\/100\n|turn|3\n|\n|t:|1735920589\n|move|p2b: Iron Valiant|Moonblast|p1a: Amoonguss\n|-resisted|p1a: Amoonguss\n|-damage|p1a: Amoonguss|81\/100\n|move|p2a: Raging Bolt|Draco Meteor|p1a: Amoonguss\n|-damage|p1a: Amoonguss|0 fnt\n|-unboost|p2a: Raging Bolt|spa|2\n|faint|p1a: Amoonguss\n|-damage|p2a: Raging Bolt|91\/100|[from] item: Life Orb\n|move|p1b: Farigiraf|Psychic|p2b: Iron Valiant\n|-supereffective|p2b: Iron Valiant\n|-damage|p2b: Iron Valiant|11\/100\n|\n|upkeep\n|\n|t:|1735920600\n|switch|p1a: Kyogre|Kyogre, L50|100\/100\n|-weather|RainDance|[from] ability: Drizzle|[of] p1a: Kyogre\n|turn|4\n|\n|t:|1735920614\n|move|p2a: Raging Bolt|Protect|p2a: Raging Bolt\n|-singleturn|p2a: Raging Bolt|Protect\n|move|p2b: Iron Valiant|Moonblast|p1b: Farigiraf\n|-damage|p1b: Farigiraf|0 fnt\n|faint|p1b: Farigiraf\n|move|p1a: Kyogre|Ice Beam|p2a: Raging Bolt\n|-activate|p2a: Raging Bolt|move: Protect\n|\n|-weather|RainDance|[upkeep]\n|upkeep\n|turn|5\n|\n|t:|1735920628\n|move|p2b: Iron Valiant|Disable|p1a: Kyogre\n|-start|p1a: Kyogre|Disable|Ice Beam\n|cant|p1a: Kyogre|Disable|Ice Beam\n|move|p2a: Raging Bolt|Thunderbolt|p1a: Kyogre\n|-supereffective|p1a: Kyogre\n|-damage|p1a: Kyogre|47\/100\n|-damage|p2a: Raging Bolt|81\/100|[from] item: Life Orb\n|\n|-weather|RainDance|[upkeep]\n|upkeep\n|turn|6\n|-message|Bef6 forfeited.\n|\n|win|Slackermaru\n|raw|Bef6's rating: 1648 &rarr; <strong>1626<\/strong><br \/>(-22 for losing)\n|raw|Slackermaru's rating: 1615 &rarr; <strong>1637<\/strong><br \/>(+22 for winning)\n|l|\u2606Bef6\n|player|p1|\n|l|\u2606Slackermaru\n|player|p2|\n","uploadtime":1735920832,"views":66,"formatid":"gen9vgc2025regg","rating":1626,"private":0,"password":null}