{"id":"gen9vgc2025regg-2274914861","format":"[Gen 9] VGC 2025 Reg G","players":["MakesSenseVGC","Bef6"],"log":"|j|\u2606MakesSenseVGC\n|j|\u2606Bef6\n|t:|1736006146\n|gametype|doubles\n|player|p1|MakesSenseVGC|170|1598\n|player|p2|Bef6|lucas|1639\n|teamsize|p1|6\n|teamsize|p2|6\n|gen|9\n|tier|[Gen 9] VGC 2025 Reg G\n|rated|\n|rule|Species Clause: Limit one of each Pok\u00e9mon\n|rule|Item Clause: Limit 1 of each item\n|clearpoke\n|poke|p1|Tatsugiri-Droopy, L50, M|\n|poke|p1|Calyrex-Shadow, L50|\n|poke|p1|Weezing-Galar, L50, M|\n|poke|p1|Indeedee-F, L50, F|\n|poke|p1|Dondozo, L50, F|\n|poke|p1|Grimmsnarl, L50, M|\n|poke|p2|Terapagos, L50, M|\n|poke|p2|Grimmsnarl, L50, M|\n|poke|p2|Ogerpon-Hearthflame, L50, F|\n|poke|p2|Urshifu-*, L50, F|\n|poke|p2|Landorus-Therian, L50, M|\n|poke|p2|Raging Bolt, L50|\n|teampreview|4\n|\n|t:|1736006175\n|start\n|switch|p1a: Grimmsnarl|Grimmsnarl, L50, M|100\/100\n|switch|p1b: Dondozo|Dondozo, L50, F|100\/100\n|switch|p2a: Landorus|Landorus-Therian, L50, M|100\/100\n|switch|p2b: Terapagos|Terapagos, L50, M|100\/100\n|-activate|p2b: Terapagos|ability: Tera Shift\n|detailschange|p2b: Terapagos|Terapagos-Terastal, L50, M\n|-heal|p2b: Terapagos|100\/100|[silent]\n|-ability|p2a: Landorus|Intimidate|boost\n|-unboost|p1a: Grimmsnarl|atk|1\n|-unboost|p1b: Dondozo|atk|1\n|turn|1\n|\n|t:|1736006183\n|move|p1b: Dondozo|Protect|p1b: Dondozo\n|-singleturn|p1b: Dondozo|Protect\n|move|p1a: Grimmsnarl|Thunder Wave|p2b: Terapagos\n|-status|p2b: Terapagos|par\n|move|p2a: Landorus|U-turn|p1b: Dondozo\n|-activate|p1b: Dondozo|move: Protect\n|move|p2b: Terapagos|Tera Starstorm|p1a: Grimmsnarl\n|-damage|p1a: Grimmsnarl|44\/100\n|\n|upkeep\n|turn|2\n|\n|t:|1736006202\n|move|p1a: Grimmsnarl|Light Screen|p1a: Grimmsnarl\n|-sidestart|p1: MakesSenseVGC|move: Light Screen\n|move|p2a: Landorus|U-turn|p1a: Grimmsnarl\n|-damage|p1a: Grimmsnarl|13\/100\n|\n|t:|1736006208\n|switch|p2a: Raging Bolt|Raging Bolt, L50|100\/100|[from] U-turn\n|move|p2b: Terapagos|Tera Starstorm|p1a: Grimmsnarl\n|-damage|p1a: Grimmsnarl|0 fnt\n|faint|p1a: Grimmsnarl\n|move|p1b: Dondozo|Body Press|p2b: Terapagos\n|-activate|p2b: Terapagos|ability: Tera Shell\n|-resisted|p2b: Terapagos\n|-damage|p2b: Terapagos|87\/100 par\n|\n|upkeep\n|\n|t:|1736006219\n|switch|p1a: Calyrex|Calyrex-Shadow, L50|100\/100\n|-ability|p1a: Calyrex|As One\n|-ability|p1a: Calyrex|Unnerve\n|turn|3\n|\n|t:|1736006230\n|switch|p1a: Tatsugiri|Tatsugiri-Droopy, L50, M|100\/100\n|-activate|p1a: Tatsugiri|ability: Commander|[of] p1b: Dondozo\n|-boost|p1b: Dondozo|atk|2\n|-boost|p1b: Dondozo|spa|2\n|-boost|p1b: Dondozo|spe|2\n|-boost|p1b: Dondozo|def|2\n|-boost|p1b: Dondozo|spd|2\n|switch|p2b: Landorus|Landorus-Therian, L50, M|100\/100\n|-ability|p2b: Landorus|Intimidate|boost\n|-unboost|p1a: Tatsugiri|atk|1\n|-unboost|p1b: Dondozo|atk|1\n|-terastallize|p1b: Dondozo|Grass\n|move|p2a: Raging Bolt|Protect|p2a: Raging Bolt\n|-singleturn|p2a: Raging Bolt|Protect\n|move|p1b: Dondozo|Body Press|p2b: Landorus\n|-resisted|p2b: Landorus\n|-damage|p2b: Landorus|75\/100\n|\n|upkeep\n|turn|4\n|\n|t:|1736006251\n|-end|p2a: Raging Bolt|Protosynthesis|[silent]\n|switch|p2a: Terapagos|Terapagos-Terastal, L50, M|87\/100 par\n|move|p2b: Landorus|U-turn|p1b: Dondozo\n|-supereffective|p1b: Dondozo\n|-damage|p1b: Dondozo|89\/100\n|j| iamanewbie2\n|\n|t:|1736006257\n|switch|p2b: Ogerpon|Ogerpon-Hearthflame, L50, F|100\/100|[from] U-turn\n|-ability|p2b: Ogerpon|Mold Breaker\n|move|p1b: Dondozo|Body Press|p2b: Ogerpon\n|-damage|p2b: Ogerpon|44\/100\n|\n|-heal|p1b: Dondozo|95\/100|[from] item: Leftovers\n|upkeep\n|turn|5\n|\n|t:|1736006279\n|-terastallize|p2a: Terapagos|Stellar\n|detailschange|p2a: Terapagos|Terapagos-Stellar, L50, M, tera:Stellar\n|-heal|p2a: Terapagos|91\/100 par|[silent]\n|move|p2b: Ogerpon|Ivy Cudgel|p1b: Dondozo|[anim] Ivy Cudgel Fire\n|-supereffective|p1b: Dondozo\n|-crit|p1b: Dondozo\n|-damage|p1b: Dondozo|17\/100\n|move|p1b: Dondozo|Body Press|p2a: Terapagos\n|-supereffective|p2a: Terapagos\n|-damage|p2a: Terapagos|5\/100 par\n|cant|p2a: Terapagos|par\n|\n|-heal|p1b: Dondozo|23\/100|[from] item: Leftovers\n|upkeep\n|turn|6\n|\n|t:|1736006296\n|move|p1b: Dondozo|Protect|p1b: Dondozo\n|-singleturn|p1b: Dondozo|Protect\n|move|p2b: Ogerpon|Ivy Cudgel|p1b: Dondozo|[anim] Ivy Cudgel Fire\n|-activate|p1b: Dondozo|move: Protect\n|move|p2a: Terapagos|Tera Starstorm|p1b: Dondozo|[spread] \n|-miss|p2a: Terapagos|p1a: Tatsugiri\n|-activate|p1b: Dondozo|move: Protect\n|\n|-heal|p1b: Dondozo|30\/100|[from] item: Leftovers\n|upkeep\n|turn|7\n|\n|t:|1736006306\n|move|p2b: Ogerpon|Ivy Cudgel|p1b: Dondozo|[anim] Ivy Cudgel Fire\n|-supereffective|p1b: Dondozo\n|-damage|p1b: Dondozo|3\/100\n|move|p1b: Dondozo|Body Press|p2b: Ogerpon\n|-damage|p2b: Ogerpon|0 fnt\n|faint|p2b: Ogerpon\n|move|p2a: Terapagos|Tera Starstorm|p1b: Dondozo|[spread] p1b\n|-miss|p2a: Terapagos|p1a: Tatsugiri\n|-supereffective|p1b: Dondozo\n|-damage|p1b: Dondozo|0 fnt\n|faint|p1b: Dondozo\n|\n|upkeep\n|\n|t:|1736006316\n|switch|p2b: Landorus|Landorus-Therian, L50, M|75\/100\n|switch|p1b: Calyrex|Calyrex-Shadow, L50|100\/100\n|-ability|p1b: Calyrex|As One\n|-ability|p1b: Calyrex|Unnerve\n|-ability|p2b: Landorus|Intimidate|boost\n|-unboost|p1a: Tatsugiri|atk|1\n|-unboost|p1b: Calyrex|atk|1\n|turn|8\n|\n|t:|1736006323\n|move|p1b: Calyrex|Protect|p1b: Calyrex\n|-singleturn|p1b: Calyrex|Protect\n|move|p1a: Tatsugiri|Muddy Water|p2a: Terapagos|[spread] p2a,p2b\n|-supereffective|p2b: Landorus\n|-damage|p2a: Terapagos|0 fnt\n|-damage|p2b: Landorus|34\/100\n|-unboost|p2b: Landorus|accuracy|1\n|faint|p2a: Terapagos\n|move|p2b: Landorus|Crunch|p1b: Calyrex\n|-activate|p1b: Calyrex|move: Protect\n|\n|upkeep\n|\n|t:|1736006327\n|switch|p2a: Raging Bolt|Raging Bolt, L50|100\/100\n|turn|9\n|\n|t:|1736006341\n|move|p1a: Tatsugiri|Helping Hand|p1b: Calyrex\n|-singleturn|p1b: Calyrex|Helping Hand|[of] p1a: Tatsugiri\n|move|p1b: Calyrex|Astral Barrage|p2a: Raging Bolt|[spread] p2a,p2b\n|-crit|p2a: Raging Bolt\n|-damage|p2a: Raging Bolt|0 fnt\n|-damage|p2b: Landorus|0 fnt\n|faint|p2a: Raging Bolt\n|-end|p2a: Raging Bolt|Protosynthesis|[silent]\n|faint|p2b: Landorus\n|-damage|p1b: Calyrex|91\/100|[from] item: Life Orb\n|\n|win|MakesSenseVGC\n|raw|MakesSenseVGC's rating: 1598 &rarr; <strong>1620<\/strong><br \/>(+22 for winning)\n|raw|Bef6's rating: 1639 &rarr; <strong>1617<\/strong><br \/>(-22 for losing)\n|l|\u2606Bef6\n|player|p2|\n|l| iamanewbie2\n","uploadtime":1736006545,"views":87,"formatid":"gen9vgc2025regg","rating":1617,"private":0,"password":null}