{"id":"gen9vgc2025regg-2274877336","format":"[Gen 9] VGC 2025 Reg G","players":["I'm a theorem","Shikanoko32"],"log":"|j|\u2606I'm a theorem\n|j|\u2606Shikanoko32\n|t:|1736000689\n|gametype|doubles\n|player|p1|I'm a theorem|caitlin|1594\n|player|p2|Shikanoko32|170|1582\n|teamsize|p1|6\n|teamsize|p2|6\n|gen|9\n|tier|[Gen 9] VGC 2025 Reg G\n|rated|\n|rule|Species Clause: Limit one of each Pok\u00e9mon\n|rule|Item Clause: Limit 1 of each item\n|clearpoke\n|poke|p1|Terapagos, L50, M|\n|poke|p1|Urshifu-*, L50, F|\n|poke|p1|Ogerpon-Cornerstone, L50, F|\n|poke|p1|Farigiraf, L50, M|\n|poke|p1|Flutter Mane, L50|\n|poke|p1|Whimsicott, L50, F|\n|poke|p2|Terapagos, L50, M|\n|poke|p2|Rillaboom, L50, M|\n|poke|p2|Incineroar, L50, F|\n|poke|p2|Chien-Pao, L50|\n|poke|p2|Urshifu-*, L50, M|\n|poke|p2|Flutter Mane, L50|\n|teampreview|4\n|j| Skiameseul\n|\n|t:|1736000724\n|start\n|switch|p1a: Terapagos|Terapagos, L50, M|100\/100\n|switch|p1b: Whimsicott|Whimsicott, L50, F|100\/100\n|switch|p2a: Incineroar|Incineroar, L50, F|100\/100\n|switch|p2b: Terapagos|Terapagos, L50, M|100\/100\n|-activate|p1a: Terapagos|ability: Tera Shift\n|detailschange|p1a: Terapagos|Terapagos-Terastal, L50, M\n|-heal|p1a: Terapagos|100\/100|[silent]\n|-activate|p2b: Terapagos|ability: Tera Shift\n|detailschange|p2b: Terapagos|Terapagos-Terastal, L50, M\n|-heal|p2b: Terapagos|100\/100|[silent]\n|-ability|p2a: Incineroar|Intimidate|boost\n|-unboost|p1a: Terapagos|atk|1\n|-unboost|p1b: Whimsicott|atk|1\n|turn|1\n|\n|t:|1736000792\n|move|p1b: Whimsicott|Moonblast|p2a: Incineroar\n|-damage|p2a: Incineroar|78\/100\n|move|p1a: Terapagos|Tera Starstorm|p2a: Incineroar\n|-damage|p2a: Incineroar|0 fnt\n|faint|p2a: Incineroar\n|move|p2b: Terapagos|Calm Mind|p2b: Terapagos\n|-boost|p2b: Terapagos|spa|1\n|-boost|p2b: Terapagos|spd|1\n|\n|upkeep\n|\n|t:|1736000805\n|switch|p2a: Urshifu|Urshifu-Rapid-Strike, L50, M|100\/100\n|turn|2\n|inactive|Battle timer is ON: inactive players will automatically lose when time's up. (requested by Shikanoko32)\n|\n|t:|1736000867\n|move|p2a: Urshifu|Detect|p2a: Urshifu\n|-singleturn|p2a: Urshifu|Protect\n|move|p1b: Whimsicott|Encore|p2b: Terapagos\n|-start|p2b: Terapagos|Encore\n|move|p1a: Terapagos|Tera Starstorm|p2a: Urshifu\n|-activate|p2a: Urshifu|move: Protect\n|move|p2b: Terapagos|Calm Mind|p2b: Terapagos\n|-boost|p2b: Terapagos|spa|1\n|-boost|p2b: Terapagos|spd|1\n|\n|upkeep\n|turn|3\n|\n|t:|1736000882\n|-terastallize|p1a: Terapagos|Stellar\n|detailschange|p1a: Terapagos|Terapagos-Stellar, L50, M, tera:Stellar\n|-heal|p1a: Terapagos|100\/100|[silent]\n|move|p1b: Whimsicott|Tailwind|p1b: Whimsicott\n|-sidestart|p1: I'm a theorem|move: Tailwind\n|move|p2a: Urshifu|Aqua Jet|p1a: Terapagos\n|-damage|p1a: Terapagos|84\/100\n|move|p1a: Terapagos|Tera Starstorm|p2b: Terapagos|[spread] p2a,p2b\n|-activate|p2b: Terapagos|ability: Tera Shell\n|-resisted|p2b: Terapagos\n|-damage|p2a: Urshifu|9\/100\n|-damage|p2b: Terapagos|88\/100\n|move|p2b: Terapagos|Calm Mind|p2b: Terapagos\n|-boost|p2b: Terapagos|spa|1\n|-boost|p2b: Terapagos|spd|1\n|\n|-heal|p2b: Terapagos|94\/100|[from] item: Leftovers\n|upkeep\n|turn|4\n|inactive|I'm a theorem has 30 seconds left.\n|inactive|Shikanoko32 has 30 seconds left.\n|inactive|I'm a theorem has 20 seconds left.\n|inactive|I'm a theorem has 15 seconds left.\n|\n|t:|1736000925\n|move|p2a: Urshifu|Detect|p2a: Urshifu\n|-singleturn|p2a: Urshifu|Protect\n|move|p1b: Whimsicott|Moonblast|p2a: Urshifu\n|-activate|p2a: Urshifu|move: Protect\n|move|p1a: Terapagos|Tera Starstorm|p2b: Terapagos|[spread] p2b\n|-activate|p2a: Urshifu|move: Protect\n|-damage|p2b: Terapagos|75\/100\n|move|p2b: Terapagos|Calm Mind|p2b: Terapagos\n|-boost|p2b: Terapagos|spa|1\n|-boost|p2b: Terapagos|spd|1\n|\n|-heal|p2b: Terapagos|82\/100|[from] item: Leftovers\n|-end|p2b: Terapagos|Encore\n|upkeep\n|turn|5\n|\n|t:|1736000947\n|move|p2a: Urshifu|Aqua Jet|p1b: Whimsicott\n|-resisted|p1b: Whimsicott\n|-damage|p1b: Whimsicott|80\/100\n|move|p1b: Whimsicott|Moonblast|p2b: Terapagos\n|-damage|p2b: Terapagos|73\/100\n|move|p1a: Terapagos|Tera Starstorm|p2b: Terapagos|[spread] p2a,p2b\n|-damage|p2a: Urshifu|0 fnt\n|-damage|p2b: Terapagos|56\/100\n|faint|p2a: Urshifu\n|move|p2b: Terapagos|Tera Starstorm|p1b: Whimsicott\n|-damage|p1b: Whimsicott|0 fnt\n|faint|p1b: Whimsicott\n|\n|-heal|p2b: Terapagos|62\/100|[from] item: Leftovers\n|upkeep\n|\n|t:|1736000964\n|switch|p1b: Urshifu|Urshifu-Rapid-Strike, L50, F|100\/100\n|switch|p2a: Chien-Pao|Chien-Pao, L50|100\/100\n|-ability|p2a: Chien-Pao|Sword of Ruin\n|turn|6\n|\n|t:|1736000974\n|-terastallize|p2b: Terapagos|Stellar\n|detailschange|p2b: Terapagos|Terapagos-Stellar, L50, M, tera:Stellar\n|-heal|p2b: Terapagos|72\/100|[silent]\n|move|p2a: Chien-Pao|Sucker Punch|p1b: Urshifu\n|-resisted|p1b: Urshifu\n|-damage|p1b: Urshifu|76\/100\n|move|p1b: Urshifu|Close Combat|p2b: Terapagos\n|-supereffective|p2b: Terapagos\n|-damage|p2b: Terapagos|0 fnt\n|-unboost|p1b: Urshifu|def|1\n|-unboost|p1b: Urshifu|spd|1\n|faint|p2b: Terapagos\n|move|p1a: Terapagos|Tera Starstorm|p2a: Chien-Pao\n|-enditem|p2a: Chien-Pao|Focus Sash\n|-damage|p2a: Chien-Pao|1\/100\n|\n|-sideend|p1: I'm a theorem|move: Tailwind\n|upkeep\n|turn|7\n|-message|Shikanoko32 forfeited.\n|\n|win|I'm a theorem\n|raw|I&apos;m a theorem's rating: 1571 &rarr; <strong>1592<\/strong><br \/>(+21 for winning)\n|raw|Shikanoko32's rating: 1582 &rarr; <strong>1561<\/strong><br \/>(-21 for losing)\n|l|\u2606Shikanoko32\n|player|p2|\n|l|\u2606I'm a theorem\n|player|p1|\n","uploadtime":1736001155,"views":298,"formatid":"gen9vgc2025regg","rating":1561,"private":0,"password":null}