{"id":"gen9vgc2025regg-2274646353","format":"[Gen 9] VGC 2025 Reg G","players":["caZISA","infinitygroudon"],"log":"|j|\u2606caZISA\n|j|\u2606infinitygroudon\n|t:|1735957654\n|gametype|doubles\n|player|p1|caZISA|red|1650\n|player|p2|infinitygroudon|2|1554\n|teamsize|p1|6\n|teamsize|p2|6\n|gen|9\n|tier|[Gen 9] VGC 2025 Reg G\n|rated|\n|rule|Species Clause: Limit one of each Pok\u00e9mon\n|rule|Item Clause: Limit 1 of each item\n|clearpoke\n|poke|p1|Calyrex-Ice, L50|\n|poke|p1|Urshifu-*, L50, F|\n|poke|p1|Raging Bolt, L50|\n|poke|p1|Rillaboom, L50, M|\n|poke|p1|Torkoal, L50, M|\n|poke|p1|Smeargle, L50, F|\n|poke|p2|Calyrex-Shadow, L50|\n|poke|p2|Incineroar, L50, M|\n|poke|p2|Weezing-Galar, L50, M|\n|poke|p2|Indeedee-F, L50, F|\n|poke|p2|Iron Valiant, L50|\n|poke|p2|Ursaluna-Bloodmoon, L50, M|\n|teampreview|4\n|c|\u2606caZISA|glhf\n|c|\u2606infinitygroudon|u2\n|\n|t:|1735957689\n|start\n|switch|p1a: Smeargle|Smeargle, L50, F|100\/100\n|switch|p1b: Calyrex|Calyrex-Ice, L50|100\/100\n|switch|p2a: Banderilla|Incineroar, L50, M|100\/100\n|switch|p2b: Duncan|Calyrex-Shadow, L50|100\/100\n|-ability|p2b: Duncan|As One\n|-ability|p2b: Duncan|Unnerve\n|-ability|p1b: Calyrex|As One\n|-ability|p1b: Calyrex|Unnerve\n|-ability|p2a: Banderilla|Intimidate|boost\n|-unboost|p1a: Smeargle|atk|1\n|-fail|p1b: Calyrex|unboost|[from] item: Clear Amulet|[of] p1b: Calyrex\n|turn|1\n|inactive|Battle timer is ON: inactive players will automatically lose when time's up. (requested by caZISA)\n|\n|t:|1735957707\n|-terastallize|p2a: Banderilla|Ghost\n|-terastallize|p1b: Calyrex|Fire\n|move|p1a: Smeargle|Fake Out|p2a: Banderilla\n|-immune|p2a: Banderilla\n|move|p2b: Duncan|Astral Barrage|p1b: Calyrex|[spread] p1b\n|-immune|p1a: Smeargle\n|-damage|p1b: Calyrex|51\/100\n|-damage|p2b: Duncan|91\/100|[from] item: Life Orb\n|move|p2a: Banderilla|Will-O-Wisp|p1b: Calyrex\n|-immune|p1b: Calyrex\n|move|p1b: Calyrex|Trick Room|p1b: Calyrex\n|-fieldstart|move: Trick Room|[of] p1b: Calyrex\n|\n|-ability|p1a: Smeargle|Moody|boost\n|-boost|p1a: Smeargle|spd|2\n|-unboost|p1a: Smeargle|spa|1\n|upkeep\n|turn|2\n|inactive|caZISA has 30 seconds left.\n|\n|t:|1735957734\n|move|p1b: Calyrex|Protect|p1b: Calyrex\n|-singleturn|p1b: Calyrex|Protect\n|move|p2b: Duncan|Protect|p2b: Duncan\n|-singleturn|p2b: Duncan|Protect\n|move|p2a: Banderilla|Knock Off|p1b: Calyrex\n|-activate|p1b: Calyrex|move: Protect\n|move|p1a: Smeargle|Spore|p2b: Duncan\n|-activate|p2b: Duncan|move: Protect\n|\n|-ability|p1a: Smeargle|Moody|boost\n|-boost|p1a: Smeargle|spd|2\n|-unboost|p1a: Smeargle|atk|1\n|upkeep\n|turn|3\n|\n|t:|1735957744\n|move|p1b: Calyrex|Glacial Lance|p2b: Duncan|[spread] p2a,p2b\n|-damage|p2a: Banderilla|45\/100\n|-damage|p2b: Duncan|18\/100\n|move|p2a: Banderilla|Knock Off|p1b: Calyrex\n|-damage|p1b: Calyrex|26\/100\n|-enditem|p1b: Calyrex|Clear Amulet|[from] move: Knock Off|[of] p2a: Banderilla\n|move|p1a: Smeargle|Spore|p2b: Duncan\n|-status|p2b: Duncan|slp|[from] move: Spore\n|cant|p2b: Duncan|slp\n|\n|-ability|p1a: Smeargle|Moody|boost\n|-boost|p1a: Smeargle|spa|2\n|-unboost|p1a: Smeargle|def|1\n|upkeep\n|turn|4\n|\n|t:|1735957764\n|switch|p2a: Charming|Iron Valiant, L50, shiny|100\/100\n|-enditem|p2a: Charming|Booster Energy\n|-activate|p2a: Charming|ability: Quark Drive|[fromitem]\n|-start|p2a: Charming|quarkdrivespe\n|cant|p2b: Duncan|slp\n|move|p1b: Calyrex|Glacial Lance|p2a: Charming|[spread] p2a,p2b\n|-damage|p2a: Charming|18\/100\n|-damage|p2b: Duncan|0 fnt\n|faint|p2b: Duncan\n|-ability|p1b: Calyrex|Chilling Neigh|boost\n|-boost|p1b: Calyrex|atk|1\n|move|p1a: Smeargle|Spore|p2a: Charming\n|-status|p2a: Charming|slp|[from] move: Spore\n|\n|-ability|p1a: Smeargle|Moody|boost\n|-boost|p1a: Smeargle|spe|2\n|-unboost|p1a: Smeargle|def|1\n|upkeep\n|\n|t:|1735957777\n|switch|p2b: Banderilla|Incineroar, L50, M, tera:Ghost|45\/100\n|-ability|p2b: Banderilla|Intimidate|boost\n|-unboost|p1a: Smeargle|atk|1\n|-unboost|p1b: Calyrex|atk|1\n|turn|5\n|\n|t:|1735957791\n|move|p1b: Calyrex|Protect|p1b: Calyrex\n|-singleturn|p1b: Calyrex|Protect\n|move|p2b: Banderilla|Fake Out|p1a: Smeargle\n|-damage|p1a: Smeargle|62\/100\n|cant|p2a: Charming|slp\n|cant|p1a: Smeargle|flinch\n|\n|-fieldend|move: Trick Room\n|-ability|p1a: Smeargle|Moody|boost\n|-boost|p1a: Smeargle|spe|2\n|-unboost|p1a: Smeargle|def|1\n|upkeep\n|turn|6\n|\n|t:|1735957805\n|move|p1a: Smeargle|Spore|p2b: Banderilla\n|-status|p2b: Banderilla|slp|[from] move: Spore\n|cant|p2a: Charming|slp\n|cant|p2b: Banderilla|slp\n|move|p1b: Calyrex|Trick Room|p1b: Calyrex\n|-fieldstart|move: Trick Room|[of] p1b: Calyrex\n|\n|-ability|p1a: Smeargle|Moody|boost\n|-boost|p1a: Smeargle|def|2\n|-unboost|p1a: Smeargle|spd|1\n|upkeep\n|turn|7\n|\n|t:|1735957818\n|cant|p2a: Charming|slp\n|move|p1b: Calyrex|Glacial Lance|p2b: Banderilla|[spread] p2a,p2b\n|-damage|p2a: Charming|0 fnt\n|-damage|p2b: Banderilla|0 fnt\n|faint|p2a: Charming\n|-end|p2a: Charming|Quark Drive|[silent]\n|faint|p2b: Banderilla\n|-ability|p1b: Calyrex|Chilling Neigh|boost\n|-boost|p1b: Calyrex|atk|2\n|move|p1a: Smeargle|Spore|p2: Charming|[notarget]\n|-fail|p1a: Smeargle\n|\n|-ability|p1a: Smeargle|Moody|boost\n|-boost|p1a: Smeargle|def|2\n|-unboost|p1a: Smeargle|atk|1\n|upkeep\n|\n|t:|1735957822\n|switch|p2b: Mr. Grizz|Ursaluna-Bloodmoon, L50, M|100\/100\n|turn|8\n|\n|t:|1735957828\n|move|p1b: Calyrex|Glacial Lance|p2b: Mr. Grizz\n|-supereffective|p2b: Mr. Grizz\n|-damage|p2b: Mr. Grizz|0 fnt\n|faint|p2b: Mr. Grizz\n|\n|win|caZISA\n|raw|caZISA's rating: 1650 &rarr; <strong>1665<\/strong><br \/>(+15 for winning)\n|raw|infinitygroudon's rating: 1554 &rarr; <strong>1539<\/strong><br \/>(-15 for losing)\n|l|\u2606infinitygroudon\n|player|p2|\n|c|\u2606caZISA|gg\n","uploadtime":1735958055,"views":13,"formatid":"gen9vgc2025regg","rating":1539,"private":0,"password":null}