{"id":"gen9vgc2025regg-2274975289","format":"[Gen 9] VGC 2025 Reg G","players":["7ammy","emiriatantan"],"log":"|j|\u26067ammy\n|j|\u2606emiriatantan\n|t:|1736014059\n|gametype|doubles\n|player|p1|7ammy|101|1602\n|player|p2|emiriatantan|101|1635\n|teamsize|p1|6\n|teamsize|p2|6\n|gen|9\n|tier|[Gen 9] VGC 2025 Reg G\n|rated|\n|rule|Species Clause: Limit one of each Pok\u00e9mon\n|rule|Item Clause: Limit 1 of each item\n|clearpoke\n|poke|p1|Kyogre, L50|\n|poke|p1|Tornadus, L50, M|\n|poke|p1|Tsareena, L50, F|\n|poke|p1|Urshifu-*, L50, M|\n|poke|p1|Basculegion, L50, M|\n|poke|p1|Landorus, L50, M|\n|poke|p2|Incineroar, L50, M|\n|poke|p2|Raging Bolt, L50|\n|poke|p2|Rillaboom, L50, M|\n|poke|p2|Kyogre, L50|\n|poke|p2|Amoonguss, L50, M|\n|poke|p2|Grimmsnarl, L50, M|\n|teampreview|4\n|l|\u2606emiriatantan\n|player|p2|\n|j|\u2606emiriatantan\n|player|p2|emiriatantan|101|\n|\n|t:|1736014123\n|start\n|switch|p1a: Kyogre|Kyogre, L50|100\/100\n|switch|p1b: Tsareena|Tsareena, L50, F|100\/100\n|switch|p2a: Grimmsnarl|Grimmsnarl, L50, M|100\/100\n|switch|p2b: Raging Bolt|Raging Bolt, L50|100\/100\n|-weather|RainDance|[from] ability: Drizzle|[of] p1a: Kyogre\n|-enditem|p2b: Raging Bolt|Booster Energy\n|-activate|p2b: Raging Bolt|ability: Protosynthesis|[fromitem]\n|-start|p2b: Raging Bolt|protosynthesisspa\n|turn|1\n|\n|t:|1736014142\n|-terastallize|p1b: Tsareena|Ice\n|move|p2a: Grimmsnarl|Light Screen|p2a: Grimmsnarl\n|-sidestart|p2: emiriatantan|move: Light Screen\n|move|p1a: Kyogre|Water Spout|p2a: Grimmsnarl|[spread] p2a,p2b\n|-resisted|p2b: Raging Bolt\n|-damage|p2a: Grimmsnarl|43\/100\n|-damage|p2b: Raging Bolt|72\/100\n|move|p1b: Tsareena|Triple Axel|p2b: Raging Bolt\n|-supereffective|p2b: Raging Bolt\n|-damage|p2b: Raging Bolt|54\/100\n|-supereffective|p2b: Raging Bolt\n|-damage|p2b: Raging Bolt|20\/100\n|-supereffective|p2b: Raging Bolt\n|-damage|p2b: Raging Bolt|0 fnt\n|faint|p2b: Raging Bolt\n|-end|p2b: Raging Bolt|Protosynthesis|[silent]\n|-hitcount|p2: Raging Bolt|3\n|\n|-weather|RainDance|[upkeep]\n|upkeep\n|\n|t:|1736014159\n|switch|p2b: Kyogre|Kyogre, L50|100\/100\n|turn|2\n|\n|t:|1736014170\n|move|p2a: Grimmsnarl|Reflect|p2a: Grimmsnarl\n|-sidestart|p2: emiriatantan|Reflect\n|move|p1a: Kyogre|Water Spout|p2b: Kyogre|[spread] p2a,p2b\n|-resisted|p2b: Kyogre\n|-damage|p2a: Grimmsnarl|0 fnt\n|-damage|p2b: Kyogre|79\/100\n|faint|p2a: Grimmsnarl\n|move|p1b: Tsareena|Triple Axel|p2b: Kyogre\n|-resisted|p2b: Kyogre\n|-damage|p2b: Kyogre|76\/100\n|-resisted|p2b: Kyogre\n|-damage|p2b: Kyogre|71\/100\n|-resisted|p2b: Kyogre\n|-damage|p2b: Kyogre|63\/100\n|-hitcount|p2b: Kyogre|3\n|move|p2b: Kyogre|Origin Pulse|p1a: Kyogre|[spread] p1a,p1b\n|-resisted|p1a: Kyogre\n|-damage|p1a: Kyogre|72\/100\n|-damage|p1b: Tsareena|26\/100\n|\n|-weather|RainDance|[upkeep]\n|-heal|p2b: Kyogre|69\/100|[from] item: Leftovers\n|upkeep\n|\n|t:|1736014176\n|switch|p2a: Rillaboom|Rillaboom, L50, M|100\/100\n|-fieldstart|move: Grassy Terrain|[from] ability: Grassy Surge|[of] p2a: Rillaboom\n|turn|3\n|\n|t:|1736014200\n|-terastallize|p2b: Kyogre|Grass\n|move|p1a: Kyogre|Water Spout|p2a: Rillaboom|[spread] p2a,p2b\n|-resisted|p2a: Rillaboom\n|-resisted|p2b: Kyogre\n|-damage|p2a: Rillaboom|87\/100\n|-damage|p2b: Kyogre|53\/100\n|move|p1b: Tsareena|Triple Axel|p2a: Rillaboom\n|-supereffective|p2a: Rillaboom\n|-damage|p2a: Rillaboom|73\/100\n|-supereffective|p2a: Rillaboom\n|-damage|p2a: Rillaboom|48\/100\n|-supereffective|p2a: Rillaboom\n|-damage|p2a: Rillaboom|12\/100\n|-hitcount|p2a: Rillaboom|3\n|move|p2b: Kyogre|Origin Pulse|p1a: Kyogre|[spread] p1a,p1b\n|-resisted|p1a: Kyogre\n|-damage|p1a: Kyogre|47\/100\n|-damage|p1b: Tsareena|0 fnt\n|faint|p1b: Tsareena\n|move|p2a: Rillaboom|Wood Hammer|p1a: Kyogre\n|-supereffective|p1a: Kyogre\n|-damage|p1a: Kyogre|0 fnt\n|faint|p1a: Kyogre\n|-damage|p2a: Rillaboom|0 fnt|[from] Recoil\n|faint|p2a: Rillaboom\n|\n|-weather|RainDance|[upkeep]\n|-heal|p2b: Kyogre|59\/100|[from] Grassy Terrain\n|-heal|p2b: Kyogre|65\/100|[from] item: Leftovers\n|upkeep\n|\n|t:|1736014204\n|switch|p1a: Landorus|Landorus, L50, M|100\/100\n|switch|p1b: Basculegion|Basculegion, L50, M|100\/100\n|turn|4\n|\n|t:|1736014218\n|move|p2b: Kyogre|Protect|p2b: Kyogre\n|-singleturn|p2b: Kyogre|Protect\n|move|p1b: Basculegion|Last Respects|p2b: Kyogre\n|-activate|p2b: Kyogre|move: Protect\n|move|p1a: Landorus|Sludge Bomb|p2b: Kyogre\n|-activate|p2b: Kyogre|move: Protect\n|\n|-weather|RainDance|[upkeep]\n|-heal|p2b: Kyogre|71\/100|[from] Grassy Terrain\n|-heal|p2b: Kyogre|76\/100|[from] item: Leftovers\n|upkeep\n|turn|5\n|\n|t:|1736014223\n|move|p1b: Basculegion|Last Respects|p2b: Kyogre\n|-damage|p2b: Kyogre|29\/100\n|move|p1a: Landorus|Sludge Bomb|p2b: Kyogre\n|-supereffective|p2b: Kyogre\n|-damage|p2b: Kyogre|0 fnt\n|faint|p2b: Kyogre\n|\n|win|7ammy\n|raw|7ammy's rating: 1578 &rarr; <strong>1601<\/strong><br \/>(+23 for winning)\n|raw|emiriatantan's rating: 1635 &rarr; <strong>1612<\/strong><br \/>(-23 for losing)\n|l|\u2606emiriatantan\n|player|p2|\n","uploadtime":1736014475,"views":30,"formatid":"gen9vgc2025regg","rating":1601,"private":0,"password":null}