{"id":"gen9vgc2025regg-2274465427","format":"[Gen 9] VGC 2025 Reg G","players":["MattManectric","sadesign"],"log":"|j|\u2606MattManectric\n|j|\u2606sadesign\n|t:|1735934976\n|gametype|doubles\n|player|p1|MattManectric|102|1520\n|player|p2|sadesign|2|1598\n|teamsize|p1|6\n|teamsize|p2|6\n|gen|9\n|tier|[Gen 9] VGC 2025 Reg G\n|rated|\n|rule|Species Clause: Limit one of each Pok\u00e9mon\n|rule|Item Clause: Limit 1 of each item\n|clearpoke\n|poke|p1|Gholdengo, L50|\n|poke|p1|Landorus, L50, M|\n|poke|p1|Kyogre, L50|\n|poke|p1|Incineroar, L50, M|\n|poke|p1|Wo-Chien, L50|\n|poke|p1|Grimmsnarl, L50, M|\n|poke|p2|Terapagos, L50, M|\n|poke|p2|Smeargle, L50, M|\n|poke|p2|Sinistcha, L50|\n|poke|p2|Incineroar, L50, M|\n|poke|p2|Rillaboom, L50, M|\n|poke|p2|Urshifu-*, L50, M|\n|teampreview|4\n|\n|t:|1735935002\n|start\n|switch|p1a: Gholdengo|Gholdengo, L50|100\/100\n|switch|p1b: Incineroar|Incineroar, L50, M|100\/100\n|switch|p2a: Terapagos|Terapagos, L50, M|100\/100\n|switch|p2b: Smeargle|Smeargle, L50, M|100\/100\n|-activate|p2a: Terapagos|ability: Tera Shift\n|detailschange|p2a: Terapagos|Terapagos-Terastal, L50, M\n|-heal|p2a: Terapagos|100\/100|[silent]\n|-ability|p1b: Incineroar|Intimidate|boost\n|-unboost|p2a: Terapagos|atk|1\n|-unboost|p2b: Smeargle|atk|1\n|turn|1\n|\n|t:|1735935022\n|switch|p2b: Rillaboom|Rillaboom, L50, M|100\/100\n|-fieldstart|move: Grassy Terrain|[from] ability: Grassy Surge|[of] p2b: Rillaboom\n|-enditem|p2b: Rillaboom|Grassy Seed\n|-boost|p2b: Rillaboom|def|1|[from] item: Grassy Seed\n|move|p1b: Incineroar|Knock Off|p2b: Rillaboom\n|-damage|p2b: Rillaboom|86\/100\n|move|p1a: Gholdengo|Nasty Plot|p1a: Gholdengo\n|-boost|p1a: Gholdengo|spa|2\n|move|p2a: Terapagos|Calm Mind|p2a: Terapagos\n|-boost|p2a: Terapagos|spa|1\n|-boost|p2a: Terapagos|spd|1\n|\n|-heal|p2b: Rillaboom|92\/100|[from] Grassy Terrain\n|upkeep\n|turn|2\n|\n|t:|1735935046\n|move|p1b: Incineroar|Knock Off|p2a: Terapagos\n|-activate|p2a: Terapagos|ability: Tera Shell\n|-resisted|p2a: Terapagos\n|-damage|p2a: Terapagos|87\/100\n|-enditem|p2a: Terapagos|Leftovers|[from] move: Knock Off|[of] p1b: Incineroar\n|move|p1a: Gholdengo|Make It Rain|p2a: Terapagos|[spread] p2a,p2b\n|-damage|p2a: Terapagos|30\/100\n|-damage|p2b: Rillaboom|0 fnt\n|-unboost|p1a: Gholdengo|spa|1\n|faint|p2b: Rillaboom\n|move|p2a: Terapagos|Earth Power|p1a: Gholdengo\n|-supereffective|p1a: Gholdengo\n|-damage|p1a: Gholdengo|36\/100\n|\n|-heal|p1a: Gholdengo|42\/100|[from] Grassy Terrain\n|-heal|p2a: Terapagos|36\/100|[from] Grassy Terrain\n|upkeep\n|j| MillerH33\n|\n|t:|1735935065\n|switch|p2b: Sinistcha|Sinistcha, L50|100\/100\n|-heal|p2a: Terapagos|61\/100|[from] ability: Hospitality|[of] p2b: Sinistcha\n|turn|3\n|\n|t:|1735935093\n|-terastallize|p2a: Terapagos|Stellar\n|detailschange|p2a: Terapagos|Terapagos-Stellar, L50, M, tera:Stellar\n|-heal|p2a: Terapagos|71\/100|[silent]\n|-ability|p2a: Terapagos|Teraform Zero\n|-fieldend|move: Grassy Terrain\n|move|p1a: Gholdengo|Protect|p1a: Gholdengo\n|-singleturn|p1a: Gholdengo|Protect\n|move|p1b: Incineroar|Knock Off|p2b: Sinistcha\n|-supereffective|p2b: Sinistcha\n|-damage|p2b: Sinistcha|36\/100\n|-damage|p1b: Incineroar|84\/100|[from] item: Rocky Helmet|[of] p2b: Sinistcha\n|-enditem|p2b: Sinistcha|Rocky Helmet|[from] move: Knock Off|[of] p1b: Incineroar\n|move|p2a: Terapagos|Tera Starstorm|p1a: Gholdengo|[spread] p1b\n|-activate|p1a: Gholdengo|move: Protect\n|-damage|p1b: Incineroar|41\/100\n|move|p2b: Sinistcha|Life Dew|p2b: Sinistcha|[spread] p2a,p2b\n|-heal|p2a: Terapagos|96\/100\n|-heal|p2b: Sinistcha|62\/100\n|\n|upkeep\n|turn|4\n|\n|t:|1735935116\n|move|p1b: Incineroar|Parting Shot|p2a: Terapagos\n|-unboost|p2a: Terapagos|atk|1\n|-unboost|p2a: Terapagos|spa|1\n|\n|t:|1735935120\n|switch|p1b: Kyogre|Kyogre, L50|100\/100|[from] Parting Shot\n|-weather|RainDance|[from] ability: Drizzle|[of] p1b: Kyogre\n|move|p1a: Gholdengo|Shadow Ball|p2b: Sinistcha\n|-supereffective|p2b: Sinistcha\n|-damage|p2b: Sinistcha|0 fnt\n|faint|p2b: Sinistcha\n|move|p2a: Terapagos|Earth Power|p1a: Gholdengo\n|-supereffective|p1a: Gholdengo\n|-damage|p1a: Gholdengo|0 fnt\n|faint|p1a: Gholdengo\n|\n|-weather|RainDance|[upkeep]\n|upkeep\n|\n|t:|1735935132\n|switch|p1a: Incineroar|Incineroar, L50, M|41\/100\n|switch|p2b: Smeargle|Smeargle, L50, M|100\/100\n|-ability|p1a: Incineroar|Intimidate|boost\n|-unboost|p2a: Terapagos|atk|1\n|-unboost|p2b: Smeargle|atk|1\n|turn|5\n|j| PhantumKai\n|j| futonkagebunshin\n|\n|t:|1735935145\n|move|p2a: Terapagos|Protect|p2a: Terapagos\n|-singleturn|p2a: Terapagos|Protect\n|move|p1a: Incineroar|Fake Out|p2b: Smeargle\n|-damage|p2b: Smeargle|73\/100\n|cant|p2b: Smeargle|flinch\n|move|p1b: Kyogre|Water Spout|p2a: Terapagos|[spread] p2b\n|-activate|p2a: Terapagos|move: Protect\n|-damage|p2b: Smeargle|0 fnt\n|faint|p2b: Smeargle\n|\n|-weather|RainDance|[upkeep]\n|upkeep\n|turn|6\n|\n|t:|1735935157\n|move|p1a: Incineroar|Parting Shot|p2a: Terapagos\n|-unboost|p2a: Terapagos|atk|1\n|-unboost|p2a: Terapagos|spa|1\n|\n|t:|1735935160\n|switch|p1a: Wo-Chien|Wo-Chien, L50|100\/100|[from] Parting Shot\n|-ability|p1a: Wo-Chien|Tablets of Ruin\n|move|p1b: Kyogre|Water Spout|p2a: Terapagos\n|-damage|p2a: Terapagos|46\/100\n|move|p2a: Terapagos|Tera Starstorm|p1a: Wo-Chien|[spread] p1a,p1b\n|-damage|p1a: Wo-Chien|87\/100\n|-damage|p1b: Kyogre|92\/100\n|\n|-weather|RainDance|[upkeep]\n|-heal|p1a: Wo-Chien|93\/100|[from] item: Leftovers\n|upkeep\n|turn|7\n|\n|t:|1735935185\n|move|p1a: Wo-Chien|Ruination|p2a: Terapagos\n|-damage|p2a: Terapagos|23\/100\n|move|p1b: Kyogre|Water Spout|p2a: Terapagos\n|-damage|p2a: Terapagos|0 fnt\n|faint|p2a: Terapagos\n|\n|win|MattManectric\n|raw|MattManectric's rating: 1520 &rarr; <strong>1544<\/strong><br \/>(+24 for winning)\n|raw|sadesign's rating: 1598 &rarr; <strong>1574<\/strong><br \/>(-24 for losing)\n|l|\u2606sadesign\n|player|p2|\n|l|\u2606MattManectric\n|player|p1|\n","uploadtime":1735935395,"views":7,"formatid":"gen9vgc2025regg","rating":1544,"private":0,"password":null}