{"id":"gen9vgc2025regg-2274519456","format":"[Gen 9] VGC 2025 Reg G","players":["Sazandoramx","Xatseye"],"log":"|j|\u2606Sazandoramx\n|j|\u2606Xatseye\n|t:|1735941247\n|gametype|doubles\n|player|p1|Sazandoramx|169|1522\n|player|p2|Xatseye|biker|1553\n|teamsize|p1|6\n|teamsize|p2|6\n|gen|9\n|tier|[Gen 9] VGC 2025 Reg G\n|rated|\n|rule|Species Clause: Limit one of each Pok\u00e9mon\n|rule|Item Clause: Limit 1 of each item\n|clearpoke\n|poke|p1|Lunala, L50|\n|poke|p1|Incineroar, L50, M|\n|poke|p1|Maushold-Four, L50|\n|poke|p1|Rillaboom, L50, M|\n|poke|p1|Roaring Moon, L50|\n|poke|p1|Urshifu-*, L50, M|\n|poke|p2|Cresselia, L50, F|\n|poke|p2|Flutter Mane, L50|\n|poke|p2|Maushold-Four, L50|\n|poke|p2|Incineroar, L50, M|\n|poke|p2|Calyrex-Ice, L50|\n|poke|p2|Raging Bolt, L50|\n|teampreview|4\n|inactive|Battle timer is ON: inactive players will automatically lose when time's up. (requested by Xatseye)\n|j| kyocat7\n|inactive|Sazandoramx has 60 seconds left.\n|inactive|Xatseye has 60 seconds left.\n|j| futonkagebunshin\n|l| kyocat7\n|\n|t:|1735941287\n|start\n|switch|p1a: Lunala|Lunala, L50|100\/100\n|switch|p1b: Maushold|Maushold-Four, L50, shiny|100\/100\n|switch|p2a: Flutter Mane|Flutter Mane, L50|100\/100\n|switch|p2b: Maushold|Maushold-Four, L50, shiny|100\/100\n|-enditem|p2a: Flutter Mane|Booster Energy\n|-activate|p2a: Flutter Mane|ability: Protosynthesis|[fromitem]\n|-start|p2a: Flutter Mane|protosynthesisspa\n|turn|1\n|j| kyocat7\n|\n|t:|1735941311\n|move|p1b: Maushold|Follow Me|p1b: Maushold\n|-singleturn|p1b: Maushold|move: Follow Me\n|move|p2b: Maushold|Super Fang|p1b: Maushold\n|-damage|p1b: Maushold|50\/100\n|-damage|p2b: Maushold|84\/100|[from] item: Rocky Helmet|[of] p1b: Maushold\n|move|p2a: Flutter Mane|Dazzling Gleam|p1a: Lunala|[spread] p1a,p1b\n|-damage|p1a: Lunala|89\/100\n|-damage|p1b: Maushold|0 fnt\n|faint|p1b: Maushold\n|move|p1a: Lunala|Moongeist Beam|p2a: Flutter Mane\n|-supereffective|p2a: Flutter Mane\n|-damage|p2a: Flutter Mane|0 fnt\n|faint|p2a: Flutter Mane\n|-end|p2a: Flutter Mane|Protosynthesis|[silent]\n|\n|-heal|p1a: Lunala|95\/100|[from] item: Leftovers\n|upkeep\n|l| kyocat7\n|inactive|Sazandoramx has 30 seconds left.\n|\n|t:|1735941339\n|switch|p2a: Incineroar|Incineroar, L50, M|100\/100\n|switch|p1b: Urshifu|Urshifu-Rapid-Strike, L50, M|100\/100\n|-ability|p2a: Incineroar|Intimidate|boost\n|-unboost|p1a: Lunala|atk|1\n|-unboost|p1b: Urshifu|atk|1\n|turn|2\n|\n|t:|1735941354\n|move|p1a: Lunala|Protect|p1a: Lunala\n|-singleturn|p1a: Lunala|Protect\n|move|p2a: Incineroar|Fake Out|p1b: Urshifu\n|-damage|p1b: Urshifu|90\/100\n|move|p2b: Maushold|Taunt|p1a: Lunala\n|-activate|p1a: Lunala|move: Protect\n|cant|p1b: Urshifu|flinch\n|\n|-heal|p1a: Lunala|100\/100|[from] item: Leftovers\n|upkeep\n|turn|3\n|j| BionicFox\n|\n|t:|1735941377\n|switch|p1a: Rillaboom|Rillaboom, L50, M|100\/100\n|-fieldstart|move: Grassy Terrain|[from] ability: Grassy Surge|[of] p1a: Rillaboom\n|-terastallize|p2a: Incineroar|Water\n|move|p2b: Maushold|Super Fang|p1b: Urshifu\n|-damage|p1b: Urshifu|45\/100\n|move|p1b: Urshifu|Surging Strikes|p2a: Incineroar\n|-resisted|p2a: Incineroar\n|-crit|p2a: Incineroar\n|-damage|p2a: Incineroar|91\/100\n|-resisted|p2a: Incineroar\n|-crit|p2a: Incineroar\n|-damage|p2a: Incineroar|82\/100\n|-resisted|p2a: Incineroar\n|-crit|p2a: Incineroar\n|-damage|p2a: Incineroar|73\/100\n|-hitcount|p2a: Incineroar|3\n|-damage|p1b: Urshifu|36\/100|[from] item: Life Orb\n|move|p2a: Incineroar|Snarl|p1b: Urshifu|[spread] p1a,p1b\n|-resisted|p1b: Urshifu\n|-damage|p1a: Rillaboom|91\/100\n|-damage|p1b: Urshifu|30\/100\n|-unboost|p1a: Rillaboom|spa|1\n|-unboost|p1b: Urshifu|spa|1\n|\n|-heal|p2b: Maushold|90\/100|[from] Grassy Terrain\n|-heal|p1b: Urshifu|35\/100|[from] Grassy Terrain\n|-heal|p1a: Rillaboom|97\/100|[from] Grassy Terrain\n|-heal|p2a: Incineroar|79\/100|[from] Grassy Terrain\n|upkeep\n|turn|4\n|inactive|Sazandoramx has 30 seconds left.\n|inactive|Xatseye has 30 seconds left.\n|inactive|Sazandoramx has 20 seconds left.\n|\n|t:|1735941414\n|switch|p2a: Calyrex|Calyrex-Ice, L50|100\/100\n|-ability|p2a: Calyrex|As One\n|-ability|p2a: Calyrex|Unnerve\n|move|p2b: Maushold|Follow Me|p2b: Maushold\n|-singleturn|p2b: Maushold|move: Follow Me\n|move|p1b: Urshifu|Close Combat|p2b: Maushold\n|-supereffective|p2b: Maushold\n|-damage|p2b: Maushold|0 fnt\n|-unboost|p1b: Urshifu|def|1\n|-unboost|p1b: Urshifu|spd|1\n|faint|p2b: Maushold\n|-damage|p1b: Urshifu|26\/100|[from] item: Life Orb\n|move|p1a: Rillaboom|Wood Hammer|p2a: Calyrex\n|-damage|p2a: Calyrex|48\/100\n|-damage|p1a: Rillaboom|79\/100|[from] Recoil\n|\n|-heal|p1b: Urshifu|32\/100|[from] Grassy Terrain\n|-heal|p1a: Rillaboom|85\/100|[from] Grassy Terrain\n|-heal|p2a: Calyrex|54\/100|[from] Grassy Terrain\n|upkeep\n|\n|t:|1735941434\n|switch|p2b: Incineroar|Incineroar, L50, M, tera:Water|79\/100\n|-ability|p2b: Incineroar|Intimidate|boost\n|-unboost|p1a: Rillaboom|atk|1\n|-unboost|p1b: Urshifu|atk|1\n|turn|5\n|\n|t:|1735941450\n|-terastallize|p1a: Rillaboom|Fire\n|move|p2b: Incineroar|Fake Out|p1a: Rillaboom\n|-damage|p1a: Rillaboom|74\/100\n|move|p1b: Urshifu|Taunt|p2a: Calyrex\n|-start|p2a: Calyrex|move: Taunt\n|cant|p1a: Rillaboom|flinch\n|cant|p2a: Calyrex|move: Taunt|Trick Room\n|\n|-heal|p1b: Urshifu|38\/100|[from] Grassy Terrain\n|-heal|p1a: Rillaboom|80\/100|[from] Grassy Terrain\n|-heal|p2b: Incineroar|85\/100|[from] Grassy Terrain\n|-heal|p2a: Calyrex|60\/100|[from] Grassy Terrain\n|upkeep\n|turn|6\n|-message|Xatseye forfeited.\n|\n|win|Sazandoramx\n|raw|Sazandoramx's rating: 1522 &rarr; <strong>1544<\/strong><br \/>(+22 for winning)\n|raw|Xatseye's rating: 1553 &rarr; <strong>1531<\/strong><br \/>(-22 for losing)\n|l|\u2606Xatseye\n|player|p2|\n|l|\u2606Sazandoramx\n|player|p1|\n","uploadtime":1735941480,"views":304,"formatid":"gen9vgc2025regg","rating":1531,"private":0,"password":null}