{"id":"gen9vgc2025regg-2274536928","format":"[Gen 9] VGC 2025 Reg G","players":["ragionBolte","MattManectric"],"log":"|j|\u2606ragionBolte\n|j|\u2606MattManectric\n|t:|1735943327\n|gametype|doubles\n|player|p1|ragionBolte|265|1500\n|player|p2|MattManectric|102|1629\n|teamsize|p1|6\n|teamsize|p2|6\n|gen|9\n|tier|[Gen 9] VGC 2025 Reg G\n|rated|\n|rule|Species Clause: Limit one of each Pok\u00e9mon\n|rule|Item Clause: Limit 1 of each item\n|clearpoke\n|poke|p1|Calyrex-Ice, L50|\n|poke|p1|Ogerpon-Wellspring, L50, F|\n|poke|p1|Heatran, L50, M|\n|poke|p1|Iron Hands, L50|\n|poke|p1|Indeedee-F, L50, F|\n|poke|p1|Mienshao, L50, M|\n|poke|p2|Gholdengo, L50|\n|poke|p2|Landorus, L50, M|\n|poke|p2|Kyogre, L50|\n|poke|p2|Incineroar, L50, F|\n|poke|p2|Wo-Chien, L50|\n|poke|p2|Grimmsnarl, L50, M|\n|teampreview|4\n|inactive|Battle timer is ON: inactive players will automatically lose when time's up. (requested by ragionBolte)\n|\n|t:|1735943362\n|start\n|switch|p1a: Calyrex|Calyrex-Ice, L50|100\/100\n|switch|p1b: Mienshao|Mienshao, L50, M|100\/100\n|switch|p2a: Grimmsnarl|Grimmsnarl, L50, M|100\/100\n|switch|p2b: Gholdengo|Gholdengo, L50|100\/100\n|-ability|p1a: Calyrex|As One\n|-ability|p1a: Calyrex|Unnerve\n|turn|1\n|\n|t:|1735943371\n|-terastallize|p1a: Calyrex|Water\n|move|p2a: Grimmsnarl|Reflect|p2a: Grimmsnarl\n|-sidestart|p2: MattManectric|Reflect\n|move|p1b: Mienshao|Knock Off|p2b: Gholdengo\n|-supereffective|p2b: Gholdengo\n|-damage|p2b: Gholdengo|65\/100\n|-enditem|p2b: Gholdengo|Metal Coat|[from] move: Knock Off|[of] p1b: Mienshao\n|move|p2b: Gholdengo|Nasty Plot|p2b: Gholdengo\n|-boost|p2b: Gholdengo|spa|2\n|move|p1a: Calyrex|Glacial Lance|p2a: Grimmsnarl|[spread] p2a,p2b\n|-resisted|p2b: Gholdengo\n|-damage|p2a: Grimmsnarl|63\/100\n|-damage|p2b: Gholdengo|50\/100\n|\n|upkeep\n|turn|2\n|\n|t:|1735943386\n|move|p2b: Gholdengo|Protect|p2b: Gholdengo\n|-singleturn|p2b: Gholdengo|Protect\n|move|p1b: Mienshao|Coaching|p1a: Calyrex\n|-boost|p1a: Calyrex|atk|1\n|-boost|p1a: Calyrex|def|1\n|move|p1a: Calyrex|Glacial Lance|p2a: Grimmsnarl|[spread] p2a\n|-activate|p2b: Gholdengo|move: Protect\n|-damage|p2a: Grimmsnarl|13\/100\n|move|p2a: Grimmsnarl|Spirit Break|p1b: Mienshao\n|-supereffective|p1b: Mienshao\n|-enditem|p1b: Mienshao|Focus Sash\n|-damage|p1b: Mienshao|1\/100\n|-unboost|p1b: Mienshao|spa|1\n|\n|upkeep\n|turn|3\n|\n|t:|1735943402\n|switch|p2a: Incineroar|Incineroar, L50, F|100\/100\n|-ability|p2a: Incineroar|Intimidate|boost\n|-fail|p1a: Calyrex|unboost|[from] item: Clear Amulet|[of] p1a: Calyrex\n|-fail|p1b: Mienshao|unboost|Attack|[from] ability: Inner Focus|[of] p1b: Mienshao\n|move|p1a: Calyrex|Protect|p1a: Calyrex\n|-singleturn|p1a: Calyrex|Protect\n|move|p1b: Mienshao|Close Combat|p2a: Incineroar\n|-supereffective|p2a: Incineroar\n|-damage|p2a: Incineroar|26\/100\n|-unboost|p1b: Mienshao|def|1\n|-unboost|p1b: Mienshao|spd|1\n|move|p2b: Gholdengo|Shadow Ball|p1a: Calyrex\n|-activate|p1a: Calyrex|move: Protect\n|\n|upkeep\n|turn|4\n|inactive|ragionBolte has 30 seconds left.\n|inactive|MattManectric has 30 seconds left.\n|\n|t:|1735943430\n|move|p2a: Incineroar|Fake Out|p1b: Mienshao\n|-damage|p1b: Mienshao|0 fnt\n|faint|p1b: Mienshao\n|move|p2b: Gholdengo|Shadow Ball|p1a: Calyrex\n|-damage|p1a: Calyrex|50\/100\n|move|p1a: Calyrex|Glacial Lance|p2b: Gholdengo|[spread] p2a,p2b\n|-resisted|p2a: Incineroar\n|-resisted|p2b: Gholdengo\n|-damage|p2a: Incineroar|0 fnt\n|-damage|p2b: Gholdengo|27\/100\n|faint|p2a: Incineroar\n|-ability|p1a: Calyrex|Chilling Neigh|boost\n|-boost|p1a: Calyrex|atk|1\n|\n|upkeep\n|\n|t:|1735943443\n|switch|p1b: Indeedee|Indeedee-F, L50, F|100\/100\n|switch|p2a: Kyogre|Kyogre, L50|100\/100\n|-weather|RainDance|[from] ability: Drizzle|[of] p2a: Kyogre\n|-fieldstart|move: Psychic Terrain|[from] ability: Psychic Surge|[of] p1b: Indeedee\n|-enditem|p1b: Indeedee|Psychic Seed\n|-boost|p1b: Indeedee|spd|1|[from] item: Psychic Seed\n|turn|5\n|\n|t:|1735943468\n|move|p1a: Calyrex|Protect|p1a: Calyrex\n|-singleturn|p1a: Calyrex|Protect\n|move|p2a: Kyogre|Water Spout|p1a: Calyrex|[spread] p1b\n|-activate|p1a: Calyrex|move: Protect\n|-damage|p1b: Indeedee|39\/100\n|move|p2b: Gholdengo|Make It Rain|p1a: Calyrex|[spread] p1b\n|-activate|p1a: Calyrex|move: Protect\n|-crit|p1b: Indeedee\n|-damage|p1b: Indeedee|0 fnt\n|-unboost|p2b: Gholdengo|spa|1\n|faint|p1b: Indeedee\n|\n|-weather|RainDance|[upkeep]\n|upkeep\n|\n|t:|1735943479\n|switch|p1b: Ogerpon|Ogerpon-Wellspring, L50, F|100\/100\n|turn|6\n|j| OwesH47\n|l| OwesH47\n|j| cwtch22\n|\n|t:|1735943490\n|-terastallize|p2a: Kyogre|Grass\n|move|p1b: Ogerpon|Ivy Cudgel|p2b: Gholdengo|[anim] Ivy Cudgel Water\n|-damage|p2b: Gholdengo|0 fnt\n|faint|p2b: Gholdengo\n|move|p2a: Kyogre|Water Spout|p1a: Calyrex|[spread] p1a\n|-immune|p1b: Ogerpon|[from] ability: Water Absorb\n|-resisted|p1a: Calyrex\n|-damage|p1a: Calyrex|17\/100\n|move|p1a: Calyrex|Glacial Lance|p2a: Kyogre\n|-supereffective|p2a: Kyogre\n|-damage|p2a: Kyogre|0 fnt\n|faint|p2a: Kyogre\n|-ability|p1a: Calyrex|Chilling Neigh|boost\n|-boost|p1a: Calyrex|atk|1\n|\n|-weather|RainDance|[upkeep]\n|upkeep\n|-message|MattManectric forfeited.\n|\n|win|ragionBolte\n|raw|ragionBolte's rating: 1500 &rarr; <strong>1527<\/strong><br \/>(+27 for winning)\n|raw|MattManectric's rating: 1629 &rarr; <strong>1602<\/strong><br \/>(-27 for losing)\n|l|\u2606MattManectric\n|player|p2|\n|l|\u2606ragionBolte\n|player|p1|\n|l| cwtch22\n","uploadtime":1735943666,"views":9,"formatid":"gen9vgc2025regg","rating":1527,"private":0,"password":null}