{"id":"gen9vgc2025regg-2274670659","format":"[Gen 9] VGC 2025 Reg G","players":["Lictab11","Ggttmmhh"],"log":"|j|\u2606Lictab11\n|j|\u2606Ggttmmhh\n|t:|1735961020\n|gametype|doubles\n|player|p1|Lictab11|169|1510\n|player|p2|Ggttmmhh|265|1681\n|teamsize|p1|6\n|teamsize|p2|6\n|gen|9\n|tier|[Gen 9] VGC 2025 Reg G\n|rated|\n|rule|Species Clause: Limit one of each Pok\u00e9mon\n|rule|Item Clause: Limit 1 of each item\n|clearpoke\n|poke|p1|Chi-Yu, L50|\n|poke|p1|Terapagos, L50, M|\n|poke|p1|Ogerpon-Wellspring, L50, F|\n|poke|p1|Whimsicott, L50, M|\n|poke|p1|Amoonguss, L50, M|\n|poke|p1|Regidrago, L50|\n|poke|p2|Farigiraf, L50, F|\n|poke|p2|Chi-Yu, L50|\n|poke|p2|Raging Bolt, L50|\n|poke|p2|Groudon, L50|\n|poke|p2|Flutter Mane, L50|\n|poke|p2|Ditto, L50|\n|teampreview|4\n|j| futonkagebunshin\n|inactive|Battle timer is ON: inactive players will automatically lose when time's up. (requested by Lictab11)\n|\n|t:|1735961052\n|start\n|switch|p1a: Chi-Yu|Chi-Yu, L50|100\/100\n|switch|p1b: Whimsicott|Whimsicott, L50, M, shiny|100\/100\n|switch|p2a: Flutter Mane|Flutter Mane, L50|100\/100\n|switch|p2b: Chi-Yu|Chi-Yu, L50|100\/100\n|-ability|p2b: Chi-Yu|Beads of Ruin\n|-ability|p1a: Chi-Yu|Beads of Ruin\n|turn|1\n|inactive|Ggttmmhh has 30 seconds left.\n|\n|t:|1735961078\n|move|p1b: Whimsicott|Tailwind|p1b: Whimsicott\n|-sidestart|p1: Lictab11|move: Tailwind\n|move|p1a: Chi-Yu|Snarl|p2b: Chi-Yu|[spread] p2a,p2b\n|-resisted|p2b: Chi-Yu\n|-damage|p2a: Flutter Mane|66\/100\n|-damage|p2b: Chi-Yu|86\/100\n|-unboost|p2a: Flutter Mane|spa|1\n|-unboost|p2b: Chi-Yu|spa|1\n|move|p2b: Chi-Yu|Heat Wave|p1b: Whimsicott|[spread] p1a,p1b\n|-resisted|p1a: Chi-Yu\n|-supereffective|p1b: Whimsicott\n|-damage|p1a: Chi-Yu|85\/100\n|-enditem|p1b: Whimsicott|Focus Sash\n|-damage|p1b: Whimsicott|1\/100\n|move|p2a: Flutter Mane|Thunder Wave|p1a: Chi-Yu|[miss]\n|-miss|p2a: Flutter Mane|p1a: Chi-Yu\n|\n|upkeep\n|turn|2\n|inactive|Ggttmmhh has 30 seconds left.\n|inactive|Ggttmmhh has 20 seconds left.\n|inactive|Ggttmmhh has 15 seconds left.\n|inactive|Ggttmmhh has 10 seconds left.\n|\n|t:|1735961125\n|move|p1a: Chi-Yu|Snarl|p2a: Flutter Mane|[spread] p2a,p2b\n|-resisted|p2b: Chi-Yu\n|-damage|p2a: Flutter Mane|30\/100\n|-damage|p2b: Chi-Yu|74\/100\n|-unboost|p2a: Flutter Mane|spa|1\n|-unboost|p2b: Chi-Yu|spa|1\n|move|p1b: Whimsicott|Moonblast|p2b: Chi-Yu\n|-damage|p2b: Chi-Yu|34\/100\n|move|p2b: Chi-Yu|Heat Wave|p1a: Chi-Yu|[spread] p1a,p1b\n|-resisted|p1a: Chi-Yu\n|-crit|p1a: Chi-Yu\n|-supereffective|p1b: Whimsicott\n|-damage|p1a: Chi-Yu|51\/100\n|-damage|p1b: Whimsicott|0 fnt\n|faint|p1b: Whimsicott\n|move|p2a: Flutter Mane|Thunder Wave|p1a: Chi-Yu\n|-status|p1a: Chi-Yu|par\n|\n|upkeep\n|j| jasonrfry\n|\n|t:|1735961140\n|switch|p1b: Terapagos|Terapagos, L50, M|100\/100\n|-activate|p1b: Terapagos|ability: Tera Shift\n|detailschange|p1b: Terapagos|Terapagos-Terastal, L50, M\n|-heal|p1b: Terapagos|100\/100|[silent]\n|turn|3\n|l| jasonrfry\n|\n|t:|1735961162\n|switch|p2b: Raging Bolt|Raging Bolt, L50|100\/100\n|move|p2a: Flutter Mane|Protect|p2a: Flutter Mane\n|-singleturn|p2a: Flutter Mane|Protect\n|move|p1b: Terapagos|Meteor Beam||[still]\n|-prepare|p1b: Terapagos|Meteor Beam\n|-boost|p1b: Terapagos|spa|1\n|-enditem|p1b: Terapagos|Power Herb\n|-anim|p1b: Terapagos|Meteor Beam|p2b: Raging Bolt\n|-damage|p2b: Raging Bolt|55\/100\n|cant|p1a: Chi-Yu|par\n|\n|upkeep\n|turn|4\n|inactive|Ggttmmhh has 30 seconds left.\n|inactive|Ggttmmhh has 20 seconds left.\n|inactive|Ggttmmhh has 15 seconds left.\n|\n|t:|1735961206\n|-end|p2a: Flutter Mane|Protosynthesis|[silent]\n|switch|p2a: Chi-Yu|Chi-Yu, L50|34\/100\n|-ability|p2a: Chi-Yu|Beads of Ruin\n|move|p2b: Raging Bolt|Thunderclap||[still]\n|-fail|p2b: Raging Bolt\n|move|p1b: Terapagos|Rock Polish|p1b: Terapagos\n|-boost|p1b: Terapagos|spe|2\n|move|p1a: Chi-Yu|Snarl|p2a: Chi-Yu|[spread] p2a,p2b\n|-resisted|p2a: Chi-Yu\n|-damage|p2a: Chi-Yu|21\/100\n|-damage|p2b: Raging Bolt|39\/100\n|-unboost|p2a: Chi-Yu|spa|1\n|-unboost|p2b: Raging Bolt|spa|1\n|\n|-sideend|p1: Lictab11|move: Tailwind\n|upkeep\n|turn|5\n|inactive|Ggttmmhh has 30 seconds left.\n|\n|t:|1735961234\n|-terastallize|p1b: Terapagos|Stellar\n|detailschange|p1b: Terapagos|Terapagos-Stellar, L50, M, tera:Stellar\n|-heal|p1b: Terapagos|100\/100|[silent]\n|move|p1b: Terapagos|Tera Starstorm|p2a: Chi-Yu|[spread] p2a,p2b\n|-crit|p2a: Chi-Yu\n|-damage|p2a: Chi-Yu|0 fnt\n|-damage|p2b: Raging Bolt|0 fnt\n|faint|p2a: Chi-Yu\n|faint|p2b: Raging Bolt\n|-end|p2b: Raging Bolt|Protosynthesis|[silent]\n|cant|p1a: Chi-Yu|par\n|\n|upkeep\n|\n|t:|1735961241\n|switch|p2a: Flutter Mane|Flutter Mane, L50|30\/100\n|switch|p2b: Groudon|Groudon, L50|100\/100\n|-weather|SunnyDay|[from] ability: Drought|[of] p2b: Groudon\n|-activate|p2a: Flutter Mane|ability: Protosynthesis\n|-start|p2a: Flutter Mane|protosynthesisspe\n|turn|6\n|inactive|Ggttmmhh has 30 seconds left.\n|inactive|Ggttmmhh has 20 seconds left.\n|inactive|Ggttmmhh has 15 seconds left.\n|inactive|Ggttmmhh has 10 seconds left.\n|inactive|Ggttmmhh has 5 seconds left.\n|\n|t:|1735961292\n|move|p2a: Flutter Mane|Thunder Wave|p1b: Terapagos\n|-status|p1b: Terapagos|par\n|move|p1b: Terapagos|Tera Starstorm|p2b: Groudon|[spread] p2a,p2b\n|-crit|p2a: Flutter Mane\n|-damage|p2a: Flutter Mane|0 fnt\n|-damage|p2b: Groudon|30\/100\n|faint|p2a: Flutter Mane\n|-end|p2a: Flutter Mane|Protosynthesis|[silent]\n|move|p1a: Chi-Yu|Snarl|p2b: Groudon\n|-damage|p2b: Groudon|0 fnt\n|faint|p2b: Groudon\n|\n|win|Lictab11\n|raw|Lictab11's rating: 1510 &rarr; <strong>1539<\/strong><br \/>(+29 for winning)\n|raw|Ggttmmhh's rating: 1681 &rarr; <strong>1652<\/strong><br \/>(-29 for losing)\n|l|\u2606Ggttmmhh\n|player|p2|\n|l|\u2606Lictab11\n|player|p1|\n","uploadtime":1735961479,"views":32,"formatid":"gen9vgc2025regg","rating":1539,"private":0,"password":null}