{"id":"gen9vgc2025regg-2274868292","format":"[Gen 9] VGC 2025 Reg G","players":["RustyChair13","madgiraffe"],"log":"|j|\u2606RustyChair13\n|j|\u2606madgiraffe\n|t:|1735999241\n|gametype|doubles\n|player|p1|RustyChair13|scientist-gen4|1536\n|player|p2|madgiraffe|1|1602\n|teamsize|p1|6\n|teamsize|p2|6\n|gen|9\n|tier|[Gen 9] VGC 2025 Reg G\n|rated|\n|rule|Species Clause: Limit one of each Pok\u00e9mon\n|rule|Item Clause: Limit 1 of each item\n|clearpoke\n|poke|p1|Zamazenta-*, L50|\n|poke|p1|Urshifu-*, L50, M|\n|poke|p1|Tornadus, L50, M|\n|poke|p1|Ditto, L50|\n|poke|p1|Chien-Pao, L50|\n|poke|p1|Flutter Mane, L50|\n|poke|p2|Terapagos, L50, M|\n|poke|p2|Rillaboom, L50, M|\n|poke|p2|Incineroar, L50, M|\n|poke|p2|Urshifu-*, L50, F|\n|poke|p2|Flutter Mane, L50|\n|poke|p2|Tornadus, L50, M|\n|teampreview|4\n|inactive|Battle timer is ON: inactive players will automatically lose when time's up. (requested by madgiraffe)\n|j| CaptainHashbrown\n|inactive|madgiraffe has 60 seconds left.\n|\n|t:|1735999298\n|start\n|switch|p1a: Tornadus|Tornadus, L50, M|100\/100\n|switch|p1b: Urshifu|Urshifu-Rapid-Strike, L50, M|100\/100\n|switch|p2a: Urshifu|Urshifu-Rapid-Strike, L50, F|100\/100\n|switch|p2b: Tornadus|Tornadus, L50, M|100\/100\n|turn|1\n|inactive|RustyChair13 has 30 seconds left.\n|inactive|RustyChair13 has 20 seconds left.\n|inactive|RustyChair13 has 15 seconds left.\n|\n|t:|1735999338\n|-terastallize|p2a: Urshifu|Water\n|-terastallize|p1b: Urshifu|Water\n|move|p2b: Tornadus|Tailwind|p2b: Tornadus\n|-sidestart|p2: madgiraffe|move: Tailwind\n|move|p1a: Tornadus|Tailwind|p1a: Tornadus\n|-sidestart|p1: RustyChair13|move: Tailwind\n|move|p2a: Urshifu|Surging Strikes|p1a: Tornadus\n|-crit|p1a: Tornadus\n|-damage|p1a: Tornadus|59\/100\n|-crit|p1a: Tornadus\n|-damage|p1a: Tornadus|17\/100\n|-crit|p1a: Tornadus\n|-damage|p1a: Tornadus|0 fnt\n|faint|p1a: Tornadus\n|-hitcount|p1: Tornadus|3\n|move|p1b: Urshifu|Surging Strikes|p2b: Tornadus\n|-crit|p2b: Tornadus\n|-damage|p2b: Tornadus|49\/100\n|-crit|p2b: Tornadus\n|-damage|p2b: Tornadus|0 fnt\n|faint|p2b: Tornadus\n|-hitcount|p2: Tornadus|2\n|\n|upkeep\n|inactive|RustyChair13 has 30 seconds left.\n|\n|t:|1735999368\n|switch|p2b: Flutter Mane|Flutter Mane, L50|100\/100\n|switch|p1a: Chien-Pao|Chien-Pao, L50|100\/100\n|-ability|p1a: Chien-Pao|Sword of Ruin\n|-enditem|p2b: Flutter Mane|Booster Energy\n|-activate|p2b: Flutter Mane|ability: Protosynthesis|[fromitem]\n|-start|p2b: Flutter Mane|protosynthesisspe\n|turn|2\n|inactive|RustyChair13 has 30 seconds left.\n|inactive|RustyChair13 has 20 seconds left.\n|\n|t:|1735999407\n|move|p1a: Chien-Pao|Sucker Punch|p2a: Urshifu\n|-damage|p2a: Urshifu|47\/100\n|-damage|p1a: Chien-Pao|91\/100|[from] item: Life Orb\n|move|p1b: Urshifu|Aqua Jet|p2a: Urshifu\n|-resisted|p2a: Urshifu\n|-damage|p2a: Urshifu|22\/100\n|move|p2b: Flutter Mane|Icy Wind|p1b: Urshifu|[spread] p1a,p1b\n|-resisted|p1a: Chien-Pao\n|-resisted|p1b: Urshifu\n|-crit|p1b: Urshifu\n|-damage|p1a: Chien-Pao|82\/100\n|-damage|p1b: Urshifu|87\/100\n|-unboost|p1a: Chien-Pao|spe|1\n|-unboost|p1b: Urshifu|spe|1\n|move|p2a: Urshifu|Surging Strikes|p1a: Chien-Pao\n|-crit|p1a: Chien-Pao\n|-damage|p1a: Chien-Pao|37\/100\n|-crit|p1a: Chien-Pao\n|-damage|p1a: Chien-Pao|0 fnt\n|faint|p1a: Chien-Pao\n|-hitcount|p1: Chien-Pao|2\n|\n|upkeep\n|\n|t:|1735999415\n|switch|p1a: Zamazenta|Zamazenta-Crowned, L50, shiny|100\/100\n|-ability|p1a: Zamazenta|Dauntless Shield|boost\n|-boost|p1a: Zamazenta|def|1\n|turn|3\n|\n|t:|1735999439\n|switch|p2a: Terapagos|Terapagos, L50, M|100\/100\n|-activate|p2a: Terapagos|ability: Tera Shift\n|detailschange|p2a: Terapagos|Terapagos-Terastal, L50, M\n|-heal|p2a: Terapagos|100\/100|[silent]\n|move|p1b: Urshifu|Detect|p1b: Urshifu\n|-singleturn|p1b: Urshifu|Protect\n|move|p2b: Flutter Mane|Moonblast|p1b: Urshifu\n|-activate|p1b: Urshifu|move: Protect\n|move|p1a: Zamazenta|Heavy Slam|p2b: Flutter Mane\n|-supereffective|p2b: Flutter Mane\n|-damage|p2b: Flutter Mane|0 fnt\n|faint|p2b: Flutter Mane\n|-end|p2b: Flutter Mane|Protosynthesis|[silent]\n|\n|upkeep\n|\n|t:|1735999445\n|switch|p2b: Urshifu|Urshifu-Rapid-Strike, L50, F, tera:Water|22\/100\n|turn|4\n|\n|t:|1735999466\n|move|p1a: Zamazenta|Body Press|p2b: Urshifu\n|-damage|p2b: Urshifu|0 fnt\n|faint|p2b: Urshifu\n|move|p2a: Terapagos|Tera Starstorm|p1b: Urshifu\n|-damage|p1b: Urshifu|4\/100\n|move|p1b: Urshifu|Surging Strikes|p2a: Terapagos\n|-activate|p2a: Terapagos|ability: Tera Shell\n|-resisted|p2a: Terapagos\n|-crit|p2a: Terapagos\n|-damage|p2a: Terapagos|86\/100\n|-resisted|p2a: Terapagos\n|-crit|p2a: Terapagos\n|-damage|p2a: Terapagos|70\/100\n|-resisted|p2a: Terapagos\n|-crit|p2a: Terapagos\n|-damage|p2a: Terapagos|55\/100\n|-hitcount|p2a: Terapagos|3\n|\n|-heal|p2a: Terapagos|61\/100|[from] item: Leftovers\n|-sideend|p2: madgiraffe|move: Tailwind\n|-sideend|p1: RustyChair13|move: Tailwind\n|upkeep\n|turn|5\n|-message|madgiraffe forfeited.\n|\n|win|RustyChair13\n|raw|RustyChair13's rating: 1536 &rarr; <strong>1560<\/strong><br \/>(+24 for winning)\n|raw|madgiraffe's rating: 1602 &rarr; <strong>1578<\/strong><br \/>(-24 for losing)\n|l|\u2606madgiraffe\n|player|p2|\n|l| CaptainHashbrown\n|l|\u2606RustyChair13\n|player|p1|\n","uploadtime":1735999635,"views":317,"formatid":"gen9vgc2025regg","rating":1560,"private":0,"password":null}