{"id":"gen9vgc2025regg-2274869904","format":"[Gen 9] VGC 2025 Reg G","players":["madgiraffe","Hywen"],"log":"|j|\u2606madgiraffe\n|j|\u2606Hywen\n|t:|1735999494\n|gametype|doubles\n|player|p1|madgiraffe|1|1578\n|player|p2|Hywen|266|1532\n|teamsize|p1|6\n|teamsize|p2|6\n|gen|9\n|tier|[Gen 9] VGC 2025 Reg G\n|rated|\n|rule|Species Clause: Limit one of each Pok\u00e9mon\n|rule|Item Clause: Limit 1 of each item\n|clearpoke\n|poke|p1|Terapagos, L50, M|\n|poke|p1|Rillaboom, L50, F|\n|poke|p1|Incineroar, L50, M|\n|poke|p1|Urshifu-*, L50, M|\n|poke|p1|Flutter Mane, L50|\n|poke|p1|Tornadus, L50, M|\n|poke|p2|Zamazenta-*, L50|\n|poke|p2|Amoonguss, L50, M|\n|poke|p2|Sableye, L50, F|\n|poke|p2|Iron Hands, L50|\n|poke|p2|Kingambit, L50, M|\n|poke|p2|Flutter Mane, L50|\n|teampreview|4\n|inactive|Battle timer is ON: inactive players will automatically lose when time's up. (requested by madgiraffe)\n|inactive|madgiraffe has 60 seconds left.\n|inactive|madgiraffe has 30 seconds left.\n|\n|t:|1735999556\n|start\n|switch|p1a: Terapagos|Terapagos, L50, M|100\/100\n|switch|p1b: Urshifu|Urshifu-Rapid-Strike, L50, M|100\/100\n|switch|p2a: Kingambit|Kingambit, L50, M|100\/100\n|switch|p2b: Zamazenta|Zamazenta-Crowned, L50|100\/100\n|-activate|p1a: Terapagos|ability: Tera Shift\n|detailschange|p1a: Terapagos|Terapagos-Terastal, L50, M\n|-heal|p1a: Terapagos|100\/100|[silent]\n|-ability|p2b: Zamazenta|Dauntless Shield|boost\n|-boost|p2b: Zamazenta|def|1\n|turn|1\n|inactive|madgiraffe has 30 seconds left.\n|inactive|madgiraffe has 20 seconds left.\n|\n|t:|1735999594\n|switch|p2a: Amoonguss|Amoonguss, L50, M|100\/100\n|move|p2b: Zamazenta|Body Press|p1b: Urshifu\n|-damage|p1b: Urshifu|33\/100\n|move|p1b: Urshifu|Close Combat|p2a: Amoonguss\n|-resisted|p2a: Amoonguss\n|-damage|p2a: Amoonguss|79\/100\n|-unboost|p1b: Urshifu|def|1\n|-unboost|p1b: Urshifu|spd|1\n|-damage|p1b: Urshifu|17\/100|[from] item: Rocky Helmet|[of] p2a: Amoonguss\n|move|p1a: Terapagos|Calm Mind|p1a: Terapagos\n|-boost|p1a: Terapagos|spa|1\n|-boost|p1a: Terapagos|spd|1\n|\n|upkeep\n|turn|2\n|inactive|Hywen has 30 seconds left.\n|inactive|madgiraffe has 30 seconds left.\n|\n|t:|1735999625\n|switch|p1b: Rillaboom|Rillaboom, L50, F|100\/100\n|-fieldstart|move: Grassy Terrain|[from] ability: Grassy Surge|[of] p1b: Rillaboom\n|move|p2b: Zamazenta|Iron Defense|p2b: Zamazenta\n|-boost|p2b: Zamazenta|def|2\n|move|p1a: Terapagos|Substitute|p1a: Terapagos\n|-start|p1a: Terapagos|Substitute\n|-damage|p1a: Terapagos|75\/100\n|move|p2a: Amoonguss|Clear Smog|p1a: Terapagos\n|-activate|p1a: Terapagos|move: Substitute|[damage]\n|\n|-heal|p1a: Terapagos|82\/100|[from] Grassy Terrain\n|-heal|p1a: Terapagos|88\/100|[from] item: Leftovers\n|-heal|p2a: Amoonguss|85\/100|[from] Grassy Terrain\n|upkeep\n|turn|3\n|\n|t:|1735999640\n|move|p1b: Rillaboom|Fake Out|p2b: Zamazenta\n|-resisted|p2b: Zamazenta\n|-damage|p2b: Zamazenta|99\/100\n|cant|p2b: Zamazenta|flinch\n|move|p1a: Terapagos|Calm Mind|p1a: Terapagos\n|-boost|p1a: Terapagos|spa|1\n|-boost|p1a: Terapagos|spd|1\n|move|p2a: Amoonguss|Clear Smog|p1a: Terapagos\n|-activate|p1a: Terapagos|move: Substitute|[damage]\n|\n|-heal|p2b: Zamazenta|100\/100|[from] Grassy Terrain\n|-heal|p1a: Terapagos|94\/100|[from] Grassy Terrain\n|-heal|p1a: Terapagos|100\/100|[from] item: Leftovers\n|-heal|p2a: Amoonguss|91\/100|[from] Grassy Terrain\n|upkeep\n|turn|4\n|\n|t:|1735999653\n|-terastallize|p1a: Terapagos|Stellar\n|detailschange|p1a: Terapagos|Terapagos-Stellar, L50, M, tera:Stellar\n|-heal|p1a: Terapagos|100\/100|[silent]\n|-ability|p1a: Terapagos|Teraform Zero\n|-fieldend|move: Grassy Terrain\n|move|p2b: Zamazenta|Body Press|p1a: Terapagos\n|-supereffective|p1a: Terapagos\n|-end|p1a: Terapagos|Substitute\n|move|p1a: Terapagos|Tera Starstorm|p2b: Zamazenta|[spread] p2a,p2b\n|-damage|p2a: Amoonguss|12\/100\n|-damage|p2b: Zamazenta|40\/100\n|move|p1b: Rillaboom|U-turn|p2b: Zamazenta\n|-resisted|p2b: Zamazenta\n|-damage|p2b: Zamazenta|38\/100\n|\n|t:|1735999656\n|switch|p1b: Incineroar|Incineroar, L50, M|100\/100|[from] U-turn\n|-ability|p1b: Incineroar|Intimidate|boost\n|-unboost|p2a: Amoonguss|atk|1\n|-unboost|p2b: Zamazenta|atk|1\n|move|p2a: Amoonguss|Clear Smog|p1a: Terapagos\n|-damage|p1a: Terapagos|95\/100\n|-clearboost|p1a: Terapagos\n|\n|-heal|p1a: Terapagos|100\/100|[from] item: Leftovers\n|upkeep\n|turn|5\n|\n|t:|1735999677\n|switch|p2a: Kingambit|Kingambit, L50, M|100\/100\n|move|p2b: Zamazenta|Protect|p2b: Zamazenta\n|-singleturn|p2b: Zamazenta|Protect\n|move|p1b: Incineroar|Fake Out|p2b: Zamazenta\n|-activate|p2b: Zamazenta|move: Protect\n|move|p1a: Terapagos|Tera Starstorm|p2a: Kingambit|[spread] p2a\n|-activate|p2b: Zamazenta|move: Protect\n|-damage|p2a: Kingambit|66\/100\n|\n|-heal|p2a: Kingambit|72\/100|[from] item: Leftovers\n|upkeep\n|turn|6\n|inactive|Hywen has 30 seconds left.\n|\n|t:|1735999707\n|move|p2b: Zamazenta|Body Press|p1a: Terapagos\n|-supereffective|p1a: Terapagos\n|-damage|p1a: Terapagos|0 fnt\n|faint|p1a: Terapagos\n|move|p1b: Incineroar|Will-O-Wisp|p2b: Zamazenta\n|-status|p2b: Zamazenta|brn\n|move|p2a: Kingambit|Substitute|p2a: Kingambit\n|-start|p2a: Kingambit|Substitute\n|-damage|p2a: Kingambit|47\/100\n|\n|-heal|p2a: Kingambit|53\/100|[from] item: Leftovers\n|-damage|p2b: Zamazenta|32\/100 brn|[from] brn\n|upkeep\n|\n|t:|1735999717\n|switch|p1a: Urshifu|Urshifu-Rapid-Strike, L50, M|17\/100\n|turn|7\n|\n|t:|1735999739\n|move|p1a: Urshifu|Detect|p1a: Urshifu\n|-singleturn|p1a: Urshifu|Protect\n|move|p2b: Zamazenta|Body Press|p1b: Incineroar\n|-supereffective|p1b: Incineroar\n|-damage|p1b: Incineroar|24\/100\n|-damage|p2b: Zamazenta|15\/100 brn|[from] item: Rocky Helmet|[of] p1b: Incineroar\n|move|p1b: Incineroar|Knock Off|p2a: Kingambit\n|-resisted|p2a: Kingambit\n|-activate|p2a: Kingambit|move: Substitute|[damage]\n|move|p2a: Kingambit|Kowtow Cleave|p1a: Urshifu\n|-activate|p1a: Urshifu|move: Protect\n|\n|-heal|p2a: Kingambit|59\/100|[from] item: Leftovers\n|-damage|p2b: Zamazenta|9\/100 brn|[from] brn\n|upkeep\n|turn|8\n|inactive|madgiraffe has 30 seconds left.\n|\n|t:|1735999764\n|move|p2b: Zamazenta|Body Press|p1b: Incineroar\n|-supereffective|p1b: Incineroar\n|-damage|p1b: Incineroar|0 fnt\n|-damage|p2b: Zamazenta|0 fnt|[from] item: Rocky Helmet|[of] p1b: Incineroar\n|faint|p1b: Incineroar\n|faint|p2b: Zamazenta\n|move|p1a: Urshifu|Close Combat|p2a: Kingambit\n|-supereffective|p2a: Kingambit\n|-crit|p2a: Kingambit\n|-end|p2a: Kingambit|Substitute\n|-unboost|p1a: Urshifu|def|1\n|-unboost|p1a: Urshifu|spd|1\n|move|p2a: Kingambit|Kowtow Cleave|p1a: Urshifu\n|-resisted|p1a: Urshifu\n|-damage|p1a: Urshifu|0 fnt\n|faint|p1a: Urshifu\n|\n|-heal|p2a: Kingambit|64\/100|[from] item: Leftovers\n|upkeep\n|-message|madgiraffe forfeited.\n|\n|win|Hywen\n|raw|madgiraffe's rating: 1578 &rarr; <strong>1557<\/strong><br \/>(-21 for losing)\n|raw|Hywen's rating: 1553 &rarr; <strong>1574<\/strong><br \/>(+21 for winning)\n|l|\u2606madgiraffe\n|player|p1|\n|l|\u2606Hywen\n|player|p2|\n","uploadtime":1735999911,"views":320,"formatid":"gen9vgc2025regg","rating":1557,"private":0,"password":null}