{"id":"gen9vgc2025regg-2274948387","format":"[Gen 9] VGC 2025 Reg G","players":["emiriatantan","Grimmjane"],"log":"|j|\u2606emiriatantan\n|j|\u2606Grimmjane\n|t:|1736010566\n|gametype|doubles\n|player|p1|emiriatantan|101|1548\n|player|p2|Grimmjane|2|1602\n|teamsize|p1|6\n|teamsize|p2|6\n|gen|9\n|tier|[Gen 9] VGC 2025 Reg G\n|rated|\n|rule|Species Clause: Limit one of each Pok\u00e9mon\n|rule|Item Clause: Limit 1 of each item\n|clearpoke\n|poke|p1|Incineroar, L50, M|\n|poke|p1|Raging Bolt, L50|\n|poke|p1|Rillaboom, L50, F|\n|poke|p1|Kyogre, L50|\n|poke|p1|Amoonguss, L50, M|\n|poke|p1|Grimmsnarl, L50, M|\n|poke|p2|Zacian-*, L50|\n|poke|p2|Entei, L50|\n|poke|p2|Araquanid, L50, F|\n|poke|p2|Brute Bonnet, L50|\n|poke|p2|Tornadus, L50, M|\n|poke|p2|Ditto, L50|\n|teampreview|4\n|\n|t:|1736010604\n|start\n|switch|p1a: Grimmsnarl|Grimmsnarl, L50, M|100\/100\n|switch|p1b: Amoonguss|Amoonguss, L50, M|100\/100\n|switch|p2a: Tornadus|Tornadus, L50, M|100\/100\n|switch|p2b: Brute Bonnet|Brute Bonnet, L50|100\/100\n|turn|1\n|inactive|Battle timer is ON: inactive players will automatically lose when time's up. (requested by Grimmjane)\n|\n|t:|1736010623\n|move|p1a: Grimmsnarl|Light Screen|p1a: Grimmsnarl\n|-sidestart|p1: emiriatantan|move: Light Screen\n|move|p2a: Tornadus|Bleakwind Storm|p1b: Amoonguss|[spread] p1a,p1b\n|-supereffective|p1b: Amoonguss\n|-damage|p1a: Grimmsnarl|79\/100\n|-damage|p1b: Amoonguss|55\/100\n|move|p2b: Brute Bonnet|Spore|p1a: Grimmsnarl\n|-status|p1a: Grimmsnarl|slp|[from] move: Spore\n|move|p1b: Amoonguss|Spore|p2a: Tornadus\n|-status|p2a: Tornadus|slp|[from] move: Spore\n|\n|upkeep\n|turn|2\n|\n|t:|1736010640\n|cant|p2a: Tornadus|slp\n|move|p2b: Brute Bonnet|Crunch|p1b: Amoonguss\n|-damage|p1b: Amoonguss|28\/100\n|-damage|p2b: Brute Bonnet|84\/100|[from] item: Rocky Helmet|[of] p1b: Amoonguss\n|cant|p1a: Grimmsnarl|slp\n|move|p1b: Amoonguss|Pollen Puff|p2b: Brute Bonnet\n|-supereffective|p2b: Brute Bonnet\n|-damage|p2b: Brute Bonnet|22\/100\n|\n|upkeep\n|turn|3\n|\n|t:|1736010657\n|switch|p1b: Incineroar|Incineroar, L50, M|100\/100\n|-ability|p1b: Incineroar|Intimidate|boost\n|-unboost|p2a: Tornadus|atk|1\n|-unboost|p2b: Brute Bonnet|atk|1\n|cant|p1a: Grimmsnarl|slp\n|-curestatus|p2a: Tornadus|slp|[msg]\n|move|p2a: Tornadus|Bleakwind Storm|p1b: Incineroar|[spread] p1a\n|-miss|p2a: Tornadus|p1b: Incineroar\n|-damage|p1a: Grimmsnarl|57\/100 slp\n|move|p2b: Brute Bonnet|Crunch|p1b: Incineroar\n|-resisted|p1b: Incineroar\n|-damage|p1b: Incineroar|89\/100\n|\n|upkeep\n|turn|4\n|\n|t:|1736010681\n|-end|p2b: Brute Bonnet|Protosynthesis|[silent]\n|switch|p2b: Araquanid|Araquanid, L50, F|100\/100\n|move|p2a: Tornadus|Rain Dance|p2a: Tornadus\n|-weather|RainDance\n|cant|p1a: Grimmsnarl|slp\n|move|p1b: Incineroar|Knock Off|p2a: Tornadus\n|-crit|p2a: Tornadus\n|-damage|p2a: Tornadus|20\/100\n|-enditem|p2a: Tornadus|Focus Sash|[from] move: Knock Off|[of] p1b: Incineroar\n|\n|-weather|RainDance|[upkeep]\n|upkeep\n|turn|5\n|j| iamanewbie2\n|\n|t:|1736010699\n|move|p2a: Tornadus|Tailwind|p2a: Tornadus\n|-sidestart|p2: Grimmjane|move: Tailwind\n|-curestatus|p1a: Grimmsnarl|slp|[msg]\n|move|p1a: Grimmsnarl|Reflect|p1a: Grimmsnarl\n|-sidestart|p1: emiriatantan|Reflect\n|move|p1b: Incineroar|Parting Shot|p2b: Araquanid\n|-fail|p2b: Araquanid|unboost|[from] item: Clear Amulet|[of] p2b: Araquanid\n|move|p2b: Araquanid|Liquidation|p1b: Incineroar\n|-supereffective|p1b: Incineroar\n|-damage|p1b: Incineroar|0 fnt\n|faint|p1b: Incineroar\n|\n|-weather|RainDance|[upkeep]\n|upkeep\n|\n|t:|1736010714\n|switch|p1b: Kyogre|Kyogre, L50|100\/100\n|turn|6\n|\n|t:|1736010733\n|move|p2b: Araquanid|Wide Guard|p2b: Araquanid\n|-singleturn|p2b: Araquanid|Wide Guard\n|move|p2a: Tornadus|Bleakwind Storm|p1b: Kyogre|[spread] p1a,p1b\n|-damage|p1a: Grimmsnarl|36\/100\n|-damage|p1b: Kyogre|86\/100\n|-unboost|p1a: Grimmsnarl|spe|1\n|-unboost|p1b: Kyogre|spe|1\n|move|p1b: Kyogre|Calm Mind|p1b: Kyogre\n|-boost|p1b: Kyogre|spa|1\n|-boost|p1b: Kyogre|spd|1\n|move|p1a: Grimmsnarl|Spirit Break|p2a: Tornadus\n|-damage|p2a: Tornadus|0 fnt\n|faint|p2a: Tornadus\n|\n|-weather|RainDance|[upkeep]\n|-heal|p1b: Kyogre|91\/100|[from] item: Leftovers\n|upkeep\n|\n|t:|1736010752\n|switch|p2a: Brute Bonnet|Brute Bonnet, L50|22\/100\n|turn|7\n|\n|t:|1736010768\n|switch|p1a: Amoonguss|Amoonguss, L50, M|62\/100\n|move|p1b: Kyogre|Protect|p1b: Kyogre\n|-singleturn|p1b: Kyogre|Protect\n|move|p2a: Brute Bonnet|Spore|p1b: Kyogre\n|-activate|p1b: Kyogre|move: Protect\n|move|p2b: Araquanid|Liquidation|p1a: Amoonguss\n|-resisted|p1a: Amoonguss\n|-damage|p1a: Amoonguss|37\/100\n|-unboost|p1a: Amoonguss|def|1\n|-damage|p2b: Araquanid|84\/100|[from] item: Rocky Helmet|[of] p1a: Amoonguss\n|\n|-weather|RainDance|[upkeep]\n|-heal|p1b: Kyogre|97\/100|[from] item: Leftovers\n|upkeep\n|turn|8\n|j| Claarity\n|l| Claarity\n|\n|t:|1736010792\n|switch|p1a: Grimmsnarl|Grimmsnarl, L50, M|36\/100\n|-terastallize|p2b: Araquanid|Grass\n|-terastallize|p1b: Kyogre|Grass\n|move|p2a: Brute Bonnet|Spore|p1b: Kyogre\n|-immune|p1b: Kyogre\n|move|p2b: Araquanid|Leech Life|p1a: Grimmsnarl\n|-damage|p1a: Grimmsnarl|15\/100\n|-heal|p2b: Araquanid|96\/100|[from] drain|[of] p1a: Grimmsnarl\n|move|p1b: Kyogre|Origin Pulse|p2b: Araquanid|[spread] p2a,p2b\n|-resisted|p2a: Brute Bonnet\n|-resisted|p2b: Araquanid\n|-damage|p2a: Brute Bonnet|0 fnt\n|-damage|p2b: Araquanid|57\/100\n|faint|p2a: Brute Bonnet\n|-end|p2a: Brute Bonnet|Protosynthesis|[silent]\n|\n|-weather|none\n|-heal|p1b: Kyogre|100\/100|[from] item: Leftovers\n|-sideend|p1: emiriatantan|move: Light Screen\n|-sideend|p2: Grimmjane|move: Tailwind\n|upkeep\n|\n|t:|1736010799\n|switch|p2a: Khairo|Zacian-Crowned, L50|100\/100\n|-ability|p2a: Khairo|Intrepid Sword|boost\n|-boost|p2a: Khairo|atk|1\n|turn|9\n|inactive|emiriatantan has 30 seconds left.\n|\n|t:|1736010830\n|switch|p1b: Amoonguss|Amoonguss, L50, M|71\/100\n|move|p1a: Grimmsnarl|Thunder Wave|p2b: Araquanid\n|-status|p2b: Araquanid|par\n|move|p2a: Khairo|Play Rough|p1b: Amoonguss\n|-resisted|p1b: Amoonguss\n|-crit|p1b: Amoonguss\n|-damage|p1b: Amoonguss|29\/100\n|-unboost|p1b: Amoonguss|atk|1\n|-damage|p2a: Khairo|84\/100|[from] item: Rocky Helmet|[of] p1b: Amoonguss\n|move|p2b: Araquanid|Liquidation|p1a: Grimmsnarl\n|-damage|p1a: Grimmsnarl|0 fnt\n|faint|p1a: Grimmsnarl\n|\n|upkeep\n|\n|t:|1736010847\n|switch|p1a: Kyogre|Kyogre, L50, tera:Grass|100\/100\n|-weather|RainDance|[from] ability: Drizzle|[of] p1a: Kyogre\n|turn|10\n|\n|t:|1736010858\n|move|p1a: Kyogre|Protect|p1a: Kyogre\n|-singleturn|p1a: Kyogre|Protect\n|move|p2b: Araquanid|Wide Guard|p2b: Araquanid\n|-singleturn|p2b: Araquanid|Wide Guard\n|move|p2a: Khairo|Behemoth Blade|p1b: Amoonguss\n|-damage|p1b: Amoonguss|0 fnt\n|-damage|p2a: Khairo|67\/100|[from] item: Rocky Helmet|[of] p1b: Amoonguss\n|faint|p1b: Amoonguss\n|\n|-weather|RainDance|[upkeep]\n|upkeep\n|turn|11\n|\n|t:|1736010877\n|cant|p2b: Araquanid|par\n|move|p2a: Khairo|Play Rough|p1a: Kyogre\n|-damage|p1a: Kyogre|57\/100\n|move|p1a: Kyogre|Ice Beam|p2b: Araquanid\n|-supereffective|p2b: Araquanid\n|-damage|p2b: Araquanid|3\/100 par\n|\n|-weather|RainDance|[upkeep]\n|-heal|p1a: Kyogre|62\/100|[from] item: Leftovers\n|upkeep\n|turn|12\n|l| iamanewbie2\n|\n|t:|1736010900\n|cant|p2b: Araquanid|par\n|move|p2a: Khairo|Behemoth Blade|p1a: Kyogre\n|-damage|p1a: Kyogre|13\/100\n|move|p1a: Kyogre|Ice Beam|p2b: Araquanid\n|-supereffective|p2b: Araquanid\n|-damage|p2b: Araquanid|0 fnt\n|faint|p2b: Araquanid\n|\n|-weather|RainDance|[upkeep]\n|-heal|p1a: Kyogre|18\/100|[from] item: Leftovers\n|-sideend|p1: emiriatantan|Reflect\n|upkeep\n|turn|13\n|-message|emiriatantan forfeited.\n|\n|win|Grimmjane\n|raw|emiriatantan's rating: 1548 &rarr; <strong>1531<\/strong><br \/>(-17 for losing)\n|raw|Grimmjane's rating: 1602 &rarr; <strong>1619<\/strong><br \/>(+17 for winning)\n|l|\u2606emiriatantan\n|player|p1|\n|l|\u2606Grimmjane\n|player|p2|\n","uploadtime":1736011147,"views":472,"formatid":"gen9vgc2025regg","rating":1531,"private":0,"password":null}