{"id":"gen9vgc2025regg-2274264872","format":"[Gen 9] VGC 2025 Reg G","players":["Cellpab1","MakesSenseVGC"],"log":"|j|\u2606Cellpab1\n|j|\u2606MakesSenseVGC\n|t:|1735910562\n|gametype|doubles\n|player|p1|Cellpab1|102|1513\n|player|p2|MakesSenseVGC|266|1575\n|teamsize|p1|6\n|teamsize|p2|6\n|gen|9\n|tier|[Gen 9] VGC 2025 Reg G\n|rated|\n|rule|Species Clause: Limit one of each Pok\u00e9mon\n|rule|Item Clause: Limit 1 of each item\n|clearpoke\n|poke|p1|Tatsugiri, L50, M|\n|poke|p1|Chi-Yu, L50|\n|poke|p1|Dragonite, L50, F|\n|poke|p1|Dondozo, L50, F|\n|poke|p1|Gholdengo, L50|\n|poke|p1|Miraidon, L50|\n|poke|p2|Tatsugiri-Droopy, L50, F|\n|poke|p2|Calyrex-Shadow, L50|\n|poke|p2|Weezing-Galar, L50, F|\n|poke|p2|Indeedee-F, L50, F|\n|poke|p2|Dondozo, L50, M|\n|poke|p2|Grimmsnarl, L50, M|\n|teampreview|4\n|inactive|Battle timer is ON: inactive players will automatically lose when time's up. (requested by MakesSenseVGC)\n|\n|t:|1735910654\n|start\n|switch|p1a: Gholdengo|Gholdengo, L50|100\/100\n|switch|p1b: Dondozo|Dondozo, L50, F|100\/100\n|switch|p2a: Dondozo|Dondozo, L50, M|100\/100\n|switch|p2b: Grimmsnarl|Grimmsnarl, L50, M|100\/100\n|turn|1\n|\n|t:|1735910678\n|move|p2b: Grimmsnarl|Thunder Wave|p1b: Dondozo\n|-status|p1b: Dondozo|par\n|move|p1a: Gholdengo|Make It Rain|p2b: Grimmsnarl|[spread] p2a,p2b\n|-resisted|p2a: Dondozo\n|-supereffective|p2b: Grimmsnarl\n|-damage|p2a: Dondozo|69\/100\n|-damage|p2b: Grimmsnarl|0 fnt\n|-unboost|p1a: Gholdengo|spa|1\n|faint|p2b: Grimmsnarl\n|move|p2a: Dondozo|Wave Crash|p1a: Gholdengo\n|-damage|p1a: Gholdengo|56\/100\n|-damage|p2a: Dondozo|58\/100|[from] Recoil\n|move|p1b: Dondozo|Order Up|p2a: Dondozo\n|-damage|p2a: Dondozo|48\/100\n|\n|-heal|p2a: Dondozo|54\/100|[from] item: Leftovers\n|upkeep\n|\n|t:|1735910694\n|switch|p2b: Calyrex|Calyrex-Shadow, L50|100\/100\n|-ability|p2b: Calyrex|As One\n|-ability|p2b: Calyrex|Unnerve\n|turn|2\n|inactive|Cellpab1 has 30 seconds left.\n|inactive|Cellpab1 has 20 seconds left.\n|\n|t:|1735910731\n|switch|p1a: Tatsugiri|Tatsugiri, L50, M|100\/100\n|-activate|p1a: Tatsugiri|ability: Commander|[of] p1b: Dondozo\n|-boost|p1b: Dondozo|atk|2\n|-boost|p1b: Dondozo|spa|2\n|-boost|p1b: Dondozo|spe|2\n|-boost|p1b: Dondozo|def|2\n|-boost|p1b: Dondozo|spd|2\n|move|p2a: Dondozo|Protect|p2a: Dondozo\n|-singleturn|p2a: Dondozo|Protect\n|move|p2b: Calyrex|Astral Barrage|p1b: Dondozo|[spread] p1b\n|-miss|p2b: Calyrex|p1a: Tatsugiri\n|-damage|p1b: Dondozo|67\/100 par\n|-damage|p2b: Calyrex|91\/100|[from] item: Life Orb\n|move|p1b: Dondozo|Wave Crash|p2b: Calyrex\n|-damage|p2b: Calyrex|0 fnt\n|faint|p2b: Calyrex\n|-damage|p1b: Dondozo|44\/100 par|[from] Recoil\n|\n|-heal|p1b: Dondozo|50\/100 par|[from] item: Leftovers\n|-heal|p2a: Dondozo|60\/100|[from] item: Leftovers\n|upkeep\n|\n|t:|1735910748\n|switch|p2b: Tatsugiri|Tatsugiri-Droopy, L50, F|100\/100\n|-activate|p2b: Tatsugiri|ability: Commander|[of] p2a: Dondozo\n|-boost|p2a: Dondozo|atk|2\n|-boost|p2a: Dondozo|spa|2\n|-boost|p2a: Dondozo|spe|2\n|-boost|p2a: Dondozo|def|2\n|-boost|p2a: Dondozo|spd|2\n|turn|3\n|\n|t:|1735910756\n|move|p1b: Dondozo|Protect|p1b: Dondozo\n|-singleturn|p1b: Dondozo|Protect\n|move|p2a: Dondozo|Order Up|p1b: Dondozo\n|-activate|p1b: Dondozo|move: Protect\n|\n|-heal|p2a: Dondozo|66\/100|[from] item: Leftovers\n|-heal|p1b: Dondozo|57\/100 par|[from] item: Leftovers\n|upkeep\n|turn|4\n|\n|t:|1735910762\n|move|p2a: Dondozo|Order Up|p1b: Dondozo\n|-damage|p1b: Dondozo|45\/100 par\n|-boost|p2a: Dondozo|def|1\n|move|p1b: Dondozo|Order Up|p2a: Dondozo\n|-damage|p2a: Dondozo|56\/100\n|-boost|p1b: Dondozo|atk|1\n|\n|-heal|p2a: Dondozo|62\/100|[from] item: Leftovers\n|-heal|p1b: Dondozo|51\/100 par|[from] item: Leftovers\n|upkeep\n|turn|5\n|\n|t:|1735910768\n|cant|p1b: Dondozo|par\n|move|p2a: Dondozo|Order Up|p1b: Dondozo\n|-damage|p1b: Dondozo|38\/100 par\n|-boost|p2a: Dondozo|def|1\n|\n|-heal|p2a: Dondozo|68\/100|[from] item: Leftovers\n|-heal|p1b: Dondozo|44\/100 par|[from] item: Leftovers\n|upkeep\n|turn|6\n|\n|t:|1735910779\n|move|p2a: Dondozo|Order Up|p1b: Dondozo\n|-damage|p1b: Dondozo|30\/100 par\n|-boost|p2a: Dondozo|def|1\n|move|p1b: Dondozo|Order Up|p2a: Dondozo\n|-damage|p2a: Dondozo|57\/100\n|-boost|p1b: Dondozo|atk|1\n|\n|-heal|p2a: Dondozo|63\/100|[from] item: Leftovers\n|-heal|p1b: Dondozo|36\/100 par|[from] item: Leftovers\n|upkeep\n|turn|7\n|\n|t:|1735910789\n|cant|p1b: Dondozo|par\n|move|p2a: Dondozo|Body Press|p1b: Dondozo\n|-damage|p1b: Dondozo|18\/100 par\n|\n|-heal|p2a: Dondozo|69\/100|[from] item: Leftovers\n|-heal|p1b: Dondozo|24\/100 par|[from] item: Leftovers\n|upkeep\n|turn|8\n|\n|t:|1735910795\n|move|p2a: Dondozo|Body Press|p1b: Dondozo\n|-damage|p1b: Dondozo|6\/100 par\n|move|p1b: Dondozo|Order Up|p2a: Dondozo\n|-damage|p2a: Dondozo|57\/100\n|-boost|p1b: Dondozo|atk|1\n|\n|-heal|p2a: Dondozo|64\/100|[from] item: Leftovers\n|-heal|p1b: Dondozo|12\/100 par|[from] item: Leftovers\n|upkeep\n|turn|9\n|\n|t:|1735910804\n|move|p2a: Dondozo|Body Press|p1b: Dondozo\n|-damage|p1b: Dondozo|0 fnt\n|faint|p1b: Dondozo\n|\n|-heal|p2a: Dondozo|70\/100|[from] item: Leftovers\n|upkeep\n|\n|t:|1735910828\n|switch|p1b: Gholdengo|Gholdengo, L50|56\/100\n|turn|10\n|\n|t:|1735910847\n|move|p1a: Tatsugiri|Draco Meteor|p2a: Dondozo\n|-damage|p2a: Dondozo|44\/100\n|-unboost|p1a: Tatsugiri|spa|2\n|move|p1b: Gholdengo|Trick|p2a: Dondozo\n|-activate|p1b: Gholdengo|move: Trick|[of] p2a: Dondozo\n|-item|p2a: Dondozo|Choice Specs|[from] move: Trick\n|-item|p1b: Gholdengo|Leftovers|[from] move: Trick\n|move|p2a: Dondozo|Order Up|p1a: Tatsugiri\n|-supereffective|p1a: Tatsugiri\n|-damage|p1a: Tatsugiri|3\/100\n|-boost|p2a: Dondozo|def|1\n|\n|-heal|p1b: Gholdengo|62\/100|[from] item: Leftovers\n|upkeep\n|turn|11\n|inactive|Cellpab1 has 30 seconds left.\n|\n|t:|1735910875\n|move|p1a: Tatsugiri|Draco Meteor|p2a: Dondozo\n|-damage|p2a: Dondozo|15\/100\n|-unboost|p1a: Tatsugiri|spa|2\n|move|p1b: Gholdengo|Thunderbolt|p2a: Dondozo\n|-supereffective|p2a: Dondozo\n|-damage|p2a: Dondozo|0 fnt\n|faint|p2a: Dondozo\n|\n|-heal|p1b: Gholdengo|68\/100|[from] item: Leftovers\n|upkeep\n|turn|12\n|\n|t:|1735910892\n|-terastallize|p2b: Tatsugiri|Stellar\n|move|p1a: Tatsugiri|Draco Meteor|p2b: Tatsugiri\n|-supereffective|p2b: Tatsugiri\n|-damage|p2b: Tatsugiri|50\/100\n|-unboost|p1a: Tatsugiri|spa|2\n|move|p2b: Tatsugiri|Muddy Water|p1a: Tatsugiri|[spread] p1a,p1b\n|-resisted|p1a: Tatsugiri\n|-damage|p1a: Tatsugiri|0 fnt\n|-damage|p1b: Gholdengo|15\/100\n|faint|p1a: Tatsugiri\n|move|p1b: Gholdengo|Shadow Ball|p2b: Tatsugiri\n|-damage|p2b: Tatsugiri|0 fnt\n|faint|p2b: Tatsugiri\n|\n|win|Cellpab1\n|raw|Cellpab1's rating: 1513 &rarr; <strong>1537<\/strong><br \/>(+24 for winning)\n|raw|MakesSenseVGC's rating: 1575 &rarr; <strong>1551<\/strong><br \/>(-24 for losing)\n|l|\u2606Cellpab1\n|player|p1|\n|l|\u2606MakesSenseVGC\n|player|p2|\n","uploadtime":1735911164,"views":8,"formatid":"gen9vgc2025regg","rating":1537,"private":0,"password":null}