{"id":"gen9vgc2025regg-2275312966","format":"[Gen 9] VGC 2025 Reg G","players":["fightingiowa233","Moonlight410"],"log":"|j|\u2606fightingiowa233\n|j|\u2606Moonlight410\n|t:|1736060571\n|gametype|doubles\n|player|p1|fightingiowa233|sabrina-frlg|1565\n|player|p2|Moonlight410|265|1571\n|teamsize|p1|6\n|teamsize|p2|6\n|gen|9\n|tier|[Gen 9] VGC 2025 Reg G\n|rated|\n|rule|Species Clause: Limit one of each Pok\u00e9mon\n|rule|Item Clause: Limit 1 of each item\n|clearpoke\n|poke|p1|Groudon, L50|\n|poke|p1|Chi-Yu, L50|\n|poke|p1|Raging Bolt, L50|\n|poke|p1|Flutter Mane, L50|\n|poke|p1|Goodra-Hisui, L50, M|\n|poke|p1|Wyrdeer, L50, F|\n|poke|p2|Calyrex-Ice, L50|\n|poke|p2|Clefairy, L50, M|\n|poke|p2|Ogerpon-Cornerstone, L50, F|\n|poke|p2|Urshifu-*, L50, F|\n|poke|p2|Raging Bolt, L50|\n|poke|p2|Iron Valiant, L50|\n|teampreview|4\nfightingiowa233 has agreed to open team sheets.\n|\n|t:|1736060603\n|start\n|switch|p1a: Flutter Mane|Flutter Mane, L50|100\/100\n|switch|p1b: Goodra|Goodra-Hisui, L50, M|100\/100\n|switch|p2a: Calyrex|Calyrex-Ice, L50|100\/100\n|switch|p2b: Clefairy|Clefairy, L50, M|100\/100\n|-ability|p2a: Calyrex|As One\n|-ability|p2a: Calyrex|Unnerve\n|turn|1\n|\n|t:|1736060629\n|move|p2b: Clefairy|Protect|p2b: Clefairy\n|-singleturn|p2b: Clefairy|Protect\n|move|p1a: Flutter Mane|Taunt|p2a: Calyrex\n|-start|p2a: Calyrex|move: Taunt\n|move|p1b: Goodra|Shelter|p1b: Goodra\n|-boost|p1b: Goodra|def|2\n|cant|p2a: Calyrex|move: Taunt|Trick Room\n|\n|upkeep\n|turn|2\n|\n|t:|1736060649\n|move|p1a: Flutter Mane|Taunt|p2b: Clefairy\n|-start|p2b: Clefairy|move: Taunt\n|move|p1b: Goodra|Shelter|p1b: Goodra\n|-boost|p1b: Goodra|def|2\n|move|p2a: Calyrex|Glacial Lance|p1a: Flutter Mane|[spread] p1a,p1b\n|-enditem|p1a: Flutter Mane|Focus Sash\n|-damage|p1a: Flutter Mane|1\/100\n|-damage|p1b: Goodra|84\/100\n|cant|p2b: Clefairy|move: Taunt|Heal Pulse\n|\n|-heal|p1b: Goodra|90\/100|[from] item: Leftovers\n|upkeep\n|turn|3\n|j| sauromon\n|\n|t:|1736060665\n|switch|p2b: Raging Bolt|Raging Bolt, L50|100\/100\n|move|p1a: Flutter Mane|Moonblast|p2a: Calyrex\n|-damage|p2a: Calyrex|65\/100\n|move|p1b: Goodra|Flash Cannon|p2a: Calyrex\n|-supereffective|p2a: Calyrex\n|-damage|p2a: Calyrex|21\/100\n|move|p2a: Calyrex|Glacial Lance|p1a: Flutter Mane|[spread] p1a,p1b\n|-damage|p1a: Flutter Mane|0 fnt\n|-damage|p1b: Goodra|74\/100\n|faint|p1a: Flutter Mane\n|-end|p1a: Flutter Mane|Protosynthesis|[silent]\n|-ability|p2a: Calyrex|Chilling Neigh|boost\n|-boost|p2a: Calyrex|atk|1\n|\n|-heal|p1b: Goodra|80\/100|[from] item: Leftovers\n|-end|p2a: Calyrex|move: Taunt\n|upkeep\n|\n|t:|1736060676\n|switch|p1a: Groudon|Groudon, L50|100\/100\n|-weather|SunnyDay|[from] ability: Drought|[of] p1a: Groudon\n|-activate|p2b: Raging Bolt|ability: Protosynthesis\n|-start|p2b: Raging Bolt|protosynthesisspa\n|turn|4\n|\n|t:|1736060711\n|switch|p2a: Clefairy|Clefairy, L50, M|100\/100\n|-terastallize|p2b: Raging Bolt|Electric\n|move|p1a: Groudon|Precipice Blades|p2b: Raging Bolt|[spread] p2a\n|-miss|p1a: Groudon|p2b: Raging Bolt\n|-damage|p2a: Clefairy|34\/100\n|move|p2b: Raging Bolt|Thunderbolt|p1b: Goodra\n|-resisted|p1b: Goodra\n|-damage|p1b: Goodra|45\/100\n|-damage|p2b: Raging Bolt|91\/100|[from] item: Life Orb\n|move|p1b: Goodra|Body Press|p2b: Raging Bolt\n|-damage|p2b: Raging Bolt|48\/100\n|\n|-weather|SunnyDay|[upkeep]\n|-heal|p1b: Goodra|51\/100|[from] item: Leftovers\n|upkeep\n|turn|5\n|\n|t:|1736060736\n|move|p2a: Clefairy|Protect|p2a: Clefairy\n|-singleturn|p2a: Clefairy|Protect\n|move|p1a: Groudon|Precipice Blades|p2a: Clefairy|[spread] p2b\n|-activate|p2a: Clefairy|move: Protect\n|-supereffective|p2b: Raging Bolt\n|-damage|p2b: Raging Bolt|0 fnt\n|faint|p2b: Raging Bolt\n|-end|p2b: Raging Bolt|Protosynthesis|[silent]\n|move|p1b: Goodra|Life Dew||[still]|[spread] p1a,p1b\n|-fail|p1a: Groudon|heal\n|-heal|p1b: Goodra|76\/100\n|\n|-weather|SunnyDay|[upkeep]\n|-heal|p1b: Goodra|82\/100|[from] item: Leftovers\n|upkeep\n|-message|Moonlight410 forfeited.\n|\n|win|fightingiowa233\n|raw|fightingiowa233's rating: 1565 &rarr; <strong>1585<\/strong><br \/>(+20 for winning)\n|raw|Moonlight410's rating: 1571 &rarr; <strong>1551<\/strong><br \/>(-20 for losing)\n|l|\u2606Moonlight410\n|player|p2|\n","uploadtime":1736060750,"views":38,"formatid":"gen9vgc2025regg","rating":1551,"private":0,"password":null}