{"id":"gen9vgc2025regg-2275435994","format":"[Gen 9] VGC 2025 Reg G","players":["bieiup","SubToPenglin"],"log":"|j|\u2606bieiup\n|j|\u2606SubToPenglin\n|t:|1736085932\n|gametype|doubles\n|player|p1|bieiup|lillie-z|1572\n|player|p2|SubToPenglin|lady|1553\n|teamsize|p1|6\n|teamsize|p2|6\n|gen|9\n|tier|[Gen 9] VGC 2025 Reg G\n|rated|\n|rule|Species Clause: Limit one of each Pok\u00e9mon\n|rule|Item Clause: Limit 1 of each item\n|clearpoke\n|poke|p1|Gloom, L50, F|\n|poke|p1|Armarouge, L50, F|\n|poke|p1|Indeedee-F, L50, F|\n|poke|p1|Dewgong, L50, F|\n|poke|p1|Ting-Lu, L50|\n|poke|p1|Lunala, L50|\n|poke|p2|Comfey, L50, F|\n|poke|p2|Terapagos, L50, M|\n|poke|p2|Tornadus, L50, M|\n|poke|p2|Ogerpon-Cornerstone, L50, F|\n|poke|p2|Magmar, L50, F|\n|poke|p2|Raichu, L50, M|\n|teampreview|4\n|inactive|Battle timer is ON: inactive players will automatically lose when time's up. (requested by SubToPenglin)\n|c|\u2606bieiup|sick\n|c|\u2606SubToPenglin|....\n|c|\u2606bieiup|team\n|\n|t:|1736085952\n|start\n|switch|p1a: Dewgong|Dewgong, L50, F|100\/100\n|switch|p1b: Lunala|Lunala, L50|100\/100\n|switch|p2a: Terapagos|Terapagos, L50, M|100\/100\n|switch|p2b: Tornadus|Tornadus, L50, M|100\/100\n|-activate|p2a: Terapagos|ability: Tera Shift\n|detailschange|p2a: Terapagos|Terapagos-Terastal, L50, M\n|-heal|p2a: Terapagos|100\/100|[silent]\n|turn|1\n|j| NG1963\n|\n|t:|1736085967\n|move|p2a: Terapagos|Protect|p2a: Terapagos\n|-singleturn|p2a: Terapagos|Protect\n|move|p1a: Dewgong|Fake Out|p2a: Terapagos\n|-activate|p2a: Terapagos|move: Protect\n|move|p2b: Tornadus|Taunt|p1b: Lunala\n|-start|p1b: Lunala|move: Taunt\n|move|p1b: Lunala|Meteor Beam||[still]\n|-prepare|p1b: Lunala|Meteor Beam\n|-boost|p1b: Lunala|spa|1\n|-enditem|p1b: Lunala|Power Herb\n|-anim|p1b: Lunala|Meteor Beam|p2b: Tornadus\n|-supereffective|p2b: Tornadus\n|-damage|p2b: Tornadus|0 fnt\n|faint|p2b: Tornadus\n|\n|upkeep\n|\n|t:|1736085973\n|switch|p2b: Ogerpon|Ogerpon-Cornerstone, L50, F|100\/100\n|turn|2\n|j| jek vvp\n|-activate|p1a: Dewgong|item: Quick Claw\n|\n|t:|1736085978\n|-terastallize|p1a: Dewgong|Dragon\n|move|p2b: Ogerpon|Spiky Shield|p2b: Ogerpon\n|-singleturn|p2b: Ogerpon|move: Protect\n|move|p1a: Dewgong|Perish Song|p1a: Dewgong\n|-start|p1a: Dewgong|perish3|[silent]\n|-start|p1b: Lunala|perish3|[silent]\n|-start|p2a: Terapagos|perish3|[silent]\n|-start|p2b: Ogerpon|perish3|[silent]\n|-fieldactivate|move: Perish Song\n|move|p1b: Lunala|Moongeist Beam|p2b: Ogerpon\n|-activate|p2b: Ogerpon|move: Protect\n|move|p2a: Terapagos|Calm Mind|p2a: Terapagos\n|-boost|p2a: Terapagos|spa|1\n|-boost|p2a: Terapagos|spd|1\n|\n|-start|p2b: Ogerpon|perish3\n|-start|p1b: Lunala|perish3\n|-start|p2a: Terapagos|perish3\n|-start|p1a: Dewgong|perish3\n|upkeep\n|turn|3\n|\n|t:|1736086002\n|-terastallize|p2a: Terapagos|Stellar\n|detailschange|p2a: Terapagos|Terapagos-Stellar, L50, M, tera:Stellar\n|-heal|p2a: Terapagos|100\/100|[silent]\n|move|p1a: Dewgong|Aqua Jet|p2b: Ogerpon\n|-damage|p2b: Ogerpon|88\/100\n|move|p2b: Ogerpon|Ivy Cudgel|p1b: Lunala|[anim] Ivy Cudgel Rock\n|-damage|p1b: Lunala|74\/100\n|move|p1b: Lunala|Moongeist Beam|p2b: Ogerpon\n|-damage|p2b: Ogerpon|0 fnt\n|faint|p2b: Ogerpon\n|move|p2a: Terapagos|Tera Starstorm|p1a: Dewgong|[spread] p1a,p1b\n|-supereffective|p1a: Dewgong\n|-damage|p1a: Dewgong|0 fnt\n|-damage|p1b: Lunala|32\/100\n|faint|p1a: Dewgong\n|\n|-end|p1b: Lunala|move: Taunt\n|-start|p1b: Lunala|perish2\n|-start|p2a: Terapagos|perish2\n|upkeep\n|\n|t:|1736086021\n|switch|p2b: Comfey|Comfey, L50, F, shiny|100\/100\n|switch|p1a: Ting-Lu|Ting-Lu, L50|100\/100\n|-ability|p1a: Ting-Lu|Vessel of Ruin\n|turn|4\n|\n|t:|1736086026\n|move|p1b: Lunala|Wide Guard|p1b: Lunala\n|-singleturn|p1b: Lunala|Wide Guard\n|move|p2b: Comfey|Draining Kiss|p1a: Ting-Lu\n|-supereffective|p1a: Ting-Lu\n|-damage|p1a: Ting-Lu|87\/100\n|move|p2a: Terapagos|Tera Starstorm|p1a: Ting-Lu|[spread] \n|-activate|p1a: Ting-Lu|move: Wide Guard\n|-activate|p1b: Lunala|move: Wide Guard\n|move|p1a: Ting-Lu|Snarl|p2b: Comfey|[spread] p2a,p2b\n|-resisted|p2b: Comfey\n|-damage|p2a: Terapagos|97\/100\n|-damage|p2b: Comfey|96\/100\n|-unboost|p2b: Comfey|spa|1\n|\n|-start|p1b: Lunala|perish1\n|-start|p2a: Terapagos|perish1\n|upkeep\n|turn|5\n|c|\u2606bieiup|gg\n|\n|t:|1736086038\n|move|p1b: Lunala|Wide Guard|p1b: Lunala\n|-singleturn|p1b: Lunala|Wide Guard\n|move|p2b: Comfey|Draining Kiss|p1a: Ting-Lu\n|-supereffective|p1a: Ting-Lu\n|-damage|p1a: Ting-Lu|77\/100\n|-heal|p2b: Comfey|100\/100|[from] drain|[of] p1a: Ting-Lu\n|move|p2a: Terapagos|Earth Power|p1b: Lunala\n|-damage|p1b: Lunala|0 fnt\n|faint|p1b: Lunala\n|move|p1a: Ting-Lu|Heavy Slam|p2b: Comfey\n|-supereffective|p2b: Comfey\n|-damage|p2b: Comfey|27\/100\n|-enditem|p2b: Comfey|Sitrus Berry|[eat]\n|-heal|p2b: Comfey|52\/100|[from] item: Sitrus Berry\n|\n|-start|p2a: Terapagos|perish0\n|upkeep\n|faint|p2a: Terapagos\n|\n|t:|1736086041\n|switch|p1b: Gloom|Gloom, L50, F|100\/100\n|turn|6\n|\n|t:|1736086061\n|move|p2b: Comfey|Taunt|p1b: Gloom\n|-start|p1b: Gloom|move: Taunt\n|move|p1a: Ting-Lu|Heavy Slam|p2b: Comfey\n|-supereffective|p2b: Comfey\n|-damage|p2b: Comfey|0 fnt\n|faint|p2b: Comfey\n|\n|win|bieiup\n|raw|bieiup's rating: 1572 &rarr; <strong>1591<\/strong><br \/>(+19 for winning)\n|raw|SubToPenglin's rating: 1553 &rarr; <strong>1534<\/strong><br \/>(-19 for losing)\n|c|\u2606SubToPenglin|Gg\n|l| jek vvp\n|l| NG1963\n|l|\u2606SubToPenglin\n|player|p2|\n|l|\u2606bieiup\n|player|p1|\n","uploadtime":1736086084,"views":36,"formatid":"gen9vgc2025regg","rating":1534,"private":0,"password":null}