{"id":"gen9vgc2025regg-2275508982","format":"[Gen 9] VGC 2025 Reg G","players":["Beccca","SubToPenglin"],"log":"|j|\u2606Beccca\n|j|\u2606SubToPenglin\n|t:|1736096404\n|gametype|doubles\n|player|p1|Beccca|265|1574\n|player|p2|SubToPenglin|lady|1566\n|teamsize|p1|6\n|teamsize|p2|6\n|gen|9\n|tier|[Gen 9] VGC 2025 Reg G\n|rated|\n|rule|Species Clause: Limit one of each Pok\u00e9mon\n|rule|Item Clause: Limit 1 of each item\n|clearpoke\n|poke|p1|Kyogre, L50|\n|poke|p1|Tornadus, L50, M|\n|poke|p1|Chien-Pao, L50|\n|poke|p1|Tsareena, L50, F|\n|poke|p1|Raging Bolt, L50|\n|poke|p1|Ditto, L50|\n|poke|p2|Comfey, L50, F|\n|poke|p2|Terapagos, L50, M|\n|poke|p2|Tornadus, L50, M|\n|poke|p2|Ogerpon-Cornerstone, L50, F|\n|poke|p2|Magmar, L50, F|\n|poke|p2|Raichu, L50, M|\n|teampreview|4\n|inactive|Battle timer is ON: inactive players will automatically lose when time's up. (requested by SubToPenglin)\n|j| KJOJAS\n|inactive|Beccca has 60 seconds left.\n|l| KJOJAS\n|\n|t:|1736096459\n|start\n|switch|p1a: Kyogre|Kyogre, L50, shiny|100\/100\n|switch|p1b: Tornadus|Tornadus, L50, M, shiny|100\/100\n|switch|p2a: Terapagos|Terapagos, L50, M|100\/100\n|switch|p2b: Tornadus|Tornadus, L50, M|100\/100\n|-activate|p2a: Terapagos|ability: Tera Shift\n|detailschange|p2a: Terapagos|Terapagos-Terastal, L50, M\n|-heal|p2a: Terapagos|100\/100|[silent]\n|-weather|RainDance|[from] ability: Drizzle|[of] p1a: Kyogre\n|turn|1\n|\n|t:|1736096475\n|-terastallize|p2a: Terapagos|Stellar\n|detailschange|p2a: Terapagos|Terapagos-Stellar, L50, M, tera:Stellar\n|-heal|p2a: Terapagos|100\/100|[silent]\n|-ability|p2a: Terapagos|Teraform Zero\n|-weather|none\n|move|p2b: Tornadus|Taunt|p1b: Tornadus\n|-start|p1b: Tornadus|move: Taunt\n|cant|p1b: Tornadus|move: Taunt|Tailwind\n|move|p1a: Kyogre|Water Spout|p2a: Terapagos|[spread] p2a,p2b\n|-damage|p2a: Terapagos|50\/100\n|-damage|p2b: Tornadus|0 fnt\n|faint|p2b: Tornadus\n|move|p2a: Terapagos|Calm Mind|p2a: Terapagos\n|-boost|p2a: Terapagos|spa|1\n|-boost|p2a: Terapagos|spd|1\n|\n|upkeep\n|c|\u2606SubToPenglin|Specs?\n|inactive|SubToPenglin has 30 seconds left.\n|\n|t:|1736096509\n|switch|p2b: Ogerpon|Ogerpon-Cornerstone, L50, F|100\/100\n|turn|2\n|\n|t:|1736096529\n|move|p1b: Tornadus|Brick Break|p2b: Ogerpon\n|-supereffective|p2b: Ogerpon\n|-damage|p2b: Ogerpon|59\/100\n|move|p2b: Ogerpon|Ivy Cudgel|p1b: Tornadus|[anim] Ivy Cudgel Rock\n|-supereffective|p1b: Tornadus\n|-damage|p1b: Tornadus|0 fnt\n|faint|p1b: Tornadus\n|move|p1a: Kyogre|Origin Pulse|p2a: Terapagos|[spread] p2a,p2b\n|-damage|p2a: Terapagos|26\/100\n|-damage|p2b: Ogerpon|0 fnt\n|faint|p2b: Ogerpon\n|move|p2a: Terapagos|Tera Starstorm|p1a: Kyogre\n|-crit|p1a: Kyogre\n|-damage|p1a: Kyogre|17\/100\n|\n|upkeep\n|c|\u2606SubToPenglin|Brick break huh\n|\n|t:|1736096547\n|switch|p1b: Tsareena|Tsareena, L50, F, shiny|100\/100\n|switch|p2b: Comfey|Comfey, L50, F, shiny|100\/100\n|turn|3\n|\n|t:|1736096559\n|move|p2b: Comfey|Floral Healing|p2a: Terapagos\n|-heal|p2a: Terapagos|76\/100\n|move|p1a: Kyogre|Origin Pulse|p2b: Comfey|[spread] p2a\n|-miss|p1a: Kyogre|p2b: Comfey\n|-damage|p2a: Terapagos|54\/100\n|move|p2a: Terapagos|Tera Starstorm|p1a: Kyogre|[spread] p1a,p1b\n|-crit|p1a: Kyogre\n|-damage|p1a: Kyogre|0 fnt\n|-damage|p1b: Tsareena|36\/100\n|faint|p1a: Kyogre\n|move|p1b: Tsareena|Power Whip|p2b: Comfey\n|-damage|p2b: Comfey|36\/100\n|-enditem|p2b: Comfey|Sitrus Berry|[eat]\n|-heal|p2b: Comfey|61\/100|[from] item: Sitrus Berry\n|\n|upkeep\n|\n|t:|1736096574\n|switch|p1a: Chien-Pao|Chien-Pao, L50|100\/100\n|-ability|p1a: Chien-Pao|Sword of Ruin\n|turn|4\n|\n|t:|1736096587\n|-terastallize|p1a: Chien-Pao|Stellar\n|move|p1b: Tsareena|Helping Hand|p1a: Chien-Pao\n|-singleturn|p1a: Chien-Pao|Helping Hand|[of] p1b: Tsareena\n|move|p2b: Comfey|Floral Healing|p2a: Terapagos\n|-heal|p2a: Terapagos|100\/100\n|move|p1a: Chien-Pao|Sacred Sword|p2a: Terapagos\n|-supereffective|p2a: Terapagos\n|-damage|p2a: Terapagos|23\/100\n|move|p2a: Terapagos|Tera Starstorm|p1b: Tsareena|[spread] p1a,p1b\n|-supereffective|p1a: Chien-Pao\n|-enditem|p1a: Chien-Pao|Focus Sash\n|-damage|p1a: Chien-Pao|1\/100\n|-damage|p1b: Tsareena|0 fnt\n|faint|p1b: Tsareena\n|\n|upkeep\n|turn|5\n|-message|Beccca forfeited.\n|\n|win|SubToPenglin\n|raw|Beccca's rating: 1574 &rarr; <strong>1554<\/strong><br \/>(-20 for losing)\n|raw|SubToPenglin's rating: 1566 &rarr; <strong>1586<\/strong><br \/>(+20 for winning)\n|l|\u2606Beccca\n|player|p1|\n|l|\u2606SubToPenglin\n|player|p2|\n","uploadtime":1736096839,"views":14,"formatid":"gen9vgc2025regg","rating":1554,"private":0,"password":null}