{"id":"gen9vgc2025regg-2275956296","format":"[Gen 9] VGC 2025 Reg G","players":["SeaWolfMikess","PokemonmasterN2009"],"log":"|j|\u2606SeaWolfMikess\n|j|\u2606PokemonmasterN2009\n|t:|1736163610\n|gametype|doubles\n|player|p1|SeaWolfMikess|hugh|1704\n|player|p2|PokemonmasterN2009|steven|1504\n|teamsize|p1|6\n|teamsize|p2|6\n|gen|9\n|tier|[Gen 9] VGC 2025 Reg G\n|rated|\n|rule|Species Clause: Limit one of each Pok\u00e9mon\n|rule|Item Clause: Limit 1 of each item\n|clearpoke\n|poke|p1|Calyrex-Shadow, L50|\n|poke|p1|Incineroar, L50, F|\n|poke|p1|Rillaboom, L50, F|\n|poke|p1|Urshifu-*, L50, M|\n|poke|p1|Raging Bolt, L50|\n|poke|p1|Pelipper, L50, F|\n|poke|p2|Calyrex-Ice, L50|\n|poke|p2|Torkoal, L50, M|\n|poke|p2|Farigiraf, L50, F|\n|poke|p2|Ursaluna-Bloodmoon, L50, M|\n|poke|p2|Smeargle, L50, F|\n|poke|p2|Ogerpon-Cornerstone, L50, F|\n|teampreview|4\n|inactive|Battle timer is ON: inactive players will automatically lose when time's up. (requested by PokemonmasterN2009)\n|j| Emilia_poke\n|\n|t:|1736163633\n|start\n|switch|p1a: Rillaboom|Rillaboom, L50, F|100\/100\n|switch|p1b: Calyrex|Calyrex-Shadow, L50|100\/100\n|switch|p2a: Farigiraf|Farigiraf, L50, F|100\/100\n|switch|p2b: Calyrex|Calyrex-Ice, L50|100\/100\n|-ability|p1b: Calyrex|As One\n|-ability|p1b: Calyrex|Unnerve\n|-ability|p2b: Calyrex|As One\n|-ability|p2b: Calyrex|Unnerve\n|-fieldstart|move: Grassy Terrain|[from] ability: Grassy Surge|[of] p1a: Rillaboom\n|turn|1\n|\n|t:|1736163645\n|-terastallize|p2b: Calyrex|Fire\n|move|p1b: Calyrex|Astral Barrage|p2a: Farigiraf|[spread] p2b\n|-immune|p2a: Farigiraf\n|-damage|p2b: Calyrex|51\/100\n|-damage|p1b: Calyrex|91\/100|[from] item: Life Orb\n|move|p1a: Rillaboom|U-turn|p2a: Farigiraf\n|-supereffective|p2a: Farigiraf\n|-damage|p2a: Farigiraf|57\/100\n|\n|t:|1736163653\n|switch|p1a: Incineroar|Incineroar, L50, F|100\/100|[from] U-turn\n|-ability|p1a: Incineroar|Intimidate|boost\n|-unboost|p2a: Farigiraf|atk|1\n|-fail|p2b: Calyrex|unboost|[from] item: Clear Amulet|[of] p2b: Calyrex\n|move|p2b: Calyrex|Glacial Lance|p1b: Calyrex|[spread] p1a,p1b\n|-resisted|p1a: Incineroar\n|-damage|p1a: Incineroar|78\/100\n|-damage|p1b: Calyrex|19\/100\n|move|p2a: Farigiraf|Trick Room|p2a: Farigiraf\n|-fieldstart|move: Trick Room|[of] p2a: Farigiraf\n|\n|-heal|p2b: Calyrex|57\/100|[from] Grassy Terrain\n|-heal|p2a: Farigiraf|63\/100|[from] Grassy Terrain\n|-heal|p1a: Incineroar|84\/100|[from] Grassy Terrain\n|-heal|p1b: Calyrex|25\/100|[from] Grassy Terrain\n|upkeep\n|turn|2\n|inactive|SeaWolfMikess has 30 seconds left.\n|\n|t:|1736163682\n|move|p2b: Calyrex|Glacial Lance|p1a: Incineroar|[spread] p1a,p1b\n|-resisted|p1a: Incineroar\n|-damage|p1a: Incineroar|64\/100\n|-damage|p1b: Calyrex|0 fnt\n|faint|p1b: Calyrex\n|-ability|p2b: Calyrex|Chilling Neigh|boost\n|-boost|p2b: Calyrex|atk|1\n|move|p2a: Farigiraf|Hyper Voice|p1a: Incineroar\n|-damage|p1a: Incineroar|30\/100\n|-enditem|p2a: Farigiraf|Throat Spray\n|-boost|p2a: Farigiraf|spa|1|[from] item: Throat Spray\n|move|p1a: Incineroar|Knock Off|p2a: Farigiraf\n|-supereffective|p2a: Farigiraf\n|-damage|p2a: Farigiraf|16\/100\n|\n|-heal|p2b: Calyrex|62\/100|[from] Grassy Terrain\n|-heal|p2a: Farigiraf|22\/100|[from] Grassy Terrain\n|-heal|p1a: Incineroar|36\/100|[from] Grassy Terrain\n|upkeep\n|\n|t:|1736163687\n|switch|p1b: Pelipper|Pelipper, L50, F|100\/100\n|-weather|RainDance|[from] ability: Drizzle|[of] p1b: Pelipper\n|turn|3\n|\n|t:|1736163697\n|switch|p1a: Rillaboom|Rillaboom, L50, F|100\/100\n|move|p2b: Calyrex|High Horsepower|p1a: Rillaboom\n|-resisted|p1a: Rillaboom\n|-damage|p1a: Rillaboom|72\/100\n|move|p2a: Farigiraf|Psychic|p1b: Pelipper\n|-damage|p1b: Pelipper|10\/100\n|move|p1b: Pelipper|Weather Ball|p2b: Calyrex\n|-supereffective|p2b: Calyrex\n|-damage|p2b: Calyrex|0 fnt\n|faint|p2b: Calyrex\n|\n|-weather|RainDance|[upkeep]\n|-heal|p2a: Farigiraf|28\/100|[from] Grassy Terrain\n|-heal|p1a: Rillaboom|78\/100|[from] Grassy Terrain\n|upkeep\n|\n|t:|1736163708\n|switch|p2b: Ursaluna|Ursaluna-Bloodmoon, L50, M|100\/100\n|turn|4\n|\n|t:|1736163720\n|switch|p1b: Incineroar|Incineroar, L50, F|36\/100\n|-ability|p1b: Incineroar|Intimidate|boost\n|-unboost|p2a: Farigiraf|atk|1\n|-unboost|p2b: Ursaluna|atk|1\n|move|p2b: Ursaluna|Blood Moon|p1a: Rillaboom\n|-damage|p1a: Rillaboom|6\/100\n|-damage|p2b: Ursaluna|90\/100|[from] item: Life Orb\n|move|p2a: Farigiraf|Psychic|p1b: Incineroar\n|-immune|p1b: Incineroar\n|move|p1a: Rillaboom|U-turn|p2a: Farigiraf\n|-supereffective|p2a: Farigiraf\n|-damage|p2a: Farigiraf|0 fnt\n|faint|p2a: Farigiraf\n|\n|t:|1736163734\n|switch|p1a: Pelipper|Pelipper, L50, F|10\/100|[from] U-turn\n|\n|-weather|RainDance|[upkeep]\n|-heal|p2b: Ursaluna|96\/100|[from] Grassy Terrain\n|-heal|p1b: Incineroar|42\/100|[from] Grassy Terrain\n|upkeep\n|j| lpo8\n|inactive|PokemonmasterN2009 has 30 seconds left.\n|inactive|PokemonmasterN2009 has 20 seconds left.\n|inactive|PokemonmasterN2009 has 15 seconds left.\n|inactive|PokemonmasterN2009 has 10 seconds left.\n|inactive|PokemonmasterN2009 has 5 seconds left.\n|\n|t:|1736163784\n|switch|p2a: Torkoal|Torkoal, L50, M|100\/100\n|-weather|SunnyDay|[from] ability: Drought|[of] p2a: Torkoal\n|turn|5\n|inactive|SeaWolfMikess has 30 seconds left.\n|\n|t:|1736163809\n|switch|p1a: Rillaboom|Rillaboom, L50, F|6\/100\n|move|p1b: Incineroar|Fake Out|p2a: Torkoal\n|-damage|p2a: Torkoal|93\/100\n|cant|p2a: Torkoal|flinch\n|move|p2b: Ursaluna|Earth Power|p1b: Incineroar\n|-supereffective|p1b: Incineroar\n|-damage|p1b: Incineroar|0 fnt\n|faint|p1b: Incineroar\n|-damage|p2b: Ursaluna|86\/100|[from] item: Life Orb\n|\n|-weather|SunnyDay|[upkeep]\n|-heal|p2a: Torkoal|99\/100|[from] Grassy Terrain\n|-heal|p2b: Ursaluna|92\/100|[from] Grassy Terrain\n|-heal|p1a: Rillaboom|12\/100|[from] Grassy Terrain\n|-fieldend|move: Trick Room\n|-fieldend|move: Grassy Terrain\n|upkeep\n|\n|t:|1736163814\n|switch|p1b: Pelipper|Pelipper, L50, F|10\/100\n|-weather|RainDance|[from] ability: Drizzle|[of] p1b: Pelipper\n|turn|6\n|\n|t:|1736163820\n|move|p2b: Ursaluna|Protect|p2b: Ursaluna\n|-singleturn|p2b: Ursaluna|Protect\n|move|p2a: Torkoal|Protect|p2a: Torkoal\n|-singleturn|p2a: Torkoal|Protect\n|move|p1a: Rillaboom|Fake Out|p2a: Torkoal\n|-activate|p2a: Torkoal|move: Protect\n|move|p1b: Pelipper|Weather Ball|p2b: Ursaluna\n|-activate|p2b: Ursaluna|move: Protect\n|\n|-weather|RainDance|[upkeep]\n|upkeep\n|turn|7\n|inactive|SeaWolfMikess has 30 seconds left.\n|inactive|PokemonmasterN2009 has 30 seconds left.\n|inactive|PokemonmasterN2009 has 20 seconds left.\n|\n|t:|1736163862\n|move|p1b: Pelipper|Weather Ball|p2a: Torkoal\n|-supereffective|p2a: Torkoal\n|-damage|p2a: Torkoal|0 fnt\n|faint|p2a: Torkoal\n|move|p1a: Rillaboom|Wood Hammer|p2b: Ursaluna\n|-supereffective|p2b: Ursaluna\n|-damage|p2b: Ursaluna|15\/100\n|-damage|p1a: Rillaboom|0 fnt|[from] Recoil\n|faint|p1a: Rillaboom\n|move|p2b: Ursaluna|Blood Moon|p1b: Pelipper\n|-damage|p1b: Pelipper|0 fnt\n|faint|p1b: Pelipper\n|-damage|p2b: Ursaluna|5\/100|[from] item: Life Orb\n|\n|win|PokemonmasterN2009\n|raw|SeaWolfMikess's rating: 1704 &rarr; <strong>1674<\/strong><br \/>(-30 for losing)\n|raw|PokemonmasterN2009's rating: 1504 &rarr; <strong>1534<\/strong><br \/>(+30 for winning)\n|l|\u2606PokemonmasterN2009\n|player|p2|\n|l|\u2606SeaWolfMikess\n|player|p1|\n|l| Emilia_poke\n","uploadtime":1736164016,"views":50,"formatid":"gen9vgc2025regg","rating":1534,"private":0,"password":null}