{"id":"gen9vgc2025regg-2275317324","format":"[Gen 9] VGC 2025 Reg G","players":["i\u2764\u5a1c\u7984forever","fightingiowa233"],"log":"|j|\u2606i\u2764\u5a1c\u7984forever\n|j|\u2606fightingiowa233\n|t:|1736061466\n|gametype|doubles\n|player|p1|i\u2764\u5a1c\u7984forever|youngcouple|1556\n|player|p2|fightingiowa233|sabrina-frlg|1585\n|teamsize|p1|6\n|teamsize|p2|6\n|gen|9\n|tier|[Gen 9] VGC 2025 Reg G\n|rated|\n|rule|Species Clause: Limit one of each Pok\u00e9mon\n|rule|Item Clause: Limit 1 of each item\n|clearpoke\n|poke|p1|Groudon, L50|\n|poke|p1|Farigiraf, L50, F|\n|poke|p1|Urshifu-*, L50, F|\n|poke|p1|Flutter Mane, L50|\n|poke|p1|Dragonite, L50, F|\n|poke|p1|Torkoal, L50, F|\n|poke|p2|Groudon, L50|\n|poke|p2|Chi-Yu, L50|\n|poke|p2|Raging Bolt, L50|\n|poke|p2|Ogerpon-Cornerstone, L50, F|\n|poke|p2|Flutter Mane, L50|\n|poke|p2|Wyrdeer, L50, M|\n|teampreview|4\nfightingiowa233 has agreed to open team sheets.\n|\n|t:|1736061499\n|start\n|switch|p1a: Farigiraf|Farigiraf, L50, F|100\/100\n|switch|p1b: Urshifu|Urshifu, L50, F|100\/100\n|switch|p2a: Ogerpon|Ogerpon-Cornerstone, L50, F|100\/100\n|switch|p2b: Flutter Mane|Flutter Mane, L50|100\/100\n|turn|1\n|\n|t:|1736061511\n|move|p1b: Urshifu|U-turn|p2b: Flutter Mane\n|-resisted|p2b: Flutter Mane\n|-damage|p2b: Flutter Mane|88\/100\n|j| sauromon\n|\n|t:|1736061518\n|switch|p1b: Groudon|Groudon, L50|100\/100|[from] U-turn\n|-weather|SunnyDay|[from] ability: Drought|[of] p1b: Groudon\n|-activate|p2b: Flutter Mane|ability: Protosynthesis\n|-start|p2b: Flutter Mane|protosynthesisspa\n|move|p2a: Ogerpon|Power Whip|p1b: Groudon\n|-supereffective|p1b: Groudon\n|-damage|p1b: Groudon|13\/100\n|move|p2b: Flutter Mane|Taunt|p1a: Farigiraf\n|-start|p1a: Farigiraf|move: Taunt\n|cant|p1a: Farigiraf|move: Taunt|Trick Room\n|\n|-weather|SunnyDay|[upkeep]\n|upkeep\n|turn|2\n|\n|t:|1736061545\n|move|p2a: Ogerpon|Ivy Cudgel|p1b: Groudon|[anim] Ivy Cudgel Rock\n|-resisted|p1b: Groudon\n|-damage|p1b: Groudon|0 fnt\n|faint|p1b: Groudon\n|move|p2b: Flutter Mane|Moonblast|p1a: Farigiraf\n|-damage|p1a: Farigiraf|32\/100\n|move|p1a: Farigiraf|Hyper Voice|p2b: Flutter Mane|[spread] p2a\n|-immune|p2b: Flutter Mane\n|-resisted|p2a: Ogerpon\n|-damage|p2a: Ogerpon|86\/100\n|\n|-weather|SunnyDay|[upkeep]\n|upkeep\n|\n|t:|1736061556\n|switch|p1b: Urshifu|Urshifu, L50, F|100\/100\n|turn|3\n|\n|t:|1736061563\n|move|p2a: Ogerpon|Follow Me|p2a: Ogerpon\n|-singleturn|p2a: Ogerpon|move: Follow Me\n|move|p1b: Urshifu|Wicked Blow|p2a: Ogerpon\n|-crit|p2a: Ogerpon\n|-damage|p2a: Ogerpon|10\/100\n|move|p2b: Flutter Mane|Icy Wind|p1b: Urshifu|[spread] p1a,p1b\n|-damage|p1a: Farigiraf|12\/100\n|-damage|p1b: Urshifu|67\/100\n|-unboost|p1a: Farigiraf|spe|1\n|-unboost|p1b: Urshifu|spe|1\n|-enditem|p1a: Farigiraf|Wiki Berry|[eat]\n|-heal|p1a: Farigiraf|45\/100|[from] item: Wiki Berry\n|move|p1a: Farigiraf|Psychic Noise|p2a: Ogerpon\n|-damage|p2a: Ogerpon|0 fnt\n|faint|p2a: Ogerpon\n|\n|-weather|SunnyDay|[upkeep]\n|-end|p1a: Farigiraf|move: Taunt\n|upkeep\n|\n|t:|1736061575\n|switch|p2a: Raging Neck|Raging Bolt, L50|100\/100\n|-activate|p2a: Raging Neck|ability: Protosynthesis\n|-start|p2a: Raging Neck|protosynthesisspa\n|turn|4\n|\n|t:|1736061592\n|-terastallize|p2b: Flutter Mane|Fairy\n|move|p1a: Farigiraf|Protect|p1a: Farigiraf\n|-singleturn|p1a: Farigiraf|Protect\n|move|p2b: Flutter Mane|Moonblast|p1b: Urshifu\n|-supereffective|p1b: Urshifu\n|-damage|p1b: Urshifu|0 fnt\n|faint|p1b: Urshifu\n|move|p2a: Raging Neck|Thunderbolt|p1a: Farigiraf\n|-activate|p1a: Farigiraf|move: Protect\n|\n|-weather|SunnyDay|[upkeep]\n|upkeep\n|\n|t:|1736061603\n|switch|p1b: Torkoal|Torkoal, L50, F|100\/100\n|turn|5\n|\n|t:|1736061612\n|-terastallize|p1b: Torkoal|Grass\n|move|p2b: Flutter Mane|Moonblast|p1a: Farigiraf\n|-damage|p1a: Farigiraf|0 fnt\n|faint|p1a: Farigiraf\n|move|p2a: Raging Neck|Thunderbolt|p1b: Torkoal\n|-resisted|p1b: Torkoal\n|-damage|p1b: Torkoal|39\/100\n|-damage|p2a: Raging Neck|91\/100|[from] item: Life Orb\n|move|p1b: Torkoal|Earth Power|p2a: Raging Neck\n|-supereffective|p2a: Raging Neck\n|-damage|p2a: Raging Neck|32\/100\n|-damage|p1b: Torkoal|30\/100|[from] item: Life Orb\n|\n|-weather|none\n|-end|p2b: Flutter Mane|Protosynthesis\n|-end|p2a: Raging Neck|Protosynthesis\n|upkeep\n|turn|6\n|\n|t:|1736061630\n|-end|p2a: Raging Neck|Protosynthesis|[silent]\n|switch|p2a: Groudon|Groudon, L50|100\/100\n|-weather|SunnyDay|[from] ability: Drought|[of] p2a: Groudon\n|-activate|p2b: Flutter Mane|ability: Protosynthesis\n|-start|p2b: Flutter Mane|protosynthesisspa\n|move|p2b: Flutter Mane|Moonblast|p1b: Torkoal\n|-damage|p1b: Torkoal|0 fnt\n|faint|p1b: Torkoal\n|\n|win|fightingiowa233\n|raw|i\u2764\u5a1c\u7984forever's rating: 1556 &rarr; <strong>1538<\/strong><br \/>(-18 for losing)\n|raw|fightingiowa233's rating: 1585 &rarr; <strong>1603<\/strong><br \/>(+18 for winning)\n|l|\u2606i\u2764\u5a1c\u7984forever\n|player|p1|\n|l|\u2606fightingiowa233\n|player|p2|\n","uploadtime":1736061798,"views":9,"formatid":"gen9vgc2025regg","rating":1538,"private":0,"password":null}