{"id":"gen9vgc2025regg-2275419762","format":"[Gen 9] VGC 2025 Reg G","players":["jecheonjo","Grimmjane"],"log":"|j|\u2606jecheonjo\n|j|\u2606Grimmjane\n|t:|1736083137\n|gametype|doubles\n|player|p1|jecheonjo|steven|1680\n|player|p2|Grimmjane|2|1599\n|teamsize|p1|6\n|teamsize|p2|6\n|gen|9\n|tier|[Gen 9] VGC 2025 Reg G\n|rated|\n|rule|Species Clause: Limit one of each Pok\u00e9mon\n|rule|Item Clause: Limit 1 of each item\n|clearpoke\n|poke|p1|Kyogre, L50|\n|poke|p1|Tornadus, L50, M|\n|poke|p1|Landorus, L50, M|\n|poke|p1|Urshifu-*, L50, F|\n|poke|p1|Amoonguss, L50, M|\n|poke|p1|Incineroar, L50, M|\n|poke|p2|Zacian-*, L50|\n|poke|p2|Entei, L50|\n|poke|p2|Araquanid, L50, M|\n|poke|p2|Brute Bonnet, L50|\n|poke|p2|Tornadus, L50, M|\n|poke|p2|Ditto, L50|\n|teampreview|4\n|inactive|Battle timer is ON: inactive players will automatically lose when time's up. (requested by Grimmjane)\n|inactive|jecheonjo has 60 seconds left.\n|\n|t:|1736083202\n|start\n|switch|p1a: Amoonguss|Amoonguss, L50, M|100\/100\n|switch|p1b: Tornadus|Tornadus, L50, M|100\/100\n|switch|p2a: Tornadus|Tornadus, L50, M|100\/100\n|switch|p2b: Brute Bonnet|Brute Bonnet, L50|100\/100\n|turn|1\n|\n|t:|1736083226\n|move|p1b: Tornadus|Protect|p1b: Tornadus\n|-singleturn|p1b: Tornadus|Protect\n|move|p1a: Amoonguss|Protect|p1a: Amoonguss\n|-singleturn|p1a: Amoonguss|Protect\n|move|p2a: Tornadus|Tailwind|p2a: Tornadus\n|-sidestart|p2: Grimmjane|move: Tailwind\n|move|p2b: Brute Bonnet|Spore|p1b: Tornadus\n|-activate|p1b: Tornadus|move: Protect\n|\n|upkeep\n|turn|2\n|inactive|jecheonjo has 30 seconds left.\n|\n|t:|1736083255\n|-terastallize|p1a: Amoonguss|Water\n|move|p2a: Tornadus|Bleakwind Storm|p1b: Tornadus|[spread] p1a\n|-miss|p2a: Tornadus|p1b: Tornadus\n|-damage|p1a: Amoonguss|65\/100\n|move|p2b: Brute Bonnet|Crunch|p1b: Tornadus\n|-damage|p1b: Tornadus|42\/100\n|move|p1b: Tornadus|Bleakwind Storm|p2a: Tornadus|[spread] p2a,p2b\n|-supereffective|p2b: Brute Bonnet\n|-damage|p2a: Tornadus|54\/100\n|-damage|p2b: Brute Bonnet|35\/100\n|move|p1a: Amoonguss|Spore|p2a: Tornadus\n|-status|p2a: Tornadus|slp|[from] move: Spore\n|\n|upkeep\n|turn|3\n|j| Jay Shirona\n|\n|t:|1736083277\n|move|p1b: Tornadus|Tailwind|p1b: Tornadus\n|-sidestart|p1: jecheonjo|move: Tailwind\n|cant|p2a: Tornadus|slp\n|move|p2b: Brute Bonnet|Spore|p1a: Amoonguss\n|-status|p1a: Amoonguss|slp|[from] move: Spore\n|cant|p1a: Amoonguss|slp\n|\n|upkeep\n|turn|4\n|l| Jay Shirona\n|j| Jay Shirona\n|\n|t:|1736083296\n|switch|p1a: Kyogre|Kyogre, L50|100\/100\n|-weather|RainDance|[from] ability: Drizzle|[of] p1a: Kyogre\n|move|p1b: Tornadus|Bleakwind Storm|p2b: Brute Bonnet|[spread] p2a,p2b\n|-supereffective|p2b: Brute Bonnet\n|-damage|p2a: Tornadus|3\/100 slp\n|-damage|p2b: Brute Bonnet|0 fnt\n|faint|p2b: Brute Bonnet\n|-end|p2b: Brute Bonnet|Protosynthesis|[silent]\n|cant|p2a: Tornadus|slp\n|\n|-weather|RainDance|[upkeep]\n|-sideend|p2: Grimmjane|move: Tailwind\n|upkeep\n|\n|t:|1736083305\n|switch|p2b: Khairo|Zacian-Crowned, L50|100\/100\n|-ability|p2b: Khairo|Intrepid Sword|boost\n|-boost|p2b: Khairo|atk|1\n|turn|5\n|\n|t:|1736083317\n|move|p2b: Khairo|Protect|p2b: Khairo\n|-singleturn|p2b: Khairo|Protect\n|cant|p2a: Tornadus|slp\n|move|p1b: Tornadus|Bleakwind Storm|p2b: Khairo|[spread] p2a\n|-activate|p2b: Khairo|move: Protect\n|-crit|p2a: Tornadus\n|-damage|p2a: Tornadus|0 fnt\n|faint|p2a: Tornadus\n|move|p1a: Kyogre|Water Spout|p2b: Khairo\n|-activate|p2b: Khairo|move: Protect\n|\n|-weather|RainDance|[upkeep]\n|upkeep\n|j| jasonrfry\n|\n|t:|1736083321\n|switch|p2a: Araquanid|Araquanid, L50, M|100\/100\n|turn|6\n|\n|t:|1736083338\n|move|p2a: Araquanid|Wide Guard|p2a: Araquanid\n|-singleturn|p2a: Araquanid|Wide Guard\n|move|p1b: Tornadus|Taunt|p2a: Araquanid\n|-start|p2a: Araquanid|move: Taunt\n|move|p1a: Kyogre|Thunder|p2b: Khairo\n|-crit|p2b: Khairo\n|-damage|p2b: Khairo|43\/100\n|move|p2b: Khairo|Play Rough|p1a: Kyogre\n|-damage|p1a: Kyogre|29\/100\n|\n|-weather|RainDance|[upkeep]\n|-sideend|p1: jecheonjo|move: Tailwind\n|upkeep\n|turn|7\n|-message|Grimmjane forfeited.\n|\n|win|jecheonjo\n|raw|jecheonjo's rating: 1680 &rarr; <strong>1695<\/strong><br \/>(+15 for winning)\n|raw|Grimmjane's rating: 1599 &rarr; <strong>1584<\/strong><br \/>(-15 for losing)\n|l|\u2606Grimmjane\n|player|p2|\n|l|\u2606jecheonjo\n|player|p1|\n|l| jasonrfry\n|l| Jay Shirona\n","uploadtime":1736083570,"views":473,"formatid":"gen9vgc2025regg","rating":1584,"private":0,"password":null}