{"id":"gen9vgc2025regg-2275243385","format":"[Gen 9] VGC 2025 Reg G","players":["Aki Hoshino","pokemon fan 281747"],"log":"|j|\u2606Aki Hoshino\n|j|\u2606pokemon fan 281747\n|t:|1736048919\n|gametype|doubles\n|player|p1|Aki Hoshino|aromalady|1618\n|player|p2|pokemon fan 281747|carmine|1607\n|teamsize|p1|6\n|teamsize|p2|6\n|gen|9\n|tier|[Gen 9] VGC 2025 Reg G\n|rated|\n|rule|Species Clause: Limit one of each Pok\u00e9mon\n|rule|Item Clause: Limit 1 of each item\n|clearpoke\n|poke|p1|Whimsicott, L50, M|\n|poke|p1|Urshifu-*, L50, F|\n|poke|p1|Rillaboom, L50, M|\n|poke|p1|Flutter Mane, L50|\n|poke|p1|Landorus, L50, M|\n|poke|p1|Calyrex-Ice, L50|\n|poke|p2|Flutter Mane, L50|\n|poke|p2|Ogerpon-Cornerstone, L50, F|\n|poke|p2|Kingambit, L50, M|\n|poke|p2|Walking Wake, L50|\n|poke|p2|Koraidon, L50|\n|poke|p2|Tornadus, L50, M|\n|teampreview|4\n|inactive|Battle timer is ON: inactive players will automatically lose when time's up. (requested by pokemon fan 281747)\n|j| jasonrfry\n|j| UI Rain\n|inactive|Aki Hoshino has 60 seconds left.\n|inactive|pokemon fan 281747 has 60 seconds left.\n|\n|t:|1736048960\n|start\n|switch|p1a: Whimsicott|Whimsicott, L50, M|100\/100\n|switch|p1b: Calyrex|Calyrex-Ice, L50|100\/100\n|switch|p2a: Tornadus|Tornadus, L50, M|100\/100\n|switch|p2b: Koraidon|Koraidon, L50|100\/100\n|-ability|p1b: Calyrex|As One\n|-ability|p1b: Calyrex|Unnerve\n|-weather|SunnyDay|[from] ability: Orichalcum Pulse|[of] p2b: Koraidon\n|-activate|p2b: Koraidon|Orichalcum Pulse|[source]\n|turn|1\n|l| jasonrfry\n|\n|t:|1736048977\n|-terastallize|p2b: Koraidon|Fire\n|-terastallize|p1b: Calyrex|Dragon\n|move|p1a: Whimsicott|Tailwind|p1a: Whimsicott\n|-sidestart|p1: Aki Hoshino|move: Tailwind\n|move|p1b: Calyrex|Glacial Lance|p2a: Tornadus|[spread] p2a,p2b\n|-supereffective|p2a: Tornadus\n|-resisted|p2b: Koraidon\n|-enditem|p2a: Tornadus|Focus Sash\n|-damage|p2a: Tornadus|1\/100\n|-damage|p2b: Koraidon|75\/100\n|move|p2b: Koraidon|Flare Blitz|p1b: Calyrex\n|-resisted|p1b: Calyrex\n|-damage|p1b: Calyrex|29\/100\n|-damage|p2b: Koraidon|50\/100|[from] Recoil\n|move|p2a: Tornadus|Bleakwind Storm|p1b: Calyrex|[spread] p1a,p1b\n|-supereffective|p1a: Whimsicott\n|-enditem|p1a: Whimsicott|Focus Sash\n|-damage|p1a: Whimsicott|1\/100\n|-damage|p1b: Calyrex|1\/100\n|\n|-weather|SunnyDay|[upkeep]\n|upkeep\n|turn|2\n|inactive|Aki Hoshino has 30 seconds left.\n|inactive|Aki Hoshino has 20 seconds left.\n|inactive|Aki Hoshino has 15 seconds left.\n|inactive|Aki Hoshino has 10 seconds left.\n|inactive|Aki Hoshino has 5 seconds left.\n|\n|t:|1736049030\n|switch|p1b: Urshifu|Urshifu, L50, F|100\/100\n|move|p2a: Tornadus|Tailwind|p2a: Tornadus\n|-sidestart|p2: pokemon fan 281747|move: Tailwind\n|move|p2b: Koraidon|Flare Blitz|p1a: Whimsicott\n|-supereffective|p1a: Whimsicott\n|-damage|p1a: Whimsicott|0 fnt\n|faint|p1a: Whimsicott\n|-damage|p2b: Koraidon|50\/100|[from] Recoil\n|\n|-weather|SunnyDay|[upkeep]\n|upkeep\n|\n|t:|1736049043\n|switch|p1a: Calyrex|Calyrex-Ice, L50, tera:Dragon|1\/100\n|-ability|p1a: Calyrex|As One\n|-ability|p1a: Calyrex|Unnerve\n|turn|3\n|\n|t:|1736049053\n|move|p1b: Urshifu|Sucker Punch|p2b: Koraidon\n|-damage|p2b: Koraidon|3\/100\n|move|p2b: Koraidon|Flare Blitz|p1b: Urshifu\n|-damage|p1b: Urshifu|0 fnt\n|faint|p1b: Urshifu\n|-damage|p2b: Koraidon|0 fnt|[from] Recoil\n|faint|p2b: Koraidon\n|move|p2a: Tornadus|Bleakwind Storm|p1a: Calyrex|[miss]\n|-miss|p2a: Tornadus|p1a: Calyrex\n|move|p1a: Calyrex|Trick Room|p1a: Calyrex\n|-fieldstart|move: Trick Room|[of] p1a: Calyrex\n|\n|-weather|SunnyDay|[upkeep]\n|upkeep\n|\n|t:|1736049067\n|switch|p1b: Landorus|Landorus, L50, M|100\/100\n|switch|p2b: Kingambit|Kingambit, L50, M|100\/100\n|turn|4\n|\n|t:|1736049084\n|move|p1a: Calyrex|Protect|p1a: Calyrex\n|-singleturn|p1a: Calyrex|Protect\n|move|p2b: Kingambit|Kowtow Cleave|p1b: Landorus\n|-damage|p1b: Landorus|54\/100\n|move|p1b: Landorus|Earth Power|p2b: Kingambit\n|-supereffective|p2b: Kingambit\n|-damage|p2b: Kingambit|17\/100\n|move|p2a: Tornadus|Bleakwind Storm|p1a: Calyrex|[spread] \n|-activate|p1a: Calyrex|move: Protect\n|-miss|p2a: Tornadus|p1b: Landorus\n|\n|-weather|SunnyDay|[upkeep]\n|-sideend|p1: Aki Hoshino|move: Tailwind\n|upkeep\n|turn|5\n|j| mvfcg64\n|inactive|Aki Hoshino has 30 seconds left.\n|inactive|pokemon fan 281747 has 30 seconds left.\n|\n|t:|1736049111\n|move|p1a: Calyrex|Protect|p1a: Calyrex\n|-singleturn|p1a: Calyrex|Protect\n|move|p2b: Kingambit|Sucker Punch||[still]\n|-fail|p2b: Kingambit\n|move|p1b: Landorus|Sludge Bomb|p2a: Tornadus\n|-damage|p2a: Tornadus|0 fnt\n|faint|p2a: Tornadus\n|\n|-weather|none\n|-sideend|p2: pokemon fan 281747|move: Tailwind\n|upkeep\n|\n|t:|1736049115\n|switch|p2a: Ogerpon|Ogerpon-Cornerstone, L50, F|100\/100\n|turn|6\n|\n|t:|1736049139\n|move|p1a: Calyrex|Protect||[still]\n|-fail|p1a: Calyrex\n|move|p2b: Kingambit|Kowtow Cleave|p1a: Calyrex\n|-crit|p1a: Calyrex\n|-damage|p1a: Calyrex|0 fnt\n|faint|p1a: Calyrex\n|move|p1b: Landorus|Earth Power|p2b: Kingambit\n|-supereffective|p2b: Kingambit\n|-damage|p2b: Kingambit|0 fnt\n|faint|p2b: Kingambit\n|move|p2a: Ogerpon|Ivy Cudgel|p1b: Landorus|[anim] Ivy Cudgel Rock\n|-damage|p1b: Landorus|0 fnt\n|faint|p1b: Landorus\n|\n|win|pokemon fan 281747\n|raw|Aki Hoshino's rating: 1618 &rarr; <strong>1597<\/strong><br \/>(-21 for losing)\n|raw|pokemon fan 281747's rating: 1607 &rarr; <strong>1628<\/strong><br \/>(+21 for winning)\n|l|\u2606Aki Hoshino\n|player|p1|\n|l| UI Rain\n|l| mvfcg64\n|l|\u2606pokemon fan 281747\n|player|p2|\n","uploadtime":1736049352,"views":48,"formatid":"gen9vgc2025regg","rating":1597,"private":0,"password":null}