{"id":"gen9vgc2025regg-2275780808","format":"[Gen 9] VGC 2025 Reg G","players":["lichuweijixi","Ninjaloki"],"log":"|j|\u2606lichuweijixi\n|j|\u2606Ninjaloki\n|t:|1736130433\n|gametype|doubles\n|player|p1|lichuweijixi|1|1649\n|player|p2|Ninjaloki|169|1543\n|teamsize|p1|6\n|teamsize|p2|6\n|gen|9\n|tier|[Gen 9] VGC 2025 Reg G\n|rated|\n|rule|Species Clause: Limit one of each Pok\u00e9mon\n|rule|Item Clause: Limit 1 of each item\n|clearpoke\n|poke|p1|Dondozo, L50, M|\n|poke|p1|Tatsugiri, L50, M|\n|poke|p1|Miraidon, L50|\n|poke|p1|Ogerpon-Hearthflame, L50, F|\n|poke|p1|Gholdengo, L50|\n|poke|p1|Chien-Pao, L50|\n|poke|p2|Miraidon, L50|\n|poke|p2|Whimsicott, L50, F|\n|poke|p2|Urshifu-*, L50, M|\n|poke|p2|Ogerpon-Hearthflame, L50, F|\n|poke|p2|Farigiraf, L50, F|\n|poke|p2|Iron Hands, L50|\n|teampreview|4\n|\n|t:|1736130463\n|start\n|switch|p1a: Ogerpon|Ogerpon-Hearthflame, L50, F|100\/100\n|switch|p1b: Miraidon|Miraidon, L50|100\/100\n|switch|p2a: Miraidon|Miraidon, L50|100\/100\n|switch|p2b: Ogerpon|Ogerpon-Hearthflame, L50, F|100\/100\n|-fieldstart|move: Electric Terrain|[from] ability: Hadron Engine|[of] p2a: Miraidon\n|-activate|p1b: Miraidon|ability: Hadron Engine\n|-ability|p1a: Ogerpon|Mold Breaker\n|-ability|p2b: Ogerpon|Mold Breaker\n|turn|1\n|inactive|Battle timer is ON: inactive players will automatically lose when time's up. (requested by Ninjaloki)\n|inactive|Ninjaloki has 60 seconds left.\n|\n|t:|1736130502\n|switch|p2a: Iron Hands|Iron Hands, L50|100\/100\n|-activate|p2a: Iron Hands|ability: Quark Drive\n|-start|p2a: Iron Hands|quarkdriveatk\n|-terastallize|p2b: Ogerpon|Fire\n|detailschange|p2b: Ogerpon|Ogerpon-Hearthflame-Tera, L50, F, tera:Fire\n|-ability|p2b: Ogerpon|Embody Aspect (Hearthflame)|boost\n|-boost|p2b: Ogerpon|atk|1\n|move|p1a: Ogerpon|Spiky Shield|p1a: Ogerpon\n|-singleturn|p1a: Ogerpon|move: Protect\n|move|p1b: Miraidon|Electro Drift|p2a: Iron Hands\n|-resisted|p2a: Iron Hands\n|-damage|p2a: Iron Hands|75\/100\n|move|p2b: Ogerpon|Ivy Cudgel|p1b: Miraidon|[anim] Ivy Cudgel Fire\n|-resisted|p1b: Miraidon\n|-damage|p1b: Miraidon|46\/100\n|\n|upkeep\n|turn|2\n|inactive|lichuweijixi has 30 seconds left.\n|inactive|Ninjaloki has 30 seconds left.\n|\n|t:|1736130535\n|switch|p1b: Tatsugiri|Tatsugiri, L50, M|100\/100\n|switch|p1a: Dondozo|Dondozo, L50, M|100\/100\n|-activate|p1b: Tatsugiri|ability: Commander|[of] p1a: Dondozo\n|-boost|p1a: Dondozo|atk|2\n|-boost|p1a: Dondozo|spa|2\n|-boost|p1a: Dondozo|spe|2\n|-boost|p1a: Dondozo|def|2\n|-boost|p1a: Dondozo|spd|2\n|move|p2a: Iron Hands|Fake Out|p1b: Tatsugiri|[miss]\n|-miss|p2a: Iron Hands|p1b: Tatsugiri\n|move|p2b: Ogerpon|Ivy Cudgel|p1a: Dondozo|[anim] Ivy Cudgel Fire\n|-resisted|p1a: Dondozo\n|-damage|p1a: Dondozo|87\/100\n|\n|-heal|p1a: Dondozo|93\/100|[from] item: Leftovers\n|upkeep\n|turn|3\n|inactive|Ninjaloki has 30 seconds left.\n|\n|t:|1736130569\n|move|p2b: Ogerpon|Spiky Shield|p2b: Ogerpon\n|-singleturn|p2b: Ogerpon|move: Protect\n|move|p1a: Dondozo|Earthquake|p2b: Ogerpon|[spread] p2a\n|-miss|p1a: Dondozo|p1b: Tatsugiri\n|-activate|p2b: Ogerpon|move: Protect\n|-supereffective|p2a: Iron Hands\n|-damage|p2a: Iron Hands|13\/100\n|move|p2a: Iron Hands|Low Kick|p1a: Dondozo\n|-damage|p1a: Dondozo|61\/100\n|\n|-heal|p1a: Dondozo|67\/100|[from] item: Leftovers\n|upkeep\n|turn|4\n|inactive|Ninjaloki has 30 seconds left.\n|\n|t:|1736130597\n|-terastallize|p1a: Dondozo|Grass\n|move|p1a: Dondozo|Earthquake|p2a: Iron Hands|[spread] p2a,p2b\n|-miss|p1a: Dondozo|p1b: Tatsugiri\n|-supereffective|p2a: Iron Hands\n|-supereffective|p2b: Ogerpon\n|-damage|p2a: Iron Hands|0 fnt\n|-damage|p2b: Ogerpon|0 fnt\n|faint|p2a: Iron Hands\n|-end|p2a: Iron Hands|Quark Drive|[silent]\n|faint|p2b: Ogerpon\n|\n|-heal|p1a: Dondozo|74\/100|[from] item: Leftovers\n|upkeep\n|\n|t:|1736130610\n|switch|p2b: Urshifu|Urshifu, L50, M|100\/100\n|switch|p2a: Miraidon|Miraidon, L50|100\/100\n|-activate|p2a: Miraidon|ability: Hadron Engine\n|turn|5\n|\n|t:|1736130619\n|move|p2a: Miraidon|Draco Meteor|p1a: Dondozo\n|-damage|p1a: Dondozo|0 fnt\n|-unboost|p2a: Miraidon|spa|2\n|faint|p1a: Dondozo\n|move|p2b: Urshifu|Wicked Blow|p1b: Tatsugiri\n|-crit|p1b: Tatsugiri\n|-damage|p1b: Tatsugiri|0 fnt\n|faint|p1b: Tatsugiri\n|\n|-fieldend|move: Electric Terrain\n|upkeep\n|\n|t:|1736130627\n|switch|p1b: Miraidon|Miraidon, L50|46\/100\n|switch|p1a: Ogerpon|Ogerpon-Hearthflame, L50, F|100\/100\n|-fieldstart|move: Electric Terrain|[from] ability: Hadron Engine|[of] p1b: Miraidon\n|-ability|p1a: Ogerpon|Mold Breaker\n|turn|6\n|\n|t:|1736130646\n|move|p1a: Ogerpon|Follow Me|p1a: Ogerpon\n|-singleturn|p1a: Ogerpon|move: Follow Me\n|move|p2a: Miraidon|Draco Meteor|p1a: Ogerpon\n|-damage|p1a: Ogerpon|27\/100\n|-unboost|p2a: Miraidon|spa|2\n|move|p1b: Miraidon|Dazzling Gleam|p2b: Urshifu|[spread] p2a,p2b\n|-supereffective|p2a: Miraidon\n|-supereffective|p2b: Urshifu\n|-damage|p2a: Miraidon|47\/100\n|-enditem|p2b: Urshifu|Focus Sash\n|-damage|p2b: Urshifu|1\/100\n|move|p2b: Urshifu|Wicked Blow|p1a: Ogerpon\n|-crit|p1a: Ogerpon\n|-damage|p1a: Ogerpon|0 fnt\n|faint|p1a: Ogerpon\n|\n|upkeep\n|turn|7\n|\n|t:|1736130666\n|move|p2b: Urshifu|Sucker Punch|p1b: Miraidon\n|-damage|p1b: Miraidon|8\/100\n|move|p2a: Miraidon|Draco Meteor|p1b: Miraidon\n|-supereffective|p1b: Miraidon\n|-damage|p1b: Miraidon|0 fnt\n|-unboost|p2a: Miraidon|spa|2\n|faint|p1b: Miraidon\n|\n|win|Ninjaloki\n|raw|lichuweijixi's rating: 1649 &rarr; <strong>1623<\/strong><br \/>(-26 for losing)\n|raw|Ninjaloki's rating: 1543 &rarr; <strong>1569<\/strong><br \/>(+26 for winning)\n|l|\u2606lichuweijixi\n|player|p1|\n","uploadtime":1736130905,"views":18,"formatid":"gen9vgc2025regg","rating":1569,"private":0,"password":null}