{"id":"gen9vgc2025regg-2275180590","format":"[Gen 9] VGC 2025 Reg G","players":["Duryodhan","sibylla_system"],"log":"|j|\u2606Duryodhan\n|j|\u2606sibylla_system\n|t:|1736040297\n|gametype|doubles\n|player|p1|Duryodhan|265|1554\n|player|p2|sibylla_system|1|1623\n|teamsize|p1|6\n|teamsize|p2|6\n|gen|9\n|tier|[Gen 9] VGC 2025 Reg G\n|rated|\n|rule|Species Clause: Limit one of each Pok\u00e9mon\n|rule|Item Clause: Limit 1 of each item\n|clearpoke\n|poke|p1|Calyrex-Ice, L50|\n|poke|p1|Indeedee-F, L50, F|\n|poke|p1|Annihilape, L50, M|\n|poke|p1|Torkoal, L50, M|\n|poke|p1|Amoonguss, L50, M|\n|poke|p1|Ursaluna, L50, F|\n|poke|p2|Kyogre, L50|\n|poke|p2|Urshifu-*, L50, F|\n|poke|p2|Landorus, L50, M|\n|poke|p2|Tornadus, L50, M|\n|poke|p2|Tsareena, L50, F|\n|poke|p2|Raichu, L50, M|\n|teampreview|4\n|inactive|Battle timer is ON: inactive players will automatically lose when time's up. (requested by Duryodhan)\n|inactive|sibylla_system has 60 seconds left.\n|\n|t:|1736040348\n|start\n|switch|p1a: Calyrex|Calyrex-Ice, L50|100\/100\n|switch|p1b: Torkoal|Torkoal, L50, M|100\/100\n|switch|p2a: Raichu|Raichu, L50, M|100\/100\n|switch|p2b: Kyogre|Kyogre, L50|100\/100\n|-ability|p1a: Calyrex|As One\n|-ability|p1a: Calyrex|Unnerve\n|-weather|RainDance|[from] ability: Drizzle|[of] p2b: Kyogre\n|-weather|SunnyDay|[from] ability: Drought|[of] p1b: Torkoal\n|turn|1\n|\n|t:|1736040369\n|-terastallize|p2b: Kyogre|Water\n|-terastallize|p1b: Torkoal|Grass\n|move|p2a: Raichu|Fake Out|p1a: Calyrex\n|-damage|p1a: Calyrex|93\/100\n|move|p2b: Kyogre|Water Spout|p1a: Calyrex|[spread] p1a,p1b\n|-resisted|p1b: Torkoal\n|-damage|p1a: Calyrex|50\/100\n|-damage|p1b: Torkoal|72\/100\n|move|p1b: Torkoal|Solar Beam||[still]\n|-prepare|p1b: Torkoal|Solar Beam\n|-anim|p1b: Torkoal|Solar Beam|p2b: Kyogre\n|-supereffective|p2b: Kyogre\n|-damage|p2b: Kyogre|18\/100\n|cant|p1a: Calyrex|flinch\n|\n|-weather|SunnyDay|[upkeep]\n|upkeep\n|turn|2\n|inactive|Duryodhan has 30 seconds left.\n|inactive|sibylla_system has 30 seconds left.\n|inactive|sibylla_system has 20 seconds left.\n|inactive|sibylla_system has 15 seconds left.\n|\n|t:|1736040413\n|switch|p2b: Tornadus|Tornadus, L50, M|100\/100\n|switch|p1a: Amoonguss|Amoonguss, L50, M|100\/100\n|move|p2a: Raichu|Feint|p1a: Amoonguss\n|-damage|p1a: Amoonguss|94\/100\n|move|p1b: Torkoal|Solar Beam||[still]\n|-prepare|p1b: Torkoal|Solar Beam\n|-anim|p1b: Torkoal|Solar Beam|p2b: Tornadus\n|-resisted|p2b: Tornadus\n|-damage|p2b: Tornadus|72\/100\n|\n|-weather|SunnyDay|[upkeep]\n|upkeep\n|turn|3\n|\n|t:|1736040434\n|switch|p1b: Calyrex|Calyrex-Ice, L50|50\/100\n|-ability|p1b: Calyrex|As One\n|-ability|p1b: Calyrex|Unnerve\n|move|p2a: Raichu|Helping Hand|p2b: Tornadus\n|-singleturn|p2b: Tornadus|Helping Hand|[of] p2a: Raichu\n|move|p2b: Tornadus|Bleakwind Storm|p1b: Calyrex|[spread] p1b\n|-miss|p2b: Tornadus|p1a: Amoonguss\n|-damage|p1b: Calyrex|16\/100\n|move|p1a: Amoonguss|Pollen Puff|p1b: Calyrex\n|-heal|p1b: Calyrex|66\/100\n|\n|-weather|SunnyDay|[upkeep]\n|upkeep\n|turn|4\n|inactive|sibylla_system has 30 seconds left.\n|inactive|sibylla_system has 20 seconds left.\n|\n|t:|1736040469\n|switch|p2a: Kyogre|Kyogre, L50, tera:Water|18\/100\n|-weather|RainDance|[from] ability: Drizzle|[of] p2a: Kyogre\n|switch|p1a: Ursaluna|Ursaluna, L50, F|100\/100\n|move|p2b: Tornadus|Bleakwind Storm|p1b: Calyrex|[spread] p1a,p1b\n|-damage|p1a: Ursaluna|72\/100\n|-damage|p1b: Calyrex|47\/100\n|move|p1b: Calyrex|Trick Room|p1b: Calyrex\n|-fieldstart|move: Trick Room|[of] p1b: Calyrex\n|\n|-weather|RainDance|[upkeep]\n|-status|p1a: Ursaluna|brn|[from] item: Flame Orb\n|upkeep\n|turn|5\n|\n|t:|1736040490\n|move|p2b: Tornadus|Scary Face|p2a: Kyogre\n|-unboost|p2a: Kyogre|spe|2\n|move|p1a: Ursaluna|Facade|p2a: Kyogre\n|-damage|p2a: Kyogre|0 fnt\n|faint|p2a: Kyogre\n|move|p1b: Calyrex|Glacial Lance|p2b: Tornadus\n|-supereffective|p2b: Tornadus\n|-damage|p2b: Tornadus|0 fnt\n|faint|p2b: Tornadus\n|-ability|p1b: Calyrex|Chilling Neigh|boost\n|-boost|p1b: Calyrex|atk|1\n|\n|-weather|RainDance|[upkeep]\n|-damage|p1a: Ursaluna|66\/100 brn|[from] brn\n|upkeep\n|-message|sibylla_system forfeited.\n|\n|win|Duryodhan\n|raw|Duryodhan's rating: 1554 &rarr; <strong>1578<\/strong><br \/>(+24 for winning)\n|raw|sibylla_system's rating: 1623 &rarr; <strong>1599<\/strong><br \/>(-24 for losing)\n|l|\u2606sibylla_system\n|player|p2|\n|l|\u2606Duryodhan\n|player|p1|\n","uploadtime":1736040636,"views":9,"formatid":"gen9vgc2025regg","rating":1578,"private":0,"password":null}