{"id":"gen9vgc2025regg-2275866141","format":"[Gen 9] VGC 2025 Reg G","players":["lichuweijixi","massan2580"],"log":"|j|\u2606lichuweijixi\n|j|\u2606massan2580\n|t:|1736143937\n|gametype|doubles\n|player|p1|lichuweijixi|1|1659\n|player|p2|massan2580|2|1650\n|teamsize|p1|6\n|teamsize|p2|6\n|gen|9\n|tier|[Gen 9] VGC 2025 Reg G\n|rated|\n|rule|Species Clause: Limit one of each Pok\u00e9mon\n|rule|Item Clause: Limit 1 of each item\n|clearpoke\n|poke|p1|Dondozo, L50, F|\n|poke|p1|Tatsugiri, L50, F|\n|poke|p1|Miraidon, L50|\n|poke|p1|Ogerpon-Hearthflame, L50, F|\n|poke|p1|Gholdengo, L50|\n|poke|p1|Chien-Pao, L50|\n|poke|p2|Calyrex-Shadow, L50|\n|poke|p2|Grimmsnarl, L50, M|\n|poke|p2|Clefairy, L50, M|\n|poke|p2|Rillaboom, L50, F|\n|poke|p2|Chien-Pao, L50|\n|poke|p2|Dragonite, L50, M|\n|teampreview|4\n|\n|t:|1736143946\n|start\n|switch|p1a: Chien-Pao|Chien-Pao, L50|100\/100\n|switch|p1b: Dondozo|Dondozo, L50, F|100\/100\n|switch|p2a: Grimmsnarl|Grimmsnarl, L50, M|100\/100\n|switch|p2b: Calyrex|Calyrex-Shadow, L50|100\/100\n|-ability|p2b: Calyrex|As One\n|-ability|p2b: Calyrex|Unnerve\n|-ability|p1a: Chien-Pao|Sword of Ruin\n|turn|1\n|\n|t:|1736143963\n|move|p1b: Dondozo|Protect|p1b: Dondozo\n|-singleturn|p1b: Dondozo|Protect\n|move|p2a: Grimmsnarl|Fake Out|p1a: Chien-Pao\n|-damage|p1a: Chien-Pao|86\/100\n|cant|p1a: Chien-Pao|flinch\n|move|p2b: Calyrex|Nasty Plot|p2b: Calyrex\n|-boost|p2b: Calyrex|spa|2\n|\n|upkeep\n|turn|2\n|\n|t:|1736143979\n|switch|p1a: Tatsugiri|Tatsugiri, L50, F|100\/100\n|-activate|p1a: Tatsugiri|ability: Commander|[of] p1b: Dondozo\n|-boost|p1b: Dondozo|atk|2\n|-boost|p1b: Dondozo|spa|2\n|-boost|p1b: Dondozo|spe|2\n|-boost|p1b: Dondozo|def|2\n|-boost|p1b: Dondozo|spd|2\n|-terastallize|p2b: Calyrex|Grass\n|move|p2a: Grimmsnarl|Reflect|p2a: Grimmsnarl\n|-sidestart|p2: massan2580|Reflect\n|move|p2b: Calyrex|Giga Drain|p1a: Tatsugiri|[miss]\n|-miss|p2b: Calyrex|p1a: Tatsugiri\n|move|p1b: Dondozo|Wave Crash|p2b: Calyrex\n|-resisted|p2b: Calyrex\n|-damage|p2b: Calyrex|73\/100\n|-damage|p1b: Dondozo|93\/100|[from] Recoil\n|\n|-heal|p2b: Calyrex|79\/100|[from] item: Leftovers\n|-heal|p1b: Dondozo|99\/100|[from] item: Leftovers\n|upkeep\n|turn|3\n|\n|t:|1736144004\n|-terastallize|p1b: Dondozo|Grass\n|move|p2a: Grimmsnarl|Parting Shot|p1b: Dondozo\n|-unboost|p1b: Dondozo|atk|1\n|-unboost|p1b: Dondozo|spa|1\n|\n|t:|1736144010\n|switch|p2a: Rillaboom|Rillaboom, L50, F|100\/100|[from] Parting Shot\n|-fieldstart|move: Grassy Terrain|[from] ability: Grassy Surge|[of] p2a: Rillaboom\n|move|p2b: Calyrex|Giga Drain|p1b: Dondozo\n|-resisted|p1b: Dondozo\n|-damage|p1b: Dondozo|85\/100\n|-heal|p2b: Calyrex|87\/100|[from] drain|[of] p1b: Dondozo\n|move|p1b: Dondozo|Order Up|p2b: Calyrex\n|-damage|p2b: Calyrex|67\/100\n|-boost|p1b: Dondozo|atk|1\n|\n|-heal|p2b: Calyrex|73\/100|[from] Grassy Terrain\n|-heal|p2b: Calyrex|79\/100|[from] item: Leftovers\n|-heal|p1b: Dondozo|91\/100|[from] Grassy Terrain\n|-heal|p1b: Dondozo|97\/100|[from] item: Leftovers\n|upkeep\n|turn|4\n|\n|t:|1736144025\n|switch|p2a: Clefairy|Clefairy, L50, M|100\/100\n|move|p1b: Dondozo|Protect|p1b: Dondozo\n|-singleturn|p1b: Dondozo|Protect\n|move|p2b: Calyrex|Giga Drain|p1b: Dondozo\n|-activate|p1b: Dondozo|move: Protect\n|\n|-heal|p2b: Calyrex|85\/100|[from] Grassy Terrain\n|-heal|p2b: Calyrex|90\/100|[from] item: Leftovers\n|-heal|p1b: Dondozo|100\/100|[from] Grassy Terrain\n|upkeep\n|turn|5\n|\n|t:|1736144034\n|move|p2a: Clefairy|Helping Hand|p2b: Calyrex\n|-singleturn|p2b: Calyrex|Helping Hand|[of] p2a: Clefairy\n|move|p2b: Calyrex|Astral Barrage|p1a: Tatsugiri|[spread] p1b\n|-miss|p2b: Calyrex|p1a: Tatsugiri\n|-damage|p1b: Dondozo|63\/100\n|move|p1b: Dondozo|Wave Crash|p2a: Clefairy\n|-damage|p2a: Clefairy|40\/100\n|-damage|p1b: Dondozo|48\/100|[from] Recoil\n|\n|-heal|p2b: Calyrex|96\/100|[from] Grassy Terrain\n|-heal|p2b: Calyrex|100\/100|[from] item: Leftovers\n|-heal|p1b: Dondozo|54\/100|[from] Grassy Terrain\n|-heal|p1b: Dondozo|60\/100|[from] item: Leftovers\n|-heal|p2a: Clefairy|46\/100|[from] Grassy Terrain\n|upkeep\n|turn|6\n|\n|t:|1736144043\n|move|p2b: Calyrex|Astral Barrage|p1a: Tatsugiri|[spread] p1b\n|-miss|p2b: Calyrex|p1a: Tatsugiri\n|-damage|p1b: Dondozo|37\/100\n|move|p1b: Dondozo|Wave Crash|p2a: Clefairy\n|-damage|p2a: Clefairy|0 fnt\n|faint|p2a: Clefairy\n|-damage|p1b: Dondozo|25\/100|[from] Recoil\n|\n|-heal|p1b: Dondozo|31\/100|[from] Grassy Terrain\n|-heal|p1b: Dondozo|38\/100|[from] item: Leftovers\n|upkeep\n|\n|t:|1736144062\n|switch|p2a: Rillaboom|Rillaboom, L50, F|100\/100\n|turn|7\n|\n|t:|1736144066\n|move|p1b: Dondozo|Protect|p1b: Dondozo\n|-singleturn|p1b: Dondozo|Protect\n|move|p2a: Rillaboom|Fake Out|p1b: Dondozo\n|-activate|p1b: Dondozo|move: Protect\n|move|p2b: Calyrex|Nasty Plot|p2b: Calyrex\n|-boost|p2b: Calyrex|spa|2\n|\n|-heal|p1b: Dondozo|44\/100|[from] Grassy Terrain\n|-heal|p1b: Dondozo|50\/100|[from] item: Leftovers\n|-fieldend|move: Grassy Terrain\n|upkeep\n|turn|8\n|\n|t:|1736144080\n|switch|p2a: Grimmsnarl|Grimmsnarl, L50, M|100\/100\n|move|p2b: Calyrex|Astral Barrage|p1b: Dondozo|[spread] p1b\n|-miss|p2b: Calyrex|p1a: Tatsugiri\n|-damage|p1b: Dondozo|27\/100\n|move|p1b: Dondozo|Order Up|p2a: Grimmsnarl\n|-immune|p2a: Grimmsnarl\n|\n|-heal|p1b: Dondozo|34\/100|[from] item: Leftovers\n|upkeep\n|turn|9\n|\n|t:|1736144094\n|move|p2a: Grimmsnarl|Fake Out|p1b: Dondozo\n|-damage|p1b: Dondozo|30\/100\n|move|p2b: Calyrex|Giga Drain|p1b: Dondozo\n|-resisted|p1b: Dondozo\n|-damage|p1b: Dondozo|20\/100\n|cant|p1b: Dondozo|flinch\n|\n|-heal|p1b: Dondozo|27\/100|[from] item: Leftovers\n|-sideend|p2: massan2580|Reflect\n|upkeep\n|turn|10\n|\n|t:|1736144106\n|move|p2a: Grimmsnarl|Reflect|p2a: Grimmsnarl\n|-sidestart|p2: massan2580|Reflect\n|move|p2b: Calyrex|Astral Barrage|p1b: Dondozo|[spread] p1b\n|-miss|p2b: Calyrex|p1a: Tatsugiri\n|-damage|p1b: Dondozo|4\/100\n|move|p1b: Dondozo|Order Up|p2a: Grimmsnarl\n|-immune|p2a: Grimmsnarl\n|\n|-heal|p1b: Dondozo|10\/100|[from] item: Leftovers\n|upkeep\n|turn|11\n|\n|t:|1736144119\n|move|p2a: Grimmsnarl|Light Screen|p2a: Grimmsnarl\n|-sidestart|p2: massan2580|move: Light Screen\n|move|p2b: Calyrex|Astral Barrage|p1a: Tatsugiri|[spread] p1b\n|-miss|p2b: Calyrex|p1a: Tatsugiri\n|-damage|p1b: Dondozo|0 fnt\n|faint|p1b: Dondozo\n|-ability|p2b: Calyrex|Grim Neigh|boost\n|-boost|p2b: Calyrex|spa|1\n|\n|upkeep\n|\n|t:|1736144123\n|switch|p1b: Chien-Pao|Chien-Pao, L50|86\/100\n|-ability|p1b: Chien-Pao|Sword of Ruin\n|turn|12\n|\n|t:|1736144139\n|switch|p2a: Rillaboom|Rillaboom, L50, F|100\/100\n|-fieldstart|move: Grassy Terrain|[from] ability: Grassy Surge|[of] p2a: Rillaboom\n|move|p2b: Calyrex|Protect|p2b: Calyrex\n|-singleturn|p2b: Calyrex|Protect\n|move|p1a: Tatsugiri|Icy Wind|p2b: Calyrex|[spread] p2a\n|-activate|p2b: Calyrex|move: Protect\n|-supereffective|p2a: Rillaboom\n|-damage|p2a: Rillaboom|87\/100\n|-unboost|p2a: Rillaboom|spe|1\n|move|p1b: Chien-Pao|Icicle Crash|p2b: Calyrex\n|-activate|p2b: Calyrex|move: Protect\n|\n|-heal|p1b: Chien-Pao|92\/100|[from] Grassy Terrain\n|-heal|p2a: Rillaboom|93\/100|[from] Grassy Terrain\n|upkeep\n|turn|13\n|\n|t:|1736144176\n|move|p1b: Chien-Pao|Protect|p1b: Chien-Pao\n|-singleturn|p1b: Chien-Pao|Protect\n|move|p2a: Rillaboom|Fake Out|p1a: Tatsugiri\n|-damage|p1a: Tatsugiri|65\/100\n|cant|p1a: Tatsugiri|flinch\n|move|p2b: Calyrex|Astral Barrage|p1a: Tatsugiri|[spread] p1a\n|-activate|p1b: Chien-Pao|move: Protect\n|-damage|p1a: Tatsugiri|0 fnt\n|faint|p1a: Tatsugiri\n|-ability|p2b: Calyrex|Grim Neigh|boost\n|-boost|p2b: Calyrex|spa|1\n|\n|-heal|p1b: Chien-Pao|98\/100|[from] Grassy Terrain\n|-heal|p2a: Rillaboom|99\/100|[from] Grassy Terrain\n|upkeep\n|\n|t:|1736144182\n|switch|p1a: Miraidon|Miraidon, L50|100\/100\n|-fieldstart|move: Electric Terrain|[from] ability: Hadron Engine|[of] p1a: Miraidon\n|turn|14\n|\n|t:|1736144198\n|switch|p2a: Grimmsnarl|Grimmsnarl, L50, M|100\/100\n|move|p2b: Calyrex|Protect|p2b: Calyrex\n|-singleturn|p2b: Calyrex|Protect\n|move|p1b: Chien-Pao|Sucker Punch||[still]\n|-fail|p1b: Chien-Pao\n|move|p1a: Miraidon|Draco Meteor|p2a: Grimmsnarl\n|-immune|p2a: Grimmsnarl\n|\n|upkeep\n|turn|15\n|\n|t:|1736144221\n|move|p2a: Grimmsnarl|Parting Shot|p1a: Miraidon\n|-unboost|p1a: Miraidon|atk|1\n|-unboost|p1a: Miraidon|spa|1\n|\n|t:|1736144223\n|switch|p2a: Rillaboom|Rillaboom, L50, F|99\/100|[from] Parting Shot\n|-fieldstart|move: Grassy Terrain|[from] ability: Grassy Surge|[of] p2a: Rillaboom\n|move|p1b: Chien-Pao|Icicle Crash|p2b: Calyrex\n|-supereffective|p2b: Calyrex\n|-damage|p2b: Calyrex|39\/100\n|cant|p2b: Calyrex|flinch\n|move|p1a: Miraidon|Draco Meteor|p2a: Rillaboom\n|-damage|p2a: Rillaboom|75\/100\n|-unboost|p1a: Miraidon|spa|2\n|\n|-heal|p1b: Chien-Pao|100\/100|[from] Grassy Terrain\n|-heal|p2b: Calyrex|44\/100|[from] Grassy Terrain\n|-heal|p2b: Calyrex|50\/100|[from] item: Leftovers\n|-heal|p2a: Rillaboom|81\/100|[from] Grassy Terrain\n|upkeep\n|turn|16\n|\n|t:|1736144246\n|move|p1b: Chien-Pao|Protect|p1b: Chien-Pao\n|-singleturn|p1b: Chien-Pao|Protect\n|move|p2b: Calyrex|Protect|p2b: Calyrex\n|-singleturn|p2b: Calyrex|Protect\n|move|p1a: Miraidon|Draco Meteor|p2a: Rillaboom\n|-damage|p2a: Rillaboom|67\/100\n|-unboost|p1a: Miraidon|spa|2\n|move|p2a: Rillaboom|High Horsepower|p1b: Chien-Pao\n|-activate|p1b: Chien-Pao|move: Protect\n|\n|-heal|p2b: Calyrex|56\/100|[from] Grassy Terrain\n|-heal|p2b: Calyrex|62\/100|[from] item: Leftovers\n|-heal|p2a: Rillaboom|73\/100|[from] Grassy Terrain\n|upkeep\n|turn|17\n|\n|t:|1736144270\n|switch|p2b: Grimmsnarl|Grimmsnarl, L50, M|100\/100\n|move|p1b: Chien-Pao|Icicle Crash|p2b: Grimmsnarl|[miss]\n|-miss|p1b: Chien-Pao|p2b: Grimmsnarl\n|move|p1a: Miraidon|Draco Meteor|p2a: Rillaboom\n|-damage|p2a: Rillaboom|62\/100\n|-unboost|p1a: Miraidon|spa|1\n|move|p2a: Rillaboom|Wood Hammer|p1b: Chien-Pao\n|-crit|p1b: Chien-Pao\n|-enditem|p1b: Chien-Pao|Focus Sash\n|-damage|p1b: Chien-Pao|1\/100\n|-damage|p2a: Rillaboom|36\/100|[from] Recoil\n|\n|-heal|p1b: Chien-Pao|7\/100|[from] Grassy Terrain\n|-heal|p2a: Rillaboom|42\/100|[from] Grassy Terrain\n|-sideend|p2: massan2580|Reflect\n|upkeep\n|turn|18\n|\n|t:|1736144297\n|switch|p2b: Calyrex|Calyrex-Shadow, L50, tera:Grass|62\/100\n|-ability|p2b: Calyrex|As One\n|-ability|p2b: Calyrex|Unnerve\n|move|p2a: Rillaboom|Grassy Glide|p1b: Chien-Pao\n|-damage|p1b: Chien-Pao|0 fnt\n|faint|p1b: Chien-Pao\n|move|p1a: Miraidon|Draco Meteor|p2a: Rillaboom\n|-damage|p2a: Rillaboom|33\/100\n|\n|-heal|p2b: Calyrex|68\/100|[from] Grassy Terrain\n|-heal|p2b: Calyrex|73\/100|[from] item: Leftovers\n|-heal|p2a: Rillaboom|39\/100|[from] Grassy Terrain\n|-sideend|p2: massan2580|move: Light Screen\n|upkeep\n|turn|19\n|\n|t:|1736144309\n|switch|p2a: Grimmsnarl|Grimmsnarl, L50, M|100\/100\n|move|p2b: Calyrex|Protect|p2b: Calyrex\n|-singleturn|p2b: Calyrex|Protect\n|move|p1a: Miraidon|Electro Drift|p2a: Grimmsnarl\n|-damage|p2a: Grimmsnarl|87\/100\n|\n|-heal|p2b: Calyrex|79\/100|[from] Grassy Terrain\n|-heal|p2b: Calyrex|85\/100|[from] item: Leftovers\n|-heal|p2a: Grimmsnarl|93\/100|[from] Grassy Terrain\n|-fieldend|move: Grassy Terrain\n|upkeep\n|turn|20\n|-message|lichuweijixi forfeited.\n|\n|win|massan2580\n|raw|lichuweijixi's rating: 1659 &rarr; <strong>1638<\/strong><br \/>(-21 for losing)\n|raw|massan2580's rating: 1650 &rarr; <strong>1671<\/strong><br \/>(+21 for winning)\n|l|\u2606lichuweijixi\n|player|p1|\n|l|\u2606massan2580\n|player|p2|\n","uploadtime":1736144482,"views":132,"formatid":"gen9vgc2025regg","rating":1638,"private":0,"password":null}