{"id":"gen9vgc2025regg-2275153607","format":"[Gen 9] VGC 2025 Reg G","players":["bobhammer36","yubanmeiqin"],"log":"|j|\u2606bobhammer36\n|j|\u2606yubanmeiqin\n|t:|1736036628\n|gametype|doubles\n|player|p1|bobhammer36|101|1584\n|player|p2|yubanmeiqin|lillie-masters|1558\n|teamsize|p1|6\n|teamsize|p2|6\n|gen|9\n|tier|[Gen 9] VGC 2025 Reg G\n|rated|\n|rule|Species Clause: Limit one of each Pok\u00e9mon\n|rule|Item Clause: Limit 1 of each item\n|clearpoke\n|poke|p1|Indeedee-F, L50, F|\n|poke|p1|Gallade, L50, M|\n|poke|p1|Ursaluna-Bloodmoon, L50, M|\n|poke|p1|Ogerpon-Wellspring, L50, F|\n|poke|p1|Calyrex-Ice, L50|\n|poke|p1|Torkoal, L50, F|\n|poke|p2|Calyrex-Ice, L50|\n|poke|p2|Ogerpon-Wellspring, L50, F|\n|poke|p2|Annihilape, L50, M|\n|poke|p2|Smeargle, L50, M|\n|poke|p2|Urshifu-*, L50, M|\n|poke|p2|Ursaluna-Bloodmoon, L50, M|\n|teampreview|4\n|inactive|Battle timer is ON: inactive players will automatically lose when time's up. (requested by yubanmeiqin)\n|\n|t:|1736036671\n|start\n|switch|p1a: Ogerpon|Ogerpon-Wellspring, L50, F|100\/100\n|switch|p1b: Gallade|Gallade, L50, M|100\/100\n|switch|p2a: Calyrex|Calyrex-Ice, L50|100\/100\n|switch|p2b: Annihilape|Annihilape, L50, M|100\/100\n|-ability|p2a: Calyrex|As One\n|-ability|p2a: Calyrex|Unnerve\n|turn|1\n|j| Llayxx\n|\n|t:|1736036684\n|-terastallize|p2a: Calyrex|Water\n|move|p2b: Annihilape|Coaching|p2a: Calyrex\n|-boost|p2a: Calyrex|atk|1\n|-boost|p2a: Calyrex|def|1\n|move|p1a: Ogerpon|Taunt|p2b: Annihilape\n|-start|p2b: Annihilape|move: Taunt\n|move|p2a: Calyrex|Glacial Lance|p1a: Ogerpon|[spread] p1a,p1b\n|-damage|p1a: Ogerpon|3\/100\n|-enditem|p1b: Gallade|Focus Sash\n|-damage|p1b: Gallade|1\/100\n|move|p1b: Gallade|Trick Room|p1b: Gallade\n|-fieldstart|move: Trick Room|[of] p1b: Gallade\n|\n|upkeep\n|turn|2\n|\n|t:|1736036701\n|switch|p2b: Urshifu|Urshifu, L50, M|100\/100\n|move|p1b: Gallade|Wide Guard|p1b: Gallade\n|-singleturn|p1b: Gallade|Wide Guard\n|move|p2a: Calyrex|Glacial Lance|p1b: Gallade|[spread] \n|-activate|p1a: Ogerpon|move: Wide Guard\n|-activate|p1b: Gallade|move: Wide Guard\n|move|p1a: Ogerpon|Wood Hammer|p2a: Calyrex\n|-supereffective|p2a: Calyrex\n|-damage|p2a: Calyrex|50\/100\n|-enditem|p2a: Calyrex|Sitrus Berry|[eat]\n|-heal|p2a: Calyrex|75\/100|[from] item: Sitrus Berry\n|-damage|p1a: Ogerpon|0 fnt|[from] Recoil\n|faint|p1a: Ogerpon\n|\n|upkeep\n|l| Llayxx\n|\n|t:|1736036722\n|switch|p1a: Calyrex|Calyrex-Ice, L50|100\/100\n|-ability|p1a: Calyrex|As One\n|-ability|p1a: Calyrex|Unnerve\n|turn|3\n|\n|t:|1736036743\n|-terastallize|p1a: Calyrex|Water\n|move|p1a: Calyrex|Imprison|p1a: Calyrex\n|-start|p1a: Calyrex|move: Imprison\n|cant|p2a: Calyrex|move: Imprison|High Horsepower\n|move|p2b: Urshifu|Wicked Blow|p1a: Calyrex\n|-crit|p1a: Calyrex\n|-damage|p1a: Calyrex|43\/100\n|move|p1b: Gallade|Sacred Sword|p2a: Calyrex\n|-damage|p2a: Calyrex|31\/100\n|\n|upkeep\n|turn|4\n|\n|t:|1736036765\n|move|p2a: Calyrex|Protect|p2a: Calyrex\n|-singleturn|p2a: Calyrex|Protect\n|move|p1a: Calyrex|Glacial Lance|p2b: Urshifu|[spread] p2b\n|-activate|p2a: Calyrex|move: Protect\n|-damage|p2b: Urshifu|49\/100\n|move|p2b: Urshifu|Wicked Blow|p1a: Calyrex\n|-crit|p1a: Calyrex\n|-damage|p1a: Calyrex|0 fnt\n|faint|p1a: Calyrex\n|move|p1b: Gallade|Sacred Sword|p2b: Urshifu\n|-supereffective|p2b: Urshifu\n|-crit|p2b: Urshifu\n|-damage|p2b: Urshifu|0 fnt\n|faint|p2b: Urshifu\n|\n|upkeep\n|\n|t:|1736036774\n|switch|p1a: Torkoal|Torkoal, L50, F|100\/100\n|switch|p2b: Smeargle|Smeargle, L50, M|100\/100\n|-weather|SunnyDay|[from] ability: Drought|[of] p1a: Torkoal\n|turn|5\n|-message|bobhammer36 forfeited.\n|\n|win|yubanmeiqin\n|raw|bobhammer36's rating: 1584 &rarr; <strong>1563<\/strong><br \/>(-21 for losing)\n|raw|yubanmeiqin's rating: 1558 &rarr; <strong>1579<\/strong><br \/>(+21 for winning)\n|l|\u2606bobhammer36\n|player|p1|\n|l|\u2606yubanmeiqin\n|player|p2|\n","uploadtime":1736037000,"views":35,"formatid":"gen9vgc2025regg","rating":1563,"private":0,"password":null}