{"id":"gen9vgc2025regg-2275127994","format":"[Gen 9] VGC 2025 Reg G","players":["Duryodhan","SeaWolfMikess"],"log":"|j|\u2606Duryodhan\n|j|\u2606SeaWolfMikess\n|t:|1736033220\n|gametype|doubles\n|player|p1|Duryodhan|265|1559\n|player|p2|SeaWolfMikess|hugh|1615\n|teamsize|p1|6\n|teamsize|p2|6\n|gen|9\n|tier|[Gen 9] VGC 2025 Reg G\n|rated|\n|rule|Species Clause: Limit one of each Pok\u00e9mon\n|rule|Item Clause: Limit 1 of each item\n|clearpoke\n|poke|p1|Calyrex-Ice, L50|\n|poke|p1|Indeedee-F, L50, F|\n|poke|p1|Annihilape, L50, M|\n|poke|p1|Torkoal, L50, F|\n|poke|p1|Amoonguss, L50, M|\n|poke|p1|Ursaluna, L50, M|\n|poke|p2|Calyrex-Ice, L50|\n|poke|p2|Urshifu-*, L50, M|\n|poke|p2|Ogerpon-Cornerstone, L50, F|\n|poke|p2|Rillaboom, L50, M|\n|poke|p2|Raging Bolt, L50|\n|poke|p2|Chi-Yu, L50|\n|teampreview|4\n|\n|t:|1736033247\n|start\n|switch|p1a: Calyrex|Calyrex-Ice, L50|100\/100\n|switch|p1b: Indeedee|Indeedee-F, L50, F|100\/100\n|switch|p2a: Chi-Yu|Chi-Yu, L50|100\/100\n|switch|p2b: Raging Bolt|Raging Bolt, L50|100\/100\n|-ability|p1a: Calyrex|As One\n|-ability|p1a: Calyrex|Unnerve\n|-ability|p2a: Chi-Yu|Beads of Ruin\n|-fieldstart|move: Psychic Terrain|[from] ability: Psychic Surge|[of] p1b: Indeedee\n|-enditem|p2b: Raging Bolt|Booster Energy\n|-activate|p2b: Raging Bolt|ability: Protosynthesis|[fromitem]\n|-start|p2b: Raging Bolt|protosynthesisspa\n|turn|1\n|\n|t:|1736033267\n|move|p1b: Indeedee|Follow Me|p1b: Indeedee\n|-singleturn|p1b: Indeedee|move: Follow Me\n|move|p2a: Chi-Yu|Dark Pulse|p1b: Indeedee\n|-supereffective|p1b: Indeedee\n|-damage|p1b: Indeedee|0 fnt\n|faint|p1b: Indeedee\n|move|p2b: Raging Bolt|Draco Meteor|p1a: Calyrex\n|-damage|p1a: Calyrex|6\/100\n|-unboost|p2b: Raging Bolt|spa|2\n|move|p1a: Calyrex|Trick Room|p1a: Calyrex\n|-fieldstart|move: Trick Room|[of] p1a: Calyrex\n|\n|upkeep\n|\n|t:|1736033275\n|switch|p1b: Amoonguss|Amoonguss, L50, M|100\/100\n|turn|2\n|\n|t:|1736033283\n|switch|p2a: Calyrex|Calyrex-Ice, L50|100\/100\n|-ability|p2a: Calyrex|As One\n|-ability|p2a: Calyrex|Unnerve\n|move|p1a: Calyrex|Protect|p1a: Calyrex\n|-singleturn|p1a: Calyrex|Protect\n|move|p2b: Raging Bolt|Protect|p2b: Raging Bolt\n|-singleturn|p2b: Raging Bolt|Protect\n|move|p1b: Amoonguss|Spore|p2a: Calyrex\n|-status|p2a: Calyrex|slp|[from] move: Spore\n|\n|upkeep\n|turn|3\n|\n|t:|1736033300\n|switch|p1a: Torkoal|Torkoal, L50, F|100\/100\n|-weather|SunnyDay|[from] ability: Drought|[of] p1a: Torkoal\n|-terastallize|p2b: Raging Bolt|Electric\n|move|p1b: Amoonguss|Spore|p2b: Raging Bolt\n|-status|p2b: Raging Bolt|slp|[from] move: Spore\n|cant|p2a: Calyrex|slp\n|cant|p2b: Raging Bolt|slp\n|\n|-weather|SunnyDay|[upkeep]\n|upkeep\n|turn|4\n|\n|t:|1736033325\n|switch|p1b: Calyrex|Calyrex-Ice, L50|6\/100\n|-ability|p1b: Calyrex|As One\n|-ability|p1b: Calyrex|Unnerve\n|switch|p2a: Urshifu|Urshifu-Rapid-Strike, L50, M|100\/100\n|cant|p2b: Raging Bolt|slp\n|move|p1a: Torkoal|Eruption|p2b: Raging Bolt|[spread] p2a,p2b\n|-resisted|p2a: Urshifu\n|-damage|p2a: Urshifu|44\/100\n|-damage|p2b: Raging Bolt|38\/100 slp\n|\n|-weather|SunnyDay|[upkeep]\n|upkeep\n|turn|5\n|\n|t:|1736033343\n|switch|p1b: Amoonguss|Amoonguss, L50, M|100\/100\n|move|p2a: Urshifu|Detect|p2a: Urshifu\n|-singleturn|p2a: Urshifu|Protect\n|move|p1a: Torkoal|Eruption|p2a: Urshifu|[spread] p2b\n|-activate|p2a: Urshifu|move: Protect\n|-damage|p2b: Raging Bolt|0 fnt\n|faint|p2b: Raging Bolt\n|-end|p2b: Raging Bolt|Protosynthesis|[silent]\n|\n|-weather|SunnyDay|[upkeep]\n|-fieldend|move: Trick Room\n|-fieldend|move: Psychic Terrain\n|upkeep\n|\n|t:|1736033345\n|switch|p2b: Chi-Yu|Chi-Yu, L50|100\/100\n|-ability|p2b: Chi-Yu|Beads of Ruin\n|turn|6\n|\n|t:|1736033381\n|-terastallize|p1b: Amoonguss|Water\n|move|p2b: Chi-Yu|Heat Wave|p1b: Amoonguss|[spread] p1b\n|-miss|p2b: Chi-Yu|p1a: Torkoal\n|-resisted|p1b: Amoonguss\n|-damage|p1b: Amoonguss|64\/100\n|move|p2a: Urshifu|Close Combat|p1a: Torkoal\n|-damage|p1a: Torkoal|50\/100\n|-unboost|p2a: Urshifu|def|1\n|-unboost|p2a: Urshifu|spd|1\n|move|p1b: Amoonguss|Spore|p2b: Chi-Yu\n|-status|p2b: Chi-Yu|slp|[from] move: Spore\n|move|p1a: Torkoal|Solar Beam||[still]\n|-prepare|p1a: Torkoal|Solar Beam\n|-anim|p1a: Torkoal|Solar Beam|p2a: Urshifu\n|-supereffective|p2a: Urshifu\n|-damage|p2a: Urshifu|0 fnt\n|faint|p2a: Urshifu\n|\n|-weather|SunnyDay|[upkeep]\n|upkeep\n|\n|t:|1736033386\n|switch|p2a: Calyrex|Calyrex-Ice, L50|100\/100 slp\n|-ability|p2a: Calyrex|As One\n|-ability|p2a: Calyrex|Unnerve\n|turn|7\n|\n|t:|1736033412\n|cant|p2b: Chi-Yu|slp\n|cant|p2a: Calyrex|slp\n|move|p1b: Amoonguss|Pollen Puff|p1a: Torkoal\n|-heal|p1a: Torkoal|99\/100\n|move|p1a: Torkoal|Weather Ball|p2a: Calyrex\n|-supereffective|p2a: Calyrex\n|-damage|p2a: Calyrex|0 fnt\n|faint|p2a: Calyrex\n|\n|-weather|none\n|upkeep\n|turn|8\n|-message|SeaWolfMikess forfeited.\n|\n|win|Duryodhan\n|raw|Duryodhan's rating: 1559 &rarr; <strong>1582<\/strong><br \/>(+23 for winning)\n|raw|SeaWolfMikess's rating: 1615 &rarr; <strong>1592<\/strong><br \/>(-23 for losing)\n|l|\u2606SeaWolfMikess\n|player|p2|\n|l|\u2606Duryodhan\n|player|p1|\n","uploadtime":1736033683,"views":284,"formatid":"gen9vgc2025regg","rating":1582,"private":0,"password":null}