{"id":"gen9vgc2025regg-2275942394","format":"[Gen 9] VGC 2025 Reg G","players":["bieiup","SeaWolfMikess"],"log":"|j|\u2606bieiup\n|j|\u2606SeaWolfMikess\n|t:|1736160815\n|gametype|doubles\n|player|p1|bieiup|lillie-z|1565\n|player|p2|SeaWolfMikess|hugh|1674\n|teamsize|p1|6\n|teamsize|p2|6\n|gen|9\n|tier|[Gen 9] VGC 2025 Reg G\n|rated|\n|rule|Species Clause: Limit one of each Pok\u00e9mon\n|rule|Item Clause: Limit 1 of each item\n|clearpoke\n|poke|p1|Gloom, L50, F|\n|poke|p1|Armarouge, L50, M|\n|poke|p1|Indeedee-F, L50, F|\n|poke|p1|Dewgong, L50, F|\n|poke|p1|Ting-Lu, L50|\n|poke|p1|Lunala, L50|\n|poke|p2|Calyrex-Shadow, L50|\n|poke|p2|Incineroar, L50, M|\n|poke|p2|Rillaboom, L50, F|\n|poke|p2|Urshifu-*, L50, M|\n|poke|p2|Raging Bolt, L50|\n|poke|p2|Ogerpon-Hearthflame, L50, F|\n|teampreview|4\n|inactive|Battle timer is ON: inactive players will automatically lose when time's up. (requested by bieiup)\n|\n|t:|1736160837\n|start\n|switch|p1a: Dewgong|Dewgong, L50, F|100\/100\n|switch|p1b: Lunala|Lunala, L50|100\/100\n|switch|p2a: Ogerpon|Ogerpon-Hearthflame, L50, F|100\/100\n|switch|p2b: Urshifu|Urshifu-Rapid-Strike, L50, M|100\/100\n|-ability|p2a: Ogerpon|Mold Breaker\n|turn|1\n|\n|t:|1736160857\n|move|p1a: Dewgong|Fake Out|p2a: Ogerpon\n|-damage|p2a: Ogerpon|94\/100\n|cant|p2a: Ogerpon|flinch\n|move|p2b: Urshifu|Surging Strikes|p1b: Lunala\n|-crit|p1b: Lunala\n|-damage|p1b: Lunala|89\/100\n|-crit|p1b: Lunala\n|-damage|p1b: Lunala|68\/100\n|-crit|p1b: Lunala\n|-damage|p1b: Lunala|48\/100\n|-hitcount|p1b: Lunala|3\n|move|p1b: Lunala|Meteor Beam||[still]\n|-prepare|p1b: Lunala|Meteor Beam\n|-boost|p1b: Lunala|spa|1\n|-enditem|p1b: Lunala|Power Herb\n|-anim|p1b: Lunala|Meteor Beam|p2a: Ogerpon\n|-supereffective|p2a: Ogerpon\n|-damage|p2a: Ogerpon|0 fnt\n|faint|p2a: Ogerpon\n|\n|upkeep\n|\n|t:|1736160873\n|switch|p2a: Calyrex|Calyrex-Shadow, L50|100\/100\n|-ability|p2a: Calyrex|As One\n|-ability|p2a: Calyrex|Unnerve\n|turn|2\n|inactive|bieiup has 30 seconds left.\n|\n|t:|1736160902\n|switch|p1b: Indeedee|Indeedee-F, L50, F|100\/100\n|-fieldstart|move: Psychic Terrain|[from] ability: Psychic Surge|[of] p1b: Indeedee\n|move|p2a: Calyrex|Nasty Plot|p2a: Calyrex\n|-boost|p2a: Calyrex|spa|2\n|move|p2b: Urshifu|Surging Strikes|p1b: Indeedee\n|-crit|p1b: Indeedee\n|-damage|p1b: Indeedee|78\/100\n|-damage|p2b: Urshifu|84\/100|[from] item: Rocky Helmet|[of] p1b: Indeedee\n|-crit|p1b: Indeedee\n|-damage|p1b: Indeedee|57\/100\n|-damage|p2b: Urshifu|67\/100|[from] item: Rocky Helmet|[of] p1b: Indeedee\n|-crit|p1b: Indeedee\n|-damage|p1b: Indeedee|34\/100\n|-damage|p2b: Urshifu|51\/100|[from] item: Rocky Helmet|[of] p1b: Indeedee\n|-hitcount|p1b: Indeedee|3\n|move|p1a: Dewgong|Horn Drill|p2b: Urshifu|[miss]\n|-miss|p1a: Dewgong|p2b: Urshifu\n|\n|upkeep\n|turn|3\n|\n|t:|1736160918\n|switch|p1a: Lunala|Lunala, L50|48\/100\n|move|p2a: Calyrex|Astral Barrage|p1b: Indeedee|[spread] p1a\n|-immune|p1b: Indeedee\n|-supereffective|p1a: Lunala\n|-damage|p1a: Lunala|0 fnt\n|faint|p1a: Lunala\n|-ability|p2a: Calyrex|Grim Neigh|boost\n|-boost|p2a: Calyrex|spa|1\n|-damage|p2a: Calyrex|91\/100|[from] item: Life Orb\n|move|p2b: Urshifu|Surging Strikes|p1b: Indeedee\n|-crit|p1b: Indeedee\n|-damage|p1b: Indeedee|10\/100\n|-damage|p2b: Urshifu|34\/100|[from] item: Rocky Helmet|[of] p1b: Indeedee\n|-crit|p1b: Indeedee\n|-damage|p1b: Indeedee|0 fnt\n|-damage|p2b: Urshifu|18\/100|[from] item: Rocky Helmet|[of] p1b: Indeedee\n|faint|p1b: Indeedee\n|-hitcount|p1: Indeedee|2\n|\n|upkeep\n|\n|t:|1736160920\n|switch|p1a: Dewgong|Dewgong, L50, F|100\/100\n|switch|p1b: Armarouge|Armarouge, L50, M|100\/100\n|turn|4\n|\n|t:|1736160927\n|switch|p2b: Rillaboom|Rillaboom, L50, F|100\/100\n|-fieldstart|move: Grassy Terrain|[from] ability: Grassy Surge|[of] p2b: Rillaboom\n|-terastallize|p1b: Armarouge|Fire\n|move|p2a: Calyrex|Protect|p2a: Calyrex\n|-singleturn|p2a: Calyrex|Protect\n|move|p1a: Dewgong|Aqua Jet|p1b: Armarouge\n|-supereffective|p1b: Armarouge\n|-damage|p1b: Armarouge|81\/100\n|-ability|p1b: Armarouge|Weak Armor|boost\n|-unboost|p1b: Armarouge|def|1\n|-boost|p1b: Armarouge|spe|2\n|-enditem|p1b: Armarouge|Weakness Policy\n|-boost|p1b: Armarouge|atk|2|[from] item: Weakness Policy\n|-boost|p1b: Armarouge|spa|2|[from] item: Weakness Policy\n|move|p1b: Armarouge|Heat Wave|p2a: Calyrex|[spread] p2b\n|-activate|p2a: Calyrex|move: Protect\n|-supereffective|p2b: Rillaboom\n|-damage|p2b: Rillaboom|0 fnt\n|faint|p2b: Rillaboom\n|\n|-heal|p1b: Armarouge|87\/100|[from] Grassy Terrain\n|-heal|p2a: Calyrex|97\/100|[from] Grassy Terrain\n|upkeep\n|\n|t:|1736160929\n|switch|p2b: Urshifu|Urshifu-Rapid-Strike, L50, M|18\/100\n|turn|5\n|\n|t:|1736160937\n|-terastallize|p2b: Urshifu|Stellar\n|move|p2b: Urshifu|Aqua Jet|p1b: Armarouge\n|-supereffective|p1b: Armarouge\n|-damage|p1b: Armarouge|0 fnt\n|faint|p1b: Armarouge\n|move|p2a: Calyrex|Astral Barrage|p1a: Dewgong\n|-damage|p1a: Dewgong|0 fnt\n|faint|p1a: Dewgong\n|-damage|p2a: Calyrex|87\/100|[from] item: Life Orb\n|\n|win|SeaWolfMikess\n|raw|bieiup's rating: 1565 &rarr; <strong>1551<\/strong><br \/>(-14 for losing)\n|raw|SeaWolfMikess's rating: 1674 &rarr; <strong>1688<\/strong><br \/>(+14 for winning)\n|l|\u2606bieiup\n|player|p1|\n|j|\u2606bieiup\n|player|p1|bieiup|lillie-z|\n|l|\u2606SeaWolfMikess\n|player|p2|\n|l|\u2606bieiup\n|player|p1|\n","uploadtime":1736161104,"views":298,"formatid":"gen9vgc2025regg","rating":1551,"private":0,"password":null}