{"id":"gen9vgc2025regg-2275217155","format":"[Gen 9] VGC 2025 Reg G","players":["Duryodhan","roykeenkennedy"],"log":"|j|\u2606Duryodhan\n|j|\u2606roykeenkennedy\n|t:|1736045206\n|gametype|doubles\n|player|p1|Duryodhan|265|1601\n|player|p2|roykeenkennedy|alder|1565\n|teamsize|p1|6\n|teamsize|p2|6\n|gen|9\n|tier|[Gen 9] VGC 2025 Reg G\n|rated|\n|rule|Species Clause: Limit one of each Pok\u00e9mon\n|rule|Item Clause: Limit 1 of each item\n|clearpoke\n|poke|p1|Calyrex-Ice, L50|\n|poke|p1|Indeedee-F, L50, F|\n|poke|p1|Annihilape, L50, M|\n|poke|p1|Torkoal, L50, M|\n|poke|p1|Amoonguss, L50, M|\n|poke|p1|Ursaluna, L50, F|\n|poke|p2|Amoonguss, L50, M|\n|poke|p2|Calyrex-Ice, L50|\n|poke|p2|Annihilape, L50, F|\n|poke|p2|Farigiraf, L50, F|\n|poke|p2|Incineroar, L50, F|\n|poke|p2|Mimikyu, L50, M|\n|teampreview|4\n|inactive|Battle timer is ON: inactive players will automatically lose when time's up. (requested by Duryodhan)\n|\n|t:|1736045227\n|start\n|switch|p1a: Calyrex|Calyrex-Ice, L50|100\/100\n|switch|p1b: Annihilape|Annihilape, L50, M|100\/100\n|switch|p2a: Farigiraf|Farigiraf, L50, F|100\/100\n|switch|p2b: Amoonguss|Amoonguss, L50, M|100\/100\n|-ability|p1a: Calyrex|As One\n|-ability|p1a: Calyrex|Unnerve\n|turn|1\n|\n|t:|1736045249\n|switch|p1a: Torkoal|Torkoal, L50, M|100\/100\n|-weather|SunnyDay|[from] ability: Drought|[of] p1a: Torkoal\n|-terastallize|p2b: Amoonguss|Water\n|move|p1b: Annihilape|Taunt|p2b: Amoonguss\n|-start|p2b: Amoonguss|move: Taunt\n|move|p2a: Farigiraf|Imprison|p2a: Farigiraf\n|-start|p2a: Farigiraf|move: Imprison\n|cant|p2b: Amoonguss|move: Taunt|Spore\n|\n|-weather|SunnyDay|[upkeep]\n|upkeep\n|turn|2\n|\n|t:|1736045274\n|switch|p1b: Ursaluna|Ursaluna, L50, F|100\/100\n|move|p2a: Farigiraf|Hyper Voice|p1a: Torkoal|[spread] p1a,p1b\n|-damage|p1a: Torkoal|75\/100\n|-damage|p1b: Ursaluna|78\/100\n|-enditem|p2a: Farigiraf|Throat Spray\n|-boost|p2a: Farigiraf|spa|1|[from] item: Throat Spray\n|move|p2b: Amoonguss|Clear Smog|p1a: Torkoal\n|-damage|p1a: Torkoal|62\/100\n|-clearboost|p1a: Torkoal\n|move|p1a: Torkoal|Eruption|p2a: Farigiraf|[spread] p2a,p2b\n|-resisted|p2b: Amoonguss\n|-damage|p2a: Farigiraf|61\/100\n|-damage|p2b: Amoonguss|81\/100\n|\n|-weather|SunnyDay|[upkeep]\n|-status|p1b: Ursaluna|brn|[from] item: Flame Orb\n|upkeep\n|turn|3\n|inactive|Duryodhan has 30 seconds left.\n|inactive|Duryodhan has 20 seconds left.\n|\n|t:|1736045310\n|switch|p2b: Annihilape|Annihilape, L50, F|100\/100\n|move|p2a: Farigiraf|Hyper Voice|p1b: Ursaluna|[spread] p1a,p1b\n|-damage|p1a: Torkoal|21\/100\n|-damage|p1b: Ursaluna|38\/100 brn\n|move|p1b: Ursaluna|Facade|p2a: Farigiraf\n|-damage|p2a: Farigiraf|0 fnt\n|faint|p2a: Farigiraf\n|move|p1a: Torkoal|Solar Beam||[still]\n|-prepare|p1a: Torkoal|Solar Beam\n|-anim|p1a: Torkoal|Solar Beam|p2b: Annihilape\n|-damage|p2b: Annihilape|70\/100\n|\n|-weather|SunnyDay|[upkeep]\n|-damage|p1b: Ursaluna|32\/100 brn|[from] brn\n|upkeep\n|\n|t:|1736045327\n|switch|p2a: Calyrex|Calyrex-Ice, L50|100\/100\n|-ability|p2a: Calyrex|As One\n|-ability|p2a: Calyrex|Unnerve\n|turn|4\n|\n|t:|1736045350\n|move|p1b: Ursaluna|Protect|p1b: Ursaluna\n|-singleturn|p1b: Ursaluna|Protect\n|move|p2b: Annihilape|Coaching|p2a: Calyrex\n|-boost|p2a: Calyrex|atk|1\n|-boost|p2a: Calyrex|def|1\n|move|p2a: Calyrex|Glacial Lance|p1b: Ursaluna|[spread] p1a\n|-activate|p1b: Ursaluna|move: Protect\n|-resisted|p1a: Torkoal\n|-damage|p1a: Torkoal|0 fnt\n|faint|p1a: Torkoal\n|-ability|p2a: Calyrex|Chilling Neigh|boost\n|-boost|p2a: Calyrex|atk|1\n|\n|-weather|SunnyDay|[upkeep]\n|-damage|p1b: Ursaluna|25\/100 brn|[from] brn\n|upkeep\n|\n|t:|1736045357\n|switch|p1a: Annihilape|Annihilape, L50, M|100\/100\n|turn|5\n|\n|t:|1736045369\n|switch|p2b: Amoonguss|Amoonguss, L50, M, tera:Water|100\/100\n|switch|p1b: Calyrex|Calyrex-Ice, L50|100\/100\n|-ability|p1b: Calyrex|As One\n|-ability|p1b: Calyrex|Unnerve\n|move|p2a: Calyrex|Protect|p2a: Calyrex\n|-singleturn|p2a: Calyrex|Protect\n|move|p1a: Annihilape|Final Gambit|p2a: Calyrex\n|-activate|p2a: Calyrex|move: Protect\n|\n|-weather|none\n|upkeep\n|turn|6\n|\n|t:|1736045392\n|move|p2b: Amoonguss|Rage Powder|p2b: Amoonguss\n|-singleturn|p2b: Amoonguss|move: Rage Powder\n|move|p1a: Annihilape|Final Gambit|p2b: Amoonguss\n|-damage|p2b: Amoonguss|0 fnt\n|faint|p1a: Annihilape\n|faint|p2b: Amoonguss\n|move|p2a: Calyrex|Glacial Lance|p1b: Calyrex\n|-resisted|p1b: Calyrex\n|-damage|p1b: Calyrex|48\/100\n|move|p1b: Calyrex|Glacial Lance|p2a: Calyrex\n|-resisted|p2a: Calyrex\n|-damage|p2a: Calyrex|86\/100\n|\n|upkeep\n|\n|t:|1736045405\n|switch|p1a: Ursaluna|Ursaluna, L50, F|25\/100 brn\n|switch|p2b: Annihilape|Annihilape, L50, F|70\/100\n|turn|7\n|\n|t:|1736045423\n|move|p1a: Ursaluna|Protect|p1a: Ursaluna\n|-singleturn|p1a: Ursaluna|Protect\n|move|p2b: Annihilape|Coaching|p2a: Calyrex\n|-boost|p2a: Calyrex|atk|1\n|-boost|p2a: Calyrex|def|1\n|move|p2a: Calyrex|Glacial Lance|p1a: Ursaluna|[spread] p1b\n|-activate|p1a: Ursaluna|move: Protect\n|-resisted|p1b: Calyrex\n|-damage|p1b: Calyrex|2\/100\n|move|p1b: Calyrex|Trick Room|p1b: Calyrex\n|-fieldstart|move: Trick Room|[of] p1b: Calyrex\n|\n|-damage|p1a: Ursaluna|19\/100 brn|[from] brn\n|upkeep\n|turn|8\n|j| Frankieblueeyes\n|-message|Duryodhan forfeited.\n|\n|win|roykeenkennedy\n|raw|Duryodhan's rating: 1601 &rarr; <strong>1579<\/strong><br \/>(-22 for losing)\n|raw|roykeenkennedy's rating: 1565 &rarr; <strong>1587<\/strong><br \/>(+22 for winning)\n|l|\u2606Duryodhan\n|player|p1|\n|l|\u2606roykeenkennedy\n|player|p2|\n","uploadtime":1736045618,"views":16,"formatid":"gen9vgc2025regg","rating":1579,"private":0,"password":null}