{"id":"gen9vgc2025regg-2275010331","format":"[Gen 9] VGC 2025 Reg G","players":["fightingiowa233","Imnotagni"],"log":"|j|\u2606fightingiowa233\n|j|\u2606Imnotagni\n|t:|1736018466\n|gametype|doubles\n|player|p1|fightingiowa233|sabrina-frlg|1563\n|player|p2|Imnotagni|policeman-gen4|1661\n|teamsize|p1|6\n|teamsize|p2|6\n|gen|9\n|tier|[Gen 9] VGC 2025 Reg G\n|rated|\n|rule|Species Clause: Limit one of each Pok\u00e9mon\n|rule|Item Clause: Limit 1 of each item\n|clearpoke\n|poke|p1|Groudon, L50|\n|poke|p1|Chi-Yu, L50|\n|poke|p1|Raging Bolt, L50|\n|poke|p1|Ogerpon-Cornerstone, L50, F|\n|poke|p1|Flutter Mane, L50|\n|poke|p1|Wyrdeer, L50, F|\n|poke|p2|Kyogre, L50|\n|poke|p2|Tornadus, L50, M|\n|poke|p2|Tsareena, L50, F|\n|poke|p2|Regieleki, L50|\n|poke|p2|Landorus, L50, M|\n|poke|p2|Urshifu-*, L50, M|\n|teampreview|4\n|inactive|Battle timer is ON: inactive players will automatically lose when time's up. (requested by Imnotagni)\nfightingiowa233 has agreed to open team sheets.\n|inactive|fightingiowa233 has 60 seconds left.\n|\n|t:|1736018501\n|start\n|switch|p1a: Ogerpon|Ogerpon-Cornerstone, L50, F|100\/100\n|switch|p1b: Flutter Mane|Flutter Mane, L50|100\/100\n|switch|p2a: Tornadus|Tornadus, L50, M|100\/100\n|switch|p2b: Landorus|Landorus, L50, M|100\/100\n|turn|1\n|inactive|Imnotagni has 30 seconds left.\n|inactive|Imnotagni has 20 seconds left.\n|inactive|Imnotagni has 15 seconds left.\n|inactive|Imnotagni has 10 seconds left.\n|inactive|fightingiowa233 has 30 seconds left.\n|\n|t:|1736018552\n|move|p2a: Tornadus|Tailwind|p2a: Tornadus\n|-sidestart|p2: Imnotagni|move: Tailwind\n|move|p2b: Landorus|Sandsear Storm|p1a: Ogerpon|[spread] p1a,p1b\n|-damage|p1a: Ogerpon|35\/100\n|-damage|p1b: Flutter Mane|45\/100\n|move|p1a: Ogerpon|Ivy Cudgel|p2b: Landorus|[anim] Ivy Cudgel Rock\n|-damage|p2b: Landorus|30\/100\n|move|p1b: Flutter Mane|Icy Wind|p2a: Tornadus|[spread] p2a,p2b\n|-supereffective|p2a: Tornadus\n|-supereffective|p2b: Landorus\n|-damage|p2a: Tornadus|66\/100\n|-damage|p2b: Landorus|0 fnt\n|faint|p2b: Landorus\n|\n|upkeep\n|\n|t:|1736018559\n|switch|p2b: Kyogre|Kyogre, L50, shiny|100\/100\n|-weather|RainDance|[from] ability: Drizzle|[of] p2b: Kyogre\n|turn|2\n|\n|t:|1736018568\n|move|p1a: Ogerpon|Spiky Shield|p1a: Ogerpon\n|-singleturn|p1a: Ogerpon|move: Protect\n|move|p2a: Tornadus|Rain Dance||[still]\n|-fail|p2a: Tornadus\n|move|p2b: Kyogre|Water Spout|p1b: Flutter Mane|[spread] p1b\n|-activate|p1a: Ogerpon|move: Protect\n|-damage|p1b: Flutter Mane|0 fnt\n|faint|p1b: Flutter Mane\n|-end|p1b: Flutter Mane|Protosynthesis|[silent]\n|\n|-weather|RainDance|[upkeep]\n|upkeep\n|\n|t:|1736018574\n|switch|p1b: Raging Neck|Raging Bolt, L50|100\/100\n|turn|3\n|\n|t:|1736018596\n|switch|p2b: Tsareena|Tsareena, L50, F, shiny|100\/100\n|switch|p1a: Groudon|Groudon, L50|100\/100\n|-weather|SunnyDay|[from] ability: Drought|[of] p1a: Groudon\n|-activate|p1b: Raging Neck|ability: Protosynthesis\n|-start|p1b: Raging Neck|protosynthesisspa\n|-terastallize|p1b: Raging Neck|Electric\n|move|p1b: Raging Neck|Thunderclap||[still]\n|cant|p2b: Tsareena|ability: Queenly Majesty|Thunderclap|[of] p1b: Raging Neck\n|move|p2a: Tornadus|Bleakwind Storm|p1a: Groudon|[spread] p1b\n|-miss|p2a: Tornadus|p1a: Groudon\n|-resisted|p1b: Raging Neck\n|-damage|p1b: Raging Neck|91\/100\n|-unboost|p1b: Raging Neck|spe|1\n|\n|-weather|SunnyDay|[upkeep]\n|upkeep\n|turn|4\n|\n|t:|1736018620\n|switch|p1a: Ogerpon|Ogerpon-Cornerstone, L50, F|35\/100\n|move|p2a: Tornadus|Rain Dance|p2a: Tornadus\n|-weather|RainDance\n|-end|p1b: Raging Neck|Protosynthesis\n|move|p2b: Tsareena|Power Whip|p1a: Ogerpon\n|-damage|p1a: Ogerpon|0 fnt\n|faint|p1a: Ogerpon\n|move|p1b: Raging Neck|Dragon Pulse|p2b: Tsareena\n|-damage|p2b: Tsareena|40\/100\n|\n|-weather|RainDance|[upkeep]\n|-sideend|p2: Imnotagni|move: Tailwind\n|upkeep\n|\n|t:|1736018631\n|switch|p1a: Groudon|Groudon, L50|100\/100\n|-weather|SunnyDay|[from] ability: Drought|[of] p1a: Groudon\n|-activate|p1b: Raging Neck|ability: Protosynthesis\n|-start|p1b: Raging Neck|protosynthesisspa\n|turn|5\n|\n|t:|1736018656\n|switch|p2b: Kyogre|Kyogre, L50, shiny|100\/100\n|-weather|RainDance|[from] ability: Drizzle|[of] p2b: Kyogre\n|-end|p1b: Raging Neck|Protosynthesis\n|move|p1a: Groudon|Protect|p1a: Groudon\n|-singleturn|p1a: Groudon|Protect\n|move|p2a: Tornadus|Bleakwind Storm|p1b: Raging Neck|[spread] p1b\n|-activate|p1a: Groudon|move: Protect\n|-resisted|p1b: Raging Neck\n|-damage|p1b: Raging Neck|81\/100\n|-unboost|p1b: Raging Neck|spe|1\n|move|p1b: Raging Neck|Dragon Pulse|p2b: Kyogre\n|-damage|p2b: Kyogre|58\/100\n|\n|-weather|RainDance|[upkeep]\n|upkeep\n|turn|6\n|\n|t:|1736018680\n|switch|p2a: Tsareena|Tsareena, L50, F, shiny|40\/100\n|-terastallize|p2b: Kyogre|Water\n|move|p2b: Kyogre|Water Spout|p1a: Groudon|[spread] p1a,p1b\n|-supereffective|p1a: Groudon\n|-damage|p1a: Groudon|0 fnt\n|-damage|p1b: Raging Neck|35\/100\n|faint|p1a: Groudon\n|move|p1b: Raging Neck|Thunderbolt|p2b: Kyogre\n|-supereffective|p2b: Kyogre\n|-damage|p2b: Kyogre|0 fnt\n|faint|p2b: Kyogre\n|\n|-weather|RainDance|[upkeep]\n|upkeep\n|\n|t:|1736018682\n|switch|p2b: Tornadus|Tornadus, L50, M|66\/100\n|turn|7\n|\n|t:|1736018691\n|move|p2b: Tornadus|Bleakwind Storm|p1b: Raging Neck\n|-resisted|p1b: Raging Neck\n|-damage|p1b: Raging Neck|23\/100\n|-unboost|p1b: Raging Neck|spe|1\n|move|p2a: Tsareena|Power Whip|p1b: Raging Neck\n|-crit|p1b: Raging Neck\n|-damage|p1b: Raging Neck|0 fnt\n|faint|p1b: Raging Neck\n|-end|p1b: Raging Neck|Protosynthesis|[silent]\n|\n|win|Imnotagni\n|raw|fightingiowa233's rating: 1563 &rarr; <strong>1548<\/strong><br \/>(-15 for losing)\n|raw|Imnotagni's rating: 1661 &rarr; <strong>1676<\/strong><br \/>(+15 for winning)\n|c|\u2606Imnotagni|gg\n|c|\u2606fightingiowa233|gg\n|l|\u2606fightingiowa233\n|player|p1|\n|l|\u2606Imnotagni\n|player|p2|\n","uploadtime":1736018919,"views":7,"formatid":"gen9vgc2025regg","rating":1548,"private":0,"password":null}