{"id":"gen9vgc2025regg-2275004444","format":"[Gen 9] VGC 2025 Reg G","players":["Elnabo","Chazzitup4200"],"log":"|j|\u2606Elnabo\n|j|\u2606Chazzitup4200\n|t:|1736017726\n|gametype|doubles\n|player|p1|Elnabo|266|1569\n|player|p2|Chazzitup4200|iris-gen5bw2|1625\n|teamsize|p1|6\n|teamsize|p2|6\n|gen|9\n|tier|[Gen 9] VGC 2025 Reg G\n|rated|\n|rule|Species Clause: Limit one of each Pok\u00e9mon\n|rule|Item Clause: Limit 1 of each item\n|clearpoke\n|poke|p1|Incineroar, L50, M|\n|poke|p1|Rillaboom, L50, F|\n|poke|p1|Calyrex-Ice, L50|\n|poke|p1|Urshifu-*, L50, M|\n|poke|p1|Pelipper, L50, F|\n|poke|p1|Raging Bolt, L50|\n|poke|p2|Eternatus, L50|\n|poke|p2|Chi-Yu, L50|\n|poke|p2|Tornadus, L50, M|\n|poke|p2|Flutter Mane, L50|\n|poke|p2|Urshifu-*, L50, F|\n|poke|p2|Rillaboom, L50, M|\n|teampreview|4\n|inactive|Battle timer is ON: inactive players will automatically lose when time's up. (requested by Elnabo)\n|inactive|Elnabo has 60 seconds left.\n|inactive|Elnabo has 30 seconds left.\n|\n|t:|1736017796\n|start\n|switch|p1a: Pelipper|Pelipper, L50, F|100\/100\n|switch|p1b: Urshifu|Urshifu-Rapid-Strike, L50, M|100\/100\n|switch|p2a: Eternatus|Eternatus, L50|100\/100\n|switch|p2b: Rillaboom|Rillaboom, L50, M|100\/100\n|-ability|p2a: Eternatus|Pressure\n|-weather|RainDance|[from] ability: Drizzle|[of] p1a: Pelipper\n|-fieldstart|move: Grassy Terrain|[from] ability: Grassy Surge|[of] p2b: Rillaboom\n|turn|1\n|inactive|Elnabo has 30 seconds left.\n|\n|t:|1736017827\n|switch|p1b: Incineroar|Incineroar, L50, M|100\/100\n|-ability|p1b: Incineroar|Intimidate|boost\n|-unboost|p2a: Eternatus|atk|1\n|-unboost|p2b: Rillaboom|atk|1\n|move|p1a: Pelipper|Protect|p1a: Pelipper\n|-singleturn|p1a: Pelipper|Protect\n|move|p2a: Eternatus|Meteor Beam||[still]\n|-prepare|p2a: Eternatus|Meteor Beam\n|-boost|p2a: Eternatus|spa|1\n|-enditem|p2a: Eternatus|Power Herb\n|-anim|p2a: Eternatus|Meteor Beam|p1a: Pelipper\n|-activate|p1a: Pelipper|move: Protect\n|move|p2b: Rillaboom|Wood Hammer|p1b: Incineroar\n|-resisted|p1b: Incineroar\n|-damage|p1b: Incineroar|75\/100\n|-damage|p2b: Rillaboom|92\/100|[from] Recoil\n|\n|-weather|RainDance|[upkeep]\n|-heal|p2b: Rillaboom|98\/100|[from] Grassy Terrain\n|-heal|p1b: Incineroar|81\/100|[from] Grassy Terrain\n|upkeep\n|turn|2\n|inactive|Elnabo has 30 seconds left.\n|inactive|Chazzitup4200 has 30 seconds left.\n|inactive|Elnabo has 20 seconds left.\n|\n|t:|1736017864\n|switch|p2b: Chi-Yu|Chi-Yu, L50|100\/100\n|-ability|p2b: Chi-Yu|Beads of Ruin\n|move|p1b: Incineroar|Fake Out|p2a: Eternatus\n|-damage|p2a: Eternatus|91\/100\n|cant|p2a: Eternatus|flinch\n|move|p1a: Pelipper|Hurricane|p2b: Chi-Yu\n|-damage|p2b: Chi-Yu|47\/100\n|\n|-weather|RainDance|[upkeep]\n|-heal|p2a: Eternatus|97\/100|[from] Grassy Terrain\n|-heal|p2b: Chi-Yu|54\/100|[from] Grassy Terrain\n|-heal|p1b: Incineroar|87\/100|[from] Grassy Terrain\n|upkeep\n|turn|3\n|inactive|Elnabo has 30 seconds left.\n|\n|t:|1736017895\n|move|p1a: Pelipper|Protect|p1a: Pelipper\n|-singleturn|p1a: Pelipper|Protect\n|move|p2a: Eternatus|Dynamax Cannon|p1b: Incineroar\n|-damage|p1b: Incineroar|0 fnt\n|faint|p1b: Incineroar\n|move|p2b: Chi-Yu|Dark Pulse|p1a: Pelipper\n|-activate|p1a: Pelipper|move: Protect\n|\n|-weather|RainDance|[upkeep]\n|-heal|p2a: Eternatus|100\/100|[from] Grassy Terrain\n|-heal|p2b: Chi-Yu|60\/100|[from] Grassy Terrain\n|upkeep\n|\n|t:|1736017907\n|switch|p1b: Urshifu|Urshifu-Rapid-Strike, L50, M|100\/100\n|turn|4\n|\n|t:|1736017926\n|switch|p2b: Rillaboom|Rillaboom, L50, M|98\/100\n|move|p1b: Urshifu|Surging Strikes|p2b: Rillaboom\n|-resisted|p2b: Rillaboom\n|-crit|p2b: Rillaboom\n|-damage|p2b: Rillaboom|84\/100\n|-resisted|p2b: Rillaboom\n|-crit|p2b: Rillaboom\n|-damage|p2b: Rillaboom|69\/100\n|-resisted|p2b: Rillaboom\n|-crit|p2b: Rillaboom\n|-damage|p2b: Rillaboom|54\/100\n|-hitcount|p2b: Rillaboom|3\n|move|p2a: Eternatus|Dynamax Cannon|p1b: Urshifu\n|-damage|p1b: Urshifu|0 fnt\n|faint|p1b: Urshifu\n|move|p1a: Pelipper|Hurricane|p2a: Eternatus\n|-damage|p2a: Eternatus|57\/100\n|\n|-weather|RainDance|[upkeep]\n|-heal|p2a: Eternatus|64\/100|[from] Grassy Terrain\n|-heal|p2b: Rillaboom|60\/100|[from] Grassy Terrain\n|upkeep\n|\n|t:|1736017945\n|switch|p1b: Calyrex|Calyrex-Ice, L50|100\/100\n|-ability|p1b: Calyrex|As One\n|-ability|p1b: Calyrex|Unnerve\n|turn|5\n|\n|t:|1736017967\n|move|p2b: Rillaboom|Fake Out|p1b: Calyrex\n|-damage|p1b: Calyrex|91\/100\n|move|p2a: Eternatus|Dynamax Cannon|p1a: Pelipper\n|-enditem|p1a: Pelipper|Focus Sash\n|-damage|p1a: Pelipper|1\/100\n|move|p1a: Pelipper|Hurricane|p2b: Rillaboom\n|-supereffective|p2b: Rillaboom\n|-damage|p2b: Rillaboom|0 fnt\n|faint|p2b: Rillaboom\n|cant|p1b: Calyrex|flinch\n|\n|-weather|none\n|-heal|p2a: Eternatus|70\/100|[from] Grassy Terrain\n|-heal|p1b: Calyrex|97\/100|[from] Grassy Terrain\n|-fieldend|move: Grassy Terrain\n|upkeep\n|inactive|Chazzitup4200 has 30 seconds left.\n|\n|t:|1736017999\n|switch|p2b: Chi-Yu|Chi-Yu, L50|60\/100\n|-ability|p2b: Chi-Yu|Beads of Ruin\n|turn|6\n|\n|t:|1736018022\n|-terastallize|p2a: Eternatus|Steel\n|-terastallize|p1b: Calyrex|Water\n|move|p1a: Pelipper|Protect|p1a: Pelipper\n|-singleturn|p1a: Pelipper|Protect\n|move|p2a: Eternatus|Dynamax Cannon|p1b: Calyrex\n|-damage|p1b: Calyrex|35\/100\n|move|p2b: Chi-Yu|Heat Wave|p1a: Pelipper|[spread] p1b\n|-activate|p1a: Pelipper|move: Protect\n|-resisted|p1b: Calyrex\n|-damage|p1b: Calyrex|13\/100\n|move|p1b: Calyrex|Trick Room|p1b: Calyrex\n|-fieldstart|move: Trick Room|[of] p1b: Calyrex\n|\n|upkeep\n|turn|7\n|inactive|Elnabo has 30 seconds left.\n|inactive|Chazzitup4200 has 30 seconds left.\n|inactive|Elnabo has 20 seconds left.\n|\n|t:|1736018057\n|move|p1b: Calyrex|High Horsepower|p2a: Eternatus\n|-supereffective|p2a: Eternatus\n|-crit|p2a: Eternatus\n|-damage|p2a: Eternatus|0 fnt\n|faint|p2a: Eternatus\n|-ability|p1b: Calyrex|Chilling Neigh|boost\n|-boost|p1b: Calyrex|atk|1\n|move|p1a: Pelipper|Hurricane|p2b: Chi-Yu\n|-damage|p2b: Chi-Yu|7\/100\n|move|p2b: Chi-Yu|Heat Wave|p1a: Pelipper|[spread] p1a,p1b\n|-resisted|p1a: Pelipper\n|-resisted|p1b: Calyrex\n|-damage|p1a: Pelipper|0 fnt\n|-damage|p1b: Calyrex|0 fnt\n|faint|p1a: Pelipper\n|faint|p1b: Calyrex\n|\n|win|Chazzitup4200\n|raw|Elnabo's rating: 1569 &rarr; <strong>1552<\/strong><br \/>(-17 for losing)\n|raw|Chazzitup4200's rating: 1625 &rarr; <strong>1642<\/strong><br \/>(+17 for winning)\n|c|\u2606Chazzitup4200|Gg\n|l|\u2606Elnabo\n|player|p1|\n|c|\u2606Chazzitup4200|Wp!!\n|l|\u2606Chazzitup4200\n|player|p2|\n","uploadtime":1736018224,"views":291,"formatid":"gen9vgc2025regg","rating":1552,"private":0,"password":null}