{"id":"gen9vgc2025regg-2275086059","format":"[Gen 9] VGC 2025 Reg G","players":["Imnotagni","TailwindMakeItRain"],"log":"|j|\u2606Imnotagni\n|j|\u2606TailwindMakeItRain\n|t:|1736027884\n|gametype|doubles\n|player|p1|Imnotagni|policeman-gen4|1562\n|player|p2|TailwindMakeItRain|iris|1624\n|teamsize|p1|6\n|teamsize|p2|6\n|gen|9\n|tier|[Gen 9] VGC 2025 Reg G\n|rated|\n|rule|Species Clause: Limit one of each Pok\u00e9mon\n|rule|Item Clause: Limit 1 of each item\n|clearpoke\n|poke|p1|Kyogre, L50|\n|poke|p1|Tornadus, L50, M|\n|poke|p1|Tsareena, L50, F|\n|poke|p1|Regieleki, L50|\n|poke|p1|Landorus, L50, M|\n|poke|p1|Urshifu-*, L50, M|\n|poke|p2|Calyrex-Shadow, L50|\n|poke|p2|Ogerpon-Wellspring, L50, F|\n|poke|p2|Incineroar, L50, F|\n|poke|p2|Rillaboom, L50, M|\n|poke|p2|Urshifu-*, L50, M|\n|poke|p2|Raging Bolt, L50|\n|teampreview|4\n|inactive|Battle timer is ON: inactive players will automatically lose when time's up. (requested by Imnotagni)\n|inactive|TailwindMakeItRain has 60 seconds left.\n|\n|t:|1736027944\n|start\n|switch|p1a: Tornadus|Tornadus, L50, M|100\/100\n|switch|p1b: Regieleki|Regieleki, L50|100\/100\n|switch|p2a: Blueberry|Ogerpon-Wellspring, L50, F|100\/100\n|switch|p2b: Spinach|Rillaboom, L50, M|100\/100\n|-fieldstart|move: Grassy Terrain|[from] ability: Grassy Surge|[of] p2b: Spinach\n|turn|1\n|\n|t:|1736027960\n|move|p1b: Regieleki|Protect|p1b: Regieleki\n|-singleturn|p1b: Regieleki|Protect\n|move|p2a: Blueberry|Spiky Shield|p2a: Blueberry\n|-singleturn|p2a: Blueberry|move: Protect\n|move|p1a: Tornadus|Bleakwind Storm|p2a: Blueberry|[spread] p2b\n|-activate|p2a: Blueberry|move: Protect\n|-supereffective|p2b: Spinach\n|-damage|p2b: Spinach|57\/100\n|move|p2b: Spinach|U-turn|p1b: Regieleki\n|-activate|p1b: Regieleki|move: Protect\n|\n|-heal|p2b: Spinach|63\/100|[from] Grassy Terrain\n|upkeep\n|turn|2\n|\n|t:|1736027976\n|switch|p2a: Haystack|Raging Bolt, L50|100\/100\n|move|p1b: Regieleki|Electroweb|p2b: Spinach|[spread] p2a,p2b\n|-resisted|p2a: Haystack\n|-resisted|p2b: Spinach\n|-damage|p2a: Haystack|95\/100\n|-damage|p2b: Spinach|55\/100\n|-unboost|p2a: Haystack|spe|1\n|-unboost|p2b: Spinach|spe|1\n|move|p1a: Tornadus|Bleakwind Storm|p2a: Haystack|[spread] p2a\n|-miss|p1a: Tornadus|p2b: Spinach\n|-resisted|p2a: Haystack\n|-damage|p2a: Haystack|77\/100\n|move|p2b: Spinach|U-turn|p1b: Regieleki\n|-damage|p1b: Regieleki|51\/100\n|\n|t:|1736027984\n|switch|p2b: Horse|Calyrex-Shadow, L50|100\/100|[from] U-turn\n|-ability|p2b: Horse|As One\n|-ability|p2b: Horse|Unnerve\n|\n|-heal|p1b: Regieleki|57\/100|[from] Grassy Terrain\n|-heal|p2a: Haystack|83\/100|[from] Grassy Terrain\n|upkeep\n|turn|3\n|\n|t:|1736027996\n|move|p2b: Horse|Protect|p2b: Horse\n|-singleturn|p2b: Horse|Protect\n|move|p1a: Tornadus|Tailwind|p1a: Tornadus\n|-sidestart|p1: Imnotagni|move: Tailwind\n|move|p1b: Regieleki|Electroweb|p2a: Haystack|[spread] p2a\n|-activate|p2b: Horse|move: Protect\n|-resisted|p2a: Haystack\n|-damage|p2a: Haystack|78\/100\n|-unboost|p2a: Haystack|spe|1\n|move|p2a: Haystack|Thunderbolt|p1b: Regieleki\n|-resisted|p1b: Regieleki\n|-damage|p1b: Regieleki|0 fnt\n|faint|p1b: Regieleki\n|-damage|p2a: Haystack|68\/100|[from] item: Life Orb\n|\n|-heal|p2a: Haystack|74\/100|[from] Grassy Terrain\n|upkeep\n|\n|t:|1736028002\n|switch|p1b: Tsareena|Tsareena, L50, F, shiny|100\/100\n|turn|4\n|inactive|TailwindMakeItRain has 30 seconds left.\n|\n|t:|1736028032\n|-end|p2a: Haystack|Protosynthesis|[silent]\n|switch|p2a: Spinach|Rillaboom, L50, M|55\/100\n|-terastallize|p1a: Tornadus|Dark\n|-terastallize|p2b: Horse|Dark\n|move|p1a: Tornadus|Bleakwind Storm|p2a: Spinach|[spread] p2a,p2b\n|-supereffective|p2a: Spinach\n|-crit|p2a: Spinach\n|-damage|p2a: Spinach|0 fnt\n|-damage|p2b: Horse|67\/100\n|faint|p2a: Spinach\n|move|p1b: Tsareena|Triple Axel|p2b: Horse\n|-damage|p2b: Horse|60\/100\n|-damage|p2b: Horse|47\/100\n|-damage|p2b: Horse|27\/100\n|-hitcount|p2b: Horse|3\n|move|p2b: Horse|Astral Barrage|p1b: Tsareena|[spread] p1a,p1b\n|-resisted|p1a: Tornadus\n|-damage|p1a: Tornadus|68\/100\n|-damage|p1b: Tsareena|34\/100\n|\n|-heal|p1a: Tornadus|74\/100|[from] Grassy Terrain\n|-heal|p1b: Tsareena|40\/100|[from] Grassy Terrain\n|-heal|p2b: Horse|33\/100|[from] Grassy Terrain\n|upkeep\n|\n|t:|1736028047\n|switch|p2a: Blueberry|Ogerpon-Wellspring, L50, F|100\/100\n|turn|5\n|\n|t:|1736028056\n|move|p2b: Horse|Protect|p2b: Horse\n|-singleturn|p2b: Horse|Protect\n|move|p2a: Blueberry|Spiky Shield|p2a: Blueberry\n|-singleturn|p2a: Blueberry|move: Protect\n|move|p1a: Tornadus|Bleakwind Storm|p2a: Blueberry|[spread] \n|-activate|p2a: Blueberry|move: Protect\n|-activate|p2b: Horse|move: Protect\n|move|p1b: Tsareena|Power Whip|p2a: Blueberry\n|-activate|p2a: Blueberry|move: Protect\n|-damage|p1b: Tsareena|28\/100|[from] Spiky Shield|[of] p2a: Blueberry\n|\n|-heal|p1a: Tornadus|80\/100|[from] Grassy Terrain\n|-heal|p1b: Tsareena|33\/100|[from] Grassy Terrain\n|-heal|p2b: Horse|40\/100|[from] Grassy Terrain\n|-fieldend|move: Grassy Terrain\n|upkeep\n|turn|6\n|inactive|TailwindMakeItRain has 30 seconds left.\n|\n|t:|1736028083\n|move|p1b: Tsareena|Helping Hand|p1a: Tornadus\n|-singleturn|p1a: Tornadus|Helping Hand|[of] p1b: Tsareena\n|move|p2a: Blueberry|Follow Me|p2a: Blueberry\n|-singleturn|p2a: Blueberry|move: Follow Me\n|move|p1a: Tornadus|Bleakwind Storm|p2a: Blueberry|[spread] p2a,p2b\n|-supereffective|p2a: Blueberry\n|-damage|p2a: Blueberry|0 fnt\n|-damage|p2b: Horse|0 fnt\n|faint|p2a: Blueberry\n|faint|p2b: Horse\n|\n|-sideend|p1: Imnotagni|move: Tailwind\n|upkeep\n|\n|t:|1736028085\n|switch|p2b: Haystack|Raging Bolt, L50|74\/100\n|turn|7\n|-message|TailwindMakeItRain forfeited.\n|\n|win|Imnotagni\n|raw|Imnotagni's rating: 1562 &rarr; <strong>1586<\/strong><br \/>(+24 for winning)\n|raw|TailwindMakeItRain's rating: 1624 &rarr; <strong>1600<\/strong><br \/>(-24 for losing)\n|l|\u2606TailwindMakeItRain\n|player|p2|\n|l|\u2606Imnotagni\n|player|p1|\n","uploadtime":1736028290,"views":39,"formatid":"gen9vgc2025regg","rating":1586,"private":0,"password":null}