{"id":"gen9vgc2025regg-2275937740","format":"[Gen 9] VGC 2025 Reg G","players":["bieiup","zhz2021"],"log":"|j|\u2606bieiup\n|j|\u2606zhz2021\n|t:|1736159875\n|gametype|doubles\n|player|p1|bieiup|lillie-z|1621\n|player|p2|zhz2021|marley|1523\n|teamsize|p1|6\n|teamsize|p2|6\n|gen|9\n|tier|[Gen 9] VGC 2025 Reg G\n|rated|\n|rule|Species Clause: Limit one of each Pok\u00e9mon\n|rule|Item Clause: Limit 1 of each item\n|clearpoke\n|poke|p1|Gloom, L50, F|\n|poke|p1|Armarouge, L50, F|\n|poke|p1|Indeedee-F, L50, F|\n|poke|p1|Dewgong, L50, F|\n|poke|p1|Ting-Lu, L50|\n|poke|p1|Lunala, L50|\n|poke|p2|Whimsicott, L50, M|\n|poke|p2|Weezing-Galar, L50, M|\n|poke|p2|Brambleghast, L50, F|\n|poke|p2|Calyrex-Shadow, L50|\n|poke|p2|Urshifu-*, L50, F|\n|poke|p2|Clefairy, L50, F|\n|teampreview|4\n|inactive|Battle timer is ON: inactive players will automatically lose when time's up. (requested by bieiup)\n|\n|t:|1736159894\n|start\n|switch|p1a: Dewgong|Dewgong, L50, F|100\/100\n|switch|p1b: Lunala|Lunala, L50|100\/100\n|switch|p2a: Whimsicott|Whimsicott, L50, M|100\/100\n|switch|p2b: Weezing|Weezing-Galar, L50, M|100\/100\n|-ability|p2b: Weezing|Neutralizing Gas\n|-block|p2a: Whimsicott|item: Ability Shield\n|turn|1\n|inactive|bieiup has 30 seconds left.\n|-activate|p1a: Dewgong|item: Quick Claw\n|\n|t:|1736159925\n|move|p2b: Weezing|Protect|p2b: Weezing\n|-singleturn|p2b: Weezing|Protect\n|move|p1a: Dewgong|Fake Out|p2b: Weezing\n|-activate|p2b: Weezing|move: Protect\n|move|p2a: Whimsicott|Tailwind|p2a: Whimsicott\n|-sidestart|p2: zhz2021|move: Tailwind\n|move|p1b: Lunala|Moongeist Beam|p2b: Weezing\n|-activate|p2b: Weezing|move: Protect\n|\n|upkeep\n|turn|2\n|\n|t:|1736159937\n|switch|p1a: Gloom|Gloom, L50, F|100\/100\n|-terastallize|p2b: Weezing|Normal\n|move|p2a: Whimsicott|Encore||[still]\n|-fail|p2a: Whimsicott\n|move|p2b: Weezing|Assurance|p1b: Lunala\n|-supereffective|p1b: Lunala\n|-damage|p1b: Lunala|10\/100\n|-damage|p2b: Weezing|90\/100|[from] item: Life Orb\n|move|p1b: Lunala|Moongeist Beam|p2b: Weezing\n|-immune|p2b: Weezing\n|\n|upkeep\n|turn|3\n|\n|t:|1736159952\n|switch|p1b: Ting-Lu|Ting-Lu, L50|100\/100\n|move|p2a: Whimsicott|Moonblast|p1b: Ting-Lu\n|-supereffective|p1b: Ting-Lu\n|-damage|p1b: Ting-Lu|75\/100\n|move|p2b: Weezing|Gunk Shot|p1a: Gloom\n|-damage|p1a: Gloom|44\/100\n|-damage|p2b: Weezing|80\/100|[from] item: Life Orb\n|move|p1a: Gloom|Sleep Powder|p2b: Weezing\n|-status|p2b: Weezing|slp|[from] move: Sleep Powder\n|\n|upkeep\n|turn|4\n|\n|t:|1736159969\n|move|p2a: Whimsicott|Taunt|p1a: Gloom\n|-start|p1a: Gloom|move: Taunt\n|cant|p2b: Weezing|slp\n|move|p1b: Ting-Lu|Heavy Slam|p2b: Weezing\n|-damage|p2b: Weezing|45\/100 slp\n|cant|p1a: Gloom|move: Taunt|Strength Sap\n|\n|-sideend|p2: zhz2021|move: Tailwind\n|upkeep\n|turn|5\n|j| otapolg\n|\n|t:|1736159977\n|switch|p1a: Dewgong|Dewgong, L50, F|100\/100\n|move|p2a: Whimsicott|Tailwind|p2a: Whimsicott\n|-sidestart|p2: zhz2021|move: Tailwind\n|cant|p2b: Weezing|slp\n|move|p1b: Ting-Lu|Stomping Tantrum|p2b: Weezing\n|-damage|p2b: Weezing|6\/100 slp\n|\n|upkeep\n|turn|6\n|l| otapolg\n|\n|t:|1736159988\n|cant|p2b: Weezing|slp\n|move|p1a: Dewgong|Aqua Jet|p2b: Weezing\n|-damage|p2b: Weezing|0 fnt\n|faint|p2b: Weezing\n|-end|p2b: Weezing|ability: Neutralizing Gas\n|-ability|p1b: Ting-Lu|Vessel of Ruin\n|move|p2a: Whimsicott|Moonblast|p1b: Ting-Lu\n|-supereffective|p1b: Ting-Lu\n|-damage|p1b: Ting-Lu|55\/100\n|move|p1b: Ting-Lu|Heavy Slam|p2a: Whimsicott\n|-supereffective|p2a: Whimsicott\n|-damage|p2a: Whimsicott|20\/100\n|\n|upkeep\n|\n|t:|1736159994\n|switch|p2b: Urshifu|Urshifu, L50, F|100\/100\n|turn|7\n|inactive|bieiup has 30 seconds left.\n|inactive|bieiup has 20 seconds left.\n|\n|t:|1736160030\n|switch|p1a: Lunala|Lunala, L50|10\/100\n|-terastallize|p1b: Ting-Lu|Poison\n|move|p2a: Whimsicott|Encore||[still]\n|-fail|p2a: Whimsicott\n|move|p2b: Urshifu|Close Combat|p1b: Ting-Lu\n|-resisted|p1b: Ting-Lu\n|-damage|p1b: Ting-Lu|39\/100\n|-unboost|p2b: Urshifu|def|1\n|-unboost|p2b: Urshifu|spd|1\n|move|p1b: Ting-Lu|Fissure|p2b: Urshifu|[miss]\n|-miss|p1b: Ting-Lu|p2b: Urshifu\n|\n|upkeep\n|turn|8\n|\n|t:|1736160048\n|move|p2a: Whimsicott|Moonblast|p1a: Lunala\n|-damage|p1a: Lunala|0 fnt\n|faint|p1a: Lunala\n|move|p2b: Urshifu|Wicked Blow|p1b: Ting-Lu\n|-crit|p1b: Ting-Lu\n|-damage|p1b: Ting-Lu|4\/100\n|move|p1b: Ting-Lu|Stomping Tantrum|p2b: Urshifu\n|-damage|p2b: Urshifu|9\/100\n|\n|-sideend|p2: zhz2021|move: Tailwind\n|upkeep\n|\n|t:|1736160052\n|switch|p1a: Dewgong|Dewgong, L50, F|100\/100\n|turn|9\n|\n|t:|1736160066\n|move|p2b: Urshifu|Detect|p2b: Urshifu\n|-singleturn|p2b: Urshifu|Protect\n|move|p2a: Whimsicott|Tailwind|p2a: Whimsicott\n|-sidestart|p2: zhz2021|move: Tailwind\n|move|p1a: Dewgong|Aqua Jet|p2b: Urshifu\n|-activate|p2b: Urshifu|move: Protect\n|move|p1b: Ting-Lu|Heavy Slam|p2a: Whimsicott\n|-supereffective|p2a: Whimsicott\n|-damage|p2a: Whimsicott|0 fnt\n|faint|p2a: Whimsicott\n|\n|upkeep\n|\n|t:|1736160071\n|switch|p2a: Calyrex|Calyrex-Shadow, L50|100\/100\n|-ability|p2a: Calyrex|As One\n|-ability|p2a: Calyrex|Unnerve\n|turn|10\n|\n|t:|1736160078\n|move|p1a: Dewgong|Aqua Jet|p2b: Urshifu\n|-damage|p2b: Urshifu|0 fnt\n|faint|p2b: Urshifu\n|move|p2a: Calyrex|Astral Barrage|p1b: Ting-Lu|[spread] p1a,p1b\n|-damage|p1a: Dewgong|49\/100\n|-damage|p1b: Ting-Lu|0 fnt\n|faint|p1b: Ting-Lu\n|-ability|p2a: Calyrex|Grim Neigh|boost\n|-boost|p2a: Calyrex|spa|1\n|\n|upkeep\n|\n|t:|1736160080\n|switch|p1b: Gloom|Gloom, L50, F|44\/100\n|turn|11\n|\n|t:|1736160084\n|move|p2a: Calyrex|Astral Barrage|p1a: Dewgong|[spread] p1a,p1b\n|-damage|p1a: Dewgong|0 fnt\n|-damage|p1b: Gloom|0 fnt\n|faint|p1a: Dewgong\n|faint|p1b: Gloom\n|\n|win|zhz2021\n|raw|bieiup's rating: 1621 &rarr; <strong>1596<\/strong><br \/>(-25 for losing)\n|raw|zhz2021's rating: 1523 &rarr; <strong>1548<\/strong><br \/>(+25 for winning)\n|l|\u2606bieiup\n|player|p1|\n|l|\u2606zhz2021\n|player|p2|\n","uploadtime":1736160273,"views":24,"formatid":"gen9vgc2025regg","rating":1548,"private":0,"password":null}