{"id":"gen9vgc2025regg-2275606824","format":"[Gen 9] VGC 2025 Reg G","players":["cy1015","SeaWolfMikess"],"log":"|j|\u2606cy1015\n|j|\u2606SeaWolfMikess\n|t:|1736108292\n|gametype|doubles\n|player|p1|cy1015|170|1602\n|player|p2|SeaWolfMikess|hugh|1688\n|teamsize|p1|6\n|teamsize|p2|6\n|gen|9\n|tier|[Gen 9] VGC 2025 Reg G\n|rated|\n|rule|Species Clause: Limit one of each Pok\u00e9mon\n|rule|Item Clause: Limit 1 of each item\n|clearpoke\n|poke|p1|Incineroar, L50, M|\n|poke|p1|Pelipper, L50, M|\n|poke|p1|Raging Bolt, L50|\n|poke|p1|Urshifu-*, L50, M|\n|poke|p1|Amoonguss, L50, F|\n|poke|p1|Calyrex-Ice, L50|\n|poke|p2|Chien-Pao, L50|\n|poke|p2|Zamazenta-*, L50|\n|poke|p2|Rillaboom, L50, M|\n|poke|p2|Raging Bolt, L50|\n|poke|p2|Ogerpon-Hearthflame, L50, F|\n|poke|p2|Chi-Yu, L50|\n|teampreview|4\n|\n|t:|1736108317\n|start\n|switch|p1a: Incineroar|Incineroar, L50, M, shiny|100\/100\n|switch|p1b: Urshifu|Urshifu-Rapid-Strike, L50, M|100\/100\n|switch|p2a: Raging Bolt|Raging Bolt, L50|100\/100\n|switch|p2b: Ogerpon|Ogerpon-Hearthflame, L50, F|100\/100\n|-ability|p2b: Ogerpon|Mold Breaker\n|-ability|p1a: Incineroar|Intimidate|boost\n|-unboost|p2a: Raging Bolt|atk|1\n|-unboost|p2b: Ogerpon|atk|1\n|-enditem|p2a: Raging Bolt|Booster Energy\n|-activate|p2a: Raging Bolt|ability: Protosynthesis|[fromitem]\n|-start|p2a: Raging Bolt|protosynthesisspa\n|turn|1\n|\n|t:|1736108341\n|switch|p2b: Zamazenta|Zamazenta-Crowned, L50|100\/100\n|-ability|p2b: Zamazenta|Dauntless Shield|boost\n|-boost|p2b: Zamazenta|def|1\n|switch|p1a: Pelipper|Pelipper, L50, M, shiny|100\/100\n|-weather|RainDance|[from] ability: Drizzle|[of] p1a: Pelipper\n|move|p2a: Raging Bolt|Thunderclap|p1b: Urshifu\n|-supereffective|p1b: Urshifu\n|-damage|p1b: Urshifu|0 fnt\n|faint|p1b: Urshifu\n|\n|-weather|RainDance|[upkeep]\n|upkeep\n|\n|t:|1736108355\n|switch|p1b: Incineroar|Incineroar, L50, M, shiny|100\/100\n|-ability|p1b: Incineroar|Intimidate|boost\n|-unboost|p2a: Raging Bolt|atk|1\n|-unboost|p2b: Zamazenta|atk|1\n|turn|2\n|\n|t:|1736108376\n|-terastallize|p1b: Incineroar|Grass\n|move|p2b: Zamazenta|Body Press|p1b: Incineroar\n|-damage|p1b: Incineroar|48\/100\n|-enditem|p1b: Incineroar|Sitrus Berry|[eat]\n|-heal|p1b: Incineroar|73\/100|[from] item: Sitrus Berry\n|move|p1a: Pelipper|Hurricane|p2b: Zamazenta\n|-damage|p2b: Zamazenta|63\/100\n|move|p2a: Raging Bolt|Thunderbolt|p1a: Pelipper\n|-supereffective|p1a: Pelipper\n|-enditem|p1a: Pelipper|Focus Sash\n|-damage|p1a: Pelipper|1\/100\n|move|p1b: Incineroar|Will-O-Wisp|p2b: Zamazenta\n|-status|p2b: Zamazenta|brn\n|\n|-weather|RainDance|[upkeep]\n|-damage|p2b: Zamazenta|58\/100 brn|[from] brn\n|upkeep\n|turn|3\n|\n|t:|1736108401\n|move|p1a: Pelipper|Helping Hand|p1b: Incineroar\n|-singleturn|p1b: Incineroar|Helping Hand|[of] p1a: Pelipper\n|move|p2b: Zamazenta|Body Press|p1a: Pelipper\n|-resisted|p1a: Pelipper\n|-damage|p1a: Pelipper|0 fnt\n|faint|p1a: Pelipper\n|move|p2a: Raging Bolt|Draco Meteor|p1b: Incineroar\n|-damage|p1b: Incineroar|0 fnt\n|-unboost|p2a: Raging Bolt|spa|2\n|faint|p1b: Incineroar\n|\n|-weather|RainDance|[upkeep]\n|-damage|p2b: Zamazenta|52\/100 brn|[from] brn\n|upkeep\n|inactive|Battle timer is ON: inactive players will automatically lose when time's up. (requested by SeaWolfMikess)\n|inactive|cy1015 has 60 seconds left.\n|inactive|cy1015 has 30 seconds left.\n|inactive|cy1015 has 20 seconds left.\n|inactive|cy1015 has 15 seconds left.\n|inactive|cy1015 has 10 seconds left.\n|inactive|cy1015 has 5 seconds left.\n|\n|t:|1736108520\n|switch|p1a: Calyrex|Calyrex-Ice, L50|100\/100\n|-ability|p1a: Calyrex|As One\n|-ability|p1a: Calyrex|Unnerve\n|turn|4\n|inactive|cy1015 has 30 seconds left.\n|inactive|cy1015 has 20 seconds left.\n|inactive|cy1015 has 15 seconds left.\n|inactive|cy1015 has 10 seconds left.\n|inactive|cy1015 has 5 seconds left.\n|\n|t:|1736108575\n|move|p2b: Zamazenta|Wide Guard|p2b: Zamazenta\n|-singleturn|p2b: Zamazenta|Wide Guard\n|move|p2a: Raging Bolt|Thunderbolt|p1a: Calyrex\n|-damage|p1a: Calyrex|77\/100\n|move|p1a: Calyrex|Glacial Lance|p2b: Zamazenta|[spread] \n|-activate|p2a: Raging Bolt|move: Wide Guard\n|-activate|p2b: Zamazenta|move: Wide Guard\n|\n|-weather|RainDance|[upkeep]\n|-damage|p2b: Zamazenta|46\/100 brn|[from] brn\n|upkeep\n|turn|5\n|inactive|cy1015 has 30 seconds left.\n|inactive|cy1015 has 20 seconds left.\n|inactive|cy1015 has 15 seconds left.\n|inactive|cy1015 has 10 seconds left.\n|inactive|cy1015 has 5 seconds left.\n|\n|t:|1736108630\n|move|p2b: Zamazenta|Body Press|p1a: Calyrex\n|-damage|p1a: Calyrex|58\/100\n|move|p2a: Raging Bolt|Thunderbolt|p1a: Calyrex\n|-damage|p1a: Calyrex|34\/100\n|move|p1a: Calyrex|Glacial Lance|p2b: Zamazenta|[spread] p2a,p2b\n|-supereffective|p2a: Raging Bolt\n|-resisted|p2b: Zamazenta\n|-damage|p2a: Raging Bolt|0 fnt\n|-damage|p2b: Zamazenta|34\/100 brn\n|faint|p2a: Raging Bolt\n|-end|p2a: Raging Bolt|Protosynthesis|[silent]\n|-ability|p1a: Calyrex|Chilling Neigh|boost\n|-boost|p1a: Calyrex|atk|1\n|\n|-weather|none\n|-damage|p2b: Zamazenta|29\/100 brn|[from] brn\n|upkeep\n|\n|t:|1736108641\n|switch|p2a: Ogerpon|Ogerpon-Hearthflame, L50, F|100\/100\n|-ability|p2a: Ogerpon|Mold Breaker\n|turn|6\n|inactive|cy1015 has 30 seconds left.\n|inactive|cy1015 has 20 seconds left.\n|inactive|cy1015 has 15 seconds left.\n|inactive|cy1015 has 10 seconds left.\n|inactive|cy1015 has 5 seconds left.\n|\n|t:|1736108696\n|-terastallize|p2a: Ogerpon|Fire\n|detailschange|p2a: Ogerpon|Ogerpon-Hearthflame-Tera, L50, F, tera:Fire\n|-ability|p2a: Ogerpon|Embody Aspect (Hearthflame)|boost\n|-boost|p2a: Ogerpon|atk|1\n|move|p2b: Zamazenta|Body Press|p1a: Calyrex\n|-damage|p1a: Calyrex|16\/100\n|move|p2a: Ogerpon|Ivy Cudgel|p1a: Calyrex|[anim] Ivy Cudgel Fire\n|-supereffective|p1a: Calyrex\n|-crit|p1a: Calyrex\n|-damage|p1a: Calyrex|0 fnt\n|faint|p1a: Calyrex\n|\n|win|SeaWolfMikess\n|raw|cy1015's rating: 1614 &rarr; <strong>1598<\/strong><br \/>(-16 for losing)\n|raw|SeaWolfMikess's rating: 1688 &rarr; <strong>1704<\/strong><br \/>(+16 for winning)\n|l|\u2606SeaWolfMikess\n|player|p2|\n","uploadtime":1736108926,"views":825,"formatid":"gen9vgc2025regg","rating":1598,"private":0,"password":null}