{"id":"gen9vgc2025regg-2275537813","format":"[Gen 9] VGC 2025 Reg G","players":["Imnotagni","bobhammer76"],"log":"|j|\u2606Imnotagni\n|j|\u2606bobhammer76\n|t:|1736099988\n|gametype|doubles\n|player|p1|Imnotagni|policeman-gen4|1584\n|player|p2|bobhammer76|266|1541\n|teamsize|p1|6\n|teamsize|p2|6\n|gen|9\n|tier|[Gen 9] VGC 2025 Reg G\n|rated|\n|rule|Species Clause: Limit one of each Pok\u00e9mon\n|rule|Item Clause: Limit 1 of each item\n|clearpoke\n|poke|p1|Kyogre, L50|\n|poke|p1|Tornadus, L50, M|\n|poke|p1|Tsareena, L50, F|\n|poke|p1|Regieleki, L50|\n|poke|p1|Landorus, L50, M|\n|poke|p1|Urshifu-*, L50, F|\n|poke|p2|Indeedee-F, L50, F|\n|poke|p2|Gallade, L50, M|\n|poke|p2|Flutter Mane, L50|\n|poke|p2|Ogerpon-Wellspring, L50, F|\n|poke|p2|Calyrex-Ice, L50|\n|poke|p2|Torkoal, L50, F|\n|teampreview|4\n|inactive|Battle timer is ON: inactive players will automatically lose when time's up. (requested by Imnotagni)\n|j| Mobile-NWNCC\n|j| JohnCeemo\n|inactive|Imnotagni has 60 seconds left.\n|\n|t:|1736100031\n|start\n|switch|p1a: Tsareena|Tsareena, L50, F, shiny|100\/100\n|switch|p1b: Urshifu|Urshifu-Rapid-Strike, L50, F|100\/100\n|switch|p2a: Calyrex|Calyrex-Ice, L50|100\/100\n|switch|p2b: Indeedee|Indeedee-F, L50, F|100\/100\n|-ability|p2a: Calyrex|As One\n|-ability|p2a: Calyrex|Unnerve\n|-fieldstart|move: Psychic Terrain|[from] ability: Psychic Surge|[of] p2b: Indeedee\n|turn|1\n|\n|t:|1736100046\n|move|p1a: Tsareena|Helping Hand|p1b: Urshifu\n|-singleturn|p1b: Urshifu|Helping Hand|[of] p1a: Tsareena\n|move|p2b: Indeedee|Follow Me|p2b: Indeedee\n|-singleturn|p2b: Indeedee|move: Follow Me\n|move|p1b: Urshifu|Surging Strikes|p2b: Indeedee\n|-crit|p2b: Indeedee\n|-damage|p2b: Indeedee|49\/100\n|-damage|p1b: Urshifu|84\/100|[from] item: Rocky Helmet|[of] p2b: Indeedee\n|-crit|p2b: Indeedee\n|-damage|p2b: Indeedee|0 fnt\n|-damage|p1b: Urshifu|68\/100|[from] item: Rocky Helmet|[of] p2b: Indeedee\n|faint|p2b: Indeedee\n|-hitcount|p2: Indeedee|2\n|move|p2a: Calyrex|Trick Room|p2a: Calyrex\n|-fieldstart|move: Trick Room|[of] p2a: Calyrex\n|\n|upkeep\n|\n|t:|1736100059\n|switch|p2b: Ogerpon|Ogerpon-Wellspring, L50, F|100\/100\n|turn|2\n|\n|t:|1736100077\n|switch|p1b: Regieleki|Regieleki, L50|100\/100\n|-terastallize|p1a: Tsareena|Ice\n|move|p2a: Calyrex|Glacial Lance|p1a: Tsareena|[spread] p1a,p1b\n|-resisted|p1a: Tsareena\n|-damage|p1a: Tsareena|66\/100\n|-enditem|p1b: Regieleki|Focus Sash\n|-damage|p1b: Regieleki|1\/100\n|move|p1a: Tsareena|Triple Axel|p2b: Ogerpon\n|-damage|p2b: Ogerpon|89\/100\n|-damage|p2b: Ogerpon|65\/100\n|-damage|p2b: Ogerpon|30\/100\n|-hitcount|p2b: Ogerpon|3\n|move|p2b: Ogerpon|Wood Hammer|p1b: Regieleki\n|-damage|p1b: Regieleki|0 fnt\n|faint|p1b: Regieleki\n|-damage|p2b: Ogerpon|30\/100|[from] Recoil\n|\n|upkeep\n|\n|t:|1736100092\n|switch|p1b: Urshifu|Urshifu-Rapid-Strike, L50, F|68\/100\n|turn|3\n|\n|t:|1736100112\n|switch|p2b: Torkoal|Torkoal, L50, F|100\/100\n|-weather|SunnyDay|[from] ability: Drought|[of] p2b: Torkoal\n|move|p2a: Calyrex|Glacial Lance|p1a: Tsareena|[spread] p1a,p1b\n|-resisted|p1a: Tsareena\n|-resisted|p1b: Urshifu\n|-damage|p1a: Tsareena|27\/100\n|-damage|p1b: Urshifu|37\/100\n|move|p1a: Tsareena|Triple Axel|p2b: Torkoal\n|-resisted|p2b: Torkoal\n|-damage|p2b: Torkoal|97\/100\n|-resisted|p2b: Torkoal\n|-damage|p2b: Torkoal|89\/100\n|-resisted|p2b: Torkoal\n|-damage|p2b: Torkoal|78\/100\n|-hitcount|p2b: Torkoal|3\n|move|p1b: Urshifu|Surging Strikes|p2a: Calyrex\n|-crit|p2a: Calyrex\n|-damage|p2a: Calyrex|93\/100\n|-crit|p2a: Calyrex\n|-damage|p2a: Calyrex|84\/100\n|-crit|p2a: Calyrex\n|-damage|p2a: Calyrex|76\/100\n|-hitcount|p2a: Calyrex|3\n|\n|-weather|SunnyDay|[upkeep]\n|upkeep\n|turn|4\n|inactive|bobhammer76 has 30 seconds left.\n|\n|t:|1736100139\n|switch|p2b: Ogerpon|Ogerpon-Wellspring, L50, F|30\/100\n|switch|p1a: Kyogre|Kyogre, L50, shiny|100\/100\n|-weather|RainDance|[from] ability: Drizzle|[of] p1a: Kyogre\n|move|p2a: Calyrex|Glacial Lance|p1b: Urshifu|[spread] p1a,p1b\n|-resisted|p1a: Kyogre\n|-resisted|p1b: Urshifu\n|-damage|p1a: Kyogre|67\/100\n|-damage|p1b: Urshifu|4\/100\n|move|p1b: Urshifu|Surging Strikes|p2b: Ogerpon\n|-heal|p2b: Ogerpon|55\/100|[from] ability: Water Absorb|[of] p1b: Urshifu\n|\n|-weather|RainDance|[upkeep]\n|upkeep\n|turn|5\n|\n|t:|1736100163\n|switch|p1b: Tsareena|Tsareena, L50, F, shiny, tera:Ice|27\/100\n|move|p2a: Calyrex|Glacial Lance|p1b: Tsareena|[spread] p1a,p1b\n|-resisted|p1a: Kyogre\n|-resisted|p1b: Tsareena\n|-damage|p1a: Kyogre|32\/100\n|-damage|p1b: Tsareena|0 fnt\n|faint|p1b: Tsareena\n|-ability|p2a: Calyrex|Chilling Neigh|boost\n|-boost|p2a: Calyrex|atk|1\n|move|p2b: Ogerpon|Wood Hammer|p1a: Kyogre\n|-supereffective|p1a: Kyogre\n|-damage|p1a: Kyogre|0 fnt\n|faint|p1a: Kyogre\n|-damage|p2b: Ogerpon|45\/100|[from] Recoil\n|\n|-weather|RainDance|[upkeep]\n|-fieldend|move: Trick Room\n|-fieldend|move: Psychic Terrain\n|upkeep\n|-message|Imnotagni forfeited.\n|\n|win|bobhammer76\n|raw|Imnotagni's rating: 1584 &rarr; <strong>1562<\/strong><br \/>(-22 for losing)\n|raw|bobhammer76's rating: 1541 &rarr; <strong>1563<\/strong><br \/>(+22 for winning)\n|l|\u2606bobhammer76\n|player|p2|\n|l|\u2606Imnotagni\n|player|p1|\n|l| Mobile-NWNCC\n|l| JohnCeemo\n","uploadtime":1736100315,"views":271,"formatid":"gen9vgc2025regg","rating":1562,"private":0,"password":null}