{"id":"gen9vgc2025regg-2275800779","format":"[Gen 9] VGC 2025 Reg G","players":["fightingiowa233","jerryxue"],"log":"|j|\u2606fightingiowa233\n|j|\u2606jerryxue\n|t:|1736133112\n|gametype|doubles\n|player|p1|fightingiowa233|sabrina-frlg|1553\n|player|p2|jerryxue|nate|1514\n|teamsize|p1|6\n|teamsize|p2|6\n|gen|9\n|tier|[Gen 9] VGC 2025 Reg G\n|rated|\n|rule|Species Clause: Limit one of each Pok\u00e9mon\n|rule|Item Clause: Limit 1 of each item\n|clearpoke\n|poke|p1|Groudon, L50|\n|poke|p1|Chi-Yu, L50|\n|poke|p1|Scrafty, L50, F|\n|poke|p1|Raging Bolt, L50|\n|poke|p1|Flutter Mane, L50|\n|poke|p1|Wyrdeer, L50, M|\n|poke|p2|Calyrex-Shadow, L50|\n|poke|p2|Urshifu-*, L50, M|\n|poke|p2|Incineroar, L50, M|\n|poke|p2|Rillaboom, L50, M|\n|poke|p2|Ogerpon-Cornerstone, L50, F|\n|poke|p2|Raging Bolt, L50|\n|teampreview|4\nfightingiowa233 has agreed to open team sheets.\n|\n|t:|1736133189\n|start\n|switch|p1a: Chi-Yu|Chi-Yu, L50|100\/100\n|switch|p1b: Wyrdeer|Wyrdeer, L50, M|100\/100\n|switch|p2a: Incineroar|Incineroar, L50, M|100\/100\n|switch|p2b: Ogerpon|Ogerpon-Cornerstone, L50, F|100\/100\n|-ability|p1a: Chi-Yu|Beads of Ruin\n|-ability|p2a: Incineroar|Intimidate|boost\n|-unboost|p1a: Chi-Yu|atk|1\n|-unboost|p1b: Wyrdeer|atk|1\n|-ability|p1b: Wyrdeer|Intimidate|boost\n|-unboost|p2a: Incineroar|atk|1\n|-unboost|p2b: Ogerpon|atk|1\n|turn|1\n|\n|t:|1736133214\n|-terastallize|p1a: Chi-Yu|Ghost\n|move|p2b: Ogerpon|Spiky Shield|p2b: Ogerpon\n|-singleturn|p2b: Ogerpon|move: Protect\n|move|p1a: Chi-Yu|Will-O-Wisp|p2b: Ogerpon\n|-activate|p2b: Ogerpon|move: Protect\n|move|p2a: Incineroar|Parting Shot|p1a: Chi-Yu\n|-unboost|p1a: Chi-Yu|atk|1\n|-unboost|p1a: Chi-Yu|spa|1\n|\n|t:|1736133228\n|switch|p2a: Calyrex|Calyrex-Shadow, L50|100\/100|[from] Parting Shot\n|-ability|p2a: Calyrex|As One\n|-ability|p2a: Calyrex|Unnerve\n|move|p1b: Wyrdeer|Gravity|p1b: Wyrdeer\n|-fieldstart|move: Gravity\n|\n|upkeep\n|turn|2\n|\n|t:|1736133240\n|switch|p1a: Groudon|Groudon, L50|100\/100\n|-weather|SunnyDay|[from] ability: Drought|[of] p1a: Groudon\n|switch|p2b: Incineroar|Incineroar, L50, M|100\/100\n|-ability|p2b: Incineroar|Intimidate|boost\n|-fail|p1a: Groudon|unboost|[from] item: Clear Amulet|[of] p1a: Groudon\n|-unboost|p1b: Wyrdeer|atk|1\n|-terastallize|p2a: Calyrex|Fairy\n|move|p2a: Calyrex|Astral Barrage|p1b: Wyrdeer|[spread] p1a\n|-immune|p1b: Wyrdeer\n|-damage|p1a: Groudon|58\/100\n|move|p1b: Wyrdeer|Trick Room|p1b: Wyrdeer\n|-fieldstart|move: Trick Room|[of] p1b: Wyrdeer\n|\n|-weather|SunnyDay|[upkeep]\n|upkeep\n|turn|3\n|\n|t:|1736133263\n|move|p2b: Incineroar|Fake Out|p1a: Groudon\n|-damage|p1a: Groudon|50\/100\n|move|p1b: Wyrdeer|Hypnosis|p2a: Calyrex\n|-status|p2a: Calyrex|slp|[from] move: Hypnosis\n|cant|p1a: Groudon|flinch\n|cant|p2a: Calyrex|slp\n|\n|-weather|SunnyDay|[upkeep]\n|upkeep\n|turn|4\n|\n|t:|1736133286\n|move|p1b: Wyrdeer|Hypnosis|p2b: Incineroar\n|-status|p2b: Incineroar|slp|[from] move: Hypnosis\n|cant|p2b: Incineroar|slp\n|move|p1a: Groudon|Heat Crash|p2a: Calyrex\n|-damage|p2a: Calyrex|26\/100 slp\n|-curestatus|p2a: Calyrex|slp|[msg]\n|move|p2a: Calyrex|Astral Barrage|p1a: Groudon|[spread] p1a\n|-immune|p1b: Wyrdeer\n|-damage|p1a: Groudon|11\/100\n|\n|-weather|SunnyDay|[upkeep]\n|upkeep\n|turn|5\n|\n|t:|1736133304\n|switch|p2b: Rillaboom|Rillaboom, L50, M|100\/100\n|-fieldstart|move: Grassy Terrain|[from] ability: Grassy Surge|[of] p2b: Rillaboom\n|move|p2a: Calyrex|Protect|p2a: Calyrex\n|-singleturn|p2a: Calyrex|Protect\n|move|p1b: Wyrdeer|Body Slam|p2b: Rillaboom\n|-damage|p2b: Rillaboom|85\/100\n|-status|p2b: Rillaboom|par\n|move|p1a: Groudon|Precipice Blades|p2a: Calyrex|[spread] p2b\n|-activate|p2a: Calyrex|move: Protect\n|-resisted|p2b: Rillaboom\n|-damage|p2b: Rillaboom|59\/100 par\n|\n|-weather|SunnyDay|[upkeep]\n|-heal|p2b: Rillaboom|65\/100 par|[from] Grassy Terrain\n|-heal|p1a: Groudon|17\/100|[from] Grassy Terrain\n|-heal|p2a: Calyrex|32\/100|[from] Grassy Terrain\n|-fieldend|move: Gravity\n|upkeep\n|turn|6\n|j| koraidrone\n|j| futonkagebunshin\n|\n|t:|1736133340\n|move|p2b: Rillaboom|Fake Out|p1a: Groudon\n|-damage|p1a: Groudon|6\/100\n|move|p1b: Wyrdeer|Hypnosis|p2a: Calyrex|[miss]\n|-miss|p1b: Wyrdeer|p2a: Calyrex\n|cant|p1a: Groudon|flinch\n|move|p2a: Calyrex|Draining Kiss|p1b: Wyrdeer\n|-damage|p1b: Wyrdeer|70\/100\n|-heal|p2a: Calyrex|55\/100|[from] drain|[of] p1b: Wyrdeer\n|\n|-weather|none\n|-heal|p2b: Rillaboom|71\/100 par|[from] Grassy Terrain\n|-heal|p1b: Wyrdeer|76\/100|[from] Grassy Terrain\n|-heal|p1a: Groudon|12\/100|[from] Grassy Terrain\n|-heal|p2a: Calyrex|61\/100|[from] Grassy Terrain\n|-fieldend|move: Trick Room\n|upkeep\n|turn|7\n|l| koraidrone\n|\n|t:|1736133364\n|move|p2a: Calyrex|Protect|p2a: Calyrex\n|-singleturn|p2a: Calyrex|Protect\n|move|p1a: Groudon|Protect|p1a: Groudon\n|-singleturn|p1a: Groudon|Protect\n|cant|p2b: Rillaboom|par\n|move|p1b: Wyrdeer|Trick Room|p1b: Wyrdeer\n|-fieldstart|move: Trick Room|[of] p1b: Wyrdeer\n|\n|-heal|p2b: Rillaboom|77\/100 par|[from] Grassy Terrain\n|-heal|p1b: Wyrdeer|82\/100|[from] Grassy Terrain\n|-heal|p1a: Groudon|18\/100|[from] Grassy Terrain\n|-heal|p2a: Calyrex|67\/100|[from] Grassy Terrain\n|upkeep\n|turn|8\n|\n|t:|1736133386\n|move|p2b: Rillaboom|U-turn|p1b: Wyrdeer\n|-supereffective|p1b: Wyrdeer\n|-damage|p1b: Wyrdeer|36\/100\n|\n|t:|1736133390\n|switch|p2b: Incineroar|Incineroar, L50, M|100\/100 slp|[from] U-turn\n|-ability|p2b: Incineroar|Intimidate|boost\n|-fail|p1a: Groudon|unboost|[from] item: Clear Amulet|[of] p1a: Groudon\n|-unboost|p1b: Wyrdeer|atk|1\n|move|p1b: Wyrdeer|Gravity|p1b: Wyrdeer\n|-fieldstart|move: Gravity\n|move|p1a: Groudon|Heat Crash|p2b: Incineroar\n|-resisted|p2b: Incineroar\n|-damage|p2b: Incineroar|80\/100 slp\n|move|p2a: Calyrex|Astral Barrage|p1b: Wyrdeer|[spread] p1a\n|-immune|p1b: Wyrdeer\n|-damage|p1a: Groudon|0 fnt\n|faint|p1a: Groudon\n|-ability|p2a: Calyrex|Grim Neigh|boost\n|-boost|p2a: Calyrex|spa|1\n|\n|-heal|p1b: Wyrdeer|42\/100|[from] Grassy Terrain\n|-heal|p2b: Incineroar|86\/100 slp|[from] Grassy Terrain\n|-heal|p2a: Calyrex|73\/100|[from] Grassy Terrain\n|upkeep\n|\n|t:|1736133396\n|switch|p1a: Raging Neck|Raging Bolt, L50|100\/100\n|turn|9\n|\n|t:|1736133419\n|move|p2a: Calyrex|Protect|p2a: Calyrex\n|-singleturn|p2a: Calyrex|Protect\n|move|p1b: Wyrdeer|Body Slam|p2b: Incineroar\n|-damage|p2b: Incineroar|75\/100 slp\n|cant|p2b: Incineroar|slp\n|move|p1a: Raging Neck|Dragon Pulse|p2b: Incineroar\n|-damage|p2b: Incineroar|22\/100 slp\n|-damage|p1a: Raging Neck|91\/100|[from] item: Life Orb\n|\n|-heal|p1b: Wyrdeer|48\/100|[from] Grassy Terrain\n|-heal|p2b: Incineroar|28\/100 slp|[from] Grassy Terrain\n|-heal|p1a: Raging Neck|96\/100|[from] Grassy Terrain\n|-heal|p2a: Calyrex|79\/100|[from] Grassy Terrain\n|-fieldend|move: Grassy Terrain\n|upkeep\n|turn|10\n|\n|t:|1736133449\n|move|p1b: Wyrdeer|Hypnosis|p2a: Calyrex\n|-status|p2a: Calyrex|slp|[from] move: Hypnosis\n|cant|p2b: Incineroar|slp\n|move|p1a: Raging Neck|Thunderbolt|p2a: Calyrex\n|-damage|p2a: Calyrex|12\/100 slp\n|-damage|p1a: Raging Neck|86\/100|[from] item: Life Orb\n|cant|p2a: Calyrex|slp\n|\n|upkeep\n|turn|11\n|\n|t:|1736133468\n|cant|p2a: Calyrex|slp\n|move|p1b: Wyrdeer|Body Slam|p2a: Calyrex\n|-damage|p2a: Calyrex|0 fnt\n|faint|p2a: Calyrex\n|-curestatus|p2b: Incineroar|slp|[msg]\n|move|p2b: Incineroar|Parting Shot|p1a: Raging Neck\n|-unboost|p1a: Raging Neck|atk|1\n|-unboost|p1a: Raging Neck|spa|1\n|\n|t:|1736133477\n|switch|p2b: Rillaboom|Rillaboom, L50, M|77\/100 par|[from] Parting Shot\n|-fieldstart|move: Grassy Terrain|[from] ability: Grassy Surge|[of] p2b: Rillaboom\n|move|p1a: Raging Neck|Dragon Pulse|p2b: Rillaboom\n|-damage|p2b: Rillaboom|41\/100 par\n|-damage|p1a: Raging Neck|77\/100|[from] item: Life Orb\n|\n|-heal|p2b: Rillaboom|47\/100 par|[from] Grassy Terrain\n|-heal|p1b: Wyrdeer|53\/100|[from] Grassy Terrain\n|-heal|p1a: Raging Neck|82\/100|[from] Grassy Terrain\n|-fieldend|move: Trick Room\n|upkeep\n|\n|t:|1736133489\n|switch|p2a: Ogerpon|Ogerpon-Cornerstone, L50, F|100\/100\n|turn|12\n|\n|t:|1736133496\n|switch|p1b: Chi-Yu|Chi-Yu, L50, tera:Ghost|100\/100\n|-ability|p1b: Chi-Yu|Beads of Ruin\n|move|p1a: Raging Neck|Protect|p1a: Raging Neck\n|-singleturn|p1a: Raging Neck|Protect\n|move|p2b: Rillaboom|Fake Out|p1a: Raging Neck\n|-activate|p1a: Raging Neck|move: Protect\n|move|p2a: Ogerpon|Ivy Cudgel|p1b: Chi-Yu|[anim] Ivy Cudgel Rock\n|-damage|p1b: Chi-Yu|0 fnt\n|faint|p1b: Chi-Yu\n|\n|-heal|p1a: Raging Neck|88\/100|[from] Grassy Terrain\n|-heal|p2b: Rillaboom|53\/100 par|[from] Grassy Terrain\n|-fieldend|move: Gravity\n|upkeep\n|\n|t:|1736133509\n|switch|p1b: Wyrdeer|Wyrdeer, L50, M|53\/100\n|-ability|p1b: Wyrdeer|Intimidate|boost\n|-unboost|p2a: Ogerpon|atk|1\n|-unboost|p2b: Rillaboom|atk|1\n|turn|13\n|\n|t:|1736133522\n|move|p2a: Ogerpon|Ivy Cudgel|p1b: Wyrdeer|[anim] Ivy Cudgel Rock\n|-damage|p1b: Wyrdeer|14\/100\n|move|p1a: Raging Neck|Dragon Pulse|p2b: Rillaboom\n|-damage|p2b: Rillaboom|15\/100 par\n|-damage|p1a: Raging Neck|78\/100|[from] item: Life Orb\n|move|p1b: Wyrdeer|Body Slam|p2a: Ogerpon\n|-resisted|p2a: Ogerpon\n|-damage|p2a: Ogerpon|79\/100\n|move|p2b: Rillaboom|U-turn|p1b: Wyrdeer\n|-supereffective|p1b: Wyrdeer\n|-damage|p1b: Wyrdeer|0 fnt\n|faint|p1b: Wyrdeer\n|\n|t:|1736133534\n|switch|p2b: Incineroar|Incineroar, L50, M|28\/100|[from] U-turn\n|-ability|p2b: Incineroar|Intimidate|boost\n|-unboost|p1a: Raging Neck|atk|1\n|\n|-heal|p2a: Ogerpon|85\/100|[from] Grassy Terrain\n|-heal|p1a: Raging Neck|84\/100|[from] Grassy Terrain\n|-heal|p2b: Incineroar|34\/100|[from] Grassy Terrain\n|upkeep\n|turn|14\n|\n|t:|1736133569\n|switch|p2a: Rillaboom|Rillaboom, L50, M|15\/100 par\n|move|p2b: Incineroar|Fake Out|p1a: Raging Neck\n|-damage|p1a: Raging Neck|75\/100\n|cant|p1a: Raging Neck|flinch\n|\n|-heal|p1a: Raging Neck|81\/100|[from] Grassy Terrain\n|-heal|p2b: Incineroar|40\/100|[from] Grassy Terrain\n|-heal|p2a: Rillaboom|21\/100 par|[from] Grassy Terrain\n|upkeep\n|turn|15\n|\n|t:|1736133582\n|switch|p2b: Ogerpon|Ogerpon-Cornerstone, L50, F|85\/100\n|move|p1a: Raging Neck|Protect|p1a: Raging Neck\n|-singleturn|p1a: Raging Neck|Protect\n|move|p2a: Rillaboom|Fake Out|p1a: Raging Neck\n|-activate|p1a: Raging Neck|move: Protect\n|\n|-heal|p2b: Ogerpon|91\/100|[from] Grassy Terrain\n|-heal|p1a: Raging Neck|86\/100|[from] Grassy Terrain\n|-heal|p2a: Rillaboom|28\/100 par|[from] Grassy Terrain\n|-fieldend|move: Grassy Terrain\n|upkeep\n|turn|16\n|\n|t:|1736133602\n|cant|p2a: Rillaboom|par\n|move|p2b: Ogerpon|Ivy Cudgel|p1a: Raging Neck|[anim] Ivy Cudgel Rock\n|-damage|p1a: Raging Neck|32\/100\n|move|p1a: Raging Neck|Dragon Pulse|p2b: Ogerpon\n|-crit|p2b: Ogerpon\n|-damage|p2b: Ogerpon|0 fnt\n|faint|p2b: Ogerpon\n|-damage|p1a: Raging Neck|22\/100|[from] item: Life Orb\n|\n|upkeep\n|\n|t:|1736133611\n|switch|p2b: Incineroar|Incineroar, L50, M|40\/100\n|-ability|p2b: Incineroar|Intimidate|boost\n|-unboost|p1a: Raging Neck|atk|1\n|turn|17\n|\n|t:|1736133618\n|move|p1a: Raging Neck|Protect|p1a: Raging Neck\n|-singleturn|p1a: Raging Neck|Protect\n|move|p2b: Incineroar|Knock Off|p1a: Raging Neck\n|-activate|p1a: Raging Neck|move: Protect\n|move|p2a: Rillaboom|Wood Hammer|p1a: Raging Neck\n|-activate|p1a: Raging Neck|move: Protect\n|\n|upkeep\n|turn|18\n|\n|t:|1736133627\n|move|p1a: Raging Neck|Thunderclap|p2b: Incineroar\n|-damage|p2b: Incineroar|11\/100\n|-damage|p1a: Raging Neck|12\/100|[from] item: Life Orb\n|move|p2b: Incineroar|Knock Off|p1a: Raging Neck\n|-damage|p1a: Raging Neck|0 fnt\n|-enditem|p1a: Raging Neck|Life Orb|[from] move: Knock Off|[of] p2b: Incineroar\n|faint|p1a: Raging Neck\n|-end|p1a: Raging Neck|Protosynthesis|[silent]\n|\n|win|jerryxue\n|raw|fightingiowa233's rating: 1553 &rarr; <strong>1531<\/strong><br \/>(-22 for losing)\n|raw|jerryxue's rating: 1514 &rarr; <strong>1536<\/strong><br \/>(+22 for winning)\n|c|\u2606fightingiowa233|gg\n|l|\u2606fightingiowa233\n|player|p1|\n|l|\u2606jerryxue\n|player|p2|\n|l| futonkagebunshin\n","uploadtime":1736133807,"views":20,"formatid":"gen9vgc2025regg","rating":1531,"private":0,"password":null}