{"id":"gen9vgc2025regg-2275080836","format":"[Gen 9] VGC 2025 Reg G","players":["MakesSenseVGC","Onemagician4496"],"log":"|j|\u2606MakesSenseVGC\n|j|\u2606Onemagician4496\n|t:|1736027245\n|gametype|doubles\n|player|p1|MakesSenseVGC|102|1607\n|player|p2|Onemagician4496|ethan|1616\n|teamsize|p1|6\n|teamsize|p2|6\n|gen|9\n|tier|[Gen 9] VGC 2025 Reg G\n|rated|\n|rule|Species Clause: Limit one of each Pok\u00e9mon\n|rule|Item Clause: Limit 1 of each item\n|clearpoke\n|poke|p1|Tatsugiri-Droopy, L50, F|\n|poke|p1|Calyrex-Shadow, L50|\n|poke|p1|Weezing-Galar, L50, M|\n|poke|p1|Indeedee-F, L50, F|\n|poke|p1|Dondozo, L50, M|\n|poke|p1|Grimmsnarl, L50, M|\n|poke|p2|Koraidon, L50|\n|poke|p2|Raging Bolt, L50|\n|poke|p2|Ogerpon-Cornerstone, L50, F|\n|poke|p2|Flutter Mane, L50|\n|poke|p2|Ditto, L50|\n|poke|p2|Chi-Yu, L50|\n|teampreview|4\nOnemagician4496 has agreed to open team sheets.\nMakesSenseVGC has agreed to open team sheets.\n|showteam|p1|Tatsugiri-Droopy||FocusSash|Commander|DracoMeteor,MuddyWater,HelpingHand,Protect|||F|||50|,,,,,Stellar]Calyrex-Shadow||LifeOrb|AsOneSpectrier|AstralBarrage,ExpandingForce,PollenPuff,Protect||||||50|,,,,,Normal]Weezing-Galar||MentalHerb|NeutralizingGas|ToxicSpikes,DazzlingGleam,PoisonGas,Protect|||M|||50|,,,,,Grass]Indeedee-F||SafetyGoggles|PsychicSurge|FollowMe,HelpingHand,Psyshock,TrickRoom|||F|||50|,,,,,Water]Dondozo||Leftovers|Unaware|WaveCrash,OrderUp,Protect,BodyPress|||M|||50|,,,,,Grass]Grimmsnarl||LightClay|Prankster|ThunderWave,LightScreen,Reflect,SpiritBreak|||M|||50|,,,,,Ghost\n|showteam|p2|Koraidon||ClearAmulet|OrichalcumPulse|Protect,FlareBlitz,CollisionCourse,FlameCharge||||||50|,,,,,Fire]Raging Bolt||AssaultVest|Protosynthesis|VoltSwitch,Thunderclap,DracoMeteor,Thunderbolt||||||50|,,,,,Electric]Ogerpon-Cornerstone||CornerstoneMask|Sturdy|IvyCudgel,PowerWhip,SpikyShield,FollowMe|||F|||50|,,,,,Rock]Flutter Mane||BoosterEnergy|Protosynthesis|Protect,IcyWind,Moonblast,SunnyDay||||||50|,,,,,Fairy]Ditto||FocusSash|Imposter|Transform||||||50|,,,,,Ghost]Chi-Yu||CovertCloak|BeadsofRuin|HeatWave,Snarl,Overheat,Taunt||||||50|,,,,,Water\n|j| Anonymoongus\n|inactive|Battle timer is ON: inactive players will automatically lose when time's up. (requested by Onemagician4496)\n|\n|t:|1736027289\n|start\n|switch|p1a: Grimmsnarl|Grimmsnarl, L50, M|100\/100\n|switch|p1b: Dondozo|Dondozo, L50, M|100\/100\n|switch|p2a: Raging Bolt|Raging Bolt, L50|100\/100\n|switch|p2b: Flutter Mane|Flutter Mane, L50|100\/100\n|-enditem|p2b: Flutter Mane|Booster Energy\n|-activate|p2b: Flutter Mane|ability: Protosynthesis|[fromitem]\n|-start|p2b: Flutter Mane|protosynthesisspe\n|turn|1\n|\n|t:|1736027311\n|move|p1b: Dondozo|Protect|p1b: Dondozo\n|-singleturn|p1b: Dondozo|Protect\n|move|p1a: Grimmsnarl|Light Screen|p1a: Grimmsnarl\n|-sidestart|p1: MakesSenseVGC|move: Light Screen\n|move|p2b: Flutter Mane|Moonblast|p1a: Grimmsnarl\n|-supereffective|p1a: Grimmsnarl\n|-damage|p1a: Grimmsnarl|59\/100\n|move|p2a: Raging Bolt|Thunderbolt|p1b: Dondozo\n|-activate|p1b: Dondozo|move: Protect\n|\n|upkeep\n|turn|2\n|\n|t:|1736027336\n|-terastallize|p1b: Dondozo|Grass\n|move|p1a: Grimmsnarl|Thunder Wave|p2b: Flutter Mane\n|-status|p2b: Flutter Mane|par\n|move|p2b: Flutter Mane|Icy Wind|p1b: Dondozo|[spread] p1a,p1b\n|-supereffective|p1b: Dondozo\n|-damage|p1a: Grimmsnarl|52\/100\n|-damage|p1b: Dondozo|85\/100\n|-unboost|p1a: Grimmsnarl|spe|1\n|-unboost|p1b: Dondozo|spe|1\n|move|p2a: Raging Bolt|Thunderbolt|p1b: Dondozo\n|-resisted|p1b: Dondozo\n|-damage|p1b: Dondozo|67\/100\n|move|p1b: Dondozo|Wave Crash|p2b: Flutter Mane\n|-damage|p2b: Flutter Mane|40\/100 par\n|-damage|p1b: Dondozo|55\/100|[from] Recoil\n|\n|-heal|p1b: Dondozo|61\/100|[from] item: Leftovers\n|upkeep\n|turn|3\n|\n|t:|1736027356\n|move|p1b: Dondozo|Protect|p1b: Dondozo\n|-singleturn|p1b: Dondozo|Protect\n|move|p2b: Flutter Mane|Moonblast|p1a: Grimmsnarl\n|-supereffective|p1a: Grimmsnarl\n|-damage|p1a: Grimmsnarl|11\/100\n|move|p2a: Raging Bolt|Thunderbolt|p1a: Grimmsnarl\n|-damage|p1a: Grimmsnarl|0 fnt\n|faint|p1a: Grimmsnarl\n|\n|-heal|p1b: Dondozo|67\/100|[from] item: Leftovers\n|upkeep\n|\n|t:|1736027363\n|switch|p1a: Calyrex|Calyrex-Shadow, L50|100\/100\n|-ability|p1a: Calyrex|As One\n|-ability|p1a: Calyrex|Unnerve\n|turn|4\n|\n|t:|1736027380\n|-terastallize|p2a: Raging Bolt|Electric\n|move|p1a: Calyrex|Astral Barrage|p2b: Flutter Mane|[spread] p2a,p2b\n|-supereffective|p2b: Flutter Mane\n|-damage|p2a: Raging Bolt|60\/100\n|-damage|p2b: Flutter Mane|0 fnt\n|faint|p2b: Flutter Mane\n|-end|p2b: Flutter Mane|Protosynthesis|[silent]\n|-ability|p1a: Calyrex|Grim Neigh|boost\n|-boost|p1a: Calyrex|spa|1\n|-damage|p1a: Calyrex|91\/100|[from] item: Life Orb\n|move|p2a: Raging Bolt|Thunderbolt|p1a: Calyrex\n|-damage|p1a: Calyrex|47\/100\n|move|p1b: Dondozo|Order Up|p2a: Raging Bolt\n|-damage|p2a: Raging Bolt|45\/100\n|\n|-heal|p1b: Dondozo|74\/100|[from] item: Leftovers\n|upkeep\n|\n|t:|1736027399\n|switch|p2b: Ditto|Ditto, L50|100\/100\n|-transform|p2b: Ditto|p1a: Calyrex|[from] ability: Imposter\n|-ability|p2b: Ditto|As One\n|-ability|p2b: Ditto|Unnerve\n|turn|5\n|inactive|MakesSenseVGC has 30 seconds left.\n|\n|t:|1736027432\n|move|p2a: Raging Bolt|Thunderclap|p1b: Dondozo\n|-resisted|p1b: Dondozo\n|-damage|p1b: Dondozo|57\/100\n|move|p2b: Ditto|Astral Barrage|p1a: Calyrex|[spread] p1a,p1b\n|-supereffective|p1a: Calyrex\n|-damage|p1a: Calyrex|0 fnt\n|-damage|p1b: Dondozo|23\/100\n|faint|p1a: Calyrex\n|-ability|p2b: Ditto|Grim Neigh|boost\n|-boost|p2b: Ditto|spa|1\n|move|p1b: Dondozo|Order Up|p2b: Ditto\n|-damage|p2b: Ditto|74\/100\n|\n|-heal|p1b: Dondozo|29\/100|[from] item: Leftovers\n|upkeep\n|\n|t:|1736027446\n|switch|p1a: Tatsugiri|Tatsugiri-Droopy, L50, F|100\/100\n|-activate|p1a: Tatsugiri|ability: Commander|[of] p1b: Dondozo\n|-boost|p1b: Dondozo|atk|2\n|-boost|p1b: Dondozo|spa|2\n|-boost|p1b: Dondozo|spe|2\n|-boost|p1b: Dondozo|def|2\n|-boost|p1b: Dondozo|spd|2\n|turn|6\n|\n|t:|1736027456\n|move|p2b: Ditto|Pollen Puff|p1b: Dondozo\n|-supereffective|p1b: Dondozo\n|-damage|p1b: Dondozo|3\/100\n|move|p2a: Raging Bolt|Draco Meteor|p1b: Dondozo\n|-damage|p1b: Dondozo|0 fnt\n|-unboost|p2a: Raging Bolt|spa|2\n|faint|p1b: Dondozo\n|\n|upkeep\n|turn|7\n|-message|MakesSenseVGC forfeited.\n|\n|win|Onemagician4496\n|raw|MakesSenseVGC's rating: 1607 &rarr; <strong>1588<\/strong><br \/>(-19 for losing)\n|raw|Onemagician4496's rating: 1616 &rarr; <strong>1635<\/strong><br \/>(+19 for winning)\n|l|\u2606MakesSenseVGC\n|player|p1|\n|l| Anonymoongus\n|l|\u2606Onemagician4496\n|player|p2|\n","uploadtime":1736027737,"views":59,"formatid":"gen9vgc2025regg","rating":1588,"private":0,"password":null}