{"id":"gen9vgc2025regg-2275645942","format":"[Gen 9] VGC 2025 Reg G","players":["nbadrose2","Slackermaru"],"log":"|j|\u2606nbadrose2\n|j|\u2606Slackermaru\n|t:|1736113038\n|gametype|doubles\n|player|p1|nbadrose2|bea|1584\n|player|p2|Slackermaru|workerice|1563\n|teamsize|p1|6\n|teamsize|p2|6\n|gen|9\n|tier|[Gen 9] VGC 2025 Reg G\n|rated|\n|rule|Species Clause: Limit one of each Pok\u00e9mon\n|rule|Item Clause: Limit 1 of each item\n|clearpoke\n|poke|p1|Calyrex-Ice, L50|\n|poke|p1|Urshifu-*, L50, M|\n|poke|p1|Incineroar, L50, M|\n|poke|p1|Rillaboom, L50, M|\n|poke|p1|Raging Bolt, L50|\n|poke|p1|Flutter Mane, L50|\n|poke|p2|Calyrex-Shadow, L50|\n|poke|p2|Urshifu-*, L50, F|\n|poke|p2|Rillaboom, L50, F|\n|poke|p2|Incineroar, L50, F|\n|poke|p2|Raging Bolt, L50|\n|poke|p2|Amoonguss, L50, F|\n|teampreview|4\n|\n|t:|1736113100\n|start\n|switch|p1a: Incineroar|Incineroar, L50, M|100\/100\n|switch|p1b: Calyrex|Calyrex-Ice, L50|100\/100\n|switch|p2a: Urshifu|Urshifu-Rapid-Strike, L50, F|100\/100\n|switch|p2b: Incineroar|Incineroar, L50, F|100\/100\n|-ability|p1b: Calyrex|As One\n|-ability|p1b: Calyrex|Unnerve\n|-ability|p1a: Incineroar|Intimidate|boost\n|-unboost|p2a: Urshifu|atk|1\n|-unboost|p2b: Incineroar|atk|1\n|-ability|p2b: Incineroar|Intimidate|boost\n|-unboost|p1a: Incineroar|atk|1\n|-fail|p1b: Calyrex|unboost|[from] item: Clear Amulet|[of] p1b: Calyrex\n|turn|1\n|\n|t:|1736113136\n|-terastallize|p1b: Calyrex|Fire\n|move|p2a: Urshifu|Detect|p2a: Urshifu\n|-singleturn|p2a: Urshifu|Protect\n|move|p1a: Incineroar|Fake Out|p2a: Urshifu\n|-activate|p2a: Urshifu|move: Protect\n|move|p2b: Incineroar|Will-O-Wisp|p1b: Calyrex\n|-immune|p1b: Calyrex\n|move|p1b: Calyrex|High Horsepower|p2b: Incineroar\n|-supereffective|p2b: Incineroar\n|-damage|p2b: Incineroar|40\/100\n|-damage|p1b: Calyrex|84\/100|[from] item: Rocky Helmet|[of] p2b: Incineroar\n|\n|upkeep\n|turn|2\n|\n|t:|1736113167\n|switch|p1a: Rillaboom|Rillaboom, L50, M|100\/100\n|-fieldstart|move: Grassy Terrain|[from] ability: Grassy Surge|[of] p1a: Rillaboom\n|switch|p1b: Urshifu|Urshifu-Rapid-Strike, L50, M|100\/100\n|move|p2a: Urshifu|Surging Strikes|p1b: Urshifu\n|-resisted|p1b: Urshifu\n|-crit|p1b: Urshifu\n|-damage|p1b: Urshifu|90\/100\n|-resisted|p1b: Urshifu\n|-crit|p1b: Urshifu\n|-damage|p1b: Urshifu|80\/100\n|-resisted|p1b: Urshifu\n|-crit|p1b: Urshifu\n|-damage|p1b: Urshifu|71\/100\n|-hitcount|p1b: Urshifu|3\n|move|p2b: Incineroar|Parting Shot|p1a: Rillaboom\n|-unboost|p1a: Rillaboom|atk|1\n|-unboost|p1a: Rillaboom|spa|1\n|\n|t:|1736113182\n|switch|p2b: Amoonguss|Amoonguss, L50, F|100\/100|[from] Parting Shot\n|\n|-heal|p1b: Urshifu|77\/100|[from] Grassy Terrain\n|upkeep\n|turn|3\n|\n|t:|1736113196\n|switch|p2a: Incineroar|Incineroar, L50, F|40\/100\n|-ability|p2a: Incineroar|Intimidate|boost\n|-unboost|p1a: Rillaboom|atk|1\n|-unboost|p1b: Urshifu|atk|1\n|switch|p1b: Incineroar|Incineroar, L50, M|100\/100\n|-ability|p1b: Incineroar|Intimidate|boost\n|-unboost|p2a: Incineroar|atk|1\n|-unboost|p2b: Amoonguss|atk|1\n|move|p1a: Rillaboom|Fake Out|p2a: Incineroar\n|-damage|p2a: Incineroar|35\/100\n|-damage|p1a: Rillaboom|84\/100|[from] item: Rocky Helmet|[of] p2a: Incineroar\n|move|p2b: Amoonguss|Spore|p1b: Incineroar\n|-activate|p1b: Incineroar|item: Safety Goggles|Spore\n|\n|-heal|p1a: Rillaboom|90\/100|[from] Grassy Terrain\n|-heal|p2a: Incineroar|41\/100|[from] Grassy Terrain\n|upkeep\n|turn|4\n|\n|t:|1736113242\n|move|p1b: Incineroar|Fake Out|p2a: Incineroar\n|-damage|p2a: Incineroar|33\/100\n|-damage|p1b: Incineroar|84\/100|[from] item: Rocky Helmet|[of] p2a: Incineroar\n|cant|p2a: Incineroar|flinch\n|move|p1a: Rillaboom|Wood Hammer|p2a: Incineroar\n|-resisted|p2a: Incineroar\n|-damage|p2a: Incineroar|19\/100\n|-damage|p1a: Rillaboom|73\/100|[from] item: Rocky Helmet|[of] p2a: Incineroar\n|-damage|p1a: Rillaboom|69\/100|[from] Recoil\n|move|p2b: Amoonguss|Sludge Bomb|p1a: Rillaboom\n|-supereffective|p1a: Rillaboom\n|-damage|p1a: Rillaboom|28\/100\n|\n|-heal|p1a: Rillaboom|33\/100|[from] Grassy Terrain\n|-heal|p1b: Incineroar|90\/100|[from] Grassy Terrain\n|-heal|p2a: Incineroar|25\/100|[from] Grassy Terrain\n|upkeep\n|turn|5\n|\n|t:|1736113281\n|move|p1a: Rillaboom|Wood Hammer|p2a: Incineroar\n|-resisted|p2a: Incineroar\n|-damage|p2a: Incineroar|12\/100\n|-damage|p1a: Rillaboom|17\/100|[from] item: Rocky Helmet|[of] p2a: Incineroar\n|-damage|p1a: Rillaboom|13\/100|[from] Recoil\n|move|p1b: Incineroar|Knock Off|p2a: Incineroar\n|-resisted|p2a: Incineroar\n|-crit|p2a: Incineroar\n|-damage|p2a: Incineroar|0 fnt\n|-damage|p1b: Incineroar|74\/100|[from] item: Rocky Helmet|[of] p2a: Incineroar\n|-enditem|p2a: Incineroar|Rocky Helmet|[from] move: Knock Off|[of] p1b: Incineroar\n|faint|p2a: Incineroar\n|move|p2b: Amoonguss|Sludge Bomb|p1b: Incineroar\n|-crit|p1b: Incineroar\n|-damage|p1b: Incineroar|34\/100\n|-status|p1b: Incineroar|psn\n|\n|-heal|p1a: Rillaboom|18\/100|[from] Grassy Terrain\n|-heal|p1b: Incineroar|40\/100 psn|[from] Grassy Terrain\n|-damage|p1b: Incineroar|27\/100 psn|[from] psn\n|upkeep\n|\n|t:|1736113300\n|switch|p2a: Calyrex|Calyrex-Shadow, L50|100\/100\n|-ability|p2a: Calyrex|As One\n|-ability|p2a: Calyrex|Unnerve\n|turn|6\n|j| surgevgc\n|j| averno di mundi\n|j| Lavenderawa\n|\n|t:|1736113323\n|-terastallize|p2a: Calyrex|Normal\n|move|p1a: Rillaboom|Grassy Glide|p2a: Calyrex\n|-damage|p2a: Calyrex|83\/100\n|move|p2a: Calyrex|Astral Barrage|p1b: Incineroar|[spread] p1a,p1b\n|-resisted|p1b: Incineroar\n|-damage|p1a: Rillaboom|0 fnt\n|-damage|p1b: Incineroar|0 fnt\n|faint|p1a: Rillaboom\n|faint|p1b: Incineroar\n|-ability|p2a: Calyrex|Grim Neigh|boost\n|-boost|p2a: Calyrex|spa|2\n|move|p2b: Amoonguss|Spore|p1: Rillaboom|[notarget]\n|-fail|p2b: Amoonguss\n|\n|-heal|p2a: Calyrex|89\/100|[from] Grassy Terrain\n|-fieldend|move: Grassy Terrain\n|upkeep\n|-message|nbadrose2 forfeited.\n|\n|win|Slackermaru\n|raw|nbadrose2's rating: 1584 &rarr; <strong>1563<\/strong><br \/>(-21 for losing)\n|raw|Slackermaru's rating: 1563 &rarr; <strong>1584<\/strong><br \/>(+21 for winning)\n|l|\u2606nbadrose2\n|player|p1|\n|l| surgevgc\n|l| averno di mundi\n|l| Lavenderawa\n","uploadtime":1736113567,"views":278,"formatid":"gen9vgc2025regg","rating":1563,"private":0,"password":null}