{"id":"gen9vgc2025regg-2275152624","format":"[Gen 9] VGC 2025 Reg G","players":["Duryodhan","SeaWolfMikess"],"log":"|j|\u2606Duryodhan\n|j|\u2606SeaWolfMikess\n|t:|1736036498\n|gametype|doubles\n|player|p1|Duryodhan|265|1543\n|player|p2|SeaWolfMikess|hugh|1690\n|teamsize|p1|6\n|teamsize|p2|6\n|gen|9\n|tier|[Gen 9] VGC 2025 Reg G\n|rated|\n|rule|Species Clause: Limit one of each Pok\u00e9mon\n|rule|Item Clause: Limit 1 of each item\n|clearpoke\n|poke|p1|Calyrex-Ice, L50|\n|poke|p1|Indeedee-F, L50, F|\n|poke|p1|Annihilape, L50, M|\n|poke|p1|Torkoal, L50, M|\n|poke|p1|Amoonguss, L50, M|\n|poke|p1|Ursaluna, L50, M|\n|poke|p2|Calyrex-Ice, L50|\n|poke|p2|Urshifu-*, L50, F|\n|poke|p2|Ogerpon-Cornerstone, L50, F|\n|poke|p2|Rillaboom, L50, F|\n|poke|p2|Raging Bolt, L50|\n|poke|p2|Chi-Yu, L50|\n|teampreview|4\n|j| Llayxx\n|\n|t:|1736036539\n|start\n|switch|p1a: Calyrex|Calyrex-Ice, L50|100\/100\n|switch|p1b: Annihilape|Annihilape, L50, M|100\/100\n|switch|p2a: Chi-Yu|Chi-Yu, L50|100\/100\n|switch|p2b: Raging Bolt|Raging Bolt, L50|100\/100\n|-ability|p1a: Calyrex|As One\n|-ability|p1a: Calyrex|Unnerve\n|-ability|p2a: Chi-Yu|Beads of Ruin\n|-enditem|p2b: Raging Bolt|Booster Energy\n|-activate|p2b: Raging Bolt|ability: Protosynthesis|[fromitem]\n|-start|p2b: Raging Bolt|protosynthesisspa\n|turn|1\n|\n|t:|1736036548\n|move|p1b: Annihilape|Final Gambit|p2a: Chi-Yu\n|-damage|p2a: Chi-Yu|0 fnt\n|faint|p1b: Annihilape\n|faint|p2a: Chi-Yu\n|move|p2b: Raging Bolt|Draco Meteor|p1a: Calyrex\n|-damage|p1a: Calyrex|35\/100\n|-unboost|p2b: Raging Bolt|spa|2\n|move|p1a: Calyrex|Trick Room|p1a: Calyrex\n|-fieldstart|move: Trick Room|[of] p1a: Calyrex\n|\n|upkeep\n|\n|t:|1736036562\n|switch|p2a: Urshifu|Urshifu-Rapid-Strike, L50, F|100\/100\n|switch|p1b: Torkoal|Torkoal, L50, M|100\/100\n|-weather|SunnyDay|[from] ability: Drought|[of] p1b: Torkoal\n|turn|2\n|\n|t:|1736036583\n|move|p2b: Raging Bolt|Protect|p2b: Raging Bolt\n|-singleturn|p2b: Raging Bolt|Protect\n|move|p2a: Urshifu|Detect|p2a: Urshifu\n|-singleturn|p2a: Urshifu|Protect\n|move|p1b: Torkoal|Solar Beam||[still]\n|-prepare|p1b: Torkoal|Solar Beam\n|-anim|p1b: Torkoal|Solar Beam|p2a: Urshifu\n|-activate|p2a: Urshifu|move: Protect\n|move|p1a: Calyrex|Glacial Lance|p2a: Urshifu|[spread] \n|-activate|p2a: Urshifu|move: Protect\n|-activate|p2b: Raging Bolt|move: Protect\n|\n|-weather|SunnyDay|[upkeep]\n|upkeep\n|turn|3\n|\n|t:|1736036602\n|-terastallize|p2b: Raging Bolt|Electric\n|move|p2b: Raging Bolt|Thunderclap|p1a: Calyrex\n|-damage|p1a: Calyrex|10\/100\n|move|p1b: Torkoal|Solar Beam||[still]\n|-prepare|p1b: Torkoal|Solar Beam\n|-anim|p1b: Torkoal|Solar Beam|p2a: Urshifu\n|-supereffective|p2a: Urshifu\n|-enditem|p2a: Urshifu|Focus Sash\n|-damage|p2a: Urshifu|1\/100\n|move|p1a: Calyrex|Glacial Lance|p2a: Urshifu|[spread] p2a,p2b\n|-resisted|p2a: Urshifu\n|-damage|p2a: Urshifu|0 fnt\n|-damage|p2b: Raging Bolt|48\/100\n|faint|p2a: Urshifu\n|-ability|p1a: Calyrex|Chilling Neigh|boost\n|-boost|p1a: Calyrex|atk|1\n|\n|-weather|SunnyDay|[upkeep]\n|upkeep\n|\n|t:|1736036608\n|switch|p2a: Ogerpon|Ogerpon-Cornerstone, L50, F|100\/100\n|turn|4\n|\n|t:|1736036644\n|switch|p1a: Ursaluna|Ursaluna, L50, M|100\/100\n|-terastallize|p1b: Torkoal|Grass\n|move|p2b: Raging Bolt|Protect|p2b: Raging Bolt\n|-singleturn|p2b: Raging Bolt|Protect\n|move|p2a: Ogerpon|Spiky Shield|p2a: Ogerpon\n|-singleturn|p2a: Ogerpon|move: Protect\n|move|p1b: Torkoal|Eruption|p2a: Ogerpon|[spread] \n|-activate|p2a: Ogerpon|move: Protect\n|-activate|p2b: Raging Bolt|move: Protect\n|\n|-weather|SunnyDay|[upkeep]\n|-status|p1a: Ursaluna|brn|[from] item: Flame Orb\n|upkeep\n|turn|5\n|\n|t:|1736036658\n|move|p2b: Raging Bolt|Protect||[still]\n|-fail|p2b: Raging Bolt\n|move|p2a: Ogerpon|Spiky Shield||[still]\n|-fail|p2a: Ogerpon\n|move|p1b: Torkoal|Eruption|p2a: Ogerpon|[spread] p2a,p2b\n|-damage|p2a: Ogerpon|9\/100\n|-damage|p2b: Raging Bolt|0 fnt\n|faint|p2b: Raging Bolt\n|-end|p2b: Raging Bolt|Protosynthesis|[silent]\n|move|p1a: Ursaluna|Earthquake|p2a: Ogerpon|[spread] p1b,p2a\n|-resisted|p1b: Torkoal\n|-damage|p1b: Torkoal|73\/100\n|-damage|p2a: Ogerpon|0 fnt\n|faint|p2a: Ogerpon\n|\n|win|Duryodhan\n|raw|Duryodhan's rating: 1543 &rarr; <strong>1571<\/strong><br \/>(+28 for winning)\n|raw|SeaWolfMikess's rating: 1690 &rarr; <strong>1662<\/strong><br \/>(-28 for losing)\n|l|\u2606SeaWolfMikess\n|player|p2|\n|l| Llayxx\n|l|\u2606Duryodhan\n|player|p1|\n","uploadtime":1736036862,"views":303,"formatid":"gen9vgc2025regg","rating":1571,"private":0,"password":null}