{"id":"gen9vgc2025regg-2275417838","format":"[Gen 9] VGC 2025 Reg G","players":["Tausendwandler","chasemeshell"],"log":"|j|\u2606Tausendwandler\n|j|\u2606chasemeshell\n|t:|1736082779\n|gametype|doubles\n|player|p1|Tausendwandler|265|1576\n|player|p2|chasemeshell|brawly|1616\n|teamsize|p1|6\n|teamsize|p2|6\n|gen|9\n|tier|[Gen 9] VGC 2025 Reg G\n|rated|\n|rule|Species Clause: Limit one of each Pok\u00e9mon\n|rule|Item Clause: Limit 1 of each item\n|clearpoke\n|poke|p1|Tatsugiri, L50, M|\n|poke|p1|Chi-Yu, L50|\n|poke|p1|Dondozo, L50, F|\n|poke|p1|Miraidon, L50|\n|poke|p1|Torkoal, L50, M|\n|poke|p1|Farigiraf, L50, F|\n|poke|p2|Calyrex-Shadow, L50|\n|poke|p2|Raging Bolt, L50|\n|poke|p2|Rillaboom, L50, F|\n|poke|p2|Urshifu-*, L50, F|\n|poke|p2|Ogerpon-Hearthflame, L50, F|\n|poke|p2|Tornadus, L50, M|\n|teampreview|4\n|inactive|Battle timer is ON: inactive players will automatically lose when time's up. (requested by chasemeshell)\n|inactive|Tausendwandler also wants the timer to be on.\n|inactive|chasemeshell has 60 seconds left.\n|\n|t:|1736082810\n|start\n|switch|p1a: Chi-Yu|Chi-Yu, L50|100\/100\n|switch|p1b: Miraidon|Miraidon, L50|100\/100\n|switch|p2a: Tornadus|Tornadus, L50, M|100\/100\n|switch|p2b: Calyrex|Calyrex-Shadow, L50|100\/100\n|-ability|p2b: Calyrex|As One\n|-ability|p2b: Calyrex|Unnerve\n|-fieldstart|move: Electric Terrain|[from] ability: Hadron Engine|[of] p1b: Miraidon\n|-ability|p1a: Chi-Yu|Beads of Ruin\n|turn|1\n|inactive|chasemeshell has 30 seconds left.\n|inactive|Tausendwandler has 30 seconds left.\n|\n|t:|1736082840\n|move|p2a: Tornadus|Protect|p2a: Tornadus\n|-singleturn|p2a: Tornadus|Protect\n|move|p2b: Calyrex|Protect|p2b: Calyrex\n|-singleturn|p2b: Calyrex|Protect\n|move|p1b: Miraidon|Volt Switch|p2a: Tornadus\n|-activate|p2a: Tornadus|move: Protect\n|move|p1a: Chi-Yu|Overheat|p2b: Calyrex\n|-activate|p2b: Calyrex|move: Protect\n|\n|upkeep\n|turn|2\n|\n|t:|1736082856\n|move|p2a: Tornadus|Tailwind|p2a: Tornadus\n|-sidestart|p2: chasemeshell|move: Tailwind\n|move|p2b: Calyrex|Astral Barrage|p1a: Chi-Yu|[spread] p1a,p1b\n|-resisted|p1a: Chi-Yu\n|-damage|p1a: Chi-Yu|62\/100\n|-damage|p1b: Miraidon|46\/100\n|move|p1b: Miraidon|Volt Switch|p2a: Tornadus\n|-supereffective|p2a: Tornadus\n|-damage|p2a: Tornadus|0 fnt\n|faint|p2a: Tornadus\n|\n|t:|1736082861\n|switch|p1b: Dondozo|Dondozo, L50, F|100\/100|[from] Volt Switch\n|move|p1a: Chi-Yu|Overheat|p2b: Calyrex|[miss]\n|-miss|p1a: Chi-Yu|p2b: Calyrex\n|\n|upkeep\n|\n|t:|1736082884\n|switch|p2a: Urshifu|Urshifu-Rapid-Strike, L50, F|100\/100\n|turn|3\n|\n|t:|1736082906\n|switch|p1a: Tatsugiri|Tatsugiri, L50, M|100\/100\n|-activate|p1a: Tatsugiri|ability: Commander|[of] p1b: Dondozo\n|-boost|p1b: Dondozo|atk|2\n|-boost|p1b: Dondozo|spa|2\n|-boost|p1b: Dondozo|spe|2\n|-boost|p1b: Dondozo|def|2\n|-boost|p1b: Dondozo|spd|2\n|move|p2b: Calyrex|Psychic|p1b: Dondozo\n|-damage|p1b: Dondozo|69\/100\n|move|p2a: Urshifu|Surging Strikes|p1a: Tatsugiri|[miss]\n|-miss|p2a: Urshifu|p1a: Tatsugiri\n|move|p1b: Dondozo|Earthquake|p2b: Calyrex|[spread] p2a,p2b\n|-miss|p1b: Dondozo|p1a: Tatsugiri\n|-damage|p2a: Urshifu|59\/100\n|-damage|p2b: Calyrex|59\/100\n|\n|-heal|p1b: Dondozo|75\/100|[from] item: Leftovers\n|upkeep\n|turn|4\n|\n|t:|1736082925\n|move|p2b: Calyrex|Psychic|p1b: Dondozo\n|-damage|p1b: Dondozo|43\/100\n|move|p2a: Urshifu|Surging Strikes|p1b: Dondozo\n|-resisted|p1b: Dondozo\n|-crit|p1b: Dondozo\n|-damage|p1b: Dondozo|36\/100\n|-resisted|p1b: Dondozo\n|-crit|p1b: Dondozo\n|-damage|p1b: Dondozo|29\/100\n|-resisted|p1b: Dondozo\n|-crit|p1b: Dondozo\n|-damage|p1b: Dondozo|22\/100\n|-hitcount|p1b: Dondozo|3\n|move|p1b: Dondozo|Order Up|p2b: Calyrex\n|-damage|p2b: Calyrex|9\/100\n|-boost|p1b: Dondozo|atk|1\n|\n|-heal|p1b: Dondozo|28\/100|[from] item: Leftovers\n|upkeep\n|turn|5\n|inactive|chasemeshell has 30 seconds left.\n|\n|t:|1736082952\n|move|p1b: Dondozo|Protect|p1b: Dondozo\n|-singleturn|p1b: Dondozo|Protect\n|move|p2b: Calyrex|Psychic|p1b: Dondozo\n|-activate|p1b: Dondozo|move: Protect\n|move|p2a: Urshifu|Close Combat|p1b: Dondozo\n|-damage|p1b: Dondozo|5\/100\n|-unboost|p2a: Urshifu|def|1\n|-unboost|p2a: Urshifu|spd|1\n|\n|-heal|p1b: Dondozo|11\/100|[from] item: Leftovers\n|-sideend|p2: chasemeshell|move: Tailwind\n|-fieldend|move: Electric Terrain\n|upkeep\n|turn|6\n|\n|t:|1736082967\n|move|p1b: Dondozo|Protect||[still]\n|-fail|p1b: Dondozo\n|move|p2b: Calyrex|Psychic|p1b: Dondozo\n|-damage|p1b: Dondozo|0 fnt\n|faint|p1b: Dondozo\n|-ability|p2b: Calyrex|Grim Neigh|boost\n|-boost|p2b: Calyrex|spa|1\n|move|p2a: Urshifu|Close Combat|p1a: Tatsugiri\n|-damage|p1a: Tatsugiri|7\/100\n|-unboost|p2a: Urshifu|def|1\n|-unboost|p2a: Urshifu|spd|1\n|\n|upkeep\n|j| Bob Stagoon\n|\n|t:|1736082979\n|switch|p1b: Miraidon|Miraidon, L50|46\/100\n|-fieldstart|move: Electric Terrain|[from] ability: Hadron Engine|[of] p1b: Miraidon\n|turn|7\n|\n|t:|1736083001\n|move|p2b: Calyrex|Protect|p2b: Calyrex\n|-singleturn|p2b: Calyrex|Protect\n|move|p2a: Urshifu|Protect|p2a: Urshifu\n|-singleturn|p2a: Urshifu|Protect\n|move|p1a: Tatsugiri|Muddy Water|p2a: Urshifu|[spread] \n|-activate|p2a: Urshifu|move: Protect\n|-activate|p2b: Calyrex|move: Protect\n|move|p1b: Miraidon|Dazzling Gleam|p2a: Urshifu|[spread] \n|-activate|p2a: Urshifu|move: Protect\n|-activate|p2b: Calyrex|move: Protect\n|\n|upkeep\n|turn|8\n|\n|t:|1736083020\n|move|p2a: Urshifu|Aqua Jet|p1a: Tatsugiri\n|-resisted|p1a: Tatsugiri\n|-damage|p1a: Tatsugiri|0 fnt\n|faint|p1a: Tatsugiri\n|move|p1b: Miraidon|Dazzling Gleam|p2b: Calyrex|[spread] p2a,p2b\n|-supereffective|p2a: Urshifu\n|-damage|p2a: Urshifu|0 fnt\n|-damage|p2b: Calyrex|0 fnt\n|faint|p2a: Urshifu\n|faint|p2b: Calyrex\n|\n|upkeep\n|\n|t:|1736083029\n|switch|p2a: Ogerpon|Ogerpon-Hearthflame, L50, F|100\/100\n|switch|p1a: Chi-Yu|Chi-Yu, L50|62\/100\n|-ability|p1a: Chi-Yu|Beads of Ruin\n|-ability|p2a: Ogerpon|Mold Breaker\n|turn|9\n|\n|t:|1736083041\n|-terastallize|p2a: Ogerpon|Fire\n|detailschange|p2a: Ogerpon|Ogerpon-Hearthflame-Tera, L50, F, tera:Fire\n|-ability|p2a: Ogerpon|Embody Aspect (Hearthflame)|boost\n|-boost|p2a: Ogerpon|atk|1\n|move|p1b: Miraidon|Electro Drift|p2a: Ogerpon\n|-damage|p2a: Ogerpon|0 fnt\n|faint|p2a: Ogerpon\n|\n|win|Tausendwandler\n|raw|Tausendwandler's rating: 1576 &rarr; <strong>1598<\/strong><br \/>(+22 for winning)\n|raw|chasemeshell's rating: 1616 &rarr; <strong>1594<\/strong><br \/>(-22 for losing)\n|l|\u2606chasemeshell\n|player|p2|\n|l|\u2606Tausendwandler\n|player|p1|\n|l| Bob Stagoon\n","uploadtime":1736083291,"views":277,"formatid":"gen9vgc2025regg","rating":1594,"private":0,"password":null}