{"id":"gen9vgc2025regg-2275703023","format":"[Gen 9] VGC 2025 Reg G","players":["caZISA","Aki Hoshino"],"log":"|j|\u2606caZISA\n|j|\u2606Aki Hoshino\n|t:|1736120187\n|gametype|doubles\n|player|p1|caZISA|red|1575\n|player|p2|Aki Hoshino|aromalady|1646\n|teamsize|p1|6\n|teamsize|p2|6\n|gen|9\n|tier|[Gen 9] VGC 2025 Reg G\n|rated|\n|rule|Species Clause: Limit one of each Pok\u00e9mon\n|rule|Item Clause: Limit 1 of each item\n|clearpoke\n|poke|p1|Calyrex-Ice, L50|\n|poke|p1|Urshifu-*, L50, F|\n|poke|p1|Raging Bolt, L50|\n|poke|p1|Rillaboom, L50, M|\n|poke|p1|Torkoal, L50, F|\n|poke|p1|Smeargle, L50, M|\n|poke|p2|Whimsicott, L50, F|\n|poke|p2|Urshifu-*, L50, F|\n|poke|p2|Rillaboom, L50, F|\n|poke|p2|Flutter Mane, L50|\n|poke|p2|Landorus, L50, M|\n|poke|p2|Calyrex-Ice, L50|\n|teampreview|4\n|inactive|Battle timer is ON: inactive players will automatically lose when time's up. (requested by caZISA)\n|inactive|Aki Hoshino has 60 seconds left.\n|\n|t:|1736120240\n|start\n|switch|p1a: Smeargle|Smeargle, L50, M|100\/100\n|switch|p1b: Calyrex|Calyrex-Ice, L50|100\/100\n|switch|p2a: Urshifu|Urshifu, L50, F|100\/100\n|switch|p2b: Flutter Mane|Flutter Mane, L50|100\/100\n|-ability|p1b: Calyrex|As One\n|-ability|p1b: Calyrex|Unnerve\n|turn|1\n|inactive|caZISA has 30 seconds left.\n|inactive|Aki Hoshino has 30 seconds left.\n|\n|t:|1736120267\n|-terastallize|p1b: Calyrex|Fire\n|move|p1a: Smeargle|Fake Out|p2a: Urshifu\n|-damage|p2a: Urshifu|95\/100\n|move|p2b: Flutter Mane|Dazzling Gleam|p1a: Smeargle|[spread] p1a,p1b\n|-resisted|p1b: Calyrex\n|-enditem|p1a: Smeargle|Focus Sash\n|-damage|p1a: Smeargle|1\/100\n|-damage|p1b: Calyrex|85\/100\n|cant|p2a: Urshifu|flinch\n|move|p1b: Calyrex|Glacial Lance|p2b: Flutter Mane|[spread] p2a,p2b\n|-damage|p2a: Urshifu|30\/100\n|-damage|p2b: Flutter Mane|8\/100\n|\n|-ability|p1a: Smeargle|Moody|boost\n|-boost|p1a: Smeargle|def|2\n|-unboost|p1a: Smeargle|spd|1\n|upkeep\n|turn|2\n|inactive|Aki Hoshino has 30 seconds left.\n|\n|t:|1736120301\n|move|p1a: Smeargle|Follow Me|p1a: Smeargle\n|-singleturn|p1a: Smeargle|move: Follow Me\n|move|p2b: Flutter Mane|Dazzling Gleam|p1a: Smeargle|[spread] p1a,p1b\n|-resisted|p1b: Calyrex\n|-damage|p1a: Smeargle|0 fnt\n|-damage|p1b: Calyrex|69\/100\n|faint|p1a: Smeargle\n|move|p2a: Urshifu|Wicked Blow|p1b: Calyrex\n|-crit|p1b: Calyrex\n|-damage|p1b: Calyrex|13\/100\n|move|p1b: Calyrex|Trick Room|p1b: Calyrex\n|-fieldstart|move: Trick Room|[of] p1b: Calyrex\n|\n|upkeep\n|\n|t:|1736120306\n|switch|p1a: Torkoal|Torkoal, L50, F|100\/100\n|-weather|SunnyDay|[from] ability: Drought|[of] p1a: Torkoal\n|-activate|p2b: Flutter Mane|ability: Protosynthesis\n|-start|p2b: Flutter Mane|protosynthesisspa\n|turn|3\n|\n|t:|1736120316\n|switch|p1b: Urshifu|Urshifu, L50, F|100\/100\n|move|p1a: Torkoal|Eruption|p2b: Flutter Mane|[spread] p2a,p2b\n|-damage|p2a: Urshifu|0 fnt\n|-damage|p2b: Flutter Mane|0 fnt\n|faint|p2a: Urshifu\n|faint|p2b: Flutter Mane\n|-end|p2b: Flutter Mane|Protosynthesis|[silent]\n|\n|-weather|SunnyDay|[upkeep]\n|upkeep\n|\n|t:|1736120323\n|switch|p2a: Rillaboom|Rillaboom, L50, F|100\/100\n|switch|p2b: Calyrex|Calyrex-Ice, L50|100\/100\n|-ability|p2b: Calyrex|As One\n|-ability|p2b: Calyrex|Unnerve\n|-fieldstart|move: Grassy Terrain|[from] ability: Grassy Surge|[of] p2a: Rillaboom\n|turn|4\n|inactive|Aki Hoshino has 30 seconds left.\n|inactive|Aki Hoshino has 20 seconds left.\n|inactive|Aki Hoshino has 15 seconds left.\n|inactive|Aki Hoshino has 10 seconds left.\n|j| wavecrashout\n|inactive|Aki Hoshino has 5 seconds left.\n|\n|t:|1736120375\n|-terastallize|p2b: Calyrex|Dragon\n|move|p2a: Rillaboom|Fake Out|p1b: Urshifu\n|-damage|p1b: Urshifu|85\/100\n|cant|p1b: Urshifu|flinch\n|move|p1a: Torkoal|Eruption|p2b: Calyrex|[spread] p2a,p2b\n|-supereffective|p2a: Rillaboom\n|-resisted|p2b: Calyrex\n|-damage|p2a: Rillaboom|0 fnt\n|-damage|p2b: Calyrex|67\/100\n|faint|p2a: Rillaboom\n|move|p2b: Calyrex|Trick Room|p2b: Calyrex\n|-fieldend|move: Trick Room\n|\n|-weather|SunnyDay|[upkeep]\n|-heal|p1b: Urshifu|91\/100|[from] Grassy Terrain\n|-heal|p2b: Calyrex|73\/100|[from] Grassy Terrain\n|upkeep\n|turn|5\n|\n|t:|1736120389\n|switch|p1b: Calyrex|Calyrex-Ice, L50, tera:Fire|13\/100\n|-ability|p1b: Calyrex|As One\n|-ability|p1b: Calyrex|Unnerve\n|move|p2b: Calyrex|Glacial Lance|p1a: Torkoal|[spread] p1a,p1b\n|-resisted|p1a: Torkoal\n|-resisted|p1b: Calyrex\n|-damage|p1a: Torkoal|80\/100\n|-damage|p1b: Calyrex|0 fnt\n|faint|p1b: Calyrex\n|-ability|p2b: Calyrex|Chilling Neigh|boost\n|-boost|p2b: Calyrex|atk|1\n|move|p1a: Torkoal|Heat Wave|p2b: Calyrex\n|-resisted|p2b: Calyrex\n|-damage|p2b: Calyrex|46\/100\n|\n|-weather|SunnyDay|[upkeep]\n|-heal|p2b: Calyrex|52\/100|[from] Grassy Terrain\n|-heal|p1a: Torkoal|86\/100|[from] Grassy Terrain\n|upkeep\n|\n|t:|1736120396\n|switch|p1b: Urshifu|Urshifu, L50, F|91\/100\n|turn|6\n|\n|t:|1736120408\n|move|p1b: Urshifu|Wicked Blow|p2b: Calyrex\n|-crit|p2b: Calyrex\n|-damage|p2b: Calyrex|0 fnt\n|faint|p2b: Calyrex\n|\n|win|caZISA\n|raw|caZISA's rating: 1575 &rarr; <strong>1599<\/strong><br \/>(+24 for winning)\n|raw|Aki Hoshino's rating: 1646 &rarr; <strong>1622<\/strong><br \/>(-24 for losing)\n|l|\u2606Aki Hoshino\n|player|p2|\n|l|\u2606caZISA\n|player|p1|\n","uploadtime":1736120634,"views":38,"formatid":"gen9vgc2025regg","rating":1599,"private":0,"password":null}