{"id":"gen9vgc2025regg-2275313105","format":"[Gen 9] VGC 2025 Reg G","players":["cy1015","7ammy"],"log":"|j|\u2606cy1015\n|j|\u26067ammy\n|t:|1736060602\n|gametype|doubles\n|player|p1|cy1015|1|1565\n|player|p2|7ammy|interviewers|1616\n|teamsize|p1|6\n|teamsize|p2|6\n|gen|9\n|tier|[Gen 9] VGC 2025 Reg G\n|rated|\n|rule|Species Clause: Limit one of each Pok\u00e9mon\n|rule|Item Clause: Limit 1 of each item\n|clearpoke\n|poke|p1|Incineroar, L50, M|\n|poke|p1|Pelipper, L50, M|\n|poke|p1|Raging Bolt, L50|\n|poke|p1|Urshifu-*, L50, M|\n|poke|p1|Amoonguss, L50, F|\n|poke|p1|Calyrex-Ice, L50|\n|poke|p2|Kyogre, L50|\n|poke|p2|Tornadus, L50, M|\n|poke|p2|Tsareena, L50, F|\n|poke|p2|Urshifu-*, L50, F|\n|poke|p2|Basculegion, L50, M|\n|poke|p2|Landorus, L50, M|\n|teampreview|4\n|j| sauromon\n|\n|t:|1736060663\n|start\n|switch|p1a: Raging Bolt|Raging Bolt, L50|100\/100\n|switch|p1b: Calyrex|Calyrex-Ice, L50|100\/100\n|switch|p2a: Kyogre|Kyogre, L50|100\/100\n|switch|p2b: Tsareena|Tsareena, L50, F|100\/100\n|-ability|p1b: Calyrex|As One\n|-ability|p1b: Calyrex|Unnerve\n|-weather|RainDance|[from] ability: Drizzle|[of] p2a: Kyogre\n|-enditem|p1a: Raging Bolt|Booster Energy\n|-activate|p1a: Raging Bolt|ability: Protosynthesis|[fromitem]\n|-start|p1a: Raging Bolt|protosynthesisspa\n|turn|1\n|\n|t:|1736060691\n|-terastallize|p2b: Tsareena|Ice\n|-terastallize|p1b: Calyrex|Water\n|move|p2a: Kyogre|Origin Pulse|p1b: Calyrex|[spread] p1a,p1b\n|-resisted|p1a: Raging Bolt\n|-resisted|p1b: Calyrex\n|-damage|p1a: Raging Bolt|67\/100\n|-damage|p1b: Calyrex|77\/100\n|move|p2b: Tsareena|Taunt|p1b: Calyrex\n|-start|p1b: Calyrex|move: Taunt\n|move|p1a: Raging Bolt|Thunderbolt|p2a: Kyogre\n|-supereffective|p2a: Kyogre\n|-damage|p2a: Kyogre|1\/100\n|move|p1b: Calyrex|Glacial Lance|p2b: Tsareena|[spread] p2a,p2b\n|-resisted|p2a: Kyogre\n|-resisted|p2b: Tsareena\n|-damage|p2a: Kyogre|0 fnt\n|-damage|p2b: Tsareena|70\/100\n|faint|p2a: Kyogre\n|-ability|p1b: Calyrex|Chilling Neigh|boost\n|-boost|p1b: Calyrex|atk|1\n|\n|-weather|RainDance|[upkeep]\n|upkeep\n|\n|t:|1736060707\n|switch|p2a: Basculegion|Basculegion, L50, M|100\/100\n|turn|2\n|\n|t:|1736060731\n|switch|p1b: Amoonguss|Amoonguss, L50, F, shiny|100\/100\n|move|p2a: Basculegion|Last Respects|p1b: Amoonguss\n|-damage|p1b: Amoonguss|53\/100\n|move|p2b: Tsareena|Triple Axel|p1a: Raging Bolt\n|-supereffective|p1a: Raging Bolt\n|-damage|p1a: Raging Bolt|51\/100\n|-supereffective|p1a: Raging Bolt\n|-damage|p1a: Raging Bolt|15\/100\n|-supereffective|p1a: Raging Bolt\n|-damage|p1a: Raging Bolt|0 fnt\n|faint|p1a: Raging Bolt\n|-end|p1a: Raging Bolt|Protosynthesis|[silent]\n|-hitcount|p1: Raging Bolt|3\n|\n|-weather|RainDance|[upkeep]\n|upkeep\n|\n|t:|1736060762\n|switch|p1a: Calyrex|Calyrex-Ice, L50, tera:Water|77\/100\n|-ability|p1a: Calyrex|As One\n|-ability|p1a: Calyrex|Unnerve\n|turn|3\n|\n|t:|1736060792\n|move|p1b: Amoonguss|Protect|p1b: Amoonguss\n|-singleturn|p1b: Amoonguss|Protect\n|move|p2a: Basculegion|Last Respects|p1a: Calyrex\n|-crit|p1a: Calyrex\n|-damage|p1a: Calyrex|17\/100\n|move|p2b: Tsareena|Triple Axel|p1b: Amoonguss\n|-activate|p1b: Amoonguss|move: Protect\n|move|p1a: Calyrex|Trick Room|p1a: Calyrex\n|-fieldstart|move: Trick Room|[of] p1a: Calyrex\n|\n|-weather|RainDance|[upkeep]\n|upkeep\n|turn|4\n|\n|t:|1736060819\n|move|p1a: Calyrex|Protect|p1a: Calyrex\n|-singleturn|p1a: Calyrex|Protect\n|move|p2a: Basculegion|Protect|p2a: Basculegion\n|-singleturn|p2a: Basculegion|Protect\n|move|p1b: Amoonguss|Spore|p2b: Tsareena\n|-status|p2b: Tsareena|slp|[from] move: Spore\n|cant|p2b: Tsareena|slp\n|\n|-weather|RainDance|[upkeep]\n|upkeep\n|turn|5\n|\n|t:|1736060837\n|move|p1b: Amoonguss|Pollen Puff|p1a: Calyrex\n|-heal|p1a: Calyrex|67\/100\n|move|p1a: Calyrex|High Horsepower|p2b: Tsareena\n|-damage|p2b: Tsareena|22\/100 slp\n|-curestatus|p2b: Tsareena|slp|[msg]\n|move|p2b: Tsareena|Triple Axel|p1a: Calyrex\n|-resisted|p1a: Calyrex\n|-damage|p1a: Calyrex|64\/100\n|-resisted|p1a: Calyrex\n|-damage|p1a: Calyrex|58\/100\n|-resisted|p1a: Calyrex\n|-damage|p1a: Calyrex|49\/100\n|-hitcount|p1a: Calyrex|3\n|move|p2a: Basculegion|Last Respects|p1a: Calyrex\n|-crit|p1a: Calyrex\n|-damage|p1a: Calyrex|0 fnt\n|faint|p1a: Calyrex\n|\n|-weather|none\n|upkeep\n|\n|t:|1736060858\n|switch|p1a: Urshifu|Urshifu-Rapid-Strike, L50, M|100\/100\n|turn|6\n|\n|t:|1736060872\n|move|p1b: Amoonguss|Spore|p2a: Basculegion\n|-status|p2a: Basculegion|slp|[from] move: Spore\n|cant|p2a: Basculegion|slp\n|move|p2b: Tsareena|Power Whip|p1a: Urshifu\n|-supereffective|p1a: Urshifu\n|-damage|p1a: Urshifu|0 fnt\n|faint|p1a: Urshifu\n|\n|upkeep\n|turn|7\n|inactive|Battle timer is ON: inactive players will automatically lose when time's up. (requested by 7ammy)\n|inactive|cy1015 has 60 seconds left.\n|inactive|cy1015 has 30 seconds left.\n|inactive|cy1015 has 20 seconds left.\n|inactive|cy1015 has 15 seconds left.\n|inactive|cy1015 has 10 seconds left.\n|inactive|cy1015 has 5 seconds left.\n|\n|t:|1736060976\n|move|p2b: Tsareena|Protect|p2b: Tsareena\n|-singleturn|p2b: Tsareena|Protect\n|move|p1b: Amoonguss|Spore|p2b: Tsareena\n|-activate|p2b: Tsareena|move: Protect\n|-curestatus|p2a: Basculegion|slp|[msg]\n|move|p2a: Basculegion|Last Respects|p1b: Amoonguss\n|-damage|p1b: Amoonguss|6\/100\n|\n|-fieldend|move: Trick Room\n|upkeep\n|turn|8\n|inactive|cy1015 has 30 seconds left.\n|inactive|cy1015 has 20 seconds left.\n|inactive|cy1015 has 15 seconds left.\n|inactive|cy1015 has 10 seconds left.\n|inactive|cy1015 has 5 seconds left.\n|\n|t:|1736061031\n|move|p2b: Tsareena|Triple Axel|p1b: Amoonguss\n|-supereffective|p1b: Amoonguss\n|-damage|p1b: Amoonguss|0 fnt\n|-damage|p2b: Tsareena|6\/100|[from] item: Rocky Helmet|[of] p1b: Amoonguss\n|faint|p1b: Amoonguss\n|-hitcount|p1: Amoonguss|1\n|\n|win|7ammy\n|raw|cy1015's rating: 1565 &rarr; <strong>1548<\/strong><br \/>(-17 for losing)\n|raw|7ammy's rating: 1616 &rarr; <strong>1633<\/strong><br \/>(+17 for winning)\n","uploadtime":1736061243,"views":293,"formatid":"gen9vgc2025regg","rating":1548,"private":0,"password":null}