{"id":"gen9vgc2025regg-2275078828","format":"[Gen 9] VGC 2025 Reg G","players":["Onemagician4496","Imnotagni"],"log":"|j|\u2606Onemagician4496\n|j|\u2606Imnotagni\n|t:|1736026991\n|gametype|doubles\n|player|p1|Onemagician4496|ethan|1594\n|player|p2|Imnotagni|policeman-gen4|1630\n|teamsize|p1|6\n|teamsize|p2|6\n|gen|9\n|tier|[Gen 9] VGC 2025 Reg G\n|rated|\n|rule|Species Clause: Limit one of each Pok\u00e9mon\n|rule|Item Clause: Limit 1 of each item\n|clearpoke\n|poke|p1|Koraidon, L50|\n|poke|p1|Raging Bolt, L50|\n|poke|p1|Ogerpon-Cornerstone, L50, F|\n|poke|p1|Flutter Mane, L50|\n|poke|p1|Ditto, L50|\n|poke|p1|Chi-Yu, L50|\n|poke|p2|Kyogre, L50|\n|poke|p2|Tornadus, L50, M|\n|poke|p2|Tsareena, L50, F|\n|poke|p2|Regieleki, L50|\n|poke|p2|Landorus, L50, M|\n|poke|p2|Urshifu-*, L50, M|\n|teampreview|4\n|inactive|Battle timer is ON: inactive players will automatically lose when time's up. (requested by Imnotagni)\nOnemagician4496 has agreed to open team sheets.\n|\n|t:|1736027015\n|start\n|switch|p1a: Flutter Mane|Flutter Mane, L50|100\/100\n|switch|p1b: Ogerpon|Ogerpon-Cornerstone, L50, F|100\/100\n|switch|p2a: Kyogre|Kyogre, L50, shiny|100\/100\n|switch|p2b: Tornadus|Tornadus, L50, M|100\/100\n|-weather|RainDance|[from] ability: Drizzle|[of] p2a: Kyogre\n|-enditem|p1a: Flutter Mane|Booster Energy\n|-activate|p1a: Flutter Mane|ability: Protosynthesis|[fromitem]\n|-start|p1a: Flutter Mane|protosynthesisspe\n|turn|1\n|\n|t:|1736027038\n|move|p1a: Flutter Mane|Protect|p1a: Flutter Mane\n|-singleturn|p1a: Flutter Mane|Protect\n|move|p2b: Tornadus|Tailwind|p2b: Tornadus\n|-sidestart|p2: Imnotagni|move: Tailwind\n|move|p2a: Kyogre|Water Spout|p1a: Flutter Mane|[spread] p1b\n|-activate|p1a: Flutter Mane|move: Protect\n|-crit|p1b: Ogerpon\n|-ability|p1b: Ogerpon|Sturdy\n|-damage|p1b: Ogerpon|1\/100\n|move|p1b: Ogerpon|Power Whip|p2a: Kyogre\n|-supereffective|p2a: Kyogre\n|-damage|p2a: Kyogre|0 fnt\n|faint|p2a: Kyogre\n|\n|-weather|RainDance|[upkeep]\n|upkeep\n|\n|t:|1736027046\n|switch|p2a: Landorus|Landorus, L50, M|100\/100\n|turn|2\n|inactive|Onemagician4496 has 30 seconds left.\n|inactive|Onemagician4496 has 20 seconds left.\n|inactive|Onemagician4496 has 15 seconds left.\n|inactive|Onemagician4496 has 10 seconds left.\n|\n|t:|1736027094\n|switch|p1b: Koraidon|Koraidon, L50|100\/100\n|-weather|SunnyDay|[from] ability: Orichalcum Pulse|[of] p1b: Koraidon\n|-activate|p1b: Koraidon|Orichalcum Pulse|[source]\n|move|p2a: Landorus|Sandsear Storm|p1b: Koraidon|[spread] p1a,p1b\n|-damage|p1a: Flutter Mane|51\/100\n|-damage|p1b: Koraidon|40\/100\n|move|p2b: Tornadus|Bleakwind Storm|p1a: Flutter Mane|[spread] p1a,p1b\n|-supereffective|p1b: Koraidon\n|-damage|p1a: Flutter Mane|20\/100\n|-damage|p1b: Koraidon|0 fnt\n|faint|p1b: Koraidon\n|move|p1a: Flutter Mane|Icy Wind|p2a: Landorus|[spread] p2a,p2b\n|-supereffective|p2a: Landorus\n|-supereffective|p2b: Tornadus\n|-damage|p2a: Landorus|37\/100\n|-damage|p2b: Tornadus|71\/100\n|-unboost|p2a: Landorus|spe|1\n|\n|-weather|SunnyDay|[upkeep]\n|upkeep\n|\n|t:|1736027114\n|switch|p1b: Raging Bolt|Raging Bolt, L50|100\/100\n|-activate|p1b: Raging Bolt|ability: Protosynthesis\n|-start|p1b: Raging Bolt|protosynthesisspa\n|turn|3\n|\n|t:|1736027139\n|switch|p2a: Tsareena|Tsareena, L50, F, shiny|100\/100\n|move|p1a: Flutter Mane|Protect|p1a: Flutter Mane\n|-singleturn|p1a: Flutter Mane|Protect\n|move|p2b: Tornadus|Bleakwind Storm|p1b: Raging Bolt|[spread] \n|-activate|p1a: Flutter Mane|move: Protect\n|-miss|p2b: Tornadus|p1b: Raging Bolt\n|move|p1b: Raging Bolt|Volt Switch|p2b: Tornadus\n|-supereffective|p2b: Tornadus\n|-damage|p2b: Tornadus|0 fnt\n|faint|p2b: Tornadus\n|\n|t:|1736027147\n|-end|p1b: Raging Bolt|Protosynthesis|[silent]\n|switch|p1b: Ogerpon|Ogerpon-Cornerstone, L50, F|1\/100|[from] Volt Switch\n|\n|-weather|SunnyDay|[upkeep]\n|upkeep\n|\n|t:|1736027150\n|switch|p2b: Landorus|Landorus, L50, M|37\/100\n|turn|4\n|\n|t:|1736027172\n|move|p2a: Tsareena|Helping Hand|p2b: Landorus\n|-singleturn|p2b: Landorus|Helping Hand|[of] p2a: Tsareena\n|move|p1a: Flutter Mane|Protect|p1a: Flutter Mane\n|-singleturn|p1a: Flutter Mane|Protect\n|move|p1b: Ogerpon|Spiky Shield|p1b: Ogerpon\n|-singleturn|p1b: Ogerpon|move: Protect\n|move|p2b: Landorus|Sandsear Storm|p1a: Flutter Mane|[spread] \n|-activate|p1a: Flutter Mane|move: Protect\n|-activate|p1b: Ogerpon|move: Protect\n|\n|-weather|SunnyDay|[upkeep]\n|-sideend|p2: Imnotagni|move: Tailwind\n|upkeep\n|turn|5\n|\n|t:|1736027194\n|-terastallize|p1b: Ogerpon|Rock\n|detailschange|p1b: Ogerpon|Ogerpon-Cornerstone-Tera, L50, F, tera:Rock\n|-ability|p1b: Ogerpon|Embody Aspect (Cornerstone)|boost\n|-boost|p1b: Ogerpon|def|1\n|move|p2b: Landorus|Protect|p2b: Landorus\n|-singleturn|p2b: Landorus|Protect\n|move|p1a: Flutter Mane|Moonblast|p2b: Landorus\n|-activate|p2b: Landorus|move: Protect\n|move|p1b: Ogerpon|Ivy Cudgel|p2a: Tsareena|[anim] Ivy Cudgel Rock\n|-damage|p2a: Tsareena|8\/100\n|move|p2a: Tsareena|Power Whip|p1a: Flutter Mane\n|-damage|p1a: Flutter Mane|0 fnt\n|faint|p1a: Flutter Mane\n|-end|p1a: Flutter Mane|Protosynthesis|[silent]\n|\n|-weather|SunnyDay|[upkeep]\n|upkeep\n|\n|t:|1736027207\n|switch|p1a: Raging Bolt|Raging Bolt, L50|100\/100\n|-activate|p1a: Raging Bolt|ability: Protosynthesis\n|-start|p1a: Raging Bolt|protosynthesisspa\n|turn|6\n|\n|t:|1736027219\n|-terastallize|p2a: Tsareena|Ice\n|move|p2b: Landorus|Protect||[still]\n|-fail|p2b: Landorus\n|move|p1b: Ogerpon|Ivy Cudgel|p2b: Landorus|[anim] Ivy Cudgel Rock\n|-damage|p2b: Landorus|0 fnt\n|faint|p2b: Landorus\n|move|p2a: Tsareena|Triple Axel|p1a: Raging Bolt\n|-supereffective|p1a: Raging Bolt\n|-damage|p1a: Raging Bolt|84\/100\n|-supereffective|p1a: Raging Bolt\n|-damage|p1a: Raging Bolt|52\/100\n|-supereffective|p1a: Raging Bolt\n|-damage|p1a: Raging Bolt|4\/100\n|-hitcount|p1a: Raging Bolt|3\n|move|p1a: Raging Bolt|Draco Meteor|p2a: Tsareena\n|-damage|p2a: Tsareena|0 fnt\n|-unboost|p1a: Raging Bolt|spa|2\n|faint|p2a: Tsareena\n|\n|win|Onemagician4496\n|raw|Onemagician4496's rating: 1594 &rarr; <strong>1616<\/strong><br \/>(+22 for winning)\n|raw|Imnotagni's rating: 1630 &rarr; <strong>1608<\/strong><br \/>(-22 for losing)\n|l|\u2606Imnotagni\n|player|p2|\n|l|\u2606Onemagician4496\n|player|p1|\n","uploadtime":1736027461,"views":69,"formatid":"gen9vgc2025regg","rating":1608,"private":0,"password":null}