{"id":"gen9vgc2025regg-2275032364","format":"[Gen 9] VGC 2025 Reg G","players":["Imnotagni","Onemagician4496"],"log":"|j|\u2606Imnotagni\n|j|\u2606Onemagician4496\n|t:|1736021250\n|gametype|doubles\n|player|p1|Imnotagni|policeman-gen4|1676\n|player|p2|Onemagician4496|ethan|1505\n|teamsize|p1|6\n|teamsize|p2|6\n|gen|9\n|tier|[Gen 9] VGC 2025 Reg G\n|rated|\n|rule|Species Clause: Limit one of each Pok\u00e9mon\n|rule|Item Clause: Limit 1 of each item\n|clearpoke\n|poke|p1|Kyogre, L50|\n|poke|p1|Tornadus, L50, M|\n|poke|p1|Tsareena, L50, F|\n|poke|p1|Regieleki, L50|\n|poke|p1|Landorus, L50, M|\n|poke|p1|Urshifu-*, L50, F|\n|poke|p2|Koraidon, L50|\n|poke|p2|Raging Bolt, L50|\n|poke|p2|Ogerpon-Cornerstone, L50, F|\n|poke|p2|Flutter Mane, L50|\n|poke|p2|Ditto, L50|\n|poke|p2|Chi-Yu, L50|\n|teampreview|4\n|inactive|Battle timer is ON: inactive players will automatically lose when time's up. (requested by Imnotagni)\n|inactive|Onemagician4496 has 60 seconds left.\n|\n|t:|1736021291\n|start\n|switch|p1a: Tornadus|Tornadus, L50, M|100\/100\n|switch|p1b: Landorus|Landorus, L50, M|100\/100\n|switch|p2a: Flutter Mane|Flutter Mane, L50|100\/100\n|switch|p2b: Ditto|Ditto, L50|100\/100\n|-transform|p2b: Ditto|p1a: Tornadus|[from] ability: Imposter\n|-enditem|p2a: Flutter Mane|Booster Energy\n|-activate|p2a: Flutter Mane|ability: Protosynthesis|[fromitem]\n|-start|p2a: Flutter Mane|protosynthesisspe\n|turn|1\n|inactive|Imnotagni has 30 seconds left.\n|l|\u2606Onemagician4496\n|inactive|Onemagician4496 disconnected and has a minute to reconnect!\n|player|p2|\n|j|\u2606Onemagician4496\n|inactive|Onemagician4496 reconnected.\n|player|p2|Onemagician4496|ethan|\n|inactive|Imnotagni has 20 seconds left.\n|inactive|Imnotagni has 15 seconds left.\n|inactive|Onemagician4496 has 30 seconds left.\n|inactive|Imnotagni has 10 seconds left.\n|\n|t:|1736021337\n|-terastallize|p1b: Landorus|Steel\n|move|p1a: Tornadus|Tailwind|p1a: Tornadus\n|-sidestart|p1: Imnotagni|move: Tailwind\n|move|p2b: Ditto|Tailwind|p2b: Ditto\n|-sidestart|p2: Onemagician4496|move: Tailwind\n|move|p2a: Flutter Mane|Icy Wind|p1a: Tornadus|[spread] p1a,p1b\n|-supereffective|p1a: Tornadus\n|-resisted|p1b: Landorus\n|-damage|p1a: Tornadus|75\/100\n|-damage|p1b: Landorus|93\/100\n|-unboost|p1b: Landorus|spe|1\n|move|p1b: Landorus|Earth Power|p2a: Flutter Mane\n|-damage|p2a: Flutter Mane|33\/100\n|\n|upkeep\n|turn|2\n|inactive|Imnotagni has 30 seconds left.\n|inactive|Onemagician4496 has 30 seconds left.\n|\n|t:|1736021366\n|move|p2a: Flutter Mane|Moonblast|p1a: Tornadus\n|-damage|p1a: Tornadus|23\/100\n|move|p2b: Ditto|Bleakwind Storm|p1b: Landorus|[spread] p1a,p1b\n|-resisted|p1b: Landorus\n|-damage|p1a: Tornadus|0 fnt\n|-damage|p1b: Landorus|69\/100\n|-unboost|p1b: Landorus|spe|1\n|faint|p1a: Tornadus\n|move|p1b: Landorus|Earth Power|p2a: Flutter Mane\n|-damage|p2a: Flutter Mane|0 fnt\n|faint|p2a: Flutter Mane\n|-end|p2a: Flutter Mane|Protosynthesis|[silent]\n|\n|upkeep\n|\n|t:|1736021383\n|switch|p2a: Raging Bolt|Raging Bolt, L50|100\/100\n|switch|p1a: Tsareena|Tsareena, L50, F, shiny|100\/100\n|turn|3\n|inactive|Onemagician4496 has 30 seconds left.\n|\n|t:|1736021414\n|-terastallize|p2a: Raging Bolt|Electric\n|move|p2b: Ditto|Bleakwind Storm|p1b: Landorus|[spread] p1a\n|-miss|p2b: Ditto|p1b: Landorus\n|-supereffective|p1a: Tsareena\n|-damage|p1a: Tsareena|26\/100\n|move|p1a: Tsareena|Triple Axel|p2b: Ditto\n|-supereffective|p2b: Ditto\n|-damage|p2b: Ditto|80\/100\n|-supereffective|p2b: Ditto\n|-damage|p2b: Ditto|39\/100\n|-supereffective|p2b: Ditto\n|-damage|p2b: Ditto|0 fnt\n|faint|p2b: Ditto\n|-hitcount|p2: Ditto|3\n|move|p2a: Raging Bolt|Thunderbolt|p1b: Landorus\n|-damage|p1b: Landorus|0 fnt\n|faint|p1b: Landorus\n|\n|upkeep\n|inactive|Onemagician4496 has 30 seconds left.\n|\n|t:|1736021448\n|switch|p1b: Kyogre|Kyogre, L50, shiny|100\/100\n|switch|p2b: Koraidon|Koraidon, L50|100\/100\n|-weather|RainDance|[from] ability: Drizzle|[of] p1b: Kyogre\n|-weather|SunnyDay|[from] ability: Orichalcum Pulse|[of] p2b: Koraidon\n|-activate|p2a: Raging Bolt|ability: Protosynthesis\n|-start|p2a: Raging Bolt|protosynthesisspa\n|-activate|p2b: Koraidon|Orichalcum Pulse|[source]\n|turn|4\n|inactive|Onemagician4496 has 30 seconds left.\n|\n|t:|1736021481\n|move|p1a: Tsareena|Helping Hand|p1b: Kyogre\n|-singleturn|p1b: Kyogre|Helping Hand|[of] p1a: Tsareena\n|move|p2b: Koraidon|Protect|p2b: Koraidon\n|-singleturn|p2b: Koraidon|Protect\n|move|p1b: Kyogre|Ice Beam|p2b: Koraidon\n|-activate|p2b: Koraidon|move: Protect\n|move|p2a: Raging Bolt|Thunderbolt|p1b: Kyogre\n|-supereffective|p1b: Kyogre\n|-damage|p1b: Kyogre|0 fnt\n|faint|p1b: Kyogre\n|\n|-weather|SunnyDay|[upkeep]\n|-sideend|p2: Onemagician4496|move: Tailwind\n|-sideend|p1: Imnotagni|move: Tailwind\n|upkeep\n|turn|5\n|-message|Imnotagni forfeited.\n|\n|win|Onemagician4496\n|raw|Imnotagni's rating: 1676 &rarr; <strong>1647<\/strong><br \/>(-29 for losing)\n|raw|Onemagician4496's rating: 1505 &rarr; <strong>1534<\/strong><br \/>(+29 for winning)\n|l|\u2606Imnotagni\n|player|p1|\n|l|\u2606Onemagician4496\n|player|p2|\n","uploadtime":1736021696,"views":18,"formatid":"gen9vgc2025regg","rating":1534,"private":0,"password":null}