{"id":"gen9vgc2025regg-2275945998","format":"[Gen 9] VGC 2025 Reg G","players":["Growth_my_word","morgan admin"],"log":"|j|\u2606Growth_my_word\n|j|\u2606morgan admin\n|t:|1736161561\n|gametype|doubles\n|player|p1|Growth_my_word|lady-gen4|1700\n|player|p2|morgan admin|169|1588\n|teamsize|p1|6\n|teamsize|p2|6\n|gen|9\n|tier|[Gen 9] VGC 2025 Reg G\n|rated|\n|rule|Species Clause: Limit one of each Pok\u00e9mon\n|rule|Item Clause: Limit 1 of each item\n|clearpoke\n|poke|p1|Miraidon, L50|\n|poke|p1|Dragonite, L50, F|\n|poke|p1|Dondozo, L50, M|\n|poke|p1|Tatsugiri, L50, M|\n|poke|p1|Gholdengo, L50|\n|poke|p1|Chi-Yu, L50|\n|poke|p2|Calyrex-Shadow, L50|\n|poke|p2|Rillaboom, L50, F|\n|poke|p2|Incineroar, L50, M|\n|poke|p2|Urshifu-*, L50, F|\n|poke|p2|Amoonguss, L50, F|\n|poke|p2|Chi-Yu, L50|\n|teampreview|4\n|j| they34\n|j| Therazer456\n|\n|t:|1736161595\n|start\n|switch|p1a: Dondozo|Dondozo, L50, M|100\/100\n|switch|p1b: Chi-Yu|Chi-Yu, L50|100\/100\n|switch|p2a: Calyrex|Calyrex-Shadow, L50|100\/100\n|switch|p2b: Incineroar|Incineroar, L50, M|100\/100\n|-ability|p2a: Calyrex|As One\n|-ability|p2a: Calyrex|Unnerve\n|-ability|p1b: Chi-Yu|Beads of Ruin\n|-ability|p2b: Incineroar|Intimidate|boost\n|-unboost|p1a: Dondozo|atk|1\n|-unboost|p1b: Chi-Yu|atk|1\n|turn|1\n|\n|t:|1736161623\n|switch|p1b: Tatsugiri|Tatsugiri, L50, M|100\/100\n|-activate|p1b: Tatsugiri|ability: Commander|[of] p1a: Dondozo\n|-boost|p1a: Dondozo|atk|2\n|-boost|p1a: Dondozo|spa|2\n|-boost|p1a: Dondozo|spe|2\n|-boost|p1a: Dondozo|def|2\n|-boost|p1a: Dondozo|spd|2\n|-terastallize|p2b: Incineroar|Water\n|move|p2a: Calyrex|Protect|p2a: Calyrex\n|-singleturn|p2a: Calyrex|Protect\n|move|p1a: Dondozo|Wave Crash|p2b: Incineroar\n|-resisted|p2b: Incineroar\n|-damage|p2b: Incineroar|66\/100\n|-damage|p1a: Dondozo|84\/100|[from] item: Rocky Helmet|[of] p2b: Incineroar\n|-damage|p1a: Dondozo|74\/100|[from] Recoil\n|move|p2b: Incineroar|Parting Shot|p1b: Tatsugiri|[miss]\n|-miss|p2b: Incineroar|p1b: Tatsugiri\n|\n|-heal|p1a: Dondozo|80\/100|[from] item: Leftovers\n|upkeep\n|turn|2\n|j| RelearningVGCBR\n|\n|t:|1736161641\n|switch|p2a: Amoonguss|Amoonguss, L50, F|100\/100\n|move|p1a: Dondozo|Wave Crash|p2a: Amoonguss\n|-resisted|p2a: Amoonguss\n|-damage|p2a: Amoonguss|67\/100\n|-damage|p1a: Dondozo|70\/100|[from] Recoil\n|move|p2b: Incineroar|Parting Shot|p1a: Dondozo\n|-unboost|p1a: Dondozo|atk|1\n|-unboost|p1a: Dondozo|spa|1\n|\n|t:|1736161649\n|switch|p2b: Calyrex|Calyrex-Shadow, L50|100\/100|[from] Parting Shot\n|-ability|p2b: Calyrex|As One\n|-ability|p2b: Calyrex|Unnerve\n|\n|-heal|p1a: Dondozo|76\/100|[from] item: Leftovers\n|upkeep\n|turn|3\n|\n|t:|1736161658\n|move|p2b: Calyrex|Nasty Plot|p2b: Calyrex\n|-boost|p2b: Calyrex|spa|2\n|move|p1a: Dondozo|Order Up|p2a: Amoonguss\n|-damage|p2a: Amoonguss|48\/100\n|-enditem|p2a: Amoonguss|Sitrus Berry|[eat]\n|-heal|p2a: Amoonguss|73\/100|[from] item: Sitrus Berry\n|-boost|p1a: Dondozo|atk|1\n|move|p2a: Amoonguss|Spore|p1a: Dondozo\n|-status|p1a: Dondozo|slp|[from] move: Spore\n|\n|-heal|p1a: Dondozo|82\/100 slp|[from] item: Leftovers\n|upkeep\n|turn|4\n|\n|t:|1736161671\n|switch|p2a: Incineroar|Incineroar, L50, M, tera:Water|66\/100\n|-ability|p2a: Incineroar|Intimidate|boost\n|-unboost|p1a: Dondozo|atk|1\n|-unboost|p1b: Tatsugiri|atk|1\n|move|p2b: Calyrex|Astral Barrage|p1b: Tatsugiri|[spread] p1a\n|-miss|p2b: Calyrex|p1b: Tatsugiri\n|-damage|p1a: Dondozo|47\/100 slp\n|-damage|p2b: Calyrex|91\/100|[from] item: Life Orb\n|cant|p1a: Dondozo|slp\n|\n|-heal|p1a: Dondozo|54\/100 slp|[from] item: Leftovers\n|upkeep\n|turn|5\n|\n|t:|1736161686\n|move|p2a: Incineroar|Fake Out|p1a: Dondozo\n|-damage|p1a: Dondozo|50\/100 slp\n|move|p2b: Calyrex|Nasty Plot|p2b: Calyrex\n|-boost|p2b: Calyrex|spa|2\n|cant|p1a: Dondozo|slp\n|\n|-heal|p1a: Dondozo|56\/100 slp|[from] item: Leftovers\n|upkeep\n|turn|6\n|\n|t:|1736161695\n|move|p2b: Calyrex|Protect|p2b: Calyrex\n|-singleturn|p2b: Calyrex|Protect\n|-curestatus|p1a: Dondozo|slp|[msg]\n|move|p1a: Dondozo|Protect|p1a: Dondozo\n|-singleturn|p1a: Dondozo|Protect\n|move|p2a: Incineroar|Parting Shot|p1a: Dondozo\n|-activate|p1a: Dondozo|move: Protect\n|\n|-heal|p1a: Dondozo|62\/100|[from] item: Leftovers\n|upkeep\n|turn|7\n|\n|t:|1736161709\n|move|p2b: Calyrex|Astral Barrage|p1a: Dondozo|[spread] p1a\n|-miss|p2b: Calyrex|p1b: Tatsugiri\n|-damage|p1a: Dondozo|28\/100\n|-damage|p2b: Calyrex|82\/100|[from] item: Life Orb\n|move|p1a: Dondozo|Wave Crash|p2b: Calyrex\n|-damage|p2b: Calyrex|14\/100\n|-damage|p1a: Dondozo|10\/100|[from] Recoil\n|move|p2a: Incineroar|Parting Shot|p1a: Dondozo\n|-unboost|p1a: Dondozo|atk|1\n|-unboost|p1a: Dondozo|spa|1\n|\n|t:|1736161713\n|switch|p2a: Amoonguss|Amoonguss, L50, F|100\/100|[from] Parting Shot\n|\n|-heal|p1a: Dondozo|16\/100|[from] item: Leftovers\n|upkeep\n|turn|8\n|\n|t:|1736161726\n|move|p2b: Calyrex|Protect|p2b: Calyrex\n|-singleturn|p2b: Calyrex|Protect\n|move|p1a: Dondozo|Earthquake|p2a: Amoonguss|[spread] p2a\n|-miss|p1a: Dondozo|p1b: Tatsugiri\n|-activate|p2b: Calyrex|move: Protect\n|-damage|p2a: Amoonguss|89\/100\n|move|p2a: Amoonguss|Spore|p1a: Dondozo\n|-status|p1a: Dondozo|slp|[from] move: Spore\n|\n|-heal|p1a: Dondozo|23\/100 slp|[from] item: Leftovers\n|upkeep\n|turn|9\n|\n|t:|1736161738\n|move|p2b: Calyrex|Draining Kiss|p1a: Dondozo\n|-damage|p1a: Dondozo|9\/100 slp\n|-heal|p2b: Calyrex|27\/100|[from] drain|[of] p1a: Dondozo\n|-damage|p2b: Calyrex|18\/100|[from] item: Life Orb\n|cant|p1a: Dondozo|slp\n|move|p2a: Amoonguss|Pollen Puff|p2b: Calyrex\n|-heal|p2b: Calyrex|68\/100\n|\n|-heal|p1a: Dondozo|16\/100 slp|[from] item: Leftovers\n|upkeep\n|turn|10\n|\n|t:|1736161750\n|move|p2b: Calyrex|Astral Barrage|p1a: Dondozo|[spread] p1a\n|-miss|p2b: Calyrex|p1b: Tatsugiri\n|-damage|p1a: Dondozo|0 fnt\n|faint|p1a: Dondozo\n|-ability|p2b: Calyrex|Grim Neigh|boost\n|-boost|p2b: Calyrex|spa|1\n|-damage|p2b: Calyrex|58\/100|[from] item: Life Orb\n|move|p2a: Amoonguss|Pollen Puff|p2b: Calyrex\n|-heal|p2b: Calyrex|100\/100\n|\n|upkeep\n|\n|t:|1736161762\n|switch|p1a: Chi-Yu|Chi-Yu, L50|100\/100\n|-ability|p1a: Chi-Yu|Beads of Ruin\n|turn|11\n|\n|t:|1736161777\n|-terastallize|p1b: Tatsugiri|Normal\n|move|p2b: Calyrex|Protect|p2b: Calyrex\n|-singleturn|p2b: Calyrex|Protect\n|move|p1a: Chi-Yu|Protect|p1a: Chi-Yu\n|-singleturn|p1a: Chi-Yu|Protect\n|move|p1b: Tatsugiri|Icy Wind|p2a: Amoonguss|[spread] p2a\n|-activate|p2b: Calyrex|move: Protect\n|-supereffective|p2a: Amoonguss\n|-damage|p2a: Amoonguss|62\/100\n|-unboost|p2a: Amoonguss|spe|1\n|move|p2a: Amoonguss|Spore|p1a: Chi-Yu\n|-activate|p1a: Chi-Yu|move: Protect\n|\n|upkeep\n|turn|12\n|\n|t:|1736161794\n|move|p2a: Amoonguss|Rage Powder|p2a: Amoonguss\n|-singleturn|p2a: Amoonguss|move: Rage Powder\n|move|p2b: Calyrex|Astral Barrage|p1a: Chi-Yu|[spread] p1a\n|-immune|p1b: Tatsugiri\n|-resisted|p1a: Chi-Yu\n|-enditem|p1a: Chi-Yu|Focus Sash\n|-damage|p1a: Chi-Yu|1\/100\n|-damage|p2b: Calyrex|91\/100|[from] item: Life Orb\n|move|p1b: Tatsugiri|Icy Wind|p2a: Amoonguss|[spread] p2a,p2b\n|-supereffective|p2a: Amoonguss\n|-damage|p2a: Amoonguss|34\/100\n|-damage|p2b: Calyrex|76\/100\n|-unboost|p2a: Amoonguss|spe|1\n|-unboost|p2b: Calyrex|spe|1\n|move|p1a: Chi-Yu|Dark Pulse|p2a: Amoonguss\n|-damage|p2a: Amoonguss|0 fnt\n|faint|p2a: Amoonguss\n|\n|upkeep\n|\n|t:|1736161803\n|switch|p2a: Urshifu|Urshifu-Rapid-Strike, L50, F|100\/100\n|turn|13\n|\n|t:|1736161818\n|move|p2a: Urshifu|Aqua Jet|p1a: Chi-Yu\n|-supereffective|p1a: Chi-Yu\n|-damage|p1a: Chi-Yu|0 fnt\n|faint|p1a: Chi-Yu\n|move|p1b: Tatsugiri|Icy Wind|p2a: Urshifu|[spread] p2a,p2b\n|-resisted|p2a: Urshifu\n|-damage|p2a: Urshifu|92\/100\n|-damage|p2b: Calyrex|64\/100\n|-unboost|p2a: Urshifu|spe|1\n|-unboost|p2b: Calyrex|spe|1\n|move|p2b: Calyrex|Draining Kiss|p1b: Tatsugiri\n|-damage|p1b: Tatsugiri|0 fnt\n|-heal|p2b: Calyrex|100\/100|[from] drain|[of] p1b: Tatsugiri\n|faint|p1b: Tatsugiri\n|-ability|p2b: Calyrex|Grim Neigh|boost\n|-boost|p2b: Calyrex|spa|1\n|-damage|p2b: Calyrex|91\/100|[from] item: Life Orb\n|\n|upkeep\n|-message|Growth_my_word forfeited.\n|\n|win|morgan admin\n|raw|Growth_my_word's rating: 1700 &rarr; <strong>1674<\/strong><br \/>(-26 for losing)\n|raw|morgan admin's rating: 1588 &rarr; <strong>1614<\/strong><br \/>(+26 for winning)\n|l|\u2606Growth_my_word\n|player|p1|\n|l|\u2606morgan admin\n|player|p2|\n|l| RelearningVGCBR\n","uploadtime":1736162075,"views":314,"formatid":"gen9vgc2025regg","rating":1614,"private":0,"password":null}