{"id":"gen9vgc2025regg-2275514602","format":"[Gen 9] VGC 2025 Reg G","players":["SubToPenglin","bieiup"],"log":"|j|\u2606SubToPenglin\n|j|\u2606bieiup\n|t:|1736097114\n|gametype|doubles\n|player|p1|SubToPenglin|lady|1551\n|player|p2|bieiup|lillie-z|1547\n|teamsize|p1|6\n|teamsize|p2|6\n|gen|9\n|tier|[Gen 9] VGC 2025 Reg G\n|rated|\n|rule|Species Clause: Limit one of each Pok\u00e9mon\n|rule|Item Clause: Limit 1 of each item\n|clearpoke\n|poke|p1|Comfey, L50, M|\n|poke|p1|Terapagos, L50, M|\n|poke|p1|Tornadus, L50, M|\n|poke|p1|Ogerpon-Cornerstone, L50, F|\n|poke|p1|Magmar, L50, M|\n|poke|p1|Raichu, L50, M|\n|poke|p2|Gloom, L50, M|\n|poke|p2|Armarouge, L50, F|\n|poke|p2|Indeedee-F, L50, F|\n|poke|p2|Dewgong, L50, F|\n|poke|p2|Ting-Lu, L50|\n|poke|p2|Lunala, L50|\n|teampreview|4\n|inactive|Battle timer is ON: inactive players will automatically lose when time's up. (requested by SubToPenglin)\n|\n|t:|1736097137\n|start\n|switch|p1a: Terapagos|Terapagos, L50, M|100\/100\n|switch|p1b: Raichu|Raichu, L50, M, shiny|100\/100\n|switch|p2a: Dewgong|Dewgong, L50, F|100\/100\n|switch|p2b: Lunala|Lunala, L50|100\/100\n|-activate|p1a: Terapagos|ability: Tera Shift\n|detailschange|p1a: Terapagos|Terapagos-Terastal, L50, M\n|-heal|p1a: Terapagos|100\/100|[silent]\n|turn|1\n|\n|t:|1736097146\n|move|p1b: Raichu|Fake Out|p2a: Dewgong\n|-damage|p2a: Dewgong|93\/100\n|move|p2b: Lunala|Meteor Beam||[still]\n|-prepare|p2b: Lunala|Meteor Beam\n|-boost|p2b: Lunala|spa|1\n|-enditem|p2b: Lunala|Power Herb\n|-anim|p2b: Lunala|Meteor Beam|p1b: Raichu\n|-damage|p1b: Raichu|40\/100\n|move|p1a: Terapagos|Calm Mind|p1a: Terapagos\n|-boost|p1a: Terapagos|spa|1\n|-boost|p1a: Terapagos|spd|1\n|cant|p2a: Dewgong|flinch\n|\n|upkeep\n|turn|2\n|\n|t:|1736097157\n|move|p1b: Raichu|Electroweb|p2b: Lunala|[spread] p2a,p2b\n|-supereffective|p2a: Dewgong\n|-damage|p2a: Dewgong|68\/100\n|-damage|p2b: Lunala|96\/100\n|-unboost|p2a: Dewgong|spe|1\n|-unboost|p2b: Lunala|spe|1\n|move|p1a: Terapagos|Tera Starstorm|p2a: Dewgong\n|-damage|p2a: Dewgong|0 fnt\n|faint|p2a: Dewgong\n|move|p2b: Lunala|Moongeist Beam|p1b: Raichu\n|-damage|p1b: Raichu|0 fnt\n|faint|p1b: Raichu\n|\n|upkeep\n|\n|t:|1736097170\n|switch|p1b: Ogerpon|Ogerpon-Cornerstone, L50, F|100\/100\n|switch|p2a: Gloom|Gloom, L50, M|100\/100\n|turn|3\n|\n|t:|1736097181\n|-terastallize|p1a: Terapagos|Stellar\n|detailschange|p1a: Terapagos|Terapagos-Stellar, L50, M, tera:Stellar\n|-heal|p1a: Terapagos|100\/100|[silent]\n|move|p2b: Lunala|Wide Guard|p2b: Lunala\n|-singleturn|p2b: Lunala|Wide Guard\n|move|p1b: Ogerpon|Ivy Cudgel|p2a: Gloom|[anim] Ivy Cudgel Rock\n|-damage|p2a: Gloom|53\/100\n|move|p1a: Terapagos|Earth Power|p2a: Gloom\n|-damage|p2a: Gloom|11\/100\n|move|p2a: Gloom|Sleep Powder|p1a: Terapagos|[miss]\n|-miss|p2a: Gloom|p1a: Terapagos\n|\n|upkeep\n|turn|4\n|\n|t:|1736097196\n|move|p1b: Ogerpon|Ivy Cudgel|p2b: Lunala|[anim] Ivy Cudgel Rock\n|-damage|p2b: Lunala|42\/100\n|move|p1a: Terapagos|Earth Power|p2b: Lunala\n|-damage|p2b: Lunala|0 fnt\n|faint|p2b: Lunala\n|move|p2a: Gloom|Strength Sap|p1a: Terapagos\n|-fail|p1a: Terapagos|unboost|[from] item: Clear Amulet|[of] p1a: Terapagos\n|-heal|p2a: Gloom|75\/100\n|\n|upkeep\n|\n|t:|1736097198\n|switch|p2b: Ting-Lu|Ting-Lu, L50|100\/100\n|-ability|p2b: Ting-Lu|Vessel of Ruin\n|turn|5\n|\n|t:|1736097217\n|-terastallize|p2b: Ting-Lu|Poison\n|move|p1b: Ogerpon|Ivy Cudgel|p2a: Gloom|[anim] Ivy Cudgel Rock\n|-damage|p2a: Gloom|26\/100\n|move|p1a: Terapagos|Tera Starstorm|p2b: Ting-Lu|[spread] p2a,p2b\n|-crit|p2a: Gloom\n|-supereffective|p2b: Ting-Lu\n|-damage|p2a: Gloom|0 fnt\n|-damage|p2b: Ting-Lu|62\/100\n|faint|p2a: Gloom\n|move|p2b: Ting-Lu|Fissure|p1a: Terapagos|[miss]\n|-miss|p2b: Ting-Lu|p1a: Terapagos\n|\n|upkeep\n|turn|6\n|-message|bieiup forfeited.\n|\n|win|SubToPenglin\n|raw|SubToPenglin's rating: 1561 &rarr; <strong>1580<\/strong><br \/>(+19 for winning)\n|raw|bieiup's rating: 1547 &rarr; <strong>1528<\/strong><br \/>(-19 for losing)\n|l|\u2606bieiup\n|player|p2|\n|l|\u2606SubToPenglin\n|player|p1|\n","uploadtime":1736097396,"views":34,"formatid":"gen9vgc2025regg","rating":1528,"private":0,"password":null}