{"id":"gen9vgc2025regg-2275384212","format":"[Gen 9] VGC 2025 Reg G","players":["Slackermaru","diobrando133"],"log":"|j|\u2606Slackermaru\n|j|\u2606diobrando133\n|t:|1736076231\n|gametype|doubles\n|player|p1|Slackermaru|workerice|1616\n|player|p2|diobrando133|drayden|1592\n|teamsize|p1|6\n|teamsize|p2|6\n|gen|9\n|tier|[Gen 9] VGC 2025 Reg G\n|rated|\n|rule|Species Clause: Limit one of each Pok\u00e9mon\n|rule|Item Clause: Limit 1 of each item\n|clearpoke\n|poke|p1|Zamazenta-*, L50|\n|poke|p1|Chien-Pao, L50|\n|poke|p1|Amoonguss, L50, M|\n|poke|p1|Raging Bolt, L50|\n|poke|p1|Rillaboom, L50, M|\n|poke|p1|Flutter Mane, L50|\n|poke|p2|Urshifu-*, L50, M|\n|poke|p2|Rillaboom, L50, F|\n|poke|p2|Raging Bolt, L50|\n|poke|p2|Calyrex-Shadow, L50|\n|poke|p2|Incineroar, L50, M|\n|poke|p2|Ogerpon-Hearthflame, L50, F|\n|teampreview|4\n|inactive|Battle timer is ON: inactive players will automatically lose when time's up. (requested by diobrando133)\n|\n|t:|1736076263\n|start\n|switch|p1a: Amoonguss|Amoonguss, L50, M|100\/100\n|switch|p1b: Raging Bolt|Raging Bolt, L50|100\/100\n|switch|p2a: Incineroar|Incineroar, L50, M|100\/100\n|switch|p2b: Ogerpon|Ogerpon-Hearthflame, L50, F|100\/100\n|-ability|p2b: Ogerpon|Mold Breaker\n|-ability|p2a: Incineroar|Intimidate|boost\n|-unboost|p1a: Amoonguss|atk|1\n|-unboost|p1b: Raging Bolt|atk|1\n|turn|1\n|inactive|Slackermaru has 30 seconds left.\n|inactive|diobrando133 has 30 seconds left.\n|\n|t:|1736076296\n|move|p2a: Incineroar|Fake Out|p1b: Raging Bolt\n|-damage|p1b: Raging Bolt|90\/100\n|move|p2b: Ogerpon|Ivy Cudgel|p1a: Amoonguss|[anim] Ivy Cudgel Fire\n|-supereffective|p1a: Amoonguss\n|-damage|p1a: Amoonguss|9\/100\n|cant|p1b: Raging Bolt|flinch\n|move|p1a: Amoonguss|Spore|p2a: Incineroar\n|-status|p2a: Incineroar|slp|[from] move: Spore\n|\n|upkeep\n|turn|2\n|\n|t:|1736076316\n|move|p2b: Ogerpon|Ivy Cudgel|p1a: Amoonguss|[anim] Ivy Cudgel Fire\n|-supereffective|p1a: Amoonguss\n|-damage|p1a: Amoonguss|0 fnt\n|faint|p1a: Amoonguss\n|move|p1b: Raging Bolt|Draco Meteor|p2b: Ogerpon\n|-damage|p2b: Ogerpon|0 fnt\n|-unboost|p1b: Raging Bolt|spa|2\n|faint|p2b: Ogerpon\n|-damage|p1b: Raging Bolt|80\/100|[from] item: Life Orb\n|cant|p2a: Incineroar|slp\n|\n|upkeep\n|\n|t:|1736076329\n|switch|p2b: Urshifu|Urshifu-Rapid-Strike, L50, M|100\/100\n|switch|p1a: Chien-Pao|Chien-Pao, L50|100\/100\n|-ability|p1a: Chien-Pao|Sword of Ruin\n|turn|3\n|j| jasonrfry\n|\n|t:|1736076341\n|switch|p1a: Zamazenta|Zamazenta-Crowned, L50|100\/100\n|-ability|p1a: Zamazenta|Dauntless Shield|boost\n|-boost|p1a: Zamazenta|def|1\n|move|p2b: Urshifu|Detect|p2b: Urshifu\n|-singleturn|p2b: Urshifu|Protect\n|move|p1b: Raging Bolt|Thunderbolt|p2b: Urshifu\n|-activate|p2b: Urshifu|move: Protect\n|cant|p2a: Incineroar|slp\n|\n|upkeep\n|turn|4\n|inactive|Slackermaru has 30 seconds left.\n|inactive|diobrando133 has 30 seconds left.\n|\n|t:|1736076368\n|-terastallize|p1a: Zamazenta|Dragon\n|-terastallize|p2a: Incineroar|Water\n|move|p1a: Zamazenta|Heavy Slam|p2a: Incineroar\n|-resisted|p2a: Incineroar\n|-damage|p2a: Incineroar|83\/100 slp\n|-damage|p1a: Zamazenta|84\/100|[from] item: Rocky Helmet|[of] p2a: Incineroar\n|move|p2b: Urshifu|Close Combat|p1b: Raging Bolt\n|-damage|p1b: Raging Bolt|12\/100\n|-unboost|p2b: Urshifu|def|1\n|-unboost|p2b: Urshifu|spd|1\n|move|p1b: Raging Bolt|Draco Meteor|p2a: Incineroar\n|-damage|p2a: Incineroar|40\/100 slp\n|-unboost|p1b: Raging Bolt|spa|2\n|-damage|p1b: Raging Bolt|3\/100|[from] item: Life Orb\n|cant|p2a: Incineroar|slp\n|\n|upkeep\n|turn|5\n|inactive|Slackermaru has 30 seconds left.\n|\n|t:|1736076400\n|move|p2b: Urshifu|Aqua Jet|p1b: Raging Bolt\n|-resisted|p1b: Raging Bolt\n|-damage|p1b: Raging Bolt|0 fnt\n|faint|p1b: Raging Bolt\n|-end|p1b: Raging Bolt|Protosynthesis|[silent]\n|move|p1a: Zamazenta|Body Press|p2b: Urshifu\n|-enditem|p2b: Urshifu|Focus Sash\n|-damage|p2b: Urshifu|1\/100\n|-curestatus|p2a: Incineroar|slp|[msg]\n|move|p2a: Incineroar|Will-O-Wisp|p1a: Zamazenta\n|-status|p1a: Zamazenta|brn\n|\n|-damage|p1a: Zamazenta|79\/100 brn|[from] brn\n|upkeep\n|\n|t:|1736076413\n|switch|p1b: Chien-Pao|Chien-Pao, L50|100\/100\n|-ability|p1b: Chien-Pao|Sword of Ruin\n|turn|6\n|\n|t:|1736076434\n|switch|p2a: Calyrex|Calyrex-Shadow, L50|100\/100\n|-ability|p2a: Calyrex|As One\n|-ability|p2a: Calyrex|Unnerve\n|move|p1b: Chien-Pao|Sucker Punch|p2b: Urshifu\n|-resisted|p2b: Urshifu\n|-damage|p2b: Urshifu|0 fnt\n|faint|p2b: Urshifu\n|move|p1a: Zamazenta|Body Press|p2a: Calyrex\n|-immune|p2a: Calyrex\n|\n|-damage|p1a: Zamazenta|73\/100 brn|[from] brn\n|upkeep\n|\n|t:|1736076445\n|switch|p2b: Incineroar|Incineroar, L50, M, tera:Water|40\/100\n|-ability|p2b: Incineroar|Intimidate|boost\n|-unboost|p1a: Zamazenta|atk|1\n|-unboost|p1b: Chien-Pao|atk|1\n|turn|7\n|\n|t:|1736076459\n|move|p1b: Chien-Pao|Protect|p1b: Chien-Pao\n|-singleturn|p1b: Chien-Pao|Protect\n|move|p1a: Zamazenta|Protect|p1a: Zamazenta\n|-singleturn|p1a: Zamazenta|Protect\n|move|p2b: Incineroar|Fake Out|p1b: Chien-Pao\n|-activate|p1b: Chien-Pao|move: Protect\n|move|p2a: Calyrex|Nasty Plot|p2a: Calyrex\n|-boost|p2a: Calyrex|spa|2\n|\n|-damage|p1a: Zamazenta|67\/100 brn|[from] brn\n|upkeep\n|turn|8\n|l| jasonrfry\n|\n|t:|1736076477\n|move|p1b: Chien-Pao|Sucker Punch||[still]\n|-fail|p1b: Chien-Pao\n|move|p2a: Calyrex|Nasty Plot|p2a: Calyrex\n|-boost|p2a: Calyrex|spa|2\n|move|p1a: Zamazenta|Body Press|p2b: Incineroar\n|-crit|p2b: Incineroar\n|-damage|p2b: Incineroar|0 fnt\n|-damage|p1a: Zamazenta|51\/100 brn|[from] item: Rocky Helmet|[of] p2b: Incineroar\n|faint|p2b: Incineroar\n|\n|-damage|p1a: Zamazenta|45\/100 brn|[from] brn\n|upkeep\n|turn|9\n|\n|t:|1736076497\n|move|p1a: Zamazenta|Wide Guard|p1a: Zamazenta\n|-singleturn|p1a: Zamazenta|Wide Guard\n|move|p2a: Calyrex|Nasty Plot|p2a: Calyrex\n|-boost|p2a: Calyrex|spa|2\n|move|p1b: Chien-Pao|Throat Chop|p2a: Calyrex\n|-supereffective|p2a: Calyrex\n|-damage|p2a: Calyrex|0 fnt\n|faint|p2a: Calyrex\n|\n|win|Slackermaru\n|raw|Slackermaru's rating: 1616 &rarr; <strong>1635<\/strong><br \/>(+19 for winning)\n|raw|diobrando133's rating: 1592 &rarr; <strong>1573<\/strong><br \/>(-19 for losing)\n|l|\u2606Slackermaru\n|player|p1|\n|l|\u2606diobrando133\n|player|p2|\n","uploadtime":1736076769,"views":293,"formatid":"gen9vgc2025regg","rating":1573,"private":0,"password":null}