{"id":"gen9vgc2025regg-2275847025","format":"[Gen 9] VGC 2025 Reg G","players":["lichuweijixi","nbadrose2"],"log":"|j|\u2606lichuweijixi\n|j|\u2606nbadrose2\n|t:|1736140380\n|gametype|doubles\n|player|p1|lichuweijixi|1|1573\n|player|p2|nbadrose2|bea|1640\n|teamsize|p1|6\n|teamsize|p2|5\n|gen|9\n|tier|[Gen 9] VGC 2025 Reg G\n|rated|\n|rule|Species Clause: Limit one of each Pok\u00e9mon\n|rule|Item Clause: Limit 1 of each item\n|clearpoke\n|poke|p1|Dondozo, L50, M|\n|poke|p1|Tatsugiri, L50, M|\n|poke|p1|Miraidon, L50|\n|poke|p1|Ogerpon-Hearthflame, L50, F|\n|poke|p1|Gholdengo, L50|\n|poke|p1|Chien-Pao, L50|\n|poke|p2|Zamazenta-*, L50|\n|poke|p2|Rillaboom, L50, M|\n|poke|p2|Chien-Pao, L50|\n|poke|p2|Flutter Mane, L50|\n|poke|p2|Urshifu-*, L50, F|\n|teampreview|4\n|inactive|Battle timer is ON: inactive players will automatically lose when time's up. (requested by nbadrose2)\nnbadrose2 rejected open team sheets.\n|inactive|nbadrose2 has 60 seconds left.\n|inactive|nbadrose2 has 30 seconds left.\n|inactive|nbadrose2 has 20 seconds left.\n|inactive|nbadrose2 has 15 seconds left.\n|inactive|nbadrose2 has 10 seconds left.\n|\n|t:|1736140479\n|start\n|switch|p1a: Ogerpon|Ogerpon-Hearthflame, L50, F|100\/100\n|switch|p1b: Dondozo|Dondozo, L50, M|100\/100\n|switch|p2a: Zamazenta|Zamazenta-Crowned, L50|100\/100\n|switch|p2b: Chien-Pao|Chien-Pao, L50|100\/100\n|-ability|p2b: Chien-Pao|Sword of Ruin\n|-ability|p2a: Zamazenta|Dauntless Shield|boost\n|-boost|p2a: Zamazenta|def|1\n|-ability|p1a: Ogerpon|Mold Breaker\n|turn|1\n|\n|t:|1736140497\n|switch|p1a: Tatsugiri|Tatsugiri, L50, M|100\/100\n|-activate|p1a: Tatsugiri|ability: Commander|[of] p1b: Dondozo\n|-boost|p1b: Dondozo|atk|2\n|-boost|p1b: Dondozo|spa|2\n|-boost|p1b: Dondozo|spe|2\n|-boost|p1b: Dondozo|def|2\n|-boost|p1b: Dondozo|spd|2\n|move|p2b: Chien-Pao|Protect|p2b: Chien-Pao\n|-singleturn|p2b: Chien-Pao|Protect\n|move|p2a: Zamazenta|Body Press|p1a: Tatsugiri|[miss]\n|-miss|p2a: Zamazenta|p1a: Tatsugiri\n|move|p1b: Dondozo|Earthquake|p2b: Chien-Pao|[spread] p2a\n|-miss|p1b: Dondozo|p1a: Tatsugiri\n|-activate|p2b: Chien-Pao|move: Protect\n|-supereffective|p2a: Zamazenta\n|-damage|p2a: Zamazenta|21\/100\n|\n|upkeep\n|turn|2\n|\n|t:|1736140519\n|move|p2b: Chien-Pao|Icicle Crash|p1b: Dondozo|[miss]\n|-miss|p2b: Chien-Pao|p1b: Dondozo\n|move|p2a: Zamazenta|Body Press|p1b: Dondozo\n|-damage|p1b: Dondozo|83\/100\n|move|p1b: Dondozo|Order Up|p2b: Chien-Pao\n|-damage|p2b: Chien-Pao|32\/100\n|-boost|p1b: Dondozo|atk|1\n|\n|-heal|p1b: Dondozo|89\/100|[from] item: Leftovers\n|upkeep\n|turn|3\n|\n|t:|1736140539\n|move|p2b: Chien-Pao|Throat Chop|p1b: Dondozo\n|-damage|p1b: Dondozo|70\/100\n|-start|p1b: Dondozo|Throat Chop|[silent]\n|move|p2a: Zamazenta|Body Press|p1b: Dondozo\n|-damage|p1b: Dondozo|52\/100\n|move|p1b: Dondozo|Order Up|p2a: Zamazenta\n|-resisted|p2a: Zamazenta\n|-crit|p2a: Zamazenta\n|-damage|p2a: Zamazenta|0 fnt\n|faint|p2a: Zamazenta\n|-boost|p1b: Dondozo|atk|1\n|\n|-heal|p1b: Dondozo|58\/100|[from] item: Leftovers\n|upkeep\n|\n|t:|1736140545\n|switch|p2a: Urshifu|Urshifu-Rapid-Strike, L50, F|100\/100\n|turn|4\n|\n|t:|1736140554\n|-terastallize|p2a: Urshifu|Water\n|move|p2b: Chien-Pao|Icicle Crash|p1b: Dondozo\n|-resisted|p1b: Dondozo\n|-crit|p1b: Dondozo\n|-damage|p1b: Dondozo|32\/100\n|move|p1b: Dondozo|Earthquake|p2b: Chien-Pao|[spread] p2a,p2b\n|-miss|p1b: Dondozo|p1a: Tatsugiri\n|-damage|p2a: Urshifu|16\/100\n|-damage|p2b: Chien-Pao|0 fnt\n|faint|p2b: Chien-Pao\n|move|p2a: Urshifu|Surging Strikes|p1b: Dondozo\n|-resisted|p1b: Dondozo\n|-crit|p1b: Dondozo\n|-damage|p1b: Dondozo|21\/100\n|-resisted|p1b: Dondozo\n|-crit|p1b: Dondozo\n|-damage|p1b: Dondozo|11\/100\n|-resisted|p1b: Dondozo\n|-crit|p1b: Dondozo\n|-damage|p1b: Dondozo|1\/100\n|-hitcount|p1b: Dondozo|3\n|\n|-heal|p1b: Dondozo|8\/100|[from] item: Leftovers\n|-end|p1b: Dondozo|Throat Chop|[silent]\n|upkeep\n|\n|t:|1736140563\n|switch|p2b: Flutter Mane|Flutter Mane, L50|100\/100\n|-enditem|p2b: Flutter Mane|Booster Energy\n|-activate|p2b: Flutter Mane|ability: Protosynthesis|[fromitem]\n|-start|p2b: Flutter Mane|protosynthesisspe\n|turn|5\n|\n|t:|1736140572\n|move|p2b: Flutter Mane|Moonblast|p1b: Dondozo\n|-damage|p1b: Dondozo|0 fnt\n|faint|p1b: Dondozo\n|move|p2a: Urshifu|Close Combat|p1a: Tatsugiri\n|-damage|p1a: Tatsugiri|0 fnt\n|-unboost|p2a: Urshifu|def|1\n|-unboost|p2a: Urshifu|spd|1\n|faint|p1a: Tatsugiri\n|\n|upkeep\n|\n|t:|1736140575\n|switch|p1a: Miraidon|Miraidon, L50|100\/100\n|switch|p1b: Ogerpon|Ogerpon-Hearthflame, L50, F|100\/100\n|-fieldstart|move: Electric Terrain|[from] ability: Hadron Engine|[of] p1a: Miraidon\n|-ability|p1b: Ogerpon|Mold Breaker\n|turn|6\n|\n|t:|1736140595\n|-terastallize|p1a: Miraidon|Fairy\n|move|p2b: Flutter Mane|Protect|p2b: Flutter Mane\n|-singleturn|p2b: Flutter Mane|Protect\n|move|p2a: Urshifu|Detect|p2a: Urshifu\n|-singleturn|p2a: Urshifu|Protect\n|move|p1a: Miraidon|Electro Drift|p2b: Flutter Mane\n|-activate|p2b: Flutter Mane|move: Protect\n|move|p1b: Ogerpon|Wood Hammer|p2a: Urshifu\n|-activate|p2a: Urshifu|move: Protect\n|\n|upkeep\n|turn|7\n|\n|t:|1736140605\n|move|p2b: Flutter Mane|Icy Wind|p1a: Miraidon|[spread] p1a,p1b\n|-damage|p1a: Miraidon|93\/100\n|-damage|p1b: Ogerpon|86\/100\n|-unboost|p1a: Miraidon|spe|1\n|-unboost|p1b: Ogerpon|spe|1\n|move|p2a: Urshifu|Surging Strikes|p1b: Ogerpon\n|-crit|p1b: Ogerpon\n|-damage|p1b: Ogerpon|56\/100\n|-crit|p1b: Ogerpon\n|-damage|p1b: Ogerpon|27\/100\n|-crit|p1b: Ogerpon\n|-damage|p1b: Ogerpon|0 fnt\n|faint|p1b: Ogerpon\n|-hitcount|p1: Ogerpon|3\n|move|p1a: Miraidon|Dazzling Gleam|p2a: Urshifu|[spread] p2a,p2b\n|-damage|p2a: Urshifu|0 fnt\n|-damage|p2b: Flutter Mane|58\/100\n|faint|p2a: Urshifu\n|\n|upkeep\n|turn|8\n|\n|t:|1736140623\n|move|p2b: Flutter Mane|Protect|p2b: Flutter Mane\n|-singleturn|p2b: Flutter Mane|Protect\n|move|p1a: Miraidon|Electro Drift|p2b: Flutter Mane\n|-activate|p2b: Flutter Mane|move: Protect\n|\n|upkeep\n|turn|9\n|j| wavecrashout\n|\n|t:|1736140630\n|move|p2b: Flutter Mane|Protect||[still]\n|-fail|p2b: Flutter Mane\n|move|p1a: Miraidon|Electro Drift|p2b: Flutter Mane\n|-damage|p2b: Flutter Mane|0 fnt\n|faint|p2b: Flutter Mane\n|-end|p2b: Flutter Mane|Protosynthesis|[silent]\n|\n|win|lichuweijixi\n|raw|lichuweijixi's rating: 1573 &rarr; <strong>1597<\/strong><br \/>(+24 for winning)\n|raw|nbadrose2's rating: 1640 &rarr; <strong>1616<\/strong><br \/>(-24 for losing)\n|l|\u2606nbadrose2\n|player|p2|\n|l|\u2606lichuweijixi\n|player|p1|\n|l| wavecrashout\n","uploadtime":1736140885,"views":287,"formatid":"gen9vgc2025regg","rating":1597,"private":0,"password":null}