{"id":"gen9vgc2025regg-2275254983","format":"[Gen 9] VGC 2025 Reg G","players":["Lichuweijixi","Zeropoke7310"],"log":"|j|\u2606Lichuweijixi\n|j|\u2606Zeropoke7310\n|t:|1736050653\n|gametype|doubles\n|player|p1|Lichuweijixi|170|1546\n|player|p2|Zeropoke7310|266|1566\n|teamsize|p1|6\n|teamsize|p2|6\n|gen|9\n|tier|[Gen 9] VGC 2025 Reg G\n|rated|\n|rule|Species Clause: Limit one of each Pok\u00e9mon\n|rule|Item Clause: Limit 1 of each item\n|clearpoke\n|poke|p1|Dondozo, L50, M|\n|poke|p1|Tatsugiri, L50, F|\n|poke|p1|Miraidon, L50|\n|poke|p1|Urshifu-*, L50, M|\n|poke|p1|Ogerpon-Hearthflame, L50, F|\n|poke|p1|Gholdengo, L50|\n|poke|p2|Zamazenta-*, L50|\n|poke|p2|Chien-Pao, L50|\n|poke|p2|Urshifu-*, L50, F|\n|poke|p2|Amoonguss, L50, M|\n|poke|p2|Rillaboom, L50, M|\n|poke|p2|Pelipper, L50, F|\n|teampreview|4\n|\n|t:|1736050676\n|start\n|switch|p1a: Ogerpon|Ogerpon-Hearthflame, L50, F|100\/100\n|switch|p1b: Dondozo|Dondozo, L50, M|100\/100\n|switch|p2a: Chien-Pao|Chien-Pao, L50|100\/100\n|switch|p2b: Urshifu|Urshifu-Rapid-Strike, L50, F|100\/100\n|-ability|p2a: Chien-Pao|Sword of Ruin\n|-ability|p1a: Ogerpon|Mold Breaker\n|turn|1\n|\n|t:|1736050707\n|switch|p1a: Tatsugiri|Tatsugiri, L50, F|100\/100\n|-activate|p1a: Tatsugiri|ability: Commander|[of] p1b: Dondozo\n|-boost|p1b: Dondozo|atk|2\n|-boost|p1b: Dondozo|spa|2\n|-boost|p1b: Dondozo|spe|2\n|-boost|p1b: Dondozo|def|2\n|-boost|p1b: Dondozo|spd|2\n|move|p2b: Urshifu|Surging Strikes|p1a: Tatsugiri|[miss]\n|-miss|p2b: Urshifu|p1a: Tatsugiri\n|move|p2a: Chien-Pao|Throat Chop|p1a: Tatsugiri|[miss]\n|-miss|p2a: Chien-Pao|p1a: Tatsugiri\n|move|p1b: Dondozo|Order Up|p2b: Urshifu\n|-damage|p2b: Urshifu|40\/100\n|-boost|p1b: Dondozo|atk|1\n|\n|upkeep\n|turn|2\n|\n|t:|1736050730\n|switch|p2b: Rillaboom|Rillaboom, L50, M|100\/100\n|-fieldstart|move: Grassy Terrain|[from] ability: Grassy Surge|[of] p2b: Rillaboom\n|switch|p2a: Amoonguss|Amoonguss, L50, M, shiny|100\/100\n|move|p1b: Dondozo|Earthquake|p2b: Rillaboom|[spread] p2a,p2b\n|-miss|p1b: Dondozo|p1a: Tatsugiri\n|-resisted|p2b: Rillaboom\n|-damage|p2a: Amoonguss|79\/100\n|-damage|p2b: Rillaboom|88\/100\n|\n|-heal|p2b: Rillaboom|94\/100|[from] Grassy Terrain\n|-heal|p2a: Amoonguss|85\/100|[from] Grassy Terrain\n|upkeep\n|turn|3\n|\n|t:|1736050752\n|move|p1b: Dondozo|Protect|p1b: Dondozo\n|-singleturn|p1b: Dondozo|Protect\n|move|p2b: Rillaboom|Fake Out|p1b: Dondozo\n|-activate|p1b: Dondozo|move: Protect\n|move|p2a: Amoonguss|Spore|p1b: Dondozo\n|-activate|p1b: Dondozo|move: Protect\n|\n|-heal|p2b: Rillaboom|99\/100|[from] Grassy Terrain\n|-heal|p2a: Amoonguss|91\/100|[from] Grassy Terrain\n|upkeep\n|turn|4\n|\n|t:|1736050766\n|-terastallize|p1b: Dondozo|Grass\n|move|p1b: Dondozo|Order Up|p2a: Amoonguss\n|-damage|p2a: Amoonguss|47\/100\n|-boost|p1b: Dondozo|atk|1\n|move|p2b: Rillaboom|U-turn|p1b: Dondozo\n|-supereffective|p1b: Dondozo\n|-damage|p1b: Dondozo|82\/100\n|\n|t:|1736050775\n|switch|p2b: Chien-Pao|Chien-Pao, L50|100\/100|[from] U-turn\n|-ability|p2b: Chien-Pao|Sword of Ruin\n|move|p2a: Amoonguss|Sludge Bomb|p1b: Dondozo\n|-supereffective|p1b: Dondozo\n|-damage|p1b: Dondozo|54\/100\n|\n|-heal|p1b: Dondozo|61\/100|[from] Grassy Terrain\n|-heal|p1b: Dondozo|67\/100|[from] item: Leftovers\n|-heal|p2a: Amoonguss|53\/100|[from] Grassy Terrain\n|upkeep\n|turn|5\n|\n|t:|1736050796\n|move|p2a: Amoonguss|Protect|p2a: Amoonguss\n|-singleturn|p2a: Amoonguss|Protect\n|move|p2b: Chien-Pao|Icicle Crash|p1b: Dondozo\n|-supereffective|p1b: Dondozo\n|-damage|p1b: Dondozo|22\/100\n|cant|p1b: Dondozo|flinch\n|\n|-heal|p1b: Dondozo|28\/100|[from] Grassy Terrain\n|-heal|p1b: Dondozo|34\/100|[from] item: Leftovers\n|-heal|p2a: Amoonguss|59\/100|[from] Grassy Terrain\n|upkeep\n|turn|6\n|\n|t:|1736050812\n|switch|p2a: Urshifu|Urshifu-Rapid-Strike, L50, F|40\/100\n|move|p2b: Chien-Pao|Icicle Crash|p1b: Dondozo\n|-supereffective|p1b: Dondozo\n|-damage|p1b: Dondozo|0 fnt\n|faint|p1b: Dondozo\n|\n|-heal|p2a: Urshifu|46\/100|[from] Grassy Terrain\n|-fieldend|move: Grassy Terrain\n|upkeep\n|\n|t:|1736050816\n|switch|p1b: Ogerpon|Ogerpon-Hearthflame, L50, F|100\/100\n|-ability|p1b: Ogerpon|Mold Breaker\n|turn|7\n|j| BreadTest\n|\n|t:|1736050839\n|move|p2a: Urshifu|Surging Strikes|p1b: Ogerpon\n|-crit|p1b: Ogerpon\n|-damage|p1b: Ogerpon|70\/100\n|-crit|p1b: Ogerpon\n|-damage|p1b: Ogerpon|35\/100\n|-crit|p1b: Ogerpon\n|-damage|p1b: Ogerpon|2\/100\n|-hitcount|p1b: Ogerpon|3\n|move|p1a: Tatsugiri|Muddy Water|p2b: Chien-Pao|[spread] p2a,p2b\n|-resisted|p2a: Urshifu\n|-damage|p2a: Urshifu|22\/100\n|-damage|p2b: Chien-Pao|42\/100\n|move|p2b: Chien-Pao|Icicle Crash|p1a: Tatsugiri\n|-damage|p1a: Tatsugiri|0 fnt\n|faint|p1a: Tatsugiri\n|move|p1b: Ogerpon|Ivy Cudgel|p2a: Urshifu|[anim] Ivy Cudgel Fire\n|-resisted|p2a: Urshifu\n|-crit|p2a: Urshifu\n|-damage|p2a: Urshifu|0 fnt\n|faint|p2a: Urshifu\n|\n|upkeep\n|\n|t:|1736050858\n|switch|p2a: Rillaboom|Rillaboom, L50, M|99\/100\n|switch|p1a: Miraidon|Miraidon, L50|100\/100\n|-fieldstart|move: Electric Terrain|[from] ability: Hadron Engine|[of] p1a: Miraidon\n|-fieldstart|move: Grassy Terrain|[from] ability: Grassy Surge|[of] p2a: Rillaboom\n|turn|8\n|\n|t:|1736050873\n|move|p1b: Ogerpon|Spiky Shield|p1b: Ogerpon\n|-singleturn|p1b: Ogerpon|move: Protect\n|move|p2a: Rillaboom|Fake Out|p1a: Miraidon\n|-damage|p1a: Miraidon|82\/100\n|move|p2b: Chien-Pao|Icicle Crash|p1a: Miraidon\n|-supereffective|p1a: Miraidon\n|-damage|p1a: Miraidon|0 fnt\n|faint|p1a: Miraidon\n|\n|-heal|p2b: Chien-Pao|48\/100|[from] Grassy Terrain\n|-heal|p1b: Ogerpon|8\/100|[from] Grassy Terrain\n|-heal|p2a: Rillaboom|100\/100|[from] Grassy Terrain\n|upkeep\n|turn|9\n|-message|Lichuweijixi forfeited.\n|\n|win|Zeropoke7310\n|raw|Lichuweijixi's rating: 1546 &rarr; <strong>1527<\/strong><br \/>(-19 for losing)\n|raw|Zeropoke7310's rating: 1566 &rarr; <strong>1585<\/strong><br \/>(+19 for winning)\n|l|\u2606Lichuweijixi\n|player|p1|\n|l|\u2606Zeropoke7310\n|player|p2|\n|l| BreadTest\n","uploadtime":1736051150,"views":281,"formatid":"gen9vgc2025regg","rating":1527,"private":0,"password":null}