{"id":"gen9vgc2025regg-2275543503","format":"[Gen 9] VGC 2025 Reg G","players":["bobhammer76","JasePokemonTwitter"],"log":"|j|\u2606bobhammer76\n|j|\u2606JasePokemonTwitter\n|t:|1736100704\n|gametype|doubles\n|player|p1|bobhammer76|266|1585\n|player|p2|JasePokemonTwitter|lucas|1592\n|teamsize|p1|6\n|teamsize|p2|6\n|gen|9\n|tier|[Gen 9] VGC 2025 Reg G\n|rated|\n|rule|Species Clause: Limit one of each Pok\u00e9mon\n|rule|Item Clause: Limit 1 of each item\n|clearpoke\n|poke|p1|Indeedee-F, L50, F|\n|poke|p1|Gallade, L50, M|\n|poke|p1|Flutter Mane, L50|\n|poke|p1|Ogerpon-Wellspring, L50, F|\n|poke|p1|Calyrex-Ice, L50|\n|poke|p1|Torkoal, L50, M|\n|poke|p2|Kyogre, L50|\n|poke|p2|Incineroar, L50, F|\n|poke|p2|Wo-Chien, L50|\n|poke|p2|Grimmsnarl, L50, M|\n|poke|p2|Urshifu-*, L50, M|\n|poke|p2|Raging Bolt, L50|\n|teampreview|4\n|inactive|Battle timer is ON: inactive players will automatically lose when time's up. (requested by JasePokemonTwitter)\n|inactive|bobhammer76 has 60 seconds left.\n|\n|t:|1736100747\n|start\n|switch|p1a: Indeedee|Indeedee-F, L50, F|100\/100\n|switch|p1b: Flutter Mane|Flutter Mane, L50|100\/100\n|switch|p2a: Grimmsnarl|Grimmsnarl, L50, M|100\/100\n|switch|p2b: Urshifu|Urshifu-Rapid-Strike, L50, M|100\/100\n|-fieldstart|move: Psychic Terrain|[from] ability: Psychic Surge|[of] p1a: Indeedee\n|turn|1\n|\n|t:|1736100767\n|switch|p2b: Kyogre|Kyogre, L50|100\/100\n|-weather|RainDance|[from] ability: Drizzle|[of] p2b: Kyogre\n|-terastallize|p1b: Flutter Mane|Fairy\n|move|p1a: Indeedee|Helping Hand|p1b: Flutter Mane\n|-singleturn|p1b: Flutter Mane|Helping Hand|[of] p1a: Indeedee\n|move|p2a: Grimmsnarl|Light Screen|p2a: Grimmsnarl\n|-sidestart|p2: JasePokemonTwitter|move: Light Screen\n|move|p1b: Flutter Mane|Dazzling Gleam|p2a: Grimmsnarl|[spread] p2a,p2b\n|-supereffective|p2a: Grimmsnarl\n|-damage|p2a: Grimmsnarl|0 fnt\n|-damage|p2b: Kyogre|58\/100\n|faint|p2a: Grimmsnarl\n|\n|-weather|RainDance|[upkeep]\n|-heal|p2b: Kyogre|64\/100|[from] item: Leftovers\n|upkeep\n|\n|t:|1736100781\n|switch|p2a: Urshifu|Urshifu-Rapid-Strike, L50, M|100\/100\n|turn|2\n|\n|t:|1736100792\n|switch|p1a: Torkoal|Torkoal, L50, M|100\/100\n|-weather|SunnyDay|[from] ability: Drought|[of] p1a: Torkoal\n|-activate|p1b: Flutter Mane|ability: Protosynthesis\n|-start|p1b: Flutter Mane|protosynthesisspe\n|-terastallize|p2a: Urshifu|Ghost\n|move|p1b: Flutter Mane|Dazzling Gleam|p2a: Urshifu|[spread] p2a,p2b\n|-damage|p2a: Urshifu|38\/100\n|-damage|p2b: Kyogre|35\/100\n|move|p2a: Urshifu|Surging Strikes|p1b: Flutter Mane\n|-crit|p1b: Flutter Mane\n|-damage|p1b: Flutter Mane|77\/100\n|-crit|p1b: Flutter Mane\n|-damage|p1b: Flutter Mane|54\/100\n|-crit|p1b: Flutter Mane\n|-damage|p1b: Flutter Mane|33\/100\n|-hitcount|p1b: Flutter Mane|3\n|move|p2b: Kyogre|Calm Mind|p2b: Kyogre\n|-boost|p2b: Kyogre|spa|1\n|-boost|p2b: Kyogre|spd|1\n|\n|-weather|SunnyDay|[upkeep]\n|-heal|p2b: Kyogre|41\/100|[from] item: Leftovers\n|upkeep\n|turn|3\n|\n|t:|1736100810\n|move|p1b: Flutter Mane|Dazzling Gleam|p2b: Kyogre|[spread] p2a,p2b\n|-damage|p2a: Urshifu|0 fnt\n|-damage|p2b: Kyogre|22\/100\n|faint|p2a: Urshifu\n|move|p2b: Kyogre|Origin Pulse|p1a: Torkoal|[spread] p1a,p1b\n|-supereffective|p1a: Torkoal\n|-damage|p1a: Torkoal|9\/100\n|-damage|p1b: Flutter Mane|0 fnt\n|faint|p1b: Flutter Mane\n|-end|p1b: Flutter Mane|Protosynthesis|[silent]\n|move|p1a: Torkoal|Clear Smog|p2b: Kyogre\n|-damage|p2b: Kyogre|18\/100\n|-clearboost|p2b: Kyogre\n|\n|-weather|SunnyDay|[upkeep]\n|-heal|p2b: Kyogre|24\/100|[from] item: Leftovers\n|upkeep\n|\n|t:|1736100822\n|switch|p1b: Calyrex|Calyrex-Ice, L50|100\/100\n|switch|p2a: Wo-Chien|Wo-Chien, L50|100\/100\n|-ability|p1b: Calyrex|As One\n|-ability|p1b: Calyrex|Unnerve\n|-ability|p2a: Wo-Chien|Tablets of Ruin\n|turn|4\n|\n|t:|1736100844\n|move|p2a: Wo-Chien|Pollen Puff|p2b: Kyogre\n|-heal|p2b: Kyogre|73\/100\n|move|p2b: Kyogre|Origin Pulse|p1a: Torkoal|[spread] p1a,p1b\n|-supereffective|p1a: Torkoal\n|-damage|p1a: Torkoal|0 fnt\n|-damage|p1b: Calyrex|84\/100\n|faint|p1a: Torkoal\n|move|p1b: Calyrex|Trick Room|p1b: Calyrex\n|-fieldstart|move: Trick Room|[of] p1b: Calyrex\n|\n|-weather|SunnyDay|[upkeep]\n|-heal|p2b: Kyogre|79\/100|[from] item: Leftovers\n|upkeep\n|\n|t:|1736100850\n|switch|p1a: Indeedee|Indeedee-F, L50, F|100\/100\n|turn|5\n|\n|t:|1736100860\n|move|p1a: Indeedee|Helping Hand|p1b: Calyrex\n|-singleturn|p1b: Calyrex|Helping Hand|[of] p1a: Indeedee\n|move|p2b: Kyogre|Protect|p2b: Kyogre\n|-singleturn|p2b: Kyogre|Protect\n|move|p2a: Wo-Chien|Protect|p2a: Wo-Chien\n|-singleturn|p2a: Wo-Chien|Protect\n|move|p1b: Calyrex|Glacial Lance|p2a: Wo-Chien|[spread] \n|-activate|p2a: Wo-Chien|move: Protect\n|-activate|p2b: Kyogre|move: Protect\n|\n|-weather|SunnyDay|[upkeep]\n|-heal|p2b: Kyogre|85\/100|[from] item: Leftovers\n|-fieldend|move: Psychic Terrain\n|upkeep\n|turn|6\n|\n|t:|1736100877\n|move|p1a: Indeedee|Helping Hand|p1b: Calyrex\n|-singleturn|p1b: Calyrex|Helping Hand|[of] p1a: Indeedee\n|move|p1b: Calyrex|Glacial Lance|p2b: Kyogre|[spread] p2a,p2b\n|-supereffective|p2a: Wo-Chien\n|-resisted|p2b: Kyogre\n|-damage|p2a: Wo-Chien|0 fnt\n|-damage|p2b: Kyogre|57\/100\n|faint|p2a: Wo-Chien\n|-ability|p1b: Calyrex|Chilling Neigh|boost\n|-boost|p1b: Calyrex|atk|1\n|move|p2b: Kyogre|Origin Pulse|p1a: Indeedee|[spread] p1a,p1b\n|-damage|p1a: Indeedee|82\/100\n|-damage|p1b: Calyrex|69\/100\n|\n|-weather|none\n|-heal|p2b: Kyogre|63\/100|[from] item: Leftovers\n|upkeep\n|turn|7\n|\n|t:|1736100892\n|move|p1a: Indeedee|Helping Hand|p1b: Calyrex\n|-singleturn|p1b: Calyrex|Helping Hand|[of] p1a: Indeedee\n|move|p1b: Calyrex|High Horsepower|p2b: Kyogre\n|-damage|p2b: Kyogre|0 fnt\n|faint|p2b: Kyogre\n|\n|win|bobhammer76\n|raw|bobhammer76's rating: 1585 &rarr; <strong>1605<\/strong><br \/>(+20 for winning)\n|raw|JasePokemonTwitter's rating: 1592 &rarr; <strong>1572<\/strong><br \/>(-20 for losing)\n|l|\u2606bobhammer76\n|player|p1|\n|l|\u2606JasePokemonTwitter\n|player|p2|\n","uploadtime":1736101152,"views":285,"formatid":"gen9vgc2025regg","rating":1572,"private":0,"password":null}