{"id":"gen9vgc2025regg-2275087903","format":"[Gen 9] VGC 2025 Reg G","players":["MakesSenseVGC","Imnotagni"],"log":"|j|\u2606MakesSenseVGC\n|j|\u2606Imnotagni\n|t:|1736028117\n|gametype|doubles\n|player|p1|MakesSenseVGC|102|1540\n|player|p2|Imnotagni|policeman-gen4|1586\n|teamsize|p1|6\n|teamsize|p2|6\n|gen|9\n|tier|[Gen 9] VGC 2025 Reg G\n|rated|\n|rule|Species Clause: Limit one of each Pok\u00e9mon\n|rule|Item Clause: Limit 1 of each item\n|clearpoke\n|poke|p1|Ursaluna, L50, M|\n|poke|p1|Ogerpon-Wellspring, L50, F|\n|poke|p1|Gallade, L50, M|\n|poke|p1|Indeedee-F, L50, F|\n|poke|p1|Calyrex-Ice, L50|\n|poke|p1|Torkoal, L50, M|\n|poke|p2|Kyogre, L50|\n|poke|p2|Tornadus, L50, M|\n|poke|p2|Tsareena, L50, F|\n|poke|p2|Regieleki, L50|\n|poke|p2|Landorus, L50, M|\n|poke|p2|Urshifu-*, L50, M|\n|teampreview|4\n|inactive|Battle timer is ON: inactive players will automatically lose when time's up. (requested by Imnotagni)\n|\n|t:|1736028137\n|start\n|switch|p1a: Indeedee|Indeedee-F, L50, F|100\/100\n|switch|p1b: Calyrex|Calyrex-Ice, L50|100\/100\n|switch|p2a: Urshifu|Urshifu-Rapid-Strike, L50, M|100\/100\n|switch|p2b: Tsareena|Tsareena, L50, F, shiny|100\/100\n|-ability|p1b: Calyrex|As One\n|-ability|p1b: Calyrex|Unnerve\n|-fieldstart|move: Psychic Terrain|[from] ability: Psychic Surge|[of] p1a: Indeedee\n|turn|1\n|\n|t:|1736028154\n|move|p1a: Indeedee|Follow Me|p1a: Indeedee\n|-singleturn|p1a: Indeedee|move: Follow Me\n|move|p2a: Urshifu|Surging Strikes|p1a: Indeedee\n|-crit|p1a: Indeedee\n|-damage|p1a: Indeedee|71\/100\n|-damage|p2a: Urshifu|84\/100|[from] item: Rocky Helmet|[of] p1a: Indeedee\n|-crit|p1a: Indeedee\n|-damage|p1a: Indeedee|45\/100\n|-damage|p2a: Urshifu|68\/100|[from] item: Rocky Helmet|[of] p1a: Indeedee\n|-crit|p1a: Indeedee\n|-damage|p1a: Indeedee|19\/100\n|-damage|p2a: Urshifu|51\/100|[from] item: Rocky Helmet|[of] p1a: Indeedee\n|-hitcount|p1a: Indeedee|3\n|move|p2b: Tsareena|Taunt|p1a: Indeedee\n|-start|p1a: Indeedee|move: Taunt\n|move|p1b: Calyrex|Trick Room|p1b: Calyrex\n|-fieldstart|move: Trick Room|[of] p1b: Calyrex\n|\n|upkeep\n|turn|2\n|inactive|MakesSenseVGC has 30 seconds left.\n|\n|t:|1736028180\n|switch|p1a: Torkoal|Torkoal, L50, M|100\/100\n|-weather|SunnyDay|[from] ability: Drought|[of] p1a: Torkoal\n|-terastallize|p2b: Tsareena|Ice\n|move|p1b: Calyrex|Glacial Lance|p2a: Urshifu|[spread] p2a,p2b\n|-resisted|p2a: Urshifu\n|-resisted|p2b: Tsareena\n|-damage|p2a: Urshifu|18\/100\n|-damage|p2b: Tsareena|63\/100\n|move|p2b: Tsareena|Power Whip|p1b: Calyrex\n|-damage|p1b: Calyrex|65\/100\n|move|p2a: Urshifu|Surging Strikes|p1a: Torkoal\n|-supereffective|p1a: Torkoal\n|-crit|p1a: Torkoal\n|-damage|p1a: Torkoal|80\/100\n|-supereffective|p1a: Torkoal\n|-crit|p1a: Torkoal\n|-damage|p1a: Torkoal|59\/100\n|-supereffective|p1a: Torkoal\n|-crit|p1a: Torkoal\n|-damage|p1a: Torkoal|37\/100\n|-hitcount|p1a: Torkoal|3\n|\n|-weather|SunnyDay|[upkeep]\n|upkeep\n|turn|3\n|inactive|Imnotagni has 30 seconds left.\n|inactive|Imnotagni has 20 seconds left.\n|inactive|Imnotagni has 15 seconds left.\n|inactive|Imnotagni has 10 seconds left.\n|\n|t:|1736028230\n|switch|p1a: Ursaluna|Ursaluna, L50, M|100\/100\n|switch|p2a: Kyogre|Kyogre, L50, shiny|100\/100\n|-weather|RainDance|[from] ability: Drizzle|[of] p2a: Kyogre\n|move|p1b: Calyrex|Glacial Lance|p2b: Tsareena|[spread] p2a,p2b\n|-resisted|p2a: Kyogre\n|-resisted|p2b: Tsareena\n|-damage|p2a: Kyogre|70\/100\n|-damage|p2b: Tsareena|26\/100\n|move|p2b: Tsareena|Power Whip|p1b: Calyrex\n|-damage|p1b: Calyrex|30\/100\n|\n|-weather|RainDance|[upkeep]\n|-status|p1a: Ursaluna|brn|[from] item: Flame Orb\n|upkeep\n|turn|4\n|inactive|Imnotagni has 30 seconds left.\n|inactive|Imnotagni has 20 seconds left.\n|inactive|Imnotagni has 15 seconds left.\n|inactive|Imnotagni has 10 seconds left.\n|inactive|Imnotagni has 5 seconds left.\n|\n|t:|1736028284\n|switch|p2a: Urshifu|Urshifu-Rapid-Strike, L50, M|18\/100\n|move|p1a: Ursaluna|Facade|p2a: Urshifu\n|-damage|p2a: Urshifu|0 fnt\n|faint|p2a: Urshifu\n|move|p1b: Calyrex|Glacial Lance|p2b: Tsareena\n|-resisted|p2b: Tsareena\n|-damage|p2b: Tsareena|0 fnt\n|faint|p2b: Tsareena\n|-ability|p1b: Calyrex|Chilling Neigh|boost\n|-boost|p1b: Calyrex|atk|1\n|\n|-weather|RainDance|[upkeep]\n|-damage|p1a: Ursaluna|95\/100 brn|[from] brn\n|upkeep\n|\n|t:|1736028286\n|switch|p2b: Kyogre|Kyogre, L50, shiny|70\/100\n|switch|p2a: Regieleki|Regieleki, L50|100\/100\n|turn|5\n|\n|t:|1736028306\n|move|p2a: Regieleki|Protect|p2a: Regieleki\n|-singleturn|p2a: Regieleki|Protect\n|move|p1b: Calyrex|Glacial Lance|p2b: Kyogre|[spread] p2b\n|-activate|p2a: Regieleki|move: Protect\n|-resisted|p2b: Kyogre\n|-damage|p2b: Kyogre|22\/100\n|move|p1a: Ursaluna|Facade|p2b: Kyogre\n|-damage|p2b: Kyogre|0 fnt\n|faint|p2b: Kyogre\n|\n|-weather|RainDance|[upkeep]\n|-damage|p1a: Ursaluna|89\/100 brn|[from] brn\n|-fieldend|move: Trick Room\n|-fieldend|move: Psychic Terrain\n|upkeep\n|turn|6\n|inactive|Imnotagni has 30 seconds left.\n|inactive|Imnotagni has 20 seconds left.\n|-message|Imnotagni forfeited.\n|\n|win|MakesSenseVGC\n|raw|MakesSenseVGC's rating: 1540 &rarr; <strong>1563<\/strong><br \/>(+23 for winning)\n|raw|Imnotagni's rating: 1586 &rarr; <strong>1563<\/strong><br \/>(-23 for losing)\n|l|\u2606Imnotagni\n|player|p2|\n|l|\u2606MakesSenseVGC\n|player|p1|\n","uploadtime":1736028567,"views":296,"formatid":"gen9vgc2025regg","rating":1563,"private":0,"password":null}