{"id":"gen9vgc2025regg-2275681762","format":"[Gen 9] VGC 2025 Reg G","players":["juacox300","Slackermaru"],"log":"|j|\u2606juacox300\n|j|\u2606Slackermaru\n|t:|1736117467\n|gametype|doubles\n|player|p1|juacox300|unknown|1550\n|player|p2|Slackermaru|workerice|1561\n|teamsize|p1|6\n|teamsize|p2|6\n|gen|9\n|tier|[Gen 9] VGC 2025 Reg G\n|rated|\n|rule|Species Clause: Limit one of each Pok\u00e9mon\n|rule|Item Clause: Limit 1 of each item\n|clearpoke\n|poke|p1|Iron Hands, L50|\n|poke|p1|Alcremie, L50, F|\n|poke|p1|Miraidon, L50|\n|poke|p1|Murkrow, L50, M|\n|poke|p1|Chi-Yu, L50|\n|poke|p1|Vikavolt, L50, F|\n|poke|p2|Calyrex-Shadow, L50|\n|poke|p2|Urshifu-*, L50, M|\n|poke|p2|Rillaboom, L50, M|\n|poke|p2|Incineroar, L50, F|\n|poke|p2|Raging Bolt, L50|\n|poke|p2|Amoonguss, L50, M|\n|teampreview|4\n|j| hikde\n|j| CloudzGG\n|j| AttackDos\n|inactive|Battle timer is ON: inactive players will automatically lose when time's up. (requested by Slackermaru)\n|inactive|juacox300 has 60 seconds left.\n|inactive|juacox300 has 30 seconds left.\n|inactive|juacox300 has 20 seconds left.\n|\n|t:|1736117678\n|start\n|switch|p1a: Chi-Yu|Chi-Yu, L50|100\/100\n|switch|p1b: Alcremie|Alcremie, L50, F|100\/100\n|switch|p2a: Rillaboom|Rillaboom, L50, M|100\/100\n|switch|p2b: Calyrex|Calyrex-Shadow, L50|100\/100\n|-ability|p2b: Calyrex|As One\n|-ability|p2b: Calyrex|Unnerve\n|-ability|p1a: Chi-Yu|Beads of Ruin\n|-fieldstart|move: Grassy Terrain|[from] ability: Grassy Surge|[of] p2a: Rillaboom\n|turn|1\n|\n|t:|1736117698\n|switch|p2a: Incineroar|Incineroar, L50, F|100\/100\n|-ability|p2a: Incineroar|Intimidate|boost\n|-unboost|p1a: Chi-Yu|atk|1\n|-unboost|p1b: Alcremie|atk|1\n|move|p2b: Calyrex|Protect|p2b: Calyrex\n|-singleturn|p2b: Calyrex|Protect\n|move|p1a: Chi-Yu|Heat Wave|p2a: Incineroar|[spread] p2a\n|-activate|p2b: Calyrex|move: Protect\n|-resisted|p2a: Incineroar\n|-damage|p2a: Incineroar|74\/100\n|move|p1b: Alcremie|Decorate|p1a: Chi-Yu\n|-boost|p1a: Chi-Yu|atk|2\n|-boost|p1a: Chi-Yu|spa|2\n|\n|-heal|p2a: Incineroar|80\/100|[from] Grassy Terrain\n|upkeep\n|turn|2\n|\n|t:|1736117722\n|-terastallize|p2b: Calyrex|Normal\n|move|p1a: Chi-Yu|Heat Wave|p2a: Incineroar|[spread] p2b\n|-miss|p1a: Chi-Yu|p2a: Incineroar\n|-damage|p2b: Calyrex|2\/100\n|move|p2b: Calyrex|Astral Barrage|p1b: Alcremie|[spread] p1a,p1b\n|-resisted|p1a: Chi-Yu\n|-damage|p1a: Chi-Yu|66\/100\n|-damage|p1b: Alcremie|38\/100\n|move|p1b: Alcremie|Decorate|p1a: Chi-Yu\n|-boost|p1a: Chi-Yu|atk|2\n|-boost|p1a: Chi-Yu|spa|2\n|move|p2a: Incineroar|Knock Off|p1a: Chi-Yu\n|-resisted|p1a: Chi-Yu\n|-damage|p1a: Chi-Yu|37\/100\n|-enditem|p1a: Chi-Yu|Choice Scarf|[from] move: Knock Off|[of] p2a: Incineroar\n|\n|-heal|p2b: Calyrex|8\/100|[from] Grassy Terrain\n|-heal|p1a: Chi-Yu|44\/100|[from] Grassy Terrain\n|-heal|p1b: Alcremie|44\/100|[from] Grassy Terrain\n|-heal|p2a: Incineroar|86\/100|[from] Grassy Terrain\n|upkeep\n|turn|3\n|inactive|Slackermaru has 30 seconds left.\n|\n|t:|1736117754\n|move|p2b: Calyrex|Protect|p2b: Calyrex\n|-singleturn|p2b: Calyrex|Protect\n|move|p1a: Chi-Yu|Heat Wave|p2a: Incineroar|[spread] p2a\n|-activate|p2b: Calyrex|move: Protect\n|-resisted|p2a: Incineroar\n|-damage|p2a: Incineroar|11\/100\n|move|p1b: Alcremie|Encore|p2a: Incineroar\n|-start|p2a: Incineroar|Encore\n|move|p2a: Incineroar|Knock Off|p1a: Chi-Yu\n|-resisted|p1a: Chi-Yu\n|-damage|p1a: Chi-Yu|23\/100\n|\n|-heal|p2b: Calyrex|14\/100|[from] Grassy Terrain\n|-heal|p1a: Chi-Yu|29\/100|[from] Grassy Terrain\n|-heal|p1b: Alcremie|50\/100|[from] Grassy Terrain\n|-heal|p2a: Incineroar|17\/100|[from] Grassy Terrain\n|upkeep\n|turn|4\n|\n|t:|1736117775\n|switch|p1a: Murkrow|Murkrow, L50, M|100\/100\n|move|p2b: Calyrex|Astral Barrage|p1b: Alcremie|[spread] p1a,p1b\n|-resisted|p1a: Murkrow\n|-damage|p1a: Murkrow|75\/100\n|-damage|p1b: Alcremie|2\/100\n|move|p1b: Alcremie|Alluring Voice|p2b: Calyrex\n|-damage|p2b: Calyrex|0 fnt\n|faint|p2b: Calyrex\n|move|p2a: Incineroar|Knock Off|p1a: Murkrow\n|-resisted|p1a: Murkrow\n|-damage|p1a: Murkrow|53\/100\n|-enditem|p1a: Murkrow|Eviolite|[from] move: Knock Off|[of] p2a: Incineroar\n|\n|-heal|p1b: Alcremie|8\/100|[from] Grassy Terrain\n|-heal|p2a: Incineroar|23\/100|[from] Grassy Terrain\n|upkeep\n|\n|t:|1736117796\n|switch|p2b: Rillaboom|Rillaboom, L50, M|100\/100\n|turn|5\n|j| Claarity\n|\n|t:|1736117802\n|switch|p2a: Raging Bolt|Raging Bolt, L50|100\/100\n|move|p1a: Murkrow|Tailwind|p1a: Murkrow\n|-sidestart|p1: juacox300|move: Tailwind\n|move|p1b: Alcremie|Alluring Voice|p2a: Raging Bolt\n|-supereffective|p2a: Raging Bolt\n|-damage|p2a: Raging Bolt|39\/100\n|move|p2b: Rillaboom|U-turn|p1b: Alcremie\n|-resisted|p1b: Alcremie\n|-damage|p1b: Alcremie|0 fnt\n|faint|p1b: Alcremie\n|\n|t:|1736117812\n|switch|p2b: Incineroar|Incineroar, L50, F|23\/100|[from] U-turn\n|-ability|p2b: Incineroar|Intimidate|boost\n|-unboost|p1a: Murkrow|atk|1\n|\n|-heal|p2a: Raging Bolt|45\/100|[from] Grassy Terrain\n|-heal|p2b: Incineroar|29\/100|[from] Grassy Terrain\n|-fieldend|move: Grassy Terrain\n|upkeep\n|\n|t:|1736117816\n|switch|p1b: Chi-Yu|Chi-Yu, L50|29\/100\n|-ability|p1b: Chi-Yu|Beads of Ruin\n|turn|6\n|\n|t:|1736117847\n|switch|p1b: Miraidon|Miraidon, L50|100\/100\n|-fieldstart|move: Electric Terrain|[from] ability: Hadron Engine|[of] p1b: Miraidon\n|move|p2b: Incineroar|Fake Out|p1b: Miraidon\n|-damage|p1b: Miraidon|90\/100\n|move|p1a: Murkrow|Foul Play|p2a: Raging Bolt\n|-damage|p2a: Raging Bolt|24\/100\n|move|p2a: Raging Bolt|Thunderbolt|p1a: Murkrow\n|-supereffective|p1a: Murkrow\n|-damage|p1a: Murkrow|0 fnt\n|faint|p1a: Murkrow\n|-damage|p2a: Raging Bolt|14\/100|[from] item: Life Orb\n|\n|upkeep\n|\n|t:|1736117850\n|switch|p1a: Chi-Yu|Chi-Yu, L50|29\/100\n|-ability|p1a: Chi-Yu|Beads of Ruin\n|turn|7\n|\n|t:|1736117867\n|move|p2a: Raging Bolt|Protect|p2a: Raging Bolt\n|-singleturn|p2a: Raging Bolt|Protect\n|move|p1b: Miraidon|Dazzling Gleam|p2a: Raging Bolt|[spread] p2b\n|-activate|p2a: Raging Bolt|move: Protect\n|-damage|p2b: Incineroar|0 fnt\n|faint|p2b: Incineroar\n|-damage|p1b: Miraidon|80\/100|[from] item: Life Orb\n|move|p1a: Chi-Yu|Heat Wave|p2a: Raging Bolt\n|-activate|p2a: Raging Bolt|move: Protect\n|\n|upkeep\n|\n|t:|1736117877\n|switch|p2b: Rillaboom|Rillaboom, L50, M|100\/100\n|-fieldstart|move: Grassy Terrain|[from] ability: Grassy Surge|[of] p2b: Rillaboom\n|turn|8\n|\n|t:|1736117894\n|-terastallize|p1b: Miraidon|Fairy\n|move|p2b: Rillaboom|Fake Out|p1b: Miraidon\n|-damage|p1b: Miraidon|64\/100\n|move|p2a: Raging Bolt|Thunderclap|p1a: Chi-Yu\n|-damage|p1a: Chi-Yu|0 fnt\n|faint|p1a: Chi-Yu\n|-damage|p2a: Raging Bolt|5\/100|[from] item: Life Orb\n|cant|p1b: Miraidon|flinch\n|\n|-heal|p1b: Miraidon|70\/100|[from] Grassy Terrain\n|-heal|p2a: Raging Bolt|11\/100|[from] Grassy Terrain\n|-sideend|p1: juacox300|move: Tailwind\n|upkeep\n|turn|9\n|\n|t:|1736117911\n|move|p1b: Miraidon|Protect|p1b: Miraidon\n|-singleturn|p1b: Miraidon|Protect\n|move|p2a: Raging Bolt|Thunderclap||[still]\n|-fail|p2a: Raging Bolt\n|move|p2b: Rillaboom|Grassy Glide|p1b: Miraidon\n|-activate|p1b: Miraidon|move: Protect\n|\n|-heal|p1b: Miraidon|76\/100|[from] Grassy Terrain\n|-heal|p2a: Raging Bolt|17\/100|[from] Grassy Terrain\n|upkeep\n|turn|10\n|\n|t:|1736117926\n|move|p2a: Raging Bolt|Thunderclap|p1b: Miraidon\n|-damage|p1b: Miraidon|31\/100\n|-damage|p2a: Raging Bolt|8\/100|[from] item: Life Orb\n|move|p2b: Rillaboom|Grassy Glide|p1b: Miraidon\n|-crit|p1b: Miraidon\n|-damage|p1b: Miraidon|0 fnt\n|faint|p1b: Miraidon\n|\n|win|Slackermaru\n|raw|juacox300's rating: 1550 &rarr; <strong>1531<\/strong><br \/>(-19 for losing)\n|raw|Slackermaru's rating: 1561 &rarr; <strong>1580<\/strong><br \/>(+19 for winning)\n|l|\u2606juacox300\n|player|p1|\n|l|\u2606Slackermaru\n|player|p2|\n|l| Claarity\n","uploadtime":1736117928,"views":62,"formatid":"gen9vgc2025regg","rating":1531,"private":0,"password":null}