{"id":"gen9vgc2025regg-2275889557","format":"[Gen 9] VGC 2025 Reg G","players":["Chazzitup4200","sibylla_system"],"log":"|j|\u2606Chazzitup4200\n|j|\u2606sibylla_system\n|t:|1736149097\n|gametype|doubles\n|player|p1|Chazzitup4200|iris-gen5bw2|1642\n|player|p2|sibylla_system|1|1571\n|teamsize|p1|6\n|teamsize|p2|6\n|gen|9\n|tier|[Gen 9] VGC 2025 Reg G\n|rated|\n|rule|Species Clause: Limit one of each Pok\u00e9mon\n|rule|Item Clause: Limit 1 of each item\n|clearpoke\n|poke|p1|Eternatus, L50|\n|poke|p1|Chi-Yu, L50|\n|poke|p1|Tornadus, L50, M|\n|poke|p1|Flutter Mane, L50|\n|poke|p1|Urshifu-*, L50, F|\n|poke|p1|Rillaboom, L50, M|\n|poke|p2|Kyogre, L50|\n|poke|p2|Urshifu-*, L50, M|\n|poke|p2|Landorus, L50, M|\n|poke|p2|Tornadus, L50, M|\n|poke|p2|Tsareena, L50, F|\n|poke|p2|Raichu, L50, F|\n|teampreview|4\n|inactive|Battle timer is ON: inactive players will automatically lose when time's up. (requested by Chazzitup4200)\n|inactive|Chazzitup4200 has 60 seconds left.\n|inactive|sibylla_system has 60 seconds left.\n|\n|t:|1736149140\n|start\n|switch|p1a: Fives|Tornadus, L50, M|100\/100\n|switch|p1b: Mordecai|Flutter Mane, L50|100\/100\n|switch|p2a: Tornadus|Tornadus, L50, M|100\/100\n|switch|p2b: Urshifu|Urshifu, L50, M|100\/100\n|-enditem|p1b: Mordecai|Booster Energy\n|-activate|p1b: Mordecai|ability: Protosynthesis|[fromitem]\n|-start|p1b: Mordecai|protosynthesisspe\n|turn|1\n|inactive|Chazzitup4200 has 30 seconds left.\n|inactive|sibylla_system has 30 seconds left.\n|\n|t:|1736149171\n|-terastallize|p1b: Mordecai|Fairy\n|move|p2b: Urshifu|Sucker Punch|p1b: Mordecai\n|-resisted|p1b: Mordecai\n|-damage|p1b: Mordecai|53\/100\n|move|p2a: Tornadus|Tailwind|p2a: Tornadus\n|-sidestart|p2: sibylla_system|move: Tailwind\n|move|p1b: Mordecai|Dazzling Gleam|p2b: Urshifu|[spread] p2a,p2b\n|-supereffective|p2b: Urshifu\n|-damage|p2a: Tornadus|52\/100\n|-damage|p2b: Urshifu|0 fnt\n|faint|p2b: Urshifu\n|move|p1a: Fives|Bleakwind Storm|p2a: Tornadus|[miss]\n|-miss|p1a: Fives|p2a: Tornadus\n|\n|upkeep\n|\n|t:|1736149186\n|switch|p2b: Kyogre|Kyogre, L50|100\/100\n|-weather|RainDance|[from] ability: Drizzle|[of] p2b: Kyogre\n|turn|2\n|inactive|sibylla_system has 30 seconds left.\n|inactive|sibylla_system has 20 seconds left.\n|inactive|sibylla_system has 15 seconds left.\n|inactive|sibylla_system has 10 seconds left.\n|\n|t:|1736149233\n|-terastallize|p2b: Kyogre|Water\n|move|p1a: Fives|Protect|p1a: Fives\n|-singleturn|p1a: Fives|Protect\n|move|p1b: Mordecai|Protect|p1b: Mordecai\n|-singleturn|p1b: Mordecai|Protect\n|move|p2a: Tornadus|Scary Face|p1b: Mordecai\n|-activate|p1b: Mordecai|move: Protect\n|move|p2b: Kyogre|Water Spout|p1a: Fives|[spread] \n|-activate|p1a: Fives|move: Protect\n|-activate|p1b: Mordecai|move: Protect\n|\n|-weather|RainDance|[upkeep]\n|upkeep\n|turn|3\n|\n|t:|1736149256\n|-end|p1b: Mordecai|Protosynthesis|[silent]\n|switch|p1b: Benson|Eternatus, L50|100\/100\n|-ability|p1b: Benson|Pressure\n|move|p2a: Tornadus|Scary Face|p1b: Benson\n|-unboost|p1b: Benson|spe|2\n|move|p1a: Fives|Sunny Day|p1a: Fives\n|-weather|SunnyDay\n|move|p2b: Kyogre|Water Spout|p1b: Benson|[spread] p1a,p1b\n|-resisted|p1b: Benson\n|-damage|p1a: Fives|35\/100\n|-damage|p1b: Benson|74\/100\n|\n|-weather|SunnyDay|[upkeep]\n|upkeep\n|turn|4\n|\n|t:|1736149280\n|switch|p2b: Landorus|Landorus, L50, M|100\/100\n|move|p1a: Fives|Tailwind|p1a: Fives\n|-sidestart|p1: Chazzitup4200|move: Tailwind\n|move|p2a: Tornadus|Bleakwind Storm|p1b: Benson|[spread] p1a,p1b\n|-damage|p1a: Fives|0 fnt\n|-damage|p1b: Benson|48\/100\n|-unboost|p1b: Benson|spe|1\n|faint|p1a: Fives\n|move|p1b: Benson|Meteor Beam||[still]\n|-prepare|p1b: Benson|Meteor Beam\n|-boost|p1b: Benson|spa|1\n|-enditem|p1b: Benson|Power Herb\n|-anim|p1b: Benson|Meteor Beam|p2a: Tornadus\n|-supereffective|p2a: Tornadus\n|-damage|p2a: Tornadus|0 fnt\n|faint|p2a: Tornadus\n|\n|-weather|SunnyDay|[upkeep]\n|-sideend|p2: sibylla_system|move: Tailwind\n|upkeep\n|\n|t:|1736149299\n|switch|p2a: Kyogre|Kyogre, L50, tera:Water|100\/100\n|switch|p1a: Skips|Rillaboom, L50, M|100\/100\n|-fieldstart|move: Grassy Terrain|[from] ability: Grassy Surge|[of] p1a: Skips\n|-weather|RainDance|[from] ability: Drizzle|[of] p2a: Kyogre\n|turn|5\n|\n|t:|1736149319\n|move|p2b: Landorus|Sandsear Storm|p1b: Benson|[spread] p1a,p1b\n|-resisted|p1a: Skips\n|-supereffective|p1b: Benson\n|-damage|p1a: Skips|86\/100\n|-damage|p1b: Benson|0 fnt\n|faint|p1b: Benson\n|move|p1a: Skips|Wood Hammer|p2a: Kyogre\n|-supereffective|p2a: Kyogre\n|-damage|p2a: Kyogre|0 fnt\n|faint|p2a: Kyogre\n|-damage|p1a: Skips|58\/100|[from] Recoil\n|\n|-weather|RainDance|[upkeep]\n|-heal|p1a: Skips|63\/100|[from] Grassy Terrain\n|upkeep\n|\n|t:|1736149323\n|switch|p1b: Mordecai|Flutter Mane, L50, tera:Fairy|53\/100\n|turn|6\n|c|\u2606Chazzitup4200|gg! wp!\n|\n|t:|1736149332\n|move|p1b: Mordecai|Moonblast|p2b: Landorus\n|-damage|p2b: Landorus|18\/100\n|move|p2b: Landorus|Sandsear Storm|p1b: Mordecai|[spread] p1a,p1b\n|-resisted|p1a: Skips\n|-damage|p1a: Skips|46\/100\n|-damage|p1b: Mordecai|5\/100\n|move|p1a: Skips|Wood Hammer|p2b: Landorus\n|-damage|p2b: Landorus|0 fnt\n|faint|p2b: Landorus\n|-damage|p1a: Skips|41\/100|[from] Recoil\n|\n|win|Chazzitup4200\n|raw|Chazzitup4200's rating: 1642 &rarr; <strong>1658<\/strong><br \/>(+16 for winning)\n|raw|sibylla_system's rating: 1571 &rarr; <strong>1555<\/strong><br \/>(-16 for losing)\n|l|\u2606sibylla_system\n|player|p2|\n|l|\u2606Chazzitup4200\n|player|p1|\n|j|\u2606Chazzitup4200\n|player|p1|Chazzitup4200|iris-gen5bw2|\n","uploadtime":1736149476,"views":19,"formatid":"gen9vgc2025regg","rating":1555,"private":0,"password":null}