{"id":"gen9vgc2025regg-2275784189","format":"[Gen 9] VGC 2025 Reg G","players":["lichuweijixi","Pneumatictoad"],"log":"|j|\u2606lichuweijixi\n|j|\u2606Pneumatictoad\n|t:|1736130884\n|gametype|doubles\n|player|p1|lichuweijixi|1|1632\n|player|p2|Pneumatictoad|janine|1544\n|teamsize|p1|6\n|teamsize|p2|6\n|gen|9\n|tier|[Gen 9] VGC 2025 Reg G\n|rated|\n|rule|Species Clause: Limit one of each Pok\u00e9mon\n|rule|Item Clause: Limit 1 of each item\n|clearpoke\n|poke|p1|Dondozo, L50, M|\n|poke|p1|Tatsugiri, L50, M|\n|poke|p1|Miraidon, L50|\n|poke|p1|Ogerpon-Hearthflame, L50, F|\n|poke|p1|Gholdengo, L50|\n|poke|p1|Chien-Pao, L50|\n|poke|p2|Calyrex-Ice, L50|\n|poke|p2|Trapinch, L50, F|\n|poke|p2|Annihilape, L50, F|\n|poke|p2|Pelipper, L50, M|\n|poke|p2|Jigglypuff, L50, F|\n|poke|p2|Urshifu-*, L50, M|\n|teampreview|4\n|\n|t:|1736130920\n|start\n|switch|p1a: Gholdengo|Gholdengo, L50|100\/100\n|switch|p1b: Dondozo|Dondozo, L50, M|100\/100\n|switch|p2a: Annihilape|Annihilape, L50, F|100\/100\n|switch|p2b: Calyrex|Calyrex-Ice, L50|100\/100\n|-ability|p2b: Calyrex|As One\n|-ability|p2b: Calyrex|Unnerve\n|turn|1\n|\n|t:|1736130946\n|-terastallize|p1a: Gholdengo|Steel\n|-terastallize|p2b: Calyrex|Grass\n|move|p1b: Dondozo|Protect|p1b: Dondozo\n|-singleturn|p1b: Dondozo|Protect\n|move|p2a: Annihilape|Final Gambit|p1b: Dondozo\n|-activate|p1b: Dondozo|move: Protect\n|move|p1a: Gholdengo|Make It Rain|p2a: Annihilape|[spread] p2a,p2b\n|-damage|p2a: Annihilape|1\/100\n|-damage|p2b: Calyrex|27\/100\n|-unboost|p1a: Gholdengo|spa|1\n|move|p2b: Calyrex|Trick Room|p2b: Calyrex\n|-fieldstart|move: Trick Room|[of] p2b: Calyrex\n|\n|upkeep\n|turn|2\n|j| jasonrfry\n|\n|t:|1736130991\n|move|p2b: Calyrex|Protect|p2b: Calyrex\n|-singleturn|p2b: Calyrex|Protect\n|move|p1b: Dondozo|Protect||[still]\n|-fail|p1b: Dondozo\n|move|p1a: Gholdengo|Make It Rain|p2b: Calyrex|[spread] p2a\n|-activate|p2b: Calyrex|move: Protect\n|-damage|p2a: Annihilape|0 fnt\n|-unboost|p1a: Gholdengo|spa|1\n|faint|p2a: Annihilape\n|\n|upkeep\n|\n|t:|1736131002\n|switch|p2a: Urshifu|Urshifu, L50, M|100\/100\n|turn|3\n|\n|t:|1736131016\n|switch|p1a: Tatsugiri|Tatsugiri, L50, M|100\/100\n|-activate|p1a: Tatsugiri|ability: Commander|[of] p1b: Dondozo\n|-boost|p1b: Dondozo|atk|2\n|-boost|p1b: Dondozo|spa|2\n|-boost|p1b: Dondozo|spe|2\n|-boost|p1b: Dondozo|def|2\n|-boost|p1b: Dondozo|spd|2\n|move|p2a: Urshifu|Protect|p2a: Urshifu\n|-singleturn|p2a: Urshifu|Protect\n|move|p2b: Calyrex|Seed Bomb|p1b: Dondozo\n|-supereffective|p1b: Dondozo\n|-damage|p1b: Dondozo|61\/100\n|move|p1b: Dondozo|Order Up|p2b: Calyrex\n|-damage|p2b: Calyrex|0 fnt\n|faint|p2b: Calyrex\n|-boost|p1b: Dondozo|atk|1\n|\n|-heal|p1b: Dondozo|67\/100|[from] item: Leftovers\n|upkeep\n|\n|t:|1736131030\n|switch|p2b: Trapinch|Trapinch, L50, F|100\/100\n|turn|4\n|\n|t:|1736131044\n|move|p2b: Trapinch|Fissure|p1b: Dondozo\n|-damage|p1b: Dondozo|0 fnt\n|faint|p1b: Dondozo\n|-ohko\n|move|p2a: Urshifu|Wicked Blow|p1a: Tatsugiri\n|-crit|p1a: Tatsugiri\n|-damage|p1a: Tatsugiri|0 fnt\n|faint|p1a: Tatsugiri\n|\n|upkeep\n|\n|t:|1736131048\n|switch|p1b: Gholdengo|Gholdengo, L50, tera:Steel|100\/100\n|switch|p1a: Miraidon|Miraidon, L50|100\/100\n|-fieldstart|move: Electric Terrain|[from] ability: Hadron Engine|[of] p1a: Miraidon\n|turn|5\n|\n|t:|1736131058\n|move|p2b: Trapinch|Earthquake|p1a: Miraidon|[spread] p2a,p1a,p1b\n|-supereffective|p1a: Miraidon\n|-supereffective|p1b: Gholdengo\n|-damage|p2a: Urshifu|71\/100\n|-damage|p1a: Miraidon|37\/100\n|-damage|p1b: Gholdengo|18\/100\n|move|p2a: Urshifu|Close Combat|p1b: Gholdengo\n|-supereffective|p1b: Gholdengo\n|-damage|p1b: Gholdengo|0 fnt\n|-unboost|p2a: Urshifu|def|1\n|-unboost|p2a: Urshifu|spd|1\n|faint|p1b: Gholdengo\n|move|p1a: Miraidon|Dazzling Gleam|p2b: Trapinch|[spread] p2a,p2b\n|-supereffective|p2a: Urshifu\n|-damage|p2a: Urshifu|0 fnt\n|-damage|p2b: Trapinch|35\/100\n|faint|p2a: Urshifu\n|\n|-fieldend|move: Trick Room\n|upkeep\n|turn|6\n|\n|t:|1736131073\n|move|p1a: Miraidon|Dazzling Gleam|p2b: Trapinch\n|-damage|p2b: Trapinch|0 fnt\n|faint|p2b: Trapinch\n|\n|win|lichuweijixi\n|raw|lichuweijixi's rating: 1632 &rarr; <strong>1647<\/strong><br \/>(+15 for winning)\n|raw|Pneumatictoad's rating: 1544 &rarr; <strong>1529<\/strong><br \/>(-15 for losing)\n|l|\u2606Pneumatictoad\n|player|p2|\n|l|\u2606lichuweijixi\n|player|p1|\n","uploadtime":1736131319,"views":129,"formatid":"gen9vgc2025regg","rating":1529,"private":0,"password":null}