{"id":"gen9vgc2025regg-2275154053","format":"[Gen 9] VGC 2025 Reg G","players":["Duryodhan","Elvegis1"],"log":"|j|\u2606Duryodhan\n|j|\u2606Elvegis1\n|t:|1736036686\n|gametype|doubles\n|player|p1|Duryodhan|265|1571\n|player|p2|Elvegis1|lucas|1593\n|teamsize|p1|6\n|teamsize|p2|6\n|gen|9\n|tier|[Gen 9] VGC 2025 Reg G\n|rated|\n|rule|Species Clause: Limit one of each Pok\u00e9mon\n|rule|Item Clause: Limit 1 of each item\n|clearpoke\n|poke|p1|Calyrex-Ice, L50|\n|poke|p1|Indeedee-F, L50, F|\n|poke|p1|Annihilape, L50, M|\n|poke|p1|Torkoal, L50, M|\n|poke|p1|Amoonguss, L50, M|\n|poke|p1|Ursaluna, L50, M|\n|poke|p2|Kyogre, L50|\n|poke|p2|Incineroar, L50, M|\n|poke|p2|Urshifu-*, L50, F|\n|poke|p2|Amoonguss, L50, M|\n|poke|p2|Raging Bolt, L50|\n|poke|p2|Grimmsnarl, L50, M|\n|teampreview|4\n|inactive|Battle timer is ON: inactive players will automatically lose when time's up. (requested by Elvegis1)\n|\n|t:|1736036711\n|start\n|switch|p1a: Calyrex|Calyrex-Ice, L50|100\/100\n|switch|p1b: Torkoal|Torkoal, L50, M|100\/100\n|switch|p2a: Grimmsnarl|Grimmsnarl, L50, M|100\/100\n|switch|p2b: Kyogre|Kyogre, L50|100\/100\n|-ability|p1a: Calyrex|As One\n|-ability|p1a: Calyrex|Unnerve\n|-weather|RainDance|[from] ability: Drizzle|[of] p2b: Kyogre\n|-weather|SunnyDay|[from] ability: Drought|[of] p1b: Torkoal\n|turn|1\n|j| Llayxx\n|\n|t:|1736036726\n|-terastallize|p1b: Torkoal|Grass\n|move|p2a: Grimmsnarl|Thunder Wave|p1a: Calyrex\n|-status|p1a: Calyrex|par\n|-enditem|p1a: Calyrex|Lum Berry|[eat]\n|-curestatus|p1a: Calyrex|par|[msg]\n|move|p2b: Kyogre|Water Spout|p1b: Torkoal|[spread] p1a,p1b\n|-resisted|p1b: Torkoal\n|-damage|p1a: Calyrex|79\/100\n|-damage|p1b: Torkoal|88\/100\n|move|p1b: Torkoal|Solar Beam||[still]\n|-prepare|p1b: Torkoal|Solar Beam\n|-anim|p1b: Torkoal|Solar Beam|p2b: Kyogre\n|-supereffective|p2b: Kyogre\n|-damage|p2b: Kyogre|38\/100\n|move|p1a: Calyrex|Trick Room|p1a: Calyrex\n|-fieldstart|move: Trick Room|[of] p1a: Calyrex\n|\n|-weather|SunnyDay|[upkeep]\n|-heal|p2b: Kyogre|44\/100|[from] item: Leftovers\n|upkeep\n|turn|2\n|l| Llayxx\n|inactive|Duryodhan has 30 seconds left.\n|\n|t:|1736036751\n|switch|p2b: Incineroar|Incineroar, L50, M|100\/100\n|-ability|p2b: Incineroar|Intimidate|boost\n|-unboost|p1a: Calyrex|atk|1\n|-unboost|p1b: Torkoal|atk|1\n|move|p2a: Grimmsnarl|Reflect|p2a: Grimmsnarl\n|-sidestart|p2: Elvegis1|Reflect\n|move|p1b: Torkoal|Eruption|p2b: Incineroar|[spread] p2a,p2b\n|-resisted|p2b: Incineroar\n|-damage|p2a: Grimmsnarl|41\/100\n|-damage|p2b: Incineroar|74\/100\n|move|p1a: Calyrex|Glacial Lance|p2a: Grimmsnarl|[spread] p2a,p2b\n|-crit|p2a: Grimmsnarl\n|-resisted|p2b: Incineroar\n|-damage|p2a: Grimmsnarl|0 fnt\n|-damage|p2b: Incineroar|63\/100\n|faint|p2a: Grimmsnarl\n|-ability|p1a: Calyrex|Chilling Neigh|boost\n|-boost|p1a: Calyrex|atk|1\n|\n|-weather|SunnyDay|[upkeep]\n|upkeep\n|\n|t:|1736036767\n|switch|p2a: Amoonguss|Amoonguss, L50, M|100\/100\n|turn|3\n|\n|t:|1736036779\n|switch|p1b: Amoonguss|Amoonguss, L50, M|100\/100\n|move|p1a: Calyrex|Protect|p1a: Calyrex\n|-singleturn|p1a: Calyrex|Protect\n|move|p2b: Incineroar|Fake Out|p1b: Amoonguss\n|-damage|p1b: Amoonguss|92\/100\n|-damage|p2b: Incineroar|46\/100|[from] item: Rocky Helmet|[of] p1b: Amoonguss\n|move|p2a: Amoonguss|Spore|p1a: Calyrex\n|-activate|p1a: Calyrex|move: Protect\n|\n|-weather|SunnyDay|[upkeep]\n|upkeep\n|turn|4\n|inactive|Duryodhan has 30 seconds left.\n|inactive|Duryodhan has 20 seconds left.\n|\n|t:|1736036815\n|move|p1b: Amoonguss|Spore|p2b: Incineroar\n|-activate|p2b: Incineroar|item: Safety Goggles|Spore\n|move|p2a: Amoonguss|Spore|p1a: Calyrex\n|-status|p1a: Calyrex|slp|[from] move: Spore\n|cant|p1a: Calyrex|slp\n|move|p2b: Incineroar|Flare Blitz|p1b: Amoonguss\n|-supereffective|p1b: Amoonguss\n|-damage|p1b: Amoonguss|0 fnt\n|-damage|p2b: Incineroar|30\/100|[from] item: Rocky Helmet|[of] p1b: Amoonguss\n|faint|p1b: Amoonguss\n|-damage|p2b: Incineroar|0 fnt|[from] Recoil\n|faint|p2b: Incineroar\n|\n|-weather|SunnyDay|[upkeep]\n|upkeep\n|\n|t:|1736036828\n|switch|p1b: Ursaluna|Ursaluna, L50, M|100\/100\n|switch|p2b: Kyogre|Kyogre, L50|44\/100\n|-weather|RainDance|[from] ability: Drizzle|[of] p2b: Kyogre\n|turn|5\n|\n|t:|1736036844\n|switch|p1a: Torkoal|Torkoal, L50, M, tera:Grass|88\/100\n|-weather|SunnyDay|[from] ability: Drought|[of] p1a: Torkoal\n|move|p1b: Ursaluna|Protect|p1b: Ursaluna\n|-singleturn|p1b: Ursaluna|Protect\n|move|p2a: Amoonguss|Spore|p1b: Ursaluna\n|-activate|p1b: Ursaluna|move: Protect\n|move|p2b: Kyogre|Calm Mind|p2b: Kyogre\n|-boost|p2b: Kyogre|spa|1\n|-boost|p2b: Kyogre|spd|1\n|\n|-weather|SunnyDay|[upkeep]\n|-heal|p2b: Kyogre|50\/100|[from] item: Leftovers\n|-fieldend|move: Trick Room\n|-status|p1b: Ursaluna|brn|[from] item: Flame Orb\n|upkeep\n|turn|6\n|\n|t:|1736036861\n|move|p2b: Kyogre|Ice Beam|p1b: Ursaluna\n|-supereffective|p1b: Ursaluna\n|-damage|p1b: Ursaluna|12\/100 brn\n|move|p2a: Amoonguss|Pollen Puff|p2b: Kyogre\n|-heal|p2b: Kyogre|99\/100\n|move|p1b: Ursaluna|Facade|p2b: Kyogre\n|-damage|p2b: Kyogre|25\/100\n|move|p1a: Torkoal|Weather Ball|p2a: Amoonguss\n|-supereffective|p2a: Amoonguss\n|-damage|p2a: Amoonguss|0 fnt\n|faint|p2a: Amoonguss\n|\n|-weather|SunnyDay|[upkeep]\n|-heal|p2b: Kyogre|31\/100|[from] item: Leftovers\n|-damage|p1b: Ursaluna|6\/100 brn|[from] brn\n|upkeep\n|turn|7\n|\n|t:|1736036883\n|move|p2b: Kyogre|Protect|p2b: Kyogre\n|-singleturn|p2b: Kyogre|Protect\n|move|p1b: Ursaluna|Facade|p2b: Kyogre\n|-activate|p2b: Kyogre|move: Protect\n|move|p1a: Torkoal|Solar Beam||[still]\n|-prepare|p1a: Torkoal|Solar Beam\n|-anim|p1a: Torkoal|Solar Beam|p2b: Kyogre\n|-activate|p2b: Kyogre|move: Protect\n|\n|-weather|SunnyDay|[upkeep]\n|-heal|p2b: Kyogre|36\/100|[from] item: Leftovers\n|-damage|p1b: Ursaluna|0 fnt|[from] brn\n|faint|p1b: Ursaluna\n|upkeep\n|\n|t:|1736036885\n|switch|p1b: Calyrex|Calyrex-Ice, L50|79\/100 slp\n|-ability|p1b: Calyrex|As One\n|-ability|p1b: Calyrex|Unnerve\n|turn|8\n|\n|t:|1736036894\n|move|p2b: Kyogre|Ice Beam|p1a: Torkoal\n|-supereffective|p1a: Torkoal\n|-damage|p1a: Torkoal|0 fnt\n|faint|p1a: Torkoal\n|cant|p1b: Calyrex|slp\n|\n|-weather|SunnyDay|[upkeep]\n|-heal|p2b: Kyogre|42\/100|[from] item: Leftovers\n|upkeep\n|turn|9\n|\n|t:|1736036904\n|move|p2b: Kyogre|Water Spout|p1b: Calyrex\n|-damage|p1b: Calyrex|60\/100 slp\n|-curestatus|p1b: Calyrex|slp|[msg]\n|move|p1b: Calyrex|Trick Room|p1b: Calyrex\n|-fieldstart|move: Trick Room|[of] p1b: Calyrex\n|\n|-weather|none\n|-heal|p2b: Kyogre|48\/100|[from] item: Leftovers\n|-sideend|p2: Elvegis1|Reflect\n|upkeep\n|turn|10\n|\n|t:|1736036912\n|move|p2b: Kyogre|Protect|p2b: Kyogre\n|-singleturn|p2b: Kyogre|Protect\n|move|p1b: Calyrex|Crunch|p2b: Kyogre\n|-activate|p2b: Kyogre|move: Protect\n|\n|-heal|p2b: Kyogre|54\/100|[from] item: Leftovers\n|upkeep\n|turn|11\n|\n|t:|1736036922\n|move|p1b: Calyrex|Crunch|p2b: Kyogre\n|-damage|p2b: Kyogre|21\/100\n|move|p2b: Kyogre|Ice Beam|p1b: Calyrex\n|-resisted|p1b: Calyrex\n|-damage|p1b: Calyrex|43\/100\n|\n|-heal|p2b: Kyogre|27\/100|[from] item: Leftovers\n|upkeep\n|turn|12\n|\n|t:|1736036930\n|move|p2b: Kyogre|Protect|p2b: Kyogre\n|-singleturn|p2b: Kyogre|Protect\n|move|p1b: Calyrex|Crunch|p2b: Kyogre\n|-activate|p2b: Kyogre|move: Protect\n|\n|-heal|p2b: Kyogre|33\/100|[from] item: Leftovers\n|upkeep\n|turn|13\n|\n|t:|1736036939\n|move|p1b: Calyrex|Crunch|p2b: Kyogre\n|-crit|p2b: Kyogre\n|-damage|p2b: Kyogre|0 fnt\n|faint|p2b: Kyogre\n|\n|win|Duryodhan\n|raw|Duryodhan's rating: 1571 &rarr; <strong>1592<\/strong><br \/>(+21 for winning)\n|raw|Elvegis1's rating: 1593 &rarr; <strong>1572<\/strong><br \/>(-21 for losing)\n|l|\u2606Elvegis1\n|player|p2|\n|l|\u2606Duryodhan\n|player|p1|\n","uploadtime":1736037138,"views":16,"formatid":"gen9vgc2025regg","rating":1572,"private":0,"password":null}