{"id":"gen9vgc2025regg-2275007223","format":"[Gen 9] VGC 2025 Reg G","players":["fightingiowa233","Elnabo"],"log":"|j|\u2606fightingiowa233\n|j|\u2606Elnabo\n|t:|1736018074\n|gametype|doubles\n|player|p1|fightingiowa233|sabrina-frlg|1585\n|player|p2|Elnabo|266|1552\n|teamsize|p1|6\n|teamsize|p2|6\n|gen|9\n|tier|[Gen 9] VGC 2025 Reg G\n|rated|\n|rule|Species Clause: Limit one of each Pok\u00e9mon\n|rule|Item Clause: Limit 1 of each item\n|clearpoke\n|poke|p1|Groudon, L50|\n|poke|p1|Chi-Yu, L50|\n|poke|p1|Raging Bolt, L50|\n|poke|p1|Ogerpon-Cornerstone, L50, F|\n|poke|p1|Flutter Mane, L50|\n|poke|p1|Wyrdeer, L50, M|\n|poke|p2|Incineroar, L50, M|\n|poke|p2|Rillaboom, L50, F|\n|poke|p2|Calyrex-Ice, L50|\n|poke|p2|Urshifu-*, L50, M|\n|poke|p2|Pelipper, L50, M|\n|poke|p2|Raging Bolt, L50|\n|teampreview|4\n|inactive|Battle timer is ON: inactive players will automatically lose when time's up. (requested by Elnabo)\nfightingiowa233 has agreed to open team sheets.\n|inactive|fightingiowa233 has 60 seconds left.\n|inactive|Elnabo has 60 seconds left.\n|j| wogusl\n|inactive|fightingiowa233 has 30 seconds left.\n|inactive|Elnabo has 30 seconds left.\n|inactive|Elnabo has 20 seconds left.\n|inactive|Elnabo has 15 seconds left.\n|j| AshokaTano\n|inactive|Elnabo has 10 seconds left.\n|\n|t:|1736018156\n|start\n|switch|p1a: Chi-Yu|Chi-Yu, L50|100\/100\n|switch|p1b: Raging Neck|Raging Bolt, L50|100\/100\n|switch|p2a: Calyrex|Calyrex-Ice, L50|100\/100\n|switch|p2b: Incineroar|Incineroar, L50, M|100\/100\n|-ability|p2a: Calyrex|As One\n|-ability|p2a: Calyrex|Unnerve\n|-ability|p1a: Chi-Yu|Beads of Ruin\n|-ability|p2b: Incineroar|Intimidate|boost\n|-unboost|p1a: Chi-Yu|atk|1\n|-unboost|p1b: Raging Neck|atk|1\n|turn|1\n|l| AshokaTano\n|inactive|fightingiowa233 has 30 seconds left.\n|inactive|Elnabo has 30 seconds left.\n|\n|t:|1736018187\n|-end|p1b: Raging Neck|Protosynthesis|[silent]\n|switch|p1b: Wyrdeer|Wyrdeer, L50, M|100\/100\n|-ability|p1b: Wyrdeer|Intimidate|boost\n|-fail|p2a: Calyrex|unboost|[from] item: Clear Amulet|[of] p2a: Calyrex\n|-unboost|p2b: Incineroar|atk|1\n|-terastallize|p1a: Chi-Yu|Ghost\n|move|p2b: Incineroar|Fake Out|p1a: Chi-Yu\n|-immune|p1a: Chi-Yu\n|move|p1a: Chi-Yu|Will-O-Wisp|p2a: Calyrex\n|-status|p2a: Calyrex|brn\n|move|p2a: Calyrex|Glacial Lance|p1b: Wyrdeer|[spread] p1a,p1b\n|-damage|p1a: Chi-Yu|50\/100\n|-damage|p1b: Wyrdeer|73\/100\n|\n|-damage|p2a: Calyrex|95\/100 brn|[from] brn\n|upkeep\n|turn|2\n|j| futonkagebunshin\n|inactive|fightingiowa233 has 30 seconds left.\n|\n|t:|1736018216\n|switch|p1a: Groudon|Groudon, L50|100\/100\n|-weather|SunnyDay|[from] ability: Drought|[of] p1a: Groudon\n|move|p2a: Calyrex|Protect|p2a: Calyrex\n|-singleturn|p2a: Calyrex|Protect\n|move|p2b: Incineroar|Knock Off|p1a: Groudon\n|-damage|p1a: Groudon|79\/100\n|-enditem|p1a: Groudon|Clear Amulet|[from] move: Knock Off|[of] p2b: Incineroar\n|move|p1b: Wyrdeer|Gravity|p1b: Wyrdeer\n|-fieldstart|move: Gravity\n|\n|-weather|SunnyDay|[upkeep]\n|-damage|p2a: Calyrex|89\/100 brn|[from] brn\n|upkeep\n|turn|3\n|inactive|Elnabo has 30 seconds left.\n|\n|t:|1736018246\n|switch|p2b: Pelipper|Pelipper, L50, M|100\/100\n|-weather|RainDance|[from] ability: Drizzle|[of] p2b: Pelipper\n|move|p1a: Groudon|Precipice Blades|p2b: Pelipper|[spread] p2a,p2b\n|-damage|p2a: Calyrex|55\/100 brn\n|-damage|p2b: Pelipper|33\/100\n|move|p1b: Wyrdeer|Hypnosis|p2b: Pelipper\n|-status|p2b: Pelipper|slp|[from] move: Hypnosis\n|move|p2a: Calyrex|Glacial Lance|p1b: Wyrdeer|[spread] p1a,p1b\n|-supereffective|p1a: Groudon\n|-damage|p1a: Groudon|38\/100\n|-damage|p1b: Wyrdeer|44\/100\n|\n|-weather|RainDance|[upkeep]\n|-damage|p2a: Calyrex|49\/100 brn|[from] brn\n|upkeep\n|turn|4\n|inactive|Elnabo has 30 seconds left.\n|inactive|fightingiowa233 has 30 seconds left.\n|\n|t:|1736018284\n|switch|p1a: Chi-Yu|Chi-Yu, L50, tera:Ghost|50\/100\n|-ability|p1a: Chi-Yu|Beads of Ruin\n|move|p2a: Calyrex|Protect|p2a: Calyrex\n|-singleturn|p2a: Calyrex|Protect\n|cant|p2b: Pelipper|slp\n|move|p1b: Wyrdeer|Body Slam|p2b: Pelipper\n|-crit|p2b: Pelipper\n|-damage|p2b: Pelipper|0 fnt\n|faint|p2b: Pelipper\n|\n|-weather|RainDance|[upkeep]\n|-damage|p2a: Calyrex|43\/100 brn|[from] brn\n|upkeep\n|inactive|Elnabo has 30 seconds left.\n|\n|t:|1736018310\n|switch|p2b: Rillaboom|Rillaboom, L50, F|100\/100\n|-fieldstart|move: Grassy Terrain|[from] ability: Grassy Surge|[of] p2b: Rillaboom\n|turn|5\n|\n|t:|1736018334\n|switch|p1b: Groudon|Groudon, L50|38\/100\n|-weather|SunnyDay|[from] ability: Drought|[of] p1b: Groudon\n|move|p2b: Rillaboom|Grassy Glide|p1a: Chi-Yu\n|-damage|p1a: Chi-Yu|0 fnt\n|faint|p1a: Chi-Yu\n|move|p2a: Calyrex|Trick Room|p2a: Calyrex\n|-fieldstart|move: Trick Room|[of] p2a: Calyrex\n|\n|-weather|SunnyDay|[upkeep]\n|-heal|p2a: Calyrex|49\/100 brn|[from] Grassy Terrain\n|-heal|p1b: Groudon|44\/100|[from] Grassy Terrain\n|-damage|p2a: Calyrex|43\/100 brn|[from] brn\n|upkeep\n|\n|t:|1736018343\n|switch|p1a: Wyrdeer|Wyrdeer, L50, M|44\/100\n|-ability|p1a: Wyrdeer|Intimidate|boost\n|-fail|p2a: Calyrex|unboost|[from] item: Clear Amulet|[of] p2a: Calyrex\n|-unboost|p2b: Rillaboom|atk|1\n|turn|6\n|inactive|Elnabo has 30 seconds left.\n|inactive|Elnabo has 20 seconds left.\n|\n|t:|1736018382\n|move|p2a: Calyrex|High Horsepower|p1b: Groudon\n|-damage|p1b: Groudon|32\/100\n|move|p2b: Rillaboom|Wood Hammer|p1b: Groudon\n|-supereffective|p1b: Groudon\n|-damage|p1b: Groudon|0 fnt\n|faint|p1b: Groudon\n|-damage|p2b: Rillaboom|90\/100|[from] Recoil\n|move|p1a: Wyrdeer|Trick Room|p1a: Wyrdeer\n|-fieldend|move: Trick Room\n|\n|-weather|SunnyDay|[upkeep]\n|-heal|p2b: Rillaboom|96\/100|[from] Grassy Terrain\n|-heal|p1a: Wyrdeer|50\/100|[from] Grassy Terrain\n|-heal|p2a: Calyrex|49\/100 brn|[from] Grassy Terrain\n|-damage|p2a: Calyrex|43\/100 brn|[from] brn\n|-fieldend|move: Gravity\n|upkeep\n|\n|t:|1736018388\n|switch|p1b: Raging Neck|Raging Bolt, L50|100\/100\n|-activate|p1b: Raging Neck|ability: Protosynthesis\n|-start|p1b: Raging Neck|protosynthesisspa\n|turn|7\n|inactive|Elnabo has 30 seconds left.\n|\n|t:|1736018417\n|move|p2b: Rillaboom|Wood Hammer|p1a: Wyrdeer\n|-damage|p1a: Wyrdeer|0 fnt\n|faint|p1a: Wyrdeer\n|-damage|p2b: Rillaboom|80\/100|[from] Recoil\n|move|p1b: Raging Neck|Thunderbolt|p2b: Rillaboom\n|-resisted|p2b: Rillaboom\n|-damage|p2b: Rillaboom|57\/100\n|move|p2a: Calyrex|Glacial Lance|p1b: Raging Neck\n|-supereffective|p1b: Raging Neck\n|-damage|p1b: Raging Neck|39\/100\n|\n|-weather|SunnyDay|[upkeep]\n|-heal|p2b: Rillaboom|62\/100|[from] Grassy Terrain\n|-heal|p1b: Raging Neck|45\/100|[from] Grassy Terrain\n|-heal|p2a: Calyrex|49\/100 brn|[from] Grassy Terrain\n|-damage|p2a: Calyrex|43\/100 brn|[from] brn\n|upkeep\n|turn|8\n|\n|t:|1736018429\n|move|p2b: Rillaboom|Wood Hammer|p1b: Raging Neck\n|-resisted|p1b: Raging Neck\n|-damage|p1b: Raging Neck|22\/100\n|-damage|p2b: Rillaboom|54\/100|[from] Recoil\n|move|p1b: Raging Neck|Thunderbolt|p2a: Calyrex\n|-damage|p2a: Calyrex|0 fnt\n|faint|p2a: Calyrex\n|\n|-weather|SunnyDay|[upkeep]\n|-heal|p2b: Rillaboom|60\/100|[from] Grassy Terrain\n|-heal|p1b: Raging Neck|28\/100|[from] Grassy Terrain\n|upkeep\n|\n|t:|1736018435\n|switch|p2a: Incineroar|Incineroar, L50, M|100\/100\n|-ability|p2a: Incineroar|Intimidate|boost\n|-unboost|p1b: Raging Neck|atk|1\n|turn|9\n|\n|t:|1736018445\n|move|p2b: Rillaboom|Wood Hammer|p1b: Raging Neck\n|-resisted|p1b: Raging Neck\n|-damage|p1b: Raging Neck|6\/100\n|-damage|p2b: Rillaboom|52\/100|[from] Recoil\n|move|p1b: Raging Neck|Dragon Pulse|p2a: Incineroar\n|-damage|p2a: Incineroar|42\/100\n|move|p2a: Incineroar|Knock Off|p1b: Raging Neck\n|-damage|p1b: Raging Neck|0 fnt\n|-enditem|p1b: Raging Neck|Assault Vest|[from] move: Knock Off|[of] p2a: Incineroar\n|faint|p1b: Raging Neck\n|-end|p1b: Raging Neck|Protosynthesis|[silent]\n|\n|win|Elnabo\n|raw|fightingiowa233's rating: 1585 &rarr; <strong>1563<\/strong><br \/>(-22 for losing)\n|raw|Elnabo's rating: 1552 &rarr; <strong>1574<\/strong><br \/>(+22 for winning)\n|c|\u2606fightingiowa233|gg\n|l|\u2606Elnabo\n|player|p2|\n|l| wogusl\n|l|\u2606fightingiowa233\n|player|p1|\n","uploadtime":1736018641,"views":15,"formatid":"gen9vgc2025regg","rating":1563,"private":0,"password":null}