{"id":"gen9vgc2025regg-2275536309","format":"[Gen 9] VGC 2025 Reg G","players":["bobhammer76","JasePokemonTwitter"],"log":"|j|\u2606bobhammer76\n|j|\u2606JasePokemonTwitter\n|t:|1736099800\n|gametype|doubles\n|player|p1|bobhammer76|266|1516\n|player|p2|JasePokemonTwitter|lucas|1596\n|teamsize|p1|6\n|teamsize|p2|6\n|gen|9\n|tier|[Gen 9] VGC 2025 Reg G\n|rated|\n|rule|Species Clause: Limit one of each Pok\u00e9mon\n|rule|Item Clause: Limit 1 of each item\n|clearpoke\n|poke|p1|Indeedee-F, L50, F|\n|poke|p1|Gallade, L50, M|\n|poke|p1|Flutter Mane, L50|\n|poke|p1|Ogerpon-Wellspring, L50, F|\n|poke|p1|Calyrex-Ice, L50|\n|poke|p1|Torkoal, L50, M|\n|poke|p2|Kyogre, L50|\n|poke|p2|Incineroar, L50, F|\n|poke|p2|Wo-Chien, L50|\n|poke|p2|Grimmsnarl, L50, M|\n|poke|p2|Urshifu-*, L50, M|\n|poke|p2|Raging Bolt, L50|\n|teampreview|4\n|inactive|Battle timer is ON: inactive players will automatically lose when time's up. (requested by JasePokemonTwitter)\n|j| Therazer456\n|j| Frankieblueeyes\n|\n|t:|1736099830\n|start\n|switch|p1a: Flutter Mane|Flutter Mane, L50|100\/100\n|switch|p1b: Calyrex|Calyrex-Ice, L50|100\/100\n|switch|p2a: Grimmsnarl|Grimmsnarl, L50, M|100\/100\n|switch|p2b: Kyogre|Kyogre, L50|100\/100\n|-ability|p1b: Calyrex|As One\n|-ability|p1b: Calyrex|Unnerve\n|-weather|RainDance|[from] ability: Drizzle|[of] p2b: Kyogre\n|turn|1\n|\n|t:|1736099845\n|switch|p1b: Torkoal|Torkoal, L50, M|100\/100\n|-weather|SunnyDay|[from] ability: Drought|[of] p1b: Torkoal\n|-activate|p1a: Flutter Mane|ability: Protosynthesis\n|-start|p1a: Flutter Mane|protosynthesisspe\n|-terastallize|p1a: Flutter Mane|Fairy\n|move|p2a: Grimmsnarl|Light Screen|p2a: Grimmsnarl\n|-sidestart|p2: JasePokemonTwitter|move: Light Screen\n|move|p1a: Flutter Mane|Dazzling Gleam|p2a: Grimmsnarl|[spread] p2a,p2b\n|-supereffective|p2a: Grimmsnarl\n|-damage|p2a: Grimmsnarl|14\/100\n|-damage|p2b: Kyogre|75\/100\n|move|p2b: Kyogre|Calm Mind|p2b: Kyogre\n|-boost|p2b: Kyogre|spa|1\n|-boost|p2b: Kyogre|spd|1\n|\n|-weather|SunnyDay|[upkeep]\n|-heal|p2b: Kyogre|81\/100|[from] item: Leftovers\n|upkeep\n|turn|2\n|j| Mobile-NWNCC\n|\n|t:|1736099866\n|move|p2a: Grimmsnarl|Reflect|p2a: Grimmsnarl\n|-sidestart|p2: JasePokemonTwitter|Reflect\n|move|p1a: Flutter Mane|Dazzling Gleam|p2b: Kyogre|[spread] p2a,p2b\n|-supereffective|p2a: Grimmsnarl\n|-damage|p2a: Grimmsnarl|0 fnt\n|-damage|p2b: Kyogre|62\/100\n|faint|p2a: Grimmsnarl\n|move|p2b: Kyogre|Calm Mind|p2b: Kyogre\n|-boost|p2b: Kyogre|spa|1\n|-boost|p2b: Kyogre|spd|1\n|move|p1b: Torkoal|Clear Smog|p2b: Kyogre\n|-damage|p2b: Kyogre|58\/100\n|-clearboost|p2b: Kyogre\n|\n|-weather|SunnyDay|[upkeep]\n|-heal|p2b: Kyogre|64\/100|[from] item: Leftovers\n|upkeep\n|\n|t:|1736099872\n|switch|p2a: Incineroar|Incineroar, L50, F|100\/100\n|-ability|p2a: Incineroar|Intimidate|boost\n|-unboost|p1a: Flutter Mane|atk|1\n|-unboost|p1b: Torkoal|atk|1\n|turn|3\n|\n|t:|1736099885\n|switch|p1b: Ogerpon|Ogerpon-Wellspring, L50, F|100\/100\n|move|p2a: Incineroar|Fake Out|p1a: Flutter Mane\n|-damage|p1a: Flutter Mane|76\/100\n|cant|p1a: Flutter Mane|flinch\n|move|p2b: Kyogre|Calm Mind|p2b: Kyogre\n|-boost|p2b: Kyogre|spa|1\n|-boost|p2b: Kyogre|spd|1\n|\n|-weather|SunnyDay|[upkeep]\n|-heal|p2b: Kyogre|70\/100|[from] item: Leftovers\n|upkeep\n|turn|4\n|\n|t:|1736099901\n|move|p1a: Flutter Mane|Dazzling Gleam|p2a: Incineroar|[spread] p2a,p2b\n|-damage|p2a: Incineroar|61\/100\n|-damage|p2b: Kyogre|51\/100\n|move|p1b: Ogerpon|Taunt|p2b: Kyogre\n|-start|p2b: Kyogre|move: Taunt\n|move|p2a: Incineroar|Will-O-Wisp|p1b: Ogerpon|[miss]\n|-miss|p2a: Incineroar|p1b: Ogerpon\n|move|p2b: Kyogre|Origin Pulse|p1a: Flutter Mane|[spread] p1a\n|-immune|p1b: Ogerpon|[from] ability: Water Absorb\n|-damage|p1a: Flutter Mane|38\/100\n|\n|-weather|SunnyDay|[upkeep]\n|-heal|p2b: Kyogre|57\/100|[from] item: Leftovers\n|upkeep\n|turn|5\n|j| Salvato1902V\n|inactive|bobhammer76 has 30 seconds left.\n|\n|t:|1736099929\n|move|p1a: Flutter Mane|Dazzling Gleam|p2a: Incineroar|[spread] p2a,p2b\n|-damage|p2a: Incineroar|19\/100\n|-damage|p2b: Kyogre|40\/100\n|move|p1b: Ogerpon|Taunt|p2a: Incineroar\n|-start|p2a: Incineroar|move: Taunt\n|cant|p2a: Incineroar|move: Taunt|Will-O-Wisp\n|move|p2b: Kyogre|Ice Beam|p1a: Flutter Mane\n|-damage|p1a: Flutter Mane|0 fnt\n|faint|p1a: Flutter Mane\n|-end|p1a: Flutter Mane|Protosynthesis|[silent]\n|\n|-weather|none\n|-heal|p2b: Kyogre|45\/100|[from] item: Leftovers\n|upkeep\n|j| miguelma96\n|\n|t:|1736099946\n|switch|p1a: Torkoal|Torkoal, L50, M|100\/100\n|-weather|SunnyDay|[from] ability: Drought|[of] p1a: Torkoal\n|turn|6\n|\n|t:|1736099962\n|switch|p2a: Wo-Chien|Wo-Chien, L50|100\/100\n|-ability|p2a: Wo-Chien|Tablets of Ruin\n|move|p1b: Ogerpon|Wood Hammer|p2b: Kyogre\n|-supereffective|p2b: Kyogre\n|-damage|p2b: Kyogre|0 fnt\n|faint|p2b: Kyogre\n|-damage|p1b: Ogerpon|84\/100|[from] Recoil\n|move|p1a: Torkoal|Weather Ball|p2a: Wo-Chien\n|-supereffective|p2a: Wo-Chien\n|-damage|p2a: Wo-Chien|25\/100\n|-enditem|p2a: Wo-Chien|Sitrus Berry|[eat]\n|-heal|p2a: Wo-Chien|50\/100|[from] item: Sitrus Berry\n|\n|-weather|SunnyDay|[upkeep]\n|upkeep\n|-message|JasePokemonTwitter forfeited.\n|\n|win|bobhammer76\n|raw|bobhammer76's rating: 1516 &rarr; <strong>1541<\/strong><br \/>(+25 for winning)\n|raw|JasePokemonTwitter's rating: 1596 &rarr; <strong>1571<\/strong><br \/>(-25 for losing)\n|l|\u2606JasePokemonTwitter\n|player|p2|\n|l|\u2606bobhammer76\n|player|p1|\n|l| miguelma96\n|l| Mobile-NWNCC\n|l| Salvato1902V\n|l| Frankieblueeyes\n","uploadtime":1736100176,"views":11,"formatid":"gen9vgc2025regg","rating":1541,"private":0,"password":null}