{"id":"gen9vgc2025regg-2275832142","format":"[Gen 9] VGC 2025 Reg G","players":["lichuweijixi","AnyaForger32"],"log":"|j|\u2606lichuweijixi\n|j|\u2606AnyaForger32\n|t:|1736137842\n|gametype|doubles\n|player|p1|lichuweijixi|1|1557\n|player|p2|AnyaForger32|caitlin|1569\n|teamsize|p1|6\n|teamsize|p2|6\n|gen|9\n|tier|[Gen 9] VGC 2025 Reg G\n|rated|\n|rule|Species Clause: Limit one of each Pok\u00e9mon\n|rule|Item Clause: Limit 1 of each item\n|clearpoke\n|poke|p1|Dondozo, L50, F|\n|poke|p1|Tatsugiri, L50, M|\n|poke|p1|Miraidon, L50|\n|poke|p1|Ogerpon-Hearthflame, L50, F|\n|poke|p1|Gholdengo, L50|\n|poke|p1|Chien-Pao, L50|\n|poke|p2|Ogerpon-Wellspring, L50, F|\n|poke|p2|Calyrex-Ice, L50|\n|poke|p2|Annihilape, L50, M|\n|poke|p2|Smeargle, L50, M|\n|poke|p2|Urshifu-*, L50, M|\n|poke|p2|Ursaluna-Bloodmoon, L50, M|\n|teampreview|4\n|j| koraidrone\n|\n|t:|1736137863\n|start\n|switch|p1a: Gholdengo|Gholdengo, L50|100\/100\n|switch|p1b: Dondozo|Dondozo, L50, F|100\/100\n|switch|p2a: Calyrex|Calyrex-Ice, L50|100\/100\n|switch|p2b: Smeargle|Smeargle, L50, M|100\/100\n|-ability|p2a: Calyrex|As One\n|-ability|p2a: Calyrex|Unnerve\n|turn|1\n|j| Lord Licorice\n|\n|t:|1736137902\n|move|p1b: Dondozo|Protect|p1b: Dondozo\n|-singleturn|p1b: Dondozo|Protect\n|move|p2a: Calyrex|Protect|p2a: Calyrex\n|-singleturn|p2a: Calyrex|Protect\n|move|p1a: Gholdengo|Make It Rain|p2a: Calyrex|[spread] p2b\n|-activate|p2a: Calyrex|move: Protect\n|-enditem|p2b: Smeargle|Focus Sash\n|-damage|p2b: Smeargle|1\/100\n|-unboost|p1a: Gholdengo|spa|1\n|move|p2b: Smeargle|Spore|p1b: Dondozo\n|-activate|p1b: Dondozo|move: Protect\n|\n|upkeep\n|turn|2\n|\n|t:|1736137937\n|switch|p2b: Urshifu|Urshifu, L50, M|100\/100\n|move|p1a: Gholdengo|Make It Rain|p2b: Urshifu|[spread] p2a,p2b\n|-supereffective|p2a: Calyrex\n|-damage|p2a: Calyrex|28\/100\n|-damage|p2b: Urshifu|38\/100\n|-unboost|p1a: Gholdengo|spa|1\n|-enditem|p2a: Calyrex|Sitrus Berry|[eat]\n|-heal|p2a: Calyrex|52\/100|[from] item: Sitrus Berry\n|move|p1b: Dondozo|Order Up|p2b: Urshifu\n|-damage|p2b: Urshifu|16\/100\n|move|p2a: Calyrex|Trick Room|p2a: Calyrex\n|-fieldstart|move: Trick Room|[of] p2a: Calyrex\n|\n|upkeep\n|turn|3\n|\n|t:|1736137956\n|switch|p1a: Tatsugiri|Tatsugiri, L50, M|100\/100\n|-activate|p1a: Tatsugiri|ability: Commander|[of] p1b: Dondozo\n|-boost|p1b: Dondozo|atk|2\n|-boost|p1b: Dondozo|spa|2\n|-boost|p1b: Dondozo|spe|2\n|-boost|p1b: Dondozo|def|2\n|-boost|p1b: Dondozo|spd|2\n|move|p2a: Calyrex|Glacial Lance|p1a: Tatsugiri|[spread] p1b\n|-miss|p2a: Calyrex|p1a: Tatsugiri\n|-resisted|p1b: Dondozo\n|-damage|p1b: Dondozo|91\/100\n|move|p2b: Urshifu|Wicked Blow|p1b: Dondozo\n|-crit|p1b: Dondozo\n|-damage|p1b: Dondozo|30\/100\n|move|p1b: Dondozo|Earthquake|p2a: Calyrex|[spread] p2a,p2b\n|-miss|p1b: Dondozo|p1a: Tatsugiri\n|-damage|p2a: Calyrex|24\/100\n|-damage|p2b: Urshifu|0 fnt\n|faint|p2b: Urshifu\n|\n|-heal|p1b: Dondozo|36\/100|[from] item: Leftovers\n|upkeep\n|\n|t:|1736137960\n|switch|p2b: Ursaluna|Ursaluna-Bloodmoon, L50, M|100\/100\n|turn|4\n|\n|t:|1736137968\n|move|p1b: Dondozo|Protect|p1b: Dondozo\n|-singleturn|p1b: Dondozo|Protect\n|move|p2b: Ursaluna|Hyper Voice|p1b: Dondozo|[spread] \n|-miss|p2b: Ursaluna|p1a: Tatsugiri\n|-activate|p1b: Dondozo|move: Protect\n|move|p2a: Calyrex|Glacial Lance|p1b: Dondozo|[spread] \n|-miss|p2a: Calyrex|p1a: Tatsugiri\n|-activate|p1b: Dondozo|move: Protect\n|\n|-heal|p1b: Dondozo|42\/100|[from] item: Leftovers\n|upkeep\n|turn|5\n|\n|t:|1736137983\n|move|p2b: Ursaluna|Blood Moon|p1b: Dondozo\n|-crit|p1b: Dondozo\n|-damage|p1b: Dondozo|0 fnt\n|faint|p1b: Dondozo\n|-damage|p2b: Ursaluna|91\/100|[from] item: Life Orb\n|move|p2a: Calyrex|Glacial Lance|p1a: Tatsugiri\n|-damage|p1a: Tatsugiri|0 fnt\n|faint|p1a: Tatsugiri\n|-ability|p2a: Calyrex|Chilling Neigh|boost\n|-boost|p2a: Calyrex|atk|1\n|\n|upkeep\n|j| Ricorav7\n|\n|t:|1736137986\n|switch|p1b: Gholdengo|Gholdengo, L50|100\/100\n|switch|p1a: Miraidon|Miraidon, L50|100\/100\n|-fieldstart|move: Electric Terrain|[from] ability: Hadron Engine|[of] p1a: Miraidon\n|turn|6\n|\n|t:|1736138010\n|-terastallize|p1a: Miraidon|Fairy\n|move|p2b: Ursaluna|Earth Power|p1b: Gholdengo\n|-supereffective|p1b: Gholdengo\n|-damage|p1b: Gholdengo|0 fnt\n|faint|p1b: Gholdengo\n|-damage|p2b: Ursaluna|81\/100|[from] item: Life Orb\n|move|p2a: Calyrex|Glacial Lance|p1a: Miraidon\n|-crit|p1a: Miraidon\n|-damage|p1a: Miraidon|0 fnt\n|faint|p1a: Miraidon\n|\n|win|AnyaForger32\n|raw|lichuweijixi's rating: 1557 &rarr; <strong>1538<\/strong><br \/>(-19 for losing)\n|raw|AnyaForger32's rating: 1569 &rarr; <strong>1588<\/strong><br \/>(+19 for winning)\n|l|\u2606lichuweijixi\n|player|p1|\n|l|\u2606AnyaForger32\n|player|p2|\n|l| Lord Licorice\n|l| koraidrone\n|l| Ricorav7\n","uploadtime":1736138225,"views":43,"formatid":"gen9vgc2025regg","rating":1538,"private":0,"password":null}