{"id":"gen9vgc2025regg-2275107128","format":"[Gen 9] VGC 2025 Reg G","players":["nbadrose2","MakesSenseVGC"],"log":"|j|\u2606nbadrose2\n|j|\u2606MakesSenseVGC\n|t:|1736030513\n|gametype|doubles\n|player|p1|nbadrose2|bea|1532\n|player|p2|MakesSenseVGC|102|1567\n|teamsize|p1|4\n|teamsize|p2|6\n|gen|9\n|tier|[Gen 9] VGC 2025 Reg G\n|rated|\n|rule|Species Clause: Limit one of each Pok\u00e9mon\n|rule|Item Clause: Limit 1 of each item\n|clearpoke\n|poke|p1|Lunala, L50|\n|poke|p1|Indeedee-F, L50, F|\n|poke|p1|Urshifu-*, L50, F|\n|poke|p1|Ogerpon-Cornerstone, L50, F|\n|poke|p2|Ursaluna, L50, M|\n|poke|p2|Ogerpon-Wellspring, L50, F|\n|poke|p2|Gallade, L50, M|\n|poke|p2|Indeedee-F, L50, F|\n|poke|p2|Calyrex-Ice, L50|\n|poke|p2|Torkoal, L50, M|\n|teampreview|4\n|inactive|Battle timer is ON: inactive players will automatically lose when time's up. (requested by nbadrose2)\nnbadrose2 rejected open team sheets.\n|\n|t:|1736030551\n|start\n|switch|p1a: Lunala|Lunala, L50|100\/100\n|switch|p1b: Urshifu|Urshifu-Rapid-Strike, L50, F|100\/100\n|switch|p2a: Indeedee|Indeedee-F, L50, F|100\/100\n|switch|p2b: Calyrex|Calyrex-Ice, L50|100\/100\n|-ability|p2b: Calyrex|As One\n|-ability|p2b: Calyrex|Unnerve\n|-fieldstart|move: Psychic Terrain|[from] ability: Psychic Surge|[of] p2a: Indeedee\n|turn|1\n|inactive|nbadrose2 has 30 seconds left.\n|inactive|MakesSenseVGC has 30 seconds left.\n|inactive|MakesSenseVGC has 20 seconds left.\n|inactive|nbadrose2 has 20 seconds left.\n|inactive|MakesSenseVGC has 15 seconds left.\n|inactive|nbadrose2 has 15 seconds left.\n|inactive|MakesSenseVGC has 10 seconds left.\n|inactive|MakesSenseVGC has 5 seconds left.\n|\n|t:|1736030602\n|move|p2a: Indeedee|Follow Me|p2a: Indeedee\n|-singleturn|p2a: Indeedee|move: Follow Me\n|move|p1a: Lunala|Expanding Force|p2a: Indeedee|[spread] p2a,p2b\n|-resisted|p2a: Indeedee\n|-resisted|p2b: Calyrex\n|-damage|p2a: Indeedee|68\/100\n|-damage|p2b: Calyrex|75\/100\n|move|p1b: Urshifu|U-turn|p2a: Indeedee\n|-supereffective|p2a: Indeedee\n|-damage|p2a: Indeedee|0 fnt\n|-damage|p1b: Urshifu|84\/100|[from] item: Rocky Helmet|[of] p2a: Indeedee\n|faint|p2a: Indeedee\n|\n|t:|1736030612\n|switch|p1b: Indeedee|Indeedee-F, L50, F|100\/100|[from] U-turn\n|-enditem|p1b: Indeedee|Psychic Seed\n|-boost|p1b: Indeedee|spd|1|[from] item: Psychic Seed\n|move|p2b: Calyrex|Trick Room|p2b: Calyrex\n|-fieldstart|move: Trick Room|[of] p2b: Calyrex\n|\n|upkeep\n|\n|t:|1736030628\n|switch|p2a: Torkoal|Torkoal, L50, M|100\/100\n|-weather|SunnyDay|[from] ability: Drought|[of] p2a: Torkoal\n|turn|2\n|\n|t:|1736030649\n|-terastallize|p2b: Calyrex|Dragon\n|move|p1b: Indeedee|Helping Hand|p1a: Lunala\n|-singleturn|p1a: Lunala|Helping Hand|[of] p1b: Indeedee\n|move|p2a: Torkoal|Eruption|p1a: Lunala|[spread] p1a,p1b\n|-damage|p1a: Lunala|59\/100\n|-damage|p1b: Indeedee|26\/100\n|move|p2b: Calyrex|Imprison|p2b: Calyrex\n|-start|p2b: Calyrex|move: Imprison\n|move|p1a: Lunala|Expanding Force|p2b: Calyrex|[spread] p2a,p2b\n|-damage|p2a: Torkoal|0 fnt\n|-damage|p2b: Calyrex|6\/100\n|faint|p2a: Torkoal\n|\n|-weather|SunnyDay|[upkeep]\n|upkeep\n|\n|t:|1736030661\n|switch|p2a: Ursaluna|Ursaluna, L50, M|100\/100\n|turn|3\n|\n|t:|1736030674\n|move|p1b: Indeedee|Follow Me|p1b: Indeedee\n|-singleturn|p1b: Indeedee|move: Follow Me\n|move|p2b: Calyrex|Glacial Lance|p1b: Indeedee|[spread] p1a,p1b\n|-damage|p1a: Lunala|10\/100\n|-damage|p1b: Indeedee|0 fnt\n|faint|p1b: Indeedee\n|-ability|p2b: Calyrex|Chilling Neigh|boost\n|-boost|p2b: Calyrex|atk|1\n|move|p2a: Ursaluna|Headlong Rush|p1a: Lunala\n|-damage|p1a: Lunala|0 fnt\n|-unboost|p2a: Ursaluna|def|1\n|-unboost|p2a: Ursaluna|spd|1\n|faint|p1a: Lunala\n|\n|-weather|SunnyDay|[upkeep]\n|-status|p2a: Ursaluna|brn|[from] item: Flame Orb\n|upkeep\n|\n|t:|1736030681\n|switch|p1a: Urshifu|Urshifu-Rapid-Strike, L50, F|84\/100\n|switch|p1b: Ogerpon|Ogerpon-Cornerstone, L50, F|100\/100\n|turn|4\n|\n|t:|1736030706\n|move|p2b: Calyrex|Glacial Lance|p1b: Ogerpon|[spread] p1a,p1b\n|-resisted|p1a: Urshifu\n|-supereffective|p1b: Ogerpon\n|-damage|p1a: Urshifu|45\/100\n|-ability|p1b: Ogerpon|Sturdy\n|-damage|p1b: Ogerpon|1\/100\n|move|p2a: Ursaluna|Facade|p1a: Urshifu\n|-damage|p1a: Urshifu|0 fnt\n|faint|p1a: Urshifu\n|move|p1b: Ogerpon|Ivy Cudgel|p2b: Calyrex|[anim] Ivy Cudgel Rock\n|-damage|p2b: Calyrex|0 fnt\n|faint|p2b: Calyrex\n|\n|-weather|SunnyDay|[upkeep]\n|-damage|p2a: Ursaluna|95\/100 brn|[from] brn\n|upkeep\n|turn|5\n|\n|t:|1736030721\n|move|p2a: Ursaluna|Protect|p2a: Ursaluna\n|-singleturn|p2a: Ursaluna|Protect\n|move|p1b: Ogerpon|Spiky Shield||[still]\n|-fail|p1b: Ogerpon\n|\n|-weather|SunnyDay|[upkeep]\n|-damage|p2a: Ursaluna|89\/100 brn|[from] brn\n|-fieldend|move: Trick Room\n|-fieldend|move: Psychic Terrain\n|upkeep\n|turn|6\n|\n|t:|1736030732\n|move|p1b: Ogerpon|Power Whip|p2a: Ursaluna\n|-supereffective|p2a: Ursaluna\n|-damage|p2a: Ursaluna|0 fnt\n|faint|p2a: Ursaluna\n|\n|win|nbadrose2\n|raw|nbadrose2's rating: 1532 &rarr; <strong>1554<\/strong><br \/>(+22 for winning)\n|raw|MakesSenseVGC's rating: 1567 &rarr; <strong>1545<\/strong><br \/>(-22 for losing)\n|l|\u2606nbadrose2\n|player|p1|\n|l|\u2606MakesSenseVGC\n|player|p2|\n","uploadtime":1736030916,"views":292,"formatid":"gen9vgc2025regg","rating":1545,"private":0,"password":null}