{"id":"gen9vgc2025regg-2275492615","format":"[Gen 9] VGC 2025 Reg G","players":["Bbjhots","Beccca"],"log":"|j|\u2606Bbjhots\n|j|\u2606Beccca\n|t:|1736094267\n|gametype|doubles\n|player|p1|Bbjhots|1|1567\n|player|p2|Beccca|265|1514\n|teamsize|p1|6\n|teamsize|p2|6\n|gen|9\n|tier|[Gen 9] VGC 2025 Reg G\n|rated|\n|rule|Species Clause: Limit one of each Pok\u00e9mon\n|rule|Item Clause: Limit 1 of each item\n|clearpoke\n|poke|p1|Calyrex-Ice, L50|\n|poke|p1|Urshifu-*, L50, M|\n|poke|p1|Pelipper, L50, M|\n|poke|p1|Amoonguss, L50, M|\n|poke|p1|Iron Valiant, L50|\n|poke|p1|Landorus, L50, M|\n|poke|p2|Zamazenta-*, L50|\n|poke|p2|Chien-Pao, L50|\n|poke|p2|Urshifu-*, L50, M|\n|poke|p2|Rillaboom, L50, M|\n|poke|p2|Entei, L50|\n|poke|p2|Ditto, L50|\n|teampreview|4\n|inactive|Battle timer is ON: inactive players will automatically lose when time's up. (requested by Bbjhots)\n|inactive|Bbjhots has 60 seconds left.\n|inactive|Beccca has 60 seconds left.\n|\n|t:|1736094321\n|start\n|switch|p1a: Calyrex|Calyrex-Ice, L50|100\/100\n|switch|p1b: Landorus|Landorus, L50, M|100\/100\n|switch|p2a: Entei|Entei, L50|100\/100\n|switch|p2b: Chien-Pao|Chien-Pao, L50|100\/100\n|-ability|p1a: Calyrex|As One\n|-ability|p1a: Calyrex|Unnerve\n|-ability|p2b: Chien-Pao|Sword of Ruin\n|turn|1\n|inactive|Bbjhots has 30 seconds left.\n|\n|t:|1736094355\n|switch|p1a: Pelipper|Pelipper, L50, M|100\/100\n|-weather|RainDance|[from] ability: Drizzle|[of] p1a: Pelipper\n|-terastallize|p2a: Entei|Normal\n|move|p2a: Entei|Extreme Speed|p1b: Landorus\n|-damage|p1b: Landorus|9\/100\n|move|p2b: Chien-Pao|Sucker Punch|p1b: Landorus\n|-damage|p1b: Landorus|0 fnt\n|faint|p1b: Landorus\n|\n|-weather|RainDance|[upkeep]\n|upkeep\n|\n|t:|1736094369\n|switch|p1b: Urshifu|Urshifu-Rapid-Strike, L50, M|100\/100\n|turn|2\n|\n|t:|1736094382\n|move|p2a: Entei|Extreme Speed|p1b: Urshifu\n|-damage|p1b: Urshifu|10\/100\n|move|p2b: Chien-Pao|Sucker Punch|p1b: Urshifu\n|-resisted|p1b: Urshifu\n|-damage|p1b: Urshifu|0 fnt\n|faint|p1b: Urshifu\n|move|p1a: Pelipper|Weather Ball|p2b: Chien-Pao\n|-enditem|p2b: Chien-Pao|Focus Sash\n|-damage|p2b: Chien-Pao|1\/100\n|-damage|p1a: Pelipper|91\/100|[from] item: Life Orb\n|\n|-weather|RainDance|[upkeep]\n|upkeep\n|\n|t:|1736094387\n|switch|p1b: Calyrex|Calyrex-Ice, L50|100\/100\n|-ability|p1b: Calyrex|As One\n|-ability|p1b: Calyrex|Unnerve\n|turn|3\n|\n|t:|1736094401\n|-terastallize|p1b: Calyrex|Grass\n|move|p2a: Entei|Extreme Speed|p1a: Pelipper\n|-damage|p1a: Pelipper|8\/100\n|move|p2b: Chien-Pao|Throat Chop|p1a: Pelipper\n|-damage|p1a: Pelipper|0 fnt\n|faint|p1a: Pelipper\n|move|p1b: Calyrex|Trick Room|p1b: Calyrex\n|-fieldstart|move: Trick Room|[of] p1b: Calyrex\n|\n|-weather|RainDance|[upkeep]\n|upkeep\n|turn|4\n|\n|t:|1736094412\n|switch|p2a: Ditto|Ditto, L50|100\/100\n|-transform|p2a: Ditto|p1b: Calyrex|[from] ability: Imposter\n|-ability|p2a: Ditto|As One\n|-ability|p2a: Ditto|Unnerve\n|move|p2b: Chien-Pao|Protect|p2b: Chien-Pao\n|-singleturn|p2b: Chien-Pao|Protect\n|move|p1b: Calyrex|Glacial Lance|p2a: Ditto|[spread] p2a\n|-activate|p2b: Chien-Pao|move: Protect\n|-resisted|p2a: Ditto\n|-crit|p2a: Ditto\n|-damage|p2a: Ditto|50\/100\n|\n|-weather|RainDance|[upkeep]\n|upkeep\n|-start|p2a: Ditto|typechange|Psychic\/Ice|[silent]\n|turn|5\n|\n|t:|1736094429\n|move|p2b: Chien-Pao|Sucker Punch|p1b: Calyrex\n|-crit|p1b: Calyrex\n|-damage|p1b: Calyrex|59\/100\n|move|p1b: Calyrex|Glacial Lance|p2b: Chien-Pao|[spread] p2a,p2b\n|-resisted|p2a: Ditto\n|-resisted|p2b: Chien-Pao\n|-damage|p2a: Ditto|19\/100\n|-damage|p2b: Chien-Pao|0 fnt\n|faint|p2b: Chien-Pao\n|-ability|p1b: Calyrex|Chilling Neigh|boost\n|-boost|p1b: Calyrex|atk|1\n|move|p2a: Ditto|Glacial Lance|p1b: Calyrex\n|-supereffective|p1b: Calyrex\n|-damage|p1b: Calyrex|0 fnt\n|faint|p1b: Calyrex\n|\n|win|Beccca\n|raw|Bbjhots's rating: 1567 &rarr; <strong>1544<\/strong><br \/>(-23 for losing)\n|raw|Beccca's rating: 1514 &rarr; <strong>1537<\/strong><br \/>(+23 for winning)\n|l|\u2606Bbjhots\n|player|p1|\n|l|\u2606Beccca\n|player|p2|\n","uploadtime":1736094442,"views":289,"formatid":"gen9vgc2025regg","rating":1537,"private":0,"password":null}