{"id":"gen9vgc2025regg-2275938383","format":"[Gen 9] VGC 2025 Reg G","players":["lichuweijixi","SeaWolfMikess"],"log":"|j|\u2606lichuweijixi\n|j|\u2606SeaWolfMikess\n|t:|1736160009\n|gametype|doubles\n|player|p1|lichuweijixi|1|1611\n|player|p2|SeaWolfMikess|hugh|1673\n|teamsize|p1|6\n|teamsize|p2|6\n|gen|9\n|tier|[Gen 9] VGC 2025 Reg G\n|rated|\n|rule|Species Clause: Limit one of each Pok\u00e9mon\n|rule|Item Clause: Limit 1 of each item\n|clearpoke\n|poke|p1|Dondozo, L50, M|\n|poke|p1|Tatsugiri, L50, F|\n|poke|p1|Miraidon, L50|\n|poke|p1|Gholdengo, L50|\n|poke|p1|Chi-Yu, L50|\n|poke|p1|Ogerpon-Cornerstone, L50, F|\n|poke|p2|Calyrex-Shadow, L50|\n|poke|p2|Incineroar, L50, F|\n|poke|p2|Rillaboom, L50, M|\n|poke|p2|Urshifu-*, L50, M|\n|poke|p2|Raging Bolt, L50|\n|poke|p2|Ogerpon-Hearthflame, L50, F|\n|teampreview|4\n|\n|t:|1736160034\n|start\n|switch|p1a: Miraidon|Miraidon, L50|100\/100\n|switch|p1b: Chi-Yu|Chi-Yu, L50|100\/100\n|switch|p2a: Raging Bolt|Raging Bolt, L50|100\/100\n|switch|p2b: Calyrex|Calyrex-Shadow, L50|100\/100\n|-ability|p2b: Calyrex|As One\n|-ability|p2b: Calyrex|Unnerve\n|-fieldstart|move: Electric Terrain|[from] ability: Hadron Engine|[of] p1a: Miraidon\n|-ability|p1b: Chi-Yu|Beads of Ruin\n|-enditem|p2a: Raging Bolt|Booster Energy\n|-activate|p2a: Raging Bolt|ability: Protosynthesis|[fromitem]\n|-start|p2a: Raging Bolt|protosynthesisspa\n|turn|1\n|\n|t:|1736160085\n|move|p2b: Calyrex|Protect|p2b: Calyrex\n|-singleturn|p2b: Calyrex|Protect\n|move|p1b: Chi-Yu|Protect|p1b: Chi-Yu\n|-singleturn|p1b: Chi-Yu|Protect\n|move|p2a: Raging Bolt|Protect|p2a: Raging Bolt\n|-singleturn|p2a: Raging Bolt|Protect\n|move|p1a: Miraidon|Electro Drift|p2b: Calyrex\n|-activate|p2b: Calyrex|move: Protect\n|\n|upkeep\n|turn|2\n|\n|t:|1736160111\n|move|p2a: Raging Bolt|Thunderclap|p1b: Chi-Yu\n|-damage|p1b: Chi-Yu|21\/100\n|move|p2b: Calyrex|Astral Barrage|p1a: Miraidon|[spread] p1a,p1b\n|-resisted|p1b: Chi-Yu\n|-damage|p1a: Miraidon|49\/100\n|-damage|p1b: Chi-Yu|0 fnt\n|faint|p1b: Chi-Yu\n|-ability|p2b: Calyrex|Grim Neigh|boost\n|-boost|p2b: Calyrex|spa|1\n|-damage|p2b: Calyrex|91\/100|[from] item: Life Orb\n|move|p1a: Miraidon|Draco Meteor|p2a: Raging Bolt\n|-supereffective|p2a: Raging Bolt\n|-damage|p2a: Raging Bolt|0 fnt\n|-unboost|p1a: Miraidon|spa|2\n|faint|p2a: Raging Bolt\n|-end|p2a: Raging Bolt|Protosynthesis|[silent]\n|\n|upkeep\n|\n|t:|1736160120\n|switch|p1b: Dondozo|Dondozo, L50, M|100\/100\n|switch|p2a: Ogerpon|Ogerpon-Hearthflame, L50, F|100\/100\n|-ability|p2a: Ogerpon|Mold Breaker\n|turn|3\n|\n|t:|1736160134\n|switch|p1a: Tatsugiri|Tatsugiri, L50, F|100\/100\n|-activate|p1a: Tatsugiri|ability: Commander|[of] p1b: Dondozo\n|-boost|p1b: Dondozo|atk|2\n|-boost|p1b: Dondozo|spa|2\n|-boost|p1b: Dondozo|spe|2\n|-boost|p1b: Dondozo|def|2\n|-boost|p1b: Dondozo|spd|2\n|move|p2b: Calyrex|Astral Barrage|p1a: Tatsugiri|[spread] p1b\n|-miss|p2b: Calyrex|p1a: Tatsugiri\n|-damage|p1b: Dondozo|59\/100\n|-damage|p2b: Calyrex|81\/100|[from] item: Life Orb\n|move|p1b: Dondozo|Order Up|p2b: Calyrex\n|-damage|p2b: Calyrex|27\/100\n|-boost|p1b: Dondozo|atk|1\n|move|p2a: Ogerpon|Ivy Cudgel|p1b: Dondozo|[anim] Ivy Cudgel Fire\n|-resisted|p1b: Dondozo\n|-crit|p1b: Dondozo\n|-damage|p1b: Dondozo|33\/100\n|\n|-heal|p1b: Dondozo|39\/100|[from] item: Leftovers\n|upkeep\n|turn|4\n|j| bieiup\n|\n|t:|1736160172\n|switch|p2a: Rillaboom|Rillaboom, L50, M|100\/100\n|-fieldstart|move: Grassy Terrain|[from] ability: Grassy Surge|[of] p2a: Rillaboom\n|move|p1b: Dondozo|Protect|p1b: Dondozo\n|-singleturn|p1b: Dondozo|Protect\n|move|p2b: Calyrex|Astral Barrage|p1b: Dondozo|[spread] \n|-miss|p2b: Calyrex|p1a: Tatsugiri\n|-activate|p1b: Dondozo|move: Protect\n|\n|-heal|p2b: Calyrex|33\/100|[from] Grassy Terrain\n|-heal|p1b: Dondozo|45\/100|[from] Grassy Terrain\n|-heal|p1b: Dondozo|52\/100|[from] item: Leftovers\n|upkeep\n|turn|5\n|\n|t:|1736160183\n|move|p1b: Dondozo|Protect||[still]\n|-fail|p1b: Dondozo\n|move|p2a: Rillaboom|Fake Out|p1b: Dondozo\n|-damage|p1b: Dondozo|47\/100\n|move|p2b: Calyrex|Psychic|p1b: Dondozo\n|-damage|p1b: Dondozo|7\/100\n|-damage|p2b: Calyrex|24\/100|[from] item: Life Orb\n|\n|-heal|p2b: Calyrex|30\/100|[from] Grassy Terrain\n|-heal|p1b: Dondozo|13\/100|[from] Grassy Terrain\n|-heal|p1b: Dondozo|19\/100|[from] item: Leftovers\n|upkeep\n|turn|6\n|\n|t:|1736160195\n|move|p1b: Dondozo|Protect|p1b: Dondozo\n|-singleturn|p1b: Dondozo|Protect\n|move|p2b: Calyrex|Psychic|p1b: Dondozo\n|-activate|p1b: Dondozo|move: Protect\n|move|p2a: Rillaboom|Wood Hammer|p1a: Tatsugiri|[miss]\n|-miss|p2a: Rillaboom|p1a: Tatsugiri\n|\n|-heal|p2b: Calyrex|35\/100|[from] Grassy Terrain\n|-heal|p1b: Dondozo|26\/100|[from] Grassy Terrain\n|-heal|p1b: Dondozo|32\/100|[from] item: Leftovers\n|upkeep\n|turn|7\n|\n|t:|1736160223\n|move|p1b: Dondozo|Protect|p1b: Dondozo\n|-singleturn|p1b: Dondozo|Protect\n|move|p2b: Calyrex|Psychic|p1b: Dondozo\n|-activate|p1b: Dondozo|move: Protect\n|move|p2a: Rillaboom|Wood Hammer|p1a: Tatsugiri|[miss]\n|-miss|p2a: Rillaboom|p1a: Tatsugiri\n|\n|-heal|p2b: Calyrex|41\/100|[from] Grassy Terrain\n|-heal|p1b: Dondozo|38\/100|[from] Grassy Terrain\n|-heal|p1b: Dondozo|44\/100|[from] item: Leftovers\n|upkeep\n|turn|8\n|\n|t:|1736160238\n|-terastallize|p1b: Dondozo|Grass\n|move|p2a: Rillaboom|Grassy Glide|p1b: Dondozo\n|-resisted|p1b: Dondozo\n|-damage|p1b: Dondozo|38\/100\n|move|p2b: Calyrex|Psychic|p1b: Dondozo\n|-damage|p1b: Dondozo|0 fnt\n|faint|p1b: Dondozo\n|-ability|p2b: Calyrex|Grim Neigh|boost\n|-boost|p2b: Calyrex|spa|1\n|-damage|p2b: Calyrex|32\/100|[from] item: Life Orb\n|\n|-heal|p2b: Calyrex|38\/100|[from] Grassy Terrain\n|-fieldend|move: Grassy Terrain\n|upkeep\n|\n|t:|1736160241\n|switch|p1b: Miraidon|Miraidon, L50|49\/100\n|-fieldstart|move: Electric Terrain|[from] ability: Hadron Engine|[of] p1b: Miraidon\n|turn|9\n|\n|t:|1736160248\n|switch|p2a: Ogerpon|Ogerpon-Hearthflame, L50, F|100\/100\n|-ability|p2a: Ogerpon|Mold Breaker\n|move|p2b: Calyrex|Protect|p2b: Calyrex\n|-singleturn|p2b: Calyrex|Protect\n|move|p1a: Tatsugiri|Icy Wind|p2a: Ogerpon|[spread] p2a\n|-activate|p2b: Calyrex|move: Protect\n|-damage|p2a: Ogerpon|87\/100\n|-unboost|p2a: Ogerpon|spe|1\n|move|p1b: Miraidon|Dazzling Gleam|p2b: Calyrex|[spread] p2a\n|-activate|p2b: Calyrex|move: Protect\n|-resisted|p2a: Ogerpon\n|-damage|p2a: Ogerpon|72\/100\n|\n|upkeep\n|turn|10\n|\n|t:|1736160282\n|switch|p2b: Rillaboom|Rillaboom, L50, M|100\/100\n|-fieldstart|move: Grassy Terrain|[from] ability: Grassy Surge|[of] p2b: Rillaboom\n|move|p2a: Ogerpon|Grassy Glide|p1a: Tatsugiri\n|-damage|p1a: Tatsugiri|33\/100\n|move|p1a: Tatsugiri|Icy Wind|p2a: Ogerpon|[spread] p2a,p2b\n|-supereffective|p2b: Rillaboom\n|-damage|p2a: Ogerpon|58\/100\n|-damage|p2b: Rillaboom|82\/100\n|-unboost|p2a: Ogerpon|spe|1\n|-unboost|p2b: Rillaboom|spe|1\n|move|p1b: Miraidon|Dazzling Gleam|p2a: Ogerpon|[spread] p2a,p2b\n|-resisted|p2a: Ogerpon\n|-damage|p2a: Ogerpon|47\/100\n|-damage|p2b: Rillaboom|68\/100\n|\n|-heal|p1a: Tatsugiri|39\/100|[from] Grassy Terrain\n|-heal|p1b: Miraidon|55\/100|[from] Grassy Terrain\n|-heal|p2a: Ogerpon|53\/100|[from] Grassy Terrain\n|-heal|p2b: Rillaboom|74\/100|[from] Grassy Terrain\n|upkeep\n|turn|11\n|\n|t:|1736160295\n|move|p2b: Rillaboom|Fake Out|p1b: Miraidon\n|-damage|p1b: Miraidon|44\/100\n|move|p2a: Ogerpon|Grassy Glide|p1a: Tatsugiri\n|-damage|p1a: Tatsugiri|0 fnt\n|faint|p1a: Tatsugiri\n|cant|p1b: Miraidon|flinch\n|\n|-heal|p1b: Miraidon|50\/100|[from] Grassy Terrain\n|-heal|p2a: Ogerpon|59\/100|[from] Grassy Terrain\n|-heal|p2b: Rillaboom|80\/100|[from] Grassy Terrain\n|upkeep\n|turn|12\n|-message|lichuweijixi forfeited.\n|\n|win|SeaWolfMikess\n|raw|lichuweijixi's rating: 1611 &rarr; <strong>1596<\/strong><br \/>(-15 for losing)\n|raw|SeaWolfMikess's rating: 1707 &rarr; <strong>1722<\/strong><br \/>(+15 for winning)\n|l|\u2606lichuweijixi\n|player|p1|\n|l|\u2606SeaWolfMikess\n|player|p2|\n|l| bieiup\n","uploadtime":1736160550,"views":39,"formatid":"gen9vgc2025regg","rating":1596,"private":0,"password":null}