{"id":"gen9vgc2025regg-2275679905","format":"[Gen 9] VGC 2025 Reg G","players":["caZISA","juacox300"],"log":"|j|\u2606caZISA\n|j|\u2606juacox300\n|t:|1736117234\n|gametype|doubles\n|player|p1|caZISA|red|1603\n|player|p2|juacox300|unknown|1526\n|teamsize|p1|6\n|teamsize|p2|6\n|gen|9\n|tier|[Gen 9] VGC 2025 Reg G\n|rated|\n|rule|Species Clause: Limit one of each Pok\u00e9mon\n|rule|Item Clause: Limit 1 of each item\n|clearpoke\n|poke|p1|Calyrex-Ice, L50|\n|poke|p1|Urshifu-*, L50, F|\n|poke|p1|Raging Bolt, L50|\n|poke|p1|Rillaboom, L50, F|\n|poke|p1|Torkoal, L50, M|\n|poke|p1|Smeargle, L50, F|\n|poke|p2|Iron Hands, L50|\n|poke|p2|Alcremie, L50, F|\n|poke|p2|Miraidon, L50|\n|poke|p2|Murkrow, L50, M|\n|poke|p2|Chi-Yu, L50|\n|poke|p2|Vikavolt, L50, F|\n|teampreview|4\n|inactive|Battle timer is ON: inactive players will automatically lose when time's up. (requested by caZISA)\n|inactive|juacox300 has 60 seconds left.\n|\n|t:|1736117323\n|start\n|switch|p1a: Smeargle|Smeargle, L50, F|100\/100\n|switch|p1b: Calyrex|Calyrex-Ice, L50|100\/100\n|switch|p2a: Vikavolt|Vikavolt, L50, F, shiny|100\/100\n|switch|p2b: Alcremie|Alcremie, L50, F|100\/100\n|-ability|p1b: Calyrex|As One\n|-ability|p1b: Calyrex|Unnerve\n|turn|1\n|inactive|caZISA has 30 seconds left.\n|\n|t:|1736117349\n|move|p1a: Smeargle|Fake Out|p2b: Alcremie\n|-damage|p2b: Alcremie|95\/100\n|move|p2b: Alcremie|Alluring Voice|p1a: Smeargle\n|-damage|p1a: Smeargle|26\/100\n|move|p2a: Vikavolt|Bug Buzz|p1b: Calyrex\n|-supereffective|p1b: Calyrex\n|-damage|p1b: Calyrex|19\/100\n|move|p1b: Calyrex|Glacial Lance|p2b: Alcremie|[spread] p2a,p2b\n|-damage|p2a: Vikavolt|30\/100\n|-damage|p2b: Alcremie|26\/100\n|\n|-ability|p1a: Smeargle|Moody|boost\n|-boost|p1a: Smeargle|def|2\n|-unboost|p1a: Smeargle|spe|1\n|upkeep\n|turn|2\n|\n|t:|1736117361\n|move|p1b: Calyrex|Protect|p1b: Calyrex\n|-singleturn|p1b: Calyrex|Protect\n|move|p1a: Smeargle|Spore|p2a: Vikavolt\n|-status|p2a: Vikavolt|slp|[from] move: Spore\n|move|p2b: Alcremie|Alluring Voice|p1a: Smeargle\n|-damage|p1a: Smeargle|0 fnt\n|faint|p1a: Smeargle\n|cant|p2a: Vikavolt|slp\n|\n|upkeep\n|\n|t:|1736117368\n|switch|p1a: Rillaboom|Rillaboom, L50, F|100\/100\n|-fieldstart|move: Grassy Terrain|[from] ability: Grassy Surge|[of] p1a: Rillaboom\n|turn|3\n|\n|t:|1736117376\n|-terastallize|p1b: Calyrex|Fire\n|cant|p2a: Vikavolt|slp\n|move|p1a: Rillaboom|Grassy Glide|p2b: Alcremie\n|-damage|p2b: Alcremie|0 fnt\n|faint|p2b: Alcremie\n|move|p1b: Calyrex|Trick Room|p1b: Calyrex\n|-fieldstart|move: Trick Room|[of] p1b: Calyrex\n|\n|-heal|p1b: Calyrex|25\/100|[from] Grassy Terrain\n|upkeep\n|\n|t:|1736117380\n|switch|p2b: Iron Hands|Iron Hands, L50|100\/100\n|turn|4\n|\n|t:|1736117394\n|-terastallize|p2b: Iron Hands|Fire\n|move|p1b: Calyrex|Protect|p1b: Calyrex\n|-singleturn|p1b: Calyrex|Protect\n|cant|p2a: Vikavolt|slp\n|move|p2b: Iron Hands|Wild Charge|p1b: Calyrex\n|-activate|p1b: Calyrex|move: Protect\n|move|p1a: Rillaboom|U-turn|p2b: Iron Hands\n|-resisted|p2b: Iron Hands\n|-damage|p2b: Iron Hands|92\/100\n|\n|t:|1736117401\n|switch|p1a: Torkoal|Torkoal, L50, M|100\/100|[from] U-turn\n|-weather|SunnyDay|[from] ability: Drought|[of] p1a: Torkoal\n|\n|-weather|SunnyDay|[upkeep]\n|-heal|p1b: Calyrex|31\/100|[from] Grassy Terrain\n|-heal|p2b: Iron Hands|98\/100|[from] Grassy Terrain\n|upkeep\n|turn|5\n|\n|t:|1736117406\n|-curestatus|p2a: Vikavolt|slp|[msg]\n|move|p2a: Vikavolt|Protect|p2a: Vikavolt\n|-singleturn|p2a: Vikavolt|Protect\n|move|p1a: Torkoal|Eruption|p2b: Iron Hands|[spread] p2b\n|-activate|p2a: Vikavolt|move: Protect\n|-resisted|p2b: Iron Hands\n|-damage|p2b: Iron Hands|74\/100\n|move|p1b: Calyrex|High Horsepower|p2b: Iron Hands\n|-supereffective|p2b: Iron Hands\n|-damage|p2b: Iron Hands|22\/100\n|move|p2b: Iron Hands|Drain Punch|p1b: Calyrex\n|-damage|p1b: Calyrex|6\/100\n|-heal|p2b: Iron Hands|32\/100|[from] drain|[of] p1b: Calyrex\n|\n|-weather|SunnyDay|[upkeep]\n|-heal|p1b: Calyrex|12\/100|[from] Grassy Terrain\n|-heal|p2b: Iron Hands|38\/100|[from] Grassy Terrain\n|upkeep\n|turn|6\n|\n|t:|1736117426\n|move|p2a: Vikavolt|Protect|p2a: Vikavolt\n|-singleturn|p2a: Vikavolt|Protect\n|move|p1a: Torkoal|Eruption|p2b: Iron Hands|[spread] p2b\n|-activate|p2a: Vikavolt|move: Protect\n|-resisted|p2b: Iron Hands\n|-damage|p2b: Iron Hands|13\/100\n|move|p1b: Calyrex|Glacial Lance|p2b: Iron Hands|[spread] p2b\n|-activate|p2a: Vikavolt|move: Protect\n|-resisted|p2b: Iron Hands\n|-damage|p2b: Iron Hands|0 fnt\n|faint|p2b: Iron Hands\n|-end|p2b: Iron Hands|Quark Drive|[silent]\n|-ability|p1b: Calyrex|Chilling Neigh|boost\n|-boost|p1b: Calyrex|atk|1\n|\n|-weather|SunnyDay|[upkeep]\n|-heal|p1b: Calyrex|17\/100|[from] Grassy Terrain\n|upkeep\n|\n|t:|1736117428\n|switch|p2b: Miraidon|Miraidon, L50|100\/100\n|-fieldstart|move: Electric Terrain|[from] ability: Hadron Engine|[of] p2b: Miraidon\n|turn|7\n|\n|t:|1736117434\n|move|p2a: Vikavolt|Protect|p2a: Vikavolt\n|-singleturn|p2a: Vikavolt|Protect\n|move|p2b: Miraidon|Protect|p2b: Miraidon\n|-singleturn|p2b: Miraidon|Protect\n|move|p1a: Torkoal|Eruption|p2b: Miraidon|[spread] \n|-activate|p2a: Vikavolt|move: Protect\n|-activate|p2b: Miraidon|move: Protect\n|move|p1b: Calyrex|Glacial Lance|p2a: Vikavolt|[spread] \n|-activate|p2a: Vikavolt|move: Protect\n|-activate|p2b: Miraidon|move: Protect\n|\n|-weather|SunnyDay|[upkeep]\n|-fieldend|move: Trick Room\n|upkeep\n|turn|8\n|\n|t:|1736117445\n|switch|p1a: Rillaboom|Rillaboom, L50, F|100\/100\n|-fieldstart|move: Grassy Terrain|[from] ability: Grassy Surge|[of] p1a: Rillaboom\n|move|p1b: Calyrex|Protect|p1b: Calyrex\n|-singleturn|p1b: Calyrex|Protect\n|move|p2b: Miraidon|Electro Drift|p1a: Rillaboom\n|-resisted|p1a: Rillaboom\n|-damage|p1a: Rillaboom|73\/100\n|-damage|p2b: Miraidon|91\/100|[from] item: Life Orb\n|move|p2a: Vikavolt|Bug Buzz|p1a: Rillaboom\n|-supereffective|p1a: Rillaboom\n|-damage|p1a: Rillaboom|0 fnt\n|faint|p1a: Rillaboom\n|\n|-weather|none\n|-heal|p2b: Miraidon|96\/100|[from] Grassy Terrain\n|-heal|p1b: Calyrex|23\/100|[from] Grassy Terrain\n|upkeep\n|-message|caZISA forfeited.\n|\n|win|juacox300\n|raw|caZISA's rating: 1603 &rarr; <strong>1579<\/strong><br \/>(-24 for losing)\n|raw|juacox300's rating: 1526 &rarr; <strong>1550<\/strong><br \/>(+24 for winning)\n|l|\u2606caZISA\n|player|p1|\n|l|\u2606juacox300\n|player|p2|\n","uploadtime":1736117724,"views":26,"formatid":"gen9vgc2025regg","rating":1550,"private":0,"password":null}