{"id":"gen9vgc2025regg-2275606420","format":"[Gen 9] VGC 2025 Reg G","players":["bertscai","TheLoanRanger"],"log":"|j|\u2606bertscai\n|j|\u2606TheLoanRanger\n|t:|1736108242\n|gametype|doubles\n|player|p1|bertscai|hiker|1561\n|player|p2|TheLoanRanger|gardenia|1525\n|teamsize|p1|6\n|teamsize|p2|6\n|gen|9\n|tier|[Gen 9] VGC 2025 Reg G\n|rated|\n|rule|Species Clause: Limit one of each Pok\u00e9mon\n|rule|Item Clause: Limit 1 of each item\n|clearpoke\n|poke|p1|Ursaluna, L50, F|\n|poke|p1|Calyrex-Ice, L50|\n|poke|p1|Torkoal, L50, M|\n|poke|p1|Indeedee-F, L50, F|\n|poke|p1|Iron Valiant, L50|\n|poke|p1|Decidueye-Hisui, L50, M|\n|poke|p2|Miraidon, L50|\n|poke|p2|Iron Valiant, L50|\n|poke|p2|Ogerpon-Wellspring, L50, F|\n|poke|p2|Gholdengo, L50|\n|poke|p2|Landorus-Therian, L50, M|\n|poke|p2|Chi-Yu, L50|\n|teampreview|4\nTheLoanRanger has agreed to open team sheets.\nbertscai has agreed to open team sheets.\n|showteam|p1|Ursaluna||FlameOrb|Guts|HeadlongRush,Facade,SwordsDance,Protect|||F|||50|,,,,,Ghost]Calyrex-Ice||ClearAmulet|AsOneGlastrier|Imprison,GlacialLance,TrickRoom,HighHorsepower||||||50|,,,,,Dragon]Torkoal||ChoiceSpecs|Drought|Eruption,EarthPower,Flamethrower,HeatWave|||M|||50|,,,,,Fire]Indeedee-F||SafetyGoggles|PsychicSurge|FollowMe,Psychic,HelpingHand,TrickRoom|||F|||50|,,,,,Fairy]Iron Valiant||BoosterEnergy|QuarkDrive|Taunt,WideGuard,Coaching,ExpandingForce||||||50|,,,,,Psychic]Decidueye-Hisui||FocusSash|Scrappy|Haze,Protect,Coaching,LeafBlade|||M|||50|,,,,,Fire\n|showteam|p2|Miraidon||ChoiceSpecs|HadronEngine|ElectroDrift,DracoMeteor,VoltSwitch,DazzlingGleam||||||50|,,,,,Fairy]Iron Valiant||FocusSash|QuarkDrive|CloseCombat,SpiritBreak,IcyWind,WideGuard||||||50|,,,,,Ghost]Ogerpon-Wellspring||WellspringMask|WaterAbsorb|IvyCudgel,WoodHammer,FollowMe,SpikyShield|||F|||50|,,,,,Water]Gholdengo||Leftovers|GoodasGold|MakeItRain,ShadowBall,NastyPlot,Protect||||||50|,,,,,Water]Landorus-Therian||AssaultVest|Intimidate|StompingTantrum,TeraBlast,RockTomb,Uturn|||M|||50|,,,,,Flying]Chi-Yu||ChoiceScarf|BeadsofRuin|HeatWave,Overheat,DarkPulse,TeraBlast||||||50|,,,,,Fairy\n|inactive|Battle timer is ON: inactive players will automatically lose when time's up. (requested by bertscai)\n|\n|t:|1736108283\n|start\n|switch|p1a: Calyrex|Calyrex-Ice, L50|100\/100\n|switch|p1b: Iron Valiant|Iron Valiant, L50|100\/100\n|switch|p2a: Miraidon|Miraidon, L50|100\/100\n|switch|p2b: Gholdengo|Gholdengo, L50|100\/100\n|-ability|p1a: Calyrex|As One\n|-ability|p1a: Calyrex|Unnerve\n|-fieldstart|move: Electric Terrain|[from] ability: Hadron Engine|[of] p2a: Miraidon\n|-activate|p1b: Iron Valiant|ability: Quark Drive\n|-start|p1b: Iron Valiant|quarkdrivespe\n|turn|1\n|\n|t:|1736108301\n|-terastallize|p1a: Calyrex|Dragon\n|move|p1b: Iron Valiant|Wide Guard|p1b: Iron Valiant\n|-singleturn|p1b: Iron Valiant|Wide Guard\n|move|p2a: Miraidon|Volt Switch|p1a: Calyrex\n|-resisted|p1a: Calyrex\n|-damage|p1a: Calyrex|71\/100\n|\n|t:|1736108309\n|switch|p2a: Ogerpon|Ogerpon-Wellspring, L50, F|100\/100|[from] Volt Switch\n|move|p2b: Gholdengo|Nasty Plot|p2b: Gholdengo\n|-boost|p2b: Gholdengo|spa|2\n|move|p1a: Calyrex|Trick Room|p1a: Calyrex\n|-fieldstart|move: Trick Room|[of] p1a: Calyrex\n|\n|upkeep\n|turn|2\n|\n|t:|1736108325\n|-end|p1b: Iron Valiant|Quark Drive|[silent]\n|switch|p1b: Torkoal|Torkoal, L50, M|100\/100\n|-weather|SunnyDay|[from] ability: Drought|[of] p1b: Torkoal\n|move|p2a: Ogerpon|Follow Me|p2a: Ogerpon\n|-singleturn|p2a: Ogerpon|move: Follow Me\n|move|p1a: Calyrex|Glacial Lance|p2b: Gholdengo|[spread] p2a,p2b\n|-resisted|p2b: Gholdengo\n|-damage|p2a: Ogerpon|41\/100\n|-damage|p2b: Gholdengo|73\/100\n|move|p2b: Gholdengo|Shadow Ball|p1a: Calyrex\n|-damage|p1a: Calyrex|15\/100\n|\n|-weather|SunnyDay|[upkeep]\n|-heal|p2b: Gholdengo|79\/100|[from] item: Leftovers\n|upkeep\n|turn|3\n|\n|t:|1736108337\n|move|p2b: Gholdengo|Protect|p2b: Gholdengo\n|-singleturn|p2b: Gholdengo|Protect\n|move|p2a: Ogerpon|Spiky Shield|p2a: Ogerpon\n|-singleturn|p2a: Ogerpon|move: Protect\n|move|p1b: Torkoal|Heat Wave|p2a: Ogerpon|[spread] \n|-activate|p2a: Ogerpon|move: Protect\n|-activate|p2b: Gholdengo|move: Protect\n|move|p1a: Calyrex|Glacial Lance|p2b: Gholdengo|[spread] \n|-activate|p2a: Ogerpon|move: Protect\n|-activate|p2b: Gholdengo|move: Protect\n|\n|-weather|SunnyDay|[upkeep]\n|-heal|p2b: Gholdengo|85\/100|[from] item: Leftovers\n|upkeep\n|turn|4\n|\n|t:|1736108360\n|-terastallize|p2b: Gholdengo|Water\n|move|p1b: Torkoal|Heat Wave|p2a: Ogerpon|[spread] p2a,p2b\n|-resisted|p2b: Gholdengo\n|-damage|p2a: Ogerpon|0 fnt\n|-damage|p2b: Gholdengo|52\/100\n|faint|p2a: Ogerpon\n|move|p1a: Calyrex|Glacial Lance|p2b: Gholdengo\n|-resisted|p2b: Gholdengo\n|-damage|p2b: Gholdengo|16\/100\n|move|p2b: Gholdengo|Make It Rain|p1a: Calyrex|[spread] p1a,p1b\n|-resisted|p1b: Torkoal\n|-damage|p1a: Calyrex|0 fnt\n|-damage|p1b: Torkoal|36\/100\n|-unboost|p2b: Gholdengo|spa|1\n|faint|p1a: Calyrex\n|\n|-weather|SunnyDay|[upkeep]\n|-heal|p2b: Gholdengo|22\/100|[from] item: Leftovers\n|upkeep\n|\n|t:|1736108372\n|switch|p1a: Indeedee|Indeedee-F, L50, F|100\/100\n|switch|p2a: Iron Valiant|Iron Valiant, L50|100\/100\n|-fieldstart|move: Psychic Terrain|[from] ability: Psychic Surge|[of] p1a: Indeedee\n|turn|5\n|\n|t:|1736108385\n|move|p2b: Gholdengo|Protect|p2b: Gholdengo\n|-singleturn|p2b: Gholdengo|Protect\n|move|p2a: Iron Valiant|Wide Guard|p2a: Iron Valiant\n|-singleturn|p2a: Iron Valiant|Wide Guard\n|move|p1b: Torkoal|Heat Wave|p2a: Iron Valiant|[spread] \n|-activate|p2a: Iron Valiant|move: Wide Guard\n|-activate|p2b: Gholdengo|move: Wide Guard\n|move|p1a: Indeedee|Psychic|p2b: Gholdengo\n|-activate|p2b: Gholdengo|move: Protect\n|\n|-weather|SunnyDay|[upkeep]\n|-heal|p2b: Gholdengo|28\/100|[from] item: Leftovers\n|-fieldend|move: Trick Room\n|upkeep\n|turn|6\n|\n|t:|1736108397\n|move|p2a: Iron Valiant|Close Combat|p1a: Indeedee\n|-damage|p1a: Indeedee|33\/100\n|-unboost|p2a: Iron Valiant|def|1\n|-unboost|p2a: Iron Valiant|spd|1\n|move|p2b: Gholdengo|Make It Rain|p1a: Indeedee|[spread] p1a,p1b\n|-resisted|p1b: Torkoal\n|-damage|p1a: Indeedee|0 fnt\n|-damage|p1b: Torkoal|0 fnt\n|-unboost|p2b: Gholdengo|spa|1\n|faint|p1a: Indeedee\n|faint|p1b: Torkoal\n|\n|-weather|none\n|-heal|p2b: Gholdengo|35\/100|[from] item: Leftovers\n|upkeep\n|-message|bertscai forfeited.\n|\n|win|TheLoanRanger\n|raw|bertscai's rating: 1561 &rarr; <strong>1539<\/strong><br \/>(-22 for losing)\n|raw|TheLoanRanger's rating: 1525 &rarr; <strong>1547<\/strong><br \/>(+22 for winning)\n|l|\u2606bertscai\n|player|p1|\n|j|\u2606bertscai\n|player|p1|bertscai|hiker|\n|l|\u2606bertscai\n|player|p1|\n|l|\u2606TheLoanRanger\n|player|p2|\n","uploadtime":1736108649,"views":33,"formatid":"gen9vgc2025regg","rating":1539,"private":0,"password":null}