{"id":"gen9vgc2025regg-2275709237","format":"[Gen 9] VGC 2025 Reg G","players":["Waffles4breakfast","caZISA"],"log":"|j|\u2606Waffles4breakfast\n|j|\u2606caZISA\n|t:|1736121009\n|gametype|doubles\n|player|p1|Waffles4breakfast|juggler|1574\n|player|p2|caZISA|red|1583\n|teamsize|p1|6\n|teamsize|p2|6\n|gen|9\n|tier|[Gen 9] VGC 2025 Reg G\n|rated|\n|rule|Species Clause: Limit one of each Pok\u00e9mon\n|rule|Item Clause: Limit 1 of each item\n|clearpoke\n|poke|p1|Kyogre, L50|\n|poke|p1|Tornadus, L50, M|\n|poke|p1|Annihilape, L50, M|\n|poke|p1|Flutter Mane, L50|\n|poke|p1|Dragonite, L50, F|\n|poke|p1|Indeedee-F, L50, F|\n|poke|p2|Calyrex-Ice, L50|\n|poke|p2|Urshifu-*, L50, F|\n|poke|p2|Raging Bolt, L50|\n|poke|p2|Rillaboom, L50, F|\n|poke|p2|Torkoal, L50, F|\n|poke|p2|Smeargle, L50, M|\n|teampreview|4\n|\n|t:|1736121018\n|start\n|switch|p1a: Annihilape|Annihilape, L50, M|100\/100\n|switch|p1b: Flutter Mane|Flutter Mane, L50|100\/100\n|switch|p2a: Smeargle|Smeargle, L50, M|100\/100\n|switch|p2b: Calyrex|Calyrex-Ice, L50|100\/100\n|-ability|p2b: Calyrex|As One\n|-ability|p2b: Calyrex|Unnerve\n|turn|1\n|inactive|Battle timer is ON: inactive players will automatically lose when time's up. (requested by caZISA)\n|\n|t:|1736121025\n|move|p2b: Calyrex|Protect|p2b: Calyrex\n|-singleturn|p2b: Calyrex|Protect\n|move|p1a: Annihilape|U-turn|p2a: Smeargle\n|-damage|p2a: Smeargle|67\/100\n|\n|t:|1736121028\n|switch|p1a: Dragonite|Dragonite, L50, F|100\/100|[from] U-turn\n|move|p1b: Flutter Mane|Imprison|p1b: Flutter Mane\n|-start|p1b: Flutter Mane|move: Imprison\n|move|p2a: Smeargle|Spore|p1b: Flutter Mane\n|-status|p1b: Flutter Mane|slp|[from] move: Spore\n|\n|-ability|p2a: Smeargle|Moody|boost\n|-boost|p2a: Smeargle|spa|2\n|-unboost|p2a: Smeargle|atk|1\n|upkeep\n|turn|2\n|\n|t:|1736121036\n|-terastallize|p1a: Dragonite|Normal\n|move|p2a: Smeargle|Follow Me|p2a: Smeargle\n|-singleturn|p2a: Smeargle|move: Follow Me\n|move|p1a: Dragonite|Extreme Speed|p2a: Smeargle\n|-damage|p2a: Smeargle|0 fnt\n|faint|p2a: Smeargle\n|cant|p1b: Flutter Mane|slp\n|move|p2b: Calyrex|Glacial Lance|p1b: Flutter Mane|[spread] p1a,p1b\n|-damage|p1a: Dragonite|44\/100\n|-enditem|p1b: Flutter Mane|Focus Sash\n|-damage|p1b: Flutter Mane|1\/100 slp\n|\n|upkeep\n|\n|t:|1736121044\n|switch|p2a: Raging Bolt|Raging Bolt, L50|100\/100\n|turn|3\n|\n|t:|1736121048\n|move|p2a: Raging Bolt|Protect|p2a: Raging Bolt\n|-singleturn|p2a: Raging Bolt|Protect\n|move|p1a: Dragonite|Extreme Speed|p2a: Raging Bolt\n|-activate|p2a: Raging Bolt|move: Protect\n|cant|p1b: Flutter Mane|slp\n|move|p2b: Calyrex|Glacial Lance|p1b: Flutter Mane|[spread] p1a,p1b\n|-damage|p1a: Dragonite|0 fnt\n|-damage|p1b: Flutter Mane|0 fnt\n|faint|p1a: Dragonite\n|faint|p1b: Flutter Mane\n|-end|p1b: Flutter Mane|Protosynthesis|[silent]\n|-ability|p2b: Calyrex|Chilling Neigh|boost\n|-boost|p2b: Calyrex|atk|2\n|\n|upkeep\n|\n|t:|1736121051\n|switch|p1b: Kyogre|Kyogre, L50|100\/100\n|switch|p1a: Annihilape|Annihilape, L50, M|100\/100\n|-weather|RainDance|[from] ability: Drizzle|[of] p1b: Kyogre\n|turn|4\n|\n|t:|1736121066\n|-end|p2a: Raging Bolt|Protosynthesis|[silent]\n|switch|p2a: Torkoal|Torkoal, L50, F|100\/100\n|-weather|SunnyDay|[from] ability: Drought|[of] p2a: Torkoal\n|move|p1a: Annihilape|Final Gambit|p2b: Calyrex\n|-damage|p2b: Calyrex|0 fnt\n|faint|p1a: Annihilape\n|faint|p2b: Calyrex\n|move|p1b: Kyogre|Origin Pulse|p2a: Torkoal\n|-supereffective|p2a: Torkoal\n|-damage|p2a: Torkoal|0 fnt\n|faint|p2a: Torkoal\n|\n|-weather|SunnyDay|[upkeep]\n|upkeep\n|\n|t:|1736121076\n|switch|p2b: Raging Bolt|Raging Bolt, L50|100\/100\n|-activate|p2b: Raging Bolt|ability: Protosynthesis\n|-start|p2b: Raging Bolt|protosynthesisspa\n|turn|5\n|\n|t:|1736121082\n|move|p1b: Kyogre|Origin Pulse|p2b: Raging Bolt|[miss]\n|-miss|p1b: Kyogre|p2b: Raging Bolt\n|move|p2b: Raging Bolt|Thunderbolt|p1b: Kyogre\n|-supereffective|p1b: Kyogre\n|-damage|p1b: Kyogre|0 fnt\n|faint|p1b: Kyogre\n|-damage|p2b: Raging Bolt|91\/100|[from] item: Life Orb\n|\n|win|caZISA\n|raw|Waffles4breakfast's rating: 1574 &rarr; <strong>1555<\/strong><br \/>(-19 for losing)\n|raw|caZISA's rating: 1583 &rarr; <strong>1602<\/strong><br \/>(+19 for winning)\n|l|\u2606Waffles4breakfast\n|player|p1|\n|l|\u2606caZISA\n|player|p2|\n","uploadtime":1736121326,"views":248,"formatid":"gen9vgc2025regg","rating":1555,"private":0,"password":null}