{"id":"gen9vgc2025regg-2275788208","format":"[Gen 9] VGC 2025 Reg G","players":["AnyaForger39","fightingiowa233"],"log":"|j|\u2606AnyaForger39\n|j|\u2606fightingiowa233\n|t:|1736131421\n|gametype|doubles\n|player|p1|AnyaForger39|caitlin|1527\n|player|p2|fightingiowa233|sabrina-frlg|1576\n|teamsize|p1|6\n|teamsize|p2|6\n|gen|9\n|tier|[Gen 9] VGC 2025 Reg G\n|rated|\n|rule|Species Clause: Limit one of each Pok\u00e9mon\n|rule|Item Clause: Limit 1 of each item\n|clearpoke\n|poke|p1|Ogerpon-Wellspring, L50, F|\n|poke|p1|Calyrex-Ice, L50|\n|poke|p1|Annihilape, L50, M|\n|poke|p1|Smeargle, L50, M|\n|poke|p1|Urshifu-*, L50, M|\n|poke|p1|Ursaluna-Bloodmoon, L50, M|\n|poke|p2|Groudon, L50|\n|poke|p2|Chi-Yu, L50|\n|poke|p2|Raging Bolt, L50|\n|poke|p2|Ogerpon-Cornerstone, L50, F|\n|poke|p2|Flutter Mane, L50|\n|poke|p2|Wyrdeer, L50, F|\n|teampreview|4\nfightingiowa233 has agreed to open team sheets.\n|j| koraidrone\n|inactive|Battle timer is ON: inactive players will automatically lose when time's up. (requested by AnyaForger39)\n|inactive|fightingiowa233 has 60 seconds left.\n|\n|t:|1736131481\n|start\n|switch|p1a: Calyrex|Calyrex-Ice, L50|100\/100\n|switch|p1b: Annihilape|Annihilape, L50, M|100\/100\n|switch|p2a: Flutter Mane|Flutter Mane, L50|100\/100\n|switch|p2b: Chi-Yu|Chi-Yu, L50|100\/100\n|-ability|p1a: Calyrex|As One\n|-ability|p1a: Calyrex|Unnerve\n|-ability|p2b: Chi-Yu|Beads of Ruin\n|turn|1\n|\n|t:|1736131505\n|-terastallize|p1a: Calyrex|Water\n|move|p2b: Chi-Yu|Heat Wave|p1b: Annihilape|[spread] p1a,p1b\n|-resisted|p1a: Calyrex\n|-damage|p1a: Calyrex|83\/100\n|-damage|p1b: Annihilape|51\/100\n|move|p2a: Flutter Mane|Taunt|p1a: Calyrex\n|-start|p1a: Calyrex|move: Taunt\n|move|p1b: Annihilape|Close Combat|p2b: Chi-Yu\n|-supereffective|p2b: Chi-Yu\n|-damage|p2b: Chi-Yu|0 fnt\n|-unboost|p1b: Annihilape|def|1\n|-unboost|p1b: Annihilape|spd|1\n|faint|p2b: Chi-Yu\n|move|p1a: Calyrex|Glacial Lance|p2a: Flutter Mane\n|-enditem|p2a: Flutter Mane|Focus Sash\n|-damage|p2a: Flutter Mane|1\/100\n|\n|upkeep\n|\n|t:|1736131522\n|switch|p2b: Ogerpon|Ogerpon-Cornerstone, L50, F|100\/100\n|turn|2\n|\n|t:|1736131543\n|switch|p1a: Urshifu|Urshifu, L50, M|100\/100\n|move|p2b: Ogerpon|Power Whip|p1a: Urshifu\n|-damage|p1a: Urshifu|31\/100\n|move|p2a: Flutter Mane|Moonblast|p1b: Annihilape\n|-supereffective|p1b: Annihilape\n|-enditem|p1b: Annihilape|Roseli Berry|[eat]\n|-enditem|p1b: Annihilape|Roseli Berry|[weaken]\n|-damage|p1b: Annihilape|0 fnt\n|faint|p1b: Annihilape\n|\n|upkeep\n|inactive|AnyaForger39 has 30 seconds left.\n|\n|t:|1736131569\n|switch|p1b: Ursaluna|Ursaluna-Bloodmoon, L50, M|100\/100\n|turn|3\n|inactive|fightingiowa233 has 30 seconds left.\n|\n|t:|1736131598\n|-end|p2a: Flutter Mane|Protosynthesis|[silent]\n|switch|p2a: Groudon|Groudon, L50|100\/100\n|-weather|SunnyDay|[from] ability: Drought|[of] p2a: Groudon\n|move|p1a: Urshifu|Sucker Punch|p2b: Ogerpon\n|-damage|p2b: Ogerpon|19\/100\n|move|p1b: Ursaluna|Vacuum Wave|p2a: Groudon\n|-damage|p2a: Groudon|83\/100\n|-damage|p1b: Ursaluna|91\/100|[from] item: Life Orb\n|move|p2b: Ogerpon|Ivy Cudgel|p1a: Urshifu|[anim] Ivy Cudgel Rock\n|-resisted|p1a: Urshifu\n|-crit|p1a: Urshifu\n|-damage|p1a: Urshifu|0 fnt\n|faint|p1a: Urshifu\n|\n|-weather|SunnyDay|[upkeep]\n|upkeep\n|\n|t:|1736131613\n|switch|p1a: Calyrex|Calyrex-Ice, L50, tera:Water|83\/100\n|-ability|p1a: Calyrex|As One\n|-ability|p1a: Calyrex|Unnerve\n|turn|4\n|\n|t:|1736131621\n|-terastallize|p2a: Groudon|Fire\n|move|p1b: Ursaluna|Vacuum Wave|p2b: Ogerpon\n|-supereffective|p2b: Ogerpon\n|-damage|p2b: Ogerpon|0 fnt\n|faint|p2b: Ogerpon\n|-damage|p1b: Ursaluna|81\/100|[from] item: Life Orb\n|move|p2a: Groudon|Swords Dance|p2a: Groudon\n|-boost|p2a: Groudon|atk|2\n|move|p1a: Calyrex|Trick Room|p1a: Calyrex\n|-fieldstart|move: Trick Room|[of] p1a: Calyrex\n|\n|-weather|SunnyDay|[upkeep]\n|upkeep\n|\n|t:|1736131626\n|switch|p2b: Flutter Mane|Flutter Mane, L50|1\/100\n|-activate|p2b: Flutter Mane|ability: Protosynthesis\n|-start|p2b: Flutter Mane|protosynthesisspa\n|turn|5\n|\n|t:|1736131637\n|move|p1b: Ursaluna|Hyper Voice|p2b: Flutter Mane|[spread] p2a,p2b\n|-damage|p2a: Groudon|42\/100\n|-damage|p2b: Flutter Mane|0 fnt\n|faint|p2b: Flutter Mane\n|-end|p2b: Flutter Mane|Protosynthesis|[silent]\n|-damage|p1b: Ursaluna|72\/100|[from] item: Life Orb\n|move|p1a: Calyrex|High Horsepower|p2a: Groudon\n|-supereffective|p2a: Groudon\n|-damage|p2a: Groudon|0 fnt\n|faint|p2a: Groudon\n|\n|win|AnyaForger39\n|raw|AnyaForger39's rating: 1527 &rarr; <strong>1550<\/strong><br \/>(+23 for winning)\n|raw|fightingiowa233's rating: 1576 &rarr; <strong>1553<\/strong><br \/>(-23 for losing)\n|c|\u2606fightingiowa233|gg\n|c|\u2606AnyaForger39|gg\n|l|\u2606fightingiowa233\n|player|p2|\n|l|\u2606AnyaForger39\n|player|p1|\n","uploadtime":1736131872,"views":17,"formatid":"gen9vgc2025regg","rating":1550,"private":0,"password":null}