{"id":"gen9vgc2025regg-2275102908","format":"[Gen 9] VGC 2025 Reg G","players":["Waffles4breakfast","good kid 00"],"log":"|j|\u2606Waffles4breakfast\n|j|\u2606good kid 00\n|t:|1736029989\n|gametype|doubles\n|player|p1|Waffles4breakfast|juggler|1507\n|player|p2|good kid 00|giovanni|1591\n|teamsize|p1|6\n|teamsize|p2|6\n|gen|9\n|tier|[Gen 9] VGC 2025 Reg G\n|rated|\n|rule|Species Clause: Limit one of each Pok\u00e9mon\n|rule|Item Clause: Limit 1 of each item\n|clearpoke\n|poke|p1|Kyogre, L50|\n|poke|p1|Tornadus, L50, M|\n|poke|p1|Annihilape, L50, F|\n|poke|p1|Flutter Mane, L50|\n|poke|p1|Dragonite, L50, F|\n|poke|p1|Indeedee-F, L50, F|\n|poke|p2|Kyogre, L50|\n|poke|p2|Smeargle, L50, F|\n|poke|p2|Farigiraf, L50, M|\n|poke|p2|Ursaluna-Bloodmoon, L50, M|\n|poke|p2|Urshifu-*, L50, M|\n|poke|p2|Sinistcha-Masterpiece, L50|\n|teampreview|4\n|\n|t:|1736030007\n|start\n|switch|p1a: Annihilape|Annihilape, L50, F|100\/100\n|switch|p1b: Flutter Mane|Flutter Mane, L50|100\/100\n|switch|p2a: Smeargle|Smeargle, L50, F|100\/100\n|switch|p2b: Farigiraf|Farigiraf, L50, M|100\/100\n|turn|1\n|\n|t:|1736030018\n|move|p2a: Smeargle|Follow Me|p2a: Smeargle\n|-singleturn|p2a: Smeargle|move: Follow Me\n|move|p1a: Annihilape|U-turn|p2a: Smeargle\n|-damage|p2a: Smeargle|76\/100\n|\n|t:|1736030022\n|switch|p1a: Kyogre|Kyogre, L50|100\/100|[from] U-turn\n|-weather|RainDance|[from] ability: Drizzle|[of] p1a: Kyogre\n|move|p1b: Flutter Mane|Imprison|p1b: Flutter Mane\n|-start|p1b: Flutter Mane|move: Imprison\n|cant|p2b: Farigiraf|move: Imprison|Trick Room\n|\n|-weather|RainDance|[upkeep]\n|-ability|p2a: Smeargle|Moody|boost\n|-boost|p2a: Smeargle|def|2\n|-unboost|p2a: Smeargle|atk|1\n|-enditem|p2a: Smeargle|Eject Pack\n|upkeep\n|\n|t:|1736030032\n|switch|p2a: Sinistcha|Sinistcha-Masterpiece, L50|100\/100\n|turn|2\n|\n|t:|1736030050\n|-terastallize|p2a: Sinistcha|Water\n|move|p1b: Flutter Mane|Moonblast|p2a: Sinistcha\n|-damage|p2a: Sinistcha|50\/100\n|-enditem|p2a: Sinistcha|Sitrus Berry|[eat]\n|-heal|p2a: Sinistcha|75\/100|[from] item: Sitrus Berry\n|move|p1a: Kyogre|Water Spout|p2b: Farigiraf|[spread] p2a,p2b\n|-resisted|p2a: Sinistcha\n|-damage|p2a: Sinistcha|4\/100\n|-damage|p2b: Farigiraf|0 fnt\n|faint|p2b: Farigiraf\n|move|p2a: Sinistcha|Matcha Gotcha|p1a: Kyogre|[spread] p1a,p1b\n|-supereffective|p1a: Kyogre\n|-damage|p1a: Kyogre|64\/100\n|-heal|p2a: Sinistcha|24\/100|[from] drain|[of] p1a: Kyogre\n|-damage|p1b: Flutter Mane|75\/100\n|-heal|p2a: Sinistcha|34\/100|[from] drain|[of] p1b: Flutter Mane\n|-status|p1a: Kyogre|brn\n|-status|p1b: Flutter Mane|brn\n|\n|-weather|RainDance|[upkeep]\n|-damage|p1b: Flutter Mane|69\/100 brn|[from] brn\n|-damage|p1a: Kyogre|58\/100 brn|[from] brn\n|upkeep\n|\n|t:|1736030061\n|switch|p2b: Smeargle|Smeargle, L50, F|76\/100\n|turn|3\n|c|\u2606Waffles4breakfast|Gg\n|\n|t:|1736030090\n|switch|p2a: Kyogre|Kyogre, L50|100\/100\n|-terastallize|p1b: Flutter Mane|Fairy\n|move|p2b: Smeargle|Fake Out|p1a: Kyogre\n|-damage|p1a: Kyogre|53\/100 brn\n|move|p1b: Flutter Mane|Moonblast|p2b: Smeargle\n|-damage|p2b: Smeargle|0 fnt\n|faint|p2b: Smeargle\n|cant|p1a: Kyogre|flinch\n|\n|-weather|RainDance|[upkeep]\n|-damage|p1b: Flutter Mane|63\/100 brn|[from] brn\n|-damage|p1a: Kyogre|47\/100 brn|[from] brn\n|upkeep\n|\n|t:|1736030098\n|switch|p2b: Sinistcha|Sinistcha-Masterpiece, L50, tera:Water|34\/100\n|turn|4\n|\n|t:|1736030134\n|move|p2a: Kyogre|Protect|p2a: Kyogre\n|-singleturn|p2a: Kyogre|Protect\n|move|p1b: Flutter Mane|Dazzling Gleam|p2a: Kyogre|[spread] p2b\n|-activate|p2a: Kyogre|move: Protect\n|-damage|p2b: Sinistcha|0 fnt\n|faint|p2b: Sinistcha\n|move|p1a: Kyogre|Water Spout|p2a: Kyogre\n|-activate|p2a: Kyogre|move: Protect\n|\n|-weather|RainDance|[upkeep]\n|-damage|p1b: Flutter Mane|57\/100 brn|[from] brn\n|-damage|p1a: Kyogre|41\/100 brn|[from] brn\n|upkeep\n|turn|5\n|\n|t:|1736030139\n|move|p1b: Flutter Mane|Moonblast|p2a: Kyogre\n|-damage|p2a: Kyogre|56\/100\n|move|p1a: Kyogre|Water Spout|p2a: Kyogre\n|-resisted|p2a: Kyogre\n|-damage|p2a: Kyogre|28\/100\n|move|p2a: Kyogre|Origin Pulse|p1a: Kyogre|[spread] p1b\n|-miss|p2a: Kyogre|p1a: Kyogre\n|-damage|p1b: Flutter Mane|0 fnt\n|faint|p1b: Flutter Mane\n|-end|p1b: Flutter Mane|Protosynthesis|[silent]\n|\n|-weather|none\n|-damage|p1a: Kyogre|35\/100 brn|[from] brn\n|upkeep\n|-message|good kid 00 forfeited.\n|\n|win|Waffles4breakfast\n|raw|Waffles4breakfast's rating: 1507 &rarr; <strong>1532<\/strong><br \/>(+25 for winning)\n|raw|good kid 00's rating: 1591 &rarr; <strong>1566<\/strong><br \/>(-25 for losing)\n|l|\u2606good kid 00\n|player|p2|\n|l|\u2606Waffles4breakfast\n|player|p1|\n","uploadtime":1736030363,"views":19,"formatid":"gen9vgc2025regg","rating":1532,"private":0,"password":null}