{"id":"gen9vgc2025regg-2276878544","format":"[Gen 9] VGC 2025 Reg G","players":["Tester_SF02","RustyChair13"],"log":"|j|\u2606Tester_SF02\n|j|\u2606RustyChair13\n|t:|1736287058\n|gametype|doubles\n|player|p1|Tester_SF02|hiker-gen4|1736\n|player|p2|RustyChair13|scientist-gen4|1588\n|teamsize|p1|6\n|teamsize|p2|6\n|gen|9\n|tier|[Gen 9] VGC 2025 Reg G\n|rated|\n|rule|Species Clause: Limit one of each Pok\u00e9mon\n|rule|Item Clause: Limit 1 of each item\n|clearpoke\n|poke|p1|Calyrex-Shadow, L50|\n|poke|p1|Ursaluna, L50, M|\n|poke|p1|Indeedee-F, L50, F|\n|poke|p1|Ogerpon-Wellspring, L50, F|\n|poke|p1|Tornadus, L50, M|\n|poke|p1|Chi-Yu, L50|\n|poke|p2|Zamazenta-*, L50|\n|poke|p2|Urshifu-*, L50, M|\n|poke|p2|Regidrago, L50|\n|poke|p2|Ditto, L50|\n|poke|p2|Iron Moth, L50|\n|poke|p2|Whimsicott, L50, F|\n|teampreview|4\n|inactive|Battle timer is ON: inactive players will automatically lose when time's up. (requested by RustyChair13)\n|\n|t:|1736287092\n|start\n|switch|p1a: Tornadus|Tornadus, L50, M|100\/100\n|switch|p1b: Calyrex|Calyrex-Shadow, L50|100\/100\n|switch|p2a: Zamazenta|Zamazenta-Crowned, L50, shiny|100\/100\n|switch|p2b: Whimsicott|Whimsicott, L50, F|100\/100\n|-ability|p1b: Calyrex|As One\n|-ability|p1b: Calyrex|Unnerve\n|-ability|p2a: Zamazenta|Dauntless Shield|boost\n|-boost|p2a: Zamazenta|def|1\n|turn|1\n|\n|t:|1736287109\n|move|p2b: Whimsicott|Tailwind|p2b: Whimsicott\n|-sidestart|p2: RustyChair13|move: Tailwind\n|move|p1a: Tornadus|Tailwind|p1a: Tornadus\n|-sidestart|p1: Tester_SF02|move: Tailwind\n|move|p1b: Calyrex|Astral Barrage|p2b: Whimsicott|[spread] p2a,p2b\n|-damage|p2a: Zamazenta|43\/100\n|-damage|p2b: Whimsicott|18\/100\n|-damage|p1b: Calyrex|91\/100|[from] item: Life Orb\n|move|p2a: Zamazenta|Heavy Slam|p1a: Tornadus\n|-damage|p1a: Tornadus|42\/100\n|\n|upkeep\n|turn|2\n|inactive|Tester_SF02 has 30 seconds left.\n|inactive|RustyChair13 has 30 seconds left.\n|\n|t:|1736287137\n|switch|p1a: Chi-Yu|Chi-Yu, L50|100\/100\n|-ability|p1a: Chi-Yu|Beads of Ruin\n|move|p2a: Zamazenta|Wide Guard|p2a: Zamazenta\n|-singleturn|p2a: Zamazenta|Wide Guard\n|move|p2b: Whimsicott|Encore|p1b: Calyrex\n|-start|p1b: Calyrex|Encore\n|move|p1b: Calyrex|Astral Barrage|p2b: Whimsicott|[spread] \n|-activate|p2a: Zamazenta|move: Wide Guard\n|-activate|p2b: Whimsicott|move: Wide Guard\n|\n|upkeep\n|turn|3\n|\n|t:|1736287158\n|move|p2a: Zamazenta|Wide Guard|p2a: Zamazenta\n|-singleturn|p2a: Zamazenta|Wide Guard\n|move|p1a: Chi-Yu|Psychic|p2b: Whimsicott\n|-damage|p2b: Whimsicott|0 fnt\n|faint|p2b: Whimsicott\n|move|p1b: Calyrex|Astral Barrage|p2a: Zamazenta\n|-activate|p2a: Zamazenta|move: Wide Guard\n|\n|upkeep\n|\n|t:|1736287170\n|switch|p2b: Regidrago|Regidrago, L50, shiny|100\/100\n|turn|4\n|\n|t:|1736287183\n|switch|p1b: Indeedee|Indeedee-F, L50, F|100\/100\n|-fieldstart|move: Psychic Terrain|[from] ability: Psychic Surge|[of] p1b: Indeedee\n|move|p1a: Chi-Yu|Psychic|p2b: Regidrago\n|-damage|p2b: Regidrago|44\/100\n|move|p2a: Zamazenta|Body Press|p1a: Chi-Yu\n|-supereffective|p1a: Chi-Yu\n|-crit|p1a: Chi-Yu\n|-damage|p1a: Chi-Yu|0 fnt\n|faint|p1a: Chi-Yu\n|move|p2b: Regidrago|Earth Power|p1b: Indeedee\n|-damage|p1b: Indeedee|61\/100\n|\n|-sideend|p1: Tester_SF02|move: Tailwind\n|-sideend|p2: RustyChair13|move: Tailwind\n|upkeep\n|\n|t:|1736287192\n|switch|p1a: Calyrex|Calyrex-Shadow, L50|91\/100\n|-ability|p1a: Calyrex|As One\n|-ability|p1a: Calyrex|Unnerve\n|turn|5\n|\n|t:|1736287203\n|-terastallize|p1a: Calyrex|Ground\n|move|p2a: Zamazenta|Wide Guard|p2a: Zamazenta\n|-singleturn|p2a: Zamazenta|Wide Guard\n|move|p1b: Indeedee|Follow Me|p1b: Indeedee\n|-singleturn|p1b: Indeedee|move: Follow Me\n|move|p1a: Calyrex|Tera Blast|p2a: Zamazenta|[anim] Tera Blast Ground\n|-supereffective|p2a: Zamazenta\n|-damage|p2a: Zamazenta|0 fnt\n|faint|p2a: Zamazenta\n|-ability|p1a: Calyrex|Grim Neigh|boost\n|-boost|p1a: Calyrex|spa|1\n|-damage|p1a: Calyrex|81\/100|[from] item: Life Orb\n|move|p2b: Regidrago|Earth Power|p1b: Indeedee\n|-damage|p1b: Indeedee|22\/100\n|\n|upkeep\n|\n|t:|1736287210\n|switch|p2a: Ditto|Ditto, L50, shiny|100\/100\n|-transform|p2a: Ditto|p1b: Indeedee|[from] ability: Imposter\n|turn|6\n|\n|t:|1736287217\n|move|p1b: Indeedee|Follow Me|p1b: Indeedee\n|-singleturn|p1b: Indeedee|move: Follow Me\n|move|p1a: Calyrex|Expanding Force|p2b: Regidrago|[spread] p2a,p2b\n|-resisted|p2a: Ditto\n|-damage|p2a: Ditto|22\/100\n|-damage|p2b: Regidrago|0 fnt\n|faint|p2b: Regidrago\n|-ability|p1a: Calyrex|Grim Neigh|boost\n|-boost|p1a: Calyrex|spa|1\n|-damage|p1a: Calyrex|71\/100|[from] item: Life Orb\n|move|p2a: Ditto|Alluring Voice|p1b: Indeedee\n|-damage|p1b: Indeedee|3\/100\n|\n|upkeep\n|turn|7\n|-message|RustyChair13 forfeited.\n|\n|win|Tester_SF02\n|raw|Tester_SF02's rating: 1736 &rarr; <strong>1748<\/strong><br \/>(+12 for winning)\n|raw|RustyChair13's rating: 1588 &rarr; <strong>1576<\/strong><br \/>(-12 for losing)\n|l|\u2606RustyChair13\n|player|p2|\n|l|\u2606Tester_SF02\n|player|p1|\n","uploadtime":1736287392,"views":281,"formatid":"gen9vgc2025regg","rating":1576,"private":0,"password":null}