{"id":"gen9vgc2025regg-2276095915","format":"[Gen 9] VGC 2025 Reg G","players":["Proffesor_Karrot","Yung Trav"],"log":"|j|\u2606Proffesor_Karrot\n|j|\u2606Yung Trav\n|t:|1736182982\n|gametype|doubles\n|player|p1|Proffesor_Karrot|lady|1559\n|player|p2|Yung Trav|2|1527\n|teamsize|p1|6\n|teamsize|p2|6\n|gen|9\n|tier|[Gen 9] VGC 2025 Reg G\n|rated|\n|rule|Species Clause: Limit one of each Pok\u00e9mon\n|rule|Item Clause: Limit 1 of each item\n|clearpoke\n|poke|p1|Urshifu-*, L50, F|\n|poke|p1|Regieleki, L50|\n|poke|p1|Miraidon, L50|\n|poke|p1|Kingambit, L50, F|\n|poke|p1|Whimsicott, L50, F|\n|poke|p1|Farigiraf, L50, F|\n|poke|p2|Calyrex-Ice, L50|\n|poke|p2|Regidrago, L50|\n|poke|p2|Smeargle, L50, M|\n|poke|p2|Farigiraf, L50, M|\n|poke|p2|Urshifu-*, L50, F|\n|poke|p2|Ogerpon-Hearthflame, L50, F|\n|teampreview|4\n|inactive|Battle timer is ON: inactive players will automatically lose when time's up. (requested by Proffesor_Karrot)\n|inactive|Yung Trav has 60 seconds left.\n|\n|t:|1736183031\n|start\n|switch|p1a: Regieleki|Regieleki, L50|100\/100\n|switch|p1b: Miraidon|Miraidon, L50|100\/100\n|switch|p2a: Calyrex|Calyrex-Ice, L50|100\/100\n|switch|p2b: Ogerpon|Ogerpon-Hearthflame, L50, F|100\/100\n|-ability|p2a: Calyrex|As One\n|-ability|p2a: Calyrex|Unnerve\n|-fieldstart|move: Electric Terrain|[from] ability: Hadron Engine|[of] p1b: Miraidon\n|-ability|p2b: Ogerpon|Mold Breaker\n|turn|1\n|\n|t:|1736183047\n|move|p2b: Ogerpon|Follow Me|p2b: Ogerpon\n|-singleturn|p2b: Ogerpon|move: Follow Me\n|move|p1a: Regieleki|Supercell Slam|p2b: Ogerpon\n|-resisted|p2b: Ogerpon\n|-damage|p2b: Ogerpon|38\/100\n|move|p1b: Miraidon|Electro Drift|p2b: Ogerpon\n|-resisted|p2b: Ogerpon\n|-damage|p2b: Ogerpon|0 fnt\n|faint|p2b: Ogerpon\n|move|p2a: Calyrex|Trick Room|p2a: Calyrex\n|-fieldstart|move: Trick Room|[of] p2a: Calyrex\n|\n|upkeep\n|\n|t:|1736183064\n|switch|p2b: Regidrago|Regidrago, L50, shiny|100\/100\n|turn|2\n|inactive|Proffesor_Karrot has 30 seconds left.\n|\n|t:|1736183093\n|switch|p1a: Princess|Kingambit, L50, F, shiny|100\/100\n|-terastallize|p2b: Regidrago|Dragon\n|-terastallize|p1b: Miraidon|Fairy\n|move|p2b: Regidrago|Dragon Energy|p1b: Miraidon|[spread] p1a\n|-immune|p1b: Miraidon\n|-resisted|p1a: Princess\n|-damage|p1a: Princess|69\/100\n|move|p2a: Calyrex|Glacial Lance|p1b: Miraidon|[spread] p1a,p1b\n|-resisted|p1a: Princess\n|-damage|p1a: Princess|47\/100\n|-damage|p1b: Miraidon|41\/100\n|move|p1b: Miraidon|Electro Drift|p2b: Regidrago\n|-resisted|p2b: Regidrago\n|-damage|p2b: Regidrago|26\/100\n|\n|upkeep\n|turn|3\n|j| FairyOfDoom\n|inactive|Proffesor_Karrot has 30 seconds left.\n|\n|t:|1736183120\n|move|p2b: Regidrago|Earth Power|p1a: Princess\n|-supereffective|p1a: Princess\n|-damage|p1a: Princess|12\/100\n|move|p1a: Princess|Kowtow Cleave|p2a: Calyrex\n|-supereffective|p2a: Calyrex\n|-damage|p2a: Calyrex|38\/100\n|move|p2a: Calyrex|Glacial Lance|p1b: Miraidon|[spread] p1a,p1b\n|-resisted|p1a: Princess\n|-damage|p1a: Princess|0 fnt\n|-damage|p1b: Miraidon|0 fnt\n|faint|p1a: Princess\n|faint|p1b: Miraidon\n|-ability|p2a: Calyrex|Chilling Neigh|boost\n|-boost|p2a: Calyrex|atk|2\n|\n|upkeep\n|\n|t:|1736183126\n|switch|p1a: Urshifu|Urshifu-Rapid-Strike, L50, F|100\/100\n|switch|p1b: Regieleki|Regieleki, L50|100\/100\n|turn|4\n|j| silkwyrm\n|inactive|Yung Trav has 30 seconds left.\n|\n|t:|1736183157\n|move|p2b: Regidrago|Draco Meteor|p1b: Regieleki\n|-damage|p1b: Regieleki|0 fnt\n|-unboost|p2b: Regidrago|spa|2\n|faint|p1b: Regieleki\n|move|p2a: Calyrex|Glacial Lance|p1a: Urshifu\n|-resisted|p1a: Urshifu\n|-damage|p1a: Urshifu|20\/100\n|move|p1a: Urshifu|Surging Strikes|p2a: Calyrex\n|-crit|p2a: Calyrex\n|-damage|p2a: Calyrex|25\/100\n|-crit|p2a: Calyrex\n|-damage|p2a: Calyrex|12\/100\n|-crit|p2a: Calyrex\n|-damage|p2a: Calyrex|0 fnt\n|faint|p2a: Calyrex\n|-hitcount|p2: Calyrex|3\n|\n|upkeep\n|\n|t:|1736183173\n|switch|p2a: Smeargle|Smeargle, L50, M, shiny|100\/100\n|turn|5\n|\n|t:|1736183184\n|move|p2b: Regidrago|Draco Meteor|p1a: Urshifu\n|-damage|p1a: Urshifu|0 fnt\n|-unboost|p2b: Regidrago|spa|2\n|faint|p1a: Urshifu\n|\n|win|Yung Trav\n|raw|Proffesor_Karrot's rating: 1559 &rarr; <strong>1537<\/strong><br \/>(-22 for losing)\n|raw|Yung Trav's rating: 1527 &rarr; <strong>1549<\/strong><br \/>(+22 for winning)\n|l|\u2606Proffesor_Karrot\n|player|p1|\n|l|\u2606Yung Trav\n|player|p2|\n|l| FairyOfDoom\n|l| silkwyrm\n","uploadtime":1736183373,"views":261,"formatid":"gen9vgc2025regg","rating":1537,"private":0,"password":null}