{"id":"gen9vgc2025regg-2276499643","format":"[Gen 9] VGC 2025 Reg G","players":["lichuweijixi","Iamsliverfish"],"log":"|j|\u2606lichuweijixi\n|j|\u2606Iamsliverfish\n|t:|1736236769\n|gametype|doubles\n|player|p1|lichuweijixi|2|1589\n|player|p2|Iamsliverfish|hiker-gen4|1594\n|teamsize|p1|6\n|teamsize|p2|6\n|gen|9\n|tier|[Gen 9] VGC 2025 Reg G\n|rated|\n|rule|Species Clause: Limit one of each Pok\u00e9mon\n|rule|Item Clause: Limit 1 of each item\n|clearpoke\n|poke|p1|Dondozo, L50, M|\n|poke|p1|Tatsugiri, L50, M|\n|poke|p1|Miraidon, L50|\n|poke|p1|Ogerpon-Hearthflame, L50, F|\n|poke|p1|Gholdengo, L50|\n|poke|p1|Chien-Pao, L50|\n|poke|p2|Calyrex-Shadow, L50|\n|poke|p2|Indeedee-F, L50, F|\n|poke|p2|Tornadus, L50, M|\n|poke|p2|Chi-Yu, L50|\n|poke|p2|Urshifu-*, L50, M|\n|poke|p2|Maushold, L50|\n|teampreview|4\n|j| ogaroa\n|\n|t:|1736236788\n|start\n|switch|p1a: Chien-Pao|Chien-Pao, L50|100\/100\n|switch|p1b: Dondozo|Dondozo, L50, M|100\/100\n|switch|p2a: Maushold|Maushold, L50|100\/100\n|switch|p2b: Calyrex|Calyrex-Shadow, L50|100\/100\n|-ability|p2b: Calyrex|As One\n|-ability|p2b: Calyrex|Unnerve\n|-ability|p1a: Chien-Pao|Sword of Ruin\n|turn|1\n|\n|t:|1736236811\n|-terastallize|p2b: Calyrex|Ground\n|move|p1b: Dondozo|Protect|p1b: Dondozo\n|-singleturn|p1b: Dondozo|Protect\n|move|p2a: Maushold|Feint|p1b: Dondozo\n|-activate|p1b: Dondozo|move: Feint\n|-damage|p1b: Dondozo|89\/100\n|move|p2b: Calyrex|Astral Barrage|p1a: Chien-Pao|[spread] p1a,p1b\n|-resisted|p1a: Chien-Pao\n|-damage|p1a: Chien-Pao|39\/100\n|-damage|p1b: Dondozo|11\/100\n|-damage|p2b: Calyrex|91\/100|[from] item: Life Orb\n|move|p1a: Chien-Pao|Icicle Crash|p2a: Maushold\n|-damage|p2a: Maushold|18\/100\n|\n|-heal|p1b: Dondozo|17\/100|[from] item: Leftovers\n|upkeep\n|turn|2\n|\n|t:|1736236831\n|switch|p1a: Tatsugiri|Tatsugiri, L50, M|100\/100\n|-activate|p1a: Tatsugiri|ability: Commander|[of] p1b: Dondozo\n|-boost|p1b: Dondozo|atk|2\n|-boost|p1b: Dondozo|spa|2\n|-boost|p1b: Dondozo|spe|2\n|-boost|p1b: Dondozo|def|2\n|-boost|p1b: Dondozo|spd|2\n|move|p2a: Maushold|Follow Me|p2a: Maushold\n|-singleturn|p2a: Maushold|move: Follow Me\n|move|p2b: Calyrex|Astral Barrage|p1a: Tatsugiri|[spread] p1b\n|-miss|p2b: Calyrex|p1a: Tatsugiri\n|-crit|p1b: Dondozo\n|-damage|p1b: Dondozo|0 fnt\n|faint|p1b: Dondozo\n|-ability|p2b: Calyrex|Grim Neigh|boost\n|-boost|p2b: Calyrex|spa|1\n|-damage|p2b: Calyrex|82\/100|[from] item: Life Orb\n|\n|upkeep\n|j| BeforeSleepG\n|\n|t:|1736236834\n|switch|p1b: Chien-Pao|Chien-Pao, L50|39\/100\n|-ability|p1b: Chien-Pao|Sword of Ruin\n|turn|3\n|\n|t:|1736236844\n|switch|p1b: Miraidon|Miraidon, L50|100\/100\n|-fieldstart|move: Electric Terrain|[from] ability: Hadron Engine|[of] p1b: Miraidon\n|move|p2b: Calyrex|Protect|p2b: Calyrex\n|-singleturn|p2b: Calyrex|Protect\n|move|p1a: Tatsugiri|Muddy Water|p2a: Maushold|[spread] p2a\n|-activate|p2b: Calyrex|move: Protect\n|-damage|p2a: Maushold|0 fnt\n|faint|p2a: Maushold\n|\n|upkeep\n|\n|t:|1736236851\n|switch|p2a: Chi-Yu|Chi-Yu, L50|100\/100\n|-ability|p2a: Chi-Yu|Beads of Ruin\n|turn|4\n|\n|t:|1736236862\n|-terastallize|p1b: Miraidon|Fairy\n|move|p2a: Chi-Yu|Snarl|p1b: Miraidon|[spread] p1a,p1b\n|-resisted|p1b: Miraidon\n|-damage|p1a: Tatsugiri|61\/100\n|-damage|p1b: Miraidon|92\/100\n|-unboost|p1a: Tatsugiri|spa|1\n|-unboost|p1b: Miraidon|spa|1\n|move|p2b: Calyrex|Astral Barrage|p1b: Miraidon|[spread] p1a,p1b\n|-damage|p1a: Tatsugiri|0 fnt\n|-damage|p1b: Miraidon|9\/100\n|faint|p1a: Tatsugiri\n|-ability|p2b: Calyrex|Grim Neigh|boost\n|-boost|p2b: Calyrex|spa|1\n|-damage|p2b: Calyrex|72\/100|[from] item: Life Orb\n|move|p1b: Miraidon|Dazzling Gleam|p2b: Calyrex|[spread] p2a,p2b\n|-damage|p2a: Chi-Yu|63\/100\n|-damage|p2b: Calyrex|33\/100\n|\n|upkeep\n|\n|t:|1736236864\n|switch|p1a: Chien-Pao|Chien-Pao, L50|39\/100\n|-ability|p1a: Chien-Pao|Sword of Ruin\n|turn|5\n|\n|t:|1736236887\n|switch|p2a: Indeedee|Indeedee-F, L50, F|100\/100\n|-fieldstart|move: Psychic Terrain|[from] ability: Psychic Surge|[of] p2a: Indeedee\n|move|p2b: Calyrex|Astral Barrage|p1a: Chien-Pao|[spread] p1a,p1b\n|-resisted|p1a: Chien-Pao\n|-crit|p1b: Miraidon\n|-damage|p1a: Chien-Pao|0 fnt\n|-damage|p1b: Miraidon|0 fnt\n|faint|p1a: Chien-Pao\n|faint|p1b: Miraidon\n|-damage|p2b: Calyrex|24\/100|[from] item: Life Orb\n|\n|win|Iamsliverfish\n|raw|lichuweijixi's rating: 1589 &rarr; <strong>1569<\/strong><br \/>(-20 for losing)\n|raw|Iamsliverfish's rating: 1594 &rarr; <strong>1614<\/strong><br \/>(+20 for winning)\n|l|\u2606lichuweijixi\n|player|p1|\n|l|\u2606Iamsliverfish\n|player|p2|\n|l| BeforeSleepG\n","uploadtime":1736237107,"views":9,"formatid":"gen9vgc2025regg","rating":1569,"private":0,"password":null}