{"id":"gen9vgc2025regg-2276887827","format":"[Gen 9] VGC 2025 Reg G","players":["stbai","chemist off work"],"log":"|j|\u2606stbai\n|j|\u2606chemist off work\n|t:|1736288150\n|gametype|doubles\n|player|p1|stbai|janitor|1583\n|player|p2|chemist off work|169|1580\n|teamsize|p1|6\n|teamsize|p2|6\n|gen|9\n|tier|[Gen 9] VGC 2025 Reg G\n|rated|\n|rule|Species Clause: Limit one of each Pok\u00e9mon\n|rule|Item Clause: Limit 1 of each item\n|clearpoke\n|poke|p1|Tatsugiri, L50, M|\n|poke|p1|Terapagos, L50, M|\n|poke|p1|Pawmot, L50, M|\n|poke|p1|Flutter Mane, L50|\n|poke|p1|Latios, L50, M|\n|poke|p1|Dondozo, L50, M|\n|poke|p2|Muk-Alola, L50, M|\n|poke|p2|Smeargle, L50, F|\n|poke|p2|Calyrex-Shadow, L50|\n|poke|p2|Flamigo, L50, F|\n|poke|p2|Dondozo, L50, F|\n|poke|p2|Tatsugiri, L50, F|\n|teampreview|4\n|inactive|Battle timer is ON: inactive players will automatically lose when time's up. (requested by stbai)\n|j| ikki_vgc\n|\n|t:|1736288167\n|start\n|switch|p1a: Dondozo|Dondozo, L50, M|100\/100\n|switch|p1b: Latios|Latios, L50, M|100\/100\n|switch|p2a: Muk|Muk-Alola, L50, M|100\/100\n|switch|p2b: Smeargle|Smeargle, L50, F|100\/100\n|turn|1\n|j| HeroNoMore\n|inactive|chemist off work has 30 seconds left.\n|\n|t:|1736288199\n|-terastallize|p2a: Muk|Grass\n|move|p1b: Latios|Simple Beam|p2b: Smeargle\n|-endability|p2b: Smeargle|Moody|[from] move: Simple Beam\n|-ability|p2b: Smeargle|Simple|[from] move: Simple Beam\n|move|p2b: Smeargle|Spore|p1a: Dondozo\n|-status|p1a: Dondozo|slp|[from] move: Spore\n|move|p2a: Muk|Minimize|p2a: Muk\n|-boost|p2a: Muk|evasion|2\n|cant|p1a: Dondozo|slp\n|\n|upkeep\n|turn|2\n|\n|t:|1736288223\n|move|p1b: Latios|Luster Purge|p2b: Smeargle\n|-damage|p2b: Smeargle|13\/100\n|-unboost|p2b: Smeargle|spd|2\n|move|p2b: Smeargle|Spore|p1b: Latios\n|-status|p1b: Latios|slp|[from] move: Spore\n|move|p2a: Muk|Toxic||[still]\n|-fail|p2a: Muk\n|cant|p1a: Dondozo|slp\n|\n|upkeep\n|turn|3\n|inactive|chemist off work has 30 seconds left.\n|\n|t:|1736288251\n|cant|p1b: Latios|slp\n|move|p2b: Smeargle|Taunt|p1b: Latios\n|-start|p1b: Latios|move: Taunt\n|move|p2a: Muk|Minimize|p2a: Muk\n|-boost|p2a: Muk|evasion|2\n|-curestatus|p1a: Dondozo|slp|[msg]\n|move|p1a: Dondozo|Substitute|p1a: Dondozo\n|-start|p1a: Dondozo|Substitute\n|-damage|p1a: Dondozo|75\/100\n|\n|-heal|p1a: Dondozo|82\/100|[from] item: Leftovers\n|upkeep\n|turn|4\n|\n|t:|1736288271\n|move|p1a: Dondozo|Protect|p1a: Dondozo\n|-singleturn|p1a: Dondozo|Protect\n|-curestatus|p1b: Latios|slp|[msg]\n|move|p1b: Latios|Luster Purge|p2b: Smeargle\n|-damage|p2b: Smeargle|0 fnt\n|faint|p2b: Smeargle\n|-ability|p2a: Muk|Simple|[from] ability: Power of Alchemy|[of] p2b: Smeargle\n|move|p2a: Muk|Minimize|p2a: Muk\n|-boost|p2a: Muk|evasion|2\n|\n|-heal|p1a: Dondozo|88\/100|[from] item: Leftovers\n|upkeep\n|\n|t:|1736288280\n|switch|p2b: Calyrex|Calyrex-Shadow, L50|100\/100\n|-ability|p2b: Calyrex|As One\n|-ability|p2b: Calyrex|Unnerve\n|turn|5\n|\n|t:|1736288300\n|switch|p1b: Tatsugiri|Tatsugiri, L50, M|100\/100\n|-activate|p1b: Tatsugiri|ability: Commander|[of] p1a: Dondozo\n|-boost|p1a: Dondozo|atk|2\n|-boost|p1a: Dondozo|spa|2\n|-boost|p1a: Dondozo|spe|2\n|-boost|p1a: Dondozo|def|2\n|-boost|p1a: Dondozo|spd|2\n|move|p2b: Calyrex|Psych Up|p2a: Muk\n|-copyboost|p2b: Calyrex|p2a: Muk|[from] move: Psych Up\n|move|p1a: Dondozo|Order Up|p2b: Calyrex\n|-damage|p2b: Calyrex|60\/100\n|-boost|p1a: Dondozo|atk|1\n|move|p2a: Muk|Knock Off|p1a: Dondozo\n|-activate|p1a: Dondozo|move: Substitute|[damage]\n|\n|-heal|p1a: Dondozo|94\/100|[from] item: Leftovers\n|upkeep\n|turn|6\n|j| Madanach\n|inactive|chemist off work has 30 seconds left.\n|inactive|chemist off work has 20 seconds left.\n|inactive|chemist off work has 15 seconds left.\n|inactive|chemist off work has 10 seconds left.\n|inactive|chemist off work has 5 seconds left.\n|\n|t:|1736288353\n|-terastallize|p1a: Dondozo|Dragon\n|move|p2b: Calyrex|Astral Barrage|p1a: Dondozo|[spread] p1a\n|-miss|p2b: Calyrex|p1b: Tatsugiri\n|-end|p1a: Dondozo|Substitute\n|move|p1a: Dondozo|Order Up|p2b: Calyrex\n|-damage|p2b: Calyrex|0 fnt\n|faint|p2b: Calyrex\n|-boost|p1a: Dondozo|atk|1\n|move|p2a: Muk|Knock Off|p1a: Dondozo\n|-damage|p1a: Dondozo|80\/100\n|-enditem|p1a: Dondozo|Leftovers|[from] move: Knock Off|[of] p2a: Muk\n|\n|upkeep\n|\n|t:|1736288362\n|switch|p2b: Flamigo|Flamigo, L50, F|100\/100\n|-copyboost|p2b: Flamigo|p2a: Muk|[from] ability: Costar\n|turn|7\n|\n|t:|1736288386\n|move|p1a: Dondozo|Substitute|p1a: Dondozo\n|-start|p1a: Dondozo|Substitute\n|-damage|p1a: Dondozo|55\/100\n|move|p2b: Flamigo|Close Combat|p1a: Dondozo\n|-crit|p1a: Dondozo\n|-end|p1a: Dondozo|Substitute\n|-unboost|p2b: Flamigo|def|1\n|-unboost|p2b: Flamigo|spd|1\n|-enditem|p2b: Flamigo|White Herb\n|-clearnegativeboost|p2b: Flamigo|[silent]\n|move|p2a: Muk|Toxic|p1a: Dondozo\n|-status|p1a: Dondozo|tox\n|\n|-damage|p1a: Dondozo|49\/100 tox|[from] psn\n|upkeep\n|turn|8\n|inactive|chemist off work has 30 seconds left.\n|\n|t:|1736288416\n|move|p1a: Dondozo|Order Up|p2b: Flamigo\n|-damage|p2b: Flamigo|0 fnt\n|faint|p2b: Flamigo\n|-boost|p1a: Dondozo|atk|1\n|move|p2a: Muk|Knock Off|p1a: Dondozo\n|-damage|p1a: Dondozo|41\/100 tox\n|\n|-damage|p1a: Dondozo|29\/100 tox|[from] psn\n|upkeep\n|turn|9\n|\n|t:|1736288432\n|move|p1a: Dondozo|Order Up|p2a: Muk\n|-damage|p2a: Muk|7\/100\n|-boost|p1a: Dondozo|atk|1\n|move|p2a: Muk|Knock Off|p1a: Dondozo\n|-damage|p1a: Dondozo|20\/100 tox\n|\n|-heal|p2a: Muk|13\/100|[from] item: Leftovers\n|-damage|p1a: Dondozo|2\/100 tox|[from] psn\n|upkeep\n|turn|10\n|\n|t:|1736288443\n|move|p2a: Muk|Protect|p2a: Muk\n|-singleturn|p2a: Muk|Protect\n|move|p1a: Dondozo|Order Up|p2a: Muk\n|-activate|p2a: Muk|move: Protect\n|\n|-heal|p2a: Muk|19\/100|[from] item: Leftovers\n|-damage|p1a: Dondozo|0 fnt|[from] psn\n|faint|p1a: Dondozo\n|upkeep\n|\n|t:|1736288448\n|switch|p1a: Latios|Latios, L50, M|100\/100\n|turn|11\n|\n|t:|1736288466\n|move|p1a: Latios|Luster Purge|p2a: Muk\n|-crit|p2a: Muk\n|-damage|p2a: Muk|0 fnt\n|faint|p2a: Muk\n|\n|win|stbai\n|raw|stbai's rating: 1583 &rarr; <strong>1603<\/strong><br \/>(+20 for winning)\n|raw|chemist off work's rating: 1580 &rarr; <strong>1560<\/strong><br \/>(-20 for losing)\n|l|\u2606stbai\n|player|p1|\n|l| Madanach\n|l| ikki_vgc\n|l| HeroNoMore\n","uploadtime":1736288642,"views":14,"formatid":"gen9vgc2025regg","rating":1560,"private":0,"password":null}