{"id":"gen9vgc2025regg-2276860318","format":"[Gen 9] VGC 2025 Reg G","players":["McSpheal VGC","cy1015"],"log":"|j|\u2606McSpheal VGC\n|j|\u2606cy1015\n|t:|1736285004\n|gametype|doubles\n|player|p1|McSpheal VGC|grimsley|1530\n|player|p2|cy1015|102|1626\n|teamsize|p1|6\n|teamsize|p2|6\n|gen|9\n|tier|[Gen 9] VGC 2025 Reg G\n|rated|\n|rule|Species Clause: Limit one of each Pok\u00e9mon\n|rule|Item Clause: Limit 1 of each item\n|clearpoke\n|poke|p1|Zacian-*, L50|\n|poke|p1|Landorus, L50, M|\n|poke|p1|Ditto, L50|\n|poke|p1|Whimsicott, L50, M|\n|poke|p1|Chi-Yu, L50|\n|poke|p1|Gastrodon-East, L50, F|\n|poke|p2|Pelipper, L50, M|\n|poke|p2|Raging Bolt, L50|\n|poke|p2|Urshifu-*, L50, M|\n|poke|p2|Amoonguss, L50, F|\n|poke|p2|Calyrex-Ice, L50|\n|poke|p2|Volcarona, L50, F|\n|teampreview|4\n|\n|t:|1736285037\n|start\n|switch|p1a: Chi-Yu|Chi-Yu, L50|100\/100\n|switch|p1b: Gastrodon|Gastrodon-East, L50, F, shiny|100\/100\n|switch|p2a: Urshifu|Urshifu-Rapid-Strike, L50, M|100\/100\n|switch|p2b: Calyrex|Calyrex-Ice, L50|100\/100\n|-ability|p2b: Calyrex|As One\n|-ability|p2b: Calyrex|Unnerve\n|-ability|p1a: Chi-Yu|Beads of Ruin\n|turn|1\n|\n|t:|1736285057\n|-terastallize|p1a: Chi-Yu|Ghost\n|-terastallize|p2b: Calyrex|Water\n|move|p2a: Urshifu|U-turn|p1a: Chi-Yu\n|-resisted|p1a: Chi-Yu\n|-damage|p1a: Chi-Yu|80\/100\n|\n|t:|1736285068\n|switch|p2a: Volcarona|Volcarona, L50, F, shiny|100\/100|[from] U-turn\n|move|p1a: Chi-Yu|Dark Pulse|p2b: Calyrex\n|-damage|p2b: Calyrex|51\/100\n|move|p2b: Calyrex|Glacial Lance|p1a: Chi-Yu|[spread] p1a,p1b\n|-damage|p1a: Chi-Yu|0 fnt\n|-damage|p1b: Gastrodon|54\/100\n|faint|p1a: Chi-Yu\n|-ability|p2b: Calyrex|Chilling Neigh|boost\n|-boost|p2b: Calyrex|atk|1\n|move|p1b: Gastrodon|Yawn|p2b: Calyrex\n|-start|p2b: Calyrex|move: Yawn|[of] p1b: Gastrodon\n|\n|upkeep\n|\n|t:|1736285083\n|switch|p1a: Meep|Ditto, L50, shiny|100\/100\n|-transform|p1a: Meep|p2b: Calyrex|[from] ability: Imposter\n|-ability|p1a: Meep|As One\n|-ability|p1a: Meep|Unnerve\n|-start|p1a: Meep|typechange|Psychic\/Ice|[silent]\n|turn|2\n|\n|t:|1736285109\n|switch|p2b: Urshifu|Urshifu-Rapid-Strike, L50, M|100\/100\n|move|p1a: Meep|Protect|p1a: Meep\n|-singleturn|p1a: Meep|Protect\n|move|p2a: Volcarona|Will-O-Wisp|p1a: Meep\n|-activate|p1a: Meep|move: Protect\n|move|p1b: Gastrodon|Yawn|p2a: Volcarona\n|-start|p2a: Volcarona|move: Yawn|[of] p1b: Gastrodon\n|\n|upkeep\n|turn|3\n|\n|t:|1736285133\n|move|p2b: Urshifu|Close Combat|p1b: Gastrodon\n|-damage|p1b: Gastrodon|3\/100\n|-unboost|p2b: Urshifu|def|1\n|-unboost|p2b: Urshifu|spd|1\n|-enditem|p1b: Gastrodon|Sitrus Berry|[eat]\n|-heal|p1b: Gastrodon|28\/100|[from] item: Sitrus Berry\n|move|p2a: Volcarona|Will-O-Wisp|p1a: Meep|[miss]\n|-miss|p2a: Volcarona|p1a: Meep\n|move|p1a: Meep|Glacial Lance|p2b: Urshifu|[spread] p2a,p2b\n|-resisted|p2a: Volcarona\n|-resisted|p2b: Urshifu\n|-damage|p2a: Volcarona|62\/100\n|-damage|p2b: Urshifu|41\/100\n|move|p1b: Gastrodon|Earth Power|p2a: Volcarona\n|-damage|p2a: Volcarona|33\/100\n|\n|-end|p2a: Volcarona|move: Yawn|[silent]\n|-status|p2a: Volcarona|slp\n|upkeep\n|turn|4\n|inactive|Battle timer is ON: inactive players will automatically lose when time's up. (requested by McSpheal VGC)\n|inactive|cy1015 has 60 seconds left.\n|inactive|cy1015 has 30 seconds left.\n|inactive|cy1015 has 20 seconds left.\n|inactive|cy1015 has 15 seconds left.\n|inactive|cy1015 has 10 seconds left.\n|inactive|cy1015 has 5 seconds left.\n|\n|t:|1736285309\n|switch|p1b: GoldenGirl|Zacian-Crowned, L50, shiny|100\/100\n|-ability|p1b: GoldenGirl|Intrepid Sword|boost\n|-boost|p1b: GoldenGirl|atk|1\n|move|p2b: Urshifu|Close Combat|p1b: GoldenGirl\n|-damage|p1b: GoldenGirl|40\/100\n|-unboost|p2b: Urshifu|def|1\n|-unboost|p2b: Urshifu|spd|1\n|cant|p2a: Volcarona|slp\n|move|p1a: Meep|Glacial Lance|p2a: Volcarona|[spread] p2a,p2b\n|-resisted|p2a: Volcarona\n|-resisted|p2b: Urshifu\n|-damage|p2a: Volcarona|0 fnt\n|-damage|p2b: Urshifu|0 fnt\n|faint|p2a: Volcarona\n|faint|p2b: Urshifu\n|-ability|p1a: Meep|Chilling Neigh|boost\n|-boost|p1a: Meep|atk|2\n|\n|upkeep\n|inactive|cy1015 has 30 seconds left.\n|inactive|cy1015 has 20 seconds left.\n|inactive|cy1015 has 15 seconds left.\n|inactive|cy1015 has 10 seconds left.\n|inactive|cy1015 has 5 seconds left.\n|\n|t:|1736285364\n|switch|p2b: Calyrex|Calyrex-Ice, L50, tera:Water|51\/100\n|switch|p2a: Amoonguss|Amoonguss, L50, F, shiny|100\/100\n|-ability|p2b: Calyrex|As One\n|-ability|p2b: Calyrex|Unnerve\n|turn|5\n|inactive|cy1015 has 30 seconds left.\n|inactive|cy1015 has 20 seconds left.\n|inactive|cy1015 has 15 seconds left.\n|inactive|cy1015 has 10 seconds left.\n|inactive|cy1015 has 5 seconds left.\n|\n|t:|1736285419\n|move|p1b: GoldenGirl|Play Rough|p2b: Calyrex\n|-damage|p2b: Calyrex|0 fnt\n|faint|p2b: Calyrex\n|move|p1a: Meep|Glacial Lance|p2a: Amoonguss\n|-supereffective|p2a: Amoonguss\n|-damage|p2a: Amoonguss|0 fnt\n|faint|p2a: Amoonguss\n|\n|win|McSpheal VGC\n|raw|McSpheal VGC's rating: 1530 &rarr; <strong>1554<\/strong><br \/>(+24 for winning)\n|raw|cy1015's rating: 1600 &rarr; <strong>1576<\/strong><br \/>(-24 for losing)\n|l|\u2606McSpheal VGC\n|player|p1|\n","uploadtime":1736285585,"views":297,"formatid":"gen9vgc2025regg","rating":1554,"private":0,"password":null}