{"id":"gen9vgc2025regg-2276115027","format":"[Gen 9] VGC 2025 Reg G","players":["JasePokemonTwitter","caZISA"],"log":"|j|\u2606JasePokemonTwitter\n|j|\u2606caZISA\n|t:|1736185129\n|gametype|doubles\n|player|p1|JasePokemonTwitter|lucas|1554\n|player|p2|caZISA|red|1605\n|teamsize|p1|6\n|teamsize|p2|6\n|gen|9\n|tier|[Gen 9] VGC 2025 Reg G\n|rated|\n|rule|Species Clause: Limit one of each Pok\u00e9mon\n|rule|Item Clause: Limit 1 of each item\n|clearpoke\n|poke|p1|Calyrex-Shadow, L50|\n|poke|p1|Ogerpon-Cornerstone, L50, F|\n|poke|p1|Whimsicott, L50, F|\n|poke|p1|Indeedee-F, L50, F|\n|poke|p1|Urshifu-*, L50, M|\n|poke|p1|Regidrago, L50|\n|poke|p2|Calyrex-Ice, L50|\n|poke|p2|Urshifu-*, L50, F|\n|poke|p2|Raging Bolt, L50|\n|poke|p2|Rillaboom, L50, M|\n|poke|p2|Torkoal, L50, M|\n|poke|p2|Smeargle, L50, M|\n|teampreview|4\n|inactive|Battle timer is ON: inactive players will automatically lose when time's up. (requested by JasePokemonTwitter)\n|\n|t:|1736185144\n|start\n|switch|p1a: Urshifu|Urshifu-Rapid-Strike, L50, M|100\/100\n|switch|p1b: Calyrex|Calyrex-Shadow, L50|100\/100\n|switch|p2a: Smeargle|Smeargle, L50, M|100\/100\n|switch|p2b: Urshifu|Urshifu, L50, F|100\/100\n|-ability|p1b: Calyrex|As One\n|-ability|p1b: Calyrex|Unnerve\n|turn|1\n|\n|t:|1736185158\n|switch|p1b: Indeedee|Indeedee-F, L50, F|100\/100\n|-fieldstart|move: Psychic Terrain|[from] ability: Psychic Surge|[of] p1b: Indeedee\n|-enditem|p1b: Indeedee|Psychic Seed\n|-boost|p1b: Indeedee|spd|1|[from] item: Psychic Seed\n|-terastallize|p1a: Urshifu|Stellar\n|-terastallize|p2a: Smeargle|Grass\n|move|p2a: Smeargle|Follow Me|p2a: Smeargle\n|-singleturn|p2a: Smeargle|move: Follow Me\n|move|p2b: Urshifu|Wicked Blow|p1b: Indeedee\n|-supereffective|p1b: Indeedee\n|-crit|p1b: Indeedee\n|-damage|p1b: Indeedee|0 fnt\n|faint|p1b: Indeedee\n|move|p1a: Urshifu|Surging Strikes|p2a: Smeargle\n|-resisted|p2a: Smeargle\n|-crit|p2a: Smeargle\n|-damage|p2a: Smeargle|72\/100\n|-resisted|p2a: Smeargle\n|-crit|p2a: Smeargle\n|-damage|p2a: Smeargle|46\/100\n|-resisted|p2a: Smeargle\n|-crit|p2a: Smeargle\n|-damage|p2a: Smeargle|20\/100\n|-hitcount|p2a: Smeargle|3\n|\n|-ability|p2a: Smeargle|Moody|boost\n|-boost|p2a: Smeargle|atk|2\n|-unboost|p2a: Smeargle|spd|1\n|upkeep\n|\n|t:|1736185171\n|switch|p1b: Calyrex|Calyrex-Shadow, L50|100\/100\n|-ability|p1b: Calyrex|As One\n|-ability|p1b: Calyrex|Unnerve\n|turn|2\n|\n|t:|1736185186\n|switch|p1b: Ogerpon|Ogerpon-Cornerstone, L50, F|100\/100\n|switch|p2a: Rillaboom|Rillaboom, L50, M|100\/100\n|-fieldstart|move: Grassy Terrain|[from] ability: Grassy Surge|[of] p2a: Rillaboom\n|move|p2b: Urshifu|Wicked Blow|p1b: Ogerpon\n|-crit|p1b: Ogerpon\n|-ability|p1b: Ogerpon|Sturdy\n|-damage|p1b: Ogerpon|1\/100\n|move|p1a: Urshifu|Close Combat|p2b: Urshifu\n|-supereffective|p2b: Urshifu\n|-damage|p2b: Urshifu|0 fnt\n|-unboost|p1a: Urshifu|def|1\n|-unboost|p1a: Urshifu|spd|1\n|faint|p2b: Urshifu\n|\n|-heal|p1b: Ogerpon|7\/100|[from] Grassy Terrain\n|upkeep\n|\n|t:|1736185189\n|switch|p2b: Calyrex|Calyrex-Ice, L50|100\/100\n|-ability|p2b: Calyrex|As One\n|-ability|p2b: Calyrex|Unnerve\n|turn|3\n|\n|t:|1736185202\n|move|p2a: Rillaboom|Fake Out|p1b: Ogerpon\n|-resisted|p1b: Ogerpon\n|-damage|p1b: Ogerpon|0 fnt\n|faint|p1b: Ogerpon\n|move|p1a: Urshifu|Surging Strikes|p2b: Calyrex\n|-crit|p2b: Calyrex\n|-damage|p2b: Calyrex|87\/100\n|-crit|p2b: Calyrex\n|-damage|p2b: Calyrex|73\/100\n|-crit|p2b: Calyrex\n|-damage|p2b: Calyrex|60\/100\n|-hitcount|p2b: Calyrex|3\n|move|p2b: Calyrex|Trick Room|p2b: Calyrex\n|-fieldstart|move: Trick Room|[of] p2b: Calyrex\n|\n|-heal|p2b: Calyrex|66\/100|[from] Grassy Terrain\n|upkeep\n|\n|t:|1736185206\n|switch|p1b: Calyrex|Calyrex-Shadow, L50|100\/100\n|-ability|p1b: Calyrex|As One\n|-ability|p1b: Calyrex|Unnerve\n|turn|4\n|j| Therazer456\n|\n|t:|1736185216\n|move|p2b: Calyrex|Protect|p2b: Calyrex\n|-singleturn|p2b: Calyrex|Protect\n|move|p2a: Rillaboom|Grassy Glide|p1a: Urshifu\n|-supereffective|p1a: Urshifu\n|-crit|p1a: Urshifu\n|-enditem|p1a: Urshifu|Focus Sash\n|-damage|p1a: Urshifu|1\/100\n|move|p1a: Urshifu|Surging Strikes|p2b: Calyrex\n|-crit|p2b: Calyrex\n|-damage|p2b: Calyrex|52\/100\n|-crit|p2b: Calyrex\n|-damage|p2b: Calyrex|38\/100\n|-crit|p2b: Calyrex\n|-damage|p2b: Calyrex|23\/100\n|-hitcount|p2b: Calyrex|3\n|move|p1b: Calyrex|Astral Barrage|p2a: Rillaboom|[spread] p2a\n|-activate|p2b: Calyrex|move: Protect\n|-damage|p2a: Rillaboom|48\/100\n|-damage|p1b: Calyrex|91\/100|[from] item: Life Orb\n|\n|-heal|p2b: Calyrex|29\/100|[from] Grassy Terrain\n|-heal|p2a: Rillaboom|54\/100|[from] Grassy Terrain\n|-heal|p1a: Urshifu|7\/100|[from] Grassy Terrain\n|-heal|p1b: Calyrex|97\/100|[from] Grassy Terrain\n|upkeep\n|turn|5\n|\n|t:|1736185225\n|move|p1a: Urshifu|Detect|p1a: Urshifu\n|-singleturn|p1a: Urshifu|Protect\n|move|p2b: Calyrex|Glacial Lance|p1a: Urshifu|[spread] p1b\n|-activate|p1a: Urshifu|move: Protect\n|-damage|p1b: Calyrex|19\/100\n|move|p2a: Rillaboom|Wood Hammer|p1b: Calyrex\n|-damage|p1b: Calyrex|0 fnt\n|faint|p1b: Calyrex\n|-damage|p2a: Rillaboom|49\/100|[from] Recoil\n|\n|-heal|p2b: Calyrex|35\/100|[from] Grassy Terrain\n|-heal|p2a: Rillaboom|55\/100|[from] Grassy Terrain\n|-heal|p1a: Urshifu|14\/100|[from] Grassy Terrain\n|upkeep\n|turn|6\n|-message|JasePokemonTwitter forfeited.\n|\n|win|caZISA\n|raw|JasePokemonTwitter's rating: 1554 &rarr; <strong>1537<\/strong><br \/>(-17 for losing)\n|raw|caZISA's rating: 1605 &rarr; <strong>1622<\/strong><br \/>(+17 for winning)\n|l|\u2606JasePokemonTwitter\n|player|p1|\n|l|\u2606caZISA\n|player|p2|\n|l| Therazer456\n","uploadtime":1736185506,"views":270,"formatid":"gen9vgc2025regg","rating":1537,"private":0,"password":null}