{"id":"gen9vgc2025regg-2276105774","format":"[Gen 9] VGC 2025 Reg G","players":["JasePokemonTwitter","caZISA"],"log":"|j|\u2606JasePokemonTwitter\n|j|\u2606caZISA\n|t:|1736184100\n|gametype|doubles\n|player|p1|JasePokemonTwitter|lucas|1540\n|player|p2|caZISA|red|1601\n|teamsize|p1|6\n|teamsize|p2|6\n|gen|9\n|tier|[Gen 9] VGC 2025 Reg G\n|rated|\n|rule|Species Clause: Limit one of each Pok\u00e9mon\n|rule|Item Clause: Limit 1 of each item\n|clearpoke\n|poke|p1|Incineroar, L50, F|\n|poke|p1|Wo-Chien, L50|\n|poke|p1|Grimmsnarl, L50, M|\n|poke|p1|Urshifu-*, L50, M|\n|poke|p1|Raging Bolt, L50|\n|poke|p1|Terapagos, L50, M|\n|poke|p2|Calyrex-Ice, L50|\n|poke|p2|Urshifu-*, L50, M|\n|poke|p2|Raging Bolt, L50|\n|poke|p2|Rillaboom, L50, M|\n|poke|p2|Torkoal, L50, F|\n|poke|p2|Smeargle, L50, M|\n|teampreview|4\n|inactive|Battle timer is ON: inactive players will automatically lose when time's up. (requested by JasePokemonTwitter)\n|j| Therazer456\n|\n|t:|1736184121\n|start\n|switch|p1a: Grimmsnarl|Grimmsnarl, L50, M|100\/100\n|switch|p1b: Terapagos|Terapagos, L50, M|100\/100\n|switch|p2a: Smeargle|Smeargle, L50, M|100\/100\n|switch|p2b: Calyrex|Calyrex-Ice, L50|100\/100\n|-activate|p1b: Terapagos|ability: Tera Shift\n|detailschange|p1b: Terapagos|Terapagos-Terastal, L50, M\n|-heal|p1b: Terapagos|100\/100|[silent]\n|-ability|p2b: Calyrex|As One\n|-ability|p2b: Calyrex|Unnerve\n|turn|1\n|\n|t:|1736184140\n|move|p2a: Smeargle|Fake Out|p1a: Grimmsnarl\n|-damage|p1a: Grimmsnarl|95\/100\n|cant|p1a: Grimmsnarl|flinch\n|move|p1b: Terapagos|Substitute|p1b: Terapagos\n|-start|p1b: Terapagos|Substitute\n|-damage|p1b: Terapagos|75\/100\n|move|p2b: Calyrex|Glacial Lance|p1a: Grimmsnarl|[spread] p1a,p1b\n|-end|p1b: Terapagos|Substitute\n|-damage|p1a: Grimmsnarl|34\/100\n|\n|-heal|p1b: Terapagos|82\/100|[from] item: Leftovers\n|-ability|p2a: Smeargle|Moody|boost\n|-boost|p2a: Smeargle|atk|2\n|-unboost|p2a: Smeargle|spe|1\n|upkeep\n|turn|2\n|\n|t:|1736184154\n|move|p2b: Calyrex|Protect|p2b: Calyrex\n|-singleturn|p2b: Calyrex|Protect\n|move|p1a: Grimmsnarl|Reflect|p1a: Grimmsnarl\n|-sidestart|p1: JasePokemonTwitter|Reflect\n|move|p1b: Terapagos|Substitute|p1b: Terapagos\n|-start|p1b: Terapagos|Substitute\n|-damage|p1b: Terapagos|57\/100\n|move|p2a: Smeargle|Spore||[still]\n|-fail|p2a: Smeargle\n|\n|-heal|p1b: Terapagos|63\/100|[from] item: Leftovers\n|-ability|p2a: Smeargle|Moody|boost\n|-boost|p2a: Smeargle|def|2\n|-unboost|p2a: Smeargle|spa|1\n|upkeep\n|turn|3\n|\n|t:|1736184177\n|move|p1a: Grimmsnarl|Thunder Wave|p2b: Calyrex\n|-status|p2b: Calyrex|par\n|move|p1b: Terapagos|Calm Mind|p1b: Terapagos\n|-boost|p1b: Terapagos|spa|1\n|-boost|p1b: Terapagos|spd|1\n|move|p2a: Smeargle|Spore|p1a: Grimmsnarl\n|-status|p1a: Grimmsnarl|slp|[from] move: Spore\n|move|p2b: Calyrex|Trick Room|p2b: Calyrex\n|-fieldstart|move: Trick Room|[of] p2b: Calyrex\n|\n|-heal|p1b: Terapagos|69\/100|[from] item: Leftovers\n|-ability|p2a: Smeargle|Moody|boost\n|-boost|p2a: Smeargle|atk|2\n|-unboost|p2a: Smeargle|def|1\n|upkeep\n|turn|4\n|j| eboli\n|\n|t:|1736184196\n|switch|p1a: Incineroar|Incineroar, L50, F|100\/100\n|-ability|p1a: Incineroar|Intimidate|boost\n|-unboost|p2a: Smeargle|atk|1\n|-fail|p2b: Calyrex|unboost|[from] item: Clear Amulet|[of] p2b: Calyrex\n|-terastallize|p1b: Terapagos|Stellar\n|detailschange|p1b: Terapagos|Terapagos-Stellar, L50, M, tera:Stellar\n|-heal|p1b: Terapagos|77\/100|[silent]\n|move|p2b: Calyrex|Glacial Lance|p1b: Terapagos|[spread] p1a,p1b\n|-end|p1b: Terapagos|Substitute\n|-resisted|p1a: Incineroar\n|-damage|p1a: Incineroar|81\/100\n|move|p2a: Smeargle|Spore|p1b: Terapagos\n|-status|p1b: Terapagos|slp|[from] move: Spore\n|cant|p1b: Terapagos|slp\n|\n|-heal|p1b: Terapagos|83\/100 slp|[from] item: Leftovers\n|-ability|p2a: Smeargle|Moody|boost\n|-boost|p2a: Smeargle|spe|2\n|-unboost|p2a: Smeargle|def|1\n|upkeep\n|turn|5\n|\n|t:|1736184217\n|move|p1a: Incineroar|Fake Out|p2b: Calyrex\n|-damage|p2b: Calyrex|94\/100 par\n|move|p2a: Smeargle|Follow Me|p2a: Smeargle\n|-singleturn|p2a: Smeargle|move: Follow Me\n|cant|p2b: Calyrex|flinch\n|-curestatus|p1b: Terapagos|slp|[msg]\n|move|p1b: Terapagos|Tera Starstorm|p2b: Calyrex|[spread] p2a,p2b\n|-enditem|p2a: Smeargle|Focus Sash\n|-damage|p2a: Smeargle|1\/100\n|-damage|p2b: Calyrex|54\/100 par\n|\n|-heal|p1b: Terapagos|90\/100|[from] item: Leftovers\n|-ability|p2a: Smeargle|Moody|boost\n|-boost|p2a: Smeargle|def|2\n|-unboost|p2a: Smeargle|spd|1\n|upkeep\n|turn|6\n|\n|t:|1736184231\n|-terastallize|p2b: Calyrex|Fire\n|move|p2a: Smeargle|Wide Guard|p2a: Smeargle\n|-singleturn|p2a: Smeargle|Wide Guard\n|move|p2b: Calyrex|High Horsepower|p1a: Incineroar\n|-supereffective|p1a: Incineroar\n|-damage|p1a: Incineroar|23\/100\n|move|p1a: Incineroar|Knock Off|p2b: Calyrex\n|-damage|p2b: Calyrex|29\/100 par\n|-enditem|p2b: Calyrex|Clear Amulet|[from] move: Knock Off|[of] p1a: Incineroar\n|move|p1b: Terapagos|Tera Starstorm|p2b: Calyrex|[spread] \n|-activate|p2a: Smeargle|move: Wide Guard\n|-activate|p2b: Calyrex|move: Wide Guard\n|\n|-heal|p1b: Terapagos|96\/100|[from] item: Leftovers\n|-ability|p2a: Smeargle|Moody|boost\n|-boost|p2a: Smeargle|spa|2\n|-unboost|p2a: Smeargle|spd|1\n|upkeep\n|turn|7\n|j| 0l'Bones\n|\n|t:|1736184250\n|switch|p1a: Grimmsnarl|Grimmsnarl, L50, M|34\/100 slp\n|cant|p2b: Calyrex|par\n|move|p1b: Terapagos|Tera Starstorm|p2b: Calyrex|[spread] p2a,p2b\n|-supereffective|p2b: Calyrex\n|-damage|p2a: Smeargle|0 fnt\n|-damage|p2b: Calyrex|0 fnt\n|faint|p2a: Smeargle\n|faint|p2b: Calyrex\n|\n|-heal|p1b: Terapagos|100\/100|[from] item: Leftovers\n|-fieldend|move: Trick Room\n|upkeep\n|\n|t:|1736184256\n|switch|p2a: Urshifu|Urshifu, L50, M|100\/100\n|switch|p2b: Torkoal|Torkoal, L50, F|100\/100\n|-weather|SunnyDay|[from] ability: Drought|[of] p2b: Torkoal\n|turn|8\n|\n|t:|1736184262\n|switch|p1a: Wo-Chien|Wo-Chien, L50|100\/100\n|-ability|p1a: Wo-Chien|Tablets of Ruin\n|move|p2a: Urshifu|Wicked Blow|p1b: Terapagos\n|-crit|p1b: Terapagos\n|-damage|p1b: Terapagos|57\/100\n|move|p1b: Terapagos|Tera Starstorm|p2b: Torkoal|[spread] p2a,p2b\n|-damage|p2a: Urshifu|14\/100\n|-damage|p2b: Torkoal|25\/100\n|move|p2b: Torkoal|Heat Wave|p1a: Wo-Chien|[spread] p1a,p1b\n|-supereffective|p1a: Wo-Chien\n|-damage|p1a: Wo-Chien|19\/100\n|-damage|p1b: Terapagos|34\/100\n|-enditem|p1a: Wo-Chien|Sitrus Berry|[eat]\n|-heal|p1a: Wo-Chien|44\/100|[from] item: Sitrus Berry\n|\n|-weather|SunnyDay|[upkeep]\n|-heal|p1b: Terapagos|40\/100|[from] item: Leftovers\n|upkeep\n|turn|9\n|-message|caZISA forfeited.\n|\n|win|JasePokemonTwitter\n|raw|JasePokemonTwitter's rating: 1540 &rarr; <strong>1563<\/strong><br \/>(+23 for winning)\n|raw|caZISA's rating: 1601 &rarr; <strong>1578<\/strong><br \/>(-23 for losing)\n|l|\u2606caZISA\n|player|p2|\n|l|\u2606JasePokemonTwitter\n|player|p1|\n|l| 0l'Bones\n|l| Therazer456\n","uploadtime":1736184510,"views":15,"formatid":"gen9vgc2025regg","rating":1563,"private":0,"password":null}