{"id":"gen9vgc2025regg-2276025562","format":"[Gen 9] VGC 2025 Reg G","players":["RomanTogepi","Growth_my_word"],"log":"|j|\u2606RomanTogepi\n|j|\u2606Growth_my_word\n|t:|1736174598\n|gametype|doubles\n|player|p1|RomanTogepi|1|1596\n|player|p2|Growth_my_word|lady-gen4|1714\n|teamsize|p1|6\n|teamsize|p2|6\n|gen|9\n|tier|[Gen 9] VGC 2025 Reg G\n|rated|\n|rule|Species Clause: Limit one of each Pok\u00e9mon\n|rule|Item Clause: Limit 1 of each item\n|clearpoke\n|poke|p1|Scream Tail, L50|\n|poke|p1|Zamazenta-*, L50|\n|poke|p1|Chien-Pao, L50|\n|poke|p1|Rillaboom, L50, M|\n|poke|p1|Grimmsnarl, L50, M|\n|poke|p1|Ogerpon-Hearthflame, L50, F|\n|poke|p2|Miraidon, L50|\n|poke|p2|Dragonite, L50, M|\n|poke|p2|Dondozo, L50, M|\n|poke|p2|Tatsugiri, L50, M|\n|poke|p2|Gholdengo, L50|\n|poke|p2|Chi-Yu, L50|\n|teampreview|4\n|j| xhjkyxhjk\n|j| bluestraggler01\n|j| GooglePay\n|\n|t:|1736174655\n|start\n|switch|p1a: PAWN|Grimmsnarl, L50, M, shiny|100\/100\n|switch|p1b: Ogerpon|Ogerpon-Hearthflame, L50, F|100\/100\n|switch|p2a: Dondozo|Dondozo, L50, M|100\/100\n|switch|p2b: Chi-Yu|Chi-Yu, L50|100\/100\n|-ability|p1b: Ogerpon|Mold Breaker\n|-ability|p2b: Chi-Yu|Beads of Ruin\n|turn|1\n|\n|t:|1736174666\n|switch|p2a: Miraidon|Miraidon, L50|100\/100\n|-fieldstart|move: Electric Terrain|[from] ability: Hadron Engine|[of] p2a: Miraidon\n|move|p1b: Ogerpon|Spiky Shield|p1b: Ogerpon\n|-singleturn|p1b: Ogerpon|move: Protect\n|move|p1a: PAWN|Light Screen|p1a: PAWN\n|-sidestart|p1: RomanTogepi|move: Light Screen\n|move|p2b: Chi-Yu|Heat Wave|p1a: PAWN|[spread] p1a\n|-activate|p1b: Ogerpon|move: Protect\n|-damage|p1a: PAWN|63\/100\n|\n|upkeep\n|turn|2\n|j| futonkagebunshin\n|\n|t:|1736174691\n|move|p1a: PAWN|Reflect|p1a: PAWN\n|-sidestart|p1: RomanTogepi|Reflect\n|move|p2a: Miraidon|Draco Meteor|p1b: Ogerpon|[miss]\n|-miss|p2a: Miraidon|p1b: Ogerpon\n|move|p1b: Ogerpon|Ivy Cudgel|p2b: Chi-Yu|[anim] Ivy Cudgel Fire\n|-resisted|p2b: Chi-Yu\n|-damage|p2b: Chi-Yu|48\/100\n|move|p2b: Chi-Yu|Heat Wave|p1a: PAWN|[spread] p1a,p1b\n|-damage|p1a: PAWN|28\/100\n|-damage|p1b: Ogerpon|59\/100\n|\n|upkeep\n|turn|3\n|\n|t:|1736174704\n|move|p2a: Miraidon|Draco Meteor|p1b: Ogerpon\n|-damage|p1b: Ogerpon|0 fnt\n|-unboost|p2a: Miraidon|spa|2\n|faint|p1b: Ogerpon\n|move|p2b: Chi-Yu|Heat Wave|p1a: PAWN\n|-damage|p1a: PAWN|0 fnt\n|faint|p1a: PAWN\n|\n|upkeep\n|\n|t:|1736174708\n|switch|p1b: Zamazenta|Zamazenta-Crowned, L50|100\/100\n|switch|p1a: BISHOP|Scream Tail, L50, shiny|100\/100\n|-ability|p1b: Zamazenta|Dauntless Shield|boost\n|-boost|p1b: Zamazenta|def|1\n|-enditem|p1a: BISHOP|Booster Energy\n|-activate|p1a: BISHOP|ability: Protosynthesis|[fromitem]\n|-start|p1a: BISHOP|protosynthesisspe\n|turn|4\n|\n|t:|1736174723\n|move|p2b: Chi-Yu|Protect|p2b: Chi-Yu\n|-singleturn|p2b: Chi-Yu|Protect\n|move|p1a: BISHOP|Disable|p2b: Chi-Yu\n|-activate|p2b: Chi-Yu|move: Protect\n|move|p2a: Miraidon|Volt Switch|p1b: Zamazenta\n|-damage|p1b: Zamazenta|81\/100\n|\n|t:|1736174731\n|switch|p2a: Dondozo|Dondozo, L50, M|100\/100|[from] Volt Switch\n|move|p1b: Zamazenta|Body Press|p2b: Chi-Yu\n|-activate|p2b: Chi-Yu|move: Protect\n|\n|upkeep\n|turn|5\n|\n|t:|1736174744\n|switch|p2b: Miraidon|Miraidon, L50|100\/100\n|-activate|p2b: Miraidon|ability: Hadron Engine\n|-terastallize|p1b: Zamazenta|Grass\n|move|p1a: BISHOP|Encore||[still]\n|-fail|p1a: BISHOP\n|move|p1b: Zamazenta|Iron Defense|p1b: Zamazenta\n|-boost|p1b: Zamazenta|def|2\n|move|p2a: Dondozo|Wave Crash|p1a: BISHOP\n|-damage|p1a: BISHOP|69\/100\n|-damage|p2a: Dondozo|91\/100|[from] Recoil\n|\n|-heal|p2a: Dondozo|97\/100|[from] item: Leftovers\n|-fieldend|move: Electric Terrain\n|upkeep\n|turn|6\n|\n|t:|1736174770\n|move|p1a: BISHOP|Protect|p1a: BISHOP\n|-singleturn|p1a: BISHOP|Protect\n|move|p2b: Miraidon|Volt Switch|p1a: BISHOP\n|-activate|p1a: BISHOP|move: Protect\n|move|p1b: Zamazenta|Body Press|p2b: Miraidon\n|-damage|p2b: Miraidon|0 fnt\n|faint|p2b: Miraidon\n|move|p2a: Dondozo|Wave Crash|p1a: BISHOP\n|-activate|p1a: BISHOP|move: Protect\n|\n|-heal|p2a: Dondozo|100\/100|[from] item: Leftovers\n|upkeep\n|\n|t:|1736174782\n|switch|p2b: Chi-Yu|Chi-Yu, L50|48\/100\n|-ability|p2b: Chi-Yu|Beads of Ruin\n|turn|7\n|\n|t:|1736174794\n|-terastallize|p2b: Chi-Yu|Ghost\n|move|p1b: Zamazenta|Protect|p1b: Zamazenta\n|-singleturn|p1b: Zamazenta|Protect\n|move|p2a: Dondozo|Protect|p2a: Dondozo\n|-singleturn|p2a: Dondozo|Protect\n|move|p1a: BISHOP|Disable|p2a: Dondozo\n|-activate|p2a: Dondozo|move: Protect\n|move|p2b: Chi-Yu|Overheat|p1b: Zamazenta\n|-activate|p1b: Zamazenta|move: Protect\n|\n|upkeep\n|turn|8\n|inactive|Battle timer is ON: inactive players will automatically lose when time's up. (requested by RomanTogepi)\n|\n|t:|1736174838\n|switch|p2a: Tatsugiri|Tatsugiri, L50, M|100\/100\n|move|p2b: Chi-Yu|Protect|p2b: Chi-Yu\n|-singleturn|p2b: Chi-Yu|Protect\n|move|p1a: BISHOP|Encore||[still]\n|-fail|p1a: BISHOP\n|move|p1b: Zamazenta|Heavy Slam|p2b: Chi-Yu\n|-activate|p2b: Chi-Yu|move: Protect\n|\n|-sideend|p1: RomanTogepi|move: Light Screen\n|upkeep\n|turn|9\n|\n|t:|1736174853\n|switch|p2b: Dondozo|Dondozo, L50, M|100\/100\n|-activate|p2a: Tatsugiri|ability: Commander|[of] p2b: Dondozo\n|-boost|p2b: Dondozo|atk|2\n|-boost|p2b: Dondozo|spa|2\n|-boost|p2b: Dondozo|spe|2\n|-boost|p2b: Dondozo|def|2\n|-boost|p2b: Dondozo|spd|2\n|move|p1a: BISHOP|Encore||[still]\n|-fail|p1a: BISHOP\n|move|p1b: Zamazenta|Body Press|p2a: Tatsugiri|[miss]\n|-miss|p1b: Zamazenta|p2a: Tatsugiri\n|\n|-sideend|p1: RomanTogepi|Reflect\n|upkeep\n|turn|10\n|\n|t:|1736174865\n|move|p1a: BISHOP|Protect|p1a: BISHOP\n|-singleturn|p1a: BISHOP|Protect\n|move|p1b: Zamazenta|Protect|p1b: Zamazenta\n|-singleturn|p1b: Zamazenta|Protect\n|move|p2b: Dondozo|Wave Crash|p1a: BISHOP\n|-activate|p1a: BISHOP|move: Protect\n|\n|upkeep\n|turn|11\n|inactive|RomanTogepi has 30 seconds left.\n|inactive|RomanTogepi has 20 seconds left.\n|inactive|RomanTogepi has 15 seconds left.\n|\n|t:|1736174908\n|move|p1a: BISHOP|Encore|p2b: Dondozo\n|-start|p2b: Dondozo|Encore\n|move|p2b: Dondozo|Wave Crash|p1a: BISHOP\n|-damage|p1a: BISHOP|0 fnt\n|faint|p1a: BISHOP\n|-end|p1a: BISHOP|Protosynthesis|[silent]\n|-damage|p2b: Dondozo|80\/100|[from] Recoil\n|move|p1b: Zamazenta|Body Press|p2b: Dondozo\n|-damage|p2b: Dondozo|63\/100\n|\n|-heal|p2b: Dondozo|70\/100|[from] item: Leftovers\n|upkeep\n|turn|12\n|-message|RomanTogepi forfeited.\n|\n|win|Growth_my_word\n|raw|RomanTogepi's rating: 1596 &rarr; <strong>1583<\/strong><br \/>(-13 for losing)\n|raw|Growth_my_word's rating: 1714 &rarr; <strong>1727<\/strong><br \/>(+13 for winning)\n|l|\u2606RomanTogepi\n|player|p1|\n|l|\u2606Growth_my_word\n|player|p2|\n|l| xhjkyxhjk\n|l| bluestraggler01\n|l| futonkagebunshin\n","uploadtime":1736175125,"views":303,"formatid":"gen9vgc2025regg","rating":1583,"private":0,"password":null}