{"id":"gen9vgc2025regg-2276403142","format":"[Gen 9] VGC 2025 Reg G","players":["PokemonmasterN2009","Elvegis1"],"log":"|j|\u2606PokemonmasterN2009\n|j|\u2606Elvegis1\n|t:|1736219733\n|gametype|doubles\n|player|p1|PokemonmasterN2009|steven|1549\n|player|p2|Elvegis1|lucas|1528\n|teamsize|p1|6\n|teamsize|p2|6\n|gen|9\n|tier|[Gen 9] VGC 2025 Reg G\n|rated|\n|rule|Species Clause: Limit one of each Pok\u00e9mon\n|rule|Item Clause: Limit 1 of each item\n|clearpoke\n|poke|p1|Calyrex-Ice, L50|\n|poke|p1|Torkoal, L50, F|\n|poke|p1|Farigiraf, L50, F|\n|poke|p1|Ursaluna-Bloodmoon, L50, M|\n|poke|p1|Smeargle, L50, M|\n|poke|p1|Ogerpon-Cornerstone, L50, F|\n|poke|p2|Incineroar, L50, M|\n|poke|p2|Amoonguss, L50, F|\n|poke|p2|Grimmsnarl, L50, M|\n|poke|p2|Urshifu-*, L50, F|\n|poke|p2|Raging Bolt, L50|\n|poke|p2|Kyogre, L50|\n|teampreview|4\n|inactive|Battle timer is ON: inactive players will automatically lose when time's up. (requested by PokemonmasterN2009)\nPokemonmasterN2009 has agreed to open team sheets.\n|inactive|PokemonmasterN2009 has 60 seconds left.\n|\n|t:|1736219769\n|start\n|switch|p1a: Ogerpon|Ogerpon-Cornerstone, L50, F|100\/100\n|switch|p1b: Calyrex|Calyrex-Ice, L50|100\/100\n|switch|p2a: Urshifu|Urshifu-Rapid-Strike, L50, F|100\/100\n|switch|p2b: Grimmsnarl|Grimmsnarl, L50, M|100\/100\n|-ability|p1b: Calyrex|As One\n|-ability|p1b: Calyrex|Unnerve\n|turn|1\n|\n|t:|1736219791\n|move|p2a: Urshifu|Detect|p2a: Urshifu\n|-singleturn|p2a: Urshifu|Protect\n|move|p2b: Grimmsnarl|Reflect|p2b: Grimmsnarl\n|-sidestart|p2: Elvegis1|Reflect\n|move|p1a: Ogerpon|Wood Hammer|p2a: Urshifu\n|-activate|p2a: Urshifu|move: Protect\n|move|p1b: Calyrex|Trick Room|p1b: Calyrex\n|-fieldstart|move: Trick Room|[of] p1b: Calyrex\n|\n|upkeep\n|turn|2\n|\n|t:|1736219809\n|move|p2b: Grimmsnarl|Thunder Wave|p1b: Calyrex\n|-status|p1b: Calyrex|par\n|move|p1b: Calyrex|Glacial Lance|p2a: Urshifu|[spread] p2a,p2b\n|-resisted|p2a: Urshifu\n|-damage|p2a: Urshifu|79\/100\n|-damage|p2b: Grimmsnarl|57\/100\n|move|p2a: Urshifu|Surging Strikes|p1b: Calyrex\n|-crit|p1b: Calyrex\n|-damage|p1b: Calyrex|86\/100 par\n|-crit|p1b: Calyrex\n|-damage|p1b: Calyrex|72\/100 par\n|-crit|p1b: Calyrex\n|-damage|p1b: Calyrex|59\/100 par\n|-hitcount|p1b: Calyrex|3\n|move|p1a: Ogerpon|Wood Hammer|p2a: Urshifu\n|-supereffective|p2a: Urshifu\n|-damage|p2a: Urshifu|0 fnt\n|faint|p2a: Urshifu\n|-damage|p1a: Ogerpon|72\/100|[from] Recoil\n|\n|upkeep\n|\n|t:|1736219826\n|switch|p2a: Kyogre|Kyogre, L50|100\/100\n|-weather|RainDance|[from] ability: Drizzle|[of] p2a: Kyogre\n|turn|3\n|\n|t:|1736219842\n|cant|p1b: Calyrex|par\n|move|p2b: Grimmsnarl|Spirit Break|p1a: Ogerpon\n|-damage|p1a: Ogerpon|35\/100\n|-unboost|p1a: Ogerpon|spa|1\n|move|p2a: Kyogre|Calm Mind|p2a: Kyogre\n|-boost|p2a: Kyogre|spa|1\n|-boost|p2a: Kyogre|spd|1\n|move|p1a: Ogerpon|Wood Hammer|p2a: Kyogre\n|-supereffective|p2a: Kyogre\n|-damage|p2a: Kyogre|9\/100\n|-damage|p1a: Ogerpon|0 fnt|[from] Recoil\n|faint|p1a: Ogerpon\n|\n|-weather|RainDance|[upkeep]\n|-heal|p2a: Kyogre|15\/100|[from] item: Leftovers\n|upkeep\n|\n|t:|1736219851\n|switch|p1a: Farigiraf|Farigiraf, L50, F|100\/100\n|turn|4\n|\n|t:|1736219860\n|-terastallize|p1a: Farigiraf|Normal\n|move|p2a: Kyogre|Protect|p2a: Kyogre\n|-singleturn|p2a: Kyogre|Protect\n|move|p2b: Grimmsnarl|Light Screen|p2b: Grimmsnarl\n|-sidestart|p2: Elvegis1|move: Light Screen\n|move|p1b: Calyrex|Glacial Lance|p2b: Grimmsnarl|[spread] p2b\n|-activate|p2a: Kyogre|move: Protect\n|-damage|p2b: Grimmsnarl|15\/100\n|move|p1a: Farigiraf|Hyper Voice|p2a: Kyogre|[spread] p2b\n|-activate|p2a: Kyogre|move: Protect\n|-damage|p2b: Grimmsnarl|0 fnt\n|faint|p2b: Grimmsnarl\n|-enditem|p1a: Farigiraf|Throat Spray\n|-boost|p1a: Farigiraf|spa|1|[from] item: Throat Spray\n|\n|-weather|RainDance|[upkeep]\n|-heal|p2a: Kyogre|21\/100|[from] item: Leftovers\n|upkeep\n|\n|t:|1736219872\n|switch|p2b: Amoonguss|Amoonguss, L50, F|100\/100\n|turn|5\n|\n|t:|1736219883\n|-terastallize|p2b: Amoonguss|Water\n|move|p1b: Calyrex|Glacial Lance|p2a: Kyogre|[spread] p2a,p2b\n|-resisted|p2a: Kyogre\n|-resisted|p2b: Amoonguss\n|-damage|p2a: Kyogre|2\/100\n|-damage|p2b: Amoonguss|84\/100\n|move|p2b: Amoonguss|Pollen Puff|p2a: Kyogre\n|-heal|p2a: Kyogre|52\/100\n|move|p1a: Farigiraf|Psychic|p2a: Kyogre\n|-damage|p2a: Kyogre|37\/100\n|move|p2a: Kyogre|Ice Beam|p1a: Farigiraf\n|-damage|p1a: Farigiraf|53\/100\n|\n|-weather|RainDance|[upkeep]\n|-heal|p2a: Kyogre|43\/100|[from] item: Leftovers\n|-fieldend|move: Trick Room\n|upkeep\n|turn|6\n|inactive|Elvegis1 has 30 seconds left.\n|\n|t:|1736219914\n|move|p1b: Calyrex|Protect|p1b: Calyrex\n|-singleturn|p1b: Calyrex|Protect\n|move|p2a: Kyogre|Water Spout|p1b: Calyrex|[spread] p1a\n|-activate|p1b: Calyrex|move: Protect\n|-damage|p1a: Farigiraf|1\/100\n|move|p2b: Amoonguss|Pollen Puff|p2a: Kyogre\n|-heal|p2a: Kyogre|93\/100\n|move|p1a: Farigiraf|Trick Room|p1a: Farigiraf\n|-fieldstart|move: Trick Room|[of] p1a: Farigiraf\n|\n|-weather|RainDance|[upkeep]\n|-heal|p2a: Kyogre|99\/100|[from] item: Leftovers\n|upkeep\n|turn|7\n|inactive|Elvegis1 has 30 seconds left.\n|\n|t:|1736219939\n|move|p2b: Amoonguss|Protect|p2b: Amoonguss\n|-singleturn|p2b: Amoonguss|Protect\n|cant|p1b: Calyrex|par\n|move|p1a: Farigiraf|Hyper Voice|p2a: Kyogre|[spread] p2a\n|-activate|p2b: Amoonguss|move: Protect\n|-damage|p2a: Kyogre|82\/100\n|move|p2a: Kyogre|Water Spout|p1a: Farigiraf|[spread] p1a,p1b\n|-damage|p1a: Farigiraf|0 fnt\n|-damage|p1b: Calyrex|0 fnt\n|faint|p1a: Farigiraf\n|faint|p1b: Calyrex\n|\n|-weather|none\n|-heal|p2a: Kyogre|88\/100|[from] item: Leftovers\n|upkeep\n|\n|t:|1736219946\n|switch|p1b: Torkoal|Torkoal, L50, F|100\/100\n|-weather|SunnyDay|[from] ability: Drought|[of] p1b: Torkoal\n|turn|8\n|\n|t:|1736219956\n|move|p1b: Torkoal|Eruption|p2b: Amoonguss|[spread] p2a,p2b\n|-resisted|p2a: Kyogre\n|-resisted|p2b: Amoonguss\n|-damage|p2a: Kyogre|74\/100\n|-damage|p2b: Amoonguss|58\/100\n|move|p2b: Amoonguss|Spore|p1b: Torkoal\n|-status|p1b: Torkoal|slp|[from] move: Spore\n|move|p2a: Kyogre|Water Spout|p1b: Torkoal\n|-supereffective|p1b: Torkoal\n|-damage|p1b: Torkoal|0 fnt\n|faint|p1b: Torkoal\n|\n|win|Elvegis1\n|raw|PokemonmasterN2009's rating: 1549 &rarr; <strong>1528<\/strong><br \/>(-21 for losing)\n|raw|Elvegis1's rating: 1528 &rarr; <strong>1549<\/strong><br \/>(+21 for winning)\n|l|\u2606Elvegis1\n|player|p2|\n|l|\u2606PokemonmasterN2009\n|player|p1|\n","uploadtime":1736220097,"views":256,"formatid":"gen9vgc2025regg","rating":1528,"private":0,"password":null}