{"id":"gen9vgc2025regg-2276645622","format":"[Gen 9] VGC 2025 Reg G","players":["GAPDHD","SubToPenglin"],"log":"|j|\u2606GAPDHD\n|j|\u2606SubToPenglin\n|t:|1736261771\n|gametype|doubles\n|player|p1|GAPDHD|ruinmaniac|1518\n|player|p2|SubToPenglin|lady|1560\n|teamsize|p1|6\n|teamsize|p2|6\n|gen|9\n|tier|[Gen 9] VGC 2025 Reg G\n|rated|\n|rule|Species Clause: Limit one of each Pok\u00e9mon\n|rule|Item Clause: Limit 1 of each item\n|clearpoke\n|poke|p1|Kyogre, L50|\n|poke|p1|Whimsicott, L50, M|\n|poke|p1|Landorus, L50, M|\n|poke|p1|Urshifu-*, L50, M|\n|poke|p1|Farigiraf, L50, M|\n|poke|p1|Orthworm, L50, F|\n|poke|p2|Comfey, L50, F|\n|poke|p2|Terapagos, L50, M|\n|poke|p2|Tornadus, L50, M|\n|poke|p2|Ogerpon-Cornerstone, L50, F|\n|poke|p2|Magmar, L50, M|\n|poke|p2|Raichu, L50, M|\n|teampreview|4\n|inactive|Battle timer is ON: inactive players will automatically lose when time's up. (requested by SubToPenglin)\nGAPDHD has agreed to open team sheets.\n|inactive|GAPDHD has 60 seconds left.\n|\n|t:|1736261808\n|start\n|switch|p1a: Kyogre|Kyogre, L50|100\/100\n|switch|p1b: Whimsicott|Whimsicott, L50, M|100\/100\n|switch|p2a: Terapagos|Terapagos, L50, M|100\/100\n|switch|p2b: Tornadus|Tornadus, L50, M|100\/100\n|-activate|p2a: Terapagos|ability: Tera Shift\n|detailschange|p2a: Terapagos|Terapagos-Terastal, L50, M\n|-heal|p2a: Terapagos|100\/100|[silent]\n|-weather|RainDance|[from] ability: Drizzle|[of] p1a: Kyogre\n|turn|1\n|\n|t:|1736261816\n|-terastallize|p2a: Terapagos|Stellar\n|detailschange|p2a: Terapagos|Terapagos-Stellar, L50, M, tera:Stellar\n|-heal|p2a: Terapagos|100\/100|[silent]\n|-ability|p2a: Terapagos|Teraform Zero\n|-weather|none\n|move|p1b: Whimsicott|Tailwind|p1b: Whimsicott\n|-sidestart|p1: GAPDHD|move: Tailwind\n|move|p2b: Tornadus|Taunt|p1b: Whimsicott\n|-start|p1b: Whimsicott|move: Taunt\n|move|p1a: Kyogre|Water Spout|p2a: Terapagos|[spread] p2a,p2b\n|-damage|p2a: Terapagos|52\/100\n|-damage|p2b: Tornadus|0 fnt\n|faint|p2b: Tornadus\n|move|p2a: Terapagos|Calm Mind|p2a: Terapagos\n|-boost|p2a: Terapagos|spa|1\n|-boost|p2a: Terapagos|spd|1\n|\n|upkeep\n|\n|t:|1736261828\n|switch|p2b: Ogerpon|Ogerpon-Cornerstone, L50, F|100\/100\n|turn|2\n|\n|t:|1736261835\n|move|p2b: Ogerpon|Spiky Shield|p2b: Ogerpon\n|-singleturn|p2b: Ogerpon|move: Protect\n|move|p1b: Whimsicott|Moonblast|p2b: Ogerpon\n|-activate|p2b: Ogerpon|move: Protect\n|move|p1a: Kyogre|Water Spout|p2a: Terapagos|[spread] p2a\n|-activate|p2b: Ogerpon|move: Protect\n|-damage|p2a: Terapagos|21\/100\n|move|p2a: Terapagos|Tera Starstorm|p1b: Whimsicott|[spread] p1a,p1b\n|-damage|p1a: Kyogre|57\/100\n|-damage|p1b: Whimsicott|9\/100\n|\n|upkeep\n|turn|3\n|\n|t:|1736261850\n|switch|p2b: Comfey|Comfey, L50, F, shiny|100\/100\n|move|p2a: Terapagos|Protect|p2a: Terapagos\n|-singleturn|p2a: Terapagos|Protect\n|move|p1b: Whimsicott|Moonblast|p2a: Terapagos\n|-activate|p2a: Terapagos|move: Protect\n|move|p1a: Kyogre|Origin Pulse|p2a: Terapagos|[spread] p2b\n|-activate|p2a: Terapagos|move: Protect\n|-damage|p2b: Comfey|36\/100\n|-enditem|p2b: Comfey|Sitrus Berry|[eat]\n|-heal|p2b: Comfey|61\/100|[from] item: Sitrus Berry\n|\n|upkeep\n|turn|4\n|\n|t:|1736261864\n|move|p2b: Comfey|Floral Healing|p2a: Terapagos\n|-heal|p2a: Terapagos|71\/100\n|move|p1b: Whimsicott|Moonblast|p2b: Comfey\n|-damage|p2b: Comfey|21\/100\n|move|p1a: Kyogre|Origin Pulse|p2b: Comfey|[spread] p2a\n|-miss|p1a: Kyogre|p2b: Comfey\n|-damage|p2a: Terapagos|48\/100\n|move|p2a: Terapagos|Tera Starstorm|p1b: Whimsicott|[spread] p1a,p1b\n|-damage|p1a: Kyogre|15\/100\n|-damage|p1b: Whimsicott|0 fnt\n|faint|p1b: Whimsicott\n|\n|-sideend|p1: GAPDHD|move: Tailwind\n|upkeep\n|\n|t:|1736261873\n|switch|p1b: Urshifu|Urshifu-Rapid-Strike, L50, M|100\/100\n|turn|5\n|\n|t:|1736261889\n|-terastallize|p1b: Urshifu|Water\n|move|p2b: Comfey|Draining Kiss|p1a: Kyogre\n|-damage|p1a: Kyogre|2\/100\n|-heal|p2b: Comfey|33\/100|[from] drain|[of] p1a: Kyogre\n|move|p1b: Urshifu|Close Combat|p2a: Terapagos\n|-supereffective|p2a: Terapagos\n|-damage|p2a: Terapagos|0 fnt\n|-unboost|p1b: Urshifu|def|1\n|-unboost|p1b: Urshifu|spd|1\n|faint|p2a: Terapagos\n|move|p1a: Kyogre|Origin Pulse|p2b: Comfey\n|-damage|p2b: Comfey|0 fnt\n|faint|p2b: Comfey\n|\n|upkeep\n|\n|t:|1736261894\n|switch|p2b: Ogerpon|Ogerpon-Cornerstone, L50, F|100\/100\n|turn|6\n|\n|t:|1736261907\n|switch|p1b: Landorus|Landorus, L50, M|100\/100\n|move|p2b: Ogerpon|Horn Leech|p1a: Kyogre\n|-supereffective|p1a: Kyogre\n|-damage|p1a: Kyogre|0 fnt\n|faint|p1a: Kyogre\n|\n|upkeep\n|\n|t:|1736261912\n|switch|p1a: Urshifu|Urshifu-Rapid-Strike, L50, M, tera:Water|100\/100\n|turn|7\n|j| jasonrfry2\n|l| jasonrfry2\n|\n|t:|1736261932\n|move|p1a: Urshifu|Surging Strikes|p2b: Ogerpon\n|-crit|p2b: Ogerpon\n|-damage|p2b: Ogerpon|60\/100\n|-crit|p2b: Ogerpon\n|-damage|p2b: Ogerpon|22\/100\n|-crit|p2b: Ogerpon\n|-damage|p2b: Ogerpon|0 fnt\n|faint|p2b: Ogerpon\n|-hitcount|p2: Ogerpon|3\n|\n|win|GAPDHD\n|raw|GAPDHD's rating: 1518 &rarr; <strong>1540<\/strong><br \/>(+22 for winning)\n|raw|SubToPenglin's rating: 1560 &rarr; <strong>1538<\/strong><br \/>(-22 for losing)\n|l|\u2606SubToPenglin\n|player|p2|\n|l|\u2606GAPDHD\n|player|p1|\n","uploadtime":1736262154,"views":254,"formatid":"gen9vgc2025regg","rating":1538,"private":0,"password":null}