{"id":"gen9vgc2025regg-2276885963","format":"[Gen 9] VGC 2025 Reg G","players":["RustyChair13","JackoEk11"],"log":"|j|\u2606RustyChair13\n|j|\u2606JackoEk11\n|t:|1736287932\n|gametype|doubles\n|player|p1|RustyChair13|scientist-gen4|1559\n|player|p2|JackoEk11|169|1605\n|teamsize|p1|6\n|teamsize|p2|6\n|gen|9\n|tier|[Gen 9] VGC 2025 Reg G\n|rated|\n|rule|Species Clause: Limit one of each Pok\u00e9mon\n|rule|Item Clause: Limit 1 of each item\n|clearpoke\n|poke|p1|Zamazenta-*, L50|\n|poke|p1|Urshifu-*, L50, M|\n|poke|p1|Regidrago, L50|\n|poke|p1|Ditto, L50|\n|poke|p1|Iron Moth, L50|\n|poke|p1|Whimsicott, L50, M|\n|poke|p2|Zamazenta-*, L50|\n|poke|p2|Latios, L50, M|\n|poke|p2|Rillaboom, L50, M|\n|poke|p2|Chien-Pao, L50|\n|poke|p2|Urshifu-*, L50, F|\n|poke|p2|Flutter Mane, L50|\n|teampreview|4\n|j| Geengar's dream\n|inactive|Battle timer is ON: inactive players will automatically lose when time's up. (requested by RustyChair13)\nJackoEk11 has agreed to open team sheets.\nRustyChair13 has agreed to open team sheets.\n|showteam|p1|Zamazenta-Crowned||RustedShield|DauntlessShield|Protect,WideGuard,BodyPress,HeavySlam||||||50|,,,,,Grass]Urshifu-Rapid-Strike||MysticWater|UnseenFist|Detect,SurgingStrikes,CloseCombat,AquaJet|||M|||50|,,,,,Water]Regidrago||ChoiceSpecs|DragonsMaw|DragonEnergy,DracoMeteor,TeraBlast,EarthPower||||||50|,,,,,Ghost]Ditto||FocusSash|Imposter|Transform||||||50|,,,,,Normal]Iron Moth||BoosterEnergy|QuarkDrive|Protect,AcidSpray,HeatWave,EnergyBall||||||50|,,,,,Grass]Whimsicott||CovertCloak|Prankster|Moonblast,Tailwind,HelpingHand,Encore|||M|||50|,,,,,Dark\n|showteam|p2|Zamazenta-Crowned||RustedShield|DauntlessShield|Protect,BodyPress,HeavySlam,WideGuard||||||50|,,,,,Dragon]Latios||SoulDew|Levitate|Protect,DracoMeteor,LusterPurge,Tailwind|||M|||50|,,,,,Steel]Rillaboom||AssaultVest|GrassySurge|WoodHammer,GrassyGlide,Uturn,FakeOut|||M|||50|,,,,,Fire]Chien-Pao||FocusSash|SwordofRuin|Protect,IcicleCrash,ThroatChop,SuckerPunch||||||50|,,,,,Ghost]Urshifu-Rapid-Strike||ChoiceScarf|UnseenFist|SurgingStrikes,CloseCombat,Uturn,AquaJet|||F|||50|,,,,,Water]Flutter Mane||BoosterEnergy|Protosynthesis|Protect,Moonblast,ShadowBall,IcyWind||||||50|,,,,,Grass\n|\n|t:|1736287979\n|start\n|switch|p1a: Whimsicott|Whimsicott, L50, M|100\/100\n|switch|p1b: Zamazenta|Zamazenta-Crowned, L50, shiny|100\/100\n|switch|p2a: Flutter Mane|Flutter Mane, L50|100\/100\n|switch|p2b: Chien-Pao|Chien-Pao, L50|100\/100\n|-ability|p2b: Chien-Pao|Sword of Ruin\n|-ability|p1b: Zamazenta|Dauntless Shield|boost\n|-boost|p1b: Zamazenta|def|1\n|-enditem|p2a: Flutter Mane|Booster Energy\n|-activate|p2a: Flutter Mane|ability: Protosynthesis|[fromitem]\n|-start|p2a: Flutter Mane|protosynthesisspe\n|turn|1\n|\n|t:|1736287995\n|move|p1b: Zamazenta|Protect|p1b: Zamazenta\n|-singleturn|p1b: Zamazenta|Protect\n|move|p1a: Whimsicott|Tailwind|p1a: Whimsicott\n|-sidestart|p1: RustyChair13|move: Tailwind\n|move|p2a: Flutter Mane|Moonblast|p1b: Zamazenta\n|-activate|p1b: Zamazenta|move: Protect\n|move|p2b: Chien-Pao|Icicle Crash|p1a: Whimsicott\n|-supereffective|p1a: Whimsicott\n|-damage|p1a: Whimsicott|0 fnt\n|faint|p1a: Whimsicott\n|\n|upkeep\n|\n|t:|1736288002\n|switch|p1a: Iron Moth|Iron Moth, L50|100\/100\n|-enditem|p1a: Iron Moth|Booster Energy\n|-activate|p1a: Iron Moth|ability: Quark Drive|[fromitem]\n|-start|p1a: Iron Moth|quarkdrivespe\n|turn|2\n|\n|t:|1736288015\n|-end|p2a: Flutter Mane|Protosynthesis|[silent]\n|switch|p2a: Urshifu|Urshifu-Rapid-Strike, L50, F|100\/100\n|move|p1a: Iron Moth|Heat Wave|p2b: Chien-Pao|[spread] p2a,p2b\n|-resisted|p2a: Urshifu\n|-supereffective|p2b: Chien-Pao\n|-damage|p2a: Urshifu|73\/100\n|-enditem|p2b: Chien-Pao|Focus Sash\n|-damage|p2b: Chien-Pao|1\/100\n|move|p1b: Zamazenta|Heavy Slam|p2a: Urshifu\n|-resisted|p2a: Urshifu\n|-damage|p2a: Urshifu|43\/100\n|move|p2b: Chien-Pao|Throat Chop|p1a: Iron Moth\n|-damage|p1a: Iron Moth|27\/100\n|-start|p1a: Iron Moth|Throat Chop|[silent]\n|\n|upkeep\n|turn|3\n|inactive|JackoEk11 has 30 seconds left.\n|\n|t:|1736288048\n|move|p2a: Urshifu|Aqua Jet|p1a: Iron Moth\n|-supereffective|p1a: Iron Moth\n|-damage|p1a: Iron Moth|0 fnt\n|faint|p1a: Iron Moth\n|-end|p1a: Iron Moth|Quark Drive|[silent]\n|move|p1b: Zamazenta|Heavy Slam|p2b: Chien-Pao\n|-supereffective|p2b: Chien-Pao\n|-damage|p2b: Chien-Pao|0 fnt\n|faint|p2b: Chien-Pao\n|\n|upkeep\n|\n|t:|1736288054\n|switch|p2b: Flutter Mane|Flutter Mane, L50|100\/100\n|switch|p1a: Regidrago|Regidrago, L50, shiny|100\/100\n|turn|4\n|\n|t:|1736288067\n|switch|p2a: Zamazenta|Zamazenta-Crowned, L50|100\/100\n|-ability|p2a: Zamazenta|Dauntless Shield|boost\n|-boost|p2a: Zamazenta|def|1\n|move|p2b: Flutter Mane|Protect|p2b: Flutter Mane\n|-singleturn|p2b: Flutter Mane|Protect\n|move|p1b: Zamazenta|Heavy Slam|p2b: Flutter Mane\n|-activate|p2b: Flutter Mane|move: Protect\n|move|p1a: Regidrago|Earth Power|p2a: Zamazenta\n|-supereffective|p2a: Zamazenta\n|-damage|p2a: Zamazenta|33\/100\n|\n|-sideend|p1: RustyChair13|move: Tailwind\n|upkeep\n|turn|5\n|\n|t:|1736288077\n|-terastallize|p1a: Regidrago|Ghost\n|move|p2b: Flutter Mane|Icy Wind|p1a: Regidrago|[spread] p1a,p1b\n|-resisted|p1b: Zamazenta\n|-damage|p1a: Regidrago|88\/100\n|-damage|p1b: Zamazenta|96\/100\n|-unboost|p1a: Regidrago|spe|1\n|-unboost|p1b: Zamazenta|spe|1\n|move|p2a: Zamazenta|Body Press|p1b: Zamazenta\n|-supereffective|p1b: Zamazenta\n|-damage|p1b: Zamazenta|41\/100\n|move|p1b: Zamazenta|Heavy Slam|p2b: Flutter Mane\n|-supereffective|p2b: Flutter Mane\n|-damage|p2b: Flutter Mane|0 fnt\n|faint|p2b: Flutter Mane\n|-end|p2b: Flutter Mane|Protosynthesis|[silent]\n|move|p1a: Regidrago|Earth Power|p2a: Zamazenta\n|-supereffective|p2a: Zamazenta\n|-damage|p2a: Zamazenta|0 fnt\n|faint|p2a: Zamazenta\n|\n|upkeep\n|\n|t:|1736288086\n|switch|p2b: Urshifu|Urshifu-Rapid-Strike, L50, F|43\/100\n|turn|6\n|\n|t:|1736288095\n|-terastallize|p2b: Urshifu|Water\n|move|p2b: Urshifu|Surging Strikes|p1b: Zamazenta\n|-crit|p1b: Zamazenta\n|-damage|p1b: Zamazenta|25\/100\n|-crit|p1b: Zamazenta\n|-damage|p1b: Zamazenta|7\/100\n|-crit|p1b: Zamazenta\n|-damage|p1b: Zamazenta|0 fnt\n|faint|p1b: Zamazenta\n|-hitcount|p1: Zamazenta|3\n|move|p1a: Regidrago|Earth Power|p2b: Urshifu\n|-damage|p2b: Urshifu|0 fnt\n|faint|p2b: Urshifu\n|\n|win|RustyChair13\n|raw|RustyChair13's rating: 1559 &rarr; <strong>1582<\/strong><br \/>(+23 for winning)\n|raw|JackoEk11's rating: 1605 &rarr; <strong>1582<\/strong><br \/>(-23 for losing)\n|l|\u2606RustyChair13\n|player|p1|\n|l|\u2606JackoEk11\n|player|p2|\n|l| Geengar's dream\n","uploadtime":1736288364,"views":784,"formatid":"gen9vgc2025regg","rating":1582,"private":0,"password":null}