{"id":"gen9vgc2025regg-2276358725","format":"[Gen 9] VGC 2025 Reg G","players":["Elvegis1","Angelo Neres"],"log":"|j|\u2606Elvegis1\n|j|\u2606Angelo Neres\n|t:|1736213802\n|gametype|doubles\n|player|p1|Elvegis1|lucas|1526\n|player|p2|Angelo Neres|102|1617\n|teamsize|p1|6\n|teamsize|p2|6\n|gen|9\n|tier|[Gen 9] VGC 2025 Reg G\n|rated|\n|rule|Species Clause: Limit one of each Pok\u00e9mon\n|rule|Item Clause: Limit 1 of each item\n|clearpoke\n|poke|p1|Incineroar, L50, M|\n|poke|p1|Rillaboom, L50, F|\n|poke|p1|Grimmsnarl, L50, M|\n|poke|p1|Urshifu-*, L50, M|\n|poke|p1|Raging Bolt, L50|\n|poke|p1|Kyogre, L50|\n|poke|p2|Groudon, L50|\n|poke|p2|Moltres-Galar, L50|\n|poke|p2|Scream Tail, L50|\n|poke|p2|Grimmsnarl, L50, M|\n|poke|p2|Cobalion, L50|\n|poke|p2|Annihilape, L50, F|\n|teampreview|4\n|inactive|Battle timer is ON: inactive players will automatically lose when time's up. (requested by Elvegis1)\n|inactive|Elvegis1 has 60 seconds left.\n|inactive|Angelo Neres has 60 seconds left.\n|\n|t:|1736213841\n|start\n|switch|p1a: Grimmsnarl|Grimmsnarl, L50, M|100\/100\n|switch|p1b: Urshifu|Urshifu-Rapid-Strike, L50, M|100\/100\n|switch|p2a: Grimmsnarl|Grimmsnarl, L50, M, shiny|100\/100\n|switch|p2b: Scream Tail|Scream Tail, L50, shiny|100\/100\n|turn|1\n|\n|t:|1736213857\n|move|p2a: Grimmsnarl|Parting Shot|p1b: Urshifu\n|-unboost|p1b: Urshifu|atk|1\n|-unboost|p1b: Urshifu|spa|1\n|\n|t:|1736213866\n|switch|p2a: Annihilape|Annihilape, L50, F, shiny|100\/100|[from] Parting Shot\n|move|p1a: Grimmsnarl|Thunder Wave|p2b: Scream Tail\n|-status|p2b: Scream Tail|par\n|move|p1b: Urshifu|Taunt|p2a: Annihilape\n|-start|p2a: Annihilape|move: Taunt\n|move|p2b: Scream Tail|Thunder Wave|p1b: Urshifu\n|-status|p1b: Urshifu|par\n|\n|upkeep\n|turn|2\n|inactive|Angelo Neres has 30 seconds left.\n|\n|t:|1736213893\n|switch|p2a: Grimmsnarl|Grimmsnarl, L50, M, shiny|100\/100\n|move|p1a: Grimmsnarl|Thunder Wave|p2a: Grimmsnarl\n|-hint|Since gen 7, Dark is immune to Prankster moves.\n|-immune|p2a: Grimmsnarl\n|cant|p2b: Scream Tail|par\n|cant|p1b: Urshifu|par\n|\n|upkeep\n|turn|3\n|inactive|Angelo Neres has 30 seconds left.\n|j| thisisnotmyuser\n|l| thisisnotmyuser\n|inactive|Angelo Neres has 20 seconds left.\n|inactive|Angelo Neres has 15 seconds left.\n|\n|t:|1736213936\n|move|p1a: Grimmsnarl|Reflect|p1a: Grimmsnarl\n|-sidestart|p1: Elvegis1|Reflect\n|move|p2b: Scream Tail|Encore|p1a: Grimmsnarl\n|-start|p1a: Grimmsnarl|Encore\n|move|p2a: Grimmsnarl|Spirit Break|p1b: Urshifu\n|-supereffective|p1b: Urshifu\n|-crit|p1b: Urshifu\n|-damage|p1b: Urshifu|12\/100 par\n|-unboost|p1b: Urshifu|spa|1\n|move|p1b: Urshifu|Surging Strikes|p2b: Scream Tail\n|-crit|p2b: Scream Tail\n|-damage|p2b: Scream Tail|83\/100 par\n|-crit|p2b: Scream Tail\n|-damage|p2b: Scream Tail|65\/100 par\n|-crit|p2b: Scream Tail\n|-damage|p2b: Scream Tail|48\/100 par\n|-hitcount|p2b: Scream Tail|3\n|\n|upkeep\n|turn|4\n|\n|t:|1736213958\n|-end|p2b: Scream Tail|Protosynthesis|[silent]\n|switch|p2b: Annihilape|Annihilape, L50, F, shiny|100\/100\n|switch|p1a: Incineroar|Incineroar, L50, M|100\/100\n|-ability|p1a: Incineroar|Intimidate|boost\n|-unboost|p2a: Grimmsnarl|atk|1\n|-unboost|p2b: Annihilape|atk|1\n|cant|p1b: Urshifu|par\n|move|p2a: Grimmsnarl|Spirit Break|p1b: Urshifu\n|-supereffective|p1b: Urshifu\n|-damage|p1b: Urshifu|0 fnt\n|faint|p1b: Urshifu\n|\n|upkeep\n|\n|t:|1736213974\n|switch|p1b: Grimmsnarl|Grimmsnarl, L50, M|100\/100\n|turn|5\n|inactive|Angelo Neres has 30 seconds left.\n|\n|t:|1736214006\n|move|p1a: Incineroar|Fake Out|p2a: Grimmsnarl\n|-damage|p2a: Grimmsnarl|90\/100\n|move|p1b: Grimmsnarl|Thunder Wave|p2b: Annihilape\n|-status|p2b: Annihilape|par\n|move|p2a: Grimmsnarl|Spirit Break|p1b: Grimmsnarl\n|-supereffective|p1b: Grimmsnarl\n|-damage|p1b: Grimmsnarl|70\/100\n|-unboost|p1b: Grimmsnarl|spa|1\n|move|p2b: Annihilape|Taunt|p1a: Incineroar\n|-start|p1a: Incineroar|move: Taunt\n|\n|upkeep\n|turn|6\n|\n|t:|1736214022\n|switch|p2a: Groudon|Groudon, L50, shiny|100\/100\n|-weather|SunnyDay|[from] ability: Drought|[of] p2a: Groudon\n|move|p1a: Incineroar|Knock Off|p2b: Annihilape\n|-damage|p2b: Annihilape|60\/100 par\n|-enditem|p2b: Annihilape|Focus Sash|[from] move: Knock Off|[of] p1a: Incineroar\n|move|p1b: Grimmsnarl|Spirit Break|p2b: Annihilape\n|-supereffective|p2b: Annihilape\n|-damage|p2b: Annihilape|0 fnt\n|faint|p2b: Annihilape\n|\n|-weather|SunnyDay|[upkeep]\n|upkeep\n|\n|t:|1736214043\n|switch|p2b: Scream Tail|Scream Tail, L50, shiny|48\/100 par\n|-activate|p2b: Scream Tail|ability: Protosynthesis\n|-start|p2b: Scream Tail|protosynthesisspe\n|turn|7\n|\n|t:|1736214063\n|-terastallize|p1a: Incineroar|Ghost\n|move|p2b: Scream Tail|Thunder Wave|p1a: Incineroar\n|-status|p1a: Incineroar|par\n|move|p2a: Groudon|Precipice Blades|p1a: Incineroar|[spread] p1a,p1b\n|-damage|p1a: Incineroar|68\/100 par\n|-damage|p1b: Grimmsnarl|36\/100\n|move|p1b: Grimmsnarl|Spirit Break|p2b: Scream Tail\n|-damage|p2b: Scream Tail|24\/100 par\n|-unboost|p2b: Scream Tail|spa|1\n|cant|p1a: Incineroar|par\n|\n|-weather|SunnyDay|[upkeep]\n|upkeep\n|turn|8\n|inactive|Angelo Neres has 30 seconds left.\n|\n|t:|1736214092\n|-end|p2b: Scream Tail|Protosynthesis|[silent]\n|switch|p2b: Grimmsnarl|Grimmsnarl, L50, M, shiny|90\/100\n|switch|p1a: Kyogre|Kyogre, L50|100\/100\n|-weather|RainDance|[from] ability: Drizzle|[of] p1a: Kyogre\n|move|p2a: Groudon|Heavy Slam|p1b: Grimmsnarl\n|-supereffective|p1b: Grimmsnarl\n|-damage|p1b: Grimmsnarl|0 fnt\n|faint|p1b: Grimmsnarl\n|\n|-weather|RainDance|[upkeep]\n|upkeep\n|\n|t:|1736214101\n|switch|p1b: Incineroar|Incineroar, L50, M, tera:Ghost|68\/100 par\n|-ability|p1b: Incineroar|Intimidate|boost\n|-unboost|p2a: Groudon|atk|1\n|-unboost|p2b: Grimmsnarl|atk|1\n|turn|9\n|\n|t:|1736214107\n|switch|p2a: Scream Tail|Scream Tail, L50, shiny|24\/100 par\n|cant|p1b: Incineroar|par\n|move|p2b: Grimmsnarl|Light Screen|p2b: Grimmsnarl\n|-sidestart|p2: Angelo Neres|move: Light Screen\n|move|p1a: Kyogre|Water Spout|p2b: Grimmsnarl|[spread] p2a,p2b\n|-crit|p2b: Grimmsnarl\n|-damage|p2a: Scream Tail|0 fnt\n|-damage|p2b: Grimmsnarl|0 fnt\n|faint|p2a: Scream Tail\n|-end|p2a: Scream Tail|Protosynthesis|[silent]\n|faint|p2b: Grimmsnarl\n|\n|-weather|RainDance|[upkeep]\n|upkeep\n|\n|t:|1736214112\n|switch|p2a: Groudon|Groudon, L50, shiny|100\/100\n|-weather|SunnyDay|[from] ability: Drought|[of] p2a: Groudon\n|turn|10\n|\n|t:|1736214129\n|-terastallize|p2a: Groudon|Fire\n|move|p1a: Kyogre|Calm Mind|p1a: Kyogre\n|-boost|p1a: Kyogre|spa|1\n|-boost|p1a: Kyogre|spd|1\n|move|p2a: Groudon|Precipice Blades|p1b: Incineroar|[spread] p1a,p1b\n|-damage|p1a: Kyogre|66\/100\n|-damage|p1b: Incineroar|36\/100 par\n|move|p1b: Incineroar|Knock Off|p2a: Groudon\n|-damage|p2a: Groudon|75\/100\n|-enditem|p2a: Groudon|Assault Vest|[from] move: Knock Off|[of] p1b: Incineroar\n|\n|-weather|SunnyDay|[upkeep]\n|-heal|p1a: Kyogre|72\/100|[from] item: Leftovers\n|-sideend|p1: Elvegis1|Reflect\n|upkeep\n|turn|11\n|\n|t:|1736214148\n|move|p1a: Kyogre|Protect|p1a: Kyogre\n|-singleturn|p1a: Kyogre|Protect\n|move|p2a: Groudon|Precipice Blades|p1b: Incineroar|[spread] p1b\n|-activate|p1a: Kyogre|move: Protect\n|-damage|p1b: Incineroar|0 fnt\n|faint|p1b: Incineroar\n|\n|-weather|SunnyDay|[upkeep]\n|-heal|p1a: Kyogre|78\/100|[from] item: Leftovers\n|upkeep\n|turn|12\n|\n|t:|1736214154\n|move|p1a: Kyogre|Water Spout|p2a: Groudon\n|-supereffective|p2a: Groudon\n|-damage|p2a: Groudon|20\/100\n|move|p2a: Groudon|Precipice Blades|p1a: Kyogre|[miss]\n|-miss|p2a: Groudon|p1a: Kyogre\n|\n|-weather|SunnyDay|[upkeep]\n|-heal|p1a: Kyogre|84\/100|[from] item: Leftovers\n|upkeep\n|turn|13\n|c|\u2606Angelo Neres|Gg\n|c|\u2606Elvegis1|Gg\n|-message|Angelo Neres forfeited.\n|\n|win|Elvegis1\n|raw|Elvegis1's rating: 1526 &rarr; <strong>1551<\/strong><br \/>(+25 for winning)\n|raw|Angelo Neres's rating: 1617 &rarr; <strong>1592<\/strong><br \/>(-25 for losing)\n|l|\u2606Angelo Neres\n|player|p2|\n|l|\u2606Elvegis1\n|player|p1|\n","uploadtime":1736214403,"views":259,"formatid":"gen9vgc2025regg","rating":1551,"private":0,"password":null}