{"id":"gen9vgc2025regg-2276010449","format":"[Gen 9] VGC 2025 Reg G","players":["bobhammer76","Slackermaru"],"log":"|j|\u2606bobhammer76\n|j|\u2606Slackermaru\n|t:|1736172547\n|gametype|doubles\n|player|p1|bobhammer76|102|1542\n|player|p2|Slackermaru|workerice|1651\n|teamsize|p1|6\n|teamsize|p2|6\n|gen|9\n|tier|[Gen 9] VGC 2025 Reg G\n|rated|\n|rule|Species Clause: Limit one of each Pok\u00e9mon\n|rule|Item Clause: Limit 1 of each item\n|clearpoke\n|poke|p1|Indeedee-F, L50, F|\n|poke|p1|Gallade, L50, M|\n|poke|p1|Flutter Mane, L50|\n|poke|p1|Ogerpon-Wellspring, L50, F|\n|poke|p1|Calyrex-Ice, L50|\n|poke|p1|Torkoal, L50, M|\n|poke|p2|Zamazenta-*, L50|\n|poke|p2|Urshifu-*, L50, F|\n|poke|p2|Chi-Yu, L50|\n|poke|p2|Raging Bolt, L50|\n|poke|p2|Rillaboom, L50, M|\n|poke|p2|Flutter Mane, L50|\n|teampreview|4\n|\n|t:|1736172588\n|start\n|switch|p1a: Calyrex|Calyrex-Ice, L50|100\/100\n|switch|p1b: Gallade|Gallade, L50, M|100\/100\n|switch|p2a: Flutter Mane|Flutter Mane, L50|100\/100\n|switch|p2b: Chi-Yu|Chi-Yu, L50|100\/100\n|-ability|p1a: Calyrex|As One\n|-ability|p1a: Calyrex|Unnerve\n|-ability|p2b: Chi-Yu|Beads of Ruin\n|-enditem|p2a: Flutter Mane|Booster Energy\n|-activate|p2a: Flutter Mane|ability: Protosynthesis|[fromitem]\n|-start|p2a: Flutter Mane|protosynthesisspe\n|turn|1\n|\n|t:|1736172606\n|-terastallize|p1a: Calyrex|Water\n|move|p2a: Flutter Mane|Taunt|p1b: Gallade\n|-start|p1b: Gallade|move: Taunt\n|move|p2b: Chi-Yu|Overheat|p1a: Calyrex\n|-resisted|p1a: Calyrex\n|-damage|p1a: Calyrex|67\/100\n|-unboost|p2b: Chi-Yu|spa|2\n|move|p1b: Gallade|Sacred Sword|p2b: Chi-Yu\n|-supereffective|p2b: Chi-Yu\n|-damage|p2b: Chi-Yu|0 fnt\n|faint|p2b: Chi-Yu\n|move|p1a: Calyrex|Trick Room|p1a: Calyrex\n|-fieldstart|move: Trick Room|[of] p1a: Calyrex\n|\n|upkeep\n|\n|t:|1736172618\n|switch|p2b: Zamazenta|Zamazenta-Crowned, L50|100\/100\n|-ability|p2b: Zamazenta|Dauntless Shield|boost\n|-boost|p2b: Zamazenta|def|1\n|turn|2\n|j| Rabbihorn\n|\n|t:|1736172645\n|move|p1a: Calyrex|Glacial Lance|p2a: Flutter Mane|[spread] p2a,p2b\n|-resisted|p2b: Zamazenta\n|-damage|p2a: Flutter Mane|17\/100\n|-damage|p2b: Zamazenta|90\/100\n|move|p1b: Gallade|Sacred Sword|p2b: Zamazenta\n|-supereffective|p2b: Zamazenta\n|-damage|p2b: Zamazenta|8\/100\n|move|p2b: Zamazenta|Body Press|p1a: Calyrex\n|-damage|p1a: Calyrex|24\/100\n|move|p2a: Flutter Mane|Moonblast|p1b: Gallade\n|-supereffective|p1b: Gallade\n|-damage|p1b: Gallade|20\/100\n|-unboost|p1b: Gallade|spa|1\n|\n|upkeep\n|turn|3\n|j| hikde\n|\n|t:|1736172672\n|move|p2b: Zamazenta|Wide Guard|p2b: Zamazenta\n|-singleturn|p2b: Zamazenta|Wide Guard\n|move|p1a: Calyrex|Glacial Lance|p2a: Flutter Mane|[spread] \n|-activate|p2a: Flutter Mane|move: Wide Guard\n|-activate|p2b: Zamazenta|move: Wide Guard\n|move|p1b: Gallade|Psycho Cut|p2a: Flutter Mane\n|-damage|p2a: Flutter Mane|0 fnt\n|faint|p2a: Flutter Mane\n|-end|p2a: Flutter Mane|Protosynthesis|[silent]\n|\n|-end|p1b: Gallade|move: Taunt\n|upkeep\n|\n|t:|1736172682\n|switch|p2a: Raging Bolt|Raging Bolt, L50|100\/100\n|turn|4\n|j| GooglePay\n|\n|t:|1736172715\n|switch|p1b: Indeedee|Indeedee-F, L50, F|100\/100\n|-fieldstart|move: Psychic Terrain|[from] ability: Psychic Surge|[of] p1b: Indeedee\n|move|p2b: Zamazenta|Wide Guard|p2b: Zamazenta\n|-singleturn|p2b: Zamazenta|Wide Guard\n|move|p1a: Calyrex|Glacial Lance|p2a: Raging Bolt|[spread] \n|-activate|p2a: Raging Bolt|move: Wide Guard\n|-activate|p2b: Zamazenta|move: Wide Guard\n|move|p2a: Raging Bolt|Thunderbolt|p1a: Calyrex\n|-supereffective|p1a: Calyrex\n|-damage|p1a: Calyrex|0 fnt\n|faint|p1a: Calyrex\n|-damage|p2a: Raging Bolt|91\/100|[from] item: Life Orb\n|\n|upkeep\n|l| GooglePay\n|\n|t:|1736172723\n|switch|p1a: Torkoal|Torkoal, L50, M|100\/100\n|-weather|SunnyDay|[from] ability: Drought|[of] p1a: Torkoal\n|-activate|p2a: Raging Bolt|ability: Protosynthesis\n|-start|p2a: Raging Bolt|protosynthesisspa\n|turn|5\n|\n|t:|1736172741\n|move|p2b: Zamazenta|Protect||[still]\n|-fail|p2b: Zamazenta\n|move|p1a: Torkoal|Weather Ball|p2b: Zamazenta\n|-supereffective|p2b: Zamazenta\n|-damage|p2b: Zamazenta|0 fnt\n|faint|p2b: Zamazenta\n|move|p1b: Indeedee|Dazzling Gleam|p2a: Raging Bolt\n|-supereffective|p2a: Raging Bolt\n|-damage|p2a: Raging Bolt|60\/100\n|move|p2a: Raging Bolt|Thunderbolt|p1a: Torkoal\n|-damage|p1a: Torkoal|0 fnt\n|faint|p1a: Torkoal\n|-damage|p2a: Raging Bolt|51\/100|[from] item: Life Orb\n|\n|-weather|SunnyDay|[upkeep]\n|-fieldend|move: Trick Room\n|upkeep\n|\n|t:|1736172756\n|switch|p1a: Gallade|Gallade, L50, M|20\/100\n|turn|6\n|\n|t:|1736172765\n|-terastallize|p2a: Raging Bolt|Electric\n|move|p1b: Indeedee|Follow Me|p1b: Indeedee\n|-singleturn|p1b: Indeedee|move: Follow Me\n|move|p2a: Raging Bolt|Thunderbolt|p1b: Indeedee\n|-damage|p1b: Indeedee|7\/100\n|-damage|p2a: Raging Bolt|41\/100|[from] item: Life Orb\n|move|p1a: Gallade|Psycho Cut|p2a: Raging Bolt\n|-damage|p2a: Raging Bolt|0 fnt\n|faint|p2a: Raging Bolt\n|-end|p2a: Raging Bolt|Protosynthesis|[silent]\n|\n|win|bobhammer76\n|raw|bobhammer76's rating: 1542 &rarr; <strong>1568<\/strong><br \/>(+26 for winning)\n|raw|Slackermaru's rating: 1651 &rarr; <strong>1625<\/strong><br \/>(-26 for losing)\n|l|\u2606bobhammer76\n|player|p1|\n|l|\u2606Slackermaru\n|player|p2|\n|l| hikde\n","uploadtime":1736172781,"views":274,"formatid":"gen9vgc2025regg","rating":1568,"private":0,"password":null}