{"id":"gen9vgc2025regg-2276035714","format":"[Gen 9] VGC 2025 Reg G","players":["zxsvgc","ninjaloki"],"log":"|j|\u2606zxsvgc\n|j|\u2606ninjaloki\n|t:|1736175868\n|gametype|doubles\n|player|p1|zxsvgc|lacey|1535\n|player|p2|ninjaloki|101|1569\n|teamsize|p1|6\n|teamsize|p2|6\n|gen|9\n|tier|[Gen 9] VGC 2025 Reg G\n|rated|\n|rule|Species Clause: Limit one of each Pok\u00e9mon\n|rule|Item Clause: Limit 1 of each item\n|clearpoke\n|poke|p1|Calyrex-Shadow, L50|\n|poke|p1|Ogerpon-Wellspring, L50, F|\n|poke|p1|Incineroar, L50, M|\n|poke|p1|Whimsicott, L50, M|\n|poke|p1|Raging Bolt, L50|\n|poke|p1|Flutter Mane, L50|\n|poke|p2|Miraidon, L50|\n|poke|p2|Whimsicott, L50, M|\n|poke|p2|Farigiraf, L50, M|\n|poke|p2|Iron Hands, L50|\n|poke|p2|Urshifu-*, L50, M|\n|poke|p2|Ogerpon-Hearthflame, L50, F|\n|teampreview|4\n|c|\u2606zxsvgc|Hello. Nice to meet you.\n|inactive|Battle timer is ON: inactive players will automatically lose when time's up. (requested by ninjaloki)\n|\n|t:|1736175894\n|start\n|switch|p1a: Raging Bolt|Raging Bolt, L50|100\/100\n|switch|p1b: \u6c38\u8fdc\u7684\u699c\u4e00\u5927\u59d0|Flutter Mane, L50|100\/100\n|switch|p2a: Miraidon|Miraidon, L50|100\/100\n|switch|p2b: Urshifu|Urshifu, L50, M|100\/100\n|-fieldstart|move: Electric Terrain|[from] ability: Hadron Engine|[of] p2a: Miraidon\n|-enditem|p1b: \u6c38\u8fdc\u7684\u699c\u4e00\u5927\u59d0|Booster Energy\n|-activate|p1b: \u6c38\u8fdc\u7684\u699c\u4e00\u5927\u59d0|ability: Protosynthesis|[fromitem]\n|-start|p1b: \u6c38\u8fdc\u7684\u699c\u4e00\u5927\u59d0|protosynthesisspe\n|turn|1\n|\n|t:|1736175920\n|-terastallize|p2a: Miraidon|Fairy\n|move|p2b: Urshifu|Detect|p2b: Urshifu\n|-singleturn|p2b: Urshifu|Protect\n|move|p1b: \u6c38\u8fdc\u7684\u699c\u4e00\u5927\u59d0|Moonblast|p2a: Miraidon\n|-damage|p2a: Miraidon|59\/100\n|move|p2a: Miraidon|Dazzling Gleam|p1a: Raging Bolt|[spread] p1a,p1b\n|-supereffective|p1a: Raging Bolt\n|-damage|p1a: Raging Bolt|26\/100\n|-damage|p1b: \u6c38\u8fdc\u7684\u699c\u4e00\u5927\u59d0|34\/100\n|move|p1a: Raging Bolt|Thunderbolt|p2b: Urshifu\n|-activate|p2b: Urshifu|move: Protect\n|\n|upkeep\n|turn|2\n|\n|t:|1736175943\n|-terastallize|p1a: Raging Bolt|Electric\n|move|p1a: Raging Bolt|Thunderclap|p2a: Miraidon\n|-damage|p2a: Miraidon|0 fnt\n|faint|p2a: Miraidon\n|move|p1b: \u6c38\u8fdc\u7684\u699c\u4e00\u5927\u59d0|Moonblast|p2b: Urshifu\n|-supereffective|p2b: Urshifu\n|-enditem|p2b: Urshifu|Focus Sash\n|-damage|p2b: Urshifu|1\/100\n|move|p2b: Urshifu|Close Combat|p1a: Raging Bolt\n|-damage|p1a: Raging Bolt|0 fnt\n|-unboost|p2b: Urshifu|def|1\n|-unboost|p2b: Urshifu|spd|1\n|faint|p1a: Raging Bolt\n|-end|p1a: Raging Bolt|Protosynthesis|[silent]\n|\n|upkeep\n|\n|t:|1736175957\n|switch|p2a: Ogerpon|Ogerpon-Hearthflame, L50, F|100\/100\n|switch|p1a: \u305f\u3076\u3093|Whimsicott, L50, M|100\/100\n|-ability|p2a: Ogerpon|Mold Breaker\n|turn|3\n|inactive|zxsvgc has 30 seconds left.\n|\n|t:|1736175988\n|move|p2b: Urshifu|Detect|p2b: Urshifu\n|-singleturn|p2b: Urshifu|Protect\n|move|p1b: \u6c38\u8fdc\u7684\u699c\u4e00\u5927\u59d0|Fake Tears|p2a: Ogerpon\n|-unboost|p2a: Ogerpon|spd|2\n|move|p2a: Ogerpon|Ivy Cudgel|p1b: \u6c38\u8fdc\u7684\u699c\u4e00\u5927\u59d0|[anim] Ivy Cudgel Fire\n|-damage|p1b: \u6c38\u8fdc\u7684\u699c\u4e00\u5927\u59d0|0 fnt\n|faint|p1b: \u6c38\u8fdc\u7684\u699c\u4e00\u5927\u59d0\n|-end|p1b: \u6c38\u8fdc\u7684\u699c\u4e00\u5927\u59d0|Protosynthesis|[silent]\n|move|p1a: \u305f\u3076\u3093|Moonblast|p2b: Urshifu\n|-activate|p2b: Urshifu|move: Protect\n|\n|upkeep\n|\n|t:|1736175994\n|switch|p1b: \u591c\u306b\u99c6\u3051\u308b|Calyrex-Shadow, L50|100\/100\n|-ability|p1b: \u591c\u306b\u99c6\u3051\u308b|As One\n|-ability|p1b: \u591c\u306b\u99c6\u3051\u308b|Unnerve\n|turn|4\n|\n|t:|1736176007\n|move|p1b: \u591c\u306b\u99c6\u3051\u308b|Protect|p1b: \u591c\u306b\u99c6\u3051\u308b\n|-singleturn|p1b: \u591c\u306b\u99c6\u3051\u308b|Protect\n|move|p2b: Urshifu|Sucker Punch||[still]\n|-fail|p2b: Urshifu\n|move|p2a: Ogerpon|Ivy Cudgel|p1a: \u305f\u3076\u3093|[anim] Ivy Cudgel Fire\n|-supereffective|p1a: \u305f\u3076\u3093\n|-damage|p1a: \u305f\u3076\u3093|0 fnt\n|faint|p1a: \u305f\u3076\u3093\n|\n|upkeep\n|turn|5\n|\n|t:|1736176022\n|move|p2b: Urshifu|Sucker Punch|p1b: \u591c\u306b\u99c6\u3051\u308b\n|-supereffective|p1b: \u591c\u306b\u99c6\u3051\u308b\n|-enditem|p1b: \u591c\u306b\u99c6\u3051\u308b|Focus Sash\n|-damage|p1b: \u591c\u306b\u99c6\u3051\u308b|1\/100\n|move|p1b: \u591c\u306b\u99c6\u3051\u308b|Astral Barrage|p2a: Ogerpon|[spread] p2a,p2b\n|-crit|p2a: Ogerpon\n|-resisted|p2b: Urshifu\n|-damage|p2a: Ogerpon|0 fnt\n|-damage|p2b: Urshifu|0 fnt\n|faint|p2a: Ogerpon\n|faint|p2b: Urshifu\n|-ability|p1b: \u591c\u306b\u99c6\u3051\u308b|Grim Neigh|boost\n|-boost|p1b: \u591c\u306b\u99c6\u3051\u308b|spa|2\n|\n|-fieldend|move: Electric Terrain\n|upkeep\n|\n|t:|1736176035\n|switch|p2b: Whimsicott|Whimsicott, L50, M|100\/100\n|turn|6\n|\n|t:|1736176044\n|move|p1b: \u591c\u306b\u99c6\u3051\u308b|Expanding Force|p2b: Whimsicott\n|-damage|p2b: Whimsicott|0 fnt\n|faint|p2b: Whimsicott\n|\n|win|zxsvgc\n|raw|zxsvgc's rating: 1535 &rarr; <strong>1557<\/strong><br \/>(+22 for winning)\n|raw|ninjaloki's rating: 1569 &rarr; <strong>1547<\/strong><br \/>(-22 for losing)\n|c|\u2606ninjaloki|nice\n|l|\u2606zxsvgc\n|player|p1|\n|l|\u2606ninjaloki\n|player|p2|\n","uploadtime":1736176265,"views":22,"formatid":"gen9vgc2025regg","rating":1547,"private":0,"password":null}