{"id":"gen9vgc2025regg-2276811262","format":"[Gen 9] VGC 2025 Reg G","players":["eriksp4","JasePokemonTwitter"],"log":"|j|\u2606eriksp4\n|j|\u2606JasePokemonTwitter\n|t:|1736279661\n|gametype|doubles\n|player|p1|eriksp4|volkner-masters|1602\n|player|p2|JasePokemonTwitter|lucas|1573\n|teamsize|p1|6\n|teamsize|p2|6\n|gen|9\n|tier|[Gen 9] VGC 2025 Reg G\n|rated|\n|rule|Species Clause: Limit one of each Pok\u00e9mon\n|rule|Item Clause: Limit 1 of each item\n|clearpoke\n|poke|p1|Farigiraf, L50, F|\n|poke|p1|Regieleki, L50|\n|poke|p1|Landorus, L50, M|\n|poke|p1|Ogerpon-Cornerstone, L50, F|\n|poke|p1|Calyrex-Ice, L50|\n|poke|p1|Urshifu-*, L50, F|\n|poke|p2|Kyogre, L50|\n|poke|p2|Incineroar, L50, M|\n|poke|p2|Grimmsnarl, L50, M|\n|poke|p2|Raging Bolt, L50|\n|poke|p2|Amoonguss, L50, F|\n|poke|p2|Rillaboom, L50, M|\n|teampreview|4\n|inactive|Battle timer is ON: inactive players will automatically lose when time's up. (requested by JasePokemonTwitter)\neriksp4 has agreed to open team sheets.\n|inactive|eriksp4 has 60 seconds left.\n|inactive|JasePokemonTwitter has 60 seconds left.\n|\n|t:|1736279708\n|start\n|switch|p1a: Calyrex|Calyrex-Ice, L50|100\/100\n|switch|p1b: Regieleki|Regieleki, L50|100\/100\n|switch|p2a: Grimmsnarl|Grimmsnarl, L50, M|100\/100\n|switch|p2b: Kyogre|Kyogre, L50|100\/100\n|-ability|p1a: Calyrex|As One\n|-ability|p1a: Calyrex|Unnerve\n|-weather|RainDance|[from] ability: Drizzle|[of] p2b: Kyogre\n|turn|1\n|\n|t:|1736279717\n|-terastallize|p1a: Calyrex|Water\n|move|p2a: Grimmsnarl|Light Screen|p2a: Grimmsnarl\n|-sidestart|p2: JasePokemonTwitter|move: Light Screen\n|move|p1b: Regieleki|Thunderbolt|p2b: Kyogre\n|-supereffective|p2b: Kyogre\n|-damage|p2b: Kyogre|50\/100\n|move|p2b: Kyogre|Origin Pulse|p1a: Calyrex|[spread] p1a,p1b\n|-resisted|p1a: Calyrex\n|-damage|p1a: Calyrex|76\/100\n|-enditem|p1b: Regieleki|Focus Sash\n|-damage|p1b: Regieleki|1\/100\n|move|p1a: Calyrex|Glacial Lance|p2a: Grimmsnarl|[spread] p2a,p2b\n|-resisted|p2b: Kyogre\n|-damage|p2a: Grimmsnarl|41\/100\n|-damage|p2b: Kyogre|26\/100\n|\n|-weather|RainDance|[upkeep]\n|-heal|p2b: Kyogre|32\/100|[from] item: Leftovers\n|upkeep\n|turn|2\n|\n|t:|1736279733\n|switch|p2b: Incineroar|Incineroar, L50, M|100\/100\n|-ability|p2b: Incineroar|Intimidate|boost\n|-fail|p1a: Calyrex|unboost|[from] item: Clear Amulet|[of] p1a: Calyrex\n|-unboost|p1b: Regieleki|atk|1\n|move|p2a: Grimmsnarl|Reflect|p2a: Grimmsnarl\n|-sidestart|p2: JasePokemonTwitter|Reflect\n|move|p1b: Regieleki|Thunderbolt|p2b: Incineroar\n|-damage|p2b: Incineroar|63\/100\n|move|p1a: Calyrex|Glacial Lance|p2a: Grimmsnarl|[spread] p2a,p2b\n|-resisted|p2b: Incineroar\n|-damage|p2a: Grimmsnarl|5\/100\n|-damage|p2b: Incineroar|49\/100\n|\n|-weather|RainDance|[upkeep]\n|upkeep\n|turn|3\n|\n|t:|1736279744\n|move|p1b: Regieleki|Protect|p1b: Regieleki\n|-singleturn|p1b: Regieleki|Protect\n|move|p1a: Calyrex|Protect|p1a: Calyrex\n|-singleturn|p1a: Calyrex|Protect\n|move|p2b: Incineroar|Fake Out|p1a: Calyrex\n|-activate|p1a: Calyrex|move: Protect\n|move|p2a: Grimmsnarl|Thunder Wave|p1a: Calyrex\n|-activate|p1a: Calyrex|move: Protect\n|\n|-weather|RainDance|[upkeep]\n|upkeep\n|turn|4\n|\n|t:|1736279763\n|switch|p1b: Farigiraf|Farigiraf, L50, F|100\/100\n|move|p2a: Grimmsnarl|Thunder Wave||[still]\n|cant|p1b: Farigiraf|ability: Armor Tail|Thunder Wave|[of] p2a: Grimmsnarl\n|move|p1a: Calyrex|High Horsepower|p2b: Incineroar\n|-supereffective|p2b: Incineroar\n|-damage|p2b: Incineroar|7\/100\n|move|p2b: Incineroar|Knock Off|p1b: Farigiraf\n|-supereffective|p1b: Farigiraf\n|-damage|p1b: Farigiraf|23\/100\n|-enditem|p1b: Farigiraf|Safety Goggles|[from] move: Knock Off|[of] p2b: Incineroar\n|\n|-weather|RainDance|[upkeep]\n|upkeep\n|turn|5\n|\n|t:|1736279783\n|switch|p1b: Ogerpon|Ogerpon-Cornerstone, L50, F|100\/100\n|move|p1a: Calyrex|Glacial Lance|p2a: Grimmsnarl|[spread] p2a,p2b\n|-resisted|p2b: Incineroar\n|-damage|p2a: Grimmsnarl|0 fnt\n|-damage|p2b: Incineroar|0 fnt\n|faint|p2a: Grimmsnarl\n|faint|p2b: Incineroar\n|-ability|p1a: Calyrex|Chilling Neigh|boost\n|-boost|p1a: Calyrex|atk|2\n|\n|-weather|none\n|upkeep\n|-message|JasePokemonTwitter forfeited.\n|\n|win|eriksp4\n|raw|eriksp4's rating: 1602 &rarr; <strong>1620<\/strong><br \/>(+18 for winning)\n|raw|JasePokemonTwitter's rating: 1573 &rarr; <strong>1555<\/strong><br \/>(-18 for losing)\n|l|\u2606JasePokemonTwitter\n|player|p2|\n|l|\u2606eriksp4\n|player|p1|\n","uploadtime":1736279939,"views":13,"formatid":"gen9vgc2025regg","rating":1555,"private":0,"password":null}