{"id":"gen9vgc2025regg-2276575855","format":"[Gen 9] VGC 2025 Reg G","players":["Beccca","Ninjaloki"],"log":"|j|\u2606Beccca\n|j|\u2606Ninjaloki\n|t:|1736251940\n|gametype|doubles\n|player|p1|Beccca|169|1551\n|player|p2|Ninjaloki|1|1517\n|teamsize|p1|6\n|teamsize|p2|6\n|gen|9\n|tier|[Gen 9] VGC 2025 Reg G\n|rated|\n|rule|Species Clause: Limit one of each Pok\u00e9mon\n|rule|Item Clause: Limit 1 of each item\n|clearpoke\n|poke|p1|Koraidon, L50|\n|poke|p1|Flutter Mane, L50|\n|poke|p1|Chi-Yu, L50|\n|poke|p1|Raging Bolt, L50|\n|poke|p1|Ogerpon-Cornerstone, L50, F|\n|poke|p1|Amoonguss, L50, M|\n|poke|p2|Miraidon, L50|\n|poke|p2|Whimsicott, L50, M|\n|poke|p2|Urshifu-*, L50, F|\n|poke|p2|Ogerpon-Hearthflame, L50, F|\n|poke|p2|Farigiraf, L50, M|\n|poke|p2|Iron Hands, L50|\n|teampreview|4\n|inactive|Battle timer is ON: inactive players will automatically lose when time's up. (requested by Ninjaloki)\n|inactive|Beccca has 60 seconds left.\n|\n|t:|1736252007\n|start\n|switch|p1a: Flutter Mane|Flutter Mane, L50|100\/100\n|switch|p1b: Ogerpon|Ogerpon-Cornerstone, L50, F|100\/100\n|switch|p2a: Miraidon|Miraidon, L50|100\/100\n|switch|p2b: Ogerpon|Ogerpon-Hearthflame, L50, F|100\/100\n|-fieldstart|move: Electric Terrain|[from] ability: Hadron Engine|[of] p2a: Miraidon\n|-ability|p2b: Ogerpon|Mold Breaker\n|turn|1\n|j| lrexlig9ht\n|inactive|Ninjaloki has 30 seconds left.\n|\n|t:|1736252042\n|-terastallize|p2a: Miraidon|Fairy\n|move|p2b: Ogerpon|Follow Me|p2b: Ogerpon\n|-singleturn|p2b: Ogerpon|move: Follow Me\n|move|p1a: Flutter Mane|Icy Wind|p2a: Miraidon|[spread] p2a,p2b\n|-damage|p2a: Miraidon|87\/100\n|-damage|p2b: Ogerpon|84\/100\n|-unboost|p2a: Miraidon|spe|1\n|-unboost|p2b: Ogerpon|spe|1\n|move|p1b: Ogerpon|Ivy Cudgel|p2b: Ogerpon|[anim] Ivy Cudgel Rock\n|-supereffective|p2b: Ogerpon\n|-damage|p2b: Ogerpon|0 fnt\n|faint|p2b: Ogerpon\n|move|p2a: Miraidon|Dazzling Gleam|p1a: Flutter Mane|[spread] p1a,p1b\n|-damage|p1a: Flutter Mane|30\/100\n|-damage|p1b: Ogerpon|11\/100\n|\n|upkeep\n|j| eboli\n|\n|t:|1736252058\n|switch|p2b: Whimsicott|Whimsicott, L50, M|100\/100\n|turn|2\n|\n|t:|1736252080\n|move|p1b: Ogerpon|Spiky Shield|p1b: Ogerpon\n|-singleturn|p1b: Ogerpon|move: Protect\n|move|p2b: Whimsicott|Tailwind|p2b: Whimsicott\n|-sidestart|p2: Ninjaloki|move: Tailwind\n|move|p2a: Miraidon|Dazzling Gleam|p1a: Flutter Mane|[spread] p1a\n|-activate|p1b: Ogerpon|move: Protect\n|-damage|p1a: Flutter Mane|0 fnt\n|faint|p1a: Flutter Mane\n|-end|p1a: Flutter Mane|Protosynthesis|[silent]\n|\n|upkeep\n|\n|t:|1736252089\n|switch|p1a: Koraidon|Koraidon, L50|100\/100\n|-weather|SunnyDay|[from] ability: Orichalcum Pulse|[of] p1a: Koraidon\n|-activate|p1a: Koraidon|Orichalcum Pulse|[source]\n|turn|3\n|inactive|Beccca has 30 seconds left.\n|\n|t:|1736252120\n|switch|p2a: Iron Hands|Iron Hands, L50|100\/100\n|-activate|p2a: Iron Hands|ability: Quark Drive\n|-start|p2a: Iron Hands|quarkdriveatk\n|-terastallize|p1a: Koraidon|Fire\n|move|p1b: Ogerpon|Follow Me|p1b: Ogerpon\n|-singleturn|p1b: Ogerpon|move: Follow Me\n|move|p2b: Whimsicott|Moonblast|p1b: Ogerpon\n|-damage|p1b: Ogerpon|0 fnt\n|faint|p1b: Ogerpon\n|move|p1a: Koraidon|Flame Charge|p2b: Whimsicott\n|-supereffective|p2b: Whimsicott\n|-damage|p2b: Whimsicott|0 fnt\n|-boost|p1a: Koraidon|spe|1\n|faint|p2b: Whimsicott\n|\n|-weather|SunnyDay|[upkeep]\n|upkeep\n|\n|t:|1736252139\n|switch|p2b: Miraidon|Miraidon, L50, tera:Fairy|87\/100\n|switch|p1b: Chi-Yu|Chi-Yu, L50|100\/100\n|-activate|p2b: Miraidon|ability: Hadron Engine\n|-ability|p1b: Chi-Yu|Beads of Ruin\n|turn|4\n|inactive|Beccca has 30 seconds left.\n|\n|t:|1736252171\n|move|p1a: Koraidon|Protect|p1a: Koraidon\n|-singleturn|p1a: Koraidon|Protect\n|move|p2a: Iron Hands|Fake Out|p1a: Koraidon\n|-activate|p1a: Koraidon|move: Protect\n|move|p2b: Miraidon|Electro Drift|p1b: Chi-Yu\n|-damage|p1b: Chi-Yu|0 fnt\n|faint|p1b: Chi-Yu\n|\n|-weather|SunnyDay|[upkeep]\n|upkeep\n|turn|5\n|inactive|Beccca has 30 seconds left.\n|inactive|Beccca has 20 seconds left.\n|-message|Beccca forfeited.\n|\n|win|Ninjaloki\n|raw|Beccca's rating: 1551 &rarr; <strong>1529<\/strong><br \/>(-22 for losing)\n|raw|Ninjaloki's rating: 1517 &rarr; <strong>1539<\/strong><br \/>(+22 for winning)\n|l|\u2606Beccca\n|player|p1|\n|l|\u2606Ninjaloki\n|player|p2|\n","uploadtime":1736252455,"views":9,"formatid":"gen9vgc2025regg","rating":1529,"private":0,"password":null}