{"id":"gen9vgc2025regg-2276809835","format":"[Gen 9] VGC 2025 Reg G","players":["hockypoco","JasePokemonTwitter"],"log":"|j|\u2606hockypoco\n|j|\u2606JasePokemonTwitter\n|t:|1736279507\n|gametype|doubles\n|player|p1|hockypoco|pokefanf-gen4|1555\n|player|p2|JasePokemonTwitter|lucas|1595\n|teamsize|p1|6\n|teamsize|p2|6\n|gen|9\n|tier|[Gen 9] VGC 2025 Reg G\n|rated|\n|rule|Species Clause: Limit one of each Pok\u00e9mon\n|rule|Item Clause: Limit 1 of each item\n|clearpoke\n|poke|p1|Calyrex-Shadow, L50|\n|poke|p1|Weezing-Galar, L50, M|\n|poke|p1|Dondozo, L50, M|\n|poke|p1|Tatsugiri-Droopy, L50, M|\n|poke|p1|Indeedee-F, L50, F|\n|poke|p1|Urshifu-*, L50, F|\n|poke|p2|Kyogre, L50|\n|poke|p2|Incineroar, L50, F|\n|poke|p2|Grimmsnarl, L50, M|\n|poke|p2|Raging Bolt, L50|\n|poke|p2|Amoonguss, L50, F|\n|poke|p2|Rillaboom, L50, M|\n|teampreview|4\n|inactive|Battle timer is ON: inactive players will automatically lose when time's up. (requested by JasePokemonTwitter)\n|j| biglivingorganism\n|\n|t:|1736279527\n|start\n|switch|p1a: Weezing|Weezing-Galar, L50, M|100\/100\n|switch|p1b: Calyrex|Calyrex-Shadow, L50|100\/100\n|switch|p2a: Amoonguss|Amoonguss, L50, F|100\/100\n|switch|p2b: Grimmsnarl|Grimmsnarl, L50, M|100\/100\n|-ability|p1b: Calyrex|As One\n|-ability|p1b: Calyrex|Unnerve\n|-ability|p1a: Weezing|Neutralizing Gas\n|turn|1\n|l| biglivingorganism\n|\n|t:|1736279548\n|-terastallize|p2a: Amoonguss|Dark\n|move|p1b: Calyrex|Protect|p1b: Calyrex\n|-singleturn|p1b: Calyrex|Protect\n|move|p1a: Weezing|Toxic Spikes|p2b: Grimmsnarl\n|-sidestart|p2: JasePokemonTwitter|move: Toxic Spikes\n|move|p2b: Grimmsnarl|Light Screen|p2b: Grimmsnarl\n|-sidestart|p2: JasePokemonTwitter|move: Light Screen\n|move|p2a: Amoonguss|Foul Play|p1b: Calyrex\n|-activate|p1b: Calyrex|move: Protect\n|\n|upkeep\n|turn|2\n|\n|t:|1736279565\n|move|p1b: Calyrex|Pollen Puff|p2a: Amoonguss\n|-supereffective|p2a: Amoonguss\n|-damage|p2a: Amoonguss|42\/100\n|-damage|p1b: Calyrex|91\/100|[from] item: Life Orb\n|move|p1a: Weezing|Poison Gas|p2b: Grimmsnarl|[spread] p2a,p2b\n|-status|p2a: Amoonguss|psn\n|-status|p2b: Grimmsnarl|psn\n|move|p2b: Grimmsnarl|Spirit Break|p1b: Calyrex\n|-damage|p1b: Calyrex|59\/100\n|-unboost|p1b: Calyrex|spa|1\n|move|p2a: Amoonguss|Spore|p1b: Calyrex\n|-status|p1b: Calyrex|slp|[from] move: Spore\n|\n|-damage|p2b: Grimmsnarl|88\/100 psn|[from] psn\n|-damage|p2a: Amoonguss|30\/100 psn|[from] psn\n|upkeep\n|turn|3\n|inactive|hockypoco has 30 seconds left.\n|inactive|hockypoco has 20 seconds left.\n|\n|t:|1736279601\n|cant|p1b: Calyrex|slp\n|move|p1a: Weezing|Dazzling Gleam|p2a: Amoonguss|[spread] p2a,p2b\n|-supereffective|p2a: Amoonguss\n|-supereffective|p2b: Grimmsnarl\n|-damage|p2a: Amoonguss|6\/100 psn\n|-damage|p2b: Grimmsnarl|66\/100 psn\n|move|p2b: Grimmsnarl|Thunder Wave|p1a: Weezing\n|-status|p1a: Weezing|par\n|move|p2a: Amoonguss|Foul Play|p1b: Calyrex\n|-supereffective|p1b: Calyrex\n|-damage|p1b: Calyrex|0 fnt\n|faint|p1b: Calyrex\n|\n|-damage|p2b: Grimmsnarl|54\/100 psn|[from] psn\n|-damage|p2a: Amoonguss|0 fnt|[from] psn\n|faint|p2a: Amoonguss\n|upkeep\n|\n|t:|1736279610\n|switch|p1b: Dondozo|Dondozo, L50, M|100\/100\n|switch|p2a: Incineroar|Incineroar, L50, F|100\/100\n|-status|p2a: Incineroar|psn\n|turn|4\n|\n|t:|1736279620\n|move|p1b: Dondozo|Protect|p1b: Dondozo\n|-singleturn|p1b: Dondozo|Protect\n|move|p2a: Incineroar|Knock Off|p1a: Weezing\n|-resisted|p1a: Weezing\n|-damage|p1a: Weezing|84\/100 par\n|-enditem|p1a: Weezing|Mental Herb|[from] move: Knock Off|[of] p2a: Incineroar\n|move|p2b: Grimmsnarl|Spirit Break|p1a: Weezing\n|-resisted|p1a: Weezing\n|-damage|p1a: Weezing|73\/100 par\n|-unboost|p1a: Weezing|spa|1\n|move|p1a: Weezing|Toxic Spikes|p2b: Grimmsnarl\n|-sidestart|p2: JasePokemonTwitter|move: Toxic Spikes\n|\n|-damage|p2a: Incineroar|88\/100 psn|[from] psn\n|-damage|p2b: Grimmsnarl|42\/100 psn|[from] psn\n|upkeep\n|turn|5\n|\n|t:|1736279641\n|-end|p1a: Weezing|ability: Neutralizing Gas\n|-ability|p2a: Incineroar|Intimidate|boost\n|-unboost|p1a: Weezing|atk|1\n|-unboost|p1b: Dondozo|atk|1\n|switch|p1a: Tatsugiri|Tatsugiri-Droopy, L50, M|100\/100\n|-activate|p1a: Tatsugiri|ability: Commander|[of] p1b: Dondozo\n|-boost|p1b: Dondozo|atk|2\n|-boost|p1b: Dondozo|spa|2\n|-boost|p1b: Dondozo|spe|2\n|-boost|p1b: Dondozo|def|2\n|-boost|p1b: Dondozo|spd|2\n|move|p2b: Grimmsnarl|Reflect|p2b: Grimmsnarl\n|-sidestart|p2: JasePokemonTwitter|Reflect\n|move|p1b: Dondozo|Body Press|p2a: Incineroar\n|-supereffective|p2a: Incineroar\n|-damage|p2a: Incineroar|36\/100 psn\n|move|p2a: Incineroar|Will-O-Wisp|p1b: Dondozo\n|-status|p1b: Dondozo|brn\n|\n|-damage|p2a: Incineroar|24\/100 psn|[from] psn\n|-damage|p2b: Grimmsnarl|29\/100 psn|[from] psn\n|-damage|p1b: Dondozo|94\/100 brn|[from] brn\n|upkeep\n|turn|6\n|-message|JasePokemonTwitter forfeited.\n|\n|win|hockypoco\n|raw|hockypoco's rating: 1555 &rarr; <strong>1577<\/strong><br \/>(+22 for winning)\n|raw|JasePokemonTwitter's rating: 1595 &rarr; <strong>1573<\/strong><br \/>(-22 for losing)\n|l|\u2606JasePokemonTwitter\n|player|p2|\n|l|\u2606hockypoco\n|player|p1|\n","uploadtime":1736279802,"views":14,"formatid":"gen9vgc2025regg","rating":1573,"private":0,"password":null}