{"id":"gen9vgc2025regg-2276038485","format":"[Gen 9] VGC 2025 Reg G","players":["Slackermaru","Growth_my_word"],"log":"|j|\u2606Slackermaru\n|j|\u2606Growth_my_word\n|t:|1736176210\n|gametype|doubles\n|player|p1|Slackermaru|workerice|1546\n|player|p2|Growth_my_word|lady-gen4|1710\n|teamsize|p1|6\n|teamsize|p2|6\n|gen|9\n|tier|[Gen 9] VGC 2025 Reg G\n|rated|\n|rule|Species Clause: Limit one of each Pok\u00e9mon\n|rule|Item Clause: Limit 1 of each item\n|clearpoke\n|poke|p1|Calyrex-Shadow, L50|\n|poke|p1|Urshifu-*, L50, M|\n|poke|p1|Rillaboom, L50, M|\n|poke|p1|Incineroar, L50, M|\n|poke|p1|Raging Bolt, L50|\n|poke|p1|Amoonguss, L50, M|\n|poke|p2|Miraidon, L50|\n|poke|p2|Dragonite, L50, M|\n|poke|p2|Dondozo, L50, F|\n|poke|p2|Tatsugiri, L50, F|\n|poke|p2|Gholdengo, L50|\n|poke|p2|Chi-Yu, L50|\n|teampreview|4\n|\n|t:|1736176232\n|start\n|switch|p1a: Rillaboom|Rillaboom, L50, M|100\/100\n|switch|p1b: Urshifu|Urshifu-Rapid-Strike, L50, M|100\/100\n|switch|p2a: Dondozo|Dondozo, L50, F|100\/100\n|switch|p2b: Dragonite|Dragonite, L50, M|100\/100\n|-fieldstart|move: Grassy Terrain|[from] ability: Grassy Surge|[of] p1a: Rillaboom\n|turn|1\n|\n|t:|1736176247\n|switch|p2a: Miraidon|Miraidon, L50|100\/100\n|-fieldstart|move: Electric Terrain|[from] ability: Hadron Engine|[of] p2a: Miraidon\n|move|p1b: Urshifu|Detect|p1b: Urshifu\n|-singleturn|p1b: Urshifu|Protect\n|move|p1a: Rillaboom|U-turn|p2a: Miraidon\n|-damage|p2a: Miraidon|77\/100\n|\n|t:|1736176255\n|switch|p1a: Raging Bolt|Raging Bolt, L50|100\/100|[from] U-turn\n|move|p2b: Dragonite|Aerial Ace|p1a: Raging Bolt\n|-resisted|p1a: Raging Bolt\n|-damage|p1a: Raging Bolt|75\/100\n|\n|upkeep\n|turn|2\n|\n|t:|1736176268\n|-terastallize|p1a: Raging Bolt|Electric\n|move|p2a: Miraidon|Draco Meteor|p1a: Raging Bolt\n|-damage|p1a: Raging Bolt|0 fnt\n|-unboost|p2a: Miraidon|spa|2\n|faint|p1a: Raging Bolt\n|-end|p1a: Raging Bolt|Protosynthesis|[silent]\n|move|p1b: Urshifu|Close Combat|p2a: Miraidon\n|-damage|p2a: Miraidon|19\/100\n|-unboost|p1b: Urshifu|def|1\n|-unboost|p1b: Urshifu|spd|1\n|move|p2b: Dragonite|Aerial Ace|p1b: Urshifu\n|-supereffective|p1b: Urshifu\n|-enditem|p1b: Urshifu|Focus Sash\n|-damage|p1b: Urshifu|1\/100\n|\n|upkeep\n|\n|t:|1736176284\n|switch|p1a: Calyrex|Calyrex-Shadow, L50|100\/100\n|-ability|p1a: Calyrex|As One\n|-ability|p1a: Calyrex|Unnerve\n|turn|3\n|\n|t:|1736176295\n|move|p1a: Calyrex|Astral Barrage|p2b: Dragonite|[spread] p2a,p2b\n|-damage|p2a: Miraidon|0 fnt\n|-damage|p2b: Dragonite|76\/100\n|faint|p2a: Miraidon\n|-ability|p1a: Calyrex|Grim Neigh|boost\n|-boost|p1a: Calyrex|spa|1\n|move|p1b: Urshifu|Close Combat|p2b: Dragonite\n|-resisted|p2b: Dragonite\n|-damage|p2b: Dragonite|42\/100\n|-unboost|p1b: Urshifu|def|1\n|-unboost|p1b: Urshifu|spd|1\n|move|p2b: Dragonite|Aerial Ace|p1a: Calyrex\n|-damage|p1a: Calyrex|51\/100\n|\n|upkeep\n|\n|t:|1736176308\n|switch|p2a: Dondozo|Dondozo, L50, F|100\/100\n|turn|4\n|\n|t:|1736176322\n|switch|p2b: Tatsugiri|Tatsugiri, L50, F|100\/100\n|-activate|p2b: Tatsugiri|ability: Commander|[of] p2a: Dondozo\n|-boost|p2a: Dondozo|atk|2\n|-boost|p2a: Dondozo|spa|2\n|-boost|p2a: Dondozo|spe|2\n|-boost|p2a: Dondozo|def|2\n|-boost|p2a: Dondozo|spd|2\n|move|p1a: Calyrex|Protect|p1a: Calyrex\n|-singleturn|p1a: Calyrex|Protect\n|move|p2a: Dondozo|Earthquake|p1a: Calyrex|[spread] p1b\n|-miss|p2a: Dondozo|p2b: Tatsugiri\n|-activate|p1a: Calyrex|move: Protect\n|-damage|p1b: Urshifu|0 fnt\n|faint|p1b: Urshifu\n|\n|upkeep\n|\n|t:|1736176336\n|switch|p1b: Rillaboom|Rillaboom, L50, M|100\/100\n|-fieldstart|move: Grassy Terrain|[from] ability: Grassy Surge|[of] p1b: Rillaboom\n|turn|5\n|\n|t:|1736176345\n|move|p2a: Dondozo|Protect|p2a: Dondozo\n|-singleturn|p2a: Dondozo|Protect\n|move|p1b: Rillaboom|Fake Out|p2a: Dondozo\n|-activate|p2a: Dondozo|move: Protect\n|move|p1a: Calyrex|Astral Barrage|p2b: Tatsugiri|[spread] \n|-miss|p1a: Calyrex|p2b: Tatsugiri\n|-activate|p2a: Dondozo|move: Protect\n|\n|-heal|p1a: Calyrex|57\/100|[from] Grassy Terrain\n|upkeep\n|turn|6\n|\n|t:|1736176358\n|-terastallize|p2a: Dondozo|Grass\n|move|p1a: Calyrex|Protect|p1a: Calyrex\n|-singleturn|p1a: Calyrex|Protect\n|move|p2a: Dondozo|Wave Crash|p1a: Calyrex\n|-activate|p1a: Calyrex|move: Protect\n|move|p1b: Rillaboom|Wood Hammer|p2a: Dondozo\n|-resisted|p2a: Dondozo\n|-damage|p2a: Dondozo|87\/100\n|-damage|p1b: Rillaboom|96\/100|[from] Recoil\n|\n|-heal|p1a: Calyrex|63\/100|[from] Grassy Terrain\n|-heal|p2a: Dondozo|93\/100|[from] Grassy Terrain\n|-heal|p2a: Dondozo|99\/100|[from] item: Leftovers\n|-heal|p1b: Rillaboom|100\/100|[from] Grassy Terrain\n|upkeep\n|turn|7\n|\n|t:|1736176376\n|move|p1a: Calyrex|Astral Barrage|p2b: Tatsugiri|[spread] p2a\n|-miss|p1a: Calyrex|p2b: Tatsugiri\n|-damage|p2a: Dondozo|70\/100\n|move|p2a: Dondozo|Wave Crash|p1a: Calyrex\n|-damage|p1a: Calyrex|0 fnt\n|faint|p1a: Calyrex\n|-damage|p2a: Dondozo|53\/100|[from] Recoil\n|move|p1b: Rillaboom|U-turn|p2a: Dondozo\n|-supereffective|p2a: Dondozo\n|-damage|p2a: Dondozo|38\/100\n|\n|-heal|p2a: Dondozo|44\/100|[from] Grassy Terrain\n|-heal|p2a: Dondozo|50\/100|[from] item: Leftovers\n|upkeep\n|turn|8\n|j| sinwt\n|\n|t:|1736176391\n|move|p2a: Dondozo|Protect|p2a: Dondozo\n|-singleturn|p2a: Dondozo|Protect\n|move|p1b: Rillaboom|U-turn|p2a: Dondozo\n|-activate|p2a: Dondozo|move: Protect\n|\n|-heal|p2a: Dondozo|57\/100|[from] Grassy Terrain\n|-heal|p2a: Dondozo|63\/100|[from] item: Leftovers\n|upkeep\n|turn|9\n|\n|t:|1736176400\n|move|p2a: Dondozo|Order Up|p1b: Rillaboom\n|-damage|p1b: Rillaboom|60\/100\n|-boost|p2a: Dondozo|atk|1\n|move|p1b: Rillaboom|U-turn|p2a: Dondozo\n|-supereffective|p2a: Dondozo\n|-damage|p2a: Dondozo|45\/100\n|\n|-heal|p2a: Dondozo|51\/100|[from] Grassy Terrain\n|-heal|p2a: Dondozo|58\/100|[from] item: Leftovers\n|-heal|p1b: Rillaboom|66\/100|[from] Grassy Terrain\n|-fieldend|move: Grassy Terrain\n|upkeep\n|turn|10\n|\n|t:|1736176411\n|move|p2a: Dondozo|Protect|p2a: Dondozo\n|-singleturn|p2a: Dondozo|Protect\n|move|p1b: Rillaboom|U-turn|p2a: Dondozo\n|-activate|p2a: Dondozo|move: Protect\n|\n|-heal|p2a: Dondozo|64\/100|[from] item: Leftovers\n|upkeep\n|turn|11\n|-message|Slackermaru forfeited.\n|\n|win|Growth_my_word\n|raw|Slackermaru's rating: 1546 &rarr; <strong>1535<\/strong><br \/>(-11 for losing)\n|raw|Growth_my_word's rating: 1710 &rarr; <strong>1721<\/strong><br \/>(+11 for winning)\n|l|\u2606Growth_my_word\n|player|p2|\n|l|\u2606Slackermaru\n|player|p1|\n|l| sinwt\n","uploadtime":1736176693,"views":273,"formatid":"gen9vgc2025regg","rating":1535,"private":0,"password":null}