{"id":"gen9vgc2025regg-2276808040","format":"[Gen 9] VGC 2025 Reg G","players":["Pauliet123","JasePokemonTwitter"],"log":"|j|\u2606Pauliet123\n|j|\u2606JasePokemonTwitter\n|t:|1736279317\n|gametype|doubles\n|player|p1|Pauliet123|266|1588\n|player|p2|JasePokemonTwitter|lucas|1617\n|teamsize|p1|6\n|teamsize|p2|6\n|gen|9\n|tier|[Gen 9] VGC 2025 Reg G\n|rated|\n|rule|Species Clause: Limit one of each Pok\u00e9mon\n|rule|Item Clause: Limit 1 of each item\n|clearpoke\n|poke|p1|Weezing-Galar, L50, M|\n|poke|p1|Dondozo, L50, M|\n|poke|p1|Calyrex-Shadow, L50|\n|poke|p1|Tatsugiri, L50, M|\n|poke|p1|Indeedee-F, L50, F|\n|poke|p1|Urshifu-*, L50, F|\n|poke|p2|Kyogre, L50|\n|poke|p2|Incineroar, L50, M|\n|poke|p2|Grimmsnarl, L50, M|\n|poke|p2|Raging Bolt, L50|\n|poke|p2|Amoonguss, L50, M|\n|poke|p2|Rillaboom, L50, M|\n|teampreview|4\n|inactive|Battle timer is ON: inactive players will automatically lose when time's up. (requested by JasePokemonTwitter)\n|\n|t:|1736279333\n|start\n|switch|p1a: Calyrex|Calyrex-Shadow, L50|100\/100\n|switch|p1b: Weezing|Weezing-Galar, L50, M, shiny|100\/100\n|switch|p2a: Grimmsnarl|Grimmsnarl, L50, M|100\/100\n|switch|p2b: Incineroar|Incineroar, L50, M|100\/100\n|-ability|p1a: Calyrex|As One\n|-ability|p1a: Calyrex|Unnerve\n|-ability|p1b: Weezing|Neutralizing Gas\n|turn|1\n|\n|t:|1736279342\n|move|p2b: Incineroar|Fake Out|p1b: Weezing\n|-crit|p1b: Weezing\n|-damage|p1b: Weezing|87\/100\n|move|p1a: Calyrex|Pollen Puff|p2a: Grimmsnarl\n|-damage|p2a: Grimmsnarl|55\/100\n|-damage|p1a: Calyrex|91\/100|[from] item: Life Orb\n|cant|p1b: Weezing|flinch\n|move|p2a: Grimmsnarl|Light Screen|p2a: Grimmsnarl\n|-sidestart|p2: JasePokemonTwitter|move: Light Screen\n|\n|upkeep\n|turn|2\n|\n|t:|1736279356\n|move|p1a: Calyrex|Protect|p1a: Calyrex\n|-singleturn|p1a: Calyrex|Protect\n|move|p2b: Incineroar|Knock Off|p1a: Calyrex\n|-activate|p1a: Calyrex|move: Protect\n|move|p1b: Weezing|Poison Gas|p2b: Incineroar|[spread] p2a,p2b\n|-status|p2a: Grimmsnarl|psn\n|-status|p2b: Incineroar|psn\n|move|p2a: Grimmsnarl|Spirit Break|p1b: Weezing\n|-resisted|p1b: Weezing\n|-damage|p1b: Weezing|76\/100\n|-unboost|p1b: Weezing|spa|1\n|\n|-damage|p2b: Incineroar|88\/100 psn|[from] psn\n|-damage|p2a: Grimmsnarl|43\/100 psn|[from] psn\n|upkeep\n|turn|3\n|\n|t:|1736279369\n|move|p1a: Calyrex|Pollen Puff|p2b: Incineroar\n|-damage|p2b: Incineroar|59\/100 psn\n|-damage|p1a: Calyrex|82\/100|[from] item: Life Orb\n|move|p2b: Incineroar|Knock Off|p1a: Calyrex\n|-supereffective|p1a: Calyrex\n|-damage|p1a: Calyrex|0 fnt\n|-enditem|p1a: Calyrex|Life Orb|[from] move: Knock Off|[of] p2b: Incineroar\n|faint|p1a: Calyrex\n|move|p1b: Weezing|Toxic Spikes|p2b: Incineroar\n|-sidestart|p2: JasePokemonTwitter|move: Toxic Spikes\n|move|p2a: Grimmsnarl|Spirit Break|p1b: Weezing\n|-resisted|p1b: Weezing\n|-damage|p1b: Weezing|66\/100\n|-unboost|p1b: Weezing|spa|1\n|\n|-damage|p2b: Incineroar|47\/100 psn|[from] psn\n|-damage|p2a: Grimmsnarl|31\/100 psn|[from] psn\n|upkeep\n|\n|t:|1736279377\n|switch|p1a: Tatsugiri|Tatsugiri, L50, M, shiny|100\/100\n|turn|4\n|\n|t:|1736279387\n|switch|p2b: Amoonguss|Amoonguss, L50, M|100\/100\n|-sideend|p2: JasePokemonTwitter|move: Toxic Spikes|[of] p2b: Amoonguss\n|move|p1a: Tatsugiri|Muddy Water|p2a: Grimmsnarl|[spread] p2b\n|-miss|p1a: Tatsugiri|p2a: Grimmsnarl\n|-resisted|p2b: Amoonguss\n|-damage|p2b: Amoonguss|89\/100\n|move|p1b: Weezing|Dazzling Gleam|p2b: Amoonguss|[spread] p2a,p2b\n|-supereffective|p2a: Grimmsnarl\n|-resisted|p2b: Amoonguss\n|-damage|p2a: Grimmsnarl|20\/100 psn\n|-damage|p2b: Amoonguss|86\/100\n|move|p2a: Grimmsnarl|Reflect|p2a: Grimmsnarl\n|-sidestart|p2: JasePokemonTwitter|Reflect\n|\n|-damage|p2a: Grimmsnarl|8\/100 psn|[from] psn\n|upkeep\n|turn|5\n|\n|t:|1736279403\n|switch|p2a: Kyogre|Kyogre, L50|100\/100\n|move|p1a: Tatsugiri|Muddy Water|p2b: Amoonguss|[spread] p2a,p2b\n|-resisted|p2a: Kyogre\n|-resisted|p2b: Amoonguss\n|-damage|p2a: Kyogre|93\/100\n|-damage|p2b: Amoonguss|74\/100\n|move|p1b: Weezing|Toxic Spikes|p2b: Amoonguss\n|-sidestart|p2: JasePokemonTwitter|move: Toxic Spikes\n|move|p2b: Amoonguss|Spore|p1b: Weezing\n|-status|p1b: Weezing|slp|[from] move: Spore\n|\n|-heal|p2a: Kyogre|99\/100|[from] item: Leftovers\n|upkeep\n|turn|6\n|\n|t:|1736279418\n|move|p1a: Tatsugiri|Muddy Water|p2a: Kyogre|[spread] p2a,p2b\n|-resisted|p2a: Kyogre\n|-resisted|p2b: Amoonguss\n|-damage|p2a: Kyogre|91\/100\n|-damage|p2b: Amoonguss|62\/100\n|move|p2a: Kyogre|Calm Mind|p2a: Kyogre\n|-boost|p2a: Kyogre|spa|1\n|-boost|p2a: Kyogre|spd|1\n|cant|p1b: Weezing|slp\n|move|p2b: Amoonguss|Spore|p1b: Weezing\n|-fail|p1b: Weezing|slp\n|\n|-heal|p2a: Kyogre|97\/100|[from] item: Leftovers\n|upkeep\n|turn|7\n|\n|t:|1736279432\n|move|p2a: Kyogre|Ice Beam|p1a: Tatsugiri\n|-damage|p1a: Tatsugiri|31\/100\n|cant|p1b: Weezing|slp\n|move|p2b: Amoonguss|Spore|p1b: Weezing\n|-fail|p1b: Weezing|slp\n|move|p1a: Tatsugiri|Mirror Coat|p2a: Kyogre\n|-damage|p2a: Kyogre|0 fnt\n|faint|p2a: Kyogre\n|\n|upkeep\n|-message|JasePokemonTwitter forfeited.\n|\n|win|Pauliet123\n|raw|Pauliet123's rating: 1588 &rarr; <strong>1610<\/strong><br \/>(+22 for winning)\n|raw|JasePokemonTwitter's rating: 1617 &rarr; <strong>1595<\/strong><br \/>(-22 for losing)\n|l|\u2606JasePokemonTwitter\n|player|p2|\n|l|\u2606Pauliet123\n|player|p1|\n","uploadtime":1736279665,"views":32,"formatid":"gen9vgc2025regg","rating":1595,"private":0,"password":null}