{"id":"gen9vgc2025regg-2276886545","format":"[Gen 9] VGC 2025 Reg G","players":["Jarvis1","cy1015"],"log":"|j|\u2606Jarvis1\n|j|\u2606cy1015\n|t:|1736288002\n|gametype|doubles\n|player|p1|Jarvis1|266|1505\n|player|p2|cy1015|102|1605\n|teamsize|p1|6\n|teamsize|p2|6\n|gen|9\n|tier|[Gen 9] VGC 2025 Reg G\n|rated|\n|rule|Species Clause: Limit one of each Pok\u00e9mon\n|rule|Item Clause: Limit 1 of each item\n|clearpoke\n|poke|p1|Pelipper, L50, F|\n|poke|p1|Incineroar, L50, F|\n|poke|p1|Rillaboom, L50, M|\n|poke|p1|Walking Wake, L50|\n|poke|p1|Kyogre, L50|\n|poke|p1|Iron Valiant, L50|\n|poke|p2|Pelipper, L50, M|\n|poke|p2|Raging Bolt, L50|\n|poke|p2|Urshifu-*, L50, M|\n|poke|p2|Amoonguss, L50, F|\n|poke|p2|Calyrex-Ice, L50|\n|poke|p2|Volcarona, L50, F|\n|teampreview|4\n|inactive|Battle timer is ON: inactive players will automatically lose when time's up. (requested by Jarvis1)\n|\n|t:|1736288041\n|start\n|switch|p1a: Iron Valiant|Iron Valiant, L50|100\/100\n|switch|p1b: Walking Wake|Walking Wake, L50|100\/100\n|switch|p2a: Urshifu|Urshifu-Rapid-Strike, L50, M|100\/100\n|switch|p2b: Calyrex|Calyrex-Ice, L50|100\/100\n|-ability|p2b: Calyrex|As One\n|-ability|p2b: Calyrex|Unnerve\n|-enditem|p1a: Iron Valiant|Booster Energy\n|-activate|p1a: Iron Valiant|ability: Quark Drive|[fromitem]\n|-start|p1a: Iron Valiant|quarkdrivespe\n|turn|1\n|inactive|cy1015 has 30 seconds left.\n|j| TheBeanTester\n|inactive|cy1015 has 20 seconds left.\n|\n|t:|1736288081\n|-end|p1a: Iron Valiant|Quark Drive|[silent]\n|switch|p1a: Incineroar|Incineroar, L50, F|100\/100\n|-ability|p1a: Incineroar|Intimidate|boost\n|-unboost|p2a: Urshifu|atk|1\n|-fail|p2b: Calyrex|unboost|[from] item: Clear Amulet|[of] p2b: Calyrex\n|switch|p2a: Amoonguss|Amoonguss, L50, F, shiny|100\/100\n|-terastallize|p1b: Walking Wake|Fire\n|move|p1b: Walking Wake|Flamethrower|p2b: Calyrex\n|-supereffective|p2b: Calyrex\n|-damage|p2b: Calyrex|20\/100\n|-damage|p1b: Walking Wake|91\/100|[from] item: Life Orb\n|move|p2b: Calyrex|Trick Room|p2b: Calyrex\n|-fieldstart|move: Trick Room|[of] p2b: Calyrex\n|\n|upkeep\n|turn|2\n|inactive|cy1015 has 30 seconds left.\n|j| Therazer456\n|inactive|cy1015 has 20 seconds left.\n|j| Geengar's dream\n|inactive|cy1015 has 15 seconds left.\n|\n|t:|1736288122\n|move|p2b: Calyrex|Protect|p2b: Calyrex\n|-singleturn|p2b: Calyrex|Protect\n|move|p1b: Walking Wake|Protect|p1b: Walking Wake\n|-singleturn|p1b: Walking Wake|Protect\n|move|p2a: Amoonguss|Spore|p1b: Walking Wake\n|-activate|p1b: Walking Wake|move: Protect\n|move|p1a: Incineroar|Flare Blitz|p2b: Calyrex\n|-activate|p2b: Calyrex|move: Protect\n|\n|upkeep\n|turn|3\n|\n|t:|1736288140\n|-end|p1b: Walking Wake|Protosynthesis|[silent]\n|switch|p1b: Iron Valiant|Iron Valiant, L50|100\/100\n|-terastallize|p2b: Calyrex|Water\n|move|p2a: Amoonguss|Pollen Puff|p2b: Calyrex\n|-heal|p2b: Calyrex|69\/100\n|move|p2b: Calyrex|High Horsepower|p1b: Iron Valiant|[miss]\n|-miss|p2b: Calyrex|p1b: Iron Valiant\n|move|p1a: Incineroar|Flare Blitz|p2b: Calyrex\n|-resisted|p2b: Calyrex\n|-damage|p2b: Calyrex|52\/100\n|-damage|p1a: Incineroar|95\/100|[from] Recoil\n|\n|upkeep\n|turn|4\n|\n|t:|1736288165\n|move|p1b: Iron Valiant|Protect|p1b: Iron Valiant\n|-singleturn|p1b: Iron Valiant|Protect\n|move|p2a: Amoonguss|Spore|p1b: Iron Valiant\n|-activate|p1b: Iron Valiant|move: Protect\n|move|p2b: Calyrex|High Horsepower|p1a: Incineroar\n|-supereffective|p1a: Incineroar\n|-damage|p1a: Incineroar|21\/100\n|move|p1a: Incineroar|Will-O-Wisp|p2b: Calyrex\n|-status|p2b: Calyrex|brn\n|\n|-damage|p2b: Calyrex|46\/100 brn|[from] brn\n|upkeep\n|turn|5\n|\n|t:|1736288183\n|switch|p1a: Kyogre|Kyogre, L50|100\/100\n|-weather|RainDance|[from] ability: Drizzle|[of] p1a: Kyogre\n|move|p1b: Iron Valiant|Wide Guard|p1b: Iron Valiant\n|-singleturn|p1b: Iron Valiant|Wide Guard\n|move|p2a: Amoonguss|Spore|p1b: Iron Valiant\n|-status|p1b: Iron Valiant|slp|[from] move: Spore\n|move|p2b: Calyrex|High Horsepower|p1a: Kyogre\n|-damage|p1a: Kyogre|83\/100\n|\n|-weather|RainDance|[upkeep]\n|-heal|p1a: Kyogre|90\/100|[from] item: Leftovers\n|-damage|p2b: Calyrex|40\/100 brn|[from] brn\n|-fieldend|move: Trick Room\n|upkeep\n|turn|6\n|inactive|Jarvis1 has 30 seconds left.\n|\n|t:|1736288215\n|cant|p1b: Iron Valiant|slp\n|move|p1a: Kyogre|Ice Beam|p2a: Amoonguss\n|-supereffective|p2a: Amoonguss\n|-damage|p2a: Amoonguss|42\/100\n|move|p2b: Calyrex|Glacial Lance|p1a: Kyogre|[spread] p1a,p1b\n|-resisted|p1a: Kyogre\n|-damage|p1a: Kyogre|77\/100\n|-damage|p1b: Iron Valiant|68\/100 slp\n|move|p2a: Amoonguss|Pollen Puff|p2b: Calyrex\n|-heal|p2b: Calyrex|90\/100 brn\n|\n|-weather|RainDance|[upkeep]\n|-heal|p1a: Kyogre|83\/100|[from] item: Leftovers\n|-damage|p2b: Calyrex|84\/100 brn|[from] brn\n|upkeep\n|turn|7\n|inactive|cy1015 has 30 seconds left.\n|inactive|cy1015 has 20 seconds left.\n|inactive|cy1015 has 15 seconds left.\n|\n|t:|1736288256\n|move|p1a: Kyogre|Protect|p1a: Kyogre\n|-singleturn|p1a: Kyogre|Protect\n|-curestatus|p1b: Iron Valiant|slp|[msg]\n|move|p1b: Iron Valiant|Spirit Break|p2a: Amoonguss\n|-resisted|p2a: Amoonguss\n|-crit|p2a: Amoonguss\n|-damage|p2a: Amoonguss|23\/100\n|-unboost|p2a: Amoonguss|spa|1\n|-damage|p1b: Iron Valiant|52\/100|[from] item: Rocky Helmet|[of] p2a: Amoonguss\n|move|p2a: Amoonguss|Spore|p1a: Kyogre\n|-activate|p1a: Kyogre|move: Protect\n|move|p2b: Calyrex|Trick Room|p2b: Calyrex\n|-fieldstart|move: Trick Room|[of] p2b: Calyrex\n|\n|-weather|RainDance|[upkeep]\n|-heal|p1a: Kyogre|90\/100|[from] item: Leftovers\n|-damage|p2b: Calyrex|78\/100 brn|[from] brn\n|upkeep\n|turn|8\n|inactive|cy1015 has 30 seconds left.\n|\n|t:|1736288289\n|switch|p2a: Raging Bolt|Raging Bolt, L50|100\/100\n|-enditem|p2a: Raging Bolt|Booster Energy\n|-activate|p2a: Raging Bolt|ability: Protosynthesis|[fromitem]\n|-start|p2a: Raging Bolt|protosynthesisspa\n|switch|p1a: Incineroar|Incineroar, L50, F|21\/100\n|-ability|p1a: Incineroar|Intimidate|boost\n|-unboost|p2a: Raging Bolt|atk|1\n|-fail|p2b: Calyrex|unboost|[from] item: Clear Amulet|[of] p2b: Calyrex\n|move|p2b: Calyrex|Glacial Lance|p1b: Iron Valiant|[spread] p1a,p1b\n|-resisted|p1a: Incineroar\n|-damage|p1a: Incineroar|7\/100\n|-damage|p1b: Iron Valiant|21\/100\n|move|p1b: Iron Valiant|Spirit Break|p2a: Raging Bolt\n|-supereffective|p2a: Raging Bolt\n|-damage|p2a: Raging Bolt|41\/100\n|-unboost|p2a: Raging Bolt|spa|1\n|\n|-weather|RainDance|[upkeep]\n|-damage|p2b: Calyrex|72\/100 brn|[from] brn\n|upkeep\n|turn|9\n|inactive|Jarvis1 has 30 seconds left.\n|inactive|cy1015 has 30 seconds left.\n|inactive|Jarvis1 has 20 seconds left.\n|inactive|Jarvis1 has 15 seconds left.\n|l| TheBeanTester\n|\n|t:|1736288338\n|-end|p2a: Raging Bolt|Protosynthesis|[silent]\n|switch|p2a: Amoonguss|Amoonguss, L50, F, shiny|56\/100\n|move|p2b: Calyrex|Protect|p2b: Calyrex\n|-singleturn|p2b: Calyrex|Protect\n|move|p1a: Incineroar|Fake Out|p2b: Calyrex\n|-activate|p2b: Calyrex|move: Protect\n|move|p1b: Iron Valiant|Spirit Break|p2a: Amoonguss\n|-resisted|p2a: Amoonguss\n|-damage|p2a: Amoonguss|43\/100\n|-unboost|p2a: Amoonguss|spa|1\n|-damage|p1b: Iron Valiant|5\/100|[from] item: Rocky Helmet|[of] p2a: Amoonguss\n|\n|-weather|none\n|-damage|p2b: Calyrex|66\/100 brn|[from] brn\n|upkeep\n|turn|10\n|inactive|cy1015 has 30 seconds left.\n|\n|t:|1736288364\n|switch|p2a: Raging Bolt|Raging Bolt, L50|41\/100\n|move|p1b: Iron Valiant|Wide Guard|p1b: Iron Valiant\n|-singleturn|p1b: Iron Valiant|Wide Guard\n|move|p2b: Calyrex|Glacial Lance|p1b: Iron Valiant|[spread] \n|-activate|p1a: Incineroar|move: Wide Guard\n|-activate|p1b: Iron Valiant|move: Wide Guard\n|move|p1a: Incineroar|Flare Blitz|p2a: Raging Bolt\n|-resisted|p2a: Raging Bolt\n|-damage|p2a: Raging Bolt|18\/100\n|-damage|p1a: Incineroar|0 fnt|[from] Recoil\n|faint|p1a: Incineroar\n|\n|-damage|p2b: Calyrex|60\/100 brn|[from] brn\n|upkeep\n|\n|t:|1736288370\n|switch|p1a: Walking Wake|Walking Wake, L50, tera:Fire|91\/100\n|turn|11\n|j| TheBeanTester\n|inactive|cy1015 has 30 seconds left.\n|inactive|cy1015 has 20 seconds left.\n|inactive|cy1015 has 15 seconds left.\n|inactive|cy1015 has 10 seconds left.\n|inactive|cy1015 has 5 seconds left.\n|\n|t:|1736288423\n|-end|p2a: Raging Bolt|Protosynthesis|[silent]\n|switch|p2a: Amoonguss|Amoonguss, L50, F, shiny|76\/100\n|move|p1b: Iron Valiant|Protect|p1b: Iron Valiant\n|-singleturn|p1b: Iron Valiant|Protect\n|move|p1a: Walking Wake|Protect|p1a: Walking Wake\n|-singleturn|p1a: Walking Wake|Protect\n|move|p2b: Calyrex|High Horsepower|p1b: Iron Valiant\n|-activate|p1b: Iron Valiant|move: Protect\n|\n|-damage|p2b: Calyrex|55\/100 brn|[from] brn\n|-fieldend|move: Trick Room\n|upkeep\n|turn|12\n|l| Therazer456\n|inactive|cy1015 has 30 seconds left.\n|inactive|cy1015 has 20 seconds left.\n|inactive|cy1015 has 15 seconds left.\n|inactive|cy1015 has 10 seconds left.\n|\n|t:|1736288468\n|switch|p2a: Urshifu|Urshifu-Rapid-Strike, L50, M|100\/100\n|move|p1a: Walking Wake|Flamethrower|p2a: Urshifu\n|-resisted|p2a: Urshifu\n|-damage|p2a: Urshifu|52\/100\n|-damage|p1a: Walking Wake|81\/100|[from] item: Life Orb\n|move|p1b: Iron Valiant|Close Combat|p2b: Calyrex\n|-damage|p2b: Calyrex|22\/100 brn\n|-unboost|p1b: Iron Valiant|def|1\n|-unboost|p1b: Iron Valiant|spd|1\n|move|p2b: Calyrex|High Horsepower|p1b: Iron Valiant\n|-damage|p1b: Iron Valiant|0 fnt\n|faint|p1b: Iron Valiant\n|-end|p1b: Iron Valiant|Quark Drive|[silent]\n|-ability|p2b: Calyrex|Chilling Neigh|boost\n|-boost|p2b: Calyrex|atk|1\n|\n|-damage|p2b: Calyrex|17\/100 brn|[from] brn\n|upkeep\n|\n|t:|1736288479\n|switch|p1b: Kyogre|Kyogre, L50|90\/100\n|-weather|RainDance|[from] ability: Drizzle|[of] p1b: Kyogre\n|turn|13\n|inactive|cy1015 has 30 seconds left.\n|\n|t:|1736288508\n|switch|p2b: Amoonguss|Amoonguss, L50, F, shiny|100\/100\n|move|p2a: Urshifu|Surging Strikes|p1a: Walking Wake\n|-supereffective|p1a: Walking Wake\n|-crit|p1a: Walking Wake\n|-damage|p1a: Walking Wake|8\/100\n|-supereffective|p1a: Walking Wake\n|-crit|p1a: Walking Wake\n|-damage|p1a: Walking Wake|0 fnt\n|faint|p1a: Walking Wake\n|-end|p1a: Walking Wake|Protosynthesis|[silent]\n|-hitcount|p1: Walking Wake|2\n|move|p1b: Kyogre|Origin Pulse|p2a: Urshifu|[spread] p2a,p2b\n|-resisted|p2a: Urshifu\n|-resisted|p2b: Amoonguss\n|-damage|p2a: Urshifu|4\/100\n|-damage|p2b: Amoonguss|67\/100\n|\n|-weather|RainDance|[upkeep]\n|-heal|p1b: Kyogre|96\/100|[from] item: Leftovers\n|upkeep\n|turn|14\n|inactive|cy1015 has 30 seconds left this turn.\n|inactive|cy1015 has 20 seconds left.\n|inactive|cy1015 has 15 seconds left.\n|\n|t:|1736288527\n|move|p2a: Urshifu|Surging Strikes|p1b: Kyogre\n|-resisted|p1b: Kyogre\n|-crit|p1b: Kyogre\n|-damage|p1b: Kyogre|82\/100\n|-resisted|p1b: Kyogre\n|-crit|p1b: Kyogre\n|-damage|p1b: Kyogre|69\/100\n|-resisted|p1b: Kyogre\n|-crit|p1b: Kyogre\n|-damage|p1b: Kyogre|55\/100\n|-hitcount|p1b: Kyogre|3\n|move|p1b: Kyogre|Ice Beam|p2b: Amoonguss\n|-supereffective|p2b: Amoonguss\n|-damage|p2b: Amoonguss|8\/100\n|move|p2b: Amoonguss|Spore|p1b: Kyogre\n|-status|p1b: Kyogre|slp|[from] move: Spore\n|\n|-weather|RainDance|[upkeep]\n|-heal|p1b: Kyogre|61\/100 slp|[from] item: Leftovers\n|upkeep\n|turn|15\n|inactive|cy1015 has 15 seconds left this turn.\n|inactive|cy1015 has 10 seconds left.\n|inactive|cy1015 has 5 seconds left.\n|-message|cy1015 lost due to inactivity.\n|\n|win|Jarvis1\n|raw|Jarvis1's rating: 1505 &rarr; <strong>1530<\/strong><br \/>(+25 for winning)\n|raw|cy1015's rating: 1587 &rarr; <strong>1562<\/strong><br \/>(-25 for losing)\n|l|\u2606Jarvis1\n|player|p1|\n|l| TheBeanTester\n","uploadtime":1736288781,"views":264,"formatid":"gen9vgc2025regg","rating":1530,"private":0,"password":null}