{"id":"gen9vgc2025regg-2276887478","format":"[Gen 9] VGC 2025 Reg G","players":["RomanTogepi","RustyChair13"],"log":"|j|\u2606RomanTogepi\n|j|\u2606RustyChair13\n|t:|1736288108\n|gametype|doubles\n|player|p1|RomanTogepi|170|1685\n|player|p2|RustyChair13|scientist-gen4|1582\n|teamsize|p1|6\n|teamsize|p2|6\n|gen|9\n|tier|[Gen 9] VGC 2025 Reg G\n|rated|\n|rule|Species Clause: Limit one of each Pok\u00e9mon\n|rule|Item Clause: Limit 1 of each item\n|clearpoke\n|poke|p1|Scream Tail, L50|\n|poke|p1|Terapagos, L50, M|\n|poke|p1|Incineroar, L50, F|\n|poke|p1|Rillaboom, L50, M|\n|poke|p1|Grimmsnarl, L50, M|\n|poke|p1|Ogerpon-Wellspring, L50, F|\n|poke|p2|Zamazenta-*, L50|\n|poke|p2|Urshifu-*, L50, M|\n|poke|p2|Regidrago, L50|\n|poke|p2|Ditto, L50|\n|poke|p2|Iron Moth, L50|\n|poke|p2|Whimsicott, L50, F|\n|teampreview|4\n|j| Geengar's dream\n|inactive|Battle timer is ON: inactive players will automatically lose when time's up. (requested by RustyChair13)\n|\n|t:|1736288132\n|start\n|switch|p1a: Grimmsnarl|Grimmsnarl, L50, M, shiny|100\/100\n|switch|p1b: Rillaboom|Rillaboom, L50, M|100\/100\n|switch|p2a: Whimsicott|Whimsicott, L50, F|100\/100\n|switch|p2b: Urshifu|Urshifu-Rapid-Strike, L50, M|100\/100\n|-fieldstart|move: Grassy Terrain|[from] ability: Grassy Surge|[of] p1b: Rillaboom\n|turn|1\n|\n|t:|1736288140\n|switch|p2b: Iron Moth|Iron Moth, L50|100\/100\n|-enditem|p2b: Iron Moth|Booster Energy\n|-activate|p2b: Iron Moth|ability: Quark Drive|[fromitem]\n|-start|p2b: Iron Moth|quarkdrivespe\n|move|p1a: Grimmsnarl|Light Screen|p1a: Grimmsnarl\n|-sidestart|p1: RomanTogepi|move: Light Screen\n|move|p2a: Whimsicott|Moonblast|p1a: Grimmsnarl\n|-supereffective|p1a: Grimmsnarl\n|-damage|p1a: Grimmsnarl|65\/100\n|-unboost|p1a: Grimmsnarl|spa|1\n|move|p1b: Rillaboom|Wood Hammer|p2b: Iron Moth\n|-resisted|p2b: Iron Moth\n|-damage|p2b: Iron Moth|72\/100\n|-damage|p1b: Rillaboom|93\/100|[from] Recoil\n|\n|-heal|p2b: Iron Moth|77\/100|[from] Grassy Terrain\n|-heal|p1b: Rillaboom|99\/100|[from] Grassy Terrain\n|-heal|p1a: Grimmsnarl|71\/100|[from] Grassy Terrain\n|upkeep\n|turn|2\n|\n|t:|1736288161\n|move|p2a: Whimsicott|Encore|p1b: Rillaboom\n|-start|p1b: Rillaboom|Encore\n|move|p1a: Grimmsnarl|Thunder Wave|p2b: Iron Moth\n|-status|p2b: Iron Moth|par\n|move|p2b: Iron Moth|Heat Wave|p1b: Rillaboom|[spread] p1b\n|-miss|p2b: Iron Moth|p1a: Grimmsnarl\n|-supereffective|p1b: Rillaboom\n|-damage|p1b: Rillaboom|66\/100\n|move|p1b: Rillaboom|Wood Hammer|p2b: Iron Moth\n|-resisted|p2b: Iron Moth\n|-damage|p2b: Iron Moth|50\/100 par\n|-damage|p1b: Rillaboom|58\/100|[from] Recoil\n|\n|-heal|p2b: Iron Moth|56\/100 par|[from] Grassy Terrain\n|-heal|p1b: Rillaboom|65\/100|[from] Grassy Terrain\n|-heal|p1a: Grimmsnarl|77\/100|[from] Grassy Terrain\n|upkeep\n|turn|3\n|inactive|RomanTogepi has 30 seconds left.\n|\n|t:|1736288187\n|move|p2a: Whimsicott|Helping Hand|p2b: Iron Moth\n|-singleturn|p2b: Iron Moth|Helping Hand|[of] p2a: Whimsicott\n|move|p1a: Grimmsnarl|Reflect|p1a: Grimmsnarl\n|-sidestart|p1: RomanTogepi|Reflect\n|move|p2b: Iron Moth|Heat Wave|p1b: Rillaboom|[spread] p1a,p1b\n|-supereffective|p1b: Rillaboom\n|-crit|p1b: Rillaboom\n|-damage|p1a: Grimmsnarl|40\/100\n|-damage|p1b: Rillaboom|0 fnt\n|faint|p1b: Rillaboom\n|\n|-heal|p2b: Iron Moth|62\/100 par|[from] Grassy Terrain\n|-heal|p1a: Grimmsnarl|46\/100|[from] Grassy Terrain\n|upkeep\n|\n|t:|1736288201\n|switch|p1b: Terapagos|Terapagos, L50, M|100\/100\n|-activate|p1b: Terapagos|ability: Tera Shift\n|detailschange|p1b: Terapagos|Terapagos-Terastal, L50, M\n|-heal|p1b: Terapagos|100\/100|[silent]\n|turn|4\n|\n|t:|1736288213\n|move|p2a: Whimsicott|Tailwind|p2a: Whimsicott\n|-sidestart|p2: RustyChair13|move: Tailwind\n|move|p1a: Grimmsnarl|Thunder Wave|p2a: Whimsicott\n|-status|p2a: Whimsicott|par\n|move|p2b: Iron Moth|Acid Spray|p1a: Grimmsnarl\n|-supereffective|p1a: Grimmsnarl\n|-damage|p1a: Grimmsnarl|18\/100\n|-unboost|p1a: Grimmsnarl|spd|2\n|move|p1b: Terapagos|Earth Power|p2b: Iron Moth\n|-supereffective|p2b: Iron Moth\n|-damage|p2b: Iron Moth|0 fnt\n|faint|p2b: Iron Moth\n|-end|p2b: Iron Moth|Quark Drive|[silent]\n|\n|-heal|p1a: Grimmsnarl|24\/100|[from] Grassy Terrain\n|upkeep\n|\n|t:|1736288232\n|switch|p2b: Urshifu|Urshifu-Rapid-Strike, L50, M|100\/100\n|turn|5\n|\n|t:|1736288242\n|switch|p1b: Scream Tail|Scream Tail, L50, shiny|100\/100\n|-enditem|p1b: Scream Tail|Booster Energy\n|-activate|p1b: Scream Tail|ability: Protosynthesis|[fromitem]\n|-start|p1b: Scream Tail|protosynthesisspe\n|move|p2b: Urshifu|Detect|p2b: Urshifu\n|-singleturn|p2b: Urshifu|Protect\n|move|p1a: Grimmsnarl|Thunder Wave|p2b: Urshifu\n|-activate|p2b: Urshifu|move: Protect\n|move|p2a: Whimsicott|Moonblast|p1a: Grimmsnarl\n|-supereffective|p1a: Grimmsnarl\n|-damage|p1a: Grimmsnarl|0 fnt\n|faint|p1a: Grimmsnarl\n|\n|-fieldend|move: Grassy Terrain\n|upkeep\n|\n|t:|1736288247\n|switch|p1a: Terapagos|Terapagos-Terastal, L50, M|100\/100\n|turn|6\n|inactive|RustyChair13 has 30 seconds left.\n|\n|t:|1736288274\n|switch|p2b: Zamazenta|Zamazenta-Crowned, L50, shiny|100\/100\n|-ability|p2b: Zamazenta|Dauntless Shield|boost\n|-boost|p2b: Zamazenta|def|1\n|move|p1b: Scream Tail|Dazzling Gleam|p2b: Zamazenta|[spread] p2a,p2b\n|-damage|p2a: Whimsicott|83\/100 par\n|-damage|p2b: Zamazenta|90\/100\n|cant|p2a: Whimsicott|par\n|move|p1a: Terapagos|Tera Starstorm|p2b: Zamazenta\n|-resisted|p2b: Zamazenta\n|-damage|p2b: Zamazenta|69\/100\n|\n|upkeep\n|turn|7\n|inactive|RustyChair13 has 30 seconds left.\n|\n|t:|1736288302\n|-terastallize|p2b: Zamazenta|Grass\n|move|p2b: Zamazenta|Wide Guard|p2b: Zamazenta\n|-singleturn|p2b: Zamazenta|Wide Guard\n|move|p2a: Whimsicott|Encore|p1b: Scream Tail\n|-start|p1b: Scream Tail|Encore\n|move|p1b: Scream Tail|Dazzling Gleam|p2a: Whimsicott|[spread] \n|-activate|p2a: Whimsicott|move: Wide Guard\n|-activate|p2b: Zamazenta|move: Wide Guard\n|move|p1a: Terapagos|Tera Starstorm|p2a: Whimsicott\n|-damage|p2a: Whimsicott|16\/100 par\n|\n|-sideend|p2: RustyChair13|move: Tailwind\n|upkeep\n|turn|8\n|\n|t:|1736288323\n|-terastallize|p1a: Terapagos|Stellar\n|detailschange|p1a: Terapagos|Terapagos-Stellar, L50, M, tera:Stellar\n|-heal|p1a: Terapagos|100\/100|[silent]\n|move|p2a: Whimsicott|Tailwind|p2a: Whimsicott\n|-sidestart|p2: RustyChair13|move: Tailwind\n|move|p2b: Zamazenta|Body Press|p1a: Terapagos\n|-supereffective|p1a: Terapagos\n|-damage|p1a: Terapagos|42\/100\n|move|p1b: Scream Tail|Dazzling Gleam|p2b: Zamazenta|[spread] p2a,p2b\n|-damage|p2a: Whimsicott|0 fnt\n|-damage|p2b: Zamazenta|59\/100\n|faint|p2a: Whimsicott\n|move|p1a: Terapagos|Tera Starstorm|p2b: Zamazenta\n|-supereffective|p2b: Zamazenta\n|-damage|p2b: Zamazenta|0 fnt\n|faint|p2b: Zamazenta\n|\n|-heal|p1a: Terapagos|49\/100|[from] item: Leftovers\n|-sideend|p1: RomanTogepi|move: Light Screen\n|upkeep\n|\n|t:|1736288333\n|switch|p2b: Urshifu|Urshifu-Rapid-Strike, L50, M|100\/100\n|turn|9\n|\n|t:|1736288340\n|move|p2b: Urshifu|Close Combat|p1a: Terapagos\n|-supereffective|p1a: Terapagos\n|-damage|p1a: Terapagos|0 fnt\n|-unboost|p2b: Urshifu|def|1\n|-unboost|p2b: Urshifu|spd|1\n|faint|p1a: Terapagos\n|move|p1b: Scream Tail|Dazzling Gleam|p2b: Urshifu\n|-supereffective|p2b: Urshifu\n|-damage|p2b: Urshifu|4\/100\n|\n|-end|p1b: Scream Tail|Encore\n|upkeep\n|turn|10\n|\n|t:|1736288344\n|move|p2b: Urshifu|Surging Strikes|p1b: Scream Tail\n|-crit|p1b: Scream Tail\n|-damage|p1b: Scream Tail|80\/100\n|-crit|p1b: Scream Tail\n|-damage|p1b: Scream Tail|59\/100\n|-crit|p1b: Scream Tail\n|-damage|p1b: Scream Tail|39\/100\n|-hitcount|p1b: Scream Tail|3\n|move|p1b: Scream Tail|Dazzling Gleam|p2b: Urshifu\n|-supereffective|p2b: Urshifu\n|-damage|p2b: Urshifu|0 fnt\n|faint|p2b: Urshifu\n|\n|win|RomanTogepi\n|raw|RomanTogepi's rating: 1685 &rarr; <strong>1699<\/strong><br \/>(+14 for winning)\n|raw|RustyChair13's rating: 1582 &rarr; <strong>1568<\/strong><br \/>(-14 for losing)\n|l|\u2606RustyChair13\n|player|p2|\n|c|\u2606RomanTogepi|Gg\n|l|\u2606RomanTogepi\n|player|p1|\n|j|\u2606RomanTogepi\n|player|p1|RomanTogepi|170|\n","uploadtime":1736288503,"views":283,"formatid":"gen9vgc2025regg","rating":1568,"private":0,"password":null}