{"id":"gen9vgc2025regg-2276818353","format":"[Gen 9] VGC 2025 Reg G","players":["hockypoco","CALAMELLA"],"log":"|j|\u2606hockypoco\n|j|\u2606CALAMELLA\n|t:|1736280415\n|gametype|doubles\n|player|p1|hockypoco|pokefanf-gen4|1570\n|player|p2|CALAMELLA|li|1541\n|teamsize|p1|6\n|teamsize|p2|6\n|gen|9\n|tier|[Gen 9] VGC 2025 Reg G\n|rated|\n|rule|Species Clause: Limit one of each Pok\u00e9mon\n|rule|Item Clause: Limit 1 of each item\n|clearpoke\n|poke|p1|Calyrex-Shadow, L50|\n|poke|p1|Weezing-Galar, L50, F|\n|poke|p1|Dondozo, L50, M|\n|poke|p1|Tatsugiri-Droopy, L50, M|\n|poke|p1|Indeedee-F, L50, F|\n|poke|p1|Urshifu-*, L50, M|\n|poke|p2|Landorus, L50, M|\n|poke|p2|Urshifu-*, L50, F|\n|poke|p2|Iron Valiant, L50|\n|poke|p2|Pelipper, L50, F|\n|poke|p2|Amoonguss, L50, F|\n|poke|p2|Calyrex-Ice, L50|\n|teampreview|4\n|inactive|Battle timer is ON: inactive players will automatically lose when time's up. (requested by hockypoco)\nCALAMELLA has agreed to open team sheets.\n|\n|t:|1736280446\n|start\n|switch|p1a: Calyrex|Calyrex-Shadow, L50|100\/100\n|switch|p1b: Indeedee|Indeedee-F, L50, F|100\/100\n|switch|p2a: Iron Valiant|Iron Valiant, L50|100\/100\n|switch|p2b: Calyrex|Calyrex-Ice, L50|100\/100\n|-ability|p1a: Calyrex|As One\n|-ability|p1a: Calyrex|Unnerve\n|-ability|p2b: Calyrex|As One\n|-ability|p2b: Calyrex|Unnerve\n|-fieldstart|move: Psychic Terrain|[from] ability: Psychic Surge|[of] p1b: Indeedee\n|-enditem|p2a: Iron Valiant|Booster Energy\n|-activate|p2a: Iron Valiant|ability: Quark Drive|[fromitem]\n|-start|p2a: Iron Valiant|quarkdrivespe\n|turn|1\n|inactive|hockypoco has 30 seconds left.\n|inactive|CALAMELLA has 30 seconds left.\n|\n|t:|1736280479\n|-terastallize|p2b: Calyrex|Grass\n|move|p2a: Iron Valiant|Spirit Break|p1a: Calyrex\n|-damage|p1a: Calyrex|65\/100\n|-unboost|p1a: Calyrex|spa|1\n|move|p1a: Calyrex|Pollen Puff|p2b: Calyrex\n|-supereffective|p2b: Calyrex\n|-damage|p2b: Calyrex|60\/100\n|-damage|p1a: Calyrex|55\/100|[from] item: Life Orb\n|move|p1b: Indeedee|Trick Room|p1b: Indeedee\n|-fieldstart|move: Trick Room|[of] p1b: Indeedee\n|move|p2b: Calyrex|Trick Room|p2b: Calyrex\n|-fieldend|move: Trick Room\n|\n|upkeep\n|turn|2\n|\n|t:|1736280503\n|move|p1b: Indeedee|Follow Me|p1b: Indeedee\n|-singleturn|p1b: Indeedee|move: Follow Me\n|move|p2a: Iron Valiant|Encore|p1b: Indeedee\n|-start|p1b: Indeedee|Encore\n|move|p1a: Calyrex|Expanding Force|p2b: Calyrex|[spread] p2a,p2b\n|-supereffective|p2a: Iron Valiant\n|-damage|p2a: Iron Valiant|0 fnt\n|-damage|p2b: Calyrex|17\/100\n|faint|p2a: Iron Valiant\n|-end|p2a: Iron Valiant|Quark Drive|[silent]\n|-ability|p1a: Calyrex|Grim Neigh|boost\n|-boost|p1a: Calyrex|spa|1\n|-damage|p1a: Calyrex|46\/100|[from] item: Life Orb\n|move|p2b: Calyrex|Glacial Lance|p1a: Calyrex|[spread] p1a,p1b\n|-damage|p1a: Calyrex|0 fnt\n|-damage|p1b: Indeedee|38\/100\n|faint|p1a: Calyrex\n|-ability|p2b: Calyrex|Chilling Neigh|boost\n|-boost|p2b: Calyrex|atk|1\n|\n|upkeep\n|\n|t:|1736280514\n|switch|p1a: Dondozo|Dondozo, L50, M|100\/100\n|switch|p2a: Urshifu|Urshifu-Rapid-Strike, L50, F|100\/100\n|turn|3\n|\n|t:|1736280535\n|switch|p2a: Amoonguss|Amoonguss, L50, F, shiny|100\/100\n|switch|p1b: Tatsugiri|Tatsugiri-Droopy, L50, M|100\/100\n|-activate|p1b: Tatsugiri|ability: Commander|[of] p1a: Dondozo\n|-boost|p1a: Dondozo|atk|2\n|-boost|p1a: Dondozo|spa|2\n|-boost|p1a: Dondozo|spe|2\n|-boost|p1a: Dondozo|def|2\n|-boost|p1a: Dondozo|spd|2\n|move|p1a: Dondozo|Order Up|p2a: Amoonguss\n|-damage|p2a: Amoonguss|74\/100\n|-boost|p1a: Dondozo|def|1\n|move|p2b: Calyrex|Trick Room|p2b: Calyrex\n|-fieldstart|move: Trick Room|[of] p2b: Calyrex\n|\n|upkeep\n|turn|4\n|inactive|CALAMELLA has 30 seconds left.\n|\n|t:|1736280574\n|-terastallize|p1a: Dondozo|Grass\n|move|p2a: Amoonguss|Pollen Puff|p2b: Calyrex\n|-heal|p2b: Calyrex|67\/100\n|move|p2b: Calyrex|Glacial Lance|p1b: Tatsugiri|[spread] p1a\n|-miss|p2b: Calyrex|p1b: Tatsugiri\n|-supereffective|p1a: Dondozo\n|-damage|p1a: Dondozo|77\/100\n|move|p1a: Dondozo|Order Up|p2a: Amoonguss\n|-damage|p2a: Amoonguss|46\/100\n|-boost|p1a: Dondozo|def|1\n|\n|-heal|p1a: Dondozo|83\/100|[from] item: Leftovers\n|upkeep\n|turn|5\n|\n|t:|1736280589\n|move|p2a: Amoonguss|Clear Smog|p1a: Dondozo\n|-supereffective|p1a: Dondozo\n|-damage|p1a: Dondozo|69\/100\n|-clearboost|p1a: Dondozo\n|move|p2b: Calyrex|Glacial Lance|p1a: Dondozo|[spread] p1a\n|-miss|p2b: Calyrex|p1b: Tatsugiri\n|-supereffective|p1a: Dondozo\n|-damage|p1a: Dondozo|7\/100\n|move|p1a: Dondozo|Order Up|p2a: Amoonguss\n|-damage|p2a: Amoonguss|32\/100\n|-boost|p1a: Dondozo|def|1\n|\n|-heal|p1a: Dondozo|13\/100|[from] item: Leftovers\n|-fieldend|move: Psychic Terrain\n|upkeep\n|turn|6\n|-message|hockypoco forfeited.\n|\n|win|CALAMELLA\n|raw|hockypoco's rating: 1549 &rarr; <strong>1529<\/strong><br \/>(-20 for losing)\n|raw|CALAMELLA's rating: 1541 &rarr; <strong>1561<\/strong><br \/>(+20 for winning)\n|l|\u2606hockypoco\n|player|p1|\n|l|\u2606CALAMELLA\n|player|p2|\n","uploadtime":1736280763,"views":264,"formatid":"gen9vgc2025regg","rating":1529,"private":0,"password":null}