{"id":"gen9vgc2025regg-2276110303","format":"[Gen 9] VGC 2025 Reg G","players":["Yung Trav","caZISA"],"log":"|j|\u2606Yung Trav\n|j|\u2606caZISA\n|t:|1736184600\n|gametype|doubles\n|player|p1|Yung Trav|2|1573\n|player|p2|caZISA|red|1596\n|teamsize|p1|6\n|teamsize|p2|6\n|gen|9\n|tier|[Gen 9] VGC 2025 Reg G\n|rated|\n|rule|Species Clause: Limit one of each Pok\u00e9mon\n|rule|Item Clause: Limit 1 of each item\n|clearpoke\n|poke|p1|Calyrex-Ice, L50|\n|poke|p1|Regidrago, L50|\n|poke|p1|Smeargle, L50, M|\n|poke|p1|Farigiraf, L50, M|\n|poke|p1|Urshifu-*, L50, F|\n|poke|p1|Ogerpon-Hearthflame, L50, F|\n|poke|p2|Calyrex-Ice, L50|\n|poke|p2|Urshifu-*, L50, F|\n|poke|p2|Raging Bolt, L50|\n|poke|p2|Rillaboom, L50, F|\n|poke|p2|Torkoal, L50, F|\n|poke|p2|Smeargle, L50, M|\n|teampreview|4\n|\n|t:|1736184637\n|start\n|switch|p1a: Urshifu|Urshifu-Rapid-Strike, L50, F|100\/100\n|switch|p1b: Ogerpon|Ogerpon-Hearthflame, L50, F|100\/100\n|switch|p2a: Smeargle|Smeargle, L50, M|100\/100\n|switch|p2b: Urshifu|Urshifu, L50, F|100\/100\n|-ability|p1b: Ogerpon|Mold Breaker\n|turn|1\n|inactive|Battle timer is ON: inactive players will automatically lose when time's up. (requested by caZISA)\n|\n|t:|1736184655\n|-terastallize|p1a: Urshifu|Water\n|move|p2a: Smeargle|Fake Out|p1a: Urshifu\n|-damage|p1a: Urshifu|95\/100\n|cant|p1a: Urshifu|flinch\n|move|p2b: Urshifu|Wicked Blow|p1b: Ogerpon\n|-crit|p1b: Ogerpon\n|-damage|p1b: Ogerpon|8\/100\n|move|p1b: Ogerpon|Ivy Cudgel|p2b: Urshifu|[anim] Ivy Cudgel Fire\n|-damage|p2b: Urshifu|45\/100\n|\n|-ability|p2a: Smeargle|Moody|boost\n|-boost|p2a: Smeargle|atk|2\n|-unboost|p2a: Smeargle|spd|1\n|upkeep\n|turn|2\n|\n|t:|1736184673\n|-terastallize|p2a: Smeargle|Grass\n|move|p1b: Ogerpon|Follow Me|p1b: Ogerpon\n|-singleturn|p1b: Ogerpon|move: Follow Me\n|move|p2a: Smeargle|Follow Me|p2a: Smeargle\n|-singleturn|p2a: Smeargle|move: Follow Me\n|move|p1a: Urshifu|Surging Strikes|p2a: Smeargle\n|-resisted|p2a: Smeargle\n|-crit|p2a: Smeargle\n|-damage|p2a: Smeargle|75\/100\n|-resisted|p2a: Smeargle\n|-crit|p2a: Smeargle\n|-damage|p2a: Smeargle|45\/100\n|-resisted|p2a: Smeargle\n|-crit|p2a: Smeargle\n|-damage|p2a: Smeargle|18\/100\n|-hitcount|p2a: Smeargle|3\n|move|p2b: Urshifu|Wicked Blow|p1b: Ogerpon\n|-crit|p1b: Ogerpon\n|-damage|p1b: Ogerpon|0 fnt\n|faint|p1b: Ogerpon\n|\n|-ability|p2a: Smeargle|Moody|boost\n|-boost|p2a: Smeargle|spa|2\n|-unboost|p2a: Smeargle|def|1\n|upkeep\n|j| GooglePay\n|inactive|Yung Trav has 30 seconds left.\n|\n|t:|1736184701\n|switch|p1b: Farigiraf|Farigiraf, L50, M, shiny|100\/100\n|turn|3\n|inactive|caZISA has 30 seconds left.\n|\n|t:|1736184728\n|move|p2a: Smeargle|Follow Me|p2a: Smeargle\n|-singleturn|p2a: Smeargle|move: Follow Me\n|move|p1a: Urshifu|Surging Strikes|p2a: Smeargle\n|-resisted|p2a: Smeargle\n|-crit|p2a: Smeargle\n|-damage|p2a: Smeargle|0 fnt\n|faint|p2a: Smeargle\n|-hitcount|p2: Smeargle|1\n|move|p2b: Urshifu|Wicked Blow|p1b: Farigiraf\n|-supereffective|p1b: Farigiraf\n|-crit|p1b: Farigiraf\n|-damage|p1b: Farigiraf|0 fnt\n|faint|p1b: Farigiraf\n|\n|upkeep\n|\n|t:|1736184741\n|switch|p2a: Calyrex|Calyrex-Ice, L50|100\/100\n|switch|p1b: Calyrex|Calyrex-Ice, L50|100\/100\n|-ability|p1b: Calyrex|As One\n|-ability|p1b: Calyrex|Unnerve\n|-ability|p2a: Calyrex|As One\n|-ability|p2a: Calyrex|Unnerve\n|turn|4\n|\n|t:|1736184755\n|move|p1b: Calyrex|Protect|p1b: Calyrex\n|-singleturn|p1b: Calyrex|Protect\n|move|p1a: Urshifu|Surging Strikes|p2b: Urshifu\n|-crit|p2b: Urshifu\n|-damage|p2b: Urshifu|15\/100\n|-crit|p2b: Urshifu\n|-damage|p2b: Urshifu|0 fnt\n|faint|p2b: Urshifu\n|-hitcount|p2: Urshifu|2\n|move|p2a: Calyrex|Trick Room|p2a: Calyrex\n|-fieldstart|move: Trick Room|[of] p2a: Calyrex\n|\n|upkeep\n|\n|t:|1736184758\n|switch|p2b: Torkoal|Torkoal, L50, F|100\/100\n|-weather|SunnyDay|[from] ability: Drought|[of] p2b: Torkoal\n|turn|5\n|-message|Yung Trav forfeited.\n|\n|win|caZISA\n|raw|Yung Trav's rating: 1573 &rarr; <strong>1554<\/strong><br \/>(-19 for losing)\n|raw|caZISA's rating: 1596 &rarr; <strong>1615<\/strong><br \/>(+19 for winning)\n|l|\u2606Yung Trav\n|player|p1|\n|l|\u2606caZISA\n|player|p2|\n","uploadtime":1736184937,"views":275,"formatid":"gen9vgc2025regg","rating":1554,"private":0,"password":null}