{"id":"gen9vgc2025regg-2276447796","format":"[Gen 9] VGC 2025 Reg G","players":["Iamsliverfish","yamede\u86c7\u5982"],"log":"|j|\u2606Iamsliverfish\n|j|\u203dyamede\u86c7\u5982\n|t:|1736226586\n|gametype|doubles\n|player|p1|Iamsliverfish|hiker-gen4|1603\n|player|p2|yamede\u86c7\u5982|elesa|1611\n|teamsize|p1|6\n|teamsize|p2|6\n|gen|9\n|tier|[Gen 9] VGC 2025 Reg G\n|rated|\n|rule|Species Clause: Limit one of each Pok\u00e9mon\n|rule|Item Clause: Limit 1 of each item\n|clearpoke\n|poke|p1|Calyrex-Shadow, L50|\n|poke|p1|Ursaluna, L50, F|\n|poke|p1|Indeedee-F, L50, F|\n|poke|p1|Tornadus, L50, M|\n|poke|p1|Chi-Yu, L50|\n|poke|p1|Urshifu-*, L50, F|\n|poke|p2|Terapagos, L50, M|\n|poke|p2|Amoonguss, L50, F|\n|poke|p2|Urshifu-*, L50, M|\n|poke|p2|Tornadus, L50, M|\n|poke|p2|Chi-Yu, L50|\n|poke|p2|Flutter Mane, L50|\n|teampreview|4\n|j| RushXCalibur\n|inactive|Battle timer is ON: inactive players will automatically lose when time's up. (requested by Iamsliverfish)\n|\n|t:|1736226728\n|start\n|switch|p1a: Tornadus|Tornadus, L50, M|100\/100\n|switch|p1b: Urshifu|Urshifu-Rapid-Strike, L50, F|100\/100\n|switch|p2a: Chi-Yu|Chi-Yu, L50|100\/100\n|switch|p2b: Terapagos|Terapagos, L50, M|100\/100\n|-activate|p2b: Terapagos|ability: Tera Shift\n|detailschange|p2b: Terapagos|Terapagos-Terastal, L50, M\n|-heal|p2b: Terapagos|100\/100|[silent]\n|-ability|p2a: Chi-Yu|Beads of Ruin\n|turn|1\n|inactive|yamede\u86c7\u5982 has 30 seconds left.\n|inactive|yamede\u86c7\u5982 has 20 seconds left.\n|inactive|yamede\u86c7\u5982 has 15 seconds left.\n|\n|t:|1736226769\n|switch|p2a: Urshifu|Urshifu-Rapid-Strike, L50, M|100\/100\n|move|p1a: Tornadus|Tailwind|p1a: Tornadus\n|-sidestart|p1: Iamsliverfish|move: Tailwind\n|move|p1b: Urshifu|Surging Strikes|p2a: Urshifu\n|-resisted|p2a: Urshifu\n|-crit|p2a: Urshifu\n|-damage|p2a: Urshifu|92\/100\n|-resisted|p2a: Urshifu\n|-crit|p2a: Urshifu\n|-damage|p2a: Urshifu|83\/100\n|-resisted|p2a: Urshifu\n|-crit|p2a: Urshifu\n|-damage|p2a: Urshifu|75\/100\n|-hitcount|p2a: Urshifu|3\n|move|p2b: Terapagos|Tera Starstorm|p1b: Urshifu\n|-enditem|p1b: Urshifu|Focus Sash\n|-damage|p1b: Urshifu|1\/100\n|\n|upkeep\n|turn|2\n|j| jasonrfry1\n|inactive|yamede\u86c7\u5982 has 30 seconds left.\n|\n|t:|1736226795\n|switch|p1b: Indeedee|Indeedee-F, L50, F|100\/100\n|-fieldstart|move: Psychic Terrain|[from] ability: Psychic Surge|[of] p1b: Indeedee\n|switch|p2b: Tornadus|Tornadus, L50, M|100\/100\n|move|p2a: Urshifu|Detect|p2a: Urshifu\n|-singleturn|p2a: Urshifu|Protect\n|move|p1a: Tornadus|Bleakwind Storm|p2a: Urshifu|[spread] p2b\n|-activate|p2a: Urshifu|move: Protect\n|-damage|p2b: Tornadus|67\/100\n|\n|upkeep\n|turn|3\n|inactive|yamede\u86c7\u5982 has 30 seconds left.\n|inactive|yamede\u86c7\u5982 has 20 seconds left.\n|inactive|yamede\u86c7\u5982 has 15 seconds left.\n|inactive|yamede\u86c7\u5982 has 10 seconds left.\n|inactive|yamede\u86c7\u5982 has 5 seconds left.\n|\n|t:|1736226850\n|switch|p1b: Urshifu|Urshifu-Rapid-Strike, L50, F|1\/100\n|switch|p2a: Terapagos|Terapagos-Terastal, L50, M|100\/100\n|move|p1a: Tornadus|Bleakwind Storm|p2b: Tornadus|[spread] p2a,p2b\n|-activate|p2a: Terapagos|ability: Tera Shell\n|-resisted|p2a: Terapagos\n|-damage|p2a: Terapagos|81\/100\n|-damage|p2b: Tornadus|34\/100\n|-unboost|p2a: Terapagos|spe|1\n|move|p2b: Tornadus|Bleakwind Storm|p1a: Tornadus|[spread] \n|-miss|p2b: Tornadus|p1a: Tornadus\n|-miss|p2b: Tornadus|p1b: Urshifu\n|\n|upkeep\n|turn|4\n|inactive|yamede\u86c7\u5982 has 30 seconds left.\n|inactive|yamede\u86c7\u5982 has 20 seconds left.\n|inactive|yamede\u86c7\u5982 has 15 seconds left.\n|\n|t:|1736226894\n|switch|p2a: Urshifu|Urshifu-Rapid-Strike, L50, M|75\/100\n|move|p2b: Tornadus|Tailwind|p2b: Tornadus\n|-sidestart|p2: yamede\u86c7\u5982|move: Tailwind\n|move|p1b: Urshifu|Close Combat|p2a: Urshifu\n|-damage|p2a: Urshifu|17\/100\n|-unboost|p1b: Urshifu|def|1\n|-unboost|p1b: Urshifu|spd|1\n|move|p1a: Tornadus|Bleakwind Storm|p2b: Tornadus|[spread] p2a\n|-miss|p1a: Tornadus|p2b: Tornadus\n|-supereffective|p2a: Urshifu\n|-damage|p2a: Urshifu|0 fnt\n|faint|p2a: Urshifu\n|\n|-sideend|p1: Iamsliverfish|move: Tailwind\n|upkeep\n|\n|t:|1736226914\n|switch|p2a: Chi-Yu|Chi-Yu, L50|100\/100\n|-ability|p2a: Chi-Yu|Beads of Ruin\n|turn|5\n|\n|t:|1736226925\n|move|p1a: Tornadus|Protect|p1a: Tornadus\n|-singleturn|p1a: Tornadus|Protect\n|move|p1b: Urshifu|Detect|p1b: Urshifu\n|-singleturn|p1b: Urshifu|Protect\n|move|p2b: Tornadus|Taunt|p1a: Tornadus\n|-activate|p1a: Tornadus|move: Protect\n|move|p2a: Chi-Yu|Heat Wave|p1b: Urshifu|[spread] \n|-activate|p1a: Tornadus|move: Protect\n|-activate|p1b: Urshifu|move: Protect\n|\n|upkeep\n|turn|6\n|\n|t:|1736226947\n|switch|p1b: Indeedee|Indeedee-F, L50, F|100\/100\n|move|p2b: Tornadus|Taunt|p1a: Tornadus\n|-start|p1a: Tornadus|move: Taunt\n|-enditem|p1a: Tornadus|Mental Herb\n|-end|p1a: Tornadus|move: Taunt\n|move|p2a: Chi-Yu|Heat Wave|p1b: Indeedee|[spread] p1a,p1b\n|-damage|p1a: Tornadus|28\/100\n|-damage|p1b: Indeedee|47\/100\n|move|p1a: Tornadus|Bleakwind Storm|p2a: Chi-Yu|[spread] p2a\n|-miss|p1a: Tornadus|p2b: Tornadus\n|-damage|p2a: Chi-Yu|55\/100\n|\n|-fieldend|move: Psychic Terrain\n|upkeep\n|turn|7\n|j| Worst at ubers\n|inactive|yamede\u86c7\u5982 has 30 seconds left.\n|\n|t:|1736226973\n|move|p1b: Indeedee|Follow Me|p1b: Indeedee\n|-singleturn|p1b: Indeedee|move: Follow Me\n|move|p1a: Tornadus|Tailwind|p1a: Tornadus\n|-sidestart|p1: Iamsliverfish|move: Tailwind\n|move|p2a: Chi-Yu|Heat Wave|p1a: Tornadus|[spread] p1a,p1b\n|-damage|p1a: Tornadus|0 fnt\n|-damage|p1b: Indeedee|0 fnt\n|faint|p1a: Tornadus\n|faint|p1b: Indeedee\n|move|p2b: Tornadus|Bleakwind Storm|p1: Tornadus|[notarget]\n|-fail|p2b: Tornadus\n|\n|-sideend|p2: yamede\u86c7\u5982|move: Tailwind\n|upkeep\n|\n|t:|1736226977\n|switch|p1a: Urshifu|Urshifu-Rapid-Strike, L50, F|1\/100\n|switch|p1b: Calyrex|Calyrex-Shadow, L50|100\/100\n|-ability|p1b: Calyrex|As One\n|-ability|p1b: Calyrex|Unnerve\n|turn|8\n|l| Worst at ubers\n|\n|t:|1736226992\n|-terastallize|p1a: Urshifu|Water\n|move|p1a: Urshifu|Aqua Jet|p2a: Chi-Yu\n|-supereffective|p2a: Chi-Yu\n|-damage|p2a: Chi-Yu|0 fnt\n|faint|p2a: Chi-Yu\n|move|p2b: Tornadus|Tailwind|p2b: Tornadus\n|-sidestart|p2: yamede\u86c7\u5982|move: Tailwind\n|move|p1b: Calyrex|Astral Barrage|p2b: Tornadus\n|-damage|p2b: Tornadus|0 fnt\n|faint|p2b: Tornadus\n|-ability|p1b: Calyrex|Grim Neigh|boost\n|-boost|p1b: Calyrex|spa|1\n|-damage|p1b: Calyrex|91\/100|[from] item: Life Orb\n|\n|upkeep\n|\n|t:|1736227005\n|switch|p2b: Terapagos|Terapagos-Terastal, L50, M|81\/100\n|turn|9\n|\n|t:|1736227011\n|-terastallize|p2b: Terapagos|Stellar\n|detailschange|p2b: Terapagos|Terapagos-Stellar, L50, M, tera:Stellar\n|-heal|p2b: Terapagos|86\/100|[silent]\n|move|p1b: Calyrex|Expanding Force|p2b: Terapagos\n|-damage|p2b: Terapagos|18\/100\n|-damage|p1b: Calyrex|81\/100|[from] item: Life Orb\n|move|p1a: Urshifu|Close Combat|p2b: Terapagos\n|-supereffective|p2b: Terapagos\n|-damage|p2b: Terapagos|0 fnt\n|-unboost|p1a: Urshifu|def|1\n|-unboost|p1a: Urshifu|spd|1\n|faint|p2b: Terapagos\n|\n|win|Iamsliverfish\n|raw|Iamsliverfish's rating: 1603 &rarr; <strong>1623<\/strong><br \/>(+20 for winning)\n|raw|yamede\u86c7\u5982's rating: 1611 &rarr; <strong>1591<\/strong><br \/>(-20 for losing)\n|l|\u203dyamede\u86c7\u5982\n|player|p2|\n|l|\u2606Iamsliverfish\n|player|p1|\n|l| RushXCalibur\n","uploadtime":1736227283,"views":266,"formatid":"gen9vgc2025regg","rating":1591,"private":0,"password":null}