{"id":"gen9vgc2025regg-2276364566","format":"[Gen 9] VGC 2025 Reg G","players":["Iamsliverfish","RustyChair13"],"log":"|j|\u203dIamsliverfish\n|j|\u2606RustyChair13\n|t:|1736214581\n|gametype|doubles\n|player|p1|Iamsliverfish|hiker-gen4|1588\n|player|p2|RustyChair13|scientist-gen4|1587\n|teamsize|p1|6\n|teamsize|p2|6\n|gen|9\n|tier|[Gen 9] VGC 2025 Reg G\n|rated|\n|rule|Species Clause: Limit one of each Pok\u00e9mon\n|rule|Item Clause: Limit 1 of each item\n|clearpoke\n|poke|p1|Calyrex-Shadow, L50|\n|poke|p1|Maushold, L50|\n|poke|p1|Amoonguss, L50, F|\n|poke|p1|Urshifu-*, L50, F|\n|poke|p1|Incineroar, L50, M|\n|poke|p1|Tornadus, L50, M|\n|poke|p2|Zamazenta-*, L50|\n|poke|p2|Urshifu-*, L50, M|\n|poke|p2|Regidrago, L50|\n|poke|p2|Ditto, L50|\n|poke|p2|Iron Moth, L50|\n|poke|p2|Whimsicott, L50, M|\n|teampreview|4\n|inactive|Battle timer is ON: inactive players will automatically lose when time's up. (requested by RustyChair13)\n|\n|t:|1736214619\n|start\n|switch|p1a: Tornadus|Tornadus, L50, M|100\/100\n|switch|p1b: Calyrex|Calyrex-Shadow, L50|100\/100\n|switch|p2a: Zamazenta|Zamazenta-Crowned, L50, shiny|100\/100\n|switch|p2b: Whimsicott|Whimsicott, L50, M|100\/100\n|-ability|p1b: Calyrex|As One\n|-ability|p1b: Calyrex|Unnerve\n|-ability|p2a: Zamazenta|Dauntless Shield|boost\n|-boost|p2a: Zamazenta|def|1\n|turn|1\n|\n|t:|1736214634\n|-terastallize|p1b: Calyrex|Ground\n|move|p2a: Zamazenta|Wide Guard|p2a: Zamazenta\n|-singleturn|p2a: Zamazenta|Wide Guard\n|move|p2b: Whimsicott|Tailwind|p2b: Whimsicott\n|-sidestart|p2: RustyChair13|move: Tailwind\n|move|p1b: Calyrex|Tera Blast|p2a: Zamazenta|[anim] Tera Blast Ground\n|-supereffective|p2a: Zamazenta\n|-damage|p2a: Zamazenta|4\/100\n|-damage|p1b: Calyrex|91\/100|[from] item: Life Orb\n|move|p1a: Tornadus|Bleakwind Storm|p2a: Zamazenta|[spread] \n|-activate|p2a: Zamazenta|move: Wide Guard\n|-activate|p2b: Whimsicott|move: Wide Guard\n|\n|upkeep\n|turn|2\n|inactive|RustyChair13 has 30 seconds left.\n|\n|t:|1736214659\n|move|p1b: Calyrex|Protect|p1b: Calyrex\n|-singleturn|p1b: Calyrex|Protect\n|move|p2b: Whimsicott|Encore|p1a: Tornadus\n|-start|p1a: Tornadus|Encore\n|-enditem|p1a: Tornadus|Mental Herb\n|-end|p1a: Tornadus|Encore\n|move|p1a: Tornadus|Taunt|p2b: Whimsicott\n|-start|p2b: Whimsicott|move: Taunt\n|move|p2a: Zamazenta|Body Press|p1b: Calyrex\n|-activate|p1b: Calyrex|move: Protect\n|\n|upkeep\n|turn|3\n|\n|t:|1736214671\n|move|p1a: Tornadus|Tailwind|p1a: Tornadus\n|-sidestart|p1: Iamsliverfish|move: Tailwind\n|move|p1b: Calyrex|Astral Barrage|p2b: Whimsicott|[spread] p2a,p2b\n|-damage|p2a: Zamazenta|0 fnt\n|-damage|p2b: Whimsicott|19\/100\n|faint|p2a: Zamazenta\n|-ability|p1b: Calyrex|Grim Neigh|boost\n|-boost|p1b: Calyrex|spa|1\n|-damage|p1b: Calyrex|82\/100|[from] item: Life Orb\n|move|p2b: Whimsicott|Moonblast|p1a: Tornadus\n|-damage|p1a: Tornadus|71\/100\n|\n|upkeep\n|\n|t:|1736214684\n|switch|p2a: Ditto|Ditto, L50, shiny|100\/100\n|-transform|p2a: Ditto|p1b: Calyrex|[from] ability: Imposter\n|-ability|p2a: Ditto|As One\n|-ability|p2a: Ditto|Unnerve\n|-start|p2a: Ditto|typechange|Psychic\/Ghost|[silent]\n|turn|4\n|\n|t:|1736214696\n|switch|p1a: Maushold|Maushold, L50|100\/100\n|-terastallize|p2a: Ditto|Normal\n|move|p1b: Calyrex|Protect|p1b: Calyrex\n|-singleturn|p1b: Calyrex|Protect\n|move|p2a: Ditto|Astral Barrage|p1a: Maushold|[spread] \n|-activate|p1b: Calyrex|move: Protect\n|-immune|p1a: Maushold\n|move|p2b: Whimsicott|Moonblast|p1a: Maushold\n|-damage|p1a: Maushold|67\/100\n|-unboost|p1a: Maushold|spa|1\n|\n|-sideend|p2: RustyChair13|move: Tailwind\n|upkeep\n|turn|5\n|\n|t:|1736214715\n|switch|p2b: Regidrago|Regidrago, L50, shiny|100\/100\n|move|p2a: Ditto|Protect|p2a: Ditto\n|-singleturn|p2a: Ditto|Protect\n|move|p1b: Calyrex|Tera Blast|p2a: Ditto|[anim] Tera Blast Ground\n|-activate|p2a: Ditto|move: Protect\n|move|p1a: Maushold|Population Bomb|p2a: Ditto\n|-activate|p2a: Ditto|move: Protect\n|\n|upkeep\n|turn|6\n|\n|t:|1736214737\n|move|p1b: Calyrex|Astral Barrage|p2b: Regidrago|[spread] p2b\n|-immune|p2a: Ditto\n|-damage|p2b: Regidrago|0 fnt\n|faint|p2b: Regidrago\n|-ability|p1b: Calyrex|Grim Neigh|boost\n|-boost|p1b: Calyrex|spa|1\n|-damage|p1b: Calyrex|72\/100|[from] item: Life Orb\n|move|p1a: Maushold|Population Bomb|p2a: Ditto\n|-damage|p2a: Ditto|89\/100\n|-damage|p2a: Ditto|79\/100\n|-damage|p2a: Ditto|68\/100\n|-damage|p2a: Ditto|58\/100\n|-damage|p2a: Ditto|48\/100\n|-damage|p2a: Ditto|36\/100\n|-damage|p2a: Ditto|26\/100\n|-damage|p2a: Ditto|15\/100\n|-damage|p2a: Ditto|4\/100\n|-damage|p2a: Ditto|0 fnt\n|faint|p2a: Ditto\n|-hitcount|p2: Ditto|10\n|\n|-sideend|p1: Iamsliverfish|move: Tailwind\n|upkeep\n|-message|RustyChair13 forfeited.\n|\n|win|Iamsliverfish\n|raw|Iamsliverfish's rating: 1588 &rarr; <strong>1608<\/strong><br \/>(+20 for winning)\n|raw|RustyChair13's rating: 1587 &rarr; <strong>1567<\/strong><br \/>(-20 for losing)\n|l|\u2606RustyChair13\n|player|p2|\n|l|\u203dIamsliverfish\n|player|p1|\n","uploadtime":1736214958,"views":261,"formatid":"gen9vgc2025regg","rating":1567,"private":0,"password":null}