{"id":"gen9vgc2025regg-2276847972","format":"[Gen 9] VGC 2025 Reg G","players":["Indigo Crisp","TheOnlyFizzo"],"log":"|j|\u2606Indigo Crisp\n|j|\u2606TheOnlyFizzo\n|t:|1736283637\n|gametype|doubles\n|player|p1|Indigo Crisp|maid|1545\n|player|p2|TheOnlyFizzo|102|1555\n|teamsize|p1|6\n|teamsize|p2|6\n|gen|9\n|tier|[Gen 9] VGC 2025 Reg G\n|rated|\n|rule|Species Clause: Limit one of each Pok\u00e9mon\n|rule|Item Clause: Limit 1 of each item\n|clearpoke\n|poke|p1|Zamazenta-*, L50|\n|poke|p1|Flutter Mane, L50|\n|poke|p1|Chien-Pao, L50|\n|poke|p1|Urshifu-*, L50, M|\n|poke|p1|Entei, L50|\n|poke|p1|Amoonguss, L50, F|\n|poke|p2|Indeedee-F, L50, F|\n|poke|p2|Regidrago, L50|\n|poke|p2|Torkoal, L50, F|\n|poke|p2|Gallade, L50, M|\n|poke|p2|Calyrex-Ice, L50|\n|poke|p2|Annihilape, L50, F|\n|teampreview|4\n|j| Ricorav7\n|inactive|Battle timer is ON: inactive players will automatically lose when time's up. (requested by TheOnlyFizzo)\n|l| Ricorav7\n|\n|t:|1736283664\n|start\n|switch|p1a: Amoonguss|Amoonguss, L50, F|100\/100\n|switch|p1b: Chien-Pao|Chien-Pao, L50|100\/100\n|switch|p2a: Indeedee|Indeedee-F, L50, F|100\/100\n|switch|p2b: Gallade|Gallade, L50, M|100\/100\n|-ability|p1b: Chien-Pao|Sword of Ruin\n|-fieldstart|move: Psychic Terrain|[from] ability: Psychic Surge|[of] p2a: Indeedee\n|turn|1\n|j| Therazer456\n|inactive|Indigo Crisp has 30 seconds left.\n|inactive|TheOnlyFizzo has 30 seconds left.\n|\n|t:|1736283699\n|-terastallize|p2b: Gallade|Grass\n|-terastallize|p1a: Amoonguss|Water\n|move|p1b: Chien-Pao|Ice Spinner|p2a: Indeedee\n|-damage|p2a: Indeedee|42\/100\n|-fieldend|move: Psychic Terrain\n|move|p2b: Gallade|Psycho Cut|p1a: Amoonguss\n|-damage|p1a: Amoonguss|33\/100\n|move|p1a: Amoonguss|Spore|p2b: Gallade\n|-immune|p2b: Gallade\n|move|p2a: Indeedee|Trick Room|p2a: Indeedee\n|-fieldstart|move: Trick Room|[of] p2a: Indeedee\n|\n|upkeep\n|turn|2\n|inactive|Indigo Crisp has 30 seconds left.\n|inactive|TheOnlyFizzo has 30 seconds left.\n|inactive|TheOnlyFizzo has 20 seconds left.\n|inactive|TheOnlyFizzo has 15 seconds left.\n|inactive|Indigo Crisp has 20 seconds left.\n|inactive|TheOnlyFizzo has 10 seconds left.\n|\n|t:|1736283747\n|move|p2a: Indeedee|Follow Me|p2a: Indeedee\n|-singleturn|p2a: Indeedee|move: Follow Me\n|move|p1b: Chien-Pao|Sucker Punch||[still]\n|-fail|p1b: Chien-Pao\n|move|p1a: Amoonguss|Pollen Puff|p2a: Indeedee\n|-supereffective|p2a: Indeedee\n|-damage|p2a: Indeedee|7\/100\n|move|p2b: Gallade|Sacred Sword|p1a: Amoonguss\n|-damage|p1a: Amoonguss|0 fnt\n|-damage|p2b: Gallade|84\/100|[from] item: Rocky Helmet|[of] p1a: Amoonguss\n|faint|p1a: Amoonguss\n|\n|upkeep\n|\n|t:|1736283758\n|switch|p1a: Zamazenta|Zamazenta-Crowned, L50|100\/100\n|-ability|p1a: Zamazenta|Dauntless Shield|boost\n|-boost|p1a: Zamazenta|def|1\n|turn|3\n|\n|t:|1736283764\n|move|p2a: Indeedee|Helping Hand|p2b: Gallade\n|-singleturn|p2b: Gallade|Helping Hand|[of] p2a: Indeedee\n|move|p1a: Zamazenta|Protect|p1a: Zamazenta\n|-singleturn|p1a: Zamazenta|Protect\n|move|p1b: Chien-Pao|Protect|p1b: Chien-Pao\n|-singleturn|p1b: Chien-Pao|Protect\n|move|p2b: Gallade|Sacred Sword|p1a: Zamazenta\n|-activate|p1a: Zamazenta|move: Protect\n|\n|upkeep\n|turn|4\n|\n|t:|1736283785\n|switch|p1a: Entei|Entei, L50|100\/100\n|move|p2a: Indeedee|Helping Hand|p2b: Gallade\n|-singleturn|p2b: Gallade|Helping Hand|[of] p2a: Indeedee\n|move|p2b: Gallade|Sacred Sword|p1a: Entei\n|-damage|p1a: Entei|0 fnt\n|faint|p1a: Entei\n|move|p1b: Chien-Pao|Ice Spinner|p2b: Gallade\n|-supereffective|p2b: Gallade\n|-damage|p2b: Gallade|0 fnt\n|faint|p2b: Gallade\n|\n|upkeep\n|\n|t:|1736283801\n|switch|p2b: Calyrex|Calyrex-Ice, L50|100\/100\n|switch|p1a: Zamazenta|Zamazenta-Crowned, L50|100\/100\n|-ability|p2b: Calyrex|As One\n|-ability|p2b: Calyrex|Unnerve\n|turn|5\n|\n|t:|1736283808\n|move|p1a: Zamazenta|Body Press|p2b: Calyrex\n|-damage|p2b: Calyrex|67\/100\n|move|p1b: Chien-Pao|Crunch|p2b: Calyrex\n|-supereffective|p2b: Calyrex\n|-damage|p2b: Calyrex|0 fnt\n|faint|p2b: Calyrex\n|move|p2a: Indeedee|Trick Room|p2a: Indeedee\n|-fieldend|move: Trick Room\n|\n|upkeep\n|-message|TheOnlyFizzo forfeited.\n|\n|win|Indigo Crisp\n|raw|Indigo Crisp's rating: 1545 &rarr; <strong>1566<\/strong><br \/>(+21 for winning)\n|raw|TheOnlyFizzo's rating: 1555 &rarr; <strong>1534<\/strong><br \/>(-21 for losing)\n|l|\u2606TheOnlyFizzo\n|player|p2|\n|l|\u2606Indigo Crisp\n|player|p1|\n|l| Therazer456\n","uploadtime":1736284057,"views":284,"formatid":"gen9vgc2025regg","rating":1534,"private":0,"password":null}