{"id":"gen9vgc2025regg-2276538084","format":"[Gen 9] VGC 2025 Reg G","players":["superpowerpoke","zhz2021"],"log":"|j|\u2606superpowerpoke\n|j|\u2606zhz2021\n|t:|1736244879\n|gametype|doubles\n|player|p1|superpowerpoke|101|1585\n|player|p2|zhz2021|marley|1586\n|teamsize|p1|6\n|teamsize|p2|6\n|gen|9\n|tier|[Gen 9] VGC 2025 Reg G\n|rated|\n|rule|Species Clause: Limit one of each Pok\u00e9mon\n|rule|Item Clause: Limit 1 of each item\n|clearpoke\n|poke|p1|Calyrex-Ice, L50|\n|poke|p1|Raging Bolt, L50|\n|poke|p1|Urshifu-*, L50, F|\n|poke|p1|Ogerpon-Cornerstone, L50, F|\n|poke|p1|Tornadus, L50, M|\n|poke|p1|Rillaboom, L50, M|\n|poke|p2|Whimsicott, L50, M|\n|poke|p2|Weezing-Galar, L50, F|\n|poke|p2|Brambleghast, L50, M|\n|poke|p2|Calyrex-Shadow, L50|\n|poke|p2|Urshifu-*, L50, M|\n|poke|p2|Clefairy, L50, F|\n|teampreview|4\n|j| BeforeSleepG\n|inactive|Battle timer is ON: inactive players will automatically lose when time's up. (requested by zhz2021)\n|\n|t:|1736244920\n|start\n|switch|p1a: Calyrex|Calyrex-Ice, L50|100\/100\n|switch|p1b: Raging Bolt|Raging Bolt, L50|100\/100\n|switch|p2a: Clefairy|Clefairy, L50, F|100\/100\n|switch|p2b: Calyrex|Calyrex-Shadow, L50|100\/100\n|-ability|p2b: Calyrex|As One\n|-ability|p2b: Calyrex|Unnerve\n|-ability|p1a: Calyrex|As One\n|-ability|p1a: Calyrex|Unnerve\n|-enditem|p1b: Raging Bolt|Booster Energy\n|-activate|p1b: Raging Bolt|ability: Protosynthesis|[fromitem]\n|-start|p1b: Raging Bolt|protosynthesisspa\n|turn|1\n|\n|t:|1736244935\n|-terastallize|p1a: Calyrex|Normal\n|move|p2a: Clefairy|Helping Hand|p2b: Calyrex\n|-singleturn|p2b: Calyrex|Helping Hand|[of] p2a: Clefairy\n|move|p2b: Calyrex|Astral Barrage|p1a: Calyrex|[spread] p1b\n|-immune|p1a: Calyrex\n|-damage|p1b: Raging Bolt|0 fnt\n|faint|p1b: Raging Bolt\n|-end|p1b: Raging Bolt|Protosynthesis|[silent]\n|-ability|p2b: Calyrex|Grim Neigh|boost\n|-boost|p2b: Calyrex|spa|1\n|move|p1a: Calyrex|Glacial Lance|p2a: Clefairy|[spread] p2a,p2b\n|-damage|p2a: Clefairy|62\/100\n|-damage|p2b: Calyrex|54\/100\n|\n|upkeep\n|inactive|superpowerpoke has 30 seconds left.\n|\n|t:|1736244961\n|switch|p1b: Urshifu|Urshifu-Rapid-Strike, L50, F|100\/100\n|turn|2\n|\n|t:|1736244972\n|move|p2a: Clefairy|Follow Me|p2a: Clefairy\n|-singleturn|p2a: Clefairy|move: Follow Me\n|move|p2b: Calyrex|Astral Barrage|p1a: Calyrex|[spread] p1b\n|-immune|p1a: Calyrex\n|-enditem|p1b: Urshifu|Focus Sash\n|-damage|p1b: Urshifu|1\/100\n|move|p1b: Urshifu|Surging Strikes|p2a: Clefairy\n|-crit|p2a: Clefairy\n|-damage|p2a: Clefairy|44\/100\n|-crit|p2a: Clefairy\n|-damage|p2a: Clefairy|28\/100\n|-crit|p2a: Clefairy\n|-damage|p2a: Clefairy|11\/100\n|-hitcount|p2a: Clefairy|3\n|move|p1a: Calyrex|Glacial Lance|p2b: Calyrex|[spread] p2a,p2b\n|-damage|p2a: Clefairy|0 fnt\n|-damage|p2b: Calyrex|9\/100\n|faint|p2a: Clefairy\n|-ability|p1a: Calyrex|Chilling Neigh|boost\n|-boost|p1a: Calyrex|atk|1\n|\n|upkeep\n|\n|t:|1736244982\n|switch|p2a: Whimsicott|Whimsicott, L50, M|100\/100\n|turn|3\n|\n|t:|1736245005\n|switch|p2b: Urshifu|Urshifu, L50, M|100\/100\n|move|p1b: Urshifu|Aqua Jet|p2a: Whimsicott\n|-resisted|p2a: Whimsicott\n|-damage|p2a: Whimsicott|85\/100\n|move|p2a: Whimsicott|Moonblast|p1b: Urshifu\n|-supereffective|p1b: Urshifu\n|-damage|p1b: Urshifu|0 fnt\n|faint|p1b: Urshifu\n|move|p1a: Calyrex|Glacial Lance|p2a: Whimsicott|[spread] p2a,p2b\n|-supereffective|p2a: Whimsicott\n|-damage|p2a: Whimsicott|0 fnt\n|-damage|p2b: Urshifu|21\/100\n|faint|p2a: Whimsicott\n|-ability|p1a: Calyrex|Chilling Neigh|boost\n|-boost|p1a: Calyrex|atk|1\n|\n|upkeep\n|\n|t:|1736245022\n|switch|p2a: Calyrex|Calyrex-Shadow, L50|9\/100\n|switch|p1b: Ogerpon|Ogerpon-Cornerstone, L50, F|100\/100\n|-ability|p2a: Calyrex|As One\n|-ability|p2a: Calyrex|Unnerve\n|turn|4\n|\n|t:|1736245047\n|-terastallize|p2a: Calyrex|Fighting\n|move|p2b: Urshifu|Detect|p2b: Urshifu\n|-singleturn|p2b: Urshifu|Protect\n|move|p2a: Calyrex|Tera Blast|p1a: Calyrex|[anim] Tera Blast Fighting\n|-supereffective|p1a: Calyrex\n|-damage|p1a: Calyrex|14\/100\n|move|p1b: Ogerpon|Ivy Cudgel|p2a: Calyrex|[anim] Ivy Cudgel Rock\n|-resisted|p2a: Calyrex\n|-damage|p2a: Calyrex|0 fnt\n|faint|p2a: Calyrex\n|move|p1a: Calyrex|Glacial Lance|p2b: Urshifu\n|-activate|p2b: Urshifu|move: Protect\n|\n|upkeep\n|turn|5\n|\n|t:|1736245067\n|move|p2b: Urshifu|Sucker Punch|p1a: Calyrex\n|-damage|p1a: Calyrex|0 fnt\n|faint|p1a: Calyrex\n|move|p1b: Ogerpon|Power Whip|p2b: Urshifu\n|-damage|p2b: Urshifu|0 fnt\n|faint|p2b: Urshifu\n|\n|win|superpowerpoke\n|raw|superpowerpoke's rating: 1585 &rarr; <strong>1605<\/strong><br \/>(+20 for winning)\n|raw|zhz2021's rating: 1586 &rarr; <strong>1566<\/strong><br \/>(-20 for losing)\n|l|\u2606zhz2021\n|player|p2|\n|l|\u2606superpowerpoke\n|player|p1|\n|l| BeforeSleepG\n","uploadtime":1736245255,"views":277,"formatid":"gen9vgc2025regg","rating":1566,"private":0,"password":null}