{"id":"gen9vgc2025regg-2276453872","format":"[Gen 9] VGC 2025 Reg G","players":["Iamsliverfish","lichuweijixi"],"log":"|j|\u2606Iamsliverfish\n|j|\u2606lichuweijixi\n|t:|1736227656\n|gametype|doubles\n|player|p1|Iamsliverfish|hiker-gen4|1648\n|player|p2|lichuweijixi|2|1631\n|teamsize|p1|6\n|teamsize|p2|6\n|gen|9\n|tier|[Gen 9] VGC 2025 Reg G\n|rated|\n|rule|Species Clause: Limit one of each Pok\u00e9mon\n|rule|Item Clause: Limit 1 of each item\n|clearpoke\n|poke|p1|Calyrex-Shadow, L50|\n|poke|p1|Ursaluna, L50, F|\n|poke|p1|Indeedee-F, L50, F|\n|poke|p1|Tornadus, L50, M|\n|poke|p1|Chi-Yu, L50|\n|poke|p1|Urshifu-*, L50, F|\n|poke|p2|Dondozo, L50, M|\n|poke|p2|Tatsugiri, L50, F|\n|poke|p2|Miraidon, L50|\n|poke|p2|Ogerpon-Hearthflame, L50, F|\n|poke|p2|Gholdengo, L50|\n|poke|p2|Chien-Pao, L50|\n|teampreview|4\n|j| 33A33\n|\n|t:|1736227718\n|start\n|switch|p1a: Indeedee|Indeedee-F, L50, F|100\/100\n|switch|p1b: Calyrex|Calyrex-Shadow, L50|100\/100\n|switch|p2a: Miraidon|Miraidon, L50|100\/100\n|switch|p2b: Dondozo|Dondozo, L50, M|100\/100\n|-ability|p1b: Calyrex|As One\n|-ability|p1b: Calyrex|Unnerve\n|-fieldstart|move: Electric Terrain|[from] ability: Hadron Engine|[of] p2a: Miraidon\n|-fieldstart|move: Psychic Terrain|[from] ability: Psychic Surge|[of] p1a: Indeedee\n|turn|1\n|\n|t:|1736227729\n|-terastallize|p1b: Calyrex|Ground\n|move|p1a: Indeedee|Helping Hand|p1b: Calyrex\n|-singleturn|p1b: Calyrex|Helping Hand|[of] p1a: Indeedee\n|move|p2b: Dondozo|Protect|p2b: Dondozo\n|-singleturn|p2b: Dondozo|Protect\n|move|p1b: Calyrex|Tera Blast|p2a: Miraidon|[anim] Tera Blast Ground\n|-supereffective|p2a: Miraidon\n|-damage|p2a: Miraidon|2\/100\n|-damage|p1b: Calyrex|91\/100|[from] item: Life Orb\n|move|p2a: Miraidon|Volt Switch|p1b: Calyrex\n|-immune|p1b: Calyrex\n|\n|upkeep\n|turn|2\n|\n|t:|1736227750\n|switch|p2a: Tatsugiri|Tatsugiri, L50, F|100\/100\n|-activate|p2a: Tatsugiri|ability: Commander|[of] p2b: Dondozo\n|-boost|p2b: Dondozo|atk|2\n|-boost|p2b: Dondozo|spa|2\n|-boost|p2b: Dondozo|spe|2\n|-boost|p2b: Dondozo|def|2\n|-boost|p2b: Dondozo|spd|2\n|move|p1b: Calyrex|Expanding Force|p2a: Tatsugiri|[spread] p2b\n|-miss|p1b: Calyrex|p2a: Tatsugiri\n|-damage|p2b: Dondozo|47\/100\n|-damage|p1b: Calyrex|81\/100|[from] item: Life Orb\n|move|p2b: Dondozo|Wave Crash|p1b: Calyrex\n|-supereffective|p1b: Calyrex\n|-damage|p1b: Calyrex|0 fnt\n|faint|p1b: Calyrex\n|-damage|p2b: Dondozo|26\/100|[from] Recoil\n|move|p1a: Indeedee|Alluring Voice|p2b: Dondozo\n|-damage|p2b: Dondozo|16\/100\n|-start|p2b: Dondozo|confusion\n|\n|-heal|p2b: Dondozo|23\/100|[from] item: Leftovers\n|upkeep\n|\n|t:|1736227756\n|switch|p1b: Chi-Yu|Chi-Yu, L50|100\/100\n|-ability|p1b: Chi-Yu|Beads of Ruin\n|turn|3\n|\n|t:|1736227768\n|switch|p1b: Ursaluna|Ursaluna, L50, F|100\/100\n|-activate|p2b: Dondozo|confusion\n|-damage|p2b: Dondozo|13\/100|[from] confusion\n|move|p1a: Indeedee|Trick Room|p1a: Indeedee\n|-fieldstart|move: Trick Room|[of] p1a: Indeedee\n|\n|-heal|p2b: Dondozo|19\/100|[from] item: Leftovers\n|-status|p1b: Ursaluna|brn|[from] item: Flame Orb\n|upkeep\n|turn|4\n|\n|t:|1736227776\n|move|p1b: Ursaluna|Facade|p2b: Dondozo\n|-damage|p2b: Dondozo|0 fnt\n|faint|p2b: Dondozo\n|move|p1a: Indeedee|Alluring Voice|p2a: Tatsugiri\n|-supereffective|p2a: Tatsugiri\n|-damage|p2a: Tatsugiri|53\/100\n|\n|-damage|p1b: Ursaluna|95\/100 brn|[from] brn\n|upkeep\n|\n|t:|1736227781\n|switch|p2b: Miraidon|Miraidon, L50|2\/100\n|-fieldstart|move: Electric Terrain|[from] ability: Hadron Engine|[of] p2b: Miraidon\n|turn|5\n|\n|t:|1736227792\n|move|p1a: Indeedee|Follow Me|p1a: Indeedee\n|-singleturn|p1a: Indeedee|move: Follow Me\n|move|p1b: Ursaluna|Earthquake|p2b: Miraidon|[spread] p1a,p2a,p2b\n|-supereffective|p2b: Miraidon\n|-damage|p1a: Indeedee|39\/100\n|-damage|p2a: Tatsugiri|0 fnt\n|-damage|p2b: Miraidon|0 fnt\n|faint|p2a: Tatsugiri\n|faint|p2b: Miraidon\n|\n|-damage|p1b: Ursaluna|89\/100 brn|[from] brn\n|upkeep\n|\n|t:|1736227799\n|switch|p2b: Chien-Pao|Chien-Pao, L50|100\/100\n|-ability|p2b: Chien-Pao|Sword of Ruin\n|turn|6\n|\n|t:|1736227806\n|move|p1b: Ursaluna|Facade|p2b: Chien-Pao\n|-enditem|p2b: Chien-Pao|Focus Sash\n|-damage|p2b: Chien-Pao|1\/100\n|move|p1a: Indeedee|Alluring Voice|p2b: Chien-Pao\n|-supereffective|p2b: Chien-Pao\n|-damage|p2b: Chien-Pao|0 fnt\n|faint|p2b: Chien-Pao\n|\n|win|Iamsliverfish\n|raw|Iamsliverfish's rating: 1648 &rarr; <strong>1667<\/strong><br \/>(+19 for winning)\n|raw|lichuweijixi's rating: 1631 &rarr; <strong>1612<\/strong><br \/>(-19 for losing)\n|l|\u2606lichuweijixi\n|player|p2|\n|l|\u2606Iamsliverfish\n|player|p1|\n|l| 33A33\n","uploadtime":1736227824,"views":22,"formatid":"gen9vgc2025regg","rating":1612,"private":0,"password":null}