{"id":"gen9vgc2025regg-2276679392","format":"[Gen 9] VGC 2025 Reg G","players":["Beccca","leolc0926"],"log":"|j|\u2606Beccca\n|j|\u2606leolc0926\n|t:|1736265615\n|gametype|doubles\n|player|p1|Beccca|169|1585\n|player|p2|leolc0926|steven|1540\n|teamsize|p1|6\n|teamsize|p2|6\n|gen|9\n|tier|[Gen 9] VGC 2025 Reg G\n|rated|\n|rule|Species Clause: Limit one of each Pok\u00e9mon\n|rule|Item Clause: Limit 1 of each item\n|clearpoke\n|poke|p1|Miraidon, L50|\n|poke|p1|Farigiraf, L50, F|\n|poke|p1|Iron Hands, L50|\n|poke|p1|Whimsicott, L50, F|\n|poke|p1|Chi-Yu, L50|\n|poke|p1|Urshifu-*, L50, M|\n|poke|p2|Flutter Mane, L50|\n|poke|p2|Torkoal, L50, M|\n|poke|p2|Calyrex-Ice, L50|\n|poke|p2|Ogerpon-Cornerstone, L50, F|\n|poke|p2|Urshifu-*, L50, M|\n|poke|p2|Farigiraf, L50, F|\n|teampreview|4\n|inactive|Battle timer is ON: inactive players will automatically lose when time's up. (requested by leolc0926)\n|\n|t:|1736265645\n|start\n|switch|p1a: Chi-Yu|Chi-Yu, L50|100\/100\n|switch|p1b: Miraidon|Miraidon, L50|100\/100\n|switch|p2a: \u30cf\u30d0\u30bf\u30af\u30ab\u30df|Flutter Mane, L50, shiny|100\/100\n|switch|p2b: \u55b7\u706b\u4fa0|Torkoal, L50, M|100\/100\n|-ability|p1a: Chi-Yu|Beads of Ruin\n|-fieldstart|move: Electric Terrain|[from] ability: Hadron Engine|[of] p1b: Miraidon\n|-weather|SunnyDay|[from] ability: Drought|[of] p2b: \u55b7\u706b\u4fa0\n|-activate|p2a: \u30cf\u30d0\u30bf\u30af\u30ab\u30df|ability: Protosynthesis\n|-start|p2a: \u30cf\u30d0\u30bf\u30af\u30ab\u30df|protosynthesisspe\n|turn|1\n|inactive|Beccca has 30 seconds left.\n|\n|t:|1736265676\n|-terastallize|p2a: \u30cf\u30d0\u30bf\u30af\u30ab\u30df|Fairy\n|-terastallize|p1b: Miraidon|Fairy\n|move|p2b: \u55b7\u706b\u4fa0|Helping Hand|p2a: \u30cf\u30d0\u30bf\u30af\u30ab\u30df\n|-singleturn|p2a: \u30cf\u30d0\u30bf\u30af\u30ab\u30df|Helping Hand|[of] p2b: \u55b7\u706b\u4fa0\n|move|p2a: \u30cf\u30d0\u30bf\u30af\u30ab\u30df|Moonblast|p1b: Miraidon\n|-damage|p1b: Miraidon|0 fnt\n|faint|p1b: Miraidon\n|-damage|p2a: \u30cf\u30d0\u30bf\u30af\u30ab\u30df|91\/100|[from] item: Life Orb\n|move|p1a: Chi-Yu|Snarl|p2b: \u55b7\u706b\u4fa0|[spread] p2a,p2b\n|-resisted|p2a: \u30cf\u30d0\u30bf\u30af\u30ab\u30df\n|-damage|p2a: \u30cf\u30d0\u30bf\u30af\u30ab\u30df|72\/100\n|-damage|p2b: \u55b7\u706b\u4fa0|61\/100\n|-unboost|p2a: \u30cf\u30d0\u30bf\u30af\u30ab\u30df|spa|1\n|-unboost|p2b: \u55b7\u706b\u4fa0|spa|1\n|\n|-weather|SunnyDay|[upkeep]\n|upkeep\n|\n|t:|1736265696\n|switch|p1b: Iron Hands|Iron Hands, L50|100\/100\n|-activate|p1b: Iron Hands|ability: Quark Drive\n|-start|p1b: Iron Hands|quarkdriveatk\n|turn|2\n|\n|t:|1736265704\n|move|p2a: \u30cf\u30d0\u30bf\u30af\u30ab\u30df|Protect|p2a: \u30cf\u30d0\u30bf\u30af\u30ab\u30df\n|-singleturn|p2a: \u30cf\u30d0\u30bf\u30af\u30ab\u30df|Protect\n|move|p2b: \u55b7\u706b\u4fa0|Protect|p2b: \u55b7\u706b\u4fa0\n|-singleturn|p2b: \u55b7\u706b\u4fa0|Protect\n|move|p1b: Iron Hands|Fake Out|p2a: \u30cf\u30d0\u30bf\u30af\u30ab\u30df\n|-activate|p2a: \u30cf\u30d0\u30bf\u30af\u30ab\u30df|move: Protect\n|move|p1a: Chi-Yu|Snarl|p2b: \u55b7\u706b\u4fa0|[spread] \n|-activate|p2a: \u30cf\u30d0\u30bf\u30af\u30ab\u30df|move: Protect\n|-activate|p2b: \u55b7\u706b\u4fa0|move: Protect\n|\n|-weather|SunnyDay|[upkeep]\n|upkeep\n|turn|3\n|\n|t:|1736265718\n|-end|p1b: Iron Hands|Quark Drive|[silent]\n|switch|p1b: Farigiraf|Farigiraf, L50, F|100\/100\n|-enditem|p1b: Farigiraf|Electric Seed\n|-boost|p1b: Farigiraf|def|1|[from] item: Electric Seed\n|move|p2b: \u55b7\u706b\u4fa0|Helping Hand|p2a: \u30cf\u30d0\u30bf\u30af\u30ab\u30df\n|-singleturn|p2a: \u30cf\u30d0\u30bf\u30af\u30ab\u30df|Helping Hand|[of] p2b: \u55b7\u706b\u4fa0\n|move|p2a: \u30cf\u30d0\u30bf\u30af\u30ab\u30df|Moonblast|p1b: Farigiraf\n|-damage|p1b: Farigiraf|0 fnt\n|faint|p1b: Farigiraf\n|-damage|p2a: \u30cf\u30d0\u30bf\u30af\u30ab\u30df|63\/100|[from] item: Life Orb\n|move|p1a: Chi-Yu|Snarl|p2a: \u30cf\u30d0\u30bf\u30af\u30ab\u30df|[spread] p2a,p2b\n|-resisted|p2a: \u30cf\u30d0\u30bf\u30af\u30ab\u30df\n|-damage|p2a: \u30cf\u30d0\u30bf\u30af\u30ab\u30df|45\/100\n|-damage|p2b: \u55b7\u706b\u4fa0|19\/100\n|-unboost|p2a: \u30cf\u30d0\u30bf\u30af\u30ab\u30df|spa|1\n|-unboost|p2b: \u55b7\u706b\u4fa0|spa|1\n|\n|-weather|SunnyDay|[upkeep]\n|upkeep\n|j| Ven0m0th\n|\n|t:|1736265736\n|switch|p1b: Iron Hands|Iron Hands, L50|100\/100\n|-activate|p1b: Iron Hands|ability: Quark Drive\n|-start|p1b: Iron Hands|quarkdriveatk\n|turn|4\n|\n|t:|1736265760\n|-end|p2a: \u30cf\u30d0\u30bf\u30af\u30ab\u30df|Protosynthesis|[silent]\n|switch|p2a: \u30d0\u30c9\u30ec\u30c3\u30af\u30b9|Calyrex-Ice, L50|100\/100\n|-ability|p2a: \u30d0\u30c9\u30ec\u30c3\u30af\u30b9|As One\n|-ability|p2a: \u30d0\u30c9\u30ec\u30c3\u30af\u30b9|Unnerve\n|switch|p2b: Ogerpon|Ogerpon-Cornerstone, L50, F|100\/100\n|move|p1b: Iron Hands|Fake Out|p2b: Ogerpon\n|-resisted|p2b: Ogerpon\n|-damage|p2b: Ogerpon|88\/100\n|move|p1a: Chi-Yu|Snarl|p2a: \u30d0\u30c9\u30ec\u30c3\u30af\u30b9|[spread] p2a,p2b\n|-supereffective|p2a: \u30d0\u30c9\u30ec\u30c3\u30af\u30b9\n|-damage|p2a: \u30d0\u30c9\u30ec\u30c3\u30af\u30b9|60\/100\n|-damage|p2b: Ogerpon|49\/100\n|-unboost|p2b: Ogerpon|spa|1\n|\n|-weather|SunnyDay|[upkeep]\n|upkeep\n|turn|5\n|\n|t:|1736265781\n|move|p1a: Chi-Yu|Snarl|p2b: Ogerpon|[spread] p2a,p2b\n|-supereffective|p2a: \u30d0\u30c9\u30ec\u30c3\u30af\u30b9\n|-damage|p2a: \u30d0\u30c9\u30ec\u30c3\u30af\u30b9|22\/100\n|-damage|p2b: Ogerpon|12\/100\n|-unboost|p2b: Ogerpon|spa|1\n|move|p2b: Ogerpon|Ivy Cudgel|p1a: Chi-Yu|[anim] Ivy Cudgel Rock\n|-supereffective|p1a: Chi-Yu\n|-damage|p1a: Chi-Yu|0 fnt\n|faint|p1a: Chi-Yu\n|move|p1b: Iron Hands|Low Kick|p2a: \u30d0\u30c9\u30ec\u30c3\u30af\u30b9\n|-damage|p2a: \u30d0\u30c9\u30ec\u30c3\u30af\u30b9|0 fnt\n|faint|p2a: \u30d0\u30c9\u30ec\u30c3\u30af\u30b9\n|\n|-weather|none\n|-fieldend|move: Electric Terrain\n|-end|p1b: Iron Hands|Quark Drive\n|upkeep\n|\n|t:|1736265794\n|switch|p2a: \u55b7\u706b\u4fa0|Torkoal, L50, M|19\/100\n|-weather|SunnyDay|[from] ability: Drought|[of] p2a: \u55b7\u706b\u4fa0\n|turn|6\n|\n|t:|1736265805\n|move|p2a: \u55b7\u706b\u4fa0|Protect|p2a: \u55b7\u706b\u4fa0\n|-singleturn|p2a: \u55b7\u706b\u4fa0|Protect\n|move|p2b: Ogerpon|Power Whip|p1b: Iron Hands\n|-damage|p1b: Iron Hands|52\/100\n|move|p1b: Iron Hands|Drain Punch|p2a: \u55b7\u706b\u4fa0\n|-activate|p2a: \u55b7\u706b\u4fa0|move: Protect\n|\n|-weather|SunnyDay|[upkeep]\n|upkeep\n|turn|7\n|-message|Beccca forfeited.\n|\n|win|leolc0926\n|raw|Beccca's rating: 1585 &rarr; <strong>1562<\/strong><br \/>(-23 for losing)\n|raw|leolc0926's rating: 1540 &rarr; <strong>1563<\/strong><br \/>(+23 for winning)\n|l|\u2606Beccca\n|player|p1|\n|c|\u2606leolc0926|gg\n|l| Ven0m0th\n|l|\u2606leolc0926\n|player|p2|\n","uploadtime":1736265823,"views":148,"formatid":"gen9vgc2025regg","rating":1562,"private":0,"password":null}