{"id":"gen9vgc2025regg-2276066677","format":"[Gen 9] VGC 2025 Reg G","players":["TheBrain05","ninjaloki"],"log":"|j|\u2606TheBrain05\n|j|\u2606ninjaloki\n|t:|1736179612\n|gametype|doubles\n|player|p1|TheBrain05|169|1598\n|player|p2|ninjaloki|101|1527\n|teamsize|p1|6\n|teamsize|p2|6\n|gen|9\n|tier|[Gen 9] VGC 2025 Reg G\n|rated|\n|rule|Species Clause: Limit one of each Pok\u00e9mon\n|rule|Item Clause: Limit 1 of each item\n|clearpoke\n|poke|p1|Zamazenta-*, L50|\n|poke|p1|Rillaboom, L50, M|\n|poke|p1|Roaring Moon, L50|\n|poke|p1|Entei, L50|\n|poke|p1|Ting-Lu, L50|\n|poke|p1|Clefairy, L50, F|\n|poke|p2|Miraidon, L50|\n|poke|p2|Whimsicott, L50, M|\n|poke|p2|Urshifu-*, L50, M|\n|poke|p2|Ogerpon-Hearthflame, L50, F|\n|poke|p2|Farigiraf, L50, M|\n|poke|p2|Iron Hands, L50|\n|teampreview|4\nTheBrain05 has agreed to open team sheets.\n|inactive|Battle timer is ON: inactive players will automatically lose when time's up. (requested by TheBrain05)\n|\n|t:|1736179640\n|start\n|switch|p1a: Zamazenta|Zamazenta-Crowned, L50|100\/100\n|switch|p1b: Ting-Lu|Ting-Lu, L50|100\/100\n|switch|p2a: Miraidon|Miraidon, L50|100\/100\n|switch|p2b: Ogerpon|Ogerpon-Hearthflame, L50, F|100\/100\n|-fieldstart|move: Electric Terrain|[from] ability: Hadron Engine|[of] p2a: Miraidon\n|-ability|p1a: Zamazenta|Dauntless Shield|boost\n|-boost|p1a: Zamazenta|def|1\n|-ability|p2b: Ogerpon|Mold Breaker\n|-ability|p1b: Ting-Lu|Vessel of Ruin\n|turn|1\n|\n|t:|1736179664\n|-terastallize|p1b: Ting-Lu|Poison\n|move|p1a: Zamazenta|Protect|p1a: Zamazenta\n|-singleturn|p1a: Zamazenta|Protect\n|move|p2a: Miraidon|Volt Switch|p1a: Zamazenta\n|-activate|p1a: Zamazenta|move: Protect\n|move|p2b: Ogerpon|Wood Hammer|p1b: Ting-Lu\n|-resisted|p1b: Ting-Lu\n|-damage|p1b: Ting-Lu|85\/100\n|-damage|p2b: Ogerpon|93\/100|[from] Recoil\n|move|p1b: Ting-Lu|Sand Tomb|p2a: Miraidon|[miss]\n|-miss|p1b: Ting-Lu|p2a: Miraidon\n|\n|-heal|p1b: Ting-Lu|92\/100|[from] item: Leftovers\n|upkeep\n|turn|2\n|inactive|TheBrain05 has 30 seconds left.\n|\n|t:|1736179692\n|-terastallize|p2b: Ogerpon|Fire\n|detailschange|p2b: Ogerpon|Ogerpon-Hearthflame-Tera, L50, F, tera:Fire\n|-ability|p2b: Ogerpon|Embody Aspect (Hearthflame)|boost\n|-boost|p2b: Ogerpon|atk|1\n|move|p2a: Miraidon|Volt Switch|p1a: Zamazenta\n|-damage|p1a: Zamazenta|43\/100\n|\n|t:|1736179701\n|switch|p2a: Farigiraf|Farigiraf, L50, M|100\/100|[from] Volt Switch\n|-enditem|p2a: Farigiraf|Electric Seed\n|-boost|p2a: Farigiraf|def|1|[from] item: Electric Seed\n|move|p1a: Zamazenta|Body Press|p2b: Ogerpon\n|-damage|p2b: Ogerpon|18\/100\n|move|p2b: Ogerpon|Ivy Cudgel|p1a: Zamazenta|[anim] Ivy Cudgel Fire\n|-supereffective|p1a: Zamazenta\n|-damage|p1a: Zamazenta|0 fnt\n|faint|p1a: Zamazenta\n|move|p1b: Ting-Lu|Sand Tomb|p2a: Farigiraf\n|-damage|p2a: Farigiraf|93\/100\n|-activate|p2a: Farigiraf|move: Sand Tomb|[of] p1b: Ting-Lu\n|\n|-heal|p1b: Ting-Lu|98\/100|[from] item: Leftovers\n|-damage|p2a: Farigiraf|81\/100|[from] move: Sand Tomb|[partiallytrapped]\n|upkeep\n|j| Lavenderawa\n|\n|t:|1736179715\n|switch|p1a: Clefairy|Clefairy, L50, F|100\/100\n|turn|3\n|\n|t:|1736179728\n|move|p2a: Farigiraf|Helping Hand|p2b: Ogerpon\n|-singleturn|p2b: Ogerpon|Helping Hand|[of] p2a: Farigiraf\n|move|p2b: Ogerpon|Ivy Cudgel|p1a: Clefairy|[anim] Ivy Cudgel Fire\n|-damage|p1a: Clefairy|0 fnt\n|faint|p1a: Clefairy\n|move|p1b: Ting-Lu|Sand Tomb|p2b: Ogerpon|[miss]\n|-miss|p1b: Ting-Lu|p2b: Ogerpon\n|\n|-heal|p1b: Ting-Lu|100\/100|[from] item: Leftovers\n|-damage|p2a: Farigiraf|69\/100|[from] move: Sand Tomb|[partiallytrapped]\n|upkeep\n|\n|t:|1736179735\n|switch|p1a: Rillaboom|Rillaboom, L50, M|100\/100\n|-fieldstart|move: Grassy Terrain|[from] ability: Grassy Surge|[of] p1a: Rillaboom\n|turn|4\n|\n|t:|1736179750\n|move|p2b: Ogerpon|Spiky Shield|p2b: Ogerpon\n|-singleturn|p2b: Ogerpon|move: Protect\n|move|p1a: Rillaboom|U-turn|p2a: Farigiraf\n|-supereffective|p2a: Farigiraf\n|-damage|p2a: Farigiraf|44\/100\n|move|p2a: Farigiraf|Psychic Noise|p1b: Ting-Lu\n|-supereffective|p1b: Ting-Lu\n|-damage|p1b: Ting-Lu|69\/100\n|-start|p1b: Ting-Lu|move: Heal Block\n|move|p1b: Ting-Lu|Body Press|p2b: Ogerpon\n|-activate|p2b: Ogerpon|move: Protect\n|-damage|p1b: Ting-Lu|57\/100|[from] Spiky Shield|[of] p2b: Ogerpon\n|\n|-heal|p2b: Ogerpon|24\/100|[from] Grassy Terrain\n|-heal|p2a: Farigiraf|50\/100|[from] Grassy Terrain\n|-damage|p2a: Farigiraf|38\/100|[from] move: Sand Tomb|[partiallytrapped]\n|upkeep\n|turn|5\n|-message|TheBrain05 forfeited.\n|\n|win|ninjaloki\n|raw|TheBrain05's rating: 1598 &rarr; <strong>1574<\/strong><br \/>(-24 for losing)\n|raw|ninjaloki's rating: 1527 &rarr; <strong>1551<\/strong><br \/>(+24 for winning)\n|l|\u2606TheBrain05\n|player|p1|\n|l|\u2606ninjaloki\n|player|p2|\n|l| Lavenderawa\n","uploadtime":1736179971,"views":283,"formatid":"gen9vgc2025regg","rating":1551,"private":0,"password":null}