{"id":"gen9vgc2025regg-2276910245","format":"[Gen 9] VGC 2025 Reg G","players":["0l0f3rn3","JackoEk11"],"log":"|j|\u26060l0f3rn3\n|j|\u2606JackoEk11\n|t:|1736290871\n|gametype|doubles\n|player|p1|0l0f3rn3|265|1544\n|player|p2|JackoEk11|169|1606\n|teamsize|p1|6\n|teamsize|p2|6\n|gen|9\n|tier|[Gen 9] VGC 2025 Reg G\n|rated|\n|rule|Species Clause: Limit one of each Pok\u00e9mon\n|rule|Item Clause: Limit 1 of each item\n|clearpoke\n|poke|p1|Whimsicott, L50, F|\n|poke|p1|Ogerpon-Cornerstone, L50, F|\n|poke|p1|Incineroar, L50, M|\n|poke|p1|Miraidon, L50|\n|poke|p1|Ursaluna-Bloodmoon, L50, M|\n|poke|p1|Farigiraf, L50, F|\n|poke|p2|Zamazenta-*, L50|\n|poke|p2|Latios, L50, M|\n|poke|p2|Rillaboom, L50, M|\n|poke|p2|Chien-Pao, L50|\n|poke|p2|Urshifu-*, L50, F|\n|poke|p2|Flutter Mane, L50|\n|teampreview|4\n|j| jorginhotv\n|j| Geengar's dream\n|l| Geengar's dream\n|j| aidanky\n|inactive|Battle timer is ON: inactive players will automatically lose when time's up. (requested by JackoEk11)\n|inactive|0l0f3rn3 has 60 seconds left.\n|\n|t:|1736290997\n|start\n|switch|p1a: Whimsicott|Whimsicott, L50, F|100\/100\n|switch|p1b: Incineroar|Incineroar, L50, M|100\/100\n|switch|p2a: Rillaboom|Rillaboom, L50, M|100\/100\n|switch|p2b: Chien-Pao|Chien-Pao, L50|100\/100\n|-ability|p2b: Chien-Pao|Sword of Ruin\n|-fieldstart|move: Grassy Terrain|[from] ability: Grassy Surge|[of] p2a: Rillaboom\n|-ability|p1b: Incineroar|Intimidate|boost\n|-unboost|p2a: Rillaboom|atk|1\n|-unboost|p2b: Chien-Pao|atk|1\n|turn|1\n|j| IMarriedMyDondozo\n|\n|t:|1736291013\n|move|p1a: Whimsicott|Protect|p1a: Whimsicott\n|-singleturn|p1a: Whimsicott|Protect\n|move|p2a: Rillaboom|Fake Out|p1b: Incineroar\n|-damage|p1b: Incineroar|91\/100\n|cant|p1b: Incineroar|flinch\n|move|p2b: Chien-Pao|Icicle Crash|p1a: Whimsicott\n|-activate|p1a: Whimsicott|move: Protect\n|\n|-heal|p1b: Incineroar|97\/100|[from] Grassy Terrain\n|upkeep\n|turn|2\n|\n|t:|1736291031\n|move|p2b: Chien-Pao|Icicle Crash|p1a: Whimsicott\n|-supereffective|p1a: Whimsicott\n|-enditem|p1a: Whimsicott|Focus Sash\n|-damage|p1a: Whimsicott|1\/100\n|move|p1a: Whimsicott|Moonblast|p2b: Chien-Pao\n|-supereffective|p2b: Chien-Pao\n|-enditem|p2b: Chien-Pao|Focus Sash\n|-damage|p2b: Chien-Pao|1\/100\n|move|p2a: Rillaboom|U-turn|p1a: Whimsicott\n|-damage|p1a: Whimsicott|0 fnt\n|faint|p1a: Whimsicott\n|\n|t:|1736291039\n|switch|p2a: Flutter Mane|Flutter Mane, L50|100\/100|[from] U-turn\n|-enditem|p2a: Flutter Mane|Booster Energy\n|-activate|p2a: Flutter Mane|ability: Protosynthesis|[fromitem]\n|-start|p2a: Flutter Mane|protosynthesisspe\n|move|p1b: Incineroar|U-turn|p2b: Chien-Pao\n|-supereffective|p2b: Chien-Pao\n|-damage|p2b: Chien-Pao|0 fnt\n|faint|p2b: Chien-Pao\n|\n|t:|1736291052\n|switch|p1b: Miraidon|Miraidon, L50|100\/100|[from] U-turn\n|-fieldstart|move: Electric Terrain|[from] ability: Hadron Engine|[of] p1b: Miraidon\n|\n|upkeep\n|\n|t:|1736291062\n|switch|p2b: Rillaboom|Rillaboom, L50, M|100\/100\n|switch|p1a: Incineroar|Incineroar, L50, M|97\/100\n|-fieldstart|move: Grassy Terrain|[from] ability: Grassy Surge|[of] p2b: Rillaboom\n|-ability|p1a: Incineroar|Intimidate|boost\n|-unboost|p2a: Flutter Mane|atk|1\n|-unboost|p2b: Rillaboom|atk|1\n|turn|3\n|j| prstomu4\n|j| Necrozmaphelia\n|\n|t:|1736291081\n|-terastallize|p1b: Miraidon|Electric\n|move|p2b: Rillaboom|Fake Out|p1b: Miraidon\n|-damage|p1b: Miraidon|90\/100\n|move|p2a: Flutter Mane|Moonblast|p1b: Miraidon\n|-damage|p1b: Miraidon|50\/100\n|-unboost|p1b: Miraidon|spa|1\n|cant|p1b: Miraidon|flinch\n|move|p1a: Incineroar|Flare Blitz|p2b: Rillaboom\n|-supereffective|p2b: Rillaboom\n|-damage|p2b: Rillaboom|4\/100\n|-damage|p1a: Incineroar|65\/100|[from] Recoil\n|\n|-heal|p1b: Miraidon|56\/100|[from] Grassy Terrain\n|-heal|p2b: Rillaboom|10\/100|[from] Grassy Terrain\n|-heal|p1a: Incineroar|71\/100|[from] Grassy Terrain\n|upkeep\n|turn|4\n|\n|t:|1736291100\n|switch|p1b: Ursaluna|Ursaluna-Bloodmoon, L50, M|100\/100\n|move|p2b: Rillaboom|Grassy Glide|p1b: Ursaluna\n|-supereffective|p1b: Ursaluna\n|-damage|p1b: Ursaluna|62\/100\n|move|p2a: Flutter Mane|Moonblast|p1b: Ursaluna\n|-damage|p1b: Ursaluna|10\/100\n|move|p1a: Incineroar|U-turn|p2b: Rillaboom\n|-supereffective|p2b: Rillaboom\n|-damage|p2b: Rillaboom|0 fnt\n|faint|p2b: Rillaboom\n|\n|t:|1736291111\n|switch|p1a: Miraidon|Miraidon, L50, tera:Electric|56\/100|[from] U-turn\n|-fieldstart|move: Electric Terrain|[from] ability: Hadron Engine|[of] p1a: Miraidon\n|\n|upkeep\n|\n|t:|1736291114\n|switch|p2b: Zamazenta|Zamazenta-Crowned, L50|100\/100\n|-ability|p2b: Zamazenta|Dauntless Shield|boost\n|-boost|p2b: Zamazenta|def|1\n|turn|5\n|\n|t:|1736291129\n|switch|p1b: Incineroar|Incineroar, L50, M|71\/100\n|-ability|p1b: Incineroar|Intimidate|boost\n|-unboost|p2a: Flutter Mane|atk|1\n|-unboost|p2b: Zamazenta|atk|1\n|-terastallize|p2b: Zamazenta|Dragon\n|move|p2a: Flutter Mane|Icy Wind|p1a: Miraidon|[spread] p1a,p1b\n|-resisted|p1b: Incineroar\n|-damage|p1a: Miraidon|45\/100\n|-damage|p1b: Incineroar|67\/100\n|-unboost|p1a: Miraidon|spe|1\n|-unboost|p1b: Incineroar|spe|1\n|move|p2b: Zamazenta|Body Press|p1a: Miraidon\n|-damage|p1a: Miraidon|0 fnt\n|faint|p1a: Miraidon\n|\n|upkeep\n|-message|0l0f3rn3 forfeited.\n|\n|win|JackoEk11\n|raw|0l0f3rn3's rating: 1544 &rarr; <strong>1528<\/strong><br \/>(-16 for losing)\n|raw|JackoEk11's rating: 1606 &rarr; <strong>1622<\/strong><br \/>(+16 for winning)\n|l|\u26060l0f3rn3\n|player|p1|\n|l|\u2606JackoEk11\n|player|p2|\n|l| Necrozmaphelia\n","uploadtime":1736291281,"views":263,"formatid":"gen9vgc2025regg","rating":1528,"private":0,"password":null}