{"id":"gen9vgc2025regg-2276911947","format":"[Gen 9] VGC 2025 Reg G","players":["Keywhywine","Gene10"],"log":"|j|\u2606Keywhywine\n|j|\u2606Gene10\n|t:|1736291091\n|gametype|doubles\n|player|p1|Keywhywine|bugcatcher-gen4dp|1546\n|player|p2|Gene10|169|1592\n|teamsize|p1|6\n|teamsize|p2|6\n|gen|9\n|tier|[Gen 9] VGC 2025 Reg G\n|rated|\n|rule|Species Clause: Limit one of each Pok\u00e9mon\n|rule|Item Clause: Limit 1 of each item\n|clearpoke\n|poke|p1|Ho-Oh, L50|\n|poke|p1|Ting-Lu, L50|\n|poke|p1|Raging Bolt, L50|\n|poke|p1|Chien-Pao, L50|\n|poke|p1|Urshifu-*, L50, M|\n|poke|p1|Forretress, L50, M|\n|poke|p2|Calyrex-Ice, L50|\n|poke|p2|Urshifu-*, L50, F|\n|poke|p2|Raging Bolt, L50|\n|poke|p2|Rillaboom, L50, M|\n|poke|p2|Pelipper, L50, F|\n|poke|p2|Farigiraf, L50, F|\n|teampreview|4\n|inactive|Battle timer is ON: inactive players will automatically lose when time's up. (requested by Gene10)\n|j| allgasnoblake\n|j| prstomu4\n|inactive|Keywhywine has 60 seconds left.\n|\n|t:|1736291130\n|start\n|switch|p1a: Chien-Pao|Chien-Pao, L50|100\/100\n|switch|p1b: Urshifu|Urshifu-Rapid-Strike, L50, M|100\/100\n|switch|p2a: Calyrex|Calyrex-Ice, L50|100\/100\n|switch|p2b: Urshifu|Urshifu-Rapid-Strike, L50, F|100\/100\n|-ability|p2a: Calyrex|As One\n|-ability|p2a: Calyrex|Unnerve\n|-ability|p1a: Chien-Pao|Sword of Ruin\n|turn|1\n|\n|t:|1736291152\n|-terastallize|p2b: Urshifu|Water\n|move|p1b: Urshifu|Surging Strikes|p2b: Urshifu\n|-resisted|p2b: Urshifu\n|-crit|p2b: Urshifu\n|-damage|p2b: Urshifu|86\/100\n|-resisted|p2b: Urshifu\n|-crit|p2b: Urshifu\n|-damage|p2b: Urshifu|70\/100\n|-resisted|p2b: Urshifu\n|-crit|p2b: Urshifu\n|-damage|p2b: Urshifu|55\/100\n|-hitcount|p2b: Urshifu|3\n|move|p2b: Urshifu|Surging Strikes|p1a: Chien-Pao\n|-crit|p1a: Chien-Pao\n|-damage|p1a: Chien-Pao|62\/100\n|-crit|p1a: Chien-Pao\n|-damage|p1a: Chien-Pao|18\/100\n|-crit|p1a: Chien-Pao\n|-damage|p1a: Chien-Pao|0 fnt\n|faint|p1a: Chien-Pao\n|-hitcount|p1: Chien-Pao|3\n|move|p2a: Calyrex|Glacial Lance|p1b: Urshifu\n|-resisted|p1b: Urshifu\n|-damage|p1b: Urshifu|58\/100\n|\n|upkeep\n|\n|t:|1736291170\n|switch|p1a: Forretress|Forretress, L50, M|100\/100\n|turn|2\n|j| Necrozmaphelia\n|\n|t:|1736291184\n|-terastallize|p1a: Forretress|Water\n|move|p1b: Urshifu|Surging Strikes|p2b: Urshifu\n|-resisted|p2b: Urshifu\n|-crit|p2b: Urshifu\n|-damage|p2b: Urshifu|45\/100\n|-resisted|p2b: Urshifu\n|-crit|p2b: Urshifu\n|-damage|p2b: Urshifu|33\/100\n|-resisted|p2b: Urshifu\n|-crit|p2b: Urshifu\n|-damage|p2b: Urshifu|22\/100\n|-hitcount|p2b: Urshifu|3\n|move|p2b: Urshifu|Surging Strikes|p1a: Forretress\n|-resisted|p1a: Forretress\n|-crit|p1a: Forretress\n|-damage|p1a: Forretress|92\/100\n|-resisted|p1a: Forretress\n|-crit|p1a: Forretress\n|-damage|p1a: Forretress|83\/100\n|-resisted|p1a: Forretress\n|-crit|p1a: Forretress\n|-damage|p1a: Forretress|75\/100\n|-hitcount|p1a: Forretress|3\n|move|p2a: Calyrex|Glacial Lance|p1a: Forretress|[spread] p1a,p1b\n|-resisted|p1a: Forretress\n|-resisted|p1b: Urshifu\n|-damage|p1a: Forretress|58\/100\n|-damage|p1b: Urshifu|27\/100\n|move|p1a: Forretress|Iron Defense|p1a: Forretress\n|-boost|p1a: Forretress|def|2\n|\n|-heal|p1a: Forretress|64\/100|[from] item: Leftovers\n|upkeep\n|turn|3\n|inactive|Keywhywine has 30 seconds left.\n|inactive|Gene10 has 30 seconds left.\n|\n|t:|1736291211\n|switch|p2b: Raging Bolt|Raging Bolt, L50|100\/100\n|-enditem|p2b: Raging Bolt|Booster Energy\n|-activate|p2b: Raging Bolt|ability: Protosynthesis|[fromitem]\n|-start|p2b: Raging Bolt|protosynthesisspa\n|move|p1b: Urshifu|Surging Strikes|p2b: Raging Bolt\n|-resisted|p2b: Raging Bolt\n|-crit|p2b: Raging Bolt\n|-damage|p2b: Raging Bolt|91\/100\n|-resisted|p2b: Raging Bolt\n|-crit|p2b: Raging Bolt\n|-damage|p2b: Raging Bolt|81\/100\n|-resisted|p2b: Raging Bolt\n|-crit|p2b: Raging Bolt\n|-damage|p2b: Raging Bolt|70\/100\n|-hitcount|p2b: Raging Bolt|3\n|move|p2a: Calyrex|Glacial Lance|p1a: Forretress|[spread] p1a,p1b\n|-resisted|p1a: Forretress\n|-resisted|p1b: Urshifu\n|-damage|p1a: Forretress|57\/100\n|-damage|p1b: Urshifu|0 fnt\n|faint|p1b: Urshifu\n|-ability|p2a: Calyrex|Chilling Neigh|boost\n|-boost|p2a: Calyrex|atk|1\n|move|p1a: Forretress|Iron Defense|p1a: Forretress\n|-boost|p1a: Forretress|def|2\n|\n|-heal|p1a: Forretress|63\/100|[from] item: Leftovers\n|upkeep\n|l| allgasnoblake\n|\n|t:|1736291231\n|switch|p1b: Ho-Oh|Ho-Oh, L50|100\/100\n|turn|4\n|\n|t:|1736291241\n|switch|p2a: Pelipper|Pelipper, L50, F|100\/100\n|-weather|RainDance|[from] ability: Drizzle|[of] p2a: Pelipper\n|move|p1a: Forretress|Protect|p1a: Forretress\n|-singleturn|p1a: Forretress|Protect\n|move|p2b: Raging Bolt|Thunderbolt|p1a: Forretress\n|-activate|p1a: Forretress|move: Protect\n|move|p1b: Ho-Oh|Sacred Fire|p2a: Pelipper\n|-resisted|p2a: Pelipper\n|-damage|p2a: Pelipper|83\/100\n|-status|p2a: Pelipper|brn\n|\n|-weather|RainDance|[upkeep]\n|-heal|p1a: Forretress|69\/100|[from] item: Leftovers\n|-damage|p2a: Pelipper|77\/100 brn|[from] brn\n|upkeep\n|turn|5\n|j| jorginhotv\n|\n|t:|1736291264\n|move|p2b: Raging Bolt|Thunderbolt|p1a: Forretress\n|-supereffective|p1a: Forretress\n|-damage|p1a: Forretress|0 fnt\n|faint|p1a: Forretress\n|move|p1b: Ho-Oh|Brave Bird|p2a: Pelipper\n|-damage|p2a: Pelipper|0 fnt\n|faint|p2a: Pelipper\n|-damage|p1b: Ho-Oh|84\/100|[from] Recoil\n|\n|-weather|RainDance|[upkeep]\n|upkeep\n|\n|t:|1736291272\n|switch|p2a: Urshifu|Urshifu-Rapid-Strike, L50, F, tera:Water|22\/100\n|turn|6\n|-message|Keywhywine forfeited.\n|\n|win|Gene10\n|raw|Keywhywine's rating: 1546 &rarr; <strong>1529<\/strong><br \/>(-17 for losing)\n|raw|Gene10's rating: 1592 &rarr; <strong>1609<\/strong><br \/>(+17 for winning)\n|l|\u2606Keywhywine\n|player|p1|\n|l|\u2606Gene10\n|player|p2|\n|l| Necrozmaphelia\n","uploadtime":1736291420,"views":302,"formatid":"gen9vgc2025regg","rating":1529,"private":0,"password":null}