{"id":"gen9vgc2025regg-2276172751","format":"[Gen 9] VGC 2025 Reg G","players":["Bbjhots","Xatseye"],"log":"|j|\u2606Bbjhots\n|j|\u2606Xatseye\n|t:|1736191370\n|gametype|doubles\n|player|p1|Bbjhots|1|1606\n|player|p2|Xatseye|biker|1546\n|teamsize|p1|6\n|teamsize|p2|6\n|gen|9\n|tier|[Gen 9] VGC 2025 Reg G\n|rated|\n|rule|Species Clause: Limit one of each Pok\u00e9mon\n|rule|Item Clause: Limit 1 of each item\n|clearpoke\n|poke|p1|Miraidon, L50|\n|poke|p1|Whimsicott, L50, F|\n|poke|p1|Urshifu-*, L50, F|\n|poke|p1|Ogerpon-Hearthflame, L50, F|\n|poke|p1|Farigiraf, L50, F|\n|poke|p1|Iron Hands, L50|\n|poke|p2|Cresselia, L50, F|\n|poke|p2|Flutter Mane, L50|\n|poke|p2|Maushold-Four, L50|\n|poke|p2|Incineroar, L50, M|\n|poke|p2|Calyrex-Ice, L50|\n|poke|p2|Raging Bolt, L50|\n|teampreview|4\n|inactive|Battle timer is ON: inactive players will automatically lose when time's up. (requested by Xatseye)\n|inactive|Bbjhots also wants the timer to be on.\n|inactive|Bbjhots has 60 seconds left.\n|\n|t:|1736191407\n|start\n|switch|p1a: Miraidon|Miraidon, L50|100\/100\n|switch|p1b: Farigiraf|Farigiraf, L50, F|100\/100\n|switch|p2a: Flutter Mane|Flutter Mane, L50|100\/100\n|switch|p2b: Cresselia|Cresselia, L50, F, shiny|100\/100\n|-fieldstart|move: Electric Terrain|[from] ability: Hadron Engine|[of] p1a: Miraidon\n|-enditem|p1b: Farigiraf|Electric Seed\n|-boost|p1b: Farigiraf|def|1|[from] item: Electric Seed\n|-enditem|p2a: Flutter Mane|Booster Energy\n|-activate|p2a: Flutter Mane|ability: Protosynthesis|[fromitem]\n|-start|p2a: Flutter Mane|protosynthesisspa\n|turn|1\n|inactive|Bbjhots has 30 seconds left.\n|\n|t:|1736191441\n|-terastallize|p1a: Miraidon|Fairy\n|-terastallize|p2b: Cresselia|Ground\n|move|p1b: Farigiraf|Helping Hand|p1a: Miraidon\n|-singleturn|p1a: Miraidon|Helping Hand|[of] p1b: Farigiraf\n|move|p2a: Flutter Mane|Protect|p2a: Flutter Mane\n|-singleturn|p2a: Flutter Mane|Protect\n|move|p1a: Miraidon|Dazzling Gleam|p2b: Cresselia|[spread] p2b\n|-activate|p2a: Flutter Mane|move: Protect\n|-damage|p2b: Cresselia|43\/100\n|move|p2b: Cresselia|Trick Room|p2b: Cresselia\n|-fieldstart|move: Trick Room|[of] p2b: Cresselia\n|\n|upkeep\n|turn|2\n|\n|t:|1736191462\n|move|p2b: Cresselia|Psychic|p1a: Miraidon\n|-damage|p1a: Miraidon|79\/100\n|move|p2a: Flutter Mane|Moonblast|p1a: Miraidon\n|-damage|p1a: Miraidon|22\/100\n|-unboost|p1a: Miraidon|spa|1\n|move|p1a: Miraidon|Dazzling Gleam|p2a: Flutter Mane|[spread] p2a,p2b\n|-damage|p2a: Flutter Mane|51\/100\n|-damage|p2b: Cresselia|19\/100\n|move|p1b: Farigiraf|Trick Room|p1b: Farigiraf\n|-fieldend|move: Trick Room\n|\n|upkeep\n|turn|3\n|\n|t:|1736191480\n|switch|p2b: Calyrex|Calyrex-Ice, L50|100\/100\n|-ability|p2b: Calyrex|As One\n|-ability|p2b: Calyrex|Unnerve\n|move|p1b: Farigiraf|Helping Hand|p1a: Miraidon\n|-singleturn|p1a: Miraidon|Helping Hand|[of] p1b: Farigiraf\n|move|p1a: Miraidon|Dazzling Gleam|p2a: Flutter Mane|[spread] p2a,p2b\n|-damage|p2a: Flutter Mane|0 fnt\n|-damage|p2b: Calyrex|60\/100\n|faint|p2a: Flutter Mane\n|-end|p2a: Flutter Mane|Protosynthesis|[silent]\n|\n|upkeep\n|\n|t:|1736191493\n|switch|p2a: Raging Bolt|Raging Bolt, L50|100\/100\n|turn|4\n|\n|t:|1736191500\n|move|p1a: Miraidon|Dazzling Gleam|p2b: Calyrex|[spread] p2a,p2b\n|-supereffective|p2a: Raging Bolt\n|-damage|p2a: Raging Bolt|49\/100\n|-damage|p2b: Calyrex|34\/100\n|move|p2a: Raging Bolt|Snarl|p1b: Farigiraf|[spread] p1b\n|-miss|p2a: Raging Bolt|p1a: Miraidon\n|-supereffective|p1b: Farigiraf\n|-damage|p1b: Farigiraf|72\/100\n|-unboost|p1b: Farigiraf|spa|1\n|move|p1b: Farigiraf|Foul Play|p2b: Calyrex\n|-supereffective|p2b: Calyrex\n|-damage|p2b: Calyrex|0 fnt\n|faint|p2b: Calyrex\n|\n|upkeep\n|\n|t:|1736191515\n|switch|p2b: Cresselia|Cresselia, L50, F, shiny, tera:Ground|19\/100\n|turn|5\n|-message|Xatseye forfeited.\n|\n|win|Bbjhots\n|raw|Bbjhots's rating: 1606 &rarr; <strong>1623<\/strong><br \/>(+17 for winning)\n|raw|Xatseye's rating: 1546 &rarr; <strong>1529<\/strong><br \/>(-17 for losing)\n|l|\u2606Xatseye\n|player|p2|\n|l|\u2606Bbjhots\n|player|p1|\n","uploadtime":1736191554,"views":8,"formatid":"gen9vgc2025regg","rating":1529,"private":0,"password":null}