{"id":"gen9vgc2025regg-2276620541","format":"[Gen 9] VGC 2025 Reg G","players":["bieiup","bluestraggler01"],"log":"|j|\u2606bieiup\n|j|\u2606bluestraggler01\n|t:|1736258645\n|gametype|doubles\n|player|p1|bieiup|lillie-z|1555\n|player|p2|bluestraggler01|266|1579\n|teamsize|p1|6\n|teamsize|p2|6\n|gen|9\n|tier|[Gen 9] VGC 2025 Reg G\n|rated|\n|rule|Species Clause: Limit one of each Pok\u00e9mon\n|rule|Item Clause: Limit 1 of each item\n|clearpoke\n|poke|p1|Gloom, L50, M|\n|poke|p1|Armarouge, L50, F|\n|poke|p1|Indeedee-F, L50, F|\n|poke|p1|Dewgong, L50, M|\n|poke|p1|Ting-Lu, L50|\n|poke|p1|Lunala, L50|\n|poke|p2|Kyurem-White, L50|\n|poke|p2|Tornadus, L50, M|\n|poke|p2|Chi-Yu, L50|\n|poke|p2|Iron Hands, L50|\n|poke|p2|Urshifu-*, L50, M|\n|poke|p2|Flutter Mane, L50|\n|teampreview|4\n|j| stewpeed\n|j| bimbo mafioso\n|inactive|Battle timer is ON: inactive players will automatically lose when time's up. (requested by bieiup)\n|inactive|bluestraggler01 has 60 seconds left.\n|\n|t:|1736258686\n|start\n|switch|p1a: Dewgong|Dewgong, L50, M|100\/100\n|switch|p1b: Armarouge|Armarouge, L50, F|100\/100\n|switch|p2a: Urshifu|Urshifu-Rapid-Strike, L50, M|100\/100\n|switch|p2b: Kyurem|Kyurem-White, L50|100\/100\n|-ability|p2b: Kyurem|Turboblaze\n|turn|1\n|\n|t:|1736258697\n|-terastallize|p2b: Kyurem|Ghost\n|move|p2a: Urshifu|Detect|p2a: Urshifu\n|-singleturn|p2a: Urshifu|Protect\n|move|p1a: Dewgong|Fake Out|p2a: Urshifu\n|-activate|p2a: Urshifu|move: Protect\n|move|p2b: Kyurem|Earth Power|p1b: Armarouge\n|-supereffective|p1b: Armarouge\n|-damage|p1b: Armarouge|0 fnt\n|faint|p1b: Armarouge\n|\n|upkeep\n|\n|t:|1736258704\n|switch|p1b: Lunala|Lunala, L50|100\/100\n|turn|2\n|\n|t:|1736258713\n|move|p1a: Dewgong|Aqua Jet|p2a: Urshifu\n|-resisted|p2a: Urshifu\n|-damage|p2a: Urshifu|95\/100\n|move|p2b: Kyurem|Earth Power|p1b: Lunala\n|-crit|p1b: Lunala\n|-damage|p1b: Lunala|66\/100\n|move|p2a: Urshifu|Close Combat|p1a: Dewgong\n|-supereffective|p1a: Dewgong\n|-damage|p1a: Dewgong|0 fnt\n|-unboost|p2a: Urshifu|def|1\n|-unboost|p2a: Urshifu|spd|1\n|faint|p1a: Dewgong\n|-damage|p2a: Urshifu|86\/100|[from] item: Life Orb\n|move|p1b: Lunala|Moonblast|p2a: Urshifu\n|-supereffective|p2a: Urshifu\n|-damage|p2a: Urshifu|0 fnt\n|faint|p2a: Urshifu\n|\n|upkeep\n|\n|t:|1736258722\n|switch|p2a: Chi-Yu|Chi-Yu, L50|100\/100\n|switch|p1a: Ting-Lu|Ting-Lu, L50|100\/100\n|-ability|p2a: Chi-Yu|Beads of Ruin\n|-ability|p1a: Ting-Lu|Vessel of Ruin\n|turn|3\n|\n|t:|1736258739\n|move|p1b: Lunala|Wide Guard|p1b: Lunala\n|-singleturn|p1b: Lunala|Wide Guard\n|move|p2a: Chi-Yu|Dark Pulse|p1b: Lunala\n|-supereffective|p1b: Lunala\n|-damage|p1b: Lunala|0 fnt\n|faint|p1b: Lunala\n|move|p2b: Kyurem|Earth Power|p1a: Ting-Lu\n|-damage|p1a: Ting-Lu|71\/100\n|move|p1a: Ting-Lu|Stomping Tantrum|p2a: Chi-Yu\n|-supereffective|p2a: Chi-Yu\n|-damage|p2a: Chi-Yu|0 fnt\n|faint|p2a: Chi-Yu\n|\n|upkeep\n|\n|t:|1736258745\n|switch|p2a: Iron Hands|Iron Hands, L50|100\/100\n|turn|4\n|\n|t:|1736258751\n|move|p2a: Iron Hands|Fake Out|p1a: Ting-Lu\n|-damage|p1a: Ting-Lu|64\/100\n|move|p2b: Kyurem|Earth Power|p1a: Ting-Lu\n|-damage|p1a: Ting-Lu|42\/100\n|cant|p1a: Ting-Lu|flinch\n|\n|upkeep\n|turn|5\n|\n|t:|1736258759\n|move|p2b: Kyurem|Earth Power|p1a: Ting-Lu\n|-damage|p1a: Ting-Lu|20\/100\n|move|p1a: Ting-Lu|Stomping Tantrum|p2a: Iron Hands\n|-supereffective|p2a: Iron Hands\n|-damage|p2a: Iron Hands|13\/100\n|move|p2a: Iron Hands|Drain Punch|p1a: Ting-Lu\n|-supereffective|p1a: Ting-Lu\n|-damage|p1a: Ting-Lu|0 fnt\n|-heal|p2a: Iron Hands|23\/100|[from] drain|[of] p1a: Ting-Lu\n|faint|p1a: Ting-Lu\n|\n|win|bluestraggler01\n|raw|bieiup's rating: 1555 &rarr; <strong>1536<\/strong><br \/>(-19 for losing)\n|raw|bluestraggler01's rating: 1579 &rarr; <strong>1598<\/strong><br \/>(+19 for winning)\n|l|\u2606bieiup\n|player|p1|\n|l| stewpeed\n|l|\u2606bluestraggler01\n|player|p2|\n|j|\u2606bluestraggler01\n|player|p2|bluestraggler01|266|\n","uploadtime":1736258977,"views":278,"formatid":"gen9vgc2025regg","rating":1536,"private":0,"password":null}