{"id":"gen9vgc2025regg-2276927948","format":"[Gen 9] VGC 2025 Reg G","players":["TheOnlyFizzo","Bef6"],"log":"|j|\u2606TheOnlyFizzo\n|j|\u2606Bef6\n|t:|1736293196\n|gametype|doubles\n|player|p1|TheOnlyFizzo|102|1556\n|player|p2|Bef6|lucas|1708\n|teamsize|p1|6\n|teamsize|p2|6\n|gen|9\n|tier|[Gen 9] VGC 2025 Reg G\n|rated|\n|rule|Species Clause: Limit one of each Pok\u00e9mon\n|rule|Item Clause: Limit 1 of each item\n|clearpoke\n|poke|p1|Indeedee-F, L50, F|\n|poke|p1|Regidrago, L50|\n|poke|p1|Torkoal, L50, F|\n|poke|p1|Gallade, L50, M|\n|poke|p1|Calyrex-Ice, L50|\n|poke|p1|Annihilape, L50, M|\n|poke|p2|Terapagos, L50, M|\n|poke|p2|Grimmsnarl, L50, M|\n|poke|p2|Ogerpon-Hearthflame, L50, F|\n|poke|p2|Urshifu-*, L50, F|\n|poke|p2|Landorus-Therian, L50, M|\n|poke|p2|Raging Bolt, L50|\n|teampreview|4\n|inactive|Battle timer is ON: inactive players will automatically lose when time's up. (requested by TheOnlyFizzo)\n|\n|t:|1736293230\n|start\n|switch|p1a: Calyrex|Calyrex-Ice, L50|100\/100\n|switch|p1b: Indeedee|Indeedee-F, L50, F|100\/100\n|switch|p2a: Grimmsnarl|Grimmsnarl, L50, M|100\/100\n|switch|p2b: Terapagos|Terapagos, L50, M|100\/100\n|-activate|p2b: Terapagos|ability: Tera Shift\n|detailschange|p2b: Terapagos|Terapagos-Terastal, L50, M\n|-heal|p2b: Terapagos|100\/100|[silent]\n|-ability|p1a: Calyrex|As One\n|-ability|p1a: Calyrex|Unnerve\n|-fieldstart|move: Psychic Terrain|[from] ability: Psychic Surge|[of] p1b: Indeedee\n|turn|1\n|j| GerMar003\n|\n|t:|1736293243\n|move|p1b: Indeedee|Follow Me|p1b: Indeedee\n|-singleturn|p1b: Indeedee|move: Follow Me\n|move|p2a: Grimmsnarl|Reflect|p2a: Grimmsnarl\n|-sidestart|p2: Bef6|Reflect\n|move|p2b: Terapagos|Tera Starstorm|p1b: Indeedee\n|-damage|p1b: Indeedee|25\/100\n|move|p1a: Calyrex|Trick Room|p1a: Calyrex\n|-fieldstart|move: Trick Room|[of] p1a: Calyrex\n|\n|upkeep\n|turn|2\n|\n|t:|1736293259\n|move|p1b: Indeedee|Follow Me|p1b: Indeedee\n|-singleturn|p1b: Indeedee|move: Follow Me\n|move|p1a: Calyrex|Glacial Lance|p2a: Grimmsnarl|[spread] p2a,p2b\n|-activate|p2b: Terapagos|ability: Tera Shell\n|-resisted|p2b: Terapagos\n|-damage|p2a: Grimmsnarl|63\/100\n|-damage|p2b: Terapagos|83\/100\n|move|p2a: Grimmsnarl|Foul Play|p1b: Indeedee\n|-supereffective|p1b: Indeedee\n|-damage|p1b: Indeedee|0 fnt\n|faint|p1b: Indeedee\n|move|p2b: Terapagos|Tera Starstorm|p1a: Calyrex\n|-damage|p1a: Calyrex|54\/100\n|\n|upkeep\n|\n|t:|1736293274\n|switch|p1b: Torkoal|Torkoal, L50, F|100\/100\n|-weather|SunnyDay|[from] ability: Drought|[of] p1b: Torkoal\n|turn|3\n|\n|t:|1736293281\n|-terastallize|p1b: Torkoal|Fire\n|-terastallize|p2b: Terapagos|Stellar\n|detailschange|p2b: Terapagos|Terapagos-Stellar, L50, M, tera:Stellar\n|-heal|p2b: Terapagos|88\/100|[silent]\n|-ability|p2b: Terapagos|Teraform Zero\n|-weather|none\n|-fieldend|move: Psychic Terrain\n|move|p2a: Grimmsnarl|Light Screen|p2a: Grimmsnarl\n|-sidestart|p2: Bef6|move: Light Screen\n|move|p1b: Torkoal|Eruption|p2a: Grimmsnarl|[spread] p2a,p2b\n|-damage|p2a: Grimmsnarl|12\/100\n|-damage|p2b: Terapagos|50\/100\n|move|p1a: Calyrex|Glacial Lance|p2b: Terapagos|[spread] p2a,p2b\n|-damage|p2a: Grimmsnarl|0 fnt\n|-damage|p2b: Terapagos|23\/100\n|faint|p2a: Grimmsnarl\n|-ability|p1a: Calyrex|Chilling Neigh|boost\n|-boost|p1a: Calyrex|atk|1\n|move|p2b: Terapagos|Tera Starstorm|p1a: Calyrex|[spread] p1a,p1b\n|-supereffective|p1b: Torkoal\n|-damage|p1a: Calyrex|21\/100\n|-damage|p1b: Torkoal|0 fnt\n|faint|p1b: Torkoal\n|\n|upkeep\n|\n|t:|1736293304\n|switch|p1b: Gallade|Gallade, L50, M|100\/100\n|switch|p2a: Raging Bolt|Raging Bolt, L50|100\/100\n|turn|4\n|\n|t:|1736293328\n|move|p2a: Raging Bolt|Thunderclap|p1a: Calyrex\n|-damage|p1a: Calyrex|0 fnt\n|faint|p1a: Calyrex\n|-damage|p2a: Raging Bolt|91\/100|[from] item: Life Orb\n|move|p1b: Gallade|Psycho Cut|p2a: Raging Bolt\n|-crit|p2a: Raging Bolt\n|-damage|p2a: Raging Bolt|9\/100\n|move|p2b: Terapagos|Tera Starstorm|p1b: Gallade\n|-damage|p1b: Gallade|38\/100\n|\n|upkeep\n|turn|5\n|-message|TheOnlyFizzo forfeited.\n|\n|win|Bef6\n|raw|TheOnlyFizzo's rating: 1556 &rarr; <strong>1544<\/strong><br \/>(-12 for losing)\n|raw|Bef6's rating: 1708 &rarr; <strong>1720<\/strong><br \/>(+12 for winning)\n|l|\u2606TheOnlyFizzo\n|player|p1|\n|l| GerMar003\n|l|\u2606Bef6\n|player|p2|\n","uploadtime":1736293502,"views":69,"formatid":"gen9vgc2025regg","rating":1544,"private":0,"password":null}