{"id":"gen9vgc2025regg-2276509313","format":"[Gen 9] VGC 2025 Reg G","players":["lichuweijixi","Zeropoke7310"],"log":"|j|\u2606lichuweijixi\n|j|\u2606Zeropoke7310\n|t:|1736238864\n|gametype|doubles\n|player|p1|lichuweijixi|2|1537\n|player|p2|Zeropoke7310|169|1624\n|teamsize|p1|6\n|teamsize|p2|6\n|gen|9\n|tier|[Gen 9] VGC 2025 Reg G\n|rated|\n|rule|Species Clause: Limit one of each Pok\u00e9mon\n|rule|Item Clause: Limit 1 of each item\n|clearpoke\n|poke|p1|Dondozo, L50, M|\n|poke|p1|Tatsugiri, L50, F|\n|poke|p1|Miraidon, L50|\n|poke|p1|Ogerpon-Hearthflame, L50, F|\n|poke|p1|Gholdengo, L50|\n|poke|p1|Chien-Pao, L50|\n|poke|p2|Zamazenta-*, L50|\n|poke|p2|Chien-Pao, L50|\n|poke|p2|Urshifu-*, L50, M|\n|poke|p2|Amoonguss, L50, F|\n|poke|p2|Rillaboom, L50, M|\n|poke|p2|Pelipper, L50, M|\n|teampreview|4\n|\n|t:|1736238887\n|start\n|switch|p1a: Ogerpon|Ogerpon-Hearthflame, L50, F|100\/100\n|switch|p1b: Dondozo|Dondozo, L50, M|100\/100\n|switch|p2a: Zamazenta|Zamazenta-Crowned, L50, shiny|100\/100\n|switch|p2b: Rillaboom|Rillaboom, L50, M|100\/100\n|-ability|p2a: Zamazenta|Dauntless Shield|boost\n|-boost|p2a: Zamazenta|def|1\n|-ability|p1a: Ogerpon|Mold Breaker\n|-fieldstart|move: Grassy Terrain|[from] ability: Grassy Surge|[of] p2b: Rillaboom\n|turn|1\n|\n|t:|1736238914\n|switch|p1a: Tatsugiri|Tatsugiri, L50, F|100\/100\n|-activate|p1a: Tatsugiri|ability: Commander|[of] p1b: Dondozo\n|-boost|p1b: Dondozo|atk|2\n|-boost|p1b: Dondozo|spa|2\n|-boost|p1b: Dondozo|spe|2\n|-boost|p1b: Dondozo|def|2\n|-boost|p1b: Dondozo|spd|2\n|-terastallize|p2a: Zamazenta|Dragon\n|move|p2b: Rillaboom|Fake Out|p1a: Tatsugiri|[miss]\n|-miss|p2b: Rillaboom|p1a: Tatsugiri\n|move|p1b: Dondozo|Order Up|p2b: Rillaboom\n|-damage|p2b: Rillaboom|53\/100\n|-boost|p1b: Dondozo|atk|1\n|move|p2a: Zamazenta|Body Press|p1a: Tatsugiri|[miss]\n|-miss|p2a: Zamazenta|p1a: Tatsugiri\n|\n|-heal|p2b: Rillaboom|59\/100|[from] Grassy Terrain\n|upkeep\n|turn|2\n|\n|t:|1736238967\n|switch|p2a: Amoonguss|Amoonguss, L50, F, shiny|100\/100\n|-terastallize|p1b: Dondozo|Grass\n|move|p1b: Dondozo|Order Up|p2a: Amoonguss\n|-damage|p2a: Amoonguss|50\/100\n|-boost|p1b: Dondozo|atk|1\n|move|p2b: Rillaboom|U-turn|p1b: Dondozo\n|-supereffective|p1b: Dondozo\n|-damage|p1b: Dondozo|82\/100\n|\n|t:|1736238982\n|switch|p2b: Chien-Pao|Chien-Pao, L50|100\/100|[from] U-turn\n|-ability|p2b: Chien-Pao|Sword of Ruin\n|\n|-heal|p1b: Dondozo|88\/100|[from] Grassy Terrain\n|-heal|p1b: Dondozo|94\/100|[from] item: Leftovers\n|-heal|p2a: Amoonguss|56\/100|[from] Grassy Terrain\n|upkeep\n|turn|3\n|\n|t:|1736239002\n|move|p2a: Amoonguss|Protect|p2a: Amoonguss\n|-singleturn|p2a: Amoonguss|Protect\n|move|p2b: Chien-Pao|Icicle Crash|p1b: Dondozo\n|-supereffective|p1b: Dondozo\n|-damage|p1b: Dondozo|49\/100\n|move|p1b: Dondozo|Order Up|p2a: Amoonguss\n|-activate|p2a: Amoonguss|move: Protect\n|\n|-heal|p1b: Dondozo|56\/100|[from] Grassy Terrain\n|-heal|p1b: Dondozo|62\/100|[from] item: Leftovers\n|-heal|p2a: Amoonguss|62\/100|[from] Grassy Terrain\n|upkeep\n|turn|4\n|\n|t:|1736239063\n|move|p2b: Chien-Pao|Icicle Crash|p1b: Dondozo\n|-supereffective|p1b: Dondozo\n|-damage|p1b: Dondozo|16\/100\n|move|p1b: Dondozo|Wave Crash|p2a: Amoonguss\n|-resisted|p2a: Amoonguss\n|-crit|p2a: Amoonguss\n|-damage|p2a: Amoonguss|0 fnt\n|-damage|p1b: Dondozo|0 fnt|[from] item: Rocky Helmet|[of] p2a: Amoonguss\n|faint|p2a: Amoonguss\n|faint|p1b: Dondozo\n|\n|upkeep\n|\n|t:|1736239083\n|switch|p1b: Ogerpon|Ogerpon-Hearthflame, L50, F|100\/100\n|switch|p2a: Rillaboom|Rillaboom, L50, M|59\/100\n|-ability|p1b: Ogerpon|Mold Breaker\n|turn|5\n|\n|t:|1736239111\n|move|p1b: Ogerpon|Spiky Shield|p1b: Ogerpon\n|-singleturn|p1b: Ogerpon|move: Protect\n|move|p2a: Rillaboom|Fake Out|p1b: Ogerpon\n|-activate|p1b: Ogerpon|move: Protect\n|-damage|p2a: Rillaboom|47\/100|[from] Spiky Shield|[of] p1b: Ogerpon\n|move|p1a: Tatsugiri|Dragon Pulse|p2b: Chien-Pao\n|-damage|p2b: Chien-Pao|33\/100\n|move|p2b: Chien-Pao|Icicle Crash|p1a: Tatsugiri\n|-damage|p1a: Tatsugiri|0 fnt\n|faint|p1a: Tatsugiri\n|\n|-heal|p2b: Chien-Pao|39\/100|[from] Grassy Terrain\n|-heal|p2a: Rillaboom|53\/100|[from] Grassy Terrain\n|-fieldend|move: Grassy Terrain\n|upkeep\n|\n|t:|1736239128\n|switch|p1a: Miraidon|Miraidon, L50|100\/100\n|-fieldstart|move: Electric Terrain|[from] ability: Hadron Engine|[of] p1a: Miraidon\n|turn|6\n|\n|t:|1736239144\n|move|p2b: Chien-Pao|Protect|p2b: Chien-Pao\n|-singleturn|p2b: Chien-Pao|Protect\n|move|p1a: Miraidon|Electro Drift|p2b: Chien-Pao\n|-activate|p2b: Chien-Pao|move: Protect\n|move|p1b: Ogerpon|Ivy Cudgel|p2a: Rillaboom|[anim] Ivy Cudgel Fire\n|-supereffective|p2a: Rillaboom\n|-damage|p2a: Rillaboom|0 fnt\n|faint|p2a: Rillaboom\n|\n|upkeep\n|\n|t:|1736239155\n|switch|p2a: Zamazenta|Zamazenta-Crowned, L50, shiny, tera:Dragon|100\/100\n|turn|7\n|\n|t:|1736239175\n|move|p2b: Chien-Pao|Sucker Punch|p1a: Miraidon\n|-damage|p1a: Miraidon|53\/100\n|move|p1a: Miraidon|Draco Meteor|p2a: Zamazenta\n|-supereffective|p2a: Zamazenta\n|-damage|p2a: Zamazenta|0 fnt\n|-unboost|p1a: Miraidon|spa|2\n|faint|p2a: Zamazenta\n|move|p1b: Ogerpon|Ivy Cudgel|p2b: Chien-Pao|[anim] Ivy Cudgel Fire\n|-supereffective|p2b: Chien-Pao\n|-damage|p2b: Chien-Pao|0 fnt\n|faint|p2b: Chien-Pao\n|\n|win|lichuweijixi\n|raw|lichuweijixi's rating: 1537 &rarr; <strong>1562<\/strong><br \/>(+25 for winning)\n|raw|Zeropoke7310's rating: 1624 &rarr; <strong>1599<\/strong><br \/>(-25 for losing)\n|l|\u2606Zeropoke7310\n|player|p2|\n|l|\u2606lichuweijixi\n|player|p1|\n","uploadtime":1736239320,"views":290,"formatid":"gen9vgc2025regg","rating":1562,"private":0,"password":null}