{"id":"gen9vgc2025regg-2276788415","format":"[Gen 9] VGC 2025 Reg G","players":["averno di mundi","eriksp4"],"log":"|j|\u2606averno di mundi\n|j|\u2606eriksp4\n|t:|1736277260\n|gametype|doubles\n|player|p1|averno di mundi|juan|1521\n|player|p2|eriksp4|volkner-masters|1650\n|teamsize|p1|6\n|teamsize|p2|6\n|gen|9\n|tier|[Gen 9] VGC 2025 Reg G\n|rated|\n|rule|Species Clause: Limit one of each Pok\u00e9mon\n|rule|Item Clause: Limit 1 of each item\n|clearpoke\n|poke|p1|Calyrex-Ice, L50|\n|poke|p1|Ogerpon-Wellspring, L50, F|\n|poke|p1|Amoonguss, L50, F|\n|poke|p1|Iron Hands, L50|\n|poke|p1|Ursaluna-Bloodmoon, L50, M|\n|poke|p1|Grimmsnarl, L50, M|\n|poke|p2|Farigiraf, L50, F|\n|poke|p2|Regieleki, L50|\n|poke|p2|Landorus, L50, M|\n|poke|p2|Ogerpon-Cornerstone, L50, F|\n|poke|p2|Calyrex-Ice, L50|\n|poke|p2|Urshifu-*, L50, F|\n|teampreview|4\neriksp4 has agreed to open team sheets.\n|\n|t:|1736277285\n|start\n|switch|p1a: Calyrex|Calyrex-Ice, L50|100\/100\n|switch|p1b: Amoonguss|Amoonguss, L50, F|100\/100\n|switch|p2a: Ogerpon|Ogerpon-Cornerstone, L50, F|100\/100\n|switch|p2b: Calyrex|Calyrex-Ice, L50|100\/100\n|-ability|p1a: Calyrex|As One\n|-ability|p1a: Calyrex|Unnerve\n|-ability|p2b: Calyrex|As One\n|-ability|p2b: Calyrex|Unnerve\n|turn|1\n|inactive|Battle timer is ON: inactive players will automatically lose when time's up. (requested by averno di mundi)\n|j| Elixios28\n|\n|t:|1736277302\n|-terastallize|p1b: Amoonguss|Fairy\n|move|p1a: Calyrex|Protect|p1a: Calyrex\n|-singleturn|p1a: Calyrex|Protect\n|move|p2a: Ogerpon|Power Whip|p1b: Amoonguss\n|-damage|p1b: Amoonguss|44\/100\n|move|p2b: Calyrex|Glacial Lance|p1a: Calyrex|[spread] p1b\n|-activate|p1a: Calyrex|move: Protect\n|-damage|p1b: Amoonguss|2\/100\n|move|p1b: Amoonguss|Spore|p2b: Calyrex\n|-status|p2b: Calyrex|slp|[from] move: Spore\n|\n|upkeep\n|turn|2\n|j| 413XP\n|inactive|averno di mundi has 30 seconds left.\n|\n|t:|1736277331\n|move|p2a: Ogerpon|Ivy Cudgel|p1a: Calyrex|[anim] Ivy Cudgel Rock\n|-supereffective|p1a: Calyrex\n|-damage|p1a: Calyrex|33\/100\n|cant|p2b: Calyrex|slp\n|move|p1b: Amoonguss|Pollen Puff|p1a: Calyrex\n|-heal|p1a: Calyrex|83\/100\n|move|p1a: Calyrex|Trick Room|p1a: Calyrex\n|-fieldstart|move: Trick Room|[of] p1a: Calyrex\n|\n|upkeep\n|turn|3\n|j| Avocado88\n|\n|t:|1736277350\n|switch|p1b: Grimmsnarl|Grimmsnarl, L50, M|100\/100\n|cant|p2b: Calyrex|slp\n|move|p2a: Ogerpon|Spiky Shield|p2a: Ogerpon\n|-singleturn|p2a: Ogerpon|move: Protect\n|move|p1a: Calyrex|Glacial Lance|p2b: Calyrex|[spread] p2b\n|-activate|p2a: Ogerpon|move: Protect\n|-resisted|p2b: Calyrex\n|-damage|p2b: Calyrex|84\/100 slp\n|\n|upkeep\n|turn|4\n|l| Avocado88\n|\n|t:|1736277370\n|cant|p2b: Calyrex|slp\n|move|p1a: Calyrex|Glacial Lance|p2b: Calyrex|[spread] p2a,p2b\n|-supereffective|p2a: Ogerpon\n|-resisted|p2b: Calyrex\n|-crit|p2b: Calyrex\n|-ability|p2a: Ogerpon|Sturdy\n|-damage|p2a: Ogerpon|1\/100\n|-damage|p2b: Calyrex|60\/100 slp\n|move|p1b: Grimmsnarl|Foul Play|p2b: Calyrex\n|-supereffective|p2b: Calyrex\n|-damage|p2b: Calyrex|0 fnt\n|faint|p2b: Calyrex\n|move|p2a: Ogerpon|Ivy Cudgel|p1a: Calyrex|[anim] Ivy Cudgel Rock\n|-supereffective|p1a: Calyrex\n|-damage|p1a: Calyrex|16\/100\n|\n|upkeep\n|\n|t:|1736277378\n|switch|p2b: Farigiraf|Farigiraf, L50, F|100\/100\n|turn|5\n|\n|t:|1736277394\n|-terastallize|p2b: Farigiraf|Water\n|move|p1a: Calyrex|Protect|p1a: Calyrex\n|-singleturn|p1a: Calyrex|Protect\n|move|p2a: Ogerpon|Spiky Shield|p2a: Ogerpon\n|-singleturn|p2a: Ogerpon|move: Protect\n|move|p2b: Farigiraf|Foul Play|p1a: Calyrex\n|-activate|p1a: Calyrex|move: Protect\n|move|p1b: Grimmsnarl|Foul Play|p2a: Ogerpon\n|-activate|p2a: Ogerpon|move: Protect\n|-damage|p1b: Grimmsnarl|88\/100|[from] Spiky Shield|[of] p2a: Ogerpon\n|\n|upkeep\n|turn|6\n|\n|t:|1736277404\n|switch|p1a: Amoonguss|Amoonguss, L50, F, tera:Fairy|35\/100\n|move|p2b: Farigiraf|Foul Play|p1a: Amoonguss\n|-resisted|p1a: Amoonguss\n|-damage|p1a: Amoonguss|30\/100\n|move|p1b: Grimmsnarl|Foul Play|p2a: Ogerpon\n|-damage|p2a: Ogerpon|0 fnt\n|faint|p2a: Ogerpon\n|\n|-fieldend|move: Trick Room\n|upkeep\n|\n|t:|1736277411\n|switch|p2a: Landorus|Landorus, L50, M|100\/100\n|turn|7\n|\n|t:|1736277424\n|move|p1b: Grimmsnarl|Light Screen|p1b: Grimmsnarl\n|-sidestart|p1: averno di mundi|move: Light Screen\n|move|p2a: Landorus|Sludge Bomb|p1b: Grimmsnarl\n|-supereffective|p1b: Grimmsnarl\n|-damage|p1b: Grimmsnarl|17\/100\n|move|p2b: Farigiraf|Psychic|p1a: Amoonguss\n|-damage|p1a: Amoonguss|4\/100\n|move|p1a: Amoonguss|Spore|p2a: Landorus\n|-status|p2a: Landorus|slp|[from] move: Spore\n|\n|upkeep\n|turn|8\n|inactive|averno di mundi has 30 seconds left.\n|\n|t:|1736277449\n|switch|p1b: Calyrex|Calyrex-Ice, L50|16\/100\n|-ability|p1b: Calyrex|As One\n|-ability|p1b: Calyrex|Unnerve\n|cant|p2a: Landorus|slp\n|move|p2b: Farigiraf|Foul Play|p1a: Amoonguss\n|-resisted|p1a: Amoonguss\n|-damage|p1a: Amoonguss|0 fnt\n|faint|p1a: Amoonguss\n|\n|upkeep\n|\n|t:|1736277463\n|switch|p1a: Ursaluna|Ursaluna-Bloodmoon, L50, M|100\/100\n|turn|9\n|\n|t:|1736277471\n|-curestatus|p2a: Landorus|slp|[msg]\n|move|p2a: Landorus|Earth Power|p1a: Ursaluna\n|-damage|p1a: Ursaluna|38\/100\n|move|p1b: Calyrex|Glacial Lance|p2b: Farigiraf|[spread] p2a,p2b\n|-supereffective|p2a: Landorus\n|-resisted|p2b: Farigiraf\n|-damage|p2a: Landorus|0 fnt\n|-damage|p2b: Farigiraf|78\/100\n|faint|p2a: Landorus\n|-ability|p1b: Calyrex|Chilling Neigh|boost\n|-boost|p1b: Calyrex|atk|1\n|move|p2b: Farigiraf|Foul Play|p1b: Calyrex\n|-supereffective|p1b: Calyrex\n|-damage|p1b: Calyrex|0 fnt\n|faint|p1b: Calyrex\n|move|p1a: Ursaluna|Blood Moon|p2b: Farigiraf\n|-damage|p2b: Farigiraf|0 fnt\n|faint|p2b: Farigiraf\n|-damage|p1a: Ursaluna|28\/100|[from] item: Life Orb\n|\n|win|averno di mundi\n|raw|averno di mundi's rating: 1521 &rarr; <strong>1548<\/strong><br \/>(+27 for winning)\n|raw|eriksp4's rating: 1650 &rarr; <strong>1623<\/strong><br \/>(-27 for losing)\n|l|\u2606eriksp4\n|player|p2|\n|l|\u2606averno di mundi\n|player|p1|\n|l| 413XP\n","uploadtime":1736277606,"views":8,"formatid":"gen9vgc2025regg","rating":1548,"private":0,"password":null}