{"id":"gen9vgc2025regg-2276461641","format":"[Gen 9] VGC 2025 Reg G","players":["Kardeas","superpowerpoke"],"log":"|j|\u2606Kardeas\n|j|\u2606superpowerpoke\n|t:|1736229066\n|gametype|doubles\n|player|p1|Kardeas|clerkf|1573\n|player|p2|superpowerpoke|101|1565\n|teamsize|p1|6\n|teamsize|p2|6\n|gen|9\n|tier|[Gen 9] VGC 2025 Reg G\n|rated|\n|rule|Species Clause: Limit one of each Pok\u00e9mon\n|rule|Item Clause: Limit 1 of each item\n|clearpoke\n|poke|p1|Zamazenta-*, L50|\n|poke|p1|Cresselia, L50, F|\n|poke|p1|Grimmsnarl, L50, M|\n|poke|p1|Rillaboom, L50, M|\n|poke|p1|Dondozo, L50, M|\n|poke|p1|Ting-Lu, L50|\n|poke|p2|Calyrex-Ice, L50|\n|poke|p2|Raging Bolt, L50|\n|poke|p2|Urshifu-*, L50, F|\n|poke|p2|Ogerpon-Cornerstone, L50, F|\n|poke|p2|Tornadus, L50, M|\n|poke|p2|Rillaboom, L50, M|\n|teampreview|4\n|inactive|Battle timer is ON: inactive players will automatically lose when time's up. (requested by Kardeas)\n|\n|t:|1736229111\n|start\n|switch|p1a: Zamazenta|Zamazenta-Crowned, L50|100\/100\n|switch|p1b: Grimmsnarl|Grimmsnarl, L50, M|100\/100\n|switch|p2a: Calyrex|Calyrex-Ice, L50|100\/100\n|switch|p2b: Urshifu|Urshifu-Rapid-Strike, L50, F|100\/100\n|-ability|p2a: Calyrex|As One\n|-ability|p2a: Calyrex|Unnerve\n|-ability|p1a: Zamazenta|Dauntless Shield|boost\n|-boost|p1a: Zamazenta|def|1\n|turn|1\n|\n|t:|1736229125\n|move|p1b: Grimmsnarl|Reflect|p1b: Grimmsnarl\n|-sidestart|p1: Kardeas|Reflect\n|move|p1a: Zamazenta|Iron Defense|p1a: Zamazenta\n|-boost|p1a: Zamazenta|def|2\n|move|p2b: Urshifu|Surging Strikes|p1b: Grimmsnarl\n|-crit|p1b: Grimmsnarl\n|-damage|p1b: Grimmsnarl|79\/100\n|-crit|p1b: Grimmsnarl\n|-damage|p1b: Grimmsnarl|56\/100\n|-crit|p1b: Grimmsnarl\n|-damage|p1b: Grimmsnarl|34\/100\n|-hitcount|p1b: Grimmsnarl|3\n|move|p2a: Calyrex|Glacial Lance|p1a: Zamazenta|[spread] p1a,p1b\n|-resisted|p1a: Zamazenta\n|-damage|p1a: Zamazenta|96\/100\n|-damage|p1b: Grimmsnarl|0 fnt\n|faint|p1b: Grimmsnarl\n|-ability|p2a: Calyrex|Chilling Neigh|boost\n|-boost|p2a: Calyrex|atk|1\n|\n|upkeep\n|\n|t:|1736229140\n|switch|p1b: Cresselia|Cresselia, L50, F, shiny|100\/100\n|turn|2\n|\n|t:|1736229157\n|move|p1a: Zamazenta|Body Press|p2b: Urshifu\n|-enditem|p2b: Urshifu|Focus Sash\n|-damage|p2b: Urshifu|1\/100\n|move|p2b: Urshifu|Surging Strikes|p1a: Zamazenta\n|-crit|p1a: Zamazenta\n|-damage|p1a: Zamazenta|81\/100\n|-crit|p1a: Zamazenta\n|-damage|p1a: Zamazenta|67\/100\n|-crit|p1a: Zamazenta\n|-damage|p1a: Zamazenta|51\/100\n|-hitcount|p1a: Zamazenta|3\n|move|p1b: Cresselia|Moonblast|p2b: Urshifu\n|-supereffective|p2b: Urshifu\n|-damage|p2b: Urshifu|0 fnt\n|faint|p2b: Urshifu\n|move|p2a: Calyrex|Glacial Lance|p1b: Cresselia|[spread] p1a,p1b\n|-resisted|p1a: Zamazenta\n|-damage|p1a: Zamazenta|44\/100\n|-damage|p1b: Cresselia|66\/100\n|\n|upkeep\n|\n|t:|1736229182\n|switch|p2b: Ogerpon|Ogerpon-Cornerstone, L50, F|100\/100\n|turn|3\n|\n|t:|1736229191\n|move|p2b: Ogerpon|Encore|p1b: Cresselia\n|-start|p1b: Cresselia|Encore\n|move|p1a: Zamazenta|Iron Defense|p1a: Zamazenta\n|-boost|p1a: Zamazenta|def|2\n|move|p1b: Cresselia|Moonblast|p2a: Calyrex\n|-damage|p2a: Calyrex|88\/100\n|move|p2a: Calyrex|Glacial Lance|p1a: Zamazenta|[spread] p1a,p1b\n|-resisted|p1a: Zamazenta\n|-damage|p1a: Zamazenta|39\/100\n|-damage|p1b: Cresselia|35\/100\n|\n|upkeep\n|turn|4\n|\n|t:|1736229211\n|switch|p1b: Dondozo|Dondozo, L50, M|100\/100\n|move|p2b: Ogerpon|Ivy Cudgel|p1b: Dondozo|[anim] Ivy Cudgel Rock\n|-crit|p1b: Dondozo\n|-damage|p1b: Dondozo|56\/100\n|move|p1a: Zamazenta|Body Press|p2a: Calyrex\n|-damage|p2a: Calyrex|0 fnt\n|faint|p2a: Calyrex\n|\n|-heal|p1b: Dondozo|62\/100|[from] item: Leftovers\n|upkeep\n|\n|t:|1736229224\n|switch|p2a: Raging Bolt|Raging Bolt, L50|100\/100\n|-enditem|p2a: Raging Bolt|Booster Energy\n|-activate|p2a: Raging Bolt|ability: Protosynthesis|[fromitem]\n|-start|p2a: Raging Bolt|protosynthesisspa\n|turn|5\n|\n|t:|1736229232\n|switch|p1b: Cresselia|Cresselia, L50, F, shiny|35\/100\n|-terastallize|p2a: Raging Bolt|Electric\n|move|p2a: Raging Bolt|Thunderclap|p1a: Zamazenta\n|-damage|p1a: Zamazenta|0 fnt\n|faint|p1a: Zamazenta\n|move|p2b: Ogerpon|Power Whip|p1b: Cresselia\n|-damage|p1b: Cresselia|5\/100\n|\n|upkeep\n|\n|t:|1736229241\n|switch|p1a: Dondozo|Dondozo, L50, M|62\/100\n|turn|6\n|\n|t:|1736229250\n|move|p2b: Ogerpon|Ivy Cudgel|p1b: Cresselia|[anim] Ivy Cudgel Rock\n|-damage|p1b: Cresselia|0 fnt\n|faint|p1b: Cresselia\n|move|p2a: Raging Bolt|Thunderbolt|p1a: Dondozo\n|-supereffective|p1a: Dondozo\n|-damage|p1a: Dondozo|0 fnt\n|faint|p1a: Dondozo\n|\n|win|superpowerpoke\n|raw|Kardeas's rating: 1573 &rarr; <strong>1553<\/strong><br \/>(-20 for losing)\n|raw|superpowerpoke's rating: 1565 &rarr; <strong>1585<\/strong><br \/>(+20 for winning)\n|l|\u2606Kardeas\n|player|p1|\n|l|\u2606superpowerpoke\n|player|p2|\n","uploadtime":1736229496,"views":274,"formatid":"gen9vgc2025regg","rating":1553,"private":0,"password":null}