{"id":"gen9vgc2025regg-2276253336","format":"[Gen 9] VGC 2025 Reg G","players":["Tester_SF02","RomanTogepi"],"log":"|j|\u2606Tester_SF02\n|j|\u2606RomanTogepi\n|t:|1736200298\n|gametype|doubles\n|player|p1|Tester_SF02|hiker-gen4|1682\n|player|p2|RomanTogepi|richboy|1646\n|teamsize|p1|6\n|teamsize|p2|6\n|gen|9\n|tier|[Gen 9] VGC 2025 Reg G\n|rated|\n|rule|Species Clause: Limit one of each Pok\u00e9mon\n|rule|Item Clause: Limit 1 of each item\n|clearpoke\n|poke|p1|Calyrex-Shadow, L50|\n|poke|p1|Ursaluna, L50, F|\n|poke|p1|Indeedee-F, L50, F|\n|poke|p1|Ogerpon-Wellspring, L50, F|\n|poke|p1|Tornadus, L50, M|\n|poke|p1|Chi-Yu, L50|\n|poke|p2|Scream Tail, L50|\n|poke|p2|Terapagos, L50, M|\n|poke|p2|Incineroar, L50, F|\n|poke|p2|Rillaboom, L50, F|\n|poke|p2|Grimmsnarl, L50, M|\n|poke|p2|Ogerpon-Wellspring, L50, F|\n|teampreview|4\n|inactive|Battle timer is ON: inactive players will automatically lose when time's up. (requested by RomanTogepi)\n|\n|t:|1736200327\n|start\n|switch|p1a: Chi-Yu|Chi-Yu, L50|100\/100\n|switch|p1b: Calyrex|Calyrex-Shadow, L50|100\/100\n|switch|p2a: Grimmsnarl|Grimmsnarl, L50, M, shiny|100\/100\n|switch|p2b: Terapagos|Terapagos, L50, M|100\/100\n|-ability|p1b: Calyrex|As One\n|-ability|p1b: Calyrex|Unnerve\n|-activate|p2b: Terapagos|ability: Tera Shift\n|detailschange|p2b: Terapagos|Terapagos-Terastal, L50, M\n|-heal|p2b: Terapagos|100\/100|[silent]\n|-ability|p1a: Chi-Yu|Beads of Ruin\n|turn|1\n|\n|t:|1736200335\n|-terastallize|p1b: Calyrex|Ground\n|move|p2b: Terapagos|Protect|p2b: Terapagos\n|-singleturn|p2b: Terapagos|Protect\n|move|p2a: Grimmsnarl|Light Screen|p2a: Grimmsnarl\n|-sidestart|p2: RomanTogepi|move: Light Screen\n|move|p1a: Chi-Yu|Overheat|p2b: Terapagos\n|-activate|p2b: Terapagos|move: Protect\n|move|p1b: Calyrex|Tera Blast|p2b: Terapagos|[anim] Tera Blast Ground\n|-activate|p2b: Terapagos|move: Protect\n|\n|upkeep\n|turn|2\n|j| Ven0m0th\n|\n|t:|1736200355\n|-terastallize|p2b: Terapagos|Stellar\n|detailschange|p2b: Terapagos|Terapagos-Stellar, L50, M, tera:Stellar\n|-heal|p2b: Terapagos|100\/100|[silent]\n|move|p1b: Calyrex|Protect|p1b: Calyrex\n|-singleturn|p1b: Calyrex|Protect\n|move|p1a: Chi-Yu|Overheat|p2b: Terapagos\n|-damage|p2b: Terapagos|62\/100\n|-unboost|p1a: Chi-Yu|spa|2\n|move|p2b: Terapagos|Tera Starstorm|p1b: Calyrex|[spread] p1a\n|-activate|p1b: Calyrex|move: Protect\n|-damage|p1a: Chi-Yu|59\/100\n|move|p2a: Grimmsnarl|Foul Play|p1b: Calyrex\n|-activate|p1b: Calyrex|move: Protect\n|\n|-heal|p2b: Terapagos|68\/100|[from] item: Leftovers\n|upkeep\n|turn|3\n|\n|t:|1736200375\n|switch|p2a: Scream Tail|Scream Tail, L50, shiny|100\/100\n|-enditem|p2a: Scream Tail|Booster Energy\n|-activate|p2a: Scream Tail|ability: Protosynthesis|[fromitem]\n|-start|p2a: Scream Tail|protosynthesisspe\n|move|p2b: Terapagos|Protect|p2b: Terapagos\n|-singleturn|p2b: Terapagos|Protect\n|move|p1a: Chi-Yu|Overheat|p2b: Terapagos\n|-activate|p2b: Terapagos|move: Protect\n|move|p1b: Calyrex|Tera Blast|p2b: Terapagos|[anim] Tera Blast Ground\n|-activate|p2b: Terapagos|move: Protect\n|\n|-heal|p2b: Terapagos|75\/100|[from] item: Leftovers\n|upkeep\n|turn|4\n|inactive|RomanTogepi has 30 seconds left.\n|\n|t:|1736200402\n|switch|p1a: Indeedee|Indeedee-F, L50, F|100\/100\n|-fieldstart|move: Psychic Terrain|[from] ability: Psychic Surge|[of] p1a: Indeedee\n|move|p2a: Scream Tail|Disable||[still]\n|-fail|p2a: Scream Tail\n|move|p1b: Calyrex|Expanding Force|p2b: Terapagos|[spread] p2a,p2b\n|-resisted|p2a: Scream Tail\n|-damage|p2a: Scream Tail|78\/100\n|-damage|p2b: Terapagos|42\/100\n|-damage|p1b: Calyrex|91\/100|[from] item: Life Orb\n|move|p2b: Terapagos|Tera Starstorm|p1b: Calyrex|[spread] p1a,p1b\n|-supereffective|p1b: Calyrex\n|-crit|p1b: Calyrex\n|-damage|p1a: Indeedee|63\/100\n|-damage|p1b: Calyrex|0 fnt\n|faint|p1b: Calyrex\n|\n|-heal|p2b: Terapagos|49\/100|[from] item: Leftovers\n|upkeep\n|\n|t:|1736200404\n|switch|p1b: Chi-Yu|Chi-Yu, L50|59\/100\n|-ability|p1b: Chi-Yu|Beads of Ruin\n|turn|5\n|j| UI Rain\n|\n|t:|1736200415\n|switch|p1b: Ursaluna|Ursaluna, L50, F|100\/100\n|move|p2b: Terapagos|Protect|p2b: Terapagos\n|-singleturn|p2b: Terapagos|Protect\n|move|p2a: Scream Tail|Disable||[still]\n|-fail|p2a: Scream Tail\n|move|p1a: Indeedee|Trick Room|p1a: Indeedee\n|-fieldstart|move: Trick Room|[of] p1a: Indeedee\n|\n|-heal|p2b: Terapagos|55\/100|[from] item: Leftovers\n|-status|p1b: Ursaluna|brn|[from] item: Flame Orb\n|upkeep\n|turn|6\n|j| hikde\n|\n|t:|1736200438\n|switch|p2b: Rillaboom|Rillaboom, L50, F|100\/100\n|-fieldstart|move: Grassy Terrain|[from] ability: Grassy Surge|[of] p2b: Rillaboom\n|move|p2a: Scream Tail|Protect|p2a: Scream Tail\n|-singleturn|p2a: Scream Tail|Protect\n|move|p1a: Indeedee|Follow Me|p1a: Indeedee\n|-singleturn|p1a: Indeedee|move: Follow Me\n|move|p1b: Ursaluna|Facade|p2b: Rillaboom\n|-damage|p2b: Rillaboom|0 fnt\n|faint|p2b: Rillaboom\n|\n|-heal|p1a: Indeedee|69\/100|[from] Grassy Terrain\n|-heal|p2a: Scream Tail|85\/100|[from] Grassy Terrain\n|-damage|p1b: Ursaluna|95\/100 brn|[from] brn\n|upkeep\n|\n|t:|1736200451\n|switch|p2b: Grimmsnarl|Grimmsnarl, L50, M, shiny|100\/100\n|turn|7\n|\n|t:|1736200469\n|move|p1a: Indeedee|Follow Me|p1a: Indeedee\n|-singleturn|p1a: Indeedee|move: Follow Me\n|move|p2b: Grimmsnarl|Reflect|p2b: Grimmsnarl\n|-sidestart|p2: RomanTogepi|Reflect\n|move|p1b: Ursaluna|Facade|p2a: Scream Tail\n|-damage|p2a: Scream Tail|21\/100\n|move|p2a: Scream Tail|Disable|p1a: Indeedee\n|-start|p1a: Indeedee|Disable|Follow Me\n|\n|-heal|p1b: Ursaluna|100\/100 brn|[from] Grassy Terrain\n|-heal|p1a: Indeedee|75\/100|[from] Grassy Terrain\n|-heal|p2a: Scream Tail|27\/100|[from] Grassy Terrain\n|-damage|p1b: Ursaluna|95\/100 brn|[from] brn\n|upkeep\n|turn|8\n|\n|t:|1736200482\n|move|p1a: Indeedee|Helping Hand|p1b: Ursaluna\n|-singleturn|p1b: Ursaluna|Helping Hand|[of] p1a: Indeedee\n|move|p2a: Scream Tail|Protect|p2a: Scream Tail\n|-singleturn|p2a: Scream Tail|Protect\n|move|p1b: Ursaluna|Facade|p2b: Grimmsnarl\n|-damage|p2b: Grimmsnarl|0 fnt\n|faint|p2b: Grimmsnarl\n|\n|-heal|p1b: Ursaluna|100\/100 brn|[from] Grassy Terrain\n|-heal|p1a: Indeedee|82\/100|[from] Grassy Terrain\n|-heal|p2a: Scream Tail|33\/100|[from] Grassy Terrain\n|-damage|p1b: Ursaluna|95\/100 brn|[from] brn\n|-sideend|p2: RomanTogepi|move: Light Screen\n|upkeep\n|\n|t:|1736200486\n|switch|p2b: Terapagos|Terapagos-Stellar, L50, M, tera:Stellar|55\/100\n|turn|9\n|\n|t:|1736200498\n|move|p2a: Scream Tail|Protect|p2a: Scream Tail\n|-singleturn|p2a: Scream Tail|Protect\n|move|p1b: Ursaluna|Facade|p2a: Scream Tail\n|-activate|p2a: Scream Tail|move: Protect\n|move|p1a: Indeedee|Alluring Voice|p2b: Terapagos\n|-damage|p2b: Terapagos|44\/100\n|move|p2b: Terapagos|Tera Starstorm|p1b: Ursaluna|[spread] p1a,p1b\n|-damage|p1a: Indeedee|48\/100\n|-damage|p1b: Ursaluna|57\/100 brn\n|\n|-heal|p1b: Ursaluna|63\/100 brn|[from] Grassy Terrain\n|-heal|p1a: Indeedee|54\/100|[from] Grassy Terrain\n|-heal|p2b: Terapagos|50\/100|[from] Grassy Terrain\n|-heal|p2b: Terapagos|56\/100|[from] item: Leftovers\n|-heal|p2a: Scream Tail|39\/100|[from] Grassy Terrain\n|-damage|p1b: Ursaluna|57\/100 brn|[from] brn\n|-fieldend|move: Trick Room\n|upkeep\n|turn|10\n|\n|t:|1736200512\n|move|p2a: Scream Tail|Dazzling Gleam|p1b: Ursaluna|[spread] p1a,p1b\n|-damage|p1a: Indeedee|40\/100\n|-damage|p1b: Ursaluna|43\/100 brn\n|move|p2b: Terapagos|Tera Starstorm|p1b: Ursaluna|[spread] p1a,p1b\n|-damage|p1a: Indeedee|2\/100\n|-damage|p1b: Ursaluna|8\/100 brn\n|move|p1b: Ursaluna|Facade|p2b: Terapagos\n|-damage|p2b: Terapagos|6\/100\n|move|p1a: Indeedee|Trick Room|p1a: Indeedee\n|-fieldstart|move: Trick Room|[of] p1a: Indeedee\n|\n|-heal|p1b: Ursaluna|14\/100 brn|[from] Grassy Terrain\n|-heal|p1a: Indeedee|8\/100|[from] Grassy Terrain\n|-heal|p2b: Terapagos|12\/100|[from] Grassy Terrain\n|-heal|p2b: Terapagos|18\/100|[from] item: Leftovers\n|-heal|p2a: Scream Tail|46\/100|[from] Grassy Terrain\n|-damage|p1b: Ursaluna|8\/100 brn|[from] brn\n|-fieldend|move: Grassy Terrain\n|upkeep\n|turn|11\n|\n|t:|1736200531\n|move|p1a: Indeedee|Helping Hand|p1b: Ursaluna\n|-singleturn|p1b: Ursaluna|Helping Hand|[of] p1a: Indeedee\n|move|p2b: Terapagos|Protect|p2b: Terapagos\n|-singleturn|p2b: Terapagos|Protect\n|move|p1b: Ursaluna|Earthquake|p2a: Scream Tail|[spread] p1a,p2a\n|-activate|p2b: Terapagos|move: Protect\n|-damage|p1a: Indeedee|0 fnt\n|-damage|p2a: Scream Tail|0 fnt\n|faint|p1a: Indeedee\n|faint|p2a: Scream Tail\n|-end|p2a: Scream Tail|Protosynthesis|[silent]\n|\n|-heal|p2b: Terapagos|24\/100|[from] item: Leftovers\n|-damage|p1b: Ursaluna|2\/100 brn|[from] brn\n|upkeep\n|\n|t:|1736200536\n|switch|p1a: Chi-Yu|Chi-Yu, L50|59\/100\n|-ability|p1a: Chi-Yu|Beads of Ruin\n|turn|12\n|\n|t:|1736200540\n|move|p2b: Terapagos|Protect|p2b: Terapagos\n|-singleturn|p2b: Terapagos|Protect\n|move|p1b: Ursaluna|Facade|p2b: Terapagos\n|-activate|p2b: Terapagos|move: Protect\n|move|p1a: Chi-Yu|Overheat|p2b: Terapagos\n|-activate|p2b: Terapagos|move: Protect\n|\n|-heal|p2b: Terapagos|31\/100|[from] item: Leftovers\n|-damage|p1b: Ursaluna|0 fnt|[from] brn\n|faint|p1b: Ursaluna\n|upkeep\n|turn|13\n|\n|t:|1736200544\n|move|p2b: Terapagos|Earth Power|p1a: Chi-Yu\n|-supereffective|p1a: Chi-Yu\n|-damage|p1a: Chi-Yu|0 fnt\n|faint|p1a: Chi-Yu\n|\n|win|RomanTogepi\n|raw|Tester_SF02's rating: 1682 &rarr; <strong>1660<\/strong><br \/>(-22 for losing)\n|raw|RomanTogepi's rating: 1646 &rarr; <strong>1668<\/strong><br \/>(+22 for winning)\n|l|\u2606Tester_SF02\n|player|p1|\n|c|\u2606RomanTogepi|got lucky\n|l| hikde\n|l| Ven0m0th\n|l| UI Rain\n","uploadtime":1736200549,"views":137,"formatid":"gen9vgc2025regg","rating":1660,"private":0,"password":null}