{"id":"gen9vgc2025regg-2276103249","format":"[Gen 9] VGC 2025 Reg G","players":["radiantwf4","caZISA"],"log":"|j|\u2606radiantwf4\n|j|\u2606caZISA\n|t:|1736183818\n|gametype|doubles\n|player|p1|radiantwf4|169|1562\n|player|p2|caZISA|red|1582\n|teamsize|p1|6\n|teamsize|p2|6\n|gen|9\n|tier|[Gen 9] VGC 2025 Reg G\n|rated|\n|rule|Species Clause: Limit one of each Pok\u00e9mon\n|rule|Item Clause: Limit 1 of each item\n|clearpoke\n|poke|p1|Chi-Yu, L50|\n|poke|p1|Flutter Mane, L50|\n|poke|p1|Jumpluff, L50, F|\n|poke|p1|Groudon, L50|\n|poke|p1|Dondozo, L50, F|\n|poke|p1|Tatsugiri, L50, M|\n|poke|p2|Calyrex-Ice, L50|\n|poke|p2|Urshifu-*, L50, F|\n|poke|p2|Raging Bolt, L50|\n|poke|p2|Rillaboom, L50, M|\n|poke|p2|Torkoal, L50, F|\n|poke|p2|Smeargle, L50, F|\n|teampreview|4\n|inactive|Battle timer is ON: inactive players will automatically lose when time's up. (requested by radiantwf4)\n|j| eboli\n|j| Therazer456\n|inactive|radiantwf4 has 60 seconds left.\n|inactive|radiantwf4 has 30 seconds left.\n|\n|t:|1736183886\n|start\n|switch|p1a: Flutter Mane|Flutter Mane, L50|100\/100\n|switch|p1b: Chi-Yu|Chi-Yu, L50|100\/100\n|switch|p2a: Smeargle|Smeargle, L50, F|100\/100\n|switch|p2b: Calyrex|Calyrex-Ice, L50|100\/100\n|-ability|p2b: Calyrex|As One\n|-ability|p2b: Calyrex|Unnerve\n|-ability|p1b: Chi-Yu|Beads of Ruin\n|turn|1\n|\n|t:|1736183910\n|-terastallize|p2b: Calyrex|Fire\n|move|p2a: Smeargle|Follow Me|p2a: Smeargle\n|-singleturn|p2a: Smeargle|move: Follow Me\n|move|p1b: Chi-Yu|Heat Wave|p2b: Calyrex|[spread] p2a,p2b\n|-resisted|p2b: Calyrex\n|-enditem|p2a: Smeargle|Focus Sash\n|-damage|p2a: Smeargle|1\/100\n|-damage|p2b: Calyrex|83\/100\n|move|p1a: Flutter Mane|Dazzling Gleam|p2a: Smeargle|[spread] p2a,p2b\n|-resisted|p2b: Calyrex\n|-damage|p2a: Smeargle|0 fnt\n|-damage|p2b: Calyrex|61\/100\n|faint|p2a: Smeargle\n|move|p2b: Calyrex|Trick Room|p2b: Calyrex\n|-fieldstart|move: Trick Room|[of] p2b: Calyrex\n|\n|upkeep\n|\n|t:|1736183921\n|switch|p2a: Rillaboom|Rillaboom, L50, M|100\/100\n|-fieldstart|move: Grassy Terrain|[from] ability: Grassy Surge|[of] p2a: Rillaboom\n|turn|2\n|\n|t:|1736183932\n|-end|p1a: Flutter Mane|Protosynthesis|[silent]\n|switch|p1a: Tatsugiri|Tatsugiri, L50, M|100\/100\n|switch|p1b: Dondozo|Dondozo, L50, F|100\/100\n|-activate|p1a: Tatsugiri|ability: Commander|[of] p1b: Dondozo\n|-boost|p1b: Dondozo|atk|2\n|-boost|p1b: Dondozo|spa|2\n|-boost|p1b: Dondozo|spe|2\n|-boost|p1b: Dondozo|def|2\n|-boost|p1b: Dondozo|spd|2\n|move|p2b: Calyrex|High Horsepower|p1b: Dondozo\n|-damage|p1b: Dondozo|85\/100\n|move|p2a: Rillaboom|Wood Hammer|p1a: Tatsugiri|[miss]\n|-miss|p2a: Rillaboom|p1a: Tatsugiri\n|\n|-heal|p2b: Calyrex|67\/100|[from] Grassy Terrain\n|-heal|p1b: Dondozo|91\/100|[from] Grassy Terrain\n|-heal|p1b: Dondozo|97\/100|[from] item: Leftovers\n|upkeep\n|turn|3\n|\n|t:|1736183956\n|-terastallize|p1b: Dondozo|Fairy\n|move|p2b: Calyrex|Protect|p2b: Calyrex\n|-singleturn|p2b: Calyrex|Protect\n|move|p2a: Rillaboom|Wood Hammer|p1b: Dondozo\n|-damage|p1b: Dondozo|66\/100\n|-damage|p2a: Rillaboom|89\/100|[from] Recoil\n|move|p1b: Dondozo|Order Up|p2a: Rillaboom\n|-damage|p2a: Rillaboom|40\/100\n|-boost|p1b: Dondozo|atk|1\n|\n|-heal|p2b: Calyrex|73\/100|[from] Grassy Terrain\n|-heal|p2a: Rillaboom|46\/100|[from] Grassy Terrain\n|-heal|p1b: Dondozo|72\/100|[from] Grassy Terrain\n|-heal|p1b: Dondozo|78\/100|[from] item: Leftovers\n|upkeep\n|turn|4\n|\n|t:|1736183974\n|switch|p2a: Urshifu|Urshifu, L50, F|100\/100\n|move|p2b: Calyrex|Glacial Lance|p1b: Dondozo|[spread] p1b\n|-miss|p2b: Calyrex|p1a: Tatsugiri\n|-damage|p1b: Dondozo|56\/100\n|move|p1b: Dondozo|Order Up|p2a: Urshifu\n|-damage|p2a: Urshifu|39\/100\n|-boost|p1b: Dondozo|atk|1\n|\n|-heal|p2b: Calyrex|79\/100|[from] Grassy Terrain\n|-heal|p1b: Dondozo|62\/100|[from] Grassy Terrain\n|-heal|p1b: Dondozo|68\/100|[from] item: Leftovers\n|-heal|p2a: Urshifu|44\/100|[from] Grassy Terrain\n|upkeep\n|turn|5\n|\n|t:|1736183990\n|move|p2b: Calyrex|Glacial Lance|p1b: Dondozo|[spread] p1b\n|-miss|p2b: Calyrex|p1a: Tatsugiri\n|-damage|p1b: Dondozo|45\/100\n|move|p1b: Dondozo|Earthquake|p2b: Calyrex|[spread] p2a,p2b\n|-miss|p1b: Dondozo|p1a: Tatsugiri\n|-supereffective|p2b: Calyrex\n|-damage|p2a: Urshifu|11\/100\n|-damage|p2b: Calyrex|37\/100\n|move|p2a: Urshifu|Poison Jab|p1b: Dondozo\n|-supereffective|p1b: Dondozo\n|-damage|p1b: Dondozo|18\/100\n|\n|-heal|p2b: Calyrex|43\/100|[from] Grassy Terrain\n|-heal|p1b: Dondozo|24\/100|[from] Grassy Terrain\n|-heal|p1b: Dondozo|30\/100|[from] item: Leftovers\n|-heal|p2a: Urshifu|17\/100|[from] Grassy Terrain\n|-fieldend|move: Trick Room\n|upkeep\n|turn|6\n|\n|t:|1736184006\n|move|p2b: Calyrex|Protect|p2b: Calyrex\n|-singleturn|p2b: Calyrex|Protect\n|move|p2a: Urshifu|Poison Jab|p1b: Dondozo\n|-supereffective|p1b: Dondozo\n|-damage|p1b: Dondozo|0 fnt\n|faint|p1b: Dondozo\n|\n|-heal|p2a: Urshifu|23\/100|[from] Grassy Terrain\n|-heal|p2b: Calyrex|49\/100|[from] Grassy Terrain\n|-fieldend|move: Grassy Terrain\n|upkeep\n|\n|t:|1736184019\n|switch|p1b: Flutter Mane|Flutter Mane, L50|100\/100\n|turn|7\n|\n|t:|1736184024\n|switch|p2b: Rillaboom|Rillaboom, L50, M|46\/100\n|-fieldstart|move: Grassy Terrain|[from] ability: Grassy Surge|[of] p2b: Rillaboom\n|move|p1b: Flutter Mane|Dazzling Gleam|p2b: Rillaboom|[spread] p2a,p2b\n|-supereffective|p2a: Urshifu\n|-damage|p2a: Urshifu|0 fnt\n|-damage|p2b: Rillaboom|14\/100\n|faint|p2a: Urshifu\n|move|p1a: Tatsugiri|Muddy Water|p2b: Rillaboom|[miss]\n|-miss|p1a: Tatsugiri|p2b: Rillaboom\n|\n|-heal|p2b: Rillaboom|20\/100|[from] Grassy Terrain\n|upkeep\n|\n|t:|1736184030\n|switch|p2a: Calyrex|Calyrex-Ice, L50, tera:Fire|49\/100\n|-ability|p2a: Calyrex|As One\n|-ability|p2a: Calyrex|Unnerve\n|turn|8\n|\n|t:|1736184036\n|move|p2b: Rillaboom|Fake Out|p1a: Tatsugiri\n|-damage|p1a: Tatsugiri|75\/100\n|move|p1b: Flutter Mane|Dazzling Gleam|p2a: Calyrex|[spread] p2a,p2b\n|-resisted|p2a: Calyrex\n|-damage|p2a: Calyrex|34\/100\n|-damage|p2b: Rillaboom|0 fnt\n|faint|p2b: Rillaboom\n|cant|p1a: Tatsugiri|flinch\n|move|p2a: Calyrex|Trick Room|p2a: Calyrex\n|-fieldstart|move: Trick Room|[of] p2a: Calyrex\n|\n|-heal|p2a: Calyrex|39\/100|[from] Grassy Terrain\n|-heal|p1a: Tatsugiri|82\/100|[from] Grassy Terrain\n|upkeep\n|turn|9\n|inactive|radiantwf4 has 30 seconds left.\n|inactive|radiantwf4 has 20 seconds left.\n|inactive|radiantwf4 has 15 seconds left.\n|inactive|radiantwf4 has 10 seconds left.\n|\n|t:|1736184084\n|move|p2a: Calyrex|Glacial Lance|p1b: Flutter Mane|[spread] p1a,p1b\n|-damage|p1a: Tatsugiri|0 fnt\n|-damage|p1b: Flutter Mane|0 fnt\n|faint|p1a: Tatsugiri\n|faint|p1b: Flutter Mane\n|-end|p1b: Flutter Mane|Protosynthesis|[silent]\n|-ability|p2a: Calyrex|Chilling Neigh|boost\n|-boost|p2a: Calyrex|atk|2\n|\n|-heal|p2a: Calyrex|45\/100|[from] Grassy Terrain\n|upkeep\n|-message|radiantwf4 forfeited.\n|\n|win|caZISA\n|raw|radiantwf4's rating: 1562 &rarr; <strong>1543<\/strong><br \/>(-19 for losing)\n|raw|caZISA's rating: 1582 &rarr; <strong>1601<\/strong><br \/>(+19 for winning)\n|l|\u2606radiantwf4\n|player|p1|\n|l|\u2606caZISA\n|player|p2|\n|j| 0l'Bones\n|l| Therazer456\n|l| 0l'Bones\n","uploadtime":1736184368,"views":8,"formatid":"gen9vgc2025regg","rating":1543,"private":0,"password":null}