{"id":"gen9vgc2025regg-2276796231","format":"[Gen 9] VGC 2025 Reg G","players":["Crysantimo","Pauliet123"],"log":"|j|\u2606Crysantimo\n|j|\u2606Pauliet123\n|t:|1736278077\n|gametype|doubles\n|player|p1|Crysantimo|madame-gen4dp|1599\n|player|p2|Pauliet123|266|1597\n|teamsize|p1|6\n|teamsize|p2|6\n|gen|9\n|tier|[Gen 9] VGC 2025 Reg G\n|rated|\n|rule|Species Clause: Limit one of each Pok\u00e9mon\n|rule|Item Clause: Limit 1 of each item\n|clearpoke\n|poke|p1|Eternatus, L50|\n|poke|p1|Tinkaton, L50, F|\n|poke|p1|Incineroar, L50, M|\n|poke|p1|Farigiraf, L50, F|\n|poke|p1|Urshifu-*, L50, M|\n|poke|p1|Pelipper, L50, F|\n|poke|p2|Weezing-Galar, L50, M|\n|poke|p2|Dondozo, L50, M|\n|poke|p2|Calyrex-Shadow, L50|\n|poke|p2|Tatsugiri, L50, F|\n|poke|p2|Indeedee-F, L50, F|\n|poke|p2|Urshifu-*, L50, M|\n|teampreview|4\n|inactive|Battle timer is ON: inactive players will automatically lose when time's up. (requested by Pauliet123)\n|inactive|Crysantimo has 60 seconds left.\n|\n|t:|1736278131\n|start\n|switch|p1a: Farigiraf|Farigiraf, L50, F|100\/100\n|switch|p1b: Eternatus|Eternatus, L50|100\/100\n|switch|p2a: Calyrex|Calyrex-Shadow, L50|100\/100\n|switch|p2b: Indeedee|Indeedee-F, L50, F|100\/100\n|-ability|p2a: Calyrex|As One\n|-ability|p2a: Calyrex|Unnerve\n|-ability|p1b: Eternatus|Pressure\n|-fieldstart|move: Psychic Terrain|[from] ability: Psychic Surge|[of] p2b: Indeedee\n|turn|1\n|j| Claarity\n|\n|t:|1736278138\n|switch|p1b: Incineroar|Incineroar, L50, M|100\/100\n|-ability|p1b: Incineroar|Intimidate|boost\n|-unboost|p2a: Calyrex|atk|1\n|-unboost|p2b: Indeedee|atk|1\n|move|p2b: Indeedee|Helping Hand|p2a: Calyrex\n|-singleturn|p2a: Calyrex|Helping Hand|[of] p2b: Indeedee\n|move|p2a: Calyrex|Expanding Force|p1b: Incineroar|[spread] p1a\n|-immune|p1b: Incineroar\n|-resisted|p1a: Farigiraf\n|-damage|p1a: Farigiraf|52\/100\n|-damage|p2a: Calyrex|91\/100|[from] item: Life Orb\n|move|p1a: Farigiraf|Foul Play|p2a: Calyrex\n|-supereffective|p2a: Calyrex\n|-damage|p2a: Calyrex|46\/100\n|\n|upkeep\n|turn|2\n|\n|t:|1736278155\n|-terastallize|p2b: Indeedee|Fairy\n|move|p2b: Indeedee|Follow Me|p2b: Indeedee\n|-singleturn|p2b: Indeedee|move: Follow Me\n|move|p2a: Calyrex|Pollen Puff|p1a: Farigiraf\n|-supereffective|p1a: Farigiraf\n|-damage|p1a: Farigiraf|0 fnt\n|faint|p1a: Farigiraf\n|-ability|p2a: Calyrex|Grim Neigh|boost\n|-boost|p2a: Calyrex|spa|1\n|-damage|p2a: Calyrex|37\/100|[from] item: Life Orb\n|move|p1b: Incineroar|Parting Shot|p2b: Indeedee\n|-unboost|p2b: Indeedee|atk|1\n|-unboost|p2b: Indeedee|spa|1\n|\n|t:|1736278171\n|switch|p1b: Tinkaton|Tinkaton, L50, F|100\/100|[from] Parting Shot\n|-ability|p1b: Tinkaton|Mold Breaker\n|\n|upkeep\n|\n|t:|1736278177\n|switch|p1a: Incineroar|Incineroar, L50, M|100\/100\n|-ability|p1a: Incineroar|Intimidate|boost\n|-unboost|p2a: Calyrex|atk|1\n|-unboost|p2b: Indeedee|atk|1\n|turn|3\n|\n|t:|1736278185\n|move|p2b: Indeedee|Helping Hand|p2a: Calyrex\n|-singleturn|p2a: Calyrex|Helping Hand|[of] p2b: Indeedee\n|move|p2a: Calyrex|Astral Barrage|p1b: Tinkaton|[spread] p1a,p1b\n|-resisted|p1a: Incineroar\n|-damage|p1a: Incineroar|28\/100\n|-damage|p1b: Tinkaton|0 fnt\n|faint|p1b: Tinkaton\n|-ability|p2a: Calyrex|Grim Neigh|boost\n|-boost|p2a: Calyrex|spa|1\n|-damage|p2a: Calyrex|27\/100|[from] item: Life Orb\n|move|p1a: Incineroar|Knock Off|p2a: Calyrex\n|-supereffective|p2a: Calyrex\n|-damage|p2a: Calyrex|0 fnt\n|-enditem|p2a: Calyrex|Life Orb|[from] move: Knock Off|[of] p1a: Incineroar\n|-enditem|p1a: Incineroar|Sitrus Berry|[eat]\n|-heal|p1a: Incineroar|52\/100|[from] item: Sitrus Berry\n|faint|p2a: Calyrex\n|\n|upkeep\n|\n|t:|1736278202\n|switch|p2a: Tatsugiri|Tatsugiri, L50, F, shiny|100\/100\n|switch|p1b: Eternatus|Eternatus, L50|100\/100\n|-ability|p1b: Eternatus|Pressure\n|turn|4\n|inactive|Crysantimo has 30 seconds left.\n|\n|t:|1736278231\n|-terastallize|p1b: Eternatus|Poison\n|move|p2b: Indeedee|Follow Me|p2b: Indeedee\n|-singleturn|p2b: Indeedee|move: Follow Me\n|move|p1b: Eternatus|Sludge Bomb|p2b: Indeedee\n|-supereffective|p2b: Indeedee\n|-damage|p2b: Indeedee|0 fnt\n|faint|p2b: Indeedee\n|move|p2a: Tatsugiri|Muddy Water|p1a: Incineroar|[spread] p1a,p1b\n|-supereffective|p1a: Incineroar\n|-damage|p1a: Incineroar|0 fnt\n|-damage|p1b: Eternatus|70\/100\n|-unboost|p1b: Eternatus|accuracy|1\n|faint|p1a: Incineroar\n|\n|upkeep\n|\n|t:|1736278242\n|switch|p2b: Dondozo|Dondozo, L50, M, shiny|100\/100\n|-activate|p2a: Tatsugiri|ability: Commander|[of] p2b: Dondozo\n|-boost|p2b: Dondozo|atk|2\n|-boost|p2b: Dondozo|spa|2\n|-boost|p2b: Dondozo|spe|2\n|-boost|p2b: Dondozo|def|2\n|-boost|p2b: Dondozo|spd|2\n|turn|5\n|\n|t:|1736278247\n|move|p1b: Eternatus|Sludge Bomb|p2b: Dondozo\n|-damage|p2b: Dondozo|50\/100\n|move|p2b: Dondozo|Order Up|p1b: Eternatus\n|-damage|p1b: Eternatus|38\/100\n|-boost|p2b: Dondozo|atk|1\n|\n|-heal|p2b: Dondozo|56\/100|[from] item: Leftovers\n|-fieldend|move: Psychic Terrain\n|upkeep\n|turn|6\n|\n|t:|1736278255\n|move|p2b: Dondozo|Protect|p2b: Dondozo\n|-singleturn|p2b: Dondozo|Protect\n|move|p1b: Eternatus|Sludge Bomb|p2b: Dondozo\n|-activate|p2b: Dondozo|move: Protect\n|\n|-heal|p2b: Dondozo|62\/100|[from] item: Leftovers\n|upkeep\n|turn|7\n|\n|t:|1736278260\n|move|p1b: Eternatus|Sludge Bomb|p2b: Dondozo\n|-damage|p2b: Dondozo|14\/100\n|move|p2b: Dondozo|Earthquake|p1b: Eternatus|[spread] p1b\n|-miss|p2b: Dondozo|p2a: Tatsugiri\n|-supereffective|p1b: Eternatus\n|-damage|p1b: Eternatus|0 fnt\n|faint|p1b: Eternatus\n|\n|win|Pauliet123\n|raw|Crysantimo's rating: 1599 &rarr; <strong>1579<\/strong><br \/>(-20 for losing)\n|raw|Pauliet123's rating: 1597 &rarr; <strong>1617<\/strong><br \/>(+20 for winning)\n|c|\u2606Crysantimo|Gg\n|c|\u2606Pauliet123|GG\n|c|\u2606Pauliet123|that sludge bomb did so much damage\n|c|\u2606Crysantimo|Tera specs is so good\n|c|\u2606Pauliet123|Ooo I have never seen a specs set I usually always see the stall variant\n|c|\u2606Pauliet123|Good team mate you still played great :D\n|c|\u2606Pauliet123|Cool team*\n|l|\u2606Pauliet123\n|player|p2|\n|l| Claarity\n","uploadtime":1736278430,"views":192,"formatid":"gen9vgc2025regg","rating":1579,"private":0,"password":null}