{"id":"gen9vgc2025regg-2276814745","format":"[Gen 9] VGC 2025 Reg G","players":["pokefaqk","Pauliet123"],"log":"|j|\u2606pokefaqk\n|j|\u2606Pauliet123\n|t:|1736280026\n|gametype|doubles\n|player|p1|pokefaqk|101|1515\n|player|p2|Pauliet123|266|1644\n|teamsize|p1|6\n|teamsize|p2|6\n|gen|9\n|tier|[Gen 9] VGC 2025 Reg G\n|rated|\n|rule|Species Clause: Limit one of each Pok\u00e9mon\n|rule|Item Clause: Limit 1 of each item\n|clearpoke\n|poke|p1|Ogerpon, L50, F|\n|poke|p1|Araquanid, L50, M|\n|poke|p1|Regieleki, L50|\n|poke|p1|Ho-Oh, L50|\n|poke|p1|Farigiraf, L50, F|\n|poke|p1|Ting-Lu, L50|\n|poke|p2|Weezing-Galar, L50, M|\n|poke|p2|Dondozo, L50, M|\n|poke|p2|Calyrex-Shadow, L50|\n|poke|p2|Tatsugiri, L50, M|\n|poke|p2|Indeedee-F, L50, F|\n|poke|p2|Urshifu-*, L50, M|\n|teampreview|4\n|inactive|Battle timer is ON: inactive players will automatically lose when time's up. (requested by pokefaqk)\n|c|\u2606Pauliet123|HI again lol\n|c|\u2606Pauliet123|GLHF mate\n|c|\u2606pokefaqk|hii\n|inactive|pokefaqk has 60 seconds left.\n|c|\u2606pokefaqk|you 2\n|c|\u2606pokefaqk|i hate your fucking team :)\n|inactive|pokefaqk has 30 seconds left.\n|\n|t:|1736280090\n|start\n|switch|p1a: Araquanid|Araquanid, L50, M|100\/100\n|switch|p1b: Ho-Oh|Ho-Oh, L50|100\/100\n|switch|p2a: Calyrex|Calyrex-Shadow, L50|100\/100\n|switch|p2b: Weezing|Weezing-Galar, L50, M, shiny|100\/100\n|-ability|p2a: Calyrex|As One\n|-ability|p2a: Calyrex|Unnerve\n|-ability|p2b: Weezing|Neutralizing Gas\n|turn|1\n|c|\u2606Pauliet123|I'm sorry :( I really really love your team it is so cool and unique!\n|\n|t:|1736280110\n|move|p1a: Araquanid|Wide Guard|p1a: Araquanid\n|-singleturn|p1a: Araquanid|Wide Guard\n|move|p2a: Calyrex|Expanding Force|p1b: Ho-Oh\n|-damage|p1b: Ho-Oh|64\/100\n|-damage|p2a: Calyrex|91\/100|[from] item: Life Orb\n|move|p1b: Ho-Oh|Sacred Fire|p2a: Calyrex\n|-damage|p2a: Calyrex|41\/100\n|move|p2b: Weezing|Toxic Spikes|p1b: Ho-Oh\n|-sidestart|p1: pokefaqk|move: Toxic Spikes\n|\n|-heal|p1b: Ho-Oh|71\/100|[from] item: Leftovers\n|upkeep\n|turn|2\n|inactive|pokefaqk has 30 seconds left.\n|inactive|pokefaqk has 20 seconds left.\n|inactive|pokefaqk has 15 seconds left.\n|inactive|pokefaqk has 10 seconds left.\n|\n|t:|1736280155\n|move|p2a: Calyrex|Protect|p2a: Calyrex\n|-singleturn|p2a: Calyrex|Protect\n|move|p1b: Ho-Oh|Life Dew||[still]|[spread] p1a,p1b\n|-fail|p1a: Araquanid|heal\n|-heal|p1b: Ho-Oh|96\/100\n|move|p2b: Weezing|Toxic Spikes|p1b: Ho-Oh\n|-sidestart|p1: pokefaqk|move: Toxic Spikes\n|move|p1a: Araquanid|Power Split|p2a: Calyrex\n|-activate|p2a: Calyrex|move: Protect\n|\n|-heal|p1b: Ho-Oh|100\/100|[from] item: Leftovers\n|upkeep\n|turn|3\n|c|\u2606pokefaqk|ty i rly like ho-oh but i think that team is kinda nice\n|\n|t:|1736280176\n|-end|p2b: Weezing|ability: Neutralizing Gas\n|switch|p2b: Tatsugiri|Tatsugiri, L50, M, shiny|100\/100\n|move|p1a: Araquanid|Wide Guard|p1a: Araquanid\n|-singleturn|p1a: Araquanid|Wide Guard\n|move|p2a: Calyrex|Astral Barrage|p1a: Araquanid|[spread] \n|-activate|p1a: Araquanid|move: Wide Guard\n|-activate|p1b: Ho-Oh|move: Wide Guard\n|move|p1b: Ho-Oh|Sacred Fire|p2a: Calyrex|[miss]\n|-miss|p1b: Ho-Oh|p2a: Calyrex\n|\n|upkeep\n|turn|4\n|\n|t:|1736280194\n|-terastallize|p1b: Ho-Oh|Grass\n|move|p1a: Araquanid|Wide Guard|p1a: Araquanid\n|-singleturn|p1a: Araquanid|Wide Guard\n|move|p2a: Calyrex|Astral Barrage|p1a: Araquanid|[spread] \n|-activate|p1a: Araquanid|move: Wide Guard\n|-activate|p1b: Ho-Oh|move: Wide Guard\n|move|p2b: Tatsugiri|Draco Meteor|p1a: Araquanid\n|-damage|p1a: Araquanid|40\/100\n|-unboost|p2b: Tatsugiri|spa|2\n|move|p1b: Ho-Oh|Sacred Fire|p2a: Calyrex\n|-damage|p2a: Calyrex|0 fnt\n|faint|p2a: Calyrex\n|\n|upkeep\n|\n|t:|1736280200\n|switch|p2a: Weezing|Weezing-Galar, L50, M, shiny|100\/100\n|-ability|p2a: Weezing|Neutralizing Gas\n|turn|5\n|\n|t:|1736280218\n|move|p2b: Tatsugiri|Protect|p2b: Tatsugiri\n|-singleturn|p2b: Tatsugiri|Protect\n|move|p1b: Ho-Oh|Protect|p1b: Ho-Oh\n|-singleturn|p1b: Ho-Oh|Protect\n|move|p2a: Weezing|Poison Gas|p1b: Ho-Oh|[spread] p1a\n|-activate|p1b: Ho-Oh|move: Protect\n|-status|p1a: Araquanid|psn\n|move|p1a: Araquanid|Liquidation|p2a: Weezing\n|-damage|p2a: Weezing|72\/100\n|-unboost|p2a: Weezing|def|1\n|\n|-damage|p1a: Araquanid|29\/100 psn|[from] psn\n|upkeep\n|turn|6\n|c|\u2606Pauliet123|That's awesome! I am one of those psychopaths that actually likes dondozo lol\n|inactive|Pauliet123 has 30 seconds left.\n|\n|t:|1736280244\n|-end|p2a: Weezing|ability: Neutralizing Gas\n|switch|p2a: Dondozo|Dondozo, L50, M, shiny|100\/100\n|-activate|p2b: Tatsugiri|ability: Commander|[of] p2a: Dondozo\n|-boost|p2a: Dondozo|atk|2\n|-boost|p2a: Dondozo|spa|2\n|-boost|p2a: Dondozo|spe|2\n|-boost|p2a: Dondozo|def|2\n|-boost|p2a: Dondozo|spd|2\n|move|p1a: Araquanid|Wide Guard|p1a: Araquanid\n|-singleturn|p1a: Araquanid|Wide Guard\n|move|p1b: Ho-Oh|Sacred Fire|p2a: Dondozo\n|-resisted|p2a: Dondozo\n|-damage|p2a: Dondozo|95\/100\n|-status|p2a: Dondozo|brn\n|\n|-heal|p2a: Dondozo|100\/100 brn|[from] item: Leftovers\n|-damage|p1a: Araquanid|16\/100 psn|[from] psn\n|-damage|p2a: Dondozo|94\/100 brn|[from] brn\n|upkeep\n|turn|7\n|\n|t:|1736280259\n|move|p1b: Ho-Oh|Protect|p1b: Ho-Oh\n|-singleturn|p1b: Ho-Oh|Protect\n|move|p2a: Dondozo|Order Up|p1a: Araquanid\n|-damage|p1a: Araquanid|0 fnt\n|faint|p1a: Araquanid\n|-boost|p2a: Dondozo|atk|1\n|\n|-heal|p2a: Dondozo|100\/100 brn|[from] item: Leftovers\n|-damage|p2a: Dondozo|94\/100 brn|[from] brn\n|upkeep\n|\n|t:|1736280269\n|switch|p1a: Ogerpon|Ogerpon, L50, F|100\/100\n|-status|p1a: Ogerpon|tox\n|turn|8\n|\n|t:|1736280275\n|move|p2a: Dondozo|Protect|p2a: Dondozo\n|-singleturn|p2a: Dondozo|Protect\n|move|p1a: Ogerpon|Knock Off|p2a: Dondozo\n|-activate|p2a: Dondozo|move: Protect\n|move|p1b: Ho-Oh|Brave Bird|p2a: Dondozo\n|-activate|p2a: Dondozo|move: Protect\n|\n|-heal|p2a: Dondozo|100\/100 brn|[from] item: Leftovers\n|-damage|p1a: Ogerpon|95\/100 tox|[from] psn\n|-damage|p2a: Dondozo|94\/100 brn|[from] brn\n|upkeep\n|turn|9\n|\n|t:|1736280298\n|move|p2a: Dondozo|Order Up|p1a: Ogerpon\n|-damage|p1a: Ogerpon|71\/100 tox\n|-boost|p2a: Dondozo|atk|1\n|move|p1a: Ogerpon|Knock Off|p2a: Dondozo\n|-damage|p2a: Dondozo|86\/100 brn\n|-enditem|p2a: Dondozo|Leftovers|[from] move: Knock Off|[of] p1a: Ogerpon\n|move|p1b: Ho-Oh|Brave Bird|p2a: Dondozo\n|-damage|p2a: Dondozo|71\/100 brn\n|-damage|p1b: Ho-Oh|95\/100|[from] Recoil\n|\n|-heal|p1b: Ho-Oh|100\/100|[from] item: Leftovers\n|-damage|p1a: Ogerpon|59\/100 tox|[from] psn\n|-damage|p2a: Dondozo|65\/100 brn|[from] brn\n|upkeep\n|turn|10\n|c|\u2606pokefaqk|yeah i just hate the toxic strat xd\n|c|\u2606Pauliet123|Oh so you really don't like me then lol\n|\n|t:|1736280322\n|move|p2a: Dondozo|Protect|p2a: Dondozo\n|-singleturn|p2a: Dondozo|Protect\n|move|p1a: Ogerpon|Ivy Cudgel|p2a: Dondozo\n|-activate|p2a: Dondozo|move: Protect\n|move|p1b: Ho-Oh|Life Dew||[still]|[spread] p1a,p1b\n|-heal|p1a: Ogerpon|84\/100 tox\n|-fail|p1b: Ho-Oh|heal\n|\n|-damage|p1a: Ogerpon|67\/100 tox|[from] psn\n|-damage|p2a: Dondozo|58\/100 brn|[from] brn\n|upkeep\n|turn|11\n|\n|t:|1736280331\n|-terastallize|p2a: Dondozo|Grass\n|move|p2a: Dondozo|Order Up|p1a: Ogerpon\n|-damage|p1a: Ogerpon|40\/100 tox\n|-boost|p2a: Dondozo|atk|1\n|move|p1a: Ogerpon|Ivy Cudgel|p2a: Dondozo\n|-resisted|p2a: Dondozo\n|-damage|p2a: Dondozo|52\/100 brn\n|move|p1b: Ho-Oh|Brave Bird|p2a: Dondozo\n|-supereffective|p2a: Dondozo\n|-damage|p2a: Dondozo|23\/100 brn\n|-damage|p1b: Ho-Oh|90\/100|[from] Recoil\n|\n|-heal|p1b: Ho-Oh|96\/100|[from] item: Leftovers\n|-damage|p1a: Ogerpon|16\/100 tox|[from] psn\n|-damage|p2a: Dondozo|16\/100 brn|[from] brn\n|upkeep\n|turn|12\n|j| holydoritos\n|\n|t:|1736280343\n|switch|p1a: Farigiraf|Farigiraf, L50, F|100\/100\n|-status|p1a: Farigiraf|tox\n|move|p2a: Dondozo|Order Up|p2b: Tatsugiri|[miss]\n|-miss|p2a: Dondozo|p2b: Tatsugiri\n|move|p1b: Ho-Oh|Brave Bird|p2a: Dondozo\n|-supereffective|p2a: Dondozo\n|-crit|p2a: Dondozo\n|-damage|p2a: Dondozo|0 fnt\n|faint|p2a: Dondozo\n|-damage|p1b: Ho-Oh|90\/100|[from] Recoil\n|\n|-heal|p1b: Ho-Oh|97\/100|[from] item: Leftovers\n|-damage|p1a: Farigiraf|94\/100 tox|[from] psn\n|upkeep\n|\n|t:|1736280347\n|switch|p2a: Weezing|Weezing-Galar, L50, M, shiny|72\/100\n|-ability|p2a: Weezing|Neutralizing Gas\n|turn|13\n|j| eboli\n|\n|t:|1736280353\n|move|p2b: Tatsugiri|Muddy Water|p1a: Farigiraf|[spread] p1a,p1b\n|-resisted|p1b: Ho-Oh\n|-damage|p1a: Farigiraf|73\/100 tox\n|-damage|p1b: Ho-Oh|92\/100\n|-unboost|p1b: Ho-Oh|accuracy|1\n|move|p1b: Ho-Oh|Brave Bird|p2a: Weezing|[miss]\n|-miss|p1b: Ho-Oh|p2a: Weezing\n|move|p1a: Farigiraf|Hyper Voice|p2a: Weezing|[spread] p2a,p2b\n|-damage|p2a: Weezing|37\/100\n|-damage|p2b: Tatsugiri|53\/100\n|-enditem|p1a: Farigiraf|Throat Spray\n|-boost|p1a: Farigiraf|spa|1|[from] item: Throat Spray\n|move|p2a: Weezing|Poison Gas||[still]|[spread] p1a,p1b\n|-fail|p2a: Weezing\n|-status|p1b: Ho-Oh|psn\n|\n|-heal|p1b: Ho-Oh|99\/100 psn|[from] item: Leftovers\n|-damage|p1b: Ho-Oh|86\/100 psn|[from] psn\n|-damage|p1a: Farigiraf|60\/100 tox|[from] psn\n|upkeep\n|turn|14\n|c|\u2606Pauliet123|GG mate :)\n|\n|t:|1736280368\n|move|p2b: Tatsugiri|Muddy Water|p1b: Ho-Oh|[spread] p1a,p1b\n|-resisted|p1b: Ho-Oh\n|-damage|p1a: Farigiraf|40\/100 tox\n|-damage|p1b: Ho-Oh|81\/100 psn\n|move|p1b: Ho-Oh|Life Dew|p1b: Ho-Oh|[spread] p1a,p1b\n|-heal|p1a: Farigiraf|65\/100 tox\n|-heal|p1b: Ho-Oh|100\/100 psn\n|move|p1a: Farigiraf|Hyper Voice|p2b: Tatsugiri|[spread] p2a,p2b\n|-damage|p2a: Weezing|0 fnt\n|-damage|p2b: Tatsugiri|0 fnt\n|faint|p2a: Weezing\n|-end|p2a: Weezing|ability: Neutralizing Gas\n|faint|p2b: Tatsugiri\n|\n|win|pokefaqk\n|raw|pokefaqk's rating: 1515 &rarr; <strong>1542<\/strong><br \/>(+27 for winning)\n|raw|Pauliet123's rating: 1644 &rarr; <strong>1617<\/strong><br \/>(-27 for losing)\n|c|\u2606pokefaqk|gg\n|l|\u2606Pauliet123\n|player|p2|\n|l| holydoritos\n","uploadtime":1736280071,"views":52,"formatid":"gen9vgc2025regg","rating":1542,"private":0,"password":null}