{"id":"gen9vgc2025regg-2276017238","format":"[Gen 9] VGC 2025 Reg G","players":["ninjaloki","Slackermaru"],"log":"|j|\u2606ninjaloki\n|j|\u2606Slackermaru\n|t:|1736173485\n|gametype|doubles\n|player|p1|ninjaloki|101|1572\n|player|p2|Slackermaru|workerice|1625\n|teamsize|p1|6\n|teamsize|p2|6\n|gen|9\n|tier|[Gen 9] VGC 2025 Reg G\n|rated|\n|rule|Species Clause: Limit one of each Pok\u00e9mon\n|rule|Item Clause: Limit 1 of each item\n|clearpoke\n|poke|p1|Miraidon, L50|\n|poke|p1|Whimsicott, L50, M|\n|poke|p1|Farigiraf, L50, F|\n|poke|p1|Iron Hands, L50|\n|poke|p1|Urshifu-*, L50, M|\n|poke|p1|Ogerpon-Hearthflame, L50, F|\n|poke|p2|Zamazenta-*, L50|\n|poke|p2|Urshifu-*, L50, M|\n|poke|p2|Chi-Yu, L50|\n|poke|p2|Raging Bolt, L50|\n|poke|p2|Rillaboom, L50, M|\n|poke|p2|Flutter Mane, L50|\n|teampreview|4\n|\n|t:|1736173511\n|start\n|switch|p1a: Miraidon|Miraidon, L50|100\/100\n|switch|p1b: Ogerpon|Ogerpon-Hearthflame, L50, F|100\/100\n|switch|p2a: Zamazenta|Zamazenta-Crowned, L50|100\/100\n|switch|p2b: Rillaboom|Rillaboom, L50, M|100\/100\n|-fieldstart|move: Electric Terrain|[from] ability: Hadron Engine|[of] p1a: Miraidon\n|-ability|p2a: Zamazenta|Dauntless Shield|boost\n|-boost|p2a: Zamazenta|def|1\n|-ability|p1b: Ogerpon|Mold Breaker\n|-fieldstart|move: Grassy Terrain|[from] ability: Grassy Surge|[of] p2b: Rillaboom\n|turn|1\n|inactive|Battle timer is ON: inactive players will automatically lose when time's up. (requested by ninjaloki)\n|\n|t:|1736173532\n|switch|p1a: Farigiraf|Farigiraf, L50, F|100\/100\n|switch|p2b: Raging Bolt|Raging Bolt, L50|100\/100\n|move|p2a: Zamazenta|Body Press|p1b: Ogerpon\n|-damage|p1b: Ogerpon|25\/100\n|move|p1b: Ogerpon|Ivy Cudgel|p2b: Raging Bolt|[anim] Ivy Cudgel Fire\n|-resisted|p2b: Raging Bolt\n|-damage|p2b: Raging Bolt|72\/100\n|\n|-heal|p1b: Ogerpon|31\/100|[from] Grassy Terrain\n|-heal|p2b: Raging Bolt|78\/100|[from] Grassy Terrain\n|upkeep\n|turn|2\n|inactive|ninjaloki has 30 seconds left.\n|inactive|Slackermaru has 30 seconds left.\n|\n|t:|1736173562\n|-terastallize|p2a: Zamazenta|Dragon\n|move|p1b: Ogerpon|Spiky Shield|p1b: Ogerpon\n|-singleturn|p1b: Ogerpon|move: Protect\n|move|p2a: Zamazenta|Body Press|p1a: Farigiraf\n|-damage|p1a: Farigiraf|46\/100\n|move|p2b: Raging Bolt|Thunderbolt|p1a: Farigiraf\n|-damage|p1a: Farigiraf|0 fnt\n|faint|p1a: Farigiraf\n|-damage|p2b: Raging Bolt|69\/100|[from] item: Life Orb\n|\n|-heal|p1b: Ogerpon|37\/100|[from] Grassy Terrain\n|-heal|p2b: Raging Bolt|75\/100|[from] Grassy Terrain\n|upkeep\n|\n|t:|1736173577\n|switch|p1a: Miraidon|Miraidon, L50|100\/100\n|-fieldstart|move: Electric Terrain|[from] ability: Hadron Engine|[of] p1a: Miraidon\n|turn|3\n|\n|t:|1736173585\n|-terastallize|p1a: Miraidon|Fairy\n|move|p2a: Zamazenta|Protect|p2a: Zamazenta\n|-singleturn|p2a: Zamazenta|Protect\n|move|p1b: Ogerpon|Follow Me|p1b: Ogerpon\n|-singleturn|p1b: Ogerpon|move: Follow Me\n|move|p2b: Raging Bolt|Thunderclap||[still]\n|-fail|p2b: Raging Bolt\n|move|p1a: Miraidon|Dazzling Gleam|p2a: Zamazenta|[spread] p2b\n|-activate|p2a: Zamazenta|move: Protect\n|-supereffective|p2b: Raging Bolt\n|-damage|p2b: Raging Bolt|0 fnt\n|faint|p2b: Raging Bolt\n|-end|p2b: Raging Bolt|Protosynthesis|[silent]\n|\n|upkeep\n|j| futonkagebunshin\n|\n|t:|1736173598\n|switch|p2b: Rillaboom|Rillaboom, L50, M|100\/100\n|-fieldstart|move: Grassy Terrain|[from] ability: Grassy Surge|[of] p2b: Rillaboom\n|turn|4\n|\n|t:|1736173611\n|switch|p1a: Iron Hands|Iron Hands, L50|100\/100\n|move|p2b: Rillaboom|Fake Out|p1a: Iron Hands\n|-damage|p1a: Iron Hands|92\/100\n|move|p2a: Zamazenta|Heavy Slam|p1a: Iron Hands\n|-resisted|p1a: Iron Hands\n|-damage|p1a: Iron Hands|83\/100\n|move|p1b: Ogerpon|Ivy Cudgel|p2b: Rillaboom|[anim] Ivy Cudgel Fire\n|-supereffective|p2b: Rillaboom\n|-damage|p2b: Rillaboom|0 fnt\n|faint|p2b: Rillaboom\n|\n|-heal|p1b: Ogerpon|44\/100|[from] Grassy Terrain\n|-heal|p1a: Iron Hands|89\/100|[from] Grassy Terrain\n|upkeep\n|\n|t:|1736173624\n|switch|p2b: Flutter Mane|Flutter Mane, L50|100\/100\n|-enditem|p2b: Flutter Mane|Booster Energy\n|-activate|p2b: Flutter Mane|ability: Protosynthesis|[fromitem]\n|-start|p2b: Flutter Mane|protosynthesisspe\n|turn|5\n|inactive|Slackermaru has 30 seconds left.\n|\n|t:|1736173653\n|move|p2b: Flutter Mane|Protect|p2b: Flutter Mane\n|-singleturn|p2b: Flutter Mane|Protect\n|move|p2a: Zamazenta|Protect|p2a: Zamazenta\n|-singleturn|p2a: Zamazenta|Protect\n|move|p1b: Ogerpon|Follow Me|p1b: Ogerpon\n|-singleturn|p1b: Ogerpon|move: Follow Me\n|move|p1a: Iron Hands|Wild Charge|p2b: Flutter Mane\n|-activate|p2b: Flutter Mane|move: Protect\n|\n|-heal|p1b: Ogerpon|50\/100|[from] Grassy Terrain\n|-heal|p1a: Iron Hands|95\/100|[from] Grassy Terrain\n|upkeep\n|turn|6\n|\n|t:|1736173672\n|move|p1b: Ogerpon|Follow Me|p1b: Ogerpon\n|-singleturn|p1b: Ogerpon|move: Follow Me\n|move|p2b: Flutter Mane|Taunt|p1b: Ogerpon\n|-start|p1b: Ogerpon|move: Taunt\n|move|p2a: Zamazenta|Body Press|p1b: Ogerpon\n|-damage|p1b: Ogerpon|0 fnt\n|faint|p1b: Ogerpon\n|move|p1a: Iron Hands|Wild Charge|p2b: Flutter Mane\n|-damage|p2b: Flutter Mane|24\/100\n|-damage|p1a: Iron Hands|83\/100|[from] Recoil\n|\n|-heal|p2b: Flutter Mane|30\/100|[from] Grassy Terrain\n|-heal|p1a: Iron Hands|89\/100|[from] Grassy Terrain\n|upkeep\n|\n|t:|1736173686\n|switch|p1b: Miraidon|Miraidon, L50, tera:Fairy|100\/100\n|-fieldstart|move: Electric Terrain|[from] ability: Hadron Engine|[of] p1b: Miraidon\n|-activate|p1a: Iron Hands|ability: Quark Drive\n|-start|p1a: Iron Hands|quarkdriveatk\n|turn|7\n|j| taolathang\n|j| GooglePay\n|\n|t:|1736173699\n|move|p2b: Flutter Mane|Protect|p2b: Flutter Mane\n|-singleturn|p2b: Flutter Mane|Protect\n|move|p2a: Zamazenta|Protect|p2a: Zamazenta\n|-singleturn|p2a: Zamazenta|Protect\n|move|p1b: Miraidon|Dazzling Gleam|p2b: Flutter Mane|[spread] \n|-activate|p2a: Zamazenta|move: Protect\n|-activate|p2b: Flutter Mane|move: Protect\n|move|p1a: Iron Hands|Low Kick|p2a: Zamazenta\n|-activate|p2a: Zamazenta|move: Protect\n|\n|upkeep\n|turn|8\n|\n|t:|1736173722\n|move|p2a: Zamazenta|Wide Guard|p2a: Zamazenta\n|-singleturn|p2a: Zamazenta|Wide Guard\n|move|p2b: Flutter Mane|Icy Wind|p1a: Iron Hands|[spread] p1a,p1b\n|-damage|p1a: Iron Hands|83\/100\n|-damage|p1b: Miraidon|90\/100\n|-unboost|p1a: Iron Hands|spe|1\n|-unboost|p1b: Miraidon|spe|1\n|move|p1b: Miraidon|Dazzling Gleam|p2b: Flutter Mane|[spread] \n|-activate|p2a: Zamazenta|move: Wide Guard\n|-activate|p2b: Flutter Mane|move: Wide Guard\n|move|p1a: Iron Hands|Wild Charge|p2b: Flutter Mane\n|-damage|p2b: Flutter Mane|0 fnt\n|faint|p2b: Flutter Mane\n|-end|p2b: Flutter Mane|Protosynthesis|[silent]\n|-damage|p1a: Iron Hands|78\/100|[from] Recoil\n|\n|upkeep\n|turn|9\n|\n|t:|1736173741\n|move|p2a: Zamazenta|Heavy Slam|p1b: Miraidon\n|-supereffective|p1b: Miraidon\n|-damage|p1b: Miraidon|24\/100\n|move|p1b: Miraidon|Dazzling Gleam|p2a: Zamazenta\n|-supereffective|p2a: Zamazenta\n|-damage|p2a: Zamazenta|0 fnt\n|faint|p2a: Zamazenta\n|\n|win|ninjaloki\n|raw|ninjaloki's rating: 1572 &rarr; <strong>1595<\/strong><br \/>(+23 for winning)\n|raw|Slackermaru's rating: 1625 &rarr; <strong>1602<\/strong><br \/>(-23 for losing)\n|l|\u2606Slackermaru\n|player|p2|\n|l| taolathang\n|l|\u2606ninjaloki\n|player|p1|\n|l| futonkagebunshin\n","uploadtime":1736173984,"views":481,"formatid":"gen9vgc2025regg","rating":1595,"private":0,"password":null}