{"id":"gen9vgc2025regg-2276273432","format":"[Gen 9] VGC 2025 Reg G","players":["PokeHys4","fightingiowa233"],"log":"|j|\u2606PokeHys4\n|j|\u2606fightingiowa233\n|t:|1736202678\n|gametype|doubles\n|player|p1|PokeHys4|102|1520\n|player|p2|fightingiowa233|sabrina-frlg|1581\n|teamsize|p1|6\n|teamsize|p2|6\n|gen|9\n|tier|[Gen 9] VGC 2025 Reg G\n|rated|\n|rule|Species Clause: Limit one of each Pok\u00e9mon\n|rule|Item Clause: Limit 1 of each item\n|clearpoke\n|poke|p1|Weezing-Galar, L50, M|\n|poke|p1|Urshifu-*, L50, F|\n|poke|p1|Maushold-Four, L50|\n|poke|p1|Calyrex-Shadow, L50|\n|poke|p1|Roaring Moon, L50|\n|poke|p1|Okidogi, L50, M|\n|poke|p2|Groudon, L50|\n|poke|p2|Chi-Yu, L50|\n|poke|p2|Raging Bolt, L50|\n|poke|p2|Ogerpon-Cornerstone, L50, F|\n|poke|p2|Flutter Mane, L50|\n|poke|p2|Wyrdeer, L50, F|\n|teampreview|4\n|inactive|Battle timer is ON: inactive players will automatically lose when time's up. (requested by PokeHys4)\nfightingiowa233 has agreed to open team sheets.\nPokeHys4 has agreed to open team sheets.\n|showteam|p1|Weezing-Galar||CovertCloak|NeutralizingGas|Protect,Taunt,WillOWisp,SludgeBomb|||M|||50|,,,,,Water]Urshifu-Rapid-Strike||ChoiceScarf|UnseenFist|SurgingStrikes,AquaJet,Uturn,CloseCombat|||F|||50|,,,,,Water]Maushold-Four||SafetyGoggles|FriendGuard|FollowMe,HelpingHand,Protect,Feint||||||50|,,,,,Ghost]Calyrex-Shadow||ChoiceSpecs|AsOneSpectrier|AstralBarrage,ShadowBall,Psychic,PollenPuff||||||50|,,,,,Ghost]Roaring Moon||BoosterEnergy|Protosynthesis|Acrobatics,KnockOff,Tailwind,Protect||||||50|,,,,,Flying]Okidogi||AssaultVest|GuardDog|DrainPunch,KnockOff,UpperHand,GunkShot|||M|||50|,,,,,Dark\n|showteam|p2|Groudon||ClearAmulet|Drought|PrecipiceBlades,HeatCrash,SwordsDance,Protect||||||50|,,,,,Fire]Chi-Yu||ChoiceScarf|BeadsofRuin|HeatWave,DarkPulse,Snarl,WillOWisp||||||50|,,,,,Ghost]Raging Bolt||LifeOrb|Protosynthesis|Thunderbolt,DragonPulse,Thunderclap,Protect||||||50|,,,,,Electric]Ogerpon-Cornerstone||CornerstoneMask|Sturdy|IvyCudgel,PowerWhip,FollowMe,SpikyShield|||F|||50|,,,,,Rock]Flutter Mane||FocusSash|Protosynthesis|Moonblast,IcyWind,Taunt,TrickRoom||||||50|,,,,,Fairy]Wyrdeer||MentalHerb|Intimidate|BodySlam,Gravity,Hypnosis,TrickRoom|||F|||50|,,,,,Fairy\n|inactive|fightingiowa233 has 30 seconds left.\n|inactive|PokeHys4 has 30 seconds left.\n|inactive|fightingiowa233 has 20 seconds left.\n|inactive|fightingiowa233 has 15 seconds left.\n|\n|t:|1736202726\n|start\n|switch|p1a: Okidogi|Okidogi, L50, M|100\/100\n|switch|p1b: Calyrex|Calyrex-Shadow, L50|100\/100\n|switch|p2a: Chi-Yu|Chi-Yu, L50|100\/100\n|switch|p2b: Raging Neck|Raging Bolt, L50|100\/100\n|-ability|p1b: Calyrex|As One\n|-ability|p1b: Calyrex|Unnerve\n|-ability|p2a: Chi-Yu|Beads of Ruin\n|turn|1\n|inactive|PokeHys4 has 30 seconds left.\n|\n|t:|1736202753\n|switch|p1b: Weezing|Weezing-Galar, L50, M|100\/100\n|-ability|p1b: Weezing|Neutralizing Gas\n|move|p2a: Chi-Yu|Snarl|p1b: Weezing|[spread] p1a,p1b\n|-resisted|p1a: Okidogi\n|-resisted|p1b: Weezing\n|-damage|p1a: Okidogi|93\/100\n|-damage|p1b: Weezing|87\/100\n|-unboost|p1a: Okidogi|spa|1\n|move|p1a: Okidogi|Drain Punch|p2a: Chi-Yu\n|-supereffective|p2a: Chi-Yu\n|-damage|p2a: Chi-Yu|0 fnt\n|-heal|p1a: Okidogi|100\/100|[from] drain|[of] p2a: Chi-Yu\n|faint|p2a: Chi-Yu\n|move|p2b: Raging Neck|Thunderbolt|p1b: Weezing\n|-damage|p1b: Weezing|6\/100\n|-damage|p2b: Raging Neck|91\/100|[from] item: Life Orb\n|\n|upkeep\n|\n|t:|1736202764\n|switch|p2a: Groudon|Groudon, L50|100\/100\n|turn|2\n|inactive|PokeHys4 has 30 seconds left.\n|inactive|PokeHys4 has 20 seconds left.\n|\n|t:|1736202800\n|move|p1b: Weezing|Protect|p1b: Weezing\n|-singleturn|p1b: Weezing|Protect\n|move|p2a: Groudon|Swords Dance|p2a: Groudon\n|-boost|p2a: Groudon|atk|2\n|move|p1a: Okidogi|Knock Off|p2a: Groudon\n|-damage|p2a: Groudon|75\/100\n|-enditem|p2a: Groudon|Clear Amulet|[from] move: Knock Off|[of] p1a: Okidogi\n|move|p2b: Raging Neck|Thunderbolt|p1b: Weezing\n|-activate|p1b: Weezing|move: Protect\n|\n|upkeep\n|turn|3\n|\n|t:|1736202818\n|-end|p2b: Raging Neck|Protosynthesis|[silent]\n|switch|p2b: Flutter Mane|Flutter Mane, L50|100\/100\n|move|p2a: Groudon|Precipice Blades|p1a: Okidogi|[spread] p1a,p1b\n|-supereffective|p1a: Okidogi\n|-supereffective|p1b: Weezing\n|-damage|p1a: Okidogi|0 fnt\n|-damage|p1b: Weezing|0 fnt\n|faint|p1a: Okidogi\n|faint|p1b: Weezing\n|-end|p1b: Weezing|ability: Neutralizing Gas\n|-weather|SunnyDay|[from] ability: Drought|[of] p2a: Groudon\n|-activate|p2b: Flutter Mane|ability: Protosynthesis\n|-start|p2b: Flutter Mane|protosynthesisspa\n|\n|-weather|SunnyDay|[upkeep]\n|upkeep\n|\n|t:|1736202828\n|switch|p1a: Calyrex|Calyrex-Shadow, L50|100\/100\n|switch|p1b: Urshifu|Urshifu-Rapid-Strike, L50, F|100\/100\n|-ability|p1a: Calyrex|As One\n|-ability|p1a: Calyrex|Unnerve\n|turn|4\n|\n|t:|1736202848\n|-terastallize|p1a: Calyrex|Ghost\n|move|p1b: Urshifu|Aqua Jet|p2b: Flutter Mane\n|-damage|p2b: Flutter Mane|80\/100\n|move|p1a: Calyrex|Astral Barrage|p2b: Flutter Mane|[spread] p2a,p2b\n|-supereffective|p2b: Flutter Mane\n|-damage|p2a: Groudon|0 fnt\n|-damage|p2b: Flutter Mane|0 fnt\n|faint|p2a: Groudon\n|faint|p2b: Flutter Mane\n|-end|p2b: Flutter Mane|Protosynthesis|[silent]\n|-ability|p1a: Calyrex|Grim Neigh|boost\n|-boost|p1a: Calyrex|spa|2\n|\n|-weather|SunnyDay|[upkeep]\n|upkeep\n|\n|t:|1736202854\n|switch|p2b: Raging Neck|Raging Bolt, L50|91\/100\n|-activate|p2b: Raging Neck|ability: Protosynthesis\n|-start|p2b: Raging Neck|protosynthesisspa\n|turn|5\n|\n|t:|1736202858\n|-terastallize|p2b: Raging Neck|Electric\n|move|p1b: Urshifu|Aqua Jet|p2b: Raging Neck\n|-damage|p2b: Raging Neck|81\/100\n|move|p2b: Raging Neck|Thunderclap|p1a: Calyrex\n|-damage|p1a: Calyrex|6\/100\n|-damage|p2b: Raging Neck|71\/100|[from] item: Life Orb\n|move|p1a: Calyrex|Astral Barrage|p2b: Raging Neck\n|-damage|p2b: Raging Neck|0 fnt\n|faint|p2b: Raging Neck\n|-end|p2b: Raging Neck|Protosynthesis|[silent]\n|\n|win|PokeHys4\n|raw|PokeHys4's rating: 1520 &rarr; <strong>1543<\/strong><br \/>(+23 for winning)\n|raw|fightingiowa233's rating: 1581 &rarr; <strong>1558<\/strong><br \/>(-23 for losing)\n|l|\u2606fightingiowa233\n|player|p2|\n","uploadtime":1736203061,"views":330,"formatid":"gen9vgc2025regg","rating":1543,"private":0,"password":null}