{"id":"gen9vgc2025regg-2276180565","format":"[Gen 9] VGC 2025 Reg G","players":["ninjaloki","soubrhue"],"log":"|j|\u2606ninjaloki\n|j|\u2606soubrhue\n|t:|1736192198\n|gametype|doubles\n|player|p1|ninjaloki|1|1551\n|player|p2|soubrhue|101|1552\n|teamsize|p1|6\n|teamsize|p2|6\n|gen|9\n|tier|[Gen 9] VGC 2025 Reg G\n|rated|\n|rule|Species Clause: Limit one of each Pok\u00e9mon\n|rule|Item Clause: Limit 1 of each item\n|clearpoke\n|poke|p1|Miraidon, L50|\n|poke|p1|Whimsicott, L50, F|\n|poke|p1|Farigiraf, L50, F|\n|poke|p1|Iron Hands, L50|\n|poke|p1|Urshifu-*, L50, M|\n|poke|p1|Ogerpon-Hearthflame, L50, F|\n|poke|p2|Incineroar, L50, M|\n|poke|p2|Urshifu-*, L50, M|\n|poke|p2|Rillaboom, L50, M|\n|poke|p2|Flutter Mane, L50|\n|poke|p2|Terapagos, L50, M|\n|poke|p2|Ogerpon-Hearthflame, L50, F|\n|teampreview|4\n|inactive|Battle timer is ON: inactive players will automatically lose when time's up. (requested by ninjaloki)\n|\n|t:|1736192215\n|start\n|switch|p1a: Miraidon|Miraidon, L50|100\/100\n|switch|p1b: Ogerpon|Ogerpon-Hearthflame, L50, F|100\/100\n|switch|p2a: Rillaboom|Rillaboom, L50, M|100\/100\n|switch|p2b: Terapagos|Terapagos, L50, M|100\/100\n|-activate|p2b: Terapagos|ability: Tera Shift\n|detailschange|p2b: Terapagos|Terapagos-Terastal, L50, M\n|-heal|p2b: Terapagos|100\/100|[silent]\n|-fieldstart|move: Electric Terrain|[from] ability: Hadron Engine|[of] p1a: Miraidon\n|-ability|p1b: Ogerpon|Mold Breaker\n|-fieldstart|move: Grassy Terrain|[from] ability: Grassy Surge|[of] p2a: Rillaboom\n|turn|1\n|\n|t:|1736192234\n|switch|p1a: Farigiraf|Farigiraf, L50, F|100\/100\n|move|p2a: Rillaboom|Fake Out||[still]\n|cant|p1a: Farigiraf|ability: Armor Tail|Fake Out|[of] p2a: Rillaboom\n|move|p1b: Ogerpon|Ivy Cudgel|p2a: Rillaboom|[anim] Ivy Cudgel Fire\n|-supereffective|p2a: Rillaboom\n|-damage|p2a: Rillaboom|0 fnt\n|faint|p2a: Rillaboom\n|move|p2b: Terapagos|Calm Mind|p2b: Terapagos\n|-boost|p2b: Terapagos|spa|1\n|-boost|p2b: Terapagos|spd|1\n|\n|upkeep\n|\n|t:|1736192239\n|switch|p2a: Ogerpon|Ogerpon-Hearthflame, L50, F|100\/100\n|-ability|p2a: Ogerpon|Mold Breaker\n|turn|2\n|\n|t:|1736192259\n|move|p2a: Ogerpon|Spiky Shield|p2a: Ogerpon\n|-singleturn|p2a: Ogerpon|move: Protect\n|move|p1b: Ogerpon|Ivy Cudgel|p2b: Terapagos|[anim] Ivy Cudgel Fire\n|-damage|p2b: Terapagos|58\/100\n|move|p2b: Terapagos|Calm Mind|p2b: Terapagos\n|-boost|p2b: Terapagos|spa|1\n|-boost|p2b: Terapagos|spd|1\n|move|p1a: Farigiraf|Psychic Noise|p2a: Ogerpon\n|-activate|p2a: Ogerpon|move: Protect\n|\n|-heal|p2b: Terapagos|65\/100|[from] Grassy Terrain\n|-heal|p2b: Terapagos|71\/100|[from] item: Leftovers\n|upkeep\n|turn|3\n|\n|t:|1736192275\n|move|p2b: Terapagos|Protect|p2b: Terapagos\n|-singleturn|p2b: Terapagos|Protect\n|move|p1b: Ogerpon|Ivy Cudgel|p2b: Terapagos|[anim] Ivy Cudgel Fire\n|-activate|p2b: Terapagos|move: Protect\n|move|p2a: Ogerpon|Ivy Cudgel|p1b: Ogerpon|[anim] Ivy Cudgel Fire\n|-damage|p1b: Ogerpon|43\/100\n|move|p1a: Farigiraf|Psychic Noise|p2a: Ogerpon\n|-damage|p2a: Ogerpon|73\/100\n|-start|p2a: Ogerpon|move: Heal Block\n|\n|-heal|p1b: Ogerpon|49\/100|[from] Grassy Terrain\n|-heal|p2b: Terapagos|77\/100|[from] Grassy Terrain\n|-heal|p2b: Terapagos|83\/100|[from] item: Leftovers\n|upkeep\n|turn|4\n|\n|t:|1736192296\n|move|p2a: Ogerpon|Follow Me|p2a: Ogerpon\n|-singleturn|p2a: Ogerpon|move: Follow Me\n|move|p1b: Ogerpon|Ivy Cudgel|p2a: Ogerpon|[anim] Ivy Cudgel Fire\n|-damage|p2a: Ogerpon|11\/100\n|move|p2b: Terapagos|Tera Starstorm|p1a: Farigiraf\n|-damage|p1a: Farigiraf|7\/100\n|move|p1a: Farigiraf|Psychic Noise|p2a: Ogerpon\n|-damage|p2a: Ogerpon|0 fnt\n|faint|p2a: Ogerpon\n|\n|-heal|p1b: Ogerpon|55\/100|[from] Grassy Terrain\n|-heal|p2b: Terapagos|90\/100|[from] Grassy Terrain\n|-heal|p2b: Terapagos|96\/100|[from] item: Leftovers\n|-heal|p1a: Farigiraf|13\/100|[from] Grassy Terrain\n|upkeep\n|\n|t:|1736192305\n|switch|p2a: Flutter Mane|Flutter Mane, L50|100\/100\n|-enditem|p2a: Flutter Mane|Booster Energy\n|-activate|p2a: Flutter Mane|ability: Protosynthesis|[fromitem]\n|-start|p2a: Flutter Mane|protosynthesisspe\n|turn|5\n|\n|t:|1736192322\n|-terastallize|p1b: Ogerpon|Fire\n|detailschange|p1b: Ogerpon|Ogerpon-Hearthflame-Tera, L50, F, tera:Fire\n|-ability|p1b: Ogerpon|Embody Aspect (Hearthflame)|boost\n|-boost|p1b: Ogerpon|atk|1\n|move|p2a: Flutter Mane|Icy Wind|p1a: Farigiraf|[spread] p1a,p1b\n|-resisted|p1b: Ogerpon\n|-damage|p1a: Farigiraf|2\/100\n|-damage|p1b: Ogerpon|49\/100\n|-unboost|p1a: Farigiraf|spe|1\n|-unboost|p1b: Ogerpon|spe|1\n|move|p2b: Terapagos|Tera Starstorm|p1b: Ogerpon\n|-damage|p1b: Ogerpon|0 fnt\n|faint|p1b: Ogerpon\n|move|p1a: Farigiraf|Psychic Noise|p2b: Terapagos\n|-damage|p2b: Terapagos|83\/100\n|-start|p2b: Terapagos|move: Heal Block\n|\n|-heal|p1a: Farigiraf|8\/100|[from] Grassy Terrain\n|-fieldend|move: Grassy Terrain\n|upkeep\n|\n|t:|1736192341\n|switch|p1b: Urshifu|Urshifu, L50, M|100\/100\n|turn|6\n|\n|t:|1736192361\n|move|p1b: Urshifu|Detect|p1b: Urshifu\n|-singleturn|p1b: Urshifu|Protect\n|move|p2a: Flutter Mane|Icy Wind|p1b: Urshifu|[spread] p1a\n|-activate|p1b: Urshifu|move: Protect\n|-damage|p1a: Farigiraf|0 fnt\n|faint|p1a: Farigiraf\n|move|p2b: Terapagos|Tera Starstorm|p1b: Urshifu\n|-activate|p1b: Urshifu|move: Protect\n|\n|-end|p2b: Terapagos|move: Heal Block\n|upkeep\n|\n|t:|1736192371\n|switch|p1a: Miraidon|Miraidon, L50|100\/100\n|-fieldstart|move: Electric Terrain|[from] ability: Hadron Engine|[of] p1a: Miraidon\n|turn|7\n|\n|t:|1736192386\n|-terastallize|p2b: Terapagos|Stellar\n|detailschange|p2b: Terapagos|Terapagos-Stellar, L50, M, tera:Stellar\n|-heal|p2b: Terapagos|87\/100|[silent]\n|-ability|p2b: Terapagos|Teraform Zero\n|-fieldend|move: Electric Terrain\n|move|p2a: Flutter Mane|Icy Wind|p1a: Miraidon|[spread] p1a,p1b\n|-supereffective|p1a: Miraidon\n|-damage|p1a: Miraidon|80\/100\n|-damage|p1b: Urshifu|82\/100\n|-unboost|p1a: Miraidon|spe|1\n|-unboost|p1b: Urshifu|spe|1\n|move|p2b: Terapagos|Tera Starstorm|p1a: Miraidon|[spread] p1a,p1b\n|-damage|p1a: Miraidon|14\/100\n|-damage|p1b: Urshifu|0 fnt\n|faint|p1b: Urshifu\n|move|p1a: Miraidon|Electro Drift|p2a: Flutter Mane\n|-damage|p2a: Flutter Mane|29\/100\n|\n|-heal|p2b: Terapagos|93\/100|[from] item: Leftovers\n|upkeep\n|turn|8\n|-message|ninjaloki forfeited.\n|\n|win|soubrhue\n|raw|ninjaloki's rating: 1551 &rarr; <strong>1531<\/strong><br \/>(-20 for losing)\n|raw|soubrhue's rating: 1552 &rarr; <strong>1572<\/strong><br \/>(+20 for winning)\n|l|\u2606ninjaloki\n|player|p1|\n","uploadtime":1736192407,"views":13,"formatid":"gen9vgc2025regg","rating":1531,"private":0,"password":null}