{"id":"gen9vgc2025regg-2276385217","format":"[Gen 9] VGC 2025 Reg G","players":["lichuweijixi","removedondozo"],"log":"|j|\u2606lichuweijixi\n|j|\u2606removedondozo\n|t:|1736217335\n|gametype|doubles\n|player|p1|lichuweijixi|266|1585\n|player|p2|removedondozo|2|1595\n|teamsize|p1|6\n|teamsize|p2|6\n|gen|9\n|tier|[Gen 9] VGC 2025 Reg G\n|rated|\n|rule|Species Clause: Limit one of each Pok\u00e9mon\n|rule|Item Clause: Limit 1 of each item\n|clearpoke\n|poke|p1|Dondozo, L50, F|\n|poke|p1|Tatsugiri, L50, F|\n|poke|p1|Miraidon, L50|\n|poke|p1|Ogerpon-Hearthflame, L50, F|\n|poke|p1|Gholdengo, L50|\n|poke|p1|Chien-Pao, L50|\n|poke|p2|Zamazenta-*, L50|\n|poke|p2|Grimmsnarl, L50, M|\n|poke|p2|Raging Bolt, L50|\n|poke|p2|Skeledirge, L50, M|\n|poke|p2|Rillaboom, L50, F|\n|poke|p2|Mamoswine, L50, M|\n|teampreview|4\n|\n|t:|1736217363\n|start\n|switch|p1a: Miraidon|Miraidon, L50|100\/100\n|switch|p1b: Dondozo|Dondozo, L50, F|100\/100\n|switch|p2a: Grimmsnarl|Grimmsnarl, L50, M|100\/100\n|switch|p2b: Rillaboom|Rillaboom, L50, F|100\/100\n|-fieldstart|move: Electric Terrain|[from] ability: Hadron Engine|[of] p1a: Miraidon\n|-fieldstart|move: Grassy Terrain|[from] ability: Grassy Surge|[of] p2b: Rillaboom\n|turn|1\n|\n|t:|1736217381\n|move|p1b: Dondozo|Protect|p1b: Dondozo\n|-singleturn|p1b: Dondozo|Protect\n|move|p2a: Grimmsnarl|Light Screen|p2a: Grimmsnarl\n|-sidestart|p2: removedondozo|move: Light Screen\n|move|p1a: Miraidon|Volt Switch|p2a: Grimmsnarl\n|-damage|p2a: Grimmsnarl|78\/100\n|\n|t:|1736217388\n|switch|p1a: Ogerpon|Ogerpon-Hearthflame, L50, F|100\/100|[from] Volt Switch\n|-ability|p1a: Ogerpon|Mold Breaker\n|move|p2b: Rillaboom|Wood Hammer|p1b: Dondozo\n|-activate|p1b: Dondozo|move: Protect\n|\n|-heal|p2a: Grimmsnarl|84\/100|[from] Grassy Terrain\n|upkeep\n|turn|2\n|\n|t:|1736217414\n|switch|p2b: Skeledirge|Skeledirge, L50, M|100\/100\n|switch|p1b: Miraidon|Miraidon, L50|100\/100\n|-fieldstart|move: Electric Terrain|[from] ability: Hadron Engine|[of] p1b: Miraidon\n|move|p2a: Grimmsnarl|Taunt|p1a: Ogerpon\n|-start|p1a: Ogerpon|move: Taunt\n|move|p1a: Ogerpon|Ivy Cudgel|p2b: Skeledirge|[anim] Ivy Cudgel Fire\n|-resisted|p2b: Skeledirge\n|-damage|p2b: Skeledirge|77\/100\n|\n|upkeep\n|turn|3\n|j| stewpeed\n|\n|t:|1736217451\n|switch|p2a: Rillaboom|Rillaboom, L50, F|100\/100\n|-fieldstart|move: Grassy Terrain|[from] ability: Grassy Surge|[of] p2a: Rillaboom\n|move|p1b: Miraidon|Draco Meteor|p2b: Skeledirge\n|-damage|p2b: Skeledirge|35\/100\n|-unboost|p1b: Miraidon|spa|2\n|move|p1a: Ogerpon|Ivy Cudgel|p2b: Skeledirge|[anim] Ivy Cudgel Fire\n|-resisted|p2b: Skeledirge\n|-damage|p2b: Skeledirge|10\/100\n|move|p2b: Skeledirge|Torch Song|p1a: Ogerpon\n|-damage|p1a: Ogerpon|64\/100\n|-boost|p2b: Skeledirge|spa|1\n|-enditem|p2b: Skeledirge|Throat Spray\n|-boost|p2b: Skeledirge|spa|1|[from] item: Throat Spray\n|\n|-heal|p1a: Ogerpon|70\/100|[from] Grassy Terrain\n|-heal|p2b: Skeledirge|16\/100|[from] Grassy Terrain\n|upkeep\n|turn|4\n|j| clumsy trick\n|\n|t:|1736217490\n|-terastallize|p2a: Rillaboom|Water\n|move|p1b: Miraidon|Draco Meteor|p2b: Skeledirge\n|-damage|p2b: Skeledirge|0 fnt\n|-unboost|p1b: Miraidon|spa|2\n|faint|p2b: Skeledirge\n|move|p1a: Ogerpon|Ivy Cudgel|p2a: Rillaboom|[anim] Ivy Cudgel Fire\n|-resisted|p2a: Rillaboom\n|-damage|p2a: Rillaboom|76\/100\n|move|p2a: Rillaboom|Wood Hammer|p1b: Miraidon\n|-resisted|p1b: Miraidon\n|-damage|p1b: Miraidon|60\/100\n|-damage|p2a: Rillaboom|63\/100|[from] Recoil\n|\n|-heal|p1b: Miraidon|66\/100|[from] Grassy Terrain\n|-heal|p1a: Ogerpon|76\/100|[from] Grassy Terrain\n|-heal|p2a: Rillaboom|69\/100|[from] Grassy Terrain\n|-end|p1a: Ogerpon|move: Taunt\n|upkeep\n|inactive|Battle timer is ON: inactive players will automatically lose when time's up. (requested by lichuweijixi)\n|\n|t:|1736217528\n|switch|p2b: c mamut|Mamoswine, L50, M|100\/100\n|turn|5\n|\n|t:|1736217540\n|switch|p2a: Grimmsnarl|Grimmsnarl, L50, M|84\/100\n|move|p1b: Miraidon|Electro Drift|p2a: Grimmsnarl\n|-crit|p2a: Grimmsnarl\n|-damage|p2a: Grimmsnarl|20\/100\n|move|p1a: Ogerpon|Ivy Cudgel|p2b: c mamut|[anim] Ivy Cudgel Fire\n|-supereffective|p2b: c mamut\n|-enditem|p2b: c mamut|Focus Sash\n|-damage|p2b: c mamut|1\/100\n|move|p2b: c mamut|High Horsepower|p1a: Ogerpon\n|-damage|p1a: Ogerpon|21\/100\n|\n|-heal|p1b: Miraidon|73\/100|[from] Grassy Terrain\n|-heal|p1a: Ogerpon|27\/100|[from] Grassy Terrain\n|-heal|p2b: c mamut|7\/100|[from] Grassy Terrain\n|-heal|p2a: Grimmsnarl|26\/100|[from] Grassy Terrain\n|upkeep\n|turn|6\n|inactive|lichuweijixi has 30 seconds left.\n|inactive|removedondozo has 30 seconds left.\n|inactive|lichuweijixi has 20 seconds left.\n|inactive|removedondozo has 20 seconds left.\n|j| Lithogen\n|\n|t:|1736217580\n|move|p2b: c mamut|Ice Shard|p1b: Miraidon\n|-supereffective|p1b: Miraidon\n|-damage|p1b: Miraidon|31\/100\n|move|p1b: Miraidon|Electro Drift|p2a: Grimmsnarl\n|-damage|p2a: Grimmsnarl|15\/100\n|move|p1a: Ogerpon|Wood Hammer|p2b: c mamut\n|-supereffective|p2b: c mamut\n|-damage|p2b: c mamut|0 fnt\n|faint|p2b: c mamut\n|-damage|p1a: Ogerpon|25\/100|[from] Recoil\n|move|p2a: Grimmsnarl|Spirit Break|p1b: Miraidon\n|-supereffective|p1b: Miraidon\n|-damage|p1b: Miraidon|0 fnt\n|faint|p1b: Miraidon\n|\n|-heal|p1a: Ogerpon|31\/100|[from] Grassy Terrain\n|-heal|p2a: Grimmsnarl|21\/100|[from] Grassy Terrain\n|upkeep\n|\n|t:|1736217590\n|switch|p1b: Dondozo|Dondozo, L50, F|100\/100\n|switch|p2b: Rillaboom|Rillaboom, L50, F, tera:Water|69\/100\n|turn|7\n|\n|t:|1736217606\n|move|p1a: Ogerpon|Spiky Shield|p1a: Ogerpon\n|-singleturn|p1a: Ogerpon|move: Protect\n|move|p1b: Dondozo|Protect|p1b: Dondozo\n|-singleturn|p1b: Dondozo|Protect\n|move|p2b: Rillaboom|Fake Out|p1a: Ogerpon\n|-activate|p1a: Ogerpon|move: Protect\n|-damage|p2b: Rillaboom|57\/100|[from] Spiky Shield|[of] p1a: Ogerpon\n|move|p2a: Grimmsnarl|Spirit Break|p1a: Ogerpon\n|-activate|p1a: Ogerpon|move: Protect\n|-damage|p2a: Grimmsnarl|9\/100|[from] Spiky Shield|[of] p1a: Ogerpon\n|\n|-heal|p1a: Ogerpon|37\/100|[from] Grassy Terrain\n|-heal|p2b: Rillaboom|63\/100|[from] Grassy Terrain\n|-heal|p2a: Grimmsnarl|15\/100|[from] Grassy Terrain\n|-fieldend|move: Grassy Terrain\n|upkeep\n|turn|8\n|j| otagrmr\n|\n|t:|1736217626\n|switch|p1a: Tatsugiri|Tatsugiri, L50, F|100\/100\n|-activate|p1a: Tatsugiri|ability: Commander|[of] p1b: Dondozo\n|-boost|p1b: Dondozo|atk|2\n|-boost|p1b: Dondozo|spa|2\n|-boost|p1b: Dondozo|spe|2\n|-boost|p1b: Dondozo|def|2\n|-boost|p1b: Dondozo|spd|2\n|move|p2a: Grimmsnarl|Reflect|p2a: Grimmsnarl\n|-sidestart|p2: removedondozo|Reflect\n|move|p1b: Dondozo|Earthquake|p2b: Rillaboom|[spread] p2a,p2b\n|-miss|p1b: Dondozo|p1a: Tatsugiri\n|-damage|p2a: Grimmsnarl|0 fnt\n|-damage|p2b: Rillaboom|33\/100\n|faint|p2a: Grimmsnarl\n|move|p2b: Rillaboom|High Horsepower|p1a: Tatsugiri|[miss]\n|-miss|p2b: Rillaboom|p1a: Tatsugiri\n|\n|-sideend|p2: removedondozo|move: Light Screen\n|upkeep\n|turn|9\n|-message|removedondozo forfeited.\n|\n|win|lichuweijixi\n|raw|lichuweijixi's rating: 1585 &rarr; <strong>1606<\/strong><br \/>(+21 for winning)\n|raw|removedondozo's rating: 1609 &rarr; <strong>1588<\/strong><br \/>(-21 for losing)\n|l|\u2606removedondozo\n|player|p2|\n|l| stewpeed\n|l|\u2606lichuweijixi\n|player|p1|\n|l| otagrmr\n|l| Lithogen\n","uploadtime":1736217874,"views":27,"formatid":"gen9vgc2025regg","rating":1588,"private":0,"password":null}