{"id":"gen9vgc2025regg-2276462767","format":"[Gen 9] VGC 2025 Reg G","players":["Imnotagni","Kardeas"],"log":"|j|\u2606Imnotagni\n|j|\u2606Kardeas\n|t:|1736229273\n|gametype|doubles\n|player|p1|Imnotagni|policeman-gen4|1509\n|player|p2|Kardeas|clerkf|1553\n|teamsize|p1|6\n|teamsize|p2|6\n|gen|9\n|tier|[Gen 9] VGC 2025 Reg G\n|rated|\n|rule|Species Clause: Limit one of each Pok\u00e9mon\n|rule|Item Clause: Limit 1 of each item\n|clearpoke\n|poke|p1|Kyogre, L50|\n|poke|p1|Tornadus, L50, M|\n|poke|p1|Tsareena, L50, F|\n|poke|p1|Landorus, L50, M|\n|poke|p1|Urshifu-*, L50, M|\n|poke|p1|Ditto, L50|\n|poke|p2|Zamazenta-*, L50|\n|poke|p2|Cresselia, L50, F|\n|poke|p2|Grimmsnarl, L50, M|\n|poke|p2|Rillaboom, L50, F|\n|poke|p2|Dondozo, L50, M|\n|poke|p2|Ting-Lu, L50|\n|teampreview|4\n|inactive|Battle timer is ON: inactive players will automatically lose when time's up. (requested by Imnotagni)\n|inactive|Kardeas has 60 seconds left.\n|inactive|Kardeas has 30 seconds left.\n|\n|t:|1736229335\n|start\n|switch|p1a: Kyogre|Kyogre, L50, shiny|100\/100\n|switch|p1b: Tsareena|Tsareena, L50, F, shiny|100\/100\n|switch|p2a: Grimmsnarl|Grimmsnarl, L50, M|100\/100\n|switch|p2b: Dondozo|Dondozo, L50, M|100\/100\n|-weather|RainDance|[from] ability: Drizzle|[of] p1a: Kyogre\n|turn|1\n|j| Nanshan\n|\n|t:|1736229355\n|-terastallize|p1a: Kyogre|Water\n|-terastallize|p2b: Dondozo|Dragon\n|move|p1b: Tsareena|Helping Hand|p1a: Kyogre\n|-singleturn|p1a: Kyogre|Helping Hand|[of] p1b: Tsareena\n|move|p2a: Grimmsnarl|Light Screen|p2a: Grimmsnarl\n|-sidestart|p2: Kardeas|move: Light Screen\n|move|p1a: Kyogre|Water Spout|p2a: Grimmsnarl|[spread] p2a,p2b\n|-resisted|p2b: Dondozo\n|-damage|p2a: Grimmsnarl|0 fnt\n|-damage|p2b: Dondozo|54\/100\n|faint|p2a: Grimmsnarl\n|move|p2b: Dondozo|Yawn|p1a: Kyogre\n|-start|p1a: Kyogre|move: Yawn|[of] p2b: Dondozo\n|\n|-weather|RainDance|[upkeep]\n|-heal|p2b: Dondozo|60\/100|[from] item: Leftovers\n|upkeep\n|\n|t:|1736229369\n|switch|p2a: Zamazenta|Zamazenta-Crowned, L50|100\/100\n|-ability|p2a: Zamazenta|Dauntless Shield|boost\n|-boost|p2a: Zamazenta|def|1\n|turn|2\n|\n|t:|1736229386\n|switch|p1a: Urshifu|Urshifu-Rapid-Strike, L50, M|100\/100\n|move|p2a: Zamazenta|Iron Defense|p2a: Zamazenta\n|-boost|p2a: Zamazenta|def|2\n|move|p1b: Tsareena|Triple Axel|p2b: Dondozo\n|-supereffective|p2b: Dondozo\n|-damage|p2b: Dondozo|51\/100\n|-supereffective|p2b: Dondozo\n|-damage|p2b: Dondozo|34\/100\n|-supereffective|p2b: Dondozo\n|-damage|p2b: Dondozo|8\/100\n|-hitcount|p2b: Dondozo|3\n|move|p2b: Dondozo|Yawn|p1a: Urshifu\n|-start|p1a: Urshifu|move: Yawn|[of] p2b: Dondozo\n|\n|-weather|RainDance|[upkeep]\n|-heal|p2b: Dondozo|15\/100|[from] item: Leftovers\n|upkeep\n|turn|3\n|inactive|Imnotagni has 30 seconds left.\n|\n|t:|1736229420\n|switch|p2b: Cresselia|Cresselia, L50, F, shiny|100\/100\n|move|p2a: Zamazenta|Body Press|p1b: Tsareena\n|-damage|p1b: Tsareena|0 fnt\n|faint|p1b: Tsareena\n|move|p1a: Urshifu|U-turn|p2b: Cresselia\n|-supereffective|p2b: Cresselia\n|-damage|p2b: Cresselia|62\/100\n|\n|t:|1736229427\n|switch|p1a: Kyogre|Kyogre, L50, shiny, tera:Water|100\/100|[from] U-turn\n|\n|-weather|RainDance|[upkeep]\n|upkeep\n|\n|t:|1736229431\n|switch|p1b: Ditto|Ditto, L50|100\/100\n|-transform|p1b: Ditto|p2a: Zamazenta|[from] ability: Imposter\n|-ability|p1b: Ditto|Dauntless Shield|boost\n|-boost|p1b: Ditto|def|1\n|turn|4\n|inactive|Imnotagni has 30 seconds left.\n|inactive|Imnotagni has 20 seconds left.\n|\n|t:|1736229467\n|move|p1a: Kyogre|Water Spout|p2b: Cresselia|[spread] p2a,p2b\n|-damage|p2a: Zamazenta|48\/100\n|-damage|p2b: Cresselia|7\/100\n|move|p1b: Ditto|Body Press|p2a: Zamazenta\n|-supereffective|p2a: Zamazenta\n|-damage|p2a: Zamazenta|0 fnt\n|faint|p2a: Zamazenta\n|move|p2b: Cresselia|Lunar Blessing|p2b: Cresselia\n|-heal|p2b: Cresselia|32\/100\n|\n|-weather|RainDance|[upkeep]\n|upkeep\n|\n|t:|1736229476\n|switch|p2a: Dondozo|Dondozo, L50, M, tera:Dragon|15\/100\n|turn|5\n|-message|Kardeas forfeited.\n|\n|win|Imnotagni\n|raw|Imnotagni's rating: 1509 &rarr; <strong>1532<\/strong><br \/>(+23 for winning)\n|raw|Kardeas's rating: 1553 &rarr; <strong>1530<\/strong><br \/>(-23 for losing)\n|l|\u2606Kardeas\n|player|p2|\n|l|\u2606Imnotagni\n|player|p1|\n|l| Nanshan\n","uploadtime":1736229635,"views":260,"formatid":"gen9vgc2025regg","rating":1530,"private":0,"password":null}