{"id":"gen9vgc2025regg-2276850115","format":"[Gen 9] VGC 2025 Reg G","players":["cy1015","Indigo Crisp"],"log":"|j|\u2606cy1015\n|j|\u2606Indigo Crisp\n|t:|1736283877\n|gametype|doubles\n|player|p1|cy1015|102|1607\n|player|p2|Indigo Crisp|maid|1566\n|teamsize|p1|6\n|teamsize|p2|6\n|gen|9\n|tier|[Gen 9] VGC 2025 Reg G\n|rated|\n|rule|Species Clause: Limit one of each Pok\u00e9mon\n|rule|Item Clause: Limit 1 of each item\n|clearpoke\n|poke|p1|Pelipper, L50, M|\n|poke|p1|Raging Bolt, L50|\n|poke|p1|Urshifu-*, L50, M|\n|poke|p1|Amoonguss, L50, F|\n|poke|p1|Calyrex-Ice, L50|\n|poke|p1|Volcarona, L50, F|\n|poke|p2|Zamazenta-*, L50|\n|poke|p2|Flutter Mane, L50|\n|poke|p2|Chien-Pao, L50|\n|poke|p2|Urshifu-*, L50, F|\n|poke|p2|Entei, L50|\n|poke|p2|Amoonguss, L50, F|\n|teampreview|4\n|j| Therazer456\n|\n|t:|1736283934\n|start\n|switch|p1a: Volcarona|Volcarona, L50, F, shiny|100\/100\n|switch|p1b: Urshifu|Urshifu-Rapid-Strike, L50, M|100\/100\n|switch|p2a: Urshifu|Urshifu-Rapid-Strike, L50, F|100\/100\n|switch|p2b: Chien-Pao|Chien-Pao, L50|100\/100\n|-ability|p2b: Chien-Pao|Sword of Ruin\n|turn|1\n|\n|t:|1736283985\n|switch|p2b: Zamazenta|Zamazenta-Crowned, L50|100\/100\n|-ability|p2b: Zamazenta|Dauntless Shield|boost\n|-boost|p2b: Zamazenta|def|1\n|switch|p1a: Amoonguss|Amoonguss, L50, F, shiny|100\/100\n|move|p1b: Urshifu|Surging Strikes|p2b: Zamazenta\n|-crit|p2b: Zamazenta\n|-damage|p2b: Zamazenta|88\/100\n|-crit|p2b: Zamazenta\n|-damage|p2b: Zamazenta|73\/100\n|-crit|p2b: Zamazenta\n|-damage|p2b: Zamazenta|59\/100\n|-hitcount|p2b: Zamazenta|3\n|move|p2a: Urshifu|Taunt|p1a: Amoonguss\n|-start|p1a: Amoonguss|move: Taunt\n|\n|upkeep\n|turn|2\n|\n|t:|1736284013\n|switch|p1a: Volcarona|Volcarona, L50, F, shiny|100\/100\n|-terastallize|p2a: Urshifu|Water\n|move|p1b: Urshifu|Surging Strikes|p2b: Zamazenta\n|-crit|p2b: Zamazenta\n|-damage|p2b: Zamazenta|46\/100\n|-crit|p2b: Zamazenta\n|-damage|p2b: Zamazenta|33\/100\n|-crit|p2b: Zamazenta\n|-damage|p2b: Zamazenta|20\/100\n|-hitcount|p2b: Zamazenta|3\n|move|p2b: Zamazenta|Body Press|p1b: Urshifu\n|-damage|p1b: Urshifu|34\/100\n|move|p2a: Urshifu|Surging Strikes|p1b: Urshifu\n|-resisted|p1b: Urshifu\n|-crit|p1b: Urshifu\n|-damage|p1b: Urshifu|20\/100\n|-resisted|p1b: Urshifu\n|-crit|p1b: Urshifu\n|-damage|p1b: Urshifu|7\/100\n|-resisted|p1b: Urshifu\n|-crit|p1b: Urshifu\n|-damage|p1b: Urshifu|0 fnt\n|faint|p1b: Urshifu\n|-hitcount|p1: Urshifu|3\n|\n|upkeep\n|\n|t:|1736284039\n|switch|p1b: Calyrex|Calyrex-Ice, L50|100\/100\n|-ability|p1b: Calyrex|As One\n|-ability|p1b: Calyrex|Unnerve\n|turn|3\n|\n|t:|1736284055\n|switch|p2b: Chien-Pao|Chien-Pao, L50|100\/100\n|-ability|p2b: Chien-Pao|Sword of Ruin\n|switch|p1b: Amoonguss|Amoonguss, L50, F, shiny|100\/100\n|move|p2a: Urshifu|Surging Strikes|p1b: Amoonguss\n|-resisted|p1b: Amoonguss\n|-crit|p1b: Amoonguss\n|-damage|p1b: Amoonguss|87\/100\n|-damage|p2a: Urshifu|84\/100|[from] item: Rocky Helmet|[of] p1b: Amoonguss\n|-resisted|p1b: Amoonguss\n|-crit|p1b: Amoonguss\n|-damage|p1b: Amoonguss|74\/100\n|-damage|p2a: Urshifu|68\/100|[from] item: Rocky Helmet|[of] p1b: Amoonguss\n|-resisted|p1b: Amoonguss\n|-crit|p1b: Amoonguss\n|-damage|p1b: Amoonguss|61\/100\n|-damage|p2a: Urshifu|51\/100|[from] item: Rocky Helmet|[of] p1b: Amoonguss\n|-hitcount|p1b: Amoonguss|3\n|move|p1a: Volcarona|Will-O-Wisp|p2b: Chien-Pao\n|-status|p2b: Chien-Pao|brn\n|\n|-damage|p2b: Chien-Pao|95\/100 brn|[from] brn\n|upkeep\n|turn|4\n|\n|t:|1736284112\n|switch|p1b: Calyrex|Calyrex-Ice, L50|100\/100\n|-ability|p1b: Calyrex|As One\n|-ability|p1b: Calyrex|Unnerve\n|move|p2b: Chien-Pao|Crunch|p1a: Volcarona\n|-damage|p1a: Volcarona|74\/100\n|move|p2a: Urshifu|Taunt|p1a: Volcarona\n|-start|p1a: Volcarona|move: Taunt\n|-enditem|p1a: Volcarona|Mental Herb\n|-end|p1a: Volcarona|move: Taunt\n|move|p1a: Volcarona|Struggle Bug|p2b: Chien-Pao|[spread] p2a,p2b\n|-supereffective|p2b: Chien-Pao\n|-damage|p2a: Urshifu|31\/100\n|-damage|p2b: Chien-Pao|43\/100 brn\n|-unboost|p2a: Urshifu|spa|1\n|-unboost|p2b: Chien-Pao|spa|1\n|\n|-damage|p2b: Chien-Pao|37\/100 brn|[from] brn\n|upkeep\n|turn|5\n|\n|t:|1736284149\n|switch|p1a: Amoonguss|Amoonguss, L50, F, shiny|95\/100\n|-terastallize|p1b: Calyrex|Water\n|move|p2b: Chien-Pao|Ice Spinner|p1a: Amoonguss\n|-supereffective|p1a: Amoonguss\n|-damage|p1a: Amoonguss|54\/100\n|-damage|p2b: Chien-Pao|21\/100 brn|[from] item: Rocky Helmet|[of] p1a: Amoonguss\n|move|p2a: Urshifu|Surging Strikes|p1a: Amoonguss\n|-resisted|p1a: Amoonguss\n|-crit|p1a: Amoonguss\n|-damage|p1a: Amoonguss|40\/100\n|-damage|p2a: Urshifu|14\/100|[from] item: Rocky Helmet|[of] p1a: Amoonguss\n|-resisted|p1a: Amoonguss\n|-crit|p1a: Amoonguss\n|-damage|p1a: Amoonguss|28\/100\n|-damage|p2a: Urshifu|0 fnt|[from] item: Rocky Helmet|[of] p1a: Amoonguss\n|faint|p2a: Urshifu\n|-hitcount|p1a: Amoonguss|2\n|move|p1b: Calyrex|Glacial Lance|p2b: Chien-Pao\n|-resisted|p2b: Chien-Pao\n|-damage|p2b: Chien-Pao|0 fnt\n|faint|p2b: Chien-Pao\n|-ability|p1b: Calyrex|Chilling Neigh|boost\n|-boost|p1b: Calyrex|atk|1\n|\n|upkeep\n|\n|t:|1736284153\n|switch|p2b: Zamazenta|Zamazenta-Crowned, L50|20\/100\n|switch|p2a: Amoonguss|Amoonguss, L50, F|100\/100\n|turn|6\n|j| Emerald_Strike\n|c|\u2606Indigo Crisp|therazer this is the second time today I have thoroughly embarrassed myself infront of you\n|inactive|Battle timer is ON: inactive players will automatically lose when time's up. (requested by Indigo Crisp)\n|\n|t:|1736284187\n|switch|p1a: Volcarona|Volcarona, L50, F, shiny|74\/100\n|move|p1b: Calyrex|Protect|p1b: Calyrex\n|-singleturn|p1b: Calyrex|Protect\n|move|p2b: Zamazenta|Wide Guard|p2b: Zamazenta\n|-singleturn|p2b: Zamazenta|Wide Guard\n|move|p2a: Amoonguss|Spore|p1b: Calyrex\n|-activate|p1b: Calyrex|move: Protect\n|\n|upkeep\n|turn|7\n|inactive|Indigo Crisp has 30 seconds left.\n|\n|t:|1736284226\n|move|p2b: Zamazenta|Heavy Slam|p1b: Calyrex\n|-resisted|p1b: Calyrex\n|-damage|p1b: Calyrex|96\/100\n|move|p1a: Volcarona|Will-O-Wisp|p2a: Amoonguss|[miss]\n|-miss|p1a: Volcarona|p2a: Amoonguss\n|move|p1b: Calyrex|High Horsepower|p2b: Zamazenta\n|-supereffective|p2b: Zamazenta\n|-damage|p2b: Zamazenta|0 fnt\n|faint|p2b: Zamazenta\n|-ability|p1b: Calyrex|Chilling Neigh|boost\n|-boost|p1b: Calyrex|atk|1\n|move|p2a: Amoonguss|Spore|p1a: Volcarona\n|-status|p1a: Volcarona|slp|[from] move: Spore\n|\n|upkeep\n|turn|8\n|-message|Indigo Crisp forfeited.\n|\n|win|cy1015\n|raw|cy1015's rating: 1577 &rarr; <strong>1596<\/strong><br \/>(+19 for winning)\n|raw|Indigo Crisp's rating: 1566 &rarr; <strong>1547<\/strong><br \/>(-19 for losing)\n|l|\u2606Indigo Crisp\n|player|p2|\n|l| Emerald_Strike\n","uploadtime":1736284474,"views":264,"formatid":"gen9vgc2025regg","rating":1547,"private":0,"password":null}