{"id":"gen9vgc2025regg-2276880007","format":"[Gen 9] VGC 2025 Reg G","players":["RustyChair13","bgc0"],"log":"|j|\u2606RustyChair13\n|j|\u2606bgc0\n|t:|1736287232\n|gametype|doubles\n|player|p1|RustyChair13|scientist-gen4|1576\n|player|p2|bgc0|steven|1570\n|teamsize|p1|6\n|teamsize|p2|6\n|gen|9\n|tier|[Gen 9] VGC 2025 Reg G\n|rated|\n|rule|Species Clause: Limit one of each Pok\u00e9mon\n|rule|Item Clause: Limit 1 of each item\n|clearpoke\n|poke|p1|Zamazenta-*, L50|\n|poke|p1|Urshifu-*, L50, M|\n|poke|p1|Regidrago, L50|\n|poke|p1|Ditto, L50|\n|poke|p1|Iron Moth, L50|\n|poke|p1|Whimsicott, L50, M|\n|poke|p2|Volcarona, L50, M|\n|poke|p2|Eternatus, L50|\n|poke|p2|Iron Bundle, L50|\n|poke|p2|Farigiraf, L50, M|\n|poke|p2|Urshifu-*, L50, M|\n|poke|p2|Ursaluna, L50, M|\n|teampreview|4\n|inactive|Battle timer is ON: inactive players will automatically lose when time's up. (requested by RustyChair13)\n|\n|t:|1736287258\n|start\n|switch|p1a: Whimsicott|Whimsicott, L50, M|100\/100\n|switch|p1b: Iron Moth|Iron Moth, L50|100\/100\n|switch|p2a: Farigiraf|Farigiraf, L50, M|100\/100\n|switch|p2b: Urshifu|Urshifu, L50, M|100\/100\n|-enditem|p1b: Iron Moth|Booster Energy\n|-activate|p1b: Iron Moth|ability: Quark Drive|[fromitem]\n|-start|p1b: Iron Moth|quarkdrivespe\n|turn|1\n|\n|t:|1736287270\n|move|p1b: Iron Moth|Heat Wave|p2b: Urshifu|[spread] p2b\n|-miss|p1b: Iron Moth|p2a: Farigiraf\n|-damage|p2b: Urshifu|42\/100\n|-status|p2b: Urshifu|brn\n|move|p1a: Whimsicott|Moonblast|p2b: Urshifu\n|-supereffective|p2b: Urshifu\n|-damage|p2b: Urshifu|0 fnt\n|faint|p2b: Urshifu\n|move|p2a: Farigiraf|Trick Room|p2a: Farigiraf\n|-fieldstart|move: Trick Room|[of] p2a: Farigiraf\n|\n|upkeep\n|j| everyhitacrit\n|\n|t:|1736287278\n|switch|p2b: Ursaluna|Ursaluna, L50, M|100\/100\n|turn|2\n|\n|t:|1736287288\n|move|p2b: Ursaluna|Rock Slide|p1a: Whimsicott|[spread] p1a,p1b\n|-supereffective|p1b: Iron Moth\n|-damage|p1a: Whimsicott|72\/100\n|-damage|p1b: Iron Moth|38\/100\n|move|p2a: Farigiraf|Psychic Noise|p1b: Iron Moth\n|-supereffective|p1b: Iron Moth\n|-damage|p1b: Iron Moth|0 fnt\n|faint|p1b: Iron Moth\n|-end|p1b: Iron Moth|Quark Drive|[silent]\n|move|p1a: Whimsicott|Moonblast|p2a: Farigiraf\n|-damage|p2a: Farigiraf|75\/100\n|\n|-status|p2b: Ursaluna|brn|[from] item: Flame Orb\n|upkeep\n|\n|t:|1736287301\n|switch|p1b: Urshifu|Urshifu-Rapid-Strike, L50, M|100\/100\n|turn|3\n|j| Emerald_Strike\n|\n|t:|1736287315\n|move|p1b: Urshifu|Detect|p1b: Urshifu\n|-singleturn|p1b: Urshifu|Protect\n|move|p2b: Ursaluna|Facade|p1b: Urshifu\n|-activate|p1b: Urshifu|move: Protect\n|move|p2a: Farigiraf|Psychic Noise|p1b: Urshifu\n|-activate|p1b: Urshifu|move: Protect\n|move|p1a: Whimsicott|Moonblast|p2a: Farigiraf\n|-damage|p2a: Farigiraf|51\/100\n|-unboost|p2a: Farigiraf|spa|1\n|\n|-damage|p2b: Ursaluna|95\/100 brn|[from] brn\n|upkeep\n|turn|4\n|inactive|bgc0 has 30 seconds left.\n|\n|t:|1736287346\n|move|p1b: Urshifu|Detect|p1b: Urshifu\n|-singleturn|p1b: Urshifu|Protect\n|move|p2b: Ursaluna|Headlong Rush|p1b: Urshifu\n|-activate|p1b: Urshifu|move: Protect\n|move|p2a: Farigiraf|Psychic Noise|p1b: Urshifu\n|-activate|p1b: Urshifu|move: Protect\n|move|p1a: Whimsicott|Moonblast|p2a: Farigiraf\n|-damage|p2a: Farigiraf|26\/100\n|-unboost|p2a: Farigiraf|spa|1\n|\n|-damage|p2b: Ursaluna|89\/100 brn|[from] brn\n|upkeep\n|turn|5\n|\n|t:|1736287361\n|move|p1b: Urshifu|Detect||[still]\n|-fail|p1b: Urshifu\n|move|p2b: Ursaluna|Facade|p1b: Urshifu\n|-damage|p1b: Urshifu|0 fnt\n|faint|p1b: Urshifu\n|move|p2a: Farigiraf|Psychic Noise|p1a: Whimsicott\n|-damage|p1a: Whimsicott|55\/100\n|move|p1a: Whimsicott|Moonblast|p2a: Farigiraf\n|-damage|p2a: Farigiraf|2\/100\n|-unboost|p2a: Farigiraf|spa|1\n|\n|-damage|p2b: Ursaluna|83\/100 brn|[from] brn\n|-fieldend|move: Trick Room\n|upkeep\n|\n|t:|1736287374\n|switch|p1b: Regidrago|Regidrago, L50, shiny|100\/100\n|turn|6\n|c|\u2606bgc0|Oh cool\n|c|\u2606RustyChair13|?\n|\n|t:|1736287387\n|-terastallize|p2b: Ursaluna|Fairy\n|move|p1a: Whimsicott|Moonblast|p2a: Farigiraf\n|-damage|p2a: Farigiraf|0 fnt\n|faint|p2a: Farigiraf\n|move|p1b: Regidrago|Dragon Energy|p2b: Ursaluna\n|-immune|p2b: Ursaluna\n|move|p2b: Ursaluna|Facade|p1b: Regidrago\n|-crit|p1b: Regidrago\n|-damage|p1b: Regidrago|0 fnt\n|faint|p1b: Regidrago\n|\n|-damage|p2b: Ursaluna|77\/100 brn|[from] brn\n|upkeep\n|c|\u2606RustyChair13|oh\n|\n|t:|1736287391\n|switch|p2a: Eternatus|Eternatus, L50|100\/100\n|-ability|p2a: Eternatus|Pressure\n|turn|7\n|c|\u2606RustyChair13|gg\n|c|\u2606bgc0|Gg\n|-message|RustyChair13 forfeited.\n|\n|win|bgc0\n|raw|RustyChair13's rating: 1576 &rarr; <strong>1556<\/strong><br \/>(-20 for losing)\n|raw|bgc0's rating: 1570 &rarr; <strong>1590<\/strong><br \/>(+20 for winning)\n|l|\u2606RustyChair13\n|player|p1|\n|c|\u2606bgc0|tera fairy is good bc of Morison\n|l|\u2606bgc0\n|player|p2|\n","uploadtime":1736287411,"views":288,"formatid":"gen9vgc2025regg","rating":1556,"private":0,"password":null}