{"id":"gen9vgc2025regg-2276793074","format":"[Gen 9] VGC 2025 Reg G","players":["hockypoco","Diestoise"],"log":"|j|\u2606hockypoco\n|j|\u2606Diestoise\n|t:|1736277750\n|gametype|doubles\n|player|p1|hockypoco|pokefanf-gen4|1561\n|player|p2|Diestoise|blue|1562\n|teamsize|p1|6\n|teamsize|p2|6\n|gen|9\n|tier|[Gen 9] VGC 2025 Reg G\n|rated|\n|rule|Species Clause: Limit one of each Pok\u00e9mon\n|rule|Item Clause: Limit 1 of each item\n|clearpoke\n|poke|p1|Calyrex-Shadow, L50|\n|poke|p1|Weezing-Galar, L50, F|\n|poke|p1|Dondozo, L50, M|\n|poke|p1|Tatsugiri-Droopy, L50, F|\n|poke|p1|Indeedee-F, L50, F|\n|poke|p1|Urshifu-*, L50, M|\n|poke|p2|Koraidon, L50|\n|poke|p2|Raging Bolt, L50|\n|poke|p2|Entei, L50|\n|poke|p2|Flutter Mane, L50|\n|poke|p2|Venusaur, L50, M|\n|poke|p2|Ditto, L50|\n|teampreview|4\n|inactive|Battle timer is ON: inactive players will automatically lose when time's up. (requested by hockypoco)\n|j| Claarity\n|inactive|Diestoise has 60 seconds left.\n|\n|t:|1736277796\n|start\n|switch|p1a: Calyrex|Calyrex-Shadow, L50|100\/100\n|switch|p1b: Weezing|Weezing-Galar, L50, F|100\/100\n|switch|p2a: Entei|Entei, L50|100\/100\n|switch|p2b: Flutter Mane|Flutter Mane, L50, shiny|100\/100\n|-ability|p1a: Calyrex|As One\n|-ability|p1a: Calyrex|Unnerve\n|-ability|p1b: Weezing|Neutralizing Gas\n|turn|1\n|\n|t:|1736277812\n|move|p1a: Calyrex|Protect|p1a: Calyrex\n|-singleturn|p1a: Calyrex|Protect\n|move|p2b: Flutter Mane|Protect|p2b: Flutter Mane\n|-singleturn|p2b: Flutter Mane|Protect\n|move|p2a: Entei|Crunch|p1a: Calyrex\n|-activate|p1a: Calyrex|move: Protect\n|move|p1b: Weezing|Poison Gas|p2a: Entei|[spread] p2a\n|-activate|p2b: Flutter Mane|move: Protect\n|-status|p2a: Entei|psn\n|\n|-damage|p2a: Entei|88\/100 psn|[from] psn\n|upkeep\n|turn|2\n|\n|t:|1736277824\n|move|p1a: Calyrex|Astral Barrage|p2a: Entei|[spread] p2a,p2b\n|-supereffective|p2b: Flutter Mane\n|-damage|p2a: Entei|39\/100 psn\n|-enditem|p2b: Flutter Mane|Focus Sash\n|-damage|p2b: Flutter Mane|1\/100\n|-damage|p1a: Calyrex|91\/100|[from] item: Life Orb\n|move|p2b: Flutter Mane|Moonblast|p1a: Calyrex\n|-damage|p1a: Calyrex|44\/100\n|-unboost|p1a: Calyrex|spa|1\n|move|p2a: Entei|Sacred Fire|p1a: Calyrex\n|-damage|p1a: Calyrex|0 fnt\n|faint|p1a: Calyrex\n|move|p1b: Weezing|Toxic Spikes|p2b: Flutter Mane\n|-sidestart|p2: Diestoise|move: Toxic Spikes\n|\n|-damage|p2a: Entei|27\/100 psn|[from] psn\n|upkeep\n|\n|t:|1736277837\n|switch|p1a: Dondozo|Dondozo, L50, M|100\/100\n|turn|3\n|\n|t:|1736277845\n|switch|p2a: Venusaur|Venusaur, L50, M, shiny|100\/100\n|-sideend|p2: Diestoise|move: Toxic Spikes|[of] p2a: Venusaur\n|move|p1a: Dondozo|Protect|p1a: Dondozo\n|-singleturn|p1a: Dondozo|Protect\n|move|p2b: Flutter Mane|Icy Wind|p1a: Dondozo|[spread] p1b\n|-activate|p1a: Dondozo|move: Protect\n|-damage|p1b: Weezing|85\/100\n|-unboost|p1b: Weezing|spe|1\n|move|p1b: Weezing|Dazzling Gleam|p2a: Venusaur|[spread] p2a,p2b\n|-resisted|p2a: Venusaur\n|-damage|p2a: Venusaur|92\/100\n|-damage|p2b: Flutter Mane|0 fnt\n|faint|p2b: Flutter Mane\n|-end|p2b: Flutter Mane|Protosynthesis|[silent]\n|\n|upkeep\n|inactive|Diestoise has 30 seconds left.\n|inactive|Diestoise has 20 seconds left.\n|\n|t:|1736277884\n|switch|p2b: Koraidon|Koraidon, L50|100\/100\n|turn|4\n|inactive|hockypoco has 30 seconds left.\n|\n|t:|1736277913\n|-end|p1b: Weezing|ability: Neutralizing Gas\n|-weather|SunnyDay|[from] ability: Orichalcum Pulse|[of] p2b: Koraidon\n|-activate|p2b: Koraidon|Orichalcum Pulse|[source]\n|switch|p1b: Tatsugiri|Tatsugiri-Droopy, L50, F|100\/100\n|-activate|p1b: Tatsugiri|ability: Commander|[of] p1a: Dondozo\n|-boost|p1a: Dondozo|atk|2\n|-boost|p1a: Dondozo|spa|2\n|-boost|p1a: Dondozo|spe|2\n|-boost|p1a: Dondozo|def|2\n|-boost|p1a: Dondozo|spd|2\n|move|p2b: Koraidon|Protect|p2b: Koraidon\n|-singleturn|p2b: Koraidon|Protect\n|move|p2a: Venusaur|Sleep Powder|p1a: Dondozo\n|-status|p1a: Dondozo|slp|[from] move: Sleep Powder\n|cant|p1a: Dondozo|slp\n|\n|-weather|SunnyDay|[upkeep]\n|upkeep\n|turn|5\n|\n|t:|1736277933\n|move|p2a: Venusaur|Leaf Storm|p1a: Dondozo\n|-supereffective|p1a: Dondozo\n|-damage|p1a: Dondozo|61\/100 slp\n|-unboost|p2a: Venusaur|spa|2\n|move|p2b: Koraidon|Collision Course|p1a: Dondozo\n|-damage|p1a: Dondozo|42\/100 slp\n|cant|p1a: Dondozo|slp\n|\n|-weather|SunnyDay|[upkeep]\n|-heal|p1a: Dondozo|48\/100 slp|[from] item: Leftovers\n|upkeep\n|turn|6\n|\n|t:|1736277948\n|move|p2a: Venusaur|Leaf Storm|p1a: Dondozo\n|-supereffective|p1a: Dondozo\n|-damage|p1a: Dondozo|8\/100 slp\n|-unboost|p2a: Venusaur|spa|2\n|move|p2b: Koraidon|Collision Course|p1a: Dondozo\n|-damage|p1a: Dondozo|0 fnt\n|faint|p1a: Dondozo\n|\n|-weather|SunnyDay|[upkeep]\n|upkeep\n|\n|t:|1736277952\n|switch|p1a: Weezing|Weezing-Galar, L50, F|85\/100\n|-ability|p1a: Weezing|Neutralizing Gas\n|turn|7\n|inactive|hockypoco has 30 seconds left.\n|\n|t:|1736277981\n|switch|p2a: Entei|Entei, L50|27\/100 psn\n|-terastallize|p2b: Koraidon|Fire\n|-terastallize|p1b: Tatsugiri|Stellar\n|move|p2b: Koraidon|Flare Blitz|p1a: Weezing\n|-damage|p1a: Weezing|10\/100\n|-damage|p2b: Koraidon|76\/100|[from] Recoil\n|move|p1b: Tatsugiri|Draco Meteor|p2a: Entei\n|-damage|p2a: Entei|0 fnt\n|-unboost|p1b: Tatsugiri|spa|2\n|faint|p2a: Entei\n|move|p1a: Weezing|Dazzling Gleam|p2b: Koraidon\n|-resisted|p2b: Koraidon\n|-damage|p2b: Koraidon|62\/100\n|\n|-weather|SunnyDay|[upkeep]\n|upkeep\n|\n|t:|1736278001\n|switch|p2a: Venusaur|Venusaur, L50, M, shiny|92\/100\n|turn|8\n|\n|t:|1736278011\n|move|p1b: Tatsugiri|Protect|p1b: Tatsugiri\n|-singleturn|p1b: Tatsugiri|Protect\n|move|p1a: Weezing|Protect|p1a: Weezing\n|-singleturn|p1a: Weezing|Protect\n|move|p2b: Koraidon|Collision Course|p1b: Tatsugiri\n|-activate|p1b: Tatsugiri|move: Protect\n|move|p2a: Venusaur|Sludge Bomb|p1a: Weezing\n|-activate|p1a: Weezing|move: Protect\n|\n|-weather|none\n|upkeep\n|turn|9\n|\n|t:|1736278031\n|move|p2b: Koraidon|Protect|p2b: Koraidon\n|-singleturn|p2b: Koraidon|Protect\n|move|p1b: Tatsugiri|Muddy Water|p2b: Koraidon|[spread] p2a\n|-activate|p2b: Koraidon|move: Protect\n|-resisted|p2a: Venusaur\n|-damage|p2a: Venusaur|83\/100\n|move|p2a: Venusaur|Sludge Bomb|p1a: Weezing\n|-damage|p1a: Weezing|0 fnt\n|faint|p1a: Weezing\n|-end|p1a: Weezing|ability: Neutralizing Gas\n|-weather|SunnyDay|[from] ability: Orichalcum Pulse|[of] p2b: Koraidon\n|-activate|p2b: Koraidon|Orichalcum Pulse|[source]\n|\n|-weather|SunnyDay|[upkeep]\n|upkeep\n|turn|10\n|\n|t:|1736278049\n|move|p2a: Venusaur|Sludge Bomb|p1b: Tatsugiri\n|-damage|p1b: Tatsugiri|60\/100\n|-status|p1b: Tatsugiri|psn\n|move|p2b: Koraidon|Collision Course|p1b: Tatsugiri\n|-damage|p1b: Tatsugiri|0 fnt\n|faint|p1b: Tatsugiri\n|\n|win|Diestoise\n|raw|hockypoco's rating: 1561 &rarr; <strong>1541<\/strong><br \/>(-20 for losing)\n|raw|Diestoise's rating: 1562 &rarr; <strong>1582<\/strong><br \/>(+20 for winning)\n|l|\u2606hockypoco\n|player|p1|\n|l| Claarity\n|l|\u2606Diestoise\n|player|p2|\n","uploadtime":1736278292,"views":181,"formatid":"gen9vgc2025regg","rating":1541,"private":0,"password":null}