{"id":"gen9vgc2025regg-2276776759","format":"[Gen 9] VGC 2025 Reg G","players":["Playeroo7","Slackermaru"],"log":"|j|\u2606Playeroo7\n|j|\u2606Slackermaru\n|t:|1736276028\n|gametype|doubles\n|player|p1|Playeroo7|265|1557\n|player|p2|Slackermaru|workerice|1519\n|teamsize|p1|6\n|teamsize|p2|6\n|gen|9\n|tier|[Gen 9] VGC 2025 Reg G\n|rated|\n|rule|Species Clause: Limit one of each Pok\u00e9mon\n|rule|Item Clause: Limit 1 of each item\n|clearpoke\n|poke|p1|Kyogre, L50|\n|poke|p1|Dragonite, L50, M|\n|poke|p1|Chien-Pao, L50|\n|poke|p1|Archaludon, L50, F|\n|poke|p1|Tornadus, L50, M|\n|poke|p1|Amoonguss, L50, M|\n|poke|p2|Weezing-Galar, L50, M|\n|poke|p2|Dondozo, L50, M|\n|poke|p2|Calyrex-Shadow, L50|\n|poke|p2|Tatsugiri-Droopy, L50, F|\n|poke|p2|Ogerpon-Cornerstone, L50, F|\n|poke|p2|Roaring Moon, L50|\n|teampreview|4\n|inactive|Battle timer is ON: inactive players will automatically lose when time's up. (requested by Playeroo7)\n|\n|t:|1736276050\n|start\n|switch|p1a: Dragonite|Dragonite, L50, M|100\/100\n|switch|p1b: Chien-Pao|Chien-Pao, L50|100\/100\n|switch|p2a: Weezing|Weezing-Galar, L50, M|100\/100\n|switch|p2b: Calyrex|Calyrex-Shadow, L50|100\/100\n|-ability|p2b: Calyrex|As One\n|-ability|p2b: Calyrex|Unnerve\n|-ability|p2a: Weezing|Neutralizing Gas\n|turn|1\n|j| Claarity\n|\n|t:|1736276072\n|-terastallize|p2b: Calyrex|Normal\n|-terastallize|p1a: Dragonite|Normal\n|move|p1a: Dragonite|Extreme Speed|p2b: Calyrex\n|-damage|p2b: Calyrex|13\/100\n|move|p1b: Chien-Pao|Sucker Punch|p2b: Calyrex\n|-damage|p2b: Calyrex|0 fnt\n|faint|p2b: Calyrex\n|move|p2a: Weezing|Dazzling Gleam|p1a: Dragonite|[spread] p1a,p1b\n|-supereffective|p1b: Chien-Pao\n|-damage|p1a: Dragonite|84\/100\n|-damage|p1b: Chien-Pao|45\/100\n|\n|upkeep\n|\n|t:|1736276084\n|switch|p2b: Ogerpon|Ogerpon-Cornerstone, L50, F|100\/100\n|turn|2\n|\n|t:|1736276094\n|move|p2b: Ogerpon|Spiky Shield|p2b: Ogerpon\n|-singleturn|p2b: Ogerpon|move: Protect\n|move|p1a: Dragonite|Extreme Speed|p2a: Weezing\n|-damage|p2a: Weezing|39\/100\n|move|p1b: Chien-Pao|Ice Spinner|p2a: Weezing\n|-damage|p2a: Weezing|7\/100\n|move|p2a: Weezing|Dazzling Gleam|p1a: Dragonite|[spread] p1a,p1b\n|-supereffective|p1b: Chien-Pao\n|-damage|p1a: Dragonite|66\/100\n|-damage|p1b: Chien-Pao|0 fnt\n|faint|p1b: Chien-Pao\n|\n|upkeep\n|\n|t:|1736276106\n|switch|p1b: Amoonguss|Amoonguss, L50, M|100\/100\n|turn|3\n|\n|t:|1736276123\n|move|p2a: Weezing|Protect|p2a: Weezing\n|-singleturn|p2a: Weezing|Protect\n|move|p1a: Dragonite|Extreme Speed|p2a: Weezing\n|-activate|p2a: Weezing|move: Protect\n|move|p2b: Ogerpon|Power Whip|p1a: Dragonite\n|-damage|p1a: Dragonite|0 fnt\n|faint|p1a: Dragonite\n|move|p1b: Amoonguss|Pollen Puff|p1: Dragonite|[notarget]\n|-fail|p1b: Amoonguss\n|\n|upkeep\n|\n|t:|1736276124\n|switch|p1a: Kyogre|Kyogre, L50|100\/100\n|turn|4\n|\n|t:|1736276142\n|move|p1a: Kyogre|Protect|p1a: Kyogre\n|-singleturn|p1a: Kyogre|Protect\n|move|p2b: Ogerpon|Power Whip|p1a: Kyogre\n|-activate|p1a: Kyogre|move: Protect\n|move|p2a: Weezing|Dazzling Gleam|p1a: Kyogre|[spread] p1b\n|-activate|p1a: Kyogre|move: Protect\n|-resisted|p1b: Amoonguss\n|-damage|p1b: Amoonguss|92\/100\n|move|p1b: Amoonguss|Pollen Puff|p2b: Ogerpon\n|-supereffective|p2b: Ogerpon\n|-damage|p2b: Ogerpon|59\/100\n|\n|upkeep\n|turn|5\n|\n|t:|1736276157\n|move|p1b: Amoonguss|Rage Powder|p1b: Amoonguss\n|-singleturn|p1b: Amoonguss|move: Rage Powder\n|move|p2b: Ogerpon|Power Whip|p1a: Kyogre\n|-supereffective|p1a: Kyogre\n|-damage|p1a: Kyogre|0 fnt\n|faint|p1a: Kyogre\n|move|p2a: Weezing|Dazzling Gleam|p1b: Amoonguss\n|-resisted|p1b: Amoonguss\n|-damage|p1b: Amoonguss|82\/100\n|\n|upkeep\n|turn|6\n|\n|t:|1736276167\n|move|p2b: Ogerpon|Ivy Cudgel|p1b: Amoonguss|[anim] Ivy Cudgel Rock\n|-crit|p1b: Amoonguss\n|-damage|p1b: Amoonguss|7\/100\n|move|p2a: Weezing|Dazzling Gleam|p1b: Amoonguss\n|-resisted|p1b: Amoonguss\n|-damage|p1b: Amoonguss|0 fnt\n|faint|p1b: Amoonguss\n|\n|win|Slackermaru\n|raw|Playeroo7's rating: 1557 &rarr; <strong>1535<\/strong><br \/>(-22 for losing)\n|raw|Slackermaru's rating: 1519 &rarr; <strong>1541<\/strong><br \/>(+22 for winning)\n|l|\u2606Slackermaru\n|player|p2|\n|l|\u2606Playeroo7\n|player|p1|\n|l| Claarity\n","uploadtime":1736276370,"views":7,"formatid":"gen9vgc2025regg","rating":1535,"private":0,"password":null}