{"id":"gen9vgc2025regg-2277676984","format":"[Gen 9] VGC 2025 Reg G","players":["Kardeas","infinitygroudon"],"log":"|j|\u2606Kardeas\n|j|\u2606infinitygroudon\n|t:|1736396659\n|gametype|doubles\n|player|p1|Kardeas|clerkf|1564\n|player|p2|infinitygroudon|101|1629\n|teamsize|p1|6\n|teamsize|p2|6\n|gen|9\n|tier|[Gen 9] VGC 2025 Reg G\n|rated|\n|rule|Species Clause: Limit one of each Pok\u00e9mon\n|rule|Item Clause: Limit 1 of each item\n|clearpoke\n|poke|p1|Zamazenta-*, L50|\n|poke|p1|Cresselia, L50, F|\n|poke|p1|Grimmsnarl, L50, M|\n|poke|p1|Rillaboom, L50, M|\n|poke|p1|Gastrodon-East, L50, F|\n|poke|p1|Raging Bolt, L50|\n|poke|p2|Calyrex-Shadow, L50|\n|poke|p2|Incineroar, L50, M|\n|poke|p2|Weezing-Galar, L50, M|\n|poke|p2|Indeedee-F, L50, F|\n|poke|p2|Iron Valiant, L50|\n|poke|p2|Ursaluna-Bloodmoon, L50, M|\n|teampreview|4\n|\n|t:|1736396694\n|start\n|switch|p1a: Grimmsnarl|Grimmsnarl, L50, M|100\/100\n|switch|p1b: Raging Bolt|Raging Bolt, L50|100\/100\n|switch|p2a: Mr. Gassy|Weezing-Galar, L50, M|100\/100\n|switch|p2b: Charming|Iron Valiant, L50, shiny|100\/100\n|-ability|p2a: Mr. Gassy|Neutralizing Gas\n|turn|1\n|\n|t:|1736396728\n|switch|p1a: Zamazenta|Zamazenta-Crowned, L50|100\/100\n|-terastallize|p2b: Charming|Fairy\n|move|p2b: Charming|Spirit Break|p1b: Raging Bolt\n|-supereffective|p1b: Raging Bolt\n|-damage|p1b: Raging Bolt|15\/100\n|-unboost|p1b: Raging Bolt|spa|1\n|move|p1b: Raging Bolt|Thunderbolt|p2b: Charming\n|-damage|p2b: Charming|45\/100\n|move|p2a: Mr. Gassy|Taunt|p1a: Zamazenta\n|-start|p1a: Zamazenta|move: Taunt\n|\n|upkeep\n|turn|2\n|\n|t:|1736396753\n|-end|p1b: Raging Bolt|Protosynthesis|[silent]\n|switch|p1b: Rillaboom|Rillaboom, L50, M|100\/100\n|move|p2b: Charming|Protect|p2b: Charming\n|-singleturn|p2b: Charming|Protect\n|move|p1a: Zamazenta|Heavy Slam|p2b: Charming\n|-activate|p2b: Charming|move: Protect\n|move|p2a: Mr. Gassy|Will-O-Wisp|p1a: Zamazenta\n|-status|p1a: Zamazenta|brn\n|\n|-damage|p1a: Zamazenta|94\/100 brn|[from] brn\n|upkeep\n|turn|3\n|\n|t:|1736396779\n|-end|p2a: Mr. Gassy|ability: Neutralizing Gas\n|-ability|p1a: Zamazenta|Dauntless Shield|boost\n|-boost|p1a: Zamazenta|def|1\n|-fieldstart|move: Grassy Terrain|[from] ability: Grassy Surge|[of] p1b: Rillaboom\n|switch|p2a: Suthen|Indeedee-F, L50, F|100\/100\n|-enditem|p2b: Charming|Booster Energy\n|-activate|p2b: Charming|ability: Quark Drive|[fromitem]\n|-start|p2b: Charming|quarkdrivespe\n|-fieldstart|move: Psychic Terrain|[from] ability: Psychic Surge|[of] p2a: Suthen\n|move|p2b: Charming|Close Combat|p1a: Zamazenta\n|-supereffective|p1a: Zamazenta\n|-damage|p1a: Zamazenta|40\/100 brn\n|-unboost|p2b: Charming|def|1\n|-unboost|p2b: Charming|spd|1\n|move|p1a: Zamazenta|Heavy Slam|p2b: Charming\n|-supereffective|p2b: Charming\n|-crit|p2b: Charming\n|-damage|p2b: Charming|0 fnt\n|faint|p2b: Charming\n|-end|p2b: Charming|Quark Drive|[silent]\n|move|p1b: Rillaboom|High Horsepower|p2a: Suthen\n|-damage|p2a: Suthen|47\/100\n|-damage|p1b: Rillaboom|84\/100|[from] item: Rocky Helmet|[of] p2a: Suthen\n|\n|-damage|p1a: Zamazenta|34\/100 brn|[from] brn\n|-end|p1a: Zamazenta|move: Taunt\n|upkeep\n|\n|t:|1736396794\n|switch|p2b: Duncan|Calyrex-Shadow, L50|100\/100\n|-ability|p2b: Duncan|As One\n|-ability|p2b: Duncan|Unnerve\n|turn|4\n|\n|t:|1736396830\n|switch|p1b: Grimmsnarl|Grimmsnarl, L50, M|100\/100\n|switch|p2a: Mr. Gassy|Weezing-Galar, L50, M|100\/100\n|-ability|p2a: Mr. Gassy|Neutralizing Gas\n|move|p2b: Duncan|Protect|p2b: Duncan\n|-singleturn|p2b: Duncan|Protect\n|move|p1a: Zamazenta|Heavy Slam|p2a: Mr. Gassy\n|-supereffective|p2a: Mr. Gassy\n|-damage|p2a: Mr. Gassy|55\/100\n|\n|-damage|p1a: Zamazenta|28\/100 brn|[from] brn\n|upkeep\n|turn|5\n|\n|t:|1736396852\n|move|p2b: Duncan|Astral Barrage|p1b: Grimmsnarl|[spread] p1a,p1b\n|-resisted|p1b: Grimmsnarl\n|-damage|p1a: Zamazenta|0 fnt\n|-damage|p1b: Grimmsnarl|63\/100\n|faint|p1a: Zamazenta\n|-ability|p2b: Duncan|Grim Neigh|boost\n|-boost|p2b: Duncan|spa|1\n|-damage|p2b: Duncan|91\/100|[from] item: Life Orb\n|move|p2a: Mr. Gassy|Sludge Bomb|p1b: Grimmsnarl\n|-supereffective|p1b: Grimmsnarl\n|-damage|p1b: Grimmsnarl|6\/100\n|move|p1b: Grimmsnarl|Light Screen|p1b: Grimmsnarl\n|-sidestart|p1: Kardeas|move: Light Screen\n|\n|upkeep\n|\n|t:|1736396864\n|switch|p1a: Raging Bolt|Raging Bolt, L50|15\/100\n|turn|6\n|\n|t:|1736396872\n|-end|p1a: Raging Bolt|Protosynthesis|[silent]\n|switch|p1a: Rillaboom|Rillaboom, L50, M|84\/100\n|move|p1b: Grimmsnarl|Sucker Punch|p2b: Duncan\n|-activate|p2b: Duncan|move: Psychic Terrain\n|move|p2b: Duncan|Astral Barrage|p1b: Grimmsnarl|[spread] p1a,p1b\n|-resisted|p1b: Grimmsnarl\n|-damage|p1a: Rillaboom|6\/100\n|-damage|p1b: Grimmsnarl|0 fnt\n|faint|p1b: Grimmsnarl\n|-ability|p2b: Duncan|Grim Neigh|boost\n|-boost|p2b: Duncan|spa|1\n|-damage|p2b: Duncan|81\/100|[from] item: Life Orb\n|move|p2a: Mr. Gassy|Sludge Bomb|p1a: Rillaboom\n|-supereffective|p1a: Rillaboom\n|-damage|p1a: Rillaboom|0 fnt\n|faint|p1a: Rillaboom\n|\n|upkeep\n|-message|Kardeas forfeited.\n|\n|win|infinitygroudon\n|raw|Kardeas's rating: 1564 &rarr; <strong>1548<\/strong><br \/>(-16 for losing)\n|raw|infinitygroudon's rating: 1629 &rarr; <strong>1645<\/strong><br \/>(+16 for winning)\n|l|\u2606Kardeas\n|player|p1|\n|l|\u2606infinitygroudon\n|player|p2|\n","uploadtime":1736397113,"views":265,"formatid":"gen9vgc2025regg","rating":1548,"private":0,"password":null}