{"id":"gen9vgc2025regg-2277037540","format":"[Gen 9] VGC 2025 Reg G","players":["tplusplus","lichuweijixi"],"log":"|j|\u2606tplusplus\n|j|\u2606lichuweijixi\n|t:|1736308174\n|gametype|doubles\n|player|p1|tplusplus|169|1646\n|player|p2|lichuweijixi|266|1550\n|teamsize|p1|6\n|teamsize|p2|6\n|gen|9\n|tier|[Gen 9] VGC 2025 Reg G\n|rated|\n|rule|Species Clause: Limit one of each Pok\u00e9mon\n|rule|Item Clause: Limit 1 of each item\n|clearpoke\n|poke|p1|Smeargle, L50, F|\n|poke|p1|Calyrex-Ice, L50|\n|poke|p1|Ursaluna-Bloodmoon, L50, M|\n|poke|p1|Annihilape, L50, F|\n|poke|p1|Urshifu-*, L50, M|\n|poke|p1|Ogerpon-Wellspring, L50, F|\n|poke|p2|Dondozo, L50, F|\n|poke|p2|Tatsugiri, L50, M|\n|poke|p2|Miraidon, L50|\n|poke|p2|Ogerpon-Hearthflame, L50, F|\n|poke|p2|Gholdengo, L50|\n|poke|p2|Chien-Pao, L50|\n|teampreview|4\n|\n|t:|1736308200\n|start\n|switch|p1a: Smeargle|Smeargle, L50, F|100\/100\n|switch|p1b: Calyrex|Calyrex-Ice, L50|100\/100\n|switch|p2a: Gholdengo|Gholdengo, L50|100\/100\n|switch|p2b: Dondozo|Dondozo, L50, F|100\/100\n|-ability|p1b: Calyrex|As One\n|-ability|p1b: Calyrex|Unnerve\n|turn|1\n|j| number86\n|j| ThanksATinkaTon\n|l| number86\n|\n|t:|1736308245\n|-terastallize|p2a: Gholdengo|Steel\n|-terastallize|p1b: Calyrex|Water\n|move|p2a: Gholdengo|Make It Rain|p1a: Smeargle|[spread] p1a,p1b\n|-resisted|p1b: Calyrex\n|-enditem|p1a: Smeargle|Focus Sash\n|-damage|p1a: Smeargle|1\/100\n|-damage|p1b: Calyrex|65\/100\n|-unboost|p2a: Gholdengo|spa|1\n|move|p2b: Dondozo|Wave Crash|p1b: Calyrex\n|-resisted|p1b: Calyrex\n|-damage|p1b: Calyrex|47\/100\n|-enditem|p1b: Calyrex|Sitrus Berry|[eat]\n|-heal|p1b: Calyrex|72\/100|[from] item: Sitrus Berry\n|-damage|p2b: Dondozo|95\/100|[from] Recoil\n|move|p1a: Smeargle|Spore|p2b: Dondozo\n|-status|p2b: Dondozo|slp|[from] move: Spore\n|move|p1b: Calyrex|Trick Room|p1b: Calyrex\n|-fieldstart|move: Trick Room|[of] p1b: Calyrex\n|\n|-heal|p2b: Dondozo|100\/100 slp|[from] item: Leftovers\n|upkeep\n|turn|2\n|j| BreadTest\n|\n|t:|1736308271\n|switch|p1a: Ursaluna|Ursaluna-Bloodmoon, L50, M|100\/100\n|switch|p2a: Tatsugiri|Tatsugiri, L50, M|100\/100\n|-activate|p2a: Tatsugiri|ability: Commander|[of] p2b: Dondozo\n|-boost|p2b: Dondozo|atk|2\n|-boost|p2b: Dondozo|spa|2\n|-boost|p2b: Dondozo|spe|2\n|-boost|p2b: Dondozo|def|2\n|-boost|p2b: Dondozo|spd|2\n|move|p1b: Calyrex|Glacial Lance|p2b: Dondozo|[spread] p2b\n|-miss|p1b: Calyrex|p2a: Tatsugiri\n|-resisted|p2b: Dondozo\n|-damage|p2b: Dondozo|91\/100 slp\n|cant|p2b: Dondozo|slp\n|\n|-heal|p2b: Dondozo|97\/100 slp|[from] item: Leftovers\n|upkeep\n|turn|3\n|\n|t:|1736308280\n|switch|p1b: Urshifu|Urshifu, L50, M|100\/100\n|move|p1a: Ursaluna|Blood Moon|p2b: Dondozo\n|-damage|p2b: Dondozo|38\/100 slp\n|-damage|p1a: Ursaluna|91\/100|[from] item: Life Orb\n|cant|p2b: Dondozo|slp\n|\n|-heal|p2b: Dondozo|45\/100 slp|[from] item: Leftovers\n|upkeep\n|turn|4\n|j| 20m-hierophant\n|\n|t:|1736308292\n|move|p1a: Ursaluna|Hyper Voice|p2b: Dondozo|[spread] p2b\n|-miss|p1a: Ursaluna|p2a: Tatsugiri\n|-damage|p2b: Dondozo|15\/100 slp\n|-damage|p1a: Ursaluna|81\/100|[from] item: Life Orb\n|move|p1b: Urshifu|Wicked Blow|p2b: Dondozo\n|-crit|p2b: Dondozo\n|-damage|p2b: Dondozo|0 fnt\n|faint|p2b: Dondozo\n|\n|upkeep\n|\n|t:|1736308299\n|switch|p2b: Gholdengo|Gholdengo, L50, tera:Steel|100\/100\n|turn|5\n|\n|t:|1736308311\n|move|p1a: Ursaluna|Hyper Voice|p2a: Tatsugiri|[spread] p2a,p2b\n|-resisted|p2b: Gholdengo\n|-damage|p2a: Tatsugiri|35\/100\n|-damage|p2b: Gholdengo|72\/100\n|-damage|p1a: Ursaluna|72\/100|[from] item: Life Orb\n|move|p1b: Urshifu|Wicked Blow|p2b: Gholdengo\n|-crit|p2b: Gholdengo\n|-damage|p2b: Gholdengo|0 fnt\n|faint|p2b: Gholdengo\n|move|p2a: Tatsugiri|Muddy Water|p1b: Urshifu|[spread] p1a,p1b\n|-supereffective|p1a: Ursaluna\n|-damage|p1a: Ursaluna|0 fnt\n|-damage|p1b: Urshifu|57\/100\n|faint|p1a: Ursaluna\n|\n|-fieldend|move: Trick Room\n|upkeep\n|\n|t:|1736308322\n|switch|p2b: Miraidon|Miraidon, L50|100\/100\n|switch|p1a: Smeargle|Smeargle, L50, F|1\/100\n|-fieldstart|move: Electric Terrain|[from] ability: Hadron Engine|[of] p2b: Miraidon\n|turn|6\n|\n|t:|1736308366\n|move|p1a: Smeargle|Fake Out|p2b: Miraidon\n|-damage|p2b: Miraidon|93\/100\n|move|p2a: Tatsugiri|Muddy Water|p1a: Smeargle|[spread] p1a,p1b\n|-damage|p1a: Smeargle|0 fnt\n|-damage|p1b: Urshifu|17\/100\n|faint|p1a: Smeargle\n|cant|p2b: Miraidon|flinch\n|move|p1b: Urshifu|Wicked Blow|p2a: Tatsugiri\n|-crit|p2a: Tatsugiri\n|-damage|p2a: Tatsugiri|0 fnt\n|faint|p2a: Tatsugiri\n|\n|upkeep\n|\n|t:|1736308376\n|switch|p1a: Calyrex|Calyrex-Ice, L50, tera:Water|72\/100\n|-ability|p1a: Calyrex|As One\n|-ability|p1a: Calyrex|Unnerve\n|turn|7\n|\n|t:|1736308391\n|move|p2b: Miraidon|Dazzling Gleam|p1a: Calyrex|[spread] p1a,p1b\n|-supereffective|p1b: Urshifu\n|-damage|p1a: Calyrex|53\/100\n|-damage|p1b: Urshifu|0 fnt\n|faint|p1b: Urshifu\n|move|p1a: Calyrex|Glacial Lance|p2b: Miraidon\n|-supereffective|p2b: Miraidon\n|-damage|p2b: Miraidon|0 fnt\n|faint|p2b: Miraidon\n|\n|win|tplusplus\n|raw|tplusplus's rating: 1646 &rarr; <strong>1661<\/strong><br \/>(+15 for winning)\n|raw|lichuweijixi's rating: 1550 &rarr; <strong>1535<\/strong><br \/>(-15 for losing)\n|l| ThanksATinkaTon\n|l|\u2606lichuweijixi\n|player|p2|\n|l| BreadTest\n|l|\u2606tplusplus\n|player|p1|\n|l| 20m-hierophant\n","uploadtime":1736308400,"views":38,"formatid":"gen9vgc2025regg","rating":1535,"private":0,"password":null}