{"id":"gen9vgc2025regg-2277071407","format":"[Gen 9] VGC 2025 Reg G","players":["superpowerpoke","lichuweijixi"],"log":"|j|\u2606superpowerpoke\n|j|\u2606lichuweijixi\n|t:|1736313764\n|gametype|doubles\n|player|p1|superpowerpoke|101|1654\n|player|p2|lichuweijixi|266|1565\n|teamsize|p1|6\n|teamsize|p2|6\n|gen|9\n|tier|[Gen 9] VGC 2025 Reg G\n|rated|\n|rule|Species Clause: Limit one of each Pok\u00e9mon\n|rule|Item Clause: Limit 1 of each item\n|clearpoke\n|poke|p1|Calyrex-Ice, L50|\n|poke|p1|Raging Bolt, L50|\n|poke|p1|Urshifu-*, L50, F|\n|poke|p1|Ogerpon-Cornerstone, L50, F|\n|poke|p1|Tornadus, L50, M|\n|poke|p1|Rillaboom, L50, M|\n|poke|p2|Dondozo, L50, F|\n|poke|p2|Tatsugiri, L50, M|\n|poke|p2|Miraidon, L50|\n|poke|p2|Ogerpon-Hearthflame, L50, F|\n|poke|p2|Chien-Pao, L50|\n|poke|p2|Iron Hands, L50|\n|teampreview|4\n|\n|t:|1736313789\n|start\n|switch|p1a: Ogerpon|Ogerpon-Cornerstone, L50, F|100\/100\n|switch|p1b: Calyrex|Calyrex-Ice, L50|100\/100\n|switch|p2a: Miraidon|Miraidon, L50|100\/100\n|switch|p2b: Iron Hands|Iron Hands, L50|100\/100\n|-ability|p1b: Calyrex|As One\n|-ability|p1b: Calyrex|Unnerve\n|-fieldstart|move: Electric Terrain|[from] ability: Hadron Engine|[of] p2a: Miraidon\n|-activate|p2b: Iron Hands|ability: Quark Drive\n|-start|p2b: Iron Hands|quarkdriveatk\n|-enditem|p2b: Iron Hands|Electric Seed\n|-boost|p2b: Iron Hands|def|1|[from] item: Electric Seed\n|turn|1\n|\n|t:|1736313827\n|move|p1b: Calyrex|Protect|p1b: Calyrex\n|-singleturn|p1b: Calyrex|Protect\n|move|p2a: Miraidon|Dazzling Gleam|p1b: Calyrex|[spread] p1a\n|-activate|p1b: Calyrex|move: Protect\n|-damage|p1a: Ogerpon|64\/100\n|move|p1a: Ogerpon|Ivy Cudgel|p2a: Miraidon|[anim] Ivy Cudgel Rock\n|-crit|p2a: Miraidon\n|-damage|p2a: Miraidon|23\/100\n|move|p2b: Iron Hands|Swords Dance|p2b: Iron Hands\n|-boost|p2b: Iron Hands|atk|2\n|\n|upkeep\n|turn|2\n|j| ido1234567890\n|\n|t:|1736313859\n|move|p2a: Miraidon|Draco Meteor|p1b: Calyrex\n|-damage|p1b: Calyrex|44\/100\n|-unboost|p2a: Miraidon|spa|2\n|move|p1a: Ogerpon|Encore|p2b: Iron Hands\n|-start|p2b: Iron Hands|Encore\n|move|p1b: Calyrex|Glacial Lance|p2b: Iron Hands|[spread] p2a,p2b\n|-supereffective|p2a: Miraidon\n|-damage|p2a: Miraidon|0 fnt\n|-damage|p2b: Iron Hands|77\/100\n|faint|p2a: Miraidon\n|-ability|p1b: Calyrex|Chilling Neigh|boost\n|-boost|p1b: Calyrex|atk|1\n|move|p2b: Iron Hands|Swords Dance|p2b: Iron Hands\n|-boost|p2b: Iron Hands|atk|2\n|\n|upkeep\n|\n|t:|1736313869\n|switch|p2a: Dondozo|Dondozo, L50, F|100\/100\n|turn|3\n|l| ido1234567890\n|\n|t:|1736313893\n|switch|p1b: Rillaboom|Rillaboom, L50, M|100\/100\n|-fieldstart|move: Grassy Terrain|[from] ability: Grassy Surge|[of] p1b: Rillaboom\n|-end|p2b: Iron Hands|Quark Drive\n|-end|p2b: Iron Hands|Quark Drive|[silent]\n|switch|p2b: Tatsugiri|Tatsugiri, L50, M|100\/100\n|-activate|p2b: Tatsugiri|ability: Commander|[of] p2a: Dondozo\n|-boost|p2a: Dondozo|atk|2\n|-boost|p2a: Dondozo|spa|2\n|-boost|p2a: Dondozo|spe|2\n|-boost|p2a: Dondozo|def|2\n|-boost|p2a: Dondozo|spd|2\n|move|p1a: Ogerpon|Power Whip|p2a: Dondozo\n|-supereffective|p2a: Dondozo\n|-damage|p2a: Dondozo|40\/100\n|move|p2a: Dondozo|Earthquake|p1a: Ogerpon|[spread] p1a,p1b\n|-miss|p2a: Dondozo|p2b: Tatsugiri\n|-resisted|p1b: Rillaboom\n|-damage|p1a: Ogerpon|31\/100\n|-damage|p1b: Rillaboom|89\/100\n|\n|-heal|p1a: Ogerpon|37\/100|[from] Grassy Terrain\n|-heal|p2a: Dondozo|46\/100|[from] Grassy Terrain\n|-heal|p2a: Dondozo|52\/100|[from] item: Leftovers\n|-heal|p1b: Rillaboom|95\/100|[from] Grassy Terrain\n|upkeep\n|turn|4\n|\n|t:|1736313926\n|move|p2a: Dondozo|Protect|p2a: Dondozo\n|-singleturn|p2a: Dondozo|Protect\n|move|p1a: Ogerpon|Encore|p2a: Dondozo\n|-activate|p2a: Dondozo|move: Protect\n|move|p1b: Rillaboom|U-turn|p2a: Dondozo\n|-activate|p2a: Dondozo|move: Protect\n|\n|-heal|p1a: Ogerpon|43\/100|[from] Grassy Terrain\n|-heal|p2a: Dondozo|58\/100|[from] Grassy Terrain\n|-heal|p2a: Dondozo|64\/100|[from] item: Leftovers\n|-heal|p1b: Rillaboom|100\/100|[from] Grassy Terrain\n|upkeep\n|turn|5\n|-message|lichuweijixi forfeited.\n|\n|win|superpowerpoke\n|raw|superpowerpoke's rating: 1654 &rarr; <strong>1669<\/strong><br \/>(+15 for winning)\n|raw|lichuweijixi's rating: 1565 &rarr; <strong>1550<\/strong><br \/>(-15 for losing)\n|l|\u2606lichuweijixi\n|player|p2|\n|l|\u2606superpowerpoke\n|player|p1|\n","uploadtime":1736314181,"views":21,"formatid":"gen9vgc2025regg","rating":1550,"private":0,"password":null}