{"id":"gen9vgc2025regg-2277547174","format":"[Gen 9] VGC 2025 Reg G","players":["501JFW","RustyChair13"],"log":"|j|\u203d501JFW\n|j|\u2606RustyChair13\n|t:|1736378553\n|gametype|doubles\n|player|p1|501JFW|266|1610\n|player|p2|RustyChair13|scientist-gen4|1588\n|teamsize|p1|6\n|teamsize|p2|6\n|gen|9\n|tier|[Gen 9] VGC 2025 Reg G\n|rated|\n|rule|Species Clause: Limit one of each Pok\u00e9mon\n|rule|Item Clause: Limit 1 of each item\n|clearpoke\n|poke|p1|Calyrex-Ice, L50|\n|poke|p1|Iron Valiant, L50|\n|poke|p1|Ogerpon-Cornerstone, L50, F|\n|poke|p1|Urshifu-*, L50, F|\n|poke|p1|Raging Bolt, L50|\n|poke|p1|Clefairy, L50, M|\n|poke|p2|Zamazenta-*, L50|\n|poke|p2|Annihilape, L50, M|\n|poke|p2|Regidrago, L50|\n|poke|p2|Ditto, L50|\n|poke|p2|Iron Moth, L50|\n|poke|p2|Whimsicott, L50, F|\n|teampreview|4\n|inactive|Battle timer is ON: inactive players will automatically lose when time's up. (requested by 501JFW)\n|inactive|501JFW has 60 seconds left.\n|\n|t:|1736378588\n|start\n|switch|p1a: Calyrex|Calyrex-Ice, L50|100\/100\n|switch|p1b: Iron Valiant|Iron Valiant, L50, shiny|100\/100\n|switch|p2a: Annihilape|Annihilape, L50, M, shiny|100\/100\n|switch|p2b: Whimsicott|Whimsicott, L50, F|100\/100\n|-ability|p1a: Calyrex|As One\n|-ability|p1a: Calyrex|Unnerve\n|-enditem|p1b: Iron Valiant|Booster Energy\n|-activate|p1b: Iron Valiant|ability: Quark Drive|[fromitem]\n|-start|p1b: Iron Valiant|quarkdrivespe\n|turn|1\n|inactive|501JFW has 30 seconds left.\n|j| number86\n|inactive|501JFW has 20 seconds left.\n|inactive|501JFW has 15 seconds left.\n|\n|t:|1736378632\n|move|p1b: Iron Valiant|Moonblast|p2a: Annihilape\n|-supereffective|p2a: Annihilape\n|-damage|p2a: Annihilape|36\/100\n|move|p2a: Annihilape|Shadow Claw|p1b: Iron Valiant\n|-crit|p1b: Iron Valiant\n|-damage|p1b: Iron Valiant|63\/100\n|move|p2b: Whimsicott|Moonblast|p1b: Iron Valiant\n|-supereffective|p1b: Iron Valiant\n|-damage|p1b: Iron Valiant|0 fnt\n|faint|p1b: Iron Valiant\n|-end|p1b: Iron Valiant|Quark Drive|[silent]\n|move|p1a: Calyrex|Glacial Lance|p2a: Annihilape|[spread] p2a,p2b\n|-supereffective|p2b: Whimsicott\n|-damage|p2a: Annihilape|0 fnt\n|-damage|p2b: Whimsicott|0 fnt\n|faint|p2a: Annihilape\n|faint|p2b: Whimsicott\n|-ability|p1a: Calyrex|Chilling Neigh|boost\n|-boost|p1a: Calyrex|atk|2\n|\n|upkeep\n|\n|t:|1736378652\n|switch|p2b: Regidrago|Regidrago, L50, shiny|100\/100\n|switch|p1b: Urshifu|Urshifu-Rapid-Strike, L50, F|100\/100\n|switch|p2a: Zamazenta|Zamazenta-Crowned, L50, shiny|100\/100\n|-ability|p2a: Zamazenta|Dauntless Shield|boost\n|-boost|p2a: Zamazenta|def|1\n|turn|2\n|inactive|501JFW has 30 seconds left.\n|inactive|RustyChair13 has 30 seconds left.\n|\n|t:|1736378682\n|-terastallize|p2a: Zamazenta|Grass\n|move|p1a: Calyrex|Protect|p1a: Calyrex\n|-singleturn|p1a: Calyrex|Protect\n|move|p2a: Zamazenta|Body Press|p1a: Calyrex\n|-activate|p1a: Calyrex|move: Protect\n|move|p1b: Urshifu|Close Combat|p2b: Regidrago\n|-damage|p2b: Regidrago|33\/100\n|-unboost|p1b: Urshifu|def|1\n|-unboost|p1b: Urshifu|spd|1\n|move|p2b: Regidrago|Dragon Energy|p1a: Calyrex|[spread] p1b\n|-activate|p1a: Calyrex|move: Protect\n|-damage|p1b: Urshifu|10\/100\n|\n|upkeep\n|turn|3\n|\n|t:|1736378707\n|move|p2a: Zamazenta|Body Press|p1a: Calyrex\n|-damage|p1a: Calyrex|58\/100\n|move|p1b: Urshifu|Close Combat|p2b: Regidrago\n|-damage|p2b: Regidrago|0 fnt\n|-unboost|p1b: Urshifu|def|1\n|-unboost|p1b: Urshifu|spd|1\n|faint|p2b: Regidrago\n|move|p1a: Calyrex|Trick Room|p1a: Calyrex\n|-fieldstart|move: Trick Room|[of] p1a: Calyrex\n|\n|upkeep\n|turn|4\n|\n|t:|1736378720\n|switch|p1b: Raging Bolt|Raging Bolt, L50|100\/100\n|move|p2a: Zamazenta|Wide Guard|p2a: Zamazenta\n|-singleturn|p2a: Zamazenta|Wide Guard\n|move|p1a: Calyrex|Glacial Lance|p2a: Zamazenta\n|-activate|p2a: Zamazenta|move: Wide Guard\n|\n|upkeep\n|turn|5\n|-message|RustyChair13 forfeited.\n|\n|win|501JFW\n|raw|501JFW's rating: 1610 &rarr; <strong>1629<\/strong><br \/>(+19 for winning)\n|raw|RustyChair13's rating: 1588 &rarr; <strong>1569<\/strong><br \/>(-19 for losing)\n|l|\u2606RustyChair13\n|player|p2|\n|l| number86\n|l|\u203d501JFW\n|player|p1|\n","uploadtime":1736378991,"views":279,"formatid":"gen9vgc2025regg","rating":1569,"private":0,"password":null}