{"id":"gen9vgc2025regg-2277987492","format":"[Gen 9] VGC 2025 Reg G","players":["darthnius","Axel316"],"log":"|j|\u2606darthnius\n|j|\u2606Axel316\n|t:|1736443817\n|gametype|doubles\n|player|p1|darthnius|volkner|1555\n|player|p2|Axel316|102|1535\n|teamsize|p1|6\n|teamsize|p2|6\n|gen|9\n|tier|[Gen 9] VGC 2025 Reg G\n|rated|\n|rule|Species Clause: Limit one of each Pok\u00e9mon\n|rule|Item Clause: Limit 1 of each item\n|clearpoke\n|poke|p1|Calyrex-Ice, L50|\n|poke|p1|Dondozo, L50, F|\n|poke|p1|Tatsugiri-Droopy, L50, M|\n|poke|p1|Weezing-Galar, L50, M|\n|poke|p1|Whimsicott, L50, M|\n|poke|p1|Landorus, L50, M|\n|poke|p2|Calyrex-Ice, L50|\n|poke|p2|Urshifu-*, L50, F|\n|poke|p2|Iron Hands, L50|\n|poke|p2|Latios, L50, M|\n|poke|p2|Pelipper, L50, M|\n|poke|p2|Archaludon, L50, M|\n|teampreview|4\n|j| iywsrh\n|inactive|Battle timer is ON: inactive players will automatically lose when time's up. (requested by Axel316)\n|\n|t:|1736443849\n|start\n|switch|p1a: Calyrex|Calyrex-Ice, L50|100\/100\n|switch|p1b: Dondozo|Dondozo, L50, F|100\/100\n|switch|p2a: Calyrex|Calyrex-Ice, L50|100\/100\n|switch|p2b: Latios|Latios, L50, M|100\/100\n|-ability|p1a: Calyrex|As One\n|-ability|p1a: Calyrex|Unnerve\n|-ability|p2a: Calyrex|As One\n|-ability|p2a: Calyrex|Unnerve\n|turn|1\n|inactive|Axel316 has 30 seconds left.\n|\n|t:|1736443878\n|move|p1b: Dondozo|Protect|p1b: Dondozo\n|-singleturn|p1b: Dondozo|Protect\n|move|p2b: Latios|Trick|p1b: Dondozo\n|-activate|p1b: Dondozo|move: Protect\n|move|p1a: Calyrex|Glacial Lance|p2a: Calyrex|[spread] p2a,p2b\n|-resisted|p2a: Calyrex\n|-supereffective|p2b: Latios\n|-damage|p2a: Calyrex|77\/100\n|-damage|p2b: Latios|0 fnt\n|faint|p2b: Latios\n|-ability|p1a: Calyrex|Chilling Neigh|boost\n|-boost|p1a: Calyrex|atk|1\n|move|p2a: Calyrex|Glacial Lance|p1b: Dondozo|[spread] p1a\n|-activate|p1b: Dondozo|move: Protect\n|-resisted|p1a: Calyrex\n|-damage|p1a: Calyrex|85\/100\n|\n|upkeep\n|\n|t:|1736443897\n|switch|p2b: Pelipper|Pelipper, L50, M|100\/100\n|-weather|RainDance|[from] ability: Drizzle|[of] p2b: Pelipper\n|turn|2\n|\n|t:|1736443914\n|switch|p1a: Tatsugiri|Tatsugiri-Droopy, L50, M|100\/100\n|-activate|p1a: Tatsugiri|ability: Commander|[of] p1b: Dondozo\n|-boost|p1b: Dondozo|atk|2\n|-boost|p1b: Dondozo|spa|2\n|-boost|p1b: Dondozo|spe|2\n|-boost|p1b: Dondozo|def|2\n|-boost|p1b: Dondozo|spd|2\n|-terastallize|p2a: Calyrex|Grass\n|move|p2b: Pelipper|Wide Guard|p2b: Pelipper\n|-singleturn|p2b: Pelipper|Wide Guard\n|move|p1b: Dondozo|Order Up|p2b: Pelipper\n|-damage|p2b: Pelipper|60\/100\n|-boost|p1b: Dondozo|def|1\n|move|p2a: Calyrex|Trick Room|p2a: Calyrex\n|-fieldstart|move: Trick Room|[of] p2a: Calyrex\n|\n|-weather|RainDance|[upkeep]\n|upkeep\n|turn|3\n|\n|t:|1736443937\n|move|p1b: Dondozo|Protect|p1b: Dondozo\n|-singleturn|p1b: Dondozo|Protect\n|move|p2a: Calyrex|Seed Bomb|p1b: Dondozo\n|-activate|p1b: Dondozo|move: Protect\n|move|p2b: Pelipper|Hurricane|p1b: Dondozo\n|-activate|p1b: Dondozo|move: Protect\n|\n|-weather|RainDance|[upkeep]\n|upkeep\n|turn|4\n|\n|t:|1736443950\n|-terastallize|p1b: Dondozo|Steel\n|move|p2a: Calyrex|Seed Bomb|p1b: Dondozo\n|-resisted|p1b: Dondozo\n|-damage|p1b: Dondozo|95\/100\n|move|p2b: Pelipper|Hurricane|p1b: Dondozo\n|-resisted|p1b: Dondozo\n|-damage|p1b: Dondozo|87\/100\n|move|p1b: Dondozo|Order Up|p2b: Pelipper\n|-crit|p2b: Pelipper\n|-damage|p2b: Pelipper|2\/100\n|-boost|p1b: Dondozo|def|1\n|\n|-weather|RainDance|[upkeep]\n|-heal|p1b: Dondozo|93\/100|[from] item: Leftovers\n|upkeep\n|turn|5\n|\n|t:|1736443971\n|switch|p2a: Urshifu|Urshifu-Rapid-Strike, L50, F|100\/100\n|move|p1b: Dondozo|Protect|p1b: Dondozo\n|-singleturn|p1b: Dondozo|Protect\n|move|p2b: Pelipper|Weather Ball|p1b: Dondozo\n|-activate|p1b: Dondozo|move: Protect\n|\n|-weather|RainDance|[upkeep]\n|-heal|p1b: Dondozo|99\/100|[from] item: Leftovers\n|upkeep\n|turn|6\n|\n|t:|1736443985\n|move|p2b: Pelipper|Weather Ball|p1b: Dondozo\n|-damage|p1b: Dondozo|76\/100\n|move|p1b: Dondozo|Body Press|p2a: Urshifu\n|-damage|p2a: Urshifu|40\/100\n|move|p2a: Urshifu|Surging Strikes|p1b: Dondozo\n|-crit|p1b: Dondozo\n|-damage|p1b: Dondozo|54\/100\n|-crit|p1b: Dondozo\n|-damage|p1b: Dondozo|34\/100\n|-crit|p1b: Dondozo\n|-damage|p1b: Dondozo|11\/100\n|-hitcount|p1b: Dondozo|3\n|\n|-weather|none\n|-heal|p1b: Dondozo|18\/100|[from] item: Leftovers\n|-fieldend|move: Trick Room\n|upkeep\n|turn|7\n|\n|t:|1736444004\n|switch|p2b: Calyrex|Calyrex-Ice, L50, tera:Grass|77\/100\n|-ability|p2b: Calyrex|As One\n|-ability|p2b: Calyrex|Unnerve\n|move|p2a: Urshifu|Detect|p2a: Urshifu\n|-singleturn|p2a: Urshifu|Protect\n|move|p1b: Dondozo|Order Up|p2a: Urshifu\n|-activate|p2a: Urshifu|move: Protect\n|\n|-heal|p1b: Dondozo|24\/100|[from] item: Leftovers\n|upkeep\n|turn|8\n|\n|t:|1736444028\n|switch|p2a: Pelipper|Pelipper, L50, M|2\/100\n|-weather|RainDance|[from] ability: Drizzle|[of] p2a: Pelipper\n|move|p1b: Dondozo|Body Press|p2a: Pelipper\n|-resisted|p2a: Pelipper\n|-damage|p2a: Pelipper|0 fnt\n|faint|p2a: Pelipper\n|move|p2b: Calyrex|Glacial Lance|p1b: Dondozo|[spread] p1b\n|-miss|p2b: Calyrex|p1a: Tatsugiri\n|-resisted|p1b: Dondozo\n|-damage|p1b: Dondozo|18\/100\n|\n|-weather|RainDance|[upkeep]\n|-heal|p1b: Dondozo|25\/100|[from] item: Leftovers\n|upkeep\n|\n|t:|1736444042\n|switch|p2a: Urshifu|Urshifu-Rapid-Strike, L50, F|40\/100\n|turn|9\n|\n|t:|1736444050\n|move|p1b: Dondozo|Protect|p1b: Dondozo\n|-singleturn|p1b: Dondozo|Protect\n|move|p2a: Urshifu|Aqua Jet|p1b: Dondozo\n|-damage|p1b: Dondozo|16\/100\n|move|p2b: Calyrex|Glacial Lance|p1b: Dondozo|[spread] \n|-miss|p2b: Calyrex|p1a: Tatsugiri\n|-activate|p1b: Dondozo|move: Protect\n|\n|-weather|RainDance|[upkeep]\n|-heal|p1b: Dondozo|22\/100|[from] item: Leftovers\n|upkeep\n|turn|10\n|\n|t:|1736444068\n|move|p1b: Dondozo|Protect|p1b: Dondozo\n|-singleturn|p1b: Dondozo|Protect\n|move|p2a: Urshifu|Aqua Jet|p1b: Dondozo\n|-damage|p1b: Dondozo|14\/100\n|move|p2b: Calyrex|Glacial Lance|p1a: Tatsugiri|[spread] \n|-miss|p2b: Calyrex|p1a: Tatsugiri\n|-activate|p1b: Dondozo|move: Protect\n|\n|-weather|RainDance|[upkeep]\n|-heal|p1b: Dondozo|20\/100|[from] item: Leftovers\n|upkeep\n|turn|11\n|\n|t:|1736444087\n|move|p1b: Dondozo|Protect||[still]\n|-fail|p1b: Dondozo\n|move|p2a: Urshifu|Surging Strikes|p1b: Dondozo\n|-crit|p1b: Dondozo\n|-damage|p1b: Dondozo|0 fnt\n|faint|p1b: Dondozo\n|-hitcount|p1: Dondozo|1\n|move|p2b: Calyrex|Glacial Lance|p1a: Tatsugiri\n|-enditem|p1a: Tatsugiri|Focus Sash\n|-damage|p1a: Tatsugiri|1\/100\n|\n|-weather|RainDance|[upkeep]\n|upkeep\n|\n|t:|1736444101\n|switch|p1b: Landorus|Landorus, L50, M|100\/100\n|turn|12\n|\n|t:|1736444112\n|move|p2a: Urshifu|Aqua Jet|p1a: Tatsugiri\n|-resisted|p1a: Tatsugiri\n|-damage|p1a: Tatsugiri|0 fnt\n|faint|p1a: Tatsugiri\n|move|p1b: Landorus|Sludge Bomb|p2b: Calyrex\n|-supereffective|p2b: Calyrex\n|-damage|p2b: Calyrex|19\/100\n|move|p2b: Calyrex|Glacial Lance|p1b: Landorus\n|-supereffective|p1b: Landorus\n|-damage|p1b: Landorus|0 fnt\n|faint|p1b: Landorus\n|-ability|p2b: Calyrex|Chilling Neigh|boost\n|-boost|p2b: Calyrex|atk|1\n|\n|-weather|none\n|upkeep\n|\n|t:|1736444125\n|switch|p1a: Calyrex|Calyrex-Ice, L50|85\/100\n|-ability|p1a: Calyrex|As One\n|-ability|p1a: Calyrex|Unnerve\n|turn|13\n|\n|t:|1736444133\n|move|p2b: Calyrex|Protect|p2b: Calyrex\n|-singleturn|p2b: Calyrex|Protect\n|move|p2a: Urshifu|Surging Strikes|p1a: Calyrex\n|-crit|p1a: Calyrex\n|-damage|p1a: Calyrex|69\/100\n|-crit|p1a: Calyrex\n|-damage|p1a: Calyrex|52\/100\n|-crit|p1a: Calyrex\n|-damage|p1a: Calyrex|36\/100\n|-hitcount|p1a: Calyrex|3\n|move|p1a: Calyrex|Glacial Lance|p2b: Calyrex|[spread] p2a\n|-activate|p2b: Calyrex|move: Protect\n|-resisted|p2a: Urshifu\n|-damage|p2a: Urshifu|5\/100\n|\n|upkeep\n|turn|14\n|\n|t:|1736444150\n|move|p2a: Urshifu|Surging Strikes|p1a: Calyrex\n|-crit|p1a: Calyrex\n|-damage|p1a: Calyrex|20\/100\n|-crit|p1a: Calyrex\n|-damage|p1a: Calyrex|5\/100\n|-crit|p1a: Calyrex\n|-damage|p1a: Calyrex|0 fnt\n|faint|p1a: Calyrex\n|-hitcount|p1: Calyrex|3\n|\n|win|Axel316\n|raw|darthnius's rating: 1555 &rarr; <strong>1534<\/strong><br \/>(-21 for losing)\n|raw|Axel316's rating: 1535 &rarr; <strong>1556<\/strong><br \/>(+21 for winning)\n|l|\u2606darthnius\n|player|p1|\n","uploadtime":1736444319,"views":275,"formatid":"gen9vgc2025regg","rating":1534,"private":0,"password":null}