{"id":"gen9vgc2025regg-2277702089","format":"[Gen 9] VGC 2025 Reg G","players":["Elvegis1","Growth_my_word"],"log":"|j|\u2606Elvegis1\n|j|\u2606Growth_my_word\n|t:|1736400979\n|gametype|doubles\n|player|p1|Elvegis1|lucas|1688\n|player|p2|Growth_my_word|lady-gen4|1639\n|teamsize|p1|6\n|teamsize|p2|6\n|gen|9\n|tier|[Gen 9] VGC 2025 Reg G\n|rated|\n|rule|Species Clause: Limit one of each Pok\u00e9mon\n|rule|Item Clause: Limit 1 of each item\n|clearpoke\n|poke|p1|Incineroar, L50, F|\n|poke|p1|Amoonguss, L50, M|\n|poke|p1|Grimmsnarl, L50, M|\n|poke|p1|Urshifu-*, L50, M|\n|poke|p1|Tornadus, L50, M|\n|poke|p1|Kyogre, L50|\n|poke|p2|Miraidon, L50|\n|poke|p2|Dragonite, L50, F|\n|poke|p2|Dondozo, L50, M|\n|poke|p2|Tatsugiri, L50, F|\n|poke|p2|Gholdengo, L50|\n|poke|p2|Chi-Yu, L50|\n|teampreview|4\n|inactive|Battle timer is ON: inactive players will automatically lose when time's up. (requested by Elvegis1)\n|j| Ricorav7\n|\n|t:|1736401012\n|start\n|switch|p1a: Kyogre|Kyogre, L50|100\/100\n|switch|p1b: Grimmsnarl|Grimmsnarl, L50, M|100\/100\n|switch|p2a: Dragonite|Dragonite, L50, F|100\/100\n|switch|p2b: Dondozo|Dondozo, L50, M|100\/100\n|-weather|RainDance|[from] ability: Drizzle|[of] p1a: Kyogre\n|turn|1\n|\n|t:|1736401025\n|switch|p2b: Miraidon|Miraidon, L50|100\/100\n|-fieldstart|move: Electric Terrain|[from] ability: Hadron Engine|[of] p2b: Miraidon\n|-terastallize|p2a: Dragonite|Normal\n|move|p1a: Kyogre|Protect|p1a: Kyogre\n|-singleturn|p1a: Kyogre|Protect\n|move|p2a: Dragonite|Extreme Speed|p1a: Kyogre\n|-activate|p1a: Kyogre|move: Protect\n|move|p1b: Grimmsnarl|Reflect|p1b: Grimmsnarl\n|-sidestart|p1: Elvegis1|Reflect\n|\n|-weather|RainDance|[upkeep]\n|upkeep\n|turn|2\n|\n|t:|1736401040\n|switch|p1a: Amoonguss|Amoonguss, L50, M|100\/100\n|move|p2a: Dragonite|Extreme Speed|p1a: Amoonguss\n|-damage|p1a: Amoonguss|63\/100\n|-damage|p2a: Dragonite|84\/100|[from] item: Rocky Helmet|[of] p1a: Amoonguss\n|move|p1b: Grimmsnarl|Light Screen|p1b: Grimmsnarl\n|-sidestart|p1: Elvegis1|move: Light Screen\n|move|p2b: Miraidon|Draco Meteor|p1a: Amoonguss\n|-damage|p1a: Amoonguss|5\/100\n|-unboost|p2b: Miraidon|spa|2\n|\n|-weather|RainDance|[upkeep]\n|upkeep\n|turn|3\n|j| Surve\n|\n|t:|1736401062\n|move|p1a: Amoonguss|Protect|p1a: Amoonguss\n|-singleturn|p1a: Amoonguss|Protect\n|move|p2a: Dragonite|Extreme Speed|p1b: Grimmsnarl\n|-damage|p1b: Grimmsnarl|51\/100\n|move|p1b: Grimmsnarl|Thunder Wave|p2a: Dragonite\n|-status|p2a: Dragonite|par\n|move|p2b: Miraidon|Dazzling Gleam|p1a: Amoonguss|[spread] p1b\n|-activate|p1a: Amoonguss|move: Protect\n|-supereffective|p1b: Grimmsnarl\n|-damage|p1b: Grimmsnarl|32\/100\n|\n|-weather|RainDance|[upkeep]\n|upkeep\n|turn|4\n|\n|t:|1736401081\n|switch|p1a: Kyogre|Kyogre, L50|100\/100\n|cant|p2a: Dragonite|par\n|move|p2b: Miraidon|Electro Drift|p1a: Kyogre\n|-supereffective|p1a: Kyogre\n|-damage|p1a: Kyogre|44\/100\n|move|p1b: Grimmsnarl|Spirit Break|p2b: Miraidon\n|-supereffective|p2b: Miraidon\n|-damage|p2b: Miraidon|47\/100\n|-unboost|p2b: Miraidon|spa|1\n|\n|-weather|RainDance|[upkeep]\n|-heal|p1a: Kyogre|50\/100|[from] item: Leftovers\n|upkeep\n|turn|5\n|\n|t:|1736401103\n|move|p1a: Kyogre|Protect|p1a: Kyogre\n|-singleturn|p1a: Kyogre|Protect\n|move|p2a: Dragonite|Extreme Speed|p1b: Grimmsnarl\n|-damage|p1b: Grimmsnarl|0 fnt\n|faint|p1b: Grimmsnarl\n|move|p2b: Miraidon|Volt Switch|p1a: Kyogre\n|-activate|p1a: Kyogre|move: Protect\n|\n|-weather|none\n|-heal|p1a: Kyogre|56\/100|[from] item: Leftovers\n|-fieldend|move: Electric Terrain\n|upkeep\n|\n|t:|1736401117\n|switch|p1b: Amoonguss|Amoonguss, L50, M|39\/100\n|turn|6\n|\n|t:|1736401136\n|-terastallize|p1a: Kyogre|Grass\n|cant|p2a: Dragonite|par\n|move|p2b: Miraidon|Volt Switch|p1a: Kyogre\n|-resisted|p1a: Kyogre\n|-damage|p1a: Kyogre|53\/100\n|\n|t:|1736401142\n|switch|p2b: Dondozo|Dondozo, L50, M|100\/100|[from] Volt Switch\n|move|p1a: Kyogre|Ice Beam|p2a: Dragonite\n|-damage|p2a: Dragonite|52\/100 par\n|move|p1b: Amoonguss|Spore|p2b: Dondozo\n|-status|p2b: Dondozo|slp|[from] move: Spore\n|\n|-heal|p1a: Kyogre|59\/100|[from] item: Leftovers\n|upkeep\n|turn|7\n|\n|t:|1736401164\n|switch|p2b: Miraidon|Miraidon, L50|47\/100\n|-fieldstart|move: Electric Terrain|[from] ability: Hadron Engine|[of] p2b: Miraidon\n|switch|p1b: Urshifu|Urshifu-Rapid-Strike, L50, M|100\/100\n|move|p1a: Kyogre|Protect|p1a: Kyogre\n|-singleturn|p1a: Kyogre|Protect\n|move|p2a: Dragonite|Extreme Speed|p1b: Urshifu\n|-damage|p1b: Urshifu|56\/100\n|\n|-heal|p1a: Kyogre|65\/100|[from] item: Leftovers\n|upkeep\n|turn|8\n|inactive|Growth_my_word has 30 seconds left.\n|\n|t:|1736401191\n|move|p1b: Urshifu|Detect|p1b: Urshifu\n|-singleturn|p1b: Urshifu|Protect\n|move|p2a: Dragonite|Extreme Speed|p1b: Urshifu\n|-activate|p1b: Urshifu|move: Protect\n|move|p2b: Miraidon|Volt Switch|p1b: Urshifu\n|-activate|p1b: Urshifu|move: Protect\n|move|p1a: Kyogre|Ice Beam|p2a: Dragonite\n|-damage|p2a: Dragonite|19\/100 par\n|\n|-heal|p1a: Kyogre|71\/100|[from] item: Leftovers\n|-sideend|p1: Elvegis1|Reflect\n|upkeep\n|turn|9\n|\n|t:|1736401209\n|switch|p1b: Amoonguss|Amoonguss, L50, M|72\/100\n|cant|p2a: Dragonite|par\n|move|p2b: Miraidon|Volt Switch|p1b: Amoonguss\n|-resisted|p1b: Amoonguss\n|-damage|p1b: Amoonguss|50\/100\n|\n|t:|1736401216\n|switch|p2b: Dondozo|Dondozo, L50, M|100\/100 slp|[from] Volt Switch\n|move|p1a: Kyogre|Water Spout|p2a: Dragonite|[spread] p2a,p2b\n|-resisted|p2b: Dondozo\n|-damage|p2a: Dragonite|0 fnt\n|-damage|p2b: Dondozo|79\/100 slp\n|faint|p2a: Dragonite\n|\n|-heal|p1a: Kyogre|77\/100|[from] item: Leftovers\n|-heal|p2b: Dondozo|85\/100 slp|[from] item: Leftovers\n|-sideend|p1: Elvegis1|move: Light Screen\n|upkeep\n|\n|t:|1736401226\n|switch|p2a: Miraidon|Miraidon, L50|47\/100\n|-activate|p2a: Miraidon|ability: Hadron Engine\n|turn|10\n|\n|t:|1736401235\n|cant|p2b: Dondozo|slp\n|move|p1b: Amoonguss|Protect|p1b: Amoonguss\n|-singleturn|p1b: Amoonguss|Protect\n|move|p2a: Miraidon|Draco Meteor|p1b: Amoonguss\n|-activate|p1b: Amoonguss|move: Protect\n|move|p1a: Kyogre|Calm Mind|p1a: Kyogre\n|-boost|p1a: Kyogre|spa|1\n|-boost|p1a: Kyogre|spd|1\n|\n|-heal|p1a: Kyogre|83\/100|[from] item: Leftovers\n|-heal|p2b: Dondozo|92\/100 slp|[from] item: Leftovers\n|upkeep\n|turn|11\n|j| AxonAries\n|\n|t:|1736401249\n|switch|p1b: Urshifu|Urshifu-Rapid-Strike, L50, M|56\/100\n|move|p2a: Miraidon|Draco Meteor|p1b: Urshifu\n|-damage|p1b: Urshifu|0 fnt\n|-unboost|p2a: Miraidon|spa|2\n|faint|p1b: Urshifu\n|move|p1a: Kyogre|Ice Beam|p2a: Miraidon\n|-supereffective|p2a: Miraidon\n|-damage|p2a: Miraidon|0 fnt\n|faint|p2a: Miraidon\n|-curestatus|p2b: Dondozo|slp|[msg]\n|move|p2b: Dondozo|Order Up|p1a: Kyogre\n|-damage|p1a: Kyogre|62\/100\n|\n|-heal|p1a: Kyogre|68\/100|[from] item: Leftovers\n|-heal|p2b: Dondozo|98\/100|[from] item: Leftovers\n|-fieldend|move: Electric Terrain\n|upkeep\n|\n|t:|1736401265\n|switch|p2a: Tatsugiri|Tatsugiri, L50, F|100\/100\n|switch|p1b: Amoonguss|Amoonguss, L50, M|84\/100\n|-activate|p2a: Tatsugiri|ability: Commander|[of] p2b: Dondozo\n|-boost|p2b: Dondozo|atk|2\n|-boost|p2b: Dondozo|spa|2\n|-boost|p2b: Dondozo|spe|2\n|-boost|p2b: Dondozo|def|2\n|-boost|p2b: Dondozo|spd|2\n|turn|12\n|\n|t:|1736401284\n|move|p2b: Dondozo|Order Up|p1b: Amoonguss\n|-damage|p1b: Amoonguss|50\/100\n|-boost|p2b: Dondozo|atk|1\n|move|p1a: Kyogre|Water Spout|p2b: Dondozo|[spread] p2b\n|-miss|p1a: Kyogre|p2a: Tatsugiri\n|-resisted|p2b: Dondozo\n|-crit|p2b: Dondozo\n|-damage|p2b: Dondozo|66\/100\n|move|p1b: Amoonguss|Spore|p2b: Dondozo\n|-status|p2b: Dondozo|slp|[from] move: Spore\n|\n|-heal|p2b: Dondozo|72\/100 slp|[from] item: Leftovers\n|-heal|p1a: Kyogre|74\/100|[from] item: Leftovers\n|upkeep\n|turn|13\n|\n|t:|1736401298\n|cant|p2b: Dondozo|slp\n|move|p1a: Kyogre|Ice Beam|p2b: Dondozo\n|-resisted|p2b: Dondozo\n|-damage|p2b: Dondozo|64\/100 slp\n|move|p1b: Amoonguss|Pollen Puff|p1a: Kyogre\n|-heal|p1a: Kyogre|100\/100\n|\n|-heal|p2b: Dondozo|70\/100 slp|[from] item: Leftovers\n|upkeep\n|turn|14\n|\n|t:|1736401308\n|-curestatus|p2b: Dondozo|slp|[msg]\n|move|p2b: Dondozo|Order Up|p1a: Kyogre\n|-damage|p1a: Kyogre|43\/100\n|-boost|p2b: Dondozo|atk|1\n|move|p1a: Kyogre|Water Spout|p2a: Tatsugiri|[spread] p2b\n|-miss|p1a: Kyogre|p2a: Tatsugiri\n|-resisted|p2b: Dondozo\n|-damage|p2b: Dondozo|63\/100\n|move|p1b: Amoonguss|Pollen Puff|p2b: Dondozo\n|-damage|p2b: Dondozo|54\/100\n|\n|-heal|p2b: Dondozo|60\/100|[from] item: Leftovers\n|-heal|p1a: Kyogre|49\/100|[from] item: Leftovers\n|upkeep\n|turn|15\n|\n|t:|1736401330\n|move|p1a: Kyogre|Protect|p1a: Kyogre\n|-singleturn|p1a: Kyogre|Protect\n|move|p2b: Dondozo|Order Up|p1b: Amoonguss\n|-damage|p1b: Amoonguss|0 fnt\n|faint|p1b: Amoonguss\n|-boost|p2b: Dondozo|atk|1\n|\n|-heal|p2b: Dondozo|66\/100|[from] item: Leftovers\n|-heal|p1a: Kyogre|55\/100|[from] item: Leftovers\n|upkeep\n|turn|16\n|\n|t:|1736401340\n|move|p2b: Dondozo|Order Up|p1a: Kyogre\n|-damage|p1a: Kyogre|0 fnt\n|faint|p1a: Kyogre\n|\n|win|Growth_my_word\n|raw|Elvegis1's rating: 1688 &rarr; <strong>1665<\/strong><br \/>(-23 for losing)\n|raw|Growth_my_word's rating: 1639 &rarr; <strong>1662<\/strong><br \/>(+23 for winning)\n|l|\u2606Elvegis1\n|player|p1|\n|l|\u2606Growth_my_word\n|player|p2|\n|l| Surve\n|l| Ricorav7\n|l| AxonAries\n","uploadtime":1736401578,"views":393,"formatid":"gen9vgc2025regg","rating":1662,"private":0,"password":null}