{"id":"gen9vgc2025regg-2277888540","format":"[Gen 9] VGC 2025 Reg G","players":["monoma","I'm a theorem"],"log":"|j|\u2606monoma\n|j|\u2606I'm a theorem\n|t:|1736433252\n|gametype|doubles\n|player|p1|monoma|1|1581\n|player|p2|I'm a theorem|lucas|1569\n|teamsize|p1|6\n|teamsize|p2|6\n|gen|9\n|tier|[Gen 9] VGC 2025 Reg G\n|rated|\n|rule|Species Clause: Limit one of each Pok\u00e9mon\n|rule|Item Clause: Limit 1 of each item\n|clearpoke\n|poke|p1|Calyrex-Ice, L50|\n|poke|p1|Iron Valiant, L50|\n|poke|p1|Urshifu-*, L50, F|\n|poke|p1|Pelipper, L50, M|\n|poke|p1|Landorus, L50, M|\n|poke|p1|Amoonguss, L50, F|\n|poke|p2|Ogerpon-Hearthflame, L50, F|\n|poke|p2|Urshifu-*, L50, F|\n|poke|p2|Farigiraf, L50, M|\n|poke|p2|Flutter Mane, L50|\n|poke|p2|Whimsicott, L50, F|\n|poke|p2|Terapagos, L50, M|\n|teampreview|4\n|inactive|Battle timer is ON: inactive players will automatically lose when time's up. (requested by monoma)\n|\n|t:|1736433312\n|start\n|switch|p1a: Calyrex|Calyrex-Ice, L50|100\/100\n|switch|p1b: Pelipper|Pelipper, L50, M|100\/100\n|switch|p2a: Farigiraf|Farigiraf, L50, M|100\/100\n|switch|p2b: Terapagos|Terapagos, L50, M|100\/100\n|-activate|p2b: Terapagos|ability: Tera Shift\n|detailschange|p2b: Terapagos|Terapagos-Terastal, L50, M\n|-heal|p2b: Terapagos|100\/100|[silent]\n|-ability|p1a: Calyrex|As One\n|-ability|p1a: Calyrex|Unnerve\n|-weather|RainDance|[from] ability: Drizzle|[of] p1b: Pelipper\n|turn|1\n|inactive|monoma has 30 seconds left.\n|inactive|monoma has 20 seconds left.\n|inactive|monoma has 15 seconds left.\n|inactive|monoma has 10 seconds left.\n|\n|t:|1736433360\n|move|p1a: Calyrex|Protect|p1a: Calyrex\n|-singleturn|p1a: Calyrex|Protect\n|move|p2b: Terapagos|Tera Starstorm|p1b: Pelipper\n|-damage|p1b: Pelipper|0 fnt\n|faint|p1b: Pelipper\n|move|p2a: Farigiraf|Twin Beam|p1a: Calyrex\n|-activate|p1a: Calyrex|move: Protect\n|\n|-weather|RainDance|[upkeep]\n|upkeep\n|\n|t:|1736433376\n|switch|p1b: Iron Valiant|Iron Valiant, L50|100\/100\n|-enditem|p1b: Iron Valiant|Booster Energy\n|-activate|p1b: Iron Valiant|ability: Quark Drive|[fromitem]\n|-start|p1b: Iron Valiant|quarkdrivespe\n|turn|2\n|\n|t:|1736433395\n|-terastallize|p2b: Terapagos|Stellar\n|detailschange|p2b: Terapagos|Terapagos-Stellar, L50, M, tera:Stellar\n|-heal|p2b: Terapagos|100\/100|[silent]\n|-ability|p2b: Terapagos|Teraform Zero\n|-weather|none\n|move|p1b: Iron Valiant|Spirit Break|p2b: Terapagos\n|-damage|p2b: Terapagos|80\/100\n|-unboost|p2b: Terapagos|spa|1\n|move|p2b: Terapagos|Tera Starstorm|p1b: Iron Valiant|[spread] p1a,p1b\n|-damage|p1a: Calyrex|76\/100\n|-damage|p1b: Iron Valiant|39\/100\n|move|p2a: Farigiraf|Foul Play|p1a: Calyrex\n|-supereffective|p1a: Calyrex\n|-damage|p1a: Calyrex|7\/100\n|-damage|p2a: Farigiraf|91\/100|[from] item: Life Orb\n|move|p1a: Calyrex|Glacial Lance|p2b: Terapagos|[spread] p2a,p2b\n|-damage|p2a: Farigiraf|20\/100\n|-damage|p2b: Terapagos|44\/100\n|\n|upkeep\n|turn|3\n|inactive|monoma has 30 seconds left.\n|inactive|monoma has 20 seconds left.\n|\n|t:|1736433431\n|switch|p1a: Urshifu|Urshifu-Rapid-Strike, L50, F|100\/100\n|move|p1b: Iron Valiant|Spirit Break|p2b: Terapagos\n|-damage|p2b: Terapagos|23\/100\n|-unboost|p2b: Terapagos|spa|1\n|move|p2b: Terapagos|Tera Starstorm|p1b: Iron Valiant|[spread] p1a,p1b\n|-damage|p1a: Urshifu|76\/100\n|-damage|p1b: Iron Valiant|15\/100\n|move|p2a: Farigiraf|Foul Play|p1a: Urshifu\n|-resisted|p1a: Urshifu\n|-damage|p1a: Urshifu|51\/100\n|-damage|p2a: Farigiraf|10\/100|[from] item: Life Orb\n|\n|upkeep\n|turn|4\n|inactive|monoma has 30 seconds left.\n|\n|t:|1736433456\n|move|p1b: Iron Valiant|Spirit Break|p2a: Farigiraf\n|-damage|p2a: Farigiraf|0 fnt\n|faint|p2a: Farigiraf\n|move|p1a: Urshifu|Surging Strikes|p2b: Terapagos\n|-crit|p2b: Terapagos\n|-damage|p2b: Terapagos|10\/100\n|-crit|p2b: Terapagos\n|-damage|p2b: Terapagos|0 fnt\n|faint|p2b: Terapagos\n|-hitcount|p2: Terapagos|2\n|\n|upkeep\n|\n|t:|1736433467\n|switch|p2b: Ogerpon|Ogerpon-Hearthflame, L50, F|100\/100\n|switch|p2a: Urshifu|Urshifu-Rapid-Strike, L50, F|100\/100\n|-ability|p2b: Ogerpon|Mold Breaker\n|turn|5\n|\n|t:|1736433481\n|move|p2a: Urshifu|Aqua Jet|p1b: Iron Valiant\n|-damage|p1b: Iron Valiant|0 fnt\n|faint|p1b: Iron Valiant\n|-end|p1b: Iron Valiant|Quark Drive|[silent]\n|move|p1a: Urshifu|Aqua Jet|p2b: Ogerpon\n|-damage|p2b: Ogerpon|71\/100\n|move|p2b: Ogerpon|Wood Hammer|p1a: Urshifu\n|-supereffective|p1a: Urshifu\n|-damage|p1a: Urshifu|0 fnt\n|faint|p1a: Urshifu\n|-damage|p2b: Ogerpon|52\/100|[from] Recoil\n|\n|upkeep\n|-message|monoma forfeited.\n|\n|win|I'm a theorem\n|raw|monoma's rating: 1581 &rarr; <strong>1560<\/strong><br \/>(-21 for losing)\n|raw|I&apos;m a theorem's rating: 1569 &rarr; <strong>1590<\/strong><br \/>(+21 for winning)\n|l|\u2606monoma\n|player|p1|\n|l|\u2606I'm a theorem\n|player|p2|\n","uploadtime":1736433498,"views":281,"formatid":"gen9vgc2025regg","rating":1560,"private":0,"password":null}