{"id":"gen9vgc2025regg-2277948521","format":"[Gen 9] VGC 2025 Reg G","players":["UnluckyTogekissZ","ekalsow"],"log":"|j|\u2606UnluckyTogekissZ\n|j|\u2606ekalsow\n|t:|1736439795\n|gametype|doubles\n|player|p1|UnluckyTogekissZ|266|1584\n|player|p2|ekalsow|gambler|1625\n|teamsize|p1|6\n|teamsize|p2|6\n|gen|9\n|tier|[Gen 9] VGC 2025 Reg G\n|rated|\n|rule|Species Clause: Limit one of each Pok\u00e9mon\n|rule|Item Clause: Limit 1 of each item\n|clearpoke\n|poke|p1|Calyrex-Shadow, L50|\n|poke|p1|Raging Bolt, L50|\n|poke|p1|Clefairy, L50, F|\n|poke|p1|Urshifu-*, L50, F|\n|poke|p1|Incineroar, L50, F|\n|poke|p1|Rillaboom, L50, M|\n|poke|p2|Zapdos-Galar, L50|\n|poke|p2|Zacian-*, L50|\n|poke|p2|Whimsicott, L50, F|\n|poke|p2|Farigiraf, L50, M|\n|poke|p2|Kingambit, L50, M|\n|poke|p2|Ogerpon-Wellspring, L50, F|\n|teampreview|4\n|c|\u2606ekalsow|glhf\n|\n|t:|1736439837\n|start\n|switch|p1a: Clefairy|Clefairy, L50, F|100\/100\n|switch|p1b: Urshifu|Urshifu-Rapid-Strike, L50, F|100\/100\n|switch|p2a: Zapdos|Zapdos-Galar, L50, shiny|100\/100\n|switch|p2b: Kingambit|Kingambit, L50, M, shiny|100\/100\n|turn|1\n|inactive|Battle timer is ON: inactive players will automatically lose when time's up. (requested by ekalsow)\n|inactive|ekalsow has 60 seconds left.\n|\n|t:|1736439883\n|move|p1b: Urshifu|Detect|p1b: Urshifu\n|-singleturn|p1b: Urshifu|Protect\n|move|p1a: Clefairy|Protect|p1a: Clefairy\n|-singleturn|p1a: Clefairy|Protect\n|move|p2a: Zapdos|Brave Bird|p1b: Urshifu\n|-activate|p1b: Urshifu|move: Protect\n|move|p2b: Kingambit|Kowtow Cleave|p1b: Urshifu\n|-activate|p1b: Urshifu|move: Protect\n|\n|upkeep\n|turn|2\n|inactive|ekalsow has 30 seconds left.\n|inactive|ekalsow has 20 seconds left.\n|\n|t:|1736439922\n|switch|p1a: Calyrex|Calyrex-Shadow, L50|100\/100\n|-ability|p1a: Calyrex|As One\n|-ability|p1a: Calyrex|Unnerve\n|move|p2a: Zapdos|Brave Bird|p1a: Calyrex\n|-damage|p1a: Calyrex|42\/100\n|-damage|p2a: Zapdos|78\/100|[from] Recoil\n|move|p1b: Urshifu|Close Combat|p2b: Kingambit\n|-supereffective|p2b: Kingambit\n|-damage|p2b: Kingambit|0 fnt\n|-unboost|p1b: Urshifu|def|1\n|-unboost|p1b: Urshifu|spd|1\n|faint|p2b: Kingambit\n|\n|upkeep\n|\n|t:|1736439934\n|switch|p2b: Zacian|Zacian-Crowned, L50, shiny|100\/100\n|-ability|p2b: Zacian|Intrepid Sword|boost\n|-boost|p2b: Zacian|atk|1\n|turn|3\n|\n|t:|1736439949\n|move|p1a: Calyrex|Protect|p1a: Calyrex\n|-singleturn|p1a: Calyrex|Protect\n|move|p2a: Zapdos|Brave Bird|p1a: Calyrex\n|-activate|p1a: Calyrex|move: Protect\n|move|p2b: Zacian|Behemoth Blade|p1a: Calyrex\n|-activate|p1a: Calyrex|move: Protect\n|move|p1b: Urshifu|Surging Strikes|p2a: Zapdos\n|-crit|p2a: Zapdos\n|-damage|p2a: Zapdos|54\/100\n|-crit|p2a: Zapdos\n|-damage|p2a: Zapdos|32\/100\n|-crit|p2a: Zapdos\n|-damage|p2a: Zapdos|6\/100\n|-hitcount|p2a: Zapdos|3\n|\n|upkeep\n|turn|4\n|inactive|UnluckyTogekissZ has 30 seconds left.\n|\n|t:|1736439975\n|switch|p1a: Incineroar|Incineroar, L50, F|100\/100\n|-ability|p1a: Incineroar|Intimidate|boost\n|-unboost|p2a: Zapdos|atk|1\n|-ability|p2a: Zapdos|Defiant|boost\n|-boost|p2a: Zapdos|atk|2\n|-unboost|p2b: Zacian|atk|1\n|move|p2a: Zapdos|Brave Bird|p1b: Urshifu\n|-supereffective|p1b: Urshifu\n|-enditem|p1b: Urshifu|Focus Sash\n|-damage|p1b: Urshifu|1\/100\n|-damage|p2a: Zapdos|0 fnt|[from] Recoil\n|faint|p2a: Zapdos\n|move|p2b: Zacian|Behemoth Blade|p1a: Incineroar\n|-resisted|p1a: Incineroar\n|-damage|p1a: Incineroar|76\/100\n|move|p1b: Urshifu|Surging Strikes|p2b: Zacian\n|-crit|p2b: Zacian\n|-damage|p2b: Zacian|82\/100\n|-crit|p2b: Zacian\n|-damage|p2b: Zacian|63\/100\n|-crit|p2b: Zacian\n|-damage|p2b: Zacian|46\/100\n|-hitcount|p2b: Zacian|3\n|\n|upkeep\n|\n|t:|1736439980\n|switch|p2a: Farigiraf|Farigiraf, L50, M, shiny|100\/100\n|turn|5\n|inactive|ekalsow has 30 seconds left.\n|inactive|ekalsow has 20 seconds left.\n|inactive|ekalsow has 15 seconds left.\n|\n|t:|1736440023\n|switch|p1a: Clefairy|Clefairy, L50, F|100\/100\n|-terastallize|p2b: Zacian|Ground\n|move|p2b: Zacian|Behemoth Blade|p1b: Urshifu\n|-resisted|p1b: Urshifu\n|-damage|p1b: Urshifu|0 fnt\n|faint|p1b: Urshifu\n|move|p2a: Farigiraf|Hyper Voice|p1a: Clefairy\n|-damage|p1a: Clefairy|58\/100\n|-enditem|p2a: Farigiraf|Throat Spray\n|-boost|p2a: Farigiraf|spa|1|[from] item: Throat Spray\n|\n|upkeep\n|\n|t:|1736440037\n|switch|p1b: Calyrex|Calyrex-Shadow, L50|42\/100\n|-ability|p1b: Calyrex|As One\n|-ability|p1b: Calyrex|Unnerve\n|turn|6\n|\n|t:|1736440060\n|move|p2b: Zacian|Protect|p2b: Zacian\n|-singleturn|p2b: Zacian|Protect\n|move|p1a: Clefairy|Follow Me|p1a: Clefairy\n|-singleturn|p1a: Clefairy|move: Follow Me\n|move|p1b: Calyrex|Astral Barrage|p2b: Zacian|[spread] \n|-activate|p2b: Zacian|move: Protect\n|-immune|p2a: Farigiraf\n|move|p2a: Farigiraf|Hyper Voice|p1b: Calyrex|[spread] p1a\n|-immune|p1b: Calyrex\n|-damage|p1a: Clefairy|12\/100\n|\n|upkeep\n|turn|7\n|j| neebieplayersea\n|inactive|ekalsow has 30 seconds left.\n|\n|t:|1736440086\n|move|p1a: Clefairy|Follow Me|p1a: Clefairy\n|-singleturn|p1a: Clefairy|move: Follow Me\n|move|p2b: Zacian|Behemoth Blade|p1a: Clefairy\n|-supereffective|p1a: Clefairy\n|-damage|p1a: Clefairy|0 fnt\n|faint|p1a: Clefairy\n|move|p1b: Calyrex|Astral Barrage|p2b: Zacian|[spread] p2b\n|-immune|p2a: Farigiraf\n|-damage|p2b: Zacian|0 fnt\n|faint|p2b: Zacian\n|-ability|p1b: Calyrex|Grim Neigh|boost\n|-boost|p1b: Calyrex|spa|1\n|move|p2a: Farigiraf|Psychic Noise|p1b: Calyrex\n|-resisted|p1b: Calyrex\n|-damage|p1b: Calyrex|18\/100\n|\n|upkeep\n|\n|t:|1736440090\n|switch|p1a: Incineroar|Incineroar, L50, F|76\/100\n|-ability|p1a: Incineroar|Intimidate|boost\n|-unboost|p2a: Farigiraf|atk|1\n|turn|8\n|\n|t:|1736440100\n|-terastallize|p1b: Calyrex|Fairy\n|move|p2a: Farigiraf|Protect|p2a: Farigiraf\n|-singleturn|p2a: Farigiraf|Protect\n|move|p1b: Calyrex|Draining Kiss|p2a: Farigiraf\n|-activate|p2a: Farigiraf|move: Protect\n|move|p1a: Incineroar|Knock Off|p2a: Farigiraf\n|-activate|p2a: Farigiraf|move: Protect\n|\n|upkeep\n|turn|9\n|\n|t:|1736440108\n|move|p1b: Calyrex|Draining Kiss|p2a: Farigiraf\n|-damage|p2a: Farigiraf|49\/100\n|-heal|p1b: Calyrex|60\/100|[from] drain|[of] p2a: Farigiraf\n|move|p1a: Incineroar|Knock Off|p2a: Farigiraf\n|-supereffective|p2a: Farigiraf\n|-damage|p2a: Farigiraf|0 fnt\n|faint|p2a: Farigiraf\n|\n|win|UnluckyTogekissZ\n|raw|UnluckyTogekissZ's rating: 1584 &rarr; <strong>1606<\/strong><br \/>(+22 for winning)\n|raw|ekalsow's rating: 1625 &rarr; <strong>1603<\/strong><br \/>(-22 for losing)\n|l|\u2606ekalsow\n|player|p2|\n|l| neebieplayersea\n|l|\u2606UnluckyTogekissZ\n|player|p1|\n","uploadtime":1736440361,"views":297,"formatid":"gen9vgc2025regg","rating":1603,"private":0,"password":null}