{"id":"gen9vgc2025regg-2277649886","format":"[Gen 9] VGC 2025 Reg G","players":["BattleBlazikenVGC","I'm a theorem"],"log":"|j|\u2606BattleBlazikenVGC\n|j|\u2606I'm a theorem\n|t:|1736392591\n|gametype|doubles\n|player|p1|BattleBlazikenVGC|ltsurge|1588\n|player|p2|I'm a theorem|caitlin|1571\n|teamsize|p1|6\n|teamsize|p2|6\n|gen|9\n|tier|[Gen 9] VGC 2025 Reg G\n|rated|\n|rule|Species Clause: Limit one of each Pok\u00e9mon\n|rule|Item Clause: Limit 1 of each item\n|clearpoke\n|poke|p1|Kyogre, L50|\n|poke|p1|Incineroar, L50, M|\n|poke|p1|Wo-Chien, L50|\n|poke|p1|Grimmsnarl, L50, M|\n|poke|p1|Urshifu-*, L50, F|\n|poke|p1|Landorus, L50, M|\n|poke|p2|Terapagos, L50, M|\n|poke|p2|Urshifu-*, L50, F|\n|poke|p2|Farigiraf, L50, F|\n|poke|p2|Flutter Mane, L50|\n|poke|p2|Whimsicott, L50, F|\n|poke|p2|Ogerpon-Hearthflame, L50, F|\n|teampreview|4\n|c|\u2606BattleBlazikenVGC|you have a terrifying username\n|\n|t:|1736392664\n|start\n|switch|p1a: Incineroar|Incineroar, L50, M|100\/100\n|switch|p1b: Urshifu|Urshifu-Rapid-Strike, L50, F|100\/100\n|switch|p2a: Terapagos|Terapagos, L50, M|100\/100\n|switch|p2b: Flutter Mane|Flutter Mane, L50|100\/100\n|-activate|p2a: Terapagos|ability: Tera Shift\n|detailschange|p2a: Terapagos|Terapagos-Terastal, L50, M\n|-heal|p2a: Terapagos|100\/100|[silent]\n|-ability|p1a: Incineroar|Intimidate|boost\n|-unboost|p2a: Terapagos|atk|1\n|-unboost|p2b: Flutter Mane|atk|1\n|-enditem|p2b: Flutter Mane|Booster Energy\n|-activate|p2b: Flutter Mane|ability: Protosynthesis|[fromitem]\n|-start|p2b: Flutter Mane|protosynthesisspe\n|turn|1\n|\n|t:|1736392683\n|switch|p1b: Kyogre|Kyogre, L50|100\/100\n|-weather|RainDance|[from] ability: Drizzle|[of] p1b: Kyogre\n|move|p2b: Flutter Mane|Icy Wind|p1b: Kyogre|[spread] p1a,p1b\n|-resisted|p1a: Incineroar\n|-resisted|p1b: Kyogre\n|-damage|p1a: Incineroar|95\/100\n|-damage|p1b: Kyogre|98\/100\n|-unboost|p1a: Incineroar|spe|1\n|-unboost|p1b: Kyogre|spe|1\n|move|p2a: Terapagos|Tera Starstorm|p1b: Kyogre\n|-damage|p1b: Kyogre|63\/100\n|move|p1a: Incineroar|Knock Off|p2b: Flutter Mane\n|-damage|p2b: Flutter Mane|64\/100\n|\n|-weather|RainDance|[upkeep]\n|upkeep\n|turn|2\n|\n|t:|1736392696\n|-terastallize|p2a: Terapagos|Stellar\n|detailschange|p2a: Terapagos|Terapagos-Stellar, L50, M, tera:Stellar\n|-heal|p2a: Terapagos|100\/100|[silent]\n|-ability|p2a: Terapagos|Teraform Zero\n|-weather|none\n|move|p2b: Flutter Mane|Moonblast|p1a: Incineroar\n|-damage|p1a: Incineroar|57\/100\n|move|p2a: Terapagos|Tera Starstorm|p1a: Incineroar|[spread] p1a,p1b\n|-crit|p1a: Incineroar\n|-damage|p1a: Incineroar|0 fnt\n|-damage|p1b: Kyogre|36\/100\n|faint|p1a: Incineroar\n|move|p1b: Kyogre|Origin Pulse|p2a: Terapagos|[spread] p2a\n|-miss|p1b: Kyogre|p2b: Flutter Mane\n|-damage|p2a: Terapagos|71\/100\n|\n|upkeep\n|\n|t:|1736392715\n|switch|p1a: Wo-Chien|Wo-Chien, L50|100\/100\n|-ability|p1a: Wo-Chien|Tablets of Ruin\n|turn|3\n|\n|t:|1736392723\n|move|p2b: Flutter Mane|Moonblast|p1a: Wo-Chien\n|-supereffective|p1a: Wo-Chien\n|-damage|p1a: Wo-Chien|44\/100\n|-unboost|p1a: Wo-Chien|spa|1\n|move|p2a: Terapagos|Tera Starstorm|p1b: Kyogre|[spread] p1a,p1b\n|-damage|p1a: Wo-Chien|1\/100\n|-damage|p1b: Kyogre|12\/100\n|move|p1a: Wo-Chien|Pollen Puff|p1b: Kyogre\n|-heal|p1b: Kyogre|62\/100\n|move|p1b: Kyogre|Origin Pulse|p2b: Flutter Mane|[spread] p2a,p2b\n|-damage|p2a: Terapagos|40\/100\n|-damage|p2b: Flutter Mane|12\/100\n|\n|-heal|p1a: Wo-Chien|7\/100|[from] item: Leftovers\n|upkeep\n|turn|4\n|\n|t:|1736392737\n|move|p1a: Wo-Chien|Protect|p1a: Wo-Chien\n|-singleturn|p1a: Wo-Chien|Protect\n|move|p2b: Flutter Mane|Moonblast|p1b: Kyogre\n|-damage|p1b: Kyogre|44\/100\n|move|p2a: Terapagos|Tera Starstorm|p1b: Kyogre|[spread] p1b\n|-activate|p1a: Wo-Chien|move: Protect\n|-damage|p1b: Kyogre|18\/100\n|move|p1b: Kyogre|Origin Pulse|p2b: Flutter Mane|[spread] p2a,p2b\n|-damage|p2a: Terapagos|9\/100\n|-damage|p2b: Flutter Mane|0 fnt\n|faint|p2b: Flutter Mane\n|-end|p2b: Flutter Mane|Protosynthesis|[silent]\n|\n|-heal|p1a: Wo-Chien|14\/100|[from] item: Leftovers\n|upkeep\n|\n|t:|1736392744\n|switch|p2b: Urshifu|Urshifu-Rapid-Strike, L50, F|100\/100\n|turn|5\n|\n|t:|1736392752\n|move|p2b: Urshifu|Surging Strikes|p1a: Wo-Chien\n|-resisted|p1a: Wo-Chien\n|-crit|p1a: Wo-Chien\n|-damage|p1a: Wo-Chien|7\/100\n|-resisted|p1a: Wo-Chien\n|-crit|p1a: Wo-Chien\n|-damage|p1a: Wo-Chien|1\/100\n|-resisted|p1a: Wo-Chien\n|-crit|p1a: Wo-Chien\n|-damage|p1a: Wo-Chien|0 fnt\n|faint|p1a: Wo-Chien\n|-hitcount|p1: Wo-Chien|3\n|move|p2a: Terapagos|Tera Starstorm|p1b: Kyogre\n|-damage|p1b: Kyogre|0 fnt\n|faint|p1b: Kyogre\n|\n|upkeep\n|\n|t:|1736392756\n|switch|p1b: Urshifu|Urshifu-Rapid-Strike, L50, F|100\/100\n|turn|6\n|\n|t:|1736392762\n|move|p1b: Urshifu|Surging Strikes|p2a: Terapagos\n|-crit|p2a: Terapagos\n|-damage|p2a: Terapagos|0 fnt\n|faint|p2a: Terapagos\n|-hitcount|p2: Terapagos|1\n|move|p2b: Urshifu|Close Combat|p1b: Urshifu\n|-damage|p1b: Urshifu|35\/100\n|-unboost|p2b: Urshifu|def|1\n|-unboost|p2b: Urshifu|spd|1\n|\n|upkeep\n|\n|t:|1736392764\n|switch|p2a: Ogerpon|Ogerpon-Hearthflame, L50, F|100\/100\n|-ability|p2a: Ogerpon|Mold Breaker\n|turn|7\n|\n|t:|1736392767\n|move|p1b: Urshifu|Surging Strikes|p2a: Ogerpon\n|-crit|p2a: Ogerpon\n|-damage|p2a: Ogerpon|76\/100\n|-crit|p2a: Ogerpon\n|-damage|p2a: Ogerpon|55\/100\n|-crit|p2a: Ogerpon\n|-damage|p2a: Ogerpon|32\/100\n|-hitcount|p2a: Ogerpon|3\n|move|p2b: Urshifu|Close Combat|p1b: Urshifu\n|-damage|p1b: Urshifu|0 fnt\n|-unboost|p2b: Urshifu|def|1\n|-unboost|p2b: Urshifu|spd|1\n|faint|p1b: Urshifu\n|\n|win|I'm a theorem\n|raw|BattleBlazikenVGC's rating: 1588 &rarr; <strong>1568<\/strong><br \/>(-20 for losing)\n|raw|I&apos;m a theorem's rating: 1596 &rarr; <strong>1616<\/strong><br \/>(+20 for winning)\n|l|\u2606BattleBlazikenVGC\n|player|p1|\n|l|\u2606I'm a theorem\n|player|p2|\n","uploadtime":1736392970,"views":261,"formatid":"gen9vgc2025regg","rating":1568,"private":0,"password":null}