{"id":"gen9vgc2025regg-2277647969","format":"[Gen 9] VGC 2025 Reg G","players":["BattleBlazikenVGC","yukakopoke"],"log":"|j|\u2606BattleBlazikenVGC\n|j|\u2606yukakopoke\n|t:|1736392308\n|gametype|doubles\n|player|p1|BattleBlazikenVGC|ltsurge|1540\n|player|p2|yukakopoke|102|1602\n|teamsize|p1|6\n|teamsize|p2|6\n|gen|9\n|tier|[Gen 9] VGC 2025 Reg G\n|rated|\n|rule|Species Clause: Limit one of each Pok\u00e9mon\n|rule|Item Clause: Limit 1 of each item\n|clearpoke\n|poke|p1|Kyogre, L50|\n|poke|p1|Incineroar, L50, F|\n|poke|p1|Wo-Chien, L50|\n|poke|p1|Grimmsnarl, L50, M|\n|poke|p1|Urshifu-*, L50, M|\n|poke|p1|Landorus, L50, M|\n|poke|p2|Tatsugiri, L50, M|\n|poke|p2|Dondozo, L50, F|\n|poke|p2|Weezing-Galar, L50, M|\n|poke|p2|Calyrex-Shadow, L50|\n|poke|p2|Ursaluna, L50, F|\n|poke|p2|Glimmora, L50, F|\n|teampreview|4\n|inactive|Battle timer is ON: inactive players will automatically lose when time's up. (requested by yukakopoke)\nyukakopoke rejected open team sheets.\n|\n|t:|1736392345\n|start\n|switch|p1a: Kyogre|Kyogre, L50|100\/100\n|switch|p1b: Wo-Chien|Wo-Chien, L50|100\/100\n|switch|p2a: Weezing|Weezing-Galar, L50, M|100\/100\n|switch|p2b: Calyrex|Calyrex-Shadow, L50|100\/100\n|-ability|p2b: Calyrex|As One\n|-ability|p2b: Calyrex|Unnerve\n|-ability|p2a: Weezing|Neutralizing Gas\n|turn|1\n|\n|t:|1736392359\n|move|p2b: Calyrex|Leaf Storm|p1a: Kyogre\n|-supereffective|p1a: Kyogre\n|-damage|p1a: Kyogre|19\/100\n|-unboost|p2b: Calyrex|spa|2\n|move|p1b: Wo-Chien|Snarl|p2b: Calyrex|[spread] p2a,p2b\n|-resisted|p2a: Weezing\n|-supereffective|p2b: Calyrex\n|-damage|p2a: Weezing|95\/100\n|-damage|p2b: Calyrex|43\/100\n|-unboost|p2a: Weezing|spa|1\n|-unboost|p2b: Calyrex|spa|1\n|move|p1a: Kyogre|Origin Pulse|p2a: Weezing|[spread] p2a,p2b\n|-damage|p2a: Weezing|51\/100\n|-damage|p2b: Calyrex|0 fnt\n|faint|p2b: Calyrex\n|move|p2a: Weezing|Poison Gas|p1b: Wo-Chien|[spread] p1a,p1b\n|-status|p1a: Kyogre|psn\n|-status|p1b: Wo-Chien|psn\n|\n|-damage|p1b: Wo-Chien|88\/100 psn|[from] psn\n|-damage|p1a: Kyogre|7\/100 psn|[from] psn\n|upkeep\n|\n|t:|1736392372\n|switch|p2b: Dondozo|Dondozo, L50, F|100\/100\n|turn|2\n|\n|t:|1736392380\n|-end|p2a: Weezing|ability: Neutralizing Gas\n|-ability|p1b: Wo-Chien|Tablets of Ruin\n|-weather|RainDance|[from] ability: Drizzle|[of] p1a: Kyogre\n|switch|p2a: Tatsugiri|Tatsugiri, L50, M|100\/100\n|-activate|p2a: Tatsugiri|ability: Commander|[of] p2b: Dondozo\n|-boost|p2b: Dondozo|atk|2\n|-boost|p2b: Dondozo|spa|2\n|-boost|p2b: Dondozo|spe|2\n|-boost|p2b: Dondozo|def|2\n|-boost|p2b: Dondozo|spd|2\n|move|p1b: Wo-Chien|Pollen Puff|p1a: Kyogre\n|-heal|p1a: Kyogre|57\/100 psn\n|move|p1a: Kyogre|Thunder|p2b: Dondozo\n|-supereffective|p2b: Dondozo\n|-damage|p2b: Dondozo|67\/100\n|-status|p2b: Dondozo|par\n|move|p2b: Dondozo|Substitute|p2b: Dondozo\n|-start|p2b: Dondozo|Substitute\n|-damage|p2b: Dondozo|42\/100 par\n|\n|-weather|RainDance|[upkeep]\n|-heal|p1b: Wo-Chien|94\/100 psn|[from] item: Leftovers\n|-heal|p2b: Dondozo|48\/100 par|[from] item: Leftovers\n|-damage|p1b: Wo-Chien|82\/100 psn|[from] psn\n|-damage|p1a: Kyogre|45\/100 psn|[from] psn\n|upkeep\n|turn|3\n|\n|t:|1736392403\n|switch|p1a: Urshifu|Urshifu-Rapid-Strike, L50, M|100\/100\n|move|p1b: Wo-Chien|Leech Seed||[still]\n|-fail|p1b: Wo-Chien\n|cant|p2b: Dondozo|par\n|\n|-weather|RainDance|[upkeep]\n|-heal|p1b: Wo-Chien|88\/100 psn|[from] item: Leftovers\n|-heal|p2b: Dondozo|55\/100 par|[from] item: Leftovers\n|-damage|p1b: Wo-Chien|75\/100 psn|[from] psn\n|upkeep\n|turn|4\n|\n|t:|1736392414\n|move|p1a: Urshifu|Surging Strikes|p2b: Dondozo\n|-resisted|p2b: Dondozo\n|-crit|p2b: Dondozo\n|-activate|p2b: Dondozo|move: Substitute|[damage]\n|-resisted|p2b: Dondozo\n|-crit|p2b: Dondozo\n|-activate|p2b: Dondozo|move: Substitute|[damage]\n|-resisted|p2b: Dondozo\n|-crit|p2b: Dondozo\n|-activate|p2b: Dondozo|move: Substitute|[damage]\n|-hitcount|p2b: Dondozo|3\n|move|p1b: Wo-Chien|Leech Seed||[still]\n|-fail|p1b: Wo-Chien\n|cant|p2b: Dondozo|par\n|\n|-weather|RainDance|[upkeep]\n|-heal|p1b: Wo-Chien|82\/100 psn|[from] item: Leftovers\n|-heal|p2b: Dondozo|61\/100 par|[from] item: Leftovers\n|-damage|p1b: Wo-Chien|69\/100 psn|[from] psn\n|upkeep\n|turn|5\n|inactive|yukakopoke has 30 seconds left.\n|\n|t:|1736392446\n|move|p2b: Dondozo|Protect|p2b: Dondozo\n|-singleturn|p2b: Dondozo|Protect\n|move|p1a: Urshifu|Surging Strikes|p2b: Dondozo\n|-resisted|p2b: Dondozo\n|-crit|p2b: Dondozo\n|-end|p2b: Dondozo|Substitute\n|-resisted|p2b: Dondozo\n|-crit|p2b: Dondozo\n|-damage|p2b: Dondozo|53\/100 par\n|-resisted|p2b: Dondozo\n|-crit|p2b: Dondozo\n|-damage|p2b: Dondozo|44\/100 par\n|-hitcount|p2b: Dondozo|3\n|move|p1b: Wo-Chien|Leech Seed|p2b: Dondozo\n|-activate|p2b: Dondozo|move: Protect\n|\n|-weather|RainDance|[upkeep]\n|-heal|p1b: Wo-Chien|75\/100 psn|[from] item: Leftovers\n|-heal|p2b: Dondozo|50\/100 par|[from] item: Leftovers\n|-damage|p1b: Wo-Chien|63\/100 psn|[from] psn\n|upkeep\n|turn|6\n|\n|t:|1736392455\n|switch|p1b: Incineroar|Incineroar, L50, F|100\/100\n|-ability|p1b: Incineroar|Intimidate|boost\n|-unboost|p2a: Tatsugiri|atk|1\n|-unboost|p2b: Dondozo|atk|1\n|move|p1a: Urshifu|Surging Strikes|p2b: Dondozo\n|-resisted|p2b: Dondozo\n|-crit|p2b: Dondozo\n|-damage|p2b: Dondozo|39\/100 par\n|-resisted|p2b: Dondozo\n|-crit|p2b: Dondozo\n|-damage|p2b: Dondozo|29\/100 par\n|-resisted|p2b: Dondozo\n|-crit|p2b: Dondozo\n|-damage|p2b: Dondozo|18\/100 par\n|-hitcount|p2b: Dondozo|3\n|cant|p2b: Dondozo|par\n|\n|-weather|none\n|-heal|p2b: Dondozo|24\/100 par|[from] item: Leftovers\n|upkeep\n|turn|7\n|-message|yukakopoke forfeited.\n|\n|win|BattleBlazikenVGC\n|raw|BattleBlazikenVGC's rating: 1540 &rarr; <strong>1564<\/strong><br \/>(+24 for winning)\n|raw|yukakopoke's rating: 1602 &rarr; <strong>1578<\/strong><br \/>(-24 for losing)\n|l|\u2606yukakopoke\n|player|p2|\n|l|\u2606BattleBlazikenVGC\n|player|p1|\n","uploadtime":1736392470,"views":271,"formatid":"gen9vgc2025regg","rating":1564,"private":0,"password":null}