{"id":"gen9vgc2025regg-2277784126","format":"[Gen 9] VGC 2025 Reg G","players":["lichuweijixi","nezuko fresh leg"],"log":"|j|\u2606lichuweijixi\n|j|\u2606nezuko fresh leg\n|t:|1736417162\n|gametype|doubles\n|player|p1|lichuweijixi|265|1558\n|player|p2|nezuko fresh leg|tuberf|1688\n|teamsize|p1|6\n|teamsize|p2|6\n|gen|9\n|tier|[Gen 9] VGC 2025 Reg G\n|rated|\n|rule|Species Clause: Limit one of each Pok\u00e9mon\n|rule|Item Clause: Limit 1 of each item\n|clearpoke\n|poke|p1|Calyrex-Ice, L50|\n|poke|p1|Smeargle, L50, F|\n|poke|p1|Annihilape, L50, F|\n|poke|p1|Urshifu-*, L50, F|\n|poke|p1|Ursaluna-Bloodmoon, L50, M|\n|poke|p1|Ogerpon-Wellspring, L50, F|\n|poke|p2|Whimsicott, L50, M|\n|poke|p2|Indeedee-F, L50, F|\n|poke|p2|Calyrex-Shadow, L50|\n|poke|p2|Urshifu-*, L50, M|\n|poke|p2|Chi-Yu, L50|\n|poke|p2|Ursaluna, L50, M|\n|teampreview|4\nnezuko fresh leg has agreed to open team sheets.\n|inactive|Battle timer is ON: inactive players will automatically lose when time's up. (requested by nezuko fresh leg)\n|\n|t:|1736417190\n|start\n|switch|p1a: Smeargle|Smeargle, L50, F|100\/100\n|switch|p1b: Calyrex|Calyrex-Ice, L50|100\/100\n|switch|p2a: Whimsicott|Whimsicott, L50, M|100\/100\n|switch|p2b: Urshifu|Urshifu-Rapid-Strike, L50, M|100\/100\n|-ability|p1b: Calyrex|As One\n|-ability|p1b: Calyrex|Unnerve\n|turn|1\n|\n|t:|1736417201\n|move|p2a: Whimsicott|Taunt|p1b: Calyrex\n|-start|p1b: Calyrex|move: Taunt\n|move|p2b: Urshifu|Surging Strikes|p1a: Smeargle\n|-crit|p1a: Smeargle\n|-damage|p1a: Smeargle|67\/100\n|-crit|p1a: Smeargle\n|-damage|p1a: Smeargle|27\/100\n|-crit|p1a: Smeargle\n|-damage|p1a: Smeargle|0 fnt\n|faint|p1a: Smeargle\n|-hitcount|p1: Smeargle|3\n|move|p1b: Calyrex|Glacial Lance|p2b: Urshifu|[spread] p2a,p2b\n|-supereffective|p2a: Whimsicott\n|-resisted|p2b: Urshifu\n|-damage|p2a: Whimsicott|0 fnt\n|-damage|p2b: Urshifu|71\/100\n|faint|p2a: Whimsicott\n|-ability|p1b: Calyrex|Chilling Neigh|boost\n|-boost|p1b: Calyrex|atk|1\n|\n|upkeep\n|\n|t:|1736417221\n|switch|p2a: Calyrex|Calyrex-Shadow, L50|100\/100\n|switch|p1a: Urshifu|Urshifu, L50, F|100\/100\n|-ability|p2a: Calyrex|As One\n|-ability|p2a: Calyrex|Unnerve\n|turn|2\n|\n|t:|1736417233\n|-terastallize|p2a: Calyrex|Ghost\n|-terastallize|p1b: Calyrex|Water\n|move|p1a: Urshifu|Sucker Punch|p2a: Calyrex\n|-supereffective|p2a: Calyrex\n|-enditem|p2a: Calyrex|Focus Sash\n|-damage|p2a: Calyrex|1\/100\n|move|p2a: Calyrex|Astral Barrage|p1b: Calyrex|[spread] p1a,p1b\n|-resisted|p1a: Urshifu\n|-damage|p1a: Urshifu|54\/100\n|-damage|p1b: Calyrex|47\/100\n|move|p2b: Urshifu|Surging Strikes|p1b: Calyrex\n|-resisted|p1b: Calyrex\n|-crit|p1b: Calyrex\n|-damage|p1b: Calyrex|38\/100\n|-resisted|p1b: Calyrex\n|-crit|p1b: Calyrex\n|-damage|p1b: Calyrex|31\/100\n|-resisted|p1b: Calyrex\n|-crit|p1b: Calyrex\n|-damage|p1b: Calyrex|22\/100\n|-hitcount|p1b: Calyrex|3\n|move|p1b: Calyrex|Glacial Lance|p2b: Urshifu|[spread] p2a,p2b\n|-resisted|p2b: Urshifu\n|-damage|p2a: Calyrex|0 fnt\n|-damage|p2b: Urshifu|24\/100\n|-enditem|p1b: Calyrex|Sitrus Berry|[eat]\n|-heal|p1b: Calyrex|47\/100|[from] item: Sitrus Berry\n|faint|p2a: Calyrex\n|-ability|p1b: Calyrex|Chilling Neigh|boost\n|-boost|p1b: Calyrex|atk|1\n|\n|upkeep\n|\n|t:|1736417246\n|switch|p2a: \u60e1\u718a\u5669\u5922|Indeedee-F, L50, F|100\/100\n|-fieldstart|move: Psychic Terrain|[from] ability: Psychic Surge|[of] p2a: \u60e1\u718a\u5669\u5922\n|turn|3\n|j| xaeroblast\n|\n|t:|1736417262\n|switch|p1a: Ursaluna|Ursaluna-Bloodmoon, L50, M|100\/100\n|move|p2b: Urshifu|Close Combat|p1b: Calyrex\n|-damage|p1b: Calyrex|3\/100\n|-unboost|p2b: Urshifu|def|1\n|-unboost|p2b: Urshifu|spd|1\n|move|p2a: \u60e1\u718a\u5669\u5922|Dazzling Gleam|p1b: Calyrex|[spread] p1a,p1b\n|-damage|p1a: Ursaluna|87\/100\n|-damage|p1b: Calyrex|0 fnt\n|faint|p1b: Calyrex\n|\n|upkeep\n|\n|t:|1736417265\n|switch|p1b: Urshifu|Urshifu, L50, F|54\/100\n|turn|4\n|\n|t:|1736417279\n|move|p2a: \u60e1\u718a\u5669\u5922|Follow Me|p2a: \u60e1\u718a\u5669\u5922\n|-singleturn|p2a: \u60e1\u718a\u5669\u5922|move: Follow Me\n|move|p2b: Urshifu|Surging Strikes|p1a: Ursaluna\n|-supereffective|p1a: Ursaluna\n|-crit|p1a: Ursaluna\n|-damage|p1a: Ursaluna|46\/100\n|-supereffective|p1a: Ursaluna\n|-crit|p1a: Ursaluna\n|-damage|p1a: Ursaluna|5\/100\n|-supereffective|p1a: Ursaluna\n|-crit|p1a: Ursaluna\n|-damage|p1a: Ursaluna|0 fnt\n|faint|p1a: Ursaluna\n|-hitcount|p1: Ursaluna|3\n|move|p1b: Urshifu|Wicked Blow|p2a: \u60e1\u718a\u5669\u5922\n|-supereffective|p2a: \u60e1\u718a\u5669\u5922\n|-crit|p2a: \u60e1\u718a\u5669\u5922\n|-damage|p2a: \u60e1\u718a\u5669\u5922|0 fnt\n|-damage|p1b: Urshifu|38\/100|[from] item: Rocky Helmet|[of] p2a: \u60e1\u718a\u5669\u5922\n|faint|p2a: \u60e1\u718a\u5669\u5922\n|\n|upkeep\n|turn|5\n|\n|t:|1736417291\n|move|p2b: Urshifu|Surging Strikes|p1b: Urshifu\n|-crit|p1b: Urshifu\n|-damage|p1b: Urshifu|14\/100\n|-crit|p1b: Urshifu\n|-damage|p1b: Urshifu|0 fnt\n|faint|p1b: Urshifu\n|-hitcount|p1: Urshifu|2\n|\n|win|nezuko fresh leg\n|raw|lichuweijixi's rating: 1558 &rarr; <strong>1545<\/strong><br \/>(-13 for losing)\n|raw|nezuko fresh leg's rating: 1688 &rarr; <strong>1701<\/strong><br \/>(+13 for winning)\n|l|\u2606lichuweijixi\n|player|p1|\n|l|\u2606nezuko fresh leg\n|player|p2|\n|l| xaeroblast\n","uploadtime":1736417488,"views":265,"formatid":"gen9vgc2025regg","rating":1545,"private":0,"password":null}