{"id":"gen9vgc2025regg-2277649420","format":"[Gen 9] VGC 2025 Reg G","players":["massan2580","Ggttmmhh"],"log":"|j|\u2606massan2580\n|j|\u2606Ggttmmhh\n|t:|1736392524\n|gametype|doubles\n|player|p1|massan2580|169|1683\n|player|p2|Ggttmmhh|102|1681\n|teamsize|p1|6\n|teamsize|p2|6\n|gen|9\n|tier|[Gen 9] VGC 2025 Reg G\n|rated|\n|rule|Species Clause: Limit one of each Pok\u00e9mon\n|rule|Item Clause: Limit 1 of each item\n|clearpoke\n|poke|p1|Calyrex-Shadow, L50|\n|poke|p1|Grimmsnarl, L50, M|\n|poke|p1|Clefairy, L50, M|\n|poke|p1|Rillaboom, L50, M|\n|poke|p1|Chien-Pao, L50|\n|poke|p1|Dragonite, L50, M|\n|poke|p2|Raging Bolt, L50|\n|poke|p2|Jumpluff, L50, M|\n|poke|p2|Ditto, L50|\n|poke|p2|Groudon, L50|\n|poke|p2|Chi-Yu, L50|\n|poke|p2|Flutter Mane, L50|\n|teampreview|4\n|inactive|Battle timer is ON: inactive players will automatically lose when time's up. (requested by massan2580)\n|j| neebieplayersea\n|\n|t:|1736392566\n|start\n|switch|p1a: Chien-Pao|Chien-Pao, L50|100\/100\n|switch|p1b: Dragonite|Dragonite, L50, M|100\/100\n|switch|p2a: Groudon|Groudon, L50|100\/100\n|switch|p2b: Chi-Yu|Chi-Yu, L50|100\/100\n|-ability|p2b: Chi-Yu|Beads of Ruin\n|-ability|p1a: Chien-Pao|Sword of Ruin\n|-weather|SunnyDay|[from] ability: Drought|[of] p2a: Groudon\n|turn|1\n|inactive|massan2580 has 30 seconds left.\n|inactive|Ggttmmhh has 30 seconds left.\n|inactive|massan2580 has 20 seconds left.\n|inactive|Ggttmmhh has 20 seconds left.\n|inactive|Ggttmmhh has 15 seconds left.\n|inactive|Ggttmmhh has 10 seconds left.\n|inactive|Ggttmmhh has 5 seconds left.\n|\n|t:|1736392617\n|switch|p2b: Jumpluff|Jumpluff, L50, M, shiny|100\/100\n|-terastallize|p2a: Groudon|Water\n|move|p1a: Chien-Pao|Protect|p1a: Chien-Pao\n|-singleturn|p1a: Chien-Pao|Protect\n|move|p1b: Dragonite|Tailwind|p1b: Dragonite\n|-sidestart|p1: massan2580|move: Tailwind\n|move|p2a: Groudon|Heat Crash|p1a: Chien-Pao\n|-activate|p1a: Chien-Pao|move: Protect\n|\n|-weather|SunnyDay|[upkeep]\n|upkeep\n|turn|2\n|\n|t:|1736392641\n|move|p1a: Chien-Pao|Icicle Crash|p2b: Jumpluff\n|-supereffective|p2b: Jumpluff\n|-damage|p2b: Jumpluff|0 fnt\n|faint|p2b: Jumpluff\n|move|p1b: Dragonite|Scale Shot|p2a: Groudon\n|-damage|p2a: Groudon|88\/100\n|-damage|p2a: Groudon|78\/100\n|-damage|p2a: Groudon|66\/100\n|-damage|p2a: Groudon|54\/100\n|-damage|p2a: Groudon|42\/100\n|-hitcount|p2a: Groudon|5\n|-unboost|p1b: Dragonite|def|1\n|-boost|p1b: Dragonite|spe|1\n|move|p2a: Groudon|Heat Crash|p1a: Chien-Pao\n|-supereffective|p1a: Chien-Pao\n|-damage|p1a: Chien-Pao|0 fnt\n|faint|p1a: Chien-Pao\n|\n|-weather|SunnyDay|[upkeep]\n|upkeep\n|\n|t:|1736392657\n|switch|p1a: Calyrex|Calyrex-Shadow, L50|100\/100\n|switch|p2b: Chi-Yu|Chi-Yu, L50|100\/100\n|-ability|p1a: Calyrex|As One\n|-ability|p1a: Calyrex|Unnerve\n|-ability|p2b: Chi-Yu|Beads of Ruin\n|turn|3\n|\n|t:|1736392678\n|move|p2a: Groudon|Protect|p2a: Groudon\n|-singleturn|p2a: Groudon|Protect\n|move|p1a: Calyrex|Astral Barrage|p2a: Groudon|[spread] p2b\n|-activate|p2a: Groudon|move: Protect\n|-resisted|p2b: Chi-Yu\n|-damage|p2b: Chi-Yu|72\/100\n|move|p1b: Dragonite|Earthquake|p2b: Chi-Yu|[spread] p1a,p2b\n|-activate|p2a: Groudon|move: Protect\n|-supereffective|p2b: Chi-Yu\n|-damage|p1a: Calyrex|80\/100\n|-damage|p2b: Chi-Yu|0 fnt\n|faint|p2b: Chi-Yu\n|\n|-weather|SunnyDay|[upkeep]\n|-heal|p1a: Calyrex|86\/100|[from] item: Leftovers\n|upkeep\n|\n|t:|1736392683\n|switch|p2b: Ditto|Ditto, L50|100\/100\n|-transform|p2b: Ditto|p1a: Calyrex|[from] ability: Imposter\n|-ability|p2b: Ditto|As One\n|-ability|p2b: Ditto|Unnerve\n|turn|4\n|\n|t:|1736392705\n|-terastallize|p1a: Calyrex|Grass\n|move|p2b: Ditto|Protect|p2b: Ditto\n|-singleturn|p2b: Ditto|Protect\n|move|p2a: Groudon|Protect||[still]\n|-fail|p2a: Groudon\n|move|p1a: Calyrex|Giga Drain|p2a: Groudon\n|-supereffective|p2a: Groudon\n|-damage|p2a: Groudon|0 fnt\n|-heal|p1a: Calyrex|100\/100|[from] drain|[of] p2a: Groudon\n|faint|p2a: Groudon\n|-ability|p1a: Calyrex|Grim Neigh|boost\n|-boost|p1a: Calyrex|spa|1\n|move|p1b: Dragonite|Scale Shot|p2b: Ditto\n|-activate|p2b: Ditto|move: Protect\n|\n|-weather|SunnyDay|[upkeep]\n|-sideend|p1: massan2580|move: Tailwind\n|upkeep\n|turn|5\n|\n|t:|1736392719\n|move|p2b: Ditto|Nasty Plot|p2b: Ditto\n|-boost|p2b: Ditto|spa|2\n|move|p1a: Calyrex|Astral Barrage|p2b: Ditto\n|-supereffective|p2b: Ditto\n|-damage|p2b: Ditto|0 fnt\n|faint|p2b: Ditto\n|\n|win|massan2580\n|raw|massan2580's rating: 1683 &rarr; <strong>1703<\/strong><br \/>(+20 for winning)\n|raw|Ggttmmhh's rating: 1681 &rarr; <strong>1661<\/strong><br \/>(-20 for losing)\n|l|\u2606Ggttmmhh\n|player|p2|\n|l|\u2606massan2580\n|player|p1|\n|l| neebieplayersea\n","uploadtime":1736392970,"views":143,"formatid":"gen9vgc2025regg","rating":1661,"private":0,"password":null}