{"id":"gen9vgc2025regg-2277990938","format":"[Gen 9] VGC 2025 Reg G","players":["darthnius","Elvegis1"],"log":"|j|\u2606darthnius\n|j|\u2606Elvegis1\n|t:|1736444168\n|gametype|doubles\n|player|p1|darthnius|volkner|1534\n|player|p2|Elvegis1|lucas|1647\n|teamsize|p1|6\n|teamsize|p2|6\n|gen|9\n|tier|[Gen 9] VGC 2025 Reg G\n|rated|\n|rule|Species Clause: Limit one of each Pok\u00e9mon\n|rule|Item Clause: Limit 1 of each item\n|clearpoke\n|poke|p1|Calyrex-Ice, L50|\n|poke|p1|Dondozo, L50, M|\n|poke|p1|Tatsugiri-Droopy, L50, F|\n|poke|p1|Weezing-Galar, L50, F|\n|poke|p1|Whimsicott, L50, F|\n|poke|p1|Landorus, L50, M|\n|poke|p2|Incineroar, L50, F|\n|poke|p2|Amoonguss, L50, M|\n|poke|p2|Grimmsnarl, L50, M|\n|poke|p2|Urshifu-*, L50, M|\n|poke|p2|Tornadus, L50, M|\n|poke|p2|Kyogre, L50|\n|teampreview|4\n|inactive|Battle timer is ON: inactive players will automatically lose when time's up. (requested by Elvegis1)\n|inactive|darthnius has 60 seconds left.\n|inactive|Elvegis1 has 60 seconds left.\n|\n|t:|1736444210\n|start\n|switch|p1a: Weezing|Weezing-Galar, L50, F|100\/100\n|switch|p1b: Dondozo|Dondozo, L50, M|100\/100\n|switch|p2a: Urshifu|Urshifu-Rapid-Strike, L50, M|100\/100\n|switch|p2b: Amoonguss|Amoonguss, L50, M|100\/100\n|-ability|p1a: Weezing|Neutralizing Gas\n|turn|1\n|\n|t:|1736444222\n|move|p1b: Dondozo|Protect|p1b: Dondozo\n|-singleturn|p1b: Dondozo|Protect\n|move|p2a: Urshifu|Taunt|p1a: Weezing\n|-start|p1a: Weezing|move: Taunt\n|-enditem|p1a: Weezing|Mental Herb\n|-end|p1a: Weezing|move: Taunt\n|move|p1a: Weezing|Toxic Spikes|p2b: Amoonguss\n|-sidestart|p2: Elvegis1|move: Toxic Spikes\n|move|p2b: Amoonguss|Spore|p1b: Dondozo\n|-activate|p1b: Dondozo|move: Protect\n|\n|upkeep\n|turn|2\n|inactive|darthnius has 30 seconds left.\n|\n|t:|1736444249\n|move|p2a: Urshifu|Detect|p2a: Urshifu\n|-singleturn|p2a: Urshifu|Protect\n|move|p1a: Weezing|Toxic Spikes|p2a: Urshifu\n|-sidestart|p2: Elvegis1|move: Toxic Spikes\n|move|p1b: Dondozo|Heavy Slam|p2b: Amoonguss\n|-damage|p2b: Amoonguss|78\/100\n|-damage|p1b: Dondozo|84\/100|[from] item: Rocky Helmet|[of] p2b: Amoonguss\n|move|p2b: Amoonguss|Spore|p1b: Dondozo\n|-status|p1b: Dondozo|slp|[from] move: Spore\n|\n|-heal|p1b: Dondozo|90\/100 slp|[from] item: Leftovers\n|upkeep\n|turn|3\n|\n|t:|1736444266\n|switch|p2b: Incineroar|Incineroar, L50, F|100\/100\n|-status|p2b: Incineroar|tox\n|move|p2a: Urshifu|Surging Strikes|p1a: Weezing\n|-crit|p1a: Weezing\n|-damage|p1a: Weezing|84\/100\n|-crit|p1a: Weezing\n|-damage|p1a: Weezing|67\/100\n|-crit|p1a: Weezing\n|-damage|p1a: Weezing|49\/100\n|-hitcount|p1a: Weezing|3\n|move|p1a: Weezing|Dazzling Gleam|p2a: Urshifu|[spread] p2a,p2b\n|-supereffective|p2a: Urshifu\n|-crit|p2a: Urshifu\n|-crit|p2b: Incineroar\n|-damage|p2a: Urshifu|18\/100\n|-damage|p2b: Incineroar|78\/100 tox\n|cant|p1b: Dondozo|slp\n|\n|-heal|p1b: Dondozo|97\/100 slp|[from] item: Leftovers\n|-damage|p2b: Incineroar|72\/100 tox|[from] psn\n|upkeep\n|turn|4\n|\n|t:|1736444289\n|move|p2a: Urshifu|Surging Strikes|p1a: Weezing\n|-crit|p1a: Weezing\n|-damage|p1a: Weezing|32\/100\n|-crit|p1a: Weezing\n|-damage|p1a: Weezing|15\/100\n|-crit|p1a: Weezing\n|-damage|p1a: Weezing|0 fnt\n|faint|p1a: Weezing\n|-end|p1a: Weezing|ability: Neutralizing Gas\n|-ability|p2b: Incineroar|Intimidate|boost\n|-unboost|p1b: Dondozo|atk|1\n|-hitcount|p1: Weezing|3\n|move|p2b: Incineroar|Parting Shot|p1b: Dondozo\n|-unboost|p1b: Dondozo|atk|1\n|-unboost|p1b: Dondozo|spa|1\n|\n|t:|1736444300\n|switch|p2b: Amoonguss|Amoonguss, L50, M|78\/100|[from] Parting Shot\n|-sideend|p2: Elvegis1|move: Toxic Spikes|[of] p2b: Amoonguss\n|-curestatus|p1b: Dondozo|slp|[msg]\n|move|p1b: Dondozo|Body Press|p2b: Amoonguss\n|-resisted|p2b: Amoonguss\n|-damage|p2b: Amoonguss|69\/100\n|-damage|p1b: Dondozo|80\/100|[from] item: Rocky Helmet|[of] p2b: Amoonguss\n|\n|-heal|p1b: Dondozo|86\/100|[from] item: Leftovers\n|upkeep\n|\n|t:|1736444308\n|switch|p1a: Calyrex|Calyrex-Ice, L50|100\/100\n|-ability|p1a: Calyrex|As One\n|-ability|p1a: Calyrex|Unnerve\n|turn|5\n|\n|t:|1736444324\n|switch|p1b: Tatsugiri|Tatsugiri-Droopy, L50, F|100\/100\n|-terastallize|p2b: Amoonguss|Water\n|move|p2a: Urshifu|Detect|p2a: Urshifu\n|-singleturn|p2a: Urshifu|Protect\n|move|p1a: Calyrex|Glacial Lance|p2b: Amoonguss|[spread] p2b\n|-activate|p2a: Urshifu|move: Protect\n|-resisted|p2b: Amoonguss\n|-damage|p2b: Amoonguss|38\/100\n|move|p2b: Amoonguss|Spore|p1a: Calyrex\n|-status|p1a: Calyrex|slp|[from] move: Spore\n|\n|upkeep\n|turn|6\n|\n|t:|1736444345\n|switch|p2b: Incineroar|Incineroar, L50, F|72\/100 tox\n|-ability|p2b: Incineroar|Intimidate|boost\n|-unboost|p1a: Calyrex|atk|1\n|-unboost|p1b: Tatsugiri|atk|1\n|move|p2a: Urshifu|Surging Strikes|p1a: Calyrex\n|-crit|p1a: Calyrex\n|-damage|p1a: Calyrex|88\/100 slp\n|-crit|p1a: Calyrex\n|-damage|p1a: Calyrex|75\/100 slp\n|-crit|p1a: Calyrex\n|-damage|p1a: Calyrex|61\/100 slp\n|-hitcount|p1a: Calyrex|3\n|move|p1b: Tatsugiri|Draco Meteor|p2b: Incineroar\n|-damage|p2b: Incineroar|16\/100 tox\n|-unboost|p1b: Tatsugiri|spa|2\n|cant|p1a: Calyrex|slp\n|\n|-damage|p2b: Incineroar|10\/100 tox|[from] psn\n|upkeep\n|turn|7\n|\n|t:|1736444368\n|move|p2b: Incineroar|Fake Out|p1b: Tatsugiri\n|-damage|p1b: Tatsugiri|81\/100\n|move|p2a: Urshifu|Surging Strikes|p1a: Calyrex\n|-crit|p1a: Calyrex\n|-damage|p1a: Calyrex|48\/100 slp\n|-crit|p1a: Calyrex\n|-damage|p1a: Calyrex|36\/100 slp\n|-crit|p1a: Calyrex\n|-damage|p1a: Calyrex|21\/100 slp\n|-hitcount|p1a: Calyrex|3\n|cant|p1b: Tatsugiri|flinch\n|cant|p1a: Calyrex|slp\n|\n|-damage|p2b: Incineroar|0 fnt|[from] psn\n|faint|p2b: Incineroar\n|upkeep\n|\n|t:|1736444382\n|switch|p2b: Amoonguss|Amoonguss, L50, M, tera:Water|71\/100\n|turn|8\n|\n|t:|1736444404\n|move|p2a: Urshifu|Surging Strikes|p1a: Calyrex\n|-crit|p1a: Calyrex\n|-damage|p1a: Calyrex|7\/100 slp\n|-crit|p1a: Calyrex\n|-damage|p1a: Calyrex|0 fnt\n|faint|p1a: Calyrex\n|-hitcount|p1: Calyrex|2\n|move|p1b: Tatsugiri|Draco Meteor|p2a: Urshifu\n|-damage|p2a: Urshifu|0 fnt\n|-unboost|p1b: Tatsugiri|spa|2\n|faint|p2a: Urshifu\n|move|p2b: Amoonguss|Spore|p1b: Tatsugiri\n|-status|p1b: Tatsugiri|slp|[from] move: Spore\n|\n|upkeep\n|\n|t:|1736444418\n|switch|p2a: Kyogre|Kyogre, L50|100\/100\n|switch|p1a: Dondozo|Dondozo, L50, M|86\/100\n|-activate|p1b: Tatsugiri|ability: Commander|[of] p1a: Dondozo\n|-boost|p1a: Dondozo|atk|2\n|-boost|p1a: Dondozo|spa|2\n|-boost|p1a: Dondozo|spe|2\n|-boost|p1a: Dondozo|def|2\n|-boost|p1a: Dondozo|spd|2\n|-weather|RainDance|[from] ability: Drizzle|[of] p2a: Kyogre\n|turn|9\n|\n|t:|1736444426\n|move|p1a: Dondozo|Protect|p1a: Dondozo\n|-singleturn|p1a: Dondozo|Protect\n|move|p2a: Kyogre|Water Spout|p1a: Dondozo|[spread] \n|-miss|p2a: Kyogre|p1b: Tatsugiri\n|-activate|p1a: Dondozo|move: Protect\n|move|p2b: Amoonguss|Spore|p1a: Dondozo\n|-activate|p1a: Dondozo|move: Protect\n|\n|-weather|RainDance|[upkeep]\n|-heal|p1a: Dondozo|93\/100|[from] item: Leftovers\n|upkeep\n|turn|10\n|\n|t:|1736444440\n|move|p2a: Kyogre|Water Spout|p1b: Tatsugiri|[spread] p1a\n|-miss|p2a: Kyogre|p1b: Tatsugiri\n|-resisted|p1a: Dondozo\n|-damage|p1a: Dondozo|74\/100\n|move|p1a: Dondozo|Body Press|p2a: Kyogre\n|-damage|p2a: Kyogre|61\/100\n|move|p2b: Amoonguss|Spore|p1a: Dondozo\n|-status|p1a: Dondozo|slp|[from] move: Spore\n|\n|-weather|RainDance|[upkeep]\n|-heal|p2a: Kyogre|67\/100|[from] item: Leftovers\n|-heal|p1a: Dondozo|80\/100 slp|[from] item: Leftovers\n|upkeep\n|turn|11\n|\n|t:|1736444459\n|-terastallize|p1a: Dondozo|Steel\n|move|p2a: Kyogre|Ice Beam|p1a: Dondozo\n|-resisted|p1a: Dondozo\n|-damage|p1a: Dondozo|73\/100 slp\n|cant|p1a: Dondozo|slp\n|move|p2b: Amoonguss|Pollen Puff|p2a: Kyogre\n|-heal|p2a: Kyogre|100\/100\n|\n|-weather|RainDance|[upkeep]\n|-heal|p1a: Dondozo|79\/100 slp|[from] item: Leftovers\n|upkeep\n|turn|12\n|\n|t:|1736444471\n|cant|p1a: Dondozo|slp\n|move|p2a: Kyogre|Water Spout|p1a: Dondozo|[spread] p1a\n|-miss|p2a: Kyogre|p1b: Tatsugiri\n|-damage|p1a: Dondozo|47\/100 slp\n|move|p2b: Amoonguss|Pollen Puff|p1a: Dondozo\n|-resisted|p1a: Dondozo\n|-damage|p1a: Dondozo|43\/100 slp\n|\n|-weather|RainDance|[upkeep]\n|-heal|p1a: Dondozo|50\/100 slp|[from] item: Leftovers\n|upkeep\n|turn|13\n|\n|t:|1736444480\n|-curestatus|p1a: Dondozo|slp|[msg]\n|move|p1a: Dondozo|Protect|p1a: Dondozo\n|-singleturn|p1a: Dondozo|Protect\n|move|p2b: Amoonguss|Rage Powder|p2b: Amoonguss\n|-singleturn|p2b: Amoonguss|move: Rage Powder\n|move|p2a: Kyogre|Water Spout|p1b: Tatsugiri|[spread] \n|-miss|p2a: Kyogre|p1b: Tatsugiri\n|-activate|p1a: Dondozo|move: Protect\n|\n|-weather|none\n|-heal|p1a: Dondozo|56\/100|[from] item: Leftovers\n|upkeep\n|turn|14\n|\n|t:|1736444497\n|move|p2a: Kyogre|Ice Beam|p1a: Dondozo\n|-resisted|p1a: Dondozo\n|-damage|p1a: Dondozo|50\/100\n|move|p1a: Dondozo|Order Up|p2b: Amoonguss\n|-damage|p2b: Amoonguss|43\/100\n|-boost|p1a: Dondozo|def|1\n|move|p2b: Amoonguss|Spore|p1a: Dondozo\n|-status|p1a: Dondozo|slp|[from] move: Spore\n|\n|-heal|p1a: Dondozo|56\/100 slp|[from] item: Leftovers\n|upkeep\n|turn|15\n|\n|t:|1736444507\n|cant|p1a: Dondozo|slp\n|move|p2a: Kyogre|Water Spout|p1b: Tatsugiri|[spread] p1a\n|-miss|p2a: Kyogre|p1b: Tatsugiri\n|-damage|p1a: Dondozo|32\/100 slp\n|move|p2b: Amoonguss|Pollen Puff|p1a: Dondozo\n|-resisted|p1a: Dondozo\n|-damage|p1a: Dondozo|29\/100 slp\n|\n|-heal|p1a: Dondozo|35\/100 slp|[from] item: Leftovers\n|upkeep\n|turn|16\n|\n|t:|1736444512\n|-curestatus|p1a: Dondozo|slp|[msg]\n|move|p1a: Dondozo|Protect|p1a: Dondozo\n|-singleturn|p1a: Dondozo|Protect\n|move|p2a: Kyogre|Water Spout|p1b: Tatsugiri|[spread] \n|-miss|p2a: Kyogre|p1b: Tatsugiri\n|-activate|p1a: Dondozo|move: Protect\n|move|p2b: Amoonguss|Pollen Puff|p1a: Dondozo\n|-activate|p1a: Dondozo|move: Protect\n|\n|-heal|p1a: Dondozo|41\/100|[from] item: Leftovers\n|upkeep\n|turn|17\n|\n|t:|1736444529\n|move|p2b: Amoonguss|Protect|p2b: Amoonguss\n|-singleturn|p2b: Amoonguss|Protect\n|move|p2a: Kyogre|Water Spout|p1b: Tatsugiri|[spread] p1a\n|-miss|p2a: Kyogre|p1b: Tatsugiri\n|-damage|p1a: Dondozo|18\/100\n|move|p1a: Dondozo|Body Press|p2a: Kyogre\n|-damage|p2a: Kyogre|51\/100\n|\n|-heal|p2a: Kyogre|57\/100|[from] item: Leftovers\n|-heal|p1a: Dondozo|24\/100|[from] item: Leftovers\n|upkeep\n|turn|18\n|\n|t:|1736444549\n|move|p2a: Kyogre|Protect|p2a: Kyogre\n|-singleturn|p2a: Kyogre|Protect\n|move|p1a: Dondozo|Body Press|p2b: Amoonguss\n|-damage|p2b: Amoonguss|0 fnt\n|-damage|p1a: Dondozo|8\/100|[from] item: Rocky Helmet|[of] p2b: Amoonguss\n|faint|p2b: Amoonguss\n|\n|-heal|p2a: Kyogre|63\/100|[from] item: Leftovers\n|-heal|p1a: Dondozo|14\/100|[from] item: Leftovers\n|upkeep\n|turn|19\n|\n|t:|1736444557\n|move|p1a: Dondozo|Protect|p1a: Dondozo\n|-singleturn|p1a: Dondozo|Protect\n|move|p2a: Kyogre|Water Spout|p1b: Tatsugiri|[spread] \n|-miss|p2a: Kyogre|p1b: Tatsugiri\n|-activate|p1a: Dondozo|move: Protect\n|\n|-heal|p2a: Kyogre|69\/100|[from] item: Leftovers\n|-heal|p1a: Dondozo|20\/100|[from] item: Leftovers\n|upkeep\n|turn|20\n|\n|t:|1736444572\n|move|p2a: Kyogre|Ice Beam|p1a: Dondozo\n|-resisted|p1a: Dondozo\n|-damage|p1a: Dondozo|13\/100\n|move|p1a: Dondozo|Body Press|p2a: Kyogre\n|-damage|p2a: Kyogre|14\/100\n|\n|-heal|p2a: Kyogre|20\/100|[from] item: Leftovers\n|-heal|p1a: Dondozo|20\/100|[from] item: Leftovers\n|upkeep\n|turn|21\n|\n|t:|1736444583\n|move|p1a: Dondozo|Protect|p1a: Dondozo\n|-singleturn|p1a: Dondozo|Protect\n|move|p2a: Kyogre|Ice Beam|p1a: Dondozo\n|-activate|p1a: Dondozo|move: Protect\n|\n|-heal|p2a: Kyogre|26\/100|[from] item: Leftovers\n|-heal|p1a: Dondozo|26\/100|[from] item: Leftovers\n|upkeep\n|turn|22\n|\n|t:|1736444591\n|move|p2a: Kyogre|Ice Beam|p1a: Dondozo\n|-resisted|p1a: Dondozo\n|-damage|p1a: Dondozo|20\/100\n|move|p1a: Dondozo|Body Press|p2a: Kyogre\n|-damage|p2a: Kyogre|0 fnt\n|faint|p2a: Kyogre\n|\n|win|darthnius\n|raw|darthnius's rating: 1534 &rarr; <strong>1560<\/strong><br \/>(+26 for winning)\n|raw|Elvegis1's rating: 1647 &rarr; <strong>1621<\/strong><br \/>(-26 for losing)\n|l|\u2606Elvegis1\n|player|p2|\n|l|\u2606darthnius\n|player|p1|\n","uploadtime":1736444731,"views":292,"formatid":"gen9vgc2025regg","rating":1560,"private":0,"password":null}