{"id":"gen9vgc2025regg-2277807592","format":"[Gen 9] VGC 2025 Reg G","players":["cobalt_poke","lichuweijixi"],"log":"|j|\u2606cobalt_poke\n|j|\u2606lichuweijixi\n|t:|1736421551\n|gametype|doubles\n|player|p1|cobalt_poke|101|1563\n|player|p2|lichuweijixi|265|1577\n|teamsize|p1|6\n|teamsize|p2|6\n|gen|9\n|tier|[Gen 9] VGC 2025 Reg G\n|rated|\n|rule|Species Clause: Limit one of each Pok\u00e9mon\n|rule|Item Clause: Limit 1 of each item\n|clearpoke\n|poke|p1|Weezing-Galar, L50, F|\n|poke|p1|Calyrex-Shadow, L50|\n|poke|p1|Dondozo, L50, F|\n|poke|p1|Tatsugiri, L50, F|\n|poke|p1|Incineroar, L50, F|\n|poke|p1|Ogerpon-Hearthflame, L50, F|\n|poke|p2|Calyrex-Ice, L50|\n|poke|p2|Smeargle, L50, M|\n|poke|p2|Annihilape, L50, M|\n|poke|p2|Urshifu-*, L50, M|\n|poke|p2|Ursaluna-Bloodmoon, L50, M|\n|poke|p2|Ogerpon-Wellspring, L50, F|\n|teampreview|4\n|inactive|Battle timer is ON: inactive players will automatically lose when time's up. (requested by cobalt_poke)\n|\n|t:|1736421572\n|start\n|switch|p1a: Weezing|Weezing-Galar, L50, F|100\/100\n|switch|p1b: Ogerpon|Ogerpon-Hearthflame, L50, F|100\/100\n|switch|p2a: Smeargle|Smeargle, L50, M|100\/100\n|switch|p2b: Calyrex|Calyrex-Ice, L50|100\/100\n|-ability|p1a: Weezing|Neutralizing Gas\n|-ability|p2b: Calyrex|As One\n|-ability|p2b: Calyrex|Unnerve\n|turn|1\n|inactive|cobalt_poke has 30 seconds left.\n|inactive|lichuweijixi has 30 seconds left.\n|\n|t:|1736421601\n|move|p1b: Ogerpon|Ivy Cudgel|p2b: Calyrex|[anim] Ivy Cudgel Fire\n|-supereffective|p2b: Calyrex\n|-damage|p2b: Calyrex|27\/100\n|-enditem|p2b: Calyrex|Sitrus Berry|[eat]\n|-heal|p2b: Calyrex|51\/100|[from] item: Sitrus Berry\n|move|p1a: Weezing|Poison Gas|p2b: Calyrex|[spread] p2a,p2b\n|-status|p2a: Smeargle|psn\n|-status|p2b: Calyrex|psn\n|move|p2a: Smeargle|Spore|p1a: Weezing\n|-status|p1a: Weezing|slp|[from] move: Spore\n|move|p2b: Calyrex|Trick Room|p2b: Calyrex\n|-fieldstart|move: Trick Room|[of] p2b: Calyrex\n|\n|-damage|p2a: Smeargle|88\/100 psn|[from] psn\n|-damage|p2b: Calyrex|39\/100 psn|[from] psn\n|upkeep\n|turn|2\n|\n|t:|1736421621\n|move|p1b: Ogerpon|Spiky Shield|p1b: Ogerpon\n|-singleturn|p1b: Ogerpon|move: Protect\n|move|p2a: Smeargle|Decorate|p2b: Calyrex\n|-boost|p2b: Calyrex|atk|2\n|-boost|p2b: Calyrex|spa|2\n|move|p2b: Calyrex|Glacial Lance|p1a: Weezing|[spread] p1a\n|-activate|p1b: Ogerpon|move: Protect\n|-damage|p1a: Weezing|0 fnt\n|faint|p1a: Weezing\n|-end|p1a: Weezing|ability: Neutralizing Gas\n|-ability|p1b: Ogerpon|Mold Breaker\n|-ability|p2b: Calyrex|Chilling Neigh|boost\n|-boost|p2b: Calyrex|atk|1\n|\n|-damage|p2a: Smeargle|76\/100 psn|[from] psn\n|-damage|p2b: Calyrex|27\/100 psn|[from] psn\n|upkeep\n|\n|t:|1736421631\n|switch|p1a: Dondozo|Dondozo, L50, F|100\/100\n|turn|3\n|\n|t:|1736421646\n|move|p1a: Dondozo|Substitute|p1a: Dondozo\n|-start|p1a: Dondozo|Substitute\n|-damage|p1a: Dondozo|76\/100\n|move|p2a: Smeargle|Spore||[still]\n|-fail|p2a: Smeargle\n|move|p2b: Calyrex|Glacial Lance|p1a: Dondozo|[spread] p1a,p1b\n|-resisted|p1a: Dondozo\n|-end|p1a: Dondozo|Substitute\n|-damage|p1b: Ogerpon|0 fnt\n|faint|p1b: Ogerpon\n|-ability|p2b: Calyrex|Chilling Neigh|boost\n|-boost|p2b: Calyrex|atk|1\n|\n|-heal|p1a: Dondozo|82\/100|[from] item: Leftovers\n|-damage|p2a: Smeargle|63\/100 psn|[from] psn\n|-damage|p2b: Calyrex|15\/100 psn|[from] psn\n|upkeep\n|\n|t:|1736421655\n|switch|p1b: Tatsugiri|Tatsugiri, L50, F|100\/100\n|-activate|p1b: Tatsugiri|ability: Commander|[of] p1a: Dondozo\n|-boost|p1a: Dondozo|atk|2\n|-boost|p1a: Dondozo|spa|2\n|-boost|p1a: Dondozo|spe|2\n|-boost|p1a: Dondozo|def|2\n|-boost|p1a: Dondozo|spd|2\n|turn|4\n|\n|t:|1736421666\n|-terastallize|p1a: Dondozo|Grass\n|move|p2a: Smeargle|Spore|p1a: Dondozo\n|-immune|p1a: Dondozo\n|move|p2b: Calyrex|Glacial Lance|p1b: Tatsugiri|[spread] p1a\n|-miss|p2b: Calyrex|p1b: Tatsugiri\n|-supereffective|p1a: Dondozo\n|-damage|p1a: Dondozo|42\/100\n|move|p1a: Dondozo|Earthquake|p2b: Calyrex|[spread] p2a,p2b\n|-miss|p1a: Dondozo|p1b: Tatsugiri\n|-damage|p2a: Smeargle|17\/100 psn\n|-damage|p2b: Calyrex|0 fnt\n|faint|p2b: Calyrex\n|\n|-heal|p1a: Dondozo|48\/100|[from] item: Leftovers\n|-damage|p2a: Smeargle|5\/100 psn|[from] psn\n|upkeep\n|\n|t:|1736421675\n|switch|p2b: Urshifu|Urshifu, L50, M|100\/100\n|turn|5\n|\n|t:|1736421686\n|switch|p2a: Ursaluna|Ursaluna-Bloodmoon, L50, M|100\/100\n|move|p2b: Urshifu|Wicked Blow|p1a: Dondozo\n|-crit|p1a: Dondozo\n|-damage|p1a: Dondozo|0 fnt\n|faint|p1a: Dondozo\n|\n|-fieldend|move: Trick Room\n|upkeep\n|turn|6\n|-message|cobalt_poke forfeited.\n|\n|win|lichuweijixi\n|raw|cobalt_poke's rating: 1563 &rarr; <strong>1544<\/strong><br \/>(-19 for losing)\n|raw|lichuweijixi's rating: 1577 &rarr; <strong>1596<\/strong><br \/>(+19 for winning)\n|l|\u2606cobalt_poke\n|player|p1|\n|l|\u2606lichuweijixi\n|player|p2|\n","uploadtime":1736421915,"views":7,"formatid":"gen9vgc2025regg","rating":1544,"private":0,"password":null}