{"id":"gen9vgc2025regg-2277948821","format":"[Gen 9] VGC 2025 Reg G","players":["darthnius","Slackermaru"],"log":"|j|\u2606darthnius\n|j|\u2606Slackermaru\n|t:|1736439825\n|gametype|doubles\n|player|p1|darthnius|volkner|1586\n|player|p2|Slackermaru|workerice|1585\n|teamsize|p1|6\n|teamsize|p2|6\n|gen|9\n|tier|[Gen 9] VGC 2025 Reg G\n|rated|\n|rule|Species Clause: Limit one of each Pok\u00e9mon\n|rule|Item Clause: Limit 1 of each item\n|clearpoke\n|poke|p1|Calyrex-Ice, L50|\n|poke|p1|Dondozo, L50, M|\n|poke|p1|Tatsugiri-Droopy, L50, F|\n|poke|p1|Weezing-Galar, L50, M|\n|poke|p1|Whimsicott, L50, F|\n|poke|p1|Landorus, L50, M|\n|poke|p2|Rillaboom, L50, F|\n|poke|p2|Raging Bolt, L50|\n|poke|p2|Urshifu-*, L50, M|\n|poke|p2|Incineroar, L50, F|\n|poke|p2|Calyrex-Shadow, L50|\n|poke|p2|Amoonguss, L50, F|\n|teampreview|4\n|\n|t:|1736439849\n|start\n|switch|p1a: Weezing|Weezing-Galar, L50, M|100\/100\n|switch|p1b: Calyrex|Calyrex-Ice, L50|100\/100\n|switch|p2a: Calyrex|Calyrex-Shadow, L50|100\/100\n|switch|p2b: Incineroar|Incineroar, L50, F|100\/100\n|-ability|p2a: Calyrex|As One\n|-ability|p2a: Calyrex|Unnerve\n|-ability|p1a: Weezing|Neutralizing Gas\n|-ability|p1b: Calyrex|As One\n|-ability|p1b: Calyrex|Unnerve\n|turn|1\n|inactive|Battle timer is ON: inactive players will automatically lose when time's up. (requested by darthnius)\n|\n|t:|1736439865\n|-terastallize|p1b: Calyrex|Normal\n|move|p2b: Incineroar|Fake Out|p1b: Calyrex\n|-damage|p1b: Calyrex|94\/100\n|move|p2a: Calyrex|Astral Barrage|p1a: Weezing|[spread] p1a\n|-immune|p1b: Calyrex\n|-damage|p1a: Weezing|34\/100\n|move|p1a: Weezing|Poison Gas|p2a: Calyrex|[spread] p2a,p2b\n|-status|p2a: Calyrex|psn\n|-status|p2b: Incineroar|psn\n|cant|p1b: Calyrex|flinch\n|\n|-damage|p2a: Calyrex|88\/100 psn|[from] psn\n|-damage|p2b: Incineroar|88\/100 psn|[from] psn\n|upkeep\n|turn|2\n|\n|t:|1736439890\n|move|p1a: Weezing|Protect|p1a: Weezing\n|-singleturn|p1a: Weezing|Protect\n|move|p2a: Calyrex|Psyshock|p1a: Weezing\n|-activate|p1a: Weezing|move: Protect\n|move|p2b: Incineroar|Will-O-Wisp|p1b: Calyrex\n|-status|p1b: Calyrex|brn\n|move|p1b: Calyrex|Close Combat|p2b: Incineroar\n|-supereffective|p2b: Incineroar\n|-damage|p2b: Incineroar|36\/100 psn\n|-unboost|p1b: Calyrex|def|1\n|-unboost|p1b: Calyrex|spd|1\n|-damage|p1b: Calyrex|78\/100 brn|[from] item: Rocky Helmet|[of] p2b: Incineroar\n|\n|-damage|p2a: Calyrex|76\/100 psn|[from] psn\n|-damage|p2b: Incineroar|24\/100 psn|[from] psn\n|-damage|p1b: Calyrex|72\/100 brn|[from] brn\n|upkeep\n|turn|3\n|j| neebieplayersea\n|\n|t:|1736439911\n|-end|p1a: Weezing|ability: Neutralizing Gas\n|-ability|p2b: Incineroar|Intimidate|boost\n|-unboost|p1a: Weezing|atk|1\n|-unboost|p1b: Calyrex|atk|1\n|switch|p1a: Tatsugiri|Tatsugiri-Droopy, L50, F|100\/100\n|switch|p1b: Dondozo|Dondozo, L50, M|100\/100\n|-activate|p1a: Tatsugiri|ability: Commander|[of] p1b: Dondozo\n|-boost|p1b: Dondozo|atk|2\n|-boost|p1b: Dondozo|spa|2\n|-boost|p1b: Dondozo|spe|2\n|-boost|p1b: Dondozo|def|2\n|-boost|p1b: Dondozo|spd|2\n|move|p2a: Calyrex|Psyshock|p1a: Tatsugiri|[miss]\n|-miss|p2a: Calyrex|p1a: Tatsugiri\n|move|p2b: Incineroar|Parting Shot|p1b: Dondozo\n|-unboost|p1b: Dondozo|atk|1\n|-unboost|p1b: Dondozo|spa|1\n|\n|t:|1736439927\n|switch|p2b: Amoonguss|Amoonguss, L50, F, shiny|100\/100|[from] Parting Shot\n|\n|-damage|p2a: Calyrex|64\/100 psn|[from] psn\n|upkeep\n|turn|4\n|\n|t:|1736439941\n|move|p2a: Calyrex|Astral Barrage|p1b: Dondozo|[spread] p1b\n|-miss|p2a: Calyrex|p1a: Tatsugiri\n|-damage|p1b: Dondozo|80\/100\n|move|p1b: Dondozo|Heavy Slam|p2b: Amoonguss\n|-damage|p2b: Amoonguss|67\/100\n|move|p2b: Amoonguss|Spore|p1b: Dondozo\n|-status|p1b: Dondozo|slp|[from] move: Spore\n|\n|-heal|p1b: Dondozo|86\/100 slp|[from] item: Leftovers\n|-damage|p2a: Calyrex|52\/100 psn|[from] psn\n|upkeep\n|turn|5\n|\n|t:|1736439960\n|cant|p1b: Dondozo|slp\n|move|p2a: Calyrex|Astral Barrage|p1b: Dondozo|[spread] p1b\n|-miss|p2a: Calyrex|p1a: Tatsugiri\n|-damage|p1b: Dondozo|65\/100 slp\n|move|p2b: Amoonguss|Clear Smog|p1b: Dondozo\n|-damage|p1b: Dondozo|59\/100 slp\n|-clearboost|p1b: Dondozo\n|\n|-heal|p1b: Dondozo|65\/100 slp|[from] item: Leftovers\n|-damage|p2a: Calyrex|39\/100 psn|[from] psn\n|upkeep\n|turn|6\n|\n|t:|1736439980\n|move|p2a: Calyrex|Astral Barrage|p1b: Dondozo|[spread] p1b\n|-miss|p2a: Calyrex|p1a: Tatsugiri\n|-damage|p1b: Dondozo|17\/100 slp\n|cant|p1b: Dondozo|slp\n|move|p2b: Amoonguss|Pollen Puff|p2a: Calyrex\n|-heal|p2a: Calyrex|89\/100 psn\n|\n|-heal|p1b: Dondozo|24\/100 slp|[from] item: Leftovers\n|-damage|p2a: Calyrex|77\/100 psn|[from] psn\n|upkeep\n|turn|7\n|\n|t:|1736440000\n|-curestatus|p1b: Dondozo|slp|[msg]\n|move|p1b: Dondozo|Protect|p1b: Dondozo\n|-singleturn|p1b: Dondozo|Protect\n|move|p2a: Calyrex|Astral Barrage|p1a: Tatsugiri|[spread] \n|-miss|p2a: Calyrex|p1a: Tatsugiri\n|-activate|p1b: Dondozo|move: Protect\n|move|p2b: Amoonguss|Spore|p1a: Tatsugiri|[miss]\n|-miss|p2b: Amoonguss|p1a: Tatsugiri\n|\n|-heal|p1b: Dondozo|30\/100|[from] item: Leftovers\n|-damage|p2a: Calyrex|65\/100 psn|[from] psn\n|upkeep\n|turn|8\n|-message|darthnius forfeited.\n|\n|win|Slackermaru\n|raw|darthnius's rating: 1586 &rarr; <strong>1566<\/strong><br \/>(-20 for losing)\n|raw|Slackermaru's rating: 1585 &rarr; <strong>1605<\/strong><br \/>(+20 for winning)\n|l|\u2606darthnius\n|player|p1|\n|l|\u2606Slackermaru\n|player|p2|\n|l| neebieplayersea\n","uploadtime":1736440222,"views":8,"formatid":"gen9vgc2025regg","rating":1566,"private":0,"password":null}