{"id":"gen9vgc2025regg-2277052592","format":"[Gen 9] VGC 2025 Reg G","players":["lichuweijixi","VJ2511"],"log":"|j|\u2606lichuweijixi\n|j|\u2606VJ2511\n|t:|1736310540\n|gametype|doubles\n|player|p1|lichuweijixi|266|1553\n|player|p2|VJ2511|red|1563\n|teamsize|p1|6\n|teamsize|p2|6\n|gen|9\n|tier|[Gen 9] VGC 2025 Reg G\n|rated|\n|rule|Species Clause: Limit one of each Pok\u00e9mon\n|rule|Item Clause: Limit 1 of each item\n|clearpoke\n|poke|p1|Dondozo, L50, M|\n|poke|p1|Tatsugiri, L50, F|\n|poke|p1|Miraidon, L50|\n|poke|p1|Ogerpon-Hearthflame, L50, F|\n|poke|p1|Chien-Pao, L50|\n|poke|p1|Iron Hands, L50|\n|poke|p2|Iron Hands, L50|\n|poke|p2|Grimmsnarl, L50, M|\n|poke|p2|Urshifu-*, L50, M|\n|poke|p2|Terapagos, L50, M|\n|poke|p2|Flutter Mane, L50|\n|poke|p2|Chi-Yu, L50|\n|teampreview|4\n|inactive|Battle timer is ON: inactive players will automatically lose when time's up. (requested by VJ2511)\n|j| BiscuitNumber2\n|\n|t:|1736310573\n|start\n|switch|p1a: Miraidon|Miraidon, L50|100\/100\n|switch|p1b: Dondozo|Dondozo, L50, M|100\/100\n|switch|p2a: Terapagos|Terapagos, L50, M|100\/100\n|switch|p2b: Grimmsnarl|Grimmsnarl, L50, M|100\/100\n|-activate|p2a: Terapagos|ability: Tera Shift\n|detailschange|p2a: Terapagos|Terapagos-Terastal, L50, M\n|-heal|p2a: Terapagos|100\/100|[silent]\n|-fieldstart|move: Electric Terrain|[from] ability: Hadron Engine|[of] p1a: Miraidon\n|turn|1\n|inactive|VJ2511 has 30 seconds left.\n|\n|t:|1736310600\n|move|p2b: Grimmsnarl|Light Screen|p2b: Grimmsnarl\n|-sidestart|p2: VJ2511|move: Light Screen\n|move|p1a: Miraidon|Volt Switch|p2b: Grimmsnarl\n|-damage|p2b: Grimmsnarl|59\/100\n|\n|t:|1736310605\n|switch|p1a: Tatsugiri|Tatsugiri, L50, F|100\/100|[from] Volt Switch\n|-activate|p1a: Tatsugiri|ability: Commander|[of] p1b: Dondozo\n|-boost|p1b: Dondozo|atk|2\n|-boost|p1b: Dondozo|spa|2\n|-boost|p1b: Dondozo|spe|2\n|-boost|p1b: Dondozo|def|2\n|-boost|p1b: Dondozo|spd|2\n|move|p1b: Dondozo|Earthquake|p2a: Terapagos|[spread] p2a,p2b\n|-miss|p1b: Dondozo|p1a: Tatsugiri\n|-activate|p2a: Terapagos|ability: Tera Shell\n|-resisted|p2a: Terapagos\n|-damage|p2a: Terapagos|80\/100\n|-damage|p2b: Grimmsnarl|14\/100\n|move|p2a: Terapagos|Tera Starstorm|p1b: Dondozo\n|-crit|p1b: Dondozo\n|-damage|p1b: Dondozo|0 fnt\n|faint|p1b: Dondozo\n|\n|upkeep\n|inactive|lichuweijixi has 30 seconds left.\n|\n|t:|1736310636\n|switch|p1b: Chien-Pao|Chien-Pao, L50|100\/100\n|-ability|p1b: Chien-Pao|Sword of Ruin\n|turn|2\n|j| GooglePay\n|\n|t:|1736310658\n|-terastallize|p2a: Terapagos|Stellar\n|detailschange|p2a: Terapagos|Terapagos-Stellar, L50, M, tera:Stellar\n|-heal|p2a: Terapagos|86\/100|[silent]\n|-ability|p2a: Terapagos|Teraform Zero\n|-fieldend|move: Electric Terrain\n|move|p2b: Grimmsnarl|Reflect|p2b: Grimmsnarl\n|-sidestart|p2: VJ2511|Reflect\n|move|p1a: Tatsugiri|Muddy Water|p2a: Terapagos|[spread] p2a,p2b\n|-damage|p2a: Terapagos|69\/100\n|-damage|p2b: Grimmsnarl|0 fnt\n|faint|p2b: Grimmsnarl\n|move|p1b: Chien-Pao|Icicle Crash|p2a: Terapagos\n|-damage|p2a: Terapagos|40\/100\n|move|p2a: Terapagos|Tera Starstorm|p1a: Tatsugiri|[spread] p1a,p1b\n|-damage|p1a: Tatsugiri|21\/100\n|-damage|p1b: Chien-Pao|9\/100\n|\n|upkeep\n|\n|t:|1736310670\n|switch|p2b: Flutter Mane|Flutter Mane, L50|100\/100\n|-enditem|p2b: Flutter Mane|Booster Energy\n|-activate|p2b: Flutter Mane|ability: Protosynthesis|[fromitem]\n|-start|p2b: Flutter Mane|protosynthesisspe\n|turn|3\n|j| Tapu_Fume\n|\n|t:|1736310686\n|move|p1b: Chien-Pao|Sucker Punch|p2a: Terapagos\n|-damage|p2a: Terapagos|18\/100\n|move|p2b: Flutter Mane|Icy Wind|p1b: Chien-Pao|[spread] p1a,p1b\n|-resisted|p1b: Chien-Pao\n|-damage|p1a: Tatsugiri|6\/100\n|-damage|p1b: Chien-Pao|0 fnt\n|-unboost|p1a: Tatsugiri|spe|1\n|faint|p1b: Chien-Pao\n|move|p1a: Tatsugiri|Muddy Water|p2a: Terapagos|[spread] p2a\n|-miss|p1a: Tatsugiri|p2b: Flutter Mane\n|-damage|p2a: Terapagos|3\/100\n|-unboost|p2a: Terapagos|accuracy|1\n|move|p2a: Terapagos|Tera Starstorm|p1a: Tatsugiri\n|-damage|p1a: Tatsugiri|0 fnt\n|faint|p1a: Tatsugiri\n|\n|upkeep\n|\n|t:|1736310694\n|switch|p1b: Miraidon|Miraidon, L50|100\/100\n|-fieldstart|move: Electric Terrain|[from] ability: Hadron Engine|[of] p1b: Miraidon\n|turn|4\n|inactive|VJ2511 has 30 seconds left.\n|\n|t:|1736310725\n|-terastallize|p1b: Miraidon|Fairy\n|move|p2b: Flutter Mane|Moonblast|p1b: Miraidon\n|-damage|p1b: Miraidon|78\/100\n|-unboost|p1b: Miraidon|spa|1\n|move|p1b: Miraidon|Dazzling Gleam|p2a: Terapagos|[spread] p2a,p2b\n|-damage|p2a: Terapagos|0 fnt\n|-damage|p2b: Flutter Mane|84\/100\n|faint|p2a: Terapagos\n|\n|upkeep\n|\n|t:|1736310732\n|switch|p2a: Chi-Yu|Chi-Yu, L50|100\/100\n|-ability|p2a: Chi-Yu|Beads of Ruin\n|turn|5\n|\n|t:|1736310736\n|move|p2b: Flutter Mane|Icy Wind|p1b: Miraidon|[miss]\n|-miss|p2b: Flutter Mane|p1b: Miraidon\n|move|p1b: Miraidon|Electro Drift|p2a: Chi-Yu\n|-damage|p2a: Chi-Yu|50\/100\n|move|p2a: Chi-Yu|Overheat|p1b: Miraidon|[miss]\n|-miss|p2a: Chi-Yu|p1b: Miraidon\n|\n|upkeep\n|turn|6\n|c|\u2606VJ2511|wow\n|c|\u2606VJ2511|just wow\n|\n|t:|1736310750\n|move|p2b: Flutter Mane|Protect|p2b: Flutter Mane\n|-singleturn|p2b: Flutter Mane|Protect\n|move|p1b: Miraidon|Electro Drift|p2a: Chi-Yu\n|-damage|p2a: Chi-Yu|4\/100\n|move|p2a: Chi-Yu|Overheat|p1b: Miraidon|[miss]\n|-miss|p2a: Chi-Yu|p1b: Miraidon\n|\n|upkeep\n|turn|7\n|c|\u2606VJ2511|BRO WHAT\n|c|\u2606VJ2511|IT DIDNT CLICK\n|c|\u2606VJ2511|MY GOD\n|c|\u2606VJ2511|thats unlucky ngl\n|\n|t:|1736310767\n|move|p2b: Flutter Mane|Icy Wind|p1b: Miraidon\n|-damage|p1b: Miraidon|65\/100\n|-unboost|p1b: Miraidon|spe|1\n|move|p2a: Chi-Yu|Overheat|p1b: Miraidon\n|-damage|p1b: Miraidon|13\/100\n|-unboost|p2a: Chi-Yu|spa|2\n|move|p1b: Miraidon|Dazzling Gleam|p2a: Chi-Yu|[spread] p2a,p2b\n|-crit|p2a: Chi-Yu\n|-damage|p2a: Chi-Yu|0 fnt\n|-damage|p2b: Flutter Mane|62\/100\n|faint|p2a: Chi-Yu\n|\n|upkeep\n|turn|8\n|c|\u2606VJ2511|my lord\n|c|\u2606VJ2511|that was exhilirating\n|\n|t:|1736310789\n|move|p2b: Flutter Mane|Moonblast|p1b: Miraidon\n|-damage|p1b: Miraidon|0 fnt\n|faint|p1b: Miraidon\n|\n|win|VJ2511\n|raw|lichuweijixi's rating: 1553 &rarr; <strong>1534<\/strong><br \/>(-19 for losing)\n|raw|VJ2511's rating: 1563 &rarr; <strong>1582<\/strong><br \/>(+19 for winning)\n|c|\u2606VJ2511|gg wp\n","uploadtime":1736310795,"views":14,"formatid":"gen9vgc2025regg","rating":1534,"private":0,"password":null}