{"id":"gen9vgc2025regg-2277081145","format":"[Gen 9] VGC 2025 Reg G","players":["superpowerpoke","jephre45"],"log":"|j|\u2606superpowerpoke\n|j|\u2606jephre45\n|t:|1736315565\n|gametype|doubles\n|player|p1|superpowerpoke|101|1686\n|player|p2|jephre45|plasmagrunt|1582\n|teamsize|p1|6\n|teamsize|p2|6\n|gen|9\n|tier|[Gen 9] VGC 2025 Reg G\n|rated|\n|rule|Species Clause: Limit one of each Pok\u00e9mon\n|rule|Item Clause: Limit 1 of each item\n|clearpoke\n|poke|p1|Calyrex-Ice, L50|\n|poke|p1|Raging Bolt, L50|\n|poke|p1|Urshifu-*, L50, M|\n|poke|p1|Ogerpon-Cornerstone, L50, F|\n|poke|p1|Tornadus, L50, M|\n|poke|p1|Rillaboom, L50, F|\n|poke|p2|Calyrex-Ice, L50|\n|poke|p2|Urshifu-*, L50, M|\n|poke|p2|Pelipper, L50, M|\n|poke|p2|Amoonguss, L50, M|\n|poke|p2|Iron Valiant, L50|\n|poke|p2|Landorus, L50, M|\n|teampreview|4\n|\n|t:|1736315637\n|start\n|switch|p1a: Calyrex|Calyrex-Ice, L50|100\/100\n|switch|p1b: Ogerpon|Ogerpon-Cornerstone, L50, F|100\/100\n|switch|p2a: Landorus|Landorus, L50, M|100\/100\n|switch|p2b: Pelipper|Pelipper, L50, M|100\/100\n|-ability|p1a: Calyrex|As One\n|-ability|p1a: Calyrex|Unnerve\n|-weather|RainDance|[from] ability: Drizzle|[of] p2b: Pelipper\n|turn|1\n|\n|t:|1736315659\n|move|p2b: Pelipper|Wide Guard|p2b: Pelipper\n|-singleturn|p2b: Pelipper|Wide Guard\n|move|p2a: Landorus|Sandsear Storm|p1b: Ogerpon|[spread] p1a,p1b\n|-damage|p1a: Calyrex|68\/100\n|-damage|p1b: Ogerpon|44\/100\n|move|p1b: Ogerpon|Ivy Cudgel|p2a: Landorus|[anim] Ivy Cudgel Rock\n|-damage|p2a: Landorus|33\/100\n|move|p1a: Calyrex|Glacial Lance|p2b: Pelipper|[spread] \n|-activate|p2a: Landorus|move: Wide Guard\n|-activate|p2b: Pelipper|move: Wide Guard\n|\n|-weather|RainDance|[upkeep]\n|upkeep\n|turn|2\n|\n|t:|1736315678\n|move|p1a: Calyrex|Protect|p1a: Calyrex\n|-singleturn|p1a: Calyrex|Protect\n|move|p2a: Landorus|Sandsear Storm|p1b: Ogerpon|[spread] p1b\n|-activate|p1a: Calyrex|move: Protect\n|-damage|p1b: Ogerpon|0 fnt\n|faint|p1b: Ogerpon\n|move|p2b: Pelipper|Weather Ball|p1a: Calyrex\n|-activate|p1a: Calyrex|move: Protect\n|\n|-weather|RainDance|[upkeep]\n|upkeep\n|\n|t:|1736315688\n|switch|p1b: Urshifu|Urshifu-Rapid-Strike, L50, M|100\/100\n|turn|3\n|\n|t:|1736315707\n|switch|p2a: Amoonguss|Amoonguss, L50, M|100\/100\n|move|p1b: Urshifu|Aqua Jet|p2a: Amoonguss\n|-resisted|p2a: Amoonguss\n|-damage|p2a: Amoonguss|87\/100\n|-damage|p1b: Urshifu|84\/100|[from] item: Rocky Helmet|[of] p2a: Amoonguss\n|move|p2b: Pelipper|Hurricane|p1b: Urshifu\n|-supereffective|p1b: Urshifu\n|-damage|p1b: Urshifu|0 fnt\n|faint|p1b: Urshifu\n|-damage|p2b: Pelipper|91\/100|[from] item: Life Orb\n|move|p1a: Calyrex|Glacial Lance|p2a: Amoonguss|[spread] p2a,p2b\n|-supereffective|p2a: Amoonguss\n|-damage|p2a: Amoonguss|0 fnt\n|-damage|p2b: Pelipper|33\/100\n|faint|p2a: Amoonguss\n|-ability|p1a: Calyrex|Chilling Neigh|boost\n|-boost|p1a: Calyrex|atk|1\n|\n|-weather|RainDance|[upkeep]\n|upkeep\n|\n|t:|1736315727\n|switch|p1b: Raging Bolt|Raging Bolt, L50|100\/100\n|switch|p2a: Landorus|Landorus, L50, M|33\/100\n|-enditem|p1b: Raging Bolt|Booster Energy\n|-activate|p1b: Raging Bolt|ability: Protosynthesis|[fromitem]\n|-start|p1b: Raging Bolt|protosynthesisspa\n|turn|4\n|\n|t:|1736315755\n|move|p1b: Raging Bolt|Protect|p1b: Raging Bolt\n|-singleturn|p1b: Raging Bolt|Protect\n|move|p2b: Pelipper|Wide Guard|p2b: Pelipper\n|-singleturn|p2b: Pelipper|Wide Guard\n|move|p2a: Landorus|Sandsear Storm|p1a: Calyrex|[spread] p1a\n|-activate|p1b: Raging Bolt|move: Protect\n|-damage|p1a: Calyrex|38\/100\n|move|p1a: Calyrex|Zen Headbutt|p2a: Landorus\n|-damage|p2a: Landorus|0 fnt\n|faint|p2a: Landorus\n|-ability|p1a: Calyrex|Chilling Neigh|boost\n|-boost|p1a: Calyrex|atk|1\n|\n|-weather|RainDance|[upkeep]\n|upkeep\n|\n|t:|1736315759\n|switch|p2a: Calyrex|Calyrex-Ice, L50|100\/100\n|-ability|p2a: Calyrex|As One\n|-ability|p2a: Calyrex|Unnerve\n|turn|5\n|\n|t:|1736315793\n|-terastallize|p1b: Raging Bolt|Electric\n|-terastallize|p2b: Pelipper|Grass\n|move|p1b: Raging Bolt|Thunderbolt|p2b: Pelipper\n|-resisted|p2b: Pelipper\n|-damage|p2b: Pelipper|0 fnt\n|faint|p2b: Pelipper\n|move|p1a: Calyrex|High Horsepower|p2a: Calyrex\n|-damage|p2a: Calyrex|56\/100\n|move|p2a: Calyrex|Glacial Lance|p1b: Raging Bolt|[spread] p1a,p1b\n|-resisted|p1a: Calyrex\n|-damage|p1a: Calyrex|20\/100\n|-damage|p1b: Raging Bolt|43\/100\n|\n|-weather|none\n|upkeep\n|turn|6\n|\n|t:|1736315807\n|move|p1b: Raging Bolt|Thunderbolt|p2a: Calyrex\n|-damage|p2a: Calyrex|0 fnt\n|faint|p2a: Calyrex\n|\n|win|superpowerpoke\n|raw|superpowerpoke's rating: 1686 &rarr; <strong>1700<\/strong><br \/>(+14 for winning)\n|raw|jephre45's rating: 1582 &rarr; <strong>1568<\/strong><br \/>(-14 for losing)\n|l|\u2606jephre45\n|player|p2|\n|l|\u2606superpowerpoke\n|player|p1|\n","uploadtime":1736315992,"views":271,"formatid":"gen9vgc2025regg","rating":1568,"private":0,"password":null}