{"id":"gen9vgc2025regg-2277786418","format":"[Gen 9] VGC 2025 Reg G","players":["lichuweijixi","BigSalta"],"log":"|j|\u2606lichuweijixi\n|j|\u2606BigSalta\n|t:|1736417598\n|gametype|doubles\n|player|p1|lichuweijixi|265|1534\n|player|p2|BigSalta|cynthia|1623\n|teamsize|p1|6\n|teamsize|p2|6\n|gen|9\n|tier|[Gen 9] VGC 2025 Reg G\n|rated|\n|rule|Species Clause: Limit one of each Pok\u00e9mon\n|rule|Item Clause: Limit 1 of each item\n|clearpoke\n|poke|p1|Calyrex-Ice, L50|\n|poke|p1|Smeargle, L50, M|\n|poke|p1|Annihilape, L50, F|\n|poke|p1|Urshifu-*, L50, M|\n|poke|p1|Ursaluna-Bloodmoon, L50, M|\n|poke|p1|Ogerpon-Wellspring, L50, F|\n|poke|p2|Incineroar, L50, M|\n|poke|p2|Urshifu-*, L50, F|\n|poke|p2|Kyogre, L50|\n|poke|p2|Rillaboom, L50, F|\n|poke|p2|Roaring Moon, L50|\n|poke|p2|Amoonguss, L50, F|\n|teampreview|4\n|\n|t:|1736417630\n|start\n|switch|p1a: Annihilape|Annihilape, L50, F|100\/100\n|switch|p1b: Calyrex|Calyrex-Ice, L50|100\/100\n|switch|p2a: Urshifu|Urshifu-Rapid-Strike, L50, F|100\/100\n|switch|p2b: Kyogre|Kyogre, L50|100\/100\n|-ability|p1b: Calyrex|As One\n|-ability|p1b: Calyrex|Unnerve\n|-weather|RainDance|[from] ability: Drizzle|[of] p2b: Kyogre\n|turn|1\n|\n|t:|1736417661\n|-terastallize|p1b: Calyrex|Water\n|move|p2a: Urshifu|Surging Strikes|p1a: Annihilape\n|-crit|p1a: Annihilape\n|-damage|p1a: Annihilape|69\/100\n|-crit|p1a: Annihilape\n|-damage|p1a: Annihilape|34\/100\n|-crit|p1a: Annihilape\n|-damage|p1a: Annihilape|0 fnt\n|faint|p1a: Annihilape\n|-hitcount|p1: Annihilape|3\n|move|p2b: Kyogre|Origin Pulse|p1b: Calyrex\n|-resisted|p1b: Calyrex\n|-damage|p1b: Calyrex|70\/100\n|move|p1b: Calyrex|Trick Room|p1b: Calyrex\n|-fieldstart|move: Trick Room|[of] p1b: Calyrex\n|\n|-weather|RainDance|[upkeep]\n|upkeep\n|\n|t:|1736417668\n|switch|p1a: Urshifu|Urshifu, L50, M|100\/100\n|turn|2\n|\n|t:|1736417684\n|move|p1b: Calyrex|Glacial Lance|p2a: Urshifu|[spread] p2a,p2b\n|-resisted|p2a: Urshifu\n|-resisted|p2b: Kyogre\n|-damage|p2a: Urshifu|72\/100\n|-damage|p2b: Kyogre|75\/100\n|move|p1a: Urshifu|Wicked Blow|p2b: Kyogre\n|-crit|p2b: Kyogre\n|-damage|p2b: Kyogre|0 fnt\n|faint|p2b: Kyogre\n|move|p2a: Urshifu|Surging Strikes|p1a: Urshifu\n|-crit|p1a: Urshifu\n|-damage|p1a: Urshifu|74\/100\n|-crit|p1a: Urshifu\n|-damage|p1a: Urshifu|47\/100\n|-crit|p1a: Urshifu\n|-damage|p1a: Urshifu|18\/100\n|-hitcount|p1a: Urshifu|3\n|\n|-weather|RainDance|[upkeep]\n|upkeep\n|\n|t:|1736417709\n|switch|p2b: Incineroar|Incineroar, L50, M|100\/100\n|-ability|p2b: Incineroar|Intimidate|boost\n|-unboost|p1a: Urshifu|atk|1\n|-unboost|p1b: Calyrex|atk|1\n|turn|3\n|\n|t:|1736417720\n|switch|p1a: Ogerpon|Ogerpon-Wellspring, L50, F|100\/100\n|move|p1b: Calyrex|Protect|p1b: Calyrex\n|-singleturn|p1b: Calyrex|Protect\n|move|p2b: Incineroar|Fake Out|p1a: Ogerpon\n|-damage|p1a: Ogerpon|90\/100\n|move|p2a: Urshifu|Surging Strikes|p1b: Calyrex\n|-resisted|p1b: Calyrex\n|-crit|p1b: Calyrex\n|-damage|p1b: Calyrex|61\/100\n|-resisted|p1b: Calyrex\n|-crit|p1b: Calyrex\n|-damage|p1b: Calyrex|52\/100\n|-resisted|p1b: Calyrex\n|-crit|p1b: Calyrex\n|-damage|p1b: Calyrex|43\/100\n|-enditem|p1b: Calyrex|Sitrus Berry|[eat]\n|-heal|p1b: Calyrex|68\/100|[from] item: Sitrus Berry\n|-hitcount|p1b: Calyrex|3\n|\n|-weather|RainDance|[upkeep]\n|upkeep\n|turn|4\n|\n|t:|1736417743\n|move|p1b: Calyrex|Glacial Lance|p2a: Urshifu|[spread] p2a,p2b\n|-resisted|p2a: Urshifu\n|-resisted|p2b: Incineroar\n|-damage|p2a: Urshifu|53\/100\n|-damage|p2b: Incineroar|84\/100\n|move|p2b: Incineroar|Parting Shot|p1b: Calyrex\n|-unboost|p1b: Calyrex|atk|1\n|-unboost|p1b: Calyrex|spa|1\n|\n|t:|1736417749\n|switch|p2b: Rillaboom|Rillaboom, L50, F|100\/100|[from] Parting Shot\n|-fieldstart|move: Grassy Terrain|[from] ability: Grassy Surge|[of] p2b: Rillaboom\n|move|p1a: Ogerpon|Ivy Cudgel|p2b: Rillaboom|[anim] Ivy Cudgel Water\n|-resisted|p2b: Rillaboom\n|-damage|p2b: Rillaboom|69\/100\n|move|p2a: Urshifu|Surging Strikes|p1b: Calyrex\n|-resisted|p1b: Calyrex\n|-crit|p1b: Calyrex\n|-damage|p1b: Calyrex|58\/100\n|-resisted|p1b: Calyrex\n|-crit|p1b: Calyrex\n|-damage|p1b: Calyrex|49\/100\n|-resisted|p1b: Calyrex\n|-crit|p1b: Calyrex\n|-damage|p1b: Calyrex|40\/100\n|-hitcount|p1b: Calyrex|3\n|\n|-weather|RainDance|[upkeep]\n|-heal|p1b: Calyrex|46\/100|[from] Grassy Terrain\n|-heal|p2b: Rillaboom|75\/100|[from] Grassy Terrain\n|-heal|p1a: Ogerpon|96\/100|[from] Grassy Terrain\n|-heal|p2a: Urshifu|60\/100|[from] Grassy Terrain\n|upkeep\n|turn|5\n|j| QiYu9\n|\n|t:|1736417792\n|switch|p2a: Incineroar|Incineroar, L50, M|84\/100\n|-ability|p2a: Incineroar|Intimidate|boost\n|-unboost|p1a: Ogerpon|atk|1\n|-unboost|p1b: Calyrex|atk|1\n|move|p2b: Rillaboom|Fake Out|p1b: Calyrex\n|-damage|p1b: Calyrex|38\/100\n|move|p1a: Ogerpon|Follow Me|p1a: Ogerpon\n|-singleturn|p1a: Ogerpon|move: Follow Me\n|cant|p1b: Calyrex|flinch\n|\n|-weather|none\n|-heal|p1b: Calyrex|44\/100|[from] Grassy Terrain\n|-heal|p2a: Incineroar|90\/100|[from] Grassy Terrain\n|-heal|p2b: Rillaboom|81\/100|[from] Grassy Terrain\n|-heal|p1a: Ogerpon|100\/100|[from] Grassy Terrain\n|-fieldend|move: Trick Room\n|upkeep\n|turn|6\n|\n|t:|1736417820\n|move|p1a: Ogerpon|Encore|p2b: Rillaboom\n|-start|p2b: Rillaboom|Encore\n|move|p2b: Rillaboom|Fake Out||[still]\n|-hint|Fake Out only works on your first turn out.\n|-fail|p2b: Rillaboom\n|move|p2a: Incineroar|Will-O-Wisp|p1b: Calyrex\n|-status|p1b: Calyrex|brn\n|move|p1b: Calyrex|Trick Room|p1b: Calyrex\n|-fieldstart|move: Trick Room|[of] p1b: Calyrex\n|\n|-heal|p1b: Calyrex|50\/100 brn|[from] Grassy Terrain\n|-heal|p2a: Incineroar|96\/100|[from] Grassy Terrain\n|-heal|p2b: Rillaboom|86\/100|[from] Grassy Terrain\n|-damage|p1b: Calyrex|44\/100 brn|[from] brn\n|upkeep\n|turn|7\n|\n|t:|1736417847\n|switch|p1b: Urshifu|Urshifu, L50, M|18\/100\n|switch|p2b: Urshifu|Urshifu-Rapid-Strike, L50, F|60\/100\n|move|p2a: Incineroar|Will-O-Wisp|p1b: Urshifu|[miss]\n|-miss|p2a: Incineroar|p1b: Urshifu\n|move|p1a: Ogerpon|Ivy Cudgel|p2a: Incineroar|[anim] Ivy Cudgel Water\n|-supereffective|p2a: Incineroar\n|-damage|p2a: Incineroar|33\/100\n|\n|-heal|p2a: Incineroar|39\/100|[from] Grassy Terrain\n|-heal|p1b: Urshifu|24\/100|[from] Grassy Terrain\n|-heal|p2b: Urshifu|66\/100|[from] Grassy Terrain\n|upkeep\n|turn|8\n|\n|t:|1736417873\n|move|p1a: Ogerpon|Follow Me|p1a: Ogerpon\n|-singleturn|p1a: Ogerpon|move: Follow Me\n|move|p2a: Incineroar|Will-O-Wisp|p1a: Ogerpon\n|-status|p1a: Ogerpon|brn\n|move|p1b: Urshifu|Close Combat|p2a: Incineroar\n|-supereffective|p2a: Incineroar\n|-damage|p2a: Incineroar|0 fnt\n|-unboost|p1b: Urshifu|def|1\n|-unboost|p1b: Urshifu|spd|1\n|faint|p2a: Incineroar\n|move|p2b: Urshifu|U-turn|p1a: Ogerpon\n|-supereffective|p1a: Ogerpon\n|-damage|p1a: Ogerpon|49\/100 brn\n|j| imstuckat1300\n|\n|t:|1736417881\n|switch|p2b: Rillaboom|Rillaboom, L50, F|86\/100|[from] U-turn\n|\n|-heal|p1b: Urshifu|31\/100|[from] Grassy Terrain\n|-heal|p2b: Rillaboom|92\/100|[from] Grassy Terrain\n|-heal|p1a: Ogerpon|55\/100 brn|[from] Grassy Terrain\n|-damage|p1a: Ogerpon|49\/100 brn|[from] brn\n|-fieldend|move: Grassy Terrain\n|upkeep\n|\n|t:|1736417886\n|switch|p2a: Urshifu|Urshifu-Rapid-Strike, L50, F|66\/100\n|turn|9\n|\n|t:|1736417915\n|move|p1a: Ogerpon|Follow Me|p1a: Ogerpon\n|-singleturn|p1a: Ogerpon|move: Follow Me\n|move|p2a: Urshifu|Aqua Jet|p1a: Ogerpon\n|-heal|p1a: Ogerpon|74\/100 brn|[from] ability: Water Absorb|[of] p2a: Urshifu\n|move|p1b: Urshifu|Close Combat|p2a: Urshifu\n|-damage|p2a: Urshifu|0 fnt\n|-unboost|p1b: Urshifu|def|1\n|-unboost|p1b: Urshifu|spd|1\n|faint|p2a: Urshifu\n|move|p2b: Rillaboom|Wood Hammer|p1a: Ogerpon\n|-damage|p1a: Ogerpon|19\/100 brn\n|-damage|p2b: Rillaboom|76\/100|[from] Recoil\n|\n|-damage|p1a: Ogerpon|13\/100 brn|[from] brn\n|upkeep\n|turn|10\n|\n|t:|1736417947\n|move|p1a: Ogerpon|Follow Me|p1a: Ogerpon\n|-singleturn|p1a: Ogerpon|move: Follow Me\n|move|p1b: Urshifu|Close Combat|p2b: Rillaboom\n|-damage|p2b: Rillaboom|2\/100\n|-unboost|p1b: Urshifu|def|1\n|-unboost|p1b: Urshifu|spd|1\n|move|p2b: Rillaboom|Grassy Glide|p1a: Ogerpon\n|-damage|p1a: Ogerpon|0 fnt\n|faint|p1a: Ogerpon\n|\n|-fieldend|move: Trick Room\n|upkeep\n|\n|t:|1736417952\n|switch|p1a: Calyrex|Calyrex-Ice, L50, tera:Water|44\/100 brn\n|-ability|p1a: Calyrex|As One\n|-ability|p1a: Calyrex|Unnerve\n|turn|11\n|-message|BigSalta forfeited.\n|\n|win|lichuweijixi\n|raw|lichuweijixi's rating: 1534 &rarr; <strong>1559<\/strong><br \/>(+25 for winning)\n|raw|BigSalta's rating: 1623 &rarr; <strong>1598<\/strong><br \/>(-25 for losing)\n|l|\u2606BigSalta\n|player|p2|\n|l|\u2606lichuweijixi\n|player|p1|\n|l| QiYu9\n|l| imstuckat1300\n","uploadtime":1736418183,"views":265,"formatid":"gen9vgc2025regg","rating":1559,"private":0,"password":null}