{"id":"gen9vgc2025regg-2277453083","format":"[Gen 9] VGC 2025 Reg G","players":["Bbjhots","JasePokemonTwitter"],"log":"|j|\u2606Bbjhots\n|j|\u2606JasePokemonTwitter\n|t:|1736367785\n|gametype|doubles\n|player|p1|Bbjhots|1|1538\n|player|p2|JasePokemonTwitter|lucas|1556\n|teamsize|p1|6\n|teamsize|p2|6\n|gen|9\n|tier|[Gen 9] VGC 2025 Reg G\n|rated|\n|rule|Species Clause: Limit one of each Pok\u00e9mon\n|rule|Item Clause: Limit 1 of each item\n|clearpoke\n|poke|p1|Terapagos, L50, M|\n|poke|p1|Incineroar, L50, F|\n|poke|p1|Rillaboom, L50, M|\n|poke|p1|Urshifu-*, L50, F|\n|poke|p1|Flutter Mane, L50|\n|poke|p1|Sinistcha, L50|\n|poke|p2|Grimmsnarl, L50, M|\n|poke|p2|Iron Hands, L50|\n|poke|p2|Miraidon, L50|\n|poke|p2|Ditto, L50|\n|poke|p2|Urshifu-*, L50, F|\n|poke|p2|Incineroar, L50, F|\n|teampreview|4\n|inactive|Battle timer is ON: inactive players will automatically lose when time's up. (requested by JasePokemonTwitter)\n|inactive|Bbjhots also wants the timer to be on.\n|j| 413XP\n|\n|t:|1736367809\n|start\n|switch|p1a: Terapagos|Terapagos, L50, M|100\/100\n|switch|p1b: Rillaboom|Rillaboom, L50, M|100\/100\n|switch|p2a: Miraidon|Miraidon, L50|100\/100\n|switch|p2b: Urshifu|Urshifu, L50, F|100\/100\n|-activate|p1a: Terapagos|ability: Tera Shift\n|detailschange|p1a: Terapagos|Terapagos-Terastal, L50, M\n|-heal|p1a: Terapagos|100\/100|[silent]\n|-fieldstart|move: Electric Terrain|[from] ability: Hadron Engine|[of] p2a: Miraidon\n|-fieldstart|move: Grassy Terrain|[from] ability: Grassy Surge|[of] p1b: Rillaboom\n|turn|1\n|\n|t:|1736367830\n|switch|p1a: Incineroar|Incineroar, L50, F|100\/100\n|-ability|p1a: Incineroar|Intimidate|boost\n|-unboost|p2a: Miraidon|atk|1\n|-unboost|p2b: Urshifu|atk|1\n|move|p2a: Miraidon|Volt Switch|p1a: Incineroar\n|-damage|p1a: Incineroar|68\/100\n|\n|t:|1736367841\n|switch|p2a: Iron Hands|Iron Hands, L50|100\/100|[from] Volt Switch\n|move|p2b: Urshifu|Close Combat|p1a: Incineroar\n|-supereffective|p1a: Incineroar\n|-damage|p1a: Incineroar|1\/100\n|-unboost|p2b: Urshifu|def|1\n|-unboost|p2b: Urshifu|spd|1\n|-damage|p2b: Urshifu|84\/100|[from] item: Rocky Helmet|[of] p1a: Incineroar\n|move|p1b: Rillaboom|U-turn|p2b: Urshifu\n|-damage|p2b: Urshifu|43\/100\n|\n|t:|1736367849\n|switch|p1b: Sinistcha|Sinistcha, L50, shiny|100\/100|[from] U-turn\n|-heal|p1a: Incineroar|26\/100|[from] ability: Hospitality|[of] p1b: Sinistcha\n|\n|-heal|p2b: Urshifu|49\/100|[from] Grassy Terrain\n|-heal|p1a: Incineroar|32\/100|[from] Grassy Terrain\n|upkeep\n|turn|2\n|\n|t:|1736367863\n|move|p1a: Incineroar|Fake Out|p2b: Urshifu\n|-crit|p2b: Urshifu\n|-damage|p2b: Urshifu|24\/100\n|cant|p2b: Urshifu|flinch\n|move|p2a: Iron Hands|Swords Dance|p2a: Iron Hands\n|-boost|p2a: Iron Hands|atk|2\n|move|p1b: Sinistcha|Trick Room|p1b: Sinistcha\n|-fieldstart|move: Trick Room|[of] p1b: Sinistcha\n|\n|-heal|p1a: Incineroar|38\/100|[from] Grassy Terrain\n|-heal|p2b: Urshifu|30\/100|[from] Grassy Terrain\n|upkeep\n|turn|3\n|j| ExcessivelyAve\n|\n|t:|1736367882\n|switch|p2b: Ditto|Ditto, L50|100\/100\n|-transform|p2b: Ditto|p1a: Incineroar|[from] ability: Imposter\n|-ability|p2b: Ditto|Intimidate|boost\n|-unboost|p1a: Incineroar|atk|1\n|-unboost|p1b: Sinistcha|atk|1\n|move|p1a: Incineroar|Will-O-Wisp|p2a: Iron Hands\n|-status|p2a: Iron Hands|brn\n|move|p2a: Iron Hands|Drain Punch|p1a: Incineroar\n|-supereffective|p1a: Incineroar\n|-damage|p1a: Incineroar|0 fnt\n|-damage|p2a: Iron Hands|84\/100 brn|[from] item: Rocky Helmet|[of] p1a: Incineroar\n|faint|p1a: Incineroar\n|move|p1b: Sinistcha|Matcha Gotcha|p2a: Iron Hands|[spread] p2a,p2b\n|-resisted|p2b: Ditto\n|-damage|p2a: Iron Hands|55\/100 brn\n|-damage|p2b: Ditto|81\/100\n|\n|-heal|p2a: Iron Hands|61\/100 brn|[from] Grassy Terrain\n|-heal|p2b: Ditto|87\/100|[from] Grassy Terrain\n|-damage|p2a: Iron Hands|55\/100 brn|[from] brn\n|upkeep\n|\n|t:|1736367896\n|switch|p1a: Terapagos|Terapagos-Terastal, L50, M|100\/100\n|turn|4\n|\n|t:|1736367911\n|move|p1b: Sinistcha|Protect|p1b: Sinistcha\n|-singleturn|p1b: Sinistcha|Protect\n|move|p2a: Iron Hands|Drain Punch|p1a: Terapagos\n|-activate|p1a: Terapagos|ability: Tera Shell\n|-resisted|p1a: Terapagos\n|-damage|p1a: Terapagos|83\/100\n|-heal|p2a: Iron Hands|63\/100 brn|[from] drain|[of] p1a: Terapagos\n|move|p2b: Ditto|Parting Shot|p1a: Terapagos\n|-unboost|p1a: Terapagos|atk|1\n|-unboost|p1a: Terapagos|spa|1\n|\n|t:|1736367925\n|switch|p2b: Miraidon|Miraidon, L50|100\/100|[from] Parting Shot\n|-fieldstart|move: Electric Terrain|[from] ability: Hadron Engine|[of] p2b: Miraidon\n|-enditem|p2a: Iron Hands|Electric Seed\n|-boost|p2a: Iron Hands|def|1|[from] item: Electric Seed\n|-activate|p2a: Iron Hands|ability: Quark Drive\n|-start|p2a: Iron Hands|quarkdriveatk\n|move|p1a: Terapagos|Substitute|p1a: Terapagos\n|-start|p1a: Terapagos|Substitute\n|-damage|p1a: Terapagos|59\/100\n|\n|-heal|p1a: Terapagos|65\/100|[from] item: Leftovers\n|-damage|p2a: Iron Hands|57\/100 brn|[from] brn\n|upkeep\n|turn|5\n|inactive|JasePokemonTwitter has 30 seconds left.\n|\n|t:|1736367951\n|-terastallize|p1a: Terapagos|Stellar\n|detailschange|p1a: Terapagos|Terapagos-Stellar, L50, M, tera:Stellar\n|-heal|p1a: Terapagos|74\/100|[silent]\n|-ability|p1a: Terapagos|Teraform Zero\n|-fieldend|move: Electric Terrain\n|-end|p2a: Iron Hands|Quark Drive\n|move|p1b: Sinistcha|Rage Powder|p1b: Sinistcha\n|-singleturn|p1b: Sinistcha|move: Rage Powder\n|move|p2a: Iron Hands|Swords Dance|p2a: Iron Hands\n|-boost|p2a: Iron Hands|atk|2\n|move|p1a: Terapagos|Calm Mind|p1a: Terapagos\n|-boost|p1a: Terapagos|spa|1\n|-boost|p1a: Terapagos|spd|1\n|move|p2b: Miraidon|Volt Switch|p1b: Sinistcha\n|-resisted|p1b: Sinistcha\n|-damage|p1b: Sinistcha|81\/100\n|\n|t:|1736367965\n|switch|p2b: Urshifu|Urshifu, L50, F|30\/100|[from] Volt Switch\n|\n|-heal|p1a: Terapagos|80\/100|[from] item: Leftovers\n|-damage|p2a: Iron Hands|50\/100 brn|[from] brn\n|upkeep\n|turn|6\n|\n|t:|1736367978\n|-terastallize|p2a: Iron Hands|Grass\n|move|p2b: Urshifu|Protect|p2b: Urshifu\n|-singleturn|p2b: Urshifu|Protect\n|move|p1b: Sinistcha|Rage Powder|p1b: Sinistcha\n|-singleturn|p1b: Sinistcha|move: Rage Powder\n|move|p2a: Iron Hands|Drain Punch|p1a: Terapagos\n|-supereffective|p1a: Terapagos\n|-end|p1a: Terapagos|Substitute\n|-heal|p2a: Iron Hands|61\/100 brn|[from] drain|[of] p1a: Terapagos\n|move|p1a: Terapagos|Tera Starstorm|p2b: Urshifu|[spread] p2a\n|-activate|p2b: Urshifu|move: Protect\n|-supereffective|p2a: Iron Hands\n|-damage|p2a: Iron Hands|0 fnt\n|faint|p2a: Iron Hands\n|-end|p2a: Iron Hands|Quark Drive|[silent]\n|\n|-heal|p1a: Terapagos|86\/100|[from] item: Leftovers\n|-fieldend|move: Trick Room\n|upkeep\n|l| 413XP\n|\n|t:|1736367995\n|switch|p2a: Miraidon|Miraidon, L50|100\/100\n|-fieldstart|move: Electric Terrain|[from] ability: Hadron Engine|[of] p2a: Miraidon\n|turn|7\n|j| 0l'Bones\n|\n|t:|1736368015\n|switch|p1a: Rillaboom|Rillaboom, L50, M|100\/100\n|-fieldstart|move: Grassy Terrain|[from] ability: Grassy Surge|[of] p1a: Rillaboom\n|move|p2a: Miraidon|Draco Meteor|p1a: Rillaboom\n|-damage|p1a: Rillaboom|44\/100\n|-unboost|p2a: Miraidon|spa|2\n|move|p2b: Urshifu|Close Combat|p1a: Rillaboom\n|-damage|p1a: Rillaboom|0 fnt\n|-unboost|p2b: Urshifu|def|1\n|-unboost|p2b: Urshifu|spd|1\n|faint|p1a: Rillaboom\n|move|p1b: Sinistcha|Matcha Gotcha|p2a: Miraidon|[spread] p2a,p2b\n|-resisted|p2a: Miraidon\n|-crit|p2b: Urshifu\n|-damage|p2a: Miraidon|91\/100\n|-heal|p1b: Sinistcha|86\/100|[from] drain|[of] p2a: Miraidon\n|-damage|p2b: Urshifu|0 fnt\n|-heal|p1b: Sinistcha|100\/100|[from] drain|[of] p2b: Urshifu\n|-status|p2a: Miraidon|brn\n|faint|p2b: Urshifu\n|\n|-heal|p2a: Miraidon|96\/100 brn|[from] Grassy Terrain\n|-damage|p2a: Miraidon|91\/100 brn|[from] brn\n|upkeep\n|\n|t:|1736368025\n|switch|p2b: Ditto|Ditto, L50|87\/100\n|switch|p1a: Terapagos|Terapagos-Stellar, L50, M, tera:Stellar|86\/100\n|turn|8\n|-message|JasePokemonTwitter forfeited.\n|\n|win|Bbjhots\n|raw|Bbjhots's rating: 1538 &rarr; <strong>1559<\/strong><br \/>(+21 for winning)\n|raw|JasePokemonTwitter's rating: 1556 &rarr; <strong>1535<\/strong><br \/>(-21 for losing)\n|l|\u2606JasePokemonTwitter\n|player|p2|\n|l| 0l'Bones\n","uploadtime":1736368293,"views":114,"formatid":"gen9vgc2025regg","rating":1535,"private":0,"password":null}