{"id":"gen9vgc2025regg-2277716572","format":"[Gen 9] VGC 2025 Reg G","players":["cyy0129","eriksp4"],"log":"|j|\u2606cyy0129\n|j|\u2606eriksp4\n|t:|1736403768\n|gametype|doubles\n|player|p1|cyy0129|dawn|1564\n|player|p2|eriksp4|volkner-masters|1564\n|teamsize|p1|6\n|teamsize|p2|6\n|gen|9\n|tier|[Gen 9] VGC 2025 Reg G\n|rated|\n|rule|Species Clause: Limit one of each Pok\u00e9mon\n|rule|Item Clause: Limit 1 of each item\n|clearpoke\n|poke|p1|Miraidon, L50|\n|poke|p1|Dragonite, L50, F|\n|poke|p1|Dondozo, L50, M|\n|poke|p1|Tatsugiri, L50, M|\n|poke|p1|Gholdengo, L50|\n|poke|p1|Chi-Yu, L50|\n|poke|p2|Calyrex-Ice, L50|\n|poke|p2|Amoonguss, L50, M|\n|poke|p2|Landorus, L50, M|\n|poke|p2|Regieleki, L50|\n|poke|p2|Chi-Yu, L50|\n|poke|p2|Urshifu-*, L50, M|\n|teampreview|4\n|inactive|Battle timer is ON: inactive players will automatically lose when time's up. (requested by cyy0129)\neriksp4 has agreed to open team sheets.\n|\n|t:|1736403790\n|start\n|switch|p1a: Gholdengo|Gholdengo, L50|100\/100\n|switch|p1b: Miraidon|Miraidon, L50|100\/100\n|switch|p2a: HiiiPoWer|Landorus, L50, M|100\/100\n|switch|p2b: Rigamortus|Regieleki, L50, shiny|100\/100\n|-fieldstart|move: Electric Terrain|[from] ability: Hadron Engine|[of] p1b: Miraidon\n|turn|1\n|inactive|cyy0129 has 30 seconds left.\n|\n|t:|1736403815\n|move|p2b: Rigamortus|Electroweb|p1b: Miraidon|[spread] p1a,p1b\n|-resisted|p1b: Miraidon\n|-damage|p1a: Gholdengo|66\/100\n|-damage|p1b: Miraidon|96\/100\n|-unboost|p1a: Gholdengo|spe|1\n|-unboost|p1b: Miraidon|spe|1\n|move|p2a: HiiiPoWer|Sandsear Storm|p1a: Gholdengo|[spread] p1a\n|-miss|p2a: HiiiPoWer|p1b: Miraidon\n|-supereffective|p1a: Gholdengo\n|-damage|p1a: Gholdengo|0 fnt\n|faint|p1a: Gholdengo\n|move|p1b: Miraidon|Dazzling Gleam|p2a: HiiiPoWer|[spread] p2a,p2b\n|-damage|p2a: HiiiPoWer|64\/100\n|-damage|p2b: Rigamortus|46\/100\n|\n|upkeep\n|\n|t:|1736403829\n|switch|p1a: Dondozo|Dondozo, L50, M|100\/100\n|turn|2\n|\n|t:|1736403837\n|move|p1a: Dondozo|Protect|p1a: Dondozo\n|-singleturn|p1a: Dondozo|Protect\n|move|p2b: Rigamortus|Electroweb|p1b: Miraidon|[spread] p1b\n|-activate|p1a: Dondozo|move: Protect\n|-resisted|p1b: Miraidon\n|-damage|p1b: Miraidon|92\/100\n|-unboost|p1b: Miraidon|spe|1\n|move|p2a: HiiiPoWer|Sludge Bomb|p1a: Dondozo\n|-activate|p1a: Dondozo|move: Protect\n|move|p1b: Miraidon|Dazzling Gleam|p2b: Rigamortus|[spread] p2a,p2b\n|-damage|p2a: HiiiPoWer|28\/100\n|-damage|p2b: Rigamortus|0 fnt\n|faint|p2b: Rigamortus\n|\n|upkeep\n|\n|t:|1736403841\n|switch|p2b: tv off|Amoonguss, L50, M, shiny|100\/100\n|turn|3\n|inactive|cyy0129 has 30 seconds left.\n|\n|t:|1736403875\n|switch|p1a: Tatsugiri|Tatsugiri, L50, M|100\/100\n|move|p2a: HiiiPoWer|Earth Power|p1b: Miraidon\n|-supereffective|p1b: Miraidon\n|-damage|p1b: Miraidon|9\/100\n|move|p1b: Miraidon|Dazzling Gleam|p2a: HiiiPoWer|[spread] p2a,p2b\n|-resisted|p2b: tv off\n|-damage|p2a: HiiiPoWer|0 fnt\n|-damage|p2b: tv off|89\/100\n|faint|p2a: HiiiPoWer\n|move|p2b: tv off|Spore|p1a: Tatsugiri\n|-activate|p1a: Tatsugiri|move: Electric Terrain\n|\n|upkeep\n|\n|t:|1736403883\n|switch|p2a: kill button|Urshifu, L50, M|100\/100\n|turn|4\n|inactive|cyy0129 has 30 seconds left.\n|\n|t:|1736403918\n|switch|p1b: Dondozo|Dondozo, L50, M|100\/100\n|-activate|p1a: Tatsugiri|ability: Commander|[of] p1b: Dondozo\n|-boost|p1b: Dondozo|atk|2\n|-boost|p1b: Dondozo|spa|2\n|-boost|p1b: Dondozo|spe|2\n|-boost|p1b: Dondozo|def|2\n|-boost|p1b: Dondozo|spd|2\n|move|p2a: kill button|Wicked Blow|p1b: Dondozo\n|-crit|p1b: Dondozo\n|-damage|p1b: Dondozo|39\/100\n|move|p2b: tv off|Clear Smog|p1b: Dondozo\n|-damage|p1b: Dondozo|30\/100\n|-clearboost|p1b: Dondozo\n|\n|upkeep\n|turn|5\n|\n|t:|1736403935\n|move|p2a: kill button|Wicked Blow|p1b: Dondozo\n|-crit|p1b: Dondozo\n|-damage|p1b: Dondozo|0 fnt\n|faint|p1b: Dondozo\n|move|p2b: tv off|Pollen Puff|p1a: Tatsugiri\n|-damage|p1a: Tatsugiri|78\/100\n|\n|-fieldend|move: Electric Terrain\n|upkeep\n|\n|t:|1736403944\n|switch|p1b: Miraidon|Miraidon, L50|9\/100\n|-fieldstart|move: Electric Terrain|[from] ability: Hadron Engine|[of] p1b: Miraidon\n|turn|6\n|\n|t:|1736403956\n|-terastallize|p1b: Miraidon|Fairy\n|-terastallize|p2a: kill button|Poison\n|move|p1a: Tatsugiri|Draco Meteor|p2b: tv off\n|-damage|p2b: tv off|41\/100\n|-unboost|p1a: Tatsugiri|spa|2\n|move|p1b: Miraidon|Dazzling Gleam|p2b: tv off|[spread] p2a,p2b\n|-resisted|p2a: kill button\n|-resisted|p2b: tv off\n|-damage|p2a: kill button|69\/100\n|-damage|p2b: tv off|22\/100\n|move|p2a: kill button|Wicked Blow|p1a: Tatsugiri\n|-crit|p1a: Tatsugiri\n|-damage|p1a: Tatsugiri|0 fnt\n|faint|p1a: Tatsugiri\n|move|p2b: tv off|Pollen Puff|p1b: Miraidon\n|-resisted|p1b: Miraidon\n|-damage|p1b: Miraidon|4\/100\n|\n|upkeep\n|turn|7\n|\n|t:|1736403976\n|move|p1b: Miraidon|Dazzling Gleam|p2a: kill button|[spread] p2a,p2b\n|-resisted|p2a: kill button\n|-resisted|p2b: tv off\n|-damage|p2a: kill button|35\/100\n|-damage|p2b: tv off|4\/100\n|move|p2a: kill button|Wicked Blow|p1b: Miraidon\n|-resisted|p1b: Miraidon\n|-crit|p1b: Miraidon\n|-damage|p1b: Miraidon|0 fnt\n|faint|p1b: Miraidon\n|\n|win|eriksp4\n|raw|cyy0129's rating: 1564 &rarr; <strong>1544<\/strong><br \/>(-20 for losing)\n|raw|eriksp4's rating: 1564 &rarr; <strong>1584<\/strong><br \/>(+20 for winning)\n","uploadtime":1736403981,"views":29,"formatid":"gen9vgc2025regg","rating":1544,"private":0,"password":null}