{"id":"gen9vgc2025regg-2277851873","format":"[Gen 9] VGC 2025 Reg G","players":["GengarNight_07","chuanOVO"],"log":"|j|\u2606GengarNight_07\n|j|\u2606chuanOVO\n|t:|1736428541\n|gametype|doubles\n|player|p1|GengarNight_07|169|1529\n|player|p2|chuanOVO|n|1678\n|teamsize|p1|6\n|teamsize|p2|6\n|gen|9\n|tier|[Gen 9] VGC 2025 Reg G\n|rated|\n|rule|Species Clause: Limit one of each Pok\u00e9mon\n|rule|Item Clause: Limit 1 of each item\n|clearpoke\n|poke|p1|Kyogre, L50|\n|poke|p1|Incineroar, L50, M|\n|poke|p1|Urshifu-*, L50, M|\n|poke|p1|Tsareena, L50, F|\n|poke|p1|Tornadus, L50, M|\n|poke|p1|Iron Hands, L50|\n|poke|p2|Calyrex-Ice, L50|\n|poke|p2|Smeargle, L50, M|\n|poke|p2|Ursaluna-Bloodmoon, L50, M|\n|poke|p2|Urshifu-*, L50, M|\n|poke|p2|Ogerpon-Wellspring, L50, F|\n|poke|p2|Annihilape, L50, M|\n|teampreview|4\n|inactive|Battle timer is ON: inactive players will automatically lose when time's up. (requested by chuanOVO)\n|\n|t:|1736428583\n|start\n|switch|p1a: Urshifu|Urshifu, L50, M|100\/100\n|switch|p1b: Tsareena|Tsareena, L50, F|100\/100\n|switch|p2a: Annihilape|Annihilape, L50, M, shiny|100\/100\n|switch|p2b: Calyrex|Calyrex-Ice, L50|100\/100\n|-ability|p2b: Calyrex|As One\n|-ability|p2b: Calyrex|Unnerve\n|turn|1\n|inactive|chuanOVO has 30 seconds left.\n|inactive|chuanOVO has 20 seconds left.\n|\n|t:|1736428622\n|-terastallize|p2b: Calyrex|Water\n|move|p2a: Annihilape|Final Gambit|p1b: Tsareena\n|-damage|p1b: Tsareena|0 fnt\n|faint|p2a: Annihilape\n|faint|p1b: Tsareena\n|move|p1a: Urshifu|Wicked Blow|p2b: Calyrex\n|-crit|p2b: Calyrex\n|-damage|p2b: Calyrex|43\/100\n|-enditem|p2b: Calyrex|Sitrus Berry|[eat]\n|-heal|p2b: Calyrex|68\/100|[from] item: Sitrus Berry\n|move|p2b: Calyrex|Trick Room|p2b: Calyrex\n|-fieldstart|move: Trick Room|[of] p2b: Calyrex\n|\n|upkeep\n|\n|t:|1736428638\n|switch|p1b: Iron Hands|Iron Hands, L50|100\/100\n|switch|p2a: Ursaluna|Ursaluna-Bloodmoon, L50, M|100\/100\n|turn|2\n|j| Therazer456\n|inactive|GengarNight_07 has 30 seconds left.\n|\n|t:|1736428668\n|-terastallize|p1a: Urshifu|Dark\n|move|p1b: Iron Hands|Fake Out|p2a: Ursaluna\n|-damage|p2a: Ursaluna|89\/100\n|move|p2b: Calyrex|Glacial Lance|p1b: Iron Hands|[spread] p1a,p1b\n|-damage|p1a: Urshifu|39\/100\n|-damage|p1b: Iron Hands|59\/100\n|cant|p2a: Ursaluna|flinch\n|move|p1a: Urshifu|Wicked Blow|p2b: Calyrex\n|-crit|p2b: Calyrex\n|-damage|p2b: Calyrex|0 fnt\n|faint|p2b: Calyrex\n|\n|upkeep\n|\n|t:|1736428681\n|switch|p2b: Smeargle|Smeargle, L50, M, shiny|100\/100\n|turn|3\n|inactive|GengarNight_07 has 30 seconds left.\n|\n|t:|1736428713\n|-end|p1b: Iron Hands|Quark Drive|[silent]\n|switch|p1b: Kyogre|Kyogre, L50|100\/100\n|-weather|RainDance|[from] ability: Drizzle|[of] p1b: Kyogre\n|move|p2b: Smeargle|Decorate|p2a: Ursaluna\n|-boost|p2a: Ursaluna|atk|2\n|-boost|p2a: Ursaluna|spa|2\n|move|p2a: Ursaluna|Hyper Voice|p1b: Kyogre|[spread] p1a,p1b\n|-damage|p1a: Urshifu|0 fnt\n|-damage|p1b: Kyogre|20\/100\n|faint|p1a: Urshifu\n|-damage|p2a: Ursaluna|79\/100|[from] item: Life Orb\n|\n|-weather|RainDance|[upkeep]\n|upkeep\n|\n|t:|1736428722\n|switch|p1a: Iron Hands|Iron Hands, L50|59\/100\n|turn|4\n|inactive|GengarNight_07 has 30 seconds left.\n|inactive|chuanOVO has 30 seconds left.\n|\n|t:|1736428748\n|move|p1b: Kyogre|Protect|p1b: Kyogre\n|-singleturn|p1b: Kyogre|Protect\n|move|p2b: Smeargle|Spore|p1b: Kyogre\n|-activate|p1b: Kyogre|move: Protect\n|move|p1a: Iron Hands|Low Kick|p2a: Ursaluna\n|-supereffective|p2a: Ursaluna\n|-damage|p2a: Ursaluna|0 fnt\n|faint|p2a: Ursaluna\n|\n|-weather|RainDance|[upkeep]\n|upkeep\n|turn|5\n|-message|chuanOVO forfeited.\n|\n|win|GengarNight_07\n|raw|GengarNight_07's rating: 1529 &rarr; <strong>1557<\/strong><br \/>(+28 for winning)\n|raw|chuanOVO's rating: 1678 &rarr; <strong>1650<\/strong><br \/>(-28 for losing)\n|l|\u2606chuanOVO\n|player|p2|\n|l|\u2606GengarNight_07\n|player|p1|\n|l| Therazer456\n","uploadtime":1736428987,"views":18,"formatid":"gen9vgc2025regg","rating":1557,"private":0,"password":null}