{"id":"gen9vgc2025regg-2277022659","format":"[Gen 9] VGC 2025 Reg G","players":["bgc0","ggttmmhh"],"log":"|j|\u2606bgc0\n|j|\u2606ggttmmhh\n|t:|1736306031\n|gametype|doubles\n|player|p1|bgc0|steven|1589\n|player|p2|ggttmmhh|brycenman|1690\n|teamsize|p1|6\n|teamsize|p2|6\n|gen|9\n|tier|[Gen 9] VGC 2025 Reg G\n|rated|\n|rule|Species Clause: Limit one of each Pok\u00e9mon\n|rule|Item Clause: Limit 1 of each item\n|clearpoke\n|poke|p1|Volcarona, L50, M|\n|poke|p1|Eternatus, L50|\n|poke|p1|Iron Bundle, L50|\n|poke|p1|Farigiraf, L50, M|\n|poke|p1|Urshifu-*, L50, M|\n|poke|p1|Ursaluna, L50, M|\n|poke|p2|Raging Bolt, L50|\n|poke|p2|Jumpluff, L50, F|\n|poke|p2|Ditto, L50|\n|poke|p2|Groudon, L50|\n|poke|p2|Chi-Yu, L50|\n|poke|p2|Flutter Mane, L50|\n|teampreview|4\n|j| BreadTest\n|\n|t:|1736306080\n|start\n|switch|p1a: Farigiraf|Farigiraf, L50, M|100\/100\n|switch|p1b: Urshifu|Urshifu, L50, M|100\/100\n|switch|p2a: Groudon|Groudon, L50|100\/100\n|switch|p2b: Jumpluff|Jumpluff, L50, F, shiny|100\/100\n|-weather|SunnyDay|[from] ability: Drought|[of] p2a: Groudon\n|turn|1\n|j| ThanksATinkaTon\n|\n|t:|1736306104\n|move|p2b: Jumpluff|Sleep Powder|p1a: Farigiraf\n|-activate|p1a: Farigiraf|item: Safety Goggles|Sleep Powder\n|move|p1b: Urshifu|U-turn|p2a: Groudon\n|-damage|p2a: Groudon|78\/100\n|\n|t:|1736306108\n|switch|p1b: Ursaluna|Ursaluna, L50, M|100\/100|[from] U-turn\n|move|p2a: Groudon|Precipice Blades|p1a: Farigiraf|[spread] p1a,p1b\n|-damage|p1a: Farigiraf|52\/100\n|-damage|p1b: Ursaluna|53\/100\n|move|p1a: Farigiraf|Trick Room|p1a: Farigiraf\n|-fieldstart|move: Trick Room|[of] p1a: Farigiraf\n|\n|-weather|SunnyDay|[upkeep]\n|-status|p1b: Ursaluna|brn|[from] item: Flame Orb\n|upkeep\n|turn|2\n|\n|t:|1736306149\n|move|p2b: Jumpluff|Rage Powder|p2b: Jumpluff\n|-singleturn|p2b: Jumpluff|move: Rage Powder\n|move|p1b: Ursaluna|Facade|p2b: Jumpluff\n|-damage|p2b: Jumpluff|0 fnt\n|faint|p2b: Jumpluff\n|move|p1a: Farigiraf|Foul Play|p2a: Groudon\n|-damage|p2a: Groudon|54\/100\n|move|p2a: Groudon|Precipice Blades|p1b: Ursaluna|[spread] p1a,p1b\n|-damage|p1a: Farigiraf|8\/100\n|-damage|p1b: Ursaluna|7\/100 brn\n|\n|-weather|SunnyDay|[upkeep]\n|-damage|p1b: Ursaluna|1\/100 brn|[from] brn\n|upkeep\n|\n|t:|1736306161\n|switch|p2b: Flutter Mane|Flutter Mane, L50|100\/100\n|-activate|p2b: Flutter Mane|ability: Protosynthesis\n|-start|p2b: Flutter Mane|protosynthesisspe\n|turn|3\n|\n|t:|1736306184\n|move|p2a: Groudon|Protect|p2a: Groudon\n|-singleturn|p2a: Groudon|Protect\n|move|p2b: Flutter Mane|Protect|p2b: Flutter Mane\n|-singleturn|p2b: Flutter Mane|Protect\n|move|p1b: Ursaluna|Facade|p2a: Groudon\n|-activate|p2a: Groudon|move: Protect\n|move|p1a: Farigiraf|Psychic Noise|p2b: Flutter Mane\n|-activate|p2b: Flutter Mane|move: Protect\n|\n|-weather|SunnyDay|[upkeep]\n|-damage|p1b: Ursaluna|0 fnt|[from] brn\n|faint|p1b: Ursaluna\n|upkeep\n|\n|t:|1736306188\n|switch|p1b: Urshifu|Urshifu, L50, M|100\/100\n|turn|4\n|\n|t:|1736306214\n|-terastallize|p1b: Urshifu|Dark\n|-terastallize|p2b: Flutter Mane|Fairy\n|move|p1b: Urshifu|Sucker Punch|p2b: Flutter Mane\n|-resisted|p2b: Flutter Mane\n|-damage|p2b: Flutter Mane|21\/100\n|move|p1a: Farigiraf|Psychic Noise|p2b: Flutter Mane\n|-damage|p2b: Flutter Mane|0 fnt\n|faint|p2b: Flutter Mane\n|-end|p2b: Flutter Mane|Protosynthesis|[silent]\n|move|p2a: Groudon|Precipice Blades|p1a: Farigiraf|[spread] p1a,p1b\n|-damage|p1a: Farigiraf|0 fnt\n|-damage|p1b: Urshifu|36\/100\n|faint|p1a: Farigiraf\n|\n|-weather|SunnyDay|[upkeep]\n|upkeep\n|l| BreadTest\n|\n|t:|1736306228\n|switch|p1a: Eternatus|Eternatus, L50|100\/100\n|switch|p2b: Chi-Yu|Chi-Yu, L50|100\/100\n|-ability|p1a: Eternatus|Pressure\n|-ability|p2b: Chi-Yu|Beads of Ruin\n|turn|5\n|\n|t:|1736306249\n|move|p1a: Eternatus|Protect|p1a: Eternatus\n|-singleturn|p1a: Eternatus|Protect\n|move|p1b: Urshifu|Sucker Punch|p2a: Groudon\n|-damage|p2a: Groudon|2\/100\n|move|p2a: Groudon|Precipice Blades|p1b: Urshifu|[spread] p1b\n|-activate|p1a: Eternatus|move: Protect\n|-damage|p1b: Urshifu|0 fnt\n|faint|p1b: Urshifu\n|move|p2b: Chi-Yu|Dark Pulse|p1a: Eternatus\n|-activate|p1a: Eternatus|move: Protect\n|\n|-weather|none\n|-fieldend|move: Trick Room\n|upkeep\n|turn|6\n|\n|t:|1736306272\n|move|p2a: Groudon|Protect|p2a: Groudon\n|-singleturn|p2a: Groudon|Protect\n|move|p2b: Chi-Yu|Dark Pulse|p1a: Eternatus\n|-damage|p1a: Eternatus|49\/100\n|move|p1a: Eternatus|Sludge Bomb|p2a: Groudon\n|-activate|p2a: Groudon|move: Protect\n|\n|upkeep\n|turn|7\n|\n|t:|1736306281\n|move|p2b: Chi-Yu|Dark Pulse|p1a: Eternatus\n|-damage|p1a: Eternatus|0 fnt\n|faint|p1a: Eternatus\n|\n|win|ggttmmhh\n|raw|bgc0's rating: 1589 &rarr; <strong>1575<\/strong><br \/>(-14 for losing)\n|raw|ggttmmhh's rating: 1690 &rarr; <strong>1704<\/strong><br \/>(+14 for winning)\n|l|\u2606ggttmmhh\n|player|p2|\n|l|\u2606bgc0\n|player|p1|\n|l| ThanksATinkaTon\n|j| BreadTest\n|l| BreadTest\n","uploadtime":1736306540,"views":32,"formatid":"gen9vgc2025regg","rating":1575,"private":0,"password":null}