{"id":"gen9vgc2025regg-2277534292","format":"[Gen 9] VGC 2025 Reg G","players":["Linkpoke","gianlucamancinivgc"],"log":"|j|\u2606Linkpoke\n|j|\u2606gianlucamancinivgc\n|t:|1736376947\n|gametype|doubles\n|player|p1|Linkpoke|102|1560\n|player|p2|gianlucamancinivgc|lucas-gen4pt|1565\n|teamsize|p1|6\n|teamsize|p2|6\n|gen|9\n|tier|[Gen 9] VGC 2025 Reg G\n|rated|\n|rule|Species Clause: Limit one of each Pok\u00e9mon\n|rule|Item Clause: Limit 1 of each item\n|clearpoke\n|poke|p1|Groudon, L50|\n|poke|p1|Flutter Mane, L50|\n|poke|p1|Raging Bolt, L50|\n|poke|p1|Chi-Yu, L50|\n|poke|p1|Urshifu-*, L50, M|\n|poke|p1|Whimsicott, L50, F|\n|poke|p2|Zamazenta-*, L50|\n|poke|p2|Chi-Yu, L50|\n|poke|p2|Rillaboom, L50, M|\n|poke|p2|Flutter Mane, L50|\n|poke|p2|Chien-Pao, L50|\n|poke|p2|Amoonguss, L50, M|\n|teampreview|4\n|j| DaN00biest\n|inactive|Battle timer is ON: inactive players will automatically lose when time's up. (requested by gianlucamancinivgc)\n|\n|t:|1736377025\n|start\n|switch|p1a: Groudon|Groudon, L50, shiny|100\/100\n|switch|p1b: Chi-Yu|Chi-Yu, L50|100\/100\n|switch|p2a: Zamazenta|Zamazenta-Crowned, L50|100\/100\n|switch|p2b: Chien-Pao|Chien-Pao, L50|100\/100\n|-ability|p1b: Chi-Yu|Beads of Ruin\n|-ability|p2b: Chien-Pao|Sword of Ruin\n|-ability|p2a: Zamazenta|Dauntless Shield|boost\n|-boost|p2a: Zamazenta|def|1\n|-weather|SunnyDay|[from] ability: Drought|[of] p1a: Groudon\n|turn|1\n|inactive|Linkpoke has 30 seconds left.\n|\n|t:|1736377052\n|switch|p1b: Whimsicott|Whimsicott, L50, F|100\/100\n|-terastallize|p1a: Groudon|Fire\n|move|p2b: Chien-Pao|Protect|p2b: Chien-Pao\n|-singleturn|p2b: Chien-Pao|Protect\n|move|p2a: Zamazenta|Protect|p2a: Zamazenta\n|-singleturn|p2a: Zamazenta|Protect\n|move|p1a: Groudon|Heat Crash|p2b: Chien-Pao\n|-activate|p2b: Chien-Pao|move: Protect\n|\n|-weather|SunnyDay|[upkeep]\n|upkeep\n|turn|2\n|inactive|Linkpoke has 30 seconds left.\n|inactive|gianlucamancinivgc has 30 seconds left.\n|\n|t:|1736377085\n|-terastallize|p2a: Zamazenta|Dragon\n|move|p2a: Zamazenta|Wide Guard|p2a: Zamazenta\n|-singleturn|p2a: Zamazenta|Wide Guard\n|move|p2b: Chien-Pao|Sucker Punch|p1a: Groudon\n|-damage|p1a: Groudon|65\/100\n|move|p1b: Whimsicott|Encore|p2b: Chien-Pao\n|-hint|Since gen 7, Dark is immune to Prankster moves.\n|-immune|p2b: Chien-Pao\n|move|p1a: Groudon|Precipice Blades|p2b: Chien-Pao|[spread] \n|-activate|p2a: Zamazenta|move: Wide Guard\n|-activate|p2b: Chien-Pao|move: Wide Guard\n|\n|-weather|SunnyDay|[upkeep]\n|upkeep\n|turn|3\n|\n|t:|1736377109\n|move|p2a: Zamazenta|Wide Guard|p2a: Zamazenta\n|-singleturn|p2a: Zamazenta|Wide Guard\n|move|p1b: Whimsicott|Encore|p2a: Zamazenta\n|-start|p2a: Zamazenta|Encore\n|move|p2b: Chien-Pao|Icicle Crash|p1b: Whimsicott\n|-supereffective|p1b: Whimsicott\n|-damage|p1b: Whimsicott|0 fnt\n|faint|p1b: Whimsicott\n|move|p1a: Groudon|Heat Crash|p2b: Chien-Pao\n|-supereffective|p2b: Chien-Pao\n|-enditem|p2b: Chien-Pao|Focus Sash\n|-damage|p2b: Chien-Pao|1\/100\n|\n|-weather|SunnyDay|[upkeep]\n|upkeep\n|inactive|Linkpoke has 30 seconds left.\n|inactive|Linkpoke has 20 seconds left.\n|\n|t:|1736377145\n|switch|p1b: Chi-Yu|Chi-Yu, L50|100\/100\n|-ability|p1b: Chi-Yu|Beads of Ruin\n|turn|4\n|inactive|Linkpoke has 30 seconds left.\n|inactive|gianlucamancinivgc has 30 seconds left.\n|\n|t:|1736377172\n|move|p2b: Chien-Pao|Protect|p2b: Chien-Pao\n|-singleturn|p2b: Chien-Pao|Protect\n|move|p2a: Zamazenta|Wide Guard|p2a: Zamazenta\n|-singleturn|p2a: Zamazenta|Wide Guard\n|move|p1b: Chi-Yu|Dark Pulse|p2b: Chien-Pao\n|-activate|p2b: Chien-Pao|move: Protect\n|move|p1a: Groudon|Precipice Blades|p2b: Chien-Pao|[spread] \n|-activate|p2a: Zamazenta|move: Wide Guard\n|-activate|p2b: Chien-Pao|move: Wide Guard\n|\n|-weather|SunnyDay|[upkeep]\n|upkeep\n|turn|5\n|\n|t:|1736377192\n|switch|p2b: Chi-Yu|Chi-Yu, L50|100\/100\n|-ability|p2b: Chi-Yu|Beads of Ruin\n|move|p2a: Zamazenta|Wide Guard|p2a: Zamazenta\n|-singleturn|p2a: Zamazenta|Wide Guard\n|move|p1b: Chi-Yu|Dark Pulse|p2b: Chi-Yu\n|-resisted|p2b: Chi-Yu\n|-damage|p2b: Chi-Yu|78\/100\n|move|p1a: Groudon|Precipice Blades|p2b: Chi-Yu|[spread] \n|-activate|p2a: Zamazenta|move: Wide Guard\n|-activate|p2b: Chi-Yu|move: Wide Guard\n|\n|-weather|none\n|upkeep\n|turn|6\n|inactive|Linkpoke has 30 seconds left.\n|inactive|gianlucamancinivgc has 30 seconds left.\n|\n|t:|1736377224\n|move|p1a: Groudon|Protect|p1a: Groudon\n|-singleturn|p1a: Groudon|Protect\n|move|p2a: Zamazenta|Wide Guard|p2a: Zamazenta\n|-singleturn|p2a: Zamazenta|Wide Guard\n|move|p1b: Chi-Yu|Dark Pulse|p2a: Zamazenta\n|-damage|p2a: Zamazenta|57\/100\n|move|p2b: Chi-Yu|Overheat|p1a: Groudon\n|-activate|p1a: Groudon|move: Protect\n|\n|-end|p2a: Zamazenta|Encore\n|upkeep\n|turn|7\n|inactive|Linkpoke has 30 seconds left.\n|inactive|gianlucamancinivgc has 30 seconds left.\n|\n|t:|1736377258\n|switch|p2b: Chien-Pao|Chien-Pao, L50|1\/100\n|-ability|p2b: Chien-Pao|Sword of Ruin\n|move|p1b: Chi-Yu|Dark Pulse|p2a: Zamazenta\n|-damage|p2a: Zamazenta|16\/100\n|cant|p2a: Zamazenta|flinch\n|move|p1a: Groudon|Precipice Blades|p2a: Zamazenta|[spread] p2a,p2b\n|-damage|p2a: Zamazenta|0 fnt\n|-damage|p2b: Chien-Pao|0 fnt\n|faint|p2a: Zamazenta\n|faint|p2b: Chien-Pao\n|\n|upkeep\n|\n|t:|1736377267\n|switch|p2b: Chi-Yu|Chi-Yu, L50|78\/100\n|switch|p2a: Flutter Mane|Flutter Mane, L50|100\/100\n|-ability|p2b: Chi-Yu|Beads of Ruin\n|-enditem|p2a: Flutter Mane|Booster Energy\n|-activate|p2a: Flutter Mane|ability: Protosynthesis|[fromitem]\n|-start|p2a: Flutter Mane|protosynthesisspe\n|turn|8\n|inactive|Linkpoke has 30 seconds left.\n|inactive|gianlucamancinivgc has 30 seconds left.\n|inactive|gianlucamancinivgc has 20 seconds left.\n|inactive|gianlucamancinivgc has 15 seconds left.\n|\n|t:|1736377315\n|move|p1a: Groudon|Protect|p1a: Groudon\n|-singleturn|p1a: Groudon|Protect\n|move|p2a: Flutter Mane|Moonblast|p1b: Chi-Yu\n|-damage|p1b: Chi-Yu|54\/100\n|move|p1b: Chi-Yu|Dark Pulse|p2a: Flutter Mane\n|-damage|p2a: Flutter Mane|55\/100\n|move|p2b: Chi-Yu|Overheat|p1a: Groudon\n|-activate|p1a: Groudon|move: Protect\n|\n|upkeep\n|turn|9\n|\n|t:|1736377336\n|move|p2a: Flutter Mane|Moonblast|p1b: Chi-Yu\n|-damage|p1b: Chi-Yu|6\/100\n|-unboost|p1b: Chi-Yu|spa|1\n|move|p1b: Chi-Yu|Dark Pulse|p2a: Flutter Mane\n|-damage|p2a: Flutter Mane|23\/100\n|move|p2b: Chi-Yu|Overheat|p1a: Groudon\n|-resisted|p1a: Groudon\n|-damage|p1a: Groudon|26\/100\n|-unboost|p2b: Chi-Yu|spa|2\n|move|p1a: Groudon|Precipice Blades|p2a: Flutter Mane|[spread] p2a,p2b\n|-supereffective|p2b: Chi-Yu\n|-damage|p2a: Flutter Mane|0 fnt\n|-damage|p2b: Chi-Yu|0 fnt\n|faint|p2a: Flutter Mane\n|-end|p2a: Flutter Mane|Protosynthesis|[silent]\n|faint|p2b: Chi-Yu\n|\n|win|Linkpoke\n|raw|Linkpoke's rating: 1560 &rarr; <strong>1580<\/strong><br \/>(+20 for winning)\n|raw|gianlucamancinivgc's rating: 1565 &rarr; <strong>1545<\/strong><br \/>(-20 for losing)\n|l|\u2606gianlucamancinivgc\n|player|p2|\n|l| DaN00biest\n|l|\u2606Linkpoke\n|player|p1|\n","uploadtime":1736377604,"views":267,"formatid":"gen9vgc2025regg","rating":1545,"private":0,"password":null}