{"id":"gen9vgc2025regg-2277085675","format":"[Gen 9] VGC 2025 Reg G","players":["stash1234","PokemonmasterN2009"],"log":"|j|\u2606stash1234\n|j|\u2606PokemonmasterN2009\n|t:|1736316425\n|gametype|doubles\n|player|p1|stash1234|winona|1534\n|player|p2|PokemonmasterN2009|steven|1585\n|teamsize|p1|6\n|teamsize|p2|6\n|gen|9\n|tier|[Gen 9] VGC 2025 Reg G\n|rated|\n|rule|Species Clause: Limit one of each Pok\u00e9mon\n|rule|Item Clause: Limit 1 of each item\n|clearpoke\n|poke|p1|Kyogre, L50|\n|poke|p1|Amoonguss, L50, M|\n|poke|p1|Incineroar, L50, M|\n|poke|p1|Roaring Moon, L50|\n|poke|p1|Urshifu-*, L50, F|\n|poke|p1|Rillaboom, L50, F|\n|poke|p2|Calyrex-Ice, L50|\n|poke|p2|Torkoal, L50, M|\n|poke|p2|Farigiraf, L50, M|\n|poke|p2|Smeargle, L50, M|\n|poke|p2|Ogerpon-Cornerstone, L50, F|\n|poke|p2|Ursaluna-Bloodmoon, L50, M|\n|teampreview|4\n|inactive|Battle timer is ON: inactive players will automatically lose when time's up. (requested by PokemonmasterN2009)\nPokemonmasterN2009 has agreed to open team sheets.\n|\n|t:|1736316447\n|start\n|switch|p1a: Amoonguss|Amoonguss, L50, M|100\/100\n|switch|p1b: Incineroar|Incineroar, L50, M|100\/100\n|switch|p2a: Ogerpon|Ogerpon-Cornerstone, L50, F|100\/100\n|switch|p2b: Calyrex|Calyrex-Ice, L50|100\/100\n|-ability|p2b: Calyrex|As One\n|-ability|p2b: Calyrex|Unnerve\n|-ability|p1b: Incineroar|Intimidate|boost\n|-unboost|p2a: Ogerpon|atk|1\n|-fail|p2b: Calyrex|unboost|[from] item: Clear Amulet|[of] p2b: Calyrex\n|turn|1\n|j| snoopz24\n|inactive|stash1234 has 30 seconds left.\n|\n|t:|1736316477\n|switch|p1a: Rillaboom|Rillaboom, L50, F|100\/100\n|-fieldstart|move: Grassy Terrain|[from] ability: Grassy Surge|[of] p1a: Rillaboom\n|move|p2a: Ogerpon|Spiky Shield|p2a: Ogerpon\n|-singleturn|p2a: Ogerpon|move: Protect\n|move|p2b: Calyrex|Protect|p2b: Calyrex\n|-singleturn|p2b: Calyrex|Protect\n|move|p1b: Incineroar|Fake Out|p2b: Calyrex\n|-activate|p2b: Calyrex|move: Protect\n|\n|upkeep\n|turn|2\n|\n|t:|1736316495\n|switch|p2a: Farigiraf|Farigiraf, L50, M|100\/100\n|-terastallize|p2b: Calyrex|Fire\n|move|p1a: Rillaboom|Fake Out||[still]\n|cant|p2a: Farigiraf|ability: Armor Tail|Fake Out|[of] p1a: Rillaboom\n|move|p1b: Incineroar|Will-O-Wisp|p2b: Calyrex|[miss]\n|-miss|p1b: Incineroar|p2b: Calyrex\n|move|p2b: Calyrex|Trick Room|p2b: Calyrex\n|-fieldstart|move: Trick Room|[of] p2b: Calyrex\n|\n|upkeep\n|turn|3\n|\n|t:|1736316518\n|-terastallize|p1a: Rillaboom|Fire\n|move|p2b: Calyrex|Glacial Lance|p1a: Rillaboom|[spread] p1a,p1b\n|-resisted|p1a: Rillaboom\n|-resisted|p1b: Incineroar\n|-damage|p1a: Rillaboom|70\/100\n|-damage|p1b: Incineroar|75\/100\n|move|p2a: Farigiraf|Hyper Voice|p1b: Incineroar|[spread] p1a,p1b\n|-damage|p1a: Rillaboom|52\/100\n|-damage|p1b: Incineroar|54\/100\n|-enditem|p2a: Farigiraf|Throat Spray\n|-boost|p2a: Farigiraf|spa|1|[from] item: Throat Spray\n|move|p1b: Incineroar|Knock Off|p2b: Calyrex\n|-damage|p2b: Calyrex|76\/100\n|-enditem|p2b: Calyrex|Clear Amulet|[from] move: Knock Off|[of] p1b: Incineroar\n|move|p1a: Rillaboom|U-turn|p2a: Farigiraf\n|-supereffective|p2a: Farigiraf\n|-damage|p2a: Farigiraf|59\/100\n|j| darkrinorex\n|inactive|stash1234 has 30 seconds left.\n|\n|t:|1736316552\n|switch|p1a: Kyogre|Kyogre, L50|100\/100|[from] U-turn\n|-weather|RainDance|[from] ability: Drizzle|[of] p1a: Kyogre\n|\n|-weather|RainDance|[upkeep]\n|-heal|p2b: Calyrex|82\/100|[from] Grassy Terrain\n|-heal|p2a: Farigiraf|65\/100|[from] Grassy Terrain\n|-heal|p1b: Incineroar|60\/100|[from] Grassy Terrain\n|upkeep\n|turn|4\n|inactive|stash1234 has 30 seconds left.\n|\n|t:|1736316582\n|move|p2b: Calyrex|Glacial Lance|p1b: Incineroar|[spread] p1a,p1b\n|-resisted|p1a: Kyogre\n|-resisted|p1b: Incineroar\n|-damage|p1a: Kyogre|75\/100\n|-damage|p1b: Incineroar|35\/100\n|move|p2a: Farigiraf|Hyper Voice|p1b: Incineroar|[spread] p1a,p1b\n|-damage|p1a: Kyogre|48\/100\n|-damage|p1b: Incineroar|5\/100\n|move|p1b: Incineroar|Parting Shot|p2b: Calyrex\n|-unboost|p2b: Calyrex|atk|1\n|-unboost|p2b: Calyrex|spa|1\n|\n|t:|1736316591\n|switch|p1b: Amoonguss|Amoonguss, L50, M|100\/100|[from] Parting Shot\n|move|p1a: Kyogre|Origin Pulse|p2a: Farigiraf|[spread] p2a,p2b\n|-supereffective|p2b: Calyrex\n|-damage|p2a: Farigiraf|0 fnt\n|-damage|p2b: Calyrex|0 fnt\n|faint|p2a: Farigiraf\n|faint|p2b: Calyrex\n|\n|-weather|RainDance|[upkeep]\n|-heal|p1a: Kyogre|54\/100|[from] Grassy Terrain\n|-heal|p1a: Kyogre|60\/100|[from] item: Leftovers\n|upkeep\n|\n|t:|1736316595\n|switch|p2b: Ogerpon|Ogerpon-Cornerstone, L50, F|100\/100\n|switch|p2a: Torkoal|Torkoal, L50, M, shiny|100\/100\n|-weather|SunnyDay|[from] ability: Drought|[of] p2a: Torkoal\n|turn|5\n|\n|t:|1736316610\n|switch|p1a: Incineroar|Incineroar, L50, M|5\/100\n|-ability|p1a: Incineroar|Intimidate|boost\n|-unboost|p2a: Torkoal|atk|1\n|-unboost|p2b: Ogerpon|atk|1\n|move|p1b: Amoonguss|Protect|p1b: Amoonguss\n|-singleturn|p1b: Amoonguss|Protect\n|move|p2b: Ogerpon|Follow Me|p2b: Ogerpon\n|-singleturn|p2b: Ogerpon|move: Follow Me\n|move|p2a: Torkoal|Eruption|p1b: Amoonguss|[spread] p1a\n|-activate|p1b: Amoonguss|move: Protect\n|-resisted|p1a: Incineroar\n|-damage|p1a: Incineroar|0 fnt\n|faint|p1a: Incineroar\n|\n|-weather|SunnyDay|[upkeep]\n|-fieldend|move: Grassy Terrain\n|upkeep\n|\n|t:|1736316620\n|switch|p1a: Kyogre|Kyogre, L50|60\/100\n|-weather|RainDance|[from] ability: Drizzle|[of] p1a: Kyogre\n|turn|6\n|\n|t:|1736316639\n|move|p2a: Torkoal|Protect|p2a: Torkoal\n|-singleturn|p2a: Torkoal|Protect\n|move|p2b: Ogerpon|Spiky Shield|p2b: Ogerpon\n|-singleturn|p2b: Ogerpon|move: Protect\n|move|p1b: Amoonguss|Sludge Bomb|p2b: Ogerpon\n|-activate|p2b: Ogerpon|move: Protect\n|move|p1a: Kyogre|Origin Pulse|p2a: Torkoal|[spread] \n|-activate|p2a: Torkoal|move: Protect\n|-activate|p2b: Ogerpon|move: Protect\n|\n|-weather|RainDance|[upkeep]\n|-heal|p1a: Kyogre|67\/100|[from] item: Leftovers\n|-fieldend|move: Trick Room\n|upkeep\n|turn|7\n|\n|t:|1736316657\n|move|p1a: Kyogre|Protect|p1a: Kyogre\n|-singleturn|p1a: Kyogre|Protect\n|move|p2b: Ogerpon|Wood Hammer|p1a: Kyogre\n|-activate|p1a: Kyogre|move: Protect\n|move|p1b: Amoonguss|Spore|p2a: Torkoal\n|-status|p2a: Torkoal|slp|[from] move: Spore\n|cant|p2a: Torkoal|slp\n|\n|-weather|RainDance|[upkeep]\n|-heal|p1a: Kyogre|73\/100|[from] item: Leftovers\n|upkeep\n|turn|8\n|\n|t:|1736316670\n|move|p2b: Ogerpon|Wood Hammer|p1a: Kyogre\n|-supereffective|p1a: Kyogre\n|-damage|p1a: Kyogre|0 fnt\n|faint|p1a: Kyogre\n|-damage|p2b: Ogerpon|72\/100|[from] Recoil\n|move|p1b: Amoonguss|Sludge Bomb|p2b: Ogerpon\n|-damage|p2b: Ogerpon|40\/100\n|-status|p2b: Ogerpon|psn\n|cant|p2a: Torkoal|slp\n|\n|-weather|RainDance|[upkeep]\n|-damage|p2b: Ogerpon|27\/100 psn|[from] psn\n|upkeep\n|\n|t:|1736316678\n|switch|p1a: Rillaboom|Rillaboom, L50, F, tera:Fire|52\/100\n|-fieldstart|move: Grassy Terrain|[from] ability: Grassy Surge|[of] p1a: Rillaboom\n|turn|9\n|\n|t:|1736316699\n|move|p2b: Ogerpon|Spiky Shield|p2b: Ogerpon\n|-singleturn|p2b: Ogerpon|move: Protect\n|move|p1a: Rillaboom|Grassy Glide|p2b: Ogerpon\n|-activate|p2b: Ogerpon|move: Protect\n|-damage|p1a: Rillaboom|40\/100|[from] Spiky Shield|[of] p2b: Ogerpon\n|move|p1b: Amoonguss|Sludge Bomb|p2b: Ogerpon\n|-activate|p2b: Ogerpon|move: Protect\n|-curestatus|p2a: Torkoal|slp|[msg]\n|move|p2a: Torkoal|Eruption|p1b: Amoonguss|[spread] p1a,p1b\n|-resisted|p1a: Rillaboom\n|-supereffective|p1b: Amoonguss\n|-damage|p1a: Rillaboom|31\/100\n|-damage|p1b: Amoonguss|48\/100\n|\n|-weather|RainDance|[upkeep]\n|-heal|p2b: Ogerpon|34\/100 psn|[from] Grassy Terrain\n|-heal|p1a: Rillaboom|37\/100|[from] Grassy Terrain\n|-heal|p1b: Amoonguss|54\/100|[from] Grassy Terrain\n|-damage|p2b: Ogerpon|21\/100 psn|[from] psn\n|upkeep\n|turn|10\n|\n|t:|1736316719\n|move|p1a: Rillaboom|Grassy Glide|p2b: Ogerpon\n|-damage|p2b: Ogerpon|0 fnt\n|faint|p2b: Ogerpon\n|move|p1b: Amoonguss|Spore|p2a: Torkoal\n|-status|p2a: Torkoal|slp|[from] move: Spore\n|cant|p2a: Torkoal|slp\n|\n|-weather|none\n|-heal|p1a: Rillaboom|43\/100|[from] Grassy Terrain\n|-heal|p1b: Amoonguss|60\/100|[from] Grassy Terrain\n|upkeep\n|turn|11\n|l| darkrinorex\n|inactive|PokemonmasterN2009 has 30 seconds left.\n|\n|t:|1736316747\n|move|p1a: Rillaboom|Wood Hammer|p2a: Torkoal\n|-resisted|p2a: Torkoal\n|-damage|p2a: Torkoal|73\/100 slp\n|-damage|p1a: Rillaboom|35\/100|[from] Recoil\n|move|p1b: Amoonguss|Sludge Bomb|p2a: Torkoal\n|-damage|p2a: Torkoal|34\/100 slp\n|-curestatus|p2a: Torkoal|slp|[msg]\n|move|p2a: Torkoal|Eruption|p1b: Amoonguss|[spread] p1a,p1b\n|-resisted|p1a: Rillaboom\n|-supereffective|p1b: Amoonguss\n|-damage|p1a: Rillaboom|29\/100\n|-damage|p1b: Amoonguss|24\/100\n|\n|-heal|p1a: Rillaboom|35\/100|[from] Grassy Terrain\n|-heal|p1b: Amoonguss|30\/100|[from] Grassy Terrain\n|-heal|p2a: Torkoal|40\/100|[from] Grassy Terrain\n|upkeep\n|turn|12\n|\n|t:|1736316763\n|move|p1a: Rillaboom|Wood Hammer|p2a: Torkoal\n|-resisted|p2a: Torkoal\n|-damage|p2a: Torkoal|13\/100\n|-damage|p1a: Rillaboom|27\/100|[from] Recoil\n|move|p1b: Amoonguss|Spore|p2a: Torkoal\n|-status|p2a: Torkoal|slp|[from] move: Spore\n|cant|p2a: Torkoal|slp\n|\n|-heal|p1a: Rillaboom|33\/100|[from] Grassy Terrain\n|-heal|p1b: Amoonguss|36\/100|[from] Grassy Terrain\n|-heal|p2a: Torkoal|19\/100 slp|[from] Grassy Terrain\n|upkeep\n|turn|13\n|-message|PokemonmasterN2009 forfeited.\n|\n|win|stash1234\n|raw|stash1234's rating: 1534 &rarr; <strong>1557<\/strong><br \/>(+23 for winning)\n|raw|PokemonmasterN2009's rating: 1585 &rarr; <strong>1562<\/strong><br \/>(-23 for losing)\n|l|\u2606PokemonmasterN2009\n|player|p2|\n|l| snoopz24\n|j| darkrinorex\n","uploadtime":1736316775,"views":7,"formatid":"gen9vgc2025regg","rating":1557,"private":0,"password":null}