{"id":"gen9vgc2025regg-2277790118","format":"[Gen 9] VGC 2025 Reg G","players":["imstuckat1300","nezuko fresh leg"],"log":"|j|\u2606imstuckat1300\n|j|\u2606nezuko fresh leg\n|t:|1736418313\n|gametype|doubles\n|player|p1|imstuckat1300|blue|1523\n|player|p2|nezuko fresh leg|tuberf|1684\n|teamsize|p1|6\n|teamsize|p2|6\n|gen|9\n|tier|[Gen 9] VGC 2025 Reg G\n|rated|\n|rule|Species Clause: Limit one of each Pok\u00e9mon\n|rule|Item Clause: Limit 1 of each item\n|clearpoke\n|poke|p1|Tornadus, L50, M|\n|poke|p1|Farigiraf, L50, M|\n|poke|p1|Calyrex-Shadow, L50|\n|poke|p1|Rillaboom, L50, M|\n|poke|p1|Urshifu-*, L50, M|\n|poke|p1|Chi-Yu, L50|\n|poke|p2|Whimsicott, L50, M|\n|poke|p2|Indeedee-F, L50, F|\n|poke|p2|Calyrex-Shadow, L50|\n|poke|p2|Urshifu-*, L50, F|\n|poke|p2|Chi-Yu, L50|\n|poke|p2|Ursaluna, L50, F|\n|teampreview|4\nnezuko fresh leg has agreed to open team sheets.\nimstuckat1300 has agreed to open team sheets.\n|showteam|p1|Tornadus||CovertCloak|Prankster|BleakwindStorm,Tailwind,Taunt,SunnyDay|||M|||50|,,,,,Ghost]Farigiraf||SitrusBerry|ArmorTail|FoulPlay,PsychicNoise,TrickRoom,HelpingHand|||M|||50|,,,,,Water]Calyrex-Shadow||LifeOrb|AsOneSpectrier|AstralBarrage,Psyshock,TeraBlast,Protect||||||50|,,,,,Water]Rillaboom||AssaultVest|GrassySurge|WoodHammer,GrassyGlide,FakeOut,HighHorsepower|||M|||50|,,,,,Fire]Urshifu-Rapid-Strike||FocusSash|UnseenFist|SurgingStrikes,CloseCombat,AquaJet,Detect|||M|||50|,,,,,Stellar]Chi-Yu||ChoiceScarf|BeadsofRuin|HeatWave,DarkPulse,TeraBlast,Overheat||||||50|,,,,,Ground\n|showteam|p2|Whimsicott||CovertCloak|Prankster|Taunt,Tailwind,DazzlingGleam,FakeTears|||M|||50|,,,,,Steel]Indeedee-F||RockyHelmet|PsychicSurge|FollowMe,DazzlingGleam,HelpingHand,TrickRoom|||F|||50|,,,,,Water]Calyrex-Shadow||FocusSash|AsOneSpectrier|AstralBarrage,ExpandingForce,Protect,NastyPlot||||||50|,,,,,Ghost]Urshifu-Rapid-Strike||MysticWater|UnseenFist|SurgingStrikes,CloseCombat,AquaJet,Protect|||F|||50|,,,,,Water]Chi-Yu||LifeOrb|BeadsofRuin|DarkPulse,Snarl,HeatWave,Protect||||||50|,,,,,Fire]Ursaluna||FlameOrb|Guts|HeadlongRush,Protect,Facade,Earthquake|||F|||50|,,,,,Normal\n|inactive|Battle timer is ON: inactive players will automatically lose when time's up. (requested by nezuko fresh leg)\n|\n|t:|1736418329\n|start\n|switch|p1a: Weather Report|Tornadus, L50, M|100\/100\n|switch|p1b: Chi-Yu|Chi-Yu, L50|100\/100\n|switch|p2a: Whimsicott|Whimsicott, L50, M|100\/100\n|switch|p2b: Urshifu|Urshifu-Rapid-Strike, L50, F|100\/100\n|-ability|p1b: Chi-Yu|Beads of Ruin\n|turn|1\n|\n|t:|1736418350\n|move|p2a: Whimsicott|Tailwind|p2a: Whimsicott\n|-sidestart|p2: nezuko fresh leg|move: Tailwind\n|move|p1a: Weather Report|Tailwind|p1a: Weather Report\n|-sidestart|p1: imstuckat1300|move: Tailwind\n|move|p1b: Chi-Yu|Heat Wave|p2b: Urshifu|[spread] p2a,p2b\n|-supereffective|p2a: Whimsicott\n|-resisted|p2b: Urshifu\n|-damage|p2a: Whimsicott|0 fnt\n|-damage|p2b: Urshifu|60\/100\n|faint|p2a: Whimsicott\n|move|p2b: Urshifu|Surging Strikes|p1b: Chi-Yu\n|-supereffective|p1b: Chi-Yu\n|-crit|p1b: Chi-Yu\n|-damage|p1b: Chi-Yu|17\/100\n|-supereffective|p1b: Chi-Yu\n|-crit|p1b: Chi-Yu\n|-damage|p1b: Chi-Yu|0 fnt\n|faint|p1b: Chi-Yu\n|-hitcount|p1: Chi-Yu|2\n|\n|upkeep\n|\n|t:|1736418361\n|switch|p2a: Calyrex|Calyrex-Shadow, L50|100\/100\n|switch|p1b: Calyrex|Calyrex-Shadow, L50|100\/100\n|-ability|p1b: Calyrex|As One\n|-ability|p1b: Calyrex|Unnerve\n|-ability|p2a: Calyrex|As One\n|-ability|p2a: Calyrex|Unnerve\n|turn|2\n|\n|t:|1736418376\n|-terastallize|p1b: Calyrex|Water\n|-terastallize|p2a: Calyrex|Ghost\n|move|p2b: Urshifu|Protect|p2b: Urshifu\n|-singleturn|p2b: Urshifu|Protect\n|move|p1b: Calyrex|Astral Barrage|p2a: Calyrex|[spread] p2a\n|-activate|p2b: Urshifu|move: Protect\n|-supereffective|p2a: Calyrex\n|-enditem|p2a: Calyrex|Focus Sash\n|-damage|p2a: Calyrex|1\/100\n|-damage|p1b: Calyrex|91\/100|[from] item: Life Orb\n|move|p2a: Calyrex|Astral Barrage|p1b: Calyrex|[spread] p1a,p1b\n|-damage|p1a: Weather Report|4\/100\n|-damage|p1b: Calyrex|7\/100\n|move|p1a: Weather Report|Bleakwind Storm|p2a: Calyrex|[spread] p2a\n|-activate|p2b: Urshifu|move: Protect\n|-damage|p2a: Calyrex|0 fnt\n|faint|p2a: Calyrex\n|\n|upkeep\n|\n|t:|1736418391\n|switch|p2a: \u60e1\u718a\u5669\u5922|Indeedee-F, L50, F|100\/100\n|-fieldstart|move: Psychic Terrain|[from] ability: Psychic Surge|[of] p2a: \u60e1\u718a\u5669\u5922\n|turn|3\n|\n|t:|1736418406\n|move|p2b: Urshifu|Aqua Jet|p1a: Weather Report\n|-hint|Psychic Terrain doesn't affect Pok\u00e9mon immune to Ground.\n|-damage|p1a: Weather Report|0 fnt\n|faint|p1a: Weather Report\n|move|p1b: Calyrex|Astral Barrage|p2a: \u60e1\u718a\u5669\u5922|[spread] p2b\n|-immune|p2a: \u60e1\u718a\u5669\u5922\n|-damage|p2b: Urshifu|0 fnt\n|faint|p2b: Urshifu\n|-ability|p1b: Calyrex|Grim Neigh|boost\n|-boost|p1b: Calyrex|spa|1\n|-damage|p1b: Calyrex|0 fnt|[from] item: Life Orb\n|faint|p1b: Calyrex\n|move|p2a: \u60e1\u718a\u5669\u5922|Dazzling Gleam|p1: Weather Report|[notarget]\n|-fail|p2a: \u60e1\u718a\u5669\u5922\n|\n|upkeep\n|\n|t:|1736418409\n|switch|p1b: Urshifu|Urshifu-Rapid-Strike, L50, M|100\/100\n|turn|4\n|\n|t:|1736418416\n|move|p1b: Urshifu|Close Combat|p2a: \u60e1\u718a\u5669\u5922\n|-damage|p2a: \u60e1\u718a\u5669\u5922|34\/100\n|-unboost|p1b: Urshifu|def|1\n|-unboost|p1b: Urshifu|spd|1\n|-damage|p1b: Urshifu|84\/100|[from] item: Rocky Helmet|[of] p2a: \u60e1\u718a\u5669\u5922\n|move|p2a: \u60e1\u718a\u5669\u5922|Dazzling Gleam|p1b: Urshifu\n|-supereffective|p1b: Urshifu\n|-damage|p1b: Urshifu|11\/100\n|\n|-sideend|p2: nezuko fresh leg|move: Tailwind\n|-sideend|p1: imstuckat1300|move: Tailwind\n|upkeep\n|turn|5\n|\n|t:|1736418424\n|move|p1b: Urshifu|Close Combat|p2a: \u60e1\u718a\u5669\u5922\n|-damage|p2a: \u60e1\u718a\u5669\u5922|0 fnt\n|-unboost|p1b: Urshifu|def|1\n|-unboost|p1b: Urshifu|spd|1\n|-damage|p1b: Urshifu|0 fnt|[from] item: Rocky Helmet|[of] p2a: \u60e1\u718a\u5669\u5922\n|faint|p2a: \u60e1\u718a\u5669\u5922\n|faint|p1b: Urshifu\n|\n|win|imstuckat1300\n|raw|imstuckat1300's rating: 1523 &rarr; <strong>1552<\/strong><br \/>(+29 for winning)\n|raw|nezuko fresh leg's rating: 1684 &rarr; <strong>1655<\/strong><br \/>(-29 for losing)\n|l|\u2606nezuko fresh leg\n|player|p2|\n|l|\u2606imstuckat1300\n|player|p1|\n","uploadtime":1736418597,"views":284,"formatid":"gen9vgc2025regg","rating":1552,"private":0,"password":null}