{"id":"gen9vgc2025regg-2277282020","format":"[Gen 9] VGC 2025 Reg G","players":["BigSalta","Bef6"],"log":"|j|\u2606BigSalta\n|j|\u2606Bef6\n|t:|1736349701\n|gametype|doubles\n|player|p1|BigSalta|cynthia|1576\n|player|p2|Bef6|lucas|1670\n|teamsize|p1|6\n|teamsize|p2|6\n|gen|9\n|tier|[Gen 9] VGC 2025 Reg G\n|rated|\n|rule|Species Clause: Limit one of each Pok\u00e9mon\n|rule|Item Clause: Limit 1 of each item\n|clearpoke\n|poke|p1|Incineroar, L50, F|\n|poke|p1|Urshifu-*, L50, M|\n|poke|p1|Kyogre, L50|\n|poke|p1|Rillaboom, L50, M|\n|poke|p1|Roaring Moon, L50|\n|poke|p1|Amoonguss, L50, F|\n|poke|p2|Terapagos, L50, M|\n|poke|p2|Grimmsnarl, L50, M|\n|poke|p2|Ogerpon-Hearthflame, L50, F|\n|poke|p2|Urshifu-*, L50, F|\n|poke|p2|Landorus-Therian, L50, M|\n|poke|p2|Raging Bolt, L50|\n|teampreview|4\n|\n|t:|1736349725\n|start\n|switch|p1a: Incineroar|Incineroar, L50, F|100\/100\n|switch|p1b: Kyogre|Kyogre, L50|100\/100\n|switch|p2a: Urshifu|Urshifu-Rapid-Strike, L50, F|100\/100\n|switch|p2b: Raging Bolt|Raging Bolt, L50|100\/100\n|-weather|RainDance|[from] ability: Drizzle|[of] p1b: Kyogre\n|-ability|p1a: Incineroar|Intimidate|boost\n|-unboost|p2a: Urshifu|atk|1\n|-unboost|p2b: Raging Bolt|atk|1\n|turn|1\n|\n|t:|1736349733\n|switch|p1a: Amoonguss|Amoonguss, L50, F|100\/100\n|move|p2a: Urshifu|Surging Strikes|p1a: Amoonguss\n|-resisted|p1a: Amoonguss\n|-crit|p1a: Amoonguss\n|-damage|p1a: Amoonguss|89\/100\n|-damage|p2a: Urshifu|84\/100|[from] item: Rocky Helmet|[of] p1a: Amoonguss\n|-resisted|p1a: Amoonguss\n|-crit|p1a: Amoonguss\n|-damage|p1a: Amoonguss|77\/100\n|-damage|p2a: Urshifu|68\/100|[from] item: Rocky Helmet|[of] p1a: Amoonguss\n|-resisted|p1a: Amoonguss\n|-crit|p1a: Amoonguss\n|-damage|p1a: Amoonguss|66\/100\n|-damage|p2a: Urshifu|51\/100|[from] item: Rocky Helmet|[of] p1a: Amoonguss\n|-hitcount|p1a: Amoonguss|3\n|move|p2b: Raging Bolt|Thunderbolt|p1b: Kyogre\n|-supereffective|p1b: Kyogre\n|-damage|p1b: Kyogre|14\/100\n|-damage|p2b: Raging Bolt|91\/100|[from] item: Life Orb\n|move|p1b: Kyogre|Calm Mind|p1b: Kyogre\n|-boost|p1b: Kyogre|spa|1\n|-boost|p1b: Kyogre|spd|1\n|\n|-weather|RainDance|[upkeep]\n|-heal|p1b: Kyogre|20\/100|[from] item: Leftovers\n|upkeep\n|turn|2\n|\n|t:|1736349754\n|switch|p2a: Ogerpon|Ogerpon-Hearthflame, L50, F|100\/100\n|-ability|p2a: Ogerpon|Mold Breaker\n|move|p1a: Amoonguss|Rage Powder|p1a: Amoonguss\n|-singleturn|p1a: Amoonguss|move: Rage Powder\n|move|p2b: Raging Bolt|Draco Meteor|p1a: Amoonguss\n|-damage|p1a: Amoonguss|0 fnt\n|-unboost|p2b: Raging Bolt|spa|2\n|faint|p1a: Amoonguss\n|-damage|p2b: Raging Bolt|81\/100|[from] item: Life Orb\n|move|p1b: Kyogre|Ice Beam|p2b: Raging Bolt\n|-supereffective|p2b: Raging Bolt\n|-damage|p2b: Raging Bolt|0 fnt\n|faint|p2b: Raging Bolt\n|-end|p2b: Raging Bolt|Protosynthesis|[silent]\n|\n|-weather|RainDance|[upkeep]\n|-heal|p1b: Kyogre|26\/100|[from] item: Leftovers\n|upkeep\n|\n|t:|1736349769\n|switch|p2b: Urshifu|Urshifu-Rapid-Strike, L50, F|51\/100\n|switch|p1a: Urshifu|Urshifu-Rapid-Strike, L50, M|100\/100\n|turn|3\n|\n|t:|1736349801\n|move|p2a: Ogerpon|Follow Me|p2a: Ogerpon\n|-singleturn|p2a: Ogerpon|move: Follow Me\n|move|p1a: Urshifu|Surging Strikes|p2a: Ogerpon\n|-crit|p2a: Ogerpon\n|-damage|p2a: Ogerpon|67\/100\n|-crit|p2a: Ogerpon\n|-damage|p2a: Ogerpon|36\/100\n|-crit|p2a: Ogerpon\n|-damage|p2a: Ogerpon|0 fnt\n|faint|p2a: Ogerpon\n|-hitcount|p2: Ogerpon|3\n|move|p2b: Urshifu|Surging Strikes|p1b: Kyogre\n|-resisted|p1b: Kyogre\n|-crit|p1b: Kyogre\n|-damage|p1b: Kyogre|12\/100\n|-resisted|p1b: Kyogre\n|-crit|p1b: Kyogre\n|-damage|p1b: Kyogre|0 fnt\n|faint|p1b: Kyogre\n|-hitcount|p1: Kyogre|2\n|\n|-weather|RainDance|[upkeep]\n|upkeep\n|\n|t:|1736349814\n|switch|p2a: Terapagos|Terapagos, L50, M|100\/100\n|switch|p1b: Incineroar|Incineroar, L50, F|100\/100\n|-activate|p2a: Terapagos|ability: Tera Shift\n|detailschange|p2a: Terapagos|Terapagos-Terastal, L50, M\n|-heal|p2a: Terapagos|100\/100|[silent]\n|-ability|p1b: Incineroar|Intimidate|boost\n|-unboost|p2a: Terapagos|atk|1\n|-unboost|p2b: Urshifu|atk|1\n|turn|4\n|j| Therazer456\n|\n|t:|1736349850\n|-terastallize|p2a: Terapagos|Stellar\n|detailschange|p2a: Terapagos|Terapagos-Stellar, L50, M, tera:Stellar\n|-heal|p2a: Terapagos|100\/100|[silent]\n|-ability|p2a: Terapagos|Teraform Zero\n|-weather|none\n|move|p1b: Incineroar|Fake Out|p2b: Urshifu\n|-damage|p2b: Urshifu|40\/100\n|move|p1a: Urshifu|Surging Strikes|p2b: Urshifu\n|-resisted|p2b: Urshifu\n|-crit|p2b: Urshifu\n|-damage|p2b: Urshifu|30\/100\n|-resisted|p2b: Urshifu\n|-crit|p2b: Urshifu\n|-damage|p2b: Urshifu|19\/100\n|-resisted|p2b: Urshifu\n|-crit|p2b: Urshifu\n|-damage|p2b: Urshifu|8\/100\n|-hitcount|p2b: Urshifu|3\n|move|p2a: Terapagos|Tera Starstorm|p1a: Urshifu|[spread] p1a,p1b\n|-damage|p1a: Urshifu|32\/100\n|-damage|p1b: Incineroar|53\/100\n|cant|p2b: Urshifu|flinch\n|\n|upkeep\n|turn|5\n|\n|t:|1736349869\n|move|p2b: Urshifu|Aqua Jet|p1b: Incineroar\n|-supereffective|p1b: Incineroar\n|-damage|p1b: Incineroar|28\/100\n|move|p1a: Urshifu|Surging Strikes|p2b: Urshifu\n|-resisted|p2b: Urshifu\n|-crit|p2b: Urshifu\n|-damage|p2b: Urshifu|0 fnt\n|faint|p2b: Urshifu\n|-hitcount|p2: Urshifu|1\n|move|p2a: Terapagos|Tera Starstorm|p1a: Urshifu|[spread] p1a,p1b\n|-damage|p1a: Urshifu|0 fnt\n|-damage|p1b: Incineroar|0 fnt\n|faint|p1a: Urshifu\n|faint|p1b: Incineroar\n|\n|win|Bef6\n|raw|BigSalta's rating: 1576 &rarr; <strong>1561<\/strong><br \/>(-15 for losing)\n|raw|Bef6's rating: 1670 &rarr; <strong>1685<\/strong><br \/>(+15 for winning)\n|l|\u2606BigSalta\n|player|p1|\n|l|\u2606Bef6\n|player|p2|\n|l| Therazer456\n","uploadtime":1736350132,"views":261,"formatid":"gen9vgc2025regg","rating":1561,"private":0,"password":null}