{"id":"gen9vgc2025regg-2277811486","format":"[Gen 9] VGC 2025 Reg G","players":["chuanOVO","lichuweijixi"],"log":"|j|\u2606chuanOVO\n|j|\u2606lichuweijixi\n|t:|1736422234\n|gametype|doubles\n|player|p1|chuanOVO|n|1568\n|player|p2|lichuweijixi|265|1583\n|teamsize|p1|6\n|teamsize|p2|6\n|gen|9\n|tier|[Gen 9] VGC 2025 Reg G\n|rated|\n|rule|Species Clause: Limit one of each Pok\u00e9mon\n|rule|Item Clause: Limit 1 of each item\n|clearpoke\n|poke|p1|Calyrex-Ice, L50|\n|poke|p1|Smeargle, L50, M|\n|poke|p1|Ursaluna-Bloodmoon, L50, M|\n|poke|p1|Urshifu-*, L50, M|\n|poke|p1|Ogerpon-Wellspring, L50, F|\n|poke|p1|Annihilape, L50, M|\n|poke|p2|Calyrex-Ice, L50|\n|poke|p2|Smeargle, L50, M|\n|poke|p2|Annihilape, L50, F|\n|poke|p2|Urshifu-*, L50, M|\n|poke|p2|Ursaluna-Bloodmoon, L50, M|\n|poke|p2|Ogerpon-Wellspring, L50, F|\n|teampreview|4\n|inactive|Battle timer is ON: inactive players will automatically lose when time's up. (requested by chuanOVO)\n|\n|t:|1736422280\n|start\n|switch|p1a: Ogerpon|Ogerpon-Wellspring, L50, F|100\/100\n|switch|p1b: Calyrex|Calyrex-Ice, L50|100\/100\n|switch|p2a: Annihilape|Annihilape, L50, F|100\/100\n|switch|p2b: Calyrex|Calyrex-Ice, L50|100\/100\n|-ability|p2b: Calyrex|As One\n|-ability|p2b: Calyrex|Unnerve\n|-ability|p1b: Calyrex|As One\n|-ability|p1b: Calyrex|Unnerve\n|turn|1\n|inactive|chuanOVO has 30 seconds left.\n|inactive|chuanOVO has 20 seconds left.\n|\n|t:|1736422317\n|move|p2a: Annihilape|Coaching|p2b: Calyrex\n|-boost|p2b: Calyrex|atk|1\n|-boost|p2b: Calyrex|def|1\n|move|p1a: Ogerpon|Encore|p2a: Annihilape\n|-start|p2a: Annihilape|Encore\n|move|p2b: Calyrex|Glacial Lance|p1b: Calyrex|[spread] p1a,p1b\n|-resisted|p1b: Calyrex\n|-damage|p1a: Ogerpon|0 fnt\n|-damage|p1b: Calyrex|71\/100\n|faint|p1a: Ogerpon\n|-ability|p2b: Calyrex|Chilling Neigh|boost\n|-boost|p2b: Calyrex|atk|1\n|move|p1b: Calyrex|Glacial Lance|p2a: Annihilape|[spread] p2a,p2b\n|-resisted|p2b: Calyrex\n|-damage|p2a: Annihilape|41\/100\n|-damage|p2b: Calyrex|87\/100\n|\n|upkeep\n|\n|t:|1736422331\n|switch|p1a: Smeargle|Smeargle, L50, M, shiny|100\/100\n|turn|2\n|\n|t:|1736422345\n|switch|p2a: Urshifu|Urshifu, L50, M|100\/100\n|move|p2b: Calyrex|Protect|p2b: Calyrex\n|-singleturn|p2b: Calyrex|Protect\n|move|p1a: Smeargle|Wide Guard|p1a: Smeargle\n|-singleturn|p1a: Smeargle|Wide Guard\n|move|p1b: Calyrex|Trick Room|p1b: Calyrex\n|-fieldstart|move: Trick Room|[of] p1b: Calyrex\n|\n|upkeep\n|turn|3\n|\n|t:|1736422363\n|-terastallize|p1b: Calyrex|Water\n|move|p1a: Smeargle|Spore|p2a: Urshifu\n|-status|p2a: Urshifu|slp|[from] move: Spore\n|move|p1b: Calyrex|Glacial Lance|p2a: Urshifu|[spread] p2a,p2b\n|-resisted|p2b: Calyrex\n|-crit|p2b: Calyrex\n|-damage|p2a: Urshifu|51\/100 slp\n|-damage|p2b: Calyrex|63\/100\n|move|p2b: Calyrex|Glacial Lance|p1b: Calyrex|[spread] p1a,p1b\n|-resisted|p1b: Calyrex\n|-enditem|p1a: Smeargle|Focus Sash\n|-damage|p1a: Smeargle|1\/100\n|-damage|p1b: Calyrex|35\/100\n|cant|p2a: Urshifu|slp\n|\n|upkeep\n|turn|4\n|\n|t:|1736422380\n|move|p2b: Calyrex|Protect|p2b: Calyrex\n|-singleturn|p2b: Calyrex|Protect\n|move|p1a: Smeargle|Decorate|p1b: Calyrex\n|-boost|p1b: Calyrex|atk|2\n|-boost|p1b: Calyrex|spa|2\n|move|p1b: Calyrex|Glacial Lance|p2a: Urshifu|[spread] p2a\n|-activate|p2b: Calyrex|move: Protect\n|-damage|p2a: Urshifu|0 fnt\n|faint|p2a: Urshifu\n|-ability|p1b: Calyrex|Chilling Neigh|boost\n|-boost|p1b: Calyrex|atk|1\n|\n|upkeep\n|\n|t:|1736422387\n|switch|p2a: Smeargle|Smeargle, L50, M|100\/100\n|turn|5\n|\n|t:|1736422408\n|move|p1b: Calyrex|Protect|p1b: Calyrex\n|-singleturn|p1b: Calyrex|Protect\n|move|p2a: Smeargle|Spore|p1a: Smeargle\n|-status|p1a: Smeargle|slp|[from] move: Spore\n|cant|p1a: Smeargle|slp\n|move|p2b: Calyrex|Glacial Lance|p1b: Calyrex|[spread] p1a\n|-activate|p1b: Calyrex|move: Protect\n|-damage|p1a: Smeargle|0 fnt\n|faint|p1a: Smeargle\n|-ability|p2b: Calyrex|Chilling Neigh|boost\n|-boost|p2b: Calyrex|atk|1\n|\n|upkeep\n|\n|t:|1736422420\n|switch|p1a: Urshifu|Urshifu, L50, M|100\/100\n|turn|6\n|\n|t:|1736422427\n|-terastallize|p2b: Calyrex|Water\n|move|p2a: Smeargle|Spore|p1b: Calyrex\n|-status|p1b: Calyrex|slp|[from] move: Spore\n|cant|p1b: Calyrex|slp\n|move|p2b: Calyrex|Glacial Lance|p1a: Urshifu|[spread] p1a,p1b\n|-resisted|p1b: Calyrex\n|-damage|p1a: Urshifu|0 fnt\n|-damage|p1b: Calyrex|0 fnt\n|faint|p1a: Urshifu\n|faint|p1b: Calyrex\n|\n|win|lichuweijixi\n|raw|chuanOVO's rating: 1568 &rarr; <strong>1549<\/strong><br \/>(-19 for losing)\n|raw|lichuweijixi's rating: 1583 &rarr; <strong>1602<\/strong><br \/>(+19 for winning)\n|l|\u2606chuanOVO\n|player|p1|\n|l|\u2606lichuweijixi\n|player|p2|\n","uploadtime":1736422607,"views":7,"formatid":"gen9vgc2025regg","rating":1549,"private":0,"password":null}