{"id":"gen9vgc2025regg-2277019213","format":"[Gen 9] VGC 2025 Reg G","players":["jephre45","ggttmmhh"],"log":"|j|\u2606jephre45\n|j|\u2606ggttmmhh\n|t:|1736305533\n|gametype|doubles\n|player|p1|jephre45|plasmagrunt|1572\n|player|p2|ggttmmhh|brycenman|1661\n|teamsize|p1|6\n|teamsize|p2|6\n|gen|9\n|tier|[Gen 9] VGC 2025 Reg G\n|rated|\n|rule|Species Clause: Limit one of each Pok\u00e9mon\n|rule|Item Clause: Limit 1 of each item\n|clearpoke\n|poke|p1|Calyrex-Ice, L50|\n|poke|p1|Urshifu-*, L50, M|\n|poke|p1|Pelipper, L50, M|\n|poke|p1|Amoonguss, L50, M|\n|poke|p1|Iron Valiant, L50|\n|poke|p1|Landorus, L50, M|\n|poke|p2|Raging Bolt, L50|\n|poke|p2|Jumpluff, L50, F|\n|poke|p2|Ditto, L50|\n|poke|p2|Groudon, L50|\n|poke|p2|Chi-Yu, L50|\n|poke|p2|Flutter Mane, L50|\n|teampreview|4\n|\n|t:|1736305564\n|start\n|switch|p1a: Iron Valiant|Iron Valiant, L50, shiny|100\/100\n|switch|p1b: Landorus|Landorus, L50, M|100\/100\n|switch|p2a: Jumpluff|Jumpluff, L50, F, shiny|100\/100\n|switch|p2b: Groudon|Groudon, L50|100\/100\n|-weather|SunnyDay|[from] ability: Drought|[of] p2b: Groudon\n|-enditem|p1a: Iron Valiant|Booster Energy\n|-activate|p1a: Iron Valiant|ability: Quark Drive|[fromitem]\n|-start|p1a: Iron Valiant|quarkdrivespe\n|turn|1\n|j| BreadTest\n|\n|t:|1736305627\n|-end|p1a: Iron Valiant|Quark Drive|[silent]\n|switch|p1a: Pelipper|Pelipper, L50, M|100\/100\n|-weather|RainDance|[from] ability: Drizzle|[of] p1a: Pelipper\n|move|p1b: Landorus|Sludge Bomb|p2a: Jumpluff\n|-supereffective|p2a: Jumpluff\n|-damage|p2a: Jumpluff|20\/100\n|move|p2a: Jumpluff|Sleep Powder|p1b: Landorus\n|-status|p1b: Landorus|slp|[from] move: Sleep Powder\n|move|p2b: Groudon|Heat Crash|p1a: Pelipper\n|-resisted|p1a: Pelipper\n|-damage|p1a: Pelipper|87\/100\n|\n|-weather|RainDance|[upkeep]\n|upkeep\n|turn|2\n|\n|t:|1736305656\n|switch|p1b: Calyrex|Calyrex-Ice, L50|100\/100\n|-ability|p1b: Calyrex|As One\n|-ability|p1b: Calyrex|Unnerve\n|switch|p2b: Ditto|Ditto, L50|100\/100\n|-transform|p2b: Ditto|p1a: Pelipper|[from] ability: Imposter\n|-terastallize|p1a: Pelipper|Grass\n|move|p2a: Jumpluff|Tailwind|p2a: Jumpluff\n|-sidestart|p2: ggttmmhh|move: Tailwind\n|move|p1a: Pelipper|Hurricane|p2a: Jumpluff\n|-supereffective|p2a: Jumpluff\n|-damage|p2a: Jumpluff|0 fnt\n|faint|p2a: Jumpluff\n|-damage|p1a: Pelipper|78\/100|[from] item: Life Orb\n|\n|-weather|RainDance|[upkeep]\n|upkeep\n|\n|t:|1736305685\n|switch|p2a: Groudon|Groudon, L50|100\/100\n|-weather|SunnyDay|[from] ability: Drought|[of] p2a: Groudon\n|turn|3\n|\n|t:|1736305724\n|switch|p1a: Landorus|Landorus, L50, M|100\/100 slp\n|-terastallize|p2a: Groudon|Water\n|move|p1b: Calyrex|Protect|p1b: Calyrex\n|-singleturn|p1b: Calyrex|Protect\n|move|p2a: Groudon|Heat Crash|p1a: Landorus\n|-damage|p1a: Landorus|16\/100 slp\n|move|p2b: Ditto|Weather Ball|p1b: Calyrex\n|-activate|p1b: Calyrex|move: Protect\n|\n|-weather|SunnyDay|[upkeep]\n|upkeep\n|turn|4\n|\n|t:|1736305769\n|switch|p1b: Iron Valiant|Iron Valiant, L50, shiny|100\/100\n|cant|p1a: Landorus|slp\n|move|p2a: Groudon|Precipice Blades|p1a: Landorus|[spread] p1b\n|-immune|p1a: Landorus\n|-damage|p1b: Iron Valiant|40\/100\n|move|p2b: Ditto|Weather Ball|p1b: Iron Valiant\n|-damage|p1b: Iron Valiant|0 fnt\n|faint|p1b: Iron Valiant\n|-end|p1b: Iron Valiant|Quark Drive|[silent]\n|\n|-weather|SunnyDay|[upkeep]\n|upkeep\n|\n|t:|1736305779\n|switch|p1b: Pelipper|Pelipper, L50, M, tera:Grass|78\/100\n|-weather|RainDance|[from] ability: Drizzle|[of] p1b: Pelipper\n|turn|5\n|\n|t:|1736305800\n|-curestatus|p1a: Landorus|slp|[msg]\n|move|p1a: Landorus|Earth Power|p2a: Groudon\n|-crit|p2a: Groudon\n|-damage|p2a: Groudon|23\/100\n|move|p2a: Groudon|Heat Crash|p1a: Landorus\n|-damage|p1a: Landorus|0 fnt\n|faint|p1a: Landorus\n|move|p2b: Ditto|Hurricane|p1b: Pelipper\n|-supereffective|p1b: Pelipper\n|-damage|p1b: Pelipper|0 fnt\n|faint|p1b: Pelipper\n|\n|-weather|RainDance|[upkeep]\n|-sideend|p2: ggttmmhh|move: Tailwind\n|upkeep\n|\n|t:|1736305809\n|switch|p1b: Calyrex|Calyrex-Ice, L50|100\/100\n|-ability|p1b: Calyrex|As One\n|-ability|p1b: Calyrex|Unnerve\n|turn|6\n|\n|t:|1736305826\n|move|p2a: Groudon|Precipice Blades|p1b: Calyrex\n|-damage|p1b: Calyrex|49\/100\n|move|p2b: Ditto|Weather Ball|p1b: Calyrex\n|-crit|p1b: Calyrex\n|-damage|p1b: Calyrex|0 fnt\n|faint|p1b: Calyrex\n|\n|win|ggttmmhh\n|raw|jephre45's rating: 1572 &rarr; <strong>1557<\/strong><br \/>(-15 for losing)\n|raw|ggttmmhh's rating: 1661 &rarr; <strong>1676<\/strong><br \/>(+15 for winning)\n|l|\u2606jephre45\n|player|p1|\n|l|\u2606ggttmmhh\n|player|p2|\n|l| BreadTest\n","uploadtime":1736305982,"views":28,"formatid":"gen9vgc2025regg","rating":1557,"private":0,"password":null}