{"id":"gen9vgc2025regg-2277824401","format":"[Gen 9] VGC 2025 Reg G","players":["chuanOVO","Moonlight410"],"log":"|j|\u2606chuanOVO\n|j|\u2606Moonlight410\n|t:|1736424425\n|gametype|doubles\n|player|p1|chuanOVO|n|1635\n|player|p2|Moonlight410|266|1670\n|teamsize|p1|6\n|teamsize|p2|6\n|gen|9\n|tier|[Gen 9] VGC 2025 Reg G\n|rated|\n|rule|Species Clause: Limit one of each Pok\u00e9mon\n|rule|Item Clause: Limit 1 of each item\n|clearpoke\n|poke|p1|Calyrex-Ice, L50|\n|poke|p1|Smeargle, L50, M|\n|poke|p1|Ursaluna-Bloodmoon, L50, M|\n|poke|p1|Urshifu-*, L50, M|\n|poke|p1|Ogerpon-Wellspring, L50, F|\n|poke|p1|Annihilape, L50, M|\n|poke|p2|Calyrex-Ice, L50|\n|poke|p2|Annihilape, L50, F|\n|poke|p2|Smeargle, L50, F|\n|poke|p2|Raging Bolt, L50|\n|poke|p2|Ogerpon-Cornerstone, L50, F|\n|poke|p2|Farigiraf, L50, M|\n|teampreview|4\n|j| jasonrfry3\n|\n|t:|1736424455\n|start\n|switch|p1a: Annihilape|Annihilape, L50, M, shiny|100\/100\n|switch|p1b: Calyrex|Calyrex-Ice, L50|100\/100\n|switch|p2a: Calyrex|Calyrex-Ice, L50|100\/100\n|switch|p2b: Annihilape|Annihilape, L50, F|100\/100\n|-ability|p1b: Calyrex|As One\n|-ability|p1b: Calyrex|Unnerve\n|-ability|p2a: Calyrex|As One\n|-ability|p2a: Calyrex|Unnerve\n|turn|1\n|l| jasonrfry3\n|j| Standard European\n|\n|t:|1736424487\n|move|p1a: Annihilape|Rage Fist|p2b: Annihilape\n|-supereffective|p2b: Annihilape\n|-damage|p2b: Annihilape|57\/100\n|move|p2b: Annihilape|Coaching|p2a: Calyrex\n|-boost|p2a: Calyrex|atk|1\n|-boost|p2a: Calyrex|def|1\n|move|p1b: Calyrex|Glacial Lance|p2b: Annihilape|[spread] p2a,p2b\n|-resisted|p2a: Calyrex\n|-damage|p2a: Calyrex|88\/100\n|-damage|p2b: Annihilape|0 fnt\n|faint|p2b: Annihilape\n|-ability|p1b: Calyrex|Chilling Neigh|boost\n|-boost|p1b: Calyrex|atk|1\n|move|p2a: Calyrex|Glacial Lance|p1a: Annihilape|[spread] p1a,p1b\n|-resisted|p1b: Calyrex\n|-damage|p1a: Annihilape|15\/100\n|-damage|p1b: Calyrex|71\/100\n|\n|upkeep\n|\n|t:|1736424503\n|switch|p2b: Ogerpon|Ogerpon-Cornerstone, L50, F|100\/100\n|turn|2\n|l| Standard European\n|j| Standard European\n|\n|t:|1736424534\n|-terastallize|p1b: Calyrex|Water\n|-terastallize|p2a: Calyrex|Water\n|move|p2b: Ogerpon|Ivy Cudgel|p1b: Calyrex|[anim] Ivy Cudgel Rock\n|-damage|p1b: Calyrex|35\/100\n|move|p1a: Annihilape|Coaching|p1b: Calyrex\n|-boost|p1b: Calyrex|atk|1\n|-boost|p1b: Calyrex|def|1\n|move|p2a: Calyrex|Glacial Lance|p1a: Annihilape|[spread] p1a,p1b\n|-resisted|p1b: Calyrex\n|-damage|p1a: Annihilape|0 fnt\n|-damage|p1b: Calyrex|17\/100\n|faint|p1a: Annihilape\n|-ability|p2a: Calyrex|Chilling Neigh|boost\n|-boost|p2a: Calyrex|atk|1\n|move|p1b: Calyrex|Trick Room|p1b: Calyrex\n|-fieldstart|move: Trick Room|[of] p1b: Calyrex\n|\n|upkeep\n|\n|t:|1736424548\n|switch|p1a: Smeargle|Smeargle, L50, M, shiny|100\/100\n|turn|3\n|\n|t:|1736424560\n|move|p1a: Smeargle|Wide Guard|p1a: Smeargle\n|-singleturn|p1a: Smeargle|Wide Guard\n|move|p2b: Ogerpon|Follow Me|p2b: Ogerpon\n|-singleturn|p2b: Ogerpon|move: Follow Me\n|move|p2a: Calyrex|Glacial Lance|p1a: Smeargle|[spread] \n|-activate|p1a: Smeargle|move: Wide Guard\n|-activate|p1b: Calyrex|move: Wide Guard\n|move|p1b: Calyrex|Glacial Lance|p2a: Calyrex|[spread] p2a,p2b\n|-resisted|p2a: Calyrex\n|-supereffective|p2b: Ogerpon\n|-damage|p2a: Calyrex|62\/100\n|-ability|p2b: Ogerpon|Sturdy\n|-damage|p2b: Ogerpon|1\/100\n|\n|upkeep\n|turn|4\n|j| imstuckat1300\n|\n|t:|1736424579\n|move|p2b: Ogerpon|Follow Me|p2b: Ogerpon\n|-singleturn|p2b: Ogerpon|move: Follow Me\n|move|p2a: Calyrex|Close Combat|p1a: Smeargle\n|-supereffective|p1a: Smeargle\n|-enditem|p1a: Smeargle|Focus Sash\n|-damage|p1a: Smeargle|1\/100\n|-unboost|p2a: Calyrex|def|1\n|-unboost|p2a: Calyrex|spd|1\n|move|p1a: Smeargle|Spore|p2b: Ogerpon\n|-immune|p2b: Ogerpon\n|move|p1b: Calyrex|Glacial Lance|p2b: Ogerpon|[spread] p2a,p2b\n|-resisted|p2a: Calyrex\n|-supereffective|p2b: Ogerpon\n|-damage|p2a: Calyrex|27\/100\n|-damage|p2b: Ogerpon|0 fnt\n|faint|p2b: Ogerpon\n|-ability|p1b: Calyrex|Chilling Neigh|boost\n|-boost|p1b: Calyrex|atk|1\n|\n|upkeep\n|\n|t:|1736424595\n|switch|p2b: Smeargle|Smeargle, L50, F|100\/100\n|turn|5\n|\n|t:|1736424606\n|move|p2b: Smeargle|Fake Out|p1a: Smeargle\n|-damage|p1a: Smeargle|0 fnt\n|faint|p1a: Smeargle\n|move|p2a: Calyrex|Close Combat|p1b: Calyrex\n|-damage|p1b: Calyrex|0 fnt\n|-unboost|p2a: Calyrex|def|1\n|-unboost|p2a: Calyrex|spd|1\n|-enditem|p2a: Calyrex|Sitrus Berry|[eat]\n|-heal|p2a: Calyrex|52\/100|[from] item: Sitrus Berry\n|faint|p1b: Calyrex\n|-ability|p2a: Calyrex|Chilling Neigh|boost\n|-boost|p2a: Calyrex|atk|1\n|\n|upkeep\n|-message|chuanOVO forfeited.\n|\n|win|Moonlight410\n|raw|chuanOVO's rating: 1635 &rarr; <strong>1617<\/strong><br \/>(-18 for losing)\n|raw|Moonlight410's rating: 1670 &rarr; <strong>1688<\/strong><br \/>(+18 for winning)\n|l|\u2606chuanOVO\n|player|p1|\n|l|\u2606Moonlight410\n|player|p2|\n|l| Standard European\n|l| imstuckat1300\n","uploadtime":1736424819,"views":39,"formatid":"gen9vgc2025regg","rating":1617,"private":0,"password":null}