{"id":"gen9vgc2025regg-2277655817","format":"[Gen 9] VGC 2025 Reg G","players":["BattleBlazikenVGC","Sazandoramx"],"log":"|j|\u2606BattleBlazikenVGC\n|j|\u2606Sazandoramx\n|t:|1736393443\n|gametype|doubles\n|player|p1|BattleBlazikenVGC|ltsurge|1581\n|player|p2|Sazandoramx|2|1588\n|teamsize|p1|6\n|teamsize|p2|6\n|gen|9\n|tier|[Gen 9] VGC 2025 Reg G\n|rated|\n|rule|Species Clause: Limit one of each Pok\u00e9mon\n|rule|Item Clause: Limit 1 of each item\n|clearpoke\n|poke|p1|Kyogre, L50|\n|poke|p1|Incineroar, L50, M|\n|poke|p1|Wo-Chien, L50|\n|poke|p1|Grimmsnarl, L50, M|\n|poke|p1|Urshifu-*, L50, F|\n|poke|p1|Landorus, L50, M|\n|poke|p2|Lunala, L50|\n|poke|p2|Volcarona, L50, M|\n|poke|p2|Maushold-Four, L50|\n|poke|p2|Rillaboom, L50, M|\n|poke|p2|Roaring Moon, L50|\n|poke|p2|Urshifu-*, L50, M|\n|teampreview|4\n|j| Paradox Mourinho\n|\n|t:|1736393481\n|start\n|switch|p1a: Kyogre|Kyogre, L50|100\/100\n|switch|p1b: Wo-Chien|Wo-Chien, L50|100\/100\n|switch|p2a: Urshifu|Urshifu-Rapid-Strike, L50, M|100\/100\n|switch|p2b: Rillaboom|Rillaboom, L50, M|100\/100\n|-fieldstart|move: Grassy Terrain|[from] ability: Grassy Surge|[of] p2b: Rillaboom\n|-ability|p1b: Wo-Chien|Tablets of Ruin\n|-weather|RainDance|[from] ability: Drizzle|[of] p1a: Kyogre\n|turn|1\n|\n|t:|1736393518\n|-terastallize|p1a: Kyogre|Grass\n|move|p2b: Rillaboom|U-turn|p1b: Wo-Chien\n|-supereffective|p1b: Wo-Chien\n|-damage|p1b: Wo-Chien|38\/100\n|\n|t:|1736393535\n|switch|p2b: Maushold|Maushold-Four, L50, shiny|100\/100|[from] U-turn\n|move|p2a: Urshifu|Surging Strikes|p1b: Wo-Chien\n|-resisted|p1b: Wo-Chien\n|-crit|p1b: Wo-Chien\n|-damage|p1b: Wo-Chien|24\/100\n|-resisted|p1b: Wo-Chien\n|-crit|p1b: Wo-Chien\n|-damage|p1b: Wo-Chien|11\/100\n|-resisted|p1b: Wo-Chien\n|-crit|p1b: Wo-Chien\n|-damage|p1b: Wo-Chien|0 fnt\n|faint|p1b: Wo-Chien\n|-hitcount|p1: Wo-Chien|3\n|-damage|p2a: Urshifu|91\/100|[from] item: Life Orb\n|move|p1a: Kyogre|Thunder|p2a: Urshifu\n|-supereffective|p2a: Urshifu\n|-damage|p2a: Urshifu|14\/100\n|\n|-weather|RainDance|[upkeep]\n|-heal|p2a: Urshifu|20\/100|[from] Grassy Terrain\n|upkeep\n|\n|t:|1736393545\n|switch|p1b: Grimmsnarl|Grimmsnarl, L50, M|100\/100\n|turn|2\n|j| generalursus\n|\n|t:|1736393576\n|move|p2a: Urshifu|Detect|p2a: Urshifu\n|-singleturn|p2a: Urshifu|Protect\n|move|p1b: Grimmsnarl|Reflect|p1b: Grimmsnarl\n|-sidestart|p1: BattleBlazikenVGC|Reflect\n|move|p2b: Maushold|Taunt|p1b: Grimmsnarl\n|-start|p1b: Grimmsnarl|move: Taunt\n|move|p1a: Kyogre|Origin Pulse|p2a: Urshifu|[spread] p2b\n|-activate|p2a: Urshifu|move: Protect\n|-damage|p2b: Maushold|15\/100\n|\n|-weather|RainDance|[upkeep]\n|-heal|p2b: Maushold|21\/100|[from] Grassy Terrain\n|-heal|p2a: Urshifu|26\/100|[from] Grassy Terrain\n|upkeep\n|turn|3\n|\n|t:|1736393595\n|move|p2b: Maushold|Super Fang|p1a: Kyogre\n|-damage|p1a: Kyogre|51\/100\n|move|p2a: Urshifu|Surging Strikes|p1b: Grimmsnarl\n|-crit|p1b: Grimmsnarl\n|-damage|p1b: Grimmsnarl|61\/100\n|-crit|p1b: Grimmsnarl\n|-damage|p1b: Grimmsnarl|22\/100\n|-crit|p1b: Grimmsnarl\n|-damage|p1b: Grimmsnarl|0 fnt\n|faint|p1b: Grimmsnarl\n|-hitcount|p1: Grimmsnarl|3\n|-damage|p2a: Urshifu|16\/100|[from] item: Life Orb\n|move|p1a: Kyogre|Water Spout|p2b: Maushold|[spread] p2a,p2b\n|-resisted|p2a: Urshifu\n|-damage|p2a: Urshifu|0 fnt\n|-damage|p2b: Maushold|0 fnt\n|faint|p2a: Urshifu\n|faint|p2b: Maushold\n|\n|-weather|RainDance|[upkeep]\n|-heal|p1a: Kyogre|57\/100|[from] Grassy Terrain\n|upkeep\n|\n|t:|1736393615\n|switch|p2b: Rillaboom|Rillaboom, L50, M|100\/100\n|switch|p2a: Lunala|Lunala, L50|100\/100\n|switch|p1b: Incineroar|Incineroar, L50, M|100\/100\n|-ability|p1b: Incineroar|Intimidate|boost\n|-unboost|p2a: Lunala|atk|1\n|-unboost|p2b: Rillaboom|atk|1\n|turn|4\n|\n|t:|1736393630\n|move|p2b: Rillaboom|Fake Out|p1b: Incineroar\n|-damage|p1b: Incineroar|95\/100\n|cant|p1b: Incineroar|flinch\n|move|p2a: Lunala|Calm Mind|p2a: Lunala\n|-boost|p2a: Lunala|spa|1\n|-boost|p2a: Lunala|spd|1\n|move|p1a: Kyogre|Origin Pulse|p2a: Lunala|[spread] p2a,p2b\n|-resisted|p2b: Rillaboom\n|-damage|p2a: Lunala|83\/100\n|-damage|p2b: Rillaboom|73\/100\n|\n|-weather|RainDance|[upkeep]\n|-heal|p2a: Lunala|89\/100|[from] Grassy Terrain\n|-heal|p2a: Lunala|95\/100|[from] item: Leftovers\n|-heal|p2b: Rillaboom|79\/100|[from] Grassy Terrain\n|-heal|p1b: Incineroar|100\/100|[from] Grassy Terrain\n|-heal|p1a: Kyogre|62\/100|[from] Grassy Terrain\n|upkeep\n|turn|5\n|\n|t:|1736393661\n|move|p2a: Lunala|Protect|p2a: Lunala\n|-singleturn|p2a: Lunala|Protect\n|move|p2b: Rillaboom|U-turn|p1a: Kyogre\n|-supereffective|p1a: Kyogre\n|-damage|p1a: Kyogre|45\/100\n|move|p1b: Incineroar|Knock Off|p2a: Lunala\n|-activate|p2a: Lunala|move: Protect\n|move|p1a: Kyogre|Origin Pulse|p2b: Rillaboom|[spread] p2b\n|-activate|p2a: Lunala|move: Protect\n|-resisted|p2b: Rillaboom\n|-damage|p2b: Rillaboom|51\/100\n|\n|-weather|none\n|-heal|p2a: Lunala|100\/100|[from] Grassy Terrain\n|-heal|p2b: Rillaboom|57\/100|[from] Grassy Terrain\n|-heal|p1a: Kyogre|51\/100|[from] Grassy Terrain\n|-fieldend|move: Grassy Terrain\n|upkeep\n|turn|6\n|\n|t:|1736393683\n|-terastallize|p2a: Lunala|Fairy\n|move|p2a: Lunala|Moongeist Beam|p1a: Kyogre\n|-damage|p1a: Kyogre|15\/100\n|move|p2b: Rillaboom|U-turn|p1a: Kyogre\n|-supereffective|p1a: Kyogre\n|-damage|p1a: Kyogre|0 fnt\n|faint|p1a: Kyogre\n|move|p1b: Incineroar|Knock Off|p2a: Lunala\n|-resisted|p2a: Lunala\n|-damage|p2a: Lunala|94\/100\n|-enditem|p2a: Lunala|Leftovers|[from] move: Knock Off|[of] p1b: Incineroar\n|\n|upkeep\n|turn|7\n|-message|BattleBlazikenVGC forfeited.\n|\n|win|Sazandoramx\n|raw|BattleBlazikenVGC's rating: 1581 &rarr; <strong>1561<\/strong><br \/>(-20 for losing)\n|raw|Sazandoramx's rating: 1588 &rarr; <strong>1608<\/strong><br \/>(+20 for winning)\n|l|\u2606BattleBlazikenVGC\n|player|p1|\n|l| generalursus\n|l|\u2606Sazandoramx\n|player|p2|\n|l| Paradox Mourinho\n|j|\u2606Sazandoramx\n|player|p2|Sazandoramx|2|\n|l|\u2606Sazandoramx\n|player|p2|\n","uploadtime":1736393937,"views":274,"formatid":"gen9vgc2025regg","rating":1561,"private":0,"password":null}