{"id":"gen9vgc2025regg-2277645891","format":"[Gen 9] VGC 2025 Reg G","players":["BattleBlazikenVGC","Elvegis1"],"log":"|j|\u2606BattleBlazikenVGC\n|j|\u2606Elvegis1\n|t:|1736392002\n|gametype|doubles\n|player|p1|BattleBlazikenVGC|ltsurge|1511\n|player|p2|Elvegis1|lucas|1673\n|teamsize|p1|6\n|teamsize|p2|6\n|gen|9\n|tier|[Gen 9] VGC 2025 Reg G\n|rated|\n|rule|Species Clause: Limit one of each Pok\u00e9mon\n|rule|Item Clause: Limit 1 of each item\n|clearpoke\n|poke|p1|Kyogre, L50|\n|poke|p1|Incineroar, L50, F|\n|poke|p1|Wo-Chien, L50|\n|poke|p1|Grimmsnarl, L50, M|\n|poke|p1|Urshifu-*, L50, M|\n|poke|p1|Landorus, L50, M|\n|poke|p2|Incineroar, L50, M|\n|poke|p2|Amoonguss, L50, F|\n|poke|p2|Grimmsnarl, L50, M|\n|poke|p2|Urshifu-*, L50, M|\n|poke|p2|Tornadus, L50, M|\n|poke|p2|Kyogre, L50|\n|teampreview|4\n|inactive|Battle timer is ON: inactive players will automatically lose when time's up. (requested by Elvegis1)\n|inactive|BattleBlazikenVGC has 60 seconds left.\n|inactive|BattleBlazikenVGC has 30 seconds left.\n|inactive|BattleBlazikenVGC has 20 seconds left.\n|inactive|BattleBlazikenVGC has 15 seconds left.\n|inactive|BattleBlazikenVGC has 10 seconds left.\n|\n|t:|1736392088\n|start\n|switch|p1a: Kyogre|Kyogre, L50|100\/100\n|switch|p1b: Grimmsnarl|Grimmsnarl, L50, M|100\/100\n|switch|p2a: Kyogre|Kyogre, L50|100\/100\n|switch|p2b: Grimmsnarl|Grimmsnarl, L50, M|100\/100\n|-weather|RainDance|[from] ability: Drizzle|[of] p2a: Kyogre\n|turn|1\n|\n|t:|1736392102\n|move|p2b: Grimmsnarl|Thunder Wave|p1a: Kyogre\n|-status|p1a: Kyogre|par\n|move|p1b: Grimmsnarl|Light Screen|p1b: Grimmsnarl\n|-sidestart|p1: BattleBlazikenVGC|move: Light Screen\n|move|p2a: Kyogre|Calm Mind|p2a: Kyogre\n|-boost|p2a: Kyogre|spa|1\n|-boost|p2a: Kyogre|spd|1\n|move|p1a: Kyogre|Water Spout|p2a: Kyogre|[spread] p2a,p2b\n|-resisted|p2a: Kyogre\n|-damage|p2a: Kyogre|80\/100\n|-damage|p2b: Grimmsnarl|16\/100\n|\n|-weather|RainDance|[upkeep]\n|-heal|p2a: Kyogre|86\/100|[from] item: Leftovers\n|upkeep\n|turn|2\n|\n|t:|1736392120\n|move|p2b: Grimmsnarl|Light Screen|p2b: Grimmsnarl\n|-sidestart|p2: Elvegis1|move: Light Screen\n|move|p1b: Grimmsnarl|Thunder Wave|p2a: Kyogre\n|-status|p2a: Kyogre|par\n|move|p2a: Kyogre|Water Spout|p1b: Grimmsnarl|[spread] p1a,p1b\n|-resisted|p1a: Kyogre\n|-damage|p1a: Kyogre|82\/100 par\n|-damage|p1b: Grimmsnarl|23\/100\n|move|p1a: Kyogre|Origin Pulse|p2b: Grimmsnarl|[spread] p2a,p2b\n|-resisted|p2a: Kyogre\n|-damage|p2a: Kyogre|75\/100 par\n|-damage|p2b: Grimmsnarl|0 fnt\n|faint|p2b: Grimmsnarl\n|\n|-weather|RainDance|[upkeep]\n|-heal|p2a: Kyogre|81\/100 par|[from] item: Leftovers\n|upkeep\n|\n|t:|1736392138\n|switch|p2b: Amoonguss|Amoonguss, L50, F|100\/100\n|turn|3\n|\n|t:|1736392145\n|move|p2b: Amoonguss|Protect|p2b: Amoonguss\n|-singleturn|p2b: Amoonguss|Protect\n|move|p1b: Grimmsnarl|Spirit Break|p2a: Kyogre\n|-damage|p2a: Kyogre|53\/100 par\n|-unboost|p2a: Kyogre|spa|1\n|cant|p2a: Kyogre|par\n|move|p1a: Kyogre|Thunder|p2a: Kyogre\n|-supereffective|p2a: Kyogre\n|-damage|p2a: Kyogre|28\/100 par\n|\n|-weather|RainDance|[upkeep]\n|-heal|p2a: Kyogre|34\/100 par|[from] item: Leftovers\n|upkeep\n|turn|4\n|\n|t:|1736392167\n|move|p2a: Kyogre|Protect|p2a: Kyogre\n|-singleturn|p2a: Kyogre|Protect\n|move|p1b: Grimmsnarl|Reflect|p1b: Grimmsnarl\n|-sidestart|p1: BattleBlazikenVGC|Reflect\n|move|p1a: Kyogre|Water Spout|p2b: Amoonguss|[spread] p2b\n|-activate|p2a: Kyogre|move: Protect\n|-resisted|p2b: Amoonguss\n|-damage|p2b: Amoonguss|76\/100\n|move|p2b: Amoonguss|Spore|p1b: Grimmsnarl\n|-status|p1b: Grimmsnarl|slp|[from] move: Spore\n|\n|-weather|RainDance|[upkeep]\n|-heal|p2a: Kyogre|40\/100 par|[from] item: Leftovers\n|upkeep\n|turn|5\n|\n|t:|1736392184\n|-terastallize|p2a: Kyogre|Grass\n|cant|p1b: Grimmsnarl|slp\n|move|p2a: Kyogre|Calm Mind|p2a: Kyogre\n|-boost|p2a: Kyogre|spa|1\n|-boost|p2a: Kyogre|spd|1\n|move|p1a: Kyogre|Ice Beam|p2b: Amoonguss\n|-supereffective|p2b: Amoonguss\n|-damage|p2b: Amoonguss|33\/100\n|move|p2b: Amoonguss|Pollen Puff|p2a: Kyogre\n|-heal|p2a: Kyogre|90\/100 par\n|\n|-weather|none\n|-heal|p2a: Kyogre|96\/100 par|[from] item: Leftovers\n|upkeep\n|turn|6\n|j| notverygood3\n|\n|t:|1736392200\n|switch|p2b: Tornadus|Tornadus, L50, M|100\/100\n|-curestatus|p1b: Grimmsnarl|slp|[msg]\n|move|p1b: Grimmsnarl|Spirit Break|p2a: Kyogre\n|-damage|p2a: Kyogre|69\/100 par\n|-unboost|p2a: Kyogre|spa|1\n|move|p2a: Kyogre|Water Spout|p1b: Grimmsnarl|[spread] p1a,p1b\n|-resisted|p1a: Kyogre\n|-crit|p1b: Grimmsnarl\n|-damage|p1a: Kyogre|76\/100 par\n|-damage|p1b: Grimmsnarl|0 fnt\n|faint|p1b: Grimmsnarl\n|move|p1a: Kyogre|Ice Beam|p2b: Tornadus\n|-supereffective|p2b: Tornadus\n|-damage|p2b: Tornadus|47\/100\n|\n|-heal|p2a: Kyogre|75\/100 par|[from] item: Leftovers\n|upkeep\n|\n|t:|1736392216\n|switch|p1b: Landorus|Landorus, L50, M|100\/100\n|turn|7\n|\n|t:|1736392227\n|-terastallize|p1b: Landorus|Poison\n|move|p2b: Tornadus|Protect|p2b: Tornadus\n|-singleturn|p2b: Tornadus|Protect\n|move|p1b: Landorus|Sludge Bomb|p2a: Kyogre\n|-supereffective|p2a: Kyogre\n|-damage|p2a: Kyogre|44\/100 par\n|move|p2a: Kyogre|Water Spout|p1a: Kyogre|[spread] p1a,p1b\n|-resisted|p1a: Kyogre\n|-damage|p1a: Kyogre|72\/100 par\n|-damage|p1b: Landorus|78\/100\n|move|p1a: Kyogre|Ice Beam|p2b: Tornadus\n|-activate|p2b: Tornadus|move: Protect\n|\n|-heal|p2a: Kyogre|50\/100 par|[from] item: Leftovers\n|upkeep\n|turn|8\n|l| notverygood3\n|\n|t:|1736392250\n|move|p2b: Tornadus|Bleakwind Storm|p1b: Landorus|[spread] p1a,p1b\n|-damage|p1a: Kyogre|63\/100 par\n|-damage|p1b: Landorus|52\/100\n|move|p1b: Landorus|Sludge Bomb|p2a: Kyogre\n|-supereffective|p2a: Kyogre\n|-damage|p2a: Kyogre|16\/100 par\n|cant|p2a: Kyogre|par\n|move|p1a: Kyogre|Ice Beam|p2a: Kyogre\n|-supereffective|p2a: Kyogre\n|-damage|p2a: Kyogre|0 fnt\n|faint|p2a: Kyogre\n|\n|-sideend|p1: BattleBlazikenVGC|move: Light Screen\n|upkeep\n|\n|t:|1736392259\n|switch|p2a: Amoonguss|Amoonguss, L50, F|66\/100\n|turn|9\n|\n|t:|1736392269\n|move|p2b: Tornadus|Protect|p2b: Tornadus\n|-singleturn|p2b: Tornadus|Protect\n|move|p1b: Landorus|Sludge Bomb|p2b: Tornadus\n|-activate|p2b: Tornadus|move: Protect\n|cant|p1a: Kyogre|par\n|move|p2a: Amoonguss|Spore|p1b: Landorus\n|-status|p1b: Landorus|slp|[from] move: Spore\n|\n|-sideend|p2: Elvegis1|move: Light Screen\n|upkeep\n|turn|10\n|\n|t:|1736392280\n|move|p2b: Tornadus|Bleakwind Storm|p1b: Landorus|[spread] p1a,p1b\n|-damage|p1a: Kyogre|50\/100 par\n|-damage|p1b: Landorus|11\/100 slp\n|-unboost|p1b: Landorus|spe|1\n|cant|p1b: Landorus|slp\n|move|p1a: Kyogre|Ice Beam|p2a: Amoonguss\n|-supereffective|p2a: Amoonguss\n|-damage|p2a: Amoonguss|0 fnt\n|faint|p2a: Amoonguss\n|\n|upkeep\n|turn|11\n|\n|t:|1736392289\n|move|p2b: Tornadus|Bleakwind Storm|p1b: Landorus|[spread] p1a,p1b\n|-damage|p1a: Kyogre|35\/100 par\n|-damage|p1b: Landorus|0 fnt\n|faint|p1b: Landorus\n|move|p1a: Kyogre|Ice Beam|p2b: Tornadus\n|-supereffective|p2b: Tornadus\n|-damage|p2b: Tornadus|0 fnt\n|faint|p2b: Tornadus\n|\n|win|BattleBlazikenVGC\n|raw|BattleBlazikenVGC's rating: 1511 &rarr; <strong>1540<\/strong><br \/>(+29 for winning)\n|raw|Elvegis1's rating: 1673 &rarr; <strong>1644<\/strong><br \/>(-29 for losing)\n|l|\u2606Elvegis1\n|player|p2|\n|l|\u2606BattleBlazikenVGC\n|player|p1|\n","uploadtime":1736392292,"views":8,"formatid":"gen9vgc2025regg","rating":1540,"private":0,"password":null}