{"id":"gen9vgc2025regg-2277244736","format":"[Gen 9] VGC 2025 Reg G","players":["Beccca","RomanTogepi"],"log":"|j|\u2606Beccca\n|j|\u2606RomanTogepi\n|t:|1736345214\n|gametype|doubles\n|player|p1|Beccca|1|1617\n|player|p2|RomanTogepi|265|1711\n|teamsize|p1|6\n|teamsize|p2|6\n|gen|9\n|tier|[Gen 9] VGC 2025 Reg G\n|rated|\n|rule|Species Clause: Limit one of each Pok\u00e9mon\n|rule|Item Clause: Limit 1 of each item\n|clearpoke\n|poke|p1|Miraidon, L50|\n|poke|p1|Farigiraf, L50, M|\n|poke|p1|Ogerpon-Hearthflame, L50, F|\n|poke|p1|Urshifu-*, L50, M|\n|poke|p1|Iron Hands, L50|\n|poke|p1|Whimsicott, L50, M|\n|poke|p2|Scream Tail, L50|\n|poke|p2|Terapagos, L50, M|\n|poke|p2|Incineroar, L50, F|\n|poke|p2|Rillaboom, L50, M|\n|poke|p2|Grimmsnarl, L50, M|\n|poke|p2|Ogerpon-Wellspring, L50, F|\n|teampreview|4\n|inactive|Battle timer is ON: inactive players will automatically lose when time's up. (requested by RomanTogepi)\nRomanTogepi rejected open team sheets.\n|inactive|Beccca has 60 seconds left.\n|\n|t:|1736345295\n|start\n|switch|p1a: Miraidon|Miraidon, L50|100\/100\n|switch|p1b: Farigiraf|Farigiraf, L50, M|100\/100\n|switch|p2a: Terapagos|Terapagos, L50, M|100\/100\n|switch|p2b: Grimmsnarl|Grimmsnarl, L50, M, shiny|100\/100\n|-activate|p2a: Terapagos|ability: Tera Shift\n|detailschange|p2a: Terapagos|Terapagos-Terastal, L50, M\n|-heal|p2a: Terapagos|100\/100|[silent]\n|-fieldstart|move: Electric Terrain|[from] ability: Hadron Engine|[of] p1a: Miraidon\n|-enditem|p1b: Farigiraf|Electric Seed\n|-boost|p1b: Farigiraf|def|1|[from] item: Electric Seed\n|turn|1\n|j| brrkz\n|\n|t:|1736345317\n|move|p2b: Grimmsnarl|Light Screen|p2b: Grimmsnarl\n|-sidestart|p2: RomanTogepi|move: Light Screen\n|move|p1a: Miraidon|Dazzling Gleam|p2a: Terapagos|[spread] p2a,p2b\n|-activate|p2a: Terapagos|ability: Tera Shell\n|-resisted|p2a: Terapagos\n|-supereffective|p2b: Grimmsnarl\n|-damage|p2a: Terapagos|89\/100\n|-damage|p2b: Grimmsnarl|47\/100\n|move|p2a: Terapagos|Calm Mind|p2a: Terapagos\n|-boost|p2a: Terapagos|spa|1\n|-boost|p2a: Terapagos|spd|1\n|move|p1b: Farigiraf|Psychic Noise|p2a: Terapagos\n|-damage|p2a: Terapagos|79\/100\n|-start|p2a: Terapagos|move: Heal Block\n|\n|upkeep\n|turn|2\n|\n|t:|1736345337\n|-terastallize|p2a: Terapagos|Stellar\n|detailschange|p2a: Terapagos|Terapagos-Stellar, L50, M, tera:Stellar\n|-heal|p2a: Terapagos|84\/100|[silent]\n|-ability|p2a: Terapagos|Teraform Zero\n|-fieldend|move: Electric Terrain\n|move|p1b: Farigiraf|Helping Hand|p1a: Miraidon\n|-singleturn|p1a: Miraidon|Helping Hand|[of] p1b: Farigiraf\n|move|p2b: Grimmsnarl|Reflect|p2b: Grimmsnarl\n|-sidestart|p2: RomanTogepi|Reflect\n|move|p1a: Miraidon|Dazzling Gleam|p2b: Grimmsnarl|[spread] p2a,p2b\n|-supereffective|p2b: Grimmsnarl\n|-damage|p2a: Terapagos|72\/100\n|-damage|p2b: Grimmsnarl|0 fnt\n|faint|p2b: Grimmsnarl\n|move|p2a: Terapagos|Tera Starstorm|p1b: Farigiraf|[spread] p1a,p1b\n|-damage|p1a: Miraidon|45\/100\n|-damage|p1b: Farigiraf|59\/100\n|\n|-end|p2a: Terapagos|move: Heal Block\n|upkeep\n|\n|t:|1736345348\n|switch|p2b: Scream Tail|Scream Tail, L50, shiny|100\/100\n|-enditem|p2b: Scream Tail|Booster Energy\n|-activate|p2b: Scream Tail|ability: Protosynthesis|[fromitem]\n|-start|p2b: Scream Tail|protosynthesisspe\n|turn|3\n|\n|t:|1736345362\n|move|p2b: Scream Tail|Dazzling Gleam|p1a: Miraidon|[spread] p1a,p1b\n|-supereffective|p1a: Miraidon\n|-damage|p1a: Miraidon|20\/100\n|-damage|p1b: Farigiraf|48\/100\n|move|p1a: Miraidon|Dazzling Gleam|p2a: Terapagos|[spread] p2a,p2b\n|-damage|p2a: Terapagos|65\/100\n|-damage|p2b: Scream Tail|86\/100\n|move|p2a: Terapagos|Tera Starstorm|p1a: Miraidon|[spread] p1a,p1b\n|-damage|p1a: Miraidon|0 fnt\n|-damage|p1b: Farigiraf|0 fnt\n|faint|p1a: Miraidon\n|faint|p1b: Farigiraf\n|\n|-heal|p2a: Terapagos|71\/100|[from] item: Leftovers\n|upkeep\n|\n|t:|1736345382\n|switch|p1a: Urshifu|Urshifu-Rapid-Strike, L50, M|100\/100\n|switch|p1b: Iron Hands|Iron Hands, L50|100\/100\n|turn|4\n|\n|t:|1736345401\n|-terastallize|p1a: Urshifu|Stellar\n|move|p1b: Iron Hands|Fake Out|p2a: Terapagos\n|-crit|p2a: Terapagos\n|-damage|p2a: Terapagos|56\/100\n|move|p2b: Scream Tail|Dazzling Gleam|p1b: Iron Hands|[spread] p1a,p1b\n|-supereffective|p1a: Urshifu\n|-supereffective|p1b: Iron Hands\n|-damage|p1a: Urshifu|55\/100\n|-damage|p1b: Iron Hands|87\/100\n|move|p1a: Urshifu|Surging Strikes|p2a: Terapagos\n|-crit|p2a: Terapagos\n|-damage|p2a: Terapagos|38\/100\n|-crit|p2a: Terapagos\n|-damage|p2a: Terapagos|20\/100\n|-crit|p2a: Terapagos\n|-damage|p2a: Terapagos|1\/100\n|-hitcount|p2a: Terapagos|3\n|cant|p2a: Terapagos|flinch\n|\n|-heal|p2a: Terapagos|7\/100|[from] item: Leftovers\n|upkeep\n|turn|5\n|inactive|Beccca has 30 seconds left.\n|inactive|Beccca has 20 seconds left.\n|inactive|Beccca has 15 seconds left.\n|inactive|Beccca has 10 seconds left.\n|\n|t:|1736345449\n|move|p1a: Urshifu|Aqua Jet|p2a: Terapagos\n|-damage|p2a: Terapagos|0 fnt\n|faint|p2a: Terapagos\n|move|p2b: Scream Tail|Encore|p1b: Iron Hands\n|-start|p1b: Iron Hands|Encore\n|move|p1b: Iron Hands|Fake Out||[still]\n|-hint|Fake Out only works on your first turn out.\n|-fail|p1b: Iron Hands\n|\n|upkeep\n|\n|t:|1736345452\n|switch|p2a: Rillaboom|Rillaboom, L50, M|100\/100\n|-fieldstart|move: Grassy Terrain|[from] ability: Grassy Surge|[of] p2a: Rillaboom\n|turn|6\n|c|\u2606RomanTogepi|Gg\n|-message|Beccca forfeited.\n|\n|win|RomanTogepi\n|raw|Beccca's rating: 1617 &rarr; <strong>1602<\/strong><br \/>(-15 for losing)\n|raw|RomanTogepi's rating: 1711 &rarr; <strong>1726<\/strong><br \/>(+15 for winning)\n|l|\u2606Beccca\n|player|p1|\n|l| brrkz\n|l|\u2606RomanTogepi\n|player|p2|\n","uploadtime":1736345735,"views":289,"formatid":"gen9vgc2025regg","rating":1602,"private":0,"password":null}