{"id":"gen9vgc2025regg-2277792275","format":"[Gen 9] VGC 2025 Reg G","players":["nezuko fresh leg","lichuweijixi"],"log":"|j|\u2606nezuko fresh leg\n|j|\u2606lichuweijixi\n|t:|1736418734\n|gametype|doubles\n|player|p1|nezuko fresh leg|tuberf|1633\n|player|p2|lichuweijixi|265|1506\n|teamsize|p1|6\n|teamsize|p2|6\n|gen|9\n|tier|[Gen 9] VGC 2025 Reg G\n|rated|\n|rule|Species Clause: Limit one of each Pok\u00e9mon\n|rule|Item Clause: Limit 1 of each item\n|clearpoke\n|poke|p1|Whimsicott, L50, F|\n|poke|p1|Indeedee-F, L50, F|\n|poke|p1|Calyrex-Shadow, L50|\n|poke|p1|Urshifu-*, L50, F|\n|poke|p1|Chi-Yu, L50|\n|poke|p1|Ursaluna, L50, M|\n|poke|p2|Calyrex-Ice, L50|\n|poke|p2|Smeargle, L50, M|\n|poke|p2|Annihilape, L50, M|\n|poke|p2|Urshifu-*, L50, M|\n|poke|p2|Ursaluna-Bloodmoon, L50, M|\n|poke|p2|Ogerpon-Wellspring, L50, F|\n|teampreview|4\nnezuko fresh leg has agreed to open team sheets.\n|inactive|Battle timer is ON: inactive players will automatically lose when time's up. (requested by nezuko fresh leg)\n|\n|t:|1736418767\n|start\n|switch|p1a: Whimsicott|Whimsicott, L50, F|100\/100\n|switch|p1b: Urshifu|Urshifu-Rapid-Strike, L50, F|100\/100\n|switch|p2a: Ogerpon|Ogerpon-Wellspring, L50, F|100\/100\n|switch|p2b: Calyrex|Calyrex-Ice, L50|100\/100\n|-ability|p2b: Calyrex|As One\n|-ability|p2b: Calyrex|Unnerve\n|turn|1\n|\n|t:|1736418782\n|move|p2a: Ogerpon|Follow Me|p2a: Ogerpon\n|-singleturn|p2a: Ogerpon|move: Follow Me\n|move|p1a: Whimsicott|Taunt|p2a: Ogerpon\n|-start|p2a: Ogerpon|move: Taunt\n|move|p1b: Urshifu|Close Combat|p2a: Ogerpon\n|-damage|p2a: Ogerpon|29\/100\n|-unboost|p1b: Urshifu|def|1\n|-unboost|p1b: Urshifu|spd|1\n|move|p2b: Calyrex|Trick Room|p2b: Calyrex\n|-fieldstart|move: Trick Room|[of] p2b: Calyrex\n|\n|upkeep\n|turn|2\n|inactive|nezuko fresh leg has 30 seconds left.\n|inactive|nezuko fresh leg has 20 seconds left.\n|\n|t:|1736418820\n|switch|p2b: Smeargle|Smeargle, L50, M|100\/100\n|move|p2a: Ogerpon|Ivy Cudgel|p1a: Whimsicott|[anim] Ivy Cudgel Water\n|-resisted|p1a: Whimsicott\n|-damage|p1a: Whimsicott|69\/100\n|move|p1b: Urshifu|Surging Strikes|p2b: Smeargle\n|-crit|p2b: Smeargle\n|-damage|p2b: Smeargle|65\/100\n|-crit|p2b: Smeargle\n|-damage|p2b: Smeargle|32\/100\n|-crit|p2b: Smeargle\n|-damage|p2b: Smeargle|0 fnt\n|faint|p2b: Smeargle\n|-hitcount|p2: Smeargle|3\n|move|p1a: Whimsicott|Dazzling Gleam|p2a: Ogerpon\n|-damage|p2a: Ogerpon|9\/100\n|\n|upkeep\n|\n|t:|1736418827\n|switch|p2b: Calyrex|Calyrex-Ice, L50|100\/100\n|-ability|p2b: Calyrex|As One\n|-ability|p2b: Calyrex|Unnerve\n|turn|3\n|\n|t:|1736418836\n|-terastallize|p1a: Whimsicott|Steel\n|move|p1b: Urshifu|Protect|p1b: Urshifu\n|-singleturn|p1b: Urshifu|Protect\n|move|p2b: Calyrex|Glacial Lance|p1a: Whimsicott|[spread] p1a\n|-activate|p1b: Urshifu|move: Protect\n|-resisted|p1a: Whimsicott\n|-damage|p1a: Whimsicott|33\/100\n|move|p2a: Ogerpon|Ivy Cudgel|p1b: Urshifu|[anim] Ivy Cudgel Water\n|-activate|p1b: Urshifu|move: Protect\n|move|p1a: Whimsicott|Dazzling Gleam|p2b: Calyrex|[spread] p2a,p2b\n|-damage|p2a: Ogerpon|0 fnt\n|-damage|p2b: Calyrex|90\/100\n|faint|p2a: Ogerpon\n|\n|upkeep\n|\n|t:|1736418838\n|switch|p2a: Ursaluna|Ursaluna-Bloodmoon, L50, M|100\/100\n|turn|4\n|inactive|nezuko fresh leg has 30 seconds left.\n|\n|t:|1736418866\n|move|p1b: Urshifu|Aqua Jet|p2a: Ursaluna\n|-supereffective|p2a: Ursaluna\n|-damage|p2a: Ursaluna|56\/100\n|move|p2a: Ursaluna|Hyper Voice|p1b: Urshifu|[spread] p1a,p1b\n|-resisted|p1a: Whimsicott\n|-damage|p1a: Whimsicott|0 fnt\n|-damage|p1b: Urshifu|0 fnt\n|faint|p1a: Whimsicott\n|faint|p1b: Urshifu\n|-damage|p2a: Ursaluna|47\/100|[from] item: Life Orb\n|move|p2b: Calyrex|Glacial Lance|p1: Whimsicott|[notarget]\n|-fail|p2b: Calyrex\n|\n|upkeep\n|\n|t:|1736418871\n|switch|p1b: \u60e1\u718a\u5669\u5922|Indeedee-F, L50, F|100\/100\n|switch|p1a: Calyrex|Calyrex-Shadow, L50|100\/100\n|-ability|p1a: Calyrex|As One\n|-ability|p1a: Calyrex|Unnerve\n|-fieldstart|move: Psychic Terrain|[from] ability: Psychic Surge|[of] p1b: \u60e1\u718a\u5669\u5922\n|turn|5\n|\n|t:|1736418882\n|move|p1a: Calyrex|Protect|p1a: Calyrex\n|-singleturn|p1a: Calyrex|Protect\n|move|p2a: Ursaluna|Hyper Voice|p1b: \u60e1\u718a\u5669\u5922|[spread] p1b\n|-activate|p1a: Calyrex|move: Protect\n|-damage|p1b: \u60e1\u718a\u5669\u5922|54\/100\n|-damage|p2a: Ursaluna|37\/100|[from] item: Life Orb\n|move|p2b: Calyrex|Glacial Lance|p1b: \u60e1\u718a\u5669\u5922|[spread] p1b\n|-activate|p1a: Calyrex|move: Protect\n|-damage|p1b: \u60e1\u718a\u5669\u5922|0 fnt\n|faint|p1b: \u60e1\u718a\u5669\u5922\n|-ability|p2b: Calyrex|Chilling Neigh|boost\n|-boost|p2b: Calyrex|atk|1\n|\n|-fieldend|move: Trick Room\n|upkeep\n|turn|6\n|\n|t:|1736418895\n|-terastallize|p2b: Calyrex|Water\n|move|p1a: Calyrex|Astral Barrage|p2b: Calyrex|[spread] p2b\n|-immune|p2a: Ursaluna\n|-damage|p2b: Calyrex|50\/100\n|move|p2a: Ursaluna|Blood Moon|p1a: Calyrex\n|-enditem|p1a: Calyrex|Focus Sash\n|-damage|p1a: Calyrex|1\/100\n|-damage|p2a: Ursaluna|28\/100|[from] item: Life Orb\n|move|p2b: Calyrex|Trick Room|p2b: Calyrex\n|-fieldstart|move: Trick Room|[of] p2b: Calyrex\n|\n|upkeep\n|turn|7\n|-message|nezuko fresh leg forfeited.\n|\n|win|lichuweijixi\n|raw|nezuko fresh leg's rating: 1633 &rarr; <strong>1606<\/strong><br \/>(-27 for losing)\n|raw|lichuweijixi's rating: 1506 &rarr; <strong>1533<\/strong><br \/>(+27 for winning)\n|l|\u2606nezuko fresh leg\n|player|p1|\n|l|\u2606lichuweijixi\n|player|p2|\n","uploadtime":1736419150,"views":279,"formatid":"gen9vgc2025regg","rating":1533,"private":0,"password":null}