{"id":"gen9vgc2025regg-2277288181","format":"[Gen 9] VGC 2025 Reg G","players":["BigSalta","Bef6"],"log":"|j|\u2606BigSalta\n|j|\u2606Bef6\n|t:|1736350407\n|gametype|doubles\n|player|p1|BigSalta|cynthia|1577\n|player|p2|Bef6|lucas|1695\n|teamsize|p1|6\n|teamsize|p2|6\n|gen|9\n|tier|[Gen 9] VGC 2025 Reg G\n|rated|\n|rule|Species Clause: Limit one of each Pok\u00e9mon\n|rule|Item Clause: Limit 1 of each item\n|clearpoke\n|poke|p1|Incineroar, L50, F|\n|poke|p1|Urshifu-*, L50, F|\n|poke|p1|Kyogre, L50|\n|poke|p1|Rillaboom, L50, M|\n|poke|p1|Roaring Moon, L50|\n|poke|p1|Amoonguss, L50, F|\n|poke|p2|Terapagos, L50, M|\n|poke|p2|Grimmsnarl, L50, M|\n|poke|p2|Ogerpon-Hearthflame, L50, F|\n|poke|p2|Urshifu-*, L50, F|\n|poke|p2|Landorus-Therian, L50, M|\n|poke|p2|Raging Bolt, L50|\n|teampreview|4\n|\n|t:|1736350433\n|start\n|switch|p1a: Kyogre|Kyogre, L50|100\/100\n|switch|p1b: Amoonguss|Amoonguss, L50, F|100\/100\n|switch|p2a: Raging Bolt|Raging Bolt, L50|100\/100\n|switch|p2b: Urshifu|Urshifu-Rapid-Strike, L50, F|100\/100\n|-weather|RainDance|[from] ability: Drizzle|[of] p1a: Kyogre\n|turn|1\n|\n|t:|1736350446\n|move|p1b: Amoonguss|Rage Powder|p1b: Amoonguss\n|-singleturn|p1b: Amoonguss|move: Rage Powder\n|move|p2b: Urshifu|Close Combat|p1b: Amoonguss\n|-resisted|p1b: Amoonguss\n|-damage|p1b: Amoonguss|73\/100\n|-unboost|p2b: Urshifu|def|1\n|-unboost|p2b: Urshifu|spd|1\n|-damage|p2b: Urshifu|84\/100|[from] item: Rocky Helmet|[of] p1b: Amoonguss\n|move|p2a: Raging Bolt|Draco Meteor|p1b: Amoonguss\n|-damage|p1b: Amoonguss|0 fnt\n|-unboost|p2a: Raging Bolt|spa|2\n|faint|p1b: Amoonguss\n|-damage|p2a: Raging Bolt|91\/100|[from] item: Life Orb\n|move|p1a: Kyogre|Calm Mind|p1a: Kyogre\n|-boost|p1a: Kyogre|spa|1\n|-boost|p1a: Kyogre|spd|1\n|\n|-weather|RainDance|[upkeep]\n|upkeep\n|\n|t:|1736350458\n|switch|p1b: Roaring Moon|Roaring Moon, L50|100\/100\n|-enditem|p1b: Roaring Moon|Booster Energy\n|-activate|p1b: Roaring Moon|ability: Protosynthesis|[fromitem]\n|-start|p1b: Roaring Moon|protosynthesisspe\n|turn|2\n|\n|t:|1736350472\n|-end|p2a: Raging Bolt|Protosynthesis|[silent]\n|switch|p2a: Terapagos|Terapagos, L50, M|100\/100\n|-activate|p2a: Terapagos|ability: Tera Shift\n|detailschange|p2a: Terapagos|Terapagos-Terastal, L50, M\n|-heal|p2a: Terapagos|100\/100|[silent]\n|move|p1b: Roaring Moon|Tailwind|p1b: Roaring Moon\n|-sidestart|p1: BigSalta|move: Tailwind\n|move|p1a: Kyogre|Origin Pulse|p2b: Urshifu|[spread] p2a,p2b\n|-activate|p2a: Terapagos|ability: Tera Shell\n|-resisted|p2a: Terapagos\n|-resisted|p2b: Urshifu\n|-damage|p2a: Terapagos|46\/100\n|-damage|p2b: Urshifu|0 fnt\n|faint|p2b: Urshifu\n|\n|-weather|RainDance|[upkeep]\n|upkeep\n|\n|t:|1736350484\n|switch|p2b: Ogerpon|Ogerpon-Hearthflame, L50, F|100\/100\n|-ability|p2b: Ogerpon|Mold Breaker\n|turn|3\n|\n|t:|1736350503\n|-terastallize|p2a: Terapagos|Stellar\n|detailschange|p2a: Terapagos|Terapagos-Stellar, L50, M, tera:Stellar\n|-heal|p2a: Terapagos|61\/100|[silent]\n|-ability|p2a: Terapagos|Teraform Zero\n|-weather|none\n|move|p1b: Roaring Moon|Knock Off|p2a: Terapagos\n|-damage|p2a: Terapagos|26\/100\n|-enditem|p2a: Terapagos|Choice Specs|[from] move: Knock Off|[of] p1b: Roaring Moon\n|move|p1a: Kyogre|Origin Pulse|p2a: Terapagos|[spread] p2b\n|-miss|p1a: Kyogre|p2a: Terapagos\n|-damage|p2b: Ogerpon|37\/100\n|move|p2a: Terapagos|Tera Starstorm|p1b: Roaring Moon|[spread] p1a,p1b\n|-damage|p1a: Kyogre|85\/100\n|-damage|p1b: Roaring Moon|66\/100\n|move|p2b: Ogerpon|Horn Leech|p1a: Kyogre\n|-supereffective|p1a: Kyogre\n|-damage|p1a: Kyogre|19\/100\n|-heal|p2b: Ogerpon|73\/100|[from] drain|[of] p1a: Kyogre\n|\n|-heal|p1a: Kyogre|25\/100|[from] item: Leftovers\n|upkeep\n|turn|4\n|\n|t:|1736350533\n|move|p2b: Ogerpon|Spiky Shield|p2b: Ogerpon\n|-singleturn|p2b: Ogerpon|move: Protect\n|move|p1b: Roaring Moon|Acrobatics|p2b: Ogerpon\n|-activate|p2b: Ogerpon|move: Protect\n|-damage|p1b: Roaring Moon|53\/100|[from] Spiky Shield|[of] p2b: Ogerpon\n|move|p1a: Kyogre|Origin Pulse|p2b: Ogerpon|[spread] \n|-activate|p2b: Ogerpon|move: Protect\n|-miss|p1a: Kyogre|p2a: Terapagos\n|move|p2a: Terapagos|Tera Starstorm|p1a: Kyogre|[spread] p1a,p1b\n|-damage|p1a: Kyogre|7\/100\n|-damage|p1b: Roaring Moon|22\/100\n|\n|-heal|p1a: Kyogre|13\/100|[from] item: Leftovers\n|upkeep\n|turn|5\n|\n|t:|1736350549\n|switch|p2b: Raging Bolt|Raging Bolt, L50|91\/100\n|move|p1b: Roaring Moon|Acrobatics|p2b: Raging Bolt\n|-resisted|p2b: Raging Bolt\n|-damage|p2b: Raging Bolt|74\/100\n|move|p1a: Kyogre|Origin Pulse|p2b: Raging Bolt|[spread] p2a,p2b\n|-resisted|p2b: Raging Bolt\n|-damage|p2a: Terapagos|0 fnt\n|-damage|p2b: Raging Bolt|42\/100\n|faint|p2a: Terapagos\n|\n|-heal|p1a: Kyogre|19\/100|[from] item: Leftovers\n|-sideend|p1: BigSalta|move: Tailwind\n|upkeep\n|\n|t:|1736350559\n|switch|p2a: Ogerpon|Ogerpon-Hearthflame, L50, F|73\/100\n|-ability|p2a: Ogerpon|Mold Breaker\n|turn|6\n|j| brrkz\n|\n|t:|1736350573\n|move|p1b: Roaring Moon|Protect|p1b: Roaring Moon\n|-singleturn|p1b: Roaring Moon|Protect\n|move|p2b: Raging Bolt|Protect|p2b: Raging Bolt\n|-singleturn|p2b: Raging Bolt|Protect\n|move|p1a: Kyogre|Protect|p1a: Kyogre\n|-singleturn|p1a: Kyogre|Protect\n|move|p2a: Ogerpon|Ivy Cudgel|p1a: Kyogre|[anim] Ivy Cudgel Fire\n|-activate|p1a: Kyogre|move: Protect\n|\n|-heal|p1a: Kyogre|25\/100|[from] item: Leftovers\n|upkeep\n|turn|7\n|j| sam smithy\n|\n|t:|1736350600\n|-terastallize|p1a: Kyogre|Grass\n|move|p2b: Raging Bolt|Protect||[still]\n|-fail|p2b: Raging Bolt\n|move|p1b: Roaring Moon|Tailwind|p1b: Roaring Moon\n|-sidestart|p1: BigSalta|move: Tailwind\n|move|p1a: Kyogre|Ice Beam|p2b: Raging Bolt\n|-supereffective|p2b: Raging Bolt\n|-damage|p2b: Raging Bolt|0 fnt\n|faint|p2b: Raging Bolt\n|-end|p2b: Raging Bolt|Protosynthesis|[silent]\n|move|p2a: Ogerpon|Ivy Cudgel|p1a: Kyogre|[anim] Ivy Cudgel Fire\n|-supereffective|p1a: Kyogre\n|-damage|p1a: Kyogre|0 fnt\n|faint|p1a: Kyogre\n|\n|upkeep\n|\n|t:|1736350608\n|switch|p1a: Urshifu|Urshifu-Rapid-Strike, L50, F|100\/100\n|turn|8\n|-message|Bef6 forfeited.\n|\n|win|BigSalta\n|raw|BigSalta's rating: 1577 &rarr; <strong>1604<\/strong><br \/>(+27 for winning)\n|raw|Bef6's rating: 1695 &rarr; <strong>1668<\/strong><br \/>(-27 for losing)\n|l|\u2606Bef6\n|player|p2|\n|l|\u2606BigSalta\n|player|p1|\n","uploadtime":1736350843,"views":282,"formatid":"gen9vgc2025regg","rating":1604,"private":0,"password":null}