{"id":"gen9vgc2025regg-2277234239","format":"[Gen 9] VGC 2025 Reg G","players":["tep0914","Beccca"],"log":"|j|\u2606tep0914\n|j|\u2606Beccca\n|t:|1736343806\n|gametype|doubles\n|player|p1|tep0914|li|1557\n|player|p2|Beccca|1|1627\n|teamsize|p1|6\n|teamsize|p2|6\n|gen|9\n|tier|[Gen 9] VGC 2025 Reg G\n|rated|\n|rule|Species Clause: Limit one of each Pok\u00e9mon\n|rule|Item Clause: Limit 1 of each item\n|clearpoke\n|poke|p1|Calyrex-Shadow, L50|\n|poke|p1|Dondozo, L50, F|\n|poke|p1|Tatsugiri, L50, F|\n|poke|p1|Weezing-Galar, L50, M|\n|poke|p1|Indeedee-F, L50, F|\n|poke|p1|Mienshao, L50, F|\n|poke|p2|Miraidon, L50|\n|poke|p2|Farigiraf, L50, F|\n|poke|p2|Iron Hands, L50|\n|poke|p2|Whimsicott, L50, F|\n|poke|p2|Chi-Yu, L50|\n|poke|p2|Urshifu-*, L50, F|\n|teampreview|4\n|inactive|Battle timer is ON: inactive players will automatically lose when time's up. (requested by tep0914)\n|\n|t:|1736343851\n|start\n|switch|p1a: Calyrex|Calyrex-Shadow, L50|100\/100\n|switch|p1b: Indeedee|Indeedee-F, L50, F, shiny|100\/100\n|switch|p2a: Chi-Yu|Chi-Yu, L50|100\/100\n|switch|p2b: Urshifu|Urshifu-Rapid-Strike, L50, F|100\/100\n|-ability|p1a: Calyrex|As One\n|-ability|p1a: Calyrex|Unnerve\n|-ability|p2a: Chi-Yu|Beads of Ruin\n|-fieldstart|move: Psychic Terrain|[from] ability: Psychic Surge|[of] p1b: Indeedee\n|turn|1\n|inactive|tep0914 has 30 seconds left.\n|inactive|Beccca has 30 seconds left.\n|inactive|tep0914 has 20 seconds left.\n|inactive|tep0914 has 15 seconds left.\n|j| stewpeed\n|inactive|tep0914 has 10 seconds left.\n|inactive|tep0914 has 5 seconds left.\n|\n|t:|1736343903\n|-terastallize|p1a: Calyrex|Dark\n|move|p1b: Indeedee|Helping Hand|p1a: Calyrex\n|-singleturn|p1a: Calyrex|Helping Hand|[of] p1b: Indeedee\n|move|p2b: Urshifu|Detect|p2b: Urshifu\n|-singleturn|p2b: Urshifu|Protect\n|move|p2a: Chi-Yu|Snarl|p1b: Indeedee|[spread] p1a,p1b\n|-resisted|p1a: Calyrex\n|-supereffective|p1b: Indeedee\n|-damage|p1a: Calyrex|86\/100\n|-damage|p1b: Indeedee|50\/100\n|-unboost|p1a: Calyrex|spa|1\n|-unboost|p1b: Indeedee|spa|1\n|move|p1a: Calyrex|Astral Barrage|p2b: Urshifu|[spread] p2a\n|-activate|p2b: Urshifu|move: Protect\n|-resisted|p2a: Chi-Yu\n|-damage|p2a: Chi-Yu|65\/100\n|-damage|p1a: Calyrex|76\/100|[from] item: Life Orb\n|\n|upkeep\n|turn|2\n|j| brrkz\n|inactive|tep0914 has 30 seconds left.\n|\n|t:|1736343930\n|move|p1b: Indeedee|Helping Hand|p1a: Calyrex\n|-singleturn|p1a: Calyrex|Helping Hand|[of] p1b: Indeedee\n|move|p2a: Chi-Yu|Snarl|p1b: Indeedee|[spread] p1a,p1b\n|-resisted|p1a: Calyrex\n|-supereffective|p1b: Indeedee\n|-damage|p1a: Calyrex|61\/100\n|-damage|p1b: Indeedee|6\/100\n|-unboost|p1a: Calyrex|spa|1\n|-unboost|p1b: Indeedee|spa|1\n|move|p1a: Calyrex|Astral Barrage|p2a: Chi-Yu|[spread] p2a,p2b\n|-resisted|p2a: Chi-Yu\n|-damage|p2a: Chi-Yu|34\/100\n|-enditem|p2b: Urshifu|Focus Sash\n|-damage|p2b: Urshifu|1\/100\n|-damage|p1a: Calyrex|51\/100|[from] item: Life Orb\n|move|p2b: Urshifu|Close Combat|p1a: Calyrex\n|-supereffective|p1a: Calyrex\n|-damage|p1a: Calyrex|0 fnt\n|-unboost|p2b: Urshifu|def|1\n|-unboost|p2b: Urshifu|spd|1\n|faint|p1a: Calyrex\n|\n|upkeep\n|inactive|tep0914 has 30 seconds left.\n|\n|t:|1736343955\n|switch|p1a: Tatsugiri|Tatsugiri, L50, F, shiny|100\/100\n|turn|3\n|inactive|tep0914 has 30 seconds left.\n|inactive|tep0914 has 20 seconds left.\n|inactive|tep0914 has 15 seconds left.\n|inactive|tep0914 has 10 seconds left.\n|inactive|tep0914 has 5 seconds left.\n|\n|t:|1736344008\n|move|p1b: Indeedee|Follow Me|p1b: Indeedee\n|-singleturn|p1b: Indeedee|move: Follow Me\n|move|p2a: Chi-Yu|Snarl|p1a: Tatsugiri|[spread] p1a,p1b\n|-supereffective|p1b: Indeedee\n|-damage|p1a: Tatsugiri|64\/100\n|-damage|p1b: Indeedee|0 fnt\n|-unboost|p1a: Tatsugiri|spa|1\n|faint|p1b: Indeedee\n|move|p1a: Tatsugiri|Muddy Water|p2b: Urshifu|[spread] p2a,p2b\n|-supereffective|p2a: Chi-Yu\n|-resisted|p2b: Urshifu\n|-damage|p2a: Chi-Yu|0 fnt\n|-damage|p2b: Urshifu|0 fnt\n|faint|p2a: Chi-Yu\n|faint|p2b: Urshifu\n|\n|upkeep\n|\n|t:|1736344021\n|switch|p2a: Miraidon|Miraidon, L50|100\/100\n|switch|p2b: Iron Hands|Iron Hands, L50|100\/100\n|switch|p1b: Dondozo|Dondozo, L50, F, shiny|100\/100\n|-activate|p1a: Tatsugiri|ability: Commander|[of] p1b: Dondozo\n|-boost|p1b: Dondozo|atk|2\n|-boost|p1b: Dondozo|spa|2\n|-boost|p1b: Dondozo|spe|2\n|-boost|p1b: Dondozo|def|2\n|-boost|p1b: Dondozo|spd|2\n|-fieldstart|move: Electric Terrain|[from] ability: Hadron Engine|[of] p2a: Miraidon\n|-activate|p2b: Iron Hands|ability: Quark Drive\n|-start|p2b: Iron Hands|quarkdriveatk\n|turn|4\n|\n|t:|1736344037\n|-terastallize|p2a: Miraidon|Fairy\n|move|p1b: Dondozo|Protect|p1b: Dondozo\n|-singleturn|p1b: Dondozo|Protect\n|move|p2b: Iron Hands|Fake Out|p1b: Dondozo\n|-activate|p1b: Dondozo|move: Protect\n|move|p2a: Miraidon|Electro Drift|p1b: Dondozo\n|-activate|p1b: Dondozo|move: Protect\n|\n|upkeep\n|turn|5\n|-message|tep0914 forfeited.\n|\n|win|Beccca\n|raw|tep0914's rating: 1557 &rarr; <strong>1541<\/strong><br \/>(-16 for losing)\n|raw|Beccca's rating: 1627 &rarr; <strong>1643<\/strong><br \/>(+16 for winning)\n|l|\u2606tep0914\n|player|p1|\n|j|\u2606tep0914\n|player|p1|tep0914|li|\n|l| brrkz\n|l|\u2606tep0914\n|player|p1|\n|l|\u2606Beccca\n|player|p2|\n","uploadtime":1736344322,"views":253,"formatid":"gen9vgc2025regg","rating":1541,"private":0,"password":null}