{"id":"gen9vgc2025regg-2277602556","format":"[Gen 9] VGC 2025 Reg G","players":["Elvegis1","Zeropoke7310"],"log":"|j|\u2606Elvegis1\n|j|\u2606Zeropoke7310\n|t:|1736385938\n|gametype|doubles\n|player|p1|Elvegis1|lucas|1665\n|player|p2|Zeropoke7310|265|1721\n|teamsize|p1|6\n|teamsize|p2|6\n|gen|9\n|tier|[Gen 9] VGC 2025 Reg G\n|rated|\n|rule|Species Clause: Limit one of each Pok\u00e9mon\n|rule|Item Clause: Limit 1 of each item\n|clearpoke\n|poke|p1|Incineroar, L50, F|\n|poke|p1|Amoonguss, L50, M|\n|poke|p1|Grimmsnarl, L50, M|\n|poke|p1|Urshifu-*, L50, M|\n|poke|p1|Tornadus, L50, M|\n|poke|p1|Kyogre, L50|\n|poke|p2|Zamazenta-*, L50|\n|poke|p2|Chien-Pao, L50|\n|poke|p2|Urshifu-*, L50, F|\n|poke|p2|Amoonguss, L50, F|\n|poke|p2|Rillaboom, L50, M|\n|poke|p2|Pelipper, L50, F|\n|teampreview|4\n|inactive|Battle timer is ON: inactive players will automatically lose when time's up. (requested by Elvegis1)\n|inactive|Elvegis1 has 60 seconds left.\n|\n|t:|1736385987\n|start\n|switch|p1a: Tornadus|Tornadus, L50, M|100\/100\n|switch|p1b: Grimmsnarl|Grimmsnarl, L50, M|100\/100\n|switch|p2a: Zamazenta|Zamazenta-Crowned, L50, shiny|100\/100\n|switch|p2b: Chien-Pao|Chien-Pao, L50|100\/100\n|-ability|p2b: Chien-Pao|Sword of Ruin\n|-ability|p2a: Zamazenta|Dauntless Shield|boost\n|-boost|p2a: Zamazenta|def|1\n|turn|1\n|j| Kaiju Krush\n|\n|t:|1736386004\n|move|p2b: Chien-Pao|Protect|p2b: Chien-Pao\n|-singleturn|p2b: Chien-Pao|Protect\n|move|p1a: Tornadus|Tailwind|p1a: Tornadus\n|-sidestart|p1: Elvegis1|move: Tailwind\n|move|p1b: Grimmsnarl|Reflect|p1b: Grimmsnarl\n|-sidestart|p1: Elvegis1|Reflect\n|move|p2a: Zamazenta|Heavy Slam|p1b: Grimmsnarl\n|-supereffective|p1b: Grimmsnarl\n|-damage|p1b: Grimmsnarl|10\/100\n|\n|upkeep\n|turn|2\n|\n|t:|1736386023\n|move|p2b: Chien-Pao|Ice Shard|p1b: Grimmsnarl\n|-damage|p1b: Grimmsnarl|0 fnt\n|faint|p1b: Grimmsnarl\n|move|p1a: Tornadus|Bleakwind Storm|p2b: Chien-Pao|[spread] p2a,p2b\n|-damage|p2a: Zamazenta|80\/100\n|-damage|p2b: Chien-Pao|44\/100\n|-unboost|p2a: Zamazenta|spe|1\n|-unboost|p2b: Chien-Pao|spe|1\n|move|p2a: Zamazenta|Heavy Slam|p1a: Tornadus\n|-damage|p1a: Tornadus|49\/100\n|\n|upkeep\n|\n|t:|1736386036\n|switch|p1b: Amoonguss|Amoonguss, L50, M|100\/100\n|turn|3\n|\n|t:|1736386053\n|-terastallize|p2a: Zamazenta|Grass\n|move|p2b: Chien-Pao|Protect|p2b: Chien-Pao\n|-singleturn|p2b: Chien-Pao|Protect\n|move|p1b: Amoonguss|Protect|p1b: Amoonguss\n|-singleturn|p1b: Amoonguss|Protect\n|move|p1a: Tornadus|Bleakwind Storm|p2b: Chien-Pao|[spread] p2a\n|-activate|p2b: Chien-Pao|move: Protect\n|-supereffective|p2a: Zamazenta\n|-damage|p2a: Zamazenta|38\/100\n|move|p2a: Zamazenta|Heavy Slam|p1a: Tornadus\n|-damage|p1a: Tornadus|0 fnt\n|faint|p1a: Tornadus\n|\n|upkeep\n|\n|t:|1736386065\n|switch|p1a: Kyogre|Kyogre, L50|100\/100\n|-weather|RainDance|[from] ability: Drizzle|[of] p1a: Kyogre\n|turn|4\n|inactive|Zeropoke7310 has 30 seconds left.\n|\n|t:|1736386090\n|switch|p2b: Pelipper|Pelipper, L50, F|100\/100\n|move|p2a: Zamazenta|Wide Guard|p2a: Zamazenta\n|-singleturn|p2a: Zamazenta|Wide Guard\n|move|p1a: Kyogre|Water Spout|p2a: Zamazenta|[spread] \n|-activate|p2a: Zamazenta|move: Wide Guard\n|-activate|p2b: Pelipper|move: Wide Guard\n|move|p1b: Amoonguss|Pollen Puff|p2a: Zamazenta\n|-supereffective|p2a: Zamazenta\n|-damage|p2a: Zamazenta|15\/100\n|\n|-weather|RainDance|[upkeep]\n|-sideend|p1: Elvegis1|move: Tailwind\n|upkeep\n|turn|5\n|inactive|Zeropoke7310 has 30 seconds left.\n|inactive|Elvegis1 has 30 seconds left.\n|\n|t:|1736386124\n|-terastallize|p1b: Amoonguss|Water\n|move|p1a: Kyogre|Protect|p1a: Kyogre\n|-singleturn|p1a: Kyogre|Protect\n|move|p2a: Zamazenta|Body Press|p1a: Kyogre\n|-activate|p1a: Kyogre|move: Protect\n|move|p2b: Pelipper|Hurricane|p1b: Amoonguss\n|-damage|p1b: Amoonguss|58\/100\n|move|p1b: Amoonguss|Spore|p2b: Pelipper\n|-activate|p2b: Pelipper|item: Safety Goggles|Spore\n|\n|-weather|RainDance|[upkeep]\n|upkeep\n|turn|6\n|inactive|Zeropoke7310 has 30 seconds left.\n|inactive|Zeropoke7310 has 20 seconds left.\n|inactive|Zeropoke7310 has 15 seconds left.\n|\n|t:|1736386164\n|move|p1a: Kyogre|Water Spout|p2b: Pelipper|[spread] p2a,p2b\n|-resisted|p2a: Zamazenta\n|-resisted|p2b: Pelipper\n|-damage|p2a: Zamazenta|0 fnt\n|-damage|p2b: Pelipper|42\/100\n|faint|p2a: Zamazenta\n|move|p2b: Pelipper|Hurricane|p1b: Amoonguss\n|-damage|p1b: Amoonguss|15\/100\n|-start|p1b: Amoonguss|confusion\n|-activate|p1b: Amoonguss|confusion\n|move|p1b: Amoonguss|Pollen Puff|p1a: Kyogre\n|-immune|p1a: Kyogre\n|\n|-weather|RainDance|[upkeep]\n|upkeep\n|\n|t:|1736386188\n|switch|p2a: Amoonguss|Amoonguss, L50, F, shiny|100\/100\n|turn|7\n|\n|t:|1736386206\n|-end|p1b: Amoonguss|confusion\n|move|p1b: Amoonguss|Protect|p1b: Amoonguss\n|-singleturn|p1b: Amoonguss|Protect\n|move|p2b: Pelipper|Wide Guard|p2b: Pelipper\n|-singleturn|p2b: Pelipper|Wide Guard\n|move|p1a: Kyogre|Ice Beam|p2b: Pelipper\n|-damage|p2b: Pelipper|0 fnt\n|faint|p2b: Pelipper\n|move|p2a: Amoonguss|Sludge Bomb|p1b: Amoonguss\n|-activate|p1b: Amoonguss|move: Protect\n|\n|-weather|RainDance|[upkeep]\n|upkeep\n|\n|t:|1736386220\n|switch|p2b: Chien-Pao|Chien-Pao, L50|44\/100\n|-ability|p2b: Chien-Pao|Sword of Ruin\n|turn|8\n|\n|t:|1736386231\n|move|p2b: Chien-Pao|Protect|p2b: Chien-Pao\n|-singleturn|p2b: Chien-Pao|Protect\n|move|p1b: Amoonguss|Rage Powder|p1b: Amoonguss\n|-singleturn|p1b: Amoonguss|move: Rage Powder\n|move|p1a: Kyogre|Water Spout|p2b: Chien-Pao|[spread] p2a\n|-activate|p2b: Chien-Pao|move: Protect\n|-resisted|p2a: Amoonguss\n|-damage|p2a: Amoonguss|63\/100\n|move|p2a: Amoonguss|Spore|p1a: Kyogre\n|-status|p1a: Kyogre|slp|[from] move: Spore\n|\n|-weather|none\n|-sideend|p1: Elvegis1|Reflect\n|upkeep\n|turn|9\n|inactive|Zeropoke7310 has 30 seconds left.\n|\n|t:|1736386256\n|move|p2b: Chien-Pao|Ice Shard|p1b: Amoonguss\n|-resisted|p1b: Amoonguss\n|-damage|p1b: Amoonguss|5\/100\n|cant|p1a: Kyogre|slp\n|move|p1b: Amoonguss|Pollen Puff|p2b: Chien-Pao\n|-supereffective|p2b: Chien-Pao\n|-damage|p2b: Chien-Pao|0 fnt\n|faint|p2b: Chien-Pao\n|move|p2a: Amoonguss|Sludge Bomb|p1a: Kyogre\n|-damage|p1a: Kyogre|84\/100 slp\n|\n|-heal|p1a: Kyogre|90\/100 slp|[from] item: Leftovers\n|upkeep\n|turn|10\n|\n|t:|1736386272\n|move|p1b: Amoonguss|Protect|p1b: Amoonguss\n|-singleturn|p1b: Amoonguss|Protect\n|cant|p1a: Kyogre|slp\n|move|p2a: Amoonguss|Sludge Bomb|p1a: Kyogre\n|-damage|p1a: Kyogre|71\/100 slp\n|\n|-heal|p1a: Kyogre|77\/100 slp|[from] item: Leftovers\n|upkeep\n|turn|11\n|\n|t:|1736386283\n|cant|p1a: Kyogre|slp\n|move|p1b: Amoonguss|Pollen Puff|p1a: Kyogre\n|-heal|p1a: Kyogre|100\/100 slp\n|move|p2a: Amoonguss|Sludge Bomb|p1a: Kyogre\n|-damage|p1a: Kyogre|84\/100 slp\n|\n|-heal|p1a: Kyogre|90\/100 slp|[from] item: Leftovers\n|upkeep\n|turn|12\n|-message|Zeropoke7310 forfeited.\n|\n|win|Elvegis1\n|raw|Elvegis1's rating: 1665 &rarr; <strong>1688<\/strong><br \/>(+23 for winning)\n|raw|Zeropoke7310's rating: 1721 &rarr; <strong>1698<\/strong><br \/>(-23 for losing)\n|l|\u2606Zeropoke7310\n|player|p2|\n|l|\u2606Elvegis1\n|player|p1|\n|l| Kaiju Krush\n","uploadtime":1736386473,"views":424,"formatid":"gen9vgc2025regg","rating":1688,"private":0,"password":null}