{"id":"gen9vgc2025regg-2277693577","format":"[Gen 9] VGC 2025 Reg G","players":["YwzDYan","Growth_my_word"],"log":"|j|\u2606YwzDYan\n|j|\u2606Growth_my_word\n|t:|1736399427\n|gametype|doubles\n|player|p1|YwzDYan|169|1532\n|player|p2|Growth_my_word|lady-gen4|1627\n|teamsize|p1|6\n|teamsize|p2|6\n|gen|9\n|tier|[Gen 9] VGC 2025 Reg G\n|rated|\n|rule|Species Clause: Limit one of each Pok\u00e9mon\n|rule|Item Clause: Limit 1 of each item\n|clearpoke\n|poke|p1|Whimsicott, L50, M|\n|poke|p1|Farigiraf, L50, F|\n|poke|p1|Iron Bundle, L50|\n|poke|p1|Iron Hands, L50|\n|poke|p1|Incineroar, L50, F|\n|poke|p1|Miraidon, L50|\n|poke|p2|Miraidon, L50|\n|poke|p2|Dragonite, L50, M|\n|poke|p2|Dondozo, L50, M|\n|poke|p2|Tatsugiri, L50, F|\n|poke|p2|Gholdengo, L50|\n|poke|p2|Chi-Yu, L50|\n|teampreview|4\n|inactive|Battle timer is ON: inactive players will automatically lose when time's up. (requested by YwzDYan)\n|\n|t:|1736399446\n|start\n|switch|p1a: Whimsicott|Whimsicott, L50, M|100\/100\n|switch|p1b: Miraidon|Miraidon, L50|100\/100\n|switch|p2a: Miraidon|Miraidon, L50|100\/100\n|switch|p2b: Dondozo|Dondozo, L50, M|100\/100\n|-fieldstart|move: Electric Terrain|[from] ability: Hadron Engine|[of] p2a: Miraidon\n|-activate|p1b: Miraidon|ability: Hadron Engine\n|turn|1\n|j| prstomu4\n|\n|t:|1736399466\n|switch|p2a: Tatsugiri|Tatsugiri, L50, F|100\/100\n|-activate|p2a: Tatsugiri|ability: Commander|[of] p2b: Dondozo\n|-boost|p2b: Dondozo|atk|2\n|-boost|p2b: Dondozo|spa|2\n|-boost|p2b: Dondozo|spe|2\n|-boost|p2b: Dondozo|def|2\n|-boost|p2b: Dondozo|spd|2\n|move|p1a: Whimsicott|Fake Tears|p2b: Dondozo\n|-unboost|p2b: Dondozo|spd|2\n|move|p1b: Miraidon|Draco Meteor|p2b: Dondozo\n|-damage|p2b: Dondozo|0 fnt\n|-unboost|p1b: Miraidon|spa|2\n|faint|p2b: Dondozo\n|\n|upkeep\n|\n|t:|1736399480\n|switch|p2b: Miraidon|Miraidon, L50|100\/100\n|-activate|p2b: Miraidon|ability: Hadron Engine\n|turn|2\n|\n|t:|1736399491\n|switch|p1b: Farigiraf|Farigiraf, L50, F|100\/100\n|-enditem|p1b: Farigiraf|Electric Seed\n|-boost|p1b: Farigiraf|def|1|[from] item: Electric Seed\n|-terastallize|p2b: Miraidon|Fairy\n|move|p2a: Tatsugiri|Icy Wind|p1a: Whimsicott|[spread] p1a,p1b\n|-supereffective|p1a: Whimsicott\n|-damage|p1a: Whimsicott|62\/100\n|-damage|p1b: Farigiraf|87\/100\n|-unboost|p1a: Whimsicott|spe|1\n|-unboost|p1b: Farigiraf|spe|1\n|move|p2b: Miraidon|Dazzling Gleam|p1a: Whimsicott|[spread] p1a,p1b\n|-damage|p1a: Whimsicott|0 fnt\n|-damage|p1b: Farigiraf|40\/100\n|faint|p1a: Whimsicott\n|\n|upkeep\n|\n|t:|1736399507\n|switch|p1a: Iron Hands|Iron Hands, L50|100\/100\n|-activate|p1a: Iron Hands|ability: Quark Drive\n|-start|p1a: Iron Hands|quarkdriveatk\n|turn|3\n|\n|t:|1736399518\n|switch|p2a: Dragonite|Dragonite, L50, M|100\/100\n|move|p1a: Iron Hands|Fake Out|p2b: Miraidon\n|-damage|p2b: Miraidon|83\/100\n|cant|p2b: Miraidon|flinch\n|move|p1b: Farigiraf|Trick Room|p1b: Farigiraf\n|-fieldstart|move: Trick Room|[of] p1b: Farigiraf\n|\n|upkeep\n|turn|4\n|inactive|YwzDYan has 30 seconds left.\n|\n|t:|1736399545\n|switch|p2b: Tatsugiri|Tatsugiri, L50, F|100\/100\n|move|p1a: Iron Hands|Wild Charge|p2b: Tatsugiri\n|-damage|p2b: Tatsugiri|0 fnt\n|faint|p2b: Tatsugiri\n|-damage|p1a: Iron Hands|84\/100|[from] Recoil\n|move|p1b: Farigiraf|Psychic Noise|p2a: Dragonite\n|-damage|p2a: Dragonite|89\/100\n|-start|p2a: Dragonite|move: Heal Block\n|move|p2a: Dragonite|Outrage|p1b: Farigiraf\n|-damage|p1b: Farigiraf|0 fnt\n|faint|p1b: Farigiraf\n|\n|upkeep\n|j| BreadTest\n|\n|t:|1736399560\n|switch|p1b: Miraidon|Miraidon, L50|100\/100\n|switch|p2b: Miraidon|Miraidon, L50, tera:Fairy|83\/100\n|-activate|p1b: Miraidon|ability: Hadron Engine\n|-activate|p2b: Miraidon|ability: Hadron Engine\n|turn|5\n|\n|t:|1736399574\n|-terastallize|p1b: Miraidon|Fairy\n|move|p1a: Iron Hands|Wild Charge|p2b: Miraidon\n|-damage|p2b: Miraidon|8\/100\n|-damage|p1a: Iron Hands|69\/100|[from] Recoil\n|move|p2a: Dragonite|Outrage|p1a: Iron Hands|[from]lockedmove\n|-damage|p1a: Iron Hands|0 fnt\n|faint|p1a: Iron Hands\n|-end|p1a: Iron Hands|Quark Drive|[silent]\n|-start|p2a: Dragonite|confusion|[fatigue]\n|move|p1b: Miraidon|Dazzling Gleam|p2b: Miraidon|[spread] p2a,p2b\n|-supereffective|p2a: Dragonite\n|-damage|p2a: Dragonite|0 fnt\n|-damage|p2b: Miraidon|0 fnt\n|faint|p2a: Dragonite\n|faint|p2b: Miraidon\n|\n|win|YwzDYan\n|raw|YwzDYan's rating: 1532 &rarr; <strong>1557<\/strong><br \/>(+25 for winning)\n|raw|Growth_my_word's rating: 1627 &rarr; <strong>1602<\/strong><br \/>(-25 for losing)\n|l|\u2606Growth_my_word\n|player|p2|\n|l| prstomu4\n|l| BreadTest\n","uploadtime":1736399762,"views":22,"formatid":"gen9vgc2025regg","rating":1557,"private":0,"password":null}