{"id":"gen9vgc2025regg-2277808913","format":"[Gen 9] VGC 2025 Reg G","players":["Mature Madness","lichuweijixi"],"log":"|j|\u2606Mature Madness\n|j|\u2606lichuweijixi\n|t:|1736421785\n|gametype|doubles\n|player|p1|Mature Madness|2|1551\n|player|p2|lichuweijixi|265|1596\n|teamsize|p1|6\n|teamsize|p2|6\n|gen|9\n|tier|[Gen 9] VGC 2025 Reg G\n|rated|\n|rule|Species Clause: Limit one of each Pok\u00e9mon\n|rule|Item Clause: Limit 1 of each item\n|clearpoke\n|poke|p1|Miraidon, L50|\n|poke|p1|Incineroar, L50, M|\n|poke|p1|Pelipper, L50, M|\n|poke|p1|Goodra-Hisui, L50, M|\n|poke|p1|Comfey, L50, M|\n|poke|p1|Urshifu-*, L50, M|\n|poke|p2|Calyrex-Ice, L50|\n|poke|p2|Smeargle, L50, F|\n|poke|p2|Annihilape, L50, F|\n|poke|p2|Urshifu-*, L50, F|\n|poke|p2|Ursaluna-Bloodmoon, L50, M|\n|poke|p2|Ogerpon-Wellspring, L50, F|\n|teampreview|4\n|\n|t:|1736421804\n|start\n|switch|p1a: Urshifu|Urshifu, L50, M|100\/100\n|switch|p1b: Miraidon|Miraidon, L50|100\/100\n|switch|p2a: Smeargle|Smeargle, L50, F|100\/100\n|switch|p2b: Calyrex|Calyrex-Ice, L50|100\/100\n|-ability|p2b: Calyrex|As One\n|-ability|p2b: Calyrex|Unnerve\n|-fieldstart|move: Electric Terrain|[from] ability: Hadron Engine|[of] p1b: Miraidon\n|-enditem|p1b: Miraidon|Electric Seed\n|-boost|p1b: Miraidon|def|1|[from] item: Electric Seed\n|turn|1\n|inactive|Battle timer is ON: inactive players will automatically lose when time's up. (requested by Mature Madness)\n|\n|t:|1736421821\n|-terastallize|p1b: Miraidon|Fairy\n|-terastallize|p2a: Smeargle|Ground\n|move|p2a: Smeargle|Follow Me|p2a: Smeargle\n|-singleturn|p2a: Smeargle|move: Follow Me\n|move|p1b: Miraidon|Electro Drift|p2a: Smeargle\n|-immune|p2a: Smeargle\n|move|p1a: Urshifu|Wicked Blow|p2a: Smeargle\n|-crit|p2a: Smeargle\n|-damage|p2a: Smeargle|15\/100\n|move|p2b: Calyrex|Trick Room|p2b: Calyrex\n|-fieldstart|move: Trick Room|[of] p2b: Calyrex\n|\n|upkeep\n|turn|2\n|\n|t:|1736421836\n|move|p2a: Smeargle|Decorate|p2b: Calyrex\n|-boost|p2b: Calyrex|atk|2\n|-boost|p2b: Calyrex|spa|2\n|move|p2b: Calyrex|Glacial Lance|p1a: Urshifu|[spread] p1a,p1b\n|-enditem|p1a: Urshifu|Focus Sash\n|-damage|p1a: Urshifu|1\/100\n|-damage|p1b: Miraidon|25\/100\n|move|p1a: Urshifu|Wicked Blow|p2b: Calyrex\n|-supereffective|p2b: Calyrex\n|-crit|p2b: Calyrex\n|-damage|p2b: Calyrex|31\/100\n|-enditem|p2b: Calyrex|Sitrus Berry|[eat]\n|-heal|p2b: Calyrex|55\/100|[from] item: Sitrus Berry\n|move|p1b: Miraidon|Dazzling Gleam|p2b: Calyrex|[spread] p2a,p2b\n|-damage|p2a: Smeargle|0 fnt\n|-damage|p2b: Calyrex|27\/100\n|faint|p2a: Smeargle\n|\n|upkeep\n|\n|t:|1736421846\n|switch|p2a: Ursaluna|Ursaluna-Bloodmoon, L50, M|100\/100\n|turn|3\n|\n|t:|1736421862\n|switch|p1b: Incineroar|Incineroar, L50, M|100\/100\n|-ability|p1b: Incineroar|Intimidate|boost\n|-unboost|p2a: Ursaluna|atk|1\n|-unboost|p2b: Calyrex|atk|1\n|move|p1a: Urshifu|Detect|p1a: Urshifu\n|-singleturn|p1a: Urshifu|Protect\n|move|p2a: Ursaluna|Vacuum Wave|p1a: Urshifu\n|-activate|p1a: Urshifu|move: Protect\n|move|p2b: Calyrex|Glacial Lance|p1b: Incineroar|[spread] p1b\n|-activate|p1a: Urshifu|move: Protect\n|-resisted|p1b: Incineroar\n|-damage|p1b: Incineroar|65\/100\n|\n|upkeep\n|turn|4\n|\n|t:|1736421881\n|move|p2b: Calyrex|Protect|p2b: Calyrex\n|-singleturn|p2b: Calyrex|Protect\n|move|p1b: Incineroar|Fake Out|p2a: Ursaluna\n|-damage|p2a: Ursaluna|93\/100\n|move|p1a: Urshifu|Sucker Punch||[still]\n|-fail|p1a: Urshifu\n|cant|p2a: Ursaluna|flinch\n|\n|upkeep\n|turn|5\n|\n|t:|1736421904\n|switch|p2b: Ogerpon|Ogerpon-Wellspring, L50, F|100\/100\n|move|p1a: Urshifu|Detect|p1a: Urshifu\n|-singleturn|p1a: Urshifu|Protect\n|move|p2a: Ursaluna|Hyper Voice|p1b: Incineroar|[spread] p1b\n|-activate|p1a: Urshifu|move: Protect\n|-damage|p1b: Incineroar|26\/100\n|-damage|p2a: Ursaluna|84\/100|[from] item: Life Orb\n|move|p1b: Incineroar|Parting Shot|p2a: Ursaluna\n|-unboost|p2a: Ursaluna|atk|1\n|-unboost|p2a: Ursaluna|spa|1\n|\n|t:|1736421918\n|switch|p1b: Comfey|Comfey, L50, M|100\/100|[from] Parting Shot\n|\n|-fieldend|move: Trick Room\n|-fieldend|move: Electric Terrain\n|upkeep\n|turn|6\n|\n|t:|1736421937\n|move|p1b: Comfey|Floral Healing|p1a: Urshifu\n|-heal|p1a: Urshifu|51\/100\n|move|p2b: Ogerpon|Follow Me|p2b: Ogerpon\n|-singleturn|p2b: Ogerpon|move: Follow Me\n|move|p1a: Urshifu|Wicked Blow|p2b: Ogerpon\n|-crit|p2b: Ogerpon\n|-damage|p2b: Ogerpon|34\/100\n|move|p2a: Ursaluna|Hyper Voice|p1a: Urshifu|[spread] p1a,p1b\n|-damage|p1a: Urshifu|4\/100\n|-damage|p1b: Comfey|73\/100\n|-damage|p2a: Ursaluna|74\/100|[from] item: Life Orb\n|\n|upkeep\n|turn|7\n|\n|t:|1736421952\n|move|p1a: Urshifu|Detect|p1a: Urshifu\n|-singleturn|p1a: Urshifu|Protect\n|move|p2b: Ogerpon|Ivy Cudgel|p1a: Urshifu|[anim] Ivy Cudgel Water\n|-activate|p1a: Urshifu|move: Protect\n|move|p1b: Comfey|Light Screen|p1b: Comfey\n|-sidestart|p1: Mature Madness|move: Light Screen\n|move|p2a: Ursaluna|Blood Moon|p1b: Comfey\n|-damage|p1b: Comfey|33\/100\n|-damage|p2a: Ursaluna|65\/100|[from] item: Life Orb\n|\n|upkeep\n|turn|8\n|\n|t:|1736421968\n|switch|p1a: Incineroar|Incineroar, L50, M|26\/100\n|-ability|p1a: Incineroar|Intimidate|boost\n|-unboost|p2a: Ursaluna|atk|1\n|-unboost|p2b: Ogerpon|atk|1\n|move|p1b: Comfey|Floral Healing|p1a: Incineroar\n|-heal|p1a: Incineroar|76\/100\n|move|p2b: Ogerpon|Ivy Cudgel|p1a: Incineroar|[anim] Ivy Cudgel Water\n|-supereffective|p1a: Incineroar\n|-damage|p1a: Incineroar|9\/100\n|move|p2a: Ursaluna|Hyper Voice|p1a: Incineroar|[spread] p1a,p1b\n|-damage|p1a: Incineroar|0 fnt\n|-damage|p1b: Comfey|13\/100\n|faint|p1a: Incineroar\n|-damage|p2a: Ursaluna|55\/100|[from] item: Life Orb\n|\n|upkeep\n|j| sUwUeeper\n|\n|t:|1736421982\n|switch|p1a: Miraidon|Miraidon, L50, tera:Fairy|25\/100\n|-fieldstart|move: Electric Terrain|[from] ability: Hadron Engine|[of] p1a: Miraidon\n|turn|9\n|\n|t:|1736421993\n|move|p1b: Comfey|Floral Healing|p1a: Miraidon\n|-heal|p1a: Miraidon|75\/100\n|move|p1a: Miraidon|Dazzling Gleam|p2a: Ursaluna|[spread] p2a,p2b\n|-damage|p2a: Ursaluna|11\/100\n|-damage|p2b: Ogerpon|0 fnt\n|faint|p2b: Ogerpon\n|move|p2a: Ursaluna|Blood Moon|p1a: Miraidon\n|-damage|p1a: Miraidon|33\/100\n|-damage|p2a: Ursaluna|1\/100|[from] item: Life Orb\n|\n|upkeep\n|\n|t:|1736421996\n|switch|p2b: Calyrex|Calyrex-Ice, L50|27\/100\n|-ability|p2b: Calyrex|As One\n|-ability|p2b: Calyrex|Unnerve\n|turn|10\n|\n|t:|1736422011\n|move|p1b: Comfey|Draining Kiss|p2a: Ursaluna\n|-damage|p2a: Ursaluna|0 fnt\n|-heal|p1b: Comfey|13\/100|[from] drain|[of] p2a: Ursaluna\n|faint|p2a: Ursaluna\n|move|p1a: Miraidon|Electro Drift|p2b: Calyrex\n|-damage|p2b: Calyrex|0 fnt\n|faint|p2b: Calyrex\n|\n|win|Mature Madness\n|raw|Mature Madness's rating: 1551 &rarr; <strong>1574<\/strong><br \/>(+23 for winning)\n|raw|lichuweijixi's rating: 1596 &rarr; <strong>1573<\/strong><br \/>(-23 for losing)\n|l|\u2606lichuweijixi\n|player|p2|\n|l|\u2606Mature Madness\n|player|p1|\n|l| sUwUeeper\n","uploadtime":1736422192,"views":17,"formatid":"gen9vgc2025regg","rating":1573,"private":0,"password":null}