{"id":"gen9vgc2025regg-2277307052","format":"[Gen 9] VGC 2025 Reg G","players":["BigSalta","diobrando133"],"log":"|j|\u2606BigSalta\n|j|\u2606diobrando133\n|t:|1736352484\n|gametype|doubles\n|player|p1|BigSalta|cynthia|1600\n|player|p2|diobrando133|drayden|1556\n|teamsize|p1|6\n|teamsize|p2|6\n|gen|9\n|tier|[Gen 9] VGC 2025 Reg G\n|rated|\n|rule|Species Clause: Limit one of each Pok\u00e9mon\n|rule|Item Clause: Limit 1 of each item\n|clearpoke\n|poke|p1|Incineroar, L50, M|\n|poke|p1|Urshifu-*, L50, M|\n|poke|p1|Kyogre, L50|\n|poke|p1|Rillaboom, L50, F|\n|poke|p1|Roaring Moon, L50|\n|poke|p1|Amoonguss, L50, M|\n|poke|p2|Calyrex-Shadow, L50|\n|poke|p2|Urshifu-*, L50, F|\n|poke|p2|Rillaboom, L50, M|\n|poke|p2|Amoonguss, L50, M|\n|poke|p2|Raging Bolt, L50|\n|poke|p2|Incineroar, L50, M|\n|teampreview|4\n|j| brrkz\n|inactive|Battle timer is ON: inactive players will automatically lose when time's up. (requested by diobrando133)\n|j| imstuckat1300\n|inactive|diobrando133 has 60 seconds left.\n|\n|t:|1736352531\n|start\n|switch|p1a: Kyogre|Kyogre, L50|100\/100\n|switch|p1b: Incineroar|Incineroar, L50, M|100\/100\n|switch|p2a: Raging Bolt|Raging Bolt, L50|100\/100\n|switch|p2b: Rillaboom|Rillaboom, L50, M|100\/100\n|-fieldstart|move: Grassy Terrain|[from] ability: Grassy Surge|[of] p2b: Rillaboom\n|-weather|RainDance|[from] ability: Drizzle|[of] p1a: Kyogre\n|-ability|p1b: Incineroar|Intimidate|boost\n|-unboost|p2a: Raging Bolt|atk|1\n|-unboost|p2b: Rillaboom|atk|1\n|-enditem|p2a: Raging Bolt|Booster Energy\n|-activate|p2a: Raging Bolt|ability: Protosynthesis|[fromitem]\n|-start|p2a: Raging Bolt|protosynthesisspa\n|turn|1\n|\n|t:|1736352556\n|switch|p1b: Amoonguss|Amoonguss, L50, M|100\/100\n|move|p2a: Raging Bolt|Protect|p2a: Raging Bolt\n|-singleturn|p2a: Raging Bolt|Protect\n|move|p2b: Rillaboom|U-turn|p1a: Kyogre\n|-damage|p1a: Kyogre|87\/100\n|\n|t:|1736352563\n|switch|p2b: Urshifu|Urshifu-Rapid-Strike, L50, F|100\/100|[from] U-turn\n|move|p1a: Kyogre|Calm Mind|p1a: Kyogre\n|-boost|p1a: Kyogre|spa|1\n|-boost|p1a: Kyogre|spd|1\n|\n|-weather|RainDance|[upkeep]\n|-heal|p1a: Kyogre|93\/100|[from] Grassy Terrain\n|-heal|p1a: Kyogre|99\/100|[from] item: Leftovers\n|upkeep\n|turn|2\n|\n|t:|1736352583\n|switch|p2b: Rillaboom|Rillaboom, L50, M|100\/100\n|move|p1b: Amoonguss|Rage Powder|p1b: Amoonguss\n|-singleturn|p1b: Amoonguss|move: Rage Powder\n|move|p1a: Kyogre|Origin Pulse|p2a: Raging Bolt|[spread] p2a,p2b\n|-resisted|p2a: Raging Bolt\n|-resisted|p2b: Rillaboom\n|-damage|p2a: Raging Bolt|66\/100\n|-damage|p2b: Rillaboom|59\/100\n|move|p2a: Raging Bolt|Electroweb|p1b: Amoonguss|[spread] p1a,p1b\n|-supereffective|p1a: Kyogre\n|-resisted|p1b: Amoonguss\n|-damage|p1a: Kyogre|75\/100\n|-damage|p1b: Amoonguss|88\/100\n|-unboost|p1a: Kyogre|spe|1\n|-unboost|p1b: Amoonguss|spe|1\n|\n|-weather|RainDance|[upkeep]\n|-heal|p2b: Rillaboom|65\/100|[from] Grassy Terrain\n|-heal|p2a: Raging Bolt|72\/100|[from] Grassy Terrain\n|-heal|p1a: Kyogre|81\/100|[from] Grassy Terrain\n|-heal|p1a: Kyogre|87\/100|[from] item: Leftovers\n|-heal|p1b: Amoonguss|94\/100|[from] Grassy Terrain\n|upkeep\n|turn|3\n|inactive|BigSalta has 30 seconds left.\n|inactive|diobrando133 has 30 seconds left.\n|inactive|BigSalta has 20 seconds left.\n|inactive|BigSalta has 15 seconds left.\n|inactive|diobrando133 has 20 seconds left.\n|inactive|diobrando133 has 15 seconds left.\n|\n|t:|1736352629\n|move|p2b: Rillaboom|Wood Hammer|p1a: Kyogre\n|-supereffective|p1a: Kyogre\n|-damage|p1a: Kyogre|0 fnt\n|faint|p1a: Kyogre\n|-damage|p2b: Rillaboom|37\/100|[from] Recoil\n|move|p2a: Raging Bolt|Draco Meteor|p1b: Amoonguss\n|-damage|p1b: Amoonguss|13\/100\n|-unboost|p2a: Raging Bolt|spa|2\n|move|p1b: Amoonguss|Spore|p2a: Raging Bolt\n|-status|p2a: Raging Bolt|slp|[from] move: Spore\n|\n|-weather|RainDance|[upkeep]\n|-heal|p2b: Rillaboom|43\/100|[from] Grassy Terrain\n|-heal|p2a: Raging Bolt|79\/100 slp|[from] Grassy Terrain\n|-heal|p1b: Amoonguss|19\/100|[from] Grassy Terrain\n|upkeep\n|\n|t:|1736352635\n|switch|p1a: Roaring Moon|Roaring Moon, L50|100\/100\n|-enditem|p1a: Roaring Moon|Booster Energy\n|-activate|p1a: Roaring Moon|ability: Protosynthesis|[fromitem]\n|-start|p1a: Roaring Moon|protosynthesisspe\n|turn|4\n|\n|t:|1736352652\n|move|p1a: Roaring Moon|Acrobatics|p2b: Rillaboom\n|-supereffective|p2b: Rillaboom\n|-damage|p2b: Rillaboom|0 fnt\n|faint|p2b: Rillaboom\n|cant|p2a: Raging Bolt|slp\n|move|p1b: Amoonguss|Spore|p2a: Raging Bolt\n|-fail|p2a: Raging Bolt|slp\n|\n|-weather|RainDance|[upkeep]\n|-heal|p2a: Raging Bolt|85\/100 slp|[from] Grassy Terrain\n|-heal|p1b: Amoonguss|25\/100|[from] Grassy Terrain\n|upkeep\n|\n|t:|1736352661\n|switch|p2b: Calyrex|Calyrex-Shadow, L50|100\/100\n|-ability|p2b: Calyrex|As One\n|-ability|p2b: Calyrex|Unnerve\n|turn|5\n|\n|t:|1736352672\n|switch|p1b: Incineroar|Incineroar, L50, M|100\/100\n|-ability|p1b: Incineroar|Intimidate|boost\n|-unboost|p2a: Raging Bolt|atk|1\n|-unboost|p2b: Calyrex|atk|1\n|-terastallize|p1a: Roaring Moon|Flying\n|-terastallize|p2b: Calyrex|Dark\n|move|p1a: Roaring Moon|Acrobatics|p2b: Calyrex\n|-damage|p2b: Calyrex|48\/100\n|move|p2b: Calyrex|Astral Barrage|p1a: Roaring Moon|[spread] p1a,p1b\n|-resisted|p1b: Incineroar\n|-damage|p1a: Roaring Moon|48\/100\n|-damage|p1b: Incineroar|77\/100\n|-damage|p2b: Calyrex|38\/100|[from] item: Life Orb\n|-curestatus|p2a: Raging Bolt|slp|[msg]\n|move|p2a: Raging Bolt|Draco Meteor|p1a: Roaring Moon\n|-damage|p1a: Roaring Moon|11\/100\n|-unboost|p2a: Raging Bolt|spa|2\n|\n|-weather|none\n|-heal|p2b: Calyrex|44\/100|[from] Grassy Terrain\n|-heal|p2a: Raging Bolt|91\/100|[from] Grassy Terrain\n|-heal|p1b: Incineroar|83\/100|[from] Grassy Terrain\n|-fieldend|move: Grassy Terrain\n|upkeep\n|turn|6\n|inactive|BigSalta has 30 seconds left.\n|inactive|diobrando133 has 30 seconds left.\n|\n|t:|1736352702\n|switch|p1b: Amoonguss|Amoonguss, L50, M|58\/100\n|move|p1a: Roaring Moon|Acrobatics|p2b: Calyrex\n|-damage|p2b: Calyrex|0 fnt\n|faint|p2b: Calyrex\n|move|p2a: Raging Bolt|Electroweb|p1b: Amoonguss|[spread] p1a,p1b\n|-supereffective|p1a: Roaring Moon\n|-resisted|p1b: Amoonguss\n|-damage|p1a: Roaring Moon|0 fnt\n|-damage|p1b: Amoonguss|54\/100\n|-unboost|p1b: Amoonguss|spe|1\n|faint|p1a: Roaring Moon\n|-end|p1a: Roaring Moon|Protosynthesis|[silent]\n|\n|upkeep\n|\n|t:|1736352711\n|switch|p2b: Urshifu|Urshifu-Rapid-Strike, L50, F|100\/100\n|switch|p1a: Incineroar|Incineroar, L50, M|83\/100\n|-ability|p1a: Incineroar|Intimidate|boost\n|-unboost|p2a: Raging Bolt|atk|1\n|-unboost|p2b: Urshifu|atk|1\n|turn|7\n|\n|t:|1736352737\n|move|p2b: Urshifu|Detect|p2b: Urshifu\n|-singleturn|p2b: Urshifu|Protect\n|move|p1a: Incineroar|Fake Out|p2b: Urshifu\n|-activate|p2b: Urshifu|move: Protect\n|move|p2a: Raging Bolt|Draco Meteor|p1b: Amoonguss\n|-damage|p1b: Amoonguss|29\/100\n|-unboost|p2a: Raging Bolt|spa|2\n|move|p1b: Amoonguss|Spore|p2a: Raging Bolt\n|-status|p2a: Raging Bolt|slp|[from] move: Spore\n|\n|upkeep\n|turn|8\n|\n|t:|1736352762\n|cant|p2a: Raging Bolt|slp\n|move|p1b: Amoonguss|Rage Powder|p1b: Amoonguss\n|-singleturn|p1b: Amoonguss|move: Rage Powder\n|move|p2b: Urshifu|Close Combat|p1b: Amoonguss\n|-resisted|p1b: Amoonguss\n|-damage|p1b: Amoonguss|11\/100\n|-unboost|p2b: Urshifu|def|1\n|-unboost|p2b: Urshifu|spd|1\n|-damage|p2b: Urshifu|84\/100|[from] item: Rocky Helmet|[of] p1b: Amoonguss\n|move|p1a: Incineroar|Will-O-Wisp|p2b: Urshifu\n|-status|p2b: Urshifu|brn\n|\n|-damage|p2b: Urshifu|78\/100 brn|[from] brn\n|upkeep\n|turn|9\n|inactive|diobrando133 has 30 seconds left.\n|\n|t:|1736352793\n|move|p2b: Urshifu|Detect|p2b: Urshifu\n|-singleturn|p2b: Urshifu|Protect\n|cant|p2a: Raging Bolt|slp\n|move|p1a: Incineroar|Knock Off|p2a: Raging Bolt\n|-damage|p2a: Raging Bolt|71\/100 slp\n|move|p1b: Amoonguss|Sludge Bomb|p2a: Raging Bolt\n|-damage|p2a: Raging Bolt|51\/100 slp\n|\n|-damage|p2b: Urshifu|72\/100 brn|[from] brn\n|upkeep\n|turn|10\n|\n|t:|1736352811\n|move|p1b: Amoonguss|Rage Powder|p1b: Amoonguss\n|-singleturn|p1b: Amoonguss|move: Rage Powder\n|move|p2b: Urshifu|Close Combat|p1b: Amoonguss\n|-resisted|p1b: Amoonguss\n|-damage|p1b: Amoonguss|3\/100\n|-unboost|p2b: Urshifu|def|1\n|-unboost|p2b: Urshifu|spd|1\n|-damage|p2b: Urshifu|55\/100 brn|[from] item: Rocky Helmet|[of] p1b: Amoonguss\n|cant|p2a: Raging Bolt|slp\n|move|p1a: Incineroar|Knock Off|p2b: Urshifu\n|-resisted|p2b: Urshifu\n|-damage|p2b: Urshifu|20\/100 brn\n|-enditem|p2b: Urshifu|Focus Sash|[from] move: Knock Off|[of] p1a: Incineroar\n|\n|-damage|p2b: Urshifu|14\/100 brn|[from] brn\n|upkeep\n|turn|11\n|l| imstuckat1300\n|\n|t:|1736352829\n|move|p2b: Urshifu|Detect|p2b: Urshifu\n|-singleturn|p2b: Urshifu|Protect\n|move|p1b: Amoonguss|Protect|p1b: Amoonguss\n|-singleturn|p1b: Amoonguss|Protect\n|-curestatus|p2a: Raging Bolt|slp|[msg]\n|move|p2a: Raging Bolt|Electroweb|p1a: Incineroar|[spread] p1a\n|-activate|p1b: Amoonguss|move: Protect\n|-damage|p1a: Incineroar|77\/100\n|-unboost|p1a: Incineroar|spe|1\n|move|p1a: Incineroar|Knock Off|p2a: Raging Bolt\n|-damage|p2a: Raging Bolt|31\/100\n|\n|-damage|p2b: Urshifu|7\/100 brn|[from] brn\n|upkeep\n|turn|12\n|l| brrkz\n|\n|t:|1736352849\n|move|p2b: Urshifu|Detect||[still]\n|-fail|p2b: Urshifu\n|move|p1b: Amoonguss|Rage Powder|p1b: Amoonguss\n|-singleturn|p1b: Amoonguss|move: Rage Powder\n|move|p2a: Raging Bolt|Electroweb|p1a: Incineroar|[spread] p1a,p1b\n|-resisted|p1b: Amoonguss\n|-crit|p1b: Amoonguss\n|-damage|p1a: Incineroar|72\/100\n|-damage|p1b: Amoonguss|0 fnt\n|-unboost|p1a: Incineroar|spe|1\n|faint|p1b: Amoonguss\n|move|p1a: Incineroar|Knock Off|p2b: Urshifu\n|-resisted|p2b: Urshifu\n|-damage|p2b: Urshifu|0 fnt\n|faint|p2b: Urshifu\n|\n|upkeep\n|turn|13\n|j| brrkz\n|\n|t:|1736352857\n|move|p2a: Raging Bolt|Draco Meteor|p1a: Incineroar\n|-damage|p1a: Incineroar|56\/100\n|move|p1a: Incineroar|Knock Off|p2a: Raging Bolt\n|-damage|p2a: Raging Bolt|8\/100\n|\n|upkeep\n|turn|14\n|\n|t:|1736352862\n|move|p2a: Raging Bolt|Draco Meteor|p1a: Incineroar\n|-damage|p1a: Incineroar|39\/100\n|move|p1a: Incineroar|Knock Off|p2a: Raging Bolt\n|-damage|p2a: Raging Bolt|0 fnt\n|faint|p2a: Raging Bolt\n|-end|p2a: Raging Bolt|Protosynthesis|[silent]\n|\n|win|BigSalta\n|raw|BigSalta's rating: 1600 &rarr; <strong>1617<\/strong><br \/>(+17 for winning)\n|raw|diobrando133's rating: 1556 &rarr; <strong>1539<\/strong><br \/>(-17 for losing)\n|l|\u2606BigSalta\n|player|p1|\n|l|\u2606diobrando133\n|player|p2|\n|l| brrkz\n|j| brrkz\n|l| brrkz\n","uploadtime":1736353120,"views":262,"formatid":"gen9vgc2025regg","rating":1539,"private":0,"password":null}