{"id":"gen9vgc2025regg-2277529424","format":"[Gen 9] VGC 2025 Reg G","players":["bgc0","JackoEk11"],"log":"|j|\u2606bgc0\n|j|\u2606JackoEk11\n|t:|1736376378\n|gametype|doubles\n|player|p1|bgc0|steven|1560\n|player|p2|JackoEk11|102|1507\n|teamsize|p1|6\n|teamsize|p2|6\n|gen|9\n|tier|[Gen 9] VGC 2025 Reg G\n|rated|\n|rule|Species Clause: Limit one of each Pok\u00e9mon\n|rule|Item Clause: Limit 1 of each item\n|clearpoke\n|poke|p1|Volcarona, L50, M|\n|poke|p1|Eternatus, L50|\n|poke|p1|Iron Bundle, L50|\n|poke|p1|Farigiraf, L50, M|\n|poke|p1|Urshifu-*, L50, F|\n|poke|p1|Ursaluna, L50, M|\n|poke|p2|Zamazenta-*, L50|\n|poke|p2|Latios, L50, M|\n|poke|p2|Rillaboom, L50, F|\n|poke|p2|Chien-Pao, L50|\n|poke|p2|Urshifu-*, L50, F|\n|poke|p2|Flutter Mane, L50|\n|teampreview|4\n|\n|t:|1736376406\n|start\n|switch|p1a: Iron Bundle|Iron Bundle, L50, shiny|100\/100\n|switch|p1b: Eternatus|Eternatus, L50, shiny|100\/100\n|switch|p2a: Zamazenta|Zamazenta-Crowned, L50|100\/100\n|switch|p2b: Latios|Latios, L50, M|100\/100\n|-ability|p2a: Zamazenta|Dauntless Shield|boost\n|-boost|p2a: Zamazenta|def|1\n|-ability|p1b: Eternatus|Pressure\n|-enditem|p1a: Iron Bundle|Booster Energy\n|-activate|p1a: Iron Bundle|ability: Quark Drive|[fromitem]\n|-start|p1a: Iron Bundle|quarkdrivespe\n|turn|1\n|j| DaN00biest\n|\n|t:|1736376430\n|move|p1a: Iron Bundle|Icy Wind|p2b: Latios|[spread] p2a\n|-miss|p1a: Iron Bundle|p2b: Latios\n|-resisted|p2a: Zamazenta\n|-damage|p2a: Zamazenta|93\/100\n|-unboost|p2a: Zamazenta|spe|1\n|move|p2b: Latios|Draco Meteor|p1b: Eternatus\n|-supereffective|p1b: Eternatus\n|-damage|p1b: Eternatus|0 fnt\n|-unboost|p2b: Latios|spa|2\n|faint|p1b: Eternatus\n|move|p2a: Zamazenta|Body Press|p1a: Iron Bundle\n|-supereffective|p1a: Iron Bundle\n|-damage|p1a: Iron Bundle|0 fnt\n|faint|p1a: Iron Bundle\n|-end|p1a: Iron Bundle|Quark Drive|[silent]\n|\n|upkeep\n|\n|t:|1736376442\n|switch|p1a: Volcarona|Volcarona, L50, M|100\/100\n|switch|p1b: Urshifu|Urshifu, L50, F|100\/100\n|turn|2\n|\n|t:|1736376483\n|switch|p2b: Flutter Mane|Flutter Mane, L50|100\/100\n|-enditem|p2b: Flutter Mane|Booster Energy\n|-activate|p2b: Flutter Mane|ability: Protosynthesis|[fromitem]\n|-start|p2b: Flutter Mane|protosynthesisspe\n|-terastallize|p1b: Urshifu|Dark\n|-terastallize|p2a: Zamazenta|Dragon\n|move|p1b: Urshifu|Wicked Blow|p2a: Zamazenta\n|-crit|p2a: Zamazenta\n|-damage|p2a: Zamazenta|28\/100\n|move|p1a: Volcarona|Heat Wave|p2b: Flutter Mane|[spread] p2b\n|-miss|p1a: Volcarona|p2a: Zamazenta\n|-damage|p2b: Flutter Mane|74\/100\n|move|p2a: Zamazenta|Body Press|p1b: Urshifu\n|-supereffective|p1b: Urshifu\n|-damage|p1b: Urshifu|0 fnt\n|faint|p1b: Urshifu\n|\n|upkeep\n|turn|3\n|\n|t:|1736376512\n|move|p2b: Flutter Mane|Shadow Ball|p1a: Volcarona\n|-damage|p1a: Volcarona|71\/100\n|move|p1a: Volcarona|Heat Wave|p2a: Zamazenta|[spread] p2a,p2b\n|-resisted|p2a: Zamazenta\n|-crit|p2a: Zamazenta\n|-damage|p2a: Zamazenta|9\/100\n|-damage|p2b: Flutter Mane|44\/100\n|move|p2a: Zamazenta|Body Press|p1a: Volcarona\n|-resisted|p1a: Volcarona\n|-damage|p1a: Volcarona|33\/100\n|-enditem|p1a: Volcarona|Sitrus Berry|[eat]\n|-heal|p1a: Volcarona|58\/100|[from] item: Sitrus Berry\n|\n|upkeep\n|turn|4\n|\n|t:|1736376519\n|move|p2b: Flutter Mane|Shadow Ball|p1a: Volcarona\n|-damage|p1a: Volcarona|28\/100\n|move|p1a: Volcarona|Heat Wave|p2a: Zamazenta|[spread] p2a,p2b\n|-resisted|p2a: Zamazenta\n|-damage|p2a: Zamazenta|0 fnt\n|-damage|p2b: Flutter Mane|15\/100\n|faint|p2a: Zamazenta\n|\n|upkeep\n|\n|t:|1736376523\n|switch|p2a: Latios|Latios, L50, M|100\/100\n|turn|5\n|\n|t:|1736376526\n|move|p2b: Flutter Mane|Moonblast|p1a: Volcarona\n|-resisted|p1a: Volcarona\n|-damage|p1a: Volcarona|11\/100\n|move|p2a: Latios|Luster Purge|p1a: Volcarona\n|-damage|p1a: Volcarona|0 fnt\n|faint|p1a: Volcarona\n|\n|win|JackoEk11\n|raw|bgc0's rating: 1560 &rarr; <strong>1537<\/strong><br \/>(-23 for losing)\n|raw|JackoEk11's rating: 1507 &rarr; <strong>1530<\/strong><br \/>(+23 for winning)\n|l| DaN00biest\n|l|\u2606JackoEk11\n|player|p2|\n|l|\u2606bgc0\n|player|p1|\n","uploadtime":1736376776,"views":260,"formatid":"gen9vgc2025regg","rating":1530,"private":0,"password":null}