{"id":"gen9vgc2025regg-2277931874","format":"[Gen 9] VGC 2025 Reg G","players":["monoma","Moonlight410"],"log":"|j|\u2606monoma\n|j|\u2606Moonlight410\n|t:|1736438052\n|gametype|doubles\n|player|p1|monoma|1|1563\n|player|p2|Moonlight410|266|1677\n|teamsize|p1|6\n|teamsize|p2|6\n|gen|9\n|tier|[Gen 9] VGC 2025 Reg G\n|rated|\n|rule|Species Clause: Limit one of each Pok\u00e9mon\n|rule|Item Clause: Limit 1 of each item\n|clearpoke\n|poke|p1|Calyrex-Shadow, L50|\n|poke|p1|Urshifu-*, L50, F|\n|poke|p1|Chien-Pao, L50|\n|poke|p1|Dragonite, L50, F|\n|poke|p1|Pelipper, L50, M|\n|poke|p1|Rillaboom, L50, F|\n|poke|p2|Terapagos, L50, M|\n|poke|p2|Smeargle, L50, M|\n|poke|p2|Tornadus, L50, M|\n|poke|p2|Ogerpon-Hearthflame, L50, F|\n|poke|p2|Iron Hands, L50|\n|poke|p2|Farigiraf, L50, M|\n|teampreview|4\n|inactive|Battle timer is ON: inactive players will automatically lose when time's up. (requested by Moonlight410)\n|\n|t:|1736438096\n|start\n|switch|p1a: Calyrex|Calyrex-Shadow, L50|100\/100\n|switch|p1b: Urshifu|Urshifu-Rapid-Strike, L50, F|100\/100\n|switch|p2a: Iron Hands|Iron Hands, L50|100\/100\n|switch|p2b: Farigiraf|Farigiraf, L50, M|100\/100\n|-ability|p1a: Calyrex|As One\n|-ability|p1a: Calyrex|Unnerve\n|turn|1\n|inactive|monoma has 30 seconds left.\n|inactive|Moonlight410 has 30 seconds left.\n|\n|t:|1736438125\n|move|p1a: Calyrex|Trick|p2a: Iron Hands\n|-activate|p1a: Calyrex|move: Trick|[of] p2a: Iron Hands\n|-item|p2a: Iron Hands|Choice Scarf|[from] move: Trick\n|-item|p1a: Calyrex|Assault Vest|[from] move: Trick\n|move|p1b: Urshifu|Surging Strikes|p2b: Farigiraf\n|-crit|p2b: Farigiraf\n|-damage|p2b: Farigiraf|76\/100\n|-crit|p2b: Farigiraf\n|-damage|p2b: Farigiraf|53\/100\n|-crit|p2b: Farigiraf\n|-damage|p2b: Farigiraf|32\/100\n|-hitcount|p2b: Farigiraf|3\n|-damage|p1b: Urshifu|91\/100|[from] item: Life Orb\n|move|p2a: Iron Hands|Wild Charge|p1a: Calyrex\n|-damage|p1a: Calyrex|38\/100\n|-damage|p2a: Iron Hands|88\/100|[from] Recoil\n|move|p2b: Farigiraf|Trick Room|p2b: Farigiraf\n|-fieldstart|move: Trick Room|[of] p2b: Farigiraf\n|\n|upkeep\n|turn|2\n|inactive|monoma has 30 seconds left.\n|\n|t:|1736438155\n|switch|p1b: Rillaboom|Rillaboom, L50, F|100\/100\n|-fieldstart|move: Grassy Terrain|[from] ability: Grassy Surge|[of] p1b: Rillaboom\n|-terastallize|p1a: Calyrex|Grass\n|move|p2b: Farigiraf|Foul Play|p1a: Calyrex\n|-damage|p1a: Calyrex|20\/100\n|move|p2a: Iron Hands|Wild Charge|p1b: Rillaboom\n|-resisted|p1b: Rillaboom\n|-damage|p1b: Rillaboom|77\/100\n|-damage|p2a: Iron Hands|83\/100|[from] Recoil\n|move|p1a: Calyrex|Leaf Storm|p2a: Iron Hands\n|-damage|p2a: Iron Hands|0 fnt\n|-unboost|p1a: Calyrex|spa|2\n|faint|p2a: Iron Hands\n|-end|p2a: Iron Hands|Quark Drive|[silent]\n|-ability|p1a: Calyrex|Grim Neigh|boost\n|-boost|p1a: Calyrex|spa|1\n|\n|-heal|p2b: Farigiraf|38\/100|[from] Grassy Terrain\n|-heal|p1b: Rillaboom|83\/100|[from] Grassy Terrain\n|-heal|p1a: Calyrex|26\/100|[from] Grassy Terrain\n|upkeep\n|\n|t:|1736438176\n|switch|p2a: Terapagos|Terapagos, L50, M|100\/100\n|-activate|p2a: Terapagos|ability: Tera Shift\n|detailschange|p2a: Terapagos|Terapagos-Terastal, L50, M\n|-heal|p2a: Terapagos|100\/100|[silent]\n|turn|3\n|inactive|monoma has 30 seconds left.\n|\n|t:|1736438209\n|move|p2b: Farigiraf|Helping Hand|p2a: Terapagos\n|-singleturn|p2a: Terapagos|Helping Hand|[of] p2b: Farigiraf\n|move|p1b: Rillaboom|U-turn|p2b: Farigiraf\n|-supereffective|p2b: Farigiraf\n|-damage|p2b: Farigiraf|0 fnt\n|faint|p2b: Farigiraf\n|\n|t:|1736438223\n|switch|p1b: Pelipper|Pelipper, L50, M|100\/100|[from] U-turn\n|-weather|RainDance|[from] ability: Drizzle|[of] p1b: Pelipper\n|move|p2a: Terapagos|Tera Starstorm|p1b: Pelipper\n|-damage|p1b: Pelipper|0 fnt\n|faint|p1b: Pelipper\n|move|p1a: Calyrex|Pollen Puff|p2a: Terapagos\n|-activate|p2a: Terapagos|ability: Tera Shell\n|-resisted|p2a: Terapagos\n|-damage|p2a: Terapagos|88\/100\n|\n|-weather|RainDance|[upkeep]\n|-heal|p2a: Terapagos|94\/100|[from] Grassy Terrain\n|-heal|p1a: Calyrex|32\/100|[from] Grassy Terrain\n|upkeep\n|\n|t:|1736438247\n|switch|p2b: Tornadus|Tornadus, L50, M|100\/100\n|switch|p1b: Urshifu|Urshifu-Rapid-Strike, L50, F|91\/100\n|turn|4\n|\n|t:|1736438263\n|switch|p1a: Rillaboom|Rillaboom, L50, F|83\/100\n|move|p2a: Terapagos|Tera Starstorm|p1b: Urshifu\n|-damage|p1b: Urshifu|0 fnt\n|faint|p1b: Urshifu\n|move|p2b: Tornadus|Bleakwind Storm|p1a: Rillaboom\n|-supereffective|p1a: Rillaboom\n|-damage|p1a: Rillaboom|22\/100\n|\n|-weather|RainDance|[upkeep]\n|-heal|p1a: Rillaboom|28\/100|[from] Grassy Terrain\n|-heal|p2a: Terapagos|99\/100|[from] Grassy Terrain\n|upkeep\n|inactive|monoma has 30 seconds left.\n|inactive|monoma has 20 seconds left.\n|inactive|monoma has 15 seconds left.\n|inactive|monoma has 10 seconds left.\n|inactive|monoma has 5 seconds left.\n|\n|t:|1736438318\n|switch|p1b: Calyrex|Calyrex-Shadow, L50, tera:Grass|32\/100\n|-ability|p1b: Calyrex|As One\n|-ability|p1b: Calyrex|Unnerve\n|turn|5\n|j| neebieplayersea\n|j| Lavenderawa\n|inactive|monoma has 30 seconds left.\n|inactive|monoma has 20 seconds left.\n|inactive|monoma has 15 seconds left.\n|inactive|monoma has 10 seconds left.\n|inactive|monoma has 5 seconds left.\n|\n|t:|1736438373\n|move|p1a: Rillaboom|Grassy Glide|p2b: Tornadus\n|-resisted|p2b: Tornadus\n|-crit|p2b: Tornadus\n|-damage|p2b: Tornadus|67\/100\n|-damage|p1a: Rillaboom|12\/100|[from] item: Rocky Helmet|[of] p2b: Tornadus\n|move|p2a: Terapagos|Tera Starstorm|p1b: Calyrex\n|-damage|p1b: Calyrex|0 fnt\n|faint|p1b: Calyrex\n|move|p2b: Tornadus|Bleakwind Storm|p1a: Rillaboom\n|-supereffective|p1a: Rillaboom\n|-damage|p1a: Rillaboom|0 fnt\n|faint|p1a: Rillaboom\n|\n|win|Moonlight410\n|raw|monoma's rating: 1539 &rarr; <strong>1527<\/strong><br \/>(-12 for losing)\n|raw|Moonlight410's rating: 1677 &rarr; <strong>1689<\/strong><br \/>(+12 for winning)\n|l| neebieplayersea\n|l| Lavenderawa\n|l|\u2606Moonlight410\n|player|p2|\n","uploadtime":1736438557,"views":279,"formatid":"gen9vgc2025regg","rating":1527,"private":0,"password":null}