{"id":"gen9vgc2025regg-2277385557","format":"[Gen 9] VGC 2025 Reg G","players":["alecfromkanto","Chazzitup4200"],"log":"|j|\u2606alecfromkanto\n|j|\u2606Chazzitup4200\n|t:|1736360774\n|gametype|doubles\n|player|p1|alecfromkanto|cynthia|1532\n|player|p2|Chazzitup4200|iris-gen5bw2|1596\n|teamsize|p1|6\n|teamsize|p2|6\n|gen|9\n|tier|[Gen 9] VGC 2025 Reg G\n|rated|\n|rule|Species Clause: Limit one of each Pok\u00e9mon\n|rule|Item Clause: Limit 1 of each item\n|clearpoke\n|poke|p1|Miraidon, L50|\n|poke|p1|Whimsicott, L50, F|\n|poke|p1|Iron Hands, L50|\n|poke|p1|Volcarona, L50, F|\n|poke|p1|Weavile, L50, F|\n|poke|p1|Urshifu-*, L50, F|\n|poke|p2|Eternatus, L50|\n|poke|p2|Chi-Yu, L50|\n|poke|p2|Tornadus, L50, M|\n|poke|p2|Flutter Mane, L50|\n|poke|p2|Urshifu-*, L50, M|\n|poke|p2|Rillaboom, L50, M|\n|teampreview|4\n|inactive|Battle timer is ON: inactive players will automatically lose when time's up. (requested by Chazzitup4200)\n|c|\u2606Chazzitup4200|No shottttt\n|c|\u2606Chazzitup4200|alec it\u2019s Emmanuel\n|c|\u2606alecfromkanto|?\n|c|\u2606Chazzitup4200|chazz\n|c|\u2606alecfromkanto|oh shiiiit\n|c|\u2606alecfromkanto|whats up!\n|c|\u2606Chazzitup4200|Bro hit me on discord after this\n|inactive|alecfromkanto has 60 seconds left.\n|inactive|Chazzitup4200 has 60 seconds left.\n|c|\u2606alecfromkanto|for sure\n|inactive|alecfromkanto has 30 seconds left.\n|inactive|Chazzitup4200 has 30 seconds left.\n|inactive|alecfromkanto has 20 seconds left.\n|inactive|alecfromkanto has 15 seconds left.\n|\n|t:|1736360852\n|start\n|switch|p1a: Whimsicott|Whimsicott, L50, F, shiny|100\/100\n|switch|p1b: Miraidon|Miraidon, L50|100\/100\n|switch|p2a: Eternatus|Eternatus, L50|100\/100\n|switch|p2b: Tornadus|Tornadus, L50, M|100\/100\n|-ability|p2a: Eternatus|Pressure\n|-fieldstart|move: Electric Terrain|[from] ability: Hadron Engine|[of] p1b: Miraidon\n|turn|1\n|inactive|alecfromkanto has 30 seconds left.\n|inactive|alecfromkanto has 20 seconds left.\n|inactive|alecfromkanto has 15 seconds left.\n|\n|t:|1736360892\n|switch|p2b: Rillaboom|Rillaboom, L50, M|100\/100\n|-fieldstart|move: Grassy Terrain|[from] ability: Grassy Surge|[of] p2b: Rillaboom\n|-terastallize|p2a: Eternatus|Steel\n|move|p1a: Whimsicott|Light Screen|p1a: Whimsicott\n|-sidestart|p1: alecfromkanto|move: Light Screen\n|move|p2a: Eternatus|Sludge Bomb|p1a: Whimsicott\n|-supereffective|p1a: Whimsicott\n|-damage|p1a: Whimsicott|0 fnt\n|faint|p1a: Whimsicott\n|move|p1b: Miraidon|Volt Switch|p2a: Eternatus\n|-crit|p2a: Eternatus\n|-damage|p2a: Eternatus|29\/100\n|\n|t:|1736360904\n|switch|p1b: Iron Hands|Iron Hands, L50, shiny|100\/100|[from] Volt Switch\n|\n|-heal|p2a: Eternatus|35\/100|[from] Grassy Terrain\n|upkeep\n|\n|t:|1736360908\n|switch|p1a: Weavile|Weavile, L50, F, shiny|100\/100\n|turn|2\n|\n|t:|1736360932\n|switch|p2a: Flutter Mane|Flutter Mane, L50|100\/100\n|-enditem|p2a: Flutter Mane|Booster Energy\n|-activate|p2a: Flutter Mane|ability: Protosynthesis|[fromitem]\n|-start|p2a: Flutter Mane|protosynthesisspe\n|move|p1a: Weavile|Fake Out|p2b: Rillaboom\n|-damage|p2b: Rillaboom|90\/100\n|cant|p2b: Rillaboom|flinch\n|move|p1b: Iron Hands|Wild Charge|p2a: Flutter Mane\n|-damage|p2a: Flutter Mane|16\/100\n|-damage|p1b: Iron Hands|88\/100|[from] Recoil\n|\n|-heal|p2a: Flutter Mane|22\/100|[from] Grassy Terrain\n|-heal|p2b: Rillaboom|96\/100|[from] Grassy Terrain\n|-heal|p1b: Iron Hands|93\/100|[from] Grassy Terrain\n|upkeep\n|turn|3\n|inactive|alecfromkanto has 30 seconds left.\n|inactive|Chazzitup4200 has 30 seconds left.\n|inactive|alecfromkanto has 20 seconds left.\n|inactive|Chazzitup4200 has 20 seconds left.\n|inactive|alecfromkanto has 15 seconds left.\n|inactive|Chazzitup4200 has 15 seconds left.\n|\n|t:|1736360973\n|move|p2b: Rillaboom|Grassy Glide|p1a: Weavile\n|-damage|p1a: Weavile|46\/100\n|move|p2a: Flutter Mane|Dazzling Gleam|p1b: Iron Hands|[spread] p1a,p1b\n|-supereffective|p1a: Weavile\n|-supereffective|p1b: Iron Hands\n|-damage|p1a: Weavile|3\/100\n|-damage|p1b: Iron Hands|73\/100\n|move|p1a: Weavile|Triple Axel|p2b: Rillaboom\n|-supereffective|p2b: Rillaboom\n|-damage|p2b: Rillaboom|78\/100\n|-supereffective|p2b: Rillaboom\n|-damage|p2b: Rillaboom|45\/100\n|-supereffective|p2b: Rillaboom\n|-damage|p2b: Rillaboom|1\/100\n|-hitcount|p2b: Rillaboom|3\n|move|p1b: Iron Hands|Wild Charge|p2a: Flutter Mane\n|-damage|p2a: Flutter Mane|0 fnt\n|faint|p2a: Flutter Mane\n|-end|p2a: Flutter Mane|Protosynthesis|[silent]\n|-damage|p1b: Iron Hands|70\/100|[from] Recoil\n|\n|-heal|p1a: Weavile|9\/100|[from] Grassy Terrain\n|-heal|p2b: Rillaboom|7\/100|[from] Grassy Terrain\n|-heal|p1b: Iron Hands|76\/100|[from] Grassy Terrain\n|upkeep\n|\n|t:|1736360997\n|switch|p2a: Eternatus|Eternatus, L50, tera:Steel|35\/100\n|-ability|p2a: Eternatus|Pressure\n|turn|4\n|inactive|alecfromkanto has 30 seconds left.\n|inactive|alecfromkanto has 20 seconds left.\n|\n|t:|1736361034\n|switch|p1a: Miraidon|Miraidon, L50|100\/100\n|-fieldstart|move: Electric Terrain|[from] ability: Hadron Engine|[of] p1a: Miraidon\n|-activate|p1b: Iron Hands|ability: Quark Drive\n|-start|p1b: Iron Hands|quarkdriveatk\n|switch|p2b: Tornadus|Tornadus, L50, M|100\/100\n|move|p2a: Eternatus|Protect|p2a: Eternatus\n|-singleturn|p2a: Eternatus|Protect\n|move|p1b: Iron Hands|Wild Charge|p2a: Eternatus\n|-activate|p2a: Eternatus|move: Protect\n|\n|upkeep\n|turn|5\n|inactive|alecfromkanto has 30 seconds left.\n|inactive|Chazzitup4200 has 30 seconds left.\n|inactive|alecfromkanto has 20 seconds left.\n|\n|t:|1736361075\n|switch|p2a: Rillaboom|Rillaboom, L50, M|7\/100\n|-fieldstart|move: Grassy Terrain|[from] ability: Grassy Surge|[of] p2a: Rillaboom\n|-end|p1b: Iron Hands|Quark Drive\n|-terastallize|p1a: Miraidon|Fairy\n|move|p1a: Miraidon|Volt Switch|p2b: Tornadus\n|-supereffective|p2b: Tornadus\n|-damage|p2b: Tornadus|0 fnt\n|faint|p2b: Tornadus\n|\n|t:|1736361084\n|switch|p1a: Weavile|Weavile, L50, F, shiny|9\/100|[from] Volt Switch\n|move|p1b: Iron Hands|Low Kick|p2a: Rillaboom\n|-damage|p2a: Rillaboom|0 fnt\n|faint|p2a: Rillaboom\n|\n|-heal|p1a: Weavile|15\/100|[from] Grassy Terrain\n|-heal|p1b: Iron Hands|82\/100|[from] Grassy Terrain\n|-sideend|p1: alecfromkanto|move: Light Screen\n|upkeep\n|\n|t:|1736361090\n|switch|p2b: Eternatus|Eternatus, L50, tera:Steel|35\/100\n|-ability|p2b: Eternatus|Pressure\n|turn|6\n|c|\u2606Chazzitup4200|Awesome reads dude\n|c|\u2606Chazzitup4200|gg\n|\n|t:|1736361103\n|move|p2b: Eternatus|Protect|p2b: Eternatus\n|-singleturn|p2b: Eternatus|Protect\n|move|p1a: Weavile|Fake Out|p2b: Eternatus\n|-activate|p2b: Eternatus|move: Protect\n|move|p1b: Iron Hands|Wild Charge|p2b: Eternatus\n|-activate|p2b: Eternatus|move: Protect\n|\n|-heal|p2b: Eternatus|41\/100|[from] Grassy Terrain\n|-heal|p1a: Weavile|21\/100|[from] Grassy Terrain\n|-heal|p1b: Iron Hands|88\/100|[from] Grassy Terrain\n|upkeep\n|turn|7\n|c|\u2606alecfromkanto|ggs! love that your still using eternatus haha\n|\n|t:|1736361120\n|switch|p1a: Miraidon|Miraidon, L50, tera:Fairy|100\/100\n|-fieldstart|move: Electric Terrain|[from] ability: Hadron Engine|[of] p1a: Miraidon\n|-activate|p1b: Iron Hands|ability: Quark Drive\n|-start|p1b: Iron Hands|quarkdriveatk\n|move|p2b: Eternatus|Meteor Beam||[still]\n|-prepare|p2b: Eternatus|Meteor Beam\n|-boost|p2b: Eternatus|spa|1\n|-enditem|p2b: Eternatus|Power Herb\n|-anim|p2b: Eternatus|Meteor Beam|p1a: Miraidon\n|-damage|p1a: Miraidon|47\/100\n|move|p1b: Iron Hands|Wild Charge|p2b: Eternatus\n|-damage|p2b: Eternatus|0 fnt\n|faint|p2b: Eternatus\n|-damage|p1b: Iron Hands|78\/100|[from] Recoil\n|\n|win|alecfromkanto\n|raw|alecfromkanto's rating: 1532 &rarr; <strong>1556<\/strong><br \/>(+24 for winning)\n|raw|Chazzitup4200's rating: 1596 &rarr; <strong>1572<\/strong><br \/>(-24 for losing)\n|c|\u2606Chazzitup4200|I\u2019ve been top 100 with him for the entire month LMAOO\n|c|\u2606Chazzitup4200|on a 3 game loss streak rn\n|c|\u2606alecfromkanto|wtf thats INSANE\n|c|\u2606alecfromkanto|keep it up dude\n|c|\u2606Chazzitup4200|Yeah bro, but get this\n|c|\u2606Chazzitup4200|with two accounts LOL\n|c|\u2606alecfromkanto|what!\n|c|\u2606Chazzitup4200|Yeah, I\u2019ll hit you rn\n|c|\u2606alecfromkanto|yeeee\n|l|\u2606Chazzitup4200\n|player|p2|\n","uploadtime":1736361134,"views":19,"formatid":"gen9vgc2025regg","rating":1556,"private":0,"password":null}