{"id":"gen9vgc2025regg-2278508694","format":"[Gen 9] VGC 2025 Reg G","players":["Crysantimo","sam smithy"],"log":"|j|\u2606Crysantimo\n|j|\u2606sam smithy\n|t:|1736517740\n|gametype|doubles\n|player|p1|Crysantimo|madame-gen4dp|1505\n|player|p2|sam smithy|101|1560\n|teamsize|p1|6\n|teamsize|p2|6\n|gen|9\n|tier|[Gen 9] VGC 2025 Reg G\n|rated|\n|rule|Species Clause: Limit one of each Pok\u00e9mon\n|rule|Item Clause: Limit 1 of each item\n|clearpoke\n|poke|p1|Calyrex-Shadow, L50|\n|poke|p1|Chi-Yu, L50|\n|poke|p1|Weezing-Galar, L50, M|\n|poke|p1|Dragonite, L50, F|\n|poke|p1|Clefairy, L50, F|\n|poke|p1|Pawmot, L50, M|\n|poke|p2|Tornadus, L50, M|\n|poke|p2|Kyogre, L50|\n|poke|p2|Tsareena, L50, F|\n|poke|p2|Urshifu-*, L50, F|\n|poke|p2|Chien-Pao, L50|\n|poke|p2|Rillaboom, L50, M|\n|teampreview|4\n|\n|t:|1736517771\n|start\n|switch|p1a: Calyrex|Calyrex-Shadow, L50|100\/100\n|switch|p1b: Weezing|Weezing-Galar, L50, M|100\/100\n|switch|p2a: Bukele|Tornadus, L50, M|100\/100\n|switch|p2b: Gia Li|Kyogre, L50|100\/100\n|-ability|p1a: Calyrex|As One\n|-ability|p1a: Calyrex|Unnerve\n|-ability|p1b: Weezing|Neutralizing Gas\n|turn|1\n|\n|t:|1736517794\n|move|p2b: Gia Li|Protect|p2b: Gia Li\n|-singleturn|p2b: Gia Li|Protect\n|move|p1a: Calyrex|Astral Barrage|p2a: Bukele|[spread] p2a\n|-activate|p2b: Gia Li|move: Protect\n|-enditem|p2a: Bukele|Focus Sash\n|-damage|p2a: Bukele|1\/100\n|move|p2a: Bukele|Tailwind|p2a: Bukele\n|-sidestart|p2: sam smithy|move: Tailwind\n|move|p1b: Weezing|Play Rough|p2a: Bukele\n|-damage|p2a: Bukele|0 fnt\n|faint|p2a: Bukele\n|\n|upkeep\n|inactive|Battle timer is ON: inactive players will automatically lose when time's up. (requested by Crysantimo)\n|inactive|sam smithy has 60 seconds left.\n|\n|t:|1736517841\n|switch|p2a: Dara|Tsareena, L50, F, shiny|100\/100\n|turn|2\n|inactive|Crysantimo has 30 seconds left.\n|\n|t:|1736517869\n|switch|p1a: Dragonite|Dragonite, L50, F|100\/100\n|move|p1b: Weezing|Protect|p1b: Weezing\n|-singleturn|p1b: Weezing|Protect\n|move|p2b: Gia Li|Water Spout|p1b: Weezing|[spread] p1a\n|-activate|p1b: Weezing|move: Protect\n|-resisted|p1a: Dragonite\n|-damage|p1a: Dragonite|76\/100\n|move|p2a: Dara|Triple Axel|p1b: Weezing\n|-activate|p1b: Weezing|move: Protect\n|\n|upkeep\n|turn|3\n|\n|t:|1736517879\n|-terastallize|p1a: Dragonite|Normal\n|move|p1a: Dragonite|Extreme Speed|p2b: Gia Li\n|-damage|p2b: Gia Li|51\/100\n|move|p2b: Gia Li|Water Spout|p1a: Dragonite|[spread] p1a,p1b\n|-damage|p1a: Dragonite|52\/100\n|-damage|p1b: Weezing|58\/100\n|move|p2a: Dara|Triple Axel|p1a: Dragonite\n|-damage|p1a: Dragonite|44\/100\n|-damage|p1a: Dragonite|31\/100\n|-damage|p1a: Dragonite|11\/100\n|-hitcount|p1a: Dragonite|3\n|move|p1b: Weezing|Will-O-Wisp|p2a: Dara\n|-status|p2a: Dara|brn\n|\n|-damage|p2a: Dara|95\/100 brn|[from] brn\n|upkeep\n|turn|4\n|\n|t:|1736517903\n|-end|p1b: Weezing|ability: Neutralizing Gas\n|-weather|RainDance|[from] ability: Drizzle|[of] p2b: Gia Li\n|switch|p1b: Clefairy|Clefairy, L50, F|100\/100\n|move|p1a: Dragonite|Extreme Speed||[still]\n|cant|p2a: Dara|ability: Queenly Majesty|Extreme Speed|[of] p1a: Dragonite\n|move|p2b: Gia Li|Origin Pulse|p1b: Clefairy|[spread] p1a,p1b\n|-damage|p1a: Dragonite|0 fnt\n|-damage|p1b: Clefairy|41\/100\n|faint|p1a: Dragonite\n|move|p2a: Dara|Taunt|p1b: Clefairy\n|-start|p1b: Clefairy|move: Taunt\n|\n|-weather|RainDance|[upkeep]\n|-damage|p2a: Dara|89\/100 brn|[from] brn\n|-sideend|p2: sam smithy|move: Tailwind\n|upkeep\n|\n|t:|1736517908\n|switch|p1a: Calyrex|Calyrex-Shadow, L50|100\/100\n|-ability|p1a: Calyrex|As One\n|-ability|p1a: Calyrex|Unnerve\n|turn|5\n|\n|t:|1736517919\n|switch|p2b: Ga\u00facho|Chien-Pao, L50|100\/100\n|-ability|p2b: Ga\u00facho|Sword of Ruin\n|switch|p1b: Weezing|Weezing-Galar, L50, M|58\/100\n|-ability|p1b: Weezing|Neutralizing Gas\n|move|p1a: Calyrex|Astral Barrage|p2b: Ga\u00facho|[spread] p2a,p2b\n|-resisted|p2b: Ga\u00facho\n|-damage|p2a: Dara|0 fnt\n|-damage|p2b: Ga\u00facho|60\/100\n|faint|p2a: Dara\n|-ability|p1a: Calyrex|Grim Neigh|boost\n|-boost|p1a: Calyrex|spa|1\n|\n|-weather|RainDance|[upkeep]\n|upkeep\n|\n|t:|1736517930\n|switch|p2a: Gia Li|Kyogre, L50|51\/100\n|turn|6\n|\n|t:|1736517938\n|switch|p1a: Clefairy|Clefairy, L50, F|41\/100\n|move|p2b: Ga\u00facho|Sucker Punch||[still]\n|-fail|p2b: Ga\u00facho\n|move|p2a: Gia Li|Origin Pulse|p1b: Weezing|[spread] p1a\n|-miss|p2a: Gia Li|p1b: Weezing\n|-damage|p1a: Clefairy|0 fnt\n|faint|p1a: Clefairy\n|move|p1b: Weezing|Play Rough|p2b: Ga\u00facho\n|-supereffective|p2b: Ga\u00facho\n|-damage|p2b: Ga\u00facho|0 fnt\n|faint|p2b: Ga\u00facho\n|\n|-weather|RainDance|[upkeep]\n|upkeep\n|\n|t:|1736517940\n|switch|p1a: Calyrex|Calyrex-Shadow, L50|100\/100\n|-ability|p1a: Calyrex|As One\n|-ability|p1a: Calyrex|Unnerve\n|turn|7\n|-message|sam smithy forfeited.\n|\n|win|Crysantimo\n|raw|Crysantimo's rating: 1505 &rarr; <strong>1528<\/strong><br \/>(+23 for winning)\n|raw|sam smithy's rating: 1560 &rarr; <strong>1537<\/strong><br \/>(-23 for losing)\n|l|\u2606sam smithy\n|player|p2|\n","uploadtime":1736518141,"views":26,"formatid":"gen9vgc2025regg","rating":1528,"private":0,"password":null}