{"id":"gen9vgc2025regg-2278886871","format":"[Gen 9] VGC 2025 Reg G","players":["Squ1dge_","RomanTogepi"],"log":"|j|\u2606Squ1dge_\n|j|\u2606RomanTogepi\n|t:|1736561222\n|gametype|doubles\n|player|p1|Squ1dge_|265|1653\n|player|p2|RomanTogepi|102|1690\n|teamsize|p1|6\n|teamsize|p2|6\n|gen|9\n|tier|[Gen 9] VGC 2025 Reg G\n|rated|\n|rule|Species Clause: Limit one of each Pok\u00e9mon\n|rule|Item Clause: Limit 1 of each item\n|clearpoke\n|poke|p1|Farigiraf, L50, M|\n|poke|p1|Regieleki, L50|\n|poke|p1|Landorus, L50, M|\n|poke|p1|Ogerpon-Cornerstone, L50, F|\n|poke|p1|Urshifu-*, L50, M|\n|poke|p1|Calyrex-Ice, L50|\n|poke|p2|Scream Tail, L50|\n|poke|p2|Terapagos, L50, M|\n|poke|p2|Raging Bolt, L50|\n|poke|p2|Rillaboom, L50, M|\n|poke|p2|Grimmsnarl, L50, M|\n|poke|p2|Ogerpon-Wellspring, L50, F|\n|teampreview|4\n|inactive|Battle timer is ON: inactive players will automatically lose when time's up. (requested by Squ1dge_)\n|inactive|Squ1dge_ has 60 seconds left.\n|\n|t:|1736561262\n|start\n|switch|p1a: Regieleki|Regieleki, L50|100\/100\n|switch|p1b: Landorus|Landorus, L50, M|100\/100\n|switch|p2a: Terapagos|Terapagos, L50, M|100\/100\n|switch|p2b: Grimmsnarl|Grimmsnarl, L50, M, shiny|100\/100\n|-activate|p2a: Terapagos|ability: Tera Shift\n|detailschange|p2a: Terapagos|Terapagos-Terastal, L50, M\n|-heal|p2a: Terapagos|100\/100|[silent]\n|turn|1\n|\n|t:|1736561282\n|move|p2b: Grimmsnarl|Light Screen|p2b: Grimmsnarl\n|-sidestart|p2: RomanTogepi|move: Light Screen\n|move|p1a: Regieleki|Electroweb|p2b: Grimmsnarl|[spread] p2a,p2b\n|-activate|p2a: Terapagos|ability: Tera Shell\n|-resisted|p2a: Terapagos\n|-damage|p2a: Terapagos|94\/100\n|-damage|p2b: Grimmsnarl|82\/100\n|-unboost|p2a: Terapagos|spe|1\n|-unboost|p2b: Grimmsnarl|spe|1\n|move|p1b: Landorus|Sludge Bomb|p2b: Grimmsnarl\n|-supereffective|p2b: Grimmsnarl\n|-damage|p2b: Grimmsnarl|10\/100\n|move|p2a: Terapagos|Calm Mind|p2a: Terapagos\n|-boost|p2a: Terapagos|spa|1\n|-boost|p2a: Terapagos|spd|1\n|\n|-heal|p2a: Terapagos|99\/100|[from] item: Leftovers\n|upkeep\n|turn|2\n|\n|t:|1736561307\n|-terastallize|p2a: Terapagos|Stellar\n|detailschange|p2a: Terapagos|Terapagos-Stellar, L50, M, tera:Stellar\n|-heal|p2a: Terapagos|99\/100|[silent]\n|move|p2b: Grimmsnarl|Reflect|p2b: Grimmsnarl\n|-sidestart|p2: RomanTogepi|Reflect\n|move|p1a: Regieleki|Volt Switch|p2a: Terapagos\n|-damage|p2a: Terapagos|88\/100\n|\n|t:|1736561317\n|switch|p1a: Calyrex|Calyrex-Ice, L50|100\/100|[from] Volt Switch\n|-ability|p1a: Calyrex|As One\n|-ability|p1a: Calyrex|Unnerve\n|move|p1b: Landorus|Sandsear Storm|p2a: Terapagos|[spread] p2a,p2b\n|-damage|p2a: Terapagos|74\/100\n|-damage|p2b: Grimmsnarl|0 fnt\n|faint|p2b: Grimmsnarl\n|move|p2a: Terapagos|Tera Starstorm|p1a: Calyrex|[spread] p1a,p1b\n|-damage|p1a: Calyrex|59\/100\n|-damage|p1b: Landorus|23\/100\n|\n|-heal|p2a: Terapagos|80\/100|[from] item: Leftovers\n|upkeep\n|\n|t:|1736561324\n|switch|p2b: Raging Bolt|Raging Bolt, L50|100\/100\n|turn|3\n|\n|t:|1736561347\n|move|p2b: Raging Bolt|Protect|p2b: Raging Bolt\n|-singleturn|p2b: Raging Bolt|Protect\n|move|p1b: Landorus|Earth Power|p2b: Raging Bolt\n|-activate|p2b: Raging Bolt|move: Protect\n|move|p1a: Calyrex|Glacial Lance|p2b: Raging Bolt|[spread] p2a\n|-activate|p2b: Raging Bolt|move: Protect\n|-damage|p2a: Terapagos|55\/100\n|move|p2a: Terapagos|Tera Starstorm|p1b: Landorus|[spread] p1a,p1b\n|-damage|p1a: Calyrex|22\/100\n|-damage|p1b: Landorus|0 fnt\n|faint|p1b: Landorus\n|\n|-heal|p2a: Terapagos|61\/100|[from] item: Leftovers\n|upkeep\n|\n|t:|1736561363\n|switch|p1b: Urshifu|Urshifu-Rapid-Strike, L50, M|100\/100\n|turn|4\n|\n|t:|1736561379\n|-terastallize|p1b: Urshifu|Normal\n|move|p2b: Raging Bolt|Thunderclap|p1b: Urshifu\n|-damage|p1b: Urshifu|29\/100\n|-damage|p2b: Raging Bolt|91\/100|[from] item: Life Orb\n|move|p1b: Urshifu|Close Combat|p2a: Terapagos\n|-supereffective|p2a: Terapagos\n|-damage|p2a: Terapagos|8\/100\n|-unboost|p1b: Urshifu|def|1\n|-unboost|p1b: Urshifu|spd|1\n|move|p1a: Calyrex|Glacial Lance|p2a: Terapagos|[spread] p2a,p2b\n|-supereffective|p2b: Raging Bolt\n|-damage|p2a: Terapagos|0 fnt\n|-damage|p2b: Raging Bolt|30\/100\n|faint|p2a: Terapagos\n|-ability|p1a: Calyrex|Chilling Neigh|boost\n|-boost|p1a: Calyrex|atk|1\n|\n|upkeep\n|\n|t:|1736561386\n|switch|p2a: Scream Tail|Scream Tail, L50, shiny|100\/100\n|-enditem|p2a: Scream Tail|Booster Energy\n|-activate|p2a: Scream Tail|ability: Protosynthesis|[fromitem]\n|-start|p2a: Scream Tail|protosynthesisspe\n|turn|5\n|inactive|Squ1dge_ has 30 seconds left.\n|inactive|Squ1dge_ has 20 seconds left.\n|inactive|RomanTogepi has 30 seconds left.\n|inactive|Squ1dge_ has 15 seconds left.\n|inactive|Squ1dge_ has 10 seconds left.\n|inactive|Squ1dge_ has 5 seconds left.\n|\n|t:|1736561440\n|move|p2a: Scream Tail|Dazzling Gleam|p1a: Calyrex|[spread] p1a,p1b\n|-damage|p1a: Calyrex|12\/100\n|-damage|p1b: Urshifu|0 fnt\n|faint|p1b: Urshifu\n|move|p2b: Raging Bolt|Thunderbolt|p1a: Calyrex\n|-damage|p1a: Calyrex|0 fnt\n|faint|p1a: Calyrex\n|-damage|p2b: Raging Bolt|20\/100|[from] item: Life Orb\n|\n|upkeep\n|\n|t:|1736561451\n|switch|p1b: Regieleki|Regieleki, L50|100\/100\n|turn|6\n|\n|t:|1736561463\n|move|p2a: Scream Tail|Protect|p2a: Scream Tail\n|-singleturn|p2a: Scream Tail|Protect\n|move|p2b: Raging Bolt|Protect|p2b: Raging Bolt\n|-singleturn|p2b: Raging Bolt|Protect\n|move|p1b: Regieleki|Thunderbolt|p2a: Scream Tail\n|-activate|p2a: Scream Tail|move: Protect\n|\n|upkeep\n|turn|7\n|\n|t:|1736561477\n|move|p1b: Regieleki|Protect|p1b: Regieleki\n|-singleturn|p1b: Regieleki|Protect\n|move|p2a: Scream Tail|Encore|p1b: Regieleki\n|-activate|p1b: Regieleki|move: Protect\n|move|p2b: Raging Bolt|Draco Meteor|p1b: Regieleki\n|-activate|p1b: Regieleki|move: Protect\n|\n|upkeep\n|turn|8\n|\n|t:|1736561486\n|move|p2a: Scream Tail|Encore|p1b: Regieleki\n|-start|p1b: Regieleki|Encore\n|move|p1b: Regieleki|Protect||[still]\n|-fail|p1b: Regieleki\n|move|p2b: Raging Bolt|Draco Meteor|p1b: Regieleki\n|-enditem|p1b: Regieleki|Focus Sash\n|-damage|p1b: Regieleki|1\/100\n|-unboost|p2b: Raging Bolt|spa|2\n|-damage|p2b: Raging Bolt|10\/100|[from] item: Life Orb\n|\n|-sideend|p2: RomanTogepi|move: Light Screen\n|upkeep\n|turn|9\n|-message|Squ1dge_ forfeited.\n|\n|win|RomanTogepi\n|raw|Squ1dge_'s rating: 1653 &rarr; <strong>1635<\/strong><br \/>(-18 for losing)\n|raw|RomanTogepi's rating: 1690 &rarr; <strong>1708<\/strong><br \/>(+18 for winning)\n|l|\u2606Squ1dge_\n|player|p1|\n","uploadtime":1736561632,"views":187,"formatid":"gen9vgc2025regg","rating":1635,"private":0,"password":null}