{"id":"gen9vgc2025regg-2278757624","format":"[Gen 9] VGC 2025 Reg G","players":["sheepie_sheep1","Team715"],"log":"|j|\u2606sheepie_sheep1\n|j|\u2606Team715\n|t:|1736544606\n|gametype|doubles\n|player|p1|sheepie_sheep1|scientist-gen4dp|1558\n|player|p2|Team715|volkner|1611\n|teamsize|p1|6\n|teamsize|p2|6\n|gen|9\n|tier|[Gen 9] VGC 2025 Reg G\n|rated|\n|rule|Species Clause: Limit one of each Pok\u00e9mon\n|rule|Item Clause: Limit 1 of each item\n|clearpoke\n|poke|p1|Zacian-*, L50|\n|poke|p1|Tornadus, L50, M|\n|poke|p1|Urshifu-*, L50, F|\n|poke|p1|Ogerpon, L50, F|\n|poke|p1|Incineroar, L50, F|\n|poke|p1|Chien-Pao, L50|\n|poke|p2|Calyrex-Shadow, L50|\n|poke|p2|Rillaboom, L50, M|\n|poke|p2|Incineroar, L50, M|\n|poke|p2|Urshifu-*, L50, M|\n|poke|p2|Raging Bolt, L50|\n|poke|p2|Ursaluna, L50, M|\n|teampreview|4\n|\n|t:|1736544654\n|start\n|switch|p1a: Incineroar|Incineroar, L50, F|100\/100\n|switch|p1b: Ogerpon|Ogerpon, L50, F|100\/100\n|switch|p2a: Incineroar|Incineroar, L50, M, shiny|100\/100\n|switch|p2b: Urshifu|Urshifu-Rapid-Strike, L50, M|100\/100\n|-ability|p2a: Incineroar|Intimidate|boost\n|-unboost|p1a: Incineroar|atk|1\n|-unboost|p1b: Ogerpon|atk|1\n|-ability|p1b: Ogerpon|Defiant|boost\n|-boost|p1b: Ogerpon|atk|2\n|-ability|p1a: Incineroar|Intimidate|boost\n|-unboost|p2a: Incineroar|atk|1\n|-unboost|p2b: Urshifu|atk|1\n|turn|1\n|\n|t:|1736544671\n|switch|p2a: Raging Bolt|Raging Bolt, L50|100\/100\n|-enditem|p2a: Raging Bolt|Booster Energy\n|-activate|p2a: Raging Bolt|ability: Protosynthesis|[fromitem]\n|-start|p2a: Raging Bolt|protosynthesisspa\n|move|p1b: Ogerpon|Spiky Shield|p1b: Ogerpon\n|-singleturn|p1b: Ogerpon|move: Protect\n|move|p2b: Urshifu|Detect|p2b: Urshifu\n|-singleturn|p2b: Urshifu|Protect\n|move|p1a: Incineroar|Fake Out|p2b: Urshifu\n|-activate|p2b: Urshifu|move: Protect\n|\n|upkeep\n|turn|2\n|\n|t:|1736544694\n|-terastallize|p1a: Incineroar|Grass\n|move|p1b: Ogerpon|Ivy Cudgel|p2b: Urshifu\n|-supereffective|p2b: Urshifu\n|-enditem|p2b: Urshifu|Focus Sash\n|-damage|p2b: Urshifu|1\/100\n|move|p2b: Urshifu|Surging Strikes|p1a: Incineroar\n|-resisted|p1a: Incineroar\n|-crit|p1a: Incineroar\n|-damage|p1a: Incineroar|90\/100\n|-resisted|p1a: Incineroar\n|-crit|p1a: Incineroar\n|-damage|p1a: Incineroar|80\/100\n|-resisted|p1a: Incineroar\n|-crit|p1a: Incineroar\n|-damage|p1a: Incineroar|70\/100\n|-hitcount|p1a: Incineroar|3\n|move|p2a: Raging Bolt|Dragon Pulse|p1b: Ogerpon\n|-damage|p1b: Ogerpon|26\/100\n|move|p1a: Incineroar|U-turn|p2b: Urshifu\n|-resisted|p2b: Urshifu\n|-damage|p2b: Urshifu|0 fnt\n|faint|p2b: Urshifu\n|\n|t:|1736544703\n|switch|p1a: Chien-Pao|Chien-Pao, L50|100\/100|[from] U-turn\n|-ability|p1a: Chien-Pao|Sword of Ruin\n|\n|upkeep\n|\n|t:|1736544714\n|switch|p2b: Incineroar|Incineroar, L50, M, shiny|100\/100\n|-ability|p2b: Incineroar|Intimidate|boost\n|-unboost|p1a: Chien-Pao|atk|1\n|-unboost|p1b: Ogerpon|atk|1\n|-ability|p1b: Ogerpon|Defiant|boost\n|-boost|p1b: Ogerpon|atk|2\n|turn|3\n|inactive|Battle timer is ON: inactive players will automatically lose when time's up. (requested by Team715)\n|\n|t:|1736544745\n|move|p1a: Chien-Pao|Protect|p1a: Chien-Pao\n|-singleturn|p1a: Chien-Pao|Protect\n|move|p1b: Ogerpon|Spiky Shield|p1b: Ogerpon\n|-singleturn|p1b: Ogerpon|move: Protect\n|move|p2b: Incineroar|Fake Out|p1a: Chien-Pao\n|-activate|p1a: Chien-Pao|move: Protect\n|move|p2a: Raging Bolt|Thunderbolt|p1a: Chien-Pao\n|-activate|p1a: Chien-Pao|move: Protect\n|\n|upkeep\n|turn|4\n|\n|t:|1736544757\n|-terastallize|p2a: Raging Bolt|Fairy\n|move|p2a: Raging Bolt|Thunderclap|p1b: Ogerpon\n|-resisted|p1b: Ogerpon\n|-damage|p1b: Ogerpon|0 fnt\n|faint|p1b: Ogerpon\n|move|p1a: Chien-Pao|Ice Spinner|p2a: Raging Bolt\n|-crit|p2a: Raging Bolt\n|-damage|p2a: Raging Bolt|33\/100\n|move|p2b: Incineroar|Flare Blitz|p1a: Chien-Pao\n|-supereffective|p1a: Chien-Pao\n|-enditem|p1a: Chien-Pao|Focus Sash\n|-damage|p1a: Chien-Pao|1\/100\n|-damage|p2b: Incineroar|75\/100|[from] Recoil\n|\n|upkeep\n|\n|t:|1736544766\n|switch|p1b: Zacian|Zacian-Crowned, L50|100\/100\n|-ability|p1b: Zacian|Intrepid Sword|boost\n|-boost|p1b: Zacian|atk|1\n|turn|5\n|\n|t:|1736544782\n|switch|p1a: Incineroar|Incineroar, L50, F, tera:Grass|70\/100\n|-ability|p1a: Incineroar|Intimidate|boost\n|-unboost|p2a: Raging Bolt|atk|1\n|-unboost|p2b: Incineroar|atk|1\n|switch|p2b: Calyrex|Calyrex-Shadow, L50|100\/100\n|-ability|p2b: Calyrex|As One\n|-ability|p2b: Calyrex|Unnerve\n|move|p1b: Zacian|Protect|p1b: Zacian\n|-singleturn|p1b: Zacian|Protect\n|move|p2a: Raging Bolt|Protect||[still]\n|-fail|p2a: Raging Bolt\n|\n|upkeep\n|turn|6\n|inactive|Team715 has 30 seconds left.\n|\n|t:|1736544810\n|move|p2b: Calyrex|Protect|p2b: Calyrex\n|-singleturn|p2b: Calyrex|Protect\n|move|p2a: Raging Bolt|Protect|p2a: Raging Bolt\n|-singleturn|p2a: Raging Bolt|Protect\n|move|p1b: Zacian|Behemoth Blade|p2a: Raging Bolt\n|-activate|p2a: Raging Bolt|move: Protect\n|move|p1a: Incineroar|Knock Off|p2b: Calyrex\n|-activate|p2b: Calyrex|move: Protect\n|\n|upkeep\n|turn|7\n|\n|t:|1736544830\n|move|p2a: Raging Bolt|Thunderclap|p1a: Incineroar\n|-resisted|p1a: Incineroar\n|-damage|p1a: Incineroar|54\/100\n|move|p1b: Zacian|Play Rough|p2a: Raging Bolt|[miss]\n|-miss|p1b: Zacian|p2a: Raging Bolt\n|move|p2b: Calyrex|Astral Barrage|p1b: Zacian|[spread] p1a,p1b\n|-damage|p1a: Incineroar|19\/100\n|-damage|p1b: Zacian|49\/100\n|move|p1a: Incineroar|Knock Off|p2b: Calyrex\n|-supereffective|p2b: Calyrex\n|-damage|p2b: Calyrex|0 fnt\n|-enditem|p2b: Calyrex|Spell Tag|[from] move: Knock Off|[of] p1a: Incineroar\n|faint|p2b: Calyrex\n|\n|upkeep\n|\n|t:|1736544840\n|switch|p2b: Incineroar|Incineroar, L50, M, shiny|75\/100\n|-ability|p2b: Incineroar|Intimidate|boost\n|-unboost|p1a: Incineroar|atk|1\n|-unboost|p1b: Zacian|atk|1\n|turn|8\n|\n|t:|1736544852\n|switch|p1a: Chien-Pao|Chien-Pao, L50|1\/100\n|-ability|p1a: Chien-Pao|Sword of Ruin\n|move|p1b: Zacian|Protect|p1b: Zacian\n|-singleturn|p1b: Zacian|Protect\n|move|p2b: Incineroar|Fake Out|p1b: Zacian\n|-activate|p1b: Zacian|move: Protect\n|move|p2a: Raging Bolt|Dragon Pulse|p1a: Chien-Pao\n|-damage|p1a: Chien-Pao|0 fnt\n|faint|p1a: Chien-Pao\n|\n|upkeep\n|\n|t:|1736544859\n|switch|p1a: Incineroar|Incineroar, L50, F, tera:Grass|19\/100\n|-ability|p1a: Incineroar|Intimidate|boost\n|-unboost|p2a: Raging Bolt|atk|1\n|-unboost|p2b: Incineroar|atk|1\n|turn|9\n|j| Nw0ye\n|inactive|Team715 has 30 seconds left.\n|\n|t:|1736544888\n|move|p2a: Raging Bolt|Thunderclap|p1b: Zacian\n|-damage|p1b: Zacian|4\/100\n|move|p1b: Zacian|Sacred Sword|p2b: Incineroar\n|-supereffective|p2b: Incineroar\n|-damage|p2b: Incineroar|6\/100\n|move|p2b: Incineroar|Flare Blitz|p1b: Zacian\n|-supereffective|p1b: Zacian\n|-damage|p1b: Zacian|0 fnt\n|faint|p1b: Zacian\n|-damage|p2b: Incineroar|5\/100|[from] Recoil\n|move|p1a: Incineroar|Flare Blitz|p2b: Incineroar\n|-resisted|p2b: Incineroar\n|-damage|p2b: Incineroar|0 fnt\n|faint|p2b: Incineroar\n|-damage|p1a: Incineroar|17\/100|[from] Recoil\n|\n|upkeep\n|turn|10\n|-message|sheepie_sheep1 forfeited.\n|\n|win|Team715\n|raw|sheepie_sheep1's rating: 1558 &rarr; <strong>1541<\/strong><br \/>(-17 for losing)\n|raw|Team715's rating: 1611 &rarr; <strong>1628<\/strong><br \/>(+17 for winning)\n|l|\u2606sheepie_sheep1\n|player|p1|\n|l|\u2606Team715\n|player|p2|\n|l| Nw0ye\n","uploadtime":1736545166,"views":174,"formatid":"gen9vgc2025regg","rating":1541,"private":0,"password":null}