{"id":"gen9vgc2025regg-2278726715","format":"[Gen 9] VGC 2025 Reg G","players":["poopsweq69","sheepie_sheep1"],"log":"|j|\u2606poopsweq69\n|j|\u2606sheepie_sheep1\n|t:|1736541129\n|gametype|doubles\n|player|p1|poopsweq69|2|1549\n|player|p2|sheepie_sheep1|scientist-gen4dp|1530\n|teamsize|p1|6\n|teamsize|p2|6\n|gen|9\n|tier|[Gen 9] VGC 2025 Reg G\n|rated|\n|rule|Species Clause: Limit one of each Pok\u00e9mon\n|rule|Item Clause: Limit 1 of each item\n|clearpoke\n|poke|p1|Zamazenta-*, L50|\n|poke|p1|Chien-Pao, L50|\n|poke|p1|Flutter Mane, L50|\n|poke|p1|Rillaboom, L50, M|\n|poke|p1|Amoonguss, L50, M|\n|poke|p1|Chi-Yu, L50|\n|poke|p2|Zacian-*, L50|\n|poke|p2|Tornadus, L50, M|\n|poke|p2|Urshifu-*, L50, F|\n|poke|p2|Ogerpon, L50, F|\n|poke|p2|Incineroar, L50, F|\n|poke|p2|Chien-Pao, L50|\n|teampreview|4\n|inactive|Battle timer is ON: inactive players will automatically lose when time's up. (requested by poopsweq69)\n|inactive|poopsweq69 has 60 seconds left.\n|inactive|sheepie_sheep1 has 60 seconds left.\n|inactive|poopsweq69 has 30 seconds left.\n|inactive|poopsweq69 has 20 seconds left.\n|inactive|poopsweq69 has 15 seconds left.\n|\n|t:|1736541208\n|start\n|switch|p1a: Rillaboom|Rillaboom, L50, M|100\/100\n|switch|p1b: Chien-Pao|Chien-Pao, L50|100\/100\n|switch|p2a: Tornadus|Tornadus, L50, M|100\/100\n|switch|p2b: Urshifu|Urshifu-Rapid-Strike, L50, F|100\/100\n|-ability|p1b: Chien-Pao|Sword of Ruin\n|-fieldstart|move: Grassy Terrain|[from] ability: Grassy Surge|[of] p1a: Rillaboom\n|turn|1\n|inactive|sheepie_sheep1 has 30 seconds left.\n|inactive|sheepie_sheep1 has 20 seconds left.\n|inactive|poopsweq69 has 30 seconds left.\n|inactive|sheepie_sheep1 has 15 seconds left.\n|inactive|sheepie_sheep1 has 10 seconds left.\n|\n|t:|1736541254\n|-terastallize|p2b: Urshifu|Ghost\n|move|p2b: Urshifu|Surging Strikes|p1b: Chien-Pao\n|-crit|p1b: Chien-Pao\n|-damage|p1b: Chien-Pao|70\/100\n|-crit|p1b: Chien-Pao\n|-damage|p1b: Chien-Pao|40\/100\n|-crit|p1b: Chien-Pao\n|-damage|p1b: Chien-Pao|9\/100\n|-hitcount|p1b: Chien-Pao|3\n|move|p1b: Chien-Pao|Icicle Crash|p2a: Tornadus|[miss]\n|-miss|p1b: Chien-Pao|p2a: Tornadus\n|move|p2a: Tornadus|Bleakwind Storm|p1b: Chien-Pao|[spread] p1a,p1b\n|-supereffective|p1a: Rillaboom\n|-damage|p1a: Rillaboom|44\/100\n|-damage|p1b: Chien-Pao|0 fnt\n|faint|p1b: Chien-Pao\n|move|p1a: Rillaboom|Wood Hammer|p2b: Urshifu\n|-damage|p2b: Urshifu|20\/100\n|-damage|p1a: Rillaboom|20\/100|[from] Recoil\n|\n|-heal|p2b: Urshifu|26\/100|[from] Grassy Terrain\n|-heal|p1a: Rillaboom|26\/100|[from] Grassy Terrain\n|upkeep\n|c|\u2606poopsweq69|bruh\n|j| ideaE\n|j| max9713\n|\n|t:|1736541274\n|switch|p1b: Zamazenta|Zamazenta-Crowned, L50|100\/100\n|-ability|p1b: Zamazenta|Dauntless Shield|boost\n|-boost|p1b: Zamazenta|def|1\n|turn|2\n|\n|t:|1736541292\n|switch|p2b: Chien-Pao|Chien-Pao, L50|100\/100\n|-ability|p2b: Chien-Pao|Sword of Ruin\n|move|p2a: Tornadus|Bleakwind Storm|p1a: Rillaboom|[spread] p1a,p1b\n|-supereffective|p1a: Rillaboom\n|-damage|p1a: Rillaboom|0 fnt\n|-damage|p1b: Zamazenta|75\/100\n|faint|p1a: Rillaboom\n|move|p1b: Zamazenta|Heavy Slam|p2a: Tornadus\n|-damage|p2a: Tornadus|11\/100\n|\n|-heal|p1b: Zamazenta|81\/100|[from] Grassy Terrain\n|upkeep\n|\n|t:|1736541300\n|switch|p1a: Amoonguss|Amoonguss, L50, M|100\/100\n|turn|3\n|\n|t:|1736541317\n|-terastallize|p1a: Amoonguss|Fairy\n|move|p2a: Tornadus|Taunt|p1a: Amoonguss\n|-start|p1a: Amoonguss|move: Taunt\n|move|p2b: Chien-Pao|Ice Spinner|p1a: Amoonguss\n|-damage|p1a: Amoonguss|64\/100\n|-damage|p2b: Chien-Pao|84\/100|[from] item: Rocky Helmet|[of] p1a: Amoonguss\n|-fieldend|move: Grassy Terrain\n|move|p1b: Zamazenta|Heavy Slam|p2a: Tornadus\n|-damage|p2a: Tornadus|0 fnt\n|faint|p2a: Tornadus\n|cant|p1a: Amoonguss|move: Taunt|Spore\n|\n|upkeep\n|\n|t:|1736541325\n|switch|p2a: Zacian|Zacian-Crowned, L50|100\/100\n|-ability|p2a: Zacian|Intrepid Sword|boost\n|-boost|p2a: Zacian|atk|1\n|turn|4\n|\n|t:|1736541333\n|move|p2a: Zacian|Behemoth Blade|p1a: Amoonguss\n|-supereffective|p1a: Amoonguss\n|-damage|p1a: Amoonguss|0 fnt\n|-damage|p2a: Zacian|84\/100|[from] item: Rocky Helmet|[of] p1a: Amoonguss\n|faint|p1a: Amoonguss\n|move|p2b: Chien-Pao|Throat Chop|p1b: Zamazenta\n|-resisted|p1b: Zamazenta\n|-damage|p1b: Zamazenta|70\/100\n|-start|p1b: Zamazenta|Throat Chop|[silent]\n|move|p1b: Zamazenta|Body Press|p2a: Zacian\n|-damage|p2a: Zacian|7\/100\n|\n|upkeep\n|turn|5\n|\n|t:|1736541346\n|move|p2a: Zacian|Sacred Sword|p1b: Zamazenta\n|-supereffective|p1b: Zamazenta\n|-damage|p1b: Zamazenta|0 fnt\n|faint|p1b: Zamazenta\n|\n|win|sheepie_sheep1\n|raw|poopsweq69's rating: 1549 &rarr; <strong>1528<\/strong><br \/>(-21 for losing)\n|raw|sheepie_sheep1's rating: 1530 &rarr; <strong>1551<\/strong><br \/>(+21 for winning)\n|l|\u2606poopsweq69\n|player|p1|\n|l|\u2606sheepie_sheep1\n|player|p2|\n|l| max9713\n|l| ideaE\n","uploadtime":1736541514,"views":172,"formatid":"gen9vgc2025regg","rating":1528,"private":0,"password":null}