{"id":"gen9vgc2025regg-2278485160","format":"[Gen 9] VGC 2025 Reg G","players":["501JFW","stbai"],"log":"|j|\u203d501JFW\n|j|\u2606stbai\n|t:|1736514557\n|gametype|doubles\n|player|p1|501JFW|266|1584\n|player|p2|stbai|janitor|1620\n|teamsize|p1|6\n|teamsize|p2|6\n|gen|9\n|tier|[Gen 9] VGC 2025 Reg G\n|rated|\n|rule|Species Clause: Limit one of each Pok\u00e9mon\n|rule|Item Clause: Limit 1 of each item\n|clearpoke\n|poke|p1|Calyrex-Ice, L50|\n|poke|p1|Iron Valiant, L50|\n|poke|p1|Ogerpon-Cornerstone, L50, F|\n|poke|p1|Urshifu-*, L50, M|\n|poke|p1|Raging Bolt, L50|\n|poke|p1|Clefairy, L50, F|\n|poke|p2|Tatsugiri, L50, F|\n|poke|p2|Terapagos, L50, M|\n|poke|p2|Pawmot, L50, F|\n|poke|p2|Flutter Mane, L50|\n|poke|p2|Latios, L50, M|\n|poke|p2|Dondozo, L50, F|\n|teampreview|4\n|inactive|Battle timer is ON: inactive players will automatically lose when time's up. (requested by stbai)\n|inactive|501JFW has 60 seconds left.\n|\n|t:|1736514607\n|start\n|switch|p1a: Calyrex|Calyrex-Ice, L50|100\/100\n|switch|p1b: Urshifu|Urshifu-Rapid-Strike, L50, M|100\/100\n|switch|p2a: Terapagos|Terapagos, L50, M|100\/100\n|switch|p2b: Latios|Latios, L50, M|100\/100\n|-activate|p2a: Terapagos|ability: Tera Shift\n|detailschange|p2a: Terapagos|Terapagos-Terastal, L50, M\n|-heal|p2a: Terapagos|100\/100|[silent]\n|-ability|p1a: Calyrex|As One\n|-ability|p1a: Calyrex|Unnerve\n|turn|1\n|\n|t:|1736514616\n|-terastallize|p2a: Terapagos|Stellar\n|detailschange|p2a: Terapagos|Terapagos-Stellar, L50, M, tera:Stellar\n|-heal|p2a: Terapagos|100\/100|[silent]\n|move|p1b: Urshifu|Protect|p1b: Urshifu\n|-singleturn|p1b: Urshifu|Protect\n|move|p2b: Latios|Luster Purge|p1b: Urshifu\n|-activate|p1b: Urshifu|move: Protect\n|move|p2a: Terapagos|Tera Starstorm|p1b: Urshifu|[spread] p1a\n|-activate|p1b: Urshifu|move: Protect\n|-damage|p1a: Calyrex|61\/100\n|move|p1a: Calyrex|Glacial Lance|p2a: Terapagos|[spread] p2a,p2b\n|-supereffective|p2b: Latios\n|-damage|p2a: Terapagos|63\/100\n|-damage|p2b: Latios|0 fnt\n|faint|p2b: Latios\n|-ability|p1a: Calyrex|Chilling Neigh|boost\n|-boost|p1a: Calyrex|atk|1\n|\n|upkeep\n|\n|t:|1736514619\n|switch|p2b: Dondozo|Dondozo, L50, F|100\/100\n|turn|2\n|\n|t:|1736514637\n|move|p1b: Urshifu|Close Combat|p2a: Terapagos\n|-supereffective|p2a: Terapagos\n|-damage|p2a: Terapagos|0 fnt\n|-unboost|p1b: Urshifu|def|1\n|-unboost|p1b: Urshifu|spd|1\n|faint|p2a: Terapagos\n|move|p2b: Dondozo|Substitute|p2b: Dondozo\n|-start|p2b: Dondozo|Substitute\n|-damage|p2b: Dondozo|75\/100\n|move|p1a: Calyrex|Glacial Lance|p2b: Dondozo\n|-resisted|p2b: Dondozo\n|-end|p2b: Dondozo|Substitute\n|\n|-heal|p2b: Dondozo|82\/100|[from] item: Leftovers\n|upkeep\n|\n|t:|1736514641\n|switch|p2a: Tatsugiri|Tatsugiri, L50, F|100\/100\n|-activate|p2a: Tatsugiri|ability: Commander|[of] p2b: Dondozo\n|-boost|p2b: Dondozo|atk|2\n|-boost|p2b: Dondozo|spa|2\n|-boost|p2b: Dondozo|spe|2\n|-boost|p2b: Dondozo|def|2\n|-boost|p2b: Dondozo|spd|2\n|turn|3\n|\n|t:|1736514651\n|move|p2b: Dondozo|Earthquake|p1a: Calyrex|[spread] p1a,p1b\n|-miss|p2b: Dondozo|p2a: Tatsugiri\n|-damage|p1a: Calyrex|35\/100\n|-damage|p1b: Urshifu|56\/100\n|move|p1b: Urshifu|Surging Strikes|p2b: Dondozo\n|-resisted|p2b: Dondozo\n|-crit|p2b: Dondozo\n|-damage|p2b: Dondozo|74\/100\n|-resisted|p2b: Dondozo\n|-crit|p2b: Dondozo\n|-damage|p2b: Dondozo|66\/100\n|-resisted|p2b: Dondozo\n|-crit|p2b: Dondozo\n|-damage|p2b: Dondozo|58\/100\n|-hitcount|p2b: Dondozo|3\n|move|p1a: Calyrex|High Horsepower|p2b: Dondozo|[miss]\n|-miss|p1a: Calyrex|p2b: Dondozo\n|\n|-heal|p2b: Dondozo|64\/100|[from] item: Leftovers\n|upkeep\n|turn|4\n|\n|t:|1736514667\n|move|p1b: Urshifu|Protect|p1b: Urshifu\n|-singleturn|p1b: Urshifu|Protect\n|move|p2b: Dondozo|Order Up|p1b: Urshifu\n|-activate|p1b: Urshifu|move: Protect\n|move|p1a: Calyrex|High Horsepower|p2b: Dondozo\n|-damage|p2b: Dondozo|49\/100\n|\n|-heal|p2b: Dondozo|55\/100|[from] item: Leftovers\n|upkeep\n|turn|5\n|\n|t:|1736514686\n|switch|p1b: Iron Valiant|Iron Valiant, L50, shiny|100\/100\n|-enditem|p1b: Iron Valiant|Booster Energy\n|-activate|p1b: Iron Valiant|ability: Quark Drive|[fromitem]\n|-start|p1b: Iron Valiant|quarkdrivespe\n|move|p2b: Dondozo|Order Up|p1b: Iron Valiant\n|-immune|p1b: Iron Valiant\n|move|p1a: Calyrex|High Horsepower|p2b: Dondozo\n|-damage|p2b: Dondozo|40\/100\n|\n|-heal|p2b: Dondozo|46\/100|[from] item: Leftovers\n|upkeep\n|turn|6\n|\n|t:|1736514697\n|move|p1a: Calyrex|Protect|p1a: Calyrex\n|-singleturn|p1a: Calyrex|Protect\n|move|p1b: Iron Valiant|Encore|p2b: Dondozo\n|-start|p2b: Dondozo|Encore\n|move|p2b: Dondozo|Order Up|p1a: Calyrex\n|-activate|p1a: Calyrex|move: Protect\n|\n|-heal|p2b: Dondozo|52\/100|[from] item: Leftovers\n|upkeep\n|turn|7\n|\n|t:|1736514707\n|switch|p1a: Raging Bolt|Raging Bolt, L50|100\/100\n|move|p1b: Iron Valiant|Disable|p2b: Dondozo\n|-start|p2b: Dondozo|Disable|Order Up\n|cant|p2b: Dondozo|Disable|Order Up\n|\n|-heal|p2b: Dondozo|58\/100|[from] item: Leftovers\n|upkeep\n|turn|8\n|\n|t:|1736514723\n|move|p1b: Iron Valiant|Moonblast|p2b: Dondozo\n|-damage|p2b: Dondozo|41\/100\n|-activate|p2b: Dondozo|move: Struggle\n|move|p2b: Dondozo|Struggle|p1a: Raging Bolt\n|-damage|p1a: Raging Bolt|78\/100\n|-damage|p2b: Dondozo|16\/100|[from] recoil\n|move|p1a: Raging Bolt|Thunderbolt|p2b: Dondozo\n|-supereffective|p2b: Dondozo\n|-damage|p2b: Dondozo|0 fnt\n|faint|p2b: Dondozo\n|-damage|p1a: Raging Bolt|69\/100|[from] item: Life Orb\n|\n|upkeep\n|turn|9\n|-message|stbai forfeited.\n|\n|win|501JFW\n|raw|501JFW's rating: 1584 &rarr; <strong>1607<\/strong><br \/>(+23 for winning)\n|raw|stbai's rating: 1638 &rarr; <strong>1615<\/strong><br \/>(-23 for losing)\n|l|\u2606stbai\n|player|p2|\n|l|\u203d501JFW\n|player|p1|\n","uploadtime":1736514981,"views":290,"formatid":"gen9vgc2025regg","rating":1607,"private":0,"password":null}