{"id":"gen9vgc2025regg-2278641146","format":"[Gen 9] VGC 2025 Reg G","players":["pokequimico","Inc0gnit0"],"log":"|j|\u2606pokequimico\n|j|\u2606Inc0gnit0\n|t:|1736532193\n|gametype|doubles\n|player|p1|pokequimico|lucas|1534\n|player|p2|Inc0gnit0|266|1559\n|teamsize|p1|6\n|teamsize|p2|6\n|gen|9\n|tier|[Gen 9] VGC 2025 Reg G\n|rated|\n|rule|Species Clause: Limit one of each Pok\u00e9mon\n|rule|Item Clause: Limit 1 of each item\n|clearpoke\n|poke|p1|Urshifu-*, L50, F|\n|poke|p1|Kyogre, L50|\n|poke|p1|Roaring Moon, L50|\n|poke|p1|Rillaboom, L50, M|\n|poke|p1|Amoonguss, L50, M|\n|poke|p1|Incineroar, L50, F|\n|poke|p2|Kyogre, L50|\n|poke|p2|Indeedee-F, L50, F|\n|poke|p2|Armarouge, L50, F|\n|poke|p2|Ursaluna, L50, F|\n|poke|p2|Sneasler, L50, F|\n|poke|p2|Amoonguss, L50, M|\n|teampreview|4\n|j| BreadTest\n|j| perfectpair0_0\n|inactive|Battle timer is ON: inactive players will automatically lose when time's up. (requested by pokequimico)\n|\n|t:|1736532229\n|start\n|switch|p1a: Kyogre|Kyogre, L50|100\/100\n|switch|p1b: Amoonguss|Amoonguss, L50, M, shiny|100\/100\n|switch|p2a: Kyogre|Kyogre, L50|100\/100\n|switch|p2b: Armarouge|Armarouge, L50, F|100\/100\n|-weather|RainDance|[from] ability: Drizzle|[of] p2a: Kyogre\n|turn|1\n|\n|t:|1736532252\n|switch|p2a: Amoonguss|Amoonguss, L50, M|100\/100\n|-terastallize|p2b: Armarouge|Grass\n|move|p1b: Amoonguss|Protect|p1b: Amoonguss\n|-singleturn|p1b: Amoonguss|Protect\n|move|p1a: Kyogre|Ice Beam|p2b: Armarouge\n|-supereffective|p2b: Armarouge\n|-damage|p2b: Armarouge|21\/100\n|move|p2b: Armarouge|Trick Room|p2b: Armarouge\n|-fieldstart|move: Trick Room|[of] p2b: Armarouge\n|\n|-weather|RainDance|[upkeep]\n|upkeep\n|turn|2\n|\n|t:|1736532273\n|-terastallize|p1a: Kyogre|Grass\n|move|p2a: Amoonguss|Spore|p1a: Kyogre\n|-immune|p1a: Kyogre\n|move|p1b: Amoonguss|Sludge Bomb|p2b: Armarouge\n|-supereffective|p2b: Armarouge\n|-damage|p2b: Armarouge|0 fnt\n|faint|p2b: Armarouge\n|move|p1a: Kyogre|Calm Mind|p1a: Kyogre\n|-boost|p1a: Kyogre|spa|1\n|-boost|p1a: Kyogre|spd|1\n|\n|-weather|RainDance|[upkeep]\n|upkeep\n|\n|t:|1736532286\n|switch|p2b: Ursaluna|Ursaluna, L50, F|100\/100\n|turn|3\n|\n|t:|1736532293\n|move|p2b: Ursaluna|Protect|p2b: Ursaluna\n|-singleturn|p2b: Ursaluna|Protect\n|move|p2a: Amoonguss|Pollen Puff|p1a: Kyogre\n|-supereffective|p1a: Kyogre\n|-damage|p1a: Kyogre|84\/100\n|move|p1b: Amoonguss|Sludge Bomb|p2a: Amoonguss\n|-damage|p2a: Amoonguss|81\/100\n|move|p1a: Kyogre|Ice Beam|p2a: Amoonguss\n|-supereffective|p2a: Amoonguss\n|-damage|p2a: Amoonguss|13\/100\n|\n|-weather|RainDance|[upkeep]\n|-heal|p1a: Kyogre|90\/100|[from] item: Leftovers\n|-status|p2b: Ursaluna|brn|[from] item: Flame Orb\n|upkeep\n|turn|4\n|j| ndnwv8\n|\n|t:|1736532313\n|switch|p2a: Kyogre|Kyogre, L50|100\/100\n|move|p1b: Amoonguss|Rage Powder|p1b: Amoonguss\n|-singleturn|p1b: Amoonguss|move: Rage Powder\n|move|p2b: Ursaluna|Facade|p1b: Amoonguss\n|-damage|p1b: Amoonguss|6\/100\n|-damage|p2b: Ursaluna|84\/100 brn|[from] item: Rocky Helmet|[of] p1b: Amoonguss\n|move|p1a: Kyogre|Origin Pulse|p2b: Ursaluna|[spread] p2a\n|-miss|p1a: Kyogre|p2b: Ursaluna\n|-resisted|p2a: Kyogre\n|-damage|p2a: Kyogre|57\/100\n|\n|-weather|RainDance|[upkeep]\n|-heal|p1a: Kyogre|96\/100|[from] item: Leftovers\n|-damage|p2b: Ursaluna|78\/100 brn|[from] brn\n|upkeep\n|turn|5\n|\n|t:|1736532336\n|move|p1b: Amoonguss|Protect|p1b: Amoonguss\n|-singleturn|p1b: Amoonguss|Protect\n|move|p2b: Ursaluna|Protect|p2b: Ursaluna\n|-singleturn|p2b: Ursaluna|Protect\n|move|p1a: Kyogre|Protect|p1a: Kyogre\n|-singleturn|p1a: Kyogre|Protect\n|move|p2a: Kyogre|Ice Beam|p1b: Amoonguss\n|-activate|p1b: Amoonguss|move: Protect\n|\n|-weather|none\n|-heal|p1a: Kyogre|100\/100|[from] item: Leftovers\n|-damage|p2b: Ursaluna|72\/100 brn|[from] brn\n|-fieldend|move: Trick Room\n|upkeep\n|turn|6\n|\n|t:|1736532355\n|switch|p2b: Amoonguss|Amoonguss, L50, M|46\/100\n|switch|p1b: Incineroar|Incineroar, L50, F|100\/100\n|-ability|p1b: Incineroar|Intimidate|boost\n|-unboost|p2a: Kyogre|atk|1\n|-unboost|p2b: Amoonguss|atk|1\n|move|p2a: Kyogre|Ice Beam|p1a: Kyogre\n|-supereffective|p1a: Kyogre\n|-damage|p1a: Kyogre|71\/100\n|move|p1a: Kyogre|Origin Pulse|p2b: Amoonguss|[spread] p2a,p2b\n|-resisted|p2a: Kyogre\n|-resisted|p2b: Amoonguss\n|-damage|p2a: Kyogre|31\/100\n|-damage|p2b: Amoonguss|23\/100\n|\n|-heal|p1a: Kyogre|76\/100|[from] item: Leftovers\n|upkeep\n|turn|7\n|\n|t:|1736532375\n|switch|p2a: Ursaluna|Ursaluna, L50, F|72\/100 brn\n|move|p1b: Incineroar|Fake Out|p2a: Ursaluna\n|-damage|p2a: Ursaluna|64\/100 brn\n|move|p1a: Kyogre|Ice Beam|p2b: Amoonguss\n|-supereffective|p2b: Amoonguss\n|-damage|p2b: Amoonguss|0 fnt\n|faint|p2b: Amoonguss\n|\n|-heal|p1a: Kyogre|82\/100|[from] item: Leftovers\n|-damage|p2a: Ursaluna|58\/100 brn|[from] brn\n|upkeep\n|\n|t:|1736532388\n|switch|p2b: Kyogre|Kyogre, L50|31\/100\n|-weather|RainDance|[from] ability: Drizzle|[of] p2b: Kyogre\n|turn|8\n|\n|t:|1736532402\n|move|p2b: Kyogre|Origin Pulse|p1a: Kyogre|[spread] p1b\n|-miss|p2b: Kyogre|p1a: Kyogre\n|-supereffective|p1b: Incineroar\n|-damage|p1b: Incineroar|0 fnt\n|faint|p1b: Incineroar\n|move|p1a: Kyogre|Origin Pulse|p2b: Kyogre|[spread] p2b\n|-miss|p1a: Kyogre|p2a: Ursaluna\n|-resisted|p2b: Kyogre\n|-damage|p2b: Kyogre|0 fnt\n|faint|p2b: Kyogre\n|move|p2a: Ursaluna|Facade|p1a: Kyogre\n|-damage|p1a: Kyogre|0 fnt\n|faint|p1a: Kyogre\n|\n|-weather|RainDance|[upkeep]\n|-damage|p2a: Ursaluna|52\/100 brn|[from] brn\n|upkeep\n|\n|t:|1736532407\n|switch|p1b: Rillaboom|Rillaboom, L50, M|100\/100\n|switch|p1a: Amoonguss|Amoonguss, L50, M, shiny|39\/100\n|-fieldstart|move: Grassy Terrain|[from] ability: Grassy Surge|[of] p1b: Rillaboom\n|turn|9\n|c|\u2606pokequimico|Gg\n|\n|t:|1736532425\n|move|p1b: Rillaboom|Fake Out|p2a: Ursaluna\n|-damage|p2a: Ursaluna|42\/100 brn\n|cant|p2a: Ursaluna|flinch\n|move|p1a: Amoonguss|Sludge Bomb|p2a: Ursaluna\n|-resisted|p2a: Ursaluna\n|-damage|p2a: Ursaluna|31\/100 brn\n|\n|-weather|RainDance|[upkeep]\n|-heal|p2a: Ursaluna|37\/100 brn|[from] Grassy Terrain\n|-heal|p1a: Amoonguss|45\/100|[from] Grassy Terrain\n|-damage|p2a: Ursaluna|31\/100 brn|[from] brn\n|upkeep\n|turn|10\n|-message|Inc0gnit0 forfeited.\n|\n|win|pokequimico\n|raw|pokequimico's rating: 1534 &rarr; <strong>1555<\/strong><br \/>(+21 for winning)\n|raw|Inc0gnit0's rating: 1559 &rarr; <strong>1538<\/strong><br \/>(-21 for losing)\n|l|\u2606Inc0gnit0\n|player|p2|\n|l| perfectpair0_0\n|l| ndnwv8\n|l|\u2606pokequimico\n|player|p1|\n","uploadtime":1736532579,"views":7,"formatid":"gen9vgc2025regg","rating":1538,"private":0,"password":null}