{"id":"gen9vgc2025regg-2278658238","format":"[Gen 9] VGC 2025 Reg G","players":["Arkalid","Yung Trav"],"log":"|j|\u2606Arkalid\n|j|\u203dYung Trav\n|t:|1736533949\n|gametype|doubles\n|player|p1|Arkalid|2|1548\n|player|p2|Yung Trav|169|1582\n|teamsize|p1|6\n|teamsize|p2|6\n|gen|9\n|tier|[Gen 9] VGC 2025 Reg G\n|rated|\n|rule|Species Clause: Limit one of each Pok\u00e9mon\n|rule|Item Clause: Limit 1 of each item\n|clearpoke\n|poke|p1|Zamazenta-*, L50|\n|poke|p1|Flutter Mane, L50|\n|poke|p1|Chi-Yu, L50|\n|poke|p1|Rillaboom, L50, M|\n|poke|p1|Urshifu-*, L50, M|\n|poke|p1|Ogerpon-Cornerstone, L50, F|\n|poke|p2|Calyrex-Ice, L50|\n|poke|p2|Regidrago, L50|\n|poke|p2|Smeargle, L50, M|\n|poke|p2|Farigiraf, L50, M|\n|poke|p2|Urshifu-*, L50, M|\n|poke|p2|Ogerpon-Cornerstone, L50, F|\n|teampreview|4\n|inactive|Battle timer is ON: inactive players will automatically lose when time's up. (requested by Arkalid)\nArkalid has agreed to open team sheets.\n|inactive|Arkalid has 60 seconds left.\n|inactive|Yung Trav has 60 seconds left.\n|j| zocoza\n|\n|t:|1736534007\n|start\n|switch|p1a: Zamazenta|Zamazenta-Crowned, L50|100\/100\n|switch|p1b: Chi-Yu|Chi-Yu, L50|100\/100\n|switch|p2a: Calyrex|Calyrex-Ice, L50|100\/100\n|switch|p2b: Smeargle|Smeargle, L50, M, shiny|100\/100\n|-ability|p2a: Calyrex|As One\n|-ability|p2a: Calyrex|Unnerve\n|-ability|p1b: Chi-Yu|Beads of Ruin\n|-ability|p1a: Zamazenta|Dauntless Shield|boost\n|-boost|p1a: Zamazenta|def|1\n|turn|1\n|inactive|Arkalid has 30 seconds left.\n|inactive|Yung Trav has 30 seconds left.\n|j| imstuckat1300\n|inactive|Arkalid has 20 seconds left.\n|inactive|Arkalid has 15 seconds left.\n|inactive|Arkalid has 10 seconds left.\n|j| ndnwv8\n|\n|t:|1736534053\n|-terastallize|p2a: Calyrex|Water\n|move|p2b: Smeargle|Fake Out|p1a: Zamazenta\n|-resisted|p1a: Zamazenta\n|-damage|p1a: Zamazenta|99\/100\n|move|p1b: Chi-Yu|Heat Wave|p2b: Smeargle|[spread] p2a,p2b\n|-resisted|p2a: Calyrex\n|-damage|p2a: Calyrex|82\/100\n|-enditem|p2b: Smeargle|Focus Sash\n|-damage|p2b: Smeargle|1\/100\n|cant|p1a: Zamazenta|flinch\n|move|p2a: Calyrex|Trick Room|p2a: Calyrex\n|-fieldstart|move: Trick Room|[of] p2a: Calyrex\n|\n|upkeep\n|turn|2\n|\n|t:|1736534076\n|move|p1a: Zamazenta|Protect|p1a: Zamazenta\n|-singleturn|p1a: Zamazenta|Protect\n|move|p2b: Smeargle|Decorate|p2a: Calyrex\n|-boost|p2a: Calyrex|atk|2\n|-boost|p2a: Calyrex|spa|2\n|move|p2a: Calyrex|High Horsepower|p1b: Chi-Yu\n|-supereffective|p1b: Chi-Yu\n|-damage|p1b: Chi-Yu|0 fnt\n|faint|p1b: Chi-Yu\n|-ability|p2a: Calyrex|Chilling Neigh|boost\n|-boost|p2a: Calyrex|atk|1\n|\n|upkeep\n|\n|t:|1736534086\n|switch|p1b: Ogerpon|Ogerpon-Cornerstone, L50, F|100\/100\n|turn|3\n|j| rfbeebo\n|\n|t:|1736534110\n|move|p1b: Ogerpon|Spiky Shield|p1b: Ogerpon\n|-singleturn|p1b: Ogerpon|move: Protect\n|move|p2b: Smeargle|Spore|p1a: Zamazenta\n|-status|p1a: Zamazenta|slp|[from] move: Spore\n|move|p2a: Calyrex|Glacial Lance|p1a: Zamazenta|[spread] p1a\n|-activate|p1b: Ogerpon|move: Protect\n|-resisted|p1a: Zamazenta\n|-damage|p1a: Zamazenta|73\/100 slp\n|cant|p1a: Zamazenta|slp\n|\n|upkeep\n|turn|4\n|l| ndnwv8\n|l| imstuckat1300\n|inactive|Yung Trav has 30 seconds left.\n|\n|t:|1736534141\n|move|p2b: Smeargle|Decorate|p2a: Calyrex\n|-boost|p2a: Calyrex|atk|2\n|-boost|p2a: Calyrex|spa|2\n|move|p2a: Calyrex|Glacial Lance|p1a: Zamazenta|[spread] p1a,p1b\n|-resisted|p1a: Zamazenta\n|-supereffective|p1b: Ogerpon\n|-damage|p1a: Zamazenta|32\/100 slp\n|-ability|p1b: Ogerpon|Sturdy\n|-damage|p1b: Ogerpon|1\/100\n|-curestatus|p1a: Zamazenta|slp|[msg]\n|move|p1a: Zamazenta|Body Press|p2b: Smeargle\n|-supereffective|p2b: Smeargle\n|-damage|p2b: Smeargle|0 fnt\n|faint|p2b: Smeargle\n|move|p1b: Ogerpon|Ivy Cudgel|p2a: Calyrex|[anim] Ivy Cudgel Rock\n|-damage|p2a: Calyrex|43\/100\n|\n|upkeep\n|\n|t:|1736534164\n|switch|p2b: Farigiraf|Farigiraf, L50, M, shiny|100\/100\n|turn|5\n|l| rfbeebo\n|inactive|Arkalid has 30 seconds left.\n|inactive|Arkalid has 20 seconds left.\n|\n|t:|1736534202\n|-terastallize|p1b: Ogerpon|Rock\n|detailschange|p1b: Ogerpon|Ogerpon-Cornerstone-Tera, L50, F, tera:Rock\n|-ability|p1b: Ogerpon|Embody Aspect (Cornerstone)|boost\n|-boost|p1b: Ogerpon|def|1\n|move|p1a: Zamazenta|Protect|p1a: Zamazenta\n|-singleturn|p1a: Zamazenta|Protect\n|move|p1b: Ogerpon|Ivy Cudgel|p2a: Calyrex|[anim] Ivy Cudgel Rock\n|-damage|p2a: Calyrex|0 fnt\n|faint|p2a: Calyrex\n|move|p2b: Farigiraf|Trick Room|p2b: Farigiraf\n|-fieldend|move: Trick Room\n|\n|upkeep\n|\n|t:|1736534214\n|switch|p2a: Regidrago|Regidrago, L50, shiny|100\/100\n|turn|6\n|inactive|Arkalid has 30 seconds left.\n|inactive|Arkalid has 20 seconds left.\n|\n|t:|1736534254\n|move|p2a: Regidrago|Protect|p2a: Regidrago\n|-singleturn|p2a: Regidrago|Protect\n|move|p1b: Ogerpon|Ivy Cudgel|p2b: Farigiraf|[anim] Ivy Cudgel Rock\n|-damage|p2b: Farigiraf|40\/100\n|move|p1a: Zamazenta|Body Press|p2b: Farigiraf\n|-damage|p2b: Farigiraf|0 fnt\n|faint|p2b: Farigiraf\n|\n|upkeep\n|turn|7\n|-message|Yung Trav forfeited.\n|\n|win|Arkalid\n|raw|Arkalid's rating: 1548 &rarr; <strong>1570<\/strong><br \/>(+22 for winning)\n|raw|Yung Trav's rating: 1582 &rarr; <strong>1560<\/strong><br \/>(-22 for losing)\n|l|\u203dYung Trav\n|player|p2|\n|l| zocoza\n","uploadtime":1736534285,"views":323,"formatid":"gen9vgc2025regg","rating":1560,"private":0,"password":null}