{"id":"gen9vgc2025regg-2278539524","format":"[Gen 9] VGC 2025 Reg G","players":["Angelo Neres","Lelouch 249"],"log":"|j|\u2606Angelo Neres\n|j|\u2606Lelouch 249\n|t:|1736521430\n|gametype|doubles\n|player|p1|Angelo Neres|266|1532\n|player|p2|Lelouch 249|giovanni|1567\n|teamsize|p1|6\n|teamsize|p2|6\n|gen|9\n|tier|[Gen 9] VGC 2025 Reg G\n|rated|\n|rule|Species Clause: Limit one of each Pok\u00e9mon\n|rule|Item Clause: Limit 1 of each item\n|clearpoke\n|poke|p1|Groudon, L50|\n|poke|p1|Moltres-Galar, L50|\n|poke|p1|Scream Tail, L50|\n|poke|p1|Grimmsnarl, L50, M|\n|poke|p1|Cobalion, L50|\n|poke|p1|Amoonguss, L50, F|\n|poke|p2|Calyrex-Ice, L50|\n|poke|p2|Pelipper, L50, M|\n|poke|p2|Amoonguss, L50, M|\n|poke|p2|Raging Bolt, L50|\n|poke|p2|Urshifu-*, L50, M|\n|poke|p2|Incineroar, L50, F|\n|teampreview|4\n|inactive|Battle timer is ON: inactive players will automatically lose when time's up. (requested by Lelouch 249)\n|c|\u2606Lelouch 249|FEAR THE OLD BLOOD.....\n|\n|t:|1736521452\n|start\n|switch|p1a: Cobalion|Cobalion, L50, shiny|100\/100\n|switch|p1b: Grimmsnarl|Grimmsnarl, L50, M, shiny|100\/100\n|switch|p2a: Calyrex|Calyrex-Ice, L50|100\/100\n|switch|p2b: Incineroar|Incineroar, L50, F, shiny|100\/100\n|-ability|p2a: Calyrex|As One\n|-ability|p2a: Calyrex|Unnerve\n|-ability|p2b: Incineroar|Intimidate|boost\n|-unboost|p1a: Cobalion|atk|1\n|-unboost|p1b: Grimmsnarl|atk|1\n|turn|1\n|\n|t:|1736521468\n|move|p2a: Calyrex|Protect|p2a: Calyrex\n|-singleturn|p2a: Calyrex|Protect\n|move|p1b: Grimmsnarl|Reflect|p1b: Grimmsnarl\n|-sidestart|p1: Angelo Neres|Reflect\n|move|p1a: Cobalion|Iron Defense|p1a: Cobalion\n|-boost|p1a: Cobalion|def|2\n|move|p2b: Incineroar|Will-O-Wisp|p1b: Grimmsnarl\n|-status|p1b: Grimmsnarl|brn\n|\n|-damage|p1b: Grimmsnarl|95\/100 brn|[from] brn\n|upkeep\n|turn|2\n|inactive|Angelo Neres has 30 seconds left.\n|\n|t:|1736521501\n|move|p1b: Grimmsnarl|Parting Shot|p2b: Incineroar\n|-hint|Since gen 7, Dark is immune to Prankster moves.\n|-immune|p2b: Incineroar\n|move|p1a: Cobalion|Body Press|p2b: Incineroar\n|-supereffective|p2b: Incineroar\n|-damage|p2b: Incineroar|0 fnt\n|faint|p2b: Incineroar\n|move|p2a: Calyrex|Glacial Lance|p1b: Grimmsnarl|[spread] p1a,p1b\n|-resisted|p1a: Cobalion\n|-crit|p1b: Grimmsnarl\n|-damage|p1a: Cobalion|95\/100\n|-damage|p1b: Grimmsnarl|17\/100 brn\n|\n|-damage|p1b: Grimmsnarl|11\/100 brn|[from] brn\n|upkeep\n|\n|t:|1736521511\n|switch|p2b: Pelipper|Pelipper, L50, M, shiny|100\/100\n|-weather|RainDance|[from] ability: Drizzle|[of] p2b: Pelipper\n|turn|3\n|j| majic8ball\n|\n|t:|1736521535\n|move|p2a: Calyrex|Protect|p2a: Calyrex\n|-singleturn|p2a: Calyrex|Protect\n|move|p1b: Grimmsnarl|Light Screen|p1b: Grimmsnarl\n|-sidestart|p1: Angelo Neres|move: Light Screen\n|move|p1a: Cobalion|Body Press|p2b: Pelipper\n|-resisted|p2b: Pelipper\n|-damage|p2b: Pelipper|43\/100\n|move|p2b: Pelipper|Weather Ball|p1a: Cobalion\n|-damage|p1a: Cobalion|42\/100\n|\n|-weather|RainDance|[upkeep]\n|-damage|p1b: Grimmsnarl|5\/100 brn|[from] brn\n|upkeep\n|turn|4\n|\n|t:|1736521551\n|switch|p2b: Amoonguss|Amoonguss, L50, M, shiny|100\/100\n|move|p1b: Grimmsnarl|Parting Shot|p2b: Amoonguss\n|-unboost|p2b: Amoonguss|atk|1\n|-unboost|p2b: Amoonguss|spa|1\n|\n|t:|1736521564\n|switch|p1b: Groudon|Groudon, L50, shiny|100\/100|[from] Parting Shot\n|-weather|SunnyDay|[from] ability: Drought|[of] p1b: Groudon\n|move|p1a: Cobalion|Body Press|p2b: Amoonguss\n|-resisted|p2b: Amoonguss\n|-damage|p2b: Amoonguss|72\/100\n|-damage|p1a: Cobalion|26\/100|[from] item: Rocky Helmet|[of] p2b: Amoonguss\n|move|p2a: Calyrex|Glacial Lance|p1b: Groudon|[spread] p1a,p1b\n|-resisted|p1a: Cobalion\n|-supereffective|p1b: Groudon\n|-damage|p1a: Cobalion|20\/100\n|-damage|p1b: Groudon|49\/100\n|\n|-weather|SunnyDay|[upkeep]\n|upkeep\n|turn|5\n|\n|t:|1736521589\n|-terastallize|p1b: Groudon|Fire\n|move|p2b: Amoonguss|Rage Powder|p2b: Amoonguss\n|-singleturn|p2b: Amoonguss|move: Rage Powder\n|move|p1a: Cobalion|Body Press|p2a: Calyrex\n|-damage|p2a: Calyrex|45\/100\n|move|p1b: Groudon|Precipice Blades|p2b: Amoonguss|[spread] p2b\n|-miss|p1b: Groudon|p2a: Calyrex\n|-damage|p2b: Amoonguss|28\/100\n|move|p2a: Calyrex|Glacial Lance|p1b: Groudon|[spread] p1a,p1b\n|-resisted|p1a: Cobalion\n|-resisted|p1b: Groudon\n|-damage|p1a: Cobalion|15\/100\n|-damage|p1b: Groudon|36\/100\n|\n|-weather|SunnyDay|[upkeep]\n|-sideend|p1: Angelo Neres|Reflect\n|upkeep\n|turn|6\n|\n|t:|1736521611\n|move|p2a: Calyrex|Protect|p2a: Calyrex\n|-singleturn|p2a: Calyrex|Protect\n|move|p1a: Cobalion|Body Press|p2a: Calyrex\n|-activate|p2a: Calyrex|move: Protect\n|move|p1b: Groudon|Stone Edge|p2b: Amoonguss\n|-damage|p2b: Amoonguss|0 fnt\n|faint|p2b: Amoonguss\n|\n|-weather|SunnyDay|[upkeep]\n|upkeep\n|\n|t:|1736521620\n|switch|p2b: Pelipper|Pelipper, L50, M, shiny|43\/100\n|-weather|RainDance|[from] ability: Drizzle|[of] p2b: Pelipper\n|turn|7\n|l| majic8ball\n|\n|t:|1736521634\n|switch|p1b: Grimmsnarl|Grimmsnarl, L50, M, shiny|5\/100 brn\n|move|p1a: Cobalion|Body Press|p2a: Calyrex\n|-damage|p2a: Calyrex|0 fnt\n|faint|p2a: Calyrex\n|move|p2b: Pelipper|Weather Ball|p1b: Grimmsnarl\n|-crit|p1b: Grimmsnarl\n|-damage|p1b: Grimmsnarl|0 fnt\n|faint|p1b: Grimmsnarl\n|\n|-weather|RainDance|[upkeep]\n|-sideend|p1: Angelo Neres|move: Light Screen\n|upkeep\n|\n|t:|1736521640\n|switch|p1b: Groudon|Groudon, L50, shiny, tera:Fire|36\/100\n|-weather|SunnyDay|[from] ability: Drought|[of] p1b: Groudon\n|turn|8\n|\n|t:|1736521647\n|move|p1a: Cobalion|Body Press|p2b: Pelipper\n|-resisted|p2b: Pelipper\n|-damage|p2b: Pelipper|0 fnt\n|faint|p2b: Pelipper\n|\n|win|Angelo Neres\n|raw|Angelo Neres's rating: 1532 &rarr; <strong>1554<\/strong><br \/>(+22 for winning)\n|raw|Lelouch 249's rating: 1567 &rarr; <strong>1545<\/strong><br \/>(-22 for losing)\n|c|\u2606Angelo Neres|Gg\n|l|\u2606Lelouch 249\n|player|p2|\n|l|\u2606Angelo Neres\n|player|p1|\n","uploadtime":1736521851,"views":7,"formatid":"gen9vgc2025regg","rating":1545,"private":0,"password":null}