{"id":"gen9vgc2025regg-2278751953","format":"[Gen 9] VGC 2025 Reg G","players":["fjiu rump","BigSalta"],"log":"|j|\u2606fjiu rump\n|j|\u2606BigSalta\n|t:|1736543963\n|gametype|doubles\n|player|p1|fjiu rump|swimmer-gen4dp|1577\n|player|p2|BigSalta|cynthia|1577\n|teamsize|p1|6\n|teamsize|p2|6\n|gen|9\n|tier|[Gen 9] VGC 2025 Reg G\n|rated|\n|rule|Species Clause: Limit one of each Pok\u00e9mon\n|rule|Item Clause: Limit 1 of each item\n|clearpoke\n|poke|p1|Entei, L50|\n|poke|p1|Chien-Pao, L50|\n|poke|p1|Tatsugiri, L50, M|\n|poke|p1|Dondozo, L50, F|\n|poke|p1|Miraidon, L50|\n|poke|p1|Sneasler, L50, F|\n|poke|p2|Incineroar, L50, F|\n|poke|p2|Urshifu-*, L50, M|\n|poke|p2|Kyogre, L50|\n|poke|p2|Rillaboom, L50, F|\n|poke|p2|Roaring Moon, L50|\n|poke|p2|Amoonguss, L50, M|\n|teampreview|4\n|inactive|Battle timer is ON: inactive players will automatically lose when time's up. (requested by fjiu rump)\n|\n|t:|1736544020\n|start\n|switch|p1a: Miraidon|Miraidon, L50|100\/100\n|switch|p1b: Sneasler|Sneasler, L50, F|100\/100\n|switch|p2a: Kyogre|Kyogre, L50|100\/100\n|switch|p2b: Rillaboom|Rillaboom, L50, F|100\/100\n|-fieldstart|move: Electric Terrain|[from] ability: Hadron Engine|[of] p1a: Miraidon\n|-enditem|p1b: Sneasler|Electric Seed\n|-boost|p1b: Sneasler|def|1|[from] item: Electric Seed\n|-weather|RainDance|[from] ability: Drizzle|[of] p2a: Kyogre\n|-fieldstart|move: Grassy Terrain|[from] ability: Grassy Surge|[of] p2b: Rillaboom\n|turn|1\n|\n|t:|1736544046\n|move|p1b: Sneasler|Fake Out|p2b: Rillaboom\n|-damage|p2b: Rillaboom|91\/100\n|cant|p2b: Rillaboom|flinch\n|move|p1a: Miraidon|Draco Meteor|p2a: Kyogre\n|-damage|p2a: Kyogre|32\/100\n|-unboost|p1a: Miraidon|spa|2\n|move|p2a: Kyogre|Origin Pulse|p1b: Sneasler|[spread] p1a\n|-miss|p2a: Kyogre|p1b: Sneasler\n|-resisted|p1a: Miraidon\n|-damage|p1a: Miraidon|71\/100\n|\n|-weather|RainDance|[upkeep]\n|-heal|p1a: Miraidon|77\/100|[from] Grassy Terrain\n|-heal|p2a: Kyogre|38\/100|[from] Grassy Terrain\n|-heal|p2a: Kyogre|44\/100|[from] item: Leftovers\n|-heal|p2b: Rillaboom|97\/100|[from] Grassy Terrain\n|upkeep\n|turn|2\n|\n|t:|1736544068\n|switch|p1a: Entei|Entei, L50|100\/100\n|move|p2a: Kyogre|Protect|p2a: Kyogre\n|-singleturn|p2a: Kyogre|Protect\n|move|p1b: Sneasler|Close Combat|p2a: Kyogre\n|-activate|p2a: Kyogre|move: Protect\n|move|p2b: Rillaboom|U-turn|p1a: Entei\n|-resisted|p1a: Entei\n|-damage|p1a: Entei|90\/100\n|\n|t:|1736544082\n|switch|p2b: Amoonguss|Amoonguss, L50, M|100\/100|[from] U-turn\n|\n|-weather|RainDance|[upkeep]\n|-heal|p1a: Entei|96\/100|[from] Grassy Terrain\n|-heal|p2a: Kyogre|50\/100|[from] Grassy Terrain\n|-heal|p2a: Kyogre|56\/100|[from] item: Leftovers\n|upkeep\n|turn|3\n|\n|t:|1736544105\n|switch|p1b: Miraidon|Miraidon, L50|77\/100\n|-fieldstart|move: Electric Terrain|[from] ability: Hadron Engine|[of] p1b: Miraidon\n|-terastallize|p1a: Entei|Normal\n|move|p1a: Entei|Extreme Speed|p2a: Kyogre\n|-damage|p2a: Kyogre|9\/100\n|move|p2b: Amoonguss|Rage Powder|p2b: Amoonguss\n|-singleturn|p2b: Amoonguss|move: Rage Powder\n|move|p2a: Kyogre|Origin Pulse|p1a: Entei|[spread] p1a,p1b\n|-resisted|p1b: Miraidon\n|-damage|p1a: Entei|24\/100\n|-damage|p1b: Miraidon|44\/100\n|\n|-weather|RainDance|[upkeep]\n|-heal|p2a: Kyogre|15\/100|[from] item: Leftovers\n|upkeep\n|turn|4\n|\n|t:|1736544125\n|switch|p2b: Rillaboom|Rillaboom, L50, F|97\/100\n|-fieldstart|move: Grassy Terrain|[from] ability: Grassy Surge|[of] p2b: Rillaboom\n|move|p2a: Kyogre|Protect|p2a: Kyogre\n|-singleturn|p2a: Kyogre|Protect\n|move|p1a: Entei|Extreme Speed|p2a: Kyogre\n|-activate|p2a: Kyogre|move: Protect\n|move|p1b: Miraidon|Volt Switch|p2b: Rillaboom\n|-resisted|p2b: Rillaboom\n|-damage|p2b: Rillaboom|76\/100\n|\n|t:|1736544139\n|switch|p1b: Sneasler|Sneasler, L50, F|100\/100|[from] Volt Switch\n|\n|-weather|RainDance|[upkeep]\n|-heal|p1a: Entei|30\/100|[from] Grassy Terrain\n|-heal|p2a: Kyogre|21\/100|[from] Grassy Terrain\n|-heal|p2a: Kyogre|27\/100|[from] item: Leftovers\n|-heal|p2b: Rillaboom|82\/100|[from] Grassy Terrain\n|upkeep\n|turn|5\n|\n|t:|1736544158\n|switch|p2a: Amoonguss|Amoonguss, L50, M|100\/100\n|move|p2b: Rillaboom|Fake Out|p1b: Sneasler\n|-damage|p1b: Sneasler|84\/100\n|move|p1a: Entei|Extreme Speed|p2a: Amoonguss\n|-damage|p2a: Amoonguss|51\/100\n|-damage|p1a: Entei|14\/100|[from] item: Rocky Helmet|[of] p2a: Amoonguss\n|cant|p1b: Sneasler|flinch\n|\n|-weather|none\n|-heal|p1b: Sneasler|90\/100|[from] Grassy Terrain\n|-heal|p1a: Entei|19\/100|[from] Grassy Terrain\n|-heal|p2b: Rillaboom|88\/100|[from] Grassy Terrain\n|-heal|p2a: Amoonguss|57\/100|[from] Grassy Terrain\n|upkeep\n|turn|6\n|inactive|fjiu rump has 30 seconds left.\n|inactive|BigSalta has 30 seconds left.\n|inactive|BigSalta has 20 seconds left.\n|\n|t:|1736544197\n|switch|p1a: Miraidon|Miraidon, L50|44\/100\n|-fieldstart|move: Electric Terrain|[from] ability: Hadron Engine|[of] p1a: Miraidon\n|switch|p2a: Roaring Moon|Roaring Moon, L50|100\/100\n|-enditem|p2a: Roaring Moon|Booster Energy\n|-activate|p2a: Roaring Moon|ability: Protosynthesis|[fromitem]\n|-start|p2a: Roaring Moon|protosynthesisspe\n|move|p1b: Sneasler|Dire Claw|p2b: Rillaboom\n|-supereffective|p2b: Rillaboom\n|-damage|p2b: Rillaboom|30\/100\n|move|p2b: Rillaboom|Grassy Glide|p1a: Miraidon\n|-resisted|p1a: Miraidon\n|-damage|p1a: Miraidon|31\/100\n|\n|upkeep\n|turn|7\n|inactive|fjiu rump has 30 seconds left.\n|inactive|BigSalta has 30 seconds left.\n|inactive|fjiu rump has 20 seconds left.\n|inactive|fjiu rump has 15 seconds left.\n|inactive|BigSalta has 20 seconds left.\n|inactive|fjiu rump has 10 seconds left.\n|inactive|BigSalta has 15 seconds left.\n|inactive|BigSalta has 10 seconds left.\n|inactive|fjiu rump has 5 seconds left.\n|\n|t:|1736544254\n|switch|p2b: Amoonguss|Amoonguss, L50, M|90\/100\n|-terastallize|p2a: Roaring Moon|Flying\n|move|p2a: Roaring Moon|Knock Off|p1a: Miraidon\n|-damage|p1a: Miraidon|0 fnt\n|-enditem|p1a: Miraidon|Choice Specs|[from] move: Knock Off|[of] p2a: Roaring Moon\n|faint|p1a: Miraidon\n|move|p1b: Sneasler|Close Combat|p2a: Roaring Moon\n|-resisted|p2a: Roaring Moon\n|-damage|p2a: Roaring Moon|68\/100\n|-unboost|p1b: Sneasler|def|1\n|-unboost|p1b: Sneasler|spd|1\n|\n|upkeep\n|\n|t:|1736544273\n|switch|p1a: Chien-Pao|Chien-Pao, L50|100\/100\n|-ability|p1a: Chien-Pao|Sword of Ruin\n|turn|8\n|inactive|BigSalta has 30 seconds left.\n|inactive|BigSalta has 20 seconds left.\n|\n|t:|1736544308\n|move|p2a: Roaring Moon|Protect|p2a: Roaring Moon\n|-singleturn|p2a: Roaring Moon|Protect\n|move|p2b: Amoonguss|Protect|p2b: Amoonguss\n|-singleturn|p2b: Amoonguss|Protect\n|move|p1a: Chien-Pao|Icicle Crash|p2a: Roaring Moon\n|-activate|p2a: Roaring Moon|move: Protect\n|move|p1b: Sneasler|Dire Claw|p2a: Roaring Moon\n|-activate|p2a: Roaring Moon|move: Protect\n|\n|upkeep\n|turn|9\n|inactive|BigSalta has 30 seconds left.\n|\n|t:|1736544335\n|move|p2a: Roaring Moon|Acrobatics|p1b: Sneasler\n|-supereffective|p1b: Sneasler\n|-damage|p1b: Sneasler|0 fnt\n|faint|p1b: Sneasler\n|move|p1a: Chien-Pao|Icicle Crash|p2b: Amoonguss\n|-supereffective|p2b: Amoonguss\n|-damage|p2b: Amoonguss|10\/100\n|move|p2b: Amoonguss|Spore|p1a: Chien-Pao\n|-activate|p1a: Chien-Pao|move: Electric Terrain\n|\n|upkeep\n|\n|t:|1736544338\n|switch|p1b: Entei|Entei, L50, tera:Normal|19\/100\n|turn|10\n|inactive|BigSalta has 30 seconds left.\n|\n|t:|1736544368\n|move|p2a: Roaring Moon|Protect|p2a: Roaring Moon\n|-singleturn|p2a: Roaring Moon|Protect\n|move|p1b: Entei|Extreme Speed|p2a: Roaring Moon\n|-activate|p2a: Roaring Moon|move: Protect\n|move|p1a: Chien-Pao|Icicle Crash|p2b: Amoonguss\n|-supereffective|p2b: Amoonguss\n|-damage|p2b: Amoonguss|0 fnt\n|faint|p2b: Amoonguss\n|\n|-fieldend|move: Electric Terrain\n|upkeep\n|\n|t:|1736544376\n|switch|p2b: Rillaboom|Rillaboom, L50, F|30\/100\n|-fieldstart|move: Grassy Terrain|[from] ability: Grassy Surge|[of] p2b: Rillaboom\n|turn|11\n|inactive|BigSalta has 30 seconds left.\n|inactive|BigSalta has 20 seconds left.\n|inactive|BigSalta has 15 seconds left.\n|inactive|BigSalta has 10 seconds left.\n|inactive|BigSalta has 5 seconds left.\n|\n|t:|1736544428\n|switch|p2b: Kyogre|Kyogre, L50|27\/100\n|-weather|RainDance|[from] ability: Drizzle|[of] p2b: Kyogre\n|move|p2a: Roaring Moon|Protect||[still]\n|-fail|p2a: Roaring Moon\n|move|p1b: Entei|Extreme Speed|p2a: Roaring Moon\n|-damage|p2a: Roaring Moon|0 fnt\n|faint|p2a: Roaring Moon\n|-end|p2a: Roaring Moon|Protosynthesis|[silent]\n|move|p1a: Chien-Pao|Icicle Crash|p2b: Kyogre\n|-resisted|p2b: Kyogre\n|-damage|p2b: Kyogre|6\/100\n|\n|-weather|RainDance|[upkeep]\n|-heal|p1b: Entei|25\/100|[from] Grassy Terrain\n|-heal|p2b: Kyogre|12\/100|[from] Grassy Terrain\n|-heal|p2b: Kyogre|18\/100|[from] item: Leftovers\n|upkeep\n|\n|t:|1736544439\n|switch|p2a: Rillaboom|Rillaboom, L50, F|30\/100\n|turn|12\n|\n|t:|1736544451\n|move|p1a: Chien-Pao|Protect|p1a: Chien-Pao\n|-singleturn|p1a: Chien-Pao|Protect\n|move|p2a: Rillaboom|Fake Out|p1a: Chien-Pao\n|-activate|p1a: Chien-Pao|move: Protect\n|move|p1b: Entei|Extreme Speed|p2a: Rillaboom\n|-damage|p2a: Rillaboom|0 fnt\n|faint|p2a: Rillaboom\n|move|p2b: Kyogre|Origin Pulse|p1b: Entei|[spread] p1b\n|-activate|p1a: Chien-Pao|move: Protect\n|-damage|p1b: Entei|0 fnt\n|faint|p1b: Entei\n|\n|-weather|RainDance|[upkeep]\n|-heal|p2b: Kyogre|24\/100|[from] Grassy Terrain\n|-heal|p2b: Kyogre|30\/100|[from] item: Leftovers\n|upkeep\n|turn|13\n|\n|t:|1736544470\n|move|p2b: Kyogre|Protect|p2b: Kyogre\n|-singleturn|p2b: Kyogre|Protect\n|move|p1a: Chien-Pao|Sacred Sword|p2b: Kyogre\n|-activate|p2b: Kyogre|move: Protect\n|\n|-weather|RainDance|[upkeep]\n|-heal|p2b: Kyogre|36\/100|[from] Grassy Terrain\n|-heal|p2b: Kyogre|42\/100|[from] item: Leftovers\n|upkeep\n|turn|14\n|\n|t:|1736544486\n|move|p1a: Chien-Pao|Sacred Sword|p2b: Kyogre\n|-damage|p2b: Kyogre|7\/100\n|move|p2b: Kyogre|Ice Beam|p1a: Chien-Pao\n|-resisted|p1a: Chien-Pao\n|-damage|p1a: Chien-Pao|74\/100\n|\n|-weather|RainDance|[upkeep]\n|-heal|p1a: Chien-Pao|80\/100|[from] Grassy Terrain\n|-heal|p2b: Kyogre|13\/100|[from] Grassy Terrain\n|-heal|p2b: Kyogre|19\/100|[from] item: Leftovers\n|upkeep\n|turn|15\n|\n|t:|1736544498\n|move|p2b: Kyogre|Protect|p2b: Kyogre\n|-singleturn|p2b: Kyogre|Protect\n|move|p1a: Chien-Pao|Sacred Sword|p2b: Kyogre\n|-activate|p2b: Kyogre|move: Protect\n|\n|-weather|none\n|-heal|p1a: Chien-Pao|86\/100|[from] Grassy Terrain\n|-heal|p2b: Kyogre|25\/100|[from] Grassy Terrain\n|-heal|p2b: Kyogre|31\/100|[from] item: Leftovers\n|-fieldend|move: Grassy Terrain\n|upkeep\n|turn|16\n|\n|t:|1736544502\n|move|p1a: Chien-Pao|Sacred Sword|p2b: Kyogre\n|-damage|p2b: Kyogre|0 fnt\n|faint|p2b: Kyogre\n|\n|win|fjiu rump\n|raw|fjiu rump's rating: 1577 &rarr; <strong>1597<\/strong><br \/>(+20 for winning)\n|raw|BigSalta's rating: 1577 &rarr; <strong>1557<\/strong><br \/>(-20 for losing)\n|l|\u2606BigSalta\n|player|p2|\n|l|\u2606fjiu rump\n|player|p1|\n","uploadtime":1736544750,"views":36,"formatid":"gen9vgc2025regg","rating":1557,"private":0,"password":null}