{"id":"gen9vgc2025regg-2278941057","format":"[Gen 9] VGC 2025 Reg G","players":["syarisyari","Xatseye"],"log":"|j|\u2606syarisyari\n|j|\u203dXatseye\n|t:|1736569042\n|gametype|doubles\n|player|p1|syarisyari|1|1512\n|player|p2|Xatseye|biker|1556\n|teamsize|p1|6\n|teamsize|p2|6\n|gen|9\n|tier|[Gen 9] VGC 2025 Reg G\n|rated|\n|rule|Species Clause: Limit one of each Pok\u00e9mon\n|rule|Item Clause: Limit 1 of each item\n|clearpoke\n|poke|p1|Miraidon, L50|\n|poke|p1|Farigiraf, L50, M|\n|poke|p1|Grimmsnarl, L50, M|\n|poke|p1|Incineroar, L50, F|\n|poke|p1|Lanturn, L50, F|\n|poke|p1|Urshifu-*, L50, M|\n|poke|p2|Cresselia, L50, F|\n|poke|p2|Flutter Mane, L50|\n|poke|p2|Maushold-Four, L50|\n|poke|p2|Incineroar, L50, F|\n|poke|p2|Calyrex-Ice, L50|\n|poke|p2|Raging Bolt, L50|\n|teampreview|4\n|inactive|Battle timer is ON: inactive players will automatically lose when time's up. (requested by Xatseye)\n|\n|t:|1736569062\n|start\n|switch|p1a: Miraidon|Miraidon, L50|100\/100\n|switch|p1b: Incineroar|Incineroar, L50, F|100\/100\n|switch|p2a: Cresselia|Cresselia, L50, F, shiny|100\/100\n|switch|p2b: Raging Bolt|Raging Bolt, L50|100\/100\n|-fieldstart|move: Electric Terrain|[from] ability: Hadron Engine|[of] p1a: Miraidon\n|-ability|p1b: Incineroar|Intimidate|boost\n|-unboost|p2a: Cresselia|atk|1\n|-unboost|p2b: Raging Bolt|atk|1\n|turn|1\n|\n|t:|1736569080\n|-terastallize|p2a: Cresselia|Ground\n|move|p1b: Incineroar|Fake Out|p2b: Raging Bolt\n|-damage|p2b: Raging Bolt|91\/100\n|move|p1a: Miraidon|Calm Mind|p1a: Miraidon\n|-boost|p1a: Miraidon|spa|1\n|-boost|p1a: Miraidon|spd|1\n|cant|p2b: Raging Bolt|flinch\n|move|p2a: Cresselia|Trick Room|p2a: Cresselia\n|-fieldstart|move: Trick Room|[of] p2a: Cresselia\n|\n|upkeep\n|turn|2\n|\n|t:|1736569095\n|-terastallize|p1a: Miraidon|Fire\n|move|p1b: Incineroar|Knock Off|p2b: Raging Bolt\n|-damage|p2b: Raging Bolt|55\/100\n|-enditem|p2b: Raging Bolt|Assault Vest|[from] move: Knock Off|[of] p1b: Incineroar\n|move|p2a: Cresselia|Psychic|p1a: Miraidon\n|-damage|p1a: Miraidon|87\/100\n|move|p2b: Raging Bolt|Draco Meteor|p1a: Miraidon\n|-damage|p1a: Miraidon|48\/100\n|-unboost|p2b: Raging Bolt|spa|2\n|move|p1a: Miraidon|Calm Mind|p1a: Miraidon\n|-boost|p1a: Miraidon|spa|1\n|-boost|p1a: Miraidon|spd|1\n|\n|upkeep\n|turn|3\n|inactive|syarisyari has 30 seconds left.\n|\n|t:|1736569128\n|-end|p2b: Raging Bolt|Protosynthesis|[silent]\n|switch|p2b: Calyrex|Calyrex-Ice, L50|100\/100\n|-ability|p2b: Calyrex|As One\n|-ability|p2b: Calyrex|Unnerve\n|move|p1b: Incineroar|Parting Shot|p2a: Cresselia\n|-unboost|p2a: Cresselia|atk|1\n|-unboost|p2a: Cresselia|spa|1\n|\n|t:|1736569135\n|switch|p1b: Lanturn|Lanturn, L50, F|100\/100|[from] Parting Shot\n|move|p2a: Cresselia|Psychic|p1a: Miraidon\n|-damage|p1a: Miraidon|40\/100\n|move|p1a: Miraidon|Parabolic Charge|p2b: Calyrex|[spread] p2b\n|-immune|p1b: Lanturn|[from] ability: Volt Absorb\n|-immune|p2a: Cresselia\n|-damage|p2b: Calyrex|41\/100\n|-heal|p1a: Miraidon|70\/100|[from] drain|[of] p2b: Calyrex\n|\n|upkeep\n|turn|4\n|\n|t:|1736569152\n|move|p2b: Calyrex|High Horsepower|p1a: Miraidon\n|-supereffective|p1a: Miraidon\n|-damage|p1a: Miraidon|3\/100\n|move|p1b: Lanturn|Scald|p2a: Cresselia\n|-supereffective|p2a: Cresselia\n|-damage|p2a: Cresselia|74\/100\n|-status|p2a: Cresselia|brn\n|move|p2a: Cresselia|Lunar Blessing|p2a: Cresselia|[spread] p2a,p2b\n|-heal|p2a: Cresselia|99\/100 brn\n|-curestatus|p2a: Cresselia|brn|[msg]\n|-heal|p2b: Calyrex|66\/100\n|move|p1a: Miraidon|Parabolic Charge|p2a: Cresselia|[spread] p2b\n|-immune|p1b: Lanturn|[from] ability: Volt Absorb\n|-immune|p2a: Cresselia\n|-damage|p2b: Calyrex|8\/100\n|-heal|p1a: Miraidon|33\/100|[from] drain|[of] p2b: Calyrex\n|\n|upkeep\n|turn|5\n|\n|t:|1736569175\n|move|p1a: Miraidon|Protect|p1a: Miraidon\n|-singleturn|p1a: Miraidon|Protect\n|move|p1b: Lanturn|Scald|p2b: Calyrex\n|-damage|p2b: Calyrex|0 fnt\n|faint|p2b: Calyrex\n|move|p2a: Cresselia|Trick Room|p2a: Cresselia\n|-fieldend|move: Trick Room\n|\n|-fieldend|move: Electric Terrain\n|upkeep\n|\n|t:|1736569186\n|switch|p2b: Raging Bolt|Raging Bolt, L50|55\/100\n|turn|6\n|\n|t:|1736569207\n|move|p2b: Raging Bolt|Thunderclap|p1a: Miraidon\n|-damage|p1a: Miraidon|17\/100\n|move|p1a: Miraidon|Dragon Pulse|p2a: Cresselia\n|-damage|p2a: Cresselia|49\/100\n|move|p1b: Lanturn|Flip Turn|p2a: Cresselia\n|-supereffective|p2a: Cresselia\n|-damage|p2a: Cresselia|32\/100\n|-damage|p1b: Lanturn|84\/100|[from] item: Rocky Helmet|[of] p2a: Cresselia\n|\n|t:|1736569213\n|switch|p1b: Incineroar|Incineroar, L50, F|100\/100|[from] Flip Turn\n|-ability|p1b: Incineroar|Intimidate|boost\n|-unboost|p2a: Cresselia|atk|1\n|-unboost|p2b: Raging Bolt|atk|1\n|move|p2a: Cresselia|Trick Room|p2a: Cresselia\n|-fieldstart|move: Trick Room|[of] p2a: Cresselia\n|\n|upkeep\n|turn|7\n|\n|t:|1736569228\n|move|p1b: Incineroar|Fake Out|p2b: Raging Bolt\n|-damage|p2b: Raging Bolt|45\/100\n|move|p2a: Cresselia|Lunar Blessing|p2a: Cresselia|[spread] p2a,p2b\n|-heal|p2a: Cresselia|57\/100\n|-heal|p2b: Raging Bolt|70\/100\n|cant|p2b: Raging Bolt|flinch\n|move|p1a: Miraidon|Parabolic Charge|p2a: Cresselia|[spread] p1b,p2b\n|-immune|p2a: Cresselia\n|-resisted|p2b: Raging Bolt\n|-damage|p1b: Incineroar|61\/100\n|-heal|p1a: Miraidon|36\/100|[from] drain|[of] p1b: Incineroar\n|-damage|p2b: Raging Bolt|59\/100\n|-heal|p1a: Miraidon|42\/100|[from] drain|[of] p2b: Raging Bolt\n|\n|upkeep\n|turn|8\n|\n|t:|1736569248\n|move|p1a: Miraidon|Protect|p1a: Miraidon\n|-singleturn|p1a: Miraidon|Protect\n|move|p1b: Incineroar|Parting Shot|p2b: Raging Bolt\n|-unboost|p2b: Raging Bolt|atk|1\n|-unboost|p2b: Raging Bolt|spa|1\n|\n|t:|1736569254\n|switch|p1b: Grimmsnarl|Grimmsnarl, L50, M|100\/100|[from] Parting Shot\n|move|p2a: Cresselia|Lunar Blessing|p2a: Cresselia|[spread] p2a,p2b\n|-heal|p2a: Cresselia|82\/100\n|-heal|p2b: Raging Bolt|84\/100\n|move|p2b: Raging Bolt|Thunderbolt|p1a: Miraidon\n|-activate|p1a: Miraidon|move: Protect\n|\n|upkeep\n|turn|9\n|\n|t:|1736569267\n|move|p1b: Grimmsnarl|Light Screen|p1b: Grimmsnarl\n|-sidestart|p1: syarisyari|move: Light Screen\n|move|p2a: Cresselia|Lunar Blessing|p2a: Cresselia|[spread] p2a,p2b\n|-heal|p2a: Cresselia|100\/100\n|-heal|p2b: Raging Bolt|100\/100\n|move|p2b: Raging Bolt|Snarl|p1a: Miraidon|[spread] p1a,p1b\n|-resisted|p1b: Grimmsnarl\n|-damage|p1a: Miraidon|39\/100\n|-damage|p1b: Grimmsnarl|99\/100\n|-unboost|p1b: Grimmsnarl|spa|1\n|move|p1a: Miraidon|Parabolic Charge|p2a: Cresselia|[spread] p1b,p2b\n|-immune|p2a: Cresselia\n|-resisted|p2b: Raging Bolt\n|-damage|p1b: Grimmsnarl|66\/100\n|-heal|p1a: Miraidon|56\/100|[from] drain|[of] p1b: Grimmsnarl\n|-damage|p2b: Raging Bolt|89\/100\n|-heal|p1a: Miraidon|63\/100|[from] drain|[of] p2b: Raging Bolt\n|\n|upkeep\n|turn|10\n|-message|Xatseye forfeited.\n|\n|win|syarisyari\n|raw|syarisyari's rating: 1512 &rarr; <strong>1535<\/strong><br \/>(+23 for winning)\n|raw|Xatseye's rating: 1556 &rarr; <strong>1533<\/strong><br \/>(-23 for losing)\n|l|\u203dXatseye\n|player|p2|\n|l|\u2606syarisyari\n|player|p1|\n","uploadtime":1736569502,"views":25,"formatid":"gen9vgc2025regg","rating":1533,"private":0,"password":null}