{"id":"gen9vgc2025regg-2278437450","format":"[Gen 9] VGC 2025 Reg G","players":["Method Tester 2","bieiup"],"log":"|j|\u2606Method Tester 2\n|j|\u2606bieiup\n|t:|1736506877\n|gametype|doubles\n|player|p1|Method Tester 2|102|1518\n|player|p2|bieiup|lillie-z|1565\n|teamsize|p1|6\n|teamsize|p2|6\n|gen|9\n|tier|[Gen 9] VGC 2025 Reg G\n|rated|\n|rule|Species Clause: Limit one of each Pok\u00e9mon\n|rule|Item Clause: Limit 1 of each item\n|clearpoke\n|poke|p1|Calyrex-Ice, L50|\n|poke|p1|Iron Valiant, L50|\n|poke|p1|Urshifu-*, L50, M|\n|poke|p1|Ogerpon-Cornerstone, L50, F|\n|poke|p1|Raging Bolt, L50|\n|poke|p1|Clefairy, L50, M|\n|poke|p2|Meowstic, L50, M|\n|poke|p2|Comfey, L50, M|\n|poke|p2|Ceruledge, L50, F|\n|poke|p2|Lurantis, L50, M|\n|poke|p2|Pelipper, L50, M|\n|poke|p2|Miraidon, L50|\n|teampreview|4\n|inactive|Battle timer is ON: inactive players will automatically lose when time's up. (requested by bieiup)\n|\n|t:|1736506910\n|start\n|switch|p1a: Raging Bolt|Raging Bolt, L50|100\/100\n|switch|p1b: Clefairy|Clefairy, L50, M|100\/100\n|switch|p2a: Meowstic|Meowstic, L50, M|100\/100\n|switch|p2b: Lurantis|Lurantis, L50, M|100\/100\n|turn|1\n|\n|t:|1736506930\n|switch|p1b: Iron Valiant|Iron Valiant, L50|100\/100\n|-enditem|p1b: Iron Valiant|Booster Energy\n|-activate|p1b: Iron Valiant|ability: Quark Drive|[fromitem]\n|-start|p1b: Iron Valiant|quarkdrivespe\n|move|p2a: Meowstic|Fake Out|p1a: Raging Bolt\n|-damage|p1a: Raging Bolt|97\/100\n|cant|p1a: Raging Bolt|flinch\n|move|p2b: Lurantis|Superpower|p1a: Raging Bolt\n|-damage|p1a: Raging Bolt|70\/100\n|-boost|p2b: Lurantis|atk|1\n|-boost|p2b: Lurantis|def|1\n|\n|upkeep\n|turn|2\n|j| ndnwv8\n|l| ndnwv8\n|\n|t:|1736506951\n|move|p2a: Meowstic|Fake Tears|p2b: Lurantis\n|-boost|p2b: Lurantis|spd|2\n|move|p1b: Iron Valiant|Disable|p2b: Lurantis\n|-start|p2b: Lurantis|Disable|Superpower\n|move|p1a: Raging Bolt|Thunderbolt|p2a: Meowstic\n|-damage|p2a: Meowstic|24\/100\n|-damage|p1a: Raging Bolt|61\/100|[from] item: Life Orb\n|cant|p2b: Lurantis|Disable|Superpower\n|\n|upkeep\n|turn|3\n|\n|t:|1736506964\n|move|p2a: Meowstic|Tickle|p2b: Lurantis\n|-boost|p2b: Lurantis|atk|1\n|-boost|p2b: Lurantis|def|1\n|move|p1b: Iron Valiant|Encore|p2b: Lurantis\n|-start|p2b: Lurantis|Encore\n|move|p1a: Raging Bolt|Thunderbolt|p2a: Meowstic\n|-damage|p2a: Meowstic|0 fnt\n|faint|p2a: Meowstic\n|-damage|p1a: Raging Bolt|51\/100|[from] item: Life Orb\n|cant|p2b: Lurantis|Disable|Superpower\n|\n|upkeep\n|\n|t:|1736506969\n|switch|p2a: Comfey|Comfey, L50, M|100\/100\n|turn|4\n|\n|t:|1736506981\n|-end|p1a: Raging Bolt|Protosynthesis|[silent]\n|switch|p1a: Calyrex|Calyrex-Ice, L50|100\/100\n|-ability|p1a: Calyrex|As One\n|-ability|p1a: Calyrex|Unnerve\n|move|p1b: Iron Valiant|Coaching|p1a: Calyrex\n|-boost|p1a: Calyrex|atk|1\n|-boost|p1a: Calyrex|def|1\n|-activate|p2b: Lurantis|move: Struggle\n|move|p2b: Lurantis|Struggle|p1a: Calyrex\n|-damage|p1a: Calyrex|89\/100\n|-damage|p2b: Lurantis|75\/100|[from] recoil\n|move|p2a: Comfey|Trick Room|p2a: Comfey\n|-fieldstart|move: Trick Room|[of] p2a: Comfey\n|\n|upkeep\n|turn|5\n|\n|t:|1736507002\n|move|p2a: Comfey|Floral Healing|p2b: Lurantis\n|-heal|p2b: Lurantis|100\/100\n|-activate|p2b: Lurantis|move: Struggle\n|move|p2b: Lurantis|Struggle|p1a: Calyrex\n|-damage|p1a: Calyrex|76\/100\n|-damage|p2b: Lurantis|75\/100|[from] recoil\n|move|p1a: Calyrex|Glacial Lance|p2a: Comfey|[spread] p2a,p2b\n|-supereffective|p2b: Lurantis\n|-damage|p2a: Comfey|6\/100\n|-damage|p2b: Lurantis|0 fnt\n|faint|p2b: Lurantis\n|-ability|p1a: Calyrex|Chilling Neigh|boost\n|-boost|p1a: Calyrex|atk|1\n|move|p1b: Iron Valiant|Encore|p2a: Comfey\n|-start|p2a: Comfey|Encore\n|\n|upkeep\n|-message|bieiup forfeited.\n|\n|win|Method Tester 2\n|raw|Method Tester 2's rating: 1518 &rarr; <strong>1541<\/strong><br \/>(+23 for winning)\n|raw|bieiup's rating: 1565 &rarr; <strong>1542<\/strong><br \/>(-23 for losing)\n|l|\u2606bieiup\n|player|p2|\n|l|\u2606Method Tester 2\n|player|p1|\n","uploadtime":1736507254,"views":133,"formatid":"gen9vgc2025regg","rating":1541,"private":0,"password":null}