{"id":"gen9vgc2025regg-2278334304","format":"[Gen 9] VGC 2025 Reg G","players":["Angelo Neres","SamP_64"],"log":"|j|\u2606Angelo Neres\n|j|\u2606SamP_64\n|t:|1736487203\n|gametype|doubles\n|player|p1|Angelo Neres|1|1554\n|player|p2|SamP_64|cyrus|1565\n|teamsize|p1|6\n|teamsize|p2|6\n|gen|9\n|tier|[Gen 9] VGC 2025 Reg G\n|rated|\n|rule|Species Clause: Limit one of each Pok\u00e9mon\n|rule|Item Clause: Limit 1 of each item\n|clearpoke\n|poke|p1|Groudon, L50|\n|poke|p1|Moltres-Galar, L50|\n|poke|p1|Scream Tail, L50|\n|poke|p1|Grimmsnarl, L50, M|\n|poke|p1|Cobalion, L50|\n|poke|p1|Amoonguss, L50, M|\n|poke|p2|Incineroar, L50, F|\n|poke|p2|Rillaboom, L50, M|\n|poke|p2|Flutter Mane, L50|\n|poke|p2|Urshifu-*, L50, M|\n|poke|p2|Terapagos, L50, M|\n|poke|p2|Amoonguss, L50, M|\n|teampreview|4\n|inactive|Battle timer is ON: inactive players will automatically lose when time's up. (requested by SamP_64)\n|inactive|Angelo Neres has 60 seconds left.\n|inactive|SamP_64 has 60 seconds left.\n|\n|t:|1736487238\n|start\n|switch|p1a: Grimmsnarl|Grimmsnarl, L50, M, shiny|100\/100\n|switch|p1b: Scream Tail|Scream Tail, L50, shiny|100\/100\n|switch|p2a: Incineroar|Incineroar, L50, F|100\/100\n|switch|p2b: Terapagos|Terapagos, L50, M|100\/100\n|-activate|p2b: Terapagos|ability: Tera Shift\n|detailschange|p2b: Terapagos|Terapagos-Terastal, L50, M\n|-heal|p2b: Terapagos|100\/100|[silent]\n|-ability|p2a: Incineroar|Intimidate|boost\n|-unboost|p1a: Grimmsnarl|atk|1\n|-unboost|p1b: Scream Tail|atk|1\n|turn|1\n|\n|t:|1736487262\n|-terastallize|p2b: Terapagos|Stellar\n|detailschange|p2b: Terapagos|Terapagos-Stellar, L50, M, tera:Stellar\n|-heal|p2b: Terapagos|100\/100|[silent]\n|move|p1a: Grimmsnarl|Light Screen|p1a: Grimmsnarl\n|-sidestart|p1: Angelo Neres|move: Light Screen\n|move|p1b: Scream Tail|Thunder Wave|p2b: Terapagos|[miss]\n|-miss|p1b: Scream Tail|p2b: Terapagos\n|move|p2b: Terapagos|Tera Starstorm|p1b: Scream Tail|[spread] p1a,p1b\n|-crit|p1b: Scream Tail\n|-damage|p1a: Grimmsnarl|79\/100\n|-damage|p1b: Scream Tail|62\/100\n|move|p2a: Incineroar|Knock Off|p1b: Scream Tail\n|-damage|p1b: Scream Tail|35\/100\n|-enditem|p1b: Scream Tail|Mental Herb|[from] move: Knock Off|[of] p2a: Incineroar\n|\n|upkeep\n|turn|2\n|inactive|SamP_64 has 30 seconds left.\n|inactive|SamP_64 has 20 seconds left.\n|\n|t:|1736487302\n|move|p1a: Grimmsnarl|Reflect|p1a: Grimmsnarl\n|-sidestart|p1: Angelo Neres|Reflect\n|move|p1b: Scream Tail|Thunder Wave|p2b: Terapagos\n|-status|p2b: Terapagos|par\n|move|p2a: Incineroar|Will-O-Wisp|p1a: Grimmsnarl|[miss]\n|-miss|p2a: Incineroar|p1a: Grimmsnarl\n|move|p2b: Terapagos|Tera Starstorm|p1a: Grimmsnarl|[spread] p1a,p1b\n|-damage|p1a: Grimmsnarl|57\/100\n|-damage|p1b: Scream Tail|15\/100\n|\n|upkeep\n|turn|3\n|\n|t:|1736487325\n|move|p1a: Grimmsnarl|Parting Shot|p2b: Terapagos\n|-unboost|p2b: Terapagos|atk|1\n|-unboost|p2b: Terapagos|spa|1\n|\n|t:|1736487329\n|switch|p1a: Groudon|Groudon, L50, shiny|100\/100|[from] Parting Shot\n|-weather|SunnyDay|[from] ability: Drought|[of] p1a: Groudon\n|-activate|p1b: Scream Tail|ability: Protosynthesis\n|-start|p1b: Scream Tail|protosynthesisspe\n|move|p1b: Scream Tail|Disable|p2a: Incineroar\n|-start|p2a: Incineroar|Disable|Will-O-Wisp\n|move|p2a: Incineroar|Knock Off|p1b: Scream Tail\n|-damage|p1b: Scream Tail|2\/100\n|move|p2b: Terapagos|Substitute|p2b: Terapagos\n|-start|p2b: Terapagos|Substitute\n|-damage|p2b: Terapagos|76\/100 par\n|\n|-weather|SunnyDay|[upkeep]\n|-heal|p2b: Terapagos|82\/100 par|[from] item: Leftovers\n|upkeep\n|turn|4\n|inactive|SamP_64 has 30 seconds left.\n|\n|t:|1736487357\n|switch|p2a: Rillaboom|Rillaboom, L50, M|100\/100\n|-fieldstart|move: Grassy Terrain|[from] ability: Grassy Surge|[of] p2a: Rillaboom\n|move|p2b: Terapagos|Protect|p2b: Terapagos\n|-singleturn|p2b: Terapagos|Protect\n|move|p1b: Scream Tail|Encore|p2b: Terapagos\n|-activate|p2b: Terapagos|move: Protect\n|move|p1a: Groudon|Precipice Blades|p2a: Rillaboom|[spread] \n|-activate|p2b: Terapagos|move: Protect\n|-miss|p1a: Groudon|p2a: Rillaboom\n|\n|-weather|SunnyDay|[upkeep]\n|-heal|p1b: Scream Tail|8\/100|[from] Grassy Terrain\n|-heal|p2b: Terapagos|88\/100 par|[from] Grassy Terrain\n|-heal|p2b: Terapagos|94\/100 par|[from] item: Leftovers\n|upkeep\n|turn|5\n|inactive|SamP_64 has 30 seconds left.\n|inactive|SamP_64 has 20 seconds left.\n|inactive|Angelo Neres has 30 seconds left.\n|\n|t:|1736487410\n|-end|p1b: Scream Tail|Protosynthesis|[silent]\n|switch|p1b: Grimmsnarl|Grimmsnarl, L50, M, shiny|57\/100\n|-terastallize|p1a: Groudon|Fire\n|move|p2a: Rillaboom|Grassy Glide|p1b: Grimmsnarl\n|-damage|p1b: Grimmsnarl|34\/100\n|move|p1a: Groudon|Heat Crash|p2a: Rillaboom\n|-supereffective|p2a: Rillaboom\n|-crit|p2a: Rillaboom\n|-damage|p2a: Rillaboom|0 fnt\n|faint|p2a: Rillaboom\n|move|p2b: Terapagos|Calm Mind|p2b: Terapagos\n|-boost|p2b: Terapagos|spa|1\n|-boost|p2b: Terapagos|spd|1\n|\n|-weather|SunnyDay|[upkeep]\n|-heal|p1b: Grimmsnarl|40\/100|[from] Grassy Terrain\n|-heal|p2b: Terapagos|99\/100 par|[from] Grassy Terrain\n|-heal|p2b: Terapagos|100\/100 par|[from] item: Leftovers\n|-sideend|p1: Angelo Neres|move: Light Screen\n|upkeep\n|\n|t:|1736487427\n|switch|p2a: Incineroar|Incineroar, L50, F|100\/100\n|-ability|p2a: Incineroar|Intimidate|boost\n|-unboost|p1a: Groudon|atk|1\n|-unboost|p1b: Grimmsnarl|atk|1\n|turn|6\n|\n|t:|1736487452\n|switch|p1a: Cobalion|Cobalion, L50, shiny|100\/100\n|move|p2a: Incineroar|Fake Out|p1a: Cobalion\n|-resisted|p1a: Cobalion\n|-damage|p1a: Cobalion|98\/100\n|move|p1b: Grimmsnarl|Light Screen|p1b: Grimmsnarl\n|-sidestart|p1: Angelo Neres|move: Light Screen\n|move|p2b: Terapagos|Calm Mind|p2b: Terapagos\n|-boost|p2b: Terapagos|spa|1\n|-boost|p2b: Terapagos|spd|1\n|\n|-weather|SunnyDay|[upkeep]\n|-heal|p1a: Cobalion|100\/100|[from] Grassy Terrain\n|-heal|p1b: Grimmsnarl|46\/100|[from] Grassy Terrain\n|-sideend|p1: Angelo Neres|Reflect\n|upkeep\n|turn|7\n|\n|t:|1736487474\n|switch|p2a: Flutter Mane|Flutter Mane, L50|100\/100\n|-activate|p2a: Flutter Mane|ability: Protosynthesis\n|-start|p2a: Flutter Mane|protosynthesisspe\n|move|p1b: Grimmsnarl|Parting Shot|p2b: Terapagos\n|-unboost|p2b: Terapagos|atk|1\n|-unboost|p2b: Terapagos|spa|1\n|\n|t:|1736487482\n|switch|p1b: Groudon|Groudon, L50, shiny, tera:Fire|100\/100|[from] Parting Shot\n|move|p1a: Cobalion|Iron Defense|p1a: Cobalion\n|-boost|p1a: Cobalion|def|2\n|move|p2b: Terapagos|Tera Starstorm|p1b: Groudon|[spread] p1a,p1b\n|-supereffective|p1b: Groudon\n|-damage|p1a: Cobalion|71\/100\n|-damage|p1b: Groudon|74\/100\n|\n|-weather|none\n|-end|p2a: Flutter Mane|Protosynthesis\n|-heal|p1a: Cobalion|77\/100|[from] Grassy Terrain\n|-heal|p1b: Groudon|80\/100|[from] Grassy Terrain\n|upkeep\n|-enditem|p2a: Flutter Mane|Booster Energy\n|-activate|p2a: Flutter Mane|ability: Protosynthesis|[fromitem]\n|-start|p2a: Flutter Mane|protosynthesisspe\n|turn|8\n|inactive|SamP_64 has 30 seconds left.\n|inactive|Angelo Neres has 30 seconds left.\n|inactive|SamP_64 has 20 seconds left.\n|inactive|SamP_64 has 15 seconds left.\n|inactive|SamP_64 has 10 seconds left.\n|inactive|Angelo Neres has 20 seconds left.\n|\n|t:|1736487533\n|move|p2a: Flutter Mane|Thunder Wave|p1a: Cobalion\n|-status|p1a: Cobalion|par\n|move|p1b: Groudon|Heat Crash|p2b: Terapagos\n|-end|p2b: Terapagos|Substitute\n|cant|p1a: Cobalion|par\n|move|p2b: Terapagos|Calm Mind|p2b: Terapagos\n|-boost|p2b: Terapagos|spa|1\n|-boost|p2b: Terapagos|spd|1\n|\n|-heal|p1b: Groudon|87\/100|[from] Grassy Terrain\n|-heal|p1a: Cobalion|84\/100 par|[from] Grassy Terrain\n|-fieldend|move: Grassy Terrain\n|upkeep\n|turn|9\n|inactive|SamP_64 has 30 seconds left.\n|inactive|SamP_64 has 20 seconds left.\n|inactive|SamP_64 has 15 seconds left.\n|\n|t:|1736487578\n|move|p2b: Terapagos|Protect|p2b: Terapagos\n|-singleturn|p2b: Terapagos|Protect\n|move|p2a: Flutter Mane|Thunder Wave|p1b: Groudon\n|-status|p1b: Groudon|par\n|move|p1a: Cobalion|Body Press|p2b: Terapagos\n|-activate|p2b: Terapagos|move: Protect\n|move|p1b: Groudon|Heat Crash|p2a: Flutter Mane\n|-damage|p2a: Flutter Mane|0 fnt\n|faint|p2a: Flutter Mane\n|-end|p2a: Flutter Mane|Protosynthesis|[silent]\n|\n|upkeep\n|\n|t:|1736487589\n|switch|p2a: Incineroar|Incineroar, L50, F|100\/100\n|-ability|p2a: Incineroar|Intimidate|boost\n|-unboost|p1a: Cobalion|atk|1\n|-unboost|p1b: Groudon|atk|1\n|turn|10\n|\n|t:|1736487603\n|switch|p1b: Grimmsnarl|Grimmsnarl, L50, M, shiny|46\/100\n|move|p1a: Cobalion|Protect|p1a: Cobalion\n|-singleturn|p1a: Cobalion|Protect\n|move|p2a: Incineroar|Fake Out|p1a: Cobalion\n|-activate|p1a: Cobalion|move: Protect\n|move|p2b: Terapagos|Calm Mind|p2b: Terapagos\n|-boost|p2b: Terapagos|spa|1\n|-boost|p2b: Terapagos|spd|1\n|\n|-sideend|p1: Angelo Neres|move: Light Screen\n|upkeep\n|turn|11\n|\n|t:|1736487619\n|move|p1b: Grimmsnarl|Light Screen|p1b: Grimmsnarl\n|-sidestart|p1: Angelo Neres|move: Light Screen\n|move|p2a: Incineroar|Knock Off|p1a: Cobalion\n|-resisted|p1a: Cobalion\n|-damage|p1a: Cobalion|78\/100 par\n|-ability|p1a: Cobalion|Justified|boost\n|-boost|p1a: Cobalion|atk|1\n|-enditem|p1a: Cobalion|Safety Goggles|[from] move: Knock Off|[of] p2a: Incineroar\n|move|p1a: Cobalion|Body Press|p2b: Terapagos\n|-supereffective|p2b: Terapagos\n|-damage|p2b: Terapagos|2\/100 par\n|move|p2b: Terapagos|Tera Starstorm|p1b: Grimmsnarl|[spread] p1a,p1b\n|-damage|p1a: Cobalion|25\/100 par\n|-damage|p1b: Grimmsnarl|0 fnt\n|faint|p1b: Grimmsnarl\n|\n|-heal|p2b: Terapagos|8\/100 par|[from] item: Leftovers\n|upkeep\n|\n|t:|1736487635\n|switch|p1b: Scream Tail|Scream Tail, L50, shiny|8\/100\n|turn|12\n|\n|t:|1736487651\n|cant|p2b: Terapagos|par\n|move|p1b: Scream Tail|Disable|p2b: Terapagos\n|-start|p2b: Terapagos|Disable|Tera Starstorm\n|move|p2a: Incineroar|Knock Off|p1b: Scream Tail\n|-damage|p1b: Scream Tail|0 fnt\n|faint|p1b: Scream Tail\n|-end|p1b: Scream Tail|Protosynthesis|[silent]\n|move|p1a: Cobalion|Body Press|p2a: Incineroar\n|-supereffective|p2a: Incineroar\n|-damage|p2a: Incineroar|0 fnt\n|-damage|p1a: Cobalion|8\/100 par|[from] item: Rocky Helmet|[of] p2a: Incineroar\n|faint|p2a: Incineroar\n|\n|-heal|p2b: Terapagos|14\/100 par|[from] item: Leftovers\n|upkeep\n|\n|t:|1736487656\n|switch|p1b: Groudon|Groudon, L50, shiny, tera:Fire|87\/100 par\n|-weather|SunnyDay|[from] ability: Drought|[of] p1b: Groudon\n|turn|13\n|\n|t:|1736487663\n|move|p1a: Cobalion|Body Press|p2b: Terapagos\n|-supereffective|p2b: Terapagos\n|-damage|p2b: Terapagos|0 fnt\n|faint|p2b: Terapagos\n|\n|win|Angelo Neres\n|raw|Angelo Neres's rating: 1554 &rarr; <strong>1575<\/strong><br \/>(+21 for winning)\n|raw|SamP_64's rating: 1565 &rarr; <strong>1544<\/strong><br \/>(-21 for losing)\n|c|\u2606Angelo Neres|Gg\n|l|\u2606SamP_64\n|player|p2|\n|l|\u2606Angelo Neres\n|player|p1|\n","uploadtime":1736487804,"views":22,"formatid":"gen9vgc2025regg","rating":1544,"private":0,"password":null}