{"id":"gen9vgc2025regg-2278296343","format":"[Gen 9] VGC 2025 Reg G","players":["i'm a theorem","Squ1dge_"],"log":"|j|\u2606i'm a theorem\n|j|\u2606Squ1dge_\n|t:|1736480936\n|gametype|doubles\n|player|p1|i'm a theorem|caitlin|1608\n|player|p2|Squ1dge_|170|1576\n|teamsize|p1|6\n|teamsize|p2|6\n|gen|9\n|tier|[Gen 9] VGC 2025 Reg G\n|rated|\n|rule|Species Clause: Limit one of each Pok\u00e9mon\n|rule|Item Clause: Limit 1 of each item\n|clearpoke\n|poke|p1|Ogerpon-Hearthflame, L50, F|\n|poke|p1|Urshifu-*, L50, F|\n|poke|p1|Farigiraf, L50, M|\n|poke|p1|Flutter Mane, L50|\n|poke|p1|Whimsicott, L50, F|\n|poke|p1|Terapagos, L50, M|\n|poke|p2|Farigiraf, L50, M|\n|poke|p2|Regieleki, L50|\n|poke|p2|Landorus, L50, M|\n|poke|p2|Ogerpon-Cornerstone, L50, F|\n|poke|p2|Urshifu-*, L50, F|\n|poke|p2|Calyrex-Ice, L50|\n|teampreview|4\n|inactive|Battle timer is ON: inactive players will automatically lose when time's up. (requested by Squ1dge_)\n|inactive|Squ1dge_ has 60 seconds left.\n|\n|t:|1736480974\n|start\n|switch|p1a: Flutter Mane|Flutter Mane, L50|100\/100\n|switch|p1b: Urshifu|Urshifu-Rapid-Strike, L50, F|100\/100\n|switch|p2a: Regieleki|Regieleki, L50|100\/100\n|switch|p2b: Landorus|Landorus, L50, M|100\/100\n|-enditem|p1a: Flutter Mane|Booster Energy\n|-activate|p1a: Flutter Mane|ability: Protosynthesis|[fromitem]\n|-start|p1a: Flutter Mane|protosynthesisspe\n|turn|1\n|inactive|Squ1dge_ has 30 seconds left.\n|\n|t:|1736481008\n|switch|p2a: Calyrex|Calyrex-Ice, L50|100\/100\n|-ability|p2a: Calyrex|As One\n|-ability|p2a: Calyrex|Unnerve\n|move|p1b: Urshifu|Protect|p1b: Urshifu\n|-singleturn|p1b: Urshifu|Protect\n|move|p1a: Flutter Mane|Icy Wind|p2a: Calyrex|[spread] p2a,p2b\n|-resisted|p2a: Calyrex\n|-supereffective|p2b: Landorus\n|-damage|p2a: Calyrex|97\/100\n|-damage|p2b: Landorus|42\/100\n|-unboost|p2b: Landorus|spe|1\n|move|p2b: Landorus|Sandsear Storm|p1b: Urshifu|[spread] p1a\n|-activate|p1b: Urshifu|move: Protect\n|-damage|p1a: Flutter Mane|39\/100\n|\n|upkeep\n|turn|2\n|inactive|i'm a theorem has 30 seconds left.\n|inactive|Squ1dge_ has 30 seconds left.\n|inactive|i'm a theorem has 20 seconds left.\n|inactive|Squ1dge_ has 20 seconds left.\n|inactive|i'm a theorem has 15 seconds left.\n|inactive|Squ1dge_ has 15 seconds left.\n|inactive|i'm a theorem has 10 seconds left.\n|\n|t:|1736481053\n|switch|p2b: Urshifu|Urshifu-Rapid-Strike, L50, F|100\/100\n|move|p1a: Flutter Mane|Shadow Ball|p2a: Calyrex\n|-supereffective|p2a: Calyrex\n|-damage|p2a: Calyrex|45\/100\n|move|p1b: Urshifu|Surging Strikes|p2a: Calyrex\n|-crit|p2a: Calyrex\n|-damage|p2a: Calyrex|29\/100\n|-crit|p2a: Calyrex\n|-damage|p2a: Calyrex|14\/100\n|-crit|p2a: Calyrex\n|-damage|p2a: Calyrex|0 fnt\n|faint|p2a: Calyrex\n|-hitcount|p2: Calyrex|3\n|\n|upkeep\n|\n|t:|1736481069\n|switch|p2a: Regieleki|Regieleki, L50|100\/100\n|turn|3\n|\n|t:|1736481091\n|move|p2b: Urshifu|Detect|p2b: Urshifu\n|-singleturn|p2b: Urshifu|Protect\n|move|p1a: Flutter Mane|Moonblast|p2b: Urshifu\n|-activate|p2b: Urshifu|move: Protect\n|move|p2a: Regieleki|Electroweb|p1a: Flutter Mane|[spread] p1b\n|-miss|p2a: Regieleki|p1a: Flutter Mane\n|-supereffective|p1b: Urshifu\n|-damage|p1b: Urshifu|15\/100\n|-unboost|p1b: Urshifu|spe|1\n|move|p1b: Urshifu|Surging Strikes|p2a: Regieleki\n|-crit|p2a: Regieleki\n|-damage|p2a: Regieleki|56\/100\n|-crit|p2a: Regieleki\n|-damage|p2a: Regieleki|15\/100\n|-crit|p2a: Regieleki\n|-damage|p2a: Regieleki|0 fnt\n|faint|p2a: Regieleki\n|-hitcount|p2: Regieleki|3\n|\n|upkeep\n|\n|t:|1736481109\n|switch|p2a: Landorus|Landorus, L50, M|42\/100\n|turn|4\n|\n|t:|1736481132\n|-terastallize|p2b: Urshifu|Normal\n|move|p2b: Urshifu|Aqua Jet|p1b: Urshifu\n|-resisted|p1b: Urshifu\n|-damage|p1b: Urshifu|2\/100\n|move|p1b: Urshifu|Aqua Jet|p2a: Landorus\n|-supereffective|p2a: Landorus\n|-damage|p2a: Landorus|0 fnt\n|faint|p2a: Landorus\n|move|p1a: Flutter Mane|Icy Wind|p2b: Urshifu\n|-damage|p2b: Urshifu|80\/100\n|-unboost|p2b: Urshifu|spe|1\n|\n|upkeep\n|turn|5\n|-message|Squ1dge_ forfeited.\n|\n|win|i'm a theorem\n|raw|i&apos;m a theorem's rating: 1608 &rarr; <strong>1626<\/strong><br \/>(+18 for winning)\n|raw|Squ1dge_'s rating: 1576 &rarr; <strong>1558<\/strong><br \/>(-18 for losing)\n|l|\u2606Squ1dge_\n|player|p2|\n|l|\u2606i'm a theorem\n|player|p1|\n","uploadtime":1736481397,"views":218,"formatid":"gen9vgc2025regg","rating":1558,"private":0,"password":null}