{"id":"gen9vgc2025regg-2278367369","format":"[Gen 9] VGC 2025 Reg G","players":["jephre45","i\u2764\u5a1c\u7984forever"],"log":"|j|\u2606jephre45\n|j|\u2606i\u2764\u5a1c\u7984forever\n|t:|1736493632\n|gametype|doubles\n|player|p1|jephre45|plasmagrunt|1512\n|player|p2|i\u2764\u5a1c\u7984forever|youngcouple|1585\n|teamsize|p1|6\n|teamsize|p2|6\n|gen|9\n|tier|[Gen 9] VGC 2025 Reg G\n|rated|\n|rule|Species Clause: Limit one of each Pok\u00e9mon\n|rule|Item Clause: Limit 1 of each item\n|clearpoke\n|poke|p1|Calyrex-Ice, L50|\n|poke|p1|Urshifu-*, L50, M|\n|poke|p1|Pelipper, L50, M|\n|poke|p1|Amoonguss, L50, M|\n|poke|p1|Iron Valiant, L50|\n|poke|p1|Landorus, L50, M|\n|poke|p2|Groudon, L50|\n|poke|p2|Farigiraf, L50, M|\n|poke|p2|Urshifu-*, L50, F|\n|poke|p2|Flutter Mane, L50|\n|poke|p2|Dragonite, L50, F|\n|poke|p2|Torkoal, L50, M|\n|teampreview|4\n|j| kkbng\n|l| kkbng\n|\n|t:|1736493712\n|start\n|switch|p1a: Calyrex|Calyrex-Ice, L50|100\/100\n|switch|p1b: Iron Valiant|Iron Valiant, L50, shiny|100\/100\n|switch|p2a: Groudon|Groudon, L50|100\/100\n|switch|p2b: Flutter Mane|Flutter Mane, L50|100\/100\n|-ability|p1a: Calyrex|As One\n|-ability|p1a: Calyrex|Unnerve\n|-weather|SunnyDay|[from] ability: Drought|[of] p2a: Groudon\n|-activate|p2b: Flutter Mane|ability: Protosynthesis\n|-start|p2b: Flutter Mane|protosynthesisspa\n|-enditem|p1b: Iron Valiant|Booster Energy\n|-activate|p1b: Iron Valiant|ability: Quark Drive|[fromitem]\n|-start|p1b: Iron Valiant|quarkdrivespe\n|turn|1\n|\n|t:|1736493750\n|switch|p1a: Pelipper|Pelipper, L50, M|100\/100\n|-weather|RainDance|[from] ability: Drizzle|[of] p1a: Pelipper\n|-end|p2b: Flutter Mane|Protosynthesis\n|move|p1b: Iron Valiant|Spirit Break|p2b: Flutter Mane\n|-damage|p2b: Flutter Mane|54\/100\n|-unboost|p2b: Flutter Mane|spa|1\n|move|p2b: Flutter Mane|Shadow Ball|p1a: Pelipper\n|-damage|p1a: Pelipper|36\/100\n|-unboost|p1a: Pelipper|spd|1\n|move|p2a: Groudon|Heat Crash|p1a: Pelipper\n|-resisted|p1a: Pelipper\n|-damage|p1a: Pelipper|23\/100\n|\n|-weather|RainDance|[upkeep]\n|upkeep\n|turn|2\n|j| judang\n|\n|t:|1736493781\n|switch|p2a: Torkoal|Torkoal, L50, M|100\/100\n|-weather|SunnyDay|[from] ability: Drought|[of] p2a: Torkoal\n|-activate|p2b: Flutter Mane|ability: Protosynthesis\n|-start|p2b: Flutter Mane|protosynthesisspd\n|switch|p1a: Calyrex|Calyrex-Ice, L50|100\/100\n|-ability|p1a: Calyrex|As One\n|-ability|p1a: Calyrex|Unnerve\n|move|p1b: Iron Valiant|Spirit Break|p2b: Flutter Mane\n|-damage|p2b: Flutter Mane|2\/100\n|-unboost|p2b: Flutter Mane|spa|1\n|move|p2b: Flutter Mane|Shadow Ball|p1b: Iron Valiant\n|-damage|p1b: Iron Valiant|56\/100\n|\n|-weather|SunnyDay|[upkeep]\n|upkeep\n|turn|3\n|j| Standard European\n|\n|t:|1736493805\n|-end|p2b: Flutter Mane|Protosynthesis|[silent]\n|switch|p2b: Groudon|Groudon, L50|100\/100\n|move|p1a: Calyrex|Protect|p1a: Calyrex\n|-singleturn|p1a: Calyrex|Protect\n|move|p1b: Iron Valiant|Spirit Break|p2a: Torkoal\n|-resisted|p2a: Torkoal\n|-damage|p2a: Torkoal|88\/100\n|-unboost|p2a: Torkoal|spa|1\n|move|p2a: Torkoal|Flamethrower|p1a: Calyrex\n|-activate|p1a: Calyrex|move: Protect\n|\n|-weather|SunnyDay|[upkeep]\n|upkeep\n|turn|4\n|l| Standard European\n|l| judang\n|\n|t:|1736493845\n|-end|p1b: Iron Valiant|Quark Drive|[silent]\n|switch|p1b: Pelipper|Pelipper, L50, M|23\/100\n|-weather|RainDance|[from] ability: Drizzle|[of] p1b: Pelipper\n|move|p2b: Groudon|Precipice Blades|p1b: Pelipper|[spread] \n|-immune|p1b: Pelipper\n|-miss|p2b: Groudon|p1a: Calyrex\n|move|p1a: Calyrex|High Horsepower|p2a: Torkoal\n|-supereffective|p2a: Torkoal\n|-damage|p2a: Torkoal|24\/100\n|move|p2a: Torkoal|Flamethrower|p1a: Calyrex\n|-supereffective|p1a: Calyrex\n|-damage|p1a: Calyrex|78\/100\n|-damage|p2a: Torkoal|14\/100|[from] item: Life Orb\n|\n|-weather|RainDance|[upkeep]\n|upkeep\n|turn|5\n|j| judang\n|\n|t:|1736493871\n|switch|p1b: Iron Valiant|Iron Valiant, L50, shiny|56\/100\n|switch|p2a: Dragonite|Dragonite, L50, F|100\/100\n|move|p2b: Groudon|Thunder Punch|p1b: Iron Valiant\n|-damage|p1b: Iron Valiant|26\/100\n|move|p1a: Calyrex|Glacial Lance|p2b: Groudon|[spread] p2a,p2b\n|-supereffective|p2a: Dragonite\n|-supereffective|p2b: Groudon\n|-damage|p2a: Dragonite|0 fnt\n|-damage|p2b: Groudon|28\/100\n|faint|p2a: Dragonite\n|-ability|p1a: Calyrex|Chilling Neigh|boost\n|-boost|p1a: Calyrex|atk|1\n|\n|-weather|RainDance|[upkeep]\n|upkeep\n|\n|t:|1736493888\n|switch|p2a: Flutter Mane|Flutter Mane, L50|2\/100\n|turn|6\n|j| citylovecitylove\n|\n|t:|1736493909\n|switch|p2b: Torkoal|Torkoal, L50, M|14\/100\n|-weather|SunnyDay|[from] ability: Drought|[of] p2b: Torkoal\n|-activate|p2a: Flutter Mane|ability: Protosynthesis\n|-start|p2a: Flutter Mane|protosynthesisspa\n|-terastallize|p1a: Calyrex|Grass\n|move|p1b: Iron Valiant|Coaching|p1a: Calyrex\n|-boost|p1a: Calyrex|atk|1\n|-boost|p1a: Calyrex|def|1\n|move|p2a: Flutter Mane|Dazzling Gleam|p1a: Calyrex|[spread] p1a,p1b\n|-supereffective|p1b: Iron Valiant\n|-damage|p1a: Calyrex|41\/100\n|-damage|p1b: Iron Valiant|0 fnt\n|faint|p1b: Iron Valiant\n|-end|p1b: Iron Valiant|Quark Drive|[silent]\n|move|p1a: Calyrex|Glacial Lance|p2a: Flutter Mane|[spread] p2a,p2b\n|-resisted|p2b: Torkoal\n|-damage|p2a: Flutter Mane|0 fnt\n|-damage|p2b: Torkoal|0 fnt\n|faint|p2a: Flutter Mane\n|-end|p2a: Flutter Mane|Protosynthesis|[silent]\n|faint|p2b: Torkoal\n|-ability|p1a: Calyrex|Chilling Neigh|boost\n|-boost|p1a: Calyrex|atk|2\n|\n|-weather|SunnyDay|[upkeep]\n|upkeep\n|\n|t:|1736493931\n|switch|p1b: Pelipper|Pelipper, L50, M|23\/100\n|switch|p2b: Groudon|Groudon, L50|28\/100\n|-weather|RainDance|[from] ability: Drizzle|[of] p1b: Pelipper\n|turn|7\n|inactive|Battle timer is ON: inactive players will automatically lose when time's up. (requested by jephre45)\n|\n|t:|1736493958\n|move|p2b: Groudon|Precipice Blades|p1a: Calyrex|[spread] p1a\n|-immune|p1b: Pelipper\n|-resisted|p1a: Calyrex\n|-damage|p1a: Calyrex|30\/100\n|move|p1b: Pelipper|Weather Ball|p2b: Groudon\n|-supereffective|p2b: Groudon\n|-damage|p2b: Groudon|0 fnt\n|faint|p2b: Groudon\n|-damage|p1b: Pelipper|13\/100|[from] item: Life Orb\n|\n|win|jephre45\n|raw|jephre45's rating: 1512 &rarr; <strong>1536<\/strong><br \/>(+24 for winning)\n|raw|i\u2764\u5a1c\u7984forever's rating: 1585 &rarr; <strong>1561<\/strong><br \/>(-24 for losing)\n|l|\u2606i\u2764\u5a1c\u7984forever\n|player|p2|\n|l|\u2606jephre45\n|player|p1|\n|l| citylovecitylove\n|l| judang\n","uploadtime":1736494156,"views":10,"formatid":"gen9vgc2025regg","rating":1536,"private":0,"password":null}