{"id":"gen9vgc2025regg-2278069330","format":"[Gen 9] VGC 2025 Reg G","players":["darthnius","Angelo Neres"],"log":"|j|\u2606darthnius\n|j|\u2606Angelo Neres\n|t:|1736452309\n|gametype|doubles\n|player|p1|darthnius|volkner|1553\n|player|p2|Angelo Neres|1|1594\n|teamsize|p1|6\n|teamsize|p2|6\n|gen|9\n|tier|[Gen 9] VGC 2025 Reg G\n|rated|\n|rule|Species Clause: Limit one of each Pok\u00e9mon\n|rule|Item Clause: Limit 1 of each item\n|clearpoke\n|poke|p1|Calyrex-Ice, L50|\n|poke|p1|Dondozo, L50, F|\n|poke|p1|Tatsugiri-Droopy, L50, M|\n|poke|p1|Weezing-Galar, L50, F|\n|poke|p1|Whimsicott, L50, F|\n|poke|p1|Landorus, L50, M|\n|poke|p2|Groudon, L50|\n|poke|p2|Moltres-Galar, L50|\n|poke|p2|Scream Tail, L50|\n|poke|p2|Grimmsnarl, L50, M|\n|poke|p2|Cobalion, L50|\n|poke|p2|Amoonguss, L50, F|\n|teampreview|4\n|inactive|Battle timer is ON: inactive players will automatically lose when time's up. (requested by Angelo Neres)\n|inactive|darthnius has 60 seconds left.\n|inactive|Angelo Neres has 60 seconds left.\n|\n|t:|1736452371\n|start\n|switch|p1a: Weezing|Weezing-Galar, L50, F|100\/100\n|switch|p1b: Landorus|Landorus, L50, M|100\/100\n|switch|p2a: Groudon|Groudon, L50, shiny|100\/100\n|switch|p2b: Scream Tail|Scream Tail, L50, shiny|100\/100\n|-ability|p1a: Weezing|Neutralizing Gas\n|turn|1\n|\n|t:|1736452386\n|move|p1b: Landorus|Protect|p1b: Landorus\n|-singleturn|p1b: Landorus|Protect\n|move|p2b: Scream Tail|Ice Beam|p1b: Landorus\n|-activate|p1b: Landorus|move: Protect\n|move|p2a: Groudon|Heat Crash|p1b: Landorus\n|-activate|p1b: Landorus|move: Protect\n|move|p1a: Weezing|Toxic Spikes|p2a: Groudon\n|-sidestart|p2: Angelo Neres|move: Toxic Spikes\n|\n|upkeep\n|turn|2\n|inactive|darthnius has 30 seconds left.\n|\n|t:|1736452415\n|switch|p1b: Calyrex|Calyrex-Ice, L50|100\/100\n|-ability|p1b: Calyrex|As One\n|-ability|p1b: Calyrex|Unnerve\n|move|p2b: Scream Tail|Encore||[still]\n|-fail|p2b: Scream Tail\n|move|p2a: Groudon|Precipice Blades|p1a: Weezing|[spread] p1a,p1b\n|-supereffective|p1a: Weezing\n|-damage|p1a: Weezing|6\/100\n|-damage|p1b: Calyrex|66\/100\n|move|p1a: Weezing|Poison Gas|p2a: Groudon|[spread] p2a,p2b\n|-status|p2a: Groudon|psn\n|-status|p2b: Scream Tail|psn\n|\n|-damage|p2b: Scream Tail|88\/100 psn|[from] psn\n|-damage|p2a: Groudon|88\/100 psn|[from] psn\n|upkeep\n|turn|3\n|\n|t:|1736452438\n|move|p1a: Weezing|Protect|p1a: Weezing\n|-singleturn|p1a: Weezing|Protect\n|move|p2b: Scream Tail|Ice Beam|p1a: Weezing\n|-activate|p1a: Weezing|move: Protect\n|move|p2a: Groudon|Precipice Blades|p1a: Weezing|[spread] p1b\n|-activate|p1a: Weezing|move: Protect\n|-damage|p1b: Calyrex|32\/100\n|move|p1b: Calyrex|Glacial Lance|p2a: Groudon|[spread] p2a,p2b\n|-supereffective|p2a: Groudon\n|-damage|p2a: Groudon|0 fnt\n|-damage|p2b: Scream Tail|23\/100 psn\n|faint|p2a: Groudon\n|-ability|p1b: Calyrex|Chilling Neigh|boost\n|-boost|p1b: Calyrex|atk|1\n|\n|-damage|p2b: Scream Tail|11\/100 psn|[from] psn\n|upkeep\n|\n|t:|1736452453\n|switch|p2a: Cobalion|Cobalion, L50, shiny|100\/100\n|turn|4\n|inactive|Angelo Neres has 30 seconds left.\n|inactive|Angelo Neres has 20 seconds left.\n|inactive|Angelo Neres has 15 seconds left.\n|\n|t:|1736452496\n|move|p2a: Cobalion|Protect|p2a: Cobalion\n|-singleturn|p2a: Cobalion|Protect\n|move|p2b: Scream Tail|Disable|p1b: Calyrex\n|-start|p1b: Calyrex|Disable|Glacial Lance\n|move|p1a: Weezing|Dazzling Gleam|p2a: Cobalion|[spread] p2b\n|-activate|p2a: Cobalion|move: Protect\n|-damage|p2b: Scream Tail|0 fnt\n|faint|p2b: Scream Tail\n|-end|p2b: Scream Tail|Protosynthesis|[silent]\n|cant|p1b: Calyrex|Disable|Glacial Lance\n|\n|upkeep\n|\n|t:|1736452500\n|switch|p2b: Amoonguss|Amoonguss, L50, F, shiny|100\/100\n|-sideend|p2: Angelo Neres|move: Toxic Spikes|[of] p2b: Amoonguss\n|turn|5\n|j| DonShitDozo\n|\n|t:|1736452516\n|switch|p1b: Whimsicott|Whimsicott, L50, F|100\/100\n|move|p2a: Cobalion|Iron Head|p1a: Weezing\n|-supereffective|p1a: Weezing\n|-damage|p1a: Weezing|0 fnt\n|faint|p1a: Weezing\n|-end|p1a: Weezing|ability: Neutralizing Gas\n|move|p2b: Amoonguss|Spore|p1b: Whimsicott\n|-immune|p1b: Whimsicott\n|\n|upkeep\n|inactive|darthnius has 30 seconds left.\n|\n|t:|1736452541\n|switch|p1a: Calyrex|Calyrex-Ice, L50|32\/100\n|-ability|p1a: Calyrex|As One\n|-ability|p1a: Calyrex|Unnerve\n|turn|6\n|j| Adrinhoo\n|\n|t:|1736452564\n|-terastallize|p1a: Calyrex|Normal\n|-terastallize|p2b: Amoonguss|Water\n|move|p1b: Whimsicott|Tailwind|p1b: Whimsicott\n|-sidestart|p1: darthnius|move: Tailwind\n|move|p1a: Calyrex|Glacial Lance|p2a: Cobalion|[spread] p2a,p2b\n|-resisted|p2a: Cobalion\n|-resisted|p2b: Amoonguss\n|-crit|p2b: Amoonguss\n|-damage|p2a: Cobalion|77\/100\n|-damage|p2b: Amoonguss|56\/100\n|move|p2a: Cobalion|Iron Head|p1b: Whimsicott\n|-supereffective|p1b: Whimsicott\n|-damage|p1b: Whimsicott|42\/100\n|move|p2b: Amoonguss|Spore|p1a: Calyrex\n|-status|p1a: Calyrex|slp|[from] move: Spore\n|\n|upkeep\n|turn|7\n|\n|t:|1736452583\n|move|p1b: Whimsicott|Encore|p2b: Amoonguss\n|-start|p2b: Amoonguss|Encore\n|cant|p1a: Calyrex|slp\n|move|p2a: Cobalion|Body Press|p1a: Calyrex\n|-supereffective|p1a: Calyrex\n|-damage|p1a: Calyrex|0 fnt\n|faint|p1a: Calyrex\n|move|p2b: Amoonguss|Spore|p1b: Whimsicott\n|-immune|p1b: Whimsicott\n|\n|upkeep\n|\n|t:|1736452591\n|switch|p1a: Landorus|Landorus, L50, M|100\/100\n|turn|8\n|\n|t:|1736452603\n|move|p2a: Cobalion|Protect|p2a: Cobalion\n|-singleturn|p2a: Cobalion|Protect\n|move|p1b: Whimsicott|Encore|p2a: Cobalion\n|-activate|p2a: Cobalion|move: Protect\n|move|p1a: Landorus|Substitute|p1a: Landorus\n|-start|p1a: Landorus|Substitute\n|-damage|p1a: Landorus|76\/100\n|move|p2b: Amoonguss|Spore||[still]\n|-fail|p2b: Amoonguss\n|\n|upkeep\n|turn|9\n|c|\u2606Angelo Neres|Gg wp\n|l| Adrinhoo\n|-message|Angelo Neres forfeited.\n|\n|win|darthnius\n|raw|darthnius's rating: 1553 &rarr; <strong>1575<\/strong><br \/>(+22 for winning)\n|raw|Angelo Neres's rating: 1594 &rarr; <strong>1572<\/strong><br \/>(-22 for losing)\n|l|\u2606Angelo Neres\n|player|p2|\n","uploadtime":1736452627,"views":14,"formatid":"gen9vgc2025regg","rating":1572,"private":0,"password":null}