{"id":"gen9vgc2025regg-2278889021","format":"[Gen 9] VGC 2025 Reg G","players":["Xatseye","leolc0926"],"log":"|j|\u203dXatseye\n|j|\u2606leolc0926\n|t:|1736561525\n|gametype|doubles\n|player|p1|Xatseye|biker|1523\n|player|p2|leolc0926|steven|1550\n|teamsize|p1|6\n|teamsize|p2|6\n|gen|9\n|tier|[Gen 9] VGC 2025 Reg G\n|rated|\n|rule|Species Clause: Limit one of each Pok\u00e9mon\n|rule|Item Clause: Limit 1 of each item\n|clearpoke\n|poke|p1|Cresselia, L50, F|\n|poke|p1|Flutter Mane, L50|\n|poke|p1|Maushold-Four, L50|\n|poke|p1|Incineroar, L50, F|\n|poke|p1|Calyrex-Ice, L50|\n|poke|p1|Raging Bolt, L50|\n|poke|p2|Flutter Mane, L50|\n|poke|p2|Torkoal, L50, M|\n|poke|p2|Calyrex-Ice, L50|\n|poke|p2|Ogerpon-Cornerstone, L50, F|\n|poke|p2|Urshifu-*, L50, M|\n|poke|p2|Farigiraf, L50, F|\n|teampreview|4\n|inactive|Battle timer is ON: inactive players will automatically lose when time's up. (requested by Xatseye)\nleolc0926 has agreed to open team sheets.\n|\n|t:|1736561546\n|start\n|switch|p1a: Calyrex|Calyrex-Ice, L50|100\/100\n|switch|p1b: Incineroar|Incineroar, L50, F|100\/100\n|switch|p2a: Ogerpon|Ogerpon-Cornerstone, L50, F|100\/100\n|switch|p2b: \u30d0\u30c9\u30ec\u30c3\u30af\u30b9|Calyrex-Ice, L50|100\/100\n|-ability|p1a: Calyrex|As One\n|-ability|p1a: Calyrex|Unnerve\n|-ability|p2b: \u30d0\u30c9\u30ec\u30c3\u30af\u30b9|As One\n|-ability|p2b: \u30d0\u30c9\u30ec\u30c3\u30af\u30b9|Unnerve\n|-ability|p1b: Incineroar|Intimidate|boost\n|-unboost|p2a: Ogerpon|atk|1\n|-fail|p2b: \u30d0\u30c9\u30ec\u30c3\u30af\u30b9|unboost|[from] item: Clear Amulet|[of] p2b: \u30d0\u30c9\u30ec\u30c3\u30af\u30b9\n|turn|1\n|\n|t:|1736561566\n|-terastallize|p1b: Incineroar|Water\n|move|p2a: Ogerpon|Spiky Shield|p2a: Ogerpon\n|-singleturn|p2a: Ogerpon|move: Protect\n|move|p1a: Calyrex|Protect|p1a: Calyrex\n|-singleturn|p1a: Calyrex|Protect\n|move|p2b: \u30d0\u30c9\u30ec\u30c3\u30af\u30b9|Protect|p2b: \u30d0\u30c9\u30ec\u30c3\u30af\u30b9\n|-singleturn|p2b: \u30d0\u30c9\u30ec\u30c3\u30af\u30b9|Protect\n|move|p1b: Incineroar|Will-O-Wisp|p2b: \u30d0\u30c9\u30ec\u30c3\u30af\u30b9\n|-activate|p2b: \u30d0\u30c9\u30ec\u30c3\u30af\u30b9|move: Protect\n|\n|upkeep\n|turn|2\n|\n|t:|1736561584\n|move|p2a: Ogerpon|Ivy Cudgel|p1a: Calyrex|[anim] Ivy Cudgel Rock\n|-supereffective|p1a: Calyrex\n|-damage|p1a: Calyrex|53\/100\n|move|p1b: Incineroar|Will-O-Wisp|p2b: \u30d0\u30c9\u30ec\u30c3\u30af\u30b9\n|-status|p2b: \u30d0\u30c9\u30ec\u30c3\u30af\u30b9|brn\n|move|p1a: Calyrex|Glacial Lance|p2b: \u30d0\u30c9\u30ec\u30c3\u30af\u30b9|[spread] p2a,p2b\n|-supereffective|p2a: Ogerpon\n|-resisted|p2b: \u30d0\u30c9\u30ec\u30c3\u30af\u30b9\n|-ability|p2a: Ogerpon|Sturdy\n|-damage|p2a: Ogerpon|1\/100\n|-damage|p2b: \u30d0\u30c9\u30ec\u30c3\u30af\u30b9|84\/100 brn\n|move|p2b: \u30d0\u30c9\u30ec\u30c3\u30af\u30b9|High Horsepower|p1a: Calyrex\n|-damage|p1a: Calyrex|42\/100\n|\n|-damage|p2b: \u30d0\u30c9\u30ec\u30c3\u30af\u30b9|78\/100 brn|[from] brn\n|upkeep\n|turn|3\n|\n|t:|1736561608\n|switch|p1a: Cresselia|Cresselia, L50, F, shiny|100\/100\n|move|p2a: Ogerpon|Ivy Cudgel|p1a: Cresselia|[anim] Ivy Cudgel Rock\n|-damage|p1a: Cresselia|77\/100\n|move|p1b: Incineroar|Knock Off|p2b: \u30d0\u30c9\u30ec\u30c3\u30af\u30b9\n|-supereffective|p2b: \u30d0\u30c9\u30ec\u30c3\u30af\u30b9\n|-damage|p2b: \u30d0\u30c9\u30ec\u30c3\u30af\u30b9|28\/100 brn\n|-enditem|p2b: \u30d0\u30c9\u30ec\u30c3\u30af\u30b9|Clear Amulet|[from] move: Knock Off|[of] p1b: Incineroar\n|move|p2b: \u30d0\u30c9\u30ec\u30c3\u30af\u30b9|High Horsepower|p1b: Incineroar\n|-damage|p1b: Incineroar|83\/100\n|\n|-damage|p2b: \u30d0\u30c9\u30ec\u30c3\u30af\u30b9|22\/100 brn|[from] brn\n|upkeep\n|turn|4\n|inactive|Xatseye has 30 seconds left.\n|\n|t:|1736561633\n|move|p2a: Ogerpon|Power Whip|p1b: Incineroar|[miss]\n|-miss|p2a: Ogerpon|p1b: Incineroar\n|move|p1a: Cresselia|Psychic|p2a: Ogerpon\n|-damage|p2a: Ogerpon|0 fnt\n|faint|p2a: Ogerpon\n|move|p1b: Incineroar|Knock Off|p2b: \u30d0\u30c9\u30ec\u30c3\u30af\u30b9\n|-supereffective|p2b: \u30d0\u30c9\u30ec\u30c3\u30af\u30b9\n|-damage|p2b: \u30d0\u30c9\u30ec\u30c3\u30af\u30b9|0 fnt\n|faint|p2b: \u30d0\u30c9\u30ec\u30c3\u30af\u30b9\n|\n|upkeep\n|\n|t:|1736561638\n|switch|p2a: \u30cf\u30d0\u30bf\u30af\u30ab\u30df|Flutter Mane, L50, shiny|100\/100\n|switch|p2b: \u30a6\u30fc\u30e9\u30aa\u30b9|Urshifu-Rapid-Strike, L50, M|100\/100\n|turn|5\n|inactive|leolc0926 has 30 seconds left.\n|inactive|leolc0926 has 20 seconds left.\n|\n|t:|1736561678\n|-terastallize|p2a: \u30cf\u30d0\u30bf\u30af\u30ab\u30df|Fairy\n|move|p2a: \u30cf\u30d0\u30bf\u30af\u30ab\u30df|Moonblast|p1b: Incineroar\n|-damage|p1b: Incineroar|11\/100\n|-enditem|p1b: Incineroar|Sitrus Berry|[eat]\n|-heal|p1b: Incineroar|35\/100|[from] item: Sitrus Berry\n|-damage|p2a: \u30cf\u30d0\u30bf\u30af\u30ab\u30df|91\/100|[from] item: Life Orb\n|move|p2b: \u30a6\u30fc\u30e9\u30aa\u30b9|Surging Strikes|p1b: Incineroar\n|-resisted|p1b: Incineroar\n|-crit|p1b: Incineroar\n|-damage|p1b: Incineroar|28\/100\n|-resisted|p1b: Incineroar\n|-crit|p1b: Incineroar\n|-damage|p1b: Incineroar|19\/100\n|-resisted|p1b: Incineroar\n|-crit|p1b: Incineroar\n|-damage|p1b: Incineroar|11\/100\n|-hitcount|p1b: Incineroar|3\n|move|p1b: Incineroar|Will-O-Wisp|p2b: \u30a6\u30fc\u30e9\u30aa\u30b9\n|-status|p2b: \u30a6\u30fc\u30e9\u30aa\u30b9|brn\n|move|p1a: Cresselia|Trick Room|p1a: Cresselia\n|-fieldstart|move: Trick Room|[of] p1a: Cresselia\n|\n|-damage|p2b: \u30a6\u30fc\u30e9\u30aa\u30b9|95\/100 brn|[from] brn\n|upkeep\n|turn|6\n|inactive|Xatseye has 30 seconds left.\n|\n|t:|1736561711\n|move|p2b: \u30a6\u30fc\u30e9\u30aa\u30b9|Detect|p2b: \u30a6\u30fc\u30e9\u30aa\u30b9\n|-singleturn|p2b: \u30a6\u30fc\u30e9\u30aa\u30b9|Protect\n|move|p2a: \u30cf\u30d0\u30bf\u30af\u30ab\u30df|Protect|p2a: \u30cf\u30d0\u30bf\u30af\u30ab\u30df\n|-singleturn|p2a: \u30cf\u30d0\u30bf\u30af\u30ab\u30df|Protect\n|move|p1b: Incineroar|Knock Off|p2a: \u30cf\u30d0\u30bf\u30af\u30ab\u30df\n|-activate|p2a: \u30cf\u30d0\u30bf\u30af\u30ab\u30df|move: Protect\n|move|p1a: Cresselia|Psychic|p2b: \u30a6\u30fc\u30e9\u30aa\u30b9\n|-activate|p2b: \u30a6\u30fc\u30e9\u30aa\u30b9|move: Protect\n|\n|-damage|p2b: \u30a6\u30fc\u30e9\u30aa\u30b9|89\/100 brn|[from] brn\n|upkeep\n|turn|7\n|j| judang\n|\n|t:|1736561735\n|move|p1b: Incineroar|Flare Blitz|p2a: \u30cf\u30d0\u30bf\u30af\u30ab\u30df\n|-damage|p2a: \u30cf\u30d0\u30bf\u30af\u30ab\u30df|0 fnt\n|faint|p2a: \u30cf\u30d0\u30bf\u30af\u30ab\u30df\n|-end|p2a: \u30cf\u30d0\u30bf\u30af\u30ab\u30df|Protosynthesis|[silent]\n|-damage|p1b: Incineroar|0 fnt|[from] Recoil\n|faint|p1b: Incineroar\n|move|p1a: Cresselia|Psychic|p2b: \u30a6\u30fc\u30e9\u30aa\u30b9\n|-supereffective|p2b: \u30a6\u30fc\u30e9\u30aa\u30b9\n|-damage|p2b: \u30a6\u30fc\u30e9\u30aa\u30b9|19\/100 brn\n|move|p2b: \u30a6\u30fc\u30e9\u30aa\u30b9|Surging Strikes|p1a: Cresselia\n|-crit|p1a: Cresselia\n|-damage|p1a: Cresselia|70\/100\n|-damage|p2b: \u30a6\u30fc\u30e9\u30aa\u30b9|3\/100 brn|[from] item: Rocky Helmet|[of] p1a: Cresselia\n|-crit|p1a: Cresselia\n|-damage|p1a: Cresselia|63\/100\n|-damage|p2b: \u30a6\u30fc\u30e9\u30aa\u30b9|0 fnt|[from] item: Rocky Helmet|[of] p1a: Cresselia\n|faint|p2b: \u30a6\u30fc\u30e9\u30aa\u30b9\n|\n|win|Xatseye\n|-hitcount|p1a: Cresselia|2\n|raw|Xatseye's rating: 1523 &rarr; <strong>1545<\/strong><br \/>(+22 for winning)\n|raw|leolc0926's rating: 1550 &rarr; <strong>1528<\/strong><br \/>(-22 for losing)\n|c|\u2606leolc0926|gg\n","uploadtime":1736561747,"views":265,"formatid":"gen9vgc2025regg","rating":1528,"private":0,"password":null}