{"id":"gen9vgc2025regg-2278104222","format":"[Gen 9] VGC 2025 Reg G","players":["bgc0","SeaWolfMikess"],"log":"|j|\u2606bgc0\n|j|\u2606SeaWolfMikess\n|t:|1736456092\n|gametype|doubles\n|player|p1|bgc0|steven|1612\n|player|p2|SeaWolfMikess|hugh|1730\n|teamsize|p1|6\n|teamsize|p2|6\n|gen|9\n|tier|[Gen 9] VGC 2025 Reg G\n|rated|\n|rule|Species Clause: Limit one of each Pok\u00e9mon\n|rule|Item Clause: Limit 1 of each item\n|clearpoke\n|poke|p1|Volcarona, L50, M|\n|poke|p1|Eternatus, L50|\n|poke|p1|Iron Bundle, L50|\n|poke|p1|Farigiraf, L50, M|\n|poke|p1|Urshifu-*, L50, F|\n|poke|p1|Ursaluna, L50, M|\n|poke|p2|Calyrex-Ice, L50|\n|poke|p2|Urshifu-*, L50, F|\n|poke|p2|Ogerpon-Cornerstone, L50, F|\n|poke|p2|Rillaboom, L50, F|\n|poke|p2|Raging Bolt, L50|\n|poke|p2|Chi-Yu, L50|\n|teampreview|4\n|inactive|Battle timer is ON: inactive players will automatically lose when time's up. (requested by bgc0)\n|\n|t:|1736456114\n|start\n|switch|p1a: Farigiraf|Farigiraf, L50, M|100\/100\n|switch|p1b: Urshifu|Urshifu, L50, F|100\/100\n|switch|p2a: Ogerpon|Ogerpon-Cornerstone, L50, F|100\/100\n|switch|p2b: Calyrex|Calyrex-Ice, L50|100\/100\n|-ability|p2b: Calyrex|As One\n|-ability|p2b: Calyrex|Unnerve\n|turn|1\n|\n|t:|1736456137\n|-terastallize|p1a: Farigiraf|Water\n|-terastallize|p2b: Calyrex|Fairy\n|move|p2a: Ogerpon|Ivy Cudgel|p1a: Farigiraf|[anim] Ivy Cudgel Rock\n|-damage|p1a: Farigiraf|56\/100\n|move|p1b: Urshifu|U-turn|p2a: Ogerpon\n|-supereffective|p2a: Ogerpon\n|-damage|p2a: Ogerpon|8\/100\n|\n|t:|1736456147\n|switch|p1b: Iron Bundle|Iron Bundle, L50, shiny|100\/100|[from] U-turn\n|-enditem|p1b: Iron Bundle|Booster Energy\n|-activate|p1b: Iron Bundle|ability: Quark Drive|[fromitem]\n|-start|p1b: Iron Bundle|quarkdrivespe\n|move|p1a: Farigiraf|Imprison|p1a: Farigiraf\n|-start|p1a: Farigiraf|move: Imprison\n|move|p2b: Calyrex|Glacial Lance|p1b: Iron Bundle|[spread] p1a,p1b\n|-resisted|p1a: Farigiraf\n|-resisted|p1b: Iron Bundle\n|-damage|p1a: Farigiraf|35\/100\n|-damage|p1b: Iron Bundle|82\/100\n|\n|upkeep\n|turn|2\n|\n|t:|1736456164\n|move|p2a: Ogerpon|Spiky Shield|p2a: Ogerpon\n|-singleturn|p2a: Ogerpon|move: Protect\n|move|p1b: Iron Bundle|Icy Wind|p2a: Ogerpon|[spread] p2b\n|-activate|p2a: Ogerpon|move: Protect\n|-damage|p2b: Calyrex|87\/100\n|move|p1a: Farigiraf|Psychic Noise|p2b: Calyrex\n|-damage|p2b: Calyrex|69\/100\n|-start|p2b: Calyrex|move: Heal Block\n|move|p2b: Calyrex|High Horsepower|p1a: Farigiraf\n|-damage|p1a: Farigiraf|4\/100\n|\n|upkeep\n|turn|3\n|inactive|bgc0 has 30 seconds left.\n|\n|t:|1736456192\n|move|p1b: Iron Bundle|Protect|p1b: Iron Bundle\n|-singleturn|p1b: Iron Bundle|Protect\n|move|p2a: Ogerpon|Follow Me|p2a: Ogerpon\n|-singleturn|p2a: Ogerpon|move: Follow Me\n|move|p1a: Farigiraf|Psychic Noise|p2a: Ogerpon\n|-damage|p2a: Ogerpon|0 fnt\n|faint|p2a: Ogerpon\n|move|p2b: Calyrex|Glacial Lance|p1a: Farigiraf|[spread] p1a\n|-activate|p1b: Iron Bundle|move: Protect\n|-resisted|p1a: Farigiraf\n|-crit|p1a: Farigiraf\n|-damage|p1a: Farigiraf|0 fnt\n|faint|p1a: Farigiraf\n|-ability|p2b: Calyrex|Chilling Neigh|boost\n|-boost|p2b: Calyrex|atk|1\n|\n|-end|p2b: Calyrex|move: Heal Block\n|upkeep\n|\n|t:|1736456204\n|switch|p2a: Urshifu|Urshifu-Rapid-Strike, L50, F|100\/100\n|switch|p1a: Eternatus|Eternatus, L50, shiny|100\/100\n|-ability|p1a: Eternatus|Pressure\n|turn|4\n|\n|t:|1736456219\n|move|p1b: Iron Bundle|Icy Wind|p2b: Calyrex|[spread] p2a,p2b\n|-resisted|p2a: Urshifu\n|-damage|p2a: Urshifu|85\/100\n|-damage|p2b: Calyrex|54\/100\n|-unboost|p2a: Urshifu|spe|1\n|move|p1a: Eternatus|Sludge Bomb|p2b: Calyrex\n|-supereffective|p2b: Calyrex\n|-damage|p2b: Calyrex|0 fnt\n|faint|p2b: Calyrex\n|move|p2a: Urshifu|Close Combat|p1b: Iron Bundle\n|-supereffective|p1b: Iron Bundle\n|-damage|p1b: Iron Bundle|0 fnt\n|-unboost|p2a: Urshifu|def|1\n|-unboost|p2a: Urshifu|spd|1\n|faint|p1b: Iron Bundle\n|-end|p1b: Iron Bundle|Quark Drive|[silent]\n|\n|upkeep\n|\n|t:|1736456229\n|switch|p1b: Urshifu|Urshifu, L50, F|100\/100\n|switch|p2b: Chi-Yu|Chi-Yu, L50|100\/100\n|-ability|p2b: Chi-Yu|Beads of Ruin\n|turn|5\n|inactive|SeaWolfMikess has 30 seconds left.\n|j| doukl72\n|inactive|SeaWolfMikess has 20 seconds left.\n|inactive|SeaWolfMikess has 15 seconds left.\n|inactive|SeaWolfMikess has 10 seconds left.\n|\n|t:|1736456277\n|move|p2b: Chi-Yu|Dark Pulse|p1a: Eternatus\n|-damage|p1a: Eternatus|54\/100\n|move|p1b: Urshifu|Close Combat|p2a: Urshifu\n|-damage|p2a: Urshifu|0 fnt\n|-unboost|p1b: Urshifu|def|1\n|-unboost|p1b: Urshifu|spd|1\n|faint|p2a: Urshifu\n|move|p1a: Eternatus|Meteor Beam||[still]\n|-prepare|p1a: Eternatus|Meteor Beam\n|-boost|p1a: Eternatus|spa|1\n|-enditem|p1a: Eternatus|Power Herb\n|-anim|p1a: Eternatus|Meteor Beam|p2b: Chi-Yu\n|-supereffective|p2b: Chi-Yu\n|-damage|p2b: Chi-Yu|0 fnt\n|faint|p2b: Chi-Yu\n|\n|win|bgc0\n|raw|bgc0's rating: 1612 &rarr; <strong>1639<\/strong><br \/>(+27 for winning)\n|raw|SeaWolfMikess's rating: 1730 &rarr; <strong>1703<\/strong><br \/>(-27 for losing)\n|l|\u2606SeaWolfMikess\n|player|p2|\n|c|\u2606bgc0|Gg\n|l|\u2606bgc0\n|player|p1|\n|j|\u2606bgc0\n|player|p1|bgc0|steven|\n","uploadtime":1736456359,"views":357,"formatid":"gen9vgc2025regg","rating":1639,"private":0,"password":null}