{"id":"gen9vgc2025regg-2278006689","format":"[Gen 9] VGC 2025 Reg G","players":["Bef6","JasePokemonTwitter"],"log":"|j|\u2606Bef6\n|j|\u2606JasePokemonTwitter\n|t:|1736445790\n|gametype|doubles\n|player|p1|Bef6|lucas|1595\n|player|p2|JasePokemonTwitter|lucas|1524\n|teamsize|p1|6\n|teamsize|p2|6\n|gen|9\n|tier|[Gen 9] VGC 2025 Reg G\n|rated|\n|rule|Species Clause: Limit one of each Pok\u00e9mon\n|rule|Item Clause: Limit 1 of each item\n|clearpoke\n|poke|p1|Calyrex-Shadow, L50|\n|poke|p1|Indeedee-F, L50, F|\n|poke|p1|Ogerpon, L50, F|\n|poke|p1|Raging Bolt, L50|\n|poke|p1|Chi-Yu, L50|\n|poke|p1|Urshifu-*, L50, F|\n|poke|p2|Grimmsnarl, L50, M|\n|poke|p2|Ditto, L50|\n|poke|p2|Rillaboom, L50, M|\n|poke|p2|Kyogre, L50|\n|poke|p2|Incineroar, L50, F|\n|poke|p2|Urshifu-*, L50, F|\n|teampreview|4\n|inactive|Battle timer is ON: inactive players will automatically lose when time's up. (requested by JasePokemonTwitter)\n|\n|t:|1736445806\n|start\n|switch|p1a: Raging Bolt|Raging Bolt, L50|100\/100\n|switch|p1b: Ogerpon|Ogerpon, L50, F|100\/100\n|switch|p2a: Grimmsnarl|Grimmsnarl, L50, M|100\/100\n|switch|p2b: Kyogre|Kyogre, L50|100\/100\n|-weather|RainDance|[from] ability: Drizzle|[of] p2b: Kyogre\n|turn|1\n|\n|t:|1736445825\n|-terastallize|p2b: Kyogre|Grass\n|move|p2a: Grimmsnarl|Reflect|p2a: Grimmsnarl\n|-sidestart|p2: JasePokemonTwitter|Reflect\n|move|p1b: Ogerpon|Bullet Seed|p2a: Grimmsnarl\n|-damage|p2a: Grimmsnarl|91\/100\n|-damage|p2a: Grimmsnarl|82\/100\n|-damage|p2a: Grimmsnarl|72\/100\n|-damage|p2a: Grimmsnarl|62\/100\n|-damage|p2a: Grimmsnarl|52\/100\n|-hitcount|p2a: Grimmsnarl|5\n|move|p2b: Kyogre|Calm Mind|p2b: Kyogre\n|-boost|p2b: Kyogre|spa|1\n|-boost|p2b: Kyogre|spd|1\n|move|p1a: Raging Bolt|Thunderbolt|p2a: Grimmsnarl\n|-damage|p2a: Grimmsnarl|13\/100\n|\n|-weather|RainDance|[upkeep]\n|upkeep\n|turn|2\n|\n|t:|1736445840\n|-end|p1a: Raging Bolt|Protosynthesis|[silent]\n|switch|p1a: Indeedee|Indeedee-F, L50, F|100\/100\n|-fieldstart|move: Psychic Terrain|[from] ability: Psychic Surge|[of] p1a: Indeedee\n|move|p2a: Grimmsnarl|Light Screen|p2a: Grimmsnarl\n|-sidestart|p2: JasePokemonTwitter|move: Light Screen\n|move|p1b: Ogerpon|Encore|p2b: Kyogre\n|-start|p2b: Kyogre|Encore\n|move|p2b: Kyogre|Calm Mind|p2b: Kyogre\n|-boost|p2b: Kyogre|spa|1\n|-boost|p2b: Kyogre|spd|1\n|\n|-weather|RainDance|[upkeep]\n|upkeep\n|turn|3\n|\n|t:|1736445862\n|switch|p1a: Calyrex|Calyrex-Shadow, L50|100\/100\n|-ability|p1a: Calyrex|As One\n|-ability|p1a: Calyrex|Unnerve\n|switch|p2a: Rillaboom|Rillaboom, L50, M|100\/100\n|-fieldstart|move: Grassy Terrain|[from] ability: Grassy Surge|[of] p2a: Rillaboom\n|move|p1b: Ogerpon|Bullet Seed|p2a: Rillaboom\n|-resisted|p2a: Rillaboom\n|-damage|p2a: Rillaboom|94\/100\n|-resisted|p2a: Rillaboom\n|-damage|p2a: Rillaboom|89\/100\n|-resisted|p2a: Rillaboom\n|-damage|p2a: Rillaboom|83\/100\n|-resisted|p2a: Rillaboom\n|-damage|p2a: Rillaboom|77\/100\n|-resisted|p2a: Rillaboom\n|-damage|p2a: Rillaboom|71\/100\n|-hitcount|p2a: Rillaboom|5\n|move|p2b: Kyogre|Calm Mind|p2b: Kyogre\n|-boost|p2b: Kyogre|spa|1\n|-boost|p2b: Kyogre|spd|1\n|\n|-weather|RainDance|[upkeep]\n|-heal|p2a: Rillaboom|77\/100|[from] Grassy Terrain\n|upkeep\n|turn|4\n|inactive|Bef6 has 30 seconds left.\n|\n|t:|1736445890\n|move|p1a: Calyrex|Astral Barrage|p2b: Kyogre|[spread] p2a,p2b\n|-damage|p2a: Rillaboom|51\/100\n|-damage|p2b: Kyogre|88\/100\n|-damage|p1a: Calyrex|91\/100|[from] item: Life Orb\n|move|p1b: Ogerpon|Bullet Seed|p2a: Rillaboom\n|-resisted|p2a: Rillaboom\n|-crit|p2a: Rillaboom\n|-damage|p2a: Rillaboom|38\/100\n|-resisted|p2a: Rillaboom\n|-crit|p2a: Rillaboom\n|-damage|p2a: Rillaboom|25\/100\n|-resisted|p2a: Rillaboom\n|-damage|p2a: Rillaboom|19\/100\n|-resisted|p2a: Rillaboom\n|-damage|p2a: Rillaboom|14\/100\n|-resisted|p2a: Rillaboom\n|-damage|p2a: Rillaboom|8\/100\n|-hitcount|p2a: Rillaboom|5\n|move|p2b: Kyogre|Calm Mind|p2b: Kyogre\n|-boost|p2b: Kyogre|spa|1\n|-boost|p2b: Kyogre|spd|1\n|move|p2a: Rillaboom|Wood Hammer|p1a: Calyrex\n|-crit|p1a: Calyrex\n|-damage|p1a: Calyrex|0 fnt\n|faint|p1a: Calyrex\n|-damage|p2a: Rillaboom|0 fnt|[from] Recoil\n|faint|p2a: Rillaboom\n|\n|-weather|RainDance|[upkeep]\n|-heal|p2b: Kyogre|94\/100|[from] Grassy Terrain\n|-heal|p2b: Kyogre|99\/100|[from] item: Leftovers\n|-end|p2b: Kyogre|Encore\n|upkeep\n|\n|t:|1736445903\n|switch|p1a: Indeedee|Indeedee-F, L50, F|100\/100\n|switch|p2a: Ditto|Ditto, L50|100\/100\n|-fieldstart|move: Psychic Terrain|[from] ability: Psychic Surge|[of] p1a: Indeedee\n|-transform|p2a: Ditto|p1b: Ogerpon|[from] ability: Imposter\n|turn|5\n|-message|Bef6 forfeited.\n|\n|win|JasePokemonTwitter\n|raw|Bef6's rating: 1595 &rarr; <strong>1571<\/strong><br \/>(-24 for losing)\n|raw|JasePokemonTwitter's rating: 1524 &rarr; <strong>1548<\/strong><br \/>(+24 for winning)\n|l|\u2606Bef6\n|player|p1|\n|l|\u2606JasePokemonTwitter\n|player|p2|\n","uploadtime":1736446100,"views":10,"formatid":"gen9vgc2025regg","rating":1548,"private":0,"password":null}