{"id":"gen9vgc2025regg-2278107219","format":"[Gen 9] VGC 2025 Reg G","players":["Elvegis1","greenlightdmp"],"log":"|j|\u2606Elvegis1\n|j|\u2606greenlightdmp\n|t:|1736456425\n|gametype|doubles\n|player|p1|Elvegis1|lucas|1625\n|player|p2|greenlightdmp|169|1575\n|teamsize|p1|6\n|teamsize|p2|6\n|gen|9\n|tier|[Gen 9] VGC 2025 Reg G\n|rated|\n|rule|Species Clause: Limit one of each Pok\u00e9mon\n|rule|Item Clause: Limit 1 of each item\n|clearpoke\n|poke|p1|Incineroar, L50, M|\n|poke|p1|Amoonguss, L50, M|\n|poke|p1|Grimmsnarl, L50, M|\n|poke|p1|Urshifu-*, L50, F|\n|poke|p1|Tornadus, L50, M|\n|poke|p1|Kyogre, L50|\n|poke|p2|Flutter Mane, L50|\n|poke|p2|Groudon, L50|\n|poke|p2|Incineroar, L50, M|\n|poke|p2|Raging Bolt, L50|\n|poke|p2|Urshifu-*, L50, F|\n|poke|p2|Ogerpon-Hearthflame, L50, F|\n|teampreview|4\ngreenlightdmp has agreed to open team sheets.\n|inactive|Battle timer is ON: inactive players will automatically lose when time's up. (requested by Elvegis1)\n|inactive|greenlightdmp has 60 seconds left.\n|\n|t:|1736456486\n|start\n|switch|p1a: Grimmsnarl|Grimmsnarl, L50, M|100\/100\n|switch|p1b: Tornadus|Tornadus, L50, M|100\/100\n|switch|p2a: APHRODITE|Flutter Mane, L50|100\/100\n|switch|p2b: Raganorok|Raging Bolt, L50|100\/100\n|turn|1\n|inactive|greenlightdmp has 30 seconds left.\n|j| hugebeeinthecar\n|\n|t:|1736456514\n|move|p1b: Tornadus|Tailwind|p1b: Tornadus\n|-sidestart|p1: Elvegis1|move: Tailwind\n|move|p1a: Grimmsnarl|Light Screen|p1a: Grimmsnarl\n|-sidestart|p1: Elvegis1|move: Light Screen\n|move|p2a: APHRODITE|Moonblast|p1a: Grimmsnarl\n|-supereffective|p1a: Grimmsnarl\n|-damage|p1a: Grimmsnarl|8\/100\n|move|p2b: Raganorok|Thunderbolt|p1b: Tornadus\n|-supereffective|p1b: Tornadus\n|-damage|p1b: Tornadus|29\/100\n|\n|upkeep\n|turn|2\n|inactive|greenlightdmp has 30 seconds left.\n|\n|t:|1736456539\n|move|p1b: Tornadus|Protect|p1b: Tornadus\n|-singleturn|p1b: Tornadus|Protect\n|move|p1a: Grimmsnarl|Thunder Wave|p2a: APHRODITE\n|-status|p2a: APHRODITE|par\n|move|p2b: Raganorok|Thunderbolt|p1b: Tornadus\n|-activate|p1b: Tornadus|move: Protect\n|move|p2a: APHRODITE|Moonblast|p1a: Grimmsnarl\n|-supereffective|p1a: Grimmsnarl\n|-damage|p1a: Grimmsnarl|0 fnt\n|faint|p1a: Grimmsnarl\n|\n|upkeep\n|\n|t:|1736456549\n|switch|p1a: Kyogre|Kyogre, L50|100\/100\n|-weather|RainDance|[from] ability: Drizzle|[of] p1a: Kyogre\n|turn|3\n|j| doukl72\n|\n|t:|1736456565\n|-terastallize|p1a: Kyogre|Grass\n|move|p1b: Tornadus|Protect||[still]\n|-fail|p1b: Tornadus\n|move|p1a: Kyogre|Water Spout|p2a: APHRODITE|[spread] p2a,p2b\n|-resisted|p2b: Raganorok\n|-damage|p2a: APHRODITE|0 fnt\n|-damage|p2b: Raganorok|68\/100\n|faint|p2a: APHRODITE\n|-end|p2a: APHRODITE|Protosynthesis|[silent]\n|move|p2b: Raganorok|Thunderbolt|p1b: Tornadus\n|-supereffective|p1b: Tornadus\n|-damage|p1b: Tornadus|0 fnt\n|faint|p1b: Tornadus\n|\n|-weather|RainDance|[upkeep]\n|upkeep\n|\n|t:|1736456581\n|switch|p2a: Phoenix|Ogerpon-Hearthflame, L50, F|100\/100\n|switch|p1b: Amoonguss|Amoonguss, L50, M|100\/100\n|-ability|p2a: Phoenix|Mold Breaker\n|turn|4\n|inactive|greenlightdmp has 30 seconds left.\n|\n|t:|1736456615\n|move|p2a: Phoenix|Spiky Shield|p2a: Phoenix\n|-singleturn|p2a: Phoenix|move: Protect\n|move|p1a: Kyogre|Water Spout|p2b: Raganorok|[spread] p2b\n|-activate|p2a: Phoenix|move: Protect\n|-resisted|p2b: Raganorok\n|-damage|p2b: Raganorok|35\/100\n|move|p2b: Raganorok|Draco Meteor|p1b: Amoonguss\n|-damage|p1b: Amoonguss|59\/100\n|-unboost|p2b: Raganorok|spa|2\n|move|p1b: Amoonguss|Pollen Puff|p1a: Kyogre\n|-immune|p1a: Kyogre\n|\n|-weather|RainDance|[upkeep]\n|-sideend|p1: Elvegis1|move: Tailwind\n|upkeep\n|turn|5\n|\n|t:|1736456634\n|-end|p2b: Raganorok|Protosynthesis|[silent]\n|switch|p2b: SURTUR|Groudon, L50|100\/100\n|-weather|SunnyDay|[from] ability: Drought|[of] p2b: SURTUR\n|move|p1b: Amoonguss|Protect|p1b: Amoonguss\n|-singleturn|p1b: Amoonguss|Protect\n|move|p2a: Phoenix|Ivy Cudgel|p1a: Kyogre|[anim] Ivy Cudgel Fire\n|-supereffective|p1a: Kyogre\n|-damage|p1a: Kyogre|0 fnt\n|faint|p1a: Kyogre\n|\n|-weather|SunnyDay|[upkeep]\n|upkeep\n|turn|6\n|-message|Elvegis1 forfeited.\n|\n|win|greenlightdmp\n|raw|Elvegis1's rating: 1625 &rarr; <strong>1602<\/strong><br \/>(-23 for losing)\n|raw|greenlightdmp's rating: 1575 &rarr; <strong>1598<\/strong><br \/>(+23 for winning)\n|l|\u2606Elvegis1\n|player|p1|\n","uploadtime":1736456648,"views":17,"formatid":"gen9vgc2025regg","rating":1598,"private":0,"password":null}