{"id":"gen9vgc2025regg-2278792666","format":"[Gen 9] VGC 2025 Reg G","players":["darthnius","Kardeas"],"log":"|j|\u2606darthnius\n|j|\u2606Kardeas\n|t:|1736548740\n|gametype|doubles\n|player|p1|darthnius|volkner|1584\n|player|p2|Kardeas|clerkf|1536\n|teamsize|p1|6\n|teamsize|p2|6\n|gen|9\n|tier|[Gen 9] VGC 2025 Reg G\n|rated|\n|rule|Species Clause: Limit one of each Pok\u00e9mon\n|rule|Item Clause: Limit 1 of each item\n|clearpoke\n|poke|p1|Calyrex-Ice, L50|\n|poke|p1|Dondozo, L50, M|\n|poke|p1|Tatsugiri-Droopy, L50, F|\n|poke|p1|Weezing-Galar, L50, F|\n|poke|p1|Whimsicott, L50, M|\n|poke|p1|Landorus, L50, M|\n|poke|p2|Zamazenta-*, L50|\n|poke|p2|Cresselia, L50, F|\n|poke|p2|Grimmsnarl, L50, M|\n|poke|p2|Urshifu-*, L50, M|\n|poke|p2|Amoonguss, L50, M|\n|poke|p2|Landorus, L50, M|\n|teampreview|4\n|\n|t:|1736548790\n|start\n|switch|p1a: Calyrex|Calyrex-Ice, L50|100\/100\n|switch|p1b: Landorus|Landorus, L50, M|100\/100\n|switch|p2a: Urshifu|Urshifu-Rapid-Strike, L50, M|100\/100\n|switch|p2b: Landorus|Landorus, L50, M|100\/100\n|-ability|p1a: Calyrex|As One\n|-ability|p1a: Calyrex|Unnerve\n|turn|1\n|j| ideaE\n|\n|t:|1736548816\n|move|p2b: Landorus|U-turn|p1a: Calyrex\n|-supereffective|p1a: Calyrex\n|-damage|p1a: Calyrex|78\/100\n|\n|t:|1736548821\n|switch|p2b: Zamazenta|Zamazenta-Crowned, L50|100\/100|[from] U-turn\n|-ability|p2b: Zamazenta|Dauntless Shield|boost\n|-boost|p2b: Zamazenta|def|1\n|move|p2a: Urshifu|Surging Strikes|p1b: Landorus\n|-supereffective|p1b: Landorus\n|-crit|p1b: Landorus\n|-damage|p1b: Landorus|55\/100\n|-supereffective|p1b: Landorus\n|-crit|p1b: Landorus\n|-damage|p1b: Landorus|8\/100\n|-supereffective|p1b: Landorus\n|-crit|p1b: Landorus\n|-damage|p1b: Landorus|0 fnt\n|faint|p1b: Landorus\n|-hitcount|p1: Landorus|3\n|move|p1a: Calyrex|Glacial Lance|p2a: Urshifu|[spread] p2a,p2b\n|-resisted|p2a: Urshifu\n|-resisted|p2b: Zamazenta\n|-damage|p2a: Urshifu|60\/100\n|-damage|p2b: Zamazenta|84\/100\n|\n|upkeep\n|\n|t:|1736548835\n|switch|p1b: Dondozo|Dondozo, L50, M|100\/100\n|turn|2\n|\n|t:|1736548848\n|switch|p2a: Cresselia|Cresselia, L50, F, shiny|100\/100\n|switch|p1a: Tatsugiri|Tatsugiri-Droopy, L50, F|100\/100\n|-activate|p1a: Tatsugiri|ability: Commander|[of] p1b: Dondozo\n|-boost|p1b: Dondozo|atk|2\n|-boost|p1b: Dondozo|spa|2\n|-boost|p1b: Dondozo|spe|2\n|-boost|p1b: Dondozo|def|2\n|-boost|p1b: Dondozo|spd|2\n|move|p2b: Zamazenta|Protect|p2b: Zamazenta\n|-singleturn|p2b: Zamazenta|Protect\n|move|p1b: Dondozo|Order Up|p2a: Cresselia\n|-damage|p2a: Cresselia|80\/100\n|-boost|p1b: Dondozo|def|1\n|\n|upkeep\n|turn|3\n|\n|t:|1736548875\n|switch|p2b: Landorus|Landorus, L50, M|100\/100\n|move|p1b: Dondozo|Order Up|p2a: Cresselia\n|-damage|p2a: Cresselia|59\/100\n|-boost|p1b: Dondozo|def|1\n|move|p2a: Cresselia|Trick Room|p2a: Cresselia\n|-fieldstart|move: Trick Room|[of] p2a: Cresselia\n|\n|upkeep\n|turn|4\n|inactive|Battle timer is ON: inactive players will automatically lose when time's up. (requested by darthnius)\n|\n|t:|1736548896\n|move|p2a: Cresselia|Skill Swap|p1b: Dondozo\n|-activate|p2a: Cresselia|move: Skill Swap|Unaware|Levitate|[of] p1b: Dondozo\n|move|p1b: Dondozo|Order Up|p2a: Cresselia\n|-damage|p2a: Cresselia|47\/100\n|-boost|p1b: Dondozo|def|1\n|move|p2b: Landorus|U-turn|p1b: Dondozo\n|-damage|p1b: Dondozo|97\/100\n|\n|t:|1736548904\n|switch|p2b: Zamazenta|Zamazenta-Crowned, L50|84\/100|[from] U-turn\n|\n|-heal|p1b: Dondozo|100\/100|[from] item: Leftovers\n|upkeep\n|turn|5\n|j| WattoVGC\n|\n|t:|1736548913\n|move|p2b: Zamazenta|Protect|p2b: Zamazenta\n|-singleturn|p2b: Zamazenta|Protect\n|move|p2a: Cresselia|Lunar Blessing|p2a: Cresselia|[spread] p2a,p2b\n|-heal|p2a: Cresselia|72\/100\n|-heal|p2b: Zamazenta|100\/100\n|move|p1b: Dondozo|Body Press|p2b: Zamazenta\n|-activate|p2b: Zamazenta|move: Protect\n|\n|upkeep\n|turn|6\n|j| judang\n|\n|t:|1736548932\n|move|p2a: Cresselia|Skill Swap|p2b: Zamazenta\n|-activate|p2a: Cresselia|move: Skill Swap|||[of] p2b: Zamazenta\n|-ability|p2a: Cresselia|Dauntless Shield|boost\n|-boost|p2a: Cresselia|def|1\n|move|p1b: Dondozo|Body Press|p2b: Zamazenta\n|-supereffective|p2b: Zamazenta\n|-damage|p2b: Zamazenta|73\/100\n|move|p2b: Zamazenta|Iron Defense|p2b: Zamazenta\n|-boost|p2b: Zamazenta|def|2\n|\n|upkeep\n|turn|7\n|-message|darthnius forfeited.\n|\n|win|Kardeas\n|raw|darthnius's rating: 1584 &rarr; <strong>1561<\/strong><br \/>(-23 for losing)\n|raw|Kardeas's rating: 1536 &rarr; <strong>1559<\/strong><br \/>(+23 for winning)\n|l|\u2606darthnius\n|player|p1|\n","uploadtime":1736549174,"views":171,"formatid":"gen9vgc2025regg","rating":1559,"private":0,"password":null}