{"id":"gen9vgc2025regg-2278618079","format":"[Gen 9] VGC 2025 Reg G","players":["tplusplus","stbai"],"log":"|j|\u2606tplusplus\n|j|\u2606stbai\n|t:|1736529818\n|gametype|doubles\n|player|p1|tplusplus|perrin|1650\n|player|p2|stbai|janitor|1592\n|teamsize|p1|6\n|teamsize|p2|6\n|gen|9\n|tier|[Gen 9] VGC 2025 Reg G\n|rated|\n|rule|Species Clause: Limit one of each Pok\u00e9mon\n|rule|Item Clause: Limit 1 of each item\n|clearpoke\n|poke|p1|Smeargle, L50, M|\n|poke|p1|Calyrex-Ice, L50|\n|poke|p1|Ursaluna-Bloodmoon, L50, M|\n|poke|p1|Annihilape, L50, M|\n|poke|p1|Urshifu-*, L50, F|\n|poke|p1|Ogerpon-Wellspring, L50, F|\n|poke|p2|Tatsugiri, L50, F|\n|poke|p2|Terapagos, L50, M|\n|poke|p2|Pawmot, L50, F|\n|poke|p2|Flutter Mane, L50|\n|poke|p2|Latios, L50, M|\n|poke|p2|Dondozo, L50, M|\n|teampreview|4\n|inactive|Battle timer is ON: inactive players will automatically lose when time's up. (requested by stbai)\n|j| judang\n|\n|t:|1736529833\n|start\n|switch|p1a: \u827a\u82d1|Smeargle, L50, M, shiny|100\/100\n|switch|p1b: \u7389\u82f1|Calyrex-Ice, L50|100\/100\n|switch|p2a: Terapagos|Terapagos, L50, M|100\/100\n|switch|p2b: Dondozo|Dondozo, L50, M|100\/100\n|-activate|p2a: Terapagos|ability: Tera Shift\n|detailschange|p2a: Terapagos|Terapagos-Terastal, L50, M\n|-heal|p2a: Terapagos|100\/100|[silent]\n|-ability|p1b: \u7389\u82f1|As One\n|-ability|p1b: \u7389\u82f1|Unnerve\n|turn|1\n|\n|t:|1736529842\n|-terastallize|p2a: Terapagos|Stellar\n|detailschange|p2a: Terapagos|Terapagos-Stellar, L50, M, tera:Stellar\n|-heal|p2a: Terapagos|100\/100|[silent]\n|move|p2a: Terapagos|Tera Starstorm|p1a: \u827a\u82d1|[spread] p1a,p1b\n|-enditem|p1a: \u827a\u82d1|Focus Sash\n|-damage|p1a: \u827a\u82d1|1\/100\n|-damage|p1b: \u7389\u82f1|62\/100\n|move|p2b: Dondozo|Substitute|p2b: Dondozo\n|-start|p2b: Dondozo|Substitute\n|-damage|p2b: Dondozo|75\/100\n|move|p1b: \u7389\u82f1|Glacial Lance|p2b: Dondozo|[spread] p2a,p2b\n|-resisted|p2b: Dondozo\n|-activate|p2b: Dondozo|move: Substitute|[damage]\n|-damage|p2a: Terapagos|67\/100\n|move|p1a: \u827a\u82d1|Spore||[still]\n|-fail|p1a: \u827a\u82d1\n|\n|-heal|p2b: Dondozo|82\/100|[from] item: Leftovers\n|upkeep\n|turn|2\n|inactive|tplusplus has 30 seconds left.\n|inactive|tplusplus has 20 seconds left.\n|\n|t:|1736529879\n|move|p2a: Terapagos|Tera Starstorm|p1a: \u827a\u82d1|[spread] p1a,p1b\n|-damage|p1a: \u827a\u82d1|0 fnt\n|-damage|p1b: \u7389\u82f1|22\/100\n|-enditem|p1b: \u7389\u82f1|Sitrus Berry|[eat]\n|-heal|p1b: \u7389\u82f1|47\/100|[from] item: Sitrus Berry\n|faint|p1a: \u827a\u82d1\n|move|p2b: Dondozo|Order Up|p1b: \u7389\u82f1\n|-damage|p1b: \u7389\u82f1|34\/100\n|move|p1b: \u7389\u82f1|Trick Room|p1b: \u7389\u82f1\n|-fieldstart|move: Trick Room|[of] p1b: \u7389\u82f1\n|\n|-heal|p2b: Dondozo|88\/100|[from] item: Leftovers\n|upkeep\n|\n|t:|1736529890\n|switch|p1a: \u6bb7\u6708|Ursaluna-Bloodmoon, L50, M|100\/100\n|turn|3\n|\n|t:|1736529902\n|switch|p2a: Tatsugiri|Tatsugiri, L50, F|100\/100\n|-activate|p2a: Tatsugiri|ability: Commander|[of] p2b: Dondozo\n|-boost|p2b: Dondozo|atk|2\n|-boost|p2b: Dondozo|spa|2\n|-boost|p2b: Dondozo|spe|2\n|-boost|p2b: Dondozo|def|2\n|-boost|p2b: Dondozo|spd|2\n|move|p1a: \u6bb7\u6708|Hyper Voice|p2a: Tatsugiri|[spread] p2b\n|-miss|p1a: \u6bb7\u6708|p2a: Tatsugiri\n|-damage|p2b: Dondozo|64\/100\n|-damage|p1a: \u6bb7\u6708|91\/100|[from] item: Life Orb\n|move|p1b: \u7389\u82f1|Glacial Lance|p2a: Tatsugiri|[spread] p2b\n|-miss|p1b: \u7389\u82f1|p2a: Tatsugiri\n|-resisted|p2b: Dondozo\n|-end|p2b: Dondozo|Substitute\n|move|p2b: Dondozo|Order Up|p1a: \u6bb7\u6708\n|-damage|p1a: \u6bb7\u6708|58\/100\n|-boost|p2b: Dondozo|atk|1\n|\n|-heal|p2b: Dondozo|70\/100|[from] item: Leftovers\n|upkeep\n|turn|4\n|inactive|tplusplus has 30 seconds left.\n|inactive|tplusplus has 20 seconds left.\n|inactive|tplusplus has 15 seconds left.\n|inactive|tplusplus has 10 seconds left.\n|\n|t:|1736529950\n|switch|p1b: \u7f28\u626c|Urshifu, L50, F|100\/100\n|move|p2b: Dondozo|Protect|p2b: Dondozo\n|-singleturn|p2b: Dondozo|Protect\n|move|p1a: \u6bb7\u6708|Hyper Voice|p2a: Tatsugiri|[spread] \n|-miss|p1a: \u6bb7\u6708|p2a: Tatsugiri\n|-activate|p2b: Dondozo|move: Protect\n|\n|-heal|p2b: Dondozo|76\/100|[from] item: Leftovers\n|upkeep\n|turn|5\n|j| xiaoliyun.official\n|\n|t:|1736529965\n|-terastallize|p1a: \u6bb7\u6708|Normal\n|move|p1a: \u6bb7\u6708|Blood Moon|p2b: Dondozo\n|-damage|p2b: Dondozo|7\/100\n|-damage|p1a: \u6bb7\u6708|49\/100|[from] item: Life Orb\n|move|p1b: \u7f28\u626c|Wicked Blow|p2b: Dondozo\n|-crit|p2b: Dondozo\n|-damage|p2b: Dondozo|0 fnt\n|faint|p2b: Dondozo\n|\n|upkeep\n|\n|t:|1736529978\n|switch|p2b: Pawmot|Pawmot, L50, F|100\/100\n|turn|6\n|\n|t:|1736529992\n|move|p2b: Pawmot|Fake Out|p1b: \u7f28\u626c\n|-damage|p1b: \u7f28\u626c|88\/100\n|move|p1a: \u6bb7\u6708|Hyper Voice|p2b: Pawmot|[spread] p2a,p2b\n|-damage|p2a: Tatsugiri|31\/100\n|-enditem|p2b: Pawmot|Focus Sash\n|-damage|p2b: Pawmot|1\/100\n|-damage|p1a: \u6bb7\u6708|39\/100|[from] item: Life Orb\n|cant|p1b: \u7f28\u626c|flinch\n|move|p2a: Tatsugiri|Muddy Water|p1b: \u7f28\u626c|[spread] p1a\n|-miss|p2a: Tatsugiri|p1b: \u7f28\u626c\n|-damage|p1a: \u6bb7\u6708|0 fnt\n|faint|p1a: \u6bb7\u6708\n|\n|-fieldend|move: Trick Room\n|upkeep\n|\n|t:|1736530001\n|switch|p1a: \u7389\u82f1|Calyrex-Ice, L50|34\/100\n|-ability|p1a: \u7389\u82f1|As One\n|-ability|p1a: \u7389\u82f1|Unnerve\n|turn|7\n|\n|t:|1736530016\n|move|p2b: Pawmot|Close Combat|p1b: \u7f28\u626c\n|-supereffective|p1b: \u7f28\u626c\n|-damage|p1b: \u7f28\u626c|0 fnt\n|-unboost|p2b: Pawmot|def|1\n|-unboost|p2b: Pawmot|spd|1\n|faint|p1b: \u7f28\u626c\n|move|p2a: Tatsugiri|Muddy Water|p1a: \u7389\u82f1\n|-damage|p1a: \u7389\u82f1|5\/100\n|-unboost|p1a: \u7389\u82f1|accuracy|1\n|move|p1a: \u7389\u82f1|Trick Room|p1a: \u7389\u82f1\n|-fieldstart|move: Trick Room|[of] p1a: \u7389\u82f1\n|\n|upkeep\n|turn|8\n|\n|t:|1736530033\n|move|p2a: Tatsugiri|Protect|p2a: Tatsugiri\n|-singleturn|p2a: Tatsugiri|Protect\n|move|p2b: Pawmot|Protect|p2b: Pawmot\n|-singleturn|p2b: Pawmot|Protect\n|move|p1a: \u7389\u82f1|Glacial Lance|p2b: Pawmot|[spread] \n|-activate|p2a: Tatsugiri|move: Protect\n|-activate|p2b: Pawmot|move: Protect\n|\n|upkeep\n|turn|9\n|\n|t:|1736530040\n|move|p1a: \u7389\u82f1|Glacial Lance|p2b: Pawmot|[spread] p2a,p2b\n|-damage|p2a: Tatsugiri|0 fnt\n|-damage|p2b: Pawmot|0 fnt\n|faint|p2a: Tatsugiri\n|faint|p2b: Pawmot\n|-ability|p1a: \u7389\u82f1|Chilling Neigh|boost\n|-boost|p1a: \u7389\u82f1|atk|2\n|\n|upkeep\n|\n|t:|1736530042\n|switch|p2b: Terapagos|Terapagos-Stellar, L50, M, tera:Stellar|67\/100\n|turn|10\n|\n|t:|1736530045\n|move|p1a: \u7389\u82f1|Glacial Lance|p2b: Terapagos\n|-damage|p2b: Terapagos|0 fnt\n|faint|p2b: Terapagos\n|\n|win|tplusplus\n|raw|tplusplus's rating: 1650 &rarr; <strong>1667<\/strong><br \/>(+17 for winning)\n|raw|stbai's rating: 1592 &rarr; <strong>1575<\/strong><br \/>(-17 for losing)\n|l|\u2606stbai\n|player|p2|\n|l| xiaoliyun.official\n","uploadtime":1736530208,"views":20,"formatid":"gen9vgc2025regg","rating":1575,"private":0,"password":null}