{"id":"gen9vgc2025regg-2278532430","format":"[Gen 9] VGC 2025 Reg G","players":["PKBR_Hitsuy","kaichosaikyopoke"],"log":"|j|\u2606PKBR_Hitsuy\n|j|\u2606kaichosaikyopoke\n|t:|1736520612\n|gametype|doubles\n|player|p1|PKBR_Hitsuy|cynthia|1515\n|player|p2|kaichosaikyopoke|170|1586\n|teamsize|p1|6\n|teamsize|p2|6\n|gen|9\n|tier|[Gen 9] VGC 2025 Reg G\n|rated|\n|rule|Species Clause: Limit one of each Pok\u00e9mon\n|rule|Item Clause: Limit 1 of each item\n|clearpoke\n|poke|p1|Miraidon, L50|\n|poke|p1|Whimsicott, L50, F|\n|poke|p1|Urshifu-*, L50, M|\n|poke|p1|Ogerpon-Hearthflame, L50, F|\n|poke|p1|Iron Hands, L50|\n|poke|p1|Farigiraf, L50, F|\n|poke|p2|Lunala, L50|\n|poke|p2|Lilligant-Hisui, L50, F|\n|poke|p2|Torkoal, L50, M|\n|poke|p2|Gallade, L50, M|\n|poke|p2|Indeedee-F, L50, F|\n|poke|p2|Ursaluna, L50, M|\n|teampreview|4\n|inactive|Battle timer is ON: inactive players will automatically lose when time's up. (requested by PKBR_Hitsuy)\n|\n|t:|1736520631\n|start\n|switch|p1a: Miraidon|Miraidon, L50|100\/100\n|switch|p1b: Fariuguiraf|Farigiraf, L50, F, shiny|100\/100\n|switch|p2a: Lunala|Lunala, L50|100\/100\n|switch|p2b: Indeedee|Indeedee-F, L50, F|100\/100\n|-fieldstart|move: Electric Terrain|[from] ability: Hadron Engine|[of] p1a: Miraidon\n|-enditem|p1b: Fariuguiraf|Electric Seed\n|-boost|p1b: Fariuguiraf|def|1|[from] item: Electric Seed\n|-fieldstart|move: Psychic Terrain|[from] ability: Psychic Surge|[of] p2b: Indeedee\n|turn|1\n|inactive|kaichosaikyopoke has 30 seconds left.\n|\n|t:|1736520660\n|-terastallize|p2a: Lunala|Fairy\n|move|p2b: Indeedee|Helping Hand|p2a: Lunala\n|-singleturn|p2a: Lunala|Helping Hand|[of] p2b: Indeedee\n|move|p1b: Fariuguiraf|Helping Hand|p1a: Miraidon\n|-singleturn|p1a: Miraidon|Helping Hand|[of] p1b: Fariuguiraf\n|move|p1a: Miraidon|Volt Switch|p2a: Lunala\n|-damage|p2a: Lunala|68\/100\n|\n|t:|1736520670\n|switch|p1a: Ogerpon|Ogerpon-Hearthflame, L50, F|100\/100|[from] Volt Switch\n|-ability|p1a: Ogerpon|Mold Breaker\n|move|p2a: Lunala|Expanding Force|p1b: Fariuguiraf|[spread] p1a,p1b\n|-resisted|p1b: Fariuguiraf\n|-damage|p1a: Ogerpon|0 fnt\n|-damage|p1b: Fariuguiraf|53\/100\n|faint|p1a: Ogerpon\n|\n|upkeep\n|\n|t:|1736520677\n|switch|p1a: Miraidon|Miraidon, L50|100\/100\n|-fieldstart|move: Electric Terrain|[from] ability: Hadron Engine|[of] p1a: Miraidon\n|turn|2\n|\n|t:|1736520689\n|switch|p2a: Ursaluna|Ursaluna, L50, M|100\/100\n|switch|p2b: Gallade|Gallade, L50, M|100\/100\n|-terastallize|p1a: Miraidon|Fairy\n|move|p1b: Fariuguiraf|Helping Hand|p1a: Miraidon\n|-singleturn|p1a: Miraidon|Helping Hand|[of] p1b: Fariuguiraf\n|move|p1a: Miraidon|Dazzling Gleam|p2b: Gallade|[spread] p2a,p2b\n|-supereffective|p2b: Gallade\n|-damage|p2a: Ursaluna|8\/100\n|-damage|p2b: Gallade|0 fnt\n|faint|p2b: Gallade\n|\n|-status|p2a: Ursaluna|brn|[from] item: Flame Orb\n|upkeep\n|\n|t:|1736520702\n|switch|p2b: Indeedee|Indeedee-F, L50, F|100\/100\n|-fieldstart|move: Psychic Terrain|[from] ability: Psychic Surge|[of] p2b: Indeedee\n|turn|3\n|\n|t:|1736520712\n|switch|p1a: Iron Hands|Iron Hands, L50|100\/100\n|move|p1b: Fariuguiraf|Foul Play|p2a: Ursaluna\n|-damage|p2a: Ursaluna|0 fnt\n|faint|p2a: Ursaluna\n|move|p2b: Indeedee|Trick Room|p2b: Indeedee\n|-fieldstart|move: Trick Room|[of] p2b: Indeedee\n|\n|upkeep\n|\n|t:|1736520717\n|switch|p2a: Lunala|Lunala, L50, tera:Fairy|68\/100\n|turn|4\n|\n|t:|1736520726\n|switch|p1b: Miraidon|Miraidon, L50, tera:Fairy|100\/100\n|-fieldstart|move: Electric Terrain|[from] ability: Hadron Engine|[of] p1b: Miraidon\n|-activate|p1a: Iron Hands|ability: Quark Drive\n|-start|p1a: Iron Hands|quarkdriveatk\n|move|p2b: Indeedee|Helping Hand|p2a: Lunala\n|-singleturn|p2a: Lunala|Helping Hand|[of] p2b: Indeedee\n|move|p1a: Iron Hands|Wild Charge|p2a: Lunala\n|-damage|p2a: Lunala|4\/100\n|-damage|p1a: Iron Hands|85\/100|[from] Recoil\n|move|p2a: Lunala|Expanding Force|p1a: Iron Hands\n|-supereffective|p1a: Iron Hands\n|-damage|p1a: Iron Hands|18\/100\n|\n|upkeep\n|turn|5\n|\n|t:|1736520743\n|move|p2b: Indeedee|Follow Me|p2b: Indeedee\n|-singleturn|p2b: Indeedee|move: Follow Me\n|move|p1a: Iron Hands|Drain Punch|p2b: Indeedee\n|-crit|p2b: Indeedee\n|-damage|p2b: Indeedee|23\/100\n|-heal|p1a: Iron Hands|47\/100|[from] drain|[of] p2b: Indeedee\n|-damage|p1a: Iron Hands|30\/100|[from] item: Rocky Helmet|[of] p2b: Indeedee\n|move|p2a: Lunala|Moongeist Beam|p1b: Miraidon\n|-damage|p1b: Miraidon|52\/100\n|move|p1b: Miraidon|Volt Switch|p2b: Indeedee\n|-crit|p2b: Indeedee\n|-damage|p2b: Indeedee|0 fnt\n|faint|p2b: Indeedee\n|-message|kaichosaikyopoke forfeited.\n|\n|win|PKBR_Hitsuy\n|raw|PKBR_Hitsuy's rating: 1515 &rarr; <strong>1539<\/strong><br \/>(+24 for winning)\n|raw|kaichosaikyopoke's rating: 1586 &rarr; <strong>1562<\/strong><br \/>(-24 for losing)\n|l|\u2606kaichosaikyopoke\n|player|p2|\n|l|\u2606PKBR_Hitsuy\n|player|p1|\n","uploadtime":1736520767,"views":25,"formatid":"gen9vgc2025regg","rating":1539,"private":0,"password":null}