{"id":"gen9vgc2025regg-2278937758","format":"[Gen 9] VGC 2025 Reg G","players":["sheepie_sheep1","poopsweq69"],"log":"|j|\u2606sheepie_sheep1\n|j|\u2606poopsweq69\n|t:|1736568525\n|gametype|doubles\n|player|p1|sheepie_sheep1|scientist-gen4dp|1561\n|player|p2|poopsweq69|101|1514\n|teamsize|p1|6\n|teamsize|p2|6\n|gen|9\n|tier|[Gen 9] VGC 2025 Reg G\n|rated|\n|rule|Species Clause: Limit one of each Pok\u00e9mon\n|rule|Item Clause: Limit 1 of each item\n|clearpoke\n|poke|p1|Zacian-*, L50|\n|poke|p1|Tornadus, L50, M|\n|poke|p1|Urshifu-*, L50, F|\n|poke|p1|Ogerpon, L50, F|\n|poke|p1|Incineroar, L50, F|\n|poke|p1|Chien-Pao, L50|\n|poke|p2|Groudon, L50|\n|poke|p2|Ogerpon-Hearthflame, L50, F|\n|poke|p2|Raging Bolt, L50|\n|poke|p2|Jumpluff, L50, F|\n|poke|p2|Urshifu-*, L50, M|\n|poke|p2|Incineroar, L50, F|\n|teampreview|4\n|inactive|Battle timer is ON: inactive players will automatically lose when time's up. (requested by poopsweq69)\n|inactive|sheepie_sheep1 has 60 seconds left.\n|inactive|poopsweq69 has 60 seconds left.\n|inactive|sheepie_sheep1 has 30 seconds left.\n|inactive|poopsweq69 has 30 seconds left.\n|inactive|sheepie_sheep1 has 20 seconds left.\n|inactive|sheepie_sheep1 has 15 seconds left.\n|inactive|poopsweq69 has 20 seconds left.\n|inactive|sheepie_sheep1 has 10 seconds left.\n|inactive|poopsweq69 has 15 seconds left.\n|inactive|sheepie_sheep1 has 5 seconds left.\n|inactive|poopsweq69 has 10 seconds left.\n|\n|t:|1736568615\n|start\n|switch|p1a: Zacian|Zacian-Crowned, L50|100\/100\n|switch|p1b: Tornadus|Tornadus, L50, M|100\/100\n|switch|p2a: Groudon|Groudon, L50|100\/100\n|switch|p2b: Jumpluff|Jumpluff, L50, F, shiny|100\/100\n|-ability|p1a: Zacian|Intrepid Sword|boost\n|-boost|p1a: Zacian|atk|1\n|-weather|SunnyDay|[from] ability: Drought|[of] p2a: Groudon\n|turn|1\n|\n|t:|1736568636\n|-terastallize|p2a: Groudon|Fire\n|move|p1b: Tornadus|Tailwind|p1b: Tornadus\n|-sidestart|p1: sheepie_sheep1|move: Tailwind\n|move|p1a: Zacian|Behemoth Blade|p2a: Groudon\n|-resisted|p2a: Groudon\n|-damage|p2a: Groudon|70\/100\n|move|p2b: Jumpluff|Sleep Powder|p1a: Zacian\n|-status|p1a: Zacian|slp|[from] move: Sleep Powder\n|move|p2a: Groudon|Heat Crash|p1a: Zacian\n|-supereffective|p1a: Zacian\n|-damage|p1a: Zacian|4\/100 slp\n|\n|-weather|SunnyDay|[upkeep]\n|upkeep\n|turn|2\n|inactive|poopsweq69 has 30 seconds left.\n|inactive|poopsweq69 has 20 seconds left.\n|inactive|poopsweq69 has 15 seconds left.\n|\n|t:|1736568680\n|cant|p1a: Zacian|slp\n|move|p2b: Jumpluff|Tailwind|p2b: Jumpluff\n|-sidestart|p2: poopsweq69|move: Tailwind\n|move|p1b: Tornadus|Bleakwind Storm|p2a: Groudon|[spread] p2b\n|-miss|p1b: Tornadus|p2a: Groudon\n|-supereffective|p2b: Jumpluff\n|-damage|p2b: Jumpluff|18\/100\n|move|p2a: Groudon|High Horsepower|p1a: Zacian\n|-supereffective|p1a: Zacian\n|-damage|p1a: Zacian|0 fnt\n|faint|p1a: Zacian\n|\n|-weather|SunnyDay|[upkeep]\n|upkeep\n|\n|t:|1736568688\n|switch|p1a: Urshifu|Urshifu-Rapid-Strike, L50, F|100\/100\n|turn|3\n|\n|t:|1736568695\n|move|p1b: Tornadus|Rain Dance|p1b: Tornadus\n|-weather|RainDance\n|move|p1a: Urshifu|Surging Strikes|p2a: Groudon\n|-supereffective|p2a: Groudon\n|-crit|p2a: Groudon\n|-damage|p2a: Groudon|19\/100\n|-supereffective|p2a: Groudon\n|-crit|p2a: Groudon\n|-damage|p2a: Groudon|0 fnt\n|faint|p2a: Groudon\n|-hitcount|p2: Groudon|2\n|move|p2b: Jumpluff|Sleep Powder|p1a: Urshifu\n|-status|p1a: Urshifu|slp|[from] move: Sleep Powder\n|\n|-weather|RainDance|[upkeep]\n|upkeep\n|\n|t:|1736568705\n|switch|p2a: Raging Bolt|Raging Bolt, L50|100\/100\n|turn|4\n|\n|t:|1736568729\n|cant|p1a: Urshifu|slp\n|move|p2b: Jumpluff|Sleep Powder|p1b: Tornadus|[miss]\n|-miss|p2b: Jumpluff|p1b: Tornadus\n|move|p1b: Tornadus|Bleakwind Storm|p2b: Jumpluff|[spread] p2a,p2b\n|-resisted|p2a: Raging Bolt\n|-supereffective|p2b: Jumpluff\n|-damage|p2a: Raging Bolt|88\/100\n|-damage|p2b: Jumpluff|0 fnt\n|faint|p2b: Jumpluff\n|move|p2a: Raging Bolt|Electroweb|p1a: Urshifu|[spread] p1a,p1b\n|-supereffective|p1a: Urshifu\n|-supereffective|p1b: Tornadus\n|-damage|p1a: Urshifu|28\/100 slp\n|-damage|p1b: Tornadus|43\/100\n|-unboost|p1a: Urshifu|spe|1\n|\n|-weather|RainDance|[upkeep]\n|-sideend|p1: sheepie_sheep1|move: Tailwind\n|upkeep\n|\n|t:|1736568741\n|switch|p2b: Ogerpon|Ogerpon-Hearthflame, L50, F|100\/100\n|-ability|p2b: Ogerpon|Mold Breaker\n|turn|5\n|\n|t:|1736568759\n|move|p2b: Ogerpon|Wood Hammer|p1a: Urshifu\n|-supereffective|p1a: Urshifu\n|-damage|p1a: Urshifu|0 fnt\n|faint|p1a: Urshifu\n|-damage|p2b: Ogerpon|90\/100|[from] Recoil\n|move|p2a: Raging Bolt|Volt Switch|p1b: Tornadus\n|-supereffective|p1b: Tornadus\n|-damage|p1b: Tornadus|0 fnt\n|faint|p1b: Tornadus\n|\n|-weather|RainDance|[upkeep]\n|-sideend|p2: poopsweq69|move: Tailwind\n|upkeep\n|-message|sheepie_sheep1 forfeited.\n|\n|win|poopsweq69\n|raw|sheepie_sheep1's rating: 1561 &rarr; <strong>1538<\/strong><br \/>(-23 for losing)\n|raw|poopsweq69's rating: 1514 &rarr; <strong>1537<\/strong><br \/>(+23 for winning)\n|l|\u2606sheepie_sheep1\n|player|p1|\n|c|\u2606poopsweq69|what was last mon\n|c|\u2606poopsweq69|gg\n|l|\u2606poopsweq69\n|player|p2|\n","uploadtime":1736568949,"views":154,"formatid":"gen9vgc2025regg","rating":1537,"private":0,"password":null}