{"id":"gen9vgc2025regg-2278904963","format":"[Gen 9] VGC 2025 Reg G","players":["UnluckyTogekissZ","regidragon12138"],"log":"|j|\u2606UnluckyTogekissZ\n|j|\u2606regidragon12138\n|t:|1736563755\n|gametype|doubles\n|player|p1|UnluckyTogekissZ|1|1511\n|player|p2|regidragon12138|1|1565\n|teamsize|p1|6\n|teamsize|p2|6\n|gen|9\n|tier|[Gen 9] VGC 2025 Reg G\n|rated|\n|rule|Species Clause: Limit one of each Pok\u00e9mon\n|rule|Item Clause: Limit 1 of each item\n|clearpoke\n|poke|p1|Zamazenta-*, L50|\n|poke|p1|Chien-Pao, L50|\n|poke|p1|Rillaboom, L50, F|\n|poke|p1|Pelipper, L50, M|\n|poke|p1|Entei, L50|\n|poke|p1|Gastrodon-East, L50, F|\n|poke|p2|Zamazenta-*, L50|\n|poke|p2|Rillaboom, L50, M|\n|poke|p2|Chien-Pao, L50|\n|poke|p2|Urshifu-*, L50, F|\n|poke|p2|Thundurus, L50, M|\n|poke|p2|Pelipper, L50, F|\n|teampreview|4\n|inactive|Battle timer is ON: inactive players will automatically lose when time's up. (requested by regidragon12138)\n|\n|t:|1736563782\n|start\n|switch|p1a: Zamazenta|Zamazenta-Crowned, L50|100\/100\n|switch|p1b: Gastrodon|Gastrodon-East, L50, F|100\/100\n|switch|p2a: Chien-Pao|Chien-Pao, L50|100\/100\n|switch|p2b: Rillaboom|Rillaboom, L50, M, shiny|100\/100\n|-ability|p2a: Chien-Pao|Sword of Ruin\n|-ability|p1a: Zamazenta|Dauntless Shield|boost\n|-boost|p1a: Zamazenta|def|1\n|-fieldstart|move: Grassy Terrain|[from] ability: Grassy Surge|[of] p2b: Rillaboom\n|turn|1\n|\n|t:|1736563804\n|switch|p1b: Entei|Entei, L50|100\/100\n|move|p2b: Rillaboom|Fake Out|p1a: Zamazenta\n|-resisted|p1a: Zamazenta\n|-damage|p1a: Zamazenta|97\/100\n|move|p2a: Chien-Pao|Icicle Crash|p1b: Entei\n|-resisted|p1b: Entei\n|-damage|p1b: Entei|65\/100\n|-damage|p2a: Chien-Pao|91\/100|[from] item: Life Orb\n|cant|p1a: Zamazenta|flinch\n|\n|-heal|p2a: Chien-Pao|97\/100|[from] Grassy Terrain\n|-heal|p1a: Zamazenta|100\/100|[from] Grassy Terrain\n|-heal|p1b: Entei|71\/100|[from] Grassy Terrain\n|upkeep\n|turn|2\n|\n|t:|1736563822\n|switch|p2a: Pelipper|Pelipper, L50, F|100\/100\n|-weather|RainDance|[from] ability: Drizzle|[of] p2a: Pelipper\n|move|p1a: Zamazenta|Body Press|p2b: Rillaboom\n|-damage|p2b: Rillaboom|39\/100\n|move|p1b: Entei|Sacred Fire|p2a: Pelipper\n|-resisted|p2a: Pelipper\n|-damage|p2a: Pelipper|83\/100\n|-status|p2a: Pelipper|brn\n|move|p2b: Rillaboom|High Horsepower|p1b: Entei\n|-supereffective|p1b: Entei\n|-damage|p1b: Entei|5\/100\n|\n|-weather|RainDance|[upkeep]\n|-heal|p1b: Entei|11\/100|[from] Grassy Terrain\n|-heal|p2b: Rillaboom|45\/100|[from] Grassy Terrain\n|-damage|p2a: Pelipper|78\/100 brn|[from] brn\n|upkeep\n|turn|3\n|inactive|UnluckyTogekissZ has 30 seconds left.\n|\n|t:|1736563849\n|move|p2b: Rillaboom|Grassy Glide|p1b: Entei\n|-resisted|p1b: Entei\n|-damage|p1b: Entei|0 fnt\n|faint|p1b: Entei\n|move|p1a: Zamazenta|Body Press|p2b: Rillaboom\n|-damage|p2b: Rillaboom|0 fnt\n|faint|p2b: Rillaboom\n|move|p2a: Pelipper|Tailwind|p2a: Pelipper\n|-sidestart|p2: regidragon12138|move: Tailwind\n|\n|-weather|RainDance|[upkeep]\n|-damage|p2a: Pelipper|72\/100 brn|[from] brn\n|upkeep\n|\n|t:|1736563864\n|switch|p1b: Chien-Pao|Chien-Pao, L50|100\/100\n|switch|p2b: Zamazenta|Zamazenta-Crowned, L50|100\/100\n|-ability|p2b: Zamazenta|Dauntless Shield|boost\n|-boost|p2b: Zamazenta|def|1\n|-ability|p1b: Chien-Pao|Sword of Ruin\n|turn|4\n|inactive|UnluckyTogekissZ has 30 seconds left.\n|\n|t:|1736563896\n|switch|p1b: Gastrodon|Gastrodon-East, L50, F|100\/100\n|-terastallize|p1a: Zamazenta|Ghost\n|move|p2b: Zamazenta|Iron Defense|p2b: Zamazenta\n|-boost|p2b: Zamazenta|def|2\n|move|p2a: Pelipper|Hurricane|p1a: Zamazenta\n|-damage|p1a: Zamazenta|67\/100\n|move|p1a: Zamazenta|Iron Defense|p1a: Zamazenta\n|-boost|p1a: Zamazenta|def|2\n|\n|-weather|RainDance|[upkeep]\n|-heal|p1a: Zamazenta|73\/100|[from] Grassy Terrain\n|-damage|p2a: Pelipper|66\/100 brn|[from] brn\n|upkeep\n|turn|5\n|\n|t:|1736563916\n|move|p2b: Zamazenta|Body Press|p1b: Gastrodon\n|-damage|p1b: Gastrodon|9\/100\n|-enditem|p1b: Gastrodon|Sitrus Berry|[eat]\n|-heal|p1b: Gastrodon|34\/100|[from] item: Sitrus Berry\n|move|p2a: Pelipper|Hurricane|p1a: Zamazenta\n|-damage|p1a: Zamazenta|41\/100\n|-start|p1a: Zamazenta|confusion\n|-activate|p1a: Zamazenta|confusion\n|move|p1a: Zamazenta|Body Press|p2b: Zamazenta\n|-supereffective|p2b: Zamazenta\n|-damage|p2b: Zamazenta|36\/100\n|move|p1b: Gastrodon|Yawn|p2b: Zamazenta\n|-start|p2b: Zamazenta|move: Yawn|[of] p1b: Gastrodon\n|\n|-weather|RainDance|[upkeep]\n|-heal|p2b: Zamazenta|42\/100|[from] Grassy Terrain\n|-heal|p1a: Zamazenta|47\/100|[from] Grassy Terrain\n|-heal|p1b: Gastrodon|40\/100|[from] Grassy Terrain\n|-damage|p2a: Pelipper|60\/100 brn|[from] brn\n|-fieldend|move: Grassy Terrain\n|upkeep\n|turn|6\n|inactive|regidragon12138 has 30 seconds left.\n|\n|t:|1736563951\n|move|p1b: Gastrodon|Protect|p1b: Gastrodon\n|-singleturn|p1b: Gastrodon|Protect\n|move|p2b: Zamazenta|Body Press|p1b: Gastrodon\n|-activate|p1b: Gastrodon|move: Protect\n|move|p2a: Pelipper|Hurricane|p1a: Zamazenta\n|-damage|p1a: Zamazenta|11\/100\n|-end|p1a: Zamazenta|confusion\n|move|p1a: Zamazenta|Body Press|p2a: Pelipper\n|-resisted|p2a: Pelipper\n|-damage|p2a: Pelipper|0 fnt\n|faint|p2a: Pelipper\n|\n|-weather|none\n|-end|p2b: Zamazenta|move: Yawn|[silent]\n|-status|p2b: Zamazenta|slp\n|-sideend|p2: regidragon12138|move: Tailwind\n|upkeep\n|\n|t:|1736563954\n|switch|p2a: Chien-Pao|Chien-Pao, L50|97\/100\n|-ability|p2a: Chien-Pao|Sword of Ruin\n|turn|7\n|\n|t:|1736563980\n|move|p2a: Chien-Pao|Crunch|p1a: Zamazenta\n|-supereffective|p1a: Zamazenta\n|-damage|p1a: Zamazenta|0 fnt\n|faint|p1a: Zamazenta\n|-damage|p2a: Chien-Pao|87\/100|[from] item: Life Orb\n|cant|p2b: Zamazenta|slp\n|move|p1b: Gastrodon|Earth Power|p2b: Zamazenta\n|-supereffective|p2b: Zamazenta\n|-damage|p2b: Zamazenta|3\/100 slp\n|\n|upkeep\n|\n|t:|1736563984\n|switch|p1a: Chien-Pao|Chien-Pao, L50|100\/100\n|-ability|p1a: Chien-Pao|Sword of Ruin\n|turn|8\n|\n|t:|1736564005\n|move|p1a: Chien-Pao|Sacred Sword|p2b: Zamazenta\n|-supereffective|p2b: Zamazenta\n|-damage|p2b: Zamazenta|0 fnt\n|faint|p2b: Zamazenta\n|move|p2a: Chien-Pao|Crunch|p1b: Gastrodon\n|-damage|p1b: Gastrodon|0 fnt\n|faint|p1b: Gastrodon\n|-damage|p2a: Chien-Pao|77\/100|[from] item: Life Orb\n|\n|upkeep\n|turn|9\n|\n|t:|1736564014\n|-terastallize|p2a: Chien-Pao|Stellar\n|move|p1a: Chien-Pao|Protect|p1a: Chien-Pao\n|-singleturn|p1a: Chien-Pao|Protect\n|move|p2a: Chien-Pao|Icicle Crash|p1a: Chien-Pao\n|-activate|p1a: Chien-Pao|move: Protect\n|\n|upkeep\n|turn|10\n|\n|t:|1736564019\n|move|p1a: Chien-Pao|Sacred Sword|p2a: Chien-Pao\n|-supereffective|p2a: Chien-Pao\n|-damage|p2a: Chien-Pao|0 fnt\n|faint|p2a: Chien-Pao\n|\n|win|UnluckyTogekissZ\n|raw|UnluckyTogekissZ's rating: 1511 &rarr; <strong>1534<\/strong><br \/>(+23 for winning)\n|raw|regidragon12138's rating: 1565 &rarr; <strong>1542<\/strong><br \/>(-23 for losing)\n|l|\u2606regidragon12138\n|player|p2|\n|l|\u2606UnluckyTogekissZ\n|player|p1|\n","uploadtime":1736564255,"views":151,"formatid":"gen9vgc2025regg","rating":1534,"private":0,"password":null}