{"id":"gen9vgc2025regg-2278650652","format":"[Gen 9] VGC 2025 Reg G","players":["nico20001997","tplusplus"],"log":"|j|\u2606nico20001997\n|j|\u2606tplusplus\n|t:|1736533176\n|gametype|doubles\n|player|p1|nico20001997|1|1564\n|player|p2|tplusplus|perrin|1625\n|teamsize|p1|6\n|teamsize|p2|6\n|gen|9\n|tier|[Gen 9] VGC 2025 Reg G\n|rated|\n|rule|Species Clause: Limit one of each Pok\u00e9mon\n|rule|Item Clause: Limit 1 of each item\n|clearpoke\n|poke|p1|Calyrex-Ice, L50|\n|poke|p1|Smeargle, L50, F|\n|poke|p1|Ogerpon-Wellspring, L50, F|\n|poke|p1|Indeedee-F, L50, F|\n|poke|p1|Comfey, L50, M|\n|poke|p1|Ursaluna-Bloodmoon, L50, M|\n|poke|p2|Smeargle, L50, M|\n|poke|p2|Calyrex-Ice, L50|\n|poke|p2|Ursaluna-Bloodmoon, L50, M|\n|poke|p2|Annihilape, L50, M|\n|poke|p2|Urshifu-*, L50, M|\n|poke|p2|Ogerpon-Wellspring, L50, F|\n|teampreview|4\n|inactive|Battle timer is ON: inactive players will automatically lose when time's up. (requested by nico20001997)\n|j| zocoza\n|inactive|nico20001997 has 60 seconds left.\n|\n|t:|1736533211\n|start\n|switch|p1a: Ogerpon|Ogerpon-Wellspring, L50, F|100\/100\n|switch|p1b: Calyrex|Calyrex-Ice, L50|100\/100\n|switch|p2a: \u592d\u733f|Annihilape, L50, M, shiny|100\/100\n|switch|p2b: \u7389\u82f1|Calyrex-Ice, L50|100\/100\n|-ability|p2b: \u7389\u82f1|As One\n|-ability|p2b: \u7389\u82f1|Unnerve\n|-ability|p1b: Calyrex|As One\n|-ability|p1b: Calyrex|Unnerve\n|turn|1\n|inactive|nico20001997 has 30 seconds left.\n|inactive|nico20001997 has 20 seconds left.\n|\n|t:|1736533246\n|move|p1a: Ogerpon|Follow Me|p1a: Ogerpon\n|-singleturn|p1a: Ogerpon|move: Follow Me\n|move|p2a: \u592d\u733f|Coaching|p2b: \u7389\u82f1\n|-boost|p2b: \u7389\u82f1|atk|1\n|-boost|p2b: \u7389\u82f1|def|1\n|move|p2b: \u7389\u82f1|Glacial Lance|p1a: Ogerpon|[spread] p1a,p1b\n|-resisted|p1b: Calyrex\n|-damage|p1a: Ogerpon|4\/100\n|-damage|p1b: Calyrex|75\/100\n|move|p1b: Calyrex|Trick Room|p1b: Calyrex\n|-fieldstart|move: Trick Room|[of] p1b: Calyrex\n|\n|upkeep\n|turn|2\n|inactive|tplusplus has 30 seconds left.\n|\n|t:|1736533272\n|move|p1b: Calyrex|Protect|p1b: Calyrex\n|-singleturn|p1b: Calyrex|Protect\n|move|p2b: \u7389\u82f1|Glacial Lance|p1a: Ogerpon|[spread] p1a\n|-activate|p1b: Calyrex|move: Protect\n|-damage|p1a: Ogerpon|0 fnt\n|faint|p1a: Ogerpon\n|-ability|p2b: \u7389\u82f1|Chilling Neigh|boost\n|-boost|p2b: \u7389\u82f1|atk|1\n|move|p2a: \u592d\u733f|Final Gambit|p1b: Calyrex\n|-activate|p1b: Calyrex|move: Protect\n|\n|upkeep\n|j| BreadTest\n|\n|t:|1736533290\n|switch|p1a: Comfey|Comfey, L50, M|100\/100\n|turn|3\n|j| modestmrmime\n|j| b2k99\n|j| perfectpair0_0\n|l| b2k99\n|inactive|tplusplus has 30 seconds left.\n|\n|t:|1736533316\n|-terastallize|p1a: Comfey|Water\n|move|p1b: Calyrex|Glacial Lance|p2a: \u592d\u733f|[spread] p2a,p2b\n|-resisted|p2b: \u7389\u82f1\n|-damage|p2a: \u592d\u733f|47\/100\n|-damage|p2b: \u7389\u82f1|89\/100\n|move|p2b: \u7389\u82f1|Glacial Lance|p1b: Calyrex|[spread] p1a,p1b\n|-resisted|p1a: Comfey\n|-resisted|p1b: Calyrex\n|-damage|p1a: Comfey|48\/100\n|-damage|p1b: Calyrex|42\/100\n|move|p1a: Comfey|Leech Seed|p2b: \u7389\u82f1\n|-start|p2b: \u7389\u82f1|move: Leech Seed\n|move|p2a: \u592d\u733f|Final Gambit|p1b: Calyrex\n|-damage|p1b: Calyrex|0 fnt\n|faint|p2a: \u592d\u733f\n|faint|p1b: Calyrex\n|\n|-damage|p2b: \u7389\u82f1|77\/100|[from] Leech Seed|[of] p1a: Comfey\n|-heal|p1a: Comfey|64\/100|[silent]\n|upkeep\n|\n|t:|1736533335\n|switch|p1b: Ursaluna|Ursaluna-Bloodmoon, L50, M|100\/100\n|switch|p2a: \u827a\u82d1|Smeargle, L50, M, shiny|100\/100\n|turn|4\n|\n|t:|1736533348\n|move|p1a: Comfey|Draining Kiss|p2a: \u827a\u82d1\n|-damage|p2a: \u827a\u82d1|69\/100\n|-heal|p1a: Comfey|87\/100|[from] drain|[of] p2a: \u827a\u82d1\n|move|p1b: Ursaluna|Blood Moon|p2b: \u7389\u82f1\n|-damage|p2b: \u7389\u82f1|21\/100\n|-enditem|p2b: \u7389\u82f1|Sitrus Berry|[eat]\n|-heal|p2b: \u7389\u82f1|46\/100|[from] item: Sitrus Berry\n|move|p2a: \u827a\u82d1|Spore|p1b: Ursaluna\n|-status|p1b: Ursaluna|slp|[from] move: Spore\n|move|p2b: \u7389\u82f1|Glacial Lance|p1a: Comfey|[spread] p1a,p1b\n|-resisted|p1a: Comfey\n|-supereffective|p1b: Ursaluna\n|-damage|p1a: Comfey|32\/100\n|-damage|p1b: Ursaluna|0 fnt\n|faint|p1b: Ursaluna\n|-ability|p2b: \u7389\u82f1|Chilling Neigh|boost\n|-boost|p2b: \u7389\u82f1|atk|1\n|\n|-damage|p2b: \u7389\u82f1|34\/100|[from] Leech Seed|[of] p1a: Comfey\n|-heal|p1a: Comfey|48\/100|[silent]\n|upkeep\n|turn|5\n|l| perfectpair0_0\n|inactive|nico20001997 has 30 seconds left.\n|l| modestmrmime\n|-message|nico20001997 forfeited.\n|\n|win|tplusplus\n|raw|nico20001997's rating: 1564 &rarr; <strong>1547<\/strong><br \/>(-17 for losing)\n|raw|tplusplus's rating: 1625 &rarr; <strong>1642<\/strong><br \/>(+17 for winning)\n|l|\u2606nico20001997\n|player|p1|\n|l| zocoza\n","uploadtime":1736533555,"views":19,"formatid":"gen9vgc2025regg","rating":1547,"private":0,"password":null}