{"id":"gen9vgc2025regg-2278730259","format":"[Gen 9] VGC 2025 Reg G","players":["PKBR_Hitsuy","Arkalid"],"log":"|j|\u2606PKBR_Hitsuy\n|j|\u2606Arkalid\n|t:|1736541525\n|gametype|doubles\n|player|p1|PKBR_Hitsuy|cynthia|1597\n|player|p2|Arkalid|2|1659\n|teamsize|p1|6\n|teamsize|p2|6\n|gen|9\n|tier|[Gen 9] VGC 2025 Reg G\n|rated|\n|rule|Species Clause: Limit one of each Pok\u00e9mon\n|rule|Item Clause: Limit 1 of each item\n|clearpoke\n|poke|p1|Miraidon, L50|\n|poke|p1|Whimsicott, L50, F|\n|poke|p1|Urshifu-*, L50, M|\n|poke|p1|Ogerpon-Hearthflame, L50, F|\n|poke|p1|Iron Hands, L50|\n|poke|p1|Farigiraf, L50, F|\n|poke|p2|Zamazenta-*, L50|\n|poke|p2|Flutter Mane, L50|\n|poke|p2|Chi-Yu, L50|\n|poke|p2|Rillaboom, L50, M|\n|poke|p2|Urshifu-*, L50, M|\n|poke|p2|Ogerpon-Cornerstone, L50, F|\n|teampreview|4\n|inactive|Battle timer is ON: inactive players will automatically lose when time's up. (requested by Arkalid)\n|l|\u2606PKBR_Hitsuy\n|inactive|PKBR_Hitsuy disconnected and has a minute to reconnect!\n|player|p1|\n|j|\u2606PKBR_Hitsuy\n|inactive|PKBR_Hitsuy reconnected and has 75 seconds left.\n|player|p1|PKBR_Hitsuy|cynthia|\n|\n|t:|1736541554\n|start\n|switch|p1a: Ogerpon|Ogerpon-Hearthflame, L50, F|100\/100\n|switch|p1b: Hera|Whimsicott, L50, F, shiny|100\/100\n|switch|p2a: Ogerpon|Ogerpon-Cornerstone, L50, F|100\/100\n|switch|p2b: Zamazenta|Zamazenta-Crowned, L50|100\/100\n|-ability|p2b: Zamazenta|Dauntless Shield|boost\n|-boost|p2b: Zamazenta|def|1\n|-ability|p1a: Ogerpon|Mold Breaker\n|turn|1\n|\n|t:|1736541564\n|move|p1a: Ogerpon|Spiky Shield|p1a: Ogerpon\n|-singleturn|p1a: Ogerpon|move: Protect\n|move|p1b: Hera|Tailwind|p1b: Hera\n|-sidestart|p1: PKBR_Hitsuy|move: Tailwind\n|move|p2a: Ogerpon|Ivy Cudgel|p1a: Ogerpon|[anim] Ivy Cudgel Rock\n|-activate|p1a: Ogerpon|move: Protect\n|move|p2b: Zamazenta|Heavy Slam|p1b: Hera\n|-supereffective|p1b: Hera\n|-damage|p1b: Hera|0 fnt\n|faint|p1b: Hera\n|\n|upkeep\n|\n|t:|1736541575\n|switch|p1b: Miraidon|Miraidon, L50|100\/100\n|-fieldstart|move: Electric Terrain|[from] ability: Hadron Engine|[of] p1b: Miraidon\n|turn|2\n|inactive|PKBR_Hitsuy has 30 seconds left.\n|\n|t:|1736541601\n|switch|p1a: Urshifu|Urshifu-Rapid-Strike, L50, M|100\/100\n|move|p2a: Ogerpon|Spiky Shield|p2a: Ogerpon\n|-singleturn|p2a: Ogerpon|move: Protect\n|move|p2b: Zamazenta|Protect|p2b: Zamazenta\n|-singleturn|p2b: Zamazenta|Protect\n|move|p1b: Miraidon|Volt Switch|p2a: Ogerpon\n|-activate|p2a: Ogerpon|move: Protect\n|\n|upkeep\n|turn|3\n|\n|t:|1736541621\n|switch|p2a: Rillaboom|Rillaboom, L50, M|100\/100\n|-fieldstart|move: Grassy Terrain|[from] ability: Grassy Surge|[of] p2a: Rillaboom\n|-terastallize|p2b: Zamazenta|Dragon\n|move|p1b: Miraidon|Volt Switch|p2b: Zamazenta\n|-resisted|p2b: Zamazenta\n|-damage|p2b: Zamazenta|78\/100\n|\n|t:|1736541629\n|switch|p1b: Ogerpon|Ogerpon-Hearthflame, L50, F|100\/100|[from] Volt Switch\n|-ability|p1b: Ogerpon|Mold Breaker\n|move|p1a: Urshifu|Surging Strikes|p2a: Rillaboom\n|-resisted|p2a: Rillaboom\n|-crit|p2a: Rillaboom\n|-damage|p2a: Rillaboom|91\/100\n|-resisted|p2a: Rillaboom\n|-crit|p2a: Rillaboom\n|-damage|p2a: Rillaboom|81\/100\n|-resisted|p2a: Rillaboom\n|-crit|p2a: Rillaboom\n|-damage|p2a: Rillaboom|72\/100\n|-hitcount|p2a: Rillaboom|3\n|move|p2b: Zamazenta|Body Press|p1a: Urshifu\n|-damage|p1a: Urshifu|29\/100\n|\n|-heal|p1a: Urshifu|34\/100|[from] Grassy Terrain\n|-heal|p2b: Zamazenta|84\/100|[from] Grassy Terrain\n|-heal|p2a: Rillaboom|77\/100|[from] Grassy Terrain\n|upkeep\n|turn|4\n|\n|t:|1736541644\n|switch|p1a: Miraidon|Miraidon, L50|100\/100\n|-fieldstart|move: Electric Terrain|[from] ability: Hadron Engine|[of] p1a: Miraidon\n|move|p1b: Ogerpon|Spiky Shield|p1b: Ogerpon\n|-singleturn|p1b: Ogerpon|move: Protect\n|move|p2a: Rillaboom|Fake Out|p1b: Ogerpon\n|-activate|p1b: Ogerpon|move: Protect\n|-damage|p2a: Rillaboom|65\/100|[from] Spiky Shield|[of] p1b: Ogerpon\n|move|p2b: Zamazenta|Body Press|p1a: Miraidon\n|-damage|p1a: Miraidon|25\/100\n|\n|-sideend|p1: PKBR_Hitsuy|move: Tailwind\n|upkeep\n|turn|5\n|\n|t:|1736541662\n|switch|p2a: Ogerpon|Ogerpon-Cornerstone, L50, F|100\/100\n|-terastallize|p1a: Miraidon|Fairy\n|move|p2b: Zamazenta|Protect|p2b: Zamazenta\n|-singleturn|p2b: Zamazenta|Protect\n|move|p1a: Miraidon|Dazzling Gleam|p2b: Zamazenta|[spread] p2a\n|-activate|p2b: Zamazenta|move: Protect\n|-damage|p2a: Ogerpon|21\/100\n|move|p1b: Ogerpon|Ivy Cudgel|p2a: Ogerpon|[anim] Ivy Cudgel Fire\n|-damage|p2a: Ogerpon|0 fnt\n|faint|p2a: Ogerpon\n|\n|upkeep\n|\n|t:|1736541673\n|switch|p2a: Flutter Mane|Flutter Mane, L50|100\/100\n|-enditem|p2a: Flutter Mane|Booster Energy\n|-activate|p2a: Flutter Mane|ability: Protosynthesis|[fromitem]\n|-start|p2a: Flutter Mane|protosynthesisspe\n|turn|6\n|inactive|Arkalid has 30 seconds left.\n|\n|t:|1736541700\n|switch|p1a: Urshifu|Urshifu-Rapid-Strike, L50, M|34\/100\n|move|p2b: Zamazenta|Wide Guard|p2b: Zamazenta\n|-singleturn|p2b: Zamazenta|Wide Guard\n|move|p2a: Flutter Mane|Shadow Ball|p1b: Ogerpon\n|-damage|p1b: Ogerpon|59\/100\n|move|p1b: Ogerpon|Ivy Cudgel|p2a: Flutter Mane|[anim] Ivy Cudgel Fire\n|-damage|p2a: Flutter Mane|17\/100\n|\n|upkeep\n|turn|7\n|inactive|Arkalid has 30 seconds left.\n|inactive|PKBR_Hitsuy has 30 seconds left.\n|inactive|Arkalid has 20 seconds left.\n|\n|t:|1736541737\n|move|p1a: Urshifu|Aqua Jet|p2a: Flutter Mane\n|-damage|p2a: Flutter Mane|0 fnt\n|faint|p2a: Flutter Mane\n|-end|p2a: Flutter Mane|Protosynthesis|[silent]\n|move|p2b: Zamazenta|Body Press|p1a: Urshifu\n|-damage|p1a: Urshifu|0 fnt\n|faint|p1a: Urshifu\n|move|p1b: Ogerpon|Ivy Cudgel|p2b: Zamazenta|[anim] Ivy Cudgel Fire\n|-resisted|p2b: Zamazenta\n|-damage|p2b: Zamazenta|73\/100\n|\n|upkeep\n|\n|t:|1736541747\n|switch|p2a: Rillaboom|Rillaboom, L50, M|65\/100\n|switch|p1a: Miraidon|Miraidon, L50, tera:Fairy|25\/100\n|-activate|p1a: Miraidon|ability: Hadron Engine\n|-fieldstart|move: Grassy Terrain|[from] ability: Grassy Surge|[of] p2a: Rillaboom\n|turn|8\n|inactive|Arkalid has 30 seconds left.\n|inactive|Arkalid has 20 seconds left.\n|inactive|Arkalid has 15 seconds left.\n|\n|t:|1736541788\n|move|p1b: Ogerpon|Follow Me|p1b: Ogerpon\n|-singleturn|p1b: Ogerpon|move: Follow Me\n|move|p2a: Rillaboom|Grassy Glide|p1b: Ogerpon\n|-resisted|p1b: Ogerpon\n|-damage|p1b: Ogerpon|49\/100\n|move|p1a: Miraidon|Draco Meteor|p2b: Zamazenta\n|-supereffective|p2b: Zamazenta\n|-damage|p2b: Zamazenta|0 fnt\n|-unboost|p1a: Miraidon|spa|2\n|faint|p2b: Zamazenta\n|\n|-heal|p1a: Miraidon|31\/100|[from] Grassy Terrain\n|-heal|p1b: Ogerpon|55\/100|[from] Grassy Terrain\n|-heal|p2a: Rillaboom|71\/100|[from] Grassy Terrain\n|upkeep\n|turn|9\n|\n|t:|1736541803\n|move|p2a: Rillaboom|Grassy Glide|p1a: Miraidon\n|-damage|p1a: Miraidon|0 fnt\n|faint|p1a: Miraidon\n|move|p1b: Ogerpon|Ivy Cudgel|p2a: Rillaboom|[anim] Ivy Cudgel Fire\n|-supereffective|p2a: Rillaboom\n|-damage|p2a: Rillaboom|0 fnt\n|faint|p2a: Rillaboom\n|\n|win|PKBR_Hitsuy\n|raw|PKBR_Hitsuy's rating: 1597 &rarr; <strong>1621<\/strong><br \/>(+24 for winning)\n|raw|Arkalid's rating: 1659 &rarr; <strong>1635<\/strong><br \/>(-24 for losing)\n","uploadtime":1736541817,"views":362,"formatid":"gen9vgc2025regg","rating":1621,"private":0,"password":null}