{"id":"gen9vgc2025regg-2278549619","format":"[Gen 9] VGC 2025 Reg G","players":["Arkalid","PKBR_Hitsuy"],"log":"|j|\u2606Arkalid\n|j|\u2606PKBR_Hitsuy\n|t:|1736522557\n|gametype|doubles\n|player|p1|Arkalid|2|1561\n|player|p2|PKBR_Hitsuy|cynthia|1546\n|teamsize|p1|6\n|teamsize|p2|6\n|gen|9\n|tier|[Gen 9] VGC 2025 Reg G\n|rated|\n|rule|Species Clause: Limit one of each Pok\u00e9mon\n|rule|Item Clause: Limit 1 of each item\n|clearpoke\n|poke|p1|Zamazenta-*, L50|\n|poke|p1|Urshifu-*, L50, F|\n|poke|p1|Flutter Mane, L50|\n|poke|p1|Chi-Yu, L50|\n|poke|p1|Rillaboom, L50, F|\n|poke|p1|Raging Bolt, L50|\n|poke|p2|Miraidon, L50|\n|poke|p2|Whimsicott, L50, F|\n|poke|p2|Urshifu-*, L50, M|\n|poke|p2|Ogerpon-Hearthflame, L50, F|\n|poke|p2|Iron Hands, L50|\n|poke|p2|Farigiraf, L50, F|\n|teampreview|4\n|inactive|Battle timer is ON: inactive players will automatically lose when time's up. (requested by Arkalid)\nArkalid has agreed to open team sheets.\n|inactive|PKBR_Hitsuy has 60 seconds left.\n|\n|t:|1736522600\n|start\n|switch|p1a: Flutter Mane|Flutter Mane, L50|100\/100\n|switch|p1b: Chi-Yu|Chi-Yu, L50|100\/100\n|switch|p2a: Ogerpon|Ogerpon-Hearthflame, L50, F|100\/100\n|switch|p2b: Hera|Whimsicott, L50, F, shiny|100\/100\n|-ability|p1b: Chi-Yu|Beads of Ruin\n|-ability|p2a: Ogerpon|Mold Breaker\n|-enditem|p1a: Flutter Mane|Booster Energy\n|-activate|p1a: Flutter Mane|ability: Protosynthesis|[fromitem]\n|-start|p1a: Flutter Mane|protosynthesisspe\n|turn|1\n|inactive|Arkalid has 30 seconds left.\n|inactive|Arkalid has 20 seconds left.\n|inactive|Arkalid has 15 seconds left.\n|inactive|Arkalid has 10 seconds left.\n|inactive|Arkalid has 5 seconds left.\n|\n|t:|1736522651\n|move|p1a: Flutter Mane|Protect|p1a: Flutter Mane\n|-singleturn|p1a: Flutter Mane|Protect\n|move|p2a: Ogerpon|Spiky Shield|p2a: Ogerpon\n|-singleturn|p2a: Ogerpon|move: Protect\n|move|p2b: Hera|Tailwind|p2b: Hera\n|-sidestart|p2: PKBR_Hitsuy|move: Tailwind\n|move|p1b: Chi-Yu|Heat Wave|p2a: Ogerpon|[spread] p2b\n|-activate|p2a: Ogerpon|move: Protect\n|-supereffective|p2b: Hera\n|-damage|p2b: Hera|0 fnt\n|faint|p2b: Hera\n|\n|upkeep\n|\n|t:|1736522666\n|switch|p2b: Urshifu|Urshifu-Rapid-Strike, L50, M|100\/100\n|turn|2\n|inactive|Arkalid has 30 seconds left.\n|\n|t:|1736522701\n|-terastallize|p2a: Ogerpon|Fire\n|detailschange|p2a: Ogerpon|Ogerpon-Hearthflame-Tera, L50, F, tera:Fire\n|-ability|p2a: Ogerpon|Embody Aspect (Hearthflame)|boost\n|-boost|p2a: Ogerpon|atk|1\n|-terastallize|p1b: Chi-Yu|Ghost\n|move|p2a: Ogerpon|Ivy Cudgel|p1a: Flutter Mane|[anim] Ivy Cudgel Fire\n|-damage|p1a: Flutter Mane|0 fnt\n|faint|p1a: Flutter Mane\n|-end|p1a: Flutter Mane|Protosynthesis|[silent]\n|move|p2b: Urshifu|Surging Strikes|p1b: Chi-Yu\n|-crit|p1b: Chi-Yu\n|-damage|p1b: Chi-Yu|70\/100\n|-crit|p1b: Chi-Yu\n|-damage|p1b: Chi-Yu|37\/100\n|-crit|p1b: Chi-Yu\n|-damage|p1b: Chi-Yu|6\/100\n|-hitcount|p1b: Chi-Yu|3\n|move|p1b: Chi-Yu|Heat Wave|p2b: Urshifu|[spread] p2a,p2b\n|-resisted|p2a: Ogerpon\n|-resisted|p2b: Urshifu\n|-damage|p2a: Ogerpon|75\/100\n|-damage|p2b: Urshifu|63\/100\n|\n|upkeep\n|\n|t:|1736522720\n|switch|p1a: Rillaboom|Rillaboom, L50, F|100\/100\n|-fieldstart|move: Grassy Terrain|[from] ability: Grassy Surge|[of] p1a: Rillaboom\n|turn|3\n|\n|t:|1736522744\n|move|p2a: Ogerpon|Spiky Shield|p2a: Ogerpon\n|-singleturn|p2a: Ogerpon|move: Protect\n|move|p2b: Urshifu|Detect|p2b: Urshifu\n|-singleturn|p2b: Urshifu|Protect\n|move|p1a: Rillaboom|Fake Out|p2a: Ogerpon\n|-activate|p2a: Ogerpon|move: Protect\n|-damage|p1a: Rillaboom|88\/100|[from] Spiky Shield|[of] p2a: Ogerpon\n|move|p1b: Chi-Yu|Heat Wave|p2b: Urshifu|[spread] \n|-activate|p2a: Ogerpon|move: Protect\n|-activate|p2b: Urshifu|move: Protect\n|\n|-heal|p2a: Ogerpon|81\/100|[from] Grassy Terrain\n|-heal|p2b: Urshifu|68\/100|[from] Grassy Terrain\n|-heal|p1b: Chi-Yu|12\/100|[from] Grassy Terrain\n|-heal|p1a: Rillaboom|94\/100|[from] Grassy Terrain\n|upkeep\n|turn|4\n|\n|t:|1736522760\n|switch|p2a: Miraidon|Miraidon, L50|100\/100\n|-fieldstart|move: Electric Terrain|[from] ability: Hadron Engine|[of] p2a: Miraidon\n|move|p2b: Urshifu|Aqua Jet|p1b: Chi-Yu\n|-damage|p1b: Chi-Yu|0 fnt\n|faint|p1b: Chi-Yu\n|move|p1a: Rillaboom|Grassy Glide|p2b: Urshifu\n|-supereffective|p2b: Urshifu\n|-damage|p2b: Urshifu|6\/100\n|\n|-sideend|p2: PKBR_Hitsuy|move: Tailwind\n|upkeep\n|\n|t:|1736522766\n|switch|p1b: Zamazenta|Zamazenta-Crowned, L50|100\/100\n|-ability|p1b: Zamazenta|Dauntless Shield|boost\n|-boost|p1b: Zamazenta|def|1\n|turn|5\n|-message|Arkalid forfeited.\n|\n|win|PKBR_Hitsuy\n|raw|Arkalid's rating: 1561 &rarr; <strong>1540<\/strong><br \/>(-21 for losing)\n|raw|PKBR_Hitsuy's rating: 1546 &rarr; <strong>1567<\/strong><br \/>(+21 for winning)\n|l|\u2606PKBR_Hitsuy\n|player|p2|\n","uploadtime":1736522950,"views":162,"formatid":"gen9vgc2025regg","rating":1540,"private":0,"password":null}