{"id":"gen9vgc2025regg-2278163209","format":"[Gen 9] VGC 2025 Reg G","players":["nico20001997","Duryodhan"],"log":"|j|\u2606nico20001997\n|j|\u2606Duryodhan\n|t:|1736462928\n|gametype|doubles\n|player|p1|nico20001997|2|1527\n|player|p2|Duryodhan|169|1646\n|teamsize|p1|6\n|teamsize|p2|6\n|gen|9\n|tier|[Gen 9] VGC 2025 Reg G\n|rated|\n|rule|Species Clause: Limit one of each Pok\u00e9mon\n|rule|Item Clause: Limit 1 of each item\n|clearpoke\n|poke|p1|Calyrex-Ice, L50|\n|poke|p1|Smeargle, L50, M|\n|poke|p1|Ogerpon-Wellspring, L50, F|\n|poke|p1|Indeedee-F, L50, F|\n|poke|p1|Comfey, L50, F|\n|poke|p1|Ursaluna-Bloodmoon, L50, M|\n|poke|p2|Calyrex-Ice, L50|\n|poke|p2|Gallade, L50, M|\n|poke|p2|Indeedee-F, L50, F|\n|poke|p2|Amoonguss, L50, M|\n|poke|p2|Ursaluna, L50, M|\n|poke|p2|Raging Bolt, L50|\n|teampreview|4\n|inactive|Battle timer is ON: inactive players will automatically lose when time's up. (requested by nico20001997)\n|j| neebieplayersea\n|inactive|nico20001997 has 60 seconds left.\n|inactive|Duryodhan has 60 seconds left.\n|\n|t:|1736462997\n|start\n|switch|p1a: Ogerpon|Ogerpon-Wellspring, L50, F|100\/100\n|switch|p1b: Calyrex|Calyrex-Ice, L50|100\/100\n|switch|p2a: Calyrex|Calyrex-Ice, L50|100\/100\n|switch|p2b: Amoonguss|Amoonguss, L50, M|100\/100\n|-ability|p1b: Calyrex|As One\n|-ability|p1b: Calyrex|Unnerve\n|-ability|p2a: Calyrex|As One\n|-ability|p2a: Calyrex|Unnerve\n|turn|1\n|\n|t:|1736463017\n|-terastallize|p2b: Amoonguss|Water\n|move|p1a: Ogerpon|Horn Leech|p2b: Amoonguss\n|-supereffective|p2b: Amoonguss\n|-damage|p2b: Amoonguss|29\/100\n|-damage|p1a: Ogerpon|84\/100|[from] item: Rocky Helmet|[of] p2b: Amoonguss\n|move|p1b: Calyrex|Glacial Lance|p2a: Calyrex|[spread] p2a,p2b\n|-resisted|p2a: Calyrex\n|-resisted|p2b: Amoonguss\n|-damage|p2a: Calyrex|82\/100\n|-damage|p2b: Amoonguss|7\/100\n|move|p2b: Amoonguss|Pollen Puff|p2a: Calyrex\n|-heal|p2a: Calyrex|100\/100\n|move|p2a: Calyrex|Trick Room|p2a: Calyrex\n|-fieldstart|move: Trick Room|[of] p2a: Calyrex\n|\n|upkeep\n|turn|2\n|\n|t:|1736463036\n|move|p1a: Ogerpon|Follow Me|p1a: Ogerpon\n|-singleturn|p1a: Ogerpon|move: Follow Me\n|move|p2b: Amoonguss|Spore|p1a: Ogerpon\n|-immune|p1a: Ogerpon\n|move|p2a: Calyrex|Glacial Lance|p1a: Ogerpon|[spread] p1a,p1b\n|-resisted|p1b: Calyrex\n|-damage|p1a: Ogerpon|10\/100\n|-damage|p1b: Calyrex|83\/100\n|move|p1b: Calyrex|Glacial Lance|p2a: Calyrex|[spread] p2a,p2b\n|-resisted|p2a: Calyrex\n|-resisted|p2b: Amoonguss\n|-damage|p2a: Calyrex|83\/100\n|-damage|p2b: Amoonguss|0 fnt\n|faint|p2b: Amoonguss\n|-ability|p1b: Calyrex|Chilling Neigh|boost\n|-boost|p1b: Calyrex|atk|1\n|\n|upkeep\n|\n|t:|1736463050\n|switch|p2b: Ursaluna|Ursaluna, L50, M|100\/100\n|turn|3\n|\n|t:|1736463059\n|move|p2b: Ursaluna|Protect|p2b: Ursaluna\n|-singleturn|p2b: Ursaluna|Protect\n|move|p1a: Ogerpon|Spiky Shield|p1a: Ogerpon\n|-singleturn|p1a: Ogerpon|move: Protect\n|move|p2a: Calyrex|Glacial Lance|p1b: Calyrex|[spread] p1b\n|-activate|p1a: Ogerpon|move: Protect\n|-resisted|p1b: Calyrex\n|-damage|p1b: Calyrex|64\/100\n|move|p1b: Calyrex|Glacial Lance|p2b: Ursaluna|[spread] p2a\n|-activate|p2b: Ursaluna|move: Protect\n|-resisted|p2a: Calyrex\n|-damage|p2a: Calyrex|55\/100\n|\n|-status|p2b: Ursaluna|brn|[from] item: Flame Orb\n|upkeep\n|turn|4\n|inactive|Duryodhan has 30 seconds left.\n|\n|t:|1736463088\n|move|p2a: Calyrex|Protect|p2a: Calyrex\n|-singleturn|p2a: Calyrex|Protect\n|move|p1a: Ogerpon|Follow Me|p1a: Ogerpon\n|-singleturn|p1a: Ogerpon|move: Follow Me\n|move|p2b: Ursaluna|Earthquake|p1b: Calyrex|[spread] p1a,p1b\n|-activate|p2a: Calyrex|move: Protect\n|-resisted|p1a: Ogerpon\n|-damage|p1a: Ogerpon|0 fnt\n|-damage|p1b: Calyrex|23\/100\n|faint|p1a: Ogerpon\n|move|p1b: Calyrex|Glacial Lance|p2a: Calyrex|[spread] p2b\n|-activate|p2a: Calyrex|move: Protect\n|-supereffective|p2b: Ursaluna\n|-damage|p2b: Ursaluna|0 fnt\n|faint|p2b: Ursaluna\n|-ability|p1b: Calyrex|Chilling Neigh|boost\n|-boost|p1b: Calyrex|atk|1\n|\n|upkeep\n|\n|t:|1736463105\n|switch|p2b: Gallade|Gallade, L50, M|100\/100\n|switch|p1a: Comfey|Comfey, L50, F|100\/100\n|turn|5\n|\n|t:|1736463128\n|move|p2b: Gallade|Wide Guard|p2b: Gallade\n|-singleturn|p2b: Gallade|Wide Guard\n|move|p1a: Comfey|Floral Healing|p1b: Calyrex\n|-heal|p1b: Calyrex|73\/100\n|move|p2a: Calyrex|Crunch|p1b: Calyrex\n|-supereffective|p1b: Calyrex\n|-damage|p1b: Calyrex|33\/100\n|move|p1b: Calyrex|High Horsepower|p2b: Gallade\n|-damage|p2b: Gallade|2\/100\n|\n|-fieldend|move: Trick Room\n|upkeep\n|turn|6\n|\n|t:|1736463145\n|move|p2b: Gallade|Protect||[still]\n|-fail|p2b: Gallade\n|move|p1a: Comfey|Draining Kiss|p2b: Gallade\n|-supereffective|p2b: Gallade\n|-crit|p2b: Gallade\n|-damage|p2b: Gallade|0 fnt\n|faint|p2b: Gallade\n|move|p1b: Calyrex|High Horsepower|p2a: Calyrex\n|-damage|p2a: Calyrex|8\/100\n|move|p2a: Calyrex|Glacial Lance|p1b: Calyrex|[spread] p1a,p1b\n|-resisted|p1b: Calyrex\n|-damage|p1a: Comfey|40\/100\n|-damage|p1b: Calyrex|15\/100\n|\n|upkeep\n|turn|7\n|\n|t:|1736463160\n|move|p1a: Comfey|Floral Healing|p1b: Calyrex\n|-heal|p1b: Calyrex|65\/100\n|move|p1b: Calyrex|Glacial Lance|p2a: Calyrex\n|-resisted|p2a: Calyrex\n|-damage|p2a: Calyrex|0 fnt\n|faint|p2a: Calyrex\n|\n|win|nico20001997\n|raw|nico20001997's rating: 1527 &rarr; <strong>1554<\/strong><br \/>(+27 for winning)\n|raw|Duryodhan's rating: 1646 &rarr; <strong>1619<\/strong><br \/>(-27 for losing)\n|l|\u2606nico20001997\n|player|p1|\n|l|\u2606Duryodhan\n|player|p2|\n","uploadtime":1736463311,"views":7,"formatid":"gen9vgc2025regg","rating":1554,"private":0,"password":null}