{"id":"gen9vgc2025regg-2278615927","format":"[Gen 9] VGC 2025 Reg G","players":["stbai","NoPants1101"],"log":"|j|\u2606stbai\n|j|\u2606NoPants1101\n|t:|1736529598\n|gametype|doubles\n|player|p1|stbai|janitor|1615\n|player|p2|NoPants1101|rei|1569\n|teamsize|p1|6\n|teamsize|p2|6\n|gen|9\n|tier|[Gen 9] VGC 2025 Reg G\n|rated|\n|rule|Species Clause: Limit one of each Pok\u00e9mon\n|rule|Item Clause: Limit 1 of each item\n|clearpoke\n|poke|p1|Tatsugiri, L50, M|\n|poke|p1|Terapagos, L50, M|\n|poke|p1|Pawmot, L50, M|\n|poke|p1|Flutter Mane, L50|\n|poke|p1|Latios, L50, M|\n|poke|p1|Dondozo, L50, F|\n|poke|p2|Calyrex-Shadow, L50|\n|poke|p2|Weezing-Galar, L50, M|\n|poke|p2|Roaring Moon, L50|\n|poke|p2|Tatsugiri-Droopy, L50, F|\n|poke|p2|Dondozo, L50, M|\n|poke|p2|Indeedee-F, L50, F|\n|teampreview|4\n|inactive|Battle timer is ON: inactive players will automatically lose when time's up. (requested by stbai)\n|\n|t:|1736529616\n|start\n|switch|p1a: Dondozo|Dondozo, L50, F|100\/100\n|switch|p1b: Latios|Latios, L50, M|100\/100\n|switch|p2a: Calyrex|Calyrex-Shadow, L50|100\/100\n|switch|p2b: Weezing|Weezing-Galar, L50, M|100\/100\n|-ability|p2a: Calyrex|As One\n|-ability|p2a: Calyrex|Unnerve\n|-ability|p2b: Weezing|Neutralizing Gas\n|turn|1\n|\n|t:|1736529630\n|switch|p1b: Tatsugiri|Tatsugiri, L50, M|100\/100\n|-activate|p1b: Tatsugiri|ability: Commander|[of] p1a: Dondozo\n|-boost|p1a: Dondozo|atk|2\n|-boost|p1a: Dondozo|spa|2\n|-boost|p1a: Dondozo|spe|2\n|-boost|p1a: Dondozo|def|2\n|-boost|p1a: Dondozo|spd|2\n|-terastallize|p2a: Calyrex|Ghost\n|move|p2a: Calyrex|Astral Barrage|p1a: Dondozo|[spread] p1a\n|-miss|p2a: Calyrex|p1b: Tatsugiri\n|-damage|p1a: Dondozo|54\/100\n|-damage|p2a: Calyrex|91\/100|[from] item: Life Orb\n|move|p1a: Dondozo|Substitute|p1a: Dondozo\n|-start|p1a: Dondozo|Substitute\n|-damage|p1a: Dondozo|29\/100\n|move|p2b: Weezing|Toxic Spikes|p1b: Tatsugiri\n|-sidestart|p1: stbai|move: Toxic Spikes\n|\n|-heal|p1a: Dondozo|35\/100|[from] item: Leftovers\n|upkeep\n|turn|2\n|j| judang\n|\n|t:|1736529653\n|move|p1a: Dondozo|Protect|p1a: Dondozo\n|-singleturn|p1a: Dondozo|Protect\n|move|p2a: Calyrex|Astral Barrage|p1a: Dondozo|[spread] \n|-miss|p2a: Calyrex|p1b: Tatsugiri\n|-activate|p1a: Dondozo|move: Protect\n|move|p2b: Weezing|Poison Gas|p1b: Tatsugiri|[spread] \n|-miss|p2b: Weezing|p1b: Tatsugiri\n|-activate|p1a: Dondozo|move: Protect\n|\n|-heal|p1a: Dondozo|41\/100|[from] item: Leftovers\n|upkeep\n|turn|3\n|\n|t:|1736529666\n|move|p2a: Calyrex|Protect|p2a: Calyrex\n|-singleturn|p2a: Calyrex|Protect\n|move|p1a: Dondozo|Earthquake|p2b: Weezing|[spread] p2b\n|-miss|p1a: Dondozo|p1b: Tatsugiri\n|-activate|p2a: Calyrex|move: Protect\n|-supereffective|p2b: Weezing\n|-damage|p2b: Weezing|28\/100\n|move|p2b: Weezing|Poison Gas||[still]|[spread] p1a\n|-miss|p2b: Weezing|p1b: Tatsugiri\n|-fail|p2b: Weezing\n|\n|-heal|p1a: Dondozo|47\/100|[from] item: Leftovers\n|upkeep\n|turn|4\n|\n|t:|1736529684\n|move|p1a: Dondozo|Protect|p1a: Dondozo\n|-singleturn|p1a: Dondozo|Protect\n|move|p2a: Calyrex|Astral Barrage|p1a: Dondozo|[spread] \n|-miss|p2a: Calyrex|p1b: Tatsugiri\n|-activate|p1a: Dondozo|move: Protect\n|move|p2b: Weezing|Dazzling Gleam|p1a: Dondozo|[spread] \n|-miss|p2b: Weezing|p1b: Tatsugiri\n|-activate|p1a: Dondozo|move: Protect\n|\n|-heal|p1a: Dondozo|54\/100|[from] item: Leftovers\n|upkeep\n|turn|5\n|\n|t:|1736529698\n|move|p2a: Calyrex|Astral Barrage|p1b: Tatsugiri|[spread] p1a\n|-miss|p2a: Calyrex|p1b: Tatsugiri\n|-end|p1a: Dondozo|Substitute\n|-damage|p2a: Calyrex|82\/100|[from] item: Life Orb\n|move|p1a: Dondozo|Earthquake|p2b: Weezing|[spread] p2a,p2b\n|-miss|p1a: Dondozo|p1b: Tatsugiri\n|-supereffective|p2b: Weezing\n|-damage|p2a: Calyrex|30\/100\n|-damage|p2b: Weezing|0 fnt\n|faint|p2b: Weezing\n|-end|p2b: Weezing|ability: Neutralizing Gas\n|\n|-heal|p1a: Dondozo|60\/100|[from] item: Leftovers\n|upkeep\n|\n|t:|1736529712\n|switch|p2b: Tatsugiri|Tatsugiri-Droopy, L50, F|100\/100\n|turn|6\n|\n|t:|1736529717\n|move|p2b: Tatsugiri|Helping Hand|p2a: Calyrex\n|-singleturn|p2a: Calyrex|Helping Hand|[of] p2b: Tatsugiri\n|move|p2a: Calyrex|Astral Barrage|p1b: Tatsugiri|[spread] p1a\n|-miss|p2a: Calyrex|p1b: Tatsugiri\n|-damage|p1a: Dondozo|0 fnt\n|faint|p1a: Dondozo\n|-ability|p2a: Calyrex|Grim Neigh|boost\n|-boost|p2a: Calyrex|spa|1\n|-damage|p2a: Calyrex|21\/100|[from] item: Life Orb\n|\n|upkeep\n|\n|t:|1736529722\n|switch|p1a: Terapagos|Terapagos, L50, M|100\/100\n|-activate|p1a: Terapagos|ability: Tera Shift\n|detailschange|p1a: Terapagos|Terapagos-Terastal, L50, M\n|-heal|p1a: Terapagos|100\/100|[silent]\n|-status|p1a: Terapagos|psn\n|turn|7\n|\n|t:|1736529739\n|-terastallize|p1a: Terapagos|Stellar\n|detailschange|p1a: Terapagos|Terapagos-Stellar, L50, M, tera:Stellar\n|-heal|p1a: Terapagos|100\/100 psn|[silent]\n|move|p2a: Calyrex|Protect|p2a: Calyrex\n|-singleturn|p2a: Calyrex|Protect\n|move|p2b: Tatsugiri|Muddy Water|p1b: Tatsugiri|[spread] p1b\n|-miss|p2b: Tatsugiri|p1a: Terapagos\n|-resisted|p1b: Tatsugiri\n|-damage|p1b: Tatsugiri|91\/100\n|move|p1a: Terapagos|Tera Starstorm|p2a: Calyrex|[spread] p2b\n|-activate|p2a: Calyrex|move: Protect\n|-damage|p2b: Tatsugiri|24\/100\n|move|p1b: Tatsugiri|Icy Wind|p2a: Calyrex|[spread] p2b\n|-activate|p2a: Calyrex|move: Protect\n|-damage|p2b: Tatsugiri|3\/100\n|-unboost|p2b: Tatsugiri|spe|1\n|\n|-damage|p1a: Terapagos|88\/100 psn|[from] psn\n|upkeep\n|turn|8\n|\n|t:|1736529760\n|switch|p2b: Dondozo|Dondozo, L50, M|100\/100\n|move|p1b: Tatsugiri|Protect|p1b: Tatsugiri\n|-singleturn|p1b: Tatsugiri|Protect\n|move|p2a: Calyrex|Expanding Force|p1a: Terapagos\n|-damage|p1a: Terapagos|22\/100 psn\n|-damage|p2a: Calyrex|11\/100|[from] item: Life Orb\n|move|p1a: Terapagos|Tera Starstorm|p2a: Calyrex|[spread] p2a,p2b\n|-supereffective|p2a: Calyrex\n|-damage|p2a: Calyrex|0 fnt\n|-damage|p2b: Dondozo|49\/100\n|faint|p2a: Calyrex\n|\n|-heal|p2b: Dondozo|55\/100|[from] item: Leftovers\n|-damage|p1a: Terapagos|10\/100 psn|[from] psn\n|upkeep\n|\n|t:|1736529775\n|switch|p2a: Tatsugiri|Tatsugiri-Droopy, L50, F|3\/100\n|-activate|p2a: Tatsugiri|ability: Commander|[of] p2b: Dondozo\n|-boost|p2b: Dondozo|atk|2\n|-boost|p2b: Dondozo|spa|2\n|-boost|p2b: Dondozo|spe|2\n|-boost|p2b: Dondozo|def|2\n|-boost|p2b: Dondozo|spd|2\n|turn|9\n|\n|t:|1736529784\n|switch|p1a: Latios|Latios, L50, M|100\/100\n|move|p2b: Dondozo|Order Up|p1b: Tatsugiri\n|-supereffective|p1b: Tatsugiri\n|-damage|p1b: Tatsugiri|0 fnt\n|faint|p1b: Tatsugiri\n|-boost|p2b: Dondozo|def|1\n|\n|-heal|p2b: Dondozo|62\/100|[from] item: Leftovers\n|upkeep\n|\n|t:|1736529788\n|switch|p1b: Terapagos|Terapagos-Stellar, L50, M, tera:Stellar|10\/100 psn\n|turn|10\n|\n|t:|1736529796\n|move|p1a: Latios|Tailwind|p1a: Latios\n|-sidestart|p1: stbai|move: Tailwind\n|move|p1b: Terapagos|Tera Starstorm|p2b: Dondozo|[spread] p2b\n|-miss|p1b: Terapagos|p2a: Tatsugiri\n|-damage|p2b: Dondozo|33\/100\n|move|p2b: Dondozo|Order Up|p1a: Latios\n|-supereffective|p1a: Latios\n|-damage|p1a: Latios|16\/100\n|-boost|p2b: Dondozo|def|1\n|\n|-heal|p2b: Dondozo|39\/100|[from] item: Leftovers\n|-damage|p1b: Terapagos|0 fnt|[from] psn\n|faint|p1b: Terapagos\n|upkeep\n|turn|11\n|\n|t:|1736529809\n|move|p1a: Latios|Luster Purge|p2b: Dondozo\n|-damage|p2b: Dondozo|19\/100\n|-unboost|p2b: Dondozo|spd|1\n|move|p2b: Dondozo|Order Up|p1a: Latios\n|-supereffective|p1a: Latios\n|-damage|p1a: Latios|0 fnt\n|faint|p1a: Latios\n|\n|win|NoPants1101\n|raw|stbai's rating: 1615 &rarr; <strong>1592<\/strong><br \/>(-23 for losing)\n|raw|NoPants1101's rating: 1569 &rarr; <strong>1592<\/strong><br \/>(+23 for winning)\n|l|\u2606stbai\n|player|p1|\n|l|\u2606NoPants1101\n|player|p2|\n","uploadtime":1736530068,"views":20,"formatid":"gen9vgc2025regg","rating":1592,"private":0,"password":null}