{"id":"gen9vgc2025regg-2278301561","format":"[Gen 9] VGC 2025 Reg G","players":["sheepie_sheep1","Elvegis1"],"log":"|j|\u2606sheepie_sheep1\n|j|\u2606Elvegis1\n|t:|1736481742\n|gametype|doubles\n|player|p1|sheepie_sheep1|scientist-gen4dp|1588\n|player|p2|Elvegis1|lucas|1638\n|teamsize|p1|6\n|teamsize|p2|6\n|gen|9\n|tier|[Gen 9] VGC 2025 Reg G\n|rated|\n|rule|Species Clause: Limit one of each Pok\u00e9mon\n|rule|Item Clause: Limit 1 of each item\n|clearpoke\n|poke|p1|Zacian-*, L50|\n|poke|p1|Tornadus, L50, M|\n|poke|p1|Urshifu-*, L50, F|\n|poke|p1|Ogerpon, L50, F|\n|poke|p1|Incineroar, L50, F|\n|poke|p1|Chien-Pao, L50|\n|poke|p2|Incineroar, L50, F|\n|poke|p2|Amoonguss, L50, F|\n|poke|p2|Grimmsnarl, L50, M|\n|poke|p2|Urshifu-*, L50, M|\n|poke|p2|Tornadus, L50, M|\n|poke|p2|Kyogre, L50|\n|teampreview|4\n|inactive|Battle timer is ON: inactive players will automatically lose when time's up. (requested by Elvegis1)\n|\n|t:|1736481766\n|start\n|switch|p1a: Tornadus|Tornadus, L50, M|100\/100\n|switch|p1b: Urshifu|Urshifu-Rapid-Strike, L50, F|100\/100\n|switch|p2a: Tornadus|Tornadus, L50, M|100\/100\n|switch|p2b: Kyogre|Kyogre, L50|100\/100\n|-weather|RainDance|[from] ability: Drizzle|[of] p2b: Kyogre\n|turn|1\n|\n|t:|1736481786\n|move|p2a: Tornadus|Tailwind|p2a: Tornadus\n|-sidestart|p2: Elvegis1|move: Tailwind\n|move|p1a: Tornadus|Tailwind|p1a: Tornadus\n|-sidestart|p1: sheepie_sheep1|move: Tailwind\n|move|p1b: Urshifu|Surging Strikes|p2a: Tornadus\n|-crit|p2a: Tornadus\n|-damage|p2a: Tornadus|63\/100\n|-crit|p2a: Tornadus\n|-damage|p2a: Tornadus|26\/100\n|-crit|p2a: Tornadus\n|-damage|p2a: Tornadus|0 fnt\n|faint|p2a: Tornadus\n|-hitcount|p2: Tornadus|3\n|move|p2b: Kyogre|Water Spout|p1a: Tornadus|[spread] p1a,p1b\n|-resisted|p1b: Urshifu\n|-damage|p1a: Tornadus|0 fnt\n|-damage|p1b: Urshifu|26\/100\n|faint|p1a: Tornadus\n|\n|-weather|RainDance|[upkeep]\n|upkeep\n|\n|t:|1736481802\n|switch|p1a: Zacian|Zacian-Crowned, L50|100\/100\n|switch|p2a: Amoonguss|Amoonguss, L50, F|100\/100\n|-ability|p1a: Zacian|Intrepid Sword|boost\n|-boost|p1a: Zacian|atk|1\n|turn|2\n|\n|t:|1736481817\n|switch|p1b: Chien-Pao|Chien-Pao, L50|100\/100\n|-ability|p1b: Chien-Pao|Sword of Ruin\n|-terastallize|p1a: Zacian|Dragon\n|move|p2a: Amoonguss|Rage Powder|p2a: Amoonguss\n|-singleturn|p2a: Amoonguss|move: Rage Powder\n|move|p1a: Zacian|Behemoth Blade|p2a: Amoonguss\n|-damage|p2a: Amoonguss|14\/100\n|-damage|p1a: Zacian|84\/100|[from] item: Rocky Helmet|[of] p2a: Amoonguss\n|move|p2b: Kyogre|Water Spout|p1a: Zacian|[spread] p1a,p1b\n|-resisted|p1a: Zacian\n|-damage|p1a: Zacian|39\/100\n|-enditem|p1b: Chien-Pao|Focus Sash\n|-damage|p1b: Chien-Pao|1\/100\n|\n|-weather|RainDance|[upkeep]\n|upkeep\n|turn|3\n|\n|t:|1736481841\n|switch|p2a: Incineroar|Incineroar, L50, F|100\/100\n|-ability|p2a: Incineroar|Intimidate|boost\n|-unboost|p1a: Zacian|atk|1\n|-unboost|p1b: Chien-Pao|atk|1\n|move|p1a: Zacian|Protect|p1a: Zacian\n|-singleturn|p1a: Zacian|Protect\n|move|p2b: Kyogre|Protect|p2b: Kyogre\n|-singleturn|p2b: Kyogre|Protect\n|move|p1b: Chien-Pao|Throat Chop|p2b: Kyogre\n|-activate|p2b: Kyogre|move: Protect\n|\n|-weather|RainDance|[upkeep]\n|upkeep\n|turn|4\n|\n|t:|1736481864\n|move|p1a: Zacian|Protect||[still]\n|-fail|p1a: Zacian\n|move|p1b: Chien-Pao|Protect|p1b: Chien-Pao\n|-singleturn|p1b: Chien-Pao|Protect\n|move|p2a: Incineroar|Fake Out|p1a: Zacian\n|-damage|p1a: Zacian|26\/100\n|move|p2b: Kyogre|Water Spout|p1b: Chien-Pao|[spread] p1a\n|-activate|p1b: Chien-Pao|move: Protect\n|-resisted|p1a: Zacian\n|-damage|p1a: Zacian|0 fnt\n|faint|p1a: Zacian\n|\n|-weather|RainDance|[upkeep]\n|-sideend|p2: Elvegis1|move: Tailwind\n|-sideend|p1: sheepie_sheep1|move: Tailwind\n|upkeep\n|\n|t:|1736481870\n|switch|p1a: Urshifu|Urshifu-Rapid-Strike, L50, F|26\/100\n|turn|5\n|\n|t:|1736481879\n|switch|p2a: Amoonguss|Amoonguss, L50, F|47\/100\n|-terastallize|p2b: Kyogre|Grass\n|move|p1a: Urshifu|Close Combat|p2b: Kyogre\n|-damage|p2b: Kyogre|18\/100\n|-unboost|p1a: Urshifu|def|1\n|-unboost|p1a: Urshifu|spd|1\n|move|p1b: Chien-Pao|Throat Chop|p2b: Kyogre\n|-damage|p2b: Kyogre|0 fnt\n|faint|p2b: Kyogre\n|\n|-weather|none\n|upkeep\n|\n|t:|1736481890\n|switch|p2b: Incineroar|Incineroar, L50, F|100\/100\n|-ability|p2b: Incineroar|Intimidate|boost\n|-unboost|p1a: Urshifu|atk|1\n|-unboost|p1b: Chien-Pao|atk|1\n|turn|6\n|\n|t:|1736481898\n|move|p2b: Incineroar|Fake Out|p1a: Urshifu\n|-damage|p1a: Urshifu|3\/100\n|cant|p1a: Urshifu|flinch\n|move|p1b: Chien-Pao|Ice Spinner|p2a: Amoonguss\n|-supereffective|p2a: Amoonguss\n|-damage|p2a: Amoonguss|4\/100\n|-damage|p1b: Chien-Pao|0 fnt|[from] item: Rocky Helmet|[of] p2a: Amoonguss\n|faint|p1b: Chien-Pao\n|move|p2a: Amoonguss|Spore|p1a: Urshifu\n|-status|p1a: Urshifu|slp|[from] move: Spore\n|\n|upkeep\n|turn|7\n|-message|sheepie_sheep1 forfeited.\n|\n|win|Elvegis1\n|raw|sheepie_sheep1's rating: 1588 &rarr; <strong>1571<\/strong><br \/>(-17 for losing)\n|raw|Elvegis1's rating: 1638 &rarr; <strong>1655<\/strong><br \/>(+17 for winning)\n|l|\u2606sheepie_sheep1\n|player|p1|\n|l|\u2606Elvegis1\n|player|p2|\n","uploadtime":1736482093,"views":219,"formatid":"gen9vgc2025regg","rating":1571,"private":0,"password":null}