{"id":"gen9vgc2025regg-2278168101","format":"[Gen 9] VGC 2025 Reg G","players":["Angelo Neres","Kardeas"],"log":"|j|\u2606Angelo Neres\n|j|\u2606Kardeas\n|t:|1736463535\n|gametype|doubles\n|player|p1|Angelo Neres|1|1515\n|player|p2|Kardeas|clerkf|1553\n|teamsize|p1|6\n|teamsize|p2|6\n|gen|9\n|tier|[Gen 9] VGC 2025 Reg G\n|rated|\n|rule|Species Clause: Limit one of each Pok\u00e9mon\n|rule|Item Clause: Limit 1 of each item\n|clearpoke\n|poke|p1|Groudon, L50|\n|poke|p1|Moltres-Galar, L50|\n|poke|p1|Scream Tail, L50|\n|poke|p1|Grimmsnarl, L50, M|\n|poke|p1|Cobalion, L50|\n|poke|p1|Amoonguss, L50, M|\n|poke|p2|Zamazenta-*, L50|\n|poke|p2|Cresselia, L50, F|\n|poke|p2|Rillaboom, L50, M|\n|poke|p2|Ninetales-Alola, L50, M|\n|poke|p2|Tornadus, L50, M|\n|poke|p2|Incineroar, L50, F|\n|teampreview|4\n|inactive|Battle timer is ON: inactive players will automatically lose when time's up. (requested by Angelo Neres)\n|j| maya hoppins\n|j| wolfeyandino\n|l| wolfeyandino\n|inactive|Kardeas has 60 seconds left.\n|\n|t:|1736463573\n|start\n|switch|p1a: Scream Tail|Scream Tail, L50, shiny|100\/100\n|switch|p1b: Groudon|Groudon, L50, shiny|100\/100\n|switch|p2a: Cresselia|Cresselia, L50, F, shiny|100\/100\n|switch|p2b: Tornadus|Tornadus, L50, M|100\/100\n|-weather|SunnyDay|[from] ability: Drought|[of] p1b: Groudon\n|-activate|p1a: Scream Tail|ability: Protosynthesis\n|-start|p1a: Scream Tail|protosynthesisspe\n|turn|1\n|\n|t:|1736463592\n|move|p2b: Tornadus|Snowscape|p2b: Tornadus\n|-weather|Snow\n|-end|p1a: Scream Tail|Protosynthesis\n|move|p1a: Scream Tail|Thunder Wave|p2a: Cresselia\n|-status|p2a: Cresselia|par\n|move|p1b: Groudon|Stone Edge|p2b: Tornadus\n|-supereffective|p2b: Tornadus\n|-enditem|p2b: Tornadus|Focus Sash\n|-damage|p2b: Tornadus|1\/100\n|move|p2a: Cresselia|Trick Room|p2a: Cresselia\n|-fieldstart|move: Trick Room|[of] p2a: Cresselia\n|\n|-weather|Snow|[upkeep]\n|upkeep\n|turn|2\n|\n|t:|1736463612\n|switch|p1b: Moltres|Moltres-Galar, L50, shiny|100\/100\n|switch|p2b: Zamazenta|Zamazenta-Crowned, L50|100\/100\n|-ability|p2b: Zamazenta|Dauntless Shield|boost\n|-boost|p2b: Zamazenta|def|1\n|move|p2a: Cresselia|Skill Swap|p2b: Zamazenta\n|-activate|p2a: Cresselia|move: Skill Swap|||[of] p2b: Zamazenta\n|-ability|p2a: Cresselia|Dauntless Shield|boost\n|-boost|p2a: Cresselia|def|1\n|move|p1a: Scream Tail|Encore|p2a: Cresselia\n|-start|p2a: Cresselia|Encore\n|\n|-weather|Snow|[upkeep]\n|upkeep\n|turn|3\n|inactive|Angelo Neres has 30 seconds left.\n|\n|t:|1736463637\n|switch|p2a: Tornadus|Tornadus, L50, M|1\/100\n|switch|p1b: Groudon|Groudon, L50, shiny|100\/100\n|-weather|SunnyDay|[from] ability: Drought|[of] p1b: Groudon\n|-activate|p1a: Scream Tail|ability: Protosynthesis\n|-start|p1a: Scream Tail|protosynthesisspe\n|-terastallize|p1a: Scream Tail|Grass\n|move|p2b: Zamazenta|Heavy Slam|p1a: Scream Tail\n|-damage|p1a: Scream Tail|60\/100\n|move|p1a: Scream Tail|Thunder Wave|p2b: Zamazenta\n|-status|p2b: Zamazenta|par\n|\n|-weather|SunnyDay|[upkeep]\n|upkeep\n|turn|4\n|\n|t:|1736463669\n|-terastallize|p2b: Zamazenta|Water\n|move|p2a: Tornadus|Snowscape|p2a: Tornadus\n|-weather|Snow\n|-end|p1a: Scream Tail|Protosynthesis\n|cant|p2b: Zamazenta|par\n|move|p1b: Groudon|Heat Crash|p2a: Tornadus\n|-damage|p2a: Tornadus|0 fnt\n|faint|p2a: Tornadus\n|move|p1a: Scream Tail|Encore|p2b: Zamazenta\n|-start|p2b: Zamazenta|Encore\n|\n|-weather|Snow|[upkeep]\n|upkeep\n|\n|t:|1736463679\n|switch|p2a: Cresselia|Cresselia, L50, F, shiny|100\/100 par\n|turn|5\n|\n|t:|1736463689\n|switch|p1b: Cobalion|Cobalion, L50, shiny|100\/100\n|-end|p1a: Scream Tail|Protosynthesis|[silent]\n|switch|p1a: Moltres|Moltres-Galar, L50, shiny|100\/100\n|cant|p2a: Cresselia|par\n|cant|p2b: Zamazenta|par\n|\n|-weather|Snow|[upkeep]\n|-fieldend|move: Trick Room\n|upkeep\n|turn|6\n|\n|t:|1736463714\n|move|p1b: Cobalion|Iron Defense|p1b: Cobalion\n|-boost|p1b: Cobalion|def|2\n|move|p1a: Moltres|Fiery Wrath|p2b: Zamazenta|[spread] p2a,p2b\n|-supereffective|p2a: Cresselia\n|-damage|p2a: Cresselia|65\/100 par\n|-damage|p2b: Zamazenta|80\/100 par\n|move|p2b: Zamazenta|Heavy Slam|p1a: Moltres\n|-damage|p1a: Moltres|56\/100\n|cant|p2a: Cresselia|par\n|\n|-weather|Snow|[upkeep]\n|upkeep\n|turn|7\n|\n|t:|1736463731\n|move|p1b: Cobalion|Iron Head|p2a: Cresselia\n|-damage|p2a: Cresselia|48\/100 par\n|move|p1a: Moltres|Fiery Wrath|p2b: Zamazenta|[spread] p2a,p2b\n|-supereffective|p2a: Cresselia\n|-damage|p2a: Cresselia|10\/100 par\n|-damage|p2b: Zamazenta|61\/100 par\n|move|p2b: Zamazenta|Heavy Slam|p1a: Moltres\n|-damage|p1a: Moltres|11\/100\n|-ability|p1a: Moltres|Berserk|boost\n|-boost|p1a: Moltres|spa|1\n|-enditem|p1a: Moltres|Sitrus Berry|[eat]\n|-heal|p1a: Moltres|36\/100|[from] item: Sitrus Berry\n|cant|p2a: Cresselia|flinch\n|\n|-weather|Snow|[upkeep]\n|-end|p2b: Zamazenta|Encore\n|upkeep\n|turn|8\n|inactive|Angelo Neres has 30 seconds left.\n|\n|t:|1736463764\n|switch|p2a: Rillaboom|Rillaboom, L50, M|100\/100\n|-fieldstart|move: Grassy Terrain|[from] ability: Grassy Surge|[of] p2a: Rillaboom\n|move|p1b: Cobalion|Iron Head|p2a: Rillaboom\n|-damage|p2a: Rillaboom|75\/100\n|move|p1a: Moltres|Air Slash|p2b: Zamazenta\n|-damage|p2b: Zamazenta|27\/100 par\n|cant|p2b: Zamazenta|par\n|\n|-weather|none\n|-heal|p2a: Rillaboom|82\/100|[from] Grassy Terrain\n|upkeep\n|turn|9\n|-message|Kardeas forfeited.\n|\n|win|Angelo Neres\n|raw|Angelo Neres's rating: 1515 &rarr; <strong>1537<\/strong><br \/>(+22 for winning)\n|raw|Kardeas's rating: 1553 &rarr; <strong>1531<\/strong><br \/>(-22 for losing)\n|l|\u2606Kardeas\n|player|p2|\n|l|\u2606Angelo Neres\n|player|p1|\n","uploadtime":1736464003,"views":358,"formatid":"gen9vgc2025regg","rating":1531,"private":0,"password":null}