{"id":"gen9vgc2025regg-2278791983","format":"[Gen 9] VGC 2025 Reg G","players":["Zeropoke7310","Elvegis1"],"log":"|j|\u2606Zeropoke7310\n|j|\u2606Elvegis1\n|t:|1736548656\n|gametype|doubles\n|player|p1|Zeropoke7310|170|1635\n|player|p2|Elvegis1|lucas|1602\n|teamsize|p1|6\n|teamsize|p2|6\n|gen|9\n|tier|[Gen 9] VGC 2025 Reg G\n|rated|\n|rule|Species Clause: Limit one of each Pok\u00e9mon\n|rule|Item Clause: Limit 1 of each item\n|clearpoke\n|poke|p1|Zamazenta-*, L50|\n|poke|p1|Chien-Pao, L50|\n|poke|p1|Urshifu-*, L50, F|\n|poke|p1|Amoonguss, L50, F|\n|poke|p1|Rillaboom, L50, M|\n|poke|p1|Pelipper, L50, M|\n|poke|p2|Incineroar, L50, F|\n|poke|p2|Amoonguss, L50, M|\n|poke|p2|Grimmsnarl, L50, M|\n|poke|p2|Ting-Lu, L50|\n|poke|p2|Tornadus, L50, M|\n|poke|p2|Kyogre, L50|\n|teampreview|4\n|inactive|Battle timer is ON: inactive players will automatically lose when time's up. (requested by Elvegis1)\n|\n|t:|1736548680\n|start\n|switch|p1a: Zamazenta|Zamazenta-Crowned, L50, shiny|100\/100\n|switch|p1b: Chien-Pao|Chien-Pao, L50|100\/100\n|switch|p2a: Incineroar|Incineroar, L50, F|100\/100\n|switch|p2b: Ting-Lu|Ting-Lu, L50|100\/100\n|-ability|p1b: Chien-Pao|Sword of Ruin\n|-ability|p1a: Zamazenta|Dauntless Shield|boost\n|-boost|p1a: Zamazenta|def|1\n|-ability|p2a: Incineroar|Intimidate|boost\n|-unboost|p1a: Zamazenta|atk|1\n|-unboost|p1b: Chien-Pao|atk|1\n|-ability|p2b: Ting-Lu|Vessel of Ruin\n|turn|1\n|\n|t:|1736548699\n|switch|p1b: Pelipper|Pelipper, L50, M|100\/100\n|-weather|RainDance|[from] ability: Drizzle|[of] p1b: Pelipper\n|-terastallize|p2b: Ting-Lu|Poison\n|move|p1a: Zamazenta|Protect|p1a: Zamazenta\n|-singleturn|p1a: Zamazenta|Protect\n|move|p2a: Incineroar|Fake Out|p1a: Zamazenta\n|-activate|p1a: Zamazenta|move: Protect\n|move|p2b: Ting-Lu|Stealth Rock|p1b: Pelipper\n|-sidestart|p1: Zeropoke7310|move: Stealth Rock\n|\n|-weather|RainDance|[upkeep]\n|upkeep\n|turn|2\n|\n|t:|1736548718\n|switch|p2a: Amoonguss|Amoonguss, L50, M|100\/100\n|move|p1a: Zamazenta|Body Press|p2a: Amoonguss\n|-resisted|p2a: Amoonguss\n|-damage|p2a: Amoonguss|78\/100\n|-damage|p1a: Zamazenta|84\/100|[from] item: Rocky Helmet|[of] p2a: Amoonguss\n|move|p1b: Pelipper|Weather Ball|p2b: Ting-Lu\n|-damage|p2b: Ting-Lu|69\/100\n|move|p2b: Ting-Lu|Ruination|p1a: Zamazenta\n|-damage|p1a: Zamazenta|42\/100\n|\n|-weather|RainDance|[upkeep]\n|upkeep\n|turn|3\n|\n|t:|1736548742\n|switch|p2a: Incineroar|Incineroar, L50, F|100\/100\n|-ability|p2a: Incineroar|Intimidate|boost\n|-unboost|p1a: Zamazenta|atk|1\n|-unboost|p1b: Pelipper|atk|1\n|move|p1a: Zamazenta|Body Press|p2b: Ting-Lu\n|-resisted|p2b: Ting-Lu\n|-crit|p2b: Ting-Lu\n|-damage|p2b: Ting-Lu|47\/100\n|move|p1b: Pelipper|Hurricane|p2a: Incineroar\n|-damage|p2a: Incineroar|72\/100\n|move|p2b: Ting-Lu|Ruination|p1b: Pelipper|[miss]\n|-miss|p2b: Ting-Lu|p1b: Pelipper\n|\n|-weather|RainDance|[upkeep]\n|upkeep\n|turn|4\n|inactive|Elvegis1 has 30 seconds left.\n|\n|t:|1736548768\n|move|p2a: Incineroar|Fake Out|p1a: Zamazenta\n|-resisted|p1a: Zamazenta\n|-damage|p1a: Zamazenta|40\/100\n|cant|p1a: Zamazenta|flinch\n|move|p1b: Pelipper|Hurricane|p2a: Incineroar\n|-damage|p2a: Incineroar|44\/100\n|-enditem|p2a: Incineroar|Sitrus Berry|[eat]\n|-heal|p2a: Incineroar|69\/100|[from] item: Sitrus Berry\n|move|p2b: Ting-Lu|Ruination|p1b: Pelipper\n|-damage|p1b: Pelipper|51\/100\n|\n|-weather|RainDance|[upkeep]\n|upkeep\n|turn|5\n|j| judang\n|inactive|Zeropoke7310 has 30 seconds left.\n|\n|t:|1736548796\n|switch|p2a: Amoonguss|Amoonguss, L50, M|100\/100\n|move|p1a: Zamazenta|Body Press|p2b: Ting-Lu\n|-resisted|p2b: Ting-Lu\n|-damage|p2b: Ting-Lu|30\/100\n|move|p1b: Pelipper|Weather Ball|p2b: Ting-Lu\n|-damage|p2b: Ting-Lu|0 fnt\n|faint|p2b: Ting-Lu\n|\n|-weather|none\n|upkeep\n|\n|t:|1736548808\n|switch|p2b: Kyogre|Kyogre, L50|100\/100\n|-weather|RainDance|[from] ability: Drizzle|[of] p2b: Kyogre\n|turn|6\n|\n|t:|1736548822\n|-terastallize|p1a: Zamazenta|Grass\n|move|p1a: Zamazenta|Body Press|p2b: Kyogre\n|-damage|p2b: Kyogre|41\/100\n|move|p2b: Kyogre|Ice Beam|p1b: Pelipper\n|-damage|p1b: Pelipper|6\/100\n|move|p1b: Pelipper|Hurricane|p2a: Amoonguss\n|-supereffective|p2a: Amoonguss\n|-damage|p2a: Amoonguss|16\/100\n|move|p2a: Amoonguss|Spore|p1a: Zamazenta\n|-immune|p1a: Zamazenta\n|\n|-weather|RainDance|[upkeep]\n|-heal|p2b: Kyogre|47\/100|[from] item: Leftovers\n|upkeep\n|turn|7\n|j| ideaE\n|inactive|Zeropoke7310 has 30 seconds left.\n|\n|t:|1736548853\n|move|p2b: Kyogre|Protect|p2b: Kyogre\n|-singleturn|p2b: Kyogre|Protect\n|move|p1a: Zamazenta|Body Press|p2b: Kyogre\n|-activate|p2b: Kyogre|move: Protect\n|move|p1b: Pelipper|Hurricane|p2a: Amoonguss\n|-supereffective|p2a: Amoonguss\n|-damage|p2a: Amoonguss|0 fnt\n|faint|p2a: Amoonguss\n|\n|-weather|RainDance|[upkeep]\n|-heal|p2b: Kyogre|53\/100|[from] item: Leftovers\n|upkeep\n|\n|t:|1736548857\n|switch|p2a: Incineroar|Incineroar, L50, F|69\/100\n|-ability|p2a: Incineroar|Intimidate|boost\n|-unboost|p1a: Zamazenta|atk|1\n|-unboost|p1b: Pelipper|atk|1\n|turn|8\n|\n|t:|1736548871\n|move|p1a: Zamazenta|Protect|p1a: Zamazenta\n|-singleturn|p1a: Zamazenta|Protect\n|move|p2a: Incineroar|Fake Out|p1a: Zamazenta\n|-activate|p1a: Zamazenta|move: Protect\n|move|p2b: Kyogre|Water Spout|p1b: Pelipper|[spread] p1b\n|-activate|p1a: Zamazenta|move: Protect\n|-resisted|p1b: Pelipper\n|-damage|p1b: Pelipper|0 fnt\n|faint|p1b: Pelipper\n|\n|-weather|RainDance|[upkeep]\n|-heal|p2b: Kyogre|59\/100|[from] item: Leftovers\n|upkeep\n|\n|t:|1736548886\n|switch|p1b: Urshifu|Urshifu-Rapid-Strike, L50, F|100\/100\n|-damage|p1b: Urshifu|95\/100|[from] Stealth Rock\n|turn|9\n|\n|t:|1736548893\n|move|p1b: Urshifu|Surging Strikes|p2a: Incineroar\n|-supereffective|p2a: Incineroar\n|-crit|p2a: Incineroar\n|-damage|p2a: Incineroar|6\/100\n|-supereffective|p2a: Incineroar\n|-crit|p2a: Incineroar\n|-damage|p2a: Incineroar|0 fnt\n|faint|p2a: Incineroar\n|-hitcount|p2: Incineroar|2\n|move|p1a: Zamazenta|Body Press|p2b: Kyogre\n|-damage|p2b: Kyogre|0 fnt\n|faint|p2b: Kyogre\n|\n|win|Zeropoke7310\n|raw|Zeropoke7310's rating: 1635 &rarr; <strong>1653<\/strong><br \/>(+18 for winning)\n|raw|Elvegis1's rating: 1602 &rarr; <strong>1584<\/strong><br \/>(-18 for losing)\n|l|\u2606Elvegis1\n|player|p2|\n|l|\u2606Zeropoke7310\n|player|p1|\n|l| ideaE\n","uploadtime":1736549035,"views":173,"formatid":"gen9vgc2025regg","rating":1584,"private":0,"password":null}