{"id":"gen9vgc2025regg-2278172195","format":"[Gen 9] VGC 2025 Reg G","players":["FunkyPengu1n","sheepie_sheep1"],"log":"|j|\u203dFunkyPengu1n\n|j|\u2606sheepie_sheep1\n|t:|1736464039\n|gametype|doubles\n|player|p1|FunkyPengu1n|266|1531\n|player|p2|sheepie_sheep1|scientist-gen4dp|1572\n|teamsize|p1|6\n|teamsize|p2|6\n|gen|9\n|tier|[Gen 9] VGC 2025 Reg G\n|rated|\n|rule|Species Clause: Limit one of each Pok\u00e9mon\n|rule|Item Clause: Limit 1 of each item\n|clearpoke\n|poke|p1|Calyrex-Shadow, L50|\n|poke|p1|Rillaboom, L50, M|\n|poke|p1|Urshifu-*, L50, M|\n|poke|p1|Incineroar, L50, F|\n|poke|p1|Amoonguss, L50, M|\n|poke|p1|Tornadus, L50, M|\n|poke|p2|Zacian-*, L50|\n|poke|p2|Tornadus, L50, M|\n|poke|p2|Urshifu-*, L50, F|\n|poke|p2|Ogerpon, L50, F|\n|poke|p2|Incineroar, L50, F|\n|poke|p2|Chien-Pao, L50|\n|teampreview|4\n|inactive|Battle timer is ON: inactive players will automatically lose when time's up. (requested by FunkyPengu1n)\n|\n|t:|1736464064\n|start\n|switch|p1a: Calyrex|Calyrex-Shadow, L50|100\/100\n|switch|p1b: Incineroar|Incineroar, L50, F|100\/100\n|switch|p2a: Tornadus|Tornadus, L50, M|100\/100\n|switch|p2b: Ogerpon|Ogerpon, L50, F|100\/100\n|-ability|p1a: Calyrex|As One\n|-ability|p1a: Calyrex|Unnerve\n|-ability|p1b: Incineroar|Intimidate|boost\n|-unboost|p2a: Tornadus|atk|1\n|-unboost|p2b: Ogerpon|atk|1\n|-ability|p2b: Ogerpon|Defiant|boost\n|-boost|p2b: Ogerpon|atk|2\n|turn|1\n|\n|t:|1736464071\n|move|p2b: Ogerpon|Spiky Shield|p2b: Ogerpon\n|-singleturn|p2b: Ogerpon|move: Protect\n|move|p1b: Incineroar|Fake Out|p2b: Ogerpon\n|-activate|p2b: Ogerpon|move: Protect\n|-damage|p1b: Incineroar|88\/100|[from] Spiky Shield|[of] p2b: Ogerpon\n|move|p2a: Tornadus|Taunt|p1a: Calyrex\n|-start|p1a: Calyrex|move: Taunt\n|cant|p1a: Calyrex|move: Taunt|Nasty Plot\n|\n|upkeep\n|turn|2\n|\n|t:|1736464091\n|switch|p1a: Rillaboom|Rillaboom, L50, M|100\/100\n|-fieldstart|move: Grassy Terrain|[from] ability: Grassy Surge|[of] p1a: Rillaboom\n|move|p2a: Tornadus|Tailwind|p2a: Tornadus\n|-sidestart|p2: sheepie_sheep1|move: Tailwind\n|move|p2b: Ogerpon|Ivy Cudgel|p1a: Rillaboom\n|-resisted|p1a: Rillaboom\n|-damage|p1a: Rillaboom|58\/100\n|move|p1b: Incineroar|Will-O-Wisp|p2b: Ogerpon\n|-status|p2b: Ogerpon|brn\n|\n|-heal|p1a: Rillaboom|64\/100|[from] Grassy Terrain\n|-heal|p1b: Incineroar|94\/100|[from] Grassy Terrain\n|-damage|p2b: Ogerpon|95\/100 brn|[from] brn\n|upkeep\n|turn|3\n|j| darkrinorex\n|\n|t:|1736464114\n|move|p2a: Tornadus|Bleakwind Storm|p1a: Rillaboom|[spread] \n|-miss|p2a: Tornadus|p1a: Rillaboom\n|-miss|p2a: Tornadus|p1b: Incineroar\n|move|p2b: Ogerpon|Ivy Cudgel|p1b: Incineroar\n|-resisted|p1b: Incineroar\n|-damage|p1b: Incineroar|76\/100\n|move|p1a: Rillaboom|U-turn|p2b: Ogerpon\n|-supereffective|p2b: Ogerpon\n|-damage|p2b: Ogerpon|35\/100 brn\n|\n|t:|1736464126\n|switch|p1a: Calyrex|Calyrex-Shadow, L50|100\/100|[from] U-turn\n|-ability|p1a: Calyrex|As One\n|-ability|p1a: Calyrex|Unnerve\n|move|p1b: Incineroar|Knock Off|p2a: Tornadus\n|-damage|p2a: Tornadus|48\/100\n|-enditem|p2a: Tornadus|Covert Cloak|[from] move: Knock Off|[of] p1b: Incineroar\n|\n|-heal|p2b: Ogerpon|40\/100 brn|[from] Grassy Terrain\n|-heal|p1b: Incineroar|82\/100|[from] Grassy Terrain\n|-damage|p2b: Ogerpon|35\/100 brn|[from] brn\n|upkeep\n|turn|4\n|\n|t:|1736464139\n|move|p1a: Calyrex|Protect|p1a: Calyrex\n|-singleturn|p1a: Calyrex|Protect\n|move|p2a: Tornadus|Bleakwind Storm|p1b: Incineroar|[spread] p1b\n|-activate|p1a: Calyrex|move: Protect\n|-damage|p1b: Incineroar|48\/100\n|-unboost|p1b: Incineroar|spe|1\n|move|p2b: Ogerpon|Ivy Cudgel|p1a: Calyrex\n|-activate|p1a: Calyrex|move: Protect\n|move|p1b: Incineroar|Parting Shot|p2a: Tornadus\n|-unboost|p2a: Tornadus|atk|1\n|-unboost|p2a: Tornadus|spa|1\n|\n|t:|1736464152\n|switch|p1b: Rillaboom|Rillaboom, L50, M|64\/100|[from] Parting Shot\n|\n|-heal|p2b: Ogerpon|40\/100 brn|[from] Grassy Terrain\n|-heal|p1b: Rillaboom|70\/100|[from] Grassy Terrain\n|-damage|p2b: Ogerpon|35\/100 brn|[from] brn\n|upkeep\n|turn|5\n|\n|t:|1736464156\n|move|p2b: Ogerpon|Spiky Shield|p2b: Ogerpon\n|-singleturn|p2b: Ogerpon|move: Protect\n|move|p1b: Rillaboom|Fake Out|p2a: Tornadus\n|-damage|p2a: Tornadus|28\/100\n|cant|p2a: Tornadus|flinch\n|move|p1a: Calyrex|Astral Barrage|p2b: Ogerpon|[spread] p2a\n|-activate|p2b: Ogerpon|move: Protect\n|-damage|p2a: Tornadus|0 fnt\n|faint|p2a: Tornadus\n|-ability|p1a: Calyrex|Grim Neigh|boost\n|-boost|p1a: Calyrex|spa|1\n|\n|-heal|p2b: Ogerpon|40\/100 brn|[from] Grassy Terrain\n|-heal|p1b: Rillaboom|76\/100|[from] Grassy Terrain\n|-damage|p2b: Ogerpon|35\/100 brn|[from] brn\n|-sideend|p2: sheepie_sheep1|move: Tailwind\n|upkeep\n|\n|t:|1736464165\n|switch|p2a: Chien-Pao|Chien-Pao, L50|100\/100\n|-ability|p2a: Chien-Pao|Sword of Ruin\n|turn|6\n|\n|t:|1736464180\n|-terastallize|p1a: Calyrex|Fairy\n|-terastallize|p2b: Ogerpon|Grass\n|detailschange|p2b: Ogerpon|Ogerpon-Teal-Tera, L50, F, tera:Grass\n|-ability|p2b: Ogerpon|Embody Aspect (Teal)|boost\n|-boost|p2b: Ogerpon|spe|1\n|move|p2a: Chien-Pao|Sucker Punch|p1a: Calyrex\n|-resisted|p1a: Calyrex\n|-damage|p1a: Calyrex|80\/100\n|move|p2b: Ogerpon|Ivy Cudgel|p1a: Calyrex\n|-damage|p1a: Calyrex|0 fnt\n|faint|p1a: Calyrex\n|move|p1b: Rillaboom|U-turn|p2a: Chien-Pao\n|-supereffective|p2a: Chien-Pao\n|-damage|p2a: Chien-Pao|30\/100\n|\n|t:|1736464194\n|switch|p1b: Incineroar|Incineroar, L50, F|48\/100|[from] U-turn\n|-ability|p1b: Incineroar|Intimidate|boost\n|-unboost|p2a: Chien-Pao|atk|1\n|-unboost|p2b: Ogerpon|atk|1\n|\n|-heal|p2b: Ogerpon|40\/100 brn|[from] Grassy Terrain\n|-heal|p2a: Chien-Pao|35\/100|[from] Grassy Terrain\n|-heal|p1b: Incineroar|53\/100|[from] Grassy Terrain\n|-damage|p2b: Ogerpon|35\/100 brn|[from] brn\n|-fieldend|move: Grassy Terrain\n|upkeep\n|\n|t:|1736464196\n|switch|p1a: Rillaboom|Rillaboom, L50, M|76\/100\n|-fieldstart|move: Grassy Terrain|[from] ability: Grassy Surge|[of] p1a: Rillaboom\n|turn|7\n|j| Kaiju Krush\n|\n|t:|1736464206\n|move|p2b: Ogerpon|Spiky Shield|p2b: Ogerpon\n|-singleturn|p2b: Ogerpon|move: Protect\n|move|p2a: Chien-Pao|Protect|p2a: Chien-Pao\n|-singleturn|p2a: Chien-Pao|Protect\n|move|p1a: Rillaboom|Grassy Glide|p2a: Chien-Pao\n|-activate|p2a: Chien-Pao|move: Protect\n|move|p1b: Incineroar|Knock Off|p2b: Ogerpon\n|-activate|p2b: Ogerpon|move: Protect\n|-damage|p1b: Incineroar|41\/100|[from] Spiky Shield|[of] p2b: Ogerpon\n|\n|-heal|p2b: Ogerpon|40\/100 brn|[from] Grassy Terrain\n|-heal|p2a: Chien-Pao|41\/100|[from] Grassy Terrain\n|-heal|p1a: Rillaboom|82\/100|[from] Grassy Terrain\n|-heal|p1b: Incineroar|47\/100|[from] Grassy Terrain\n|-damage|p2b: Ogerpon|35\/100 brn|[from] brn\n|upkeep\n|turn|8\n|\n|t:|1736464215\n|move|p2b: Ogerpon|Follow Me|p2b: Ogerpon\n|-singleturn|p2b: Ogerpon|move: Follow Me\n|move|p1a: Rillaboom|Grassy Glide|p2b: Ogerpon\n|-resisted|p2b: Ogerpon\n|-crit|p2b: Ogerpon\n|-damage|p2b: Ogerpon|0 fnt\n|faint|p2b: Ogerpon\n|move|p2a: Chien-Pao|Ice Spinner|p1a: Rillaboom\n|-supereffective|p1a: Rillaboom\n|-damage|p1a: Rillaboom|20\/100\n|-fieldend|move: Grassy Terrain\n|move|p1b: Incineroar|Knock Off|p2a: Chien-Pao\n|-resisted|p2a: Chien-Pao\n|-damage|p2a: Chien-Pao|14\/100\n|-enditem|p2a: Chien-Pao|Focus Sash|[from] move: Knock Off|[of] p1b: Incineroar\n|\n|upkeep\n|\n|t:|1736464223\n|switch|p2b: Zacian|Zacian-Crowned, L50|100\/100\n|-ability|p2b: Zacian|Intrepid Sword|boost\n|-boost|p2b: Zacian|atk|1\n|turn|9\n|\n|t:|1736464232\n|switch|p1a: Urshifu|Urshifu-Rapid-Strike, L50, M|100\/100\n|move|p2b: Zacian|Sacred Sword|p1b: Incineroar\n|-supereffective|p1b: Incineroar\n|-damage|p1b: Incineroar|0 fnt\n|faint|p1b: Incineroar\n|move|p2a: Chien-Pao|Ice Spinner|p1a: Urshifu\n|-resisted|p1a: Urshifu\n|-damage|p1a: Urshifu|83\/100\n|\n|upkeep\n|\n|t:|1736464238\n|switch|p1b: Rillaboom|Rillaboom, L50, M|20\/100\n|-fieldstart|move: Grassy Terrain|[from] ability: Grassy Surge|[of] p1b: Rillaboom\n|turn|10\n|\n|t:|1736464250\n|move|p1b: Rillaboom|Fake Out|p2b: Zacian\n|-resisted|p2b: Zacian\n|-damage|p2b: Zacian|93\/100\n|move|p1a: Urshifu|Aqua Jet|p2a: Chien-Pao\n|-damage|p2a: Chien-Pao|0 fnt\n|faint|p2a: Chien-Pao\n|cant|p2b: Zacian|flinch\n|\n|-heal|p2b: Zacian|99\/100|[from] Grassy Terrain\n|-heal|p1a: Urshifu|88\/100|[from] Grassy Terrain\n|-heal|p1b: Rillaboom|26\/100|[from] Grassy Terrain\n|upkeep\n|turn|11\n|\n|t:|1736464268\n|move|p1a: Urshifu|Protect|p1a: Urshifu\n|-singleturn|p1a: Urshifu|Protect\n|move|p2b: Zacian|Behemoth Blade|p1b: Rillaboom\n|-damage|p1b: Rillaboom|0 fnt\n|faint|p1b: Rillaboom\n|\n|-heal|p2b: Zacian|100\/100|[from] Grassy Terrain\n|-heal|p1a: Urshifu|94\/100|[from] Grassy Terrain\n|upkeep\n|turn|12\n|\n|t:|1736464278\n|move|p2b: Zacian|Play Rough|p1a: Urshifu|[miss]\n|-miss|p2b: Zacian|p1a: Urshifu\n|move|p1a: Urshifu|Surging Strikes|p2b: Zacian\n|-crit|p2b: Zacian\n|-damage|p2b: Zacian|79\/100\n|-crit|p2b: Zacian\n|-damage|p2b: Zacian|59\/100\n|-crit|p2b: Zacian\n|-damage|p2b: Zacian|40\/100\n|-hitcount|p2b: Zacian|3\n|\n|-heal|p2b: Zacian|46\/100|[from] Grassy Terrain\n|-heal|p1a: Urshifu|99\/100|[from] Grassy Terrain\n|upkeep\n|turn|13\n|c|\u2606sheepie_sheep1|...\n|\n|t:|1736464285\n|move|p1a: Urshifu|Protect|p1a: Urshifu\n|-singleturn|p1a: Urshifu|Protect\n|move|p2b: Zacian|Play Rough|p1a: Urshifu\n|-activate|p1a: Urshifu|move: Protect\n|\n|-heal|p2b: Zacian|52\/100|[from] Grassy Terrain\n|-heal|p1a: Urshifu|100\/100|[from] Grassy Terrain\n|upkeep\n|turn|14\n|\n|t:|1736464289\n|move|p2b: Zacian|Play Rough|p1a: Urshifu\n|-supereffective|p1a: Urshifu\n|-enditem|p1a: Urshifu|Focus Sash\n|-damage|p1a: Urshifu|1\/100\n|move|p1a: Urshifu|Surging Strikes|p2b: Zacian\n|-crit|p2b: Zacian\n|-damage|p2b: Zacian|32\/100\n|-crit|p2b: Zacian\n|-damage|p2b: Zacian|12\/100\n|-crit|p2b: Zacian\n|-damage|p2b: Zacian|0 fnt\n|faint|p2b: Zacian\n|-hitcount|p2: Zacian|3\n|\n|win|FunkyPengu1n\n|raw|FunkyPengu1n's rating: 1531 &rarr; <strong>1553<\/strong><br \/>(+22 for winning)\n|raw|sheepie_sheep1's rating: 1572 &rarr; <strong>1550<\/strong><br \/>(-22 for losing)\n|c|\u2606sheepie_sheep1|ggwp\n|l|\u2606sheepie_sheep1\n|player|p2|\n|l|\u203dFunkyPengu1n\n|player|p1|\n|l| Kaiju Krush\n","uploadtime":1736464556,"views":244,"formatid":"gen9vgc2025regg","rating":1550,"private":0,"password":null}