{"id":"gen9vgc2025regg-2278886520","format":"[Gen 9] VGC 2025 Reg G","players":["Read Book","Elvegis1"],"log":"|j|\u2606Read Book\n|j|\u2606Elvegis1\n|t:|1736561172\n|gametype|doubles\n|player|p1|Read Book|1|1532\n|player|p2|Elvegis1|lucas|1560\n|teamsize|p1|6\n|teamsize|p2|6\n|gen|9\n|tier|[Gen 9] VGC 2025 Reg G\n|rated|\n|rule|Species Clause: Limit one of each Pok\u00e9mon\n|rule|Item Clause: Limit 1 of each item\n|clearpoke\n|poke|p1|Rillaboom, L50, F|\n|poke|p1|Incineroar, L50, M|\n|poke|p1|Flutter Mane, L50|\n|poke|p1|Urshifu-*, L50, F|\n|poke|p1|Terapagos, L50, M|\n|poke|p1|Chien-Pao, L50|\n|poke|p2|Incineroar, L50, M|\n|poke|p2|Amoonguss, L50, M|\n|poke|p2|Grimmsnarl, L50, M|\n|poke|p2|Okidogi, L50, M|\n|poke|p2|Tornadus, L50, M|\n|poke|p2|Kyogre, L50|\n|teampreview|4\n|inactive|Battle timer is ON: inactive players will automatically lose when time's up. (requested by Read Book)\n|\n|t:|1736561202\n|start\n|switch|p1a: Flutter Mane|Flutter Mane, L50, shiny|100\/100\n|switch|p1b: Incineroar|Incineroar, L50, M, shiny|100\/100\n|switch|p2a: Okidogi|Okidogi, L50, M|100\/100\n|switch|p2b: Grimmsnarl|Grimmsnarl, L50, M|100\/100\n|-ability|p1b: Incineroar|Intimidate|boost\n|-ability|p2a: Okidogi|Guard Dog|boost\n|-boost|p2a: Okidogi|atk|1\n|-unboost|p2b: Grimmsnarl|atk|1\n|-enditem|p1a: Flutter Mane|Booster Energy\n|-activate|p1a: Flutter Mane|ability: Protosynthesis|[fromitem]\n|-start|p1a: Flutter Mane|protosynthesisspe\n|turn|1\n|\n|t:|1736561220\n|switch|p2b: Amoonguss|Amoonguss, L50, M|100\/100\n|move|p1a: Flutter Mane|Icy Wind|p2b: Amoonguss|[spread] p2a,p2b\n|-supereffective|p2b: Amoonguss\n|-damage|p2a: Okidogi|92\/100\n|-damage|p2b: Amoonguss|76\/100\n|-unboost|p2a: Okidogi|spe|1\n|-unboost|p2b: Amoonguss|spe|1\n|move|p1b: Incineroar|Will-O-Wisp|p2a: Okidogi\n|-status|p2a: Okidogi|brn\n|move|p2a: Okidogi|Poison Jab|p1a: Flutter Mane\n|-damage|p1a: Flutter Mane|57\/100\n|-status|p1a: Flutter Mane|psn\n|\n|-damage|p1a: Flutter Mane|45\/100 psn|[from] psn\n|-damage|p2a: Okidogi|86\/100 brn|[from] brn\n|upkeep\n|turn|2\n|\n|t:|1736561241\n|move|p2b: Amoonguss|Protect|p2b: Amoonguss\n|-singleturn|p2b: Amoonguss|Protect\n|move|p1a: Flutter Mane|Moonblast|p2a: Okidogi\n|-damage|p2a: Okidogi|53\/100 brn\n|move|p1b: Incineroar|Knock Off|p2b: Amoonguss\n|-activate|p2b: Amoonguss|move: Protect\n|move|p2a: Okidogi|Drain Punch|p1b: Incineroar\n|-supereffective|p1b: Incineroar\n|-damage|p1b: Incineroar|60\/100\n|-heal|p2a: Okidogi|74\/100 brn|[from] drain|[of] p1b: Incineroar\n|-damage|p2a: Okidogi|58\/100 brn|[from] item: Rocky Helmet|[of] p1b: Incineroar\n|\n|-damage|p1a: Flutter Mane|33\/100 psn|[from] psn\n|-damage|p2a: Okidogi|52\/100 brn|[from] brn\n|upkeep\n|turn|3\n|\n|t:|1736561265\n|switch|p2b: Grimmsnarl|Grimmsnarl, L50, M|100\/100\n|move|p1a: Flutter Mane|Thunder Wave|p2b: Grimmsnarl\n|-status|p2b: Grimmsnarl|par\n|move|p1b: Incineroar|Knock Off|p2b: Grimmsnarl\n|-resisted|p2b: Grimmsnarl\n|-damage|p2b: Grimmsnarl|91\/100 par\n|-enditem|p2b: Grimmsnarl|Light Clay|[from] move: Knock Off|[of] p1b: Incineroar\n|move|p2a: Okidogi|Poison Jab|p1a: Flutter Mane\n|-crit|p1a: Flutter Mane\n|-damage|p1a: Flutter Mane|0 fnt\n|faint|p1a: Flutter Mane\n|-end|p1a: Flutter Mane|Protosynthesis|[silent]\n|\n|-damage|p2a: Okidogi|47\/100 brn|[from] brn\n|upkeep\n|\n|t:|1736561281\n|switch|p1a: Terapagos|Terapagos, L50, M|100\/100\n|-activate|p1a: Terapagos|ability: Tera Shift\n|detailschange|p1a: Terapagos|Terapagos-Terastal, L50, M\n|-heal|p1a: Terapagos|100\/100|[silent]\n|turn|4\n|\n|t:|1736561292\n|move|p2b: Grimmsnarl|Thunder Wave|p1a: Terapagos|[miss]\n|-miss|p2b: Grimmsnarl|p1a: Terapagos\n|move|p1a: Terapagos|Calm Mind|p1a: Terapagos\n|-boost|p1a: Terapagos|spa|1\n|-boost|p1a: Terapagos|spd|1\n|move|p1b: Incineroar|Knock Off|p2a: Okidogi\n|-resisted|p2a: Okidogi\n|-damage|p2a: Okidogi|30\/100 brn\n|-enditem|p2a: Okidogi|Assault Vest|[from] move: Knock Off|[of] p1b: Incineroar\n|move|p2a: Okidogi|Drain Punch|p1b: Incineroar\n|-supereffective|p1b: Incineroar\n|-damage|p1b: Incineroar|13\/100\n|-heal|p2a: Okidogi|54\/100 brn|[from] drain|[of] p1b: Incineroar\n|-damage|p2a: Okidogi|38\/100 brn|[from] item: Rocky Helmet|[of] p1b: Incineroar\n|\n|-damage|p2a: Okidogi|32\/100 brn|[from] brn\n|upkeep\n|turn|5\n|\n|t:|1736561312\n|move|p1a: Terapagos|Protect|p1a: Terapagos\n|-singleturn|p1a: Terapagos|Protect\n|move|p2b: Grimmsnarl|Thunder Wave|p1a: Terapagos\n|-activate|p1a: Terapagos|move: Protect\n|move|p1b: Incineroar|Parting Shot|p2a: Okidogi\n|-unboost|p2a: Okidogi|atk|1\n|-unboost|p2a: Okidogi|spa|1\n|\n|t:|1736561320\n|switch|p1b: Rillaboom|Rillaboom, L50, F, shiny|100\/100|[from] Parting Shot\n|-fieldstart|move: Grassy Terrain|[from] ability: Grassy Surge|[of] p1b: Rillaboom\n|move|p2a: Okidogi|Poison Jab|p1b: Rillaboom\n|-supereffective|p1b: Rillaboom\n|-damage|p1b: Rillaboom|64\/100\n|-status|p1b: Rillaboom|psn\n|\n|-heal|p1b: Rillaboom|70\/100 psn|[from] Grassy Terrain\n|-heal|p2a: Okidogi|38\/100 brn|[from] Grassy Terrain\n|-heal|p2b: Grimmsnarl|97\/100 par|[from] Grassy Terrain\n|-damage|p1b: Rillaboom|58\/100 psn|[from] psn\n|-damage|p2a: Okidogi|32\/100 brn|[from] brn\n|upkeep\n|turn|6\n|\n|t:|1736561336\n|-terastallize|p1a: Terapagos|Stellar\n|detailschange|p1a: Terapagos|Terapagos-Stellar, L50, M, tera:Stellar\n|-heal|p1a: Terapagos|100\/100|[silent]\n|-ability|p1a: Terapagos|Teraform Zero\n|-fieldend|move: Grassy Terrain\n|move|p1b: Rillaboom|Fake Out|p2b: Grimmsnarl\n|-damage|p2b: Grimmsnarl|83\/100 par\n|cant|p2b: Grimmsnarl|flinch\n|move|p1a: Terapagos|Tera Starstorm|p2b: Grimmsnarl|[spread] p2a,p2b\n|-damage|p2a: Okidogi|0 fnt\n|-damage|p2b: Grimmsnarl|30\/100 par\n|faint|p2a: Okidogi\n|\n|-damage|p1b: Rillaboom|46\/100 psn|[from] psn\n|upkeep\n|\n|t:|1736561357\n|switch|p2a: Kyogre|Kyogre, L50|100\/100\n|-weather|RainDance|[from] ability: Drizzle|[of] p2a: Kyogre\n|turn|7\n|\n|t:|1736561371\n|switch|p1b: Incineroar|Incineroar, L50, M, shiny|13\/100\n|-ability|p1b: Incineroar|Intimidate|boost\n|-unboost|p2a: Kyogre|atk|1\n|-unboost|p2b: Grimmsnarl|atk|1\n|move|p1a: Terapagos|Protect|p1a: Terapagos\n|-singleturn|p1a: Terapagos|Protect\n|move|p2b: Grimmsnarl|Thunder Wave|p1a: Terapagos\n|-activate|p1a: Terapagos|move: Protect\n|move|p2a: Kyogre|Ice Beam|p1b: Incineroar\n|-resisted|p1b: Incineroar\n|-damage|p1b: Incineroar|0 fnt\n|faint|p1b: Incineroar\n|\n|-weather|RainDance|[upkeep]\n|upkeep\n|\n|t:|1736561384\n|switch|p1b: Rillaboom|Rillaboom, L50, F, shiny|46\/100 psn\n|-fieldstart|move: Grassy Terrain|[from] ability: Grassy Surge|[of] p1b: Rillaboom\n|turn|8\n|\n|t:|1736561392\n|-terastallize|p2a: Kyogre|Grass\n|move|p1b: Rillaboom|Fake Out|p2a: Kyogre\n|-damage|p2a: Kyogre|87\/100\n|move|p2b: Grimmsnarl|Thunder Wave|p1a: Terapagos\n|-status|p1a: Terapagos|par\n|cant|p2a: Kyogre|flinch\n|move|p1a: Terapagos|Tera Starstorm|p2a: Kyogre|[spread] p2a,p2b\n|-supereffective|p2a: Kyogre\n|-damage|p2a: Kyogre|10\/100\n|-damage|p2b: Grimmsnarl|0 fnt\n|faint|p2b: Grimmsnarl\n|\n|-weather|RainDance|[upkeep]\n|-heal|p2a: Kyogre|16\/100|[from] Grassy Terrain\n|-heal|p2a: Kyogre|22\/100|[from] item: Leftovers\n|-heal|p1b: Rillaboom|52\/100 psn|[from] Grassy Terrain\n|-damage|p1b: Rillaboom|40\/100 psn|[from] psn\n|upkeep\n|\n|t:|1736561404\n|switch|p2b: Amoonguss|Amoonguss, L50, M|100\/100\n|turn|9\n|\n|t:|1736561414\n|move|p2a: Kyogre|Protect|p2a: Kyogre\n|-singleturn|p2a: Kyogre|Protect\n|move|p1b: Rillaboom|U-turn|p2a: Kyogre\n|-activate|p2a: Kyogre|move: Protect\n|move|p1a: Terapagos|Tera Starstorm|p2a: Kyogre|[spread] p2b\n|-activate|p2a: Kyogre|move: Protect\n|-damage|p2b: Amoonguss|47\/100\n|move|p2b: Amoonguss|Pollen Puff|p1b: Rillaboom\n|-supereffective|p1b: Rillaboom\n|-damage|p1b: Rillaboom|13\/100 psn\n|\n|-weather|RainDance|[upkeep]\n|-heal|p2a: Kyogre|28\/100|[from] Grassy Terrain\n|-heal|p2a: Kyogre|34\/100|[from] item: Leftovers\n|-heal|p1b: Rillaboom|19\/100 psn|[from] Grassy Terrain\n|-heal|p2b: Amoonguss|53\/100|[from] Grassy Terrain\n|-damage|p1b: Rillaboom|7\/100 psn|[from] psn\n|upkeep\n|turn|10\n|\n|t:|1736561434\n|move|p1b: Rillaboom|Grassy Glide|p2a: Kyogre\n|-resisted|p2a: Kyogre\n|-damage|p2a: Kyogre|17\/100\n|move|p2a: Kyogre|Water Spout|p1b: Rillaboom|[spread] p1a,p1b\n|-resisted|p1b: Rillaboom\n|-crit|p1b: Rillaboom\n|-damage|p1a: Terapagos|94\/100 par\n|-damage|p1b: Rillaboom|0 fnt\n|faint|p1b: Rillaboom\n|move|p1a: Terapagos|Tera Starstorm|p2a: Kyogre|[spread] p2a,p2b\n|-supereffective|p2a: Kyogre\n|-damage|p2a: Kyogre|0 fnt\n|-damage|p2b: Amoonguss|0 fnt\n|faint|p2a: Kyogre\n|faint|p2b: Amoonguss\n|\n|win|Read Book\n|raw|Read Book's rating: 1532 &rarr; <strong>1554<\/strong><br \/>(+22 for winning)\n|raw|Elvegis1's rating: 1560 &rarr; <strong>1538<\/strong><br \/>(-22 for losing)\n|l|\u2606Elvegis1\n|player|p2|\n|l|\u2606Read Book\n|player|p1|\n","uploadtime":1736561632,"views":19,"formatid":"gen9vgc2025regg","rating":1538,"private":0,"password":null}