{"id":"gen9vgc2025regg-2278481457","format":"[Gen 9] VGC 2025 Reg G","players":["501JFW","Tester_SF02"],"log":"|j|\u203d501JFW\n|j|\u2606Tester_SF02\n|t:|1736514011\n|gametype|doubles\n|player|p1|501JFW|266|1597\n|player|p2|Tester_SF02|hiker-gen4|1635\n|teamsize|p1|6\n|teamsize|p2|6\n|gen|9\n|tier|[Gen 9] VGC 2025 Reg G\n|rated|\n|rule|Species Clause: Limit one of each Pok\u00e9mon\n|rule|Item Clause: Limit 1 of each item\n|clearpoke\n|poke|p1|Calyrex-Ice, L50|\n|poke|p1|Iron Valiant, L50|\n|poke|p1|Ogerpon-Cornerstone, L50, F|\n|poke|p1|Urshifu-*, L50, M|\n|poke|p1|Raging Bolt, L50|\n|poke|p1|Clefairy, L50, M|\n|poke|p2|Calyrex-Shadow, L50|\n|poke|p2|Maushold, L50|\n|poke|p2|Amoonguss, L50, M|\n|poke|p2|Urshifu-*, L50, F|\n|poke|p2|Incineroar, L50, M|\n|poke|p2|Tornadus, L50, M|\n|teampreview|4\n|inactive|Battle timer is ON: inactive players will automatically lose when time's up. (requested by 501JFW)\n|j| Nanshan\n|inactive|501JFW has 60 seconds left.\n|\n|t:|1736514058\n|start\n|switch|p1a: Calyrex|Calyrex-Ice, L50|100\/100\n|switch|p1b: Iron Valiant|Iron Valiant, L50, shiny|100\/100\n|switch|p2a: Maushold|Maushold, L50|100\/100\n|switch|p2b: Calyrex|Calyrex-Shadow, L50|100\/100\n|-ability|p2b: Calyrex|As One\n|-ability|p2b: Calyrex|Unnerve\n|-ability|p1a: Calyrex|As One\n|-ability|p1a: Calyrex|Unnerve\n|-enditem|p1b: Iron Valiant|Booster Energy\n|-activate|p1b: Iron Valiant|ability: Quark Drive|[fromitem]\n|-start|p1b: Iron Valiant|quarkdrivespe\n|turn|1\n|\n|t:|1736514072\n|-terastallize|p1a: Calyrex|Normal\n|move|p2a: Maushold|Feint|p1b: Iron Valiant\n|-damage|p1b: Iron Valiant|89\/100\n|move|p1b: Iron Valiant|Coaching|p1a: Calyrex\n|-boost|p1a: Calyrex|atk|1\n|-boost|p1a: Calyrex|def|1\n|move|p2b: Calyrex|Astral Barrage|p1a: Calyrex|[spread] p1b\n|-immune|p1a: Calyrex\n|-damage|p1b: Iron Valiant|0 fnt\n|faint|p1b: Iron Valiant\n|-end|p1b: Iron Valiant|Quark Drive|[silent]\n|-ability|p2b: Calyrex|Grim Neigh|boost\n|-boost|p2b: Calyrex|spa|1\n|-damage|p2b: Calyrex|91\/100|[from] item: Life Orb\n|move|p1a: Calyrex|Glacial Lance|p2b: Calyrex|[spread] p2a,p2b\n|-damage|p2a: Maushold|0 fnt\n|-damage|p2b: Calyrex|16\/100\n|faint|p2a: Maushold\n|-ability|p1a: Calyrex|Chilling Neigh|boost\n|-boost|p1a: Calyrex|atk|1\n|\n|upkeep\n|\n|t:|1736514088\n|switch|p1b: Raging Bolt|Raging Bolt, L50|100\/100\n|switch|p2a: Urshifu|Urshifu-Rapid-Strike, L50, F|100\/100\n|turn|2\n|\n|t:|1736514110\n|-terastallize|p2b: Calyrex|Ground\n|move|p1b: Raging Bolt|Thunderclap|p2a: Urshifu\n|-supereffective|p2a: Urshifu\n|-enditem|p2a: Urshifu|Focus Sash\n|-damage|p2a: Urshifu|1\/100\n|-damage|p1b: Raging Bolt|91\/100|[from] item: Life Orb\n|move|p2b: Calyrex|Tera Blast|p1a: Calyrex|[anim] Tera Blast Ground\n|-damage|p1a: Calyrex|35\/100\n|-damage|p2b: Calyrex|6\/100|[from] item: Life Orb\n|move|p2a: Urshifu|Close Combat|p1a: Calyrex\n|-supereffective|p1a: Calyrex\n|-damage|p1a: Calyrex|0 fnt\n|-unboost|p2a: Urshifu|def|1\n|-unboost|p2a: Urshifu|spd|1\n|faint|p1a: Calyrex\n|\n|upkeep\n|\n|t:|1736514116\n|switch|p1a: Ogerpon|Ogerpon-Cornerstone, L50, F|100\/100\n|turn|3\n|inactive|501JFW has 30 seconds left.\n|inactive|501JFW has 20 seconds left.\n|inactive|501JFW has 15 seconds left.\n|inactive|501JFW has 10 seconds left.\n|inactive|501JFW has 5 seconds left.\n|\n|t:|1736514171\n|move|p1b: Raging Bolt|Protect|p1b: Raging Bolt\n|-singleturn|p1b: Raging Bolt|Protect\n|move|p2a: Urshifu|Aqua Jet|p1a: Ogerpon\n|-damage|p1a: Ogerpon|74\/100\n|move|p2b: Calyrex|Astral Barrage|p1a: Ogerpon|[spread] p1a\n|-activate|p1b: Raging Bolt|move: Protect\n|-damage|p1a: Ogerpon|0 fnt\n|faint|p1a: Ogerpon\n|-ability|p2b: Calyrex|Grim Neigh|boost\n|-boost|p2b: Calyrex|spa|1\n|-damage|p2b: Calyrex|0 fnt|[from] item: Life Orb\n|faint|p2b: Calyrex\n|\n|upkeep\n|\n|t:|1736514173\n|switch|p2b: Incineroar|Incineroar, L50, M|100\/100\n|-ability|p2b: Incineroar|Intimidate|boost\n|-unboost|p1b: Raging Bolt|atk|1\n|turn|4\n|\n|t:|1736514187\n|move|p2b: Incineroar|Fake Out|p1b: Raging Bolt\n|-damage|p1b: Raging Bolt|82\/100\n|cant|p1b: Raging Bolt|flinch\n|move|p2a: Urshifu|Close Combat|p1b: Raging Bolt\n|-damage|p1b: Raging Bolt|25\/100\n|-unboost|p2a: Urshifu|def|1\n|-unboost|p2a: Urshifu|spd|1\n|\n|upkeep\n|turn|5\n|-message|501JFW forfeited.\n|\n|win|Tester_SF02\n|raw|501JFW's rating: 1597 &rarr; <strong>1579<\/strong><br \/>(-18 for losing)\n|raw|Tester_SF02's rating: 1635 &rarr; <strong>1653<\/strong><br \/>(+18 for winning)\n|l|\u203d501JFW\n|player|p1|\n|l|\u2606Tester_SF02\n|player|p2|\n|l| Nanshan\n","uploadtime":1736514431,"views":172,"formatid":"gen9vgc2025regg","rating":1579,"private":0,"password":null}