{"id":"gen9vgc2025regg-2278177891","format":"[Gen 9] VGC 2025 Reg G","players":["Elvegis1","Zeropoke7310"],"log":"|j|\u2606Elvegis1\n|j|\u2606Zeropoke7310\n|t:|1736464764\n|gametype|doubles\n|player|p1|Elvegis1|lucas|1616\n|player|p2|Zeropoke7310|1|1657\n|teamsize|p1|6\n|teamsize|p2|6\n|gen|9\n|tier|[Gen 9] VGC 2025 Reg G\n|rated|\n|rule|Species Clause: Limit one of each Pok\u00e9mon\n|rule|Item Clause: Limit 1 of each item\n|clearpoke\n|poke|p1|Incineroar, L50, F|\n|poke|p1|Amoonguss, L50, F|\n|poke|p1|Grimmsnarl, L50, M|\n|poke|p1|Urshifu-*, L50, M|\n|poke|p1|Tornadus, L50, M|\n|poke|p1|Kyogre, L50|\n|poke|p2|Zamazenta-*, L50|\n|poke|p2|Chien-Pao, L50|\n|poke|p2|Urshifu-*, L50, M|\n|poke|p2|Amoonguss, L50, F|\n|poke|p2|Rillaboom, L50, F|\n|poke|p2|Pelipper, L50, M|\n|teampreview|4\n|inactive|Battle timer is ON: inactive players will automatically lose when time's up. (requested by Elvegis1)\n|\n|t:|1736464793\n|start\n|switch|p1a: Incineroar|Incineroar, L50, F|100\/100\n|switch|p1b: Amoonguss|Amoonguss, L50, F|100\/100\n|switch|p2a: Zamazenta|Zamazenta-Crowned, L50, shiny|100\/100\n|switch|p2b: Chien-Pao|Chien-Pao, L50|100\/100\n|-ability|p2b: Chien-Pao|Sword of Ruin\n|-ability|p2a: Zamazenta|Dauntless Shield|boost\n|-boost|p2a: Zamazenta|def|1\n|-ability|p1a: Incineroar|Intimidate|boost\n|-unboost|p2a: Zamazenta|atk|1\n|-unboost|p2b: Chien-Pao|atk|1\n|turn|1\n|\n|t:|1736464814\n|-terastallize|p2a: Zamazenta|Grass\n|move|p2b: Chien-Pao|Protect|p2b: Chien-Pao\n|-singleturn|p2b: Chien-Pao|Protect\n|move|p1a: Incineroar|Fake Out|p2a: Zamazenta\n|-damage|p2a: Zamazenta|94\/100\n|cant|p2a: Zamazenta|flinch\n|move|p1b: Amoonguss|Spore|p2b: Chien-Pao\n|-activate|p2b: Chien-Pao|move: Protect\n|\n|upkeep\n|turn|2\n|j| maya hoppins\n|inactive|Elvegis1 has 30 seconds left.\n|\n|t:|1736464841\n|-terastallize|p1a: Incineroar|Ghost\n|move|p1b: Amoonguss|Protect|p1b: Amoonguss\n|-singleturn|p1b: Amoonguss|Protect\n|move|p2b: Chien-Pao|Icicle Crash|p1b: Amoonguss\n|-activate|p1b: Amoonguss|move: Protect\n|move|p2a: Zamazenta|Body Press|p1b: Amoonguss\n|-activate|p1b: Amoonguss|move: Protect\n|move|p1a: Incineroar|Parting Shot|p2b: Chien-Pao\n|-unboost|p2b: Chien-Pao|atk|1\n|-unboost|p2b: Chien-Pao|spa|1\n|\n|t:|1736464854\n|switch|p1a: Grimmsnarl|Grimmsnarl, L50, M|100\/100|[from] Parting Shot\n|\n|upkeep\n|turn|3\n|\n|t:|1736464866\n|switch|p2b: Amoonguss|Amoonguss, L50, F, shiny|100\/100\n|move|p1a: Grimmsnarl|Thunder Wave|p2a: Zamazenta\n|-status|p2a: Zamazenta|par\n|move|p2a: Zamazenta|Body Press|p1a: Grimmsnarl\n|-damage|p1a: Grimmsnarl|45\/100\n|move|p1b: Amoonguss|Spore|p2b: Amoonguss\n|-immune|p2b: Amoonguss\n|\n|upkeep\n|turn|4\n|j| iywsrh\n|\n|t:|1736464887\n|move|p1a: Grimmsnarl|Reflect|p1a: Grimmsnarl\n|-sidestart|p1: Elvegis1|Reflect\n|cant|p2a: Zamazenta|par\n|move|p1b: Amoonguss|Pollen Puff|p1a: Grimmsnarl\n|-heal|p1a: Grimmsnarl|95\/100\n|move|p2b: Amoonguss|Sludge Bomb|p1a: Grimmsnarl\n|-supereffective|p1a: Grimmsnarl\n|-damage|p1a: Grimmsnarl|43\/100\n|\n|upkeep\n|turn|5\n|\n|t:|1736464905\n|move|p1a: Grimmsnarl|Thunder Wave|p2b: Amoonguss\n|-status|p2b: Amoonguss|par\n|move|p2a: Zamazenta|Body Press|p1a: Grimmsnarl\n|-damage|p1a: Grimmsnarl|3\/100\n|move|p1b: Amoonguss|Pollen Puff|p1a: Grimmsnarl\n|-heal|p1a: Grimmsnarl|53\/100\n|move|p2b: Amoonguss|Spore|p1a: Grimmsnarl\n|-status|p1a: Grimmsnarl|slp|[from] move: Spore\n|\n|upkeep\n|turn|6\n|\n|t:|1736464926\n|cant|p1a: Grimmsnarl|slp\n|cant|p2a: Zamazenta|par\n|move|p1b: Amoonguss|Pollen Puff|p2a: Zamazenta\n|-supereffective|p2a: Zamazenta\n|-damage|p2a: Zamazenta|73\/100 par\n|move|p2b: Amoonguss|Sludge Bomb|p1a: Grimmsnarl\n|-supereffective|p1a: Grimmsnarl\n|-damage|p1a: Grimmsnarl|1\/100 slp\n|\n|upkeep\n|turn|7\n|l| iywsrh\n|\n|t:|1736464947\n|cant|p1a: Grimmsnarl|slp\n|move|p2a: Zamazenta|Body Press|p1a: Grimmsnarl\n|-damage|p1a: Grimmsnarl|0 fnt\n|faint|p1a: Grimmsnarl\n|move|p1b: Amoonguss|Pollen Puff|p2a: Zamazenta\n|-supereffective|p2a: Zamazenta\n|-damage|p2a: Zamazenta|52\/100 par\n|cant|p2b: Amoonguss|par\n|\n|upkeep\n|\n|t:|1736464958\n|switch|p1a: Kyogre|Kyogre, L50|100\/100\n|-weather|RainDance|[from] ability: Drizzle|[of] p1a: Kyogre\n|turn|8\n|\n|t:|1736464971\n|move|p1a: Kyogre|Protect|p1a: Kyogre\n|-singleturn|p1a: Kyogre|Protect\n|move|p2a: Zamazenta|Body Press|p1a: Kyogre\n|-activate|p1a: Kyogre|move: Protect\n|move|p1b: Amoonguss|Pollen Puff|p2a: Zamazenta\n|-supereffective|p2a: Zamazenta\n|-damage|p2a: Zamazenta|30\/100 par\n|cant|p2b: Amoonguss|par\n|\n|-weather|RainDance|[upkeep]\n|upkeep\n|turn|9\n|\n|t:|1736464994\n|move|p2a: Zamazenta|Wide Guard|p2a: Zamazenta\n|-singleturn|p2a: Zamazenta|Wide Guard\n|move|p1a: Kyogre|Water Spout|p2b: Amoonguss|[spread] \n|-activate|p2a: Zamazenta|move: Wide Guard\n|-activate|p2b: Amoonguss|move: Wide Guard\n|move|p1b: Amoonguss|Pollen Puff|p2a: Zamazenta\n|-supereffective|p2a: Zamazenta\n|-damage|p2a: Zamazenta|5\/100 par\n|move|p2b: Amoonguss|Spore|p1a: Kyogre\n|-status|p1a: Kyogre|slp|[from] move: Spore\n|\n|-weather|RainDance|[upkeep]\n|upkeep\n|turn|10\n|\n|t:|1736465015\n|cant|p1a: Kyogre|slp\n|move|p2a: Zamazenta|Body Press|p1a: Kyogre\n|-damage|p1a: Kyogre|64\/100 slp\n|move|p1b: Amoonguss|Pollen Puff|p2a: Zamazenta\n|-supereffective|p2a: Zamazenta\n|-damage|p2a: Zamazenta|0 fnt\n|faint|p2a: Zamazenta\n|move|p2b: Amoonguss|Sludge Bomb|p1a: Kyogre\n|-damage|p1a: Kyogre|44\/100 slp\n|\n|-weather|RainDance|[upkeep]\n|-heal|p1a: Kyogre|50\/100 slp|[from] item: Leftovers\n|upkeep\n|\n|t:|1736465034\n|switch|p2a: Chien-Pao|Chien-Pao, L50|100\/100\n|-ability|p2a: Chien-Pao|Sword of Ruin\n|turn|11\n|\n|t:|1736465044\n|switch|p1a: Incineroar|Incineroar, L50, F, tera:Ghost|100\/100\n|-ability|p1a: Incineroar|Intimidate|boost\n|-unboost|p2a: Chien-Pao|atk|1\n|-unboost|p2b: Amoonguss|atk|1\n|move|p2a: Chien-Pao|Icicle Crash|p1b: Amoonguss\n|-supereffective|p1b: Amoonguss\n|-damage|p1b: Amoonguss|59\/100\n|move|p1b: Amoonguss|Spore|p2a: Chien-Pao\n|-status|p2a: Chien-Pao|slp|[from] move: Spore\n|cant|p2b: Amoonguss|par\n|\n|-weather|RainDance|[upkeep]\n|-sideend|p1: Elvegis1|Reflect\n|upkeep\n|turn|12\n|\n|t:|1736465069\n|switch|p1a: Kyogre|Kyogre, L50|50\/100 slp\n|cant|p2a: Chien-Pao|slp\n|move|p1b: Amoonguss|Pollen Puff|p1a: Kyogre\n|-heal|p1a: Kyogre|99\/100 slp\n|move|p2b: Amoonguss|Sludge Bomb|p1a: Kyogre\n|-damage|p1a: Kyogre|81\/100 slp\n|\n|-weather|none\n|-heal|p1a: Kyogre|87\/100 slp|[from] item: Leftovers\n|upkeep\n|turn|13\n|\n|t:|1736465087\n|switch|p1b: Incineroar|Incineroar, L50, F, tera:Ghost|100\/100\n|-ability|p1b: Incineroar|Intimidate|boost\n|-unboost|p2a: Chien-Pao|atk|1\n|-unboost|p2b: Amoonguss|atk|1\n|cant|p2a: Chien-Pao|slp\n|cant|p1a: Kyogre|slp\n|move|p2b: Amoonguss|Sludge Bomb|p1b: Incineroar\n|-resisted|p1b: Incineroar\n|-crit|p1b: Incineroar\n|-damage|p1b: Incineroar|84\/100\n|\n|-heal|p1a: Kyogre|93\/100 slp|[from] item: Leftovers\n|upkeep\n|turn|14\n|\n|t:|1736465106\n|switch|p2a: Rillaboom|Rillaboom, L50, F|100\/100\n|-fieldstart|move: Grassy Terrain|[from] ability: Grassy Surge|[of] p2a: Rillaboom\n|-curestatus|p1a: Kyogre|slp|[msg]\n|move|p1a: Kyogre|Water Spout|p2a: Rillaboom|[spread] p2a,p2b\n|-resisted|p2a: Rillaboom\n|-resisted|p2b: Amoonguss\n|-damage|p2a: Rillaboom|80\/100\n|-damage|p2b: Amoonguss|78\/100 par\n|move|p1b: Incineroar|Flare Blitz|p2b: Amoonguss\n|-supereffective|p2b: Amoonguss\n|-damage|p2b: Amoonguss|0 fnt\n|-damage|p1b: Incineroar|68\/100|[from] item: Rocky Helmet|[of] p2b: Amoonguss\n|faint|p2b: Amoonguss\n|-damage|p1b: Incineroar|40\/100|[from] Recoil\n|-enditem|p1b: Incineroar|Sitrus Berry|[eat]\n|-heal|p1b: Incineroar|65\/100|[from] item: Sitrus Berry\n|\n|-heal|p1a: Kyogre|99\/100|[from] Grassy Terrain\n|-heal|p1a: Kyogre|100\/100|[from] item: Leftovers\n|-heal|p2a: Rillaboom|86\/100|[from] Grassy Terrain\n|-heal|p1b: Incineroar|71\/100|[from] Grassy Terrain\n|upkeep\n|\n|t:|1736465129\n|switch|p2b: Chien-Pao|Chien-Pao, L50|100\/100 slp\n|-ability|p2b: Chien-Pao|Sword of Ruin\n|turn|15\n|\n|t:|1736465154\n|switch|p1b: Amoonguss|Amoonguss, L50, F|92\/100\n|move|p1a: Kyogre|Protect|p1a: Kyogre\n|-singleturn|p1a: Kyogre|Protect\n|cant|p2b: Chien-Pao|slp\n|move|p2a: Rillaboom|Wood Hammer|p1b: Amoonguss\n|-resisted|p1b: Amoonguss\n|-damage|p1b: Amoonguss|73\/100\n|-damage|p2a: Rillaboom|70\/100|[from] item: Rocky Helmet|[of] p1b: Amoonguss\n|-damage|p2a: Rillaboom|63\/100|[from] Recoil\n|\n|-heal|p2a: Rillaboom|69\/100|[from] Grassy Terrain\n|-heal|p1b: Amoonguss|79\/100|[from] Grassy Terrain\n|upkeep\n|turn|16\n|inactive|Zeropoke7310 has 30 seconds left.\n|inactive|Zeropoke7310 has 20 seconds left.\n|inactive|Zeropoke7310 has 15 seconds left.\n|\n|t:|1736465195\n|switch|p1b: Incineroar|Incineroar, L50, F, tera:Ghost|71\/100\n|-ability|p1b: Incineroar|Intimidate|boost\n|-unboost|p2a: Rillaboom|atk|1\n|-unboost|p2b: Chien-Pao|atk|1\n|-curestatus|p2b: Chien-Pao|slp|[msg]\n|move|p2b: Chien-Pao|Sucker Punch|p1a: Kyogre\n|-damage|p1a: Kyogre|72\/100\n|move|p2a: Rillaboom|Grassy Glide|p1a: Kyogre\n|-supereffective|p1a: Kyogre\n|-damage|p1a: Kyogre|9\/100\n|move|p1a: Kyogre|Ice Beam|p2a: Rillaboom\n|-supereffective|p2a: Rillaboom\n|-damage|p2a: Rillaboom|15\/100\n|\n|-heal|p1a: Kyogre|15\/100|[from] Grassy Terrain\n|-heal|p1a: Kyogre|21\/100|[from] item: Leftovers\n|-heal|p2a: Rillaboom|21\/100|[from] Grassy Terrain\n|-heal|p1b: Incineroar|77\/100|[from] Grassy Terrain\n|upkeep\n|turn|17\n|inactive|Elvegis1 has 30 seconds left.\n|inactive|Zeropoke7310 has 30 seconds left.\n|j| Kaiju Krush\n|\n|t:|1736465226\n|switch|p1b: Amoonguss|Amoonguss, L50, F|100\/100\n|move|p1a: Kyogre|Protect|p1a: Kyogre\n|-singleturn|p1a: Kyogre|Protect\n|move|p2a: Rillaboom|Grassy Glide|p1a: Kyogre\n|-activate|p1a: Kyogre|move: Protect\n|move|p2b: Chien-Pao|Icicle Crash|p1a: Kyogre\n|-activate|p1a: Kyogre|move: Protect\n|\n|-heal|p1a: Kyogre|27\/100|[from] Grassy Terrain\n|-heal|p1a: Kyogre|33\/100|[from] item: Leftovers\n|-heal|p2a: Rillaboom|27\/100|[from] Grassy Terrain\n|upkeep\n|turn|18\n|\n|t:|1736465244\n|switch|p1a: Incineroar|Incineroar, L50, F, tera:Ghost|77\/100\n|-ability|p1a: Incineroar|Intimidate|boost\n|-unboost|p2a: Rillaboom|atk|1\n|-unboost|p2b: Chien-Pao|atk|1\n|move|p2a: Rillaboom|Grassy Glide|p1a: Incineroar\n|-damage|p1a: Incineroar|55\/100\n|move|p2b: Chien-Pao|Icicle Crash|p1b: Amoonguss\n|-supereffective|p1b: Amoonguss\n|-damage|p1b: Amoonguss|53\/100\n|cant|p1b: Amoonguss|flinch\n|\n|-heal|p2a: Rillaboom|33\/100|[from] Grassy Terrain\n|-heal|p1a: Incineroar|61\/100|[from] Grassy Terrain\n|-heal|p1b: Amoonguss|59\/100|[from] Grassy Terrain\n|-fieldend|move: Grassy Terrain\n|upkeep\n|turn|19\n|\n|t:|1736465268\n|move|p2b: Chien-Pao|Protect|p2b: Chien-Pao\n|-singleturn|p2b: Chien-Pao|Protect\n|move|p1a: Incineroar|Fake Out|p2a: Rillaboom\n|-damage|p2a: Rillaboom|19\/100\n|cant|p2a: Rillaboom|flinch\n|move|p1b: Amoonguss|Pollen Puff|p2a: Rillaboom\n|-supereffective|p2a: Rillaboom\n|-damage|p2a: Rillaboom|0 fnt\n|faint|p2a: Rillaboom\n|\n|upkeep\n|turn|20\n|inactive|Zeropoke7310 has 30 seconds left.\n|-message|Zeropoke7310 forfeited.\n|\n|win|Elvegis1\n|inactive|Zeropoke7310 has 25 seconds left this turn.\n|raw|Elvegis1's rating: 1616 &rarr; <strong>1638<\/strong><br \/>(+22 for winning)\n|raw|Zeropoke7310's rating: 1657 &rarr; <strong>1635<\/strong><br \/>(-22 for losing)\n|l|\u2606Zeropoke7310\n|player|p2|\n|l|\u2606Elvegis1\n|player|p1|\n|l| Kaiju Krush\n","uploadtime":1736465525,"views":279,"formatid":"gen9vgc2025regg","rating":1635,"private":0,"password":null}