{"id":"gen9vgc2025regg-2278300585","format":"[Gen 9] VGC 2025 Reg G","players":["Aki Hoshino","lichuweijixi"],"log":"|j|\u2606Aki Hoshino\n|j|\u2606lichuweijixi\n|t:|1736481590\n|gametype|doubles\n|player|p1|Aki Hoshino|aromalady|1680\n|player|p2|lichuweijixi|2|1648\n|teamsize|p1|6\n|teamsize|p2|6\n|gen|9\n|tier|[Gen 9] VGC 2025 Reg G\n|rated|\n|rule|Species Clause: Limit one of each Pok\u00e9mon\n|rule|Item Clause: Limit 1 of each item\n|clearpoke\n|poke|p1|Whimsicott, L50, F|\n|poke|p1|Urshifu-*, L50, F|\n|poke|p1|Rillaboom, L50, F|\n|poke|p1|Flutter Mane, L50|\n|poke|p1|Walking Wake, L50|\n|poke|p1|Calyrex-Ice, L50|\n|poke|p2|Calyrex-Ice, L50|\n|poke|p2|Smeargle, L50, F|\n|poke|p2|Annihilape, L50, M|\n|poke|p2|Urshifu-*, L50, F|\n|poke|p2|Ogerpon-Wellspring, L50, F|\n|poke|p2|Raging Bolt, L50|\n|teampreview|4\n|\n|t:|1736481666\n|start\n|switch|p1a: Urshifu|Urshifu, L50, F|100\/100\n|switch|p1b: Flutter Mane|Flutter Mane, L50|100\/100\n|switch|p2a: Annihilape|Annihilape, L50, M|100\/100\n|switch|p2b: Calyrex|Calyrex-Ice, L50|100\/100\n|-ability|p2b: Calyrex|As One\n|-ability|p2b: Calyrex|Unnerve\n|turn|1\n|\n|t:|1736481701\n|switch|p2a: Smeargle|Smeargle, L50, F|100\/100\n|-terastallize|p1a: Urshifu|Ghost\n|-terastallize|p2b: Calyrex|Water\n|move|p1b: Flutter Mane|Moonblast|p2b: Calyrex\n|-damage|p2b: Calyrex|49\/100\n|-unboost|p2b: Calyrex|spa|1\n|-enditem|p2b: Calyrex|Sitrus Berry|[eat]\n|-heal|p2b: Calyrex|74\/100|[from] item: Sitrus Berry\n|move|p1a: Urshifu|Wicked Blow|p2b: Calyrex\n|-crit|p2b: Calyrex\n|-damage|p2b: Calyrex|15\/100\n|move|p2b: Calyrex|Trick Room|p2b: Calyrex\n|-fieldstart|move: Trick Room|[of] p2b: Calyrex\n|\n|upkeep\n|turn|2\n|\n|t:|1736481736\n|-end|p1b: Flutter Mane|Protosynthesis|[silent]\n|switch|p1b: Calyrex|Calyrex-Ice, L50|100\/100\n|-ability|p1b: Calyrex|As One\n|-ability|p1b: Calyrex|Unnerve\n|move|p2b: Calyrex|Protect|p2b: Calyrex\n|-singleturn|p2b: Calyrex|Protect\n|move|p2a: Smeargle|Spore|p1a: Urshifu\n|-status|p1a: Urshifu|slp|[from] move: Spore\n|cant|p1a: Urshifu|slp\n|\n|upkeep\n|turn|3\n|\n|t:|1736481763\n|move|p2a: Smeargle|Spore|p1b: Calyrex\n|-status|p1b: Calyrex|slp|[from] move: Spore\n|move|p2b: Calyrex|Glacial Lance|p1a: Urshifu|[spread] p1a,p1b\n|-resisted|p1b: Calyrex\n|-damage|p1a: Urshifu|40\/100 slp\n|-damage|p1b: Calyrex|79\/100 slp\n|cant|p1a: Urshifu|slp\n|cant|p1b: Calyrex|slp\n|\n|upkeep\n|turn|4\n|\n|t:|1736481796\n|switch|p1a: Flutter Mane|Flutter Mane, L50|100\/100\n|move|p2a: Smeargle|Decorate|p2b: Calyrex\n|-boost|p2b: Calyrex|atk|2\n|-boost|p2b: Calyrex|spa|2\n|move|p2b: Calyrex|Glacial Lance|p1b: Calyrex|[spread] p1a,p1b\n|-resisted|p1b: Calyrex\n|-damage|p1a: Flutter Mane|0 fnt\n|-damage|p1b: Calyrex|40\/100 slp\n|faint|p1a: Flutter Mane\n|-end|p1a: Flutter Mane|Protosynthesis|[silent]\n|-ability|p2b: Calyrex|Chilling Neigh|boost\n|-boost|p2b: Calyrex|atk|1\n|cant|p1b: Calyrex|slp\n|\n|upkeep\n|\n|t:|1736481811\n|switch|p1a: Rillaboom|Rillaboom, L50, F|100\/100\n|-fieldstart|move: Grassy Terrain|[from] ability: Grassy Surge|[of] p1a: Rillaboom\n|turn|5\n|\n|t:|1736481828\n|switch|p2a: Annihilape|Annihilape, L50, M|100\/100\n|switch|p2b: Urshifu|Urshifu, L50, F|100\/100\n|move|p1a: Rillaboom|Fake Out|p2a: Annihilape\n|-immune|p2a: Annihilape\n|cant|p1b: Calyrex|slp\n|\n|-heal|p1b: Calyrex|46\/100 slp|[from] Grassy Terrain\n|-fieldend|move: Trick Room\n|upkeep\n|turn|6\n|j| AmdAndrewVGC\n|\n|t:|1736481869\n|move|p1a: Rillaboom|Grassy Glide|p2a: Annihilape\n|-damage|p2a: Annihilape|61\/100\n|move|p2a: Annihilape|Final Gambit|p1a: Rillaboom\n|-damage|p1a: Rillaboom|35\/100\n|faint|p2a: Annihilape\n|-curestatus|p1b: Calyrex|slp|[msg]\n|move|p1b: Calyrex|Glacial Lance|p2b: Urshifu\n|-damage|p2b: Urshifu|35\/100\n|move|p2b: Urshifu|Wicked Blow|p1b: Calyrex\n|-supereffective|p1b: Calyrex\n|-crit|p1b: Calyrex\n|-damage|p1b: Calyrex|0 fnt\n|faint|p1b: Calyrex\n|-damage|p2b: Urshifu|25\/100|[from] item: Life Orb\n|\n|-heal|p1a: Rillaboom|41\/100|[from] Grassy Terrain\n|-heal|p2b: Urshifu|32\/100|[from] Grassy Terrain\n|upkeep\n|\n|t:|1736481883\n|switch|p2a: Smeargle|Smeargle, L50, F|100\/100\n|switch|p1b: Urshifu|Urshifu, L50, F, tera:Ghost|40\/100 slp\n|turn|7\n|\n|t:|1736481901\n|move|p2a: Smeargle|Follow Me|p2a: Smeargle\n|-singleturn|p2a: Smeargle|move: Follow Me\n|move|p1a: Rillaboom|Grassy Glide|p2a: Smeargle\n|-damage|p2a: Smeargle|45\/100\n|cant|p1b: Urshifu|slp\n|move|p2b: Urshifu|Wicked Blow|p1a: Rillaboom\n|-crit|p1a: Rillaboom\n|-damage|p1a: Rillaboom|0 fnt\n|faint|p1a: Rillaboom\n|-damage|p2b: Urshifu|22\/100|[from] item: Life Orb\n|\n|-heal|p1b: Urshifu|46\/100 slp|[from] Grassy Terrain\n|-heal|p2b: Urshifu|28\/100|[from] Grassy Terrain\n|-heal|p2a: Smeargle|51\/100|[from] Grassy Terrain\n|upkeep\n|turn|8\n|-message|Aki Hoshino forfeited.\n|\n|win|lichuweijixi\n|raw|Aki Hoshino's rating: 1680 &rarr; <strong>1658<\/strong><br \/>(-22 for losing)\n|raw|lichuweijixi's rating: 1648 &rarr; <strong>1670<\/strong><br \/>(+22 for winning)\n|l|\u2606Aki Hoshino\n|player|p1|\n|l|\u2606lichuweijixi\n|player|p2|\n|l| AmdAndrewVGC\n","uploadtime":1736482093,"views":103,"formatid":"gen9vgc2025regg","rating":1658,"private":0,"password":null}