{"id":"gen9vgc2025regg-2278637959","format":"[Gen 9] VGC 2025 Reg G","players":["pokequimico","tplusplus"],"log":"|j|\u2606pokequimico\n|j|\u2606tplusplus\n|t:|1736531854\n|gametype|doubles\n|player|p1|pokequimico|lucas|1548\n|player|p2|tplusplus|perrin|1654\n|teamsize|p1|6\n|teamsize|p2|6\n|gen|9\n|tier|[Gen 9] VGC 2025 Reg G\n|rated|\n|rule|Species Clause: Limit one of each Pok\u00e9mon\n|rule|Item Clause: Limit 1 of each item\n|clearpoke\n|poke|p1|Urshifu-*, L50, F|\n|poke|p1|Kyogre, L50|\n|poke|p1|Roaring Moon, L50|\n|poke|p1|Rillaboom, L50, F|\n|poke|p1|Amoonguss, L50, M|\n|poke|p1|Incineroar, L50, M|\n|poke|p2|Smeargle, L50, M|\n|poke|p2|Calyrex-Ice, L50|\n|poke|p2|Ursaluna-Bloodmoon, L50, M|\n|poke|p2|Annihilape, L50, M|\n|poke|p2|Urshifu-*, L50, F|\n|poke|p2|Ogerpon-Wellspring, L50, F|\n|teampreview|4\n|\n|t:|1736531879\n|start\n|switch|p1a: Roaring Moon|Roaring Moon, L50|100\/100\n|switch|p1b: Incineroar|Incineroar, L50, M|100\/100\n|switch|p2a: \u827a\u82d1|Smeargle, L50, M, shiny|100\/100\n|switch|p2b: \u7389\u82f1|Calyrex-Ice, L50|100\/100\n|-ability|p2b: \u7389\u82f1|As One\n|-ability|p2b: \u7389\u82f1|Unnerve\n|-ability|p1b: Incineroar|Intimidate|boost\n|-unboost|p2a: \u827a\u82d1|atk|1\n|-unboost|p2b: \u7389\u82f1|atk|1\n|-enditem|p1a: Roaring Moon|Booster Energy\n|-activate|p1a: Roaring Moon|ability: Protosynthesis|[fromitem]\n|-start|p1a: Roaring Moon|protosynthesisspe\n|turn|1\n|j| perfectpair0_0\n|j| judang\n|j| BreadTest\n|\n|t:|1736531901\n|move|p2a: \u827a\u82d1|Fake Out|p1a: Roaring Moon\n|-damage|p1a: Roaring Moon|92\/100\n|cant|p1a: Roaring Moon|flinch\n|move|p1b: Incineroar|Will-O-Wisp|p2b: \u7389\u82f1\n|-status|p2b: \u7389\u82f1|brn\n|move|p2b: \u7389\u82f1|Trick Room|p2b: \u7389\u82f1\n|-fieldstart|move: Trick Room|[of] p2b: \u7389\u82f1\n|\n|-damage|p2b: \u7389\u82f1|95\/100 brn|[from] brn\n|upkeep\n|turn|2\n|\n|t:|1736531924\n|move|p1a: Roaring Moon|Protect|p1a: Roaring Moon\n|-singleturn|p1a: Roaring Moon|Protect\n|move|p2a: \u827a\u82d1|Spore|p1a: Roaring Moon\n|-activate|p1a: Roaring Moon|move: Protect\n|move|p2b: \u7389\u82f1|Glacial Lance|p1a: Roaring Moon|[spread] p1b\n|-activate|p1a: Roaring Moon|move: Protect\n|-resisted|p1b: Incineroar\n|-damage|p1b: Incineroar|93\/100\n|move|p1b: Incineroar|Knock Off|p2b: \u7389\u82f1\n|-supereffective|p2b: \u7389\u82f1\n|-damage|p2b: \u7389\u82f1|50\/100 brn\n|-enditem|p2b: \u7389\u82f1|Sitrus Berry|[from] move: Knock Off|[of] p1b: Incineroar\n|\n|-damage|p2b: \u7389\u82f1|44\/100 brn|[from] brn\n|upkeep\n|turn|3\n|\n|t:|1736531950\n|switch|p2b: \u6bb7\u6708|Ursaluna-Bloodmoon, L50, M|100\/100\n|-end|p1a: Roaring Moon|Protosynthesis|[silent]\n|switch|p1a: Amoonguss|Amoonguss, L50, M, shiny|100\/100\n|move|p2a: \u827a\u82d1|Decorate|p2b: \u6bb7\u6708\n|-boost|p2b: \u6bb7\u6708|atk|2\n|-boost|p2b: \u6bb7\u6708|spa|2\n|move|p1b: Incineroar|Parting Shot|p2b: \u6bb7\u6708\n|-unboost|p2b: \u6bb7\u6708|atk|1\n|-unboost|p2b: \u6bb7\u6708|spa|1\n|\n|t:|1736531962\n|switch|p1b: Kyogre|Kyogre, L50|100\/100|[from] Parting Shot\n|-weather|RainDance|[from] ability: Drizzle|[of] p1b: Kyogre\n|\n|-weather|RainDance|[upkeep]\n|upkeep\n|turn|4\n|\n|t:|1736531981\n|-terastallize|p2b: \u6bb7\u6708|Normal\n|-terastallize|p1b: Kyogre|Grass\n|move|p2a: \u827a\u82d1|Follow Me|p2a: \u827a\u82d1\n|-singleturn|p2a: \u827a\u82d1|move: Follow Me\n|move|p1a: Amoonguss|Spore|p2a: \u827a\u82d1\n|-status|p2a: \u827a\u82d1|slp|[from] move: Spore\n|move|p2b: \u6bb7\u6708|Blood Moon|p1b: Kyogre\n|-damage|p1b: Kyogre|0 fnt\n|faint|p1b: Kyogre\n|-damage|p2b: \u6bb7\u6708|91\/100|[from] item: Life Orb\n|\n|-weather|RainDance|[upkeep]\n|upkeep\n|\n|t:|1736531996\n|switch|p1b: Incineroar|Incineroar, L50, M|93\/100\n|-ability|p1b: Incineroar|Intimidate|boost\n|-unboost|p2a: \u827a\u82d1|atk|1\n|-unboost|p2b: \u6bb7\u6708|atk|1\n|turn|5\n|\n|t:|1736532011\n|switch|p1a: Roaring Moon|Roaring Moon, L50|92\/100\n|switch|p2b: \u6c84\u6c84|Ogerpon-Wellspring, L50, F|100\/100\n|cant|p2a: \u827a\u82d1|slp\n|move|p1b: Incineroar|Knock Off|p2a: \u827a\u82d1\n|-damage|p2a: \u827a\u82d1|46\/100 slp\n|-enditem|p2a: \u827a\u82d1|Focus Sash|[from] move: Knock Off|[of] p1b: Incineroar\n|\n|-weather|RainDance|[upkeep]\n|-fieldend|move: Trick Room\n|upkeep\n|turn|6\n|\n|t:|1736532028\n|move|p1a: Roaring Moon|Tailwind|p1a: Roaring Moon\n|-sidestart|p1: pokequimico|move: Tailwind\n|move|p1b: Incineroar|Parting Shot|p2b: \u6c84\u6c84\n|-unboost|p2b: \u6c84\u6c84|atk|1\n|-unboost|p2b: \u6c84\u6c84|spa|1\n|\n|t:|1736532033\n|switch|p1b: Amoonguss|Amoonguss, L50, M, shiny|100\/100|[from] Parting Shot\n|move|p2b: \u6c84\u6c84|Ivy Cudgel|p1b: Amoonguss|[anim] Ivy Cudgel Water\n|-resisted|p1b: Amoonguss\n|-damage|p1b: Amoonguss|79\/100\n|-curestatus|p2a: \u827a\u82d1|slp|[msg]\n|move|p2a: \u827a\u82d1|Spore|p1a: Roaring Moon\n|-status|p1a: Roaring Moon|slp|[from] move: Spore\n|\n|-weather|RainDance|[upkeep]\n|upkeep\n|turn|7\n|\n|t:|1736532050\n|cant|p1a: Roaring Moon|slp\n|move|p2b: \u6c84\u6c84|Taunt|p1b: Amoonguss\n|-start|p1b: Amoonguss|move: Taunt\n|cant|p1b: Amoonguss|move: Taunt|Spore\n|move|p2a: \u827a\u82d1|Decorate|p2b: \u6c84\u6c84\n|-boost|p2b: \u6c84\u6c84|atk|2\n|-boost|p2b: \u6c84\u6c84|spa|2\n|\n|-weather|none\n|upkeep\n|turn|8\n|\n|t:|1736532065\n|-curestatus|p1a: Roaring Moon|slp|[msg]\n|move|p1a: Roaring Moon|Acrobatics|p2b: \u6c84\u6c84\n|-supereffective|p2b: \u6c84\u6c84\n|-damage|p2b: \u6c84\u6c84|15\/100\n|move|p2b: \u6c84\u6c84|Ivy Cudgel|p1a: Roaring Moon|[anim] Ivy Cudgel Water\n|-resisted|p1a: Roaring Moon\n|-damage|p1a: Roaring Moon|39\/100\n|move|p1b: Amoonguss|Sludge Bomb|p2b: \u6c84\u6c84\n|-supereffective|p2b: \u6c84\u6c84\n|-damage|p2b: \u6c84\u6c84|0 fnt\n|faint|p2b: \u6c84\u6c84\n|move|p2a: \u827a\u82d1|Decorate|p2: \u6c84\u6c84|[notarget]\n|-fail|p2a: \u827a\u82d1\n|\n|upkeep\n|\n|t:|1736532079\n|switch|p2b: \u6bb7\u6708|Ursaluna-Bloodmoon, L50, M, tera:Normal|91\/100\n|turn|9\n|\n|t:|1736532090\n|switch|p1b: Incineroar|Incineroar, L50, M|93\/100\n|-ability|p1b: Incineroar|Intimidate|boost\n|-unboost|p2a: \u827a\u82d1|atk|1\n|-unboost|p2b: \u6bb7\u6708|atk|1\n|move|p1a: Roaring Moon|Protect|p1a: Roaring Moon\n|-singleturn|p1a: Roaring Moon|Protect\n|move|p2b: \u6bb7\u6708|Vacuum Wave|p1a: Roaring Moon\n|-activate|p1a: Roaring Moon|move: Protect\n|move|p2a: \u827a\u82d1|Decorate|p2b: \u6bb7\u6708\n|-boost|p2b: \u6bb7\u6708|atk|2\n|-boost|p2b: \u6bb7\u6708|spa|2\n|\n|-sideend|p1: pokequimico|move: Tailwind\n|upkeep\n|turn|10\n|\n|t:|1736532120\n|move|p1b: Incineroar|Fake Out|p2b: \u6bb7\u6708\n|-damage|p2b: \u6bb7\u6708|83\/100\n|cant|p2b: \u6bb7\u6708|flinch\n|move|p1a: Roaring Moon|Acrobatics|p2a: \u827a\u82d1\n|-damage|p2a: \u827a\u82d1|0 fnt\n|faint|p2a: \u827a\u82d1\n|\n|upkeep\n|\n|t:|1736532127\n|switch|p2a: \u7389\u82f1|Calyrex-Ice, L50|44\/100 brn\n|-ability|p2a: \u7389\u82f1|As One\n|-ability|p2a: \u7389\u82f1|Unnerve\n|turn|11\n|\n|t:|1736532136\n|move|p1a: Roaring Moon|Knock Off|p2b: \u6bb7\u6708\n|-damage|p2b: \u6bb7\u6708|46\/100\n|-enditem|p2b: \u6bb7\u6708|Life Orb|[from] move: Knock Off|[of] p1a: Roaring Moon\n|move|p1b: Incineroar|Parting Shot|p2b: \u6bb7\u6708\n|-unboost|p2b: \u6bb7\u6708|atk|1\n|-unboost|p2b: \u6bb7\u6708|spa|1\n|l| judang\n|\n|t:|1736532142\n|switch|p1b: Amoonguss|Amoonguss, L50, M, shiny|100\/100|[from] Parting Shot\n|move|p2a: \u7389\u82f1|High Horsepower|p1b: Amoonguss\n|-damage|p1b: Amoonguss|85\/100\n|-damage|p2a: \u7389\u82f1|28\/100 brn|[from] item: Rocky Helmet|[of] p1b: Amoonguss\n|move|p2b: \u6bb7\u6708|Hyper Voice|p1a: Roaring Moon|[spread] p1a,p1b\n|-crit|p1a: Roaring Moon\n|-damage|p1a: Roaring Moon|0 fnt\n|-damage|p1b: Amoonguss|19\/100\n|faint|p1a: Roaring Moon\n|-end|p1a: Roaring Moon|Protosynthesis|[silent]\n|\n|-damage|p2a: \u7389\u82f1|22\/100 brn|[from] brn\n|upkeep\n|\n|t:|1736532153\n|switch|p1a: Incineroar|Incineroar, L50, M|93\/100\n|-ability|p1a: Incineroar|Intimidate|boost\n|-unboost|p2a: \u7389\u82f1|atk|1\n|-unboost|p2b: \u6bb7\u6708|atk|1\n|turn|12\n|\n|t:|1736532171\n|move|p1b: Amoonguss|Protect|p1b: Amoonguss\n|-singleturn|p1b: Amoonguss|Protect\n|move|p1a: Incineroar|Fake Out|p2a: \u7389\u82f1\n|-damage|p2a: \u7389\u82f1|15\/100 brn\n|cant|p2a: \u7389\u82f1|flinch\n|move|p2b: \u6bb7\u6708|Hyper Voice|p1a: Incineroar|[spread] p1a\n|-activate|p1b: Amoonguss|move: Protect\n|-damage|p1a: Incineroar|17\/100\n|\n|-damage|p2a: \u7389\u82f1|9\/100 brn|[from] brn\n|upkeep\n|turn|13\n|-message|pokequimico forfeited.\n|\n|win|tplusplus\n|raw|pokequimico's rating: 1548 &rarr; <strong>1534<\/strong><br \/>(-14 for losing)\n|raw|tplusplus's rating: 1654 &rarr; <strong>1668<\/strong><br \/>(+14 for winning)\n|l|\u2606pokequimico\n|player|p1|\n|l| BreadTest\n|l| perfectpair0_0\n","uploadtime":1736532439,"views":19,"formatid":"gen9vgc2025regg","rating":1534,"private":0,"password":null}