{"id":"gen9vgc2025regg-2278922579","format":"[Gen 9] VGC 2025 Reg G","players":["Chalice VGC","GG=Groudon Gaming"],"log":"|j|\u2606Chalice VGC\n|j|\u2606GG=Groudon Gaming\n|t:|1736566244\n|gametype|doubles\n|player|p1|Chalice VGC|266|1533\n|player|p2|GG=Groudon Gaming|may-masters2|1555\n|teamsize|p1|6\n|teamsize|p2|6\n|gen|9\n|tier|[Gen 9] VGC 2025 Reg G\n|rated|\n|rule|Species Clause: Limit one of each Pok\u00e9mon\n|rule|Item Clause: Limit 1 of each item\n|clearpoke\n|poke|p1|Calyrex-Shadow, L50|\n|poke|p1|Clefairy, L50, M|\n|poke|p1|Urshifu-*, L50, M|\n|poke|p1|Rillaboom, L50, M|\n|poke|p1|Incineroar, L50, F|\n|poke|p1|Raging Bolt, L50|\n|poke|p2|Groudon, L50|\n|poke|p2|Bronzong, L50|\n|poke|p2|Raging Bolt, L50|\n|poke|p2|Flutter Mane, L50|\n|poke|p2|Jumpluff, L50, F|\n|poke|p2|Ogerpon-Hearthflame, L50, F|\n|teampreview|4\n|inactive|Battle timer is ON: inactive players will automatically lose when time's up. (requested by GG=Groudon Gaming)\n|inactive|Chalice VGC has 60 seconds left.\n|inactive|Chalice VGC has 30 seconds left.\n|inactive|Chalice VGC has 20 seconds left.\n|inactive|Chalice VGC has 15 seconds left.\n|j| BreadTest\n|\n|t:|1736566323\n|start\n|switch|p1a: Incineroar|Incineroar, L50, F|100\/100\n|switch|p1b: Raging Bolt|Raging Bolt, L50|100\/100\n|switch|p2a: Bronzong|Bronzong, L50|100\/100\n|switch|p2b: Ogerpon|Ogerpon-Hearthflame, L50, F|100\/100\n|-ability|p2b: Ogerpon|Mold Breaker\n|-ability|p1a: Incineroar|Intimidate|boost\n|-unboost|p2a: Bronzong|atk|1\n|-unboost|p2b: Ogerpon|atk|1\n|turn|1\n|\n|t:|1736566338\n|move|p1a: Incineroar|Fake Out|p2b: Ogerpon\n|-damage|p2b: Ogerpon|85\/100\n|cant|p2b: Ogerpon|flinch\n|move|p1b: Raging Bolt|Volt Switch|p2a: Bronzong\n|-damage|p2a: Bronzong|65\/100\n|\n|t:|1736566345\n|-end|p1b: Raging Bolt|Protosynthesis|[silent]\n|switch|p1b: Rillaboom|Rillaboom, L50, M|100\/100|[from] Volt Switch\n|-fieldstart|move: Grassy Terrain|[from] ability: Grassy Surge|[of] p1b: Rillaboom\n|move|p2a: Bronzong|Trick Room|p2a: Bronzong\n|-fieldstart|move: Trick Room|[of] p2a: Bronzong\n|\n|-heal|p2b: Ogerpon|91\/100|[from] Grassy Terrain\n|upkeep\n|turn|2\n|\n|t:|1736566355\n|-terastallize|p2a: Bronzong|Dark\n|move|p2a: Bronzong|Gravity|p2a: Bronzong\n|-fieldstart|move: Gravity\n|move|p1a: Incineroar|Parting Shot|p2b: Ogerpon\n|-unboost|p2b: Ogerpon|atk|1\n|-unboost|p2b: Ogerpon|spa|1\n|\n|t:|1736566361\n|switch|p1a: Raging Bolt|Raging Bolt, L50|100\/100|[from] Parting Shot\n|move|p1b: Rillaboom|U-turn|p2b: Ogerpon\n|-damage|p2b: Ogerpon|58\/100\n|\n|t:|1736566367\n|switch|p1b: Incineroar|Incineroar, L50, F|100\/100|[from] U-turn\n|-ability|p1b: Incineroar|Intimidate|boost\n|-unboost|p2a: Bronzong|atk|1\n|-unboost|p2b: Ogerpon|atk|1\n|move|p2b: Ogerpon|Ivy Cudgel|p1b: Incineroar|[anim] Ivy Cudgel Fire\n|-resisted|p1b: Incineroar\n|-damage|p1b: Incineroar|90\/100\n|\n|-heal|p2a: Bronzong|70\/100|[from] Grassy Terrain\n|-heal|p1b: Incineroar|96\/100|[from] Grassy Terrain\n|-heal|p2b: Ogerpon|64\/100|[from] Grassy Terrain\n|upkeep\n|turn|3\n|j| darkrinorex\n|inactive|Chalice VGC has 30 seconds left.\n|\n|t:|1736566398\n|switch|p2b: Groudon|Groudon, L50|100\/100\n|-weather|SunnyDay|[from] ability: Drought|[of] p2b: Groudon\n|-activate|p1a: Raging Bolt|ability: Protosynthesis\n|-start|p1a: Raging Bolt|protosynthesisspa\n|move|p1b: Incineroar|Fake Out|p2a: Bronzong\n|-damage|p2a: Bronzong|60\/100\n|cant|p2a: Bronzong|flinch\n|move|p1a: Raging Bolt|Volt Switch|p2a: Bronzong\n|-damage|p2a: Bronzong|14\/100\n|j| RedeemedSteve\n|\n|t:|1736566410\n|-end|p1a: Raging Bolt|Protosynthesis|[silent]\n|switch|p1a: Rillaboom|Rillaboom, L50, M|100\/100|[from] Volt Switch\n|\n|-weather|SunnyDay|[upkeep]\n|-heal|p2a: Bronzong|20\/100|[from] Grassy Terrain\n|-heal|p1b: Incineroar|100\/100|[from] Grassy Terrain\n|upkeep\n|turn|4\n|\n|t:|1736566425\n|move|p1a: Rillaboom|Grassy Glide|p2a: Bronzong\n|-damage|p2a: Bronzong|0 fnt\n|faint|p2a: Bronzong\n|move|p1b: Incineroar|Will-O-Wisp|p2b: Groudon\n|-status|p2b: Groudon|brn\n|move|p2b: Groudon|Heat Crash|p1a: Rillaboom\n|-supereffective|p1a: Rillaboom\n|-damage|p1a: Rillaboom|35\/100\n|\n|-weather|SunnyDay|[upkeep]\n|-heal|p1a: Rillaboom|42\/100|[from] Grassy Terrain\n|-damage|p2b: Groudon|94\/100 brn|[from] brn\n|upkeep\n|\n|t:|1736566430\n|switch|p2a: Raging Bolt|Raging Bolt, L50|100\/100\n|-activate|p2a: Raging Bolt|ability: Protosynthesis\n|-start|p2a: Raging Bolt|protosynthesisspa\n|turn|5\n|l| BreadTest\n|\n|t:|1736566448\n|move|p1b: Incineroar|Knock Off|p2b: Groudon\n|-damage|p2b: Groudon|69\/100 brn\n|-enditem|p2b: Groudon|Clear Amulet|[from] move: Knock Off|[of] p1b: Incineroar\n|move|p2a: Raging Bolt|Draco Meteor|p1b: Incineroar\n|-damage|p1b: Incineroar|23\/100\n|-unboost|p2a: Raging Bolt|spa|2\n|move|p2b: Groudon|Heat Crash|p1a: Rillaboom\n|-supereffective|p1a: Rillaboom\n|-damage|p1a: Rillaboom|0 fnt\n|faint|p1a: Rillaboom\n|\n|-weather|SunnyDay|[upkeep]\n|-heal|p1b: Incineroar|29\/100|[from] Grassy Terrain\n|-heal|p2b: Groudon|75\/100 brn|[from] Grassy Terrain\n|-damage|p2b: Groudon|69\/100 brn|[from] brn\n|-fieldend|move: Trick Room\n|-fieldend|move: Grassy Terrain\n|upkeep\n|\n|t:|1736566461\n|switch|p1a: Calyrex|Calyrex-Shadow, L50|100\/100\n|-ability|p1a: Calyrex|As One\n|-ability|p1a: Calyrex|Unnerve\n|turn|6\n|\n|t:|1736566473\n|move|p1a: Calyrex|Astral Barrage|p2b: Groudon|[spread] p2a,p2b\n|-damage|p2a: Raging Bolt|67\/100\n|-damage|p2b: Groudon|22\/100 brn\n|move|p2b: Groudon|Precipice Blades|p1a: Calyrex|[spread] p1a,p1b\n|-supereffective|p1b: Incineroar\n|-damage|p1a: Calyrex|65\/100\n|-damage|p1b: Incineroar|0 fnt\n|faint|p1b: Incineroar\n|move|p2a: Raging Bolt|Thunderbolt|p1a: Calyrex\n|-damage|p1a: Calyrex|25\/100\n|\n|-weather|SunnyDay|[upkeep]\n|-damage|p2b: Groudon|16\/100 brn|[from] brn\n|-fieldend|move: Gravity\n|upkeep\n|\n|t:|1736566478\n|switch|p1b: Raging Bolt|Raging Bolt, L50|100\/100\n|-activate|p1b: Raging Bolt|ability: Protosynthesis\n|-start|p1b: Raging Bolt|protosynthesisspa\n|turn|7\n|inactive|GG=Groudon Gaming has 30 seconds left.\n|\n|t:|1736566505\n|-end|p2a: Raging Bolt|Protosynthesis|[silent]\n|switch|p2a: Ogerpon|Ogerpon-Hearthflame, L50, F|64\/100\n|-ability|p2a: Ogerpon|Mold Breaker\n|-terastallize|p1b: Raging Bolt|Fairy\n|move|p1a: Calyrex|Protect|p1a: Calyrex\n|-singleturn|p1a: Calyrex|Protect\n|move|p2b: Groudon|Precipice Blades|p1a: Calyrex|[spread] p1b\n|-activate|p1a: Calyrex|move: Protect\n|-damage|p1b: Raging Bolt|81\/100\n|move|p1b: Raging Bolt|Draco Meteor|p2a: Ogerpon|[miss]\n|-miss|p1b: Raging Bolt|p2a: Ogerpon\n|\n|-weather|none\n|-end|p1b: Raging Bolt|Protosynthesis\n|-damage|p2b: Groudon|10\/100 brn|[from] brn\n|upkeep\n|turn|8\n|\n|t:|1736566526\n|move|p2a: Ogerpon|Spiky Shield|p2a: Ogerpon\n|-singleturn|p2a: Ogerpon|move: Protect\n|move|p1b: Raging Bolt|Thunderclap||[still]\n|-fail|p1b: Raging Bolt\n|move|p1a: Calyrex|Astral Barrage|p2b: Groudon|[spread] p2b\n|-activate|p2a: Ogerpon|move: Protect\n|-damage|p2b: Groudon|0 fnt\n|faint|p2b: Groudon\n|-ability|p1a: Calyrex|Grim Neigh|boost\n|-boost|p1a: Calyrex|spa|1\n|\n|upkeep\n|\n|t:|1736566527\n|switch|p2b: Raging Bolt|Raging Bolt, L50|67\/100\n|turn|9\n|\n|t:|1736566544\n|move|p1a: Calyrex|Protect|p1a: Calyrex\n|-singleturn|p1a: Calyrex|Protect\n|move|p2b: Raging Bolt|Thunderclap||[still]\n|-fail|p2b: Raging Bolt\n|move|p2a: Ogerpon|Ivy Cudgel|p1b: Raging Bolt|[anim] Ivy Cudgel Fire\n|-damage|p1b: Raging Bolt|39\/100\n|move|p1b: Raging Bolt|Draco Meteor|p2b: Raging Bolt\n|-supereffective|p2b: Raging Bolt\n|-damage|p2b: Raging Bolt|0 fnt\n|-unboost|p1b: Raging Bolt|spa|2\n|faint|p2b: Raging Bolt\n|-end|p2b: Raging Bolt|Protosynthesis|[silent]\n|\n|upkeep\n|turn|10\n|\n|t:|1736566557\n|move|p1a: Calyrex|Astral Barrage|p2a: Ogerpon\n|-crit|p2a: Ogerpon\n|-damage|p2a: Ogerpon|0 fnt\n|faint|p2a: Ogerpon\n|\n|win|Chalice VGC\n|raw|Chalice VGC's rating: 1533 &rarr; <strong>1554<\/strong><br \/>(+21 for winning)\n|raw|GG=Groudon Gaming's rating: 1555 &rarr; <strong>1534<\/strong><br \/>(-21 for losing)\n|l| darkrinorex\n|l| RedeemedSteve\n|n|\u2606Chalice VGC|chalicevgc\n","uploadtime":1736566741,"views":12,"formatid":"gen9vgc2025regg","rating":1534,"private":0,"password":null}