{"id":"gen9vgc2025regg-2278283913","format":"[Gen 9] VGC 2025 Reg G","players":["Beccca","Ggttmmhh"],"log":"|j|\u2606Beccca\n|j|\u2606Ggttmmhh\n|t:|1736479143\n|gametype|doubles\n|player|p1|Beccca|2|1551\n|player|p2|Ggttmmhh|265|1617\n|teamsize|p1|6\n|teamsize|p2|6\n|gen|9\n|tier|[Gen 9] VGC 2025 Reg G\n|rated|\n|rule|Species Clause: Limit one of each Pok\u00e9mon\n|rule|Item Clause: Limit 1 of each item\n|clearpoke\n|poke|p1|Miraidon, L50|\n|poke|p1|Farigiraf, L50, F|\n|poke|p1|Iron Hands, L50|\n|poke|p1|Chi-Yu, L50|\n|poke|p1|Urshifu-*, L50, F|\n|poke|p1|Flutter Mane, L50|\n|poke|p2|Raging Bolt, L50|\n|poke|p2|Jumpluff, L50, F|\n|poke|p2|Urshifu-*, L50, M|\n|poke|p2|Groudon, L50|\n|poke|p2|Chi-Yu, L50|\n|poke|p2|Flutter Mane, L50|\n|teampreview|4\n|j| Surve\n|\n|t:|1736479189\n|start\n|switch|p1a: Flutter Mane|Flutter Mane, L50|100\/100\n|switch|p1b: Miraidon|Miraidon, L50|100\/100\n|switch|p2a: Flutter Mane|Flutter Mane, L50|100\/100\n|switch|p2b: Chi-Yu|Chi-Yu, L50|100\/100\n|-ability|p2b: Chi-Yu|Beads of Ruin\n|-fieldstart|move: Electric Terrain|[from] ability: Hadron Engine|[of] p1b: Miraidon\n|-enditem|p1a: Flutter Mane|Booster Energy\n|-activate|p1a: Flutter Mane|ability: Protosynthesis|[fromitem]\n|-start|p1a: Flutter Mane|protosynthesisspe\n|turn|1\n|inactive|Battle timer is ON: inactive players will automatically lose when time's up. (requested by Ggttmmhh)\n|inactive|Beccca also wants the timer to be on.\n|inactive|Ggttmmhh has 60 seconds left.\n|\n|t:|1736479232\n|-terastallize|p2b: Chi-Yu|Fire\n|-terastallize|p1b: Miraidon|Fairy\n|move|p2a: Flutter Mane|Protect|p2a: Flutter Mane\n|-singleturn|p2a: Flutter Mane|Protect\n|move|p1a: Flutter Mane|Icy Wind|p2a: Flutter Mane|[spread] p2b\n|-activate|p2a: Flutter Mane|move: Protect\n|-resisted|p2b: Chi-Yu\n|-damage|p2b: Chi-Yu|94\/100\n|-unboost|p2b: Chi-Yu|spe|1\n|move|p1b: Miraidon|Dazzling Gleam|p2b: Chi-Yu|[spread] p2b\n|-activate|p2a: Flutter Mane|move: Protect\n|-resisted|p2b: Chi-Yu\n|-damage|p2b: Chi-Yu|55\/100\n|move|p2b: Chi-Yu|Overheat|p1a: Flutter Mane|[miss]\n|-miss|p2b: Chi-Yu|p1a: Flutter Mane\n|\n|upkeep\n|turn|2\n|inactive|Beccca has 30 seconds left.\n|\n|t:|1736479259\n|move|p1a: Flutter Mane|Icy Wind|p2b: Chi-Yu|[spread] p2a,p2b\n|-resisted|p2b: Chi-Yu\n|-damage|p2a: Flutter Mane|81\/100\n|-damage|p2b: Chi-Yu|48\/100\n|-unboost|p2a: Flutter Mane|spe|1\n|-unboost|p2b: Chi-Yu|spe|1\n|move|p1b: Miraidon|Dazzling Gleam|p2a: Flutter Mane|[spread] p2a,p2b\n|-resisted|p2b: Chi-Yu\n|-damage|p2a: Flutter Mane|0 fnt\n|-damage|p2b: Chi-Yu|9\/100\n|faint|p2a: Flutter Mane\n|-end|p2a: Flutter Mane|Protosynthesis|[silent]\n|move|p2b: Chi-Yu|Overheat|p1b: Miraidon\n|-damage|p1b: Miraidon|0 fnt\n|-unboost|p2b: Chi-Yu|spa|2\n|faint|p1b: Miraidon\n|\n|upkeep\n|\n|t:|1736479275\n|switch|p1b: Chi-Yu|Chi-Yu, L50|100\/100\n|switch|p2a: Groudon|Groudon, L50|100\/100\n|-ability|p1b: Chi-Yu|Beads of Ruin\n|-weather|SunnyDay|[from] ability: Drought|[of] p2a: Groudon\n|turn|3\n|\n|t:|1736479297\n|move|p2a: Groudon|Protect|p2a: Groudon\n|-singleturn|p2a: Groudon|Protect\n|move|p1a: Flutter Mane|Moonblast|p2b: Chi-Yu\n|-resisted|p2b: Chi-Yu\n|-damage|p2b: Chi-Yu|0 fnt\n|faint|p2b: Chi-Yu\n|move|p1b: Chi-Yu|Overheat|p2a: Groudon\n|-activate|p2a: Groudon|move: Protect\n|\n|-weather|SunnyDay|[upkeep]\n|upkeep\n|\n|t:|1736479305\n|switch|p2b: Jumpluff|Jumpluff, L50, F, shiny|100\/100\n|turn|4\n|\n|t:|1736479321\n|move|p2b: Jumpluff|Tailwind|p2b: Jumpluff\n|-sidestart|p2: Ggttmmhh|move: Tailwind\n|move|p1a: Flutter Mane|Icy Wind|p2a: Groudon|[spread] p2a\n|-miss|p1a: Flutter Mane|p2b: Jumpluff\n|-supereffective|p2a: Groudon\n|-damage|p2a: Groudon|73\/100\n|-unboost|p2a: Groudon|spe|1\n|move|p1b: Chi-Yu|Overheat|p2a: Groudon\n|-damage|p2a: Groudon|0 fnt\n|-unboost|p1b: Chi-Yu|spa|2\n|faint|p2a: Groudon\n|\n|-weather|SunnyDay|[upkeep]\n|upkeep\n|turn|5\n|\n|t:|1736479337\n|move|p2b: Jumpluff|Rage Powder|p2b: Jumpluff\n|-singleturn|p2b: Jumpluff|move: Rage Powder\n|move|p1a: Flutter Mane|Moonblast|p2b: Jumpluff\n|-damage|p2b: Jumpluff|46\/100\n|move|p1b: Chi-Yu|Overheat|p2b: Jumpluff|[miss]\n|-miss|p1b: Chi-Yu|p2b: Jumpluff\n|\n|-weather|SunnyDay|[upkeep]\n|-fieldend|move: Electric Terrain\n|upkeep\n|turn|6\n|\n|t:|1736479349\n|move|p2b: Jumpluff|Rage Powder|p2b: Jumpluff\n|-singleturn|p2b: Jumpluff|move: Rage Powder\n|move|p1a: Flutter Mane|Moonblast|p2b: Jumpluff\n|-damage|p2b: Jumpluff|0 fnt\n|faint|p2b: Jumpluff\n|\n|win|Beccca\n|raw|Beccca's rating: 1551 &rarr; <strong>1575<\/strong><br \/>(+24 for winning)\n|raw|Ggttmmhh's rating: 1617 &rarr; <strong>1593<\/strong><br \/>(-24 for losing)\n|l|\u2606Ggttmmhh\n|player|p2|\n|l|\u2606Beccca\n|player|p1|\n","uploadtime":1736479585,"views":21,"formatid":"gen9vgc2025regg","rating":1575,"private":0,"password":null}