{"id":"gen9vgc2025regg-2278907413","format":"[Gen 9] VGC 2025 Reg G","players":["Aki Hoshino","SPADE61"],"log":"|j|\u2606Aki Hoshino\n|j|\u2606SPADE61\n|t:|1736564089\n|gametype|doubles\n|player|p1|Aki Hoshino|aromalady|1585\n|player|p2|SPADE61|265|1545\n|teamsize|p1|6\n|teamsize|p2|6\n|gen|9\n|tier|[Gen 9] VGC 2025 Reg G\n|rated|\n|rule|Species Clause: Limit one of each Pok\u00e9mon\n|rule|Item Clause: Limit 1 of each item\n|clearpoke\n|poke|p1|Whimsicott, L50, M|\n|poke|p1|Urshifu-*, L50, F|\n|poke|p1|Rillaboom, L50, F|\n|poke|p1|Flutter Mane, L50|\n|poke|p1|Walking Wake, L50|\n|poke|p1|Calyrex-Ice, L50|\n|poke|p2|Lunala, L50|\n|poke|p2|Indeedee-F, L50, F|\n|poke|p2|Ursaluna, L50, F|\n|poke|p2|Urshifu-*, L50, F|\n|poke|p2|Torkoal, L50, M|\n|poke|p2|Ogerpon-Wellspring, L50, F|\n|teampreview|4\n|\n|t:|1736564120\n|start\n|switch|p1a: Urshifu|Urshifu, L50, F|100\/100\n|switch|p1b: Calyrex|Calyrex-Ice, L50|100\/100\n|switch|p2a: Lunala|Lunala, L50|100\/100\n|switch|p2b: Indeedee|Indeedee-F, L50, F|100\/100\n|-ability|p1b: Calyrex|As One\n|-ability|p1b: Calyrex|Unnerve\n|-fieldstart|move: Psychic Terrain|[from] ability: Psychic Surge|[of] p2b: Indeedee\n|turn|1\n|\n|t:|1736564149\n|-terastallize|p2b: Indeedee|Fairy\n|move|p2b: Indeedee|Follow Me|p2b: Indeedee\n|-singleturn|p2b: Indeedee|move: Follow Me\n|move|p1a: Urshifu|U-turn|p2b: Indeedee\n|-resisted|p2b: Indeedee\n|-damage|p2b: Indeedee|83\/100\n|-damage|p1a: Urshifu|84\/100|[from] item: Rocky Helmet|[of] p2b: Indeedee\n|\n|t:|1736564157\n|switch|p1a: Rillaboom|Rillaboom, L50, F|100\/100|[from] U-turn\n|-fieldstart|move: Grassy Terrain|[from] ability: Grassy Surge|[of] p1a: Rillaboom\n|move|p2a: Lunala|Meteor Beam||[still]\n|-prepare|p2a: Lunala|Meteor Beam\n|-boost|p2a: Lunala|spa|1\n|-enditem|p2a: Lunala|Power Herb\n|-anim|p2a: Lunala|Meteor Beam|p1b: Calyrex\n|-supereffective|p1b: Calyrex\n|-damage|p1b: Calyrex|0 fnt\n|faint|p1b: Calyrex\n|\n|-heal|p2b: Indeedee|89\/100|[from] Grassy Terrain\n|upkeep\n|\n|t:|1736564174\n|switch|p1b: Urshifu|Urshifu, L50, F|84\/100\n|turn|2\n|\n|t:|1736564222\n|switch|p2a: Torkoal|Torkoal, L50, M|100\/100\n|-weather|SunnyDay|[from] ability: Drought|[of] p2a: Torkoal\n|move|p1a: Rillaboom|Fake Out|p2b: Indeedee\n|-damage|p2b: Indeedee|75\/100\n|-damage|p1a: Rillaboom|84\/100|[from] item: Rocky Helmet|[of] p2b: Indeedee\n|move|p1b: Urshifu|Wicked Blow|p2a: Torkoal\n|-crit|p2a: Torkoal\n|-damage|p2a: Torkoal|29\/100\n|cant|p2b: Indeedee|flinch\n|\n|-weather|SunnyDay|[upkeep]\n|-heal|p1b: Urshifu|90\/100|[from] Grassy Terrain\n|-heal|p1a: Rillaboom|90\/100|[from] Grassy Terrain\n|-heal|p2b: Indeedee|81\/100|[from] Grassy Terrain\n|-heal|p2a: Torkoal|35\/100|[from] Grassy Terrain\n|upkeep\n|turn|3\n|\n|t:|1736564262\n|-terastallize|p1a: Rillaboom|Fire\n|move|p1b: Urshifu|Wicked Blow|p2b: Indeedee\n|-resisted|p2b: Indeedee\n|-crit|p2b: Indeedee\n|-damage|p2b: Indeedee|39\/100\n|-damage|p1b: Urshifu|73\/100|[from] item: Rocky Helmet|[of] p2b: Indeedee\n|move|p1a: Rillaboom|Wood Hammer|p2b: Indeedee\n|-damage|p2b: Indeedee|0 fnt\n|-damage|p1a: Rillaboom|73\/100|[from] item: Rocky Helmet|[of] p2b: Indeedee\n|faint|p2b: Indeedee\n|-damage|p1a: Rillaboom|62\/100|[from] Recoil\n|move|p2a: Torkoal|Weather Ball|p1a: Rillaboom\n|-resisted|p1a: Rillaboom\n|-damage|p1a: Rillaboom|22\/100\n|\n|-weather|SunnyDay|[upkeep]\n|-heal|p1b: Urshifu|79\/100|[from] Grassy Terrain\n|-heal|p1a: Rillaboom|28\/100|[from] Grassy Terrain\n|-heal|p2a: Torkoal|41\/100|[from] Grassy Terrain\n|upkeep\n|\n|t:|1736564285\n|switch|p2b: Lunala|Lunala, L50|100\/100\n|turn|4\n|\n|t:|1736564315\n|move|p1b: Urshifu|Wicked Blow|p2b: Lunala\n|-supereffective|p2b: Lunala\n|-crit|p2b: Lunala\n|-damage|p2b: Lunala|0 fnt\n|faint|p2b: Lunala\n|move|p1a: Rillaboom|High Horsepower|p2a: Torkoal\n|-supereffective|p2a: Torkoal\n|-damage|p2a: Torkoal|0 fnt\n|faint|p2a: Torkoal\n|\n|-weather|SunnyDay|[upkeep]\n|-heal|p1b: Urshifu|85\/100|[from] Grassy Terrain\n|-heal|p1a: Rillaboom|34\/100|[from] Grassy Terrain\n|upkeep\n|\n|t:|1736564328\n|switch|p2b: Ursaluna|Ursaluna, L50, F|100\/100\n|turn|5\n|-message|SPADE61 forfeited.\n|\n|win|Aki Hoshino\n|raw|Aki Hoshino's rating: 1585 &rarr; <strong>1603<\/strong><br \/>(+18 for winning)\n|raw|SPADE61's rating: 1545 &rarr; <strong>1527<\/strong><br \/>(-18 for losing)\n|l|\u2606SPADE61\n|player|p2|\n|l|\u2606Aki Hoshino\n|player|p1|\n","uploadtime":1736564531,"views":123,"formatid":"gen9vgc2025regg","rating":1527,"private":0,"password":null}