{"id":"gen9vgc2025regg-2278719841","format":"[Gen 9] VGC 2025 Reg G","players":["PKBR_Hitsuy","BigSalta"],"log":"|j|\u2606PKBR_Hitsuy\n|j|\u2606BigSalta\n|t:|1736540366\n|gametype|doubles\n|player|p1|PKBR_Hitsuy|cynthia|1572\n|player|p2|BigSalta|cynthia|1654\n|teamsize|p1|6\n|teamsize|p2|6\n|gen|9\n|tier|[Gen 9] VGC 2025 Reg G\n|rated|\n|rule|Species Clause: Limit one of each Pok\u00e9mon\n|rule|Item Clause: Limit 1 of each item\n|clearpoke\n|poke|p1|Miraidon, L50|\n|poke|p1|Whimsicott, L50, F|\n|poke|p1|Urshifu-*, L50, M|\n|poke|p1|Ogerpon-Hearthflame, L50, F|\n|poke|p1|Iron Hands, L50|\n|poke|p1|Farigiraf, L50, F|\n|poke|p2|Incineroar, L50, F|\n|poke|p2|Urshifu-*, L50, M|\n|poke|p2|Kyogre, L50|\n|poke|p2|Rillaboom, L50, F|\n|poke|p2|Roaring Moon, L50|\n|poke|p2|Amoonguss, L50, M|\n|teampreview|4\n|inactive|Battle timer is ON: inactive players will automatically lose when time's up. (requested by PKBR_Hitsuy)\n|\n|t:|1736540400\n|start\n|switch|p1a: Miraidon|Miraidon, L50|100\/100\n|switch|p1b: Hera|Whimsicott, L50, F, shiny|100\/100\n|switch|p2a: Roaring Moon|Roaring Moon, L50|100\/100\n|switch|p2b: Amoonguss|Amoonguss, L50, M|100\/100\n|-fieldstart|move: Electric Terrain|[from] ability: Hadron Engine|[of] p1a: Miraidon\n|-enditem|p2a: Roaring Moon|Booster Energy\n|-activate|p2a: Roaring Moon|ability: Protosynthesis|[fromitem]\n|-start|p2a: Roaring Moon|protosynthesisspe\n|turn|1\n|inactive|BigSalta has 30 seconds left.\n|\n|t:|1736540428\n|-terastallize|p1a: Miraidon|Fairy\n|move|p2b: Amoonguss|Protect|p2b: Amoonguss\n|-singleturn|p2b: Amoonguss|Protect\n|move|p1b: Hera|Tailwind|p1b: Hera\n|-sidestart|p1: PKBR_Hitsuy|move: Tailwind\n|move|p1a: Miraidon|Dazzling Gleam|p2a: Roaring Moon|[spread] p2a\n|-activate|p2b: Amoonguss|move: Protect\n|-supereffective|p2a: Roaring Moon\n|-damage|p2a: Roaring Moon|0 fnt\n|faint|p2a: Roaring Moon\n|-end|p2a: Roaring Moon|Protosynthesis|[silent]\n|\n|upkeep\n|\n|t:|1736540432\n|switch|p2a: Kyogre|Kyogre, L50|100\/100\n|-weather|RainDance|[from] ability: Drizzle|[of] p2a: Kyogre\n|turn|2\n|\n|t:|1736540443\n|move|p1b: Hera|Encore|p2b: Amoonguss\n|-start|p2b: Amoonguss|Encore\n|move|p1a: Miraidon|Dazzling Gleam|p2b: Amoonguss|[spread] p2a,p2b\n|-resisted|p2b: Amoonguss\n|-damage|p2a: Kyogre|57\/100\n|-damage|p2b: Amoonguss|68\/100\n|move|p2a: Kyogre|Calm Mind|p2a: Kyogre\n|-boost|p2a: Kyogre|spa|1\n|-boost|p2a: Kyogre|spd|1\n|move|p2b: Amoonguss|Protect||[still]\n|-fail|p2b: Amoonguss\n|\n|-weather|RainDance|[upkeep]\n|-heal|p2a: Kyogre|63\/100|[from] item: Leftovers\n|upkeep\n|turn|3\n|\n|t:|1736540457\n|switch|p1a: Ogerpon|Ogerpon-Hearthflame, L50, F|100\/100\n|-ability|p1a: Ogerpon|Mold Breaker\n|switch|p2b: Rillaboom|Rillaboom, L50, F|100\/100\n|-fieldstart|move: Grassy Terrain|[from] ability: Grassy Surge|[of] p2b: Rillaboom\n|move|p1b: Hera|Encore|p2a: Kyogre\n|-start|p2a: Kyogre|Encore\n|move|p2a: Kyogre|Calm Mind|p2a: Kyogre\n|-boost|p2a: Kyogre|spa|1\n|-boost|p2a: Kyogre|spd|1\n|\n|-weather|RainDance|[upkeep]\n|-heal|p2a: Kyogre|69\/100|[from] Grassy Terrain\n|-heal|p2a: Kyogre|75\/100|[from] item: Leftovers\n|upkeep\n|turn|4\n|\n|t:|1736540482\n|switch|p1b: Miraidon|Miraidon, L50, tera:Fairy|100\/100\n|-fieldstart|move: Electric Terrain|[from] ability: Hadron Engine|[of] p1b: Miraidon\n|-terastallize|p2a: Kyogre|Grass\n|move|p1a: Ogerpon|Wood Hammer|p2a: Kyogre\n|-resisted|p2a: Kyogre\n|-crit|p2a: Kyogre\n|-damage|p2a: Kyogre|32\/100\n|-damage|p1a: Ogerpon|85\/100|[from] Recoil\n|move|p2a: Kyogre|Calm Mind|p2a: Kyogre\n|-boost|p2a: Kyogre|spa|1\n|-boost|p2a: Kyogre|spd|1\n|move|p2b: Rillaboom|U-turn|p1a: Ogerpon\n|-damage|p1a: Ogerpon|61\/100\n|\n|t:|1736540495\n|switch|p2b: Amoonguss|Amoonguss, L50, M|100\/100|[from] U-turn\n|\n|-weather|RainDance|[upkeep]\n|-heal|p2a: Kyogre|38\/100|[from] item: Leftovers\n|-sideend|p1: PKBR_Hitsuy|move: Tailwind\n|upkeep\n|turn|5\n|\n|t:|1736540517\n|switch|p2b: Rillaboom|Rillaboom, L50, F|100\/100\n|-fieldstart|move: Grassy Terrain|[from] ability: Grassy Surge|[of] p2b: Rillaboom\n|move|p1b: Miraidon|Dazzling Gleam|p2a: Kyogre|[spread] p2a,p2b\n|-damage|p2a: Kyogre|24\/100\n|-damage|p2b: Rillaboom|60\/100\n|move|p1a: Ogerpon|Ivy Cudgel|p2a: Kyogre|[anim] Ivy Cudgel Fire\n|-supereffective|p2a: Kyogre\n|-crit|p2a: Kyogre\n|-damage|p2a: Kyogre|0 fnt\n|faint|p2a: Kyogre\n|\n|-weather|RainDance|[upkeep]\n|-heal|p1a: Ogerpon|67\/100|[from] Grassy Terrain\n|-heal|p2b: Rillaboom|66\/100|[from] Grassy Terrain\n|upkeep\n|-message|BigSalta forfeited.\n|\n|win|PKBR_Hitsuy\n|raw|PKBR_Hitsuy's rating: 1572 &rarr; <strong>1597<\/strong><br \/>(+25 for winning)\n|raw|BigSalta's rating: 1654 &rarr; <strong>1629<\/strong><br \/>(-25 for losing)\n|l|\u2606BigSalta\n|player|p2|\n|j| rink123\n|l|\u2606PKBR_Hitsuy\n|player|p1|\n|l| rink123\n|j|\u2606PKBR_Hitsuy\n|player|p1|PKBR_Hitsuy|cynthia|\n|l|\u2606PKBR_Hitsuy\n|player|p1|\n","uploadtime":1736540534,"views":24,"formatid":"gen9vgc2025regg","rating":1597,"private":0,"password":null}