{"id":"gen9vgc2025regg-2278963279","format":"[Gen 9] VGC 2025 Reg G","players":["GG=Groudon Gaming","bayo93"],"log":"|j|\u2606GG=Groudon Gaming\n|j|\u2606bayo93\n|t:|1736572766\n|gametype|doubles\n|player|p1|GG=Groudon Gaming|may-masters2|1525\n|player|p2|bayo93|169|1557\n|teamsize|p1|6\n|teamsize|p2|6\n|gen|9\n|tier|[Gen 9] VGC 2025 Reg G\n|rated|\n|rule|Species Clause: Limit one of each Pok\u00e9mon\n|rule|Item Clause: Limit 1 of each item\n|clearpoke\n|poke|p1|Groudon, L50|\n|poke|p1|Bronzong, L50|\n|poke|p1|Raging Bolt, L50|\n|poke|p1|Flutter Mane, L50|\n|poke|p1|Jumpluff, L50, M|\n|poke|p1|Ogerpon-Hearthflame, L50, F|\n|poke|p2|Groudon, L50|\n|poke|p2|Chien-Pao, L50|\n|poke|p2|Chi-Yu, L50|\n|poke|p2|Raging Bolt, L50|\n|poke|p2|Dragonite, L50, M|\n|poke|p2|Talonflame, L50, F|\n|teampreview|4\n|inactive|Battle timer is ON: inactive players will automatically lose when time's up. (requested by bayo93)\n|inactive|GG=Groudon Gaming also wants the timer to be on.\n|inactive|bayo93 has 60 seconds left.\n|\n|t:|1736572814\n|start\n|switch|p1a: Groudon|Groudon, L50|100\/100\n|switch|p1b: Jumpluff|Jumpluff, L50, M|100\/100\n|switch|p2a: Talonflame|Talonflame, L50, F|100\/100\n|switch|p2b: Chi-Yu|Chi-Yu, L50|100\/100\n|-ability|p2b: Chi-Yu|Beads of Ruin\n|-weather|SunnyDay|[from] ability: Drought|[of] p1a: Groudon\n|turn|1\n|\n|t:|1736572835\n|-terastallize|p2a: Talonflame|Flying\n|-terastallize|p1a: Groudon|Fire\n|move|p2a: Talonflame|Dual Wingbeat|p1b: Jumpluff\n|-supereffective|p1b: Jumpluff\n|-damage|p1b: Jumpluff|36\/100\n|-supereffective|p1b: Jumpluff\n|-damage|p1b: Jumpluff|0 fnt\n|faint|p1b: Jumpluff\n|-hitcount|p1: Jumpluff|2\n|move|p2b: Chi-Yu|Overheat|p1a: Groudon|[miss]\n|-miss|p2b: Chi-Yu|p1a: Groudon\n|move|p1a: Groudon|Heat Crash|p2a: Talonflame\n|-damage|p2a: Talonflame|0 fnt\n|faint|p2a: Talonflame\n|\n|-weather|SunnyDay|[upkeep]\n|upkeep\n|j| mr pogostick\n|inactive|GG=Groudon Gaming has 30 seconds left.\n|inactive|GG=Groudon Gaming has 20 seconds left.\n|\n|t:|1736572875\n|switch|p2a: Groudon|Groudon, L50|100\/100\n|switch|p1b: Flutter Mane|Flutter Mane, L50|100\/100\n|-activate|p1b: Flutter Mane|ability: Protosynthesis\n|-start|p1b: Flutter Mane|protosynthesisspe\n|turn|2\n|\n|t:|1736572884\n|move|p1b: Flutter Mane|Icy Wind|p2b: Chi-Yu|[spread] p2a,p2b\n|-supereffective|p2a: Groudon\n|-resisted|p2b: Chi-Yu\n|-damage|p2a: Groudon|65\/100\n|-damage|p2b: Chi-Yu|91\/100\n|-unboost|p2b: Chi-Yu|spe|1\n|move|p2b: Chi-Yu|Overheat|p1b: Flutter Mane\n|-enditem|p1b: Flutter Mane|Focus Sash\n|-damage|p1b: Flutter Mane|1\/100\n|-unboost|p2b: Chi-Yu|spa|2\n|move|p2a: Groudon|Precipice Blades|p1b: Flutter Mane|[spread] p1a\n|-miss|p2a: Groudon|p1b: Flutter Mane\n|-supereffective|p1a: Groudon\n|-damage|p1a: Groudon|25\/100\n|move|p1a: Groudon|Precipice Blades|p2a: Groudon|[spread] p2a,p2b\n|-supereffective|p2b: Chi-Yu\n|-damage|p2a: Groudon|28\/100\n|-damage|p2b: Chi-Yu|0 fnt\n|faint|p2b: Chi-Yu\n|\n|-weather|SunnyDay|[upkeep]\n|upkeep\n|\n|t:|1736572900\n|switch|p2b: Raging Bolt|Raging Bolt, L50|100\/100\n|-activate|p2b: Raging Bolt|ability: Protosynthesis\n|-start|p2b: Raging Bolt|protosynthesisspa\n|turn|3\n|j| Nanshan\n|inactive|bayo93 has 30 seconds left.\n|inactive|GG=Groudon Gaming has 30 seconds left.\n|inactive|bayo93 has 20 seconds left.\n|inactive|GG=Groudon Gaming has 20 seconds left.\n|inactive|bayo93 has 15 seconds left.\n|inactive|GG=Groudon Gaming has 15 seconds left.\n|inactive|bayo93 has 10 seconds left.\n|\n|t:|1736572948\n|move|p1a: Groudon|Protect|p1a: Groudon\n|-singleturn|p1a: Groudon|Protect\n|move|p2b: Raging Bolt|Thunderclap|p1b: Flutter Mane\n|-damage|p1b: Flutter Mane|0 fnt\n|faint|p1b: Flutter Mane\n|-end|p1b: Flutter Mane|Protosynthesis|[silent]\n|-damage|p2b: Raging Bolt|91\/100|[from] item: Life Orb\n|move|p2a: Groudon|Rock Slide|p1a: Groudon\n|-activate|p1a: Groudon|move: Protect\n|\n|-weather|SunnyDay|[upkeep]\n|upkeep\n|\n|t:|1736572950\n|switch|p1b: Ogerpon|Ogerpon-Hearthflame, L50, F|100\/100\n|-ability|p1b: Ogerpon|Mold Breaker\n|turn|4\n|inactive|bayo93 has 30 seconds left.\n|inactive|bayo93 has 20 seconds left.\n|\n|t:|1736572989\n|move|p2b: Raging Bolt|Thunderclap|p1b: Ogerpon\n|-resisted|p1b: Ogerpon\n|-damage|p1b: Ogerpon|56\/100\n|-damage|p2b: Raging Bolt|81\/100|[from] item: Life Orb\n|move|p1b: Ogerpon|Ivy Cudgel|p2a: Groudon|[anim] Ivy Cudgel Fire\n|-crit|p2a: Groudon\n|-damage|p2a: Groudon|0 fnt\n|faint|p2a: Groudon\n|move|p1a: Groudon|Bulk Up|p1a: Groudon\n|-boost|p1a: Groudon|atk|1\n|-boost|p1a: Groudon|def|1\n|\n|-weather|SunnyDay|[upkeep]\n|upkeep\n|turn|5\n|\n|t:|1736573007\n|move|p1b: Ogerpon|Follow Me|p1b: Ogerpon\n|-singleturn|p1b: Ogerpon|move: Follow Me\n|move|p1a: Groudon|Precipice Blades|p2b: Raging Bolt|[miss]\n|-miss|p1a: Groudon|p2b: Raging Bolt\n|move|p2b: Raging Bolt|Draco Meteor|p1b: Ogerpon\n|-damage|p1b: Ogerpon|0 fnt\n|-unboost|p2b: Raging Bolt|spa|2\n|faint|p1b: Ogerpon\n|-damage|p2b: Raging Bolt|72\/100|[from] item: Life Orb\n|\n|-weather|none\n|-end|p2b: Raging Bolt|Protosynthesis\n|upkeep\n|turn|6\n|inactive|bayo93 has 30 seconds left.\n|\n|t:|1736573039\n|move|p2b: Raging Bolt|Thunderclap|p1a: Groudon\n|-damage|p1a: Groudon|1\/100\n|-damage|p2b: Raging Bolt|62\/100|[from] item: Life Orb\n|move|p1a: Groudon|Precipice Blades|p2b: Raging Bolt\n|-supereffective|p2b: Raging Bolt\n|-damage|p2b: Raging Bolt|0 fnt\n|faint|p2b: Raging Bolt\n|-end|p2b: Raging Bolt|Protosynthesis|[silent]\n|\n|win|GG=Groudon Gaming\n|raw|GG=Groudon Gaming's rating: 1549 &rarr; <strong>1569<\/strong><br \/>(+20 for winning)\n|raw|bayo93's rating: 1557 &rarr; <strong>1537<\/strong><br \/>(-20 for losing)\n|l|\u2606bayo93\n|player|p2|\n","uploadtime":1736573054,"views":27,"formatid":"gen9vgc2025regg","rating":1537,"private":0,"password":null}