{"id":"gen9vgc2025regg-2278715072","format":"[Gen 9] VGC 2025 Reg G","players":["BigSalta","SamP_64"],"log":"|j|\u2606BigSalta\n|j|\u2606SamP_64\n|t:|1736539845\n|gametype|doubles\n|player|p1|BigSalta|cynthia|1622\n|player|p2|SamP_64|cyrus|1614\n|teamsize|p1|6\n|teamsize|p2|6\n|gen|9\n|tier|[Gen 9] VGC 2025 Reg G\n|rated|\n|rule|Species Clause: Limit one of each Pok\u00e9mon\n|rule|Item Clause: Limit 1 of each item\n|clearpoke\n|poke|p1|Incineroar, L50, F|\n|poke|p1|Urshifu-*, L50, F|\n|poke|p1|Kyogre, L50|\n|poke|p1|Rillaboom, L50, M|\n|poke|p1|Roaring Moon, L50|\n|poke|p1|Amoonguss, L50, F|\n|poke|p2|Incineroar, L50, M|\n|poke|p2|Rillaboom, L50, M|\n|poke|p2|Flutter Mane, L50|\n|poke|p2|Urshifu-*, L50, F|\n|poke|p2|Terapagos, L50, M|\n|poke|p2|Amoonguss, L50, M|\n|teampreview|4\n|inactive|Battle timer is ON: inactive players will automatically lose when time's up. (requested by SamP_64)\n|\n|t:|1736539870\n|start\n|switch|p1a: Kyogre|Kyogre, L50|100\/100\n|switch|p1b: Incineroar|Incineroar, L50, F|100\/100\n|switch|p2a: Flutter Mane|Flutter Mane, L50|100\/100\n|switch|p2b: Rillaboom|Rillaboom, L50, M|100\/100\n|-weather|RainDance|[from] ability: Drizzle|[of] p1a: Kyogre\n|-fieldstart|move: Grassy Terrain|[from] ability: Grassy Surge|[of] p2b: Rillaboom\n|-ability|p1b: Incineroar|Intimidate|boost\n|-unboost|p2a: Flutter Mane|atk|1\n|-unboost|p2b: Rillaboom|atk|1\n|-enditem|p2a: Flutter Mane|Booster Energy\n|-activate|p2a: Flutter Mane|ability: Protosynthesis|[fromitem]\n|-start|p2a: Flutter Mane|protosynthesisspe\n|turn|1\n|\n|t:|1736539893\n|move|p2b: Rillaboom|Fake Out|p1b: Incineroar\n|-damage|p1b: Incineroar|92\/100\n|move|p2a: Flutter Mane|Thunder Wave|p1a: Kyogre\n|-status|p1a: Kyogre|par\n|cant|p1b: Incineroar|flinch\n|move|p1a: Kyogre|Calm Mind|p1a: Kyogre\n|-boost|p1a: Kyogre|spa|1\n|-boost|p1a: Kyogre|spd|1\n|\n|-weather|RainDance|[upkeep]\n|-heal|p1b: Incineroar|98\/100|[from] Grassy Terrain\n|upkeep\n|turn|2\n|j| neebieplayersea\n|inactive|SamP_64 has 30 seconds left.\n|inactive|SamP_64 has 20 seconds left.\n|\n|t:|1736539930\n|move|p2a: Flutter Mane|Thunder Wave|p1b: Incineroar|[miss]\n|-miss|p2a: Flutter Mane|p1b: Incineroar\n|move|p2b: Rillaboom|Wood Hammer|p1a: Kyogre\n|-supereffective|p1a: Kyogre\n|-damage|p1a: Kyogre|12\/100 par\n|-damage|p2b: Rillaboom|72\/100|[from] Recoil\n|move|p1b: Incineroar|Parting Shot|p2b: Rillaboom\n|-unboost|p2b: Rillaboom|atk|1\n|-unboost|p2b: Rillaboom|spa|1\n|\n|t:|1736539947\n|switch|p1b: Urshifu|Urshifu-Rapid-Strike, L50, F|100\/100|[from] Parting Shot\n|move|p1a: Kyogre|Origin Pulse|p2a: Flutter Mane|[spread] p2a\n|-miss|p1a: Kyogre|p2b: Rillaboom\n|-damage|p2a: Flutter Mane|0 fnt\n|faint|p2a: Flutter Mane\n|-end|p2a: Flutter Mane|Protosynthesis|[silent]\n|\n|-weather|RainDance|[upkeep]\n|-heal|p2b: Rillaboom|78\/100|[from] Grassy Terrain\n|-heal|p1a: Kyogre|18\/100 par|[from] Grassy Terrain\n|-heal|p1a: Kyogre|24\/100 par|[from] item: Leftovers\n|upkeep\n|\n|t:|1736539963\n|switch|p2a: Incineroar|Incineroar, L50, M|100\/100\n|-ability|p2a: Incineroar|Intimidate|boost\n|-unboost|p1a: Kyogre|atk|1\n|-unboost|p1b: Urshifu|atk|1\n|turn|3\n|\n|t:|1736539982\n|-terastallize|p1b: Urshifu|Ghost\n|move|p2a: Incineroar|Fake Out|p1b: Urshifu\n|-immune|p1b: Urshifu\n|move|p1b: Urshifu|Surging Strikes|p2a: Incineroar\n|-supereffective|p2a: Incineroar\n|-crit|p2a: Incineroar\n|-damage|p2a: Incineroar|47\/100\n|-damage|p1b: Urshifu|84\/100|[from] item: Rocky Helmet|[of] p2a: Incineroar\n|-supereffective|p2a: Incineroar\n|-crit|p2a: Incineroar\n|-damage|p2a: Incineroar|0 fnt\n|-damage|p1b: Urshifu|68\/100|[from] item: Rocky Helmet|[of] p2a: Incineroar\n|faint|p2a: Incineroar\n|-hitcount|p2: Incineroar|2\n|move|p2b: Rillaboom|U-turn|p1a: Kyogre\n|-damage|p1a: Kyogre|14\/100 par\n|\n|t:|1736539996\n|switch|p2b: Terapagos|Terapagos, L50, M|100\/100|[from] U-turn\n|-activate|p2b: Terapagos|ability: Tera Shift\n|detailschange|p2b: Terapagos|Terapagos-Terastal, L50, M\n|-heal|p2b: Terapagos|100\/100|[silent]\n|move|p1a: Kyogre|Ice Beam|p2b: Terapagos\n|-activate|p2b: Terapagos|ability: Tera Shell\n|-resisted|p2b: Terapagos\n|-damage|p2b: Terapagos|79\/100\n|\n|-weather|RainDance|[upkeep]\n|-heal|p1b: Urshifu|74\/100|[from] Grassy Terrain\n|-heal|p2b: Terapagos|85\/100|[from] Grassy Terrain\n|-heal|p2b: Terapagos|91\/100|[from] item: Leftovers\n|-heal|p1a: Kyogre|20\/100 par|[from] Grassy Terrain\n|-heal|p1a: Kyogre|26\/100 par|[from] item: Leftovers\n|upkeep\n|\n|t:|1736539998\n|switch|p2a: Rillaboom|Rillaboom, L50, M|78\/100\n|turn|4\n|\n|t:|1736540021\n|switch|p1b: Incineroar|Incineroar, L50, F|98\/100\n|-ability|p1b: Incineroar|Intimidate|boost\n|-unboost|p2a: Rillaboom|atk|1\n|-unboost|p2b: Terapagos|atk|1\n|-terastallize|p2b: Terapagos|Stellar\n|detailschange|p2b: Terapagos|Terapagos-Stellar, L50, M, tera:Stellar\n|-heal|p2b: Terapagos|93\/100|[silent]\n|-ability|p2b: Terapagos|Teraform Zero\n|-weather|none\n|-fieldend|move: Grassy Terrain\n|move|p2b: Terapagos|Tera Starstorm|p1b: Incineroar|[spread] p1a,p1b\n|-damage|p1a: Kyogre|11\/100 par\n|-damage|p1b: Incineroar|69\/100\n|move|p2a: Rillaboom|Grassy Glide|p1a: Kyogre\n|-supereffective|p1a: Kyogre\n|-damage|p1a: Kyogre|0 fnt\n|faint|p1a: Kyogre\n|\n|-heal|p2b: Terapagos|99\/100|[from] item: Leftovers\n|upkeep\n|\n|t:|1736540042\n|switch|p1a: Roaring Moon|Roaring Moon, L50|100\/100\n|-enditem|p1a: Roaring Moon|Booster Energy\n|-activate|p1a: Roaring Moon|ability: Protosynthesis|[fromitem]\n|-start|p1a: Roaring Moon|protosynthesisspe\n|turn|5\n|\n|t:|1736540063\n|move|p1a: Roaring Moon|Protect|p1a: Roaring Moon\n|-singleturn|p1a: Roaring Moon|Protect\n|move|p2b: Terapagos|Protect|p2b: Terapagos\n|-singleturn|p2b: Terapagos|Protect\n|move|p2a: Rillaboom|U-turn|p1a: Roaring Moon\n|-activate|p1a: Roaring Moon|move: Protect\n|move|p1b: Incineroar|Knock Off|p2a: Rillaboom\n|-damage|p2a: Rillaboom|42\/100\n|-enditem|p2a: Rillaboom|Assault Vest|[from] move: Knock Off|[of] p1b: Incineroar\n|\n|-heal|p2b: Terapagos|100\/100|[from] item: Leftovers\n|upkeep\n|turn|6\n|\n|t:|1736540081\n|move|p1a: Roaring Moon|Acrobatics|p2a: Rillaboom\n|-supereffective|p2a: Rillaboom\n|-damage|p2a: Rillaboom|0 fnt\n|faint|p2a: Rillaboom\n|move|p2b: Terapagos|Calm Mind|p2b: Terapagos\n|-boost|p2b: Terapagos|spa|1\n|-boost|p2b: Terapagos|spd|1\n|move|p1b: Incineroar|Knock Off|p2b: Terapagos\n|-damage|p2b: Terapagos|77\/100\n|-enditem|p2b: Terapagos|Leftovers|[from] move: Knock Off|[of] p1b: Incineroar\n|\n|upkeep\n|turn|7\n|\n|t:|1736540096\n|move|p1a: Roaring Moon|Acrobatics|p2b: Terapagos\n|-crit|p2b: Terapagos\n|-damage|p2b: Terapagos|41\/100\n|move|p2b: Terapagos|Calm Mind|p2b: Terapagos\n|-boost|p2b: Terapagos|spa|1\n|-boost|p2b: Terapagos|spd|1\n|move|p1b: Incineroar|Will-O-Wisp|p2b: Terapagos\n|-status|p2b: Terapagos|brn\n|\n|-damage|p2b: Terapagos|35\/100 brn|[from] brn\n|upkeep\n|turn|8\n|\n|t:|1736540106\n|move|p1a: Roaring Moon|Acrobatics|p2b: Terapagos\n|-damage|p2b: Terapagos|11\/100 brn\n|move|p2b: Terapagos|Tera Starstorm|p1b: Incineroar|[spread] p1a,p1b\n|-damage|p1a: Roaring Moon|37\/100\n|-damage|p1b: Incineroar|15\/100\n|move|p1b: Incineroar|Knock Off|p2b: Terapagos\n|-damage|p2b: Terapagos|0 fnt\n|faint|p2b: Terapagos\n|\n|win|BigSalta\n|raw|BigSalta's rating: 1622 &rarr; <strong>1642<\/strong><br \/>(+20 for winning)\n|raw|SamP_64's rating: 1614 &rarr; <strong>1594<\/strong><br \/>(-20 for losing)\n|l|\u2606SamP_64\n|player|p2|\n|l|\u2606BigSalta\n|player|p1|\n|l| neebieplayersea\n","uploadtime":1736540258,"views":294,"formatid":"gen9vgc2025regg","rating":1594,"private":0,"password":null}