{"id":"gen9vgc2025regg-2278741529","format":"[Gen 9] VGC 2025 Reg G","players":["BigSalta","Elvegis1"],"log":"|j|\u2606BigSalta\n|j|\u2606Elvegis1\n|t:|1736542784\n|gametype|doubles\n|player|p1|BigSalta|cynthia|1553\n|player|p2|Elvegis1|lucas|1626\n|teamsize|p1|6\n|teamsize|p2|6\n|gen|9\n|tier|[Gen 9] VGC 2025 Reg G\n|rated|\n|rule|Species Clause: Limit one of each Pok\u00e9mon\n|rule|Item Clause: Limit 1 of each item\n|clearpoke\n|poke|p1|Incineroar, L50, M|\n|poke|p1|Urshifu-*, L50, M|\n|poke|p1|Kyogre, L50|\n|poke|p1|Rillaboom, L50, M|\n|poke|p1|Roaring Moon, L50|\n|poke|p1|Amoonguss, L50, M|\n|poke|p2|Incineroar, L50, M|\n|poke|p2|Amoonguss, L50, M|\n|poke|p2|Grimmsnarl, L50, M|\n|poke|p2|Ting-Lu, L50|\n|poke|p2|Tornadus, L50, M|\n|poke|p2|Kyogre, L50|\n|teampreview|4\n|inactive|Battle timer is ON: inactive players will automatically lose when time's up. (requested by Elvegis1)\n|inactive|BigSalta has 60 seconds left.\n|inactive|Elvegis1 has 60 seconds left.\n|inactive|BigSalta has 30 seconds left.\n|inactive|BigSalta has 20 seconds left.\n|\n|t:|1736542859\n|start\n|switch|p1a: Rillaboom|Rillaboom, L50, M|100\/100\n|switch|p1b: Kyogre|Kyogre, L50|100\/100\n|switch|p2a: Tornadus|Tornadus, L50, M|100\/100\n|switch|p2b: Grimmsnarl|Grimmsnarl, L50, M|100\/100\n|-weather|RainDance|[from] ability: Drizzle|[of] p1b: Kyogre\n|-fieldstart|move: Grassy Terrain|[from] ability: Grassy Surge|[of] p1a: Rillaboom\n|turn|1\n|\n|t:|1736542883\n|switch|p1a: Incineroar|Incineroar, L50, M|100\/100\n|-ability|p1a: Incineroar|Intimidate|boost\n|-unboost|p2a: Tornadus|atk|1\n|-unboost|p2b: Grimmsnarl|atk|1\n|move|p2b: Grimmsnarl|Light Screen|p2b: Grimmsnarl\n|-sidestart|p2: Elvegis1|move: Light Screen\n|move|p2a: Tornadus|Bleakwind Storm|p1a: Incineroar|[spread] p1a,p1b\n|-damage|p1a: Incineroar|75\/100\n|-damage|p1b: Kyogre|79\/100\n|-unboost|p1a: Incineroar|spe|1\n|move|p1b: Kyogre|Calm Mind|p1b: Kyogre\n|-boost|p1b: Kyogre|spa|1\n|-boost|p1b: Kyogre|spd|1\n|\n|-weather|RainDance|[upkeep]\n|-heal|p1b: Kyogre|85\/100|[from] Grassy Terrain\n|-heal|p1b: Kyogre|91\/100|[from] item: Leftovers\n|-heal|p1a: Incineroar|81\/100|[from] Grassy Terrain\n|upkeep\n|turn|2\n|\n|t:|1736542904\n|switch|p2a: Kyogre|Kyogre, L50|100\/100\n|move|p2b: Grimmsnarl|Thunder Wave|p1b: Kyogre\n|-status|p1b: Kyogre|par\n|move|p1a: Incineroar|Parting Shot|p2a: Kyogre\n|-unboost|p2a: Kyogre|atk|1\n|-unboost|p2a: Kyogre|spa|1\n|\n|t:|1736542914\n|switch|p1a: Rillaboom|Rillaboom, L50, M|100\/100|[from] Parting Shot\n|move|p1b: Kyogre|Calm Mind|p1b: Kyogre\n|-boost|p1b: Kyogre|spa|1\n|-boost|p1b: Kyogre|spd|1\n|\n|-weather|RainDance|[upkeep]\n|-heal|p1b: Kyogre|97\/100 par|[from] Grassy Terrain\n|-heal|p1b: Kyogre|100\/100 par|[from] item: Leftovers\n|upkeep\n|turn|3\n|j| Therazer456\n|\n|t:|1736542938\n|-terastallize|p2a: Kyogre|Grass\n|move|p2b: Grimmsnarl|Thunder Wave|p1a: Rillaboom\n|-status|p1a: Rillaboom|par\n|move|p2a: Kyogre|Calm Mind|p2a: Kyogre\n|-boost|p2a: Kyogre|spa|1\n|-boost|p2a: Kyogre|spd|1\n|move|p1b: Kyogre|Ice Beam|p2a: Kyogre\n|-supereffective|p2a: Kyogre\n|-damage|p2a: Kyogre|59\/100\n|move|p1a: Rillaboom|Wood Hammer|p2a: Kyogre\n|-resisted|p2a: Kyogre\n|-damage|p2a: Kyogre|28\/100\n|-damage|p1a: Rillaboom|91\/100 par|[from] Recoil\n|\n|-weather|RainDance|[upkeep]\n|-heal|p2a: Kyogre|34\/100|[from] Grassy Terrain\n|-heal|p2a: Kyogre|40\/100|[from] item: Leftovers\n|-heal|p1a: Rillaboom|97\/100 par|[from] Grassy Terrain\n|upkeep\n|turn|4\n|\n|t:|1736542954\n|move|p2a: Kyogre|Protect|p2a: Kyogre\n|-singleturn|p2a: Kyogre|Protect\n|move|p2b: Grimmsnarl|Reflect|p2b: Grimmsnarl\n|-sidestart|p2: Elvegis1|Reflect\n|move|p1b: Kyogre|Origin Pulse|p2b: Grimmsnarl|[spread] p2b\n|-activate|p2a: Kyogre|move: Protect\n|-damage|p2b: Grimmsnarl|10\/100\n|move|p1a: Rillaboom|U-turn|p2a: Kyogre\n|-activate|p2a: Kyogre|move: Protect\n|\n|-weather|RainDance|[upkeep]\n|-heal|p2a: Kyogre|46\/100|[from] Grassy Terrain\n|-heal|p2a: Kyogre|52\/100|[from] item: Leftovers\n|-heal|p2b: Grimmsnarl|16\/100|[from] Grassy Terrain\n|-heal|p1a: Rillaboom|100\/100 par|[from] Grassy Terrain\n|upkeep\n|turn|5\n|\n|t:|1736542970\n|move|p2a: Kyogre|Ice Beam|p1a: Rillaboom\n|-supereffective|p1a: Rillaboom\n|-damage|p1a: Rillaboom|52\/100 par\n|move|p2b: Grimmsnarl|Spirit Break|p1a: Rillaboom\n|-damage|p1a: Rillaboom|38\/100 par\n|-unboost|p1a: Rillaboom|spa|1\n|move|p1b: Kyogre|Ice Beam|p2a: Kyogre\n|-supereffective|p2a: Kyogre\n|-damage|p2a: Kyogre|11\/100\n|move|p1a: Rillaboom|U-turn|p2a: Kyogre\n|-supereffective|p2a: Kyogre\n|-damage|p2a: Kyogre|0 fnt\n|faint|p2a: Kyogre\n|\n|t:|1736542985\n|switch|p1a: Urshifu|Urshifu-Rapid-Strike, L50, M|100\/100|[from] U-turn\n|\n|-weather|none\n|-heal|p2b: Grimmsnarl|22\/100|[from] Grassy Terrain\n|-fieldend|move: Grassy Terrain\n|upkeep\n|\n|t:|1736542995\n|switch|p2a: Amoonguss|Amoonguss, L50, M|100\/100\n|turn|6\n|inactive|BigSalta has 30 seconds left.\n|\n|t:|1736543027\n|move|p1a: Urshifu|U-turn|p2b: Grimmsnarl\n|-damage|p2b: Grimmsnarl|4\/100\n|\n|t:|1736543030\n|switch|p1a: Incineroar|Incineroar, L50, M|81\/100|[from] U-turn\n|-ability|p1a: Incineroar|Intimidate|boost\n|-unboost|p2a: Amoonguss|atk|1\n|-unboost|p2b: Grimmsnarl|atk|1\n|move|p2b: Grimmsnarl|Spirit Break|p1b: Kyogre\n|-damage|p1b: Kyogre|88\/100 par\n|-unboost|p1b: Kyogre|spa|1\n|cant|p1b: Kyogre|par\n|move|p2a: Amoonguss|Pollen Puff|p2b: Grimmsnarl\n|-heal|p2b: Grimmsnarl|54\/100\n|\n|-heal|p1b: Kyogre|94\/100 par|[from] item: Leftovers\n|upkeep\n|turn|7\n|inactive|BigSalta has 30 seconds left.\n|j| neebieplayersea\n|inactive|BigSalta has 20 seconds left.\n|\n|t:|1736543069\n|switch|p2b: Tornadus|Tornadus, L50, M|100\/100\n|move|p2a: Amoonguss|Protect|p2a: Amoonguss\n|-singleturn|p2a: Amoonguss|Protect\n|move|p1a: Incineroar|Fake Out|p2b: Tornadus\n|-damage|p2b: Tornadus|92\/100\n|move|p1b: Kyogre|Origin Pulse|p2b: Tornadus|[spread] p2b\n|-activate|p2a: Amoonguss|move: Protect\n|-damage|p2b: Tornadus|35\/100\n|\n|-heal|p1b: Kyogre|99\/100 par|[from] item: Leftovers\n|upkeep\n|turn|8\n|\n|t:|1736543088\n|move|p2b: Tornadus|Bleakwind Storm|p1b: Kyogre|[spread] p1a\n|-miss|p2b: Tornadus|p1b: Kyogre\n|-damage|p1a: Incineroar|53\/100\n|move|p1a: Incineroar|Knock Off|p2a: Amoonguss\n|-damage|p2a: Amoonguss|81\/100\n|-damage|p1a: Incineroar|37\/100|[from] item: Rocky Helmet|[of] p2a: Amoonguss\n|-enditem|p2a: Amoonguss|Rocky Helmet|[from] move: Knock Off|[of] p1a: Incineroar\n|move|p1b: Kyogre|Ice Beam|p2a: Amoonguss\n|-supereffective|p2a: Amoonguss\n|-damage|p2a: Amoonguss|23\/100\n|move|p2a: Amoonguss|Pollen Puff|p2b: Tornadus\n|-heal|p2b: Tornadus|85\/100\n|\n|-heal|p1b: Kyogre|100\/100 par|[from] item: Leftovers\n|-sideend|p2: Elvegis1|move: Light Screen\n|upkeep\n|turn|9\n|\n|t:|1736543111\n|switch|p2a: Grimmsnarl|Grimmsnarl, L50, M|54\/100\n|move|p2b: Tornadus|Bleakwind Storm|p1b: Kyogre|[spread] p1a,p1b\n|-crit|p1a: Incineroar\n|-damage|p1a: Incineroar|0 fnt\n|-damage|p1b: Kyogre|90\/100 par\n|faint|p1a: Incineroar\n|move|p1b: Kyogre|Ice Beam|p2a: Grimmsnarl\n|-damage|p2a: Grimmsnarl|7\/100\n|\n|-heal|p1b: Kyogre|96\/100 par|[from] item: Leftovers\n|upkeep\n|j| continuethesaga\n|\n|t:|1736543129\n|switch|p1a: Urshifu|Urshifu-Rapid-Strike, L50, M|100\/100\n|turn|10\n|\n|t:|1736543143\n|move|p1a: Urshifu|Aqua Jet|p2a: Grimmsnarl\n|-damage|p2a: Grimmsnarl|0 fnt\n|faint|p2a: Grimmsnarl\n|move|p2b: Tornadus|Bleakwind Storm|p1b: Kyogre|[spread] p1a,p1b\n|-supereffective|p1a: Urshifu\n|-damage|p1a: Urshifu|5\/100\n|-damage|p1b: Kyogre|86\/100 par\n|move|p1b: Kyogre|Ice Beam|p2b: Tornadus\n|-supereffective|p2b: Tornadus\n|-damage|p2b: Tornadus|0 fnt\n|faint|p2b: Tornadus\n|\n|-heal|p1b: Kyogre|92\/100 par|[from] item: Leftovers\n|upkeep\n|\n|t:|1736543152\n|switch|p2b: Amoonguss|Amoonguss, L50, M|56\/100\n|turn|11\n|\n|t:|1736543158\n|switch|p1a: Rillaboom|Rillaboom, L50, M|38\/100 par\n|-fieldstart|move: Grassy Terrain|[from] ability: Grassy Surge|[of] p1a: Rillaboom\n|-terastallize|p1b: Kyogre|Grass\n|move|p1b: Kyogre|Ice Beam|p2b: Amoonguss\n|-supereffective|p2b: Amoonguss\n|-damage|p2b: Amoonguss|0 fnt\n|faint|p2b: Amoonguss\n|\n|win|BigSalta\n|raw|BigSalta's rating: 1553 &rarr; <strong>1577<\/strong><br \/>(+24 for winning)\n|raw|Elvegis1's rating: 1626 &rarr; <strong>1602<\/strong><br \/>(-24 for losing)\n|l|\u2606BigSalta\n|player|p1|\n|l|\u2606Elvegis1\n|player|p2|\n|l| continuethesaga\n|l| neebieplayersea\n","uploadtime":1736543369,"views":281,"formatid":"gen9vgc2025regg","rating":1577,"private":0,"password":null}