{"id":"gen9vgc2025regg-2278091437","format":"[Gen 9] VGC 2025 Reg G","players":["darthnius","soubrhue"],"log":"|j|\u2606darthnius\n|j|\u2606soubrhue\n|t:|1736454705\n|gametype|doubles\n|player|p1|darthnius|volkner|1590\n|player|p2|soubrhue|101|1658\n|teamsize|p1|6\n|teamsize|p2|6\n|gen|9\n|tier|[Gen 9] VGC 2025 Reg G\n|rated|\n|rule|Species Clause: Limit one of each Pok\u00e9mon\n|rule|Item Clause: Limit 1 of each item\n|clearpoke\n|poke|p1|Calyrex-Ice, L50|\n|poke|p1|Dondozo, L50, M|\n|poke|p1|Tatsugiri-Droopy, L50, M|\n|poke|p1|Weezing-Galar, L50, M|\n|poke|p1|Whimsicott, L50, F|\n|poke|p1|Landorus, L50, M|\n|poke|p2|Incineroar, L50, M|\n|poke|p2|Urshifu-*, L50, F|\n|poke|p2|Rillaboom, L50, F|\n|poke|p2|Flutter Mane, L50|\n|poke|p2|Terapagos, L50, M|\n|poke|p2|Ogerpon-Hearthflame, L50, F|\n|teampreview|4\n|j| Therazer456\n|inactive|Battle timer is ON: inactive players will automatically lose when time's up. (requested by darthnius)\n|inactive|soubrhue has 60 seconds left.\n|\n|t:|1736454769\n|start\n|switch|p1a: Weezing|Weezing-Galar, L50, M|100\/100\n|switch|p1b: Calyrex|Calyrex-Ice, L50|100\/100\n|switch|p2a: Terapagos|Terapagos, L50, M|100\/100\n|switch|p2b: Incineroar|Incineroar, L50, M|100\/100\n|-activate|p2a: Terapagos|ability: Tera Shift\n|detailschange|p2a: Terapagos|Terapagos-Terastal, L50, M\n|-heal|p2a: Terapagos|100\/100|[silent]\n|-ability|p1a: Weezing|Neutralizing Gas\n|-ability|p1b: Calyrex|As One\n|-ability|p1b: Calyrex|Unnerve\n|turn|1\n|\n|t:|1736454782\n|move|p2b: Incineroar|Fake Out|p1b: Calyrex\n|-damage|p1b: Calyrex|94\/100\n|move|p2a: Terapagos|Substitute|p2a: Terapagos\n|-start|p2a: Terapagos|Substitute\n|-damage|p2a: Terapagos|75\/100\n|move|p1a: Weezing|Poison Gas||[still]|[spread] p2a,p2b\n|-fail|p1a: Weezing\n|-status|p2b: Incineroar|psn\n|cant|p1b: Calyrex|flinch\n|\n|-heal|p2a: Terapagos|82\/100|[from] item: Leftovers\n|-damage|p2b: Incineroar|88\/100 psn|[from] psn\n|upkeep\n|turn|2\n|\n|t:|1736454800\n|move|p2a: Terapagos|Calm Mind|p2a: Terapagos\n|-boost|p2a: Terapagos|spa|1\n|-boost|p2a: Terapagos|spd|1\n|move|p2b: Incineroar|Will-O-Wisp|p1b: Calyrex\n|-status|p1b: Calyrex|brn\n|move|p1a: Weezing|Toxic Spikes|p2a: Terapagos\n|-sidestart|p2: soubrhue|move: Toxic Spikes\n|move|p1b: Calyrex|Close Combat|p2b: Incineroar\n|-supereffective|p2b: Incineroar\n|-damage|p2b: Incineroar|34\/100 psn\n|-unboost|p1b: Calyrex|def|1\n|-unboost|p1b: Calyrex|spd|1\n|-damage|p1b: Calyrex|78\/100 brn|[from] item: Rocky Helmet|[of] p2b: Incineroar\n|\n|-heal|p2a: Terapagos|88\/100|[from] item: Leftovers\n|-damage|p2b: Incineroar|22\/100 psn|[from] psn\n|-damage|p1b: Calyrex|72\/100 brn|[from] brn\n|upkeep\n|turn|3\n|inactive|soubrhue has 30 seconds left.\n|\n|t:|1736454826\n|move|p2a: Terapagos|Tera Starstorm|p1b: Calyrex\n|-damage|p1b: Calyrex|5\/100 brn\n|move|p2b: Incineroar|Parting Shot|p1a: Weezing\n|-unboost|p1a: Weezing|atk|1\n|-unboost|p1a: Weezing|spa|1\n|\n|t:|1736454831\n|switch|p2b: Rillaboom|Rillaboom, L50, F|100\/100|[from] Parting Shot\n|-status|p2b: Rillaboom|psn\n|move|p1a: Weezing|Toxic Spikes|p2a: Terapagos\n|-sidestart|p2: soubrhue|move: Toxic Spikes\n|move|p1b: Calyrex|Close Combat|p2a: Terapagos\n|-supereffective|p2a: Terapagos\n|-end|p2a: Terapagos|Substitute\n|-unboost|p1b: Calyrex|def|1\n|-unboost|p1b: Calyrex|spd|1\n|\n|-heal|p2a: Terapagos|94\/100|[from] item: Leftovers\n|-damage|p2b: Rillaboom|88\/100 psn|[from] psn\n|-damage|p1b: Calyrex|0 fnt|[from] brn\n|faint|p1b: Calyrex\n|upkeep\n|\n|t:|1736454845\n|switch|p1b: Dondozo|Dondozo, L50, M|100\/100\n|turn|4\n|inactive|darthnius has 30 seconds left.\n|\n|t:|1736454874\n|move|p1b: Dondozo|Protect|p1b: Dondozo\n|-singleturn|p1b: Dondozo|Protect\n|move|p2b: Rillaboom|Fake Out|p1b: Dondozo\n|-activate|p1b: Dondozo|move: Protect\n|move|p2a: Terapagos|Substitute|p2a: Terapagos\n|-start|p2a: Terapagos|Substitute\n|-damage|p2a: Terapagos|69\/100\n|move|p1a: Weezing|Poison Gas||[still]|[spread] p2a,p2b\n|-fail|p1a: Weezing\n|-fail|p2b: Rillaboom|psn\n|\n|-heal|p2a: Terapagos|75\/100|[from] item: Leftovers\n|-damage|p2b: Rillaboom|76\/100 psn|[from] psn\n|upkeep\n|turn|5\n|\n|t:|1736454890\n|-end|p1a: Weezing|ability: Neutralizing Gas\n|-fieldstart|move: Grassy Terrain|[from] ability: Grassy Surge|[of] p2b: Rillaboom\n|switch|p1a: Tatsugiri|Tatsugiri-Droopy, L50, M|100\/100\n|-activate|p1a: Tatsugiri|ability: Commander|[of] p1b: Dondozo\n|-boost|p1b: Dondozo|atk|2\n|-boost|p1b: Dondozo|spa|2\n|-boost|p1b: Dondozo|spe|2\n|-boost|p1b: Dondozo|def|2\n|-boost|p1b: Dondozo|spd|2\n|move|p2a: Terapagos|Tera Starstorm|p1b: Dondozo\n|-damage|p1b: Dondozo|79\/100\n|move|p2b: Rillaboom|Wood Hammer|p1b: Dondozo\n|-supereffective|p1b: Dondozo\n|-damage|p1b: Dondozo|37\/100\n|-damage|p2b: Rillaboom|58\/100 psn|[from] Recoil\n|move|p1b: Dondozo|Body Press|p2a: Terapagos\n|-supereffective|p2a: Terapagos\n|-end|p2a: Terapagos|Substitute\n|\n|-heal|p2a: Terapagos|82\/100|[from] Grassy Terrain\n|-heal|p2a: Terapagos|88\/100|[from] item: Leftovers\n|-heal|p2b: Rillaboom|64\/100 psn|[from] Grassy Terrain\n|-heal|p1b: Dondozo|43\/100|[from] Grassy Terrain\n|-heal|p1b: Dondozo|50\/100|[from] item: Leftovers\n|-damage|p2b: Rillaboom|51\/100 psn|[from] psn\n|upkeep\n|turn|6\n|inactive|soubrhue has 30 seconds left.\n|\n|t:|1736454917\n|switch|p2b: Incineroar|Incineroar, L50, M|22\/100 psn\n|-ability|p2b: Incineroar|Intimidate|boost\n|-unboost|p1a: Tatsugiri|atk|1\n|-unboost|p1b: Dondozo|atk|1\n|move|p1b: Dondozo|Protect|p1b: Dondozo\n|-singleturn|p1b: Dondozo|Protect\n|move|p2a: Terapagos|Substitute|p2a: Terapagos\n|-start|p2a: Terapagos|Substitute\n|-damage|p2a: Terapagos|63\/100\n|\n|-heal|p2a: Terapagos|69\/100|[from] Grassy Terrain\n|-heal|p2a: Terapagos|75\/100|[from] item: Leftovers\n|-heal|p1b: Dondozo|56\/100|[from] Grassy Terrain\n|-heal|p1b: Dondozo|62\/100|[from] item: Leftovers\n|-heal|p2b: Incineroar|28\/100 psn|[from] Grassy Terrain\n|-damage|p2b: Incineroar|15\/100 psn|[from] psn\n|upkeep\n|turn|7\n|\n|t:|1736454939\n|move|p2a: Terapagos|Tera Starstorm|p1b: Dondozo\n|-damage|p1b: Dondozo|43\/100\n|move|p1b: Dondozo|Order Up|p2b: Incineroar\n|-damage|p2b: Incineroar|0 fnt\n|faint|p2b: Incineroar\n|-boost|p1b: Dondozo|def|1\n|\n|-heal|p2a: Terapagos|82\/100|[from] Grassy Terrain\n|-heal|p2a: Terapagos|88\/100|[from] item: Leftovers\n|-heal|p1b: Dondozo|50\/100|[from] Grassy Terrain\n|-heal|p1b: Dondozo|56\/100|[from] item: Leftovers\n|upkeep\n|\n|t:|1736454946\n|switch|p2b: Rillaboom|Rillaboom, L50, F|51\/100 psn\n|turn|8\n|\n|t:|1736454952\n|switch|p2b: Ogerpon|Ogerpon-Hearthflame, L50, F|100\/100\n|-status|p2b: Ogerpon|tox\n|-ability|p2b: Ogerpon|Mold Breaker\n|move|p1b: Dondozo|Protect|p1b: Dondozo\n|-singleturn|p1b: Dondozo|Protect\n|move|p2a: Terapagos|Calm Mind|p2a: Terapagos\n|-boost|p2a: Terapagos|spa|1\n|-boost|p2a: Terapagos|spd|1\n|\n|-heal|p2a: Terapagos|94\/100|[from] Grassy Terrain\n|-heal|p2a: Terapagos|100\/100|[from] item: Leftovers\n|-heal|p1b: Dondozo|62\/100|[from] Grassy Terrain\n|-heal|p1b: Dondozo|68\/100|[from] item: Leftovers\n|-damage|p2b: Ogerpon|94\/100 tox|[from] psn\n|upkeep\n|turn|9\n|\n|t:|1736454969\n|move|p2b: Ogerpon|Wood Hammer|p1b: Dondozo\n|-supereffective|p1b: Dondozo\n|-damage|p1b: Dondozo|31\/100\n|-damage|p2b: Ogerpon|76\/100 tox|[from] Recoil\n|move|p2a: Terapagos|Tera Starstorm|p1b: Dondozo\n|-damage|p1b: Dondozo|13\/100\n|move|p1b: Dondozo|Body Press|p2b: Ogerpon\n|-damage|p2b: Ogerpon|14\/100 tox\n|\n|-heal|p2b: Ogerpon|20\/100 tox|[from] Grassy Terrain\n|-heal|p1b: Dondozo|19\/100|[from] Grassy Terrain\n|-heal|p1b: Dondozo|25\/100|[from] item: Leftovers\n|-damage|p2b: Ogerpon|8\/100 tox|[from] psn\n|-fieldend|move: Grassy Terrain\n|upkeep\n|turn|10\n|\n|t:|1736454986\n|move|p1b: Dondozo|Protect|p1b: Dondozo\n|-singleturn|p1b: Dondozo|Protect\n|move|p2b: Ogerpon|Follow Me|p2b: Ogerpon\n|-singleturn|p2b: Ogerpon|move: Follow Me\n|move|p2a: Terapagos|Tera Starstorm|p1b: Dondozo\n|-activate|p1b: Dondozo|move: Protect\n|\n|-heal|p1b: Dondozo|32\/100|[from] item: Leftovers\n|-damage|p2b: Ogerpon|0 fnt|[from] psn\n|faint|p2b: Ogerpon\n|upkeep\n|\n|t:|1736454988\n|switch|p2b: Rillaboom|Rillaboom, L50, F|51\/100 psn\n|-fieldstart|move: Grassy Terrain|[from] ability: Grassy Surge|[of] p2b: Rillaboom\n|turn|11\n|\n|t:|1736455003\n|move|p1b: Dondozo|Protect|p1b: Dondozo\n|-singleturn|p1b: Dondozo|Protect\n|move|p2b: Rillaboom|Grassy Glide|p1b: Dondozo\n|-activate|p1b: Dondozo|move: Protect\n|move|p2a: Terapagos|Tera Starstorm|p1b: Dondozo\n|-activate|p1b: Dondozo|move: Protect\n|\n|-heal|p2b: Rillaboom|57\/100 psn|[from] Grassy Terrain\n|-heal|p1b: Dondozo|38\/100|[from] Grassy Terrain\n|-heal|p1b: Dondozo|44\/100|[from] item: Leftovers\n|-damage|p2b: Rillaboom|45\/100 psn|[from] psn\n|upkeep\n|turn|12\n|c|\u2606soubrhue|triple\n|\n|t:|1736455018\n|move|p1b: Dondozo|Protect||[still]\n|-fail|p1b: Dondozo\n|move|p2a: Terapagos|Tera Starstorm|p1b: Dondozo\n|-crit|p1b: Dondozo\n|-damage|p1b: Dondozo|0 fnt\n|faint|p1b: Dondozo\n|move|p2b: Rillaboom|Wood Hammer|p1a: Tatsugiri\n|-enditem|p1a: Tatsugiri|Focus Sash\n|-damage|p1a: Tatsugiri|1\/100\n|-damage|p2b: Rillaboom|22\/100 psn|[from] Recoil\n|\n|-heal|p1a: Tatsugiri|7\/100|[from] Grassy Terrain\n|-heal|p2b: Rillaboom|28\/100 psn|[from] Grassy Terrain\n|-damage|p2b: Rillaboom|15\/100 psn|[from] psn\n|upkeep\n|c|\u2606soubrhue|GG\n|\n|t:|1736455033\n|switch|p1b: Weezing|Weezing-Galar, L50, M|100\/100\n|-ability|p1b: Weezing|Neutralizing Gas\n|turn|13\n|\n|t:|1736455043\n|-terastallize|p2a: Terapagos|Stellar\n|detailschange|p2a: Terapagos|Terapagos-Stellar, L50, M, tera:Stellar\n|-heal|p2a: Terapagos|100\/100|[silent]\n|move|p1a: Tatsugiri|Protect|p1a: Tatsugiri\n|-singleturn|p1a: Tatsugiri|Protect\n|move|p2a: Terapagos|Tera Starstorm|p1b: Weezing|[spread] p1b\n|-activate|p1a: Tatsugiri|move: Protect\n|-damage|p1b: Weezing|19\/100\n|move|p2b: Rillaboom|Wood Hammer|p1b: Weezing\n|-resisted|p1b: Weezing\n|-damage|p1b: Weezing|0 fnt\n|faint|p1b: Weezing\n|-end|p1b: Weezing|ability: Neutralizing Gas\n|-damage|p2b: Rillaboom|10\/100 psn|[from] Recoil\n|\n|-heal|p1a: Tatsugiri|14\/100|[from] Grassy Terrain\n|-heal|p2b: Rillaboom|16\/100 psn|[from] Grassy Terrain\n|-damage|p2b: Rillaboom|3\/100 psn|[from] psn\n|upkeep\n|turn|14\n|-message|darthnius forfeited.\n|\n|win|soubrhue\n|raw|darthnius's rating: 1590 &rarr; <strong>1574<\/strong><br \/>(-16 for losing)\n|raw|soubrhue's rating: 1658 &rarr; <strong>1674<\/strong><br \/>(+16 for winning)\n|j| Meditate golisopod\n|l|\u2606darthnius\n|player|p1|\n|l| Meditate golisopod\n|l|\u2606soubrhue\n|player|p2|\n","uploadtime":1736455070,"views":24,"formatid":"gen9vgc2025regg","rating":1574,"private":0,"password":null}