{"id":"gen9vgc2025regg-2278767916","format":"[Gen 9] VGC 2025 Reg G","players":["darthnius","sheepie_sheep1"],"log":"|j|\u2606darthnius\n|j|\u2606sheepie_sheep1\n|t:|1736545787\n|gametype|doubles\n|player|p1|darthnius|volkner|1604\n|player|p2|sheepie_sheep1|scientist-gen4dp|1517\n|teamsize|p1|6\n|teamsize|p2|6\n|gen|9\n|tier|[Gen 9] VGC 2025 Reg G\n|rated|\n|rule|Species Clause: Limit one of each Pok\u00e9mon\n|rule|Item Clause: Limit 1 of each item\n|clearpoke\n|poke|p1|Calyrex-Ice, L50|\n|poke|p1|Dondozo, L50, M|\n|poke|p1|Tatsugiri-Droopy, L50, F|\n|poke|p1|Weezing-Galar, L50, F|\n|poke|p1|Whimsicott, L50, F|\n|poke|p1|Landorus, L50, M|\n|poke|p2|Zacian-*, L50|\n|poke|p2|Tornadus, L50, M|\n|poke|p2|Urshifu-*, L50, F|\n|poke|p2|Ogerpon, L50, F|\n|poke|p2|Incineroar, L50, F|\n|poke|p2|Chien-Pao, L50|\n|teampreview|4\n|\n|t:|1736545808\n|start\n|switch|p1a: Weezing|Weezing-Galar, L50, F|100\/100\n|switch|p1b: Calyrex|Calyrex-Ice, L50|100\/100\n|switch|p2a: Zacian|Zacian-Crowned, L50|100\/100\n|switch|p2b: Chien-Pao|Chien-Pao, L50|100\/100\n|-ability|p1a: Weezing|Neutralizing Gas\n|-ability|p1b: Calyrex|As One\n|-ability|p1b: Calyrex|Unnerve\n|turn|1\n|\n|t:|1736545833\n|-end|p1a: Weezing|ability: Neutralizing Gas\n|-ability|p2a: Zacian|Intrepid Sword|boost\n|-boost|p2a: Zacian|atk|1\n|-ability|p2b: Chien-Pao|Sword of Ruin\n|switch|p1a: Dondozo|Dondozo, L50, M|100\/100\n|switch|p1b: Tatsugiri|Tatsugiri-Droopy, L50, F|100\/100\n|-activate|p1b: Tatsugiri|ability: Commander|[of] p1a: Dondozo\n|-boost|p1a: Dondozo|atk|2\n|-boost|p1a: Dondozo|spa|2\n|-boost|p1a: Dondozo|spe|2\n|-boost|p1a: Dondozo|def|2\n|-boost|p1a: Dondozo|spd|2\n|move|p2a: Zacian|Behemoth Blade|p1a: Dondozo\n|-resisted|p1a: Dondozo\n|-damage|p1a: Dondozo|90\/100\n|move|p2b: Chien-Pao|Ice Spinner|p1a: Dondozo\n|-resisted|p1a: Dondozo\n|-damage|p1a: Dondozo|83\/100\n|\n|-heal|p1a: Dondozo|90\/100|[from] item: Leftovers\n|upkeep\n|turn|2\n|\n|t:|1736545857\n|switch|p2b: Ogerpon|Ogerpon, L50, F|100\/100\n|move|p2a: Zacian|Sacred Sword|p1a: Dondozo\n|-damage|p1a: Dondozo|70\/100\n|move|p1a: Dondozo|Order Up|p2b: Ogerpon\n|-damage|p2b: Ogerpon|59\/100\n|-boost|p1a: Dondozo|def|1\n|\n|-heal|p1a: Dondozo|77\/100|[from] item: Leftovers\n|upkeep\n|turn|3\n|\n|t:|1736545877\n|move|p1a: Dondozo|Protect|p1a: Dondozo\n|-singleturn|p1a: Dondozo|Protect\n|move|p2a: Zacian|Sacred Sword|p1a: Dondozo\n|-activate|p1a: Dondozo|move: Protect\n|move|p2b: Ogerpon|Ivy Cudgel|p1a: Dondozo\n|-activate|p1a: Dondozo|move: Protect\n|\n|-heal|p1a: Dondozo|83\/100|[from] item: Leftovers\n|upkeep\n|turn|4\n|\n|t:|1736545887\n|move|p2a: Zacian|Sacred Sword|p1a: Dondozo\n|-damage|p1a: Dondozo|66\/100\n|move|p2b: Ogerpon|Ivy Cudgel|p1a: Dondozo\n|-supereffective|p1a: Dondozo\n|-damage|p1a: Dondozo|44\/100\n|move|p1a: Dondozo|Body Press|p2b: Ogerpon\n|-damage|p2b: Ogerpon|0 fnt\n|faint|p2b: Ogerpon\n|\n|-heal|p1a: Dondozo|50\/100|[from] item: Leftovers\n|upkeep\n|\n|t:|1736545894\n|switch|p2b: Urshifu|Urshifu-Rapid-Strike, L50, F|100\/100\n|turn|5\n|\n|t:|1736545903\n|move|p2b: Urshifu|Surging Strikes|p1a: Dondozo\n|-resisted|p1a: Dondozo\n|-crit|p1a: Dondozo\n|-damage|p1a: Dondozo|44\/100\n|-resisted|p1a: Dondozo\n|-crit|p1a: Dondozo\n|-damage|p1a: Dondozo|38\/100\n|-resisted|p1a: Dondozo\n|-crit|p1a: Dondozo\n|-damage|p1a: Dondozo|32\/100\n|-hitcount|p1a: Dondozo|3\n|move|p2a: Zacian|Sacred Sword|p1a: Dondozo\n|-damage|p1a: Dondozo|13\/100\n|move|p1a: Dondozo|Body Press|p2a: Zacian\n|-damage|p2a: Zacian|52\/100\n|\n|-heal|p1a: Dondozo|19\/100|[from] item: Leftovers\n|upkeep\n|turn|6\n|\n|t:|1736545921\n|move|p2b: Urshifu|Surging Strikes|p1a: Dondozo\n|-resisted|p1a: Dondozo\n|-crit|p1a: Dondozo\n|-damage|p1a: Dondozo|13\/100\n|-resisted|p1a: Dondozo\n|-crit|p1a: Dondozo\n|-damage|p1a: Dondozo|7\/100\n|-resisted|p1a: Dondozo\n|-crit|p1a: Dondozo\n|-damage|p1a: Dondozo|0 fnt\n|faint|p1a: Dondozo\n|-hitcount|p1: Dondozo|3\n|move|p2a: Zacian|Behemoth Blade|p1b: Tatsugiri\n|-resisted|p1b: Tatsugiri\n|-damage|p1b: Tatsugiri|28\/100\n|\n|upkeep\n|\n|t:|1736545934\n|switch|p1a: Calyrex|Calyrex-Ice, L50|100\/100\n|-ability|p1a: Calyrex|As One\n|-ability|p1a: Calyrex|Unnerve\n|turn|7\n|\n|t:|1736545956\n|-terastallize|p1a: Calyrex|Normal\n|move|p2b: Urshifu|Surging Strikes|p1a: Calyrex\n|-crit|p1a: Calyrex\n|-damage|p1a: Calyrex|87\/100\n|-crit|p1a: Calyrex\n|-damage|p1a: Calyrex|73\/100\n|-crit|p1a: Calyrex\n|-damage|p1a: Calyrex|60\/100\n|-hitcount|p1a: Calyrex|3\n|move|p2a: Zacian|Behemoth Blade|p1a: Calyrex\n|-damage|p1a: Calyrex|11\/100\n|move|p1b: Tatsugiri|Muddy Water|p2a: Zacian|[spread] p2b\n|-miss|p1b: Tatsugiri|p2a: Zacian\n|-resisted|p2b: Urshifu\n|-damage|p2b: Urshifu|77\/100\n|move|p1a: Calyrex|Glacial Lance|p2a: Zacian|[spread] p2a,p2b\n|-resisted|p2a: Zacian\n|-resisted|p2b: Urshifu\n|-damage|p2a: Zacian|17\/100\n|-damage|p2b: Urshifu|34\/100\n|\n|upkeep\n|turn|8\n|j| ChilledLotusA\n|\n|t:|1736545980\n|move|p2b: Urshifu|Surging Strikes|p1a: Calyrex\n|-crit|p1a: Calyrex\n|-damage|p1a: Calyrex|0 fnt\n|faint|p1a: Calyrex\n|-hitcount|p1: Calyrex|1\n|move|p2a: Zacian|Behemoth Blade|p1b: Tatsugiri\n|-resisted|p1b: Tatsugiri\n|-damage|p1b: Tatsugiri|0 fnt\n|faint|p1b: Tatsugiri\n|\n|upkeep\n|-message|darthnius forfeited.\n|\n|win|sheepie_sheep1\n|raw|darthnius's rating: 1604 &rarr; <strong>1579<\/strong><br \/>(-25 for losing)\n|raw|sheepie_sheep1's rating: 1517 &rarr; <strong>1542<\/strong><br \/>(+25 for winning)\n|l|\u2606darthnius\n|player|p1|\n|l|\u2606sheepie_sheep1\n|player|p2|\n","uploadtime":1736546134,"views":164,"formatid":"gen9vgc2025regg","rating":1542,"private":0,"password":null}