{"id":"gen9vgc2025regg-2278486425","format":"[Gen 9] VGC 2025 Reg G","players":["PKBR_Hitsuy","stbai"],"log":"|j|\u2606PKBR_Hitsuy\n|j|\u2606stbai\n|t:|1736514745\n|gametype|doubles\n|player|p1|PKBR_Hitsuy|cynthia|1532\n|player|p2|stbai|janitor|1615\n|teamsize|p1|6\n|teamsize|p2|6\n|gen|9\n|tier|[Gen 9] VGC 2025 Reg G\n|rated|\n|rule|Species Clause: Limit one of each Pok\u00e9mon\n|rule|Item Clause: Limit 1 of each item\n|clearpoke\n|poke|p1|Miraidon, L50|\n|poke|p1|Whimsicott, L50, F|\n|poke|p1|Urshifu-*, L50, M|\n|poke|p1|Ogerpon-Hearthflame, L50, F|\n|poke|p1|Iron Hands, L50|\n|poke|p1|Farigiraf, L50, F|\n|poke|p2|Tatsugiri, L50, M|\n|poke|p2|Terapagos, L50, M|\n|poke|p2|Pawmot, L50, F|\n|poke|p2|Flutter Mane, L50|\n|poke|p2|Latios, L50, M|\n|poke|p2|Dondozo, L50, F|\n|teampreview|4\n|inactive|Battle timer is ON: inactive players will automatically lose when time's up. (requested by stbai)\n|\n|t:|1736514765\n|start\n|switch|p1a: Ogerpon|Ogerpon-Hearthflame, L50, F|100\/100\n|switch|p1b: Hera|Whimsicott, L50, F, shiny|100\/100\n|switch|p2a: Latios|Latios, L50, M|100\/100\n|switch|p2b: Flutter Mane|Flutter Mane, L50|100\/100\n|-ability|p1a: Ogerpon|Mold Breaker\n|-enditem|p2b: Flutter Mane|Booster Energy\n|-activate|p2b: Flutter Mane|ability: Protosynthesis|[fromitem]\n|-start|p2b: Flutter Mane|protosynthesisspe\n|turn|1\n|\n|t:|1736514789\n|move|p2b: Flutter Mane|Protect|p2b: Flutter Mane\n|-singleturn|p2b: Flutter Mane|Protect\n|move|p1a: Ogerpon|Spiky Shield|p1a: Ogerpon\n|-singleturn|p1a: Ogerpon|move: Protect\n|move|p1b: Hera|Light Screen|p1b: Hera\n|-sidestart|p1: PKBR_Hitsuy|move: Light Screen\n|move|p2a: Latios|Tailwind|p2a: Latios\n|-sidestart|p2: stbai|move: Tailwind\n|\n|upkeep\n|turn|2\n|\n|t:|1736514803\n|move|p1b: Hera|Encore|p2b: Flutter Mane\n|-start|p2b: Flutter Mane|Encore\n|move|p2b: Flutter Mane|Protect|p2b: Flutter Mane\n|-singleturn|p2b: Flutter Mane|Protect\n|move|p2a: Latios|Luster Purge|p1b: Hera\n|-damage|p1b: Hera|72\/100\n|move|p1a: Ogerpon|Ivy Cudgel|p2b: Flutter Mane|[anim] Ivy Cudgel Fire\n|-activate|p2b: Flutter Mane|move: Protect\n|\n|upkeep\n|turn|3\n|\n|t:|1736514813\n|-end|p2b: Flutter Mane|Protosynthesis|[silent]\n|switch|p2b: Pawmot|Pawmot, L50, F|100\/100\n|move|p1b: Hera|Tailwind|p1b: Hera\n|-sidestart|p1: PKBR_Hitsuy|move: Tailwind\n|move|p2a: Latios|Luster Purge|p1a: Ogerpon\n|-damage|p1a: Ogerpon|74\/100\n|-unboost|p1a: Ogerpon|spd|1\n|move|p1a: Ogerpon|Ivy Cudgel|p2b: Pawmot|[anim] Ivy Cudgel Fire\n|-damage|p2b: Pawmot|9\/100\n|\n|upkeep\n|turn|4\n|\n|t:|1736514828\n|move|p1a: Ogerpon|Spiky Shield|p1a: Ogerpon\n|-singleturn|p1a: Ogerpon|move: Protect\n|move|p2a: Latios|Luster Purge|p1a: Ogerpon\n|-activate|p1a: Ogerpon|move: Protect\n|move|p2b: Pawmot|Close Combat|p1a: Ogerpon\n|-activate|p1a: Ogerpon|move: Protect\n|-damage|p2b: Pawmot|0 fnt|[from] Spiky Shield|[of] p1a: Ogerpon\n|faint|p2b: Pawmot\n|move|p1b: Hera|Moonblast|p2a: Latios\n|-supereffective|p2a: Latios\n|-damage|p2a: Latios|54\/100\n|\n|-sideend|p2: stbai|move: Tailwind\n|upkeep\n|\n|t:|1736514836\n|switch|p2b: Terapagos|Terapagos, L50, M|100\/100\n|-activate|p2b: Terapagos|ability: Tera Shift\n|detailschange|p2b: Terapagos|Terapagos-Terastal, L50, M\n|-heal|p2b: Terapagos|100\/100|[silent]\n|turn|5\n|j| Nanshan\n|\n|t:|1736514856\n|-terastallize|p2b: Terapagos|Stellar\n|detailschange|p2b: Terapagos|Terapagos-Stellar, L50, M, tera:Stellar\n|-heal|p2b: Terapagos|100\/100|[silent]\n|move|p1a: Ogerpon|Ivy Cudgel|p2b: Terapagos|[anim] Ivy Cudgel Fire\n|-damage|p2b: Terapagos|60\/100\n|move|p1b: Hera|Moonblast|p2a: Latios\n|-supereffective|p2a: Latios\n|-damage|p2a: Latios|7\/100\n|move|p2a: Latios|Tailwind|p2a: Latios\n|-sidestart|p2: stbai|move: Tailwind\n|move|p2b: Terapagos|Tera Starstorm|p1b: Hera|[spread] p1a,p1b\n|-damage|p1a: Ogerpon|9\/100\n|-damage|p1b: Hera|29\/100\n|\n|-sideend|p1: PKBR_Hitsuy|move: Light Screen\n|upkeep\n|turn|6\n|\n|t:|1736514876\n|move|p1a: Ogerpon|Spiky Shield|p1a: Ogerpon\n|-singleturn|p1a: Ogerpon|move: Protect\n|move|p1b: Hera|Encore|p2a: Latios\n|-start|p2a: Latios|Encore\n|move|p2a: Latios|Tailwind||[still]\n|-fail|p2a: Latios\n|move|p2b: Terapagos|Tera Starstorm|p1a: Ogerpon|[spread] p1b\n|-activate|p1a: Ogerpon|move: Protect\n|-crit|p1b: Hera\n|-damage|p1b: Hera|0 fnt\n|faint|p1b: Hera\n|\n|-sideend|p1: PKBR_Hitsuy|move: Tailwind\n|upkeep\n|\n|t:|1736514887\n|switch|p1b: Miraidon|Miraidon, L50|100\/100\n|-fieldstart|move: Electric Terrain|[from] ability: Hadron Engine|[of] p1b: Miraidon\n|turn|7\n|\n|t:|1736514907\n|move|p2a: Latios|Tailwind||[still]\n|-fail|p2a: Latios\n|move|p2b: Terapagos|Tera Starstorm|p1a: Ogerpon|[spread] p1a,p1b\n|-damage|p1a: Ogerpon|0 fnt\n|-damage|p1b: Miraidon|45\/100\n|faint|p1a: Ogerpon\n|move|p1b: Miraidon|Volt Switch|p2b: Terapagos\n|-damage|p2b: Terapagos|0 fnt\n|faint|p2b: Terapagos\n|\n|t:|1736514916\n|switch|p1b: Urshifu|Urshifu-Rapid-Strike, L50, M|100\/100|[from] Volt Switch\n|\n|upkeep\n|\n|t:|1736514920\n|switch|p1a: Miraidon|Miraidon, L50|45\/100\n|switch|p2b: Flutter Mane|Flutter Mane, L50|100\/100\n|-activate|p1a: Miraidon|ability: Hadron Engine\n|turn|8\n|\n|t:|1736514933\n|-terastallize|p1a: Miraidon|Fairy\n|move|p2b: Flutter Mane|Dazzling Gleam|p1a: Miraidon|[spread] p1a,p1b\n|-supereffective|p1b: Urshifu\n|-damage|p1a: Miraidon|15\/100\n|-damage|p1b: Urshifu|7\/100\n|move|p2a: Latios|Tailwind||[still]\n|-fail|p2a: Latios\n|move|p1a: Miraidon|Dazzling Gleam|p2b: Flutter Mane|[spread] p2a,p2b\n|-supereffective|p2a: Latios\n|-damage|p2a: Latios|0 fnt\n|-damage|p2b: Flutter Mane|39\/100\n|faint|p2a: Latios\n|move|p1b: Urshifu|Surging Strikes|p2b: Flutter Mane\n|-crit|p2b: Flutter Mane\n|-damage|p2b: Flutter Mane|0 fnt\n|faint|p2b: Flutter Mane\n|-end|p2b: Flutter Mane|Protosynthesis|[silent]\n|-hitcount|p2: Flutter Mane|1\n|\n|win|PKBR_Hitsuy\n|raw|PKBR_Hitsuy's rating: 1532 &rarr; <strong>1555<\/strong><br \/>(+23 for winning)\n|raw|stbai's rating: 1593 &rarr; <strong>1570<\/strong><br \/>(-23 for losing)\n|l|\u2606PKBR_Hitsuy\n|player|p1|\n|l|\u2606stbai\n|player|p2|\n","uploadtime":1736515118,"views":155,"formatid":"gen9vgc2025regg","rating":1555,"private":0,"password":null}