{"id":"gen9vgc2025regg-2278306818","format":"[Gen 9] VGC 2025 Reg G","players":["sheepie_sheep1","cobalt_poke"],"log":"|j|\u2606sheepie_sheep1\n|j|\u2606cobalt_poke\n|t:|1736482582\n|gametype|doubles\n|player|p1|sheepie_sheep1|scientist-gen4dp|1533\n|player|p2|cobalt_poke|170|1590\n|teamsize|p1|6\n|teamsize|p2|6\n|gen|9\n|tier|[Gen 9] VGC 2025 Reg G\n|rated|\n|rule|Species Clause: Limit one of each Pok\u00e9mon\n|rule|Item Clause: Limit 1 of each item\n|clearpoke\n|poke|p1|Zacian-*, L50|\n|poke|p1|Tornadus, L50, M|\n|poke|p1|Urshifu-*, L50, F|\n|poke|p1|Ogerpon, L50, F|\n|poke|p1|Incineroar, L50, F|\n|poke|p1|Chien-Pao, L50|\n|poke|p2|Weezing-Galar, L50, F|\n|poke|p2|Calyrex-Shadow, L50|\n|poke|p2|Dondozo, L50, F|\n|poke|p2|Tatsugiri, L50, M|\n|poke|p2|Incineroar, L50, F|\n|poke|p2|Indeedee-F, L50, F|\n|teampreview|4\n|inactive|Battle timer is ON: inactive players will automatically lose when time's up. (requested by cobalt_poke)\n|\n|t:|1736482619\n|start\n|switch|p1a: Ogerpon|Ogerpon, L50, F|100\/100\n|switch|p1b: Urshifu|Urshifu-Rapid-Strike, L50, F|100\/100\n|switch|p2a: Calyrex|Calyrex-Shadow, L50|100\/100\n|switch|p2b: Incineroar|Incineroar, L50, F|100\/100\n|-ability|p2a: Calyrex|As One\n|-ability|p2a: Calyrex|Unnerve\n|-ability|p2b: Incineroar|Intimidate|boost\n|-unboost|p1a: Ogerpon|atk|1\n|-ability|p1a: Ogerpon|Defiant|boost\n|-boost|p1a: Ogerpon|atk|2\n|-unboost|p1b: Urshifu|atk|1\n|turn|1\n|\n|t:|1736482638\n|move|p1a: Ogerpon|Spiky Shield|p1a: Ogerpon\n|-singleturn|p1a: Ogerpon|move: Protect\n|move|p2b: Incineroar|Fake Out|p1b: Urshifu\n|-damage|p1b: Urshifu|90\/100\n|cant|p1b: Urshifu|flinch\n|move|p2a: Calyrex|Astral Barrage|p1a: Ogerpon|[spread] p1b\n|-activate|p1a: Ogerpon|move: Protect\n|-damage|p1b: Urshifu|0 fnt\n|faint|p1b: Urshifu\n|-ability|p2a: Calyrex|Grim Neigh|boost\n|-boost|p2a: Calyrex|spa|1\n|\n|upkeep\n|\n|t:|1736482642\n|switch|p1b: Chien-Pao|Chien-Pao, L50|100\/100\n|-ability|p1b: Chien-Pao|Sword of Ruin\n|turn|2\n|\n|t:|1736482659\n|-terastallize|p2a: Calyrex|Normal\n|-terastallize|p1a: Ogerpon|Grass\n|detailschange|p1a: Ogerpon|Ogerpon-Teal-Tera, L50, F, tera:Grass\n|-ability|p1a: Ogerpon|Embody Aspect (Teal)|boost\n|-boost|p1a: Ogerpon|spe|1\n|move|p1b: Chien-Pao|Sucker Punch|p2a: Calyrex\n|-damage|p2a: Calyrex|50\/100\n|move|p1a: Ogerpon|Ivy Cudgel|p2a: Calyrex\n|-crit|p2a: Calyrex\n|-damage|p2a: Calyrex|0 fnt\n|faint|p2a: Calyrex\n|move|p2b: Incineroar|Will-O-Wisp|p1a: Ogerpon|[miss]\n|-miss|p2b: Incineroar|p1a: Ogerpon\n|\n|upkeep\n|\n|t:|1736482675\n|switch|p2a: Dondozo|Dondozo, L50, F|100\/100\n|turn|3\n|\n|t:|1736482679\n|move|p2a: Dondozo|Protect|p2a: Dondozo\n|-singleturn|p2a: Dondozo|Protect\n|move|p1a: Ogerpon|Ivy Cudgel|p2a: Dondozo\n|-activate|p2a: Dondozo|move: Protect\n|move|p1b: Chien-Pao|Ice Spinner|p2a: Dondozo\n|-activate|p2a: Dondozo|move: Protect\n|move|p2b: Incineroar|Will-O-Wisp|p1a: Ogerpon\n|-status|p1a: Ogerpon|brn\n|\n|-damage|p1a: Ogerpon|95\/100 brn|[from] brn\n|upkeep\n|turn|4\n|\n|t:|1736482696\n|switch|p2b: Tatsugiri|Tatsugiri, L50, M|100\/100\n|-activate|p2b: Tatsugiri|ability: Commander|[of] p2a: Dondozo\n|-boost|p2a: Dondozo|atk|2\n|-boost|p2a: Dondozo|spa|2\n|-boost|p2a: Dondozo|spe|2\n|-boost|p2a: Dondozo|def|2\n|-boost|p2a: Dondozo|spd|2\n|move|p1a: Ogerpon|Ivy Cudgel|p2a: Dondozo\n|-supereffective|p2a: Dondozo\n|-damage|p2a: Dondozo|74\/100\n|move|p1b: Chien-Pao|Throat Chop|p2a: Dondozo\n|-damage|p2a: Dondozo|59\/100\n|-start|p2a: Dondozo|Throat Chop|[silent]\n|move|p2a: Dondozo|Order Up|p1a: Ogerpon\n|-damage|p1a: Ogerpon|25\/100 brn\n|-boost|p2a: Dondozo|atk|1\n|\n|-heal|p2a: Dondozo|65\/100|[from] item: Leftovers\n|-damage|p1a: Ogerpon|19\/100 brn|[from] brn\n|upkeep\n|turn|5\n|l|\u2606cobalt_poke\n|inactive|cobalt_poke disconnected and has a minute to reconnect!\n|player|p2|\n|inactive|cobalt_poke has 30 seconds left.\n|j|\u2606cobalt_poke\n|inactive|cobalt_poke reconnected and has 30 seconds left.\n|player|p2|cobalt_poke|170|\n|\n|t:|1736482724\n|move|p2a: Dondozo|Protect|p2a: Dondozo\n|-singleturn|p2a: Dondozo|Protect\n|move|p1a: Ogerpon|Ivy Cudgel|p2a: Dondozo\n|-activate|p2a: Dondozo|move: Protect\n|move|p1b: Chien-Pao|Throat Chop|p2a: Dondozo\n|-activate|p2a: Dondozo|move: Protect\n|\n|-heal|p2a: Dondozo|71\/100|[from] item: Leftovers\n|-damage|p1a: Ogerpon|13\/100 brn|[from] brn\n|-end|p2a: Dondozo|Throat Chop|[silent]\n|upkeep\n|turn|6\n|\n|t:|1736482733\n|move|p1a: Ogerpon|Ivy Cudgel|p2a: Dondozo\n|-supereffective|p2a: Dondozo\n|-crit|p2a: Dondozo\n|-damage|p2a: Dondozo|0 fnt\n|faint|p2a: Dondozo\n|move|p1b: Chien-Pao|Throat Chop|p2b: Tatsugiri\n|-damage|p2b: Tatsugiri|0 fnt\n|faint|p2b: Tatsugiri\n|\n|-damage|p1a: Ogerpon|7\/100 brn|[from] brn\n|upkeep\n|-message|cobalt_poke forfeited.\n|\n|win|sheepie_sheep1\n|raw|sheepie_sheep1's rating: 1533 &rarr; <strong>1556<\/strong><br \/>(+23 for winning)\n|raw|cobalt_poke's rating: 1590 &rarr; <strong>1567<\/strong><br \/>(-23 for losing)\n|l|\u2606cobalt_poke\n|player|p2|\n|l|\u2606sheepie_sheep1\n|player|p1|\n","uploadtime":1736482929,"views":216,"formatid":"gen9vgc2025regg","rating":1556,"private":0,"password":null}