{"id":"gen9vgc2025regg-2278778511","format":"[Gen 9] VGC 2025 Reg G","players":["darthnius","bluestraggler01"],"log":"|j|\u2606darthnius\n|j|\u203dbluestraggler01\n|t:|1736547035\n|gametype|doubles\n|player|p1|darthnius|volkner|1570\n|player|p2|bluestraggler01|170|1583\n|teamsize|p1|6\n|teamsize|p2|6\n|gen|9\n|tier|[Gen 9] VGC 2025 Reg G\n|rated|\n|rule|Species Clause: Limit one of each Pok\u00e9mon\n|rule|Item Clause: Limit 1 of each item\n|clearpoke\n|poke|p1|Calyrex-Ice, L50|\n|poke|p1|Dondozo, L50, M|\n|poke|p1|Tatsugiri-Droopy, L50, M|\n|poke|p1|Weezing-Galar, L50, M|\n|poke|p1|Whimsicott, L50, F|\n|poke|p1|Landorus, L50, M|\n|poke|p2|Kyurem-White, L50|\n|poke|p2|Tornadus, L50, M|\n|poke|p2|Chi-Yu, L50|\n|poke|p2|Iron Hands, L50|\n|poke|p2|Urshifu-*, L50, M|\n|poke|p2|Flutter Mane, L50|\n|teampreview|4\n|j| ideaE\n|inactive|Battle timer is ON: inactive players will automatically lose when time's up. (requested by darthnius)\n|\n|t:|1736547068\n|start\n|switch|p1a: Weezing|Weezing-Galar, L50, M|100\/100\n|switch|p1b: Calyrex|Calyrex-Ice, L50|100\/100\n|switch|p2a: Urshifu|Urshifu-Rapid-Strike, L50, M|100\/100\n|switch|p2b: Chi-Yu|Chi-Yu, L50|100\/100\n|-ability|p1a: Weezing|Neutralizing Gas\n|-ability|p1b: Calyrex|As One\n|-ability|p1b: Calyrex|Unnerve\n|turn|1\n|inactive|darthnius has 30 seconds left.\n|\n|t:|1736547099\n|move|p1a: Weezing|Protect|p1a: Weezing\n|-singleturn|p1a: Weezing|Protect\n|move|p2b: Chi-Yu|Dark Pulse|p1b: Calyrex\n|-supereffective|p1b: Calyrex\n|-damage|p1b: Calyrex|47\/100\n|move|p2a: Urshifu|Close Combat|p1b: Calyrex\n|-damage|p1b: Calyrex|1\/100\n|-unboost|p2a: Urshifu|def|1\n|-unboost|p2a: Urshifu|spd|1\n|-damage|p2a: Urshifu|91\/100|[from] item: Life Orb\n|cant|p1b: Calyrex|flinch\n|\n|upkeep\n|turn|2\n|\n|t:|1736547118\n|move|p2a: Urshifu|Detect|p2a: Urshifu\n|-singleturn|p2a: Urshifu|Protect\n|move|p2b: Chi-Yu|Dark Pulse|p1b: Calyrex\n|-supereffective|p1b: Calyrex\n|-damage|p1b: Calyrex|0 fnt\n|faint|p1b: Calyrex\n|move|p1a: Weezing|Toxic Spikes|p2a: Urshifu\n|-sidestart|p2: bluestraggler01|move: Toxic Spikes\n|\n|upkeep\n|\n|t:|1736547126\n|switch|p1b: Dondozo|Dondozo, L50, M|100\/100\n|turn|3\n|\n|t:|1736547134\n|switch|p2b: Flutter Mane|Flutter Mane, L50|100\/100\n|-status|p2b: Flutter Mane|psn\n|move|p1b: Dondozo|Protect|p1b: Dondozo\n|-singleturn|p1b: Dondozo|Protect\n|move|p2a: Urshifu|Surging Strikes|p1a: Weezing\n|-crit|p1a: Weezing\n|-damage|p1a: Weezing|80\/100\n|-crit|p1a: Weezing\n|-damage|p1a: Weezing|57\/100\n|-crit|p1a: Weezing\n|-damage|p1a: Weezing|37\/100\n|-hitcount|p1a: Weezing|3\n|-damage|p2a: Urshifu|82\/100|[from] item: Life Orb\n|move|p1a: Weezing|Toxic Spikes|p2b: Flutter Mane\n|-sidestart|p2: bluestraggler01|move: Toxic Spikes\n|\n|-damage|p2b: Flutter Mane|88\/100 psn|[from] psn\n|upkeep\n|turn|4\n|j| Avocado88\n|inactive|bluestraggler01 has 30 seconds left.\n|\n|t:|1736547160\n|switch|p2a: Chi-Yu|Chi-Yu, L50|100\/100\n|-status|p2a: Chi-Yu|tox\n|-end|p1a: Weezing|ability: Neutralizing Gas\n|-ability|p2a: Chi-Yu|Beads of Ruin\n|switch|p1a: Tatsugiri|Tatsugiri-Droopy, L50, M|100\/100\n|-enditem|p2b: Flutter Mane|Booster Energy\n|-activate|p2b: Flutter Mane|ability: Protosynthesis|[fromitem]\n|-start|p2b: Flutter Mane|protosynthesisspe\n|-activate|p1a: Tatsugiri|ability: Commander|[of] p1b: Dondozo\n|-boost|p1b: Dondozo|atk|2\n|-boost|p1b: Dondozo|spa|2\n|-boost|p1b: Dondozo|spe|2\n|-boost|p1b: Dondozo|def|2\n|-boost|p1b: Dondozo|spd|2\n|move|p2b: Flutter Mane|Moonblast|p1b: Dondozo\n|-damage|p1b: Dondozo|79\/100\n|move|p1b: Dondozo|Body Press|p2a: Chi-Yu\n|-supereffective|p2a: Chi-Yu\n|-damage|p2a: Chi-Yu|0 fnt\n|faint|p2a: Chi-Yu\n|\n|-heal|p1b: Dondozo|86\/100|[from] item: Leftovers\n|-damage|p2b: Flutter Mane|76\/100 psn|[from] psn\n|upkeep\n|j| number86\n|l| number86\n|\n|t:|1736547174\n|switch|p2a: Kyurem|Kyurem-White, L50|100\/100\n|-status|p2a: Kyurem|tox\n|-ability|p2a: Kyurem|Turboblaze\n|turn|5\n|\n|t:|1736547191\n|move|p1b: Dondozo|Protect|p1b: Dondozo\n|-singleturn|p1b: Dondozo|Protect\n|move|p2b: Flutter Mane|Moonblast|p1b: Dondozo\n|-activate|p1b: Dondozo|move: Protect\n|move|p2a: Kyurem|Freeze-Dry|p1b: Dondozo\n|-activate|p1b: Dondozo|move: Protect\n|\n|-heal|p1b: Dondozo|92\/100|[from] item: Leftovers\n|-damage|p2b: Flutter Mane|63\/100 psn|[from] psn\n|-damage|p2a: Kyurem|95\/100 tox|[from] psn\n|upkeep\n|turn|6\n|\n|t:|1736547208\n|-terastallize|p1b: Dondozo|Steel\n|move|p2b: Flutter Mane|Shadow Ball|p1b: Dondozo\n|-damage|p1b: Dondozo|77\/100\n|move|p2a: Kyurem|Freeze-Dry|p1b: Dondozo\n|-resisted|p1b: Dondozo\n|-damage|p1b: Dondozo|65\/100\n|move|p1b: Dondozo|Body Press|p2a: Kyurem\n|-supereffective|p2a: Kyurem\n|-damage|p2a: Kyurem|4\/100 tox\n|\n|-heal|p1b: Dondozo|72\/100|[from] item: Leftovers\n|-damage|p2b: Flutter Mane|51\/100 psn|[from] psn\n|-damage|p2a: Kyurem|0 fnt|[from] psn\n|faint|p2a: Kyurem\n|upkeep\n|\n|t:|1736547218\n|switch|p2a: Urshifu|Urshifu-Rapid-Strike, L50, M|82\/100\n|-status|p2a: Urshifu|tox\n|turn|7\n|\n|t:|1736547230\n|-terastallize|p2a: Urshifu|Stellar\n|move|p2b: Flutter Mane|Shadow Ball|p1b: Dondozo\n|-damage|p1b: Dondozo|56\/100\n|move|p2a: Urshifu|Surging Strikes|p1b: Dondozo\n|-crit|p1b: Dondozo\n|-damage|p1b: Dondozo|36\/100\n|-crit|p1b: Dondozo\n|-damage|p1b: Dondozo|18\/100\n|-crit|p1b: Dondozo\n|-damage|p1b: Dondozo|0 fnt\n|faint|p1b: Dondozo\n|-hitcount|p1: Dondozo|3\n|-damage|p2a: Urshifu|72\/100 tox|[from] item: Life Orb\n|\n|-damage|p2b: Flutter Mane|38\/100 psn|[from] psn\n|-damage|p2a: Urshifu|66\/100 tox|[from] psn\n|upkeep\n|\n|t:|1736547246\n|switch|p1b: Weezing|Weezing-Galar, L50, M|37\/100\n|-ability|p1b: Weezing|Neutralizing Gas\n|turn|8\n|\n|t:|1736547256\n|move|p1a: Tatsugiri|Protect|p1a: Tatsugiri\n|-singleturn|p1a: Tatsugiri|Protect\n|move|p1b: Weezing|Protect|p1b: Weezing\n|-singleturn|p1b: Weezing|Protect\n|move|p2b: Flutter Mane|Shadow Ball|p1a: Tatsugiri\n|-activate|p1a: Tatsugiri|move: Protect\n|move|p2a: Urshifu|Close Combat|p1a: Tatsugiri\n|-activate|p1a: Tatsugiri|move: Protect\n|\n|-damage|p2b: Flutter Mane|26\/100 psn|[from] psn\n|-damage|p2a: Urshifu|54\/100 tox|[from] psn\n|upkeep\n|turn|9\n|\n|t:|1736547277\n|move|p2b: Flutter Mane|Shadow Ball|p1b: Weezing\n|-damage|p1b: Weezing|0 fnt\n|faint|p1b: Weezing\n|-end|p1b: Weezing|ability: Neutralizing Gas\n|move|p2a: Urshifu|Close Combat|p1a: Tatsugiri\n|-crit|p1a: Tatsugiri\n|-enditem|p1a: Tatsugiri|Focus Sash\n|-damage|p1a: Tatsugiri|1\/100\n|-unboost|p2a: Urshifu|def|1\n|-unboost|p2a: Urshifu|spd|1\n|-damage|p2a: Urshifu|44\/100 tox|[from] item: Life Orb\n|move|p1a: Tatsugiri|Draco Meteor|p2a: Urshifu\n|-damage|p2a: Urshifu|0 fnt\n|-unboost|p1a: Tatsugiri|spa|2\n|faint|p2a: Urshifu\n|\n|-damage|p2b: Flutter Mane|14\/100 psn|[from] psn\n|upkeep\n|turn|10\n|\n|t:|1736547299\n|move|p1a: Tatsugiri|Protect|p1a: Tatsugiri\n|-singleturn|p1a: Tatsugiri|Protect\n|move|p2b: Flutter Mane|Moonblast|p1a: Tatsugiri\n|-activate|p1a: Tatsugiri|move: Protect\n|\n|-damage|p2b: Flutter Mane|1\/100 psn|[from] psn\n|upkeep\n|turn|11\n|\n|t:|1736547307\n|move|p1a: Tatsugiri|Protect||[still]\n|-fail|p1a: Tatsugiri\n|move|p2b: Flutter Mane|Moonblast|p1a: Tatsugiri\n|-supereffective|p1a: Tatsugiri\n|-damage|p1a: Tatsugiri|0 fnt\n|faint|p1a: Tatsugiri\n|\n|win|bluestraggler01\n|raw|darthnius's rating: 1570 &rarr; <strong>1551<\/strong><br \/>(-19 for losing)\n|raw|bluestraggler01's rating: 1583 &rarr; <strong>1602<\/strong><br \/>(+19 for winning)\n|l|\u203dbluestraggler01\n|player|p2|\n|l| Avocado88\n|l|\u2606darthnius\n|player|p1|\n","uploadtime":1736547516,"views":172,"formatid":"gen9vgc2025regg","rating":1551,"private":0,"password":null}