{"id":"gen9vgc2025regg-2278651982","format":"[Gen 9] VGC 2025 Reg G","players":["Diestoise","Arkalid"],"log":"|j|\u2606Diestoise\n|j|\u2606Arkalid\n|t:|1736533309\n|gametype|doubles\n|player|p1|Diestoise|blue|1615\n|player|p2|Arkalid|2|1565\n|teamsize|p1|6\n|teamsize|p2|6\n|gen|9\n|tier|[Gen 9] VGC 2025 Reg G\n|rated|\n|rule|Species Clause: Limit one of each Pok\u00e9mon\n|rule|Item Clause: Limit 1 of each item\n|clearpoke\n|poke|p1|Koraidon, L50|\n|poke|p1|Raging Bolt, L50|\n|poke|p1|Entei, L50|\n|poke|p1|Flutter Mane, L50|\n|poke|p1|Venusaur, L50, M|\n|poke|p1|Ditto, L50|\n|poke|p2|Zamazenta-*, L50|\n|poke|p2|Flutter Mane, L50|\n|poke|p2|Chi-Yu, L50|\n|poke|p2|Rillaboom, L50, F|\n|poke|p2|Urshifu-*, L50, F|\n|poke|p2|Ogerpon-Cornerstone, L50, F|\n|teampreview|4\n|inactive|Battle timer is ON: inactive players will automatically lose when time's up. (requested by Arkalid)\nArkalid has agreed to open team sheets.\n|j| UI Rain\n|inactive|Diestoise has 60 seconds left.\n|inactive|Arkalid has 60 seconds left.\n|\n|t:|1736533368\n|start\n|switch|p1a: Entei|Entei, L50|100\/100\n|switch|p1b: Koraidon|Koraidon, L50|100\/100\n|switch|p2a: Zamazenta|Zamazenta-Crowned, L50|100\/100\n|switch|p2b: Ogerpon|Ogerpon-Cornerstone, L50, F|100\/100\n|-weather|SunnyDay|[from] ability: Orichalcum Pulse|[of] p1b: Koraidon\n|-activate|p1b: Koraidon|Orichalcum Pulse|[source]\n|-ability|p2a: Zamazenta|Dauntless Shield|boost\n|-boost|p2a: Zamazenta|def|1\n|turn|1\n|\n|t:|1736533384\n|move|p1a: Entei|Extreme Speed|p2b: Ogerpon\n|-resisted|p2b: Ogerpon\n|-damage|p2b: Ogerpon|83\/100\n|move|p1b: Koraidon|Collision Course|p2b: Ogerpon\n|-supereffective|p2b: Ogerpon\n|-damage|p2b: Ogerpon|0 fnt\n|faint|p2b: Ogerpon\n|move|p2a: Zamazenta|Body Press|p1b: Koraidon\n|-damage|p1b: Koraidon|35\/100\n|\n|-weather|SunnyDay|[upkeep]\n|upkeep\n|\n|t:|1736533402\n|switch|p2b: Flutter Mane|Flutter Mane, L50|100\/100\n|-activate|p2b: Flutter Mane|ability: Protosynthesis\n|-start|p2b: Flutter Mane|protosynthesisspe\n|turn|2\n|\n|t:|1736533421\n|switch|p1b: Venusaur|Venusaur, L50, M, shiny|100\/100\n|move|p2b: Flutter Mane|Protect|p2b: Flutter Mane\n|-singleturn|p2b: Flutter Mane|Protect\n|move|p2a: Zamazenta|Heavy Slam|p1a: Entei\n|-resisted|p1a: Entei\n|-damage|p1a: Entei|86\/100\n|move|p1a: Entei|Sacred Fire|p2b: Flutter Mane\n|-activate|p2b: Flutter Mane|move: Protect\n|\n|-weather|SunnyDay|[upkeep]\n|upkeep\n|turn|3\n|inactive|Diestoise has 30 seconds left.\n|\n|t:|1736533447\n|-terastallize|p2b: Flutter Mane|Grass\n|move|p2a: Zamazenta|Protect|p2a: Zamazenta\n|-singleturn|p2a: Zamazenta|Protect\n|move|p2b: Flutter Mane|Icy Wind|p1a: Entei|[spread] p1a,p1b\n|-resisted|p1a: Entei\n|-supereffective|p1b: Venusaur\n|-damage|p1a: Entei|82\/100\n|-damage|p1b: Venusaur|76\/100\n|-unboost|p1a: Entei|spe|1\n|move|p1b: Venusaur|Sleep Powder|p2a: Zamazenta\n|-activate|p2a: Zamazenta|move: Protect\n|move|p1a: Entei|Sacred Fire|p2b: Flutter Mane\n|-supereffective|p2b: Flutter Mane\n|-damage|p2b: Flutter Mane|0 fnt\n|faint|p2b: Flutter Mane\n|-end|p2b: Flutter Mane|Protosynthesis|[silent]\n|\n|-weather|SunnyDay|[upkeep]\n|upkeep\n|\n|t:|1736533460\n|switch|p2b: Chi-Yu|Chi-Yu, L50|100\/100\n|-ability|p2b: Chi-Yu|Beads of Ruin\n|turn|4\n|\n|t:|1736533470\n|move|p1b: Venusaur|Sleep Powder|p2a: Zamazenta\n|-status|p2a: Zamazenta|slp|[from] move: Sleep Powder\n|move|p2b: Chi-Yu|Heat Wave|p1b: Venusaur|[spread] p1a,p1b\n|-resisted|p1a: Entei\n|-supereffective|p1b: Venusaur\n|-damage|p1a: Entei|58\/100\n|-damage|p1b: Venusaur|0 fnt\n|faint|p1b: Venusaur\n|cant|p2a: Zamazenta|slp\n|move|p1a: Entei|Stomping Tantrum|p2b: Chi-Yu\n|-supereffective|p2b: Chi-Yu\n|-damage|p2b: Chi-Yu|27\/100\n|\n|-weather|SunnyDay|[upkeep]\n|upkeep\n|\n|t:|1736533484\n|switch|p1b: Ditto|Ditto, L50|100\/100\n|-transform|p1b: Ditto|p2a: Zamazenta|[from] ability: Imposter\n|-ability|p1b: Ditto|Dauntless Shield|boost\n|-boost|p1b: Ditto|def|1\n|turn|5\n|inactive|Diestoise has 30 seconds left.\n|\n|t:|1736533520\n|-terastallize|p1b: Ditto|Ghost\n|move|p1b: Ditto|Wide Guard|p1b: Ditto\n|-singleturn|p1b: Ditto|Wide Guard\n|move|p2b: Chi-Yu|Heat Wave|p1b: Ditto|[spread] \n|-activate|p1a: Entei|move: Wide Guard\n|-activate|p1b: Ditto|move: Wide Guard\n|cant|p2a: Zamazenta|slp\n|move|p1a: Entei|Stomping Tantrum|p2b: Chi-Yu\n|-supereffective|p2b: Chi-Yu\n|-damage|p2b: Chi-Yu|0 fnt\n|faint|p2b: Chi-Yu\n|\n|-weather|none\n|upkeep\n|turn|6\n|j| cma_d3\n|\n|t:|1736533538\n|-curestatus|p2a: Zamazenta|slp|[msg]\n|move|p2a: Zamazenta|Body Press|p1a: Entei\n|-damage|p1a: Entei|0 fnt\n|faint|p1a: Entei\n|move|p1b: Ditto|Body Press|p2a: Zamazenta\n|-supereffective|p2a: Zamazenta\n|-damage|p2a: Zamazenta|20\/100\n|\n|upkeep\n|-message|Arkalid forfeited.\n|\n|win|Diestoise\n|raw|Diestoise's rating: 1615 &rarr; <strong>1632<\/strong><br \/>(+17 for winning)\n|raw|Arkalid's rating: 1565 &rarr; <strong>1548<\/strong><br \/>(-17 for losing)\n|l| cma_d3\n|l|\u2606Diestoise\n|player|p1|\n","uploadtime":1736533695,"views":191,"formatid":"gen9vgc2025regg","rating":1548,"private":0,"password":null}