{"id":"gen9vgc2025regg-2278633812","format":"[Gen 9] VGC 2025 Reg G","players":["tplusplus","NoPants1101"],"log":"|j|\u2606tplusplus\n|j|\u2606NoPants1101\n|t:|1736531423\n|gametype|doubles\n|player|p1|tplusplus|perrin|1668\n|player|p2|NoPants1101|rei|1586\n|teamsize|p1|6\n|teamsize|p2|6\n|gen|9\n|tier|[Gen 9] VGC 2025 Reg G\n|rated|\n|rule|Species Clause: Limit one of each Pok\u00e9mon\n|rule|Item Clause: Limit 1 of each item\n|clearpoke\n|poke|p1|Smeargle, L50, M|\n|poke|p1|Calyrex-Ice, L50|\n|poke|p1|Ursaluna-Bloodmoon, L50, M|\n|poke|p1|Annihilape, L50, M|\n|poke|p1|Urshifu-*, L50, M|\n|poke|p1|Ogerpon-Wellspring, L50, F|\n|poke|p2|Calyrex-Shadow, L50|\n|poke|p2|Weezing-Galar, L50, M|\n|poke|p2|Roaring Moon, L50|\n|poke|p2|Tatsugiri-Droopy, L50, M|\n|poke|p2|Dondozo, L50, F|\n|poke|p2|Indeedee-F, L50, F|\n|teampreview|4\n|\n|t:|1736531445\n|start\n|switch|p1a: \u6c84\u6c84|Ogerpon-Wellspring, L50, F|100\/100\n|switch|p1b: \u7389\u82f1|Calyrex-Ice, L50|100\/100\n|switch|p2a: Calyrex|Calyrex-Shadow, L50|100\/100\n|switch|p2b: Weezing|Weezing-Galar, L50, M|100\/100\n|-ability|p2a: Calyrex|As One\n|-ability|p2a: Calyrex|Unnerve\n|-ability|p2b: Weezing|Neutralizing Gas\n|-ability|p1b: \u7389\u82f1|As One\n|-ability|p1b: \u7389\u82f1|Unnerve\n|turn|1\n|j| judang\n|\n|t:|1736531469\n|move|p1b: \u7389\u82f1|Protect|p1b: \u7389\u82f1\n|-singleturn|p1b: \u7389\u82f1|Protect\n|move|p2a: Calyrex|Astral Barrage|p1b: \u7389\u82f1|[spread] p1a\n|-activate|p1b: \u7389\u82f1|move: Protect\n|-damage|p1a: \u6c84\u6c84|42\/100\n|-damage|p2a: Calyrex|91\/100|[from] item: Life Orb\n|move|p1a: \u6c84\u6c84|Taunt|p2b: Weezing\n|-start|p2b: Weezing|move: Taunt\n|cant|p2b: Weezing|move: Taunt|Poison Gas\n|\n|upkeep\n|turn|2\n|\n|t:|1736531488\n|switch|p1a: \u6bb7\u6708|Ursaluna-Bloodmoon, L50, M|100\/100\n|-terastallize|p1b: \u7389\u82f1|Water\n|move|p2a: Calyrex|Astral Barrage|p1b: \u7389\u82f1|[spread] p1b\n|-immune|p1a: \u6bb7\u6708\n|-damage|p1b: \u7389\u82f1|57\/100\n|-damage|p2a: Calyrex|82\/100|[from] item: Life Orb\n|move|p2b: Weezing|Dazzling Gleam|p1a: \u6bb7\u6708|[spread] p1a,p1b\n|-damage|p1a: \u6bb7\u6708|81\/100\n|-damage|p1b: \u7389\u82f1|44\/100\n|move|p1b: \u7389\u82f1|Trick Room|p1b: \u7389\u82f1\n|-fieldstart|move: Trick Room|[of] p1b: \u7389\u82f1\n|\n|upkeep\n|turn|3\n|\n|t:|1736531505\n|move|p2a: Calyrex|Protect|p2a: Calyrex\n|-singleturn|p2a: Calyrex|Protect\n|move|p1a: \u6bb7\u6708|Hyper Voice|p2b: Weezing|[spread] p2b\n|-activate|p2a: Calyrex|move: Protect\n|-damage|p2b: Weezing|45\/100\n|-damage|p1a: \u6bb7\u6708|72\/100|[from] item: Life Orb\n|move|p1b: \u7389\u82f1|Glacial Lance|p2b: Weezing|[spread] p2b\n|-activate|p2a: Calyrex|move: Protect\n|-damage|p2b: Weezing|0 fnt\n|faint|p2b: Weezing\n|-end|p2b: Weezing|ability: Neutralizing Gas\n|-ability|p1b: \u7389\u82f1|Chilling Neigh|boost\n|-boost|p1b: \u7389\u82f1|atk|1\n|\n|upkeep\n|\n|t:|1736531518\n|switch|p2b: Dondozo|Dondozo, L50, F|100\/100\n|turn|4\n|\n|t:|1736531529\n|switch|p1b: \u7f28\u626c|Urshifu, L50, M|100\/100\n|switch|p2a: Tatsugiri|Tatsugiri-Droopy, L50, M|100\/100\n|-activate|p2a: Tatsugiri|ability: Commander|[of] p2b: Dondozo\n|-boost|p2b: Dondozo|atk|2\n|-boost|p2b: Dondozo|spa|2\n|-boost|p2b: Dondozo|spe|2\n|-boost|p2b: Dondozo|def|2\n|-boost|p2b: Dondozo|spd|2\n|move|p1a: \u6bb7\u6708|Hyper Voice|p2a: Tatsugiri|[spread] p2b\n|-miss|p1a: \u6bb7\u6708|p2a: Tatsugiri\n|-damage|p2b: Dondozo|78\/100\n|-damage|p1a: \u6bb7\u6708|62\/100|[from] item: Life Orb\n|move|p2b: Dondozo|Order Up|p1b: \u7f28\u626c\n|-damage|p1b: \u7f28\u626c|65\/100\n|-boost|p2b: Dondozo|def|1\n|\n|-heal|p2b: Dondozo|84\/100|[from] item: Leftovers\n|upkeep\n|turn|5\n|\n|t:|1736531558\n|move|p1a: \u6bb7\u6708|Earth Power|p2b: Dondozo\n|-damage|p2b: Dondozo|51\/100\n|-damage|p1a: \u6bb7\u6708|53\/100|[from] item: Life Orb\n|move|p1b: \u7f28\u626c|Wicked Blow|p2b: Dondozo\n|-crit|p2b: Dondozo\n|-damage|p2b: Dondozo|0 fnt\n|faint|p2b: Dondozo\n|\n|upkeep\n|\n|t:|1736531566\n|switch|p2b: Calyrex|Calyrex-Shadow, L50|82\/100\n|-ability|p2b: Calyrex|As One\n|-ability|p2b: Calyrex|Unnerve\n|turn|6\n|j| ndnwv8\n|\n|t:|1736531574\n|-terastallize|p2b: Calyrex|Normal\n|move|p2b: Calyrex|Protect|p2b: Calyrex\n|-singleturn|p2b: Calyrex|Protect\n|move|p1a: \u6bb7\u6708|Blood Moon|p2a: Tatsugiri\n|-enditem|p2a: Tatsugiri|Focus Sash\n|-damage|p2a: Tatsugiri|1\/100\n|-damage|p1a: \u6bb7\u6708|43\/100|[from] item: Life Orb\n|move|p1b: \u7f28\u626c|Wicked Blow|p2b: Calyrex\n|-crit|p2b: Calyrex\n|-damage|p2b: Calyrex|0 fnt\n|faint|p2b: Calyrex\n|move|p2a: Tatsugiri|Muddy Water|p1a: \u6bb7\u6708|[spread] p1a,p1b\n|-supereffective|p1a: \u6bb7\u6708\n|-damage|p1a: \u6bb7\u6708|0 fnt\n|-damage|p1b: \u7f28\u626c|23\/100\n|faint|p1a: \u6bb7\u6708\n|\n|-fieldend|move: Trick Room\n|upkeep\n|\n|t:|1736531587\n|switch|p1a: \u6c84\u6c84|Ogerpon-Wellspring, L50, F|42\/100\n|turn|7\n|-message|NoPants1101 forfeited.\n|\n|win|tplusplus\n|raw|tplusplus's rating: 1668 &rarr; <strong>1683<\/strong><br \/>(+15 for winning)\n|raw|NoPants1101's rating: 1586 &rarr; <strong>1571<\/strong><br \/>(-15 for losing)\n|l|\u2606NoPants1101\n|player|p2|\n","uploadtime":1736531742,"views":17,"formatid":"gen9vgc2025regg","rating":1571,"private":0,"password":null}