{"id":"gen9vgc2025regg-2278641323","format":"[Gen 9] VGC 2025 Reg G","players":["Diestoise","tplusplus"],"log":"|j|\u2606Diestoise\n|j|\u2606tplusplus\n|t:|1736532211\n|gametype|doubles\n|player|p1|Diestoise|blue|1579\n|player|p2|tplusplus|perrin|1668\n|teamsize|p1|6\n|teamsize|p2|6\n|gen|9\n|tier|[Gen 9] VGC 2025 Reg G\n|rated|\n|rule|Species Clause: Limit one of each Pok\u00e9mon\n|rule|Item Clause: Limit 1 of each item\n|clearpoke\n|poke|p1|Koraidon, L50|\n|poke|p1|Raging Bolt, L50|\n|poke|p1|Entei, L50|\n|poke|p1|Flutter Mane, L50|\n|poke|p1|Venusaur, L50, F|\n|poke|p1|Ditto, L50|\n|poke|p2|Smeargle, L50, M|\n|poke|p2|Calyrex-Ice, L50|\n|poke|p2|Ursaluna-Bloodmoon, L50, M|\n|poke|p2|Annihilape, L50, M|\n|poke|p2|Urshifu-*, L50, F|\n|poke|p2|Ogerpon-Wellspring, L50, F|\n|teampreview|4\n|\n|t:|1736532246\n|start\n|switch|p1a: Flutter Mane|Flutter Mane, L50, shiny|100\/100\n|switch|p1b: Entei|Entei, L50|100\/100\n|switch|p2a: \u827a\u82d1|Smeargle, L50, M, shiny|100\/100\n|switch|p2b: \u7389\u82f1|Calyrex-Ice, L50|100\/100\n|-ability|p2b: \u7389\u82f1|As One\n|-ability|p2b: \u7389\u82f1|Unnerve\n|turn|1\n|\n|t:|1736532270\n|-terastallize|p2b: \u7389\u82f1|Water\n|move|p1b: Entei|Extreme Speed|p2a: \u827a\u82d1\n|-damage|p2a: \u827a\u82d1|59\/100\n|move|p1a: Flutter Mane|Moonblast|p2a: \u827a\u82d1\n|-damage|p2a: \u827a\u82d1|0 fnt\n|faint|p2a: \u827a\u82d1\n|move|p2b: \u7389\u82f1|Trick Room|p2b: \u7389\u82f1\n|-fieldstart|move: Trick Room|[of] p2b: \u7389\u82f1\n|\n|upkeep\n|\n|t:|1736532284\n|switch|p2a: \u7f28\u626c|Urshifu, L50, F|100\/100\n|turn|2\n|j| ndnwv8\n|\n|t:|1736532320\n|move|p1b: Entei|Extreme Speed|p2a: \u7f28\u626c\n|-damage|p2a: \u7f28\u626c|75\/100\n|move|p2b: \u7389\u82f1|Glacial Lance|p1b: Entei|[spread] p1a,p1b\n|-resisted|p1b: Entei\n|-crit|p1b: Entei\n|-enditem|p1a: Flutter Mane|Focus Sash\n|-damage|p1a: Flutter Mane|1\/100\n|-damage|p1b: Entei|60\/100\n|move|p2a: \u7f28\u626c|Wicked Blow|p1a: Flutter Mane\n|-crit|p1a: Flutter Mane\n|-damage|p1a: Flutter Mane|0 fnt\n|faint|p1a: Flutter Mane\n|-end|p1a: Flutter Mane|Protosynthesis|[silent]\n|\n|upkeep\n|\n|t:|1736532355\n|switch|p1a: Raging Bolt|Raging Bolt, L50|100\/100\n|turn|3\n|\n|t:|1736532366\n|switch|p2b: \u6bb7\u6708|Ursaluna-Bloodmoon, L50, M|100\/100\n|-terastallize|p1a: Raging Bolt|Electric\n|move|p1a: Raging Bolt|Thunderclap||[still]\n|-fail|p1a: Raging Bolt\n|move|p2a: \u7f28\u626c|Wicked Blow|p1a: Raging Bolt\n|-crit|p1a: Raging Bolt\n|-damage|p1a: Raging Bolt|24\/100\n|move|p1b: Entei|Sacred Fire|p2a: \u7f28\u626c\n|-damage|p2a: \u7f28\u626c|29\/100\n|\n|upkeep\n|turn|4\n|\n|t:|1736532385\n|-end|p1a: Raging Bolt|Protosynthesis|[silent]\n|switch|p1a: Koraidon|Koraidon, L50|100\/100\n|-weather|SunnyDay|[from] ability: Orichalcum Pulse|[of] p1a: Koraidon\n|-activate|p1a: Koraidon|Orichalcum Pulse|[source]\n|move|p1b: Entei|Extreme Speed|p2a: \u7f28\u626c\n|-crit|p2a: \u7f28\u626c\n|-damage|p2a: \u7f28\u626c|0 fnt\n|faint|p2a: \u7f28\u626c\n|move|p2b: \u6bb7\u6708|Hyper Voice|p1a: Koraidon|[spread] p1a,p1b\n|-damage|p1a: Koraidon|51\/100\n|-damage|p1b: Entei|28\/100\n|-damage|p2b: \u6bb7\u6708|91\/100|[from] item: Life Orb\n|\n|-weather|SunnyDay|[upkeep]\n|upkeep\n|\n|t:|1736532396\n|switch|p2a: \u7389\u82f1|Calyrex-Ice, L50, tera:Water|100\/100\n|-ability|p2a: \u7389\u82f1|As One\n|-ability|p2a: \u7389\u82f1|Unnerve\n|turn|5\n|\n|t:|1736532407\n|move|p1a: Koraidon|Protect|p1a: Koraidon\n|-singleturn|p1a: Koraidon|Protect\n|move|p1b: Entei|Extreme Speed|p2b: \u6bb7\u6708\n|-damage|p2b: \u6bb7\u6708|73\/100\n|move|p2b: \u6bb7\u6708|Hyper Voice|p1a: Koraidon|[spread] p1b\n|-activate|p1a: Koraidon|move: Protect\n|-damage|p1b: Entei|0 fnt\n|faint|p1b: Entei\n|-damage|p2b: \u6bb7\u6708|63\/100|[from] item: Life Orb\n|move|p2a: \u7389\u82f1|Glacial Lance|p1a: Koraidon\n|-activate|p1a: Koraidon|move: Protect\n|\n|-weather|SunnyDay|[upkeep]\n|-fieldend|move: Trick Room\n|upkeep\n|\n|t:|1736532413\n|switch|p1b: Raging Bolt|Raging Bolt, L50, tera:Electric|24\/100\n|-activate|p1b: Raging Bolt|ability: Protosynthesis\n|-start|p1b: Raging Bolt|protosynthesisspa\n|turn|6\n|\n|t:|1736532423\n|move|p1b: Raging Bolt|Thunderclap||[still]\n|-fail|p1b: Raging Bolt\n|move|p2b: \u6bb7\u6708|Vacuum Wave|p1b: Raging Bolt\n|-damage|p1b: Raging Bolt|8\/100\n|-damage|p2b: \u6bb7\u6708|53\/100|[from] item: Life Orb\n|move|p1a: Koraidon|Collision Course|p2b: \u6bb7\u6708\n|-supereffective|p2b: \u6bb7\u6708\n|-damage|p2b: \u6bb7\u6708|0 fnt\n|faint|p2b: \u6bb7\u6708\n|move|p2a: \u7389\u82f1|Trick Room|p2a: \u7389\u82f1\n|-fieldstart|move: Trick Room|[of] p2a: \u7389\u82f1\n|\n|-weather|SunnyDay|[upkeep]\n|upkeep\n|turn|7\n|\n|t:|1736532438\n|move|p1b: Raging Bolt|Thunderclap|p2a: \u7389\u82f1\n|-supereffective|p2a: \u7389\u82f1\n|-damage|p2a: \u7389\u82f1|0 fnt\n|faint|p2a: \u7389\u82f1\n|-damage|p1b: Raging Bolt|0 fnt|[from] item: Life Orb\n|faint|p1b: Raging Bolt\n|-end|p1b: Raging Bolt|Protosynthesis|[silent]\n|\n|win|Diestoise\n|raw|Diestoise's rating: 1579 &rarr; <strong>1604<\/strong><br \/>(+25 for winning)\n|raw|tplusplus's rating: 1668 &rarr; <strong>1643<\/strong><br \/>(-25 for losing)\n|l|\u2606Diestoise\n|player|p1|\n","uploadtime":1736532579,"views":53,"formatid":"gen9vgc2025regg","rating":1604,"private":0,"password":null}