{"id":"gen9vgc2025regg-2278083021","format":"[Gen 9] VGC 2025 Reg G","players":["soubrhue","SeaWolfMikess"],"log":"|j|\u2606soubrhue\n|j|\u2606SeaWolfMikess\n|t:|1736453786\n|gametype|doubles\n|player|p1|soubrhue|101|1640\n|player|p2|SeaWolfMikess|hugh|1758\n|teamsize|p1|6\n|teamsize|p2|6\n|gen|9\n|tier|[Gen 9] VGC 2025 Reg G\n|rated|\n|rule|Species Clause: Limit one of each Pok\u00e9mon\n|rule|Item Clause: Limit 1 of each item\n|clearpoke\n|poke|p1|Incineroar, L50, M|\n|poke|p1|Urshifu-*, L50, M|\n|poke|p1|Rillaboom, L50, F|\n|poke|p1|Flutter Mane, L50|\n|poke|p1|Terapagos, L50, M|\n|poke|p1|Ogerpon-Hearthflame, L50, F|\n|poke|p2|Calyrex-Ice, L50|\n|poke|p2|Urshifu-*, L50, M|\n|poke|p2|Ogerpon-Cornerstone, L50, F|\n|poke|p2|Rillaboom, L50, M|\n|poke|p2|Raging Bolt, L50|\n|poke|p2|Chi-Yu, L50|\n|teampreview|4\n|j| Llayxx\n|\n|t:|1736453852\n|start\n|switch|p1a: Urshifu|Urshifu-Rapid-Strike, L50, M|100\/100\n|switch|p1b: Incineroar|Incineroar, L50, M|100\/100\n|switch|p2a: Ogerpon|Ogerpon-Cornerstone, L50, F|100\/100\n|switch|p2b: Chi-Yu|Chi-Yu, L50|100\/100\n|-ability|p2b: Chi-Yu|Beads of Ruin\n|-ability|p1b: Incineroar|Intimidate|boost\n|-unboost|p2a: Ogerpon|atk|1\n|-unboost|p2b: Chi-Yu|atk|1\n|turn|1\n|\n|t:|1736453861\n|switch|p2b: Urshifu|Urshifu-Rapid-Strike, L50, M|100\/100\n|move|p1b: Incineroar|Fake Out|p2a: Ogerpon\n|-resisted|p2a: Ogerpon\n|-damage|p2a: Ogerpon|93\/100\n|cant|p2a: Ogerpon|flinch\n|move|p1a: Urshifu|Surging Strikes|p2b: Urshifu\n|-resisted|p2b: Urshifu\n|-crit|p2b: Urshifu\n|-damage|p2b: Urshifu|88\/100\n|-resisted|p2b: Urshifu\n|-crit|p2b: Urshifu\n|-damage|p2b: Urshifu|77\/100\n|-resisted|p2b: Urshifu\n|-crit|p2b: Urshifu\n|-damage|p2b: Urshifu|66\/100\n|-hitcount|p2b: Urshifu|3\n|\n|upkeep\n|turn|2\n|j| Paradox Mourinho\n|\n|t:|1736453882\n|move|p2a: Ogerpon|Horn Leech|p1a: Urshifu\n|-supereffective|p1a: Urshifu\n|-damage|p1a: Urshifu|35\/100\n|-heal|p2a: Ogerpon|100\/100|[from] drain|[of] p1a: Urshifu\n|move|p2b: Urshifu|Close Combat|p1a: Urshifu\n|-damage|p1a: Urshifu|0 fnt\n|-unboost|p2b: Urshifu|def|1\n|-unboost|p2b: Urshifu|spd|1\n|faint|p1a: Urshifu\n|move|p1b: Incineroar|Will-O-Wisp|p2b: Urshifu\n|-status|p2b: Urshifu|brn\n|\n|-damage|p2b: Urshifu|60\/100 brn|[from] brn\n|upkeep\n|\n|t:|1736453903\n|switch|p1a: Terapagos|Terapagos, L50, M|100\/100\n|-activate|p1a: Terapagos|ability: Tera Shift\n|detailschange|p1a: Terapagos|Terapagos-Terastal, L50, M\n|-heal|p1a: Terapagos|100\/100|[silent]\n|turn|3\n|\n|t:|1736453913\n|-terastallize|p2b: Urshifu|Stellar\n|move|p2a: Ogerpon|Ivy Cudgel|p1a: Terapagos|[anim] Ivy Cudgel Rock\n|-activate|p1a: Terapagos|ability: Tera Shell\n|-resisted|p1a: Terapagos\n|-damage|p1a: Terapagos|84\/100\n|move|p2b: Urshifu|Close Combat|p1a: Terapagos\n|-supereffective|p1a: Terapagos\n|-damage|p1a: Terapagos|14\/100\n|-unboost|p2b: Urshifu|def|1\n|-unboost|p2b: Urshifu|spd|1\n|move|p1a: Terapagos|Calm Mind|p1a: Terapagos\n|-boost|p1a: Terapagos|spa|1\n|-boost|p1a: Terapagos|spd|1\n|move|p1b: Incineroar|Parting Shot|p2b: Urshifu\n|-unboost|p2b: Urshifu|atk|1\n|-unboost|p2b: Urshifu|spa|1\n|\n|t:|1736453916\n|switch|p1b: Flutter Mane|Flutter Mane, L50|100\/100|[from] Parting Shot\n|-enditem|p1b: Flutter Mane|Booster Energy\n|-activate|p1b: Flutter Mane|ability: Protosynthesis|[fromitem]\n|-start|p1b: Flutter Mane|protosynthesisspe\n|\n|-heal|p1a: Terapagos|20\/100|[from] item: Leftovers\n|-damage|p2b: Urshifu|54\/100 brn|[from] brn\n|upkeep\n|turn|4\n|\n|t:|1736453947\n|-terastallize|p1a: Terapagos|Stellar\n|detailschange|p1a: Terapagos|Terapagos-Stellar, L50, M, tera:Stellar\n|-heal|p1a: Terapagos|40\/100|[silent]\n|move|p1b: Flutter Mane|Icy Wind|p2b: Urshifu|[spread] p2a,p2b\n|-supereffective|p2a: Ogerpon\n|-resisted|p2b: Urshifu\n|-damage|p2a: Ogerpon|73\/100\n|-damage|p2b: Urshifu|36\/100 brn\n|-unboost|p2a: Ogerpon|spe|1\n|-unboost|p2b: Urshifu|spe|1\n|move|p1a: Terapagos|Tera Starstorm|p2b: Urshifu|[spread] p2a,p2b\n|-supereffective|p2b: Urshifu\n|-damage|p2a: Ogerpon|7\/100\n|-damage|p2b: Urshifu|0 fnt\n|faint|p2b: Urshifu\n|move|p2a: Ogerpon|Ivy Cudgel|p1a: Terapagos|[anim] Ivy Cudgel Rock\n|-damage|p1a: Terapagos|16\/100\n|\n|-heal|p1a: Terapagos|23\/100|[from] item: Leftovers\n|upkeep\n|\n|t:|1736453955\n|switch|p2b: Calyrex|Calyrex-Ice, L50|100\/100\n|-ability|p2b: Calyrex|As One\n|-ability|p2b: Calyrex|Unnerve\n|turn|5\n|l| Llayxx\n|\n|t:|1736453979\n|-end|p1b: Flutter Mane|Protosynthesis|[silent]\n|switch|p1b: Incineroar|Incineroar, L50, M|100\/100\n|-ability|p1b: Incineroar|Intimidate|boost\n|-unboost|p2a: Ogerpon|atk|1\n|-fail|p2b: Calyrex|unboost|[from] item: Clear Amulet|[of] p2b: Calyrex\n|move|p2a: Ogerpon|Spiky Shield|p2a: Ogerpon\n|-singleturn|p2a: Ogerpon|move: Protect\n|move|p1a: Terapagos|Tera Starstorm|p2a: Ogerpon|[spread] p2b\n|-activate|p2a: Ogerpon|move: Protect\n|-damage|p2b: Calyrex|65\/100\n|move|p2b: Calyrex|Glacial Lance|p1b: Incineroar|[spread] p1a,p1b\n|-resisted|p1b: Incineroar\n|-damage|p1a: Terapagos|0 fnt\n|-damage|p1b: Incineroar|78\/100\n|faint|p1a: Terapagos\n|-ability|p2b: Calyrex|Chilling Neigh|boost\n|-boost|p2b: Calyrex|atk|1\n|\n|upkeep\n|\n|t:|1736453991\n|switch|p1a: Flutter Mane|Flutter Mane, L50|100\/100\n|turn|6\n|\n|t:|1736454002\n|switch|p2a: Chi-Yu|Chi-Yu, L50|100\/100\n|-ability|p2a: Chi-Yu|Beads of Ruin\n|move|p2b: Calyrex|Protect|p2b: Calyrex\n|-singleturn|p2b: Calyrex|Protect\n|move|p1a: Flutter Mane|Icy Wind|p2a: Chi-Yu|[spread] p2a\n|-activate|p2b: Calyrex|move: Protect\n|-resisted|p2a: Chi-Yu\n|-damage|p2a: Chi-Yu|94\/100\n|-unboost|p2a: Chi-Yu|spe|1\n|move|p1b: Incineroar|Will-O-Wisp|p2b: Calyrex\n|-activate|p2b: Calyrex|move: Protect\n|\n|upkeep\n|turn|7\n|\n|t:|1736454021\n|move|p1a: Flutter Mane|Moonblast|p2b: Calyrex\n|-damage|p2b: Calyrex|24\/100\n|move|p2a: Chi-Yu|Dark Pulse|p1a: Flutter Mane\n|-damage|p1a: Flutter Mane|46\/100\n|move|p1b: Incineroar|Knock Off|p2b: Calyrex\n|-supereffective|p2b: Calyrex\n|-damage|p2b: Calyrex|0 fnt\n|-enditem|p2b: Calyrex|Clear Amulet|[from] move: Knock Off|[of] p1b: Incineroar\n|faint|p2b: Calyrex\n|\n|upkeep\n|\n|t:|1736454025\n|switch|p2b: Ogerpon|Ogerpon-Cornerstone, L50, F|7\/100\n|turn|8\n|\n|t:|1736454037\n|move|p1a: Flutter Mane|Protect|p1a: Flutter Mane\n|-singleturn|p1a: Flutter Mane|Protect\n|move|p2b: Ogerpon|Spiky Shield|p2b: Ogerpon\n|-singleturn|p2b: Ogerpon|move: Protect\n|move|p2a: Chi-Yu|Dark Pulse|p1a: Flutter Mane\n|-activate|p1a: Flutter Mane|move: Protect\n|move|p1b: Incineroar|Parting Shot|p2a: Chi-Yu\n|-unboost|p2a: Chi-Yu|atk|1\n|-unboost|p2a: Chi-Yu|spa|1\n|\n|upkeep\n|turn|9\n|\n|t:|1736454046\n|move|p2b: Ogerpon|Spiky Shield|p2b: Ogerpon\n|-singleturn|p2b: Ogerpon|move: Protect\n|move|p1a: Flutter Mane|Icy Wind|p2a: Chi-Yu|[spread] p2a\n|-activate|p2b: Ogerpon|move: Protect\n|-resisted|p2a: Chi-Yu\n|-damage|p2a: Chi-Yu|87\/100\n|-unboost|p2a: Chi-Yu|spe|1\n|move|p2a: Chi-Yu|Dark Pulse|p1a: Flutter Mane\n|-damage|p1a: Flutter Mane|12\/100\n|move|p1b: Incineroar|Knock Off|p2a: Chi-Yu\n|-resisted|p2a: Chi-Yu\n|-damage|p2a: Chi-Yu|59\/100\n|-enditem|p2a: Chi-Yu|Choice Scarf|[from] move: Knock Off|[of] p1b: Incineroar\n|\n|upkeep\n|turn|10\n|\n|t:|1736454073\n|move|p2b: Ogerpon|Spiky Shield||[still]\n|-fail|p2b: Ogerpon\n|move|p1a: Flutter Mane|Icy Wind|p2a: Chi-Yu|[spread] p2a\n|-miss|p1a: Flutter Mane|p2b: Ogerpon\n|-resisted|p2a: Chi-Yu\n|-damage|p2a: Chi-Yu|53\/100\n|-unboost|p2a: Chi-Yu|spe|1\n|move|p1b: Incineroar|Knock Off|p2b: Ogerpon\n|-damage|p2b: Ogerpon|0 fnt\n|faint|p2b: Ogerpon\n|move|p2a: Chi-Yu|Heat Wave|p1b: Incineroar|[spread] p1a\n|-miss|p2a: Chi-Yu|p1b: Incineroar\n|-damage|p1a: Flutter Mane|0 fnt\n|faint|p1a: Flutter Mane\n|-end|p1a: Flutter Mane|Protosynthesis|[silent]\n|\n|upkeep\n|turn|11\n|c|\u2606soubrhue|triple\n|c|\u2606soubrhue|kkk\n|\n|t:|1736454084\n|move|p1b: Incineroar|Knock Off|p2a: Chi-Yu\n|-resisted|p2a: Chi-Yu\n|-crit|p2a: Chi-Yu\n|-damage|p2a: Chi-Yu|22\/100\n|move|p2a: Chi-Yu|Dark Pulse|p1b: Incineroar\n|-resisted|p1b: Incineroar\n|-damage|p1b: Incineroar|59\/100\n|\n|upkeep\n|turn|12\n|\n|t:|1736454089\n|move|p1b: Incineroar|Knock Off|p2a: Chi-Yu\n|-resisted|p2a: Chi-Yu\n|-damage|p2a: Chi-Yu|1\/100\n|move|p2a: Chi-Yu|Overheat|p1b: Incineroar\n|-resisted|p1b: Incineroar\n|-damage|p1b: Incineroar|30\/100\n|-unboost|p2a: Chi-Yu|spa|2\n|\n|upkeep\n|turn|13\n|\n|t:|1736454095\n|move|p1b: Incineroar|Knock Off|p2a: Chi-Yu\n|-resisted|p2a: Chi-Yu\n|-damage|p2a: Chi-Yu|0 fnt\n|faint|p2a: Chi-Yu\n|\n|win|soubrhue\n|raw|soubrhue's rating: 1640 &rarr; <strong>1667<\/strong><br \/>(+27 for winning)\n|raw|SeaWolfMikess's rating: 1758 &rarr; <strong>1731<\/strong><br \/>(-27 for losing)\n|l|\u2606SeaWolfMikess\n|player|p2|\n|l|\u2606soubrhue\n|player|p1|\n","uploadtime":1736454096,"views":383,"formatid":"gen9vgc2025regg","rating":1667,"private":0,"password":null}