{"id":"gen9vgc2025regg-2278165211","format":"[Gen 9] VGC 2025 Reg G","players":["BigSalta","Duryodhan"],"log":"|j|\u2606BigSalta\n|j|\u2606Duryodhan\n|t:|1736463173\n|gametype|doubles\n|player|p1|BigSalta|cynthia|1639\n|player|p2|Duryodhan|169|1646\n|teamsize|p1|6\n|teamsize|p2|6\n|gen|9\n|tier|[Gen 9] VGC 2025 Reg G\n|rated|\n|rule|Species Clause: Limit one of each Pok\u00e9mon\n|rule|Item Clause: Limit 1 of each item\n|clearpoke\n|poke|p1|Incineroar, L50, F|\n|poke|p1|Urshifu-*, L50, M|\n|poke|p1|Kyogre, L50|\n|poke|p1|Rillaboom, L50, M|\n|poke|p1|Roaring Moon, L50|\n|poke|p1|Amoonguss, L50, M|\n|poke|p2|Calyrex-Ice, L50|\n|poke|p2|Gallade, L50, M|\n|poke|p2|Indeedee-F, L50, F|\n|poke|p2|Amoonguss, L50, M|\n|poke|p2|Ursaluna, L50, M|\n|poke|p2|Raging Bolt, L50|\n|teampreview|4\n|inactive|Battle timer is ON: inactive players will automatically lose when time's up. (requested by Duryodhan)\n|inactive|BigSalta has 60 seconds left.\n|\n|t:|1736463249\n|start\n|switch|p1a: Incineroar|Incineroar, L50, F|100\/100\n|switch|p1b: Kyogre|Kyogre, L50|100\/100\n|switch|p2a: Calyrex|Calyrex-Ice, L50|100\/100\n|switch|p2b: Gallade|Gallade, L50, M|100\/100\n|-ability|p2a: Calyrex|As One\n|-ability|p2a: Calyrex|Unnerve\n|-weather|RainDance|[from] ability: Drizzle|[of] p1b: Kyogre\n|-ability|p1a: Incineroar|Intimidate|boost\n|-unboost|p2a: Calyrex|atk|1\n|-fail|p2b: Gallade|unboost|[from] item: Clear Amulet|[of] p2b: Gallade\n|turn|1\n|inactive|BigSalta has 30 seconds left.\n|inactive|BigSalta has 20 seconds left.\n|\n|t:|1736463286\n|switch|p1a: Amoonguss|Amoonguss, L50, M|100\/100\n|move|p2b: Gallade|Protect|p2b: Gallade\n|-singleturn|p2b: Gallade|Protect\n|move|p2a: Calyrex|Protect|p2a: Calyrex\n|-singleturn|p2a: Calyrex|Protect\n|move|p1b: Kyogre|Origin Pulse|p2b: Gallade|[spread] \n|-activate|p2a: Calyrex|move: Protect\n|-activate|p2b: Gallade|move: Protect\n|\n|-weather|RainDance|[upkeep]\n|upkeep\n|turn|2\n|inactive|BigSalta has 30 seconds left.\n|inactive|Duryodhan has 30 seconds left.\n|j| noel0985\n|\n|t:|1736463321\n|switch|p1a: Incineroar|Incineroar, L50, F|100\/100\n|-ability|p1a: Incineroar|Intimidate|boost\n|-unboost|p2a: Calyrex|atk|1\n|-fail|p2b: Gallade|unboost|[from] item: Clear Amulet|[of] p2b: Gallade\n|move|p1b: Kyogre|Calm Mind|p1b: Kyogre\n|-boost|p1b: Kyogre|spa|1\n|-boost|p1b: Kyogre|spd|1\n|move|p2b: Gallade|Psycho Cut|p1a: Incineroar\n|-immune|p1a: Incineroar\n|move|p2a: Calyrex|Glacial Lance|p1b: Kyogre|[spread] p1a,p1b\n|-resisted|p1a: Incineroar\n|-resisted|p1b: Kyogre\n|-damage|p1a: Incineroar|89\/100\n|-damage|p1b: Kyogre|87\/100\n|\n|-weather|RainDance|[upkeep]\n|-heal|p1b: Kyogre|93\/100|[from] item: Leftovers\n|upkeep\n|turn|3\n|inactive|BigSalta has 30 seconds left.\n|\n|t:|1736463353\n|move|p2b: Gallade|Protect|p2b: Gallade\n|-singleturn|p2b: Gallade|Protect\n|move|p1b: Kyogre|Origin Pulse|p2a: Calyrex|[spread] p2a\n|-activate|p2b: Gallade|move: Protect\n|-damage|p2a: Calyrex|28\/100\n|move|p1a: Incineroar|Will-O-Wisp|p2b: Gallade\n|-activate|p2b: Gallade|move: Protect\n|move|p2a: Calyrex|Trick Room|p2a: Calyrex\n|-fieldstart|move: Trick Room|[of] p2a: Calyrex\n|\n|-weather|RainDance|[upkeep]\n|-heal|p1b: Kyogre|99\/100|[from] item: Leftovers\n|upkeep\n|turn|4\n|inactive|BigSalta has 30 seconds left.\n|j| maya hoppins\n|inactive|BigSalta has 20 seconds left.\n|l| noel0985\n|inactive|BigSalta has 15 seconds left.\n|inactive|Duryodhan has 30 seconds left.\n|inactive|BigSalta has 10 seconds left.\n|\n|t:|1736463402\n|switch|p2a: Raging Bolt|Raging Bolt, L50|100\/100\n|move|p1b: Kyogre|Protect|p1b: Kyogre\n|-singleturn|p1b: Kyogre|Protect\n|move|p2b: Gallade|Wide Guard|p2b: Gallade\n|-singleturn|p2b: Gallade|Wide Guard\n|move|p1a: Incineroar|Parting Shot|p2a: Raging Bolt\n|-unboost|p2a: Raging Bolt|atk|1\n|-unboost|p2a: Raging Bolt|spa|1\n|\n|t:|1736463412\n|switch|p1a: Amoonguss|Amoonguss, L50, M|100\/100|[from] Parting Shot\n|\n|-weather|RainDance|[upkeep]\n|-heal|p1b: Kyogre|100\/100|[from] item: Leftovers\n|upkeep\n|turn|5\n|inactive|BigSalta has 30 seconds left.\n|\n|t:|1736463442\n|-end|p2a: Raging Bolt|Protosynthesis|[silent]\n|switch|p2a: Calyrex|Calyrex-Ice, L50|28\/100\n|-ability|p2a: Calyrex|As One\n|-ability|p2a: Calyrex|Unnerve\n|move|p2b: Gallade|Wide Guard|p2b: Gallade\n|-singleturn|p2b: Gallade|Wide Guard\n|move|p1a: Amoonguss|Spore|p2b: Gallade\n|-status|p2b: Gallade|slp|[from] move: Spore\n|move|p1b: Kyogre|Ice Beam|p2a: Calyrex\n|-resisted|p2a: Calyrex\n|-damage|p2a: Calyrex|10\/100\n|\n|-weather|none\n|upkeep\n|turn|6\n|j|+Pearl \u2605\n|\n|t:|1736463466\n|switch|p2b: Amoonguss|Amoonguss, L50, M|100\/100\n|move|p2a: Calyrex|Protect|p2a: Calyrex\n|-singleturn|p2a: Calyrex|Protect\n|move|p1a: Amoonguss|Sludge Bomb|p2a: Calyrex\n|-activate|p2a: Calyrex|move: Protect\n|move|p1b: Kyogre|Ice Beam|p2b: Amoonguss\n|-supereffective|p2b: Amoonguss\n|-damage|p2b: Amoonguss|8\/100\n|\n|upkeep\n|turn|7\n|\n|t:|1736463487\n|-terastallize|p1b: Kyogre|Grass\n|move|p1a: Amoonguss|Sludge Bomb|p2a: Calyrex\n|-damage|p2a: Calyrex|0 fnt\n|faint|p2a: Calyrex\n|move|p2b: Amoonguss|Pollen Puff|p2: Calyrex|[notarget]\n|-fail|p2b: Amoonguss\n|move|p1b: Kyogre|Ice Beam|p2b: Amoonguss\n|-supereffective|p2b: Amoonguss\n|-crit|p2b: Amoonguss\n|-damage|p2b: Amoonguss|0 fnt\n|faint|p2b: Amoonguss\n|\n|-fieldend|move: Trick Room\n|upkeep\n|\n|t:|1736463492\n|switch|p2a: Gallade|Gallade, L50, M|100\/100 slp\n|switch|p2b: Raging Bolt|Raging Bolt, L50|100\/100\n|turn|8\n|-message|Duryodhan forfeited.\n|\n|win|BigSalta\n|raw|BigSalta's rating: 1639 &rarr; <strong>1658<\/strong><br \/>(+19 for winning)\n|raw|Duryodhan's rating: 1619 &rarr; <strong>1600<\/strong><br \/>(-19 for losing)\n|l|\u2606Duryodhan\n|player|p2|\n|l|+Pearl \u2605\n","uploadtime":1736463726,"views":24,"formatid":"gen9vgc2025regg","rating":1600,"private":0,"password":null}