{"id":"gen9vgc2025regg-2278169551","format":"[Gen 9] VGC 2025 Reg G","players":["sheepie_sheep1","Duryodhan"],"log":"|j|\u2606sheepie_sheep1\n|j|\u2606Duryodhan\n|t:|1736463713\n|gametype|doubles\n|player|p1|sheepie_sheep1|scientist-gen4dp|1531\n|player|p2|Duryodhan|169|1617\n|teamsize|p1|6\n|teamsize|p2|6\n|gen|9\n|tier|[Gen 9] VGC 2025 Reg G\n|rated|\n|rule|Species Clause: Limit one of each Pok\u00e9mon\n|rule|Item Clause: Limit 1 of each item\n|clearpoke\n|poke|p1|Zacian-*, L50|\n|poke|p1|Tornadus, L50, M|\n|poke|p1|Urshifu-*, L50, F|\n|poke|p1|Ogerpon, L50, F|\n|poke|p1|Incineroar, L50, F|\n|poke|p1|Chien-Pao, L50|\n|poke|p2|Calyrex-Ice, L50|\n|poke|p2|Gallade, L50, M|\n|poke|p2|Indeedee-F, L50, F|\n|poke|p2|Amoonguss, L50, M|\n|poke|p2|Ursaluna, L50, M|\n|poke|p2|Raging Bolt, L50|\n|teampreview|4\n|j| Kaiju Krush\n|\n|t:|1736463767\n|start\n|switch|p1a: Urshifu|Urshifu-Rapid-Strike, L50, F|100\/100\n|switch|p1b: Chien-Pao|Chien-Pao, L50|100\/100\n|switch|p2a: Calyrex|Calyrex-Ice, L50|100\/100\n|switch|p2b: Indeedee|Indeedee-F, L50, F|100\/100\n|-ability|p2a: Calyrex|As One\n|-ability|p2a: Calyrex|Unnerve\n|-ability|p1b: Chien-Pao|Sword of Ruin\n|-fieldstart|move: Psychic Terrain|[from] ability: Psychic Surge|[of] p2b: Indeedee\n|turn|1\n|\n|t:|1736463779\n|switch|p2a: Amoonguss|Amoonguss, L50, M|100\/100\n|-terastallize|p2b: Indeedee|Fairy\n|move|p1a: Urshifu|Coaching|p1b: Chien-Pao\n|-boost|p1b: Chien-Pao|atk|1\n|-boost|p1b: Chien-Pao|def|1\n|move|p1b: Chien-Pao|Throat Chop|p2a: Amoonguss\n|-damage|p2a: Amoonguss|37\/100\n|-start|p2a: Amoonguss|Throat Chop|[silent]\n|-damage|p1b: Chien-Pao|84\/100|[from] item: Rocky Helmet|[of] p2a: Amoonguss\n|move|p2b: Indeedee|Trick Room|p2b: Indeedee\n|-fieldstart|move: Trick Room|[of] p2b: Indeedee\n|\n|upkeep\n|turn|2\n|j| maya hoppins\n|\n|t:|1736463804\n|switch|p1a: Incineroar|Incineroar, L50, F|100\/100\n|-ability|p1a: Incineroar|Intimidate|boost\n|-unboost|p2a: Amoonguss|atk|1\n|-unboost|p2b: Indeedee|atk|1\n|move|p1b: Chien-Pao|Protect|p1b: Chien-Pao\n|-singleturn|p1b: Chien-Pao|Protect\n|move|p2a: Amoonguss|Spore|p1b: Chien-Pao\n|-activate|p1b: Chien-Pao|move: Protect\n|move|p2b: Indeedee|Heal Pulse|p2a: Amoonguss\n|-heal|p2a: Amoonguss|87\/100\n|\n|-end|p2a: Amoonguss|Throat Chop|[silent]\n|upkeep\n|turn|3\n|\n|t:|1736463826\n|switch|p2b: Raging Bolt|Raging Bolt, L50|100\/100\n|-terastallize|p1a: Incineroar|Grass\n|move|p2a: Amoonguss|Spore|p1b: Chien-Pao\n|-status|p1b: Chien-Pao|slp|[from] move: Spore\n|move|p1a: Incineroar|Flare Blitz|p2a: Amoonguss\n|-supereffective|p2a: Amoonguss\n|-damage|p2a: Amoonguss|0 fnt\n|-damage|p1a: Incineroar|84\/100|[from] item: Rocky Helmet|[of] p2a: Amoonguss\n|faint|p2a: Amoonguss\n|-damage|p1a: Incineroar|52\/100|[from] Recoil\n|cant|p1b: Chien-Pao|slp\n|\n|upkeep\n|\n|t:|1736463838\n|switch|p2a: Calyrex|Calyrex-Ice, L50|100\/100\n|-ability|p2a: Calyrex|As One\n|-ability|p2a: Calyrex|Unnerve\n|turn|4\n|\n|t:|1736463845\n|cant|p1b: Chien-Pao|slp\n|move|p2a: Calyrex|Glacial Lance|p1b: Chien-Pao|[spread] p1a,p1b\n|-supereffective|p1a: Incineroar\n|-resisted|p1b: Chien-Pao\n|-crit|p1b: Chien-Pao\n|-damage|p1a: Incineroar|0 fnt\n|-damage|p1b: Chien-Pao|20\/100 slp\n|faint|p1a: Incineroar\n|-ability|p2a: Calyrex|Chilling Neigh|boost\n|-boost|p2a: Calyrex|atk|1\n|move|p2b: Raging Bolt|Thunderbolt|p1b: Chien-Pao\n|-damage|p1b: Chien-Pao|0 fnt\n|faint|p1b: Chien-Pao\n|\n|upkeep\n|\n|t:|1736463849\n|switch|p1a: Zacian|Zacian-Crowned, L50|100\/100\n|switch|p1b: Urshifu|Urshifu-Rapid-Strike, L50, F|100\/100\n|-ability|p1a: Zacian|Intrepid Sword|boost\n|-boost|p1a: Zacian|atk|1\n|turn|5\n|\n|t:|1736463870\n|move|p2a: Calyrex|Glacial Lance|p1b: Urshifu|[spread] p1a,p1b\n|-resisted|p1a: Zacian\n|-resisted|p1b: Urshifu\n|-damage|p1a: Zacian|61\/100\n|-damage|p1b: Urshifu|50\/100\n|move|p2b: Raging Bolt|Thunderbolt|p1b: Urshifu\n|-supereffective|p1b: Urshifu\n|-damage|p1b: Urshifu|0 fnt\n|faint|p1b: Urshifu\n|move|p1a: Zacian|Behemoth Blade|p2a: Calyrex\n|-supereffective|p2a: Calyrex\n|-damage|p2a: Calyrex|0 fnt\n|faint|p2a: Calyrex\n|\n|-fieldend|move: Trick Room\n|-fieldend|move: Psychic Terrain\n|upkeep\n|\n|t:|1736463874\n|switch|p2a: Indeedee|Indeedee-F, L50, F, tera:Fairy|100\/100\n|-fieldstart|move: Psychic Terrain|[from] ability: Psychic Surge|[of] p2a: Indeedee\n|turn|6\n|\n|t:|1736463884\n|move|p2a: Indeedee|Follow Me|p2a: Indeedee\n|-singleturn|p2a: Indeedee|move: Follow Me\n|move|p1a: Zacian|Behemoth Blade|p2a: Indeedee\n|-supereffective|p2a: Indeedee\n|-crit|p2a: Indeedee\n|-damage|p2a: Indeedee|0 fnt\n|faint|p2a: Indeedee\n|move|p2b: Raging Bolt|Thunderbolt|p1a: Zacian\n|-damage|p1a: Zacian|16\/100\n|\n|upkeep\n|turn|7\n|\n|t:|1736463892\n|move|p1a: Zacian|Play Rough|p2b: Raging Bolt\n|-supereffective|p2b: Raging Bolt\n|-damage|p2b: Raging Bolt|0 fnt\n|faint|p2b: Raging Bolt\n|-end|p2b: Raging Bolt|Protosynthesis|[silent]\n|\n|win|sheepie_sheep1\n|raw|sheepie_sheep1's rating: 1531 &rarr; <strong>1556<\/strong><br \/>(+25 for winning)\n|raw|Duryodhan's rating: 1617 &rarr; <strong>1592<\/strong><br \/>(-25 for losing)\n|c|\u2606sheepie_sheep1|gg\n|l|\u2606Duryodhan\n|player|p2|\n|c|\u2606sheepie_sheep1|wp\n|l|\u2606sheepie_sheep1\n|player|p1|\n","uploadtime":1736464141,"views":247,"formatid":"gen9vgc2025regg","rating":1556,"private":0,"password":null}