{"id":"gen9vgc2025regg-2278074262","format":"[Gen 9] VGC 2025 Reg G","players":["alecfromkanto","JasePokemonTwitter"],"log":"|j|\u2606alecfromkanto\n|j|\u2606JasePokemonTwitter\n|t:|1736452836\n|gametype|doubles\n|player|p1|alecfromkanto|cynthia|1556\n|player|p2|JasePokemonTwitter|lucas|1554\n|teamsize|p1|6\n|teamsize|p2|6\n|gen|9\n|tier|[Gen 9] VGC 2025 Reg G\n|rated|\n|rule|Species Clause: Limit one of each Pok\u00e9mon\n|rule|Item Clause: Limit 1 of each item\n|clearpoke\n|poke|p1|Miraidon, L50|\n|poke|p1|Whimsicott, L50, F|\n|poke|p1|Iron Hands, L50|\n|poke|p1|Volcarona, L50, M|\n|poke|p1|Weavile, L50, M|\n|poke|p1|Urshifu-*, L50, F|\n|poke|p2|Grimmsnarl, L50, M|\n|poke|p2|Ditto, L50|\n|poke|p2|Rillaboom, L50, M|\n|poke|p2|Kyogre, L50|\n|poke|p2|Incineroar, L50, F|\n|poke|p2|Urshifu-*, L50, M|\n|teampreview|4\n|inactive|Battle timer is ON: inactive players will automatically lose when time's up. (requested by JasePokemonTwitter)\n|inactive|alecfromkanto has 60 seconds left.\nalecfromkanto rejected open team sheets.\n|\n|t:|1736452877\n|start\n|switch|p1a: Weavile|Weavile, L50, M, shiny|100\/100\n|switch|p1b: Miraidon|Miraidon, L50|100\/100\n|switch|p2a: Grimmsnarl|Grimmsnarl, L50, M|100\/100\n|switch|p2b: Kyogre|Kyogre, L50|100\/100\n|-fieldstart|move: Electric Terrain|[from] ability: Hadron Engine|[of] p1b: Miraidon\n|-enditem|p1a: Weavile|Electric Seed\n|-boost|p1a: Weavile|def|1|[from] item: Electric Seed\n|-weather|RainDance|[from] ability: Drizzle|[of] p2b: Kyogre\n|turn|1\n|inactive|JasePokemonTwitter has 30 seconds left.\n|\n|t:|1736452905\n|switch|p2a: Rillaboom|Rillaboom, L50, M|100\/100\n|-fieldstart|move: Grassy Terrain|[from] ability: Grassy Surge|[of] p2a: Rillaboom\n|move|p2b: Kyogre|Protect|p2b: Kyogre\n|-singleturn|p2b: Kyogre|Protect\n|move|p1a: Weavile|Fake Out|p2a: Rillaboom\n|-damage|p2a: Rillaboom|90\/100\n|move|p1b: Miraidon|Volt Switch|p2a: Rillaboom\n|-resisted|p2a: Rillaboom\n|-damage|p2a: Rillaboom|72\/100\n|\n|t:|1736452915\n|switch|p1b: Whimsicott|Whimsicott, L50, F, shiny|100\/100|[from] Volt Switch\n|\n|-weather|RainDance|[upkeep]\n|-heal|p2a: Rillaboom|78\/100|[from] Grassy Terrain\n|upkeep\n|turn|2\n|\n|t:|1736452924\n|move|p2a: Rillaboom|Fake Out|p1a: Weavile\n|-damage|p1a: Weavile|88\/100\n|-enditem|p2a: Rillaboom|Assault Vest|[silent]|[from] ability: Pickpocket|[of] p2a: Rillaboom\n|-item|p1a: Weavile|Assault Vest|[from] ability: Pickpocket|[of] p2a: Rillaboom\n|move|p1b: Whimsicott|Light Screen|p1b: Whimsicott\n|-sidestart|p1: alecfromkanto|move: Light Screen\n|cant|p1a: Weavile|flinch\n|move|p2b: Kyogre|Origin Pulse|p1b: Whimsicott|[spread] p1a\n|-miss|p2b: Kyogre|p1b: Whimsicott\n|-damage|p1a: Weavile|57\/100\n|\n|-weather|RainDance|[upkeep]\n|-heal|p1a: Weavile|63\/100|[from] Grassy Terrain\n|-heal|p2a: Rillaboom|84\/100|[from] Grassy Terrain\n|upkeep\n|turn|3\n|j| neebieplayersea\n|inactive|alecfromkanto has 30 seconds left.\n|inactive|alecfromkanto has 20 seconds left.\n|\n|t:|1736452960\n|switch|p1a: Iron Hands|Iron Hands, L50, shiny|100\/100\n|switch|p2a: Grimmsnarl|Grimmsnarl, L50, M|100\/100\n|move|p1b: Whimsicott|Encore|p2a: Grimmsnarl\n|-hint|Since gen 7, Dark is immune to Prankster moves.\n|-immune|p2a: Grimmsnarl\n|move|p2b: Kyogre|Ice Beam|p1b: Whimsicott\n|-supereffective|p1b: Whimsicott\n|-damage|p1b: Whimsicott|36\/100\n|\n|-weather|RainDance|[upkeep]\n|-heal|p1b: Whimsicott|42\/100|[from] Grassy Terrain\n|upkeep\n|turn|4\n|inactive|alecfromkanto has 30 seconds left.\n|\n|t:|1736452987\n|switch|p1b: Weavile|Weavile, L50, M, shiny|63\/100\n|switch|p2b: Ditto|Ditto, L50|100\/100\n|-transform|p2b: Ditto|p1a: Iron Hands|[from] ability: Imposter\n|-terastallize|p1a: Iron Hands|Grass\n|move|p2a: Grimmsnarl|Reflect|p2a: Grimmsnarl\n|-sidestart|p2: JasePokemonTwitter|Reflect\n|move|p1a: Iron Hands|Heavy Slam|p2a: Grimmsnarl\n|-supereffective|p2a: Grimmsnarl\n|-damage|p2a: Grimmsnarl|35\/100\n|\n|-weather|RainDance|[upkeep]\n|-heal|p1b: Weavile|69\/100|[from] Grassy Terrain\n|-heal|p2a: Grimmsnarl|41\/100|[from] Grassy Terrain\n|upkeep\n|turn|5\n|\n|t:|1736453011\n|-end|p1a: Iron Hands|Quark Drive|[silent]\n|switch|p1a: Whimsicott|Whimsicott, L50, F, shiny|42\/100\n|move|p1b: Weavile|Fake Out|p2b: Ditto\n|-damage|p2b: Ditto|91\/100\n|move|p2a: Grimmsnarl|Light Screen|p2a: Grimmsnarl\n|-sidestart|p2: JasePokemonTwitter|move: Light Screen\n|cant|p2b: Ditto|flinch\n|\n|-weather|none\n|-heal|p1a: Whimsicott|48\/100|[from] Grassy Terrain\n|-heal|p1b: Weavile|76\/100|[from] Grassy Terrain\n|-heal|p2a: Grimmsnarl|47\/100|[from] Grassy Terrain\n|-heal|p2b: Ditto|97\/100|[from] Grassy Terrain\n|-fieldend|move: Grassy Terrain\n|upkeep\n|turn|6\n|inactive|alecfromkanto has 30 seconds left.\n|inactive|alecfromkanto has 20 seconds left.\n|inactive|alecfromkanto has 15 seconds left.\n|\n|t:|1736453052\n|switch|p1a: Iron Hands|Iron Hands, L50, shiny, tera:Grass|100\/100\n|move|p2a: Grimmsnarl|Thunder Wave|p1a: Iron Hands\n|-status|p1a: Iron Hands|par\n|move|p1b: Weavile|Triple Axel|p2a: Grimmsnarl\n|-damage|p2a: Grimmsnarl|40\/100\n|-damage|p2a: Grimmsnarl|28\/100\n|-hitcount|p2a: Grimmsnarl|2\n|move|p2b: Ditto|Heavy Slam|p1b: Weavile\n|-supereffective|p1b: Weavile\n|-damage|p1b: Weavile|0 fnt\n|faint|p1b: Weavile\n|\n|-sideend|p1: alecfromkanto|move: Light Screen\n|upkeep\n|\n|t:|1736453064\n|switch|p1b: Whimsicott|Whimsicott, L50, F, shiny|48\/100\n|turn|7\n|\n|t:|1736453079\n|move|p1a: Iron Hands|Fake Out|p2b: Ditto\n|-damage|p2b: Ditto|86\/100\n|move|p1b: Whimsicott|Light Screen|p1b: Whimsicott\n|-sidestart|p1: alecfromkanto|move: Light Screen\n|move|p2a: Grimmsnarl|Spirit Break|p1b: Whimsicott\n|-damage|p1b: Whimsicott|11\/100\n|cant|p2b: Ditto|flinch\n|\n|upkeep\n|turn|8\n|j| Nw0ye\n|inactive|JasePokemonTwitter has 30 seconds left.\n|j| DonShitDozo\n|\n|t:|1736453115\n|move|p1b: Whimsicott|Tailwind|p1b: Whimsicott\n|-sidestart|p1: alecfromkanto|move: Tailwind\n|move|p2a: Grimmsnarl|Spirit Break|p1b: Whimsicott\n|-damage|p1b: Whimsicott|0 fnt\n|faint|p1b: Whimsicott\n|cant|p1a: Iron Hands|par\n|move|p2b: Ditto|Heavy Slam|p1a: Iron Hands\n|-damage|p1a: Iron Hands|89\/100 par\n|\n|upkeep\n|\n|t:|1736453124\n|switch|p1b: Miraidon|Miraidon, L50|100\/100\n|-fieldstart|move: Electric Terrain|[from] ability: Hadron Engine|[of] p1b: Miraidon\n|-activate|p1a: Iron Hands|ability: Quark Drive\n|-start|p1a: Iron Hands|quarkdriveatk\n|turn|9\n|l| Nw0ye\n|j| Nw0ye\n|l| Nw0ye\n|\n|t:|1736453147\n|switch|p2a: Rillaboom|Rillaboom, L50, M|84\/100\n|-fieldstart|move: Grassy Terrain|[from] ability: Grassy Surge|[of] p2a: Rillaboom\n|-end|p1a: Iron Hands|Quark Drive\n|move|p1b: Miraidon|Dazzling Gleam|p2b: Ditto|[spread] p2a,p2b\n|-supereffective|p2b: Ditto\n|-damage|p2a: Rillaboom|62\/100\n|-damage|p2b: Ditto|27\/100\n|cant|p1a: Iron Hands|par\n|move|p2b: Ditto|Low Kick|p1b: Miraidon\n|-damage|p1b: Miraidon|34\/100\n|\n|-heal|p1b: Miraidon|40\/100|[from] Grassy Terrain\n|-heal|p2a: Rillaboom|68\/100|[from] Grassy Terrain\n|-heal|p2b: Ditto|33\/100|[from] Grassy Terrain\n|-heal|p1a: Iron Hands|95\/100 par|[from] Grassy Terrain\n|upkeep\n|turn|10\n|\n|t:|1736453164\n|move|p2a: Rillaboom|Fake Out|p1b: Miraidon\n|-damage|p1b: Miraidon|27\/100\n|cant|p1b: Miraidon|flinch\n|move|p1a: Iron Hands|Low Kick|p2b: Ditto\n|-damage|p2b: Ditto|0 fnt\n|faint|p2b: Ditto\n|-end|p2b: Ditto|Quark Drive|[silent]\n|\n|-heal|p1b: Miraidon|33\/100|[from] Grassy Terrain\n|-heal|p2a: Rillaboom|74\/100|[from] Grassy Terrain\n|-heal|p1a: Iron Hands|100\/100 par|[from] Grassy Terrain\n|upkeep\n|l| DonShitDozo\n|\n|t:|1736453174\n|switch|p2b: Kyogre|Kyogre, L50|100\/100\n|-weather|RainDance|[from] ability: Drizzle|[of] p2b: Kyogre\n|turn|11\n|\n|t:|1736453194\n|-terastallize|p2b: Kyogre|Grass\n|move|p1b: Miraidon|Dazzling Gleam|p2b: Kyogre|[spread] p2a,p2b\n|-damage|p2a: Rillaboom|52\/100\n|-damage|p2b: Kyogre|86\/100\n|move|p2b: Kyogre|Calm Mind|p2b: Kyogre\n|-boost|p2b: Kyogre|spa|1\n|-boost|p2b: Kyogre|spd|1\n|move|p2a: Rillaboom|Wood Hammer|p1b: Miraidon\n|-resisted|p1b: Miraidon\n|-damage|p1b: Miraidon|0 fnt\n|faint|p1b: Miraidon\n|-damage|p2a: Rillaboom|42\/100|[from] Recoil\n|cant|p1a: Iron Hands|par\n|\n|-weather|RainDance|[upkeep]\n|-heal|p2b: Kyogre|92\/100|[from] Grassy Terrain\n|-heal|p2b: Kyogre|98\/100|[from] item: Leftovers\n|-heal|p2a: Rillaboom|48\/100|[from] Grassy Terrain\n|-sideend|p2: JasePokemonTwitter|Reflect\n|-sideend|p1: alecfromkanto|move: Light Screen\n|-sideend|p1: alecfromkanto|move: Tailwind\n|upkeep\n|turn|12\n|\n|t:|1736453213\n|move|p2b: Kyogre|Protect|p2b: Kyogre\n|-singleturn|p2b: Kyogre|Protect\n|move|p2a: Rillaboom|U-turn|p1a: Iron Hands\n|-supereffective|p1a: Iron Hands\n|-damage|p1a: Iron Hands|70\/100 par\n|\n|t:|1736453218\n|switch|p2a: Grimmsnarl|Grimmsnarl, L50, M|28\/100|[from] U-turn\n|move|p1a: Iron Hands|Low Kick|p2b: Kyogre\n|-activate|p2b: Kyogre|move: Protect\n|\n|-weather|RainDance|[upkeep]\n|-heal|p2b: Kyogre|100\/100|[from] Grassy Terrain\n|-heal|p2a: Grimmsnarl|34\/100|[from] Grassy Terrain\n|-heal|p1a: Iron Hands|76\/100 par|[from] Grassy Terrain\n|-sideend|p2: JasePokemonTwitter|move: Light Screen\n|upkeep\n|turn|13\n|\n|t:|1736453225\n|move|p2a: Grimmsnarl|Reflect|p2a: Grimmsnarl\n|-sidestart|p2: JasePokemonTwitter|Reflect\n|move|p2b: Kyogre|Ice Beam|p1a: Iron Hands\n|-supereffective|p1a: Iron Hands\n|-damage|p1a: Iron Hands|23\/100 par\n|move|p1a: Iron Hands|Low Kick|p2b: Kyogre\n|-damage|p2b: Kyogre|57\/100\n|\n|-weather|RainDance|[upkeep]\n|-heal|p2b: Kyogre|63\/100|[from] Grassy Terrain\n|-heal|p2b: Kyogre|69\/100|[from] item: Leftovers\n|-heal|p2a: Grimmsnarl|40\/100|[from] Grassy Terrain\n|-heal|p1a: Iron Hands|29\/100 par|[from] Grassy Terrain\n|-fieldend|move: Grassy Terrain\n|upkeep\n|turn|14\n|-message|alecfromkanto forfeited.\n|\n|win|JasePokemonTwitter\n|raw|alecfromkanto's rating: 1556 &rarr; <strong>1536<\/strong><br \/>(-20 for losing)\n|raw|JasePokemonTwitter's rating: 1554 &rarr; <strong>1574<\/strong><br \/>(+20 for winning)\n|l|\u2606alecfromkanto\n|player|p1|\n|l|\u2606JasePokemonTwitter\n|player|p2|\n|l| neebieplayersea\n","uploadtime":1736453236,"views":17,"formatid":"gen9vgc2025regg","rating":1536,"private":0,"password":null}