{"id":"gen9vgc2025regg-2278971578","format":"[Gen 9] VGC 2025 Reg G","players":["tyuiop112","Aki Hoshino"],"log":"|j|\u2606tyuiop112\n|j|\u2606Aki Hoshino\n|t:|1736574333\n|gametype|doubles\n|player|p1|tyuiop112|1|1587\n|player|p2|Aki Hoshino|aromalady|1607\n|teamsize|p1|6\n|teamsize|p2|6\n|gen|9\n|tier|[Gen 9] VGC 2025 Reg G\n|rated|\n|rule|Species Clause: Limit one of each Pok\u00e9mon\n|rule|Item Clause: Limit 1 of each item\n|clearpoke\n|poke|p1|Terapagos, L50, M|\n|poke|p1|Chien-Pao, L50|\n|poke|p1|Flutter Mane, L50|\n|poke|p1|Urshifu-*, L50, M|\n|poke|p1|Ogerpon-Hearthflame, L50, F|\n|poke|p1|Iron Hands, L50|\n|poke|p2|Whimsicott, L50, F|\n|poke|p2|Urshifu-*, L50, F|\n|poke|p2|Rillaboom, L50, F|\n|poke|p2|Flutter Mane, L50|\n|poke|p2|Walking Wake, L50|\n|poke|p2|Calyrex-Ice, L50|\n|teampreview|4\n|inactive|Battle timer is ON: inactive players will automatically lose when time's up. (requested by tyuiop112)\n|\n|t:|1736574369\n|start\n|switch|p1a: Ogerpon|Ogerpon-Hearthflame, L50, F|100\/100\n|switch|p1b: Flutter Mane|Flutter Mane, L50|100\/100\n|switch|p2a: Whimsicott|Whimsicott, L50, F|100\/100\n|switch|p2b: Calyrex|Calyrex-Ice, L50|100\/100\n|-ability|p2b: Calyrex|As One\n|-ability|p2b: Calyrex|Unnerve\n|-ability|p1a: Ogerpon|Mold Breaker\n|-enditem|p1b: Flutter Mane|Booster Energy\n|-activate|p1b: Flutter Mane|ability: Protosynthesis|[fromitem]\n|-start|p1b: Flutter Mane|protosynthesisspe\n|turn|1\n|\n|t:|1736574393\n|-terastallize|p2b: Calyrex|Dragon\n|move|p2a: Whimsicott|Tailwind|p2a: Whimsicott\n|-sidestart|p2: Aki Hoshino|move: Tailwind\n|move|p1b: Flutter Mane|Thunder Wave|p2b: Calyrex\n|-status|p2b: Calyrex|par\n|move|p1a: Ogerpon|Ivy Cudgel|p2b: Calyrex|[anim] Ivy Cudgel Fire\n|-resisted|p2b: Calyrex\n|-damage|p2b: Calyrex|79\/100 par\n|cant|p2b: Calyrex|par\n|\n|upkeep\n|turn|2\n|\n|t:|1736574412\n|move|p1b: Flutter Mane|Protect|p1b: Flutter Mane\n|-singleturn|p1b: Flutter Mane|Protect\n|move|p2a: Whimsicott|Moonblast|p1b: Flutter Mane\n|-activate|p1b: Flutter Mane|move: Protect\n|move|p1a: Ogerpon|Ivy Cudgel|p2a: Whimsicott|[anim] Ivy Cudgel Fire\n|-supereffective|p2a: Whimsicott\n|-enditem|p2a: Whimsicott|Focus Sash\n|-damage|p2a: Whimsicott|1\/100\n|move|p2b: Calyrex|Glacial Lance|p1a: Ogerpon|[spread] p1a\n|-activate|p1b: Flutter Mane|move: Protect\n|-damage|p1a: Ogerpon|48\/100\n|\n|upkeep\n|turn|3\n|inactive|tyuiop112 has 30 seconds left.\n|inactive|Aki Hoshino has 30 seconds left.\n|inactive|Aki Hoshino has 20 seconds left.\n|\n|t:|1736574451\n|move|p2a: Whimsicott|Endeavor|p1a: Ogerpon\n|-damage|p1a: Ogerpon|1\/100\n|move|p1b: Flutter Mane|Moonblast|p2b: Calyrex\n|-supereffective|p2b: Calyrex\n|-damage|p2b: Calyrex|2\/100 par\n|move|p1a: Ogerpon|Ivy Cudgel|p2a: Whimsicott|[anim] Ivy Cudgel Fire\n|-supereffective|p2a: Whimsicott\n|-damage|p2a: Whimsicott|0 fnt\n|faint|p2a: Whimsicott\n|move|p2b: Calyrex|Glacial Lance|p1a: Ogerpon|[spread] p1a,p1b\n|-crit|p1b: Flutter Mane\n|-damage|p1a: Ogerpon|0 fnt\n|-damage|p1b: Flutter Mane|0 fnt\n|faint|p1a: Ogerpon\n|faint|p1b: Flutter Mane\n|-end|p1b: Flutter Mane|Protosynthesis|[silent]\n|-ability|p2b: Calyrex|Chilling Neigh|boost\n|-boost|p2b: Calyrex|atk|2\n|\n|upkeep\n|\n|t:|1736574474\n|switch|p2a: Flutter Mane|Flutter Mane, L50|100\/100\n|switch|p1b: Chien-Pao|Chien-Pao, L50|100\/100\n|switch|p1a: Terapagos|Terapagos, L50, M|100\/100\n|-activate|p1a: Terapagos|ability: Tera Shift\n|detailschange|p1a: Terapagos|Terapagos-Terastal, L50, M\n|-heal|p1a: Terapagos|100\/100|[silent]\n|-ability|p1b: Chien-Pao|Sword of Ruin\n|turn|4\n|inactive|tyuiop112 has 30 seconds left.\n|inactive|Aki Hoshino has 30 seconds left.\n|inactive|tyuiop112 has 20 seconds left.\n|inactive|Aki Hoshino has 20 seconds left.\n|inactive|tyuiop112 has 15 seconds left.\n|inactive|Aki Hoshino has 15 seconds left.\n|\n|t:|1736574517\n|-terastallize|p1a: Terapagos|Stellar\n|detailschange|p1a: Terapagos|Terapagos-Stellar, L50, M, tera:Stellar\n|-heal|p1a: Terapagos|100\/100|[silent]\n|move|p1b: Chien-Pao|Protect|p1b: Chien-Pao\n|-singleturn|p1b: Chien-Pao|Protect\n|move|p2a: Flutter Mane|Icy Wind|p1a: Terapagos|[spread] p1a\n|-activate|p1b: Chien-Pao|move: Protect\n|-crit|p1a: Terapagos\n|-damage|p1a: Terapagos|78\/100\n|-unboost|p1a: Terapagos|spe|1\n|cant|p2b: Calyrex|par\n|move|p1a: Terapagos|Tera Starstorm|p2b: Calyrex|[spread] p2a,p2b\n|-supereffective|p2b: Calyrex\n|-damage|p2a: Flutter Mane|62\/100\n|-damage|p2b: Calyrex|0 fnt\n|faint|p2b: Calyrex\n|\n|-sideend|p2: Aki Hoshino|move: Tailwind\n|upkeep\n|\n|t:|1736574537\n|switch|p2b: Urshifu|Urshifu, L50, F|100\/100\n|turn|5\n|inactive|tyuiop112 has 30 seconds left.\n|\n|t:|1736574563\n|move|p1b: Chien-Pao|Sucker Punch|p2a: Flutter Mane\n|-damage|p2a: Flutter Mane|0 fnt\n|faint|p2a: Flutter Mane\n|-end|p2a: Flutter Mane|Protosynthesis|[silent]\n|move|p2b: Urshifu|Wicked Blow|p1a: Terapagos\n|-crit|p1a: Terapagos\n|-damage|p1a: Terapagos|0 fnt\n|faint|p1a: Terapagos\n|\n|upkeep\n|turn|6\n|\n|t:|1736574573\n|move|p1b: Chien-Pao|Icicle Crash|p2b: Urshifu\n|-damage|p2b: Urshifu|37\/100\n|move|p2b: Urshifu|Wicked Blow|p1b: Chien-Pao\n|-resisted|p1b: Chien-Pao\n|-crit|p1b: Chien-Pao\n|-damage|p1b: Chien-Pao|40\/100\n|\n|upkeep\n|turn|7\n|\n|t:|1736574583\n|move|p1b: Chien-Pao|Icicle Crash|p2b: Urshifu\n|-damage|p2b: Urshifu|0 fnt\n|faint|p2b: Urshifu\n|\n|win|tyuiop112\n|raw|tyuiop112's rating: 1587 &rarr; <strong>1608<\/strong><br \/>(+21 for winning)\n|raw|Aki Hoshino's rating: 1607 &rarr; <strong>1586<\/strong><br \/>(-21 for losing)\n|l|\u2606Aki Hoshino\n|player|p2|\n|l|\u2606tyuiop112\n|player|p1|\n","uploadtime":1736574769,"views":20,"formatid":"gen9vgc2025regg","rating":1586,"private":0,"password":null}