{"id":"gen9vgc2025regg-2278648651","format":"[Gen 9] VGC 2025 Reg G","players":["Inc0gnit0","Diestoise"],"log":"|j|\u2606Inc0gnit0\n|j|\u2606Diestoise\n|t:|1736532972\n|gametype|doubles\n|player|p1|Inc0gnit0|266|1552\n|player|p2|Diestoise|blue|1598\n|teamsize|p1|6\n|teamsize|p2|6\n|gen|9\n|tier|[Gen 9] VGC 2025 Reg G\n|rated|\n|rule|Species Clause: Limit one of each Pok\u00e9mon\n|rule|Item Clause: Limit 1 of each item\n|clearpoke\n|poke|p1|Kyogre, L50|\n|poke|p1|Indeedee-F, L50, F|\n|poke|p1|Armarouge, L50, F|\n|poke|p1|Ursaluna, L50, F|\n|poke|p1|Sneasler, L50, F|\n|poke|p1|Amoonguss, L50, M|\n|poke|p2|Koraidon, L50|\n|poke|p2|Raging Bolt, L50|\n|poke|p2|Entei, L50|\n|poke|p2|Flutter Mane, L50|\n|poke|p2|Venusaur, L50, F|\n|poke|p2|Ditto, L50|\n|teampreview|4\n|j| b2k99\n|\n|t:|1736533026\n|start\n|switch|p1a: Indeedee|Indeedee-F, L50, F|100\/100\n|switch|p1b: Armarouge|Armarouge, L50, F|100\/100\n|switch|p2a: Flutter Mane|Flutter Mane, L50, shiny|100\/100\n|switch|p2b: Raging Bolt|Raging Bolt, L50|100\/100\n|-fieldstart|move: Psychic Terrain|[from] ability: Psychic Surge|[of] p1a: Indeedee\n|-enditem|p1a: Indeedee|Psychic Seed\n|-boost|p1a: Indeedee|spd|1|[from] item: Psychic Seed\n|turn|1\n|j| perfectpair0_0\n|\n|t:|1736533041\n|move|p1a: Indeedee|Follow Me|p1a: Indeedee\n|-singleturn|p1a: Indeedee|move: Follow Me\n|move|p2a: Flutter Mane|Moonblast|p1a: Indeedee\n|-damage|p1a: Indeedee|67\/100\n|move|p2b: Raging Bolt|Thunderbolt|p1a: Indeedee\n|-damage|p1a: Indeedee|24\/100\n|-damage|p2b: Raging Bolt|91\/100|[from] item: Life Orb\n|move|p1b: Armarouge|Trick Room|p1b: Armarouge\n|-fieldstart|move: Trick Room|[of] p1b: Armarouge\n|\n|upkeep\n|turn|2\n|\n|t:|1736533057\n|move|p2b: Raging Bolt|Protect|p2b: Raging Bolt\n|-singleturn|p2b: Raging Bolt|Protect\n|move|p2a: Flutter Mane|Protect|p2a: Flutter Mane\n|-singleturn|p2a: Flutter Mane|Protect\n|move|p1b: Armarouge|Expanding Force|p2a: Flutter Mane|[spread] \n|-activate|p2a: Flutter Mane|move: Protect\n|-activate|p2b: Raging Bolt|move: Protect\n|move|p1a: Indeedee|Dazzling Gleam|p2b: Raging Bolt|[spread] \n|-activate|p2a: Flutter Mane|move: Protect\n|-activate|p2b: Raging Bolt|move: Protect\n|\n|upkeep\n|turn|3\n|c| b2k99|this is so over lol\n|\n|t:|1736533078\n|-end|p2a: Flutter Mane|Protosynthesis|[silent]\n|switch|p2a: Ditto|Ditto, L50|100\/100\n|-transform|p2a: Ditto|p1b: Armarouge|[from] ability: Imposter\n|move|p1b: Armarouge|Expanding Force|p2b: Raging Bolt|[spread] p2a,p2b\n|-resisted|p2a: Ditto\n|-crit|p2a: Ditto\n|-damage|p2a: Ditto|39\/100\n|-damage|p2b: Raging Bolt|35\/100\n|move|p1a: Indeedee|Dazzling Gleam|p2a: Ditto|[spread] p2a,p2b\n|-resisted|p2a: Ditto\n|-supereffective|p2b: Raging Bolt\n|-damage|p2a: Ditto|30\/100\n|-damage|p2b: Raging Bolt|14\/100\n|move|p2b: Raging Bolt|Thunderbolt|p1a: Indeedee\n|-damage|p1a: Indeedee|0 fnt\n|faint|p1a: Indeedee\n|-damage|p2b: Raging Bolt|4\/100|[from] item: Life Orb\n|\n|upkeep\n|\n|t:|1736533096\n|switch|p1a: Ursaluna|Ursaluna, L50, F|100\/100\n|turn|4\n|\n|t:|1736533124\n|switch|p2a: Flutter Mane|Flutter Mane, L50, shiny|100\/100\n|move|p2b: Raging Bolt|Protect|p2b: Raging Bolt\n|-singleturn|p2b: Raging Bolt|Protect\n|move|p1a: Ursaluna|Facade|p2a: Flutter Mane\n|-immune|p2a: Flutter Mane\n|move|p1b: Armarouge|Meteor Beam||[still]\n|-prepare|p1b: Armarouge|Meteor Beam\n|-boost|p1b: Armarouge|spa|1\n|-enditem|p1b: Armarouge|Power Herb\n|-anim|p1b: Armarouge|Meteor Beam|p2b: Raging Bolt\n|-activate|p2b: Raging Bolt|move: Protect\n|\n|-status|p1a: Ursaluna|brn|[from] item: Flame Orb\n|upkeep\n|turn|5\n|\n|t:|1736533147\n|move|p2b: Raging Bolt|Protect||[still]\n|-fail|p2b: Raging Bolt\n|move|p2a: Flutter Mane|Protect|p2a: Flutter Mane\n|-singleturn|p2a: Flutter Mane|Protect\n|move|p1a: Ursaluna|Facade|p2b: Raging Bolt\n|-damage|p2b: Raging Bolt|0 fnt\n|faint|p2b: Raging Bolt\n|-end|p2b: Raging Bolt|Protosynthesis|[silent]\n|move|p1b: Armarouge|Expanding Force|p2a: Flutter Mane\n|-activate|p2a: Flutter Mane|move: Protect\n|\n|-damage|p1a: Ursaluna|95\/100 brn|[from] brn\n|-fieldend|move: Trick Room\n|-fieldend|move: Psychic Terrain\n|upkeep\n|\n|t:|1736533173\n|switch|p2b: Koraidon|Koraidon, L50|100\/100\n|-weather|SunnyDay|[from] ability: Orichalcum Pulse|[of] p2b: Koraidon\n|-activate|p2a: Flutter Mane|ability: Protosynthesis\n|-start|p2a: Flutter Mane|protosynthesisspe\n|-activate|p2b: Koraidon|Orichalcum Pulse|[source]\n|turn|6\n|\n|t:|1736533196\n|switch|p1a: Kyogre|Kyogre, L50|100\/100\n|-weather|RainDance|[from] ability: Drizzle|[of] p1a: Kyogre\n|-end|p2a: Flutter Mane|Protosynthesis\n|move|p2b: Koraidon|Collision Course|p1b: Armarouge\n|-resisted|p1b: Armarouge\n|-damage|p1b: Armarouge|75\/100\n|move|p2a: Flutter Mane|Shadow Ball|p1b: Armarouge\n|-supereffective|p1b: Armarouge\n|-damage|p1b: Armarouge|0 fnt\n|faint|p1b: Armarouge\n|\n|-weather|RainDance|[upkeep]\n|upkeep\n|\n|t:|1736533210\n|switch|p1b: Ursaluna|Ursaluna, L50, F|95\/100 brn\n|turn|7\n|\n|t:|1736533237\n|switch|p2b: Ditto|Ditto, L50|30\/100\n|-transform|p2b: Ditto|p1a: Kyogre|[from] ability: Imposter\n|-terastallize|p1a: Kyogre|Water\n|move|p2a: Flutter Mane|Protect|p2a: Flutter Mane\n|-singleturn|p2a: Flutter Mane|Protect\n|move|p1a: Kyogre|Water Spout|p2a: Flutter Mane|[spread] p2b\n|-activate|p2a: Flutter Mane|move: Protect\n|-resisted|p2b: Ditto\n|-damage|p2b: Ditto|0 fnt\n|faint|p2b: Ditto\n|move|p1b: Ursaluna|Facade|p2a: Flutter Mane\n|-activate|p2a: Flutter Mane|move: Protect\n|\n|-weather|RainDance|[upkeep]\n|-damage|p1b: Ursaluna|89\/100 brn|[from] brn\n|upkeep\n|\n|t:|1736533254\n|switch|p2b: Koraidon|Koraidon, L50|100\/100\n|-weather|SunnyDay|[from] ability: Orichalcum Pulse|[of] p2b: Koraidon\n|-activate|p2a: Flutter Mane|ability: Protosynthesis\n|-start|p2a: Flutter Mane|protosynthesisspe\n|-activate|p2b: Koraidon|Orichalcum Pulse|[source]\n|turn|8\n|\n|t:|1736533274\n|move|p2b: Koraidon|Protect|p2b: Koraidon\n|-singleturn|p2b: Koraidon|Protect\n|move|p2a: Flutter Mane|Moonblast|p1a: Kyogre\n|-damage|p1a: Kyogre|64\/100\n|-unboost|p1a: Kyogre|spa|1\n|move|p1a: Kyogre|Water Spout|p2a: Flutter Mane|[spread] p2a\n|-activate|p2b: Koraidon|move: Protect\n|-damage|p2a: Flutter Mane|80\/100\n|move|p1b: Ursaluna|Earthquake|p2b: Koraidon|[spread] p1a,p2a\n|-activate|p2b: Koraidon|move: Protect\n|-damage|p1a: Kyogre|0 fnt\n|-damage|p2a: Flutter Mane|0 fnt\n|faint|p1a: Kyogre\n|faint|p2a: Flutter Mane\n|-end|p2a: Flutter Mane|Protosynthesis|[silent]\n|\n|-weather|SunnyDay|[upkeep]\n|-damage|p1b: Ursaluna|83\/100 brn|[from] brn\n|upkeep\n|turn|9\n|j| modestmrmime\n|\n|t:|1736533295\n|move|p2b: Koraidon|Collision Course|p1b: Ursaluna\n|-supereffective|p1b: Ursaluna\n|-crit|p1b: Ursaluna\n|-damage|p1b: Ursaluna|0 fnt\n|faint|p1b: Ursaluna\n|\n|win|Diestoise\n|raw|Inc0gnit0's rating: 1552 &rarr; <strong>1535<\/strong><br \/>(-17 for losing)\n|raw|Diestoise's rating: 1598 &rarr; <strong>1615<\/strong><br \/>(+17 for winning)\n|l|\u2606Inc0gnit0\n|player|p1|\n|l| perfectpair0_0\n|l| b2k99\n|l|\u2606Diestoise\n|player|p2|\n|l| modestmrmime\n","uploadtime":1736533555,"views":278,"formatid":"gen9vgc2025regg","rating":1535,"private":0,"password":null}