{"id":"gen9vgc2025regg-2279303202","format":"[Gen 9] VGC 2025 Reg G","players":["SamP_64","darthnius"],"log":"|j|\u2606SamP_64\n|j|\u2606darthnius\n|t:|1736630556\n|gametype|doubles\n|player|p1|SamP_64|cyrus|1512\n|player|p2|darthnius|volkner|1624\n|teamsize|p1|6\n|teamsize|p2|6\n|gen|9\n|tier|[Gen 9] VGC 2025 Reg G\n|rated|\n|rule|Species Clause: Limit one of each Pok\u00e9mon\n|rule|Item Clause: Limit 1 of each item\n|clearpoke\n|poke|p1|Incineroar, L50, F|\n|poke|p1|Rillaboom, L50, F|\n|poke|p1|Flutter Mane, L50|\n|poke|p1|Urshifu-*, L50, M|\n|poke|p1|Terapagos, L50, M|\n|poke|p1|Amoonguss, L50, M|\n|poke|p2|Calyrex-Ice, L50|\n|poke|p2|Dondozo, L50, F|\n|poke|p2|Tatsugiri-Droopy, L50, M|\n|poke|p2|Weezing-Galar, L50, F|\n|poke|p2|Whimsicott, L50, M|\n|poke|p2|Landorus, L50, M|\n|teampreview|4\n|inactive|Battle timer is ON: inactive players will automatically lose when time's up. (requested by SamP_64)\n|j| max9713\n|l| max9713\ndarthnius rejected open team sheets.\n|inactive|SamP_64 has 60 seconds left.\n|\n|t:|1736630588\n|start\n|switch|p1a: Incineroar|Incineroar, L50, F|100\/100\n|switch|p1b: Terapagos|Terapagos, L50, M|100\/100\n|switch|p2a: Weezing|Weezing-Galar, L50, F|100\/100\n|switch|p2b: Calyrex|Calyrex-Ice, L50|100\/100\n|-activate|p1b: Terapagos|ability: Tera Shift\n|detailschange|p1b: Terapagos|Terapagos-Terastal, L50, M\n|-heal|p1b: Terapagos|100\/100|[silent]\n|-ability|p2a: Weezing|Neutralizing Gas\n|-ability|p2b: Calyrex|As One\n|-ability|p2b: Calyrex|Unnerve\n|turn|1\n|inactive|darthnius has 30 seconds left.\n|\n|t:|1736630616\n|move|p1a: Incineroar|Fake Out|p2b: Calyrex\n|-damage|p2b: Calyrex|94\/100\n|move|p1b: Terapagos|Substitute|p1b: Terapagos\n|-start|p1b: Terapagos|Substitute\n|-damage|p1b: Terapagos|76\/100\n|move|p2a: Weezing|Toxic Spikes|p1a: Incineroar\n|-sidestart|p1: SamP_64|move: Toxic Spikes\n|cant|p2b: Calyrex|flinch\n|\n|-heal|p1b: Terapagos|82\/100|[from] item: Leftovers\n|upkeep\n|turn|2\n|inactive|SamP_64 has 30 seconds left.\n|\n|t:|1736630642\n|move|p1b: Terapagos|Calm Mind|p1b: Terapagos\n|-boost|p1b: Terapagos|spa|1\n|-boost|p1b: Terapagos|spd|1\n|move|p1a: Incineroar|Knock Off|p2b: Calyrex\n|-supereffective|p2b: Calyrex\n|-damage|p2b: Calyrex|52\/100\n|-enditem|p2b: Calyrex|Choice Band|[from] move: Knock Off|[of] p1a: Incineroar\n|move|p2a: Weezing|Toxic Spikes|p1b: Terapagos\n|-sidestart|p1: SamP_64|move: Toxic Spikes\n|move|p2b: Calyrex|Glacial Lance|p1b: Terapagos|[spread] p1a,p1b\n|-end|p1b: Terapagos|Substitute\n|-resisted|p1a: Incineroar\n|-damage|p1a: Incineroar|74\/100\n|\n|-heal|p1b: Terapagos|88\/100|[from] item: Leftovers\n|upkeep\n|turn|3\n|inactive|SamP_64 has 30 seconds left.\n|\n|t:|1736630668\n|move|p1b: Terapagos|Protect|p1b: Terapagos\n|-singleturn|p1b: Terapagos|Protect\n|move|p1a: Incineroar|Will-O-Wisp|p2b: Calyrex\n|-status|p2b: Calyrex|brn\n|move|p2a: Weezing|Poison Gas|p1b: Terapagos|[spread] p1a\n|-activate|p1b: Terapagos|move: Protect\n|-status|p1a: Incineroar|psn\n|move|p2b: Calyrex|Close Combat|p1a: Incineroar\n|-supereffective|p1a: Incineroar\n|-damage|p1a: Incineroar|27\/100 psn\n|-unboost|p2b: Calyrex|def|1\n|-unboost|p2b: Calyrex|spd|1\n|-damage|p2b: Calyrex|36\/100 brn|[from] item: Rocky Helmet|[of] p1a: Incineroar\n|\n|-heal|p1b: Terapagos|94\/100|[from] item: Leftovers\n|-damage|p1a: Incineroar|14\/100 psn|[from] psn\n|-damage|p2b: Calyrex|30\/100 brn|[from] brn\n|upkeep\n|turn|4\n|inactive|SamP_64 has 30 seconds left.\n|inactive|SamP_64 has 20 seconds left.\n|inactive|SamP_64 has 15 seconds left.\n|inactive|SamP_64 has 10 seconds left.\n|inactive|SamP_64 has 5 seconds left.\n|\n|t:|1736630721\n|move|p1b: Terapagos|Substitute|p1b: Terapagos\n|-start|p1b: Terapagos|Substitute\n|-damage|p1b: Terapagos|69\/100\n|move|p1a: Incineroar|Knock Off|p2b: Calyrex\n|-supereffective|p2b: Calyrex\n|-damage|p2b: Calyrex|0 fnt\n|faint|p2b: Calyrex\n|move|p2a: Weezing|Poison Gas||[still]|[spread] p1a,p1b\n|-fail|p2a: Weezing\n|-fail|p1a: Incineroar|psn\n|\n|-heal|p1b: Terapagos|75\/100|[from] item: Leftovers\n|-damage|p1a: Incineroar|2\/100 psn|[from] psn\n|upkeep\n|\n|t:|1736630729\n|switch|p2b: Dondozo|Dondozo, L50, F|100\/100\n|turn|5\n|j| neebieplayersea\n|\n|t:|1736630739\n|-end|p2a: Weezing|ability: Neutralizing Gas\n|-ability|p1a: Incineroar|Intimidate|boost\n|-unboost|p2a: Weezing|atk|1\n|-unboost|p2b: Dondozo|atk|1\n|switch|p2a: Tatsugiri|Tatsugiri-Droopy, L50, M|100\/100\n|-activate|p2a: Tatsugiri|ability: Commander|[of] p2b: Dondozo\n|-boost|p2b: Dondozo|atk|2\n|-boost|p2b: Dondozo|spa|2\n|-boost|p2b: Dondozo|spe|2\n|-boost|p2b: Dondozo|def|2\n|-boost|p2b: Dondozo|spd|2\n|move|p1b: Terapagos|Calm Mind|p1b: Terapagos\n|-boost|p1b: Terapagos|spa|1\n|-boost|p1b: Terapagos|spd|1\n|move|p2b: Dondozo|Body Press|p1b: Terapagos\n|-supereffective|p1b: Terapagos\n|-end|p1b: Terapagos|Substitute\n|move|p1a: Incineroar|Knock Off|p2b: Dondozo\n|-damage|p2b: Dondozo|89\/100\n|-enditem|p2b: Dondozo|Leftovers|[from] move: Knock Off|[of] p1a: Incineroar\n|\n|-heal|p1b: Terapagos|81\/100|[from] item: Leftovers\n|-damage|p1a: Incineroar|0 fnt|[from] psn\n|faint|p1a: Incineroar\n|upkeep\n|\n|t:|1736630759\n|switch|p1a: Amoonguss|Amoonguss, L50, M|100\/100\n|-sideend|p1: SamP_64|move: Toxic Spikes|[of] p1a: Amoonguss\n|turn|6\n|\n|t:|1736630767\n|move|p1b: Terapagos|Protect|p1b: Terapagos\n|-singleturn|p1b: Terapagos|Protect\n|move|p2b: Dondozo|Protect|p2b: Dondozo\n|-singleturn|p2b: Dondozo|Protect\n|move|p1a: Amoonguss|Clear Smog|p2b: Dondozo\n|-activate|p2b: Dondozo|move: Protect\n|\n|-heal|p1b: Terapagos|87\/100|[from] item: Leftovers\n|upkeep\n|turn|7\n|\n|t:|1736630785\n|-terastallize|p2b: Dondozo|Steel\n|move|p1a: Amoonguss|Rage Powder|p1a: Amoonguss\n|-singleturn|p1a: Amoonguss|move: Rage Powder\n|move|p1b: Terapagos|Substitute|p1b: Terapagos\n|-start|p1b: Terapagos|Substitute\n|-damage|p1b: Terapagos|62\/100\n|move|p2b: Dondozo|Body Press|p1a: Amoonguss\n|-resisted|p1a: Amoonguss\n|-damage|p1a: Amoonguss|82\/100\n|\n|-heal|p1b: Terapagos|68\/100|[from] item: Leftovers\n|upkeep\n|turn|8\n|\n|t:|1736630806\n|move|p1b: Terapagos|Calm Mind|p1b: Terapagos\n|-boost|p1b: Terapagos|spa|1\n|-boost|p1b: Terapagos|spd|1\n|move|p2b: Dondozo|Heavy Slam|p1a: Amoonguss\n|-damage|p1a: Amoonguss|37\/100\n|-enditem|p1a: Amoonguss|Sitrus Berry|[eat]\n|-heal|p1a: Amoonguss|62\/100|[from] item: Sitrus Berry\n|move|p1a: Amoonguss|Spore|p2b: Dondozo\n|-status|p2b: Dondozo|slp|[from] move: Spore\n|\n|-heal|p1b: Terapagos|74\/100|[from] item: Leftovers\n|upkeep\n|turn|9\n|-message|darthnius forfeited.\n|\n|win|SamP_64\n|raw|SamP_64's rating: 1512 &rarr; <strong>1538<\/strong><br \/>(+26 for winning)\n|raw|darthnius's rating: 1624 &rarr; <strong>1598<\/strong><br \/>(-26 for losing)\n|l|\u2606darthnius\n|player|p2|\n|l|\u2606SamP_64\n|player|p1|\n","uploadtime":1736631011,"views":8,"formatid":"gen9vgc2025regg","rating":1538,"private":0,"password":null}