{"id":"gen9vgc2025regg-2279488599","format":"[Gen 9] VGC 2025 Reg G","players":["jephre45","ThetaB"],"log":"|j|\u2606jephre45\n|j|\u2606ThetaB\n|t:|1736655542\n|gametype|doubles\n|player|p1|jephre45|plasmagrunt|1562\n|player|p2|ThetaB|palmer|1631\n|teamsize|p1|6\n|teamsize|p2|6\n|gen|9\n|tier|[Gen 9] VGC 2025 Reg G\n|rated|\n|rule|Species Clause: Limit one of each Pok\u00e9mon\n|rule|Item Clause: Limit 1 of each item\n|clearpoke\n|poke|p1|Calyrex-Ice, L50|\n|poke|p1|Urshifu-*, L50, M|\n|poke|p1|Pelipper, L50, M|\n|poke|p1|Amoonguss, L50, M|\n|poke|p1|Iron Valiant, L50|\n|poke|p1|Landorus, L50, M|\n|poke|p2|Calyrex-Shadow, L50|\n|poke|p2|Weezing-Galar, L50, M|\n|poke|p2|Dondozo, L50, M|\n|poke|p2|Tatsugiri-Droopy, L50, F|\n|poke|p2|Indeedee-F, L50, F|\n|poke|p2|Urshifu-*, L50, F|\n|teampreview|4\n|\n|t:|1736655584\n|start\n|switch|p1a: Iron Valiant|Iron Valiant, L50, shiny|100\/100\n|switch|p1b: Landorus|Landorus, L50, M|100\/100\n|switch|p2a: Calyrex|Calyrex-Shadow, L50|100\/100\n|switch|p2b: Weezing|Weezing-Galar, L50, M|100\/100\n|-ability|p2a: Calyrex|As One\n|-ability|p2a: Calyrex|Unnerve\n|-ability|p2b: Weezing|Neutralizing Gas\n|turn|1\n|j| sam smithy\n|\n|t:|1736655616\n|-terastallize|p1a: Iron Valiant|Ghost\n|move|p1a: Iron Valiant|Wide Guard|p1a: Iron Valiant\n|-singleturn|p1a: Iron Valiant|Wide Guard\n|move|p1b: Landorus|Earth Power|p2b: Weezing\n|-supereffective|p2b: Weezing\n|-damage|p2b: Weezing|0 fnt\n|faint|p2b: Weezing\n|-end|p2b: Weezing|ability: Neutralizing Gas\n|-enditem|p1a: Iron Valiant|Booster Energy\n|-activate|p1a: Iron Valiant|ability: Quark Drive|[fromitem]\n|-start|p1a: Iron Valiant|quarkdrivespe\n|move|p2a: Calyrex|Astral Barrage|p1a: Iron Valiant|[spread] \n|-activate|p1a: Iron Valiant|move: Wide Guard\n|-activate|p1b: Landorus|move: Wide Guard\n|\n|upkeep\n|j| mr pogostick\n|\n|t:|1736655621\n|switch|p2b: Dondozo|Dondozo, L50, M|100\/100\n|turn|2\n|\n|t:|1736655638\n|switch|p2a: Tatsugiri|Tatsugiri-Droopy, L50, F, shiny|100\/100\n|-activate|p2a: Tatsugiri|ability: Commander|[of] p2b: Dondozo\n|-boost|p2b: Dondozo|atk|2\n|-boost|p2b: Dondozo|spa|2\n|-boost|p2b: Dondozo|spe|2\n|-boost|p2b: Dondozo|def|2\n|-boost|p2b: Dondozo|spd|2\n|move|p1a: Iron Valiant|Wide Guard|p1a: Iron Valiant\n|-singleturn|p1a: Iron Valiant|Wide Guard\n|move|p1b: Landorus|Earth Power|p2b: Dondozo\n|-damage|p2b: Dondozo|72\/100\n|move|p2b: Dondozo|Order Up|p1b: Landorus\n|-damage|p1b: Landorus|55\/100\n|-boost|p2b: Dondozo|def|1\n|\n|-heal|p2b: Dondozo|78\/100|[from] item: Leftovers\n|upkeep\n|turn|3\n|\n|t:|1736655666\n|move|p2b: Dondozo|Protect|p2b: Dondozo\n|-singleturn|p2b: Dondozo|Protect\n|move|p1a: Iron Valiant|Encore|p2b: Dondozo\n|-activate|p2b: Dondozo|move: Protect\n|move|p1b: Landorus|Earth Power|p2b: Dondozo\n|-activate|p2b: Dondozo|move: Protect\n|\n|-heal|p2b: Dondozo|85\/100|[from] item: Leftovers\n|upkeep\n|turn|4\n|\n|t:|1736655671\n|switch|p1b: Amoonguss|Amoonguss, L50, M|100\/100\n|move|p1a: Iron Valiant|Encore|p2b: Dondozo\n|-start|p2b: Dondozo|Encore\n|move|p2b: Dondozo|Protect||[still]\n|-fail|p2b: Dondozo\n|\n|-heal|p2b: Dondozo|91\/100|[from] item: Leftovers\n|upkeep\n|turn|5\n|-message|ThetaB forfeited.\n|\n|win|jephre45\n|raw|jephre45's rating: 1562 &rarr; <strong>1586<\/strong><br \/>(+24 for winning)\n|raw|ThetaB's rating: 1631 &rarr; <strong>1607<\/strong><br \/>(-24 for losing)\n|l|\u2606jephre45\n|player|p1|\n|l| mr pogostick\n|l| sam smithy\n|l|\u2606ThetaB\n|player|p2|\n","uploadtime":1736655679,"views":19,"formatid":"gen9vgc2025regg","rating":1586,"private":0,"password":null}