{"id":"gen9vgc2025regg-2279936950","format":"[Gen 9] VGC 2025 Reg G","players":["daniiivgc","Iamsliverfish"],"log":"|j|\u203ddaniiivgc\n|j|\u2606Iamsliverfish\n|t:|1736725193\n|gametype|doubles\n|player|p1|daniiivgc|lucas|1528\n|player|p2|Iamsliverfish|hiker-gen4|1603\n|teamsize|p1|6\n|teamsize|p2|6\n|gen|9\n|tier|[Gen 9] VGC 2025 Reg G\n|rated|\n|rule|Species Clause: Limit one of each Pok\u00e9mon\n|rule|Item Clause: Limit 1 of each item\n|clearpoke\n|poke|p1|Weezing-Galar, L50, M|\n|poke|p1|Dondozo, L50, M|\n|poke|p1|Calyrex-Shadow, L50|\n|poke|p1|Tatsugiri-Droopy, L50, M|\n|poke|p1|Indeedee-F, L50, F|\n|poke|p1|Urshifu-*, L50, F|\n|poke|p2|Calyrex-Shadow, L50|\n|poke|p2|Maushold, L50|\n|poke|p2|Amoonguss, L50, F|\n|poke|p2|Urshifu-*, L50, F|\n|poke|p2|Incineroar, L50, F|\n|poke|p2|Tornadus, L50, M|\n|teampreview|4\n|j| Pepinopequeno\n|\n|t:|1736725224\n|start\n|switch|p1a: Weezing|Weezing-Galar, L50, M, shiny|100\/100\n|switch|p1b: Calyrex|Calyrex-Shadow, L50|100\/100\n|switch|p2a: Tornadus|Tornadus, L50, M|100\/100\n|switch|p2b: Incineroar|Incineroar, L50, F|100\/100\n|-ability|p1b: Calyrex|As One\n|-ability|p1b: Calyrex|Unnerve\n|-ability|p1a: Weezing|Neutralizing Gas\n|turn|1\n|\n|t:|1736725248\n|move|p1b: Calyrex|Protect|p1b: Calyrex\n|-singleturn|p1b: Calyrex|Protect\n|move|p2b: Incineroar|Fake Out|p1a: Weezing\n|-damage|p1a: Weezing|91\/100\n|move|p2a: Tornadus|Taunt|p1a: Weezing\n|-start|p1a: Weezing|move: Taunt\n|-enditem|p1a: Weezing|Mental Herb\n|-end|p1a: Weezing|move: Taunt\n|cant|p1a: Weezing|flinch\n|\n|upkeep\n|turn|2\n|\n|t:|1736725264\n|-terastallize|p1b: Calyrex|Normal\n|move|p1b: Calyrex|Astral Barrage|p2a: Tornadus|[spread] p2a,p2b\n|-crit|p2a: Tornadus\n|-resisted|p2b: Incineroar\n|-damage|p2a: Tornadus|0 fnt\n|-damage|p2b: Incineroar|68\/100\n|faint|p2a: Tornadus\n|-ability|p1b: Calyrex|Grim Neigh|boost\n|-boost|p1b: Calyrex|spa|1\n|-enditem|p2b: Incineroar|Red Card|[of] p1b: Calyrex\n|drag|p1b: Tatsugiri|Tatsugiri-Droopy, L50, M, shiny|100\/100\n|move|p2b: Incineroar|Knock Off|p1b: Tatsugiri\n|-damage|p1b: Tatsugiri|35\/100\n|-enditem|p1b: Tatsugiri|Focus Sash|[from] move: Knock Off|[of] p2b: Incineroar\n|move|p1a: Weezing|Poison Gas|p2b: Incineroar\n|-status|p2b: Incineroar|psn\n|\n|-damage|p2b: Incineroar|56\/100 psn|[from] psn\n|upkeep\n|\n|t:|1736725272\n|switch|p2a: Calyrex|Calyrex-Shadow, L50|100\/100\n|-ability|p2a: Calyrex|As One\n|-ability|p2a: Calyrex|Unnerve\n|turn|3\n|j| neebieplayersea\n|\n|t:|1736725286\n|switch|p1b: Calyrex|Calyrex-Shadow, L50, tera:Normal|100\/100\n|-ability|p1b: Calyrex|As One\n|-ability|p1b: Calyrex|Unnerve\n|move|p1a: Weezing|Protect|p1a: Weezing\n|-singleturn|p1a: Weezing|Protect\n|move|p2a: Calyrex|Astral Barrage|p1a: Weezing|[spread] \n|-activate|p1a: Weezing|move: Protect\n|-immune|p1b: Calyrex\n|move|p2b: Incineroar|Parting Shot|p1a: Weezing\n|-activate|p1a: Weezing|move: Protect\n|\n|-damage|p2b: Incineroar|43\/100 psn|[from] psn\n|upkeep\n|turn|4\n|\n|t:|1736725308\n|move|p2a: Calyrex|Protect|p2a: Calyrex\n|-singleturn|p2a: Calyrex|Protect\n|move|p1b: Calyrex|Astral Barrage|p2b: Incineroar|[spread] p2b\n|-activate|p2a: Calyrex|move: Protect\n|-resisted|p2b: Incineroar\n|-damage|p2b: Incineroar|8\/100 psn\n|-damage|p1b: Calyrex|91\/100|[from] item: Life Orb\n|move|p2b: Incineroar|Parting Shot|p1b: Calyrex\n|-unboost|p1b: Calyrex|atk|1\n|-unboost|p1b: Calyrex|spa|1\n|\n|t:|1736725312\n|switch|p2b: Amoonguss|Amoonguss, L50, F|100\/100|[from] Parting Shot\n|move|p1a: Weezing|Poison Gas|p2b: Amoonguss|[spread] \n|-activate|p2a: Calyrex|move: Protect\n|-immune|p2b: Amoonguss\n|\n|upkeep\n|turn|5\n|\n|t:|1736725334\n|-terastallize|p2a: Calyrex|Ground\n|move|p2a: Calyrex|Tera Blast|p1a: Weezing|[anim] Tera Blast Ground\n|-supereffective|p1a: Weezing\n|-damage|p1a: Weezing|0 fnt\n|faint|p1a: Weezing\n|-end|p1a: Weezing|ability: Neutralizing Gas\n|-ability|p2a: Calyrex|Grim Neigh|boost\n|-boost|p2a: Calyrex|spa|1\n|-damage|p2a: Calyrex|91\/100|[from] item: Life Orb\n|move|p1b: Calyrex|Expanding Force|p2b: Amoonguss\n|-supereffective|p2b: Amoonguss\n|-damage|p2b: Amoonguss|15\/100\n|-damage|p1b: Calyrex|82\/100|[from] item: Life Orb\n|move|p2b: Amoonguss|Spore|p1b: Calyrex\n|-status|p1b: Calyrex|slp|[from] move: Spore\n|\n|upkeep\n|\n|t:|1736725347\n|switch|p1a: Dondozo|Dondozo, L50, M|100\/100\n|turn|6\n|\n|t:|1736725354\n|switch|p1b: Tatsugiri|Tatsugiri-Droopy, L50, M, shiny|35\/100\n|-activate|p1b: Tatsugiri|ability: Commander|[of] p1a: Dondozo\n|-boost|p1a: Dondozo|atk|2\n|-boost|p1a: Dondozo|spa|2\n|-boost|p1a: Dondozo|spe|2\n|-boost|p1a: Dondozo|def|2\n|-boost|p1a: Dondozo|spd|2\n|switch|p2b: Incineroar|Incineroar, L50, F|8\/100 psn\n|-ability|p2b: Incineroar|Intimidate|boost\n|-unboost|p1a: Dondozo|atk|1\n|-unboost|p1b: Tatsugiri|atk|1\n|move|p2a: Calyrex|Protect|p2a: Calyrex\n|-singleturn|p2a: Calyrex|Protect\n|move|p1a: Dondozo|Order Up|p2b: Incineroar\n|-damage|p2b: Incineroar|0 fnt\n|faint|p2b: Incineroar\n|-boost|p1a: Dondozo|def|1\n|\n|upkeep\n|\n|t:|1736725357\n|switch|p2b: Amoonguss|Amoonguss, L50, F|48\/100\n|turn|7\n|inactive|Battle timer is ON: inactive players will automatically lose when time's up. (requested by daniiivgc)\n|\n|t:|1736725376\n|move|p2b: Amoonguss|Rage Powder|p2b: Amoonguss\n|-singleturn|p2b: Amoonguss|move: Rage Powder\n|move|p2a: Calyrex|Astral Barrage|p1a: Dondozo|[spread] p1a\n|-miss|p2a: Calyrex|p1b: Tatsugiri\n|-damage|p1a: Dondozo|69\/100\n|-damage|p2a: Calyrex|82\/100|[from] item: Life Orb\n|move|p1a: Dondozo|Wave Crash|p2b: Amoonguss\n|-resisted|p2b: Amoonguss\n|-damage|p2b: Amoonguss|24\/100\n|-damage|p1a: Dondozo|53\/100|[from] item: Rocky Helmet|[of] p2b: Amoonguss\n|-damage|p1a: Dondozo|45\/100|[from] Recoil\n|\n|-heal|p1a: Dondozo|51\/100|[from] item: Leftovers\n|upkeep\n|turn|8\n|\n|t:|1736725390\n|move|p1a: Dondozo|Protect|p1a: Dondozo\n|-singleturn|p1a: Dondozo|Protect\n|move|p2b: Amoonguss|Rage Powder|p2b: Amoonguss\n|-singleturn|p2b: Amoonguss|move: Rage Powder\n|move|p2a: Calyrex|Astral Barrage|p1b: Tatsugiri|[spread] \n|-miss|p2a: Calyrex|p1b: Tatsugiri\n|-activate|p1a: Dondozo|move: Protect\n|\n|-heal|p1a: Dondozo|58\/100|[from] item: Leftovers\n|upkeep\n|turn|9\n|\n|t:|1736725401\n|move|p2b: Amoonguss|Rage Powder|p2b: Amoonguss\n|-singleturn|p2b: Amoonguss|move: Rage Powder\n|move|p2a: Calyrex|Astral Barrage|p1a: Dondozo|[spread] p1a\n|-miss|p2a: Calyrex|p1b: Tatsugiri\n|-damage|p1a: Dondozo|24\/100\n|-damage|p2a: Calyrex|72\/100|[from] item: Life Orb\n|move|p1a: Dondozo|Order Up|p2b: Amoonguss\n|-damage|p2b: Amoonguss|4\/100\n|-boost|p1a: Dondozo|def|1\n|\n|-heal|p1a: Dondozo|31\/100|[from] item: Leftovers\n|upkeep\n|turn|10\n|\n|t:|1736725415\n|move|p1a: Dondozo|Protect|p1a: Dondozo\n|-singleturn|p1a: Dondozo|Protect\n|move|p2a: Calyrex|Astral Barrage|p1b: Tatsugiri|[spread] \n|-miss|p2a: Calyrex|p1b: Tatsugiri\n|-activate|p1a: Dondozo|move: Protect\n|move|p2b: Amoonguss|Pollen Puff|p2a: Calyrex\n|-heal|p2a: Calyrex|100\/100\n|\n|-heal|p1a: Dondozo|37\/100|[from] item: Leftovers\n|upkeep\n|turn|11\n|\n|t:|1736725421\n|move|p2b: Amoonguss|Rage Powder|p2b: Amoonguss\n|-singleturn|p2b: Amoonguss|move: Rage Powder\n|move|p2a: Calyrex|Astral Barrage|p1a: Dondozo|[spread] p1a\n|-miss|p2a: Calyrex|p1b: Tatsugiri\n|-damage|p1a: Dondozo|4\/100\n|-damage|p2a: Calyrex|91\/100|[from] item: Life Orb\n|move|p1a: Dondozo|Order Up|p2b: Amoonguss\n|-damage|p2b: Amoonguss|0 fnt\n|faint|p2b: Amoonguss\n|-boost|p1a: Dondozo|def|1\n|\n|-heal|p1a: Dondozo|10\/100|[from] item: Leftovers\n|upkeep\n|turn|12\n|\n|t:|1736725434\n|move|p1a: Dondozo|Protect|p1a: Dondozo\n|-singleturn|p1a: Dondozo|Protect\n|move|p2a: Calyrex|Astral Barrage|p1a: Dondozo|[spread] \n|-miss|p2a: Calyrex|p1b: Tatsugiri\n|-activate|p1a: Dondozo|move: Protect\n|\n|-heal|p1a: Dondozo|16\/100|[from] item: Leftovers\n|upkeep\n|turn|13\n|\n|t:|1736725444\n|move|p2a: Calyrex|Astral Barrage|p1b: Tatsugiri|[spread] p1a\n|-miss|p2a: Calyrex|p1b: Tatsugiri\n|-damage|p1a: Dondozo|0 fnt\n|faint|p1a: Dondozo\n|-ability|p2a: Calyrex|Grim Neigh|boost\n|-boost|p2a: Calyrex|spa|1\n|-damage|p2a: Calyrex|82\/100|[from] item: Life Orb\n|\n|upkeep\n|\n|t:|1736725446\n|switch|p1a: Calyrex|Calyrex-Shadow, L50, tera:Normal|82\/100 slp\n|-ability|p1a: Calyrex|As One\n|-ability|p1a: Calyrex|Unnerve\n|turn|14\n|\n|t:|1736725455\n|move|p2a: Calyrex|Tera Blast|p1a: Calyrex|[anim] Tera Blast Ground\n|-damage|p1a: Calyrex|0 fnt\n|faint|p1a: Calyrex\n|-ability|p2a: Calyrex|Grim Neigh|boost\n|-boost|p2a: Calyrex|spa|1\n|-damage|p2a: Calyrex|72\/100|[from] item: Life Orb\n|move|p1b: Tatsugiri|Muddy Water|p2a: Calyrex\n|-supereffective|p2a: Calyrex\n|-damage|p2a: Calyrex|0 fnt\n|faint|p2a: Calyrex\n|\n|win|daniiivgc\n|raw|daniiivgc's rating: 1528 &rarr; <strong>1552<\/strong><br \/>(+24 for winning)\n|raw|Iamsliverfish's rating: 1603 &rarr; <strong>1579<\/strong><br \/>(-24 for losing)\n|l|\u2606Iamsliverfish\n|player|p2|\n|l|\u203ddaniiivgc\n|player|p1|\n|l| Pepinopequeno\n|l| neebieplayersea\n","uploadtime":1736725650,"views":7,"formatid":"gen9vgc2025regg","rating":1552,"private":0,"password":null}