{"id":"gen9vgc2025regg-2279516029","format":"[Gen 9] VGC 2025 Reg G","players":["Dragonite1016","Moonlight410"],"log":"|j|\u2606Dragonite1016\n|j|\u2606Moonlight410\n|t:|1736659982\n|gametype|doubles\n|player|p1|Dragonite1016|red|1535\n|player|p2|Moonlight410|265|1638\n|teamsize|p1|6\n|teamsize|p2|6\n|gen|9\n|tier|[Gen 9] VGC 2025 Reg G\n|rated|\n|rule|Species Clause: Limit one of each Pok\u00e9mon\n|rule|Item Clause: Limit 1 of each item\n|clearpoke\n|poke|p1|Zamazenta-*, L50|\n|poke|p1|Whimsicott, L50, F|\n|poke|p1|Chien-Pao, L50|\n|poke|p1|Urshifu-*, L50, M|\n|poke|p1|Raging Bolt, L50|\n|poke|p1|Dragonite, L50, M|\n|poke|p2|Calyrex-Ice, L50|\n|poke|p2|Incineroar, L50, F|\n|poke|p2|Amoonguss, L50, M|\n|poke|p2|Urshifu-*, L50, F|\n|poke|p2|Rillaboom, L50, F|\n|poke|p2|Pelipper, L50, F|\n|teampreview|4\n|inactive|Battle timer is ON: inactive players will automatically lose when time's up. (requested by Moonlight410)\n|inactive|Dragonite1016 has 60 seconds left.\n|\n|t:|1736660041\n|start\n|switch|p1a: Urshifu|Urshifu, L50, M|100\/100\n|switch|p1b: Zamazenta|Zamazenta-Crowned, L50|100\/100\n|switch|p2a: Urshifu|Urshifu-Rapid-Strike, L50, F|100\/100\n|switch|p2b: Incineroar|Incineroar, L50, F|100\/100\n|-ability|p1b: Zamazenta|Dauntless Shield|boost\n|-boost|p1b: Zamazenta|def|1\n|-ability|p2b: Incineroar|Intimidate|boost\n|-unboost|p1a: Urshifu|atk|1\n|-unboost|p1b: Zamazenta|atk|1\n|turn|1\n|inactive|Moonlight410 has 30 seconds left.\n|inactive|Dragonite1016 has 30 seconds left.\n|inactive|Moonlight410 has 20 seconds left.\n|inactive|Moonlight410 has 15 seconds left.\n|\n|t:|1736660081\n|move|p2b: Incineroar|Fake Out|p1b: Zamazenta\n|-resisted|p1b: Zamazenta\n|-damage|p1b: Zamazenta|98\/100\n|move|p2a: Urshifu|Surging Strikes|p1a: Urshifu\n|-crit|p1a: Urshifu\n|-damage|p1a: Urshifu|79\/100\n|-crit|p1a: Urshifu\n|-damage|p1a: Urshifu|59\/100\n|-crit|p1a: Urshifu\n|-damage|p1a: Urshifu|39\/100\n|-hitcount|p1a: Urshifu|3\n|cant|p1b: Zamazenta|flinch\n|move|p1a: Urshifu|Close Combat|p2b: Incineroar\n|-supereffective|p2b: Incineroar\n|-damage|p2b: Incineroar|38\/100\n|-unboost|p1a: Urshifu|def|1\n|-unboost|p1a: Urshifu|spd|1\n|\n|upkeep\n|turn|2\n|\n|t:|1736660103\n|switch|p1a: Raging Bolt|Raging Bolt, L50|100\/100\n|-terastallize|p2b: Incineroar|Ghost\n|move|p2a: Urshifu|Surging Strikes|p1a: Raging Bolt\n|-resisted|p1a: Raging Bolt\n|-crit|p1a: Raging Bolt\n|-damage|p1a: Raging Bolt|92\/100\n|-resisted|p1a: Raging Bolt\n|-crit|p1a: Raging Bolt\n|-damage|p1a: Raging Bolt|85\/100\n|-resisted|p1a: Raging Bolt\n|-crit|p1a: Raging Bolt\n|-damage|p1a: Raging Bolt|75\/100\n|-hitcount|p1a: Raging Bolt|3\n|move|p1b: Zamazenta|Body Press|p2a: Urshifu\n|-damage|p2a: Urshifu|32\/100\n|move|p2b: Incineroar|Will-O-Wisp|p1b: Zamazenta\n|-status|p1b: Zamazenta|brn\n|\n|-damage|p1b: Zamazenta|92\/100 brn|[from] brn\n|upkeep\n|turn|3\n|inactive|Dragonite1016 has 30 seconds left.\n|\n|t:|1736660135\n|switch|p2a: Amoonguss|Amoonguss, L50, M|100\/100\n|switch|p2b: Calyrex|Calyrex-Ice, L50|100\/100\n|-ability|p2b: Calyrex|As One\n|-ability|p2b: Calyrex|Unnerve\n|move|p1b: Zamazenta|Body Press|p2a: Amoonguss\n|-resisted|p2a: Amoonguss\n|-damage|p2a: Amoonguss|88\/100\n|-damage|p1b: Zamazenta|76\/100 brn|[from] item: Rocky Helmet|[of] p2a: Amoonguss\n|move|p1a: Raging Bolt|Volt Switch|p2a: Amoonguss\n|-resisted|p2a: Amoonguss\n|-crit|p2a: Amoonguss\n|-damage|p2a: Amoonguss|64\/100\n|\n|t:|1736660151\n|-end|p1a: Raging Bolt|Protosynthesis|[silent]\n|switch|p1a: Urshifu|Urshifu, L50, M|39\/100|[from] Volt Switch\n|\n|-damage|p1b: Zamazenta|70\/100 brn|[from] brn\n|upkeep\n|turn|4\n|inactive|Moonlight410 has 30 seconds left.\n|inactive|Moonlight410 has 20 seconds left.\n|\n|t:|1736660188\n|switch|p2b: Urshifu|Urshifu-Rapid-Strike, L50, F|32\/100\n|move|p1b: Zamazenta|Body Press|p2b: Urshifu\n|-damage|p2b: Urshifu|0 fnt\n|faint|p2b: Urshifu\n|move|p1a: Urshifu|Wicked Blow|p2a: Amoonguss\n|-crit|p2a: Amoonguss\n|-damage|p2a: Amoonguss|20\/100\n|-damage|p1a: Urshifu|23\/100|[from] item: Rocky Helmet|[of] p2a: Amoonguss\n|move|p2a: Amoonguss|Spore|p1a: Urshifu\n|-activate|p1a: Urshifu|item: Safety Goggles|Spore\n|\n|-damage|p1b: Zamazenta|64\/100 brn|[from] brn\n|upkeep\n|\n|t:|1736660205\n|switch|p2b: Calyrex|Calyrex-Ice, L50|100\/100\n|-ability|p2b: Calyrex|As One\n|-ability|p2b: Calyrex|Unnerve\n|turn|5\n|\n|t:|1736660217\n|move|p2a: Amoonguss|Protect|p2a: Amoonguss\n|-singleturn|p2a: Amoonguss|Protect\n|move|p1b: Zamazenta|Body Press|p2b: Calyrex\n|-damage|p2b: Calyrex|80\/100\n|move|p1a: Urshifu|Wicked Blow|p2b: Calyrex\n|-supereffective|p2b: Calyrex\n|-crit|p2b: Calyrex\n|-damage|p2b: Calyrex|11\/100\n|move|p2b: Calyrex|Trick Room|p2b: Calyrex\n|-fieldstart|move: Trick Room|[of] p2b: Calyrex\n|\n|-damage|p1b: Zamazenta|57\/100 brn|[from] brn\n|upkeep\n|turn|6\n|\n|t:|1736660236\n|move|p1a: Urshifu|Sucker Punch|p2b: Calyrex\n|-supereffective|p2b: Calyrex\n|-damage|p2b: Calyrex|0 fnt\n|faint|p2b: Calyrex\n|move|p2a: Amoonguss|Pollen Puff|p2: Calyrex|[notarget]\n|-fail|p2a: Amoonguss\n|move|p1b: Zamazenta|Body Press|p2a: Amoonguss\n|-resisted|p2a: Amoonguss\n|-damage|p2a: Amoonguss|7\/100\n|-damage|p1b: Zamazenta|41\/100 brn|[from] item: Rocky Helmet|[of] p2a: Amoonguss\n|\n|-damage|p1b: Zamazenta|35\/100 brn|[from] brn\n|upkeep\n|\n|t:|1736660247\n|switch|p2b: Incineroar|Incineroar, L50, F, tera:Ghost|38\/100\n|-ability|p2b: Incineroar|Intimidate|boost\n|-unboost|p1a: Urshifu|atk|1\n|-unboost|p1b: Zamazenta|atk|1\n|turn|7\n|\n|t:|1736660259\n|move|p1a: Urshifu|Protect|p1a: Urshifu\n|-singleturn|p1a: Urshifu|Protect\n|move|p2a: Amoonguss|Spore|p1a: Urshifu\n|-activate|p1a: Urshifu|move: Protect\n|move|p2b: Incineroar|Knock Off|p1a: Urshifu\n|-activate|p1a: Urshifu|move: Protect\n|move|p1b: Zamazenta|Body Press|p2a: Amoonguss\n|-resisted|p2a: Amoonguss\n|-crit|p2a: Amoonguss\n|-damage|p2a: Amoonguss|0 fnt\n|-damage|p1b: Zamazenta|19\/100 brn|[from] item: Rocky Helmet|[of] p2a: Amoonguss\n|faint|p2a: Amoonguss\n|\n|-damage|p1b: Zamazenta|13\/100 brn|[from] brn\n|upkeep\n|turn|8\n|\n|t:|1736660273\n|switch|p1b: Raging Bolt|Raging Bolt, L50|75\/100\n|move|p2b: Incineroar|Will-O-Wisp|p1a: Urshifu|[miss]\n|-miss|p2b: Incineroar|p1a: Urshifu\n|move|p1a: Urshifu|Wicked Blow|p2b: Incineroar\n|-supereffective|p2b: Incineroar\n|-crit|p2b: Incineroar\n|-damage|p2b: Incineroar|0 fnt\n|faint|p2b: Incineroar\n|\n|win|Dragonite1016\n|raw|Dragonite1016's rating: 1535 &rarr; <strong>1561<\/strong><br \/>(+26 for winning)\n|raw|Moonlight410's rating: 1638 &rarr; <strong>1612<\/strong><br \/>(-26 for losing)\n|l|\u2606Dragonite1016\n|player|p1|\n|l|\u2606Moonlight410\n|player|p2|\n","uploadtime":1736660454,"views":109,"formatid":"gen9vgc2025regg","rating":1561,"private":0,"password":null}