{"id":"gen9vgc2025regg-2279049348","format":"[Gen 9] VGC 2025 Reg G","players":["PokemonmasterN2009","SamP_64"],"log":"|j|\u2606PokemonmasterN2009\n|j|\u2606SamP_64\n|t:|1736592464\n|gametype|doubles\n|player|p1|PokemonmasterN2009|steven|1548\n|player|p2|SamP_64|cyrus|1580\n|teamsize|p1|6\n|teamsize|p2|6\n|gen|9\n|tier|[Gen 9] VGC 2025 Reg G\n|rated|\n|rule|Species Clause: Limit one of each Pok\u00e9mon\n|rule|Item Clause: Limit 1 of each item\n|clearpoke\n|poke|p1|Calyrex-Ice, L50|\n|poke|p1|Torkoal, L50, M|\n|poke|p1|Farigiraf, L50, M|\n|poke|p1|Smeargle, L50, F|\n|poke|p1|Ogerpon-Cornerstone, L50, F|\n|poke|p1|Regidrago, L50|\n|poke|p2|Incineroar, L50, F|\n|poke|p2|Rillaboom, L50, M|\n|poke|p2|Flutter Mane, L50|\n|poke|p2|Urshifu-*, L50, M|\n|poke|p2|Terapagos, L50, M|\n|poke|p2|Amoonguss, L50, M|\n|teampreview|4\n|inactive|Battle timer is ON: inactive players will automatically lose when time's up. (requested by SamP_64)\n|inactive|PokemonmasterN2009 also wants the timer to be on.\nPokemonmasterN2009 has agreed to open team sheets.\n|inactive|SamP_64 has 60 seconds left.\n|j| marchez\n|\n|t:|1736592521\n|start\n|switch|p1a: Smeargle|Smeargle, L50, F|100\/100\n|switch|p1b: Calyrex|Calyrex-Ice, L50|100\/100\n|switch|p2a: Urshifu|Urshifu-Rapid-Strike, L50, M|100\/100\n|switch|p2b: Incineroar|Incineroar, L50, F|100\/100\n|-ability|p1b: Calyrex|As One\n|-ability|p1b: Calyrex|Unnerve\n|-ability|p2b: Incineroar|Intimidate|boost\n|-fail|p1a: Smeargle|unboost|Attack|[from] ability: Own Tempo|[of] p1a: Smeargle\n|-fail|p1b: Calyrex|unboost|[from] item: Clear Amulet|[of] p1b: Calyrex\n|turn|1\n|\n|t:|1736592531\n|move|p2b: Incineroar|Fake Out|p1b: Calyrex\n|-damage|p1b: Calyrex|93\/100\n|move|p2a: Urshifu|Surging Strikes|p1a: Smeargle\n|-crit|p1a: Smeargle\n|-damage|p1a: Smeargle|63\/100\n|-crit|p1a: Smeargle\n|-damage|p1a: Smeargle|31\/100\n|-crit|p1a: Smeargle\n|-damage|p1a: Smeargle|0 fnt\n|faint|p1a: Smeargle\n|-hitcount|p1: Smeargle|3\n|cant|p1b: Calyrex|flinch\n|\n|upkeep\n|\n|t:|1736592540\n|switch|p1a: Farigiraf|Farigiraf, L50, M|100\/100\n|turn|2\n|\n|t:|1736592559\n|-terastallize|p1b: Calyrex|Fire\n|move|p2a: Urshifu|Surging Strikes|p1b: Calyrex\n|-supereffective|p1b: Calyrex\n|-crit|p1b: Calyrex\n|-damage|p1b: Calyrex|63\/100\n|-supereffective|p1b: Calyrex\n|-crit|p1b: Calyrex\n|-damage|p1b: Calyrex|36\/100\n|-supereffective|p1b: Calyrex\n|-crit|p1b: Calyrex\n|-damage|p1b: Calyrex|7\/100\n|-hitcount|p1b: Calyrex|3\n|move|p2b: Incineroar|Knock Off|p1b: Calyrex\n|-damage|p1b: Calyrex|0 fnt\n|-enditem|p1b: Calyrex|Clear Amulet|[from] move: Knock Off|[of] p2b: Incineroar\n|faint|p1b: Calyrex\n|move|p1a: Farigiraf|Trick Room|p1a: Farigiraf\n|-fieldstart|move: Trick Room|[of] p1a: Farigiraf\n|\n|upkeep\n|\n|t:|1736592569\n|switch|p1b: Regidrago|Regidrago, L50|100\/100\n|turn|3\n|\n|t:|1736592582\n|move|p2a: Urshifu|Protect|p2a: Urshifu\n|-singleturn|p2a: Urshifu|Protect\n|move|p1b: Regidrago|Dragon Energy|p2b: Incineroar|[spread] p2b\n|-activate|p2a: Urshifu|move: Protect\n|-damage|p2b: Incineroar|43\/100\n|move|p1a: Farigiraf|Hyper Voice|p2a: Urshifu|[spread] p2b\n|-activate|p2a: Urshifu|move: Protect\n|-damage|p2b: Incineroar|21\/100\n|-enditem|p1a: Farigiraf|Throat Spray\n|-boost|p1a: Farigiraf|spa|1|[from] item: Throat Spray\n|move|p2b: Incineroar|Parting Shot|p1b: Regidrago\n|-unboost|p1b: Regidrago|atk|1\n|-unboost|p1b: Regidrago|spa|1\n|\n|t:|1736592599\n|switch|p2b: Amoonguss|Amoonguss, L50, M|100\/100|[from] Parting Shot\n|\n|upkeep\n|turn|4\n|\n|t:|1736592605\n|move|p2b: Amoonguss|Spore|p1b: Regidrago\n|-status|p1b: Regidrago|slp|[from] move: Spore\n|cant|p1b: Regidrago|slp\n|move|p1a: Farigiraf|Psychic Noise|p2b: Amoonguss\n|-supereffective|p2b: Amoonguss\n|-damage|p2b: Amoonguss|2\/100\n|-start|p2b: Amoonguss|move: Heal Block\n|move|p2a: Urshifu|Surging Strikes|p1a: Farigiraf\n|-crit|p1a: Farigiraf\n|-damage|p1a: Farigiraf|76\/100\n|-crit|p1a: Farigiraf\n|-damage|p1a: Farigiraf|48\/100\n|-crit|p1a: Farigiraf\n|-damage|p1a: Farigiraf|22\/100\n|-hitcount|p1a: Farigiraf|3\n|\n|upkeep\n|turn|5\n|j| imstuckat1300\n|\n|t:|1736592623\n|move|p2b: Amoonguss|Spore|p1a: Farigiraf\n|-status|p1a: Farigiraf|slp|[from] move: Spore\n|-curestatus|p1b: Regidrago|slp|[msg]\n|move|p1b: Regidrago|Dragon Energy|p2a: Urshifu|[spread] p2a,p2b\n|-damage|p2a: Urshifu|22\/100\n|-damage|p2b: Amoonguss|0 fnt\n|faint|p2b: Amoonguss\n|cant|p1a: Farigiraf|slp\n|move|p2a: Urshifu|Close Combat|p1b: Regidrago\n|-damage|p1b: Regidrago|40\/100\n|-unboost|p2a: Urshifu|def|1\n|-unboost|p2a: Urshifu|spd|1\n|\n|upkeep\n|\n|t:|1736592639\n|switch|p2b: Terapagos|Terapagos, L50, M|100\/100\n|-activate|p2b: Terapagos|ability: Tera Shift\n|detailschange|p2b: Terapagos|Terapagos-Terastal, L50, M\n|-heal|p2b: Terapagos|100\/100|[silent]\n|turn|6\n|\n|t:|1736592649\n|move|p2b: Terapagos|Protect|p2b: Terapagos\n|-singleturn|p2b: Terapagos|Protect\n|move|p2a: Urshifu|Protect|p2a: Urshifu\n|-singleturn|p2a: Urshifu|Protect\n|move|p1b: Regidrago|Draco Meteor|p2b: Terapagos\n|-activate|p2b: Terapagos|move: Protect\n|cant|p1a: Farigiraf|slp\n|\n|-fieldend|move: Trick Room\n|upkeep\n|turn|7\n|\n|t:|1736592657\n|-terastallize|p2b: Terapagos|Stellar\n|detailschange|p2b: Terapagos|Terapagos-Stellar, L50, M, tera:Stellar\n|-heal|p2b: Terapagos|100\/100|[silent]\n|move|p2a: Urshifu|Close Combat|p1b: Regidrago\n|-damage|p1b: Regidrago|0 fnt\n|-unboost|p2a: Urshifu|def|1\n|-unboost|p2a: Urshifu|spd|1\n|faint|p1b: Regidrago\n|move|p2b: Terapagos|Tera Starstorm|p1a: Farigiraf\n|-damage|p1a: Farigiraf|0 fnt\n|faint|p1a: Farigiraf\n|\n|win|SamP_64\n|raw|PokemonmasterN2009's rating: 1548 &rarr; <strong>1530<\/strong><br \/>(-18 for losing)\n|raw|SamP_64's rating: 1580 &rarr; <strong>1598<\/strong><br \/>(+18 for winning)\n|l|\u2606PokemonmasterN2009\n|player|p1|\n|l|\u2606SamP_64\n|player|p2|\n|l| imstuckat1300\n","uploadtime":1736592835,"views":129,"formatid":"gen9vgc2025regg","rating":1530,"private":0,"password":null}