{"id":"gen9vgc2025regg-2279653549","format":"[Gen 9] VGC 2025 Reg G","players":["Fehuo","araf zaman"],"log":"|j|\u2606Fehuo\n|j|\u2606araf zaman\n|t:|1736688381\n|gametype|doubles\n|player|p1|Fehuo|cynthia-gen4|1551\n|player|p2|araf zaman|2|1552\n|teamsize|p1|6\n|teamsize|p2|6\n|gen|9\n|tier|[Gen 9] VGC 2025 Reg G\n|rated|\n|rule|Species Clause: Limit one of each Pok\u00e9mon\n|rule|Item Clause: Limit 1 of each item\n|clearpoke\n|poke|p1|Calyrex-Ice, L50|\n|poke|p1|Raging Bolt, L50|\n|poke|p1|Urshifu-*, L50, M|\n|poke|p1|Ogerpon-Hearthflame, L50, F|\n|poke|p1|Rillaboom, L50, M|\n|poke|p1|Indeedee-F, L50, F|\n|poke|p2|Rillaboom, L50, M|\n|poke|p2|Urshifu-*, L50, F|\n|poke|p2|Pelipper, L50, M|\n|poke|p2|Chien-Pao, L50|\n|poke|p2|Landorus, L50, M|\n|poke|p2|Zamazenta-*, L50|\n|teampreview|4\n|inactive|Battle timer is ON: inactive players will automatically lose when time's up. (requested by Fehuo)\n|j| BlindMagneton\n|inactive|Fehuo has 60 seconds left.\n|\n|t:|1736688420\n|start\n|switch|p1a: Urshifu|Urshifu-Rapid-Strike, L50, M|100\/100\n|switch|p1b: Rillaboom|Rillaboom, L50, M|100\/100\n|switch|p2a: Landorus|Landorus, L50, M|100\/100\n|switch|p2b: Zamazenta|Zamazenta-Crowned, L50|100\/100\n|-ability|p2b: Zamazenta|Dauntless Shield|boost\n|-boost|p2b: Zamazenta|def|1\n|-fieldstart|move: Grassy Terrain|[from] ability: Grassy Surge|[of] p1b: Rillaboom\n|turn|1\n|\n|t:|1736688440\n|switch|p2a: Rillaboom|Rillaboom, L50, M|100\/100\n|move|p1b: Rillaboom|Fake Out|p2a: Rillaboom\n|-damage|p2a: Rillaboom|87\/100\n|move|p2b: Zamazenta|Body Press|p1a: Urshifu\n|-damage|p1a: Urshifu|32\/100\n|move|p1a: Urshifu|Surging Strikes|p2a: Rillaboom\n|-resisted|p2a: Rillaboom\n|-crit|p2a: Rillaboom\n|-damage|p2a: Rillaboom|79\/100\n|-resisted|p2a: Rillaboom\n|-crit|p2a: Rillaboom\n|-damage|p2a: Rillaboom|70\/100\n|-resisted|p2a: Rillaboom\n|-crit|p2a: Rillaboom\n|-damage|p2a: Rillaboom|60\/100\n|-hitcount|p2a: Rillaboom|3\n|\n|-heal|p1a: Urshifu|39\/100|[from] Grassy Terrain\n|-heal|p2a: Rillaboom|66\/100|[from] Grassy Terrain\n|upkeep\n|turn|2\n|\n|t:|1736688460\n|move|p1a: Urshifu|Detect|p1a: Urshifu\n|-singleturn|p1a: Urshifu|Protect\n|move|p2b: Zamazenta|Body Press|p1b: Rillaboom\n|-damage|p1b: Rillaboom|24\/100\n|move|p2a: Rillaboom|U-turn|p1b: Rillaboom\n|-supereffective|p1b: Rillaboom\n|-damage|p1b: Rillaboom|0 fnt\n|faint|p1b: Rillaboom\n|\n|t:|1736688471\n|switch|p2a: Chien-Pao|Chien-Pao, L50|100\/100|[from] U-turn\n|-ability|p2a: Chien-Pao|Sword of Ruin\n|\n|-heal|p1a: Urshifu|45\/100|[from] Grassy Terrain\n|upkeep\n|\n|t:|1736688477\n|switch|p1b: Raging Bolt|Raging Bolt, L50|100\/100\n|turn|3\n|\n|t:|1736688496\n|switch|p1a: Calyrex|Calyrex-Ice, L50|100\/100\n|-ability|p1a: Calyrex|As One\n|-ability|p1a: Calyrex|Unnerve\n|-terastallize|p1b: Raging Bolt|Electric\n|move|p2a: Chien-Pao|Icicle Crash|p1b: Raging Bolt|[miss]\n|-miss|p2a: Chien-Pao|p1b: Raging Bolt\n|move|p2b: Zamazenta|Body Press|p1a: Calyrex\n|-damage|p1a: Calyrex|44\/100\n|move|p1b: Raging Bolt|Electroweb|p2b: Zamazenta|[spread] p2a,p2b\n|-damage|p2a: Chien-Pao|10\/100\n|-damage|p2b: Zamazenta|60\/100\n|-unboost|p2a: Chien-Pao|spe|1\n|-unboost|p2b: Zamazenta|spe|1\n|\n|-heal|p2a: Chien-Pao|16\/100|[from] Grassy Terrain\n|-heal|p2b: Zamazenta|66\/100|[from] Grassy Terrain\n|-heal|p1a: Calyrex|50\/100|[from] Grassy Terrain\n|upkeep\n|turn|4\n|inactive|araf zaman has 30 seconds left.\n|inactive|araf zaman has 20 seconds left.\n|\n|t:|1736688535\n|switch|p2a: Landorus|Landorus, L50, M|100\/100\n|move|p1a: Calyrex|Protect|p1a: Calyrex\n|-singleturn|p1a: Calyrex|Protect\n|move|p2b: Zamazenta|Body Press|p1a: Calyrex\n|-activate|p1a: Calyrex|move: Protect\n|move|p1b: Raging Bolt|Electroweb|p2a: Landorus|[spread] p2b\n|-immune|p2a: Landorus\n|-damage|p2b: Zamazenta|23\/100\n|-unboost|p2b: Zamazenta|spe|1\n|\n|-heal|p2b: Zamazenta|29\/100|[from] Grassy Terrain\n|-heal|p1a: Calyrex|56\/100|[from] Grassy Terrain\n|upkeep\n|turn|5\n|\n|t:|1736688553\n|-end|p1b: Raging Bolt|Protosynthesis|[silent]\n|switch|p1b: Urshifu|Urshifu-Rapid-Strike, L50, M|45\/100\n|move|p2b: Zamazenta|Wide Guard|p2b: Zamazenta\n|-singleturn|p2b: Zamazenta|Wide Guard\n|move|p2a: Landorus|Earth Power|p1a: Calyrex\n|-damage|p1a: Calyrex|0 fnt\n|faint|p1a: Calyrex\n|\n|-heal|p1b: Urshifu|51\/100|[from] Grassy Terrain\n|-heal|p2b: Zamazenta|35\/100|[from] Grassy Terrain\n|-fieldend|move: Grassy Terrain\n|upkeep\n|-message|Fehuo forfeited.\n|\n|win|araf zaman\n|raw|Fehuo's rating: 1551 &rarr; <strong>1531<\/strong><br \/>(-20 for losing)\n|raw|araf zaman's rating: 1552 &rarr; <strong>1572<\/strong><br \/>(+20 for winning)\n|l|\u2606Fehuo\n|player|p1|\n","uploadtime":1736688568,"views":72,"formatid":"gen9vgc2025regg","rating":1531,"private":0,"password":null}