{"id":"gen9vgc2025regg-2279812132","format":"[Gen 9] VGC 2025 Reg G","players":["SeaWolfMikess","Diestoise"],"log":"|j|\u2606SeaWolfMikess\n|j|\u2606Diestoise\n|t:|1736709856\n|gametype|doubles\n|player|p1|SeaWolfMikess|hugh|1652\n|player|p2|Diestoise|blue|1622\n|teamsize|p1|6\n|teamsize|p2|6\n|gen|9\n|tier|[Gen 9] VGC 2025 Reg G\n|rated|\n|rule|Species Clause: Limit one of each Pok\u00e9mon\n|rule|Item Clause: Limit 1 of each item\n|clearpoke\n|poke|p1|Calyrex-Ice, L50|\n|poke|p1|Urshifu-*, L50, M|\n|poke|p1|Ogerpon-Cornerstone, L50, F|\n|poke|p1|Rillaboom, L50, M|\n|poke|p1|Raging Bolt, L50|\n|poke|p1|Chi-Yu, L50|\n|poke|p2|Kyogre, L50|\n|poke|p2|Tornadus, L50, M|\n|poke|p2|Incineroar, L50, F|\n|poke|p2|Raichu, L50, M|\n|poke|p2|Landorus, L50, M|\n|poke|p2|Urshifu-*, L50, F|\n|teampreview|4\n|j| imstuckat1300\n|\n|t:|1736709908\n|start\n|switch|p1a: Rillaboom|Rillaboom, L50, M|100\/100\n|switch|p1b: Calyrex|Calyrex-Ice, L50|100\/100\n|switch|p2a: Kyogre|Kyogre, L50|100\/100\n|switch|p2b: Incineroar|Incineroar, L50, F|100\/100\n|-ability|p1b: Calyrex|As One\n|-ability|p1b: Calyrex|Unnerve\n|-weather|RainDance|[from] ability: Drizzle|[of] p2a: Kyogre\n|-fieldstart|move: Grassy Terrain|[from] ability: Grassy Surge|[of] p1a: Rillaboom\n|-ability|p2b: Incineroar|Intimidate|boost\n|-unboost|p1a: Rillaboom|atk|1\n|-fail|p1b: Calyrex|unboost|[from] item: Clear Amulet|[of] p1b: Calyrex\n|turn|1\n|l| imstuckat1300\n|\n|t:|1736709961\n|move|p1a: Rillaboom|Fake Out|p2a: Kyogre\n|-damage|p2a: Kyogre|91\/100\n|move|p2b: Incineroar|Fake Out|p1a: Rillaboom\n|-crit|p1a: Rillaboom\n|-damage|p1a: Rillaboom|84\/100\n|move|p2a: Kyogre|Water Spout|p1b: Calyrex|[spread] p1a,p1b\n|-resisted|p1a: Rillaboom\n|-damage|p1a: Rillaboom|54\/100\n|-damage|p1b: Calyrex|40\/100\n|move|p1b: Calyrex|High Horsepower|p2b: Incineroar\n|-supereffective|p2b: Incineroar\n|-damage|p2b: Incineroar|32\/100\n|\n|-weather|RainDance|[upkeep]\n|-heal|p2a: Kyogre|97\/100|[from] Grassy Terrain\n|-heal|p1a: Rillaboom|59\/100|[from] Grassy Terrain\n|-heal|p2b: Incineroar|38\/100|[from] Grassy Terrain\n|-heal|p1b: Calyrex|46\/100|[from] Grassy Terrain\n|upkeep\n|turn|2\n|\n|t:|1736709986\n|-terastallize|p2a: Kyogre|Grass\n|move|p1b: Calyrex|Protect|p1b: Calyrex\n|-singleturn|p1b: Calyrex|Protect\n|move|p1a: Rillaboom|Grassy Glide|p2a: Kyogre\n|-resisted|p2a: Kyogre\n|-damage|p2a: Kyogre|85\/100\n|move|p2a: Kyogre|Water Spout|p1a: Rillaboom|[spread] p1a\n|-activate|p1b: Calyrex|move: Protect\n|-resisted|p1a: Rillaboom\n|-damage|p1a: Rillaboom|32\/100\n|move|p2b: Incineroar|Knock Off|p1b: Calyrex\n|-activate|p1b: Calyrex|move: Protect\n|\n|-weather|RainDance|[upkeep]\n|-heal|p2a: Kyogre|91\/100|[from] Grassy Terrain\n|-heal|p1a: Rillaboom|38\/100|[from] Grassy Terrain\n|-heal|p2b: Incineroar|44\/100|[from] Grassy Terrain\n|-heal|p1b: Calyrex|52\/100|[from] Grassy Terrain\n|upkeep\n|turn|3\n|\n|t:|1736710011\n|switch|p1b: Urshifu|Urshifu-Rapid-Strike, L50, M|100\/100\n|move|p2a: Kyogre|Water Spout|p1b: Urshifu|[spread] p1a,p1b\n|-resisted|p1a: Rillaboom\n|-resisted|p1b: Urshifu\n|-damage|p1a: Rillaboom|6\/100\n|-damage|p1b: Urshifu|25\/100\n|move|p1a: Rillaboom|U-turn|p2a: Kyogre\n|-supereffective|p2a: Kyogre\n|-crit|p2a: Kyogre\n|-damage|p2a: Kyogre|16\/100\n|\n|t:|1736710020\n|switch|p1a: Ogerpon|Ogerpon-Cornerstone, L50, F|100\/100|[from] U-turn\n|move|p2b: Incineroar|Knock Off|p1b: Urshifu\n|-resisted|p1b: Urshifu\n|-damage|p1b: Urshifu|6\/100\n|-enditem|p1b: Urshifu|Focus Sash|[from] move: Knock Off|[of] p2b: Incineroar\n|\n|-weather|RainDance|[upkeep]\n|-heal|p1b: Urshifu|12\/100|[from] Grassy Terrain\n|-heal|p2a: Kyogre|22\/100|[from] Grassy Terrain\n|-heal|p2b: Incineroar|50\/100|[from] Grassy Terrain\n|upkeep\n|turn|4\n|\n|t:|1736710056\n|switch|p2a: Gofres|Raichu, L50, M, shiny|100\/100\n|move|p1a: Ogerpon|Ivy Cudgel|p2a: Gofres|[anim] Ivy Cudgel Rock\n|-damage|p2a: Gofres|0 fnt\n|faint|p2a: Gofres\n|move|p1b: Urshifu|Surging Strikes|p2b: Incineroar\n|-supereffective|p2b: Incineroar\n|-crit|p2b: Incineroar\n|-damage|p2b: Incineroar|0 fnt\n|faint|p2b: Incineroar\n|-hitcount|p2: Incineroar|1\n|\n|-weather|RainDance|[upkeep]\n|-heal|p1b: Urshifu|18\/100|[from] Grassy Terrain\n|upkeep\n|\n|t:|1736710066\n|switch|p2a: Landorus|Landorus, L50, M|100\/100\n|switch|p2b: Kyogre|Kyogre, L50, tera:Grass|22\/100\n|turn|5\n|\n|t:|1736710079\n|-terastallize|p1b: Urshifu|Stellar\n|move|p2b: Kyogre|Protect|p2b: Kyogre\n|-singleturn|p2b: Kyogre|Protect\n|move|p1b: Urshifu|Aqua Jet|p2a: Landorus\n|-supereffective|p2a: Landorus\n|-damage|p2a: Landorus|0 fnt\n|faint|p2a: Landorus\n|move|p1a: Ogerpon|Ivy Cudgel|p2b: Kyogre|[anim] Ivy Cudgel Rock\n|-activate|p2b: Kyogre|move: Protect\n|\n|-weather|none\n|-heal|p1b: Urshifu|23\/100|[from] Grassy Terrain\n|-heal|p2b: Kyogre|29\/100|[from] Grassy Terrain\n|-fieldend|move: Grassy Terrain\n|upkeep\n|turn|6\n|\n|t:|1736710088\n|move|p1a: Ogerpon|Spiky Shield|p1a: Ogerpon\n|-singleturn|p1a: Ogerpon|move: Protect\n|move|p1b: Urshifu|Close Combat|p2b: Kyogre\n|-damage|p2b: Kyogre|0 fnt\n|-unboost|p1b: Urshifu|def|1\n|-unboost|p1b: Urshifu|spd|1\n|faint|p2b: Kyogre\n|\n|win|SeaWolfMikess\n|raw|SeaWolfMikess's rating: 1652 &rarr; <strong>1670<\/strong><br \/>(+18 for winning)\n|raw|Diestoise's rating: 1622 &rarr; <strong>1604<\/strong><br \/>(-18 for losing)\n|c|\u2606Diestoise|Gg\n|l|\u2606Diestoise\n|player|p2|\n|c|\u2606SeaWolfMikess|gg\n|l|\u2606SeaWolfMikess\n|player|p1|\n","uploadtime":1736710288,"views":58,"formatid":"gen9vgc2025regg","rating":1604,"private":0,"password":null}