{"id":"gen9vgc2025regg-2279654833","format":"[Gen 9] VGC 2025 Reg G","players":["Crysantimo","araf zaman"],"log":"|j|\u2606Crysantimo\n|j|\u2606araf zaman\n|t:|1736688591\n|gametype|doubles\n|player|p1|Crysantimo|madame-gen4dp|1562\n|player|p2|araf zaman|2|1572\n|teamsize|p1|6\n|teamsize|p2|6\n|gen|9\n|tier|[Gen 9] VGC 2025 Reg G\n|rated|\n|rule|Species Clause: Limit one of each Pok\u00e9mon\n|rule|Item Clause: Limit 1 of each item\n|clearpoke\n|poke|p1|Calyrex-Shadow, L50|\n|poke|p1|Chi-Yu, L50|\n|poke|p1|Weezing-Galar, L50, F|\n|poke|p1|Dragonite, L50, M|\n|poke|p1|Clefairy, L50, F|\n|poke|p1|Pawmot, L50, M|\n|poke|p2|Rillaboom, L50, F|\n|poke|p2|Urshifu-*, L50, F|\n|poke|p2|Pelipper, L50, M|\n|poke|p2|Chien-Pao, L50|\n|poke|p2|Landorus, L50, M|\n|poke|p2|Zamazenta-*, L50|\n|teampreview|4\n|inactive|Battle timer is ON: inactive players will automatically lose when time's up. (requested by araf zaman)\n|\n|t:|1736688659\n|start\n|switch|p1a: Calyrex|Calyrex-Shadow, L50|100\/100\n|switch|p1b: Clefairy|Clefairy, L50, F|100\/100\n|switch|p2a: Landorus|Landorus, L50, M|100\/100\n|switch|p2b: Zamazenta|Zamazenta-Crowned, L50|100\/100\n|-ability|p1a: Calyrex|As One\n|-ability|p1a: Calyrex|Unnerve\n|-ability|p2b: Zamazenta|Dauntless Shield|boost\n|-boost|p2b: Zamazenta|def|1\n|turn|1\n|\n|t:|1736688676\n|move|p1b: Clefairy|Protect|p1b: Clefairy\n|-singleturn|p1b: Clefairy|Protect\n|move|p2b: Zamazenta|Wide Guard|p2b: Zamazenta\n|-singleturn|p2b: Zamazenta|Wide Guard\n|move|p1a: Calyrex|Shadow Ball|p2a: Landorus\n|-damage|p2a: Landorus|11\/100\n|-unboost|p2a: Landorus|spd|1\n|move|p2a: Landorus|Taunt|p1b: Clefairy\n|-activate|p1b: Clefairy|move: Protect\n|\n|upkeep\n|turn|2\n|\n|t:|1736688688\n|switch|p2a: Chien-Pao|Chien-Pao, L50|100\/100\n|-ability|p2a: Chien-Pao|Sword of Ruin\n|move|p1b: Clefairy|Helping Hand|p1a: Calyrex\n|-singleturn|p1a: Calyrex|Helping Hand|[of] p1b: Clefairy\n|move|p1a: Calyrex|Shadow Ball|p2b: Zamazenta\n|-damage|p2b: Zamazenta|16\/100\n|move|p2b: Zamazenta|Heavy Slam|p1b: Clefairy\n|-supereffective|p1b: Clefairy\n|-damage|p1b: Clefairy|0 fnt\n|faint|p1b: Clefairy\n|\n|upkeep\n|\n|t:|1736688704\n|switch|p1b: Pawmot|Pawmot, L50, M|100\/100\n|turn|3\n|\n|t:|1736688713\n|-terastallize|p1a: Calyrex|Normal\n|-terastallize|p2a: Chien-Pao|Ghost\n|move|p1a: Calyrex|Shadow Ball|p2b: Zamazenta\n|-damage|p2b: Zamazenta|0 fnt\n|faint|p2b: Zamazenta\n|-ability|p1a: Calyrex|Grim Neigh|boost\n|-boost|p1a: Calyrex|spa|1\n|move|p2a: Chien-Pao|Throat Chop|p1a: Calyrex\n|-damage|p1a: Calyrex|36\/100\n|-start|p1a: Calyrex|Throat Chop|[silent]\n|move|p1b: Pawmot|Revival Blessing|p1b: Pawmot\n|\n|t:|1736688715\n|-heal|p1: Clefairy|50\/100|[from] move: Revival Blessing\n|\n|upkeep\n|\n|t:|1736688723\n|switch|p2b: Urshifu|Urshifu-Rapid-Strike, L50, F|100\/100\n|turn|4\n|inactive|Crysantimo has 30 seconds left.\n|inactive|Crysantimo has 20 seconds left.\n|inactive|Crysantimo has 15 seconds left.\n|inactive|Crysantimo has 10 seconds left.\n|\n|t:|1736688771\n|switch|p1a: Dragonite|Dragonite, L50, M|100\/100\n|move|p2a: Chien-Pao|Sucker Punch||[still]\n|-fail|p2a: Chien-Pao\n|move|p2b: Urshifu|Surging Strikes|p1b: Pawmot\n|-crit|p1b: Pawmot\n|-damage|p1b: Pawmot|56\/100\n|-crit|p1b: Pawmot\n|-damage|p1b: Pawmot|13\/100\n|-crit|p1b: Pawmot\n|-damage|p1b: Pawmot|0 fnt\n|faint|p1b: Pawmot\n|-hitcount|p1: Pawmot|3\n|\n|upkeep\n|\n|t:|1736688790\n|switch|p1b: Clefairy|Clefairy, L50, F|50\/100\n|turn|5\n|inactive|Crysantimo has 30 seconds left.\n|\n|t:|1736688819\n|move|p1b: Clefairy|Follow Me|p1b: Clefairy\n|-singleturn|p1b: Clefairy|move: Follow Me\n|move|p2b: Urshifu|Surging Strikes|p1b: Clefairy\n|-crit|p1b: Clefairy\n|-damage|p1b: Clefairy|25\/100\n|-crit|p1b: Clefairy\n|-damage|p1b: Clefairy|0 fnt\n|faint|p1b: Clefairy\n|-hitcount|p1: Clefairy|2\n|move|p2a: Chien-Pao|Icicle Crash|p1a: Dragonite\n|-supereffective|p1a: Dragonite\n|-damage|p1a: Dragonite|0 fnt\n|faint|p1a: Dragonite\n|\n|upkeep\n|\n|t:|1736688820\n|switch|p1b: Calyrex|Calyrex-Shadow, L50, tera:Normal|36\/100\n|-ability|p1b: Calyrex|As One\n|-ability|p1b: Calyrex|Unnerve\n|turn|6\n|c|\u2606Crysantimo|Gg\n|\n|t:|1736688833\n|move|p2a: Chien-Pao|Sucker Punch|p1b: Calyrex\n|-damage|p1b: Calyrex|0 fnt\n|faint|p1b: Calyrex\n|\n|win|araf zaman\n|raw|Crysantimo's rating: 1562 &rarr; <strong>1543<\/strong><br \/>(-19 for losing)\n|raw|araf zaman's rating: 1572 &rarr; <strong>1591<\/strong><br \/>(+19 for winning)\n|c|\u2606araf zaman|Gg\n|l|\u2606araf zaman\n|player|p2|\n","uploadtime":1736688841,"views":92,"formatid":"gen9vgc2025regg","rating":1543,"private":0,"password":null}