{"id":"gen9vgc2025regg-2279776412","format":"[Gen 9] VGC 2025 Reg G","players":["FunkyPengu1n","DavidElGafe"],"log":"|j|\u203dFunkyPengu1n\n|j|\u2606DavidElGafe\n|t:|1736705421\n|gametype|doubles\n|player|p1|FunkyPengu1n|265|1564\n|player|p2|DavidElGafe|blue|1508\n|teamsize|p1|6\n|teamsize|p2|6\n|gen|9\n|tier|[Gen 9] VGC 2025 Reg G\n|rated|\n|rule|Species Clause: Limit one of each Pok\u00e9mon\n|rule|Item Clause: Limit 1 of each item\n|clearpoke\n|poke|p1|Zamazenta-*, L50|\n|poke|p1|Chien-Pao, L50|\n|poke|p1|Urshifu-*, L50, M|\n|poke|p1|Tornadus, L50, M|\n|poke|p1|Landorus, L50, M|\n|poke|p1|Raging Bolt, L50|\n|poke|p2|Chien-Pao, L50|\n|poke|p2|Urshifu-*, L50, F|\n|poke|p2|Landorus, L50, M|\n|poke|p2|Pelipper, L50, F|\n|poke|p2|Zamazenta-*, L50|\n|poke|p2|Raging Bolt, L50|\n|teampreview|4\n|inactive|Battle timer is ON: inactive players will automatically lose when time's up. (requested by FunkyPengu1n)\n|\n|t:|1736705461\n|start\n|switch|p1a: Chien-Pao|Chien-Pao, L50|100\/100\n|switch|p1b: Urshifu|Urshifu-Rapid-Strike, L50, M|100\/100\n|switch|p2a: Pelipper|Pelipper, L50, F|100\/100\n|switch|p2b: Urshifu|Urshifu-Rapid-Strike, L50, F|100\/100\n|-ability|p1a: Chien-Pao|Sword of Ruin\n|-weather|RainDance|[from] ability: Drizzle|[of] p2a: Pelipper\n|turn|1\n|\n|t:|1736705479\n|switch|p1a: Zamazenta|Zamazenta-Crowned, L50|100\/100\n|-ability|p1a: Zamazenta|Dauntless Shield|boost\n|-boost|p1a: Zamazenta|def|1\n|-terastallize|p1b: Urshifu|Water\n|move|p2b: Urshifu|Surging Strikes|p1a: Zamazenta\n|-crit|p1a: Zamazenta\n|-damage|p1a: Zamazenta|83\/100\n|-crit|p1a: Zamazenta\n|-damage|p1a: Zamazenta|65\/100\n|-crit|p1a: Zamazenta\n|-damage|p1a: Zamazenta|46\/100\n|-hitcount|p1a: Zamazenta|3\n|move|p1b: Urshifu|Surging Strikes|p2a: Pelipper\n|-resisted|p2a: Pelipper\n|-crit|p2a: Pelipper\n|-damage|p2a: Pelipper|80\/100\n|-resisted|p2a: Pelipper\n|-crit|p2a: Pelipper\n|-damage|p2a: Pelipper|61\/100\n|-resisted|p2a: Pelipper\n|-crit|p2a: Pelipper\n|-damage|p2a: Pelipper|40\/100\n|-hitcount|p2a: Pelipper|3\n|move|p2a: Pelipper|Tailwind|p2a: Pelipper\n|-sidestart|p2: DavidElGafe|move: Tailwind\n|\n|-weather|RainDance|[upkeep]\n|upkeep\n|turn|2\n|inactive|FunkyPengu1n has 30 seconds left.\n|inactive|DavidElGafe has 30 seconds left.\n|\n|t:|1736705508\n|move|p2b: Urshifu|Surging Strikes|p1a: Zamazenta\n|-crit|p1a: Zamazenta\n|-damage|p1a: Zamazenta|26\/100\n|-crit|p1a: Zamazenta\n|-damage|p1a: Zamazenta|6\/100\n|-crit|p1a: Zamazenta\n|-damage|p1a: Zamazenta|0 fnt\n|faint|p1a: Zamazenta\n|-hitcount|p1: Zamazenta|3\n|move|p2a: Pelipper|Hurricane|p1b: Urshifu\n|-damage|p1b: Urshifu|59\/100\n|move|p1b: Urshifu|Close Combat|p2b: Urshifu\n|-damage|p2b: Urshifu|35\/100\n|-unboost|p1b: Urshifu|def|1\n|-unboost|p1b: Urshifu|spd|1\n|\n|-weather|RainDance|[upkeep]\n|upkeep\n|\n|t:|1736705512\n|switch|p1a: Chien-Pao|Chien-Pao, L50|100\/100\n|-ability|p1a: Chien-Pao|Sword of Ruin\n|turn|3\n|\n|t:|1736705523\n|move|p2b: Urshifu|Aqua Jet|p1a: Chien-Pao\n|-damage|p1a: Chien-Pao|59\/100\n|move|p1a: Chien-Pao|Ice Shard|p2b: Urshifu\n|-resisted|p2b: Urshifu\n|-damage|p2b: Urshifu|23\/100\n|move|p1b: Urshifu|Aqua Jet|p2b: Urshifu\n|-resisted|p2b: Urshifu\n|-damage|p2b: Urshifu|0 fnt\n|faint|p2b: Urshifu\n|move|p2a: Pelipper|Hurricane|p1a: Chien-Pao\n|-damage|p1a: Chien-Pao|0 fnt\n|faint|p1a: Chien-Pao\n|\n|-weather|RainDance|[upkeep]\n|upkeep\n|\n|t:|1736705542\n|switch|p1a: Landorus|Landorus, L50, M|100\/100\n|switch|p2b: Landorus|Landorus, L50, M|100\/100\n|turn|4\n|\n|t:|1736705559\n|-terastallize|p2b: Landorus|Ghost\n|move|p1b: Urshifu|Protect|p1b: Urshifu\n|-singleturn|p1b: Urshifu|Protect\n|move|p2b: Landorus|Sludge Bomb|p1a: Landorus\n|-resisted|p1a: Landorus\n|-damage|p1a: Landorus|71\/100\n|move|p1a: Landorus|Sludge Bomb|p2a: Pelipper\n|-damage|p2a: Pelipper|0 fnt\n|faint|p2a: Pelipper\n|\n|-weather|RainDance|[upkeep]\n|-sideend|p2: DavidElGafe|move: Tailwind\n|upkeep\n|\n|t:|1736705568\n|switch|p2a: Zamazenta|Zamazenta-Crowned, L50|100\/100\n|-ability|p2a: Zamazenta|Dauntless Shield|boost\n|-boost|p2a: Zamazenta|def|1\n|turn|5\n|j| Therazer456\n|inactive|DavidElGafe has 30 seconds left.\n|\n|t:|1736705602\n|move|p2a: Zamazenta|Protect|p2a: Zamazenta\n|-singleturn|p2a: Zamazenta|Protect\n|move|p1a: Landorus|Sludge Bomb|p2b: Landorus\n|-resisted|p2b: Landorus\n|-damage|p2b: Landorus|73\/100\n|move|p2b: Landorus|Earth Power|p1b: Urshifu\n|-damage|p1b: Urshifu|0 fnt\n|faint|p1b: Urshifu\n|\n|-weather|none\n|upkeep\n|turn|6\n|\n|t:|1736705613\n|move|p1a: Landorus|Sludge Bomb|p2b: Landorus\n|-resisted|p2b: Landorus\n|-damage|p2b: Landorus|45\/100\n|move|p2a: Zamazenta|Heavy Slam|p1a: Landorus\n|-damage|p1a: Landorus|12\/100\n|move|p2b: Landorus|Sludge Bomb|p1a: Landorus\n|-resisted|p1a: Landorus\n|-damage|p1a: Landorus|0 fnt\n|faint|p1a: Landorus\n|\n|win|DavidElGafe\n|raw|FunkyPengu1n's rating: 1564 &rarr; <strong>1541<\/strong><br \/>(-23 for losing)\n|raw|DavidElGafe's rating: 1508 &rarr; <strong>1531<\/strong><br \/>(+23 for winning)\n|l|\u203dFunkyPengu1n\n|player|p1|\n|l|\u2606DavidElGafe\n|player|p2|\n|l| Therazer456\n","uploadtime":1736705870,"views":43,"formatid":"gen9vgc2025regg","rating":1531,"private":0,"password":null}