{"id":"gen9vgc2025regg-2279900541","format":"[Gen 9] VGC 2025 Reg G","players":["Emirnent","Zyros Phade"],"log":"|j|\u2606Emirnent\n|j|\u2606Zyros Phade\n|t:|1736720516\n|gametype|doubles\n|player|p1|Emirnent|266|1663\n|player|p2|Zyros Phade|265|1647\n|teamsize|p1|6\n|teamsize|p2|6\n|gen|9\n|tier|[Gen 9] VGC 2025 Reg G\n|rated|\n|rule|Species Clause: Limit one of each Pok\u00e9mon\n|rule|Item Clause: Limit 1 of each item\n|clearpoke\n|poke|p1|Articuno, L50|\n|poke|p1|Ninetales-Alola, L50, M|\n|poke|p1|Kyogre, L50|\n|poke|p1|Landorus, L50, M|\n|poke|p1|Tornadus, L50, M|\n|poke|p1|Ogerpon-Wellspring, L50, F|\n|poke|p2|Urshifu-*, L50, M|\n|poke|p2|Kyogre, L50|\n|poke|p2|Iron Hands, L50|\n|poke|p2|Baxcalibur, L50, F|\n|poke|p2|Indeedee-F, L50, F|\n|poke|p2|Murkrow, L50, F|\n|teampreview|4\n|inactive|Battle timer is ON: inactive players will automatically lose when time's up. (requested by Emirnent)\n|inactive|Emirnent has 60 seconds left.\n|inactive|Zyros Phade has 60 seconds left.\n|j| judang\n|j| Therazer456\n|\n|t:|1736720577\n|start\n|switch|p1a: Tornadus|Tornadus, L50, M|100\/100\n|switch|p1b: Kyogre|Kyogre, L50|100\/100\n|switch|p2a: Murkrow|Murkrow, L50, F|100\/100\n|switch|p2b: Urshifu|Urshifu-Rapid-Strike, L50, M|100\/100\n|-weather|RainDance|[from] ability: Drizzle|[of] p1b: Kyogre\n|turn|1\n|j| kenele\n|\n|t:|1736720593\n|move|p1a: Tornadus|Tailwind|p1a: Tornadus\n|-sidestart|p1: Emirnent|move: Tailwind\n|move|p2a: Murkrow|Tailwind|p2a: Murkrow\n|-sidestart|p2: Zyros Phade|move: Tailwind\n|move|p2b: Urshifu|Surging Strikes|p1a: Tornadus\n|-crit|p1a: Tornadus\n|-damage|p1a: Tornadus|51\/100\n|-crit|p1a: Tornadus\n|-damage|p1a: Tornadus|1\/100\n|-crit|p1a: Tornadus\n|-damage|p1a: Tornadus|0 fnt\n|faint|p1a: Tornadus\n|-hitcount|p1: Tornadus|3\n|move|p1b: Kyogre|Thunder|p2b: Urshifu\n|-supereffective|p2b: Urshifu\n|-damage|p2b: Urshifu|0 fnt\n|faint|p2b: Urshifu\n|\n|-weather|RainDance|[upkeep]\n|upkeep\n|\n|t:|1736720612\n|switch|p1a: Articuno|Articuno, L50|100\/100\n|switch|p2b: Kyogre|Kyogre, L50, shiny|100\/100\n|turn|2\n|inactive|Emirnent has 30 seconds left.\n|\n|t:|1736720637\n|-terastallize|p2b: Kyogre|Water\n|move|p1b: Kyogre|Thunder|p2b: Kyogre\n|-supereffective|p2b: Kyogre\n|-damage|p2b: Kyogre|38\/100\n|move|p2a: Murkrow|Hurricane|p1b: Kyogre\n|-damage|p1b: Kyogre|61\/100\n|move|p2b: Kyogre|Water Spout|p1a: Articuno|[spread] p1a,p1b\n|-resisted|p1b: Kyogre\n|-damage|p1a: Articuno|45\/100\n|-damage|p1b: Kyogre|29\/100\n|move|p1a: Articuno|Freeze-Dry|p2b: Kyogre\n|-supereffective|p2b: Kyogre\n|-damage|p2b: Kyogre|0 fnt\n|faint|p2b: Kyogre\n|\n|-weather|RainDance|[upkeep]\n|upkeep\n|\n|t:|1736720648\n|switch|p2b: Baxcalibur|Baxcalibur, L50, F|100\/100\n|turn|3\n|\n|t:|1736720661\n|switch|p1b: Ninetales|Ninetales-Alola, L50, M|100\/100\n|-weather|Snow|[from] ability: Snow Warning|[of] p1b: Ninetales\n|-terastallize|p1a: Articuno|Ice\n|move|p2b: Baxcalibur|Scale Shot|p1b: Ninetales\n|-immune|p1b: Ninetales\n|move|p2a: Murkrow|Hurricane|p1a: Articuno\n|-crit|p1a: Articuno\n|-damage|p1a: Articuno|0 fnt\n|faint|p1a: Articuno\n|\n|-weather|Snow|[upkeep]\n|upkeep\n|\n|t:|1736720673\n|switch|p1a: Kyogre|Kyogre, L50|29\/100\n|-weather|RainDance|[from] ability: Drizzle|[of] p1a: Kyogre\n|turn|4\n|\n|t:|1736720680\n|move|p2b: Baxcalibur|Protect|p2b: Baxcalibur\n|-singleturn|p2b: Baxcalibur|Protect\n|move|p1b: Ninetales|Moonblast|p2b: Baxcalibur\n|-activate|p2b: Baxcalibur|move: Protect\n|move|p1a: Kyogre|Origin Pulse|p2b: Baxcalibur|[spread] p2a\n|-activate|p2b: Baxcalibur|move: Protect\n|-enditem|p2a: Murkrow|Focus Sash\n|-damage|p2a: Murkrow|1\/100\n|move|p2a: Murkrow|Hurricane|p1a: Kyogre\n|-damage|p1a: Kyogre|0 fnt\n|faint|p1a: Kyogre\n|\n|-weather|RainDance|[upkeep]\n|-sideend|p1: Emirnent|move: Tailwind\n|-sideend|p2: Zyros Phade|move: Tailwind\n|upkeep\n|turn|5\n|inactive|Zyros Phade has 30 seconds left.\n|\n|t:|1736720709\n|move|p2a: Murkrow|Tailwind|p2a: Murkrow\n|-sidestart|p2: Zyros Phade|move: Tailwind\n|move|p2b: Baxcalibur|Icicle Spear|p1b: Ninetales\n|-resisted|p1b: Ninetales\n|-damage|p1b: Ninetales|92\/100\n|-resisted|p1b: Ninetales\n|-damage|p1b: Ninetales|83\/100\n|-resisted|p1b: Ninetales\n|-damage|p1b: Ninetales|73\/100\n|-resisted|p1b: Ninetales\n|-damage|p1b: Ninetales|64\/100\n|-hitcount|p1b: Ninetales|4\n|move|p1b: Ninetales|Moonblast|p2a: Murkrow\n|-supereffective|p2a: Murkrow\n|-damage|p2a: Murkrow|0 fnt\n|faint|p2a: Murkrow\n|\n|-weather|RainDance|[upkeep]\n|upkeep\n|turn|6\n|\n|t:|1736720721\n|move|p2b: Baxcalibur|Swords Dance|p2b: Baxcalibur\n|-boost|p2b: Baxcalibur|atk|2\n|move|p1b: Ninetales|Moonblast|p2b: Baxcalibur\n|-supereffective|p2b: Baxcalibur\n|-damage|p2b: Baxcalibur|38\/100\n|\n|-weather|RainDance|[upkeep]\n|upkeep\n|turn|7\n|\n|t:|1736720724\n|move|p2b: Baxcalibur|Icicle Spear|p1b: Ninetales\n|-resisted|p1b: Ninetales\n|-damage|p1b: Ninetales|47\/100\n|-resisted|p1b: Ninetales\n|-crit|p1b: Ninetales\n|-damage|p1b: Ninetales|22\/100\n|-resisted|p1b: Ninetales\n|-damage|p1b: Ninetales|6\/100\n|-resisted|p1b: Ninetales\n|-damage|p1b: Ninetales|0 fnt\n|faint|p1b: Ninetales\n|-hitcount|p1: Ninetales|4\n|\n|win|Zyros Phade\n|raw|Emirnent's rating: 1663 &rarr; <strong>1642<\/strong><br \/>(-21 for losing)\n|raw|Zyros Phade's rating: 1647 &rarr; <strong>1668<\/strong><br \/>(+21 for winning)\n|l|\u2606Emirnent\n|player|p1|\n|l| Therazer456\n|l|\u2606Zyros Phade\n|player|p2|\n","uploadtime":1736720913,"views":90,"formatid":"gen9vgc2025regg","rating":1642,"private":0,"password":null}