{"id":"gen9vgc2025regg-2279582024","format":"[Gen 9] VGC 2025 Reg G","players":["Paradox Mourinho","something123"],"log":"|j|\u2606Paradox Mourinho\n|j|\u2606something123\n|t:|1736673890\n|gametype|doubles\n|player|p1|Paradox Mourinho|170|1592\n|player|p2|something123|169|1703\n|teamsize|p1|6\n|teamsize|p2|6\n|gen|9\n|tier|[Gen 9] VGC 2025 Reg G\n|rated|\n|rule|Species Clause: Limit one of each Pok\u00e9mon\n|rule|Item Clause: Limit 1 of each item\n|clearpoke\n|poke|p1|Calyrex-Shadow, L50|\n|poke|p1|Maushold, L50|\n|poke|p1|Tatsugiri, L50, M|\n|poke|p1|Dondozo, L50, M|\n|poke|p1|Mienshao, L50, F|\n|poke|p1|Weezing-Galar, L50, F|\n|poke|p2|Miraidon, L50|\n|poke|p2|Whimsicott, L50, M|\n|poke|p2|Dondozo, L50, F|\n|poke|p2|Tatsugiri, L50, M|\n|poke|p2|Ditto, L50|\n|poke|p2|Iron Leaves, L50|\n|teampreview|4\n|inactive|Battle timer is ON: inactive players will automatically lose when time's up. (requested by Paradox Mourinho)\n|\n|t:|1736673916\n|start\n|switch|p1a: Calyrex|Calyrex-Shadow, L50|100\/100\n|switch|p1b: Weezing|Weezing-Galar, L50, F|100\/100\n|switch|p2a: Miraidon|Miraidon, L50|100\/100\n|switch|p2b: Dondozo|Dondozo, L50, F|100\/100\n|-ability|p1a: Calyrex|As One\n|-ability|p1a: Calyrex|Unnerve\n|-ability|p1b: Weezing|Neutralizing Gas\n|turn|1\n|\n|t:|1736673924\n|-terastallize|p1a: Calyrex|Ghost\n|move|p2a: Miraidon|Protect|p2a: Miraidon\n|-singleturn|p2a: Miraidon|Protect\n|move|p1b: Weezing|Protect|p1b: Weezing\n|-singleturn|p1b: Weezing|Protect\n|move|p2b: Dondozo|Protect|p2b: Dondozo\n|-singleturn|p2b: Dondozo|Protect\n|move|p1a: Calyrex|Astral Barrage|p2a: Miraidon|[spread] \n|-activate|p2a: Miraidon|move: Protect\n|-activate|p2b: Dondozo|move: Protect\n|\n|upkeep\n|turn|2\n|\n|t:|1736673933\n|switch|p2a: Tatsugiri|Tatsugiri, L50, M|100\/100\n|-activate|p2a: Tatsugiri|ability: Commander|[of] p2b: Dondozo\n|-boost|p2b: Dondozo|atk|2\n|-boost|p2b: Dondozo|spa|2\n|-boost|p2b: Dondozo|spe|2\n|-boost|p2b: Dondozo|def|2\n|-boost|p2b: Dondozo|spd|2\n|move|p1a: Calyrex|Astral Barrage|p2b: Dondozo|[spread] p2b\n|-miss|p1a: Calyrex|p2a: Tatsugiri\n|-damage|p2b: Dondozo|55\/100\n|move|p2b: Dondozo|Wave Crash|p1a: Calyrex\n|-damage|p1a: Calyrex|0 fnt\n|faint|p1a: Calyrex\n|-damage|p2b: Dondozo|27\/100|[from] Recoil\n|move|p1b: Weezing|Poison Gas|p2b: Dondozo|[spread] p2b\n|-miss|p1b: Weezing|p2a: Tatsugiri\n|-status|p2b: Dondozo|psn\n|\n|-heal|p2b: Dondozo|33\/100 psn|[from] item: Leftovers\n|-damage|p2b: Dondozo|21\/100 psn|[from] psn\n|upkeep\n|\n|t:|1736673952\n|switch|p1a: Dondozo|Dondozo, L50, M|100\/100\n|turn|3\n|\n|t:|1736673957\n|move|p1b: Weezing|Protect|p1b: Weezing\n|-singleturn|p1b: Weezing|Protect\n|move|p1a: Dondozo|Protect|p1a: Dondozo\n|-singleturn|p1a: Dondozo|Protect\n|move|p2b: Dondozo|Earthquake|p1a: Dondozo|[spread] \n|-miss|p2b: Dondozo|p2a: Tatsugiri\n|-activate|p1a: Dondozo|move: Protect\n|-activate|p1b: Weezing|move: Protect\n|\n|-heal|p2b: Dondozo|27\/100 psn|[from] item: Leftovers\n|-damage|p2b: Dondozo|15\/100 psn|[from] psn\n|upkeep\n|turn|4\n|\n|t:|1736673971\n|-end|p1b: Weezing|ability: Neutralizing Gas\n|switch|p1b: Tatsugiri|Tatsugiri, L50, M|100\/100\n|-activate|p1b: Tatsugiri|ability: Commander|[of] p1a: Dondozo\n|-boost|p1a: Dondozo|atk|2\n|-boost|p1a: Dondozo|spa|2\n|-boost|p1a: Dondozo|spe|2\n|-boost|p1a: Dondozo|def|2\n|-boost|p1a: Dondozo|spd|2\n|move|p2b: Dondozo|Earthquake|p1a: Dondozo|[spread] p1a\n|-miss|p2b: Dondozo|p2a: Tatsugiri\n|-miss|p2b: Dondozo|p1b: Tatsugiri\n|-damage|p1a: Dondozo|93\/100\n|move|p1a: Dondozo|Substitute|p1a: Dondozo\n|-start|p1a: Dondozo|Substitute\n|-damage|p1a: Dondozo|68\/100\n|\n|-heal|p2b: Dondozo|21\/100 psn|[from] item: Leftovers\n|-heal|p1a: Dondozo|74\/100|[from] item: Leftovers\n|-damage|p2b: Dondozo|8\/100 psn|[from] psn\n|upkeep\n|turn|5\n|\n|t:|1736673981\n|move|p1a: Dondozo|Protect|p1a: Dondozo\n|-singleturn|p1a: Dondozo|Protect\n|move|p2b: Dondozo|Wave Crash|p1a: Dondozo\n|-activate|p1a: Dondozo|move: Protect\n|\n|-heal|p2b: Dondozo|15\/100 psn|[from] item: Leftovers\n|-heal|p1a: Dondozo|80\/100|[from] item: Leftovers\n|-damage|p2b: Dondozo|2\/100 psn|[from] psn\n|upkeep\n|turn|6\n|\n|t:|1736673988\n|move|p2b: Dondozo|Earthquake|p1a: Dondozo|[spread] p1a\n|-miss|p2b: Dondozo|p2a: Tatsugiri\n|-miss|p2b: Dondozo|p1b: Tatsugiri\n|-activate|p1a: Dondozo|move: Substitute|[damage]\n|move|p1a: Dondozo|Order Up|p2a: Tatsugiri|[miss]\n|-miss|p1a: Dondozo|p2a: Tatsugiri\n|\n|-heal|p2b: Dondozo|8\/100 psn|[from] item: Leftovers\n|-heal|p1a: Dondozo|86\/100|[from] item: Leftovers\n|-damage|p2b: Dondozo|0 fnt|[from] psn\n|faint|p2b: Dondozo\n|upkeep\n|\n|t:|1736673993\n|switch|p2b: Miraidon|Miraidon, L50|100\/100\n|-fieldstart|move: Electric Terrain|[from] ability: Hadron Engine|[of] p2b: Miraidon\n|turn|7\n|\n|t:|1736674002\n|move|p2b: Miraidon|Protect|p2b: Miraidon\n|-singleturn|p2b: Miraidon|Protect\n|move|p1a: Dondozo|Protect|p1a: Dondozo\n|-singleturn|p1a: Dondozo|Protect\n|move|p2a: Tatsugiri|Draco Meteor|p1a: Dondozo\n|-activate|p1a: Dondozo|move: Protect\n|\n|-heal|p1a: Dondozo|92\/100|[from] item: Leftovers\n|upkeep\n|turn|8\n|inactive|something123 has 30 seconds left.\n|\n|t:|1736674034\n|move|p2b: Miraidon|Electro Drift|p1a: Dondozo\n|-supereffective|p1a: Dondozo\n|-end|p1a: Dondozo|Substitute\n|move|p1a: Dondozo|Wave Crash|p2b: Miraidon\n|-resisted|p2b: Miraidon\n|-damage|p2b: Miraidon|53\/100\n|-damage|p1a: Dondozo|82\/100|[from] Recoil\n|move|p2a: Tatsugiri|Draco Meteor|p1a: Dondozo\n|-damage|p1a: Dondozo|58\/100\n|-unboost|p2a: Tatsugiri|spa|2\n|\n|-heal|p1a: Dondozo|64\/100|[from] item: Leftovers\n|upkeep\n|turn|9\n|\n|t:|1736674050\n|move|p1a: Dondozo|Protect|p1a: Dondozo\n|-singleturn|p1a: Dondozo|Protect\n|move|p2b: Miraidon|Electro Drift|p1a: Dondozo\n|-activate|p1a: Dondozo|move: Protect\n|move|p2a: Tatsugiri|Draco Meteor|p1a: Dondozo\n|-activate|p1a: Dondozo|move: Protect\n|\n|-heal|p1a: Dondozo|70\/100|[from] item: Leftovers\n|upkeep\n|turn|10\n|\n|t:|1736674055\n|move|p1a: Dondozo|Protect||[still]\n|-fail|p1a: Dondozo\n|move|p2b: Miraidon|Electro Drift|p1a: Dondozo\n|-supereffective|p1a: Dondozo\n|-damage|p1a: Dondozo|0 fnt\n|faint|p1a: Dondozo\n|move|p2a: Tatsugiri|Icy Wind|p1b: Tatsugiri\n|-damage|p1b: Tatsugiri|94\/100\n|-unboost|p1b: Tatsugiri|spe|1\n|\n|upkeep\n|\n|t:|1736674057\n|switch|p1a: Weezing|Weezing-Galar, L50, F|100\/100\n|-ability|p1a: Weezing|Neutralizing Gas\n|-block|p2a: Tatsugiri|item: Ability Shield\n|turn|11\n|\n|t:|1736674072\n|move|p2b: Miraidon|Protect|p2b: Miraidon\n|-singleturn|p2b: Miraidon|Protect\n|move|p1a: Weezing|Protect|p1a: Weezing\n|-singleturn|p1a: Weezing|Protect\n|move|p2a: Tatsugiri|Draco Meteor|p1b: Tatsugiri\n|-supereffective|p1b: Tatsugiri\n|-damage|p1b: Tatsugiri|55\/100\n|-unboost|p2a: Tatsugiri|spa|2\n|move|p1b: Tatsugiri|Icy Wind|p2b: Miraidon|[spread] p2a\n|-activate|p2b: Miraidon|move: Protect\n|-damage|p2a: Tatsugiri|87\/100\n|-unboost|p2a: Tatsugiri|spe|1\n|\n|-fieldend|move: Electric Terrain\n|upkeep\n|turn|12\n|\n|t:|1736674091\n|-terastallize|p2b: Miraidon|Electric\n|move|p2a: Tatsugiri|Helping Hand|p2b: Miraidon\n|-singleturn|p2b: Miraidon|Helping Hand|[of] p2a: Tatsugiri\n|move|p2b: Miraidon|Electro Drift|p1a: Weezing\n|-damage|p1a: Weezing|0 fnt\n|faint|p1a: Weezing\n|-end|p1a: Weezing|ability: Neutralizing Gas\n|-fieldstart|move: Electric Terrain|[from] ability: Hadron Engine|[of] p2b: Miraidon\n|move|p1b: Tatsugiri|Icy Wind|p2b: Miraidon|[spread] p2a,p2b\n|-damage|p2a: Tatsugiri|72\/100\n|-damage|p2b: Miraidon|42\/100\n|-unboost|p2a: Tatsugiri|spe|1\n|\n|upkeep\n|turn|13\n|\n|t:|1736674104\n|move|p2a: Tatsugiri|Helping Hand|p2b: Miraidon\n|-singleturn|p2b: Miraidon|Helping Hand|[of] p2a: Tatsugiri\n|move|p2b: Miraidon|Electro Drift|p1b: Tatsugiri\n|-crit|p1b: Tatsugiri\n|-damage|p1b: Tatsugiri|0 fnt\n|faint|p1b: Tatsugiri\n|\n|win|something123\n|raw|Paradox Mourinho's rating: 1592 &rarr; <strong>1578<\/strong><br \/>(-14 for losing)\n|raw|something123's rating: 1703 &rarr; <strong>1717<\/strong><br \/>(+14 for winning)\n","uploadtime":1736674107,"views":11,"formatid":"gen9vgc2025regg","rating":1578,"private":0,"password":null}