{"id":"gen9vgc2025regg-2279055882","format":"[Gen 9] VGC 2025 Reg G","players":["zeus_system","tyuiop112"],"log":"|j|\u2606zeus_system\n|j|\u2606tyuiop112\n|t:|1736593856\n|gametype|doubles\n|player|p1|zeus_system|169|1520\n|player|p2|tyuiop112|169|1604\n|teamsize|p1|6\n|teamsize|p2|6\n|gen|9\n|tier|[Gen 9] VGC 2025 Reg G\n|rated|\n|rule|Species Clause: Limit one of each Pok\u00e9mon\n|rule|Item Clause: Limit 1 of each item\n|clearpoke\n|poke|p1|Calyrex-Ice, L50|\n|poke|p1|Urshifu-*, L50, F|\n|poke|p1|Amoonguss, L50, M|\n|poke|p1|Raging Bolt, L50|\n|poke|p1|Incineroar, L50, M|\n|poke|p1|Landorus, L50, M|\n|poke|p2|Raging Bolt, L50|\n|poke|p2|Calyrex-Ice, L50|\n|poke|p2|Urshifu-*, L50, F|\n|poke|p2|Iron Valiant, L50|\n|poke|p2|Pelipper, L50, F|\n|poke|p2|Landorus, L50, M|\n|teampreview|4\nzeus_system rejected open team sheets.\n|\n|t:|1736593890\n|start\n|switch|p1a: Urshifu|Urshifu-Rapid-Strike, L50, F|100\/100\n|switch|p1b: Incineroar|Incineroar, L50, M|100\/100\n|switch|p2a: Calyrex|Calyrex-Ice, L50|100\/100\n|switch|p2b: Iron Valiant|Iron Valiant, L50|100\/100\n|-ability|p2a: Calyrex|As One\n|-ability|p2a: Calyrex|Unnerve\n|-ability|p1b: Incineroar|Intimidate|boost\n|-unboost|p2a: Calyrex|atk|1\n|-unboost|p2b: Iron Valiant|atk|1\n|-enditem|p2b: Iron Valiant|Booster Energy\n|-activate|p2b: Iron Valiant|ability: Quark Drive|[fromitem]\n|-start|p2b: Iron Valiant|quarkdrivespe\n|turn|1\n|\n|t:|1736593914\n|move|p1b: Incineroar|Fake Out|p2b: Iron Valiant\n|-damage|p2b: Iron Valiant|91\/100\n|cant|p2b: Iron Valiant|flinch\n|move|p1a: Urshifu|Surging Strikes|p2b: Iron Valiant\n|-crit|p2b: Iron Valiant\n|-damage|p2b: Iron Valiant|65\/100\n|-crit|p2b: Iron Valiant\n|-damage|p2b: Iron Valiant|40\/100\n|-crit|p2b: Iron Valiant\n|-damage|p2b: Iron Valiant|15\/100\n|-hitcount|p2b: Iron Valiant|3\n|move|p2a: Calyrex|Seed Bomb|p1a: Urshifu\n|-supereffective|p1a: Urshifu\n|-damage|p1a: Urshifu|56\/100\n|\n|upkeep\n|turn|2\n|\n|t:|1736593947\n|-end|p2b: Iron Valiant|Quark Drive|[silent]\n|switch|p2b: Raging Bolt|Raging Bolt, L50|100\/100\n|move|p1a: Urshifu|Aqua Jet|p2b: Raging Bolt\n|-resisted|p2b: Raging Bolt\n|-damage|p2b: Raging Bolt|86\/100\n|move|p2a: Calyrex|High Horsepower|p1b: Incineroar\n|-supereffective|p1b: Incineroar\n|-damage|p1b: Incineroar|65\/100\n|-damage|p2a: Calyrex|84\/100|[from] item: Rocky Helmet|[of] p1b: Incineroar\n|move|p1b: Incineroar|Will-O-Wisp|p2a: Calyrex\n|-status|p2a: Calyrex|brn\n|\n|-damage|p2a: Calyrex|78\/100 brn|[from] brn\n|upkeep\n|turn|3\n|\n|t:|1736593980\n|switch|p1a: Amoonguss|Amoonguss, L50, M|100\/100\n|switch|p1b: Calyrex|Calyrex-Ice, L50|100\/100\n|-ability|p1b: Calyrex|As One\n|-ability|p1b: Calyrex|Unnerve\n|move|p2b: Raging Bolt|Draco Meteor|p1b: Calyrex\n|-damage|p1b: Calyrex|29\/100\n|-unboost|p2b: Raging Bolt|spa|2\n|-damage|p2b: Raging Bolt|76\/100|[from] item: Life Orb\n|move|p2a: Calyrex|Glacial Lance|p1a: Amoonguss|[spread] p1a,p1b\n|-supereffective|p1a: Amoonguss\n|-resisted|p1b: Calyrex\n|-damage|p1a: Amoonguss|62\/100\n|-damage|p1b: Calyrex|23\/100\n|\n|-damage|p2a: Calyrex|71\/100 brn|[from] brn\n|upkeep\n|turn|4\n|\n|t:|1736594010\n|-end|p2b: Raging Bolt|Protosynthesis|[silent]\n|switch|p2b: Iron Valiant|Iron Valiant, L50|15\/100\n|move|p2a: Calyrex|Glacial Lance|p1b: Calyrex|[spread] p1a,p1b\n|-supereffective|p1a: Amoonguss\n|-resisted|p1b: Calyrex\n|-damage|p1a: Amoonguss|27\/100\n|-damage|p1b: Calyrex|18\/100\n|move|p1b: Calyrex|Glacial Lance|p2a: Calyrex|[spread] p2a,p2b\n|-resisted|p2a: Calyrex\n|-damage|p2a: Calyrex|54\/100 brn\n|-damage|p2b: Iron Valiant|0 fnt\n|faint|p2b: Iron Valiant\n|-end|p2b: Iron Valiant|Quark Drive|[silent]\n|-ability|p1b: Calyrex|Chilling Neigh|boost\n|-boost|p1b: Calyrex|atk|1\n|move|p1a: Amoonguss|Pollen Puff|p1b: Calyrex\n|-heal|p1b: Calyrex|68\/100\n|\n|-damage|p2a: Calyrex|48\/100 brn|[from] brn\n|upkeep\n|j| imstuckat1300\n|\n|t:|1736594031\n|switch|p2b: Pelipper|Pelipper, L50, F|100\/100\n|-weather|RainDance|[from] ability: Drizzle|[of] p2b: Pelipper\n|turn|5\n|\n|t:|1736594053\n|switch|p1a: Incineroar|Incineroar, L50, M|65\/100\n|-ability|p1a: Incineroar|Intimidate|boost\n|-unboost|p2a: Calyrex|atk|1\n|-unboost|p2b: Pelipper|atk|1\n|move|p2b: Pelipper|Tailwind|p2b: Pelipper\n|-sidestart|p2: tyuiop112|move: Tailwind\n|move|p2a: Calyrex|Glacial Lance|p1b: Calyrex|[spread] p1a,p1b\n|-resisted|p1a: Incineroar\n|-crit|p1a: Incineroar\n|-resisted|p1b: Calyrex\n|-damage|p1a: Incineroar|50\/100\n|-damage|p1b: Calyrex|64\/100\n|move|p1b: Calyrex|Glacial Lance|p2b: Pelipper|[spread] p2a,p2b\n|-resisted|p2a: Calyrex\n|-damage|p2a: Calyrex|18\/100 brn\n|-damage|p2b: Pelipper|5\/100\n|\n|-weather|RainDance|[upkeep]\n|-damage|p2a: Calyrex|12\/100 brn|[from] brn\n|upkeep\n|turn|6\n|-message|tyuiop112 forfeited.\n|\n|win|zeus_system\n|raw|zeus_system's rating: 1520 &rarr; <strong>1545<\/strong><br \/>(+25 for winning)\n|raw|tyuiop112's rating: 1604 &rarr; <strong>1579<\/strong><br \/>(-25 for losing)\n|l|\u2606tyuiop112\n|player|p2|\n","uploadtime":1736594236,"views":122,"formatid":"gen9vgc2025regg","rating":1545,"private":0,"password":null}