{"id":"gen9vgc2025regg-2279744608","format":"[Gen 9] VGC 2025 Reg G","players":["RustyChair13","clickformoreinfos"],"log":"|j|\u2606RustyChair13\n|j|\u2606clickformoreinfos\n|t:|1736701507\n|gametype|doubles\n|player|p1|RustyChair13|scientist-gen4|1555\n|player|p2|clickformoreinfos|medium|1597\n|teamsize|p1|6\n|teamsize|p2|6\n|gen|9\n|tier|[Gen 9] VGC 2025 Reg G\n|rated|\n|rule|Species Clause: Limit one of each Pok\u00e9mon\n|rule|Item Clause: Limit 1 of each item\n|clearpoke\n|poke|p1|Zamazenta-*, L50|\n|poke|p1|Rillaboom, L50, M|\n|poke|p1|Chien-Pao, L50|\n|poke|p1|Flutter Mane, L50|\n|poke|p1|Chandelure, L50, F|\n|poke|p1|Moltres-Galar, L50|\n|poke|p2|Chi-Yu, L50|\n|poke|p2|Raging Bolt, L50|\n|poke|p2|Groudon, L50|\n|poke|p2|Sableye, L50, M|\n|poke|p2|Walking Wake, L50|\n|poke|p2|Primarina, L50, M|\n|teampreview|4\n|inactive|Battle timer is ON: inactive players will automatically lose when time's up. (requested by clickformoreinfos)\n|inactive|clickformoreinfos has 60 seconds left.\n|\n|t:|1736701556\n|start\n|switch|p1a: Flutter Mane|Flutter Mane, L50, shiny|100\/100\n|switch|p1b: Zamazenta|Zamazenta-Crowned, L50, shiny|100\/100\n|switch|p2a: Sableye|Sableye, L50, M|100\/100\n|switch|p2b: Primarina|Primarina, L50, M|100\/100\n|-ability|p1b: Zamazenta|Dauntless Shield|boost\n|-boost|p1b: Zamazenta|def|1\n|-enditem|p1a: Flutter Mane|Booster Energy\n|-activate|p1a: Flutter Mane|ability: Protosynthesis|[fromitem]\n|-start|p1a: Flutter Mane|protosynthesisspe\n|turn|1\n|\n|t:|1736701573\n|move|p1b: Zamazenta|Wide Guard|p1b: Zamazenta\n|-singleturn|p1b: Zamazenta|Wide Guard\n|move|p2a: Sableye|Fake Out|p1b: Zamazenta\n|-resisted|p1b: Zamazenta\n|-damage|p1b: Zamazenta|98\/100\n|move|p1a: Flutter Mane|Moonblast|p2a: Sableye\n|-supereffective|p2a: Sableye\n|-enditem|p2a: Sableye|Focus Sash\n|-damage|p2a: Sableye|1\/100\n|move|p2b: Primarina|Hyper Voice|p1a: Flutter Mane|[spread] \n|-activate|p1a: Flutter Mane|move: Wide Guard\n|-activate|p1b: Zamazenta|move: Wide Guard\n|\n|upkeep\n|turn|2\n|\n|t:|1736701585\n|move|p1b: Zamazenta|Protect||[still]\n|-fail|p1b: Zamazenta\n|move|p2a: Sableye|Will-O-Wisp|p1b: Zamazenta\n|-status|p1b: Zamazenta|brn\n|move|p1a: Flutter Mane|Icy Wind|p2b: Primarina|[spread] p2a,p2b\n|-resisted|p2b: Primarina\n|-damage|p2a: Sableye|0 fnt\n|-damage|p2b: Primarina|97\/100\n|-unboost|p2b: Primarina|spe|1\n|faint|p2a: Sableye\n|move|p2b: Primarina|Sing|p1a: Flutter Mane\n|-status|p1a: Flutter Mane|slp|[from] move: Sing\n|-enditem|p2b: Primarina|Throat Spray\n|-boost|p2b: Primarina|spa|1|[from] item: Throat Spray\n|\n|-damage|p1b: Zamazenta|92\/100 brn|[from] brn\n|upkeep\n|inactive|clickformoreinfos has 30 seconds left.\n|\n|t:|1736701612\n|switch|p2a: Groudon|Groudon, L50|100\/100\n|-weather|SunnyDay|[from] ability: Drought|[of] p2a: Groudon\n|turn|3\n|\n|t:|1736701623\n|move|p1b: Zamazenta|Wide Guard|p1b: Zamazenta\n|-singleturn|p1b: Zamazenta|Wide Guard\n|cant|p1a: Flutter Mane|slp\n|move|p2a: Groudon|Bulk Up|p2a: Groudon\n|-boost|p2a: Groudon|atk|1\n|-boost|p2a: Groudon|def|1\n|move|p2b: Primarina|Moonblast|p1a: Flutter Mane\n|-damage|p1a: Flutter Mane|45\/100 slp\n|-unboost|p1a: Flutter Mane|spa|1\n|\n|-weather|SunnyDay|[upkeep]\n|-damage|p1b: Zamazenta|86\/100 brn|[from] brn\n|upkeep\n|turn|4\n|\n|t:|1736701636\n|cant|p1a: Flutter Mane|slp\n|move|p1b: Zamazenta|Body Press|p2a: Groudon\n|-damage|p2a: Groudon|86\/100\n|move|p2a: Groudon|Bulk Up|p2a: Groudon\n|-boost|p2a: Groudon|atk|1\n|-boost|p2a: Groudon|def|1\n|move|p2b: Primarina|Moonblast|p1a: Flutter Mane\n|-damage|p1a: Flutter Mane|0 fnt\n|faint|p1a: Flutter Mane\n|-end|p1a: Flutter Mane|Protosynthesis|[silent]\n|\n|-weather|SunnyDay|[upkeep]\n|-damage|p1b: Zamazenta|80\/100 brn|[from] brn\n|upkeep\n|\n|t:|1736701642\n|switch|p1a: Chien-Pao|Chien-Pao, L50|100\/100\n|-ability|p1a: Chien-Pao|Sword of Ruin\n|turn|5\n|\n|t:|1736701651\n|move|p2a: Groudon|Protect|p2a: Groudon\n|-singleturn|p2a: Groudon|Protect\n|move|p1b: Zamazenta|Wide Guard|p1b: Zamazenta\n|-singleturn|p1b: Zamazenta|Wide Guard\n|move|p1a: Chien-Pao|Haze|p1a: Chien-Pao\n|-clearallboost\n|move|p2b: Primarina|Moonblast|p1a: Chien-Pao\n|-supereffective|p1a: Chien-Pao\n|-enditem|p1a: Chien-Pao|Focus Sash\n|-damage|p1a: Chien-Pao|1\/100\n|\n|-weather|SunnyDay|[upkeep]\n|-damage|p1b: Zamazenta|74\/100 brn|[from] brn\n|upkeep\n|turn|6\n|\n|t:|1736701664\n|move|p1a: Chien-Pao|Icicle Crash|p2a: Groudon\n|-supereffective|p2a: Groudon\n|-damage|p2a: Groudon|10\/100\n|move|p1b: Zamazenta|Body Press|p2a: Groudon\n|-damage|p2a: Groudon|0 fnt\n|faint|p2a: Groudon\n|move|p2b: Primarina|Moonblast|p1a: Chien-Pao\n|-supereffective|p1a: Chien-Pao\n|-damage|p1a: Chien-Pao|0 fnt\n|faint|p1a: Chien-Pao\n|\n|-weather|SunnyDay|[upkeep]\n|-damage|p1b: Zamazenta|68\/100 brn|[from] brn\n|upkeep\n|\n|t:|1736701670\n|switch|p1a: Rillaboom|Rillaboom, L50, M, shiny|100\/100\n|switch|p2a: Chi-Yu|Chi-Yu, L50|100\/100\n|-ability|p2a: Chi-Yu|Beads of Ruin\n|-fieldstart|move: Grassy Terrain|[from] ability: Grassy Surge|[of] p1a: Rillaboom\n|turn|7\n|\n|t:|1736701691\n|-terastallize|p2a: Chi-Yu|Ghost\n|-terastallize|p1b: Zamazenta|Dragon\n|move|p1a: Rillaboom|Grassy Glide|p2b: Primarina\n|-supereffective|p2b: Primarina\n|-damage|p2b: Primarina|0 fnt\n|faint|p2b: Primarina\n|move|p2a: Chi-Yu|Overheat|p1a: Rillaboom\n|-supereffective|p1a: Rillaboom\n|-damage|p1a: Rillaboom|0 fnt\n|-unboost|p2a: Chi-Yu|spa|2\n|faint|p1a: Rillaboom\n|move|p1b: Zamazenta|Body Press|p2a: Chi-Yu\n|-immune|p2a: Chi-Yu\n|\n|-weather|none\n|-heal|p1b: Zamazenta|74\/100 brn|[from] Grassy Terrain\n|-damage|p1b: Zamazenta|68\/100 brn|[from] brn\n|upkeep\n|turn|8\n|\n|t:|1736701703\n|move|p1b: Zamazenta|Protect|p1b: Zamazenta\n|-singleturn|p1b: Zamazenta|Protect\n|move|p2a: Chi-Yu|Overheat|p1b: Zamazenta\n|-activate|p1b: Zamazenta|move: Protect\n|\n|-heal|p1b: Zamazenta|74\/100 brn|[from] Grassy Terrain\n|-damage|p1b: Zamazenta|68\/100 brn|[from] brn\n|upkeep\n|turn|9\n|\n|t:|1736701708\n|move|p2a: Chi-Yu|Overheat|p1b: Zamazenta\n|-resisted|p1b: Zamazenta\n|-damage|p1b: Zamazenta|50\/100 brn\n|-unboost|p2a: Chi-Yu|spa|2\n|move|p1b: Zamazenta|Heavy Slam|p2a: Chi-Yu\n|-damage|p2a: Chi-Yu|59\/100\n|\n|-heal|p2a: Chi-Yu|65\/100|[from] Grassy Terrain\n|-heal|p1b: Zamazenta|57\/100 brn|[from] Grassy Terrain\n|-damage|p1b: Zamazenta|50\/100 brn|[from] brn\n|upkeep\n|turn|10\n|\n|t:|1736701717\n|move|p2a: Chi-Yu|Overheat|p1b: Zamazenta\n|-resisted|p1b: Zamazenta\n|-damage|p1b: Zamazenta|39\/100 brn\n|-unboost|p2a: Chi-Yu|spa|2\n|move|p1b: Zamazenta|Heavy Slam|p2a: Chi-Yu\n|-damage|p2a: Chi-Yu|26\/100\n|\n|-heal|p2a: Chi-Yu|32\/100|[from] Grassy Terrain\n|-heal|p1b: Zamazenta|45\/100 brn|[from] Grassy Terrain\n|-damage|p1b: Zamazenta|39\/100 brn|[from] brn\n|upkeep\n|turn|11\n|\n|t:|1736701723\n|move|p2a: Chi-Yu|Overheat|p1b: Zamazenta\n|-resisted|p1b: Zamazenta\n|-damage|p1b: Zamazenta|29\/100 brn\n|move|p1b: Zamazenta|Heavy Slam|p2a: Chi-Yu\n|-damage|p2a: Chi-Yu|0 fnt\n|faint|p2a: Chi-Yu\n|\n|win|RustyChair13\n|raw|RustyChair13's rating: 1555 &rarr; <strong>1577<\/strong><br \/>(+22 for winning)\n|raw|clickformoreinfos's rating: 1597 &rarr; <strong>1575<\/strong><br \/>(-22 for losing)\n|l|\u2606RustyChair13\n|player|p1|\n|l|\u2606clickformoreinfos\n|player|p2|\n","uploadtime":1736701880,"views":51,"formatid":"gen9vgc2025regg","rating":1575,"private":0,"password":null}