{"id":"gen9vgc2025regg-2279797636","format":"[Gen 9] VGC 2025 Reg G","players":["Yung Trav","JasePokemonTwitter"],"log":"|j|\u2606Yung Trav\n|j|\u2606JasePokemonTwitter\n|t:|1736708027\n|gametype|doubles\n|player|p1|Yung Trav|266|1590\n|player|p2|JasePokemonTwitter|lucas|1583\n|teamsize|p1|6\n|teamsize|p2|6\n|gen|9\n|tier|[Gen 9] VGC 2025 Reg G\n|rated|\n|rule|Species Clause: Limit one of each Pok\u00e9mon\n|rule|Item Clause: Limit 1 of each item\n|clearpoke\n|poke|p1|Calyrex-Ice, L50|\n|poke|p1|Regidrago, L50|\n|poke|p1|Smeargle, L50, M|\n|poke|p1|Farigiraf, L50, M|\n|poke|p1|Urshifu-*, L50, M|\n|poke|p1|Ogerpon-Cornerstone, L50, F|\n|poke|p2|Calyrex-Shadow, L50|\n|poke|p2|Dondozo, L50, F|\n|poke|p2|Weezing-Galar, L50, F|\n|poke|p2|Tatsugiri-Droopy, L50, M|\n|poke|p2|Iron Hands, L50|\n|poke|p2|Roaring Moon, L50|\n|teampreview|4\n|inactive|Battle timer is ON: inactive players will automatically lose when time's up. (requested by JasePokemonTwitter)\n|\n|t:|1736708049\n|start\n|switch|p1a: Calyrex|Calyrex-Ice, L50|100\/100\n|switch|p1b: Smeargle|Smeargle, L50, M, shiny|100\/100\n|switch|p2a: Weezing|Weezing-Galar, L50, F|100\/100\n|switch|p2b: Calyrex|Calyrex-Shadow, L50|100\/100\n|-ability|p2b: Calyrex|As One\n|-ability|p2b: Calyrex|Unnerve\n|-ability|p2a: Weezing|Neutralizing Gas\n|-ability|p1a: Calyrex|As One\n|-ability|p1a: Calyrex|Unnerve\n|turn|1\n|j| judang\n|\n|t:|1736708067\n|-terastallize|p1a: Calyrex|Water\n|move|p2b: Calyrex|Protect|p2b: Calyrex\n|-singleturn|p2b: Calyrex|Protect\n|move|p2a: Weezing|Poison Gas|p1b: Smeargle|[spread] p1a,p1b\n|-status|p1a: Calyrex|psn\n|-status|p1b: Smeargle|psn\n|move|p1b: Smeargle|Spore|p2b: Calyrex\n|-activate|p2b: Calyrex|move: Protect\n|move|p1a: Calyrex|Trick Room|p1a: Calyrex\n|-fieldstart|move: Trick Room|[of] p1a: Calyrex\n|\n|-damage|p1b: Smeargle|88\/100 psn|[from] psn\n|-damage|p1a: Calyrex|88\/100 psn|[from] psn\n|upkeep\n|turn|2\n|j| Therazer456\n|\n|t:|1736708087\n|switch|p2b: Dondozo|Dondozo, L50, F|100\/100\n|move|p1b: Smeargle|Spore|p2a: Weezing\n|-status|p2a: Weezing|slp|[from] move: Spore\n|move|p1a: Calyrex|Glacial Lance|p2b: Dondozo|[spread] p2a,p2b\n|-resisted|p2b: Dondozo\n|-damage|p2a: Weezing|53\/100 slp\n|-damage|p2b: Dondozo|85\/100\n|cant|p2a: Weezing|slp\n|\n|-heal|p2b: Dondozo|91\/100|[from] item: Leftovers\n|-damage|p1b: Smeargle|76\/100 psn|[from] psn\n|-damage|p1a: Calyrex|76\/100 psn|[from] psn\n|upkeep\n|turn|3\n|\n|t:|1736708107\n|move|p2b: Dondozo|Protect|p2b: Dondozo\n|-singleturn|p2b: Dondozo|Protect\n|move|p1b: Smeargle|Decorate|p1a: Calyrex\n|-boost|p1a: Calyrex|atk|2\n|-boost|p1a: Calyrex|spa|2\n|move|p1a: Calyrex|Glacial Lance|p2b: Dondozo|[spread] p2a\n|-activate|p2b: Dondozo|move: Protect\n|-damage|p2a: Weezing|0 fnt\n|faint|p2a: Weezing\n|-end|p2a: Weezing|ability: Neutralizing Gas\n|-ability|p1a: Calyrex|Chilling Neigh|boost\n|-boost|p1a: Calyrex|atk|1\n|\n|-heal|p2b: Dondozo|97\/100|[from] item: Leftovers\n|-damage|p1b: Smeargle|63\/100 psn|[from] psn\n|-damage|p1a: Calyrex|63\/100 psn|[from] psn\n|upkeep\n|\n|t:|1736708115\n|switch|p2a: Calyrex|Calyrex-Shadow, L50|100\/100\n|-ability|p2a: Calyrex|As One\n|-ability|p2a: Calyrex|Unnerve\n|turn|4\n|\n|t:|1736708134\n|switch|p2a: Tatsugiri|Tatsugiri-Droopy, L50, M|100\/100\n|-activate|p2a: Tatsugiri|ability: Commander|[of] p2b: Dondozo\n|-boost|p2b: Dondozo|atk|2\n|-boost|p2b: Dondozo|spa|2\n|-boost|p2b: Dondozo|spe|2\n|-boost|p2b: Dondozo|def|2\n|-boost|p2b: Dondozo|spd|2\n|-terastallize|p2b: Dondozo|Grass\n|move|p1b: Smeargle|Spore|p2b: Dondozo\n|-immune|p2b: Dondozo\n|move|p1a: Calyrex|Glacial Lance|p2a: Tatsugiri|[spread] p2b\n|-miss|p1a: Calyrex|p2a: Tatsugiri\n|-supereffective|p2b: Dondozo\n|-damage|p2b: Dondozo|65\/100\n|move|p2b: Dondozo|Earthquake|p1b: Smeargle|[spread] p1a,p1b\n|-miss|p2b: Dondozo|p2a: Tatsugiri\n|-damage|p1a: Calyrex|42\/100 psn\n|-damage|p1b: Smeargle|14\/100 psn\n|\n|-heal|p2b: Dondozo|71\/100|[from] item: Leftovers\n|-damage|p1b: Smeargle|2\/100 psn|[from] psn\n|-damage|p1a: Calyrex|30\/100 psn|[from] psn\n|upkeep\n|turn|5\n|j| mpudi\n|inactive|Yung Trav has 30 seconds left.\n|\n|t:|1736708163\n|switch|p1b: Urshifu|Urshifu, L50, M|100\/100\n|move|p2b: Dondozo|Protect|p2b: Dondozo\n|-singleturn|p2b: Dondozo|Protect\n|move|p1a: Calyrex|Glacial Lance|p2a: Tatsugiri|[spread] \n|-miss|p1a: Calyrex|p2a: Tatsugiri\n|-activate|p2b: Dondozo|move: Protect\n|\n|-heal|p2b: Dondozo|77\/100|[from] item: Leftovers\n|-damage|p1a: Calyrex|17\/100 psn|[from] psn\n|-fieldend|move: Trick Room\n|upkeep\n|turn|6\n|inactive|Yung Trav has 30 seconds left.\n|\n|t:|1736708188\n|move|p1b: Urshifu|Wicked Blow|p2b: Dondozo\n|-crit|p2b: Dondozo\n|-damage|p2b: Dondozo|44\/100\n|move|p2b: Dondozo|Body Press|p1b: Urshifu\n|-supereffective|p1b: Urshifu\n|-damage|p1b: Urshifu|0 fnt\n|faint|p1b: Urshifu\n|move|p1a: Calyrex|Trick Room|p1a: Calyrex\n|-fieldstart|move: Trick Room|[of] p1a: Calyrex\n|\n|-heal|p2b: Dondozo|50\/100|[from] item: Leftovers\n|-damage|p1a: Calyrex|5\/100 psn|[from] psn\n|upkeep\n|\n|t:|1736708202\n|switch|p1b: Regidrago|Regidrago, L50, shiny|100\/100\n|turn|7\n|\n|t:|1736708213\n|switch|p1a: Smeargle|Smeargle, L50, M, shiny|2\/100 psn\n|move|p2b: Dondozo|Protect|p2b: Dondozo\n|-singleturn|p2b: Dondozo|Protect\n|move|p1b: Regidrago|Dragon Energy|p2a: Tatsugiri|[spread] \n|-miss|p1b: Regidrago|p2a: Tatsugiri\n|-activate|p2b: Dondozo|move: Protect\n|\n|-heal|p2b: Dondozo|56\/100|[from] item: Leftovers\n|-damage|p1a: Smeargle|0 fnt|[from] psn\n|faint|p1a: Smeargle\n|upkeep\n|\n|t:|1736708226\n|switch|p1a: Calyrex|Calyrex-Ice, L50, tera:Water|5\/100 psn\n|-ability|p1a: Calyrex|As One\n|-ability|p1a: Calyrex|Unnerve\n|turn|8\n|\n|t:|1736708233\n|move|p2b: Dondozo|Protect|p2b: Dondozo\n|-singleturn|p2b: Dondozo|Protect\n|move|p1b: Regidrago|Dragon Energy|p2b: Dondozo|[spread] \n|-miss|p1b: Regidrago|p2a: Tatsugiri\n|-activate|p2b: Dondozo|move: Protect\n|move|p1a: Calyrex|Glacial Lance|p2a: Tatsugiri|[spread] \n|-miss|p1a: Calyrex|p2a: Tatsugiri\n|-activate|p2b: Dondozo|move: Protect\n|\n|-heal|p2b: Dondozo|62\/100|[from] item: Leftovers\n|-damage|p1a: Calyrex|0 fnt|[from] psn\n|faint|p1a: Calyrex\n|upkeep\n|turn|9\n|j| DonShitDozo\n|\n|t:|1736708252\n|move|p1b: Regidrago|Dragon Energy|p2b: Dondozo|[spread] p2b\n|-miss|p1b: Regidrago|p2a: Tatsugiri\n|-damage|p2b: Dondozo|27\/100\n|move|p2b: Dondozo|Order Up|p1b: Regidrago\n|-supereffective|p1b: Regidrago\n|-damage|p1b: Regidrago|43\/100\n|-boost|p2b: Dondozo|def|1\n|\n|-heal|p2b: Dondozo|33\/100|[from] item: Leftovers\n|upkeep\n|turn|10\n|l| Therazer456\n|j| Therazer456\n|-message|Yung Trav forfeited.\n|\n|win|JasePokemonTwitter\n|raw|Yung Trav's rating: 1590 &rarr; <strong>1570<\/strong><br \/>(-20 for losing)\n|raw|JasePokemonTwitter's rating: 1583 &rarr; <strong>1603<\/strong><br \/>(+20 for winning)\n|l|\u2606Yung Trav\n|player|p1|\n|l| Therazer456\n|l| judang\n|l| mpudi\n|l|\u2606JasePokemonTwitter\n|player|p2|\n|l| DonShitDozo\n","uploadtime":1736708489,"views":10,"formatid":"gen9vgc2025regg","rating":1570,"private":0,"password":null}