{"id":"gen9vgc2025regg-2279771895","format":"[Gen 9] VGC 2025 Reg G","players":["FunkyPengu1n","Dragoonlong"],"log":"|j|\u203dFunkyPengu1n\n|j|\u2606Dragoonlong\n|t:|1736704883\n|gametype|doubles\n|player|p1|FunkyPengu1n|265|1562\n|player|p2|Dragoonlong|169|1625\n|teamsize|p1|6\n|teamsize|p2|6\n|gen|9\n|tier|[Gen 9] VGC 2025 Reg G\n|rated|\n|rule|Species Clause: Limit one of each Pok\u00e9mon\n|rule|Item Clause: Limit 1 of each item\n|clearpoke\n|poke|p1|Zamazenta-*, L50|\n|poke|p1|Chien-Pao, L50|\n|poke|p1|Urshifu-*, L50, F|\n|poke|p1|Tornadus, L50, M|\n|poke|p1|Landorus, L50, M|\n|poke|p1|Raging Bolt, L50|\n|poke|p2|Ogerpon-Wellspring, L50, F|\n|poke|p2|Calyrex-Ice, L50|\n|poke|p2|Annihilape, L50, M|\n|poke|p2|Smeargle, L50, M|\n|poke|p2|Urshifu-*, L50, M|\n|poke|p2|Ursaluna-Bloodmoon, L50, M|\n|teampreview|4\n|j| neebieplayersea\n|j| Deathbydeath01\n|inactive|Battle timer is ON: inactive players will automatically lose when time's up. (requested by Dragoonlong)\n|l|\u2606Dragoonlong\n|inactive|Dragoonlong disconnected and has a minute to reconnect!\n|player|p2|\n|j|\u2606Dragoonlong\n|inactive|Dragoonlong reconnected.\n|player|p2|Dragoonlong|169|\n|\n|t:|1736704967\n|start\n|switch|p1a: Chien-Pao|Chien-Pao, L50|100\/100\n|switch|p1b: Zamazenta|Zamazenta-Crowned, L50|100\/100\n|switch|p2a: Calyrex|Calyrex-Ice, L50|100\/100\n|switch|p2b: Annihilape|Annihilape, L50, M|100\/100\n|-ability|p2a: Calyrex|As One\n|-ability|p2a: Calyrex|Unnerve\n|-ability|p1a: Chien-Pao|Sword of Ruin\n|-ability|p1b: Zamazenta|Dauntless Shield|boost\n|-boost|p1b: Zamazenta|def|1\n|turn|1\n|\n|t:|1736704985\n|-terastallize|p2a: Calyrex|Water\n|move|p1b: Zamazenta|Protect|p1b: Zamazenta\n|-singleturn|p1b: Zamazenta|Protect\n|move|p1a: Chien-Pao|Icicle Crash|p2b: Annihilape\n|-damage|p2b: Annihilape|47\/100\n|move|p2b: Annihilape|Final Gambit|p1b: Zamazenta\n|-activate|p1b: Zamazenta|move: Protect\n|move|p2a: Calyrex|Trick Room|p2a: Calyrex\n|-fieldstart|move: Trick Room|[of] p2a: Calyrex\n|\n|upkeep\n|turn|2\n|inactive|FunkyPengu1n has 30 seconds left.\n|inactive|Dragoonlong has 30 seconds left.\n|\n|t:|1736705018\n|move|p2a: Calyrex|High Horsepower|p1b: Zamazenta\n|-supereffective|p1b: Zamazenta\n|-damage|p1b: Zamazenta|56\/100\n|move|p2b: Annihilape|Final Gambit|p1b: Zamazenta\n|-damage|p1b: Zamazenta|7\/100\n|faint|p2b: Annihilape\n|move|p1b: Zamazenta|Body Press|p2a: Calyrex\n|-damage|p2a: Calyrex|44\/100\n|-enditem|p2a: Calyrex|Sitrus Berry|[eat]\n|-heal|p2a: Calyrex|68\/100|[from] item: Sitrus Berry\n|move|p1a: Chien-Pao|Icicle Crash|p2a: Calyrex|[miss]\n|-miss|p1a: Chien-Pao|p2a: Calyrex\n|\n|upkeep\n|\n|t:|1736705034\n|switch|p2b: Smeargle|Smeargle, L50, M|100\/100\n|turn|3\n|\n|t:|1736705041\n|move|p1b: Zamazenta|Protect|p1b: Zamazenta\n|-singleturn|p1b: Zamazenta|Protect\n|move|p1a: Chien-Pao|Protect|p1a: Chien-Pao\n|-singleturn|p1a: Chien-Pao|Protect\n|move|p2b: Smeargle|Spore|p1a: Chien-Pao\n|-activate|p1a: Chien-Pao|move: Protect\n|move|p2a: Calyrex|Glacial Lance|p1b: Zamazenta|[spread] \n|-activate|p1a: Chien-Pao|move: Protect\n|-activate|p1b: Zamazenta|move: Protect\n|\n|upkeep\n|turn|4\n|l| Deathbydeath01\n|inactive|FunkyPengu1n has 30 seconds left.\n|\n|t:|1736705069\n|switch|p1a: Urshifu|Urshifu-Rapid-Strike, L50, F|100\/100\n|move|p1b: Zamazenta|Wide Guard|p1b: Zamazenta\n|-singleturn|p1b: Zamazenta|Wide Guard\n|move|p2b: Smeargle|Spore|p1a: Urshifu\n|-activate|p1a: Urshifu|item: Safety Goggles|Spore\n|move|p2a: Calyrex|High Horsepower|p1b: Zamazenta\n|-supereffective|p1b: Zamazenta\n|-damage|p1b: Zamazenta|0 fnt\n|faint|p1b: Zamazenta\n|-ability|p2a: Calyrex|Chilling Neigh|boost\n|-boost|p2a: Calyrex|atk|1\n|\n|upkeep\n|\n|t:|1736705081\n|switch|p1b: Chien-Pao|Chien-Pao, L50|100\/100\n|-ability|p1b: Chien-Pao|Sword of Ruin\n|turn|5\n|\n|t:|1736705093\n|move|p1b: Chien-Pao|Protect|p1b: Chien-Pao\n|-singleturn|p1b: Chien-Pao|Protect\n|move|p2b: Smeargle|Spore|p1b: Chien-Pao\n|-activate|p1b: Chien-Pao|move: Protect\n|move|p2a: Calyrex|Glacial Lance|p1b: Chien-Pao|[spread] p1a\n|-activate|p1b: Chien-Pao|move: Protect\n|-resisted|p1a: Urshifu\n|-damage|p1a: Urshifu|43\/100\n|move|p1a: Urshifu|Surging Strikes|p2b: Smeargle\n|-crit|p2b: Smeargle\n|-damage|p2b: Smeargle|67\/100\n|-crit|p2b: Smeargle\n|-damage|p2b: Smeargle|31\/100\n|-crit|p2b: Smeargle\n|-damage|p2b: Smeargle|0 fnt\n|faint|p2b: Smeargle\n|-hitcount|p2: Smeargle|3\n|\n|-fieldend|move: Trick Room\n|upkeep\n|j| Therazer456\n|j| BlindMagneton\n|\n|t:|1736705113\n|switch|p2b: Ursaluna|Ursaluna-Bloodmoon, L50, M|100\/100\n|turn|6\n|\n|t:|1736705130\n|-terastallize|p1a: Urshifu|Water\n|move|p1b: Chien-Pao|Haze|p1b: Chien-Pao\n|-clearallboost\n|move|p1a: Urshifu|Surging Strikes|p2b: Ursaluna\n|-supereffective|p2b: Ursaluna\n|-crit|p2b: Ursaluna\n|-damage|p2b: Ursaluna|51\/100\n|-supereffective|p2b: Ursaluna\n|-crit|p2b: Ursaluna\n|-damage|p2b: Ursaluna|1\/100\n|-supereffective|p2b: Ursaluna\n|-crit|p2b: Ursaluna\n|-damage|p2b: Ursaluna|0 fnt\n|faint|p2b: Ursaluna\n|-hitcount|p2: Ursaluna|3\n|move|p2a: Calyrex|Trick Room|p2a: Calyrex\n|-fieldstart|move: Trick Room|[of] p2a: Calyrex\n|\n|upkeep\n|turn|7\n|\n|t:|1736705150\n|move|p2a: Calyrex|Glacial Lance|p1b: Chien-Pao|[spread] p1a,p1b\n|-resisted|p1a: Urshifu\n|-resisted|p1b: Chien-Pao\n|-damage|p1a: Urshifu|2\/100\n|-damage|p1b: Chien-Pao|60\/100\n|move|p1a: Urshifu|Close Combat|p2a: Calyrex\n|-damage|p2a: Calyrex|15\/100\n|-unboost|p1a: Urshifu|def|1\n|-unboost|p1a: Urshifu|spd|1\n|move|p1b: Chien-Pao|Icicle Crash|p2a: Calyrex\n|-resisted|p2a: Calyrex\n|-damage|p2a: Calyrex|0 fnt\n|faint|p2a: Calyrex\n|\n|win|FunkyPengu1n\n|raw|FunkyPengu1n's rating: 1562 &rarr; <strong>1586<\/strong><br \/>(+24 for winning)\n|raw|Dragoonlong's rating: 1625 &rarr; <strong>1601<\/strong><br \/>(-24 for losing)\n|l|\u2606Dragoonlong\n|player|p2|\n|l|\u203dFunkyPengu1n\n|player|p1|\n|l| Therazer456\n","uploadtime":1736705321,"views":48,"formatid":"gen9vgc2025regg","rating":1586,"private":0,"password":null}