{"id":"gen9vgc2025regg-2279952304","format":"[Gen 9] VGC 2025 Reg G","players":["Squ1dge_","clickformoreinfos"],"log":"|j|\u2606Squ1dge_\n|j|\u2606clickformoreinfos\n|t:|1736727251\n|gametype|doubles\n|player|p1|Squ1dge_|265|1607\n|player|p2|clickformoreinfos|medium|1679\n|teamsize|p1|6\n|teamsize|p2|6\n|gen|9\n|tier|[Gen 9] VGC 2025 Reg G\n|rated|\n|rule|Species Clause: Limit one of each Pok\u00e9mon\n|rule|Item Clause: Limit 1 of each item\n|clearpoke\n|poke|p1|Farigiraf, L50, F|\n|poke|p1|Regieleki, L50|\n|poke|p1|Landorus, L50, M|\n|poke|p1|Ogerpon-Cornerstone, L50, F|\n|poke|p1|Urshifu-*, L50, F|\n|poke|p1|Calyrex-Ice, L50|\n|poke|p2|Chi-Yu, L50|\n|poke|p2|Raging Bolt, L50|\n|poke|p2|Groudon, L50|\n|poke|p2|Sableye, L50, M|\n|poke|p2|Primarina, L50, M|\n|poke|p2|Venusaur, L50, M|\n|teampreview|4\n|inactive|Battle timer is ON: inactive players will automatically lose when time's up. (requested by clickformoreinfos)\n|inactive|Squ1dge_ also wants the timer to be on.\n|inactive|Squ1dge_ has 60 seconds left.\n|inactive|clickformoreinfos has 60 seconds left.\n|j| Gochibot7\n|\n|t:|1736727301\n|start\n|switch|p1a: Regieleki|Regieleki, L50|100\/100\n|switch|p1b: Ogerpon|Ogerpon-Cornerstone, L50, F|100\/100\n|switch|p2a: Sableye|Sableye, L50, M|100\/100\n|switch|p2b: Venusaur|Venusaur, L50, M|100\/100\n|turn|1\n|\n|t:|1736727318\n|move|p2a: Sableye|Fake Out|p1b: Ogerpon\n|-resisted|p1b: Ogerpon\n|-damage|p1b: Ogerpon|93\/100\n|move|p1a: Regieleki|Volt Switch|p2a: Sableye\n|-damage|p2a: Sableye|16\/100\n|\n|t:|1736727324\n|switch|p1a: Calyrex|Calyrex-Ice, L50|100\/100|[from] Volt Switch\n|-ability|p1a: Calyrex|As One\n|-ability|p1a: Calyrex|Unnerve\n|cant|p1b: Ogerpon|flinch\n|move|p2b: Venusaur|Sludge Bomb|p1b: Ogerpon\n|-damage|p1b: Ogerpon|45\/100\n|-status|p1b: Ogerpon|psn\n|\n|-damage|p1b: Ogerpon|33\/100 psn|[from] psn\n|upkeep\n|turn|2\n|inactive|clickformoreinfos has 30 seconds left.\n|inactive|clickformoreinfos has 20 seconds left.\n|\n|t:|1736727364\n|-terastallize|p2b: Venusaur|Fire\n|move|p1b: Ogerpon|Follow Me|p1b: Ogerpon\n|-singleturn|p1b: Ogerpon|move: Follow Me\n|move|p2a: Sableye|Gravity|p2a: Sableye\n|-fieldstart|move: Gravity\n|move|p2b: Venusaur|Sleep Powder|p1b: Ogerpon\n|-immune|p1b: Ogerpon\n|move|p1a: Calyrex|Glacial Lance|p2a: Sableye|[spread] p2a,p2b\n|-resisted|p2b: Venusaur\n|-damage|p2a: Sableye|0 fnt\n|-damage|p2b: Venusaur|60\/100\n|faint|p2a: Sableye\n|-ability|p1a: Calyrex|Chilling Neigh|boost\n|-boost|p1a: Calyrex|atk|1\n|\n|-damage|p1b: Ogerpon|20\/100 psn|[from] psn\n|upkeep\n|\n|t:|1736727379\n|switch|p2a: Chi-Yu|Chi-Yu, L50|100\/100\n|-ability|p2a: Chi-Yu|Beads of Ruin\n|turn|3\n|\n|t:|1736727399\n|move|p1a: Calyrex|Protect|p1a: Calyrex\n|-singleturn|p1a: Calyrex|Protect\n|move|p2a: Chi-Yu|Heat Wave|p1a: Calyrex|[spread] p1b\n|-activate|p1a: Calyrex|move: Protect\n|-damage|p1b: Ogerpon|0 fnt\n|faint|p1b: Ogerpon\n|move|p2b: Venusaur|Sleep Powder|p1a: Calyrex\n|-activate|p1a: Calyrex|move: Protect\n|\n|upkeep\n|inactive|Squ1dge_ has 30 seconds left.\n|\n|t:|1736727427\n|switch|p1b: Regieleki|Regieleki, L50|100\/100\n|turn|4\n|inactive|clickformoreinfos has 30 seconds left.\n|\n|t:|1736727456\n|-terastallize|p1a: Calyrex|Water\n|move|p1b: Regieleki|Electroweb|p2b: Venusaur|[spread] p2a,p2b\n|-damage|p2a: Chi-Yu|70\/100\n|-damage|p2b: Venusaur|24\/100\n|-unboost|p2a: Chi-Yu|spe|1\n|-unboost|p2b: Venusaur|spe|1\n|move|p2a: Chi-Yu|Heat Wave|p1a: Calyrex|[spread] p1a,p1b\n|-resisted|p1a: Calyrex\n|-damage|p1a: Calyrex|81\/100\n|-enditem|p1b: Regieleki|Focus Sash\n|-damage|p1b: Regieleki|1\/100\n|move|p1a: Calyrex|High Horsepower|p2b: Venusaur\n|-supereffective|p2b: Venusaur\n|-damage|p2b: Venusaur|0 fnt\n|faint|p2b: Venusaur\n|-ability|p1a: Calyrex|Chilling Neigh|boost\n|-boost|p1a: Calyrex|atk|1\n|\n|upkeep\n|\n|t:|1736727470\n|switch|p2b: Groudon|Groudon, L50|100\/100\n|-weather|SunnyDay|[from] ability: Drought|[of] p2b: Groudon\n|turn|5\n|c| Gochibot7|max speed calyrex????????\n|\n|t:|1736727488\n|move|p1a: Calyrex|Protect|p1a: Calyrex\n|-singleturn|p1a: Calyrex|Protect\n|move|p1b: Regieleki|Thunderbolt|p2a: Chi-Yu\n|-damage|p2a: Chi-Yu|4\/100\n|move|p2a: Chi-Yu|Heat Wave|p1b: Regieleki|[spread] p1b\n|-activate|p1a: Calyrex|move: Protect\n|-damage|p1b: Regieleki|0 fnt\n|faint|p1b: Regieleki\n|move|p2b: Groudon|Precipice Blades|p1a: Calyrex\n|-activate|p1a: Calyrex|move: Protect\n|\n|-weather|SunnyDay|[upkeep]\n|upkeep\n|\n|t:|1736727501\n|switch|p1b: Landorus|Landorus, L50, M|100\/100\n|turn|6\n|\n|t:|1736727509\n|move|p1b: Landorus|Sandsear Storm|p2b: Groudon|[spread] p2a,p2b\n|-supereffective|p2a: Chi-Yu\n|-damage|p2a: Chi-Yu|0 fnt\n|-damage|p2b: Groudon|25\/100\n|faint|p2a: Chi-Yu\n|move|p2b: Groudon|Precipice Blades|p1b: Landorus|[spread] p1a,p1b\n|-damage|p1a: Calyrex|44\/100\n|-damage|p1b: Landorus|38\/100\n|move|p1a: Calyrex|Glacial Lance|p2b: Groudon\n|-supereffective|p2b: Groudon\n|-damage|p2b: Groudon|0 fnt\n|faint|p2b: Groudon\n|\n|win|Squ1dge_\n|raw|Squ1dge_'s rating: 1607 &rarr; <strong>1631<\/strong><br \/>(+24 for winning)\n|raw|clickformoreinfos's rating: 1679 &rarr; <strong>1655<\/strong><br \/>(-24 for losing)\n|l|\u2606clickformoreinfos\n|player|p2|\n|c|\u2606Squ1dge_|Not max speed\n|c|\u2606Squ1dge_|just enough\n|l| Gochibot7\n|l|\u2606Squ1dge_\n|player|p1|\n|j| Gochibot7\n","uploadtime":1736727745,"views":41,"formatid":"gen9vgc2025regg","rating":1631,"private":0,"password":null}