{"id":"gen9vgc2025regg-2279984566","format":"[Gen 9] VGC 2025 Reg G","players":["Kardeas","Iamsliverfish"],"log":"|j|\u2606Kardeas\n|j|\u2606Iamsliverfish\n|t:|1736731601\n|gametype|doubles\n|player|p1|Kardeas|clerkf|1632\n|player|p2|Iamsliverfish|hiker-gen4|1596\n|teamsize|p1|6\n|teamsize|p2|6\n|gen|9\n|tier|[Gen 9] VGC 2025 Reg G\n|rated|\n|rule|Species Clause: Limit one of each Pok\u00e9mon\n|rule|Item Clause: Limit 1 of each item\n|clearpoke\n|poke|p1|Zamazenta-*, L50|\n|poke|p1|Cresselia, L50, F|\n|poke|p1|Grimmsnarl, L50, M|\n|poke|p1|Landorus, L50, M|\n|poke|p1|Raging Bolt, L50|\n|poke|p1|Ogerpon-Hearthflame, L50, F|\n|poke|p2|Calyrex-Shadow, L50|\n|poke|p2|Maushold, L50|\n|poke|p2|Amoonguss, L50, M|\n|poke|p2|Urshifu-*, L50, M|\n|poke|p2|Incineroar, L50, F|\n|poke|p2|Tornadus, L50, M|\n|teampreview|4\n|j| fasboom\n|j| shihouy2\n|\n|t:|1736731626\n|start\n|switch|p1a: Grimmsnarl|Grimmsnarl, L50, M|100\/100\n|switch|p1b: Landorus|Landorus, L50, M|100\/100\n|switch|p2a: Maushold|Maushold, L50|100\/100\n|switch|p2b: Calyrex|Calyrex-Shadow, L50|100\/100\n|-ability|p2b: Calyrex|As One\n|-ability|p2b: Calyrex|Unnerve\n|turn|1\n|\n|t:|1736731642\n|-terastallize|p1b: Landorus|Ghost\n|-terastallize|p2b: Calyrex|Ground\n|move|p1a: Grimmsnarl|Light Screen|p1a: Grimmsnarl\n|-sidestart|p1: Kardeas|move: Light Screen\n|move|p1b: Landorus|Tera Blast|p2b: Calyrex|[anim] Tera Blast Ghost\n|-damage|p2b: Calyrex|68\/100\n|move|p2b: Calyrex|Nasty Plot|p2b: Calyrex\n|-boost|p2b: Calyrex|spa|2\n|move|p2a: Maushold|Population Bomb|p1b: Landorus\n|-immune|p1b: Landorus\n|\n|upkeep\n|turn|2\n|\n|t:|1736731672\n|switch|p1b: Zamazenta|Zamazenta-Crowned, L50|100\/100\n|-ability|p1b: Zamazenta|Dauntless Shield|boost\n|-boost|p1b: Zamazenta|def|1\n|move|p2a: Maushold|Follow Me|p2a: Maushold\n|-singleturn|p2a: Maushold|move: Follow Me\n|move|p1a: Grimmsnarl|Sucker Punch||[still]\n|-fail|p1a: Grimmsnarl\n|move|p2b: Calyrex|Astral Barrage|p1b: Zamazenta|[spread] p1a,p1b\n|-resisted|p1a: Grimmsnarl\n|-damage|p1a: Grimmsnarl|55\/100\n|-damage|p1b: Zamazenta|37\/100\n|-damage|p2b: Calyrex|58\/100|[from] item: Life Orb\n|\n|upkeep\n|turn|3\n|\n|t:|1736731688\n|move|p1b: Zamazenta|Protect|p1b: Zamazenta\n|-singleturn|p1b: Zamazenta|Protect\n|move|p2a: Maushold|Feint|p1b: Zamazenta\n|-activate|p1b: Zamazenta|move: Feint\n|-resisted|p1b: Zamazenta\n|-damage|p1b: Zamazenta|35\/100\n|move|p1a: Grimmsnarl|Taunt|p2a: Maushold\n|-start|p2a: Maushold|move: Taunt\n|move|p2b: Calyrex|Astral Barrage|p1a: Grimmsnarl|[spread] p1a,p1b\n|-resisted|p1a: Grimmsnarl\n|-damage|p1a: Grimmsnarl|9\/100\n|-damage|p1b: Zamazenta|0 fnt\n|faint|p1b: Zamazenta\n|-ability|p2b: Calyrex|Grim Neigh|boost\n|-boost|p2b: Calyrex|spa|1\n|-damage|p2b: Calyrex|49\/100|[from] item: Life Orb\n|\n|upkeep\n|\n|t:|1736731704\n|switch|p1b: Landorus|Landorus, L50, M, tera:Ghost|100\/100\n|turn|4\n|\n|t:|1736731719\n|switch|p2a: Amoonguss|Amoonguss, L50, M|100\/100\n|move|p2b: Calyrex|Protect|p2b: Calyrex\n|-singleturn|p2b: Calyrex|Protect\n|move|p1a: Grimmsnarl|Sucker Punch||[still]\n|-fail|p1a: Grimmsnarl\n|move|p1b: Landorus|Earth Power|p2b: Calyrex\n|-activate|p2b: Calyrex|move: Protect\n|\n|upkeep\n|turn|5\n|-message|Kardeas forfeited.\n|\n|win|Iamsliverfish\n|raw|Kardeas's rating: 1632 &rarr; <strong>1610<\/strong><br \/>(-22 for losing)\n|raw|Iamsliverfish's rating: 1596 &rarr; <strong>1618<\/strong><br \/>(+22 for winning)\n|l|\u2606Kardeas\n|player|p1|\n|l|\u2606Iamsliverfish\n|player|p2|\n|l| fasboom\n|l| shihouy2\n","uploadtime":1736731738,"views":69,"formatid":"gen9vgc2025regg","rating":1610,"private":0,"password":null}