{"id":"gen9vgc2025regg-2279894023","format":"[Gen 9] VGC 2025 Reg G","players":["Xatseye","Emirnent"],"log":"|j|\u203dXatseye\n|j|\u2606Emirnent\n|t:|1736719704\n|gametype|doubles\n|player|p1|Xatseye|biker|1568\n|player|p2|Emirnent|266|1606\n|teamsize|p1|6\n|teamsize|p2|6\n|gen|9\n|tier|[Gen 9] VGC 2025 Reg G\n|rated|\n|rule|Species Clause: Limit one of each Pok\u00e9mon\n|rule|Item Clause: Limit 1 of each item\n|clearpoke\n|poke|p1|Cresselia, L50, F|\n|poke|p1|Flutter Mane, L50|\n|poke|p1|Maushold-Four, L50|\n|poke|p1|Incineroar, L50, F|\n|poke|p1|Calyrex-Ice, L50|\n|poke|p1|Raging Bolt, L50|\n|poke|p2|Articuno, L50|\n|poke|p2|Ninetales-Alola, L50, F|\n|poke|p2|Kyogre, L50|\n|poke|p2|Landorus, L50, M|\n|poke|p2|Tornadus, L50, M|\n|poke|p2|Ogerpon-Wellspring, L50, F|\n|teampreview|4\n|inactive|Battle timer is ON: inactive players will automatically lose when time's up. (requested by Xatseye)\n|j| mr pogostick\n|inactive|Xatseye has 60 seconds left.\n|inactive|Emirnent has 60 seconds left.\n|\n|t:|1736719744\n|start\n|switch|p1a: Calyrex|Calyrex-Ice, L50|100\/100\n|switch|p1b: Incineroar|Incineroar, L50, F|100\/100\n|switch|p2a: Articuno|Articuno, L50|100\/100\n|switch|p2b: Ninetales|Ninetales-Alola, L50, F|100\/100\n|-ability|p1a: Calyrex|As One\n|-ability|p1a: Calyrex|Unnerve\n|-weather|Snow|[from] ability: Snow Warning|[of] p2b: Ninetales\n|-ability|p1b: Incineroar|Intimidate|boost\n|-unboost|p2a: Articuno|atk|1\n|-unboost|p2b: Ninetales|atk|1\n|turn|1\n|\n|t:|1736719762\n|move|p1b: Incineroar|Fake Out|p2b: Ninetales\n|-damage|p2b: Ninetales|91\/100\n|cant|p2b: Ninetales|flinch\n|move|p2a: Articuno|Blizzard|p1b: Incineroar|[spread] p1a,p1b\n|-resisted|p1a: Calyrex\n|-resisted|p1b: Incineroar\n|-damage|p1a: Calyrex|82\/100\n|-damage|p1b: Incineroar|79\/100\n|move|p1a: Calyrex|Trick Room|p1a: Calyrex\n|-fieldstart|move: Trick Room|[of] p1a: Calyrex\n|\n|-weather|Snow|[upkeep]\n|upkeep\n|turn|2\n|j| kenele\n|inactive|Emirnent has 30 seconds left.\n|\n|t:|1736719791\n|move|p1a: Calyrex|Glacial Lance|p2b: Ninetales|[spread] p2b\n|-miss|p1a: Calyrex|p2a: Articuno\n|-resisted|p2b: Ninetales\n|-damage|p2b: Ninetales|69\/100\n|move|p1b: Incineroar|Flare Blitz|p2b: Ninetales\n|-supereffective|p2b: Ninetales\n|-damage|p2b: Ninetales|0 fnt\n|faint|p2b: Ninetales\n|-damage|p1b: Incineroar|59\/100|[from] Recoil\n|move|p2a: Articuno|Blizzard|p1a: Calyrex|[spread] p1a,p1b\n|-resisted|p1a: Calyrex\n|-resisted|p1b: Incineroar\n|-damage|p1a: Calyrex|65\/100\n|-damage|p1b: Incineroar|38\/100\n|\n|-weather|Snow|[upkeep]\n|upkeep\n|j| judang\n|\n|t:|1736719805\n|switch|p2b: Kyogre|Kyogre, L50|100\/100\n|-weather|RainDance|[from] ability: Drizzle|[of] p2b: Kyogre\n|turn|3\n|inactive|Xatseye has 30 seconds left.\n|\n|t:|1736719837\n|move|p1a: Calyrex|Protect|p1a: Calyrex\n|-singleturn|p1a: Calyrex|Protect\n|move|p1b: Incineroar|Knock Off|p2a: Articuno\n|-damage|p2a: Articuno|64\/100\n|-enditem|p2a: Articuno|Choice Specs|[from] move: Knock Off|[of] p1b: Incineroar\n|move|p2a: Articuno|Blizzard|p1b: Incineroar|[spread] p1b\n|-activate|p1a: Calyrex|move: Protect\n|-resisted|p1b: Incineroar\n|-damage|p1b: Incineroar|22\/100\n|move|p2b: Kyogre|Origin Pulse|p1b: Incineroar|[spread] p1b\n|-activate|p1a: Calyrex|move: Protect\n|-supereffective|p1b: Incineroar\n|-damage|p1b: Incineroar|0 fnt\n|faint|p1b: Incineroar\n|\n|-weather|RainDance|[upkeep]\n|upkeep\n|\n|t:|1736719854\n|switch|p1b: Raging Bolt|Raging Bolt, L50|100\/100\n|turn|4\n|\n|t:|1736719873\n|-terastallize|p1a: Calyrex|Dragon\n|-terastallize|p2b: Kyogre|Ice\n|move|p1a: Calyrex|Glacial Lance|p2a: Articuno|[spread] p2a,p2b\n|-resisted|p2b: Kyogre\n|-damage|p2a: Articuno|12\/100\n|-damage|p2b: Kyogre|72\/100\n|move|p1b: Raging Bolt|Thunderbolt|p2a: Articuno\n|-supereffective|p2a: Articuno\n|-damage|p2a: Articuno|0 fnt\n|faint|p2a: Articuno\n|move|p2b: Kyogre|Origin Pulse|p1b: Raging Bolt|[spread] p1a,p1b\n|-resisted|p1a: Calyrex\n|-resisted|p1b: Raging Bolt\n|-damage|p1a: Calyrex|40\/100\n|-damage|p1b: Raging Bolt|82\/100\n|\n|-weather|RainDance|[upkeep]\n|upkeep\n|\n|t:|1736719881\n|switch|p2a: Ogerpon|Ogerpon-Wellspring, L50, F|100\/100\n|turn|5\n|\n|t:|1736719896\n|move|p2a: Ogerpon|Spiky Shield|p2a: Ogerpon\n|-singleturn|p2a: Ogerpon|move: Protect\n|move|p1a: Calyrex|Glacial Lance|p2a: Ogerpon|[spread] p2b\n|-activate|p2a: Ogerpon|move: Protect\n|-resisted|p2b: Kyogre\n|-damage|p2b: Kyogre|40\/100\n|move|p1b: Raging Bolt|Thunderbolt|p2b: Kyogre\n|-damage|p2b: Kyogre|2\/100\n|move|p2b: Kyogre|Blizzard|p1a: Calyrex|[spread] p1a,p1b\n|-supereffective|p1a: Calyrex\n|-supereffective|p1b: Raging Bolt\n|-damage|p1a: Calyrex|0 fnt\n|-damage|p1b: Raging Bolt|25\/100\n|faint|p1a: Calyrex\n|\n|-weather|RainDance|[upkeep]\n|-fieldend|move: Trick Room\n|upkeep\n|\n|t:|1736719913\n|switch|p1a: Flutter Mane|Flutter Mane, L50|100\/100\n|-enditem|p1a: Flutter Mane|Booster Energy\n|-activate|p1a: Flutter Mane|ability: Protosynthesis|[fromitem]\n|-start|p1a: Flutter Mane|protosynthesisspa\n|turn|6\n|inactive|Xatseye has 30 seconds left.\n|\n|t:|1736719939\n|move|p1b: Raging Bolt|Thunderclap|p2a: Ogerpon\n|-damage|p2a: Ogerpon|56\/100\n|move|p1a: Flutter Mane|Dazzling Gleam|p2b: Kyogre|[spread] p2a,p2b\n|-damage|p2a: Ogerpon|11\/100\n|-damage|p2b: Kyogre|0 fnt\n|faint|p2b: Kyogre\n|move|p2a: Ogerpon|Ivy Cudgel|p1a: Flutter Mane|[anim] Ivy Cudgel Water\n|-damage|p1a: Flutter Mane|0 fnt\n|faint|p1a: Flutter Mane\n|-end|p1a: Flutter Mane|Protosynthesis|[silent]\n|\n|-weather|RainDance|[upkeep]\n|upkeep\n|turn|7\n|\n|t:|1736719953\n|move|p2a: Ogerpon|Spiky Shield|p2a: Ogerpon\n|-singleturn|p2a: Ogerpon|move: Protect\n|move|p1b: Raging Bolt|Thunderclap||[still]\n|-fail|p1b: Raging Bolt\n|\n|-weather|none\n|upkeep\n|turn|8\n|\n|t:|1736719963\n|move|p2a: Ogerpon|Spiky Shield||[still]\n|-fail|p2a: Ogerpon\n|move|p1b: Raging Bolt|Thunderclap||[still]\n|-fail|p1b: Raging Bolt\n|\n|upkeep\n|turn|9\n|\n|t:|1736719969\n|move|p2a: Ogerpon|Spiky Shield|p2a: Ogerpon\n|-singleturn|p2a: Ogerpon|move: Protect\n|move|p1b: Raging Bolt|Thunderbolt|p2a: Ogerpon\n|-activate|p2a: Ogerpon|move: Protect\n|\n|upkeep\n|turn|10\n|\n|t:|1736719975\n|move|p2a: Ogerpon|Spiky Shield|p2a: Ogerpon\n|-singleturn|p2a: Ogerpon|move: Protect\n|move|p1b: Raging Bolt|Thunderclap||[still]\n|-fail|p1b: Raging Bolt\n|\n|upkeep\n|turn|11\n|\n|t:|1736719983\n|move|p2a: Ogerpon|Follow Me|p2a: Ogerpon\n|-singleturn|p2a: Ogerpon|move: Follow Me\n|move|p1b: Raging Bolt|Thunderclap||[still]\n|-fail|p1b: Raging Bolt\n|\n|upkeep\n|turn|12\n|\n|t:|1736719990\n|move|p2a: Ogerpon|Spiky Shield|p2a: Ogerpon\n|-singleturn|p2a: Ogerpon|move: Protect\n|move|p1b: Raging Bolt|Thunderclap||[still]\n|-fail|p1b: Raging Bolt\n|\n|upkeep\n|turn|13\n|j| Claarity\n|\n|t:|1736719996\n|move|p2a: Ogerpon|Spiky Shield|p2a: Ogerpon\n|-singleturn|p2a: Ogerpon|move: Protect\n|move|p1b: Raging Bolt|Thunderbolt|p2a: Ogerpon\n|-activate|p2a: Ogerpon|move: Protect\n|\n|upkeep\n|turn|14\n|\n|t:|1736720006\n|move|p2a: Ogerpon|Spiky Shield||[still]\n|-fail|p2a: Ogerpon\n|move|p1b: Raging Bolt|Thunderclap||[still]\n|-fail|p1b: Raging Bolt\n|\n|upkeep\n|turn|15\n|\n|t:|1736720011\n|move|p2a: Ogerpon|Spiky Shield|p2a: Ogerpon\n|-singleturn|p2a: Ogerpon|move: Protect\n|move|p1b: Raging Bolt|Thunderbolt|p2a: Ogerpon\n|-activate|p2a: Ogerpon|move: Protect\n|\n|upkeep\n|turn|16\n|\n|t:|1736720022\n|move|p2a: Ogerpon|Wood Hammer|p1b: Raging Bolt\n|-resisted|p1b: Raging Bolt\n|-damage|p1b: Raging Bolt|0 fnt\n|faint|p1b: Raging Bolt\n|-end|p1b: Raging Bolt|Protosynthesis|[silent]\n|-damage|p2a: Ogerpon|1\/100|[from] Recoil\n|\n|win|Emirnent\n|raw|Xatseye's rating: 1568 &rarr; <strong>1550<\/strong><br \/>(-18 for losing)\n|raw|Emirnent's rating: 1606 &rarr; <strong>1624<\/strong><br \/>(+18 for winning)\n|l|\u2606Emirnent\n|player|p2|\n|l| kenele\n|l| Claarity\n","uploadtime":1736720218,"views":41,"formatid":"gen9vgc2025regg","rating":1550,"private":0,"password":null}