{"id":"gen9vgc2025regg-2279649186","format":"[Gen 9] VGC 2025 Reg G","players":["araf zaman","mtshushushushu"],"log":"|j|\u2606araf zaman\n|j|\u2606mtshushushushu\n|t:|1736687623\n|gametype|doubles\n|player|p1|araf zaman|2|1568\n|player|p2|mtshushushushu|169|1625\n|teamsize|p1|6\n|teamsize|p2|6\n|gen|9\n|tier|[Gen 9] VGC 2025 Reg G\n|rated|\n|rule|Species Clause: Limit one of each Pok\u00e9mon\n|rule|Item Clause: Limit 1 of each item\n|clearpoke\n|poke|p1|Rillaboom, L50, F|\n|poke|p1|Urshifu-*, L50, F|\n|poke|p1|Pelipper, L50, M|\n|poke|p1|Chien-Pao, L50|\n|poke|p1|Landorus, L50, M|\n|poke|p1|Zamazenta-*, L50|\n|poke|p2|Koraidon, L50|\n|poke|p2|Indeedee-F, L50, F|\n|poke|p2|Armarouge, L50, F|\n|poke|p2|Flutter Mane, L50|\n|poke|p2|Raging Bolt, L50|\n|poke|p2|Urshifu-*, L50, F|\n|teampreview|4\n|j| shigeru_old\n|l| shigeru_old\n|\n|t:|1736687671\n|start\n|switch|p1a: Zamazenta|Zamazenta-Crowned, L50|100\/100\n|switch|p1b: Urshifu|Urshifu-Rapid-Strike, L50, F|100\/100\n|switch|p2a: Indeedee|Indeedee-F, L50, F|100\/100\n|switch|p2b: Flutter Mane|Flutter Mane, L50|100\/100\n|-ability|p1a: Zamazenta|Dauntless Shield|boost\n|-boost|p1a: Zamazenta|def|1\n|-fieldstart|move: Psychic Terrain|[from] ability: Psychic Surge|[of] p2a: Indeedee\n|turn|1\n|j| imstuckat1300\n|\n|t:|1736687695\n|switch|p1b: Rillaboom|Rillaboom, L50, F|100\/100\n|-fieldstart|move: Grassy Terrain|[from] ability: Grassy Surge|[of] p1b: Rillaboom\n|move|p2a: Indeedee|Follow Me|p2a: Indeedee\n|-singleturn|p2a: Indeedee|move: Follow Me\n|move|p2b: Flutter Mane|Moonblast|p1b: Rillaboom\n|-damage|p1b: Rillaboom|46\/100\n|move|p1a: Zamazenta|Heavy Slam|p2a: Indeedee\n|-damage|p2a: Indeedee|56\/100\n|\n|-heal|p1b: Rillaboom|52\/100|[from] Grassy Terrain\n|-heal|p2a: Indeedee|63\/100|[from] Grassy Terrain\n|upkeep\n|turn|2\n|inactive|Battle timer is ON: inactive players will automatically lose when time's up. (requested by araf zaman)\n|\n|t:|1736687724\n|move|p2a: Indeedee|Helping Hand|p2b: Flutter Mane\n|-singleturn|p2b: Flutter Mane|Helping Hand|[of] p2a: Indeedee\n|move|p1b: Rillaboom|Fake Out|p2a: Indeedee\n|-damage|p2a: Indeedee|49\/100\n|move|p2b: Flutter Mane|Moonblast|p1a: Zamazenta\n|-damage|p1a: Zamazenta|14\/100\n|move|p1a: Zamazenta|Heavy Slam|p2b: Flutter Mane\n|-supereffective|p2b: Flutter Mane\n|-damage|p2b: Flutter Mane|0 fnt\n|faint|p2b: Flutter Mane\n|-end|p2b: Flutter Mane|Protosynthesis|[silent]\n|\n|-heal|p1a: Zamazenta|20\/100|[from] Grassy Terrain\n|-heal|p1b: Rillaboom|58\/100|[from] Grassy Terrain\n|-heal|p2a: Indeedee|55\/100|[from] Grassy Terrain\n|upkeep\n|\n|t:|1736687740\n|switch|p2b: Koraidon|Koraidon, L50|100\/100\n|-weather|SunnyDay|[from] ability: Orichalcum Pulse|[of] p2b: Koraidon\n|-activate|p2b: Koraidon|Orichalcum Pulse|[source]\n|turn|3\n|\n|t:|1736687755\n|-terastallize|p2b: Koraidon|Fire\n|-terastallize|p1b: Rillaboom|Fire\n|move|p2a: Indeedee|Follow Me|p2a: Indeedee\n|-singleturn|p2a: Indeedee|move: Follow Me\n|move|p2b: Koraidon|Flame Charge|p1a: Zamazenta\n|-supereffective|p1a: Zamazenta\n|-damage|p1a: Zamazenta|0 fnt\n|-boost|p2b: Koraidon|spe|1\n|faint|p1a: Zamazenta\n|move|p1b: Rillaboom|U-turn|p2a: Indeedee\n|-supereffective|p2a: Indeedee\n|-damage|p2a: Indeedee|12\/100\n|\n|t:|1736687765\n|switch|p1b: Pelipper|Pelipper, L50, M|100\/100|[from] U-turn\n|-weather|RainDance|[from] ability: Drizzle|[of] p1b: Pelipper\n|\n|-weather|RainDance|[upkeep]\n|-heal|p2a: Indeedee|19\/100|[from] Grassy Terrain\n|upkeep\n|\n|t:|1736687773\n|switch|p1a: Rillaboom|Rillaboom, L50, F, tera:Fire|58\/100\n|turn|4\n|\n|t:|1736687790\n|move|p2a: Indeedee|Helping Hand|p2b: Koraidon\n|-singleturn|p2b: Koraidon|Helping Hand|[of] p2a: Indeedee\n|move|p1a: Rillaboom|Fake Out|p2b: Koraidon\n|-damage|p2b: Koraidon|87\/100\n|cant|p2b: Koraidon|flinch\n|move|p1b: Pelipper|Tailwind|p1b: Pelipper\n|-sidestart|p1: araf zaman|move: Tailwind\n|\n|-weather|RainDance|[upkeep]\n|-heal|p2b: Koraidon|94\/100|[from] Grassy Terrain\n|-heal|p1a: Rillaboom|64\/100|[from] Grassy Terrain\n|-heal|p2a: Indeedee|25\/100|[from] Grassy Terrain\n|upkeep\n|turn|5\n|\n|t:|1736687807\n|move|p2a: Indeedee|Helping Hand|p2b: Koraidon\n|-singleturn|p2b: Koraidon|Helping Hand|[of] p2a: Indeedee\n|move|p1a: Rillaboom|Grassy Glide|p2a: Indeedee\n|-damage|p2a: Indeedee|0 fnt\n|faint|p2a: Indeedee\n|move|p2b: Koraidon|Collision Course|p1a: Rillaboom\n|-damage|p1a: Rillaboom|0 fnt\n|faint|p1a: Rillaboom\n|move|p1b: Pelipper|Weather Ball|p2b: Koraidon\n|-supereffective|p2b: Koraidon\n|-damage|p2b: Koraidon|0 fnt\n|faint|p2b: Koraidon\n|\n|-weather|RainDance|[upkeep]\n|-fieldend|move: Grassy Terrain\n|upkeep\n|\n|t:|1736687822\n|switch|p2b: Raging Bolt|Raging Bolt, L50|100\/100\n|switch|p1a: Urshifu|Urshifu-Rapid-Strike, L50, F|100\/100\n|turn|6\n|\n|t:|1736687830\n|move|p2b: Raging Bolt|Thunderclap|p1a: Urshifu\n|-supereffective|p1a: Urshifu\n|-damage|p1a: Urshifu|0 fnt\n|faint|p1a: Urshifu\n|move|p1b: Pelipper|Hurricane|p2b: Raging Bolt\n|-resisted|p2b: Raging Bolt\n|-damage|p2b: Raging Bolt|86\/100\n|-start|p2b: Raging Bolt|confusion\n|\n|-weather|RainDance|[upkeep]\n|upkeep\n|turn|7\n|-message|araf zaman forfeited.\n|\n|win|mtshushushushu\n|raw|araf zaman's rating: 1568 &rarr; <strong>1551<\/strong><br \/>(-17 for losing)\n|raw|mtshushushushu's rating: 1625 &rarr; <strong>1642<\/strong><br \/>(+17 for winning)\n|l|\u2606araf zaman\n|player|p1|\n|l|\u2606mtshushushushu\n|player|p2|\n|l| imstuckat1300\n","uploadtime":1736688059,"views":72,"formatid":"gen9vgc2025regg","rating":1551,"private":0,"password":null}