{"id":"gen9vgc2025regg-2279904403","format":"[Gen 9] VGC 2025 Reg G","players":["Elvegis1","snease me"],"log":"|j|\u2606Elvegis1\n|j|\u2606snease me\n|t:|1736721003\n|gametype|doubles\n|player|p1|Elvegis1|lucas|1577\n|player|p2|snease me|swimmer-gen4dp|1504\n|teamsize|p1|6\n|teamsize|p2|6\n|gen|9\n|tier|[Gen 9] VGC 2025 Reg G\n|rated|\n|rule|Species Clause: Limit one of each Pok\u00e9mon\n|rule|Item Clause: Limit 1 of each item\n|clearpoke\n|poke|p1|Incineroar, L50, F|\n|poke|p1|Amoonguss, L50, F|\n|poke|p1|Grimmsnarl, L50, M|\n|poke|p1|Iron Hands, L50|\n|poke|p1|Ogerpon-Wellspring, L50, F|\n|poke|p1|Terapagos, L50, M|\n|poke|p2|Entei, L50|\n|poke|p2|Chien-Pao, L50|\n|poke|p2|Miraidon, L50|\n|poke|p2|Ogerpon-Wellspring, L50, F|\n|poke|p2|Iron Valiant, L50|\n|poke|p2|Amoonguss, L50, M|\n|teampreview|4\n|inactive|Battle timer is ON: inactive players will automatically lose when time's up. (requested by Elvegis1)\n|inactive|Elvegis1 has 60 seconds left.\n|\n|t:|1736721065\n|start\n|switch|p1a: Iron Hands|Iron Hands, L50|100\/100\n|switch|p1b: Grimmsnarl|Grimmsnarl, L50, M|100\/100\n|switch|p2a: Iron Valiant|Iron Valiant, L50|100\/100\n|switch|p2b: Miraidon|Miraidon, L50|100\/100\n|-fieldstart|move: Electric Terrain|[from] ability: Hadron Engine|[of] p2b: Miraidon\n|-activate|p2a: Iron Valiant|ability: Quark Drive\n|-start|p2a: Iron Valiant|quarkdrivespe\n|-activate|p1a: Iron Hands|ability: Quark Drive\n|-start|p1a: Iron Hands|quarkdriveatk\n|turn|1\n|\n|t:|1736721087\n|move|p1a: Iron Hands|Fake Out|p2b: Miraidon\n|-damage|p2b: Miraidon|82\/100\n|move|p2a: Iron Valiant|Coaching|p2b: Miraidon\n|-boost|p2b: Miraidon|atk|1\n|-boost|p2b: Miraidon|def|1\n|cant|p2b: Miraidon|flinch\n|move|p1b: Grimmsnarl|Spirit Break|p2a: Iron Valiant\n|-supereffective|p2a: Iron Valiant\n|-damage|p2a: Iron Valiant|35\/100\n|\n|-heal|p2b: Miraidon|88\/100|[from] item: Leftovers\n|upkeep\n|turn|2\n|\n|t:|1736721112\n|move|p1b: Grimmsnarl|Light Screen|p1b: Grimmsnarl\n|-sidestart|p1: Elvegis1|move: Light Screen\n|move|p2a: Iron Valiant|Encore|p1a: Iron Hands\n|-start|p1a: Iron Hands|Encore\n|move|p2b: Miraidon|Calm Mind|p2b: Miraidon\n|-boost|p2b: Miraidon|spa|1\n|-boost|p2b: Miraidon|spd|1\n|move|p1a: Iron Hands|Fake Out||[still]\n|-hint|Fake Out only works on your first turn out.\n|-fail|p1a: Iron Hands\n|\n|-heal|p2b: Miraidon|94\/100|[from] item: Leftovers\n|upkeep\n|turn|3\n|\n|t:|1736721130\n|-end|p1a: Iron Hands|Quark Drive|[silent]\n|switch|p1a: Terapagos|Terapagos, L50, M|100\/100\n|-activate|p1a: Terapagos|ability: Tera Shift\n|detailschange|p1a: Terapagos|Terapagos-Terastal, L50, M\n|-heal|p1a: Terapagos|100\/100|[silent]\n|move|p1b: Grimmsnarl|Reflect|p1b: Grimmsnarl\n|-sidestart|p1: Elvegis1|Reflect\n|move|p2a: Iron Valiant|Spirit Break|p1a: Terapagos\n|-activate|p1a: Terapagos|ability: Tera Shell\n|-resisted|p1a: Terapagos\n|-damage|p1a: Terapagos|92\/100\n|-unboost|p1a: Terapagos|spa|1\n|move|p2b: Miraidon|Dazzling Gleam|p1a: Terapagos|[spread] p1a,p1b\n|-supereffective|p1b: Grimmsnarl\n|-damage|p1a: Terapagos|70\/100\n|-damage|p1b: Grimmsnarl|53\/100\n|\n|-heal|p2b: Miraidon|99\/100|[from] item: Leftovers\n|-heal|p1a: Terapagos|77\/100|[from] item: Leftovers\n|upkeep\n|turn|4\n|inactive|Elvegis1 has 30 seconds left.\n|inactive|snease me has 30 seconds left.\n|\n|t:|1736721163\n|move|p2a: Iron Valiant|Spirit Break|p1b: Grimmsnarl\n|-supereffective|p1b: Grimmsnarl\n|-damage|p1b: Grimmsnarl|7\/100\n|-unboost|p1b: Grimmsnarl|spa|1\n|move|p2b: Miraidon|Dazzling Gleam|p1a: Terapagos|[spread] p1a,p1b\n|-supereffective|p1b: Grimmsnarl\n|-damage|p1a: Terapagos|53\/100\n|-damage|p1b: Grimmsnarl|0 fnt\n|faint|p1b: Grimmsnarl\n|move|p1a: Terapagos|Calm Mind|p1a: Terapagos\n|-boost|p1a: Terapagos|spa|1\n|-boost|p1a: Terapagos|spd|1\n|\n|-heal|p2b: Miraidon|100\/100|[from] item: Leftovers\n|-heal|p1a: Terapagos|59\/100|[from] item: Leftovers\n|upkeep\n|\n|t:|1736721176\n|switch|p1b: Iron Hands|Iron Hands, L50|100\/100\n|-activate|p1b: Iron Hands|ability: Quark Drive\n|-start|p1b: Iron Hands|quarkdriveatk\n|turn|5\n|inactive|snease me has 30 seconds left.\n|\n|t:|1736721211\n|move|p1b: Iron Hands|Fake Out|p2a: Iron Valiant\n|-damage|p2a: Iron Valiant|14\/100\n|move|p2a: Iron Valiant|Spirit Break|p1a: Terapagos\n|-damage|p1a: Terapagos|38\/100\n|-unboost|p1a: Terapagos|spa|1\n|move|p2b: Miraidon|Calm Mind|p2b: Miraidon\n|-boost|p2b: Miraidon|spa|1\n|-boost|p2b: Miraidon|spd|1\n|move|p1a: Terapagos|Earth Power|p2b: Miraidon\n|-supereffective|p2b: Miraidon\n|-damage|p2b: Miraidon|84\/100\n|\n|-heal|p2b: Miraidon|90\/100|[from] item: Leftovers\n|-heal|p1a: Terapagos|44\/100|[from] item: Leftovers\n|-fieldend|move: Electric Terrain\n|-end|p2a: Iron Valiant|Quark Drive\n|-end|p1b: Iron Hands|Quark Drive\n|upkeep\n|turn|6\n|\n|t:|1736721229\n|move|p2b: Miraidon|Dazzling Gleam|p1b: Iron Hands|[spread] p1a,p1b\n|-supereffective|p1b: Iron Hands\n|-damage|p1a: Terapagos|27\/100\n|-damage|p1b: Iron Hands|71\/100\n|move|p2a: Iron Valiant|Spirit Break|p1b: Iron Hands\n|-supereffective|p1b: Iron Hands\n|-damage|p1b: Iron Hands|39\/100\n|-unboost|p1b: Iron Hands|spa|1\n|move|p1a: Terapagos|Calm Mind|p1a: Terapagos\n|-boost|p1a: Terapagos|spa|1\n|-boost|p1a: Terapagos|spd|1\n|move|p1b: Iron Hands|Drain Punch|p2a: Iron Valiant\n|-resisted|p2a: Iron Valiant\n|-damage|p2a: Iron Valiant|0 fnt\n|-heal|p1b: Iron Hands|44\/100|[from] drain|[of] p2a: Iron Valiant\n|faint|p2a: Iron Valiant\n|-end|p2a: Iron Valiant|Quark Drive|[silent]\n|\n|-heal|p2b: Miraidon|96\/100|[from] item: Leftovers\n|-heal|p1a: Terapagos|33\/100|[from] item: Leftovers\n|upkeep\n|\n|t:|1736721253\n|switch|p2a: Entei|Entei, L50|100\/100\n|turn|7\n|\n|t:|1736721276\n|move|p1a: Terapagos|Protect|p1a: Terapagos\n|-singleturn|p1a: Terapagos|Protect\n|move|p2b: Miraidon|Dazzling Gleam|p1b: Iron Hands|[spread] p1b\n|-activate|p1a: Terapagos|move: Protect\n|-supereffective|p1b: Iron Hands\n|-damage|p1b: Iron Hands|15\/100\n|move|p2a: Entei|Flare Blitz|p1b: Iron Hands\n|-damage|p1b: Iron Hands|0 fnt\n|faint|p1b: Iron Hands\n|-end|p1b: Iron Hands|Quark Drive|[silent]\n|-damage|p2a: Entei|95\/100|[from] Recoil\n|\n|-heal|p2b: Miraidon|100\/100|[from] item: Leftovers\n|-heal|p1a: Terapagos|40\/100|[from] item: Leftovers\n|upkeep\n|\n|t:|1736721297\n|switch|p1b: Amoonguss|Amoonguss, L50, F|100\/100\n|turn|8\n|\n|t:|1736721314\n|-terastallize|p1b: Amoonguss|Water\n|move|p2b: Miraidon|Electro Drift|p1b: Amoonguss\n|-supereffective|p1b: Amoonguss\n|-damage|p1b: Amoonguss|0 fnt\n|-damage|p2b: Miraidon|84\/100|[from] item: Rocky Helmet|[of] p1b: Amoonguss\n|faint|p1b: Amoonguss\n|move|p2a: Entei|Flare Blitz|p1a: Terapagos\n|-damage|p1a: Terapagos|0 fnt\n|faint|p1a: Terapagos\n|-damage|p2a: Entei|84\/100|[from] Recoil\n|\n|win|snease me\n|raw|Elvegis1's rating: 1577 &rarr; <strong>1553<\/strong><br \/>(-24 for losing)\n|raw|snease me's rating: 1504 &rarr; <strong>1528<\/strong><br \/>(+24 for winning)\n|l|\u2606snease me\n|player|p2|\n|l|\u2606Elvegis1\n|player|p1|\n","uploadtime":1736721471,"views":10,"formatid":"gen9vgc2025regg","rating":1528,"private":0,"password":null}