{"id":"gen9vgc2025regg-2279912724","format":"[Gen 9] VGC 2025 Reg G","players":["Squ1dge_","Elvegis1"],"log":"|j|\u2606Squ1dge_\n|j|\u2606Elvegis1\n|t:|1736722056\n|gametype|doubles\n|player|p1|Squ1dge_|265|1564\n|player|p2|Elvegis1|lucas|1553\n|teamsize|p1|6\n|teamsize|p2|6\n|gen|9\n|tier|[Gen 9] VGC 2025 Reg G\n|rated|\n|rule|Species Clause: Limit one of each Pok\u00e9mon\n|rule|Item Clause: Limit 1 of each item\n|clearpoke\n|poke|p1|Farigiraf, L50, F|\n|poke|p1|Regieleki, L50|\n|poke|p1|Landorus, L50, M|\n|poke|p1|Ogerpon-Cornerstone, L50, F|\n|poke|p1|Urshifu-*, L50, F|\n|poke|p1|Calyrex-Ice, L50|\n|poke|p2|Incineroar, L50, F|\n|poke|p2|Amoonguss, L50, M|\n|poke|p2|Grimmsnarl, L50, M|\n|poke|p2|Iron Hands, L50|\n|poke|p2|Ogerpon-Cornerstone, L50, F|\n|poke|p2|Terapagos, L50, M|\n|teampreview|4\n|inactive|Battle timer is ON: inactive players will automatically lose when time's up. (requested by Squ1dge_)\n|inactive|Squ1dge_ has 60 seconds left.\n|inactive|Elvegis1 has 60 seconds left.\n|\n|t:|1736722094\n|start\n|switch|p1a: Regieleki|Regieleki, L50|100\/100\n|switch|p1b: Landorus|Landorus, L50, M|100\/100\n|switch|p2a: Iron Hands|Iron Hands, L50|100\/100\n|switch|p2b: Grimmsnarl|Grimmsnarl, L50, M|100\/100\n|turn|1\n|\n|t:|1736722118\n|-terastallize|p1b: Landorus|Poison\n|move|p2a: Iron Hands|Fake Out|p1a: Regieleki\n|-damage|p1a: Regieleki|69\/100\n|move|p2b: Grimmsnarl|Light Screen|p2b: Grimmsnarl\n|-sidestart|p2: Elvegis1|move: Light Screen\n|cant|p1a: Regieleki|flinch\n|move|p1b: Landorus|Sludge Bomb|p2b: Grimmsnarl\n|-supereffective|p2b: Grimmsnarl\n|-damage|p2b: Grimmsnarl|11\/100\n|\n|upkeep\n|turn|2\n|\n|t:|1736722139\n|move|p2b: Grimmsnarl|Reflect|p2b: Grimmsnarl\n|-sidestart|p2: Elvegis1|Reflect\n|move|p1a: Regieleki|Volt Switch|p2b: Grimmsnarl\n|-damage|p2b: Grimmsnarl|0 fnt\n|faint|p2b: Grimmsnarl\n|\n|t:|1736722145\n|switch|p1a: Calyrex|Calyrex-Ice, L50|100\/100|[from] Volt Switch\n|-ability|p1a: Calyrex|As One\n|-ability|p1a: Calyrex|Unnerve\n|move|p1b: Landorus|Earth Power|p2a: Iron Hands\n|-supereffective|p2a: Iron Hands\n|-damage|p2a: Iron Hands|45\/100\n|move|p2a: Iron Hands|Drain Punch|p1a: Calyrex\n|-damage|p1a: Calyrex|72\/100\n|-heal|p2a: Iron Hands|58\/100|[from] drain|[of] p1a: Calyrex\n|\n|upkeep\n|\n|t:|1736722158\n|switch|p2b: Terapagos|Terapagos, L50, M|100\/100\n|-activate|p2b: Terapagos|ability: Tera Shift\n|detailschange|p2b: Terapagos|Terapagos-Terastal, L50, M\n|-heal|p2b: Terapagos|100\/100|[silent]\n|turn|3\n|inactive|Squ1dge_ has 30 seconds left.\n|\n|t:|1736722186\n|-terastallize|p2b: Terapagos|Stellar\n|detailschange|p2b: Terapagos|Terapagos-Stellar, L50, M, tera:Stellar\n|-heal|p2b: Terapagos|100\/100|[silent]\n|move|p1b: Landorus|Earth Power|p2a: Iron Hands\n|-supereffective|p2a: Iron Hands\n|-damage|p2a: Iron Hands|8\/100\n|move|p2b: Terapagos|Tera Starstorm|p1b: Landorus|[spread] p1a,p1b\n|-supereffective|p1b: Landorus\n|-damage|p1a: Calyrex|46\/100\n|-damage|p1b: Landorus|0 fnt\n|faint|p1b: Landorus\n|move|p1a: Calyrex|Glacial Lance|p2b: Terapagos|[spread] p2a,p2b\n|-damage|p2a: Iron Hands|0 fnt\n|-damage|p2b: Terapagos|77\/100\n|faint|p2a: Iron Hands\n|-end|p2a: Iron Hands|Quark Drive|[silent]\n|-ability|p1a: Calyrex|Chilling Neigh|boost\n|-boost|p1a: Calyrex|atk|1\n|\n|-heal|p2b: Terapagos|83\/100|[from] item: Leftovers\n|upkeep\n|\n|t:|1736722206\n|switch|p1b: Regieleki|Regieleki, L50|69\/100\n|switch|p2a: Amoonguss|Amoonguss, L50, M|100\/100\n|turn|4\n|\n|t:|1736722223\n|move|p2a: Amoonguss|Protect|p2a: Amoonguss\n|-singleturn|p2a: Amoonguss|Protect\n|move|p1b: Regieleki|Electroweb|p2b: Terapagos|[spread] p2b\n|-activate|p2a: Amoonguss|move: Protect\n|-damage|p2b: Terapagos|72\/100\n|-unboost|p2b: Terapagos|spe|1\n|move|p1a: Calyrex|Glacial Lance|p2b: Terapagos|[spread] p2b\n|-activate|p2a: Amoonguss|move: Protect\n|-damage|p2b: Terapagos|36\/100\n|move|p2b: Terapagos|Calm Mind|p2b: Terapagos\n|-boost|p2b: Terapagos|spa|1\n|-boost|p2b: Terapagos|spd|1\n|\n|-heal|p2b: Terapagos|42\/100|[from] item: Leftovers\n|upkeep\n|turn|5\n|\n|t:|1736722242\n|move|p2a: Amoonguss|Protect||[still]\n|-fail|p2a: Amoonguss\n|move|p1b: Regieleki|Electroweb|p2a: Amoonguss|[spread] p2a,p2b\n|-resisted|p2a: Amoonguss\n|-damage|p2a: Amoonguss|93\/100\n|-damage|p2b: Terapagos|34\/100\n|-unboost|p2a: Amoonguss|spe|1\n|-unboost|p2b: Terapagos|spe|1\n|move|p1a: Calyrex|Glacial Lance|p2b: Terapagos|[spread] p2a,p2b\n|-supereffective|p2a: Amoonguss\n|-damage|p2a: Amoonguss|8\/100\n|-damage|p2b: Terapagos|0 fnt\n|faint|p2b: Terapagos\n|-ability|p1a: Calyrex|Chilling Neigh|boost\n|-boost|p1a: Calyrex|atk|1\n|\n|upkeep\n|turn|6\n|-message|Elvegis1 forfeited.\n|\n|win|Squ1dge_\n|raw|Squ1dge_'s rating: 1564 &rarr; <strong>1583<\/strong><br \/>(+19 for winning)\n|raw|Elvegis1's rating: 1553 &rarr; <strong>1534<\/strong><br \/>(-19 for losing)\n|l|\u2606Elvegis1\n|player|p2|\n|l|\u2606Squ1dge_\n|player|p1|\n","uploadtime":1736722445,"views":27,"formatid":"gen9vgc2025regg","rating":1534,"private":0,"password":null}