{"id":"gen9vgc2025regg-2279203048","format":"[Gen 9] VGC 2025 Reg G","players":["cobalt_poke","zhz2021"],"log":"|j|\u2606cobalt_poke\n|j|\u2606zhz2021\n|t:|1736616575\n|gametype|doubles\n|player|p1|cobalt_poke|101|1558\n|player|p2|zhz2021|marley|1542\n|teamsize|p1|6\n|teamsize|p2|6\n|gen|9\n|tier|[Gen 9] VGC 2025 Reg G\n|rated|\n|rule|Species Clause: Limit one of each Pok\u00e9mon\n|rule|Item Clause: Limit 1 of each item\n|clearpoke\n|poke|p1|Weezing-Galar, L50, M|\n|poke|p1|Calyrex-Shadow, L50|\n|poke|p1|Dondozo, L50, F|\n|poke|p1|Tatsugiri, L50, M|\n|poke|p1|Incineroar, L50, F|\n|poke|p1|Azumarill, L50, M|\n|poke|p2|Whimsicott, L50, M|\n|poke|p2|Weezing-Galar, L50, F|\n|poke|p2|Brambleghast, L50, F|\n|poke|p2|Raging Bolt, L50|\n|poke|p2|Koraidon, L50|\n|poke|p2|Bronzong, L50|\n|teampreview|4\n|j| aki_alolaemi\n|j| mpudi\n|\n|t:|1736616588\n|start\n|switch|p1a: Weezing|Weezing-Galar, L50, M|100\/100\n|switch|p1b: Calyrex|Calyrex-Shadow, L50|100\/100\n|switch|p2a: Whimsicott|Whimsicott, L50, M|100\/100\n|switch|p2b: Weezing|Weezing-Galar, L50, F|100\/100\n|-ability|p1b: Calyrex|As One\n|-ability|p1b: Calyrex|Unnerve\n|-ability|p2b: Weezing|Neutralizing Gas\n|-block|p2a: Whimsicott|item: Ability Shield\n|-ability|p1a: Weezing|Neutralizing Gas\n|-block|p2a: Whimsicott|item: Ability Shield\n|turn|1\n|\n|t:|1736616600\n|move|p2a: Whimsicott|Tailwind|p2a: Whimsicott\n|-sidestart|p2: zhz2021|move: Tailwind\n|move|p2b: Weezing|Assurance|p1b: Calyrex\n|-supereffective|p1b: Calyrex\n|-damage|p1b: Calyrex|0 fnt\n|faint|p1b: Calyrex\n|-damage|p2b: Weezing|90\/100|[from] item: Life Orb\n|move|p1a: Weezing|Toxic Spikes|p2b: Weezing\n|-sidestart|p2: zhz2021|move: Toxic Spikes\n|\n|upkeep\n|\n|t:|1736616610\n|switch|p1b: Dondozo|Dondozo, L50, F|100\/100\n|turn|2\n|\n|t:|1736616632\n|switch|p1a: Tatsugiri|Tatsugiri, L50, M|100\/100\n|move|p2a: Whimsicott|Encore||[still]\n|-fail|p2a: Whimsicott\n|move|p2b: Weezing|Gunk Shot|p1b: Dondozo\n|-damage|p1b: Dondozo|57\/100\n|-damage|p2b: Weezing|80\/100|[from] item: Life Orb\n|move|p1b: Dondozo|Earthquake|p2b: Weezing|[spread] p1a,p2a,p2b\n|-resisted|p2a: Whimsicott\n|-supereffective|p2b: Weezing\n|-damage|p1a: Tatsugiri|60\/100\n|-damage|p2a: Whimsicott|88\/100\n|-damage|p2b: Weezing|30\/100\n|\n|-heal|p1b: Dondozo|63\/100|[from] item: Leftovers\n|upkeep\n|turn|3\n|\n|t:|1736616644\n|move|p2b: Weezing|Protect|p2b: Weezing\n|-singleturn|p2b: Weezing|Protect\n|move|p1a: Tatsugiri|Protect|p1a: Tatsugiri\n|-singleturn|p1a: Tatsugiri|Protect\n|move|p2a: Whimsicott|Moonblast|p1a: Tatsugiri\n|-activate|p1a: Tatsugiri|move: Protect\n|move|p1b: Dondozo|Earthquake|p2b: Weezing|[spread] p2a\n|-activate|p1a: Tatsugiri|move: Protect\n|-activate|p2b: Weezing|move: Protect\n|-resisted|p2a: Whimsicott\n|-damage|p2a: Whimsicott|75\/100\n|\n|-heal|p1b: Dondozo|69\/100|[from] item: Leftovers\n|upkeep\n|turn|4\n|inactive|Battle timer is ON: inactive players will automatically lose when time's up. (requested by cobalt_poke)\n|\n|t:|1736616668\n|switch|p1a: Weezing|Weezing-Galar, L50, M|100\/100\n|-ability|p1a: Weezing|Neutralizing Gas\n|-block|p2a: Whimsicott|item: Ability Shield\n|move|p2a: Whimsicott|Moonblast|p1a: Weezing\n|-resisted|p1a: Weezing\n|-damage|p1a: Weezing|88\/100\n|-unboost|p1a: Weezing|spa|1\n|move|p2b: Weezing|Gunk Shot|p1b: Dondozo\n|-damage|p1b: Dondozo|28\/100\n|-damage|p2b: Weezing|20\/100|[from] item: Life Orb\n|move|p1b: Dondozo|Wave Crash|p2b: Weezing\n|-damage|p2b: Weezing|0 fnt\n|faint|p2b: Weezing\n|-damage|p1b: Dondozo|25\/100|[from] Recoil\n|\n|-heal|p1b: Dondozo|31\/100|[from] item: Leftovers\n|-sideend|p2: zhz2021|move: Tailwind\n|upkeep\n|\n|t:|1736616673\n|switch|p2b: Raging Bolt|Raging Bolt, L50|100\/100\n|-status|p2b: Raging Bolt|psn\n|turn|5\n|\n|t:|1736616683\n|-end|p1a: Weezing|ability: Neutralizing Gas\n|switch|p1a: Tatsugiri|Tatsugiri, L50, M|60\/100\n|-activate|p1a: Tatsugiri|ability: Commander|[of] p1b: Dondozo\n|-boost|p1b: Dondozo|atk|2\n|-boost|p1b: Dondozo|spa|2\n|-boost|p1b: Dondozo|spe|2\n|-boost|p1b: Dondozo|def|2\n|-boost|p1b: Dondozo|spd|2\n|-terastallize|p2b: Raging Bolt|Electric\n|-terastallize|p1b: Dondozo|Grass\n|move|p2a: Whimsicott|Tailwind|p2a: Whimsicott\n|-sidestart|p2: zhz2021|move: Tailwind\n|move|p2b: Raging Bolt|Thunderbolt|p1b: Dondozo\n|-resisted|p1b: Dondozo\n|-damage|p1b: Dondozo|4\/100\n|move|p1b: Dondozo|Order Up|p2b: Raging Bolt\n|-damage|p2b: Raging Bolt|61\/100 psn\n|-boost|p1b: Dondozo|atk|1\n|\n|-heal|p1b: Dondozo|11\/100|[from] item: Leftovers\n|-damage|p2b: Raging Bolt|49\/100 psn|[from] psn\n|upkeep\n|turn|6\n|\n|t:|1736616702\n|switch|p2a: Koraidon|Koraidon, L50|100\/100\n|-status|p2a: Koraidon|psn\n|-weather|SunnyDay|[from] ability: Orichalcum Pulse|[of] p2a: Koraidon\n|-activate|p2b: Raging Bolt|ability: Protosynthesis\n|-start|p2b: Raging Bolt|protosynthesisspa\n|-activate|p2a: Koraidon|Orichalcum Pulse|[source]\n|move|p1b: Dondozo|Protect|p1b: Dondozo\n|-singleturn|p1b: Dondozo|Protect\n|move|p2b: Raging Bolt|Thunderbolt|p1b: Dondozo\n|-activate|p1b: Dondozo|move: Protect\n|\n|-weather|SunnyDay|[upkeep]\n|-heal|p1b: Dondozo|17\/100|[from] item: Leftovers\n|-damage|p2a: Koraidon|88\/100 psn|[from] psn\n|-damage|p2b: Raging Bolt|36\/100 psn|[from] psn\n|upkeep\n|turn|7\n|inactive|zhz2021 has 30 seconds left.\n|\n|t:|1736616727\n|move|p2a: Koraidon|Flame Charge|p1b: Dondozo\n|-supereffective|p1b: Dondozo\n|-damage|p1b: Dondozo|0 fnt\n|-boost|p2a: Koraidon|spe|1\n|faint|p1b: Dondozo\n|move|p2b: Raging Bolt|Thunderbolt|p1a: Tatsugiri\n|-damage|p1a: Tatsugiri|0 fnt\n|faint|p1a: Tatsugiri\n|\n|-weather|SunnyDay|[upkeep]\n|-damage|p2a: Koraidon|75\/100 psn|[from] psn\n|-damage|p2b: Raging Bolt|24\/100 psn|[from] psn\n|upkeep\n|-message|cobalt_poke forfeited.\n|\n|win|zhz2021\n|raw|cobalt_poke's rating: 1558 &rarr; <strong>1538<\/strong><br \/>(-20 for losing)\n|raw|zhz2021's rating: 1558 &rarr; <strong>1578<\/strong><br \/>(+20 for winning)\n|l|\u2606cobalt_poke\n|player|p1|\n|l|\u2606zhz2021\n|player|p2|\n|l| mpudi\n","uploadtime":1736616877,"views":7,"formatid":"gen9vgc2025regg","rating":1538,"private":0,"password":null}