{"id":"gen9vgc2025regg-2279831977","format":"[Gen 9] VGC 2025 Reg G","players":["Zyros Phade","longhq"],"log":"|j|\u2606Zyros Phade\n|j|\u203dlonghq\n|t:|1736712280\n|gametype|doubles\n|player|p1|Zyros Phade|265|1618\n|player|p2|longhq|dawn|1568\n|teamsize|p1|6\n|teamsize|p2|6\n|gen|9\n|tier|[Gen 9] VGC 2025 Reg G\n|rated|\n|rule|Species Clause: Limit one of each Pok\u00e9mon\n|rule|Item Clause: Limit 1 of each item\n|clearpoke\n|poke|p1|Urshifu-*, L50, F|\n|poke|p1|Kyogre, L50|\n|poke|p1|Iron Hands, L50|\n|poke|p1|Baxcalibur, L50, F|\n|poke|p1|Indeedee-F, L50, F|\n|poke|p1|Murkrow, L50, F|\n|poke|p2|Miraidon, L50|\n|poke|p2|Iron Hands, L50|\n|poke|p2|Smeargle, L50, F|\n|poke|p2|Tornadus, L50, M|\n|poke|p2|Ogerpon-Hearthflame, L50, F|\n|poke|p2|Farigiraf, L50, F|\n|teampreview|4\n|inactive|Battle timer is ON: inactive players will automatically lose when time's up. (requested by Zyros Phade)\n|\n|t:|1736712315\n|start\n|switch|p1a: Indeedee|Indeedee-F, L50, F|100\/100\n|switch|p1b: Baxcalibur|Baxcalibur, L50, F|100\/100\n|switch|p2a: Smeargle|Smeargle, L50, F|100\/100\n|switch|p2b: Tornadus|Tornadus, L50, M|100\/100\n|-fieldstart|move: Psychic Terrain|[from] ability: Psychic Surge|[of] p1a: Indeedee\n|turn|1\n|j| PoggibonsiCity\n|inactive|longhq has 30 seconds left.\n|\n|t:|1736712342\n|switch|p2b: Iron Hands|Iron Hands, L50|100\/100\n|move|p1b: Baxcalibur|Icicle Spear|p2a: Smeargle\n|-damage|p2a: Smeargle|68\/100\n|-damage|p2a: Smeargle|34\/100\n|-damage|p2a: Smeargle|1\/100\n|-damage|p2a: Smeargle|0 fnt\n|faint|p2a: Smeargle\n|-hitcount|p2: Smeargle|4\n|move|p1a: Indeedee|Trick Room|p1a: Indeedee\n|-fieldstart|move: Trick Room|[of] p1a: Indeedee\n|\n|upkeep\n|\n|t:|1736712358\n|switch|p2a: Miraidon|Miraidon, L50|100\/100\n|-fieldstart|move: Electric Terrain|[from] ability: Hadron Engine|[of] p2a: Miraidon\n|-activate|p2b: Iron Hands|ability: Quark Drive\n|-start|p2b: Iron Hands|quarkdriveatk\n|turn|2\n|inactive|longhq has 30 seconds left.\n|\n|t:|1736712384\n|switch|p1a: Murkrow|Murkrow, L50, F|100\/100\n|move|p1b: Baxcalibur|Protect|p1b: Baxcalibur\n|-singleturn|p1b: Baxcalibur|Protect\n|move|p2b: Iron Hands|Fake Out|p1b: Baxcalibur\n|-activate|p1b: Baxcalibur|move: Protect\n|move|p2a: Miraidon|Volt Switch|p1a: Murkrow\n|-supereffective|p1a: Murkrow\n|-enditem|p1a: Murkrow|Focus Sash\n|-damage|p1a: Murkrow|1\/100\n|j| Therazer456\n|\n|t:|1736712396\n|switch|p2a: Tornadus|Tornadus, L50, M|100\/100|[from] Volt Switch\n|\n|upkeep\n|turn|3\n|\n|t:|1736712411\n|-terastallize|p1b: Baxcalibur|Poison\n|move|p2a: Tornadus|Protect|p2a: Tornadus\n|-singleturn|p2a: Tornadus|Protect\n|move|p2b: Iron Hands|Low Kick|p1b: Baxcalibur\n|-resisted|p1b: Baxcalibur\n|-damage|p1b: Baxcalibur|54\/100\n|move|p1a: Murkrow|Hurricane|p2b: Iron Hands\n|-damage|p2b: Iron Hands|74\/100\n|move|p1b: Baxcalibur|Icicle Spear|p2a: Tornadus\n|-activate|p2a: Tornadus|move: Protect\n|\n|upkeep\n|turn|4\n|inactive|longhq has 30 seconds left.\n|j| imstuckat1300\n|inactive|longhq has 20 seconds left.\n|inactive|longhq has 15 seconds left.\n|\n|t:|1736712454\n|switch|p1a: Indeedee|Indeedee-F, L50, F|100\/100\n|-fieldstart|move: Psychic Terrain|[from] ability: Psychic Surge|[of] p1a: Indeedee\n|-end|p2b: Iron Hands|Quark Drive\n|move|p1b: Baxcalibur|Protect|p1b: Baxcalibur\n|-singleturn|p1b: Baxcalibur|Protect\n|move|p2b: Iron Hands|Wild Charge|p1b: Baxcalibur\n|-activate|p1b: Baxcalibur|move: Protect\n|move|p2a: Tornadus|Icy Wind|p1a: Indeedee|[spread] p1a\n|-activate|p1b: Baxcalibur|move: Protect\n|-damage|p1a: Indeedee|87\/100\n|-unboost|p1a: Indeedee|spe|1\n|\n|upkeep\n|turn|5\n|l| imstuckat1300\n|\n|t:|1736712475\n|switch|p1a: Murkrow|Murkrow, L50, F|1\/100\n|-terastallize|p2b: Iron Hands|Fire\n|move|p2a: Tornadus|Protect|p2a: Tornadus\n|-singleturn|p2a: Tornadus|Protect\n|move|p2b: Iron Hands|Drain Punch|p1a: Murkrow\n|-damage|p1a: Murkrow|0 fnt\n|-heal|p2b: Iron Hands|74\/100|[from] drain|[of] p1a: Murkrow\n|faint|p1a: Murkrow\n|move|p1b: Baxcalibur|Scale Shot|p2b: Iron Hands\n|-damage|p2b: Iron Hands|64\/100\n|-damage|p2b: Iron Hands|54\/100\n|-damage|p2b: Iron Hands|44\/100\n|-damage|p2b: Iron Hands|35\/100\n|-damage|p2b: Iron Hands|24\/100\n|-hitcount|p2b: Iron Hands|5\n|-unboost|p1b: Baxcalibur|def|1\n|-boost|p1b: Baxcalibur|spe|1\n|\n|-fieldend|move: Trick Room\n|upkeep\n|\n|t:|1736712488\n|switch|p1a: Kyogre|Kyogre, L50, shiny|100\/100\n|-weather|RainDance|[from] ability: Drizzle|[of] p1a: Kyogre\n|turn|6\n|inactive|longhq has 30 seconds left.\n|\n|t:|1736712521\n|move|p2a: Tornadus|Tailwind|p2a: Tornadus\n|-sidestart|p2: longhq|move: Tailwind\n|move|p1b: Baxcalibur|Scale Shot|p2a: Tornadus\n|-damage|p2a: Tornadus|82\/100\n|-damage|p2a: Tornadus|61\/100\n|-damage|p2a: Tornadus|44\/100\n|-enditem|p2a: Tornadus|Sitrus Berry|[eat]\n|-heal|p2a: Tornadus|69\/100|[from] item: Sitrus Berry\n|-damage|p2a: Tornadus|49\/100\n|-damage|p2a: Tornadus|30\/100\n|-hitcount|p2a: Tornadus|5\n|-unboost|p1b: Baxcalibur|def|1\n|-boost|p1b: Baxcalibur|spe|1\n|move|p1a: Kyogre|Water Spout|p2a: Tornadus|[spread] p2a,p2b\n|-supereffective|p2b: Iron Hands\n|-damage|p2a: Tornadus|0 fnt\n|-damage|p2b: Iron Hands|0 fnt\n|faint|p2a: Tornadus\n|faint|p2b: Iron Hands\n|-end|p2b: Iron Hands|Quark Drive|[silent]\n|\n|-weather|RainDance|[upkeep]\n|upkeep\n|\n|t:|1736712539\n|switch|p2b: Miraidon|Miraidon, L50|100\/100\n|-fieldstart|move: Electric Terrain|[from] ability: Hadron Engine|[of] p2b: Miraidon\n|turn|7\n|\n|t:|1736712548\n|move|p1b: Baxcalibur|Protect|p1b: Baxcalibur\n|-singleturn|p1b: Baxcalibur|Protect\n|move|p2b: Miraidon|Electro Drift|p1b: Baxcalibur\n|-activate|p1b: Baxcalibur|move: Protect\n|move|p1a: Kyogre|Water Spout|p2b: Miraidon\n|-resisted|p2b: Miraidon\n|-damage|p2b: Miraidon|8\/100\n|\n|-weather|RainDance|[upkeep]\n|upkeep\n|turn|8\n|-message|longhq forfeited.\n|\n|win|Zyros Phade\n|raw|Zyros Phade's rating: 1618 &rarr; <strong>1635<\/strong><br \/>(+17 for winning)\n|raw|longhq's rating: 1568 &rarr; <strong>1551<\/strong><br \/>(-17 for losing)\n|l|\u203dlonghq\n|player|p2|\n|l|\u2606Zyros Phade\n|player|p1|\n|l| Therazer456\n","uploadtime":1736712765,"views":16,"formatid":"gen9vgc2025regg","rating":1551,"private":0,"password":null}