{"id":"gen9vgc2025regg-2279093377","format":"[Gen 9] VGC 2025 Reg G","players":["sibylla_system","Mature Madness"],"log":"|j|\u2606sibylla_system\n|j|\u2606Mature Madness\n|t:|1736600937\n|gametype|doubles\n|player|p1|sibylla_system|101|1572\n|player|p2|Mature Madness|102|1565\n|teamsize|p1|6\n|teamsize|p2|6\n|gen|9\n|tier|[Gen 9] VGC 2025 Reg G\n|rated|\n|rule|Species Clause: Limit one of each Pok\u00e9mon\n|rule|Item Clause: Limit 1 of each item\n|clearpoke\n|poke|p1|Calyrex-Shadow, L50|\n|poke|p1|Raging Bolt, L50|\n|poke|p1|Urshifu-*, L50, M|\n|poke|p1|Incineroar, L50, M|\n|poke|p1|Rillaboom, L50, F|\n|poke|p1|Clefairy, L50, M|\n|poke|p2|Miraidon, L50|\n|poke|p2|Incineroar, L50, F|\n|poke|p2|Pelipper, L50, F|\n|poke|p2|Goodra-Hisui, L50, F|\n|poke|p2|Comfey, L50, F|\n|poke|p2|Urshifu-*, L50, M|\n|teampreview|4\n|inactive|Battle timer is ON: inactive players will automatically lose when time's up. (requested by Mature Madness)\n|\n|t:|1736600959\n|start\n|switch|p1a: Incineroar|Incineroar, L50, M|100\/100\n|switch|p1b: Rillaboom|Rillaboom, L50, F|100\/100\n|switch|p2a: Miraidon|Miraidon, L50|100\/100\n|switch|p2b: Incineroar|Incineroar, L50, F|100\/100\n|-fieldstart|move: Electric Terrain|[from] ability: Hadron Engine|[of] p2a: Miraidon\n|-enditem|p2a: Miraidon|Electric Seed\n|-boost|p2a: Miraidon|def|1|[from] item: Electric Seed\n|-fieldstart|move: Grassy Terrain|[from] ability: Grassy Surge|[of] p1b: Rillaboom\n|-ability|p1a: Incineroar|Intimidate|boost\n|-unboost|p2a: Miraidon|atk|1\n|-unboost|p2b: Incineroar|atk|1\n|-ability|p2b: Incineroar|Intimidate|boost\n|-unboost|p1a: Incineroar|atk|1\n|-unboost|p1b: Rillaboom|atk|1\n|turn|1\n|inactive|Mature Madness has 30 seconds left.\n|inactive|Mature Madness has 20 seconds left.\n|\n|t:|1736600995\n|switch|p1b: Clefairy|Clefairy, L50, M|100\/100\n|move|p2a: Miraidon|Calm Mind|p2a: Miraidon\n|-boost|p2a: Miraidon|spa|1\n|-boost|p2a: Miraidon|spd|1\n|move|p1a: Incineroar|Parting Shot|p2a: Miraidon\n|-unboost|p2a: Miraidon|atk|1\n|-unboost|p2a: Miraidon|spa|1\n|\n|t:|1736601004\n|switch|p1a: Calyrex|Calyrex-Shadow, L50|100\/100|[from] Parting Shot\n|-ability|p1a: Calyrex|As One\n|-ability|p1a: Calyrex|Unnerve\n|move|p2b: Incineroar|Will-O-Wisp|p1b: Clefairy\n|-status|p1b: Clefairy|brn\n|\n|-damage|p1b: Clefairy|94\/100 brn|[from] brn\n|upkeep\n|turn|2\n|\n|t:|1736601021\n|move|p1a: Calyrex|Nasty Plot|p1a: Calyrex\n|-boost|p1a: Calyrex|spa|2\n|move|p2a: Miraidon|Calm Mind|p2a: Miraidon\n|-boost|p2a: Miraidon|spa|1\n|-boost|p2a: Miraidon|spd|1\n|move|p2b: Incineroar|Knock Off|p1a: Calyrex\n|-supereffective|p1a: Calyrex\n|-damage|p1a: Calyrex|20\/100\n|-enditem|p1a: Calyrex|Covert Cloak|[from] move: Knock Off|[of] p2b: Incineroar\n|move|p1b: Clefairy|Encore|p2a: Miraidon\n|-start|p2a: Miraidon|Encore\n|\n|-heal|p1a: Calyrex|25\/100|[from] Grassy Terrain\n|-heal|p1b: Clefairy|100\/100 brn|[from] Grassy Terrain\n|-damage|p1b: Clefairy|94\/100 brn|[from] brn\n|upkeep\n|turn|3\n|\n|t:|1736601045\n|-terastallize|p1a: Calyrex|Dark\n|move|p1a: Calyrex|Nasty Plot|p1a: Calyrex\n|-boost|p1a: Calyrex|spa|2\n|move|p2a: Miraidon|Calm Mind|p2a: Miraidon\n|-boost|p2a: Miraidon|spa|1\n|-boost|p2a: Miraidon|spd|1\n|move|p2b: Incineroar|Knock Off|p1b: Clefairy\n|-resisted|p1b: Clefairy\n|-damage|p1b: Clefairy|84\/100 brn\n|-enditem|p1b: Clefairy|Eviolite|[from] move: Knock Off|[of] p2b: Incineroar\n|move|p1b: Clefairy|Life Dew|p1b: Clefairy|[spread] p1a,p1b\n|-heal|p1a: Calyrex|50\/100\n|-heal|p1b: Clefairy|100\/100 brn\n|\n|-heal|p1a: Calyrex|56\/100|[from] Grassy Terrain\n|-damage|p1b: Clefairy|94\/100 brn|[from] brn\n|upkeep\n|turn|4\n|inactive|sibylla_system has 30 seconds left.\n|inactive|sibylla_system has 20 seconds left.\n|inactive|Mature Madness has 30 seconds left.\n|\n|t:|1736601082\n|-terastallize|p2a: Miraidon|Fairy\n|move|p1a: Calyrex|Astral Barrage|p2a: Miraidon|[spread] p2a,p2b\n|-resisted|p2b: Incineroar\n|-damage|p2a: Miraidon|52\/100\n|-damage|p2b: Incineroar|46\/100\n|move|p2a: Miraidon|Calm Mind|p2a: Miraidon\n|-boost|p2a: Miraidon|spa|1\n|-boost|p2a: Miraidon|spd|1\n|move|p2b: Incineroar|Parting Shot|p1b: Clefairy\n|-unboost|p1b: Clefairy|atk|1\n|-unboost|p1b: Clefairy|spa|1\n|\n|t:|1736601098\n|switch|p2b: Comfey|Comfey, L50, F|100\/100|[from] Parting Shot\n|move|p1b: Clefairy|Life Dew|p1b: Clefairy|[spread] p1a,p1b\n|-heal|p1a: Calyrex|81\/100\n|-heal|p1b: Clefairy|100\/100 brn\n|\n|-heal|p1a: Calyrex|87\/100|[from] Grassy Terrain\n|-heal|p2a: Miraidon|58\/100|[from] Grassy Terrain\n|-damage|p1b: Clefairy|94\/100 brn|[from] brn\n|upkeep\n|turn|5\n|inactive|sibylla_system has 30 seconds left.\n|inactive|sibylla_system has 20 seconds left.\n|inactive|sibylla_system has 15 seconds left.\n|inactive|sibylla_system has 10 seconds left.\n|\n|t:|1736601146\n|move|p1b: Clefairy|Helping Hand|p1a: Calyrex\n|-singleturn|p1a: Calyrex|Helping Hand|[of] p1b: Clefairy\n|move|p2b: Comfey|Floral Healing|p2a: Miraidon\n|-heal|p2a: Miraidon|100\/100\n|move|p1a: Calyrex|Astral Barrage|p2b: Comfey|[spread] p2a,p2b\n|-damage|p2a: Miraidon|45\/100\n|-damage|p2b: Comfey|0 fnt\n|faint|p2b: Comfey\n|-ability|p1a: Calyrex|Grim Neigh|boost\n|-boost|p1a: Calyrex|spa|1\n|move|p2a: Miraidon|Calm Mind|p2a: Miraidon\n|-boost|p2a: Miraidon|spa|1\n|-boost|p2a: Miraidon|spd|1\n|\n|-heal|p1a: Calyrex|93\/100|[from] Grassy Terrain\n|-heal|p2a: Miraidon|51\/100|[from] Grassy Terrain\n|-heal|p1b: Clefairy|100\/100 brn|[from] Grassy Terrain\n|-damage|p1b: Clefairy|94\/100 brn|[from] brn\n|-end|p2a: Miraidon|Encore\n|-fieldend|move: Grassy Terrain\n|upkeep\n|\n|t:|1736601165\n|switch|p2b: Pelipper|Pelipper, L50, F|100\/100\n|-weather|RainDance|[from] ability: Drizzle|[of] p2b: Pelipper\n|turn|6\n|\n|t:|1736601188\n|move|p1b: Clefairy|Helping Hand|p1a: Calyrex\n|-singleturn|p1a: Calyrex|Helping Hand|[of] p1b: Clefairy\n|move|p2b: Pelipper|Wide Guard|p2b: Pelipper\n|-singleturn|p2b: Pelipper|Wide Guard\n|move|p1a: Calyrex|Expanding Force|p2a: Miraidon\n|-damage|p2a: Miraidon|0 fnt\n|faint|p2a: Miraidon\n|-ability|p1a: Calyrex|Grim Neigh|boost\n|-boost|p1a: Calyrex|spa|1\n|\n|-weather|RainDance|[upkeep]\n|-damage|p1b: Clefairy|88\/100 brn|[from] brn\n|upkeep\n|-message|Mature Madness forfeited.\n|\n|win|sibylla_system\n|raw|sibylla_system's rating: 1572 &rarr; <strong>1592<\/strong><br \/>(+20 for winning)\n|raw|Mature Madness's rating: 1565 &rarr; <strong>1545<\/strong><br \/>(-20 for losing)\n|l|\u2606Mature Madness\n|player|p2|\n","uploadtime":1736601370,"views":6,"formatid":"gen9vgc2025regg","rating":1545,"private":0,"password":null}