{"id":"gen9vgc2025regg-2279392164","format":"[Gen 9] VGC 2025 Reg G","players":["SeaWolfMikess","GG=Groudon Gaming"],"log":"|j|\u2606SeaWolfMikess\n|j|\u2606GG=Groudon Gaming\n|t:|1736641868\n|gametype|doubles\n|player|p1|SeaWolfMikess|hugh|1631\n|player|p2|GG=Groudon Gaming|may-masters2|1519\n|teamsize|p1|6\n|teamsize|p2|6\n|gen|9\n|tier|[Gen 9] VGC 2025 Reg G\n|rated|\n|rule|Species Clause: Limit one of each Pok\u00e9mon\n|rule|Item Clause: Limit 1 of each item\n|clearpoke\n|poke|p1|Miraidon, L50|\n|poke|p1|Whimsicott, L50, F|\n|poke|p1|Urshifu-*, L50, F|\n|poke|p1|Ogerpon-Hearthflame, L50, F|\n|poke|p1|Farigiraf, L50, M|\n|poke|p1|Iron Hands, L50|\n|poke|p2|Groudon, L50|\n|poke|p2|Bronzong, L50|\n|poke|p2|Raging Bolt, L50|\n|poke|p2|Flutter Mane, L50|\n|poke|p2|Ogerpon-Cornerstone, L50, F|\n|poke|p2|Gouging Fire, L50|\n|teampreview|4\n|inactive|Battle timer is ON: inactive players will automatically lose when time's up. (requested by GG=Groudon Gaming)\n|inactive|GG=Groudon Gaming has 60 seconds left.\n|\n|t:|1736641911\n|start\n|switch|p1a: Whimsicott|Whimsicott, L50, F|100\/100\n|switch|p1b: Miraidon|Miraidon, L50|100\/100\n|switch|p2a: Flutter Mane|Flutter Mane, L50|100\/100\n|switch|p2b: Gouging Fire|Gouging Fire, L50|100\/100\n|-fieldstart|move: Electric Terrain|[from] ability: Hadron Engine|[of] p1b: Miraidon\n|turn|1\n|\n|t:|1736641925\n|move|p2b: Gouging Fire|Burning Bulwark|p2b: Gouging Fire\n|-singleturn|p2b: Gouging Fire|move: Protect\n|move|p1a: Whimsicott|Tailwind|p1a: Whimsicott\n|-sidestart|p1: SeaWolfMikess|move: Tailwind\n|move|p1b: Miraidon|Draco Meteor|p2a: Flutter Mane\n|-immune|p2a: Flutter Mane\n|move|p2a: Flutter Mane|Taunt|p1a: Whimsicott\n|-start|p1a: Whimsicott|move: Taunt\n|\n|upkeep\n|turn|2\n|\n|t:|1736641937\n|-terastallize|p1b: Miraidon|Fairy\n|-terastallize|p2b: Gouging Fire|Fairy\n|move|p1b: Miraidon|Draco Meteor|p2b: Gouging Fire\n|-immune|p2b: Gouging Fire\n|move|p1a: Whimsicott|Moonblast|p2a: Flutter Mane\n|-damage|p2a: Flutter Mane|73\/100\n|move|p2a: Flutter Mane|Dazzling Gleam|p1a: Whimsicott|[spread] p1a,p1b\n|-damage|p1a: Whimsicott|62\/100\n|-damage|p1b: Miraidon|72\/100\n|move|p2b: Gouging Fire|Flare Blitz|p1a: Whimsicott\n|-supereffective|p1a: Whimsicott\n|-damage|p1a: Whimsicott|0 fnt\n|faint|p1a: Whimsicott\n|-damage|p2b: Gouging Fire|84\/100|[from] Recoil\n|\n|upkeep\n|\n|t:|1736641959\n|switch|p1a: Ogerpon|Ogerpon-Hearthflame, L50, F|100\/100\n|-ability|p1a: Ogerpon|Mold Breaker\n|turn|3\n|\n|t:|1736641969\n|switch|p1b: Iron Hands|Iron Hands, L50|100\/100\n|-activate|p1b: Iron Hands|ability: Quark Drive\n|-start|p1b: Iron Hands|quarkdriveatk\n|move|p1a: Ogerpon|Ivy Cudgel|p2b: Gouging Fire|[anim] Ivy Cudgel Fire\n|-damage|p2b: Gouging Fire|40\/100\n|move|p2a: Flutter Mane|Dazzling Gleam|p1a: Ogerpon|[spread] p1a,p1b\n|-resisted|p1a: Ogerpon\n|-supereffective|p1b: Iron Hands\n|-damage|p1a: Ogerpon|84\/100\n|-damage|p1b: Iron Hands|68\/100\n|move|p2b: Gouging Fire|Flare Blitz|p1a: Ogerpon\n|-damage|p1a: Ogerpon|32\/100\n|-damage|p2b: Gouging Fire|25\/100|[from] Recoil\n|\n|upkeep\n|turn|4\n|\n|t:|1736641992\n|move|p2a: Flutter Mane|Protect|p2a: Flutter Mane\n|-singleturn|p2a: Flutter Mane|Protect\n|move|p2b: Gouging Fire|Burning Bulwark|p2b: Gouging Fire\n|-singleturn|p2b: Gouging Fire|move: Protect\n|move|p1a: Ogerpon|Ivy Cudgel|p2b: Gouging Fire|[anim] Ivy Cudgel Fire\n|-activate|p2b: Gouging Fire|move: Protect\n|move|p1b: Iron Hands|Wild Charge|p2a: Flutter Mane\n|-activate|p2a: Flutter Mane|move: Protect\n|\n|-sideend|p1: SeaWolfMikess|move: Tailwind\n|upkeep\n|turn|5\n|\n|t:|1736642013\n|move|p2a: Flutter Mane|Icy Wind|p1a: Ogerpon|[spread] p1a,p1b\n|-crit|p1a: Ogerpon\n|-damage|p1a: Ogerpon|9\/100\n|-damage|p1b: Iron Hands|61\/100\n|-unboost|p1a: Ogerpon|spe|1\n|-unboost|p1b: Iron Hands|spe|1\n|move|p2b: Gouging Fire|Breaking Swipe|p1a: Ogerpon|[spread] p1a,p1b\n|-damage|p1a: Ogerpon|0 fnt\n|-damage|p1b: Iron Hands|47\/100\n|-unboost|p1b: Iron Hands|atk|1\n|faint|p1a: Ogerpon\n|move|p1b: Iron Hands|Wild Charge|p2a: Flutter Mane\n|-damage|p2a: Flutter Mane|0 fnt\n|faint|p2a: Flutter Mane\n|-end|p2a: Flutter Mane|Protosynthesis|[silent]\n|-damage|p1b: Iron Hands|37\/100|[from] Recoil\n|\n|-fieldend|move: Electric Terrain\n|-end|p1b: Iron Hands|Quark Drive\n|upkeep\n|\n|t:|1736642018\n|switch|p2a: Groudon|Groudon, L50|100\/100\n|switch|p1a: Miraidon|Miraidon, L50, tera:Fairy|72\/100\n|-fieldstart|move: Electric Terrain|[from] ability: Hadron Engine|[of] p1a: Miraidon\n|-activate|p1b: Iron Hands|ability: Quark Drive\n|-start|p1b: Iron Hands|quarkdriveatk\n|-weather|SunnyDay|[from] ability: Drought|[of] p2a: Groudon\n|-activate|p2b: Gouging Fire|ability: Protosynthesis\n|-start|p2b: Gouging Fire|protosynthesisspe\n|turn|6\n|\n|t:|1736642031\n|move|p2a: Groudon|Helping Hand|p2b: Gouging Fire\n|-singleturn|p2b: Gouging Fire|Helping Hand|[of] p2a: Groudon\n|move|p2b: Gouging Fire|Flare Blitz|p1a: Miraidon\n|-damage|p1a: Miraidon|0 fnt\n|faint|p1a: Miraidon\n|-damage|p2b: Gouging Fire|3\/100|[from] Recoil\n|move|p1b: Iron Hands|Wild Charge|p2b: Gouging Fire\n|-damage|p2b: Gouging Fire|0 fnt\n|faint|p2b: Gouging Fire\n|-end|p2b: Gouging Fire|Protosynthesis|[silent]\n|-damage|p1b: Iron Hands|36\/100|[from] Recoil\n|\n|-weather|SunnyDay|[upkeep]\n|upkeep\n|\n|t:|1736642035\n|switch|p2b: Raging Bolt|Raging Bolt, L50|100\/100\n|-activate|p2b: Raging Bolt|ability: Protosynthesis\n|-start|p2b: Raging Bolt|protosynthesisspa\n|turn|7\n|-message|SeaWolfMikess forfeited.\n|\n|win|GG=Groudon Gaming\n|raw|SeaWolfMikess's rating: 1631 &rarr; <strong>1605<\/strong><br \/>(-26 for losing)\n|raw|GG=Groudon Gaming's rating: 1519 &rarr; <strong>1545<\/strong><br \/>(+26 for winning)\n|l|\u2606SeaWolfMikess\n|player|p1|\n","uploadtime":1736642041,"views":48,"formatid":"gen9vgc2025regg","rating":1545,"private":0,"password":null}