{"id":"gen9vgc2025regg-2279759362","format":"[Gen 9] VGC 2025 Reg G","players":["tyuiop112","RustyChair13"],"log":"|j|\u2606tyuiop112\n|j|\u2606RustyChair13\n|t:|1736703325\n|gametype|doubles\n|player|p1|tyuiop112|265|1607\n|player|p2|RustyChair13|scientist-gen4|1637\n|teamsize|p1|6\n|teamsize|p2|6\n|gen|9\n|tier|[Gen 9] VGC 2025 Reg G\n|rated|\n|rule|Species Clause: Limit one of each Pok\u00e9mon\n|rule|Item Clause: Limit 1 of each item\n|clearpoke\n|poke|p1|Calyrex-Shadow, L50|\n|poke|p1|Incineroar, L50, M|\n|poke|p1|Rillaboom, L50, F|\n|poke|p1|Raging Bolt, L50|\n|poke|p1|Urshifu-*, L50, F|\n|poke|p1|Amoonguss, L50, F|\n|poke|p2|Zamazenta-*, L50|\n|poke|p2|Rillaboom, L50, M|\n|poke|p2|Chien-Pao, L50|\n|poke|p2|Flutter Mane, L50|\n|poke|p2|Chandelure, L50, F|\n|poke|p2|Moltres-Galar, L50|\n|teampreview|4\n|inactive|Battle timer is ON: inactive players will automatically lose when time's up. (requested by RustyChair13)\n|j| OriginalAndrzej\n|\n|t:|1736703357\n|start\n|switch|p1a: Raging Bolt|Raging Bolt, L50|100\/100\n|switch|p1b: Incineroar|Incineroar, L50, M|100\/100\n|switch|p2a: Flutter Mane|Flutter Mane, L50, shiny|100\/100\n|switch|p2b: Moltres|Moltres-Galar, L50, shiny|100\/100\n|-ability|p1b: Incineroar|Intimidate|boost\n|-unboost|p2a: Flutter Mane|atk|1\n|-unboost|p2b: Moltres|atk|1\n|-enditem|p2a: Flutter Mane|Booster Energy\n|-activate|p2a: Flutter Mane|ability: Protosynthesis|[fromitem]\n|-start|p2a: Flutter Mane|protosynthesisspe\n|turn|1\n|j| Tapu_Fume\n|inactive|tyuiop112 has 30 seconds left.\n|inactive|tyuiop112 has 20 seconds left.\n|\n|t:|1736703396\n|move|p2b: Moltres|Protect|p2b: Moltres\n|-singleturn|p2b: Moltres|Protect\n|move|p2a: Flutter Mane|Moonblast|p1a: Raging Bolt\n|-supereffective|p1a: Raging Bolt\n|-damage|p1a: Raging Bolt|49\/100\n|move|p1a: Raging Bolt|Electroweb|p2a: Flutter Mane|[spread] p2a\n|-activate|p2b: Moltres|move: Protect\n|-damage|p2a: Flutter Mane|79\/100\n|-unboost|p2a: Flutter Mane|spe|1\n|move|p1b: Incineroar|Parting Shot|p2a: Flutter Mane\n|-unboost|p2a: Flutter Mane|atk|1\n|-unboost|p2a: Flutter Mane|spa|1\n|\n|t:|1736703415\n|switch|p1b: Calyrex|Calyrex-Shadow, L50|100\/100|[from] Parting Shot\n|-ability|p1b: Calyrex|As One\n|-ability|p1b: Calyrex|Unnerve\n|\n|upkeep\n|turn|2\n|inactive|tyuiop112 has 30 seconds left.\n|inactive|tyuiop112 has 20 seconds left.\n|\n|t:|1736703451\n|-terastallize|p1b: Calyrex|Dark\n|move|p1a: Raging Bolt|Thunderclap|p2a: Flutter Mane\n|-damage|p2a: Flutter Mane|41\/100\n|move|p1b: Calyrex|Psychic|p2a: Flutter Mane\n|-damage|p2a: Flutter Mane|0 fnt\n|faint|p2a: Flutter Mane\n|-end|p2a: Flutter Mane|Protosynthesis|[silent]\n|-ability|p1b: Calyrex|Grim Neigh|boost\n|-boost|p1b: Calyrex|spa|1\n|-damage|p1b: Calyrex|91\/100|[from] item: Life Orb\n|move|p2b: Moltres|Fiery Wrath|p1b: Calyrex|[spread] p1a,p1b\n|-resisted|p1b: Calyrex\n|-damage|p1a: Raging Bolt|31\/100\n|-damage|p1b: Calyrex|78\/100\n|\n|upkeep\n|j| Fulimba\n|\n|t:|1736703465\n|switch|p2a: Chien-Pao|Chien-Pao, L50|100\/100\n|-ability|p2a: Chien-Pao|Sword of Ruin\n|turn|3\n|\n|t:|1736703482\n|-end|p1a: Raging Bolt|Protosynthesis|[silent]\n|switch|p1a: Incineroar|Incineroar, L50, M|100\/100\n|-ability|p1a: Incineroar|Intimidate|boost\n|-unboost|p2a: Chien-Pao|atk|1\n|-unboost|p2b: Moltres|atk|1\n|move|p1b: Calyrex|Protect|p1b: Calyrex\n|-singleturn|p1b: Calyrex|Protect\n|move|p2a: Chien-Pao|Sucker Punch||[still]\n|-fail|p2a: Chien-Pao\n|move|p2b: Moltres|Fiery Wrath|p1b: Calyrex|[spread] p1a\n|-activate|p1b: Calyrex|move: Protect\n|-resisted|p1a: Incineroar\n|-damage|p1a: Incineroar|87\/100\n|\n|upkeep\n|turn|4\n|inactive|tyuiop112 has 30 seconds left.\n|\n|t:|1736703515\n|move|p2a: Chien-Pao|Protect|p2a: Chien-Pao\n|-singleturn|p2a: Chien-Pao|Protect\n|move|p1b: Calyrex|Astral Barrage|p2a: Chien-Pao|[spread] p2b\n|-activate|p2a: Chien-Pao|move: Protect\n|-resisted|p2b: Moltres\n|-damage|p2b: Moltres|59\/100\n|-damage|p1b: Calyrex|69\/100|[from] item: Life Orb\n|move|p2b: Moltres|Fiery Wrath|p1b: Calyrex|[spread] p1a,p1b\n|-resisted|p1a: Incineroar\n|-resisted|p1b: Calyrex\n|-damage|p1a: Incineroar|74\/100\n|-damage|p1b: Calyrex|54\/100\n|move|p1a: Incineroar|Parting Shot|p2b: Moltres\n|-unboost|p2b: Moltres|atk|1\n|-unboost|p2b: Moltres|spa|1\n|j| BlindMagneton\n|inactive|tyuiop112 has 30 seconds left.\n|inactive|tyuiop112 has 20 seconds left.\n|\n|t:|1736703550\n|switch|p1a: Urshifu|Urshifu-Rapid-Strike, L50, F|100\/100|[from] Parting Shot\n|\n|upkeep\n|turn|5\n|inactive|tyuiop112 has 30 seconds left.\n|\n|t:|1736703579\n|move|p1a: Urshifu|Aqua Jet|p2a: Chien-Pao\n|-damage|p2a: Chien-Pao|67\/100\n|move|p1b: Calyrex|Pollen Puff|p2a: Chien-Pao\n|-supereffective|p2a: Chien-Pao\n|-damage|p2a: Chien-Pao|0 fnt\n|faint|p2a: Chien-Pao\n|-ability|p1b: Calyrex|Grim Neigh|boost\n|-boost|p1b: Calyrex|spa|1\n|-damage|p1b: Calyrex|44\/100|[from] item: Life Orb\n|move|p2b: Moltres|Foul Play|p1b: Calyrex\n|-resisted|p1b: Calyrex\n|-damage|p1b: Calyrex|29\/100\n|\n|upkeep\n|\n|t:|1736703585\n|switch|p2a: Zamazenta|Zamazenta-Crowned, L50, shiny|100\/100\n|-ability|p2a: Zamazenta|Dauntless Shield|boost\n|-boost|p2a: Zamazenta|def|1\n|turn|6\n|inactive|tyuiop112 has 30 seconds left.\n|\n|t:|1736703619\n|-terastallize|p2a: Zamazenta|Dragon\n|move|p1b: Calyrex|Protect|p1b: Calyrex\n|-singleturn|p1b: Calyrex|Protect\n|move|p2a: Zamazenta|Body Press|p1a: Urshifu\n|-damage|p1a: Urshifu|33\/100\n|move|p1a: Urshifu|Close Combat|p2b: Moltres\n|-crit|p2b: Moltres\n|-damage|p2b: Moltres|0 fnt\n|-unboost|p1a: Urshifu|def|1\n|-unboost|p1a: Urshifu|spd|1\n|faint|p2b: Moltres\n|\n|upkeep\n|turn|7\n|\n|t:|1736703639\n|move|p1b: Calyrex|Astral Barrage|p2a: Zamazenta\n|-damage|p2a: Zamazenta|0 fnt\n|faint|p2a: Zamazenta\n|-damage|p1b: Calyrex|19\/100|[from] item: Life Orb\n|\n|win|tyuiop112\n|raw|tyuiop112's rating: 1607 &rarr; <strong>1629<\/strong><br \/>(+22 for winning)\n|raw|RustyChair13's rating: 1637 &rarr; <strong>1615<\/strong><br \/>(-22 for losing)\n|l|\u2606RustyChair13\n|player|p2|\n|l| Fulimba\n|l|\u2606tyuiop112\n|player|p1|\n|l| OriginalAndrzej\n|l| BlindMagneton\n","uploadtime":1736703808,"views":58,"formatid":"gen9vgc2025regg","rating":1615,"private":0,"password":null}