{"id":"gen9vgc2025regg-2279691323","format":"[Gen 9] VGC 2025 Reg G","players":["Shun.c","mtshushushushu"],"log":"|j|\u2606Shun.c\n|j|\u2606mtshushushushu\n|t:|1736694364\n|gametype|doubles\n|player|p1|Shun.c|169|1506\n|player|p2|mtshushushushu|169|1592\n|teamsize|p1|6\n|teamsize|p2|6\n|gen|9\n|tier|[Gen 9] VGC 2025 Reg G\n|rated|\n|rule|Species Clause: Limit one of each Pok\u00e9mon\n|rule|Item Clause: Limit 1 of each item\n|clearpoke\n|poke|p1|Raging Bolt, L50|\n|poke|p1|Urshifu-*, L50, M|\n|poke|p1|Rillaboom, L50, M|\n|poke|p1|Ogerpon-Hearthflame, L50, F|\n|poke|p1|Calyrex-Shadow, L50|\n|poke|p1|Incineroar, L50, M|\n|poke|p2|Calyrex-Shadow, L50|\n|poke|p2|Dondozo, L50, M|\n|poke|p2|Tatsugiri-Droopy, L50, F|\n|poke|p2|Chi-Yu, L50|\n|poke|p2|Weezing-Galar, L50, M|\n|poke|p2|Maushold-Four, L50|\n|teampreview|4\n|\n|t:|1736694383\n|start\n|switch|p1a: Calyrex|Calyrex-Shadow, L50|100\/100\n|switch|p1b: Incineroar|Incineroar, L50, M|100\/100\n|switch|p2a: Weezing|Weezing-Galar, L50, M|100\/100\n|switch|p2b: Calyrex|Calyrex-Shadow, L50|100\/100\n|-ability|p2b: Calyrex|As One\n|-ability|p2b: Calyrex|Unnerve\n|-ability|p1a: Calyrex|As One\n|-ability|p1a: Calyrex|Unnerve\n|-ability|p2a: Weezing|Neutralizing Gas\n|turn|1\n|\n|t:|1736694416\n|-terastallize|p2b: Calyrex|Dark\n|-terastallize|p1a: Calyrex|Dark\n|move|p2b: Calyrex|Astral Barrage|p1a: Calyrex|[spread] p1a,p1b\n|-resisted|p1a: Calyrex\n|-resisted|p1b: Incineroar\n|-damage|p1a: Calyrex|63\/100\n|-damage|p1b: Incineroar|69\/100\n|move|p1a: Calyrex|Psychic|p2a: Weezing\n|-supereffective|p2a: Weezing\n|-damage|p2a: Weezing|0 fnt\n|faint|p2a: Weezing\n|-end|p2a: Weezing|ability: Neutralizing Gas\n|-ability|p1b: Incineroar|Intimidate|boost\n|-unboost|p2b: Calyrex|atk|1\n|-ability|p1a: Calyrex|Grim Neigh|boost\n|-boost|p1a: Calyrex|spa|1\n|-damage|p1a: Calyrex|53\/100|[from] item: Life Orb\n|move|p1b: Incineroar|Knock Off|p2b: Calyrex\n|-resisted|p2b: Calyrex\n|-damage|p2b: Calyrex|77\/100\n|-enditem|p2b: Calyrex|Choice Specs|[from] move: Knock Off|[of] p1b: Incineroar\n|\n|upkeep\n|\n|t:|1736694435\n|switch|p2a: Dondozo|Dondozo, L50, M|100\/100\n|turn|2\n|\n|t:|1736694455\n|switch|p2b: Tatsugiri|Tatsugiri-Droopy, L50, F|100\/100\n|-activate|p2b: Tatsugiri|ability: Commander|[of] p2a: Dondozo\n|-boost|p2a: Dondozo|atk|2\n|-boost|p2a: Dondozo|spa|2\n|-boost|p2a: Dondozo|spe|2\n|-boost|p2a: Dondozo|def|2\n|-boost|p2a: Dondozo|spd|2\n|move|p1a: Calyrex|Protect|p1a: Calyrex\n|-singleturn|p1a: Calyrex|Protect\n|move|p2a: Dondozo|Body Press|p1b: Incineroar\n|-supereffective|p1b: Incineroar\n|-damage|p1b: Incineroar|0 fnt\n|-damage|p2a: Dondozo|84\/100|[from] item: Rocky Helmet|[of] p1b: Incineroar\n|faint|p1b: Incineroar\n|\n|-heal|p2a: Dondozo|90\/100|[from] item: Leftovers\n|upkeep\n|j| fasboom\n|\n|t:|1736694463\n|switch|p1b: Rillaboom|Rillaboom, L50, M|100\/100\n|-fieldstart|move: Grassy Terrain|[from] ability: Grassy Surge|[of] p1b: Rillaboom\n|turn|3\n|j| Mobile-NWNCC\n|\n|t:|1736694482\n|move|p2a: Dondozo|Protect|p2a: Dondozo\n|-singleturn|p2a: Dondozo|Protect\n|move|p1b: Rillaboom|Fake Out|p2a: Dondozo\n|-activate|p2a: Dondozo|move: Protect\n|move|p1a: Calyrex|Astral Barrage|p2a: Dondozo|[spread] \n|-miss|p1a: Calyrex|p2b: Tatsugiri\n|-activate|p2a: Dondozo|move: Protect\n|\n|-heal|p1a: Calyrex|59\/100|[from] Grassy Terrain\n|-heal|p2a: Dondozo|96\/100|[from] Grassy Terrain\n|-heal|p2a: Dondozo|100\/100|[from] item: Leftovers\n|upkeep\n|turn|4\n|\n|t:|1736694499\n|move|p1a: Calyrex|Protect|p1a: Calyrex\n|-singleturn|p1a: Calyrex|Protect\n|move|p1b: Rillaboom|U-turn|p2a: Dondozo\n|-damage|p2a: Dondozo|95\/100\n|inactive|Battle timer is ON: inactive players will automatically lose when time's up. (requested by Shun.c)\n|\n|t:|1736694504\n|switch|p1b: Raging Bolt|Raging Bolt, L50|100\/100|[from] U-turn\n|-enditem|p1b: Raging Bolt|Booster Energy\n|-activate|p1b: Raging Bolt|ability: Protosynthesis|[fromitem]\n|-start|p1b: Raging Bolt|protosynthesisspa\n|move|p2a: Dondozo|Order Up|p1b: Raging Bolt\n|-supereffective|p1b: Raging Bolt\n|-damage|p1b: Raging Bolt|42\/100\n|-boost|p2a: Dondozo|def|1\n|\n|-heal|p1a: Calyrex|65\/100|[from] Grassy Terrain\n|-heal|p2a: Dondozo|100\/100|[from] Grassy Terrain\n|-heal|p1b: Raging Bolt|49\/100|[from] Grassy Terrain\n|upkeep\n|turn|5\n|\n|t:|1736694522\n|move|p1b: Raging Bolt|Thunderclap|p2a: Dondozo\n|-supereffective|p2a: Dondozo\n|-damage|p2a: Dondozo|58\/100\n|move|p1a: Calyrex|Astral Barrage|p2b: Tatsugiri|[spread] p2a\n|-miss|p1a: Calyrex|p2b: Tatsugiri\n|-damage|p2a: Dondozo|31\/100\n|-damage|p1a: Calyrex|56\/100|[from] item: Life Orb\n|move|p2a: Dondozo|Body Press|p1a: Calyrex\n|-supereffective|p1a: Calyrex\n|-damage|p1a: Calyrex|0 fnt\n|faint|p1a: Calyrex\n|\n|-heal|p2a: Dondozo|37\/100|[from] Grassy Terrain\n|-heal|p2a: Dondozo|44\/100|[from] item: Leftovers\n|-heal|p1b: Raging Bolt|55\/100|[from] Grassy Terrain\n|upkeep\n|\n|t:|1736694526\n|switch|p1a: Rillaboom|Rillaboom, L50, M|100\/100\n|turn|6\n|\n|t:|1736694539\n|move|p2a: Dondozo|Protect|p2a: Dondozo\n|-singleturn|p2a: Dondozo|Protect\n|move|p1b: Raging Bolt|Thunderclap||[still]\n|-fail|p1b: Raging Bolt\n|move|p1a: Rillaboom|Wood Hammer|p2a: Dondozo\n|-activate|p2a: Dondozo|move: Protect\n|\n|-heal|p2a: Dondozo|50\/100|[from] Grassy Terrain\n|-heal|p2a: Dondozo|56\/100|[from] item: Leftovers\n|-heal|p1b: Raging Bolt|61\/100|[from] Grassy Terrain\n|upkeep\n|turn|7\n|l| fasboom\n|\n|t:|1736694558\n|move|p1b: Raging Bolt|Thunderclap|p2a: Dondozo\n|-supereffective|p2a: Dondozo\n|-damage|p2a: Dondozo|12\/100\n|move|p1a: Rillaboom|Wood Hammer|p2a: Dondozo\n|-supereffective|p2a: Dondozo\n|-damage|p2a: Dondozo|0 fnt\n|faint|p2a: Dondozo\n|-damage|p1a: Rillaboom|96\/100|[from] Recoil\n|\n|-heal|p1a: Rillaboom|100\/100|[from] Grassy Terrain\n|-heal|p1b: Raging Bolt|67\/100|[from] Grassy Terrain\n|-fieldend|move: Grassy Terrain\n|upkeep\n|\n|t:|1736694568\n|switch|p2a: Calyrex|Calyrex-Shadow, L50, tera:Dark|77\/100\n|-ability|p2a: Calyrex|As One\n|-ability|p2a: Calyrex|Unnerve\n|turn|8\n|\n|t:|1736694589\n|move|p1b: Raging Bolt|Thunderclap|p2a: Calyrex\n|-damage|p2a: Calyrex|24\/100\n|move|p2a: Calyrex|Astral Barrage|p1a: Rillaboom|[spread] p1a,p1b\n|-damage|p1a: Rillaboom|64\/100\n|-damage|p1b: Raging Bolt|21\/100\n|move|p2b: Tatsugiri|Draco Meteor|p1a: Rillaboom\n|-damage|p1a: Rillaboom|27\/100\n|-unboost|p2b: Tatsugiri|spa|2\n|move|p1a: Rillaboom|Wood Hammer|p2a: Calyrex\n|-damage|p2a: Calyrex|0 fnt\n|faint|p2a: Calyrex\n|-damage|p1a: Rillaboom|20\/100|[from] Recoil\n|\n|upkeep\n|turn|9\n|-message|mtshushushushu forfeited.\n|\n|win|Shun.c\n|raw|Shun.c's rating: 1506 &rarr; <strong>1531<\/strong><br \/>(+25 for winning)\n|raw|mtshushushushu's rating: 1592 &rarr; <strong>1567<\/strong><br \/>(-25 for losing)\n|l|\u2606mtshushushushu\n|player|p2|\n|l|\u2606Shun.c\n|player|p1|\n|l| Mobile-NWNCC\n","uploadtime":1736694877,"views":7,"formatid":"gen9vgc2025regg","rating":1531,"private":0,"password":null}