{"id":"gen9vgc2025regg-2279527725","format":"[Gen 9] VGC 2025 Reg G","players":["dtukgcjcg","Squ1dge_"],"log":"|j|\u2606dtukgcjcg\n|j|\u2606Squ1dge_\n|t:|1736662061\n|gametype|doubles\n|player|p1|dtukgcjcg|101|1576\n|player|p2|Squ1dge_|101|1602\n|teamsize|p1|6\n|teamsize|p2|6\n|gen|9\n|tier|[Gen 9] VGC 2025 Reg G\n|rated|\n|rule|Species Clause: Limit one of each Pok\u00e9mon\n|rule|Item Clause: Limit 1 of each item\n|clearpoke\n|poke|p1|Whimsicott, L50, M|\n|poke|p1|Miraidon, L50|\n|poke|p1|Farigiraf, L50, F|\n|poke|p1|Iron Hands, L50|\n|poke|p1|Ogerpon-Hearthflame, L50, F|\n|poke|p1|Urshifu-*, L50, F|\n|poke|p2|Farigiraf, L50, M|\n|poke|p2|Regieleki, L50|\n|poke|p2|Landorus, L50, M|\n|poke|p2|Ogerpon-Cornerstone, L50, F|\n|poke|p2|Urshifu-*, L50, F|\n|poke|p2|Calyrex-Ice, L50|\n|teampreview|4\n|inactive|Battle timer is ON: inactive players will automatically lose when time's up. (requested by Squ1dge_)\n|inactive|dtukgcjcg also wants the timer to be on.\n|\n|t:|1736662072\n|start\n|switch|p1a: Miraidon|Miraidon, L50|100\/100\n|switch|p1b: Farigiraf|Farigiraf, L50, F|100\/100\n|switch|p2a: Regieleki|Regieleki, L50|100\/100\n|switch|p2b: Landorus|Landorus, L50, M|100\/100\n|-fieldstart|move: Electric Terrain|[from] ability: Hadron Engine|[of] p1a: Miraidon\n|-enditem|p1b: Farigiraf|Electric Seed\n|-boost|p1b: Farigiraf|def|1|[from] item: Electric Seed\n|turn|1\n|\n|t:|1736662089\n|-terastallize|p2b: Landorus|Poison\n|move|p2a: Regieleki|Electroweb|p1b: Farigiraf|[spread] p1a,p1b\n|-resisted|p1a: Miraidon\n|-damage|p1a: Miraidon|94\/100\n|-damage|p1b: Farigiraf|70\/100\n|-unboost|p1a: Miraidon|spe|1\n|-unboost|p1b: Farigiraf|spe|1\n|move|p2b: Landorus|Earth Power|p1a: Miraidon\n|-supereffective|p1a: Miraidon\n|-damage|p1a: Miraidon|0 fnt\n|faint|p1a: Miraidon\n|move|p1b: Farigiraf|Trick Room|p1b: Farigiraf\n|-fieldstart|move: Trick Room|[of] p1b: Farigiraf\n|\n|upkeep\n|\n|t:|1736662098\n|switch|p1a: Iron Hands|Iron Hands, L50|100\/100\n|-activate|p1a: Iron Hands|ability: Quark Drive\n|-start|p1a: Iron Hands|quarkdriveatk\n|turn|2\n|\n|t:|1736662112\n|move|p2b: Landorus|Protect|p2b: Landorus\n|-singleturn|p2b: Landorus|Protect\n|move|p2a: Regieleki|Protect|p2a: Regieleki\n|-singleturn|p2a: Regieleki|Protect\n|move|p1a: Iron Hands|Wild Charge|p2b: Landorus\n|-activate|p2b: Landorus|move: Protect\n|move|p1b: Farigiraf|Psychic Noise|p2b: Landorus\n|-activate|p2b: Landorus|move: Protect\n|\n|upkeep\n|turn|3\n|inactive|dtukgcjcg has 30 seconds left.\n|\n|t:|1736662144\n|move|p1a: Iron Hands|Low Kick|p2b: Landorus\n|-resisted|p2b: Landorus\n|-damage|p2b: Landorus|65\/100\n|move|p1b: Farigiraf|Psychic Noise|p2b: Landorus\n|-supereffective|p2b: Landorus\n|-damage|p2b: Landorus|0 fnt\n|faint|p2b: Landorus\n|move|p2a: Regieleki|Volt Switch|p1b: Farigiraf\n|-damage|p1b: Farigiraf|16\/100\n|\n|t:|1736662157\n|switch|p2a: Calyrex|Calyrex-Ice, L50|100\/100|[from] Volt Switch\n|-ability|p2a: Calyrex|As One\n|-ability|p2a: Calyrex|Unnerve\n|\n|upkeep\n|\n|t:|1736662165\n|switch|p2b: Ogerpon|Ogerpon-Cornerstone, L50, F|100\/100\n|turn|4\n|\n|t:|1736662179\n|move|p1b: Farigiraf|Helping Hand|p1a: Iron Hands\n|-singleturn|p1a: Iron Hands|Helping Hand|[of] p1b: Farigiraf\n|move|p2b: Ogerpon|Follow Me|p2b: Ogerpon\n|-singleturn|p2b: Ogerpon|move: Follow Me\n|move|p1a: Iron Hands|Low Kick|p2b: Ogerpon\n|-supereffective|p2b: Ogerpon\n|-ability|p2b: Ogerpon|Sturdy\n|-damage|p2b: Ogerpon|1\/100\n|move|p2a: Calyrex|Glacial Lance|p1a: Iron Hands|[spread] p1a,p1b\n|-damage|p1a: Iron Hands|60\/100\n|-damage|p1b: Farigiraf|0 fnt\n|faint|p1b: Farigiraf\n|-ability|p2a: Calyrex|Chilling Neigh|boost\n|-boost|p2a: Calyrex|atk|1\n|\n|upkeep\n|\n|t:|1736662189\n|switch|p1b: Urshifu|Urshifu, L50, F|100\/100\n|turn|5\n|\n|t:|1736662213\n|move|p1b: Urshifu|Protect|p1b: Urshifu\n|-singleturn|p1b: Urshifu|Protect\n|move|p2b: Ogerpon|Follow Me|p2b: Ogerpon\n|-singleturn|p2b: Ogerpon|move: Follow Me\n|move|p1a: Iron Hands|Low Kick|p2b: Ogerpon\n|-supereffective|p2b: Ogerpon\n|-damage|p2b: Ogerpon|0 fnt\n|faint|p2b: Ogerpon\n|move|p2a: Calyrex|Glacial Lance|p1a: Iron Hands|[spread] p1a\n|-activate|p1b: Urshifu|move: Protect\n|-damage|p1a: Iron Hands|0 fnt\n|faint|p1a: Iron Hands\n|-end|p1a: Iron Hands|Quark Drive|[silent]\n|-ability|p2a: Calyrex|Chilling Neigh|boost\n|-boost|p2a: Calyrex|atk|1\n|\n|-fieldend|move: Trick Room\n|-fieldend|move: Electric Terrain\n|upkeep\n|j| 20m-hierophant\n|-message|dtukgcjcg forfeited.\n|\n|win|Squ1dge_\n|raw|dtukgcjcg's rating: 1576 &rarr; <strong>1557<\/strong><br \/>(-19 for losing)\n|raw|Squ1dge_'s rating: 1602 &rarr; <strong>1621<\/strong><br \/>(+19 for winning)\n|l|\u2606dtukgcjcg\n|player|p1|\n|l|\u2606Squ1dge_\n|player|p2|\n|l| 20m-hierophant\n","uploadtime":1736662369,"views":12,"formatid":"gen9vgc2025regg","rating":1557,"private":0,"password":null}