{"id":"gen9vgc2025regg-2279645246","format":"[Gen 9] VGC 2025 Reg G","players":["mtshushushushu","longhq"],"log":"|j|\u2606mtshushushushu\n|j|\u203dlonghq\n|t:|1736686932\n|gametype|doubles\n|player|p1|mtshushushushu|169|1592\n|player|p2|longhq|dawn|1551\n|teamsize|p1|6\n|teamsize|p2|6\n|gen|9\n|tier|[Gen 9] VGC 2025 Reg G\n|rated|\n|rule|Species Clause: Limit one of each Pok\u00e9mon\n|rule|Item Clause: Limit 1 of each item\n|clearpoke\n|poke|p1|Koraidon, L50|\n|poke|p1|Indeedee-F, L50, F|\n|poke|p1|Armarouge, L50, F|\n|poke|p1|Flutter Mane, L50|\n|poke|p1|Raging Bolt, L50|\n|poke|p1|Urshifu-*, L50, F|\n|poke|p2|Miraidon, L50|\n|poke|p2|Iron Hands, L50|\n|poke|p2|Smeargle, L50, F|\n|poke|p2|Tornadus, L50, M|\n|poke|p2|Ogerpon-Hearthflame, L50, F|\n|poke|p2|Landorus, L50, M|\n|teampreview|4\n|\n|t:|1736686997\n|start\n|switch|p1a: Indeedee|Indeedee-F, L50, F|100\/100\n|switch|p1b: Armarouge|Armarouge, L50, F|100\/100\n|switch|p2a: Landorus|Landorus, L50, M|100\/100\n|switch|p2b: Tornadus|Tornadus, L50, M|100\/100\n|-fieldstart|move: Psychic Terrain|[from] ability: Psychic Surge|[of] p1a: Indeedee\n|turn|1\n|\n|t:|1736687038\n|switch|p2b: Miraidon|Miraidon, L50|100\/100\n|-fieldstart|move: Electric Terrain|[from] ability: Hadron Engine|[of] p2b: Miraidon\n|-terastallize|p1b: Armarouge|Grass\n|move|p1b: Armarouge|Wide Guard|p1b: Armarouge\n|-singleturn|p1b: Armarouge|Wide Guard\n|move|p2a: Landorus|Sandsear Storm|p1b: Armarouge|[spread] \n|-activate|p1a: Indeedee|move: Wide Guard\n|-activate|p1b: Armarouge|move: Wide Guard\n|move|p1a: Indeedee|Trick Room|p1a: Indeedee\n|-fieldstart|move: Trick Room|[of] p1a: Indeedee\n|\n|upkeep\n|turn|2\n|\n|t:|1736687080\n|switch|p2a: Ogerpon|Ogerpon-Hearthflame, L50, F|100\/100\n|-ability|p2a: Ogerpon|Mold Breaker\n|move|p1a: Indeedee|Helping Hand|p1b: Armarouge\n|-singleturn|p1b: Armarouge|Helping Hand|[of] p1a: Indeedee\n|move|p1b: Armarouge|Armor Cannon|p2a: Ogerpon\n|-damage|p2a: Ogerpon|0 fnt\n|-unboost|p1b: Armarouge|def|1\n|-unboost|p1b: Armarouge|spd|1\n|faint|p2a: Ogerpon\n|-damage|p1b: Armarouge|91\/100|[from] item: Life Orb\n|move|p2b: Miraidon|Draco Meteor|p1b: Armarouge\n|-damage|p1b: Armarouge|0 fnt\n|-unboost|p2b: Miraidon|spa|2\n|faint|p1b: Armarouge\n|\n|upkeep\n|\n|t:|1736687097\n|switch|p1b: Urshifu|Urshifu, L50, F|100\/100\n|switch|p2a: Tornadus|Tornadus, L50, M|100\/100\n|turn|3\n|\n|t:|1736687115\n|-terastallize|p2b: Miraidon|Fairy\n|move|p1a: Indeedee|Psychic|p2b: Miraidon\n|-damage|p2b: Miraidon|72\/100\n|move|p1b: Urshifu|Wicked Blow|p2b: Miraidon\n|-resisted|p2b: Miraidon\n|-crit|p2b: Miraidon\n|-damage|p2b: Miraidon|25\/100\n|move|p2a: Tornadus|Bleakwind Storm|p1b: Urshifu|[spread] p1a\n|-miss|p2a: Tornadus|p1b: Urshifu\n|-damage|p1a: Indeedee|64\/100\n|move|p2b: Miraidon|Draco Meteor|p1a: Indeedee\n|-damage|p1a: Indeedee|0 fnt\n|-unboost|p2b: Miraidon|spa|2\n|faint|p1a: Indeedee\n|\n|upkeep\n|\n|t:|1736687130\n|switch|p1a: Koraidon|Koraidon, L50|100\/100\n|-weather|SunnyDay|[from] ability: Orichalcum Pulse|[of] p1a: Koraidon\n|-activate|p1a: Koraidon|Orichalcum Pulse|[source]\n|turn|4\n|\n|t:|1736687148\n|switch|p2b: Landorus|Landorus, L50, M|100\/100\n|move|p1b: Urshifu|Wicked Blow|p2b: Landorus\n|-crit|p2b: Landorus\n|-damage|p2b: Landorus|0 fnt\n|faint|p2b: Landorus\n|move|p2a: Tornadus|Bleakwind Storm|p1b: Urshifu|[spread] p1a,p1b\n|-supereffective|p1a: Koraidon\n|-supereffective|p1b: Urshifu\n|-damage|p1a: Koraidon|19\/100\n|-damage|p1b: Urshifu|4\/100\n|move|p1a: Koraidon|Flare Blitz|p2a: Tornadus\n|-damage|p2a: Tornadus|0 fnt\n|faint|p2a: Tornadus\n|-damage|p1a: Koraidon|0 fnt|[from] Recoil\n|faint|p1a: Koraidon\n|\n|-weather|SunnyDay|[upkeep]\n|upkeep\n|\n|t:|1736687163\n|switch|p2b: Miraidon|Miraidon, L50, tera:Fairy|25\/100\n|-activate|p2b: Miraidon|ability: Hadron Engine\n|turn|5\n|\n|t:|1736687169\n|move|p1b: Urshifu|Wicked Blow|p2b: Miraidon\n|-resisted|p2b: Miraidon\n|-crit|p2b: Miraidon\n|-damage|p2b: Miraidon|0 fnt\n|faint|p2b: Miraidon\n|\n|win|mtshushushushu\n|raw|mtshushushushu's rating: 1592 &rarr; <strong>1610<\/strong><br \/>(+18 for winning)\n|raw|longhq's rating: 1551 &rarr; <strong>1533<\/strong><br \/>(-18 for losing)\n|l|\u203dlonghq\n|player|p2|\n|l|\u2606mtshushushushu\n|player|p1|\n","uploadtime":1736687363,"views":8,"formatid":"gen9vgc2025regg","rating":1533,"private":0,"password":null}