{"id":"gen9vgc2025regg-2279891881","format":"[Gen 9] VGC 2025 Reg G","players":["bgc0","Squ1dge_"],"log":"|j|\u2606bgc0\n|j|\u2606Squ1dge_\n|t:|1736719443\n|gametype|doubles\n|player|p1|bgc0|steven|1668\n|player|p2|Squ1dge_|265|1626\n|teamsize|p1|6\n|teamsize|p2|6\n|gen|9\n|tier|[Gen 9] VGC 2025 Reg G\n|rated|\n|rule|Species Clause: Limit one of each Pok\u00e9mon\n|rule|Item Clause: Limit 1 of each item\n|clearpoke\n|poke|p1|Volcarona, L50, M|\n|poke|p1|Eternatus, L50|\n|poke|p1|Iron Bundle, L50|\n|poke|p1|Farigiraf, L50, M|\n|poke|p1|Urshifu-*, L50, F|\n|poke|p1|Ursaluna, L50, M|\n|poke|p2|Farigiraf, L50, F|\n|poke|p2|Regieleki, L50|\n|poke|p2|Landorus, L50, M|\n|poke|p2|Ogerpon-Cornerstone, L50, F|\n|poke|p2|Urshifu-*, L50, F|\n|poke|p2|Calyrex-Ice, L50|\n|teampreview|4\n|inactive|Battle timer is ON: inactive players will automatically lose when time's up. (requested by Squ1dge_)\n|inactive|bgc0 has 60 seconds left.\n|\n|t:|1736719477\n|start\n|switch|p1a: Volcarona|Volcarona, L50, M|100\/100\n|switch|p1b: Iron Bundle|Iron Bundle, L50, shiny|100\/100\n|switch|p2a: Regieleki|Regieleki, L50|100\/100\n|switch|p2b: Calyrex|Calyrex-Ice, L50|100\/100\n|-ability|p2b: Calyrex|As One\n|-ability|p2b: Calyrex|Unnerve\n|-enditem|p1b: Iron Bundle|Booster Energy\n|-activate|p1b: Iron Bundle|ability: Quark Drive|[fromitem]\n|-start|p1b: Iron Bundle|quarkdrivespe\n|turn|1\n|j| judang\n|\n|t:|1736719501\n|-terastallize|p2b: Calyrex|Water\n|move|p1b: Iron Bundle|Protect|p1b: Iron Bundle\n|-singleturn|p1b: Iron Bundle|Protect\n|move|p2a: Regieleki|Volt Switch|p1b: Iron Bundle\n|-activate|p1b: Iron Bundle|move: Protect\n|move|p1a: Volcarona|Heat Wave|p2a: Regieleki|[spread] p2a,p2b\n|-resisted|p2b: Calyrex\n|-damage|p2a: Regieleki|39\/100\n|-damage|p2b: Calyrex|89\/100\n|move|p2b: Calyrex|Glacial Lance|p1b: Iron Bundle|[spread] p1a\n|-activate|p1b: Iron Bundle|move: Protect\n|-resisted|p1a: Volcarona\n|-damage|p1a: Volcarona|73\/100\n|\n|upkeep\n|turn|2\n|j| fasboom\n|\n|t:|1736719523\n|switch|p2a: Urshifu|Urshifu-Rapid-Strike, L50, F|100\/100\n|move|p1b: Iron Bundle|Freeze-Dry|p2a: Urshifu\n|-supereffective|p2a: Urshifu\n|-crit|p2a: Urshifu\n|-damage|p2a: Urshifu|0 fnt\n|faint|p2a: Urshifu\n|move|p1a: Volcarona|Heat Wave|p2b: Calyrex\n|-resisted|p2b: Calyrex\n|-damage|p2b: Calyrex|74\/100\n|move|p2b: Calyrex|Glacial Lance|p1a: Volcarona|[spread] p1a,p1b\n|-resisted|p1a: Volcarona\n|-resisted|p1b: Iron Bundle\n|-damage|p1a: Volcarona|46\/100\n|-damage|p1b: Iron Bundle|82\/100\n|\n|upkeep\n|\n|t:|1736719538\n|switch|p2a: Regieleki|Regieleki, L50|39\/100\n|turn|3\n|\n|t:|1736719545\n|move|p1b: Iron Bundle|Encore|p2b: Calyrex\n|-start|p2b: Calyrex|Encore\n|move|p2a: Regieleki|Electroweb|p1b: Iron Bundle|[spread] p1a,p1b\n|-supereffective|p1b: Iron Bundle\n|-damage|p1a: Volcarona|23\/100\n|-damage|p1b: Iron Bundle|0 fnt\n|-unboost|p1a: Volcarona|spe|1\n|faint|p1b: Iron Bundle\n|-end|p1b: Iron Bundle|Quark Drive|[silent]\n|move|p1a: Volcarona|Heat Wave|p2a: Regieleki|[spread] p2a,p2b\n|-resisted|p2b: Calyrex\n|-damage|p2a: Regieleki|0 fnt\n|-damage|p2b: Calyrex|63\/100\n|faint|p2a: Regieleki\n|move|p2b: Calyrex|Glacial Lance|p1a: Volcarona\n|-resisted|p1a: Volcarona\n|-damage|p1a: Volcarona|0 fnt\n|faint|p1a: Volcarona\n|-ability|p2b: Calyrex|Chilling Neigh|boost\n|-boost|p2b: Calyrex|atk|1\n|\n|upkeep\n|\n|t:|1736719563\n|switch|p2a: Landorus|Landorus, L50, M|100\/100\n|switch|p1b: Urshifu|Urshifu, L50, F|100\/100\n|switch|p1a: Eternatus|Eternatus, L50, shiny|100\/100\n|-ability|p1a: Eternatus|Pressure\n|turn|4\n|inactive|bgc0 has 30 seconds left.\n|inactive|bgc0 has 20 seconds left.\n|\n|t:|1736719601\n|-terastallize|p1a: Eternatus|Dark\n|move|p1b: Urshifu|Sucker Punch|p2b: Calyrex\n|-damage|p2b: Calyrex|25\/100\n|move|p2a: Landorus|Sandsear Storm|p1a: Eternatus|[spread] p1a\n|-miss|p2a: Landorus|p1b: Urshifu\n|-damage|p1a: Eternatus|54\/100\n|move|p1a: Eternatus|Meteor Beam||[still]\n|-prepare|p1a: Eternatus|Meteor Beam\n|-boost|p1a: Eternatus|spa|1\n|-enditem|p1a: Eternatus|Power Herb\n|-anim|p1a: Eternatus|Meteor Beam|p2b: Calyrex\n|-damage|p2b: Calyrex|0 fnt\n|faint|p2b: Calyrex\n|\n|upkeep\n|turn|5\n|\n|t:|1736719622\n|move|p1b: Urshifu|Sucker Punch|p2a: Landorus\n|-damage|p2a: Landorus|38\/100\n|move|p2a: Landorus|Sandsear Storm|p1a: Eternatus|[spread] p1a,p1b\n|-damage|p1a: Eternatus|8\/100\n|-damage|p1b: Urshifu|7\/100\n|move|p1a: Eternatus|Dynamax Cannon|p2a: Landorus\n|-damage|p2a: Landorus|0 fnt\n|faint|p2a: Landorus\n|\n|win|bgc0\n|raw|bgc0's rating: 1668 &rarr; <strong>1686<\/strong><br \/>(+18 for winning)\n|raw|Squ1dge_'s rating: 1626 &rarr; <strong>1608<\/strong><br \/>(-18 for losing)\n|l|\u2606Squ1dge_\n|player|p2|\n|c|\u2606bgc0|Gg\n|l|\u2606bgc0\n|player|p1|\n","uploadtime":1736719801,"views":50,"formatid":"gen9vgc2025regg","rating":1608,"private":0,"password":null}