{"id":"gen9vgc2025regg-2279646373","format":"[Gen 9] VGC 2025 Reg G","players":["Crysantimo","roykeenkennedy"],"log":"|j|\u2606Crysantimo\n|j|\u2606roykeenkennedy\n|t:|1736687134\n|gametype|doubles\n|player|p1|Crysantimo|madame-gen4dp|1603\n|player|p2|roykeenkennedy|alder|1639\n|teamsize|p1|6\n|teamsize|p2|6\n|gen|9\n|tier|[Gen 9] VGC 2025 Reg G\n|rated|\n|rule|Species Clause: Limit one of each Pok\u00e9mon\n|rule|Item Clause: Limit 1 of each item\n|clearpoke\n|poke|p1|Eternatus, L50|\n|poke|p1|Tinkaton, L50, F|\n|poke|p1|Incineroar, L50, M|\n|poke|p1|Farigiraf, L50, M|\n|poke|p1|Urshifu-*, L50, F|\n|poke|p1|Rillaboom, L50, M|\n|poke|p2|Amoonguss, L50, F|\n|poke|p2|Calyrex-Ice, L50|\n|poke|p2|Annihilape, L50, M|\n|poke|p2|Farigiraf, L50, M|\n|poke|p2|Incineroar, L50, F|\n|poke|p2|Grimmsnarl, L50, M|\n|teampreview|4\n|inactive|Battle timer is ON: inactive players will automatically lose when time's up. (requested by Crysantimo)\n|\n|t:|1736687221\n|start\n|switch|p1a: Eternatus|Eternatus, L50|100\/100\n|switch|p1b: Tinkaton|Tinkaton, L50, F|100\/100\n|switch|p2a: Calyrex|Calyrex-Ice, L50|100\/100\n|switch|p2b: Annihilape|Annihilape, L50, M|100\/100\n|-ability|p2a: Calyrex|As One\n|-ability|p2a: Calyrex|Unnerve\n|-ability|p1a: Eternatus|Pressure\n|-ability|p1b: Tinkaton|Mold Breaker\n|turn|1\n|\n|t:|1736687241\n|-terastallize|p1a: Eternatus|Poison\n|-terastallize|p2a: Calyrex|Water\n|move|p1b: Tinkaton|Feint|p2a: Calyrex\n|-damage|p2a: Calyrex|96\/100\n|move|p2b: Annihilape|Coaching|p2a: Calyrex\n|-boost|p2a: Calyrex|atk|1\n|-boost|p2a: Calyrex|def|1\n|move|p1a: Eternatus|Sludge Wave|p2b: Annihilape|[spread] p2a,p2b\n|-immune|p1b: Tinkaton\n|-resisted|p2b: Annihilape\n|-damage|p2a: Calyrex|36\/100\n|-damage|p2b: Annihilape|62\/100\n|-status|p2b: Annihilape|psn\n|move|p2a: Calyrex|Trick Room|p2a: Calyrex\n|-fieldstart|move: Trick Room|[of] p2a: Calyrex\n|\n|-damage|p2b: Annihilape|49\/100 psn|[from] psn\n|upkeep\n|turn|2\n|inactive|roykeenkennedy has 30 seconds left.\n|\n|t:|1736687269\n|switch|p2b: Amoonguss|Amoonguss, L50, F|100\/100\n|move|p2a: Calyrex|High Horsepower|p1a: Eternatus\n|-supereffective|p1a: Eternatus\n|-damage|p1a: Eternatus|0 fnt\n|faint|p1a: Eternatus\n|-ability|p2a: Calyrex|Chilling Neigh|boost\n|-boost|p2a: Calyrex|atk|1\n|move|p1b: Tinkaton|Gigaton Hammer|p2b: Amoonguss\n|-damage|p2b: Amoonguss|58\/100\n|\n|upkeep\n|\n|t:|1736687272\n|switch|p1a: Rillaboom|Rillaboom, L50, M|100\/100\n|-fieldstart|move: Grassy Terrain|[from] ability: Grassy Surge|[of] p1a: Rillaboom\n|turn|3\n|\n|t:|1736687295\n|move|p1b: Tinkaton|Feint|p2a: Calyrex\n|-damage|p2a: Calyrex|33\/100\n|move|p1a: Rillaboom|Grassy Glide|p2a: Calyrex\n|-supereffective|p2a: Calyrex\n|-damage|p2a: Calyrex|4\/100\n|move|p2b: Amoonguss|Pollen Puff|p2a: Calyrex\n|-heal|p2a: Calyrex|54\/100\n|move|p2a: Calyrex|Glacial Lance|p1b: Tinkaton|[spread] p1a,p1b\n|-supereffective|p1a: Rillaboom\n|-resisted|p1b: Tinkaton\n|-damage|p1a: Rillaboom|0 fnt\n|-damage|p1b: Tinkaton|41\/100\n|faint|p1a: Rillaboom\n|-ability|p2a: Calyrex|Chilling Neigh|boost\n|-boost|p2a: Calyrex|atk|1\n|\n|-heal|p2b: Amoonguss|64\/100|[from] Grassy Terrain\n|-heal|p2a: Calyrex|60\/100|[from] Grassy Terrain\n|-heal|p1b: Tinkaton|47\/100|[from] Grassy Terrain\n|upkeep\n|\n|t:|1736687298\n|switch|p1a: Urshifu|Urshifu-Rapid-Strike, L50, F|100\/100\n|turn|4\n|\n|t:|1736687323\n|move|p2b: Amoonguss|Pollen Puff|p2a: Calyrex\n|-heal|p2a: Calyrex|100\/100\n|move|p2a: Calyrex|Glacial Lance|p1b: Tinkaton|[spread] p1a,p1b\n|-resisted|p1a: Urshifu\n|-resisted|p1b: Tinkaton\n|-damage|p1a: Urshifu|22\/100\n|-damage|p1b: Tinkaton|0 fnt\n|faint|p1b: Tinkaton\n|-ability|p2a: Calyrex|Chilling Neigh|boost\n|-boost|p2a: Calyrex|atk|1\n|move|p1a: Urshifu|Close Combat|p2a: Calyrex\n|-damage|p2a: Calyrex|74\/100\n|-unboost|p1a: Urshifu|def|1\n|-unboost|p1a: Urshifu|spd|1\n|\n|-heal|p2b: Amoonguss|70\/100|[from] Grassy Terrain\n|-heal|p2a: Calyrex|80\/100|[from] Grassy Terrain\n|-heal|p1a: Urshifu|28\/100|[from] Grassy Terrain\n|upkeep\n|turn|5\n|inactive|roykeenkennedy has 30 seconds left.\n|\n|t:|1736687350\n|move|p2b: Amoonguss|Spore|p1a: Urshifu\n|-status|p1a: Urshifu|slp|[from] move: Spore\n|move|p2a: Calyrex|Glacial Lance|p1a: Urshifu\n|-resisted|p1a: Urshifu\n|-damage|p1a: Urshifu|0 fnt\n|faint|p1a: Urshifu\n|\n|win|roykeenkennedy\n|raw|Crysantimo's rating: 1603 &rarr; <strong>1585<\/strong><br \/>(-18 for losing)\n|raw|roykeenkennedy's rating: 1639 &rarr; <strong>1657<\/strong><br \/>(+18 for winning)\n|l|\u2606roykeenkennedy\n|player|p2|\n","uploadtime":1736687502,"views":103,"formatid":"gen9vgc2025regg","rating":1585,"private":0,"password":null}