{"id":"gen9vgc2025regg-2279672813","format":"[Gen 9] VGC 2025 Reg G","players":["mtshushushushu","Zyros Phade"],"log":"|j|\u2606mtshushushushu\n|j|\u2606Zyros Phade\n|t:|1736691502\n|gametype|doubles\n|player|p1|mtshushushushu|169|1579\n|player|p2|Zyros Phade|101|1627\n|teamsize|p1|6\n|teamsize|p2|6\n|gen|9\n|tier|[Gen 9] VGC 2025 Reg G\n|rated|\n|rule|Species Clause: Limit one of each Pok\u00e9mon\n|rule|Item Clause: Limit 1 of each item\n|clearpoke\n|poke|p1|Koraidon, L50|\n|poke|p1|Indeedee-F, L50, F|\n|poke|p1|Armarouge, L50, F|\n|poke|p1|Flutter Mane, L50|\n|poke|p1|Raging Bolt, L50|\n|poke|p1|Urshifu-*, L50, F|\n|poke|p2|Urshifu-*, L50, F|\n|poke|p2|Kyogre, L50|\n|poke|p2|Iron Hands, L50|\n|poke|p2|Baxcalibur, L50, M|\n|poke|p2|Indeedee-F, L50, F|\n|poke|p2|Murkrow, L50, M|\n|teampreview|4\n|j| Lavenderawa\n|j| daanwang1\n|inactive|Battle timer is ON: inactive players will automatically lose when time's up. (requested by Zyros Phade)\n|j| DaN00biest\n|\n|t:|1736691530\n|start\n|switch|p1a: Raging Bolt|Raging Bolt, L50|100\/100\n|switch|p1b: Flutter Mane|Flutter Mane, L50|100\/100\n|switch|p2a: Murkrow|Murkrow, L50, M|100\/100\n|switch|p2b: Kyogre|Kyogre, L50, shiny|100\/100\n|-weather|RainDance|[from] ability: Drizzle|[of] p2b: Kyogre\n|turn|1\n|\n|t:|1736691549\n|-end|p1b: Flutter Mane|Protosynthesis|[silent]\n|switch|p1b: Koraidon|Koraidon, L50|100\/100\n|-weather|SunnyDay|[from] ability: Orichalcum Pulse|[of] p1b: Koraidon\n|-activate|p1a: Raging Bolt|ability: Protosynthesis\n|-start|p1a: Raging Bolt|protosynthesisspa\n|-activate|p1b: Koraidon|Orichalcum Pulse|[source]\n|-terastallize|p2b: Kyogre|Water\n|move|p2a: Murkrow|Rain Dance|p2a: Murkrow\n|-weather|RainDance\n|-end|p1a: Raging Bolt|Protosynthesis\n|move|p2b: Kyogre|Water Spout|p1a: Raging Bolt|[spread] p1a,p1b\n|-resisted|p1a: Raging Bolt\n|-resisted|p1b: Koraidon\n|-damage|p1a: Raging Bolt|35\/100\n|-damage|p1b: Koraidon|2\/100\n|move|p1a: Raging Bolt|Thunderbolt|p2a: Murkrow\n|-supereffective|p2a: Murkrow\n|-enditem|p2a: Murkrow|Focus Sash\n|-damage|p2a: Murkrow|1\/100\n|\n|-weather|RainDance|[upkeep]\n|upkeep\n|turn|2\n|j| Mobile-NWNCC\n|\n|t:|1736691570\n|move|p1b: Koraidon|Protect|p1b: Koraidon\n|-singleturn|p1b: Koraidon|Protect\n|move|p2a: Murkrow|Tailwind|p2a: Murkrow\n|-sidestart|p2: Zyros Phade|move: Tailwind\n|move|p1a: Raging Bolt|Thunderclap|p2b: Kyogre\n|-supereffective|p2b: Kyogre\n|-damage|p2b: Kyogre|44\/100\n|move|p2b: Kyogre|Water Spout|p1b: Koraidon|[spread] p1a\n|-activate|p1b: Koraidon|move: Protect\n|-resisted|p1a: Raging Bolt\n|-damage|p1a: Raging Bolt|8\/100\n|\n|-weather|RainDance|[upkeep]\n|upkeep\n|turn|3\n|\n|t:|1736691584\n|switch|p2b: Baxcalibur|Baxcalibur, L50, M|100\/100\n|switch|p1b: Flutter Mane|Flutter Mane, L50|100\/100\n|move|p1a: Raging Bolt|Thunderclap||[still]\n|-fail|p1a: Raging Bolt\n|move|p2a: Murkrow|Hurricane|p1a: Raging Bolt\n|-resisted|p1a: Raging Bolt\n|-damage|p1a: Raging Bolt|0 fnt\n|faint|p1a: Raging Bolt\n|-end|p1a: Raging Bolt|Protosynthesis|[silent]\n|\n|-weather|RainDance|[upkeep]\n|upkeep\n|j| shigeru_old\n|\n|t:|1736691602\n|switch|p1a: Urshifu|Urshifu, L50, F|100\/100\n|turn|4\n|\n|t:|1736691611\n|switch|p1a: Koraidon|Koraidon, L50|2\/100\n|-weather|SunnyDay|[from] ability: Orichalcum Pulse|[of] p1a: Koraidon\n|-activate|p1b: Flutter Mane|ability: Protosynthesis\n|-start|p1b: Flutter Mane|protosynthesisspe\n|-activate|p1a: Koraidon|Orichalcum Pulse|[source]\n|-terastallize|p1b: Flutter Mane|Fairy\n|move|p1b: Flutter Mane|Dazzling Gleam|p2b: Baxcalibur|[spread] p2a,p2b\n|-supereffective|p2a: Murkrow\n|-supereffective|p2b: Baxcalibur\n|-damage|p2a: Murkrow|0 fnt\n|-damage|p2b: Baxcalibur|0 fnt\n|faint|p2a: Murkrow\n|faint|p2b: Baxcalibur\n|\n|-weather|SunnyDay|[upkeep]\n|upkeep\n|\n|t:|1736691621\n|switch|p2b: Urshifu|Urshifu-Rapid-Strike, L50, F|100\/100\n|switch|p2a: Kyogre|Kyogre, L50, shiny, tera:Water|44\/100\n|-weather|RainDance|[from] ability: Drizzle|[of] p2a: Kyogre\n|-end|p1b: Flutter Mane|Protosynthesis\n|turn|5\n|\n|t:|1736691632\n|switch|p1a: Urshifu|Urshifu, L50, F|100\/100\n|move|p2b: Urshifu|Surging Strikes|p1b: Flutter Mane\n|-crit|p1b: Flutter Mane\n|-damage|p1b: Flutter Mane|38\/100\n|-crit|p1b: Flutter Mane\n|-damage|p1b: Flutter Mane|0 fnt\n|faint|p1b: Flutter Mane\n|-end|p1b: Flutter Mane|Protosynthesis|[silent]\n|-hitcount|p1: Flutter Mane|2\n|move|p2a: Kyogre|Tera Blast|p1a: Urshifu|[anim] Tera Blast Water\n|-damage|p1a: Urshifu|0 fnt\n|faint|p1a: Urshifu\n|\n|-weather|RainDance|[upkeep]\n|-sideend|p2: Zyros Phade|move: Tailwind\n|upkeep\n|\n|t:|1736691644\n|switch|p1b: Koraidon|Koraidon, L50|2\/100\n|-weather|SunnyDay|[from] ability: Orichalcum Pulse|[of] p1b: Koraidon\n|-activate|p1b: Koraidon|Orichalcum Pulse|[source]\n|turn|6\n|-message|mtshushushushu forfeited.\n|\n|win|Zyros Phade\n|raw|mtshushushushu's rating: 1579 &rarr; <strong>1562<\/strong><br \/>(-17 for losing)\n|raw|Zyros Phade's rating: 1627 &rarr; <strong>1644<\/strong><br \/>(+17 for winning)\n|l|\u2606mtshushushushu\n|player|p1|\n|l| Lavenderawa\n|l| DaN00biest\n|l|\u2606Zyros Phade\n|player|p2|\n|l| Mobile-NWNCC\n","uploadtime":1736691816,"views":71,"formatid":"gen9vgc2025regg","rating":1562,"private":0,"password":null}