{"id":"gen9vgc2025regg-2279409160","format":"[Gen 9] VGC 2025 Reg G","players":["SeaWolfMikess","nomissPlz"],"log":"|j|\u2606SeaWolfMikess\n|j|\u2606nomissPlz\n|t:|1736644172\n|gametype|doubles\n|player|p1|SeaWolfMikess|hugh|1629\n|player|p2|nomissPlz|101|1547\n|teamsize|p1|6\n|teamsize|p2|6\n|gen|9\n|tier|[Gen 9] VGC 2025 Reg G\n|rated|\n|rule|Species Clause: Limit one of each Pok\u00e9mon\n|rule|Item Clause: Limit 1 of each item\n|clearpoke\n|poke|p1|Landorus, L50, M|\n|poke|p1|Urshifu-*, L50, F|\n|poke|p1|Iron Valiant, L50|\n|poke|p1|Pelipper, L50, F|\n|poke|p1|Amoonguss, L50, F|\n|poke|p1|Calyrex-Ice, L50|\n|poke|p2|Whimsicott, L50, M|\n|poke|p2|Archaludon, L50, F|\n|poke|p2|Kyogre, L50|\n|poke|p2|Urshifu-*, L50, F|\n|poke|p2|Tsareena, L50, F|\n|poke|p2|Rillaboom, L50, M|\n|teampreview|4\n|j| xXRodXx\n|\n|t:|1736644236\n|start\n|switch|p1a: Urshifu|Urshifu-Rapid-Strike, L50, F|100\/100\n|switch|p1b: Iron Valiant|Iron Valiant, L50|100\/100\n|switch|p2a: Kyogre|Kyogre, L50|100\/100\n|switch|p2b: Urshifu|Urshifu, L50, F|100\/100\n|-weather|RainDance|[from] ability: Drizzle|[of] p2a: Kyogre\n|-enditem|p1b: Iron Valiant|Booster Energy\n|-activate|p1b: Iron Valiant|ability: Quark Drive|[fromitem]\n|-start|p1b: Iron Valiant|quarkdrivespe\n|turn|1\n|\n|t:|1736644254\n|move|p1b: Iron Valiant|Wide Guard|p1b: Iron Valiant\n|-singleturn|p1b: Iron Valiant|Wide Guard\n|move|p2b: Urshifu|Sucker Punch|p1a: Urshifu\n|-resisted|p1a: Urshifu\n|-damage|p1a: Urshifu|82\/100\n|move|p2a: Kyogre|Thunder|p1a: Urshifu\n|-supereffective|p1a: Urshifu\n|-damage|p1a: Urshifu|0 fnt\n|faint|p1a: Urshifu\n|\n|-weather|RainDance|[upkeep]\n|upkeep\n|\n|t:|1736644261\n|switch|p1a: Calyrex|Calyrex-Ice, L50|100\/100\n|-ability|p1a: Calyrex|As One\n|-ability|p1a: Calyrex|Unnerve\n|turn|2\n|\n|t:|1736644281\n|-terastallize|p2b: Urshifu|Dark\n|-terastallize|p1a: Calyrex|Grass\n|move|p1b: Iron Valiant|Spirit Break|p2b: Urshifu\n|-supereffective|p2b: Urshifu\n|-damage|p2b: Urshifu|32\/100\n|-unboost|p2b: Urshifu|spa|1\n|move|p2a: Kyogre|Thunder|p1a: Calyrex\n|-resisted|p1a: Calyrex\n|-damage|p1a: Calyrex|87\/100\n|-status|p1a: Calyrex|par\n|move|p2b: Urshifu|Wicked Blow|p1a: Calyrex\n|-crit|p1a: Calyrex\n|-damage|p1a: Calyrex|40\/100 par\n|move|p1a: Calyrex|Trick Room|p1a: Calyrex\n|-fieldstart|move: Trick Room|[of] p1a: Calyrex\n|\n|-weather|RainDance|[upkeep]\n|upkeep\n|turn|3\n|\n|t:|1736644311\n|switch|p1a: Amoonguss|Amoonguss, L50, F|100\/100\n|switch|p2a: Rillaboom|Rillaboom, L50, M|100\/100\n|-fieldstart|move: Grassy Terrain|[from] ability: Grassy Surge|[of] p2a: Rillaboom\n|move|p2b: Urshifu|Sucker Punch||[still]\n|-fail|p2b: Urshifu\n|move|p1b: Iron Valiant|Spirit Break|p2b: Urshifu\n|-supereffective|p2b: Urshifu\n|-damage|p2b: Urshifu|0 fnt\n|faint|p2b: Urshifu\n|\n|-weather|RainDance|[upkeep]\n|upkeep\n|\n|t:|1736644340\n|switch|p2b: Archaludon|Archaludon, L50, F|100\/100\n|turn|4\n|\n|t:|1736644349\n|move|p2b: Archaludon|Protect|p2b: Archaludon\n|-singleturn|p2b: Archaludon|Protect\n|move|p1a: Amoonguss|Spore|p2b: Archaludon\n|-activate|p2b: Archaludon|move: Protect\n|move|p2a: Rillaboom|Wood Hammer|p1b: Iron Valiant\n|-damage|p1b: Iron Valiant|13\/100\n|-damage|p2a: Rillaboom|74\/100|[from] Recoil\n|move|p1b: Iron Valiant|Encore|p2a: Rillaboom\n|-start|p2a: Rillaboom|Encore\n|\n|-weather|RainDance|[upkeep]\n|-heal|p2a: Rillaboom|80\/100|[from] Grassy Terrain\n|-heal|p1b: Iron Valiant|19\/100|[from] Grassy Terrain\n|upkeep\n|turn|5\n|\n|t:|1736644384\n|-end|p1b: Iron Valiant|Quark Drive|[silent]\n|switch|p1b: Calyrex|Calyrex-Ice, L50, tera:Grass|40\/100 par\n|-ability|p1b: Calyrex|As One\n|-ability|p1b: Calyrex|Unnerve\n|move|p2b: Archaludon|Protect||[still]\n|-fail|p2b: Archaludon\n|move|p1a: Amoonguss|Spore|p2b: Archaludon\n|-status|p2b: Archaludon|slp|[from] move: Spore\n|move|p2a: Rillaboom|Wood Hammer|p1a: Amoonguss\n|-resisted|p1a: Amoonguss\n|-damage|p1a: Amoonguss|85\/100\n|-damage|p2a: Rillaboom|64\/100|[from] item: Rocky Helmet|[of] p1a: Amoonguss\n|-damage|p2a: Rillaboom|58\/100|[from] Recoil\n|\n|-weather|none\n|-heal|p1a: Amoonguss|91\/100|[from] Grassy Terrain\n|-heal|p1b: Calyrex|46\/100 par|[from] Grassy Terrain\n|-heal|p2a: Rillaboom|64\/100|[from] Grassy Terrain\n|upkeep\n|turn|6\n|j| shihevper1\n|\n|t:|1736644424\n|move|p1a: Amoonguss|Pollen Puff|p1b: Calyrex\n|-heal|p1b: Calyrex|96\/100 par\n|cant|p1b: Calyrex|par\n|move|p2a: Rillaboom|Wood Hammer|p1a: Amoonguss\n|-resisted|p1a: Amoonguss\n|-damage|p1a: Amoonguss|76\/100\n|-damage|p2a: Rillaboom|48\/100|[from] item: Rocky Helmet|[of] p1a: Amoonguss\n|-damage|p2a: Rillaboom|42\/100|[from] Recoil\n|cant|p2b: Archaludon|slp\n|\n|-heal|p1a: Amoonguss|82\/100|[from] Grassy Terrain\n|-heal|p1b: Calyrex|100\/100 par|[from] Grassy Terrain\n|-heal|p2a: Rillaboom|48\/100|[from] Grassy Terrain\n|-fieldend|move: Trick Room\n|upkeep\n|turn|7\n|\n|t:|1736644471\n|cant|p2b: Archaludon|slp\n|move|p2a: Rillaboom|Wood Hammer|p1b: Calyrex\n|-resisted|p1b: Calyrex\n|-damage|p1b: Calyrex|74\/100 par\n|-damage|p2a: Rillaboom|39\/100|[from] Recoil\n|move|p1a: Amoonguss|Spore|p2b: Archaludon\n|-fail|p2b: Archaludon|slp\n|move|p1b: Calyrex|Trick Room|p1b: Calyrex\n|-fieldstart|move: Trick Room|[of] p1b: Calyrex\n|\n|-heal|p1a: Amoonguss|88\/100|[from] Grassy Terrain\n|-heal|p1b: Calyrex|80\/100 par|[from] Grassy Terrain\n|-heal|p2a: Rillaboom|45\/100|[from] Grassy Terrain\n|-end|p2a: Rillaboom|Encore\n|-fieldend|move: Grassy Terrain\n|upkeep\n|turn|8\n|\n|t:|1736644494\n|switch|p2a: Kyogre|Kyogre, L50|100\/100\n|-weather|RainDance|[from] ability: Drizzle|[of] p2a: Kyogre\n|move|p1a: Amoonguss|Pollen Puff|p1b: Calyrex\n|-heal|p1b: Calyrex|100\/100 par\n|move|p1b: Calyrex|Glacial Lance|p2b: Archaludon|[spread] p2a,p2b\n|-resisted|p2a: Kyogre\n|-damage|p2a: Kyogre|72\/100\n|-damage|p2b: Archaludon|55\/100 slp\n|cant|p2b: Archaludon|slp\n|\n|-weather|RainDance|[upkeep]\n|upkeep\n|turn|9\n|\n|t:|1736644526\n|switch|p2a: Rillaboom|Rillaboom, L50, M|45\/100\n|-fieldstart|move: Grassy Terrain|[from] ability: Grassy Surge|[of] p2a: Rillaboom\n|move|p1a: Amoonguss|Spore|p2a: Rillaboom\n|-immune|p2a: Rillaboom\n|move|p1b: Calyrex|Glacial Lance|p2a: Rillaboom|[spread] p2a,p2b\n|-supereffective|p2a: Rillaboom\n|-damage|p2a: Rillaboom|0 fnt\n|-damage|p2b: Archaludon|7\/100 slp\n|faint|p2a: Rillaboom\n|-ability|p1b: Calyrex|Chilling Neigh|boost\n|-boost|p1b: Calyrex|atk|1\n|-curestatus|p2b: Archaludon|slp|[msg]\n|move|p2b: Archaludon|Electro Shot||[still]\n|-prepare|p2b: Archaludon|Electro Shot\n|-boost|p2b: Archaludon|spa|1\n|-anim|p2b: Archaludon|Electro Shot|p1b: Calyrex\n|-resisted|p1b: Calyrex\n|-damage|p1b: Calyrex|75\/100 par\n|\n|-weather|RainDance|[upkeep]\n|-heal|p1a: Amoonguss|94\/100|[from] Grassy Terrain\n|-heal|p1b: Calyrex|81\/100 par|[from] Grassy Terrain\n|-heal|p2b: Archaludon|13\/100|[from] Grassy Terrain\n|upkeep\n|-message|nomissPlz forfeited.\n|\n|win|SeaWolfMikess\n|raw|SeaWolfMikess's rating: 1629 &rarr; <strong>1644<\/strong><br \/>(+15 for winning)\n|raw|nomissPlz's rating: 1547 &rarr; <strong>1532<\/strong><br \/>(-15 for losing)\n|l|\u2606nomissPlz\n|player|p2|\n|l| xXRodXx\n|l| shihevper1\n","uploadtime":1736644716,"views":116,"formatid":"gen9vgc2025regg","rating":1532,"private":0,"password":null}