{"id":"gen9vgc2025regg-2279909016","format":"[Gen 9] VGC 2025 Reg G","players":["Squ1dge_","FunkyPengu1n"],"log":"|j|\u2606Squ1dge_\n|j|\u203dFunkyPengu1n\n|t:|1736721587\n|gametype|doubles\n|player|p1|Squ1dge_|265|1561\n|player|p2|FunkyPengu1n|265|1680\n|teamsize|p1|6\n|teamsize|p2|6\n|gen|9\n|tier|[Gen 9] VGC 2025 Reg G\n|rated|\n|rule|Species Clause: Limit one of each Pok\u00e9mon\n|rule|Item Clause: Limit 1 of each item\n|clearpoke\n|poke|p1|Farigiraf, L50, M|\n|poke|p1|Regieleki, L50|\n|poke|p1|Landorus, L50, M|\n|poke|p1|Ogerpon-Cornerstone, L50, F|\n|poke|p1|Urshifu-*, L50, M|\n|poke|p1|Calyrex-Ice, L50|\n|poke|p2|Zamazenta-*, L50|\n|poke|p2|Chien-Pao, L50|\n|poke|p2|Urshifu-*, L50, M|\n|poke|p2|Tornadus, L50, M|\n|poke|p2|Landorus, L50, M|\n|poke|p2|Raging Bolt, L50|\n|teampreview|4\n|inactive|Battle timer is ON: inactive players will automatically lose when time's up. (requested by Squ1dge_)\n|inactive|Squ1dge_ has 60 seconds left.\n|inactive|FunkyPengu1n has 60 seconds left.\n|\n|t:|1736721627\n|start\n|switch|p1a: Urshifu|Urshifu-Rapid-Strike, L50, M|100\/100\n|switch|p1b: Calyrex|Calyrex-Ice, L50|100\/100\n|switch|p2a: Chien-Pao|Chien-Pao, L50|100\/100\n|switch|p2b: Zamazenta|Zamazenta-Crowned, L50|100\/100\n|-ability|p1b: Calyrex|As One\n|-ability|p1b: Calyrex|Unnerve\n|-ability|p2a: Chien-Pao|Sword of Ruin\n|-ability|p2b: Zamazenta|Dauntless Shield|boost\n|-boost|p2b: Zamazenta|def|1\n|turn|1\n|\n|t:|1736721652\n|switch|p2a: Raging Bolt|Raging Bolt, L50|100\/100\n|move|p1b: Calyrex|Protect|p1b: Calyrex\n|-singleturn|p1b: Calyrex|Protect\n|move|p2b: Zamazenta|Body Press|p1b: Calyrex\n|-activate|p1b: Calyrex|move: Protect\n|move|p1a: Urshifu|Surging Strikes|p2a: Raging Bolt\n|-resisted|p2a: Raging Bolt\n|-crit|p2a: Raging Bolt\n|-damage|p2a: Raging Bolt|92\/100\n|-resisted|p2a: Raging Bolt\n|-crit|p2a: Raging Bolt\n|-damage|p2a: Raging Bolt|83\/100\n|-resisted|p2a: Raging Bolt\n|-crit|p2a: Raging Bolt\n|-damage|p2a: Raging Bolt|73\/100\n|-hitcount|p2a: Raging Bolt|3\n|\n|upkeep\n|turn|2\n|j| fasboom\n|j| zzz1994000\n|l| zzz1994000\n|inactive|Squ1dge_ has 30 seconds left.\n|inactive|FunkyPengu1n has 30 seconds left.\n|inactive|FunkyPengu1n has 20 seconds left.\n|\n|t:|1736721693\n|switch|p1a: Landorus|Landorus, L50, M|100\/100\n|move|p2b: Zamazenta|Body Press|p1b: Calyrex\n|-damage|p1b: Calyrex|60\/100\n|move|p2a: Raging Bolt|Draco Meteor|p1b: Calyrex\n|-damage|p1b: Calyrex|15\/100\n|-unboost|p2a: Raging Bolt|spa|2\n|move|p1b: Calyrex|Glacial Lance|p2b: Zamazenta|[spread] p2a,p2b\n|-supereffective|p2a: Raging Bolt\n|-resisted|p2b: Zamazenta\n|-damage|p2a: Raging Bolt|0 fnt\n|-damage|p2b: Zamazenta|89\/100\n|faint|p2a: Raging Bolt\n|-end|p2a: Raging Bolt|Protosynthesis|[silent]\n|-ability|p1b: Calyrex|Chilling Neigh|boost\n|-boost|p1b: Calyrex|atk|1\n|\n|upkeep\n|\n|t:|1736721706\n|switch|p2a: Chien-Pao|Chien-Pao, L50|100\/100\n|-ability|p2a: Chien-Pao|Sword of Ruin\n|turn|3\n|\n|t:|1736721720\n|move|p1a: Landorus|Protect|p1a: Landorus\n|-singleturn|p1a: Landorus|Protect\n|move|p2a: Chien-Pao|Ice Shard|p1a: Landorus\n|-activate|p1a: Landorus|move: Protect\n|move|p2b: Zamazenta|Body Press|p1b: Calyrex\n|-crit|p1b: Calyrex\n|-damage|p1b: Calyrex|0 fnt\n|faint|p1b: Calyrex\n|\n|upkeep\n|j| Therazer456\n|\n|t:|1736721730\n|switch|p1b: Ogerpon|Ogerpon-Cornerstone, L50, F|100\/100\n|turn|4\n|\n|t:|1736721755\n|move|p2b: Zamazenta|Protect|p2b: Zamazenta\n|-singleturn|p2b: Zamazenta|Protect\n|move|p1b: Ogerpon|Follow Me|p1b: Ogerpon\n|-singleturn|p1b: Ogerpon|move: Follow Me\n|move|p2a: Chien-Pao|Icicle Crash|p1b: Ogerpon\n|-supereffective|p1b: Ogerpon\n|-ability|p1b: Ogerpon|Sturdy\n|-damage|p1b: Ogerpon|1\/100\n|move|p1a: Landorus|Earth Power|p2a: Chien-Pao\n|-enditem|p2a: Chien-Pao|Focus Sash\n|-damage|p2a: Chien-Pao|1\/100\n|\n|upkeep\n|turn|5\n|inactive|FunkyPengu1n has 30 seconds left.\n|\n|t:|1736721780\n|move|p2a: Chien-Pao|Protect|p2a: Chien-Pao\n|-singleturn|p2a: Chien-Pao|Protect\n|move|p1b: Ogerpon|Follow Me|p1b: Ogerpon\n|-singleturn|p1b: Ogerpon|move: Follow Me\n|move|p1a: Landorus|Earth Power|p2b: Zamazenta\n|-supereffective|p2b: Zamazenta\n|-damage|p2b: Zamazenta|0 fnt\n|faint|p2b: Zamazenta\n|\n|upkeep\n|\n|t:|1736721787\n|switch|p2b: Urshifu|Urshifu-Rapid-Strike, L50, M|100\/100\n|turn|6\n|l| fasboom\n|\n|t:|1736721810\n|-terastallize|p1a: Landorus|Poison\n|-terastallize|p2b: Urshifu|Water\n|move|p1b: Ogerpon|Follow Me|p1b: Ogerpon\n|-singleturn|p1b: Ogerpon|move: Follow Me\n|move|p2a: Chien-Pao|Ice Shard|p1b: Ogerpon\n|-supereffective|p1b: Ogerpon\n|-damage|p1b: Ogerpon|0 fnt\n|faint|p1b: Ogerpon\n|move|p2b: Urshifu|Aqua Jet|p1a: Landorus\n|-damage|p1a: Landorus|53\/100\n|move|p1a: Landorus|Earth Power|p2a: Chien-Pao\n|-damage|p2a: Chien-Pao|0 fnt\n|faint|p2a: Chien-Pao\n|\n|upkeep\n|j| fasboom\n|l| fasboom\n|\n|t:|1736721828\n|switch|p1b: Urshifu|Urshifu-Rapid-Strike, L50, M|100\/100\n|turn|7\n|\n|t:|1736721836\n|move|p1a: Landorus|Earth Power|p2b: Urshifu\n|-damage|p2b: Urshifu|17\/100\n|move|p1b: Urshifu|Close Combat|p2b: Urshifu\n|-damage|p2b: Urshifu|0 fnt\n|-unboost|p1b: Urshifu|def|1\n|-unboost|p1b: Urshifu|spd|1\n|faint|p2b: Urshifu\n|\n|win|Squ1dge_\n|raw|Squ1dge_'s rating: 1561 &rarr; <strong>1588<\/strong><br \/>(+27 for winning)\n|raw|FunkyPengu1n's rating: 1680 &rarr; <strong>1653<\/strong><br \/>(-27 for losing)\n|l|\u203dFunkyPengu1n\n|player|p2|\n|l|\u2606Squ1dge_\n|player|p1|\n|l| Therazer456\n","uploadtime":1736722027,"views":20,"formatid":"gen9vgc2025regg","rating":1588,"private":0,"password":null}