{"id":"gen9vgc2025regg-2279866731","format":"[Gen 9] VGC 2025 Reg G","players":["Yung Trav","FunkyPengu1n"],"log":"|j|\u2606Yung Trav\n|j|\u203dFunkyPengu1n\n|t:|1736716410\n|gametype|doubles\n|player|p1|Yung Trav|266|1555\n|player|p2|FunkyPengu1n|265|1610\n|teamsize|p1|6\n|teamsize|p2|6\n|gen|9\n|tier|[Gen 9] VGC 2025 Reg G\n|rated|\n|rule|Species Clause: Limit one of each Pok\u00e9mon\n|rule|Item Clause: Limit 1 of each item\n|clearpoke\n|poke|p1|Calyrex-Ice, L50|\n|poke|p1|Regidrago, L50|\n|poke|p1|Smeargle, L50, M|\n|poke|p1|Farigiraf, L50, M|\n|poke|p1|Urshifu-*, L50, M|\n|poke|p1|Ogerpon-Cornerstone, L50, F|\n|poke|p2|Zamazenta-*, L50|\n|poke|p2|Chien-Pao, L50|\n|poke|p2|Urshifu-*, L50, M|\n|poke|p2|Tornadus, L50, M|\n|poke|p2|Landorus, L50, M|\n|poke|p2|Raging Bolt, L50|\n|teampreview|4\n|\n|t:|1736716442\n|start\n|switch|p1a: Calyrex|Calyrex-Ice, L50|100\/100\n|switch|p1b: Smeargle|Smeargle, L50, M, shiny|100\/100\n|switch|p2a: Chien-Pao|Chien-Pao, L50|100\/100\n|switch|p2b: Zamazenta|Zamazenta-Crowned, L50|100\/100\n|-ability|p1a: Calyrex|As One\n|-ability|p1a: Calyrex|Unnerve\n|-ability|p2a: Chien-Pao|Sword of Ruin\n|-ability|p2b: Zamazenta|Dauntless Shield|boost\n|-boost|p2b: Zamazenta|def|1\n|turn|1\n|\n|t:|1736716459\n|-terastallize|p1a: Calyrex|Water\n|move|p1b: Smeargle|Fake Out|p2b: Zamazenta\n|-resisted|p2b: Zamazenta\n|-damage|p2b: Zamazenta|99\/100\n|move|p2a: Chien-Pao|Icicle Crash|p1b: Smeargle\n|-crit|p1b: Smeargle\n|-enditem|p1b: Smeargle|Focus Sash\n|-damage|p1b: Smeargle|1\/100\n|cant|p2b: Zamazenta|flinch\n|move|p1a: Calyrex|Trick Room|p1a: Calyrex\n|-fieldstart|move: Trick Room|[of] p1a: Calyrex\n|\n|upkeep\n|turn|2\n|j| maya hoppins\n|\n|t:|1736716483\n|move|p2a: Chien-Pao|Ice Shard|p1b: Smeargle\n|-damage|p1b: Smeargle|0 fnt\n|faint|p1b: Smeargle\n|move|p1a: Calyrex|High Horsepower|p2b: Zamazenta\n|-supereffective|p2b: Zamazenta\n|-damage|p2b: Zamazenta|56\/100\n|move|p2b: Zamazenta|Body Press|p1a: Calyrex\n|-damage|p1a: Calyrex|50\/100\n|\n|upkeep\n|\n|t:|1736716494\n|switch|p1b: Regidrago|Regidrago, L50, shiny|100\/100\n|turn|3\n|\n|t:|1736716518\n|move|p2b: Zamazenta|Wide Guard|p2b: Zamazenta\n|-singleturn|p2b: Zamazenta|Wide Guard\n|move|p1b: Regidrago|Dragon Energy|p2b: Zamazenta|[spread] \n|-activate|p2a: Chien-Pao|move: Wide Guard\n|-activate|p2b: Zamazenta|move: Wide Guard\n|move|p1a: Calyrex|Glacial Lance|p2a: Chien-Pao|[spread] \n|-activate|p2a: Chien-Pao|move: Wide Guard\n|-activate|p2b: Zamazenta|move: Wide Guard\n|move|p2a: Chien-Pao|Icicle Crash|p1b: Regidrago\n|-supereffective|p1b: Regidrago\n|-damage|p1b: Regidrago|17\/100\n|\n|upkeep\n|turn|4\n|\n|t:|1736716537\n|move|p2b: Zamazenta|Wide Guard|p2b: Zamazenta\n|-singleturn|p2b: Zamazenta|Wide Guard\n|move|p2a: Chien-Pao|Ice Shard|p1b: Regidrago\n|-supereffective|p1b: Regidrago\n|-damage|p1b: Regidrago|0 fnt\n|faint|p1b: Regidrago\n|move|p1a: Calyrex|High Horsepower|p2b: Zamazenta\n|-supereffective|p2b: Zamazenta\n|-damage|p2b: Zamazenta|10\/100\n|\n|upkeep\n|\n|t:|1736716547\n|switch|p1b: Farigiraf|Farigiraf, L50, M, shiny|100\/100\n|turn|5\n|\n|t:|1736716556\n|switch|p2b: Urshifu|Urshifu-Rapid-Strike, L50, M|100\/100\n|move|p2a: Chien-Pao|Icicle Crash|p1b: Farigiraf\n|-damage|p1b: Farigiraf|56\/100\n|move|p1a: Calyrex|Trick Room|p1a: Calyrex\n|-fieldend|move: Trick Room\n|move|p1b: Farigiraf|Trick Room|p1b: Farigiraf\n|-fieldstart|move: Trick Room|[of] p1b: Farigiraf\n|\n|upkeep\n|turn|6\n|\n|t:|1736716573\n|-terastallize|p2b: Urshifu|Water\n|move|p1a: Calyrex|Glacial Lance|p2b: Urshifu|[spread] p2a,p2b\n|-resisted|p2a: Chien-Pao\n|-resisted|p2b: Urshifu\n|-damage|p2a: Chien-Pao|60\/100\n|-damage|p2b: Urshifu|60\/100\n|move|p1b: Farigiraf|Psychic Noise|p2b: Urshifu\n|-damage|p2b: Urshifu|27\/100\n|-start|p2b: Urshifu|move: Heal Block\n|move|p2b: Urshifu|Close Combat|p1a: Calyrex\n|-damage|p1a: Calyrex|0 fnt\n|-unboost|p2b: Urshifu|def|1\n|-unboost|p2b: Urshifu|spd|1\n|faint|p1a: Calyrex\n|move|p2a: Chien-Pao|Icicle Crash|p1b: Farigiraf\n|-damage|p1b: Farigiraf|17\/100\n|\n|upkeep\n|turn|7\n|-message|Yung Trav forfeited.\n|\n|win|FunkyPengu1n\n|raw|Yung Trav's rating: 1555 &rarr; <strong>1538<\/strong><br \/>(-17 for losing)\n|raw|FunkyPengu1n's rating: 1610 &rarr; <strong>1627<\/strong><br \/>(+17 for winning)\n|l|\u2606Yung Trav\n|player|p1|\n|j|\u2606Yung Trav\n|player|p1|Yung Trav|266|\n|l|\u2606Yung Trav\n|player|p1|\n|l|\u203dFunkyPengu1n\n|player|p2|\n","uploadtime":1736716737,"views":39,"formatid":"gen9vgc2025regg","rating":1538,"private":0,"password":null}