{"id":"gen9vgc2025regg-2279750613","format":"[Gen 9] VGC 2025 Reg G","players":["Zyros Phade","JasePokemonTwitter"],"log":"|j|\u2606Zyros Phade\n|j|\u2606JasePokemonTwitter\n|t:|1736702252\n|gametype|doubles\n|player|p1|Zyros Phade|266|1610\n|player|p2|JasePokemonTwitter|lucas|1607\n|teamsize|p1|6\n|teamsize|p2|6\n|gen|9\n|tier|[Gen 9] VGC 2025 Reg G\n|rated|\n|rule|Species Clause: Limit one of each Pok\u00e9mon\n|rule|Item Clause: Limit 1 of each item\n|clearpoke\n|poke|p1|Urshifu-*, L50, M|\n|poke|p1|Kyogre, L50|\n|poke|p1|Iron Hands, L50|\n|poke|p1|Baxcalibur, L50, F|\n|poke|p1|Indeedee-F, L50, F|\n|poke|p1|Murkrow, L50, F|\n|poke|p2|Calyrex-Shadow, L50|\n|poke|p2|Dondozo, L50, M|\n|poke|p2|Weezing-Galar, L50, F|\n|poke|p2|Tatsugiri-Droopy, L50, F|\n|poke|p2|Urshifu-*, L50, M|\n|poke|p2|Raging Bolt, L50|\n|teampreview|4\n|inactive|Battle timer is ON: inactive players will automatically lose when time's up. (requested by JasePokemonTwitter)\n|\n|t:|1736702279\n|start\n|switch|p1a: Urshifu|Urshifu-Rapid-Strike, L50, M|100\/100\n|switch|p1b: Indeedee|Indeedee-F, L50, F|100\/100\n|switch|p2a: Raging Bolt|Raging Bolt, L50|100\/100\n|switch|p2b: Calyrex|Calyrex-Shadow, L50|100\/100\n|-ability|p2b: Calyrex|As One\n|-ability|p2b: Calyrex|Unnerve\n|-fieldstart|move: Psychic Terrain|[from] ability: Psychic Surge|[of] p1b: Indeedee\n|turn|1\n|l|\u2606Zyros Phade\n|inactive|Zyros Phade disconnected and has a minute to reconnect!\n|player|p1|\n|j|\u2606Zyros Phade\n|inactive|Zyros Phade reconnected and has 45 seconds left.\n|player|p1|Zyros Phade|266|\n|\n|t:|1736702298\n|switch|p2b: Dondozo|Dondozo, L50, M|100\/100\n|move|p1b: Indeedee|Helping Hand|p1a: Urshifu\n|-singleturn|p1a: Urshifu|Helping Hand|[of] p1b: Indeedee\n|move|p1a: Urshifu|Surging Strikes|p2b: Dondozo\n|-resisted|p2b: Dondozo\n|-crit|p2b: Dondozo\n|-damage|p2b: Dondozo|91\/100\n|-resisted|p2b: Dondozo\n|-crit|p2b: Dondozo\n|-damage|p2b: Dondozo|82\/100\n|-resisted|p2b: Dondozo\n|-crit|p2b: Dondozo\n|-damage|p2b: Dondozo|73\/100\n|-hitcount|p2b: Dondozo|3\n|move|p2a: Raging Bolt|Electroweb|p1b: Indeedee|[spread] p1b\n|-miss|p2a: Raging Bolt|p1a: Urshifu\n|-damage|p1b: Indeedee|81\/100\n|-unboost|p1b: Indeedee|spe|1\n|\n|-heal|p2b: Dondozo|79\/100|[from] item: Leftovers\n|upkeep\n|turn|2\n|\n|t:|1736702310\n|switch|p1a: Murkrow|Murkrow, L50, F|100\/100\n|move|p1b: Indeedee|Follow Me|p1b: Indeedee\n|-singleturn|p1b: Indeedee|move: Follow Me\n|move|p2a: Raging Bolt|Electroweb|p1a: Murkrow|[spread] p1a,p1b\n|-supereffective|p1a: Murkrow\n|-enditem|p1a: Murkrow|Focus Sash\n|-damage|p1a: Murkrow|1\/100\n|-damage|p1b: Indeedee|60\/100\n|-unboost|p1a: Murkrow|spe|1\n|-unboost|p1b: Indeedee|spe|1\n|move|p2b: Dondozo|Order Up|p1b: Indeedee\n|-damage|p1b: Indeedee|42\/100\n|\n|-heal|p2b: Dondozo|85\/100|[from] item: Leftovers\n|upkeep\n|turn|3\n|j| BlindMagneton\n|\n|t:|1736702332\n|switch|p1a: Urshifu|Urshifu-Rapid-Strike, L50, M|100\/100\n|move|p2a: Raging Bolt|Electroweb|p1b: Indeedee|[spread] p1a,p1b\n|-supereffective|p1a: Urshifu\n|-crit|p1b: Indeedee\n|-damage|p1a: Urshifu|31\/100\n|-damage|p1b: Indeedee|12\/100\n|-unboost|p1a: Urshifu|spe|1\n|-unboost|p1b: Indeedee|spe|1\n|move|p2b: Dondozo|Order Up|p1b: Indeedee\n|-damage|p1b: Indeedee|0 fnt\n|faint|p1b: Indeedee\n|\n|-heal|p2b: Dondozo|92\/100|[from] item: Leftovers\n|upkeep\n|\n|t:|1736702342\n|switch|p1b: Kyogre|Kyogre, L50, shiny|100\/100\n|-weather|RainDance|[from] ability: Drizzle|[of] p1b: Kyogre\n|turn|4\n|\n|t:|1736702362\n|-terastallize|p1b: Kyogre|Water\n|-terastallize|p2a: Raging Bolt|Water\n|move|p1a: Urshifu|Surging Strikes|p2a: Raging Bolt\n|-resisted|p2a: Raging Bolt\n|-crit|p2a: Raging Bolt\n|-damage|p2a: Raging Bolt|88\/100\n|-resisted|p2a: Raging Bolt\n|-crit|p2a: Raging Bolt\n|-damage|p2a: Raging Bolt|76\/100\n|-resisted|p2a: Raging Bolt\n|-crit|p2a: Raging Bolt\n|-damage|p2a: Raging Bolt|64\/100\n|-hitcount|p2a: Raging Bolt|3\n|move|p1b: Kyogre|Water Spout|p2b: Dondozo|[spread] p2a,p2b\n|-resisted|p2a: Raging Bolt\n|-resisted|p2b: Dondozo\n|-damage|p2a: Raging Bolt|2\/100\n|-damage|p2b: Dondozo|0 fnt\n|faint|p2b: Dondozo\n|move|p2a: Raging Bolt|Electroweb|p1b: Kyogre|[spread] p1a,p1b\n|-supereffective|p1a: Urshifu\n|-supereffective|p1b: Kyogre\n|-damage|p1a: Urshifu|0 fnt\n|-damage|p1b: Kyogre|67\/100\n|-unboost|p1b: Kyogre|spe|1\n|faint|p1a: Urshifu\n|\n|-weather|RainDance|[upkeep]\n|upkeep\n|\n|t:|1736702376\n|switch|p1a: Murkrow|Murkrow, L50, F|1\/100\n|switch|p2b: Tatsugiri|Tatsugiri-Droopy, L50, F|100\/100\n|turn|5\n|\n|t:|1736702384\n|move|p1a: Murkrow|Tailwind|p1a: Murkrow\n|-sidestart|p1: Zyros Phade|move: Tailwind\n|move|p1b: Kyogre|Water Spout|p2a: Raging Bolt|[spread] p2a,p2b\n|-resisted|p2a: Raging Bolt\n|-resisted|p2b: Tatsugiri\n|-damage|p2a: Raging Bolt|0 fnt\n|-damage|p2b: Tatsugiri|55\/100\n|faint|p2a: Raging Bolt\n|-end|p2a: Raging Bolt|Protosynthesis|[silent]\n|move|p2b: Tatsugiri|Mirror Coat|p1b: Kyogre\n|-damage|p1b: Kyogre|0 fnt\n|faint|p1b: Kyogre\n|\n|-weather|RainDance|[upkeep]\n|-fieldend|move: Psychic Terrain\n|upkeep\n|-message|Zyros Phade forfeited.\n|\n|win|JasePokemonTwitter\n|raw|Zyros Phade's rating: 1610 &rarr; <strong>1590<\/strong><br \/>(-20 for losing)\n|raw|JasePokemonTwitter's rating: 1607 &rarr; <strong>1627<\/strong><br \/>(+20 for winning)\n|l|\u2606Zyros Phade\n|player|p1|\n|l|\u2606JasePokemonTwitter\n|player|p2|\n","uploadtime":1736702569,"views":50,"formatid":"gen9vgc2025regg","rating":1590,"private":0,"password":null}