{"id":"gen9vgc2025regg-2279922052","format":"[Gen 9] VGC 2025 Reg G","players":["Slackermaru","Pneumatictoad"],"log":"|j|\u2606Slackermaru\n|j|\u2606Pneumatictoad\n|t:|1736723244\n|gametype|doubles\n|player|p1|Slackermaru|workerice|1577\n|player|p2|Pneumatictoad|janine|1515\n|teamsize|p1|6\n|teamsize|p2|6\n|gen|9\n|tier|[Gen 9] VGC 2025 Reg G\n|rated|\n|rule|Species Clause: Limit one of each Pok\u00e9mon\n|rule|Item Clause: Limit 1 of each item\n|clearpoke\n|poke|p1|Amoonguss, L50, F|\n|poke|p1|Raging Bolt, L50|\n|poke|p1|Urshifu-*, L50, F|\n|poke|p1|Incineroar, L50, M|\n|poke|p1|Calyrex-Shadow, L50|\n|poke|p1|Ogerpon-Cornerstone, L50, F|\n|poke|p2|Calyrex-Ice, L50|\n|poke|p2|Trapinch, L50, M|\n|poke|p2|Annihilape, L50, M|\n|poke|p2|Pelipper, L50, F|\n|poke|p2|Jigglypuff, L50, M|\n|poke|p2|Golem-Alola, L50, M|\n|teampreview|4\n|j| judang\n|\n|t:|1736723261\n|start\n|switch|p1a: Calyrex|Calyrex-Shadow, L50|100\/100\n|switch|p1b: Incineroar|Incineroar, L50, M|100\/100\n|switch|p2a: Annihilape|Annihilape, L50, M|100\/100\n|switch|p2b: Calyrex|Calyrex-Ice, L50|100\/100\n|-ability|p1a: Calyrex|As One\n|-ability|p1a: Calyrex|Unnerve\n|-ability|p2b: Calyrex|As One\n|-ability|p2b: Calyrex|Unnerve\n|-ability|p1b: Incineroar|Intimidate|boost\n|-unboost|p2a: Annihilape|atk|1\n|-unboost|p2b: Calyrex|atk|1\n|turn|1\n|\n|t:|1736723285\n|-terastallize|p1a: Calyrex|Dark\n|-terastallize|p2b: Calyrex|Grass\n|move|p2a: Annihilape|Final Gambit|p1b: Incineroar\n|-damage|p1b: Incineroar|0 fnt\n|faint|p2a: Annihilape\n|faint|p1b: Incineroar\n|move|p1a: Calyrex|Astral Barrage|p2b: Calyrex\n|-damage|p2b: Calyrex|43\/100\n|move|p2b: Calyrex|Trick Room|p2b: Calyrex\n|-fieldstart|move: Trick Room|[of] p2b: Calyrex\n|\n|upkeep\n|\n|t:|1736723300\n|switch|p1b: Urshifu|Urshifu-Rapid-Strike, L50, F|100\/100\n|switch|p2a: Pelipper|Pelipper, L50, F|100\/100\n|-weather|RainDance|[from] ability: Drizzle|[of] p2a: Pelipper\n|turn|2\n|\n|t:|1736723316\n|move|p2b: Calyrex|Glacial Lance|p1a: Calyrex|[spread] p1a,p1b\n|-resisted|p1b: Urshifu\n|-damage|p1a: Calyrex|62\/100\n|-damage|p1b: Urshifu|81\/100\n|move|p2a: Pelipper|Hurricane|p1b: Urshifu\n|-supereffective|p1b: Urshifu\n|-damage|p1b: Urshifu|0 fnt\n|faint|p1b: Urshifu\n|move|p1a: Calyrex|Astral Barrage|p2a: Pelipper|[spread] p2a,p2b\n|-damage|p2a: Pelipper|17\/100\n|-damage|p2b: Calyrex|7\/100\n|\n|-weather|RainDance|[upkeep]\n|upkeep\n|\n|t:|1736723329\n|switch|p1b: Ogerpon|Ogerpon-Cornerstone, L50, F|100\/100\n|turn|3\n|\n|t:|1736723363\n|switch|p2b: Jigglypuff|Jigglypuff, L50, M|100\/100\n|move|p2a: Pelipper|Protect|p2a: Pelipper\n|-singleturn|p2a: Pelipper|Protect\n|move|p1b: Ogerpon|Follow Me|p1b: Ogerpon\n|-singleturn|p1b: Ogerpon|move: Follow Me\n|move|p1a: Calyrex|Psyshock|p2b: Jigglypuff\n|-damage|p2b: Jigglypuff|61\/100\n|\n|-weather|RainDance|[upkeep]\n|upkeep\n|turn|4\n|\n|t:|1736723383\n|move|p1b: Ogerpon|Spiky Shield|p1b: Ogerpon\n|-singleturn|p1b: Ogerpon|move: Protect\n|move|p1a: Calyrex|Protect|p1a: Calyrex\n|-singleturn|p1a: Calyrex|Protect\n|move|p2b: Jigglypuff|Perish Song|p2b: Jigglypuff\n|-start|p1a: Calyrex|perish3|[silent]\n|-start|p1b: Ogerpon|perish3|[silent]\n|-start|p2a: Pelipper|perish3|[silent]\n|-start|p2b: Jigglypuff|perish3|[silent]\n|-fieldactivate|move: Perish Song\n|move|p2a: Pelipper|Weather Ball|p1a: Calyrex\n|-activate|p1a: Calyrex|move: Protect\n|\n|-weather|RainDance|[upkeep]\n|-start|p2b: Jigglypuff|perish3\n|-start|p2a: Pelipper|perish3\n|-start|p1b: Ogerpon|perish3\n|-start|p1a: Calyrex|perish3\n|upkeep\n|turn|5\n|\n|t:|1736723412\n|move|p2b: Jigglypuff|Protect|p2b: Jigglypuff\n|-singleturn|p2b: Jigglypuff|Protect\n|move|p2a: Pelipper|Protect|p2a: Pelipper\n|-singleturn|p2a: Pelipper|Protect\n|move|p1b: Ogerpon|Ivy Cudgel|p2a: Pelipper|[anim] Ivy Cudgel Rock\n|-activate|p2a: Pelipper|move: Protect\n|move|p1a: Calyrex|Psyshock|p2b: Jigglypuff\n|-activate|p2b: Jigglypuff|move: Protect\n|\n|-weather|RainDance|[upkeep]\n|-start|p2b: Jigglypuff|perish2\n|-start|p2a: Pelipper|perish2\n|-start|p1b: Ogerpon|perish2\n|-start|p1a: Calyrex|perish2\n|-fieldend|move: Trick Room\n|upkeep\n|turn|6\n|\n|t:|1736723437\n|move|p2a: Pelipper|Protect||[still]\n|-fail|p2a: Pelipper\n|move|p2b: Jigglypuff|Protect|p2b: Jigglypuff\n|-singleturn|p2b: Jigglypuff|Protect\n|move|p1a: Calyrex|Psyshock|p2a: Pelipper\n|-damage|p2a: Pelipper|0 fnt\n|faint|p2a: Pelipper\n|-ability|p1a: Calyrex|Grim Neigh|boost\n|-boost|p1a: Calyrex|spa|1\n|move|p1b: Ogerpon|Ivy Cudgel|p2b: Jigglypuff|[anim] Ivy Cudgel Rock\n|-activate|p2b: Jigglypuff|move: Protect\n|\n|-weather|none\n|-start|p1a: Calyrex|perish1\n|-start|p1b: Ogerpon|perish1\n|-start|p2b: Jigglypuff|perish1\n|upkeep\n|\n|t:|1736723441\n|switch|p2a: Calyrex|Calyrex-Ice, L50, tera:Grass|7\/100\n|-ability|p2a: Calyrex|As One\n|-ability|p2a: Calyrex|Unnerve\n|turn|7\n|\n|t:|1736723459\n|move|p2a: Calyrex|Protect|p2a: Calyrex\n|-singleturn|p2a: Calyrex|Protect\n|move|p2b: Jigglypuff|Protect|p2b: Jigglypuff\n|-singleturn|p2b: Jigglypuff|Protect\n|move|p1a: Calyrex|Astral Barrage|p2a: Calyrex|[spread] \n|-activate|p2a: Calyrex|move: Protect\n|-activate|p2b: Jigglypuff|move: Protect\n|move|p1b: Ogerpon|Ivy Cudgel|p2b: Jigglypuff|[anim] Ivy Cudgel Rock\n|-activate|p2b: Jigglypuff|move: Protect\n|\n|-start|p1a: Calyrex|perish0\n|-start|p1b: Ogerpon|perish0\n|-start|p2b: Jigglypuff|perish0\n|faint|p1a: Calyrex\n|faint|p1b: Ogerpon\n|faint|p2b: Jigglypuff\n|\n|win|Pneumatictoad\n|upkeep\n|raw|Slackermaru's rating: 1577 &rarr; <strong>1553<\/strong><br \/>(-24 for losing)\n|raw|Pneumatictoad's rating: 1515 &rarr; <strong>1539<\/strong><br \/>(+24 for winning)\n|l|\u2606Slackermaru\n|player|p1|\n|l|\u2606Pneumatictoad\n|player|p2|\n","uploadtime":1736723699,"views":24,"formatid":"gen9vgc2025regg","rating":1539,"private":0,"password":null}