{"id":"gen9vgc2025regg-2279312031","format":"[Gen 9] VGC 2025 Reg G","players":["darthnius","Dragoonlong"],"log":"|j|\u2606darthnius\n|j|\u2606Dragoonlong\n|t:|1736631624\n|gametype|doubles\n|player|p1|darthnius|volkner|1601\n|player|p2|Dragoonlong|101|1543\n|teamsize|p1|6\n|teamsize|p2|6\n|gen|9\n|tier|[Gen 9] VGC 2025 Reg G\n|rated|\n|rule|Species Clause: Limit one of each Pok\u00e9mon\n|rule|Item Clause: Limit 1 of each item\n|clearpoke\n|poke|p1|Calyrex-Ice, L50|\n|poke|p1|Dondozo, L50, F|\n|poke|p1|Tatsugiri-Droopy, L50, F|\n|poke|p1|Weezing-Galar, L50, F|\n|poke|p1|Whimsicott, L50, F|\n|poke|p1|Landorus, L50, M|\n|poke|p2|Ogerpon-Wellspring, L50, F|\n|poke|p2|Calyrex-Ice, L50|\n|poke|p2|Annihilape, L50, M|\n|poke|p2|Smeargle, L50, M|\n|poke|p2|Urshifu-*, L50, M|\n|poke|p2|Ursaluna-Bloodmoon, L50, M|\n|teampreview|4\n|\n|t:|1736631643\n|start\n|switch|p1a: Weezing|Weezing-Galar, L50, F|100\/100\n|switch|p1b: Calyrex|Calyrex-Ice, L50|100\/100\n|switch|p2a: Calyrex|Calyrex-Ice, L50|100\/100\n|switch|p2b: Annihilape|Annihilape, L50, M|100\/100\n|-ability|p1b: Calyrex|As One\n|-ability|p1b: Calyrex|Unnerve\n|-ability|p1a: Weezing|Neutralizing Gas\n|-ability|p2a: Calyrex|As One\n|-ability|p2a: Calyrex|Unnerve\n|turn|1\n|j| Therazer456\n|\n|t:|1736631674\n|move|p1a: Weezing|Protect|p1a: Weezing\n|-singleturn|p1a: Weezing|Protect\n|move|p2b: Annihilape|Final Gambit|p1b: Calyrex\n|-damage|p1b: Calyrex|0 fnt\n|faint|p2b: Annihilape\n|faint|p1b: Calyrex\n|move|p2a: Calyrex|Trick Room|p2a: Calyrex\n|-fieldstart|move: Trick Room|[of] p2a: Calyrex\n|\n|upkeep\n|\n|t:|1736631685\n|switch|p1b: Dondozo|Dondozo, L50, F|100\/100\n|switch|p2b: Ursaluna|Ursaluna-Bloodmoon, L50, M|100\/100\n|turn|2\n|\n|t:|1736631701\n|switch|p2a: Smeargle|Smeargle, L50, M|100\/100\n|-end|p1a: Weezing|ability: Neutralizing Gas\n|switch|p1a: Tatsugiri|Tatsugiri-Droopy, L50, F|100\/100\n|-activate|p1a: Tatsugiri|ability: Commander|[of] p1b: Dondozo\n|-boost|p1b: Dondozo|atk|2\n|-boost|p1b: Dondozo|spa|2\n|-boost|p1b: Dondozo|spe|2\n|-boost|p1b: Dondozo|def|2\n|-boost|p1b: Dondozo|spd|2\n|-terastallize|p2b: Ursaluna|Normal\n|move|p2b: Ursaluna|Hyper Voice|p1b: Dondozo|[spread] p1b\n|-miss|p2b: Ursaluna|p1a: Tatsugiri\n|-damage|p1b: Dondozo|76\/100\n|-damage|p2b: Ursaluna|91\/100|[from] item: Life Orb\n|move|p1b: Dondozo|Body Press|p2b: Ursaluna\n|-supereffective|p2b: Ursaluna\n|-damage|p2b: Ursaluna|25\/100\n|\n|-heal|p1b: Dondozo|83\/100|[from] item: Leftovers\n|upkeep\n|turn|3\n|j| DonShitDozo\n|\n|t:|1736631726\n|move|p1b: Dondozo|Protect|p1b: Dondozo\n|-singleturn|p1b: Dondozo|Protect\n|move|p2a: Smeargle|Decorate|p2b: Ursaluna\n|-boost|p2b: Ursaluna|atk|2\n|-boost|p2b: Ursaluna|spa|2\n|move|p2b: Ursaluna|Blood Moon|p1b: Dondozo\n|-activate|p1b: Dondozo|move: Protect\n|\n|-heal|p1b: Dondozo|89\/100|[from] item: Leftovers\n|upkeep\n|turn|4\n|\n|t:|1736631742\n|move|p2a: Smeargle|Spore|p1b: Dondozo\n|-status|p1b: Dondozo|slp|[from] move: Spore\n|move|p2b: Ursaluna|Earth Power|p1b: Dondozo\n|-damage|p1b: Dondozo|64\/100 slp\n|-unboost|p1b: Dondozo|spd|1\n|-damage|p2b: Ursaluna|15\/100|[from] item: Life Orb\n|cant|p1b: Dondozo|slp\n|\n|-heal|p1b: Dondozo|70\/100 slp|[from] item: Leftovers\n|upkeep\n|turn|5\n|j| R0gueVGC\n|\n|t:|1736631759\n|switch|p2a: Calyrex|Calyrex-Ice, L50|100\/100\n|-ability|p2a: Calyrex|As One\n|-ability|p2a: Calyrex|Unnerve\n|cant|p1b: Dondozo|slp\n|move|p2b: Ursaluna|Blood Moon|p1b: Dondozo\n|-damage|p1b: Dondozo|0 fnt\n|faint|p1b: Dondozo\n|-damage|p2b: Ursaluna|6\/100|[from] item: Life Orb\n|\n|-fieldend|move: Trick Room\n|upkeep\n|\n|t:|1736631769\n|switch|p1b: Weezing|Weezing-Galar, L50, F|100\/100\n|-ability|p1b: Weezing|Neutralizing Gas\n|turn|6\n|\n|t:|1736631786\n|-terastallize|p1a: Tatsugiri|Stellar\n|move|p2b: Ursaluna|Vacuum Wave|p1a: Tatsugiri\n|-damage|p1a: Tatsugiri|44\/100\n|-damage|p2b: Ursaluna|0 fnt|[from] item: Life Orb\n|faint|p2b: Ursaluna\n|move|p1a: Tatsugiri|Muddy Water|p2a: Calyrex\n|-damage|p2a: Calyrex|62\/100\n|move|p1b: Weezing|Poison Gas|p2a: Calyrex\n|-status|p2a: Calyrex|psn\n|move|p2a: Calyrex|Glacial Lance|p1a: Tatsugiri|[spread] p1a,p1b\n|-damage|p1a: Tatsugiri|0 fnt\n|-damage|p1b: Weezing|58\/100\n|faint|p1a: Tatsugiri\n|-ability|p2a: Calyrex|Chilling Neigh|boost\n|-boost|p2a: Calyrex|atk|1\n|\n|-damage|p2a: Calyrex|50\/100 psn|[from] psn\n|upkeep\n|-enditem|p2a: Calyrex|Sitrus Berry|[eat]\n|-heal|p2a: Calyrex|74\/100 psn|[from] item: Sitrus Berry\n|\n|t:|1736631807\n|switch|p2b: Smeargle|Smeargle, L50, M|100\/100\n|turn|7\n|\n|t:|1736631815\n|move|p1b: Weezing|Protect|p1b: Weezing\n|-singleturn|p1b: Weezing|Protect\n|move|p2b: Smeargle|Fake Out|p1b: Weezing\n|-activate|p1b: Weezing|move: Protect\n|move|p2a: Calyrex|Glacial Lance|p1b: Weezing\n|-activate|p1b: Weezing|move: Protect\n|\n|-damage|p2a: Calyrex|62\/100 psn|[from] psn\n|upkeep\n|turn|8\n|\n|t:|1736631831\n|move|p1b: Weezing|Protect|p1b: Weezing\n|-singleturn|p1b: Weezing|Protect\n|move|p2b: Smeargle|Follow Me|p2b: Smeargle\n|-singleturn|p2b: Smeargle|move: Follow Me\n|move|p2a: Calyrex|Glacial Lance|p1b: Weezing\n|-activate|p1b: Weezing|move: Protect\n|\n|-damage|p2a: Calyrex|50\/100 psn|[from] psn\n|upkeep\n|turn|9\n|inactive|Battle timer is ON: inactive players will automatically lose when time's up. (requested by darthnius)\n|\n|t:|1736631842\n|move|p1b: Weezing|Protect||[still]\n|-fail|p1b: Weezing\n|move|p2b: Smeargle|Follow Me|p2b: Smeargle\n|-singleturn|p2b: Smeargle|move: Follow Me\n|move|p2a: Calyrex|Glacial Lance|p1b: Weezing\n|-damage|p1b: Weezing|0 fnt\n|faint|p1b: Weezing\n|-end|p1b: Weezing|ability: Neutralizing Gas\n|\n|win|Dragoonlong\n|raw|darthnius's rating: 1601 &rarr; <strong>1578<\/strong><br \/>(-23 for losing)\n|raw|Dragoonlong's rating: 1543 &rarr; <strong>1566<\/strong><br \/>(+23 for winning)\n|l| Therazer456\n|l|\u2606Dragoonlong\n|player|p2|\n|l| DonShitDozo\n|l|\u2606darthnius\n|player|p1|\n","uploadtime":1736631984,"views":7,"formatid":"gen9vgc2025regg","rating":1566,"private":0,"password":null}