{"id":"gen9vgc2025regg-2279927791","format":"[Gen 9] VGC 2025 Reg G","players":["clickformoreinfos","Iamsliverfish"],"log":"|j|\u2606clickformoreinfos\n|j|\u2606Iamsliverfish\n|t:|1736723983\n|gametype|doubles\n|player|p1|clickformoreinfos|medium|1651\n|player|p2|Iamsliverfish|hiker-gen4|1653\n|teamsize|p1|6\n|teamsize|p2|6\n|gen|9\n|tier|[Gen 9] VGC 2025 Reg G\n|rated|\n|rule|Species Clause: Limit one of each Pok\u00e9mon\n|rule|Item Clause: Limit 1 of each item\n|clearpoke\n|poke|p1|Chi-Yu, L50|\n|poke|p1|Raging Bolt, L50|\n|poke|p1|Groudon, L50|\n|poke|p1|Sableye, L50, F|\n|poke|p1|Primarina, L50, F|\n|poke|p1|Venusaur, L50, M|\n|poke|p2|Calyrex-Shadow, L50|\n|poke|p2|Maushold, L50|\n|poke|p2|Amoonguss, L50, F|\n|poke|p2|Urshifu-*, L50, M|\n|poke|p2|Incineroar, L50, M|\n|poke|p2|Tornadus, L50, M|\n|teampreview|4\n|inactive|Battle timer is ON: inactive players will automatically lose when time's up. (requested by clickformoreinfos)\n|inactive|clickformoreinfos has 60 seconds left.\n|\n|t:|1736724039\n|start\n|switch|p1a: Sableye|Sableye, L50, F|100\/100\n|switch|p1b: Chi-Yu|Chi-Yu, L50|100\/100\n|switch|p2a: Tornadus|Tornadus, L50, M|100\/100\n|switch|p2b: Calyrex|Calyrex-Shadow, L50|100\/100\n|-ability|p2b: Calyrex|As One\n|-ability|p2b: Calyrex|Unnerve\n|-ability|p1b: Chi-Yu|Beads of Ruin\n|turn|1\n|\n|t:|1736724062\n|-terastallize|p2b: Calyrex|Ground\n|-terastallize|p1a: Sableye|Normal\n|move|p2a: Tornadus|Tailwind|p2a: Tornadus\n|-sidestart|p2: Iamsliverfish|move: Tailwind\n|move|p1a: Sableye|Light Screen|p1a: Sableye\n|-sidestart|p1: clickformoreinfos|move: Light Screen\n|move|p2b: Calyrex|Tera Blast|p1b: Chi-Yu|[anim] Tera Blast Ground\n|-supereffective|p1b: Chi-Yu\n|-damage|p1b: Chi-Yu|8\/100\n|-damage|p2b: Calyrex|91\/100|[from] item: Life Orb\n|move|p1b: Chi-Yu|Snarl|p2b: Calyrex|[spread] p2a,p2b\n|-damage|p2a: Tornadus|61\/100\n|-damage|p2b: Calyrex|59\/100\n|-unboost|p2a: Tornadus|spa|1\n|-unboost|p2b: Calyrex|spa|1\n|\n|upkeep\n|turn|2\n|inactive|clickformoreinfos has 30 seconds left.\n|\n|t:|1736724093\n|switch|p1b: Primarina|Primarina, L50, F|100\/100\n|move|p2a: Tornadus|Taunt|p1a: Sableye\n|-start|p1a: Sableye|move: Taunt\n|cant|p1a: Sableye|move: Taunt|Gravity\n|move|p2b: Calyrex|Astral Barrage|p1b: Primarina|[spread] p1b\n|-immune|p1a: Sableye\n|-damage|p1b: Primarina|81\/100\n|-damage|p2b: Calyrex|49\/100|[from] item: Life Orb\n|\n|upkeep\n|turn|3\n|j| Claarity\n|inactive|clickformoreinfos has 30 seconds left.\n|inactive|clickformoreinfos has 20 seconds left.\n|inactive|clickformoreinfos has 15 seconds left.\n|\n|t:|1736724136\n|switch|p2b: Maushold|Maushold, L50|100\/100\n|switch|p1a: Chi-Yu|Chi-Yu, L50|8\/100\n|-ability|p1a: Chi-Yu|Beads of Ruin\n|move|p2a: Tornadus|Bleakwind Storm|p1a: Chi-Yu|[spread] p1b\n|-miss|p2a: Tornadus|p1a: Chi-Yu\n|-damage|p1b: Primarina|68\/100\n|move|p1b: Primarina|Hyper Voice|p2a: Tornadus|[spread] p2a,p2b\n|-damage|p2a: Tornadus|29\/100\n|-damage|p2b: Maushold|52\/100\n|-enditem|p1b: Primarina|Throat Spray\n|-boost|p1b: Primarina|spa|1|[from] item: Throat Spray\n|\n|upkeep\n|turn|4\n|inactive|clickformoreinfos has 30 seconds left.\n|inactive|clickformoreinfos has 20 seconds left.\n|\n|t:|1736724171\n|switch|p1a: Sableye|Sableye, L50, F, tera:Normal|100\/100\n|move|p2b: Maushold|Population Bomb|p1b: Primarina\n|-damage|p1b: Primarina|58\/100\n|-damage|p1b: Primarina|48\/100\n|-crit|p1b: Primarina\n|-damage|p1b: Primarina|33\/100\n|-damage|p1b: Primarina|23\/100\n|-damage|p1b: Primarina|13\/100\n|-damage|p1b: Primarina|4\/100\n|-damage|p1b: Primarina|0 fnt\n|faint|p1b: Primarina\n|-hitcount|p1: Primarina|7\n|move|p2a: Tornadus|Bleakwind Storm|p1a: Sableye\n|-damage|p1a: Sableye|53\/100\n|\n|-sideend|p2: Iamsliverfish|move: Tailwind\n|upkeep\n|\n|t:|1736724180\n|switch|p1b: Chi-Yu|Chi-Yu, L50|8\/100\n|-ability|p1b: Chi-Yu|Beads of Ruin\n|turn|5\n|\n|t:|1736724186\n|move|p1a: Sableye|Fake Out|p2a: Tornadus\n|-damage|p2a: Tornadus|17\/100\n|move|p2b: Maushold|Feint|p1b: Chi-Yu\n|-damage|p1b: Chi-Yu|0 fnt\n|faint|p1b: Chi-Yu\n|cant|p2a: Tornadus|flinch\n|\n|-sideend|p1: clickformoreinfos|move: Light Screen\n|upkeep\n|\n|t:|1736724194\n|switch|p1b: Groudon|Groudon, L50|100\/100\n|-weather|SunnyDay|[from] ability: Drought|[of] p1b: Groudon\n|turn|6\n|\n|t:|1736724212\n|move|p2a: Tornadus|Taunt|p1a: Sableye\n|-start|p1a: Sableye|move: Taunt\n|cant|p1a: Sableye|move: Taunt|Gravity\n|move|p2b: Maushold|Population Bomb|p1b: Groudon\n|-damage|p1b: Groudon|95\/100\n|-damage|p1b: Groudon|90\/100\n|-damage|p1b: Groudon|85\/100\n|-damage|p1b: Groudon|79\/100\n|-damage|p1b: Groudon|73\/100\n|-damage|p1b: Groudon|68\/100\n|-damage|p1b: Groudon|62\/100\n|-damage|p1b: Groudon|56\/100\n|-damage|p1b: Groudon|51\/100\n|-damage|p1b: Groudon|46\/100\n|-hitcount|p1b: Groudon|10\n|move|p1b: Groudon|Bulk Up|p1b: Groudon\n|-boost|p1b: Groudon|atk|1\n|-boost|p1b: Groudon|def|1\n|\n|-weather|SunnyDay|[upkeep]\n|upkeep\n|turn|7\n|-message|clickformoreinfos forfeited.\n|\n|win|Iamsliverfish\n|raw|clickformoreinfos's rating: 1651 &rarr; <strong>1631<\/strong><br \/>(-20 for losing)\n|raw|Iamsliverfish's rating: 1653 &rarr; <strong>1673<\/strong><br \/>(+20 for winning)\n|l|\u2606clickformoreinfos\n|player|p1|\n|l|\u2606Iamsliverfish\n|player|p2|\n|l| Claarity\n","uploadtime":1736724225,"views":60,"formatid":"gen9vgc2025regg","rating":1631,"private":0,"password":null}