{"id":"gen9vgc2025regg-2279890928","format":"[Gen 9] VGC 2025 Reg G","players":["pocikmiso","Iamsliverfish"],"log":"|j|\u2606pocikmiso\n|j|\u2606Iamsliverfish\n|t:|1736719325\n|gametype|doubles\n|player|p1|pocikmiso|170|1555\n|player|p2|Iamsliverfish|hiker-gen4|1625\n|teamsize|p1|6\n|teamsize|p2|6\n|gen|9\n|tier|[Gen 9] VGC 2025 Reg G\n|rated|\n|rule|Species Clause: Limit one of each Pok\u00e9mon\n|rule|Item Clause: Limit 1 of each item\n|clearpoke\n|poke|p1|Miraidon, L50|\n|poke|p1|Chi-Yu, L50|\n|poke|p1|Dragonite, L50, F|\n|poke|p1|Gholdengo, L50|\n|poke|p1|Tatsugiri, L50, F|\n|poke|p1|Dondozo, L50, F|\n|poke|p2|Calyrex-Shadow, L50|\n|poke|p2|Ursaluna, L50, M|\n|poke|p2|Indeedee-F, L50, F|\n|poke|p2|Ogerpon-Wellspring, L50, F|\n|poke|p2|Tornadus, L50, M|\n|poke|p2|Chi-Yu, L50|\n|teampreview|4\n|j| flatziswashed \u269d\u5f61\n|j| judang\n|j| Golett Kombucha\n|l| Golett Kombucha\n|\n|t:|1736719346\n|start\n|switch|p1a: Miraidon|Miraidon, L50|100\/100\n|switch|p1b: Chi-Yu|Chi-Yu, L50|100\/100\n|switch|p2a: Chi-Yu|Chi-Yu, L50|100\/100\n|switch|p2b: Calyrex|Calyrex-Shadow, L50|100\/100\n|-ability|p2b: Calyrex|As One\n|-ability|p2b: Calyrex|Unnerve\n|-ability|p2a: Chi-Yu|Beads of Ruin\n|-ability|p1b: Chi-Yu|Beads of Ruin\n|-fieldstart|move: Electric Terrain|[from] ability: Hadron Engine|[of] p1a: Miraidon\n|turn|1\n|inactive|Battle timer is ON: inactive players will automatically lose when time's up. (requested by pocikmiso)\n|\n|t:|1736719371\n|-terastallize|p2b: Calyrex|Ground\n|move|p2a: Chi-Yu|Snarl|p1b: Chi-Yu|[spread] p1a,p1b\n|-crit|p1a: Miraidon\n|-resisted|p1b: Chi-Yu\n|-damage|p1a: Miraidon|78\/100\n|-damage|p1b: Chi-Yu|89\/100\n|-unboost|p1a: Miraidon|spa|1\n|-unboost|p1b: Chi-Yu|spa|1\n|move|p2b: Calyrex|Tera Blast|p1b: Chi-Yu|[anim] Tera Blast Ground\n|-supereffective|p1b: Chi-Yu\n|-damage|p1b: Chi-Yu|0 fnt\n|faint|p1b: Chi-Yu\n|-ability|p2b: Calyrex|Grim Neigh|boost\n|-boost|p2b: Calyrex|spa|1\n|-damage|p2b: Calyrex|91\/100|[from] item: Life Orb\n|move|p1a: Miraidon|Electro Drift|p2b: Calyrex\n|-immune|p2b: Calyrex\n|\n|upkeep\n|\n|t:|1736719387\n|switch|p1b: Tatsugiri|Tatsugiri, L50, F|100\/100\n|turn|2\n|\n|t:|1736719396\n|switch|p2a: Indeedee|Indeedee-F, L50, F|100\/100\n|-fieldstart|move: Psychic Terrain|[from] ability: Psychic Surge|[of] p2a: Indeedee\n|switch|p1a: Dondozo|Dondozo, L50, F|100\/100\n|-activate|p1b: Tatsugiri|ability: Commander|[of] p1a: Dondozo\n|-boost|p1a: Dondozo|atk|2\n|-boost|p1a: Dondozo|spa|2\n|-boost|p1a: Dondozo|spe|2\n|-boost|p1a: Dondozo|def|2\n|-boost|p1a: Dondozo|spd|2\n|move|p2b: Calyrex|Expanding Force|p1b: Tatsugiri|[spread] p1a\n|-miss|p2b: Calyrex|p1b: Tatsugiri\n|-damage|p1a: Dondozo|51\/100\n|-damage|p2b: Calyrex|81\/100|[from] item: Life Orb\n|\n|-heal|p1a: Dondozo|57\/100|[from] item: Leftovers\n|upkeep\n|turn|3\n|\n|t:|1736719416\n|move|p2a: Indeedee|Helping Hand|p2b: Calyrex\n|-singleturn|p2b: Calyrex|Helping Hand|[of] p2a: Indeedee\n|move|p2b: Calyrex|Expanding Force|p1b: Tatsugiri|[spread] p1a\n|-miss|p2b: Calyrex|p1b: Tatsugiri\n|-damage|p1a: Dondozo|0 fnt\n|faint|p1a: Dondozo\n|-ability|p2b: Calyrex|Grim Neigh|boost\n|-boost|p2b: Calyrex|spa|1\n|-damage|p2b: Calyrex|71\/100|[from] item: Life Orb\n|\n|upkeep\n|\n|t:|1736719425\n|switch|p1a: Miraidon|Miraidon, L50|78\/100\n|-fieldstart|move: Electric Terrain|[from] ability: Hadron Engine|[of] p1a: Miraidon\n|turn|4\n|\n|t:|1736719433\n|switch|p2a: Ogerpon|Ogerpon-Wellspring, L50, F|100\/100\n|-terastallize|p1a: Miraidon|Fairy\n|move|p2b: Calyrex|Protect|p2b: Calyrex\n|-singleturn|p2b: Calyrex|Protect\n|move|p1b: Tatsugiri|Muddy Water|p2b: Calyrex|[spread] \n|-activate|p2b: Calyrex|move: Protect\n|-immune|p2a: Ogerpon|[from] ability: Water Absorb\n|move|p1a: Miraidon|Dazzling Gleam|p2a: Ogerpon|[spread] p2a\n|-activate|p2b: Calyrex|move: Protect\n|-damage|p2a: Ogerpon|50\/100\n|\n|upkeep\n|turn|5\n|\n|t:|1736719447\n|switch|p2a: Indeedee|Indeedee-F, L50, F|100\/100\n|-fieldstart|move: Psychic Terrain|[from] ability: Psychic Surge|[of] p2a: Indeedee\n|move|p2b: Calyrex|Expanding Force|p1a: Miraidon|[spread] p1a,p1b\n|-damage|p1a: Miraidon|0 fnt\n|-damage|p1b: Tatsugiri|0 fnt\n|faint|p1a: Miraidon\n|faint|p1b: Tatsugiri\n|-damage|p2b: Calyrex|62\/100|[from] item: Life Orb\n|\n|win|Iamsliverfish\n|raw|pocikmiso's rating: 1555 &rarr; <strong>1539<\/strong><br \/>(-16 for losing)\n|raw|Iamsliverfish's rating: 1625 &rarr; <strong>1641<\/strong><br \/>(+16 for winning)\n|l|\u2606Iamsliverfish\n|player|p2|\n|l|\u2606pocikmiso\n|player|p1|\n|l| flatziswashed \u269d\u5f61\n","uploadtime":1736719661,"views":14,"formatid":"gen9vgc2025regg","rating":1539,"private":0,"password":null}