{"id":"gen9vgc2025regg-2279057015","format":"[Gen 9] VGC 2025 Reg G","players":["SamP_64","tyuiop112"],"log":"|j|\u2606SamP_64\n|j|\u2606tyuiop112\n|t:|1736594097\n|gametype|doubles\n|player|p1|SamP_64|cyrus|1553\n|player|p2|tyuiop112|169|1579\n|teamsize|p1|6\n|teamsize|p2|6\n|gen|9\n|tier|[Gen 9] VGC 2025 Reg G\n|rated|\n|rule|Species Clause: Limit one of each Pok\u00e9mon\n|rule|Item Clause: Limit 1 of each item\n|clearpoke\n|poke|p1|Incineroar, L50, F|\n|poke|p1|Rillaboom, L50, F|\n|poke|p1|Flutter Mane, L50|\n|poke|p1|Urshifu-*, L50, F|\n|poke|p1|Terapagos, L50, M|\n|poke|p1|Amoonguss, L50, M|\n|poke|p2|Raging Bolt, L50|\n|poke|p2|Calyrex-Ice, L50|\n|poke|p2|Urshifu-*, L50, F|\n|poke|p2|Iron Valiant, L50|\n|poke|p2|Pelipper, L50, F|\n|poke|p2|Landorus, L50, M|\n|teampreview|4\n|inactive|Battle timer is ON: inactive players will automatically lose when time's up. (requested by SamP_64)\n|inactive|SamP_64 has 60 seconds left.\n|inactive|tyuiop112 has 60 seconds left.\n|\n|t:|1736594149\n|start\n|switch|p1a: Incineroar|Incineroar, L50, F|100\/100\n|switch|p1b: Terapagos|Terapagos, L50, M|100\/100\n|switch|p2a: Calyrex|Calyrex-Ice, L50|100\/100\n|switch|p2b: Pelipper|Pelipper, L50, F|100\/100\n|-activate|p1b: Terapagos|ability: Tera Shift\n|detailschange|p1b: Terapagos|Terapagos-Terastal, L50, M\n|-heal|p1b: Terapagos|100\/100|[silent]\n|-ability|p2a: Calyrex|As One\n|-ability|p2a: Calyrex|Unnerve\n|-weather|RainDance|[from] ability: Drizzle|[of] p2b: Pelipper\n|-ability|p1a: Incineroar|Intimidate|boost\n|-unboost|p2a: Calyrex|atk|1\n|-unboost|p2b: Pelipper|atk|1\n|turn|1\n|inactive|SamP_64 has 30 seconds left.\n|\n|t:|1736594177\n|move|p1a: Incineroar|Fake Out|p2a: Calyrex\n|-damage|p2a: Calyrex|94\/100\n|move|p1b: Terapagos|Calm Mind|p1b: Terapagos\n|-boost|p1b: Terapagos|spa|1\n|-boost|p1b: Terapagos|spd|1\n|move|p2b: Pelipper|Tailwind|p2b: Pelipper\n|-sidestart|p2: tyuiop112|move: Tailwind\n|cant|p2a: Calyrex|flinch\n|\n|-weather|RainDance|[upkeep]\n|upkeep\n|turn|2\n|\n|t:|1736594201\n|-terastallize|p1b: Terapagos|Stellar\n|detailschange|p1b: Terapagos|Terapagos-Stellar, L50, M, tera:Stellar\n|-heal|p1b: Terapagos|100\/100|[silent]\n|-ability|p1b: Terapagos|Teraform Zero\n|-weather|none\n|move|p2b: Pelipper|Weather Ball|p1a: Incineroar\n|-damage|p1a: Incineroar|91\/100\n|move|p2a: Calyrex|Glacial Lance|p1a: Incineroar|[spread] p1a,p1b\n|-resisted|p1a: Incineroar\n|-damage|p1a: Incineroar|76\/100\n|-damage|p1b: Terapagos|78\/100\n|move|p1b: Terapagos|Tera Starstorm|p2a: Calyrex|[spread] p2a,p2b\n|-damage|p2a: Calyrex|68\/100\n|-damage|p2b: Pelipper|29\/100\n|move|p1a: Incineroar|Knock Off|p2b: Pelipper\n|-damage|p2b: Pelipper|0 fnt\n|-enditem|p2b: Pelipper|Covert Cloak|[from] move: Knock Off|[of] p1a: Incineroar\n|faint|p2b: Pelipper\n|\n|-heal|p1b: Terapagos|84\/100|[from] item: Leftovers\n|upkeep\n|\n|t:|1736594220\n|switch|p2b: Urshifu|Urshifu-Rapid-Strike, L50, F|100\/100\n|turn|3\n|inactive|SamP_64 has 30 seconds left.\n|\n|t:|1736594255\n|move|p2b: Urshifu|Close Combat|p1b: Terapagos\n|-supereffective|p1b: Terapagos\n|-damage|p1b: Terapagos|5\/100\n|-unboost|p2b: Urshifu|def|1\n|-unboost|p2b: Urshifu|spd|1\n|move|p2a: Calyrex|Glacial Lance|p1a: Incineroar|[spread] p1a,p1b\n|-resisted|p1a: Incineroar\n|-crit|p1b: Terapagos\n|-damage|p1a: Incineroar|58\/100\n|-damage|p1b: Terapagos|0 fnt\n|faint|p1b: Terapagos\n|-ability|p2a: Calyrex|Chilling Neigh|boost\n|-boost|p2a: Calyrex|atk|1\n|move|p1a: Incineroar|Will-O-Wisp|p2b: Urshifu\n|-status|p2b: Urshifu|brn\n|\n|-damage|p2b: Urshifu|95\/100 brn|[from] brn\n|upkeep\n|\n|t:|1736594273\n|switch|p1b: Rillaboom|Rillaboom, L50, F|100\/100\n|-fieldstart|move: Grassy Terrain|[from] ability: Grassy Surge|[of] p1b: Rillaboom\n|turn|4\n|\n|t:|1736594294\n|move|p1b: Rillaboom|Fake Out|p2a: Calyrex\n|-damage|p2a: Calyrex|59\/100\n|move|p2b: Urshifu|Surging Strikes|p1a: Incineroar\n|-supereffective|p1a: Incineroar\n|-crit|p1a: Incineroar\n|-damage|p1a: Incineroar|37\/100\n|-damage|p2b: Urshifu|78\/100 brn|[from] item: Rocky Helmet|[of] p1a: Incineroar\n|-supereffective|p1a: Incineroar\n|-crit|p1a: Incineroar\n|-damage|p1a: Incineroar|17\/100\n|-damage|p2b: Urshifu|62\/100 brn|[from] item: Rocky Helmet|[of] p1a: Incineroar\n|-supereffective|p1a: Incineroar\n|-crit|p1a: Incineroar\n|-damage|p1a: Incineroar|0 fnt\n|-damage|p2b: Urshifu|45\/100 brn|[from] item: Rocky Helmet|[of] p1a: Incineroar\n|faint|p1a: Incineroar\n|-hitcount|p1: Incineroar|3\n|cant|p2a: Calyrex|flinch\n|\n|-heal|p2b: Urshifu|51\/100 brn|[from] Grassy Terrain\n|-heal|p2a: Calyrex|65\/100|[from] Grassy Terrain\n|-damage|p2b: Urshifu|45\/100 brn|[from] brn\n|-sideend|p2: tyuiop112|move: Tailwind\n|upkeep\n|\n|t:|1736594317\n|switch|p1a: Amoonguss|Amoonguss, L50, M|100\/100\n|turn|5\n|\n|t:|1736594340\n|move|p1a: Amoonguss|Rage Powder|p1a: Amoonguss\n|-singleturn|p1a: Amoonguss|move: Rage Powder\n|move|p2b: Urshifu|Close Combat|p1a: Amoonguss\n|-resisted|p1a: Amoonguss\n|-damage|p1a: Amoonguss|89\/100\n|-unboost|p2b: Urshifu|def|1\n|-unboost|p2b: Urshifu|spd|1\n|move|p1b: Rillaboom|Wood Hammer|p2a: Calyrex\n|-damage|p2a: Calyrex|8\/100\n|-damage|p1b: Rillaboom|83\/100|[from] Recoil\n|move|p2a: Calyrex|Glacial Lance|p1b: Rillaboom|[spread] p1a,p1b\n|-supereffective|p1a: Amoonguss\n|-supereffective|p1b: Rillaboom\n|-damage|p1a: Amoonguss|9\/100\n|-damage|p1b: Rillaboom|0 fnt\n|faint|p1b: Rillaboom\n|-ability|p2a: Calyrex|Chilling Neigh|boost\n|-boost|p2a: Calyrex|atk|1\n|\n|-heal|p2b: Urshifu|51\/100 brn|[from] Grassy Terrain\n|-heal|p2a: Calyrex|15\/100|[from] Grassy Terrain\n|-heal|p1a: Amoonguss|15\/100|[from] Grassy Terrain\n|-damage|p2b: Urshifu|45\/100 brn|[from] brn\n|upkeep\n|turn|6\n|-message|SamP_64 forfeited.\n|\n|win|tyuiop112\n|raw|SamP_64's rating: 1553 &rarr; <strong>1534<\/strong><br \/>(-19 for losing)\n|raw|tyuiop112's rating: 1579 &rarr; <strong>1598<\/strong><br \/>(+19 for winning)\n|l|\u2606SamP_64\n|player|p1|\n|l|\u2606tyuiop112\n|player|p2|\n","uploadtime":1736594516,"views":128,"formatid":"gen9vgc2025regg","rating":1534,"private":0,"password":null}