{"id":"gen9vgc2025regg-2279403860","format":"[Gen 9] VGC 2025 Reg G","players":["Dragonite1016","nomissPlz"],"log":"|j|\u2606Dragonite1016\n|j|\u2606nomissPlz\n|t:|1736643462\n|gametype|doubles\n|player|p1|Dragonite1016|red|1571\n|player|p2|nomissPlz|101|1524\n|teamsize|p1|6\n|teamsize|p2|6\n|gen|9\n|tier|[Gen 9] VGC 2025 Reg G\n|rated|\n|rule|Species Clause: Limit one of each Pok\u00e9mon\n|rule|Item Clause: Limit 1 of each item\n|clearpoke\n|poke|p1|Zamazenta-*, L50|\n|poke|p1|Whimsicott, L50, F|\n|poke|p1|Chien-Pao, L50|\n|poke|p1|Urshifu-*, L50, M|\n|poke|p1|Raging Bolt, L50|\n|poke|p1|Dragonite, L50, F|\n|poke|p2|Whimsicott, L50, F|\n|poke|p2|Archaludon, L50, F|\n|poke|p2|Kyogre, L50|\n|poke|p2|Urshifu-*, L50, F|\n|poke|p2|Tsareena, L50, F|\n|poke|p2|Rillaboom, L50, M|\n|teampreview|4\n|\n|t:|1736643517\n|start\n|switch|p1a: Raging Bolt|Raging Bolt, L50|100\/100\n|switch|p1b: Dragonite|Dragonite, L50, F|100\/100\n|switch|p2a: Whimsicott|Whimsicott, L50, F|100\/100\n|switch|p2b: Kyogre|Kyogre, L50|100\/100\n|-weather|RainDance|[from] ability: Drizzle|[of] p2b: Kyogre\n|turn|1\n|\n|t:|1736643565\n|switch|p2b: Archaludon|Archaludon, L50, F|100\/100\n|switch|p1b: Zamazenta|Zamazenta-Crowned, L50|100\/100\n|-ability|p1b: Zamazenta|Dauntless Shield|boost\n|-boost|p1b: Zamazenta|def|1\n|move|p2a: Whimsicott|Moonblast|p1b: Zamazenta\n|-damage|p1b: Zamazenta|80\/100\n|-unboost|p1b: Zamazenta|spa|1\n|move|p1a: Raging Bolt|Volt Switch|p2b: Archaludon\n|-resisted|p2b: Archaludon\n|-damage|p2b: Archaludon|71\/100\n|\n|t:|1736643587\n|-end|p1a: Raging Bolt|Protosynthesis|[silent]\n|switch|p1a: Chien-Pao|Chien-Pao, L50|100\/100|[from] Volt Switch\n|-ability|p1a: Chien-Pao|Sword of Ruin\n|\n|-weather|RainDance|[upkeep]\n|upkeep\n|turn|2\n|\n|t:|1736643603\n|move|p2a: Whimsicott|Tailwind|p2a: Whimsicott\n|-sidestart|p2: nomissPlz|move: Tailwind\n|move|p2b: Archaludon|Electro Shot||[still]\n|-prepare|p2b: Archaludon|Electro Shot\n|-boost|p2b: Archaludon|spa|1\n|-anim|p2b: Archaludon|Electro Shot|p1a: Chien-Pao\n|-enditem|p1a: Chien-Pao|Focus Sash\n|-damage|p1a: Chien-Pao|1\/100\n|move|p1a: Chien-Pao|Ice Spinner|p2a: Whimsicott\n|-supereffective|p2a: Whimsicott\n|-damage|p2a: Whimsicott|0 fnt\n|faint|p2a: Whimsicott\n|move|p1b: Zamazenta|Body Press|p2b: Archaludon\n|-supereffective|p2b: Archaludon\n|-damage|p2b: Archaludon|0 fnt\n|faint|p2b: Archaludon\n|\n|-weather|RainDance|[upkeep]\n|upkeep\n|\n|t:|1736643620\n|switch|p2a: Tsareena|Tsareena, L50, F|100\/100\n|switch|p2b: Kyogre|Kyogre, L50|100\/100\n|turn|3\n|inactive|Battle timer is ON: inactive players will automatically lose when time's up. (requested by Dragonite1016)\n|\n|t:|1736643655\n|-terastallize|p2a: Tsareena|Ice\n|move|p1a: Chien-Pao|Protect|p1a: Chien-Pao\n|-singleturn|p1a: Chien-Pao|Protect\n|move|p1b: Zamazenta|Protect|p1b: Zamazenta\n|-singleturn|p1b: Zamazenta|Protect\n|move|p2b: Kyogre|Water Spout|p1a: Chien-Pao|[spread] \n|-activate|p1a: Chien-Pao|move: Protect\n|-activate|p1b: Zamazenta|move: Protect\n|move|p2a: Tsareena|Triple Axel|p1b: Zamazenta\n|-activate|p1b: Zamazenta|move: Protect\n|\n|-weather|RainDance|[upkeep]\n|upkeep\n|turn|4\n|inactive|Dragonite1016 has 30 seconds left.\n|\n|t:|1736643682\n|move|p1b: Zamazenta|Wide Guard|p1b: Zamazenta\n|-singleturn|p1b: Zamazenta|Wide Guard\n|move|p2b: Kyogre|Water Spout|p1a: Chien-Pao|[spread] \n|-activate|p1a: Chien-Pao|move: Wide Guard\n|-activate|p1b: Zamazenta|move: Wide Guard\n|move|p2a: Tsareena|High Jump Kick|p1b: Zamazenta\n|-supereffective|p1b: Zamazenta\n|-damage|p1b: Zamazenta|26\/100\n|move|p1a: Chien-Pao|Ice Spinner|p2a: Tsareena\n|-resisted|p2a: Tsareena\n|-damage|p2a: Tsareena|71\/100\n|\n|-weather|RainDance|[upkeep]\n|upkeep\n|turn|5\n|inactive|Dragonite1016 has 30 seconds left.\n|inactive|nomissPlz has 30 seconds left.\n|inactive|Dragonite1016 has 20 seconds left.\n|inactive|Dragonite1016 has 15 seconds left.\n|inactive|Dragonite1016 has 10 seconds left.\n|inactive|nomissPlz has 20 seconds left.\n|inactive|nomissPlz has 15 seconds left.\n|inactive|nomissPlz has 10 seconds left.\n|\n|t:|1736643739\n|-terastallize|p1b: Zamazenta|Grass\n|move|p1b: Zamazenta|Wide Guard|p1b: Zamazenta\n|-singleturn|p1b: Zamazenta|Wide Guard\n|move|p2b: Kyogre|Water Spout|p1a: Chien-Pao|[spread] \n|-activate|p1a: Chien-Pao|move: Wide Guard\n|-activate|p1b: Zamazenta|move: Wide Guard\n|move|p2a: Tsareena|Triple Axel|p1a: Chien-Pao\n|-resisted|p1a: Chien-Pao\n|-damage|p1a: Chien-Pao|0 fnt\n|faint|p1a: Chien-Pao\n|-hitcount|p1: Chien-Pao|1\n|\n|-weather|none\n|-sideend|p2: nomissPlz|move: Tailwind\n|upkeep\n|\n|t:|1736643749\n|switch|p1a: Raging Bolt|Raging Bolt, L50|100\/100\n|turn|6\n|j| Nanshan\n|inactive|Dragonite1016 has 30 seconds left.\n|\n|t:|1736643783\n|move|p1b: Zamazenta|Wide Guard|p1b: Zamazenta\n|-singleturn|p1b: Zamazenta|Wide Guard\n|move|p2b: Kyogre|Water Spout|p1b: Zamazenta|[spread] \n|-activate|p1a: Raging Bolt|move: Wide Guard\n|-activate|p1b: Zamazenta|move: Wide Guard\n|move|p2a: Tsareena|Triple Axel|p1a: Raging Bolt\n|-supereffective|p1a: Raging Bolt\n|-crit|p1a: Raging Bolt\n|-damage|p1a: Raging Bolt|76\/100\n|-supereffective|p1a: Raging Bolt\n|-damage|p1a: Raging Bolt|43\/100\n|-supereffective|p1a: Raging Bolt\n|-damage|p1a: Raging Bolt|0 fnt\n|faint|p1a: Raging Bolt\n|-end|p1a: Raging Bolt|Protosynthesis|[silent]\n|-hitcount|p1: Raging Bolt|3\n|\n|upkeep\n|-message|Dragonite1016 forfeited.\n|\n|win|nomissPlz\n|raw|Dragonite1016's rating: 1571 &rarr; <strong>1548<\/strong><br \/>(-23 for losing)\n|raw|nomissPlz's rating: 1524 &rarr; <strong>1547<\/strong><br \/>(+23 for winning)\n|l|\u2606Dragonite1016\n|player|p1|\n|l|\u2606nomissPlz\n|player|p2|\n|l| Nanshan\n","uploadtime":1736644024,"views":106,"formatid":"gen9vgc2025regg","rating":1547,"private":0,"password":null}