{"id":"gen9vgc2025regg-2279912183","format":"[Gen 9] VGC 2025 Reg G","players":["clickformoreinfos","Iamsliverfish"],"log":"|j|\u2606clickformoreinfos\n|j|\u2606Iamsliverfish\n|t:|1736721985\n|gametype|doubles\n|player|p1|clickformoreinfos|medium|1587\n|player|p2|Iamsliverfish|hiker-gen4|1625\n|teamsize|p1|6\n|teamsize|p2|6\n|gen|9\n|tier|[Gen 9] VGC 2025 Reg G\n|rated|\n|rule|Species Clause: Limit one of each Pok\u00e9mon\n|rule|Item Clause: Limit 1 of each item\n|clearpoke\n|poke|p1|Chi-Yu, L50|\n|poke|p1|Raging Bolt, L50|\n|poke|p1|Groudon, L50|\n|poke|p1|Sableye, L50, M|\n|poke|p1|Primarina, L50, F|\n|poke|p1|Lilligant-Hisui, L50, F|\n|poke|p2|Calyrex-Shadow, L50|\n|poke|p2|Maushold, L50|\n|poke|p2|Amoonguss, L50, F|\n|poke|p2|Urshifu-*, L50, M|\n|poke|p2|Incineroar, L50, F|\n|poke|p2|Tornadus, L50, M|\n|teampreview|4\n|inactive|Battle timer is ON: inactive players will automatically lose when time's up. (requested by clickformoreinfos)\n|j| zzz1994000\n|l| zzz1994000\n|j| fasboom\n|inactive|clickformoreinfos has 60 seconds left.\n|inactive|clickformoreinfos has 30 seconds left.\n|\n|t:|1736722047\n|start\n|switch|p1a: Sableye|Sableye, L50, M|100\/100\n|switch|p1b: Primarina|Primarina, L50, F|100\/100\n|switch|p2a: Tornadus|Tornadus, L50, M|100\/100\n|switch|p2b: Calyrex|Calyrex-Shadow, L50|100\/100\n|-ability|p2b: Calyrex|As One\n|-ability|p2b: Calyrex|Unnerve\n|turn|1\n|\n|t:|1736722070\n|move|p2b: Calyrex|Protect|p2b: Calyrex\n|-singleturn|p2b: Calyrex|Protect\n|move|p1a: Sableye|Gravity|p1a: Sableye\n|-fieldstart|move: Gravity\n|move|p2a: Tornadus|Bleakwind Storm|p1b: Primarina|[spread] p1a,p1b\n|-damage|p1a: Sableye|26\/100\n|-damage|p1b: Primarina|78\/100\n|move|p1b: Primarina|Sing|p2b: Calyrex\n|-activate|p2b: Calyrex|move: Protect\n|\n|upkeep\n|turn|2\n|\n|t:|1736722086\n|move|p2a: Tornadus|Taunt|p1b: Primarina\n|-start|p1b: Primarina|move: Taunt\n|move|p1a: Sableye|Light Screen|p1a: Sableye\n|-sidestart|p1: clickformoreinfos|move: Light Screen\n|move|p2b: Calyrex|Astral Barrage|p1a: Sableye|[spread] p1a,p1b\n|-damage|p1a: Sableye|0 fnt\n|-damage|p1b: Primarina|45\/100\n|faint|p1a: Sableye\n|-ability|p2b: Calyrex|Grim Neigh|boost\n|-boost|p2b: Calyrex|spa|1\n|-damage|p2b: Calyrex|91\/100|[from] item: Life Orb\n|cant|p1b: Primarina|move: Taunt|Sing\n|\n|upkeep\n|\n|t:|1736722090\n|switch|p1a: Chi-Yu|Chi-Yu, L50|100\/100\n|-ability|p1a: Chi-Yu|Beads of Ruin\n|turn|3\n|\n|t:|1736722100\n|move|p2b: Calyrex|Protect|p2b: Calyrex\n|-singleturn|p2b: Calyrex|Protect\n|move|p2a: Tornadus|Tailwind|p2a: Tornadus\n|-sidestart|p2: Iamsliverfish|move: Tailwind\n|move|p1a: Chi-Yu|Snarl|p2a: Tornadus|[spread] p2a\n|-activate|p2b: Calyrex|move: Protect\n|-damage|p2a: Tornadus|62\/100\n|-unboost|p2a: Tornadus|spa|1\n|move|p1b: Primarina|Hyper Voice|p2b: Calyrex|[spread] p2a\n|-activate|p2b: Calyrex|move: Protect\n|-damage|p2a: Tornadus|19\/100\n|-enditem|p1b: Primarina|Throat Spray\n|-boost|p1b: Primarina|spa|1|[from] item: Throat Spray\n|\n|upkeep\n|turn|4\n|\n|t:|1736722117\n|-terastallize|p2b: Calyrex|Ground\n|move|p2b: Calyrex|Astral Barrage|p1a: Chi-Yu|[spread] p1a,p1b\n|-resisted|p1a: Chi-Yu\n|-damage|p1a: Chi-Yu|57\/100\n|-damage|p1b: Primarina|0 fnt\n|faint|p1b: Primarina\n|-ability|p2b: Calyrex|Grim Neigh|boost\n|-boost|p2b: Calyrex|spa|1\n|-damage|p2b: Calyrex|82\/100|[from] item: Life Orb\n|move|p2a: Tornadus|Bleakwind Storm|p1a: Chi-Yu\n|-damage|p1a: Chi-Yu|31\/100\n|move|p1a: Chi-Yu|Snarl|p2a: Tornadus|[spread] p2a,p2b\n|-damage|p2a: Tornadus|0 fnt\n|-damage|p2b: Calyrex|50\/100\n|-unboost|p2b: Calyrex|spa|1\n|faint|p2a: Tornadus\n|\n|upkeep\n|\n|t:|1736722125\n|switch|p2a: Maushold|Maushold, L50|100\/100\n|switch|p1b: Groudon|Groudon, L50|100\/100\n|-weather|SunnyDay|[from] ability: Drought|[of] p1b: Groudon\n|turn|5\n|\n|t:|1736722139\n|move|p2b: Calyrex|Astral Barrage|p1b: Groudon|[spread] p1a,p1b\n|-resisted|p1a: Chi-Yu\n|-damage|p1a: Chi-Yu|0 fnt\n|-damage|p1b: Groudon|13\/100\n|faint|p1a: Chi-Yu\n|-ability|p2b: Calyrex|Grim Neigh|boost\n|-boost|p2b: Calyrex|spa|1\n|-damage|p2b: Calyrex|40\/100|[from] item: Life Orb\n|move|p2a: Maushold|Population Bomb|p1b: Groudon\n|-damage|p1b: Groudon|7\/100\n|-damage|p1b: Groudon|1\/100\n|-damage|p1b: Groudon|0 fnt\n|faint|p1b: Groudon\n|-hitcount|p1: Groudon|3\n|\n|win|Iamsliverfish\n|raw|clickformoreinfos's rating: 1587 &rarr; <strong>1569<\/strong><br \/>(-18 for losing)\n|raw|Iamsliverfish's rating: 1625 &rarr; <strong>1643<\/strong><br \/>(+18 for winning)\n|l|\u2606clickformoreinfos\n|player|p1|\n|l|\u2606Iamsliverfish\n|player|p2|\n","uploadtime":1736722306,"views":7,"formatid":"gen9vgc2025regg","rating":1569,"private":0,"password":null}