{"id":"gen9vgc2025regg-2279915443","format":"[Gen 9] VGC 2025 Reg G","players":["Imnotagni","DarkAlex69"],"log":"|j|\u2606Imnotagni\n|j|\u2606DarkAlex69\n|t:|1736722394\n|gametype|doubles\n|player|p1|Imnotagni|policeman-gen4|1612\n|player|p2|DarkAlex69|cynthia|1549\n|teamsize|p1|6\n|teamsize|p2|6\n|gen|9\n|tier|[Gen 9] VGC 2025 Reg G\n|rated|\n|rule|Species Clause: Limit one of each Pok\u00e9mon\n|rule|Item Clause: Limit 1 of each item\n|clearpoke\n|poke|p1|Kyogre, L50|\n|poke|p1|Tornadus, L50, M|\n|poke|p1|Tsareena, L50, F|\n|poke|p1|Archaludon, L50, F|\n|poke|p1|Electabuzz, L50, M|\n|poke|p1|Overqwil, L50, M|\n|poke|p2|Urshifu-*, L50, F|\n|poke|p2|Kyogre, L50|\n|poke|p2|Landorus, L50, M|\n|poke|p2|Chien-Pao, L50|\n|poke|p2|Dragonite, L50, F|\n|poke|p2|Ditto, L50|\n|teampreview|4\n|inactive|Battle timer is ON: inactive players will automatically lose when time's up. (requested by Imnotagni)\nDarkAlex69 rejected open team sheets.\n|j| fasboom\n|inactive|Imnotagni has 60 seconds left.\n|j| starlight74\n|\n|t:|1736722434\n|start\n|switch|p1a: Tornadus|Tornadus, L50, M, shiny|100\/100\n|switch|p1b: Kyogre|Kyogre, L50, shiny|100\/100\n|switch|p2a: Kyogre|Kyogre, L50|100\/100\n|switch|p2b: Urshifu|Urshifu-Rapid-Strike, L50, F|100\/100\n|-weather|RainDance|[from] ability: Drizzle|[of] p1b: Kyogre\n|turn|1\n|l| fasboom\n|j| fasboom\n|\n|t:|1736722451\n|-terastallize|p1b: Kyogre|Water\n|move|p1a: Tornadus|Tailwind|p1a: Tornadus\n|-sidestart|p1: Imnotagni|move: Tailwind\n|move|p1b: Kyogre|Water Spout|p2b: Urshifu|[spread] p2a,p2b\n|-resisted|p2a: Kyogre\n|-resisted|p2b: Urshifu\n|-damage|p2a: Kyogre|57\/100\n|-damage|p2b: Urshifu|5\/100\n|move|p2b: Urshifu|Surging Strikes|p1a: Tornadus\n|-crit|p1a: Tornadus\n|-damage|p1a: Tornadus|46\/100\n|-crit|p1a: Tornadus\n|-damage|p1a: Tornadus|0 fnt\n|faint|p1a: Tornadus\n|-hitcount|p1: Tornadus|2\n|move|p2a: Kyogre|Thunder|p1b: Kyogre\n|-supereffective|p1b: Kyogre\n|-damage|p1b: Kyogre|3\/100\n|\n|-weather|RainDance|[upkeep]\n|upkeep\n|inactive|Imnotagni has 30 seconds left.\n|inactive|Imnotagni has 20 seconds left.\n|\n|t:|1736722491\n|switch|p1a: Tsareena|Tsareena, L50, F, shiny|100\/100\n|turn|2\n|\n|t:|1736722500\n|switch|p1b: Overqwil|Overqwil, L50, M|100\/100\n|move|p1a: Tsareena|Power Whip|p2b: Urshifu\n|-supereffective|p2b: Urshifu\n|-damage|p2b: Urshifu|0 fnt\n|faint|p2b: Urshifu\n|move|p2a: Kyogre|Thunder|p1b: Overqwil\n|-damage|p1b: Overqwil|0 fnt\n|faint|p1b: Overqwil\n|\n|-weather|RainDance|[upkeep]\n|upkeep\n|\n|t:|1736722513\n|switch|p2b: Landorus|Landorus, L50, M|100\/100\n|switch|p1b: Kyogre|Kyogre, L50, shiny, tera:Water|3\/100\n|turn|3\n|\n|t:|1736722527\n|move|p1b: Kyogre|Origin Pulse|p2b: Landorus|[spread] p2a,p2b\n|-resisted|p2a: Kyogre\n|-crit|p2a: Kyogre\n|-supereffective|p2b: Landorus\n|-damage|p2a: Kyogre|10\/100\n|-enditem|p2b: Landorus|Focus Sash\n|-damage|p2b: Landorus|1\/100\n|move|p1a: Tsareena|Triple Axel|p2a: Kyogre\n|-resisted|p2a: Kyogre\n|-damage|p2a: Kyogre|6\/100\n|-resisted|p2a: Kyogre\n|-damage|p2a: Kyogre|0 fnt\n|faint|p2a: Kyogre\n|-hitcount|p2: Kyogre|2\n|move|p2b: Landorus|Sludge Bomb|p1a: Tsareena\n|-supereffective|p1a: Tsareena\n|-damage|p1a: Tsareena|1\/100\n|\n|-weather|RainDance|[upkeep]\n|upkeep\n|\n|t:|1736722545\n|switch|p2a: Ditto|Ditto, L50|100\/100\n|-transform|p2a: Ditto|p1b: Kyogre|[from] ability: Imposter\n|turn|4\n|\n|t:|1736722561\n|move|p2b: Landorus|Protect|p2b: Landorus\n|-singleturn|p2b: Landorus|Protect\n|move|p1b: Kyogre|Origin Pulse|p2a: Ditto|[spread] p2a\n|-activate|p2b: Landorus|move: Protect\n|-resisted|p2a: Ditto\n|-damage|p2a: Ditto|57\/100\n|move|p1a: Tsareena|Power Whip|p2a: Ditto\n|-supereffective|p2a: Ditto\n|-damage|p2a: Ditto|0 fnt\n|-damage|p1a: Tsareena|0 fnt|[from] item: Rocky Helmet|[of] p2a: Ditto\n|faint|p2a: Ditto\n|faint|p1a: Tsareena\n|\n|-weather|RainDance|[upkeep]\n|-sideend|p1: Imnotagni|move: Tailwind\n|upkeep\n|turn|5\n|\n|t:|1736722578\n|move|p1b: Kyogre|Origin Pulse|p2b: Landorus|[miss]\n|-miss|p1b: Kyogre|p2b: Landorus\n|move|p2b: Landorus|Earth Power|p1b: Kyogre\n|-damage|p1b: Kyogre|0 fnt\n|faint|p1b: Kyogre\n|\n|win|DarkAlex69\n|raw|Imnotagni's rating: 1612 &rarr; <strong>1588<\/strong><br \/>(-24 for losing)\n|raw|DarkAlex69's rating: 1549 &rarr; <strong>1573<\/strong><br \/>(+24 for winning)\n|c|\u2606Imnotagni|pain\n|l| starlight74\n|l|\u2606Imnotagni\n|player|p1|\n|l| fasboom\n","uploadtime":1736722723,"views":34,"formatid":"gen9vgc2025regg","rating":1573,"private":0,"password":null}