{"id":"gen9vgc2025regg-2279917220","format":"[Gen 9] VGC 2025 Reg G","players":["Iamsliverfish","Imnotagni"],"log":"|j|\u2606Iamsliverfish\n|j|\u2606Imnotagni\n|t:|1736722624\n|gametype|doubles\n|player|p1|Iamsliverfish|hiker-gen4|1605\n|player|p2|Imnotagni|policeman-gen4|1588\n|teamsize|p1|6\n|teamsize|p2|6\n|gen|9\n|tier|[Gen 9] VGC 2025 Reg G\n|rated|\n|rule|Species Clause: Limit one of each Pok\u00e9mon\n|rule|Item Clause: Limit 1 of each item\n|clearpoke\n|poke|p1|Calyrex-Shadow, L50|\n|poke|p1|Maushold, L50|\n|poke|p1|Amoonguss, L50, M|\n|poke|p1|Urshifu-*, L50, F|\n|poke|p1|Incineroar, L50, F|\n|poke|p1|Tornadus, L50, M|\n|poke|p2|Kyogre, L50|\n|poke|p2|Tornadus, L50, M|\n|poke|p2|Tsareena, L50, F|\n|poke|p2|Ditto, L50|\n|poke|p2|Landorus, L50, M|\n|poke|p2|Urshifu-*, L50, F|\n|teampreview|4\n|inactive|Battle timer is ON: inactive players will automatically lose when time's up. (requested by Imnotagni)\n|\n|t:|1736722650\n|start\n|switch|p1a: Tornadus|Tornadus, L50, M|100\/100\n|switch|p1b: Calyrex|Calyrex-Shadow, L50|100\/100\n|switch|p2a: Tornadus|Tornadus, L50, M|100\/100\n|switch|p2b: Kyogre|Kyogre, L50, shiny|100\/100\n|-ability|p1b: Calyrex|As One\n|-ability|p1b: Calyrex|Unnerve\n|-weather|RainDance|[from] ability: Drizzle|[of] p2b: Kyogre\n|turn|1\n|\n|t:|1736722664\n|-terastallize|p2b: Kyogre|Water\n|move|p2a: Tornadus|Tailwind|p2a: Tornadus\n|-sidestart|p2: Imnotagni|move: Tailwind\n|move|p1a: Tornadus|Sunny Day|p1a: Tornadus\n|-weather|SunnyDay\n|move|p2b: Kyogre|Water Spout|p1a: Tornadus|[spread] p1a,p1b\n|-damage|p1a: Tornadus|51\/100\n|-damage|p1b: Calyrex|56\/100\n|move|p1b: Calyrex|Astral Barrage|p2a: Tornadus|[spread] p2a,p2b\n|-damage|p2a: Tornadus|14\/100\n|-damage|p2b: Kyogre|45\/100\n|-damage|p1b: Calyrex|46\/100|[from] item: Life Orb\n|\n|-weather|SunnyDay|[upkeep]\n|upkeep\n|turn|2\n|j| zzz1994000\n|\n|t:|1736722680\n|switch|p1a: Maushold|Maushold, L50|100\/100\n|move|p2a: Tornadus|Rain Dance|p2a: Tornadus\n|-weather|RainDance\n|move|p2b: Kyogre|Water Spout|p1b: Calyrex|[spread] p1a,p1b\n|-damage|p1a: Maushold|28\/100\n|-damage|p1b: Calyrex|4\/100\n|move|p1b: Calyrex|Astral Barrage|p2b: Kyogre|[spread] p2a,p2b\n|-damage|p2a: Tornadus|0 fnt\n|-damage|p2b: Kyogre|0 fnt\n|faint|p2a: Tornadus\n|faint|p2b: Kyogre\n|-ability|p1b: Calyrex|Grim Neigh|boost\n|-boost|p1b: Calyrex|spa|2\n|-damage|p1b: Calyrex|0 fnt|[from] item: Life Orb\n|faint|p1b: Calyrex\n|\n|-weather|RainDance|[upkeep]\n|upkeep\n|l| zzz1994000\n|\n|t:|1736722699\n|switch|p1b: Tornadus|Tornadus, L50, M|51\/100\n|switch|p2a: Ditto|Ditto, L50|100\/100\n|switch|p2b: Urshifu|Urshifu-Rapid-Strike, L50, F|100\/100\n|-transform|p2a: Ditto|p1b: Tornadus|[from] ability: Imposter\n|turn|3\n|j| starlight74\n|inactive|Iamsliverfish has 30 seconds left.\n|inactive|Imnotagni has 30 seconds left.\n|inactive|Iamsliverfish has 20 seconds left.\n|inactive|Imnotagni has 20 seconds left.\n|\n|t:|1736722738\n|move|p1b: Tornadus|Tailwind|p1b: Tornadus\n|-sidestart|p1: Iamsliverfish|move: Tailwind\n|move|p2b: Urshifu|Surging Strikes|p1b: Tornadus\n|-crit|p1b: Tornadus\n|-damage|p1b: Tornadus|16\/100\n|-crit|p1b: Tornadus\n|-damage|p1b: Tornadus|0 fnt\n|faint|p1b: Tornadus\n|-hitcount|p1: Tornadus|2\n|move|p1a: Maushold|Population Bomb|p2a: Ditto\n|-damage|p2a: Ditto|91\/100\n|-damage|p2a: Ditto|80\/100\n|-damage|p2a: Ditto|71\/100\n|-damage|p2a: Ditto|61\/100\n|-damage|p2a: Ditto|51\/100\n|-damage|p2a: Ditto|42\/100\n|-damage|p2a: Ditto|32\/100\n|-crit|p2a: Ditto\n|-damage|p2a: Ditto|18\/100\n|-damage|p2a: Ditto|8\/100\n|-damage|p2a: Ditto|0 fnt\n|faint|p2a: Ditto\n|-hitcount|p2: Ditto|10\n|\n|-weather|RainDance|[upkeep]\n|upkeep\n|\n|t:|1736722744\n|switch|p1b: Urshifu|Urshifu-Rapid-Strike, L50, F|100\/100\n|turn|4\n|\n|t:|1736722748\n|-terastallize|p1b: Urshifu|Water\n|move|p1a: Maushold|Follow Me|p1a: Maushold\n|-singleturn|p1a: Maushold|move: Follow Me\n|move|p1b: Urshifu|Surging Strikes|p2b: Urshifu\n|-resisted|p2b: Urshifu\n|-crit|p2b: Urshifu\n|-damage|p2b: Urshifu|81\/100\n|-resisted|p2b: Urshifu\n|-crit|p2b: Urshifu\n|-damage|p2b: Urshifu|58\/100\n|-resisted|p2b: Urshifu\n|-crit|p2b: Urshifu\n|-damage|p2b: Urshifu|36\/100\n|-hitcount|p2b: Urshifu|3\n|move|p2b: Urshifu|Surging Strikes|p1a: Maushold\n|-crit|p1a: Maushold\n|-damage|p1a: Maushold|0 fnt\n|faint|p1a: Maushold\n|-hitcount|p1: Maushold|1\n|\n|-weather|RainDance|[upkeep]\n|-sideend|p2: Imnotagni|move: Tailwind\n|upkeep\n|turn|5\n|\n|t:|1736722751\n|move|p1b: Urshifu|Surging Strikes|p2b: Urshifu\n|-resisted|p2b: Urshifu\n|-crit|p2b: Urshifu\n|-damage|p2b: Urshifu|15\/100\n|-resisted|p2b: Urshifu\n|-crit|p2b: Urshifu\n|-damage|p2b: Urshifu|0 fnt\n|faint|p2b: Urshifu\n|-hitcount|p2: Urshifu|2\n|\n|win|Iamsliverfish\n|raw|Iamsliverfish's rating: 1605 &rarr; <strong>1624<\/strong><br \/>(+19 for winning)\n|raw|Imnotagni's rating: 1588 &rarr; <strong>1569<\/strong><br \/>(-19 for losing)\n|l|\u2606Imnotagni\n|player|p2|\n|l|\u2606Iamsliverfish\n|player|p1|\n","uploadtime":1736723002,"views":24,"formatid":"gen9vgc2025regg","rating":1569,"private":0,"password":null}