{"id":"gen9vgc2025regg-2279207774","format":"[Gen 9] VGC 2025 Reg G","players":["PKBR_Hitsuy","zhz2021"],"log":"|j|\u2606PKBR_Hitsuy\n|j|\u2606zhz2021\n|t:|1736617172\n|gametype|doubles\n|player|p1|PKBR_Hitsuy|cynthia|1538\n|player|p2|zhz2021|marley|1596\n|teamsize|p1|6\n|teamsize|p2|6\n|gen|9\n|tier|[Gen 9] VGC 2025 Reg G\n|rated|\n|rule|Species Clause: Limit one of each Pok\u00e9mon\n|rule|Item Clause: Limit 1 of each item\n|clearpoke\n|poke|p1|Miraidon, L50|\n|poke|p1|Whimsicott, L50, F|\n|poke|p1|Urshifu-*, L50, M|\n|poke|p1|Ogerpon-Hearthflame, L50, F|\n|poke|p1|Iron Hands, L50|\n|poke|p1|Farigiraf, L50, F|\n|poke|p2|Whimsicott, L50, M|\n|poke|p2|Weezing-Galar, L50, F|\n|poke|p2|Brambleghast, L50, F|\n|poke|p2|Raging Bolt, L50|\n|poke|p2|Koraidon, L50|\n|poke|p2|Bronzong, L50|\n|teampreview|4\n|inactive|Battle timer is ON: inactive players will automatically lose when time's up. (requested by PKBR_Hitsuy)\n|\n|t:|1736617192\n|start\n|switch|p1a: Miraidon|Miraidon, L50|100\/100\n|switch|p1b: Hera|Whimsicott, L50, F, shiny|100\/100\n|switch|p2a: Whimsicott|Whimsicott, L50, M|100\/100\n|switch|p2b: Weezing|Weezing-Galar, L50, F|100\/100\n|-ability|p2b: Weezing|Neutralizing Gas\n|-block|p2a: Whimsicott|item: Ability Shield\n|turn|1\n|inactive|zhz2021 has 30 seconds left.\n|inactive|zhz2021 has 20 seconds left.\n|inactive|zhz2021 has 15 seconds left.\n|\n|t:|1736617233\n|move|p2a: Whimsicott|Tailwind|p2a: Whimsicott\n|-sidestart|p2: zhz2021|move: Tailwind\n|move|p2b: Weezing|Play Rough|p1a: Miraidon\n|-supereffective|p1a: Miraidon\n|-damage|p1a: Miraidon|4\/100\n|-damage|p2b: Weezing|90\/100|[from] item: Life Orb\n|move|p1a: Miraidon|Volt Switch|p2b: Weezing\n|-damage|p2b: Weezing|0 fnt\n|faint|p2b: Weezing\n|-end|p2b: Weezing|ability: Neutralizing Gas\n|-fieldstart|move: Electric Terrain|[from] ability: Hadron Engine|[of] p1a: Miraidon\n|\n|t:|1736617246\n|switch|p1a: Ogerpon|Ogerpon-Hearthflame, L50, F|100\/100|[from] Volt Switch\n|-ability|p1a: Ogerpon|Mold Breaker\n|move|p1b: Hera|Tailwind|p1b: Hera\n|-sidestart|p1: PKBR_Hitsuy|move: Tailwind\n|\n|upkeep\n|\n|t:|1736617266\n|switch|p2b: Raging Bolt|Raging Bolt, L50|100\/100\n|turn|2\n|j| Odiseeus\n|\n|t:|1736617289\n|move|p2a: Whimsicott|Encore|p1b: Hera\n|-start|p1b: Hera|Encore\n|move|p1b: Hera|Tailwind||[still]\n|-fail|p1b: Hera\n|move|p1a: Ogerpon|Ivy Cudgel|p2a: Whimsicott|[anim] Ivy Cudgel Fire\n|-supereffective|p2a: Whimsicott\n|-damage|p2a: Whimsicott|0 fnt\n|faint|p2a: Whimsicott\n|move|p2b: Raging Bolt|Electroweb|p1b: Hera|[spread] p1a,p1b\n|-resisted|p1a: Ogerpon\n|-resisted|p1b: Hera\n|-crit|p1b: Hera\n|-damage|p1a: Ogerpon|75\/100\n|-damage|p1b: Hera|65\/100\n|-unboost|p1a: Ogerpon|spe|1\n|\n|upkeep\n|\n|t:|1736617300\n|switch|p2a: Koraidon|Koraidon, L50|100\/100\n|-weather|SunnyDay|[from] ability: Orichalcum Pulse|[of] p2a: Koraidon\n|-activate|p2b: Raging Bolt|ability: Protosynthesis\n|-start|p2b: Raging Bolt|protosynthesisspa\n|-activate|p2a: Koraidon|Orichalcum Pulse|[source]\n|turn|3\n|\n|t:|1736617305\n|switch|p1b: Iron Hands|Iron Hands, L50|100\/100\n|-activate|p1b: Iron Hands|ability: Quark Drive\n|-start|p1b: Iron Hands|quarkdriveatk\n|move|p1a: Ogerpon|Spiky Shield|p1a: Ogerpon\n|-singleturn|p1a: Ogerpon|move: Protect\n|move|p2a: Koraidon|Flame Charge|p1b: Iron Hands\n|-damage|p1b: Iron Hands|76\/100\n|-boost|p2a: Koraidon|spe|1\n|move|p2b: Raging Bolt|Electroweb|p1a: Ogerpon|[spread] p1b\n|-activate|p1a: Ogerpon|move: Protect\n|-resisted|p1b: Iron Hands\n|-damage|p1b: Iron Hands|61\/100\n|-unboost|p1b: Iron Hands|spe|1\n|\n|-weather|SunnyDay|[upkeep]\n|upkeep\n|turn|4\n|\n|t:|1736617315\n|switch|p1a: Hera|Whimsicott, L50, F, shiny|65\/100\n|move|p1b: Iron Hands|Fake Out|p2a: Koraidon\n|-crit|p2a: Koraidon\n|-damage|p2a: Koraidon|71\/100\n|move|p2a: Koraidon|Flare Blitz|p1a: Hera\n|-supereffective|p1a: Hera\n|-damage|p1a: Hera|0 fnt\n|faint|p1a: Hera\n|-damage|p2a: Koraidon|51\/100|[from] Recoil\n|move|p2b: Raging Bolt|Electroweb|p1b: Iron Hands\n|-resisted|p1b: Iron Hands\n|-damage|p1b: Iron Hands|41\/100\n|-unboost|p1b: Iron Hands|spe|1\n|\n|-weather|SunnyDay|[upkeep]\n|-sideend|p2: zhz2021|move: Tailwind\n|-sideend|p1: PKBR_Hitsuy|move: Tailwind\n|upkeep\n|\n|t:|1736617327\n|switch|p1a: Ogerpon|Ogerpon-Hearthflame, L50, F|75\/100\n|-ability|p1a: Ogerpon|Mold Breaker\n|turn|5\n|\n|t:|1736617340\n|move|p1a: Ogerpon|Follow Me|p1a: Ogerpon\n|-singleturn|p1a: Ogerpon|move: Follow Me\n|move|p2a: Koraidon|Flare Blitz|p1a: Ogerpon\n|-damage|p1a: Ogerpon|0 fnt\n|faint|p1a: Ogerpon\n|-damage|p2a: Koraidon|26\/100|[from] Recoil\n|move|p2b: Raging Bolt|Electroweb|p1b: Iron Hands\n|-resisted|p1b: Iron Hands\n|-damage|p1b: Iron Hands|19\/100\n|-unboost|p1b: Iron Hands|spe|1\n|move|p1b: Iron Hands|Drain Punch|p2a: Koraidon\n|-damage|p2a: Koraidon|0 fnt\n|-heal|p1b: Iron Hands|29\/100|[from] drain|[of] p2a: Koraidon\n|faint|p2a: Koraidon\n|\n|-weather|SunnyDay|[upkeep]\n|-fieldend|move: Electric Terrain\n|-end|p1b: Iron Hands|Quark Drive\n|upkeep\n|\n|t:|1736617355\n|switch|p1a: Miraidon|Miraidon, L50|4\/100\n|-fieldstart|move: Electric Terrain|[from] ability: Hadron Engine|[of] p1a: Miraidon\n|-activate|p1b: Iron Hands|ability: Quark Drive\n|-start|p1b: Iron Hands|quarkdriveatk\n|turn|6\n|\n|t:|1736617372\n|-terastallize|p2b: Raging Bolt|Electric\n|move|p1a: Miraidon|Draco Meteor|p2b: Raging Bolt\n|-damage|p2b: Raging Bolt|0 fnt\n|-unboost|p1a: Miraidon|spa|2\n|faint|p2b: Raging Bolt\n|-end|p2b: Raging Bolt|Protosynthesis|[silent]\n|\n|win|PKBR_Hitsuy\n|raw|PKBR_Hitsuy's rating: 1538 &rarr; <strong>1560<\/strong><br \/>(+22 for winning)\n|raw|zhz2021's rating: 1577 &rarr; <strong>1555<\/strong><br \/>(-22 for losing)\n|l|\u2606zhz2021\n|player|p2|\n|l| Odiseeus\n|l|\u2606PKBR_Hitsuy\n|player|p1|\n","uploadtime":1736617568,"views":7,"formatid":"gen9vgc2025regg","rating":1555,"private":0,"password":null}