{"id":"gen9vgc2025regg-2279870912","format":"[Gen 9] VGC 2025 Reg G","players":["roykeenkennedy","FunkyPengu1n"],"log":"|j|\u2606roykeenkennedy\n|j|\u203dFunkyPengu1n\n|t:|1736716912\n|gametype|doubles\n|player|p1|roykeenkennedy|alder|1549\n|player|p2|FunkyPengu1n|265|1627\n|teamsize|p1|6\n|teamsize|p2|6\n|gen|9\n|tier|[Gen 9] VGC 2025 Reg G\n|rated|\n|rule|Species Clause: Limit one of each Pok\u00e9mon\n|rule|Item Clause: Limit 1 of each item\n|clearpoke\n|poke|p1|Amoonguss, L50, M|\n|poke|p1|Calyrex-Ice, L50|\n|poke|p1|Annihilape, L50, M|\n|poke|p1|Farigiraf, L50, F|\n|poke|p1|Incineroar, L50, M|\n|poke|p1|Grimmsnarl, L50, M|\n|poke|p2|Zamazenta-*, L50|\n|poke|p2|Chien-Pao, L50|\n|poke|p2|Urshifu-*, L50, M|\n|poke|p2|Tornadus, L50, M|\n|poke|p2|Landorus, L50, M|\n|poke|p2|Raging Bolt, L50|\n|teampreview|4\n|inactive|Battle timer is ON: inactive players will automatically lose when time's up. (requested by roykeenkennedy)\n|\n|t:|1736716947\n|start\n|switch|p1a: Annihilape|Annihilape, L50, M|100\/100\n|switch|p1b: Calyrex|Calyrex-Ice, L50|100\/100\n|switch|p2a: Chien-Pao|Chien-Pao, L50|100\/100\n|switch|p2b: Zamazenta|Zamazenta-Crowned, L50|100\/100\n|-ability|p1b: Calyrex|As One\n|-ability|p1b: Calyrex|Unnerve\n|-ability|p2a: Chien-Pao|Sword of Ruin\n|-ability|p2b: Zamazenta|Dauntless Shield|boost\n|-boost|p2b: Zamazenta|def|1\n|turn|1\n|\n|t:|1736716964\n|move|p2b: Zamazenta|Protect|p2b: Zamazenta\n|-singleturn|p2b: Zamazenta|Protect\n|move|p1b: Calyrex|Protect|p1b: Calyrex\n|-singleturn|p1b: Calyrex|Protect\n|move|p1a: Annihilape|Coaching|p1b: Calyrex\n|-boost|p1b: Calyrex|atk|1\n|-boost|p1b: Calyrex|def|1\n|move|p2a: Chien-Pao|Icicle Crash|p1a: Annihilape\n|-damage|p1a: Annihilape|43\/100\n|\n|upkeep\n|turn|2\n|inactive|FunkyPengu1n has 30 seconds left.\n|inactive|FunkyPengu1n has 20 seconds left.\n|\n|t:|1736717000\n|-terastallize|p1b: Calyrex|Water\n|move|p1a: Annihilape|Coaching|p1b: Calyrex\n|-boost|p1b: Calyrex|atk|1\n|-boost|p1b: Calyrex|def|1\n|move|p2a: Chien-Pao|Haze|p2a: Chien-Pao\n|-clearallboost\n|move|p2b: Zamazenta|Body Press|p1b: Calyrex\n|-damage|p1b: Calyrex|64\/100\n|move|p1b: Calyrex|Trick Room|p1b: Calyrex\n|-fieldstart|move: Trick Room|[of] p1b: Calyrex\n|\n|upkeep\n|turn|3\n|inactive|roykeenkennedy has 30 seconds left.\n|\n|t:|1736717033\n|switch|p1a: Amoonguss|Amoonguss, L50, M|100\/100\n|move|p1b: Calyrex|Protect|p1b: Calyrex\n|-singleturn|p1b: Calyrex|Protect\n|move|p2b: Zamazenta|Body Press|p1b: Calyrex\n|-activate|p1b: Calyrex|move: Protect\n|move|p2a: Chien-Pao|Icicle Crash|p1a: Amoonguss\n|-supereffective|p1a: Amoonguss\n|-damage|p1a: Amoonguss|6\/100\n|\n|upkeep\n|turn|4\n|j| Prahhhhhhh\n|\n|t:|1736717054\n|move|p2a: Chien-Pao|Ice Shard|p1a: Amoonguss\n|-supereffective|p1a: Amoonguss\n|-damage|p1a: Amoonguss|0 fnt\n|faint|p1a: Amoonguss\n|move|p1b: Calyrex|High Horsepower|p2b: Zamazenta\n|-supereffective|p2b: Zamazenta\n|-damage|p2b: Zamazenta|39\/100\n|move|p2b: Zamazenta|Body Press|p1b: Calyrex\n|-damage|p1b: Calyrex|26\/100\n|\n|upkeep\n|\n|t:|1736717065\n|switch|p1a: Farigiraf|Farigiraf, L50, F|100\/100\n|turn|5\n|\n|t:|1736717072\n|move|p2b: Zamazenta|Protect|p2b: Zamazenta\n|-singleturn|p2b: Zamazenta|Protect\n|move|p2a: Chien-Pao|Protect|p2a: Chien-Pao\n|-singleturn|p2a: Chien-Pao|Protect\n|move|p1b: Calyrex|High Horsepower|p2b: Zamazenta\n|-activate|p2b: Zamazenta|move: Protect\n|move|p1a: Farigiraf|Hyper Voice|p2a: Chien-Pao|[spread] \n|-activate|p2a: Chien-Pao|move: Protect\n|-activate|p2b: Zamazenta|move: Protect\n|\n|upkeep\n|turn|6\n|\n|t:|1736717088\n|move|p2b: Zamazenta|Wide Guard|p2b: Zamazenta\n|-singleturn|p2b: Zamazenta|Wide Guard\n|move|p1b: Calyrex|High Horsepower|p2b: Zamazenta|[miss]\n|-miss|p1b: Calyrex|p2b: Zamazenta\n|move|p1a: Farigiraf|Hyper Voice|p2a: Chien-Pao|[spread] \n|-activate|p2a: Chien-Pao|move: Wide Guard\n|-activate|p2b: Zamazenta|move: Wide Guard\n|move|p2a: Chien-Pao|Icicle Crash|p1b: Calyrex\n|-resisted|p1b: Calyrex\n|-damage|p1b: Calyrex|9\/100\n|\n|-fieldend|move: Trick Room\n|upkeep\n|turn|7\n|-message|roykeenkennedy forfeited.\n|\n|win|FunkyPengu1n\n|raw|roykeenkennedy's rating: 1549 &rarr; <strong>1533<\/strong><br \/>(-16 for losing)\n|raw|FunkyPengu1n's rating: 1627 &rarr; <strong>1643<\/strong><br \/>(+16 for winning)\n|l|\u2606roykeenkennedy\n|player|p1|\n|l|\u203dFunkyPengu1n\n|player|p2|\n|l| Prahhhhhhh\n","uploadtime":1736717295,"views":26,"formatid":"gen9vgc2025regg","rating":1533,"private":0,"password":null}