{"id":"gen9vgc2025regg-2279525899","format":"[Gen 9] VGC 2025 Reg G","players":["Squ1dge_","Moonlight410"],"log":"|j|\u2606Squ1dge_\n|j|\u2606Moonlight410\n|t:|1736661712\n|gametype|doubles\n|player|p1|Squ1dge_|101|1626\n|player|p2|Moonlight410|265|1548\n|teamsize|p1|6\n|teamsize|p2|6\n|gen|9\n|tier|[Gen 9] VGC 2025 Reg G\n|rated|\n|rule|Species Clause: Limit one of each Pok\u00e9mon\n|rule|Item Clause: Limit 1 of each item\n|clearpoke\n|poke|p1|Farigiraf, L50, M|\n|poke|p1|Regieleki, L50|\n|poke|p1|Landorus, L50, M|\n|poke|p1|Ogerpon-Cornerstone, L50, F|\n|poke|p1|Urshifu-*, L50, M|\n|poke|p1|Calyrex-Ice, L50|\n|poke|p2|Calyrex-Ice, L50|\n|poke|p2|Incineroar, L50, F|\n|poke|p2|Amoonguss, L50, M|\n|poke|p2|Urshifu-*, L50, F|\n|poke|p2|Rillaboom, L50, M|\n|poke|p2|Ditto, L50|\n|teampreview|4\n|inactive|Battle timer is ON: inactive players will automatically lose when time's up. (requested by Squ1dge_)\n|inactive|Squ1dge_ has 60 seconds left.\n|inactive|Moonlight410 has 60 seconds left.\n|\n|t:|1736661759\n|start\n|switch|p1a: Urshifu|Urshifu-Rapid-Strike, L50, M|100\/100\n|switch|p1b: Ogerpon|Ogerpon-Cornerstone, L50, F|100\/100\n|switch|p2a: Urshifu|Urshifu-Rapid-Strike, L50, F|100\/100\n|switch|p2b: Incineroar|Incineroar, L50, F|100\/100\n|-ability|p2b: Incineroar|Intimidate|boost\n|-unboost|p1a: Urshifu|atk|1\n|-unboost|p1b: Ogerpon|atk|1\n|turn|1\n|j| 20m-hierophant\n|inactive|Moonlight410 has 30 seconds left.\n|inactive|Moonlight410 has 20 seconds left.\n|inactive|Moonlight410 has 15 seconds left.\n|\n|t:|1736661800\n|switch|p1a: Farigiraf|Farigiraf, L50, M|100\/100\n|switch|p2b: Amoonguss|Amoonguss, L50, M|100\/100\n|move|p2a: Urshifu|U-turn|p1b: Ogerpon\n|-supereffective|p1b: Ogerpon\n|-damage|p1b: Ogerpon|28\/100\n|\n|t:|1736661814\n|switch|p2a: Incineroar|Incineroar, L50, F|100\/100|[from] U-turn\n|-ability|p2a: Incineroar|Intimidate|boost\n|-unboost|p1a: Farigiraf|atk|1\n|-unboost|p1b: Ogerpon|atk|1\n|move|p1b: Ogerpon|Power Whip|p2a: Incineroar\n|-resisted|p2a: Incineroar\n|-damage|p2a: Incineroar|87\/100\n|\n|upkeep\n|turn|2\n|inactive|Squ1dge_ has 30 seconds left.\n|inactive|Moonlight410 has 30 seconds left.\n|\n|t:|1736661848\n|move|p1b: Ogerpon|Ivy Cudgel|p2b: Amoonguss|[anim] Ivy Cudgel Rock\n|-damage|p2b: Amoonguss|78\/100\n|move|p2a: Incineroar|Knock Off|p1a: Farigiraf\n|-supereffective|p1a: Farigiraf\n|-damage|p1a: Farigiraf|32\/100\n|-enditem|p1a: Farigiraf|Safety Goggles|[from] move: Knock Off|[of] p2a: Incineroar\n|move|p1a: Farigiraf|Psychic|p2b: Amoonguss\n|-supereffective|p2b: Amoonguss\n|-damage|p2b: Amoonguss|1\/100\n|move|p2b: Amoonguss|Spore|p1b: Ogerpon\n|-immune|p1b: Ogerpon\n|\n|upkeep\n|turn|3\n|inactive|Squ1dge_ has 30 seconds left.\n|\n|t:|1736661880\n|switch|p1a: Urshifu|Urshifu-Rapid-Strike, L50, M|100\/100\n|switch|p2b: Urshifu|Urshifu-Rapid-Strike, L50, F|100\/100\n|move|p1b: Ogerpon|Spiky Shield|p1b: Ogerpon\n|-singleturn|p1b: Ogerpon|move: Protect\n|move|p2a: Incineroar|Knock Off|p1a: Urshifu\n|-resisted|p1a: Urshifu\n|-damage|p1a: Urshifu|82\/100\n|-enditem|p1a: Urshifu|Mystic Water|[from] move: Knock Off|[of] p2a: Incineroar\n|\n|upkeep\n|turn|4\n|l| 20m-hierophant\n|j| 20m-hierophant\n|inactive|Squ1dge_ has 30 seconds left.\n|inactive|Moonlight410 has 30 seconds left.\n|inactive|Squ1dge_ has 20 seconds left.\n|inactive|Squ1dge_ has 15 seconds left.\n|\n|t:|1736661923\n|switch|p1b: Farigiraf|Farigiraf, L50, M|32\/100\n|switch|p2a: Amoonguss|Amoonguss, L50, M|34\/100\n|move|p2b: Urshifu|U-turn|p1b: Farigiraf\n|-supereffective|p1b: Farigiraf\n|-damage|p1b: Farigiraf|0 fnt\n|faint|p1b: Farigiraf\n|\n|t:|1736661931\n|switch|p2b: Calyrex|Calyrex-Ice, L50|100\/100|[from] U-turn\n|-ability|p2b: Calyrex|As One\n|-ability|p2b: Calyrex|Unnerve\n|move|p1a: Urshifu|Surging Strikes|p2a: Amoonguss\n|-resisted|p2a: Amoonguss\n|-crit|p2a: Amoonguss\n|-damage|p2a: Amoonguss|27\/100\n|-damage|p1a: Urshifu|66\/100|[from] item: Rocky Helmet|[of] p2a: Amoonguss\n|-resisted|p2a: Amoonguss\n|-crit|p2a: Amoonguss\n|-damage|p2a: Amoonguss|20\/100\n|-damage|p1a: Urshifu|49\/100|[from] item: Rocky Helmet|[of] p2a: Amoonguss\n|-resisted|p2a: Amoonguss\n|-crit|p2a: Amoonguss\n|-damage|p2a: Amoonguss|13\/100\n|-damage|p1a: Urshifu|33\/100|[from] item: Rocky Helmet|[of] p2a: Amoonguss\n|-hitcount|p2a: Amoonguss|3\n|\n|upkeep\n|\n|t:|1736661956\n|switch|p1b: Ogerpon|Ogerpon-Cornerstone, L50, F|28\/100\n|turn|5\n|inactive|Squ1dge_ has 30 seconds left.\n|\n|t:|1736661981\n|switch|p2a: Incineroar|Incineroar, L50, F|87\/100\n|-ability|p2a: Incineroar|Intimidate|boost\n|-unboost|p1a: Urshifu|atk|1\n|-unboost|p1b: Ogerpon|atk|1\n|-terastallize|p2b: Calyrex|Grass\n|move|p1b: Ogerpon|Spiky Shield|p1b: Ogerpon\n|-singleturn|p1b: Ogerpon|move: Protect\n|move|p1a: Urshifu|Surging Strikes|p2a: Incineroar\n|-supereffective|p2a: Incineroar\n|-crit|p2a: Incineroar\n|-damage|p2a: Incineroar|56\/100\n|-supereffective|p2a: Incineroar\n|-crit|p2a: Incineroar\n|-damage|p2a: Incineroar|26\/100\n|-supereffective|p2a: Incineroar\n|-crit|p2a: Incineroar\n|-damage|p2a: Incineroar|0 fnt\n|faint|p2a: Incineroar\n|-hitcount|p2: Incineroar|3\n|move|p2b: Calyrex|Glacial Lance|p1a: Urshifu|[spread] p1a\n|-activate|p1b: Ogerpon|move: Protect\n|-resisted|p1a: Urshifu\n|-damage|p1a: Urshifu|3\/100\n|\n|upkeep\n|\n|t:|1736662002\n|switch|p2a: Urshifu|Urshifu-Rapid-Strike, L50, F|100\/100\n|turn|6\n|\n|t:|1736662021\n|move|p2a: Urshifu|U-turn|p1b: Ogerpon\n|-supereffective|p1b: Ogerpon\n|-crit|p1b: Ogerpon\n|-damage|p1b: Ogerpon|0 fnt\n|faint|p1b: Ogerpon\n|\n|t:|1736662026\n|switch|p2a: Amoonguss|Amoonguss, L50, M|46\/100|[from] U-turn\n|move|p1a: Urshifu|Close Combat|p2a: Amoonguss\n|-resisted|p2a: Amoonguss\n|-damage|p2a: Amoonguss|29\/100\n|-unboost|p1a: Urshifu|def|1\n|-unboost|p1a: Urshifu|spd|1\n|-damage|p1a: Urshifu|0 fnt|[from] item: Rocky Helmet|[of] p2a: Amoonguss\n|faint|p1a: Urshifu\n|move|p2b: Calyrex|Trick Room|p2b: Calyrex\n|-fieldstart|move: Trick Room|[of] p2b: Calyrex\n|\n|upkeep\n|\n|t:|1736662039\n|switch|p1b: Calyrex|Calyrex-Ice, L50|100\/100\n|-ability|p1b: Calyrex|As One\n|-ability|p1b: Calyrex|Unnerve\n|turn|7\n|-message|Squ1dge_ forfeited.\n|\n|win|Moonlight410\n|raw|Squ1dge_'s rating: 1626 &rarr; <strong>1602<\/strong><br \/>(-24 for losing)\n|raw|Moonlight410's rating: 1548 &rarr; <strong>1572<\/strong><br \/>(+24 for winning)\n|l|\u2606Squ1dge_\n|player|p1|\n|l|\u2606Moonlight410\n|player|p2|\n|l| 20m-hierophant\n","uploadtime":1736662232,"views":103,"formatid":"gen9vgc2025regg","rating":1572,"private":0,"password":null}