{"id":"gen9vgc2025regg-2279596503","format":"[Gen 9] VGC 2025 Reg G","players":["Paradox Mourinho","something123"],"log":"|j|\u2606Paradox Mourinho\n|j|\u2606something123\n|t:|1736677056\n|gametype|doubles\n|player|p1|Paradox Mourinho|170|1559\n|player|p2|something123|169|1641\n|teamsize|p1|6\n|teamsize|p2|6\n|gen|9\n|tier|[Gen 9] VGC 2025 Reg G\n|rated|\n|rule|Species Clause: Limit one of each Pok\u00e9mon\n|rule|Item Clause: Limit 1 of each item\n|clearpoke\n|poke|p1|Calyrex-Shadow, L50|\n|poke|p1|Maushold, L50|\n|poke|p1|Tatsugiri, L50, M|\n|poke|p1|Dondozo, L50, M|\n|poke|p1|Mienshao, L50, F|\n|poke|p1|Weezing-Galar, L50, F|\n|poke|p2|Miraidon, L50|\n|poke|p2|Whimsicott, L50, F|\n|poke|p2|Dondozo, L50, F|\n|poke|p2|Tatsugiri, L50, M|\n|poke|p2|Ditto, L50|\n|poke|p2|Iron Leaves, L50|\n|teampreview|4\n|j| Mr.Costello\n|inactive|Battle timer is ON: inactive players will automatically lose when time's up. (requested by something123)\n|\n|t:|1736677078\n|start\n|switch|p1a: Calyrex|Calyrex-Shadow, L50|100\/100\n|switch|p1b: Mienshao|Mienshao, L50, F|100\/100\n|switch|p2a: Dondozo|Dondozo, L50, F|100\/100\n|switch|p2b: Miraidon|Miraidon, L50|100\/100\n|-ability|p1a: Calyrex|As One\n|-ability|p1a: Calyrex|Unnerve\n|-fieldstart|move: Electric Terrain|[from] ability: Hadron Engine|[of] p2b: Miraidon\n|turn|1\n|\n|t:|1736677095\n|-terastallize|p1a: Calyrex|Ghost\n|move|p2b: Miraidon|Protect|p2b: Miraidon\n|-singleturn|p2b: Miraidon|Protect\n|move|p2a: Dondozo|Protect|p2a: Dondozo\n|-singleturn|p2a: Dondozo|Protect\n|move|p1b: Mienshao|Fake Out|p2a: Dondozo\n|-activate|p2a: Dondozo|move: Protect\n|move|p1a: Calyrex|Astral Barrage|p2b: Miraidon|[spread] \n|-activate|p2a: Dondozo|move: Protect\n|-activate|p2b: Miraidon|move: Protect\n|\n|upkeep\n|turn|2\n|j| shigeru_old\n|\n|t:|1736677107\n|switch|p2b: Tatsugiri|Tatsugiri, L50, M|100\/100\n|-activate|p2b: Tatsugiri|ability: Commander|[of] p2a: Dondozo\n|-boost|p2a: Dondozo|atk|2\n|-boost|p2a: Dondozo|spa|2\n|-boost|p2a: Dondozo|spe|2\n|-boost|p2a: Dondozo|def|2\n|-boost|p2a: Dondozo|spd|2\n|move|p1a: Calyrex|Astral Barrage|p2a: Dondozo|[spread] p2a\n|-miss|p1a: Calyrex|p2b: Tatsugiri\n|-damage|p2a: Dondozo|60\/100\n|move|p1b: Mienshao|Close Combat|p2a: Dondozo\n|-damage|p2a: Dondozo|37\/100\n|-unboost|p1b: Mienshao|def|1\n|-unboost|p1b: Mienshao|spd|1\n|move|p2a: Dondozo|Wave Crash|p1a: Calyrex\n|-damage|p1a: Calyrex|0 fnt\n|faint|p1a: Calyrex\n|-damage|p2a: Dondozo|9\/100|[from] Recoil\n|\n|-heal|p2a: Dondozo|15\/100|[from] item: Leftovers\n|upkeep\n|\n|t:|1736677111\n|switch|p1a: Dondozo|Dondozo, L50, M|100\/100\n|turn|3\n|\n|t:|1736677120\n|move|p1b: Mienshao|Close Combat|p2a: Dondozo\n|-damage|p2a: Dondozo|0 fnt\n|-unboost|p1b: Mienshao|def|1\n|-unboost|p1b: Mienshao|spd|1\n|faint|p2a: Dondozo\n|move|p1a: Dondozo|Substitute|p1a: Dondozo\n|-start|p1a: Dondozo|Substitute\n|-damage|p1a: Dondozo|75\/100\n|\n|-heal|p1a: Dondozo|82\/100|[from] item: Leftovers\n|upkeep\n|\n|t:|1736677128\n|switch|p2a: Miraidon|Miraidon, L50|100\/100\n|-activate|p2a: Miraidon|ability: Hadron Engine\n|turn|4\n|\n|t:|1736677140\n|move|p2a: Miraidon|Protect|p2a: Miraidon\n|-singleturn|p2a: Miraidon|Protect\n|move|p2b: Tatsugiri|Protect|p2b: Tatsugiri\n|-singleturn|p2b: Tatsugiri|Protect\n|move|p1a: Dondozo|Protect|p1a: Dondozo\n|-singleturn|p1a: Dondozo|Protect\n|move|p1b: Mienshao|Close Combat|p2b: Tatsugiri\n|-activate|p2b: Tatsugiri|move: Protect\n|\n|-heal|p1a: Dondozo|88\/100|[from] item: Leftovers\n|upkeep\n|turn|5\n|\n|t:|1736677163\n|move|p2a: Miraidon|Volt Switch|p1b: Mienshao\n|-enditem|p1b: Mienshao|Focus Sash\n|-damage|p1b: Mienshao|1\/100\n|\n|t:|1736677166\n|switch|p2a: Ditto|Ditto, L50|100\/100|[from] Volt Switch\n|-transform|p2a: Ditto|p1b: Mienshao|[from] ability: Imposter\n|move|p1b: Mienshao|Close Combat|p2a: Ditto\n|-damage|p2a: Ditto|0 fnt\n|-unboost|p1b: Mienshao|def|1\n|-unboost|p1b: Mienshao|spd|1\n|faint|p2a: Ditto\n|move|p2b: Tatsugiri|Icy Wind|p1b: Mienshao|[spread] p1a\n|-miss|p2b: Tatsugiri|p1b: Mienshao\n|-resisted|p1a: Dondozo\n|-activate|p1a: Dondozo|move: Substitute|[damage]\n|move|p1a: Dondozo|Order Up|p2b: Tatsugiri\n|-supereffective|p2b: Tatsugiri\n|-damage|p2b: Tatsugiri|42\/100\n|\n|-heal|p1a: Dondozo|94\/100|[from] item: Leftovers\n|-fieldend|move: Electric Terrain\n|upkeep\n|c|\u2606something123|f\n|\n|t:|1736677178\n|switch|p2a: Miraidon|Miraidon, L50|100\/100\n|-fieldstart|move: Electric Terrain|[from] ability: Hadron Engine|[of] p2a: Miraidon\n|turn|6\n|\n|t:|1736677208\n|-terastallize|p2a: Miraidon|Electric\n|move|p1b: Mienshao|Wide Guard|p1b: Mienshao\n|-singleturn|p1b: Mienshao|Wide Guard\n|move|p2a: Miraidon|Electro Drift|p1b: Mienshao\n|-damage|p1b: Mienshao|0 fnt\n|faint|p1b: Mienshao\n|move|p2b: Tatsugiri|Draco Meteor|p1a: Dondozo\n|-end|p1a: Dondozo|Substitute\n|-unboost|p2b: Tatsugiri|spa|2\n|move|p1a: Dondozo|Order Up|p2b: Tatsugiri\n|-supereffective|p2b: Tatsugiri\n|-damage|p2b: Tatsugiri|0 fnt\n|faint|p2b: Tatsugiri\n|\n|-heal|p1a: Dondozo|99\/100|[from] item: Leftovers\n|upkeep\n|\n|t:|1736677214\n|switch|p1b: Tatsugiri|Tatsugiri, L50, M|100\/100\n|-activate|p1b: Tatsugiri|ability: Commander|[of] p1a: Dondozo\n|-boost|p1a: Dondozo|atk|2\n|-boost|p1a: Dondozo|spa|2\n|-boost|p1a: Dondozo|spe|2\n|-boost|p1a: Dondozo|def|2\n|-boost|p1a: Dondozo|spd|2\n|turn|7\n|\n|t:|1736677219\n|move|p1a: Dondozo|Protect|p1a: Dondozo\n|-singleturn|p1a: Dondozo|Protect\n|move|p2a: Miraidon|Electro Drift|p1a: Dondozo\n|-activate|p1a: Dondozo|move: Protect\n|\n|-heal|p1a: Dondozo|100\/100|[from] item: Leftovers\n|upkeep\n|turn|8\n|\n|t:|1736677223\n|move|p2a: Miraidon|Electro Drift|p1a: Dondozo\n|-supereffective|p1a: Dondozo\n|-damage|p1a: Dondozo|0 fnt\n|faint|p1a: Dondozo\n|\n|upkeep\n|turn|9\n|\n|t:|1736677226\n|move|p2a: Miraidon|Electro Drift|p1b: Tatsugiri\n|-crit|p1b: Tatsugiri\n|-damage|p1b: Tatsugiri|0 fnt\n|faint|p1b: Tatsugiri\n|\n|win|something123\n|raw|Paradox Mourinho's rating: 1574 &rarr; <strong>1558<\/strong><br \/>(-16 for losing)\n|raw|something123's rating: 1641 &rarr; <strong>1657<\/strong><br \/>(+16 for winning)\n|l|\u2606something123\n|player|p2|\n|l|\u2606Paradox Mourinho\n|player|p1|\n|l| Mr.Costello\n|l| shigeru_old\n","uploadtime":1736677397,"views":16,"formatid":"gen9vgc2025regg","rating":1558,"private":0,"password":null}