{"id":"gen9vgc2025regg-2279711343","format":"[Gen 9] VGC 2025 Reg G","players":["Kardeas","roykeenkennedy"],"log":"|j|\u2606Kardeas\n|j|\u2606roykeenkennedy\n|t:|1736697177\n|gametype|doubles\n|player|p1|Kardeas|clerkf|1532\n|player|p2|roykeenkennedy|alder|1612\n|teamsize|p1|6\n|teamsize|p2|6\n|gen|9\n|tier|[Gen 9] VGC 2025 Reg G\n|rated|\n|rule|Species Clause: Limit one of each Pok\u00e9mon\n|rule|Item Clause: Limit 1 of each item\n|clearpoke\n|poke|p1|Zamazenta-*, L50|\n|poke|p1|Cresselia, L50, F|\n|poke|p1|Grimmsnarl, L50, M|\n|poke|p1|Urshifu-*, L50, M|\n|poke|p1|Amoonguss, L50, M|\n|poke|p1|Landorus, L50, M|\n|poke|p2|Amoonguss, L50, F|\n|poke|p2|Calyrex-Ice, L50|\n|poke|p2|Annihilape, L50, F|\n|poke|p2|Farigiraf, L50, M|\n|poke|p2|Incineroar, L50, F|\n|poke|p2|Grimmsnarl, L50, M|\n|teampreview|4\n|\n|t:|1736697215\n|start\n|switch|p1a: Cresselia|Cresselia, L50, F, shiny|100\/100\n|switch|p1b: Grimmsnarl|Grimmsnarl, L50, M|100\/100\n|switch|p2a: Annihilape|Annihilape, L50, F|100\/100\n|switch|p2b: Calyrex|Calyrex-Ice, L50|100\/100\n|-ability|p2b: Calyrex|As One\n|-ability|p2b: Calyrex|Unnerve\n|turn|1\n|\n|t:|1736697237\n|-terastallize|p1a: Cresselia|Steel\n|-terastallize|p2b: Calyrex|Water\n|move|p1b: Grimmsnarl|Reflect|p1b: Grimmsnarl\n|-sidestart|p1: Kardeas|Reflect\n|move|p2a: Annihilape|Coaching|p2b: Calyrex\n|-boost|p2b: Calyrex|atk|1\n|-boost|p2b: Calyrex|def|1\n|move|p2b: Calyrex|Glacial Lance|p1b: Grimmsnarl|[spread] p1a,p1b\n|-resisted|p1a: Cresselia\n|-damage|p1a: Cresselia|83\/100\n|-damage|p1b: Grimmsnarl|47\/100\n|move|p1a: Cresselia|Trick Room|p1a: Cresselia\n|-fieldstart|move: Trick Room|[of] p1a: Cresselia\n|\n|upkeep\n|turn|2\n|\n|t:|1736697260\n|switch|p2a: Grimmsnarl|Grimmsnarl, L50, M|100\/100\n|move|p1b: Grimmsnarl|Taunt|p2a: Grimmsnarl\n|-hint|Since gen 7, Dark is immune to Prankster moves.\n|-immune|p2a: Grimmsnarl\n|move|p2b: Calyrex|Glacial Lance|p1a: Cresselia|[spread] p1a,p1b\n|-resisted|p1a: Cresselia\n|-damage|p1a: Cresselia|64\/100\n|-damage|p1b: Grimmsnarl|0 fnt\n|faint|p1b: Grimmsnarl\n|-ability|p2b: Calyrex|Chilling Neigh|boost\n|-boost|p2b: Calyrex|atk|1\n|move|p1a: Cresselia|Moonblast|p2a: Grimmsnarl\n|-supereffective|p2a: Grimmsnarl\n|-damage|p2a: Grimmsnarl|68\/100\n|\n|upkeep\n|\n|t:|1736697274\n|switch|p1b: Zamazenta|Zamazenta-Crowned, L50|100\/100\n|-ability|p1b: Zamazenta|Dauntless Shield|boost\n|-boost|p1b: Zamazenta|def|1\n|turn|3\n|\n|t:|1736697289\n|move|p2a: Grimmsnarl|Misty Terrain|p2a: Grimmsnarl\n|-fieldstart|move: Misty Terrain\n|move|p2b: Calyrex|High Horsepower|p1b: Zamazenta\n|-supereffective|p1b: Zamazenta\n|-damage|p1b: Zamazenta|53\/100\n|move|p1a: Cresselia|Skill Swap|p1b: Zamazenta\n|-activate|p1a: Cresselia|move: Skill Swap|||[of] p1b: Zamazenta\n|-ability|p1a: Cresselia|Dauntless Shield|boost\n|-boost|p1a: Cresselia|def|1\n|move|p1b: Zamazenta|Iron Defense|p1b: Zamazenta\n|-boost|p1b: Zamazenta|def|2\n|\n|upkeep\n|turn|4\n|\n|t:|1736697304\n|move|p2a: Grimmsnarl|Reflect|p2a: Grimmsnarl\n|-sidestart|p2: roykeenkennedy|Reflect\n|move|p2b: Calyrex|High Horsepower|p1a: Cresselia\n|-supereffective|p1a: Cresselia\n|-damage|p1a: Cresselia|16\/100\n|move|p1a: Cresselia|Lunar Blessing|p1a: Cresselia|[spread] p1a,p1b\n|-heal|p1a: Cresselia|41\/100\n|-heal|p1b: Zamazenta|78\/100\n|move|p1b: Zamazenta|Iron Defense|p1b: Zamazenta\n|-boost|p1b: Zamazenta|def|2\n|\n|upkeep\n|turn|5\n|\n|t:|1736697322\n|switch|p1a: Urshifu|Urshifu-Rapid-Strike, L50, M|100\/100\n|move|p2a: Grimmsnarl|Light Screen|p2a: Grimmsnarl\n|-sidestart|p2: roykeenkennedy|move: Light Screen\n|move|p2b: Calyrex|High Horsepower|p1a: Urshifu\n|-damage|p1a: Urshifu|43\/100\n|move|p1b: Zamazenta|Body Press|p2b: Calyrex\n|-damage|p2b: Calyrex|62\/100\n|\n|-fieldend|move: Trick Room\n|upkeep\n|turn|6\n|j| Mobile-NWNCC\n|\n|t:|1736697339\n|switch|p2a: Amoonguss|Amoonguss, L50, F|100\/100\n|move|p1b: Zamazenta|Body Press|p2b: Calyrex\n|-damage|p2b: Calyrex|24\/100\n|move|p1a: Urshifu|Surging Strikes|p2a: Amoonguss\n|-resisted|p2a: Amoonguss\n|-crit|p2a: Amoonguss\n|-damage|p2a: Amoonguss|92\/100\n|-damage|p1a: Urshifu|27\/100|[from] item: Rocky Helmet|[of] p2a: Amoonguss\n|-resisted|p2a: Amoonguss\n|-crit|p2a: Amoonguss\n|-damage|p2a: Amoonguss|83\/100\n|-damage|p1a: Urshifu|10\/100|[from] item: Rocky Helmet|[of] p2a: Amoonguss\n|-resisted|p2a: Amoonguss\n|-crit|p2a: Amoonguss\n|-damage|p2a: Amoonguss|75\/100\n|-damage|p1a: Urshifu|0 fnt|[from] item: Rocky Helmet|[of] p2a: Amoonguss\n|faint|p1a: Urshifu\n|-hitcount|p2a: Amoonguss|3\n|move|p2b: Calyrex|High Horsepower|p1b: Zamazenta\n|-immune|p1b: Zamazenta|[from] ability: Levitate\n|\n|upkeep\n|\n|t:|1736697358\n|switch|p1a: Cresselia|Cresselia, L50, F, shiny, tera:Steel|41\/100\n|turn|7\n|j| daanwang1\n|\n|t:|1736697370\n|move|p1b: Zamazenta|Body Press|p2b: Calyrex\n|-damage|p2b: Calyrex|0 fnt\n|faint|p2b: Calyrex\n|move|p1a: Cresselia|Lunar Blessing|p1a: Cresselia|[spread] p1a,p1b\n|-heal|p1a: Cresselia|66\/100\n|-heal|p1b: Zamazenta|100\/100\n|move|p2a: Amoonguss|Spore|p1a: Cresselia\n|-activate|p1a: Cresselia|item: Safety Goggles|Spore\n|\n|-fieldend|Misty Terrain\n|upkeep\n|\n|t:|1736697385\n|switch|p2b: Annihilape|Annihilape, L50, F|100\/100\n|turn|8\n|\n|t:|1736697403\n|move|p1b: Zamazenta|Protect|p1b: Zamazenta\n|-singleturn|p1b: Zamazenta|Protect\n|move|p2b: Annihilape|Final Gambit|p1b: Zamazenta\n|-activate|p1b: Zamazenta|move: Protect\n|move|p2a: Amoonguss|Pollen Puff|p2b: Annihilape\n|-immune|p2b: Annihilape\n|move|p1a: Cresselia|Trick Room|p1a: Cresselia\n|-fieldstart|move: Trick Room|[of] p1a: Cresselia\n|\n|-sideend|p1: Kardeas|Reflect\n|upkeep\n|turn|9\n|\n|t:|1736697458\n|move|p2a: Amoonguss|Rage Powder|p2a: Amoonguss\n|-singleturn|p2a: Amoonguss|move: Rage Powder\n|move|p1a: Cresselia|Moonblast|p2b: Annihilape\n|-supereffective|p2b: Annihilape\n|-damage|p2b: Annihilape|78\/100\n|move|p1b: Zamazenta|Body Press|p2a: Amoonguss\n|-resisted|p2a: Amoonguss\n|-damage|p2a: Amoonguss|33\/100\n|-damage|p1b: Zamazenta|84\/100|[from] item: Rocky Helmet|[of] p2a: Amoonguss\n|move|p2b: Annihilape|Final Gambit|p1b: Zamazenta\n|-damage|p1b: Zamazenta|0 fnt\n|faint|p2b: Annihilape\n|faint|p1b: Zamazenta\n|\n|upkeep\n|\n|t:|1736697473\n|switch|p2b: Grimmsnarl|Grimmsnarl, L50, M|68\/100\n|turn|10\n|\n|t:|1736697485\n|move|p2a: Amoonguss|Pollen Puff|p2b: Grimmsnarl\n|-heal|p2b: Grimmsnarl|100\/100\n|move|p2b: Grimmsnarl|Foul Play|p1a: Cresselia\n|-damage|p1a: Cresselia|54\/100\n|move|p1a: Cresselia|Lunar Blessing|p1a: Cresselia\n|-heal|p1a: Cresselia|79\/100\n|\n|upkeep\n|turn|11\n|\n|t:|1736697500\n|move|p2a: Amoonguss|Pollen Puff|p1a: Cresselia\n|-resisted|p1a: Cresselia\n|-damage|p1a: Cresselia|73\/100\n|move|p2b: Grimmsnarl|Foul Play|p1a: Cresselia\n|-damage|p1a: Cresselia|62\/100\n|move|p1a: Cresselia|Moonblast|p2a: Amoonguss\n|-resisted|p2a: Amoonguss\n|-damage|p2a: Amoonguss|28\/100\n|-unboost|p2a: Amoonguss|spa|1\n|\n|-sideend|p2: roykeenkennedy|Reflect\n|upkeep\n|turn|12\n|\n|t:|1736697521\n|move|p2a: Amoonguss|Pollen Puff|p1a: Cresselia\n|-resisted|p1a: Cresselia\n|-damage|p1a: Cresselia|58\/100\n|move|p2b: Grimmsnarl|Foul Play|p1a: Cresselia\n|-damage|p1a: Cresselia|47\/100\n|move|p1a: Cresselia|Moonblast|p2a: Amoonguss\n|-resisted|p2a: Amoonguss\n|-damage|p2a: Amoonguss|23\/100\n|-unboost|p2a: Amoonguss|spa|1\n|\n|-sideend|p2: roykeenkennedy|move: Light Screen\n|-fieldend|move: Trick Room\n|upkeep\n|turn|13\n|\n|t:|1736697540\n|move|p1a: Cresselia|Lunar Blessing|p1a: Cresselia\n|-heal|p1a: Cresselia|72\/100\n|move|p2b: Grimmsnarl|Foul Play|p1a: Cresselia\n|-damage|p1a: Cresselia|61\/100\n|move|p2a: Amoonguss|Pollen Puff|p1a: Cresselia\n|-resisted|p1a: Cresselia\n|-damage|p1a: Cresselia|59\/100\n|\n|upkeep\n|turn|14\n|\n|t:|1736697557\n|move|p1a: Cresselia|Moonblast|p2a: Amoonguss\n|-resisted|p2a: Amoonguss\n|-damage|p2a: Amoonguss|16\/100\n|move|p2b: Grimmsnarl|Foul Play|p1a: Cresselia\n|-damage|p1a: Cresselia|47\/100\n|move|p2a: Amoonguss|Pollen Puff|p1a: Cresselia\n|-resisted|p1a: Cresselia\n|-damage|p1a: Cresselia|45\/100\n|\n|upkeep\n|turn|15\n|\n|t:|1736697571\n|move|p1a: Cresselia|Moonblast|p2a: Amoonguss\n|-resisted|p2a: Amoonguss\n|-damage|p2a: Amoonguss|8\/100\n|-unboost|p2a: Amoonguss|spa|1\n|move|p2b: Grimmsnarl|Foul Play|p1a: Cresselia\n|-damage|p1a: Cresselia|33\/100\n|move|p2a: Amoonguss|Pollen Puff|p1a: Cresselia\n|-resisted|p1a: Cresselia\n|-damage|p1a: Cresselia|30\/100\n|\n|upkeep\n|turn|16\n|\n|t:|1736697587\n|move|p1a: Cresselia|Moonblast|p2a: Amoonguss\n|-resisted|p2a: Amoonguss\n|-damage|p2a: Amoonguss|1\/100\n|move|p2b: Grimmsnarl|Foul Play|p1a: Cresselia\n|-damage|p1a: Cresselia|20\/100\n|move|p2a: Amoonguss|Pollen Puff|p1a: Cresselia\n|-resisted|p1a: Cresselia\n|-damage|p1a: Cresselia|17\/100\n|\n|upkeep\n|turn|17\n|j| Prahhhhhhh\n|\n|t:|1736697600\n|move|p1a: Cresselia|Lunar Blessing|p1a: Cresselia\n|-heal|p1a: Cresselia|42\/100\n|move|p2b: Grimmsnarl|Foul Play|p1a: Cresselia\n|-damage|p1a: Cresselia|31\/100\n|move|p2a: Amoonguss|Pollen Puff|p1a: Cresselia\n|-resisted|p1a: Cresselia\n|-damage|p1a: Cresselia|29\/100\n|\n|upkeep\n|turn|18\n|l| daanwang1\n|j| moyeade\n|\n|t:|1736697631\n|move|p2b: Grimmsnarl|Light Screen|p2b: Grimmsnarl\n|-sidestart|p2: roykeenkennedy|move: Light Screen\n|move|p1a: Cresselia|Moonblast|p2a: Amoonguss\n|-resisted|p2a: Amoonguss\n|-damage|p2a: Amoonguss|0 fnt\n|faint|p2a: Amoonguss\n|\n|upkeep\n|turn|19\n|\n|t:|1736697640\n|move|p1a: Cresselia|Moonblast|p2b: Grimmsnarl\n|-supereffective|p2b: Grimmsnarl\n|-damage|p2b: Grimmsnarl|80\/100\n|move|p2b: Grimmsnarl|Foul Play|p1a: Cresselia\n|-damage|p1a: Cresselia|18\/100\n|\n|upkeep\n|turn|20\n|\n|t:|1736697649\n|move|p1a: Cresselia|Lunar Blessing|p1a: Cresselia\n|-heal|p1a: Cresselia|43\/100\n|move|p2b: Grimmsnarl|Foul Play|p1a: Cresselia\n|-damage|p1a: Cresselia|32\/100\n|\n|upkeep\n|turn|21\n|\n|t:|1736697657\n|move|p1a: Cresselia|Moonblast|p2b: Grimmsnarl\n|-supereffective|p2b: Grimmsnarl\n|-damage|p2b: Grimmsnarl|58\/100\n|-unboost|p2b: Grimmsnarl|spa|1\n|move|p2b: Grimmsnarl|Foul Play|p1a: Cresselia\n|-damage|p1a: Cresselia|21\/100\n|\n|upkeep\n|turn|22\n|\n|t:|1736697666\n|move|p1a: Cresselia|Lunar Blessing|p1a: Cresselia\n|-heal|p1a: Cresselia|46\/100\n|move|p2b: Grimmsnarl|Foul Play|p1a: Cresselia\n|-damage|p1a: Cresselia|34\/100\n|\n|upkeep\n|turn|23\n|\n|t:|1736697673\n|move|p1a: Cresselia|Moonblast|p2b: Grimmsnarl\n|-supereffective|p2b: Grimmsnarl\n|-damage|p2b: Grimmsnarl|38\/100\n|move|p2b: Grimmsnarl|Foul Play|p1a: Cresselia\n|-damage|p1a: Cresselia|24\/100\n|\n|upkeep\n|turn|24\n|\n|t:|1736697681\n|move|p1a: Cresselia|Moonblast|p2b: Grimmsnarl\n|-supereffective|p2b: Grimmsnarl\n|-damage|p2b: Grimmsnarl|16\/100\n|move|p2b: Grimmsnarl|Foul Play|p1a: Cresselia\n|-crit|p1a: Cresselia\n|-damage|p1a: Cresselia|7\/100\n|\n|upkeep\n|turn|25\n|\n|t:|1736697694\n|move|p1a: Cresselia|Moonblast|p2b: Grimmsnarl\n|-supereffective|p2b: Grimmsnarl\n|-damage|p2b: Grimmsnarl|0 fnt\n|faint|p2b: Grimmsnarl\n|\n|win|Kardeas\n|raw|Kardeas's rating: 1532 &rarr; <strong>1557<\/strong><br \/>(+25 for winning)\n|raw|roykeenkennedy's rating: 1612 &rarr; <strong>1587<\/strong><br \/>(-25 for losing)\n|l|\u2606Kardeas\n|player|p1|\n|l|\u2606roykeenkennedy\n|player|p2|\n|l| moyeade\n","uploadtime":1736697939,"views":76,"formatid":"gen9vgc2025regg","rating":1557,"private":0,"password":null}