{"id":"gen9vgc2025regg-2279592093","format":"[Gen 9] VGC 2025 Reg G","players":["Read Book","something123"],"log":"|j|\u2606Read Book\n|j|\u2606something123\n|t:|1736676112\n|gametype|doubles\n|player|p1|Read Book|169|1536\n|player|p2|something123|169|1724\n|teamsize|p1|6\n|teamsize|p2|6\n|gen|9\n|tier|[Gen 9] VGC 2025 Reg G\n|rated|\n|rule|Species Clause: Limit one of each Pok\u00e9mon\n|rule|Item Clause: Limit 1 of each item\n|clearpoke\n|poke|p1|Rillaboom, L50, M|\n|poke|p1|Incineroar, L50, F|\n|poke|p1|Flutter Mane, L50|\n|poke|p1|Urshifu-*, L50, F|\n|poke|p1|Terapagos, L50, M|\n|poke|p1|Chien-Pao, L50|\n|poke|p2|Miraidon, L50|\n|poke|p2|Whimsicott, L50, F|\n|poke|p2|Dondozo, L50, M|\n|poke|p2|Tatsugiri, L50, F|\n|poke|p2|Ditto, L50|\n|poke|p2|Iron Leaves, L50|\n|teampreview|4\n|inactive|Battle timer is ON: inactive players will automatically lose when time's up. (requested by Read Book)\n|inactive|Read Book has 60 seconds left.\n|\n|t:|1736676153\n|start\n|switch|p1a: Flutter Mane|Flutter Mane, L50, shiny|100\/100\n|switch|p1b: Rillaboom|Rillaboom, L50, M, shiny|100\/100\n|switch|p2a: Miraidon|Miraidon, L50|100\/100\n|switch|p2b: Dondozo|Dondozo, L50, M|100\/100\n|-fieldstart|move: Electric Terrain|[from] ability: Hadron Engine|[of] p2a: Miraidon\n|-fieldstart|move: Grassy Terrain|[from] ability: Grassy Surge|[of] p1b: Rillaboom\n|-enditem|p1a: Flutter Mane|Booster Energy\n|-activate|p1a: Flutter Mane|ability: Protosynthesis|[fromitem]\n|-start|p1a: Flutter Mane|protosynthesisspe\n|turn|1\n|\n|t:|1736676171\n|switch|p2a: Tatsugiri|Tatsugiri, L50, F|100\/100\n|-activate|p2a: Tatsugiri|ability: Commander|[of] p2b: Dondozo\n|-boost|p2b: Dondozo|atk|2\n|-boost|p2b: Dondozo|spa|2\n|-boost|p2b: Dondozo|spe|2\n|-boost|p2b: Dondozo|def|2\n|-boost|p2b: Dondozo|spd|2\n|move|p1b: Rillaboom|Fake Out|p2b: Dondozo\n|-damage|p2b: Dondozo|95\/100\n|move|p1a: Flutter Mane|Icy Wind|p2a: Tatsugiri|[spread] p2b\n|-miss|p1a: Flutter Mane|p2a: Tatsugiri\n|-resisted|p2b: Dondozo\n|-damage|p2b: Dondozo|93\/100\n|-unboost|p2b: Dondozo|spe|1\n|cant|p2b: Dondozo|flinch\n|\n|-heal|p2b: Dondozo|99\/100|[from] Grassy Terrain\n|-heal|p2b: Dondozo|100\/100|[from] item: Leftovers\n|upkeep\n|turn|2\n|inactive|Read Book has 30 seconds left.\n|\n|t:|1736676204\n|move|p1a: Flutter Mane|Thunder Wave|p2b: Dondozo\n|-status|p2b: Dondozo|par\n|move|p1b: Rillaboom|U-turn|p2b: Dondozo\n|-damage|p2b: Dondozo|91\/100 par\n|\n|t:|1736676210\n|switch|p1b: Incineroar|Incineroar, L50, F, shiny|100\/100|[from] U-turn\n|-ability|p1b: Incineroar|Intimidate|boost\n|-unboost|p2a: Tatsugiri|atk|1\n|-fail|p2b: Dondozo|unboost|Attack|[from] ability: Oblivious|[of] p2b: Dondozo\n|move|p2b: Dondozo|Wave Crash|p1b: Incineroar\n|-supereffective|p1b: Incineroar\n|-damage|p1b: Incineroar|0 fnt\n|-damage|p2b: Dondozo|75\/100 par|[from] item: Rocky Helmet|[of] p1b: Incineroar\n|faint|p1b: Incineroar\n|-damage|p2b: Dondozo|46\/100 par|[from] Recoil\n|\n|-heal|p2b: Dondozo|52\/100 par|[from] Grassy Terrain\n|-heal|p2b: Dondozo|58\/100 par|[from] item: Leftovers\n|upkeep\n|inactive|Read Book has 30 seconds left.\n|\n|t:|1736676243\n|switch|p1b: Terapagos|Terapagos, L50, M|100\/100\n|-activate|p1b: Terapagos|ability: Tera Shift\n|detailschange|p1b: Terapagos|Terapagos-Terastal, L50, M\n|-heal|p1b: Terapagos|100\/100|[silent]\n|turn|3\n|\n|t:|1736676256\n|move|p1a: Flutter Mane|Protect|p1a: Flutter Mane\n|-singleturn|p1a: Flutter Mane|Protect\n|move|p1b: Terapagos|Calm Mind|p1b: Terapagos\n|-boost|p1b: Terapagos|spa|1\n|-boost|p1b: Terapagos|spd|1\n|move|p2b: Dondozo|Wave Crash|p1a: Flutter Mane\n|-activate|p1a: Flutter Mane|move: Protect\n|\n|-heal|p2b: Dondozo|64\/100 par|[from] Grassy Terrain\n|-heal|p2b: Dondozo|70\/100 par|[from] item: Leftovers\n|upkeep\n|turn|4\n|\n|t:|1736676280\n|move|p1a: Flutter Mane|Moonblast|p2b: Dondozo\n|-damage|p2b: Dondozo|50\/100 par\n|move|p1b: Terapagos|Calm Mind|p1b: Terapagos\n|-boost|p1b: Terapagos|spa|1\n|-boost|p1b: Terapagos|spd|1\n|cant|p2b: Dondozo|par\n|\n|-heal|p2b: Dondozo|56\/100 par|[from] Grassy Terrain\n|-heal|p2b: Dondozo|62\/100 par|[from] item: Leftovers\n|upkeep\n|turn|5\n|j| eboli\n|c|\u2606something123|f\n|\n|t:|1736676292\n|move|p2b: Dondozo|Protect|p2b: Dondozo\n|-singleturn|p2b: Dondozo|Protect\n|move|p1a: Flutter Mane|Moonblast|p2b: Dondozo\n|-activate|p2b: Dondozo|move: Protect\n|move|p1b: Terapagos|Tera Starstorm|p2b: Dondozo\n|-activate|p2b: Dondozo|move: Protect\n|\n|-heal|p2b: Dondozo|69\/100 par|[from] Grassy Terrain\n|-heal|p2b: Dondozo|75\/100 par|[from] item: Leftovers\n|-fieldend|move: Grassy Terrain\n|upkeep\n|turn|6\n|\n|t:|1736676305\n|move|p1a: Flutter Mane|Protect|p1a: Flutter Mane\n|-singleturn|p1a: Flutter Mane|Protect\n|move|p1b: Terapagos|Calm Mind|p1b: Terapagos\n|-boost|p1b: Terapagos|spa|1\n|-boost|p1b: Terapagos|spd|1\n|move|p2b: Dondozo|Earthquake|p1b: Terapagos|[spread] p1b\n|-miss|p2b: Dondozo|p2a: Tatsugiri\n|-activate|p1a: Flutter Mane|move: Protect\n|-activate|p1b: Terapagos|ability: Tera Shell\n|-resisted|p1b: Terapagos\n|-damage|p1b: Terapagos|82\/100\n|\n|-heal|p1b: Terapagos|89\/100|[from] item: Leftovers\n|-heal|p2b: Dondozo|81\/100 par|[from] item: Leftovers\n|upkeep\n|turn|7\n|\n|t:|1736676322\n|move|p1a: Flutter Mane|Moonblast|p2b: Dondozo\n|-damage|p2b: Dondozo|61\/100 par\n|-unboost|p2b: Dondozo|spa|1\n|move|p1b: Terapagos|Tera Starstorm|p2b: Dondozo\n|-damage|p2b: Dondozo|1\/100 par\n|cant|p2b: Dondozo|par\n|\n|-heal|p1b: Terapagos|95\/100|[from] item: Leftovers\n|-heal|p2b: Dondozo|8\/100 par|[from] item: Leftovers\n|upkeep\n|turn|8\n|c|\u2606something123|omg\n|\n|t:|1736676336\n|move|p1a: Flutter Mane|Moonblast|p2b: Dondozo\n|-damage|p2b: Dondozo|0 fnt\n|faint|p2b: Dondozo\n|move|p1b: Terapagos|Tera Starstorm|p2a: Tatsugiri\n|-damage|p2a: Tatsugiri|0 fnt\n|faint|p2a: Tatsugiri\n|\n|-heal|p1b: Terapagos|100\/100|[from] item: Leftovers\n|upkeep\n|\n|t:|1736676345\n|switch|p2a: Miraidon|Miraidon, L50|100\/100\n|switch|p2b: Iron Leaves|Iron Leaves, L50|100\/100\n|-fieldstart|move: Electric Terrain|[from] ability: Hadron Engine|[of] p2a: Miraidon\n|-activate|p2b: Iron Leaves|ability: Quark Drive\n|-start|p2b: Iron Leaves|quarkdrivespe\n|turn|9\n|\n|t:|1736676378\n|-terastallize|p2b: Iron Leaves|Psychic\n|-terastallize|p1b: Terapagos|Stellar\n|detailschange|p1b: Terapagos|Terapagos-Stellar, L50, M, tera:Stellar\n|-heal|p1b: Terapagos|100\/100|[silent]\n|-ability|p1b: Terapagos|Teraform Zero\n|-fieldend|move: Electric Terrain\n|-end|p2b: Iron Leaves|Quark Drive\n|move|p1a: Flutter Mane|Icy Wind|p2a: Miraidon|[spread] p2a,p2b\n|-supereffective|p2a: Miraidon\n|-crit|p2b: Iron Leaves\n|-damage|p2a: Miraidon|80\/100\n|-damage|p2b: Iron Leaves|84\/100\n|-unboost|p2b: Iron Leaves|spe|1\n|move|p2a: Miraidon|Electro Drift|p1b: Terapagos\n|-damage|p1b: Terapagos|87\/100\n|move|p1b: Terapagos|Tera Starstorm|p2b: Iron Leaves|[spread] p2a,p2b\n|-supereffective|p2b: Iron Leaves\n|-damage|p2a: Miraidon|0 fnt\n|-damage|p2b: Iron Leaves|0 fnt\n|faint|p2a: Miraidon\n|faint|p2b: Iron Leaves\n|-end|p2b: Iron Leaves|Quark Drive|[silent]\n|\n|win|Read Book\n|raw|Read Book's rating: 1536 &rarr; <strong>1566<\/strong><br \/>(+30 for winning)\n|raw|something123's rating: 1724 &rarr; <strong>1694<\/strong><br \/>(-30 for losing)\n|j| shigeru_old\n|l|\u2606something123\n|player|p2|\n|l|\u2606Read Book\n|player|p1|\n","uploadtime":1736676568,"views":20,"formatid":"gen9vgc2025regg","rating":1566,"private":0,"password":null}