{"id":"gen9vgc2025regg-2279408462","format":"[Gen 9] VGC 2025 Reg G","players":["Pauliet123","regidragon12138"],"log":"|j|\u2606Pauliet123\n|j|\u2606regidragon12138\n|t:|1736644080\n|gametype|doubles\n|player|p1|Pauliet123|169|1576\n|player|p2|regidragon12138|2|1540\n|teamsize|p1|6\n|teamsize|p2|6\n|gen|9\n|tier|[Gen 9] VGC 2025 Reg G\n|rated|\n|rule|Species Clause: Limit one of each Pok\u00e9mon\n|rule|Item Clause: Limit 1 of each item\n|clearpoke\n|poke|p1|Weezing-Galar, L50, F|\n|poke|p1|Dondozo, L50, M|\n|poke|p1|Calyrex-Shadow, L50|\n|poke|p1|Tatsugiri, L50, M|\n|poke|p1|Indeedee-F, L50, F|\n|poke|p1|Iron Hands, L50|\n|poke|p2|Zamazenta-*, L50|\n|poke|p2|Chien-Pao, L50|\n|poke|p2|Rillaboom, L50, M|\n|poke|p2|Grimmsnarl, L50, M|\n|poke|p2|Urshifu-*, L50, F|\n|poke|p2|Pelipper, L50, M|\n|teampreview|4\n|inactive|Battle timer is ON: inactive players will automatically lose when time's up. (requested by regidragon12138)\n|c|\u2606Pauliet123|GLHF!\n|c|\u2606Pauliet123|:D\n|\n|t:|1736644114\n|start\n|switch|p1a: Iron Hands|Iron Hands, L50|100\/100\n|switch|p1b: Weezing|Weezing-Galar, L50, F, shiny|100\/100\n|switch|p2a: Grimmsnarl|Grimmsnarl, L50, M|100\/100\n|switch|p2b: Rillaboom|Rillaboom, L50, M|100\/100\n|-ability|p1b: Weezing|Neutralizing Gas\n|turn|1\n|j| TryinSomethinNew\n|inactive|Pauliet123 has 30 seconds left.\n|\n|t:|1736644145\n|move|p2b: Rillaboom|Fake Out|p1b: Weezing\n|-damage|p1b: Weezing|88\/100\n|cant|p1b: Weezing|flinch\n|move|p2a: Grimmsnarl|Spirit Break|p1a: Iron Hands\n|-supereffective|p1a: Iron Hands\n|-damage|p1a: Iron Hands|59\/100\n|-unboost|p1a: Iron Hands|spa|1\n|move|p1a: Iron Hands|Ice Punch|p2b: Rillaboom\n|-supereffective|p2b: Rillaboom\n|-damage|p2b: Rillaboom|47\/100\n|\n|upkeep\n|turn|2\n|\n|t:|1736644169\n|move|p2b: Rillaboom|High Horsepower|p1a: Iron Hands\n|-supereffective|p1a: Iron Hands\n|-damage|p1a: Iron Hands|8\/100\n|move|p1b: Weezing|Poison Gas|p2a: Grimmsnarl|[spread] p2a,p2b\n|-status|p2a: Grimmsnarl|psn\n|-status|p2b: Rillaboom|psn\n|move|p2a: Grimmsnarl|Spirit Break|p1a: Iron Hands\n|-supereffective|p1a: Iron Hands\n|-damage|p1a: Iron Hands|0 fnt\n|faint|p1a: Iron Hands\n|-end|p1a: Iron Hands|Quark Drive|[silent]\n|\n|-damage|p2b: Rillaboom|35\/100 psn|[from] psn\n|-damage|p2a: Grimmsnarl|88\/100 psn|[from] psn\n|upkeep\n|\n|t:|1736644181\n|switch|p1a: Tatsugiri|Tatsugiri, L50, M, shiny|100\/100\n|turn|3\n|c|\u2606regidragon12138|wow:0\n|\n|t:|1736644201\n|move|p1a: Tatsugiri|Protect|p1a: Tatsugiri\n|-singleturn|p1a: Tatsugiri|Protect\n|move|p2b: Rillaboom|Wood Hammer|p1a: Tatsugiri\n|-activate|p1a: Tatsugiri|move: Protect\n|move|p1b: Weezing|Toxic Spikes|p2a: Grimmsnarl\n|-sidestart|p2: regidragon12138|move: Toxic Spikes\n|move|p2a: Grimmsnarl|Light Screen|p2a: Grimmsnarl\n|-sidestart|p2: regidragon12138|move: Light Screen\n|\n|-damage|p2b: Rillaboom|22\/100 psn|[from] psn\n|-damage|p2a: Grimmsnarl|76\/100 psn|[from] psn\n|upkeep\n|turn|4\n|\n|t:|1736644213\n|move|p1a: Tatsugiri|Draco Meteor|p2b: Rillaboom\n|-damage|p2b: Rillaboom|0 fnt\n|-unboost|p1a: Tatsugiri|spa|2\n|faint|p2b: Rillaboom\n|move|p1b: Weezing|Toxic Spikes|p2a: Grimmsnarl\n|-sidestart|p2: regidragon12138|move: Toxic Spikes\n|move|p2a: Grimmsnarl|Spirit Break|p1a: Tatsugiri\n|-supereffective|p1a: Tatsugiri\n|-enditem|p1a: Tatsugiri|Focus Sash\n|-damage|p1a: Tatsugiri|1\/100\n|-unboost|p1a: Tatsugiri|spa|1\n|\n|-damage|p2a: Grimmsnarl|63\/100 psn|[from] psn\n|upkeep\n|\n|t:|1736644219\n|switch|p2b: Zamazenta|Zamazenta-Crowned, L50|100\/100\n|turn|5\n|\n|t:|1736644232\n|move|p1a: Tatsugiri|Protect|p1a: Tatsugiri\n|-singleturn|p1a: Tatsugiri|Protect\n|move|p2b: Zamazenta|Iron Defense|p2b: Zamazenta\n|-boost|p2b: Zamazenta|def|2\n|move|p1b: Weezing|Dazzling Gleam|p2b: Zamazenta|[spread] p2a,p2b\n|-supereffective|p2a: Grimmsnarl\n|-damage|p2a: Grimmsnarl|37\/100 psn\n|-damage|p2b: Zamazenta|93\/100\n|move|p2a: Grimmsnarl|Spirit Break|p1b: Weezing\n|-resisted|p1b: Weezing\n|-crit|p1b: Weezing\n|-damage|p1b: Weezing|71\/100\n|-unboost|p1b: Weezing|spa|1\n|\n|-damage|p2a: Grimmsnarl|25\/100 psn|[from] psn\n|upkeep\n|turn|6\n|\n|t:|1736644246\n|-end|p1b: Weezing|ability: Neutralizing Gas\n|-ability|p2b: Zamazenta|Dauntless Shield|boost\n|-boost|p2b: Zamazenta|def|1\n|switch|p1b: Dondozo|Dondozo, L50, M, shiny|100\/100\n|-activate|p1a: Tatsugiri|ability: Commander|[of] p1b: Dondozo\n|-boost|p1b: Dondozo|atk|2\n|-boost|p1b: Dondozo|spa|2\n|-boost|p1b: Dondozo|spe|2\n|-boost|p1b: Dondozo|def|2\n|-boost|p1b: Dondozo|spd|2\n|move|p2b: Zamazenta|Heavy Slam|p1b: Dondozo\n|-resisted|p1b: Dondozo\n|-damage|p1b: Dondozo|96\/100\n|move|p2a: Grimmsnarl|Spirit Break|p1a: Tatsugiri|[miss]\n|-miss|p2a: Grimmsnarl|p1a: Tatsugiri\n|\n|-heal|p1b: Dondozo|100\/100|[from] item: Leftovers\n|-damage|p2a: Grimmsnarl|12\/100 psn|[from] psn\n|upkeep\n|turn|7\n|\n|t:|1736644258\n|switch|p2a: Chien-Pao|Chien-Pao, L50|100\/100\n|-status|p2a: Chien-Pao|tox\n|-ability|p2a: Chien-Pao|Sword of Ruin\n|move|p2b: Zamazenta|Body Press|p1b: Dondozo\n|-damage|p1b: Dondozo|87\/100\n|move|p1b: Dondozo|Order Up|p2b: Zamazenta\n|-resisted|p2b: Zamazenta\n|-damage|p2b: Zamazenta|76\/100\n|-boost|p1b: Dondozo|atk|1\n|\n|-heal|p1b: Dondozo|93\/100|[from] item: Leftovers\n|-damage|p2a: Chien-Pao|95\/100 tox|[from] psn\n|upkeep\n|turn|8\n|\n|t:|1736644273\n|-terastallize|p2a: Chien-Pao|Stellar\n|move|p2a: Chien-Pao|Throat Chop|p1b: Dondozo\n|-crit|p1b: Dondozo\n|-damage|p1b: Dondozo|16\/100\n|-start|p1b: Dondozo|Throat Chop|[silent]\n|-damage|p2a: Chien-Pao|85\/100 tox|[from] item: Life Orb\n|move|p2b: Zamazenta|Body Press|p1b: Dondozo\n|-crit|p1b: Dondozo\n|-damage|p1b: Dondozo|0 fnt\n|faint|p1b: Dondozo\n|\n|-damage|p2a: Chien-Pao|73\/100 tox|[from] psn\n|upkeep\n|c|\u2606Pauliet123|Crap\n|\n|t:|1736644284\n|switch|p1b: Weezing|Weezing-Galar, L50, F, shiny|71\/100\n|-ability|p1b: Weezing|Neutralizing Gas\n|turn|9\n|c|\u2606regidragon12138|sorry\n|c|\u2606Pauliet123|It's ok it is part of the game :D\n|\n|t:|1736644295\n|move|p2a: Chien-Pao|Ice Shard|p1a: Tatsugiri\n|-crit|p1a: Tatsugiri\n|-damage|p1a: Tatsugiri|0 fnt\n|faint|p1a: Tatsugiri\n|-damage|p2a: Chien-Pao|64\/100 tox|[from] item: Life Orb\n|move|p2b: Zamazenta|Heavy Slam|p1b: Weezing\n|-supereffective|p1b: Weezing\n|-damage|p1b: Weezing|0 fnt\n|faint|p1b: Weezing\n|-end|p1b: Weezing|ability: Neutralizing Gas\n|-ability|p2a: Chien-Pao|Sword of Ruin\n|\n|win|regidragon12138\n|raw|Pauliet123's rating: 1576 &rarr; <strong>1554<\/strong><br \/>(-22 for losing)\n|raw|regidragon12138's rating: 1540 &rarr; <strong>1562<\/strong><br \/>(+22 for winning)\n|c|\u2606Pauliet123|GG though :)\n|c|\u2606regidragon12138|nice team\n|c|\u2606Pauliet123|Thank you! same to you\n|l|\u2606regidragon12138\n|player|p2|\n|l|\u2606Pauliet123\n|player|p1|\n","uploadtime":1736644440,"views":111,"formatid":"gen9vgc2025regg","rating":1554,"private":0,"password":null}