{"id":"gen9vgc2025regg-2279918278","format":"[Gen 9] VGC 2025 Reg G","players":["Slackermaru","Iamsliverfish"],"log":"|j|\u2606Slackermaru\n|j|\u2606Iamsliverfish\n|t:|1736722762\n|gametype|doubles\n|player|p1|Slackermaru|workerice|1624\n|player|p2|Iamsliverfish|hiker-gen4|1624\n|teamsize|p1|6\n|teamsize|p2|6\n|gen|9\n|tier|[Gen 9] VGC 2025 Reg G\n|rated|\n|rule|Species Clause: Limit one of each Pok\u00e9mon\n|rule|Item Clause: Limit 1 of each item\n|clearpoke\n|poke|p1|Amoonguss, L50, F|\n|poke|p1|Raging Bolt, L50|\n|poke|p1|Urshifu-*, L50, M|\n|poke|p1|Incineroar, L50, F|\n|poke|p1|Calyrex-Shadow, L50|\n|poke|p1|Ogerpon-Cornerstone, L50, F|\n|poke|p2|Calyrex-Shadow, L50|\n|poke|p2|Maushold, L50|\n|poke|p2|Amoonguss, L50, M|\n|poke|p2|Urshifu-*, L50, M|\n|poke|p2|Incineroar, L50, F|\n|poke|p2|Tornadus, L50, M|\n|teampreview|4\n|\n|t:|1736722787\n|start\n|switch|p1a: Raging Bolt|Raging Bolt, L50|100\/100\n|switch|p1b: Ogerpon|Ogerpon-Cornerstone, L50, F|100\/100\n|switch|p2a: Incineroar|Incineroar, L50, F|100\/100\n|switch|p2b: Calyrex|Calyrex-Shadow, L50|100\/100\n|-ability|p2b: Calyrex|As One\n|-ability|p2b: Calyrex|Unnerve\n|-ability|p2a: Incineroar|Intimidate|boost\n|-unboost|p1a: Raging Bolt|atk|1\n|-unboost|p1b: Ogerpon|atk|1\n|turn|1\n|\n|t:|1736722807\n|move|p2a: Incineroar|Fake Out|p1a: Raging Bolt\n|-damage|p1a: Raging Bolt|93\/100\n|move|p2b: Calyrex|Nasty Plot|p2b: Calyrex\n|-boost|p2b: Calyrex|spa|2\n|move|p1b: Ogerpon|Ivy Cudgel|p2b: Calyrex|[anim] Ivy Cudgel Rock\n|-damage|p2b: Calyrex|54\/100\n|cant|p1a: Raging Bolt|flinch\n|\n|upkeep\n|turn|2\n|\n|t:|1736722818\n|move|p2b: Calyrex|Protect|p2b: Calyrex\n|-singleturn|p2b: Calyrex|Protect\n|move|p1b: Ogerpon|Ivy Cudgel|p2a: Incineroar|[anim] Ivy Cudgel Rock\n|-supereffective|p2a: Incineroar\n|-damage|p2a: Incineroar|40\/100\n|-enditem|p2a: Incineroar|Red Card|[of] p1b: Ogerpon\n|drag|p1b: Calyrex|Calyrex-Shadow, L50|100\/100\n|-ability|p1b: Calyrex|As One\n|-ability|p1b: Calyrex|Unnerve\n|move|p1a: Raging Bolt|Electroweb|p2b: Calyrex|[spread] p2a\n|-activate|p2b: Calyrex|move: Protect\n|-damage|p2a: Incineroar|21\/100\n|-unboost|p2a: Incineroar|spe|1\n|move|p2a: Incineroar|Parting Shot|p1b: Calyrex\n|-unboost|p1b: Calyrex|atk|1\n|-unboost|p1b: Calyrex|spa|1\n|\n|t:|1736722827\n|switch|p2a: Maushold|Maushold, L50|100\/100|[from] Parting Shot\n|\n|upkeep\n|turn|3\n|\n|t:|1736722860\n|-terastallize|p2b: Calyrex|Ground\n|move|p1b: Calyrex|Protect|p1b: Calyrex\n|-singleturn|p1b: Calyrex|Protect\n|move|p2b: Calyrex|Tera Blast|p1b: Calyrex|[anim] Tera Blast Ground\n|-activate|p1b: Calyrex|move: Protect\n|move|p2a: Maushold|Population Bomb|p1a: Raging Bolt\n|-damage|p1a: Raging Bolt|86\/100\n|-damage|p1a: Raging Bolt|79\/100\n|-damage|p1a: Raging Bolt|72\/100\n|-damage|p1a: Raging Bolt|66\/100\n|-damage|p1a: Raging Bolt|59\/100\n|-damage|p1a: Raging Bolt|52\/100\n|-damage|p1a: Raging Bolt|46\/100\n|-damage|p1a: Raging Bolt|40\/100\n|-damage|p1a: Raging Bolt|33\/100\n|-damage|p1a: Raging Bolt|26\/100\n|-hitcount|p1a: Raging Bolt|10\n|move|p1a: Raging Bolt|Electroweb|p2b: Calyrex|[spread] p2a\n|-immune|p2b: Calyrex\n|-damage|p2a: Maushold|70\/100\n|-unboost|p2a: Maushold|spe|1\n|\n|upkeep\n|turn|4\n|\n|t:|1736722904\n|switch|p1b: Ogerpon|Ogerpon-Cornerstone, L50, F|100\/100\n|move|p1a: Raging Bolt|Thunderclap|p2a: Maushold\n|-damage|p2a: Maushold|22\/100\n|move|p2b: Calyrex|Astral Barrage|p1b: Ogerpon|[spread] p1a,p1b\n|-damage|p1a: Raging Bolt|0 fnt\n|-ability|p1b: Ogerpon|Sturdy\n|-damage|p1b: Ogerpon|1\/100\n|faint|p1a: Raging Bolt\n|-end|p1a: Raging Bolt|Protosynthesis|[silent]\n|-ability|p2b: Calyrex|Grim Neigh|boost\n|-boost|p2b: Calyrex|spa|1\n|-damage|p2b: Calyrex|44\/100|[from] item: Life Orb\n|move|p2a: Maushold|Population Bomb|p1b: Ogerpon\n|-resisted|p1b: Ogerpon\n|-damage|p1b: Ogerpon|0 fnt\n|faint|p1b: Ogerpon\n|-hitcount|p1: Ogerpon|1\n|\n|upkeep\n|\n|t:|1736722922\n|switch|p1b: Urshifu|Urshifu-Rapid-Strike, L50, M|100\/100\n|switch|p1a: Calyrex|Calyrex-Shadow, L50|100\/100\n|-ability|p1a: Calyrex|As One\n|-ability|p1a: Calyrex|Unnerve\n|turn|5\n|\n|t:|1736722943\n|-terastallize|p1a: Calyrex|Dark\n|move|p2a: Maushold|Follow Me|p2a: Maushold\n|-singleturn|p2a: Maushold|move: Follow Me\n|move|p1a: Calyrex|Psyshock|p2a: Maushold\n|-damage|p2a: Maushold|0 fnt\n|faint|p2a: Maushold\n|-ability|p1a: Calyrex|Grim Neigh|boost\n|-boost|p1a: Calyrex|spa|1\n|move|p2b: Calyrex|Astral Barrage|p1a: Calyrex|[spread] p1a,p1b\n|-resisted|p1a: Calyrex\n|-damage|p1a: Calyrex|17\/100\n|-enditem|p1b: Urshifu|Focus Sash\n|-damage|p1b: Urshifu|1\/100\n|-damage|p2b: Calyrex|35\/100|[from] item: Life Orb\n|move|p1b: Urshifu|Surging Strikes|p2b: Calyrex\n|-supereffective|p2b: Calyrex\n|-crit|p2b: Calyrex\n|-damage|p2b: Calyrex|0 fnt\n|faint|p2b: Calyrex\n|-hitcount|p2: Calyrex|1\n|\n|upkeep\n|\n|t:|1736722954\n|switch|p2b: Urshifu|Urshifu-Rapid-Strike, L50, M|100\/100\n|switch|p2a: Incineroar|Incineroar, L50, F|21\/100\n|-ability|p2a: Incineroar|Intimidate|boost\n|-unboost|p1a: Calyrex|atk|1\n|-unboost|p1b: Urshifu|atk|1\n|turn|6\n|\n|t:|1736722971\n|move|p2a: Incineroar|Fake Out|p1b: Urshifu\n|-damage|p1b: Urshifu|0 fnt\n|faint|p1b: Urshifu\n|move|p2b: Urshifu|Aqua Jet|p1a: Calyrex\n|-damage|p1a: Calyrex|0 fnt\n|faint|p1a: Calyrex\n|\n|win|Iamsliverfish\n|raw|Slackermaru's rating: 1624 &rarr; <strong>1604<\/strong><br \/>(-20 for losing)\n|raw|Iamsliverfish's rating: 1624 &rarr; <strong>1644<\/strong><br \/>(+20 for winning)\n|l|\u2606Iamsliverfish\n|player|p2|\n|l|\u2606Slackermaru\n|player|p1|\n","uploadtime":1736723142,"views":24,"formatid":"gen9vgc2025regg","rating":1604,"private":0,"password":null}