{"id":"gen9vgc2025regg-2279410048","format":"[Gen 9] VGC 2025 Reg G","players":["Kardeas","SeaWolfMikess"],"log":"|j|\u2606Kardeas\n|j|\u2606SeaWolfMikess\n|t:|1736644296\n|gametype|doubles\n|player|p1|Kardeas|clerkf|1560\n|player|p2|SeaWolfMikess|hugh|1629\n|teamsize|p1|6\n|teamsize|p2|6\n|gen|9\n|tier|[Gen 9] VGC 2025 Reg G\n|rated|\n|rule|Species Clause: Limit one of each Pok\u00e9mon\n|rule|Item Clause: Limit 1 of each item\n|clearpoke\n|poke|p1|Zamazenta-*, L50|\n|poke|p1|Cresselia, L50, F|\n|poke|p1|Grimmsnarl, L50, M|\n|poke|p1|Urshifu-*, L50, F|\n|poke|p1|Amoonguss, L50, M|\n|poke|p1|Landorus, L50, M|\n|poke|p2|Landorus, L50, M|\n|poke|p2|Urshifu-*, L50, M|\n|poke|p2|Iron Valiant, L50|\n|poke|p2|Pelipper, L50, M|\n|poke|p2|Amoonguss, L50, F|\n|poke|p2|Calyrex-Ice, L50|\n|teampreview|4\n|\n|t:|1736644336\n|start\n|switch|p1a: Grimmsnarl|Grimmsnarl, L50, M|100\/100\n|switch|p1b: Cresselia|Cresselia, L50, F, shiny|100\/100\n|switch|p2a: Calyrex|Calyrex-Ice, L50|100\/100\n|switch|p2b: Iron Valiant|Iron Valiant, L50|100\/100\n|-ability|p2a: Calyrex|As One\n|-ability|p2a: Calyrex|Unnerve\n|-enditem|p2b: Iron Valiant|Booster Energy\n|-activate|p2b: Iron Valiant|ability: Quark Drive|[fromitem]\n|-start|p2b: Iron Valiant|quarkdrivespe\n|turn|1\n|\n|t:|1736644376\n|-terastallize|p1b: Cresselia|Steel\n|-terastallize|p2a: Calyrex|Grass\n|move|p1a: Grimmsnarl|Reflect|p1a: Grimmsnarl\n|-sidestart|p1: Kardeas|Reflect\n|move|p2b: Iron Valiant|Coaching|p2a: Calyrex\n|-boost|p2a: Calyrex|atk|1\n|-boost|p2a: Calyrex|def|1\n|move|p2a: Calyrex|Glacial Lance|p1a: Grimmsnarl|[spread] p1a,p1b\n|-resisted|p1b: Cresselia\n|-damage|p1a: Grimmsnarl|44\/100\n|-damage|p1b: Cresselia|84\/100\n|move|p1b: Cresselia|Trick Room|p1b: Cresselia\n|-fieldstart|move: Trick Room|[of] p1b: Cresselia\n|\n|upkeep\n|turn|2\n|\n|t:|1736644392\n|switch|p1a: Zamazenta|Zamazenta-Crowned, L50|100\/100\n|-ability|p1a: Zamazenta|Dauntless Shield|boost\n|-boost|p1a: Zamazenta|def|1\n|move|p2a: Calyrex|Glacial Lance|p1b: Cresselia|[spread] p1a,p1b\n|-resisted|p1a: Zamazenta\n|-resisted|p1b: Cresselia\n|-damage|p1a: Zamazenta|89\/100\n|-damage|p1b: Cresselia|68\/100\n|move|p1b: Cresselia|Skill Swap|p1a: Zamazenta\n|-activate|p1b: Cresselia|move: Skill Swap|||[of] p1a: Zamazenta\n|-ability|p1b: Cresselia|Dauntless Shield|boost\n|-boost|p1b: Cresselia|def|1\n|move|p2b: Iron Valiant|Coaching|p2a: Calyrex\n|-boost|p2a: Calyrex|atk|1\n|-boost|p2a: Calyrex|def|1\n|\n|upkeep\n|turn|3\n|\n|t:|1736644422\n|move|p2a: Calyrex|High Horsepower|p1b: Cresselia|[miss]\n|-miss|p2a: Calyrex|p1b: Cresselia\n|move|p1b: Cresselia|Lunar Blessing|p1b: Cresselia|[spread] p1a,p1b\n|-heal|p1a: Zamazenta|100\/100\n|-heal|p1b: Cresselia|93\/100\n|move|p1a: Zamazenta|Heavy Slam|p2b: Iron Valiant\n|-supereffective|p2b: Iron Valiant\n|-damage|p2b: Iron Valiant|1\/100\n|move|p2b: Iron Valiant|Coaching|p2a: Calyrex\n|-boost|p2a: Calyrex|atk|1\n|-boost|p2a: Calyrex|def|1\n|\n|upkeep\n|turn|4\n|\n|t:|1736644444\n|move|p2a: Calyrex|High Horsepower|p1b: Cresselia\n|-supereffective|p1b: Cresselia\n|-damage|p1b: Cresselia|43\/100\n|move|p1b: Cresselia|Moonblast|p2b: Iron Valiant\n|-supereffective|p2b: Iron Valiant\n|-damage|p2b: Iron Valiant|0 fnt\n|faint|p2b: Iron Valiant\n|-end|p2b: Iron Valiant|Quark Drive|[silent]\n|move|p1a: Zamazenta|Iron Defense|p1a: Zamazenta\n|-boost|p1a: Zamazenta|def|2\n|\n|upkeep\n|\n|t:|1736644454\n|switch|p2b: Pelipper|Pelipper, L50, M|100\/100\n|-weather|RainDance|[from] ability: Drizzle|[of] p2b: Pelipper\n|turn|5\n|\n|t:|1736644465\n|switch|p1b: Urshifu|Urshifu-Rapid-Strike, L50, F|100\/100\n|move|p2a: Calyrex|High Horsepower|p1b: Urshifu\n|-damage|p1b: Urshifu|35\/100\n|move|p2b: Pelipper|Weather Ball|p1a: Zamazenta\n|-damage|p1a: Zamazenta|46\/100\n|-damage|p2b: Pelipper|91\/100|[from] item: Life Orb\n|move|p1a: Zamazenta|Iron Defense|p1a: Zamazenta\n|-boost|p1a: Zamazenta|def|2\n|\n|-weather|RainDance|[upkeep]\n|-fieldend|move: Trick Room\n|upkeep\n|turn|6\n|\n|t:|1736644489\n|move|p1a: Zamazenta|Body Press|p2b: Pelipper\n|-resisted|p2b: Pelipper\n|-damage|p2b: Pelipper|13\/100\n|move|p1b: Urshifu|Surging Strikes|p2b: Pelipper\n|-resisted|p2b: Pelipper\n|-crit|p2b: Pelipper\n|-damage|p2b: Pelipper|0 fnt\n|faint|p2b: Pelipper\n|-hitcount|p2: Pelipper|1\n|move|p2a: Calyrex|High Horsepower|p1b: Urshifu\n|-crit|p1b: Urshifu\n|-damage|p1b: Urshifu|0 fnt\n|faint|p1b: Urshifu\n|-ability|p2a: Calyrex|Chilling Neigh|boost\n|-boost|p2a: Calyrex|atk|1\n|\n|-weather|RainDance|[upkeep]\n|upkeep\n|\n|t:|1736644505\n|switch|p1b: Cresselia|Cresselia, L50, F, shiny, tera:Steel|43\/100\n|switch|p2b: Landorus|Landorus, L50, M|100\/100\n|turn|7\n|\n|t:|1736644535\n|move|p2b: Landorus|Sandsear Storm|p1a: Zamazenta|[spread] \n|-immune|p1a: Zamazenta|[from] ability: Levitate\n|-immune|p1b: Cresselia|[from] ability: Levitate\n|move|p1a: Zamazenta|Body Press|p2a: Calyrex\n|-damage|p2a: Calyrex|67\/100\n|move|p1b: Cresselia|Lunar Blessing|p1b: Cresselia|[spread] p1a,p1b\n|-heal|p1a: Zamazenta|71\/100\n|-heal|p1b: Cresselia|68\/100\n|move|p2a: Calyrex|Glacial Lance|p1b: Cresselia|[spread] p1a,p1b\n|-resisted|p1a: Zamazenta\n|-resisted|p1b: Cresselia\n|-damage|p1a: Zamazenta|61\/100\n|-damage|p1b: Cresselia|34\/100\n|\n|-weather|RainDance|[upkeep]\n|upkeep\n|turn|8\n|-message|SeaWolfMikess forfeited.\n|\n|win|Kardeas\n|raw|Kardeas's rating: 1560 &rarr; <strong>1585<\/strong><br \/>(+25 for winning)\n|raw|SeaWolfMikess's rating: 1644 &rarr; <strong>1619<\/strong><br \/>(-25 for losing)\n","uploadtime":1736644716,"views":194,"formatid":"gen9vgc2025regg","rating":1585,"private":0,"password":null}