{"id":"gen9vgc2025regg-2279270030","format":"[Gen 9] VGC 2025 Reg G","players":["PKBR_Hitsuy","Emirnent"],"log":"|j|\u2606PKBR_Hitsuy\n|j|\u2606Emirnent\n|t:|1736624837\n|gametype|doubles\n|player|p1|PKBR_Hitsuy|cynthia|1535\n|player|p2|Emirnent|265|1569\n|teamsize|p1|6\n|teamsize|p2|6\n|gen|9\n|tier|[Gen 9] VGC 2025 Reg G\n|rated|\n|rule|Species Clause: Limit one of each Pok\u00e9mon\n|rule|Item Clause: Limit 1 of each item\n|clearpoke\n|poke|p1|Miraidon, L50|\n|poke|p1|Whimsicott, L50, F|\n|poke|p1|Urshifu-*, L50, M|\n|poke|p1|Ogerpon-Hearthflame, L50, F|\n|poke|p1|Iron Hands, L50|\n|poke|p1|Farigiraf, L50, F|\n|poke|p2|Miraidon, L50|\n|poke|p2|Whimsicott, L50, F|\n|poke|p2|Urshifu-*, L50, F|\n|poke|p2|Ogerpon-Hearthflame, L50, F|\n|poke|p2|Farigiraf, L50, F|\n|poke|p2|Iron Hands, L50|\n|teampreview|4\n|inactive|Battle timer is ON: inactive players will automatically lose when time's up. (requested by Emirnent)\n|\n|t:|1736624848\n|start\n|switch|p1a: Miraidon|Miraidon, L50|100\/100\n|switch|p1b: Hera|Whimsicott, L50, F, shiny|100\/100\n|switch|p2a: Miraidon|Miraidon, L50|100\/100\n|switch|p2b: Whimsicott|Whimsicott, L50, F|100\/100\n|-fieldstart|move: Electric Terrain|[from] ability: Hadron Engine|[of] p2a: Miraidon\n|-activate|p1a: Miraidon|ability: Hadron Engine\n|turn|1\n|\n|t:|1736624854\n|-terastallize|p2a: Miraidon|Fairy\n|-terastallize|p1a: Miraidon|Fairy\n|move|p2b: Whimsicott|Tailwind|p2b: Whimsicott\n|-sidestart|p2: Emirnent|move: Tailwind\n|move|p1b: Hera|Light Screen|p1b: Hera\n|-sidestart|p1: PKBR_Hitsuy|move: Light Screen\n|move|p2a: Miraidon|Dazzling Gleam|p1b: Hera|[spread] p1a,p1b\n|-damage|p1a: Miraidon|63\/100\n|-damage|p1b: Hera|53\/100\n|move|p1a: Miraidon|Dazzling Gleam|p2a: Miraidon|[spread] p2a,p2b\n|-damage|p2a: Miraidon|42\/100\n|-damage|p2b: Whimsicott|24\/100\n|\n|upkeep\n|turn|2\n|\n|t:|1736624868\n|switch|p1b: Ogerpon|Ogerpon-Hearthflame, L50, F|100\/100\n|-ability|p1b: Ogerpon|Mold Breaker\n|move|p2b: Whimsicott|Encore||[still]\n|-fail|p2b: Whimsicott\n|move|p2a: Miraidon|Dazzling Gleam|p1b: Ogerpon|[spread] p1a,p1b\n|-resisted|p1b: Ogerpon\n|-damage|p1a: Miraidon|24\/100\n|-damage|p1b: Ogerpon|78\/100\n|move|p1a: Miraidon|Dazzling Gleam|p2a: Miraidon|[spread] p2a,p2b\n|-damage|p2a: Miraidon|0 fnt\n|-damage|p2b: Whimsicott|0 fnt\n|faint|p2a: Miraidon\n|faint|p2b: Whimsicott\n|\n|upkeep\n|\n|t:|1736624871\n|switch|p2a: Ogerpon|Ogerpon-Hearthflame, L50, F|100\/100\n|switch|p2b: Iron Hands|Iron Hands, L50|100\/100\n|-ability|p2a: Ogerpon|Mold Breaker\n|-activate|p2b: Iron Hands|ability: Quark Drive\n|-start|p2b: Iron Hands|quarkdriveatk\n|turn|3\n|\n|t:|1736624892\n|switch|p1a: Hera|Whimsicott, L50, F, shiny|53\/100\n|move|p1b: Ogerpon|Spiky Shield|p1b: Ogerpon\n|-singleturn|p1b: Ogerpon|move: Protect\n|move|p2b: Iron Hands|Fake Out|p1a: Hera\n|-damage|p1a: Hera|33\/100\n|move|p2a: Ogerpon|Ivy Cudgel|p1a: Hera|[anim] Ivy Cudgel Fire\n|-supereffective|p1a: Hera\n|-damage|p1a: Hera|0 fnt\n|faint|p1a: Hera\n|\n|upkeep\n|\n|t:|1736624901\n|switch|p1a: Iron Hands|Iron Hands, L50|100\/100\n|-activate|p1a: Iron Hands|ability: Quark Drive\n|-start|p1a: Iron Hands|quarkdriveatk\n|turn|4\n|\n|t:|1736624911\n|move|p1a: Iron Hands|Fake Out|p2a: Ogerpon\n|-damage|p2a: Ogerpon|78\/100\n|cant|p2a: Ogerpon|flinch\n|move|p1b: Ogerpon|Ivy Cudgel|p2b: Iron Hands|[anim] Ivy Cudgel Fire\n|-damage|p2b: Iron Hands|63\/100\n|move|p2b: Iron Hands|Low Kick|p1a: Iron Hands\n|-damage|p1a: Iron Hands|36\/100\n|\n|-sideend|p2: Emirnent|move: Tailwind\n|upkeep\n|turn|5\n|\n|t:|1736624926\n|move|p1b: Ogerpon|Ivy Cudgel|p2a: Ogerpon|[anim] Ivy Cudgel Fire\n|-crit|p2a: Ogerpon\n|-damage|p2a: Ogerpon|0 fnt\n|faint|p2a: Ogerpon\n|move|p2b: Iron Hands|Drain Punch|p1b: Ogerpon\n|-damage|p1b: Ogerpon|16\/100\n|-heal|p2b: Iron Hands|86\/100|[from] drain|[of] p1b: Ogerpon\n|move|p1a: Iron Hands|Drain Punch|p2b: Iron Hands\n|-damage|p2b: Iron Hands|46\/100\n|-heal|p1a: Iron Hands|57\/100|[from] drain|[of] p2b: Iron Hands\n|\n|-sideend|p1: PKBR_Hitsuy|move: Light Screen\n|-fieldend|move: Electric Terrain\n|-end|p1a: Iron Hands|Quark Drive\n|-end|p2b: Iron Hands|Quark Drive\n|upkeep\n|turn|6\n|-message|Emirnent forfeited.\n|\n|win|PKBR_Hitsuy\n|raw|PKBR_Hitsuy's rating: 1535 &rarr; <strong>1557<\/strong><br \/>(+22 for winning)\n|raw|Emirnent's rating: 1569 &rarr; <strong>1547<\/strong><br \/>(-22 for losing)\n|l|\u2606Emirnent\n|player|p2|\n|l|\u2606PKBR_Hitsuy\n|player|p1|\n","uploadtime":1736625167,"views":7,"formatid":"gen9vgc2025regg","rating":1547,"private":0,"password":null}