{"id":"gen9vgc2025regg-2279652239","format":"[Gen 9] VGC 2025 Reg G","players":["araf zaman","Zyros Phade"],"log":"|j|\u2606araf zaman\n|j|\u2606Zyros Phade\n|t:|1736688157\n|gametype|doubles\n|player|p1|araf zaman|2|1527\n|player|p2|Zyros Phade|101|1619\n|teamsize|p1|6\n|teamsize|p2|6\n|gen|9\n|tier|[Gen 9] VGC 2025 Reg G\n|rated|\n|rule|Species Clause: Limit one of each Pok\u00e9mon\n|rule|Item Clause: Limit 1 of each item\n|clearpoke\n|poke|p1|Rillaboom, L50, F|\n|poke|p1|Urshifu-*, L50, M|\n|poke|p1|Pelipper, L50, M|\n|poke|p1|Chien-Pao, L50|\n|poke|p1|Landorus, L50, M|\n|poke|p1|Zamazenta-*, L50|\n|poke|p2|Urshifu-*, L50, F|\n|poke|p2|Kyogre, L50|\n|poke|p2|Iron Hands, L50|\n|poke|p2|Baxcalibur, L50, F|\n|poke|p2|Indeedee-F, L50, F|\n|poke|p2|Murkrow, L50, M|\n|teampreview|4\n|\n|t:|1736688181\n|start\n|switch|p1a: Zamazenta|Zamazenta-Crowned, L50|100\/100\n|switch|p1b: Chien-Pao|Chien-Pao, L50|100\/100\n|switch|p2a: Iron Hands|Iron Hands, L50|100\/100\n|switch|p2b: Urshifu|Urshifu-Rapid-Strike, L50, F|100\/100\n|-ability|p1b: Chien-Pao|Sword of Ruin\n|-ability|p1a: Zamazenta|Dauntless Shield|boost\n|-boost|p1a: Zamazenta|def|1\n|turn|1\n|\n|t:|1736688193\n|switch|p1b: Urshifu|Urshifu-Rapid-Strike, L50, M|100\/100\n|-end|p2a: Iron Hands|Quark Drive|[silent]\n|switch|p2a: Kyogre|Kyogre, L50, shiny|100\/100\n|-weather|RainDance|[from] ability: Drizzle|[of] p2a: Kyogre\n|move|p2b: Urshifu|Surging Strikes|p1b: Urshifu\n|-resisted|p1b: Urshifu\n|-crit|p1b: Urshifu\n|-damage|p1b: Urshifu|82\/100\n|-resisted|p1b: Urshifu\n|-crit|p1b: Urshifu\n|-damage|p1b: Urshifu|65\/100\n|-resisted|p1b: Urshifu\n|-crit|p1b: Urshifu\n|-damage|p1b: Urshifu|47\/100\n|-hitcount|p1b: Urshifu|3\n|move|p1a: Zamazenta|Body Press|p2b: Urshifu\n|-damage|p2b: Urshifu|30\/100\n|\n|-weather|RainDance|[upkeep]\n|upkeep\n|turn|2\n|\n|t:|1736688218\n|switch|p1b: Rillaboom|Rillaboom, L50, F|100\/100\n|-fieldstart|move: Grassy Terrain|[from] ability: Grassy Surge|[of] p1b: Rillaboom\n|-terastallize|p1a: Zamazenta|Grass\n|-terastallize|p2a: Kyogre|Water\n|move|p2b: Urshifu|Surging Strikes|p1b: Rillaboom\n|-resisted|p1b: Rillaboom\n|-crit|p1b: Rillaboom\n|-damage|p1b: Rillaboom|86\/100\n|-resisted|p1b: Rillaboom\n|-crit|p1b: Rillaboom\n|-damage|p1b: Rillaboom|70\/100\n|-resisted|p1b: Rillaboom\n|-crit|p1b: Rillaboom\n|-damage|p1b: Rillaboom|56\/100\n|-hitcount|p1b: Rillaboom|3\n|move|p1a: Zamazenta|Body Press|p2a: Kyogre\n|-damage|p2a: Kyogre|27\/100\n|move|p2a: Kyogre|Tera Blast|p1a: Zamazenta|[anim] Tera Blast Water\n|-resisted|p1a: Zamazenta\n|-damage|p1a: Zamazenta|43\/100\n|\n|-weather|RainDance|[upkeep]\n|-heal|p2b: Urshifu|36\/100|[from] Grassy Terrain\n|-heal|p1a: Zamazenta|49\/100|[from] Grassy Terrain\n|-heal|p2a: Kyogre|33\/100|[from] Grassy Terrain\n|-heal|p1b: Rillaboom|61\/100|[from] Grassy Terrain\n|upkeep\n|turn|3\n|\n|t:|1736688254\n|switch|p2b: Iron Hands|Iron Hands, L50|100\/100\n|switch|p2a: Indeedee|Indeedee-F, L50, F|100\/100\n|-fieldstart|move: Psychic Terrain|[from] ability: Psychic Surge|[of] p2a: Indeedee\n|move|p1a: Zamazenta|Body Press|p2a: Indeedee\n|-damage|p2a: Indeedee|31\/100\n|-damage|p1a: Zamazenta|33\/100|[from] item: Rocky Helmet|[of] p2a: Indeedee\n|move|p1b: Rillaboom|U-turn|p2b: Iron Hands\n|-resisted|p2b: Iron Hands\n|-damage|p2b: Iron Hands|92\/100\n|\n|t:|1736688272\n|switch|p1b: Urshifu|Urshifu-Rapid-Strike, L50, M|47\/100|[from] U-turn\n|\n|-weather|RainDance|[upkeep]\n|upkeep\n|turn|4\n|\n|t:|1736688293\n|switch|p2a: Kyogre|Kyogre, L50, shiny, tera:Water|33\/100\n|move|p1b: Urshifu|Surging Strikes|p2a: Kyogre\n|-resisted|p2a: Kyogre\n|-crit|p2a: Kyogre\n|-damage|p2a: Kyogre|15\/100\n|-resisted|p2a: Kyogre\n|-crit|p2a: Kyogre\n|-damage|p2a: Kyogre|0 fnt\n|faint|p2a: Kyogre\n|-hitcount|p2: Kyogre|2\n|move|p1a: Zamazenta|Body Press|p2b: Iron Hands\n|-damage|p2b: Iron Hands|46\/100\n|move|p2b: Iron Hands|Low Kick|p1b: Urshifu\n|-crit|p1b: Urshifu\n|-damage|p1b: Urshifu|0 fnt\n|faint|p1b: Urshifu\n|\n|-weather|RainDance|[upkeep]\n|upkeep\n|\n|t:|1736688308\n|switch|p1b: Chien-Pao|Chien-Pao, L50|100\/100\n|switch|p2a: Urshifu|Urshifu-Rapid-Strike, L50, F|36\/100\n|-ability|p1b: Chien-Pao|Sword of Ruin\n|turn|5\n|\n|t:|1736688340\n|-end|p2b: Iron Hands|Quark Drive|[silent]\n|switch|p2b: Indeedee|Indeedee-F, L50, F|31\/100\n|move|p2a: Urshifu|Surging Strikes|p1b: Chien-Pao\n|-crit|p1b: Chien-Pao\n|-damage|p1b: Chien-Pao|53\/100\n|-crit|p1b: Chien-Pao\n|-damage|p1b: Chien-Pao|12\/100\n|-crit|p1b: Chien-Pao\n|-damage|p1b: Chien-Pao|0 fnt\n|faint|p1b: Chien-Pao\n|-hitcount|p1: Chien-Pao|3\n|move|p1a: Zamazenta|Body Press|p2b: Indeedee\n|-damage|p2b: Indeedee|0 fnt\n|-damage|p1a: Zamazenta|16\/100|[from] item: Rocky Helmet|[of] p2b: Indeedee\n|faint|p2b: Indeedee\n|\n|-weather|none\n|upkeep\n|\n|t:|1736688352\n|switch|p1b: Rillaboom|Rillaboom, L50, F|61\/100\n|switch|p2b: Iron Hands|Iron Hands, L50|46\/100\n|-fieldstart|move: Grassy Terrain|[from] ability: Grassy Surge|[of] p1b: Rillaboom\n|turn|6\n|\n|t:|1736688369\n|move|p1b: Rillaboom|Grassy Glide|p2a: Urshifu\n|-supereffective|p2a: Urshifu\n|-damage|p2a: Urshifu|0 fnt\n|faint|p2a: Urshifu\n|move|p1a: Zamazenta|Body Press|p2b: Iron Hands\n|-damage|p2b: Iron Hands|0 fnt\n|faint|p2b: Iron Hands\n|-end|p2b: Iron Hands|Quark Drive|[silent]\n|\n|win|araf zaman\n|raw|araf zaman's rating: 1527 &rarr; <strong>1552<\/strong><br \/>(+25 for winning)\n|raw|Zyros Phade's rating: 1619 &rarr; <strong>1594<\/strong><br \/>(-25 for losing)\n|l|\u2606araf zaman\n|player|p1|\n|l|\u2606Zyros Phade\n|player|p2|\n","uploadtime":1736688616,"views":83,"formatid":"gen9vgc2025regg","rating":1552,"private":0,"password":null}