{"id":"gen9vgc2025regg-2279753125","format":"[Gen 9] VGC 2025 Reg G","players":["RustyChair13","Zyros Phade"],"log":"|j|\u2606RustyChair13\n|j|\u2606Zyros Phade\n|t:|1736702564\n|gametype|doubles\n|player|p1|RustyChair13|scientist-gen4|1605\n|player|p2|Zyros Phade|266|1615\n|teamsize|p1|6\n|teamsize|p2|6\n|gen|9\n|tier|[Gen 9] VGC 2025 Reg G\n|rated|\n|rule|Species Clause: Limit one of each Pok\u00e9mon\n|rule|Item Clause: Limit 1 of each item\n|clearpoke\n|poke|p1|Zamazenta-*, L50|\n|poke|p1|Rillaboom, L50, M|\n|poke|p1|Chien-Pao, L50|\n|poke|p1|Flutter Mane, L50|\n|poke|p1|Chandelure, L50, F|\n|poke|p1|Moltres-Galar, L50|\n|poke|p2|Urshifu-*, L50, F|\n|poke|p2|Kyogre, L50|\n|poke|p2|Iron Hands, L50|\n|poke|p2|Baxcalibur, L50, M|\n|poke|p2|Indeedee-F, L50, F|\n|poke|p2|Murkrow, L50, M|\n|teampreview|4\n|inactive|Battle timer is ON: inactive players will automatically lose when time's up. (requested by Zyros Phade)\n|\n|t:|1736702601\n|start\n|switch|p1a: Flutter Mane|Flutter Mane, L50, shiny|100\/100\n|switch|p1b: Zamazenta|Zamazenta-Crowned, L50, shiny|100\/100\n|switch|p2a: Urshifu|Urshifu-Rapid-Strike, L50, F|100\/100\n|switch|p2b: Kyogre|Kyogre, L50, shiny|100\/100\n|-ability|p1b: Zamazenta|Dauntless Shield|boost\n|-boost|p1b: Zamazenta|def|1\n|-weather|RainDance|[from] ability: Drizzle|[of] p2b: Kyogre\n|-enditem|p1a: Flutter Mane|Booster Energy\n|-activate|p1a: Flutter Mane|ability: Protosynthesis|[fromitem]\n|-start|p1a: Flutter Mane|protosynthesisspe\n|turn|1\n|\n|t:|1736702613\n|switch|p2b: Indeedee|Indeedee-F, L50, F|100\/100\n|-fieldstart|move: Psychic Terrain|[from] ability: Psychic Surge|[of] p2b: Indeedee\n|-terastallize|p2a: Urshifu|Grass\n|-terastallize|p1b: Zamazenta|Dragon\n|move|p1a: Flutter Mane|Thunder Wave|p2b: Indeedee\n|-status|p2b: Indeedee|par\n|move|p2a: Urshifu|Surging Strikes|p1a: Flutter Mane\n|-crit|p1a: Flutter Mane\n|-damage|p1a: Flutter Mane|53\/100\n|-crit|p1a: Flutter Mane\n|-damage|p1a: Flutter Mane|6\/100\n|-crit|p1a: Flutter Mane\n|-damage|p1a: Flutter Mane|0 fnt\n|faint|p1a: Flutter Mane\n|-end|p1a: Flutter Mane|Protosynthesis|[silent]\n|-hitcount|p1: Flutter Mane|3\n|move|p1b: Zamazenta|Body Press|p2b: Indeedee\n|-crit|p2b: Indeedee\n|-damage|p2b: Indeedee|0 fnt\n|-damage|p1b: Zamazenta|84\/100|[from] item: Rocky Helmet|[of] p2b: Indeedee\n|faint|p2b: Indeedee\n|\n|-weather|RainDance|[upkeep]\n|upkeep\n|\n|t:|1736702638\n|switch|p1a: Rillaboom|Rillaboom, L50, M, shiny|100\/100\n|switch|p2b: Murkrow|Murkrow, L50, M|100\/100\n|-fieldstart|move: Grassy Terrain|[from] ability: Grassy Surge|[of] p1a: Rillaboom\n|turn|2\n|\n|t:|1736702655\n|move|p2a: Urshifu|Surging Strikes|p1a: Rillaboom\n|-resisted|p1a: Rillaboom\n|-crit|p1a: Rillaboom\n|-damage|p1a: Rillaboom|84\/100\n|-resisted|p1a: Rillaboom\n|-crit|p1a: Rillaboom\n|-damage|p1a: Rillaboom|66\/100\n|-resisted|p1a: Rillaboom\n|-crit|p1a: Rillaboom\n|-damage|p1a: Rillaboom|49\/100\n|-hitcount|p1a: Rillaboom|3\n|move|p1b: Zamazenta|Body Press|p2b: Murkrow\n|-enditem|p2b: Murkrow|Focus Sash\n|-damage|p2b: Murkrow|1\/100\n|move|p2b: Murkrow|Hurricane|p1a: Rillaboom\n|-supereffective|p1a: Rillaboom\n|-crit|p1a: Rillaboom\n|-damage|p1a: Rillaboom|0 fnt\n|faint|p1a: Rillaboom\n|\n|-weather|RainDance|[upkeep]\n|-heal|p1b: Zamazenta|90\/100|[from] Grassy Terrain\n|upkeep\n|\n|t:|1736702668\n|switch|p1a: Chien-Pao|Chien-Pao, L50|100\/100\n|-ability|p1a: Chien-Pao|Sword of Ruin\n|turn|3\n|\n|t:|1736702678\n|move|p1a: Chien-Pao|Sucker Punch||[still]\n|-fail|p1a: Chien-Pao\n|move|p2b: Murkrow|Tailwind|p2b: Murkrow\n|-sidestart|p2: Zyros Phade|move: Tailwind\n|move|p2a: Urshifu|Surging Strikes|p1a: Chien-Pao\n|-crit|p1a: Chien-Pao\n|-damage|p1a: Chien-Pao|53\/100\n|-crit|p1a: Chien-Pao\n|-damage|p1a: Chien-Pao|12\/100\n|-crit|p1a: Chien-Pao\n|-damage|p1a: Chien-Pao|0 fnt\n|faint|p1a: Chien-Pao\n|-hitcount|p1: Chien-Pao|3\n|move|p1b: Zamazenta|Body Press|p2a: Urshifu\n|-damage|p2a: Urshifu|33\/100\n|\n|-weather|RainDance|[upkeep]\n|-heal|p2a: Urshifu|40\/100|[from] Grassy Terrain\n|-heal|p1b: Zamazenta|96\/100|[from] Grassy Terrain\n|upkeep\n|turn|4\n|j| brrkz\n|\n|t:|1736702687\n|move|p2b: Murkrow|Haze|p2b: Murkrow\n|-clearallboost\n|move|p2a: Urshifu|Surging Strikes|p1b: Zamazenta\n|-resisted|p1b: Zamazenta\n|-crit|p1b: Zamazenta\n|-damage|p1b: Zamazenta|87\/100\n|-resisted|p1b: Zamazenta\n|-crit|p1b: Zamazenta\n|-damage|p1b: Zamazenta|77\/100\n|-resisted|p1b: Zamazenta\n|-crit|p1b: Zamazenta\n|-damage|p1b: Zamazenta|66\/100\n|-hitcount|p1b: Zamazenta|3\n|move|p1b: Zamazenta|Body Press|p2b: Murkrow\n|-damage|p2b: Murkrow|0 fnt\n|faint|p2b: Murkrow\n|\n|-weather|RainDance|[upkeep]\n|-heal|p2a: Urshifu|46\/100|[from] Grassy Terrain\n|-heal|p1b: Zamazenta|72\/100|[from] Grassy Terrain\n|upkeep\n|\n|t:|1736702691\n|switch|p2b: Kyogre|Kyogre, L50, shiny|100\/100\n|turn|5\n|\n|t:|1736702697\n|move|p1b: Zamazenta|Wide Guard|p1b: Zamazenta\n|-singleturn|p1b: Zamazenta|Wide Guard\n|move|p2a: Urshifu|Surging Strikes|p1b: Zamazenta\n|-resisted|p1b: Zamazenta\n|-crit|p1b: Zamazenta\n|-damage|p1b: Zamazenta|62\/100\n|-resisted|p1b: Zamazenta\n|-crit|p1b: Zamazenta\n|-damage|p1b: Zamazenta|53\/100\n|-resisted|p1b: Zamazenta\n|-crit|p1b: Zamazenta\n|-damage|p1b: Zamazenta|43\/100\n|-hitcount|p1b: Zamazenta|3\n|move|p2b: Kyogre|Ice Beam|p1b: Zamazenta\n|-supereffective|p1b: Zamazenta\n|-damage|p1b: Zamazenta|0 fnt\n|faint|p1b: Zamazenta\n|\n|win|Zyros Phade\n|raw|RustyChair13's rating: 1605 &rarr; <strong>1586<\/strong><br \/>(-19 for losing)\n|raw|Zyros Phade's rating: 1615 &rarr; <strong>1634<\/strong><br \/>(+19 for winning)\n|l|\u2606RustyChair13\n|player|p1|\n|l|\u2606Zyros Phade\n|player|p2|\n|l| brrkz\n","uploadtime":1736702844,"views":63,"formatid":"gen9vgc2025regg","rating":1586,"private":0,"password":null}