{"id":"gen9vgc2025regg-2279413408","format":"[Gen 9] VGC 2025 Reg G","players":["dtukgcjcg","SeaWolfMikess"],"log":"|j|\u2606dtukgcjcg\n|j|\u2606SeaWolfMikess\n|t:|1736644750\n|gametype|doubles\n|player|p1|dtukgcjcg|169|1546\n|player|p2|SeaWolfMikess|hugh|1635\n|teamsize|p1|6\n|teamsize|p2|6\n|gen|9\n|tier|[Gen 9] VGC 2025 Reg G\n|rated|\n|rule|Species Clause: Limit one of each Pok\u00e9mon\n|rule|Item Clause: Limit 1 of each item\n|clearpoke\n|poke|p1|Whimsicott, L50, M|\n|poke|p1|Miraidon, L50|\n|poke|p1|Farigiraf, L50, F|\n|poke|p1|Iron Hands, L50|\n|poke|p1|Ogerpon-Hearthflame, L50, F|\n|poke|p1|Urshifu-*, L50, M|\n|poke|p2|Landorus, L50, M|\n|poke|p2|Urshifu-*, L50, M|\n|poke|p2|Iron Valiant, L50|\n|poke|p2|Pelipper, L50, F|\n|poke|p2|Amoonguss, L50, F|\n|poke|p2|Calyrex-Ice, L50|\n|teampreview|4\n|inactive|Battle timer is ON: inactive players will automatically lose when time's up. (requested by dtukgcjcg)\n|\n|t:|1736644775\n|start\n|switch|p1a: Miraidon|Miraidon, L50|100\/100\n|switch|p1b: Farigiraf|Farigiraf, L50, F|100\/100\n|switch|p2a: Iron Valiant|Iron Valiant, L50|100\/100\n|switch|p2b: Landorus|Landorus, L50, M|100\/100\n|-fieldstart|move: Electric Terrain|[from] ability: Hadron Engine|[of] p1a: Miraidon\n|-activate|p2a: Iron Valiant|ability: Quark Drive\n|-start|p2a: Iron Valiant|quarkdrivespe\n|-enditem|p1b: Farigiraf|Electric Seed\n|-boost|p1b: Farigiraf|def|1|[from] item: Electric Seed\n|turn|1\n|\n|t:|1736644787\n|-terastallize|p1a: Miraidon|Fairy\n|move|p2a: Iron Valiant|Spirit Break|p1a: Miraidon\n|-damage|p1a: Miraidon|69\/100\n|-unboost|p1a: Miraidon|spa|1\n|move|p2b: Landorus|Sludge Bomb|p1a: Miraidon\n|-supereffective|p1a: Miraidon\n|-damage|p1a: Miraidon|0 fnt\n|faint|p1a: Miraidon\n|move|p1b: Farigiraf|Trick Room|p1b: Farigiraf\n|-fieldstart|move: Trick Room|[of] p1b: Farigiraf\n|\n|upkeep\n|\n|t:|1736644796\n|switch|p1a: Iron Hands|Iron Hands, L50|100\/100\n|-activate|p1a: Iron Hands|ability: Quark Drive\n|-start|p1a: Iron Hands|quarkdriveatk\n|turn|2\n|\n|t:|1736644802\n|switch|p2b: Calyrex|Calyrex-Ice, L50|100\/100\n|-ability|p2b: Calyrex|As One\n|-ability|p2b: Calyrex|Unnerve\n|move|p1a: Iron Hands|Wild Charge|p2a: Iron Valiant\n|-damage|p2a: Iron Valiant|14\/100\n|-damage|p1a: Iron Hands|84\/100|[from] Recoil\n|move|p1b: Farigiraf|Psychic Noise|p2a: Iron Valiant\n|-supereffective|p2a: Iron Valiant\n|-damage|p2a: Iron Valiant|0 fnt\n|faint|p2a: Iron Valiant\n|-end|p2a: Iron Valiant|Quark Drive|[silent]\n|\n|upkeep\n|\n|t:|1736644813\n|switch|p2a: Pelipper|Pelipper, L50, F|100\/100\n|-weather|RainDance|[from] ability: Drizzle|[of] p2a: Pelipper\n|turn|3\n|\n|t:|1736644825\n|-terastallize|p2b: Calyrex|Grass\n|move|p2a: Pelipper|Helping Hand|p2b: Calyrex\n|-singleturn|p2b: Calyrex|Helping Hand|[of] p2a: Pelipper\n|move|p1a: Iron Hands|Low Kick|p2b: Calyrex\n|-damage|p2b: Calyrex|45\/100\n|move|p2b: Calyrex|High Horsepower|p1a: Iron Hands\n|-supereffective|p1a: Iron Hands\n|-damage|p1a: Iron Hands|6\/100\n|move|p1b: Farigiraf|Foul Play|p2b: Calyrex\n|-damage|p2b: Calyrex|21\/100\n|\n|-weather|RainDance|[upkeep]\n|upkeep\n|turn|4\n|\n|t:|1736644839\n|move|p2b: Calyrex|Protect|p2b: Calyrex\n|-singleturn|p2b: Calyrex|Protect\n|move|p1a: Iron Hands|Wild Charge|p2a: Pelipper\n|-supereffective|p2a: Pelipper\n|-damage|p2a: Pelipper|0 fnt\n|faint|p2a: Pelipper\n|-damage|p1a: Iron Hands|0 fnt|[from] Recoil\n|faint|p1a: Iron Hands\n|-end|p1a: Iron Hands|Quark Drive|[silent]\n|move|p1b: Farigiraf|Foul Play|p2b: Calyrex\n|-activate|p2b: Calyrex|move: Protect\n|\n|-weather|RainDance|[upkeep]\n|upkeep\n|\n|t:|1736644844\n|switch|p1a: Urshifu|Urshifu, L50, M|100\/100\n|switch|p2a: Landorus|Landorus, L50, M|100\/100\n|turn|5\n|\n|t:|1736644858\n|move|p1a: Urshifu|Protect|p1a: Urshifu\n|-singleturn|p1a: Urshifu|Protect\n|move|p2b: Calyrex|Glacial Lance|p1b: Farigiraf|[spread] p1b\n|-activate|p1a: Urshifu|move: Protect\n|-damage|p1b: Farigiraf|71\/100\n|move|p1b: Farigiraf|Foul Play|p2b: Calyrex\n|-damage|p2b: Calyrex|0 fnt\n|faint|p2b: Calyrex\n|move|p2a: Landorus|Sandsear Storm|p1a: Urshifu|[spread] p1b\n|-activate|p1a: Urshifu|move: Protect\n|-damage|p1b: Farigiraf|22\/100\n|\n|-weather|RainDance|[upkeep]\n|-fieldend|move: Trick Room\n|-fieldend|move: Electric Terrain\n|upkeep\n|turn|6\n|\n|t:|1736644871\n|move|p1b: Farigiraf|Helping Hand|p1a: Urshifu\n|-singleturn|p1a: Urshifu|Helping Hand|[of] p1b: Farigiraf\n|move|p2a: Landorus|Sandsear Storm|p1a: Urshifu|[spread] p1a,p1b\n|-damage|p1a: Urshifu|17\/100\n|-damage|p1b: Farigiraf|0 fnt\n|faint|p1b: Farigiraf\n|move|p1a: Urshifu|Wicked Blow|p2a: Landorus\n|-crit|p2a: Landorus\n|-damage|p2a: Landorus|0 fnt\n|faint|p2a: Landorus\n|\n|win|dtukgcjcg\n|raw|dtukgcjcg's rating: 1546 &rarr; <strong>1571<\/strong><br \/>(+25 for winning)\n|raw|SeaWolfMikess's rating: 1635 &rarr; <strong>1610<\/strong><br \/>(-25 for losing)\n|l|\u2606SeaWolfMikess\n|player|p2|\n|l|\u2606dtukgcjcg\n|player|p1|\n","uploadtime":1736645132,"views":23,"formatid":"gen9vgc2025regg","rating":1571,"private":0,"password":null}