{"id":"gen9vgc2025regg-2279443396","format":"[Gen 9] VGC 2025 Reg G","players":["Squ1dge_","anton19"],"log":"|j|\u2606Squ1dge_\n|j|\u2606anton19\n|t:|1736648878\n|gametype|doubles\n|player|p1|Squ1dge_|102|1558\n|player|p2|anton19|266|1535\n|teamsize|p1|6\n|teamsize|p2|6\n|gen|9\n|tier|[Gen 9] VGC 2025 Reg G\n|rated|\n|rule|Species Clause: Limit one of each Pok\u00e9mon\n|rule|Item Clause: Limit 1 of each item\n|clearpoke\n|poke|p1|Farigiraf, L50, M|\n|poke|p1|Regieleki, L50|\n|poke|p1|Landorus, L50, M|\n|poke|p1|Ogerpon-Cornerstone, L50, F|\n|poke|p1|Urshifu-*, L50, F|\n|poke|p1|Calyrex-Ice, L50|\n|poke|p2|Pelipper, L50, M|\n|poke|p2|Calyrex-Ice, L50|\n|poke|p2|Rillaboom, L50, M|\n|poke|p2|Amoonguss, L50, F|\n|poke|p2|Urshifu-*, L50, M|\n|poke|p2|Flutter Mane, L50|\n|teampreview|4\n|inactive|Battle timer is ON: inactive players will automatically lose when time's up. (requested by anton19)\n|inactive|Squ1dge_ also wants the timer to be on.\n|j| AxonAries\n|inactive|Squ1dge_ has 60 seconds left.\n|\n|t:|1736648922\n|start\n|switch|p1a: Regieleki|Regieleki, L50|100\/100\n|switch|p1b: Ogerpon|Ogerpon-Cornerstone, L50, F|100\/100\n|switch|p2a: Flutter Mane|Flutter Mane, L50|100\/100\n|switch|p2b: Urshifu|Urshifu-Rapid-Strike, L50, M|100\/100\n|-enditem|p2a: Flutter Mane|Booster Energy\n|-activate|p2a: Flutter Mane|ability: Protosynthesis|[fromitem]\n|-start|p2a: Flutter Mane|protosynthesisspe\n|turn|1\n|inactive|Squ1dge_ has 30 seconds left.\n|inactive|anton19 has 30 seconds left.\n|\n|t:|1736648956\n|move|p1b: Ogerpon|Follow Me|p1b: Ogerpon\n|-singleturn|p1b: Ogerpon|move: Follow Me\n|move|p2a: Flutter Mane|Icy Wind|p1b: Ogerpon|[spread] p1a,p1b\n|-crit|p1a: Regieleki\n|-supereffective|p1b: Ogerpon\n|-damage|p1a: Regieleki|65\/100\n|-damage|p1b: Ogerpon|71\/100\n|-unboost|p1a: Regieleki|spe|1\n|-unboost|p1b: Ogerpon|spe|1\n|move|p2b: Urshifu|Surging Strikes|p1b: Ogerpon\n|-crit|p1b: Ogerpon\n|-damage|p1b: Ogerpon|44\/100\n|-crit|p1b: Ogerpon\n|-damage|p1b: Ogerpon|14\/100\n|-crit|p1b: Ogerpon\n|-damage|p1b: Ogerpon|0 fnt\n|faint|p1b: Ogerpon\n|-hitcount|p1: Ogerpon|3\n|move|p1a: Regieleki|Volt Switch|p2b: Urshifu\n|-supereffective|p2b: Urshifu\n|-damage|p2b: Urshifu|0 fnt\n|faint|p2b: Urshifu\n|\n|t:|1736648975\n|switch|p1a: Calyrex|Calyrex-Ice, L50|100\/100|[from] Volt Switch\n|-ability|p1a: Calyrex|As One\n|-ability|p1a: Calyrex|Unnerve\n|\n|upkeep\n|\n|t:|1736648983\n|switch|p1b: Farigiraf|Farigiraf, L50, M|100\/100\n|switch|p2b: Calyrex|Calyrex-Ice, L50|100\/100\n|-ability|p2b: Calyrex|As One\n|-ability|p2b: Calyrex|Unnerve\n|turn|2\n|j| brrkz\n|inactive|anton19 has 30 seconds left.\n|\n|t:|1736649012\n|-terastallize|p1a: Calyrex|Water\n|move|p2b: Calyrex|Protect|p2b: Calyrex\n|-singleturn|p2b: Calyrex|Protect\n|move|p2a: Flutter Mane|Thunder Wave|p1b: Farigiraf\n|-status|p1b: Farigiraf|par\n|move|p1a: Calyrex|Glacial Lance|p2b: Calyrex|[spread] p2a\n|-activate|p2b: Calyrex|move: Protect\n|-damage|p2a: Flutter Mane|14\/100\n|move|p1b: Farigiraf|Foul Play|p2b: Calyrex\n|-activate|p2b: Calyrex|move: Protect\n|\n|upkeep\n|turn|3\n|inactive|Squ1dge_ has 30 seconds left.\n|inactive|anton19 has 30 seconds left.\n|inactive|Squ1dge_ has 20 seconds left.\n|inactive|Squ1dge_ has 15 seconds left.\n|inactive|Squ1dge_ has 10 seconds left.\n|\n|t:|1736649058\n|-terastallize|p2a: Flutter Mane|Fairy\n|move|p2a: Flutter Mane|Moonblast|p1b: Farigiraf\n|-damage|p1b: Farigiraf|40\/100 par\n|-unboost|p1b: Farigiraf|spa|1\n|move|p2b: Calyrex|Glacial Lance|p1a: Calyrex|[spread] p1a,p1b\n|-resisted|p1a: Calyrex\n|-damage|p1a: Calyrex|82\/100\n|-damage|p1b: Farigiraf|0 fnt\n|faint|p1b: Farigiraf\n|-ability|p2b: Calyrex|Chilling Neigh|boost\n|-boost|p2b: Calyrex|atk|1\n|move|p1a: Calyrex|Trick Room|p1a: Calyrex\n|-fieldstart|move: Trick Room|[of] p1a: Calyrex\n|\n|upkeep\n|\n|t:|1736649072\n|switch|p1b: Regieleki|Regieleki, L50|65\/100\n|turn|4\n|\n|t:|1736649080\n|move|p1b: Regieleki|Protect|p1b: Regieleki\n|-singleturn|p1b: Regieleki|Protect\n|move|p2b: Calyrex|Glacial Lance|p1b: Regieleki|[spread] p1a\n|-activate|p1b: Regieleki|move: Protect\n|-resisted|p1a: Calyrex\n|-damage|p1a: Calyrex|55\/100\n|move|p1a: Calyrex|Glacial Lance|p2a: Flutter Mane|[spread] p2a,p2b\n|-resisted|p2b: Calyrex\n|-crit|p2b: Calyrex\n|-damage|p2a: Flutter Mane|0 fnt\n|-damage|p2b: Calyrex|75\/100\n|faint|p2a: Flutter Mane\n|-end|p2a: Flutter Mane|Protosynthesis|[silent]\n|-ability|p1a: Calyrex|Chilling Neigh|boost\n|-boost|p1a: Calyrex|atk|1\n|\n|upkeep\n|\n|t:|1736649089\n|switch|p2a: Amoonguss|Amoonguss, L50, F|100\/100\n|turn|5\n|-message|Squ1dge_ forfeited.\n|\n|win|anton19\n|raw|Squ1dge_'s rating: 1558 &rarr; <strong>1537<\/strong><br \/>(-21 for losing)\n|raw|anton19's rating: 1535 &rarr; <strong>1556<\/strong><br \/>(+21 for winning)\n|l|\u2606Squ1dge_\n|player|p1|\n|l| brrkz\n|l| AxonAries\n|l|\u2606anton19\n|player|p2|\n","uploadtime":1736649148,"views":110,"formatid":"gen9vgc2025regg","rating":1537,"private":0,"password":null}