{"id":"gen9vgc2025regg-2279429632","format":"[Gen 9] VGC 2025 Reg G","players":["JasePokemonTwitter","SeaWolfMikess"],"log":"|j|\u2606JasePokemonTwitter\n|j|\u2606SeaWolfMikess\n|t:|1736646958\n|gametype|doubles\n|player|p1|JasePokemonTwitter|lucas|1507\n|player|p2|SeaWolfMikess|hugh|1588\n|teamsize|p1|6\n|teamsize|p2|6\n|gen|9\n|tier|[Gen 9] VGC 2025 Reg G\n|rated|\n|rule|Species Clause: Limit one of each Pok\u00e9mon\n|rule|Item Clause: Limit 1 of each item\n|clearpoke\n|poke|p1|Incineroar, L50, M|\n|poke|p1|Amoonguss, L50, M|\n|poke|p1|Urshifu-*, L50, F|\n|poke|p1|Rillaboom, L50, F|\n|poke|p1|Calyrex-Ice, L50|\n|poke|p1|Ditto, L50|\n|poke|p2|Calyrex-Ice, L50|\n|poke|p2|Urshifu-*, L50, M|\n|poke|p2|Ogerpon-Cornerstone, L50, F|\n|poke|p2|Rillaboom, L50, F|\n|poke|p2|Raging Bolt, L50|\n|poke|p2|Chi-Yu, L50|\n|teampreview|4\n|inactive|Battle timer is ON: inactive players will automatically lose when time's up. (requested by JasePokemonTwitter)\n|inactive|SeaWolfMikess has 60 seconds left.\n|\n|t:|1736646995\n|start\n|switch|p1a: Calyrex|Calyrex-Ice, L50|100\/100\n|switch|p1b: Urshifu|Urshifu-Rapid-Strike, L50, F|100\/100\n|switch|p2a: Urshifu|Urshifu-Rapid-Strike, L50, M|100\/100\n|switch|p2b: Raging Bolt|Raging Bolt, L50|100\/100\n|-ability|p1a: Calyrex|As One\n|-ability|p1a: Calyrex|Unnerve\n|-enditem|p2b: Raging Bolt|Booster Energy\n|-activate|p2b: Raging Bolt|ability: Protosynthesis|[fromitem]\n|-start|p2b: Raging Bolt|protosynthesisspa\n|turn|1\n|\n|t:|1736647006\n|-terastallize|p2b: Raging Bolt|Electric\n|move|p2b: Raging Bolt|Thunderclap||[still]\n|-fail|p2b: Raging Bolt\n|move|p1b: Urshifu|Coaching|p1a: Calyrex\n|-boost|p1a: Calyrex|atk|1\n|-boost|p1a: Calyrex|def|1\n|move|p2a: Urshifu|Surging Strikes|p1a: Calyrex\n|-crit|p1a: Calyrex\n|-damage|p1a: Calyrex|90\/100\n|-crit|p1a: Calyrex\n|-damage|p1a: Calyrex|79\/100\n|-crit|p1a: Calyrex\n|-damage|p1a: Calyrex|69\/100\n|-hitcount|p1a: Calyrex|3\n|move|p1a: Calyrex|Glacial Lance|p2b: Raging Bolt|[spread] p2a,p2b\n|-resisted|p2a: Urshifu\n|-damage|p2a: Urshifu|62\/100\n|-damage|p2b: Raging Bolt|35\/100\n|\n|upkeep\n|turn|2\n|inactive|JasePokemonTwitter has 30 seconds left.\n|inactive|JasePokemonTwitter has 20 seconds left.\n|\n|t:|1736647044\n|switch|p1b: Ditto|Ditto, L50|100\/100\n|-transform|p1b: Ditto|p2a: Urshifu|[from] ability: Imposter\n|switch|p1a: Incineroar|Incineroar, L50, M|100\/100\n|-ability|p1a: Incineroar|Intimidate|boost\n|-unboost|p2a: Urshifu|atk|1\n|-unboost|p2b: Raging Bolt|atk|1\n|move|p2a: Urshifu|Surging Strikes|p1a: Incineroar\n|-supereffective|p1a: Incineroar\n|-crit|p1a: Incineroar\n|-damage|p1a: Incineroar|71\/100\n|-damage|p2a: Urshifu|46\/100|[from] item: Rocky Helmet|[of] p1a: Incineroar\n|-supereffective|p1a: Incineroar\n|-crit|p1a: Incineroar\n|-damage|p1a: Incineroar|35\/100\n|-damage|p2a: Urshifu|29\/100|[from] item: Rocky Helmet|[of] p1a: Incineroar\n|-supereffective|p1a: Incineroar\n|-crit|p1a: Incineroar\n|-damage|p1a: Incineroar|0 fnt\n|-damage|p2a: Urshifu|12\/100|[from] item: Rocky Helmet|[of] p1a: Incineroar\n|faint|p1a: Incineroar\n|-hitcount|p1: Incineroar|3\n|move|p2b: Raging Bolt|Thunderbolt|p1b: Ditto\n|-supereffective|p1b: Ditto\n|-enditem|p1b: Ditto|Focus Sash\n|-damage|p1b: Ditto|1\/100\n|\n|upkeep\n|inactive|JasePokemonTwitter has 30 seconds left.\n|\n|t:|1736647069\n|switch|p1a: Calyrex|Calyrex-Ice, L50|69\/100\n|-ability|p1a: Calyrex|As One\n|-ability|p1a: Calyrex|Unnerve\n|turn|3\n|\n|t:|1736647076\n|-end|p2b: Raging Bolt|Protosynthesis|[silent]\n|switch|p2b: Calyrex|Calyrex-Ice, L50|100\/100\n|-ability|p2b: Calyrex|As One\n|-ability|p2b: Calyrex|Unnerve\n|move|p2a: Urshifu|Aqua Jet|p1b: Ditto\n|-resisted|p1b: Ditto\n|-damage|p1b: Ditto|0 fnt\n|faint|p1b: Ditto\n|move|p1a: Calyrex|Glacial Lance|p2b: Calyrex|[spread] p2a,p2b\n|-resisted|p2a: Urshifu\n|-resisted|p2b: Calyrex\n|-damage|p2a: Urshifu|0 fnt\n|-damage|p2b: Calyrex|86\/100\n|faint|p2a: Urshifu\n|-ability|p1a: Calyrex|Chilling Neigh|boost\n|-boost|p1a: Calyrex|atk|1\n|\n|upkeep\n|\n|t:|1736647084\n|switch|p2a: Ogerpon|Ogerpon-Cornerstone, L50, F|100\/100\n|switch|p1b: Urshifu|Urshifu-Rapid-Strike, L50, F|100\/100\n|turn|4\n|inactive|JasePokemonTwitter has 30 seconds left.\n|inactive|JasePokemonTwitter has 20 seconds left.\n|inactive|JasePokemonTwitter has 15 seconds left.\n|inactive|JasePokemonTwitter has 10 seconds left.\n|\n|t:|1736647133\n|-terastallize|p1b: Urshifu|Water\n|move|p1b: Urshifu|Surging Strikes|p2a: Ogerpon\n|-crit|p2a: Ogerpon\n|-damage|p2a: Ogerpon|60\/100\n|-crit|p2a: Ogerpon\n|-damage|p2a: Ogerpon|19\/100\n|-crit|p2a: Ogerpon\n|-damage|p2a: Ogerpon|0 fnt\n|faint|p2a: Ogerpon\n|-hitcount|p2: Ogerpon|3\n|move|p2b: Calyrex|High Horsepower|p1a: Calyrex\n|-damage|p1a: Calyrex|50\/100\n|move|p1a: Calyrex|Glacial Lance|p2b: Calyrex\n|-resisted|p2b: Calyrex\n|-damage|p2b: Calyrex|54\/100\n|\n|upkeep\n|\n|t:|1736647140\n|switch|p2a: Raging Bolt|Raging Bolt, L50, tera:Electric|35\/100\n|turn|5\n|inactive|SeaWolfMikess has 30 seconds left.\n|\n|t:|1736647165\n|move|p2a: Raging Bolt|Thunderclap|p1b: Urshifu\n|-supereffective|p1b: Urshifu\n|-damage|p1b: Urshifu|0 fnt\n|faint|p1b: Urshifu\n|move|p2b: Calyrex|High Horsepower|p1a: Calyrex\n|-damage|p1a: Calyrex|28\/100\n|move|p1a: Calyrex|Glacial Lance|p2b: Calyrex|[spread] p2a,p2b\n|-resisted|p2b: Calyrex\n|-damage|p2a: Raging Bolt|0 fnt\n|-damage|p2b: Calyrex|34\/100\n|faint|p2a: Raging Bolt\n|-end|p2a: Raging Bolt|Protosynthesis|[silent]\n|-ability|p1a: Calyrex|Chilling Neigh|boost\n|-boost|p1a: Calyrex|atk|1\n|\n|upkeep\n|turn|6\n|\n|t:|1736647174\n|move|p2b: Calyrex|High Horsepower|p1a: Calyrex\n|-damage|p1a: Calyrex|8\/100\n|move|p1a: Calyrex|Glacial Lance|p2b: Calyrex\n|-resisted|p2b: Calyrex\n|-crit|p2b: Calyrex\n|-damage|p2b: Calyrex|0 fnt\n|faint|p2b: Calyrex\n|\n|win|JasePokemonTwitter\n|raw|JasePokemonTwitter's rating: 1507 &rarr; <strong>1532<\/strong><br \/>(+25 for winning)\n|raw|SeaWolfMikess's rating: 1588 &rarr; <strong>1563<\/strong><br \/>(-25 for losing)\n|l|\u2606SeaWolfMikess\n|player|p2|\n|l|\u2606JasePokemonTwitter\n|player|p1|\n","uploadtime":1736647346,"views":104,"formatid":"gen9vgc2025regg","rating":1532,"private":0,"password":null}