{"id":"gen9vgc2025regg-2279803349","format":"[Gen 9] VGC 2025 Reg G","players":["soubrhue","SeaWolfMikess"],"log":"|j|\u2606soubrhue\n|j|\u2606SeaWolfMikess\n|t:|1736708740\n|gametype|doubles\n|player|p1|soubrhue|101|1702\n|player|p2|SeaWolfMikess|hugh|1674\n|teamsize|p1|6\n|teamsize|p2|6\n|gen|9\n|tier|[Gen 9] VGC 2025 Reg G\n|rated|\n|rule|Species Clause: Limit one of each Pok\u00e9mon\n|rule|Item Clause: Limit 1 of each item\n|clearpoke\n|poke|p1|Incineroar, L50, F|\n|poke|p1|Urshifu-*, L50, F|\n|poke|p1|Rillaboom, L50, F|\n|poke|p1|Flutter Mane, L50|\n|poke|p1|Terapagos, L50, M|\n|poke|p1|Ogerpon-Hearthflame, L50, F|\n|poke|p2|Calyrex-Ice, L50|\n|poke|p2|Urshifu-*, L50, F|\n|poke|p2|Ogerpon-Cornerstone, L50, F|\n|poke|p2|Rillaboom, L50, M|\n|poke|p2|Raging Bolt, L50|\n|poke|p2|Chi-Yu, L50|\n|teampreview|4\n|\n|t:|1736708767\n|start\n|switch|p1a: Urshifu|Urshifu-Rapid-Strike, L50, F|100\/100\n|switch|p1b: Incineroar|Incineroar, L50, F|100\/100\n|switch|p2a: Ogerpon|Ogerpon-Cornerstone, L50, F|100\/100\n|switch|p2b: Chi-Yu|Chi-Yu, L50|100\/100\n|-ability|p2b: Chi-Yu|Beads of Ruin\n|-ability|p1b: Incineroar|Intimidate|boost\n|-unboost|p2a: Ogerpon|atk|1\n|-unboost|p2b: Chi-Yu|atk|1\n|turn|1\n|\n|t:|1736708788\n|switch|p2b: Raging Bolt|Raging Bolt, L50|100\/100\n|-enditem|p2b: Raging Bolt|Booster Energy\n|-activate|p2b: Raging Bolt|ability: Protosynthesis|[fromitem]\n|-start|p2b: Raging Bolt|protosynthesisspa\n|move|p1b: Incineroar|Fake Out|p2a: Ogerpon\n|-resisted|p2a: Ogerpon\n|-damage|p2a: Ogerpon|94\/100\n|cant|p2a: Ogerpon|flinch\n|move|p1a: Urshifu|Surging Strikes|p2a: Ogerpon\n|-crit|p2a: Ogerpon\n|-damage|p2a: Ogerpon|65\/100\n|-crit|p2a: Ogerpon\n|-damage|p2a: Ogerpon|36\/100\n|-crit|p2a: Ogerpon\n|-damage|p2a: Ogerpon|11\/100\n|-hitcount|p2a: Ogerpon|3\n|\n|upkeep\n|turn|2\n|j| judang\n|j| Claarity\n|\n|t:|1736708809\n|switch|p1b: Terapagos|Terapagos, L50, M|100\/100\n|-activate|p1b: Terapagos|ability: Tera Shift\n|detailschange|p1b: Terapagos|Terapagos-Terastal, L50, M\n|-heal|p1b: Terapagos|100\/100|[silent]\n|move|p1a: Urshifu|Detect|p1a: Urshifu\n|-singleturn|p1a: Urshifu|Protect\n|move|p2a: Ogerpon|Ivy Cudgel|p1b: Terapagos|[anim] Ivy Cudgel Rock\n|-activate|p1b: Terapagos|ability: Tera Shell\n|-resisted|p1b: Terapagos\n|-damage|p1b: Terapagos|84\/100\n|move|p2b: Raging Bolt|Thunderbolt|p1a: Urshifu\n|-activate|p1a: Urshifu|move: Protect\n|\n|-heal|p1b: Terapagos|90\/100|[from] item: Leftovers\n|upkeep\n|turn|3\n|j| DonShitDozo\n|\n|t:|1736708827\n|move|p1a: Urshifu|Aqua Jet|p2a: Ogerpon\n|-damage|p2a: Ogerpon|0 fnt\n|faint|p2a: Ogerpon\n|move|p1b: Terapagos|Calm Mind|p1b: Terapagos\n|-boost|p1b: Terapagos|spa|1\n|-boost|p1b: Terapagos|spd|1\n|move|p2b: Raging Bolt|Thunderbolt|p1b: Terapagos\n|-damage|p1b: Terapagos|49\/100\n|\n|-heal|p1b: Terapagos|55\/100|[from] item: Leftovers\n|upkeep\n|\n|t:|1736708828\n|switch|p2a: Calyrex|Calyrex-Ice, L50|100\/100\n|-ability|p2a: Calyrex|As One\n|-ability|p2a: Calyrex|Unnerve\n|turn|4\n|\n|t:|1736708848\n|-terastallize|p1b: Terapagos|Stellar\n|detailschange|p1b: Terapagos|Terapagos-Stellar, L50, M, tera:Stellar\n|-heal|p1b: Terapagos|67\/100|[silent]\n|move|p2b: Raging Bolt|Thunderclap|p1a: Urshifu\n|-supereffective|p1a: Urshifu\n|-enditem|p1a: Urshifu|Focus Sash\n|-damage|p1a: Urshifu|1\/100\n|move|p1a: Urshifu|Close Combat|p2a: Calyrex\n|-damage|p2a: Calyrex|63\/100\n|-unboost|p1a: Urshifu|def|1\n|-unboost|p1a: Urshifu|spd|1\n|move|p1b: Terapagos|Tera Starstorm|p2b: Raging Bolt|[spread] p2a,p2b\n|-damage|p2a: Calyrex|29\/100\n|-damage|p2b: Raging Bolt|53\/100\n|move|p2a: Calyrex|Glacial Lance|p1a: Urshifu|[spread] p1a,p1b\n|-resisted|p1a: Urshifu\n|-damage|p1a: Urshifu|0 fnt\n|-damage|p1b: Terapagos|35\/100\n|faint|p1a: Urshifu\n|-ability|p2a: Calyrex|Chilling Neigh|boost\n|-boost|p2a: Calyrex|atk|1\n|\n|-heal|p1b: Terapagos|41\/100|[from] item: Leftovers\n|upkeep\n|\n|t:|1736708878\n|switch|p1a: Ogerpon|Ogerpon-Hearthflame, L50, F|100\/100\n|-ability|p1a: Ogerpon|Mold Breaker\n|turn|5\n|\n|t:|1736708882\n|switch|p2a: Chi-Yu|Chi-Yu, L50|100\/100\n|-ability|p2a: Chi-Yu|Beads of Ruin\n|-terastallize|p2b: Raging Bolt|Electric\n|move|p2b: Raging Bolt|Thunderclap|p1b: Terapagos\n|-damage|p1b: Terapagos|1\/100\n|move|p1a: Ogerpon|Ivy Cudgel|p2b: Raging Bolt|[anim] Ivy Cudgel Fire\n|-damage|p2b: Raging Bolt|5\/100\n|move|p1b: Terapagos|Tera Starstorm|p2a: Chi-Yu|[spread] p2a,p2b\n|-supereffective|p2b: Raging Bolt\n|-damage|p2a: Chi-Yu|30\/100\n|-damage|p2b: Raging Bolt|0 fnt\n|faint|p2b: Raging Bolt\n|-end|p2b: Raging Bolt|Protosynthesis|[silent]\n|\n|-heal|p1b: Terapagos|8\/100|[from] item: Leftovers\n|upkeep\n|\n|t:|1736708891\n|switch|p2b: Calyrex|Calyrex-Ice, L50|29\/100\n|-ability|p2b: Calyrex|As One\n|-ability|p2b: Calyrex|Unnerve\n|turn|6\n|j| Therazer456\n|\n|t:|1736708938\n|move|p2a: Chi-Yu|Heat Wave|p1a: Ogerpon|[spread] p1a,p1b\n|-damage|p1a: Ogerpon|31\/100\n|-damage|p1b: Terapagos|0 fnt\n|faint|p1b: Terapagos\n|move|p1a: Ogerpon|Wood Hammer|p2a: Chi-Yu\n|-resisted|p2a: Chi-Yu\n|-damage|p2a: Chi-Yu|0 fnt\n|faint|p2a: Chi-Yu\n|-damage|p1a: Ogerpon|22\/100|[from] Recoil\n|move|p2b: Calyrex|Glacial Lance|p1a: Ogerpon\n|-damage|p1a: Ogerpon|0 fnt\n|faint|p1a: Ogerpon\n|-ability|p2b: Calyrex|Chilling Neigh|boost\n|-boost|p2b: Calyrex|atk|1\n|\n|upkeep\n|\n|t:|1736708941\n|switch|p1b: Incineroar|Incineroar, L50, F|100\/100\n|-ability|p1b: Incineroar|Intimidate|boost\n|-fail|p2b: Calyrex|unboost|[from] item: Clear Amulet|[of] p2b: Calyrex\n|turn|7\n|\n|t:|1736708951\n|move|p2b: Calyrex|Protect|p2b: Calyrex\n|-singleturn|p2b: Calyrex|Protect\n|move|p1b: Incineroar|Knock Off|p2b: Calyrex\n|-activate|p2b: Calyrex|move: Protect\n|\n|upkeep\n|turn|8\n|\n|t:|1736708953\n|move|p1b: Incineroar|Knock Off|p2b: Calyrex\n|-supereffective|p2b: Calyrex\n|-damage|p2b: Calyrex|0 fnt\n|-enditem|p2b: Calyrex|Clear Amulet|[from] move: Knock Off|[of] p1b: Incineroar\n|faint|p2b: Calyrex\n|\n|win|soubrhue\n|raw|soubrhue's rating: 1702 &rarr; <strong>1720<\/strong><br \/>(+18 for winning)\n|raw|SeaWolfMikess's rating: 1674 &rarr; <strong>1656<\/strong><br \/>(-18 for losing)\n|l|\u2606SeaWolfMikess\n|player|p2|\n|l| Therazer456\n|l| Claarity\n|l| DonShitDozo\n","uploadtime":1736708983,"views":120,"formatid":"gen9vgc2025regg","rating":1656,"private":0,"password":null}