{"id":"gen9vgc2025regg-2279484517","format":"[Gen 9] VGC 2025 Reg G","players":["Axel316","Imnotagni"],"log":"|j|\u2606Axel316\n|j|\u2606Imnotagni\n|t:|1736654905\n|gametype|doubles\n|player|p1|Axel316|169|1571\n|player|p2|Imnotagni|policeman-gen4|1618\n|teamsize|p1|6\n|teamsize|p2|6\n|gen|9\n|tier|[Gen 9] VGC 2025 Reg G\n|rated|\n|rule|Species Clause: Limit one of each Pok\u00e9mon\n|rule|Item Clause: Limit 1 of each item\n|clearpoke\n|poke|p1|Calyrex-Ice, L50|\n|poke|p1|Urshifu-*, L50, M|\n|poke|p1|Iron Hands, L50|\n|poke|p1|Latios, L50, M|\n|poke|p1|Pelipper, L50, M|\n|poke|p1|Archaludon, L50, M|\n|poke|p2|Kyogre, L50|\n|poke|p2|Tornadus, L50, M|\n|poke|p2|Tsareena, L50, F|\n|poke|p2|Landorus, L50, M|\n|poke|p2|Urshifu-*, L50, M|\n|poke|p2|Ditto, L50|\n|teampreview|4\n|inactive|Battle timer is ON: inactive players will automatically lose when time's up. (requested by Imnotagni)\n|inactive|Axel316 has 60 seconds left.\n|\n|t:|1736654942\n|start\n|switch|p1a: Iron Hands|Iron Hands, L50|100\/100\n|switch|p1b: Latios|Latios, L50, M|100\/100\n|switch|p2a: Tornadus|Tornadus, L50, M|100\/100\n|switch|p2b: Urshifu|Urshifu-Rapid-Strike, L50, M|100\/100\n|turn|1\n|\n|t:|1736654962\n|-terastallize|p2b: Urshifu|Grass\n|move|p2a: Tornadus|Tailwind|p2a: Tornadus\n|-sidestart|p2: Imnotagni|move: Tailwind\n|move|p2b: Urshifu|Surging Strikes|p1a: Iron Hands\n|-crit|p1a: Iron Hands\n|-damage|p1a: Iron Hands|83\/100\n|-crit|p1a: Iron Hands\n|-damage|p1a: Iron Hands|63\/100\n|-crit|p1a: Iron Hands\n|-damage|p1a: Iron Hands|46\/100\n|-hitcount|p1a: Iron Hands|3\n|move|p1b: Latios|Luster Purge|p2b: Urshifu\n|-damage|p2b: Urshifu|29\/100\n|-unboost|p2b: Urshifu|spd|1\n|move|p1a: Iron Hands|Wild Charge|p2a: Tornadus\n|-supereffective|p2a: Tornadus\n|-damage|p2a: Tornadus|0 fnt\n|faint|p2a: Tornadus\n|-damage|p1a: Iron Hands|28\/100|[from] Recoil\n|\n|upkeep\n|\n|t:|1736654975\n|switch|p2a: Kyogre|Kyogre, L50, shiny|100\/100\n|-weather|RainDance|[from] ability: Drizzle|[of] p2a: Kyogre\n|turn|2\n|\n|t:|1736654998\n|move|p2a: Kyogre|Water Spout|p1b: Latios|[spread] p1a,p1b\n|-resisted|p1b: Latios\n|-damage|p1a: Iron Hands|0 fnt\n|-damage|p1b: Latios|47\/100\n|faint|p1a: Iron Hands\n|-end|p1a: Iron Hands|Quark Drive|[silent]\n|move|p2b: Urshifu|Surging Strikes|p1b: Latios\n|-resisted|p1b: Latios\n|-crit|p1b: Latios\n|-damage|p1b: Latios|17\/100\n|-resisted|p1b: Latios\n|-crit|p1b: Latios\n|-damage|p1b: Latios|0 fnt\n|faint|p1b: Latios\n|-hitcount|p1: Latios|2\n|\n|-weather|RainDance|[upkeep]\n|upkeep\n|\n|t:|1736655012\n|switch|p1b: Pelipper|Pelipper, L50, M|100\/100\n|switch|p1a: Calyrex|Calyrex-Ice, L50|100\/100\n|-ability|p1a: Calyrex|As One\n|-ability|p1a: Calyrex|Unnerve\n|turn|3\n|\n|t:|1736655031\n|switch|p2a: Ditto|Ditto, L50|100\/100\n|-transform|p2a: Ditto|p1b: Pelipper|[from] ability: Imposter\n|-terastallize|p1a: Calyrex|Grass\n|move|p1b: Pelipper|Wide Guard|p1b: Pelipper\n|-singleturn|p1b: Pelipper|Wide Guard\n|move|p2b: Urshifu|Surging Strikes|p1a: Calyrex\n|-resisted|p1a: Calyrex\n|-crit|p1a: Calyrex\n|-damage|p1a: Calyrex|86\/100\n|-resisted|p1a: Calyrex\n|-crit|p1a: Calyrex\n|-damage|p1a: Calyrex|72\/100\n|-resisted|p1a: Calyrex\n|-crit|p1a: Calyrex\n|-damage|p1a: Calyrex|58\/100\n|-hitcount|p1a: Calyrex|3\n|move|p1a: Calyrex|Trick Room|p1a: Calyrex\n|-fieldstart|move: Trick Room|[of] p1a: Calyrex\n|\n|-weather|RainDance|[upkeep]\n|upkeep\n|turn|4\n|inactive|Axel316 has 30 seconds left.\n|inactive|Imnotagni has 30 seconds left.\n|\n|t:|1736655062\n|move|p1a: Calyrex|Seed Bomb|p2a: Ditto\n|-damage|p2a: Ditto|46\/100\n|move|p1b: Pelipper|Hurricane|p2a: Ditto\n|-damage|p2a: Ditto|0 fnt\n|faint|p2a: Ditto\n|move|p2b: Urshifu|Surging Strikes|p1b: Pelipper\n|-resisted|p1b: Pelipper\n|-crit|p1b: Pelipper\n|-damage|p1b: Pelipper|77\/100\n|-resisted|p1b: Pelipper\n|-crit|p1b: Pelipper\n|-damage|p1b: Pelipper|55\/100\n|-resisted|p1b: Pelipper\n|-crit|p1b: Pelipper\n|-damage|p1b: Pelipper|31\/100\n|-hitcount|p1b: Pelipper|3\n|\n|-weather|RainDance|[upkeep]\n|-sideend|p2: Imnotagni|move: Tailwind\n|upkeep\n|\n|t:|1736655068\n|switch|p2a: Kyogre|Kyogre, L50, shiny|100\/100\n|turn|5\n|\n|t:|1736655085\n|move|p1a: Calyrex|Glacial Lance|p2a: Kyogre|[spread] p2a,p2b\n|-resisted|p2a: Kyogre\n|-supereffective|p2b: Urshifu\n|-damage|p2a: Kyogre|70\/100\n|-damage|p2b: Urshifu|0 fnt\n|faint|p2b: Urshifu\n|-ability|p1a: Calyrex|Chilling Neigh|boost\n|-boost|p1a: Calyrex|atk|1\n|move|p1b: Pelipper|Hurricane|p2a: Kyogre\n|-damage|p2a: Kyogre|32\/100\n|-start|p2a: Kyogre|confusion\n|-activate|p2a: Kyogre|confusion\n|-damage|p2a: Kyogre|24\/100|[from] confusion\n|\n|-weather|RainDance|[upkeep]\n|upkeep\n|turn|6\n|-message|Imnotagni forfeited.\n|\n|win|Axel316\n|raw|Axel316's rating: 1571 &rarr; <strong>1594<\/strong><br \/>(+23 for winning)\n|raw|Imnotagni's rating: 1618 &rarr; <strong>1595<\/strong><br \/>(-23 for losing)\n|l|\u2606Imnotagni\n|player|p2|\n|j|\u2606Imnotagni\n|player|p2|Imnotagni|policeman-gen4|\n|l|\u2606Axel316\n|player|p1|\n","uploadtime":1736655145,"views":126,"formatid":"gen9vgc2025regg","rating":1594,"private":0,"password":null}