{"id":"gen9vgc2025regg-2279726027","format":"[Gen 9] VGC 2025 Reg G","players":["RustyChair13","Pauliet123"],"log":"|j|\u2606RustyChair13\n|j|\u2606Pauliet123\n|t:|1736699144\n|gametype|doubles\n|player|p1|RustyChair13|scientist-gen4|1559\n|player|p2|Pauliet123|169|1557\n|teamsize|p1|6\n|teamsize|p2|6\n|gen|9\n|tier|[Gen 9] VGC 2025 Reg G\n|rated|\n|rule|Species Clause: Limit one of each Pok\u00e9mon\n|rule|Item Clause: Limit 1 of each item\n|clearpoke\n|poke|p1|Zamazenta-*, L50|\n|poke|p1|Rillaboom, L50, M|\n|poke|p1|Chien-Pao, L50|\n|poke|p1|Flutter Mane, L50|\n|poke|p1|Chandelure, L50, F|\n|poke|p1|Moltres-Galar, L50|\n|poke|p2|Weezing-Galar, L50, M|\n|poke|p2|Dondozo, L50, M|\n|poke|p2|Calyrex-Shadow, L50|\n|poke|p2|Tatsugiri, L50, M|\n|poke|p2|Indeedee-F, L50, F|\n|poke|p2|Iron Hands, L50|\n|teampreview|4\n|inactive|Battle timer is ON: inactive players will automatically lose when time's up. (requested by Pauliet123)\n|\n|t:|1736699160\n|start\n|switch|p1a: Zamazenta|Zamazenta-Crowned, L50, shiny|100\/100\n|switch|p1b: Moltres|Moltres-Galar, L50, shiny|100\/100\n|switch|p2a: Iron Hands|Iron Hands, L50|100\/100\n|switch|p2b: Weezing|Weezing-Galar, L50, M, shiny|100\/100\n|-ability|p2b: Weezing|Neutralizing Gas\n|turn|1\n|\n|t:|1736699171\n|move|p2a: Iron Hands|Fake Out|p1a: Zamazenta\n|-resisted|p1a: Zamazenta\n|-damage|p1a: Zamazenta|96\/100\n|cant|p1a: Zamazenta|flinch\n|move|p1b: Moltres|Taunt|p2b: Weezing\n|-start|p2b: Weezing|move: Taunt\n|-enditem|p2b: Weezing|Mental Herb\n|-end|p2b: Weezing|move: Taunt\n|move|p2b: Weezing|Poison Gas|p1a: Zamazenta|[spread] p1a,p1b\n|-immune|p1a: Zamazenta\n|-status|p1b: Moltres|psn\n|\n|-damage|p1b: Moltres|88\/100 psn|[from] psn\n|upkeep\n|turn|2\n|inactive|RustyChair13 has 30 seconds left.\n|\n|t:|1736699196\n|-terastallize|p1a: Zamazenta|Dragon\n|move|p1a: Zamazenta|Heavy Slam|p2b: Weezing\n|-supereffective|p2b: Weezing\n|-crit|p2b: Weezing\n|-damage|p2b: Weezing|0 fnt\n|faint|p2b: Weezing\n|-end|p2b: Weezing|ability: Neutralizing Gas\n|-ability|p1a: Zamazenta|Dauntless Shield|boost\n|-boost|p1a: Zamazenta|def|1\n|move|p1b: Moltres|Fiery Wrath|p2a: Iron Hands\n|-resisted|p2a: Iron Hands\n|-damage|p2a: Iron Hands|90\/100\n|move|p2a: Iron Hands|Drain Punch|p1a: Zamazenta\n|-damage|p1a: Zamazenta|79\/100\n|-heal|p2a: Iron Hands|96\/100|[from] drain|[of] p1a: Zamazenta\n|\n|-damage|p1b: Moltres|76\/100 psn|[from] psn\n|upkeep\n|\n|t:|1736699202\n|switch|p2b: Dondozo|Dondozo, L50, M, shiny|100\/100\n|turn|3\n|\n|t:|1736699218\n|-end|p2a: Iron Hands|Quark Drive|[silent]\n|switch|p2a: Tatsugiri|Tatsugiri, L50, M, shiny|100\/100\n|-activate|p2a: Tatsugiri|ability: Commander|[of] p2b: Dondozo\n|-boost|p2b: Dondozo|atk|2\n|-boost|p2b: Dondozo|spa|2\n|-boost|p2b: Dondozo|spe|2\n|-boost|p2b: Dondozo|def|2\n|-boost|p2b: Dondozo|spd|2\n|move|p1a: Zamazenta|Protect|p1a: Zamazenta\n|-singleturn|p1a: Zamazenta|Protect\n|move|p2b: Dondozo|Order Up|p1a: Zamazenta\n|-activate|p1a: Zamazenta|move: Protect\n|move|p1b: Moltres|Fiery Wrath|p2a: Tatsugiri|[spread] p2b\n|-miss|p1b: Moltres|p2a: Tatsugiri\n|-damage|p2b: Dondozo|88\/100\n|\n|-heal|p2b: Dondozo|94\/100|[from] item: Leftovers\n|-damage|p1b: Moltres|64\/100 psn|[from] psn\n|upkeep\n|turn|4\n|\n|t:|1736699227\n|switch|p1b: Chien-Pao|Chien-Pao, L50|100\/100\n|-ability|p1b: Chien-Pao|Sword of Ruin\n|move|p1a: Zamazenta|Body Press|p2b: Dondozo\n|-damage|p2b: Dondozo|78\/100\n|move|p2b: Dondozo|Order Up|p1a: Zamazenta\n|-supereffective|p1a: Zamazenta\n|-damage|p1a: Zamazenta|20\/100\n|-boost|p2b: Dondozo|atk|1\n|\n|-heal|p2b: Dondozo|84\/100|[from] item: Leftovers\n|upkeep\n|turn|5\n|inactive|RustyChair13 has 30 seconds left.\n|inactive|RustyChair13 has 20 seconds left.\n|\n|t:|1736699263\n|move|p1a: Zamazenta|Protect|p1a: Zamazenta\n|-singleturn|p1a: Zamazenta|Protect\n|move|p1b: Chien-Pao|Sacred Sword|p2b: Dondozo\n|-crit|p2b: Dondozo\n|-damage|p2b: Dondozo|50\/100\n|move|p2b: Dondozo|Earthquake|p1a: Zamazenta|[spread] p1b\n|-miss|p2b: Dondozo|p2a: Tatsugiri\n|-activate|p1a: Zamazenta|move: Protect\n|-damage|p1b: Chien-Pao|39\/100\n|\n|-heal|p2b: Dondozo|57\/100|[from] item: Leftovers\n|upkeep\n|turn|6\n|\n|t:|1736699271\n|move|p1b: Chien-Pao|Sacred Sword|p2b: Dondozo\n|-damage|p2b: Dondozo|34\/100\n|move|p1a: Zamazenta|Body Press|p2b: Dondozo\n|-damage|p2b: Dondozo|16\/100\n|move|p2b: Dondozo|Earthquake|p1b: Chien-Pao|[spread] p1a,p1b\n|-miss|p2b: Dondozo|p2a: Tatsugiri\n|-damage|p1a: Zamazenta|0 fnt\n|-damage|p1b: Chien-Pao|0 fnt\n|faint|p1a: Zamazenta\n|faint|p1b: Chien-Pao\n|\n|-heal|p2b: Dondozo|22\/100|[from] item: Leftovers\n|upkeep\n|\n|t:|1736699278\n|switch|p1b: Rillaboom|Rillaboom, L50, M, shiny|100\/100\n|switch|p1a: Moltres|Moltres-Galar, L50, shiny|64\/100 psn\n|-fieldstart|move: Grassy Terrain|[from] ability: Grassy Surge|[of] p1b: Rillaboom\n|turn|7\n|\n|t:|1736699284\n|move|p2b: Dondozo|Protect|p2b: Dondozo\n|-singleturn|p2b: Dondozo|Protect\n|move|p1b: Rillaboom|Wood Hammer|p2b: Dondozo\n|-activate|p2b: Dondozo|move: Protect\n|move|p1a: Moltres|Fiery Wrath|p2b: Dondozo|[spread] \n|-miss|p1a: Moltres|p2a: Tatsugiri\n|-activate|p2b: Dondozo|move: Protect\n|\n|-heal|p2b: Dondozo|28\/100|[from] Grassy Terrain\n|-heal|p2b: Dondozo|34\/100|[from] item: Leftovers\n|-damage|p1a: Moltres|52\/100 psn|[from] psn\n|upkeep\n|turn|8\n|\n|t:|1736699289\n|-terastallize|p2b: Dondozo|Grass\n|move|p2b: Dondozo|Wave Crash|p1a: Moltres\n|-damage|p1a: Moltres|0 fnt\n|faint|p1a: Moltres\n|-damage|p2b: Dondozo|20\/100|[from] Recoil\n|move|p1b: Rillaboom|Wood Hammer|p2b: Dondozo\n|-resisted|p2b: Dondozo\n|-damage|p2b: Dondozo|1\/100\n|-damage|p1b: Rillaboom|93\/100|[from] Recoil\n|\n|-heal|p2b: Dondozo|8\/100|[from] Grassy Terrain\n|-heal|p2b: Dondozo|14\/100|[from] item: Leftovers\n|-heal|p1b: Rillaboom|99\/100|[from] Grassy Terrain\n|upkeep\n|turn|9\n|-message|RustyChair13 forfeited.\n|\n|win|Pauliet123\n|raw|RustyChair13's rating: 1559 &rarr; <strong>1538<\/strong><br \/>(-21 for losing)\n|raw|Pauliet123's rating: 1539 &rarr; <strong>1560<\/strong><br \/>(+21 for winning)\n|l|\u2606RustyChair13\n|player|p1|\n|l|\u2606Pauliet123\n|player|p2|\n","uploadtime":1736699470,"views":63,"formatid":"gen9vgc2025regg","rating":1538,"private":0,"password":null}