{"id":"gen9vgc2025regg-2279416923","format":"[Gen 9] VGC 2025 Reg G","players":["dtukgcjcg","FunkyPengu1n"],"log":"|j|\u2606dtukgcjcg\n|j|\u203dFunkyPengu1n\n|t:|1736645235\n|gametype|doubles\n|player|p1|dtukgcjcg|169|1571\n|player|p2|FunkyPengu1n|1|1511\n|teamsize|p1|6\n|teamsize|p2|6\n|gen|9\n|tier|[Gen 9] VGC 2025 Reg G\n|rated|\n|rule|Species Clause: Limit one of each Pok\u00e9mon\n|rule|Item Clause: Limit 1 of each item\n|clearpoke\n|poke|p1|Whimsicott, L50, F|\n|poke|p1|Miraidon, L50|\n|poke|p1|Farigiraf, L50, M|\n|poke|p1|Iron Hands, L50|\n|poke|p1|Ogerpon-Hearthflame, L50, F|\n|poke|p1|Urshifu-*, L50, F|\n|poke|p2|Zamazenta-*, L50|\n|poke|p2|Chien-Pao, L50|\n|poke|p2|Urshifu-*, L50, M|\n|poke|p2|Tornadus, L50, M|\n|poke|p2|Landorus, L50, M|\n|poke|p2|Raging Bolt, L50|\n|teampreview|4\n|inactive|Battle timer is ON: inactive players will automatically lose when time's up. (requested by dtukgcjcg)\n|inactive|dtukgcjcg has 60 seconds left.\n|\n|t:|1736645270\n|start\n|switch|p1a: Miraidon|Miraidon, L50|100\/100\n|switch|p1b: Farigiraf|Farigiraf, L50, M|100\/100\n|switch|p2a: Chien-Pao|Chien-Pao, L50|100\/100\n|switch|p2b: Zamazenta|Zamazenta-Crowned, L50|100\/100\n|-ability|p2a: Chien-Pao|Sword of Ruin\n|-fieldstart|move: Electric Terrain|[from] ability: Hadron Engine|[of] p1a: Miraidon\n|-enditem|p1b: Farigiraf|Electric Seed\n|-boost|p1b: Farigiraf|def|1|[from] item: Electric Seed\n|-ability|p2b: Zamazenta|Dauntless Shield|boost\n|-boost|p2b: Zamazenta|def|1\n|turn|1\n|inactive|FunkyPengu1n has 30 seconds left.\n|inactive|FunkyPengu1n has 20 seconds left.\n|\n|t:|1736645306\n|move|p2a: Chien-Pao|Icicle Crash|p1a: Miraidon\n|-supereffective|p1a: Miraidon\n|-damage|p1a: Miraidon|0 fnt\n|faint|p1a: Miraidon\n|move|p2b: Zamazenta|Body Press|p1b: Farigiraf\n|-damage|p1b: Farigiraf|50\/100\n|move|p1b: Farigiraf|Trick Room|p1b: Farigiraf\n|-fieldstart|move: Trick Room|[of] p1b: Farigiraf\n|\n|upkeep\n|\n|t:|1736645319\n|switch|p1a: Iron Hands|Iron Hands, L50|100\/100\n|-activate|p1a: Iron Hands|ability: Quark Drive\n|-start|p1a: Iron Hands|quarkdriveatk\n|turn|2\n|\n|t:|1736645341\n|-terastallize|p2b: Zamazenta|Grass\n|move|p1b: Farigiraf|Helping Hand|p1a: Iron Hands\n|-singleturn|p1a: Iron Hands|Helping Hand|[of] p1b: Farigiraf\n|move|p2a: Chien-Pao|Protect|p2a: Chien-Pao\n|-singleturn|p2a: Chien-Pao|Protect\n|move|p1a: Iron Hands|Low Kick|p2b: Zamazenta\n|-damage|p2b: Zamazenta|34\/100\n|move|p2b: Zamazenta|Body Press|p1b: Farigiraf\n|-damage|p1b: Farigiraf|8\/100\n|\n|upkeep\n|turn|3\n|inactive|dtukgcjcg has 30 seconds left.\n|inactive|dtukgcjcg has 20 seconds left.\n|inactive|dtukgcjcg has 15 seconds left.\n|inactive|FunkyPengu1n has 30 seconds left.\n|inactive|dtukgcjcg has 10 seconds left.\n|\n|t:|1736645389\n|switch|p2a: Landorus|Landorus, L50, M|100\/100\n|move|p2b: Zamazenta|Protect|p2b: Zamazenta\n|-singleturn|p2b: Zamazenta|Protect\n|move|p1a: Iron Hands|Drain Punch|p2a: Landorus\n|-resisted|p2a: Landorus\n|-damage|p2a: Landorus|68\/100\n|move|p1b: Farigiraf|Foul Play|p2a: Landorus\n|-damage|p2a: Landorus|41\/100\n|\n|upkeep\n|turn|4\n|inactive|dtukgcjcg has 30 seconds left.\n|inactive|dtukgcjcg has 20 seconds left.\n|\n|t:|1736645424\n|switch|p2a: Raging Bolt|Raging Bolt, L50|100\/100\n|-enditem|p2a: Raging Bolt|Booster Energy\n|-activate|p2a: Raging Bolt|ability: Protosynthesis|[fromitem]\n|-start|p2a: Raging Bolt|protosynthesisspa\n|move|p1a: Iron Hands|Low Kick|p2a: Raging Bolt\n|-damage|p2a: Raging Bolt|28\/100\n|move|p1b: Farigiraf|Psychic Noise|p2a: Raging Bolt\n|-damage|p2a: Raging Bolt|4\/100\n|-start|p2a: Raging Bolt|move: Heal Block\n|move|p2b: Zamazenta|Body Press|p1b: Farigiraf\n|-crit|p1b: Farigiraf\n|-damage|p1b: Farigiraf|0 fnt\n|faint|p1b: Farigiraf\n|\n|upkeep\n|\n|t:|1736645437\n|switch|p1b: Urshifu|Urshifu, L50, F|100\/100\n|turn|5\n|\n|t:|1736645450\n|move|p1b: Urshifu|Protect|p1b: Urshifu\n|-singleturn|p1b: Urshifu|Protect\n|move|p2a: Raging Bolt|Thunderclap||[still]\n|-fail|p2a: Raging Bolt\n|move|p1a: Iron Hands|Drain Punch|p2a: Raging Bolt\n|-damage|p2a: Raging Bolt|0 fnt\n|faint|p2a: Raging Bolt\n|-end|p2a: Raging Bolt|Protosynthesis|[silent]\n|move|p2b: Zamazenta|Body Press|p1b: Urshifu\n|-activate|p1b: Urshifu|move: Protect\n|\n|-fieldend|move: Trick Room\n|-fieldend|move: Electric Terrain\n|-end|p1a: Iron Hands|Quark Drive\n|upkeep\n|\n|t:|1736645458\n|switch|p2a: Chien-Pao|Chien-Pao, L50|100\/100\n|-ability|p2a: Chien-Pao|Sword of Ruin\n|turn|6\n|\n|t:|1736645467\n|move|p1b: Urshifu|Sucker Punch|p2a: Chien-Pao\n|-resisted|p2a: Chien-Pao\n|-damage|p2a: Chien-Pao|73\/100\n|move|p2a: Chien-Pao|Icicle Crash|p1b: Urshifu\n|-damage|p1b: Urshifu|48\/100\n|move|p2b: Zamazenta|Body Press|p1b: Urshifu\n|-supereffective|p1b: Urshifu\n|-damage|p1b: Urshifu|0 fnt\n|faint|p1b: Urshifu\n|move|p1a: Iron Hands|Drain Punch|p2a: Chien-Pao\n|-supereffective|p2a: Chien-Pao\n|-damage|p2a: Chien-Pao|0 fnt\n|faint|p2a: Chien-Pao\n|\n|upkeep\n|\n|t:|1736645479\n|switch|p2a: Landorus|Landorus, L50, M|41\/100\n|turn|7\n|\n|t:|1736645484\n|-terastallize|p1a: Iron Hands|Bug\n|move|p2a: Landorus|Earth Power|p1a: Iron Hands\n|-resisted|p1a: Iron Hands\n|-crit|p1a: Iron Hands\n|-damage|p1a: Iron Hands|76\/100\n|move|p2b: Zamazenta|Body Press|p1a: Iron Hands\n|-resisted|p1a: Iron Hands\n|-damage|p1a: Iron Hands|54\/100\n|move|p1a: Iron Hands|Low Kick|p2b: Zamazenta\n|-damage|p2b: Zamazenta|9\/100\n|\n|upkeep\n|turn|8\n|\n|t:|1736645505\n|move|p2a: Landorus|Earth Power|p1a: Iron Hands\n|-resisted|p1a: Iron Hands\n|-damage|p1a: Iron Hands|38\/100\n|move|p2b: Zamazenta|Body Press|p1a: Iron Hands\n|-resisted|p1a: Iron Hands\n|-damage|p1a: Iron Hands|15\/100\n|move|p1a: Iron Hands|Drain Punch|p2b: Zamazenta\n|-damage|p2b: Zamazenta|0 fnt\n|-heal|p1a: Iron Hands|18\/100|[from] drain|[of] p2b: Zamazenta\n|faint|p2b: Zamazenta\n|\n|upkeep\n|turn|9\n|inactive|dtukgcjcg has 30 seconds left.\n|\n|t:|1736645535\n|move|p2a: Landorus|Earth Power|p1a: Iron Hands\n|-resisted|p1a: Iron Hands\n|-damage|p1a: Iron Hands|1\/100\n|move|p1a: Iron Hands|Low Kick|p2a: Landorus\n|-resisted|p2a: Landorus\n|-damage|p2a: Landorus|11\/100\n|\n|upkeep\n|turn|10\n|\n|t:|1736645541\n|move|p2a: Landorus|Earth Power|p1a: Iron Hands\n|-resisted|p1a: Iron Hands\n|-damage|p1a: Iron Hands|0 fnt\n|faint|p1a: Iron Hands\n|-end|p1a: Iron Hands|Quark Drive|[silent]\n|\n|win|FunkyPengu1n\n|raw|dtukgcjcg's rating: 1571 &rarr; <strong>1548<\/strong><br \/>(-23 for losing)\n|raw|FunkyPengu1n's rating: 1511 &rarr; <strong>1534<\/strong><br \/>(+23 for winning)\n|l|\u2606dtukgcjcg\n|player|p1|\n|l|\u203dFunkyPengu1n\n|player|p2|\n","uploadtime":1736645685,"views":110,"formatid":"gen9vgc2025regg","rating":1534,"private":0,"password":null}