{"id":"gen9vgc2025regg-2279889097","format":"[Gen 9] VGC 2025 Reg G","players":["Iamsliverfish","Emirnent"],"log":"|j|\u2606Iamsliverfish\n|j|\u2606Emirnent\n|t:|1736719109\n|gametype|doubles\n|player|p1|Iamsliverfish|hiker-gen4|1651\n|player|p2|Emirnent|266|1551\n|teamsize|p1|6\n|teamsize|p2|6\n|gen|9\n|tier|[Gen 9] VGC 2025 Reg G\n|rated|\n|rule|Species Clause: Limit one of each Pok\u00e9mon\n|rule|Item Clause: Limit 1 of each item\n|clearpoke\n|poke|p1|Calyrex-Shadow, L50|\n|poke|p1|Ursaluna, L50, F|\n|poke|p1|Indeedee-F, L50, F|\n|poke|p1|Ogerpon-Wellspring, L50, F|\n|poke|p1|Tornadus, L50, M|\n|poke|p1|Chi-Yu, L50|\n|poke|p2|Articuno, L50|\n|poke|p2|Ninetales-Alola, L50, F|\n|poke|p2|Kyogre, L50|\n|poke|p2|Landorus, L50, M|\n|poke|p2|Tornadus, L50, M|\n|poke|p2|Ogerpon-Wellspring, L50, F|\n|teampreview|4\n|inactive|Battle timer is ON: inactive players will automatically lose when time's up. (requested by Emirnent)\n|j| flatziswashed \u269d\u5f61\n|j| Golett Kombucha\n|inactive|Emirnent has 60 seconds left.\n|\n|t:|1736719170\n|start\n|switch|p1a: Tornadus|Tornadus, L50, M|100\/100\n|switch|p1b: Ogerpon|Ogerpon-Wellspring, L50, F|100\/100\n|switch|p2a: Kyogre|Kyogre, L50|100\/100\n|switch|p2b: Tornadus|Tornadus, L50, M|100\/100\n|-weather|RainDance|[from] ability: Drizzle|[of] p2a: Kyogre\n|turn|1\n|j| fasboom\n|inactive|Emirnent has 30 seconds left.\n|inactive|Emirnent has 20 seconds left.\n|\n|t:|1736719207\n|switch|p2a: Ninetales|Ninetales-Alola, L50, F|100\/100\n|-weather|Snow|[from] ability: Snow Warning|[of] p2a: Ninetales\n|move|p1a: Tornadus|Tailwind|p1a: Tornadus\n|-sidestart|p1: Iamsliverfish|move: Tailwind\n|move|p1b: Ogerpon|Horn Leech|p2a: Ninetales\n|-damage|p2a: Ninetales|61\/100\n|move|p2b: Tornadus|Bleakwind Storm|p1a: Tornadus|[spread] p1a,p1b\n|-supereffective|p1b: Ogerpon\n|-damage|p1a: Tornadus|56\/100\n|-damage|p1b: Ogerpon|27\/100\n|-unboost|p1a: Tornadus|spe|1\n|\n|-weather|Snow|[upkeep]\n|upkeep\n|turn|2\n|\n|t:|1736719225\n|switch|p1b: Calyrex|Calyrex-Shadow, L50|100\/100\n|-ability|p1b: Calyrex|As One\n|-ability|p1b: Calyrex|Unnerve\n|move|p1a: Tornadus|Rain Dance|p1a: Tornadus\n|-weather|RainDance\n|move|p2b: Tornadus|Tailwind|p2b: Tornadus\n|-sidestart|p2: Emirnent|move: Tailwind\n|move|p2a: Ninetales|Blizzard|p1b: Calyrex|[spread] p1b\n|-miss|p2a: Ninetales|p1a: Tornadus\n|-damage|p1b: Calyrex|73\/100\n|\n|-weather|RainDance|[upkeep]\n|upkeep\n|turn|3\n|inactive|Emirnent has 30 seconds left.\n|\n|t:|1736719251\n|-terastallize|p2a: Ninetales|Dark\n|move|p1b: Calyrex|Astral Barrage|p2b: Tornadus|[spread] p2a,p2b\n|-resisted|p2a: Ninetales\n|-damage|p2a: Ninetales|27\/100\n|-damage|p2b: Tornadus|2\/100\n|-damage|p1b: Calyrex|63\/100|[from] item: Life Orb\n|move|p2b: Tornadus|Bleakwind Storm|p1b: Calyrex|[spread] p1a,p1b\n|-damage|p1a: Tornadus|8\/100\n|-damage|p1b: Calyrex|22\/100\n|-unboost|p1a: Tornadus|spe|1\n|move|p2a: Ninetales|Blizzard|p1a: Tornadus|[spread] p1a,p1b\n|-supereffective|p1a: Tornadus\n|-damage|p1a: Tornadus|0 fnt\n|-damage|p1b: Calyrex|0 fnt\n|faint|p1a: Tornadus\n|faint|p1b: Calyrex\n|\n|-weather|RainDance|[upkeep]\n|upkeep\n|\n|t:|1736719262\n|switch|p1b: Ogerpon|Ogerpon-Wellspring, L50, F|27\/100\n|switch|p1a: Indeedee|Indeedee-F, L50, F|100\/100\n|-fieldstart|move: Psychic Terrain|[from] ability: Psychic Surge|[of] p1a: Indeedee\n|turn|4\n|\n|t:|1736719277\n|move|p1b: Ogerpon|Spiky Shield|p1b: Ogerpon\n|-singleturn|p1b: Ogerpon|move: Protect\n|move|p2b: Tornadus|Snowscape|p2b: Tornadus\n|-weather|Snow\n|move|p2a: Ninetales|Blizzard|p1a: Indeedee|[spread] p1a\n|-activate|p1b: Ogerpon|move: Protect\n|-damage|p1a: Indeedee|78\/100\n|move|p1a: Indeedee|Trick Room|p1a: Indeedee\n|-fieldstart|move: Trick Room|[of] p1a: Indeedee\n|\n|-weather|Snow|[upkeep]\n|-sideend|p1: Iamsliverfish|move: Tailwind\n|upkeep\n|turn|5\n|\n|t:|1736719285\n|move|p2b: Tornadus|Protect|p2b: Tornadus\n|-singleturn|p2b: Tornadus|Protect\n|move|p1a: Indeedee|Alluring Voice|p2a: Ninetales\n|-supereffective|p2a: Ninetales\n|-damage|p2a: Ninetales|0 fnt\n|faint|p2a: Ninetales\n|move|p1b: Ogerpon|Horn Leech|p2b: Tornadus\n|-activate|p2b: Tornadus|move: Protect\n|\n|-weather|Snow|[upkeep]\n|-sideend|p2: Emirnent|move: Tailwind\n|upkeep\n|\n|t:|1736719287\n|switch|p2a: Articuno|Articuno, L50|100\/100\n|turn|6\n|\n|t:|1736719298\n|move|p1b: Ogerpon|Spiky Shield|p1b: Ogerpon\n|-singleturn|p1b: Ogerpon|move: Protect\n|move|p1a: Indeedee|Alluring Voice|p2b: Tornadus\n|-damage|p2b: Tornadus|0 fnt\n|faint|p2b: Tornadus\n|move|p2a: Articuno|Blizzard|p1b: Ogerpon|[spread] p1a\n|-activate|p1b: Ogerpon|move: Protect\n|-damage|p1a: Indeedee|23\/100\n|-status|p1a: Indeedee|frz\n|\n|-weather|Snow|[upkeep]\n|upkeep\n|\n|t:|1736719301\n|switch|p2b: Kyogre|Kyogre, L50|100\/100\n|-weather|RainDance|[from] ability: Drizzle|[of] p2b: Kyogre\n|turn|7\n|\n|t:|1736719311\n|-curestatus|p1a: Indeedee|frz|[msg]\n|move|p1a: Indeedee|Alluring Voice|p2a: Articuno\n|-damage|p2a: Articuno|85\/100\n|move|p2a: Articuno|Blizzard|p1b: Ogerpon|[spread] p1a\n|-miss|p2a: Articuno|p1b: Ogerpon\n|-crit|p1a: Indeedee\n|-damage|p1a: Indeedee|0 fnt\n|faint|p1a: Indeedee\n|move|p2b: Kyogre|Thunder|p1b: Ogerpon\n|-damage|p1b: Ogerpon|0 fnt\n|faint|p1b: Ogerpon\n|\n|win|Emirnent\n|raw|Iamsliverfish's rating: 1651 &rarr; <strong>1625<\/strong><br \/>(-26 for losing)\n|raw|Emirnent's rating: 1551 &rarr; <strong>1577<\/strong><br \/>(+26 for winning)\n|l|\u2606Iamsliverfish\n|player|p1|\n|l|\u2606Emirnent\n|player|p2|\n|l| fasboom\n","uploadtime":1736719522,"views":41,"formatid":"gen9vgc2025regg","rating":1577,"private":0,"password":null}