{"id":"gen9vgc2025regg-2279499921","format":"[Gen 9] VGC 2025 Reg G","players":["Dragonite1016","Shun.c"],"log":"|j|\u2606Dragonite1016\n|j|\u2606Shun.c\n|t:|1736657328\n|gametype|doubles\n|player|p1|Dragonite1016|red|1572\n|player|p2|Shun.c|265|1576\n|teamsize|p1|6\n|teamsize|p2|6\n|gen|9\n|tier|[Gen 9] VGC 2025 Reg G\n|rated|\n|rule|Species Clause: Limit one of each Pok\u00e9mon\n|rule|Item Clause: Limit 1 of each item\n|clearpoke\n|poke|p1|Zamazenta-*, L50|\n|poke|p1|Whimsicott, L50, F|\n|poke|p1|Chien-Pao, L50|\n|poke|p1|Urshifu-*, L50, M|\n|poke|p1|Raging Bolt, L50|\n|poke|p1|Dragonite, L50, F|\n|poke|p2|Raging Bolt, L50|\n|poke|p2|Urshifu-*, L50, F|\n|poke|p2|Rillaboom, L50, M|\n|poke|p2|Ogerpon-Hearthflame, L50, F|\n|poke|p2|Calyrex-Shadow, L50|\n|poke|p2|Incineroar, L50, F|\n|teampreview|4\n|inactive|Battle timer is ON: inactive players will automatically lose when time's up. (requested by Shun.c)\n|\n|t:|1736657403\n|start\n|switch|p1a: Raging Bolt|Raging Bolt, L50|100\/100\n|switch|p1b: Dragonite|Dragonite, L50, F|100\/100\n|switch|p2a: Ogerpon|Ogerpon-Hearthflame, L50, F|100\/100\n|switch|p2b: Incineroar|Incineroar, L50, F|100\/100\n|-ability|p2a: Ogerpon|Mold Breaker\n|-ability|p2b: Incineroar|Intimidate|boost\n|-unboost|p1a: Raging Bolt|atk|1\n|-fail|p1b: Dragonite|unboost|Attack|[from] ability: Inner Focus|[of] p1b: Dragonite\n|turn|1\n|j| Pika Satoshi\n|inactive|Dragonite1016 has 30 seconds left.\n|inactive|Shun.c has 30 seconds left.\n|l| Pika Satoshi\n|inactive|Shun.c has 20 seconds left.\n|inactive|Shun.c has 15 seconds left.\n|inactive|Shun.c has 10 seconds left.\n|\n|t:|1736657451\n|move|p2a: Ogerpon|Spiky Shield|p2a: Ogerpon\n|-singleturn|p2a: Ogerpon|move: Protect\n|move|p1b: Dragonite|Extreme Speed|p2b: Incineroar\n|-damage|p2b: Incineroar|63\/100\n|-damage|p1b: Dragonite|84\/100|[from] item: Rocky Helmet|[of] p2b: Incineroar\n|move|p1a: Raging Bolt|Draco Meteor|p2b: Incineroar|[miss]\n|-miss|p1a: Raging Bolt|p2b: Incineroar\n|move|p2b: Incineroar|Parting Shot|p1a: Raging Bolt\n|-unboost|p1a: Raging Bolt|atk|1\n|-unboost|p1a: Raging Bolt|spa|1\n|\n|t:|1736657465\n|switch|p2b: Calyrex|Calyrex-Shadow, L50|100\/100|[from] Parting Shot\n|-ability|p2b: Calyrex|As One\n|-ability|p2b: Calyrex|Unnerve\n|\n|upkeep\n|turn|2\n|inactive|Shun.c has 30 seconds left.\n|\n|t:|1736657491\n|-terastallize|p2a: Ogerpon|Fire\n|detailschange|p2a: Ogerpon|Ogerpon-Hearthflame-Tera, L50, F, tera:Fire\n|-ability|p2a: Ogerpon|Embody Aspect (Hearthflame)|boost\n|-boost|p2a: Ogerpon|atk|1\n|-terastallize|p1b: Dragonite|Normal\n|move|p1b: Dragonite|Extreme Speed|p2a: Ogerpon\n|-damage|p2a: Ogerpon|26\/100\n|move|p2b: Calyrex|Nasty Plot|p2b: Calyrex\n|-boost|p2b: Calyrex|spa|2\n|move|p2a: Ogerpon|Play Rough|p1a: Raging Bolt\n|-supereffective|p1a: Raging Bolt\n|-damage|p1a: Raging Bolt|20\/100\n|move|p1a: Raging Bolt|Snarl|p2a: Ogerpon|[spread] p2a,p2b\n|-supereffective|p2b: Calyrex\n|-damage|p2a: Ogerpon|16\/100\n|-damage|p2b: Calyrex|65\/100\n|-unboost|p2a: Ogerpon|spa|1\n|-unboost|p2b: Calyrex|spa|1\n|\n|upkeep\n|turn|3\n|j| sam smithy\n|l| sam smithy\n|inactive|Dragonite1016 has 30 seconds left.\n|inactive|Shun.c has 30 seconds left.\n|inactive|Dragonite1016 has 20 seconds left.\n|inactive|Dragonite1016 has 15 seconds left.\n|\n|t:|1736657535\n|switch|p2a: Incineroar|Incineroar, L50, F|63\/100\n|-ability|p2a: Incineroar|Intimidate|boost\n|-unboost|p1a: Raging Bolt|atk|1\n|-fail|p1b: Dragonite|unboost|Attack|[from] ability: Inner Focus|[of] p1b: Dragonite\n|switch|p1b: Chien-Pao|Chien-Pao, L50|100\/100\n|-ability|p1b: Chien-Pao|Sword of Ruin\n|move|p2b: Calyrex|Psychic|p1a: Raging Bolt\n|-damage|p1a: Raging Bolt|0 fnt\n|faint|p1a: Raging Bolt\n|-end|p1a: Raging Bolt|Protosynthesis|[silent]\n|-ability|p2b: Calyrex|Grim Neigh|boost\n|-boost|p2b: Calyrex|spa|1\n|-damage|p2b: Calyrex|55\/100|[from] item: Life Orb\n|\n|upkeep\n|\n|t:|1736657555\n|switch|p1a: Zamazenta|Zamazenta-Crowned, L50|100\/100\n|-ability|p1a: Zamazenta|Dauntless Shield|boost\n|-boost|p1a: Zamazenta|def|1\n|turn|4\n|inactive|Dragonite1016 has 30 seconds left.\n|inactive|Dragonite1016 has 20 seconds left.\n|inactive|Dragonite1016 has 15 seconds left.\n|\n|t:|1736657595\n|move|p1b: Chien-Pao|Protect|p1b: Chien-Pao\n|-singleturn|p1b: Chien-Pao|Protect\n|move|p1a: Zamazenta|Protect|p1a: Zamazenta\n|-singleturn|p1a: Zamazenta|Protect\n|move|p2a: Incineroar|Fake Out|p1b: Chien-Pao\n|-activate|p1b: Chien-Pao|move: Protect\n|move|p2b: Calyrex|Astral Barrage|p1b: Chien-Pao|[spread] \n|-activate|p1a: Zamazenta|move: Protect\n|-activate|p1b: Chien-Pao|move: Protect\n|\n|upkeep\n|turn|5\n|c|\u2606Shun.c|Nice play\n|inactive|Shun.c has 30 seconds left.\n|j| sam smithy\n|l| sam smithy\n|inactive|Shun.c has 20 seconds left.\n|inactive|Shun.c has 15 seconds left.\n|j| wolfeyandino\n|inactive|Shun.c has 10 seconds left.\n|inactive|Shun.c has 5 seconds left.\n|\n|t:|1736657647\n|move|p2a: Incineroar|Helping Hand|p2b: Calyrex\n|-singleturn|p2b: Calyrex|Helping Hand|[of] p2a: Incineroar\n|move|p1b: Chien-Pao|Sucker Punch|p2b: Calyrex\n|-supereffective|p2b: Calyrex\n|-damage|p2b: Calyrex|0 fnt\n|faint|p2b: Calyrex\n|move|p1a: Zamazenta|Body Press|p2a: Incineroar\n|-supereffective|p2a: Incineroar\n|-damage|p2a: Incineroar|0 fnt\n|-damage|p1a: Zamazenta|84\/100|[from] item: Rocky Helmet|[of] p2a: Incineroar\n|faint|p2a: Incineroar\n|\n|upkeep\n|\n|t:|1736657653\n|switch|p2b: Urshifu|Urshifu-Rapid-Strike, L50, F|100\/100\n|switch|p2a: Ogerpon|Ogerpon-Hearthflame-Tera, L50, F, tera:Fire|16\/100\n|-ability|p2a: Ogerpon|Embody Aspect (Hearthflame)|boost\n|-boost|p2a: Ogerpon|atk|1\n|turn|6\n|inactive|Dragonite1016 has 30 seconds left.\n|\n|t:|1736657681\n|move|p1b: Chien-Pao|Ice Shard|p2a: Ogerpon\n|-resisted|p2a: Ogerpon\n|-damage|p2a: Ogerpon|3\/100\n|move|p1a: Zamazenta|Body Press|p2b: Urshifu\n|-damage|p2b: Urshifu|7\/100\n|move|p2a: Ogerpon|Ivy Cudgel|p1a: Zamazenta|[anim] Ivy Cudgel Fire\n|-supereffective|p1a: Zamazenta\n|-crit|p1a: Zamazenta\n|-damage|p1a: Zamazenta|0 fnt\n|faint|p1a: Zamazenta\n|move|p2b: Urshifu|Surging Strikes|p1b: Chien-Pao\n|-crit|p1b: Chien-Pao\n|-damage|p1b: Chien-Pao|69\/100\n|-crit|p1b: Chien-Pao\n|-damage|p1b: Chien-Pao|40\/100\n|-crit|p1b: Chien-Pao\n|-damage|p1b: Chien-Pao|9\/100\n|-hitcount|p1b: Chien-Pao|3\n|\n|upkeep\n|\n|t:|1736657684\n|switch|p1a: Dragonite|Dragonite, L50, F, tera:Normal|84\/100\n|turn|7\n|inactive|Shun.c has 30 seconds left.\n|inactive|Shun.c has 20 seconds left.\n|inactive|Shun.c has 15 seconds left.\n|inactive|Shun.c has 10 seconds left.\n|\n|t:|1736657730\n|move|p2a: Ogerpon|Spiky Shield|p2a: Ogerpon\n|-singleturn|p2a: Ogerpon|move: Protect\n|move|p1a: Dragonite|Extreme Speed|p2b: Urshifu\n|-damage|p2b: Urshifu|0 fnt\n|faint|p2b: Urshifu\n|move|p1b: Chien-Pao|Ice Shard|p2a: Ogerpon\n|-activate|p2a: Ogerpon|move: Protect\n|\n|upkeep\n|turn|8\n|\n|t:|1736657738\n|move|p1a: Dragonite|Extreme Speed|p2a: Ogerpon\n|-damage|p2a: Ogerpon|0 fnt\n|faint|p2a: Ogerpon\n|\n|win|Dragonite1016\n|raw|Dragonite1016's rating: 1572 &rarr; <strong>1592<\/strong><br \/>(+20 for winning)\n|raw|Shun.c's rating: 1576 &rarr; <strong>1556<\/strong><br \/>(-20 for losing)\n|l|\u2606Dragonite1016\n|player|p1|\n","uploadtime":1736657741,"views":102,"formatid":"gen9vgc2025regg","rating":1556,"private":0,"password":null}