{"id":"gen9vgc2025regg-2279616547","format":"[Gen 9] VGC 2025 Reg G","players":["Giestgreninja","something123"],"log":"|j|\u2606Giestgreninja\n|j|\u2606something123\n|t:|1736681390\n|gametype|doubles\n|player|p1|Giestgreninja|266|1546\n|player|p2|something123|169|1586\n|teamsize|p1|6\n|teamsize|p2|6\n|gen|9\n|tier|[Gen 9] VGC 2025 Reg G\n|rated|\n|rule|Species Clause: Limit one of each Pok\u00e9mon\n|rule|Item Clause: Limit 1 of each item\n|clearpoke\n|poke|p1|Calyrex-Shadow, L50|\n|poke|p1|Dondozo, L50, M|\n|poke|p1|Chien-Pao, L50|\n|poke|p1|Dragonite, L50, F|\n|poke|p1|Chi-Yu, L50|\n|poke|p1|Tatsugiri, L50, M|\n|poke|p2|Miraidon, L50|\n|poke|p2|Whimsicott, L50, F|\n|poke|p2|Dondozo, L50, M|\n|poke|p2|Tatsugiri, L50, F|\n|poke|p2|Ditto, L50|\n|poke|p2|Iron Moth, L50|\n|teampreview|4\n|\n|t:|1736681429\n|start\n|switch|p1a: Dragonite|Dragonite, L50, F|100\/100\n|switch|p1b: Chien-Pao|Chien-Pao, L50|100\/100\n|switch|p2a: Whimsicott|Whimsicott, L50, F|100\/100\n|switch|p2b: Miraidon|Miraidon, L50|100\/100\n|-fieldstart|move: Electric Terrain|[from] ability: Hadron Engine|[of] p2b: Miraidon\n|-ability|p1b: Chien-Pao|Sword of Ruin\n|turn|1\n|inactive|Battle timer is ON: inactive players will automatically lose when time's up. (requested by something123)\n|inactive|Giestgreninja has 60 seconds left.\n|j| Yukina VGC\n|\n|t:|1736681509\n|-terastallize|p1a: Dragonite|Normal\n|move|p2b: Miraidon|Protect|p2b: Miraidon\n|-singleturn|p2b: Miraidon|Protect\n|move|p1a: Dragonite|Extreme Speed|p2b: Miraidon\n|-activate|p2b: Miraidon|move: Protect\n|move|p1b: Chien-Pao|Sucker Punch||[still]\n|-fail|p1b: Chien-Pao\n|move|p2a: Whimsicott|Moonblast|p1b: Chien-Pao\n|-supereffective|p1b: Chien-Pao\n|-enditem|p1b: Chien-Pao|Focus Sash\n|-damage|p1b: Chien-Pao|1\/100\n|-unboost|p1b: Chien-Pao|spa|1\n|\n|upkeep\n|turn|2\n|inactive|something123 has 30 seconds left.\n|inactive|something123 has 20 seconds left.\n|inactive|something123 has 15 seconds left.\n|inactive|something123 has 10 seconds left.\n|\n|t:|1736681557\n|switch|p2b: Ditto|Ditto, L50|100\/100\n|-transform|p2b: Ditto|p1a: Dragonite|[from] ability: Imposter\n|move|p1a: Dragonite|Extreme Speed|p2b: Ditto\n|-damage|p2b: Ditto|0 fnt\n|faint|p2b: Ditto\n|move|p1b: Chien-Pao|Icicle Crash|p2a: Whimsicott\n|-supereffective|p2a: Whimsicott\n|-enditem|p2a: Whimsicott|Focus Sash\n|-damage|p2a: Whimsicott|1\/100\n|move|p2a: Whimsicott|Moonblast|p1b: Chien-Pao\n|-supereffective|p1b: Chien-Pao\n|-damage|p1b: Chien-Pao|0 fnt\n|faint|p1b: Chien-Pao\n|\n|upkeep\n|inactive|Giestgreninja has 30 seconds left.\n|\n|t:|1736681588\n|switch|p1b: Calyrex|Calyrex-Shadow, L50|100\/100\n|switch|p2b: Miraidon|Miraidon, L50|100\/100\n|-ability|p1b: Calyrex|As One\n|-ability|p1b: Calyrex|Unnerve\n|-activate|p2b: Miraidon|ability: Hadron Engine\n|turn|3\n|inactive|Giestgreninja has 30 seconds left.\n|inactive|Giestgreninja has 20 seconds left.\n|inactive|Giestgreninja has 15 seconds left.\n|inactive|Giestgreninja has 10 seconds left.\n|inactive|Giestgreninja has 5 seconds left.\n|\n|t:|1736681639\n|-terastallize|p2a: Whimsicott|Ghost\n|move|p2b: Miraidon|Protect|p2b: Miraidon\n|-singleturn|p2b: Miraidon|Protect\n|move|p1a: Dragonite|Extreme Speed|p2a: Whimsicott\n|-immune|p2a: Whimsicott\n|move|p2a: Whimsicott|Tailwind|p2a: Whimsicott\n|-sidestart|p2: something123|move: Tailwind\n|move|p1b: Calyrex|Astral Barrage|p2b: Miraidon|[spread] p2a\n|-activate|p2b: Miraidon|move: Protect\n|-supereffective|p2a: Whimsicott\n|-damage|p2a: Whimsicott|0 fnt\n|faint|p2a: Whimsicott\n|-ability|p1b: Calyrex|Grim Neigh|boost\n|-boost|p1b: Calyrex|spa|1\n|\n|upkeep\n|\n|t:|1736681644\n|switch|p2a: Iron Moth|Iron Moth, L50|100\/100\n|-activate|p2a: Iron Moth|ability: Quark Drive\n|-start|p2a: Iron Moth|quarkdrivespe\n|turn|4\n|\n|t:|1736681664\n|move|p1a: Dragonite|Extreme Speed|p2a: Iron Moth\n|-damage|p2a: Iron Moth|4\/100\n|move|p2a: Iron Moth|Heat Wave|p1b: Calyrex|[spread] p1a,p1b\n|-damage|p1a: Dragonite|55\/100\n|-damage|p1b: Calyrex|53\/100\n|-damage|p2a: Iron Moth|0 fnt|[from] item: Life Orb\n|faint|p2a: Iron Moth\n|-end|p2a: Iron Moth|Quark Drive|[silent]\n|move|p2b: Miraidon|Electro Drift|p1b: Calyrex\n|-damage|p1b: Calyrex|0 fnt\n|faint|p1b: Calyrex\n|\n|upkeep\n|j| Lavenderawa\n|\n|t:|1736681676\n|switch|p1b: Chi-Yu|Chi-Yu, L50|100\/100\n|-ability|p1b: Chi-Yu|Beads of Ruin\n|turn|5\n|\n|t:|1736681699\n|move|p1a: Dragonite|Extreme Speed|p2b: Miraidon\n|-damage|p2b: Miraidon|31\/100\n|move|p2b: Miraidon|Electro Drift|p1a: Dragonite\n|-damage|p1a: Dragonite|0 fnt\n|faint|p1a: Dragonite\n|move|p1b: Chi-Yu|Overheat|p2b: Miraidon\n|-resisted|p2b: Miraidon\n|-damage|p2b: Miraidon|0 fnt\n|-unboost|p1b: Chi-Yu|spa|2\n|faint|p2b: Miraidon\n|\n|win|Giestgreninja\n|raw|Giestgreninja's rating: 1546 &rarr; <strong>1568<\/strong><br \/>(+22 for winning)\n|raw|something123's rating: 1586 &rarr; <strong>1564<\/strong><br \/>(-22 for losing)\n|l|\u2606Giestgreninja\n|player|p1|\n|l|\u2606something123\n|player|p2|\n|l| Lavenderawa\n|l| Yukina VGC\n","uploadtime":1736681962,"views":22,"formatid":"gen9vgc2025regg","rating":1564,"private":0,"password":null}