{"id":"gen9vgc2025regg-2279491063","format":"[Gen 9] VGC 2025 Reg G","players":["Bad_dragon_beerus","Bayo93"],"log":"|j|\u2606Bad_dragon_beerus\n|j|\u2606Bayo93\n|t:|1736655924\n|gametype|doubles\n|player|p1|Bad_dragon_beerus|266|1533\n|player|p2|Bayo93|266|1562\n|teamsize|p1|6\n|teamsize|p2|6\n|gen|9\n|tier|[Gen 9] VGC 2025 Reg G\n|rated|\n|rule|Species Clause: Limit one of each Pok\u00e9mon\n|rule|Item Clause: Limit 1 of each item\n|clearpoke\n|poke|p1|Dudunsparce-*, L50, M|\n|poke|p1|Gastrodon, L50, F|\n|poke|p1|Flamigo, L50, M|\n|poke|p1|Pikachu, L50, F|\n|poke|p1|Calyrex-Ice, L50|\n|poke|p1|Maushold-Four, L50|\n|poke|p2|Groudon, L50|\n|poke|p2|Chien-Pao, L50|\n|poke|p2|Chi-Yu, L50|\n|poke|p2|Raging Bolt, L50|\n|poke|p2|Dragonite, L50, M|\n|poke|p2|Talonflame, L50, F|\n|teampreview|4\n|inactive|Battle timer is ON: inactive players will automatically lose when time's up. (requested by Bayo93)\n|inactive|Bad_dragon_beerus also wants the timer to be on.\nBad_dragon_beerus rejected open team sheets.\n|c|\u2606Bad_dragon_beerus|Bayo\n|inactive|Bayo93 has 60 seconds left.\n|\n|t:|1736655979\n|start\n|switch|p1a: Dadungsparse|Dudunsparce-Three-Segment, L50, M|100\/100\n|switch|p1b: Elite Four|Maushold-Four, L50|100\/100\n|switch|p2a: Groudon|Groudon, L50|100\/100\n|switch|p2b: Chi-Yu|Chi-Yu, L50|100\/100\n|-ability|p2b: Chi-Yu|Beads of Ruin\n|-weather|SunnyDay|[from] ability: Drought|[of] p2a: Groudon\n|turn|1\n|inactive|Bayo93 has 30 seconds left.\n|\n|t:|1736656004\n|-terastallize|p2b: Chi-Yu|Fire\n|-terastallize|p1a: Dadungsparse|Ghost\n|move|p1b: Elite Four|Beat Up|p1a: Dadungsparse\n|-supereffective|p1a: Dadungsparse\n|-damage|p1a: Dadungsparse|97\/100\n|-ability|p1a: Dadungsparse|Rattled|boost\n|-boost|p1a: Dadungsparse|spe|1\n|-enditem|p1a: Dadungsparse|Weakness Policy\n|-boost|p1a: Dadungsparse|atk|2|[from] item: Weakness Policy\n|-boost|p1a: Dadungsparse|spa|2|[from] item: Weakness Policy\n|-supereffective|p1a: Dadungsparse\n|-damage|p1a: Dadungsparse|95\/100\n|-ability|p1a: Dadungsparse|Rattled|boost\n|-boost|p1a: Dadungsparse|spe|1\n|-supereffective|p1a: Dadungsparse\n|-damage|p1a: Dadungsparse|91\/100\n|-ability|p1a: Dadungsparse|Rattled|boost\n|-boost|p1a: Dadungsparse|spe|1\n|-supereffective|p1a: Dadungsparse\n|-damage|p1a: Dadungsparse|88\/100\n|-ability|p1a: Dadungsparse|Rattled|boost\n|-boost|p1a: Dadungsparse|spe|1\n|-hitcount|p1a: Dadungsparse|4\n|move|p2b: Chi-Yu|Heat Wave|p1a: Dadungsparse|[spread] p1a,p1b\n|-damage|p1a: Dadungsparse|27\/100\n|-damage|p1b: Elite Four|0 fnt\n|faint|p1b: Elite Four\n|move|p1a: Dadungsparse|Amnesia|p1a: Dadungsparse\n|-boost|p1a: Dadungsparse|spd|2\n|move|p2a: Groudon|Precipice Blades|p1a: Dadungsparse\n|-damage|p1a: Dadungsparse|0 fnt\n|faint|p1a: Dadungsparse\n|\n|-weather|SunnyDay|[upkeep]\n|upkeep\n|inactive|Bad_dragon_beerus has 30 seconds left.\n|inactive|Bad_dragon_beerus has 20 seconds left.\n|inactive|Bad_dragon_beerus has 15 seconds left.\n|inactive|Bad_dragon_beerus has 10 seconds left.\n|inactive|Bad_dragon_beerus has 5 seconds left.\n|\n|t:|1736656059\n|switch|p1b: It\u2019s Over 9000|Flamigo, L50, M, shiny|100\/100\n|switch|p1a: Literally Goku|Calyrex-Ice, L50|100\/100\n|-ability|p1a: Literally Goku|As One\n|-ability|p1a: Literally Goku|Unnerve\n|-copyboost|p1b: It\u2019s Over 9000|p1a: Literally Goku|[from] ability: Costar\n|turn|2\n|inactive|Bad_dragon_beerus has 30 seconds left.\n|inactive|Bayo93 has 30 seconds left.\n|inactive|Bad_dragon_beerus has 20 seconds left.\n|inactive|Bayo93 has 20 seconds left.\n|inactive|Bad_dragon_beerus has 15 seconds left.\n|inactive|Bayo93 has 15 seconds left.\n|inactive|Bad_dragon_beerus has 10 seconds left.\n|inactive|Bayo93 has 10 seconds left.\n|inactive|Bad_dragon_beerus has 5 seconds left.\n|\n|t:|1736656114\n|switch|p2b: Chien-Pao|Chien-Pao, L50|100\/100\n|-ability|p2b: Chien-Pao|Sword of Ruin\n|move|p1b: It\u2019s Over 9000|Detect|p1b: It\u2019s Over 9000\n|-singleturn|p1b: It\u2019s Over 9000|Protect\n|move|p2a: Groudon|Double-Edge|p1a: Literally Goku\n|-damage|p1a: Literally Goku|58\/100\n|-damage|p2a: Groudon|85\/100|[from] Recoil\n|move|p1a: Literally Goku|Close Combat|p2a: Groudon\n|-damage|p2a: Groudon|26\/100\n|-unboost|p1a: Literally Goku|def|1\n|-unboost|p1a: Literally Goku|spd|1\n|\n|-weather|SunnyDay|[upkeep]\n|upkeep\n|turn|3\n|inactive|Bad_dragon_beerus has 30 seconds left.\n|inactive|Bayo93 has 30 seconds left.\n|inactive|Bad_dragon_beerus has 20 seconds left.\n|inactive|Bayo93 has 20 seconds left.\n|inactive|Bad_dragon_beerus has 15 seconds left.\n|inactive|Bayo93 has 15 seconds left.\n|inactive|Bad_dragon_beerus has 10 seconds left.\n|inactive|Bad_dragon_beerus has 5 seconds left.\n|\n|t:|1736656169\n|move|p1b: It\u2019s Over 9000|Detect|p1b: It\u2019s Over 9000\n|-singleturn|p1b: It\u2019s Over 9000|Protect\n|move|p2b: Chien-Pao|Ice Spinner|p1b: It\u2019s Over 9000\n|-activate|p1b: It\u2019s Over 9000|move: Protect\n|move|p2a: Groudon|Double-Edge|p1b: It\u2019s Over 9000\n|-activate|p1b: It\u2019s Over 9000|move: Protect\n|move|p1a: Literally Goku|Close Combat|p2a: Groudon\n|-damage|p2a: Groudon|0 fnt\n|-unboost|p1a: Literally Goku|def|1\n|-unboost|p1a: Literally Goku|spd|1\n|faint|p2a: Groudon\n|-ability|p1a: Literally Goku|Chilling Neigh|boost\n|-boost|p1a: Literally Goku|atk|1\n|\n|-weather|SunnyDay|[upkeep]\n|upkeep\n|\n|t:|1736656194\n|switch|p2a: Chi-Yu|Chi-Yu, L50, tera:Fire|100\/100\n|-ability|p2a: Chi-Yu|Beads of Ruin\n|turn|4\n|j| GooglePay\n|inactive|Bad_dragon_beerus has 30 seconds left.\n|inactive|Bad_dragon_beerus has 20 seconds left.\n|inactive|Bad_dragon_beerus has 15 seconds left.\n|inactive|Bad_dragon_beerus has 10 seconds left.\n|inactive|Bad_dragon_beerus has 5 seconds left.\n|\n|t:|1736656249\n|move|p1b: It\u2019s Over 9000|Detect||[still]\n|-fail|p1b: It\u2019s Over 9000\n|move|p2a: Chi-Yu|Dark Pulse|p1b: It\u2019s Over 9000\n|-resisted|p1b: It\u2019s Over 9000\n|-damage|p1b: It\u2019s Over 9000|62\/100\n|move|p2b: Chien-Pao|Ice Spinner|p1b: It\u2019s Over 9000\n|-supereffective|p1b: It\u2019s Over 9000\n|-damage|p1b: It\u2019s Over 9000|0 fnt\n|faint|p1b: It\u2019s Over 9000\n|move|p1a: Literally Goku|Close Combat|p2b: Chien-Pao\n|-supereffective|p2b: Chien-Pao\n|-enditem|p2b: Chien-Pao|Focus Sash\n|-damage|p2b: Chien-Pao|1\/100\n|-unboost|p1a: Literally Goku|def|1\n|-unboost|p1a: Literally Goku|spd|1\n|\n|-weather|SunnyDay|[upkeep]\n|upkeep\n|turn|5\n|inactive|Bad_dragon_beerus has 30 seconds left.\n|inactive|Bad_dragon_beerus has 20 seconds left.\n|inactive|Bad_dragon_beerus has 15 seconds left.\n|inactive|Bad_dragon_beerus has 10 seconds left.\n|inactive|Bad_dragon_beerus has 5 seconds left.\n|\n|t:|1736656304\n|move|p2b: Chien-Pao|Sucker Punch|p1a: Literally Goku\n|-supereffective|p1a: Literally Goku\n|-damage|p1a: Literally Goku|0 fnt\n|faint|p1a: Literally Goku\n|\n|win|Bayo93\n|raw|Bad_dragon_beerus's rating: 1550 &rarr; <strong>1531<\/strong><br \/>(-19 for losing)\n|raw|Bayo93's rating: 1562 &rarr; <strong>1581<\/strong><br \/>(+19 for winning)\n|l|\u2606Bayo93\n|player|p2|\n|l| GooglePay\n","uploadtime":1736656487,"views":149,"formatid":"gen9vgc2025regg","rating":1531,"private":0,"password":null}