{"id":"gen9vgc2025regg-2279209908","format":"[Gen 9] VGC 2025 Reg G","players":["BigSalta","alecfromkanto"],"log":"|j|\u2606BigSalta\n|j|\u2606alecfromkanto\n|t:|1736617432\n|gametype|doubles\n|player|p1|BigSalta|cynthia|1584\n|player|p2|alecfromkanto|cynthia|1596\n|teamsize|p1|6\n|teamsize|p2|6\n|gen|9\n|tier|[Gen 9] VGC 2025 Reg G\n|rated|\n|rule|Species Clause: Limit one of each Pok\u00e9mon\n|rule|Item Clause: Limit 1 of each item\n|clearpoke\n|poke|p1|Incineroar, L50, F|\n|poke|p1|Urshifu-*, L50, M|\n|poke|p1|Kyogre, L50|\n|poke|p1|Rillaboom, L50, M|\n|poke|p1|Roaring Moon, L50|\n|poke|p1|Amoonguss, L50, F|\n|poke|p2|Miraidon, L50|\n|poke|p2|Whimsicott, L50, F|\n|poke|p2|Iron Hands, L50|\n|poke|p2|Volcarona, L50, F|\n|poke|p2|Weavile, L50, M|\n|poke|p2|Urshifu-*, L50, M|\n|teampreview|4\nalecfromkanto rejected open team sheets.\n|inactive|Battle timer is ON: inactive players will automatically lose when time's up. (requested by alecfromkanto)\n|inactive|BigSalta has 60 seconds left.\n|\n|t:|1736617468\n|start\n|switch|p1a: Rillaboom|Rillaboom, L50, M|100\/100\n|switch|p1b: Amoonguss|Amoonguss, L50, F|100\/100\n|switch|p2a: Weavile|Weavile, L50, M, shiny|100\/100\n|switch|p2b: Miraidon|Miraidon, L50|100\/100\n|-fieldstart|move: Electric Terrain|[from] ability: Hadron Engine|[of] p2b: Miraidon\n|-enditem|p2a: Weavile|Electric Seed\n|-boost|p2a: Weavile|def|1|[from] item: Electric Seed\n|-fieldstart|move: Grassy Terrain|[from] ability: Grassy Surge|[of] p1a: Rillaboom\n|turn|1\n|inactive|BigSalta has 30 seconds left.\n|\n|t:|1736617495\n|move|p2a: Weavile|Fake Out|p1a: Rillaboom\n|-damage|p1a: Rillaboom|92\/100\n|cant|p1a: Rillaboom|flinch\n|move|p2b: Miraidon|Volt Switch|p1a: Rillaboom\n|-resisted|p1a: Rillaboom\n|-damage|p1a: Rillaboom|71\/100\n|\n|t:|1736617501\n|switch|p2b: Whimsicott|Whimsicott, L50, F, shiny|100\/100|[from] Volt Switch\n|move|p1b: Amoonguss|Spore|p2b: Whimsicott\n|-immune|p2b: Whimsicott\n|\n|-heal|p1a: Rillaboom|76\/100|[from] Grassy Terrain\n|upkeep\n|turn|2\n|\n|t:|1736617519\n|move|p2b: Whimsicott|Light Screen|p2b: Whimsicott\n|-sidestart|p2: alecfromkanto|move: Light Screen\n|move|p2a: Weavile|Taunt|p1b: Amoonguss\n|-start|p1b: Amoonguss|move: Taunt\n|move|p1a: Rillaboom|U-turn|p2a: Weavile\n|-supereffective|p2a: Weavile\n|-damage|p2a: Weavile|56\/100\n|-enditem|p1a: Rillaboom|Assault Vest|[silent]|[from] ability: Pickpocket|[of] p1a: Rillaboom\n|-item|p2a: Weavile|Assault Vest|[from] ability: Pickpocket|[of] p1a: Rillaboom\n|\n|t:|1736617532\n|switch|p1a: Kyogre|Kyogre, L50|100\/100|[from] U-turn\n|-weather|RainDance|[from] ability: Drizzle|[of] p1a: Kyogre\n|move|p1b: Amoonguss|Sludge Bomb|p2b: Whimsicott\n|-supereffective|p2b: Whimsicott\n|-damage|p2b: Whimsicott|9\/100\n|\n|-weather|RainDance|[upkeep]\n|-heal|p2b: Whimsicott|15\/100|[from] Grassy Terrain\n|-heal|p2a: Weavile|63\/100|[from] Grassy Terrain\n|upkeep\n|turn|3\n|inactive|alecfromkanto has 30 seconds left.\n|inactive|alecfromkanto has 20 seconds left.\n|inactive|alecfromkanto has 15 seconds left.\n|\n|t:|1736617576\n|switch|p2b: Iron Hands|Iron Hands, L50, shiny|100\/100\n|move|p2a: Weavile|Triple Axel|p1b: Amoonguss\n|-supereffective|p1b: Amoonguss\n|-damage|p1b: Amoonguss|89\/100\n|-damage|p2a: Weavile|46\/100|[from] item: Rocky Helmet|[of] p1b: Amoonguss\n|-hitcount|p1b: Amoonguss|1\n|move|p1a: Kyogre|Calm Mind|p1a: Kyogre\n|-boost|p1a: Kyogre|spa|1\n|-boost|p1a: Kyogre|spd|1\n|move|p1b: Amoonguss|Sludge Bomb|p2b: Iron Hands\n|-damage|p2b: Iron Hands|91\/100\n|\n|-weather|RainDance|[upkeep]\n|-heal|p2a: Weavile|52\/100|[from] Grassy Terrain\n|-heal|p2b: Iron Hands|97\/100|[from] Grassy Terrain\n|-heal|p1b: Amoonguss|95\/100|[from] Grassy Terrain\n|upkeep\n|turn|4\n|\n|t:|1736617595\n|switch|p2a: Miraidon|Miraidon, L50|100\/100\n|-fieldstart|move: Electric Terrain|[from] ability: Hadron Engine|[of] p2a: Miraidon\n|-activate|p2b: Iron Hands|ability: Quark Drive\n|-start|p2b: Iron Hands|quarkdriveatk\n|switch|p1b: Incineroar|Incineroar, L50, F|100\/100\n|-ability|p1b: Incineroar|Intimidate|boost\n|-unboost|p2a: Miraidon|atk|1\n|-unboost|p2b: Iron Hands|atk|1\n|move|p2b: Iron Hands|Fake Out|p1a: Kyogre\n|-damage|p1a: Kyogre|88\/100\n|cant|p1a: Kyogre|flinch\n|\n|-weather|RainDance|[upkeep]\n|-heal|p1a: Kyogre|94\/100|[from] item: Leftovers\n|upkeep\n|turn|5\n|inactive|alecfromkanto has 30 seconds left.\n|inactive|BigSalta has 30 seconds left.\n|inactive|BigSalta has 20 seconds left.\n|inactive|alecfromkanto has 20 seconds left.\n|inactive|alecfromkanto has 15 seconds left.\n|\n|t:|1736617642\n|-terastallize|p1a: Kyogre|Grass\n|-terastallize|p2b: Iron Hands|Grass\n|move|p2a: Miraidon|Draco Meteor|p1a: Kyogre\n|-damage|p1a: Kyogre|25\/100\n|-unboost|p2a: Miraidon|spa|2\n|move|p1a: Kyogre|Origin Pulse|p2a: Miraidon|[spread] p2a,p2b\n|-resisted|p2a: Miraidon\n|-resisted|p2b: Iron Hands\n|-damage|p2a: Miraidon|72\/100\n|-damage|p2b: Iron Hands|78\/100\n|move|p1b: Incineroar|Parting Shot|p2b: Iron Hands\n|-unboost|p2b: Iron Hands|atk|1\n|-unboost|p2b: Iron Hands|spa|1\n|\n|t:|1736617655\n|switch|p1b: Rillaboom|Rillaboom, L50, M|76\/100|[from] Parting Shot\n|-fieldstart|move: Grassy Terrain|[from] ability: Grassy Surge|[of] p1b: Rillaboom\n|-end|p2b: Iron Hands|Quark Drive\n|move|p2b: Iron Hands|Wild Charge|p1a: Kyogre\n|-resisted|p1a: Kyogre\n|-damage|p1a: Kyogre|14\/100\n|-damage|p2b: Iron Hands|76\/100|[from] Recoil\n|\n|-weather|RainDance|[upkeep]\n|-heal|p2a: Miraidon|78\/100|[from] Grassy Terrain\n|-heal|p1a: Kyogre|20\/100|[from] Grassy Terrain\n|-heal|p1a: Kyogre|26\/100|[from] item: Leftovers\n|-heal|p1b: Rillaboom|82\/100|[from] Grassy Terrain\n|-heal|p2b: Iron Hands|82\/100|[from] Grassy Terrain\n|upkeep\n|turn|6\n|inactive|BigSalta has 30 seconds left.\n|\n|t:|1736617682\n|move|p1a: Kyogre|Protect|p1a: Kyogre\n|-singleturn|p1a: Kyogre|Protect\n|move|p2a: Miraidon|Draco Meteor|p1a: Kyogre\n|-activate|p1a: Kyogre|move: Protect\n|move|p1b: Rillaboom|U-turn|p2b: Iron Hands\n|-supereffective|p2b: Iron Hands\n|-damage|p2b: Iron Hands|52\/100\n|\n|t:|1736617690\n|switch|p1b: Incineroar|Incineroar, L50, F|100\/100|[from] U-turn\n|-ability|p1b: Incineroar|Intimidate|boost\n|-unboost|p2a: Miraidon|atk|1\n|-unboost|p2b: Iron Hands|atk|1\n|move|p2b: Iron Hands|Low Kick|p1a: Kyogre\n|-activate|p1a: Kyogre|move: Protect\n|\n|-weather|none\n|-heal|p2a: Miraidon|84\/100|[from] Grassy Terrain\n|-heal|p1a: Kyogre|32\/100|[from] Grassy Terrain\n|-heal|p1a: Kyogre|38\/100|[from] item: Leftovers\n|-heal|p2b: Iron Hands|57\/100|[from] Grassy Terrain\n|-sideend|p2: alecfromkanto|move: Light Screen\n|upkeep\n|turn|7\n|\n|t:|1736617706\n|-end|p2b: Iron Hands|Quark Drive|[silent]\n|switch|p2b: Weavile|Weavile, L50, M, shiny|52\/100\n|move|p1b: Incineroar|Fake Out|p2b: Weavile\n|-damage|p2b: Weavile|38\/100\n|move|p2a: Miraidon|Draco Meteor|p1a: Kyogre\n|-damage|p1a: Kyogre|13\/100\n|-unboost|p2a: Miraidon|spa|2\n|move|p1a: Kyogre|Ice Beam|p2a: Miraidon\n|-supereffective|p2a: Miraidon\n|-damage|p2a: Miraidon|0 fnt\n|faint|p2a: Miraidon\n|\n|-heal|p2b: Weavile|44\/100|[from] Grassy Terrain\n|-heal|p1a: Kyogre|19\/100|[from] Grassy Terrain\n|-heal|p1a: Kyogre|25\/100|[from] item: Leftovers\n|upkeep\n|\n|t:|1736617715\n|switch|p2a: Whimsicott|Whimsicott, L50, F, shiny|15\/100\n|turn|8\n|inactive|alecfromkanto has 30 seconds left.\n|\n|t:|1736617746\n|move|p1a: Kyogre|Protect|p1a: Kyogre\n|-singleturn|p1a: Kyogre|Protect\n|move|p2b: Weavile|Fake Out|p1b: Incineroar\n|-damage|p1b: Incineroar|91\/100\n|move|p2a: Whimsicott|Light Screen|p2a: Whimsicott\n|-sidestart|p2: alecfromkanto|move: Light Screen\n|cant|p1b: Incineroar|flinch\n|\n|-heal|p2a: Whimsicott|21\/100|[from] Grassy Terrain\n|-heal|p2b: Weavile|50\/100|[from] Grassy Terrain\n|-heal|p1a: Kyogre|31\/100|[from] Grassy Terrain\n|-heal|p1a: Kyogre|37\/100|[from] item: Leftovers\n|-heal|p1b: Incineroar|97\/100|[from] Grassy Terrain\n|upkeep\n|turn|9\n|inactive|BigSalta has 30 seconds left.\n|inactive|alecfromkanto has 30 seconds left.\n|\n|t:|1736617776\n|switch|p2a: Iron Hands|Iron Hands, L50, shiny, tera:Grass|57\/100\n|switch|p1a: Amoonguss|Amoonguss, L50, F|100\/100\n|move|p2b: Weavile|Triple Axel|p1a: Amoonguss\n|-supereffective|p1a: Amoonguss\n|-damage|p1a: Amoonguss|89\/100\n|-damage|p2b: Weavile|34\/100|[from] item: Rocky Helmet|[of] p1a: Amoonguss\n|-supereffective|p1a: Amoonguss\n|-damage|p1a: Amoonguss|64\/100\n|-damage|p2b: Weavile|17\/100|[from] item: Rocky Helmet|[of] p1a: Amoonguss\n|-supereffective|p1a: Amoonguss\n|-damage|p1a: Amoonguss|27\/100\n|-damage|p2b: Weavile|1\/100|[from] item: Rocky Helmet|[of] p1a: Amoonguss\n|-hitcount|p1a: Amoonguss|3\n|move|p1b: Incineroar|Knock Off|p2a: Iron Hands\n|-damage|p2a: Iron Hands|33\/100\n|-enditem|p2a: Iron Hands|Assault Vest|[from] move: Knock Off|[of] p1b: Incineroar\n|\n|-heal|p2b: Weavile|7\/100|[from] Grassy Terrain\n|-heal|p1b: Incineroar|100\/100|[from] Grassy Terrain\n|-heal|p2a: Iron Hands|39\/100|[from] Grassy Terrain\n|-heal|p1a: Amoonguss|33\/100|[from] Grassy Terrain\n|-fieldend|move: Grassy Terrain\n|upkeep\n|turn|10\n|inactive|BigSalta has 30 seconds left.\n|inactive|alecfromkanto has 30 seconds left.\n|\n|t:|1736617810\n|switch|p2b: Whimsicott|Whimsicott, L50, F, shiny|21\/100\n|move|p1b: Incineroar|Parting Shot|p2a: Iron Hands\n|-unboost|p2a: Iron Hands|atk|1\n|-unboost|p2a: Iron Hands|spa|1\n|\n|t:|1736617817\n|switch|p1b: Rillaboom|Rillaboom, L50, M|82\/100|[from] Parting Shot\n|-fieldstart|move: Grassy Terrain|[from] ability: Grassy Surge|[of] p1b: Rillaboom\n|move|p2a: Iron Hands|Low Kick|p1b: Rillaboom\n|-damage|p1b: Rillaboom|60\/100\n|move|p1a: Amoonguss|Sludge Bomb|p2a: Iron Hands\n|-supereffective|p2a: Iron Hands\n|-damage|p2a: Iron Hands|8\/100\n|\n|-heal|p2b: Whimsicott|27\/100|[from] Grassy Terrain\n|-heal|p1b: Rillaboom|66\/100|[from] Grassy Terrain\n|-heal|p2a: Iron Hands|14\/100|[from] Grassy Terrain\n|-heal|p1a: Amoonguss|39\/100|[from] Grassy Terrain\n|upkeep\n|turn|11\n|\n|t:|1736617838\n|move|p2b: Whimsicott|Moonblast|p1b: Rillaboom\n|-damage|p1b: Rillaboom|34\/100\n|move|p1b: Rillaboom|U-turn|p2a: Iron Hands\n|-supereffective|p2a: Iron Hands\n|-damage|p2a: Iron Hands|0 fnt\n|faint|p2a: Iron Hands\n|-end|p2a: Iron Hands|Quark Drive|[silent]\n|\n|t:|1736617845\n|switch|p1b: Incineroar|Incineroar, L50, F|100\/100|[from] U-turn\n|-ability|p1b: Incineroar|Intimidate|boost\n|-unboost|p2b: Whimsicott|atk|1\n|move|p1a: Amoonguss|Sludge Bomb|p2b: Whimsicott\n|-supereffective|p2b: Whimsicott\n|-damage|p2b: Whimsicott|0 fnt\n|faint|p2b: Whimsicott\n|\n|-heal|p1a: Amoonguss|45\/100|[from] Grassy Terrain\n|upkeep\n|\n|t:|1736617847\n|switch|p2b: Weavile|Weavile, L50, M, shiny|7\/100\n|turn|12\n|-message|alecfromkanto forfeited.\n|\n|win|BigSalta\n|raw|BigSalta's rating: 1584 &rarr; <strong>1605<\/strong><br \/>(+21 for winning)\n|raw|alecfromkanto's rating: 1596 &rarr; <strong>1575<\/strong><br \/>(-21 for losing)\n|l|\u2606alecfromkanto\n|player|p2|\n","uploadtime":1736617852,"views":7,"formatid":"gen9vgc2025regg","rating":1575,"private":0,"password":null}