{"id":"gen9vgc2025regg-2279447066","format":"[Gen 9] VGC 2025 Reg G","players":["roykeenkennedy","anton19"],"log":"|j|\u2606roykeenkennedy\n|j|\u2606anton19\n|t:|1736649395\n|gametype|doubles\n|player|p1|roykeenkennedy|alder|1601\n|player|p2|anton19|266|1572\n|teamsize|p1|6\n|teamsize|p2|6\n|gen|9\n|tier|[Gen 9] VGC 2025 Reg G\n|rated|\n|rule|Species Clause: Limit one of each Pok\u00e9mon\n|rule|Item Clause: Limit 1 of each item\n|clearpoke\n|poke|p1|Calyrex-Shadow, L50|\n|poke|p1|Weezing, L50, F|\n|poke|p1|Indeedee-F, L50, F|\n|poke|p1|Incineroar, L50, M|\n|poke|p1|Urshifu-*, L50, M|\n|poke|p1|Raging Bolt, L50|\n|poke|p2|Pelipper, L50, F|\n|poke|p2|Calyrex-Ice, L50|\n|poke|p2|Rillaboom, L50, M|\n|poke|p2|Amoonguss, L50, M|\n|poke|p2|Urshifu-*, L50, F|\n|poke|p2|Flutter Mane, L50|\n|teampreview|4\n|inactive|Battle timer is ON: inactive players will automatically lose when time's up. (requested by anton19)\n|inactive|roykeenkennedy has 60 seconds left.\n|inactive|anton19 has 60 seconds left.\n|inactive|roykeenkennedy has 30 seconds left.\n|inactive|roykeenkennedy has 20 seconds left.\n|\n|t:|1736649467\n|start\n|switch|p1a: Raging Bolt|Raging Bolt, L50|100\/100\n|switch|p1b: Weezing|Weezing, L50, F|100\/100\n|switch|p2a: Pelipper|Pelipper, L50, F|100\/100\n|switch|p2b: Urshifu|Urshifu-Rapid-Strike, L50, F|100\/100\n|-ability|p1b: Weezing|Neutralizing Gas\n|turn|1\n|\n|t:|1736649490\n|switch|p2b: Amoonguss|Amoonguss, L50, M|100\/100\n|switch|p2a: Calyrex|Calyrex-Ice, L50|100\/100\n|-ability|p2a: Calyrex|As One\n|-ability|p2a: Calyrex|Unnerve\n|move|p1b: Weezing|Protect|p1b: Weezing\n|-singleturn|p1b: Weezing|Protect\n|move|p1a: Raging Bolt|Electroweb|p2a: Calyrex|[spread] p2a,p2b\n|-resisted|p2b: Amoonguss\n|-damage|p2a: Calyrex|83\/100\n|-damage|p2b: Amoonguss|91\/100\n|-unboost|p2b: Amoonguss|spe|1\n|\n|upkeep\n|turn|2\n|inactive|roykeenkennedy has 30 seconds left.\n|\n|t:|1736649516\n|-terastallize|p1a: Raging Bolt|Electric\n|move|p2b: Amoonguss|Rage Powder|p2b: Amoonguss\n|-singleturn|p2b: Amoonguss|move: Rage Powder\n|move|p1b: Weezing|Taunt|p2b: Amoonguss\n|-start|p2b: Amoonguss|move: Taunt\n|-enditem|p2b: Amoonguss|Mental Herb\n|-end|p2b: Amoonguss|move: Taunt\n|move|p1a: Raging Bolt|Electroweb|p2a: Calyrex|[spread] p2a,p2b\n|-resisted|p2b: Amoonguss\n|-damage|p2a: Calyrex|61\/100\n|-damage|p2b: Amoonguss|77\/100\n|-unboost|p2b: Amoonguss|spe|1\n|move|p2a: Calyrex|Trick Room|p2a: Calyrex\n|-fieldstart|move: Trick Room|[of] p2a: Calyrex\n|\n|upkeep\n|turn|3\n|inactive|roykeenkennedy has 30 seconds left.\n|\n|t:|1736649546\n|move|p2a: Calyrex|Protect|p2a: Calyrex\n|-singleturn|p2a: Calyrex|Protect\n|move|p2b: Amoonguss|Spore|p1b: Weezing\n|-status|p1b: Weezing|slp|[from] move: Spore\n|move|p1a: Raging Bolt|Draco Meteor|p2a: Calyrex\n|-activate|p2a: Calyrex|move: Protect\n|cant|p1b: Weezing|slp\n|\n|upkeep\n|turn|4\n|\n|t:|1736649561\n|move|p2b: Amoonguss|Pollen Puff|p2a: Calyrex\n|-heal|p2a: Calyrex|100\/100\n|move|p2a: Calyrex|High Horsepower|p1a: Raging Bolt\n|-supereffective|p1a: Raging Bolt\n|-damage|p1a: Raging Bolt|24\/100\n|move|p1a: Raging Bolt|Electroweb|p2a: Calyrex|[spread] p2a,p2b\n|-resisted|p2b: Amoonguss\n|-damage|p2a: Calyrex|76\/100\n|-damage|p2b: Amoonguss|63\/100\n|-unboost|p2b: Amoonguss|spe|1\n|-curestatus|p1b: Weezing|slp|[msg]\n|move|p1b: Weezing|Will-O-Wisp|p2a: Calyrex\n|-status|p2a: Calyrex|brn\n|\n|-damage|p2a: Calyrex|71\/100 brn|[from] brn\n|upkeep\n|turn|5\n|inactive|roykeenkennedy has 30 seconds left.\n|inactive|anton19 has 30 seconds left.\n|\n|t:|1736649591\n|-end|p1a: Raging Bolt|Protosynthesis|[silent]\n|switch|p1a: Indeedee|Indeedee-F, L50, F|100\/100\n|move|p2b: Amoonguss|Pollen Puff|p2a: Calyrex\n|-heal|p2a: Calyrex|100\/100 brn\n|move|p2a: Calyrex|Glacial Lance|p1a: Indeedee|[spread] p1a,p1b\n|-damage|p1a: Indeedee|66\/100\n|-damage|p1b: Weezing|78\/100\n|move|p1b: Weezing|Taunt|p2b: Amoonguss\n|-start|p2b: Amoonguss|move: Taunt\n|\n|-heal|p1b: Weezing|84\/100|[from] item: Leftovers\n|-damage|p2a: Calyrex|95\/100 brn|[from] brn\n|upkeep\n|turn|6\n|\n|t:|1736649615\n|switch|p2b: Pelipper|Pelipper, L50, F|100\/100\n|-end|p1b: Weezing|ability: Neutralizing Gas\n|-fieldstart|move: Psychic Terrain|[from] ability: Psychic Surge|[of] p1a: Indeedee\n|-weather|RainDance|[from] ability: Drizzle|[of] p2b: Pelipper\n|switch|p1b: Calyrex|Calyrex-Shadow, L50|100\/100\n|-ability|p1b: Calyrex|As One\n|-ability|p1b: Calyrex|Unnerve\n|move|p2a: Calyrex|Glacial Lance|p1b: Calyrex|[spread] p1a,p1b\n|-damage|p1a: Indeedee|33\/100\n|-damage|p1b: Calyrex|65\/100\n|move|p1a: Indeedee|Imprison|p1a: Indeedee\n|-start|p1a: Indeedee|move: Imprison\n|\n|-weather|RainDance|[upkeep]\n|-damage|p2a: Calyrex|89\/100 brn|[from] brn\n|-fieldend|move: Trick Room\n|upkeep\n|turn|7\n|j| brrkz\n|inactive|roykeenkennedy has 30 seconds left.\n|\n|t:|1736649647\n|switch|p1a: Weezing|Weezing, L50, F|84\/100\n|-ability|p1a: Weezing|Neutralizing Gas\n|move|p2b: Pelipper|Wide Guard|p2b: Pelipper\n|-singleturn|p2b: Pelipper|Wide Guard\n|move|p1b: Calyrex|Tera Blast|p2a: Calyrex\n|-damage|p2a: Calyrex|58\/100 brn\n|-damage|p1b: Calyrex|56\/100|[from] item: Life Orb\n|move|p2a: Calyrex|Glacial Lance|p1a: Weezing|[spread] p1a,p1b\n|-damage|p1a: Weezing|58\/100\n|-damage|p1b: Calyrex|20\/100\n|\n|-weather|RainDance|[upkeep]\n|-heal|p1a: Weezing|64\/100|[from] item: Leftovers\n|-damage|p2a: Calyrex|52\/100 brn|[from] brn\n|upkeep\n|turn|8\n|inactive|roykeenkennedy has 30 seconds left.\n|l| brrkz\n|inactive|roykeenkennedy has 20 seconds left.\n|\n|t:|1736649683\n|move|p2b: Pelipper|Protect|p2b: Pelipper\n|-singleturn|p2b: Pelipper|Protect\n|move|p1b: Calyrex|Astral Barrage|p2a: Calyrex|[spread] p2a\n|-activate|p2b: Pelipper|move: Protect\n|-supereffective|p2a: Calyrex\n|-damage|p2a: Calyrex|0 fnt\n|faint|p2a: Calyrex\n|-ability|p1b: Calyrex|Grim Neigh|boost\n|-boost|p1b: Calyrex|spa|1\n|-damage|p1b: Calyrex|11\/100|[from] item: Life Orb\n|move|p1a: Weezing|Sludge Bomb|p2b: Pelipper\n|-activate|p2b: Pelipper|move: Protect\n|\n|-weather|RainDance|[upkeep]\n|-heal|p1a: Weezing|71\/100|[from] item: Leftovers\n|upkeep\n|\n|t:|1736649688\n|switch|p2a: Urshifu|Urshifu-Rapid-Strike, L50, F|100\/100\n|turn|9\n|\n|t:|1736649708\n|move|p1b: Calyrex|Protect|p1b: Calyrex\n|-singleturn|p1b: Calyrex|Protect\n|move|p2a: Urshifu|Surging Strikes|p1b: Calyrex\n|-activate|p1b: Calyrex|move: Protect\n|move|p2b: Pelipper|Weather Ball|p1a: Weezing\n|-damage|p1a: Weezing|0 fnt\n|faint|p1a: Weezing\n|-end|p1a: Weezing|ability: Neutralizing Gas\n|\n|-weather|RainDance|[upkeep]\n|upkeep\n|j| neebieplayersea\n|l| neebieplayersea\n|\n|t:|1736649721\n|switch|p1a: Raging Bolt|Raging Bolt, L50, tera:Electric|24\/100\n|turn|10\n|\n|t:|1736649733\n|-terastallize|p2a: Urshifu|Ghost\n|move|p2a: Urshifu|Surging Strikes|p1b: Calyrex\n|-crit|p1b: Calyrex\n|-damage|p1b: Calyrex|0 fnt\n|faint|p1b: Calyrex\n|-hitcount|p1: Calyrex|1\n|move|p2b: Pelipper|Weather Ball|p1a: Raging Bolt\n|-damage|p1a: Raging Bolt|0 fnt\n|faint|p1a: Raging Bolt\n|-end|p1a: Raging Bolt|Protosynthesis|[silent]\n|\n|-weather|none\n|-fieldend|move: Psychic Terrain\n|upkeep\n|-message|roykeenkennedy forfeited.\n|\n|win|anton19\n|raw|roykeenkennedy's rating: 1601 &rarr; <strong>1579<\/strong><br \/>(-22 for losing)\n|raw|anton19's rating: 1572 &rarr; <strong>1594<\/strong><br \/>(+22 for winning)\n|l|\u2606roykeenkennedy\n|player|p1|\n|l|\u2606anton19\n|player|p2|\n","uploadtime":1736649976,"views":116,"formatid":"gen9vgc2025regg","rating":1579,"private":0,"password":null}