{"id":"gen9vgc2025regg-2279742928","format":"[Gen 9] VGC 2025 Reg G","players":["clickformoreinfos","JasePokemonTwitter"],"log":"|j|\u2606clickformoreinfos\n|j|\u2606JasePokemonTwitter\n|t:|1736701308\n|gametype|doubles\n|player|p1|clickformoreinfos|medium|1575\n|player|p2|JasePokemonTwitter|lucas|1609\n|teamsize|p1|6\n|teamsize|p2|6\n|gen|9\n|tier|[Gen 9] VGC 2025 Reg G\n|rated|\n|rule|Species Clause: Limit one of each Pok\u00e9mon\n|rule|Item Clause: Limit 1 of each item\n|clearpoke\n|poke|p1|Chi-Yu, L50|\n|poke|p1|Raging Bolt, L50|\n|poke|p1|Groudon, L50|\n|poke|p1|Sableye, L50, F|\n|poke|p1|Walking Wake, L50|\n|poke|p1|Primarina, L50, F|\n|poke|p2|Calyrex-Shadow, L50|\n|poke|p2|Dondozo, L50, F|\n|poke|p2|Weezing-Galar, L50, M|\n|poke|p2|Tatsugiri-Droopy, L50, M|\n|poke|p2|Urshifu-*, L50, F|\n|poke|p2|Maushold-Four, L50|\n|teampreview|4\n|inactive|Battle timer is ON: inactive players will automatically lose when time's up. (requested by JasePokemonTwitter)\n|inactive|clickformoreinfos also wants the timer to be on.\n|\n|t:|1736701337\n|start\n|switch|p1a: Chi-Yu|Chi-Yu, L50|100\/100\n|switch|p1b: Raging Bolt|Raging Bolt, L50|100\/100\n|switch|p2a: Calyrex|Calyrex-Shadow, L50|100\/100\n|switch|p2b: Weezing|Weezing-Galar, L50, M|100\/100\n|-ability|p2a: Calyrex|As One\n|-ability|p2a: Calyrex|Unnerve\n|-ability|p2b: Weezing|Neutralizing Gas\n|turn|1\n|j| advadvadv56\n|\n|t:|1736701355\n|-terastallize|p2a: Calyrex|Normal\n|move|p1a: Chi-Yu|Snarl|p2b: Weezing|[spread] p2a,p2b\n|-crit|p2a: Calyrex\n|-resisted|p2b: Weezing\n|-damage|p2a: Calyrex|63\/100\n|-damage|p2b: Weezing|88\/100\n|-unboost|p2a: Calyrex|spa|1\n|move|p2a: Calyrex|Astral Barrage|p1a: Chi-Yu|[spread] p1a,p1b\n|-resisted|p1a: Chi-Yu\n|-damage|p1a: Chi-Yu|74\/100\n|-damage|p1b: Raging Bolt|74\/100\n|-damage|p2a: Calyrex|53\/100|[from] item: Life Orb\n|move|p1b: Raging Bolt|Volt Switch|p2b: Weezing\n|-damage|p2b: Weezing|42\/100\n|inactive|clickformoreinfos has 30 seconds left.\n|\n|t:|1736701384\n|-end|p1b: Raging Bolt|Protosynthesis|[silent]\n|switch|p1b: Groudon|Groudon, L50|100\/100|[from] Volt Switch\n|move|p2b: Weezing|Poison Gas|p1b: Groudon|[spread] p1a,p1b\n|-status|p1a: Chi-Yu|psn\n|-status|p1b: Groudon|psn\n|\n|-damage|p1a: Chi-Yu|61\/100 psn|[from] psn\n|-damage|p1b: Groudon|88\/100 psn|[from] psn\n|upkeep\n|turn|2\n|\n|t:|1736701406\n|move|p2a: Calyrex|Protect|p2a: Calyrex\n|-singleturn|p2a: Calyrex|Protect\n|move|p2b: Weezing|Protect|p2b: Weezing\n|-singleturn|p2b: Weezing|Protect\n|move|p1a: Chi-Yu|Snarl|p2b: Weezing|[spread] \n|-activate|p2a: Calyrex|move: Protect\n|-activate|p2b: Weezing|move: Protect\n|move|p1b: Groudon|Precipice Blades|p2a: Calyrex|[spread] \n|-activate|p2a: Calyrex|move: Protect\n|-activate|p2b: Weezing|move: Protect\n|\n|-damage|p1a: Chi-Yu|49\/100 psn|[from] psn\n|-damage|p1b: Groudon|76\/100 psn|[from] psn\n|upkeep\n|turn|3\n|j| neebieplayersea\n|inactive|JasePokemonTwitter has 30 seconds left.\n|\n|t:|1736701440\n|switch|p2a: Dondozo|Dondozo, L50, F|100\/100\n|-end|p2b: Weezing|ability: Neutralizing Gas\n|-ability|p1a: Chi-Yu|Beads of Ruin\n|-weather|SunnyDay|[from] ability: Drought|[of] p1b: Groudon\n|switch|p2b: Tatsugiri|Tatsugiri-Droopy, L50, M|100\/100\n|-activate|p2b: Tatsugiri|ability: Commander|[of] p2a: Dondozo\n|-boost|p2a: Dondozo|atk|2\n|-boost|p2a: Dondozo|spa|2\n|-boost|p2a: Dondozo|spe|2\n|-boost|p2a: Dondozo|def|2\n|-boost|p2a: Dondozo|spd|2\n|move|p1a: Chi-Yu|Snarl|p2a: Dondozo|[spread] p2a\n|-miss|p1a: Chi-Yu|p2b: Tatsugiri\n|-damage|p2a: Dondozo|85\/100\n|-unboost|p2a: Dondozo|spa|1\n|move|p1b: Groudon|Precipice Blades|p2b: Tatsugiri|[spread] p2a\n|-miss|p1b: Groudon|p2b: Tatsugiri\n|-damage|p2a: Dondozo|70\/100\n|\n|-weather|SunnyDay|[upkeep]\n|-heal|p2a: Dondozo|76\/100|[from] item: Leftovers\n|-damage|p1a: Chi-Yu|37\/100 psn|[from] psn\n|-damage|p1b: Groudon|64\/100 psn|[from] psn\n|upkeep\n|turn|4\n|\n|t:|1736701465\n|switch|p1a: Raging Bolt|Raging Bolt, L50|74\/100\n|-activate|p1a: Raging Bolt|ability: Protosynthesis\n|-start|p1a: Raging Bolt|protosynthesisspa\n|switch|p1b: Primarina|Primarina, L50, F|100\/100\n|move|p2a: Dondozo|Protect||[still]\n|-fail|p2a: Dondozo\n|\n|-weather|SunnyDay|[upkeep]\n|-heal|p2a: Dondozo|82\/100|[from] item: Leftovers\n|upkeep\n|turn|5\n|\n|t:|1736701488\n|move|p2a: Dondozo|Order Up|p1a: Raging Bolt\n|-supereffective|p1a: Raging Bolt\n|-damage|p1a: Raging Bolt|7\/100\n|-boost|p2a: Dondozo|def|1\n|move|p1a: Raging Bolt|Draco Meteor|p2a: Dondozo\n|-damage|p2a: Dondozo|40\/100\n|-unboost|p1a: Raging Bolt|spa|2\n|move|p1b: Primarina|Sing|p2a: Dondozo\n|-status|p2a: Dondozo|slp|[from] move: Sing\n|-enditem|p1b: Primarina|Throat Spray\n|-boost|p1b: Primarina|spa|1|[from] item: Throat Spray\n|\n|-weather|SunnyDay|[upkeep]\n|-heal|p2a: Dondozo|47\/100 slp|[from] item: Leftovers\n|upkeep\n|turn|6\n|-message|JasePokemonTwitter forfeited.\n|\n|win|clickformoreinfos\n|raw|clickformoreinfos's rating: 1575 &rarr; <strong>1597<\/strong><br \/>(+22 for winning)\n|raw|JasePokemonTwitter's rating: 1609 &rarr; <strong>1587<\/strong><br \/>(-22 for losing)\n|l|\u2606JasePokemonTwitter\n|player|p2|\n|l|\u2606clickformoreinfos\n|player|p1|\n|l| advadvadv56\n|l| neebieplayersea\n","uploadtime":1736701743,"views":9,"formatid":"gen9vgc2025regg","rating":1587,"private":0,"password":null}