{"id":"gen9vgc2025regg-2279412466","format":"[Gen 9] VGC 2025 Reg G","players":["Luca8","Pauliet123"],"log":"|j|\u2606Luca8\n|j|\u2606Pauliet123\n|t:|1736644626\n|gametype|doubles\n|player|p1|Luca8|flint|1519\n|player|p2|Pauliet123|169|1578\n|teamsize|p1|6\n|teamsize|p2|6\n|gen|9\n|tier|[Gen 9] VGC 2025 Reg G\n|rated|\n|rule|Species Clause: Limit one of each Pok\u00e9mon\n|rule|Item Clause: Limit 1 of each item\n|clearpoke\n|poke|p1|Calyrex-Ice, L50|\n|poke|p1|Urshifu-*, L50, M|\n|poke|p1|Tornadus, L50, M|\n|poke|p1|Amoonguss, L50, F|\n|poke|p1|Rillaboom, L50, M|\n|poke|p1|Sneasler, L50, F|\n|poke|p2|Weezing-Galar, L50, M|\n|poke|p2|Dondozo, L50, M|\n|poke|p2|Calyrex-Shadow, L50|\n|poke|p2|Tatsugiri, L50, F|\n|poke|p2|Indeedee-F, L50, F|\n|poke|p2|Iron Hands, L50|\n|teampreview|4\n|c|\u2606Pauliet123|GLHF!\n|inactive|Battle timer is ON: inactive players will automatically lose when time's up. (requested by Pauliet123)\n|\n|t:|1736644658\n|start\n|switch|p1a: Calyrex|Calyrex-Ice, L50|100\/100\n|switch|p1b: Sneasler|Sneasler, L50, F|100\/100\n|switch|p2a: Calyrex|Calyrex-Shadow, L50|100\/100\n|switch|p2b: Weezing|Weezing-Galar, L50, M, shiny|100\/100\n|-ability|p2a: Calyrex|As One\n|-ability|p2a: Calyrex|Unnerve\n|-ability|p2b: Weezing|Neutralizing Gas\n|-ability|p1a: Calyrex|As One\n|-ability|p1a: Calyrex|Unnerve\n|turn|1\n|inactive|Luca8 has 30 seconds left.\n|\n|t:|1736644689\n|-terastallize|p1a: Calyrex|Fire\n|move|p2a: Calyrex|Expanding Force|p1b: Sneasler\n|-supereffective|p1b: Sneasler\n|-enditem|p1b: Sneasler|Focus Sash\n|-damage|p1b: Sneasler|1\/100\n|-damage|p2a: Calyrex|91\/100|[from] item: Life Orb\n|move|p1b: Sneasler|Dire Claw|p2a: Calyrex\n|-resisted|p2a: Calyrex\n|-damage|p2a: Calyrex|64\/100\n|move|p2b: Weezing|Poison Gas|p1a: Calyrex|[spread] p1a,p1b\n|-status|p1a: Calyrex|psn\n|-immune|p1b: Sneasler\n|move|p1a: Calyrex|Glacial Lance|p2a: Calyrex|[spread] p2a,p2b\n|-damage|p2a: Calyrex|0 fnt\n|-damage|p2b: Weezing|57\/100\n|faint|p2a: Calyrex\n|-ability|p1a: Calyrex|Chilling Neigh|boost\n|-boost|p1a: Calyrex|atk|1\n|\n|-damage|p1a: Calyrex|88\/100 psn|[from] psn\n|upkeep\n|\n|t:|1736644694\n|switch|p2a: Tatsugiri|Tatsugiri, L50, F, shiny|100\/100\n|turn|2\n|\n|t:|1736644716\n|move|p1b: Sneasler|Dire Claw|p2b: Weezing\n|-damage|p2b: Weezing|22\/100\n|move|p2a: Tatsugiri|Muddy Water|p1a: Calyrex|[spread] p1a,p1b\n|-supereffective|p1a: Calyrex\n|-damage|p1a: Calyrex|55\/100 psn\n|-damage|p1b: Sneasler|0 fnt\n|faint|p1b: Sneasler\n|move|p2b: Weezing|Toxic Spikes|p1a: Calyrex\n|-sidestart|p1: Luca8|move: Toxic Spikes\n|move|p1a: Calyrex|Glacial Lance|p2b: Weezing|[spread] p2a,p2b\n|-enditem|p2a: Tatsugiri|Focus Sash\n|-damage|p2a: Tatsugiri|1\/100\n|-damage|p2b: Weezing|0 fnt\n|faint|p2b: Weezing\n|-end|p2b: Weezing|ability: Neutralizing Gas\n|-ability|p1a: Calyrex|Chilling Neigh|boost\n|-boost|p1a: Calyrex|atk|1\n|\n|-damage|p1a: Calyrex|43\/100 psn|[from] psn\n|upkeep\n|\n|t:|1736644736\n|switch|p1b: Amoonguss|Amoonguss, L50, F|100\/100\n|switch|p2b: Dondozo|Dondozo, L50, M, shiny|100\/100\n|-activate|p2a: Tatsugiri|ability: Commander|[of] p2b: Dondozo\n|-boost|p2b: Dondozo|atk|2\n|-boost|p2b: Dondozo|spa|2\n|-boost|p2b: Dondozo|spe|2\n|-boost|p2b: Dondozo|def|2\n|-boost|p2b: Dondozo|spd|2\n|-sideend|p1: Luca8|move: Toxic Spikes|[of] p1b: Amoonguss\n|turn|3\n|\n|t:|1736644750\n|-terastallize|p2b: Dondozo|Grass\n|move|p1b: Amoonguss|Rage Powder|p1b: Amoonguss\n|-singleturn|p1b: Amoonguss|move: Rage Powder\n|move|p2b: Dondozo|Order Up|p1a: Calyrex\n|-damage|p1a: Calyrex|23\/100 psn\n|-boost|p2b: Dondozo|atk|1\n|move|p1a: Calyrex|Seed Bomb|p2b: Dondozo\n|-resisted|p2b: Dondozo\n|-damage|p2b: Dondozo|97\/100\n|\n|-heal|p2b: Dondozo|100\/100|[from] item: Leftovers\n|-damage|p1a: Calyrex|11\/100 psn|[from] psn\n|upkeep\n|turn|4\n|\n|t:|1736644773\n|switch|p1a: Rillaboom|Rillaboom, L50, M|100\/100\n|-fieldstart|move: Grassy Terrain|[from] ability: Grassy Surge|[of] p1a: Rillaboom\n|move|p2b: Dondozo|Order Up|p1a: Rillaboom\n|-damage|p1a: Rillaboom|53\/100\n|-boost|p2b: Dondozo|atk|1\n|move|p1b: Amoonguss|Clear Smog|p2b: Dondozo\n|-supereffective|p2b: Dondozo\n|-damage|p2b: Dondozo|86\/100\n|-clearboost|p2b: Dondozo\n|\n|-heal|p2a: Tatsugiri|7\/100|[from] Grassy Terrain\n|-heal|p1a: Rillaboom|59\/100|[from] Grassy Terrain\n|-heal|p2b: Dondozo|93\/100|[from] Grassy Terrain\n|-heal|p2b: Dondozo|99\/100|[from] item: Leftovers\n|upkeep\n|turn|5\n|-message|Pauliet123 forfeited.\n|\n|win|Luca8\n|raw|Luca8's rating: 1519 &rarr; <strong>1541<\/strong><br \/>(+22 for winning)\n|raw|Pauliet123's rating: 1554 &rarr; <strong>1532<\/strong><br \/>(-22 for losing)\n|l|\u2606Pauliet123\n|player|p2|\n|l|\u2606Luca8\n|player|p1|\n","uploadtime":1736644993,"views":6,"formatid":"gen9vgc2025regg","rating":1532,"private":0,"password":null}