{"id":"gen9vgc2025regg-2279411519","format":"[Gen 9] VGC 2025 Reg G","players":["SPADE61","Dragonite1016"],"log":"|j|\u2606SPADE61\n|j|\u2606Dragonite1016\n|t:|1736644496\n|gametype|doubles\n|player|p1|SPADE61|170|1564\n|player|p2|Dragonite1016|red|1560\n|teamsize|p1|6\n|teamsize|p2|6\n|gen|9\n|tier|[Gen 9] VGC 2025 Reg G\n|rated|\n|rule|Species Clause: Limit one of each Pok\u00e9mon\n|rule|Item Clause: Limit 1 of each item\n|clearpoke\n|poke|p1|Zamazenta-*, L50|\n|poke|p1|Chien-Pao, L50|\n|poke|p1|Flutter Mane, L50|\n|poke|p1|Rillaboom, L50, M|\n|poke|p1|Amoonguss, L50, F|\n|poke|p1|Chi-Yu, L50|\n|poke|p2|Zamazenta-*, L50|\n|poke|p2|Whimsicott, L50, M|\n|poke|p2|Chien-Pao, L50|\n|poke|p2|Urshifu-*, L50, M|\n|poke|p2|Raging Bolt, L50|\n|poke|p2|Dragonite, L50, F|\n|teampreview|4\n|j| shihevper1\n|j| xXRodXx\n|l| shihevper1\n|\n|t:|1736644607\n|start\n|switch|p1a: Zamazenta|Zamazenta-Crowned, L50|100\/100\n|switch|p1b: Amoonguss|Amoonguss, L50, F|100\/100\n|switch|p2a: Raging Bolt|Raging Bolt, L50|100\/100\n|switch|p2b: Dragonite|Dragonite, L50, F|100\/100\n|-ability|p1a: Zamazenta|Dauntless Shield|boost\n|-boost|p1a: Zamazenta|def|1\n|turn|1\n|\n|t:|1736644661\n|switch|p2b: Urshifu|Urshifu, L50, M|100\/100\n|move|p1b: Amoonguss|Protect|p1b: Amoonguss\n|-singleturn|p1b: Amoonguss|Protect\n|move|p1a: Zamazenta|Body Press|p2a: Raging Bolt\n|-damage|p2a: Raging Bolt|44\/100\n|move|p2a: Raging Bolt|Volt Switch|p1a: Zamazenta\n|-damage|p1a: Zamazenta|72\/100\n|\n|t:|1736644677\n|-end|p2a: Raging Bolt|Protosynthesis|[silent]\n|switch|p2a: Zamazenta|Zamazenta-Crowned, L50|100\/100|[from] Volt Switch\n|-ability|p2a: Zamazenta|Dauntless Shield|boost\n|-boost|p2a: Zamazenta|def|1\n|\n|upkeep\n|turn|2\n|inactive|Battle timer is ON: inactive players will automatically lose when time's up. (requested by Dragonite1016)\n|\n|t:|1736644703\n|-terastallize|p2a: Zamazenta|Grass\n|move|p1b: Amoonguss|Rage Powder|p1b: Amoonguss\n|-singleturn|p1b: Amoonguss|move: Rage Powder\n|move|p2a: Zamazenta|Body Press|p1a: Zamazenta\n|-supereffective|p1a: Zamazenta\n|-damage|p1a: Zamazenta|17\/100\n|move|p1a: Zamazenta|Body Press|p2a: Zamazenta\n|-damage|p2a: Zamazenta|72\/100\n|move|p2b: Urshifu|Wicked Blow|p1a: Zamazenta\n|-resisted|p1a: Zamazenta\n|-crit|p1a: Zamazenta\n|-damage|p1a: Zamazenta|2\/100\n|\n|upkeep\n|turn|3\n|inactive|SPADE61 has 30 seconds left.\n|inactive|Dragonite1016 has 30 seconds left.\n|inactive|SPADE61 has 20 seconds left.\n|inactive|Dragonite1016 has 20 seconds left.\n|inactive|SPADE61 has 15 seconds left.\n|inactive|Dragonite1016 has 15 seconds left.\n|inactive|SPADE61 has 10 seconds left.\n|l| xXRodXx\n|\n|t:|1736644751\n|move|p1a: Zamazenta|Protect|p1a: Zamazenta\n|-singleturn|p1a: Zamazenta|Protect\n|move|p2b: Urshifu|Sucker Punch||[still]\n|-fail|p2b: Urshifu\n|move|p2a: Zamazenta|Heavy Slam|p1a: Zamazenta\n|-activate|p1a: Zamazenta|move: Protect\n|move|p1b: Amoonguss|Sludge Bomb|p2a: Zamazenta\n|-supereffective|p2a: Zamazenta\n|-damage|p2a: Zamazenta|32\/100\n|-status|p2a: Zamazenta|psn\n|\n|-damage|p2a: Zamazenta|19\/100 psn|[from] psn\n|upkeep\n|turn|4\n|inactive|SPADE61 has 30 seconds left.\n|inactive|Dragonite1016 has 30 seconds left.\n|inactive|Dragonite1016 has 20 seconds left.\n|inactive|Dragonite1016 has 15 seconds left.\n|inactive|Dragonite1016 has 10 seconds left.\n|\n|t:|1736644801\n|move|p2a: Zamazenta|Heavy Slam|p1a: Zamazenta\n|-resisted|p1a: Zamazenta\n|-damage|p1a: Zamazenta|0 fnt\n|faint|p1a: Zamazenta\n|move|p2b: Urshifu|Wicked Blow|p1b: Amoonguss\n|-crit|p1b: Amoonguss\n|-damage|p1b: Amoonguss|59\/100\n|-damage|p2b: Urshifu|84\/100|[from] item: Rocky Helmet|[of] p1b: Amoonguss\n|move|p1b: Amoonguss|Sludge Bomb|p2b: Urshifu\n|-damage|p2b: Urshifu|46\/100\n|-status|p2b: Urshifu|psn\n|\n|-damage|p2a: Zamazenta|7\/100 psn|[from] psn\n|-damage|p2b: Urshifu|34\/100 psn|[from] psn\n|upkeep\n|inactive|SPADE61 has 30 seconds left.\n|\n|t:|1736644827\n|switch|p1a: Rillaboom|Rillaboom, L50, M|100\/100\n|-fieldstart|move: Grassy Terrain|[from] ability: Grassy Surge|[of] p1a: Rillaboom\n|turn|5\n|\n|t:|1736644839\n|move|p1a: Rillaboom|Fake Out|p2a: Zamazenta\n|-damage|p2a: Zamazenta|1\/100 psn\n|cant|p2a: Zamazenta|flinch\n|move|p2b: Urshifu|Wicked Blow|p1a: Rillaboom\n|-crit|p1a: Rillaboom\n|-damage|p1a: Rillaboom|40\/100\n|move|p1b: Amoonguss|Sludge Bomb|p2b: Urshifu\n|-damage|p2b: Urshifu|0 fnt\n|faint|p2b: Urshifu\n|\n|-heal|p2a: Zamazenta|7\/100 psn|[from] Grassy Terrain\n|-heal|p1a: Rillaboom|47\/100|[from] Grassy Terrain\n|-heal|p1b: Amoonguss|65\/100|[from] Grassy Terrain\n|-damage|p2a: Zamazenta|0 fnt|[from] psn\n|faint|p2a: Zamazenta\n|upkeep\n|\n|t:|1736644849\n|switch|p2a: Raging Bolt|Raging Bolt, L50|44\/100\n|switch|p2b: Dragonite|Dragonite, L50, F|100\/100\n|turn|6\n|inactive|SPADE61 has 30 seconds left.\n|inactive|Dragonite1016 has 30 seconds left.\n|\n|t:|1736644893\n|-terastallize|p1b: Amoonguss|Fairy\n|move|p1a: Rillaboom|U-turn|p2b: Dragonite\n|-resisted|p2b: Dragonite\n|-damage|p2b: Dragonite|88\/100\n|\n|t:|1736644898\n|switch|p1a: Chien-Pao|Chien-Pao, L50|100\/100|[from] U-turn\n|-ability|p1a: Chien-Pao|Sword of Ruin\n|move|p2b: Dragonite|Iron Head|p1a: Chien-Pao\n|-supereffective|p1a: Chien-Pao\n|-enditem|p1a: Chien-Pao|Focus Sash\n|-damage|p1a: Chien-Pao|1\/100\n|move|p2a: Raging Bolt|Draco Meteor|p1b: Amoonguss\n|-immune|p1b: Amoonguss\n|move|p1b: Amoonguss|Spore|p2b: Dragonite\n|-status|p2b: Dragonite|slp|[from] move: Spore\n|\n|-heal|p1a: Chien-Pao|7\/100|[from] Grassy Terrain\n|-heal|p2a: Raging Bolt|50\/100|[from] Grassy Terrain\n|-heal|p1b: Amoonguss|71\/100|[from] Grassy Terrain\n|upkeep\n|turn|7\n|\n|t:|1736644923\n|move|p1a: Chien-Pao|Protect|p1a: Chien-Pao\n|-singleturn|p1a: Chien-Pao|Protect\n|cant|p2b: Dragonite|slp\n|move|p2a: Raging Bolt|Snarl|p1b: Amoonguss|[spread] p1b\n|-activate|p1a: Chien-Pao|move: Protect\n|-resisted|p1b: Amoonguss\n|-damage|p1b: Amoonguss|64\/100\n|-unboost|p1b: Amoonguss|spa|1\n|move|p1b: Amoonguss|Spore|p2a: Raging Bolt\n|-status|p2a: Raging Bolt|slp|[from] move: Spore\n|\n|-heal|p1a: Chien-Pao|13\/100|[from] Grassy Terrain\n|-heal|p2a: Raging Bolt|56\/100 slp|[from] Grassy Terrain\n|-heal|p1b: Amoonguss|69\/100|[from] Grassy Terrain\n|upkeep\n|turn|8\n|-message|Dragonite1016 forfeited.\n|\n|win|SPADE61\n|raw|SPADE61's rating: 1564 &rarr; <strong>1584<\/strong><br \/>(+20 for winning)\n|raw|Dragonite1016's rating: 1560 &rarr; <strong>1540<\/strong><br \/>(-20 for losing)\n|l|\u2606Dragonite1016\n|player|p2|\n|l|\u2606SPADE61\n|player|p1|\n","uploadtime":1736645131,"views":127,"formatid":"gen9vgc2025regg","rating":1540,"private":0,"password":null}