{"id":"gen9vgc2025regg-2279700145","format":"[Gen 9] VGC 2025 Reg G","players":["kojimuranishi","suiside sakana"],"log":"|j|\u2606kojimuranishi\n|j|\u2606suiside sakana\n|t:|1736695629\n|gametype|doubles\n|player|p1|kojimuranishi|101|1611\n|player|p2|suiside sakana|266|1534\n|teamsize|p1|6\n|teamsize|p2|6\n|gen|9\n|tier|[Gen 9] VGC 2025 Reg G\n|rated|\n|rule|Species Clause: Limit one of each Pok\u00e9mon\n|rule|Item Clause: Limit 1 of each item\n|clearpoke\n|poke|p1|Whimsicott, L50, M|\n|poke|p1|Calyrex-Ice, L50|\n|poke|p1|Ursaluna-Bloodmoon, L50, M|\n|poke|p1|Urshifu-*, L50, F|\n|poke|p1|Raging Bolt, L50|\n|poke|p1|Ogerpon-Cornerstone, L50, F|\n|poke|p2|Koraidon, L50|\n|poke|p2|Indeedee-F, L50, F|\n|poke|p2|Garganacl, L50, F|\n|poke|p2|Flutter Mane, L50|\n|poke|p2|Ogerpon-Hearthflame, L50, F|\n|poke|p2|Ursaluna-Bloodmoon, L50, M|\n|teampreview|4\n|inactive|Battle timer is ON: inactive players will automatically lose when time's up. (requested by kojimuranishi)\n|j| snease me\n|inactive|kojimuranishi has 60 seconds left.\n|inactive|suiside sakana has 60 seconds left.\n|\n|t:|1736695683\n|start\n|switch|p1a: Whimsicott|Whimsicott, L50, M|100\/100\n|switch|p1b: Ogerpon|Ogerpon-Cornerstone, L50, F|100\/100\n|switch|p2a: Garganacl|Garganacl, L50, F|100\/100\n|switch|p2b: Ogerpon|Ogerpon-Hearthflame, L50, F|100\/100\n|-ability|p2b: Ogerpon|Mold Breaker\n|turn|1\n|inactive|kojimuranishi has 30 seconds left.\n|inactive|suiside sakana has 30 seconds left.\n|inactive|suiside sakana has 20 seconds left.\n|\n|t:|1736695723\n|move|p1a: Whimsicott|Moonblast|p2a: Garganacl\n|-damage|p2a: Garganacl|72\/100\n|-unboost|p2a: Garganacl|spa|1\n|move|p1b: Ogerpon|Power Whip|p2a: Garganacl|[miss]\n|-miss|p1b: Ogerpon|p2a: Garganacl\n|move|p2b: Ogerpon|Ivy Cudgel|p1a: Whimsicott|[anim] Ivy Cudgel Fire\n|-supereffective|p1a: Whimsicott\n|-enditem|p1a: Whimsicott|Focus Sash\n|-damage|p1a: Whimsicott|1\/100\n|move|p2a: Garganacl|Salt Cure|p1b: Ogerpon\n|-damage|p1b: Ogerpon|83\/100\n|-start|p1b: Ogerpon|Salt Cure\n|\n|-heal|p2a: Garganacl|78\/100|[from] item: Leftovers\n|-damage|p1b: Ogerpon|71\/100|[from] Salt Cure\n|upkeep\n|turn|2\n|inactive|suiside sakana has 30 seconds left.\n|inactive|suiside sakana has 20 seconds left.\n|\n|t:|1736695759\n|move|p2b: Ogerpon|Follow Me|p2b: Ogerpon\n|-singleturn|p2b: Ogerpon|move: Follow Me\n|move|p1a: Whimsicott|Tailwind|p1a: Whimsicott\n|-sidestart|p1: kojimuranishi|move: Tailwind\n|move|p1b: Ogerpon|Power Whip|p2b: Ogerpon|[miss]\n|-miss|p1b: Ogerpon|p2b: Ogerpon\n|move|p2a: Garganacl|Salt Cure|p1a: Whimsicott\n|-damage|p1a: Whimsicott|0 fnt\n|faint|p1a: Whimsicott\n|\n|-heal|p2a: Garganacl|84\/100|[from] item: Leftovers\n|-damage|p1b: Ogerpon|59\/100|[from] Salt Cure\n|upkeep\n|\n|t:|1736695775\n|switch|p1a: Calyrex|Calyrex-Ice, L50|100\/100\n|-ability|p1a: Calyrex|As One\n|-ability|p1a: Calyrex|Unnerve\n|turn|3\n|\n|t:|1736695795\n|-terastallize|p1a: Calyrex|Ice\n|move|p2b: Ogerpon|Spiky Shield|p2b: Ogerpon\n|-singleturn|p2b: Ogerpon|move: Protect\n|move|p2a: Garganacl|Protect|p2a: Garganacl\n|-singleturn|p2a: Garganacl|Protect\n|move|p1b: Ogerpon|Ivy Cudgel|p2b: Ogerpon|[anim] Ivy Cudgel Rock\n|-activate|p2b: Ogerpon|move: Protect\n|move|p1a: Calyrex|Glacial Lance|p2a: Garganacl|[spread] \n|-activate|p2a: Garganacl|move: Protect\n|-activate|p2b: Ogerpon|move: Protect\n|\n|-heal|p2a: Garganacl|90\/100|[from] item: Leftovers\n|-damage|p1b: Ogerpon|47\/100|[from] Salt Cure\n|upkeep\n|turn|4\n|\n|t:|1736695816\n|move|p2a: Garganacl|Wide Guard|p2a: Garganacl\n|-singleturn|p2a: Garganacl|Wide Guard\n|move|p1b: Ogerpon|Power Whip|p2a: Garganacl\n|-supereffective|p2a: Garganacl\n|-damage|p2a: Garganacl|0 fnt\n|faint|p2a: Garganacl\n|move|p1a: Calyrex|Glacial Lance|p2b: Ogerpon\n|-activate|p2b: Ogerpon|move: Wide Guard\n|move|p2b: Ogerpon|Ivy Cudgel|p1a: Calyrex|[anim] Ivy Cudgel Fire\n|-supereffective|p1a: Calyrex\n|-crit|p1a: Calyrex\n|-damage|p1a: Calyrex|0 fnt\n|faint|p1a: Calyrex\n|\n|-damage|p1b: Ogerpon|34\/100|[from] Salt Cure\n|upkeep\n|j| Tapu_Fume\n|\n|t:|1736695836\n|switch|p1a: Raging Bolt|Raging Bolt, L50|100\/100\n|switch|p2a: Flutter Mane|Flutter Mane, L50|100\/100\n|turn|5\n|\n|t:|1736695853\n|switch|p2b: Koraidon|Koraidon, L50|100\/100\n|-weather|SunnyDay|[from] ability: Orichalcum Pulse|[of] p2b: Koraidon\n|-activate|p1a: Raging Bolt|ability: Protosynthesis\n|-start|p1a: Raging Bolt|protosynthesisspa\n|-activate|p2a: Flutter Mane|ability: Protosynthesis\n|-start|p2a: Flutter Mane|protosynthesisspe\n|-activate|p2b: Koraidon|Orichalcum Pulse|[source]\n|move|p1b: Ogerpon|Spiky Shield|p1b: Ogerpon\n|-singleturn|p1b: Ogerpon|move: Protect\n|move|p2a: Flutter Mane|Dazzling Gleam|p1b: Ogerpon|[spread] p1a\n|-activate|p1b: Ogerpon|move: Protect\n|-supereffective|p1a: Raging Bolt\n|-damage|p1a: Raging Bolt|14\/100\n|move|p1a: Raging Bolt|Draco Meteor|p2b: Koraidon\n|-supereffective|p2b: Koraidon\n|-damage|p2b: Koraidon|0 fnt\n|-unboost|p1a: Raging Bolt|spa|2\n|faint|p2b: Koraidon\n|-damage|p1a: Raging Bolt|4\/100|[from] item: Life Orb\n|\n|-weather|SunnyDay|[upkeep]\n|-damage|p1b: Ogerpon|22\/100|[from] Salt Cure\n|-sideend|p1: kojimuranishi|move: Tailwind\n|upkeep\n|-message|kojimuranishi forfeited.\n|\n|win|suiside sakana\n|raw|kojimuranishi's rating: 1611 &rarr; <strong>1587<\/strong><br \/>(-24 for losing)\n|raw|suiside sakana's rating: 1534 &rarr; <strong>1558<\/strong><br \/>(+24 for winning)\n|l|\u2606kojimuranishi\n|player|p1|\n|l| snease me\n|l|\u2606suiside sakana\n|player|p2|\n","uploadtime":1736696129,"views":14,"formatid":"gen9vgc2025regg","rating":1558,"private":0,"password":null}