{"id":"gen9vgc2025regg-2280157137","format":"[Gen 9] VGC 2025 Reg G","players":["GG=Groudon Gaming","massan2580"],"log":"|j|\u2606GG=Groudon Gaming\n|j|\u2606massan2580\n|t:|1736761484\n|gametype|doubles\n|player|p1|GG=Groudon Gaming|may-masters2|1584\n|player|p2|massan2580|2|1540\n|teamsize|p1|6\n|teamsize|p2|6\n|gen|9\n|tier|[Gen 9] VGC 2025 Reg G\n|rated|\n|rule|Species Clause: Limit one of each Pok\u00e9mon\n|rule|Item Clause: Limit 1 of each item\n|clearpoke\n|poke|p1|Groudon, L50|\n|poke|p1|Bronzong, L50|\n|poke|p1|Raging Bolt, L50|\n|poke|p1|Flutter Mane, L50|\n|poke|p1|Ogerpon-Cornerstone, L50, F|\n|poke|p1|Gouging Fire, L50|\n|poke|p2|Calyrex-Shadow, L50|\n|poke|p2|Grimmsnarl, L50, M|\n|poke|p2|Clefairy, L50, M|\n|poke|p2|Rillaboom, L50, M|\n|poke|p2|Chien-Pao, L50|\n|poke|p2|Dragonite, L50, F|\n|teampreview|4\n|inactive|Battle timer is ON: inactive players will automatically lose when time's up. (requested by GG=Groudon Gaming)\n|\n|t:|1736761497\n|start\n|switch|p1a: Groudon|Groudon, L50|100\/100\n|switch|p1b: Flutter Mane|Flutter Mane, L50|100\/100\n|switch|p2a: Grimmsnarl|Grimmsnarl, L50, M|100\/100\n|switch|p2b: Calyrex|Calyrex-Shadow, L50|100\/100\n|-ability|p2b: Calyrex|As One\n|-ability|p2b: Calyrex|Unnerve\n|-weather|SunnyDay|[from] ability: Drought|[of] p1a: Groudon\n|-activate|p1b: Flutter Mane|ability: Protosynthesis\n|-start|p1b: Flutter Mane|protosynthesisspe\n|turn|1\n|\n|t:|1736761508\n|move|p2a: Grimmsnarl|Fake Out|p1a: Groudon\n|-damage|p1a: Groudon|93\/100\n|move|p1b: Flutter Mane|Dazzling Gleam|p2b: Calyrex|[spread] p2a,p2b\n|-supereffective|p2a: Grimmsnarl\n|-damage|p2a: Grimmsnarl|37\/100\n|-damage|p2b: Calyrex|75\/100\n|move|p2b: Calyrex|Nasty Plot|p2b: Calyrex\n|-boost|p2b: Calyrex|spa|2\n|cant|p1a: Groudon|flinch\n|\n|-weather|SunnyDay|[upkeep]\n|-heal|p2b: Calyrex|81\/100|[from] item: Leftovers\n|upkeep\n|turn|2\n|\n|t:|1736761528\n|move|p2a: Grimmsnarl|Parting Shot|p1b: Flutter Mane\n|-unboost|p1b: Flutter Mane|atk|1\n|-unboost|p1b: Flutter Mane|spa|1\n|\n|t:|1736761530\n|switch|p2a: Clefairy|Clefairy, L50, M|100\/100|[from] Parting Shot\n|move|p1b: Flutter Mane|Dazzling Gleam|p2b: Calyrex|[spread] p2a,p2b\n|-damage|p2a: Clefairy|85\/100\n|-damage|p2b: Calyrex|67\/100\n|move|p2b: Calyrex|Astral Barrage|p1b: Flutter Mane|[spread] p1a,p1b\n|-supereffective|p1b: Flutter Mane\n|-damage|p1a: Groudon|20\/100\n|-enditem|p1b: Flutter Mane|Focus Sash\n|-damage|p1b: Flutter Mane|1\/100\n|move|p1a: Groudon|Heat Crash|p2a: Clefairy\n|-damage|p2a: Clefairy|21\/100\n|\n|-weather|SunnyDay|[upkeep]\n|-heal|p2b: Calyrex|72\/100|[from] item: Leftovers\n|upkeep\n|turn|3\n|\n|t:|1736761553\n|move|p1a: Groudon|Helping Hand|p1b: Flutter Mane\n|-singleturn|p1b: Flutter Mane|Helping Hand|[of] p1a: Groudon\n|move|p2a: Clefairy|Follow Me|p2a: Clefairy\n|-singleturn|p2a: Clefairy|move: Follow Me\n|move|p1b: Flutter Mane|Dazzling Gleam|p2b: Calyrex|[spread] p2a,p2b\n|-damage|p2a: Clefairy|0 fnt\n|-damage|p2b: Calyrex|53\/100\n|faint|p2a: Clefairy\n|move|p2b: Calyrex|Astral Barrage|p1a: Groudon|[spread] p1a,p1b\n|-supereffective|p1b: Flutter Mane\n|-damage|p1a: Groudon|0 fnt\n|-damage|p1b: Flutter Mane|0 fnt\n|faint|p1a: Groudon\n|faint|p1b: Flutter Mane\n|-end|p1b: Flutter Mane|Protosynthesis|[silent]\n|-ability|p2b: Calyrex|Grim Neigh|boost\n|-boost|p2b: Calyrex|spa|2\n|\n|-weather|SunnyDay|[upkeep]\n|-heal|p2b: Calyrex|59\/100|[from] item: Leftovers\n|upkeep\n|\n|t:|1736761565\n|switch|p1b: Gouging Fire|Gouging Fire, L50|100\/100\n|switch|p1a: Bronzong|Bronzong, L50|100\/100\n|switch|p2a: Grimmsnarl|Grimmsnarl, L50, M|37\/100\n|-activate|p1b: Gouging Fire|ability: Protosynthesis\n|-start|p1b: Gouging Fire|protosynthesisspe\n|turn|4\n|\n|t:|1736761580\n|-terastallize|p1a: Bronzong|Dark\n|move|p1b: Gouging Fire|Burning Bulwark|p1b: Gouging Fire\n|-singleturn|p1b: Gouging Fire|move: Protect\n|move|p2a: Grimmsnarl|Fake Out|p1b: Gouging Fire\n|-activate|p1b: Gouging Fire|move: Protect\n|-status|p2a: Grimmsnarl|brn\n|move|p2b: Calyrex|Astral Barrage|p1a: Bronzong|[spread] p1a\n|-activate|p1b: Gouging Fire|move: Protect\n|-resisted|p1a: Bronzong\n|-damage|p1a: Bronzong|38\/100\n|move|p1a: Bronzong|Gyro Ball|p2b: Calyrex\n|-damage|p2b: Calyrex|18\/100\n|\n|-weather|SunnyDay|[upkeep]\n|-heal|p2b: Calyrex|24\/100|[from] item: Leftovers\n|-damage|p2a: Grimmsnarl|31\/100 brn|[from] brn\n|upkeep\n|turn|5\n|\n|t:|1736761598\n|move|p2b: Calyrex|Protect|p2b: Calyrex\n|-singleturn|p2b: Calyrex|Protect\n|move|p2a: Grimmsnarl|Parting Shot|p1b: Gouging Fire\n|-unboost|p1b: Gouging Fire|atk|1\n|-unboost|p1b: Gouging Fire|spa|1\n|\n|t:|1736761604\n|switch|p2a: Rillaboom|Rillaboom, L50, M|100\/100|[from] Parting Shot\n|-fieldstart|move: Grassy Terrain|[from] ability: Grassy Surge|[of] p2a: Rillaboom\n|move|p1b: Gouging Fire|Flare Blitz|p2b: Calyrex\n|-activate|p2b: Calyrex|move: Protect\n|move|p1a: Bronzong|Gyro Ball|p2a: Rillaboom\n|-damage|p2a: Rillaboom|70\/100\n|\n|-weather|none\n|-end|p1b: Gouging Fire|Protosynthesis\n|-heal|p2b: Calyrex|30\/100|[from] Grassy Terrain\n|-heal|p2b: Calyrex|36\/100|[from] item: Leftovers\n|-heal|p2a: Rillaboom|76\/100|[from] Grassy Terrain\n|upkeep\n|-enditem|p1b: Gouging Fire|Booster Energy\n|-activate|p1b: Gouging Fire|ability: Protosynthesis|[fromitem]\n|-start|p1b: Gouging Fire|protosynthesisspe\n|turn|6\n|inactive|GG=Groudon Gaming has 30 seconds left.\n|\n|t:|1736761632\n|move|p1b: Gouging Fire|Burning Bulwark|p1b: Gouging Fire\n|-singleturn|p1b: Gouging Fire|move: Protect\n|move|p2a: Rillaboom|Fake Out|p1b: Gouging Fire\n|-activate|p1b: Gouging Fire|move: Protect\n|-status|p2a: Rillaboom|brn\n|move|p2b: Calyrex|Giga Drain|p1a: Bronzong\n|-damage|p1a: Bronzong|0 fnt\n|-heal|p2b: Calyrex|49\/100|[from] drain|[of] p1a: Bronzong\n|faint|p1a: Bronzong\n|-ability|p2b: Calyrex|Grim Neigh|boost\n|-boost|p2b: Calyrex|spa|1\n|\n|-heal|p2b: Calyrex|55\/100|[from] Grassy Terrain\n|-heal|p2b: Calyrex|60\/100|[from] item: Leftovers\n|-heal|p2a: Rillaboom|82\/100 brn|[from] Grassy Terrain\n|-damage|p2a: Rillaboom|76\/100 brn|[from] brn\n|upkeep\n|turn|7\n|-message|GG=Groudon Gaming forfeited.\n|\n|win|massan2580\n|raw|GG=Groudon Gaming's rating: 1584 &rarr; <strong>1561<\/strong><br \/>(-23 for losing)\n|raw|massan2580's rating: 1540 &rarr; <strong>1563<\/strong><br \/>(+23 for winning)\n|l|\u2606GG=Groudon Gaming\n|player|p1|\n|l|\u2606massan2580\n|player|p2|\n","uploadtime":1736761842,"views":9,"formatid":"gen9vgc2025regg","rating":1561,"private":0,"password":null}