{"id":"gen9vgc2025regg-2280567242","format":"[Gen 9] VGC 2025 Reg G","players":["xatseye","daniiivgc"],"log":"|j|\u2606xatseye\n|j|\u203ddaniiivgc\n|t:|1736810555\n|gametype|doubles\n|player|p1|xatseye|1|1611\n|player|p2|daniiivgc|lucas|1607\n|teamsize|p1|6\n|teamsize|p2|6\n|gen|9\n|tier|[Gen 9] VGC 2025 Reg G\n|rated|\n|rule|Species Clause: Limit one of each Pok\u00e9mon\n|rule|Item Clause: Limit 1 of each item\n|clearpoke\n|poke|p1|Cresselia, L50, F|\n|poke|p1|Flutter Mane, L50|\n|poke|p1|Maushold-Four, L50|\n|poke|p1|Incineroar, L50, F|\n|poke|p1|Calyrex-Ice, L50|\n|poke|p1|Raging Bolt, L50|\n|poke|p2|Eternatus, L50|\n|poke|p2|Flutter Mane, L50|\n|poke|p2|Urshifu-*, L50, F|\n|poke|p2|Araquanid, L50, M|\n|poke|p2|Rillaboom, L50, M|\n|poke|p2|Incineroar, L50, M|\n|teampreview|4\n|inactive|Battle timer is ON: inactive players will automatically lose when time's up. (requested by xatseye)\n|inactive|daniiivgc has 60 seconds left.\n|inactive|daniiivgc has 30 seconds left.\n|\n|t:|1736810623\n|start\n|switch|p1a: Flutter Mane|Flutter Mane, L50|100\/100\n|switch|p1b: Maushold|Maushold-Four, L50, shiny|100\/100\n|switch|p2a: Eternatus|Eternatus, L50, shiny|100\/100\n|switch|p2b: Flutter Mane|Flutter Mane, L50, shiny|100\/100\n|-ability|p2a: Eternatus|Pressure\n|-enditem|p2b: Flutter Mane|Booster Energy\n|-activate|p2b: Flutter Mane|ability: Protosynthesis|[fromitem]\n|-start|p2b: Flutter Mane|protosynthesisspe\n|-enditem|p1a: Flutter Mane|Booster Energy\n|-activate|p1a: Flutter Mane|ability: Protosynthesis|[fromitem]\n|-start|p1a: Flutter Mane|protosynthesisspa\n|turn|1\n|inactive|daniiivgc has 30 seconds left.\n|j| ChilledLotusA\n|j| kroptar666\n|inactive|daniiivgc has 20 seconds left.\n|\n|t:|1736810661\n|move|p2a: Eternatus|Protect|p2a: Eternatus\n|-singleturn|p2a: Eternatus|Protect\n|move|p2b: Flutter Mane|Thunder Wave|p1a: Flutter Mane\n|-status|p1a: Flutter Mane|par\n|move|p1b: Maushold|Taunt|p2a: Eternatus\n|-activate|p2a: Eternatus|move: Protect\n|move|p1a: Flutter Mane|Shadow Ball|p2b: Flutter Mane\n|-supereffective|p2b: Flutter Mane\n|-damage|p2b: Flutter Mane|0 fnt\n|faint|p2b: Flutter Mane\n|-end|p2b: Flutter Mane|Protosynthesis|[silent]\n|\n|upkeep\n|l| kroptar666\n|\n|t:|1736810674\n|switch|p2b: Araquanid|Araquanid, L50, M, shiny|100\/100\n|turn|2\n|\n|t:|1736810683\n|move|p2a: Eternatus|Dynamax Cannon|p1b: Maushold\n|-enditem|p1b: Maushold|Focus Sash\n|-damage|p1b: Maushold|1\/100\n|-damage|p2a: Eternatus|91\/100|[from] item: Life Orb\n|move|p1b: Maushold|Super Fang|p2a: Eternatus\n|-damage|p2a: Eternatus|46\/100\n|move|p1a: Flutter Mane|Shadow Ball|p2a: Eternatus\n|-crit|p2a: Eternatus\n|-damage|p2a: Eternatus|0 fnt\n|faint|p2a: Eternatus\n|move|p2b: Araquanid|Liquidation|p1a: Flutter Mane\n|-damage|p1a: Flutter Mane|38\/100 par\n|-unboost|p1a: Flutter Mane|def|1\n|\n|upkeep\n|\n|t:|1736810697\n|switch|p2a: Urshifu|Urshifu, L50, F|100\/100\n|turn|3\n|\n|t:|1736810704\n|move|p2a: Urshifu|Detect|p2a: Urshifu\n|-singleturn|p2a: Urshifu|Protect\n|move|p1b: Maushold|Follow Me|p1b: Maushold\n|-singleturn|p1b: Maushold|move: Follow Me\n|cant|p1a: Flutter Mane|par\n|move|p2b: Araquanid|Liquidation|p1b: Maushold\n|-damage|p1b: Maushold|0 fnt\n|faint|p1b: Maushold\n|\n|upkeep\n|\n|t:|1736810715\n|switch|p1b: Raging Bolt|Raging Bolt, L50|100\/100\n|turn|4\n|\n|t:|1736810733\n|move|p2a: Urshifu|Sucker Punch|p1a: Flutter Mane\n|-damage|p1a: Flutter Mane|0 fnt\n|faint|p1a: Flutter Mane\n|-end|p1a: Flutter Mane|Protosynthesis|[silent]\n|move|p1b: Raging Bolt|Thunderbolt|p2a: Urshifu\n|-damage|p2a: Urshifu|30\/100\n|move|p2b: Araquanid|Infestation|p1b: Raging Bolt\n|-damage|p1b: Raging Bolt|98\/100\n|-activate|p1b: Raging Bolt|move: Infestation|[of] p2b: Araquanid\n|\n|-damage|p1b: Raging Bolt|86\/100|[from] move: Infestation|[partiallytrapped]\n|upkeep\n|\n|t:|1736810742\n|switch|p1a: Calyrex|Calyrex-Ice, L50|100\/100\n|-ability|p1a: Calyrex|As One\n|-ability|p1a: Calyrex|Unnerve\n|turn|5\n|inactive|daniiivgc has 30 seconds left.\n|\n|t:|1736810770\n|-terastallize|p1a: Calyrex|Dragon\n|move|p2a: Urshifu|Detect|p2a: Urshifu\n|-singleturn|p2a: Urshifu|Protect\n|move|p1b: Raging Bolt|Thunderclap||[still]\n|-fail|p1b: Raging Bolt\n|move|p1a: Calyrex|Glacial Lance|p2a: Urshifu|[spread] p2b\n|-activate|p2a: Urshifu|move: Protect\n|-resisted|p2b: Araquanid\n|-crit|p2b: Araquanid\n|-damage|p2b: Araquanid|72\/100\n|move|p2b: Araquanid|Liquidation|p1a: Calyrex\n|-resisted|p1a: Calyrex\n|-damage|p1a: Calyrex|88\/100\n|\n|-heal|p2b: Araquanid|78\/100|[from] item: Leftovers\n|-damage|p1b: Raging Bolt|74\/100|[from] move: Infestation|[partiallytrapped]\n|upkeep\n|turn|6\n|\n|t:|1736810791\n|move|p2b: Araquanid|Wide Guard|p2b: Araquanid\n|-singleturn|p2b: Araquanid|Wide Guard\n|move|p2a: Urshifu|Sucker Punch|p1b: Raging Bolt\n|-damage|p1b: Raging Bolt|41\/100\n|move|p1b: Raging Bolt|Thunderclap||[still]\n|-fail|p1b: Raging Bolt\n|move|p1a: Calyrex|High Horsepower|p2a: Urshifu\n|-damage|p2a: Urshifu|0 fnt\n|faint|p2a: Urshifu\n|-ability|p1a: Calyrex|Chilling Neigh|boost\n|-boost|p1a: Calyrex|atk|1\n|\n|-heal|p2b: Araquanid|83\/100|[from] item: Leftovers\n|-damage|p1b: Raging Bolt|29\/100|[from] move: Infestation|[partiallytrapped]\n|upkeep\n|turn|7\n|l| ChilledLotusA\n|\n|t:|1736810807\n|move|p1b: Raging Bolt|Thunderbolt|p2b: Araquanid\n|-supereffective|p2b: Araquanid\n|-damage|p2b: Araquanid|3\/100\n|move|p1a: Calyrex|Glacial Lance|p2b: Araquanid\n|-resisted|p2b: Araquanid\n|-crit|p2b: Araquanid\n|-damage|p2b: Araquanid|0 fnt\n|faint|p2b: Araquanid\n|\n|win|xatseye\n|raw|xatseye's rating: 1611 &rarr; <strong>1631<\/strong><br \/>(+20 for winning)\n|raw|daniiivgc's rating: 1607 &rarr; <strong>1587<\/strong><br \/>(-20 for losing)\n|l|\u203ddaniiivgc\n|player|p2|\n|l|\u2606xatseye\n|player|p1|\n","uploadtime":1736810987,"views":24,"formatid":"gen9vgc2025regg","rating":1587,"private":0,"password":null}