{"id":"gen9vgc2025regg-2280514559","format":"[Gen 9] VGC 2025 Reg G","players":["Dragoonlong","anton19"],"log":"|j|\u2606Dragoonlong\n|j|\u2606anton19\n|t:|1736804475\n|gametype|doubles\n|player|p1|Dragoonlong|1|1568\n|player|p2|anton19|1|1571\n|teamsize|p1|6\n|teamsize|p2|6\n|gen|9\n|tier|[Gen 9] VGC 2025 Reg G\n|rated|\n|rule|Species Clause: Limit one of each Pok\u00e9mon\n|rule|Item Clause: Limit 1 of each item\n|clearpoke\n|poke|p1|Ogerpon-Wellspring, L50, F|\n|poke|p1|Calyrex-Ice, L50|\n|poke|p1|Annihilape, L50, M|\n|poke|p1|Smeargle, L50, M|\n|poke|p1|Urshifu-*, L50, M|\n|poke|p1|Ursaluna-Bloodmoon, L50, M|\n|poke|p2|Pelipper, L50, F|\n|poke|p2|Calyrex-Ice, L50|\n|poke|p2|Rillaboom, L50, M|\n|poke|p2|Urshifu-*, L50, F|\n|poke|p2|Flutter Mane, L50|\n|poke|p2|Ogerpon-Cornerstone, L50, F|\n|teampreview|4\n|inactive|Battle timer is ON: inactive players will automatically lose when time's up. (requested by anton19)\n|\n|t:|1736804503\n|start\n|switch|p1a: Calyrex|Calyrex-Ice, L50|100\/100\n|switch|p1b: Annihilape|Annihilape, L50, M|100\/100\n|switch|p2a: Ogerpon|Ogerpon-Cornerstone, L50, F|100\/100\n|switch|p2b: Calyrex|Calyrex-Ice, L50|100\/100\n|-ability|p1a: Calyrex|As One\n|-ability|p1a: Calyrex|Unnerve\n|-ability|p2b: Calyrex|As One\n|-ability|p2b: Calyrex|Unnerve\n|turn|1\n|j| play sos wednesday\n|j| vgcvillains\n|j| sitojuri\n|\n|t:|1736804520\n|-terastallize|p1a: Calyrex|Water\n|move|p1b: Annihilape|Rage Fist|p2b: Calyrex\n|-supereffective|p2b: Calyrex\n|-damage|p2b: Calyrex|74\/100\n|move|p2a: Ogerpon|Ivy Cudgel|p1a: Calyrex|[anim] Ivy Cudgel Rock\n|-damage|p1a: Calyrex|64\/100\n|move|p1a: Calyrex|Glacial Lance|p2a: Ogerpon|[spread] p2a,p2b\n|-supereffective|p2a: Ogerpon\n|-crit|p2a: Ogerpon\n|-resisted|p2b: Calyrex\n|-ability|p2a: Ogerpon|Sturdy\n|-damage|p2a: Ogerpon|1\/100\n|-damage|p2b: Calyrex|57\/100\n|move|p2b: Calyrex|Glacial Lance|p1a: Calyrex|[spread] p1a,p1b\n|-resisted|p1a: Calyrex\n|-crit|p1a: Calyrex\n|-damage|p1a: Calyrex|34\/100\n|-damage|p1b: Annihilape|34\/100\n|\n|upkeep\n|turn|2\n|inactive|anton19 has 30 seconds left.\n|inactive|Dragoonlong has 30 seconds left.\n|\n|t:|1736804553\n|switch|p1a: Ogerpon|Ogerpon-Wellspring, L50, F|100\/100\n|move|p1b: Annihilape|Rage Fist|p2b: Calyrex\n|-supereffective|p2b: Calyrex\n|-damage|p2b: Calyrex|1\/100\n|move|p2a: Ogerpon|Horn Leech|p1b: Annihilape\n|-damage|p1b: Annihilape|0 fnt\n|-heal|p2a: Ogerpon|21\/100|[from] drain|[of] p1b: Annihilape\n|faint|p1b: Annihilape\n|move|p2b: Calyrex|Glacial Lance|p1a: Ogerpon\n|-damage|p1a: Ogerpon|23\/100\n|\n|upkeep\n|\n|t:|1736804568\n|switch|p1b: Calyrex|Calyrex-Ice, L50, tera:Water|34\/100\n|-ability|p1b: Calyrex|As One\n|-ability|p1b: Calyrex|Unnerve\n|turn|3\n|\n|t:|1736804582\n|move|p2b: Calyrex|Protect|p2b: Calyrex\n|-singleturn|p2b: Calyrex|Protect\n|move|p1a: Ogerpon|Follow Me|p1a: Ogerpon\n|-singleturn|p1a: Ogerpon|move: Follow Me\n|move|p2a: Ogerpon|Horn Leech|p1a: Ogerpon\n|-damage|p1a: Ogerpon|0 fnt\n|-heal|p2a: Ogerpon|33\/100|[from] drain|[of] p1a: Ogerpon\n|faint|p1a: Ogerpon\n|move|p1b: Calyrex|Glacial Lance|p2a: Ogerpon|[spread] p2a\n|-activate|p2b: Calyrex|move: Protect\n|-supereffective|p2a: Ogerpon\n|-crit|p2a: Ogerpon\n|-damage|p2a: Ogerpon|0 fnt\n|faint|p2a: Ogerpon\n|-ability|p1b: Calyrex|Chilling Neigh|boost\n|-boost|p1b: Calyrex|atk|1\n|\n|upkeep\n|\n|t:|1736804600\n|switch|p2a: Rillaboom|Rillaboom, L50, M|100\/100\n|switch|p1a: Smeargle|Smeargle, L50, M|100\/100\n|-fieldstart|move: Grassy Terrain|[from] ability: Grassy Surge|[of] p2a: Rillaboom\n|turn|4\n|\n|t:|1736804618\n|move|p1b: Calyrex|Protect|p1b: Calyrex\n|-singleturn|p1b: Calyrex|Protect\n|move|p2a: Rillaboom|Fake Out|p1b: Calyrex\n|-activate|p1b: Calyrex|move: Protect\n|move|p1a: Smeargle|Fake Out|p2b: Calyrex\n|-damage|p2b: Calyrex|0 fnt\n|-enditem|p1b: Calyrex|Sitrus Berry|[eat]\n|-heal|p1b: Calyrex|59\/100|[from] item: Sitrus Berry\n|faint|p2b: Calyrex\n|\n|-heal|p1b: Calyrex|65\/100|[from] Grassy Terrain\n|upkeep\n|\n|t:|1736804625\n|switch|p2b: Pelipper|Pelipper, L50, F|100\/100\n|-weather|RainDance|[from] ability: Drizzle|[of] p2b: Pelipper\n|turn|5\n|\n|t:|1736804645\n|-terastallize|p2a: Rillaboom|Fire\n|move|p2b: Pelipper|Protect|p2b: Pelipper\n|-singleturn|p2b: Pelipper|Protect\n|move|p1a: Smeargle|Follow Me|p1a: Smeargle\n|-singleturn|p1a: Smeargle|move: Follow Me\n|move|p2a: Rillaboom|Wood Hammer|p1a: Smeargle\n|-enditem|p1a: Smeargle|Focus Sash\n|-damage|p1a: Smeargle|1\/100\n|-damage|p2a: Rillaboom|71\/100|[from] Recoil\n|move|p1b: Calyrex|Trick Room|p1b: Calyrex\n|-fieldstart|move: Trick Room|[of] p1b: Calyrex\n|\n|-weather|RainDance|[upkeep]\n|-heal|p1a: Smeargle|7\/100|[from] Grassy Terrain\n|-heal|p1b: Calyrex|71\/100|[from] Grassy Terrain\n|-heal|p2a: Rillaboom|77\/100|[from] Grassy Terrain\n|upkeep\n|turn|6\n|\n|t:|1736804666\n|move|p1a: Smeargle|Follow Me|p1a: Smeargle\n|-singleturn|p1a: Smeargle|move: Follow Me\n|move|p2a: Rillaboom|Grassy Glide|p1a: Smeargle\n|-damage|p1a: Smeargle|0 fnt\n|faint|p1a: Smeargle\n|move|p1b: Calyrex|High Horsepower|p2a: Rillaboom\n|-supereffective|p2a: Rillaboom\n|-damage|p2a: Rillaboom|0 fnt\n|faint|p2a: Rillaboom\n|-ability|p1b: Calyrex|Chilling Neigh|boost\n|-boost|p1b: Calyrex|atk|1\n|move|p2b: Pelipper|Hurricane|p1b: Calyrex\n|-damage|p1b: Calyrex|37\/100\n|\n|-weather|RainDance|[upkeep]\n|-heal|p1b: Calyrex|43\/100|[from] Grassy Terrain\n|upkeep\n|turn|7\n|\n|t:|1736804684\n|move|p1b: Calyrex|Glacial Lance|p2b: Pelipper\n|-enditem|p2b: Pelipper|Focus Sash\n|-damage|p2b: Pelipper|1\/100\n|move|p2b: Pelipper|Hurricane|p1b: Calyrex\n|-crit|p1b: Calyrex\n|-damage|p1b: Calyrex|0 fnt\n|faint|p1b: Calyrex\n|\n|win|anton19\n|raw|Dragoonlong's rating: 1568 &rarr; <strong>1548<\/strong><br \/>(-20 for losing)\n|raw|anton19's rating: 1571 &rarr; <strong>1591<\/strong><br \/>(+20 for winning)\n|l|\u2606Dragoonlong\n|player|p1|\n|l| play sos wednesday\n|l| sitojuri\n|l|\u2606anton19\n|player|p2|\n","uploadtime":1736804896,"views":6,"formatid":"gen9vgc2025regg","rating":1548,"private":0,"password":null}