{"id":"gen9vgc2025regg-2280653977","format":"[Gen 9] VGC 2025 Reg G","players":["grayrainvgc","Emirnent"],"log":"|j|\u2606grayrainvgc\n|j|\u2606Emirnent\n|t:|1736821748\n|gametype|doubles\n|player|p1|grayrainvgc|265|1612\n|player|p2|Emirnent|1|1669\n|teamsize|p1|6\n|teamsize|p2|6\n|gen|9\n|tier|[Gen 9] VGC 2025 Reg G\n|rated|\n|rule|Species Clause: Limit one of each Pok\u00e9mon\n|rule|Item Clause: Limit 1 of each item\n|clearpoke\n|poke|p1|Zamazenta-*, L50|\n|poke|p1|Flutter Mane, L50|\n|poke|p1|Latios, L50, M|\n|poke|p1|Chi-Yu, L50|\n|poke|p1|Tyranitar, L50, F|\n|poke|p1|Rillaboom, L50, F|\n|poke|p2|Articuno, L50|\n|poke|p2|Ninetales-Alola, L50, F|\n|poke|p2|Kyogre, L50|\n|poke|p2|Tornadus, L50, M|\n|poke|p2|Landorus, L50, M|\n|poke|p2|Volcarona, L50, M|\n|teampreview|4\n|inactive|Battle timer is ON: inactive players will automatically lose when time's up. (requested by Emirnent)\n|inactive|grayrainvgc has 60 seconds left.\n|\n|t:|1736821808\n|start\n|switch|p1a: Zamazenta|Zamazenta-Crowned, L50|100\/100\n|switch|p1b: Flutter Mane|Flutter Mane, L50|100\/100\n|switch|p2a: Tornadus|Tornadus, L50, M|100\/100\n|switch|p2b: Volcarona|Volcarona, L50, M|100\/100\n|-ability|p1a: Zamazenta|Dauntless Shield|boost\n|-boost|p1a: Zamazenta|def|1\n|-enditem|p1b: Flutter Mane|Booster Energy\n|-activate|p1b: Flutter Mane|ability: Protosynthesis|[fromitem]\n|-start|p1b: Flutter Mane|protosynthesisspe\n|turn|1\n|j| Llayxx\n|j| WideGuardInspector\n|\n|t:|1736821824\n|move|p2a: Tornadus|Tailwind|p2a: Tornadus\n|-sidestart|p2: Emirnent|move: Tailwind\n|move|p2b: Volcarona|Will-O-Wisp|p1a: Zamazenta|[miss]\n|-miss|p2b: Volcarona|p1a: Zamazenta\n|move|p1b: Flutter Mane|Icy Wind|p2a: Tornadus|[spread] p2a,p2b\n|-supereffective|p2a: Tornadus\n|-resisted|p2b: Volcarona\n|-damage|p2a: Tornadus|62\/100\n|-damage|p2b: Volcarona|94\/100\n|-unboost|p2a: Tornadus|spe|1\n|-unboost|p2b: Volcarona|spe|1\n|move|p1a: Zamazenta|Heavy Slam|p2a: Tornadus\n|-damage|p2a: Tornadus|0 fnt\n|faint|p2a: Tornadus\n|\n|upkeep\n|\n|t:|1736821829\n|switch|p2a: Kyogre|Kyogre, L50|100\/100\n|-weather|RainDance|[from] ability: Drizzle|[of] p2a: Kyogre\n|turn|2\n|\n|t:|1736821847\n|-terastallize|p1a: Zamazenta|Dragon\n|move|p2a: Kyogre|Water Spout|p1a: Zamazenta|[spread] p1a,p1b\n|-resisted|p1a: Zamazenta\n|-damage|p1a: Zamazenta|64\/100\n|-damage|p1b: Flutter Mane|22\/100\n|move|p1b: Flutter Mane|Moonblast|p2a: Kyogre\n|-damage|p2a: Kyogre|64\/100\n|move|p2b: Volcarona|Will-O-Wisp|p1a: Zamazenta\n|-status|p1a: Zamazenta|brn\n|move|p1a: Zamazenta|Body Press|p2a: Kyogre\n|-damage|p2a: Kyogre|27\/100\n|\n|-weather|RainDance|[upkeep]\n|-damage|p1a: Zamazenta|57\/100 brn|[from] brn\n|upkeep\n|turn|3\n|inactive|Emirnent has 30 seconds left.\n|\n|t:|1736821878\n|move|p1b: Flutter Mane|Protect|p1b: Flutter Mane\n|-singleturn|p1b: Flutter Mane|Protect\n|move|p1a: Zamazenta|Protect|p1a: Zamazenta\n|-singleturn|p1a: Zamazenta|Protect\n|move|p2a: Kyogre|Blizzard|p1b: Flutter Mane|[spread] \n|-activate|p1a: Zamazenta|move: Protect\n|-activate|p1b: Flutter Mane|move: Protect\n|move|p2b: Volcarona|Overheat|p1b: Flutter Mane\n|-activate|p1b: Flutter Mane|move: Protect\n|\n|-weather|RainDance|[upkeep]\n|-damage|p1a: Zamazenta|51\/100 brn|[from] brn\n|upkeep\n|turn|4\n|\n|t:|1736821899\n|move|p1a: Zamazenta|Wide Guard|p1a: Zamazenta\n|-singleturn|p1a: Zamazenta|Wide Guard\n|move|p2a: Kyogre|Blizzard|p1a: Zamazenta|[spread] \n|-activate|p1a: Zamazenta|move: Wide Guard\n|-activate|p1b: Flutter Mane|move: Wide Guard\n|move|p1b: Flutter Mane|Moonblast|p2a: Kyogre\n|-damage|p2a: Kyogre|0 fnt\n|faint|p2a: Kyogre\n|move|p2b: Volcarona|Overheat|p1b: Flutter Mane\n|-damage|p1b: Flutter Mane|0 fnt\n|-unboost|p2b: Volcarona|spa|2\n|faint|p1b: Flutter Mane\n|-end|p1b: Flutter Mane|Protosynthesis|[silent]\n|\n|-weather|RainDance|[upkeep]\n|-damage|p1a: Zamazenta|45\/100 brn|[from] brn\n|-sideend|p2: Emirnent|move: Tailwind\n|upkeep\n|\n|t:|1736821913\n|switch|p1b: Tyranitar|Tyranitar, L50, F|100\/100\n|switch|p2a: Landorus|Landorus, L50, M|100\/100\n|-weather|Sandstorm|[from] ability: Sand Stream|[of] p1b: Tyranitar\n|turn|5\n|\n|t:|1736821925\n|-terastallize|p2b: Volcarona|Water\n|move|p1b: Tyranitar|Protect|p1b: Tyranitar\n|-singleturn|p1b: Tyranitar|Protect\n|move|p2a: Landorus|Earth Power|p1a: Zamazenta\n|-damage|p1a: Zamazenta|0 fnt\n|faint|p1a: Zamazenta\n|move|p2b: Volcarona|Will-O-Wisp|p1b: Tyranitar\n|-activate|p1b: Tyranitar|move: Protect\n|\n|-weather|Sandstorm|[upkeep]\n|-damage|p2b: Volcarona|88\/100|[from] Sandstorm\n|upkeep\n|\n|t:|1736821932\n|switch|p1a: Rillaboom|Rillaboom, L50, F|100\/100\n|-fieldstart|move: Grassy Terrain|[from] ability: Grassy Surge|[of] p1a: Rillaboom\n|turn|6\n|\n|t:|1736821941\n|move|p1a: Rillaboom|Fake Out|p2a: Landorus\n|-damage|p2a: Landorus|81\/100\n|cant|p2a: Landorus|flinch\n|move|p1b: Tyranitar|Knock Off|p2a: Landorus\n|-damage|p2a: Landorus|14\/100\n|-enditem|p2a: Landorus|Choice Scarf|[from] move: Knock Off|[of] p1b: Tyranitar\n|move|p2b: Volcarona|Struggle Bug|p1b: Tyranitar|[spread] p1a,p1b\n|-supereffective|p1a: Rillaboom\n|-supereffective|p1b: Tyranitar\n|-damage|p1a: Rillaboom|78\/100\n|-damage|p1b: Tyranitar|89\/100\n|-unboost|p1a: Rillaboom|spa|1\n|-unboost|p1b: Tyranitar|spa|1\n|\n|-weather|Sandstorm|[upkeep]\n|-damage|p1a: Rillaboom|72\/100|[from] Sandstorm\n|-damage|p2b: Volcarona|82\/100|[from] Sandstorm\n|-heal|p1a: Rillaboom|78\/100|[from] Grassy Terrain\n|-heal|p1b: Tyranitar|95\/100|[from] Grassy Terrain\n|-heal|p2b: Volcarona|88\/100|[from] Grassy Terrain\n|upkeep\n|turn|7\n|\n|t:|1736821965\n|move|p1a: Rillaboom|Grassy Glide|p2a: Landorus\n|-damage|p2a: Landorus|0 fnt\n|faint|p2a: Landorus\n|move|p1b: Tyranitar|Knock Off|p2b: Volcarona\n|-damage|p2b: Volcarona|27\/100\n|-status|p1b: Tyranitar|brn|[from] ability: Flame Body|[of] p2b: Volcarona\n|-enditem|p2b: Volcarona|Sitrus Berry|[from] move: Knock Off|[of] p1b: Tyranitar\n|move|p2b: Volcarona|Overheat|p1a: Rillaboom|[miss]\n|-miss|p2b: Volcarona|p1a: Rillaboom\n|\n|-weather|Sandstorm|[upkeep]\n|-damage|p1a: Rillaboom|72\/100|[from] Sandstorm\n|-damage|p2b: Volcarona|20\/100|[from] Sandstorm\n|-heal|p1a: Rillaboom|78\/100|[from] Grassy Terrain\n|-heal|p1b: Tyranitar|100\/100 brn|[from] Grassy Terrain\n|-heal|p2b: Volcarona|27\/100|[from] Grassy Terrain\n|-damage|p1b: Tyranitar|95\/100 brn|[from] brn\n|upkeep\n|turn|8\n|-message|Emirnent forfeited.\n|\n|win|grayrainvgc\n|raw|grayrainvgc's rating: 1612 &rarr; <strong>1635<\/strong><br \/>(+23 for winning)\n|raw|Emirnent's rating: 1669 &rarr; <strong>1646<\/strong><br \/>(-23 for losing)\n|l|\u2606Emirnent\n|player|p2|\n|l| Llayxx\n|l|\u2606grayrainvgc\n|player|p1|\n|l| WideGuardInspector\n","uploadtime":1736822238,"views":48,"formatid":"gen9vgc2025regg","rating":1635,"private":0,"password":null}