{"id":"gen9vgc2025regg-2280725125","format":"[Gen 9] VGC 2025 Reg G","players":["Yung Trav","aiyeyeyeVGC"],"log":"|j|\u2606Yung Trav\n|j|\u2606aiyeyeyeVGC\n|t:|1736832276\n|gametype|doubles\n|player|p1|Yung Trav|101|1578\n|player|p2|aiyeyeyeVGC|caitlin|1548\n|teamsize|p1|6\n|teamsize|p2|6\n|gen|9\n|tier|[Gen 9] VGC 2025 Reg G\n|rated|\n|rule|Species Clause: Limit one of each Pok\u00e9mon\n|rule|Item Clause: Limit 1 of each item\n|clearpoke\n|poke|p1|Lunala, L50|\n|poke|p1|Indeedee-F, L50, F|\n|poke|p1|Ursaluna, L50, M|\n|poke|p1|Whimsicott, L50, F|\n|poke|p1|Urshifu-*, L50, M|\n|poke|p1|Chi-Yu, L50|\n|poke|p2|Terapagos, L50, M|\n|poke|p2|Indeedee-F, L50, F|\n|poke|p2|Landorus, L50, M|\n|poke|p2|Flutter Mane, L50|\n|poke|p2|Rillaboom, L50, M|\n|poke|p2|Ogerpon-Wellspring, L50, F|\n|teampreview|4\n|inactive|Battle timer is ON: inactive players will automatically lose when time's up. (requested by aiyeyeyeVGC)\n|inactive|Yung Trav has 60 seconds left.\n|\n|t:|1736832320\n|start\n|switch|p1a: Whimsicott|Whimsicott, L50, F, shiny|100\/100\n|switch|p1b: Lunala|Lunala, L50, shiny|100\/100\n|switch|p2a: Terapagos|Terapagos, L50, M|100\/100\n|switch|p2b: Landorus|Landorus, L50, M, shiny|100\/100\n|-activate|p2a: Terapagos|ability: Tera Shift\n|detailschange|p2a: Terapagos|Terapagos-Terastal, L50, M\n|-heal|p2a: Terapagos|100\/100|[silent]\n|turn|1\n|\n|t:|1736832340\n|move|p1a: Whimsicott|Tailwind|p1a: Whimsicott\n|-sidestart|p1: Yung Trav|move: Tailwind\n|move|p2b: Landorus|Sludge Bomb|p1a: Whimsicott\n|-supereffective|p1a: Whimsicott\n|-damage|p1a: Whimsicott|0 fnt\n|faint|p1a: Whimsicott\n|move|p1b: Lunala|Meteor Beam||[still]\n|-prepare|p1b: Lunala|Meteor Beam\n|-boost|p1b: Lunala|spa|1\n|-enditem|p1b: Lunala|Power Herb\n|-anim|p1b: Lunala|Meteor Beam|p2b: Landorus\n|-damage|p2b: Landorus|9\/100\n|move|p2a: Terapagos|Meteor Beam||[still]\n|-prepare|p2a: Terapagos|Meteor Beam\n|-boost|p2a: Terapagos|spa|1\n|-enditem|p2a: Terapagos|Power Herb\n|-anim|p2a: Terapagos|Meteor Beam|p1b: Lunala\n|-damage|p1b: Lunala|81\/100\n|\n|upkeep\n|\n|t:|1736832362\n|switch|p1a: Chi-Yu|Chi-Yu, L50|100\/100\n|-ability|p1a: Chi-Yu|Beads of Ruin\n|turn|2\n|\n|t:|1736832385\n|-terastallize|p2a: Terapagos|Stellar\n|detailschange|p2a: Terapagos|Terapagos-Stellar, L50, M, tera:Stellar\n|-heal|p2a: Terapagos|100\/100|[silent]\n|move|p1a: Chi-Yu|Snarl|p2b: Landorus|[spread] p2a,p2b\n|-damage|p2a: Terapagos|81\/100\n|-damage|p2b: Landorus|0 fnt\n|-unboost|p2a: Terapagos|spa|1\n|faint|p2b: Landorus\n|move|p1b: Lunala|Expanding Force|p2a: Terapagos\n|-damage|p2a: Terapagos|23\/100\n|move|p2a: Terapagos|Tera Starstorm|p1a: Chi-Yu|[spread] p1a,p1b\n|-damage|p1a: Chi-Yu|58\/100\n|-damage|p1b: Lunala|43\/100\n|\n|upkeep\n|\n|t:|1736832404\n|switch|p2b: Ogerpon|Ogerpon-Wellspring, L50, F|100\/100\n|turn|3\n|\n|t:|1736832416\n|move|p2a: Terapagos|Protect|p2a: Terapagos\n|-singleturn|p2a: Terapagos|Protect\n|move|p1a: Chi-Yu|Snarl|p2b: Ogerpon|[spread] p2b\n|-activate|p2a: Terapagos|move: Protect\n|-damage|p2b: Ogerpon|73\/100\n|-unboost|p2b: Ogerpon|spa|1\n|move|p1b: Lunala|Moongeist Beam|p2b: Ogerpon\n|-crit|p2b: Ogerpon\n|-damage|p2b: Ogerpon|0 fnt\n|faint|p2b: Ogerpon\n|\n|upkeep\n|\n|t:|1736832429\n|switch|p2b: Rillaboom|Rillaboom, L50, M, shiny|100\/100\n|-fieldstart|move: Grassy Terrain|[from] ability: Grassy Surge|[of] p2b: Rillaboom\n|turn|4\n|\n|t:|1736832448\n|-terastallize|p1a: Chi-Yu|Ghost\n|move|p2a: Terapagos|Protect||[still]\n|-fail|p2a: Terapagos\n|move|p2b: Rillaboom|Fake Out|p1a: Chi-Yu\n|-immune|p1a: Chi-Yu\n|move|p1a: Chi-Yu|Snarl|p2b: Rillaboom|[spread] p2a,p2b\n|-damage|p2a: Terapagos|3\/100\n|-damage|p2b: Rillaboom|78\/100\n|-unboost|p2a: Terapagos|spa|1\n|-unboost|p2b: Rillaboom|spa|1\n|move|p1b: Lunala|Expanding Force|p2a: Terapagos\n|-damage|p2a: Terapagos|0 fnt\n|faint|p2a: Terapagos\n|\n|-heal|p1a: Chi-Yu|64\/100|[from] Grassy Terrain\n|-heal|p1b: Lunala|49\/100|[from] Grassy Terrain\n|-heal|p2b: Rillaboom|84\/100|[from] Grassy Terrain\n|-sideend|p1: Yung Trav|move: Tailwind\n|upkeep\n|turn|5\n|-message|aiyeyeyeVGC forfeited.\n|\n|win|Yung Trav\n|raw|Yung Trav's rating: 1578 &rarr; <strong>1596<\/strong><br \/>(+18 for winning)\n|raw|aiyeyeyeVGC's rating: 1548 &rarr; <strong>1530<\/strong><br \/>(-18 for losing)\n|l|\u2606aiyeyeyeVGC\n|player|p2|\n|l|\u2606Yung Trav\n|player|p1|\n","uploadtime":1736832623,"views":26,"formatid":"gen9vgc2025regg","rating":1530,"private":0,"password":null}