{"id":"gen9vgc2025regg-2280131542","format":"[Gen 9] VGC 2025 Reg G","players":["Iamsliverfish","tyuiop112"],"log":"|j|\u2606Iamsliverfish\n|j|\u2606tyuiop112\n|t:|1736756379\n|gametype|doubles\n|player|p1|Iamsliverfish|hiker-gen4|1559\n|player|p2|tyuiop112|102|1656\n|teamsize|p1|6\n|teamsize|p2|6\n|gen|9\n|tier|[Gen 9] VGC 2025 Reg G\n|rated|\n|rule|Species Clause: Limit one of each Pok\u00e9mon\n|rule|Item Clause: Limit 1 of each item\n|clearpoke\n|poke|p1|Calyrex-Shadow, L50|\n|poke|p1|Ursaluna, L50, M|\n|poke|p1|Indeedee-F, L50, F|\n|poke|p1|Ogerpon-Wellspring, L50, F|\n|poke|p1|Tornadus, L50, M|\n|poke|p1|Chi-Yu, L50|\n|poke|p2|Calyrex-Shadow, L50|\n|poke|p2|Incineroar, L50, F|\n|poke|p2|Rillaboom, L50, F|\n|poke|p2|Raging Bolt, L50|\n|poke|p2|Urshifu-*, L50, M|\n|poke|p2|Amoonguss, L50, F|\n|teampreview|4\n|j| Deathbydeath01\n|\n|t:|1736756419\n|start\n|switch|p1a: Chi-Yu|Chi-Yu, L50|100\/100\n|switch|p1b: Calyrex|Calyrex-Shadow, L50|100\/100\n|switch|p2a: Incineroar|Incineroar, L50, F|100\/100\n|switch|p2b: Raging Bolt|Raging Bolt, L50|100\/100\n|-ability|p1b: Calyrex|As One\n|-ability|p1b: Calyrex|Unnerve\n|-ability|p1a: Chi-Yu|Beads of Ruin\n|-ability|p2a: Incineroar|Intimidate|boost\n|-unboost|p1a: Chi-Yu|atk|1\n|-unboost|p1b: Calyrex|atk|1\n|turn|1\n|\n|t:|1736756448\n|-terastallize|p1b: Calyrex|Ground\n|move|p1a: Chi-Yu|Heat Wave|p2a: Incineroar|[spread] p2a,p2b\n|-resisted|p2a: Incineroar\n|-resisted|p2b: Raging Bolt\n|-damage|p2a: Incineroar|77\/100\n|-damage|p2b: Raging Bolt|87\/100\n|move|p1b: Calyrex|Tera Blast|p2b: Raging Bolt|[anim] Tera Blast Ground\n|-supereffective|p2b: Raging Bolt\n|-damage|p2b: Raging Bolt|0 fnt\n|faint|p2b: Raging Bolt\n|-end|p2b: Raging Bolt|Protosynthesis|[silent]\n|-ability|p1b: Calyrex|Grim Neigh|boost\n|-boost|p1b: Calyrex|spa|1\n|-damage|p1b: Calyrex|91\/100|[from] item: Life Orb\n|move|p2a: Incineroar|Knock Off|p1a: Chi-Yu\n|-resisted|p1a: Chi-Yu\n|-damage|p1a: Chi-Yu|68\/100\n|-enditem|p1a: Chi-Yu|Choice Scarf|[from] move: Knock Off|[of] p2a: Incineroar\n|\n|upkeep\n|\n|t:|1736756489\n|switch|p2b: Urshifu|Urshifu-Rapid-Strike, L50, M|100\/100\n|turn|2\n|\n|t:|1736756502\n|move|p2b: Urshifu|Protect|p2b: Urshifu\n|-singleturn|p2b: Urshifu|Protect\n|move|p1b: Calyrex|Astral Barrage|p2b: Urshifu|[spread] p2a\n|-activate|p2b: Urshifu|move: Protect\n|-resisted|p2a: Incineroar\n|-damage|p2a: Incineroar|16\/100\n|-damage|p1b: Calyrex|81\/100|[from] item: Life Orb\n|move|p1a: Chi-Yu|Heat Wave|p2a: Incineroar|[spread] \n|-activate|p2b: Urshifu|move: Protect\n|-miss|p1a: Chi-Yu|p2a: Incineroar\n|move|p2a: Incineroar|Parting Shot|p1b: Calyrex\n|-unboost|p1b: Calyrex|atk|1\n|-unboost|p1b: Calyrex|spa|1\n|j| zxc123zxc\n|\n|t:|1736756518\n|switch|p2a: Calyrex|Calyrex-Shadow, L50|100\/100|[from] Parting Shot\n|-ability|p2a: Calyrex|As One\n|-ability|p2a: Calyrex|Unnerve\n|\n|upkeep\n|turn|3\n|\n|t:|1736756536\n|switch|p1a: Indeedee|Indeedee-F, L50, F|100\/100\n|-fieldstart|move: Psychic Terrain|[from] ability: Psychic Surge|[of] p1a: Indeedee\n|-terastallize|p2a: Calyrex|Dark\n|move|p2b: Urshifu|Aqua Jet|p1a: Indeedee\n|-activate|p1a: Indeedee|move: Psychic Terrain\n|move|p1b: Calyrex|Expanding Force|p2b: Urshifu|[spread] p2b\n|-immune|p2a: Calyrex\n|-supereffective|p2b: Urshifu\n|-enditem|p2b: Urshifu|Focus Sash\n|-damage|p2b: Urshifu|1\/100\n|-damage|p1b: Calyrex|71\/100|[from] item: Life Orb\n|move|p2a: Calyrex|Astral Barrage|p1b: Calyrex|[spread] p1b\n|-immune|p1a: Indeedee\n|-damage|p1b: Calyrex|0 fnt\n|faint|p1b: Calyrex\n|-ability|p2a: Calyrex|Grim Neigh|boost\n|-boost|p2a: Calyrex|spa|1\n|-damage|p2a: Calyrex|91\/100|[from] item: Life Orb\n|\n|upkeep\n|\n|t:|1736756543\n|switch|p1b: Chi-Yu|Chi-Yu, L50|68\/100\n|-ability|p1b: Chi-Yu|Beads of Ruin\n|turn|4\n|\n|t:|1736756566\n|move|p2b: Urshifu|Protect|p2b: Urshifu\n|-singleturn|p2b: Urshifu|Protect\n|move|p2a: Calyrex|Pollen Puff|p1a: Indeedee\n|-supereffective|p1a: Indeedee\n|-damage|p1a: Indeedee|0 fnt\n|faint|p1a: Indeedee\n|-ability|p2a: Calyrex|Grim Neigh|boost\n|-boost|p2a: Calyrex|spa|1\n|-damage|p2a: Calyrex|82\/100|[from] item: Life Orb\n|move|p1b: Chi-Yu|Overheat|p2a: Calyrex\n|-damage|p2a: Calyrex|0 fnt\n|-unboost|p1b: Chi-Yu|spa|2\n|faint|p2a: Calyrex\n|\n|upkeep\n|\n|t:|1736756579\n|switch|p2a: Incineroar|Incineroar, L50, F|16\/100\n|switch|p1a: Tornadus|Tornadus, L50, M|100\/100\n|-ability|p2a: Incineroar|Intimidate|boost\n|-unboost|p1a: Tornadus|atk|1\n|-unboost|p1b: Chi-Yu|atk|1\n|turn|5\n|\n|t:|1736756590\n|move|p2a: Incineroar|Fake Out|p1a: Tornadus\n|-hint|Psychic Terrain doesn't affect Pok\u00e9mon immune to Ground.\n|-damage|p1a: Tornadus|87\/100\n|move|p1b: Chi-Yu|Overheat|p2b: Urshifu\n|-resisted|p2b: Urshifu\n|-damage|p2b: Urshifu|0 fnt\n|-unboost|p1b: Chi-Yu|spa|2\n|faint|p2b: Urshifu\n|cant|p1a: Tornadus|flinch\n|\n|upkeep\n|turn|6\n|-message|tyuiop112 forfeited.\n|\n|win|Iamsliverfish\n|raw|Iamsliverfish's rating: 1559 &rarr; <strong>1584<\/strong><br \/>(+25 for winning)\n|raw|tyuiop112's rating: 1656 &rarr; <strong>1631<\/strong><br \/>(-25 for losing)\n|l|\u2606tyuiop112\n|player|p2|\n|l|\u2606Iamsliverfish\n|player|p1|\n|l| zxc123zxc\n|l| Deathbydeath01\n","uploadtime":1736756802,"views":35,"formatid":"gen9vgc2025regg","rating":1584,"private":0,"password":null}