{"id":"gen9vgc2025regg-2280207062","format":"[Gen 9] VGC 2025 Reg G","players":["chuanOVO","something123"],"log":"|j|\u2606chuanOVO\n|j|\u2606something123\n|t:|1736770620\n|gametype|doubles\n|player|p1|chuanOVO|n|1558\n|player|p2|something123|170|1640\n|teamsize|p1|6\n|teamsize|p2|6\n|gen|9\n|tier|[Gen 9] VGC 2025 Reg G\n|rated|\n|rule|Species Clause: Limit one of each Pok\u00e9mon\n|rule|Item Clause: Limit 1 of each item\n|clearpoke\n|poke|p1|Calyrex-Shadow, L50|\n|poke|p1|Mienshao, L50, M|\n|poke|p1|Weezing-Galar, L50, M|\n|poke|p1|Maushold, L50|\n|poke|p1|Dondozo, L50, M|\n|poke|p1|Tatsugiri, L50, M|\n|poke|p2|Miraidon, L50|\n|poke|p2|Whimsicott, L50, F|\n|poke|p2|Dondozo, L50, M|\n|poke|p2|Tatsugiri, L50, F|\n|poke|p2|Ditto, L50|\n|poke|p2|Cobalion, L50|\n|teampreview|4\n|j| takuchyan\n|\n|t:|1736770643\n|start\n|switch|p1a: Mienshao|Mienshao, L50, M, shiny|100\/100\n|switch|p1b: Calyrex|Calyrex-Shadow, L50|100\/100\n|switch|p2a: Dondozo|Dondozo, L50, M|100\/100\n|switch|p2b: Miraidon|Miraidon, L50|100\/100\n|-ability|p1b: Calyrex|As One\n|-ability|p1b: Calyrex|Unnerve\n|-fieldstart|move: Electric Terrain|[from] ability: Hadron Engine|[of] p2b: Miraidon\n|turn|1\n|inactive|Battle timer is ON: inactive players will automatically lose when time's up. (requested by chuanOVO)\n|\n|t:|1736770670\n|switch|p1a: Weezing|Weezing-Galar, L50, M, shiny|100\/100\n|-ability|p1a: Weezing|Neutralizing Gas\n|-terastallize|p1b: Calyrex|Ghost\n|-terastallize|p2b: Miraidon|Electric\n|move|p2a: Dondozo|Protect|p2a: Dondozo\n|-singleturn|p2a: Dondozo|Protect\n|move|p1b: Calyrex|Astral Barrage|p2b: Miraidon|[spread] p2b\n|-activate|p2a: Dondozo|move: Protect\n|-damage|p2b: Miraidon|0 fnt\n|faint|p2b: Miraidon\n|-ability|p1b: Calyrex|Grim Neigh|boost\n|-boost|p1b: Calyrex|spa|1\n|\n|upkeep\n|\n|t:|1736770686\n|switch|p2b: Ditto|Ditto, L50|100\/100\n|turn|2\n|\n|t:|1736770697\n|switch|p2b: Tatsugiri|Tatsugiri, L50, F|100\/100\n|-activate|p2b: Tatsugiri|ability: Commander|[of] p2a: Dondozo\n|-boost|p2a: Dondozo|atk|2\n|-boost|p2a: Dondozo|spa|2\n|-boost|p2a: Dondozo|spe|2\n|-boost|p2a: Dondozo|def|2\n|-boost|p2a: Dondozo|spd|2\n|move|p1b: Calyrex|Astral Barrage|p2b: Tatsugiri|[spread] p2a\n|-miss|p1b: Calyrex|p2b: Tatsugiri\n|-damage|p2a: Dondozo|25\/100\n|move|p2a: Dondozo|Wave Crash|p1b: Calyrex\n|-damage|p1b: Calyrex|0 fnt\n|faint|p1b: Calyrex\n|-damage|p2a: Dondozo|0 fnt|[from] Recoil\n|faint|p2a: Dondozo\n|move|p1a: Weezing|Taunt|p2b: Tatsugiri\n|-start|p2b: Tatsugiri|move: Taunt\n|\n|upkeep\n|inactive|chuanOVO has 30 seconds left.\n|inactive|chuanOVO has 20 seconds left.\n|\n|t:|1736770736\n|switch|p1b: Mienshao|Mienshao, L50, M, shiny|100\/100\n|switch|p2a: Ditto|Ditto, L50|100\/100\n|turn|3\n|\n|t:|1736770758\n|move|p1b: Mienshao|Fake Out|p2a: Ditto\n|-damage|p2a: Ditto|68\/100\n|cant|p2a: Ditto|flinch\n|move|p2b: Tatsugiri|Icy Wind|p1b: Mienshao|[spread] p1a,p1b\n|-damage|p1a: Weezing|85\/100\n|-damage|p1b: Mienshao|76\/100\n|-unboost|p1b: Mienshao|spe|1\n|move|p1a: Weezing|Taunt|p2a: Ditto\n|-start|p2a: Ditto|move: Taunt\n|\n|upkeep\n|turn|4\n|\n|t:|1736770773\n|switch|p1b: Maushold|Maushold, L50, shiny|100\/100\n|-activate|p2a: Ditto|move: Struggle\n|move|p2a: Ditto|Struggle|p1a: Weezing\n|-damage|p1a: Weezing|80\/100\n|-damage|p2a: Ditto|43\/100|[from] recoil\n|move|p2b: Tatsugiri|Draco Meteor|p1b: Maushold\n|-damage|p1b: Maushold|31\/100\n|-unboost|p2b: Tatsugiri|spa|2\n|move|p1a: Weezing|Sludge Bomb|p2b: Tatsugiri\n|-damage|p2b: Tatsugiri|72\/100\n|-status|p2b: Tatsugiri|psn\n|\n|-damage|p2b: Tatsugiri|60\/100 psn|[from] psn\n|-end|p2b: Tatsugiri|move: Taunt\n|upkeep\n|turn|5\n|-message|something123 forfeited.\n|\n|win|chuanOVO\n|raw|chuanOVO's rating: 1558 &rarr; <strong>1583<\/strong><br \/>(+25 for winning)\n|raw|something123's rating: 1640 &rarr; <strong>1615<\/strong><br \/>(-25 for losing)\n|l|\u2606something123\n|player|p2|\n","uploadtime":1736771035,"views":22,"formatid":"gen9vgc2025regg","rating":1583,"private":0,"password":null}