{"id":"gen9vgc2025regg-2280026441","format":"[Gen 9] VGC 2025 Reg G","players":["Crysantimo","Ggttmmhh"],"log":"|j|\u2606Crysantimo\n|j|\u2606Ggttmmhh\n|t:|1736737302\n|gametype|doubles\n|player|p1|Crysantimo|madame-gen4dp|1551\n|player|p2|Ggttmmhh|266|1693\n|teamsize|p1|6\n|teamsize|p2|6\n|gen|9\n|tier|[Gen 9] VGC 2025 Reg G\n|rated|\n|rule|Species Clause: Limit one of each Pok\u00e9mon\n|rule|Item Clause: Limit 1 of each item\n|clearpoke\n|poke|p1|Eternatus, L50|\n|poke|p1|Tinkaton, L50, F|\n|poke|p1|Chi-Yu, L50|\n|poke|p1|Farigiraf, L50, F|\n|poke|p1|Urshifu-*, L50, F|\n|poke|p1|Rillaboom, L50, M|\n|poke|p2|Raging Bolt, L50|\n|poke|p2|Jumpluff, L50, F|\n|poke|p2|Ogerpon-Hearthflame, L50, F|\n|poke|p2|Groudon, L50|\n|poke|p2|Chi-Yu, L50|\n|poke|p2|Flutter Mane, L50|\n|teampreview|4\n|j| shihouy2\n|j| jay728\n|inactive|Battle timer is ON: inactive players will automatically lose when time's up. (requested by Ggttmmhh)\n|inactive|Crysantimo has 60 seconds left.\n|\n|t:|1736737398\n|start\n|switch|p1a: Urshifu|Urshifu-Rapid-Strike, L50, F|100\/100\n|switch|p1b: Farigiraf|Farigiraf, L50, F|100\/100\n|switch|p2a: Groudon|Groudon, L50|100\/100\n|switch|p2b: Jumpluff|Jumpluff, L50, F, shiny|100\/100\n|-weather|SunnyDay|[from] ability: Drought|[of] p2a: Groudon\n|turn|1\n|inactive|Crysantimo has 30 seconds left.\n|inactive|Ggttmmhh has 30 seconds left.\n|l| shihouy2\n|inactive|Crysantimo has 20 seconds left.\n|\n|t:|1736737436\n|move|p1b: Farigiraf|Helping Hand|p1a: Urshifu\n|-singleturn|p1a: Urshifu|Helping Hand|[of] p1b: Farigiraf\n|move|p2b: Jumpluff|Sleep Powder|p1a: Urshifu\n|-activate|p1a: Urshifu|item: Safety Goggles|Sleep Powder\n|move|p1a: Urshifu|Surging Strikes|p2a: Groudon\n|-supereffective|p2a: Groudon\n|-crit|p2a: Groudon\n|-damage|p2a: Groudon|83\/100\n|-supereffective|p2a: Groudon\n|-crit|p2a: Groudon\n|-damage|p2a: Groudon|68\/100\n|-supereffective|p2a: Groudon\n|-crit|p2a: Groudon\n|-damage|p2a: Groudon|52\/100\n|-hitcount|p2a: Groudon|3\n|move|p2a: Groudon|Precipice Blades|p1b: Farigiraf|[spread] p1b\n|-miss|p2a: Groudon|p1a: Urshifu\n|-damage|p1b: Farigiraf|29\/100\n|-enditem|p1b: Farigiraf|Sitrus Berry|[eat]\n|-heal|p1b: Farigiraf|54\/100|[from] item: Sitrus Berry\n|\n|-weather|SunnyDay|[upkeep]\n|upkeep\n|turn|2\n|\n|t:|1736737451\n|-terastallize|p1a: Urshifu|Water\n|-terastallize|p2a: Groudon|Water\n|move|p1b: Farigiraf|Helping Hand|p1a: Urshifu\n|-singleturn|p1a: Urshifu|Helping Hand|[of] p1b: Farigiraf\n|move|p2b: Jumpluff|Tailwind|p2b: Jumpluff\n|-sidestart|p2: Ggttmmhh|move: Tailwind\n|move|p2a: Groudon|Precipice Blades|p1a: Urshifu|[spread] p1a,p1b\n|-damage|p1a: Urshifu|38\/100\n|-damage|p1b: Farigiraf|0 fnt\n|faint|p1b: Farigiraf\n|move|p1a: Urshifu|Surging Strikes|p2a: Groudon\n|-resisted|p2a: Groudon\n|-crit|p2a: Groudon\n|-damage|p2a: Groudon|47\/100\n|-resisted|p2a: Groudon\n|-crit|p2a: Groudon\n|-damage|p2a: Groudon|41\/100\n|-resisted|p2a: Groudon\n|-crit|p2a: Groudon\n|-damage|p2a: Groudon|35\/100\n|-hitcount|p2a: Groudon|3\n|\n|-weather|SunnyDay|[upkeep]\n|upkeep\n|\n|t:|1736737457\n|switch|p1b: Tinkaton|Tinkaton, L50, F|100\/100\n|-ability|p1b: Tinkaton|Mold Breaker\n|turn|3\n|\n|t:|1736737467\n|switch|p2a: Raging Bolt|Raging Bolt, L50|100\/100\n|-activate|p2a: Raging Bolt|ability: Protosynthesis\n|-start|p2a: Raging Bolt|protosynthesisspa\n|move|p1b: Tinkaton|Fake Out|p2a: Raging Bolt\n|-damage|p2a: Raging Bolt|94\/100\n|move|p2b: Jumpluff|Sleep Powder|p1b: Tinkaton|[miss]\n|-miss|p2b: Jumpluff|p1b: Tinkaton\n|move|p1a: Urshifu|Close Combat|p2a: Raging Bolt\n|-damage|p2a: Raging Bolt|47\/100\n|-unboost|p1a: Urshifu|def|1\n|-unboost|p1a: Urshifu|spd|1\n|\n|-weather|SunnyDay|[upkeep]\n|upkeep\n|turn|4\n|inactive|Ggttmmhh has 30 seconds left.\n|\n|t:|1736737494\n|switch|p1a: Eternatus|Eternatus, L50|100\/100\n|-ability|p1a: Eternatus|Pressure\n|move|p2b: Jumpluff|Encore|p1b: Tinkaton\n|-start|p1b: Tinkaton|Encore\n|move|p2a: Raging Bolt|Electroweb|p1a: Eternatus|[spread] p1a,p1b\n|-resisted|p1a: Eternatus\n|-damage|p1a: Eternatus|88\/100\n|-damage|p1b: Tinkaton|72\/100\n|-unboost|p1a: Eternatus|spe|1\n|move|p1b: Tinkaton|Fake Out||[still]\n|-hint|Fake Out only works on your first turn out.\n|-fail|p1b: Tinkaton\n|\n|-weather|SunnyDay|[upkeep]\n|upkeep\n|turn|5\n|inactive|Ggttmmhh has 30 seconds left.\n|inactive|Ggttmmhh has 20 seconds left.\n|\n|t:|1736737532\n|move|p1b: Tinkaton|Fake Out||[still]\n|-hint|Fake Out only works on your first turn out.\n|-fail|p1b: Tinkaton\n|move|p2b: Jumpluff|Sleep Powder|p1b: Tinkaton|[miss]\n|-miss|p2b: Jumpluff|p1b: Tinkaton\n|move|p2a: Raging Bolt|Draco Meteor|p1a: Eternatus\n|-supereffective|p1a: Eternatus\n|-damage|p1a: Eternatus|0 fnt\n|-unboost|p2a: Raging Bolt|spa|2\n|faint|p1a: Eternatus\n|\n|-weather|none\n|-end|p2a: Raging Bolt|Protosynthesis\n|-sideend|p2: Ggttmmhh|move: Tailwind\n|upkeep\n|\n|t:|1736737536\n|switch|p1a: Urshifu|Urshifu-Rapid-Strike, L50, F, tera:Water|38\/100\n|turn|6\n|\n|t:|1736737551\n|-end|p2a: Raging Bolt|Protosynthesis|[silent]\n|switch|p2a: Groudon|Groudon, L50, tera:Water|35\/100\n|-weather|SunnyDay|[from] ability: Drought|[of] p2a: Groudon\n|move|p1b: Tinkaton|Fake Out||[still]\n|-hint|Fake Out only works on your first turn out.\n|-fail|p1b: Tinkaton\n|move|p2b: Jumpluff|Tailwind|p2b: Jumpluff\n|-sidestart|p2: Ggttmmhh|move: Tailwind\n|move|p1a: Urshifu|Close Combat|p2a: Groudon\n|-damage|p2a: Groudon|0 fnt\n|-unboost|p1a: Urshifu|def|1\n|-unboost|p1a: Urshifu|spd|1\n|faint|p2a: Groudon\n|\n|-weather|SunnyDay|[upkeep]\n|-end|p1b: Tinkaton|Encore\n|upkeep\n|\n|t:|1736737566\n|switch|p2a: Raging Bolt|Raging Bolt, L50|47\/100\n|-activate|p2a: Raging Bolt|ability: Protosynthesis\n|-start|p2a: Raging Bolt|protosynthesisspa\n|turn|7\n|\n|t:|1736737572\n|move|p1b: Tinkaton|Helping Hand|p1a: Urshifu\n|-singleturn|p1a: Urshifu|Helping Hand|[of] p1b: Tinkaton\n|move|p1a: Urshifu|Aqua Jet|p2a: Raging Bolt\n|-resisted|p2a: Raging Bolt\n|-damage|p2a: Raging Bolt|39\/100\n|move|p2b: Jumpluff|Encore|p1b: Tinkaton\n|-start|p1b: Tinkaton|Encore\n|move|p2a: Raging Bolt|Volt Switch|p1a: Urshifu\n|-supereffective|p1a: Urshifu\n|-damage|p1a: Urshifu|0 fnt\n|faint|p1a: Urshifu\n|\n|t:|1736737577\n|-end|p2a: Raging Bolt|Protosynthesis|[silent]\n|switch|p2a: Ogerpon|Ogerpon-Hearthflame, L50, F|100\/100|[from] Volt Switch\n|-ability|p2a: Ogerpon|Mold Breaker\n|\n|-weather|SunnyDay|[upkeep]\n|upkeep\n|turn|8\n|\n|t:|1736737582\n|move|p1b: Tinkaton|Helping Hand|p1: Urshifu|[notarget]\n|-fail|p1b: Tinkaton\n|move|p2b: Jumpluff|Sleep Powder|p1b: Tinkaton|[miss]\n|-miss|p2b: Jumpluff|p1b: Tinkaton\n|move|p2a: Ogerpon|Ivy Cudgel|p1b: Tinkaton|[anim] Ivy Cudgel Fire\n|-supereffective|p1b: Tinkaton\n|-damage|p1b: Tinkaton|0 fnt\n|faint|p1b: Tinkaton\n|\n|win|Ggttmmhh\n|raw|Crysantimo's rating: 1551 &rarr; <strong>1539<\/strong><br \/>(-12 for losing)\n|raw|Ggttmmhh's rating: 1693 &rarr; <strong>1705<\/strong><br \/>(+12 for winning)\n|l|\u2606Ggttmmhh\n|player|p2|\n|c|\u2606Crysantimo|Gg\n|l| jay728\n","uploadtime":1736737737,"views":34,"formatid":"gen9vgc2025regg","rating":1539,"private":0,"password":null}