{"id":"gen9vgc2025regg-2280104380","format":"[Gen 9] VGC 2025 Reg G","players":["jkimkim1","SMDR"],"log":"|j|\u2606jkimkim1\n|j|\u2606SMDR\n|t:|1736750685\n|gametype|doubles\n|player|p1|jkimkim1|swimmerf-gen4|1593\n|player|p2|SMDR|bugcatcher-gen4dp|1581\n|teamsize|p1|6\n|teamsize|p2|6\n|gen|9\n|tier|[Gen 9] VGC 2025 Reg G\n|rated|\n|rule|Species Clause: Limit one of each Pok\u00e9mon\n|rule|Item Clause: Limit 1 of each item\n|clearpoke\n|poke|p1|Landorus-Therian, L50, M|\n|poke|p1|Miraidon, L50|\n|poke|p1|Cresselia, L50, F|\n|poke|p1|Tyranitar, L50, M|\n|poke|p1|Tornadus, L50, M|\n|poke|p1|Heatran, L50, M|\n|poke|p2|Groudon, L50|\n|poke|p2|Scream Tail, L50|\n|poke|p2|Flutter Mane, L50|\n|poke|p2|Raging Bolt, L50|\n|poke|p2|Rillaboom, L50, F|\n|poke|p2|Entei, L50|\n|teampreview|4\n|inactive|Battle timer is ON: inactive players will automatically lose when time's up. (requested by jkimkim1)\n|\n|t:|1736750714\n|start\n|switch|p1a: Ye|Tornadus, L50, M|100\/100\n|switch|p1b: Kingjames|Landorus-Therian, L50, M|100\/100\n|switch|p2a: Flutter Mane|Flutter Mane, L50|100\/100\n|switch|p2b: Groudon|Groudon, L50|100\/100\n|-ability|p1b: Kingjames|Intimidate|boost\n|-unboost|p2a: Flutter Mane|atk|1\n|-fail|p2b: Groudon|unboost|[from] item: Clear Amulet|[of] p2b: Groudon\n|-weather|SunnyDay|[from] ability: Drought|[of] p2b: Groudon\n|-activate|p2a: Flutter Mane|ability: Protosynthesis\n|-start|p2a: Flutter Mane|protosynthesisspe\n|turn|1\n|\n|t:|1736750736\n|move|p1a: Ye|Taunt|p2a: Flutter Mane\n|-start|p2a: Flutter Mane|move: Taunt\n|move|p2a: Flutter Mane|Icy Wind|p1b: Kingjames|[spread] p1a,p1b\n|-supereffective|p1a: Ye\n|-supereffective|p1b: Kingjames\n|-damage|p1a: Ye|67\/100\n|-damage|p1b: Kingjames|20\/100\n|-unboost|p1b: Kingjames|spe|1\n|move|p2b: Groudon|Rock Blast|p1a: Ye\n|-supereffective|p1a: Ye\n|-damage|p1a: Ye|40\/100\n|-supereffective|p1a: Ye\n|-damage|p1a: Ye|11\/100\n|-supereffective|p1a: Ye\n|-crit|p1a: Ye\n|-damage|p1a: Ye|0 fnt\n|faint|p1a: Ye\n|-hitcount|p1: Ye|3\n|move|p1b: Kingjames|Earthquake|p2b: Groudon|[spread] p2a,p2b\n|-damage|p2a: Flutter Mane|1\/100\n|-damage|p2b: Groudon|66\/100\n|\n|-weather|SunnyDay|[upkeep]\n|upkeep\n|\n|t:|1736750758\n|switch|p1a: Joe johnson|Cresselia, L50, F, shiny|100\/100\n|turn|2\n|\n|t:|1736750773\n|move|p1b: Kingjames|Protect|p1b: Kingjames\n|-singleturn|p1b: Kingjames|Protect\n|move|p2a: Flutter Mane|Icy Wind|p1b: Kingjames|[spread] p1a\n|-activate|p1b: Kingjames|move: Protect\n|-damage|p1a: Joe johnson|91\/100\n|-unboost|p1a: Joe johnson|spe|1\n|move|p2b: Groudon|Heat Crash|p1a: Joe johnson\n|-damage|p1a: Joe johnson|41\/100\n|-enditem|p1a: Joe johnson|Sitrus Berry|[eat]\n|-heal|p1a: Joe johnson|66\/100|[from] item: Sitrus Berry\n|move|p1a: Joe johnson|Ice Beam|p2a: Flutter Mane\n|-damage|p2a: Flutter Mane|0 fnt\n|faint|p2a: Flutter Mane\n|-end|p2a: Flutter Mane|Protosynthesis|[silent]\n|\n|-weather|SunnyDay|[upkeep]\n|upkeep\n|\n|t:|1736750788\n|switch|p2a: Rillaboom|Rillaboom, L50, F|100\/100\n|-fieldstart|move: Grassy Terrain|[from] ability: Grassy Surge|[of] p2a: Rillaboom\n|turn|3\n|\n|t:|1736750801\n|-terastallize|p2b: Groudon|Fire\n|move|p2a: Rillaboom|Grassy Glide|p1b: Kingjames\n|-damage|p1b: Kingjames|0 fnt\n|faint|p1b: Kingjames\n|move|p2b: Groudon|Heat Crash|p1a: Joe johnson\n|-damage|p1a: Joe johnson|0 fnt\n|faint|p1a: Joe johnson\n|\n|-weather|SunnyDay|[upkeep]\n|-heal|p2b: Groudon|72\/100|[from] Grassy Terrain\n|upkeep\n|\n|t:|1736750808\n|switch|p1b: Jayson tatum|Miraidon, L50|100\/100\n|-fieldstart|move: Electric Terrain|[from] ability: Hadron Engine|[of] p1b: Jayson tatum\n|turn|4\n|\n|t:|1736750815\n|switch|p2b: Raging Bolt|Raging Bolt, L50|100\/100\n|-activate|p2b: Raging Bolt|ability: Protosynthesis\n|-start|p2b: Raging Bolt|protosynthesisspa\n|move|p1b: Jayson tatum|Draco Meteor|p2b: Raging Bolt\n|-supereffective|p2b: Raging Bolt\n|-damage|p2b: Raging Bolt|0 fnt\n|-unboost|p1b: Jayson tatum|spa|2\n|faint|p2b: Raging Bolt\n|-end|p2b: Raging Bolt|Protosynthesis|[silent]\n|move|p2a: Rillaboom|U-turn|p1b: Jayson tatum\n|-damage|p1b: Jayson tatum|73\/100\n|\n|t:|1736750826\n|switch|p2a: Groudon|Groudon, L50, tera:Fire|72\/100|[from] U-turn\n|\n|-weather|SunnyDay|[upkeep]\n|upkeep\n|\n|t:|1736750830\n|switch|p2b: Rillaboom|Rillaboom, L50, F|100\/100\n|-fieldstart|move: Grassy Terrain|[from] ability: Grassy Surge|[of] p2b: Rillaboom\n|turn|5\n|\n|t:|1736750836\n|move|p2b: Rillaboom|Fake Out|p1b: Jayson tatum\n|-damage|p1b: Jayson tatum|59\/100\n|cant|p1b: Jayson tatum|flinch\n|move|p2a: Groudon|Precipice Blades|p1b: Jayson tatum\n|-supereffective|p1b: Jayson tatum\n|-damage|p1b: Jayson tatum|0 fnt\n|faint|p1b: Jayson tatum\n|\n|win|SMDR\n|raw|jkimkim1's rating: 1593 &rarr; <strong>1572<\/strong><br \/>(-21 for losing)\n|raw|SMDR's rating: 1581 &rarr; <strong>1602<\/strong><br \/>(+21 for winning)\n|l|\u2606jkimkim1\n|player|p1|\n|l|\u2606SMDR\n|player|p2|\n","uploadtime":1736751012,"views":293,"formatid":"gen9vgc2025regg","rating":1572,"private":0,"password":null}