{"id":"gen9vgc2025regg-2280626300","format":"[Gen 9] VGC 2025 Reg G","players":["Lichuweijixi","Emirnent"],"log":"|j|\u2606Lichuweijixi\n|j|\u2606Emirnent\n|t:|1736818118\n|gametype|doubles\n|player|p1|Lichuweijixi|101|1642\n|player|p2|Emirnent|1|1699\n|teamsize|p1|6\n|teamsize|p2|6\n|gen|9\n|tier|[Gen 9] VGC 2025 Reg G\n|rated|\n|rule|Species Clause: Limit one of each Pok\u00e9mon\n|rule|Item Clause: Limit 1 of each item\n|clearpoke\n|poke|p1|Calyrex-Ice, L50|\n|poke|p1|Smeargle, L50, F|\n|poke|p1|Urshifu-*, L50, M|\n|poke|p1|Ogerpon-Wellspring, L50, F|\n|poke|p1|Raging Bolt, L50|\n|poke|p1|Iron Valiant, L50|\n|poke|p2|Articuno, L50|\n|poke|p2|Ninetales-Alola, L50, M|\n|poke|p2|Kyogre, L50|\n|poke|p2|Tornadus, L50, M|\n|poke|p2|Landorus, L50, M|\n|poke|p2|Volcarona, L50, M|\n|teampreview|4\n|inactive|Battle timer is ON: inactive players will automatically lose when time's up. (requested by Emirnent)\n|\n|t:|1736818152\n|start\n|switch|p1a: Ogerpon|Ogerpon-Wellspring, L50, F|100\/100\n|switch|p1b: Calyrex|Calyrex-Ice, L50|100\/100\n|switch|p2a: Articuno|Articuno, L50|100\/100\n|switch|p2b: Ninetales|Ninetales-Alola, L50, M|100\/100\n|-ability|p1b: Calyrex|As One\n|-ability|p1b: Calyrex|Unnerve\n|-weather|Snow|[from] ability: Snow Warning|[of] p2b: Ninetales\n|turn|1\n|\n|t:|1736818176\n|-terastallize|p2a: Articuno|Ice\n|move|p2b: Ninetales|Aurora Veil|p2b: Ninetales\n|-sidestart|p2: Emirnent|move: Aurora Veil\n|move|p1a: Ogerpon|Ivy Cudgel|p2a: Articuno|[anim] Ivy Cudgel Water\n|-damage|p2a: Articuno|77\/100\n|move|p2a: Articuno|Blizzard|p1a: Ogerpon|[spread] p1a,p1b\n|-resisted|p1b: Calyrex\n|-damage|p1a: Ogerpon|36\/100\n|-damage|p1b: Calyrex|75\/100\n|move|p1b: Calyrex|Glacial Lance|p2b: Ninetales|[spread] p2a,p2b\n|-resisted|p2a: Articuno\n|-resisted|p2b: Ninetales\n|-damage|p2a: Articuno|64\/100\n|-damage|p2b: Ninetales|85\/100\n|\n|-weather|Snow|[upkeep]\n|upkeep\n|turn|2\n|inactive|Lichuweijixi has 30 seconds left.\n|\n|t:|1736818205\n|move|p1a: Ogerpon|Spiky Shield|p1a: Ogerpon\n|-singleturn|p1a: Ogerpon|move: Protect\n|move|p2b: Ninetales|Moonblast|p1b: Calyrex\n|-damage|p1b: Calyrex|54\/100\n|-unboost|p1b: Calyrex|spa|1\n|move|p2a: Articuno|Blizzard|p1a: Ogerpon|[spread] p1b\n|-activate|p1a: Ogerpon|move: Protect\n|-resisted|p1b: Calyrex\n|-damage|p1b: Calyrex|28\/100\n|-enditem|p1b: Calyrex|Sitrus Berry|[eat]\n|-heal|p1b: Calyrex|53\/100|[from] item: Sitrus Berry\n|move|p1b: Calyrex|Trick Room|p1b: Calyrex\n|-fieldstart|move: Trick Room|[of] p1b: Calyrex\n|\n|-weather|Snow|[upkeep]\n|upkeep\n|turn|3\n|\n|t:|1736818219\n|move|p1b: Calyrex|High Horsepower|p2a: Articuno\n|-damage|p2a: Articuno|48\/100\n|move|p2a: Articuno|Blizzard|p1a: Ogerpon|[spread] p1a,p1b\n|-resisted|p1b: Calyrex\n|-damage|p1a: Ogerpon|0 fnt\n|-damage|p1b: Calyrex|27\/100\n|faint|p1a: Ogerpon\n|move|p2b: Ninetales|Moonblast|p1b: Calyrex\n|-damage|p1b: Calyrex|7\/100\n|-unboost|p1b: Calyrex|spa|1\n|\n|-weather|Snow|[upkeep]\n|upkeep\n|\n|t:|1736818222\n|switch|p1a: Smeargle|Smeargle, L50, F|100\/100\n|turn|4\n|\n|t:|1736818233\n|move|p1b: Calyrex|Protect|p1b: Calyrex\n|-singleturn|p1b: Calyrex|Protect\n|move|p1a: Smeargle|Decorate|p2b: Ninetales\n|-boost|p2b: Ninetales|atk|2\n|-boost|p2b: Ninetales|spa|2\n|move|p2a: Articuno|Blizzard|p1b: Calyrex|[spread] p1a\n|-activate|p1b: Calyrex|move: Protect\n|-enditem|p1a: Smeargle|Focus Sash\n|-damage|p1a: Smeargle|1\/100\n|move|p2b: Ninetales|Moonblast|p1b: Calyrex\n|-activate|p1b: Calyrex|move: Protect\n|\n|-weather|Snow|[upkeep]\n|upkeep\n|turn|5\n|-message|Lichuweijixi forfeited.\n|\n|win|Emirnent\n|raw|Lichuweijixi's rating: 1642 &rarr; <strong>1625<\/strong><br \/>(-17 for losing)\n|raw|Emirnent's rating: 1699 &rarr; <strong>1716<\/strong><br \/>(+17 for winning)\n|l|\u2606Lichuweijixi\n|player|p1|\n|l|\u2606Emirnent\n|player|p2|\n","uploadtime":1736818484,"views":72,"formatid":"gen9vgc2025regg","rating":1625,"private":0,"password":null}