{"id":"gen9vgc2025regg-2280024677","format":"[Gen 9] VGC 2025 Reg G","players":["Admj8pgx'phj","caZISA"],"log":"|j|\u2606Admj8pgx'phj\n|j|\u2606caZISA\n|t:|1736737050\n|gametype|doubles\n|player|p1|Admj8pgx'phj|169|1552\n|player|p2|caZISA|red|1704\n|teamsize|p1|6\n|teamsize|p2|6\n|gen|9\n|tier|[Gen 9] VGC 2025 Reg G\n|rated|\n|rule|Species Clause: Limit one of each Pok\u00e9mon\n|rule|Item Clause: Limit 1 of each item\n|clearpoke\n|poke|p1|Calyrex-Ice, L50|\n|poke|p1|Dondozo, L50, F|\n|poke|p1|Tatsugiri, L50, M|\n|poke|p1|Glimmora, L50, F|\n|poke|p1|Tinkaton, L50, F|\n|poke|p1|Landorus-Therian, L50, M|\n|poke|p2|Calyrex-Ice, L50|\n|poke|p2|Urshifu-*, L50, F|\n|poke|p2|Raging Bolt, L50|\n|poke|p2|Rillaboom, L50, M|\n|poke|p2|Torkoal, L50, M|\n|poke|p2|Smeargle, L50, F|\n|teampreview|4\n|c|\u2606caZISA|glhf\n|\n|t:|1736737083\n|start\n|switch|p1a: Glimmora|Glimmora, L50, F, shiny|100\/100\n|switch|p1b: Calyrex|Calyrex-Ice, L50|100\/100\n|switch|p2a: Smeargle|Smeargle, L50, F|100\/100\n|switch|p2b: Calyrex|Calyrex-Ice, L50|100\/100\n|-ability|p1b: Calyrex|As One\n|-ability|p1b: Calyrex|Unnerve\n|-ability|p2b: Calyrex|As One\n|-ability|p2b: Calyrex|Unnerve\n|turn|1\n|inactive|Battle timer is ON: inactive players will automatically lose when time's up. (requested by caZISA)\n|\n|t:|1736737098\n|move|p2b: Calyrex|Protect|p2b: Calyrex\n|-singleturn|p2b: Calyrex|Protect\n|move|p2a: Smeargle|Spore|p1a: Glimmora\n|-status|p1a: Glimmora|slp|[from] move: Spore\n|cant|p1a: Glimmora|slp\n|move|p1b: Calyrex|Glacial Lance|p2b: Calyrex|[spread] p2a\n|-activate|p2b: Calyrex|move: Protect\n|-enditem|p2a: Smeargle|Focus Sash\n|-damage|p2a: Smeargle|1\/100\n|\n|-ability|p2a: Smeargle|Moody|boost\n|-boost|p2a: Smeargle|def|2\n|-unboost|p2a: Smeargle|spa|1\n|upkeep\n|turn|2\n|\n|t:|1736737110\n|switch|p2b: Urshifu|Urshifu, L50, F|100\/100\n|move|p2a: Smeargle|Spore|p1b: Calyrex\n|-status|p1b: Calyrex|slp|[from] move: Spore\n|-curestatus|p1a: Glimmora|slp|[msg]\n|move|p1a: Glimmora|Mortal Spin|p2a: Smeargle|[spread] p2a,p2b\n|-damage|p2a: Smeargle|0 fnt\n|-damage|p2b: Urshifu|95\/100\n|-status|p2b: Urshifu|psn\n|faint|p2a: Smeargle\n|cant|p1b: Calyrex|slp\n|\n|-damage|p2b: Urshifu|83\/100 psn|[from] psn\n|upkeep\n|j| judang\n|\n|t:|1736737116\n|switch|p2a: Raging Bolt|Raging Bolt, L50|100\/100\n|turn|3\n|\n|t:|1736737126\n|move|p2b: Urshifu|Wicked Blow|p1b: Calyrex\n|-supereffective|p1b: Calyrex\n|-crit|p1b: Calyrex\n|-damage|p1b: Calyrex|1\/100 slp\n|move|p1a: Glimmora|Mortal Spin|p2a: Raging Bolt|[spread] p2a,p2b\n|-damage|p2a: Raging Bolt|96\/100\n|-damage|p2b: Urshifu|78\/100 psn\n|-status|p2a: Raging Bolt|psn\n|move|p2a: Raging Bolt|Thunderbolt|p1a: Glimmora\n|-damage|p1a: Glimmora|50\/100\n|-status|p1a: Glimmora|par\n|-enditem|p1a: Glimmora|Sitrus Berry|[eat]\n|-heal|p1a: Glimmora|75\/100 par|[from] item: Sitrus Berry\n|-damage|p2a: Raging Bolt|87\/100 psn|[from] item: Life Orb\n|cant|p1b: Calyrex|slp\n|\n|-damage|p2b: Urshifu|66\/100 psn|[from] psn\n|-damage|p2a: Raging Bolt|74\/100 psn|[from] psn\n|upkeep\n|turn|4\n|\n|t:|1736737150\n|move|p2b: Urshifu|Wicked Blow|p1b: Calyrex\n|-supereffective|p1b: Calyrex\n|-crit|p1b: Calyrex\n|-damage|p1b: Calyrex|0 fnt\n|faint|p1b: Calyrex\n|move|p2a: Raging Bolt|Thunderbolt|p1a: Glimmora\n|-damage|p1a: Glimmora|21\/100 par\n|-damage|p2a: Raging Bolt|64\/100 psn|[from] item: Life Orb\n|cant|p1a: Glimmora|par\n|\n|-damage|p2b: Urshifu|54\/100 psn|[from] psn\n|-damage|p2a: Raging Bolt|52\/100 psn|[from] psn\n|upkeep\n|\n|t:|1736737152\n|switch|p1b: Dondozo|Dondozo, L50, F, shiny|100\/100\n|turn|5\n|\n|t:|1736737162\n|switch|p1a: Tatsugiri|Tatsugiri, L50, M, shiny|100\/100\n|-activate|p1a: Tatsugiri|ability: Commander|[of] p1b: Dondozo\n|-boost|p1b: Dondozo|atk|2\n|-boost|p1b: Dondozo|spa|2\n|-boost|p1b: Dondozo|spe|2\n|-boost|p1b: Dondozo|def|2\n|-boost|p1b: Dondozo|spd|2\n|-terastallize|p2a: Raging Bolt|Electric\n|-terastallize|p1b: Dondozo|Grass\n|move|p2a: Raging Bolt|Thunderclap|p1b: Dondozo\n|-resisted|p1b: Dondozo\n|-damage|p1b: Dondozo|83\/100\n|-damage|p2a: Raging Bolt|42\/100 psn|[from] item: Life Orb\n|move|p1b: Dondozo|Body Press|p2b: Urshifu\n|-supereffective|p2b: Urshifu\n|-damage|p2b: Urshifu|0 fnt\n|faint|p2b: Urshifu\n|\n|-heal|p1b: Dondozo|89\/100|[from] item: Leftovers\n|-damage|p2a: Raging Bolt|30\/100 psn|[from] psn\n|upkeep\n|\n|t:|1736737173\n|switch|p2b: Calyrex|Calyrex-Ice, L50|100\/100\n|-ability|p2b: Calyrex|As One\n|-ability|p2b: Calyrex|Unnerve\n|turn|6\n|\n|t:|1736737179\n|move|p1b: Dondozo|Protect|p1b: Dondozo\n|-singleturn|p1b: Dondozo|Protect\n|move|p2a: Raging Bolt|Protect|p2a: Raging Bolt\n|-singleturn|p2a: Raging Bolt|Protect\n|move|p2b: Calyrex|Trick Room|p2b: Calyrex\n|-fieldstart|move: Trick Room|[of] p2b: Calyrex\n|\n|-heal|p1b: Dondozo|96\/100|[from] item: Leftovers\n|-damage|p2a: Raging Bolt|17\/100 psn|[from] psn\n|upkeep\n|turn|7\n|\n|t:|1736737186\n|move|p2b: Calyrex|Glacial Lance|p1a: Tatsugiri|[spread] p1b\n|-miss|p2b: Calyrex|p1a: Tatsugiri\n|-supereffective|p1b: Dondozo\n|-damage|p1b: Dondozo|61\/100\n|move|p2a: Raging Bolt|Draco Meteor|p1b: Dondozo\n|-crit|p1b: Dondozo\n|-damage|p1b: Dondozo|0 fnt\n|-unboost|p2a: Raging Bolt|spa|2\n|faint|p1b: Dondozo\n|-damage|p2a: Raging Bolt|8\/100 psn|[from] item: Life Orb\n|\n|-damage|p2a: Raging Bolt|0 fnt|[from] psn\n|faint|p2a: Raging Bolt\n|-end|p2a: Raging Bolt|Protosynthesis|[silent]\n|upkeep\n|\n|t:|1736737194\n|switch|p1b: Glimmora|Glimmora, L50, F, shiny|21\/100 par\n|turn|8\n|\n|t:|1736737203\n|move|p1a: Tatsugiri|Protect|p1a: Tatsugiri\n|-singleturn|p1a: Tatsugiri|Protect\n|move|p2b: Calyrex|Glacial Lance|p1b: Glimmora|[spread] p1b\n|-activate|p1a: Tatsugiri|move: Protect\n|-damage|p1b: Glimmora|0 fnt\n|-activate|p1b: Glimmora|ability: Toxic Debris\n|-sidestart|p2: caZISA|move: Toxic Spikes\n|faint|p1b: Glimmora\n|-ability|p2b: Calyrex|Chilling Neigh|boost\n|-boost|p2b: Calyrex|atk|1\n|\n|upkeep\n|turn|9\n|\n|t:|1736737211\n|move|p2b: Calyrex|Glacial Lance|p1a: Tatsugiri\n|-enditem|p1a: Tatsugiri|Focus Sash\n|-damage|p1a: Tatsugiri|1\/100\n|move|p1a: Tatsugiri|Muddy Water|p2b: Calyrex\n|-damage|p2b: Calyrex|68\/100\n|\n|upkeep\n|turn|10\n|\n|t:|1736737215\n|move|p1a: Tatsugiri|Protect|p1a: Tatsugiri\n|-singleturn|p1a: Tatsugiri|Protect\n|move|p2b: Calyrex|Glacial Lance|p1a: Tatsugiri\n|-activate|p1a: Tatsugiri|move: Protect\n|\n|-fieldend|move: Trick Room\n|upkeep\n|turn|11\n|-message|Admj8pgx'phj forfeited.\n|\n|win|caZISA\n|raw|Admj8pgx&apos;phj's rating: 1552 &rarr; <strong>1540<\/strong><br \/>(-12 for losing)\n|raw|caZISA's rating: 1704 &rarr; <strong>1716<\/strong><br \/>(+12 for winning)\n|l|\u2606Admj8pgx'phj\n|player|p1|\n|l|\u2606caZISA\n|player|p2|\n","uploadtime":1736737462,"views":34,"formatid":"gen9vgc2025regg","rating":1540,"private":0,"password":null}