{"id":"gen9vgc2025regg-2280222991","format":"[Gen 9] VGC 2025 Reg G","players":["Coranda_VGC","tyuiop112"],"log":"|j|\u2606Coranda_VGC\n|j|\u2606tyuiop112\n|t:|1736773013\n|gametype|doubles\n|player|p1|Coranda_VGC|2|1561\n|player|p2|tyuiop112|102|1568\n|teamsize|p1|6\n|teamsize|p2|6\n|gen|9\n|tier|[Gen 9] VGC 2025 Reg G\n|rated|\n|rule|Species Clause: Limit one of each Pok\u00e9mon\n|rule|Item Clause: Limit 1 of each item\n|clearpoke\n|poke|p1|Zamazenta-*, L50|\n|poke|p1|Chien-Pao, L50|\n|poke|p1|Flutter Mane, L50|\n|poke|p1|Urshifu-*, L50, F|\n|poke|p1|Chi-Yu, L50|\n|poke|p1|Rillaboom, L50, M|\n|poke|p2|Calyrex-Shadow, L50|\n|poke|p2|Incineroar, L50, F|\n|poke|p2|Rillaboom, L50, M|\n|poke|p2|Raging Bolt, L50|\n|poke|p2|Urshifu-*, L50, F|\n|poke|p2|Amoonguss, L50, M|\n|teampreview|4\n|j| gouluan\n|inactive|Battle timer is ON: inactive players will automatically lose when time's up. (requested by Coranda_VGC)\n|j| shigeru_old\n|inactive|tyuiop112 has 60 seconds left.\n|\n|t:|1736773101\n|start\n|switch|p1a: Zamazenta|Zamazenta-Crowned, L50, shiny|100\/100\n|switch|p1b: Chien-Pao|Chien-Pao, L50|100\/100\n|switch|p2a: Incineroar|Incineroar, L50, F|100\/100\n|switch|p2b: Raging Bolt|Raging Bolt, L50|100\/100\n|-ability|p1b: Chien-Pao|Sword of Ruin\n|-ability|p1a: Zamazenta|Dauntless Shield|boost\n|-boost|p1a: Zamazenta|def|1\n|-ability|p2a: Incineroar|Intimidate|boost\n|-unboost|p1a: Zamazenta|atk|1\n|-unboost|p1b: Chien-Pao|atk|1\n|turn|1\n|inactive|Coranda_VGC has 30 seconds left.\n|inactive|tyuiop112 has 30 seconds left.\n|\n|t:|1736773131\n|switch|p2a: Calyrex|Calyrex-Shadow, L50|100\/100\n|-ability|p2a: Calyrex|As One\n|-ability|p2a: Calyrex|Unnerve\n|-terastallize|p1b: Chien-Pao|Ghost\n|move|p1a: Zamazenta|Protect|p1a: Zamazenta\n|-singleturn|p1a: Zamazenta|Protect\n|move|p1b: Chien-Pao|Icicle Crash|p2b: Raging Bolt\n|-supereffective|p2b: Raging Bolt\n|-damage|p2b: Raging Bolt|35\/100\n|cant|p2b: Raging Bolt|flinch\n|\n|upkeep\n|turn|2\n|inactive|tyuiop112 has 30 seconds left.\n|inactive|tyuiop112 has 20 seconds left.\n|inactive|tyuiop112 has 15 seconds left.\n|inactive|tyuiop112 has 10 seconds left.\n|inactive|tyuiop112 has 5 seconds left.\n|\n|t:|1736773182\n|switch|p2a: Incineroar|Incineroar, L50, F|100\/100\n|-ability|p2a: Incineroar|Intimidate|boost\n|-unboost|p1a: Zamazenta|atk|1\n|-unboost|p1b: Chien-Pao|atk|1\n|move|p1a: Zamazenta|Wide Guard|p1a: Zamazenta\n|-singleturn|p1a: Zamazenta|Wide Guard\n|move|p2b: Raging Bolt|Thunderclap|p1b: Chien-Pao\n|-damage|p1b: Chien-Pao|37\/100\n|move|p1b: Chien-Pao|Crunch|p2a: Incineroar\n|-resisted|p2a: Incineroar\n|-damage|p2a: Incineroar|91\/100\n|-damage|p1b: Chien-Pao|20\/100|[from] item: Rocky Helmet|[of] p2a: Incineroar\n|\n|upkeep\n|turn|3\n|inactive|Coranda_VGC has 30 seconds left.\n|inactive|tyuiop112 has 30 seconds left.\n|inactive|Coranda_VGC has 20 seconds left.\n|inactive|tyuiop112 has 20 seconds left.\n|inactive|Coranda_VGC has 15 seconds left.\n|inactive|tyuiop112 has 15 seconds left.\n|inactive|Coranda_VGC has 10 seconds left.\n|inactive|Coranda_VGC has 5 seconds left.\n|\n|t:|1736773232\n|move|p2a: Incineroar|Fake Out|p1a: Zamazenta\n|-resisted|p1a: Zamazenta\n|-damage|p1a: Zamazenta|98\/100\n|move|p1b: Chien-Pao|Sucker Punch|p2b: Raging Bolt\n|-damage|p2b: Raging Bolt|12\/100\n|move|p2b: Raging Bolt|Thunderclap||[still]\n|-fail|p2b: Raging Bolt\n|cant|p1a: Zamazenta|flinch\n|\n|upkeep\n|turn|4\n|inactive|Coranda_VGC has 30 seconds left.\n|inactive|tyuiop112 has 30 seconds left.\n|inactive|tyuiop112 has 20 seconds left.\n|inactive|tyuiop112 has 15 seconds left.\n|\n|t:|1736773273\n|-end|p2b: Raging Bolt|Protosynthesis|[silent]\n|switch|p2b: Calyrex|Calyrex-Shadow, L50|100\/100\n|-ability|p2b: Calyrex|As One\n|-ability|p2b: Calyrex|Unnerve\n|-terastallize|p2a: Incineroar|Ghost\n|move|p1a: Zamazenta|Protect|p1a: Zamazenta\n|-singleturn|p1a: Zamazenta|Protect\n|move|p1b: Chien-Pao|Crunch|p2a: Incineroar\n|-supereffective|p2a: Incineroar\n|-damage|p2a: Incineroar|49\/100\n|-damage|p1b: Chien-Pao|4\/100|[from] item: Rocky Helmet|[of] p2a: Incineroar\n|move|p2a: Incineroar|Will-O-Wisp|p1a: Zamazenta\n|-activate|p1a: Zamazenta|move: Protect\n|\n|upkeep\n|turn|5\n|inactive|Coranda_VGC has 30 seconds left.\n|inactive|tyuiop112 has 30 seconds left.\n|inactive|tyuiop112 has 20 seconds left.\n|inactive|tyuiop112 has 15 seconds left.\n|inactive|tyuiop112 has 10 seconds left.\n|\n|t:|1736773320\n|switch|p2b: Urshifu|Urshifu-Rapid-Strike, L50, F|100\/100\n|move|p1a: Zamazenta|Wide Guard|p1a: Zamazenta\n|-singleturn|p1a: Zamazenta|Wide Guard\n|move|p1b: Chien-Pao|Crunch|p2b: Urshifu\n|-resisted|p2b: Urshifu\n|-damage|p2b: Urshifu|86\/100\n|move|p2a: Incineroar|Parting Shot|p1a: Zamazenta\n|-unboost|p1a: Zamazenta|atk|1\n|-unboost|p1a: Zamazenta|spa|1\n|\n|t:|1736773332\n|switch|p2a: Calyrex|Calyrex-Shadow, L50|100\/100|[from] Parting Shot\n|-ability|p2a: Calyrex|As One\n|-ability|p2a: Calyrex|Unnerve\n|\n|upkeep\n|turn|6\n|inactive|tyuiop112 has 30 seconds left.\n|\n|t:|1736773366\n|switch|p1b: Urshifu|Urshifu-Rapid-Strike, L50, F|100\/100\n|move|p2a: Calyrex|Protect|p2a: Calyrex\n|-singleturn|p2a: Calyrex|Protect\n|move|p1a: Zamazenta|Body Press|p2b: Urshifu\n|-damage|p2b: Urshifu|12\/100\n|move|p2b: Urshifu|Surging Strikes|p1a: Zamazenta\n|-crit|p1a: Zamazenta\n|-damage|p1a: Zamazenta|85\/100\n|-crit|p1a: Zamazenta\n|-damage|p1a: Zamazenta|71\/100\n|-crit|p1a: Zamazenta\n|-damage|p1a: Zamazenta|57\/100\n|-hitcount|p1a: Zamazenta|3\n|\n|upkeep\n|turn|7\n|inactive|Coranda_VGC has 30 seconds left.\n|inactive|tyuiop112 has 30 seconds left.\n|inactive|Coranda_VGC has 20 seconds left.\n|inactive|tyuiop112 has 20 seconds left.\n|\n|t:|1736773406\n|move|p1a: Zamazenta|Wide Guard|p1a: Zamazenta\n|-singleturn|p1a: Zamazenta|Wide Guard\n|move|p2b: Urshifu|Aqua Jet|p1b: Urshifu\n|-resisted|p1b: Urshifu\n|-damage|p1b: Urshifu|89\/100\n|move|p2a: Calyrex|Psychic|p1b: Urshifu\n|-supereffective|p1b: Urshifu\n|-damage|p1b: Urshifu|0 fnt\n|faint|p1b: Urshifu\n|-ability|p2a: Calyrex|Grim Neigh|boost\n|-boost|p2a: Calyrex|spa|1\n|-damage|p2a: Calyrex|91\/100|[from] item: Life Orb\n|\n|upkeep\n|j| zzz1994000\n|l| zzz1994000\n|\n|t:|1736773417\n|switch|p1b: Chien-Pao|Chien-Pao, L50, tera:Ghost|4\/100\n|-ability|p1b: Chien-Pao|Sword of Ruin\n|turn|8\n|inactive|tyuiop112 has 30 seconds left.\n|inactive|tyuiop112 has 20 seconds left.\n|inactive|tyuiop112 has 15 seconds left.\n|inactive|tyuiop112 has 10 seconds left.\n|\n|t:|1736773466\n|switch|p1a: Flutter Mane|Flutter Mane, L50|100\/100\n|-enditem|p1a: Flutter Mane|Booster Energy\n|-activate|p1a: Flutter Mane|ability: Protosynthesis|[fromitem]\n|-start|p1a: Flutter Mane|protosynthesisspe\n|switch|p2b: Incineroar|Incineroar, L50, F, tera:Ghost|49\/100\n|-ability|p2b: Incineroar|Intimidate|boost\n|-unboost|p1a: Flutter Mane|atk|1\n|-unboost|p1b: Chien-Pao|atk|1\n|move|p2a: Calyrex|Protect|p2a: Calyrex\n|-singleturn|p2a: Calyrex|Protect\n|move|p1b: Chien-Pao|Sucker Punch||[still]\n|-fail|p1b: Chien-Pao\n|\n|upkeep\n|turn|9\n|inactive|Coranda_VGC has 30 seconds left.\n|inactive|tyuiop112 has 30 seconds left.\n|inactive|tyuiop112 has 20 seconds left.\n|inactive|tyuiop112 has 15 seconds left.\n|\n|t:|1736773510\n|switch|p2a: Raging Bolt|Raging Bolt, L50|12\/100\n|move|p1a: Flutter Mane|Moonblast|p2a: Raging Bolt\n|-supereffective|p2a: Raging Bolt\n|-crit|p2a: Raging Bolt\n|-damage|p2a: Raging Bolt|0 fnt\n|faint|p2a: Raging Bolt\n|-end|p2a: Raging Bolt|Protosynthesis|[silent]\n|move|p1b: Chien-Pao|Crunch|p2b: Incineroar\n|-supereffective|p2b: Incineroar\n|-damage|p2b: Incineroar|0 fnt\n|-damage|p1b: Chien-Pao|0 fnt|[from] item: Rocky Helmet|[of] p2b: Incineroar\n|faint|p2b: Incineroar\n|faint|p1b: Chien-Pao\n|\n|upkeep\n|\n|t:|1736773527\n|switch|p1b: Zamazenta|Zamazenta-Crowned, L50, shiny|57\/100\n|switch|p2a: Calyrex|Calyrex-Shadow, L50|91\/100\n|switch|p2b: Urshifu|Urshifu-Rapid-Strike, L50, F|12\/100\n|-ability|p2a: Calyrex|As One\n|-ability|p2a: Calyrex|Unnerve\n|turn|10\n|inactive|tyuiop112 has 30 seconds left.\n|inactive|Coranda_VGC has 30 seconds left.\n|\n|t:|1736773557\n|move|p2b: Urshifu|Protect|p2b: Urshifu\n|-singleturn|p2b: Urshifu|Protect\n|move|p1b: Zamazenta|Wide Guard|p1b: Zamazenta\n|-singleturn|p1b: Zamazenta|Wide Guard\n|move|p1a: Flutter Mane|Moonblast|p2b: Urshifu\n|-activate|p2b: Urshifu|move: Protect\n|move|p2a: Calyrex|Psychic|p1b: Zamazenta\n|-damage|p1b: Zamazenta|9\/100\n|-damage|p2a: Calyrex|82\/100|[from] item: Life Orb\n|\n|upkeep\n|turn|11\n|inactive|tyuiop112 has 25 seconds left this turn.\n|inactive|tyuiop112 has 20 seconds left.\n|inactive|tyuiop112 has 15 seconds left.\n|inactive|tyuiop112 has 10 seconds left.\n|\n|t:|1736773576\n|move|p2b: Urshifu|Aqua Jet|p1b: Zamazenta\n|-damage|p1b: Zamazenta|0 fnt\n|faint|p1b: Zamazenta\n|move|p1a: Flutter Mane|Icy Wind|p2a: Calyrex|[spread] p2a,p2b\n|-resisted|p2b: Urshifu\n|-damage|p2a: Calyrex|69\/100\n|-damage|p2b: Urshifu|3\/100\n|-unboost|p2a: Calyrex|spe|1\n|-unboost|p2b: Urshifu|spe|1\n|move|p2a: Calyrex|Psychic|p1a: Flutter Mane\n|-damage|p1a: Flutter Mane|35\/100\n|-damage|p2a: Calyrex|60\/100|[from] item: Life Orb\n|\n|upkeep\n|turn|12\n|inactive|tyuiop112 has 10 seconds left this turn.\n|inactive|tyuiop112 has 5 seconds left.\n|-message|Coranda_VGC forfeited.\n|\n|win|tyuiop112\n|inactive|tyuiop112 has 5 seconds left this turn.\n|raw|Coranda_VGC's rating: 1561 &rarr; <strong>1541<\/strong><br \/>(-20 for losing)\n|raw|tyuiop112's rating: 1568 &rarr; <strong>1588<\/strong><br \/>(+20 for winning)\n|l|\u2606Coranda_VGC\n|player|p1|\n|l|\u2606tyuiop112\n|player|p2|\n|l| shigeru_old\n","uploadtime":1736773758,"views":8,"formatid":"gen9vgc2025regg","rating":1541,"private":0,"password":null}