{"id":"gen9vgc2025regg-2280863041","format":"[Gen 9] VGC 2025 Reg G","players":["massan2580","navinsachump"],"log":"|j|\u2606massan2580\n|j|\u2606navinsachump\n|t:|1736857389\n|gametype|doubles\n|player|p1|massan2580|101|1612\n|player|p2|navinsachump|2|1711\n|teamsize|p1|6\n|teamsize|p2|6\n|gen|9\n|tier|[Gen 9] VGC 2025 Reg G\n|rated|\n|rule|Species Clause: Limit one of each Pok\u00e9mon\n|rule|Item Clause: Limit 1 of each item\n|clearpoke\n|poke|p1|Calyrex-Shadow, L50|\n|poke|p1|Grimmsnarl, L50, M|\n|poke|p1|Clefairy, L50, F|\n|poke|p1|Rillaboom, L50, M|\n|poke|p1|Chien-Pao, L50|\n|poke|p1|Dragonite, L50, F|\n|poke|p2|Miraidon, L50|\n|poke|p2|Whimsicott, L50, M|\n|poke|p2|Iron Leaves, L50|\n|poke|p2|Urshifu-*, L50, M|\n|poke|p2|Incineroar, L50, M|\n|poke|p2|Iron Hands, L50|\n|teampreview|4\n|\n|t:|1736857417\n|start\n|switch|p1a: Grimmsnarl|Grimmsnarl, L50, M|100\/100\n|switch|p1b: Calyrex|Calyrex-Shadow, L50|100\/100\n|switch|p2a: Incineroar|Incineroar, L50, M|100\/100\n|switch|p2b: Iron Leaves|Iron Leaves, L50|100\/100\n|-ability|p1b: Calyrex|As One\n|-ability|p1b: Calyrex|Unnerve\n|-ability|p2a: Incineroar|Intimidate|boost\n|-unboost|p1a: Grimmsnarl|atk|1\n|-unboost|p1b: Calyrex|atk|1\n|turn|1\n|\n|t:|1736857437\n|-terastallize|p2b: Iron Leaves|Normal\n|move|p2a: Incineroar|Fake Out|p1a: Grimmsnarl\n|-damage|p1a: Grimmsnarl|88\/100\n|cant|p1a: Grimmsnarl|flinch\n|move|p1b: Calyrex|Nasty Plot|p1b: Calyrex\n|-boost|p1b: Calyrex|spa|2\n|move|p2b: Iron Leaves|Leaf Blade|p1b: Calyrex\n|-damage|p1b: Calyrex|52\/100\n|-damage|p2b: Iron Leaves|91\/100|[from] item: Life Orb\n|\n|-heal|p1b: Calyrex|58\/100|[from] item: Leftovers\n|upkeep\n|turn|2\n|inactive|Battle timer is ON: inactive players will automatically lose when time's up. (requested by navinsachump)\n|inactive|navinsachump has 60 seconds left.\n|\n|t:|1736857473\n|move|p1b: Calyrex|Protect|p1b: Calyrex\n|-singleturn|p1b: Calyrex|Protect\n|move|p1a: Grimmsnarl|Parting Shot|p2b: Iron Leaves\n|-unboost|p2b: Iron Leaves|atk|1\n|-unboost|p2b: Iron Leaves|spa|1\n|\n|t:|1736857478\n|switch|p1a: Clefairy|Clefairy, L50, F|100\/100|[from] Parting Shot\n|move|p2b: Iron Leaves|Leaf Blade|p1b: Calyrex\n|-activate|p1b: Calyrex|move: Protect\n|move|p2a: Incineroar|Knock Off|p1b: Calyrex\n|-activate|p1b: Calyrex|move: Protect\n|\n|-heal|p1b: Calyrex|63\/100|[from] item: Leftovers\n|upkeep\n|turn|3\n|\n|t:|1736857498\n|move|p2b: Iron Leaves|Protect|p2b: Iron Leaves\n|-singleturn|p2b: Iron Leaves|Protect\n|move|p1a: Clefairy|Follow Me|p1a: Clefairy\n|-singleturn|p1a: Clefairy|move: Follow Me\n|move|p1b: Calyrex|Giga Drain|p2b: Iron Leaves\n|-activate|p2b: Iron Leaves|move: Protect\n|move|p2a: Incineroar|Knock Off|p1a: Clefairy\n|-resisted|p1a: Clefairy\n|-damage|p1a: Clefairy|80\/100\n|-enditem|p1a: Clefairy|Eviolite|[from] move: Knock Off|[of] p2a: Incineroar\n|\n|-heal|p1b: Calyrex|69\/100|[from] item: Leftovers\n|upkeep\n|turn|4\n|\n|t:|1736857517\n|-end|p2b: Iron Leaves|Quark Drive|[silent]\n|switch|p2b: Whimsicott|Whimsicott, L50, M|100\/100\n|move|p1a: Clefairy|Follow Me|p1a: Clefairy\n|-singleturn|p1a: Clefairy|move: Follow Me\n|move|p1b: Calyrex|Astral Barrage|p2b: Whimsicott|[spread] p2a,p2b\n|-resisted|p2a: Incineroar\n|-damage|p2a: Incineroar|72\/100\n|-damage|p2b: Whimsicott|0 fnt\n|faint|p2b: Whimsicott\n|-ability|p1b: Calyrex|Grim Neigh|boost\n|-boost|p1b: Calyrex|spa|1\n|move|p2a: Incineroar|U-turn|p1a: Clefairy\n|-resisted|p1a: Clefairy\n|-damage|p1a: Clefairy|67\/100\n|\n|t:|1736857529\n|switch|p2a: Iron Leaves|Iron Leaves, L50, tera:Normal|91\/100|[from] U-turn\n|\n|-heal|p1b: Calyrex|75\/100|[from] item: Leftovers\n|upkeep\n|\n|t:|1736857535\n|switch|p2b: Miraidon|Miraidon, L50|100\/100\n|-fieldstart|move: Electric Terrain|[from] ability: Hadron Engine|[of] p2b: Miraidon\n|-activate|p2a: Iron Leaves|ability: Quark Drive\n|-start|p2a: Iron Leaves|quarkdrivespe\n|turn|5\n|\n|t:|1736857552\n|switch|p2b: Incineroar|Incineroar, L50, M|72\/100\n|-ability|p2b: Incineroar|Intimidate|boost\n|-unboost|p1a: Clefairy|atk|1\n|-unboost|p1b: Calyrex|atk|1\n|move|p1a: Clefairy|Follow Me|p1a: Clefairy\n|-singleturn|p1a: Clefairy|move: Follow Me\n|move|p2a: Iron Leaves|Leaf Blade|p1a: Clefairy\n|-damage|p1a: Clefairy|0 fnt\n|faint|p1a: Clefairy\n|-damage|p2a: Iron Leaves|81\/100|[from] item: Life Orb\n|move|p1b: Calyrex|Giga Drain|p2a: Iron Leaves\n|-crit|p2a: Iron Leaves\n|-damage|p2a: Iron Leaves|0 fnt\n|-heal|p1b: Calyrex|100\/100|[from] drain|[of] p2a: Iron Leaves\n|faint|p2a: Iron Leaves\n|-end|p2a: Iron Leaves|Quark Drive|[silent]\n|-ability|p1b: Calyrex|Grim Neigh|boost\n|-boost|p1b: Calyrex|spa|1\n|\n|upkeep\n|\n|t:|1736857569\n|switch|p2a: Miraidon|Miraidon, L50|100\/100\n|switch|p1a: Grimmsnarl|Grimmsnarl, L50, M|88\/100\n|-activate|p2a: Miraidon|ability: Hadron Engine\n|turn|6\n|\n|t:|1736857584\n|move|p1b: Calyrex|Protect|p1b: Calyrex\n|-singleturn|p1b: Calyrex|Protect\n|move|p1a: Grimmsnarl|Parting Shot|p2a: Miraidon\n|-unboost|p2a: Miraidon|atk|1\n|-unboost|p2a: Miraidon|spa|1\n|\n|t:|1736857589\n|switch|p1a: Rillaboom|Rillaboom, L50, M|100\/100|[from] Parting Shot\n|-fieldstart|move: Grassy Terrain|[from] ability: Grassy Surge|[of] p1a: Rillaboom\n|move|p2a: Miraidon|Electro Drift|p1a: Rillaboom\n|-resisted|p1a: Rillaboom\n|-damage|p1a: Rillaboom|79\/100\n|move|p2b: Incineroar|Knock Off|p1b: Calyrex\n|-activate|p1b: Calyrex|move: Protect\n|\n|-heal|p1a: Rillaboom|85\/100|[from] Grassy Terrain\n|-heal|p2b: Incineroar|78\/100|[from] Grassy Terrain\n|upkeep\n|turn|7\n|-message|navinsachump forfeited.\n|\n|win|massan2580\n|raw|massan2580's rating: 1612 &rarr; <strong>1638<\/strong><br \/>(+26 for winning)\n|raw|navinsachump's rating: 1711 &rarr; <strong>1685<\/strong><br \/>(-26 for losing)\n|l|\u2606navinsachump\n|player|p2|\n|l|\u2606massan2580\n|player|p1|\n","uploadtime":1736857752,"views":50,"formatid":"gen9vgc2025regg","rating":1638,"private":0,"password":null}