{"id":"gen9vgc2025regg-2280384491","format":"[Gen 9] VGC 2025 Reg G","players":["Angelo Neres","nootellas"],"log":"|j|\u2606Angelo Neres\n|j|\u203dnootellas\n|t:|1736791345\n|gametype|doubles\n|player|p1|Angelo Neres|2|1666\n|player|p2|nootellas|101|1574\n|teamsize|p1|6\n|teamsize|p2|6\n|gen|9\n|tier|[Gen 9] VGC 2025 Reg G\n|rated|\n|rule|Species Clause: Limit one of each Pok\u00e9mon\n|rule|Item Clause: Limit 1 of each item\n|clearpoke\n|poke|p1|Groudon, L50|\n|poke|p1|Moltres-Galar, L50|\n|poke|p1|Scream Tail, L50|\n|poke|p1|Grimmsnarl, L50, M|\n|poke|p1|Cobalion, L50|\n|poke|p1|Amoonguss, L50, M|\n|poke|p2|Calyrex-Shadow, L50|\n|poke|p2|Incineroar, L50, F|\n|poke|p2|Clefairy, L50, F|\n|poke|p2|Raging Bolt, L50|\n|poke|p2|Urshifu-*, L50, M|\n|poke|p2|Flutter Mane, L50|\n|teampreview|4\n|inactive|Battle timer is ON: inactive players will automatically lose when time's up. (requested by Angelo Neres)\n|\n|t:|1736791372\n|start\n|switch|p1a: Cobalion|Cobalion, L50, shiny|100\/100\n|switch|p1b: Moltres|Moltres-Galar, L50, shiny|100\/100\n|switch|p2a: Calyrex|Calyrex-Shadow, L50|100\/100\n|switch|p2b: Incineroar|Incineroar, L50, F, shiny|100\/100\n|-ability|p2a: Calyrex|As One\n|-ability|p2a: Calyrex|Unnerve\n|-ability|p2b: Incineroar|Intimidate|boost\n|-unboost|p1a: Cobalion|atk|1\n|-unboost|p1b: Moltres|atk|1\n|turn|1\n|\n|t:|1736791385\n|-terastallize|p2a: Calyrex|Water\n|move|p2b: Incineroar|Fake Out|p1b: Moltres\n|-damage|p1b: Moltres|89\/100\n|move|p2a: Calyrex|Calm Mind|p2a: Calyrex\n|-boost|p2a: Calyrex|spa|1\n|-boost|p2a: Calyrex|spd|1\n|move|p1a: Cobalion|Stealth Rock|p2b: Incineroar\n|-sidestart|p2: nootellas|move: Stealth Rock\n|cant|p1b: Moltres|flinch\n|\n|upkeep\n|turn|2\n|\n|t:|1736791406\n|switch|p1a: Grimmsnarl|Grimmsnarl, L50, M, shiny|100\/100\n|switch|p2b: Clefairy|Clefairy, L50, F, shiny|100\/100\n|-damage|p2b: Clefairy|88\/100|[from] Stealth Rock\n|move|p1b: Moltres|Protect|p1b: Moltres\n|-singleturn|p1b: Moltres|Protect\n|move|p2a: Calyrex|Astral Barrage|p1a: Grimmsnarl|[spread] p1a\n|-activate|p1b: Moltres|move: Protect\n|-resisted|p1a: Grimmsnarl\n|-damage|p1a: Grimmsnarl|55\/100\n|\n|upkeep\n|turn|3\n|\n|t:|1736791423\n|move|p2b: Clefairy|Follow Me|p2b: Clefairy\n|-singleturn|p2b: Clefairy|move: Follow Me\n|move|p1a: Grimmsnarl|Light Screen|p1a: Grimmsnarl\n|-sidestart|p1: Angelo Neres|move: Light Screen\n|move|p2a: Calyrex|Astral Barrage|p1b: Moltres|[spread] p1a,p1b\n|-resisted|p1a: Grimmsnarl\n|-resisted|p1b: Moltres\n|-damage|p1a: Grimmsnarl|24\/100\n|-damage|p1b: Moltres|63\/100\n|move|p1b: Moltres|Fiery Wrath|p2b: Clefairy|[spread] p2a,p2b\n|-resisted|p2b: Clefairy\n|-damage|p2a: Calyrex|86\/100\n|-damage|p2b: Clefairy|73\/100\n|\n|upkeep\n|turn|4\n|\n|t:|1736791434\n|move|p2b: Clefairy|Follow Me|p2b: Clefairy\n|-singleturn|p2b: Clefairy|move: Follow Me\n|move|p1a: Grimmsnarl|Parting Shot|p2b: Clefairy\n|-unboost|p2b: Clefairy|atk|1\n|-unboost|p2b: Clefairy|spa|1\n|\n|t:|1736791438\n|switch|p1a: Groudon|Groudon, L50, shiny|100\/100|[from] Parting Shot\n|-weather|SunnyDay|[from] ability: Drought|[of] p1a: Groudon\n|move|p2a: Calyrex|Astral Barrage|p1b: Moltres|[spread] p1a,p1b\n|-resisted|p1b: Moltres\n|-damage|p1a: Groudon|59\/100\n|-damage|p1b: Moltres|39\/100\n|-ability|p1b: Moltres|Berserk|boost\n|-boost|p1b: Moltres|spa|1\n|move|p1b: Moltres|Tailwind|p1b: Moltres\n|-sidestart|p1: Angelo Neres|move: Tailwind\n|\n|-weather|SunnyDay|[upkeep]\n|upkeep\n|turn|5\n|\n|t:|1736791455\n|move|p2b: Clefairy|Helping Hand|p2a: Calyrex\n|-singleturn|p2a: Calyrex|Helping Hand|[of] p2b: Clefairy\n|move|p1b: Moltres|Fiery Wrath|p2a: Calyrex|[spread] p2a,p2b\n|-resisted|p2b: Clefairy\n|-damage|p2a: Calyrex|68\/100\n|-damage|p2b: Clefairy|51\/100\n|move|p1a: Groudon|Precipice Blades|p2a: Calyrex|[spread] p2a,p2b\n|-damage|p2a: Calyrex|25\/100\n|-damage|p2b: Clefairy|7\/100\n|cant|p2a: Calyrex|flinch\n|\n|-weather|SunnyDay|[upkeep]\n|upkeep\n|turn|6\n|j| BreadTest\n|j| clair the bae\n|inactive|Angelo Neres has 30 seconds left.\n|\n|t:|1736791483\n|switch|p2a: Incineroar|Incineroar, L50, F, shiny|100\/100\n|-enditem|p1b: Moltres|Sitrus Berry|[eat]\n|-heal|p1b: Moltres|64\/100|[from] item: Sitrus Berry\n|-damage|p2a: Incineroar|75\/100|[from] Stealth Rock\n|-ability|p2a: Incineroar|Intimidate|boost\n|-unboost|p1a: Groudon|atk|1\n|-unboost|p1b: Moltres|atk|1\n|move|p2b: Clefairy|Protect|p2b: Clefairy\n|-singleturn|p2b: Clefairy|Protect\n|move|p1b: Moltres|Fiery Wrath|p2a: Incineroar|[spread] p2a\n|-activate|p2b: Clefairy|move: Protect\n|-resisted|p2a: Incineroar\n|-damage|p2a: Incineroar|63\/100\n|move|p1a: Groudon|Precipice Blades|p2b: Clefairy|[spread] p2a\n|-activate|p2b: Clefairy|move: Protect\n|-supereffective|p2a: Incineroar\n|-damage|p2a: Incineroar|10\/100\n|\n|-weather|SunnyDay|[upkeep]\n|upkeep\n|turn|7\n|inactive|Angelo Neres has 30 seconds left.\n|inactive|nootellas has 30 seconds left.\n|\n|t:|1736791514\n|switch|p1a: Grimmsnarl|Grimmsnarl, L50, M, shiny|24\/100\n|switch|p2b: Urshifu|Urshifu-Rapid-Strike, L50, M|100\/100\n|-damage|p2b: Urshifu|94\/100|[from] Stealth Rock\n|move|p1b: Moltres|Protect|p1b: Moltres\n|-singleturn|p1b: Moltres|Protect\n|move|p2a: Incineroar|Fake Out|p1a: Grimmsnarl\n|-damage|p1a: Grimmsnarl|14\/100\n|\n|-weather|SunnyDay|[upkeep]\n|-sideend|p1: Angelo Neres|move: Light Screen\n|-sideend|p1: Angelo Neres|move: Tailwind\n|upkeep\n|turn|8\n|j| b2k99\n|inactive|nootellas has 30 seconds left.\n|\n|t:|1736791545\n|switch|p2a: Clefairy|Clefairy, L50, F, shiny|7\/100\n|-damage|p2a: Clefairy|0 fnt|[from] Stealth Rock\n|faint|p2a: Clefairy\n|move|p1a: Grimmsnarl|Reflect|p1a: Grimmsnarl\n|-sidestart|p1: Angelo Neres|Reflect\n|move|p2b: Urshifu|Surging Strikes|p1b: Moltres\n|-crit|p1b: Moltres\n|-damage|p1b: Moltres|54\/100\n|-crit|p1b: Moltres\n|-damage|p1b: Moltres|44\/100\n|-crit|p1b: Moltres\n|-damage|p1b: Moltres|34\/100\n|-hitcount|p1b: Moltres|3\n|-ability|p1b: Moltres|Berserk|boost\n|-boost|p1b: Moltres|spa|1\n|move|p1b: Moltres|Tailwind|p1b: Moltres\n|-sidestart|p1: Angelo Neres|move: Tailwind\n|\n|-weather|none\n|upkeep\n|\n|t:|1736791563\n|switch|p2a: Calyrex|Calyrex-Shadow, L50, tera:Water|25\/100\n|-ability|p2a: Calyrex|As One\n|-ability|p2a: Calyrex|Unnerve\n|-damage|p2a: Calyrex|13\/100|[from] Stealth Rock\n|turn|9\n|\n|t:|1736791581\n|switch|p2b: Incineroar|Incineroar, L50, F, shiny|10\/100\n|-damage|p2b: Incineroar|0 fnt|[from] Stealth Rock\n|faint|p2b: Incineroar\n|move|p1a: Grimmsnarl|Parting Shot|p2a: Calyrex\n|-unboost|p2a: Calyrex|atk|1\n|-unboost|p2a: Calyrex|spa|1\n|\n|t:|1736791588\n|switch|p1a: Groudon|Groudon, L50, shiny|59\/100|[from] Parting Shot\n|-weather|SunnyDay|[from] ability: Drought|[of] p1a: Groudon\n|move|p1b: Moltres|Fiery Wrath|p2a: Calyrex\n|-damage|p2a: Calyrex|0 fnt\n|faint|p2a: Calyrex\n|\n|-weather|SunnyDay|[upkeep]\n|upkeep\n|-message|nootellas forfeited.\n|\n|win|Angelo Neres\n|raw|Angelo Neres's rating: 1666 &rarr; <strong>1681<\/strong><br \/>(+15 for winning)\n|raw|nootellas's rating: 1574 &rarr; <strong>1559<\/strong><br \/>(-15 for losing)\n|l|\u203dnootellas\n|player|p2|\n|l|\u2606Angelo Neres\n|player|p1|\n|l| b2k99\n|l| BreadTest\n|j|\u2606Angelo Neres\n|player|p1|Angelo Neres|2|\n","uploadtime":1736791867,"views":15,"formatid":"gen9vgc2025regg","rating":1559,"private":0,"password":null}