{"id":"gen9vgc2025regg-2280368750","format":"[Gen 9] VGC 2025 Reg G","players":["Team715","shikico"],"log":"|j|\u2606Team715\n|j|\u2606shikico\n|t:|1736789779\n|gametype|doubles\n|player|p1|Team715|volkner|1605\n|player|p2|shikico|102|1541\n|teamsize|p1|6\n|teamsize|p2|6\n|gen|9\n|tier|[Gen 9] VGC 2025 Reg G\n|rated|\n|rule|Species Clause: Limit one of each Pok\u00e9mon\n|rule|Item Clause: Limit 1 of each item\n|clearpoke\n|poke|p1|Calyrex-Shadow, L50|\n|poke|p1|Rillaboom, L50, M|\n|poke|p1|Incineroar, L50, M|\n|poke|p1|Urshifu-*, L50, M|\n|poke|p1|Raging Bolt, L50|\n|poke|p1|Ogerpon-Hearthflame, L50, F|\n|poke|p2|Terapagos, L50, M|\n|poke|p2|Primarina, L50, F|\n|poke|p2|Amoonguss, L50, F|\n|poke|p2|Gothitelle, L50, F|\n|poke|p2|Incineroar, L50, F|\n|poke|p2|Raging Bolt, L50|\n|teampreview|4\n|inactive|Battle timer is ON: inactive players will automatically lose when time's up. (requested by shikico)\n|inactive|Team715 has 60 seconds left.\n|\n|t:|1736789826\n|start\n|switch|p1a: Incineroar|Incineroar, L50, M, shiny|100\/100\n|switch|p1b: Urshifu|Urshifu-Rapid-Strike, L50, M|100\/100\n|switch|p2a: Gothitelle|Gothitelle, L50, F|100\/100\n|switch|p2b: Terapagos|Terapagos, L50, M|100\/100\n|-activate|p2b: Terapagos|ability: Tera Shift\n|detailschange|p2b: Terapagos|Terapagos-Terastal, L50, M\n|-heal|p2b: Terapagos|100\/100|[silent]\n|-ability|p1a: Incineroar|Intimidate|boost\n|-unboost|p2a: Gothitelle|atk|1\n|-unboost|p2b: Terapagos|atk|1\n|turn|1\n|j| revplog\n|inactive|shikico has 30 seconds left.\n|\n|t:|1736789852\n|switch|p2b: Primarina|Primarina, L50, F|100\/100\n|move|p1b: Urshifu|Detect|p1b: Urshifu\n|-singleturn|p1b: Urshifu|Protect\n|move|p2a: Gothitelle|Fake Out|p1b: Urshifu\n|-activate|p1b: Urshifu|move: Protect\n|move|p1a: Incineroar|Parting Shot|p2b: Primarina\n|-unboost|p2b: Primarina|atk|1\n|-unboost|p2b: Primarina|spa|1\n|\n|t:|1736789862\n|switch|p1a: Calyrex|Calyrex-Shadow, L50|100\/100|[from] Parting Shot\n|-ability|p1a: Calyrex|As One\n|-ability|p1a: Calyrex|Unnerve\n|\n|upkeep\n|turn|2\n|inactive|Team715 has 30 seconds left.\n|inactive|shikico has 30 seconds left.\n|\n|t:|1736789893\n|-terastallize|p2a: Gothitelle|Dark\n|move|p1a: Calyrex|Astral Barrage|p2b: Primarina|[spread] p2a,p2b\n|-resisted|p2a: Gothitelle\n|-damage|p2a: Gothitelle|82\/100\n|-damage|p2b: Primarina|65\/100\n|move|p1b: Urshifu|Close Combat|p2a: Gothitelle\n|-supereffective|p2a: Gothitelle\n|-damage|p2a: Gothitelle|0 fnt\n|-unboost|p1b: Urshifu|def|1\n|-unboost|p1b: Urshifu|spd|1\n|faint|p2a: Gothitelle\n|move|p2b: Primarina|Moonblast|p1b: Urshifu\n|-supereffective|p1b: Urshifu\n|-enditem|p1b: Urshifu|Focus Sash\n|-damage|p1b: Urshifu|1\/100\n|-unboost|p1b: Urshifu|spa|1\n|\n|-heal|p2b: Primarina|71\/100|[from] item: Leftovers\n|upkeep\n|\n|t:|1736789910\n|switch|p2a: Incineroar|Incineroar, L50, F|100\/100\n|-ability|p2a: Incineroar|Intimidate|boost\n|-unboost|p1a: Calyrex|atk|1\n|-unboost|p1b: Urshifu|atk|1\n|turn|3\n|l| revplog\n|\n|t:|1736789931\n|switch|p2b: Terapagos|Terapagos-Terastal, L50, M|100\/100\n|move|p1b: Urshifu|Detect|p1b: Urshifu\n|-singleturn|p1b: Urshifu|Protect\n|move|p1a: Calyrex|Astral Barrage|p2b: Terapagos|[spread] p2a\n|-immune|p2b: Terapagos\n|-resisted|p2a: Incineroar\n|-damage|p2a: Incineroar|79\/100\n|move|p2a: Incineroar|Knock Off|p1a: Calyrex\n|-supereffective|p1a: Calyrex\n|-damage|p1a: Calyrex|0 fnt\n|-enditem|p1a: Calyrex|Covert Cloak|[from] move: Knock Off|[of] p2a: Incineroar\n|faint|p1a: Calyrex\n|\n|upkeep\n|\n|t:|1736789948\n|switch|p1a: Incineroar|Incineroar, L50, M, shiny|100\/100\n|-ability|p1a: Incineroar|Intimidate|boost\n|-unboost|p2a: Incineroar|atk|1\n|-unboost|p2b: Terapagos|atk|1\n|turn|4\n|inactive|Team715 has 30 seconds left.\n|\n|t:|1736789974\n|move|p1a: Incineroar|Fake Out|p2a: Incineroar\n|-damage|p2a: Incineroar|70\/100\n|move|p1b: Urshifu|Surging Strikes|p2b: Terapagos\n|-activate|p2b: Terapagos|ability: Tera Shell\n|-resisted|p2b: Terapagos\n|-crit|p2b: Terapagos\n|-damage|p2b: Terapagos|91\/100\n|-resisted|p2b: Terapagos\n|-crit|p2b: Terapagos\n|-damage|p2b: Terapagos|82\/100\n|-resisted|p2b: Terapagos\n|-crit|p2b: Terapagos\n|-damage|p2b: Terapagos|73\/100\n|-hitcount|p2b: Terapagos|3\n|move|p2b: Terapagos|Tera Starstorm|p1b: Urshifu\n|-damage|p1b: Urshifu|0 fnt\n|faint|p1b: Urshifu\n|cant|p2a: Incineroar|flinch\n|\n|upkeep\n|\n|t:|1736789991\n|switch|p1b: Ogerpon|Ogerpon-Hearthflame, L50, F|100\/100\n|-ability|p1b: Ogerpon|Mold Breaker\n|turn|5\n|\n|t:|1736790011\n|move|p2b: Terapagos|Protect|p2b: Terapagos\n|-singleturn|p2b: Terapagos|Protect\n|move|p1b: Ogerpon|Ivy Cudgel|p2b: Terapagos|[anim] Ivy Cudgel Fire\n|-activate|p2b: Terapagos|move: Protect\n|move|p2a: Incineroar|Parting Shot|p1b: Ogerpon\n|-unboost|p1b: Ogerpon|atk|1\n|-unboost|p1b: Ogerpon|spa|1\n|\n|t:|1736790018\n|switch|p2a: Primarina|Primarina, L50, F|71\/100|[from] Parting Shot\n|move|p1a: Incineroar|Knock Off|p2a: Primarina\n|-resisted|p2a: Primarina\n|-damage|p2a: Primarina|52\/100\n|-enditem|p2a: Primarina|Leftovers|[from] move: Knock Off|[of] p1a: Incineroar\n|\n|upkeep\n|turn|6\n|\n|t:|1736790039\n|switch|p2b: Incineroar|Incineroar, L50, F|70\/100\n|-ability|p2b: Incineroar|Intimidate|boost\n|-unboost|p1a: Incineroar|atk|1\n|-unboost|p1b: Ogerpon|atk|1\n|move|p1b: Ogerpon|Spiky Shield|p1b: Ogerpon\n|-singleturn|p1b: Ogerpon|move: Protect\n|move|p2a: Primarina|Protect|p2a: Primarina\n|-singleturn|p2a: Primarina|Protect\n|move|p1a: Incineroar|Flare Blitz|p2b: Incineroar\n|-resisted|p2b: Incineroar\n|-damage|p2b: Incineroar|58\/100\n|-damage|p1a: Incineroar|97\/100|[from] Recoil\n|\n|upkeep\n|turn|7\n|\n|t:|1736790062\n|move|p2b: Incineroar|Fake Out|p1b: Ogerpon\n|-damage|p1b: Ogerpon|89\/100\n|cant|p1b: Ogerpon|flinch\n|move|p1a: Incineroar|Parting Shot|p2a: Primarina\n|-unboost|p2a: Primarina|atk|1\n|-unboost|p2a: Primarina|spa|1\n|move|p2a: Primarina|Perish Song|p2a: Primarina\n|-start|p1a: Incineroar|perish3|[silent]\n|-start|p1b: Ogerpon|perish3|[silent]\n|-start|p2a: Primarina|perish3|[silent]\n|-start|p2b: Incineroar|perish3|[silent]\n|-fieldactivate|move: Perish Song\n|\n|-start|p1b: Ogerpon|perish3\n|-start|p2b: Incineroar|perish3\n|-start|p1a: Incineroar|perish3\n|-start|p2a: Primarina|perish3\n|upkeep\n|turn|8\n|inactive|Team715 has 30 seconds left.\n|\n|t:|1736790091\n|-terastallize|p1b: Ogerpon|Fire\n|detailschange|p1b: Ogerpon|Ogerpon-Hearthflame-Tera, L50, F, tera:Fire\n|-ability|p1b: Ogerpon|Embody Aspect (Hearthflame)|boost\n|-boost|p1b: Ogerpon|atk|1\n|move|p2a: Primarina|Protect|p2a: Primarina\n|-singleturn|p2a: Primarina|Protect\n|move|p1b: Ogerpon|Ivy Cudgel|p2b: Incineroar|[anim] Ivy Cudgel Fire\n|-resisted|p2b: Incineroar\n|-damage|p2b: Incineroar|38\/100\n|move|p2b: Incineroar|Parting Shot|p1b: Ogerpon\n|-unboost|p1b: Ogerpon|atk|1\n|-unboost|p1b: Ogerpon|spa|1\n|\n|t:|1736790102\n|switch|p2b: Terapagos|Terapagos-Terastal, L50, M|73\/100|[from] Parting Shot\n|move|p1a: Incineroar|Flare Blitz|p2b: Terapagos\n|-damage|p2b: Terapagos|47\/100\n|-damage|p1a: Incineroar|89\/100|[from] Recoil\n|\n|-start|p1b: Ogerpon|perish2\n|-start|p1a: Incineroar|perish2\n|-start|p2a: Primarina|perish2\n|upkeep\n|turn|9\n|-message|Team715 forfeited.\n|\n|win|shikico\n|raw|Team715's rating: 1605 &rarr; <strong>1581<\/strong><br \/>(-24 for losing)\n|raw|shikico's rating: 1541 &rarr; <strong>1565<\/strong><br \/>(+24 for winning)\n|l|\u2606Team715\n|player|p1|\n|l|\u2606shikico\n|player|p2|\n","uploadtime":1736790341,"views":20,"formatid":"gen9vgc2025regg","rating":1565,"private":0,"password":null}