{"id":"gen9vgc2025regg-2280889967","format":"[Gen 9] VGC 2025 Reg G","players":["FleurCannon56","navinsachump"],"log":"|j|\u2606FleurCannon56\n|j|\u2606navinsachump\n|t:|1736861197\n|gametype|doubles\n|player|p1|FleurCannon56|lisia|1668\n|player|p2|navinsachump|2|1674\n|teamsize|p1|6\n|teamsize|p2|6\n|gen|9\n|tier|[Gen 9] VGC 2025 Reg G\n|rated|\n|rule|Species Clause: Limit one of each Pok\u00e9mon\n|rule|Item Clause: Limit 1 of each item\n|clearpoke\n|poke|p1|Koraidon, L50|\n|poke|p1|Whimsicott, L50, F|\n|poke|p1|Torkoal, L50, F|\n|poke|p1|Raging Bolt, L50|\n|poke|p1|Flutter Mane, L50|\n|poke|p1|Chi-Yu, L50|\n|poke|p2|Miraidon, L50|\n|poke|p2|Whimsicott, L50, F|\n|poke|p2|Iron Leaves, L50|\n|poke|p2|Urshifu-*, L50, M|\n|poke|p2|Incineroar, L50, M|\n|poke|p2|Iron Hands, L50|\n|teampreview|4\n|\n|t:|1736861216\n|start\n|switch|p1a: Whimsicott|Whimsicott, L50, F|100\/100\n|switch|p1b: Koraidon|Koraidon, L50|100\/100\n|switch|p2a: Iron Hands|Iron Hands, L50|100\/100\n|switch|p2b: Miraidon|Miraidon, L50|100\/100\n|-weather|SunnyDay|[from] ability: Orichalcum Pulse|[of] p1b: Koraidon\n|-activate|p1b: Koraidon|Orichalcum Pulse|[source]\n|-fieldstart|move: Electric Terrain|[from] ability: Hadron Engine|[of] p2b: Miraidon\n|-enditem|p2a: Iron Hands|Electric Seed\n|-boost|p2a: Iron Hands|def|1|[from] item: Electric Seed\n|-activate|p2a: Iron Hands|ability: Quark Drive\n|-start|p2a: Iron Hands|quarkdrivedef\n|turn|1\n|inactive|Battle timer is ON: inactive players will automatically lose when time's up. (requested by navinsachump)\n|\n|t:|1736861232\n|switch|p1b: Flutter Mane|Flutter Mane, L50|100\/100\n|-activate|p1b: Flutter Mane|ability: Protosynthesis\n|-start|p1b: Flutter Mane|protosynthesisspe\n|-terastallize|p2a: Iron Hands|Fire\n|move|p1a: Whimsicott|Protect|p1a: Whimsicott\n|-singleturn|p1a: Whimsicott|Protect\n|move|p2b: Miraidon|Volt Switch|p1a: Whimsicott\n|-activate|p1a: Whimsicott|move: Protect\n|move|p2a: Iron Hands|Swords Dance|p2a: Iron Hands\n|-boost|p2a: Iron Hands|atk|2\n|\n|-weather|SunnyDay|[upkeep]\n|upkeep\n|turn|2\n|inactive|navinsachump has 30 seconds left.\n|\n|t:|1736861264\n|move|p2a: Iron Hands|Protect|p2a: Iron Hands\n|-singleturn|p2a: Iron Hands|Protect\n|move|p1a: Whimsicott|Encore|p2a: Iron Hands\n|-activate|p2a: Iron Hands|move: Protect\n|move|p1b: Flutter Mane|Moonblast|p2b: Miraidon\n|-supereffective|p2b: Miraidon\n|-damage|p2b: Miraidon|0 fnt\n|faint|p2b: Miraidon\n|\n|-weather|SunnyDay|[upkeep]\n|upkeep\n|\n|t:|1736861279\n|switch|p2b: Whimsicott|Whimsicott, L50, F|100\/100\n|turn|3\n|\n|t:|1736861299\n|-end|p2a: Iron Hands|Quark Drive|[silent]\n|switch|p2a: Incineroar|Incineroar, L50, M|100\/100\n|-ability|p2a: Incineroar|Intimidate|boost\n|-unboost|p1a: Whimsicott|atk|1\n|-unboost|p1b: Flutter Mane|atk|1\n|move|p1a: Whimsicott|Encore|p2a: Incineroar\n|-hint|Since gen 7, Dark is immune to Prankster moves.\n|-immune|p2a: Incineroar\n|move|p2b: Whimsicott|Light Screen|p2b: Whimsicott\n|-sidestart|p2: navinsachump|move: Light Screen\n|move|p1b: Flutter Mane|Moonblast|p2b: Whimsicott\n|-damage|p2b: Whimsicott|47\/100\n|\n|-weather|SunnyDay|[upkeep]\n|upkeep\n|turn|4\n|\n|t:|1736861318\n|move|p1a: Whimsicott|Tailwind|p1a: Whimsicott\n|-sidestart|p1: FleurCannon56|move: Tailwind\n|move|p1b: Flutter Mane|Moonblast|p2b: Whimsicott\n|-damage|p2b: Whimsicott|0 fnt\n|faint|p2b: Whimsicott\n|move|p2a: Incineroar|Flare Blitz|p1a: Whimsicott\n|-supereffective|p1a: Whimsicott\n|-enditem|p1a: Whimsicott|Focus Sash\n|-damage|p1a: Whimsicott|1\/100\n|-damage|p2a: Incineroar|79\/100|[from] Recoil\n|\n|-weather|SunnyDay|[upkeep]\n|upkeep\n|\n|t:|1736861325\n|switch|p2b: Iron Hands|Iron Hands, L50, tera:Fire|100\/100\n|-activate|p2b: Iron Hands|ability: Quark Drive\n|-start|p2b: Iron Hands|quarkdriveatk\n|turn|5\n|\n|t:|1736861339\n|-terastallize|p1b: Flutter Mane|Fairy\n|move|p1b: Flutter Mane|Moonblast|p2a: Incineroar\n|-damage|p2a: Incineroar|38\/100\n|move|p1a: Whimsicott|Moonblast|p2a: Incineroar\n|-damage|p2a: Incineroar|24\/100\n|move|p2a: Incineroar|Flare Blitz|p1a: Whimsicott\n|-supereffective|p1a: Whimsicott\n|-crit|p1a: Whimsicott\n|-damage|p1a: Whimsicott|0 fnt\n|faint|p1a: Whimsicott\n|-damage|p2a: Incineroar|24\/100|[from] Recoil\n|move|p2b: Iron Hands|Thunder Punch|p1b: Flutter Mane\n|-damage|p1b: Flutter Mane|0 fnt\n|faint|p1b: Flutter Mane\n|-end|p1b: Flutter Mane|Protosynthesis|[silent]\n|\n|-weather|none\n|-fieldend|move: Electric Terrain\n|-end|p2b: Iron Hands|Quark Drive\n|upkeep\n|\n|t:|1736861345\n|switch|p1b: Chi-Yu|Chi-Yu, L50|100\/100\n|switch|p1a: Koraidon|Koraidon, L50|100\/100\n|-ability|p1b: Chi-Yu|Beads of Ruin\n|-weather|SunnyDay|[from] ability: Orichalcum Pulse|[of] p1a: Koraidon\n|-activate|p1a: Koraidon|Orichalcum Pulse|[source]\n|turn|6\n|\n|t:|1736861363\n|move|p1b: Chi-Yu|Flamethrower|p2a: Incineroar\n|-resisted|p2a: Incineroar\n|-damage|p2a: Incineroar|5\/100\n|move|p1a: Koraidon|Collision Course|p2b: Iron Hands\n|-damage|p2b: Iron Hands|26\/100\n|move|p2a: Incineroar|Knock Off|p1a: Koraidon\n|-resisted|p1a: Koraidon\n|-damage|p1a: Koraidon|80\/100\n|-enditem|p1a: Koraidon|Choice Band|[from] move: Knock Off|[of] p2a: Incineroar\n|move|p2b: Iron Hands|Drain Punch|p1b: Chi-Yu\n|-supereffective|p1b: Chi-Yu\n|-damage|p1b: Chi-Yu|0 fnt\n|-heal|p2b: Iron Hands|51\/100|[from] drain|[of] p1b: Chi-Yu\n|faint|p1b: Chi-Yu\n|\n|-weather|SunnyDay|[upkeep]\n|upkeep\n|turn|7\n|j| Shrewed_Santa\n|inactive|navinsachump has 30 seconds left.\n|\n|t:|1736861389\n|move|p1a: Koraidon|Breaking Swipe|p2b: Iron Hands|[spread] p2a,p2b\n|-damage|p2a: Incineroar|0 fnt\n|-damage|p2b: Iron Hands|30\/100\n|-unboost|p2b: Iron Hands|atk|1\n|faint|p2a: Incineroar\n|move|p2b: Iron Hands|Drain Punch|p1a: Koraidon\n|-damage|p1a: Koraidon|59\/100\n|-heal|p2b: Iron Hands|37\/100|[from] drain|[of] p1a: Koraidon\n|\n|-weather|SunnyDay|[upkeep]\n|-sideend|p2: navinsachump|move: Light Screen\n|-sideend|p1: FleurCannon56|move: Tailwind\n|upkeep\n|turn|8\n|\n|t:|1736861399\n|move|p1a: Koraidon|Breaking Swipe|p2b: Iron Hands\n|-damage|p2b: Iron Hands|8\/100\n|-unboost|p2b: Iron Hands|atk|1\n|move|p2b: Iron Hands|Drain Punch|p1a: Koraidon\n|-damage|p1a: Koraidon|42\/100\n|-heal|p2b: Iron Hands|14\/100|[from] drain|[of] p1a: Koraidon\n|\n|-weather|SunnyDay|[upkeep]\n|upkeep\n|turn|9\n|\n|t:|1736861408\n|move|p2b: Iron Hands|Protect|p2b: Iron Hands\n|-singleturn|p2b: Iron Hands|Protect\n|move|p1a: Koraidon|Collision Course|p2b: Iron Hands\n|-activate|p2b: Iron Hands|move: Protect\n|\n|-weather|SunnyDay|[upkeep]\n|upkeep\n|turn|10\n|\n|t:|1736861417\n|move|p1a: Koraidon|Collision Course|p2b: Iron Hands\n|-damage|p2b: Iron Hands|0 fnt\n|faint|p2b: Iron Hands\n|-end|p2b: Iron Hands|Quark Drive|[silent]\n|\n|win|FleurCannon56\n|raw|FleurCannon56's rating: 1668 &rarr; <strong>1688<\/strong><br \/>(+20 for winning)\n|raw|navinsachump's rating: 1674 &rarr; <strong>1654<\/strong><br \/>(-20 for losing)\n|l|\u2606navinsachump\n|player|p2|\n|l| Shrewed_Santa\n|l|\u2606FleurCannon56\n|player|p1|\n","uploadtime":1736861555,"views":58,"formatid":"gen9vgc2025regg","rating":1654,"private":0,"password":null}