{"id":"gen9vgc2025regg-2280575551","format":"[Gen 9] VGC 2025 Reg G","players":["jorginhotv","Emirnent"],"log":"|j|\u2606jorginhotv\n|j|\u2606Emirnent\n|t:|1736811583\n|gametype|doubles\n|player|p1|jorginhotv|2|1628\n|player|p2|Emirnent|1|1610\n|teamsize|p1|6\n|teamsize|p2|6\n|gen|9\n|tier|[Gen 9] VGC 2025 Reg G\n|rated|\n|rule|Species Clause: Limit one of each Pok\u00e9mon\n|rule|Item Clause: Limit 1 of each item\n|clearpoke\n|poke|p1|Tornadus, L50, M|\n|poke|p1|Kyogre, L50|\n|poke|p1|Tsareena, L50, F|\n|poke|p1|Urshifu-*, L50, F|\n|poke|p1|Iron Crown, L50|\n|poke|p1|Indeedee-F, L50, F|\n|poke|p2|Articuno, L50|\n|poke|p2|Ninetales-Alola, L50, M|\n|poke|p2|Kyogre, L50|\n|poke|p2|Tornadus, L50, M|\n|poke|p2|Landorus, L50, M|\n|poke|p2|Volcarona, L50, M|\n|teampreview|4\n|inactive|Battle timer is ON: inactive players will automatically lose when time's up. (requested by Emirnent)\n|inactive|jorginhotv has 60 seconds left.\n|inactive|Emirnent has 60 seconds left.\n|\n|t:|1736811629\n|start\n|switch|p1a: Ericka|Indeedee-F, L50, F|100\/100\n|switch|p1b: Gia Li|Kyogre, L50|100\/100\n|switch|p2a: Tornadus|Tornadus, L50, M|100\/100\n|switch|p2b: Kyogre|Kyogre, L50|100\/100\n|-weather|RainDance|[from] ability: Drizzle|[of] p1b: Gia Li\n|-fieldstart|move: Psychic Terrain|[from] ability: Psychic Surge|[of] p1a: Ericka\n|turn|1\n|j| surge_phoenix\n|\n|t:|1736811638\n|-terastallize|p1a: Ericka|Dragon\n|move|p1b: Gia Li|Protect|p1b: Gia Li\n|-singleturn|p1b: Gia Li|Protect\n|move|p2a: Tornadus|Bleakwind Storm|p1a: Ericka|[spread] p1a\n|-activate|p1b: Gia Li|move: Protect\n|-damage|p1a: Ericka|67\/100\n|move|p2b: Kyogre|Water Spout|p1b: Gia Li|[spread] p1a\n|-activate|p1b: Gia Li|move: Protect\n|-resisted|p1a: Ericka\n|-damage|p1a: Ericka|19\/100\n|move|p1a: Ericka|Trick Room|p1a: Ericka\n|-fieldstart|move: Trick Room|[of] p1a: Ericka\n|\n|-weather|RainDance|[upkeep]\n|upkeep\n|turn|2\n|\n|t:|1736811656\n|move|p2a: Tornadus|Protect|p2a: Tornadus\n|-singleturn|p2a: Tornadus|Protect\n|move|p1a: Ericka|Psychic|p2b: Kyogre\n|-damage|p2b: Kyogre|68\/100\n|move|p2b: Kyogre|Thunder|p1b: Gia Li\n|-supereffective|p1b: Gia Li\n|-damage|p1b: Gia Li|40\/100\n|move|p1b: Gia Li|Water Spout|p2a: Tornadus|[spread] p2b\n|-activate|p2a: Tornadus|move: Protect\n|-resisted|p2b: Kyogre\n|-damage|p2b: Kyogre|50\/100\n|\n|-weather|RainDance|[upkeep]\n|upkeep\n|turn|3\n|j| mr pogostick\n|\n|t:|1736811678\n|move|p1b: Gia Li|Protect|p1b: Gia Li\n|-singleturn|p1b: Gia Li|Protect\n|move|p1a: Ericka|Psychic|p2b: Kyogre\n|-damage|p2b: Kyogre|21\/100\n|move|p2b: Kyogre|Origin Pulse|p1a: Ericka|[spread] p1a\n|-activate|p1b: Gia Li|move: Protect\n|-resisted|p1a: Ericka\n|-damage|p1a: Ericka|0 fnt\n|faint|p1a: Ericka\n|move|p2a: Tornadus|Bleakwind Storm|p1b: Gia Li\n|-activate|p1b: Gia Li|move: Protect\n|\n|-weather|RainDance|[upkeep]\n|upkeep\n|\n|t:|1736811689\n|switch|p1a: Dara|Tsareena, L50, F, shiny|100\/100\n|turn|4\n|\n|t:|1736811700\n|move|p2a: Tornadus|Protect|p2a: Tornadus\n|-singleturn|p2a: Tornadus|Protect\n|move|p1a: Dara|Bullet Seed|p2b: Kyogre\n|-supereffective|p2b: Kyogre\n|-damage|p2b: Kyogre|0 fnt\n|faint|p2b: Kyogre\n|-hitcount|p2: Kyogre|1\n|move|p1b: Gia Li|Ice Beam|p2a: Tornadus\n|-activate|p2a: Tornadus|move: Protect\n|\n|-weather|RainDance|[upkeep]\n|upkeep\n|\n|t:|1736811705\n|switch|p2b: Volcarona|Volcarona, L50, M|100\/100\n|turn|5\n|\n|t:|1736811715\n|-terastallize|p2b: Volcarona|Water\n|move|p2a: Tornadus|Tailwind|p2a: Tornadus\n|-sidestart|p2: Emirnent|move: Tailwind\n|move|p1a: Dara|Triple Axel|p2a: Tornadus\n|-supereffective|p2a: Tornadus\n|-damage|p2a: Tornadus|79\/100\n|-supereffective|p2a: Tornadus\n|-damage|p2a: Tornadus|33\/100\n|-supereffective|p2a: Tornadus\n|-damage|p2a: Tornadus|0 fnt\n|faint|p2a: Tornadus\n|-hitcount|p2: Tornadus|3\n|move|p1b: Gia Li|Origin Pulse|p2b: Volcarona\n|-resisted|p2b: Volcarona\n|-damage|p2b: Volcarona|53\/100\n|move|p2b: Volcarona|Struggle Bug|p1a: Dara|[spread] p1a,p1b\n|-supereffective|p1a: Dara\n|-damage|p1a: Dara|60\/100\n|-damage|p1b: Gia Li|28\/100\n|-unboost|p1a: Dara|spa|1\n|-unboost|p1b: Gia Li|spa|1\n|\n|-weather|none\n|-fieldend|move: Trick Room\n|-fieldend|move: Psychic Terrain\n|upkeep\n|\n|t:|1736811730\n|switch|p2a: Landorus|Landorus, L50, M|100\/100\n|turn|6\n|\n|t:|1736811742\n|switch|p1a: Jerry Rivera|Iron Crown, L50|100\/100\n|-enditem|p1a: Jerry Rivera|Booster Energy\n|-activate|p1a: Jerry Rivera|ability: Quark Drive|[fromitem]\n|-start|p1a: Jerry Rivera|quarkdrivespe\n|move|p2a: Landorus|Sandsear Storm|p1b: Gia Li|[spread] p1a,p1b\n|-supereffective|p1a: Jerry Rivera\n|-damage|p1a: Jerry Rivera|0 fnt\n|-damage|p1b: Gia Li|0 fnt\n|faint|p1a: Jerry Rivera\n|-end|p1a: Jerry Rivera|Quark Drive|[silent]\n|faint|p1b: Gia Li\n|move|p2b: Volcarona|Struggle Bug|p1: Jerry Rivera|[notarget]\n|-fail|p2b: Volcarona\n|\n|upkeep\n|c|\u2606jorginhotv|hi\n|c|\u2606jorginhotv|friend\n|c|\u2606jorginhotv|i remember\n|c|\u2606jorginhotv|you\n|c|\u2606Emirnent|Yo wassup\n|c|\u2606jorginhotv|im from peru\n|inactive|jorginhotv has 30 seconds left.\n|c|\u2606jorginhotv|my names Jorge Baca\n|c|\u2606Emirnent|I was about to say CHile\n|c|\u2606jorginhotv|yeah\n|c|\u2606jorginhotv|hahahaha\n|inactive|jorginhotv has 20 seconds left.\n|\n|t:|1736811779\n|switch|p1b: Dara|Tsareena, L50, F, shiny|60\/100\n|turn|7\n|c|\u2606Emirnent|You havent played in a while\n|\n|t:|1736811789\n|move|p2a: Landorus|Sandsear Storm|p1b: Dara\n|-resisted|p1b: Dara\n|-damage|p1b: Dara|18\/100\n|move|p2b: Volcarona|Struggle Bug|p1b: Dara\n|-supereffective|p1b: Dara\n|-damage|p1b: Dara|0 fnt\n|faint|p1b: Dara\n|\n|win|Emirnent\n|raw|jorginhotv's rating: 1628 &rarr; <strong>1607<\/strong><br \/>(-21 for losing)\n|raw|Emirnent's rating: 1610 &rarr; <strong>1631<\/strong><br \/>(+21 for winning)\n|c|\u2606jorginhotv|I played in chile\n|c|\u2606jorginhotv|in 2022\n|c|\u2606Emirnent|Yeah I remember\n|c|\u2606jorginhotv|oh great\n|l|\u2606jorginhotv\n|player|p1|\n|l| mr pogostick\n","uploadtime":1736811956,"views":36,"formatid":"gen9vgc2025regg","rating":1607,"private":0,"password":null}