{"id":"gen9vgc2025regg-2280023352","format":"[Gen 9] VGC 2025 Reg G","players":["dtukgcjcg","GG=Groudon Gaming"],"log":"|j|\u2606dtukgcjcg\n|j|\u2606GG=Groudon Gaming\n|t:|1736736871\n|gametype|doubles\n|player|p1|dtukgcjcg|1|1503\n|player|p2|GG=Groudon Gaming|may-masters2|1626\n|teamsize|p1|6\n|teamsize|p2|6\n|gen|9\n|tier|[Gen 9] VGC 2025 Reg G\n|rated|\n|rule|Species Clause: Limit one of each Pok\u00e9mon\n|rule|Item Clause: Limit 1 of each item\n|clearpoke\n|poke|p1|Whimsicott, L50, M|\n|poke|p1|Miraidon, L50|\n|poke|p1|Farigiraf, L50, F|\n|poke|p1|Iron Hands, L50|\n|poke|p1|Ogerpon-Hearthflame, L50, F|\n|poke|p1|Urshifu-*, L50, F|\n|poke|p2|Groudon, L50|\n|poke|p2|Bronzong, L50|\n|poke|p2|Raging Bolt, L50|\n|poke|p2|Flutter Mane, L50|\n|poke|p2|Ogerpon-Cornerstone, L50, F|\n|poke|p2|Gouging Fire, L50|\n|teampreview|4\n|inactive|Battle timer is ON: inactive players will automatically lose when time's up. (requested by GG=Groudon Gaming)\n|inactive|dtukgcjcg also wants the timer to be on.\n|\n|t:|1736736895\n|start\n|switch|p1a: Miraidon|Miraidon, L50|100\/100\n|switch|p1b: Whimsicott|Whimsicott, L50, M|100\/100\n|switch|p2a: Flutter Mane|Flutter Mane, L50|100\/100\n|switch|p2b: Gouging Fire|Gouging Fire, L50|100\/100\n|-fieldstart|move: Electric Terrain|[from] ability: Hadron Engine|[of] p1a: Miraidon\n|-enditem|p2b: Gouging Fire|Booster Energy\n|-activate|p2b: Gouging Fire|ability: Protosynthesis|[fromitem]\n|-start|p2b: Gouging Fire|protosynthesisspe\n|turn|1\n|\n|t:|1736736913\n|-terastallize|p1a: Miraidon|Fairy\n|move|p2b: Gouging Fire|Burning Bulwark|p2b: Gouging Fire\n|-singleturn|p2b: Gouging Fire|move: Protect\n|move|p1b: Whimsicott|Tailwind|p1b: Whimsicott\n|-sidestart|p1: dtukgcjcg|move: Tailwind\n|move|p1a: Miraidon|Dazzling Gleam|p2b: Gouging Fire|[spread] p2a\n|-activate|p2b: Gouging Fire|move: Protect\n|-damage|p2a: Flutter Mane|26\/100\n|move|p2a: Flutter Mane|Taunt|p1b: Whimsicott\n|-start|p1b: Whimsicott|move: Taunt\n|-enditem|p1b: Whimsicott|Mental Herb\n|-end|p1b: Whimsicott|move: Taunt\n|\n|upkeep\n|turn|2\n|c|\u2606GG=Groudon Gaming|Hey that's not the item they run\n|c|\u2606GG=Groudon Gaming|gg\n|inactive|GG=Groudon Gaming has 30 seconds left.\n|\n|t:|1736736939\n|-end|p2b: Gouging Fire|Protosynthesis|[silent]\n|switch|p2b: Ogerpon|Ogerpon-Cornerstone, L50, F|100\/100\n|move|p1a: Miraidon|Dazzling Gleam|p2a: Flutter Mane|[spread] p2a,p2b\n|-damage|p2a: Flutter Mane|0 fnt\n|-damage|p2b: Ogerpon|11\/100\n|faint|p2a: Flutter Mane\n|-end|p2a: Flutter Mane|Protosynthesis|[silent]\n|move|p1b: Whimsicott|Moonblast|p2b: Ogerpon\n|-damage|p2b: Ogerpon|0 fnt\n|faint|p2b: Ogerpon\n|\n|upkeep\n|\n|t:|1736736944\n|switch|p2a: Groudon|Groudon, L50|100\/100\n|switch|p2b: Gouging Fire|Gouging Fire, L50|100\/100\n|-weather|SunnyDay|[from] ability: Drought|[of] p2a: Groudon\n|-activate|p2b: Gouging Fire|ability: Protosynthesis\n|-start|p2b: Gouging Fire|protosynthesisspe\n|turn|3\n|j| judang\n|\n|t:|1736736967\n|-terastallize|p2a: Groudon|Fire\n|move|p1a: Miraidon|Dazzling Gleam|p2a: Groudon|[spread] p2a,p2b\n|-resisted|p2a: Groudon\n|-damage|p2a: Groudon|71\/100\n|-damage|p2b: Gouging Fire|38\/100\n|move|p1b: Whimsicott|Moonblast|p2b: Gouging Fire\n|-damage|p2b: Gouging Fire|15\/100\n|move|p2b: Gouging Fire|Howl|p2b: Gouging Fire|[spread] p2a,p2b\n|-boost|p2a: Groudon|atk|1\n|-boost|p2b: Gouging Fire|atk|1\n|move|p2a: Groudon|Heat Crash|p1b: Whimsicott\n|-supereffective|p1b: Whimsicott\n|-damage|p1b: Whimsicott|0 fnt\n|faint|p1b: Whimsicott\n|\n|-weather|SunnyDay|[upkeep]\n|upkeep\n|\n|t:|1736736986\n|switch|p1b: Ogerpon|Ogerpon-Hearthflame, L50, F|100\/100\n|-ability|p1b: Ogerpon|Mold Breaker\n|turn|4\n|\n|t:|1736736989\n|move|p1b: Ogerpon|Spiky Shield|p1b: Ogerpon\n|-singleturn|p1b: Ogerpon|move: Protect\n|move|p2b: Gouging Fire|Burning Bulwark|p2b: Gouging Fire\n|-singleturn|p2b: Gouging Fire|move: Protect\n|move|p2a: Groudon|Protect|p2a: Groudon\n|-singleturn|p2a: Groudon|Protect\n|move|p1a: Miraidon|Dazzling Gleam|p2a: Groudon|[spread] \n|-activate|p2a: Groudon|move: Protect\n|-activate|p2b: Gouging Fire|move: Protect\n|\n|-weather|SunnyDay|[upkeep]\n|-sideend|p1: dtukgcjcg|move: Tailwind\n|upkeep\n|turn|5\n|\n|t:|1736737012\n|move|p2b: Gouging Fire|Flare Blitz|p1a: Miraidon\n|-damage|p1a: Miraidon|0 fnt\n|faint|p1a: Miraidon\n|-damage|p2b: Gouging Fire|0 fnt|[from] Recoil\n|faint|p2b: Gouging Fire\n|-end|p2b: Gouging Fire|Protosynthesis|[silent]\n|move|p1b: Ogerpon|Ivy Cudgel|p2a: Groudon|[anim] Ivy Cudgel Fire\n|-resisted|p2a: Groudon\n|-damage|p2a: Groudon|40\/100\n|move|p2a: Groudon|Heat Crash|p1b: Ogerpon\n|-damage|p1b: Ogerpon|0 fnt\n|faint|p1b: Ogerpon\n|\n|-weather|SunnyDay|[upkeep]\n|-fieldend|move: Electric Terrain\n|upkeep\n|\n|t:|1736737022\n|switch|p1b: Urshifu|Urshifu, L50, F|100\/100\n|turn|6\n|\n|t:|1736737026\n|move|p1b: Urshifu|Wicked Blow|p2a: Groudon\n|-crit|p2a: Groudon\n|-damage|p2a: Groudon|0 fnt\n|faint|p2a: Groudon\n|\n|win|dtukgcjcg\n|raw|dtukgcjcg's rating: 1503 &rarr; <strong>1530<\/strong><br \/>(+27 for winning)\n|raw|GG=Groudon Gaming's rating: 1626 &rarr; <strong>1599<\/strong><br \/>(-27 for losing)\n|l|\u2606dtukgcjcg\n|player|p1|\n|l|\u2606GG=Groudon Gaming\n|player|p2|\n","uploadtime":1736737186,"views":12,"formatid":"gen9vgc2025regg","rating":1530,"private":0,"password":null}