{"id":"gen9vgc2025regg-2280550746","format":"[Gen 9] VGC 2025 Reg G","players":["anton19","Emirnent"],"log":"|j|\u2606anton19\n|j|\u2606Emirnent\n|t:|1736808540\n|gametype|doubles\n|player|p1|anton19|1|1587\n|player|p2|Emirnent|1|1572\n|teamsize|p1|6\n|teamsize|p2|6\n|gen|9\n|tier|[Gen 9] VGC 2025 Reg G\n|rated|\n|rule|Species Clause: Limit one of each Pok\u00e9mon\n|rule|Item Clause: Limit 1 of each item\n|clearpoke\n|poke|p1|Pelipper, L50, M|\n|poke|p1|Calyrex-Ice, L50|\n|poke|p1|Rillaboom, L50, M|\n|poke|p1|Urshifu-*, L50, M|\n|poke|p1|Flutter Mane, L50|\n|poke|p1|Ogerpon-Cornerstone, L50, F|\n|poke|p2|Articuno, L50|\n|poke|p2|Ninetales-Alola, L50, F|\n|poke|p2|Kyogre, L50|\n|poke|p2|Tornadus, L50, M|\n|poke|p2|Landorus, L50, M|\n|poke|p2|Volcarona, L50, F|\n|teampreview|4\n|inactive|Battle timer is ON: inactive players will automatically lose when time's up. (requested by anton19)\n|j| Geengar's dream\nanton19 has agreed to open team sheets.\n|inactive|Emirnent has 60 seconds left.\n|\n|t:|1736808585\n|start\n|switch|p1a: Flutter Mane|Flutter Mane, L50|100\/100\n|switch|p1b: Urshifu|Urshifu-Rapid-Strike, L50, M|100\/100\n|switch|p2a: Kyogre|Kyogre, L50|100\/100\n|switch|p2b: Volcarona|Volcarona, L50, F|100\/100\n|-weather|RainDance|[from] ability: Drizzle|[of] p2a: Kyogre\n|-enditem|p1a: Flutter Mane|Booster Energy\n|-activate|p1a: Flutter Mane|ability: Protosynthesis|[fromitem]\n|-start|p1a: Flutter Mane|protosynthesisspe\n|turn|1\n|inactive|Emirnent has 30 seconds left.\n|\n|t:|1736808614\n|move|p1a: Flutter Mane|Icy Wind|p2a: Kyogre|[spread] p2a,p2b\n|-resisted|p2a: Kyogre\n|-crit|p2a: Kyogre\n|-resisted|p2b: Volcarona\n|-damage|p2a: Kyogre|93\/100\n|-damage|p2b: Volcarona|96\/100\n|-unboost|p2b: Volcarona|spe|1\n|move|p1b: Urshifu|Surging Strikes|p2a: Kyogre\n|-resisted|p2a: Kyogre\n|-crit|p2a: Kyogre\n|-damage|p2a: Kyogre|75\/100\n|-resisted|p2a: Kyogre\n|-crit|p2a: Kyogre\n|-damage|p2a: Kyogre|55\/100\n|-resisted|p2a: Kyogre\n|-crit|p2a: Kyogre\n|-damage|p2a: Kyogre|35\/100\n|-hitcount|p2a: Kyogre|3\n|move|p2a: Kyogre|Origin Pulse|p1a: Flutter Mane|[spread] p1a,p1b\n|-resisted|p1b: Urshifu\n|-damage|p1a: Flutter Mane|37\/100\n|-damage|p1b: Urshifu|44\/100\n|move|p2b: Volcarona|Will-O-Wisp|p1b: Urshifu|[miss]\n|-miss|p2b: Volcarona|p1b: Urshifu\n|\n|-weather|RainDance|[upkeep]\n|upkeep\n|turn|2\n|\n|t:|1736808638\n|move|p2b: Volcarona|Rage Powder|p2b: Volcarona\n|-singleturn|p2b: Volcarona|move: Rage Powder\n|move|p1a: Flutter Mane|Moonblast|p2b: Volcarona\n|-resisted|p2b: Volcarona\n|-damage|p2b: Volcarona|79\/100\n|-unboost|p2b: Volcarona|spa|1\n|move|p1b: Urshifu|Surging Strikes|p2b: Volcarona\n|-supereffective|p2b: Volcarona\n|-crit|p2b: Volcarona\n|-damage|p2b: Volcarona|6\/100\n|-enditem|p2b: Volcarona|Sitrus Berry|[eat]\n|-heal|p2b: Volcarona|31\/100|[from] item: Sitrus Berry\n|-supereffective|p2b: Volcarona\n|-crit|p2b: Volcarona\n|-damage|p2b: Volcarona|0 fnt\n|faint|p2b: Volcarona\n|-hitcount|p2: Volcarona|2\n|move|p2a: Kyogre|Origin Pulse|p1a: Flutter Mane|[spread] p1a\n|-miss|p2a: Kyogre|p1b: Urshifu\n|-damage|p1a: Flutter Mane|0 fnt\n|faint|p1a: Flutter Mane\n|-end|p1a: Flutter Mane|Protosynthesis|[silent]\n|\n|-weather|RainDance|[upkeep]\n|upkeep\n|\n|t:|1736808656\n|switch|p1a: Pelipper|Pelipper, L50, M|100\/100\n|switch|p2b: Ninetales|Ninetales-Alola, L50, F|100\/100\n|-weather|Snow|[from] ability: Snow Warning|[of] p2b: Ninetales\n|-weather|RainDance|[from] ability: Drizzle|[of] p1a: Pelipper\n|turn|3\n|\n|t:|1736808670\n|move|p1a: Pelipper|Wide Guard|p1a: Pelipper\n|-singleturn|p1a: Pelipper|Wide Guard\n|move|p1b: Urshifu|Surging Strikes|p2a: Kyogre\n|-resisted|p2a: Kyogre\n|-crit|p2a: Kyogre\n|-damage|p2a: Kyogre|18\/100\n|-resisted|p2a: Kyogre\n|-crit|p2a: Kyogre\n|-damage|p2a: Kyogre|0 fnt\n|faint|p2a: Kyogre\n|-hitcount|p2: Kyogre|2\n|move|p2b: Ninetales|Moonblast|p1b: Urshifu\n|-supereffective|p1b: Urshifu\n|-damage|p1b: Urshifu|0 fnt\n|faint|p1b: Urshifu\n|\n|-weather|RainDance|[upkeep]\n|upkeep\n|\n|t:|1736808682\n|switch|p2a: Articuno|Articuno, L50|100\/100\n|switch|p1b: Calyrex|Calyrex-Ice, L50|100\/100\n|-ability|p1b: Calyrex|As One\n|-ability|p1b: Calyrex|Unnerve\n|turn|4\n|\n|t:|1736808693\n|-terastallize|p2a: Articuno|Ice\n|move|p1a: Pelipper|Wide Guard|p1a: Pelipper\n|-singleturn|p1a: Pelipper|Wide Guard\n|move|p2b: Ninetales|Moonblast|p1a: Pelipper\n|-damage|p1a: Pelipper|49\/100\n|move|p2a: Articuno|Weather Ball|p1a: Pelipper\n|-resisted|p1a: Pelipper\n|-damage|p1a: Pelipper|0 fnt\n|faint|p1a: Pelipper\n|move|p1b: Calyrex|Trick Room|p1b: Calyrex\n|-fieldstart|move: Trick Room|[of] p1b: Calyrex\n|\n|-weather|RainDance|[upkeep]\n|upkeep\n|turn|5\n|\n|t:|1736808704\n|move|p2b: Ninetales|Helping Hand|p2a: Articuno\n|-singleturn|p2a: Articuno|Helping Hand|[of] p2b: Ninetales\n|move|p1b: Calyrex|Glacial Lance|p2b: Ninetales|[spread] p2a,p2b\n|-resisted|p2a: Articuno\n|-resisted|p2b: Ninetales\n|-damage|p2a: Articuno|73\/100\n|-damage|p2b: Ninetales|65\/100\n|move|p2a: Articuno|Weather Ball|p1b: Calyrex\n|-damage|p1b: Calyrex|26\/100\n|\n|-weather|RainDance|[upkeep]\n|upkeep\n|turn|6\n|\n|t:|1736808714\n|move|p1b: Calyrex|Glacial Lance|p2a: Articuno|[spread] p2a,p2b\n|-resisted|p2a: Articuno\n|-resisted|p2b: Ninetales\n|-damage|p2a: Articuno|47\/100\n|-damage|p2b: Ninetales|25\/100\n|move|p2a: Articuno|Weather Ball|p1b: Calyrex\n|-damage|p1b: Calyrex|0 fnt\n|faint|p1b: Calyrex\n|\n|win|Emirnent\n|raw|anton19's rating: 1587 &rarr; <strong>1566<\/strong><br \/>(-21 for losing)\n|raw|Emirnent's rating: 1572 &rarr; <strong>1593<\/strong><br \/>(+21 for winning)\n|j| mr pogostick\n|l|\u2606Emirnent\n|player|p2|\n|l| mr pogostick\n|l|\u2606anton19\n|player|p1|\n|l| Geengar's dream\n","uploadtime":1736808910,"views":17,"formatid":"gen9vgc2025regg","rating":1566,"private":0,"password":null}