{"id":"gen9vgc2025regg-2280107320","format":"[Gen 9] VGC 2025 Reg G","players":["SMDR","jkimkim1"],"log":"|j|\u2606SMDR\n|j|\u2606jkimkim1\n|t:|1736751302\n|gametype|doubles\n|player|p1|SMDR|bugcatcher-gen4dp|1552\n|player|p2|jkimkim1|swimmerf-gen4|1567\n|teamsize|p1|6\n|teamsize|p2|6\n|gen|9\n|tier|[Gen 9] VGC 2025 Reg G\n|rated|\n|rule|Species Clause: Limit one of each Pok\u00e9mon\n|rule|Item Clause: Limit 1 of each item\n|clearpoke\n|poke|p1|Groudon, L50|\n|poke|p1|Scream Tail, L50|\n|poke|p1|Flutter Mane, L50|\n|poke|p1|Raging Bolt, L50|\n|poke|p1|Rillaboom, L50, F|\n|poke|p1|Entei, L50|\n|poke|p2|Landorus-Therian, L50, M|\n|poke|p2|Miraidon, L50|\n|poke|p2|Cresselia, L50, F|\n|poke|p2|Tyranitar, L50, M|\n|poke|p2|Tornadus, L50, M|\n|poke|p2|Heatran, L50, M|\n|teampreview|4\n|inactive|Battle timer is ON: inactive players will automatically lose when time's up. (requested by jkimkim1)\n|inactive|jkimkim1 has 60 seconds left.\n|\n|t:|1736751355\n|start\n|switch|p1a: Scream Tail|Scream Tail, L50|100\/100\n|switch|p1b: Groudon|Groudon, L50|100\/100\n|switch|p2a: Joe johnson|Cresselia, L50, F, shiny|100\/100\n|switch|p2b: Kingjames|Landorus-Therian, L50, M|100\/100\n|-ability|p2b: Kingjames|Intimidate|boost\n|-unboost|p1a: Scream Tail|atk|1\n|-fail|p1b: Groudon|unboost|[from] item: Clear Amulet|[of] p1b: Groudon\n|-weather|SunnyDay|[from] ability: Drought|[of] p1b: Groudon\n|-activate|p1a: Scream Tail|ability: Protosynthesis\n|-start|p1a: Scream Tail|protosynthesisspe\n|turn|1\n|\n|t:|1736751377\n|move|p2a: Joe johnson|Helping Hand|p2b: Kingjames\n|-singleturn|p2b: Kingjames|Helping Hand|[of] p2a: Joe johnson\n|move|p1a: Scream Tail|Howl|p1a: Scream Tail|[spread] p1a,p1b\n|-boost|p1a: Scream Tail|atk|1\n|-boost|p1b: Groudon|atk|1\n|move|p2b: Kingjames|Earthquake|p1a: Scream Tail|[spread] p1a,p1b\n|-immune|p2a: Joe johnson|[from] ability: Levitate\n|-damage|p1a: Scream Tail|51\/100\n|-damage|p1b: Groudon|50\/100\n|move|p1b: Groudon|Heat Crash|p2b: Kingjames\n|-enditem|p2b: Kingjames|Focus Sash\n|-damage|p2b: Kingjames|1\/100\n|\n|-weather|SunnyDay|[upkeep]\n|upkeep\n|turn|2\n|j| zzz1994000\n|j| Yukina VGC\n|inactive|jkimkim1 has 30 seconds left.\n|inactive|SMDR has 30 seconds left.\n|\n|t:|1736751408\n|switch|p2b: Miami heatran|Heatran, L50, M|100\/100\n|move|p1a: Scream Tail|Disable||[still]\n|-fail|p1a: Scream Tail\n|move|p1b: Groudon|Heat Crash|p2a: Joe johnson\n|-damage|p2a: Joe johnson|26\/100\n|-enditem|p2a: Joe johnson|Sitrus Berry|[eat]\n|-heal|p2a: Joe johnson|51\/100|[from] item: Sitrus Berry\n|move|p2a: Joe johnson|Trick Room|p2a: Joe johnson\n|-fieldstart|move: Trick Room|[of] p2a: Joe johnson\n|\n|-weather|SunnyDay|[upkeep]\n|upkeep\n|turn|3\n|\n|t:|1736751432\n|move|p2a: Joe johnson|Helping Hand|p2b: Miami heatran\n|-singleturn|p2b: Miami heatran|Helping Hand|[of] p2a: Joe johnson\n|move|p1b: Groudon|Protect|p1b: Groudon\n|-singleturn|p1b: Groudon|Protect\n|move|p2b: Miami heatran|Heat Wave|p1b: Groudon|[spread] p1a\n|-activate|p1b: Groudon|move: Protect\n|-damage|p1a: Scream Tail|0 fnt\n|faint|p1a: Scream Tail\n|-end|p1a: Scream Tail|Protosynthesis|[silent]\n|\n|-weather|SunnyDay|[upkeep]\n|upkeep\n|\n|t:|1736751442\n|switch|p1a: Rillaboom|Rillaboom, L50, F|100\/100\n|-fieldstart|move: Grassy Terrain|[from] ability: Grassy Surge|[of] p1a: Rillaboom\n|turn|4\n|\n|t:|1736751452\n|move|p2b: Miami heatran|Protect|p2b: Miami heatran\n|-singleturn|p2b: Miami heatran|Protect\n|move|p1a: Rillaboom|Fake Out|p2b: Miami heatran\n|-activate|p2b: Miami heatran|move: Protect\n|move|p2a: Joe johnson|Ice Beam|p1b: Groudon\n|-supereffective|p1b: Groudon\n|-damage|p1b: Groudon|8\/100\n|move|p1b: Groudon|Precipice Blades|p2a: Joe johnson|[spread] \n|-activate|p2b: Miami heatran|move: Protect\n|-immune|p2a: Joe johnson|[from] ability: Levitate\n|\n|-weather|SunnyDay|[upkeep]\n|-heal|p1b: Groudon|14\/100|[from] Grassy Terrain\n|upkeep\n|turn|5\n|\n|t:|1736751472\n|-terastallize|p1a: Rillaboom|Fire\n|move|p1b: Groudon|Protect|p1b: Groudon\n|-singleturn|p1b: Groudon|Protect\n|move|p2b: Miami heatran|Heat Wave|p1b: Groudon|[spread] p1a\n|-activate|p1b: Groudon|move: Protect\n|-resisted|p1a: Rillaboom\n|-damage|p1a: Rillaboom|72\/100\n|move|p2a: Joe johnson|Ice Beam|p1b: Groudon\n|-activate|p1b: Groudon|move: Protect\n|move|p1a: Rillaboom|Wood Hammer|p2a: Joe johnson\n|-damage|p2a: Joe johnson|0 fnt\n|faint|p2a: Joe johnson\n|-damage|p1a: Rillaboom|52\/100|[from] Recoil\n|\n|-weather|none\n|-heal|p1a: Rillaboom|58\/100|[from] Grassy Terrain\n|-heal|p1b: Groudon|20\/100|[from] Grassy Terrain\n|upkeep\n|\n|t:|1736751482\n|switch|p2a: \uc74c\ub780\ub9c8\uae30|Tyranitar, L50, M|100\/100\n|-weather|Sandstorm|[from] ability: Sand Stream|[of] p2a: \uc74c\ub780\ub9c8\uae30\n|turn|6\n|\n|t:|1736751501\n|switch|p1b: Raging Bolt|Raging Bolt, L50|100\/100\n|move|p2a: \uc74c\ub780\ub9c8\uae30|Rock Slide|p1a: Rillaboom|[spread] p1b\n|-miss|p2a: \uc74c\ub780\ub9c8\uae30|p1a: Rillaboom\n|-damage|p1b: Raging Bolt|75\/100\n|move|p2b: Miami heatran|Heat Wave|p1b: Raging Bolt|[spread] p1a,p1b\n|-resisted|p1a: Rillaboom\n|-resisted|p1b: Raging Bolt\n|-damage|p1a: Rillaboom|40\/100\n|-damage|p1b: Raging Bolt|54\/100\n|move|p1a: Rillaboom|U-turn|p2a: \uc74c\ub780\ub9c8\uae30\n|-supereffective|p2a: \uc74c\ub780\ub9c8\uae30\n|-damage|p2a: \uc74c\ub780\ub9c8\uae30|57\/100\n|\n|t:|1736751514\n|switch|p1a: Groudon|Groudon, L50|20\/100|[from] U-turn\n|-weather|SunnyDay|[from] ability: Drought|[of] p1a: Groudon\n|-activate|p1b: Raging Bolt|ability: Protosynthesis\n|-start|p1b: Raging Bolt|protosynthesisspa\n|\n|-weather|SunnyDay|[upkeep]\n|-heal|p2a: \uc74c\ub780\ub9c8\uae30|63\/100|[from] Grassy Terrain\n|-heal|p1b: Raging Bolt|60\/100|[from] Grassy Terrain\n|-heal|p1a: Groudon|26\/100|[from] Grassy Terrain\n|-fieldend|move: Trick Room\n|upkeep\n|turn|7\n|\n|t:|1736751527\n|-terastallize|p2b: Miami heatran|Grass\n|move|p2a: \uc74c\ub780\ub9c8\uae30|Protect|p2a: \uc74c\ub780\ub9c8\uae30\n|-singleturn|p2a: \uc74c\ub780\ub9c8\uae30|Protect\n|move|p1a: Groudon|Precipice Blades|p2a: \uc74c\ub780\ub9c8\uae30|[spread] p2b\n|-activate|p2a: \uc74c\ub780\ub9c8\uae30|move: Protect\n|-resisted|p2b: Miami heatran\n|-damage|p2b: Miami heatran|77\/100\n|move|p1b: Raging Bolt|Electroweb|p2b: Miami heatran|[spread] p2b\n|-activate|p2a: \uc74c\ub780\ub9c8\uae30|move: Protect\n|-resisted|p2b: Miami heatran\n|-damage|p2b: Miami heatran|60\/100\n|-unboost|p2b: Miami heatran|spe|1\n|-damage|p1b: Raging Bolt|50\/100|[from] item: Life Orb\n|move|p2b: Miami heatran|Heat Wave|p1b: Raging Bolt|[spread] p1a,p1b\n|-resisted|p1b: Raging Bolt\n|-damage|p1a: Groudon|0 fnt\n|-damage|p1b: Raging Bolt|19\/100\n|faint|p1a: Groudon\n|\n|-weather|SunnyDay|[upkeep]\n|-heal|p1b: Raging Bolt|25\/100|[from] Grassy Terrain\n|-heal|p2b: Miami heatran|66\/100|[from] Grassy Terrain\n|-heal|p2a: \uc74c\ub780\ub9c8\uae30|69\/100|[from] Grassy Terrain\n|upkeep\n|\n|t:|1736751548\n|switch|p1a: Rillaboom|Rillaboom, L50, F, tera:Fire|40\/100\n|turn|8\n|\n|t:|1736751573\n|move|p2b: Miami heatran|Protect|p2b: Miami heatran\n|-singleturn|p2b: Miami heatran|Protect\n|move|p1a: Rillaboom|Wood Hammer|p2a: \uc74c\ub780\ub9c8\uae30\n|-supereffective|p2a: \uc74c\ub780\ub9c8\uae30\n|-damage|p2a: \uc74c\ub780\ub9c8\uae30|0 fnt\n|faint|p2a: \uc74c\ub780\ub9c8\uae30\n|-damage|p1a: Rillaboom|15\/100|[from] Recoil\n|move|p1b: Raging Bolt|Dragon Pulse|p2b: Miami heatran\n|-activate|p2b: Miami heatran|move: Protect\n|\n|-weather|SunnyDay|[upkeep]\n|-heal|p1a: Rillaboom|21\/100|[from] Grassy Terrain\n|-heal|p1b: Raging Bolt|31\/100|[from] Grassy Terrain\n|-heal|p2b: Miami heatran|72\/100|[from] Grassy Terrain\n|-fieldend|move: Grassy Terrain\n|upkeep\n|\n|t:|1736751579\n|switch|p2a: Kingjames|Landorus-Therian, L50, M|1\/100\n|-ability|p2a: Kingjames|Intimidate|boost\n|-unboost|p1a: Rillaboom|atk|1\n|-unboost|p1b: Raging Bolt|atk|1\n|turn|9\n|-message|SMDR forfeited.\n|\n|win|jkimkim1\n|raw|SMDR's rating: 1552 &rarr; <strong>1533<\/strong><br \/>(-19 for losing)\n|raw|jkimkim1's rating: 1567 &rarr; <strong>1586<\/strong><br \/>(+19 for winning)\n|l|\u2606SMDR\n|player|p1|\n|l| zzz1994000\n","uploadtime":1736751838,"views":294,"formatid":"gen9vgc2025regg","rating":1533,"private":0,"password":null}