{"id":"gen9vgc2025regg-2280354898","format":"[Gen 9] VGC 2025 Reg G","players":["shikico","Yung Trav"],"log":"|j|\u2606shikico\n|j|\u2606Yung Trav\n|t:|1736788366\n|gametype|doubles\n|player|p1|shikico|102|1590\n|player|p2|Yung Trav|169|1544\n|teamsize|p1|6\n|teamsize|p2|6\n|gen|9\n|tier|[Gen 9] VGC 2025 Reg G\n|rated|\n|rule|Species Clause: Limit one of each Pok\u00e9mon\n|rule|Item Clause: Limit 1 of each item\n|clearpoke\n|poke|p1|Terapagos, L50, M|\n|poke|p1|Primarina, L50, F|\n|poke|p1|Amoonguss, L50, F|\n|poke|p1|Gothitelle, L50, F|\n|poke|p1|Incineroar, L50, F|\n|poke|p1|Raging Bolt, L50|\n|poke|p2|Lunala, L50|\n|poke|p2|Indeedee-F, L50, F|\n|poke|p2|Ursaluna, L50, M|\n|poke|p2|Whimsicott, L50, F|\n|poke|p2|Urshifu-*, L50, M|\n|poke|p2|Chi-Yu, L50|\n|teampreview|4\n|inactive|Battle timer is ON: inactive players will automatically lose when time's up. (requested by shikico)\n|j| revplog\n|inactive|shikico has 60 seconds left.\n|inactive|Yung Trav has 60 seconds left.\n|inactive|shikico has 30 seconds left.\n|\n|t:|1736788430\n|start\n|switch|p1a: Terapagos|Terapagos, L50, M|100\/100\n|switch|p1b: Incineroar|Incineroar, L50, F|100\/100\n|switch|p2a: Lunala|Lunala, L50, shiny|100\/100\n|switch|p2b: Whimsicott|Whimsicott, L50, F, shiny|100\/100\n|-activate|p1a: Terapagos|ability: Tera Shift\n|detailschange|p1a: Terapagos|Terapagos-Terastal, L50, M\n|-heal|p1a: Terapagos|100\/100|[silent]\n|-ability|p1b: Incineroar|Intimidate|boost\n|-unboost|p2a: Lunala|atk|1\n|-unboost|p2b: Whimsicott|atk|1\n|turn|1\n|inactive|Yung Trav has 30 seconds left.\n|\n|t:|1736788461\n|-terastallize|p1a: Terapagos|Stellar\n|detailschange|p1a: Terapagos|Terapagos-Stellar, L50, M, tera:Stellar\n|-heal|p1a: Terapagos|100\/100|[silent]\n|move|p1b: Incineroar|Protect|p1b: Incineroar\n|-singleturn|p1b: Incineroar|Protect\n|move|p2b: Whimsicott|Light Screen|p2b: Whimsicott\n|-sidestart|p2: Yung Trav|move: Light Screen\n|move|p2a: Lunala|Meteor Beam||[still]\n|-prepare|p2a: Lunala|Meteor Beam\n|-boost|p2a: Lunala|spa|1\n|-enditem|p2a: Lunala|Power Herb\n|-anim|p2a: Lunala|Meteor Beam|p1b: Incineroar\n|-activate|p1b: Incineroar|move: Protect\n|move|p1a: Terapagos|Tera Starstorm|p2a: Lunala|[spread] p2a,p2b\n|-damage|p2a: Lunala|91\/100\n|-damage|p2b: Whimsicott|67\/100\n|\n|upkeep\n|turn|2\n|j| Garbage ben\n|inactive|Yung Trav has 30 seconds left.\n|inactive|Yung Trav has 20 seconds left.\n|inactive|Yung Trav has 15 seconds left.\n|inactive|Yung Trav has 10 seconds left.\n|\n|t:|1736788507\n|switch|p2b: Indeedee|Indeedee-F, L50, F, shiny|100\/100\n|-fieldstart|move: Psychic Terrain|[from] ability: Psychic Surge|[of] p2b: Indeedee\n|move|p2a: Lunala|Expanding Force|p1b: Incineroar|[spread] p1a\n|-immune|p1b: Incineroar\n|-damage|p1a: Terapagos|34\/100\n|move|p1a: Terapagos|Tera Starstorm|p2b: Indeedee|[spread] p2a,p2b\n|-damage|p2a: Lunala|72\/100\n|-damage|p2b: Indeedee|75\/100\n|move|p1b: Incineroar|Parting Shot|p2a: Lunala\n|-unboost|p2a: Lunala|atk|1\n|-unboost|p2a: Lunala|spa|1\n|\n|t:|1736788523\n|switch|p1b: Primarina|Primarina, L50, F|100\/100|[from] Parting Shot\n|\n|upkeep\n|turn|3\n|\n|t:|1736788544\n|switch|p1b: Incineroar|Incineroar, L50, F|100\/100\n|-ability|p1b: Incineroar|Intimidate|boost\n|-unboost|p2a: Lunala|atk|1\n|-unboost|p2b: Indeedee|atk|1\n|move|p2b: Indeedee|Helping Hand|p2a: Lunala\n|-singleturn|p2a: Lunala|Helping Hand|[of] p2b: Indeedee\n|move|p1a: Terapagos|Protect|p1a: Terapagos\n|-singleturn|p1a: Terapagos|Protect\n|move|p2a: Lunala|Expanding Force|p1b: Incineroar|[spread] \n|-activate|p1a: Terapagos|move: Protect\n|-immune|p1b: Incineroar\n|\n|upkeep\n|turn|4\n|inactive|Yung Trav has 30 seconds left.\n|\n|t:|1736788571\n|-terastallize|p2b: Indeedee|Fairy\n|move|p2b: Indeedee|Follow Me|p2b: Indeedee\n|-singleturn|p2b: Indeedee|move: Follow Me\n|move|p2a: Lunala|Expanding Force|p1a: Terapagos|[spread] p1a\n|-immune|p1b: Incineroar\n|-damage|p1a: Terapagos|0 fnt\n|faint|p1a: Terapagos\n|move|p1b: Incineroar|Knock Off|p2b: Indeedee\n|-resisted|p2b: Indeedee\n|-damage|p2b: Indeedee|58\/100\n|-damage|p1b: Incineroar|84\/100|[from] item: Rocky Helmet|[of] p2b: Indeedee\n|-enditem|p2b: Indeedee|Rocky Helmet|[from] move: Knock Off|[of] p1b: Incineroar\n|\n|upkeep\n|\n|t:|1736788584\n|switch|p1a: Primarina|Primarina, L50, F|100\/100\n|turn|5\n|\n|t:|1736788599\n|move|p1a: Primarina|Protect|p1a: Primarina\n|-singleturn|p1a: Primarina|Protect\n|move|p2b: Indeedee|Follow Me|p2b: Indeedee\n|-singleturn|p2b: Indeedee|move: Follow Me\n|move|p2a: Lunala|Moongeist Beam|p1a: Primarina\n|-activate|p1a: Primarina|move: Protect\n|move|p1b: Incineroar|Knock Off|p2b: Indeedee\n|-resisted|p2b: Indeedee\n|-damage|p2b: Indeedee|46\/100\n|\n|-sideend|p2: Yung Trav|move: Light Screen\n|upkeep\n|turn|6\n|inactive|shikico has 30 seconds left.\n|inactive|Yung Trav has 30 seconds left.\n|\n|t:|1736788628\n|switch|p1a: Amoonguss|Amoonguss, L50, F|100\/100\n|move|p2b: Indeedee|Helping Hand|p2a: Lunala\n|-singleturn|p2a: Lunala|Helping Hand|[of] p2b: Indeedee\n|move|p2a: Lunala|Expanding Force|p1b: Incineroar|[spread] p1a\n|-immune|p1b: Incineroar\n|-supereffective|p1a: Amoonguss\n|-damage|p1a: Amoonguss|0 fnt\n|faint|p1a: Amoonguss\n|move|p1b: Incineroar|Knock Off|p2a: Lunala\n|-supereffective|p2a: Lunala\n|-crit|p2a: Lunala\n|-damage|p2a: Lunala|0 fnt\n|faint|p2a: Lunala\n|\n|-fieldend|move: Psychic Terrain\n|upkeep\n|-message|shikico forfeited.\n|\n|win|Yung Trav\n|raw|shikico's rating: 1590 &rarr; <strong>1567<\/strong><br \/>(-23 for losing)\n|raw|Yung Trav's rating: 1544 &rarr; <strong>1567<\/strong><br \/>(+23 for winning)\n|l|\u2606shikico\n|player|p1|\n|l| Garbage ben\n|l|\u2606Yung Trav\n|player|p2|\n","uploadtime":1736788816,"views":17,"formatid":"gen9vgc2025regg","rating":1567,"private":0,"password":null}