{"id":"gen9vgc2025regg-2280068391","format":"[Gen 9] VGC 2025 Reg G","players":["eriksp","jephre45"],"log":"|j|\u2606eriksp\n|j|\u2606jephre45\n|t:|1736743763\n|gametype|doubles\n|player|p1|eriksp|volkner-masters|1573\n|player|p2|jephre45|plasmagrunt|1645\n|teamsize|p1|6\n|teamsize|p2|6\n|gen|9\n|tier|[Gen 9] VGC 2025 Reg G\n|rated|\n|rule|Species Clause: Limit one of each Pok\u00e9mon\n|rule|Item Clause: Limit 1 of each item\n|clearpoke\n|poke|p1|Calyrex-Ice, L50|\n|poke|p1|Amoonguss, L50, M|\n|poke|p1|Landorus, L50, M|\n|poke|p1|Regieleki, L50|\n|poke|p1|Incineroar, L50, M|\n|poke|p1|Urshifu-*, L50, F|\n|poke|p2|Calyrex-Ice, L50|\n|poke|p2|Urshifu-*, L50, M|\n|poke|p2|Pelipper, L50, F|\n|poke|p2|Amoonguss, L50, M|\n|poke|p2|Iron Valiant, L50|\n|poke|p2|Landorus, L50, M|\n|teampreview|4\neriksp has agreed to open team sheets.\n|j| fasboom\n|l| fasboom\n|j| fasboom\n|\n|t:|1736743797\n|start\n|switch|p1a: Regieleki|Regieleki, L50|100\/100\n|switch|p1b: Incineroar|Incineroar, L50, M|100\/100\n|switch|p2a: Pelipper|Pelipper, L50, F|100\/100\n|switch|p2b: Landorus|Landorus, L50, M|100\/100\n|-weather|RainDance|[from] ability: Drizzle|[of] p2a: Pelipper\n|-ability|p1b: Incineroar|Intimidate|boost\n|-unboost|p2a: Pelipper|atk|1\n|-unboost|p2b: Landorus|atk|1\n|turn|1\n|\n|t:|1736743813\n|switch|p2a: Amoonguss|Amoonguss, L50, M|100\/100\n|move|p1b: Incineroar|Fake Out|p2b: Landorus\n|-damage|p2b: Landorus|87\/100\n|move|p1a: Regieleki|Volt Switch|p2a: Amoonguss\n|-resisted|p2a: Amoonguss\n|-damage|p2a: Amoonguss|81\/100\n|\n|t:|1736743819\n|switch|p1a: Calyrex|Calyrex-Ice, L50|100\/100|[from] Volt Switch\n|-ability|p1a: Calyrex|As One\n|-ability|p1a: Calyrex|Unnerve\n|cant|p2b: Landorus|flinch\n|\n|-weather|RainDance|[upkeep]\n|upkeep\n|turn|2\n|\n|t:|1736743835\n|-terastallize|p2a: Amoonguss|Fire\n|move|p2b: Landorus|Earth Power|p1b: Incineroar\n|-supereffective|p1b: Incineroar\n|-damage|p1b: Incineroar|0 fnt\n|faint|p1b: Incineroar\n|move|p1a: Calyrex|Glacial Lance|p2b: Landorus|[spread] p2a,p2b\n|-resisted|p2a: Amoonguss\n|-supereffective|p2b: Landorus\n|-damage|p2a: Amoonguss|62\/100\n|-damage|p2b: Landorus|0 fnt\n|faint|p2b: Landorus\n|-ability|p1a: Calyrex|Chilling Neigh|boost\n|-boost|p1a: Calyrex|atk|1\n|move|p2a: Amoonguss|Spore|p1a: Calyrex\n|-status|p1a: Calyrex|slp|[from] move: Spore\n|\n|-weather|RainDance|[upkeep]\n|upkeep\n|\n|t:|1736743846\n|switch|p2b: Calyrex|Calyrex-Ice, L50|100\/100\n|switch|p1b: Amoonguss|Amoonguss, L50, M|100\/100\n|-ability|p2b: Calyrex|As One\n|-ability|p2b: Calyrex|Unnerve\n|turn|3\n|\n|t:|1736743854\n|-terastallize|p1b: Amoonguss|Water\n|move|p2b: Calyrex|Protect|p2b: Calyrex\n|-singleturn|p2b: Calyrex|Protect\n|cant|p1a: Calyrex|slp\n|move|p2a: Amoonguss|Clear Smog|p1a: Calyrex\n|-damage|p1a: Calyrex|90\/100 slp\n|-clearboost|p1a: Calyrex\n|move|p1b: Amoonguss|Spore|p2b: Calyrex\n|-activate|p2b: Calyrex|move: Protect\n|\n|-weather|RainDance|[upkeep]\n|upkeep\n|turn|4\n|\n|t:|1736743865\n|move|p2a: Amoonguss|Rage Powder|p2a: Amoonguss\n|-singleturn|p2a: Amoonguss|move: Rage Powder\n|-curestatus|p1a: Calyrex|slp|[msg]\n|move|p1a: Calyrex|High Horsepower|p2a: Amoonguss\n|-supereffective|p2a: Amoonguss\n|-damage|p2a: Amoonguss|0 fnt\n|-damage|p1a: Calyrex|73\/100|[from] item: Rocky Helmet|[of] p2a: Amoonguss\n|faint|p2a: Amoonguss\n|-ability|p1a: Calyrex|Chilling Neigh|boost\n|-boost|p1a: Calyrex|atk|1\n|move|p2b: Calyrex|Glacial Lance|p1b: Amoonguss|[spread] p1a,p1b\n|-resisted|p1a: Calyrex\n|-resisted|p1b: Amoonguss\n|-damage|p1a: Calyrex|57\/100\n|-damage|p1b: Amoonguss|77\/100\n|move|p1b: Amoonguss|Spore|p2b: Calyrex\n|-status|p2b: Calyrex|slp|[from] move: Spore\n|\n|-weather|RainDance|[upkeep]\n|upkeep\n|\n|t:|1736743872\n|switch|p2a: Pelipper|Pelipper, L50, F|100\/100\n|turn|5\n|\n|t:|1736743880\n|move|p2a: Pelipper|Hurricane|p1a: Calyrex\n|-damage|p1a: Calyrex|15\/100\n|-start|p1a: Calyrex|confusion\n|-damage|p2a: Pelipper|91\/100|[from] item: Life Orb\n|-activate|p1a: Calyrex|confusion\n|-damage|p1a: Calyrex|0 fnt|[from] confusion\n|faint|p1a: Calyrex\n|cant|p2b: Calyrex|slp\n|move|p1b: Amoonguss|Spore|p2a: Pelipper\n|-status|p2a: Pelipper|slp|[from] move: Spore\n|\n|-weather|none\n|upkeep\n|\n|t:|1736743883\n|switch|p1a: Regieleki|Regieleki, L50|100\/100\n|turn|6\n|\n|t:|1736743895\n|move|p1a: Regieleki|Thunderbolt|p2a: Pelipper\n|-supereffective|p2a: Pelipper\n|-damage|p2a: Pelipper|0 fnt\n|faint|p2a: Pelipper\n|cant|p2b: Calyrex|slp\n|move|p1b: Amoonguss|Spore|p2b: Calyrex\n|-fail|p2b: Calyrex|slp\n|\n|upkeep\n|turn|7\n|\n|t:|1736743905\n|move|p1a: Regieleki|Thunderbolt|p2b: Calyrex\n|-damage|p2b: Calyrex|66\/100 slp\n|cant|p2b: Calyrex|slp\n|move|p1b: Amoonguss|Spore|p2b: Calyrex\n|-fail|p2b: Calyrex|slp\n|\n|upkeep\n|turn|8\n|\n|t:|1736743914\n|move|p1a: Regieleki|Protect|p1a: Regieleki\n|-singleturn|p1a: Regieleki|Protect\n|-curestatus|p2b: Calyrex|slp|[msg]\n|move|p2b: Calyrex|High Horsepower|p1a: Regieleki\n|-activate|p1a: Regieleki|move: Protect\n|move|p1b: Amoonguss|Spore|p2b: Calyrex\n|-status|p2b: Calyrex|slp|[from] move: Spore\n|\n|upkeep\n|turn|9\n|-message|jephre45 forfeited.\n|\n|win|eriksp\n|raw|eriksp's rating: 1573 &rarr; <strong>1597<\/strong><br \/>(+24 for winning)\n|raw|jephre45's rating: 1645 &rarr; <strong>1621<\/strong><br \/>(-24 for losing)\n|l|\u2606jephre45\n|player|p2|\n","uploadtime":1736743924,"views":37,"formatid":"gen9vgc2025regg","rating":1597,"private":0,"password":null}