{"id":"gen9vgc2025regg-2280898349","format":"[Gen 9] VGC 2025 Reg G","players":["onedaymob","roykeenkennedy"],"log":"|j|\u2606onedaymob\n|j|\u2606roykeenkennedy\n|t:|1736862280\n|gametype|doubles\n|player|p1|onedaymob|101|1603\n|player|p2|roykeenkennedy|alder|1573\n|teamsize|p1|6\n|teamsize|p2|6\n|gen|9\n|tier|[Gen 9] VGC 2025 Reg G\n|rated|\n|rule|Species Clause: Limit one of each Pok\u00e9mon\n|rule|Item Clause: Limit 1 of each item\n|clearpoke\n|poke|p1|Kyogre, L50|\n|poke|p1|Grimmsnarl, L50, M|\n|poke|p1|Rillaboom, L50, M|\n|poke|p1|Incineroar, L50, F|\n|poke|p1|Amoonguss, L50, M|\n|poke|p1|Chien-Pao, L50|\n|poke|p2|Amoonguss, L50, F|\n|poke|p2|Calyrex-Ice, L50|\n|poke|p2|Annihilape, L50, M|\n|poke|p2|Farigiraf, L50, M|\n|poke|p2|Grimmsnarl, L50, M|\n|poke|p2|Rhyperior, L50, F|\n|teampreview|4\n|inactive|Battle timer is ON: inactive players will automatically lose when time's up. (requested by onedaymob)\n|j| zzz1994000\n|inactive|onedaymob has 60 seconds left.\n|inactive|roykeenkennedy has 60 seconds left.\n|inactive|roykeenkennedy has 30 seconds left.\n|\n|t:|1736862343\n|start\n|switch|p1a: Grimmsnarl|Grimmsnarl, L50, M|100\/100\n|switch|p1b: Chien-Pao|Chien-Pao, L50|100\/100\n|switch|p2a: Annihilape|Annihilape, L50, M|100\/100\n|switch|p2b: Calyrex|Calyrex-Ice, L50|100\/100\n|-ability|p2b: Calyrex|As One\n|-ability|p2b: Calyrex|Unnerve\n|-ability|p1b: Chien-Pao|Sword of Ruin\n|turn|1\n|\n|t:|1736862366\n|move|p2b: Calyrex|Protect|p2b: Calyrex\n|-singleturn|p2b: Calyrex|Protect\n|move|p1a: Grimmsnarl|Reflect|p1a: Grimmsnarl\n|-sidestart|p1: onedaymob|Reflect\n|move|p2a: Annihilape|Coaching|p2b: Calyrex\n|-boost|p2b: Calyrex|atk|1\n|-boost|p2b: Calyrex|def|1\n|move|p1b: Chien-Pao|Crunch|p2b: Calyrex\n|-activate|p2b: Calyrex|move: Protect\n|\n|upkeep\n|turn|2\n|\n|t:|1736862382\n|-terastallize|p2b: Calyrex|Water\n|move|p1a: Grimmsnarl|Thunder Wave|p2a: Annihilape\n|-status|p2a: Annihilape|par\n|move|p1b: Chien-Pao|Crunch|p2b: Calyrex\n|-damage|p2b: Calyrex|76\/100\n|move|p2a: Annihilape|Coaching|p2b: Calyrex\n|-boost|p2b: Calyrex|atk|1\n|-boost|p2b: Calyrex|def|1\n|move|p2b: Calyrex|Trick Room|p2b: Calyrex\n|-fieldstart|move: Trick Room|[of] p2b: Calyrex\n|\n|upkeep\n|turn|3\n|inactive|onedaymob has 30 seconds left.\n|\n|t:|1736862409\n|switch|p2a: Amoonguss|Amoonguss, L50, F|100\/100\n|move|p2b: Calyrex|Glacial Lance|p1b: Chien-Pao|[spread] p1a,p1b\n|-resisted|p1b: Chien-Pao\n|-damage|p1a: Grimmsnarl|15\/100\n|-damage|p1b: Chien-Pao|48\/100\n|move|p1a: Grimmsnarl|Spirit Break|p2a: Amoonguss\n|-resisted|p2a: Amoonguss\n|-damage|p2a: Amoonguss|83\/100\n|-unboost|p2a: Amoonguss|spa|1\n|-damage|p1a: Grimmsnarl|0 fnt|[from] item: Rocky Helmet|[of] p2a: Amoonguss\n|faint|p1a: Grimmsnarl\n|move|p1b: Chien-Pao|Crunch|p2b: Calyrex\n|-damage|p2b: Calyrex|58\/100\n|\n|upkeep\n|\n|t:|1736862423\n|switch|p1a: Amoonguss|Amoonguss, L50, M|100\/100\n|turn|4\n|\n|t:|1736862439\n|move|p2a: Amoonguss|Spore|p1b: Chien-Pao\n|-status|p1b: Chien-Pao|slp|[from] move: Spore\n|move|p1a: Amoonguss|Clear Smog|p2b: Calyrex\n|-damage|p2b: Calyrex|48\/100\n|-clearboost|p2b: Calyrex\n|move|p2b: Calyrex|Glacial Lance|p1a: Amoonguss|[spread] p1a,p1b\n|-supereffective|p1a: Amoonguss\n|-resisted|p1b: Chien-Pao\n|-damage|p1a: Amoonguss|10\/100\n|-damage|p1b: Chien-Pao|23\/100 slp\n|cant|p1b: Chien-Pao|slp\n|\n|upkeep\n|turn|5\n|-message|onedaymob forfeited.\n|\n|win|roykeenkennedy\n|raw|onedaymob's rating: 1603 &rarr; <strong>1581<\/strong><br \/>(-22 for losing)\n|raw|roykeenkennedy's rating: 1573 &rarr; <strong>1595<\/strong><br \/>(+22 for winning)\n|l|\u2606onedaymob\n|player|p1|\n|l| zzz1994000\n|l|\u2606roykeenkennedy\n|player|p2|\n","uploadtime":1736862670,"views":6,"formatid":"gen9vgc2025regg","rating":1581,"private":0,"password":null}