{"id":"gen9vgc2025regg-2280512430","format":"[Gen 9] VGC 2025 Reg G","players":["elektriktoad","Dragoonlong"],"log":"|j|\u2606elektriktoad\n|j|\u2606Dragoonlong\n|t:|1736804247\n|gametype|doubles\n|player|p1|elektriktoad|janine|1547\n|player|p2|Dragoonlong|1|1590\n|teamsize|p1|6\n|teamsize|p2|6\n|gen|9\n|tier|[Gen 9] VGC 2025 Reg G\n|rated|\n|rule|Species Clause: Limit one of each Pok\u00e9mon\n|rule|Item Clause: Limit 1 of each item\n|clearpoke\n|poke|p1|Calyrex-Ice, L50|\n|poke|p1|Trapinch, L50, M|\n|poke|p1|Annihilape, L50, F|\n|poke|p1|Pelipper, L50, M|\n|poke|p1|Jigglypuff, L50, M|\n|poke|p1|Urshifu-*, L50, F|\n|poke|p2|Ogerpon-Wellspring, L50, F|\n|poke|p2|Calyrex-Ice, L50|\n|poke|p2|Annihilape, L50, M|\n|poke|p2|Smeargle, L50, M|\n|poke|p2|Urshifu-*, L50, M|\n|poke|p2|Ursaluna-Bloodmoon, L50, M|\n|teampreview|4\n|l|\u2606Dragoonlong\n|player|p2|\n|j|\u2606Dragoonlong\n|player|p2|Dragoonlong|1|\n|\n|t:|1736804314\n|start\n|switch|p1a: Annihilape|Annihilape, L50, F|100\/100\n|switch|p1b: Calyrex|Calyrex-Ice, L50|100\/100\n|switch|p2a: Calyrex|Calyrex-Ice, L50|100\/100\n|switch|p2b: Annihilape|Annihilape, L50, M|100\/100\n|-ability|p2a: Calyrex|As One\n|-ability|p2a: Calyrex|Unnerve\n|-ability|p1b: Calyrex|As One\n|-ability|p1b: Calyrex|Unnerve\n|turn|1\n|\n|t:|1736804333\n|move|p1a: Annihilape|Shadow Claw|p2b: Annihilape\n|-supereffective|p2b: Annihilape\n|-damage|p2b: Annihilape|42\/100\n|move|p2b: Annihilape|Rage Fist|p1a: Annihilape\n|-supereffective|p1a: Annihilape\n|-damage|p1a: Annihilape|11\/100\n|move|p2a: Calyrex|Glacial Lance|p1b: Calyrex|[spread] p1a,p1b\n|-resisted|p1b: Calyrex\n|-damage|p1a: Annihilape|0 fnt\n|-damage|p1b: Calyrex|81\/100\n|faint|p1a: Annihilape\n|-ability|p2a: Calyrex|Chilling Neigh|boost\n|-boost|p2a: Calyrex|atk|1\n|move|p1b: Calyrex|Glacial Lance|p2a: Calyrex|[spread] p2a,p2b\n|-resisted|p2a: Calyrex\n|-damage|p2a: Calyrex|81\/100\n|-damage|p2b: Annihilape|0 fnt\n|faint|p2b: Annihilape\n|-ability|p1b: Calyrex|Chilling Neigh|boost\n|-boost|p1b: Calyrex|atk|1\n|\n|upkeep\n|\n|t:|1736804357\n|switch|p2b: Smeargle|Smeargle, L50, M|100\/100\n|switch|p1a: Pelipper|Pelipper, L50, M|100\/100\n|-weather|RainDance|[from] ability: Drizzle|[of] p1a: Pelipper\n|turn|2\n|\n|t:|1736804389\n|-terastallize|p1b: Calyrex|Grass\n|move|p1a: Pelipper|Wide Guard|p1a: Pelipper\n|-singleturn|p1a: Pelipper|Wide Guard\n|move|p2a: Calyrex|Glacial Lance|p1a: Pelipper|[spread] \n|-activate|p1a: Pelipper|move: Wide Guard\n|-activate|p1b: Calyrex|move: Wide Guard\n|move|p2b: Smeargle|Spore|p1a: Pelipper\n|-activate|p1a: Pelipper|item: Safety Goggles|Spore\n|move|p1b: Calyrex|Trick Room|p1b: Calyrex\n|-fieldstart|move: Trick Room|[of] p1b: Calyrex\n|\n|-weather|RainDance|[upkeep]\n|upkeep\n|turn|3\n|\n|t:|1736804420\n|switch|p2b: Ogerpon|Ogerpon-Wellspring, L50, F|100\/100\n|move|p2a: Calyrex|Protect|p2a: Calyrex\n|-singleturn|p2a: Calyrex|Protect\n|move|p1b: Calyrex|Seed Bomb|p2b: Ogerpon\n|-damage|p2b: Ogerpon|10\/100\n|move|p1a: Pelipper|Hurricane|p2b: Ogerpon\n|-supereffective|p2b: Ogerpon\n|-damage|p2b: Ogerpon|0 fnt\n|faint|p2b: Ogerpon\n|\n|-weather|RainDance|[upkeep]\n|upkeep\n|\n|t:|1736804435\n|switch|p2b: Smeargle|Smeargle, L50, M|100\/100\n|turn|4\n|\n|t:|1736804456\n|move|p1a: Pelipper|Wide Guard|p1a: Pelipper\n|-singleturn|p1a: Pelipper|Wide Guard\n|move|p1b: Calyrex|Seed Bomb|p2b: Smeargle\n|-enditem|p2b: Smeargle|Focus Sash\n|-damage|p2b: Smeargle|1\/100\n|move|p2b: Smeargle|Decorate|p2a: Calyrex\n|-boost|p2a: Calyrex|atk|2\n|-boost|p2a: Calyrex|spa|2\n|move|p2a: Calyrex|Glacial Lance|p1b: Calyrex|[spread] \n|-activate|p1a: Pelipper|move: Wide Guard\n|-activate|p1b: Calyrex|move: Wide Guard\n|\n|-weather|RainDance|[upkeep]\n|upkeep\n|turn|5\n|-message|Dragoonlong forfeited.\n|\n|win|elektriktoad\n|raw|elektriktoad's rating: 1547 &rarr; <strong>1569<\/strong><br \/>(+22 for winning)\n|raw|Dragoonlong's rating: 1590 &rarr; <strong>1568<\/strong><br \/>(-22 for losing)\n|l|\u2606Dragoonlong\n|player|p2|\n|l|\u2606elektriktoad\n|player|p1|\n","uploadtime":1736804619,"views":12,"formatid":"gen9vgc2025regg","rating":1568,"private":0,"password":null}