{"id":"gen9vgc2025regg-2280192971","format":"[Gen 9] VGC 2025 Reg G","players":["chuanOVO","tz999"],"log":"|j|\u2606chuanOVO\n|j|\u2606tz999\n|t:|1736768215\n|gametype|doubles\n|player|p1|chuanOVO|n|1514\n|player|p2|tz999|102|1668\n|teamsize|p1|6\n|teamsize|p2|6\n|gen|9\n|tier|[Gen 9] VGC 2025 Reg G\n|rated|\n|rule|Species Clause: Limit one of each Pok\u00e9mon\n|rule|Item Clause: Limit 1 of each item\n|clearpoke\n|poke|p1|Calyrex-Ice, L50|\n|poke|p1|Farigiraf, L50, M|\n|poke|p1|Regidrago, L50|\n|poke|p1|Rillaboom, L50, M|\n|poke|p1|Urshifu-*, L50, M|\n|poke|p1|Chi-Yu, L50|\n|poke|p2|Calyrex-Ice, L50|\n|poke|p2|Ogerpon-Hearthflame, L50, F|\n|poke|p2|Annihilape, L50, M|\n|poke|p2|Landorus, L50, M|\n|poke|p2|Farigiraf, L50, F|\n|poke|p2|Urshifu-*, L50, M|\n|teampreview|4\n|inactive|Battle timer is ON: inactive players will automatically lose when time's up. (requested by tz999)\n|inactive|chuanOVO has 60 seconds left.\n|\n|t:|1736768284\n|start\n|switch|p1a: Chi-Yu|Chi-Yu, L50|100\/100\n|switch|p1b: Calyrex|Calyrex-Ice, L50|100\/100\n|switch|p2a: Calyrex|Calyrex-Ice, L50|100\/100\n|switch|p2b: Annihilape|Annihilape, L50, M|100\/100\n|-ability|p2a: Calyrex|As One\n|-ability|p2a: Calyrex|Unnerve\n|-ability|p1b: Calyrex|As One\n|-ability|p1b: Calyrex|Unnerve\n|-ability|p1a: Chi-Yu|Beads of Ruin\n|turn|1\n|inactive|chuanOVO has 30 seconds left.\n|inactive|tz999 has 30 seconds left.\n|\n|t:|1736768313\n|-terastallize|p2a: Calyrex|Water\n|move|p1a: Chi-Yu|Heat Wave|p2b: Annihilape|[spread] p2a,p2b\n|-resisted|p2a: Calyrex\n|-damage|p2a: Calyrex|83\/100\n|-damage|p2b: Annihilape|51\/100\n|move|p2b: Annihilape|Coaching|p2a: Calyrex\n|-boost|p2a: Calyrex|atk|1\n|-boost|p2a: Calyrex|def|1\n|move|p2a: Calyrex|High Horsepower|p1a: Chi-Yu\n|-supereffective|p1a: Chi-Yu\n|-damage|p1a: Chi-Yu|0 fnt\n|faint|p1a: Chi-Yu\n|-ability|p2a: Calyrex|Chilling Neigh|boost\n|-boost|p2a: Calyrex|atk|1\n|move|p1b: Calyrex|Glacial Lance|p2a: Calyrex|[spread] p2a,p2b\n|-resisted|p2a: Calyrex\n|-damage|p2a: Calyrex|70\/100\n|-damage|p2b: Annihilape|0 fnt\n|faint|p2b: Annihilape\n|-ability|p1b: Calyrex|Chilling Neigh|boost\n|-boost|p1b: Calyrex|atk|1\n|\n|upkeep\n|inactive|chuanOVO has 30 seconds left.\n|\n|t:|1736768338\n|switch|p2b: Urshifu|Urshifu-Rapid-Strike, L50, M|100\/100\n|switch|p1a: Urshifu|Urshifu-Rapid-Strike, L50, M|100\/100\n|turn|2\n|\n|t:|1736768355\n|-terastallize|p1b: Calyrex|Water\n|move|p1a: Urshifu|Surging Strikes|p2a: Calyrex\n|-resisted|p2a: Calyrex\n|-crit|p2a: Calyrex\n|-damage|p2a: Calyrex|64\/100\n|-resisted|p2a: Calyrex\n|-crit|p2a: Calyrex\n|-damage|p2a: Calyrex|57\/100\n|-resisted|p2a: Calyrex\n|-crit|p2a: Calyrex\n|-damage|p2a: Calyrex|50\/100\n|-hitcount|p2a: Calyrex|3\n|move|p2b: Urshifu|Close Combat|p1a: Urshifu\n|-damage|p1a: Urshifu|29\/100\n|-unboost|p2b: Urshifu|def|1\n|-unboost|p2b: Urshifu|spd|1\n|move|p2a: Calyrex|Glacial Lance|p1b: Calyrex|[spread] p1a,p1b\n|-resisted|p1a: Urshifu\n|-resisted|p1b: Calyrex\n|-damage|p1a: Urshifu|0 fnt\n|-damage|p1b: Calyrex|64\/100\n|faint|p1a: Urshifu\n|-ability|p2a: Calyrex|Chilling Neigh|boost\n|-boost|p2a: Calyrex|atk|1\n|move|p1b: Calyrex|Glacial Lance|p2b: Urshifu|[spread] p2a,p2b\n|-resisted|p2a: Calyrex\n|-resisted|p2b: Urshifu\n|-damage|p2a: Calyrex|34\/100\n|-damage|p2b: Urshifu|32\/100\n|\n|upkeep\n|j| uppercut vgc\n|l| uppercut vgc\n|inactive|chuanOVO has 30 seconds left.\n|inactive|chuanOVO has 20 seconds left.\n|inactive|chuanOVO has 15 seconds left.\n|inactive|chuanOVO has 10 seconds left.\n|\n|t:|1736768404\n|switch|p1a: Regidrago|Regidrago, L50, shiny|100\/100\n|turn|3\n|\n|t:|1736768418\n|move|p2a: Calyrex|Protect|p2a: Calyrex\n|-singleturn|p2a: Calyrex|Protect\n|move|p1a: Regidrago|Protect|p1a: Regidrago\n|-singleturn|p1a: Regidrago|Protect\n|move|p2b: Urshifu|Close Combat|p1b: Calyrex\n|-damage|p1b: Calyrex|21\/100\n|-unboost|p2b: Urshifu|def|1\n|-unboost|p2b: Urshifu|spd|1\n|move|p1b: Calyrex|Trick Room|p1b: Calyrex\n|-fieldstart|move: Trick Room|[of] p1b: Calyrex\n|\n|upkeep\n|turn|4\n|inactive|chuanOVO has 30 seconds left.\n|\n|t:|1736768443\n|move|p1a: Regidrago|Dragon Energy|p2b: Urshifu|[spread] p2a,p2b\n|-damage|p2a: Calyrex|0 fnt\n|-damage|p2b: Urshifu|0 fnt\n|faint|p2a: Calyrex\n|faint|p2b: Urshifu\n|move|p1b: Calyrex|Glacial Lance|p2: Calyrex|[notarget]\n|-fail|p1b: Calyrex\n|\n|upkeep\n|\n|t:|1736768451\n|switch|p2a: Landorus|Landorus, L50, M|100\/100\n|turn|5\n|-message|tz999 forfeited.\n|\n|win|chuanOVO\n|raw|chuanOVO's rating: 1514 &rarr; <strong>1542<\/strong><br \/>(+28 for winning)\n|raw|tz999's rating: 1668 &rarr; <strong>1640<\/strong><br \/>(-28 for losing)\n|l|\u2606tz999\n|player|p2|\n|l|\u2606chuanOVO\n|player|p1|\n","uploadtime":1736768666,"views":42,"formatid":"gen9vgc2025regg","rating":1542,"private":0,"password":null}