{"id":"gen9vgc2025regg-2280564938","format":"[Gen 9] VGC 2025 Reg G","players":["daniiivgc","Yung Trav"],"log":"|j|\u203ddaniiivgc\n|j|\u2606Yung Trav\n|t:|1736810269\n|gametype|doubles\n|player|p1|daniiivgc|lucas|1584\n|player|p2|Yung Trav|1|1636\n|teamsize|p1|6\n|teamsize|p2|6\n|gen|9\n|tier|[Gen 9] VGC 2025 Reg G\n|rated|\n|rule|Species Clause: Limit one of each Pok\u00e9mon\n|rule|Item Clause: Limit 1 of each item\n|clearpoke\n|poke|p1|Eternatus, L50|\n|poke|p1|Flutter Mane, L50|\n|poke|p1|Urshifu-*, L50, M|\n|poke|p1|Araquanid, L50, M|\n|poke|p1|Rillaboom, L50, M|\n|poke|p1|Incineroar, L50, M|\n|poke|p2|Lunala, L50|\n|poke|p2|Indeedee-F, L50, F|\n|poke|p2|Ursaluna, L50, M|\n|poke|p2|Whimsicott, L50, F|\n|poke|p2|Urshifu-*, L50, M|\n|poke|p2|Chi-Yu, L50|\n|teampreview|4\n|\n|t:|1736810316\n|start\n|switch|p1a: Eternatus|Eternatus, L50, shiny|100\/100\n|switch|p1b: Flutter Mane|Flutter Mane, L50, shiny|100\/100\n|switch|p2a: Whimsicott|Whimsicott, L50, F, shiny|100\/100\n|switch|p2b: Lunala|Lunala, L50, shiny|100\/100\n|-ability|p1a: Eternatus|Pressure\n|-enditem|p1b: Flutter Mane|Booster Energy\n|-activate|p1b: Flutter Mane|ability: Protosynthesis|[fromitem]\n|-start|p1b: Flutter Mane|protosynthesisspe\n|turn|1\n|inactive|Battle timer is ON: inactive players will automatically lose when time's up. (requested by daniiivgc)\n|inactive|Yung Trav has 60 seconds left.\n|\n|t:|1736810348\n|move|p2a: Whimsicott|Light Screen|p2a: Whimsicott\n|-sidestart|p2: Yung Trav|move: Light Screen\n|move|p1b: Flutter Mane|Thunder Wave|p2b: Lunala\n|-status|p2b: Lunala|par\n|move|p1a: Eternatus|Sludge Bomb|p2a: Whimsicott\n|-supereffective|p2a: Whimsicott\n|-damage|p2a: Whimsicott|0 fnt\n|faint|p2a: Whimsicott\n|-damage|p1a: Eternatus|91\/100|[from] item: Life Orb\n|move|p2b: Lunala|Moongeist Beam|p1b: Flutter Mane\n|-supereffective|p1b: Flutter Mane\n|-damage|p1b: Flutter Mane|0 fnt\n|faint|p1b: Flutter Mane\n|-end|p1b: Flutter Mane|Protosynthesis|[silent]\n|\n|upkeep\n|\n|t:|1736810366\n|switch|p1b: Araquanid|Araquanid, L50, M, shiny|100\/100\n|switch|p2a: Indeedee|Indeedee-F, L50, F, shiny|100\/100\n|-fieldstart|move: Psychic Terrain|[from] ability: Psychic Surge|[of] p2a: Indeedee\n|turn|2\n|\n|t:|1736810386\n|switch|p1a: Rillaboom|Rillaboom, L50, M, shiny|100\/100\n|-fieldstart|move: Grassy Terrain|[from] ability: Grassy Surge|[of] p1a: Rillaboom\n|move|p2a: Indeedee|Follow Me|p2a: Indeedee\n|-singleturn|p2a: Indeedee|move: Follow Me\n|cant|p2b: Lunala|par\n|move|p1b: Araquanid|Infestation|p2a: Indeedee\n|-supereffective|p2a: Indeedee\n|-damage|p2a: Indeedee|95\/100\n|-activate|p2a: Indeedee|move: Infestation|[of] p1b: Araquanid\n|-damage|p1b: Araquanid|84\/100|[from] item: Rocky Helmet|[of] p2a: Indeedee\n|\n|-heal|p2a: Indeedee|100\/100|[from] Grassy Terrain\n|-heal|p1b: Araquanid|90\/100|[from] Grassy Terrain\n|-heal|p1b: Araquanid|95\/100|[from] item: Leftovers\n|-damage|p2a: Indeedee|88\/100|[from] move: Infestation|[partiallytrapped]\n|upkeep\n|turn|3\n|inactive|Yung Trav has 30 seconds left.\n|\n|t:|1736810417\n|move|p2a: Indeedee|Follow Me|p2a: Indeedee\n|-singleturn|p2a: Indeedee|move: Follow Me\n|move|p1a: Rillaboom|Wood Hammer|p2a: Indeedee\n|-damage|p2a: Indeedee|8\/100\n|-damage|p1a: Rillaboom|84\/100|[from] item: Rocky Helmet|[of] p2a: Indeedee\n|-damage|p1a: Rillaboom|61\/100|[from] Recoil\n|move|p2b: Lunala|Meteor Beam||[still]\n|-prepare|p2b: Lunala|Meteor Beam\n|-boost|p2b: Lunala|spa|1\n|-enditem|p2b: Lunala|Power Herb\n|-anim|p2b: Lunala|Meteor Beam|p1a: Rillaboom\n|-damage|p1a: Rillaboom|8\/100\n|move|p1b: Araquanid|Liquidation|p2a: Indeedee\n|-damage|p2a: Indeedee|0 fnt\n|-damage|p1b: Araquanid|79\/100|[from] item: Rocky Helmet|[of] p2a: Indeedee\n|faint|p2a: Indeedee\n|\n|-heal|p1a: Rillaboom|14\/100|[from] Grassy Terrain\n|-heal|p1b: Araquanid|84\/100|[from] Grassy Terrain\n|-heal|p1b: Araquanid|90\/100|[from] item: Leftovers\n|upkeep\n|\n|t:|1736810440\n|switch|p2a: Urshifu|Urshifu-Rapid-Strike, L50, M|100\/100\n|turn|4\n|\n|t:|1736810452\n|move|p2a: Urshifu|Detect|p2a: Urshifu\n|-singleturn|p2a: Urshifu|Protect\n|move|p1a: Rillaboom|Grassy Glide|p2a: Urshifu\n|-activate|p2a: Urshifu|move: Protect\n|move|p2b: Lunala|Moongeist Beam|p1a: Rillaboom\n|-damage|p1a: Rillaboom|0 fnt\n|faint|p1a: Rillaboom\n|move|p1b: Araquanid|Infestation|p2b: Lunala\n|-damage|p2b: Lunala|99\/100 par\n|-activate|p2b: Lunala|move: Infestation|[of] p1b: Araquanid\n|\n|-heal|p2b: Lunala|100\/100 par|[from] Grassy Terrain\n|-heal|p1b: Araquanid|96\/100|[from] Grassy Terrain\n|-heal|p1b: Araquanid|100\/100|[from] item: Leftovers\n|-damage|p2b: Lunala|88\/100 par|[from] move: Infestation|[partiallytrapped]\n|upkeep\n|\n|t:|1736810467\n|switch|p1a: Eternatus|Eternatus, L50, shiny|91\/100\n|-ability|p1a: Eternatus|Pressure\n|turn|5\n|j| mr pogostick\n|inactive|daniiivgc has 30 seconds left.\n|\n|t:|1736810497\n|-terastallize|p1a: Eternatus|Fairy\n|-terastallize|p2a: Urshifu|Stellar\n|move|p1a: Eternatus|Dynamax Cannon|p2b: Lunala\n|-damage|p2b: Lunala|53\/100 par\n|-damage|p1a: Eternatus|81\/100|[from] item: Life Orb\n|move|p2a: Urshifu|Close Combat|p1b: Araquanid\n|-resisted|p1b: Araquanid\n|-damage|p1b: Araquanid|64\/100\n|-unboost|p2a: Urshifu|def|1\n|-unboost|p2a: Urshifu|spd|1\n|move|p2b: Lunala|Expanding Force|p1a: Eternatus\n|-damage|p1a: Eternatus|21\/100\n|move|p1b: Araquanid|Infestation|p2a: Urshifu\n|-resisted|p2a: Urshifu\n|-damage|p2a: Urshifu|97\/100\n|-activate|p2a: Urshifu|move: Infestation|[of] p1b: Araquanid\n|\n|-heal|p1a: Eternatus|27\/100|[from] Grassy Terrain\n|-heal|p2a: Urshifu|100\/100|[from] Grassy Terrain\n|-heal|p2b: Lunala|59\/100 par|[from] Grassy Terrain\n|-heal|p1b: Araquanid|70\/100|[from] Grassy Terrain\n|-heal|p1b: Araquanid|76\/100|[from] item: Leftovers\n|-damage|p2a: Urshifu|88\/100|[from] move: Infestation|[partiallytrapped]\n|-damage|p2b: Lunala|47\/100 par|[from] move: Infestation|[partiallytrapped]\n|-sideend|p2: Yung Trav|move: Light Screen\n|upkeep\n|turn|6\n|inactive|daniiivgc has 30 seconds left.\n|inactive|Yung Trav has 30 seconds left.\n|\n|t:|1736810532\n|move|p1a: Eternatus|Dynamax Cannon|p2a: Urshifu\n|-damage|p2a: Urshifu|0 fnt\n|faint|p2a: Urshifu\n|-damage|p1a: Eternatus|17\/100|[from] item: Life Orb\n|cant|p2b: Lunala|par\n|move|p1b: Araquanid|Liquidation|p2b: Lunala\n|-damage|p2b: Lunala|12\/100 par\n|\n|-heal|p1a: Eternatus|23\/100|[from] Grassy Terrain\n|-heal|p2b: Lunala|19\/100 par|[from] Grassy Terrain\n|-heal|p1b: Araquanid|82\/100|[from] Grassy Terrain\n|-heal|p1b: Araquanid|87\/100|[from] item: Leftovers\n|-damage|p2b: Lunala|6\/100 par|[from] move: Infestation|[partiallytrapped]\n|-fieldend|move: Grassy Terrain\n|upkeep\n|turn|7\n|-message|Yung Trav forfeited.\n|\n|win|daniiivgc\n|raw|daniiivgc's rating: 1584 &rarr; <strong>1607<\/strong><br \/>(+23 for winning)\n|raw|Yung Trav's rating: 1636 &rarr; <strong>1613<\/strong><br \/>(-23 for losing)\n|l|\u2606Yung Trav\n|player|p2|\n|l|\u203ddaniiivgc\n|player|p1|\n|l| mr pogostick\n","uploadtime":1736810710,"views":34,"formatid":"gen9vgc2025regg","rating":1607,"private":0,"password":null}