{"id":"gen9vgc2025regg-2280747788","format":"[Gen 9] VGC 2025 Reg G","players":["massan2580","Kardeas"],"log":"|j|\u2606massan2580\n|j|\u2606Kardeas\n|t:|1736836429\n|gametype|doubles\n|player|p1|massan2580|101|1594\n|player|p2|Kardeas|clerkf|1544\n|teamsize|p1|6\n|teamsize|p2|6\n|gen|9\n|tier|[Gen 9] VGC 2025 Reg G\n|rated|\n|rule|Species Clause: Limit one of each Pok\u00e9mon\n|rule|Item Clause: Limit 1 of each item\n|clearpoke\n|poke|p1|Calyrex-Shadow, L50|\n|poke|p1|Grimmsnarl, L50, M|\n|poke|p1|Clefairy, L50, F|\n|poke|p1|Rillaboom, L50, F|\n|poke|p1|Chien-Pao, L50|\n|poke|p1|Dragonite, L50, F|\n|poke|p2|Zamazenta-*, L50|\n|poke|p2|Cresselia, L50, F|\n|poke|p2|Grimmsnarl, L50, M|\n|poke|p2|Landorus, L50, M|\n|poke|p2|Raging Bolt, L50|\n|poke|p2|Sinistcha-Masterpiece, L50|\n|teampreview|4\n|\n|t:|1736836480\n|start\n|switch|p1a: Grimmsnarl|Grimmsnarl, L50, M|100\/100\n|switch|p1b: Calyrex|Calyrex-Shadow, L50|100\/100\n|switch|p2a: Grimmsnarl|Grimmsnarl, L50, M|100\/100\n|switch|p2b: Raging Bolt|Raging Bolt, L50|100\/100\n|-ability|p1b: Calyrex|As One\n|-ability|p1b: Calyrex|Unnerve\n|turn|1\n|\n|t:|1736836492\n|move|p1a: Grimmsnarl|Fake Out|p2a: Grimmsnarl\n|-damage|p2a: Grimmsnarl|90\/100\n|cant|p2a: Grimmsnarl|flinch\n|move|p1b: Calyrex|Nasty Plot|p1b: Calyrex\n|-boost|p1b: Calyrex|spa|2\n|move|p2b: Raging Bolt|Snarl|p1a: Grimmsnarl|[spread] p1a,p1b\n|-resisted|p1a: Grimmsnarl\n|-supereffective|p1b: Calyrex\n|-damage|p1a: Grimmsnarl|97\/100\n|-damage|p1b: Calyrex|50\/100\n|-unboost|p1a: Grimmsnarl|spa|1\n|-unboost|p1b: Calyrex|spa|1\n|\n|-heal|p1b: Calyrex|56\/100|[from] item: Leftovers\n|upkeep\n|turn|2\n|j| Antest\n|\n|t:|1736836521\n|move|p1b: Calyrex|Protect|p1b: Calyrex\n|-singleturn|p1b: Calyrex|Protect\n|move|p1a: Grimmsnarl|Parting Shot|p2b: Raging Bolt\n|-unboost|p2b: Raging Bolt|atk|1\n|-unboost|p2b: Raging Bolt|spa|1\n|\n|t:|1736836527\n|switch|p1a: Clefairy|Clefairy, L50, F|100\/100|[from] Parting Shot\n|move|p2a: Grimmsnarl|Light Screen|p2a: Grimmsnarl\n|-sidestart|p2: Kardeas|move: Light Screen\n|move|p2b: Raging Bolt|Snarl|p1a: Clefairy|[spread] p1a\n|-activate|p1b: Calyrex|move: Protect\n|-resisted|p1a: Clefairy\n|-damage|p1a: Clefairy|97\/100\n|-unboost|p1a: Clefairy|spa|1\n|\n|-heal|p1b: Calyrex|62\/100|[from] item: Leftovers\n|upkeep\n|turn|3\n|\n|t:|1736836545\n|-terastallize|p1b: Calyrex|Grass\n|move|p1a: Clefairy|Follow Me|p1a: Clefairy\n|-singleturn|p1a: Clefairy|move: Follow Me\n|move|p2a: Grimmsnarl|Taunt|p1a: Clefairy\n|-start|p1a: Clefairy|move: Taunt\n|move|p1b: Calyrex|Nasty Plot|p1b: Calyrex\n|-boost|p1b: Calyrex|spa|2\n|move|p2b: Raging Bolt|Snarl|p1b: Calyrex|[spread] p1a,p1b\n|-resisted|p1a: Clefairy\n|-damage|p1a: Clefairy|93\/100\n|-damage|p1b: Calyrex|56\/100\n|-unboost|p1a: Clefairy|spa|1\n|-unboost|p1b: Calyrex|spa|1\n|\n|-heal|p1b: Calyrex|62\/100|[from] item: Leftovers\n|upkeep\n|turn|4\n|\n|t:|1736836563\n|switch|p1a: Grimmsnarl|Grimmsnarl, L50, M|97\/100\n|move|p1b: Calyrex|Protect|p1b: Calyrex\n|-singleturn|p1b: Calyrex|Protect\n|move|p2a: Grimmsnarl|Taunt|p1b: Calyrex\n|-activate|p1b: Calyrex|move: Protect\n|move|p2b: Raging Bolt|Dragon Pulse|p1b: Calyrex\n|-activate|p1b: Calyrex|move: Protect\n|\n|-heal|p1b: Calyrex|68\/100|[from] item: Leftovers\n|upkeep\n|turn|5\n|\n|t:|1736836581\n|move|p1a: Grimmsnarl|Fake Out|p2a: Grimmsnarl\n|-crit|p2a: Grimmsnarl\n|-damage|p2a: Grimmsnarl|74\/100\n|cant|p2a: Grimmsnarl|flinch\n|move|p1b: Calyrex|Giga Drain|p2a: Grimmsnarl\n|-damage|p2a: Grimmsnarl|18\/100\n|-heal|p1b: Calyrex|95\/100|[from] drain|[of] p2a: Grimmsnarl\n|move|p2b: Raging Bolt|Dragon Pulse|p1b: Calyrex\n|-damage|p1b: Calyrex|69\/100\n|\n|-heal|p1b: Calyrex|75\/100|[from] item: Leftovers\n|upkeep\n|turn|6\n|\n|t:|1736836608\n|switch|p1a: Clefairy|Clefairy, L50, F|93\/100\n|switch|p2a: Zamazenta|Zamazenta-Crowned, L50|100\/100\n|-ability|p2a: Zamazenta|Dauntless Shield|boost\n|-boost|p2a: Zamazenta|def|1\n|move|p1b: Calyrex|Protect|p1b: Calyrex\n|-singleturn|p1b: Calyrex|Protect\n|move|p2b: Raging Bolt|Snarl|p1a: Clefairy|[spread] p1a\n|-activate|p1b: Calyrex|move: Protect\n|-resisted|p1a: Clefairy\n|-damage|p1a: Clefairy|90\/100\n|-unboost|p1a: Clefairy|spa|1\n|\n|-heal|p1b: Calyrex|81\/100|[from] item: Leftovers\n|upkeep\n|turn|7\n|\n|t:|1736836634\n|move|p1a: Clefairy|Follow Me|p1a: Clefairy\n|-singleturn|p1a: Clefairy|move: Follow Me\n|move|p1b: Calyrex|Nasty Plot|p1b: Calyrex\n|-boost|p1b: Calyrex|spa|2\n|move|p2a: Zamazenta|Heavy Slam|p1a: Clefairy\n|-supereffective|p1a: Clefairy\n|-damage|p1a: Clefairy|12\/100\n|move|p2b: Raging Bolt|Thunderbolt|p1a: Clefairy\n|-damage|p1a: Clefairy|0 fnt\n|faint|p1a: Clefairy\n|\n|-heal|p1b: Calyrex|86\/100|[from] item: Leftovers\n|upkeep\n|\n|t:|1736836646\n|switch|p1a: Grimmsnarl|Grimmsnarl, L50, M|97\/100\n|turn|8\n|\n|t:|1736836653\n|move|p2a: Zamazenta|Protect|p2a: Zamazenta\n|-singleturn|p2a: Zamazenta|Protect\n|move|p1a: Grimmsnarl|Fake Out|p2b: Raging Bolt\n|-damage|p2b: Raging Bolt|93\/100\n|move|p1b: Calyrex|Astral Barrage|p2b: Raging Bolt|[spread] p2b\n|-activate|p2a: Zamazenta|move: Protect\n|-damage|p2b: Raging Bolt|46\/100\n|cant|p2b: Raging Bolt|flinch\n|\n|-heal|p1b: Calyrex|92\/100|[from] item: Leftovers\n|upkeep\n|turn|9\n|\n|t:|1736836678\n|-end|p2b: Raging Bolt|Protosynthesis|[silent]\n|switch|p2b: Grimmsnarl|Grimmsnarl, L50, M|18\/100\n|move|p1a: Grimmsnarl|Reflect|p1a: Grimmsnarl\n|-sidestart|p1: massan2580|Reflect\n|move|p1b: Calyrex|Astral Barrage|p2a: Zamazenta|[spread] p2a,p2b\n|-crit|p2a: Zamazenta\n|-resisted|p2b: Grimmsnarl\n|-damage|p2a: Zamazenta|0 fnt\n|-damage|p2b: Grimmsnarl|0 fnt\n|faint|p2a: Zamazenta\n|faint|p2b: Grimmsnarl\n|-ability|p1b: Calyrex|Grim Neigh|boost\n|-boost|p1b: Calyrex|spa|2\n|\n|-heal|p1b: Calyrex|98\/100|[from] item: Leftovers\n|-sideend|p2: Kardeas|move: Light Screen\n|upkeep\n|\n|t:|1736836691\n|switch|p2a: Landorus|Landorus, L50, M|100\/100\n|switch|p2b: Raging Bolt|Raging Bolt, L50|46\/100\n|turn|10\n|\n|t:|1736836707\n|-terastallize|p2a: Landorus|Poison\n|move|p1b: Calyrex|Protect|p1b: Calyrex\n|-singleturn|p1b: Calyrex|Protect\n|move|p1a: Grimmsnarl|Light Screen|p1a: Grimmsnarl\n|-sidestart|p1: massan2580|move: Light Screen\n|move|p2a: Landorus|Sludge Bomb|p1b: Calyrex\n|-activate|p1b: Calyrex|move: Protect\n|move|p2b: Raging Bolt|Dragon Pulse|p1b: Calyrex\n|-activate|p1b: Calyrex|move: Protect\n|\n|-heal|p1b: Calyrex|100\/100|[from] item: Leftovers\n|upkeep\n|turn|11\n|\n|t:|1736836722\n|move|p1a: Grimmsnarl|Parting Shot|p2a: Landorus\n|-unboost|p2a: Landorus|atk|1\n|-unboost|p2a: Landorus|spa|1\n|\n|t:|1736836725\n|switch|p1a: Rillaboom|Rillaboom, L50, F|100\/100|[from] Parting Shot\n|-fieldstart|move: Grassy Terrain|[from] ability: Grassy Surge|[of] p1a: Rillaboom\n|move|p2a: Landorus|Sludge Bomb|p1b: Calyrex\n|-supereffective|p1b: Calyrex\n|-damage|p1b: Calyrex|66\/100\n|move|p1b: Calyrex|Astral Barrage|p2b: Raging Bolt|[spread] p2a,p2b\n|-damage|p2a: Landorus|0 fnt\n|-damage|p2b: Raging Bolt|0 fnt\n|faint|p2a: Landorus\n|faint|p2b: Raging Bolt\n|-end|p2b: Raging Bolt|Protosynthesis|[silent]\n|\n|win|massan2580\n|raw|massan2580's rating: 1594 &rarr; <strong>1611<\/strong><br \/>(+17 for winning)\n|raw|Kardeas's rating: 1544 &rarr; <strong>1527<\/strong><br \/>(-17 for losing)\n|l|\u2606Kardeas\n|player|p2|\n|l|\u2606massan2580\n|player|p1|\n","uploadtime":1736836968,"views":27,"formatid":"gen9vgc2025regg","rating":1527,"private":0,"password":null}