{"id":"gen9vgc2025regg-2280658493","format":"[Gen 9] VGC 2025 Reg G","players":["DavidElGafe","superpowerpoke"],"log":"|j|\u2606DavidElGafe\n|j|\u2606superpowerpoke\n|t:|1736822341\n|gametype|doubles\n|player|p1|DavidElGafe|blue|1580\n|player|p2|superpowerpoke|102|1639\n|teamsize|p1|6\n|teamsize|p2|6\n|gen|9\n|tier|[Gen 9] VGC 2025 Reg G\n|rated|\n|rule|Species Clause: Limit one of each Pok\u00e9mon\n|rule|Item Clause: Limit 1 of each item\n|clearpoke\n|poke|p1|Chien-Pao, L50|\n|poke|p1|Urshifu-*, L50, F|\n|poke|p1|Landorus, L50, M|\n|poke|p1|Pelipper, L50, F|\n|poke|p1|Zamazenta-*, L50|\n|poke|p1|Raging Bolt, L50|\n|poke|p2|Zamazenta-*, L50|\n|poke|p2|Chien-Pao, L50|\n|poke|p2|Rillaboom, L50, M|\n|poke|p2|Raging Bolt, L50|\n|poke|p2|Politoed, L50, M|\n|poke|p2|Flutter Mane, L50|\n|teampreview|4\n|l|\u2606DavidElGafe\n|player|p1|\n|j|\u2606DavidElGafe\n|player|p1|DavidElGafe|blue|\nsuperpowerpoke rejected open team sheets.\n|j| Danger05\n|\n|t:|1736822421\n|start\n|switch|p1a: Chien-Pao|Chien-Pao, L50|100\/100\n|switch|p1b: Urshifu|Urshifu-Rapid-Strike, L50, F|100\/100\n|switch|p2a: Flutter Mane|Flutter Mane, L50|100\/100\n|switch|p2b: Zamazenta|Zamazenta-Crowned, L50|100\/100\n|-ability|p1a: Chien-Pao|Sword of Ruin\n|-ability|p2b: Zamazenta|Dauntless Shield|boost\n|-boost|p2b: Zamazenta|def|1\n|turn|1\n|j| fasboom\n|\n|t:|1736822448\n|move|p1a: Chien-Pao|Sucker Punch|p2a: Flutter Mane\n|-damage|p2a: Flutter Mane|0 fnt\n|faint|p2a: Flutter Mane\n|-end|p2a: Flutter Mane|Protosynthesis|[silent]\n|move|p1b: Urshifu|Aqua Jet|p2b: Zamazenta\n|-damage|p2b: Zamazenta|89\/100\n|move|p2b: Zamazenta|Body Press|p1b: Urshifu\n|-damage|p1b: Urshifu|12\/100\n|\n|upkeep\n|inactive|Battle timer is ON: inactive players will automatically lose when time's up. (requested by DavidElGafe)\n|\n|t:|1736822480\n|switch|p2a: Raging Bolt|Raging Bolt, L50|100\/100\n|-enditem|p2a: Raging Bolt|Booster Energy\n|-activate|p2a: Raging Bolt|ability: Protosynthesis|[fromitem]\n|-start|p2a: Raging Bolt|protosynthesisspa\n|turn|2\n|\n|t:|1736822505\n|-terastallize|p2a: Raging Bolt|Electric\n|move|p1a: Chien-Pao|Protect|p1a: Chien-Pao\n|-singleturn|p1a: Chien-Pao|Protect\n|move|p1b: Urshifu|Protect|p1b: Urshifu\n|-singleturn|p1b: Urshifu|Protect\n|move|p2b: Zamazenta|Body Press|p1b: Urshifu\n|-activate|p1b: Urshifu|move: Protect\n|move|p2a: Raging Bolt|Thunderbolt|p1a: Chien-Pao\n|-activate|p1a: Chien-Pao|move: Protect\n|\n|upkeep\n|turn|3\n|inactive|DavidElGafe has 30 seconds left.\n|\n|t:|1736822538\n|switch|p1a: Landorus|Landorus, L50, M|100\/100\n|-terastallize|p1b: Urshifu|Ghost\n|move|p2b: Zamazenta|Body Press|p1b: Urshifu\n|-immune|p1b: Urshifu\n|move|p1b: Urshifu|Surging Strikes|p2b: Zamazenta\n|-crit|p2b: Zamazenta\n|-damage|p2b: Zamazenta|76\/100\n|-crit|p2b: Zamazenta\n|-damage|p2b: Zamazenta|63\/100\n|-crit|p2b: Zamazenta\n|-damage|p2b: Zamazenta|51\/100\n|-hitcount|p2b: Zamazenta|3\n|move|p2a: Raging Bolt|Thunderbolt|p1a: Landorus\n|-immune|p1a: Landorus\n|\n|upkeep\n|turn|4\n|inactive|DavidElGafe has 30 seconds left.\n|inactive|DavidElGafe has 20 seconds left.\n|inactive|DavidElGafe has 15 seconds left.\n|inactive|DavidElGafe has 10 seconds left.\n|inactive|DavidElGafe has 5 seconds left.\n|\n|t:|1736822592\n|move|p2b: Zamazenta|Protect|p2b: Zamazenta\n|-singleturn|p2b: Zamazenta|Protect\n|move|p1b: Urshifu|Protect|p1b: Urshifu\n|-singleturn|p1b: Urshifu|Protect\n|move|p1a: Landorus|Sandsear Storm|p2b: Zamazenta|[spread] \n|-activate|p2b: Zamazenta|move: Protect\n|-miss|p1a: Landorus|p2a: Raging Bolt\n|move|p2a: Raging Bolt|Draco Meteor|p1a: Landorus\n|-damage|p1a: Landorus|0 fnt\n|-unboost|p2a: Raging Bolt|spa|2\n|faint|p1a: Landorus\n|\n|upkeep\n|\n|t:|1736822606\n|switch|p1a: Zamazenta|Zamazenta-Crowned, L50|100\/100\n|-ability|p1a: Zamazenta|Dauntless Shield|boost\n|-boost|p1a: Zamazenta|def|1\n|turn|5\n|\n|t:|1736822622\n|move|p1b: Urshifu|Aqua Jet|p2b: Zamazenta\n|-damage|p2b: Zamazenta|42\/100\n|move|p1a: Zamazenta|Body Press|p2b: Zamazenta\n|-supereffective|p2b: Zamazenta\n|-damage|p2b: Zamazenta|0 fnt\n|faint|p2b: Zamazenta\n|move|p2a: Raging Bolt|Thunderbolt|p1a: Zamazenta\n|-damage|p1a: Zamazenta|66\/100\n|-status|p1a: Zamazenta|par\n|\n|upkeep\n|\n|t:|1736822634\n|switch|p2b: Chien-Pao|Chien-Pao, L50|100\/100\n|-ability|p2b: Chien-Pao|Sword of Ruin\n|turn|6\n|inactive|DavidElGafe has 30 seconds left.\n|inactive|DavidElGafe has 20 seconds left.\n|inactive|DavidElGafe has 15 seconds left.\n|inactive|DavidElGafe has 10 seconds left.\n|inactive|DavidElGafe has 5 seconds left.\n|\n|t:|1736822686\n|move|p2b: Chien-Pao|Sucker Punch|p1b: Urshifu\n|-supereffective|p1b: Urshifu\n|-damage|p1b: Urshifu|0 fnt\n|faint|p1b: Urshifu\n|move|p2a: Raging Bolt|Thunderbolt|p1a: Zamazenta\n|-damage|p1a: Zamazenta|30\/100 par\n|move|p1a: Zamazenta|Body Press|p2b: Chien-Pao\n|-supereffective|p2b: Chien-Pao\n|-enditem|p2b: Chien-Pao|Focus Sash\n|-damage|p2b: Chien-Pao|1\/100\n|\n|upkeep\n|\n|t:|1736822689\n|switch|p1b: Chien-Pao|Chien-Pao, L50|100\/100\n|-ability|p1b: Chien-Pao|Sword of Ruin\n|turn|7\n|inactive|DavidElGafe has 30 seconds left.\n|inactive|DavidElGafe has 20 seconds left.\n|j| neebieplayersea\n|inactive|DavidElGafe has 15 seconds left.\n|\n|t:|1736822733\n|move|p1a: Zamazenta|Protect|p1a: Zamazenta\n|-singleturn|p1a: Zamazenta|Protect\n|move|p2b: Chien-Pao|Sucker Punch|p1b: Chien-Pao\n|-resisted|p1b: Chien-Pao\n|-damage|p1b: Chien-Pao|75\/100\n|move|p1b: Chien-Pao|Ice Spinner|p2b: Chien-Pao\n|-resisted|p2b: Chien-Pao\n|-damage|p2b: Chien-Pao|0 fnt\n|faint|p2b: Chien-Pao\n|move|p2a: Raging Bolt|Thunderbolt|p1b: Chien-Pao\n|-damage|p1b: Chien-Pao|0 fnt\n|faint|p1b: Chien-Pao\n|\n|upkeep\n|turn|8\n|j| summerdog\n|\n|t:|1736822747\n|move|p2a: Raging Bolt|Thunderbolt|p1a: Zamazenta\n|-damage|p1a: Zamazenta|0 fnt\n|faint|p1a: Zamazenta\n|\n|win|superpowerpoke\n|raw|DavidElGafe's rating: 1580 &rarr; <strong>1563<\/strong><br \/>(-17 for losing)\n|raw|superpowerpoke's rating: 1639 &rarr; <strong>1656<\/strong><br \/>(+17 for winning)\n|l| neebieplayersea\n|l|\u2606DavidElGafe\n|player|p1|\n","uploadtime":1736822769,"views":15,"formatid":"gen9vgc2025regg","rating":1563,"private":0,"password":null}