{"id":"gen9vgc2025regg-2280718225","format":"[Gen 9] VGC 2025 Reg G","players":["aceatelle","Yung Trav"],"log":"|j|\u2606aceatelle\n|j|\u2606Yung Trav\n|t:|1736831087\n|gametype|doubles\n|player|p1|aceatelle|guitarist|1554\n|player|p2|Yung Trav|101|1577\n|teamsize|p1|6\n|teamsize|p2|6\n|gen|9\n|tier|[Gen 9] VGC 2025 Reg G\n|rated|\n|rule|Species Clause: Limit one of each Pok\u00e9mon\n|rule|Item Clause: Limit 1 of each item\n|clearpoke\n|poke|p1|Terapagos, L50, M|\n|poke|p1|Grimmsnarl, L50, M|\n|poke|p1|Iron Hands, L50|\n|poke|p1|Ogerpon-Hearthflame, L50, F|\n|poke|p1|Landorus, L50, M|\n|poke|p1|Urshifu-*, L50, F|\n|poke|p2|Lunala, L50|\n|poke|p2|Indeedee-F, L50, F|\n|poke|p2|Ursaluna, L50, M|\n|poke|p2|Whimsicott, L50, F|\n|poke|p2|Urshifu-*, L50, M|\n|poke|p2|Chi-Yu, L50|\n|teampreview|4\n|c|\u2606aceatelle|glhf!\n|\n|t:|1736831164\n|start\n|switch|p1a: Terapagos|Terapagos, L50, M|100\/100\n|switch|p1b: Grimmsnarl|Grimmsnarl, L50, M|100\/100\n|switch|p2a: Lunala|Lunala, L50, shiny|100\/100\n|switch|p2b: Indeedee|Indeedee-F, L50, F, shiny|100\/100\n|-activate|p1a: Terapagos|ability: Tera Shift\n|detailschange|p1a: Terapagos|Terapagos-Terastal, L50, M\n|-heal|p1a: Terapagos|100\/100|[silent]\n|-fieldstart|move: Psychic Terrain|[from] ability: Psychic Surge|[of] p2b: Indeedee\n|turn|1\n|\n|t:|1736831196\n|-terastallize|p2a: Lunala|Grass\n|move|p2b: Indeedee|Helping Hand|p2a: Lunala\n|-singleturn|p2a: Lunala|Helping Hand|[of] p2b: Indeedee\n|move|p1b: Grimmsnarl|Light Screen|p1b: Grimmsnarl\n|-sidestart|p1: aceatelle|move: Light Screen\n|move|p1a: Terapagos|Calm Mind|p1a: Terapagos\n|-boost|p1a: Terapagos|spa|1\n|-boost|p1a: Terapagos|spd|1\n|move|p2a: Lunala|Meteor Beam||[still]\n|-prepare|p2a: Lunala|Meteor Beam\n|-boost|p2a: Lunala|spa|1\n|-enditem|p2a: Lunala|Power Herb\n|-anim|p2a: Lunala|Meteor Beam|p1b: Grimmsnarl|[miss]\n|-miss|p2a: Lunala|p1b: Grimmsnarl\n|\n|upkeep\n|turn|2\n|\n|t:|1736831228\n|switch|p2b: Whimsicott|Whimsicott, L50, F, shiny|100\/100\n|-terastallize|p1a: Terapagos|Stellar\n|detailschange|p1a: Terapagos|Terapagos-Stellar, L50, M, tera:Stellar\n|-heal|p1a: Terapagos|100\/100|[silent]\n|-ability|p1a: Terapagos|Teraform Zero\n|-fieldend|move: Psychic Terrain\n|move|p1b: Grimmsnarl|Reflect|p1b: Grimmsnarl\n|-sidestart|p1: aceatelle|Reflect\n|move|p1a: Terapagos|Tera Starstorm|p2b: Whimsicott|[spread] p2a,p2b\n|-supereffective|p2a: Lunala\n|-damage|p2a: Lunala|55\/100\n|-damage|p2b: Whimsicott|37\/100\n|move|p2a: Lunala|Expanding Force|p1a: Terapagos\n|-damage|p1a: Terapagos|78\/100\n|\n|upkeep\n|turn|3\n|\n|t:|1736831264\n|move|p2b: Whimsicott|Light Screen|p2b: Whimsicott\n|-sidestart|p2: Yung Trav|move: Light Screen\n|move|p1a: Terapagos|Tera Starstorm|p2a: Lunala|[spread] p2a,p2b\n|-supereffective|p2a: Lunala\n|-damage|p2a: Lunala|0 fnt\n|-damage|p2b: Whimsicott|0 fnt\n|faint|p2a: Lunala\n|faint|p2b: Whimsicott\n|move|p1b: Grimmsnarl|Foul Play|p2: Lunala|[notarget]\n|-fail|p1b: Grimmsnarl\n|\n|upkeep\n|\n|t:|1736831274\n|switch|p2b: Indeedee|Indeedee-F, L50, F, shiny|100\/100\n|switch|p2a: Urshifu|Urshifu-Rapid-Strike, L50, M|100\/100\n|-fieldstart|move: Psychic Terrain|[from] ability: Psychic Surge|[of] p2b: Indeedee\n|turn|4\n|\n|t:|1736831292\n|move|p2b: Indeedee|Follow Me|p2b: Indeedee\n|-singleturn|p2b: Indeedee|move: Follow Me\n|move|p2a: Urshifu|Close Combat|p1a: Terapagos\n|-supereffective|p1a: Terapagos\n|-damage|p1a: Terapagos|19\/100\n|-unboost|p2a: Urshifu|def|1\n|-unboost|p2a: Urshifu|spd|1\n|move|p1a: Terapagos|Tera Starstorm|p2b: Indeedee|[spread] p2a,p2b\n|-damage|p2a: Urshifu|10\/100\n|-damage|p2b: Indeedee|59\/100\n|move|p1b: Grimmsnarl|Foul Play|p2b: Indeedee\n|-supereffective|p2b: Indeedee\n|-damage|p2b: Indeedee|32\/100\n|-damage|p1b: Grimmsnarl|84\/100|[from] item: Rocky Helmet|[of] p2b: Indeedee\n|\n|upkeep\n|turn|5\n|-message|Yung Trav forfeited.\n|\n|win|aceatelle\n|raw|aceatelle's rating: 1554 &rarr; <strong>1575<\/strong><br \/>(+21 for winning)\n|raw|Yung Trav's rating: 1577 &rarr; <strong>1556<\/strong><br \/>(-21 for losing)\n|l|\u2606Yung Trav\n|player|p2|\n|l|\u2606aceatelle\n|player|p1|\n","uploadtime":1736831500,"views":14,"formatid":"gen9vgc2025regg","rating":1556,"private":0,"password":null}