{"id":"gen9vgc2025regg-2280677513","format":"[Gen 9] VGC 2025 Reg G","players":["hawktuahvgc","Elvegis1"],"log":"|j|\u2606hawktuahvgc\n|j|\u2606Elvegis1\n|t:|1736824874\n|gametype|doubles\n|player|p1|hawktuahvgc|palmer|1591\n|player|p2|Elvegis1|lucas|1546\n|teamsize|p1|6\n|teamsize|p2|6\n|gen|9\n|tier|[Gen 9] VGC 2025 Reg G\n|rated|\n|rule|Species Clause: Limit one of each Pok\u00e9mon\n|rule|Item Clause: Limit 1 of each item\n|clearpoke\n|poke|p1|Calyrex-Shadow, L50|\n|poke|p1|Indeedee-F, L50, F|\n|poke|p1|Whimsicott, L50, F|\n|poke|p1|Iron Bundle, L50|\n|poke|p1|Chi-Yu, L50|\n|poke|p1|Sneasler, L50, F|\n|poke|p2|Incineroar, L50, F|\n|poke|p2|Amoonguss, L50, F|\n|poke|p2|Grimmsnarl, L50, M|\n|poke|p2|Indeedee-F, L50, F|\n|poke|p2|Sneasler, L50, M|\n|poke|p2|Calyrex-Shadow, L50|\n|teampreview|4\n|inactive|Battle timer is ON: inactive players will automatically lose when time's up. (requested by Elvegis1)\n|inactive|Elvegis1 has 60 seconds left.\n|\n|t:|1736824914\n|start\n|switch|p1a: Iron Bundle|Iron Bundle, L50, shiny|100\/100\n|switch|p1b: Chi-Yu|Chi-Yu, L50|100\/100\n|switch|p2a: Grimmsnarl|Grimmsnarl, L50, M|100\/100\n|switch|p2b: Indeedee|Indeedee-F, L50, F|100\/100\n|-ability|p1b: Chi-Yu|Beads of Ruin\n|-fieldstart|move: Psychic Terrain|[from] ability: Psychic Surge|[of] p2b: Indeedee\n|-enditem|p1a: Iron Bundle|Booster Energy\n|-activate|p1a: Iron Bundle|ability: Quark Drive|[fromitem]\n|-start|p1a: Iron Bundle|quarkdrivespe\n|turn|1\n|\n|t:|1736824938\n|-terastallize|p2b: Indeedee|Fairy\n|move|p2a: Grimmsnarl|Light Screen|p2a: Grimmsnarl\n|-sidestart|p2: Elvegis1|move: Light Screen\n|move|p1a: Iron Bundle|Freeze-Dry|p2b: Indeedee\n|-damage|p2b: Indeedee|72\/100\n|move|p1b: Chi-Yu|Heat Wave|p2a: Grimmsnarl|[spread] p2a\n|-miss|p1b: Chi-Yu|p2b: Indeedee\n|-damage|p2a: Grimmsnarl|56\/100\n|move|p2b: Indeedee|Trick Room|p2b: Indeedee\n|-fieldstart|move: Trick Room|[of] p2b: Indeedee\n|\n|upkeep\n|turn|2\n|\n|t:|1736824960\n|move|p2b: Indeedee|Protect|p2b: Indeedee\n|-singleturn|p2b: Indeedee|Protect\n|move|p2a: Grimmsnarl|Spirit Break|p1b: Chi-Yu\n|-damage|p1b: Chi-Yu|62\/100\n|-unboost|p1b: Chi-Yu|spa|1\n|move|p1b: Chi-Yu|Heat Wave|p2a: Grimmsnarl|[spread] p2a\n|-activate|p2b: Indeedee|move: Protect\n|-damage|p2a: Grimmsnarl|28\/100\n|move|p1a: Iron Bundle|Hydro Pump|p2a: Grimmsnarl\n|-damage|p2a: Grimmsnarl|0 fnt\n|faint|p2a: Grimmsnarl\n|\n|upkeep\n|\n|t:|1736824976\n|switch|p2a: Amoonguss|Amoonguss, L50, F|100\/100\n|turn|3\n|\n|t:|1736824984\n|-terastallize|p1a: Iron Bundle|Grass\n|move|p2a: Amoonguss|Spore|p1b: Chi-Yu\n|-status|p1b: Chi-Yu|slp|[from] move: Spore\n|move|p2b: Indeedee|Shadow Ball|p1a: Iron Bundle\n|-damage|p1a: Iron Bundle|54\/100\n|-unboost|p1a: Iron Bundle|spd|1\n|cant|p1b: Chi-Yu|slp\n|move|p1a: Iron Bundle|Freeze-Dry|p2a: Amoonguss\n|-supereffective|p2a: Amoonguss\n|-damage|p2a: Amoonguss|40\/100\n|-status|p2a: Amoonguss|frz\n|\n|upkeep\n|turn|4\n|inactive|hawktuahvgc has 30 seconds left.\n|\n|t:|1736825013\n|switch|p2a: Calyrex|Calyrex-Shadow, L50|100\/100\n|-ability|p2a: Calyrex|As One\n|-ability|p2a: Calyrex|Unnerve\n|switch|p1b: Indeedee|Indeedee-F, L50, F, shiny|100\/100\n|move|p1a: Iron Bundle|Protect|p1a: Iron Bundle\n|-singleturn|p1a: Iron Bundle|Protect\n|move|p2b: Indeedee|Shadow Ball|p1a: Iron Bundle\n|-activate|p1a: Iron Bundle|move: Protect\n|\n|upkeep\n|turn|5\n|j| fasboom\n|inactive|hawktuahvgc has 30 seconds left.\n|\n|t:|1736825044\n|switch|p2b: Amoonguss|Amoonguss, L50, F|74\/100 frz\n|move|p1a: Iron Bundle|Protect||[still]\n|-fail|p1a: Iron Bundle\n|move|p1b: Indeedee|Dazzling Gleam|p2b: Amoonguss|[spread] p2a,p2b\n|-resisted|p2b: Amoonguss\n|-damage|p2a: Calyrex|93\/100\n|-damage|p2b: Amoonguss|70\/100 frz\n|move|p2a: Calyrex|Astral Barrage|p1b: Indeedee|[spread] p1a\n|-immune|p1b: Indeedee\n|-damage|p1a: Iron Bundle|0 fnt\n|faint|p1a: Iron Bundle\n|-end|p1a: Iron Bundle|Quark Drive|[silent]\n|-ability|p2a: Calyrex|Grim Neigh|boost\n|-boost|p2a: Calyrex|spa|1\n|\n|-fieldend|move: Trick Room\n|-fieldend|move: Psychic Terrain\n|upkeep\n|\n|t:|1736825068\n|switch|p1a: Chi-Yu|Chi-Yu, L50|62\/100 slp\n|-ability|p1a: Chi-Yu|Beads of Ruin\n|turn|6\n|\n|t:|1736825084\n|move|p2a: Calyrex|Astral Barrage|p1b: Indeedee|[spread] p1a\n|-immune|p1b: Indeedee\n|-resisted|p1a: Chi-Yu\n|-damage|p1a: Chi-Yu|24\/100 slp\n|-curestatus|p1a: Chi-Yu|slp|[msg]\n|move|p1a: Chi-Yu|Dark Pulse|p2a: Calyrex\n|-supereffective|p2a: Calyrex\n|-damage|p2a: Calyrex|0 fnt\n|faint|p2a: Calyrex\n|cant|p2b: Amoonguss|frz\n|move|p1b: Indeedee|Trick Room|p1b: Indeedee\n|-fieldstart|move: Trick Room|[of] p1b: Indeedee\n|\n|upkeep\n|\n|t:|1736825097\n|switch|p2a: Indeedee|Indeedee-F, L50, F, tera:Fairy|72\/100\n|-fieldstart|move: Psychic Terrain|[from] ability: Psychic Surge|[of] p2a: Indeedee\n|turn|7\n|\n|t:|1736825111\n|switch|p1a: Calyrex|Calyrex-Shadow, L50|100\/100\n|-ability|p1a: Calyrex|As One\n|-ability|p1a: Calyrex|Unnerve\n|move|p1b: Indeedee|Follow Me|p1b: Indeedee\n|-singleturn|p1b: Indeedee|move: Follow Me\n|cant|p2b: Amoonguss|frz\n|move|p2a: Indeedee|Shadow Ball|p1b: Indeedee\n|-immune|p1b: Indeedee\n|\n|upkeep\n|turn|8\n|\n|t:|1736825125\n|move|p1b: Indeedee|Follow Me|p1b: Indeedee\n|-singleturn|p1b: Indeedee|move: Follow Me\n|cant|p2b: Amoonguss|frz\n|move|p2a: Indeedee|Shadow Ball|p1b: Indeedee\n|-immune|p1b: Indeedee\n|move|p1a: Calyrex|Expanding Force|p2a: Indeedee|[spread] p2a,p2b\n|-supereffective|p2b: Amoonguss\n|-damage|p2a: Indeedee|12\/100\n|-damage|p2b: Amoonguss|0 fnt\n|faint|p2b: Amoonguss\n|-ability|p1a: Calyrex|Grim Neigh|boost\n|-boost|p1a: Calyrex|spa|1\n|-damage|p1a: Calyrex|91\/100|[from] item: Life Orb\n|\n|-sideend|p2: Elvegis1|move: Light Screen\n|upkeep\n|turn|9\n|\n|t:|1736825137\n|move|p1b: Indeedee|Follow Me|p1b: Indeedee\n|-singleturn|p1b: Indeedee|move: Follow Me\n|move|p2a: Indeedee|Shadow Ball|p1b: Indeedee\n|-immune|p1b: Indeedee\n|move|p1a: Calyrex|Expanding Force|p2a: Indeedee\n|-damage|p2a: Indeedee|0 fnt\n|faint|p2a: Indeedee\n|-damage|p1a: Calyrex|81\/100|[from] item: Life Orb\n|\n|win|hawktuahvgc\n|raw|hawktuahvgc's rating: 1591 &rarr; <strong>1608<\/strong><br \/>(+17 for winning)\n|raw|Elvegis1's rating: 1546 &rarr; <strong>1529<\/strong><br \/>(-17 for losing)\n|l|\u2606Elvegis1\n|player|p2|\n|l|\u2606hawktuahvgc\n|player|p1|\n","uploadtime":1736825296,"views":435,"formatid":"gen9vgc2025regg","rating":1529,"private":0,"password":null}