{"id":"gen9vgc2025regg-2280565752","format":"[Gen 9] VGC 2025 Reg G","players":["Newjeansfan1","jorginhotv"],"log":"|j|\u203dNewjeansfan1\n|j|\u2606jorginhotv\n|t:|1736810371\n|gametype|doubles\n|player|p1|Newjeansfan1|101|1575\n|player|p2|jorginhotv|2|1522\n|teamsize|p1|6\n|teamsize|p2|6\n|gen|9\n|tier|[Gen 9] VGC 2025 Reg G\n|rated|\n|rule|Species Clause: Limit one of each Pok\u00e9mon\n|rule|Item Clause: Limit 1 of each item\n|clearpoke\n|poke|p1|Calyrex-Ice, L50|\n|poke|p1|Ursaluna-Bloodmoon, L50, M|\n|poke|p1|Incineroar, L50, M|\n|poke|p1|Amoonguss, L50, M|\n|poke|p1|Raging Bolt, L50|\n|poke|p1|Pelipper, L50, M|\n|poke|p2|Tornadus, L50, M|\n|poke|p2|Kyogre, L50|\n|poke|p2|Tsareena, L50, F|\n|poke|p2|Urshifu-*, L50, F|\n|poke|p2|Iron Crown, L50|\n|poke|p2|Indeedee-F, L50, F|\n|teampreview|4\n|inactive|Battle timer is ON: inactive players will automatically lose when time's up. (requested by Newjeansfan1)\n|\n|t:|1736810442\n|start\n|switch|p1a: Incineroar|Incineroar, L50, M|100\/100\n|switch|p1b: Raging Bolt|Raging Bolt, L50|100\/100\n|switch|p2a: Indeedee|Indeedee-F, L50, F|100\/100\n|switch|p2b: Iron Crown|Iron Crown, L50|100\/100\n|-fieldstart|move: Psychic Terrain|[from] ability: Psychic Surge|[of] p2a: Indeedee\n|-ability|p1a: Incineroar|Intimidate|boost\n|-unboost|p2a: Indeedee|atk|1\n|-unboost|p2b: Iron Crown|atk|1\n|-enditem|p2b: Iron Crown|Booster Energy\n|-activate|p2b: Iron Crown|ability: Quark Drive|[fromitem]\n|-start|p2b: Iron Crown|quarkdrivespe\n|turn|1\n|\n|t:|1736810453\n|-terastallize|p2b: Iron Crown|Ground\n|-terastallize|p1a: Incineroar|Water\n|move|p2a: Indeedee|Helping Hand|p2b: Iron Crown\n|-singleturn|p2b: Iron Crown|Helping Hand|[of] p2a: Indeedee\n|move|p2b: Iron Crown|Tera Blast|p1a: Incineroar|[anim] Tera Blast Ground\n|-damage|p1a: Incineroar|51\/100\n|move|p1b: Raging Bolt|Snarl|p2a: Indeedee|[spread] p2a,p2b\n|-supereffective|p2a: Indeedee\n|-damage|p2a: Indeedee|73\/100\n|-damage|p2b: Iron Crown|86\/100\n|-unboost|p2a: Indeedee|spa|1\n|-unboost|p2b: Iron Crown|spa|1\n|move|p1a: Incineroar|Knock Off|p2a: Indeedee\n|-supereffective|p2a: Indeedee\n|-damage|p2a: Indeedee|0 fnt\n|-enditem|p2a: Indeedee|Safety Goggles|[from] move: Knock Off|[of] p1a: Incineroar\n|faint|p2a: Indeedee\n|\n|upkeep\n|\n|t:|1736810473\n|switch|p2a: Jorginho|Urshifu, L50, F|100\/100\n|turn|2\n|\n|t:|1736810484\n|move|p2b: Iron Crown|Expanding Force|p1a: Incineroar|[spread] p1a,p1b\n|-damage|p1a: Incineroar|24\/100\n|-damage|p1b: Raging Bolt|81\/100\n|move|p2a: Jorginho|Wicked Blow|p1b: Raging Bolt\n|-crit|p1b: Raging Bolt\n|-damage|p1b: Raging Bolt|14\/100\n|move|p1b: Raging Bolt|Volt Switch|p2a: Jorginho\n|-damage|p2a: Jorginho|39\/100\n|\n|t:|1736810493\n|-end|p1b: Raging Bolt|Protosynthesis|[silent]\n|switch|p1b: Amoonguss|Amoonguss, L50, M|100\/100|[from] Volt Switch\n|move|p1a: Incineroar|Will-O-Wisp|p2a: Jorginho\n|-status|p2a: Jorginho|brn\n|\n|-damage|p2a: Jorginho|33\/100 brn|[from] brn\n|upkeep\n|turn|3\n|\n|t:|1736810506\n|move|p2b: Iron Crown|Expanding Force|p1a: Incineroar|[spread] p1a,p1b\n|-supereffective|p1b: Amoonguss\n|-crit|p1b: Amoonguss\n|-damage|p1a: Incineroar|0 fnt\n|-damage|p1b: Amoonguss|0 fnt\n|faint|p1a: Incineroar\n|faint|p1b: Amoonguss\n|move|p2a: Jorginho|Wicked Blow|p1: Incineroar|[notarget]\n|-fail|p2a: Jorginho\n|\n|-damage|p2a: Jorginho|27\/100 brn|[from] brn\n|upkeep\n|\n|t:|1736810509\n|switch|p1a: Raging Bolt|Raging Bolt, L50|14\/100\n|switch|p1b: Calyrex|Calyrex-Ice, L50|100\/100\n|-ability|p1b: Calyrex|As One\n|-ability|p1b: Calyrex|Unnerve\n|turn|4\n|j| neebieplayersea\n|j| Therazer456\n|\n|t:|1736810518\n|move|p2b: Iron Crown|Expanding Force|p1b: Calyrex|[spread] p1a,p1b\n|-resisted|p1b: Calyrex\n|-damage|p1a: Raging Bolt|0 fnt\n|-damage|p1b: Calyrex|90\/100\n|faint|p1a: Raging Bolt\n|-end|p1a: Raging Bolt|Protosynthesis|[silent]\n|move|p2a: Jorginho|Wicked Blow|p1b: Calyrex\n|-supereffective|p1b: Calyrex\n|-crit|p1b: Calyrex\n|-damage|p1b: Calyrex|31\/100\n|move|p1b: Calyrex|Trick Room|p1b: Calyrex\n|-fieldstart|move: Trick Room|[of] p1b: Calyrex\n|\n|-damage|p2a: Jorginho|22\/100 brn|[from] brn\n|upkeep\n|turn|5\n|\n|t:|1736810531\n|move|p2b: Iron Crown|Protect|p2b: Iron Crown\n|-singleturn|p2b: Iron Crown|Protect\n|move|p1b: Calyrex|Glacial Lance|p2b: Iron Crown|[spread] p2a\n|-activate|p2b: Iron Crown|move: Protect\n|-damage|p2a: Jorginho|0 fnt\n|faint|p2a: Jorginho\n|-ability|p1b: Calyrex|Chilling Neigh|boost\n|-boost|p1b: Calyrex|atk|1\n|\n|-fieldend|move: Psychic Terrain\n|upkeep\n|\n|t:|1736810534\n|switch|p2a: Gia Li|Kyogre, L50|100\/100\n|-weather|RainDance|[from] ability: Drizzle|[of] p2a: Gia Li\n|turn|6\n|\n|t:|1736810542\n|move|p1b: Calyrex|Glacial Lance|p2a: Gia Li|[spread] p2a,p2b\n|-resisted|p2a: Gia Li\n|-supereffective|p2b: Iron Crown\n|-damage|p2a: Gia Li|54\/100\n|-damage|p2b: Iron Crown|0 fnt\n|faint|p2b: Iron Crown\n|-end|p2b: Iron Crown|Quark Drive|[silent]\n|-ability|p1b: Calyrex|Chilling Neigh|boost\n|-boost|p1b: Calyrex|atk|1\n|move|p2a: Gia Li|Origin Pulse|p1b: Calyrex\n|-damage|p1b: Calyrex|0 fnt\n|faint|p1b: Calyrex\n|\n|win|jorginhotv\n|raw|Newjeansfan1's rating: 1575 &rarr; <strong>1552<\/strong><br \/>(-23 for losing)\n|raw|jorginhotv's rating: 1522 &rarr; <strong>1545<\/strong><br \/>(+23 for winning)\n|l| Therazer456\n|l|\u2606jorginhotv\n|player|p2|\n|l|\u203dNewjeansfan1\n|player|p1|\n|l| neebieplayersea\n","uploadtime":1736810710,"views":12,"formatid":"gen9vgc2025regg","rating":1545,"private":0,"password":null}