{"id":"gen9vgc2025regg-2280745323","format":"[Gen 9] VGC 2025 Reg G","players":["Kardeas","PokemonmasterN2009"],"log":"|j|\u2606Kardeas\n|j|\u2606PokemonmasterN2009\n|t:|1736835946\n|gametype|doubles\n|player|p1|Kardeas|clerkf|1585\n|player|p2|PokemonmasterN2009|steven|1629\n|teamsize|p1|6\n|teamsize|p2|6\n|gen|9\n|tier|[Gen 9] VGC 2025 Reg G\n|rated|\n|rule|Species Clause: Limit one of each Pok\u00e9mon\n|rule|Item Clause: Limit 1 of each item\n|clearpoke\n|poke|p1|Zamazenta-*, L50|\n|poke|p1|Cresselia, L50, F|\n|poke|p1|Grimmsnarl, L50, M|\n|poke|p1|Landorus, L50, M|\n|poke|p1|Raging Bolt, L50|\n|poke|p1|Sinistcha-Masterpiece, L50|\n|poke|p2|Torkoal, L50, M|\n|poke|p2|Farigiraf, L50, M|\n|poke|p2|Ogerpon-Cornerstone, L50, F|\n|poke|p2|Regidrago, L50|\n|poke|p2|Alcremie, L50, F|\n|poke|p2|Calyrex-Ice, L50|\n|teampreview|4\n|inactive|Battle timer is ON: inactive players will automatically lose when time's up. (requested by PokemonmasterN2009)\nPokemonmasterN2009 has agreed to open team sheets.\n|inactive|Kardeas has 60 seconds left.\n|j| Meme Guy 69420\n|\n|t:|1736835992\n|start\n|switch|p1a: Zamazenta|Zamazenta-Crowned, L50|100\/100\n|switch|p1b: Grimmsnarl|Grimmsnarl, L50, M|100\/100\n|switch|p2a: Alcremie|Alcremie, L50, F|100\/100\n|switch|p2b: Calyrex|Calyrex-Ice, L50|100\/100\n|-ability|p2b: Calyrex|As One\n|-ability|p2b: Calyrex|Unnerve\n|-ability|p1a: Zamazenta|Dauntless Shield|boost\n|-boost|p1a: Zamazenta|def|1\n|turn|1\n|inactive|Kardeas has 30 seconds left.\n|inactive|PokemonmasterN2009 has 30 seconds left.\n|inactive|PokemonmasterN2009 has 20 seconds left.\n|\n|t:|1736836028\n|-terastallize|p2b: Calyrex|Fire\n|move|p1b: Grimmsnarl|Reflect|p1b: Grimmsnarl\n|-sidestart|p1: Kardeas|Reflect\n|move|p1a: Zamazenta|Heavy Slam|p2a: Alcremie\n|-supereffective|p2a: Alcremie\n|-damage|p2a: Alcremie|17\/100\n|move|p2a: Alcremie|Endeavor|p1a: Zamazenta\n|-damage|p1a: Zamazenta|15\/100\n|move|p2b: Calyrex|Trick Room|p2b: Calyrex\n|-fieldstart|move: Trick Room|[of] p2b: Calyrex\n|\n|upkeep\n|turn|2\n|inactive|Kardeas has 30 seconds left.\n|inactive|Kardeas has 20 seconds left.\n|j| sof.eir\n|inactive|Kardeas has 15 seconds left.\n|\n|t:|1736836071\n|switch|p1b: Cresselia|Cresselia, L50, F, shiny|100\/100\n|move|p1a: Zamazenta|Protect|p1a: Zamazenta\n|-singleturn|p1a: Zamazenta|Protect\n|move|p2a: Alcremie|Decorate|p2b: Calyrex\n|-boost|p2b: Calyrex|atk|2\n|-boost|p2b: Calyrex|spa|2\n|move|p2b: Calyrex|High Horsepower|p1a: Zamazenta\n|-activate|p1a: Zamazenta|move: Protect\n|\n|upkeep\n|turn|3\n|inactive|Kardeas has 30 seconds left.\n|inactive|Kardeas has 20 seconds left.\n|inactive|Kardeas has 15 seconds left.\n|\n|t:|1736836113\n|move|p2a: Alcremie|Encore|p1a: Zamazenta\n|-start|p1a: Zamazenta|Encore\n|move|p2b: Calyrex|Glacial Lance|p1a: Zamazenta|[spread] p1a,p1b\n|-resisted|p1a: Zamazenta\n|-damage|p1a: Zamazenta|0 fnt\n|-damage|p1b: Cresselia|55\/100\n|faint|p1a: Zamazenta\n|-ability|p2b: Calyrex|Chilling Neigh|boost\n|-boost|p2b: Calyrex|atk|1\n|move|p1b: Cresselia|Trick Room|p1b: Cresselia\n|-fieldend|move: Trick Room\n|\n|upkeep\n|j| Schlourp\n|\n|t:|1736836121\n|switch|p1a: Landorus|Landorus, L50, M|100\/100\n|turn|4\n|\n|t:|1736836132\n|switch|p2a: Regidrago|Regidrago, L50|100\/100\n|move|p1a: Landorus|Earth Power|p2b: Calyrex\n|-supereffective|p2b: Calyrex\n|-damage|p2b: Calyrex|44\/100\n|move|p1b: Cresselia|Moonblast|p2a: Regidrago\n|-supereffective|p2a: Regidrago\n|-damage|p2a: Regidrago|65\/100\n|move|p2b: Calyrex|Trick Room|p2b: Calyrex\n|-fieldstart|move: Trick Room|[of] p2b: Calyrex\n|\n|upkeep\n|turn|5\n|l| Meme Guy 69420\n|\n|t:|1736836152\n|switch|p1a: Grimmsnarl|Grimmsnarl, L50, M|100\/100\n|-terastallize|p1b: Cresselia|Steel\n|move|p2a: Regidrago|Draco Meteor|p1b: Cresselia\n|-resisted|p1b: Cresselia\n|-damage|p1b: Cresselia|26\/100\n|-unboost|p2a: Regidrago|spa|2\n|move|p2b: Calyrex|Glacial Lance|p1a: Grimmsnarl|[spread] p1a,p1b\n|-resisted|p1b: Cresselia\n|-damage|p1a: Grimmsnarl|6\/100\n|-damage|p1b: Cresselia|0 fnt\n|faint|p1b: Cresselia\n|-ability|p2b: Calyrex|Chilling Neigh|boost\n|-boost|p2b: Calyrex|atk|1\n|\n|upkeep\n|-message|Kardeas forfeited.\n|\n|win|PokemonmasterN2009\n|raw|Kardeas's rating: 1585 &rarr; <strong>1568<\/strong><br \/>(-17 for losing)\n|raw|PokemonmasterN2009's rating: 1629 &rarr; <strong>1646<\/strong><br \/>(+17 for winning)\n|l|\u2606Kardeas\n|player|p1|\n|l|\u2606PokemonmasterN2009\n|player|p2|\n|l| sof.eir\n|l| Schlourp\n","uploadtime":1736836408,"views":21,"formatid":"gen9vgc2025regg","rating":1568,"private":0,"password":null}