{"id":"gen9vgc2025regg-2280102335","format":"[Gen 9] VGC 2025 Reg G","players":["SMDR","Moonlight410"],"log":"|j|\u2606SMDR\n|j|\u2606Moonlight410\n|t:|1736750253\n|gametype|doubles\n|player|p1|SMDR|bugcatcher-gen4dp|1627\n|player|p2|Moonlight410|265|1557\n|teamsize|p1|6\n|teamsize|p2|6\n|gen|9\n|tier|[Gen 9] VGC 2025 Reg G\n|rated|\n|rule|Species Clause: Limit one of each Pok\u00e9mon\n|rule|Item Clause: Limit 1 of each item\n|clearpoke\n|poke|p1|Groudon, L50|\n|poke|p1|Scream Tail, L50|\n|poke|p1|Flutter Mane, L50|\n|poke|p1|Raging Bolt, L50|\n|poke|p1|Rillaboom, L50, F|\n|poke|p1|Entei, L50|\n|poke|p2|Kyogre, L50|\n|poke|p2|Farigiraf, L50, M|\n|poke|p2|Smeargle, L50, M|\n|poke|p2|Urshifu-*, L50, M|\n|poke|p2|Basculegion, L50, M|\n|poke|p2|Tornadus, L50, M|\n|teampreview|4\n|inactive|Battle timer is ON: inactive players will automatically lose when time's up. (requested by Moonlight410)\n|\n|t:|1736750285\n|start\n|switch|p1a: Scream Tail|Scream Tail, L50|100\/100\n|switch|p1b: Rillaboom|Rillaboom, L50, F|100\/100\n|switch|p2a: Farigiraf|Farigiraf, L50, M|100\/100\n|switch|p2b: Smeargle|Smeargle, L50, M|100\/100\n|-fieldstart|move: Grassy Terrain|[from] ability: Grassy Surge|[of] p1b: Rillaboom\n|turn|1\n|\n|t:|1736750305\n|move|p2b: Smeargle|Fake Out|p1b: Rillaboom\n|-damage|p1b: Rillaboom|97\/100\n|move|p1a: Scream Tail|Howl|p1a: Scream Tail|[spread] p1a,p1b\n|-boost|p1a: Scream Tail|atk|1\n|-boost|p1b: Rillaboom|atk|1\n|cant|p1b: Rillaboom|flinch\n|move|p2a: Farigiraf|Trick Room|p2a: Farigiraf\n|-fieldstart|move: Trick Room|[of] p2a: Farigiraf\n|\n|-heal|p1b: Rillaboom|100\/100|[from] Grassy Terrain\n|-ability|p2b: Smeargle|Moody|boost\n|-boost|p2b: Smeargle|spe|2\n|-unboost|p2b: Smeargle|spa|1\n|-enditem|p2b: Smeargle|Eject Pack\n|upkeep\n|\n|t:|1736750317\n|switch|p2b: Kyogre|Kyogre, L50|100\/100\n|-weather|RainDance|[from] ability: Drizzle|[of] p2b: Kyogre\n|turn|2\n|\n|t:|1736750328\n|-end|p1a: Scream Tail|Protosynthesis|[silent]\n|switch|p1a: Groudon|Groudon, L50|100\/100\n|-weather|SunnyDay|[from] ability: Drought|[of] p1a: Groudon\n|-terastallize|p2b: Kyogre|Water\n|move|p2a: Farigiraf|Helping Hand|p2b: Kyogre\n|-singleturn|p2b: Kyogre|Helping Hand|[of] p2a: Farigiraf\n|move|p2b: Kyogre|Water Spout|p1b: Rillaboom|[spread] p1a,p1b\n|-supereffective|p1a: Groudon\n|-resisted|p1b: Rillaboom\n|-damage|p1a: Groudon|0 fnt\n|-damage|p1b: Rillaboom|74\/100\n|faint|p1a: Groudon\n|move|p1b: Rillaboom|Wood Hammer|p2b: Kyogre\n|-supereffective|p2b: Kyogre\n|-damage|p2b: Kyogre|0 fnt\n|faint|p2b: Kyogre\n|-damage|p1b: Rillaboom|38\/100|[from] Recoil\n|\n|-weather|SunnyDay|[upkeep]\n|-heal|p1b: Rillaboom|44\/100|[from] Grassy Terrain\n|upkeep\n|\n|t:|1736750349\n|switch|p2b: Urshifu|Urshifu, L50, M|100\/100\n|switch|p1a: Raging Bolt|Raging Bolt, L50|100\/100\n|-activate|p1a: Raging Bolt|ability: Protosynthesis\n|-start|p1a: Raging Bolt|protosynthesisspa\n|turn|3\n|\n|t:|1736750366\n|switch|p1b: Scream Tail|Scream Tail, L50|100\/100\n|-activate|p1b: Scream Tail|ability: Protosynthesis\n|-start|p1b: Scream Tail|protosynthesisspe\n|-terastallize|p1a: Raging Bolt|Fairy\n|move|p2a: Farigiraf|Helping Hand|p2b: Urshifu\n|-singleturn|p2b: Urshifu|Helping Hand|[of] p2a: Farigiraf\n|move|p2b: Urshifu|Wicked Blow|p1a: Raging Bolt\n|-resisted|p1a: Raging Bolt\n|-crit|p1a: Raging Bolt\n|-damage|p1a: Raging Bolt|42\/100\n|move|p1a: Raging Bolt|Dragon Pulse|p2a: Farigiraf\n|-damage|p2a: Farigiraf|30\/100\n|-damage|p1a: Raging Bolt|32\/100|[from] item: Life Orb\n|\n|-weather|SunnyDay|[upkeep]\n|-heal|p2a: Farigiraf|36\/100|[from] Grassy Terrain\n|-heal|p1a: Raging Bolt|38\/100|[from] Grassy Terrain\n|upkeep\n|turn|4\n|\n|t:|1736750388\n|-end|p1a: Raging Bolt|Protosynthesis|[silent]\n|switch|p1a: Rillaboom|Rillaboom, L50, F|44\/100\n|move|p2a: Farigiraf|Ally Switch|p2a: Farigiraf\n|swap|p2a: Farigiraf|1|[from] move: Ally Switch\n|move|p2a: Urshifu|Wicked Blow|p1a: Rillaboom\n|-crit|p1a: Rillaboom\n|-damage|p1a: Rillaboom|0 fnt\n|faint|p1a: Rillaboom\n|move|p1b: Scream Tail|Disable|p2b: Farigiraf\n|-start|p2b: Farigiraf|Disable|Ally Switch\n|-enditem|p2b: Farigiraf|Mental Herb\n|-end|p2b: Farigiraf|Disable\n|\n|-weather|SunnyDay|[upkeep]\n|-heal|p2b: Farigiraf|42\/100|[from] Grassy Terrain\n|upkeep\n|\n|t:|1736750399\n|switch|p1a: Raging Bolt|Raging Bolt, L50, tera:Fairy|38\/100\n|-activate|p1a: Raging Bolt|ability: Protosynthesis\n|-start|p1a: Raging Bolt|protosynthesisspa\n|turn|5\n|\n|t:|1736750424\n|switch|p2b: Smeargle|Smeargle, L50, M|100\/100\n|move|p2a: Urshifu|Wicked Blow|p1a: Raging Bolt\n|-resisted|p1a: Raging Bolt\n|-crit|p1a: Raging Bolt\n|-damage|p1a: Raging Bolt|0 fnt\n|faint|p1a: Raging Bolt\n|-end|p1a: Raging Bolt|Protosynthesis|[silent]\n|move|p1b: Scream Tail|Thunder Wave|p2a: Urshifu\n|-status|p2a: Urshifu|par\n|\n|-weather|SunnyDay|[upkeep]\n|-fieldend|move: Trick Room\n|-fieldend|move: Grassy Terrain\n|-ability|p2b: Smeargle|Moody|boost\n|-boost|p2b: Smeargle|spd|2\n|-unboost|p2b: Smeargle|spa|1\n|upkeep\n|turn|6\n|-message|SMDR forfeited.\n|\n|win|Moonlight410\n|raw|SMDR's rating: 1627 &rarr; <strong>1603<\/strong><br \/>(-24 for losing)\n|raw|Moonlight410's rating: 1557 &rarr; <strong>1581<\/strong><br \/>(+24 for winning)\n|l|\u2606SMDR\n|player|p1|\n|l|\u2606Moonlight410\n|player|p2|\n","uploadtime":1736750598,"views":281,"formatid":"gen9vgc2025regg","rating":1581,"private":0,"password":null}