{"id":"gen9vgc2025regg-2280109659","format":"[Gen 9] VGC 2025 Reg G","players":["jkimkim1","suiside sakana"],"log":"|j|\u2606jkimkim1\n|j|\u2606suiside sakana\n|t:|1736751800\n|gametype|doubles\n|player|p1|jkimkim1|swimmerf-gen4|1613\n|player|p2|suiside sakana|169|1628\n|teamsize|p1|6\n|teamsize|p2|6\n|gen|9\n|tier|[Gen 9] VGC 2025 Reg G\n|rated|\n|rule|Species Clause: Limit one of each Pok\u00e9mon\n|rule|Item Clause: Limit 1 of each item\n|clearpoke\n|poke|p1|Landorus-Therian, L50, M|\n|poke|p1|Miraidon, L50|\n|poke|p1|Cresselia, L50, F|\n|poke|p1|Tyranitar, L50, M|\n|poke|p1|Tornadus, L50, M|\n|poke|p1|Heatran, L50, F|\n|poke|p2|Koraidon, L50|\n|poke|p2|Garganacl, L50, F|\n|poke|p2|Flutter Mane, L50|\n|poke|p2|Indeedee-F, L50, F|\n|poke|p2|Ogerpon-Cornerstone, L50, F|\n|poke|p2|Raging Bolt, L50|\n|teampreview|4\n|inactive|Battle timer is ON: inactive players will automatically lose when time's up. (requested by jkimkim1)\n|inactive|jkimkim1 has 60 seconds left.\n|\n|t:|1736751839\n|start\n|switch|p1a: Joe johnson|Cresselia, L50, F, shiny|100\/100\n|switch|p1b: Jayson tatum|Miraidon, L50|100\/100\n|switch|p2a: Koraidon|Koraidon, L50|100\/100\n|switch|p2b: Flutter Mane|Flutter Mane, L50|100\/100\n|-fieldstart|move: Electric Terrain|[from] ability: Hadron Engine|[of] p1b: Jayson tatum\n|-weather|SunnyDay|[from] ability: Orichalcum Pulse|[of] p2a: Koraidon\n|-activate|p2b: Flutter Mane|ability: Protosynthesis\n|-start|p2b: Flutter Mane|protosynthesisspe\n|-activate|p2a: Koraidon|Orichalcum Pulse|[source]\n|turn|1\n|\n|t:|1736751861\n|switch|p2a: Indeedee|Indeedee-F, L50, F|100\/100\n|-fieldstart|move: Psychic Terrain|[from] ability: Psychic Surge|[of] p2a: Indeedee\n|-terastallize|p1b: Jayson tatum|Fairy\n|move|p1a: Joe johnson|Helping Hand|p1b: Jayson tatum\n|-singleturn|p1b: Jayson tatum|Helping Hand|[of] p1a: Joe johnson\n|move|p2b: Flutter Mane|Moonblast|p1b: Jayson tatum\n|-damage|p1b: Jayson tatum|38\/100\n|-unboost|p1b: Jayson tatum|spa|1\n|move|p1b: Jayson tatum|Dazzling Gleam|p2b: Flutter Mane|[spread] p2a,p2b\n|-damage|p2a: Indeedee|52\/100\n|-damage|p2b: Flutter Mane|49\/100\n|\n|-weather|SunnyDay|[upkeep]\n|upkeep\n|turn|2\n|inactive|suiside sakana has 30 seconds left.\n|\n|t:|1736751895\n|switch|p1b: Miami heatran|Heatran, L50, F|100\/100\n|switch|p2a: Raging Bolt|Raging Bolt, L50|100\/100\n|-activate|p2a: Raging Bolt|ability: Protosynthesis\n|-start|p2a: Raging Bolt|protosynthesisspa\n|move|p2b: Flutter Mane|Moonblast|p1b: Miami heatran\n|-resisted|p1b: Miami heatran\n|-crit|p1b: Miami heatran\n|-damage|p1b: Miami heatran|76\/100\n|move|p1a: Joe johnson|Trick Room|p1a: Joe johnson\n|-fieldstart|move: Trick Room|[of] p1a: Joe johnson\n|\n|-weather|SunnyDay|[upkeep]\n|upkeep\n|turn|3\n|\n|t:|1736751917\n|-end|p2b: Flutter Mane|Protosynthesis|[silent]\n|switch|p2b: Koraidon|Koraidon, L50|100\/100\n|-activate|p2b: Koraidon|ability: Orichalcum Pulse\n|move|p1b: Miami heatran|Heat Wave|p2a: Raging Bolt|[spread] p2a,p2b\n|-resisted|p2a: Raging Bolt\n|-resisted|p2b: Koraidon\n|-damage|p2a: Raging Bolt|67\/100\n|-damage|p2b: Koraidon|77\/100\n|move|p1a: Joe johnson|Ice Beam|p2a: Raging Bolt\n|-supereffective|p2a: Raging Bolt\n|-damage|p2a: Raging Bolt|28\/100\n|move|p2a: Raging Bolt|Thunderbolt|p1b: Miami heatran\n|-damage|p1b: Miami heatran|0 fnt\n|faint|p1b: Miami heatran\n|-damage|p2a: Raging Bolt|19\/100|[from] item: Life Orb\n|\n|-weather|SunnyDay|[upkeep]\n|upkeep\n|\n|t:|1736751932\n|switch|p1b: \uc74c\ub780\ub9c8\uae30|Tyranitar, L50, M|100\/100\n|-weather|Sandstorm|[from] ability: Sand Stream|[of] p1b: \uc74c\ub780\ub9c8\uae30\n|-end|p2a: Raging Bolt|Protosynthesis\n|turn|4\n|\n|t:|1736751953\n|move|p2a: Raging Bolt|Protect|p2a: Raging Bolt\n|-singleturn|p2a: Raging Bolt|Protect\n|move|p1b: \uc74c\ub780\ub9c8\uae30|Rock Slide|p2b: Koraidon|[spread] p2b\n|-activate|p2a: Raging Bolt|move: Protect\n|-resisted|p2b: Koraidon\n|-damage|p2b: Koraidon|64\/100\n|move|p1a: Joe johnson|Psychic|p2b: Koraidon\n|-supereffective|p2b: Koraidon\n|-damage|p2b: Koraidon|30\/100\n|move|p2b: Koraidon|Drain Punch|p1b: \uc74c\ub780\ub9c8\uae30\n|-supereffective|p1b: \uc74c\ub780\ub9c8\uae30\n|-damage|p1b: \uc74c\ub780\ub9c8\uae30|0 fnt\n|-heal|p2b: Koraidon|83\/100|[from] drain|[of] p1b: \uc74c\ub780\ub9c8\uae30\n|faint|p1b: \uc74c\ub780\ub9c8\uae30\n|\n|-weather|Sandstorm|[upkeep]\n|-damage|p1a: Joe johnson|95\/100|[from] Sandstorm\n|-damage|p2a: Raging Bolt|13\/100|[from] Sandstorm\n|-damage|p2b: Koraidon|77\/100|[from] Sandstorm\n|upkeep\n|\n|t:|1736751966\n|switch|p1b: Jayson tatum|Miraidon, L50, tera:Fairy|38\/100\n|-fieldstart|move: Electric Terrain|[from] ability: Hadron Engine|[of] p1b: Jayson tatum\n|turn|5\n|\n|t:|1736751980\n|move|p2a: Raging Bolt|Thunderclap|p1b: Jayson tatum\n|-damage|p1b: Jayson tatum|0 fnt\n|faint|p1b: Jayson tatum\n|-damage|p2a: Raging Bolt|3\/100|[from] item: Life Orb\n|move|p1a: Joe johnson|Ice Beam|p2a: Raging Bolt\n|-supereffective|p2a: Raging Bolt\n|-damage|p2a: Raging Bolt|0 fnt\n|faint|p2a: Raging Bolt\n|-end|p2a: Raging Bolt|Protosynthesis|[silent]\n|move|p2b: Koraidon|U-turn|p1a: Joe johnson\n|-supereffective|p1a: Joe johnson\n|-damage|p1a: Joe johnson|58\/100\n|-message|jkimkim1 forfeited.\n|\n|win|suiside sakana\n|raw|jkimkim1's rating: 1613 &rarr; <strong>1594<\/strong><br \/>(-19 for losing)\n|raw|suiside sakana's rating: 1628 &rarr; <strong>1647<\/strong><br \/>(+19 for winning)\n|l|\u2606jkimkim1\n|player|p1|\n|l|\u2606suiside sakana\n|player|p2|\n","uploadtime":1736752252,"views":32,"formatid":"gen9vgc2025regg","rating":1594,"private":0,"password":null}