{"id":"gen9vgc2025regg-2280143407","format":"[Gen 9] VGC 2025 Reg G","players":["Squ1dge_","grayrainvgc"],"log":"|j|\u2606Squ1dge_\n|j|\u2606grayrainvgc\n|t:|1736758762\n|gametype|doubles\n|player|p1|Squ1dge_|169|1646\n|player|p2|grayrainvgc|1|1597\n|teamsize|p1|6\n|teamsize|p2|6\n|gen|9\n|tier|[Gen 9] VGC 2025 Reg G\n|rated|\n|rule|Species Clause: Limit one of each Pok\u00e9mon\n|rule|Item Clause: Limit 1 of each item\n|clearpoke\n|poke|p1|Farigiraf, L50, F|\n|poke|p1|Regieleki, L50|\n|poke|p1|Landorus, L50, M|\n|poke|p1|Ogerpon-Cornerstone, L50, F|\n|poke|p1|Urshifu-*, L50, M|\n|poke|p1|Calyrex-Ice, L50|\n|poke|p2|Zamazenta-*, L50|\n|poke|p2|Flutter Mane, L50|\n|poke|p2|Raging Bolt, L50|\n|poke|p2|Chi-Yu, L50|\n|poke|p2|Tyranitar, L50, M|\n|poke|p2|Rillaboom, L50, F|\n|teampreview|4\n|inactive|Battle timer is ON: inactive players will automatically lose when time's up. (requested by Squ1dge_)\n|j| neiruu\n|inactive|grayrainvgc has 60 seconds left.\n|\n|t:|1736758800\n|start\n|switch|p1a: Farigiraf|Farigiraf, L50, F|100\/100\n|switch|p1b: Ogerpon|Ogerpon-Cornerstone, L50, F|100\/100\n|switch|p2a: Flutter Mane|Flutter Mane, L50|100\/100\n|switch|p2b: Chi-Yu|Chi-Yu, L50|100\/100\n|-ability|p2b: Chi-Yu|Beads of Ruin\n|-enditem|p2a: Flutter Mane|Booster Energy\n|-activate|p2a: Flutter Mane|ability: Protosynthesis|[fromitem]\n|-start|p2a: Flutter Mane|protosynthesisspe\n|turn|1\n|l| neiruu\n|j| neiruu\n|inactive|grayrainvgc has 30 seconds left.\n|\n|t:|1736758832\n|-end|p2a: Flutter Mane|Protosynthesis|[silent]\n|switch|p2a: Zamazenta|Zamazenta-Crowned, L50|100\/100\n|-ability|p2a: Zamazenta|Dauntless Shield|boost\n|-boost|p2a: Zamazenta|def|1\n|move|p1b: Ogerpon|Follow Me|p1b: Ogerpon\n|-singleturn|p1b: Ogerpon|move: Follow Me\n|move|p2b: Chi-Yu|Heat Wave|p1b: Ogerpon|[spread] p1b\n|-miss|p2b: Chi-Yu|p1a: Farigiraf\n|-damage|p1b: Ogerpon|46\/100\n|move|p1a: Farigiraf|Trick Room|p1a: Farigiraf\n|-fieldstart|move: Trick Room|[of] p1a: Farigiraf\n|\n|upkeep\n|turn|2\n|inactive|Squ1dge_ has 30 seconds left.\n|\n|t:|1736758866\n|move|p1b: Ogerpon|Follow Me|p1b: Ogerpon\n|-singleturn|p1b: Ogerpon|move: Follow Me\n|move|p1a: Farigiraf|Psychic|p2a: Zamazenta\n|-damage|p2a: Zamazenta|56\/100\n|move|p2a: Zamazenta|Body Press|p1b: Ogerpon\n|-supereffective|p1b: Ogerpon\n|-damage|p1b: Ogerpon|0 fnt\n|faint|p1b: Ogerpon\n|move|p2b: Chi-Yu|Heat Wave|p1a: Farigiraf\n|-damage|p1a: Farigiraf|35\/100\n|\n|upkeep\n|\n|t:|1736758879\n|switch|p1b: Landorus|Landorus, L50, M|100\/100\n|turn|3\n|\n|t:|1736758891\n|-terastallize|p2a: Zamazenta|Dragon\n|move|p1a: Farigiraf|Helping Hand|p1b: Landorus\n|-singleturn|p1b: Landorus|Helping Hand|[of] p1a: Farigiraf\n|move|p2a: Zamazenta|Wide Guard|p2a: Zamazenta\n|-singleturn|p2a: Zamazenta|Wide Guard\n|move|p1b: Landorus|Sandsear Storm|p2b: Chi-Yu|[spread] \n|-activate|p2a: Zamazenta|move: Wide Guard\n|-activate|p2b: Chi-Yu|move: Wide Guard\n|move|p2b: Chi-Yu|Heat Wave|p1b: Landorus|[spread] p1a,p1b\n|-damage|p1a: Farigiraf|0 fnt\n|-damage|p1b: Landorus|40\/100\n|faint|p1a: Farigiraf\n|\n|upkeep\n|l| neiruu\n|\n|t:|1736758907\n|switch|p1a: Calyrex|Calyrex-Ice, L50|100\/100\n|-ability|p1a: Calyrex|As One\n|-ability|p1a: Calyrex|Unnerve\n|turn|4\n|\n|t:|1736758924\n|switch|p2b: Flutter Mane|Flutter Mane, L50|100\/100\n|move|p2a: Zamazenta|Wide Guard|p2a: Zamazenta\n|-singleturn|p2a: Zamazenta|Wide Guard\n|move|p1a: Calyrex|Glacial Lance|p2a: Zamazenta|[spread] \n|-activate|p2a: Zamazenta|move: Wide Guard\n|-activate|p2b: Flutter Mane|move: Wide Guard\n|move|p1b: Landorus|Earth Power|p2b: Flutter Mane\n|-damage|p2b: Flutter Mane|39\/100\n|\n|upkeep\n|turn|5\n|\n|t:|1736758948\n|move|p2a: Zamazenta|Protect||[still]\n|-fail|p2a: Zamazenta\n|move|p2b: Flutter Mane|Protect|p2b: Flutter Mane\n|-singleturn|p2b: Flutter Mane|Protect\n|move|p1a: Calyrex|Glacial Lance|p2b: Flutter Mane|[spread] p2a\n|-activate|p2b: Flutter Mane|move: Protect\n|-supereffective|p2a: Zamazenta\n|-damage|p2a: Zamazenta|12\/100\n|move|p1b: Landorus|Earth Power|p2b: Flutter Mane\n|-activate|p2b: Flutter Mane|move: Protect\n|\n|-fieldend|move: Trick Room\n|upkeep\n|turn|6\n|inactive|Squ1dge_ has 30 seconds left.\n|\n|t:|1736758977\n|-terastallize|p1a: Calyrex|Water\n|move|p2b: Flutter Mane|Shadow Ball|p1a: Calyrex\n|-damage|p1a: Calyrex|73\/100\n|move|p2a: Zamazenta|Body Press|p1a: Calyrex\n|-damage|p1a: Calyrex|30\/100\n|move|p1b: Landorus|Earth Power|p2a: Zamazenta\n|-damage|p2a: Zamazenta|0 fnt\n|faint|p2a: Zamazenta\n|move|p1a: Calyrex|Glacial Lance|p2b: Flutter Mane\n|-damage|p2b: Flutter Mane|0 fnt\n|faint|p2b: Flutter Mane\n|-end|p2b: Flutter Mane|Protosynthesis|[silent]\n|-ability|p1a: Calyrex|Chilling Neigh|boost\n|-boost|p1a: Calyrex|atk|1\n|\n|upkeep\n|\n|t:|1736758991\n|switch|p2b: Tyranitar|Tyranitar, L50, M|100\/100\n|switch|p2a: Chi-Yu|Chi-Yu, L50|100\/100\n|-ability|p2a: Chi-Yu|Beads of Ruin\n|-weather|Sandstorm|[from] ability: Sand Stream|[of] p2b: Tyranitar\n|turn|7\n|\n|t:|1736759004\n|move|p1b: Landorus|Protect|p1b: Landorus\n|-singleturn|p1b: Landorus|Protect\n|move|p1a: Calyrex|Protect|p1a: Calyrex\n|-singleturn|p1a: Calyrex|Protect\n|move|p2a: Chi-Yu|Dark Pulse|p1b: Landorus\n|-activate|p1b: Landorus|move: Protect\n|move|p2b: Tyranitar|Knock Off|p1a: Calyrex\n|-activate|p1a: Calyrex|move: Protect\n|\n|-weather|Sandstorm|[upkeep]\n|-damage|p2a: Chi-Yu|94\/100|[from] Sandstorm\n|-damage|p1a: Calyrex|24\/100|[from] Sandstorm\n|upkeep\n|turn|8\n|\n|t:|1736759020\n|move|p1b: Landorus|Protect||[still]\n|-fail|p1b: Landorus\n|move|p2a: Chi-Yu|Dark Pulse|p1b: Landorus\n|-damage|p1b: Landorus|0 fnt\n|faint|p1b: Landorus\n|move|p2b: Tyranitar|Knock Off|p1a: Calyrex\n|-damage|p1a: Calyrex|0 fnt\n|-enditem|p1a: Calyrex|Clear Amulet|[from] move: Knock Off|[of] p2b: Tyranitar\n|faint|p1a: Calyrex\n|\n|win|grayrainvgc\n|raw|Squ1dge_'s rating: 1646 &rarr; <strong>1623<\/strong><br \/>(-23 for losing)\n|raw|grayrainvgc's rating: 1597 &rarr; <strong>1620<\/strong><br \/>(+23 for winning)\n|l|\u2606Squ1dge_\n|player|p1|\n|l|\u2606grayrainvgc\n|player|p2|\n","uploadtime":1736759335,"views":17,"formatid":"gen9vgc2025regg","rating":1620,"private":0,"password":null}