{"id":"gen9vgc2025regg-2280368372","format":"[Gen 9] VGC 2025 Reg G","players":["Angelo Neres","jkimkim1"],"log":"|j|\u2606Angelo Neres\n|j|\u2606jkimkim1\n|t:|1736789740\n|gametype|doubles\n|player|p1|Angelo Neres|2|1623\n|player|p2|jkimkim1|2|1679\n|teamsize|p1|6\n|teamsize|p2|6\n|gen|9\n|tier|[Gen 9] VGC 2025 Reg G\n|rated|\n|rule|Species Clause: Limit one of each Pok\u00e9mon\n|rule|Item Clause: Limit 1 of each item\n|clearpoke\n|poke|p1|Groudon, L50|\n|poke|p1|Moltres-Galar, L50|\n|poke|p1|Scream Tail, L50|\n|poke|p1|Grimmsnarl, L50, M|\n|poke|p1|Cobalion, L50|\n|poke|p1|Amoonguss, L50, M|\n|poke|p2|Landorus-Therian, L50, M|\n|poke|p2|Miraidon, L50|\n|poke|p2|Cresselia, L50, F|\n|poke|p2|Tyranitar, L50, M|\n|poke|p2|Tornadus, L50, M|\n|poke|p2|Heatran, L50, M|\n|teampreview|4\n|inactive|Battle timer is ON: inactive players will automatically lose when time's up. (requested by jkimkim1)\n|c|\u2606Angelo Neres|Coooool 2013\n|inactive|Angelo Neres has 60 seconds left.\n|inactive|jkimkim1 has 60 seconds left.\n|inactive|jkimkim1 has 30 seconds left.\n|inactive|Angelo Neres has 30 seconds left.\n|inactive|jkimkim1 has 20 seconds left.\n|\n|t:|1736789817\n|start\n|switch|p1a: Cobalion|Cobalion, L50, shiny|100\/100\n|switch|p1b: Grimmsnarl|Grimmsnarl, L50, M, shiny|100\/100\n|switch|p2a: Joe johnson|Cresselia, L50, F, shiny|100\/100\n|switch|p2b: Jayson tatum|Miraidon, L50|100\/100\n|-fieldstart|move: Electric Terrain|[from] ability: Hadron Engine|[of] p2b: Jayson tatum\n|turn|1\n|inactive|jkimkim1 has 30 seconds left.\n|\n|t:|1736789843\n|move|p1a: Cobalion|Protect|p1a: Cobalion\n|-singleturn|p1a: Cobalion|Protect\n|move|p1b: Grimmsnarl|Parting Shot|p2b: Jayson tatum\n|-unboost|p2b: Jayson tatum|atk|1\n|-unboost|p2b: Jayson tatum|spa|1\n|\n|t:|1736789848\n|switch|p1b: Groudon|Groudon, L50, shiny|100\/100|[from] Parting Shot\n|-weather|SunnyDay|[from] ability: Drought|[of] p1b: Groudon\n|move|p2b: Jayson tatum|Volt Switch|p1b: Groudon\n|-immune|p1b: Groudon\n|move|p2a: Joe johnson|Trick Room|p2a: Joe johnson\n|-fieldstart|move: Trick Room|[of] p2a: Joe johnson\n|\n|-weather|SunnyDay|[upkeep]\n|upkeep\n|turn|2\n|inactive|jkimkim1 has 30 seconds left.\n|\n|t:|1736789874\n|move|p2a: Joe johnson|Ice Beam|p1b: Groudon\n|-supereffective|p1b: Groudon\n|-damage|p1b: Groudon|75\/100\n|move|p1b: Groudon|Precipice Blades|p2a: Joe johnson|[spread] p2b\n|-immune|p2a: Joe johnson|[from] ability: Levitate\n|-supereffective|p2b: Jayson tatum\n|-damage|p2b: Jayson tatum|0 fnt\n|faint|p2b: Jayson tatum\n|move|p1a: Cobalion|Stealth Rock|p2a: Joe johnson\n|-sidestart|p2: jkimkim1|move: Stealth Rock\n|\n|-weather|SunnyDay|[upkeep]\n|upkeep\n|\n|t:|1736789886\n|switch|p2b: Miami heatran|Heatran, L50, M|100\/100\n|-damage|p2b: Miami heatran|88\/100|[from] Stealth Rock\n|turn|3\n|\n|t:|1736789907\n|switch|p1a: Grimmsnarl|Grimmsnarl, L50, M, shiny|100\/100\n|-terastallize|p2b: Miami heatran|Grass\n|-terastallize|p1b: Groudon|Fire\n|move|p2a: Joe johnson|Helping Hand|p2b: Miami heatran\n|-singleturn|p2b: Miami heatran|Helping Hand|[of] p2a: Joe johnson\n|move|p2b: Miami heatran|Heat Wave|p1b: Groudon|[spread] p1a,p1b\n|-resisted|p1b: Groudon\n|-damage|p1a: Grimmsnarl|0 fnt\n|-damage|p1b: Groudon|38\/100\n|faint|p1a: Grimmsnarl\n|move|p1b: Groudon|Heat Crash|p2a: Joe johnson\n|-damage|p2a: Joe johnson|22\/100\n|-enditem|p2a: Joe johnson|Sitrus Berry|[eat]\n|-heal|p2a: Joe johnson|46\/100|[from] item: Sitrus Berry\n|\n|-weather|SunnyDay|[upkeep]\n|upkeep\n|\n|t:|1736789932\n|switch|p1a: Moltres|Moltres-Galar, L50, shiny|100\/100\n|turn|4\n|\n|t:|1736789943\n|move|p2a: Joe johnson|Helping Hand|p2b: Miami heatran\n|-singleturn|p2b: Miami heatran|Helping Hand|[of] p2a: Joe johnson\n|move|p1a: Moltres|Protect|p1a: Moltres\n|-singleturn|p1a: Moltres|Protect\n|move|p2b: Miami heatran|Heat Wave|p1a: Moltres|[spread] p1b\n|-activate|p1a: Moltres|move: Protect\n|-resisted|p1b: Groudon\n|-damage|p1b: Groudon|3\/100\n|move|p1b: Groudon|Heat Crash|p2a: Joe johnson\n|-crit|p2a: Joe johnson\n|-damage|p2a: Joe johnson|0 fnt\n|faint|p2a: Joe johnson\n|\n|-weather|SunnyDay|[upkeep]\n|upkeep\n|\n|t:|1736789956\n|switch|p2a: \uc74c\ub780\ub9c8\uae30|Tyranitar, L50, M|100\/100\n|-damage|p2a: \uc74c\ub780\ub9c8\uae30|88\/100|[from] Stealth Rock\n|-weather|Sandstorm|[from] ability: Sand Stream|[of] p2a: \uc74c\ub780\ub9c8\uae30\n|turn|5\n|\n|t:|1736789966\n|switch|p1a: Cobalion|Cobalion, L50, shiny|100\/100\n|move|p2a: \uc74c\ub780\ub9c8\uae30|Rock Slide|p1a: Cobalion|[spread] p1b\n|-miss|p2a: \uc74c\ub780\ub9c8\uae30|p1a: Cobalion\n|-supereffective|p1b: Groudon\n|-damage|p1b: Groudon|0 fnt\n|faint|p1b: Groudon\n|move|p2b: Miami heatran|Heat Wave|p1a: Cobalion\n|-supereffective|p1a: Cobalion\n|-damage|p1a: Cobalion|0 fnt\n|faint|p1a: Cobalion\n|\n|-weather|Sandstorm|[upkeep]\n|-damage|p2b: Miami heatran|82\/100|[from] Sandstorm\n|-fieldend|move: Trick Room\n|-fieldend|move: Electric Terrain\n|upkeep\n|\n|t:|1736789978\n|switch|p1b: Moltres|Moltres-Galar, L50, shiny|100\/100\n|turn|6\n|\n|t:|1736789988\n|move|p1b: Moltres|Fiery Wrath|p2a: \uc74c\ub780\ub9c8\uae30|[spread] p2a,p2b\n|-resisted|p2a: \uc74c\ub780\ub9c8\uae30\n|-damage|p2a: \uc74c\ub780\ub9c8\uae30|81\/100\n|-damage|p2b: Miami heatran|58\/100\n|cant|p2b: Miami heatran|flinch\n|move|p2a: \uc74c\ub780\ub9c8\uae30|Rock Slide|p1b: Moltres\n|-supereffective|p1b: Moltres\n|-damage|p1b: Moltres|21\/100\n|-ability|p1b: Moltres|Berserk|boost\n|-boost|p1b: Moltres|spa|1\n|-enditem|p1b: Moltres|Sitrus Berry|[eat]\n|-heal|p1b: Moltres|46\/100|[from] item: Sitrus Berry\n|\n|-weather|Sandstorm|[upkeep]\n|-damage|p1b: Moltres|40\/100|[from] Sandstorm\n|-damage|p2b: Miami heatran|52\/100|[from] Sandstorm\n|upkeep\n|turn|7\n|\n|t:|1736790002\n|move|p1b: Moltres|Air Slash|p2b: Miami heatran\n|-supereffective|p2b: Miami heatran\n|-damage|p2b: Miami heatran|0 fnt\n|faint|p2b: Miami heatran\n|move|p2a: \uc74c\ub780\ub9c8\uae30|Rock Slide|p1b: Moltres\n|-supereffective|p1b: Moltres\n|-damage|p1b: Moltres|0 fnt\n|faint|p1b: Moltres\n|\n|win|jkimkim1\n|raw|Angelo Neres's rating: 1623 &rarr; <strong>1606<\/strong><br \/>(-17 for losing)\n|raw|jkimkim1's rating: 1679 &rarr; <strong>1696<\/strong><br \/>(+17 for winning)\n|c|\u2606Angelo Neres|Gg wp\n|l|\u2606Angelo Neres\n|player|p1|\n","uploadtime":1736790203,"views":15,"formatid":"gen9vgc2025regg","rating":1606,"private":0,"password":null}