{"id":"gen9vgc2025regg-2280284397","format":"[Gen 9] VGC 2025 Reg G","players":["roykeenkennedy","PokemonmasterN2009"],"log":"|j|\u2606roykeenkennedy\n|j|\u2606PokemonmasterN2009\n|t:|1736780880\n|gametype|doubles\n|player|p1|roykeenkennedy|alder|1570\n|player|p2|PokemonmasterN2009|steven|1580\n|teamsize|p1|6\n|teamsize|p2|6\n|gen|9\n|tier|[Gen 9] VGC 2025 Reg G\n|rated|\n|rule|Species Clause: Limit one of each Pok\u00e9mon\n|rule|Item Clause: Limit 1 of each item\n|clearpoke\n|poke|p1|Amoonguss, L50, M|\n|poke|p1|Calyrex-Ice, L50|\n|poke|p1|Annihilape, L50, F|\n|poke|p1|Farigiraf, L50, F|\n|poke|p1|Incineroar, L50, F|\n|poke|p1|Grimmsnarl, L50, M|\n|poke|p2|Torkoal, L50, M|\n|poke|p2|Farigiraf, L50, M|\n|poke|p2|Ogerpon-Cornerstone, L50, F|\n|poke|p2|Regidrago, L50|\n|poke|p2|Alcremie, L50, F|\n|poke|p2|Calyrex-Ice, L50|\n|teampreview|4\n|inactive|Battle timer is ON: inactive players will automatically lose when time's up. (requested by PokemonmasterN2009)\n|inactive|roykeenkennedy has 60 seconds left.\n|\n|t:|1736780915\n|start\n|switch|p1a: Farigiraf|Farigiraf, L50, F|100\/100\n|switch|p1b: Grimmsnarl|Grimmsnarl, L50, M|100\/100\n|switch|p2a: Ogerpon|Ogerpon-Cornerstone, L50, F|100\/100\n|switch|p2b: Calyrex|Calyrex-Ice, L50|100\/100\n|-ability|p2b: Calyrex|As One\n|-ability|p2b: Calyrex|Unnerve\n|turn|1\n|\n|t:|1736780937\n|move|p2a: Ogerpon|Follow Me|p2a: Ogerpon\n|-singleturn|p2a: Ogerpon|move: Follow Me\n|move|p1b: Grimmsnarl|Reflect|p1b: Grimmsnarl\n|-sidestart|p1: roykeenkennedy|Reflect\n|move|p1a: Farigiraf|Imprison|p1a: Farigiraf\n|-start|p1a: Farigiraf|move: Imprison\n|cant|p2b: Calyrex|move: Imprison|Trick Room\n|\n|upkeep\n|turn|2\n|j| lemonlord331\n|inactive|PokemonmasterN2009 has 30 seconds left.\n|inactive|PokemonmasterN2009 has 20 seconds left.\n|\n|t:|1736780977\n|move|p2a: Ogerpon|Ivy Cudgel|p1b: Grimmsnarl|[anim] Ivy Cudgel Rock\n|-damage|p1b: Grimmsnarl|54\/100\n|move|p1a: Farigiraf|Hyper Voice|p2b: Calyrex|[spread] p2a,p2b\n|-resisted|p2a: Ogerpon\n|-damage|p2a: Ogerpon|82\/100\n|-damage|p2b: Calyrex|78\/100\n|-enditem|p1a: Farigiraf|Throat Spray\n|-boost|p1a: Farigiraf|spa|1|[from] item: Throat Spray\n|move|p1b: Grimmsnarl|Foul Play|p2b: Calyrex\n|-supereffective|p2b: Calyrex\n|-damage|p2b: Calyrex|0 fnt\n|faint|p2b: Calyrex\n|\n|upkeep\n|\n|t:|1736780984\n|switch|p2b: Torkoal|Torkoal, L50, M, shiny|100\/100\n|-weather|SunnyDay|[from] ability: Drought|[of] p2b: Torkoal\n|turn|3\n|\n|t:|1736781002\n|move|p1b: Grimmsnarl|Light Screen|p1b: Grimmsnarl\n|-sidestart|p1: roykeenkennedy|move: Light Screen\n|move|p2a: Ogerpon|Ivy Cudgel|p1a: Farigiraf|[anim] Ivy Cudgel Rock\n|-damage|p1a: Farigiraf|63\/100\n|move|p1a: Farigiraf|Hyper Voice|p2a: Ogerpon|[spread] p2a,p2b\n|-resisted|p2a: Ogerpon\n|-damage|p2a: Ogerpon|56\/100\n|-damage|p2b: Torkoal|44\/100\n|move|p2b: Torkoal|Heat Wave|p1b: Grimmsnarl|[spread] p1a\n|-miss|p2b: Torkoal|p1b: Grimmsnarl\n|-damage|p1a: Farigiraf|26\/100\n|\n|-weather|SunnyDay|[upkeep]\n|upkeep\n|turn|4\n|l| lemonlord331\n|\n|t:|1736781024\n|switch|p2b: Farigiraf|Farigiraf, L50, M|100\/100\n|move|p2a: Ogerpon|Wood Hammer|p1a: Farigiraf\n|-damage|p1a: Farigiraf|0 fnt\n|faint|p1a: Farigiraf\n|-damage|p2a: Ogerpon|45\/100|[from] Recoil\n|move|p1b: Grimmsnarl|Foul Play|p2a: Ogerpon\n|-damage|p2a: Ogerpon|0 fnt\n|faint|p2a: Ogerpon\n|\n|-weather|SunnyDay|[upkeep]\n|upkeep\n|\n|t:|1736781039\n|switch|p2a: Torkoal|Torkoal, L50, M, shiny|44\/100\n|switch|p1a: Annihilape|Annihilape, L50, F|100\/100\n|turn|5\n|l|\u2606roykeenkennedy\n|inactive|roykeenkennedy disconnected and has a minute to reconnect!\n|player|p1|\n|j|\u2606roykeenkennedy\n|inactive|roykeenkennedy reconnected and has 40 seconds left.\n|player|p1|roykeenkennedy|alder|\n|\n|t:|1736781063\n|move|p2a: Torkoal|Protect|p2a: Torkoal\n|-singleturn|p2a: Torkoal|Protect\n|move|p1a: Annihilape|Final Gambit|p2b: Farigiraf\n|-damage|p2b: Farigiraf|0 fnt\n|faint|p1a: Annihilape\n|faint|p2b: Farigiraf\n|move|p1b: Grimmsnarl|Foul Play|p2a: Torkoal\n|-activate|p2a: Torkoal|move: Protect\n|\n|-weather|SunnyDay|[upkeep]\n|upkeep\n|-message|PokemonmasterN2009 forfeited.\n|\n|win|roykeenkennedy\n|raw|roykeenkennedy's rating: 1570 &rarr; <strong>1591<\/strong><br \/>(+21 for winning)\n|raw|PokemonmasterN2009's rating: 1580 &rarr; <strong>1559<\/strong><br \/>(-21 for losing)\n|l|\u2606PokemonmasterN2009\n|player|p2|\n|l|\u2606roykeenkennedy\n|player|p1|\n","uploadtime":1736781216,"views":12,"formatid":"gen9vgc2025regg","rating":1559,"private":0,"password":null}