{"id":"gen9vgc2025regg-2280210291","format":"[Gen 9] VGC 2025 Reg G","players":["Anna giacristo","massan2580"],"log":"|j|\u2606Anna giacristo\n|j|\u2606massan2580\n|t:|1736771122\n|gametype|doubles\n|player|p1|Anna giacristo|169|1566\n|player|p2|massan2580|2|1515\n|teamsize|p1|6\n|teamsize|p2|6\n|gen|9\n|tier|[Gen 9] VGC 2025 Reg G\n|rated|\n|rule|Species Clause: Limit one of each Pok\u00e9mon\n|rule|Item Clause: Limit 1 of each item\n|clearpoke\n|poke|p1|Calyrex-Shadow, L50|\n|poke|p1|Mienshao, L50, F|\n|poke|p1|Dondozo, L50, M|\n|poke|p1|Tatsugiri-Droopy, L50, M|\n|poke|p1|Weezing-Galar, L50, F|\n|poke|p1|Clefairy, L50, F|\n|poke|p2|Calyrex-Shadow, L50|\n|poke|p2|Grimmsnarl, L50, M|\n|poke|p2|Clefairy, L50, M|\n|poke|p2|Rillaboom, L50, F|\n|poke|p2|Chien-Pao, L50|\n|poke|p2|Dragonite, L50, M|\n|teampreview|4\n|inactive|Battle timer is ON: inactive players will automatically lose when time's up. (requested by massan2580)\n|\n|t:|1736771165\n|start\n|switch|p1a: Mienshao|Mienshao, L50, F, shiny|100\/100\n|switch|p1b: Calyrex|Calyrex-Shadow, L50|100\/100\n|switch|p2a: Dragonite|Dragonite, L50, M|100\/100\n|switch|p2b: Chien-Pao|Chien-Pao, L50|100\/100\n|-ability|p1b: Calyrex|As One\n|-ability|p1b: Calyrex|Unnerve\n|-ability|p2b: Chien-Pao|Sword of Ruin\n|turn|1\n|\n|t:|1736771186\n|-terastallize|p1b: Calyrex|Ghost\n|-terastallize|p2a: Dragonite|Normal\n|move|p1a: Mienshao|Feint|p2b: Chien-Pao\n|-damage|p2b: Chien-Pao|86\/100\n|move|p1b: Calyrex|Astral Barrage|p2a: Dragonite|[spread] p2b\n|-immune|p2a: Dragonite\n|-resisted|p2b: Chien-Pao\n|-damage|p2b: Chien-Pao|0 fnt\n|faint|p2b: Chien-Pao\n|-ability|p1b: Calyrex|Grim Neigh|boost\n|-boost|p1b: Calyrex|spa|1\n|move|p2a: Dragonite|Tailwind|p2a: Dragonite\n|-sidestart|p2: massan2580|move: Tailwind\n|\n|upkeep\n|\n|t:|1736771195\n|switch|p2b: Calyrex|Calyrex-Shadow, L50|100\/100\n|-ability|p2b: Calyrex|As One\n|-ability|p2b: Calyrex|Unnerve\n|turn|2\n|\n|t:|1736771209\n|move|p1a: Mienshao|Wide Guard|p1a: Mienshao\n|-singleturn|p1a: Mienshao|Wide Guard\n|move|p2b: Calyrex|Giga Drain|p1b: Calyrex\n|-damage|p1b: Calyrex|75\/100\n|move|p2a: Dragonite|Scale Shot|p1b: Calyrex\n|-damage|p1b: Calyrex|58\/100\n|-damage|p1b: Calyrex|42\/100\n|-damage|p1b: Calyrex|24\/100\n|-damage|p1b: Calyrex|8\/100\n|-damage|p1b: Calyrex|0 fnt\n|faint|p1b: Calyrex\n|-hitcount|p1: Calyrex|5\n|-unboost|p2a: Dragonite|def|1\n|-boost|p2a: Dragonite|spe|1\n|\n|upkeep\n|\n|t:|1736771228\n|switch|p1b: Dondozo|Dondozo, L50, M, shiny|100\/100\n|turn|3\n|l|\u2606Anna giacristo\n|inactive|Anna giacristo disconnected and has a minute to reconnect!\n|player|p1|\n|inactive|Anna giacristo has 30 seconds left.\n|inactive|Anna giacristo has 20 seconds left.\n|inactive|Anna giacristo has 15 seconds left.\n|inactive|Anna giacristo has 10 seconds left.\n|j|\u2606Anna giacristo\n|inactive|Anna giacristo reconnected and has 10 seconds left.\n|player|p1|Anna giacristo|169|\n|inactive|Anna giacristo has 5 seconds left.\n|\n|t:|1736771281\n|move|p1b: Dondozo|Protect|p1b: Dondozo\n|-singleturn|p1b: Dondozo|Protect\n|move|p2b: Calyrex|Giga Drain|p1a: Mienshao\n|-damage|p1a: Mienshao|50\/100\n|move|p2a: Dragonite|Scale Shot|p1a: Mienshao\n|-damage|p1a: Mienshao|23\/100\n|-damage|p1a: Mienshao|0 fnt\n|faint|p1a: Mienshao\n|-hitcount|p1: Mienshao|2\n|-unboost|p2a: Dragonite|def|1\n|-boost|p2a: Dragonite|spe|1\n|\n|upkeep\n|\n|t:|1736771289\n|switch|p1a: Tatsugiri|Tatsugiri-Droopy, L50, M|100\/100\n|-activate|p1a: Tatsugiri|ability: Commander|[of] p1b: Dondozo\n|-boost|p1b: Dondozo|atk|2\n|-boost|p1b: Dondozo|spa|2\n|-boost|p1b: Dondozo|spe|2\n|-boost|p1b: Dondozo|def|2\n|-boost|p1b: Dondozo|spd|2\n|turn|4\n|\n|t:|1736771311\n|move|p2a: Dragonite|Scale Shot|p1b: Dondozo\n|-damage|p1b: Dondozo|97\/100\n|-damage|p1b: Dondozo|93\/100\n|-damage|p1b: Dondozo|89\/100\n|-damage|p1b: Dondozo|85\/100\n|-hitcount|p1b: Dondozo|4\n|-unboost|p2a: Dragonite|def|1\n|-boost|p2a: Dragonite|spe|1\n|move|p2b: Calyrex|Giga Drain|p1b: Dondozo\n|-supereffective|p1b: Dondozo\n|-damage|p1b: Dondozo|57\/100\n|move|p1b: Dondozo|Body Press|p2a: Dragonite\n|-supereffective|p2a: Dragonite\n|-damage|p2a: Dragonite|0 fnt\n|faint|p2a: Dragonite\n|\n|-heal|p1b: Dondozo|63\/100|[from] item: Leftovers\n|-sideend|p2: massan2580|move: Tailwind\n|upkeep\n|\n|t:|1736771325\n|switch|p2a: Rillaboom|Rillaboom, L50, F|100\/100\n|-fieldstart|move: Grassy Terrain|[from] ability: Grassy Surge|[of] p2a: Rillaboom\n|turn|5\n|\n|t:|1736771339\n|move|p2a: Rillaboom|Fake Out|p1b: Dondozo\n|-damage|p1b: Dondozo|59\/100\n|move|p2b: Calyrex|Giga Drain|p1b: Dondozo\n|-supereffective|p1b: Dondozo\n|-damage|p1b: Dondozo|27\/100\n|cant|p1b: Dondozo|flinch\n|\n|-heal|p1b: Dondozo|33\/100|[from] Grassy Terrain\n|-heal|p1b: Dondozo|39\/100|[from] item: Leftovers\n|upkeep\n|turn|6\n|\n|t:|1736771346\n|move|p1b: Dondozo|Protect|p1b: Dondozo\n|-singleturn|p1b: Dondozo|Protect\n|move|p2a: Rillaboom|Grassy Glide|p1b: Dondozo\n|-activate|p1b: Dondozo|move: Protect\n|move|p2b: Calyrex|Giga Drain|p1b: Dondozo\n|-activate|p1b: Dondozo|move: Protect\n|\n|-heal|p1b: Dondozo|46\/100|[from] Grassy Terrain\n|-heal|p1b: Dondozo|52\/100|[from] item: Leftovers\n|upkeep\n|turn|7\n|\n|t:|1736771363\n|move|p2a: Rillaboom|Grassy Glide|p1b: Dondozo\n|-supereffective|p1b: Dondozo\n|-damage|p1b: Dondozo|31\/100\n|move|p2b: Calyrex|Giga Drain|p1b: Dondozo\n|-supereffective|p1b: Dondozo\n|-damage|p1b: Dondozo|0 fnt\n|faint|p1b: Dondozo\n|-ability|p2b: Calyrex|Grim Neigh|boost\n|-boost|p2b: Calyrex|spa|1\n|\n|upkeep\n|turn|8\n|-message|Anna giacristo forfeited.\n|\n|win|massan2580\n|raw|Anna giacristo's rating: 1566 &rarr; <strong>1543<\/strong><br \/>(-23 for losing)\n|raw|massan2580's rating: 1515 &rarr; <strong>1538<\/strong><br \/>(+23 for winning)\n|l|\u2606Anna giacristo\n|player|p1|\n|l|\u2606massan2580\n|player|p2|\n","uploadtime":1736771592,"views":26,"formatid":"gen9vgc2025regg","rating":1538,"private":0,"password":null}