{"id":"gen9vgc2025regg-2280119872","format":"[Gen 9] VGC 2025 Reg G","players":["grayrainvgc","Zyros Phade"],"log":"|j|\u2606grayrainvgc\n|j|\u2606Zyros Phade\n|t:|1736754000\n|gametype|doubles\n|player|p1|grayrainvgc|1|1575\n|player|p2|Zyros Phade|102|1527\n|teamsize|p1|6\n|teamsize|p2|6\n|gen|9\n|tier|[Gen 9] VGC 2025 Reg G\n|rated|\n|rule|Species Clause: Limit one of each Pok\u00e9mon\n|rule|Item Clause: Limit 1 of each item\n|clearpoke\n|poke|p1|Zamazenta-*, L50|\n|poke|p1|Flutter Mane, L50|\n|poke|p1|Raging Bolt, L50|\n|poke|p1|Chi-Yu, L50|\n|poke|p1|Tyranitar, L50, F|\n|poke|p1|Rillaboom, L50, M|\n|poke|p2|Urshifu-*, L50, M|\n|poke|p2|Kyogre, L50|\n|poke|p2|Iron Hands, L50|\n|poke|p2|Baxcalibur, L50, M|\n|poke|p2|Indeedee-F, L50, F|\n|poke|p2|Murkrow, L50, M|\n|teampreview|4\n|\n|t:|1736754032\n|start\n|switch|p1a: Zamazenta|Zamazenta-Crowned, L50|100\/100\n|switch|p1b: Flutter Mane|Flutter Mane, L50|100\/100\n|switch|p2a: Urshifu|Urshifu-Rapid-Strike, L50, M|100\/100\n|switch|p2b: Murkrow|Murkrow, L50, M|100\/100\n|-ability|p1a: Zamazenta|Dauntless Shield|boost\n|-boost|p1a: Zamazenta|def|1\n|-enditem|p1b: Flutter Mane|Booster Energy\n|-activate|p1b: Flutter Mane|ability: Protosynthesis|[fromitem]\n|-start|p1b: Flutter Mane|protosynthesisspe\n|turn|1\n|\n|t:|1736754046\n|-terastallize|p1b: Flutter Mane|Grass\n|-terastallize|p2a: Urshifu|Grass\n|move|p2b: Murkrow|Tailwind|p2b: Murkrow\n|-sidestart|p2: Zyros Phade|move: Tailwind\n|move|p2a: Urshifu|Surging Strikes|p1b: Flutter Mane\n|-resisted|p1b: Flutter Mane\n|-crit|p1b: Flutter Mane\n|-damage|p1b: Flutter Mane|81\/100\n|-resisted|p1b: Flutter Mane\n|-crit|p1b: Flutter Mane\n|-damage|p1b: Flutter Mane|62\/100\n|-resisted|p1b: Flutter Mane\n|-crit|p1b: Flutter Mane\n|-damage|p1b: Flutter Mane|44\/100\n|-hitcount|p1b: Flutter Mane|3\n|move|p1b: Flutter Mane|Moonblast|p2b: Murkrow\n|-supereffective|p2b: Murkrow\n|-enditem|p2b: Murkrow|Focus Sash\n|-damage|p2b: Murkrow|1\/100\n|-unboost|p2b: Murkrow|spa|1\n|move|p1a: Zamazenta|Body Press|p2a: Urshifu\n|-damage|p2a: Urshifu|22\/100\n|\n|upkeep\n|turn|2\n|\n|t:|1736754069\n|move|p2b: Murkrow|Haze|p2b: Murkrow\n|-clearallboost\n|move|p2a: Urshifu|Surging Strikes|p1b: Flutter Mane\n|-resisted|p1b: Flutter Mane\n|-crit|p1b: Flutter Mane\n|-damage|p1b: Flutter Mane|25\/100\n|-resisted|p1b: Flutter Mane\n|-crit|p1b: Flutter Mane\n|-damage|p1b: Flutter Mane|6\/100\n|-resisted|p1b: Flutter Mane\n|-crit|p1b: Flutter Mane\n|-damage|p1b: Flutter Mane|0 fnt\n|faint|p1b: Flutter Mane\n|-end|p1b: Flutter Mane|Protosynthesis|[silent]\n|-hitcount|p1: Flutter Mane|3\n|move|p1a: Zamazenta|Body Press|p2a: Urshifu\n|-damage|p2a: Urshifu|0 fnt\n|faint|p2a: Urshifu\n|\n|upkeep\n|\n|t:|1736754085\n|switch|p1b: Raging Bolt|Raging Bolt, L50|100\/100\n|switch|p2a: Kyogre|Kyogre, L50, shiny|100\/100\n|-weather|RainDance|[from] ability: Drizzle|[of] p2a: Kyogre\n|turn|3\n|\n|t:|1736754096\n|switch|p2b: Indeedee|Indeedee-F, L50, F|100\/100\n|-fieldstart|move: Psychic Terrain|[from] ability: Psychic Surge|[of] p2b: Indeedee\n|move|p1a: Zamazenta|Wide Guard|p1a: Zamazenta\n|-singleturn|p1a: Zamazenta|Wide Guard\n|move|p2a: Kyogre|Ice Beam|p1b: Raging Bolt\n|-supereffective|p1b: Raging Bolt\n|-damage|p1b: Raging Bolt|0 fnt\n|faint|p1b: Raging Bolt\n|-end|p1b: Raging Bolt|Protosynthesis|[silent]\n|\n|-weather|RainDance|[upkeep]\n|upkeep\n|\n|t:|1736754105\n|switch|p1b: Rillaboom|Rillaboom, L50, M|100\/100\n|-fieldstart|move: Grassy Terrain|[from] ability: Grassy Surge|[of] p1b: Rillaboom\n|turn|4\n|\n|t:|1736754119\n|move|p1b: Rillaboom|Fake Out|p2a: Kyogre\n|-damage|p2a: Kyogre|84\/100\n|move|p2b: Indeedee|Follow Me|p2b: Indeedee\n|-singleturn|p2b: Indeedee|move: Follow Me\n|cant|p2a: Kyogre|flinch\n|move|p1a: Zamazenta|Body Press|p2b: Indeedee\n|-damage|p2b: Indeedee|49\/100\n|-damage|p1a: Zamazenta|84\/100|[from] item: Rocky Helmet|[of] p2b: Indeedee\n|\n|-weather|RainDance|[upkeep]\n|-heal|p2a: Kyogre|91\/100|[from] Grassy Terrain\n|-heal|p1a: Zamazenta|90\/100|[from] Grassy Terrain\n|-heal|p2b: Indeedee|55\/100|[from] Grassy Terrain\n|-sideend|p2: Zyros Phade|move: Tailwind\n|upkeep\n|turn|5\n|j| dajerkk\n|\n|t:|1736754145\n|move|p2b: Indeedee|Helping Hand|p2a: Kyogre\n|-singleturn|p2a: Kyogre|Helping Hand|[of] p2b: Indeedee\n|move|p1a: Zamazenta|Body Press|p2b: Indeedee\n|-damage|p2b: Indeedee|3\/100\n|-damage|p1a: Zamazenta|74\/100|[from] item: Rocky Helmet|[of] p2b: Indeedee\n|move|p2a: Kyogre|Ice Beam|p1b: Rillaboom\n|-supereffective|p1b: Rillaboom\n|-damage|p1b: Rillaboom|0 fnt\n|faint|p1b: Rillaboom\n|\n|-weather|RainDance|[upkeep]\n|-heal|p1a: Zamazenta|80\/100|[from] Grassy Terrain\n|-heal|p2a: Kyogre|97\/100|[from] Grassy Terrain\n|-heal|p2b: Indeedee|9\/100|[from] Grassy Terrain\n|upkeep\n|turn|6\n|\n|t:|1736754158\n|switch|p2a: Murkrow|Murkrow, L50, M|1\/100\n|move|p2b: Indeedee|Follow Me|p2b: Indeedee\n|-singleturn|p2b: Indeedee|move: Follow Me\n|move|p1a: Zamazenta|Body Press|p2b: Indeedee\n|-damage|p2b: Indeedee|0 fnt\n|-damage|p1a: Zamazenta|64\/100|[from] item: Rocky Helmet|[of] p2b: Indeedee\n|faint|p2b: Indeedee\n|\n|-weather|RainDance|[upkeep]\n|-heal|p1a: Zamazenta|70\/100|[from] Grassy Terrain\n|upkeep\n|\n|t:|1736754164\n|switch|p2b: Kyogre|Kyogre, L50, shiny|97\/100\n|turn|7\n|-message|grayrainvgc forfeited.\n|\n|win|Zyros Phade\n|raw|grayrainvgc's rating: 1575 &rarr; <strong>1552<\/strong><br \/>(-23 for losing)\n|raw|Zyros Phade's rating: 1527 &rarr; <strong>1550<\/strong><br \/>(+23 for winning)\n|l|\u2606grayrainvgc\n|player|p1|\n|l|\u2606Zyros Phade\n|player|p2|\n|l| dajerkk\n","uploadtime":1736754320,"views":9,"formatid":"gen9vgc2025regg","rating":1550,"private":0,"password":null}