{"id":"gen9vgc2025regg-2280864487","format":"[Gen 9] VGC 2025 Reg G","players":["Fehuo","navinsachump"],"log":"|j|\u2606Fehuo\n|j|\u2606navinsachump\n|t:|1736857612\n|gametype|doubles\n|player|p1|Fehuo|cynthia-gen4|1611\n|player|p2|navinsachump|2|1685\n|teamsize|p1|6\n|teamsize|p2|6\n|gen|9\n|tier|[Gen 9] VGC 2025 Reg G\n|rated|\n|rule|Species Clause: Limit one of each Pok\u00e9mon\n|rule|Item Clause: Limit 1 of each item\n|clearpoke\n|poke|p1|Calyrex-Ice, L50|\n|poke|p1|Raging Bolt, L50|\n|poke|p1|Urshifu-*, L50, M|\n|poke|p1|Ogerpon-Hearthflame, L50, F|\n|poke|p1|Rillaboom, L50, F|\n|poke|p1|Indeedee-F, L50, F|\n|poke|p2|Miraidon, L50|\n|poke|p2|Whimsicott, L50, F|\n|poke|p2|Iron Leaves, L50|\n|poke|p2|Urshifu-*, L50, M|\n|poke|p2|Incineroar, L50, F|\n|poke|p2|Iron Hands, L50|\n|teampreview|4\n|inactive|Battle timer is ON: inactive players will automatically lose when time's up. (requested by Fehuo)\n|j| xiaolongH\n|inactive|Fehuo has 60 seconds left.\n|\n|t:|1736857647\n|start\n|switch|p1a: Calyrex|Calyrex-Ice, L50|100\/100\n|switch|p1b: Indeedee|Indeedee-F, L50, F|100\/100\n|switch|p2a: Iron Hands|Iron Hands, L50|100\/100\n|switch|p2b: Miraidon|Miraidon, L50|100\/100\n|-ability|p1a: Calyrex|As One\n|-ability|p1a: Calyrex|Unnerve\n|-fieldstart|move: Electric Terrain|[from] ability: Hadron Engine|[of] p2b: Miraidon\n|-activate|p2a: Iron Hands|ability: Quark Drive\n|-start|p2a: Iron Hands|quarkdriveatk\n|-enditem|p2a: Iron Hands|Electric Seed\n|-boost|p2a: Iron Hands|def|1|[from] item: Electric Seed\n|-fieldstart|move: Psychic Terrain|[from] ability: Psychic Surge|[of] p1b: Indeedee\n|-end|p2a: Iron Hands|Quark Drive\n|turn|1\n|inactive|navinsachump has 30 seconds left.\n|inactive|navinsachump has 20 seconds left.\n|\n|t:|1736857683\n|move|p1b: Indeedee|Follow Me|p1b: Indeedee\n|-singleturn|p1b: Indeedee|move: Follow Me\n|move|p2b: Miraidon|Volt Switch|p1b: Indeedee\n|-crit|p1b: Indeedee\n|-damage|p1b: Indeedee|12\/100\n|\n|t:|1736857688\n|switch|p2b: Incineroar|Incineroar, L50, F|100\/100|[from] Volt Switch\n|-ability|p2b: Incineroar|Intimidate|boost\n|-fail|p1a: Calyrex|unboost|[from] item: Clear Amulet|[of] p1a: Calyrex\n|-unboost|p1b: Indeedee|atk|1\n|move|p1a: Calyrex|Glacial Lance|p2a: Iron Hands|[spread] p2a,p2b\n|-resisted|p2b: Incineroar\n|-damage|p2a: Iron Hands|73\/100\n|-damage|p2b: Incineroar|72\/100\n|move|p2a: Iron Hands|Swords Dance|p2a: Iron Hands\n|-boost|p2a: Iron Hands|atk|2\n|\n|upkeep\n|turn|2\n|\n|t:|1736857708\n|-terastallize|p2a: Iron Hands|Fire\n|move|p1b: Indeedee|Follow Me|p1b: Indeedee\n|-singleturn|p1b: Indeedee|move: Follow Me\n|move|p2b: Incineroar|Knock Off|p1b: Indeedee\n|-supereffective|p1b: Indeedee\n|-damage|p1b: Indeedee|0 fnt\n|-damage|p2b: Incineroar|56\/100|[from] item: Rocky Helmet|[of] p1b: Indeedee\n|-enditem|p1b: Indeedee|Rocky Helmet|[from] move: Knock Off|[of] p2b: Incineroar\n|faint|p1b: Indeedee\n|move|p1a: Calyrex|High Horsepower|p2b: Incineroar\n|-supereffective|p2b: Incineroar\n|-damage|p2b: Incineroar|0 fnt\n|faint|p2b: Incineroar\n|-ability|p1a: Calyrex|Chilling Neigh|boost\n|-boost|p1a: Calyrex|atk|1\n|move|p2a: Iron Hands|Drain Punch|p1a: Calyrex\n|-damage|p1a: Calyrex|53\/100\n|-heal|p2a: Iron Hands|91\/100|[from] drain|[of] p1a: Calyrex\n|\n|upkeep\n|\n|t:|1736857726\n|switch|p1b: Rillaboom|Rillaboom, L50, F|100\/100\n|switch|p2b: Miraidon|Miraidon, L50|100\/100\n|-fieldstart|move: Electric Terrain|[from] ability: Hadron Engine|[of] p2b: Miraidon\n|-activate|p2a: Iron Hands|ability: Quark Drive\n|-start|p2a: Iron Hands|quarkdriveatk\n|-fieldstart|move: Grassy Terrain|[from] ability: Grassy Surge|[of] p1b: Rillaboom\n|-end|p2a: Iron Hands|Quark Drive\n|turn|3\n|\n|t:|1736857749\n|switch|p2b: Urshifu|Urshifu-Rapid-Strike, L50, M|100\/100\n|move|p1a: Calyrex|Protect|p1a: Calyrex\n|-singleturn|p1a: Calyrex|Protect\n|move|p2a: Iron Hands|Protect|p2a: Iron Hands\n|-singleturn|p2a: Iron Hands|Protect\n|move|p1b: Rillaboom|High Horsepower|p2a: Iron Hands\n|-activate|p2a: Iron Hands|move: Protect\n|\n|-heal|p1a: Calyrex|59\/100|[from] Grassy Terrain\n|-heal|p2a: Iron Hands|97\/100|[from] Grassy Terrain\n|upkeep\n|turn|4\n|\n|t:|1736857771\n|move|p1b: Rillaboom|Grassy Glide|p2b: Urshifu\n|-supereffective|p2b: Urshifu\n|-damage|p2b: Urshifu|25\/100\n|move|p2b: Urshifu|Surging Strikes|p1a: Calyrex\n|-crit|p1a: Calyrex\n|-damage|p1a: Calyrex|46\/100\n|-crit|p1a: Calyrex\n|-damage|p1a: Calyrex|32\/100\n|-crit|p1a: Calyrex\n|-damage|p1a: Calyrex|19\/100\n|-hitcount|p1a: Calyrex|3\n|move|p1a: Calyrex|Glacial Lance|p2a: Iron Hands|[spread] p2a,p2b\n|-resisted|p2a: Iron Hands\n|-resisted|p2b: Urshifu\n|-damage|p2a: Iron Hands|78\/100\n|-damage|p2b: Urshifu|0 fnt\n|faint|p2b: Urshifu\n|-ability|p1a: Calyrex|Chilling Neigh|boost\n|-boost|p1a: Calyrex|atk|1\n|move|p2a: Iron Hands|Drain Punch|p1a: Calyrex\n|-damage|p1a: Calyrex|0 fnt\n|-heal|p2a: Iron Hands|86\/100|[from] drain|[of] p1a: Calyrex\n|faint|p1a: Calyrex\n|\n|-heal|p2a: Iron Hands|92\/100|[from] Grassy Terrain\n|upkeep\n|\n|t:|1736857784\n|switch|p2b: Miraidon|Miraidon, L50|100\/100\n|switch|p1a: Ogerpon|Ogerpon-Hearthflame, L50, F|100\/100\n|-fieldstart|move: Electric Terrain|[from] ability: Hadron Engine|[of] p2b: Miraidon\n|-activate|p2a: Iron Hands|ability: Quark Drive\n|-start|p2a: Iron Hands|quarkdriveatk\n|-ability|p1a: Ogerpon|Mold Breaker\n|turn|5\n|\n|t:|1736857800\n|move|p1a: Ogerpon|Spiky Shield|p1a: Ogerpon\n|-singleturn|p1a: Ogerpon|move: Protect\n|move|p2b: Miraidon|Electro Drift|p1b: Rillaboom\n|-resisted|p1b: Rillaboom\n|-damage|p1b: Rillaboom|46\/100\n|move|p1b: Rillaboom|High Horsepower|p2b: Miraidon\n|-supereffective|p2b: Miraidon\n|-damage|p2b: Miraidon|22\/100\n|move|p2a: Iron Hands|Drain Punch|p1b: Rillaboom\n|-damage|p1b: Rillaboom|0 fnt\n|-heal|p2a: Iron Hands|100\/100|[from] drain|[of] p1b: Rillaboom\n|faint|p1b: Rillaboom\n|\n|upkeep\n|turn|6\n|c|\u2606navinsachump|gg\n|\n|t:|1736857814\n|-terastallize|p1a: Ogerpon|Fire\n|detailschange|p1a: Ogerpon|Ogerpon-Hearthflame-Tera, L50, F, tera:Fire\n|-ability|p1a: Ogerpon|Embody Aspect (Hearthflame)|boost\n|-boost|p1a: Ogerpon|atk|1\n|move|p2b: Miraidon|Electro Drift|p1a: Ogerpon\n|-damage|p1a: Ogerpon|0 fnt\n|faint|p1a: Ogerpon\n|\n|win|navinsachump\n|raw|Fehuo's rating: 1611 &rarr; <strong>1595<\/strong><br \/>(-16 for losing)\n|raw|navinsachump's rating: 1685 &rarr; <strong>1701<\/strong><br \/>(+16 for winning)\n|l|\u2606Fehuo\n|player|p1|\n|l|\u2606navinsachump\n|player|p2|\n|l| xiaolongH\n","uploadtime":1736858029,"views":16,"formatid":"gen9vgc2025regg","rating":1595,"private":0,"password":null}