{"id":"gen9vgc2025regg-2280048782","format":"[Gen 9] VGC 2025 Reg G","players":["GG=Groudon Gaming","Iamsliverfish"],"log":"|j|\u2606GG=Groudon Gaming\n|j|\u2606Iamsliverfish\n|t:|1736740539\n|gametype|doubles\n|player|p1|GG=Groudon Gaming|may-masters2|1539\n|player|p2|Iamsliverfish|hiker-gen4|1603\n|teamsize|p1|6\n|teamsize|p2|6\n|gen|9\n|tier|[Gen 9] VGC 2025 Reg G\n|rated|\n|rule|Species Clause: Limit one of each Pok\u00e9mon\n|rule|Item Clause: Limit 1 of each item\n|clearpoke\n|poke|p1|Groudon, L50|\n|poke|p1|Bronzong, L50|\n|poke|p1|Raging Bolt, L50|\n|poke|p1|Flutter Mane, L50|\n|poke|p1|Ogerpon-Cornerstone, L50, F|\n|poke|p1|Gouging Fire, L50|\n|poke|p2|Calyrex-Shadow, L50|\n|poke|p2|Ursaluna, L50, M|\n|poke|p2|Indeedee-F, L50, F|\n|poke|p2|Ogerpon-Wellspring, L50, F|\n|poke|p2|Tornadus, L50, M|\n|poke|p2|Chi-Yu, L50|\n|teampreview|4\n|inactive|Battle timer is ON: inactive players will automatically lose when time's up. (requested by GG=Groudon Gaming)\n|inactive|GG=Groudon Gaming has 60 seconds left.\n|\n|t:|1736740591\n|start\n|switch|p1a: Bronzong|Bronzong, L50|100\/100\n|switch|p1b: Ogerpon|Ogerpon-Cornerstone, L50, F|100\/100\n|switch|p2a: Tornadus|Tornadus, L50, M|100\/100\n|switch|p2b: Chi-Yu|Chi-Yu, L50|100\/100\n|-ability|p2b: Chi-Yu|Beads of Ruin\n|turn|1\n|\n|t:|1736740603\n|-terastallize|p1a: Bronzong|Dark\n|move|p2a: Tornadus|Taunt|p1a: Bronzong\n|-hint|Since gen 7, Dark is immune to Prankster moves.\n|-immune|p1a: Bronzong\n|move|p2b: Chi-Yu|Heat Wave|p1a: Bronzong|[spread] p1a\n|-miss|p2b: Chi-Yu|p1b: Ogerpon\n|-damage|p1a: Bronzong|56\/100\n|-status|p1a: Bronzong|brn\n|move|p1b: Ogerpon|Ivy Cudgel|p2b: Chi-Yu|[anim] Ivy Cudgel Rock\n|-supereffective|p2b: Chi-Yu\n|-damage|p2b: Chi-Yu|0 fnt\n|faint|p2b: Chi-Yu\n|move|p1a: Bronzong|Trick Room|p1a: Bronzong\n|-fieldstart|move: Trick Room|[of] p1a: Bronzong\n|\n|-damage|p1a: Bronzong|50\/100 brn|[from] brn\n|upkeep\n|\n|t:|1736740607\n|switch|p2b: Ogerpon|Ogerpon-Wellspring, L50, F|100\/100\n|turn|2\n|\n|t:|1736740617\n|move|p1a: Bronzong|Gravity|p1a: Bronzong\n|-fieldstart|move: Gravity\n|move|p2a: Tornadus|Bleakwind Storm|p1b: Ogerpon|[spread] p1a,p1b\n|-damage|p1a: Bronzong|17\/100 brn\n|-damage|p1b: Ogerpon|55\/100\n|move|p2b: Ogerpon|Ivy Cudgel|p1b: Ogerpon|[anim] Ivy Cudgel Water\n|-damage|p1b: Ogerpon|0 fnt\n|faint|p1b: Ogerpon\n|\n|-damage|p1a: Bronzong|11\/100 brn|[from] brn\n|upkeep\n|\n|t:|1736740624\n|switch|p1b: Raging Bolt|Raging Bolt, L50|100\/100\n|turn|3\n|\n|t:|1736740634\n|move|p2b: Ogerpon|Spiky Shield|p2b: Ogerpon\n|-singleturn|p2b: Ogerpon|move: Protect\n|move|p1a: Bronzong|Hypnosis|p2b: Ogerpon\n|-activate|p2b: Ogerpon|move: Protect\n|move|p1b: Raging Bolt|Thunderbolt|p2a: Tornadus\n|-supereffective|p2a: Tornadus\n|-damage|p2a: Tornadus|0 fnt\n|faint|p2a: Tornadus\n|\n|-damage|p1a: Bronzong|5\/100 brn|[from] brn\n|upkeep\n|\n|t:|1736740637\n|switch|p2a: Calyrex|Calyrex-Shadow, L50|100\/100\n|-ability|p2a: Calyrex|As One\n|-ability|p2a: Calyrex|Unnerve\n|turn|4\n|\n|t:|1736740644\n|move|p2b: Ogerpon|Follow Me|p2b: Ogerpon\n|-singleturn|p2b: Ogerpon|move: Follow Me\n|move|p1a: Bronzong|Hypnosis|p2b: Ogerpon\n|-status|p2b: Ogerpon|slp|[from] move: Hypnosis\n|move|p1b: Raging Bolt|Thunderbolt|p2b: Ogerpon\n|-damage|p2b: Ogerpon|42\/100 slp\n|move|p2a: Calyrex|Astral Barrage|p1b: Raging Bolt|[spread] p1a,p1b\n|-resisted|p1a: Bronzong\n|-damage|p1a: Bronzong|0 fnt\n|-damage|p1b: Raging Bolt|63\/100\n|faint|p1a: Bronzong\n|-ability|p2a: Calyrex|Grim Neigh|boost\n|-boost|p2a: Calyrex|spa|1\n|-damage|p2a: Calyrex|91\/100|[from] item: Life Orb\n|\n|upkeep\n|\n|t:|1736740649\n|switch|p1a: Groudon|Groudon, L50|100\/100\n|-weather|SunnyDay|[from] ability: Drought|[of] p1a: Groudon\n|-activate|p1b: Raging Bolt|ability: Protosynthesis\n|-start|p1b: Raging Bolt|protosynthesisspa\n|turn|5\n|\n|t:|1736740667\n|move|p2a: Calyrex|Protect|p2a: Calyrex\n|-singleturn|p2a: Calyrex|Protect\n|move|p1b: Raging Bolt|Weather Ball|p2a: Calyrex\n|-activate|p2a: Calyrex|move: Protect\n|move|p1a: Groudon|Precipice Blades|p2b: Ogerpon|[spread] p2b\n|-activate|p2a: Calyrex|move: Protect\n|-resisted|p2b: Ogerpon\n|-damage|p2b: Ogerpon|8\/100 slp\n|cant|p2b: Ogerpon|slp\n|\n|-weather|SunnyDay|[upkeep]\n|-fieldend|move: Trick Room\n|upkeep\n|turn|6\n|\n|t:|1736740672\n|cant|p2b: Ogerpon|slp\n|move|p2a: Calyrex|Astral Barrage|p1b: Raging Bolt|[spread] p1a,p1b\n|-damage|p1a: Groudon|7\/100\n|-damage|p1b: Raging Bolt|0 fnt\n|faint|p1b: Raging Bolt\n|-end|p1b: Raging Bolt|Protosynthesis|[silent]\n|-ability|p2a: Calyrex|Grim Neigh|boost\n|-boost|p2a: Calyrex|spa|1\n|-damage|p2a: Calyrex|81\/100|[from] item: Life Orb\n|move|p1a: Groudon|Precipice Blades|p2b: Ogerpon|[spread] p2a,p2b\n|-crit|p2a: Calyrex\n|-resisted|p2b: Ogerpon\n|-damage|p2a: Calyrex|0 fnt\n|-damage|p2b: Ogerpon|0 fnt\n|faint|p2a: Calyrex\n|faint|p2b: Ogerpon\n|\n|win|GG=Groudon Gaming\n|raw|GG=Groudon Gaming's rating: 1539 &rarr; <strong>1563<\/strong><br \/>(+24 for winning)\n|raw|Iamsliverfish's rating: 1603 &rarr; <strong>1579<\/strong><br \/>(-24 for losing)\n|l|\u2606Iamsliverfish\n|player|p2|\n","uploadtime":1736740720,"views":58,"formatid":"gen9vgc2025regg","rating":1563,"private":0,"password":null}