{"id":"gen9vgc2025regg-2280024811","format":"[Gen 9] VGC 2025 Reg G","players":["dtukgcjcg","Imnotagni"],"log":"|j|\u2606dtukgcjcg\n|j|\u2606Imnotagni\n|t:|1736737069\n|gametype|doubles\n|player|p1|dtukgcjcg|1|1530\n|player|p2|Imnotagni|policeman-gen4|1596\n|teamsize|p1|6\n|teamsize|p2|6\n|gen|9\n|tier|[Gen 9] VGC 2025 Reg G\n|rated|\n|rule|Species Clause: Limit one of each Pok\u00e9mon\n|rule|Item Clause: Limit 1 of each item\n|clearpoke\n|poke|p1|Whimsicott, L50, F|\n|poke|p1|Miraidon, L50|\n|poke|p1|Farigiraf, L50, F|\n|poke|p1|Iron Hands, L50|\n|poke|p1|Ogerpon-Hearthflame, L50, F|\n|poke|p1|Urshifu-*, L50, F|\n|poke|p2|Kyogre, L50|\n|poke|p2|Tornadus, L50, M|\n|poke|p2|Tsareena, L50, F|\n|poke|p2|Archaludon, L50, F|\n|poke|p2|Electabuzz, L50, M|\n|poke|p2|Urshifu-*, L50, M|\n|teampreview|4\n|inactive|Battle timer is ON: inactive players will automatically lose when time's up. (requested by Imnotagni)\n|inactive|dtukgcjcg also wants the timer to be on.\n|inactive|dtukgcjcg has 60 seconds left.\n|inactive|Imnotagni has 60 seconds left.\n|\n|t:|1736737123\n|start\n|switch|p1a: Whimsicott|Whimsicott, L50, F|100\/100\n|switch|p1b: Miraidon|Miraidon, L50|100\/100\n|switch|p2a: Tornadus|Tornadus, L50, M, shiny|100\/100\n|switch|p2b: Electabuzz|Electabuzz, L50, M, shiny|100\/100\n|-fieldstart|move: Electric Terrain|[from] ability: Hadron Engine|[of] p1b: Miraidon\n|turn|1\n|j| judang\n|\n|t:|1736737139\n|move|p2b: Electabuzz|Follow Me|p2b: Electabuzz\n|-singleturn|p2b: Electabuzz|move: Follow Me\n|move|p1a: Whimsicott|Tailwind|p1a: Whimsicott\n|-sidestart|p1: dtukgcjcg|move: Tailwind\n|move|p1b: Miraidon|Dazzling Gleam|p2a: Tornadus|[spread] p2a,p2b\n|-damage|p2a: Tornadus|33\/100\n|-damage|p2b: Electabuzz|66\/100\n|move|p2a: Tornadus|Bleakwind Storm|p1b: Miraidon|[spread] p1a,p1b\n|-supereffective|p1a: Whimsicott\n|-resisted|p1b: Miraidon\n|-damage|p1a: Whimsicott|18\/100\n|-damage|p1b: Miraidon|84\/100\n|\n|upkeep\n|turn|2\n|inactive|Imnotagni has 30 seconds left.\n|\n|t:|1736737165\n|move|p2a: Tornadus|Protect|p2a: Tornadus\n|-singleturn|p2a: Tornadus|Protect\n|move|p2b: Electabuzz|Protect|p2b: Electabuzz\n|-singleturn|p2b: Electabuzz|Protect\n|move|p1a: Whimsicott|Light Screen|p1a: Whimsicott\n|-sidestart|p1: dtukgcjcg|move: Light Screen\n|move|p1b: Miraidon|Dazzling Gleam|p2a: Tornadus|[spread] \n|-activate|p2a: Tornadus|move: Protect\n|-activate|p2b: Electabuzz|move: Protect\n|\n|upkeep\n|turn|3\n|\n|t:|1736737176\n|switch|p1a: Ogerpon|Ogerpon-Hearthflame, L50, F|100\/100\n|-ability|p1a: Ogerpon|Mold Breaker\n|move|p2b: Electabuzz|Follow Me|p2b: Electabuzz\n|-singleturn|p2b: Electabuzz|move: Follow Me\n|move|p2a: Tornadus|Tailwind|p2a: Tornadus\n|-sidestart|p2: Imnotagni|move: Tailwind\n|move|p1b: Miraidon|Dazzling Gleam|p2a: Tornadus|[spread] p2a,p2b\n|-damage|p2a: Tornadus|0 fnt\n|-damage|p2b: Electabuzz|34\/100\n|faint|p2a: Tornadus\n|\n|upkeep\n|\n|t:|1736737191\n|switch|p2a: Kyogre|Kyogre, L50, shiny|100\/100\n|-weather|RainDance|[from] ability: Drizzle|[of] p2a: Kyogre\n|turn|4\n|\n|t:|1736737199\n|-terastallize|p2a: Kyogre|Water\n|move|p1a: Ogerpon|Spiky Shield|p1a: Ogerpon\n|-singleturn|p1a: Ogerpon|move: Protect\n|move|p2b: Electabuzz|Follow Me|p2b: Electabuzz\n|-singleturn|p2b: Electabuzz|move: Follow Me\n|move|p2a: Kyogre|Water Spout|p1b: Miraidon|[spread] p1b\n|-activate|p1a: Ogerpon|move: Protect\n|-resisted|p1b: Miraidon\n|-damage|p1b: Miraidon|44\/100\n|move|p1b: Miraidon|Dazzling Gleam|p2a: Kyogre|[spread] p2a,p2b\n|-damage|p2a: Kyogre|65\/100\n|-damage|p2b: Electabuzz|0 fnt\n|faint|p2b: Electabuzz\n|\n|-weather|RainDance|[upkeep]\n|-sideend|p1: dtukgcjcg|move: Tailwind\n|upkeep\n|\n|t:|1736737203\n|switch|p2b: Archaludon|Archaludon, L50, F, shiny|100\/100\n|turn|5\n|inactive|Imnotagni has 30 seconds left.\n|\n|t:|1736737231\n|move|p2a: Kyogre|Water Spout|p1a: Ogerpon|[spread] p1a,p1b\n|-resisted|p1b: Miraidon\n|-damage|p1a: Ogerpon|45\/100\n|-damage|p1b: Miraidon|19\/100\n|move|p2b: Archaludon|Electro Shot||[still]\n|-prepare|p2b: Archaludon|Electro Shot\n|-boost|p2b: Archaludon|spa|1\n|-anim|p2b: Archaludon|Electro Shot|p1a: Ogerpon\n|-resisted|p1a: Ogerpon\n|-crit|p1a: Ogerpon\n|-damage|p1a: Ogerpon|0 fnt\n|faint|p1a: Ogerpon\n|move|p1b: Miraidon|Dazzling Gleam|p2a: Kyogre|[spread] p2a,p2b\n|-damage|p2a: Kyogre|28\/100\n|-damage|p2b: Archaludon|31\/100\n|\n|-weather|RainDance|[upkeep]\n|-fieldend|move: Electric Terrain\n|upkeep\n|\n|t:|1736737247\n|switch|p1a: Whimsicott|Whimsicott, L50, F|18\/100\n|turn|6\n|\n|t:|1736737256\n|move|p1a: Whimsicott|Tailwind|p1a: Whimsicott\n|-sidestart|p1: dtukgcjcg|move: Tailwind\n|move|p2a: Kyogre|Water Spout|p1a: Whimsicott|[spread] p1a,p1b\n|-resisted|p1a: Whimsicott\n|-resisted|p1b: Miraidon\n|-damage|p1a: Whimsicott|5\/100\n|-damage|p1b: Miraidon|9\/100\n|move|p1b: Miraidon|Dazzling Gleam|p2b: Archaludon|[spread] p2a,p2b\n|-damage|p2a: Kyogre|2\/100\n|-damage|p2b: Archaludon|0 fnt\n|faint|p2b: Archaludon\n|\n|-weather|RainDance|[upkeep]\n|-sideend|p1: dtukgcjcg|move: Light Screen\n|-sideend|p2: Imnotagni|move: Tailwind\n|upkeep\n|turn|7\n|-message|Imnotagni forfeited.\n|\n|win|dtukgcjcg\n|raw|dtukgcjcg's rating: 1530 &rarr; <strong>1554<\/strong><br \/>(+24 for winning)\n|raw|Imnotagni's rating: 1596 &rarr; <strong>1572<\/strong><br \/>(-24 for losing)\n|l|\u2606Imnotagni\n|player|p2|\n|l|\u2606dtukgcjcg\n|player|p1|\n","uploadtime":1736737462,"views":25,"formatid":"gen9vgc2025regg","rating":1554,"private":0,"password":null}