{"id":"gen9vgc2025regg-2280726129","format":"[Gen 9] VGC 2025 Reg G","players":["PokemonmasterN2009","BlackFalcon000"],"log":"|j|\u2606PokemonmasterN2009\n|j|\u2606BlackFalcon000\n|t:|1736832455\n|gametype|doubles\n|player|p1|PokemonmasterN2009|steven|1605\n|player|p2|BlackFalcon000|265|1571\n|teamsize|p1|6\n|teamsize|p2|6\n|gen|9\n|tier|[Gen 9] VGC 2025 Reg G\n|rated|\n|rule|Species Clause: Limit one of each Pok\u00e9mon\n|rule|Item Clause: Limit 1 of each item\n|clearpoke\n|poke|p1|Torkoal, L50, M|\n|poke|p1|Farigiraf, L50, M|\n|poke|p1|Ogerpon-Cornerstone, L50, F|\n|poke|p1|Regidrago, L50|\n|poke|p1|Alcremie, L50, F|\n|poke|p1|Calyrex-Ice, L50|\n|poke|p2|Calyrex-Ice, L50|\n|poke|p2|Amoonguss, L50, F|\n|poke|p2|Indeedee-F, L50, F|\n|poke|p2|Ursaluna-Bloodmoon, L50, M|\n|poke|p2|Iron Valiant, L50|\n|poke|p2|Pelipper, L50, M|\n|teampreview|4\n|inactive|Battle timer is ON: inactive players will automatically lose when time's up. (requested by PokemonmasterN2009)\n|j| Longtoudishu56\n|\n|t:|1736832487\n|start\n|switch|p1a: Alcremie|Alcremie, L50, F|100\/100\n|switch|p1b: Calyrex|Calyrex-Ice, L50|100\/100\n|switch|p2a: Calyrex|Calyrex-Ice, L50|100\/100\n|switch|p2b: Iron Valiant|Iron Valiant, L50, shiny|100\/100\n|-ability|p1b: Calyrex|As One\n|-ability|p1b: Calyrex|Unnerve\n|-ability|p2a: Calyrex|As One\n|-ability|p2a: Calyrex|Unnerve\n|-enditem|p2b: Iron Valiant|Booster Energy\n|-activate|p2b: Iron Valiant|ability: Quark Drive|[fromitem]\n|-start|p2b: Iron Valiant|quarkdrivespe\n|turn|1\n|\n|t:|1736832496\n|move|p2b: Iron Valiant|Taunt|p1a: Alcremie\n|-block|p1a: Alcremie|ability: Aroma Veil|[of] p1a: Alcremie\n|move|p2a: Calyrex|Glacial Lance|p1b: Calyrex|[spread] p1a,p1b\n|-resisted|p1b: Calyrex\n|-damage|p1a: Alcremie|41\/100\n|-damage|p1b: Calyrex|84\/100\n|move|p1a: Alcremie|Decorate|p1b: Calyrex\n|-boost|p1b: Calyrex|atk|2\n|-boost|p1b: Calyrex|spa|2\n|move|p1b: Calyrex|Trick Room|p1b: Calyrex\n|-fieldstart|move: Trick Room|[of] p1b: Calyrex\n|\n|upkeep\n|turn|2\n|inactive|PokemonmasterN2009 has 30 seconds left.\n|\n|t:|1736832526\n|move|p2b: Iron Valiant|Wide Guard|p2b: Iron Valiant\n|-singleturn|p2b: Iron Valiant|Wide Guard\n|move|p1a: Alcremie|Encore|p2b: Iron Valiant\n|-start|p2b: Iron Valiant|Encore\n|move|p2a: Calyrex|Glacial Lance|p1a: Alcremie|[spread] p1a,p1b\n|-resisted|p1b: Calyrex\n|-damage|p1a: Alcremie|0 fnt\n|-damage|p1b: Calyrex|64\/100\n|faint|p1a: Alcremie\n|-ability|p2a: Calyrex|Chilling Neigh|boost\n|-boost|p2a: Calyrex|atk|1\n|move|p1b: Calyrex|High Horsepower|p2a: Calyrex\n|-damage|p2a: Calyrex|48\/100\n|\n|upkeep\n|\n|t:|1736832537\n|switch|p1a: Torkoal|Torkoal, L50, M, shiny|100\/100\n|-weather|SunnyDay|[from] ability: Drought|[of] p1a: Torkoal\n|turn|3\n|\n|t:|1736832558\n|-end|p2b: Iron Valiant|Quark Drive|[silent]\n|switch|p2b: Pelipper|Pelipper, L50, M|100\/100\n|-weather|RainDance|[from] ability: Drizzle|[of] p2b: Pelipper\n|-terastallize|p2a: Calyrex|Water\n|move|p1a: Torkoal|Weather Ball|p2a: Calyrex\n|-resisted|p2a: Calyrex\n|-damage|p2a: Calyrex|32\/100\n|move|p2a: Calyrex|High Horsepower|p1a: Torkoal\n|-supereffective|p1a: Torkoal\n|-damage|p1a: Torkoal|10\/100\n|move|p1b: Calyrex|High Horsepower|p2a: Calyrex\n|-damage|p2a: Calyrex|0 fnt\n|faint|p2a: Calyrex\n|-ability|p1b: Calyrex|Chilling Neigh|boost\n|-boost|p1b: Calyrex|atk|1\n|\n|-weather|RainDance|[upkeep]\n|upkeep\n|\n|t:|1736832575\n|switch|p2a: Amoonguss|Amoonguss, L50, F|100\/100\n|turn|4\n|j| LegitLadderingInc\n|\n|t:|1736832598\n|switch|p1a: Regidrago|Regidrago, L50|100\/100\n|move|p1b: Calyrex|Protect|p1b: Calyrex\n|-singleturn|p1b: Calyrex|Protect\n|move|p2a: Amoonguss|Spore|p1b: Calyrex\n|-activate|p1b: Calyrex|move: Protect\n|move|p2b: Pelipper|Hurricane|p1a: Regidrago\n|-damage|p1a: Regidrago|48\/100\n|\n|-weather|RainDance|[upkeep]\n|upkeep\n|turn|5\n|\n|t:|1736832619\n|switch|p2b: Iron Valiant|Iron Valiant, L50, shiny|100\/100\n|move|p2a: Amoonguss|Spore|p1b: Calyrex\n|-status|p1b: Calyrex|slp|[from] move: Spore\n|move|p1a: Regidrago|Draco Meteor|p2a: Amoonguss\n|-damage|p2a: Amoonguss|11\/100\n|-unboost|p1a: Regidrago|spa|2\n|cant|p1b: Calyrex|slp\n|\n|-weather|RainDance|[upkeep]\n|-fieldend|move: Trick Room\n|upkeep\n|turn|6\n|l| Longtoudishu56\n|inactive|BlackFalcon000 has 30 seconds left.\n|\n|t:|1736832647\n|switch|p1a: Torkoal|Torkoal, L50, M, shiny|10\/100\n|-weather|SunnyDay|[from] ability: Drought|[of] p1a: Torkoal\n|move|p2b: Iron Valiant|Spirit Break|p1a: Torkoal\n|-resisted|p1a: Torkoal\n|-damage|p1a: Torkoal|0 fnt\n|faint|p1a: Torkoal\n|cant|p1b: Calyrex|slp\n|move|p2a: Amoonguss|Pollen Puff|p1b: Calyrex\n|-supereffective|p1b: Calyrex\n|-damage|p1b: Calyrex|41\/100 slp\n|\n|-weather|SunnyDay|[upkeep]\n|upkeep\n|\n|t:|1736832651\n|switch|p1a: Regidrago|Regidrago, L50|48\/100\n|turn|7\n|inactive|BlackFalcon000 has 30 seconds left.\n|inactive|BlackFalcon000 has 20 seconds left.\n|\n|t:|1736832690\n|-terastallize|p1b: Calyrex|Fire\n|move|p1a: Regidrago|Protect|p1a: Regidrago\n|-singleturn|p1a: Regidrago|Protect\n|move|p2b: Iron Valiant|Spirit Break|p1a: Regidrago\n|-activate|p1a: Regidrago|move: Protect\n|cant|p1b: Calyrex|slp\n|move|p2a: Amoonguss|Pollen Puff|p1b: Calyrex\n|-resisted|p1b: Calyrex\n|-damage|p1b: Calyrex|35\/100 slp\n|\n|-weather|SunnyDay|[upkeep]\n|upkeep\n|turn|8\n|\n|t:|1736832708\n|move|p1a: Regidrago|Protect||[still]\n|-fail|p1a: Regidrago\n|move|p2a: Amoonguss|Protect|p2a: Amoonguss\n|-singleturn|p2a: Amoonguss|Protect\n|move|p2b: Iron Valiant|Spirit Break|p1a: Regidrago\n|-supereffective|p1a: Regidrago\n|-damage|p1a: Regidrago|0 fnt\n|faint|p1a: Regidrago\n|-curestatus|p1b: Calyrex|slp|[msg]\n|move|p1b: Calyrex|Glacial Lance|p2b: Iron Valiant|[spread] p2b\n|-activate|p2a: Amoonguss|move: Protect\n|-damage|p2b: Iron Valiant|0 fnt\n|faint|p2b: Iron Valiant\n|-end|p2b: Iron Valiant|Quark Drive|[silent]\n|-ability|p1b: Calyrex|Chilling Neigh|boost\n|-boost|p1b: Calyrex|atk|1\n|\n|-weather|SunnyDay|[upkeep]\n|upkeep\n|\n|t:|1736832715\n|switch|p2b: Pelipper|Pelipper, L50, M|100\/100\n|-weather|RainDance|[from] ability: Drizzle|[of] p2b: Pelipper\n|turn|9\n|j| Longtoudishu56\n|l| Longtoudishu56\n|\n|t:|1736832723\n|move|p2b: Pelipper|Weather Ball|p1b: Calyrex\n|-supereffective|p1b: Calyrex\n|-damage|p1b: Calyrex|0 fnt\n|faint|p1b: Calyrex\n|\n|win|BlackFalcon000\n|raw|PokemonmasterN2009's rating: 1605 &rarr; <strong>1583<\/strong><br \/>(-22 for losing)\n|raw|BlackFalcon000's rating: 1571 &rarr; <strong>1593<\/strong><br \/>(+22 for winning)\n|l|\u2606PokemonmasterN2009\n|player|p1|\n|l| LegitLadderingInc\n","uploadtime":1736832903,"views":16,"formatid":"gen9vgc2025regg","rating":1583,"private":0,"password":null}