{"id":"gen9vgc2025regg-2280748052","format":"[Gen 9] VGC 2025 Reg G","players":["pentagonSG","Lichuweijixi"],"log":"|j|\u2606pentagonSG\n|j|\u2606Lichuweijixi\n|t:|1736836475\n|gametype|doubles\n|player|p1|pentagonSG|170|1595\n|player|p2|Lichuweijixi|101|1624\n|teamsize|p1|6\n|teamsize|p2|6\n|gen|9\n|tier|[Gen 9] VGC 2025 Reg G\n|rated|\n|rule|Species Clause: Limit one of each Pok\u00e9mon\n|rule|Item Clause: Limit 1 of each item\n|clearpoke\n|poke|p1|Iron Hands, L50|\n|poke|p1|Urshifu-*, L50, M|\n|poke|p1|Calyrex-Shadow, L50|\n|poke|p1|Whimsicott, L50, M|\n|poke|p1|Indeedee-F, L50, F|\n|poke|p1|Landorus, L50, M|\n|poke|p2|Calyrex-Ice, L50|\n|poke|p2|Smeargle, L50, F|\n|poke|p2|Urshifu-*, L50, M|\n|poke|p2|Ogerpon-Wellspring, L50, F|\n|poke|p2|Raging Bolt, L50|\n|poke|p2|Iron Valiant, L50|\n|teampreview|4\n|j| lesana\n|\n|t:|1736836518\n|start\n|switch|p1a: Iron Hands|Iron Hands, L50|100\/100\n|switch|p1b: Calyrex|Calyrex-Shadow, L50|100\/100\n|switch|p2a: Iron Valiant|Iron Valiant, L50|100\/100\n|switch|p2b: Calyrex|Calyrex-Ice, L50|100\/100\n|-ability|p1b: Calyrex|As One\n|-ability|p1b: Calyrex|Unnerve\n|-ability|p2b: Calyrex|As One\n|-ability|p2b: Calyrex|Unnerve\n|-enditem|p2a: Iron Valiant|Booster Energy\n|-activate|p2a: Iron Valiant|ability: Quark Drive|[fromitem]\n|-start|p2a: Iron Valiant|quarkdrivespe\n|turn|1\n|\n|t:|1736836546\n|-terastallize|p1b: Calyrex|Water\n|move|p2b: Calyrex|Protect|p2b: Calyrex\n|-singleturn|p2b: Calyrex|Protect\n|move|p2a: Iron Valiant|Coaching|p2b: Calyrex\n|-boost|p2b: Calyrex|atk|1\n|-boost|p2b: Calyrex|def|1\n|move|p1a: Iron Hands|Belly Drum|p1a: Iron Hands\n|-damage|p1a: Iron Hands|50\/100\n|-setboost|p1a: Iron Hands|atk|6|[from] move: Belly Drum\n|move|p1b: Calyrex|Trick Room|p1b: Calyrex\n|-fieldstart|move: Trick Room|[of] p1b: Calyrex\n|\n|upkeep\n|turn|2\n|\n|t:|1736836572\n|-terastallize|p2b: Calyrex|Water\n|move|p1b: Calyrex|Helping Hand|p1a: Iron Hands\n|-singleturn|p1a: Iron Hands|Helping Hand|[of] p1b: Calyrex\n|move|p1a: Iron Hands|Drain Punch|p2b: Calyrex\n|-damage|p2b: Calyrex|0 fnt\n|-heal|p1a: Iron Hands|95\/100|[from] drain|[of] p2b: Calyrex\n|faint|p2b: Calyrex\n|move|p2a: Iron Valiant|Moonblast|p1a: Iron Hands\n|-supereffective|p1a: Iron Hands\n|-damage|p1a: Iron Hands|35\/100\n|-enditem|p1a: Iron Hands|Sitrus Berry|[eat]\n|-heal|p1a: Iron Hands|60\/100|[from] item: Sitrus Berry\n|\n|upkeep\n|\n|t:|1736836579\n|switch|p2b: Smeargle|Smeargle, L50, F|100\/100\n|turn|3\n|\n|t:|1736836607\n|move|p1a: Iron Hands|Drain Punch|p2b: Smeargle\n|-supereffective|p2b: Smeargle\n|-enditem|p2b: Smeargle|Focus Sash\n|-damage|p2b: Smeargle|1\/100\n|-heal|p1a: Iron Hands|95\/100|[from] drain|[of] p2b: Smeargle\n|move|p2b: Smeargle|Spore|p1a: Iron Hands\n|-status|p1a: Iron Hands|slp|[from] move: Spore\n|move|p1b: Calyrex|Expanding Force|p2a: Iron Valiant\n|-supereffective|p2a: Iron Valiant\n|-damage|p2a: Iron Valiant|0 fnt\n|faint|p2a: Iron Valiant\n|-end|p2a: Iron Valiant|Quark Drive|[silent]\n|-ability|p1b: Calyrex|Grim Neigh|boost\n|-boost|p1b: Calyrex|spa|1\n|\n|upkeep\n|\n|t:|1736836611\n|switch|p2a: Urshifu|Urshifu, L50, M|100\/100\n|turn|4\n|\n|t:|1736836629\n|cant|p1a: Iron Hands|slp\n|move|p2b: Smeargle|Spore|p1b: Calyrex\n|-status|p1b: Calyrex|slp|[from] move: Spore\n|move|p2a: Urshifu|Wicked Blow|p1b: Calyrex\n|-crit|p1b: Calyrex\n|-damage|p1b: Calyrex|22\/100 slp\n|cant|p1b: Calyrex|slp\n|\n|upkeep\n|turn|5\n|\n|t:|1736836644\n|cant|p1a: Iron Hands|slp\n|move|p2b: Smeargle|Decorate|p2a: Urshifu\n|-boost|p2a: Urshifu|atk|2\n|-boost|p2a: Urshifu|spa|2\n|move|p2a: Urshifu|Wicked Blow|p1a: Iron Hands\n|-resisted|p1a: Iron Hands\n|-crit|p1a: Iron Hands\n|-damage|p1a: Iron Hands|35\/100 slp\n|-curestatus|p1b: Calyrex|slp|[msg]\n|move|p1b: Calyrex|Expanding Force|p2b: Smeargle\n|-damage|p2b: Smeargle|0 fnt\n|faint|p2b: Smeargle\n|-ability|p1b: Calyrex|Grim Neigh|boost\n|-boost|p1b: Calyrex|spa|1\n|\n|-fieldend|move: Trick Room\n|upkeep\n|turn|6\n|-message|Lichuweijixi forfeited.\n|\n|win|pentagonSG\n|raw|pentagonSG's rating: 1595 &rarr; <strong>1617<\/strong><br \/>(+22 for winning)\n|raw|Lichuweijixi's rating: 1624 &rarr; <strong>1602<\/strong><br \/>(-22 for losing)\n|l|\u2606Lichuweijixi\n|player|p2|\n|l| lesana\n|l|\u2606pentagonSG\n|player|p1|\n","uploadtime":1736836828,"views":13,"formatid":"gen9vgc2025regg","rating":1602,"private":0,"password":null}