{"id":"gen9vgc2025regg-2280115769","format":"[Gen 9] VGC 2025 Reg G","players":["Imnotagni","jkimkim1"],"log":"|j|\u2606Imnotagni\n|j|\u2606jkimkim1\n|t:|1736753114\n|gametype|doubles\n|player|p1|Imnotagni|policeman-gen4|1604\n|player|p2|jkimkim1|swimmerf-gen4|1575\n|teamsize|p1|6\n|teamsize|p2|6\n|gen|9\n|tier|[Gen 9] VGC 2025 Reg G\n|rated|\n|rule|Species Clause: Limit one of each Pok\u00e9mon\n|rule|Item Clause: Limit 1 of each item\n|clearpoke\n|poke|p1|Kyogre, L50|\n|poke|p1|Tornadus, L50, M|\n|poke|p1|Tsareena, L50, F|\n|poke|p1|Archaludon, L50, F|\n|poke|p1|Electabuzz, L50, M|\n|poke|p1|Urshifu-*, L50, M|\n|poke|p2|Landorus-Therian, L50, M|\n|poke|p2|Miraidon, L50|\n|poke|p2|Cresselia, L50, F|\n|poke|p2|Tyranitar, L50, M|\n|poke|p2|Tornadus, L50, M|\n|poke|p2|Heatran, L50, F|\n|teampreview|4\n|inactive|Battle timer is ON: inactive players will automatically lose when time's up. (requested by Imnotagni)\n|inactive|Imnotagni has 60 seconds left.\n|inactive|jkimkim1 has 60 seconds left.\n|j| jibaobao\n|\n|t:|1736753173\n|start\n|switch|p1a: Tornadus|Tornadus, L50, M, shiny|100\/100\n|switch|p1b: Archaludon|Archaludon, L50, F, shiny|100\/100\n|switch|p2a: Ye|Tornadus, L50, M|100\/100\n|switch|p2b: Jayson tatum|Miraidon, L50|100\/100\n|-fieldstart|move: Electric Terrain|[from] ability: Hadron Engine|[of] p2b: Jayson tatum\n|turn|1\n|inactive|Imnotagni has 30 seconds left.\n|inactive|Imnotagni has 20 seconds left.\n|\n|t:|1736753209\n|move|p1a: Tornadus|Tailwind|p1a: Tornadus\n|-sidestart|p1: Imnotagni|move: Tailwind\n|move|p2a: Ye|Tailwind|p2a: Ye\n|-sidestart|p2: jkimkim1|move: Tailwind\n|move|p2b: Jayson tatum|Volt Switch|p1a: Tornadus\n|-supereffective|p1a: Tornadus\n|-enditem|p1a: Tornadus|Focus Sash\n|-damage|p1a: Tornadus|1\/100\n|\n|t:|1736753218\n|switch|p2b: Kingjames|Landorus-Therian, L50, M|100\/100|[from] Volt Switch\n|-ability|p2b: Kingjames|Intimidate|boost\n|-unboost|p1a: Tornadus|atk|1\n|-unboost|p1b: Archaludon|atk|1\n|move|p1b: Archaludon|Draco Meteor|p2b: Kingjames\n|-damage|p2b: Kingjames|6\/100\n|-unboost|p1b: Archaludon|spa|2\n|\n|upkeep\n|turn|2\n|\n|t:|1736753236\n|move|p1b: Archaludon|Protect|p1b: Archaludon\n|-singleturn|p1b: Archaludon|Protect\n|move|p1a: Tornadus|Bleakwind Storm|p2b: Kingjames|[spread] p2a,p2b\n|-damage|p2a: Ye|53\/100\n|-damage|p2b: Kingjames|0 fnt\n|faint|p2b: Kingjames\n|move|p2a: Ye|Bleakwind Storm|p1a: Tornadus|[spread] p1a\n|-activate|p1b: Archaludon|move: Protect\n|-damage|p1a: Tornadus|0 fnt\n|faint|p1a: Tornadus\n|\n|upkeep\n|\n|t:|1736753253\n|switch|p1a: Urshifu|Urshifu-Rapid-Strike, L50, M|100\/100\n|switch|p2b: Jayson tatum|Miraidon, L50|100\/100\n|-activate|p2b: Jayson tatum|ability: Hadron Engine\n|turn|3\n|\n|t:|1736753271\n|-terastallize|p2b: Jayson tatum|Fairy\n|-terastallize|p1a: Urshifu|Grass\n|move|p2b: Jayson tatum|Dazzling Gleam|p1b: Archaludon|[spread] p1a,p1b\n|-damage|p1a: Urshifu|1\/100\n|-damage|p1b: Archaludon|0 fnt\n|faint|p1b: Archaludon\n|move|p2a: Ye|Bleakwind Storm|p1a: Urshifu|[miss]\n|-miss|p2a: Ye|p1a: Urshifu\n|move|p1a: Urshifu|Surging Strikes|p2a: Ye\n|-crit|p2a: Ye\n|-damage|p2a: Ye|13\/100\n|-crit|p2a: Ye\n|-damage|p2a: Ye|0 fnt\n|faint|p2a: Ye\n|-hitcount|p2: Ye|2\n|\n|upkeep\n|\n|t:|1736753282\n|switch|p2a: Joe johnson|Cresselia, L50, F, shiny|100\/100\n|switch|p1b: Kyogre|Kyogre, L50, shiny|100\/100\n|-weather|RainDance|[from] ability: Drizzle|[of] p1b: Kyogre\n|turn|4\n|\n|t:|1736753296\n|move|p2a: Joe johnson|Helping Hand|p2b: Jayson tatum\n|-singleturn|p2b: Jayson tatum|Helping Hand|[of] p2a: Joe johnson\n|move|p1b: Kyogre|Origin Pulse|p2b: Jayson tatum|[spread] p2a,p2b\n|-damage|p2a: Joe johnson|60\/100\n|-damage|p2b: Jayson tatum|44\/100\n|move|p2b: Jayson tatum|Dazzling Gleam|p1a: Urshifu|[spread] p1a,p1b\n|-damage|p1a: Urshifu|0 fnt\n|-damage|p1b: Kyogre|16\/100\n|faint|p1a: Urshifu\n|\n|-weather|RainDance|[upkeep]\n|-sideend|p1: Imnotagni|move: Tailwind\n|-sideend|p2: jkimkim1|move: Tailwind\n|upkeep\n|turn|5\n|\n|t:|1736753307\n|move|p1b: Kyogre|Origin Pulse|p2b: Jayson tatum|[spread] p2a,p2b\n|-damage|p2a: Joe johnson|19\/100\n|-damage|p2b: Jayson tatum|0 fnt\n|-enditem|p2a: Joe johnson|Sitrus Berry|[eat]\n|-heal|p2a: Joe johnson|44\/100|[from] item: Sitrus Berry\n|faint|p2b: Jayson tatum\n|move|p2a: Joe johnson|Psychic|p1b: Kyogre\n|-crit|p1b: Kyogre\n|-damage|p1b: Kyogre|0 fnt\n|faint|p1b: Kyogre\n|\n|win|jkimkim1\n|raw|Imnotagni's rating: 1604 &rarr; <strong>1582<\/strong><br \/>(-22 for losing)\n|raw|jkimkim1's rating: 1575 &rarr; <strong>1597<\/strong><br \/>(+22 for winning)\n|l|\u2606Imnotagni\n|player|p1|\n","uploadtime":1736753493,"views":22,"formatid":"gen9vgc2025regg","rating":1582,"private":0,"password":null}