{"id":"gen9vgc2025regg-2280751589","format":"[Gen 9] VGC 2025 Reg G","players":["Lichuweijixi","massan2580"],"log":"|j|\u2606Lichuweijixi\n|j|\u2606massan2580\n|t:|1736837185\n|gametype|doubles\n|player|p1|Lichuweijixi|101|1616\n|player|p2|massan2580|101|1551\n|teamsize|p1|6\n|teamsize|p2|6\n|gen|9\n|tier|[Gen 9] VGC 2025 Reg G\n|rated|\n|rule|Species Clause: Limit one of each Pok\u00e9mon\n|rule|Item Clause: Limit 1 of each item\n|clearpoke\n|poke|p1|Calyrex-Ice, L50|\n|poke|p1|Smeargle, L50, M|\n|poke|p1|Urshifu-*, L50, F|\n|poke|p1|Ogerpon-Wellspring, L50, F|\n|poke|p1|Raging Bolt, L50|\n|poke|p1|Iron Valiant, L50|\n|poke|p2|Calyrex-Shadow, L50|\n|poke|p2|Grimmsnarl, L50, M|\n|poke|p2|Clefairy, L50, F|\n|poke|p2|Rillaboom, L50, M|\n|poke|p2|Chien-Pao, L50|\n|poke|p2|Dragonite, L50, M|\n|teampreview|4\n|\n|t:|1736837208\n|start\n|switch|p1a: Smeargle|Smeargle, L50, M|100\/100\n|switch|p1b: Calyrex|Calyrex-Ice, L50|100\/100\n|switch|p2a: Grimmsnarl|Grimmsnarl, L50, M|100\/100\n|switch|p2b: Calyrex|Calyrex-Shadow, L50|100\/100\n|-ability|p2b: Calyrex|As One\n|-ability|p2b: Calyrex|Unnerve\n|-ability|p1b: Calyrex|As One\n|-ability|p1b: Calyrex|Unnerve\n|turn|1\n|\n|t:|1736837234\n|move|p2a: Grimmsnarl|Fake Out|p1a: Smeargle\n|-damage|p1a: Smeargle|84\/100\n|cant|p1a: Smeargle|flinch\n|move|p2b: Calyrex|Nasty Plot|p2b: Calyrex\n|-boost|p2b: Calyrex|spa|2\n|move|p1b: Calyrex|Trick Room|p1b: Calyrex\n|-fieldstart|move: Trick Room|[of] p1b: Calyrex\n|\n|upkeep\n|turn|2\n|\n|t:|1736837253\n|move|p1b: Calyrex|Protect|p1b: Calyrex\n|-singleturn|p1b: Calyrex|Protect\n|move|p2a: Grimmsnarl|Reflect|p2a: Grimmsnarl\n|-sidestart|p2: massan2580|Reflect\n|move|p1a: Smeargle|Spore|p2b: Calyrex\n|-status|p2b: Calyrex|slp|[from] move: Spore\n|cant|p2b: Calyrex|slp\n|\n|upkeep\n|turn|3\n|\n|t:|1736837264\n|switch|p2a: Clefairy|Clefairy, L50, F|100\/100\n|move|p1a: Smeargle|Spore|p2a: Clefairy\n|-status|p2a: Clefairy|slp|[from] move: Spore\n|move|p1b: Calyrex|Glacial Lance|p2b: Calyrex|[spread] p2a,p2b\n|-damage|p2a: Clefairy|69\/100 slp\n|-damage|p2b: Calyrex|77\/100 slp\n|cant|p2b: Calyrex|slp\n|\n|-heal|p2b: Calyrex|83\/100 slp|[from] item: Leftovers\n|upkeep\n|turn|4\n|\n|t:|1736837276\n|-terastallize|p1b: Calyrex|Water\n|cant|p2a: Clefairy|slp\n|move|p1a: Smeargle|Decorate|p1b: Calyrex\n|-boost|p1b: Calyrex|atk|2\n|-boost|p1b: Calyrex|spa|2\n|move|p1b: Calyrex|Glacial Lance|p2b: Calyrex|[spread] p2a,p2b\n|-damage|p2a: Clefairy|1\/100 slp\n|-damage|p2b: Calyrex|38\/100 slp\n|-curestatus|p2b: Calyrex|slp|[msg]\n|move|p2b: Calyrex|Giga Drain|p1a: Smeargle\n|-damage|p1a: Smeargle|0 fnt\n|-heal|p2b: Calyrex|71\/100|[from] drain|[of] p1a: Smeargle\n|faint|p1a: Smeargle\n|-ability|p2b: Calyrex|Grim Neigh|boost\n|-boost|p2b: Calyrex|spa|1\n|\n|-heal|p2b: Calyrex|76\/100|[from] item: Leftovers\n|upkeep\n|\n|t:|1736837287\n|switch|p1a: Urshifu|Urshifu, L50, F|100\/100\n|turn|5\n|\n|t:|1736837320\n|switch|p2a: Rillaboom|Rillaboom, L50, M|100\/100\n|-fieldstart|move: Grassy Terrain|[from] ability: Grassy Surge|[of] p2a: Rillaboom\n|-terastallize|p2b: Calyrex|Grass\n|move|p2b: Calyrex|Protect|p2b: Calyrex\n|-singleturn|p2b: Calyrex|Protect\n|move|p1b: Calyrex|Glacial Lance|p2b: Calyrex|[spread] p2a\n|-activate|p2b: Calyrex|move: Protect\n|-supereffective|p2a: Rillaboom\n|-damage|p2a: Rillaboom|0 fnt\n|faint|p2a: Rillaboom\n|-ability|p1b: Calyrex|Chilling Neigh|boost\n|-boost|p1b: Calyrex|atk|1\n|move|p1a: Urshifu|Wicked Blow|p2b: Calyrex\n|-crit|p2b: Calyrex\n|-damage|p2b: Calyrex|19\/100\n|\n|-heal|p2b: Calyrex|25\/100|[from] Grassy Terrain\n|-heal|p2b: Calyrex|31\/100|[from] item: Leftovers\n|-fieldend|move: Trick Room\n|upkeep\n|\n|t:|1736837333\n|switch|p2a: Grimmsnarl|Grimmsnarl, L50, M|100\/100\n|turn|6\n|\n|t:|1736837345\n|move|p1a: Urshifu|Detect|p1a: Urshifu\n|-singleturn|p1a: Urshifu|Protect\n|move|p1b: Calyrex|Protect|p1b: Calyrex\n|-singleturn|p1b: Calyrex|Protect\n|move|p2a: Grimmsnarl|Fake Out|p1a: Urshifu\n|-activate|p1a: Urshifu|move: Protect\n|move|p2b: Calyrex|Giga Drain|p1b: Calyrex\n|-activate|p1b: Calyrex|move: Protect\n|\n|-heal|p2b: Calyrex|37\/100|[from] Grassy Terrain\n|-heal|p2b: Calyrex|43\/100|[from] item: Leftovers\n|upkeep\n|turn|7\n|\n|t:|1736837362\n|switch|p2a: Clefairy|Clefairy, L50, F|1\/100 slp\n|switch|p1b: Raging Bolt|Raging Bolt, L50|100\/100\n|move|p2b: Calyrex|Giga Drain|p1b: Raging Bolt\n|-resisted|p1b: Raging Bolt\n|-damage|p1b: Raging Bolt|46\/100\n|-heal|p2b: Calyrex|73\/100|[from] drain|[of] p1b: Raging Bolt\n|move|p1a: Urshifu|Wicked Blow|p2b: Calyrex\n|-crit|p2b: Calyrex\n|-damage|p2b: Calyrex|28\/100\n|\n|-heal|p2b: Calyrex|33\/100|[from] Grassy Terrain\n|-heal|p2b: Calyrex|39\/100|[from] item: Leftovers\n|-heal|p1b: Raging Bolt|52\/100|[from] Grassy Terrain\n|-heal|p2a: Clefairy|7\/100 slp|[from] Grassy Terrain\n|upkeep\n|turn|8\n|\n|t:|1736837376\n|cant|p2a: Clefairy|slp\n|move|p1a: Urshifu|Sucker Punch|p2b: Calyrex\n|-damage|p2b: Calyrex|19\/100\n|move|p1b: Raging Bolt|Thunderclap|p2b: Calyrex\n|-resisted|p2b: Calyrex\n|-damage|p2b: Calyrex|1\/100\n|-damage|p1b: Raging Bolt|42\/100|[from] item: Life Orb\n|move|p2b: Calyrex|Astral Barrage|p1b: Raging Bolt|[spread] p1a,p1b\n|-resisted|p1a: Urshifu\n|-damage|p1a: Urshifu|29\/100\n|-damage|p1b: Raging Bolt|0 fnt\n|faint|p1b: Raging Bolt\n|-end|p1b: Raging Bolt|Protosynthesis|[silent]\n|-ability|p2b: Calyrex|Grim Neigh|boost\n|-boost|p2b: Calyrex|spa|1\n|\n|-heal|p2b: Calyrex|7\/100|[from] Grassy Terrain\n|-heal|p2b: Calyrex|13\/100|[from] item: Leftovers\n|-heal|p1a: Urshifu|35\/100|[from] Grassy Terrain\n|-heal|p2a: Clefairy|13\/100 slp|[from] Grassy Terrain\n|upkeep\n|\n|t:|1736837380\n|switch|p1b: Calyrex|Calyrex-Ice, L50, tera:Water|100\/100\n|-ability|p1b: Calyrex|As One\n|-ability|p1b: Calyrex|Unnerve\n|turn|9\n|\n|t:|1736837394\n|cant|p2a: Clefairy|slp\n|move|p2b: Calyrex|Giga Drain|p1b: Calyrex\n|-supereffective|p1b: Calyrex\n|-damage|p1b: Calyrex|0 fnt\n|-heal|p2b: Calyrex|63\/100|[from] drain|[of] p1b: Calyrex\n|faint|p1b: Calyrex\n|-ability|p2b: Calyrex|Grim Neigh|boost\n|-boost|p2b: Calyrex|spa|1\n|move|p1a: Urshifu|Wicked Blow|p2b: Calyrex\n|-crit|p2b: Calyrex\n|-damage|p2b: Calyrex|20\/100\n|\n|-heal|p2b: Calyrex|26\/100|[from] Grassy Terrain\n|-heal|p2b: Calyrex|32\/100|[from] item: Leftovers\n|-heal|p1a: Urshifu|41\/100|[from] Grassy Terrain\n|-heal|p2a: Clefairy|20\/100 slp|[from] Grassy Terrain\n|-sideend|p2: massan2580|Reflect\n|-fieldend|move: Grassy Terrain\n|upkeep\n|turn|10\n|-message|Lichuweijixi forfeited.\n|\n|win|massan2580\n|raw|Lichuweijixi's rating: 1616 &rarr; <strong>1592<\/strong><br \/>(-24 for losing)\n|raw|massan2580's rating: 1551 &rarr; <strong>1575<\/strong><br \/>(+24 for winning)\n|l|\u2606Lichuweijixi\n|player|p1|\n|l|\u2606massan2580\n|player|p2|\n","uploadtime":1736837669,"views":9,"formatid":"gen9vgc2025regg","rating":1575,"private":0,"password":null}