{"id":"gen9vgc2025regg-2280494842","format":"[Gen 9] VGC 2025 Reg G","players":["Pneumatictoad","Anna giacristo"],"log":"|j|\u2606Pneumatictoad\n|j|\u2606Anna giacristo\n|t:|1736802382\n|gametype|doubles\n|player|p1|Pneumatictoad|janine|1561\n|player|p2|Anna giacristo|169|1538\n|teamsize|p1|6\n|teamsize|p2|6\n|gen|9\n|tier|[Gen 9] VGC 2025 Reg G\n|rated|\n|rule|Species Clause: Limit one of each Pok\u00e9mon\n|rule|Item Clause: Limit 1 of each item\n|clearpoke\n|poke|p1|Calyrex-Ice, L50|\n|poke|p1|Trapinch, L50, M|\n|poke|p1|Annihilape, L50, M|\n|poke|p1|Pelipper, L50, F|\n|poke|p1|Jigglypuff, L50, M|\n|poke|p1|Golem-Alola, L50, F|\n|poke|p2|Calyrex-Shadow, L50|\n|poke|p2|Maushold-Four, L50|\n|poke|p2|Dondozo, L50, M|\n|poke|p2|Tatsugiri-Droopy, L50, M|\n|poke|p2|Weezing-Galar, L50, M|\n|poke|p2|Iron Hands, L50|\n|teampreview|4\n|\n|t:|1736802421\n|start\n|switch|p1a: Annihilape|Annihilape, L50, M|100\/100\n|switch|p1b: Calyrex|Calyrex-Ice, L50|100\/100\n|switch|p2a: Weezing|Weezing-Galar, L50, M|100\/100\n|switch|p2b: Calyrex|Calyrex-Shadow, L50|100\/100\n|-ability|p2b: Calyrex|As One\n|-ability|p2b: Calyrex|Unnerve\n|-ability|p2a: Weezing|Neutralizing Gas\n|-ability|p1b: Calyrex|As One\n|-ability|p1b: Calyrex|Unnerve\n|turn|1\n|\n|t:|1736802436\n|-terastallize|p1b: Calyrex|Grass\n|move|p1a: Annihilape|Final Gambit|p2a: Weezing\n|-damage|p2a: Weezing|0 fnt\n|faint|p1a: Annihilape\n|faint|p2a: Weezing\n|-end|p2a: Weezing|ability: Neutralizing Gas\n|move|p2b: Calyrex|Astral Barrage|p1b: Calyrex\n|-damage|p1b: Calyrex|20\/100\n|move|p1b: Calyrex|Trick Room|p1b: Calyrex\n|-fieldstart|move: Trick Room|[of] p1b: Calyrex\n|\n|upkeep\n|\n|t:|1736802458\n|switch|p2a: Dondozo|Dondozo, L50, M, shiny|100\/100\n|switch|p1a: Jigglypuff|Jigglypuff, L50, M|100\/100\n|turn|2\n|\n|t:|1736802477\n|switch|p2b: Tatsugiri|Tatsugiri-Droopy, L50, M|100\/100\n|-activate|p2b: Tatsugiri|ability: Commander|[of] p2a: Dondozo\n|-boost|p2a: Dondozo|atk|2\n|-boost|p2a: Dondozo|spa|2\n|-boost|p2a: Dondozo|spe|2\n|-boost|p2a: Dondozo|def|2\n|-boost|p2a: Dondozo|spd|2\n|move|p1a: Jigglypuff|Heal Pulse|p1b: Calyrex\n|-heal|p1b: Calyrex|71\/100\n|move|p1b: Calyrex|Seed Bomb|p2a: Dondozo\n|-supereffective|p2a: Dondozo\n|-damage|p2a: Dondozo|69\/100\n|move|p2a: Dondozo|Order Up|p1b: Calyrex\n|-damage|p1b: Calyrex|54\/100\n|-boost|p2a: Dondozo|def|1\n|\n|-heal|p2a: Dondozo|75\/100|[from] item: Leftovers\n|upkeep\n|turn|3\n|j| Queenliu2\n|\n|t:|1736802500\n|move|p1b: Calyrex|Protect|p1b: Calyrex\n|-singleturn|p1b: Calyrex|Protect\n|move|p1a: Jigglypuff|Perish Song|p1a: Jigglypuff\n|-start|p1a: Jigglypuff|perish3|[silent]\n|-start|p1b: Calyrex|perish3|[silent]\n|-start|p2a: Dondozo|perish3|[silent]\n|-miss|p1a: Jigglypuff|p2b: Tatsugiri\n|-fieldactivate|move: Perish Song\n|move|p2a: Dondozo|Body Press|p1a: Jigglypuff\n|-damage|p1a: Jigglypuff|37\/100\n|\n|-heal|p2a: Dondozo|81\/100|[from] item: Leftovers\n|-start|p1a: Jigglypuff|perish3\n|-start|p1b: Calyrex|perish3\n|-start|p2a: Dondozo|perish3\n|upkeep\n|turn|4\n|\n|t:|1736802557\n|switch|p1b: Trapinch|Trapinch, L50, M|100\/100\n|move|p1a: Jigglypuff|Protect|p1a: Jigglypuff\n|-singleturn|p1a: Jigglypuff|Protect\n|move|p2a: Dondozo|Body Press|p1b: Trapinch\n|-enditem|p1b: Trapinch|Focus Sash\n|-damage|p1b: Trapinch|1\/100\n|\n|-heal|p2a: Dondozo|87\/100|[from] item: Leftovers\n|-start|p1a: Jigglypuff|perish2\n|-start|p2a: Dondozo|perish2\n|upkeep\n|turn|5\n|\n|t:|1736802582\n|move|p1a: Jigglypuff|Protect|p1a: Jigglypuff\n|-singleturn|p1a: Jigglypuff|Protect\n|move|p1b: Trapinch|Fissure|p2a: Dondozo\n|-damage|p2a: Dondozo|0 fnt\n|faint|p2a: Dondozo\n|-ohko\n|\n|-start|p1a: Jigglypuff|perish1\n|-fieldend|move: Trick Room\n|upkeep\n|\n|t:|1736802587\n|switch|p2a: Calyrex|Calyrex-Shadow, L50|100\/100\n|-ability|p2a: Calyrex|As One\n|-ability|p2a: Calyrex|Unnerve\n|turn|6\n|\n|t:|1736802621\n|move|p1b: Trapinch|Protect|p1b: Trapinch\n|-singleturn|p1b: Trapinch|Protect\n|move|p2a: Calyrex|Psychic|p1a: Jigglypuff\n|-damage|p1a: Jigglypuff|0 fnt\n|faint|p1a: Jigglypuff\n|-ability|p2a: Calyrex|Grim Neigh|boost\n|-boost|p2a: Calyrex|spa|1\n|move|p2b: Tatsugiri|Icy Wind|p1b: Trapinch\n|-activate|p1b: Trapinch|move: Protect\n|\n|upkeep\n|\n|t:|1736802623\n|switch|p1a: Calyrex|Calyrex-Ice, L50, tera:Grass|54\/100\n|-ability|p1a: Calyrex|As One\n|-ability|p1a: Calyrex|Unnerve\n|turn|7\n|c|\u2606Pneumatictoad|Gg\n|\n|t:|1736802637\n|-terastallize|p2b: Tatsugiri|Stellar\n|move|p2a: Calyrex|Psychic|p1a: Calyrex\n|-damage|p1a: Calyrex|0 fnt\n|faint|p1a: Calyrex\n|-ability|p2a: Calyrex|Grim Neigh|boost\n|-boost|p2a: Calyrex|spa|1\n|move|p2b: Tatsugiri|Icy Wind|p1b: Trapinch|[miss]\n|-miss|p2b: Tatsugiri|p1b: Trapinch\n|move|p1b: Trapinch|Fissure|p2a: Calyrex|[miss]\n|-miss|p1b: Trapinch|p2a: Calyrex\n|\n|upkeep\n|turn|8\n|\n|t:|1736802650\n|move|p2a: Calyrex|Psychic|p1b: Trapinch\n|-damage|p1b: Trapinch|0 fnt\n|faint|p1b: Trapinch\n|\n|win|Anna giacristo\n|raw|Pneumatictoad's rating: 1578 &rarr; <strong>1556<\/strong><br \/>(-22 for losing)\n|raw|Anna giacristo's rating: 1538 &rarr; <strong>1560<\/strong><br \/>(+22 for winning)\n|l|\u2606Pneumatictoad\n|player|p1|\n|l|\u2606Anna giacristo\n|player|p2|\n|l| Queenliu2\n","uploadtime":1736802819,"views":6,"formatid":"gen9vgc2025regg","rating":1556,"private":0,"password":null}