{"id":"gen9vgc2025regg-2280856617","format":"[Gen 9] VGC 2025 Reg G","players":["SamP_64","cobalt_poke"],"log":"|j|\u2606SamP_64\n|j|\u2606cobalt_poke\n|t:|1736856377\n|gametype|doubles\n|player|p1|SamP_64|cyrus|1512\n|player|p2|cobalt_poke|1|1564\n|teamsize|p1|6\n|teamsize|p2|6\n|gen|9\n|tier|[Gen 9] VGC 2025 Reg G\n|rated|\n|rule|Species Clause: Limit one of each Pok\u00e9mon\n|rule|Item Clause: Limit 1 of each item\n|clearpoke\n|poke|p1|Incineroar, L50, M|\n|poke|p1|Rillaboom, L50, F|\n|poke|p1|Flutter Mane, L50|\n|poke|p1|Urshifu-*, L50, F|\n|poke|p1|Terapagos, L50, M|\n|poke|p1|Amoonguss, L50, M|\n|poke|p2|Weezing-Galar, L50, M|\n|poke|p2|Calyrex-Shadow, L50|\n|poke|p2|Dondozo, L50, M|\n|poke|p2|Tatsugiri, L50, M|\n|poke|p2|Incineroar, L50, F|\n|poke|p2|Azumarill, L50, F|\n|teampreview|4\n|inactive|Battle timer is ON: inactive players will automatically lose when time's up. (requested by SamP_64)\n|j| shadow193\n|inactive|SamP_64 has 60 seconds left.\n|inactive|cobalt_poke has 60 seconds left.\n|\n|t:|1736856414\n|start\n|switch|p1a: Incineroar|Incineroar, L50, M|100\/100\n|switch|p1b: Terapagos|Terapagos, L50, M|100\/100\n|switch|p2a: Weezing|Weezing-Galar, L50, M|100\/100\n|switch|p2b: Incineroar|Incineroar, L50, F|100\/100\n|-activate|p1b: Terapagos|ability: Tera Shift\n|detailschange|p1b: Terapagos|Terapagos-Terastal, L50, M\n|-heal|p1b: Terapagos|100\/100|[silent]\n|-ability|p2a: Weezing|Neutralizing Gas\n|turn|1\n|\n|t:|1736856428\n|move|p1a: Incineroar|Fake Out|p2a: Weezing\n|-damage|p2a: Weezing|90\/100\n|move|p2b: Incineroar|Fake Out|p1b: Terapagos\n|-damage|p1b: Terapagos|92\/100\n|cant|p1b: Terapagos|flinch\n|cant|p2a: Weezing|flinch\n|\n|-heal|p1b: Terapagos|97\/100|[from] item: Leftovers\n|upkeep\n|turn|2\n|\n|t:|1736856450\n|move|p1b: Terapagos|Protect|p1b: Terapagos\n|-singleturn|p1b: Terapagos|Protect\n|move|p1a: Incineroar|Parting Shot|p2b: Incineroar\n|-unboost|p2b: Incineroar|atk|1\n|-unboost|p2b: Incineroar|spa|1\n|\n|t:|1736856461\n|switch|p1a: Rillaboom|Rillaboom, L50, F|100\/100|[from] Parting Shot\n|move|p2a: Weezing|Poison Gas|p1b: Terapagos|[spread] p1a\n|-activate|p1b: Terapagos|move: Protect\n|-status|p1a: Rillaboom|psn\n|move|p2b: Incineroar|Knock Off|p1b: Terapagos\n|-activate|p1b: Terapagos|move: Protect\n|\n|-heal|p1b: Terapagos|100\/100|[from] item: Leftovers\n|-damage|p1a: Rillaboom|88\/100 psn|[from] psn\n|upkeep\n|turn|3\n|l| shadow193\n|\n|t:|1736856478\n|move|p2a: Weezing|Protect|p2a: Weezing\n|-singleturn|p2a: Weezing|Protect\n|move|p1a: Rillaboom|Fake Out|p2b: Incineroar\n|-damage|p2b: Incineroar|91\/100\n|move|p1b: Terapagos|Substitute|p1b: Terapagos\n|-start|p1b: Terapagos|Substitute\n|-damage|p1b: Terapagos|76\/100\n|cant|p2b: Incineroar|flinch\n|\n|-heal|p1b: Terapagos|82\/100|[from] item: Leftovers\n|-damage|p1a: Rillaboom|76\/100 psn|[from] psn\n|upkeep\n|turn|4\n|\n|t:|1736856492\n|move|p1a: Rillaboom|U-turn|p2b: Incineroar\n|-damage|p2b: Incineroar|74\/100\n|\n|t:|1736856495\n|switch|p1a: Incineroar|Incineroar, L50, M|100\/100|[from] U-turn\n|move|p1b: Terapagos|Calm Mind|p1b: Terapagos\n|-boost|p1b: Terapagos|spa|1\n|-boost|p1b: Terapagos|spd|1\n|move|p2a: Weezing|Toxic Spikes|p1b: Terapagos\n|-sidestart|p1: SamP_64|move: Toxic Spikes\n|move|p2b: Incineroar|Parting Shot|p1b: Terapagos\n|-unboost|p1b: Terapagos|atk|1\n|-unboost|p1b: Terapagos|spa|1\n|\n|t:|1736856507\n|switch|p2b: Dondozo|Dondozo, L50, M|100\/100|[from] Parting Shot\n|\n|-heal|p1b: Terapagos|87\/100|[from] item: Leftovers\n|upkeep\n|turn|5\n|\n|t:|1736856514\n|move|p2b: Dondozo|Protect|p2b: Dondozo\n|-singleturn|p2b: Dondozo|Protect\n|move|p1a: Incineroar|Fake Out|p2b: Dondozo\n|-activate|p2b: Dondozo|move: Protect\n|move|p1b: Terapagos|Calm Mind|p1b: Terapagos\n|-boost|p1b: Terapagos|spa|1\n|-boost|p1b: Terapagos|spd|1\n|move|p2a: Weezing|Poison Gas||[still]|[spread] p1a,p1b\n|-fail|p2a: Weezing\n|-status|p1a: Incineroar|psn\n|\n|-heal|p1b: Terapagos|93\/100|[from] item: Leftovers\n|-damage|p1a: Incineroar|88\/100 psn|[from] psn\n|upkeep\n|turn|6\n|j| winnerdog\n|inactive|SamP_64 has 30 seconds left.\n|\n|t:|1736856544\n|switch|p1a: Amoonguss|Amoonguss, L50, M|100\/100\n|-sideend|p1: SamP_64|move: Toxic Spikes|[of] p1a: Amoonguss\n|-end|p2a: Weezing|ability: Neutralizing Gas\n|switch|p2a: Tatsugiri|Tatsugiri, L50, M|100\/100\n|-activate|p2a: Tatsugiri|ability: Commander|[of] p2b: Dondozo\n|-boost|p2b: Dondozo|atk|2\n|-boost|p2b: Dondozo|spa|2\n|-boost|p2b: Dondozo|spe|2\n|-boost|p2b: Dondozo|def|2\n|-boost|p2b: Dondozo|spd|2\n|move|p2b: Dondozo|Order Up|p1a: Amoonguss\n|-damage|p1a: Amoonguss|64\/100\n|-boost|p2b: Dondozo|atk|1\n|move|p1b: Terapagos|Calm Mind|p1b: Terapagos\n|-boost|p1b: Terapagos|spa|1\n|-boost|p1b: Terapagos|spd|1\n|\n|-heal|p1b: Terapagos|99\/100|[from] item: Leftovers\n|upkeep\n|turn|7\n|inactive|SamP_64 has 30 seconds left.\n|\n|t:|1736856573\n|-terastallize|p2b: Dondozo|Grass\n|move|p2b: Dondozo|Wave Crash|p1a: Amoonguss\n|-resisted|p1a: Amoonguss\n|-damage|p1a: Amoonguss|18\/100\n|-enditem|p1a: Amoonguss|Sitrus Berry|[eat]\n|-heal|p1a: Amoonguss|43\/100|[from] item: Sitrus Berry\n|-damage|p2b: Dondozo|88\/100|[from] Recoil\n|move|p1b: Terapagos|Calm Mind|p1b: Terapagos\n|-boost|p1b: Terapagos|spa|1\n|-boost|p1b: Terapagos|spd|1\n|move|p1a: Amoonguss|Clear Smog|p2b: Dondozo\n|-supereffective|p2b: Dondozo\n|-damage|p2b: Dondozo|71\/100\n|-clearboost|p2b: Dondozo\n|\n|-heal|p1b: Terapagos|100\/100|[from] item: Leftovers\n|-heal|p2b: Dondozo|78\/100|[from] item: Leftovers\n|upkeep\n|turn|8\n|-message|cobalt_poke forfeited.\n|\n|win|SamP_64\n|raw|SamP_64's rating: 1512 &rarr; <strong>1535<\/strong><br \/>(+23 for winning)\n|raw|cobalt_poke's rating: 1564 &rarr; <strong>1541<\/strong><br \/>(-23 for losing)\n|l|\u2606cobalt_poke\n|player|p2|\n|l|\u2606SamP_64\n|player|p1|\n","uploadtime":1736856786,"views":15,"formatid":"gen9vgc2025regg","rating":1535,"private":0,"password":null}