{"id":"gen9vgc2025regg-2280970866","format":"[Gen 9] VGC 2025 Reg G","players":["BorisJohnsonVGC","Stellalunala"],"log":"|j|\u2606BorisJohnsonVGC\n|j|\u2606Stellalunala\n|t:|1736870322\n|gametype|doubles\n|player|p1|BorisJohnsonVGC|lucas|1549\n|player|p2|Stellalunala|101|1507\n|teamsize|p1|6\n|teamsize|p2|6\n|gen|9\n|tier|[Gen 9] VGC 2025 Reg G\n|rated|\n|rule|Species Clause: Limit one of each Pok\u00e9mon\n|rule|Item Clause: Limit 1 of each item\n|clearpoke\n|poke|p1|Lunala, L50|\n|poke|p1|Indeedee-F, L50, F|\n|poke|p1|Urshifu-*, L50, F|\n|poke|p1|Tornadus, L50, M|\n|poke|p1|Ursaluna, L50, F|\n|poke|p1|Chi-Yu, L50|\n|poke|p2|Miraidon, L50|\n|poke|p2|Farigiraf, L50, M|\n|poke|p2|Whimsicott, L50, M|\n|poke|p2|Urshifu-*, L50, M|\n|poke|p2|Iron Hands, L50|\n|poke|p2|Ogerpon-Hearthflame, L50, F|\n|teampreview|4\n|c|\u2606Stellalunala|Glhf\n|c|\u2606BorisJohnsonVGC|glhf\n|c|\u2606Stellalunala|i was using a fast lunala ursaluna team a few weeks ago! Yours looks cool\n|j| seagel\n|c|\u2606BorisJohnsonVGC|Thanks! I strongly believe that Lunala with both trick room and tailwind is good for the global challenge\n|\n|t:|1736870405\n|start\n|switch|p1a: Lunala|Lunala, L50|100\/100\n|switch|p1b: Urshifu|Urshifu-Rapid-Strike, L50, F|100\/100\n|switch|p2a: Miraidon|Miraidon, L50|100\/100\n|switch|p2b: Farigiraf|Farigiraf, L50, M|100\/100\n|-fieldstart|move: Electric Terrain|[from] ability: Hadron Engine|[of] p2a: Miraidon\n|-enditem|p2b: Farigiraf|Electric Seed\n|-boost|p2b: Farigiraf|def|1|[from] item: Electric Seed\n|turn|1\n|\n|t:|1736870432\n|move|p1b: Urshifu|U-turn|p2b: Farigiraf\n|-supereffective|p2b: Farigiraf\n|-damage|p2b: Farigiraf|73\/100\n|\n|t:|1736870435\n|switch|p1b: Indeedee|Indeedee-F, L50, F|100\/100|[from] U-turn\n|-fieldstart|move: Psychic Terrain|[from] ability: Psychic Surge|[of] p1b: Indeedee\n|move|p2a: Miraidon|Volt Switch|p1a: Lunala\n|-damage|p1a: Lunala|81\/100\n|\n|t:|1736870448\n|switch|p2a: Urshifu|Urshifu-Rapid-Strike, L50, M|100\/100|[from] Volt Switch\n|move|p1a: Lunala|Expanding Force|p2b: Farigiraf|[spread] p2a,p2b\n|-supereffective|p2a: Urshifu\n|-resisted|p2b: Farigiraf\n|-enditem|p2a: Urshifu|Focus Sash\n|-damage|p2a: Urshifu|1\/100\n|-damage|p2b: Farigiraf|41\/100\n|move|p2b: Farigiraf|Foul Play|p1a: Lunala\n|-supereffective|p1a: Lunala\n|-damage|p1a: Lunala|11\/100\n|\n|upkeep\n|turn|2\n|\n|t:|1736870486\n|switch|p2a: Miraidon|Miraidon, L50|100\/100\n|-fieldstart|move: Electric Terrain|[from] ability: Hadron Engine|[of] p2a: Miraidon\n|move|p1b: Indeedee|Follow Me|p1b: Indeedee\n|-singleturn|p1b: Indeedee|move: Follow Me\n|move|p1a: Lunala|Meteor Beam||[still]\n|-prepare|p1a: Lunala|Meteor Beam\n|-boost|p1a: Lunala|spa|1\n|-enditem|p1a: Lunala|Power Herb\n|-anim|p1a: Lunala|Meteor Beam|p2b: Farigiraf\n|-damage|p2b: Farigiraf|0 fnt\n|faint|p2b: Farigiraf\n|\n|upkeep\n|l| seagel\n|j| nistaka\n|\n|t:|1736870502\n|switch|p2b: Iron Hands|Iron Hands, L50|100\/100\n|-activate|p2b: Iron Hands|ability: Quark Drive\n|-start|p2b: Iron Hands|quarkdriveatk\n|turn|3\n|\n|t:|1736870523\n|switch|p1b: Ursaluna|Ursaluna, L50, F|100\/100\n|move|p1a: Lunala|Wide Guard|p1a: Lunala\n|-singleturn|p1a: Lunala|Wide Guard\n|move|p2a: Miraidon|Electro Drift|p1a: Lunala\n|-damage|p1a: Lunala|0 fnt\n|faint|p1a: Lunala\n|move|p2b: Iron Hands|Wild Charge|p1b: Ursaluna\n|-immune|p1b: Ursaluna\n|\n|-status|p1b: Ursaluna|brn|[from] item: Flame Orb\n|upkeep\n|\n|t:|1736870533\n|switch|p1a: Indeedee|Indeedee-F, L50, F|100\/100\n|-fieldstart|move: Psychic Terrain|[from] ability: Psychic Surge|[of] p1a: Indeedee\n|-end|p2b: Iron Hands|Quark Drive\n|turn|4\n|\n|t:|1736870585\n|switch|p1a: Urshifu|Urshifu-Rapid-Strike, L50, F|100\/100\n|-terastallize|p2a: Miraidon|Fairy\n|-terastallize|p1b: Ursaluna|Poison\n|move|p2a: Miraidon|Electro Drift|p1a: Urshifu\n|-supereffective|p1a: Urshifu\n|-damage|p1a: Urshifu|0 fnt\n|faint|p1a: Urshifu\n|move|p1b: Ursaluna|Earthquake|p2a: Miraidon|[spread] p2a,p2b\n|-supereffective|p2b: Iron Hands\n|-damage|p2a: Miraidon|42\/100\n|-damage|p2b: Iron Hands|10\/100\n|move|p2b: Iron Hands|Low Kick|p1b: Ursaluna\n|-resisted|p1b: Ursaluna\n|-damage|p1b: Ursaluna|74\/100 brn\n|\n|-damage|p1b: Ursaluna|68\/100 brn|[from] brn\n|upkeep\n|\n|t:|1736870598\n|switch|p1a: Indeedee|Indeedee-F, L50, F|100\/100\n|turn|5\n|\n|t:|1736870650\n|move|p1b: Ursaluna|Protect|p1b: Ursaluna\n|-singleturn|p1b: Ursaluna|Protect\n|move|p2a: Miraidon|Electro Drift|p1a: Indeedee\n|-damage|p1a: Indeedee|17\/100\n|-damage|p2a: Miraidon|26\/100|[from] item: Rocky Helmet|[of] p1a: Indeedee\n|move|p2b: Iron Hands|Wild Charge|p1b: Ursaluna\n|-activate|p1b: Ursaluna|move: Protect\n|move|p1a: Indeedee|Trick Room|p1a: Indeedee\n|-fieldstart|move: Trick Room|[of] p1a: Indeedee\n|\n|-damage|p1b: Ursaluna|62\/100 brn|[from] brn\n|upkeep\n|turn|6\n|c|\u2606Stellalunala|Well played\n|\n|t:|1736870682\n|move|p1a: Indeedee|Follow Me|p1a: Indeedee\n|-singleturn|p1a: Indeedee|move: Follow Me\n|move|p2b: Iron Hands|Wild Charge|p1a: Indeedee\n|-damage|p1a: Indeedee|0 fnt\n|-damage|p2b: Iron Hands|0 fnt|[from] item: Rocky Helmet|[of] p1a: Indeedee\n|faint|p1a: Indeedee\n|faint|p2b: Iron Hands\n|-end|p2b: Iron Hands|Quark Drive|[silent]\n|move|p1b: Ursaluna|Earthquake|p2a: Miraidon\n|-damage|p2a: Miraidon|0 fnt\n|faint|p2a: Miraidon\n|\n|-damage|p1b: Ursaluna|56\/100 brn|[from] brn\n|upkeep\n|\n|t:|1736870684\n|switch|p2a: Urshifu|Urshifu-Rapid-Strike, L50, M|1\/100\n|turn|7\n|c|\u2606Stellalunala|Triple detect coming in hot\n|c|\u2606BorisJohnsonVGC|gg\n|c|\u2606BorisJohnsonVGC|Lol\n|\n|t:|1736870701\n|move|p2a: Urshifu|Detect|p2a: Urshifu\n|-singleturn|p2a: Urshifu|Protect\n|move|p1b: Ursaluna|Facade|p2a: Urshifu\n|-activate|p2a: Urshifu|move: Protect\n|\n|-damage|p1b: Ursaluna|50\/100 brn|[from] brn\n|upkeep\n|turn|8\n|\n|t:|1736870703\n|move|p2a: Urshifu|Detect|p2a: Urshifu\n|-singleturn|p2a: Urshifu|Protect\n|move|p1b: Ursaluna|Facade|p2a: Urshifu\n|-activate|p2a: Urshifu|move: Protect\n|\n|-damage|p1b: Ursaluna|44\/100 brn|[from] brn\n|-fieldend|move: Psychic Terrain\n|upkeep\n|turn|9\n|c|\u2606BorisJohnsonVGC|No way\n|\n|t:|1736870712\n|move|p2a: Urshifu|Detect|p2a: Urshifu\n|-singleturn|p2a: Urshifu|Protect\n|move|p1b: Ursaluna|Facade|p2a: Urshifu\n|-activate|p2a: Urshifu|move: Protect\n|\n|-damage|p1b: Ursaluna|39\/100 brn|[from] brn\n|-fieldend|move: Trick Room\n|upkeep\n|turn|10\n|c|\u2606Stellalunala|I\u2019m so sorry\n|c|\u2606BorisJohnsonVGC|Rip\n|c|\u2606BorisJohnsonVGC|No worries, it's been fun\n|\n|t:|1736870729\n|move|p2a: Urshifu|Surging Strikes|p1b: Ursaluna\n|-crit|p1b: Ursaluna\n|-damage|p1b: Ursaluna|21\/100 brn\n|-crit|p1b: Ursaluna\n|-damage|p1b: Ursaluna|4\/100 brn\n|-crit|p1b: Ursaluna\n|-damage|p1b: Ursaluna|0 fnt\n|faint|p1b: Ursaluna\n|-hitcount|p1: Ursaluna|3\n|\n|win|Stellalunala\n|raw|BorisJohnsonVGC's rating: 1549 &rarr; <strong>1527<\/strong><br \/>(-22 for losing)\n|raw|Stellalunala's rating: 1507 &rarr; <strong>1529<\/strong><br \/>(+22 for winning)\n|c|\u2606Stellalunala|You deserved that one\n|c|\u2606Stellalunala|Gg wo\n|c|\u2606BorisJohnsonVGC|GG\n|c|\u2606Stellalunala|*wp\n|l|\u2606BorisJohnsonVGC\n|player|p1|\n|l|\u2606Stellalunala\n|player|p2|\n","uploadtime":1736870748,"views":33,"formatid":"gen9vgc2025regg","rating":1527,"private":0,"password":null}