{"id":"gen9vgc2025regg-2280217026","format":"[Gen 9] VGC 2025 Reg G","players":["Shun.c","something123"],"log":"|j|\u2606Shun.c\n|j|\u2606something123\n|t:|1736772131\n|gametype|doubles\n|player|p1|Shun.c|101|1504\n|player|p2|something123|170|1593\n|teamsize|p1|6\n|teamsize|p2|6\n|gen|9\n|tier|[Gen 9] VGC 2025 Reg G\n|rated|\n|rule|Species Clause: Limit one of each Pok\u00e9mon\n|rule|Item Clause: Limit 1 of each item\n|clearpoke\n|poke|p1|Koraidon, L50|\n|poke|p1|Flutter Mane, L50|\n|poke|p1|Raging Bolt, L50|\n|poke|p1|Chi-Yu, L50|\n|poke|p1|Rillaboom, L50, M|\n|poke|p1|Glastrier, L50|\n|poke|p2|Miraidon, L50|\n|poke|p2|Whimsicott, L50, F|\n|poke|p2|Dondozo, L50, F|\n|poke|p2|Tatsugiri, L50, F|\n|poke|p2|Ditto, L50|\n|poke|p2|Cobalion, L50|\n|teampreview|4\n|inactive|Battle timer is ON: inactive players will automatically lose when time's up. (requested by Shun.c)\n|\n|t:|1736772186\n|start\n|switch|p1a: Koraidon|Koraidon, L50|100\/100\n|switch|p1b: Flutter Mane|Flutter Mane, L50|100\/100\n|switch|p2a: Whimsicott|Whimsicott, L50, F|100\/100\n|switch|p2b: Miraidon|Miraidon, L50|100\/100\n|-fieldstart|move: Electric Terrain|[from] ability: Hadron Engine|[of] p2b: Miraidon\n|-weather|SunnyDay|[from] ability: Orichalcum Pulse|[of] p1a: Koraidon\n|-activate|p1b: Flutter Mane|ability: Protosynthesis\n|-start|p1b: Flutter Mane|protosynthesisspe\n|-activate|p1a: Koraidon|Orichalcum Pulse|[source]\n|turn|1\n|inactive|Shun.c has 30 seconds left.\n|inactive|Shun.c has 20 seconds left.\n|inactive|Shun.c has 15 seconds left.\n|\n|t:|1736772229\n|-terastallize|p1a: Koraidon|Fire\n|move|p2b: Miraidon|Protect|p2b: Miraidon\n|-singleturn|p2b: Miraidon|Protect\n|move|p2a: Whimsicott|Tailwind|p2a: Whimsicott\n|-sidestart|p2: something123|move: Tailwind\n|move|p1b: Flutter Mane|Moonblast|p2b: Miraidon\n|-activate|p2b: Miraidon|move: Protect\n|move|p1a: Koraidon|Flame Charge|p2b: Miraidon\n|-activate|p2b: Miraidon|move: Protect\n|\n|-weather|SunnyDay|[upkeep]\n|upkeep\n|turn|2\n|inactive|something123 has 30 seconds left.\n|inactive|Shun.c has 30 seconds left.\n|inactive|something123 has 20 seconds left.\n|\n|t:|1736772269\n|-terastallize|p2b: Miraidon|Electric\n|move|p2a: Whimsicott|Helping Hand|p2b: Miraidon\n|-singleturn|p2b: Miraidon|Helping Hand|[of] p2a: Whimsicott\n|move|p1b: Flutter Mane|Protect|p1b: Flutter Mane\n|-singleturn|p1b: Flutter Mane|Protect\n|move|p2b: Miraidon|Electro Drift|p1b: Flutter Mane\n|-activate|p1b: Flutter Mane|move: Protect\n|move|p1a: Koraidon|Flame Charge|p2a: Whimsicott\n|-supereffective|p2a: Whimsicott\n|-enditem|p2a: Whimsicott|Focus Sash\n|-damage|p2a: Whimsicott|1\/100\n|-boost|p1a: Koraidon|spe|1\n|\n|-weather|SunnyDay|[upkeep]\n|upkeep\n|turn|3\n|inactive|Shun.c has 30 seconds left.\n|inactive|Shun.c has 20 seconds left.\n|inactive|Shun.c has 15 seconds left.\n|inactive|Shun.c has 10 seconds left.\n|inactive|Shun.c has 5 seconds left.\n|\n|t:|1736772323\n|-end|p1b: Flutter Mane|Protosynthesis|[silent]\n|switch|p1b: Rillaboom|Rillaboom, L50, M|100\/100\n|-fieldstart|move: Grassy Terrain|[from] ability: Grassy Surge|[of] p1b: Rillaboom\n|move|p2a: Whimsicott|Encore||[still]\n|-fail|p2a: Whimsicott\n|move|p2b: Miraidon|Volt Switch|p1a: Koraidon\n|-damage|p1a: Koraidon|56\/100\n|\n|t:|1736772332\n|switch|p2b: Ditto|Ditto, L50|100\/100|[from] Volt Switch\n|-transform|p2b: Ditto|p1a: Koraidon|[from] ability: Imposter\n|-activate|p2b: Ditto|ability: Orichalcum Pulse\n|move|p1a: Koraidon|Flame Charge|p2a: Whimsicott\n|-supereffective|p2a: Whimsicott\n|-damage|p2a: Whimsicott|0 fnt\n|-boost|p1a: Koraidon|spe|1\n|faint|p2a: Whimsicott\n|\n|-weather|SunnyDay|[upkeep]\n|-heal|p1a: Koraidon|62\/100|[from] Grassy Terrain\n|upkeep\n|\n|t:|1736772343\n|switch|p2a: Miraidon|Miraidon, L50, tera:Electric|100\/100\n|-fieldstart|move: Electric Terrain|[from] ability: Hadron Engine|[of] p2a: Miraidon\n|-start|p2b: Ditto|typechange|Fighting\/Dragon|[silent]\n|turn|4\n|inactive|Shun.c has 30 seconds left.\n|inactive|Shun.c has 20 seconds left.\n|inactive|Shun.c has 15 seconds left.\n|\n|t:|1736772386\n|move|p1b: Rillaboom|Fake Out|p2a: Miraidon\n|-damage|p2a: Miraidon|86\/100\n|move|p2b: Ditto|Flare Blitz|p1b: Rillaboom\n|-supereffective|p1b: Rillaboom\n|-damage|p1b: Rillaboom|0 fnt\n|faint|p1b: Rillaboom\n|-damage|p2b: Ditto|57\/100|[from] Recoil\n|move|p2a: Miraidon|Volt Switch|p1a: Koraidon\n|-damage|p1a: Koraidon|0 fnt\n|faint|p1a: Koraidon\n|\n|t:|1736772396\n|switch|p2a: Cobalion|Cobalion, L50|100\/100|[from] Volt Switch\n|-enditem|p2a: Cobalion|Electric Seed\n|-boost|p2a: Cobalion|def|1|[from] item: Electric Seed\n|\n|-weather|SunnyDay|[upkeep]\n|-sideend|p2: something123|move: Tailwind\n|upkeep\n|\n|t:|1736772399\n|switch|p1a: Chi-Yu|Chi-Yu, L50|100\/100\n|switch|p1b: Flutter Mane|Flutter Mane, L50|100\/100\n|-ability|p1a: Chi-Yu|Beads of Ruin\n|-activate|p1b: Flutter Mane|ability: Protosynthesis\n|-start|p1b: Flutter Mane|protosynthesisspe\n|turn|5\n|inactive|something123 has 30 seconds left.\n|inactive|something123 has 20 seconds left.\n|inactive|something123 has 15 seconds left.\n|inactive|something123 has 10 seconds left.\n|inactive|something123 has 5 seconds left.\n|\n|t:|1736772451\n|move|p2a: Cobalion|Protect|p2a: Cobalion\n|-singleturn|p2a: Cobalion|Protect\n|move|p2b: Ditto|Flare Blitz|p1b: Flutter Mane\n|-enditem|p1b: Flutter Mane|Focus Sash\n|-damage|p1b: Flutter Mane|1\/100\n|-damage|p2b: Ditto|25\/100|[from] Recoil\n|move|p1b: Flutter Mane|Dazzling Gleam|p2b: Ditto|[spread] p2b\n|-activate|p2a: Cobalion|move: Protect\n|-supereffective|p2b: Ditto\n|-damage|p2b: Ditto|0 fnt\n|faint|p2b: Ditto\n|move|p1a: Chi-Yu|Heat Wave|p2a: Cobalion\n|-activate|p2a: Cobalion|move: Protect\n|\n|-weather|none\n|-end|p1b: Flutter Mane|Protosynthesis\n|upkeep\n|\n|t:|1736772463\n|switch|p2b: Miraidon|Miraidon, L50, tera:Electric|86\/100\n|-activate|p2b: Miraidon|ability: Hadron Engine\n|turn|6\n|inactive|Shun.c has 30 seconds left.\n|inactive|something123 has 30 seconds left.\n|inactive|something123 has 20 seconds left.\n|inactive|something123 has 15 seconds left.\n|inactive|something123 has 10 seconds left.\n|\n|t:|1736772509\n|move|p1a: Chi-Yu|Heat Wave|p2a: Cobalion|[spread] p2a,p2b\n|-supereffective|p2a: Cobalion\n|-damage|p2a: Cobalion|0 fnt\n|-damage|p2b: Miraidon|39\/100\n|faint|p2a: Cobalion\n|move|p2b: Miraidon|Electro Drift|p1b: Flutter Mane\n|-damage|p1b: Flutter Mane|0 fnt\n|faint|p1b: Flutter Mane\n|-end|p1b: Flutter Mane|Protosynthesis|[silent]\n|\n|upkeep\n|turn|7\n|\n|t:|1736772519\n|move|p1a: Chi-Yu|Heat Wave|p2b: Miraidon\n|-damage|p2b: Miraidon|0 fnt\n|faint|p2b: Miraidon\n|\n|win|Shun.c\n|raw|Shun.c's rating: 1504 &rarr; <strong>1529<\/strong><br \/>(+25 for winning)\n|raw|something123's rating: 1593 &rarr; <strong>1568<\/strong><br \/>(-25 for losing)\n|l|\u2606something123\n|player|p2|\n","uploadtime":1736772533,"views":11,"formatid":"gen9vgc2025regg","rating":1529,"private":0,"password":null}