{"id":"gen9vgc2025regg-2280209094","format":"[Gen 9] VGC 2025 Reg G","players":["Axel316","BigSalta"],"log":"|j|\u2606Axel316\n|j|\u2606BigSalta\n|t:|1736770934\n|gametype|doubles\n|player|p1|Axel316|266|1536\n|player|p2|BigSalta|2|1597\n|teamsize|p1|6\n|teamsize|p2|6\n|gen|9\n|tier|[Gen 9] VGC 2025 Reg G\n|rated|\n|rule|Species Clause: Limit one of each Pok\u00e9mon\n|rule|Item Clause: Limit 1 of each item\n|clearpoke\n|poke|p1|Calyrex-Ice, L50|\n|poke|p1|Urshifu-*, L50, M|\n|poke|p1|Iron Hands, L50|\n|poke|p1|Latios, L50, M|\n|poke|p1|Pelipper, L50, M|\n|poke|p1|Archaludon, L50, M|\n|poke|p2|Kyogre, L50|\n|poke|p2|Roaring Moon, L50|\n|poke|p2|Amoonguss, L50, M|\n|poke|p2|Incineroar, L50, F|\n|poke|p2|Rillaboom, L50, M|\n|poke|p2|Urshifu-*, L50, M|\n|teampreview|4\n|\n|t:|1736770955\n|start\n|switch|p1a: Calyrex|Calyrex-Ice, L50|100\/100\n|switch|p1b: Latios|Latios, L50, M|100\/100\n|switch|p2a: Incineroar|Incineroar, L50, F|100\/100\n|switch|p2b: Urshifu|Urshifu-Rapid-Strike, L50, M|100\/100\n|-ability|p1a: Calyrex|As One\n|-ability|p1a: Calyrex|Unnerve\n|-ability|p2a: Incineroar|Intimidate|boost\n|-unboost|p1a: Calyrex|atk|1\n|-unboost|p1b: Latios|atk|1\n|turn|1\n|\n|t:|1736770977\n|move|p1b: Latios|Trick|p2a: Incineroar\n|-activate|p1b: Latios|move: Trick|[of] p2a: Incineroar\n|-item|p2a: Incineroar|Choice Scarf|[from] move: Trick\n|-item|p1b: Latios|Safety Goggles|[from] move: Trick\n|move|p2b: Urshifu|U-turn|p1b: Latios\n|-supereffective|p1b: Latios\n|-damage|p1b: Latios|27\/100\n|\n|t:|1736770985\n|switch|p2b: Kyogre|Kyogre, L50|100\/100|[from] U-turn\n|-weather|RainDance|[from] ability: Drizzle|[of] p2b: Kyogre\n|move|p2a: Incineroar|Will-O-Wisp|p1a: Calyrex\n|-status|p1a: Calyrex|brn\n|move|p1a: Calyrex|Seed Bomb|p2b: Kyogre\n|-supereffective|p2b: Kyogre\n|-damage|p2b: Kyogre|81\/100\n|\n|-weather|RainDance|[upkeep]\n|-heal|p2b: Kyogre|87\/100|[from] item: Leftovers\n|-damage|p1a: Calyrex|95\/100 brn|[from] brn\n|upkeep\n|turn|2\n|\n|t:|1736771012\n|move|p1a: Calyrex|Protect|p1a: Calyrex\n|-singleturn|p1a: Calyrex|Protect\n|move|p1b: Latios|Luster Purge|p2b: Kyogre\n|-damage|p2b: Kyogre|52\/100\n|-unboost|p2b: Kyogre|spd|1\n|move|p2a: Incineroar|Will-O-Wisp|p1b: Latios\n|-status|p1b: Latios|brn\n|move|p2b: Kyogre|Calm Mind|p2b: Kyogre\n|-boost|p2b: Kyogre|spa|1\n|-boost|p2b: Kyogre|spd|1\n|\n|-weather|RainDance|[upkeep]\n|-heal|p2b: Kyogre|58\/100|[from] item: Leftovers\n|-damage|p1b: Latios|22\/100 brn|[from] brn\n|-damage|p1a: Calyrex|89\/100 brn|[from] brn\n|upkeep\n|turn|3\n|\n|t:|1736771035\n|move|p2b: Kyogre|Protect|p2b: Kyogre\n|-singleturn|p2b: Kyogre|Protect\n|move|p1b: Latios|Luster Purge|p2b: Kyogre\n|-activate|p2b: Kyogre|move: Protect\n|move|p2a: Incineroar|Will-O-Wisp|p1a: Calyrex\n|-fail|p1a: Calyrex|brn\n|move|p1a: Calyrex|Glacial Lance|p2a: Incineroar|[spread] p2a\n|-activate|p2b: Kyogre|move: Protect\n|-resisted|p2a: Incineroar\n|-damage|p2a: Incineroar|93\/100\n|\n|-weather|RainDance|[upkeep]\n|-heal|p2b: Kyogre|64\/100|[from] item: Leftovers\n|-damage|p1b: Latios|16\/100 brn|[from] brn\n|-damage|p1a: Calyrex|83\/100 brn|[from] brn\n|upkeep\n|turn|4\n|\n|t:|1736771057\n|switch|p2a: Urshifu|Urshifu-Rapid-Strike, L50, M|100\/100\n|move|p1b: Latios|Luster Purge|p2b: Kyogre\n|-damage|p2b: Kyogre|32\/100\n|-unboost|p2b: Kyogre|spd|1\n|move|p2b: Kyogre|Origin Pulse|p1b: Latios|[spread] p1a,p1b\n|-crit|p1a: Calyrex\n|-resisted|p1b: Latios\n|-damage|p1a: Calyrex|0 fnt\n|-damage|p1b: Latios|0 fnt\n|faint|p1a: Calyrex\n|faint|p1b: Latios\n|\n|-weather|RainDance|[upkeep]\n|-heal|p2b: Kyogre|38\/100|[from] item: Leftovers\n|upkeep\n|\n|t:|1736771071\n|switch|p1b: Urshifu|Urshifu-Rapid-Strike, L50, M|100\/100\n|switch|p1a: Pelipper|Pelipper, L50, M|100\/100\n|turn|5\n|\n|t:|1736771094\n|switch|p2a: Incineroar|Incineroar, L50, F|93\/100\n|-ability|p2a: Incineroar|Intimidate|boost\n|-unboost|p1a: Pelipper|atk|1\n|-unboost|p1b: Urshifu|atk|1\n|move|p1b: Urshifu|Surging Strikes|p2b: Kyogre\n|-resisted|p2b: Kyogre\n|-crit|p2b: Kyogre\n|-damage|p2b: Kyogre|22\/100\n|-resisted|p2b: Kyogre\n|-crit|p2b: Kyogre\n|-damage|p2b: Kyogre|6\/100\n|-resisted|p2b: Kyogre\n|-crit|p2b: Kyogre\n|-damage|p2b: Kyogre|0 fnt\n|faint|p2b: Kyogre\n|-hitcount|p2: Kyogre|3\n|move|p1a: Pelipper|Hurricane|p2a: Incineroar\n|-damage|p2a: Incineroar|53\/100\n|\n|-weather|none\n|upkeep\n|\n|t:|1736771113\n|switch|p2b: Amoonguss|Amoonguss, L50, M|100\/100\n|turn|6\n|inactive|Battle timer is ON: inactive players will automatically lose when time's up. (requested by Axel316)\n|\n|t:|1736771133\n|move|p1b: Urshifu|Detect|p1b: Urshifu\n|-singleturn|p1b: Urshifu|Protect\n|move|p2a: Incineroar|Fake Out|p1a: Pelipper\n|-damage|p1a: Pelipper|89\/100\n|cant|p1a: Pelipper|flinch\n|move|p2b: Amoonguss|Spore|p1b: Urshifu\n|-activate|p1b: Urshifu|move: Protect\n|\n|upkeep\n|turn|7\n|\n|t:|1736771157\n|switch|p2a: Urshifu|Urshifu-Rapid-Strike, L50, M|100\/100\n|move|p1b: Urshifu|Surging Strikes|p2a: Urshifu\n|-resisted|p2a: Urshifu\n|-crit|p2a: Urshifu\n|-damage|p2a: Urshifu|87\/100\n|-resisted|p2a: Urshifu\n|-crit|p2a: Urshifu\n|-damage|p2a: Urshifu|73\/100\n|-resisted|p2a: Urshifu\n|-crit|p2a: Urshifu\n|-damage|p2a: Urshifu|61\/100\n|-hitcount|p2a: Urshifu|3\n|move|p1a: Pelipper|Hurricane|p2b: Amoonguss\n|-supereffective|p2b: Amoonguss\n|-damage|p2b: Amoonguss|15\/100\n|move|p2b: Amoonguss|Spore|p1b: Urshifu\n|-status|p1b: Urshifu|slp|[from] move: Spore\n|\n|upkeep\n|turn|8\n|\n|t:|1736771177\n|move|p2b: Amoonguss|Rage Powder|p2b: Amoonguss\n|-singleturn|p2b: Amoonguss|move: Rage Powder\n|move|p2a: Urshifu|Close Combat|p1b: Urshifu\n|-damage|p1b: Urshifu|46\/100 slp\n|-unboost|p2a: Urshifu|def|1\n|-unboost|p2a: Urshifu|spd|1\n|cant|p1b: Urshifu|slp\n|move|p1a: Pelipper|Weather Ball|p2b: Amoonguss\n|-damage|p2b: Amoonguss|1\/100\n|\n|upkeep\n|turn|9\n|\n|t:|1736771200\n|-curestatus|p1b: Urshifu|slp|[msg]\n|move|p1b: Urshifu|Aqua Jet|p2b: Amoonguss\n|-resisted|p2b: Amoonguss\n|-damage|p2b: Amoonguss|0 fnt\n|-damage|p1b: Urshifu|29\/100|[from] item: Rocky Helmet|[of] p2b: Amoonguss\n|faint|p2b: Amoonguss\n|move|p2a: Urshifu|Close Combat|p1b: Urshifu\n|-damage|p1b: Urshifu|0 fnt\n|-unboost|p2a: Urshifu|def|1\n|-unboost|p2a: Urshifu|spd|1\n|faint|p1b: Urshifu\n|move|p1a: Pelipper|Hurricane|p2a: Urshifu\n|-supereffective|p2a: Urshifu\n|-damage|p2a: Urshifu|0 fnt\n|faint|p2a: Urshifu\n|\n|upkeep\n|\n|t:|1736771205\n|switch|p2b: Incineroar|Incineroar, L50, F|53\/100\n|-ability|p2b: Incineroar|Intimidate|boost\n|-unboost|p1a: Pelipper|atk|1\n|turn|10\n|\n|t:|1736771222\n|-terastallize|p2b: Incineroar|Ghost\n|move|p2b: Incineroar|Knock Off|p1a: Pelipper\n|-damage|p1a: Pelipper|46\/100\n|-enditem|p1a: Pelipper|Focus Sash|[from] move: Knock Off|[of] p2b: Incineroar\n|move|p1a: Pelipper|Hurricane|p2b: Incineroar\n|-damage|p2b: Incineroar|15\/100\n|\n|upkeep\n|turn|11\n|\n|t:|1736771231\n|move|p2b: Incineroar|Knock Off|p1a: Pelipper\n|-crit|p1a: Pelipper\n|-damage|p1a: Pelipper|6\/100\n|move|p1a: Pelipper|Hurricane|p2b: Incineroar\n|-damage|p2b: Incineroar|0 fnt\n|faint|p2b: Incineroar\n|\n|win|Axel316\n|raw|Axel316's rating: 1536 &rarr; <strong>1559<\/strong><br \/>(+23 for winning)\n|raw|BigSalta's rating: 1597 &rarr; <strong>1574<\/strong><br \/>(-23 for losing)\n|l|\u2606BigSalta\n|player|p2|\n|l|\u2606Axel316\n|player|p1|\n","uploadtime":1736771453,"views":14,"formatid":"gen9vgc2025regg","rating":1559,"private":0,"password":null}