{"id":"gen9vgc2025regg-2280600069","format":"[Gen 9] VGC 2025 Reg G","players":["xiaoliyun.official","stbai"],"log":"|j|\u2606xiaoliyun.official\n|j|\u2606stbai\n|t:|1736814689\n|gametype|doubles\n|player|p1|xiaoliyun.official|gloria-league|1544\n|player|p2|stbai|janitor|1647\n|teamsize|p1|6\n|teamsize|p2|6\n|gen|9\n|tier|[Gen 9] VGC 2025 Reg G\n|rated|\n|rule|Species Clause: Limit one of each Pok\u00e9mon\n|rule|Item Clause: Limit 1 of each item\n|clearpoke\n|poke|p1|Terapagos, L50, M|\n|poke|p1|Urshifu-*, L50, F|\n|poke|p1|Iron Hands, L50|\n|poke|p1|Amoonguss, L50, M|\n|poke|p1|Incineroar, L50, M|\n|poke|p1|Flutter Mane, L50|\n|poke|p2|Tatsugiri, L50, M|\n|poke|p2|Terapagos, L50, M|\n|poke|p2|Pawmot, L50, F|\n|poke|p2|Flutter Mane, L50|\n|poke|p2|Latios, L50, M|\n|poke|p2|Dondozo, L50, M|\n|teampreview|4\n|inactive|Battle timer is ON: inactive players will automatically lose when time's up. (requested by stbai)\n|inactive|xiaoliyun.official also wants the timer to be on.\n|\n|t:|1736814704\n|start\n|switch|p1a: Terapagos|Terapagos, L50, M|100\/100\n|switch|p1b: Incineroar|Incineroar, L50, M, shiny|100\/100\n|switch|p2a: Terapagos|Terapagos, L50, M|100\/100\n|switch|p2b: Latios|Latios, L50, M|100\/100\n|-activate|p2a: Terapagos|ability: Tera Shift\n|detailschange|p2a: Terapagos|Terapagos-Terastal, L50, M\n|-heal|p2a: Terapagos|100\/100|[silent]\n|-activate|p1a: Terapagos|ability: Tera Shift\n|detailschange|p1a: Terapagos|Terapagos-Terastal, L50, M\n|-heal|p1a: Terapagos|100\/100|[silent]\n|-ability|p1b: Incineroar|Intimidate|boost\n|-unboost|p2a: Terapagos|atk|1\n|-unboost|p2b: Latios|atk|1\n|turn|1\n|\n|t:|1736814718\n|switch|p2a: Dondozo|Dondozo, L50, M|100\/100\n|move|p1b: Incineroar|Fake Out|p2b: Latios\n|-damage|p2b: Latios|88\/100\n|move|p2b: Latios|Simple Beam|p2a: Dondozo\n|-endability|p2a: Dondozo|Unaware|[from] move: Simple Beam\n|-ability|p2a: Dondozo|Simple|[from] move: Simple Beam\n|move|p1a: Terapagos|Rock Polish|p1a: Terapagos\n|-boost|p1a: Terapagos|spe|2\n|\n|upkeep\n|turn|2\n|\n|t:|1736814736\n|move|p1a: Terapagos|Protect|p1a: Terapagos\n|-singleturn|p1a: Terapagos|Protect\n|move|p2a: Dondozo|Protect|p2a: Dondozo\n|-singleturn|p2a: Dondozo|Protect\n|move|p2b: Latios|Luster Purge|p1a: Terapagos\n|-activate|p1a: Terapagos|move: Protect\n|move|p1b: Incineroar|Will-O-Wisp|p2a: Dondozo\n|-activate|p2a: Dondozo|move: Protect\n|\n|upkeep\n|turn|3\n|\n|t:|1736814754\n|switch|p2b: Tatsugiri|Tatsugiri, L50, M|100\/100\n|-activate|p2b: Tatsugiri|ability: Commander|[of] p2a: Dondozo\n|-boost|p2a: Dondozo|atk|4\n|-boost|p2a: Dondozo|spa|4\n|-boost|p2a: Dondozo|spe|4\n|-boost|p2a: Dondozo|def|4\n|-boost|p2a: Dondozo|spd|4\n|move|p2a: Dondozo|Substitute|p2a: Dondozo\n|-start|p2a: Dondozo|Substitute\n|-damage|p2a: Dondozo|75\/100\n|move|p1a: Terapagos|Meteor Beam||[still]\n|-prepare|p1a: Terapagos|Meteor Beam\n|-boost|p1a: Terapagos|spa|1\n|-enditem|p1a: Terapagos|Power Herb\n|-anim|p1a: Terapagos|Meteor Beam|p2a: Dondozo\n|-activate|p2a: Dondozo|move: Substitute|[damage]\n|move|p1b: Incineroar|Will-O-Wisp||[still]\n|-fail|p1b: Incineroar\n|\n|-heal|p2a: Dondozo|82\/100|[from] item: Leftovers\n|upkeep\n|turn|4\n|\n|t:|1736814777\n|-terastallize|p1b: Incineroar|Ghost\n|move|p2a: Dondozo|Earthquake|p1b: Incineroar|[spread] p1a,p1b\n|-miss|p2a: Dondozo|p2b: Tatsugiri\n|-activate|p1a: Terapagos|ability: Tera Shell\n|-resisted|p1a: Terapagos\n|-damage|p1a: Terapagos|72\/100\n|-damage|p1b: Incineroar|50\/100\n|move|p1a: Terapagos|Tera Starstorm|p2a: Dondozo\n|-end|p2a: Dondozo|Substitute\n|move|p1b: Incineroar|Will-O-Wisp|p2a: Dondozo\n|-status|p2a: Dondozo|brn\n|\n|-heal|p2a: Dondozo|88\/100 brn|[from] item: Leftovers\n|-damage|p2a: Dondozo|82\/100 brn|[from] brn\n|upkeep\n|turn|5\n|\n|t:|1736814799\n|switch|p1b: Amoonguss|Amoonguss, L50, M, shiny|100\/100\n|move|p2a: Dondozo|Order Up|p1b: Amoonguss\n|-damage|p1b: Amoonguss|68\/100\n|-boost|p2a: Dondozo|atk|2\n|move|p1a: Terapagos|Tera Starstorm|p2a: Dondozo\n|-damage|p2a: Dondozo|55\/100 brn\n|\n|-heal|p2a: Dondozo|61\/100 brn|[from] item: Leftovers\n|-damage|p2a: Dondozo|55\/100 brn|[from] brn\n|upkeep\n|turn|6\n|\n|t:|1736814817\n|move|p2a: Dondozo|Earthquake|p1b: Amoonguss|[spread] p1a,p1b\n|-miss|p2a: Dondozo|p2b: Tatsugiri\n|-damage|p1a: Terapagos|38\/100\n|-damage|p1b: Amoonguss|30\/100\n|move|p1a: Terapagos|Tera Starstorm|p2a: Dondozo\n|-damage|p2a: Dondozo|29\/100 brn\n|move|p1b: Amoonguss|Pollen Puff|p1a: Terapagos\n|-heal|p1a: Terapagos|88\/100\n|\n|-heal|p2a: Dondozo|35\/100 brn|[from] item: Leftovers\n|-damage|p2a: Dondozo|29\/100 brn|[from] brn\n|upkeep\n|turn|7\n|\n|t:|1736814835\n|switch|p1b: Incineroar|Incineroar, L50, M, shiny, tera:Ghost|50\/100\n|-ability|p1b: Incineroar|Intimidate|boost\n|-unboost|p2a: Dondozo|atk|2\n|-unboost|p2b: Tatsugiri|atk|1\n|move|p2a: Dondozo|Earthquake|p1a: Terapagos|[spread] p1a,p1b\n|-miss|p2a: Dondozo|p2b: Tatsugiri\n|-damage|p1a: Terapagos|62\/100\n|-damage|p1b: Incineroar|22\/100\n|move|p1a: Terapagos|Tera Starstorm|p2a: Dondozo\n|-damage|p2a: Dondozo|0 fnt\n|faint|p2a: Dondozo\n|\n|upkeep\n|\n|t:|1736814839\n|switch|p2a: Latios|Latios, L50, M|88\/100\n|turn|8\n|j| Therazer456\n|\n|t:|1736814854\n|move|p1b: Incineroar|Fake Out|p2b: Tatsugiri\n|-damage|p2b: Tatsugiri|81\/100\n|move|p1a: Terapagos|Tera Starstorm|p2a: Latios\n|-damage|p2a: Latios|4\/100\n|move|p2a: Latios|Tailwind|p2a: Latios\n|-sidestart|p2: stbai|move: Tailwind\n|cant|p2b: Tatsugiri|flinch\n|\n|upkeep\n|turn|9\n|\n|t:|1736814871\n|switch|p1b: Amoonguss|Amoonguss, L50, M, shiny|63\/100\n|move|p1a: Terapagos|Protect|p1a: Terapagos\n|-singleturn|p1a: Terapagos|Protect\n|move|p2a: Latios|Luster Purge|p1a: Terapagos\n|-activate|p1a: Terapagos|move: Protect\n|move|p2b: Tatsugiri|Muddy Water|p1a: Terapagos|[spread] p1b\n|-activate|p1a: Terapagos|move: Protect\n|-resisted|p1b: Amoonguss\n|-damage|p1b: Amoonguss|50\/100\n|\n|upkeep\n|turn|10\n|\n|t:|1736814885\n|move|p1b: Amoonguss|Rage Powder|p1b: Amoonguss\n|-singleturn|p1b: Amoonguss|move: Rage Powder\n|move|p2a: Latios|Luster Purge|p1b: Amoonguss\n|-supereffective|p1b: Amoonguss\n|-damage|p1b: Amoonguss|0 fnt\n|faint|p1b: Amoonguss\n|move|p2b: Tatsugiri|Muddy Water|p1a: Terapagos|[miss]\n|-miss|p2b: Tatsugiri|p1a: Terapagos\n|move|p1a: Terapagos|Tera Starstorm|p2b: Tatsugiri\n|-damage|p2b: Tatsugiri|0 fnt\n|faint|p2b: Tatsugiri\n|\n|upkeep\n|j| AttackDos\n|\n|t:|1736814901\n|switch|p2b: Terapagos|Terapagos-Terastal, L50, M|100\/100\n|switch|p1b: Iron Hands|Iron Hands, L50, shiny|100\/100\n|turn|11\n|\n|t:|1736814913\n|move|p1b: Iron Hands|Fake Out|p2a: Latios\n|-damage|p2a: Latios|0 fnt\n|faint|p2a: Latios\n|move|p2b: Terapagos|Tera Starstorm|p1b: Iron Hands\n|-damage|p1b: Iron Hands|45\/100\n|move|p1a: Terapagos|Tera Starstorm|p2b: Terapagos\n|-activate|p2b: Terapagos|ability: Tera Shell\n|-resisted|p2b: Terapagos\n|-damage|p2b: Terapagos|62\/100\n|\n|-sideend|p2: stbai|move: Tailwind\n|upkeep\n|turn|12\n|j| Prahhhhhhh\n|-message|stbai forfeited.\n|\n|win|xiaoliyun.official\n|raw|xiaoliyun.official's rating: 1544 &rarr; <strong>1568<\/strong><br \/>(+24 for winning)\n|raw|stbai's rating: 1617 &rarr; <strong>1593<\/strong><br \/>(-24 for losing)\n|l|\u2606stbai\n|player|p2|\n|l| Therazer456\n|l| AttackDos\n|l|\u2606xiaoliyun.official\n|player|p1|\n|l| Prahhhhhhh\n","uploadtime":1736815141,"views":10,"formatid":"gen9vgc2025regg","rating":1568,"private":0,"password":null}