{"id":"gen9vgc2025regg-2280317053","format":"[Gen 9] VGC 2025 Reg G","players":["root2iris","tz999"],"log":"|j|\u2606root2iris\n|j|\u2606tz999\n|t:|1736784426\n|gametype|doubles\n|player|p1|root2iris|guitarist|1510\n|player|p2|tz999|2|1642\n|teamsize|p1|6\n|teamsize|p2|6\n|gen|9\n|tier|[Gen 9] VGC 2025 Reg G\n|rated|\n|rule|Species Clause: Limit one of each Pok\u00e9mon\n|rule|Item Clause: Limit 1 of each item\n|clearpoke\n|poke|p1|Terapagos, L50, M|\n|poke|p1|Amoonguss, L50, M|\n|poke|p1|Incineroar, L50, M|\n|poke|p1|Urshifu-*, L50, F|\n|poke|p1|Flutter Mane, L50|\n|poke|p1|Ditto, L50|\n|poke|p2|Calyrex-Ice, L50|\n|poke|p2|Ogerpon-Hearthflame, L50, F|\n|poke|p2|Annihilape, L50, F|\n|poke|p2|Landorus, L50, M|\n|poke|p2|Farigiraf, L50, M|\n|poke|p2|Urshifu-*, L50, M|\n|teampreview|4\n|\n|t:|1736784450\n|start\n|switch|p1a: foolish girl|Flutter Mane, L50|100\/100\n|switch|p1b: sea-salt|Terapagos, L50, M|100\/100\n|switch|p2a: Ogerpon|Ogerpon-Hearthflame, L50, F|100\/100\n|switch|p2b: Annihilape|Annihilape, L50, F|100\/100\n|-activate|p1b: sea-salt|ability: Tera Shift\n|detailschange|p1b: sea-salt|Terapagos-Terastal, L50, M\n|-heal|p1b: sea-salt|100\/100|[silent]\n|-ability|p2a: Ogerpon|Mold Breaker\n|-enditem|p1a: foolish girl|Booster Energy\n|-activate|p1a: foolish girl|ability: Protosynthesis|[fromitem]\n|-start|p1a: foolish girl|protosynthesisspe\n|turn|1\n|\n|t:|1736784474\n|move|p1b: sea-salt|Protect|p1b: sea-salt\n|-singleturn|p1b: sea-salt|Protect\n|move|p1a: foolish girl|Icy Wind|p2b: Annihilape|[spread] p2a,p2b\n|-damage|p2a: Ogerpon|89\/100\n|-damage|p2b: Annihilape|89\/100\n|-unboost|p2a: Ogerpon|spe|1\n|-unboost|p2b: Annihilape|spe|1\n|-ability|p2b: Annihilape|Defiant|boost\n|-boost|p2b: Annihilape|atk|2\n|move|p2b: Annihilape|Coaching|p2a: Ogerpon\n|-boost|p2a: Ogerpon|atk|1\n|-boost|p2a: Ogerpon|def|1\n|move|p2a: Ogerpon|Ivy Cudgel|p1a: foolish girl|[anim] Ivy Cudgel Fire\n|-damage|p1a: foolish girl|0 fnt\n|faint|p1a: foolish girl\n|-end|p1a: foolish girl|Protosynthesis|[silent]\n|\n|upkeep\n|j| Yukina VGC\n|j| maya hoppins\n|\n|t:|1736784489\n|switch|p1a: no. i|Ditto, L50|100\/100\n|-transform|p1a: no. i|p2b: Annihilape|[from] ability: Imposter\n|turn|2\n|\n|t:|1736784528\n|-terastallize|p1b: sea-salt|Stellar\n|detailschange|p1b: sea-salt|Terapagos-Stellar, L50, M, tera:Stellar\n|-heal|p1b: sea-salt|100\/100|[silent]\n|move|p1b: sea-salt|Tera Starstorm|p2a: Ogerpon|[spread] p2a,p2b\n|-damage|p2a: Ogerpon|54\/100\n|-damage|p2b: Annihilape|55\/100\n|move|p1a: no. i|Close Combat|p2a: Ogerpon\n|-damage|p2a: Ogerpon|0 fnt\n|-unboost|p1a: no. i|def|1\n|-unboost|p1a: no. i|spd|1\n|faint|p2a: Ogerpon\n|move|p2b: Annihilape|Final Gambit|p1b: sea-salt\n|-damage|p1b: sea-salt|56\/100\n|faint|p2b: Annihilape\n|\n|-heal|p1b: sea-salt|62\/100|[from] item: Leftovers\n|upkeep\n|\n|t:|1736784545\n|switch|p2b: Urshifu|Urshifu-Rapid-Strike, L50, M|100\/100\n|switch|p2a: Calyrex|Calyrex-Ice, L50|100\/100\n|-ability|p2a: Calyrex|As One\n|-ability|p2a: Calyrex|Unnerve\n|turn|3\n|\n|t:|1736784561\n|switch|p1a: icky jobs|Incineroar, L50, M|100\/100\n|-ability|p1a: icky jobs|Intimidate|boost\n|-unboost|p2a: Calyrex|atk|1\n|-unboost|p2b: Urshifu|atk|1\n|move|p2a: Calyrex|Protect|p2a: Calyrex\n|-singleturn|p2a: Calyrex|Protect\n|move|p1b: sea-salt|Tera Starstorm|p2a: Calyrex|[spread] p2b\n|-activate|p2a: Calyrex|move: Protect\n|-crit|p2b: Urshifu\n|-damage|p2b: Urshifu|23\/100\n|move|p2b: Urshifu|Close Combat|p1b: sea-salt\n|-supereffective|p1b: sea-salt\n|-damage|p1b: sea-salt|4\/100\n|-unboost|p2b: Urshifu|def|1\n|-unboost|p2b: Urshifu|spd|1\n|\n|-heal|p1b: sea-salt|10\/100|[from] item: Leftovers\n|upkeep\n|turn|4\n|j| mpudi\n|\n|t:|1736784599\n|move|p1a: icky jobs|Fake Out|p2a: Calyrex\n|-damage|p2a: Calyrex|94\/100\n|move|p2b: Urshifu|Aqua Jet|p1b: sea-salt\n|-damage|p1b: sea-salt|0 fnt\n|faint|p1b: sea-salt\n|cant|p2a: Calyrex|flinch\n|\n|upkeep\n|\n|t:|1736784606\n|switch|p1b: no. i|Ditto, L50|100\/100\n|-transform|p1b: no. i|p2a: Calyrex|[from] ability: Imposter\n|-ability|p1b: no. i|As One\n|-ability|p1b: no. i|Unnerve\n|turn|5\n|\n|t:|1736784629\n|-terastallize|p2b: Urshifu|Stellar\n|move|p2b: Urshifu|Surging Strikes|p1a: icky jobs\n|-supereffective|p1a: icky jobs\n|-crit|p1a: icky jobs\n|-damage|p1a: icky jobs|52\/100\n|-supereffective|p1a: icky jobs\n|-crit|p1a: icky jobs\n|-damage|p1a: icky jobs|6\/100\n|-supereffective|p1a: icky jobs\n|-crit|p1a: icky jobs\n|-damage|p1a: icky jobs|0 fnt\n|faint|p1a: icky jobs\n|-hitcount|p1: icky jobs|3\n|move|p2a: Calyrex|High Horsepower|p1b: no. i\n|-damage|p1b: no. i|79\/100\n|move|p1b: no. i|Glacial Lance|p2b: Urshifu|[spread] p2a,p2b\n|-resisted|p2a: Calyrex\n|-resisted|p2b: Urshifu\n|-damage|p2a: Calyrex|84\/100\n|-damage|p2b: Urshifu|0 fnt\n|faint|p2b: Urshifu\n|-ability|p1b: no. i|Chilling Neigh|boost\n|-boost|p1b: no. i|atk|1\n|\n|upkeep\n|turn|6\n|\n|t:|1736784655\n|move|p2a: Calyrex|High Horsepower|p1b: no. i\n|-damage|p1b: no. i|56\/100\n|move|p1b: no. i|Glacial Lance|p2a: Calyrex\n|-resisted|p2a: Calyrex\n|-damage|p2a: Calyrex|61\/100\n|\n|upkeep\n|turn|7\n|\n|t:|1736784663\n|move|p1b: no. i|High Horsepower|p2a: Calyrex\n|-damage|p2a: Calyrex|34\/100\n|move|p2a: Calyrex|High Horsepower|p1b: no. i\n|-damage|p1b: no. i|35\/100\n|\n|upkeep\n|turn|8\n|\n|t:|1736784679\n|move|p2a: Calyrex|High Horsepower|p1b: no. i\n|-damage|p1b: no. i|13\/100\n|move|p1b: no. i|Glacial Lance|p2a: Calyrex\n|-resisted|p2a: Calyrex\n|-damage|p2a: Calyrex|11\/100\n|\n|upkeep\n|turn|9\n|\n|t:|1736784686\n|move|p1b: no. i|Glacial Lance|p2a: Calyrex\n|-resisted|p2a: Calyrex\n|-damage|p2a: Calyrex|0 fnt\n|faint|p2a: Calyrex\n|\n|win|root2iris\n|raw|root2iris's rating: 1510 &rarr; <strong>1537<\/strong><br \/>(+27 for winning)\n|raw|tz999's rating: 1642 &rarr; <strong>1615<\/strong><br \/>(-27 for losing)\n|l|\u2606tz999\n|player|p2|\n|l| Yukina VGC\n|l| mpudi\n|l|\u2606root2iris\n|player|p1|\n","uploadtime":1736784946,"views":29,"formatid":"gen9vgc2025regg","rating":1537,"private":0,"password":null}