{"id":"gen9vgc2025regg-2280043069","format":"[Gen 9] VGC 2025 Reg G","players":["Sazandoramx","GG=Groudon Gaming"],"log":"|j|\u2606Sazandoramx\n|j|\u2606GG=Groudon Gaming\n|t:|1736739679\n|gametype|doubles\n|player|p1|Sazandoramx|1|1618\n|player|p2|GG=Groudon Gaming|may-masters2|1554\n|teamsize|p1|6\n|teamsize|p2|6\n|gen|9\n|tier|[Gen 9] VGC 2025 Reg G\n|rated|\n|rule|Species Clause: Limit one of each Pok\u00e9mon\n|rule|Item Clause: Limit 1 of each item\n|clearpoke\n|poke|p1|Lunala, L50|\n|poke|p1|Incineroar, L50, M|\n|poke|p1|Maushold-Four, L50|\n|poke|p1|Rillaboom, L50, M|\n|poke|p1|Roaring Moon, L50|\n|poke|p1|Urshifu-*, L50, M|\n|poke|p2|Groudon, L50|\n|poke|p2|Bronzong, L50|\n|poke|p2|Raging Bolt, L50|\n|poke|p2|Flutter Mane, L50|\n|poke|p2|Ogerpon-Cornerstone, L50, F|\n|poke|p2|Gouging Fire, L50|\n|teampreview|4\n|inactive|Battle timer is ON: inactive players will automatically lose when time's up. (requested by GG=Groudon Gaming)\n|inactive|Sazandoramx has 60 seconds left.\n|\n|t:|1736739720\n|start\n|switch|p1a: Urshifu|Urshifu-Rapid-Strike, L50, M|100\/100\n|switch|p1b: Rillaboom|Rillaboom, L50, M|100\/100\n|switch|p2a: Groudon|Groudon, L50|100\/100\n|switch|p2b: Flutter Mane|Flutter Mane, L50|100\/100\n|-fieldstart|move: Grassy Terrain|[from] ability: Grassy Surge|[of] p1b: Rillaboom\n|-weather|SunnyDay|[from] ability: Drought|[of] p2a: Groudon\n|-activate|p2b: Flutter Mane|ability: Protosynthesis\n|-start|p2b: Flutter Mane|protosynthesisspe\n|turn|1\n|\n|t:|1736739744\n|-terastallize|p1a: Urshifu|Fire\n|move|p1b: Rillaboom|Fake Out|p2a: Groudon\n|-damage|p2a: Groudon|90\/100\n|move|p2b: Flutter Mane|Dazzling Gleam|p1b: Rillaboom|[spread] p1a,p1b\n|-resisted|p1a: Urshifu\n|-damage|p1a: Urshifu|83\/100\n|-damage|p1b: Rillaboom|72\/100\n|move|p1a: Urshifu|Surging Strikes|p2b: Flutter Mane\n|-crit|p2b: Flutter Mane\n|-damage|p2b: Flutter Mane|70\/100\n|-crit|p2b: Flutter Mane\n|-damage|p2b: Flutter Mane|40\/100\n|-crit|p2b: Flutter Mane\n|-damage|p2b: Flutter Mane|10\/100\n|-hitcount|p2b: Flutter Mane|3\n|-damage|p1a: Urshifu|74\/100|[from] item: Life Orb\n|cant|p2a: Groudon|flinch\n|\n|-weather|SunnyDay|[upkeep]\n|-heal|p2b: Flutter Mane|16\/100|[from] Grassy Terrain\n|-heal|p1b: Rillaboom|78\/100|[from] Grassy Terrain\n|-heal|p1a: Urshifu|79\/100|[from] Grassy Terrain\n|-heal|p2a: Groudon|96\/100|[from] Grassy Terrain\n|upkeep\n|turn|2\n|j| neebieplayersea\n|l| neebieplayersea\n|inactive|Sazandoramx has 30 seconds left.\n|inactive|GG=Groudon Gaming has 30 seconds left.\n|inactive|Sazandoramx has 20 seconds left.\n|inactive|Sazandoramx has 15 seconds left.\n|inactive|Sazandoramx has 10 seconds left.\n|\n|t:|1736739792\n|-end|p2b: Flutter Mane|Protosynthesis|[silent]\n|switch|p2b: Gouging Fire|Gouging Fire, L50|100\/100\n|-activate|p2b: Gouging Fire|ability: Protosynthesis\n|-start|p2b: Gouging Fire|protosynthesisspe\n|-terastallize|p2a: Groudon|Fire\n|move|p1b: Rillaboom|Grassy Glide|p2b: Gouging Fire\n|-resisted|p2b: Gouging Fire\n|-crit|p2b: Gouging Fire\n|-damage|p2b: Gouging Fire|90\/100\n|move|p1a: Urshifu|Surging Strikes|p2a: Groudon\n|-supereffective|p2a: Groudon\n|-crit|p2a: Groudon\n|-damage|p2a: Groudon|81\/100\n|-supereffective|p2a: Groudon\n|-crit|p2a: Groudon\n|-damage|p2a: Groudon|64\/100\n|-supereffective|p2a: Groudon\n|-crit|p2a: Groudon\n|-damage|p2a: Groudon|46\/100\n|-hitcount|p2a: Groudon|3\n|-damage|p1a: Urshifu|70\/100|[from] item: Life Orb\n|move|p2a: Groudon|Precipice Blades|p1b: Rillaboom|[spread] p1a,p1b\n|-supereffective|p1a: Urshifu\n|-resisted|p1b: Rillaboom\n|-damage|p1a: Urshifu|0 fnt\n|-damage|p1b: Rillaboom|51\/100\n|faint|p1a: Urshifu\n|\n|-weather|SunnyDay|[upkeep]\n|-heal|p2b: Gouging Fire|96\/100|[from] Grassy Terrain\n|-heal|p1b: Rillaboom|57\/100|[from] Grassy Terrain\n|-heal|p2a: Groudon|53\/100|[from] Grassy Terrain\n|upkeep\n|inactive|Sazandoramx has 30 seconds left.\n|\n|t:|1736739819\n|switch|p1a: Lunala|Lunala, L50|100\/100\n|turn|3\n|\n|t:|1736739828\n|move|p2b: Gouging Fire|Flare Blitz|p1b: Rillaboom\n|-supereffective|p1b: Rillaboom\n|-damage|p1b: Rillaboom|0 fnt\n|faint|p1b: Rillaboom\n|-damage|p2b: Gouging Fire|78\/100|[from] Recoil\n|move|p1a: Lunala|Calm Mind|p1a: Lunala\n|-boost|p1a: Lunala|spa|1\n|-boost|p1a: Lunala|spd|1\n|move|p2a: Groudon|Heat Crash|p1a: Lunala\n|-damage|p1a: Lunala|60\/100\n|\n|-weather|SunnyDay|[upkeep]\n|-heal|p2b: Gouging Fire|84\/100|[from] Grassy Terrain\n|-heal|p1a: Lunala|66\/100|[from] Grassy Terrain\n|-heal|p1a: Lunala|72\/100|[from] item: Leftovers\n|-heal|p2a: Groudon|59\/100|[from] Grassy Terrain\n|upkeep\n|\n|t:|1736739845\n|switch|p1b: Roaring Moon|Roaring Moon, L50|100\/100\n|-activate|p1b: Roaring Moon|ability: Protosynthesis\n|-start|p1b: Roaring Moon|protosynthesisspe\n|turn|4\n|inactive|Sazandoramx has 30 seconds left.\n|\n|t:|1736739875\n|move|p2a: Groudon|Helping Hand|p2b: Gouging Fire\n|-singleturn|p2b: Gouging Fire|Helping Hand|[of] p2a: Groudon\n|move|p1b: Roaring Moon|Tailwind|p1b: Roaring Moon\n|-sidestart|p1: Sazandoramx|move: Tailwind\n|move|p1a: Lunala|Moongeist Beam|p2a: Groudon\n|-damage|p2a: Groudon|0 fnt\n|faint|p2a: Groudon\n|move|p2b: Gouging Fire|Flare Blitz|p1a: Lunala\n|-damage|p1a: Lunala|0 fnt\n|faint|p1a: Lunala\n|-damage|p2b: Gouging Fire|57\/100|[from] Recoil\n|\n|-weather|SunnyDay|[upkeep]\n|-heal|p2b: Gouging Fire|63\/100|[from] Grassy Terrain\n|upkeep\n|\n|t:|1736739885\n|switch|p2a: Ogerpon|Ogerpon-Cornerstone, L50, F|100\/100\n|turn|5\n|inactive|Sazandoramx has 30 seconds left.\n|\n|t:|1736739913\n|move|p1b: Roaring Moon|Acrobatics|p2b: Gouging Fire\n|-damage|p2b: Gouging Fire|50\/100\n|move|p2b: Gouging Fire|Breaking Swipe|p1b: Roaring Moon\n|-supereffective|p1b: Roaring Moon\n|-damage|p1b: Roaring Moon|44\/100\n|-unboost|p1b: Roaring Moon|atk|1\n|move|p2a: Ogerpon|Ivy Cudgel|p1b: Roaring Moon|[anim] Ivy Cudgel Rock\n|-damage|p1b: Roaring Moon|0 fnt\n|faint|p1b: Roaring Moon\n|-end|p1b: Roaring Moon|Protosynthesis|[silent]\n|\n|win|GG=Groudon Gaming\n|raw|Sazandoramx's rating: 1618 &rarr; <strong>1594<\/strong><br \/>(-24 for losing)\n|raw|GG=Groudon Gaming's rating: 1554 &rarr; <strong>1578<\/strong><br \/>(+24 for winning)\n|l|\u2606Sazandoramx\n|player|p1|\n","uploadtime":1736740073,"views":26,"formatid":"gen9vgc2025regg","rating":1578,"private":0,"password":null}