{"id":"gen9vgc2025regg-2280545349","format":"[Gen 9] VGC 2025 Reg G","players":["test-on-calls","Zeropoke7310"],"log":"|j|\u2606test-on-calls\n|j|\u2606Zeropoke7310\n|t:|1736807908\n|gametype|doubles\n|player|p1|test-on-calls|170|1587\n|player|p2|Zeropoke7310|101|1621\n|teamsize|p1|6\n|teamsize|p2|6\n|gen|9\n|tier|[Gen 9] VGC 2025 Reg G\n|rated|\n|rule|Species Clause: Limit one of each Pok\u00e9mon\n|rule|Item Clause: Limit 1 of each item\n|clearpoke\n|poke|p1|Zacian-*, L50|\n|poke|p1|Regidrago, L50|\n|poke|p1|Regieleki, L50|\n|poke|p1|Indeedee-F, L50, F|\n|poke|p1|Chien-Pao, L50|\n|poke|p1|Talonflame, L50, F|\n|poke|p2|Zamazenta-*, L50|\n|poke|p2|Chien-Pao, L50|\n|poke|p2|Urshifu-*, L50, F|\n|poke|p2|Amoonguss, L50, M|\n|poke|p2|Rillaboom, L50, F|\n|poke|p2|Pelipper, L50, F|\n|teampreview|4\n|inactive|Battle timer is ON: inactive players will automatically lose when time's up. (requested by test-on-calls)\n|inactive|Zeropoke7310 has 60 seconds left.\n|\n|t:|1736807984\n|start\n|switch|p1a: Indeedee|Indeedee-F, L50, F|100\/100\n|switch|p1b: Regieleki|Regieleki, L50|100\/100\n|switch|p2a: Zamazenta|Zamazenta-Crowned, L50, shiny|100\/100\n|switch|p2b: Chien-Pao|Chien-Pao, L50|100\/100\n|-ability|p2b: Chien-Pao|Sword of Ruin\n|-ability|p2a: Zamazenta|Dauntless Shield|boost\n|-boost|p2a: Zamazenta|def|1\n|-fieldstart|move: Psychic Terrain|[from] ability: Psychic Surge|[of] p1a: Indeedee\n|turn|1\n|\n|t:|1736808008\n|switch|p2b: Rillaboom|Rillaboom, L50, F|100\/100\n|-fieldstart|move: Grassy Terrain|[from] ability: Grassy Surge|[of] p2b: Rillaboom\n|move|p1a: Indeedee|Follow Me|p1a: Indeedee\n|-singleturn|p1a: Indeedee|move: Follow Me\n|move|p1b: Regieleki|Electroweb|p2b: Rillaboom|[spread] p2a,p2b\n|-resisted|p2b: Rillaboom\n|-damage|p2a: Zamazenta|85\/100\n|-damage|p2b: Rillaboom|92\/100\n|-unboost|p2a: Zamazenta|spe|1\n|-unboost|p2b: Rillaboom|spe|1\n|move|p2a: Zamazenta|Body Press|p1a: Indeedee\n|-damage|p1a: Indeedee|39\/100\n|\n|-heal|p2a: Zamazenta|91\/100|[from] Grassy Terrain\n|-heal|p1a: Indeedee|45\/100|[from] Grassy Terrain\n|-heal|p2b: Rillaboom|98\/100|[from] Grassy Terrain\n|upkeep\n|turn|2\n|\n|t:|1736808035\n|switch|p1a: Zacian|Zacian-Crowned, L50|100\/100\n|-ability|p1a: Zacian|Intrepid Sword|boost\n|-boost|p1a: Zacian|atk|1\n|move|p1b: Regieleki|Volt Switch|p2a: Zamazenta\n|-damage|p2a: Zamazenta|67\/100\n|\n|t:|1736808040\n|switch|p1b: Indeedee|Indeedee-F, L50, F|45\/100|[from] Volt Switch\n|-fieldstart|move: Psychic Terrain|[from] ability: Psychic Surge|[of] p1b: Indeedee\n|move|p2a: Zamazenta|Body Press|p1b: Indeedee\n|-damage|p1b: Indeedee|0 fnt\n|faint|p1b: Indeedee\n|move|p2b: Rillaboom|U-turn|p1a: Zacian\n|-resisted|p1a: Zacian\n|-damage|p1a: Zacian|95\/100\n|\n|t:|1736808055\n|switch|p2b: Urshifu|Urshifu-Rapid-Strike, L50, F|100\/100|[from] U-turn\n|\n|upkeep\n|\n|t:|1736808057\n|switch|p1b: Regieleki|Regieleki, L50|100\/100\n|turn|3\n|\n|t:|1736808068\n|switch|p2b: Rillaboom|Rillaboom, L50, F|98\/100\n|-fieldstart|move: Grassy Terrain|[from] ability: Grassy Surge|[of] p2b: Rillaboom\n|-terastallize|p1b: Regieleki|Electric\n|-terastallize|p2a: Zamazenta|Grass\n|move|p1b: Regieleki|Electroweb|p2b: Rillaboom|[spread] p2a\n|-miss|p1b: Regieleki|p2b: Rillaboom\n|-resisted|p2a: Zamazenta\n|-damage|p2a: Zamazenta|57\/100\n|-unboost|p2a: Zamazenta|spe|1\n|move|p1a: Zacian|Sacred Sword|p2a: Zamazenta\n|-damage|p2a: Zamazenta|29\/100\n|move|p2a: Zamazenta|Body Press|p1b: Regieleki\n|-enditem|p1b: Regieleki|Focus Sash\n|-damage|p1b: Regieleki|1\/100\n|\n|-heal|p1b: Regieleki|7\/100|[from] Grassy Terrain\n|-heal|p1a: Zacian|100\/100|[from] Grassy Terrain\n|-heal|p2b: Rillaboom|100\/100|[from] Grassy Terrain\n|-heal|p2a: Zamazenta|35\/100|[from] Grassy Terrain\n|upkeep\n|turn|4\n|inactive|test-on-calls has 30 seconds left.\n|inactive|Zeropoke7310 has 30 seconds left.\n|\n|t:|1736808103\n|switch|p1b: Chien-Pao|Chien-Pao, L50|100\/100\n|-ability|p1b: Chien-Pao|Sword of Ruin\n|move|p2b: Rillaboom|Fake Out|p1a: Zacian\n|-resisted|p1a: Zacian\n|-damage|p1a: Zacian|92\/100\n|cant|p1a: Zacian|flinch\n|move|p2a: Zamazenta|Body Press|p1a: Zacian\n|-damage|p1a: Zacian|15\/100\n|\n|-heal|p1a: Zacian|21\/100|[from] Grassy Terrain\n|-heal|p2a: Zamazenta|41\/100|[from] Grassy Terrain\n|upkeep\n|turn|5\n|inactive|Zeropoke7310 has 30 seconds left.\n|\n|t:|1736808143\n|move|p2b: Rillaboom|Grassy Glide|p1b: Chien-Pao\n|-damage|p1b: Chien-Pao|45\/100\n|move|p1a: Zacian|Behemoth Blade|p2b: Rillaboom\n|-damage|p2b: Rillaboom|0 fnt\n|faint|p2b: Rillaboom\n|move|p1b: Chien-Pao|Icicle Crash|p2a: Zamazenta\n|-supereffective|p2a: Zamazenta\n|-damage|p2a: Zamazenta|0 fnt\n|faint|p2a: Zamazenta\n|-damage|p1b: Chien-Pao|35\/100|[from] item: Life Orb\n|\n|-heal|p1a: Zacian|27\/100|[from] Grassy Terrain\n|-heal|p1b: Chien-Pao|41\/100|[from] Grassy Terrain\n|upkeep\n|\n|t:|1736808160\n|switch|p2a: Chien-Pao|Chien-Pao, L50|100\/100\n|switch|p2b: Urshifu|Urshifu-Rapid-Strike, L50, F|100\/100\n|-ability|p2a: Chien-Pao|Sword of Ruin\n|turn|6\n|j| Geengar's dream\n|inactive|test-on-calls has 30 seconds left.\n|\n|t:|1736808187\n|move|p2a: Chien-Pao|Protect|p2a: Chien-Pao\n|-singleturn|p2a: Chien-Pao|Protect\n|move|p1b: Chien-Pao|Sucker Punch|p2b: Urshifu\n|-resisted|p2b: Urshifu\n|-damage|p2b: Urshifu|69\/100\n|-damage|p1b: Chien-Pao|31\/100|[from] item: Life Orb\n|move|p2b: Urshifu|Surging Strikes|p1a: Zacian\n|-crit|p1a: Zacian\n|-damage|p1a: Zacian|0 fnt\n|faint|p1a: Zacian\n|-hitcount|p1: Zacian|1\n|\n|-heal|p2b: Urshifu|75\/100|[from] Grassy Terrain\n|-heal|p1b: Chien-Pao|37\/100|[from] Grassy Terrain\n|upkeep\n|\n|t:|1736808189\n|switch|p1a: Regieleki|Regieleki, L50, tera:Electric|7\/100\n|turn|7\n|\n|t:|1736808207\n|move|p1b: Chien-Pao|Sucker Punch|p2a: Chien-Pao\n|-resisted|p2a: Chien-Pao\n|-crit|p2a: Chien-Pao\n|-damage|p2a: Chien-Pao|53\/100\n|-damage|p1b: Chien-Pao|27\/100|[from] item: Life Orb\n|move|p2a: Chien-Pao|Ice Shard|p1a: Regieleki\n|-damage|p1a: Regieleki|0 fnt\n|faint|p1a: Regieleki\n|move|p2b: Urshifu|Surging Strikes|p1b: Chien-Pao\n|-crit|p1b: Chien-Pao\n|-damage|p1b: Chien-Pao|0 fnt\n|faint|p1b: Chien-Pao\n|-hitcount|p1: Chien-Pao|1\n|\n|win|Zeropoke7310\n|raw|test-on-calls's rating: 1587 &rarr; <strong>1569<\/strong><br \/>(-18 for losing)\n|raw|Zeropoke7310's rating: 1621 &rarr; <strong>1639<\/strong><br \/>(+18 for winning)\n|l|\u2606test-on-calls\n|player|p1|\n|l|\u2606Zeropoke7310\n|player|p2|\n|l| Geengar's dream\n","uploadtime":1736808356,"views":20,"formatid":"gen9vgc2025regg","rating":1569,"private":0,"password":null}