{"id":"gen9vgc2025regg-2280089099","format":"[Gen 9] VGC 2025 Reg G","players":["MorangoTango","Moonlight410"],"log":"|j|\u2606MorangoTango\n|j|\u2606Moonlight410\n|t:|1736747555\n|gametype|doubles\n|player|p1|MorangoTango|colress|1569\n|player|p2|Moonlight410|265|1511\n|teamsize|p1|6\n|teamsize|p2|6\n|gen|9\n|tier|[Gen 9] VGC 2025 Reg G\n|rated|\n|rule|Species Clause: Limit one of each Pok\u00e9mon\n|rule|Item Clause: Limit 1 of each item\n|clearpoke\n|poke|p1|Zamazenta-*, L50|\n|poke|p1|Chien-Pao, L50|\n|poke|p1|Flutter Mane, L50|\n|poke|p1|Rillaboom, L50, F|\n|poke|p1|Chi-Yu, L50|\n|poke|p1|Amoonguss, L50, F|\n|poke|p2|Terapagos, L50, M|\n|poke|p2|Smeargle, L50, F|\n|poke|p2|Tornadus, L50, M|\n|poke|p2|Ogerpon-Hearthflame, L50, F|\n|poke|p2|Iron Hands, L50|\n|poke|p2|Farigiraf, L50, M|\n|teampreview|4\n|j| Stempe\n|j| judang\nMorangoTango has agreed to open team sheets.\n|inactive|Battle timer is ON: inactive players will automatically lose when time's up. (requested by MorangoTango)\n|\n|t:|1736747605\n|start\n|switch|p1a: Flutter Mane|Flutter Mane, L50|100\/100\n|switch|p1b: Chi-Yu|Chi-Yu, L50|100\/100\n|switch|p2a: Iron Hands|Iron Hands, L50|100\/100\n|switch|p2b: Farigiraf|Farigiraf, L50, M|100\/100\n|-ability|p1b: Chi-Yu|Beads of Ruin\n|-enditem|p1a: Flutter Mane|Booster Energy\n|-activate|p1a: Flutter Mane|ability: Protosynthesis|[fromitem]\n|-start|p1a: Flutter Mane|protosynthesisspe\n|turn|1\n|\n|t:|1736747628\n|-terastallize|p1b: Chi-Yu|Ghost\n|move|p1a: Flutter Mane|Moonblast|p2b: Farigiraf\n|-damage|p2b: Farigiraf|50\/100\n|move|p1b: Chi-Yu|Heat Wave|p2b: Farigiraf|[spread] p2a,p2b\n|-damage|p2a: Iron Hands|71\/100\n|-damage|p2b: Farigiraf|8\/100\n|move|p2a: Iron Hands|Wild Charge|p1b: Chi-Yu\n|-damage|p1b: Chi-Yu|25\/100\n|-damage|p2a: Iron Hands|60\/100|[from] Recoil\n|move|p2b: Farigiraf|Trick Room|p2b: Farigiraf\n|-fieldstart|move: Trick Room|[of] p2b: Farigiraf\n|\n|upkeep\n|turn|2\n|\n|t:|1736747645\n|switch|p1b: Amoonguss|Amoonguss, L50, F|100\/100\n|move|p1a: Flutter Mane|Protect|p1a: Flutter Mane\n|-singleturn|p1a: Flutter Mane|Protect\n|move|p2a: Iron Hands|Wild Charge|p1a: Flutter Mane\n|-activate|p1a: Flutter Mane|move: Protect\n|move|p2b: Farigiraf|Foul Play|p1b: Amoonguss\n|-damage|p1b: Amoonguss|89\/100\n|-damage|p2b: Farigiraf|0 fnt|[from] item: Rocky Helmet|[of] p1b: Amoonguss\n|faint|p2b: Farigiraf\n|\n|upkeep\n|\n|t:|1736747658\n|switch|p2b: Terapagos|Terapagos, L50, M|100\/100\n|-activate|p2b: Terapagos|ability: Tera Shift\n|detailschange|p2b: Terapagos|Terapagos-Terastal, L50, M\n|-heal|p2b: Terapagos|100\/100|[silent]\n|turn|3\n|\n|t:|1736747669\n|-end|p1a: Flutter Mane|Protosynthesis|[silent]\n|switch|p1a: Zamazenta|Zamazenta-Crowned, L50|100\/100\n|-ability|p1a: Zamazenta|Dauntless Shield|boost\n|-boost|p1a: Zamazenta|def|1\n|move|p1b: Amoonguss|Spore|p2b: Terapagos\n|-status|p2b: Terapagos|slp|[from] move: Spore\n|move|p2a: Iron Hands|Wild Charge|p1a: Zamazenta\n|-damage|p1a: Zamazenta|80\/100\n|-damage|p2a: Iron Hands|56\/100|[from] Recoil\n|cant|p2b: Terapagos|slp\n|\n|upkeep\n|turn|4\n|\n|t:|1736747685\n|move|p1b: Amoonguss|Sludge Bomb|p2b: Terapagos\n|-activate|p2b: Terapagos|ability: Tera Shell\n|-resisted|p2b: Terapagos\n|-damage|p2b: Terapagos|88\/100 slp\n|move|p2a: Iron Hands|Low Kick|p1a: Zamazenta\n|-supereffective|p1a: Zamazenta\n|-damage|p1a: Zamazenta|28\/100\n|-curestatus|p2b: Terapagos|slp|[msg]\n|move|p2b: Terapagos|Tera Starstorm|p1b: Amoonguss\n|-damage|p1b: Amoonguss|1\/100\n|move|p1a: Zamazenta|Body Press|p2a: Iron Hands\n|-damage|p2a: Iron Hands|6\/100\n|\n|upkeep\n|turn|5\n|inactive|Moonlight410 has 30 seconds left.\n|\n|t:|1736747711\n|switch|p2b: Tornadus|Tornadus, L50, M|100\/100\n|move|p1b: Amoonguss|Sludge Bomb|p2a: Iron Hands\n|-damage|p2a: Iron Hands|0 fnt\n|faint|p2a: Iron Hands\n|-end|p2a: Iron Hands|Quark Drive|[silent]\n|move|p1a: Zamazenta|Body Press|p2b: Tornadus\n|-resisted|p2b: Tornadus\n|-damage|p2b: Tornadus|59\/100\n|-damage|p1a: Zamazenta|12\/100|[from] item: Rocky Helmet|[of] p2b: Tornadus\n|\n|-fieldend|move: Trick Room\n|upkeep\n|\n|t:|1736747721\n|switch|p2a: Terapagos|Terapagos-Terastal, L50, M|88\/100\n|turn|6\n|\n|t:|1736747739\n|move|p1a: Zamazenta|Wide Guard|p1a: Zamazenta\n|-singleturn|p1a: Zamazenta|Wide Guard\n|move|p2b: Tornadus|Tailwind|p2b: Tornadus\n|-sidestart|p2: Moonlight410|move: Tailwind\n|move|p2a: Terapagos|Tera Starstorm|p1b: Amoonguss\n|-damage|p1b: Amoonguss|0 fnt\n|faint|p1b: Amoonguss\n|\n|upkeep\n|\n|t:|1736747749\n|switch|p1b: Flutter Mane|Flutter Mane, L50|100\/100\n|turn|7\n|\n|t:|1736747754\n|move|p1a: Zamazenta|Wide Guard|p1a: Zamazenta\n|-singleturn|p1a: Zamazenta|Wide Guard\n|move|p2b: Tornadus|Bleakwind Storm|p1a: Zamazenta|[spread] \n|-activate|p1a: Zamazenta|move: Wide Guard\n|-activate|p1b: Flutter Mane|move: Wide Guard\n|move|p2a: Terapagos|Tera Starstorm|p1a: Zamazenta\n|-resisted|p1a: Zamazenta\n|-damage|p1a: Zamazenta|0 fnt\n|faint|p1a: Zamazenta\n|move|p1b: Flutter Mane|Icy Wind|p2a: Terapagos|[spread] p2a,p2b\n|-supereffective|p2b: Tornadus\n|-damage|p2a: Terapagos|77\/100\n|-damage|p2b: Tornadus|32\/100\n|-unboost|p2a: Terapagos|spe|1\n|-unboost|p2b: Tornadus|spe|1\n|\n|upkeep\n|\n|t:|1736747757\n|switch|p1a: Chi-Yu|Chi-Yu, L50, tera:Ghost|25\/100\n|-ability|p1a: Chi-Yu|Beads of Ruin\n|turn|8\n|inactive|Moonlight410 has 30 seconds left.\n|\n|t:|1736747785\n|-terastallize|p2a: Terapagos|Stellar\n|detailschange|p2a: Terapagos|Terapagos-Stellar, L50, M, tera:Stellar\n|-heal|p2a: Terapagos|83\/100|[silent]\n|move|p2b: Tornadus|Scary Face|p1a: Chi-Yu\n|-unboost|p1a: Chi-Yu|spe|2\n|move|p1b: Flutter Mane|Moonblast|p2b: Tornadus\n|-damage|p2b: Tornadus|0 fnt\n|faint|p2b: Tornadus\n|move|p2a: Terapagos|Tera Starstorm|p1a: Chi-Yu|[spread] p1a,p1b\n|-supereffective|p1a: Chi-Yu\n|-damage|p1a: Chi-Yu|0 fnt\n|-damage|p1b: Flutter Mane|27\/100\n|faint|p1a: Chi-Yu\n|\n|upkeep\n|turn|9\n|l| Stempe\n|\n|t:|1736747801\n|move|p1b: Flutter Mane|Protect|p1b: Flutter Mane\n|-singleturn|p1b: Flutter Mane|Protect\n|move|p2a: Terapagos|Tera Starstorm|p1b: Flutter Mane\n|-activate|p1b: Flutter Mane|move: Protect\n|\n|-sideend|p2: Moonlight410|move: Tailwind\n|upkeep\n|turn|10\n|\n|t:|1736747809\n|move|p1b: Flutter Mane|Moonblast|p2a: Terapagos\n|-damage|p2a: Terapagos|55\/100\n|move|p2a: Terapagos|Tera Starstorm|p1b: Flutter Mane\n|-damage|p1b: Flutter Mane|0 fnt\n|faint|p1b: Flutter Mane\n|-end|p1b: Flutter Mane|Protosynthesis|[silent]\n|\n|win|Moonlight410\n|raw|MorangoTango's rating: 1569 &rarr; <strong>1546<\/strong><br \/>(-23 for losing)\n|raw|Moonlight410's rating: 1511 &rarr; <strong>1534<\/strong><br \/>(+23 for winning)\n|l|\u2606MorangoTango\n|player|p1|\n|l|\u2606Moonlight410\n|player|p2|\n","uploadtime":1736747978,"views":14,"formatid":"gen9vgc2025regg","rating":1534,"private":0,"password":null}