{"id":"gen9vgc2025regg-2280555332","format":"[Gen 9] VGC 2025 Reg G","players":["Yung Trav","anton19"],"log":"|j|\u2606Yung Trav\n|j|\u2606anton19\n|t:|1736809088\n|gametype|doubles\n|player|p1|Yung Trav|1|1652\n|player|p2|anton19|1|1527\n|teamsize|p1|6\n|teamsize|p2|6\n|gen|9\n|tier|[Gen 9] VGC 2025 Reg G\n|rated|\n|rule|Species Clause: Limit one of each Pok\u00e9mon\n|rule|Item Clause: Limit 1 of each item\n|clearpoke\n|poke|p1|Lunala, L50|\n|poke|p1|Indeedee-F, L50, F|\n|poke|p1|Ursaluna, L50, M|\n|poke|p1|Whimsicott, L50, F|\n|poke|p1|Urshifu-*, L50, M|\n|poke|p1|Chi-Yu, L50|\n|poke|p2|Pelipper, L50, M|\n|poke|p2|Calyrex-Ice, L50|\n|poke|p2|Rillaboom, L50, F|\n|poke|p2|Urshifu-*, L50, M|\n|poke|p2|Flutter Mane, L50|\n|poke|p2|Ogerpon-Cornerstone, L50, F|\n|teampreview|4\n|inactive|Battle timer is ON: inactive players will automatically lose when time's up. (requested by anton19)\nanton19 has agreed to open team sheets.\n|j| Geengar's dream\n|inactive|Yung Trav has 60 seconds left.\n|inactive|anton19 has 60 seconds left.\n|\n|t:|1736809125\n|start\n|switch|p1a: Lunala|Lunala, L50, shiny|100\/100\n|switch|p1b: Chi-Yu|Chi-Yu, L50|100\/100\n|switch|p2a: Flutter Mane|Flutter Mane, L50|100\/100\n|switch|p2b: Ogerpon|Ogerpon-Cornerstone, L50, F|100\/100\n|-ability|p1b: Chi-Yu|Beads of Ruin\n|-enditem|p2a: Flutter Mane|Booster Energy\n|-activate|p2a: Flutter Mane|ability: Protosynthesis|[fromitem]\n|-start|p2a: Flutter Mane|protosynthesisspe\n|turn|1\n|inactive|Yung Trav has 30 seconds left.\n|inactive|Yung Trav has 20 seconds left.\n|inactive|Yung Trav has 15 seconds left.\n|\n|t:|1736809169\n|switch|p1b: Indeedee|Indeedee-F, L50, F, shiny|100\/100\n|-fieldstart|move: Psychic Terrain|[from] ability: Psychic Surge|[of] p1b: Indeedee\n|-terastallize|p1a: Lunala|Grass\n|move|p2a: Flutter Mane|Moonblast|p1a: Lunala\n|-damage|p1a: Lunala|87\/100\n|-unboost|p1a: Lunala|spa|1\n|move|p2b: Ogerpon|Ivy Cudgel|p1a: Lunala|[anim] Ivy Cudgel Rock\n|-damage|p1a: Lunala|40\/100\n|move|p1a: Lunala|Expanding Force|p2b: Ogerpon|[spread] p2a,p2b\n|-damage|p2a: Flutter Mane|61\/100\n|-damage|p2b: Ogerpon|49\/100\n|\n|upkeep\n|turn|2\n|inactive|Yung Trav has 30 seconds left.\n|inactive|anton19 has 30 seconds left.\n|\n|t:|1736809199\n|move|p1b: Indeedee|Follow Me|p1b: Indeedee\n|-singleturn|p1b: Indeedee|move: Follow Me\n|move|p2a: Flutter Mane|Icy Wind|p1a: Lunala|[spread] p1a,p1b\n|-supereffective|p1a: Lunala\n|-damage|p1a: Lunala|24\/100\n|-damage|p1b: Indeedee|89\/100\n|-unboost|p1a: Lunala|spe|1\n|-unboost|p1b: Indeedee|spe|1\n|move|p2b: Ogerpon|Ivy Cudgel|p1b: Indeedee|[anim] Ivy Cudgel Rock\n|-damage|p1b: Indeedee|34\/100\n|move|p1a: Lunala|Meteor Beam||[still]\n|-prepare|p1a: Lunala|Meteor Beam\n|-boost|p1a: Lunala|spa|1\n|-enditem|p1a: Lunala|Power Herb\n|-anim|p1a: Lunala|Meteor Beam|p2a: Flutter Mane\n|-damage|p2a: Flutter Mane|19\/100\n|\n|upkeep\n|turn|3\n|inactive|Yung Trav has 30 seconds left.\n|inactive|anton19 has 30 seconds left.\n|inactive|anton19 has 20 seconds left.\n|\n|t:|1736809236\n|move|p1b: Indeedee|Follow Me|p1b: Indeedee\n|-singleturn|p1b: Indeedee|move: Follow Me\n|move|p2a: Flutter Mane|Icy Wind|p1b: Indeedee|[spread] p1a,p1b\n|-supereffective|p1a: Lunala\n|-damage|p1a: Lunala|7\/100\n|-damage|p1b: Indeedee|23\/100\n|-unboost|p1a: Lunala|spe|1\n|-unboost|p1b: Indeedee|spe|1\n|move|p2b: Ogerpon|Ivy Cudgel|p1b: Indeedee|[anim] Ivy Cudgel Rock\n|-crit|p1b: Indeedee\n|-damage|p1b: Indeedee|0 fnt\n|faint|p1b: Indeedee\n|move|p1a: Lunala|Expanding Force|p2b: Ogerpon|[spread] p2a,p2b\n|-damage|p2a: Flutter Mane|0 fnt\n|-damage|p2b: Ogerpon|0 fnt\n|faint|p2a: Flutter Mane\n|-end|p2a: Flutter Mane|Protosynthesis|[silent]\n|faint|p2b: Ogerpon\n|\n|upkeep\n|\n|t:|1736809261\n|switch|p2a: Pelipper|Pelipper, L50, M|100\/100\n|switch|p2b: Calyrex|Calyrex-Ice, L50|100\/100\n|switch|p1b: Chi-Yu|Chi-Yu, L50|100\/100\n|-ability|p2b: Calyrex|As One\n|-ability|p2b: Calyrex|Unnerve\n|-ability|p1b: Chi-Yu|Beads of Ruin\n|-weather|RainDance|[from] ability: Drizzle|[of] p2a: Pelipper\n|turn|4\n|j| judang\n|inactive|Yung Trav has 30 seconds left.\n|\n|t:|1736809295\n|-terastallize|p2b: Calyrex|Dragon\n|move|p1b: Chi-Yu|Dark Pulse|p2b: Calyrex\n|-damage|p2b: Calyrex|54\/100\n|move|p2a: Pelipper|Weather Ball|p1b: Chi-Yu\n|-supereffective|p1b: Chi-Yu\n|-damage|p1b: Chi-Yu|0 fnt\n|faint|p1b: Chi-Yu\n|move|p2b: Calyrex|Glacial Lance|p1a: Lunala\n|-supereffective|p1a: Lunala\n|-damage|p1a: Lunala|0 fnt\n|faint|p1a: Lunala\n|-ability|p2b: Calyrex|Chilling Neigh|boost\n|-boost|p2b: Calyrex|atk|1\n|\n|-weather|RainDance|[upkeep]\n|upkeep\n|\n|t:|1736809312\n|switch|p1a: Urshifu|Urshifu-Rapid-Strike, L50, M|100\/100\n|turn|5\n|\n|t:|1736809318\n|move|p1a: Urshifu|Surging Strikes|p2b: Calyrex\n|-resisted|p2b: Calyrex\n|-crit|p2b: Calyrex\n|-damage|p2b: Calyrex|44\/100\n|-resisted|p2b: Calyrex\n|-crit|p2b: Calyrex\n|-damage|p2b: Calyrex|34\/100\n|-resisted|p2b: Calyrex\n|-crit|p2b: Calyrex\n|-damage|p2b: Calyrex|24\/100\n|-hitcount|p2b: Calyrex|3\n|move|p2a: Pelipper|Hurricane|p1a: Urshifu\n|-supereffective|p1a: Urshifu\n|-enditem|p1a: Urshifu|Focus Sash\n|-damage|p1a: Urshifu|1\/100\n|move|p2b: Calyrex|Glacial Lance|p1a: Urshifu\n|-resisted|p1a: Urshifu\n|-damage|p1a: Urshifu|0 fnt\n|faint|p1a: Urshifu\n|\n|win|anton19\n|raw|Yung Trav's rating: 1652 &rarr; <strong>1625<\/strong><br \/>(-27 for losing)\n|raw|anton19's rating: 1527 &rarr; <strong>1554<\/strong><br \/>(+27 for winning)\n|l| Geengar's dream\n|l|\u2606Yung Trav\n|player|p1|\n|l| judang\n","uploadtime":1736809464,"views":6,"formatid":"gen9vgc2025regg","rating":1554,"private":0,"password":null}