{"id":"gen9vgc2025regg-2280223396","format":"[Gen 9] VGC 2025 Reg G","players":["shikico","FleurCannon56"],"log":"|j|\u2606shikico\n|j|\u2606FleurCannon56\n|t:|1736773073\n|gametype|doubles\n|player|p1|shikico|1|1584\n|player|p2|FleurCannon56|lisia|1645\n|teamsize|p1|6\n|teamsize|p2|6\n|gen|9\n|tier|[Gen 9] VGC 2025 Reg G\n|rated|\n|rule|Species Clause: Limit one of each Pok\u00e9mon\n|rule|Item Clause: Limit 1 of each item\n|clearpoke\n|poke|p1|Terapagos, L50, M|\n|poke|p1|Primarina, L50, F|\n|poke|p1|Amoonguss, L50, F|\n|poke|p1|Gothitelle, L50, F|\n|poke|p1|Incineroar, L50, F|\n|poke|p1|Raging Bolt, L50|\n|poke|p2|Koraidon, L50|\n|poke|p2|Whimsicott, L50, F|\n|poke|p2|Torkoal, L50, F|\n|poke|p2|Raging Bolt, L50|\n|poke|p2|Flutter Mane, L50|\n|poke|p2|Chi-Yu, L50|\n|teampreview|4\n|inactive|Battle timer is ON: inactive players will automatically lose when time's up. (requested by shikico)\n|inactive|shikico has 60 seconds left.\n|inactive|shikico has 30 seconds left.\n|inactive|shikico has 20 seconds left.\n|inactive|shikico has 15 seconds left.\n|inactive|shikico has 10 seconds left.\n|inactive|shikico has 5 seconds left.\n|\n|t:|1736773160\n|start\n|switch|p1a: Terapagos|Terapagos, L50, M|100\/100\n|switch|p1b: Incineroar|Incineroar, L50, F|100\/100\n|switch|p2a: Chi-Yu|Chi-Yu, L50|100\/100\n|switch|p2b: Flutter Mane|Flutter Mane, L50|100\/100\n|-activate|p1a: Terapagos|ability: Tera Shift\n|detailschange|p1a: Terapagos|Terapagos-Terastal, L50, M\n|-heal|p1a: Terapagos|100\/100|[silent]\n|-ability|p2a: Chi-Yu|Beads of Ruin\n|-ability|p1b: Incineroar|Intimidate|boost\n|-unboost|p2a: Chi-Yu|atk|1\n|-unboost|p2b: Flutter Mane|atk|1\n|turn|1\n|inactive|shikico has 30 seconds left.\n|\n|t:|1736773185\n|move|p1a: Terapagos|Protect|p1a: Terapagos\n|-singleturn|p1a: Terapagos|Protect\n|move|p2a: Chi-Yu|Overheat|p1a: Terapagos\n|-activate|p1a: Terapagos|move: Protect\n|move|p2b: Flutter Mane|Moonblast|p1a: Terapagos\n|-activate|p1a: Terapagos|move: Protect\n|move|p1b: Incineroar|Parting Shot|p2b: Flutter Mane\n|-unboost|p2b: Flutter Mane|atk|1\n|-unboost|p2b: Flutter Mane|spa|1\n|\n|t:|1736773199\n|switch|p1b: Primarina|Primarina, L50, F|100\/100|[from] Parting Shot\n|\n|upkeep\n|turn|2\n|\n|t:|1736773212\n|switch|p1a: Incineroar|Incineroar, L50, F|100\/100\n|-ability|p1a: Incineroar|Intimidate|boost\n|-unboost|p2a: Chi-Yu|atk|1\n|-unboost|p2b: Flutter Mane|atk|1\n|-terastallize|p2b: Flutter Mane|Fairy\n|move|p2a: Chi-Yu|Overheat|p1a: Incineroar\n|-resisted|p1a: Incineroar\n|-crit|p1a: Incineroar\n|-damage|p1a: Incineroar|35\/100\n|-unboost|p2a: Chi-Yu|spa|2\n|move|p2b: Flutter Mane|Moonblast|p1a: Incineroar\n|-damage|p1a: Incineroar|0 fnt\n|faint|p1a: Incineroar\n|move|p1b: Primarina|Flip Turn|p2a: Chi-Yu\n|-supereffective|p2a: Chi-Yu\n|-damage|p2a: Chi-Yu|50\/100\n|\n|t:|1736773231\n|switch|p1b: Terapagos|Terapagos-Terastal, L50, M|100\/100|[from] Flip Turn\n|\n|upkeep\n|\n|t:|1736773234\n|switch|p1a: Raging Bolt|Raging Bolt, L50|100\/100\n|turn|3\n|\n|t:|1736773257\n|switch|p2a: Koraidon|Koraidon, L50|100\/100\n|-weather|SunnyDay|[from] ability: Orichalcum Pulse|[of] p2a: Koraidon\n|-activate|p2b: Flutter Mane|ability: Protosynthesis\n|-start|p2b: Flutter Mane|protosynthesisspe\n|-activate|p1a: Raging Bolt|ability: Protosynthesis\n|-start|p1a: Raging Bolt|protosynthesisspa\n|-activate|p2a: Koraidon|Orichalcum Pulse|[source]\n|-terastallize|p1b: Terapagos|Stellar\n|detailschange|p1b: Terapagos|Terapagos-Stellar, L50, M, tera:Stellar\n|-heal|p1b: Terapagos|100\/100|[silent]\n|-ability|p1b: Terapagos|Teraform Zero\n|-weather|none\n|-end|p2b: Flutter Mane|Protosynthesis\n|-end|p1a: Raging Bolt|Protosynthesis\n|move|p1a: Raging Bolt|Protect|p1a: Raging Bolt\n|-singleturn|p1a: Raging Bolt|Protect\n|move|p2b: Flutter Mane|Moonblast|p1a: Raging Bolt\n|-activate|p1a: Raging Bolt|move: Protect\n|move|p1b: Terapagos|Tera Starstorm|p2b: Flutter Mane|[spread] p2a,p2b\n|-supereffective|p2b: Flutter Mane\n|-damage|p2a: Koraidon|58\/100\n|-damage|p2b: Flutter Mane|5\/100\n|\n|upkeep\n|turn|4\n|inactive|shikico has 30 seconds left.\n|inactive|shikico has 20 seconds left.\n|\n|t:|1736773296\n|move|p1a: Raging Bolt|Thunderclap|p2b: Flutter Mane\n|-damage|p2b: Flutter Mane|0 fnt\n|faint|p2b: Flutter Mane\n|-end|p2b: Flutter Mane|Protosynthesis|[silent]\n|move|p2a: Koraidon|Collision Course|p1b: Terapagos\n|-supereffective|p1b: Terapagos\n|-damage|p1b: Terapagos|0 fnt\n|faint|p1b: Terapagos\n|\n|upkeep\n|\n|t:|1736773304\n|switch|p2b: Raging Bolt|Raging Bolt, L50|100\/100\n|switch|p1b: Primarina|Primarina, L50, F|100\/100\n|turn|5\n|\n|t:|1736773327\n|move|p1b: Primarina|Protect|p1b: Primarina\n|-singleturn|p1b: Primarina|Protect\n|move|p2a: Koraidon|Collision Course|p1b: Primarina\n|-activate|p1b: Primarina|move: Protect\n|move|p2b: Raging Bolt|Thunderbolt|p1b: Primarina\n|-activate|p1b: Primarina|move: Protect\n|move|p1a: Raging Bolt|Draco Meteor|p2b: Raging Bolt\n|-supereffective|p2b: Raging Bolt\n|-damage|p2b: Raging Bolt|12\/100\n|-unboost|p1a: Raging Bolt|spa|2\n|\n|upkeep\n|turn|6\n|\n|t:|1736773352\n|move|p1b: Primarina|Protect||[still]\n|-fail|p1b: Primarina\n|move|p2a: Koraidon|Collision Course|p1b: Primarina\n|-resisted|p1b: Primarina\n|-damage|p1b: Primarina|61\/100\n|move|p2b: Raging Bolt|Thunderbolt|p1b: Primarina\n|-supereffective|p1b: Primarina\n|-damage|p1b: Primarina|0 fnt\n|faint|p1b: Primarina\n|move|p1a: Raging Bolt|Draco Meteor|p2b: Raging Bolt\n|-supereffective|p2b: Raging Bolt\n|-damage|p2b: Raging Bolt|0 fnt\n|-unboost|p1a: Raging Bolt|spa|2\n|faint|p2b: Raging Bolt\n|-end|p2b: Raging Bolt|Protosynthesis|[silent]\n|\n|upkeep\n|\n|t:|1736773359\n|switch|p2b: Chi-Yu|Chi-Yu, L50|50\/100\n|-ability|p2b: Chi-Yu|Beads of Ruin\n|turn|7\n|-message|shikico forfeited.\n|\n|win|FleurCannon56\n|raw|shikico's rating: 1584 &rarr; <strong>1567<\/strong><br \/>(-17 for losing)\n|raw|FleurCannon56's rating: 1645 &rarr; <strong>1662<\/strong><br \/>(+17 for winning)\n|l|\u2606shikico\n|player|p1|\n|l|\u2606FleurCannon56\n|player|p2|\n","uploadtime":1736773620,"views":27,"formatid":"gen9vgc2025regg","rating":1567,"private":0,"password":null}