{"id":"gen9vgc2025regg-2280228219","format":"[Gen 9] VGC 2025 Reg G","players":["something123","massan2580"],"log":"|j|\u2606something123\n|j|\u2606massan2580\n|t:|1736773781\n|gametype|doubles\n|player|p1|something123|170|1564\n|player|p2|massan2580|2|1555\n|teamsize|p1|6\n|teamsize|p2|6\n|gen|9\n|tier|[Gen 9] VGC 2025 Reg G\n|rated|\n|rule|Species Clause: Limit one of each Pok\u00e9mon\n|rule|Item Clause: Limit 1 of each item\n|clearpoke\n|poke|p1|Miraidon, L50|\n|poke|p1|Whimsicott, L50, M|\n|poke|p1|Dondozo, L50, M|\n|poke|p1|Tatsugiri, L50, M|\n|poke|p1|Ditto, L50|\n|poke|p1|Cobalion, L50|\n|poke|p2|Calyrex-Shadow, L50|\n|poke|p2|Grimmsnarl, L50, M|\n|poke|p2|Clefairy, L50, M|\n|poke|p2|Rillaboom, L50, F|\n|poke|p2|Chien-Pao, L50|\n|poke|p2|Dragonite, L50, M|\n|teampreview|4\n|inactive|Battle timer is ON: inactive players will automatically lose when time's up. (requested by massan2580)\n|inactive|something123 has 60 seconds left.\n|\n|t:|1736773841\n|start\n|switch|p1a: Miraidon|Miraidon, L50|100\/100\n|switch|p1b: Cobalion|Cobalion, L50|100\/100\n|switch|p2a: Grimmsnarl|Grimmsnarl, L50, M|100\/100\n|switch|p2b: Calyrex|Calyrex-Shadow, L50|100\/100\n|-ability|p2b: Calyrex|As One\n|-ability|p2b: Calyrex|Unnerve\n|-fieldstart|move: Electric Terrain|[from] ability: Hadron Engine|[of] p1a: Miraidon\n|-enditem|p1b: Cobalion|Electric Seed\n|-boost|p1b: Cobalion|def|1|[from] item: Electric Seed\n|turn|1\n|\n|t:|1736773853\n|move|p2a: Grimmsnarl|Fake Out|p1a: Miraidon\n|-damage|p1a: Miraidon|90\/100\n|move|p1a: Miraidon|Volt Switch|p2a: Grimmsnarl\n|-damage|p2a: Grimmsnarl|39\/100\n|\n|t:|1736773865\n|switch|p1a: Whimsicott|Whimsicott, L50, M|100\/100|[from] Volt Switch\n|move|p2b: Calyrex|Nasty Plot|p2b: Calyrex\n|-boost|p2b: Calyrex|spa|2\n|move|p1b: Cobalion|Heavy Slam|p2a: Grimmsnarl\n|-supereffective|p2a: Grimmsnarl\n|-damage|p2a: Grimmsnarl|0 fnt\n|faint|p2a: Grimmsnarl\n|\n|upkeep\n|\n|t:|1736773879\n|switch|p2a: Dragonite|Dragonite, L50, M|100\/100\n|turn|2\n|j| shigeru_old\n|\n|t:|1736773897\n|move|p1a: Whimsicott|Encore|p2b: Calyrex\n|-start|p2b: Calyrex|Encore\n|move|p2b: Calyrex|Nasty Plot|p2b: Calyrex\n|-boost|p2b: Calyrex|spa|2\n|move|p1b: Cobalion|Body Press|p2a: Dragonite\n|-resisted|p2a: Dragonite\n|-damage|p2a: Dragonite|66\/100\n|move|p2a: Dragonite|Tailwind|p2a: Dragonite\n|-sidestart|p2: massan2580|move: Tailwind\n|\n|upkeep\n|turn|3\n|\n|t:|1736773918\n|switch|p2a: Clefairy|Clefairy, L50, M|100\/100\n|move|p2b: Calyrex|Nasty Plot|p2b: Calyrex\n|-boost|p2b: Calyrex|spa|2\n|move|p1a: Whimsicott|Moonblast|p2a: Clefairy\n|-damage|p2a: Clefairy|70\/100\n|-unboost|p2a: Clefairy|spa|1\n|move|p1b: Cobalion|Body Press|p2a: Clefairy\n|-resisted|p2a: Clefairy\n|-damage|p2a: Clefairy|41\/100\n|\n|upkeep\n|turn|4\n|\n|t:|1736773935\n|switch|p1a: Ditto|Ditto, L50|100\/100\n|-transform|p1a: Ditto|p2b: Calyrex|[from] ability: Imposter\n|-ability|p1a: Ditto|As One\n|-ability|p1a: Ditto|Unnerve\n|switch|p2a: Dragonite|Dragonite, L50, M|66\/100\n|move|p2b: Calyrex|Nasty Plot|p2b: Calyrex\n|-boost|p2b: Calyrex|spa|0\n|move|p1b: Cobalion|Heavy Slam|p2a: Dragonite\n|-damage|p2a: Dragonite|52\/100\n|\n|-end|p2b: Calyrex|Encore\n|upkeep\n|turn|5\n|\n|t:|1736773956\n|switch|p1a: Whimsicott|Whimsicott, L50, M|100\/100\n|move|p1b: Cobalion|Protect|p1b: Cobalion\n|-singleturn|p1b: Cobalion|Protect\n|move|p2b: Calyrex|Astral Barrage|p1a: Whimsicott|[spread] p1a\n|-activate|p1b: Cobalion|move: Protect\n|-enditem|p1a: Whimsicott|Focus Sash\n|-damage|p1a: Whimsicott|1\/100\n|move|p2a: Dragonite|Scale Shot|p1a: Whimsicott\n|-immune|p1a: Whimsicott\n|\n|-sideend|p2: massan2580|move: Tailwind\n|-fieldend|move: Electric Terrain\n|upkeep\n|turn|6\n|\n|t:|1736773975\n|move|p2a: Dragonite|Extreme Speed|p1a: Whimsicott\n|-damage|p1a: Whimsicott|0 fnt\n|faint|p1a: Whimsicott\n|move|p2b: Calyrex|Astral Barrage|p1b: Cobalion\n|-damage|p1b: Cobalion|0 fnt\n|faint|p1b: Cobalion\n|\n|upkeep\n|\n|t:|1736773981\n|switch|p1a: Ditto|Ditto, L50|100\/100\n|switch|p1b: Miraidon|Miraidon, L50|90\/100\n|-fieldstart|move: Electric Terrain|[from] ability: Hadron Engine|[of] p1b: Miraidon\n|-transform|p1a: Ditto|p2b: Calyrex|[from] ability: Imposter\n|-ability|p1a: Ditto|As One\n|-ability|p1a: Ditto|Unnerve\n|turn|7\n|inactive|something123 has 30 seconds left.\n|\n|t:|1736774013\n|-terastallize|p1b: Miraidon|Electric\n|-terastallize|p2a: Dragonite|Normal\n|move|p2b: Calyrex|Protect|p2b: Calyrex\n|-singleturn|p2b: Calyrex|Protect\n|move|p1a: Ditto|Astral Barrage|p2b: Calyrex|[spread] \n|-activate|p2b: Calyrex|move: Protect\n|-immune|p2a: Dragonite\n|move|p1b: Miraidon|Electro Drift|p2b: Calyrex\n|-activate|p2b: Calyrex|move: Protect\n|move|p2a: Dragonite|Tailwind|p2a: Dragonite\n|-sidestart|p2: massan2580|move: Tailwind\n|\n|upkeep\n|turn|8\n|-message|something123 forfeited.\n|\n|win|massan2580\n|raw|something123's rating: 1564 &rarr; <strong>1543<\/strong><br \/>(-21 for losing)\n|raw|massan2580's rating: 1555 &rarr; <strong>1576<\/strong><br \/>(+21 for winning)\n|l|\u2606something123\n|player|p1|\n|l|\u2606massan2580\n|player|p2|\n","uploadtime":1736774172,"views":23,"formatid":"gen9vgc2025regg","rating":1543,"private":0,"password":null}