{"id":"gen9vgc2025regg-2280212452","format":"[Gen 9] VGC 2025 Reg G","players":["FleurCannon56","Tester_SF01"],"log":"|j|\u2606FleurCannon56\n|j|\u2606Tester_SF01\n|t:|1736771454\n|gametype|doubles\n|player|p1|FleurCannon56|lisia|1683\n|player|p2|Tester_SF01|hiker-gen4|1609\n|teamsize|p1|6\n|teamsize|p2|6\n|gen|9\n|tier|[Gen 9] VGC 2025 Reg G\n|rated|\n|rule|Species Clause: Limit one of each Pok\u00e9mon\n|rule|Item Clause: Limit 1 of each item\n|clearpoke\n|poke|p1|Koraidon, L50|\n|poke|p1|Whimsicott, L50, F|\n|poke|p1|Torkoal, L50, M|\n|poke|p1|Raging Bolt, L50|\n|poke|p1|Flutter Mane, L50|\n|poke|p1|Chi-Yu, L50|\n|poke|p2|Klefki, L50, M|\n|poke|p2|Calyrex-Shadow, L50|\n|poke|p2|Indeedee-F, L50, F|\n|poke|p2|Urshifu-*, L50, F|\n|poke|p2|Tornadus, L50, M|\n|poke|p2|Regieleki, L50|\n|teampreview|4\n|\n|t:|1736771480\n|start\n|switch|p1a: Whimsicott|Whimsicott, L50, F|100\/100\n|switch|p1b: Raging Bolt|Raging Bolt, L50|100\/100\n|switch|p2a: Tornadus|Tornadus, L50, M|100\/100\n|switch|p2b: Calyrex|Calyrex-Shadow, L50|100\/100\n|-ability|p2b: Calyrex|As One\n|-ability|p2b: Calyrex|Unnerve\n|turn|1\n|\n|t:|1736771500\n|move|p2b: Calyrex|Protect|p2b: Calyrex\n|-singleturn|p2b: Calyrex|Protect\n|move|p1a: Whimsicott|Tailwind|p1a: Whimsicott\n|-sidestart|p1: FleurCannon56|move: Tailwind\n|move|p2a: Tornadus|Taunt|p1a: Whimsicott\n|-start|p1a: Whimsicott|move: Taunt\n|move|p1b: Raging Bolt|Thunderbolt|p2b: Calyrex\n|-activate|p2b: Calyrex|move: Protect\n|\n|upkeep\n|turn|2\n|\n|t:|1736771510\n|-terastallize|p2b: Calyrex|Ground\n|move|p2a: Tornadus|Tailwind|p2a: Tornadus\n|-sidestart|p2: Tester_SF01|move: Tailwind\n|move|p2b: Calyrex|Astral Barrage|p1b: Raging Bolt|[spread] p1a,p1b\n|-enditem|p1a: Whimsicott|Focus Sash\n|-damage|p1a: Whimsicott|1\/100\n|-damage|p1b: Raging Bolt|59\/100\n|-damage|p2b: Calyrex|91\/100|[from] item: Life Orb\n|move|p1a: Whimsicott|Moonblast|p2b: Calyrex\n|-damage|p2b: Calyrex|58\/100\n|move|p1b: Raging Bolt|Thunderbolt|p2b: Calyrex\n|-immune|p2b: Calyrex\n|\n|upkeep\n|turn|3\n|\n|t:|1736771528\n|switch|p2a: Indeedee|Indeedee-F, L50, F|100\/100\n|-fieldstart|move: Psychic Terrain|[from] ability: Psychic Surge|[of] p2a: Indeedee\n|move|p2b: Calyrex|Expanding Force|p1a: Whimsicott|[spread] p1a,p1b\n|-crit|p1b: Raging Bolt\n|-damage|p1a: Whimsicott|0 fnt\n|-damage|p1b: Raging Bolt|0 fnt\n|faint|p1a: Whimsicott\n|faint|p1b: Raging Bolt\n|-end|p1b: Raging Bolt|Protosynthesis|[silent]\n|-ability|p2b: Calyrex|Grim Neigh|boost\n|-boost|p2b: Calyrex|spa|2\n|-damage|p2b: Calyrex|48\/100|[from] item: Life Orb\n|\n|upkeep\n|\n|t:|1736771534\n|switch|p1a: Koraidon|Koraidon, L50|100\/100\n|switch|p1b: Flutter Mane|Flutter Mane, L50|100\/100\n|-weather|SunnyDay|[from] ability: Orichalcum Pulse|[of] p1a: Koraidon\n|-activate|p1b: Flutter Mane|ability: Protosynthesis\n|-start|p1b: Flutter Mane|protosynthesisspe\n|-activate|p1a: Koraidon|Orichalcum Pulse|[source]\n|turn|4\n|\n|t:|1736771544\n|move|p2b: Calyrex|Protect|p2b: Calyrex\n|-singleturn|p2b: Calyrex|Protect\n|move|p1b: Flutter Mane|Dazzling Gleam|p2a: Indeedee|[spread] p2a\n|-activate|p2b: Calyrex|move: Protect\n|-damage|p2a: Indeedee|58\/100\n|move|p1a: Koraidon|Collision Course|p2a: Indeedee\n|-damage|p2a: Indeedee|0 fnt\n|faint|p2a: Indeedee\n|\n|-weather|SunnyDay|[upkeep]\n|-sideend|p1: FleurCannon56|move: Tailwind\n|upkeep\n|\n|t:|1736771548\n|switch|p2a: Regieleki|Regieleki, L50|100\/100\n|turn|5\n|\n|t:|1736771557\n|switch|p2a: Tornadus|Tornadus, L50, M|100\/100\n|move|p2b: Calyrex|Expanding Force|p1a: Koraidon|[spread] p1a,p1b\n|-supereffective|p1a: Koraidon\n|-damage|p1a: Koraidon|0 fnt\n|-damage|p1b: Flutter Mane|0 fnt\n|faint|p1a: Koraidon\n|faint|p1b: Flutter Mane\n|-end|p1b: Flutter Mane|Protosynthesis|[silent]\n|-damage|p2b: Calyrex|39\/100|[from] item: Life Orb\n|\n|win|Tester_SF01\n|raw|FleurCannon56's rating: 1683 &rarr; <strong>1659<\/strong><br \/>(-24 for losing)\n|raw|Tester_SF01's rating: 1609 &rarr; <strong>1633<\/strong><br \/>(+24 for winning)\n|l|\u2606Tester_SF01\n|player|p2|\n|l|\u2606FleurCannon56\n|player|p1|\n","uploadtime":1736771731,"views":54,"formatid":"gen9vgc2025regg","rating":1633,"private":0,"password":null}