{"id":"gen9vgc2025regg-2280073113","format":"[Gen 9] VGC 2025 Reg G","players":["eriksp","anton19"],"log":"|j|\u2606eriksp\n|j|\u2606anton19\n|t:|1736744583\n|gametype|doubles\n|player|p1|eriksp|volkner-masters|1601\n|player|p2|anton19|102|1553\n|teamsize|p1|6\n|teamsize|p2|6\n|gen|9\n|tier|[Gen 9] VGC 2025 Reg G\n|rated|\n|rule|Species Clause: Limit one of each Pok\u00e9mon\n|rule|Item Clause: Limit 1 of each item\n|clearpoke\n|poke|p1|Calyrex-Ice, L50|\n|poke|p1|Amoonguss, L50, F|\n|poke|p1|Landorus, L50, M|\n|poke|p1|Regieleki, L50|\n|poke|p1|Incineroar, L50, F|\n|poke|p1|Urshifu-*, L50, F|\n|poke|p2|Pelipper, L50, F|\n|poke|p2|Calyrex-Ice, L50|\n|poke|p2|Rillaboom, L50, M|\n|poke|p2|Urshifu-*, L50, M|\n|poke|p2|Flutter Mane, L50|\n|poke|p2|Ogerpon-Cornerstone, L50, F|\n|teampreview|4\n|inactive|Battle timer is ON: inactive players will automatically lose when time's up. (requested by anton19)\neriksp has agreed to open team sheets.\nanton19 has agreed to open team sheets.\n|showteam|p1|Calyrex-Ice||ClearAmulet|AsOneGlastrier|GlacialLance,HighHorsepower,TrickRoom,Protect||||||50|,,,,,Water]Amoonguss||RockyHelmet|Regenerator|Spore,RagePowder,PollenPuff,Protect|||F|||50|,,,,,Water]Landorus||LifeOrb|SheerForce|EarthPower,SludgeBomb,SandsearStorm,Protect|||M|||50|,,,,,Poison]Regieleki||FocusSash|Transistor|Thunderbolt,Electroweb,VoltSwitch,Protect||||||50|,,,,,Electric]Incineroar||SafetyGoggles|Intimidate|KnockOff,FakeOut,PartingShot,WillOWisp|||F|||50|,,,,,Ghost]Urshifu||ChoiceBand|UnseenFist|CloseCombat,WickedBlow,SuckerPunch,Uturn|||F|||50|,,,,,Dark\n|showteam|p2|Pelipper||FocusSash|Drizzle|WeatherBall,Hurricane,WideGuard,Protect|||F|||50|,,,,,Ground]Calyrex-Ice||ClearAmulet|AsOneGlastrier|GlacialLance,HighHorsepower,TrickRoom,Protect||||||50|,,,,,Dragon]Rillaboom||AssaultVest|GrassySurge|FakeOut,GrassyGlide,WoodHammer,Uturn|||M|||50|,,,,,Fire]Urshifu-Rapid-Strike||ChoiceScarf|UnseenFist|Coaching,AquaJet,SurgingStrikes,CloseCombat|||M|||50|,,,,,Ghost]Flutter Mane||BoosterEnergy|Protosynthesis|Moonblast,IcyWind,Taunt,Protect||||||50|,,,,,Fairy]Ogerpon-Cornerstone||CornerstoneMask|Sturdy|FollowMe,HornLeech,IvyCudgel,SpikyShield|||F|||50|,,,,,Rock\n|j| starlight74\n|inactive|eriksp has 30 seconds left.\n|\n|t:|1736744622\n|start\n|switch|p1a: Amoonguss|Amoonguss, L50, F|100\/100\n|switch|p1b: Calyrex|Calyrex-Ice, L50|100\/100\n|switch|p2a: Flutter Mane|Flutter Mane, L50|100\/100\n|switch|p2b: Urshifu|Urshifu-Rapid-Strike, L50, M|100\/100\n|-ability|p1b: Calyrex|As One\n|-ability|p1b: Calyrex|Unnerve\n|-enditem|p2a: Flutter Mane|Booster Energy\n|-activate|p2a: Flutter Mane|ability: Protosynthesis|[fromitem]\n|-start|p2a: Flutter Mane|protosynthesisspe\n|turn|1\n|\n|t:|1736744634\n|switch|p2b: Calyrex|Calyrex-Ice, L50|100\/100\n|-ability|p2b: Calyrex|As One\n|-ability|p2b: Calyrex|Unnerve\n|move|p1a: Amoonguss|Rage Powder|p1a: Amoonguss\n|-singleturn|p1a: Amoonguss|move: Rage Powder\n|move|p2a: Flutter Mane|Taunt|p1a: Amoonguss\n|-start|p1a: Amoonguss|move: Taunt\n|move|p1b: Calyrex|Trick Room|p1b: Calyrex\n|-fieldstart|move: Trick Room|[of] p1b: Calyrex\n|\n|upkeep\n|turn|2\n|\n|t:|1736744651\n|switch|p1a: Incineroar|Incineroar, L50, F|100\/100\n|-ability|p1a: Incineroar|Intimidate|boost\n|-unboost|p2a: Flutter Mane|atk|1\n|-fail|p2b: Calyrex|unboost|[from] item: Clear Amulet|[of] p2b: Calyrex\n|move|p2b: Calyrex|Glacial Lance|p1b: Calyrex|[spread] p1a,p1b\n|-resisted|p1a: Incineroar\n|-resisted|p1b: Calyrex\n|-damage|p1a: Incineroar|77\/100\n|-damage|p1b: Calyrex|82\/100\n|move|p1b: Calyrex|Glacial Lance|p2b: Calyrex|[spread] p2a,p2b\n|-resisted|p2b: Calyrex\n|-damage|p2a: Flutter Mane|12\/100\n|-damage|p2b: Calyrex|83\/100\n|move|p2a: Flutter Mane|Moonblast|p1a: Incineroar\n|-damage|p1a: Incineroar|41\/100\n|\n|upkeep\n|turn|3\n|j| readabooks\n|\n|t:|1736744671\n|-end|p2a: Flutter Mane|Protosynthesis|[silent]\n|switch|p2a: Urshifu|Urshifu-Rapid-Strike, L50, M|100\/100\n|move|p2b: Calyrex|Protect|p2b: Calyrex\n|-singleturn|p2b: Calyrex|Protect\n|move|p1a: Incineroar|Will-O-Wisp|p2b: Calyrex\n|-activate|p2b: Calyrex|move: Protect\n|move|p1b: Calyrex|Glacial Lance|p2b: Calyrex|[spread] p2a\n|-activate|p2b: Calyrex|move: Protect\n|-resisted|p2a: Urshifu\n|-damage|p2a: Urshifu|71\/100\n|\n|upkeep\n|turn|4\n|j| fasboom\n|\n|t:|1736744688\n|move|p2b: Calyrex|Glacial Lance|p1b: Calyrex|[spread] p1a,p1b\n|-resisted|p1a: Incineroar\n|-resisted|p1b: Calyrex\n|-damage|p1a: Incineroar|19\/100\n|-damage|p1b: Calyrex|62\/100\n|move|p1a: Incineroar|Will-O-Wisp|p2b: Calyrex\n|-status|p2b: Calyrex|brn\n|move|p1b: Calyrex|Glacial Lance|p2b: Calyrex|[spread] p2a,p2b\n|-resisted|p2a: Urshifu\n|-resisted|p2b: Calyrex\n|-damage|p2a: Urshifu|41\/100\n|-damage|p2b: Calyrex|67\/100 brn\n|move|p2a: Urshifu|Surging Strikes|p1a: Incineroar\n|-supereffective|p1a: Incineroar\n|-crit|p1a: Incineroar\n|-damage|p1a: Incineroar|0 fnt\n|faint|p1a: Incineroar\n|-hitcount|p1: Incineroar|1\n|\n|-damage|p2b: Calyrex|61\/100 brn|[from] brn\n|upkeep\n|\n|t:|1736744700\n|switch|p1a: Amoonguss|Amoonguss, L50, F|100\/100\n|turn|5\n|\n|t:|1736744711\n|switch|p2a: Flutter Mane|Flutter Mane, L50|12\/100\n|-terastallize|p1a: Amoonguss|Water\n|move|p1a: Amoonguss|Pollen Puff|p1b: Calyrex\n|-heal|p1b: Calyrex|100\/100\n|move|p2b: Calyrex|Glacial Lance|p1a: Amoonguss|[spread] p1a,p1b\n|-resisted|p1a: Amoonguss\n|-resisted|p1b: Calyrex\n|-damage|p1a: Amoonguss|89\/100\n|-damage|p1b: Calyrex|92\/100\n|move|p1b: Calyrex|High Horsepower|p2a: Flutter Mane|[miss]\n|-miss|p1b: Calyrex|p2a: Flutter Mane\n|\n|-damage|p2b: Calyrex|55\/100 brn|[from] brn\n|-fieldend|move: Trick Room\n|upkeep\n|turn|6\n|inactive|anton19 has 30 seconds left.\n|\n|t:|1736744738\n|move|p2a: Flutter Mane|Taunt|p1a: Amoonguss\n|-start|p1a: Amoonguss|move: Taunt\n|move|p2b: Calyrex|High Horsepower|p2a: Flutter Mane\n|-damage|p2a: Flutter Mane|0 fnt\n|faint|p2a: Flutter Mane\n|-end|p2a: Flutter Mane|Protosynthesis|[silent]\n|-ability|p2b: Calyrex|Chilling Neigh|boost\n|-boost|p2b: Calyrex|atk|1\n|move|p1a: Amoonguss|Pollen Puff|p1b: Calyrex\n|-heal|p1b: Calyrex|100\/100\n|move|p1b: Calyrex|Trick Room|p1b: Calyrex\n|-fieldstart|move: Trick Room|[of] p1b: Calyrex\n|\n|-damage|p2b: Calyrex|50\/100 brn|[from] brn\n|upkeep\n|\n|t:|1736744749\n|switch|p2a: Rillaboom|Rillaboom, L50, M|100\/100\n|-fieldstart|move: Grassy Terrain|[from] ability: Grassy Surge|[of] p2a: Rillaboom\n|turn|7\n|\n|t:|1736744759\n|-terastallize|p2a: Rillaboom|Fire\n|move|p1a: Amoonguss|Pollen Puff|p2a: Rillaboom\n|-resisted|p2a: Rillaboom\n|-damage|p2a: Rillaboom|95\/100\n|move|p2b: Calyrex|Glacial Lance|p1a: Amoonguss|[spread] p1a,p1b\n|-resisted|p1a: Amoonguss\n|-resisted|p1b: Calyrex\n|-damage|p1a: Amoonguss|71\/100\n|-damage|p1b: Calyrex|87\/100\n|move|p1b: Calyrex|Glacial Lance|p2a: Rillaboom|[spread] p2a,p2b\n|-resisted|p2a: Rillaboom\n|-resisted|p2b: Calyrex\n|-damage|p2a: Rillaboom|67\/100\n|-damage|p2b: Calyrex|32\/100 brn\n|move|p2a: Rillaboom|Wood Hammer|p1a: Amoonguss\n|-supereffective|p1a: Amoonguss\n|-damage|p1a: Amoonguss|0 fnt\n|-damage|p2a: Rillaboom|50\/100|[from] item: Rocky Helmet|[of] p1a: Amoonguss\n|faint|p1a: Amoonguss\n|-damage|p2a: Rillaboom|22\/100|[from] Recoil\n|\n|-heal|p2b: Calyrex|38\/100 brn|[from] Grassy Terrain\n|-heal|p1b: Calyrex|93\/100|[from] Grassy Terrain\n|-heal|p2a: Rillaboom|29\/100|[from] Grassy Terrain\n|-damage|p2b: Calyrex|32\/100 brn|[from] brn\n|upkeep\n|\n|t:|1736744770\n|switch|p1a: Regieleki|Regieleki, L50|100\/100\n|turn|8\n|\n|t:|1736744787\n|move|p1a: Regieleki|Protect|p1a: Regieleki\n|-singleturn|p1a: Regieleki|Protect\n|move|p2a: Rillaboom|Grassy Glide|p1b: Calyrex\n|-damage|p1b: Calyrex|71\/100\n|move|p2b: Calyrex|Glacial Lance|p1a: Regieleki|[spread] p1b\n|-activate|p1a: Regieleki|move: Protect\n|-resisted|p1b: Calyrex\n|-damage|p1b: Calyrex|56\/100\n|move|p1b: Calyrex|High Horsepower|p2a: Rillaboom\n|-supereffective|p2a: Rillaboom\n|-damage|p2a: Rillaboom|0 fnt\n|faint|p2a: Rillaboom\n|-ability|p1b: Calyrex|Chilling Neigh|boost\n|-boost|p1b: Calyrex|atk|1\n|\n|-heal|p2b: Calyrex|38\/100 brn|[from] Grassy Terrain\n|-heal|p1b: Calyrex|62\/100|[from] Grassy Terrain\n|-damage|p2b: Calyrex|32\/100 brn|[from] brn\n|upkeep\n|\n|t:|1736744799\n|switch|p2a: Urshifu|Urshifu-Rapid-Strike, L50, M|41\/100\n|turn|9\n|\n|t:|1736744806\n|move|p2a: Urshifu|Aqua Jet|p1a: Regieleki\n|-crit|p1a: Regieleki\n|-damage|p1a: Regieleki|36\/100\n|move|p2b: Calyrex|Glacial Lance|p1b: Calyrex|[spread] p1a,p1b\n|-resisted|p1b: Calyrex\n|-damage|p1a: Regieleki|0 fnt\n|-damage|p1b: Calyrex|47\/100\n|faint|p1a: Regieleki\n|-ability|p2b: Calyrex|Chilling Neigh|boost\n|-boost|p2b: Calyrex|atk|1\n|move|p1b: Calyrex|High Horsepower|p2a: Urshifu\n|-damage|p2a: Urshifu|0 fnt\n|faint|p2a: Urshifu\n|-ability|p1b: Calyrex|Chilling Neigh|boost\n|-boost|p1b: Calyrex|atk|1\n|\n|-heal|p2b: Calyrex|38\/100 brn|[from] Grassy Terrain\n|-heal|p1b: Calyrex|53\/100|[from] Grassy Terrain\n|-damage|p2b: Calyrex|32\/100 brn|[from] brn\n|upkeep\n|turn|10\n|\n|t:|1736744820\n|move|p2b: Calyrex|High Horsepower|p1b: Calyrex\n|-damage|p1b: Calyrex|26\/100\n|move|p1b: Calyrex|High Horsepower|p2b: Calyrex\n|-damage|p2b: Calyrex|0 fnt\n|faint|p2b: Calyrex\n|\n|win|eriksp\n|raw|eriksp's rating: 1601 &rarr; <strong>1618<\/strong><br \/>(+17 for winning)\n|raw|anton19's rating: 1553 &rarr; <strong>1536<\/strong><br \/>(-17 for losing)\n|l|\u2606eriksp\n|player|p1|\n|l|\u2606anton19\n|player|p2|\n|l| readabooks\n|l| starlight74\n|l| fasboom\n","uploadtime":1736745084,"views":22,"formatid":"gen9vgc2025regg","rating":1536,"private":0,"password":null}