{"id":"gen9vgc2025regg-2281765916","format":"[Gen 9] VGC 2025 Reg G","players":["Indigo Crisp","Diestoise"],"log":"|j|\u2606Indigo Crisp\n|j|\u2606Diestoise\n|t:|1736970965\n|gametype|doubles\n|player|p1|Indigo Crisp|maid|1578\n|player|p2|Diestoise|blue|1604\n|teamsize|p1|6\n|teamsize|p2|6\n|gen|9\n|tier|[Gen 9] VGC 2025 Reg G\n|rated|\n|rule|Species Clause: Limit one of each Pok\u00e9mon\n|rule|Item Clause: Limit 1 of each item\n|clearpoke\n|poke|p1|Zamazenta-*, L50|\n|poke|p1|Flutter Mane, L50|\n|poke|p1|Chien-Pao, L50|\n|poke|p1|Entei, L50|\n|poke|p1|Amoonguss, L50, F|\n|poke|p1|Rillaboom, L50, F|\n|poke|p2|Kyogre, L50|\n|poke|p2|Tornadus, L50, M|\n|poke|p2|Incineroar, L50, M|\n|poke|p2|Raichu, L50, F|\n|poke|p2|Landorus, L50, M|\n|poke|p2|Ogerpon-Wellspring, L50, F|\n|teampreview|4\n|inactive|Battle timer is ON: inactive players will automatically lose when time's up. (requested by Indigo Crisp)\n|\n|t:|1736971006\n|start\n|switch|p1a: Zamazenta|Zamazenta-Crowned, L50|100\/100\n|switch|p1b: Glass Beach|Flutter Mane, L50|100\/100\n|switch|p2a: Incineroar|Incineroar, L50, M|100\/100\n|switch|p2b: Landorus|Landorus, L50, M|100\/100\n|-ability|p1a: Zamazenta|Dauntless Shield|boost\n|-boost|p1a: Zamazenta|def|1\n|-ability|p2a: Incineroar|Intimidate|boost\n|-unboost|p1a: Zamazenta|atk|1\n|-unboost|p1b: Glass Beach|atk|1\n|-enditem|p1b: Glass Beach|Booster Energy\n|-activate|p1b: Glass Beach|ability: Protosynthesis|[fromitem]\n|-start|p1b: Glass Beach|protosynthesisspe\n|turn|1\n|inactive|Diestoise has 30 seconds left.\n|inactive|Diestoise has 20 seconds left.\n|\n|t:|1736971041\n|move|p1a: Zamazenta|Protect|p1a: Zamazenta\n|-singleturn|p1a: Zamazenta|Protect\n|move|p2b: Landorus|Protect|p2b: Landorus\n|-singleturn|p2b: Landorus|Protect\n|move|p1b: Glass Beach|Icy Wind|p2b: Landorus|[spread] p2a\n|-activate|p2b: Landorus|move: Protect\n|-resisted|p2a: Incineroar\n|-damage|p2a: Incineroar|95\/100\n|-unboost|p2a: Incineroar|spe|1\n|move|p2a: Incineroar|Parting Shot|p1b: Glass Beach\n|-unboost|p1b: Glass Beach|atk|1\n|-unboost|p1b: Glass Beach|spa|1\n|\n|t:|1736971062\n|switch|p2a: Tornadus|Tornadus, L50, M|100\/100|[from] Parting Shot\n|\n|upkeep\n|turn|2\n|\n|t:|1736971083\n|-terastallize|p1a: Zamazenta|Dragon\n|-terastallize|p2b: Landorus|Poison\n|move|p2a: Tornadus|Tailwind|p2a: Tornadus\n|-sidestart|p2: Diestoise|move: Tailwind\n|move|p2b: Landorus|Earth Power|p1a: Zamazenta\n|-damage|p1a: Zamazenta|49\/100\n|move|p1b: Glass Beach|Icy Wind|p2a: Tornadus|[spread] p2a,p2b\n|-supereffective|p2a: Tornadus\n|-damage|p2a: Tornadus|77\/100\n|-damage|p2b: Landorus|88\/100\n|-unboost|p2a: Tornadus|spe|1\n|-unboost|p2b: Landorus|spe|1\n|move|p1a: Zamazenta|Heavy Slam|p2b: Landorus\n|-damage|p2b: Landorus|52\/100\n|\n|upkeep\n|turn|3\n|inactive|Indigo Crisp has 30 seconds left.\n|inactive|Indigo Crisp has 20 seconds left.\n|\n|t:|1736971122\n|switch|p1a: Rillaboom|Rillaboom, L50, F|100\/100\n|-fieldstart|move: Grassy Terrain|[from] ability: Grassy Surge|[of] p1a: Rillaboom\n|move|p2a: Tornadus|Rain Dance|p2a: Tornadus\n|-weather|RainDance\n|move|p1b: Glass Beach|Icy Wind|p2b: Landorus|[spread] p2a,p2b\n|-supereffective|p2a: Tornadus\n|-damage|p2a: Tornadus|55\/100\n|-damage|p2b: Landorus|42\/100\n|-unboost|p2a: Tornadus|spe|1\n|-unboost|p2b: Landorus|spe|1\n|move|p2b: Landorus|Sandsear Storm|p1b: Glass Beach|[spread] p1a,p1b\n|-resisted|p1a: Rillaboom\n|-damage|p1a: Rillaboom|78\/100\n|-damage|p1b: Glass Beach|43\/100\n|\n|-weather|RainDance|[upkeep]\n|-heal|p1b: Glass Beach|48\/100|[from] Grassy Terrain\n|-heal|p2b: Landorus|48\/100|[from] Grassy Terrain\n|-heal|p1a: Rillaboom|84\/100|[from] Grassy Terrain\n|upkeep\n|turn|4\n|inactive|Indigo Crisp has 30 seconds left.\n|inactive|Diestoise has 30 seconds left.\n|\n|t:|1736971150\n|switch|p2b: Incineroar|Incineroar, L50, M|95\/100\n|-ability|p2b: Incineroar|Intimidate|boost\n|-unboost|p1a: Rillaboom|atk|1\n|-unboost|p1b: Glass Beach|atk|1\n|move|p1a: Rillaboom|Grassy Glide|p2a: Tornadus\n|-resisted|p2a: Tornadus\n|-damage|p2a: Tornadus|36\/100\n|move|p1b: Glass Beach|Shadow Ball|p2a: Tornadus\n|-damage|p2a: Tornadus|2\/100\n|move|p2a: Tornadus|Bleakwind Storm|p1a: Rillaboom|[spread] p1a,p1b\n|-supereffective|p1a: Rillaboom\n|-damage|p1a: Rillaboom|31\/100\n|-damage|p1b: Glass Beach|12\/100\n|\n|-weather|RainDance|[upkeep]\n|-heal|p1b: Glass Beach|18\/100|[from] Grassy Terrain\n|-heal|p2b: Incineroar|100\/100|[from] Grassy Terrain\n|-heal|p1a: Rillaboom|37\/100|[from] Grassy Terrain\n|upkeep\n|turn|5\n|inactive|Diestoise has 30 seconds left.\n|inactive|Diestoise has 20 seconds left.\n|\n|t:|1736971189\n|switch|p2a: Landorus|Landorus, L50, M, tera:Poison|48\/100\n|switch|p1a: Zamazenta|Zamazenta-Crowned, L50, tera:Dragon|49\/100\n|move|p1b: Glass Beach|Icy Wind|p2b: Incineroar|[spread] p2a,p2b\n|-crit|p2a: Landorus\n|-resisted|p2b: Incineroar\n|-damage|p2a: Landorus|24\/100\n|-damage|p2b: Incineroar|97\/100\n|-unboost|p2a: Landorus|spe|1\n|-unboost|p2b: Incineroar|spe|1\n|move|p2b: Incineroar|Knock Off|p1b: Glass Beach\n|-damage|p1b: Glass Beach|0 fnt\n|faint|p1b: Glass Beach\n|-end|p1b: Glass Beach|Protosynthesis|[silent]\n|\n|-weather|RainDance|[upkeep]\n|-heal|p2a: Landorus|30\/100|[from] Grassy Terrain\n|-heal|p1a: Zamazenta|55\/100|[from] Grassy Terrain\n|-heal|p2b: Incineroar|100\/100|[from] Grassy Terrain\n|-sideend|p2: Diestoise|move: Tailwind\n|upkeep\n|\n|t:|1736971204\n|switch|p1b: Chien-Pao|Chien-Pao, L50|100\/100\n|-ability|p1b: Chien-Pao|Sword of Ruin\n|turn|6\n|j| play sos wednesday\n|inactive|Diestoise has 30 seconds left.\n|inactive|Diestoise has 20 seconds left.\n|inactive|Diestoise has 15 seconds left.\n|j| everyhitacrit\n|inactive|Diestoise has 10 seconds left.\n|\n|t:|1736971249\n|move|p1a: Zamazenta|Protect|p1a: Zamazenta\n|-singleturn|p1a: Zamazenta|Protect\n|move|p2a: Landorus|Protect|p2a: Landorus\n|-singleturn|p2a: Landorus|Protect\n|move|p1b: Chien-Pao|Crunch|p2a: Landorus\n|-activate|p2a: Landorus|move: Protect\n|move|p2b: Incineroar|Parting Shot|p1b: Chien-Pao\n|-unboost|p1b: Chien-Pao|atk|1\n|-unboost|p1b: Chien-Pao|spa|1\n|c|\u2606Indigo Crisp|damn it\n|c|\u2606Indigo Crisp|I've been got\n|inactive|Diestoise has 30 seconds left.\n|\n|t:|1736971278\n|switch|p2b: Tornadus|Tornadus, L50, M|2\/100|[from] Parting Shot\n|\n|-weather|RainDance|[upkeep]\n|-heal|p1a: Zamazenta|61\/100|[from] Grassy Terrain\n|-heal|p2a: Landorus|36\/100|[from] Grassy Terrain\n|upkeep\n|turn|7\n|\n|t:|1736971289\n|switch|p2a: Incineroar|Incineroar, L50, M|100\/100\n|-ability|p2a: Incineroar|Intimidate|boost\n|-unboost|p1a: Zamazenta|atk|1\n|-unboost|p1b: Chien-Pao|atk|1\n|move|p1b: Chien-Pao|Sucker Punch||[still]\n|-fail|p1b: Chien-Pao\n|move|p2b: Tornadus|Tailwind|p2b: Tornadus\n|-sidestart|p2: Diestoise|move: Tailwind\n|move|p1a: Zamazenta|Heavy Slam|p2b: Tornadus\n|-damage|p2b: Tornadus|0 fnt\n|faint|p2b: Tornadus\n|\n|-weather|none\n|-heal|p1a: Zamazenta|67\/100|[from] Grassy Terrain\n|-fieldend|move: Grassy Terrain\n|upkeep\n|\n|t:|1736971309\n|switch|p2b: Kyogre|Kyogre, L50|100\/100\n|-weather|RainDance|[from] ability: Drizzle|[of] p2b: Kyogre\n|turn|8\n|\n|t:|1736971326\n|switch|p1b: Rillaboom|Rillaboom, L50, F|37\/100\n|-fieldstart|move: Grassy Terrain|[from] ability: Grassy Surge|[of] p1b: Rillaboom\n|move|p1a: Zamazenta|Wide Guard|p1a: Zamazenta\n|-singleturn|p1a: Zamazenta|Wide Guard\n|move|p2a: Incineroar|Fake Out|p1a: Zamazenta\n|-damage|p1a: Zamazenta|61\/100\n|move|p2b: Kyogre|Water Spout|p1b: Rillaboom|[spread] \n|-activate|p1a: Zamazenta|move: Wide Guard\n|-activate|p1b: Rillaboom|move: Wide Guard\n|\n|-weather|RainDance|[upkeep]\n|-heal|p1a: Zamazenta|67\/100|[from] Grassy Terrain\n|-heal|p1b: Rillaboom|43\/100|[from] Grassy Terrain\n|upkeep\n|turn|9\n|inactive|Indigo Crisp has 30 seconds left.\n|\n|t:|1736971355\n|move|p1b: Rillaboom|Fake Out|p2b: Kyogre\n|-damage|p2b: Kyogre|85\/100\n|cant|p2b: Kyogre|flinch\n|move|p1a: Zamazenta|Body Press|p2a: Incineroar\n|-supereffective|p2a: Incineroar\n|-damage|p2a: Incineroar|28\/100\n|move|p2a: Incineroar|Knock Off|p1b: Rillaboom\n|-damage|p1b: Rillaboom|7\/100\n|-enditem|p1b: Rillaboom|Assault Vest|[from] move: Knock Off|[of] p2a: Incineroar\n|\n|-weather|RainDance|[upkeep]\n|-heal|p2b: Kyogre|91\/100|[from] Grassy Terrain\n|-heal|p1a: Zamazenta|73\/100|[from] Grassy Terrain\n|-heal|p2a: Incineroar|34\/100|[from] Grassy Terrain\n|-heal|p1b: Rillaboom|13\/100|[from] Grassy Terrain\n|upkeep\n|turn|10\n|\n|t:|1736971380\n|switch|p2b: Landorus|Landorus, L50, M, tera:Poison|36\/100\n|move|p1b: Rillaboom|Grassy Glide|p2b: Landorus\n|-resisted|p2b: Landorus\n|-damage|p2b: Landorus|14\/100\n|move|p1a: Zamazenta|Body Press|p2a: Incineroar\n|-supereffective|p2a: Incineroar\n|-damage|p2a: Incineroar|0 fnt\n|faint|p2a: Incineroar\n|\n|-weather|RainDance|[upkeep]\n|-heal|p2b: Landorus|20\/100|[from] Grassy Terrain\n|-heal|p1a: Zamazenta|79\/100|[from] Grassy Terrain\n|-heal|p1b: Rillaboom|19\/100|[from] Grassy Terrain\n|-sideend|p2: Diestoise|move: Tailwind\n|upkeep\n|\n|t:|1736971394\n|switch|p2a: Kyogre|Kyogre, L50|91\/100\n|turn|11\n|j| JuiceMan8\n|\n|t:|1736971409\n|move|p1b: Rillaboom|Grassy Glide|p2a: Kyogre\n|-supereffective|p2a: Kyogre\n|-damage|p2a: Kyogre|0 fnt\n|faint|p2a: Kyogre\n|move|p1a: Zamazenta|Heavy Slam|p2b: Landorus\n|-crit|p2b: Landorus\n|-damage|p2b: Landorus|0 fnt\n|faint|p2b: Landorus\n|\n|win|Indigo Crisp\n|raw|Indigo Crisp's rating: 1578 &rarr; <strong>1599<\/strong><br \/>(+21 for winning)\n|raw|Diestoise's rating: 1604 &rarr; <strong>1583<\/strong><br \/>(-21 for losing)\n|l|\u2606Indigo Crisp\n|player|p1|\n|l| play sos wednesday\n|l|\u2606Diestoise\n|player|p2|\n|l| everyhitacrit\n|l| JuiceMan8\n","uploadtime":1736971663,"views":18,"formatid":"gen9vgc2025regg","rating":1583,"private":0,"password":null}