{"id":"gen9vgc2025regg-2281175063","format":"[Gen 9] VGC 2025 Reg G","players":["Zeropoke7310","pokequimico"],"log":"|j|\u2606Zeropoke7310\n|j|\u2606pokequimico\n|t:|1736890672\n|gametype|doubles\n|player|p1|Zeropoke7310|101|1652\n|player|p2|pokequimico|lucas|1550\n|teamsize|p1|6\n|teamsize|p2|6\n|gen|9\n|tier|[Gen 9] VGC 2025 Reg G\n|rated|\n|rule|Species Clause: Limit one of each Pok\u00e9mon\n|rule|Item Clause: Limit 1 of each item\n|clearpoke\n|poke|p1|Zamazenta-*, L50|\n|poke|p1|Chien-Pao, L50|\n|poke|p1|Urshifu-*, L50, M|\n|poke|p1|Amoonguss, L50, F|\n|poke|p1|Rillaboom, L50, F|\n|poke|p1|Pelipper, L50, F|\n|poke|p2|Urshifu-*, L50, F|\n|poke|p2|Kyogre, L50|\n|poke|p2|Roaring Moon, L50|\n|poke|p2|Rillaboom, L50, F|\n|poke|p2|Amoonguss, L50, M|\n|poke|p2|Incineroar, L50, M|\n|teampreview|4\n|j| niinpc\n|\n|t:|1736890704\n|start\n|switch|p1a: Urshifu|Urshifu-Rapid-Strike, L50, M|100\/100\n|switch|p1b: Amoonguss|Amoonguss, L50, F, shiny|100\/100\n|switch|p2a: Incineroar|Incineroar, L50, M|100\/100\n|switch|p2b: Urshifu|Urshifu-Rapid-Strike, L50, F|100\/100\n|-ability|p2a: Incineroar|Intimidate|boost\n|-unboost|p1a: Urshifu|atk|1\n|-unboost|p1b: Amoonguss|atk|1\n|turn|1\n|\n|t:|1736890737\n|move|p2a: Incineroar|Fake Out|p1a: Urshifu\n|-damage|p1a: Urshifu|90\/100\n|move|p2b: Urshifu|U-turn|p1b: Amoonguss\n|-damage|p1b: Amoonguss|79\/100\n|-damage|p2b: Urshifu|84\/100|[from] item: Rocky Helmet|[of] p1b: Amoonguss\n|\n|t:|1736890741\n|switch|p2b: Amoonguss|Amoonguss, L50, M, shiny|100\/100|[from] U-turn\n|cant|p1a: Urshifu|flinch\n|move|p1b: Amoonguss|Sludge Bomb|p2b: Amoonguss\n|-damage|p2b: Amoonguss|74\/100\n|\n|upkeep\n|turn|2\n|\n|t:|1736890771\n|move|p2b: Amoonguss|Rage Powder|p2b: Amoonguss\n|-singleturn|p2b: Amoonguss|move: Rage Powder\n|move|p1a: Urshifu|U-turn|p2b: Amoonguss\n|-damage|p2b: Amoonguss|62\/100\n|-damage|p1a: Urshifu|74\/100|[from] item: Rocky Helmet|[of] p2b: Amoonguss\n|\n|t:|1736890781\n|switch|p1a: Chien-Pao|Chien-Pao, L50|100\/100|[from] U-turn\n|-ability|p1a: Chien-Pao|Sword of Ruin\n|move|p2a: Incineroar|Knock Off|p1b: Amoonguss\n|-damage|p1b: Amoonguss|38\/100\n|-damage|p2a: Incineroar|84\/100|[from] item: Rocky Helmet|[of] p1b: Amoonguss\n|-enditem|p1b: Amoonguss|Rocky Helmet|[from] move: Knock Off|[of] p2a: Incineroar\n|move|p1b: Amoonguss|Sludge Bomb|p2a: Incineroar\n|-damage|p2a: Incineroar|57\/100\n|-status|p2a: Incineroar|psn\n|\n|-damage|p2a: Incineroar|45\/100 psn|[from] psn\n|upkeep\n|turn|3\n|j| everyhitacrit\n|\n|t:|1736890819\n|move|p1a: Chien-Pao|Protect|p1a: Chien-Pao\n|-singleturn|p1a: Chien-Pao|Protect\n|move|p2b: Amoonguss|Protect|p2b: Amoonguss\n|-singleturn|p2b: Amoonguss|Protect\n|move|p2a: Incineroar|Will-O-Wisp|p1a: Chien-Pao\n|-activate|p1a: Chien-Pao|move: Protect\n|move|p1b: Amoonguss|Spore|p2b: Amoonguss\n|-activate|p2b: Amoonguss|move: Protect\n|\n|-damage|p2a: Incineroar|32\/100 psn|[from] psn\n|upkeep\n|turn|4\n|inactive|Battle timer is ON: inactive players will automatically lose when time's up. (requested by pokequimico)\n|\n|t:|1736890848\n|switch|p2b: Urshifu|Urshifu-Rapid-Strike, L50, F|84\/100\n|switch|p1b: Zamazenta|Zamazenta-Crowned, L50, shiny|100\/100\n|-ability|p1b: Zamazenta|Dauntless Shield|boost\n|-boost|p1b: Zamazenta|def|1\n|move|p1a: Chien-Pao|Icicle Crash|p2b: Urshifu\n|-resisted|p2b: Urshifu\n|-damage|p2b: Urshifu|53\/100\n|move|p2a: Incineroar|Will-O-Wisp|p1a: Chien-Pao\n|-status|p1a: Chien-Pao|brn\n|\n|-damage|p2a: Incineroar|20\/100 psn|[from] psn\n|-damage|p1a: Chien-Pao|95\/100 brn|[from] brn\n|upkeep\n|turn|5\n|inactive|Zeropoke7310 has 30 seconds left.\n|j| Hazmatknight88\n|inactive|Zeropoke7310 has 20 seconds left.\n|inactive|Zeropoke7310 has 15 seconds left.\n|\n|t:|1736890889\n|switch|p1a: Amoonguss|Amoonguss, L50, F, shiny|71\/100\n|switch|p2a: Amoonguss|Amoonguss, L50, M, shiny|95\/100\n|-terastallize|p1b: Zamazenta|Grass\n|move|p2b: Urshifu|U-turn|p1a: Amoonguss\n|-damage|p1a: Amoonguss|51\/100\n|\n|t:|1736890905\n|switch|p2b: Incineroar|Incineroar, L50, M|20\/100 psn|[from] U-turn\n|-ability|p2b: Incineroar|Intimidate|boost\n|-unboost|p1a: Amoonguss|atk|1\n|-unboost|p1b: Zamazenta|atk|1\n|move|p1b: Zamazenta|Heavy Slam|p2a: Amoonguss\n|-damage|p2a: Amoonguss|69\/100\n|-damage|p1b: Zamazenta|84\/100|[from] item: Rocky Helmet|[of] p2a: Amoonguss\n|\n|-damage|p2b: Incineroar|7\/100 psn|[from] psn\n|upkeep\n|turn|6\n|inactive|Zeropoke7310 has 30 seconds left.\n|inactive|pokequimico has 30 seconds left.\n|inactive|Zeropoke7310 has 20 seconds left.\n|inactive|Zeropoke7310 has 15 seconds left.\n|\n|t:|1736890949\n|move|p1b: Zamazenta|Protect|p1b: Zamazenta\n|-singleturn|p1b: Zamazenta|Protect\n|move|p2b: Incineroar|Parting Shot|p1a: Amoonguss\n|-unboost|p1a: Amoonguss|atk|1\n|-unboost|p1a: Amoonguss|spa|1\n|\n|t:|1736890956\n|switch|p2b: Urshifu|Urshifu-Rapid-Strike, L50, F|53\/100|[from] Parting Shot\n|move|p2a: Amoonguss|Sludge Bomb|p1a: Amoonguss\n|-damage|p1a: Amoonguss|31\/100\n|move|p1a: Amoonguss|Spore|p2b: Urshifu\n|-status|p2b: Urshifu|slp|[from] move: Spore\n|\n|upkeep\n|turn|7\n|\n|t:|1736890974\n|switch|p1a: Chien-Pao|Chien-Pao, L50|95\/100 brn\n|-ability|p1a: Chien-Pao|Sword of Ruin\n|cant|p2b: Urshifu|slp\n|move|p1b: Zamazenta|Body Press|p2b: Urshifu\n|-damage|p2b: Urshifu|0 fnt\n|faint|p2b: Urshifu\n|move|p2a: Amoonguss|Sludge Bomb|p1b: Zamazenta\n|-supereffective|p1b: Zamazenta\n|-crit|p1b: Zamazenta\n|-damage|p1b: Zamazenta|38\/100\n|\n|-damage|p1a: Chien-Pao|89\/100 brn|[from] brn\n|upkeep\n|\n|t:|1736890991\n|switch|p2b: Incineroar|Incineroar, L50, M|7\/100 psn\n|-ability|p2b: Incineroar|Intimidate|boost\n|-unboost|p1a: Chien-Pao|atk|1\n|-unboost|p1b: Zamazenta|atk|1\n|turn|8\n|\n|t:|1736891005\n|switch|p2b: Kyogre|Kyogre, L50|100\/100\n|-weather|RainDance|[from] ability: Drizzle|[of] p2b: Kyogre\n|move|p1a: Chien-Pao|Protect|p1a: Chien-Pao\n|-singleturn|p1a: Chien-Pao|Protect\n|move|p1b: Zamazenta|Protect|p1b: Zamazenta\n|-singleturn|p1b: Zamazenta|Protect\n|move|p2a: Amoonguss|Protect||[still]\n|-fail|p2a: Amoonguss\n|\n|-weather|RainDance|[upkeep]\n|-damage|p1a: Chien-Pao|83\/100 brn|[from] brn\n|upkeep\n|turn|9\n|\n|t:|1736891027\n|switch|p1a: Amoonguss|Amoonguss, L50, F, shiny|64\/100\n|switch|p2a: Incineroar|Incineroar, L50, M|7\/100 psn\n|-ability|p2a: Incineroar|Intimidate|boost\n|-unboost|p1a: Amoonguss|atk|1\n|-unboost|p1b: Zamazenta|atk|1\n|move|p1b: Zamazenta|Body Press|p2b: Kyogre\n|-damage|p2b: Kyogre|51\/100\n|move|p2b: Kyogre|Ice Beam|p1b: Zamazenta\n|-supereffective|p1b: Zamazenta\n|-damage|p1b: Zamazenta|0 fnt\n|faint|p1b: Zamazenta\n|\n|-weather|RainDance|[upkeep]\n|-heal|p2b: Kyogre|57\/100|[from] item: Leftovers\n|-damage|p2a: Incineroar|0 fnt|[from] psn\n|faint|p2a: Incineroar\n|upkeep\n|\n|t:|1736891047\n|switch|p1b: Chien-Pao|Chien-Pao, L50|83\/100 brn\n|switch|p2a: Amoonguss|Amoonguss, L50, M, shiny|100\/100\n|-ability|p1b: Chien-Pao|Sword of Ruin\n|turn|10\n|\n|t:|1736891063\n|-terastallize|p2a: Amoonguss|Water\n|move|p2a: Amoonguss|Rage Powder|p2a: Amoonguss\n|-singleturn|p2a: Amoonguss|move: Rage Powder\n|move|p1b: Chien-Pao|Icicle Crash|p2a: Amoonguss\n|-resisted|p2a: Amoonguss\n|-damage|p2a: Amoonguss|89\/100\n|move|p2b: Kyogre|Ice Beam|p1a: Amoonguss\n|-supereffective|p1a: Amoonguss\n|-damage|p1a: Amoonguss|4\/100\n|move|p1a: Amoonguss|Sludge Bomb|p2b: Kyogre\n|-damage|p2b: Kyogre|38\/100\n|\n|-weather|RainDance|[upkeep]\n|-heal|p2b: Kyogre|43\/100|[from] item: Leftovers\n|-damage|p1b: Chien-Pao|77\/100 brn|[from] brn\n|upkeep\n|turn|11\n|inactive|Zeropoke7310 has 30 seconds left.\n|l| Hazmatknight88\n|\n|t:|1736891093\n|switch|p1a: Urshifu|Urshifu-Rapid-Strike, L50, M|74\/100\n|move|p2a: Amoonguss|Rage Powder|p2a: Amoonguss\n|-singleturn|p2a: Amoonguss|move: Rage Powder\n|move|p1b: Chien-Pao|Icicle Crash|p2a: Amoonguss|[miss]\n|-miss|p1b: Chien-Pao|p2a: Amoonguss\n|move|p2b: Kyogre|Origin Pulse|p1b: Chien-Pao|[spread] p1a\n|-miss|p2b: Kyogre|p1b: Chien-Pao\n|-resisted|p1a: Urshifu\n|-damage|p1a: Urshifu|22\/100\n|\n|-weather|RainDance|[upkeep]\n|-heal|p2b: Kyogre|49\/100|[from] item: Leftovers\n|-damage|p1b: Chien-Pao|71\/100 brn|[from] brn\n|upkeep\n|turn|12\n|j| Hazmatknight88\n|l| Hazmatknight88\n|\n|t:|1736891114\n|move|p2a: Amoonguss|Rage Powder|p2a: Amoonguss\n|-singleturn|p2a: Amoonguss|move: Rage Powder\n|move|p1a: Urshifu|Close Combat|p2a: Amoonguss\n|-damage|p2a: Amoonguss|17\/100\n|-unboost|p1a: Urshifu|def|1\n|-unboost|p1a: Urshifu|spd|1\n|-damage|p1a: Urshifu|6\/100|[from] item: Rocky Helmet|[of] p2a: Amoonguss\n|move|p1b: Chien-Pao|Icicle Crash|p2a: Amoonguss\n|-resisted|p2a: Amoonguss\n|-damage|p2a: Amoonguss|6\/100\n|move|p2b: Kyogre|Origin Pulse|p1b: Chien-Pao|[spread] p1a,p1b\n|-resisted|p1a: Urshifu\n|-damage|p1a: Urshifu|0 fnt\n|-damage|p1b: Chien-Pao|0 fnt\n|faint|p1a: Urshifu\n|faint|p1b: Chien-Pao\n|\n|-weather|none\n|-heal|p2b: Kyogre|55\/100|[from] item: Leftovers\n|upkeep\n|c|\u2606pokequimico|Gg\n|\n|t:|1736891136\n|switch|p1b: Amoonguss|Amoonguss, L50, F, shiny|37\/100\n|turn|13\n|\n|t:|1736891147\n|move|p2b: Kyogre|Ice Beam|p1b: Amoonguss\n|-supereffective|p1b: Amoonguss\n|-damage|p1b: Amoonguss|0 fnt\n|faint|p1b: Amoonguss\n|\n|win|pokequimico\n|raw|Zeropoke7310's rating: 1652 &rarr; <strong>1626<\/strong><br \/>(-26 for losing)\n|raw|pokequimico's rating: 1550 &rarr; <strong>1576<\/strong><br \/>(+26 for winning)\n|l|\u2606Zeropoke7310\n|player|p1|\n|l|\u2606pokequimico\n|player|p2|\n","uploadtime":1736891322,"views":7,"formatid":"gen9vgc2025regg","rating":1576,"private":0,"password":null}