{"id":"gen9vgc2025regg-2281382805","format":"[Gen 9] VGC 2025 Reg G","players":["Lichuweijixi","b1gbabiejesus"],"log":"|j|\u2606Lichuweijixi\n|j|\u2606b1gbabiejesus\n|t:|1736918733\n|gametype|doubles\n|player|p1|Lichuweijixi|169|1648\n|player|p2|b1gbabiejesus|266|1586\n|teamsize|p1|6\n|teamsize|p2|6\n|gen|9\n|tier|[Gen 9] VGC 2025 Reg G\n|rated|\n|rule|Species Clause: Limit one of each Pok\u00e9mon\n|rule|Item Clause: Limit 1 of each item\n|clearpoke\n|poke|p1|Calyrex-Ice, L50|\n|poke|p1|Smeargle, L50, M|\n|poke|p1|Urshifu-*, L50, F|\n|poke|p1|Ogerpon-Wellspring, L50, F|\n|poke|p1|Raging Bolt, L50|\n|poke|p1|Iron Valiant, L50|\n|poke|p2|Terapagos, L50, M|\n|poke|p2|Incineroar, L50, F|\n|poke|p2|Rillaboom, L50, F|\n|poke|p2|Ogerpon-Hearthflame, L50, F|\n|poke|p2|Flutter Mane, L50|\n|poke|p2|Urshifu-*, L50, M|\n|teampreview|4\n|inactive|Battle timer is ON: inactive players will automatically lose when time's up. (requested by b1gbabiejesus)\n|inactive|Lichuweijixi has 60 seconds left.\n|\n|t:|1736918770\n|start\n|switch|p1a: Smeargle|Smeargle, L50, M|100\/100\n|switch|p1b: Calyrex|Calyrex-Ice, L50|100\/100\n|switch|p2a: Incineroar|Incineroar, L50, F, shiny|100\/100\n|switch|p2b: Terapagos|Terapagos, L50, M|100\/100\n|-activate|p2b: Terapagos|ability: Tera Shift\n|detailschange|p2b: Terapagos|Terapagos-Terastal, L50, M\n|-heal|p2b: Terapagos|100\/100|[silent]\n|-ability|p1b: Calyrex|As One\n|-ability|p1b: Calyrex|Unnerve\n|-ability|p2a: Incineroar|Intimidate|boost\n|-fail|p1a: Smeargle|unboost|Attack|[from] ability: Own Tempo|[of] p1a: Smeargle\n|-unboost|p1b: Calyrex|atk|1\n|turn|1\n|\n|t:|1736918781\n|switch|p1b: Ogerpon|Ogerpon-Wellspring, L50, F|100\/100\n|move|p2a: Incineroar|Fake Out|p1a: Smeargle\n|-damage|p1a: Smeargle|86\/100\n|move|p2b: Terapagos|Substitute|p2b: Terapagos\n|-start|p2b: Terapagos|Substitute\n|-damage|p2b: Terapagos|76\/100\n|cant|p1a: Smeargle|flinch\n|\n|-heal|p2b: Terapagos|82\/100|[from] item: Leftovers\n|upkeep\n|turn|2\n|inactive|b1gbabiejesus has 30 seconds left.\n|\n|t:|1736918810\n|move|p2b: Terapagos|Protect|p2b: Terapagos\n|-singleturn|p2b: Terapagos|Protect\n|move|p1b: Ogerpon|Encore|p2b: Terapagos\n|-activate|p2b: Terapagos|move: Protect\n|move|p2a: Incineroar|Parting Shot|p1b: Ogerpon\n|-unboost|p1b: Ogerpon|atk|1\n|-unboost|p1b: Ogerpon|spa|1\n|\n|t:|1736918818\n|switch|p2a: Ogerpon|Ogerpon-Hearthflame, L50, F|100\/100|[from] Parting Shot\n|-ability|p2a: Ogerpon|Mold Breaker\n|move|p1a: Smeargle|Spore|p2a: Ogerpon\n|-immune|p2a: Ogerpon\n|\n|-heal|p2b: Terapagos|88\/100|[from] item: Leftovers\n|upkeep\n|turn|3\n|inactive|Lichuweijixi has 30 seconds left.\n|\n|t:|1736918845\n|switch|p1a: Calyrex|Calyrex-Ice, L50|100\/100\n|-ability|p1a: Calyrex|As One\n|-ability|p1a: Calyrex|Unnerve\n|move|p2a: Ogerpon|Follow Me|p2a: Ogerpon\n|-singleturn|p2a: Ogerpon|move: Follow Me\n|move|p1b: Ogerpon|Encore|p2a: Ogerpon\n|-start|p2a: Ogerpon|Encore\n|move|p2b: Terapagos|Calm Mind|p2b: Terapagos\n|-boost|p2b: Terapagos|spa|1\n|-boost|p2b: Terapagos|spd|1\n|\n|-heal|p2b: Terapagos|94\/100|[from] item: Leftovers\n|upkeep\n|turn|4\n|\n|t:|1736918863\n|switch|p2a: Incineroar|Incineroar, L50, F, shiny|100\/100\n|-ability|p2a: Incineroar|Intimidate|boost\n|-unboost|p1a: Calyrex|atk|1\n|-unboost|p1b: Ogerpon|atk|1\n|-terastallize|p2b: Terapagos|Stellar\n|detailschange|p2b: Terapagos|Terapagos-Stellar, L50, M, tera:Stellar\n|-heal|p2b: Terapagos|96\/100|[silent]\n|move|p1b: Ogerpon|Ivy Cudgel|p2a: Incineroar|[anim] Ivy Cudgel Water\n|-supereffective|p2a: Incineroar\n|-damage|p2a: Incineroar|59\/100\n|move|p2b: Terapagos|Tera Starstorm|p1a: Calyrex|[spread] p1a,p1b\n|-damage|p1a: Calyrex|63\/100\n|-damage|p1b: Ogerpon|52\/100\n|move|p1a: Calyrex|Glacial Lance|p2b: Terapagos|[spread] p2a,p2b\n|-end|p2b: Terapagos|Substitute\n|-resisted|p2a: Incineroar\n|-damage|p2a: Incineroar|45\/100\n|\n|-heal|p2b: Terapagos|100\/100|[from] item: Leftovers\n|upkeep\n|turn|5\n|j| aaballetctrdance\n|\n|t:|1736918884\n|move|p1a: Calyrex|Protect|p1a: Calyrex\n|-singleturn|p1a: Calyrex|Protect\n|move|p1b: Ogerpon|Ivy Cudgel|p2a: Incineroar|[anim] Ivy Cudgel Water\n|-supereffective|p2a: Incineroar\n|-crit|p2a: Incineroar\n|-damage|p2a: Incineroar|0 fnt\n|faint|p2a: Incineroar\n|move|p2b: Terapagos|Tera Starstorm|p1b: Ogerpon|[spread] p1b\n|-activate|p1a: Calyrex|move: Protect\n|-damage|p1b: Ogerpon|6\/100\n|\n|upkeep\n|\n|t:|1736918895\n|switch|p2a: Flutter Mane|Flutter Mane, L50|100\/100\n|-enditem|p2a: Flutter Mane|Booster Energy\n|-activate|p2a: Flutter Mane|ability: Protosynthesis|[fromitem]\n|-start|p2a: Flutter Mane|protosynthesisspe\n|turn|6\n|\n|t:|1736918902\n|move|p1b: Ogerpon|Follow Me|p1b: Ogerpon\n|-singleturn|p1b: Ogerpon|move: Follow Me\n|move|p2a: Flutter Mane|Moonblast|p1b: Ogerpon\n|-damage|p1b: Ogerpon|0 fnt\n|faint|p1b: Ogerpon\n|move|p2b: Terapagos|Tera Starstorm|p1a: Calyrex\n|-damage|p1a: Calyrex|14\/100\n|-enditem|p1a: Calyrex|Sitrus Berry|[eat]\n|-heal|p1a: Calyrex|39\/100|[from] item: Sitrus Berry\n|move|p1a: Calyrex|Trick Room|p1a: Calyrex\n|-fieldstart|move: Trick Room|[of] p1a: Calyrex\n|\n|upkeep\n|\n|t:|1736918904\n|switch|p1b: Smeargle|Smeargle, L50, M|86\/100\n|turn|7\n|inactive|b1gbabiejesus has 30 seconds left.\n|\n|t:|1736918932\n|-end|p2a: Flutter Mane|Protosynthesis|[silent]\n|switch|p2a: Ogerpon|Ogerpon-Hearthflame, L50, F|100\/100\n|-ability|p2a: Ogerpon|Mold Breaker\n|move|p1a: Calyrex|Protect|p1a: Calyrex\n|-singleturn|p1a: Calyrex|Protect\n|move|p2b: Terapagos|Protect|p2b: Terapagos\n|-singleturn|p2b: Terapagos|Protect\n|move|p1b: Smeargle|Spore|p2b: Terapagos\n|-activate|p2b: Terapagos|move: Protect\n|\n|upkeep\n|turn|8\n|\n|t:|1736918948\n|move|p2a: Ogerpon|Follow Me|p2a: Ogerpon\n|-singleturn|p2a: Ogerpon|move: Follow Me\n|move|p1b: Smeargle|Decorate|p2a: Ogerpon\n|-boost|p2a: Ogerpon|atk|2\n|-boost|p2a: Ogerpon|spa|2\n|move|p1a: Calyrex|Glacial Lance|p2a: Ogerpon|[spread] p2a,p2b\n|-damage|p2a: Ogerpon|58\/100\n|-damage|p2b: Terapagos|77\/100\n|move|p2b: Terapagos|Tera Starstorm|p1a: Calyrex|[spread] p1a,p1b\n|-damage|p1a: Calyrex|1\/100\n|-damage|p1b: Smeargle|0 fnt\n|faint|p1b: Smeargle\n|\n|-heal|p2b: Terapagos|83\/100|[from] item: Leftovers\n|upkeep\n|\n|t:|1736918950\n|switch|p1b: Urshifu|Urshifu, L50, F|100\/100\n|turn|9\n|\n|t:|1736918969\n|move|p1a: Calyrex|Protect|p1a: Calyrex\n|-singleturn|p1a: Calyrex|Protect\n|move|p2a: Ogerpon|Follow Me|p2a: Ogerpon\n|-singleturn|p2a: Ogerpon|move: Follow Me\n|move|p1b: Urshifu|Wicked Blow|p2a: Ogerpon\n|-crit|p2a: Ogerpon\n|-damage|p2a: Ogerpon|0 fnt\n|faint|p2a: Ogerpon\n|move|p2b: Terapagos|Tera Starstorm|p1a: Calyrex|[spread] p1b\n|-activate|p1a: Calyrex|move: Protect\n|-damage|p1b: Urshifu|30\/100\n|\n|-heal|p2b: Terapagos|89\/100|[from] item: Leftovers\n|upkeep\n|\n|t:|1736918975\n|switch|p2a: Flutter Mane|Flutter Mane, L50|100\/100\n|turn|10\n|\n|t:|1736918983\n|move|p2b: Terapagos|Protect|p2b: Terapagos\n|-singleturn|p2b: Terapagos|Protect\n|move|p2a: Flutter Mane|Protect|p2a: Flutter Mane\n|-singleturn|p2a: Flutter Mane|Protect\n|move|p1a: Calyrex|Glacial Lance|p2a: Flutter Mane|[spread] \n|-activate|p2a: Flutter Mane|move: Protect\n|-activate|p2b: Terapagos|move: Protect\n|move|p1b: Urshifu|Close Combat|p2b: Terapagos\n|-supereffective|p2b: Terapagos\n|-crit|p2b: Terapagos\n|-damage|p2b: Terapagos|0 fnt\n|-unboost|p1b: Urshifu|def|1\n|-unboost|p1b: Urshifu|spd|1\n|faint|p2b: Terapagos\n|\n|-fieldend|move: Trick Room\n|upkeep\n|turn|11\n|\n|t:|1736919001\n|-terastallize|p1b: Urshifu|Stellar\n|move|p2a: Flutter Mane|Moonblast|p1b: Urshifu\n|-supereffective|p1b: Urshifu\n|-damage|p1b: Urshifu|0 fnt\n|faint|p1b: Urshifu\n|move|p1a: Calyrex|Glacial Lance|p2a: Flutter Mane\n|-damage|p2a: Flutter Mane|19\/100\n|\n|upkeep\n|turn|12\n|\n|t:|1736919006\n|move|p2a: Flutter Mane|Moonblast|p1a: Calyrex\n|-damage|p1a: Calyrex|0 fnt\n|faint|p1a: Calyrex\n|\n|win|b1gbabiejesus\n|raw|Lichuweijixi's rating: 1648 &rarr; <strong>1624<\/strong><br \/>(-24 for losing)\n|raw|b1gbabiejesus's rating: 1586 &rarr; <strong>1610<\/strong><br \/>(+24 for winning)\n|l|\u2606Lichuweijixi\n|player|p1|\n","uploadtime":1736919155,"views":17,"formatid":"gen9vgc2025regg","rating":1610,"private":0,"password":null}