{"id":"gen9vgc2025regg-2281584730","format":"[Gen 9] VGC 2025 Reg G","players":["PritzShow","Bef6"],"log":"|j|\u2606PritzShow\n|j|\u2606Bef6\n|t:|1736952705\n|gametype|doubles\n|player|p1|PritzShow|169|1579\n|player|p2|Bef6|lucas|1598\n|teamsize|p1|6\n|teamsize|p2|6\n|gen|9\n|tier|[Gen 9] VGC 2025 Reg G\n|rated|\n|rule|Species Clause: Limit one of each Pok\u00e9mon\n|rule|Item Clause: Limit 1 of each item\n|clearpoke\n|poke|p1|Zamazenta-*, L50|\n|poke|p1|Pelipper, L50, M|\n|poke|p1|Urshifu-*, L50, M|\n|poke|p1|Incineroar, L50, M|\n|poke|p1|Raging Bolt, L50|\n|poke|p1|Rillaboom, L50, M|\n|poke|p2|Lunala, L50|\n|poke|p2|Indeedee-F, L50, F|\n|poke|p2|Urshifu-*, L50, M|\n|poke|p2|Tornadus, L50, M|\n|poke|p2|Ursaluna, L50, F|\n|poke|p2|Chi-Yu, L50|\n|teampreview|4\n|inactive|Battle timer is ON: inactive players will automatically lose when time's up. (requested by PritzShow)\n|inactive|Bef6 has 60 seconds left.\n|\n|t:|1736952740\n|start\n|switch|p1a: Raging Bolt|Raging Bolt, L50|100\/100\n|switch|p1b: Incineroar|Incineroar, L50, M|100\/100\n|switch|p2a: Lunala|Lunala, L50|100\/100\n|switch|p2b: Tornadus|Tornadus, L50, M|100\/100\n|-ability|p1b: Incineroar|Intimidate|boost\n|-unboost|p2a: Lunala|atk|1\n|-unboost|p2b: Tornadus|atk|1\n|turn|1\n|\n|t:|1736952759\n|switch|p1b: Zamazenta|Zamazenta-Crowned, L50|100\/100\n|-ability|p1b: Zamazenta|Dauntless Shield|boost\n|-boost|p1b: Zamazenta|def|1\n|move|p2b: Tornadus|Bleakwind Storm|p1a: Raging Bolt|[spread] p1a\n|-miss|p2b: Tornadus|p1b: Zamazenta\n|-resisted|p1a: Raging Bolt\n|-damage|p1a: Raging Bolt|85\/100\n|move|p2a: Lunala|Meteor Beam||[still]\n|-prepare|p2a: Lunala|Meteor Beam\n|-boost|p2a: Lunala|spa|1\n|-enditem|p2a: Lunala|Power Herb\n|-anim|p2a: Lunala|Meteor Beam|p1b: Zamazenta\n|-resisted|p1b: Zamazenta\n|-damage|p1b: Zamazenta|88\/100\n|move|p1a: Raging Bolt|Calm Mind|p1a: Raging Bolt\n|-boost|p1a: Raging Bolt|spa|1\n|-boost|p1a: Raging Bolt|spd|1\n|\n|-heal|p1a: Raging Bolt|92\/100|[from] item: Leftovers\n|upkeep\n|turn|2\n|inactive|Bef6 has 30 seconds left.\n|\n|t:|1736952790\n|move|p2b: Tornadus|Tailwind|p2b: Tornadus\n|-sidestart|p2: Bef6|move: Tailwind\n|move|p2a: Lunala|Moongeist Beam|p1b: Zamazenta\n|-damage|p1b: Zamazenta|30\/100\n|move|p1b: Zamazenta|Heavy Slam|p2a: Lunala\n|-damage|p2a: Lunala|82\/100\n|move|p1a: Raging Bolt|Dragon Pulse|p2a: Lunala\n|-damage|p2a: Lunala|33\/100\n|\n|-heal|p1a: Raging Bolt|98\/100|[from] item: Leftovers\n|upkeep\n|turn|3\n|\n|t:|1736952808\n|switch|p2b: Indeedee|Indeedee-F, L50, F|100\/100\n|-fieldstart|move: Psychic Terrain|[from] ability: Psychic Surge|[of] p2b: Indeedee\n|switch|p1b: Incineroar|Incineroar, L50, M|100\/100\n|-ability|p1b: Incineroar|Intimidate|boost\n|-unboost|p2a: Lunala|atk|1\n|-unboost|p2b: Indeedee|atk|1\n|-terastallize|p2a: Lunala|Fairy\n|move|p2a: Lunala|Expanding Force|p1a: Raging Bolt|[spread] p1a\n|-immune|p1b: Incineroar\n|-damage|p1a: Raging Bolt|39\/100\n|move|p1a: Raging Bolt|Dragon Pulse|p2b: Indeedee\n|-damage|p2b: Indeedee|37\/100\n|\n|-heal|p1a: Raging Bolt|46\/100|[from] item: Leftovers\n|upkeep\n|turn|4\n|inactive|Bef6 has 30 seconds left.\n|\n|t:|1736952839\n|switch|p2b: Ursaluna|Ursaluna, L50, F|100\/100\n|move|p1a: Raging Bolt|Protect|p1a: Raging Bolt\n|-singleturn|p1a: Raging Bolt|Protect\n|move|p2a: Lunala|Moongeist Beam|p1a: Raging Bolt\n|-activate|p1a: Raging Bolt|move: Protect\n|move|p1b: Incineroar|Knock Off|p2b: Ursaluna\n|-damage|p2b: Ursaluna|64\/100\n|-enditem|p2b: Ursaluna|Flame Orb|[from] move: Knock Off|[of] p1b: Incineroar\n|\n|-heal|p1a: Raging Bolt|52\/100|[from] item: Leftovers\n|upkeep\n|turn|5\n|inactive|Bef6 has 30 seconds left.\n|inactive|Bef6 has 20 seconds left.\n|\n|t:|1736952879\n|switch|p2a: Tornadus|Tornadus, L50, M|100\/100\n|switch|p1b: Rillaboom|Rillaboom, L50, M|100\/100\n|-fieldstart|move: Grassy Terrain|[from] ability: Grassy Surge|[of] p1b: Rillaboom\n|-terastallize|p1a: Raging Bolt|Fairy\n|move|p1a: Raging Bolt|Thunderclap||[still]\n|-fail|p1a: Raging Bolt\n|move|p2b: Ursaluna|Headlong Rush|p1a: Raging Bolt\n|-damage|p1a: Raging Bolt|0 fnt\n|-unboost|p2b: Ursaluna|def|1\n|-unboost|p2b: Ursaluna|spd|1\n|faint|p1a: Raging Bolt\n|-end|p1a: Raging Bolt|Protosynthesis|[silent]\n|\n|-heal|p2b: Ursaluna|70\/100|[from] Grassy Terrain\n|-sideend|p2: Bef6|move: Tailwind\n|upkeep\n|c|\u2606PritzShow|lmao i guess that was a stupid tera then\n|c|\u2606PritzShow|idk thought it might live\n|\n|t:|1736952899\n|switch|p1a: Zamazenta|Zamazenta-Crowned, L50|30\/100\n|turn|6\n|inactive|Bef6 has 30 seconds left.\n|inactive|Bef6 has 20 seconds left.\n|inactive|Bef6 has 15 seconds left.\n|\n|t:|1736952941\n|switch|p1a: Incineroar|Incineroar, L50, M|100\/100\n|-ability|p1a: Incineroar|Intimidate|boost\n|-unboost|p2a: Tornadus|atk|1\n|-unboost|p2b: Ursaluna|atk|1\n|move|p2a: Tornadus|Protect|p2a: Tornadus\n|-singleturn|p2a: Tornadus|Protect\n|move|p2b: Ursaluna|Protect|p2b: Ursaluna\n|-singleturn|p2b: Ursaluna|Protect\n|move|p1b: Rillaboom|Wood Hammer|p2b: Ursaluna\n|-activate|p2b: Ursaluna|move: Protect\n|\n|-heal|p2b: Ursaluna|76\/100|[from] Grassy Terrain\n|upkeep\n|turn|7\n|\n|t:|1736952963\n|switch|p2b: Indeedee|Indeedee-F, L50, F|37\/100\n|-fieldstart|move: Psychic Terrain|[from] ability: Psychic Surge|[of] p2b: Indeedee\n|move|p2a: Tornadus|Bleakwind Storm|p1b: Rillaboom|[spread] p1a,p1b\n|-supereffective|p1b: Rillaboom\n|-damage|p1a: Incineroar|66\/100\n|-damage|p1b: Rillaboom|38\/100\n|move|p1b: Rillaboom|Wood Hammer|p2b: Indeedee\n|-damage|p2b: Indeedee|0 fnt\n|-damage|p1b: Rillaboom|21\/100|[from] item: Rocky Helmet|[of] p2b: Indeedee\n|faint|p2b: Indeedee\n|-damage|p1b: Rillaboom|11\/100|[from] Recoil\n|move|p1a: Incineroar|Parting Shot|p2a: Tornadus\n|-unboost|p2a: Tornadus|atk|1\n|-unboost|p2a: Tornadus|spa|1\n|\n|t:|1736952967\n|switch|p1a: Zamazenta|Zamazenta-Crowned, L50|30\/100|[from] Parting Shot\n|\n|upkeep\n|\n|t:|1736952979\n|switch|p2b: Lunala|Lunala, L50, tera:Fairy|33\/100\n|turn|8\n|\n|t:|1736952992\n|switch|p1b: Incineroar|Incineroar, L50, M|66\/100\n|-ability|p1b: Incineroar|Intimidate|boost\n|-unboost|p2a: Tornadus|atk|1\n|-unboost|p2b: Lunala|atk|1\n|move|p1a: Zamazenta|Protect|p1a: Zamazenta\n|-singleturn|p1a: Zamazenta|Protect\n|move|p2a: Tornadus|Tailwind|p2a: Tornadus\n|-sidestart|p2: Bef6|move: Tailwind\n|move|p2b: Lunala|Moongeist Beam|p1a: Zamazenta\n|-activate|p1a: Zamazenta|move: Protect\n|\n|upkeep\n|turn|9\n|\n|t:|1736953017\n|switch|p2a: Ursaluna|Ursaluna, L50, F|76\/100\n|move|p2b: Lunala|Moongeist Beam|p1a: Zamazenta\n|-crit|p1a: Zamazenta\n|-damage|p1a: Zamazenta|0 fnt\n|faint|p1a: Zamazenta\n|move|p1b: Incineroar|Knock Off|p2a: Ursaluna\n|-damage|p2a: Ursaluna|51\/100\n|\n|upkeep\n|\n|t:|1736953021\n|switch|p1a: Rillaboom|Rillaboom, L50, M|11\/100\n|-fieldstart|move: Grassy Terrain|[from] ability: Grassy Surge|[of] p1a: Rillaboom\n|turn|10\n|\n|t:|1736953038\n|move|p1a: Rillaboom|Grassy Glide|p2b: Lunala\n|-crit|p2b: Lunala\n|-damage|p2b: Lunala|0 fnt\n|faint|p2b: Lunala\n|move|p2a: Ursaluna|Facade|p1a: Rillaboom\n|-damage|p1a: Rillaboom|0 fnt\n|faint|p1a: Rillaboom\n|move|p1b: Incineroar|Parting Shot|p2a: Ursaluna\n|-unboost|p2a: Ursaluna|atk|1\n|-unboost|p2a: Ursaluna|spa|1\n|\n|-heal|p2a: Ursaluna|57\/100|[from] Grassy Terrain\n|-heal|p1b: Incineroar|72\/100|[from] Grassy Terrain\n|upkeep\n|\n|t:|1736953042\n|switch|p2b: Tornadus|Tornadus, L50, M|100\/100\n|turn|11\n|c|\u2606PritzShow|gg\n|-message|PritzShow forfeited.\n|\n|win|Bef6\n|raw|PritzShow's rating: 1579 &rarr; <strong>1560<\/strong><br \/>(-19 for losing)\n|raw|Bef6's rating: 1598 &rarr; <strong>1617<\/strong><br \/>(+19 for winning)\n|l|\u2606PritzShow\n|player|p1|\n|c|\u2606Bef6|gg\n|l|\u2606Bef6\n|player|p2|\n","uploadtime":1736953191,"views":44,"formatid":"gen9vgc2025regg","rating":1560,"private":0,"password":null}