{"id":"gen9vgc2025regg-2281648338","format":"[Gen 9] VGC 2025 Reg G","players":["chin8","zxsvgc"],"log":"|j|\u2606chin8\n|j|\u2606zxsvgc\n|t:|1736959367\n|gametype|doubles\n|player|p1|chin8|gentleman-gen4dp|1550\n|player|p2|zxsvgc|lacey|1607\n|teamsize|p1|6\n|teamsize|p2|6\n|gen|9\n|tier|[Gen 9] VGC 2025 Reg G\n|rated|\n|rule|Species Clause: Limit one of each Pok\u00e9mon\n|rule|Item Clause: Limit 1 of each item\n|clearpoke\n|poke|p1|Calyrex-Shadow, L50|\n|poke|p1|Incineroar, L50, F|\n|poke|p1|Rillaboom, L50, F|\n|poke|p1|Gastrodon-East, L50, M|\n|poke|p1|Gholdengo, L50|\n|poke|p1|Tropius, L50, F|\n|poke|p2|Ditto, L50|\n|poke|p2|Miraidon, L50|\n|poke|p2|Iron Hands, L50|\n|poke|p2|Flutter Mane, L50|\n|poke|p2|Ogerpon-Hearthflame, L50, F|\n|poke|p2|Sableye, L50, M|\n|teampreview|4\n|j| play sos wednesday\n|\n|t:|1736959378\n|start\n|switch|p1a: Calyrex|Calyrex-Shadow, L50|100\/100\n|switch|p1b: Rillaboom|Rillaboom, L50, F|100\/100\n|switch|p2a: \u559c\u6b22\u6211\u5417\u8001\u5f1f|Ditto, L50|100\/100\n|switch|p2b: \u4e16\u754c\u51a0\u519b|Miraidon, L50|100\/100\n|-ability|p1a: Calyrex|As One\n|-ability|p1a: Calyrex|Unnerve\n|-fieldstart|move: Electric Terrain|[from] ability: Hadron Engine|[of] p2b: \u4e16\u754c\u51a0\u519b\n|-transform|p2a: \u559c\u6b22\u6211\u5417\u8001\u5f1f|p1b: Rillaboom|[from] ability: Imposter\n|-fieldstart|move: Grassy Terrain|[from] ability: Grassy Surge|[of] p2a: \u559c\u6b22\u6211\u5417\u8001\u5f1f\n|turn|1\n|inactive|Battle timer is ON: inactive players will automatically lose when time's up. (requested by chin8)\n|\n|t:|1736959391\n|move|p1b: Rillaboom|Fake Out|p2a: \u559c\u6b22\u6211\u5417\u8001\u5f1f\n|-damage|p2a: \u559c\u6b22\u6211\u5417\u8001\u5f1f|82\/100\n|move|p1a: Calyrex|Calm Mind|p1a: Calyrex\n|-boost|p1a: Calyrex|spa|1\n|-boost|p1a: Calyrex|spd|1\n|move|p2b: \u4e16\u754c\u51a0\u519b|Volt Switch|p1a: Calyrex\n|-damage|p1a: Calyrex|80\/100\n|\n|t:|1736959396\n|switch|p2b: \u9633\u5149\u5f00\u6717|Sableye, L50, M|100\/100|[from] Volt Switch\n|cant|p2a: \u559c\u6b22\u6211\u5417\u8001\u5f1f|flinch\n|\n|-heal|p1a: Calyrex|86\/100|[from] Grassy Terrain\n|-heal|p2a: \u559c\u6b22\u6211\u5417\u8001\u5f1f|88\/100|[from] Grassy Terrain\n|upkeep\n|turn|2\n|\n|t:|1736959405\n|move|p1a: Calyrex|Protect|p1a: Calyrex\n|-singleturn|p1a: Calyrex|Protect\n|move|p2b: \u9633\u5149\u5f00\u6717|Encore|p1a: Calyrex\n|-activate|p1a: Calyrex|move: Protect\n|move|p1b: Rillaboom|U-turn|p2a: \u559c\u6b22\u6211\u5417\u8001\u5f1f\n|-supereffective|p2a: \u559c\u6b22\u6211\u5417\u8001\u5f1f\n|-damage|p2a: \u559c\u6b22\u6211\u5417\u8001\u5f1f|28\/100\n|\n|t:|1736959414\n|switch|p1b: Incineroar|Incineroar, L50, F|100\/100|[from] U-turn\n|-ability|p1b: Incineroar|Intimidate|boost\n|-unboost|p2a: \u559c\u6b22\u6211\u5417\u8001\u5f1f|atk|1\n|-unboost|p2b: \u9633\u5149\u5f00\u6717|atk|1\n|move|p2a: \u559c\u6b22\u6211\u5417\u8001\u5f1f|U-turn|p1b: Incineroar\n|-damage|p1b: Incineroar|85\/100\n|\n|t:|1736959424\n|switch|p2a: \u6c38\u8fdc\u7684\u699c\u4e00\u5927\u59d0|Flutter Mane, L50|100\/100|[from] U-turn\n|-enditem|p2a: \u6c38\u8fdc\u7684\u699c\u4e00\u5927\u59d0|Booster Energy\n|-activate|p2a: \u6c38\u8fdc\u7684\u699c\u4e00\u5927\u59d0|ability: Protosynthesis|[fromitem]\n|-start|p2a: \u6c38\u8fdc\u7684\u699c\u4e00\u5927\u59d0|protosynthesisspe\n|\n|-heal|p1a: Calyrex|91\/100|[from] Grassy Terrain\n|-heal|p1b: Incineroar|91\/100|[from] Grassy Terrain\n|upkeep\n|turn|3\n|\n|t:|1736959432\n|switch|p1a: Gholdengo|Gholdengo, L50|100\/100\n|move|p2b: \u9633\u5149\u5f00\u6717|Encore|p1a: Gholdengo\n|-immune|p1a: Gholdengo|[from] ability: Good as Gold\n|move|p2a: \u6c38\u8fdc\u7684\u699c\u4e00\u5927\u59d0|Taunt|p1b: Incineroar\n|-start|p1b: Incineroar|move: Taunt\n|cant|p1b: Incineroar|move: Taunt|Parting Shot\n|\n|-heal|p1b: Incineroar|97\/100|[from] Grassy Terrain\n|upkeep\n|turn|4\n|\n|t:|1736959447\n|move|p2a: \u6c38\u8fdc\u7684\u699c\u4e00\u5927\u59d0|Moonblast|p1b: Incineroar\n|-damage|p1b: Incineroar|63\/100\n|move|p1a: Gholdengo|Trick|p2b: \u9633\u5149\u5f00\u6717\n|-activate|p1a: Gholdengo|move: Trick|[of] p2b: \u9633\u5149\u5f00\u6717\n|-item|p2b: \u9633\u5149\u5f00\u6717|Choice Scarf|[from] move: Trick\n|-item|p1a: Gholdengo|Aguav Berry|[from] move: Trick\n|move|p2b: \u9633\u5149\u5f00\u6717|Foul Play|p1a: Gholdengo\n|-supereffective|p1a: Gholdengo\n|-damage|p1a: Gholdengo|60\/100\n|move|p1b: Incineroar|Knock Off|p2a: \u6c38\u8fdc\u7684\u699c\u4e00\u5927\u59d0\n|-damage|p2a: \u6c38\u8fdc\u7684\u699c\u4e00\u5927\u59d0|57\/100\n|\n|-heal|p2a: \u6c38\u8fdc\u7684\u699c\u4e00\u5927\u59d0|63\/100|[from] Grassy Terrain\n|-heal|p1a: Gholdengo|66\/100|[from] Grassy Terrain\n|-heal|p1b: Incineroar|69\/100|[from] Grassy Terrain\n|upkeep\n|turn|5\n|\n|t:|1736959471\n|-end|p2a: \u6c38\u8fdc\u7684\u699c\u4e00\u5927\u59d0|Protosynthesis|[silent]\n|switch|p2a: \u4e16\u754c\u51a0\u519b|Miraidon, L50|100\/100\n|-fieldstart|move: Electric Terrain|[from] ability: Hadron Engine|[of] p2a: \u4e16\u754c\u51a0\u519b\n|switch|p2b: \u559c\u6b22\u6211\u5417\u8001\u5f1f|Ditto, L50|28\/100\n|-transform|p2b: \u559c\u6b22\u6211\u5417\u8001\u5f1f|p1a: Gholdengo|[from] ability: Imposter\n|move|p1a: Gholdengo|Nasty Plot|p1a: Gholdengo\n|-boost|p1a: Gholdengo|spa|2\n|move|p1b: Incineroar|Knock Off|p2a: \u4e16\u754c\u51a0\u519b\n|-damage|p2a: \u4e16\u754c\u51a0\u519b|65\/100\n|-enditem|p2a: \u4e16\u754c\u51a0\u519b|Assault Vest|[from] move: Knock Off|[of] p1b: Incineroar\n|\n|-end|p1b: Incineroar|move: Taunt\n|upkeep\n|turn|6\n|j| neebieplayersea\n|inactive|chin8 has 30 seconds left.\n|\n|t:|1736959505\n|switch|p1a: Rillaboom|Rillaboom, L50, F|100\/100\n|-fieldstart|move: Grassy Terrain|[from] ability: Grassy Surge|[of] p1a: Rillaboom\n|move|p2a: \u4e16\u754c\u51a0\u519b|Electro Drift|p1b: Incineroar\n|-damage|p1b: Incineroar|32\/100\n|move|p2b: \u559c\u6b22\u6211\u5417\u8001\u5f1f|Shadow Ball|p1a: Rillaboom\n|-damage|p1a: Rillaboom|74\/100\n|move|p1b: Incineroar|Knock Off|p2b: \u559c\u6b22\u6211\u5417\u8001\u5f1f\n|-supereffective|p2b: \u559c\u6b22\u6211\u5417\u8001\u5f1f\n|-damage|p2b: \u559c\u6b22\u6211\u5417\u8001\u5f1f|0 fnt\n|-enditem|p2b: \u559c\u6b22\u6211\u5417\u8001\u5f1f|Focus Sash|[from] move: Knock Off|[of] p1b: Incineroar\n|faint|p2b: \u559c\u6b22\u6211\u5417\u8001\u5f1f\n|\n|-heal|p2a: \u4e16\u754c\u51a0\u519b|71\/100|[from] Grassy Terrain\n|-heal|p1a: Rillaboom|80\/100|[from] Grassy Terrain\n|-heal|p1b: Incineroar|38\/100|[from] Grassy Terrain\n|upkeep\n|\n|t:|1736959520\n|switch|p2b: \u6c38\u8fdc\u7684\u699c\u4e00\u5927\u59d0|Flutter Mane, L50|63\/100\n|turn|7\n|j| m0rten_vallah\n|\n|t:|1736959532\n|move|p2b: \u6c38\u8fdc\u7684\u699c\u4e00\u5927\u59d0|Moonblast|p1b: Incineroar\n|-damage|p1b: Incineroar|2\/100\n|-enditem|p1b: Incineroar|Aguav Berry|[eat]\n|-heal|p1b: Incineroar|35\/100|[from] item: Aguav Berry\n|move|p2a: \u4e16\u754c\u51a0\u519b|Volt Switch|p1a: Rillaboom\n|-resisted|p1a: Rillaboom\n|-damage|p1a: Rillaboom|67\/100\n|\n|t:|1736959539\n|switch|p2a: \u9633\u5149\u5f00\u6717|Sableye, L50, M|100\/100|[from] Volt Switch\n|move|p1a: Rillaboom|Wood Hammer|p2b: \u6c38\u8fdc\u7684\u699c\u4e00\u5927\u59d0\n|-damage|p2b: \u6c38\u8fdc\u7684\u699c\u4e00\u5927\u59d0|0 fnt\n|faint|p2b: \u6c38\u8fdc\u7684\u699c\u4e00\u5927\u59d0\n|-end|p2b: \u6c38\u8fdc\u7684\u699c\u4e00\u5927\u59d0|Protosynthesis|[silent]\n|-damage|p1a: Rillaboom|53\/100|[from] Recoil\n|move|p1b: Incineroar|Parting Shot|p2a: \u9633\u5149\u5f00\u6717\n|-unboost|p2a: \u9633\u5149\u5f00\u6717|atk|1\n|-unboost|p2a: \u9633\u5149\u5f00\u6717|spa|1\n|\n|t:|1736959542\n|switch|p1b: Gholdengo|Gholdengo, L50|66\/100|[from] Parting Shot\n|\n|-heal|p1b: Gholdengo|72\/100|[from] Grassy Terrain\n|-heal|p1a: Rillaboom|58\/100|[from] Grassy Terrain\n|upkeep\n|-message|zxsvgc forfeited.\n|\n|win|chin8\n|raw|chin8's rating: 1550 &rarr; <strong>1573<\/strong><br \/>(+23 for winning)\n|raw|zxsvgc's rating: 1607 &rarr; <strong>1584<\/strong><br \/>(-23 for losing)\n|l|\u2606zxsvgc\n|player|p2|\n|l|\u2606chin8\n|player|p1|\n","uploadtime":1736959563,"views":31,"formatid":"gen9vgc2025regg","rating":1573,"private":0,"password":null}