{"id":"gen9vgc2025regg-2281121685","format":"[Gen 9] VGC 2025 Reg G","players":["sheevp","zyros phade"],"log":"|j|\u2606sheevp\n|j|\u2606zyros phade\n|t:|1736885075\n|gametype|doubles\n|player|p1|sheevp|102|1574\n|player|p2|zyros phade|spenser-gen3|1671\n|teamsize|p1|6\n|teamsize|p2|6\n|gen|9\n|tier|[Gen 9] VGC 2025 Reg G\n|rated|\n|rule|Species Clause: Limit one of each Pok\u00e9mon\n|rule|Item Clause: Limit 1 of each item\n|clearpoke\n|poke|p1|Calyrex-Shadow, L50|\n|poke|p1|Tinkaton, L50, F|\n|poke|p1|Urshifu-*, L50, F|\n|poke|p1|Roaring Moon, L50|\n|poke|p1|Landorus, L50, M|\n|poke|p1|Volcarona, L50, M|\n|poke|p2|Urshifu-*, L50, F|\n|poke|p2|Kyogre, L50|\n|poke|p2|Iron Hands, L50|\n|poke|p2|Baxcalibur, L50, F|\n|poke|p2|Indeedee-F, L50, F|\n|poke|p2|Murkrow, L50, F|\n|teampreview|4\n|inactive|Battle timer is ON: inactive players will automatically lose when time's up. (requested by zyros phade)\n|\n|t:|1736885100\n|start\n|switch|p1a: Roaring Moon|Roaring Moon, L50|100\/100\n|switch|p1b: Urshifu|Urshifu-Rapid-Strike, L50, F|100\/100\n|switch|p2a: Murkrow|Murkrow, L50, F|100\/100\n|switch|p2b: Kyogre|Kyogre, L50, shiny|100\/100\n|-weather|RainDance|[from] ability: Drizzle|[of] p2b: Kyogre\n|-enditem|p1a: Roaring Moon|Booster Energy\n|-activate|p1a: Roaring Moon|ability: Protosynthesis|[fromitem]\n|-start|p1a: Roaring Moon|protosynthesisspe\n|turn|1\n|\n|t:|1736885112\n|-terastallize|p2b: Kyogre|Water\n|move|p2a: Murkrow|Tailwind|p2a: Murkrow\n|-sidestart|p2: zyros phade|move: Tailwind\n|move|p2b: Kyogre|Water Spout|p1a: Roaring Moon|[spread] p1a,p1b\n|-resisted|p1a: Roaring Moon\n|-resisted|p1b: Urshifu\n|-damage|p1a: Roaring Moon|12\/100\n|-enditem|p1b: Urshifu|Focus Sash\n|-damage|p1b: Urshifu|1\/100\n|move|p1a: Roaring Moon|Tailwind|p1a: Roaring Moon\n|-sidestart|p1: sheevp|move: Tailwind\n|move|p1b: Urshifu|Surging Strikes|p2a: Murkrow\n|-crit|p2a: Murkrow\n|-damage|p2a: Murkrow|10\/100\n|-crit|p2a: Murkrow\n|-damage|p2a: Murkrow|0 fnt\n|faint|p2a: Murkrow\n|-hitcount|p2: Murkrow|2\n|\n|-weather|RainDance|[upkeep]\n|upkeep\n|\n|t:|1736885118\n|switch|p2a: Indeedee|Indeedee-F, L50, F|100\/100\n|-fieldstart|move: Psychic Terrain|[from] ability: Psychic Surge|[of] p2a: Indeedee\n|turn|2\n|\n|t:|1736885129\n|switch|p2b: Urshifu|Urshifu-Rapid-Strike, L50, F|100\/100\n|move|p1a: Roaring Moon|Knock Off|p2b: Urshifu\n|-resisted|p2b: Urshifu\n|-damage|p2b: Urshifu|77\/100\n|-enditem|p2b: Urshifu|Choice Scarf|[from] move: Knock Off|[of] p1a: Roaring Moon\n|move|p1b: Urshifu|Close Combat|p2b: Urshifu\n|-damage|p2b: Urshifu|2\/100\n|-unboost|p1b: Urshifu|def|1\n|-unboost|p1b: Urshifu|spd|1\n|move|p2a: Indeedee|Trick Room|p2a: Indeedee\n|-fieldstart|move: Trick Room|[of] p2a: Indeedee\n|\n|-weather|RainDance|[upkeep]\n|upkeep\n|turn|3\n|\n|t:|1736885154\n|switch|p2b: Kyogre|Kyogre, L50, shiny, tera:Water|100\/100\n|move|p1b: Urshifu|Protect|p1b: Urshifu\n|-singleturn|p1b: Urshifu|Protect\n|move|p2a: Indeedee|Dazzling Gleam|p1b: Urshifu|[spread] p1a\n|-activate|p1b: Urshifu|move: Protect\n|-supereffective|p1a: Roaring Moon\n|-damage|p1a: Roaring Moon|0 fnt\n|faint|p1a: Roaring Moon\n|-end|p1a: Roaring Moon|Protosynthesis|[silent]\n|\n|-weather|RainDance|[upkeep]\n|upkeep\n|\n|t:|1736885167\n|switch|p1a: Volcarona|Volcarona, L50, M|100\/100\n|turn|4\n|\n|t:|1736885179\n|-terastallize|p1a: Volcarona|Water\n|move|p1b: Urshifu|Protect||[still]\n|-fail|p1b: Urshifu\n|move|p2a: Indeedee|Dazzling Gleam|p1b: Urshifu|[spread] p1a,p1b\n|-supereffective|p1b: Urshifu\n|-damage|p1a: Volcarona|89\/100\n|-damage|p1b: Urshifu|0 fnt\n|faint|p1b: Urshifu\n|move|p1a: Volcarona|Bug Buzz|p2b: Kyogre\n|-damage|p2b: Kyogre|68\/100\n|-unboost|p2b: Kyogre|spd|1\n|move|p2b: Kyogre|Water Spout|p1a: Volcarona\n|-resisted|p1a: Volcarona\n|-damage|p1a: Volcarona|2\/100\n|\n|-weather|RainDance|[upkeep]\n|-sideend|p2: zyros phade|move: Tailwind\n|-sideend|p1: sheevp|move: Tailwind\n|upkeep\n|\n|t:|1736885197\n|switch|p1b: Calyrex|Calyrex-Shadow, L50|100\/100\n|-ability|p1b: Calyrex|As One\n|-ability|p1b: Calyrex|Unnerve\n|turn|5\n|\n|t:|1736885204\n|move|p2a: Indeedee|Dazzling Gleam|p1a: Volcarona|[spread] p1a,p1b\n|-damage|p1a: Volcarona|0 fnt\n|-damage|p1b: Calyrex|88\/100\n|faint|p1a: Volcarona\n|move|p2b: Kyogre|Water Spout|p1b: Calyrex\n|-damage|p1b: Calyrex|0 fnt\n|faint|p1b: Calyrex\n|\n|win|zyros phade\n|raw|sheevp's rating: 1574 &rarr; <strong>1559<\/strong><br \/>(-15 for losing)\n|raw|zyros phade's rating: 1671 &rarr; <strong>1686<\/strong><br \/>(+15 for winning)\n|l|\u2606zyros phade\n|player|p2|\n|l|\u2606sheevp\n|player|p1|\n","uploadtime":1736885458,"views":15,"formatid":"gen9vgc2025regg","rating":1559,"private":0,"password":null}