{"id":"gen9vgc2025regg-2281631456","format":"[Gen 9] VGC 2025 Reg G","players":["Chatanyan","Diestoise"],"log":"|j|\u2606Chatanyan\n|j|\u2606Diestoise\n|t:|1736957648\n|gametype|doubles\n|player|p1|Chatanyan|266|1529\n|player|p2|Diestoise|blue|1604\n|teamsize|p1|6\n|teamsize|p2|6\n|gen|9\n|tier|[Gen 9] VGC 2025 Reg G\n|rated|\n|rule|Species Clause: Limit one of each Pok\u00e9mon\n|rule|Item Clause: Limit 1 of each item\n|clearpoke\n|poke|p1|Tornadus, L50, M|\n|poke|p1|Ninetales-Alola, L50, M|\n|poke|p1|Dragonite, L50, F|\n|poke|p1|Incineroar, L50, F|\n|poke|p1|Calyrex-Ice, L50|\n|poke|p1|Amoonguss, L50, F|\n|poke|p2|Koraidon, L50|\n|poke|p2|Raging Bolt, L50|\n|poke|p2|Entei, L50|\n|poke|p2|Flutter Mane, L50|\n|poke|p2|Venusaur, L50, M|\n|poke|p2|Ditto, L50|\n|teampreview|4\n|inactive|Battle timer is ON: inactive players will automatically lose when time's up. (requested by Chatanyan)\n|\n|t:|1736957672\n|start\n|switch|p1a: Tornadus|Tornadus, L50, M|100\/100\n|switch|p1b: Dragonite|Dragonite, L50, F|100\/100\n|switch|p2a: Entei|Entei, L50|100\/100\n|switch|p2b: Venusaur|Venusaur, L50, M, shiny|100\/100\n|turn|1\n|l|\u2606Chatanyan\n|inactive|Chatanyan disconnected and has a minute to reconnect!\n|player|p1|\n|inactive|Chatanyan has 30 seconds left.\n|j|\u2606Chatanyan\n|inactive|Chatanyan reconnected and has 25 seconds left.\n|player|p1|Chatanyan|266|\n|inactive|Chatanyan has 20 seconds left.\n|\n|t:|1736957708\n|-terastallize|p1b: Dragonite|Ground\n|move|p1a: Tornadus|Tailwind|p1a: Tornadus\n|-sidestart|p1: Chatanyan|move: Tailwind\n|move|p1b: Dragonite|Earthquake|p2b: Venusaur|[spread] p2a,p2b\n|-immune|p1a: Tornadus\n|-supereffective|p2a: Entei\n|-damage|p2a: Entei|0 fnt\n|-damage|p2b: Venusaur|25\/100\n|faint|p2a: Entei\n|move|p2b: Venusaur|Sleep Powder|p1a: Tornadus\n|-status|p1a: Tornadus|slp|[from] move: Sleep Powder\n|\n|upkeep\n|\n|t:|1736957725\n|switch|p2a: Koraidon|Koraidon, L50|100\/100\n|-weather|SunnyDay|[from] ability: Orichalcum Pulse|[of] p2a: Koraidon\n|-activate|p2a: Koraidon|Orichalcum Pulse|[source]\n|turn|2\n|\n|t:|1736957734\n|switch|p2b: Ditto|Ditto, L50|100\/100\n|-transform|p2b: Ditto|p1a: Tornadus|[from] ability: Imposter\n|cant|p1a: Tornadus|slp\n|move|p1b: Dragonite|Earthquake|p2a: Koraidon|[spread] p2a\n|-immune|p1a: Tornadus\n|-immune|p2b: Ditto\n|-damage|p2a: Koraidon|39\/100\n|move|p2a: Koraidon|Flare Blitz|p1a: Tornadus\n|-damage|p1a: Tornadus|0 fnt\n|faint|p1a: Tornadus\n|-damage|p2a: Koraidon|7\/100|[from] Recoil\n|\n|-weather|SunnyDay|[upkeep]\n|upkeep\n|\n|t:|1736957756\n|switch|p1a: Ninetales|Ninetales-Alola, L50, M|100\/100\n|-weather|Snow|[from] ability: Snow Warning|[of] p1a: Ninetales\n|turn|3\n|inactive|Diestoise has 30 seconds left.\n|inactive|Diestoise has 20 seconds left.\n|inactive|Diestoise has 15 seconds left.\n|\n|t:|1736957801\n|switch|p1b: Calyrex|Calyrex-Ice, L50|100\/100\n|-ability|p1b: Calyrex|As One\n|-ability|p1b: Calyrex|Unnerve\n|-item|p1b: Calyrex|Air Balloon\n|-terastallize|p2b: Ditto|Ghost\n|move|p2b: Ditto|Tailwind|p2b: Ditto\n|-sidestart|p2: Diestoise|move: Tailwind\n|move|p2a: Koraidon|Flare Blitz|p1a: Ninetales\n|-supereffective|p1a: Ninetales\n|-damage|p1a: Ninetales|28\/100\n|-status|p1a: Ninetales|brn\n|-damage|p2a: Koraidon|0 fnt|[from] Recoil\n|faint|p2a: Koraidon\n|move|p1a: Ninetales|Aurora Veil|p1a: Ninetales\n|-sidestart|p1: Chatanyan|move: Aurora Veil\n|\n|-weather|Snow|[upkeep]\n|-damage|p1a: Ninetales|22\/100 brn|[from] brn\n|upkeep\n|\n|t:|1736957814\n|switch|p2a: Venusaur|Venusaur, L50, M, shiny|25\/100\n|turn|4\n|j| judang\n|\n|t:|1736957836\n|move|p1b: Calyrex|Protect|p1b: Calyrex\n|-singleturn|p1b: Calyrex|Protect\n|move|p2b: Ditto|Bleakwind Storm|p1b: Calyrex|[spread] p1a\n|-activate|p1b: Calyrex|move: Protect\n|-damage|p1a: Ninetales|0 fnt\n|faint|p1a: Ninetales\n|move|p2a: Venusaur|Sleep Powder|p1b: Calyrex\n|-activate|p1b: Calyrex|move: Protect\n|\n|-weather|Snow|[upkeep]\n|-sideend|p1: Chatanyan|move: Tailwind\n|upkeep\n|\n|t:|1736957845\n|switch|p1a: Dragonite|Dragonite, L50, F, tera:Ground|100\/100\n|turn|5\n|inactive|Diestoise has 30 seconds left.\n|\n|t:|1736957873\n|move|p2a: Venusaur|Protect|p2a: Venusaur\n|-singleturn|p2a: Venusaur|Protect\n|move|p1a: Dragonite|Extreme Speed|p2a: Venusaur\n|-activate|p2a: Venusaur|move: Protect\n|move|p2b: Ditto|Bleakwind Storm|p1a: Dragonite|[spread] p1a,p1b\n|-damage|p1a: Dragonite|77\/100\n|-damage|p1b: Calyrex|85\/100\n|-enditem|p1b: Calyrex|Air Balloon\n|move|p1b: Calyrex|Trick Room|p1b: Calyrex\n|-fieldstart|move: Trick Room|[of] p1b: Calyrex\n|\n|-weather|Snow|[upkeep]\n|upkeep\n|turn|6\n|inactive|Diestoise has 30 seconds left.\n|\n|t:|1736957900\n|move|p1a: Dragonite|Extreme Speed|p2a: Venusaur\n|-damage|p2a: Venusaur|0 fnt\n|faint|p2a: Venusaur\n|move|p1b: Calyrex|Glacial Lance|p2b: Ditto\n|-damage|p2b: Ditto|0 fnt\n|faint|p2b: Ditto\n|\n|win|Chatanyan\n|raw|Chatanyan's rating: 1529 &rarr; <strong>1553<\/strong><br \/>(+24 for winning)\n|raw|Diestoise's rating: 1604 &rarr; <strong>1580<\/strong><br \/>(-24 for losing)\n|l|\u2606Diestoise\n|player|p2|\n|l|\u2606Chatanyan\n|player|p1|\n","uploadtime":1736958137,"views":18,"formatid":"gen9vgc2025regg","rating":1553,"private":0,"password":null}