{"id":"gen9vgc2025regg-2281800911","format":"[Gen 9] VGC 2025 Reg G","players":["Sazandoramx","Bicycle Bandy"],"log":"|j|\u2606Sazandoramx\n|j|\u2606Bicycle Bandy\n|t:|1736974695\n|gametype|doubles\n|player|p1|Sazandoramx|266|1563\n|player|p2|Bicycle Bandy|cyclistf|1591\n|teamsize|p1|6\n|teamsize|p2|6\n|gen|9\n|tier|[Gen 9] VGC 2025 Reg G\n|rated|\n|rule|Species Clause: Limit one of each Pok\u00e9mon\n|rule|Item Clause: Limit 1 of each item\n|clearpoke\n|poke|p1|Lunala, L50|\n|poke|p1|Chi-Yu, L50|\n|poke|p1|Maushold-Four, L50|\n|poke|p1|Rillaboom, L50, M|\n|poke|p1|Roaring Moon, L50|\n|poke|p1|Urshifu-*, L50, M|\n|poke|p2|Weezing-Galar, L50, M|\n|poke|p2|Calyrex-Shadow, L50|\n|poke|p2|Urshifu-*, L50, M|\n|poke|p2|Gothitelle, L50, F|\n|poke|p2|Indeedee-F, L50, F|\n|poke|p2|Iron Valiant, L50|\n|teampreview|4\n|\n|t:|1736974731\n|start\n|switch|p1a: Lunala|Lunala, L50|100\/100\n|switch|p1b: Maushold|Maushold-Four, L50, shiny|100\/100\n|switch|p2a: Calyrex|Calyrex-Shadow, L50|100\/100\n|switch|p2b: Iron Valiant|Iron Valiant, L50, shiny|100\/100\n|-ability|p2a: Calyrex|As One\n|-ability|p2a: Calyrex|Unnerve\n|-enditem|p2b: Iron Valiant|Booster Energy\n|-activate|p2b: Iron Valiant|ability: Quark Drive|[fromitem]\n|-start|p2b: Iron Valiant|quarkdrivespe\n|turn|1\n|\n|t:|1736974773\n|-terastallize|p2a: Calyrex|Ghost\n|-terastallize|p1a: Lunala|Fairy\n|move|p2b: Iron Valiant|Feint|p1b: Maushold\n|-damage|p1b: Maushold|90\/100\n|move|p2a: Calyrex|Astral Barrage|p1b: Maushold|[spread] p1a\n|-immune|p1b: Maushold\n|-damage|p1a: Lunala|71\/100\n|move|p1b: Maushold|Super Fang|p2a: Calyrex\n|-immune|p2a: Calyrex\n|move|p1a: Lunala|Moonblast|p2a: Calyrex\n|-damage|p2a: Calyrex|44\/100\n|\n|-heal|p1a: Lunala|77\/100|[from] item: Leftovers\n|upkeep\n|turn|2\n|j| Therazer456\n|\n|t:|1736974819\n|switch|p2a: Weezing|Weezing-Galar, L50, M, shiny|100\/100\n|-ability|p2a: Weezing|Neutralizing Gas\n|move|p1b: Maushold|Follow Me|p1b: Maushold\n|-singleturn|p1b: Maushold|move: Follow Me\n|move|p2b: Iron Valiant|Close Combat|p1b: Maushold\n|-supereffective|p1b: Maushold\n|-damage|p1b: Maushold|0 fnt\n|-unboost|p2b: Iron Valiant|def|1\n|-unboost|p2b: Iron Valiant|spd|1\n|-damage|p2b: Iron Valiant|84\/100|[from] item: Rocky Helmet|[of] p1b: Maushold\n|faint|p1b: Maushold\n|move|p1a: Lunala|Moongeist Beam|p2a: Weezing\n|-damage|p2a: Weezing|6\/100\n|\n|-heal|p1a: Lunala|84\/100|[from] item: Leftovers\n|upkeep\n|\n|t:|1736974846\n|switch|p1b: Roaring Moon|Roaring Moon, L50|100\/100\n|turn|3\n|j| judang\n|\n|t:|1736974885\n|-end|p1b: Roaring Moon|Protosynthesis|[silent]\n|switch|p1b: Urshifu|Urshifu-Rapid-Strike, L50, M|100\/100\n|move|p2a: Weezing|Sludge Bomb|p1a: Lunala\n|-supereffective|p1a: Lunala\n|-damage|p1a: Lunala|34\/100\n|move|p2b: Iron Valiant|Close Combat|p1b: Urshifu\n|-damage|p1b: Urshifu|35\/100\n|-unboost|p2b: Iron Valiant|def|1\n|-unboost|p2b: Iron Valiant|spd|1\n|move|p1a: Lunala|Moongeist Beam|p2a: Weezing\n|-damage|p2a: Weezing|0 fnt\n|faint|p2a: Weezing\n|-end|p2a: Weezing|ability: Neutralizing Gas\n|\n|-heal|p1a: Lunala|40\/100|[from] item: Leftovers\n|upkeep\n|\n|t:|1736974916\n|switch|p2a: Indeedee|Indeedee-F, L50, F, shiny|100\/100\n|-fieldstart|move: Psychic Terrain|[from] ability: Psychic Surge|[of] p2a: Indeedee\n|-enditem|p2a: Indeedee|Psychic Seed\n|-boost|p2a: Indeedee|spd|1|[from] item: Psychic Seed\n|turn|4\n|\n|t:|1736974934\n|move|p1a: Lunala|Protect|p1a: Lunala\n|-singleturn|p1a: Lunala|Protect\n|move|p2a: Indeedee|Follow Me|p2a: Indeedee\n|-singleturn|p2a: Indeedee|move: Follow Me\n|move|p2b: Iron Valiant|Encore|p1a: Lunala\n|-activate|p1a: Lunala|move: Protect\n|move|p1b: Urshifu|Surging Strikes|p2a: Indeedee\n|-crit|p2a: Indeedee\n|-damage|p2a: Indeedee|74\/100\n|-crit|p2a: Indeedee\n|-damage|p2a: Indeedee|47\/100\n|-crit|p2a: Indeedee\n|-damage|p2a: Indeedee|20\/100\n|-hitcount|p2a: Indeedee|3\n|-damage|p1b: Urshifu|26\/100|[from] item: Life Orb\n|\n|-heal|p1a: Lunala|46\/100|[from] item: Leftovers\n|upkeep\n|turn|5\n|\n|t:|1736974960\n|switch|p1a: Roaring Moon|Roaring Moon, L50|100\/100\n|-enditem|p1a: Roaring Moon|Booster Energy\n|-activate|p1a: Roaring Moon|ability: Protosynthesis|[fromitem]\n|-start|p1a: Roaring Moon|protosynthesisspe\n|move|p1b: Urshifu|Detect|p1b: Urshifu\n|-singleturn|p1b: Urshifu|Protect\n|move|p2b: Iron Valiant|Close Combat|p1a: Roaring Moon\n|-supereffective|p1a: Roaring Moon\n|-damage|p1a: Roaring Moon|0 fnt\n|-unboost|p2b: Iron Valiant|def|1\n|-unboost|p2b: Iron Valiant|spd|1\n|faint|p1a: Roaring Moon\n|-end|p1a: Roaring Moon|Protosynthesis|[silent]\n|move|p2a: Indeedee|Alluring Voice|p1b: Urshifu\n|-activate|p1b: Urshifu|move: Protect\n|\n|upkeep\n|\n|t:|1736974976\n|switch|p1a: Lunala|Lunala, L50, tera:Fairy|46\/100\n|turn|6\n|j| 17 character name\n|\n|t:|1736975021\n|move|p2a: Indeedee|Follow Me|p2a: Indeedee\n|-singleturn|p2a: Indeedee|move: Follow Me\n|move|p2b: Iron Valiant|Encore|p1b: Urshifu\n|-start|p1b: Urshifu|Encore\n|move|p1b: Urshifu|Detect||[still]\n|-fail|p1b: Urshifu\n|move|p1a: Lunala|Moonblast|p2a: Indeedee\n|-damage|p2a: Indeedee|0 fnt\n|faint|p2a: Indeedee\n|\n|-heal|p1a: Lunala|52\/100|[from] item: Leftovers\n|upkeep\n|\n|t:|1736975030\n|switch|p2a: Calyrex|Calyrex-Shadow, L50, tera:Ghost|44\/100\n|-ability|p2a: Calyrex|As One\n|-ability|p2a: Calyrex|Unnerve\n|turn|7\n|\n|t:|1736975053\n|move|p1b: Urshifu|Detect|p1b: Urshifu\n|-singleturn|p1b: Urshifu|Protect\n|move|p2b: Iron Valiant|Close Combat|p1a: Lunala\n|-resisted|p1a: Lunala\n|-damage|p1a: Lunala|29\/100\n|-unboost|p2b: Iron Valiant|def|1\n|-unboost|p2b: Iron Valiant|spd|1\n|move|p2a: Calyrex|Shadow Ball|p1a: Lunala\n|-damage|p1a: Lunala|0 fnt\n|faint|p1a: Lunala\n|-ability|p2a: Calyrex|Grim Neigh|boost\n|-boost|p2a: Calyrex|spa|1\n|\n|upkeep\n|turn|8\n|l| Therazer456\n|-message|Sazandoramx forfeited.\n|\n|win|Bicycle Bandy\n|raw|Sazandoramx's rating: 1563 &rarr; <strong>1545<\/strong><br \/>(-18 for losing)\n|raw|Bicycle Bandy's rating: 1591 &rarr; <strong>1609<\/strong><br \/>(+18 for winning)\n|l|\u2606Sazandoramx\n|player|p1|\n|c|\u2606Bicycle Bandy|gg\n|l| 17 character name\n","uploadtime":1736975212,"views":31,"formatid":"gen9vgc2025regg","rating":1545,"private":0,"password":null}