{"id":"gen9vgc2025regg-2281321975","format":"[Gen 9] VGC 2025 Reg G","players":["Chatanyan","RegielekiDreaming"],"log":"|j|\u2606Chatanyan\n|j|\u2606RegielekiDreaming\n|t:|1736909307\n|gametype|doubles\n|player|p1|Chatanyan|1|1551\n|player|p2|RegielekiDreaming|flannery|1550\n|teamsize|p1|6\n|teamsize|p2|6\n|gen|9\n|tier|[Gen 9] VGC 2025 Reg G\n|rated|\n|rule|Species Clause: Limit one of each Pok\u00e9mon\n|rule|Item Clause: Limit 1 of each item\n|clearpoke\n|poke|p1|Tornadus, L50, M|\n|poke|p1|Ninetales-Alola, L50, M|\n|poke|p1|Dragonite, L50, F|\n|poke|p1|Incineroar, L50, M|\n|poke|p1|Calyrex-Ice, L50|\n|poke|p1|Amoonguss, L50, F|\n|poke|p2|Regieleki, L50|\n|poke|p2|Rillaboom, L50, F|\n|poke|p2|Lunala, L50|\n|poke|p2|Incineroar, L50, M|\n|poke|p2|Zapdos-Galar, L50|\n|poke|p2|Araquanid, L50, M|\n|teampreview|4\n|inactive|Battle timer is ON: inactive players will automatically lose when time's up. (requested by Chatanyan)\n|j| bieiup\n|inactive|RegielekiDreaming has 60 seconds left.\n|l| bieiup\n|\n|t:|1736909351\n|start\n|switch|p1a: Dragonite|Dragonite, L50, F|100\/100\n|switch|p1b: Tornadus|Tornadus, L50, M|100\/100\n|switch|p2a: Regieleki|Regieleki, L50, shiny|100\/100\n|switch|p2b: Lunala|Lunala, L50|100\/100\n|turn|1\n|\n|t:|1736909361\n|-terastallize|p1a: Dragonite|Ground\n|-terastallize|p2b: Lunala|Fairy\n|move|p1b: Tornadus|Tailwind|p1b: Tornadus\n|-sidestart|p1: Chatanyan|move: Tailwind\n|move|p1a: Dragonite|Earthquake|p2a: Regieleki|[spread] p2a,p2b\n|-immune|p1b: Tornadus\n|-supereffective|p2a: Regieleki\n|-damage|p2a: Regieleki|0 fnt\n|-damage|p2b: Lunala|73\/100\n|faint|p2a: Regieleki\n|move|p2b: Lunala|Moonblast|p1a: Dragonite\n|-damage|p1a: Dragonite|37\/100\n|\n|-heal|p2b: Lunala|79\/100|[from] item: Leftovers\n|upkeep\n|\n|t:|1736909371\n|switch|p2a: Araquanid|Araquanid, L50, M, shiny|100\/100\n|turn|2\n|\n|t:|1736909382\n|switch|p1a: Ninetales|Ninetales-Alola, L50, M|100\/100\n|-weather|Snow|[from] ability: Snow Warning|[of] p1a: Ninetales\n|move|p2a: Araquanid|Wide Guard|p2a: Araquanid\n|-singleturn|p2a: Araquanid|Wide Guard\n|move|p1b: Tornadus|Taunt|p2a: Araquanid\n|-start|p2a: Araquanid|move: Taunt\n|move|p2b: Lunala|Moongeist Beam|p1a: Ninetales\n|-damage|p1a: Ninetales|40\/100\n|\n|-weather|Snow|[upkeep]\n|-heal|p2b: Lunala|85\/100|[from] item: Leftovers\n|upkeep\n|turn|3\n|\n|t:|1736909398\n|switch|p2a: Incineroar|Incineroar, L50, M|100\/100\n|-ability|p2a: Incineroar|Intimidate|boost\n|-unboost|p1a: Ninetales|atk|1\n|-unboost|p1b: Tornadus|atk|1\n|move|p1b: Tornadus|Taunt|p2b: Lunala\n|-start|p2b: Lunala|move: Taunt\n|move|p1a: Ninetales|Aurora Veil|p1a: Ninetales\n|-sidestart|p1: Chatanyan|move: Aurora Veil\n|move|p2b: Lunala|Moongeist Beam|p1a: Ninetales\n|-damage|p1a: Ninetales|1\/100\n|\n|-weather|Snow|[upkeep]\n|-heal|p2b: Lunala|91\/100|[from] item: Leftovers\n|upkeep\n|turn|4\n|\n|t:|1736909421\n|switch|p1a: Dragonite|Dragonite, L50, F, tera:Ground|37\/100\n|move|p2a: Incineroar|Fake Out|p1a: Dragonite\n|-damage|p1a: Dragonite|29\/100\n|move|p1b: Tornadus|Bleakwind Storm|p2a: Incineroar|[spread] p2a,p2b\n|-damage|p2a: Incineroar|75\/100\n|-damage|p2b: Lunala|65\/100\n|-unboost|p2a: Incineroar|spe|1\n|move|p2b: Lunala|Moongeist Beam|p1b: Tornadus\n|-damage|p1b: Tornadus|46\/100\n|\n|-weather|Snow|[upkeep]\n|-heal|p2b: Lunala|71\/100|[from] item: Leftovers\n|-sideend|p1: Chatanyan|move: Tailwind\n|upkeep\n|turn|5\n|inactive|RegielekiDreaming has 30 seconds left.\n|\n|t:|1736909452\n|switch|p2b: Araquanid|Araquanid, L50, M, shiny|100\/100\n|move|p1b: Tornadus|Tailwind|p1b: Tornadus\n|-sidestart|p1: Chatanyan|move: Tailwind\n|move|p1a: Dragonite|Earthquake|p2a: Incineroar|[spread] p2a,p2b\n|-immune|p1b: Tornadus\n|-supereffective|p2a: Incineroar\n|-resisted|p2b: Araquanid\n|-damage|p2a: Incineroar|0 fnt\n|-damage|p2b: Araquanid|76\/100\n|faint|p2a: Incineroar\n|\n|-weather|Snow|[upkeep]\n|upkeep\n|\n|t:|1736909455\n|switch|p2a: Lunala|Lunala, L50, tera:Fairy|71\/100\n|turn|6\n|\n|t:|1736909464\n|move|p2b: Araquanid|Protect|p2b: Araquanid\n|-singleturn|p2b: Araquanid|Protect\n|move|p1b: Tornadus|Taunt|p2b: Araquanid\n|-activate|p2b: Araquanid|move: Protect\n|move|p1a: Dragonite|Earthquake|p2b: Araquanid|[spread] p2a\n|-activate|p2b: Araquanid|move: Protect\n|-immune|p1b: Tornadus\n|-damage|p2a: Lunala|15\/100\n|move|p2a: Lunala|Moongeist Beam|p1b: Tornadus\n|-damage|p1b: Tornadus|0 fnt\n|faint|p1b: Tornadus\n|\n|-weather|none\n|-heal|p2a: Lunala|21\/100|[from] item: Leftovers\n|upkeep\n|\n|t:|1736909478\n|switch|p1b: Calyrex|Calyrex-Ice, L50|100\/100\n|-ability|p1b: Calyrex|As One\n|-ability|p1b: Calyrex|Unnerve\n|-item|p1b: Calyrex|Air Balloon\n|turn|7\n|\n|t:|1736909489\n|switch|p1a: Ninetales|Ninetales-Alola, L50, M|1\/100\n|-weather|Snow|[from] ability: Snow Warning|[of] p1a: Ninetales\n|move|p2b: Araquanid|Wide Guard|p2b: Araquanid\n|-singleturn|p2b: Araquanid|Wide Guard\n|move|p1b: Calyrex|High Horsepower|p2a: Lunala\n|-damage|p2a: Lunala|0 fnt\n|faint|p2a: Lunala\n|-ability|p1b: Calyrex|Chilling Neigh|boost\n|-boost|p1b: Calyrex|atk|1\n|\n|-weather|Snow|[upkeep]\n|upkeep\n|turn|8\n|-message|RegielekiDreaming forfeited.\n|\n|win|Chatanyan\n|raw|Chatanyan's rating: 1551 &rarr; <strong>1571<\/strong><br \/>(+20 for winning)\n|raw|RegielekiDreaming's rating: 1550 &rarr; <strong>1530<\/strong><br \/>(-20 for losing)\n|l|\u2606RegielekiDreaming\n|player|p2|\n|l|\u2606Chatanyan\n|player|p1|\n","uploadtime":1736909720,"views":15,"formatid":"gen9vgc2025regg","rating":1530,"private":0,"password":null}