{"id":"gen9vgc2025regg-2281821031","format":"[Gen 9] VGC 2025 Reg G","players":["Snorlax Double","koji muranishi"],"log":"|j|\u2606Snorlax Double\n|j|\u2606koji muranishi\n|t:|1736976929\n|gametype|doubles\n|player|p1|Snorlax Double|roxie|1633\n|player|p2|koji muranishi|266|1689\n|teamsize|p1|6\n|teamsize|p2|6\n|gen|9\n|tier|[Gen 9] VGC 2025 Reg G\n|rated|\n|rule|Species Clause: Limit one of each Pok\u00e9mon\n|rule|Item Clause: Limit 1 of each item\n|clearpoke\n|poke|p1|Urshifu-*, L50, F|\n|poke|p1|Chien-Pao, L50|\n|poke|p1|Zamazenta-*, L50|\n|poke|p1|Chi-Yu, L50|\n|poke|p1|Flutter Mane, L50|\n|poke|p1|Amoonguss, L50, F|\n|poke|p2|Whimsicott, L50, F|\n|poke|p2|Calyrex-Ice, L50|\n|poke|p2|Urshifu-*, L50, F|\n|poke|p2|Ogerpon-Cornerstone, L50, F|\n|poke|p2|Raging Bolt, L50|\n|poke|p2|Archaludon, L50, F|\n|teampreview|4\n|inactive|Battle timer is ON: inactive players will automatically lose when time's up. (requested by koji muranishi)\n|inactive|Snorlax Double has 60 seconds left.\n|\n|t:|1736976994\n|start\n|switch|p1a: Chi-Yu|Chi-Yu, L50|100\/100\n|switch|p1b: Flutter Mane|Flutter Mane, L50, shiny|100\/100\n|switch|p2a: Whimsicott|Whimsicott, L50, F|100\/100\n|switch|p2b: Archaludon|Archaludon, L50, F|100\/100\n|-ability|p1a: Chi-Yu|Beads of Ruin\n|-enditem|p1b: Flutter Mane|Booster Energy\n|-activate|p1b: Flutter Mane|ability: Protosynthesis|[fromitem]\n|-start|p1b: Flutter Mane|protosynthesisspe\n|turn|1\n|j| 17 character name\n|inactive|Snorlax Double has 30 seconds left.\n|inactive|Snorlax Double has 20 seconds left.\n|inactive|Snorlax Double has 15 seconds left.\n|\n|t:|1736977036\n|-terastallize|p1a: Chi-Yu|Ghost\n|move|p2a: Whimsicott|Tailwind|p2a: Whimsicott\n|-sidestart|p2: koji muranishi|move: Tailwind\n|move|p1b: Flutter Mane|Moonblast|p2a: Whimsicott\n|-damage|p2a: Whimsicott|8\/100\n|-unboost|p2a: Whimsicott|spa|1\n|move|p2b: Archaludon|Meteor Beam||[still]\n|-prepare|p2b: Archaludon|Meteor Beam\n|-boost|p2b: Archaludon|spa|1\n|-enditem|p2b: Archaludon|Power Herb\n|-anim|p2b: Archaludon|Meteor Beam|p1a: Chi-Yu\n|-damage|p1a: Chi-Yu|17\/100\n|move|p1a: Chi-Yu|Heat Wave|p2a: Whimsicott|[spread] p2a\n|-miss|p1a: Chi-Yu|p2b: Archaludon\n|-supereffective|p2a: Whimsicott\n|-damage|p2a: Whimsicott|0 fnt\n|faint|p2a: Whimsicott\n|\n|upkeep\n|\n|t:|1736977056\n|switch|p2a: Urshifu|Urshifu-Rapid-Strike, L50, F|100\/100\n|turn|2\n|\n|t:|1736977065\n|switch|p1a: Amoonguss|Amoonguss, L50, F|100\/100\n|move|p2a: Urshifu|Surging Strikes|p1b: Flutter Mane\n|-crit|p1b: Flutter Mane\n|-damage|p1b: Flutter Mane|65\/100\n|-crit|p1b: Flutter Mane\n|-damage|p1b: Flutter Mane|29\/100\n|-crit|p1b: Flutter Mane\n|-damage|p1b: Flutter Mane|0 fnt\n|faint|p1b: Flutter Mane\n|-end|p1b: Flutter Mane|Protosynthesis|[silent]\n|-hitcount|p1: Flutter Mane|3\n|move|p2b: Archaludon|Draco Meteor|p1a: Amoonguss\n|-damage|p1a: Amoonguss|1\/100\n|-unboost|p2b: Archaludon|spa|2\n|\n|upkeep\n|\n|t:|1736977079\n|switch|p1b: Zamazenta|Zamazenta-Crowned, L50|100\/100\n|-ability|p1b: Zamazenta|Dauntless Shield|boost\n|-boost|p1b: Zamazenta|def|1\n|turn|3\n|\n|t:|1736977095\n|switch|p2b: Raging Bolt|Raging Bolt, L50|100\/100\n|move|p1a: Amoonguss|Rage Powder|p1a: Amoonguss\n|-singleturn|p1a: Amoonguss|move: Rage Powder\n|move|p2a: Urshifu|Surging Strikes|p1a: Amoonguss\n|-resisted|p1a: Amoonguss\n|-crit|p1a: Amoonguss\n|-damage|p1a: Amoonguss|0 fnt\n|-damage|p2a: Urshifu|84\/100|[from] item: Rocky Helmet|[of] p1a: Amoonguss\n|faint|p1a: Amoonguss\n|-hitcount|p1: Amoonguss|1\n|move|p1b: Zamazenta|Body Press|p2a: Urshifu\n|-damage|p2a: Urshifu|8\/100\n|\n|upkeep\n|\n|t:|1736977101\n|switch|p1a: Chi-Yu|Chi-Yu, L50, tera:Ghost|17\/100\n|-ability|p1a: Chi-Yu|Beads of Ruin\n|turn|4\n|\n|t:|1736977116\n|-terastallize|p2b: Raging Bolt|Electric\n|move|p2a: Urshifu|Surging Strikes|p1a: Chi-Yu\n|-crit|p1a: Chi-Yu\n|-damage|p1a: Chi-Yu|0 fnt\n|faint|p1a: Chi-Yu\n|-hitcount|p1: Chi-Yu|1\n|move|p2b: Raging Bolt|Thunderbolt|p1b: Zamazenta\n|-damage|p1b: Zamazenta|29\/100\n|-damage|p2b: Raging Bolt|91\/100|[from] item: Life Orb\n|move|p1b: Zamazenta|Body Press|p2b: Raging Bolt\n|-damage|p2b: Raging Bolt|26\/100\n|\n|-sideend|p2: koji muranishi|move: Tailwind\n|upkeep\n|turn|5\n|-message|Snorlax Double forfeited.\n|\n|win|koji muranishi\n|raw|Snorlax Double's rating: 1633 &rarr; <strong>1616<\/strong><br \/>(-17 for losing)\n|raw|koji muranishi's rating: 1689 &rarr; <strong>1706<\/strong><br \/>(+17 for winning)\n|l|\u2606Snorlax Double\n|player|p1|\n|l|\u2606koji muranishi\n|player|p2|\n|l| 17 character name\n","uploadtime":1736977334,"views":16,"formatid":"gen9vgc2025regg","rating":1616,"private":0,"password":null}