{"id":"gen9vgc2025regg-2281377480","format":"[Gen 9] VGC 2025 Reg G","players":["badpiplupvgc","b1gbabiejesus"],"log":"|j|\u2606badpiplupvgc\n|j|\u2606b1gbabiejesus\n|t:|1736917791\n|gametype|doubles\n|player|p1|badpiplupvgc|169|1661\n|player|p2|b1gbabiejesus|266|1571\n|teamsize|p1|6\n|teamsize|p2|6\n|gen|9\n|tier|[Gen 9] VGC 2025 Reg G\n|rated|\n|rule|Species Clause: Limit one of each Pok\u00e9mon\n|rule|Item Clause: Limit 1 of each item\n|clearpoke\n|poke|p1|Calyrex-Ice, L50|\n|poke|p1|Amoonguss, L50, M|\n|poke|p1|Raging Bolt, L50|\n|poke|p1|Chi-Yu, L50|\n|poke|p1|Rillaboom, L50, M|\n|poke|p1|Urshifu-*, L50, F|\n|poke|p2|Terapagos, L50, M|\n|poke|p2|Incineroar, L50, F|\n|poke|p2|Rillaboom, L50, M|\n|poke|p2|Ogerpon-Hearthflame, L50, F|\n|poke|p2|Flutter Mane, L50|\n|poke|p2|Urshifu-*, L50, F|\n|teampreview|4\n|inactive|Battle timer is ON: inactive players will automatically lose when time's up. (requested by b1gbabiejesus)\n|inactive|badpiplupvgc has 60 seconds left.\n|inactive|b1gbabiejesus has 60 seconds left.\n|\n|t:|1736917843\n|start\n|switch|p1a: Chi-Yu|Chi-Yu, L50|100\/100\n|switch|p1b: Raging Bolt|Raging Bolt, L50|100\/100\n|switch|p2a: Incineroar|Incineroar, L50, F, shiny|100\/100\n|switch|p2b: Flutter Mane|Flutter Mane, L50|100\/100\n|-ability|p1a: Chi-Yu|Beads of Ruin\n|-ability|p2a: Incineroar|Intimidate|boost\n|-unboost|p1a: Chi-Yu|atk|1\n|-unboost|p1b: Raging Bolt|atk|1\n|-enditem|p2b: Flutter Mane|Booster Energy\n|-activate|p2b: Flutter Mane|ability: Protosynthesis|[fromitem]\n|-start|p2b: Flutter Mane|protosynthesisspe\n|-enditem|p1b: Raging Bolt|Booster Energy\n|-activate|p1b: Raging Bolt|ability: Protosynthesis|[fromitem]\n|-start|p1b: Raging Bolt|protosynthesisspa\n|turn|1\n|inactive|badpiplupvgc has 30 seconds left.\n|\n|t:|1736917875\n|move|p2b: Flutter Mane|Protect|p2b: Flutter Mane\n|-singleturn|p2b: Flutter Mane|Protect\n|move|p1b: Raging Bolt|Protect|p1b: Raging Bolt\n|-singleturn|p1b: Raging Bolt|Protect\n|move|p1a: Chi-Yu|Snarl|p2b: Flutter Mane|[spread] p2a\n|-activate|p2b: Flutter Mane|move: Protect\n|-resisted|p2a: Incineroar\n|-damage|p2a: Incineroar|86\/100\n|-unboost|p2a: Incineroar|spa|1\n|move|p2a: Incineroar|Parting Shot|p1a: Chi-Yu\n|-unboost|p1a: Chi-Yu|atk|1\n|-unboost|p1a: Chi-Yu|spa|1\n|\n|t:|1736917883\n|switch|p2a: Urshifu|Urshifu-Rapid-Strike, L50, F|100\/100|[from] Parting Shot\n|\n|upkeep\n|turn|2\n|inactive|badpiplupvgc has 30 seconds left.\n|\n|t:|1736917908\n|switch|p2a: Incineroar|Incineroar, L50, F, shiny|86\/100\n|-ability|p2a: Incineroar|Intimidate|boost\n|-unboost|p1a: Chi-Yu|atk|1\n|-unboost|p1b: Raging Bolt|atk|1\n|move|p1b: Raging Bolt|Thunderclap||[still]\n|-fail|p1b: Raging Bolt\n|move|p2b: Flutter Mane|Thunder Wave|p1a: Chi-Yu\n|-status|p1a: Chi-Yu|par\n|move|p1a: Chi-Yu|Snarl|p2b: Flutter Mane|[spread] p2a,p2b\n|-resisted|p2a: Incineroar\n|-damage|p2a: Incineroar|77\/100\n|-damage|p2b: Flutter Mane|82\/100\n|-unboost|p2a: Incineroar|spa|1\n|-unboost|p2b: Flutter Mane|spa|1\n|\n|upkeep\n|turn|3\n|\n|t:|1736917926\n|move|p2b: Flutter Mane|Protect|p2b: Flutter Mane\n|-singleturn|p2b: Flutter Mane|Protect\n|move|p1b: Raging Bolt|Protect|p1b: Raging Bolt\n|-singleturn|p1b: Raging Bolt|Protect\n|cant|p1a: Chi-Yu|par\n|move|p2a: Incineroar|Parting Shot|p1a: Chi-Yu\n|-unboost|p1a: Chi-Yu|atk|1\n|-unboost|p1a: Chi-Yu|spa|1\n|\n|t:|1736917935\n|switch|p2a: Urshifu|Urshifu-Rapid-Strike, L50, F|100\/100|[from] Parting Shot\n|\n|upkeep\n|turn|4\n|\n|t:|1736917960\n|switch|p1a: Calyrex|Calyrex-Ice, L50|100\/100\n|-ability|p1a: Calyrex|As One\n|-ability|p1a: Calyrex|Unnerve\n|move|p1b: Raging Bolt|Thunderclap|p2b: Flutter Mane\n|-damage|p2b: Flutter Mane|31\/100\n|move|p2b: Flutter Mane|Moonblast|p1b: Raging Bolt\n|-supereffective|p1b: Raging Bolt\n|-damage|p1b: Raging Bolt|46\/100\n|move|p2a: Urshifu|Close Combat|p1b: Raging Bolt\n|-crit|p1b: Raging Bolt\n|-damage|p1b: Raging Bolt|0 fnt\n|-unboost|p2a: Urshifu|def|1\n|-unboost|p2a: Urshifu|spd|1\n|faint|p1b: Raging Bolt\n|-end|p1b: Raging Bolt|Protosynthesis|[silent]\n|\n|upkeep\n|j| flamigos friend\n|inactive|badpiplupvgc has 30 seconds left.\n|\n|t:|1736917994\n|switch|p1b: Urshifu|Urshifu, L50, F|100\/100\n|turn|5\n|\n|t:|1736918014\n|switch|p1b: Chi-Yu|Chi-Yu, L50|100\/100 par\n|-ability|p1b: Chi-Yu|Beads of Ruin\n|move|p2b: Flutter Mane|Moonblast|p1b: Chi-Yu\n|-crit|p1b: Chi-Yu\n|-damage|p1b: Chi-Yu|17\/100 par\n|-unboost|p1b: Chi-Yu|spa|1\n|move|p2a: Urshifu|Surging Strikes|p1b: Chi-Yu\n|-supereffective|p1b: Chi-Yu\n|-crit|p1b: Chi-Yu\n|-damage|p1b: Chi-Yu|0 fnt\n|faint|p1b: Chi-Yu\n|-hitcount|p1: Chi-Yu|1\n|move|p1a: Calyrex|Glacial Lance|p2b: Flutter Mane|[spread] p2a,p2b\n|-resisted|p2a: Urshifu\n|-damage|p2a: Urshifu|57\/100\n|-damage|p2b: Flutter Mane|0 fnt\n|faint|p2b: Flutter Mane\n|-end|p2b: Flutter Mane|Protosynthesis|[silent]\n|-ability|p1a: Calyrex|Chilling Neigh|boost\n|-boost|p1a: Calyrex|atk|1\n|\n|upkeep\n|\n|t:|1736918031\n|switch|p2b: Ogerpon|Ogerpon-Hearthflame, L50, F|100\/100\n|switch|p1b: Urshifu|Urshifu, L50, F|100\/100\n|-ability|p2b: Ogerpon|Mold Breaker\n|turn|6\n|\n|t:|1736918048\n|-terastallize|p2b: Ogerpon|Fire\n|detailschange|p2b: Ogerpon|Ogerpon-Hearthflame-Tera, L50, F, tera:Fire\n|-ability|p2b: Ogerpon|Embody Aspect (Hearthflame)|boost\n|-boost|p2b: Ogerpon|atk|1\n|-terastallize|p1a: Calyrex|Fire\n|move|p2b: Ogerpon|Ivy Cudgel|p1a: Calyrex|[anim] Ivy Cudgel Fire\n|-resisted|p1a: Calyrex\n|-damage|p1a: Calyrex|67\/100\n|move|p2a: Urshifu|Surging Strikes|p1a: Calyrex\n|-supereffective|p1a: Calyrex\n|-crit|p1a: Calyrex\n|-damage|p1a: Calyrex|38\/100\n|-supereffective|p1a: Calyrex\n|-crit|p1a: Calyrex\n|-damage|p1a: Calyrex|9\/100\n|-supereffective|p1a: Calyrex\n|-crit|p1a: Calyrex\n|-damage|p1a: Calyrex|0 fnt\n|faint|p1a: Calyrex\n|-hitcount|p1: Calyrex|3\n|move|p1b: Urshifu|Close Combat|p2a: Urshifu\n|-damage|p2a: Urshifu|0 fnt\n|-unboost|p1b: Urshifu|def|1\n|-unboost|p1b: Urshifu|spd|1\n|faint|p2a: Urshifu\n|\n|upkeep\n|\n|t:|1736918059\n|switch|p2a: Incineroar|Incineroar, L50, F, shiny|77\/100\n|-ability|p2a: Incineroar|Intimidate|boost\n|-unboost|p1b: Urshifu|atk|1\n|turn|7\n|-message|badpiplupvgc forfeited.\n|\n|win|b1gbabiejesus\n|raw|badpiplupvgc's rating: 1661 &rarr; <strong>1636<\/strong><br \/>(-25 for losing)\n|raw|b1gbabiejesus's rating: 1571 &rarr; <strong>1596<\/strong><br \/>(+25 for winning)\n|l|\u2606badpiplupvgc\n|player|p1|\n|l| flamigos friend\n","uploadtime":1736918324,"views":11,"formatid":"gen9vgc2025regg","rating":1596,"private":0,"password":null}