{"id":"gen9vgc2025regg-2281551652","format":"[Gen 9] VGC 2025 Reg G","players":["Gyaradostyranitar","Onemagician4496"],"log":"|j|\u2606Gyaradostyranitar\n|j|\u2606Onemagician4496\n|t:|1736948852\n|gametype|doubles\n|player|p1|Gyaradostyranitar|adaman|1546\n|player|p2|Onemagician4496|ethan|1588\n|teamsize|p1|6\n|teamsize|p2|6\n|gen|9\n|tier|[Gen 9] VGC 2025 Reg G\n|rated|\n|rule|Species Clause: Limit one of each Pok\u00e9mon\n|rule|Item Clause: Limit 1 of each item\n|clearpoke\n|poke|p1|Koraidon, L50|\n|poke|p1|Flutter Mane, L50|\n|poke|p1|Raging Bolt, L50|\n|poke|p1|Chi-Yu, L50|\n|poke|p1|Ditto, L50|\n|poke|p1|Tornadus, L50, M|\n|poke|p2|Koraidon, L50|\n|poke|p2|Raging Bolt, L50|\n|poke|p2|Ogerpon-Cornerstone, L50, F|\n|poke|p2|Flutter Mane, L50|\n|poke|p2|Ditto, L50|\n|poke|p2|Chi-Yu, L50|\n|teampreview|4\n|inactive|Battle timer is ON: inactive players will automatically lose when time's up. (requested by Gyaradostyranitar)\nOnemagician4496 has agreed to open team sheets.\n|inactive|Onemagician4496 has 60 seconds left.\n|\n|t:|1736948890\n|start\n|switch|p1a: Tornadus|Tornadus, L50, M|100\/100\n|switch|p1b: Flutter Mane|Flutter Mane, L50|100\/100\n|switch|p2a: Flutter Mane|Flutter Mane, L50|100\/100\n|switch|p2b: Chi-Yu|Chi-Yu, L50|100\/100\n|-ability|p2b: Chi-Yu|Beads of Ruin\n|-enditem|p2a: Flutter Mane|Booster Energy\n|-activate|p2a: Flutter Mane|ability: Protosynthesis|[fromitem]\n|-start|p2a: Flutter Mane|protosynthesisspe\n|turn|1\n|\n|t:|1736948908\n|move|p1a: Tornadus|Tailwind|p1a: Tornadus\n|-sidestart|p1: Gyaradostyranitar|move: Tailwind\n|move|p1b: Flutter Mane|Thunder Wave|p2b: Chi-Yu\n|-status|p2b: Chi-Yu|par\n|move|p2a: Flutter Mane|Icy Wind|p1a: Tornadus|[spread] p1a,p1b\n|-supereffective|p1a: Tornadus\n|-damage|p1a: Tornadus|68\/100\n|-damage|p1b: Flutter Mane|87\/100\n|-unboost|p1b: Flutter Mane|spe|1\n|move|p2b: Chi-Yu|Snarl|p1b: Flutter Mane|[spread] p1a,p1b\n|-damage|p1a: Tornadus|33\/100\n|-damage|p1b: Flutter Mane|63\/100\n|-unboost|p1b: Flutter Mane|spa|1\n|\n|upkeep\n|turn|2\n|\n|t:|1736948931\n|move|p2a: Flutter Mane|Protect|p2a: Flutter Mane\n|-singleturn|p2a: Flutter Mane|Protect\n|move|p1a: Tornadus|Bleakwind Storm|p2b: Chi-Yu|[spread] p2b\n|-activate|p2a: Flutter Mane|move: Protect\n|-damage|p2b: Chi-Yu|69\/100 par\n|move|p1b: Flutter Mane|Thunder Wave|p2a: Flutter Mane\n|-activate|p2a: Flutter Mane|move: Protect\n|move|p2b: Chi-Yu|Heat Wave|p1b: Flutter Mane|[spread] p1a,p1b\n|-damage|p1a: Tornadus|0 fnt\n|-damage|p1b: Flutter Mane|18\/100\n|faint|p1a: Tornadus\n|\n|upkeep\n|\n|t:|1736948940\n|switch|p1a: Chi-Yu|Chi-Yu, L50|100\/100\n|-ability|p1a: Chi-Yu|Beads of Ruin\n|turn|3\n|\n|t:|1736948956\n|move|p1a: Chi-Yu|Heat Wave|p2a: Flutter Mane|[spread] p2a\n|-miss|p1a: Chi-Yu|p2b: Chi-Yu\n|-damage|p2a: Flutter Mane|36\/100\n|move|p2a: Flutter Mane|Icy Wind|p1a: Chi-Yu|[spread] p1a,p1b\n|-resisted|p1a: Chi-Yu\n|-damage|p1a: Chi-Yu|96\/100\n|-damage|p1b: Flutter Mane|5\/100\n|-unboost|p1a: Chi-Yu|spe|1\n|-unboost|p1b: Flutter Mane|spe|1\n|move|p1b: Flutter Mane|Moonblast|p2b: Chi-Yu\n|-damage|p2b: Chi-Yu|35\/100 par\n|move|p2b: Chi-Yu|Snarl|p1b: Flutter Mane|[spread] p1a,p1b\n|-resisted|p1a: Chi-Yu\n|-damage|p1a: Chi-Yu|86\/100\n|-damage|p1b: Flutter Mane|0 fnt\n|-unboost|p1a: Chi-Yu|spa|1\n|faint|p1b: Flutter Mane\n|-end|p1b: Flutter Mane|Protosynthesis|[silent]\n|\n|upkeep\n|inactive|Gyaradostyranitar has 30 seconds left.\n|inactive|Gyaradostyranitar has 20 seconds left.\n|\n|t:|1736948991\n|switch|p1b: Koraidon|Koraidon, L50|100\/100\n|-weather|SunnyDay|[from] ability: Orichalcum Pulse|[of] p1b: Koraidon\n|-activate|p1b: Koraidon|Orichalcum Pulse|[source]\n|turn|4\n|inactive|Onemagician4496 has 30 seconds left.\n|\n|t:|1736949016\n|-terastallize|p1b: Koraidon|Fire\n|move|p2a: Flutter Mane|Protect|p2a: Flutter Mane\n|-singleturn|p2a: Flutter Mane|Protect\n|move|p1b: Koraidon|Flame Charge|p2b: Chi-Yu\n|-resisted|p2b: Chi-Yu\n|-damage|p2b: Chi-Yu|0 fnt\n|-boost|p1b: Koraidon|spe|1\n|faint|p2b: Chi-Yu\n|move|p1a: Chi-Yu|Heat Wave|p2a: Flutter Mane\n|-activate|p2a: Flutter Mane|move: Protect\n|\n|-weather|SunnyDay|[upkeep]\n|-sideend|p1: Gyaradostyranitar|move: Tailwind\n|upkeep\n|\n|t:|1736949028\n|switch|p2b: Koraidon|Koraidon, L50|100\/100\n|-activate|p2b: Koraidon|ability: Orichalcum Pulse\n|turn|5\n|\n|t:|1736949052\n|move|p2a: Flutter Mane|Icy Wind|p1a: Chi-Yu|[spread] p1a,p1b\n|-resisted|p1a: Chi-Yu\n|-resisted|p1b: Koraidon\n|-damage|p1a: Chi-Yu|80\/100\n|-damage|p1b: Koraidon|94\/100\n|-unboost|p1a: Chi-Yu|spe|1\n|move|p1b: Koraidon|Collision Course|p2b: Koraidon\n|-damage|p2b: Koraidon|36\/100\n|move|p2b: Koraidon|Collision Course|p1a: Chi-Yu\n|-supereffective|p1a: Chi-Yu\n|-damage|p1a: Chi-Yu|0 fnt\n|faint|p1a: Chi-Yu\n|\n|-weather|SunnyDay|[upkeep]\n|upkeep\n|turn|6\n|\n|t:|1736949072\n|-end|p2a: Flutter Mane|Protosynthesis|[silent]\n|switch|p2a: Ditto|Ditto, L50|100\/100\n|-transform|p2a: Ditto|p1b: Koraidon|[from] ability: Imposter\n|-activate|p2a: Ditto|ability: Orichalcum Pulse\n|move|p2b: Koraidon|Protect|p2b: Koraidon\n|-singleturn|p2b: Koraidon|Protect\n|move|p1b: Koraidon|Flame Charge|p2a: Ditto\n|-resisted|p2a: Ditto\n|-damage|p2a: Ditto|68\/100\n|-boost|p1b: Koraidon|spe|1\n|\n|-weather|SunnyDay|[upkeep]\n|upkeep\n|-start|p2a: Ditto|typechange|Fighting\/Dragon|[silent]\n|turn|7\n|\n|t:|1736949090\n|-terastallize|p2a: Ditto|Ghost\n|move|p1b: Koraidon|Collision Course|p2b: Koraidon\n|-damage|p2b: Koraidon|0 fnt\n|faint|p2b: Koraidon\n|move|p2a: Ditto|Collision Course|p1b: Koraidon\n|-damage|p1b: Koraidon|40\/100\n|\n|-weather|SunnyDay|[upkeep]\n|upkeep\n|\n|t:|1736949096\n|switch|p2b: Flutter Mane|Flutter Mane, L50|36\/100\n|-activate|p2b: Flutter Mane|ability: Protosynthesis\n|-start|p2b: Flutter Mane|protosynthesisspe\n|turn|8\n|\n|t:|1736949112\n|move|p2a: Ditto|Protect|p2a: Ditto\n|-singleturn|p2a: Ditto|Protect\n|move|p1b: Koraidon|Flame Charge|p2b: Flutter Mane\n|-damage|p2b: Flutter Mane|0 fnt\n|-boost|p1b: Koraidon|spe|1\n|faint|p2b: Flutter Mane\n|-end|p2b: Flutter Mane|Protosynthesis|[silent]\n|\n|-weather|none\n|upkeep\n|turn|9\n|\n|t:|1736949123\n|move|p1b: Koraidon|Flare Blitz|p2a: Ditto\n|-crit|p2a: Ditto\n|-damage|p2a: Ditto|0 fnt\n|faint|p2a: Ditto\n|-damage|p1b: Koraidon|24\/100|[from] Recoil\n|\n|win|Gyaradostyranitar\n|raw|Gyaradostyranitar's rating: 1546 &rarr; <strong>1568<\/strong><br \/>(+22 for winning)\n|raw|Onemagician4496's rating: 1588 &rarr; <strong>1566<\/strong><br \/>(-22 for losing)\n|c|\u2606Gyaradostyranitar|gg wp\n|l|\u2606Onemagician4496\n|player|p2|\n","uploadtime":1736949377,"views":10,"formatid":"gen9vgc2025regg","rating":1566,"private":0,"password":null}