{"id":"gen9vgc2025regg-2281396612","format":"[Gen 9] VGC 2025 Reg G","players":["Bicycle Bandy","b1gbabiejesus"],"log":"|j|\u2606Bicycle Bandy\n|j|\u2606b1gbabiejesus\n|t:|1736921383\n|gametype|doubles\n|player|p1|Bicycle Bandy|cyclistf|1575\n|player|p2|b1gbabiejesus|266|1585\n|teamsize|p1|6\n|teamsize|p2|6\n|gen|9\n|tier|[Gen 9] VGC 2025 Reg G\n|rated|\n|rule|Species Clause: Limit one of each Pok\u00e9mon\n|rule|Item Clause: Limit 1 of each item\n|clearpoke\n|poke|p1|Weezing-Galar, L50, M|\n|poke|p1|Calyrex-Shadow, L50|\n|poke|p1|Urshifu-*, L50, M|\n|poke|p1|Clodsire, L50, M|\n|poke|p1|Indeedee-F, L50, F|\n|poke|p1|Iron Valiant, L50|\n|poke|p2|Terapagos, L50, M|\n|poke|p2|Incineroar, L50, F|\n|poke|p2|Rillaboom, L50, F|\n|poke|p2|Ogerpon-Hearthflame, L50, F|\n|poke|p2|Flutter Mane, L50|\n|poke|p2|Urshifu-*, L50, M|\n|teampreview|4\n|inactive|Battle timer is ON: inactive players will automatically lose when time's up. (requested by b1gbabiejesus)\n|inactive|Bicycle Bandy has 60 seconds left.\n|\n|t:|1736921419\n|start\n|switch|p1a: Indeedee|Indeedee-F, L50, F, shiny|100\/100\n|switch|p1b: Iron Valiant|Iron Valiant, L50, shiny|100\/100\n|switch|p2a: Terapagos|Terapagos, L50, M|100\/100\n|switch|p2b: Incineroar|Incineroar, L50, F, shiny|100\/100\n|-activate|p2a: Terapagos|ability: Tera Shift\n|detailschange|p2a: Terapagos|Terapagos-Terastal, L50, M\n|-heal|p2a: Terapagos|100\/100|[silent]\n|-fieldstart|move: Psychic Terrain|[from] ability: Psychic Surge|[of] p1a: Indeedee\n|-enditem|p1a: Indeedee|Psychic Seed\n|-boost|p1a: Indeedee|spd|1|[from] item: Psychic Seed\n|-ability|p2b: Incineroar|Intimidate|boost\n|-unboost|p1a: Indeedee|atk|1\n|-unboost|p1b: Iron Valiant|atk|1\n|-enditem|p1b: Iron Valiant|Booster Energy\n|-activate|p1b: Iron Valiant|ability: Quark Drive|[fromitem]\n|-start|p1b: Iron Valiant|quarkdrivespe\n|turn|1\n|\n|t:|1736921438\n|switch|p1a: Weezing|Weezing-Galar, L50, M, shiny|100\/100\n|-ability|p1a: Weezing|Neutralizing Gas\n|move|p1b: Iron Valiant|Close Combat|p2a: Terapagos\n|-supereffective|p2a: Terapagos\n|-damage|p2a: Terapagos|40\/100\n|-unboost|p1b: Iron Valiant|def|1\n|-unboost|p1b: Iron Valiant|spd|1\n|move|p2a: Terapagos|Tera Starstorm|p1b: Iron Valiant\n|-damage|p1b: Iron Valiant|0 fnt\n|faint|p1b: Iron Valiant\n|-end|p1b: Iron Valiant|Quark Drive|[silent]\n|move|p2b: Incineroar|Knock Off|p1a: Weezing\n|-resisted|p1a: Weezing\n|-damage|p1a: Weezing|82\/100\n|-enditem|p1a: Weezing|Choice Scarf|[from] move: Knock Off|[of] p2b: Incineroar\n|\n|-heal|p2a: Terapagos|47\/100|[from] item: Leftovers\n|upkeep\n|j| TwoCocoapuffs\n|inactive|Bicycle Bandy has 30 seconds left.\n|\n|t:|1736921466\n|switch|p1b: Calyrex|Calyrex-Shadow, L50|100\/100\n|-ability|p1b: Calyrex|As One\n|-ability|p1b: Calyrex|Unnerve\n|turn|2\n|\n|t:|1736921483\n|-terastallize|p1b: Calyrex|Ghost\n|move|p2a: Terapagos|Protect|p2a: Terapagos\n|-singleturn|p2a: Terapagos|Protect\n|move|p1b: Calyrex|Expanding Force|p2a: Terapagos|[spread] \n|-activate|p2a: Terapagos|move: Protect\n|-immune|p2b: Incineroar\n|move|p1a: Weezing|Sludge Bomb|p2b: Incineroar\n|-damage|p2b: Incineroar|70\/100\n|move|p2b: Incineroar|Parting Shot|p1b: Calyrex\n|-unboost|p1b: Calyrex|atk|1\n|-unboost|p1b: Calyrex|spa|1\n|\n|t:|1736921494\n|switch|p2b: Flutter Mane|Flutter Mane, L50|100\/100|[from] Parting Shot\n|\n|-heal|p2a: Terapagos|53\/100|[from] item: Leftovers\n|upkeep\n|turn|3\n|\n|t:|1736921509\n|-terastallize|p2a: Terapagos|Stellar\n|detailschange|p2a: Terapagos|Terapagos-Stellar, L50, M, tera:Stellar\n|-heal|p2a: Terapagos|65\/100|[silent]\n|move|p1b: Calyrex|Expanding Force|p2b: Flutter Mane|[spread] p2a,p2b\n|-damage|p2a: Terapagos|23\/100\n|-damage|p2b: Flutter Mane|42\/100\n|move|p2b: Flutter Mane|Thunder Wave|p1b: Calyrex\n|-status|p1b: Calyrex|par\n|move|p1a: Weezing|Sludge Bomb|p2a: Terapagos\n|-damage|p2a: Terapagos|0 fnt\n|faint|p2a: Terapagos\n|\n|upkeep\n|\n|t:|1736921521\n|switch|p2a: Rillaboom|Rillaboom, L50, F|100\/100\n|turn|4\n|\n|t:|1736921543\n|move|p2b: Flutter Mane|Moonblast|p1b: Calyrex\n|-damage|p1b: Calyrex|60\/100 par\n|move|p1a: Weezing|Sludge Bomb|p2b: Flutter Mane\n|-damage|p2b: Flutter Mane|10\/100\n|move|p2a: Rillaboom|Wood Hammer|p1b: Calyrex\n|-damage|p1b: Calyrex|0 fnt\n|faint|p1b: Calyrex\n|-damage|p2a: Rillaboom|84\/100|[from] Recoil\n|\n|upkeep\n|\n|t:|1736921554\n|switch|p1b: Indeedee|Indeedee-F, L50, F, shiny|100\/100\n|turn|5\n|\n|t:|1736921567\n|move|p1b: Indeedee|Follow Me|p1b: Indeedee\n|-singleturn|p1b: Indeedee|move: Follow Me\n|move|p2b: Flutter Mane|Thunder Wave|p1b: Indeedee\n|-status|p1b: Indeedee|par\n|move|p1a: Weezing|Dazzling Gleam|p2a: Rillaboom|[spread] p2a,p2b\n|-damage|p2a: Rillaboom|69\/100\n|-damage|p2b: Flutter Mane|0 fnt\n|faint|p2b: Flutter Mane\n|-end|p2b: Flutter Mane|Protosynthesis|[silent]\n|move|p2a: Rillaboom|U-turn|p1b: Indeedee\n|-supereffective|p1b: Indeedee\n|-damage|p1b: Indeedee|61\/100 par\n|\n|t:|1736921573\n|switch|p2a: Incineroar|Incineroar, L50, F, shiny|70\/100|[from] U-turn\n|\n|-fieldend|move: Psychic Terrain\n|upkeep\n|\n|t:|1736921575\n|switch|p2b: Rillaboom|Rillaboom, L50, F|69\/100\n|turn|6\n|inactive|Bicycle Bandy has 30 seconds left.\n|\n|t:|1736921610\n|move|p1b: Indeedee|Helping Hand|p1a: Weezing\n|-singleturn|p1a: Weezing|Helping Hand|[of] p1b: Indeedee\n|move|p2b: Rillaboom|Fake Out|p1a: Weezing\n|-damage|p1a: Weezing|68\/100\n|cant|p1a: Weezing|flinch\n|move|p2a: Incineroar|Knock Off|p1b: Indeedee\n|-supereffective|p1b: Indeedee\n|-damage|p1b: Indeedee|16\/100 par\n|\n|upkeep\n|turn|7\n|inactive|b1gbabiejesus has 30 seconds left.\n|\n|t:|1736921637\n|move|p1b: Indeedee|Helping Hand|p1a: Weezing\n|-singleturn|p1a: Weezing|Helping Hand|[of] p1b: Indeedee\n|move|p1a: Weezing|Sludge Bomb|p2b: Rillaboom\n|-supereffective|p2b: Rillaboom\n|-damage|p2b: Rillaboom|1\/100\n|-status|p2b: Rillaboom|psn\n|move|p2b: Rillaboom|Wood Hammer|p1a: Weezing\n|-resisted|p1a: Weezing\n|-damage|p1a: Weezing|38\/100\n|-damage|p2b: Rillaboom|0 fnt|[from] Recoil\n|faint|p2b: Rillaboom\n|move|p2a: Incineroar|Knock Off|p1b: Indeedee\n|-supereffective|p1b: Indeedee\n|-damage|p1b: Indeedee|0 fnt\n|faint|p1b: Indeedee\n|\n|upkeep\n|turn|8\n|inactive|b1gbabiejesus has 30 seconds left.\n|\n|t:|1736921664\n|move|p1a: Weezing|Sludge Bomb|p2a: Incineroar\n|-crit|p2a: Incineroar\n|-damage|p2a: Incineroar|24\/100\n|move|p2a: Incineroar|Will-O-Wisp|p1a: Weezing\n|-status|p1a: Weezing|brn\n|\n|-damage|p1a: Weezing|32\/100 brn|[from] brn\n|upkeep\n|turn|9\n|\n|t:|1736921674\n|move|p1a: Weezing|Sludge Bomb|p2a: Incineroar\n|-damage|p2a: Incineroar|0 fnt\n|faint|p2a: Incineroar\n|\n|win|Bicycle Bandy\n|raw|Bicycle Bandy's rating: 1575 &rarr; <strong>1596<\/strong><br \/>(+21 for winning)\n|raw|b1gbabiejesus's rating: 1585 &rarr; <strong>1564<\/strong><br \/>(-21 for losing)\n|l|\u2606b1gbabiejesus\n|player|p2|\n|l| TwoCocoapuffs\n","uploadtime":1736921681,"views":32,"formatid":"gen9vgc2025regg","rating":1564,"private":0,"password":null}