{"id":"gen9vgc2025regg-2281761464","format":"[Gen 9] VGC 2025 Reg G","players":["sailyors","tommy2436"],"log":"|j|\u2606sailyors\n|j|\u2606tommy2436\n|t:|1736970504\n|gametype|doubles\n|player|p1|sailyors|iris-gen5bw2|1522\n|player|p2|tommy2436|265|1619\n|teamsize|p1|6\n|teamsize|p2|6\n|gen|9\n|tier|[Gen 9] VGC 2025 Reg G\n|rated|\n|rule|Species Clause: Limit one of each Pok\u00e9mon\n|rule|Item Clause: Limit 1 of each item\n|clearpoke\n|poke|p1|Calyrex-Ice, L50|\n|poke|p1|Amoonguss, L50, M|\n|poke|p1|Cyclizar, L50, F|\n|poke|p1|Urshifu-*, L50, F|\n|poke|p1|Farigiraf, L50, M|\n|poke|p1|Incineroar, L50, F|\n|poke|p2|Calyrex-Ice, L50|\n|poke|p2|Urshifu-*, L50, F|\n|poke|p2|Raging Bolt, L50|\n|poke|p2|Pelipper, L50, F|\n|poke|p2|Iron Valiant, L50|\n|poke|p2|Chandelure, L50, F|\n|teampreview|4\n|inactive|Battle timer is ON: inactive players will automatically lose when time's up. (requested by sailyors)\n|inactive|sailyors has 60 seconds left.\n|inactive|tommy2436 has 60 seconds left.\n|\n|t:|1736970559\n|start\n|switch|p1a: Amoonguss|Amoonguss, L50, M|100\/100\n|switch|p1b: Cyclizar|Cyclizar, L50, F|100\/100\n|switch|p2a: Calyrex|Calyrex-Ice, L50|100\/100\n|switch|p2b: Raging Bolt|Raging Bolt, L50|100\/100\n|-ability|p2a: Calyrex|As One\n|-ability|p2a: Calyrex|Unnerve\n|turn|1\n|\n|t:|1736970579\n|-terastallize|p1a: Amoonguss|Water\n|move|p1b: Cyclizar|Shed Tail|p1b: Cyclizar\n|-start|p1b: Cyclizar|Substitute|[from] move: Shed Tail\n|-damage|p1b: Cyclizar|50\/100\n|\n|t:|1736970586\n|switch|p1b: Calyrex|Calyrex-Ice, L50|100\/100|[from] Shed Tail\n|-ability|p1b: Calyrex|As One\n|-ability|p1b: Calyrex|Unnerve\n|move|p2b: Raging Bolt|Thunderbolt|p1a: Amoonguss\n|-supereffective|p1a: Amoonguss\n|-crit|p1a: Amoonguss\n|-damage|p1a: Amoonguss|0 fnt\n|faint|p1a: Amoonguss\n|-damage|p2b: Raging Bolt|91\/100|[from] item: Life Orb\n|move|p2a: Calyrex|Glacial Lance|p1b: Calyrex\n|-resisted|p1b: Calyrex\n|-end|p1b: Calyrex|Substitute\n|\n|upkeep\n|\n|t:|1736970599\n|switch|p1a: Cyclizar|Cyclizar, L50, F|83\/100\n|turn|2\n|\n|t:|1736970616\n|-terastallize|p2b: Raging Bolt|Electric\n|move|p1a: Cyclizar|Shed Tail|p1a: Cyclizar\n|-start|p1a: Cyclizar|Substitute|[from] move: Shed Tail\n|-damage|p1a: Cyclizar|33\/100\n|\n|t:|1736970619\n|switch|p1a: Urshifu|Urshifu-Rapid-Strike, L50, F|100\/100|[from] Shed Tail\n|move|p2b: Raging Bolt|Thunderbolt|p1b: Calyrex\n|-damage|p1b: Calyrex|39\/100\n|-damage|p2b: Raging Bolt|81\/100|[from] item: Life Orb\n|move|p2a: Calyrex|Glacial Lance|p1b: Calyrex|[spread] p1a,p1b\n|-resisted|p1a: Urshifu\n|-end|p1a: Urshifu|Substitute\n|-resisted|p1b: Calyrex\n|-damage|p1b: Calyrex|23\/100\n|move|p1b: Calyrex|Trick Room|p1b: Calyrex\n|-fieldstart|move: Trick Room|[of] p1b: Calyrex\n|\n|upkeep\n|turn|3\n|inactive|tommy2436 has 30 seconds left.\n|\n|t:|1736970649\n|move|p2b: Raging Bolt|Thunderclap||[still]\n|-fail|p2b: Raging Bolt\n|move|p1a: Urshifu|Coaching|p1b: Calyrex\n|-boost|p1b: Calyrex|atk|1\n|-boost|p1b: Calyrex|def|1\n|move|p1b: Calyrex|High Horsepower|p2b: Raging Bolt\n|-supereffective|p2b: Raging Bolt\n|-damage|p2b: Raging Bolt|0 fnt\n|faint|p2b: Raging Bolt\n|-end|p2b: Raging Bolt|Protosynthesis|[silent]\n|-ability|p1b: Calyrex|Chilling Neigh|boost\n|-boost|p1b: Calyrex|atk|1\n|move|p2a: Calyrex|Glacial Lance|p1a: Urshifu|[spread] p1a,p1b\n|-resisted|p1a: Urshifu\n|-resisted|p1b: Calyrex\n|-damage|p1a: Urshifu|75\/100\n|-damage|p1b: Calyrex|11\/100\n|\n|upkeep\n|\n|t:|1736970666\n|switch|p2b: Urshifu|Urshifu-Rapid-Strike, L50, F|100\/100\n|turn|4\n|\n|t:|1736970688\n|move|p1a: Urshifu|Close Combat|p2b: Urshifu\n|-damage|p2b: Urshifu|33\/100\n|-unboost|p1a: Urshifu|def|1\n|-unboost|p1a: Urshifu|spd|1\n|move|p1b: Calyrex|Glacial Lance|p2a: Calyrex|[spread] p2a,p2b\n|-resisted|p2a: Calyrex\n|-resisted|p2b: Urshifu\n|-damage|p2a: Calyrex|62\/100\n|-damage|p2b: Urshifu|0 fnt\n|faint|p2b: Urshifu\n|-ability|p1b: Calyrex|Chilling Neigh|boost\n|-boost|p1b: Calyrex|atk|1\n|move|p2a: Calyrex|Seed Bomb|p1a: Urshifu\n|-supereffective|p1a: Urshifu\n|-damage|p1a: Urshifu|0 fnt\n|faint|p1a: Urshifu\n|-ability|p2a: Calyrex|Chilling Neigh|boost\n|-boost|p2a: Calyrex|atk|1\n|\n|upkeep\n|\n|t:|1736970703\n|switch|p1a: Cyclizar|Cyclizar, L50, F|66\/100\n|switch|p2b: Pelipper|Pelipper, L50, F|100\/100\n|-weather|RainDance|[from] ability: Drizzle|[of] p2b: Pelipper\n|turn|5\n|inactive|sailyors has 30 seconds left.\n|inactive|tommy2436 has 30 seconds left.\n|\n|t:|1736970739\n|move|p1b: Calyrex|High Horsepower|p2a: Calyrex\n|-damage|p2a: Calyrex|0 fnt\n|faint|p2a: Calyrex\n|-ability|p1b: Calyrex|Chilling Neigh|boost\n|-boost|p1b: Calyrex|atk|1\n|move|p2b: Pelipper|Weather Ball|p1b: Calyrex\n|-damage|p1b: Calyrex|0 fnt\n|faint|p1b: Calyrex\n|move|p1a: Cyclizar|Dragon Claw|p2b: Pelipper\n|-damage|p2b: Pelipper|61\/100\n|\n|-weather|RainDance|[upkeep]\n|upkeep\n|turn|6\n|\n|t:|1736970758\n|move|p2b: Pelipper|Weather Ball|p1a: Cyclizar\n|-resisted|p1a: Cyclizar\n|-damage|p1a: Cyclizar|20\/100\n|move|p1a: Cyclizar|Dragon Claw|p2b: Pelipper\n|-damage|p2b: Pelipper|23\/100\n|\n|-weather|RainDance|[upkeep]\n|-fieldend|move: Trick Room\n|upkeep\n|turn|7\n|\n|t:|1736970769\n|move|p1a: Cyclizar|Dragon Claw|p2b: Pelipper\n|-damage|p2b: Pelipper|0 fnt\n|faint|p2b: Pelipper\n|\n|win|sailyors\n|raw|sailyors's rating: 1522 &rarr; <strong>1547<\/strong><br \/>(+25 for winning)\n|raw|tommy2436's rating: 1619 &rarr; <strong>1594<\/strong><br \/>(-25 for losing)\n|l|\u2606sailyors\n|player|p1|\n","uploadtime":1736970968,"views":19,"formatid":"gen9vgc2025regg","rating":1547,"private":0,"password":null}