{"id":"gen9vgc2025regg-2281922853","format":"[Gen 9] VGC 2025 Reg G","players":["Xatseye","Chatanyan"],"log":"|j|\u2606Xatseye\n|j|\u2606Chatanyan\n|t:|1736989895\n|gametype|doubles\n|player|p1|Xatseye|biker|1561\n|player|p2|Chatanyan|266|1583\n|teamsize|p1|6\n|teamsize|p2|6\n|gen|9\n|tier|[Gen 9] VGC 2025 Reg G\n|rated|\n|rule|Species Clause: Limit one of each Pok\u00e9mon\n|rule|Item Clause: Limit 1 of each item\n|clearpoke\n|poke|p1|Cresselia, L50, F|\n|poke|p1|Flutter Mane, L50|\n|poke|p1|Maushold-Four, L50|\n|poke|p1|Incineroar, L50, M|\n|poke|p1|Calyrex-Ice, L50|\n|poke|p1|Raging Bolt, L50|\n|poke|p2|Tornadus, L50, M|\n|poke|p2|Ninetales-Alola, L50, M|\n|poke|p2|Dragonite, L50, F|\n|poke|p2|Incineroar, L50, F|\n|poke|p2|Calyrex-Ice, L50|\n|poke|p2|Amoonguss, L50, M|\n|teampreview|4\n|inactive|Battle timer is ON: inactive players will automatically lose when time's up. (requested by Xatseye)\n|\n|t:|1736989922\n|start\n|switch|p1a: Flutter Mane|Flutter Mane, L50|100\/100\n|switch|p1b: Maushold|Maushold-Four, L50, shiny|100\/100\n|switch|p2a: Dragonite|Dragonite, L50, F|100\/100\n|switch|p2b: Tornadus|Tornadus, L50, M|100\/100\n|-enditem|p1a: Flutter Mane|Booster Energy\n|-activate|p1a: Flutter Mane|ability: Protosynthesis|[fromitem]\n|-start|p1a: Flutter Mane|protosynthesisspa\n|turn|1\n|\n|t:|1736989941\n|-terastallize|p2a: Dragonite|Ground\n|move|p2b: Tornadus|Tailwind|p2b: Tornadus\n|-sidestart|p2: Chatanyan|move: Tailwind\n|move|p2a: Dragonite|Earthquake|p1a: Flutter Mane|[spread] p1a,p1b\n|-immune|p2b: Tornadus\n|-damage|p1a: Flutter Mane|8\/100\n|-damage|p1b: Maushold|18\/100\n|move|p1b: Maushold|Super Fang|p2a: Dragonite\n|-damage|p2a: Dragonite|51\/100\n|move|p1a: Flutter Mane|Dazzling Gleam|p2a: Dragonite|[spread] p2a,p2b\n|-damage|p2a: Dragonite|6\/100\n|-damage|p2b: Tornadus|47\/100\n|\n|upkeep\n|turn|2\n|\n|t:|1736989965\n|switch|p2b: Calyrex|Calyrex-Ice, L50|100\/100\n|-ability|p2b: Calyrex|As One\n|-ability|p2b: Calyrex|Unnerve\n|-item|p2b: Calyrex|Air Balloon\n|move|p1b: Maushold|Protect|p1b: Maushold\n|-singleturn|p1b: Maushold|Protect\n|move|p2a: Dragonite|Earthquake|p1b: Maushold|[spread] p1a\n|-activate|p1b: Maushold|move: Protect\n|-immune|p2b: Calyrex\n|-damage|p1a: Flutter Mane|0 fnt\n|faint|p1a: Flutter Mane\n|-end|p1a: Flutter Mane|Protosynthesis|[silent]\n|\n|upkeep\n|\n|t:|1736989980\n|switch|p1a: Incineroar|Incineroar, L50, M|100\/100\n|-ability|p1a: Incineroar|Intimidate|boost\n|-fail|p2a: Dragonite|unboost|Attack|[from] ability: Inner Focus|[of] p2a: Dragonite\n|-unboost|p2b: Calyrex|atk|1\n|turn|3\n|\n|t:|1736990001\n|switch|p2b: Ninetales|Ninetales-Alola, L50, M|100\/100\n|-weather|Snow|[from] ability: Snow Warning|[of] p2b: Ninetales\n|-terastallize|p1a: Incineroar|Water\n|move|p1a: Incineroar|Fake Out|p2b: Ninetales\n|-damage|p2b: Ninetales|91\/100\n|move|p2a: Dragonite|Earthquake|p1b: Maushold|[spread] p2b,p1a,p1b\n|-damage|p2b: Ninetales|39\/100\n|-damage|p1a: Incineroar|62\/100\n|-damage|p1b: Maushold|0 fnt\n|faint|p1b: Maushold\n|\n|-weather|Snow|[upkeep]\n|upkeep\n|\n|t:|1736990016\n|switch|p1b: Calyrex|Calyrex-Ice, L50|100\/100\n|-ability|p1b: Calyrex|As One\n|-ability|p1b: Calyrex|Unnerve\n|turn|4\n|\n|t:|1736990030\n|move|p2b: Ninetales|Aurora Veil|p2b: Ninetales\n|-sidestart|p2: Chatanyan|move: Aurora Veil\n|move|p2a: Dragonite|Earthquake|p1a: Incineroar|[spread] p2b,p1a,p1b\n|-damage|p2b: Ninetales|3\/100\n|-damage|p1a: Incineroar|3\/100\n|-damage|p1b: Calyrex|73\/100\n|move|p1a: Incineroar|Knock Off|p2b: Ninetales\n|-resisted|p2b: Ninetales\n|-damage|p2b: Ninetales|0 fnt\n|-enditem|p2b: Ninetales|Light Clay|[from] move: Knock Off|[of] p1a: Incineroar\n|faint|p2b: Ninetales\n|move|p1b: Calyrex|Glacial Lance|p2a: Dragonite\n|-supereffective|p2a: Dragonite\n|-damage|p2a: Dragonite|0 fnt\n|faint|p2a: Dragonite\n|-ability|p1b: Calyrex|Chilling Neigh|boost\n|-boost|p1b: Calyrex|atk|1\n|\n|-weather|Snow|[upkeep]\n|-sideend|p2: Chatanyan|move: Tailwind\n|upkeep\n|\n|t:|1736990042\n|switch|p2b: Calyrex|Calyrex-Ice, L50|100\/100\n|switch|p2a: Tornadus|Tornadus, L50, M|47\/100\n|-ability|p2b: Calyrex|As One\n|-ability|p2b: Calyrex|Unnerve\n|-item|p2b: Calyrex|Air Balloon\n|turn|5\n|\n|t:|1736990058\n|move|p2a: Tornadus|Tailwind|p2a: Tornadus\n|-sidestart|p2: Chatanyan|move: Tailwind\n|move|p2b: Calyrex|Glacial Lance|p1a: Incineroar|[spread] p1a,p1b\n|-resisted|p1a: Incineroar\n|-resisted|p1b: Calyrex\n|-damage|p1a: Incineroar|0 fnt\n|-damage|p1b: Calyrex|61\/100\n|faint|p1a: Incineroar\n|-ability|p2b: Calyrex|Chilling Neigh|boost\n|-boost|p2b: Calyrex|atk|1\n|move|p1b: Calyrex|Glacial Lance|p2a: Tornadus|[spread] p2a,p2b\n|-supereffective|p2a: Tornadus\n|-resisted|p2b: Calyrex\n|-damage|p2a: Tornadus|0 fnt\n|-damage|p2b: Calyrex|89\/100\n|-enditem|p2b: Calyrex|Air Balloon\n|faint|p2a: Tornadus\n|-ability|p1b: Calyrex|Chilling Neigh|boost\n|-boost|p1b: Calyrex|atk|1\n|\n|-weather|Snow|[upkeep]\n|upkeep\n|turn|6\n|-message|Xatseye forfeited.\n|\n|win|Chatanyan\n|raw|Xatseye's rating: 1561 &rarr; <strong>1542<\/strong><br \/>(-19 for losing)\n|raw|Chatanyan's rating: 1583 &rarr; <strong>1602<\/strong><br \/>(+19 for winning)\n|l|\u2606Xatseye\n|player|p1|\n|l|\u2606Chatanyan\n|player|p2|\n","uploadtime":1736990322,"views":15,"formatid":"gen9vgc2025regg","rating":1542,"private":0,"password":null}