{"id":"gen9vgc2025regg-2281575889","format":"[Gen 9] VGC 2025 Reg G","players":["bchVGC","Bef6"],"log":"|j|\u2606bchVGC\n|j|\u2606Bef6\n|t:|1736951709\n|gametype|doubles\n|player|p1|bchVGC|1|1547\n|player|p2|Bef6|lucas|1626\n|teamsize|p1|6\n|teamsize|p2|6\n|gen|9\n|tier|[Gen 9] VGC 2025 Reg G\n|rated|\n|rule|Species Clause: Limit one of each Pok\u00e9mon\n|rule|Item Clause: Limit 1 of each item\n|clearpoke\n|poke|p1|Zamazenta-*, L50|\n|poke|p1|Rillaboom, L50, F|\n|poke|p1|Incineroar, L50, F|\n|poke|p1|Pelipper, L50, M|\n|poke|p1|Raging Bolt, L50|\n|poke|p1|Chien-Pao, L50|\n|poke|p2|Lunala, L50|\n|poke|p2|Indeedee-F, L50, F|\n|poke|p2|Urshifu-*, L50, F|\n|poke|p2|Tornadus, L50, M|\n|poke|p2|Ursaluna, L50, M|\n|poke|p2|Chi-Yu, L50|\n|teampreview|4\nbchVGC has agreed to open team sheets.\n|\n|t:|1736951777\n|start\n|switch|p1a: Chien-Pao|Chien-Pao, L50|100\/100\n|switch|p1b: Zamazenta|Zamazenta-Crowned, L50|100\/100\n|switch|p2a: Lunala|Lunala, L50|100\/100\n|switch|p2b: Urshifu|Urshifu-Rapid-Strike, L50, F|100\/100\n|-ability|p1a: Chien-Pao|Sword of Ruin\n|-ability|p1b: Zamazenta|Dauntless Shield|boost\n|-boost|p1b: Zamazenta|def|1\n|turn|1\n|j| Therazer456\n|\n|t:|1736951796\n|switch|p2a: Chi-Yu|Chi-Yu, L50|100\/100\n|-ability|p2a: Chi-Yu|Beads of Ruin\n|-terastallize|p1b: Zamazenta|Grass\n|move|p2b: Urshifu|U-turn|p1a: Chien-Pao\n|-supereffective|p1a: Chien-Pao\n|-damage|p1a: Chien-Pao|30\/100\n|\n|t:|1736951806\n|switch|p2b: Lunala|Lunala, L50|100\/100|[from] U-turn\n|move|p1a: Chien-Pao|Throat Chop|p2a: Chi-Yu\n|-resisted|p2a: Chi-Yu\n|-damage|p2a: Chi-Yu|65\/100\n|move|p1b: Zamazenta|Behemoth Bash|p2a: Chi-Yu\n|-resisted|p2a: Chi-Yu\n|-damage|p2a: Chi-Yu|31\/100\n|\n|upkeep\n|turn|2\n|\n|t:|1736951837\n|move|p1b: Zamazenta|Wide Guard|p1b: Zamazenta\n|-singleturn|p1b: Zamazenta|Wide Guard\n|move|p1a: Chien-Pao|Throat Chop|p2a: Chi-Yu\n|-resisted|p2a: Chi-Yu\n|-damage|p2a: Chi-Yu|0 fnt\n|faint|p2a: Chi-Yu\n|move|p2b: Lunala|Meteor Beam||[still]\n|-prepare|p2b: Lunala|Meteor Beam\n|-boost|p2b: Lunala|spa|1\n|-enditem|p2b: Lunala|Power Herb\n|-anim|p2b: Lunala|Meteor Beam|p1b: Zamazenta\n|-damage|p1b: Zamazenta|43\/100\n|\n|upkeep\n|\n|t:|1736951849\n|switch|p2a: Urshifu|Urshifu-Rapid-Strike, L50, F|100\/100\n|turn|3\n|\n|t:|1736951873\n|move|p1a: Chien-Pao|Sucker Punch|p2b: Lunala\n|-supereffective|p2b: Lunala\n|-damage|p2b: Lunala|19\/100\n|move|p2a: Urshifu|Surging Strikes|p1a: Chien-Pao\n|-crit|p1a: Chien-Pao\n|-damage|p1a: Chien-Pao|0 fnt\n|faint|p1a: Chien-Pao\n|-hitcount|p1: Chien-Pao|1\n|move|p1b: Zamazenta|Behemoth Bash|p2b: Lunala\n|-damage|p2b: Lunala|0 fnt\n|faint|p2b: Lunala\n|\n|upkeep\n|\n|t:|1736951887\n|switch|p1a: Rillaboom|Rillaboom, L50, F|100\/100\n|switch|p2b: Indeedee|Indeedee-F, L50, F|100\/100\n|-fieldstart|move: Grassy Terrain|[from] ability: Grassy Surge|[of] p1a: Rillaboom\n|-fieldstart|move: Psychic Terrain|[from] ability: Psychic Surge|[of] p2b: Indeedee\n|turn|4\n|\n|t:|1736951902\n|move|p2b: Indeedee|Follow Me|p2b: Indeedee\n|-singleturn|p2b: Indeedee|move: Follow Me\n|move|p2a: Urshifu|Surging Strikes|p1b: Zamazenta\n|-resisted|p1b: Zamazenta\n|-crit|p1b: Zamazenta\n|-damage|p1b: Zamazenta|37\/100\n|-resisted|p1b: Zamazenta\n|-crit|p1b: Zamazenta\n|-damage|p1b: Zamazenta|30\/100\n|-resisted|p1b: Zamazenta\n|-crit|p1b: Zamazenta\n|-damage|p1b: Zamazenta|23\/100\n|-hitcount|p1b: Zamazenta|3\n|move|p1b: Zamazenta|Body Press|p2b: Indeedee\n|-damage|p2b: Indeedee|39\/100\n|-damage|p1b: Zamazenta|7\/100|[from] item: Rocky Helmet|[of] p2b: Indeedee\n|move|p1a: Rillaboom|U-turn|p2b: Indeedee\n|-supereffective|p2b: Indeedee\n|-damage|p2b: Indeedee|0 fnt\n|-damage|p1a: Rillaboom|84\/100|[from] item: Rocky Helmet|[of] p2b: Indeedee\n|faint|p2b: Indeedee\n|\n|t:|1736951915\n|switch|p1a: Incineroar|Incineroar, L50, F|100\/100|[from] U-turn\n|-ability|p1a: Incineroar|Intimidate|boost\n|-unboost|p2a: Urshifu|atk|1\n|\n|upkeep\n|turn|5\n|\n|t:|1736951927\n|move|p2a: Urshifu|Surging Strikes|p1a: Incineroar\n|-supereffective|p1a: Incineroar\n|-crit|p1a: Incineroar\n|-damage|p1a: Incineroar|69\/100\n|-supereffective|p1a: Incineroar\n|-crit|p1a: Incineroar\n|-damage|p1a: Incineroar|33\/100\n|-supereffective|p1a: Incineroar\n|-crit|p1a: Incineroar\n|-damage|p1a: Incineroar|2\/100\n|-hitcount|p1a: Incineroar|3\n|move|p1b: Zamazenta|Body Press|p2a: Urshifu\n|-damage|p2a: Urshifu|27\/100\n|move|p1a: Incineroar|Will-O-Wisp|p2a: Urshifu\n|-status|p2a: Urshifu|brn\n|\n|-damage|p2a: Urshifu|21\/100 brn|[from] brn\n|upkeep\n|turn|6\n|-message|Bef6 forfeited.\n|\n|win|bchVGC\n|raw|bchVGC's rating: 1547 &rarr; <strong>1571<\/strong><br \/>(+24 for winning)\n|raw|Bef6's rating: 1626 &rarr; <strong>1602<\/strong><br \/>(-24 for losing)\n|l|\u2606Bef6\n|player|p2|\n|l|\u2606bchVGC\n|player|p1|\n","uploadtime":1736952202,"views":39,"formatid":"gen9vgc2025regg","rating":1571,"private":0,"password":null}