{"id":"gen9vgc2025regg-2281007519","format":"[Gen 9] VGC 2025 Reg G","players":["Dragoonlong","xatseye"],"log":"|j|\u2606Dragoonlong\n|j|\u2606xatseye\n|t:|1736874006\n|gametype|doubles\n|player|p1|Dragoonlong|cynthia|1593\n|player|p2|xatseye|266|1627\n|teamsize|p1|6\n|teamsize|p2|6\n|gen|9\n|tier|[Gen 9] VGC 2025 Reg G\n|rated|\n|rule|Species Clause: Limit one of each Pok\u00e9mon\n|rule|Item Clause: Limit 1 of each item\n|clearpoke\n|poke|p1|Ogerpon-Wellspring, L50, F|\n|poke|p1|Calyrex-Ice, L50|\n|poke|p1|Annihilape, L50, M|\n|poke|p1|Smeargle, L50, M|\n|poke|p1|Urshifu-*, L50, M|\n|poke|p1|Ursaluna-Bloodmoon, L50, M|\n|poke|p2|Cresselia, L50, F|\n|poke|p2|Flutter Mane, L50|\n|poke|p2|Maushold-Four, L50|\n|poke|p2|Incineroar, L50, M|\n|poke|p2|Calyrex-Ice, L50|\n|poke|p2|Raging Bolt, L50|\n|teampreview|4\n|inactive|Battle timer is ON: inactive players will automatically lose when time's up. (requested by xatseye)\n|inactive|Dragoonlong has 60 seconds left.\n|\n|t:|1736874048\n|start\n|switch|p1a: Calyrex|Calyrex-Ice, L50|100\/100\n|switch|p1b: Annihilape|Annihilape, L50, M|100\/100\n|switch|p2a: Flutter Mane|Flutter Mane, L50|100\/100\n|switch|p2b: Maushold|Maushold-Four, L50, shiny|100\/100\n|-ability|p1a: Calyrex|As One\n|-ability|p1a: Calyrex|Unnerve\n|-enditem|p2a: Flutter Mane|Booster Energy\n|-activate|p2a: Flutter Mane|ability: Protosynthesis|[fromitem]\n|-start|p2a: Flutter Mane|protosynthesisspa\n|turn|1\n|c|\u2606xatseye|glhf\n|inactive|Dragoonlong has 30 seconds left.\n|inactive|Dragoonlong has 20 seconds left.\n|inactive|Dragoonlong has 15 seconds left.\n|inactive|Dragoonlong has 10 seconds left.\n|\n|t:|1736874096\n|-terastallize|p1a: Calyrex|Water\n|move|p2b: Maushold|Super Fang|p1a: Calyrex|[miss]\n|-miss|p2b: Maushold|p1a: Calyrex\n|move|p2a: Flutter Mane|Shadow Ball|p1a: Calyrex\n|-damage|p1a: Calyrex|60\/100\n|move|p1b: Annihilape|Close Combat|p2b: Maushold\n|-supereffective|p2b: Maushold\n|-enditem|p2b: Maushold|Focus Sash\n|-damage|p2b: Maushold|1\/100\n|-unboost|p1b: Annihilape|def|1\n|-unboost|p1b: Annihilape|spd|1\n|move|p1a: Calyrex|Glacial Lance|p2a: Flutter Mane|[spread] p2a,p2b\n|-damage|p2a: Flutter Mane|24\/100\n|-damage|p2b: Maushold|0 fnt\n|faint|p2b: Maushold\n|-ability|p1a: Calyrex|Chilling Neigh|boost\n|-boost|p1a: Calyrex|atk|1\n|\n|upkeep\n|\n|t:|1736874114\n|switch|p2b: Incineroar|Incineroar, L50, M|100\/100\n|-ability|p2b: Incineroar|Intimidate|boost\n|-unboost|p1a: Calyrex|atk|1\n|-unboost|p1b: Annihilape|atk|1\n|-ability|p1b: Annihilape|Defiant|boost\n|-boost|p1b: Annihilape|atk|2\n|turn|2\n|\n|t:|1736874122\n|move|p2a: Flutter Mane|Moonblast|p1b: Annihilape\n|-supereffective|p1b: Annihilape\n|-enditem|p1b: Annihilape|Roseli Berry|[eat]\n|-enditem|p1b: Annihilape|Roseli Berry|[weaken]\n|-damage|p1b: Annihilape|0 fnt\n|faint|p1b: Annihilape\n|move|p2b: Incineroar|Will-O-Wisp|p1a: Calyrex\n|-status|p1a: Calyrex|brn\n|move|p1a: Calyrex|Trick Room|p1a: Calyrex\n|-fieldstart|move: Trick Room|[of] p1a: Calyrex\n|\n|-damage|p1a: Calyrex|54\/100 brn|[from] brn\n|upkeep\n|\n|t:|1736874132\n|switch|p1b: Ursaluna|Ursaluna-Bloodmoon, L50, M|100\/100\n|turn|3\n|\n|t:|1736874146\n|-terastallize|p2b: Incineroar|Water\n|move|p2a: Flutter Mane|Protect|p2a: Flutter Mane\n|-singleturn|p2a: Flutter Mane|Protect\n|move|p1b: Ursaluna|Hyper Voice|p2b: Incineroar|[spread] p2b\n|-activate|p2a: Flutter Mane|move: Protect\n|-damage|p2b: Incineroar|58\/100\n|-damage|p1b: Ursaluna|91\/100|[from] item: Life Orb\n|move|p1a: Calyrex|High Horsepower|p2b: Incineroar\n|-crit|p2b: Incineroar\n|-damage|p2b: Incineroar|31\/100\n|move|p2b: Incineroar|Knock Off|p1b: Ursaluna\n|-damage|p1b: Ursaluna|64\/100\n|-enditem|p1b: Ursaluna|Life Orb|[from] move: Knock Off|[of] p2b: Incineroar\n|\n|-damage|p1a: Calyrex|48\/100 brn|[from] brn\n|upkeep\n|-enditem|p1a: Calyrex|Sitrus Berry|[eat]\n|-heal|p1a: Calyrex|73\/100 brn|[from] item: Sitrus Berry\n|turn|4\n|inactive|Dragoonlong has 30 seconds left.\n|inactive|xatseye has 30 seconds left.\n|inactive|Dragoonlong has 20 seconds left.\n|inactive|xatseye has 20 seconds left.\n|inactive|Dragoonlong has 15 seconds left.\n|inactive|xatseye has 15 seconds left.\n|inactive|xatseye has 10 seconds left.\n|\n|t:|1736874192\n|switch|p1a: Smeargle|Smeargle, L50, M|100\/100\n|-end|p2a: Flutter Mane|Protosynthesis|[silent]\n|switch|p2a: Calyrex|Calyrex-Ice, L50|100\/100\n|-ability|p2a: Calyrex|As One\n|-ability|p2a: Calyrex|Unnerve\n|move|p1b: Ursaluna|Hyper Voice|p2a: Calyrex|[spread] p2a,p2b\n|-damage|p2a: Calyrex|80\/100\n|-damage|p2b: Incineroar|2\/100\n|move|p2b: Incineroar|Flare Blitz|p1b: Ursaluna\n|-damage|p1b: Ursaluna|28\/100\n|-damage|p2b: Incineroar|0 fnt|[from] Recoil\n|faint|p2b: Incineroar\n|\n|upkeep\n|\n|t:|1736874206\n|switch|p2b: Flutter Mane|Flutter Mane, L50|24\/100\n|turn|5\n|\n|t:|1736874213\n|move|p1a: Smeargle|Fake Out|p2a: Calyrex\n|-damage|p2a: Calyrex|75\/100\n|cant|p2a: Calyrex|flinch\n|move|p1b: Ursaluna|Hyper Voice|p2a: Calyrex|[spread] p2a,p2b\n|-damage|p2a: Calyrex|53\/100\n|-damage|p2b: Flutter Mane|0 fnt\n|faint|p2b: Flutter Mane\n|-end|p2b: Flutter Mane|Protosynthesis|[silent]\n|\n|upkeep\n|turn|6\n|\n|t:|1736874227\n|switch|p1b: Calyrex|Calyrex-Ice, L50, tera:Water|73\/100 brn\n|-ability|p1b: Calyrex|As One\n|-ability|p1b: Calyrex|Unnerve\n|move|p2a: Calyrex|Glacial Lance|p1b: Calyrex|[spread] p1a,p1b\n|-resisted|p1b: Calyrex\n|-damage|p1a: Smeargle|35\/100\n|-damage|p1b: Calyrex|57\/100 brn\n|move|p1a: Smeargle|Spore|p2a: Calyrex\n|-status|p2a: Calyrex|slp|[from] move: Spore\n|\n|-damage|p1b: Calyrex|51\/100 brn|[from] brn\n|-fieldend|move: Trick Room\n|upkeep\n|turn|7\n|\n|t:|1736874245\n|switch|p1a: Ursaluna|Ursaluna-Bloodmoon, L50, M|28\/100\n|move|p1b: Calyrex|Glacial Lance|p2a: Calyrex\n|-resisted|p2a: Calyrex\n|-damage|p2a: Calyrex|42\/100 slp\n|cant|p2a: Calyrex|slp\n|\n|-damage|p1b: Calyrex|45\/100 brn|[from] brn\n|upkeep\n|turn|8\n|\n|t:|1736874255\n|move|p1b: Calyrex|High Horsepower|p2a: Calyrex\n|-damage|p2a: Calyrex|29\/100 slp\n|move|p1a: Ursaluna|Blood Moon|p2a: Calyrex\n|-damage|p2a: Calyrex|0 fnt\n|faint|p2a: Calyrex\n|\n|win|Dragoonlong\n|raw|Dragoonlong's rating: 1593 &rarr; <strong>1615<\/strong><br \/>(+22 for winning)\n|raw|xatseye's rating: 1627 &rarr; <strong>1605<\/strong><br \/>(-22 for losing)\n|l|\u2606xatseye\n|player|p2|\n|l|\u2606Dragoonlong\n|player|p1|\n","uploadtime":1736874406,"views":21,"formatid":"gen9vgc2025regg","rating":1605,"private":0,"password":null}