{"id":"gen9vgc2025regg-2281028075","format":"[Gen 9] VGC 2025 Reg G","players":["Luca8","Anna giacristo"],"log":"|j|\u2606Luca8\n|j|\u2606Anna giacristo\n|t:|1736876029\n|gametype|doubles\n|player|p1|Luca8|flint|1586\n|player|p2|Anna giacristo|101|1593\n|teamsize|p1|6\n|teamsize|p2|6\n|gen|9\n|tier|[Gen 9] VGC 2025 Reg G\n|rated|\n|rule|Species Clause: Limit one of each Pok\u00e9mon\n|rule|Item Clause: Limit 1 of each item\n|clearpoke\n|poke|p1|Calyrex-Ice, L50|\n|poke|p1|Tornadus, L50, M|\n|poke|p1|Rillaboom, L50, M|\n|poke|p1|Iron Bundle, L50|\n|poke|p1|Zapdos-Galar, L50|\n|poke|p1|Landorus, L50, M|\n|poke|p2|Calyrex-Shadow, L50|\n|poke|p2|Maushold-Four, L50|\n|poke|p2|Dondozo, L50, M|\n|poke|p2|Tatsugiri-Droopy, L50, F|\n|poke|p2|Weezing-Galar, L50, M|\n|poke|p2|Iron Hands, L50|\n|teampreview|4\n|\n|t:|1736876060\n|start\n|switch|p1a: Calyrex|Calyrex-Ice, L50|100\/100\n|switch|p1b: Zapdos|Zapdos-Galar, L50|100\/100\n|switch|p2a: Calyrex|Calyrex-Shadow, L50|100\/100\n|switch|p2b: Weezing|Weezing-Galar, L50, M|100\/100\n|-ability|p2a: Calyrex|As One\n|-ability|p2a: Calyrex|Unnerve\n|-ability|p2b: Weezing|Neutralizing Gas\n|-ability|p1a: Calyrex|As One\n|-ability|p1a: Calyrex|Unnerve\n|turn|1\n|\n|t:|1736876083\n|-terastallize|p2a: Calyrex|Ghost\n|-terastallize|p1a: Calyrex|Fire\n|move|p2a: Calyrex|Astral Barrage|p1a: Calyrex|[spread] p1a,p1b\n|-damage|p1a: Calyrex|51\/100\n|-enditem|p1b: Zapdos|Focus Sash\n|-damage|p1b: Zapdos|1\/100\n|move|p1b: Zapdos|Knock Off|p2a: Calyrex\n|-supereffective|p2a: Calyrex\n|-damage|p2a: Calyrex|15\/100\n|-enditem|p2a: Calyrex|Choice Specs|[from] move: Knock Off|[of] p1b: Zapdos\n|move|p2b: Weezing|Taunt|p1a: Calyrex\n|-start|p1a: Calyrex|move: Taunt\n|move|p1a: Calyrex|Glacial Lance|p2a: Calyrex|[spread] p2a,p2b\n|-damage|p2a: Calyrex|0 fnt\n|-damage|p2b: Weezing|53\/100\n|faint|p2a: Calyrex\n|-ability|p1a: Calyrex|Chilling Neigh|boost\n|-boost|p1a: Calyrex|atk|1\n|\n|upkeep\n|\n|t:|1736876104\n|switch|p2a: Dondozo|Dondozo, L50, M, shiny|100\/100\n|turn|2\n|\n|t:|1736876126\n|move|p2a: Dondozo|Protect|p2a: Dondozo\n|-singleturn|p2a: Dondozo|Protect\n|move|p1b: Zapdos|Knock Off|p2a: Dondozo\n|-activate|p2a: Dondozo|move: Protect\n|move|p2b: Weezing|Poison Gas|p1b: Zapdos|[spread] p1a,p1b\n|-status|p1a: Calyrex|psn\n|-status|p1b: Zapdos|psn\n|move|p1a: Calyrex|Glacial Lance|p2b: Weezing|[spread] p2b\n|-activate|p2a: Dondozo|move: Protect\n|-damage|p2b: Weezing|0 fnt\n|faint|p2b: Weezing\n|-end|p2b: Weezing|ability: Neutralizing Gas\n|-ability|p1a: Calyrex|Chilling Neigh|boost\n|-boost|p1a: Calyrex|atk|1\n|\n|-damage|p1b: Zapdos|0 fnt|[from] psn\n|faint|p1b: Zapdos\n|-damage|p1a: Calyrex|39\/100 psn|[from] psn\n|upkeep\n|\n|t:|1736876149\n|switch|p1b: Rillaboom|Rillaboom, L50, M|100\/100\n|switch|p2b: Tatsugiri|Tatsugiri-Droopy, L50, F|100\/100\n|-activate|p2b: Tatsugiri|ability: Commander|[of] p2a: Dondozo\n|-boost|p2a: Dondozo|atk|2\n|-boost|p2a: Dondozo|spa|2\n|-boost|p2a: Dondozo|spe|2\n|-boost|p2a: Dondozo|def|2\n|-boost|p2a: Dondozo|spd|2\n|-fieldstart|move: Grassy Terrain|[from] ability: Grassy Surge|[of] p1b: Rillaboom\n|turn|3\n|\n|t:|1736876166\n|move|p1b: Rillaboom|Fake Out|p2a: Dondozo\n|-damage|p2a: Dondozo|96\/100\n|cant|p2a: Dondozo|flinch\n|move|p1a: Calyrex|Seed Bomb|p2a: Dondozo\n|-supereffective|p2a: Dondozo\n|-damage|p2a: Dondozo|70\/100\n|\n|-heal|p2a: Dondozo|76\/100|[from] Grassy Terrain\n|-heal|p2a: Dondozo|82\/100|[from] item: Leftovers\n|-heal|p1a: Calyrex|45\/100 psn|[from] Grassy Terrain\n|-damage|p1a: Calyrex|33\/100 psn|[from] psn\n|-end|p1a: Calyrex|move: Taunt\n|upkeep\n|turn|4\n|\n|t:|1736876187\n|move|p2a: Dondozo|Protect|p2a: Dondozo\n|-singleturn|p2a: Dondozo|Protect\n|move|p1b: Rillaboom|Grassy Glide|p2a: Dondozo\n|-activate|p2a: Dondozo|move: Protect\n|move|p1a: Calyrex|Seed Bomb|p2a: Dondozo\n|-activate|p2a: Dondozo|move: Protect\n|\n|-heal|p2a: Dondozo|89\/100|[from] Grassy Terrain\n|-heal|p2a: Dondozo|95\/100|[from] item: Leftovers\n|-heal|p1a: Calyrex|39\/100 psn|[from] Grassy Terrain\n|-damage|p1a: Calyrex|27\/100 psn|[from] psn\n|upkeep\n|turn|5\n|\n|t:|1736876206\n|move|p1b: Rillaboom|Grassy Glide|p2a: Dondozo\n|-supereffective|p2a: Dondozo\n|-damage|p2a: Dondozo|70\/100\n|move|p2a: Dondozo|Order Up|p1b: Rillaboom\n|-damage|p1b: Rillaboom|66\/100\n|-boost|p2a: Dondozo|def|1\n|move|p1a: Calyrex|Glacial Lance|p2b: Tatsugiri|[spread] p2a\n|-miss|p1a: Calyrex|p2b: Tatsugiri\n|-resisted|p2a: Dondozo\n|-damage|p2a: Dondozo|64\/100\n|\n|-heal|p2a: Dondozo|70\/100|[from] Grassy Terrain\n|-heal|p2a: Dondozo|76\/100|[from] item: Leftovers\n|-heal|p1b: Rillaboom|72\/100|[from] Grassy Terrain\n|-heal|p1a: Calyrex|32\/100 psn|[from] Grassy Terrain\n|-damage|p1a: Calyrex|20\/100 psn|[from] psn\n|upkeep\n|turn|6\n|l|\u2606Luca8\n|player|p1|\n|j|\u2606Luca8\n|player|p1|Luca8|flint|\n|\n|t:|1736876254\n|switch|p1a: Iron Bundle|Iron Bundle, L50|100\/100\n|-enditem|p1a: Iron Bundle|Booster Energy\n|-activate|p1a: Iron Bundle|ability: Quark Drive|[fromitem]\n|-start|p1a: Iron Bundle|quarkdrivespe\n|move|p1b: Rillaboom|Grassy Glide|p2a: Dondozo\n|-supereffective|p2a: Dondozo\n|-damage|p2a: Dondozo|58\/100\n|move|p2a: Dondozo|Order Up|p1a: Iron Bundle\n|-damage|p1a: Iron Bundle|57\/100\n|-boost|p2a: Dondozo|def|1\n|\n|-heal|p1a: Iron Bundle|63\/100|[from] Grassy Terrain\n|-heal|p2a: Dondozo|64\/100|[from] Grassy Terrain\n|-heal|p2a: Dondozo|70\/100|[from] item: Leftovers\n|-heal|p1b: Rillaboom|78\/100|[from] Grassy Terrain\n|upkeep\n|turn|7\n|\n|t:|1736876276\n|move|p1b: Rillaboom|Grassy Glide|p2a: Dondozo\n|-supereffective|p2a: Dondozo\n|-damage|p2a: Dondozo|53\/100\n|move|p1a: Iron Bundle|Freeze-Dry|p2a: Dondozo\n|-supereffective|p2a: Dondozo\n|-damage|p2a: Dondozo|18\/100\n|move|p2a: Dondozo|Body Press|p1a: Iron Bundle\n|-supereffective|p1a: Iron Bundle\n|-crit|p1a: Iron Bundle\n|-damage|p1a: Iron Bundle|0 fnt\n|faint|p1a: Iron Bundle\n|-end|p1a: Iron Bundle|Quark Drive|[silent]\n|\n|-heal|p2a: Dondozo|24\/100|[from] Grassy Terrain\n|-heal|p2a: Dondozo|30\/100|[from] item: Leftovers\n|-heal|p1b: Rillaboom|84\/100|[from] Grassy Terrain\n|-fieldend|move: Grassy Terrain\n|upkeep\n|\n|t:|1736876294\n|switch|p1a: Calyrex|Calyrex-Ice, L50, tera:Fire|20\/100 psn\n|-ability|p1a: Calyrex|As One\n|-ability|p1a: Calyrex|Unnerve\n|turn|8\n|\n|t:|1736876314\n|move|p2a: Dondozo|Order Up|p1a: Calyrex\n|-damage|p1a: Calyrex|0 fnt\n|faint|p1a: Calyrex\n|-boost|p2a: Dondozo|def|1\n|move|p1b: Rillaboom|Grassy Glide|p2a: Dondozo\n|-supereffective|p2a: Dondozo\n|-damage|p2a: Dondozo|17\/100\n|\n|-heal|p2a: Dondozo|23\/100|[from] item: Leftovers\n|upkeep\n|turn|9\n|-message|Luca8 forfeited.\n|\n|win|Anna giacristo\n|raw|Luca8's rating: 1586 &rarr; <strong>1566<\/strong><br \/>(-20 for losing)\n|raw|Anna giacristo's rating: 1593 &rarr; <strong>1613<\/strong><br \/>(+20 for winning)\n|l|\u2606Luca8\n|player|p1|\n|l|\u2606Anna giacristo\n|player|p2|\n","uploadtime":1736876479,"views":23,"formatid":"gen9vgc2025regg","rating":1566,"private":0,"password":null}