{"id":"gen9vgc2025regg-2281686875","format":"[Gen 9] VGC 2025 Reg G","players":["koji muranishi","Bicycle Bandy"],"log":"|j|\u2606koji muranishi\n|j|\u2606Bicycle Bandy\n|t:|1736963171\n|gametype|doubles\n|player|p1|koji muranishi|266|1562\n|player|p2|Bicycle Bandy|cyclistf|1569\n|teamsize|p1|6\n|teamsize|p2|6\n|gen|9\n|tier|[Gen 9] VGC 2025 Reg G\n|rated|\n|rule|Species Clause: Limit one of each Pok\u00e9mon\n|rule|Item Clause: Limit 1 of each item\n|clearpoke\n|poke|p1|Kyogre, L50|\n|poke|p1|Flutter Mane, L50|\n|poke|p1|Urshifu-*, L50, M|\n|poke|p1|Raging Bolt, L50|\n|poke|p1|Chien-Pao, L50|\n|poke|p1|Dragonite, L50, F|\n|poke|p2|Weezing-Galar, L50, M|\n|poke|p2|Calyrex-Shadow, L50|\n|poke|p2|Urshifu-*, L50, F|\n|poke|p2|Clodsire, L50, M|\n|poke|p2|Indeedee-F, L50, F|\n|poke|p2|Iron Valiant, L50|\n|teampreview|4\n|inactive|Battle timer is ON: inactive players will automatically lose when time's up. (requested by koji muranishi)\n|j| BBJHoTS\n|\n|t:|1736963194\n|start\n|switch|p1a: Raging Bolt|Raging Bolt, L50|100\/100\n|switch|p1b: Urshifu|Urshifu-Rapid-Strike, L50, M|100\/100\n|switch|p2a: Calyrex|Calyrex-Shadow, L50|100\/100\n|switch|p2b: Iron Valiant|Iron Valiant, L50, shiny|100\/100\n|-ability|p2a: Calyrex|As One\n|-ability|p2a: Calyrex|Unnerve\n|-enditem|p2b: Iron Valiant|Booster Energy\n|-activate|p2b: Iron Valiant|ability: Quark Drive|[fromitem]\n|-start|p2b: Iron Valiant|quarkdrivespe\n|turn|1\n|inactive|koji muranishi has 30 seconds left.\n|\n|t:|1736963225\n|-end|p2b: Iron Valiant|Quark Drive|[silent]\n|switch|p2b: Weezing|Weezing-Galar, L50, M, shiny|100\/100\n|-ability|p2b: Weezing|Neutralizing Gas\n|-terastallize|p1b: Urshifu|Water\n|-terastallize|p2a: Calyrex|Ghost\n|move|p1b: Urshifu|Surging Strikes|p2b: Weezing\n|-crit|p2b: Weezing\n|-damage|p2b: Weezing|68\/100\n|-crit|p2b: Weezing\n|-damage|p2b: Weezing|36\/100\n|-crit|p2b: Weezing\n|-damage|p2b: Weezing|5\/100\n|-hitcount|p2b: Weezing|3\n|move|p2a: Calyrex|Astral Barrage|p1b: Urshifu|[spread] p1a,p1b\n|-damage|p1a: Raging Bolt|35\/100\n|-damage|p1b: Urshifu|0 fnt\n|faint|p1b: Urshifu\n|-ability|p2a: Calyrex|Grim Neigh|boost\n|-boost|p2a: Calyrex|spa|1\n|move|p1a: Raging Bolt|Snarl|p2a: Calyrex|[spread] p2a,p2b\n|-supereffective|p2a: Calyrex\n|-resisted|p2b: Weezing\n|-damage|p2a: Calyrex|68\/100\n|-damage|p2b: Weezing|0 fnt\n|-unboost|p2a: Calyrex|spa|1\n|faint|p2b: Weezing\n|-end|p2b: Weezing|ability: Neutralizing Gas\n|\n|upkeep\n|inactive|koji muranishi has 30 seconds left.\n|inactive|Bicycle Bandy has 30 seconds left.\n|\n|t:|1736963258\n|switch|p1b: Chien-Pao|Chien-Pao, L50|100\/100\n|switch|p2b: Clodsire|Clodsire, L50, M|100\/100\n|-ability|p1b: Chien-Pao|Sword of Ruin\n|turn|2\n|\n|t:|1736963276\n|switch|p2a: Iron Valiant|Iron Valiant, L50, shiny|100\/100\n|move|p1b: Chien-Pao|Ice Spinner|p2a: Iron Valiant\n|-damage|p2a: Iron Valiant|19\/100\n|-damage|p1b: Chien-Pao|91\/100|[from] item: Life Orb\n|move|p1a: Raging Bolt|Draco Meteor|p2b: Clodsire\n|-damage|p2b: Clodsire|48\/100\n|-unboost|p1a: Raging Bolt|spa|2\n|move|p2b: Clodsire|Yawn|p1b: Chien-Pao\n|-start|p1b: Chien-Pao|move: Yawn|[of] p2b: Clodsire\n|\n|upkeep\n|turn|3\n|inactive|koji muranishi has 30 seconds left.\n|\n|t:|1736963310\n|switch|p1b: Flutter Mane|Flutter Mane, L50|100\/100\n|-end|p2a: Iron Valiant|Quark Drive|[silent]\n|switch|p2a: Calyrex|Calyrex-Shadow, L50, tera:Ghost|68\/100\n|-ability|p2a: Calyrex|As One\n|-ability|p2a: Calyrex|Unnerve\n|move|p1a: Raging Bolt|Draco Meteor|p2b: Clodsire|[miss]\n|-miss|p1a: Raging Bolt|p2b: Clodsire\n|move|p2b: Clodsire|Yawn|p1a: Raging Bolt\n|-start|p1a: Raging Bolt|move: Yawn|[of] p2b: Clodsire\n|\n|upkeep\n|turn|4\n|\n|t:|1736963333\n|move|p2a: Calyrex|Astral Barrage|p1b: Flutter Mane|[spread] p1a,p1b\n|-supereffective|p1b: Flutter Mane\n|-damage|p1a: Raging Bolt|0 fnt\n|-enditem|p1b: Flutter Mane|Focus Sash\n|-damage|p1b: Flutter Mane|1\/100\n|faint|p1a: Raging Bolt\n|-end|p1a: Raging Bolt|Protosynthesis|[silent]\n|-ability|p2a: Calyrex|Grim Neigh|boost\n|-boost|p2a: Calyrex|spa|1\n|move|p1b: Flutter Mane|Shadow Ball|p2b: Clodsire\n|-damage|p2b: Clodsire|20\/100\n|move|p2b: Clodsire|High Horsepower|p1b: Flutter Mane\n|-damage|p1b: Flutter Mane|0 fnt\n|faint|p1b: Flutter Mane\n|-end|p1b: Flutter Mane|Protosynthesis|[silent]\n|\n|upkeep\n|\n|t:|1736963351\n|switch|p1a: Chien-Pao|Chien-Pao, L50|91\/100\n|-ability|p1a: Chien-Pao|Sword of Ruin\n|turn|5\n|j| LC333\n|\n|t:|1736963368\n|move|p1a: Chien-Pao|Sucker Punch|p2a: Calyrex\n|-supereffective|p2a: Calyrex\n|-damage|p2a: Calyrex|0 fnt\n|faint|p2a: Calyrex\n|-damage|p1a: Chien-Pao|81\/100|[from] item: Life Orb\n|move|p2b: Clodsire|Yawn|p1a: Chien-Pao\n|-start|p1a: Chien-Pao|move: Yawn|[of] p2b: Clodsire\n|\n|upkeep\n|\n|t:|1736963376\n|switch|p2a: Iron Valiant|Iron Valiant, L50, shiny|19\/100\n|turn|6\n|-message|koji muranishi forfeited.\n|\n|win|Bicycle Bandy\n|raw|koji muranishi's rating: 1562 &rarr; <strong>1542<\/strong><br \/>(-20 for losing)\n|raw|Bicycle Bandy's rating: 1569 &rarr; <strong>1589<\/strong><br \/>(+20 for winning)\n|l|\u2606koji muranishi\n|player|p1|\n|j| BreadTest\n|l| LC333\n|l| BBJHoTS\n|c|\u2606Bicycle Bandy|You still won I'm like 90% sure\n|l| BreadTest\n","uploadtime":1736963604,"views":23,"formatid":"gen9vgc2025regg","rating":1542,"private":0,"password":null}