{"id":"gen9vgc2025regg-2281106500","format":"[Gen 9] VGC 2025 Reg G","players":["Bbjhots","GG=Groudon Gaming"],"log":"|j|\u2606Bbjhots\n|j|\u2606GG=Groudon Gaming\n|t:|1736883558\n|gametype|doubles\n|player|p1|Bbjhots|169|1522\n|player|p2|GG=Groudon Gaming|may-masters2|1681\n|teamsize|p1|6\n|teamsize|p2|6\n|gen|9\n|tier|[Gen 9] VGC 2025 Reg G\n|rated|\n|rule|Species Clause: Limit one of each Pok\u00e9mon\n|rule|Item Clause: Limit 1 of each item\n|clearpoke\n|poke|p1|Terapagos, L50, M|\n|poke|p1|Incineroar, L50, F|\n|poke|p1|Rillaboom, L50, F|\n|poke|p1|Urshifu-*, L50, M|\n|poke|p1|Ogerpon-Hearthflame, L50, F|\n|poke|p1|Flutter Mane, L50|\n|poke|p2|Groudon, L50|\n|poke|p2|Bronzong, L50|\n|poke|p2|Raging Bolt, L50|\n|poke|p2|Flutter Mane, L50|\n|poke|p2|Ogerpon-Cornerstone, L50, F|\n|poke|p2|Gouging Fire, L50|\n|teampreview|4\n|inactive|Battle timer is ON: inactive players will automatically lose when time's up. (requested by GG=Groudon Gaming)\n|inactive|Bbjhots also wants the timer to be on.\n|inactive|Bbjhots has 60 seconds left.\n|\n|t:|1736883591\n|start\n|switch|p1a: Incineroar|Incineroar, L50, F|100\/100\n|switch|p1b: Flutter Mane|Flutter Mane, L50|100\/100\n|switch|p2a: Raging Bolt|Raging Bolt, L50|100\/100\n|switch|p2b: Flutter Mane|Flutter Mane, L50|100\/100\n|-ability|p1a: Incineroar|Intimidate|boost\n|-unboost|p2a: Raging Bolt|atk|1\n|-unboost|p2b: Flutter Mane|atk|1\n|-enditem|p1b: Flutter Mane|Booster Energy\n|-activate|p1b: Flutter Mane|ability: Protosynthesis|[fromitem]\n|-start|p1b: Flutter Mane|protosynthesisspe\n|turn|1\n|\n|t:|1736883608\n|-end|p2a: Raging Bolt|Protosynthesis|[silent]\n|switch|p2a: Groudon|Groudon, L50|100\/100\n|-weather|SunnyDay|[from] ability: Drought|[of] p2a: Groudon\n|-activate|p2b: Flutter Mane|ability: Protosynthesis\n|-start|p2b: Flutter Mane|protosynthesisspe\n|move|p2b: Flutter Mane|Protect|p2b: Flutter Mane\n|-singleturn|p2b: Flutter Mane|Protect\n|move|p1a: Incineroar|Fake Out|p2b: Flutter Mane\n|-activate|p2b: Flutter Mane|move: Protect\n|move|p1b: Flutter Mane|Icy Wind|p2a: Groudon|[spread] p2a\n|-activate|p2b: Flutter Mane|move: Protect\n|-supereffective|p2a: Groudon\n|-damage|p2a: Groudon|80\/100\n|\n|-weather|SunnyDay|[upkeep]\n|upkeep\n|turn|2\n|j| play sos wednesday\n|\n|t:|1736883620\n|move|p2b: Flutter Mane|Dazzling Gleam|p1a: Incineroar|[spread] p1a,p1b\n|-damage|p1a: Incineroar|72\/100\n|-damage|p1b: Flutter Mane|73\/100\n|move|p1b: Flutter Mane|Thunder Wave|p2b: Flutter Mane\n|-status|p2b: Flutter Mane|par\n|move|p2a: Groudon|Precipice Blades|p1b: Flutter Mane|[spread] p1a,p1b\n|-supereffective|p1a: Incineroar\n|-damage|p1a: Incineroar|0 fnt\n|-damage|p1b: Flutter Mane|0 fnt\n|faint|p1a: Incineroar\n|faint|p1b: Flutter Mane\n|-end|p1b: Flutter Mane|Protosynthesis|[silent]\n|\n|-weather|SunnyDay|[upkeep]\n|upkeep\n|\n|t:|1736883628\n|switch|p1b: Terapagos|Terapagos, L50, M|100\/100\n|switch|p1a: Ogerpon|Ogerpon-Hearthflame, L50, F|100\/100\n|-activate|p1b: Terapagos|ability: Tera Shift\n|detailschange|p1b: Terapagos|Terapagos-Terastal, L50, M\n|-heal|p1b: Terapagos|100\/100|[silent]\n|-ability|p1a: Ogerpon|Mold Breaker\n|turn|3\n|\n|t:|1736883639\n|move|p1a: Ogerpon|Spiky Shield|p1a: Ogerpon\n|-singleturn|p1a: Ogerpon|move: Protect\n|move|p2b: Flutter Mane|Taunt|p1b: Terapagos\n|-start|p1b: Terapagos|move: Taunt\n|cant|p1b: Terapagos|move: Taunt|Substitute\n|move|p2a: Groudon|Precipice Blades|p1b: Terapagos|[spread] p1b\n|-activate|p1a: Ogerpon|move: Protect\n|-activate|p1b: Terapagos|ability: Tera Shell\n|-resisted|p1b: Terapagos\n|-damage|p1b: Terapagos|79\/100\n|\n|-weather|SunnyDay|[upkeep]\n|-heal|p1b: Terapagos|85\/100|[from] item: Leftovers\n|upkeep\n|turn|4\n|\n|t:|1736883649\n|-terastallize|p1b: Terapagos|Stellar\n|detailschange|p1b: Terapagos|Terapagos-Stellar, L50, M, tera:Stellar\n|-heal|p1b: Terapagos|89\/100|[silent]\n|-ability|p1b: Terapagos|Teraform Zero\n|-weather|none\n|-end|p2b: Flutter Mane|Protosynthesis\n|move|p1a: Ogerpon|Wood Hammer|p2a: Groudon\n|-supereffective|p2a: Groudon\n|-damage|p2a: Groudon|0 fnt\n|faint|p2a: Groudon\n|-damage|p1a: Ogerpon|72\/100|[from] Recoil\n|move|p1b: Terapagos|Tera Starstorm|p2b: Flutter Mane\n|-damage|p2b: Flutter Mane|51\/100 par\n|move|p2b: Flutter Mane|Icy Wind|p1a: Ogerpon|[spread] p1a,p1b\n|-damage|p1a: Ogerpon|57\/100\n|-damage|p1b: Terapagos|80\/100\n|-unboost|p1a: Ogerpon|spe|1\n|-unboost|p1b: Terapagos|spe|1\n|\n|-heal|p1b: Terapagos|87\/100|[from] item: Leftovers\n|upkeep\n|\n|t:|1736883653\n|switch|p2a: Ogerpon|Ogerpon-Cornerstone, L50, F|100\/100\n|turn|5\n|\n|t:|1736883679\n|move|p1a: Ogerpon|Spiky Shield|p1a: Ogerpon\n|-singleturn|p1a: Ogerpon|move: Protect\n|move|p2a: Ogerpon|Ivy Cudgel|p1a: Ogerpon|[anim] Ivy Cudgel Rock\n|-activate|p1a: Ogerpon|move: Protect\n|cant|p2b: Flutter Mane|par\n|move|p1b: Terapagos|Tera Starstorm|p2a: Ogerpon|[spread] p2a,p2b\n|-damage|p2a: Ogerpon|61\/100\n|-damage|p2b: Flutter Mane|10\/100 par\n|\n|-heal|p1b: Terapagos|93\/100|[from] item: Leftovers\n|-end|p1b: Terapagos|move: Taunt\n|upkeep\n|turn|6\n|\n|t:|1736883694\n|move|p1a: Ogerpon|Spiky Shield|p1a: Ogerpon\n|-singleturn|p1a: Ogerpon|move: Protect\n|move|p2a: Ogerpon|Ivy Cudgel|p1a: Ogerpon|[anim] Ivy Cudgel Rock\n|-activate|p1a: Ogerpon|move: Protect\n|move|p2b: Flutter Mane|Taunt|p1b: Terapagos\n|-start|p1b: Terapagos|move: Taunt\n|move|p1b: Terapagos|Tera Starstorm|p2b: Flutter Mane|[spread] p2a,p2b\n|-crit|p2a: Ogerpon\n|-damage|p2a: Ogerpon|0 fnt\n|-damage|p2b: Flutter Mane|0 fnt\n|faint|p2a: Ogerpon\n|faint|p2b: Flutter Mane\n|-end|p2b: Flutter Mane|Protosynthesis|[silent]\n|\n|-heal|p1b: Terapagos|99\/100|[from] item: Leftovers\n|upkeep\n|c|\u2606GG=Groudon Gaming|Are you serious?\n|\n|t:|1736883715\n|switch|p2b: Raging Bolt|Raging Bolt, L50|100\/100\n|turn|7\n|\n|t:|1736883726\n|move|p1a: Ogerpon|Ivy Cudgel|p2b: Raging Bolt|[anim] Ivy Cudgel Fire\n|-resisted|p2b: Raging Bolt\n|-crit|p2b: Raging Bolt\n|-damage|p2b: Raging Bolt|72\/100\n|move|p2b: Raging Bolt|Draco Meteor|p1b: Terapagos\n|-damage|p1b: Terapagos|51\/100\n|-unboost|p2b: Raging Bolt|spa|2\n|move|p1b: Terapagos|Tera Starstorm|p2b: Raging Bolt\n|-damage|p2b: Raging Bolt|44\/100\n|\n|-heal|p1b: Terapagos|57\/100|[from] item: Leftovers\n|upkeep\n|turn|8\n|\n|t:|1736883734\n|move|p1a: Ogerpon|Follow Me|p1a: Ogerpon\n|-singleturn|p1a: Ogerpon|move: Follow Me\n|move|p2b: Raging Bolt|Draco Meteor|p1a: Ogerpon\n|-damage|p1a: Ogerpon|21\/100\n|-unboost|p2b: Raging Bolt|spa|2\n|move|p1b: Terapagos|Tera Starstorm|p2b: Raging Bolt\n|-damage|p2b: Raging Bolt|18\/100\n|\n|-heal|p1b: Terapagos|64\/100|[from] item: Leftovers\n|-end|p1b: Terapagos|move: Taunt\n|upkeep\n|turn|9\n|\n|t:|1736883741\n|move|p1a: Ogerpon|Ivy Cudgel|p2b: Raging Bolt|[anim] Ivy Cudgel Fire\n|-resisted|p2b: Raging Bolt\n|-damage|p2b: Raging Bolt|0 fnt\n|faint|p2b: Raging Bolt\n|-end|p2b: Raging Bolt|Protosynthesis|[silent]\n|\n|win|Bbjhots\n|raw|Bbjhots's rating: 1522 &rarr; <strong>1551<\/strong><br \/>(+29 for winning)\n|raw|GG=Groudon Gaming's rating: 1681 &rarr; <strong>1652<\/strong><br \/>(-29 for losing)\n|l|\u2606Bbjhots\n|player|p1|\n|l| play sos wednesday\n|l|\u2606GG=Groudon Gaming\n|player|p2|\n","uploadtime":1736883749,"views":17,"formatid":"gen9vgc2025regg","rating":1551,"private":0,"password":null}