{"id":"gen9vgc2025regg-2281730954","format":"[Gen 9] VGC 2025 Reg G","players":["koji muranishi","tommy2436"],"log":"|j|\u2606koji muranishi\n|j|\u2606tommy2436\n|t:|1736967491\n|gametype|doubles\n|player|p1|koji muranishi|266|1604\n|player|p2|tommy2436|265|1633\n|teamsize|p1|6\n|teamsize|p2|6\n|gen|9\n|tier|[Gen 9] VGC 2025 Reg G\n|rated|\n|rule|Species Clause: Limit one of each Pok\u00e9mon\n|rule|Item Clause: Limit 1 of each item\n|clearpoke\n|poke|p1|Whimsicott, L50, M|\n|poke|p1|Calyrex-Ice, L50|\n|poke|p1|Ursaluna-Bloodmoon, L50, M|\n|poke|p1|Urshifu-*, L50, F|\n|poke|p1|Raging Bolt, L50|\n|poke|p1|Ogerpon-Cornerstone, L50, F|\n|poke|p2|Calyrex-Ice, L50|\n|poke|p2|Urshifu-*, L50, F|\n|poke|p2|Raging Bolt, L50|\n|poke|p2|Pelipper, L50, F|\n|poke|p2|Iron Valiant, L50|\n|poke|p2|Chandelure, L50, F|\n|teampreview|4\n|inactive|Battle timer is ON: inactive players will automatically lose when time's up. (requested by koji muranishi)\n|inactive|koji muranishi has 60 seconds left.\n|inactive|tommy2436 has 60 seconds left.\n|j| plaged\n|inactive|tommy2436 has 30 seconds left.\n|j| sushi rider\n|\n|t:|1736967565\n|start\n|switch|p1a: Whimsicott|Whimsicott, L50, M|100\/100\n|switch|p1b: Urshifu|Urshifu-Rapid-Strike, L50, F|100\/100\n|switch|p2a: Calyrex|Calyrex-Ice, L50|100\/100\n|switch|p2b: Raging Bolt|Raging Bolt, L50|100\/100\n|-ability|p2a: Calyrex|As One\n|-ability|p2a: Calyrex|Unnerve\n|turn|1\n|inactive|koji muranishi has 30 seconds left.\n|inactive|tommy2436 has 30 seconds left.\n|\n|t:|1736967594\n|-terastallize|p2b: Raging Bolt|Electric\n|move|p1b: Urshifu|Close Combat|p2a: Calyrex\n|-damage|p2a: Calyrex|58\/100\n|-unboost|p1b: Urshifu|def|1\n|-unboost|p1b: Urshifu|spd|1\n|move|p1a: Whimsicott|Moonblast|p2a: Calyrex\n|-damage|p2a: Calyrex|41\/100\n|move|p2b: Raging Bolt|Thunderbolt|p1b: Urshifu\n|-supereffective|p1b: Urshifu\n|-crit|p1b: Urshifu\n|-damage|p1b: Urshifu|0 fnt\n|faint|p1b: Urshifu\n|-damage|p2b: Raging Bolt|91\/100|[from] item: Life Orb\n|move|p2a: Calyrex|Glacial Lance|p1a: Whimsicott\n|-supereffective|p1a: Whimsicott\n|-enditem|p1a: Whimsicott|Focus Sash\n|-damage|p1a: Whimsicott|1\/100\n|\n|upkeep\n|j| surgevgc\n|\n|t:|1736967613\n|switch|p1b: Calyrex|Calyrex-Ice, L50|100\/100\n|-ability|p1b: Calyrex|As One\n|-ability|p1b: Calyrex|Unnerve\n|turn|2\n|\n|t:|1736967633\n|-terastallize|p1b: Calyrex|Ice\n|move|p1a: Whimsicott|Tailwind|p1a: Whimsicott\n|-sidestart|p1: koji muranishi|move: Tailwind\n|move|p1b: Calyrex|Glacial Lance|p2a: Calyrex|[spread] p2a,p2b\n|-resisted|p2a: Calyrex\n|-damage|p2a: Calyrex|7\/100\n|-damage|p2b: Raging Bolt|0 fnt\n|faint|p2b: Raging Bolt\n|-end|p2b: Raging Bolt|Protosynthesis|[silent]\n|-ability|p1b: Calyrex|Chilling Neigh|boost\n|-boost|p1b: Calyrex|atk|1\n|move|p2a: Calyrex|Lash Out|p1b: Calyrex\n|-damage|p1b: Calyrex|75\/100\n|\n|upkeep\n|inactive|tommy2436 has 30 seconds left.\n|inactive|tommy2436 has 20 seconds left.\n|\n|t:|1736967669\n|switch|p2b: Urshifu|Urshifu-Rapid-Strike, L50, F|100\/100\n|turn|3\n|\n|t:|1736967674\n|move|p2b: Urshifu|Detect|p2b: Urshifu\n|-singleturn|p2b: Urshifu|Protect\n|move|p1a: Whimsicott|Moonblast|p2b: Urshifu\n|-activate|p2b: Urshifu|move: Protect\n|move|p1b: Calyrex|Glacial Lance|p2b: Urshifu|[spread] p2a\n|-activate|p2b: Urshifu|move: Protect\n|-resisted|p2a: Calyrex\n|-damage|p2a: Calyrex|0 fnt\n|faint|p2a: Calyrex\n|-ability|p1b: Calyrex|Chilling Neigh|boost\n|-boost|p1b: Calyrex|atk|1\n|\n|upkeep\n|\n|t:|1736967685\n|switch|p2a: Pelipper|Pelipper, L50, F|100\/100\n|-weather|RainDance|[from] ability: Drizzle|[of] p2a: Pelipper\n|turn|4\n|\n|t:|1736967692\n|move|p2a: Pelipper|Wide Guard|p2a: Pelipper\n|-singleturn|p2a: Pelipper|Wide Guard\n|move|p1a: Whimsicott|Encore|p2b: Urshifu\n|-start|p2b: Urshifu|Encore\n|move|p2b: Urshifu|Detect|p2b: Urshifu\n|-singleturn|p2b: Urshifu|Protect\n|move|p1b: Calyrex|Glacial Lance|p2a: Pelipper|[spread] \n|-activate|p2a: Pelipper|move: Wide Guard\n|-activate|p2b: Urshifu|move: Wide Guard\n|\n|-weather|RainDance|[upkeep]\n|upkeep\n|turn|5\n|-message|tommy2436 forfeited.\n|\n|win|koji muranishi\n|raw|koji muranishi's rating: 1604 &rarr; <strong>1626<\/strong><br \/>(+22 for winning)\n|raw|tommy2436's rating: 1633 &rarr; <strong>1611<\/strong><br \/>(-22 for losing)\n|l| surgevgc\n|l|\u2606koji muranishi\n|player|p1|\n|l| plaged\n","uploadtime":1736967909,"views":23,"formatid":"gen9vgc2025regg","rating":1611,"private":0,"password":null}