{"id":"gen9vgc2025regg-2281667569","format":"[Gen 9] VGC 2025 Reg G","players":["BigSalta","Bef6"],"log":"|j|\u2606BigSalta\n|j|\u2606Bef6\n|t:|1736961275\n|gametype|doubles\n|player|p1|BigSalta|1|1652\n|player|p2|Bef6|lucas|1704\n|teamsize|p1|6\n|teamsize|p2|6\n|gen|9\n|tier|[Gen 9] VGC 2025 Reg G\n|rated|\n|rule|Species Clause: Limit one of each Pok\u00e9mon\n|rule|Item Clause: Limit 1 of each item\n|clearpoke\n|poke|p1|Kyogre, L50|\n|poke|p1|Roaring Moon, L50|\n|poke|p1|Amoonguss, L50, F|\n|poke|p1|Incineroar, L50, F|\n|poke|p1|Rillaboom, L50, F|\n|poke|p1|Urshifu-*, L50, M|\n|poke|p2|Lunala, L50|\n|poke|p2|Indeedee-F, L50, F|\n|poke|p2|Urshifu-*, L50, F|\n|poke|p2|Tornadus, L50, M|\n|poke|p2|Ursaluna, L50, M|\n|poke|p2|Chi-Yu, L50|\n|teampreview|4\n|\n|t:|1736961298\n|start\n|switch|p1a: Kyogre|Kyogre, L50|100\/100\n|switch|p1b: Roaring Moon|Roaring Moon, L50|100\/100\n|switch|p2a: Lunala|Lunala, L50|100\/100\n|switch|p2b: Urshifu|Urshifu-Rapid-Strike, L50, F|100\/100\n|-weather|RainDance|[from] ability: Drizzle|[of] p1a: Kyogre\n|-enditem|p1b: Roaring Moon|Booster Energy\n|-activate|p1b: Roaring Moon|ability: Protosynthesis|[fromitem]\n|-start|p1b: Roaring Moon|protosynthesisspe\n|turn|1\n|\n|t:|1736961331\n|-terastallize|p2a: Lunala|Fairy\n|move|p1b: Roaring Moon|Knock Off|p2a: Lunala\n|-resisted|p2a: Lunala\n|-damage|p2a: Lunala|91\/100\n|-enditem|p2a: Lunala|Power Herb|[from] move: Knock Off|[of] p1b: Roaring Moon\n|move|p2b: Urshifu|U-turn|p1b: Roaring Moon\n|-supereffective|p1b: Roaring Moon\n|-damage|p1b: Roaring Moon|38\/100\n|j| HoingusShmoingus\n|\n|t:|1736961338\n|switch|p2b: Indeedee|Indeedee-F, L50, F|100\/100|[from] U-turn\n|-fieldstart|move: Psychic Terrain|[from] ability: Psychic Surge|[of] p2b: Indeedee\n|move|p2a: Lunala|Expanding Force|p1b: Roaring Moon|[spread] p1a\n|-immune|p1b: Roaring Moon\n|-damage|p1a: Kyogre|58\/100\n|move|p1a: Kyogre|Origin Pulse|p2a: Lunala|[spread] p2a,p2b\n|-damage|p2a: Lunala|46\/100\n|-damage|p2b: Indeedee|28\/100\n|\n|-weather|RainDance|[upkeep]\n|-heal|p1a: Kyogre|64\/100|[from] item: Leftovers\n|upkeep\n|turn|2\n|j| lunaticongrass\n|j| BreadTest\n|\n|t:|1736961383\n|move|p2b: Indeedee|Helping Hand|p2a: Lunala\n|-singleturn|p2a: Lunala|Helping Hand|[of] p2b: Indeedee\n|move|p1b: Roaring Moon|Knock Off|p2b: Indeedee\n|-supereffective|p2b: Indeedee\n|-damage|p2b: Indeedee|0 fnt\n|-damage|p1b: Roaring Moon|22\/100|[from] item: Rocky Helmet|[of] p2b: Indeedee\n|-enditem|p2b: Indeedee|Rocky Helmet|[from] move: Knock Off|[of] p1b: Roaring Moon\n|faint|p2b: Indeedee\n|move|p2a: Lunala|Expanding Force|p1b: Roaring Moon|[spread] p1a\n|-immune|p1b: Roaring Moon\n|-damage|p1a: Kyogre|0 fnt\n|faint|p1a: Kyogre\n|\n|-weather|RainDance|[upkeep]\n|upkeep\n|\n|t:|1736961400\n|switch|p1a: Rillaboom|Rillaboom, L50, F|100\/100\n|switch|p2b: Tornadus|Tornadus, L50, M|100\/100\n|-fieldstart|move: Grassy Terrain|[from] ability: Grassy Surge|[of] p1a: Rillaboom\n|turn|3\n|\n|t:|1736961413\n|move|p1b: Roaring Moon|Tailwind|p1b: Roaring Moon\n|-sidestart|p1: BigSalta|move: Tailwind\n|move|p1a: Rillaboom|Wood Hammer|p2a: Lunala\n|-damage|p2a: Lunala|0 fnt\n|faint|p2a: Lunala\n|-damage|p1a: Rillaboom|84\/100|[from] Recoil\n|move|p2b: Tornadus|Bleakwind Storm|p1a: Rillaboom|[spread] p1a,p1b\n|-supereffective|p1a: Rillaboom\n|-damage|p1a: Rillaboom|33\/100\n|-damage|p1b: Roaring Moon|0 fnt\n|faint|p1b: Roaring Moon\n|-end|p1b: Roaring Moon|Protosynthesis|[silent]\n|\n|-weather|RainDance|[upkeep]\n|-heal|p1a: Rillaboom|39\/100|[from] Grassy Terrain\n|upkeep\n|\n|t:|1736961424\n|switch|p1b: Amoonguss|Amoonguss, L50, F|100\/100\n|switch|p2a: Urshifu|Urshifu-Rapid-Strike, L50, F|100\/100\n|turn|4\n|\n|t:|1736961445\n|-terastallize|p1a: Rillaboom|Fire\n|move|p2a: Urshifu|Close Combat|p1a: Rillaboom\n|-damage|p1a: Rillaboom|0 fnt\n|-unboost|p2a: Urshifu|def|1\n|-unboost|p2a: Urshifu|spd|1\n|faint|p1a: Rillaboom\n|move|p2b: Tornadus|Bleakwind Storm|p1b: Amoonguss\n|-supereffective|p1b: Amoonguss\n|-damage|p1b: Amoonguss|10\/100\n|move|p1b: Amoonguss|Spore|p2b: Tornadus\n|-status|p2b: Tornadus|slp|[from] move: Spore\n|\n|-weather|RainDance|[upkeep]\n|-heal|p1b: Amoonguss|16\/100|[from] Grassy Terrain\n|upkeep\n|turn|5\n|-message|BigSalta forfeited.\n|\n|win|Bef6\n|raw|BigSalta's rating: 1652 &rarr; <strong>1635<\/strong><br \/>(-17 for losing)\n|raw|Bef6's rating: 1704 &rarr; <strong>1721<\/strong><br \/>(+17 for winning)\n|l|\u2606BigSalta\n|player|p1|\n|l|\u2606Bef6\n|player|p2|\n|l| HoingusShmoingus\n","uploadtime":1736961661,"views":74,"formatid":"gen9vgc2025regg","rating":1635,"private":0,"password":null}