{"id":"gen9vgc2025regg-2281498141","format":"[Gen 9] VGC 2025 Reg G","players":["Mojoe93","Crysantimo"],"log":"|j|\u2606Mojoe93\n|j|\u2606Crysantimo\n|t:|1736941032\n|gametype|doubles\n|player|p1|Mojoe93|265|1521\n|player|p2|Crysantimo|madame-gen4dp|1570\n|teamsize|p1|6\n|teamsize|p2|6\n|gen|9\n|tier|[Gen 9] VGC 2025 Reg G\n|rated|\n|rule|Species Clause: Limit one of each Pok\u00e9mon\n|rule|Item Clause: Limit 1 of each item\n|clearpoke\n|poke|p1|Indeedee-F, L50, F|\n|poke|p1|Calyrex-Shadow, L50|\n|poke|p1|Urshifu-*, L50, F|\n|poke|p1|Landorus, L50, M|\n|poke|p1|Tornadus, L50, M|\n|poke|p1|Raging Bolt, L50|\n|poke|p2|Calyrex-Shadow, L50|\n|poke|p2|Chi-Yu, L50|\n|poke|p2|Weezing-Galar, L50, F|\n|poke|p2|Dragonite, L50, M|\n|poke|p2|Clefairy, L50, M|\n|poke|p2|Pawmot, L50, M|\n|teampreview|4\n|inactive|Battle timer is ON: inactive players will automatically lose when time's up. (requested by Mojoe93)\n|\n|t:|1736941089\n|start\n|switch|p1a: Landorus|Landorus, L50, M|100\/100\n|switch|p1b: Calyrex|Calyrex-Shadow, L50|100\/100\n|switch|p2a: Dragonite|Dragonite, L50, M|100\/100\n|switch|p2b: Chi-Yu|Chi-Yu, L50|100\/100\n|-ability|p1b: Calyrex|As One\n|-ability|p1b: Calyrex|Unnerve\n|-ability|p2b: Chi-Yu|Beads of Ruin\n|turn|1\n|inactive|Mojoe93 has 30 seconds left.\n|inactive|Mojoe93 has 20 seconds left.\n|\n|t:|1736941127\n|move|p1b: Calyrex|Protect|p1b: Calyrex\n|-singleturn|p1b: Calyrex|Protect\n|move|p1a: Landorus|Earth Power|p2b: Chi-Yu\n|-supereffective|p2b: Chi-Yu\n|-damage|p2b: Chi-Yu|0 fnt\n|faint|p2b: Chi-Yu\n|move|p2a: Dragonite|Ice Spinner|p1a: Landorus\n|-supereffective|p1a: Landorus\n|-damage|p1a: Landorus|0 fnt\n|faint|p1a: Landorus\n|\n|upkeep\n|\n|t:|1736941139\n|switch|p1a: Urshifu|Urshifu, L50, F|100\/100\n|switch|p2b: Calyrex|Calyrex-Shadow, L50|100\/100\n|-ability|p2b: Calyrex|As One\n|-ability|p2b: Calyrex|Unnerve\n|turn|2\n|j| jasonrfry4\n|l| jasonrfry4\n|\n|t:|1736941154\n|-terastallize|p1b: Calyrex|Fairy\n|-terastallize|p2b: Calyrex|Normal\n|move|p2a: Dragonite|Extreme Speed|p1a: Urshifu\n|-damage|p1a: Urshifu|66\/100\n|move|p1b: Calyrex|Astral Barrage|p2b: Calyrex|[spread] p2a\n|-immune|p2b: Calyrex\n|-damage|p2a: Dragonite|60\/100\n|-damage|p1b: Calyrex|91\/100|[from] item: Life Orb\n|move|p2b: Calyrex|Astral Barrage|p1b: Calyrex|[spread] p1a,p1b\n|-resisted|p1a: Urshifu\n|-damage|p1a: Urshifu|1\/100\n|-damage|p1b: Calyrex|10\/100\n|move|p1a: Urshifu|Ice Punch|p2a: Dragonite\n|-supereffective|p2a: Dragonite\n|-damage|p2a: Dragonite|0 fnt\n|faint|p2a: Dragonite\n|\n|upkeep\n|\n|t:|1736941156\n|switch|p2a: Weezing|Weezing-Galar, L50, F|100\/100\n|-ability|p2a: Weezing|Neutralizing Gas\n|turn|3\n|inactive|Mojoe93 has 30 seconds left.\n|inactive|Mojoe93 has 20 seconds left.\n|inactive|Mojoe93 has 15 seconds left.\n|inactive|Mojoe93 has 10 seconds left.\n|\n|t:|1736941204\n|switch|p1a: Indeedee|Indeedee-F, L50, F|100\/100\n|move|p1b: Calyrex|Protect|p1b: Calyrex\n|-singleturn|p1b: Calyrex|Protect\n|move|p2b: Calyrex|Astral Barrage|p1b: Calyrex|[spread] \n|-activate|p1b: Calyrex|move: Protect\n|-immune|p1a: Indeedee\n|move|p2a: Weezing|Play Rough|p1b: Calyrex\n|-activate|p1b: Calyrex|move: Protect\n|\n|upkeep\n|turn|4\n|\n|t:|1736941225\n|move|p1a: Indeedee|Helping Hand|p1b: Calyrex\n|-singleturn|p1b: Calyrex|Helping Hand|[of] p1a: Indeedee\n|move|p1b: Calyrex|Astral Barrage|p2b: Calyrex|[spread] p2a\n|-immune|p2b: Calyrex\n|-damage|p2a: Weezing|0 fnt\n|faint|p2a: Weezing\n|-end|p2a: Weezing|ability: Neutralizing Gas\n|-fieldstart|move: Psychic Terrain|[from] ability: Psychic Surge|[of] p1a: Indeedee\n|-enditem|p1a: Indeedee|Psychic Seed\n|-boost|p1a: Indeedee|spd|1|[from] item: Psychic Seed\n|-ability|p1b: Calyrex|Grim Neigh|boost\n|-boost|p1b: Calyrex|spa|1\n|-damage|p1b: Calyrex|0 fnt|[from] item: Life Orb\n|faint|p1b: Calyrex\n|move|p2b: Calyrex|Astral Barrage|p1a: Indeedee\n|-immune|p1a: Indeedee\n|\n|upkeep\n|\n|t:|1736941243\n|switch|p1b: Urshifu|Urshifu, L50, F|1\/100\n|turn|5\n|\n|t:|1736941250\n|move|p1b: Urshifu|Protect|p1b: Urshifu\n|-singleturn|p1b: Urshifu|Protect\n|move|p2b: Calyrex|Astral Barrage|p1a: Indeedee|[spread] \n|-activate|p1b: Urshifu|move: Protect\n|-immune|p1a: Indeedee\n|move|p1a: Indeedee|Psychic|p2b: Calyrex\n|-damage|p2b: Calyrex|61\/100\n|\n|upkeep\n|turn|6\n|\n|t:|1736941262\n|move|p1b: Urshifu|Protect||[still]\n|-fail|p1b: Urshifu\n|move|p2b: Calyrex|Astral Barrage|p1b: Urshifu|[spread] p1b\n|-immune|p1a: Indeedee\n|-resisted|p1b: Urshifu\n|-damage|p1b: Urshifu|0 fnt\n|faint|p1b: Urshifu\n|-ability|p2b: Calyrex|Grim Neigh|boost\n|-boost|p2b: Calyrex|spa|1\n|move|p1a: Indeedee|Psychic|p2b: Calyrex\n|-damage|p2b: Calyrex|21\/100\n|\n|upkeep\n|turn|7\n|\n|t:|1736941276\n|move|p2b: Calyrex|Astral Barrage|p1a: Indeedee\n|-immune|p1a: Indeedee\n|move|p1a: Indeedee|Psychic|p2b: Calyrex\n|-damage|p2b: Calyrex|0 fnt\n|faint|p2b: Calyrex\n|\n|win|Mojoe93\n|raw|Mojoe93's rating: 1521 &rarr; <strong>1544<\/strong><br \/>(+23 for winning)\n|raw|Crysantimo's rating: 1570 &rarr; <strong>1547<\/strong><br \/>(-23 for losing)\n|c|\u2606Mojoe93|gg\n|l|\u2606Mojoe93\n|player|p1|\n|l|\u2606Crysantimo\n|player|p2|\n","uploadtime":1736941462,"views":14,"formatid":"gen9vgc2025regg","rating":1544,"private":0,"password":null}