{"id":"gen9vgc2025regg-2281119783","format":"[Gen 9] VGC 2025 Reg G","players":["sheevp","GG=Groudon Gaming"],"log":"|j|\u2606sheevp\n|j|\u2606GG=Groudon Gaming\n|t:|1736884881\n|gametype|doubles\n|player|p1|sheevp|102|1551\n|player|p2|GG=Groudon Gaming|may-masters2|1605\n|teamsize|p1|6\n|teamsize|p2|6\n|gen|9\n|tier|[Gen 9] VGC 2025 Reg G\n|rated|\n|rule|Species Clause: Limit one of each Pok\u00e9mon\n|rule|Item Clause: Limit 1 of each item\n|clearpoke\n|poke|p1|Calyrex-Shadow, L50|\n|poke|p1|Tinkaton, L50, F|\n|poke|p1|Urshifu-*, L50, F|\n|poke|p1|Roaring Moon, L50|\n|poke|p1|Landorus, L50, M|\n|poke|p1|Volcarona, L50, F|\n|poke|p2|Groudon, L50|\n|poke|p2|Bronzong, L50|\n|poke|p2|Raging Bolt, L50|\n|poke|p2|Flutter Mane, L50|\n|poke|p2|Ogerpon-Cornerstone, L50, F|\n|poke|p2|Gouging Fire, L50|\n|teampreview|4\n|inactive|Battle timer is ON: inactive players will automatically lose when time's up. (requested by GG=Groudon Gaming)\n|j| finnhead22\n|j| judang\n|inactive|sheevp has 60 seconds left.\n|inactive|GG=Groudon Gaming has 60 seconds left.\n|\n|t:|1736884925\n|start\n|switch|p1a: Roaring Moon|Roaring Moon, L50|100\/100\n|switch|p1b: Volcarona|Volcarona, L50, F|100\/100\n|switch|p2a: Groudon|Groudon, L50|100\/100\n|switch|p2b: Flutter Mane|Flutter Mane, L50|100\/100\n|-weather|SunnyDay|[from] ability: Drought|[of] p2a: Groudon\n|-activate|p2b: Flutter Mane|ability: Protosynthesis\n|-start|p2b: Flutter Mane|protosynthesisspe\n|-activate|p1a: Roaring Moon|ability: Protosynthesis\n|-start|p1a: Roaring Moon|protosynthesisspe\n|turn|1\n|\n|t:|1736884939\n|-terastallize|p1a: Roaring Moon|Flying\n|move|p2b: Flutter Mane|Dazzling Gleam|p1b: Volcarona|[spread] p1a,p1b\n|-resisted|p1b: Volcarona\n|-damage|p1a: Roaring Moon|75\/100\n|-damage|p1b: Volcarona|86\/100\n|move|p1a: Roaring Moon|Tailwind|p1a: Roaring Moon\n|-sidestart|p1: sheevp|move: Tailwind\n|move|p1b: Volcarona|Flamethrower|p2a: Groudon\n|-damage|p2a: Groudon|44\/100\n|move|p2a: Groudon|Precipice Blades|p1b: Volcarona|[spread] p1b\n|-immune|p1a: Roaring Moon\n|-damage|p1b: Volcarona|36\/100\n|\n|-weather|SunnyDay|[upkeep]\n|upkeep\n|turn|2\n|inactive|GG=Groudon Gaming has 30 seconds left.\n|\n|t:|1736884966\n|move|p1b: Volcarona|Protect|p1b: Volcarona\n|-singleturn|p1b: Volcarona|Protect\n|move|p2a: Groudon|Protect|p2a: Groudon\n|-singleturn|p2a: Groudon|Protect\n|move|p1a: Roaring Moon|Knock Off|p2b: Flutter Mane\n|-enditem|p2b: Flutter Mane|Focus Sash\n|-damage|p2b: Flutter Mane|1\/100\n|move|p2b: Flutter Mane|Icy Wind|p1a: Roaring Moon|[spread] p1a\n|-activate|p1b: Volcarona|move: Protect\n|-supereffective|p1a: Roaring Moon\n|-damage|p1a: Roaring Moon|47\/100\n|-unboost|p1a: Roaring Moon|spe|1\n|\n|-weather|SunnyDay|[upkeep]\n|upkeep\n|turn|3\n|l| finnhead22\n|\n|t:|1736884984\n|switch|p2a: Gouging Fire|Gouging Fire, L50|100\/100\n|-activate|p2a: Gouging Fire|ability: Protosynthesis\n|-start|p2a: Gouging Fire|protosynthesisspe\n|move|p1a: Roaring Moon|Knock Off|p2b: Flutter Mane\n|-damage|p2b: Flutter Mane|0 fnt\n|faint|p2b: Flutter Mane\n|-end|p2b: Flutter Mane|Protosynthesis|[silent]\n|move|p1b: Volcarona|Flamethrower|p2a: Gouging Fire\n|-resisted|p2a: Gouging Fire\n|-crit|p2a: Gouging Fire\n|-damage|p2a: Gouging Fire|78\/100\n|\n|-weather|SunnyDay|[upkeep]\n|upkeep\n|\n|t:|1736884989\n|switch|p2b: Raging Bolt|Raging Bolt, L50|100\/100\n|-activate|p2b: Raging Bolt|ability: Protosynthesis\n|-start|p2b: Raging Bolt|protosynthesisspa\n|turn|4\n|\n|t:|1736884997\n|move|p1b: Volcarona|Rage Powder|p1b: Volcarona\n|-singleturn|p1b: Volcarona|move: Rage Powder\n|move|p2b: Raging Bolt|Thunderclap||[still]\n|-fail|p2b: Raging Bolt\n|move|p1a: Roaring Moon|Knock Off|p2b: Raging Bolt\n|-damage|p2b: Raging Bolt|60\/100\n|-enditem|p2b: Raging Bolt|Assault Vest|[from] move: Knock Off|[of] p1a: Roaring Moon\n|move|p2a: Gouging Fire|Flare Blitz|p1b: Volcarona\n|-damage|p1b: Volcarona|0 fnt\n|faint|p1b: Volcarona\n|-damage|p2a: Gouging Fire|67\/100|[from] Recoil\n|\n|-weather|SunnyDay|[upkeep]\n|-sideend|p1: sheevp|move: Tailwind\n|upkeep\n|j| neebieplayersea\n|\n|t:|1736885007\n|switch|p1b: Landorus|Landorus, L50, M|100\/100\n|turn|5\n|\n|t:|1736885024\n|-end|p2b: Raging Bolt|Protosynthesis|[silent]\n|switch|p2b: Groudon|Groudon, L50|44\/100\n|-terastallize|p2a: Gouging Fire|Fairy\n|move|p1a: Roaring Moon|Protect|p1a: Roaring Moon\n|-singleturn|p1a: Roaring Moon|Protect\n|move|p2a: Gouging Fire|Flare Blitz|p1b: Landorus\n|-damage|p1b: Landorus|10\/100\n|-damage|p2a: Gouging Fire|42\/100|[from] Recoil\n|move|p1b: Landorus|Earth Power|p2a: Gouging Fire\n|-damage|p2a: Gouging Fire|0 fnt\n|faint|p2a: Gouging Fire\n|-end|p2a: Gouging Fire|Protosynthesis|[silent]\n|\n|-weather|none\n|-end|p1a: Roaring Moon|Protosynthesis\n|upkeep\n|-enditem|p1a: Roaring Moon|Booster Energy\n|-activate|p1a: Roaring Moon|ability: Protosynthesis|[fromitem]\n|-start|p1a: Roaring Moon|protosynthesisatk\n|\n|t:|1736885033\n|switch|p2a: Raging Bolt|Raging Bolt, L50|60\/100\n|turn|6\n|\n|t:|1736885049\n|move|p2a: Raging Bolt|Thunderclap|p1a: Roaring Moon\n|-supereffective|p1a: Roaring Moon\n|-damage|p1a: Roaring Moon|0 fnt\n|faint|p1a: Roaring Moon\n|-end|p1a: Roaring Moon|Protosynthesis|[silent]\n|move|p1b: Landorus|Earth Power|p2a: Raging Bolt\n|-supereffective|p2a: Raging Bolt\n|-damage|p2a: Raging Bolt|0 fnt\n|faint|p2a: Raging Bolt\n|-end|p2a: Raging Bolt|Protosynthesis|[silent]\n|move|p2b: Groudon|Heat Crash|p1b: Landorus\n|-damage|p1b: Landorus|0 fnt\n|faint|p1b: Landorus\n|\n|upkeep\n|\n|t:|1736885053\n|switch|p1b: Calyrex|Calyrex-Shadow, L50|100\/100\n|-ability|p1b: Calyrex|As One\n|-ability|p1b: Calyrex|Unnerve\n|turn|7\n|\n|t:|1736885055\n|move|p1b: Calyrex|Astral Barrage|p2b: Groudon\n|-damage|p2b: Groudon|0 fnt\n|faint|p2b: Groudon\n|\n|win|sheevp\n|raw|sheevp's rating: 1551 &rarr; <strong>1574<\/strong><br \/>(+23 for winning)\n|raw|GG=Groudon Gaming's rating: 1605 &rarr; <strong>1582<\/strong><br \/>(-23 for losing)\n|l|\u2606GG=Groudon Gaming\n|player|p2|\n|l|\u2606sheevp\n|player|p1|\n","uploadtime":1736885320,"views":29,"formatid":"gen9vgc2025regg","rating":1574,"private":0,"password":null}