{"id":"gen9vgc2025regg-2281383978","format":"[Gen 9] VGC 2025 Reg G","players":["Paradox Mourinho","badpiplupvgc"],"log":"|j|\u2606Paradox Mourinho\n|j|\u2606badpiplupvgc\n|t:|1736918948\n|gametype|doubles\n|player|p1|Paradox Mourinho|lance|1723\n|player|p2|badpiplupvgc|169|1668\n|teamsize|p1|6\n|teamsize|p2|6\n|gen|9\n|tier|[Gen 9] VGC 2025 Reg G\n|rated|\n|rule|Species Clause: Limit one of each Pok\u00e9mon\n|rule|Item Clause: Limit 1 of each item\n|clearpoke\n|poke|p1|Calyrex-Shadow, L50|\n|poke|p1|Gothitelle, L50, M|\n|poke|p1|Urshifu-*, L50, F|\n|poke|p1|Raging Bolt, L50|\n|poke|p1|Chien-Pao, L50|\n|poke|p1|Ditto, L50|\n|poke|p2|Calyrex-Ice, L50|\n|poke|p2|Amoonguss, L50, F|\n|poke|p2|Raging Bolt, L50|\n|poke|p2|Chi-Yu, L50|\n|poke|p2|Rillaboom, L50, M|\n|poke|p2|Urshifu-*, L50, M|\n|teampreview|4\n|inactive|Battle timer is ON: inactive players will automatically lose when time's up. (requested by Paradox Mourinho)\n|\n|t:|1736918988\n|start\n|switch|p1a: Calyrex|Calyrex-Shadow, L50|100\/100\n|switch|p1b: Urshifu|Urshifu-Rapid-Strike, L50, F|100\/100\n|switch|p2a: Chi-Yu|Chi-Yu, L50|100\/100\n|switch|p2b: Raging Bolt|Raging Bolt, L50|100\/100\n|-ability|p1a: Calyrex|As One\n|-ability|p1a: Calyrex|Unnerve\n|-ability|p2a: Chi-Yu|Beads of Ruin\n|-enditem|p2b: Raging Bolt|Booster Energy\n|-activate|p2b: Raging Bolt|ability: Protosynthesis|[fromitem]\n|-start|p2b: Raging Bolt|protosynthesisspa\n|turn|1\n|inactive|badpiplupvgc has 30 seconds left.\n|\n|t:|1736919025\n|switch|p1b: Ditto|Ditto, L50|100\/100\n|-transform|p1b: Ditto|p2a: Chi-Yu|[from] ability: Imposter\n|-ability|p1b: Ditto|Beads of Ruin\n|-terastallize|p1a: Calyrex|Normal\n|move|p2b: Raging Bolt|Thunderclap||[still]\n|-fail|p2b: Raging Bolt\n|move|p2a: Chi-Yu|Snarl|p1a: Calyrex|[spread] p1a,p1b\n|-resisted|p1b: Ditto\n|-damage|p1a: Calyrex|71\/100\n|-damage|p1b: Ditto|89\/100\n|-unboost|p1a: Calyrex|spa|1\n|-unboost|p1b: Ditto|spa|1\n|move|p1a: Calyrex|Astral Barrage|p2a: Chi-Yu|[spread] p2a,p2b\n|-resisted|p2a: Chi-Yu\n|-damage|p2a: Chi-Yu|68\/100\n|-damage|p2b: Raging Bolt|31\/100\n|\n|upkeep\n|turn|2\n|inactive|badpiplupvgc has 30 seconds left.\n|\n|t:|1736919060\n|switch|p1a: Urshifu|Urshifu-Rapid-Strike, L50, F|100\/100\n|move|p2b: Raging Bolt|Thunderclap|p1b: Ditto\n|-damage|p1b: Ditto|36\/100\n|move|p1b: Ditto|Snarl|p2b: Raging Bolt|[spread] p2a,p2b\n|-resisted|p2a: Chi-Yu\n|-damage|p2a: Chi-Yu|59\/100\n|-damage|p2b: Raging Bolt|10\/100\n|-unboost|p2a: Chi-Yu|spa|1\n|-unboost|p2b: Raging Bolt|spa|1\n|move|p2a: Chi-Yu|Snarl|p1a: Urshifu|[spread] p1a,p1b\n|-resisted|p1a: Urshifu\n|-resisted|p1b: Ditto\n|-damage|p1a: Urshifu|87\/100\n|-damage|p1b: Ditto|28\/100\n|-unboost|p1a: Urshifu|spa|1\n|-unboost|p1b: Ditto|spa|1\n|\n|upkeep\n|turn|3\n|inactive|badpiplupvgc has 30 seconds left.\n|\n|t:|1736919091\n|switch|p2a: Calyrex|Calyrex-Ice, L50|100\/100\n|-ability|p2a: Calyrex|As One\n|-ability|p2a: Calyrex|Unnerve\n|move|p1a: Urshifu|Protect|p1a: Urshifu\n|-singleturn|p1a: Urshifu|Protect\n|move|p2b: Raging Bolt|Thunderclap|p1b: Ditto\n|-damage|p1b: Ditto|0 fnt\n|faint|p1b: Ditto\n|\n|upkeep\n|\n|t:|1736919101\n|switch|p1b: Calyrex|Calyrex-Shadow, L50, tera:Normal|71\/100\n|-ability|p1b: Calyrex|As One\n|-ability|p1b: Calyrex|Unnerve\n|turn|4\n|\n|t:|1736919113\n|-terastallize|p2a: Calyrex|Fire\n|move|p2b: Raging Bolt|Thunderclap|p1a: Urshifu\n|-supereffective|p1a: Urshifu\n|-damage|p1a: Urshifu|0 fnt\n|faint|p1a: Urshifu\n|move|p1b: Calyrex|Astral Barrage|p2a: Calyrex|[spread] p2a,p2b\n|-damage|p2a: Calyrex|54\/100\n|-damage|p2b: Raging Bolt|0 fnt\n|faint|p2b: Raging Bolt\n|-end|p2b: Raging Bolt|Protosynthesis|[silent]\n|-ability|p1b: Calyrex|Grim Neigh|boost\n|-boost|p1b: Calyrex|spa|1\n|move|p2a: Calyrex|Trick Room|p2a: Calyrex\n|-fieldstart|move: Trick Room|[of] p2a: Calyrex\n|\n|upkeep\n|\n|t:|1736919125\n|switch|p2b: Urshifu|Urshifu, L50, M|100\/100\n|switch|p1a: Chien-Pao|Chien-Pao, L50|100\/100\n|-ability|p1a: Chien-Pao|Sword of Ruin\n|turn|5\n|-message|Paradox Mourinho forfeited.\n|\n|win|badpiplupvgc\n|raw|Paradox Mourinho's rating: 1723 &rarr; <strong>1700<\/strong><br \/>(-23 for losing)\n|raw|badpiplupvgc's rating: 1668 &rarr; <strong>1691<\/strong><br \/>(+23 for winning)\n|l|\u2606Paradox Mourinho\n|player|p1|\n|j|\u2606Paradox Mourinho\n|player|p1|Paradox Mourinho|lance|\n|l|\u2606badpiplupvgc\n|player|p2|\n|l|\u2606Paradox Mourinho\n|player|p1|\n","uploadtime":1736919294,"views":116,"formatid":"gen9vgc2025regg","rating":1691,"private":0,"password":null}