{"id":"gen9vgc2025regg-2281159858","format":"[Gen 9] VGC 2025 Reg G","players":["eriksp","DioBrando133"],"log":"|j|\u2606eriksp\n|j|\u2606DioBrando133\n|t:|1736889016\n|gametype|doubles\n|player|p1|eriksp|volkner-masters|1616\n|player|p2|DioBrando133|drayden|1600\n|teamsize|p1|6\n|teamsize|p2|6\n|gen|9\n|tier|[Gen 9] VGC 2025 Reg G\n|rated|\n|rule|Species Clause: Limit one of each Pok\u00e9mon\n|rule|Item Clause: Limit 1 of each item\n|clearpoke\n|poke|p1|Calyrex-Ice, L50|\n|poke|p1|Amoonguss, L50, F|\n|poke|p1|Landorus, L50, M|\n|poke|p1|Regieleki, L50|\n|poke|p1|Incineroar, L50, F|\n|poke|p1|Urshifu-*, L50, M|\n|poke|p2|Urshifu-*, L50, F|\n|poke|p2|Flutter Mane, L50|\n|poke|p2|Raging Bolt, L50|\n|poke|p2|Ceruledge, L50, M|\n|poke|p2|Farigiraf, L50, M|\n|poke|p2|Terapagos, L50, M|\n|teampreview|4\neriksp has agreed to open team sheets.\n|inactive|Battle timer is ON: inactive players will automatically lose when time's up. (requested by DioBrando133)\n|inactive|DioBrando133 has 60 seconds left.\n|\n|t:|1736889061\n|start\n|switch|p1a: Incineroar|Incineroar, L50, F|100\/100\n|switch|p1b: Calyrex|Calyrex-Ice, L50|100\/100\n|switch|p2a: Flutter Mane|Flutter Mane, L50|100\/100\n|switch|p2b: Terapagos|Terapagos, L50, M|100\/100\n|-activate|p2b: Terapagos|ability: Tera Shift\n|detailschange|p2b: Terapagos|Terapagos-Terastal, L50, M\n|-heal|p2b: Terapagos|100\/100|[silent]\n|-ability|p1b: Calyrex|As One\n|-ability|p1b: Calyrex|Unnerve\n|-ability|p1a: Incineroar|Intimidate|boost\n|-unboost|p2a: Flutter Mane|atk|1\n|-unboost|p2b: Terapagos|atk|1\n|-enditem|p2a: Flutter Mane|Booster Energy\n|-activate|p2a: Flutter Mane|ability: Protosynthesis|[fromitem]\n|-start|p2a: Flutter Mane|protosynthesisspe\n|turn|1\n|\n|t:|1736889086\n|move|p2a: Flutter Mane|Fake Tears|p1b: Calyrex\n|-fail|p1b: Calyrex|unboost|[from] item: Clear Amulet|[of] p1b: Calyrex\n|move|p2b: Terapagos|Tera Starstorm|p1b: Calyrex\n|-damage|p1b: Calyrex|41\/100\n|move|p1a: Incineroar|Parting Shot|p2b: Terapagos\n|-unboost|p2b: Terapagos|atk|1\n|-unboost|p2b: Terapagos|spa|1\n|\n|t:|1736889092\n|switch|p1a: Amoonguss|Amoonguss, L50, F|100\/100|[from] Parting Shot\n|move|p1b: Calyrex|Glacial Lance|p2a: Flutter Mane|[spread] p2a,p2b\n|-activate|p2b: Terapagos|ability: Tera Shell\n|-resisted|p2b: Terapagos\n|-damage|p2a: Flutter Mane|22\/100\n|-damage|p2b: Terapagos|74\/100\n|\n|upkeep\n|turn|2\n|\n|t:|1736889106\n|move|p1a: Amoonguss|Rage Powder|p1a: Amoonguss\n|-singleturn|p1a: Amoonguss|move: Rage Powder\n|move|p2a: Flutter Mane|Fake Tears|p1a: Amoonguss\n|-unboost|p1a: Amoonguss|spd|2\n|move|p2b: Terapagos|Tera Starstorm|p1a: Amoonguss\n|-damage|p1a: Amoonguss|4\/100\n|move|p1b: Calyrex|Trick Room|p1b: Calyrex\n|-fieldstart|move: Trick Room|[of] p1b: Calyrex\n|\n|upkeep\n|turn|3\n|inactive|DioBrando133 has 30 seconds left.\n|\n|t:|1736889134\n|switch|p2b: Ceruledge|Ceruledge, L50, M|100\/100\n|move|p2a: Flutter Mane|Protect|p2a: Flutter Mane\n|-singleturn|p2a: Flutter Mane|Protect\n|move|p1a: Amoonguss|Spore|p2b: Ceruledge\n|-activate|p2b: Ceruledge|item: Safety Goggles|Spore\n|move|p1b: Calyrex|Glacial Lance|p2b: Ceruledge|[spread] p2b\n|-activate|p2a: Flutter Mane|move: Protect\n|-resisted|p2b: Ceruledge\n|-damage|p2b: Ceruledge|67\/100\n|\n|upkeep\n|turn|4\n|\n|t:|1736889157\n|switch|p1a: Incineroar|Incineroar, L50, F|100\/100\n|-ability|p1a: Incineroar|Intimidate|boost\n|-unboost|p2a: Flutter Mane|atk|1\n|-unboost|p2b: Ceruledge|atk|1\n|move|p1b: Calyrex|Glacial Lance|p2a: Flutter Mane|[spread] p2a,p2b\n|-resisted|p2b: Ceruledge\n|-damage|p2a: Flutter Mane|0 fnt\n|-damage|p2b: Ceruledge|33\/100\n|faint|p2a: Flutter Mane\n|-end|p2a: Flutter Mane|Protosynthesis|[silent]\n|-ability|p1b: Calyrex|Chilling Neigh|boost\n|-boost|p1b: Calyrex|atk|1\n|move|p2b: Ceruledge|Bulk Up|p2b: Ceruledge\n|-boost|p2b: Ceruledge|atk|1\n|-boost|p2b: Ceruledge|def|1\n|\n|upkeep\n|\n|t:|1736889173\n|switch|p2a: Terapagos|Terapagos-Terastal, L50, M|74\/100\n|turn|5\n|\n|t:|1736889182\n|switch|p2a: Farigiraf|Farigiraf, L50, M|100\/100\n|-terastallize|p2b: Ceruledge|Bug\n|move|p2b: Ceruledge|Shadow Sneak|p1b: Calyrex\n|-supereffective|p1b: Calyrex\n|-damage|p1b: Calyrex|15\/100\n|move|p1b: Calyrex|Glacial Lance|p2a: Farigiraf|[spread] p2a,p2b\n|-damage|p2a: Farigiraf|35\/100\n|-damage|p2b: Ceruledge|0 fnt\n|faint|p2b: Ceruledge\n|-ability|p1b: Calyrex|Chilling Neigh|boost\n|-boost|p1b: Calyrex|atk|1\n|move|p1a: Incineroar|Knock Off|p2a: Farigiraf\n|-supereffective|p2a: Farigiraf\n|-damage|p2a: Farigiraf|0 fnt\n|-damage|p1a: Incineroar|84\/100|[from] item: Rocky Helmet|[of] p2a: Farigiraf\n|-enditem|p2a: Farigiraf|Rocky Helmet|[from] move: Knock Off|[of] p1a: Incineroar\n|faint|p2a: Farigiraf\n|\n|upkeep\n|l|\u2606DioBrando133\n|inactive|DioBrando133 disconnected and has a minute to reconnect!\n|player|p2|\n|inactive|DioBrando133 has 30 seconds left.\n|inactive|DioBrando133 has 20 seconds left.\n|inactive|DioBrando133 has 15 seconds left.\n|inactive|DioBrando133 has 10 seconds left.\n|inactive|DioBrando133 has 5 seconds left.\n|-message|DioBrando133 lost due to inactivity.\n|\n|win|eriksp\n|raw|eriksp's rating: 1616 &rarr; <strong>1635<\/strong><br \/>(+19 for winning)\n|raw|DioBrando133's rating: 1600 &rarr; <strong>1581<\/strong><br \/>(-19 for losing)\n|l|\u2606eriksp\n|player|p1|\n","uploadtime":1736889504,"views":25,"formatid":"gen9vgc2025regg","rating":1581,"private":0,"password":null}