{"id":"gen9vgc2025regg-2281691455","format":"[Gen 9] VGC 2025 Reg G","players":["Bicycle Bandy","BBJHoTS"],"log":"|j|\u2606Bicycle Bandy\n|j|\u2606BBJHoTS\n|t:|1736963625\n|gametype|doubles\n|player|p1|Bicycle Bandy|cyclistf|1573\n|player|p2|BBJHoTS|101|1650\n|teamsize|p1|6\n|teamsize|p2|6\n|gen|9\n|tier|[Gen 9] VGC 2025 Reg G\n|rated|\n|rule|Species Clause: Limit one of each Pok\u00e9mon\n|rule|Item Clause: Limit 1 of each item\n|clearpoke\n|poke|p1|Weezing-Galar, L50, M|\n|poke|p1|Calyrex-Shadow, L50|\n|poke|p1|Urshifu-*, L50, F|\n|poke|p1|Clodsire, L50, M|\n|poke|p1|Indeedee-F, L50, F|\n|poke|p1|Iron Valiant, L50|\n|poke|p2|Incineroar, L50, F|\n|poke|p2|Rillaboom, L50, F|\n|poke|p2|Ogerpon-Hearthflame, L50, F|\n|poke|p2|Flutter Mane, L50|\n|poke|p2|Urshifu-*, L50, F|\n|poke|p2|Terapagos, L50, M|\n|teampreview|4\n|inactive|Battle timer is ON: inactive players will automatically lose when time's up. (requested by BBJHoTS)\n|inactive|Bicycle Bandy has 60 seconds left.\n|inactive|BBJHoTS has 60 seconds left.\n|\n|t:|1736963662\n|start\n|switch|p1a: Iron Valiant|Iron Valiant, L50, shiny|100\/100\n|switch|p1b: Indeedee|Indeedee-F, L50, F, shiny|100\/100\n|switch|p2a: Incineroar|Incineroar, L50, F, shiny|100\/100\n|switch|p2b: Terapagos|Terapagos, L50, M|100\/100\n|-activate|p2b: Terapagos|ability: Tera Shift\n|detailschange|p2b: Terapagos|Terapagos-Terastal, L50, M\n|-heal|p2b: Terapagos|100\/100|[silent]\n|-fieldstart|move: Psychic Terrain|[from] ability: Psychic Surge|[of] p1b: Indeedee\n|-enditem|p1b: Indeedee|Psychic Seed\n|-boost|p1b: Indeedee|spd|1|[from] item: Psychic Seed\n|-ability|p2a: Incineroar|Intimidate|boost\n|-unboost|p1a: Iron Valiant|atk|1\n|-unboost|p1b: Indeedee|atk|1\n|-enditem|p1a: Iron Valiant|Booster Energy\n|-activate|p1a: Iron Valiant|ability: Quark Drive|[fromitem]\n|-start|p1a: Iron Valiant|quarkdrivespe\n|turn|1\n|\n|t:|1736963673\n|switch|p1b: Weezing|Weezing-Galar, L50, M, shiny|100\/100\n|-ability|p1b: Weezing|Neutralizing Gas\n|move|p1a: Iron Valiant|Close Combat|p2b: Terapagos\n|-supereffective|p2b: Terapagos\n|-damage|p2b: Terapagos|40\/100\n|-unboost|p1a: Iron Valiant|def|1\n|-unboost|p1a: Iron Valiant|spd|1\n|move|p2b: Terapagos|Calm Mind|p2b: Terapagos\n|-boost|p2b: Terapagos|spa|1\n|-boost|p2b: Terapagos|spd|1\n|move|p2a: Incineroar|Will-O-Wisp|p1a: Iron Valiant\n|-status|p1a: Iron Valiant|brn\n|\n|-heal|p2b: Terapagos|47\/100|[from] item: Leftovers\n|-damage|p1a: Iron Valiant|94\/100 brn|[from] brn\n|upkeep\n|turn|2\n|j| advadvadv56\n|inactive|Bicycle Bandy has 30 seconds left.\n|j| BreadTest\n|inactive|Bicycle Bandy has 20 seconds left.\n|\n|t:|1736963708\n|move|p2b: Terapagos|Protect|p2b: Terapagos\n|-singleturn|p2b: Terapagos|Protect\n|move|p1b: Weezing|Taunt|p2a: Incineroar\n|-start|p2a: Incineroar|move: Taunt\n|move|p1a: Iron Valiant|Encore|p2b: Terapagos\n|-activate|p2b: Terapagos|move: Protect\n|cant|p2a: Incineroar|move: Taunt|Parting Shot\n|\n|-heal|p2b: Terapagos|53\/100|[from] item: Leftovers\n|-damage|p1a: Iron Valiant|88\/100 brn|[from] brn\n|upkeep\n|turn|3\n|\n|t:|1736963729\n|-end|p1b: Weezing|ability: Neutralizing Gas\n|-ability|p2a: Incineroar|Intimidate|boost\n|-unboost|p1a: Iron Valiant|atk|1\n|-unboost|p1b: Weezing|atk|1\n|switch|p1b: Calyrex|Calyrex-Shadow, L50|100\/100\n|-ability|p1b: Calyrex|As One\n|-ability|p1b: Calyrex|Unnerve\n|switch|p2b: Urshifu|Urshifu-Rapid-Strike, L50, F|100\/100\n|move|p1a: Iron Valiant|Encore||[still]\n|-fail|p1a: Iron Valiant\n|move|p2a: Incineroar|Knock Off|p1b: Calyrex\n|-supereffective|p1b: Calyrex\n|-damage|p1b: Calyrex|0 fnt\n|-enditem|p1b: Calyrex|Choice Specs|[from] move: Knock Off|[of] p2a: Incineroar\n|faint|p1b: Calyrex\n|\n|-damage|p1a: Iron Valiant|82\/100 brn|[from] brn\n|upkeep\n|\n|t:|1736963745\n|switch|p1b: Weezing|Weezing-Galar, L50, M, shiny|100\/100\n|-ability|p1b: Weezing|Neutralizing Gas\n|turn|4\n|\n|t:|1736963763\n|-end|p1a: Iron Valiant|Quark Drive|[silent]\n|switch|p1a: Indeedee|Indeedee-F, L50, F, shiny|100\/100\n|-terastallize|p2b: Urshifu|Poison\n|move|p1b: Weezing|Dazzling Gleam|p2b: Urshifu|[spread] p2a,p2b\n|-resisted|p2b: Urshifu\n|-damage|p2a: Incineroar|79\/100\n|-damage|p2b: Urshifu|82\/100\n|move|p2b: Urshifu|Surging Strikes|p1a: Indeedee\n|-crit|p1a: Indeedee\n|-damage|p1a: Indeedee|78\/100\n|-crit|p1a: Indeedee\n|-damage|p1a: Indeedee|54\/100\n|-crit|p1a: Indeedee\n|-damage|p1a: Indeedee|35\/100\n|-hitcount|p1a: Indeedee|3\n|move|p2a: Incineroar|Knock Off|p1b: Weezing\n|-resisted|p1b: Weezing\n|-damage|p1b: Weezing|82\/100\n|-enditem|p1b: Weezing|Choice Scarf|[from] move: Knock Off|[of] p2a: Incineroar\n|\n|-end|p2a: Incineroar|move: Taunt\n|upkeep\n|turn|5\n|\n|t:|1736963785\n|-terastallize|p1b: Weezing|Dark\n|move|p1a: Indeedee|Helping Hand|p1b: Weezing\n|-singleturn|p1b: Weezing|Helping Hand|[of] p1a: Indeedee\n|move|p2b: Urshifu|Surging Strikes|p1a: Indeedee\n|-crit|p1a: Indeedee\n|-damage|p1a: Indeedee|14\/100\n|-crit|p1a: Indeedee\n|-damage|p1a: Indeedee|0 fnt\n|faint|p1a: Indeedee\n|-hitcount|p1: Indeedee|2\n|move|p1b: Weezing|Dark Pulse|p2b: Urshifu\n|-crit|p2b: Urshifu\n|-damage|p2b: Urshifu|0 fnt\n|faint|p2b: Urshifu\n|move|p2a: Incineroar|Parting Shot|p1b: Weezing\n|-unboost|p1b: Weezing|atk|1\n|-unboost|p1b: Weezing|spa|1\n|\n|t:|1736963797\n|switch|p2a: Flutter Mane|Flutter Mane, L50|100\/100|[from] Parting Shot\n|\n|-fieldend|move: Psychic Terrain\n|upkeep\n|\n|t:|1736963802\n|switch|p2b: Incineroar|Incineroar, L50, F, shiny|79\/100\n|switch|p1a: Iron Valiant|Iron Valiant, L50, shiny|82\/100 brn\n|turn|6\n|\n|t:|1736963811\n|move|p1a: Iron Valiant|Wide Guard|p1a: Iron Valiant\n|-singleturn|p1a: Iron Valiant|Wide Guard\n|move|p2b: Incineroar|Fake Out|p1a: Iron Valiant\n|-damage|p1a: Iron Valiant|68\/100 brn\n|move|p2a: Flutter Mane|Moonblast|p1b: Weezing\n|-supereffective|p1b: Weezing\n|-damage|p1b: Weezing|0 fnt\n|faint|p1b: Weezing\n|-end|p1b: Weezing|ability: Neutralizing Gas\n|-ability|p2b: Incineroar|Intimidate|boost\n|-unboost|p1a: Iron Valiant|atk|1\n|-enditem|p2a: Flutter Mane|Booster Energy\n|-activate|p2a: Flutter Mane|ability: Protosynthesis|[fromitem]\n|-start|p2a: Flutter Mane|protosynthesisspe\n|\n|-damage|p1a: Iron Valiant|62\/100 brn|[from] brn\n|upkeep\n|turn|7\n|\n|t:|1736963820\n|move|p2a: Flutter Mane|Moonblast|p1a: Iron Valiant\n|-supereffective|p1a: Iron Valiant\n|-damage|p1a: Iron Valiant|0 fnt\n|faint|p1a: Iron Valiant\n|-end|p1a: Iron Valiant|Quark Drive|[silent]\n|\n|win|BBJHoTS\n|raw|Bicycle Bandy's rating: 1573 &rarr; <strong>1557<\/strong><br \/>(-16 for losing)\n|raw|BBJHoTS's rating: 1650 &rarr; <strong>1666<\/strong><br \/>(+16 for winning)\n|l|\u2606BBJHoTS\n|player|p2|\n|l| BreadTest\n|l| advadvadv56\n","uploadtime":1736964021,"views":12,"formatid":"gen9vgc2025regg","rating":1557,"private":0,"password":null}