{"id":"gen9vgc2025regg-2281322302","format":"[Gen 9] VGC 2025 Reg G","players":["stbai","bieiup"],"log":"|j|\u2606stbai\n|j|\u2606bieiup\n|t:|1736909351\n|gametype|doubles\n|player|p1|stbai|janitor|1544\n|player|p2|bieiup|lillie-z|1616\n|teamsize|p1|6\n|teamsize|p2|6\n|gen|9\n|tier|[Gen 9] VGC 2025 Reg G\n|rated|\n|rule|Species Clause: Limit one of each Pok\u00e9mon\n|rule|Item Clause: Limit 1 of each item\n|clearpoke\n|poke|p1|Tatsugiri, L50, M|\n|poke|p1|Terapagos, L50, M|\n|poke|p1|Pawmot, L50, F|\n|poke|p1|Flutter Mane, L50|\n|poke|p1|Latios, L50, M|\n|poke|p1|Dondozo, L50, M|\n|poke|p2|Gloom, L50, M|\n|poke|p2|Armarouge, L50, M|\n|poke|p2|Indeedee-F, L50, F|\n|poke|p2|Dewgong, L50, M|\n|poke|p2|Ting-Lu, L50|\n|poke|p2|Lunala, L50|\n|teampreview|4\n|inactive|Battle timer is ON: inactive players will automatically lose when time's up. (requested by stbai)\nstbai has agreed to open team sheets.\n|\n|t:|1736909372\n|start\n|switch|p1a: Terapagos|Terapagos, L50, M|100\/100\n|switch|p1b: Dondozo|Dondozo, L50, M|100\/100\n|switch|p2a: Dewgong|Dewgong, L50, M|100\/100\n|switch|p2b: Lunala|Lunala, L50|100\/100\n|-activate|p1a: Terapagos|ability: Tera Shift\n|detailschange|p1a: Terapagos|Terapagos-Terastal, L50, M\n|-heal|p1a: Terapagos|100\/100|[silent]\n|turn|1\n|inactive|stbai has 30 seconds left.\n|\n|t:|1736909399\n|move|p2b: Lunala|Meteor Beam||[still]\n|-prepare|p2b: Lunala|Meteor Beam\n|-boost|p2b: Lunala|spa|1\n|-enditem|p2b: Lunala|Power Herb\n|-anim|p2b: Lunala|Meteor Beam|p1b: Dondozo\n|-damage|p1b: Dondozo|57\/100\n|move|p1a: Terapagos|Tera Starstorm|p2a: Dewgong\n|-damage|p2a: Dewgong|9\/100\n|move|p2a: Dewgong|Perish Song|p2a: Dewgong\n|-start|p1a: Terapagos|perish3|[silent]\n|-start|p1b: Dondozo|perish3|[silent]\n|-start|p2a: Dewgong|perish3|[silent]\n|-start|p2b: Lunala|perish3|[silent]\n|-fieldactivate|move: Perish Song\n|move|p1b: Dondozo|Order Up|p2b: Lunala\n|-damage|p2b: Lunala|89\/100\n|\n|-heal|p1b: Dondozo|63\/100|[from] item: Leftovers\n|-start|p2b: Lunala|perish3\n|-start|p1a: Terapagos|perish3\n|-start|p2a: Dewgong|perish3\n|-start|p1b: Dondozo|perish3\n|upkeep\n|turn|2\n|j| Golett Kombucha\n|\n|t:|1736909412\n|switch|p1a: Tatsugiri|Tatsugiri, L50, M|100\/100\n|-activate|p1a: Tatsugiri|ability: Commander|[of] p1b: Dondozo\n|-boost|p1b: Dondozo|atk|2\n|-boost|p1b: Dondozo|spa|2\n|-boost|p1b: Dondozo|spe|2\n|-boost|p1b: Dondozo|def|2\n|-boost|p1b: Dondozo|spd|2\n|switch|p2a: Gloom|Gloom, L50, M|100\/100\n|move|p1b: Dondozo|Earthquake|p2a: Gloom|[spread] p2a,p2b\n|-miss|p1b: Dondozo|p1a: Tatsugiri\n|-damage|p2a: Gloom|67\/100\n|-damage|p2b: Lunala|48\/100\n|move|p2b: Lunala|Moongeist Beam|p1b: Dondozo\n|-damage|p1b: Dondozo|25\/100\n|\n|-heal|p1b: Dondozo|32\/100|[from] item: Leftovers\n|-start|p1b: Dondozo|perish2\n|-start|p2b: Lunala|perish2\n|upkeep\n|turn|3\n|\n|t:|1736909440\n|move|p2b: Lunala|Wide Guard|p2b: Lunala\n|-singleturn|p2b: Lunala|Wide Guard\n|move|p1b: Dondozo|Order Up|p2a: Gloom\n|-damage|p2a: Gloom|30\/100\n|-boost|p1b: Dondozo|atk|1\n|move|p2a: Gloom|Pollen Puff|p2b: Lunala\n|-heal|p2b: Lunala|98\/100\n|\n|-heal|p1b: Dondozo|38\/100|[from] item: Leftovers\n|-start|p1b: Dondozo|perish1\n|-start|p2b: Lunala|perish1\n|upkeep\n|turn|4\n|j| vgdjfifIFFIGgcu\n|\n|t:|1736909449\n|switch|p2b: Ting-Lu|Ting-Lu, L50|100\/100\n|-ability|p2b: Ting-Lu|Vessel of Ruin\n|switch|p2a: Dewgong|Dewgong, L50, M|9\/100\n|move|p1b: Dondozo|Earthquake|p2a: Dewgong|[spread] p2a,p2b\n|-miss|p1b: Dondozo|p1a: Tatsugiri\n|-damage|p2a: Dewgong|0 fnt\n|-damage|p2b: Ting-Lu|73\/100\n|faint|p2a: Dewgong\n|\n|-heal|p1b: Dondozo|44\/100|[from] item: Leftovers\n|-start|p1b: Dondozo|perish0\n|upkeep\n|faint|p1b: Dondozo\n|\n|t:|1736909464\n|switch|p2a: Lunala|Lunala, L50|98\/100\n|switch|p1b: Pawmot|Pawmot, L50, F|100\/100\n|turn|5\n|\n|t:|1736909488\n|-terastallize|p2b: Ting-Lu|Poison\n|move|p1b: Pawmot|Revival Blessing|p1b: Pawmot\n|\n|t:|1736909496\n|-heal|p1: Dondozo|50\/100|[from] move: Revival Blessing\n|move|p2a: Lunala|Moonblast|p1a: Tatsugiri\n|-supereffective|p1a: Tatsugiri\n|-damage|p1a: Tatsugiri|35\/100\n|-unboost|p1a: Tatsugiri|spa|1\n|move|p1a: Tatsugiri|Muddy Water|p2b: Ting-Lu|[spread] p2a,p2b\n|-damage|p2a: Lunala|82\/100\n|-damage|p2b: Ting-Lu|65\/100\n|move|p2b: Ting-Lu|Snarl|p1a: Tatsugiri|[spread] p1a,p1b\n|-resisted|p1b: Pawmot\n|-damage|p1a: Tatsugiri|24\/100\n|-damage|p1b: Pawmot|92\/100\n|-unboost|p1a: Tatsugiri|spa|1\n|-unboost|p1b: Pawmot|spa|1\n|\n|upkeep\n|turn|6\n|j| jasonrfry4\n|\n|t:|1736909516\n|switch|p1b: Dondozo|Dondozo, L50, M|50\/100\n|-activate|p1a: Tatsugiri|ability: Commander|[of] p1b: Dondozo\n|-boost|p1b: Dondozo|atk|2\n|-boost|p1b: Dondozo|spa|2\n|-boost|p1b: Dondozo|spe|2\n|-boost|p1b: Dondozo|def|2\n|-boost|p1b: Dondozo|spd|2\n|switch|p2a: Gloom|Gloom, L50, M|30\/100\n|move|p2b: Ting-Lu|Stomping Tantrum|p1b: Dondozo\n|-damage|p1b: Dondozo|39\/100\n|\n|-heal|p1b: Dondozo|45\/100|[from] item: Leftovers\n|upkeep\n|turn|7\n|\n|t:|1736909537\n|switch|p2b: Lunala|Lunala, L50|82\/100\n|move|p1b: Dondozo|Earthquake|p2b: Lunala|[spread] p2a,p2b\n|-miss|p1b: Dondozo|p1a: Tatsugiri\n|-damage|p2a: Gloom|0 fnt\n|-damage|p2b: Lunala|45\/100\n|faint|p2a: Gloom\n|\n|-heal|p1b: Dondozo|51\/100|[from] item: Leftovers\n|upkeep\n|-message|bieiup forfeited.\n|\n|win|stbai\n|raw|stbai's rating: 1544 &rarr; <strong>1568<\/strong><br \/>(+24 for winning)\n|raw|bieiup's rating: 1616 &rarr; <strong>1592<\/strong><br \/>(-24 for losing)\n|l|\u2606bieiup\n|player|p2|\n|l|\u2606stbai\n|player|p1|\n|l| Golett Kombucha\n","uploadtime":1736909720,"views":15,"formatid":"gen9vgc2025regg","rating":1568,"private":0,"password":null}