{"id":"gen9vgc2025regg-2281694451","format":"[Gen 9] VGC 2025 Reg G","players":["Benjojos","Ibberdytten"],"log":"|j|\u2606Benjojos\n|j|\u2606Ibberdytten\n|t:|1736963924\n|gametype|doubles\n|player|p1|Benjojos|1|1568\n|player|p2|Ibberdytten|clerkf|1564\n|teamsize|p1|6\n|teamsize|p2|6\n|gen|9\n|tier|[Gen 9] VGC 2025 Reg G\n|rated|\n|rule|Species Clause: Limit one of each Pok\u00e9mon\n|rule|Item Clause: Limit 1 of each item\n|clearpoke\n|poke|p1|Kyogre, L50|\n|poke|p1|Tsareena, L50, F|\n|poke|p1|Tornadus, L50, M|\n|poke|p1|Archaludon, L50, F|\n|poke|p1|Electabuzz, L50, F|\n|poke|p1|Grimmsnarl, L50, M|\n|poke|p2|Calyrex-Shadow, L50|\n|poke|p2|Weezing-Galar, L50, F|\n|poke|p2|Dondozo, L50, M|\n|poke|p2|Tatsugiri-Droopy, L50, M|\n|poke|p2|Indeedee-F, L50, F|\n|poke|p2|Urshifu-*, L50, M|\n|teampreview|4\n|inactive|Battle timer is ON: inactive players will automatically lose when time's up. (requested by Benjojos)\n|\n|t:|1736963946\n|start\n|switch|p1a: Kyogre|Kyogre, L50, shiny|100\/100\n|switch|p1b: Tsareena|Tsareena, L50, F, shiny|100\/100\n|switch|p2a: Weezing|Weezing-Galar, L50, F|100\/100\n|switch|p2b: Calyrex|Calyrex-Shadow, L50|100\/100\n|-ability|p2b: Calyrex|As One\n|-ability|p2b: Calyrex|Unnerve\n|-ability|p2a: Weezing|Neutralizing Gas\n|turn|1\n|inactive|Ibberdytten has 30 seconds left.\n|\n|t:|1736963973\n|move|p1b: Tsareena|Helping Hand|p1a: Kyogre\n|-singleturn|p1a: Kyogre|Helping Hand|[of] p1b: Tsareena\n|move|p1a: Kyogre|Water Spout|p2b: Calyrex|[spread] p2a,p2b\n|-damage|p2a: Weezing|0 fnt\n|-damage|p2b: Calyrex|0 fnt\n|faint|p2a: Weezing\n|-end|p2a: Weezing|ability: Neutralizing Gas\n|-weather|RainDance|[from] ability: Drizzle|[of] p1a: Kyogre\n|faint|p2b: Calyrex\n|\n|-weather|RainDance|[upkeep]\n|upkeep\n|\n|t:|1736963982\n|switch|p2b: Tatsugiri|Tatsugiri-Droopy, L50, M|100\/100\n|switch|p2a: Dondozo|Dondozo, L50, M|100\/100\n|-activate|p2b: Tatsugiri|ability: Commander|[of] p2a: Dondozo\n|-boost|p2a: Dondozo|atk|2\n|-boost|p2a: Dondozo|spa|2\n|-boost|p2a: Dondozo|spe|2\n|-boost|p2a: Dondozo|def|2\n|-boost|p2a: Dondozo|spd|2\n|turn|2\n|inactive|Ibberdytten has 30 seconds left.\n|inactive|Ibberdytten has 20 seconds left.\n|\n|t:|1736964020\n|switch|p1a: Electabuzz|Electabuzz, L50, F|100\/100\n|move|p2a: Dondozo|Order Up|p1b: Tsareena\n|-damage|p1b: Tsareena|54\/100\n|-boost|p2a: Dondozo|def|1\n|move|p1b: Tsareena|Power Whip|p2a: Dondozo\n|-supereffective|p2a: Dondozo\n|-damage|p2a: Dondozo|73\/100\n|\n|-weather|RainDance|[upkeep]\n|-heal|p2a: Dondozo|79\/100|[from] item: Leftovers\n|upkeep\n|turn|3\n|j| advadvadv56\n|\n|t:|1736964039\n|switch|p1b: Archaludon|Archaludon, L50, F|100\/100\n|move|p2a: Dondozo|Protect|p2a: Dondozo\n|-singleturn|p2a: Dondozo|Protect\n|move|p1a: Electabuzz|Follow Me|p1a: Electabuzz\n|-singleturn|p1a: Electabuzz|move: Follow Me\n|\n|-weather|RainDance|[upkeep]\n|-heal|p2a: Dondozo|85\/100|[from] item: Leftovers\n|upkeep\n|turn|4\n|\n|t:|1736964055\n|-terastallize|p2a: Dondozo|Grass\n|move|p1a: Electabuzz|Follow Me|p1a: Electabuzz\n|-singleturn|p1a: Electabuzz|move: Follow Me\n|move|p2a: Dondozo|Body Press|p1a: Electabuzz\n|-crit|p1a: Electabuzz\n|-damage|p1a: Electabuzz|29\/100\n|move|p1b: Archaludon|Draco Meteor|p2a: Dondozo\n|-damage|p2a: Dondozo|50\/100\n|-unboost|p1b: Archaludon|spa|2\n|\n|-weather|RainDance|[upkeep]\n|-heal|p2a: Dondozo|57\/100|[from] item: Leftovers\n|upkeep\n|turn|5\n|j| BBJHoTS\n|l| BBJHoTS\n|\n|t:|1736964065\n|move|p2a: Dondozo|Protect|p2a: Dondozo\n|-singleturn|p2a: Dondozo|Protect\n|move|p1a: Electabuzz|Feint|p2a: Dondozo\n|-activate|p2a: Dondozo|move: Feint\n|-damage|p2a: Dondozo|55\/100\n|move|p1b: Archaludon|Draco Meteor|p2a: Dondozo\n|-damage|p2a: Dondozo|25\/100\n|-unboost|p1b: Archaludon|spa|2\n|\n|-weather|none\n|-heal|p2a: Dondozo|31\/100|[from] item: Leftovers\n|upkeep\n|turn|6\n|\n|t:|1736964075\n|-terastallize|p1a: Electabuzz|Ghost\n|move|p1a: Electabuzz|Follow Me|p1a: Electabuzz\n|-singleturn|p1a: Electabuzz|move: Follow Me\n|move|p2a: Dondozo|Body Press|p1a: Electabuzz\n|-immune|p1a: Electabuzz\n|move|p1b: Archaludon|Draco Meteor|p2a: Dondozo\n|-damage|p2a: Dondozo|0 fnt\n|-unboost|p1b: Archaludon|spa|2\n|faint|p2a: Dondozo\n|\n|upkeep\n|turn|7\n|-message|Ibberdytten forfeited.\n|\n|win|Benjojos\n|raw|Benjojos's rating: 1568 &rarr; <strong>1588<\/strong><br \/>(+20 for winning)\n|raw|Ibberdytten's rating: 1564 &rarr; <strong>1544<\/strong><br \/>(-20 for losing)\n|l|\u2606Ibberdytten\n|player|p2|\n|c|\u2606Benjojos|ez\n|l| advadvadv56\n|j|\u2606Ibberdytten\n|player|p2|Ibberdytten|clerkf|\n|l|\u2606Ibberdytten\n|player|p2|\n","uploadtime":1736964299,"views":42,"formatid":"gen9vgc2025regg","rating":1544,"private":0,"password":null}