{"id":"gen9vgc2025regg-2281662858","format":"[Gen 9] VGC 2025 Reg G","players":["BigSalta","chin8"],"log":"|j|\u2606BigSalta\n|j|\u2606chin8\n|t:|1736960807\n|gametype|doubles\n|player|p1|BigSalta|1|1636\n|player|p2|chin8|gentleman-gen4dp|1567\n|teamsize|p1|6\n|teamsize|p2|6\n|gen|9\n|tier|[Gen 9] VGC 2025 Reg G\n|rated|\n|rule|Species Clause: Limit one of each Pok\u00e9mon\n|rule|Item Clause: Limit 1 of each item\n|clearpoke\n|poke|p1|Kyogre, L50|\n|poke|p1|Roaring Moon, L50|\n|poke|p1|Amoonguss, L50, F|\n|poke|p1|Incineroar, L50, F|\n|poke|p1|Rillaboom, L50, M|\n|poke|p1|Urshifu-*, L50, M|\n|poke|p2|Calyrex-Shadow, L50|\n|poke|p2|Incineroar, L50, M|\n|poke|p2|Rillaboom, L50, M|\n|poke|p2|Gastrodon-East, L50, M|\n|poke|p2|Gholdengo, L50|\n|poke|p2|Tropius, L50, M|\n|teampreview|4\n|inactive|Battle timer is ON: inactive players will automatically lose when time's up. (requested by chin8)\n|inactive|BigSalta has 60 seconds left.\n|\n|t:|1736960879\n|start\n|switch|p1a: Kyogre|Kyogre, L50|100\/100\n|switch|p1b: Roaring Moon|Roaring Moon, L50|100\/100\n|switch|p2a: Calyrex|Calyrex-Shadow, L50|100\/100\n|switch|p2b: Rillaboom|Rillaboom, L50, M|100\/100\n|-ability|p2a: Calyrex|As One\n|-ability|p2a: Calyrex|Unnerve\n|-weather|RainDance|[from] ability: Drizzle|[of] p1a: Kyogre\n|-fieldstart|move: Grassy Terrain|[from] ability: Grassy Surge|[of] p2b: Rillaboom\n|-enditem|p1b: Roaring Moon|Booster Energy\n|-activate|p1b: Roaring Moon|ability: Protosynthesis|[fromitem]\n|-start|p1b: Roaring Moon|protosynthesisspe\n|turn|1\n|\n|t:|1736960896\n|-terastallize|p2a: Calyrex|Fairy\n|move|p1b: Roaring Moon|Protect|p1b: Roaring Moon\n|-singleturn|p1b: Roaring Moon|Protect\n|move|p2b: Rillaboom|Fake Out|p1b: Roaring Moon\n|-activate|p1b: Roaring Moon|move: Protect\n|move|p2a: Calyrex|Calm Mind|p2a: Calyrex\n|-boost|p2a: Calyrex|spa|1\n|-boost|p2a: Calyrex|spd|1\n|move|p1a: Kyogre|Calm Mind|p1a: Kyogre\n|-boost|p1a: Kyogre|spa|1\n|-boost|p1a: Kyogre|spd|1\n|\n|-weather|RainDance|[upkeep]\n|upkeep\n|turn|2\n|j| BreadTest\n|j| Avocado88\n|\n|t:|1736960917\n|move|p1b: Roaring Moon|Tailwind|p1b: Roaring Moon\n|-sidestart|p1: BigSalta|move: Tailwind\n|move|p1a: Kyogre|Origin Pulse|p2b: Rillaboom|[spread] p2a,p2b\n|-resisted|p2b: Rillaboom\n|-damage|p2a: Calyrex|35\/100\n|-damage|p2b: Rillaboom|64\/100\n|move|p2a: Calyrex|Calm Mind|p2a: Calyrex\n|-boost|p2a: Calyrex|spa|1\n|-boost|p2a: Calyrex|spd|1\n|move|p2b: Rillaboom|Wood Hammer|p1a: Kyogre\n|-supereffective|p1a: Kyogre\n|-damage|p1a: Kyogre|0 fnt\n|faint|p1a: Kyogre\n|-damage|p2b: Rillaboom|32\/100|[from] Recoil\n|\n|-weather|RainDance|[upkeep]\n|-heal|p2a: Calyrex|40\/100|[from] Grassy Terrain\n|-heal|p2b: Rillaboom|38\/100|[from] Grassy Terrain\n|upkeep\n|j| neebieplayersea\n|j| advadvadv56\n|l| Avocado88\n|\n|t:|1736960937\n|switch|p1a: Rillaboom|Rillaboom, L50, M|100\/100\n|turn|3\n|\n|t:|1736960958\n|-end|p1b: Roaring Moon|Protosynthesis|[silent]\n|switch|p1b: Urshifu|Urshifu-Rapid-Strike, L50, M|100\/100\n|switch|p2b: Gastrodon|Gastrodon-East, L50, M, shiny|100\/100\n|move|p2a: Calyrex|Protect|p2a: Calyrex\n|-singleturn|p2a: Calyrex|Protect\n|move|p1a: Rillaboom|Wood Hammer|p2a: Calyrex\n|-activate|p2a: Calyrex|move: Protect\n|\n|-weather|RainDance|[upkeep]\n|-heal|p2a: Calyrex|46\/100|[from] Grassy Terrain\n|upkeep\n|turn|4\n|\n|t:|1736960979\n|switch|p2a: Rillaboom|Rillaboom, L50, M|38\/100\n|switch|p2b: Tropius|Tropius, L50, M|100\/100\n|move|p1b: Urshifu|U-turn|p2a: Rillaboom\n|-supereffective|p2a: Rillaboom\n|-damage|p2a: Rillaboom|0 fnt\n|faint|p2a: Rillaboom\n|\n|t:|1736960988\n|switch|p1b: Roaring Moon|Roaring Moon, L50|100\/100|[from] U-turn\n|move|p1a: Rillaboom|Wood Hammer|p2b: Tropius\n|-resisted|p2b: Tropius\n|-damage|p2b: Tropius|83\/100\n|-damage|p1a: Rillaboom|95\/100|[from] Recoil\n|\n|-weather|RainDance|[upkeep]\n|-heal|p1a: Rillaboom|100\/100|[from] Grassy Terrain\n|upkeep\n|\n|t:|1736960993\n|switch|p2a: Calyrex|Calyrex-Shadow, L50, tera:Fairy|46\/100\n|-ability|p2a: Calyrex|As One\n|-ability|p2a: Calyrex|Unnerve\n|turn|5\n|\n|t:|1736961012\n|move|p2a: Calyrex|Protect|p2a: Calyrex\n|-singleturn|p2a: Calyrex|Protect\n|move|p1b: Roaring Moon|Knock Off|p2b: Tropius\n|-damage|p2b: Tropius|34\/100\n|-enditem|p2b: Tropius|Sitrus Berry|[from] move: Knock Off|[of] p1b: Roaring Moon\n|move|p1a: Rillaboom|U-turn|p2b: Tropius\n|-damage|p2b: Tropius|11\/100\n|\n|t:|1736961021\n|switch|p1a: Urshifu|Urshifu-Rapid-Strike, L50, M|100\/100|[from] U-turn\n|move|p2b: Tropius|Hurricane|p1a: Urshifu\n|-supereffective|p1a: Urshifu\n|-damage|p1a: Urshifu|24\/100\n|\n|-weather|none\n|-heal|p1a: Urshifu|31\/100|[from] Grassy Terrain\n|-heal|p2a: Calyrex|52\/100|[from] Grassy Terrain\n|-sideend|p1: BigSalta|move: Tailwind\n|-fieldend|move: Grassy Terrain\n|upkeep\n|turn|6\n|inactive|BigSalta has 30 seconds left.\n|\n|t:|1736961046\n|switch|p1a: Rillaboom|Rillaboom, L50, M|100\/100\n|-fieldstart|move: Grassy Terrain|[from] ability: Grassy Surge|[of] p1a: Rillaboom\n|switch|p2b: Gastrodon|Gastrodon-East, L50, M, shiny|100\/100\n|-terastallize|p1b: Roaring Moon|Flying\n|move|p2a: Calyrex|Draining Kiss|p1b: Roaring Moon\n|-damage|p1b: Roaring Moon|65\/100\n|-heal|p2a: Calyrex|80\/100|[from] drain|[of] p1b: Roaring Moon\n|move|p1b: Roaring Moon|Tailwind|p1b: Roaring Moon\n|-sidestart|p1: BigSalta|move: Tailwind\n|\n|-heal|p2a: Calyrex|86\/100|[from] Grassy Terrain\n|upkeep\n|turn|7\n|\n|t:|1736961065\n|move|p2b: Gastrodon|Protect|p2b: Gastrodon\n|-singleturn|p2b: Gastrodon|Protect\n|move|p1b: Roaring Moon|Acrobatics|p2a: Calyrex\n|-damage|p2a: Calyrex|28\/100\n|move|p1a: Rillaboom|Wood Hammer|p2a: Calyrex\n|-damage|p2a: Calyrex|0 fnt\n|faint|p2a: Calyrex\n|-damage|p1a: Rillaboom|92\/100|[from] Recoil\n|\n|-heal|p1a: Rillaboom|98\/100|[from] Grassy Terrain\n|upkeep\n|-message|chin8 forfeited.\n|\n|win|BigSalta\n|raw|BigSalta's rating: 1636 &rarr; <strong>1652<\/strong><br \/>(+16 for winning)\n|raw|chin8's rating: 1567 &rarr; <strong>1551<\/strong><br \/>(-16 for losing)\n|l|\u2606chin8\n|player|p2|\n|l|\u2606BigSalta\n|player|p1|\n|l| BreadTest\n|l| neebieplayersea\n|l| advadvadv56\n","uploadtime":1736961245,"views":30,"formatid":"gen9vgc2025regg","rating":1551,"private":0,"password":null}