{"id":"gen9vgc2025regg-2281659383","format":"[Gen 9] VGC 2025 Reg G","players":["zxsvgc","koji muranishi"],"log":"|j|\u2606zxsvgc\n|j|\u2606koji muranishi\n|t:|1736960462\n|gametype|doubles\n|player|p1|zxsvgc|lacey|1589\n|player|p2|koji muranishi|266|1559\n|teamsize|p1|6\n|teamsize|p2|6\n|gen|9\n|tier|[Gen 9] VGC 2025 Reg G\n|rated|\n|rule|Species Clause: Limit one of each Pok\u00e9mon\n|rule|Item Clause: Limit 1 of each item\n|clearpoke\n|poke|p1|Ditto, L50|\n|poke|p1|Sableye, L50, F|\n|poke|p1|Ogerpon-Hearthflame, L50, F|\n|poke|p1|Kyogre, L50|\n|poke|p1|Flutter Mane, L50|\n|poke|p1|Rillaboom, L50, M|\n|poke|p2|Lunala, L50|\n|poke|p2|Flutter Mane, L50|\n|poke|p2|Urshifu-*, L50, M|\n|poke|p2|Raging Bolt, L50|\n|poke|p2|Chien-Pao, L50|\n|poke|p2|Dragonite, L50, M|\n|teampreview|4\n|inactive|Battle timer is ON: inactive players will automatically lose when time's up. (requested by koji muranishi)\n|\n|t:|1736960496\n|start\n|switch|p1a: Ditto|Ditto, L50|100\/100\n|switch|p1b: \u7fa4\u9752|Kyogre, L50|100\/100\n|switch|p2a: Flutter Mane|Flutter Mane, L50|100\/100\n|switch|p2b: Lunala|Lunala, L50|100\/100\n|-weather|RainDance|[from] ability: Drizzle|[of] p1b: \u7fa4\u9752\n|-transform|p1a: Ditto|p2b: Lunala|[from] ability: Imposter\n|turn|1\n|inactive|zxsvgc has 30 seconds left.\n|inactive|zxsvgc has 20 seconds left.\n|inactive|zxsvgc has 15 seconds left.\n|inactive|zxsvgc has 10 seconds left.\n|\n|t:|1736960545\n|move|p2a: Flutter Mane|Icy Wind|p1b: \u7fa4\u9752|[spread] p1a,p1b\n|-resisted|p1b: \u7fa4\u9752\n|-damage|p1a: Ditto|94\/100\n|-damage|p1b: \u7fa4\u9752|98\/100\n|-unboost|p1a: Ditto|spe|1\n|-unboost|p1b: \u7fa4\u9752|spe|1\n|move|p2b: Lunala|Moongeist Beam|p1a: Ditto\n|-supereffective|p1a: Ditto\n|-damage|p1a: Ditto|0 fnt\n|faint|p1a: Ditto\n|move|p1b: \u7fa4\u9752|Origin Pulse|p2b: Lunala|[spread] p2a,p2b\n|-damage|p2a: Flutter Mane|25\/100\n|-damage|p2b: Lunala|78\/100\n|\n|-weather|RainDance|[upkeep]\n|upkeep\n|\n|t:|1736960560\n|switch|p1a: Sableye|Sableye, L50, F|100\/100\n|turn|2\n|\n|t:|1736960574\n|move|p2b: Lunala|Wide Guard|p2b: Lunala\n|-singleturn|p2b: Lunala|Wide Guard\n|move|p1a: Sableye|Disable|p2b: Lunala\n|-start|p2b: Lunala|Disable|Wide Guard\n|move|p2a: Flutter Mane|Taunt|p1a: Sableye\n|-start|p1a: Sableye|move: Taunt\n|move|p1b: \u7fa4\u9752|Thunder|p2a: Flutter Mane\n|-damage|p2a: Flutter Mane|0 fnt\n|faint|p2a: Flutter Mane\n|-end|p2a: Flutter Mane|Protosynthesis|[silent]\n|\n|-weather|RainDance|[upkeep]\n|upkeep\n|\n|t:|1736960594\n|switch|p2a: Dragonite|Dragonite, L50, M|100\/100\n|turn|3\n|\n|t:|1736960604\n|switch|p1a: \u6c38\u8fdc\u7684\u699c\u4e00\u5927\u59d0|Flutter Mane, L50|100\/100\n|-enditem|p1a: \u6c38\u8fdc\u7684\u699c\u4e00\u5927\u59d0|Booster Energy\n|-activate|p1a: \u6c38\u8fdc\u7684\u699c\u4e00\u5927\u59d0|ability: Protosynthesis|[fromitem]\n|-start|p1a: \u6c38\u8fdc\u7684\u699c\u4e00\u5927\u59d0|protosynthesisspe\n|move|p2b: Lunala|Moongeist Beam|p1b: \u7fa4\u9752\n|-damage|p1b: \u7fa4\u9752|74\/100\n|move|p2a: Dragonite|Rock Slide|p1b: \u7fa4\u9752|[spread] p1a,p1b\n|-damage|p1a: \u6c38\u8fdc\u7684\u699c\u4e00\u5927\u59d0|58\/100\n|-damage|p1b: \u7fa4\u9752|47\/100\n|move|p1b: \u7fa4\u9752|Ice Beam|p2a: Dragonite\n|-supereffective|p2a: Dragonite\n|-damage|p2a: Dragonite|32\/100\n|-status|p2a: Dragonite|frz\n|\n|-weather|RainDance|[upkeep]\n|upkeep\n|turn|4\n|inactive|koji muranishi has 30 seconds left.\n|\n|t:|1736960632\n|-terastallize|p2b: Lunala|Fairy\n|move|p1a: \u6c38\u8fdc\u7684\u699c\u4e00\u5927\u59d0|Moonblast|p2a: Dragonite\n|-supereffective|p2a: Dragonite\n|-damage|p2a: Dragonite|0 fnt\n|faint|p2a: Dragonite\n|move|p2b: Lunala|Moongeist Beam|p1a: \u6c38\u8fdc\u7684\u699c\u4e00\u5927\u59d0\n|-supereffective|p1a: \u6c38\u8fdc\u7684\u699c\u4e00\u5927\u59d0\n|-damage|p1a: \u6c38\u8fdc\u7684\u699c\u4e00\u5927\u59d0|0 fnt\n|faint|p1a: \u6c38\u8fdc\u7684\u699c\u4e00\u5927\u59d0\n|-end|p1a: \u6c38\u8fdc\u7684\u699c\u4e00\u5927\u59d0|Protosynthesis|[silent]\n|move|p1b: \u7fa4\u9752|Origin Pulse|p2b: Lunala\n|-damage|p2b: Lunala|19\/100\n|\n|-weather|RainDance|[upkeep]\n|upkeep\n|\n|t:|1736960648\n|switch|p1a: Sableye|Sableye, L50, F|100\/100\n|switch|p2a: Chien-Pao|Chien-Pao, L50|100\/100\n|-ability|p2a: Chien-Pao|Sword of Ruin\n|turn|5\n|\n|t:|1736960658\n|-terastallize|p1a: Sableye|Steel\n|move|p2a: Chien-Pao|Crunch|p1b: \u7fa4\u9752\n|-damage|p1b: \u7fa4\u9752|0 fnt\n|faint|p1b: \u7fa4\u9752\n|-damage|p2a: Chien-Pao|91\/100|[from] item: Life Orb\n|move|p2b: Lunala|Dazzling Gleam|p1a: Sableye\n|-resisted|p1a: Sableye\n|-damage|p1a: Sableye|74\/100\n|move|p1a: Sableye|Foul Play|p2a: Chien-Pao\n|-resisted|p2a: Chien-Pao\n|-damage|p2a: Chien-Pao|60\/100\n|\n|-weather|none\n|upkeep\n|turn|6\n|-message|zxsvgc forfeited.\n|\n|win|koji muranishi\n|raw|zxsvgc's rating: 1568 &rarr; <strong>1547<\/strong><br \/>(-21 for losing)\n|raw|koji muranishi's rating: 1559 &rarr; <strong>1580<\/strong><br \/>(+21 for winning)\n|l|\u2606zxsvgc\n|player|p1|\n|j| lunaticongrass\n|l|\u2606koji muranishi\n|player|p2|\n|j|\u2606koji muranishi\n|player|p2|koji muranishi|266|\n|l|\u2606koji muranishi\n|player|p2|\n","uploadtime":1736960828,"views":20,"formatid":"gen9vgc2025regg","rating":1547,"private":0,"password":null}