{"id":"gen9vgc2025regg-2281636176","format":"[Gen 9] VGC 2025 Reg G","players":["zxsvgc","Diestoise"],"log":"|j|\u2606zxsvgc\n|j|\u2606Diestoise\n|t:|1736958121\n|gametype|doubles\n|player|p1|zxsvgc|lacey|1661\n|player|p2|Diestoise|blue|1603\n|teamsize|p1|6\n|teamsize|p2|6\n|gen|9\n|tier|[Gen 9] VGC 2025 Reg G\n|rated|\n|rule|Species Clause: Limit one of each Pok\u00e9mon\n|rule|Item Clause: Limit 1 of each item\n|clearpoke\n|poke|p1|Ditto, L50|\n|poke|p1|Miraidon, L50|\n|poke|p1|Iron Hands, L50|\n|poke|p1|Flutter Mane, L50|\n|poke|p1|Ogerpon-Hearthflame, L50, F|\n|poke|p1|Sableye, L50, F|\n|poke|p2|Koraidon, L50|\n|poke|p2|Raging Bolt, L50|\n|poke|p2|Entei, L50|\n|poke|p2|Flutter Mane, L50|\n|poke|p2|Venusaur, L50, M|\n|poke|p2|Ditto, L50|\n|teampreview|4\n|inactive|Battle timer is ON: inactive players will automatically lose when time's up. (requested by zxsvgc)\n|\n|t:|1736958182\n|start\n|switch|p1a: \u559c\u6b22\u6211\u5417\u8001\u5f1f|Ditto, L50|100\/100\n|switch|p1b: \u4e16\u754c\u51a0\u519b|Miraidon, L50|100\/100\n|switch|p2a: Flutter Mane|Flutter Mane, L50, shiny|100\/100\n|switch|p2b: Koraidon|Koraidon, L50|100\/100\n|-weather|SunnyDay|[from] ability: Orichalcum Pulse|[of] p2b: Koraidon\n|-activate|p2a: Flutter Mane|ability: Protosynthesis\n|-start|p2a: Flutter Mane|protosynthesisspe\n|-activate|p2b: Koraidon|Orichalcum Pulse|[source]\n|-fieldstart|move: Electric Terrain|[from] ability: Hadron Engine|[of] p1b: \u4e16\u754c\u51a0\u519b\n|-transform|p1a: \u559c\u6b22\u6211\u5417\u8001\u5f1f|p2b: Koraidon|[from] ability: Imposter\n|-activate|p1a: \u559c\u6b22\u6211\u5417\u8001\u5f1f|ability: Orichalcum Pulse\n|turn|1\n|\n|t:|1736958206\n|-terastallize|p1b: \u4e16\u754c\u51a0\u519b|Fairy\n|move|p2a: Flutter Mane|Protect|p2a: Flutter Mane\n|-singleturn|p2a: Flutter Mane|Protect\n|move|p2b: Koraidon|Protect|p2b: Koraidon\n|-singleturn|p2b: Koraidon|Protect\n|move|p1a: \u559c\u6b22\u6211\u5417\u8001\u5f1f|Protect|p1a: \u559c\u6b22\u6211\u5417\u8001\u5f1f\n|-singleturn|p1a: \u559c\u6b22\u6211\u5417\u8001\u5f1f|Protect\n|move|p1b: \u4e16\u754c\u51a0\u519b|Volt Switch|p2b: Koraidon\n|-activate|p2b: Koraidon|move: Protect\n|\n|-weather|SunnyDay|[upkeep]\n|upkeep\n|turn|2\n|\n|t:|1736958224\n|switch|p1a: Ogerpon|Ogerpon-Hearthflame, L50, F|100\/100\n|-ability|p1a: Ogerpon|Mold Breaker\n|move|p2a: Flutter Mane|Icy Wind|p1a: Ogerpon|[spread] p1a,p1b\n|-damage|p1a: Ogerpon|84\/100\n|-damage|p1b: \u4e16\u754c\u51a0\u519b|91\/100\n|-unboost|p1a: Ogerpon|spe|1\n|-unboost|p1b: \u4e16\u754c\u51a0\u519b|spe|1\n|move|p2b: Koraidon|Scale Shot|p1a: Ogerpon\n|-damage|p1a: Ogerpon|64\/100\n|-damage|p1a: Ogerpon|40\/100\n|-damage|p1a: Ogerpon|20\/100\n|-damage|p1a: Ogerpon|0 fnt\n|faint|p1a: Ogerpon\n|-hitcount|p1: Ogerpon|4\n|-unboost|p2b: Koraidon|def|1\n|-boost|p2b: Koraidon|spe|1\n|move|p1b: \u4e16\u754c\u51a0\u519b|Dazzling Gleam|p2a: Flutter Mane|[spread] p2a,p2b\n|-supereffective|p2b: Koraidon\n|-damage|p2a: Flutter Mane|54\/100\n|-damage|p2b: Koraidon|0 fnt\n|faint|p2b: Koraidon\n|\n|-weather|SunnyDay|[upkeep]\n|upkeep\n|inactive|Diestoise has 30 seconds left.\n|inactive|Diestoise has 20 seconds left.\n|\n|t:|1736958263\n|switch|p2b: Ditto|Ditto, L50|100\/100\n|switch|p1a: \u9633\u5149\u5f00\u6717|Sableye, L50, F|100\/100\n|-transform|p2b: Ditto|p1a: \u9633\u5149\u5f00\u6717|[from] ability: Imposter\n|turn|3\n|inactive|Diestoise has 30 seconds left.\n|inactive|Diestoise has 20 seconds left.\n|inactive|Diestoise has 15 seconds left.\n|inactive|Diestoise has 10 seconds left.\n|\n|t:|1736958311\n|-end|p2a: Flutter Mane|Protosynthesis|[silent]\n|switch|p2a: Entei|Entei, L50|100\/100\n|-terastallize|p2b: Ditto|Ghost\n|move|p1a: \u9633\u5149\u5f00\u6717|Encore||[still]\n|-fail|p1a: \u9633\u5149\u5f00\u6717\n|move|p2b: Ditto|Encore|p1b: \u4e16\u754c\u51a0\u519b\n|-start|p1b: \u4e16\u754c\u51a0\u519b|Encore\n|move|p1b: \u4e16\u754c\u51a0\u519b|Dazzling Gleam|p2b: Ditto|[spread] p2a,p2b\n|-resisted|p2a: Entei\n|-damage|p2a: Entei|87\/100\n|-damage|p2b: Ditto|46\/100\n|\n|-weather|SunnyDay|[upkeep]\n|upkeep\n|turn|4\n|inactive|Diestoise has 30 seconds left.\n|inactive|Diestoise has 20 seconds left.\n|\n|t:|1736958350\n|switch|p1b: \u559c\u6b22\u6211\u5417\u8001\u5f1f|Ditto, L50|100\/100\n|-transform|p1b: \u559c\u6b22\u6211\u5417\u8001\u5f1f|p2a: Entei|[from] ability: Imposter\n|switch|p2b: Flutter Mane|Flutter Mane, L50, shiny|54\/100\n|-activate|p2b: Flutter Mane|ability: Protosynthesis\n|-start|p2b: Flutter Mane|protosynthesisspe\n|move|p2a: Entei|Stomping Tantrum|p1b: \u559c\u6b22\u6211\u5417\u8001\u5f1f\n|-supereffective|p1b: \u559c\u6b22\u6211\u5417\u8001\u5f1f\n|-damage|p1b: \u559c\u6b22\u6211\u5417\u8001\u5f1f|36\/100\n|move|p1a: \u9633\u5149\u5f00\u6717|Foul Play|p2b: Flutter Mane\n|-damage|p2b: Flutter Mane|17\/100\n|\n|-weather|SunnyDay|[upkeep]\n|upkeep\n|turn|5\n|\n|t:|1736958371\n|move|p2a: Entei|Extreme Speed|p1b: \u559c\u6b22\u6211\u5417\u8001\u5f1f\n|-damage|p1b: \u559c\u6b22\u6211\u5417\u8001\u5f1f|0 fnt\n|faint|p1b: \u559c\u6b22\u6211\u5417\u8001\u5f1f\n|move|p1a: \u9633\u5149\u5f00\u6717|Disable|p2a: Entei\n|-start|p2a: Entei|Disable|Extreme Speed\n|move|p2b: Flutter Mane|Moonblast|p1a: \u9633\u5149\u5f00\u6717\n|-supereffective|p1a: \u9633\u5149\u5f00\u6717\n|-damage|p1a: \u9633\u5149\u5f00\u6717|0 fnt\n|faint|p1a: \u9633\u5149\u5f00\u6717\n|\n|-weather|none\n|-end|p2b: Flutter Mane|Protosynthesis\n|-fieldend|move: Electric Terrain\n|upkeep\n|inactive|zxsvgc has 30 seconds left.\n|\n|t:|1736958396\n|switch|p1b: \u4e16\u754c\u51a0\u519b|Miraidon, L50, tera:Fairy|91\/100\n|-fieldstart|move: Electric Terrain|[from] ability: Hadron Engine|[of] p1b: \u4e16\u754c\u51a0\u519b\n|turn|6\n|\n|t:|1736958410\n|move|p2b: Flutter Mane|Protect|p2b: Flutter Mane\n|-singleturn|p2b: Flutter Mane|Protect\n|move|p1b: \u4e16\u754c\u51a0\u519b|Dazzling Gleam|p2b: Flutter Mane|[spread] p2a\n|-activate|p2b: Flutter Mane|move: Protect\n|-resisted|p2a: Entei\n|-damage|p2a: Entei|74\/100\n|move|p2a: Entei|Sacred Fire|p1b: \u4e16\u754c\u51a0\u519b\n|-damage|p1b: \u4e16\u754c\u51a0\u519b|38\/100\n|\n|upkeep\n|turn|7\n|-message|zxsvgc forfeited.\n|\n|win|Diestoise\n|raw|zxsvgc's rating: 1661 &rarr; <strong>1638<\/strong><br \/>(-23 for losing)\n|raw|Diestoise's rating: 1603 &rarr; <strong>1626<\/strong><br \/>(+23 for winning)\n|l|\u2606zxsvgc\n|player|p1|\n","uploadtime":1736958560,"views":31,"formatid":"gen9vgc2025regg","rating":1626,"private":0,"password":null}