{"id":"gen9vgc2025regg-2281533595","format":"[Gen 9] VGC 2025 Reg G","players":["Laws75","AxeP91"],"log":"|j|\u2606Laws75\n|j|\u2606AxeP91\n|t:|1736946487\n|gametype|doubles\n|player|p1|Laws75|170|1561\n|player|p2|AxeP91|102|1579\n|teamsize|p1|6\n|teamsize|p2|6\n|gen|9\n|tier|[Gen 9] VGC 2025 Reg G\n|rated|\n|rule|Species Clause: Limit one of each Pok\u00e9mon\n|rule|Item Clause: Limit 1 of each item\n|clearpoke\n|poke|p1|Kyogre, L50|\n|poke|p1|Archaludon, L50, M|\n|poke|p1|Chien-Pao, L50|\n|poke|p1|Tornadus, L50, M|\n|poke|p1|Rillaboom, L50, M|\n|poke|p1|Farigiraf, L50, F|\n|poke|p2|Terapagos, L50, M|\n|poke|p2|Urshifu-*, L50, F|\n|poke|p2|Grimmsnarl, L50, M|\n|poke|p2|Amoonguss, L50, F|\n|poke|p2|Incineroar, L50, F|\n|poke|p2|Rillaboom, L50, M|\n|teampreview|4\n|inactive|Battle timer is ON: inactive players will automatically lose when time's up. (requested by AxeP91)\n|inactive|AxeP91 has 60 seconds left.\n|\n|t:|1736946535\n|start\n|switch|p1a: Rillaboom|Rillaboom, L50, M|100\/100\n|switch|p1b: Kyogre|Kyogre, L50|100\/100\n|switch|p2a: Rillaboom|Rillaboom, L50, M|100\/100\n|switch|p2b: Terapagos|Terapagos, L50, M|100\/100\n|-activate|p2b: Terapagos|ability: Tera Shift\n|detailschange|p2b: Terapagos|Terapagos-Terastal, L50, M\n|-heal|p2b: Terapagos|100\/100|[silent]\n|-weather|RainDance|[from] ability: Drizzle|[of] p1b: Kyogre\n|-fieldstart|move: Grassy Terrain|[from] ability: Grassy Surge|[of] p2a: Rillaboom\n|turn|1\n|\n|t:|1736946558\n|-terastallize|p2b: Terapagos|Stellar\n|detailschange|p2b: Terapagos|Terapagos-Stellar, L50, M, tera:Stellar\n|-heal|p2b: Terapagos|100\/100|[silent]\n|-ability|p2b: Terapagos|Teraform Zero\n|-weather|none\n|-fieldend|move: Grassy Terrain\n|move|p1b: Kyogre|Protect|p1b: Kyogre\n|-singleturn|p1b: Kyogre|Protect\n|move|p2b: Terapagos|Tera Starstorm|p1a: Rillaboom|[spread] p1a\n|-activate|p1b: Kyogre|move: Protect\n|-damage|p1a: Rillaboom|57\/100\n|move|p2a: Rillaboom|U-turn|p1a: Rillaboom\n|-supereffective|p1a: Rillaboom\n|-damage|p1a: Rillaboom|10\/100\n|\n|t:|1736946574\n|switch|p2a: Incineroar|Incineroar, L50, F|100\/100|[from] U-turn\n|-ability|p2a: Incineroar|Intimidate|boost\n|-unboost|p1a: Rillaboom|atk|1\n|-unboost|p1b: Kyogre|atk|1\n|move|p1a: Rillaboom|U-turn|p2a: Incineroar\n|-damage|p2a: Incineroar|84\/100\n|\n|t:|1736946595\n|switch|p1a: Farigiraf|Farigiraf, L50, F|100\/100|[from] U-turn\n|\n|upkeep\n|turn|2\n|\n|t:|1736946608\n|switch|p2a: Rillaboom|Rillaboom, L50, M|100\/100\n|-fieldstart|move: Grassy Terrain|[from] ability: Grassy Surge|[of] p2a: Rillaboom\n|move|p1a: Farigiraf|Helping Hand|p1b: Kyogre\n|-singleturn|p1b: Kyogre|Helping Hand|[of] p1a: Farigiraf\n|move|p1b: Kyogre|Water Spout|p2a: Rillaboom|[spread] p2a,p2b\n|-resisted|p2a: Rillaboom\n|-damage|p2a: Rillaboom|60\/100\n|-damage|p2b: Terapagos|26\/100\n|move|p2b: Terapagos|Tera Starstorm|p1a: Farigiraf|[spread] p1a,p1b\n|-damage|p1a: Farigiraf|55\/100\n|-damage|p1b: Kyogre|57\/100\n|\n|-heal|p1b: Kyogre|63\/100|[from] Grassy Terrain\n|-heal|p2b: Terapagos|32\/100|[from] Grassy Terrain\n|-heal|p2a: Rillaboom|66\/100|[from] Grassy Terrain\n|-heal|p1a: Farigiraf|61\/100|[from] Grassy Terrain\n|upkeep\n|turn|3\n|inactive|AxeP91 has 30 seconds left.\n|\n|t:|1736946634\n|switch|p1b: Archaludon|Archaludon, L50, M|100\/100\n|switch|p2b: Urshifu|Urshifu-Rapid-Strike, L50, F|100\/100\n|move|p2a: Rillaboom|Drum Beating|p1b: Archaludon\n|-resisted|p1b: Archaludon\n|-damage|p1b: Archaludon|90\/100\n|-unboost|p1b: Archaludon|spe|1\n|-ability|p1b: Archaludon|Stamina|boost\n|-boost|p1b: Archaludon|def|1\n|move|p1a: Farigiraf|Foul Play|p2a: Rillaboom\n|-damage|p2a: Rillaboom|30\/100\n|\n|-heal|p2a: Rillaboom|35\/100|[from] Grassy Terrain\n|-heal|p1a: Farigiraf|67\/100|[from] Grassy Terrain\n|-heal|p1b: Archaludon|97\/100|[from] Grassy Terrain\n|upkeep\n|turn|4\n|j| jasonrfry4\n|l| jasonrfry4\n|inactive|AxeP91 has 30 seconds left.\n|inactive|AxeP91 has 20 seconds left.\n|inactive|AxeP91 has 15 seconds left.\n|inactive|AxeP91 has 10 seconds left.\n|\n|t:|1736946680\n|switch|p1a: Kyogre|Kyogre, L50|63\/100\n|-weather|RainDance|[from] ability: Drizzle|[of] p1a: Kyogre\n|move|p2b: Urshifu|Close Combat|p1b: Archaludon\n|-supereffective|p1b: Archaludon\n|-damage|p1b: Archaludon|33\/100\n|-unboost|p2b: Urshifu|def|1\n|-unboost|p2b: Urshifu|spd|1\n|-ability|p1b: Archaludon|Stamina|boost\n|-boost|p1b: Archaludon|def|1\n|move|p2a: Rillaboom|Drum Beating|p1a: Kyogre\n|-supereffective|p1a: Kyogre\n|-damage|p1a: Kyogre|0 fnt\n|faint|p1a: Kyogre\n|move|p1b: Archaludon|Electro Shot||[still]\n|-prepare|p1b: Archaludon|Electro Shot\n|-boost|p1b: Archaludon|spa|1\n|-anim|p1b: Archaludon|Electro Shot|p2b: Urshifu\n|-supereffective|p2b: Urshifu\n|-enditem|p2b: Urshifu|Focus Sash\n|-damage|p2b: Urshifu|1\/100\n|\n|-weather|RainDance|[upkeep]\n|-heal|p2b: Urshifu|7\/100|[from] Grassy Terrain\n|-heal|p2a: Rillaboom|41\/100|[from] Grassy Terrain\n|-heal|p1b: Archaludon|39\/100|[from] Grassy Terrain\n|upkeep\n|\n|t:|1736946703\n|switch|p1a: Rillaboom|Rillaboom, L50, M|10\/100\n|turn|5\n|\n|t:|1736946716\n|move|p2b: Urshifu|Detect|p2b: Urshifu\n|-singleturn|p2b: Urshifu|Protect\n|move|p1a: Rillaboom|Grassy Glide|p2b: Urshifu\n|-activate|p2b: Urshifu|move: Protect\n|move|p2a: Rillaboom|U-turn|p1a: Rillaboom\n|-supereffective|p1a: Rillaboom\n|-damage|p1a: Rillaboom|0 fnt\n|faint|p1a: Rillaboom\n|\n|t:|1736946727\n|switch|p2a: Incineroar|Incineroar, L50, F|84\/100|[from] U-turn\n|-ability|p2a: Incineroar|Intimidate|boost\n|-unboost|p1b: Archaludon|atk|1\n|move|p1b: Archaludon|Dragon Pulse|p2a: Incineroar\n|-damage|p2a: Incineroar|18\/100\n|-enditem|p2a: Incineroar|Sitrus Berry|[eat]\n|-heal|p2a: Incineroar|43\/100|[from] item: Sitrus Berry\n|\n|-weather|RainDance|[upkeep]\n|-heal|p2b: Urshifu|14\/100|[from] Grassy Terrain\n|-heal|p2a: Incineroar|49\/100|[from] Grassy Terrain\n|-heal|p1b: Archaludon|45\/100|[from] Grassy Terrain\n|upkeep\n|\n|t:|1736946738\n|switch|p1a: Farigiraf|Farigiraf, L50, F|67\/100\n|turn|6\n|inactive|AxeP91 has 30 seconds left.\n|\n|t:|1736946774\n|move|p1a: Farigiraf|Ally Switch|p1a: Farigiraf\n|swap|p1a: Farigiraf|1|[from] move: Ally Switch\n|move|p2b: Urshifu|Close Combat|p1b: Farigiraf\n|-damage|p1b: Farigiraf|10\/100\n|-unboost|p2b: Urshifu|def|1\n|-unboost|p2b: Urshifu|spd|1\n|-enditem|p1b: Farigiraf|Sitrus Berry|[eat]\n|-heal|p1b: Farigiraf|35\/100|[from] item: Sitrus Berry\n|move|p2a: Incineroar|Close Combat|p1b: Farigiraf\n|-damage|p1b: Farigiraf|0 fnt\n|-unboost|p2a: Incineroar|def|1\n|-unboost|p2a: Incineroar|spd|1\n|faint|p1b: Farigiraf\n|move|p1a: Archaludon|Electro Shot||[still]\n|-prepare|p1a: Archaludon|Electro Shot\n|-boost|p1a: Archaludon|spa|1\n|-anim|p1a: Archaludon|Electro Shot|p2b: Urshifu\n|-supereffective|p2b: Urshifu\n|-damage|p2b: Urshifu|0 fnt\n|faint|p2b: Urshifu\n|\n|-weather|RainDance|[upkeep]\n|-heal|p2a: Incineroar|55\/100|[from] Grassy Terrain\n|-heal|p1a: Archaludon|52\/100|[from] Grassy Terrain\n|-fieldend|move: Grassy Terrain\n|upkeep\n|\n|t:|1736946797\n|switch|p2b: Rillaboom|Rillaboom, L50, M|41\/100\n|-fieldstart|move: Grassy Terrain|[from] ability: Grassy Surge|[of] p2b: Rillaboom\n|turn|7\n|\n|t:|1736946807\n|move|p1a: Archaludon|Protect|p1a: Archaludon\n|-singleturn|p1a: Archaludon|Protect\n|move|p2b: Rillaboom|Fake Out|p1a: Archaludon\n|-activate|p1a: Archaludon|move: Protect\n|move|p2a: Incineroar|Close Combat|p1a: Archaludon\n|-activate|p1a: Archaludon|move: Protect\n|\n|-weather|RainDance|[upkeep]\n|-heal|p2b: Rillaboom|47\/100|[from] Grassy Terrain\n|-heal|p2a: Incineroar|61\/100|[from] Grassy Terrain\n|-heal|p1a: Archaludon|58\/100|[from] Grassy Terrain\n|upkeep\n|turn|8\n|\n|t:|1736946821\n|move|p2b: Rillaboom|Drum Beating|p1a: Archaludon\n|-resisted|p1a: Archaludon\n|-crit|p1a: Archaludon\n|-damage|p1a: Archaludon|41\/100\n|-unboost|p1a: Archaludon|spe|1\n|-ability|p1a: Archaludon|Stamina|boost\n|-boost|p1a: Archaludon|def|1\n|move|p2a: Incineroar|Knock Off|p1a: Archaludon\n|-damage|p1a: Archaludon|26\/100\n|-ability|p1a: Archaludon|Stamina|boost\n|-boost|p1a: Archaludon|def|1\n|-enditem|p1a: Archaludon|Safety Goggles|[from] move: Knock Off|[of] p2a: Incineroar\n|move|p1a: Archaludon|Dragon Pulse|p2a: Incineroar\n|-damage|p2a: Incineroar|0 fnt\n|faint|p2a: Incineroar\n|\n|-weather|none\n|-heal|p2b: Rillaboom|52\/100|[from] Grassy Terrain\n|-heal|p1a: Archaludon|32\/100|[from] Grassy Terrain\n|upkeep\n|\n|t:|1736946832\n|switch|p2a: Terapagos|Terapagos-Stellar, L50, M, tera:Stellar|32\/100\n|turn|9\n|\n|t:|1736946842\n|move|p2a: Terapagos|Tera Starstorm|p1a: Archaludon\n|-damage|p1a: Archaludon|0 fnt\n|faint|p1a: Archaludon\n|\n|win|AxeP91\n|raw|Laws75's rating: 1561 &rarr; <strong>1542<\/strong><br \/>(-19 for losing)\n|raw|AxeP91's rating: 1579 &rarr; <strong>1598<\/strong><br \/>(+19 for winning)\n|l|\u2606Laws75\n|player|p1|\n|l|\u2606AxeP91\n|player|p2|\n","uploadtime":1736947117,"views":17,"formatid":"gen9vgc2025regg","rating":1542,"private":0,"password":null}