{"id":"gen9vgc2025regg-2281670178","format":"[Gen 9] VGC 2025 Reg G","players":["zxsvgc","xatseye"],"log":"|j|\u2606zxsvgc\n|j|\u2606xatseye\n|t:|1736961537\n|gametype|doubles\n|player|p1|zxsvgc|lacey|1572\n|player|p2|xatseye|170|1614\n|teamsize|p1|6\n|teamsize|p2|6\n|gen|9\n|tier|[Gen 9] VGC 2025 Reg G\n|rated|\n|rule|Species Clause: Limit one of each Pok\u00e9mon\n|rule|Item Clause: Limit 1 of each item\n|clearpoke\n|poke|p1|Ditto, L50|\n|poke|p1|Sableye, L50, M|\n|poke|p1|Ogerpon-Hearthflame, L50, F|\n|poke|p1|Kyogre, L50|\n|poke|p1|Flutter Mane, L50|\n|poke|p1|Rillaboom, L50, M|\n|poke|p2|Cresselia, L50, F|\n|poke|p2|Flutter Mane, L50|\n|poke|p2|Maushold-Four, L50|\n|poke|p2|Incineroar, L50, F|\n|poke|p2|Calyrex-Ice, L50|\n|poke|p2|Raging Bolt, L50|\n|teampreview|4\n|inactive|Battle timer is ON: inactive players will automatically lose when time's up. (requested by xatseye)\n|j| bluestraggler02\n|\n|t:|1736961562\n|start\n|switch|p1a: Ditto|Ditto, L50|100\/100\n|switch|p1b: \u7fa4\u9752|Kyogre, L50|100\/100\n|switch|p2a: Flutter Mane|Flutter Mane, L50|100\/100\n|switch|p2b: Maushold|Maushold-Four, L50, shiny|100\/100\n|-weather|RainDance|[from] ability: Drizzle|[of] p1b: \u7fa4\u9752\n|-transform|p1a: Ditto|p2b: Maushold|[from] ability: Imposter\n|-enditem|p2a: Flutter Mane|Booster Energy\n|-activate|p2a: Flutter Mane|ability: Protosynthesis|[fromitem]\n|-start|p2a: Flutter Mane|protosynthesisspa\n|turn|1\n|inactive|zxsvgc has 30 seconds left.\n|\n|t:|1736961588\n|move|p2a: Flutter Mane|Protect|p2a: Flutter Mane\n|-singleturn|p2a: Flutter Mane|Protect\n|move|p2b: Maushold|Taunt|p1a: Ditto\n|-start|p1a: Ditto|move: Taunt\n|move|p1a: Ditto|Super Fang|p2b: Maushold\n|-damage|p2b: Maushold|50\/100\n|move|p1b: \u7fa4\u9752|Origin Pulse|p2b: Maushold|[spread] p2b\n|-activate|p2a: Flutter Mane|move: Protect\n|-damage|p2b: Maushold|0 fnt\n|faint|p2b: Maushold\n|\n|-weather|RainDance|[upkeep]\n|upkeep\n|\n|t:|1736961601\n|switch|p2b: Raging Bolt|Raging Bolt, L50|100\/100\n|turn|2\n|\n|t:|1736961614\n|-terastallize|p1b: \u7fa4\u9752|Grass\n|move|p1a: Ditto|Super Fang|p2b: Raging Bolt\n|-damage|p2b: Raging Bolt|51\/100\n|move|p2a: Flutter Mane|Dazzling Gleam|p1b: \u7fa4\u9752|[spread] p1a,p1b\n|-damage|p1a: Ditto|34\/100\n|-damage|p1b: \u7fa4\u9752|86\/100\n|move|p1b: \u7fa4\u9752|Origin Pulse|p2a: Flutter Mane|[spread] p2a,p2b\n|-resisted|p2b: Raging Bolt\n|-damage|p2a: Flutter Mane|22\/100\n|-damage|p2b: Raging Bolt|31\/100\n|move|p2b: Raging Bolt|Snarl|p1b: \u7fa4\u9752|[spread] p1a,p1b\n|-damage|p1a: Ditto|11\/100\n|-damage|p1b: \u7fa4\u9752|81\/100\n|-unboost|p1a: Ditto|spa|1\n|-unboost|p1b: \u7fa4\u9752|spa|1\n|\n|-weather|RainDance|[upkeep]\n|upkeep\n|turn|3\n|\n|t:|1736961639\n|switch|p1a: Ogerpon|Ogerpon-Hearthflame, L50, F|100\/100\n|-ability|p1a: Ogerpon|Mold Breaker\n|move|p2a: Flutter Mane|Moonblast|p1b: \u7fa4\u9752\n|-damage|p1b: \u7fa4\u9752|52\/100\n|move|p1b: \u7fa4\u9752|Ice Beam|p2b: Raging Bolt\n|-supereffective|p2b: Raging Bolt\n|-damage|p2b: Raging Bolt|2\/100\n|-status|p2b: Raging Bolt|frz\n|-curestatus|p2b: Raging Bolt|frz|[msg]\n|move|p2b: Raging Bolt|Snarl|p1a: Ogerpon|[spread] p1a,p1b\n|-damage|p1a: Ogerpon|83\/100\n|-damage|p1b: \u7fa4\u9752|45\/100\n|-unboost|p1a: Ogerpon|spa|1\n|-unboost|p1b: \u7fa4\u9752|spa|1\n|\n|-weather|RainDance|[upkeep]\n|upkeep\n|turn|4\n|inactive|xatseye has 30 seconds left.\n|\n|t:|1736961666\n|-end|p2b: Raging Bolt|Protosynthesis|[silent]\n|switch|p2b: Incineroar|Incineroar, L50, F|100\/100\n|-ability|p2b: Incineroar|Intimidate|boost\n|-unboost|p1a: Ogerpon|atk|1\n|-unboost|p1b: \u7fa4\u9752|atk|1\n|move|p2a: Flutter Mane|Protect|p2a: Flutter Mane\n|-singleturn|p2a: Flutter Mane|Protect\n|move|p1a: Ogerpon|Horn Leech|p2a: Flutter Mane\n|-activate|p2a: Flutter Mane|move: Protect\n|move|p1b: \u7fa4\u9752|Ice Beam|p2b: Incineroar\n|-resisted|p2b: Incineroar\n|-damage|p2b: Incineroar|94\/100\n|\n|-weather|RainDance|[upkeep]\n|upkeep\n|turn|5\n|\n|t:|1736961687\n|switch|p1b: Ditto|Ditto, L50|11\/100\n|-transform|p1b: Ditto|p2a: Flutter Mane|[from] ability: Imposter\n|-terastallize|p2a: Flutter Mane|Fairy\n|move|p1a: Ogerpon|Spiky Shield|p1a: Ogerpon\n|-singleturn|p1a: Ogerpon|move: Protect\n|move|p2b: Incineroar|Fake Out|p1a: Ogerpon\n|-activate|p1a: Ogerpon|move: Protect\n|-damage|p2b: Incineroar|81\/100|[from] Spiky Shield|[of] p1a: Ogerpon\n|move|p2a: Flutter Mane|Moonblast|p1b: Ditto\n|-damage|p1b: Ditto|0 fnt\n|faint|p1b: Ditto\n|-end|p1b: Ditto|Protosynthesis|[silent]\n|\n|-weather|none\n|upkeep\n|\n|t:|1736961700\n|switch|p1b: \u7fa4\u9752|Kyogre, L50, tera:Grass|45\/100\n|-weather|RainDance|[from] ability: Drizzle|[of] p1b: \u7fa4\u9752\n|turn|6\n|\n|t:|1736961706\n|move|p1a: Ogerpon|Follow Me|p1a: Ogerpon\n|-singleturn|p1a: Ogerpon|move: Follow Me\n|move|p2a: Flutter Mane|Moonblast|p1a: Ogerpon\n|-resisted|p1a: Ogerpon\n|-damage|p1a: Ogerpon|38\/100\n|move|p1b: \u7fa4\u9752|Origin Pulse|p2b: Incineroar|[spread] p2b\n|-miss|p1b: \u7fa4\u9752|p2a: Flutter Mane\n|-supereffective|p2b: Incineroar\n|-damage|p2b: Incineroar|0 fnt\n|faint|p2b: Incineroar\n|\n|-weather|RainDance|[upkeep]\n|upkeep\n|j| DaichiYamamoto\n|\n|t:|1736961716\n|switch|p2b: Raging Bolt|Raging Bolt, L50|2\/100\n|turn|7\n|\n|t:|1736961722\n|move|p1a: Ogerpon|Follow Me|p1a: Ogerpon\n|-singleturn|p1a: Ogerpon|move: Follow Me\n|move|p2a: Flutter Mane|Dazzling Gleam|p1a: Ogerpon|[spread] p1a,p1b\n|-resisted|p1a: Ogerpon\n|-damage|p1a: Ogerpon|5\/100\n|-damage|p1b: \u7fa4\u9752|21\/100\n|move|p1b: \u7fa4\u9752|Origin Pulse|p2a: Flutter Mane|[spread] p2a,p2b\n|-resisted|p2b: Raging Bolt\n|-damage|p2a: Flutter Mane|0 fnt\n|-damage|p2b: Raging Bolt|0 fnt\n|faint|p2a: Flutter Mane\n|-end|p2a: Flutter Mane|Protosynthesis|[silent]\n|faint|p2b: Raging Bolt\n|-end|p2b: Raging Bolt|Protosynthesis|[silent]\n|\n|win|zxsvgc\n|raw|zxsvgc's rating: 1572 &rarr; <strong>1594<\/strong><br \/>(+22 for winning)\n|raw|xatseye's rating: 1614 &rarr; <strong>1592<\/strong><br \/>(-22 for losing)\n|l|\u2606xatseye\n|player|p2|\n|l|\u2606zxsvgc\n|player|p1|\n|l| bluestraggler02\n|l| DaichiYamamoto\n","uploadtime":1736961939,"views":10,"formatid":"gen9vgc2025regg","rating":1592,"private":0,"password":null}