{"id":"gen9vgc2025regg-2281599044","format":"[Gen 9] VGC 2025 Reg G","players":["Beccca","cyy0129"],"log":"|j|\u2606Beccca\n|j|\u2606cyy0129\n|t:|1736954254\n|gametype|doubles\n|player|p1|Beccca|2|1586\n|player|p2|cyy0129|dawn|1517\n|teamsize|p1|6\n|teamsize|p2|6\n|gen|9\n|tier|[Gen 9] VGC 2025 Reg G\n|rated|\n|rule|Species Clause: Limit one of each Pok\u00e9mon\n|rule|Item Clause: Limit 1 of each item\n|clearpoke\n|poke|p1|Miraidon, L50|\n|poke|p1|Farigiraf, L50, M|\n|poke|p1|Iron Hands, L50|\n|poke|p1|Chi-Yu, L50|\n|poke|p1|Urshifu-*, L50, M|\n|poke|p1|Flutter Mane, L50|\n|poke|p2|Groudon, L50|\n|poke|p2|Gouging Fire, L50|\n|poke|p2|Ogerpon-Hearthflame, L50, F|\n|poke|p2|Tornadus, L50, M|\n|poke|p2|Chien-Pao, L50|\n|poke|p2|Flutter Mane, L50|\n|teampreview|4\n|inactive|Battle timer is ON: inactive players will automatically lose when time's up. (requested by cyy0129)\n|inactive|cyy0129 has 60 seconds left.\n|\n|t:|1736954289\n|start\n|switch|p1a: Flutter Mane|Flutter Mane, L50|100\/100\n|switch|p1b: Chi-Yu|Chi-Yu, L50|100\/100\n|switch|p2a: Tornadus|Tornadus, L50, M|100\/100\n|switch|p2b: Groudon|Groudon, L50|100\/100\n|-ability|p1b: Chi-Yu|Beads of Ruin\n|-weather|SunnyDay|[from] ability: Drought|[of] p2b: Groudon\n|-activate|p1a: Flutter Mane|ability: Protosynthesis\n|-start|p1a: Flutter Mane|protosynthesisspe\n|turn|1\n|inactive|Beccca has 30 seconds left.\n|inactive|cyy0129 has 30 seconds left.\n|inactive|Beccca has 20 seconds left.\n|\n|t:|1736954329\n|-terastallize|p1b: Chi-Yu|Ghost\n|move|p2b: Groudon|Protect|p2b: Groudon\n|-singleturn|p2b: Groudon|Protect\n|move|p2a: Tornadus|Tailwind|p2a: Tornadus\n|-sidestart|p2: cyy0129|move: Tailwind\n|move|p1a: Flutter Mane|Thunder Wave|p2b: Groudon\n|-activate|p2b: Groudon|move: Protect\n|move|p1b: Chi-Yu|Heat Wave|p2b: Groudon|[spread] p2a\n|-activate|p2b: Groudon|move: Protect\n|-damage|p2a: Tornadus|11\/100\n|\n|-weather|SunnyDay|[upkeep]\n|upkeep\n|turn|2\n|inactive|cyy0129 has 30 seconds left.\n|\n|t:|1736954356\n|move|p1a: Flutter Mane|Protect|p1a: Flutter Mane\n|-singleturn|p1a: Flutter Mane|Protect\n|move|p2a: Tornadus|Leer|p1b: Chi-Yu|[spread] p1b\n|-activate|p1a: Flutter Mane|move: Protect\n|-unboost|p1b: Chi-Yu|def|1\n|move|p2b: Groudon|Precipice Blades|p1b: Chi-Yu|[spread] p1b\n|-activate|p1a: Flutter Mane|move: Protect\n|-damage|p1b: Chi-Yu|0 fnt\n|faint|p1b: Chi-Yu\n|\n|-weather|SunnyDay|[upkeep]\n|upkeep\n|\n|t:|1736954367\n|switch|p1b: Iron Hands|Iron Hands, L50|100\/100\n|turn|3\n|\n|t:|1736954375\n|move|p2b: Groudon|Protect|p2b: Groudon\n|-singleturn|p2b: Groudon|Protect\n|move|p1b: Iron Hands|Fake Out|p2b: Groudon\n|-activate|p2b: Groudon|move: Protect\n|move|p2a: Tornadus|Bleakwind Storm|p1a: Flutter Mane|[spread] p1a,p1b\n|-damage|p1a: Flutter Mane|72\/100\n|-damage|p1b: Iron Hands|84\/100\n|move|p1a: Flutter Mane|Icy Wind|p2a: Tornadus|[spread] p2a\n|-activate|p2b: Groudon|move: Protect\n|-supereffective|p2a: Tornadus\n|-damage|p2a: Tornadus|0 fnt\n|faint|p2a: Tornadus\n|\n|-weather|SunnyDay|[upkeep]\n|upkeep\n|\n|t:|1736954394\n|switch|p2a: Chien-Pao|Chien-Pao, L50|100\/100\n|-ability|p2a: Chien-Pao|Sword of Ruin\n|turn|4\n|\n|t:|1736954407\n|move|p1a: Flutter Mane|Protect|p1a: Flutter Mane\n|-singleturn|p1a: Flutter Mane|Protect\n|move|p2a: Chien-Pao|Ice Spinner|p1b: Iron Hands\n|-damage|p1b: Iron Hands|45\/100\n|move|p2b: Groudon|Precipice Blades|p1a: Flutter Mane|[spread] p1b\n|-activate|p1a: Flutter Mane|move: Protect\n|-supereffective|p1b: Iron Hands\n|-damage|p1b: Iron Hands|0 fnt\n|faint|p1b: Iron Hands\n|-end|p1b: Iron Hands|Quark Drive|[silent]\n|\n|-weather|SunnyDay|[upkeep]\n|-sideend|p2: cyy0129|move: Tailwind\n|upkeep\n|\n|t:|1736954417\n|switch|p1b: Miraidon|Miraidon, L50|100\/100\n|-fieldstart|move: Electric Terrain|[from] ability: Hadron Engine|[of] p1b: Miraidon\n|turn|5\n|j| play sos wednesday\n|inactive|cyy0129 has 30 seconds left.\n|inactive|cyy0129 has 20 seconds left.\n|inactive|cyy0129 has 15 seconds left.\n|\n|t:|1736954459\n|-terastallize|p2b: Groudon|Fire\n|move|p2a: Chien-Pao|Protect|p2a: Chien-Pao\n|-singleturn|p2a: Chien-Pao|Protect\n|move|p1a: Flutter Mane|Icy Wind|p2b: Groudon|[spread] \n|-activate|p2a: Chien-Pao|move: Protect\n|-miss|p1a: Flutter Mane|p2b: Groudon\n|move|p1b: Miraidon|Draco Meteor|p2b: Groudon\n|-damage|p2b: Groudon|0 fnt\n|-unboost|p1b: Miraidon|spa|2\n|faint|p2b: Groudon\n|\n|-weather|none\n|-end|p1a: Flutter Mane|Protosynthesis\n|upkeep\n|-enditem|p1a: Flutter Mane|Booster Energy\n|-activate|p1a: Flutter Mane|ability: Protosynthesis|[fromitem]\n|-start|p1a: Flutter Mane|protosynthesisspe\n|\n|t:|1736954477\n|switch|p2b: Ogerpon|Ogerpon-Hearthflame, L50, F|100\/100\n|-ability|p2b: Ogerpon|Mold Breaker\n|turn|6\n|inactive|cyy0129 has 30 seconds left.\n|\n|t:|1736954504\n|move|p2a: Chien-Pao|Sucker Punch|p1b: Miraidon\n|-damage|p1b: Miraidon|49\/100\n|move|p1a: Flutter Mane|Icy Wind|p2a: Chien-Pao|[spread] p2a,p2b\n|-resisted|p2a: Chien-Pao\n|-damage|p2a: Chien-Pao|90\/100\n|-damage|p2b: Ogerpon|88\/100\n|-unboost|p2a: Chien-Pao|spe|1\n|-unboost|p2b: Ogerpon|spe|1\n|move|p1b: Miraidon|Draco Meteor|p2a: Chien-Pao\n|-damage|p2a: Chien-Pao|0 fnt\n|-unboost|p1b: Miraidon|spa|2\n|faint|p2a: Chien-Pao\n|move|p2b: Ogerpon|Ivy Cudgel|p1a: Flutter Mane|[anim] Ivy Cudgel Fire\n|-crit|p1a: Flutter Mane\n|-damage|p1a: Flutter Mane|0 fnt\n|faint|p1a: Flutter Mane\n|-end|p1a: Flutter Mane|Protosynthesis|[silent]\n|\n|upkeep\n|turn|7\n|\n|t:|1736954527\n|move|p2b: Ogerpon|Spiky Shield|p2b: Ogerpon\n|-singleturn|p2b: Ogerpon|move: Protect\n|move|p1b: Miraidon|Draco Meteor|p2b: Ogerpon\n|-activate|p2b: Ogerpon|move: Protect\n|\n|upkeep\n|turn|8\n|\n|t:|1736954535\n|move|p1b: Miraidon|Draco Meteor|p2b: Ogerpon\n|-damage|p2b: Ogerpon|44\/100\n|-unboost|p1b: Miraidon|spa|2\n|move|p2b: Ogerpon|Ivy Cudgel|p1b: Miraidon|[anim] Ivy Cudgel Fire\n|-resisted|p1b: Miraidon\n|-damage|p1b: Miraidon|18\/100\n|\n|upkeep\n|turn|9\n|\n|t:|1736954544\n|move|p2b: Ogerpon|Spiky Shield|p2b: Ogerpon\n|-singleturn|p2b: Ogerpon|move: Protect\n|move|p1b: Miraidon|Draco Meteor|p2b: Ogerpon\n|-activate|p2b: Ogerpon|move: Protect\n|\n|-fieldend|move: Electric Terrain\n|upkeep\n|turn|10\n|\n|t:|1736954553\n|move|p1b: Miraidon|Draco Meteor|p2b: Ogerpon\n|-damage|p2b: Ogerpon|17\/100\n|move|p2b: Ogerpon|Ivy Cudgel|p1b: Miraidon|[anim] Ivy Cudgel Fire\n|-resisted|p1b: Miraidon\n|-damage|p1b: Miraidon|0 fnt\n|faint|p1b: Miraidon\n|\n|win|cyy0129\n|raw|Beccca's rating: 1586 &rarr; <strong>1562<\/strong><br \/>(-24 for losing)\n|raw|cyy0129's rating: 1517 &rarr; <strong>1541<\/strong><br \/>(+24 for winning)\n|l|\u2606Beccca\n|player|p1|\n|l|\u2606cyy0129\n|player|p2|\n|l| play sos wednesday\n","uploadtime":1736954746,"views":8,"formatid":"gen9vgc2025regg","rating":1541,"private":0,"password":null}