{"id":"gen9vgc2025regg-2281317485","format":"[Gen 9] VGC 2025 Reg G","players":["Crysantimo","stbai"],"log":"|j|\u2606Crysantimo\n|j|\u2606stbai\n|t:|1736908689\n|gametype|doubles\n|player|p1|Crysantimo|madame-gen4dp|1503\n|player|p2|stbai|janitor|1600\n|teamsize|p1|6\n|teamsize|p2|6\n|gen|9\n|tier|[Gen 9] VGC 2025 Reg G\n|rated|\n|rule|Species Clause: Limit one of each Pok\u00e9mon\n|rule|Item Clause: Limit 1 of each item\n|clearpoke\n|poke|p1|Calyrex-Shadow, L50|\n|poke|p1|Chi-Yu, L50|\n|poke|p1|Weezing-Galar, L50, F|\n|poke|p1|Dragonite, L50, M|\n|poke|p1|Clefairy, L50, M|\n|poke|p1|Pawmot, L50, F|\n|poke|p2|Tatsugiri, L50, F|\n|poke|p2|Terapagos, L50, M|\n|poke|p2|Pawmot, L50, M|\n|poke|p2|Flutter Mane, L50|\n|poke|p2|Latios, L50, M|\n|poke|p2|Dondozo, L50, M|\n|teampreview|4\n|inactive|Battle timer is ON: inactive players will automatically lose when time's up. (requested by stbai)\n|inactive|Crysantimo has 60 seconds left.\n|inactive|Crysantimo has 30 seconds left.\n|\n|t:|1736908751\n|start\n|switch|p1a: Calyrex|Calyrex-Shadow, L50|100\/100\n|switch|p1b: Chi-Yu|Chi-Yu, L50|100\/100\n|switch|p2a: Terapagos|Terapagos, L50, M|100\/100\n|switch|p2b: Dondozo|Dondozo, L50, M|100\/100\n|-ability|p1a: Calyrex|As One\n|-ability|p1a: Calyrex|Unnerve\n|-activate|p2a: Terapagos|ability: Tera Shift\n|detailschange|p2a: Terapagos|Terapagos-Terastal, L50, M\n|-heal|p2a: Terapagos|100\/100|[silent]\n|-ability|p1b: Chi-Yu|Beads of Ruin\n|turn|1\n|\n|t:|1736908771\n|switch|p1b: Weezing|Weezing-Galar, L50, F|100\/100\n|-ability|p1b: Weezing|Neutralizing Gas\n|-terastallize|p2a: Terapagos|Stellar\n|detailschange|p2a: Terapagos|Terapagos-Stellar, L50, M, tera:Stellar\n|-heal|p2a: Terapagos|100\/100|[silent]\n|move|p2b: Dondozo|Protect|p2b: Dondozo\n|-singleturn|p2b: Dondozo|Protect\n|move|p1a: Calyrex|Psyshock|p2a: Terapagos\n|-damage|p2a: Terapagos|56\/100\n|move|p2a: Terapagos|Tera Starstorm|p1a: Calyrex|[spread] p1a,p1b\n|-damage|p1a: Calyrex|37\/100\n|-damage|p1b: Weezing|37\/100\n|-enditem|p1b: Weezing|Sitrus Berry|[eat]\n|-heal|p1b: Weezing|62\/100|[from] item: Sitrus Berry\n|\n|upkeep\n|turn|2\n|\n|t:|1736908793\n|switch|p1a: Pawmot|Pawmot, L50, F|100\/100\n|switch|p2a: Tatsugiri|Tatsugiri, L50, F|100\/100\n|-activate|p2a: Tatsugiri|ability: Commander|[of] p2b: Dondozo\n|-boost|p2b: Dondozo|atk|2\n|-boost|p2b: Dondozo|spa|2\n|-boost|p2b: Dondozo|spe|2\n|-boost|p2b: Dondozo|def|2\n|-boost|p2b: Dondozo|spd|2\n|move|p1b: Weezing|Protect|p1b: Weezing\n|-singleturn|p1b: Weezing|Protect\n|move|p2b: Dondozo|Earthquake|p1b: Weezing|[spread] p1a\n|-miss|p2b: Dondozo|p2a: Tatsugiri\n|-activate|p1b: Weezing|move: Protect\n|-supereffective|p1a: Pawmot\n|-enditem|p1a: Pawmot|Focus Sash\n|-damage|p1a: Pawmot|1\/100\n|\n|upkeep\n|turn|3\n|c|\u2606Crysantimo|You\u2019re cool for that\n|inactive|Crysantimo has 30 seconds left.\n|\n|t:|1736908824\n|-end|p1b: Weezing|ability: Neutralizing Gas\n|switch|p1b: Calyrex|Calyrex-Shadow, L50|37\/100\n|-ability|p1b: Calyrex|As One\n|-ability|p1b: Calyrex|Unnerve\n|move|p2b: Dondozo|Protect|p2b: Dondozo\n|-singleturn|p2b: Dondozo|Protect\n|move|p1a: Pawmot|Fake Out|p2b: Dondozo\n|-activate|p2b: Dondozo|move: Protect\n|\n|upkeep\n|turn|4\n|\n|t:|1736908830\n|move|p1b: Calyrex|Astral Barrage|p2b: Dondozo|[spread] p2b\n|-miss|p1b: Calyrex|p2a: Tatsugiri\n|-damage|p2b: Dondozo|59\/100\n|move|p1a: Pawmot|Encore|p2b: Dondozo\n|-start|p2b: Dondozo|Encore\n|move|p2b: Dondozo|Protect||[still]\n|-fail|p2b: Dondozo\n|\n|-heal|p2b: Dondozo|65\/100|[from] item: Leftovers\n|upkeep\n|turn|5\n|inactive|Crysantimo has 30 seconds left.\n|\n|t:|1736908856\n|move|p2b: Dondozo|Protect|p2b: Dondozo\n|-singleturn|p2b: Dondozo|Protect\n|move|p1b: Calyrex|Astral Barrage|p2a: Tatsugiri|[spread] \n|-miss|p1b: Calyrex|p2a: Tatsugiri\n|-activate|p2b: Dondozo|move: Protect\n|move|p1a: Pawmot|Close Combat|p2b: Dondozo\n|-activate|p2b: Dondozo|move: Protect\n|\n|-heal|p2b: Dondozo|71\/100|[from] item: Leftovers\n|upkeep\n|turn|6\n|\n|t:|1736908863\n|move|p2b: Dondozo|Protect|p2b: Dondozo\n|-singleturn|p2b: Dondozo|Protect\n|move|p1b: Calyrex|Astral Barrage|p2b: Dondozo|[spread] \n|-miss|p1b: Calyrex|p2a: Tatsugiri\n|-activate|p2b: Dondozo|move: Protect\n|move|p1a: Pawmot|Close Combat|p2b: Dondozo\n|-activate|p2b: Dondozo|move: Protect\n|\n|-heal|p2b: Dondozo|77\/100|[from] item: Leftovers\n|-end|p2b: Dondozo|Encore\n|upkeep\n|turn|7\n|\n|t:|1736908868\n|move|p2b: Dondozo|Protect||[still]\n|-fail|p2b: Dondozo\n|move|p1b: Calyrex|Astral Barrage|p2a: Tatsugiri|[spread] p2b\n|-miss|p1b: Calyrex|p2a: Tatsugiri\n|-damage|p2b: Dondozo|38\/100\n|move|p1a: Pawmot|Encore|p2b: Dondozo\n|-start|p2b: Dondozo|Encore\n|\n|-heal|p2b: Dondozo|44\/100|[from] item: Leftovers\n|upkeep\n|turn|8\n|\n|t:|1736908878\n|move|p2b: Dondozo|Protect|p2b: Dondozo\n|-singleturn|p2b: Dondozo|Protect\n|move|p1b: Calyrex|Astral Barrage|p2a: Tatsugiri|[spread] \n|-miss|p1b: Calyrex|p2a: Tatsugiri\n|-activate|p2b: Dondozo|move: Protect\n|move|p1a: Pawmot|Close Combat|p2b: Dondozo\n|-activate|p2b: Dondozo|move: Protect\n|\n|-heal|p2b: Dondozo|50\/100|[from] item: Leftovers\n|upkeep\n|turn|9\n|\n|t:|1736908881\n|move|p2b: Dondozo|Protect||[still]\n|-fail|p2b: Dondozo\n|move|p1b: Calyrex|Astral Barrage|p2a: Tatsugiri|[spread] p2b\n|-miss|p1b: Calyrex|p2a: Tatsugiri\n|-damage|p2b: Dondozo|14\/100\n|move|p1a: Pawmot|Close Combat|p2b: Dondozo\n|-damage|p2b: Dondozo|0 fnt\n|-unboost|p1a: Pawmot|def|1\n|-unboost|p1a: Pawmot|spd|1\n|faint|p2b: Dondozo\n|\n|upkeep\n|\n|t:|1736908887\n|switch|p2b: Flutter Mane|Flutter Mane, L50|100\/100\n|-enditem|p2b: Flutter Mane|Booster Energy\n|-activate|p2b: Flutter Mane|ability: Protosynthesis|[fromitem]\n|-start|p2b: Flutter Mane|protosynthesisspe\n|turn|10\n|\n|t:|1736908894\n|switch|p1a: Weezing|Weezing-Galar, L50, F|62\/100\n|-ability|p1a: Weezing|Neutralizing Gas\n|-block|p2a: Tatsugiri|item: Ability Shield\n|move|p1b: Calyrex|Astral Barrage|p2a: Tatsugiri|[spread] p2a,p2b\n|-supereffective|p2b: Flutter Mane\n|-damage|p2a: Tatsugiri|2\/100\n|-damage|p2b: Flutter Mane|0 fnt\n|faint|p2b: Flutter Mane\n|-end|p2b: Flutter Mane|Protosynthesis|[silent]\n|-ability|p1b: Calyrex|Grim Neigh|boost\n|-boost|p1b: Calyrex|spa|1\n|move|p2a: Tatsugiri|Muddy Water|p1b: Calyrex|[spread] p1b\n|-miss|p2a: Tatsugiri|p1a: Weezing\n|-damage|p1b: Calyrex|3\/100\n|\n|upkeep\n|\n|t:|1736908898\n|switch|p2b: Terapagos|Terapagos-Stellar, L50, M, tera:Stellar|56\/100\n|turn|11\n|-message|stbai forfeited.\n|\n|win|Crysantimo\n|raw|Crysantimo's rating: 1503 &rarr; <strong>1528<\/strong><br \/>(+25 for winning)\n|raw|stbai's rating: 1600 &rarr; <strong>1575<\/strong><br \/>(-25 for losing)\n|l|\u2606stbai\n|player|p2|\n","uploadtime":1736909167,"views":20,"formatid":"gen9vgc2025regg","rating":1528,"private":0,"password":null}