{"id":"gen9vgc2025regg-2281326769","format":"[Gen 9] VGC 2025 Reg G","players":["bieiup","ggttmmhh"],"log":"|j|\u2606bieiup\n|j|\u2606ggttmmhh\n|t:|1736909979\n|gametype|doubles\n|player|p1|bieiup|lillie-z|1627\n|player|p2|ggttmmhh|brycenman|1724\n|teamsize|p1|6\n|teamsize|p2|6\n|gen|9\n|tier|[Gen 9] VGC 2025 Reg G\n|rated|\n|rule|Species Clause: Limit one of each Pok\u00e9mon\n|rule|Item Clause: Limit 1 of each item\n|clearpoke\n|poke|p1|Gloom, L50, F|\n|poke|p1|Armarouge, L50, M|\n|poke|p1|Indeedee-F, L50, F|\n|poke|p1|Dewgong, L50, M|\n|poke|p1|Ting-Lu, L50|\n|poke|p1|Lunala, L50|\n|poke|p2|Raging Bolt, L50|\n|poke|p2|Jumpluff, L50, F|\n|poke|p2|Ogerpon-Hearthflame, L50, F|\n|poke|p2|Groudon, L50|\n|poke|p2|Chi-Yu, L50|\n|poke|p2|Flutter Mane, L50|\n|teampreview|4\n|inactive|Battle timer is ON: inactive players will automatically lose when time's up. (requested by bieiup)\n|inactive|ggttmmhh has 60 seconds left.\n|\n|t:|1736910029\n|start\n|switch|p1a: Dewgong|Dewgong, L50, M|100\/100\n|switch|p1b: Armarouge|Armarouge, L50, M|100\/100\n|switch|p2a: Flutter Mane|Flutter Mane, L50|100\/100\n|switch|p2b: Chi-Yu|Chi-Yu, L50|100\/100\n|-ability|p2b: Chi-Yu|Beads of Ruin\n|turn|1\n|inactive|ggttmmhh has 30 seconds left.\n|j| dobuqua\n|inactive|ggttmmhh has 20 seconds left.\n|\n|t:|1736910067\n|-terastallize|p1b: Armarouge|Fire\n|move|p1a: Dewgong|Fake Out|p2b: Chi-Yu\n|-damage|p2b: Chi-Yu|90\/100\n|move|p2a: Flutter Mane|Moonblast|p1a: Dewgong\n|-damage|p1a: Dewgong|28\/100\n|cant|p2b: Chi-Yu|flinch\n|move|p1b: Armarouge|Heat Wave|p2b: Chi-Yu|[spread] p2a,p2b\n|-resisted|p2b: Chi-Yu\n|-damage|p2a: Flutter Mane|22\/100\n|-damage|p2b: Chi-Yu|59\/100\n|\n|upkeep\n|turn|2\n|inactive|ggttmmhh has 30 seconds left.\n|inactive|ggttmmhh has 20 seconds left.\n|inactive|ggttmmhh has 15 seconds left.\n|inactive|ggttmmhh has 10 seconds left.\n|\n|t:|1736910113\n|move|p1a: Dewgong|Aqua Jet|p1b: Armarouge\n|-supereffective|p1b: Armarouge\n|-crit|p1b: Armarouge\n|-damage|p1b: Armarouge|69\/100\n|-ability|p1b: Armarouge|Weak Armor|boost\n|-unboost|p1b: Armarouge|def|1\n|-boost|p1b: Armarouge|spe|2\n|-enditem|p1b: Armarouge|Weakness Policy\n|-boost|p1b: Armarouge|atk|2|[from] item: Weakness Policy\n|-boost|p1b: Armarouge|spa|2|[from] item: Weakness Policy\n|move|p1b: Armarouge|Heat Wave|p2b: Chi-Yu|[spread] p2a,p2b\n|-resisted|p2b: Chi-Yu\n|-damage|p2a: Flutter Mane|0 fnt\n|-damage|p2b: Chi-Yu|0 fnt\n|faint|p2a: Flutter Mane\n|-end|p2a: Flutter Mane|Protosynthesis|[silent]\n|faint|p2b: Chi-Yu\n|\n|upkeep\n|\n|t:|1736910120\n|switch|p2a: Groudon|Groudon, L50|100\/100\n|switch|p2b: Ogerpon|Ogerpon-Hearthflame, L50, F|100\/100\n|-ability|p2b: Ogerpon|Mold Breaker\n|-weather|SunnyDay|[from] ability: Drought|[of] p2a: Groudon\n|turn|3\n|\n|t:|1736910131\n|-terastallize|p2b: Ogerpon|Fire\n|detailschange|p2b: Ogerpon|Ogerpon-Hearthflame-Tera, L50, F, tera:Fire\n|-ability|p2b: Ogerpon|Embody Aspect (Hearthflame)|boost\n|-boost|p2b: Ogerpon|atk|1\n|move|p1b: Armarouge|Endure|p1b: Armarouge\n|-singleturn|p1b: Armarouge|move: Endure\n|move|p2a: Groudon|Protect|p2a: Groudon\n|-singleturn|p2a: Groudon|Protect\n|move|p2b: Ogerpon|Wood Hammer|p1b: Armarouge\n|-resisted|p1b: Armarouge\n|-activate|p1b: Armarouge|move: Endure\n|-damage|p1b: Armarouge|1\/100\n|-ability|p1b: Armarouge|Weak Armor|boost\n|-unboost|p1b: Armarouge|def|1\n|-boost|p1b: Armarouge|spe|2\n|-damage|p2b: Ogerpon|81\/100|[from] Recoil\n|move|p1a: Dewgong|Perish Song|p1a: Dewgong\n|-start|p1a: Dewgong|perish3|[silent]\n|-start|p1b: Armarouge|perish3|[silent]\n|-start|p2a: Groudon|perish3|[silent]\n|-start|p2b: Ogerpon|perish3|[silent]\n|-fieldactivate|move: Perish Song\n|\n|-weather|SunnyDay|[upkeep]\n|-start|p1b: Armarouge|perish3\n|-start|p2b: Ogerpon|perish3\n|-start|p2a: Groudon|perish3\n|-start|p1a: Dewgong|perish3\n|upkeep\n|turn|4\n|-activate|p1a: Dewgong|item: Quick Claw\n|\n|t:|1736910140\n|move|p2b: Ogerpon|Follow Me|p2b: Ogerpon\n|-singleturn|p2b: Ogerpon|move: Follow Me\n|move|p1a: Dewgong|Horn Drill|p2b: Ogerpon|[miss]\n|-miss|p1a: Dewgong|p2b: Ogerpon\n|move|p1b: Armarouge|Stored Power|p2b: Ogerpon\n|-damage|p2b: Ogerpon|0 fnt\n|faint|p2b: Ogerpon\n|move|p2a: Groudon|Precipice Blades|p1b: Armarouge|[spread] p1b\n|-miss|p2a: Groudon|p1a: Dewgong\n|-supereffective|p1b: Armarouge\n|-damage|p1b: Armarouge|0 fnt\n|faint|p1b: Armarouge\n|\n|-weather|SunnyDay|[upkeep]\n|-start|p1a: Dewgong|perish2\n|-start|p2a: Groudon|perish2\n|upkeep\n|\n|t:|1736910146\n|switch|p1b: Lunala|Lunala, L50|100\/100\n|turn|5\n|\n|t:|1736910150\n|switch|p1a: Ting-Lu|Ting-Lu, L50|100\/100\n|-ability|p1a: Ting-Lu|Vessel of Ruin\n|move|p1b: Lunala|Meteor Beam||[still]\n|-prepare|p1b: Lunala|Meteor Beam\n|-boost|p1b: Lunala|spa|1\n|-enditem|p1b: Lunala|Power Herb\n|-anim|p1b: Lunala|Meteor Beam|p2a: Groudon\n|-resisted|p2a: Groudon\n|-damage|p2a: Groudon|79\/100\n|move|p2a: Groudon|Precipice Blades|p1a: Ting-Lu|[spread] p1a\n|-miss|p2a: Groudon|p1b: Lunala\n|-damage|p1a: Ting-Lu|67\/100\n|\n|-weather|SunnyDay|[upkeep]\n|-start|p2a: Groudon|perish1\n|upkeep\n|turn|6\n|c|\u2606bieiup|gg\n|\n|t:|1736910159\n|move|p1b: Lunala|Wide Guard|p1b: Lunala\n|-singleturn|p1b: Lunala|Wide Guard\n|move|p2a: Groudon|Precipice Blades|p1b: Lunala|[spread] \n|-activate|p1a: Ting-Lu|move: Wide Guard\n|-activate|p1b: Lunala|move: Wide Guard\n|move|p1a: Ting-Lu|Fissure|p2a: Groudon|[miss]\n|-miss|p1a: Ting-Lu|p2a: Groudon\n|\n|-weather|SunnyDay|[upkeep]\n|-start|p2a: Groudon|perish0\n|faint|p2a: Groudon\n|\n|win|bieiup\n|upkeep\n|raw|bieiup's rating: 1627 &rarr; <strong>1651<\/strong><br \/>(+24 for winning)\n|raw|ggttmmhh's rating: 1696 &rarr; <strong>1672<\/strong><br \/>(-24 for losing)\n|l| dobuqua\n|l|\u2606bieiup\n|player|p1|\n","uploadtime":1736910410,"views":75,"formatid":"gen9vgc2025regg","rating":1651,"private":0,"password":null}