{"id":"gen9vgc2025regg-2281669391","format":"[Gen 9] VGC 2025 Reg G","players":["BigSalta","Zyros Phade"],"log":"|j|\u2606BigSalta\n|j|\u2606Zyros Phade\n|t:|1736961457\n|gametype|doubles\n|player|p1|BigSalta|1|1635\n|player|p2|Zyros Phade|102|1553\n|teamsize|p1|6\n|teamsize|p2|6\n|gen|9\n|tier|[Gen 9] VGC 2025 Reg G\n|rated|\n|rule|Species Clause: Limit one of each Pok\u00e9mon\n|rule|Item Clause: Limit 1 of each item\n|clearpoke\n|poke|p1|Kyogre, L50|\n|poke|p1|Roaring Moon, L50|\n|poke|p1|Amoonguss, L50, F|\n|poke|p1|Incineroar, L50, F|\n|poke|p1|Rillaboom, L50, F|\n|poke|p1|Urshifu-*, L50, M|\n|poke|p2|Urshifu-*, L50, F|\n|poke|p2|Kyogre, L50|\n|poke|p2|Iron Hands, L50|\n|poke|p2|Baxcalibur, L50, F|\n|poke|p2|Indeedee-F, L50, F|\n|poke|p2|Murkrow, L50, M|\n|teampreview|4\n|j| lunaticongrass\n|j| seagel\n|inactive|Battle timer is ON: inactive players will automatically lose when time's up. (requested by Zyros Phade)\n|\n|t:|1736961499\n|start\n|switch|p1a: Urshifu|Urshifu-Rapid-Strike, L50, M|100\/100\n|switch|p1b: Incineroar|Incineroar, L50, F|100\/100\n|switch|p2a: Indeedee|Indeedee-F, L50, F|100\/100\n|switch|p2b: Kyogre|Kyogre, L50, shiny|100\/100\n|-weather|RainDance|[from] ability: Drizzle|[of] p2b: Kyogre\n|-ability|p1b: Incineroar|Intimidate|boost\n|-unboost|p2a: Indeedee|atk|1\n|-unboost|p2b: Kyogre|atk|1\n|-fieldstart|move: Psychic Terrain|[from] ability: Psychic Surge|[of] p2a: Indeedee\n|turn|1\n|\n|t:|1736961523\n|switch|p1a: Rillaboom|Rillaboom, L50, F|100\/100\n|-fieldstart|move: Grassy Terrain|[from] ability: Grassy Surge|[of] p1a: Rillaboom\n|-terastallize|p2b: Kyogre|Water\n|move|p2a: Indeedee|Helping Hand|p2b: Kyogre\n|-singleturn|p2b: Kyogre|Helping Hand|[of] p2a: Indeedee\n|move|p1b: Incineroar|Fake Out|p2b: Kyogre\n|-damage|p2b: Kyogre|88\/100\n|cant|p2b: Kyogre|flinch\n|\n|-weather|RainDance|[upkeep]\n|-heal|p2b: Kyogre|94\/100|[from] Grassy Terrain\n|upkeep\n|turn|2\n|\n|t:|1736961547\n|move|p1a: Rillaboom|Fake Out|p2b: Kyogre\n|-damage|p2b: Kyogre|81\/100\n|move|p2a: Indeedee|Follow Me|p2a: Indeedee\n|-singleturn|p2a: Indeedee|move: Follow Me\n|cant|p2b: Kyogre|flinch\n|move|p1b: Incineroar|Parting Shot|p2a: Indeedee\n|-unboost|p2a: Indeedee|atk|1\n|-unboost|p2a: Indeedee|spa|1\n|\n|t:|1736961555\n|switch|p1b: Kyogre|Kyogre, L50|100\/100|[from] Parting Shot\n|\n|-weather|RainDance|[upkeep]\n|-heal|p2b: Kyogre|87\/100|[from] Grassy Terrain\n|upkeep\n|turn|3\n|\n|t:|1736961569\n|switch|p2a: Murkrow|Murkrow, L50, M|100\/100\n|move|p2b: Kyogre|Water Spout|p1b: Kyogre|[spread] p1a,p1b\n|-resisted|p1a: Rillaboom\n|-resisted|p1b: Kyogre\n|-damage|p1a: Rillaboom|31\/100\n|-damage|p1b: Kyogre|42\/100\n|move|p1b: Kyogre|Calm Mind|p1b: Kyogre\n|-boost|p1b: Kyogre|spa|1\n|-boost|p1b: Kyogre|spd|1\n|move|p1a: Rillaboom|Wood Hammer|p2b: Kyogre\n|-supereffective|p2b: Kyogre\n|-damage|p2b: Kyogre|0 fnt\n|faint|p2b: Kyogre\n|-damage|p1a: Rillaboom|7\/100|[from] Recoil\n|\n|-weather|RainDance|[upkeep]\n|-heal|p1b: Kyogre|48\/100|[from] Grassy Terrain\n|-heal|p1b: Kyogre|54\/100|[from] item: Leftovers\n|-heal|p1a: Rillaboom|13\/100|[from] Grassy Terrain\n|upkeep\n|\n|t:|1736961574\n|switch|p2b: Indeedee|Indeedee-F, L50, F|100\/100\n|-fieldstart|move: Psychic Terrain|[from] ability: Psychic Surge|[of] p2b: Indeedee\n|turn|4\n|\n|t:|1736961585\n|switch|p1a: Incineroar|Incineroar, L50, F|100\/100\n|-ability|p1a: Incineroar|Intimidate|boost\n|-unboost|p2a: Murkrow|atk|1\n|-unboost|p2b: Indeedee|atk|1\n|switch|p2b: Baxcalibur|Baxcalibur, L50, F|100\/100\n|move|p2a: Murkrow|Hurricane|p1a: Incineroar\n|-damage|p1a: Incineroar|63\/100\n|-start|p1a: Incineroar|confusion\n|move|p1b: Kyogre|Origin Pulse|p2b: Baxcalibur|[spread] p2a,p2b\n|-resisted|p2b: Baxcalibur\n|-enditem|p2a: Murkrow|Focus Sash\n|-damage|p2a: Murkrow|1\/100\n|-damage|p2b: Baxcalibur|45\/100\n|\n|-weather|RainDance|[upkeep]\n|-heal|p1b: Kyogre|60\/100|[from] item: Leftovers\n|upkeep\n|turn|5\n|inactive|BigSalta has 30 seconds left.\n|\n|t:|1736961614\n|switch|p2a: Indeedee|Indeedee-F, L50, F|100\/100\n|move|p2b: Baxcalibur|Protect|p2b: Baxcalibur\n|-singleturn|p2b: Baxcalibur|Protect\n|move|p1b: Kyogre|Ice Beam|p2b: Baxcalibur\n|-activate|p2b: Baxcalibur|move: Protect\n|-activate|p1a: Incineroar|confusion\n|-damage|p1a: Incineroar|53\/100|[from] confusion\n|\n|-weather|none\n|-heal|p1b: Kyogre|66\/100|[from] item: Leftovers\n|upkeep\n|turn|6\n|\n|t:|1736961637\n|move|p2a: Indeedee|Helping Hand|p2b: Baxcalibur\n|-singleturn|p2b: Baxcalibur|Helping Hand|[of] p2a: Indeedee\n|move|p2b: Baxcalibur|Scale Shot|p1b: Kyogre\n|-damage|p1b: Kyogre|48\/100\n|-damage|p1b: Kyogre|31\/100\n|-damage|p1b: Kyogre|13\/100\n|-damage|p1b: Kyogre|0 fnt\n|faint|p1b: Kyogre\n|-hitcount|p1: Kyogre|4\n|-unboost|p2b: Baxcalibur|def|1\n|-boost|p2b: Baxcalibur|spe|1\n|-activate|p1a: Incineroar|confusion\n|-damage|p1a: Incineroar|45\/100|[from] confusion\n|\n|upkeep\n|j| bluestraggler02\n|\n|t:|1736961652\n|switch|p1b: Rillaboom|Rillaboom, L50, F|13\/100\n|-fieldstart|move: Grassy Terrain|[from] ability: Grassy Surge|[of] p1b: Rillaboom\n|turn|7\n|\n|t:|1736961675\n|move|p1b: Rillaboom|Fake Out|p2b: Baxcalibur\n|-damage|p2b: Baxcalibur|27\/100\n|move|p2a: Indeedee|Follow Me|p2a: Indeedee\n|-singleturn|p2a: Indeedee|move: Follow Me\n|cant|p2b: Baxcalibur|flinch\n|-activate|p1a: Incineroar|confusion\n|move|p1a: Incineroar|Knock Off|p2a: Indeedee\n|-supereffective|p2a: Indeedee\n|-damage|p2a: Indeedee|22\/100\n|-damage|p1a: Incineroar|28\/100|[from] item: Rocky Helmet|[of] p2a: Indeedee\n|-enditem|p2a: Indeedee|Rocky Helmet|[from] move: Knock Off|[of] p1a: Incineroar\n|\n|-heal|p2b: Baxcalibur|33\/100|[from] Grassy Terrain\n|-heal|p1b: Rillaboom|18\/100|[from] Grassy Terrain\n|-heal|p1a: Incineroar|34\/100|[from] Grassy Terrain\n|-heal|p2a: Indeedee|28\/100|[from] Grassy Terrain\n|upkeep\n|turn|8\n|inactive|Zyros Phade has 30 seconds left.\n|\n|t:|1736961703\n|switch|p2a: Murkrow|Murkrow, L50, M|1\/100\n|move|p2b: Baxcalibur|Protect|p2b: Baxcalibur\n|-singleturn|p2b: Baxcalibur|Protect\n|move|p1b: Rillaboom|Grassy Glide|p2a: Murkrow\n|-resisted|p2a: Murkrow\n|-damage|p2a: Murkrow|0 fnt\n|faint|p2a: Murkrow\n|-activate|p1a: Incineroar|confusion\n|move|p1a: Incineroar|Knock Off|p2b: Baxcalibur\n|-activate|p2b: Baxcalibur|move: Protect\n|\n|-heal|p2b: Baxcalibur|40\/100|[from] Grassy Terrain\n|-heal|p1b: Rillaboom|24\/100|[from] Grassy Terrain\n|-heal|p1a: Incineroar|40\/100|[from] Grassy Terrain\n|upkeep\n|\n|t:|1736961714\n|switch|p2a: Indeedee|Indeedee-F, L50, F|28\/100\n|-fieldstart|move: Psychic Terrain|[from] ability: Psychic Surge|[of] p2a: Indeedee\n|turn|9\n|\n|t:|1736961729\n|switch|p1b: Urshifu|Urshifu-Rapid-Strike, L50, M|100\/100\n|move|p2a: Indeedee|Follow Me|p2a: Indeedee\n|-singleturn|p2a: Indeedee|move: Follow Me\n|move|p2b: Baxcalibur|Icicle Spear|p1b: Urshifu\n|-resisted|p1b: Urshifu\n|-damage|p1b: Urshifu|93\/100\n|-resisted|p1b: Urshifu\n|-damage|p1b: Urshifu|86\/100\n|-resisted|p1b: Urshifu\n|-damage|p1b: Urshifu|79\/100\n|-resisted|p1b: Urshifu\n|-damage|p1b: Urshifu|72\/100\n|-resisted|p1b: Urshifu\n|-damage|p1b: Urshifu|64\/100\n|-hitcount|p1b: Urshifu|5\n|-end|p1a: Incineroar|confusion\n|move|p1a: Incineroar|Knock Off|p2a: Indeedee\n|-supereffective|p2a: Indeedee\n|-damage|p2a: Indeedee|0 fnt\n|faint|p2a: Indeedee\n|\n|upkeep\n|turn|10\n|\n|t:|1736961741\n|move|p2b: Baxcalibur|Scale Shot|p1b: Urshifu|[miss]\n|-miss|p2b: Baxcalibur|p1b: Urshifu\n|move|p1b: Urshifu|Close Combat|p2b: Baxcalibur\n|-supereffective|p2b: Baxcalibur\n|-damage|p2b: Baxcalibur|0 fnt\n|-unboost|p1b: Urshifu|def|1\n|-unboost|p1b: Urshifu|spd|1\n|faint|p2b: Baxcalibur\n|\n|win|BigSalta\n|raw|BigSalta's rating: 1635 &rarr; <strong>1650<\/strong><br \/>(+15 for winning)\n|raw|Zyros Phade's rating: 1553 &rarr; <strong>1538<\/strong><br \/>(-15 for losing)\n|l|\u2606Zyros Phade\n|player|p2|\n|l|\u2606BigSalta\n|player|p1|\n|l| seagel\n","uploadtime":1736961939,"views":17,"formatid":"gen9vgc2025regg","rating":1538,"private":0,"password":null}