{"id":"gen9vgc2025regg-2281483771","format":"[Gen 9] VGC 2025 Reg G","players":["aceatelle","BigSalta"],"log":"|j|\u2606aceatelle\n|j|\u2606BigSalta\n|t:|1736938504\n|gametype|doubles\n|player|p1|aceatelle|guitarist|1584\n|player|p2|BigSalta|1|1516\n|teamsize|p1|6\n|teamsize|p2|6\n|gen|9\n|tier|[Gen 9] VGC 2025 Reg G\n|rated|\n|rule|Species Clause: Limit one of each Pok\u00e9mon\n|rule|Item Clause: Limit 1 of each item\n|clearpoke\n|poke|p1|Miraidon, L50|\n|poke|p1|Whimsicott, L50, M|\n|poke|p1|Farigiraf, L50, F|\n|poke|p1|Ursaluna-Bloodmoon, L50, M|\n|poke|p1|Urshifu-*, L50, F|\n|poke|p1|Iron Hands, L50|\n|poke|p2|Kyogre, L50|\n|poke|p2|Roaring Moon, L50|\n|poke|p2|Amoonguss, L50, F|\n|poke|p2|Incineroar, L50, M|\n|poke|p2|Rillaboom, L50, M|\n|poke|p2|Urshifu-*, L50, F|\n|teampreview|4\n|c|\u2606aceatelle|glhf!\n|\n|t:|1736938536\n|start\n|switch|p1a: Miraidon|Miraidon, L50|100\/100\n|switch|p1b: Iron Hands|Iron Hands, L50|100\/100\n|switch|p2a: Rillaboom|Rillaboom, L50, M|100\/100\n|switch|p2b: Amoonguss|Amoonguss, L50, F|100\/100\n|-fieldstart|move: Electric Terrain|[from] ability: Hadron Engine|[of] p1a: Miraidon\n|-activate|p1b: Iron Hands|ability: Quark Drive\n|-start|p1b: Iron Hands|quarkdriveatk\n|-fieldstart|move: Grassy Terrain|[from] ability: Grassy Surge|[of] p2a: Rillaboom\n|-end|p1b: Iron Hands|Quark Drive\n|turn|1\n|\n|t:|1736938593\n|switch|p1a: Farigiraf|Farigiraf, L50, F|100\/100\n|move|p2a: Rillaboom|Fake Out||[still]\n|cant|p1a: Farigiraf|ability: Armor Tail|Fake Out|[of] p2a: Rillaboom\n|move|p1b: Iron Hands|Fake Out|p2b: Amoonguss\n|-damage|p2b: Amoonguss|87\/100\n|-damage|p1b: Iron Hands|84\/100|[from] item: Rocky Helmet|[of] p2b: Amoonguss\n|cant|p2b: Amoonguss|flinch\n|\n|-heal|p1b: Iron Hands|90\/100|[from] Grassy Terrain\n|-heal|p2b: Amoonguss|93\/100|[from] Grassy Terrain\n|upkeep\n|turn|2\n|\n|t:|1736938622\n|-terastallize|p1b: Iron Hands|Ice\n|move|p2b: Amoonguss|Protect|p2b: Amoonguss\n|-singleturn|p2b: Amoonguss|Protect\n|move|p2a: Rillaboom|U-turn|p1a: Farigiraf\n|-supereffective|p1a: Farigiraf\n|-damage|p1a: Farigiraf|67\/100\n|\n|t:|1736938633\n|switch|p2a: Kyogre|Kyogre, L50|100\/100|[from] U-turn\n|-weather|RainDance|[from] ability: Drizzle|[of] p2a: Kyogre\n|move|p1a: Farigiraf|Psychic Noise|p2b: Amoonguss\n|-activate|p2b: Amoonguss|move: Protect\n|move|p1b: Iron Hands|Ice Punch|p2b: Amoonguss\n|-activate|p2b: Amoonguss|move: Protect\n|\n|-weather|RainDance|[upkeep]\n|-heal|p1a: Farigiraf|73\/100|[from] Grassy Terrain\n|-heal|p1b: Iron Hands|96\/100|[from] Grassy Terrain\n|-heal|p2b: Amoonguss|99\/100|[from] Grassy Terrain\n|upkeep\n|turn|3\n|\n|t:|1736938664\n|switch|p1a: Miraidon|Miraidon, L50|100\/100\n|-fieldstart|move: Electric Terrain|[from] ability: Hadron Engine|[of] p1a: Miraidon\n|-activate|p1b: Iron Hands|ability: Quark Drive\n|-start|p1b: Iron Hands|quarkdriveatk\n|move|p2b: Amoonguss|Rage Powder|p2b: Amoonguss\n|-singleturn|p2b: Amoonguss|move: Rage Powder\n|move|p2a: Kyogre|Calm Mind|p2a: Kyogre\n|-boost|p2a: Kyogre|spa|1\n|-boost|p2a: Kyogre|spd|1\n|move|p1b: Iron Hands|Ice Punch|p2b: Amoonguss\n|-supereffective|p2b: Amoonguss\n|-crit|p2b: Amoonguss\n|-damage|p2b: Amoonguss|0 fnt\n|-damage|p1b: Iron Hands|80\/100|[from] item: Rocky Helmet|[of] p2b: Amoonguss\n|faint|p2b: Amoonguss\n|\n|-weather|RainDance|[upkeep]\n|upkeep\n|\n|t:|1736938673\n|switch|p2b: Rillaboom|Rillaboom, L50, M|100\/100\n|-fieldstart|move: Grassy Terrain|[from] ability: Grassy Surge|[of] p2b: Rillaboom\n|-end|p1b: Iron Hands|Quark Drive\n|turn|4\n|\n|t:|1736938694\n|-end|p1b: Iron Hands|Quark Drive|[silent]\n|switch|p1b: Farigiraf|Farigiraf, L50, F|73\/100\n|-terastallize|p2a: Kyogre|Grass\n|move|p1a: Miraidon|Volt Switch|p2a: Kyogre\n|-resisted|p2a: Kyogre\n|-damage|p2a: Kyogre|87\/100\n|\n|t:|1736938701\n|switch|p1a: Urshifu|Urshifu, L50, F|100\/100|[from] Volt Switch\n|move|p2a: Kyogre|Origin Pulse|p1b: Farigiraf|[spread] p1b\n|-miss|p2a: Kyogre|p1a: Urshifu\n|-damage|p1b: Farigiraf|0 fnt\n|faint|p1b: Farigiraf\n|move|p2b: Rillaboom|Wood Hammer|p1a: Urshifu\n|-damage|p1a: Urshifu|24\/100\n|-damage|p2b: Rillaboom|79\/100|[from] Recoil\n|\n|-weather|RainDance|[upkeep]\n|-heal|p1a: Urshifu|30\/100|[from] Grassy Terrain\n|-heal|p2a: Kyogre|93\/100|[from] Grassy Terrain\n|-heal|p2a: Kyogre|99\/100|[from] item: Leftovers\n|-heal|p2b: Rillaboom|85\/100|[from] Grassy Terrain\n|upkeep\n|\n|t:|1736938711\n|switch|p1b: Iron Hands|Iron Hands, L50, tera:Ice|80\/100\n|turn|5\n|\n|t:|1736938738\n|move|p1b: Iron Hands|Fake Out|p2b: Rillaboom\n|-damage|p2b: Rillaboom|72\/100\n|move|p1a: Urshifu|Close Combat|p2a: Kyogre\n|-damage|p2a: Kyogre|46\/100\n|-unboost|p1a: Urshifu|def|1\n|-unboost|p1a: Urshifu|spd|1\n|move|p2a: Kyogre|Origin Pulse|p1a: Urshifu|[spread] p1a,p1b\n|-crit|p1a: Urshifu\n|-damage|p1a: Urshifu|0 fnt\n|-damage|p1b: Iron Hands|26\/100\n|faint|p1a: Urshifu\n|cant|p2b: Rillaboom|flinch\n|\n|-weather|RainDance|[upkeep]\n|-heal|p2a: Kyogre|52\/100|[from] Grassy Terrain\n|-heal|p2a: Kyogre|58\/100|[from] item: Leftovers\n|-heal|p2b: Rillaboom|78\/100|[from] Grassy Terrain\n|-heal|p1b: Iron Hands|33\/100|[from] Grassy Terrain\n|upkeep\n|\n|t:|1736938747\n|switch|p1a: Miraidon|Miraidon, L50|100\/100\n|-fieldstart|move: Electric Terrain|[from] ability: Hadron Engine|[of] p1a: Miraidon\n|-activate|p1b: Iron Hands|ability: Quark Drive\n|-start|p1b: Iron Hands|quarkdriveatk\n|turn|6\n|\n|t:|1736938780\n|switch|p2b: Urshifu|Urshifu-Rapid-Strike, L50, F|100\/100\n|move|p2a: Kyogre|Protect|p2a: Kyogre\n|-singleturn|p2a: Kyogre|Protect\n|move|p1a: Miraidon|Draco Meteor|p2a: Kyogre\n|-activate|p2a: Kyogre|move: Protect\n|move|p1b: Iron Hands|Drain Punch|p2b: Urshifu\n|-damage|p2b: Urshifu|40\/100\n|-heal|p1b: Iron Hands|55\/100|[from] drain|[of] p2b: Urshifu\n|\n|-weather|none\n|-heal|p2a: Kyogre|64\/100|[from] item: Leftovers\n|upkeep\n|turn|7\n|\n|t:|1736938799\n|move|p2b: Urshifu|Close Combat|p1b: Iron Hands\n|-supereffective|p1b: Iron Hands\n|-damage|p1b: Iron Hands|0 fnt\n|-unboost|p2b: Urshifu|def|1\n|-unboost|p2b: Urshifu|spd|1\n|faint|p1b: Iron Hands\n|-end|p1b: Iron Hands|Quark Drive|[silent]\n|move|p1a: Miraidon|Draco Meteor|p2b: Urshifu|[miss]\n|-miss|p1a: Miraidon|p2b: Urshifu\n|move|p2a: Kyogre|Ice Beam|p1a: Miraidon\n|-supereffective|p1a: Miraidon\n|-damage|p1a: Miraidon|2\/100\n|-status|p1a: Miraidon|frz\n|\n|-heal|p2a: Kyogre|70\/100|[from] item: Leftovers\n|upkeep\n|turn|8\n|c|\u2606aceatelle|gg\n|-message|aceatelle forfeited.\n|\n|win|BigSalta\n|raw|aceatelle's rating: 1584 &rarr; <strong>1560<\/strong><br \/>(-24 for losing)\n|raw|BigSalta's rating: 1516 &rarr; <strong>1540<\/strong><br \/>(+24 for winning)\n|l|\u2606aceatelle\n|player|p1|\n|l|\u2606BigSalta\n|player|p2|\n","uploadtime":1736938990,"views":9,"formatid":"gen9vgc2025regg","rating":1540,"private":0,"password":null}