{"id":"gen9vgc2025regg-2281238300","format":"[Gen 9] VGC 2025 Reg G","players":["Emirnent","LeCehlou"],"log":"|j|\u2606Emirnent\n|j|\u2606LeCehlou\n|t:|1736898133\n|gametype|doubles\n|player|p1|Emirnent|2|1647\n|player|p2|LeCehlou|archer|1680\n|teamsize|p1|6\n|teamsize|p2|6\n|gen|9\n|tier|[Gen 9] VGC 2025 Reg G\n|rated|\n|rule|Species Clause: Limit one of each Pok\u00e9mon\n|rule|Item Clause: Limit 1 of each item\n|clearpoke\n|poke|p1|Chien-Pao, L50|\n|poke|p1|Zamazenta-*, L50|\n|poke|p1|Rillaboom, L50, F|\n|poke|p1|Flutter Mane, L50|\n|poke|p1|Chi-Yu, L50|\n|poke|p1|Amoonguss, L50, F|\n|poke|p2|Ditto, L50|\n|poke|p2|Zacian-*, L50|\n|poke|p2|Amoonguss, L50, F|\n|poke|p2|Regidrago, L50|\n|poke|p2|Chi-Yu, L50|\n|poke|p2|Whimsicott, L50, M|\n|teampreview|4\n|inactive|Battle timer is ON: inactive players will automatically lose when time's up. (requested by Emirnent)\n|j| oherrodersir\n|inactive|LeCehlou has 60 seconds left.\n|\n|t:|1736898177\n|start\n|switch|p1a: Chien-Pao|Chien-Pao, L50|100\/100\n|switch|p1b: Zamazenta|Zamazenta-Crowned, L50|100\/100\n|switch|p2a: Zacian|Zacian-Crowned, L50|100\/100\n|switch|p2b: Whimsicott|Whimsicott, L50, M, shiny|100\/100\n|-ability|p2a: Zacian|Intrepid Sword|boost\n|-boost|p2a: Zacian|atk|1\n|-ability|p1a: Chien-Pao|Sword of Ruin\n|-ability|p1b: Zamazenta|Dauntless Shield|boost\n|-boost|p1b: Zamazenta|def|1\n|turn|1\n|\n|t:|1736898191\n|-terastallize|p2b: Whimsicott|Steel\n|move|p2a: Zacian|Behemoth Blade|p1a: Chien-Pao\n|-supereffective|p1a: Chien-Pao\n|-enditem|p1a: Chien-Pao|Focus Sash\n|-damage|p1a: Chien-Pao|1\/100\n|move|p1a: Chien-Pao|Icicle Crash|p2b: Whimsicott|[miss]\n|-miss|p1a: Chien-Pao|p2b: Whimsicott\n|move|p2b: Whimsicott|Moonblast|p1a: Chien-Pao\n|-supereffective|p1a: Chien-Pao\n|-damage|p1a: Chien-Pao|0 fnt\n|faint|p1a: Chien-Pao\n|move|p1b: Zamazenta|Body Press|p2a: Zacian\n|-damage|p2a: Zacian|38\/100\n|\n|upkeep\n|inactive|Emirnent has 30 seconds left.\n|\n|t:|1736898223\n|switch|p1a: Chi-Yu|Chi-Yu, L50|100\/100\n|-ability|p1a: Chi-Yu|Beads of Ruin\n|turn|2\n|\n|t:|1736898230\n|move|p2a: Zacian|Protect|p2a: Zacian\n|-singleturn|p2a: Zacian|Protect\n|move|p2b: Whimsicott|Tailwind|p2b: Whimsicott\n|-sidestart|p2: LeCehlou|move: Tailwind\n|move|p1a: Chi-Yu|Heat Wave|p2a: Zacian|[spread] p2b\n|-activate|p2a: Zacian|move: Protect\n|-supereffective|p2b: Whimsicott\n|-damage|p2b: Whimsicott|0 fnt\n|faint|p2b: Whimsicott\n|move|p1b: Zamazenta|Body Press|p2a: Zacian\n|-activate|p2a: Zacian|move: Protect\n|\n|upkeep\n|\n|t:|1736898234\n|switch|p2b: Chi-Yu|Chi-Yu, L50|100\/100\n|-ability|p2b: Chi-Yu|Beads of Ruin\n|turn|3\n|\n|t:|1736898252\n|-terastallize|p1b: Zamazenta|Dragon\n|move|p2b: Chi-Yu|Heat Wave|p1b: Zamazenta|[spread] p1a,p1b\n|-resisted|p1a: Chi-Yu\n|-resisted|p1b: Zamazenta\n|-damage|p1a: Chi-Yu|75\/100\n|-damage|p1b: Zamazenta|82\/100\n|move|p2a: Zacian|Sacred Sword|p1a: Chi-Yu\n|-supereffective|p1a: Chi-Yu\n|-damage|p1a: Chi-Yu|0 fnt\n|faint|p1a: Chi-Yu\n|move|p1b: Zamazenta|Body Press|p2a: Zacian\n|-damage|p2a: Zacian|0 fnt\n|faint|p2a: Zacian\n|\n|upkeep\n|\n|t:|1736898259\n|switch|p2a: Ditto|Ditto, L50|100\/100\n|switch|p1a: Flutter Mane|Flutter Mane, L50|100\/100\n|-transform|p2a: Ditto|p1b: Zamazenta|[from] ability: Imposter\n|-ability|p2a: Ditto|Dauntless Shield|boost\n|-boost|p2a: Ditto|def|1\n|-enditem|p1a: Flutter Mane|Booster Energy\n|-activate|p1a: Flutter Mane|ability: Protosynthesis|[fromitem]\n|-start|p1a: Flutter Mane|protosynthesisspe\n|-start|p2a: Ditto|typechange|Fighting\/Steel|[silent]\n|turn|4\n|\n|t:|1736898276\n|move|p2b: Chi-Yu|Heat Wave|p1a: Flutter Mane|[spread] p1a,p1b\n|-resisted|p1b: Zamazenta\n|-damage|p1a: Flutter Mane|53\/100\n|-damage|p1b: Zamazenta|65\/100\n|move|p2a: Ditto|Heavy Slam|p1a: Flutter Mane\n|-supereffective|p1a: Flutter Mane\n|-damage|p1a: Flutter Mane|0 fnt\n|faint|p1a: Flutter Mane\n|-end|p1a: Flutter Mane|Protosynthesis|[silent]\n|move|p1b: Zamazenta|Body Press|p2b: Chi-Yu\n|-supereffective|p2b: Chi-Yu\n|-damage|p2b: Chi-Yu|0 fnt\n|faint|p2b: Chi-Yu\n|\n|upkeep\n|turn|5\n|\n|t:|1736898282\n|move|p1b: Zamazenta|Protect|p1b: Zamazenta\n|-singleturn|p1b: Zamazenta|Protect\n|move|p2a: Ditto|Body Press|p1b: Zamazenta\n|-activate|p1b: Zamazenta|move: Protect\n|\n|-sideend|p2: LeCehlou|move: Tailwind\n|upkeep\n|turn|6\n|\n|t:|1736898286\n|move|p2a: Ditto|Body Press|p1b: Zamazenta\n|-crit|p1b: Zamazenta\n|-damage|p1b: Zamazenta|0 fnt\n|faint|p1b: Zamazenta\n|\n|win|LeCehlou\n|raw|Emirnent's rating: 1647 &rarr; <strong>1629<\/strong><br \/>(-18 for losing)\n|raw|LeCehlou's rating: 1680 &rarr; <strong>1698<\/strong><br \/>(+18 for winning)\n|l|\u2606Emirnent\n|player|p1|\n|c|\u2606LeCehlou|my b\n","uploadtime":1736898444,"views":24,"formatid":"gen9vgc2025regg","rating":1629,"private":0,"password":null}