{"id":"gen9vgc2025regg-2281707844","format":"[Gen 9] VGC 2025 Reg G","players":["yodapoke","bertscai"],"log":"|j|\u203dyodapoke\n|j|\u2606bertscai\n|t:|1736965252\n|gametype|doubles\n|player|p1|yodapoke|lucas|1564\n|player|p2|bertscai|zinzolin|1621\n|teamsize|p1|6\n|teamsize|p2|6\n|gen|9\n|tier|[Gen 9] VGC 2025 Reg G\n|rated|\n|rule|Species Clause: Limit one of each Pok\u00e9mon\n|rule|Item Clause: Limit 1 of each item\n|clearpoke\n|poke|p1|Ogerpon-Hearthflame, L50, F|\n|poke|p1|Groudon, L50|\n|poke|p1|Iron Jugulis, L50|\n|poke|p1|Urshifu-*, L50, M|\n|poke|p1|Raging Bolt, L50|\n|poke|p1|Glastrier, L50|\n|poke|p2|Weezing-Galar, L50, F|\n|poke|p2|Calyrex-Shadow, L50|\n|poke|p2|Dondozo, L50, M|\n|poke|p2|Tatsugiri-Droopy, L50, M|\n|poke|p2|Ogerpon-Cornerstone, L50, F|\n|poke|p2|Ditto, L50|\n|teampreview|4\n|inactive|Battle timer is ON: inactive players will automatically lose when time's up. (requested by bertscai)\n|j| Danger05\n|\n|t:|1736965278\n|start\n|switch|p1a: Groudon|Groudon, L50|100\/100\n|switch|p1b: Iron Jugulis|Iron Jugulis, L50|100\/100\n|switch|p2a: Calyrex|Calyrex-Shadow, L50|100\/100\n|switch|p2b: Weezing|Weezing-Galar, L50, F, shiny|100\/100\n|-ability|p2a: Calyrex|As One\n|-ability|p2a: Calyrex|Unnerve\n|-ability|p2b: Weezing|Neutralizing Gas\n|turn|1\n|\n|t:|1736965298\n|move|p1a: Groudon|Protect|p1a: Groudon\n|-singleturn|p1a: Groudon|Protect\n|move|p2a: Calyrex|Astral Barrage|p1a: Groudon|[spread] p1b\n|-activate|p1a: Groudon|move: Protect\n|-resisted|p1b: Iron Jugulis\n|-damage|p1b: Iron Jugulis|69\/100\n|-damage|p2a: Calyrex|91\/100|[from] item: Life Orb\n|move|p1b: Iron Jugulis|Snarl|p2b: Weezing|[spread] p2a,p2b\n|-supereffective|p2a: Calyrex\n|-resisted|p2b: Weezing\n|-damage|p2a: Calyrex|22\/100\n|-damage|p2b: Weezing|92\/100\n|-unboost|p2a: Calyrex|spa|1\n|move|p2b: Weezing|Poison Gas|p1b: Iron Jugulis|[spread] p1b\n|-activate|p1a: Groudon|move: Protect\n|-status|p1b: Iron Jugulis|psn\n|\n|-damage|p1b: Iron Jugulis|57\/100 psn|[from] psn\n|upkeep\n|turn|2\n|\n|t:|1736965319\n|-terastallize|p2b: Weezing|Water\n|move|p2a: Calyrex|Astral Barrage|p1b: Iron Jugulis|[spread] p1a,p1b\n|-resisted|p1b: Iron Jugulis\n|-damage|p1a: Groudon|54\/100\n|-damage|p1b: Iron Jugulis|33\/100 psn\n|-damage|p2a: Calyrex|12\/100|[from] item: Life Orb\n|move|p1b: Iron Jugulis|Tailwind|p1b: Iron Jugulis\n|-sidestart|p1: yodapoke|move: Tailwind\n|move|p1a: Groudon|Precipice Blades|p2b: Weezing|[spread] p2a,p2b\n|-damage|p2a: Calyrex|0 fnt\n|-damage|p2b: Weezing|50\/100\n|faint|p2a: Calyrex\n|move|p2b: Weezing|Poison Gas|p1a: Groudon|[spread] p1a\n|-miss|p2b: Weezing|p1b: Iron Jugulis\n|-status|p1a: Groudon|psn\n|\n|-damage|p1b: Iron Jugulis|21\/100 psn|[from] psn\n|-damage|p1a: Groudon|41\/100 psn|[from] psn\n|upkeep\n|\n|t:|1736965335\n|switch|p2a: Dondozo|Dondozo, L50, M|100\/100\n|turn|3\n|j| plaged\n|\n|t:|1736965343\n|move|p2a: Dondozo|Protect|p2a: Dondozo\n|-singleturn|p2a: Dondozo|Protect\n|move|p1b: Iron Jugulis|Air Slash|p2a: Dondozo\n|-activate|p2a: Dondozo|move: Protect\n|move|p1a: Groudon|Bulk Up|p1a: Groudon\n|-boost|p1a: Groudon|atk|1\n|-boost|p1a: Groudon|def|1\n|move|p2b: Weezing|Toxic Spikes|p1a: Groudon\n|-sidestart|p1: yodapoke|move: Toxic Spikes\n|\n|-damage|p1b: Iron Jugulis|9\/100 psn|[from] psn\n|-damage|p1a: Groudon|29\/100 psn|[from] psn\n|upkeep\n|turn|4\n|\n|t:|1736965357\n|-end|p2b: Weezing|ability: Neutralizing Gas\n|-weather|SunnyDay|[from] ability: Drought|[of] p1a: Groudon\n|switch|p2b: Tatsugiri|Tatsugiri-Droopy, L50, M, shiny|100\/100\n|-enditem|p1b: Iron Jugulis|Booster Energy\n|-activate|p1b: Iron Jugulis|ability: Quark Drive|[fromitem]\n|-start|p1b: Iron Jugulis|quarkdrivespe\n|-activate|p2b: Tatsugiri|ability: Commander|[of] p2a: Dondozo\n|-boost|p2a: Dondozo|atk|2\n|-boost|p2a: Dondozo|spa|2\n|-boost|p2a: Dondozo|spe|2\n|-boost|p2a: Dondozo|def|2\n|-boost|p2a: Dondozo|spd|2\n|move|p1b: Iron Jugulis|Air Slash|p2a: Dondozo\n|-damage|p2a: Dondozo|87\/100\n|move|p1a: Groudon|Precipice Blades|p2b: Tatsugiri|[spread] p2a\n|-miss|p1a: Groudon|p2b: Tatsugiri\n|-damage|p2a: Dondozo|73\/100\n|move|p2a: Dondozo|Order Up|p1a: Groudon\n|-damage|p1a: Groudon|3\/100 psn\n|-boost|p2a: Dondozo|def|1\n|\n|-weather|SunnyDay|[upkeep]\n|-heal|p2a: Dondozo|79\/100|[from] item: Leftovers\n|-damage|p1b: Iron Jugulis|0 fnt|[from] psn\n|faint|p1b: Iron Jugulis\n|-end|p1b: Iron Jugulis|Quark Drive|[silent]\n|-damage|p1a: Groudon|0 fnt|[from] psn\n|faint|p1a: Groudon\n|upkeep\n|\n|t:|1736965379\n|switch|p1b: Raging Bolt|Raging Bolt, L50|100\/100\n|switch|p1a: Urshifu|Urshifu, L50, M|100\/100\n|-status|p1a: Urshifu|psn\n|-status|p1b: Raging Bolt|psn\n|-activate|p1b: Raging Bolt|ability: Protosynthesis\n|-start|p1b: Raging Bolt|protosynthesisspa\n|turn|5\n|\n|t:|1736965394\n|move|p1a: Urshifu|Wicked Blow|p2a: Dondozo\n|-crit|p2a: Dondozo\n|-damage|p2a: Dondozo|36\/100\n|move|p1b: Raging Bolt|Thunderbolt|p2a: Dondozo\n|-supereffective|p2a: Dondozo\n|-damage|p2a: Dondozo|0 fnt\n|faint|p2a: Dondozo\n|\n|-weather|SunnyDay|[upkeep]\n|-damage|p1a: Urshifu|88\/100 psn|[from] psn\n|-damage|p1b: Raging Bolt|88\/100 psn|[from] psn\n|-sideend|p1: yodapoke|move: Tailwind\n|upkeep\n|\n|t:|1736965404\n|switch|p2a: Weezing|Weezing-Galar, L50, F, shiny, tera:Water|50\/100\n|-ability|p2a: Weezing|Neutralizing Gas\n|turn|6\n|\n|t:|1736965413\n|-terastallize|p1b: Raging Bolt|Fairy\n|move|p2b: Tatsugiri|Protect|p2b: Tatsugiri\n|-singleturn|p2b: Tatsugiri|Protect\n|move|p2a: Weezing|Protect|p2a: Weezing\n|-singleturn|p2a: Weezing|Protect\n|move|p1b: Raging Bolt|Thunderclap||[still]\n|-fail|p1b: Raging Bolt\n|move|p1a: Urshifu|Wicked Blow|p2b: Tatsugiri\n|-activate|p2b: Tatsugiri|move: Protect\n|\n|-weather|SunnyDay|[upkeep]\n|-damage|p1a: Urshifu|75\/100 psn|[from] psn\n|-damage|p1b: Raging Bolt|76\/100 psn|[from] psn\n|upkeep\n|turn|7\n|j| BionicFox\n|\n|t:|1736965434\n|move|p2b: Tatsugiri|Draco Meteor|p1a: Urshifu\n|-damage|p1a: Urshifu|0 fnt\n|-unboost|p2b: Tatsugiri|spa|2\n|faint|p1a: Urshifu\n|move|p1b: Raging Bolt|Thunderbolt|p2a: Weezing\n|-supereffective|p2a: Weezing\n|-crit|p2a: Weezing\n|-damage|p2a: Weezing|0 fnt\n|faint|p2a: Weezing\n|-end|p2a: Weezing|ability: Neutralizing Gas\n|\n|-weather|SunnyDay|[upkeep]\n|-damage|p1b: Raging Bolt|63\/100 psn|[from] psn\n|upkeep\n|turn|8\n|\n|t:|1736965448\n|move|p2b: Tatsugiri|Protect|p2b: Tatsugiri\n|-singleturn|p2b: Tatsugiri|Protect\n|move|p1b: Raging Bolt|Thunderbolt|p2b: Tatsugiri\n|-activate|p2b: Tatsugiri|move: Protect\n|\n|-weather|none\n|-end|p1b: Raging Bolt|Protosynthesis\n|-damage|p1b: Raging Bolt|51\/100 psn|[from] psn\n|upkeep\n|turn|9\n|l| BionicFox\n|\n|t:|1736965455\n|move|p2b: Tatsugiri|Muddy Water|p1b: Raging Bolt\n|-damage|p1b: Raging Bolt|37\/100 psn\n|-unboost|p1b: Raging Bolt|accuracy|1\n|move|p1b: Raging Bolt|Draco Meteor|p2b: Tatsugiri\n|-supereffective|p2b: Tatsugiri\n|-enditem|p2b: Tatsugiri|Focus Sash\n|-damage|p2b: Tatsugiri|1\/100\n|-unboost|p1b: Raging Bolt|spa|2\n|\n|-damage|p1b: Raging Bolt|24\/100 psn|[from] psn\n|upkeep\n|turn|10\n|\n|t:|1736965466\n|move|p2b: Tatsugiri|Protect|p2b: Tatsugiri\n|-singleturn|p2b: Tatsugiri|Protect\n|move|p1b: Raging Bolt|Thunderclap||[still]\n|-fail|p1b: Raging Bolt\n|\n|-damage|p1b: Raging Bolt|12\/100 psn|[from] psn\n|upkeep\n|turn|11\n|\n|t:|1736965472\n|move|p2b: Tatsugiri|Protect||[still]\n|-fail|p2b: Tatsugiri\n|move|p1b: Raging Bolt|Thunderbolt|p2b: Tatsugiri\n|-damage|p2b: Tatsugiri|0 fnt\n|faint|p2b: Tatsugiri\n|\n|win|yodapoke\n|raw|yodapoke's rating: 1564 &rarr; <strong>1587<\/strong><br \/>(+23 for winning)\n|raw|bertscai's rating: 1621 &rarr; <strong>1598<\/strong><br \/>(-23 for losing)\n|l|\u203dyodapoke\n|player|p1|\n|l|\u2606bertscai\n|player|p2|\n|l| Danger05\n","uploadtime":1736965689,"views":29,"formatid":"gen9vgc2025regg","rating":1587,"private":0,"password":null}