{"id":"gen9vgc2025regg-2281346496","format":"[Gen 9] VGC 2025 Reg G","players":["Lichuweijixi","Paradox Mourinho"],"log":"|j|\u2606Lichuweijixi\n|j|\u2606Paradox Mourinho\n|t:|1736912843\n|gametype|doubles\n|player|p1|Lichuweijixi|169|1759\n|player|p2|Paradox Mourinho|lance|1669\n|teamsize|p1|6\n|teamsize|p2|6\n|gen|9\n|tier|[Gen 9] VGC 2025 Reg G\n|rated|\n|rule|Species Clause: Limit one of each Pok\u00e9mon\n|rule|Item Clause: Limit 1 of each item\n|clearpoke\n|poke|p1|Calyrex-Ice, L50|\n|poke|p1|Smeargle, L50, F|\n|poke|p1|Urshifu-*, L50, M|\n|poke|p1|Ogerpon-Wellspring, L50, F|\n|poke|p1|Raging Bolt, L50|\n|poke|p1|Iron Valiant, L50|\n|poke|p2|Calyrex-Shadow, L50|\n|poke|p2|Gothitelle, L50, M|\n|poke|p2|Urshifu-*, L50, F|\n|poke|p2|Raging Bolt, L50|\n|poke|p2|Chien-Pao, L50|\n|poke|p2|Ditto, L50|\n|teampreview|4\n|\n|t:|1736912870\n|start\n|switch|p1a: Iron Valiant|Iron Valiant, L50|100\/100\n|switch|p1b: Calyrex|Calyrex-Ice, L50|100\/100\n|switch|p2a: Calyrex|Calyrex-Shadow, L50|100\/100\n|switch|p2b: Urshifu|Urshifu-Rapid-Strike, L50, F|100\/100\n|-ability|p2a: Calyrex|As One\n|-ability|p2a: Calyrex|Unnerve\n|-ability|p1b: Calyrex|As One\n|-ability|p1b: Calyrex|Unnerve\n|-enditem|p1a: Iron Valiant|Booster Energy\n|-activate|p1a: Iron Valiant|ability: Quark Drive|[fromitem]\n|-start|p1a: Iron Valiant|quarkdrivespe\n|turn|1\n|\n|t:|1736912886\n|-terastallize|p2b: Urshifu|Water\n|-terastallize|p1b: Calyrex|Water\n|move|p1a: Iron Valiant|Destiny Bond|p1a: Iron Valiant\n|-singlemove|p1a: Iron Valiant|Destiny Bond\n|move|p2a: Calyrex|Astral Barrage|p1b: Calyrex|[spread] p1a,p1b\n|-damage|p1a: Iron Valiant|0 fnt\n|-damage|p1b: Calyrex|52\/100\n|faint|p1a: Iron Valiant\n|-activate|p1a: Iron Valiant|move: Destiny Bond\n|-end|p1a: Iron Valiant|Quark Drive|[silent]\n|faint|p2a: Calyrex\n|move|p2b: Urshifu|Surging Strikes|p1b: Calyrex\n|-resisted|p1b: Calyrex\n|-crit|p1b: Calyrex\n|-damage|p1b: Calyrex|44\/100\n|-enditem|p1b: Calyrex|Sitrus Berry|[eat]\n|-heal|p1b: Calyrex|68\/100|[from] item: Sitrus Berry\n|-resisted|p1b: Calyrex\n|-crit|p1b: Calyrex\n|-damage|p1b: Calyrex|60\/100\n|-resisted|p1b: Calyrex\n|-crit|p1b: Calyrex\n|-damage|p1b: Calyrex|52\/100\n|-hitcount|p1b: Calyrex|3\n|move|p1b: Calyrex|Trick Room|p1b: Calyrex\n|-fieldstart|move: Trick Room|[of] p1b: Calyrex\n|\n|upkeep\n|j| jk712\n|\n|t:|1736912901\n|switch|p1a: Smeargle|Smeargle, L50, F|100\/100\n|switch|p2a: Ditto|Ditto, L50|100\/100\n|-transform|p2a: Ditto|p1b: Calyrex|[from] ability: Imposter\n|-ability|p2a: Ditto|As One\n|-ability|p2a: Ditto|Unnerve\n|-start|p2a: Ditto|typechange|Psychic\/Ice|[silent]\n|turn|2\n|\n|t:|1736912914\n|move|p1a: Smeargle|Spore|p2a: Ditto\n|-status|p2a: Ditto|slp|[from] move: Spore\n|move|p1b: Calyrex|Glacial Lance|p2a: Ditto|[spread] p2a,p2b\n|-resisted|p2a: Ditto\n|-resisted|p2b: Urshifu\n|-damage|p2a: Ditto|77\/100 slp\n|-damage|p2b: Urshifu|69\/100\n|cant|p2a: Ditto|slp\n|move|p2b: Urshifu|Surging Strikes|p1b: Calyrex\n|-resisted|p1b: Calyrex\n|-crit|p1b: Calyrex\n|-damage|p1b: Calyrex|43\/100\n|-resisted|p1b: Calyrex\n|-crit|p1b: Calyrex\n|-damage|p1b: Calyrex|35\/100\n|-resisted|p1b: Calyrex\n|-crit|p1b: Calyrex\n|-damage|p1b: Calyrex|27\/100\n|-hitcount|p1b: Calyrex|3\n|\n|upkeep\n|turn|3\n|j| neebieplayersea\n|\n|t:|1736912943\n|move|p1a: Smeargle|Spore|p2b: Urshifu\n|-activate|p2b: Urshifu|item: Safety Goggles|Spore\n|move|p1b: Calyrex|Glacial Lance|p2a: Ditto|[spread] p2a,p2b\n|-resisted|p2a: Ditto\n|-resisted|p2b: Urshifu\n|-damage|p2a: Ditto|53\/100 slp\n|-damage|p2b: Urshifu|37\/100\n|-curestatus|p2a: Ditto|slp|[msg]\n|move|p2a: Ditto|Glacial Lance|p1a: Smeargle|[spread] p1a,p1b\n|-resisted|p1b: Calyrex\n|-damage|p1a: Smeargle|25\/100\n|-damage|p1b: Calyrex|8\/100\n|move|p2b: Urshifu|Surging Strikes|p1b: Calyrex\n|-resisted|p1b: Calyrex\n|-crit|p1b: Calyrex\n|-damage|p1b: Calyrex|0 fnt\n|faint|p1b: Calyrex\n|-hitcount|p1: Calyrex|1\n|\n|upkeep\n|\n|t:|1736912946\n|switch|p1b: Urshifu|Urshifu, L50, M|100\/100\n|turn|4\n|\n|t:|1736912963\n|move|p1b: Urshifu|Sucker Punch|p2b: Urshifu\n|-damage|p2b: Urshifu|0 fnt\n|faint|p2b: Urshifu\n|move|p1a: Smeargle|Spore|p2a: Ditto\n|-status|p2a: Ditto|slp|[from] move: Spore\n|cant|p2a: Ditto|slp\n|\n|upkeep\n|\n|t:|1736912966\n|switch|p2b: Chien-Pao|Chien-Pao, L50|100\/100\n|-ability|p2b: Chien-Pao|Sword of Ruin\n|turn|5\n|\n|t:|1736912974\n|move|p2b: Chien-Pao|Protect|p2b: Chien-Pao\n|-singleturn|p2b: Chien-Pao|Protect\n|move|p1a: Smeargle|Spore|p2b: Chien-Pao\n|-activate|p2b: Chien-Pao|move: Protect\n|move|p1b: Urshifu|Wicked Blow|p2a: Ditto\n|-supereffective|p2a: Ditto\n|-crit|p2a: Ditto\n|-damage|p2a: Ditto|0 fnt\n|faint|p2a: Ditto\n|\n|-fieldend|move: Trick Room\n|upkeep\n|turn|6\n|inactive|Battle timer is ON: inactive players will automatically lose when time's up. (requested by Paradox Mourinho)\n|\n|t:|1736913005\n|move|p1b: Urshifu|Detect|p1b: Urshifu\n|-singleturn|p1b: Urshifu|Protect\n|move|p2b: Chien-Pao|Sacred Sword|p1a: Smeargle\n|-supereffective|p1a: Smeargle\n|-damage|p1a: Smeargle|0 fnt\n|faint|p1a: Smeargle\n|\n|upkeep\n|turn|7\n|\n|t:|1736913011\n|move|p2b: Chien-Pao|Sacred Sword|p1b: Urshifu\n|-supereffective|p1b: Urshifu\n|-damage|p1b: Urshifu|20\/100\n|move|p1b: Urshifu|Close Combat|p2b: Chien-Pao\n|-supereffective|p2b: Chien-Pao\n|-enditem|p2b: Chien-Pao|Focus Sash\n|-damage|p2b: Chien-Pao|1\/100\n|-unboost|p1b: Urshifu|def|1\n|-unboost|p1b: Urshifu|spd|1\n|\n|upkeep\n|turn|8\n|\n|t:|1736913024\n|move|p1b: Urshifu|Detect|p1b: Urshifu\n|-singleturn|p1b: Urshifu|Protect\n|move|p2b: Chien-Pao|Ice Spinner|p1b: Urshifu\n|-activate|p1b: Urshifu|move: Protect\n|\n|upkeep\n|turn|9\n|\n|t:|1736913031\n|move|p2b: Chien-Pao|Sucker Punch|p1b: Urshifu\n|-resisted|p1b: Urshifu\n|-damage|p1b: Urshifu|2\/100\n|move|p1b: Urshifu|Sucker Punch||[still]\n|-fail|p1b: Urshifu\n|\n|upkeep\n|turn|10\n|\n|t:|1736913036\n|move|p2b: Chien-Pao|Sucker Punch|p1b: Urshifu\n|-resisted|p1b: Urshifu\n|-damage|p1b: Urshifu|0 fnt\n|faint|p1b: Urshifu\n|\n|win|Paradox Mourinho\n|raw|Lichuweijixi's rating: 1759 &rarr; <strong>1734<\/strong><br \/>(-25 for losing)\n|raw|Paradox Mourinho's rating: 1669 &rarr; <strong>1694<\/strong><br \/>(+25 for winning)\n|l|\u2606Lichuweijixi\n|player|p1|\n|l|\u2606Paradox Mourinho\n|player|p2|\n|l| jk712\n|l| neebieplayersea\n","uploadtime":1736913048,"views":118,"formatid":"gen9vgc2025regg","rating":1694,"private":0,"password":null}