{"id":"gen9vgc2025regg-2281088740","format":"[Gen 9] VGC 2025 Reg G","players":["bieiup","ggttmmhh"],"log":"|j|\u2606bieiup\n|j|\u2606ggttmmhh\n|t:|1736881837\n|gametype|doubles\n|player|p1|bieiup|lillie-z|1534\n|player|p2|ggttmmhh|169|1803\n|teamsize|p1|6\n|teamsize|p2|6\n|gen|9\n|tier|[Gen 9] VGC 2025 Reg G\n|rated|\n|rule|Species Clause: Limit one of each Pok\u00e9mon\n|rule|Item Clause: Limit 1 of each item\n|clearpoke\n|poke|p1|Gloom, L50, M|\n|poke|p1|Armarouge, L50, M|\n|poke|p1|Indeedee-F, L50, F|\n|poke|p1|Dewgong, L50, M|\n|poke|p1|Ting-Lu, L50|\n|poke|p1|Lunala, L50|\n|poke|p2|Farigiraf, L50, F|\n|poke|p2|Chi-Yu, L50|\n|poke|p2|Raging Bolt, L50|\n|poke|p2|Groudon, L50|\n|poke|p2|Flutter Mane, L50|\n|poke|p2|Ditto, L50|\n|teampreview|4\n|inactive|Battle timer is ON: inactive players will automatically lose when time's up. (requested by bieiup)\n|inactive|ggttmmhh has 60 seconds left.\n|\n|t:|1736881918\n|start\n|switch|p1a: Dewgong|Dewgong, L50, M|100\/100\n|switch|p1b: Armarouge|Armarouge, L50, M|100\/100\n|switch|p2a: Groudon|Groudon, L50|100\/100\n|switch|p2b: Flutter Mane|Flutter Mane, L50|100\/100\n|-weather|SunnyDay|[from] ability: Drought|[of] p2a: Groudon\n|-activate|p2b: Flutter Mane|ability: Protosynthesis\n|-start|p2b: Flutter Mane|protosynthesisspe\n|turn|1\n|j| play sos wednesday\n|inactive|bieiup has 30 seconds left.\n|j| LegitLadderingInc\n|\n|t:|1736881945\n|-terastallize|p1b: Armarouge|Fire\n|move|p2a: Groudon|Protect|p2a: Groudon\n|-singleturn|p2a: Groudon|Protect\n|move|p1a: Dewgong|Aqua Jet|p1b: Armarouge\n|-supereffective|p1b: Armarouge\n|-damage|p1b: Armarouge|92\/100\n|-ability|p1b: Armarouge|Weak Armor|boost\n|-unboost|p1b: Armarouge|def|1\n|-boost|p1b: Armarouge|spe|2\n|-enditem|p1b: Armarouge|Weakness Policy\n|-boost|p1b: Armarouge|atk|2|[from] item: Weakness Policy\n|-boost|p1b: Armarouge|spa|2|[from] item: Weakness Policy\n|move|p2b: Flutter Mane|Thunder Wave|p1b: Armarouge\n|-status|p1b: Armarouge|par\n|cant|p1b: Armarouge|par\n|\n|-weather|SunnyDay|[upkeep]\n|upkeep\n|turn|2\n|c|\u2606bieiup|???\n|-activate|p1a: Dewgong|item: Quick Claw\n|\n|t:|1736881965\n|-terastallize|p2a: Groudon|Water\n|move|p1a: Dewgong|Aqua Jet|p1b: Armarouge\n|-supereffective|p1b: Armarouge\n|-damage|p1b: Armarouge|77\/100 par\n|-ability|p1b: Armarouge|Weak Armor|boost\n|-unboost|p1b: Armarouge|def|1\n|-boost|p1b: Armarouge|spe|2\n|move|p2b: Flutter Mane|Icy Wind|p1a: Dewgong|[spread] p1a,p1b\n|-resisted|p1a: Dewgong\n|-resisted|p1b: Armarouge\n|-damage|p1a: Dewgong|99\/100\n|-damage|p1b: Armarouge|68\/100 par\n|-unboost|p1a: Dewgong|spe|1\n|-unboost|p1b: Armarouge|spe|1\n|move|p1b: Armarouge|Stored Power|p2a: Groudon\n|-crit|p2a: Groudon\n|-damage|p2a: Groudon|0 fnt\n|faint|p2a: Groudon\n|\n|-weather|SunnyDay|[upkeep]\n|upkeep\n|inactive|ggttmmhh has 30 seconds left.\n|inactive|ggttmmhh has 20 seconds left.\n|inactive|ggttmmhh has 15 seconds left.\n|\n|t:|1736882005\n|switch|p2a: Ditto|Ditto, L50|100\/100\n|-transform|p2a: Ditto|p1b: Armarouge|[from] ability: Imposter\n|-start|p2a: Ditto|typechange|Fire\/Psychic|[silent]\n|turn|3\n|inactive|bieiup has 30 seconds left.\n|inactive|ggttmmhh has 30 seconds left.\n|inactive|ggttmmhh has 20 seconds left.\n|-activate|p1a: Dewgong|item: Quick Claw\n|\n|t:|1736882040\n|-end|p2b: Flutter Mane|Protosynthesis|[silent]\n|switch|p2b: Chi-Yu|Chi-Yu, L50|100\/100\n|-ability|p2b: Chi-Yu|Beads of Ruin\n|move|p1a: Dewgong|Horn Drill|p2a: Ditto\n|-damage|p2a: Ditto|0 fnt\n|faint|p2a: Ditto\n|-ohko\n|move|p1b: Armarouge|Stored Power|p2b: Chi-Yu\n|-immune|p2b: Chi-Yu\n|\n|-weather|SunnyDay|[upkeep]\n|upkeep\n|\n|t:|1736882048\n|switch|p2a: Flutter Mane|Flutter Mane, L50|100\/100\n|-activate|p2a: Flutter Mane|ability: Protosynthesis\n|-start|p2a: Flutter Mane|protosynthesisspe\n|turn|4\n|c|\u2606bieiup|hahahah\n|j| neebieplayersea\n|inactive|ggttmmhh has 30 seconds left.\n|\n|t:|1736882081\n|move|p1a: Dewgong|Aqua Jet|p1b: Armarouge\n|-supereffective|p1b: Armarouge\n|-damage|p1b: Armarouge|49\/100 par\n|-ability|p1b: Armarouge|Weak Armor|boost\n|-unboost|p1b: Armarouge|def|1\n|-boost|p1b: Armarouge|spe|2\n|move|p2a: Flutter Mane|Moonblast|p1a: Dewgong\n|-damage|p1a: Dewgong|30\/100\n|move|p2b: Chi-Yu|Dark Pulse|p1a: Dewgong\n|-damage|p1a: Dewgong|0 fnt\n|faint|p1a: Dewgong\n|move|p1b: Armarouge|Heat Wave|p2a: Flutter Mane|[spread] p2a,p2b\n|-resisted|p2b: Chi-Yu\n|-enditem|p2a: Flutter Mane|Focus Sash\n|-damage|p2a: Flutter Mane|1\/100\n|-damage|p2b: Chi-Yu|17\/100\n|\n|-weather|SunnyDay|[upkeep]\n|upkeep\n|c|\u2606bieiup|goat dewgong !\n|\n|t:|1736882092\n|switch|p1a: Ting-Lu|Ting-Lu, L50|100\/100\n|-ability|p1a: Ting-Lu|Vessel of Ruin\n|turn|5\n|\n|t:|1736882102\n|move|p2a: Flutter Mane|Moonblast|p1a: Ting-Lu\n|-supereffective|p1a: Ting-Lu\n|-damage|p1a: Ting-Lu|49\/100\n|move|p2b: Chi-Yu|Dark Pulse|p1a: Ting-Lu\n|-resisted|p1a: Ting-Lu\n|-damage|p1a: Ting-Lu|38\/100\n|move|p1b: Armarouge|Heat Wave|p2b: Chi-Yu|[spread] p2a,p2b\n|-resisted|p2b: Chi-Yu\n|-damage|p2a: Flutter Mane|0 fnt\n|-damage|p2b: Chi-Yu|0 fnt\n|faint|p2a: Flutter Mane\n|-end|p2a: Flutter Mane|Protosynthesis|[silent]\n|faint|p2b: Chi-Yu\n|\n|win|bieiup\n|raw|bieiup's rating: 1534 &rarr; <strong>1567<\/strong><br \/>(+33 for winning)\n|raw|ggttmmhh's rating: 1803 &rarr; <strong>1770<\/strong><br \/>(-33 for losing)\n|c|\u2606bieiup|gg\n|c|\u2606ggttmmhh|gg\n|l| play sos wednesday\n|l| LegitLadderingInc\n|l|\u2606ggttmmhh\n|player|p2|\n|l| neebieplayersea\n","uploadtime":1736882119,"views":32,"formatid":"gen9vgc2025regg","rating":1567,"private":0,"password":null}