{"id":"gen9vgc2025regg-2281127399","format":"[Gen 9] VGC 2025 Reg G","players":["GG=Groudon Gaming","Anna giacristo"],"log":"|j|\u2606GG=Groudon Gaming\n|j|\u2606Anna giacristo\n|t:|1736885665\n|gametype|doubles\n|player|p1|GG=Groudon Gaming|may-masters2|1527\n|player|p2|Anna giacristo|101|1548\n|teamsize|p1|6\n|teamsize|p2|6\n|gen|9\n|tier|[Gen 9] VGC 2025 Reg G\n|rated|\n|rule|Species Clause: Limit one of each Pok\u00e9mon\n|rule|Item Clause: Limit 1 of each item\n|clearpoke\n|poke|p1|Groudon, L50|\n|poke|p1|Bronzong, L50|\n|poke|p1|Raging Bolt, L50|\n|poke|p1|Flutter Mane, L50|\n|poke|p1|Ogerpon-Cornerstone, L50, F|\n|poke|p1|Gouging Fire, L50|\n|poke|p2|Calyrex-Shadow, L50|\n|poke|p2|Maushold-Four, L50|\n|poke|p2|Dondozo, L50, F|\n|poke|p2|Tatsugiri, L50, M|\n|poke|p2|Weezing-Galar, L50, M|\n|poke|p2|Iron Hands, L50|\n|teampreview|4\n|inactive|Battle timer is ON: inactive players will automatically lose when time's up. (requested by GG=Groudon Gaming)\n|j| ookidooooki\n|j| neebieplayersea\n|inactive|GG=Groudon Gaming has 60 seconds left.\n|j| judang\n|inactive|GG=Groudon Gaming has 30 seconds left.\n|inactive|GG=Groudon Gaming has 20 seconds left.\n|inactive|GG=Groudon Gaming has 15 seconds left.\n|j| jonshenVGC\n|\n|t:|1736885745\n|start\n|switch|p1a: Groudon|Groudon, L50|100\/100\n|switch|p1b: Bronzong|Bronzong, L50|100\/100\n|switch|p2a: Weezing|Weezing-Galar, L50, M|100\/100\n|switch|p2b: Calyrex|Calyrex-Shadow, L50|100\/100\n|-ability|p2b: Calyrex|As One\n|-ability|p2b: Calyrex|Unnerve\n|-ability|p2a: Weezing|Neutralizing Gas\n|turn|1\n|l| jonshenVGC\n|inactive|GG=Groudon Gaming has 30 seconds left.\n|inactive|Anna giacristo has 30 seconds left.\n|\n|t:|1736885780\n|-terastallize|p2a: Weezing|Water\n|move|p2b: Calyrex|Astral Barrage|p1b: Bronzong|[spread] p1a,p1b\n|-supereffective|p1b: Bronzong\n|-damage|p1a: Groudon|31\/100\n|-damage|p1b: Bronzong|0 fnt\n|faint|p1b: Bronzong\n|-ability|p2b: Calyrex|Grim Neigh|boost\n|-boost|p2b: Calyrex|spa|1\n|move|p1a: Groudon|Precipice Blades|p2a: Weezing|[spread] p2a,p2b\n|-damage|p2a: Weezing|56\/100\n|-damage|p2b: Calyrex|39\/100\n|move|p2a: Weezing|Taunt|p1a: Groudon\n|-start|p1a: Groudon|move: Taunt\n|\n|upkeep\n|\n|t:|1736885790\n|switch|p1b: Raging Bolt|Raging Bolt, L50|100\/100\n|turn|2\n|\n|t:|1736885802\n|move|p1b: Raging Bolt|Thunderclap|p2b: Calyrex\n|-damage|p2b: Calyrex|0 fnt\n|faint|p2b: Calyrex\n|move|p1a: Groudon|Precipice Blades|p2a: Weezing\n|-damage|p2a: Weezing|0 fnt\n|faint|p2a: Weezing\n|-end|p2a: Weezing|ability: Neutralizing Gas\n|-weather|SunnyDay|[from] ability: Drought|[of] p1a: Groudon\n|-activate|p1b: Raging Bolt|ability: Protosynthesis\n|-start|p1b: Raging Bolt|protosynthesisspa\n|\n|-weather|SunnyDay|[upkeep]\n|upkeep\n|\n|t:|1736885808\n|switch|p2b: Tatsugiri|Tatsugiri, L50, M|100\/100\n|switch|p2a: Dondozo|Dondozo, L50, F, shiny|100\/100\n|-activate|p2b: Tatsugiri|ability: Commander|[of] p2a: Dondozo\n|-boost|p2a: Dondozo|atk|2\n|-boost|p2a: Dondozo|spa|2\n|-boost|p2a: Dondozo|spe|2\n|-boost|p2a: Dondozo|def|2\n|-boost|p2a: Dondozo|spd|2\n|turn|3\n|\n|t:|1736885828\n|move|p2a: Dondozo|Order Up|p1b: Raging Bolt\n|-supereffective|p1b: Raging Bolt\n|-damage|p1b: Raging Bolt|25\/100\n|-boost|p2a: Dondozo|atk|1\n|move|p1a: Groudon|Precipice Blades|p2b: Tatsugiri|[spread] p2a\n|-miss|p1a: Groudon|p2b: Tatsugiri\n|-damage|p2a: Dondozo|84\/100\n|move|p1b: Raging Bolt|Thunderbolt|p2a: Dondozo\n|-supereffective|p2a: Dondozo\n|-damage|p2a: Dondozo|21\/100\n|\n|-weather|SunnyDay|[upkeep]\n|-heal|p2a: Dondozo|27\/100|[from] item: Leftovers\n|upkeep\n|turn|4\n|\n|t:|1736885850\n|move|p2a: Dondozo|Protect|p2a: Dondozo\n|-singleturn|p2a: Dondozo|Protect\n|move|p1b: Raging Bolt|Thunderclap||[still]\n|-fail|p1b: Raging Bolt\n|move|p1a: Groudon|Precipice Blades|p2a: Dondozo|[spread] \n|-miss|p1a: Groudon|p2b: Tatsugiri\n|-activate|p2a: Dondozo|move: Protect\n|\n|-weather|SunnyDay|[upkeep]\n|-heal|p2a: Dondozo|34\/100|[from] item: Leftovers\n|-end|p1a: Groudon|move: Taunt\n|upkeep\n|turn|5\n|inactive|GG=Groudon Gaming has 30 seconds left.\n|inactive|GG=Groudon Gaming has 20 seconds left.\n|inactive|GG=Groudon Gaming has 15 seconds left.\n|\n|t:|1736885890\n|move|p1a: Groudon|Helping Hand|p1b: Raging Bolt\n|-singleturn|p1b: Raging Bolt|Helping Hand|[of] p1a: Groudon\n|move|p1b: Raging Bolt|Thunderclap|p2a: Dondozo\n|-supereffective|p2a: Dondozo\n|-damage|p2a: Dondozo|0 fnt\n|faint|p2a: Dondozo\n|\n|-weather|SunnyDay|[upkeep]\n|upkeep\n|turn|6\n|\n|t:|1736885908\n|move|p1a: Groudon|Helping Hand|p1b: Raging Bolt\n|-singleturn|p1b: Raging Bolt|Helping Hand|[of] p1a: Groudon\n|move|p1b: Raging Bolt|Thunderclap|p2b: Tatsugiri\n|-damage|p2b: Tatsugiri|3\/100\n|move|p2b: Tatsugiri|Draco Meteor|p1b: Raging Bolt\n|-supereffective|p1b: Raging Bolt\n|-damage|p1b: Raging Bolt|0 fnt\n|-unboost|p2b: Tatsugiri|spa|2\n|faint|p1b: Raging Bolt\n|-end|p1b: Raging Bolt|Protosynthesis|[silent]\n|\n|-weather|none\n|upkeep\n|\n|t:|1736885919\n|switch|p1b: Flutter Mane|Flutter Mane, L50|100\/100\n|turn|7\n|\n|t:|1736885922\n|move|p1a: Groudon|Helping Hand|p1b: Flutter Mane\n|-singleturn|p1b: Flutter Mane|Helping Hand|[of] p1a: Groudon\n|move|p2b: Tatsugiri|Draco Meteor|p1a: Groudon\n|-damage|p1a: Groudon|5\/100\n|-unboost|p2b: Tatsugiri|spa|2\n|move|p1b: Flutter Mane|Dazzling Gleam|p2b: Tatsugiri\n|-supereffective|p2b: Tatsugiri\n|-damage|p2b: Tatsugiri|0 fnt\n|faint|p2b: Tatsugiri\n|\n|win|GG=Groudon Gaming\n|raw|GG=Groudon Gaming's rating: 1527 &rarr; <strong>1548<\/strong><br \/>(+21 for winning)\n|raw|Anna giacristo's rating: 1548 &rarr; <strong>1527<\/strong><br \/>(-21 for losing)\n|l|\u2606Anna giacristo\n|player|p2|\n|l|\u2606GG=Groudon Gaming\n|player|p1|\n|l| neebieplayersea\n","uploadtime":1736886149,"views":24,"formatid":"gen9vgc2025regg","rating":1527,"private":0,"password":null}