{"id":"gen9vgc2025regg-2281546137","format":"[Gen 9] VGC 2025 Reg G","players":["snease me","Crysantimo"],"log":"|j|\u2606snease me\n|j|\u2606Crysantimo\n|t:|1736948154\n|gametype|doubles\n|player|p1|snease me|swimmer-gen4dp|1523\n|player|p2|Crysantimo|madame-gen4dp|1583\n|teamsize|p1|6\n|teamsize|p2|6\n|gen|9\n|tier|[Gen 9] VGC 2025 Reg G\n|rated|\n|rule|Species Clause: Limit one of each Pok\u00e9mon\n|rule|Item Clause: Limit 1 of each item\n|clearpoke\n|poke|p1|Indeedee-F, L50, F|\n|poke|p1|Calyrex-Shadow, L50|\n|poke|p1|Kleavor, L50, M|\n|poke|p1|Cresselia, L50, F|\n|poke|p1|Ursaluna, L50, F|\n|poke|p1|Scream Tail, L50|\n|poke|p2|Calyrex-Shadow, L50|\n|poke|p2|Chi-Yu, L50|\n|poke|p2|Weezing-Galar, L50, F|\n|poke|p2|Dragonite, L50, M|\n|poke|p2|Clefairy, L50, M|\n|poke|p2|Pawmot, L50, M|\n|teampreview|4\n|\n|t:|1736948201\n|start\n|switch|p1a: Ursaluna|Ursaluna, L50, F|100\/100\n|switch|p1b: Cresselia|Cresselia, L50, F|100\/100\n|switch|p2a: Calyrex|Calyrex-Shadow, L50|100\/100\n|switch|p2b: Chi-Yu|Chi-Yu, L50|100\/100\n|-ability|p2a: Calyrex|As One\n|-ability|p2a: Calyrex|Unnerve\n|-ability|p2b: Chi-Yu|Beads of Ruin\n|turn|1\n|\n|t:|1736948221\n|-terastallize|p1b: Cresselia|Dark\n|move|p2b: Chi-Yu|Heat Wave|p1b: Cresselia|[spread] p1a,p1b\n|-crit|p1a: Ursaluna\n|-damage|p1a: Ursaluna|36\/100\n|-damage|p1b: Cresselia|75\/100\n|move|p2a: Calyrex|Astral Barrage|p1b: Cresselia|[spread] p1b\n|-immune|p1a: Ursaluna\n|-resisted|p1b: Cresselia\n|-damage|p1b: Cresselia|45\/100\n|move|p1a: Ursaluna|Earthquake|p2b: Chi-Yu|[spread] p2a,p2b\n|-immune|p1b: Cresselia|[from] ability: Levitate\n|-supereffective|p2b: Chi-Yu\n|-damage|p2a: Calyrex|52\/100\n|-damage|p2b: Chi-Yu|0 fnt\n|faint|p2b: Chi-Yu\n|move|p1b: Cresselia|Trick Room|p1b: Cresselia\n|-fieldstart|move: Trick Room|[of] p1b: Cresselia\n|\n|-status|p1a: Ursaluna|brn|[from] item: Flame Orb\n|upkeep\n|j| Prahhhhhhh\n|\n|t:|1736948234\n|switch|p2b: Weezing|Weezing-Galar, L50, F|100\/100\n|-ability|p2b: Weezing|Neutralizing Gas\n|turn|2\n|\n|t:|1736948254\n|switch|p2a: Clefairy|Clefairy, L50, M|100\/100\n|move|p1a: Ursaluna|Facade|p2b: Weezing\n|-damage|p2b: Weezing|29\/100\n|-enditem|p2b: Weezing|Sitrus Berry|[eat]\n|-heal|p2b: Weezing|54\/100|[from] item: Sitrus Berry\n|move|p1b: Cresselia|Lunar Blessing|p1b: Cresselia|[spread] p1a,p1b\n|-heal|p1a: Ursaluna|60\/100 brn\n|-curestatus|p1a: Ursaluna|brn|[msg]\n|-heal|p1b: Cresselia|71\/100\n|move|p2b: Weezing|Play Rough|p1a: Ursaluna\n|-damage|p1a: Ursaluna|40\/100\n|\n|-status|p1a: Ursaluna|brn|[from] item: Flame Orb\n|upkeep\n|turn|3\n|\n|t:|1736948271\n|move|p2a: Clefairy|Follow Me|p2a: Clefairy\n|-singleturn|p2a: Clefairy|move: Follow Me\n|move|p1a: Ursaluna|Earthquake|p2b: Weezing|[spread] p1b,p2a,p2b\n|-supereffective|p2b: Weezing\n|-crit|p2b: Weezing\n|-damage|p1b: Cresselia|58\/100\n|-damage|p2a: Clefairy|78\/100\n|-damage|p2b: Weezing|2\/100\n|move|p1b: Cresselia|Lunar Blessing|p1b: Cresselia|[spread] p1a,p1b\n|-heal|p1a: Ursaluna|65\/100 brn\n|-curestatus|p1a: Ursaluna|brn|[msg]\n|-heal|p1b: Cresselia|83\/100\n|move|p2b: Weezing|Taunt|p1b: Cresselia\n|-start|p1b: Cresselia|move: Taunt\n|\n|-status|p1a: Ursaluna|brn|[from] item: Flame Orb\n|upkeep\n|turn|4\n|\n|t:|1736948305\n|move|p2a: Clefairy|After You|p2b: Weezing\n|-activate|p2b: Weezing|move: After You\n|move|p2b: Weezing|Play Rough|p1a: Ursaluna\n|-damage|p1a: Ursaluna|45\/100 brn\n|-unboost|p1a: Ursaluna|atk|1\n|move|p1a: Ursaluna|Facade|p2a: Clefairy\n|-damage|p2a: Clefairy|26\/100\n|move|p1b: Cresselia|Moonblast|p2a: Clefairy\n|-damage|p2a: Clefairy|12\/100\n|-unboost|p2a: Clefairy|spa|1\n|\n|-damage|p1a: Ursaluna|39\/100 brn|[from] brn\n|upkeep\n|turn|5\n|\n|t:|1736948337\n|move|p2a: Clefairy|Protect|p2a: Clefairy\n|-singleturn|p2a: Clefairy|Protect\n|move|p1a: Ursaluna|Facade|p2b: Weezing\n|-damage|p2b: Weezing|0 fnt\n|faint|p2b: Weezing\n|-end|p2b: Weezing|ability: Neutralizing Gas\n|move|p1b: Cresselia|Moonblast|p2a: Clefairy\n|-activate|p2a: Clefairy|move: Protect\n|\n|-damage|p1a: Ursaluna|33\/100 brn|[from] brn\n|-fieldend|move: Trick Room\n|upkeep\n|\n|t:|1736948340\n|switch|p2b: Calyrex|Calyrex-Shadow, L50|52\/100\n|-ability|p2b: Calyrex|As One\n|-ability|p2b: Calyrex|Unnerve\n|turn|6\n|\n|t:|1736948360\n|move|p2a: Clefairy|Protect||[still]\n|-fail|p2a: Clefairy\n|move|p2b: Calyrex|Pollen Puff|p1a: Ursaluna\n|-damage|p1a: Ursaluna|0 fnt\n|faint|p1a: Ursaluna\n|-ability|p2b: Calyrex|Grim Neigh|boost\n|-boost|p2b: Calyrex|spa|1\n|move|p1b: Cresselia|Moonblast|p2a: Clefairy\n|-damage|p2a: Clefairy|0 fnt\n|faint|p2a: Clefairy\n|\n|-end|p1b: Cresselia|move: Taunt\n|upkeep\n|\n|t:|1736948368\n|switch|p1a: Calyrex|Calyrex-Shadow, L50|100\/100\n|-ability|p1a: Calyrex|As One\n|-ability|p1a: Calyrex|Unnerve\n|turn|7\n|\n|t:|1736948380\n|-terastallize|p2b: Calyrex|Normal\n|move|p1a: Calyrex|Protect|p1a: Calyrex\n|-singleturn|p1a: Calyrex|Protect\n|move|p2b: Calyrex|Pollen Puff|p1a: Calyrex\n|-activate|p1a: Calyrex|move: Protect\n|move|p1b: Cresselia|Moonblast|p2b: Calyrex\n|-damage|p2b: Calyrex|36\/100\n|\n|upkeep\n|turn|8\n|\n|t:|1736948388\n|switch|p1b: Indeedee|Indeedee-F, L50, F|100\/100\n|-fieldstart|move: Psychic Terrain|[from] ability: Psychic Surge|[of] p1b: Indeedee\n|-enditem|p1b: Indeedee|Psychic Seed\n|-boost|p1b: Indeedee|spd|1|[from] item: Psychic Seed\n|move|p1a: Calyrex|Expanding Force|p2b: Calyrex\n|-damage|p2b: Calyrex|0 fnt\n|faint|p2b: Calyrex\n|\n|win|snease me\n|raw|snease me's rating: 1523 &rarr; <strong>1546<\/strong><br \/>(+23 for winning)\n|raw|Crysantimo's rating: 1583 &rarr; <strong>1560<\/strong><br \/>(-23 for losing)\n|l| Prahhhhhhh\n|l|\u2606Crysantimo\n|player|p2|\n|l|\u2606snease me\n|player|p1|\n","uploadtime":1736948529,"views":21,"formatid":"gen9vgc2025regg","rating":1546,"private":0,"password":null}