{"id":"gen9vgc2025regg-2281170594","format":"[Gen 9] VGC 2025 Reg G","players":["Bbjhots","eriksp"],"log":"|j|\u2606Bbjhots\n|j|\u2606eriksp\n|t:|1736890186\n|gametype|doubles\n|player|p1|Bbjhots|169|1580\n|player|p2|eriksp|volkner-masters|1662\n|teamsize|p1|6\n|teamsize|p2|6\n|gen|9\n|tier|[Gen 9] VGC 2025 Reg G\n|rated|\n|rule|Species Clause: Limit one of each Pok\u00e9mon\n|rule|Item Clause: Limit 1 of each item\n|clearpoke\n|poke|p1|Terapagos, L50, M|\n|poke|p1|Incineroar, L50, M|\n|poke|p1|Rillaboom, L50, M|\n|poke|p1|Urshifu-*, L50, M|\n|poke|p1|Ogerpon-Hearthflame, L50, F|\n|poke|p1|Flutter Mane, L50|\n|poke|p2|Calyrex-Ice, L50|\n|poke|p2|Amoonguss, L50, M|\n|poke|p2|Landorus, L50, M|\n|poke|p2|Regieleki, L50|\n|poke|p2|Incineroar, L50, M|\n|poke|p2|Urshifu-*, L50, M|\n|teampreview|4\n|inactive|Battle timer is ON: inactive players will automatically lose when time's up. (requested by Bbjhots)\neriksp has agreed to open team sheets.\nBbjhots has agreed to open team sheets.\n|showteam|p1|Terapagos||Leftovers|TeraShift|TeraStarstorm,CalmMind,Substitute,Protect|||M|||50|,,,,,Stellar]Incineroar||RockyHelmet|Intimidate|KnockOff,WillOWisp,PartingShot,FakeOut|||M|||50|,,,,,Ghost]Rillaboom||AssaultVest|GrassySurge|WoodHammer,GrassyGlide,Uturn,FakeOut|||M|||50|,,,,,Grass]Urshifu-Rapid-Strike||FocusSash|UnseenFist|SurgingStrikes,CloseCombat,AquaJet,Detect|||M|||50|,,,,,Poison]Ogerpon-Hearthflame||HearthflameMask|MoldBreaker|IvyCudgel,WoodHammer,FollowMe,SpikyShield|||F|||50|,,,,,Fire]Flutter Mane||BoosterEnergy|Protosynthesis|Moonblast,IcyWind,ThunderWave,Protect||||||50|,,,,,Fairy\n|showteam|p2|Calyrex-Ice||ClearAmulet|AsOneGlastrier|GlacialLance,HighHorsepower,TrickRoom,Protect||||||50|,,,,,Water]Amoonguss||RockyHelmet|Regenerator|Spore,RagePowder,PollenPuff,Protect|||M|||50|,,,,,Water]Landorus||LifeOrb|SheerForce|EarthPower,SludgeBomb,SandsearStorm,Protect|||M|||50|,,,,,Water]Regieleki||FocusSash|Transistor|Thunderbolt,Electroweb,VoltSwitch,Protect||||||50|,,,,,Electric]Incineroar||SafetyGoggles|Intimidate|KnockOff,WillOWisp,FakeOut,PartingShot|||M|||50|,,,,,Ghost]Urshifu||ChoiceBand|UnseenFist|CloseCombat,WickedBlow,SuckerPunch,Uturn|||M|||50|,,,,,Dark\n|inactive|Bbjhots has 30 seconds left.\n|inactive|Bbjhots has 20 seconds left.\n|inactive|Bbjhots has 15 seconds left.\n|inactive|Bbjhots has 10 seconds left.\n|\n|t:|1736890238\n|start\n|switch|p1a: Incineroar|Incineroar, L50, M|100\/100\n|switch|p1b: Ogerpon|Ogerpon-Hearthflame, L50, F|100\/100\n|switch|p2a: Landorus|Landorus, L50, M|100\/100\n|switch|p2b: Regieleki|Regieleki, L50|100\/100\n|-ability|p1b: Ogerpon|Mold Breaker\n|-ability|p1a: Incineroar|Intimidate|boost\n|-unboost|p2a: Landorus|atk|1\n|-unboost|p2b: Regieleki|atk|1\n|turn|1\n|inactive|Bbjhots has 30 seconds left.\n|\n|t:|1736890267\n|switch|p1b: Terapagos|Terapagos, L50, M|100\/100\n|-activate|p1b: Terapagos|ability: Tera Shift\n|detailschange|p1b: Terapagos|Terapagos-Terastal, L50, M\n|-heal|p1b: Terapagos|100\/100|[silent]\n|switch|p1a: Urshifu|Urshifu-Rapid-Strike, L50, M|100\/100\n|move|p2b: Regieleki|Protect|p2b: Regieleki\n|-singleturn|p2b: Regieleki|Protect\n|move|p2a: Landorus|Protect||[still]\n|-fail|p2a: Landorus\n|\n|upkeep\n|turn|2\n|\n|t:|1736890289\n|switch|p1a: Incineroar|Incineroar, L50, M|100\/100\n|-ability|p1a: Incineroar|Intimidate|boost\n|-unboost|p2a: Landorus|atk|1\n|-unboost|p2b: Regieleki|atk|1\n|move|p2b: Regieleki|Electroweb|p1a: Incineroar|[spread] p1a,p1b\n|-activate|p1b: Terapagos|ability: Tera Shell\n|-resisted|p1b: Terapagos\n|-damage|p1a: Incineroar|74\/100\n|-damage|p1b: Terapagos|90\/100\n|-unboost|p1a: Incineroar|spe|1\n|-unboost|p1b: Terapagos|spe|1\n|move|p2a: Landorus|Sandsear Storm|p1a: Incineroar|[spread] p1a\n|-miss|p2a: Landorus|p1b: Terapagos\n|-supereffective|p1a: Incineroar\n|-damage|p1a: Incineroar|0 fnt\n|faint|p1a: Incineroar\n|move|p1b: Terapagos|Calm Mind|p1b: Terapagos\n|-boost|p1b: Terapagos|spa|1\n|-boost|p1b: Terapagos|spd|1\n|\n|-heal|p1b: Terapagos|96\/100|[from] item: Leftovers\n|upkeep\n|\n|t:|1736890303\n|switch|p1a: Urshifu|Urshifu-Rapid-Strike, L50, M|100\/100\n|turn|3\n|j| Therazer456\n|\n|t:|1736890312\n|-terastallize|p1b: Terapagos|Stellar\n|detailschange|p1b: Terapagos|Terapagos-Stellar, L50, M, tera:Stellar\n|-heal|p1b: Terapagos|97\/100|[silent]\n|move|p1a: Urshifu|Detect|p1a: Urshifu\n|-singleturn|p1a: Urshifu|Protect\n|move|p2b: Regieleki|Electroweb|p1b: Terapagos|[spread] p1b\n|-activate|p1a: Urshifu|move: Protect\n|-damage|p1b: Terapagos|87\/100\n|-unboost|p1b: Terapagos|spe|1\n|move|p2a: Landorus|Sandsear Storm|p1a: Urshifu|[spread] p1b\n|-activate|p1a: Urshifu|move: Protect\n|-damage|p1b: Terapagos|63\/100\n|move|p1b: Terapagos|Tera Starstorm|p2a: Landorus|[spread] p2a,p2b\n|-damage|p2a: Landorus|31\/100\n|-damage|p2b: Regieleki|1\/100\n|\n|-heal|p1b: Terapagos|69\/100|[from] item: Leftovers\n|upkeep\n|turn|4\n|\n|t:|1736890333\n|move|p1a: Urshifu|Aqua Jet|p2b: Regieleki\n|-damage|p2b: Regieleki|0 fnt\n|faint|p2b: Regieleki\n|move|p2a: Landorus|Sandsear Storm|p1a: Urshifu|[spread] p1a,p1b\n|-damage|p1a: Urshifu|2\/100\n|-damage|p1b: Terapagos|45\/100\n|move|p1b: Terapagos|Substitute|p1b: Terapagos\n|-start|p1b: Terapagos|Substitute\n|-damage|p1b: Terapagos|20\/100\n|\n|-heal|p1b: Terapagos|26\/100|[from] item: Leftovers\n|upkeep\n|\n|t:|1736890338\n|switch|p2b: Calyrex|Calyrex-Ice, L50|100\/100\n|-ability|p2b: Calyrex|As One\n|-ability|p2b: Calyrex|Unnerve\n|turn|5\n|\n|t:|1736890351\n|-terastallize|p2a: Landorus|Water\n|move|p1a: Urshifu|Aqua Jet|p2a: Landorus\n|-resisted|p2a: Landorus\n|-damage|p2a: Landorus|18\/100\n|move|p2a: Landorus|Earth Power|p1b: Terapagos\n|-end|p1b: Terapagos|Substitute\n|move|p2b: Calyrex|Glacial Lance|p1b: Terapagos|[spread] p1a,p1b\n|-resisted|p1a: Urshifu\n|-damage|p1a: Urshifu|0 fnt\n|-damage|p1b: Terapagos|0 fnt\n|faint|p1a: Urshifu\n|faint|p1b: Terapagos\n|-ability|p2b: Calyrex|Chilling Neigh|boost\n|-boost|p2b: Calyrex|atk|2\n|\n|upkeep\n|-message|Bbjhots forfeited.\n|\n|win|eriksp\n|raw|Bbjhots's rating: 1580 &rarr; <strong>1565<\/strong><br \/>(-15 for losing)\n|raw|eriksp's rating: 1662 &rarr; <strong>1677<\/strong><br \/>(+15 for winning)\n|l|\u2606Bbjhots\n|player|p1|\n|l| Therazer456\n|l|\u2606eriksp\n|player|p2|\n","uploadtime":1736890359,"views":31,"formatid":"gen9vgc2025regg","rating":1565,"private":0,"password":null}