{"id":"gen9vgc2025regg-2281995812","format":"[Gen 9] VGC 2025 Reg G","players":["bieiup","lichuweijixi"],"log":"|j|\u2606bieiup\n|j|\u2606lichuweijixi\n|t:|1737000164\n|gametype|doubles\n|player|p1|bieiup|lillie-z|1554\n|player|p2|lichuweijixi|2|1625\n|teamsize|p1|6\n|teamsize|p2|6\n|gen|9\n|tier|[Gen 9] VGC 2025 Reg G\n|rated|\n|rule|Species Clause: Limit one of each Pok\u00e9mon\n|rule|Item Clause: Limit 1 of each item\n|clearpoke\n|poke|p1|Gloom, L50, F|\n|poke|p1|Armarouge, L50, F|\n|poke|p1|Indeedee-F, L50, F|\n|poke|p1|Dewgong, L50, F|\n|poke|p1|Ting-Lu, L50|\n|poke|p1|Lunala, L50|\n|poke|p2|Calyrex-Ice, L50|\n|poke|p2|Smeargle, L50, M|\n|poke|p2|Urshifu-*, L50, M|\n|poke|p2|Ogerpon-Wellspring, L50, F|\n|poke|p2|Raging Bolt, L50|\n|poke|p2|Iron Valiant, L50|\n|teampreview|4\n|inactive|Battle timer is ON: inactive players will automatically lose when time's up. (requested by bieiup)\n|\n|t:|1737000200\n|start\n|switch|p1a: Dewgong|Dewgong, L50, F|100\/100\n|switch|p1b: Gloom|Gloom, L50, F|100\/100\n|switch|p2a: Smeargle|Smeargle, L50, M|100\/100\n|switch|p2b: Calyrex|Calyrex-Ice, L50|100\/100\n|-ability|p2b: Calyrex|As One\n|-ability|p2b: Calyrex|Unnerve\n|turn|1\n|inactive|lichuweijixi has 30 seconds left.\n|\n|t:|1737000227\n|-terastallize|p1b: Gloom|Water\n|move|p1a: Dewgong|Fake Out|p2a: Smeargle\n|-damage|p2a: Smeargle|91\/100\n|cant|p2a: Smeargle|flinch\n|move|p1b: Gloom|Sleep Powder|p2a: Smeargle\n|-status|p2a: Smeargle|slp|[from] move: Sleep Powder\n|move|p2b: Calyrex|Trick Room|p2b: Calyrex\n|-fieldstart|move: Trick Room|[of] p2b: Calyrex\n|\n|upkeep\n|turn|2\n|-activate|p1a: Dewgong|item: Quick Claw\n|\n|t:|1737000244\n|move|p1a: Dewgong|Horn Drill|p2b: Calyrex|[miss]\n|-miss|p1a: Dewgong|p2b: Calyrex\n|move|p1b: Gloom|Sleep Powder|p2b: Calyrex\n|-status|p2b: Calyrex|slp|[from] move: Sleep Powder\n|cant|p2a: Smeargle|slp\n|cant|p2b: Calyrex|slp\n|\n|upkeep\n|turn|3\n|-activate|p1a: Dewgong|item: Quick Claw\n|\n|t:|1737000254\n|move|p1a: Dewgong|Horn Drill|p2b: Calyrex|[miss]\n|-miss|p1a: Dewgong|p2b: Calyrex\n|move|p1b: Gloom|Sleep Powder|p2a: Smeargle\n|-fail|p2a: Smeargle|slp\n|-curestatus|p2a: Smeargle|slp|[msg]\n|move|p2a: Smeargle|Decorate|p2b: Calyrex\n|-boost|p2b: Calyrex|atk|2\n|-boost|p2b: Calyrex|spa|2\n|-curestatus|p2b: Calyrex|slp|[msg]\n|move|p2b: Calyrex|Glacial Lance|p1b: Gloom|[spread] p1a,p1b\n|-resisted|p1a: Dewgong\n|-resisted|p1b: Gloom\n|-damage|p1a: Dewgong|87\/100\n|-damage|p1b: Gloom|51\/100\n|\n|upkeep\n|turn|4\n|\n|t:|1737000264\n|move|p2a: Smeargle|Follow Me|p2a: Smeargle\n|-singleturn|p2a: Smeargle|move: Follow Me\n|move|p1b: Gloom|Sleep Powder|p2a: Smeargle\n|-status|p2a: Smeargle|slp|[from] move: Sleep Powder\n|move|p2b: Calyrex|Glacial Lance|p1a: Dewgong|[spread] p1a,p1b\n|-resisted|p1a: Dewgong\n|-resisted|p1b: Gloom\n|-damage|p1a: Dewgong|73\/100\n|-damage|p1b: Gloom|6\/100\n|move|p1a: Dewgong|Horn Drill|p2a: Smeargle|[miss]\n|-miss|p1a: Dewgong|p2a: Smeargle\n|\n|upkeep\n|turn|5\n|\n|t:|1737000277\n|move|p2b: Calyrex|Protect|p2b: Calyrex\n|-singleturn|p2b: Calyrex|Protect\n|cant|p2a: Smeargle|slp\n|move|p1b: Gloom|Strength Sap|p2b: Calyrex\n|-activate|p2b: Calyrex|move: Protect\n|move|p1a: Dewgong|Horn Drill|p2b: Calyrex\n|-activate|p2b: Calyrex|move: Protect\n|\n|-fieldend|move: Trick Room\n|upkeep\n|turn|6\n|\n|t:|1737000288\n|move|p1a: Dewgong|Horn Drill|p2b: Calyrex\n|-damage|p2b: Calyrex|0 fnt\n|faint|p2b: Calyrex\n|-ohko\n|cant|p2a: Smeargle|slp\n|move|p1b: Gloom|Strength Sap|p2a: Smeargle\n|-unboost|p2a: Smeargle|atk|1\n|-heal|p1b: Gloom|30\/100\n|\n|upkeep\n|\n|t:|1737000292\n|switch|p2b: Urshifu|Urshifu, L50, M|100\/100\n|turn|7\n|\n|t:|1737000297\n|move|p1a: Dewgong|Horn Drill|p2b: Urshifu|[miss]\n|-miss|p1a: Dewgong|p2b: Urshifu\n|move|p2b: Urshifu|Wicked Blow|p1a: Dewgong\n|-crit|p1a: Dewgong\n|-damage|p1a: Dewgong|2\/100\n|cant|p2a: Smeargle|slp\n|move|p1b: Gloom|Strength Sap|p2b: Urshifu\n|-unboost|p2b: Urshifu|atk|1\n|-heal|p1b: Gloom|100\/100\n|\n|upkeep\n|turn|8\n|\n|t:|1737000309\n|move|p2b: Urshifu|Sucker Punch|p1a: Dewgong\n|-damage|p1a: Dewgong|0 fnt\n|faint|p1a: Dewgong\n|-curestatus|p2a: Smeargle|slp|[msg]\n|move|p2a: Smeargle|Spore|p1b: Gloom\n|-status|p1b: Gloom|slp|[from] move: Spore\n|cant|p1b: Gloom|slp\n|\n|upkeep\n|\n|t:|1737000316\n|switch|p1a: Ting-Lu|Ting-Lu, L50|100\/100\n|-ability|p1a: Ting-Lu|Vessel of Ruin\n|turn|9\n|\n|t:|1737000330\n|move|p2b: Urshifu|Close Combat|p1a: Ting-Lu\n|-supereffective|p1a: Ting-Lu\n|-damage|p1a: Ting-Lu|54\/100\n|-unboost|p2b: Urshifu|def|1\n|-unboost|p2b: Urshifu|spd|1\n|move|p2a: Smeargle|Decorate|p2b: Urshifu\n|-boost|p2b: Urshifu|atk|2\n|-boost|p2b: Urshifu|spa|2\n|move|p1a: Ting-Lu|Fissure|p2b: Urshifu|[miss]\n|-miss|p1a: Ting-Lu|p2b: Urshifu\n|cant|p1b: Gloom|slp\n|\n|upkeep\n|turn|10\n|\n|t:|1737000349\n|switch|p1a: Armarouge|Armarouge, L50, F|100\/100\n|move|p2a: Smeargle|Follow Me|p2a: Smeargle\n|-singleturn|p2a: Smeargle|move: Follow Me\n|move|p2b: Urshifu|Close Combat|p1a: Armarouge\n|-resisted|p1a: Armarouge\n|-damage|p1a: Armarouge|43\/100\n|-unboost|p2b: Urshifu|def|1\n|-unboost|p2b: Urshifu|spd|1\n|-ability|p1a: Armarouge|Weak Armor|boost\n|-unboost|p1a: Armarouge|def|1\n|-boost|p1a: Armarouge|spe|2\n|-curestatus|p1b: Gloom|slp|[msg]\n|move|p1b: Gloom|Sleep Powder|p2a: Smeargle\n|-status|p2a: Smeargle|slp|[from] move: Sleep Powder\n|\n|upkeep\n|turn|11\n|\n|t:|1737000362\n|switch|p1a: Ting-Lu|Ting-Lu, L50|54\/100\n|-ability|p1a: Ting-Lu|Vessel of Ruin\n|-terastallize|p2b: Urshifu|Ghost\n|move|p2b: Urshifu|Wicked Blow|p1b: Gloom\n|-crit|p1b: Gloom\n|-damage|p1b: Gloom|18\/100\n|cant|p2a: Smeargle|slp\n|move|p1b: Gloom|Sleep Powder|p2b: Urshifu\n|-status|p2b: Urshifu|slp|[from] move: Sleep Powder\n|\n|upkeep\n|turn|12\n|\n|t:|1737000373\n|switch|p1a: Armarouge|Armarouge, L50, F|43\/100\n|cant|p2b: Urshifu|slp\n|-curestatus|p2a: Smeargle|slp|[msg]\n|move|p2a: Smeargle|Spore|p1b: Gloom\n|-status|p1b: Gloom|slp|[from] move: Spore\n|cant|p1b: Gloom|slp\n|\n|upkeep\n|turn|13\n|\n|t:|1737000383\n|cant|p2b: Urshifu|slp\n|move|p1a: Armarouge|Heat Wave|p2b: Urshifu|[spread] p2a,p2b\n|-crit|p2b: Urshifu\n|-damage|p2a: Smeargle|7\/100\n|-damage|p2b: Urshifu|0 fnt\n|faint|p2b: Urshifu\n|move|p2a: Smeargle|Spore|p1a: Armarouge\n|-status|p1a: Armarouge|slp|[from] move: Spore\n|-curestatus|p1b: Gloom|slp|[msg]\n|move|p1b: Gloom|Pollen Puff|p1a: Armarouge\n|-heal|p1a: Armarouge|92\/100 slp\n|\n|upkeep\n|\n|t:|1737000389\n|switch|p2b: Raging Bolt|Raging Bolt, L50|100\/100\n|turn|14\n|\n|t:|1737000403\n|switch|p1b: Ting-Lu|Ting-Lu, L50|54\/100\n|-ability|p1b: Ting-Lu|Vessel of Ruin\n|cant|p1a: Armarouge|slp\n|move|p2b: Raging Bolt|Thunderbolt|p1a: Armarouge\n|-crit|p1a: Armarouge\n|-damage|p1a: Armarouge|0 fnt\n|faint|p1a: Armarouge\n|-damage|p2b: Raging Bolt|91\/100|[from] item: Life Orb\n|move|p2a: Smeargle|Spore|p1b: Ting-Lu\n|-status|p1b: Ting-Lu|slp|[from] move: Spore\n|\n|upkeep\n|\n|t:|1737000405\n|switch|p1a: Gloom|Gloom, L50, F, tera:Water|18\/100\n|turn|15\n|\n|t:|1737000418\n|move|p2b: Raging Bolt|Dragon Pulse|p1b: Ting-Lu\n|-damage|p1b: Ting-Lu|31\/100 slp\n|-damage|p2b: Raging Bolt|81\/100|[from] item: Life Orb\n|move|p2a: Smeargle|Spore|p1a: Gloom\n|-status|p1a: Gloom|slp|[from] move: Spore\n|cant|p1b: Ting-Lu|slp\n|cant|p1a: Gloom|slp\n|\n|upkeep\n|turn|16\n|\n|t:|1737000438\n|move|p2a: Smeargle|Follow Me|p2a: Smeargle\n|-singleturn|p2a: Smeargle|move: Follow Me\n|move|p2b: Raging Bolt|Dragon Pulse|p1b: Ting-Lu\n|-damage|p1b: Ting-Lu|5\/100 slp\n|-damage|p2b: Raging Bolt|71\/100|[from] item: Life Orb\n|-curestatus|p1b: Ting-Lu|slp|[msg]\n|move|p1b: Ting-Lu|Fissure|p2a: Smeargle\n|-damage|p2a: Smeargle|0 fnt\n|faint|p2a: Smeargle\n|-ohko\n|-curestatus|p1a: Gloom|slp|[msg]\n|move|p1a: Gloom|Sleep Powder|p2b: Raging Bolt\n|-status|p2b: Raging Bolt|slp|[from] move: Sleep Powder\n|\n|upkeep\n|turn|17\n|c|\u2606bieiup|hahahah\n|\n|t:|1737000451\n|cant|p2b: Raging Bolt|slp\n|move|p1b: Ting-Lu|Stomping Tantrum|p2b: Raging Bolt\n|-supereffective|p2b: Raging Bolt\n|-damage|p2b: Raging Bolt|20\/100 slp\n|move|p1a: Gloom|Pollen Puff|p1b: Ting-Lu\n|-heal|p1b: Ting-Lu|55\/100\n|\n|upkeep\n|turn|18\n|c|\u2606bieiup|glhf\n|\n|t:|1737000457\n|cant|p2b: Raging Bolt|slp\n|move|p1b: Ting-Lu|Stomping Tantrum|p2b: Raging Bolt\n|-supereffective|p2b: Raging Bolt\n|-damage|p2b: Raging Bolt|0 fnt\n|faint|p2b: Raging Bolt\n|-end|p2b: Raging Bolt|Protosynthesis|[silent]\n|\n|win|bieiup\n|raw|bieiup's rating: 1554 &rarr; <strong>1578<\/strong><br \/>(+24 for winning)\n|raw|lichuweijixi's rating: 1625 &rarr; <strong>1601<\/strong><br \/>(-24 for losing)\n|l|\u2606lichuweijixi\n|player|p2|\n|l|\u2606bieiup\n|player|p1|\n","uploadtime":1737000468,"views":52,"formatid":"gen9vgc2025regg","rating":1578,"private":0,"password":null}