{"id":"gen9vgc2025regg-2281634587","format":"[Gen 9] VGC 2025 Reg G","players":["zxsvgc","tplusplus"],"log":"|j|\u2606zxsvgc\n|j|\u2606tplusplus\n|t:|1736957966\n|gametype|doubles\n|player|p1|zxsvgc|lacey|1677\n|player|p2|tplusplus|perrin|1756\n|teamsize|p1|6\n|teamsize|p2|6\n|gen|9\n|tier|[Gen 9] VGC 2025 Reg G\n|rated|\n|rule|Species Clause: Limit one of each Pok\u00e9mon\n|rule|Item Clause: Limit 1 of each item\n|clearpoke\n|poke|p1|Ditto, L50|\n|poke|p1|Miraidon, L50|\n|poke|p1|Iron Hands, L50|\n|poke|p1|Flutter Mane, L50|\n|poke|p1|Ogerpon-Hearthflame, L50, F|\n|poke|p1|Sableye, L50, M|\n|poke|p2|Smeargle, L50, M|\n|poke|p2|Calyrex-Ice, L50|\n|poke|p2|Ursaluna-Bloodmoon, L50, M|\n|poke|p2|Annihilape, L50, M|\n|poke|p2|Urshifu-*, L50, M|\n|poke|p2|Ogerpon-Wellspring, L50, F|\n|teampreview|4\n|\n|t:|1736957992\n|start\n|switch|p1a: Iron Hands|Iron Hands, L50|100\/100\n|switch|p1b: \u4e16\u754c\u51a0\u519b|Miraidon, L50|100\/100\n|switch|p2a: \u827a\u82d1|Smeargle, L50, M, shiny|100\/100\n|switch|p2b: \u7389\u82f1|Calyrex-Ice, L50|100\/100\n|-ability|p2b: \u7389\u82f1|As One\n|-ability|p2b: \u7389\u82f1|Unnerve\n|-fieldstart|move: Electric Terrain|[from] ability: Hadron Engine|[of] p1b: \u4e16\u754c\u51a0\u519b\n|-activate|p1a: Iron Hands|ability: Quark Drive\n|-start|p1a: Iron Hands|quarkdriveatk\n|turn|1\n|j| DaichiYamamoto\n|\n|t:|1736958023\n|switch|p1b: \u9633\u5149\u5f00\u6717|Sableye, L50, M|100\/100\n|move|p2a: \u827a\u82d1|Fake Out|p1b: \u9633\u5149\u5f00\u6717\n|-immune|p1b: \u9633\u5149\u5f00\u6717\n|move|p2b: \u7389\u82f1|Glacial Lance|p1b: \u9633\u5149\u5f00\u6717|[spread] p1a,p1b\n|-damage|p1a: Iron Hands|61\/100\n|-damage|p1b: \u9633\u5149\u5f00\u6717|29\/100\n|move|p1a: Iron Hands|Drain Punch|p2a: \u827a\u82d1\n|-supereffective|p2a: \u827a\u82d1\n|-enditem|p2a: \u827a\u82d1|Focus Sash\n|-damage|p2a: \u827a\u82d1|1\/100\n|-heal|p1a: Iron Hands|93\/100|[from] drain|[of] p2a: \u827a\u82d1\n|\n|upkeep\n|turn|2\n|\n|t:|1736958058\n|move|p2a: \u827a\u82d1|Follow Me|p2a: \u827a\u82d1\n|-singleturn|p2a: \u827a\u82d1|move: Follow Me\n|move|p1b: \u9633\u5149\u5f00\u6717|Disable|p2a: \u827a\u82d1\n|-start|p2a: \u827a\u82d1|Disable|Follow Me\n|move|p2b: \u7389\u82f1|Glacial Lance|p1a: Iron Hands|[spread] p1a,p1b\n|-damage|p1a: Iron Hands|55\/100\n|-damage|p1b: \u9633\u5149\u5f00\u6717|0 fnt\n|faint|p1b: \u9633\u5149\u5f00\u6717\n|-ability|p2b: \u7389\u82f1|Chilling Neigh|boost\n|-boost|p2b: \u7389\u82f1|atk|1\n|move|p1a: Iron Hands|Drain Punch|p2a: \u827a\u82d1\n|-supereffective|p2a: \u827a\u82d1\n|-damage|p2a: \u827a\u82d1|0 fnt\n|-heal|p1a: Iron Hands|55\/100|[from] drain|[of] p2a: \u827a\u82d1\n|faint|p2a: \u827a\u82d1\n|\n|upkeep\n|\n|t:|1736958067\n|switch|p2a: \u6c84\u6c84|Ogerpon-Wellspring, L50, F|100\/100\n|switch|p1b: \u559c\u6b22\u6211\u5417\u8001\u5f1f|Ditto, L50|100\/100\n|-transform|p1b: \u559c\u6b22\u6211\u5417\u8001\u5f1f|p2a: \u6c84\u6c84|[from] ability: Imposter\n|turn|3\n|\n|t:|1736958083\n|-terastallize|p1a: Iron Hands|Water\n|move|p1b: \u559c\u6b22\u6211\u5417\u8001\u5f1f|Ivy Cudgel|p2b: \u7389\u82f1|[anim] Ivy Cudgel Water\n|-crit|p2b: \u7389\u82f1\n|-damage|p2b: \u7389\u82f1|62\/100\n|move|p2a: \u6c84\u6c84|Taunt|p1b: \u559c\u6b22\u6211\u5417\u8001\u5f1f\n|-start|p1b: \u559c\u6b22\u6211\u5417\u8001\u5f1f|move: Taunt\n|move|p2b: \u7389\u82f1|Glacial Lance|p1a: Iron Hands|[spread] p1a,p1b\n|-resisted|p1a: Iron Hands\n|-damage|p1a: Iron Hands|27\/100\n|-enditem|p1b: \u559c\u6b22\u6211\u5417\u8001\u5f1f|Focus Sash\n|-damage|p1b: \u559c\u6b22\u6211\u5417\u8001\u5f1f|1\/100\n|move|p1a: Iron Hands|Wild Charge|p2b: \u7389\u82f1\n|-damage|p2b: \u7389\u82f1|8\/100\n|-enditem|p2b: \u7389\u82f1|Sitrus Berry|[eat]\n|-heal|p2b: \u7389\u82f1|33\/100|[from] item: Sitrus Berry\n|-damage|p1a: Iron Hands|15\/100|[from] Recoil\n|\n|upkeep\n|turn|4\n|\n|t:|1736958104\n|move|p2a: \u6c84\u6c84|Follow Me|p2a: \u6c84\u6c84\n|-singleturn|p2a: \u6c84\u6c84|move: Follow Me\n|move|p1b: \u559c\u6b22\u6211\u5417\u8001\u5f1f|Ivy Cudgel|p2a: \u6c84\u6c84|[anim] Ivy Cudgel Water\n|-immune|p2a: \u6c84\u6c84|[from] ability: Water Absorb\n|move|p1a: Iron Hands|Drain Punch|p2a: \u6c84\u6c84\n|-damage|p2a: \u6c84\u6c84|38\/100\n|-heal|p1a: Iron Hands|39\/100|[from] drain|[of] p2a: \u6c84\u6c84\n|move|p2b: \u7389\u82f1|Trick Room|p2b: \u7389\u82f1\n|-fieldstart|move: Trick Room|[of] p2b: \u7389\u82f1\n|\n|upkeep\n|turn|5\n|-message|zxsvgc forfeited.\n|\n|win|tplusplus\n|raw|zxsvgc's rating: 1677 &rarr; <strong>1661<\/strong><br \/>(-16 for losing)\n|raw|tplusplus's rating: 1756 &rarr; <strong>1772<\/strong><br \/>(+16 for winning)\n|l|\u2606zxsvgc\n|player|p1|\n|l|\u2606tplusplus\n|player|p2|\n|j|\u2606tplusplus\n|player|p2|tplusplus|perrin|\n|l|\u2606tplusplus\n|player|p2|\n","uploadtime":1736958128,"views":144,"formatid":"gen9vgc2025regg","rating":1661,"private":0,"password":null}