{"id":"gen9vgc2025regg-2281173517","format":"[Gen 9] VGC 2025 Reg G","players":["Zeropoke7310","eriksp"],"log":"|j|\u2606Zeropoke7310\n|j|\u2606eriksp\n|t:|1736890506\n|gametype|doubles\n|player|p1|Zeropoke7310|101|1629\n|player|p2|eriksp|volkner-masters|1677\n|teamsize|p1|6\n|teamsize|p2|6\n|gen|9\n|tier|[Gen 9] VGC 2025 Reg G\n|rated|\n|rule|Species Clause: Limit one of each Pok\u00e9mon\n|rule|Item Clause: Limit 1 of each item\n|clearpoke\n|poke|p1|Zamazenta-*, L50|\n|poke|p1|Chien-Pao, L50|\n|poke|p1|Urshifu-*, L50, F|\n|poke|p1|Amoonguss, L50, M|\n|poke|p1|Rillaboom, L50, M|\n|poke|p1|Pelipper, L50, F|\n|poke|p2|Calyrex-Ice, L50|\n|poke|p2|Amoonguss, L50, F|\n|poke|p2|Landorus, L50, M|\n|poke|p2|Regieleki, L50|\n|poke|p2|Incineroar, L50, F|\n|poke|p2|Urshifu-*, L50, M|\n|teampreview|4\neriksp has agreed to open team sheets.\n|j| everyhitacrit\n|\n|t:|1736890542\n|start\n|switch|p1a: Zamazenta|Zamazenta-Crowned, L50, shiny|100\/100\n|switch|p1b: Chien-Pao|Chien-Pao, L50|100\/100\n|switch|p2a: Landorus|Landorus, L50, M|100\/100\n|switch|p2b: Regieleki|Regieleki, L50|100\/100\n|-ability|p1b: Chien-Pao|Sword of Ruin\n|-ability|p1a: Zamazenta|Dauntless Shield|boost\n|-boost|p1a: Zamazenta|def|1\n|turn|1\n|j| play sos wednesday\n|\n|t:|1736890557\n|move|p1b: Chien-Pao|Ice Shard|p2a: Landorus\n|-supereffective|p2a: Landorus\n|-damage|p2a: Landorus|0 fnt\n|faint|p2a: Landorus\n|move|p2b: Regieleki|Electroweb|p1a: Zamazenta|[spread] p1a,p1b\n|-damage|p1a: Zamazenta|86\/100\n|-damage|p1b: Chien-Pao|58\/100\n|-unboost|p1a: Zamazenta|spe|1\n|-unboost|p1b: Chien-Pao|spe|1\n|move|p1a: Zamazenta|Body Press|p2b: Regieleki\n|-enditem|p2b: Regieleki|Focus Sash\n|-damage|p2b: Regieleki|1\/100\n|\n|upkeep\n|\n|t:|1736890578\n|switch|p2a: Calyrex|Calyrex-Ice, L50|100\/100\n|-ability|p2a: Calyrex|As One\n|-ability|p2a: Calyrex|Unnerve\n|turn|2\n|j| Hazmatknight88\n|\n|t:|1736890613\n|-terastallize|p2a: Calyrex|Water\n|move|p1b: Chien-Pao|Ice Shard|p2b: Regieleki\n|-damage|p2b: Regieleki|0 fnt\n|faint|p2b: Regieleki\n|move|p1a: Zamazenta|Body Press|p2a: Calyrex\n|-damage|p2a: Calyrex|51\/100\n|move|p2a: Calyrex|Trick Room|p2a: Calyrex\n|-fieldstart|move: Trick Room|[of] p2a: Calyrex\n|\n|upkeep\n|\n|t:|1736890617\n|switch|p2b: Amoonguss|Amoonguss, L50, F|100\/100\n|turn|3\n|\n|t:|1736890630\n|switch|p1b: Pelipper|Pelipper, L50, F|100\/100\n|-weather|RainDance|[from] ability: Drizzle|[of] p1b: Pelipper\n|-terastallize|p1a: Zamazenta|Grass\n|move|p2b: Amoonguss|Pollen Puff|p2a: Calyrex\n|-heal|p2a: Calyrex|100\/100\n|move|p2a: Calyrex|High Horsepower|p1b: Pelipper\n|-immune|p1b: Pelipper\n|move|p1a: Zamazenta|Body Press|p2a: Calyrex\n|-damage|p2a: Calyrex|59\/100\n|\n|-weather|RainDance|[upkeep]\n|upkeep\n|turn|4\n|j| neebieplayersea\n|\n|t:|1736890650\n|move|p1a: Zamazenta|Wide Guard|p1a: Zamazenta\n|-singleturn|p1a: Zamazenta|Wide Guard\n|move|p2b: Amoonguss|Spore|p1b: Pelipper\n|-activate|p1b: Pelipper|item: Safety Goggles|Spore\n|move|p2a: Calyrex|Glacial Lance|p1b: Pelipper|[spread] \n|-activate|p1a: Zamazenta|move: Wide Guard\n|-activate|p1b: Pelipper|move: Wide Guard\n|move|p1b: Pelipper|Hurricane|p2b: Amoonguss\n|-supereffective|p2b: Amoonguss\n|-damage|p2b: Amoonguss|24\/100\n|\n|-weather|RainDance|[upkeep]\n|upkeep\n|turn|5\n|-message|eriksp forfeited.\n|\n|win|Zeropoke7310\n|raw|Zeropoke7310's rating: 1629 &rarr; <strong>1652<\/strong><br \/>(+23 for winning)\n|raw|eriksp's rating: 1677 &rarr; <strong>1654<\/strong><br \/>(-23 for losing)\n|l|\u2606eriksp\n|player|p2|\n|l|\u2606Zeropoke7310\n|player|p1|\n|l| play sos wednesday\n|j|\u2606eriksp\n|player|p2|eriksp|volkner-masters|\n|l|\u2606eriksp\n|player|p2|\n|l| Hazmatknight88\n","uploadtime":1736890903,"views":47,"formatid":"gen9vgc2025regg","rating":1652,"private":0,"password":null}