{"id":"gen9vgc2025regg-2282877027","format":"[Gen 9] VGC 2025 Reg G","players":["actuary97","koji muranishi"],"log":"|j|\u2606actuary97\n|j|\u2606koji muranishi\n|t:|1737125708\n|gametype|doubles\n|player|p1|actuary97|sabrina-frlg|1582\n|player|p2|koji muranishi|265|1551\n|teamsize|p1|6\n|teamsize|p2|6\n|gen|9\n|tier|[Gen 9] VGC 2025 Reg G\n|rated|\n|rule|Species Clause: Limit one of each Pok\u00e9mon\n|rule|Item Clause: Limit 1 of each item\n|clearpoke\n|poke|p1|Amoonguss, L50, F|\n|poke|p1|Comfey, L50, M|\n|poke|p1|Whimsicott, L50, M|\n|poke|p1|Rillaboom, L50, F|\n|poke|p1|Kyogre, L50|\n|poke|p1|Archaludon, L50, M|\n|poke|p2|Whimsicott, L50, M|\n|poke|p2|Calyrex-Ice, L50|\n|poke|p2|Urshifu-*, L50, F|\n|poke|p2|Entei, L50|\n|poke|p2|Raging Bolt, L50|\n|poke|p2|Archaludon, L50, M|\n|teampreview|4\nactuary97 has agreed to open team sheets.\n|inactive|Battle timer is ON: inactive players will automatically lose when time's up. (requested by koji muranishi)\n|inactive|actuary97 has 60 seconds left.\n|\n|t:|1737125746\n|start\n|switch|p1a: Whimsicott|Whimsicott, L50, M, shiny|100\/100\n|switch|p1b: Archaludon|Archaludon, L50, M, shiny|100\/100\n|switch|p2a: Whimsicott|Whimsicott, L50, M|100\/100\n|switch|p2b: Urshifu|Urshifu-Rapid-Strike, L50, F|100\/100\n|turn|1\n|\n|t:|1737125762\n|move|p2a: Whimsicott|Moonblast|p1b: Archaludon\n|-damage|p1b: Archaludon|77\/100\n|-unboost|p1b: Archaludon|spa|1\n|-ability|p1b: Archaludon|Stamina|boost\n|-boost|p1b: Archaludon|def|1\n|move|p1a: Whimsicott|Beat Up|p1b: Archaludon\n|-damage|p1b: Archaludon|76\/100\n|-ability|p1b: Archaludon|Stamina|boost\n|-boost|p1b: Archaludon|def|1\n|-damage|p1b: Archaludon|75\/100\n|-ability|p1b: Archaludon|Stamina|boost\n|-boost|p1b: Archaludon|def|1\n|-damage|p1b: Archaludon|74\/100\n|-ability|p1b: Archaludon|Stamina|boost\n|-boost|p1b: Archaludon|def|1\n|-damage|p1b: Archaludon|73\/100\n|-ability|p1b: Archaludon|Stamina|boost\n|-boost|p1b: Archaludon|def|1\n|-hitcount|p1b: Archaludon|4\n|move|p2b: Urshifu|Close Combat|p1b: Archaludon\n|-supereffective|p1b: Archaludon\n|-damage|p1b: Archaludon|45\/100\n|-unboost|p2b: Urshifu|def|1\n|-unboost|p2b: Urshifu|spd|1\n|-ability|p1b: Archaludon|Stamina|boost\n|-boost|p1b: Archaludon|def|1\n|move|p1b: Archaludon|Body Press|p2b: Urshifu\n|-damage|p2b: Urshifu|0 fnt\n|faint|p2b: Urshifu\n|\n|upkeep\n|inactive|koji muranishi has 30 seconds left.\n|\n|t:|1737125792\n|switch|p2b: Calyrex|Calyrex-Ice, L50|100\/100\n|-ability|p2b: Calyrex|As One\n|-ability|p2b: Calyrex|Unnerve\n|turn|2\n|\n|t:|1737125812\n|switch|p1a: Comfey|Comfey, L50, M, shiny|100\/100\n|move|p1b: Archaludon|Flash Cannon|p2a: Whimsicott\n|-supereffective|p2a: Whimsicott\n|-damage|p2a: Whimsicott|15\/100\n|move|p2b: Calyrex|Glacial Lance|p1a: Comfey|[spread] p1a,p1b\n|-damage|p1a: Comfey|16\/100\n|-damage|p1b: Archaludon|30\/100\n|move|p2a: Whimsicott|Trick Room|p2a: Whimsicott\n|-fieldstart|move: Trick Room|[of] p2a: Whimsicott\n|\n|upkeep\n|turn|3\n|\n|t:|1737125835\n|move|p1a: Comfey|Floral Healing|p1b: Archaludon\n|-heal|p1b: Archaludon|80\/100\n|move|p1b: Archaludon|Body Press|p2b: Calyrex\n|-damage|p2b: Calyrex|33\/100\n|move|p2b: Calyrex|Glacial Lance|p1b: Archaludon|[spread] p1a,p1b\n|-damage|p1a: Comfey|0 fnt\n|-damage|p1b: Archaludon|64\/100\n|faint|p1a: Comfey\n|-ability|p2b: Calyrex|Chilling Neigh|boost\n|-boost|p2b: Calyrex|atk|1\n|move|p2a: Whimsicott|Moonblast|p1b: Archaludon\n|-damage|p1b: Archaludon|40\/100\n|\n|upkeep\n|j| jasonrfry5\n|\n|t:|1737125844\n|switch|p1a: Kyogre|Kyogre, L50, shiny|100\/100\n|-weather|RainDance|[from] ability: Drizzle|[of] p1a: Kyogre\n|turn|4\n|\n|t:|1737125858\n|move|p2a: Whimsicott|Protect|p2a: Whimsicott\n|-singleturn|p2a: Whimsicott|Protect\n|move|p1b: Archaludon|Body Press|p2b: Calyrex\n|-damage|p2b: Calyrex|0 fnt\n|faint|p2b: Calyrex\n|move|p1a: Kyogre|Ice Beam|p2a: Whimsicott\n|-activate|p2a: Whimsicott|move: Protect\n|\n|-weather|RainDance|[upkeep]\n|upkeep\n|c|\u2606actuary97|fast horse\n|l| jasonrfry5\n|c|\u2606actuary97|I'm literally 113\n|\n|t:|1737125868\n|switch|p2b: Archaludon|Archaludon, L50, M|100\/100\n|turn|5\n|c|\u2606actuary97|112*\n|\n|t:|1737125890\n|-terastallize|p1a: Kyogre|Grass\n|-terastallize|p2b: Archaludon|Stellar\n|move|p2a: Whimsicott|Protect||[still]\n|-fail|p2a: Whimsicott\n|move|p1b: Archaludon|Body Press|p2b: Archaludon\n|-supereffective|p2b: Archaludon\n|-ability|p2b: Archaludon|Sturdy\n|-damage|p2b: Archaludon|1\/100\n|move|p1a: Kyogre|Ice Beam|p2a: Whimsicott\n|-supereffective|p2a: Whimsicott\n|-damage|p2a: Whimsicott|0 fnt\n|faint|p2a: Whimsicott\n|move|p2b: Archaludon|Electro Shot||[still]\n|-prepare|p2b: Archaludon|Electro Shot\n|-boost|p2b: Archaludon|spa|1\n|-anim|p2b: Archaludon|Electro Shot|p1b: Archaludon\n|-resisted|p1b: Archaludon\n|-damage|p1b: Archaludon|9\/100\n|\n|-weather|RainDance|[upkeep]\n|upkeep\n|turn|6\n|-message|koji muranishi forfeited.\n|\n|win|actuary97\n|raw|actuary97's rating: 1582 &rarr; <strong>1600<\/strong><br \/>(+18 for winning)\n|raw|koji muranishi's rating: 1551 &rarr; <strong>1533<\/strong><br \/>(-18 for losing)\n|l|\u2606koji muranishi\n|player|p2|\n|l|\u2606actuary97\n|player|p1|\n","uploadtime":1737126078,"views":20,"formatid":"gen9vgc2025regg","rating":1533,"private":0,"password":null}