{"id":"gen9vgc2025regg-2282393783","format":"[Gen 9] VGC 2025 Reg G","players":["bluestraggler02","Bef6"],"log":"|j|\u2606bluestraggler02\n|j|\u2606Bef6\n|t:|1737055903\n|gametype|doubles\n|player|p1|bluestraggler02|265|1554\n|player|p2|Bef6|lucas|1785\n|teamsize|p1|6\n|teamsize|p2|6\n|gen|9\n|tier|[Gen 9] VGC 2025 Reg G\n|rated|\n|rule|Species Clause: Limit one of each Pok\u00e9mon\n|rule|Item Clause: Limit 1 of each item\n|clearpoke\n|poke|p1|Groudon, L50|\n|poke|p1|Gouging Fire, L50|\n|poke|p1|Brute Bonnet, L50|\n|poke|p1|Walking Wake, L50|\n|poke|p1|Farigiraf, L50, M|\n|poke|p1|Torkoal, L50, F|\n|poke|p2|Lunala, L50|\n|poke|p2|Indeedee-F, L50, F|\n|poke|p2|Urshifu-*, L50, F|\n|poke|p2|Tornadus, L50, M|\n|poke|p2|Ursaluna, L50, F|\n|poke|p2|Chi-Yu, L50|\n|teampreview|4\n|j| Tobidog\n|j| That Demon\n|inactive|Battle timer is ON: inactive players will automatically lose when time's up. (requested by bluestraggler02)\nbluestraggler02 rejected open team sheets.\n|l| Tobidog\n|inactive|Bef6 has 60 seconds left.\n|\n|t:|1737055969\n|start\n|switch|p1a: Walking Wake|Walking Wake, L50|100\/100\n|switch|p1b: Farigiraf|Farigiraf, L50, M|100\/100\n|switch|p2a: Indeedee|Indeedee-F, L50, F|100\/100\n|switch|p2b: Lunala|Lunala, L50|100\/100\n|-fieldstart|move: Psychic Terrain|[from] ability: Psychic Surge|[of] p2a: Indeedee\n|turn|1\n|\n|t:|1737055993\n|-terastallize|p2b: Lunala|Fairy\n|move|p2a: Indeedee|Helping Hand|p2b: Lunala\n|-singleturn|p2b: Lunala|Helping Hand|[of] p2a: Indeedee\n|move|p1b: Farigiraf|Helping Hand|p1a: Walking Wake\n|-singleturn|p1a: Walking Wake|Helping Hand|[of] p1b: Farigiraf\n|move|p1a: Walking Wake|Snarl|p2a: Indeedee|[spread] p2a,p2b\n|-supereffective|p2a: Indeedee\n|-resisted|p2b: Lunala\n|-damage|p2a: Indeedee|39\/100\n|-damage|p2b: Lunala|95\/100\n|-unboost|p2a: Indeedee|spa|1\n|-unboost|p2b: Lunala|spa|1\n|move|p2b: Lunala|Expanding Force|p1b: Farigiraf|[spread] p1a,p1b\n|-resisted|p1b: Farigiraf\n|-damage|p1a: Walking Wake|23\/100\n|-damage|p1b: Farigiraf|70\/100\n|\n|upkeep\n|turn|2\n|inactive|Bef6 has 30 seconds left.\n|\n|t:|1737056021\n|switch|p2a: Chi-Yu|Chi-Yu, L50|100\/100\n|-ability|p2a: Chi-Yu|Beads of Ruin\n|move|p2b: Lunala|Wide Guard|p2b: Lunala\n|-singleturn|p2b: Lunala|Wide Guard\n|move|p1a: Walking Wake|Snarl|p2a: Chi-Yu|[spread] \n|-activate|p2a: Chi-Yu|move: Wide Guard\n|-activate|p2b: Lunala|move: Wide Guard\n|move|p1b: Farigiraf|Trick Room|p1b: Farigiraf\n|-fieldstart|move: Trick Room|[of] p1b: Farigiraf\n|\n|upkeep\n|turn|3\n|inactive|Bef6 has 30 seconds left.\n|inactive|Bef6 has 20 seconds left.\n|inactive|Bef6 has 15 seconds left.\n|inactive|Bef6 has 10 seconds left.\n|\n|t:|1737056070\n|move|p1b: Farigiraf|Imprison|p1b: Farigiraf\n|-start|p1b: Farigiraf|move: Imprison\n|move|p2b: Lunala|Meteor Beam||[still]\n|-prepare|p2b: Lunala|Meteor Beam\n|-boost|p2b: Lunala|spa|1\n|-enditem|p2b: Lunala|Power Herb\n|-anim|p2b: Lunala|Meteor Beam|p1b: Farigiraf\n|-damage|p1b: Farigiraf|15\/100\n|move|p2a: Chi-Yu|Snarl|p1b: Farigiraf|[spread] p1a,p1b\n|-crit|p1a: Walking Wake\n|-supereffective|p1b: Farigiraf\n|-damage|p1a: Walking Wake|0 fnt\n|-damage|p1b: Farigiraf|0 fnt\n|faint|p1a: Walking Wake\n|-end|p1a: Walking Wake|Protosynthesis|[silent]\n|faint|p1b: Farigiraf\n|\n|upkeep\n|\n|t:|1737056082\n|switch|p1b: Torkoal|Torkoal, L50, F|100\/100\n|switch|p1a: Groudon|Groudon, L50|100\/100\n|-weather|SunnyDay|[from] ability: Drought|[of] p1b: Torkoal\n|turn|4\n|\n|t:|1737056093\n|switch|p2a: Tornadus|Tornadus, L50, M|100\/100\n|move|p2b: Lunala|Wide Guard|p2b: Lunala\n|-singleturn|p2b: Lunala|Wide Guard\n|move|p1b: Torkoal|Earth Power|p2a: Tornadus\n|-immune|p2a: Tornadus\n|move|p1a: Groudon|Heat Crash|p2a: Tornadus\n|-damage|p2a: Tornadus|4\/100\n|\n|-weather|SunnyDay|[upkeep]\n|upkeep\n|turn|5\n|inactive|bluestraggler02 has 30 seconds left.\n|\n|t:|1737056121\n|move|p2a: Tornadus|Rain Dance|p2a: Tornadus\n|-weather|RainDance\n|move|p1b: Torkoal|Eruption|p2b: Lunala|[spread] p2a,p2b\n|-damage|p2a: Tornadus|0 fnt\n|-damage|p2b: Lunala|75\/100\n|faint|p2a: Tornadus\n|move|p1a: Groudon|Heat Crash|p2b: Lunala\n|-damage|p2b: Lunala|55\/100\n|move|p2b: Lunala|Expanding Force|p1b: Torkoal|[spread] p1a,p1b\n|-damage|p1a: Groudon|43\/100\n|-damage|p1b: Torkoal|15\/100\n|\n|-weather|RainDance|[upkeep]\n|-fieldend|move: Psychic Terrain\n|upkeep\n|\n|t:|1737056132\n|switch|p2a: Indeedee|Indeedee-F, L50, F|39\/100\n|-fieldstart|move: Psychic Terrain|[from] ability: Psychic Surge|[of] p2a: Indeedee\n|turn|6\n|\n|t:|1737056139\n|move|p2b: Lunala|Wide Guard|p2b: Lunala\n|-singleturn|p2b: Lunala|Wide Guard\n|move|p2a: Indeedee|Follow Me|p2a: Indeedee\n|-singleturn|p2a: Indeedee|move: Follow Me\n|move|p1b: Torkoal|Weather Ball|p2a: Indeedee\n|-damage|p2a: Indeedee|0 fnt\n|faint|p2a: Indeedee\n|move|p1a: Groudon|Precipice Blades|p2b: Lunala\n|-activate|p2b: Lunala|move: Wide Guard\n|\n|-weather|RainDance|[upkeep]\n|-fieldend|move: Trick Room\n|upkeep\n|\n|t:|1737056150\n|switch|p2a: Chi-Yu|Chi-Yu, L50|100\/100\n|-ability|p2a: Chi-Yu|Beads of Ruin\n|turn|7\n|-message|bluestraggler02 forfeited.\n|\n|win|Bef6\n|raw|bluestraggler02's rating: 1554 &rarr; <strong>1546<\/strong><br \/>(-8 for losing)\n|raw|Bef6's rating: 1785 &rarr; <strong>1793<\/strong><br \/>(+8 for winning)\n|l|\u2606bluestraggler02\n|player|p1|\n|l|\u2606Bef6\n|player|p2|\n|j| Tobidog\n","uploadtime":1737056417,"views":34,"formatid":"gen9vgc2025regg","rating":1546,"private":0,"password":null}