{"id":"gen9vgc2025regg-2282305401","format":"[Gen 9] VGC 2025 Reg G","players":["MaxDOM","yodapoke"],"log":"|j|\u2606MaxDOM\n|j|\u203dyodapoke\n|t:|1737047159\n|gametype|doubles\n|player|p1|MaxDOM|169|1569\n|player|p2|yodapoke|lucas|1548\n|teamsize|p1|6\n|teamsize|p2|6\n|gen|9\n|tier|[Gen 9] VGC 2025 Reg G\n|rated|\n|rule|Species Clause: Limit one of each Pok\u00e9mon\n|rule|Item Clause: Limit 1 of each item\n|clearpoke\n|poke|p1|Calyrex-Ice, L50|\n|poke|p1|Indeedee-F, L50, F|\n|poke|p1|Torkoal, L50, F|\n|poke|p1|Rillaboom, L50, M|\n|poke|p1|Urshifu-*, L50, M|\n|poke|p1|Sinistcha-Masterpiece, L50|\n|poke|p2|Miraidon, L50|\n|poke|p2|Whimsicott, L50, M|\n|poke|p2|Farigiraf, L50, F|\n|poke|p2|Ogerpon-Hearthflame, L50, F|\n|poke|p2|Glastrier, L50|\n|poke|p2|Urshifu-*, L50, F|\n|teampreview|4\n|\n|t:|1737047203\n|start\n|switch|p1a: Calyrex|Calyrex-Ice, L50|100\/100\n|switch|p1b: Indeedee|Indeedee-F, L50, F|100\/100\n|switch|p2a: Farigiraf|Farigiraf, L50, F|100\/100\n|switch|p2b: Miraidon|Miraidon, L50|100\/100\n|-ability|p1a: Calyrex|As One\n|-ability|p1a: Calyrex|Unnerve\n|-fieldstart|move: Electric Terrain|[from] ability: Hadron Engine|[of] p2b: Miraidon\n|-enditem|p2a: Farigiraf|Electric Seed\n|-boost|p2a: Farigiraf|def|1|[from] item: Electric Seed\n|-fieldstart|move: Psychic Terrain|[from] ability: Psychic Surge|[of] p1b: Indeedee\n|turn|1\n|inactive|Battle timer is ON: inactive players will automatically lose when time's up. (requested by MaxDOM)\n|\n|t:|1737047231\n|switch|p2b: Glastrier|Glastrier, L50|100\/100\n|move|p1b: Indeedee|Follow Me|p1b: Indeedee\n|-singleturn|p1b: Indeedee|move: Follow Me\n|move|p2a: Farigiraf|Foul Play|p1b: Indeedee\n|-supereffective|p1b: Indeedee\n|-damage|p1b: Indeedee|72\/100\n|move|p1a: Calyrex|Trick Room|p1a: Calyrex\n|-fieldstart|move: Trick Room|[of] p1a: Calyrex\n|\n|upkeep\n|turn|2\n|\n|t:|1737047241\n|move|p1b: Indeedee|Follow Me|p1b: Indeedee\n|-singleturn|p1b: Indeedee|move: Follow Me\n|move|p1a: Calyrex|Curse|p1a: Calyrex\n|-unboost|p1a: Calyrex|spe|1\n|-boost|p1a: Calyrex|atk|1\n|-boost|p1a: Calyrex|def|1\n|move|p2b: Glastrier|Iron Defense|p2b: Glastrier\n|-boost|p2b: Glastrier|def|2\n|move|p2a: Farigiraf|Foul Play|p1b: Indeedee\n|-supereffective|p1b: Indeedee\n|-damage|p1b: Indeedee|44\/100\n|\n|upkeep\n|turn|3\n|\n|t:|1737047258\n|-terastallize|p1a: Calyrex|Dark\n|move|p1b: Indeedee|Follow Me|p1b: Indeedee\n|-singleturn|p1b: Indeedee|move: Follow Me\n|move|p1a: Calyrex|Tera Blast|p2a: Farigiraf|[anim] Tera Blast Dark\n|-supereffective|p2a: Farigiraf\n|-damage|p2a: Farigiraf|26\/100\n|move|p2b: Glastrier|Body Press|p1b: Indeedee\n|-damage|p1b: Indeedee|0 fnt\n|faint|p1b: Indeedee\n|-ability|p2b: Glastrier|Chilling Neigh|boost\n|-boost|p2b: Glastrier|atk|1\n|move|p2a: Farigiraf|Foul Play|p1a: Calyrex\n|-resisted|p1a: Calyrex\n|-damage|p1a: Calyrex|91\/100\n|\n|upkeep\n|\n|t:|1737047267\n|switch|p1b: Torkoal|Torkoal, L50, F|100\/100\n|-weather|SunnyDay|[from] ability: Drought|[of] p1b: Torkoal\n|turn|4\n|j| kiabu233\n|\n|t:|1737047278\n|-terastallize|p2b: Glastrier|Water\n|move|p2a: Farigiraf|Helping Hand|p2b: Glastrier\n|-singleturn|p2b: Glastrier|Helping Hand|[of] p2a: Farigiraf\n|move|p1b: Torkoal|Eruption|p2b: Glastrier|[spread] p2a,p2b\n|-resisted|p2b: Glastrier\n|-damage|p2a: Farigiraf|0 fnt\n|-damage|p2b: Glastrier|60\/100\n|faint|p2a: Farigiraf\n|move|p1a: Calyrex|Curse|p1a: Calyrex\n|-unboost|p1a: Calyrex|spe|1\n|-boost|p1a: Calyrex|atk|1\n|-boost|p1a: Calyrex|def|1\n|move|p2b: Glastrier|Body Press|p1b: Torkoal\n|-damage|p1b: Torkoal|37\/100\n|\n|-weather|SunnyDay|[upkeep]\n|-heal|p2b: Glastrier|66\/100|[from] item: Leftovers\n|upkeep\n|\n|t:|1737047297\n|switch|p2a: Miraidon|Miraidon, L50|100\/100\n|-fieldstart|move: Electric Terrain|[from] ability: Hadron Engine|[of] p2a: Miraidon\n|turn|5\n|\n|t:|1737047312\n|move|p1b: Torkoal|Eruption|p2b: Glastrier|[spread] p2a,p2b\n|-resisted|p2a: Miraidon\n|-resisted|p2b: Glastrier\n|-damage|p2a: Miraidon|82\/100\n|-damage|p2b: Glastrier|51\/100\n|move|p1a: Calyrex|Glacial Lance|p2b: Glastrier|[spread] p2a,p2b\n|-supereffective|p2a: Miraidon\n|-resisted|p2b: Glastrier\n|-damage|p2a: Miraidon|0 fnt\n|-damage|p2b: Glastrier|39\/100\n|faint|p2a: Miraidon\n|-ability|p1a: Calyrex|Chilling Neigh|boost\n|-boost|p1a: Calyrex|atk|1\n|move|p2b: Glastrier|Body Press|p1a: Calyrex\n|-supereffective|p1a: Calyrex\n|-damage|p1a: Calyrex|55\/100\n|\n|-weather|SunnyDay|[upkeep]\n|-heal|p2b: Glastrier|44\/100|[from] item: Leftovers\n|-fieldend|move: Trick Room\n|upkeep\n|\n|t:|1737047318\n|switch|p2a: Urshifu|Urshifu, L50, F|100\/100\n|turn|6\n|\n|t:|1737047334\n|move|p2a: Urshifu|Wicked Blow|p1b: Torkoal\n|-crit|p1b: Torkoal\n|-damage|p1b: Torkoal|0 fnt\n|faint|p1b: Torkoal\n|move|p2b: Glastrier|Iron Defense|p2b: Glastrier\n|-boost|p2b: Glastrier|def|2\n|move|p1a: Calyrex|Trick Room|p1a: Calyrex\n|-fieldstart|move: Trick Room|[of] p1a: Calyrex\n|\n|-weather|SunnyDay|[upkeep]\n|-heal|p2b: Glastrier|50\/100|[from] item: Leftovers\n|upkeep\n|\n|t:|1737047337\n|switch|p1b: Urshifu|Urshifu, L50, M|100\/100\n|turn|7\n|\n|t:|1737047350\n|move|p1a: Calyrex|Glacial Lance|p2a: Urshifu|[spread] p2a,p2b\n|-resisted|p2b: Glastrier\n|-damage|p2a: Urshifu|0 fnt\n|-damage|p2b: Glastrier|40\/100\n|faint|p2a: Urshifu\n|-ability|p1a: Calyrex|Chilling Neigh|boost\n|-boost|p1a: Calyrex|atk|1\n|move|p1b: Urshifu|Wicked Blow|p2b: Glastrier\n|-crit|p2b: Glastrier\n|-damage|p2b: Glastrier|8\/100\n|move|p2b: Glastrier|Body Press|p1b: Urshifu\n|-supereffective|p1b: Urshifu\n|-damage|p1b: Urshifu|0 fnt\n|faint|p1b: Urshifu\n|-ability|p2b: Glastrier|Chilling Neigh|boost\n|-boost|p2b: Glastrier|atk|1\n|\n|-weather|SunnyDay|[upkeep]\n|-heal|p2b: Glastrier|14\/100|[from] item: Leftovers\n|upkeep\n|turn|8\n|\n|t:|1737047365\n|move|p2b: Glastrier|Protect|p2b: Glastrier\n|-singleturn|p2b: Glastrier|Protect\n|move|p1a: Calyrex|Tera Blast|p2b: Glastrier|[anim] Tera Blast Dark\n|-activate|p2b: Glastrier|move: Protect\n|\n|-weather|none\n|-heal|p2b: Glastrier|20\/100|[from] item: Leftovers\n|upkeep\n|turn|9\n|\n|t:|1737047371\n|move|p1a: Calyrex|Tera Blast|p2b: Glastrier|[anim] Tera Blast Dark\n|-damage|p2b: Glastrier|0 fnt\n|faint|p2b: Glastrier\n|\n|win|MaxDOM\n|raw|MaxDOM's rating: 1569 &rarr; <strong>1588<\/strong><br \/>(+19 for winning)\n|raw|yodapoke's rating: 1548 &rarr; <strong>1529<\/strong><br \/>(-19 for losing)\n|l|\u203dyodapoke\n|player|p2|\n|l|\u2606MaxDOM\n|player|p1|\n|l| kiabu233\n","uploadtime":1737047640,"views":14,"formatid":"gen9vgc2025regg","rating":1529,"private":0,"password":null}