{"id":"gen9vgc2025regg-2282361999","format":"[Gen 9] VGC 2025 Reg G","players":["actuary97","Evil Yarrack"],"log":"|j|\u2606actuary97\n|j|\u2606Evil Yarrack\n|t:|1737052713\n|gametype|doubles\n|player|p1|actuary97|sabrina-frlg|1640\n|player|p2|Evil Yarrack|youngster-gen4dp|1571\n|teamsize|p1|6\n|teamsize|p2|6\n|gen|9\n|tier|[Gen 9] VGC 2025 Reg G\n|rated|\n|rule|Species Clause: Limit one of each Pok\u00e9mon\n|rule|Item Clause: Limit 1 of each item\n|clearpoke\n|poke|p1|Amoonguss, L50, F|\n|poke|p1|Comfey, L50, M|\n|poke|p1|Whimsicott, L50, M|\n|poke|p1|Rillaboom, L50, F|\n|poke|p1|Kyogre, L50|\n|poke|p1|Archaludon, L50, M|\n|poke|p2|Calyrex-Ice, L50|\n|poke|p2|Grimmsnarl, L50, M|\n|poke|p2|Farigiraf, L50, F|\n|poke|p2|Tornadus, L50, M|\n|poke|p2|Urshifu-*, L50, F|\n|poke|p2|Blaziken, L50, M|\n|teampreview|4\n|inactive|Battle timer is ON: inactive players will automatically lose when time's up. (requested by Evil Yarrack)\nactuary97 has agreed to open team sheets.\n|c|\u2606actuary97|cool team\n|inactive|actuary97 has 60 seconds left.\n|inactive|actuary97 has 30 seconds left.\n|\n|t:|1737052775\n|start\n|switch|p1a: Rillaboom|Rillaboom, L50, F, shiny|100\/100\n|switch|p1b: Archaludon|Archaludon, L50, M, shiny|100\/100\n|switch|p2a: Will Smith|Tornadus, L50, M|100\/100\n|switch|p2b: Mike Tyson|Urshifu-Rapid-Strike, L50, F|100\/100\n|-fieldstart|move: Grassy Terrain|[from] ability: Grassy Surge|[of] p1a: Rillaboom\n|turn|1\n|\n|t:|1737052794\n|switch|p1b: Comfey|Comfey, L50, M, shiny|100\/100\n|move|p2a: Will Smith|Tailwind|p2a: Will Smith\n|-sidestart|p2: Evil Yarrack|move: Tailwind\n|move|p2b: Mike Tyson|Close Combat|p1b: Comfey\n|-resisted|p1b: Comfey\n|-damage|p1b: Comfey|64\/100\n|-unboost|p2b: Mike Tyson|def|1\n|-unboost|p2b: Mike Tyson|spd|1\n|move|p1a: Rillaboom|Bullet Seed|p2b: Mike Tyson\n|-supereffective|p2b: Mike Tyson\n|-damage|p2b: Mike Tyson|39\/100\n|-supereffective|p2b: Mike Tyson\n|-damage|p2b: Mike Tyson|0 fnt\n|faint|p2b: Mike Tyson\n|-hitcount|p2: Mike Tyson|2\n|\n|-heal|p1b: Comfey|69\/100|[from] Grassy Terrain\n|upkeep\n|\n|t:|1737052797\n|switch|p2b: Calyrex-Nice|Calyrex-Ice, L50|100\/100\n|-ability|p2b: Calyrex-Nice|As One\n|-ability|p2b: Calyrex-Nice|Unnerve\n|turn|2\n|\n|t:|1737052813\n|switch|p1a: Kyogre|Kyogre, L50, shiny|100\/100\n|-weather|RainDance|[from] ability: Drizzle|[of] p1a: Kyogre\n|-terastallize|p2b: Calyrex-Nice|Ice\n|-terastallize|p1b: Comfey|Fire\n|move|p2a: Will Smith|Bleakwind Storm|p1a: Kyogre|[spread] p1a,p1b\n|-damage|p1a: Kyogre|79\/100\n|-damage|p1b: Comfey|38\/100\n|move|p2b: Calyrex-Nice|Glacial Lance|p1b: Comfey|[spread] p1a,p1b\n|-resisted|p1a: Kyogre\n|-crit|p1a: Kyogre\n|-resisted|p1b: Comfey\n|-damage|p1a: Kyogre|5\/100\n|-damage|p1b: Comfey|0 fnt\n|faint|p1b: Comfey\n|-ability|p2b: Calyrex-Nice|Chilling Neigh|boost\n|-boost|p2b: Calyrex-Nice|atk|1\n|\n|-weather|RainDance|[upkeep]\n|-heal|p1a: Kyogre|11\/100|[from] Grassy Terrain\n|upkeep\n|\n|t:|1737052826\n|switch|p1b: Rillaboom|Rillaboom, L50, F, shiny|100\/100\n|turn|3\n|\n|t:|1737052842\n|switch|p1a: Archaludon|Archaludon, L50, M, shiny|100\/100\n|move|p1b: Rillaboom|Fake Out|p2b: Calyrex-Nice\n|-damage|p2b: Calyrex-Nice|89\/100\n|move|p2a: Will Smith|Bleakwind Storm|p1a: Archaludon|[spread] p1a,p1b\n|-resisted|p1a: Archaludon\n|-supereffective|p1b: Rillaboom\n|-damage|p1a: Archaludon|90\/100\n|-damage|p1b: Rillaboom|30\/100\n|-unboost|p1a: Archaludon|spe|1\n|-ability|p1a: Archaludon|Stamina|boost\n|-boost|p1a: Archaludon|def|1\n|cant|p2b: Calyrex-Nice|flinch\n|\n|-weather|RainDance|[upkeep]\n|-heal|p2b: Calyrex-Nice|95\/100|[from] Grassy Terrain\n|-heal|p1b: Rillaboom|36\/100|[from] Grassy Terrain\n|-heal|p1a: Archaludon|96\/100|[from] Grassy Terrain\n|upkeep\n|turn|4\n|\n|t:|1737052865\n|switch|p2a: Grimm Reaper|Grimmsnarl, L50, M|100\/100\n|switch|p1b: Kyogre|Kyogre, L50, shiny|11\/100\n|move|p2b: Calyrex-Nice|Glacial Lance|p1b: Kyogre|[spread] p1a,p1b\n|-resisted|p1b: Kyogre\n|-damage|p1a: Archaludon|21\/100\n|-damage|p1b: Kyogre|0 fnt\n|-ability|p1a: Archaludon|Stamina|boost\n|-boost|p1a: Archaludon|def|1\n|faint|p1b: Kyogre\n|-ability|p2b: Calyrex-Nice|Chilling Neigh|boost\n|-boost|p2b: Calyrex-Nice|atk|1\n|move|p1a: Archaludon|Body Press|p2b: Calyrex-Nice\n|-supereffective|p2b: Calyrex-Nice\n|-damage|p2b: Calyrex-Nice|31\/100\n|\n|-weather|RainDance|[upkeep]\n|-heal|p2b: Calyrex-Nice|36\/100|[from] Grassy Terrain\n|-heal|p1a: Archaludon|28\/100|[from] Grassy Terrain\n|-sideend|p2: Evil Yarrack|move: Tailwind\n|upkeep\n|\n|t:|1737052873\n|switch|p1b: Rillaboom|Rillaboom, L50, F, shiny|36\/100\n|turn|5\n|\n|t:|1737052890\n|move|p1b: Rillaboom|Fake Out|p2a: Grimm Reaper\n|-damage|p2a: Grimm Reaper|83\/100\n|cant|p2a: Grimm Reaper|flinch\n|move|p2b: Calyrex-Nice|Glacial Lance|p1b: Rillaboom|[spread] p1a,p1b\n|-supereffective|p1b: Rillaboom\n|-damage|p1a: Archaludon|0 fnt\n|-damage|p1b: Rillaboom|0 fnt\n|faint|p1a: Archaludon\n|faint|p1b: Rillaboom\n|\n|win|Evil Yarrack\n|raw|actuary97's rating: 1640 &rarr; <strong>1617<\/strong><br \/>(-23 for losing)\n|raw|Evil Yarrack's rating: 1586 &rarr; <strong>1609<\/strong><br \/>(+23 for winning)\n|c|\u2606Evil Yarrack|Gg\n|l|\u2606actuary97\n|player|p1|\n|l|\u2606Evil Yarrack\n|player|p2|\n","uploadtime":1737052901,"views":11,"formatid":"gen9vgc2025regg","rating":1609,"private":0,"password":null}