{"id":"gen9vgc2025regg-2282117511","format":"[Gen 9] VGC 2025 Reg G","players":["Crysantimo","bluestraggler01"],"log":"|j|\u2606Crysantimo\n|j|\u2606bluestraggler01\n|t:|1737023160\n|gametype|doubles\n|player|p1|Crysantimo|madame-gen4dp|1519\n|player|p2|bluestraggler01|266|1661\n|teamsize|p1|6\n|teamsize|p2|6\n|gen|9\n|tier|[Gen 9] VGC 2025 Reg G\n|rated|\n|rule|Species Clause: Limit one of each Pok\u00e9mon\n|rule|Item Clause: Limit 1 of each item\n|clearpoke\n|poke|p1|Calyrex-Shadow, L50|\n|poke|p1|Chi-Yu, L50|\n|poke|p1|Weezing-Galar, L50, F|\n|poke|p1|Dragonite, L50, M|\n|poke|p1|Clefairy, L50, F|\n|poke|p1|Pawmot, L50, M|\n|poke|p2|Groudon, L50|\n|poke|p2|Gouging Fire, L50|\n|poke|p2|Brute Bonnet, L50|\n|poke|p2|Walking Wake, L50|\n|poke|p2|Farigiraf, L50, M|\n|poke|p2|Torkoal, L50, M|\n|teampreview|4\n|inactive|Battle timer is ON: inactive players will automatically lose when time's up. (requested by Crysantimo)\n|j| jasper2452\n|l| jasper2452\n|\n|t:|1737023197\n|start\n|switch|p1a: Calyrex|Calyrex-Shadow, L50|100\/100\n|switch|p1b: Clefairy|Clefairy, L50, F|100\/100\n|switch|p2a: Groudon|Groudon, L50|100\/100\n|switch|p2b: Farigiraf|Farigiraf, L50, M|100\/100\n|-ability|p1a: Calyrex|As One\n|-ability|p1a: Calyrex|Unnerve\n|-weather|SunnyDay|[from] ability: Drought|[of] p2a: Groudon\n|turn|1\n|\n|t:|1737023213\n|move|p1b: Clefairy|Helping Hand|p1a: Calyrex\n|-singleturn|p1a: Calyrex|Helping Hand|[of] p1b: Clefairy\n|move|p1a: Calyrex|Astral Barrage|p2b: Farigiraf|[spread] p2a\n|-immune|p2b: Farigiraf\n|-damage|p2a: Groudon|0 fnt\n|faint|p2a: Groudon\n|-ability|p1a: Calyrex|Grim Neigh|boost\n|-boost|p1a: Calyrex|spa|1\n|move|p2b: Farigiraf|Trick Room|p2b: Farigiraf\n|-fieldstart|move: Trick Room|[of] p2b: Farigiraf\n|\n|-weather|SunnyDay|[upkeep]\n|upkeep\n|\n|t:|1737023221\n|switch|p2a: Torkoal|Torkoal, L50, M|100\/100\n|turn|2\n|j| DaN00biest\n|\n|t:|1737023240\n|-terastallize|p2a: Torkoal|Fire\n|move|p1b: Clefairy|Follow Me|p1b: Clefairy\n|-singleturn|p1b: Clefairy|move: Follow Me\n|move|p2a: Torkoal|Eruption|p1b: Clefairy|[spread] p1a,p1b\n|-damage|p1a: Calyrex|20\/100\n|-damage|p1b: Clefairy|10\/100\n|move|p2b: Farigiraf|Hyper Voice|p1b: Clefairy|[spread] p1b\n|-immune|p1a: Calyrex\n|-damage|p1b: Clefairy|0 fnt\n|faint|p1b: Clefairy\n|move|p1a: Calyrex|Astral Barrage|p2b: Farigiraf|[spread] p2a\n|-immune|p2b: Farigiraf\n|-damage|p2a: Torkoal|0 fnt\n|faint|p2a: Torkoal\n|-ability|p1a: Calyrex|Grim Neigh|boost\n|-boost|p1a: Calyrex|spa|1\n|\n|-weather|SunnyDay|[upkeep]\n|upkeep\n|\n|t:|1737023259\n|switch|p2a: Brute Bonnet|Brute Bonnet, L50|100\/100\n|switch|p1b: Pawmot|Pawmot, L50, M|100\/100\n|-activate|p2a: Brute Bonnet|ability: Protosynthesis\n|-start|p2a: Brute Bonnet|protosynthesisdef\n|turn|3\n|\n|t:|1737023266\n|switch|p1a: Weezing|Weezing-Galar, L50, F|100\/100\n|-ability|p1a: Weezing|Neutralizing Gas\n|move|p1b: Pawmot|Fake Out|p2a: Brute Bonnet\n|-damage|p2a: Brute Bonnet|93\/100\n|move|p2a: Brute Bonnet|Seed Bomb|p1a: Weezing\n|-resisted|p1a: Weezing\n|-damage|p1a: Weezing|87\/100\n|move|p2b: Farigiraf|Hyper Voice|p1a: Weezing|[spread] p1a,p1b\n|-crit|p1a: Weezing\n|-damage|p1a: Weezing|50\/100\n|-damage|p1b: Pawmot|54\/100\n|-enditem|p1a: Weezing|Sitrus Berry|[eat]\n|-heal|p1a: Weezing|75\/100|[from] item: Sitrus Berry\n|\n|-weather|SunnyDay|[upkeep]\n|upkeep\n|turn|4\n|\n|t:|1737023286\n|-terastallize|p1a: Weezing|Grass\n|move|p2a: Brute Bonnet|Spore|p1a: Weezing\n|-immune|p1a: Weezing\n|move|p2b: Farigiraf|Hyper Voice|p1b: Pawmot|[spread] p1a,p1b\n|-damage|p1a: Weezing|47\/100\n|-damage|p1b: Pawmot|7\/100\n|move|p1a: Weezing|Play Rough|p2a: Brute Bonnet\n|-supereffective|p2a: Brute Bonnet\n|-damage|p2a: Brute Bonnet|56\/100\n|move|p1b: Pawmot|Revival Blessing|p1b: Pawmot\n|\n|t:|1737023288\n|-heal|p1: Clefairy|50\/100|[from] move: Revival Blessing\n|\n|-weather|SunnyDay|[upkeep]\n|upkeep\n|turn|5\n|\n|t:|1737023296\n|move|p2a: Brute Bonnet|Sucker Punch||[still]\n|-fail|p2a: Brute Bonnet\n|move|p2b: Farigiraf|Hyper Voice|p1b: Pawmot|[spread] p1a,p1b\n|-damage|p1a: Weezing|22\/100\n|-damage|p1b: Pawmot|0 fnt\n|faint|p1b: Pawmot\n|move|p1a: Weezing|Taunt|p2b: Farigiraf\n|-start|p2b: Farigiraf|move: Taunt\n|-enditem|p2b: Farigiraf|Mental Herb\n|-end|p2b: Farigiraf|move: Taunt\n|\n|-weather|none\n|-fieldend|move: Trick Room\n|upkeep\n|\n|t:|1737023303\n|switch|p1b: Clefairy|Clefairy, L50, F|50\/100\n|turn|6\n|\n|t:|1737023313\n|move|p1b: Clefairy|Helping Hand|p1a: Weezing\n|-singleturn|p1a: Weezing|Helping Hand|[of] p1b: Clefairy\n|move|p1a: Weezing|Play Rough|p2a: Brute Bonnet\n|-supereffective|p2a: Brute Bonnet\n|-damage|p2a: Brute Bonnet|0 fnt\n|faint|p2a: Brute Bonnet\n|-end|p2a: Brute Bonnet|Protosynthesis|[silent]\n|move|p2b: Farigiraf|Hyper Voice|p1b: Clefairy|[spread] p1a,p1b\n|-damage|p1a: Weezing|0 fnt\n|-damage|p1b: Clefairy|30\/100\n|faint|p1a: Weezing\n|-end|p1a: Weezing|ability: Neutralizing Gas\n|\n|upkeep\n|\n|t:|1737023315\n|switch|p1a: Calyrex|Calyrex-Shadow, L50|20\/100\n|-ability|p1a: Calyrex|As One\n|-ability|p1a: Calyrex|Unnerve\n|turn|7\n|-message|bluestraggler01 forfeited.\n|\n|win|Crysantimo\n|raw|Crysantimo's rating: 1519 &rarr; <strong>1547<\/strong><br \/>(+28 for winning)\n|raw|bluestraggler01's rating: 1661 &rarr; <strong>1633<\/strong><br \/>(-28 for losing)\n|l|\u2606bluestraggler01\n|player|p2|\n|l| DaN00biest\n","uploadtime":1737023523,"views":18,"formatid":"gen9vgc2025regg","rating":1547,"private":0,"password":null}