{"id":"gen9vgc2025regg-2282474116","format":"[Gen 9] VGC 2025 Reg G","players":["Duryodhan","PritzShow"],"log":"|j|\u2606Duryodhan\n|j|\u2606PritzShow\n|t:|1737064420\n|gametype|doubles\n|player|p1|Duryodhan|1|1513\n|player|p2|PritzShow|169|1582\n|teamsize|p1|6\n|teamsize|p2|6\n|gen|9\n|tier|[Gen 9] VGC 2025 Reg G\n|rated|\n|rule|Species Clause: Limit one of each Pok\u00e9mon\n|rule|Item Clause: Limit 1 of each item\n|clearpoke\n|poke|p1|Calyrex-Ice, L50|\n|poke|p1|Tinkaton, L50, F|\n|poke|p1|Gallade, L50, M|\n|poke|p1|Amoonguss, L50, M|\n|poke|p1|Hydreigon, L50, M|\n|poke|p1|Ursaluna, L50, M|\n|poke|p2|Zamazenta-*, L50|\n|poke|p2|Pelipper, L50, M|\n|poke|p2|Urshifu-*, L50, F|\n|poke|p2|Incineroar, L50, F|\n|poke|p2|Raging Bolt, L50|\n|poke|p2|Rillaboom, L50, M|\n|teampreview|4\n|inactive|Battle timer is ON: inactive players will automatically lose when time's up. (requested by PritzShow)\n|\n|t:|1737064448\n|start\n|switch|p1a: Gallade|Gallade, L50, M|100\/100\n|switch|p1b: Amoonguss|Amoonguss, L50, M|100\/100\n|switch|p2a: Zamazenta|Zamazenta-Crowned, L50|100\/100\n|switch|p2b: Pelipper|Pelipper, L50, M|100\/100\n|-ability|p2a: Zamazenta|Dauntless Shield|boost\n|-boost|p2a: Zamazenta|def|1\n|-weather|RainDance|[from] ability: Drizzle|[of] p2b: Pelipper\n|turn|1\n|inactive|PritzShow has 30 seconds left.\n|inactive|PritzShow has 20 seconds left.\n|inactive|PritzShow has 15 seconds left.\n|\n|t:|1737064492\n|move|p2a: Zamazenta|Iron Defense|p2a: Zamazenta\n|-boost|p2a: Zamazenta|def|2\n|move|p2b: Pelipper|Hurricane|p1a: Gallade\n|-supereffective|p1a: Gallade\n|-damage|p1a: Gallade|15\/100\n|move|p1a: Gallade|Psycho Cut|p2b: Pelipper\n|-damage|p2b: Pelipper|38\/100\n|move|p1b: Amoonguss|Spore|p2a: Zamazenta\n|-status|p2a: Zamazenta|slp|[from] move: Spore\n|\n|-weather|RainDance|[upkeep]\n|upkeep\n|turn|2\n|inactive|Duryodhan has 30 seconds left.\n|\n|t:|1737064523\n|switch|p1a: Calyrex|Calyrex-Ice, L50|100\/100\n|-ability|p1a: Calyrex|As One\n|-ability|p1a: Calyrex|Unnerve\n|-terastallize|p2a: Zamazenta|Water\n|cant|p2a: Zamazenta|slp\n|move|p2b: Pelipper|Hurricane|p1b: Amoonguss\n|-supereffective|p1b: Amoonguss\n|-damage|p1b: Amoonguss|24\/100\n|move|p1b: Amoonguss|Spore|p2b: Pelipper\n|-status|p2b: Pelipper|slp|[from] move: Spore\n|\n|-weather|RainDance|[upkeep]\n|upkeep\n|turn|3\n|\n|t:|1737064546\n|switch|p2b: Incineroar|Incineroar, L50, F|100\/100\n|-ability|p2b: Incineroar|Intimidate|boost\n|-unboost|p1a: Calyrex|atk|1\n|-unboost|p1b: Amoonguss|atk|1\n|switch|p1b: Gallade|Gallade, L50, M|15\/100\n|cant|p2a: Zamazenta|slp\n|move|p1a: Calyrex|Trick Room|p1a: Calyrex\n|-fieldstart|move: Trick Room|[of] p1a: Calyrex\n|\n|-weather|RainDance|[upkeep]\n|upkeep\n|turn|4\n|\n|t:|1737064567\n|switch|p1a: Amoonguss|Amoonguss, L50, M|57\/100\n|-terastallize|p1b: Gallade|Ghost\n|move|p2b: Incineroar|Fake Out|p1b: Gallade\n|-immune|p1b: Gallade\n|move|p1b: Gallade|Sacred Sword|p2b: Incineroar\n|-supereffective|p2b: Incineroar\n|-damage|p2b: Incineroar|0 fnt\n|faint|p2b: Incineroar\n|cant|p2a: Zamazenta|slp\n|\n|-weather|RainDance|[upkeep]\n|upkeep\n|\n|t:|1737064572\n|switch|p2b: Rillaboom|Rillaboom, L50, M|100\/100\n|-fieldstart|move: Grassy Terrain|[from] ability: Grassy Surge|[of] p2b: Rillaboom\n|turn|5\n|j| surgevgc\n|l| surgevgc\n|inactive|Duryodhan has 30 seconds left.\n|\n|t:|1737064598\n|switch|p1b: Calyrex|Calyrex-Ice, L50|100\/100\n|-ability|p1b: Calyrex|As One\n|-ability|p1b: Calyrex|Unnerve\n|move|p2b: Rillaboom|Grassy Glide|p1b: Calyrex\n|-damage|p1b: Calyrex|77\/100\n|move|p1a: Amoonguss|Clear Smog|p2a: Zamazenta\n|-damage|p2a: Zamazenta|91\/100 slp\n|-clearboost|p2a: Zamazenta\n|-curestatus|p2a: Zamazenta|slp|[msg]\n|move|p2a: Zamazenta|Body Press|p1a: Amoonguss\n|-resisted|p1a: Amoonguss\n|-damage|p1a: Amoonguss|41\/100\n|-damage|p2a: Zamazenta|74\/100|[from] item: Rocky Helmet|[of] p1a: Amoonguss\n|\n|-weather|none\n|-heal|p1a: Amoonguss|47\/100|[from] Grassy Terrain\n|-heal|p1b: Calyrex|83\/100|[from] Grassy Terrain\n|-heal|p2a: Zamazenta|80\/100|[from] Grassy Terrain\n|upkeep\n|turn|6\n|\n|t:|1737064619\n|switch|p2b: Pelipper|Pelipper, L50, M|38\/100 slp\n|-weather|RainDance|[from] ability: Drizzle|[of] p2b: Pelipper\n|move|p2a: Zamazenta|Protect|p2a: Zamazenta\n|-singleturn|p2a: Zamazenta|Protect\n|move|p1a: Amoonguss|Spore|p2a: Zamazenta\n|-activate|p2a: Zamazenta|move: Protect\n|move|p1b: Calyrex|Glacial Lance|p2b: Pelipper|[spread] p2b\n|-activate|p2a: Zamazenta|move: Protect\n|-damage|p2b: Pelipper|0 fnt\n|faint|p2b: Pelipper\n|-ability|p1b: Calyrex|Chilling Neigh|boost\n|-boost|p1b: Calyrex|atk|1\n|\n|-weather|RainDance|[upkeep]\n|-heal|p1a: Amoonguss|53\/100|[from] Grassy Terrain\n|-heal|p1b: Calyrex|88\/100|[from] Grassy Terrain\n|-heal|p2a: Zamazenta|86\/100|[from] Grassy Terrain\n|upkeep\n|\n|t:|1737064621\n|switch|p2b: Rillaboom|Rillaboom, L50, M|100\/100\n|turn|7\n|inactive|Duryodhan has 30 seconds left.\n|\n|t:|1737064648\n|move|p2b: Rillaboom|Fake Out|p1a: Amoonguss\n|-damage|p1a: Amoonguss|41\/100\n|-damage|p2b: Rillaboom|84\/100|[from] item: Rocky Helmet|[of] p1a: Amoonguss\n|cant|p1a: Amoonguss|flinch\n|move|p1b: Calyrex|Glacial Lance|p2a: Zamazenta|[spread] p2a,p2b\n|-resisted|p2a: Zamazenta\n|-supereffective|p2b: Rillaboom\n|-damage|p2a: Zamazenta|59\/100\n|-damage|p2b: Rillaboom|0 fnt\n|faint|p2b: Rillaboom\n|-ability|p1b: Calyrex|Chilling Neigh|boost\n|-boost|p1b: Calyrex|atk|1\n|move|p2a: Zamazenta|Iron Defense|p2a: Zamazenta\n|-boost|p2a: Zamazenta|def|2\n|\n|-weather|RainDance|[upkeep]\n|-heal|p1a: Amoonguss|47\/100|[from] Grassy Terrain\n|-heal|p1b: Calyrex|94\/100|[from] Grassy Terrain\n|-heal|p2a: Zamazenta|65\/100|[from] Grassy Terrain\n|-fieldend|move: Trick Room\n|upkeep\n|turn|8\n|-message|PritzShow forfeited.\n|\n|win|Duryodhan\n|raw|Duryodhan's rating: 1513 &rarr; <strong>1537<\/strong><br \/>(+24 for winning)\n|raw|PritzShow's rating: 1582 &rarr; <strong>1558<\/strong><br \/>(-24 for losing)\n|l|\u2606PritzShow\n|player|p2|\n|l|\u2606Duryodhan\n|player|p1|\n","uploadtime":1737064929,"views":27,"formatid":"gen9vgc2025regg","rating":1537,"private":0,"password":null}