{"id":"gen9vgc2025regg-2282150871","format":"[Gen 9] VGC 2025 Reg G","players":["Unstylish_Harry","SPADE61"],"log":"|j|\u2606Unstylish_Harry\n|j|\u2606SPADE61\n|t:|1737028903\n|gametype|doubles\n|player|p1|Unstylish_Harry|170|1549\n|player|p2|SPADE61|102|1583\n|teamsize|p1|6\n|teamsize|p2|6\n|gen|9\n|tier|[Gen 9] VGC 2025 Reg G\n|rated|\n|rule|Species Clause: Limit one of each Pok\u00e9mon\n|rule|Item Clause: Limit 1 of each item\n|clearpoke\n|poke|p1|Palkia-Origin, L50|\n|poke|p1|Incineroar, L50, M|\n|poke|p1|Pelipper, L50, F|\n|poke|p1|Sinistcha, L50|\n|poke|p1|Ursaluna, L50, F|\n|poke|p1|Tinkaton, L50, F|\n|poke|p2|Lunala, L50|\n|poke|p2|Indeedee-F, L50, F|\n|poke|p2|Urshifu-*, L50, F|\n|poke|p2|Amoonguss, L50, F|\n|poke|p2|Iron Hands, L50|\n|poke|p2|Ursaluna, L50, F|\n|teampreview|4\n|inactive|Battle timer is ON: inactive players will automatically lose when time's up. (requested by Unstylish_Harry)\n|inactive|Unstylish_Harry has 60 seconds left.\n|inactive|SPADE61 has 60 seconds left.\n|\n|t:|1737028963\n|start\n|switch|p1a: Pelipper|Pelipper, L50, F|100\/100\n|switch|p1b: Palkia|Palkia-Origin, L50|100\/100\n|switch|p2a: Lunala|Lunala, L50|100\/100\n|switch|p2b: Indeedee|Indeedee-F, L50, F|100\/100\n|-weather|RainDance|[from] ability: Drizzle|[of] p1a: Pelipper\n|-fieldstart|move: Psychic Terrain|[from] ability: Psychic Surge|[of] p2b: Indeedee\n|turn|1\n|inactive|SPADE61 has 30 seconds left.\n|inactive|Unstylish_Harry has 30 seconds left.\n|inactive|Unstylish_Harry has 20 seconds left.\n|\n|t:|1737029007\n|-terastallize|p1a: Pelipper|Steel\n|move|p1b: Palkia|Hydro Pump|p2b: Indeedee\n|-damage|p2b: Indeedee|0 fnt\n|faint|p2b: Indeedee\n|move|p2a: Lunala|Expanding Force|p1b: Palkia|[spread] p1a,p1b\n|-resisted|p1a: Pelipper\n|-damage|p1a: Pelipper|52\/100\n|-damage|p1b: Palkia|45\/100\n|move|p1a: Pelipper|Hurricane|p2a: Lunala\n|-damage|p2a: Lunala|80\/100\n|\n|-weather|RainDance|[upkeep]\n|upkeep\n|inactive|SPADE61 has 30 seconds left.\n|\n|t:|1737029036\n|switch|p2b: Urshifu|Urshifu, L50, F|100\/100\n|turn|2\n|\n|t:|1737029058\n|move|p2b: Urshifu|Close Combat|p1a: Pelipper\n|-supereffective|p1a: Pelipper\n|-damage|p1a: Pelipper|0 fnt\n|-unboost|p2b: Urshifu|def|1\n|-unboost|p2b: Urshifu|spd|1\n|faint|p1a: Pelipper\n|move|p1b: Palkia|Hydro Pump|p2a: Lunala\n|-damage|p2a: Lunala|0 fnt\n|faint|p2a: Lunala\n|\n|-weather|RainDance|[upkeep]\n|upkeep\n|\n|t:|1737029069\n|switch|p2a: Amoonguss|Amoonguss, L50, F|100\/100\n|switch|p1a: Incineroar|Incineroar, L50, M|100\/100\n|-ability|p1a: Incineroar|Intimidate|boost\n|-unboost|p2a: Amoonguss|atk|1\n|-unboost|p2b: Urshifu|atk|1\n|turn|3\n|inactive|Unstylish_Harry has 30 seconds left.\n|\n|t:|1737029100\n|switch|p1b: Ursaluna|Ursaluna, L50, F|100\/100\n|move|p2a: Amoonguss|Rage Powder|p2a: Amoonguss\n|-singleturn|p2a: Amoonguss|move: Rage Powder\n|move|p2b: Urshifu|Close Combat|p1a: Incineroar\n|-supereffective|p1a: Incineroar\n|-damage|p1a: Incineroar|31\/100\n|-unboost|p2b: Urshifu|def|1\n|-unboost|p2b: Urshifu|spd|1\n|move|p1a: Incineroar|Will-O-Wisp|p2a: Amoonguss\n|-status|p2a: Amoonguss|brn\n|\n|-weather|RainDance|[upkeep]\n|-damage|p2a: Amoonguss|94\/100 brn|[from] brn\n|-status|p1b: Ursaluna|brn|[from] item: Flame Orb\n|upkeep\n|turn|4\n|j| dfdsdfd\n|inactive|Unstylish_Harry has 30 seconds left.\n|inactive|SPADE61 has 30 seconds left.\n|j| sof.eir\n|inactive|Unstylish_Harry has 20 seconds left.\n|inactive|SPADE61 has 20 seconds left.\n|inactive|SPADE61 has 15 seconds left.\n|inactive|Unstylish_Harry has 15 seconds left.\n|inactive|SPADE61 has 10 seconds left.\n|inactive|Unstylish_Harry has 10 seconds left.\n|inactive|SPADE61 has 5 seconds left.\n|\n|t:|1737029153\n|move|p2a: Amoonguss|Rage Powder|p2a: Amoonguss\n|-singleturn|p2a: Amoonguss|move: Rage Powder\n|move|p2b: Urshifu|Close Combat|p1a: Incineroar\n|-supereffective|p1a: Incineroar\n|-damage|p1a: Incineroar|0 fnt\n|-unboost|p2b: Urshifu|def|1\n|-unboost|p2b: Urshifu|spd|1\n|faint|p1a: Incineroar\n|move|p1b: Ursaluna|Facade|p2a: Amoonguss\n|-damage|p2a: Amoonguss|0 fnt\n|faint|p2a: Amoonguss\n|\n|-weather|RainDance|[upkeep]\n|-damage|p1b: Ursaluna|94\/100 brn|[from] brn\n|upkeep\n|\n|t:|1737029158\n|switch|p1a: Palkia|Palkia-Origin, L50|45\/100\n|turn|5\n|\n|t:|1737029171\n|-terastallize|p2b: Urshifu|Stellar\n|move|p2b: Urshifu|Close Combat|p1b: Ursaluna\n|-supereffective|p1b: Ursaluna\n|-damage|p1b: Ursaluna|3\/100 brn\n|-unboost|p2b: Urshifu|def|1\n|-unboost|p2b: Urshifu|spd|1\n|move|p1a: Palkia|Spacial Rend|p2b: Urshifu\n|-damage|p2b: Urshifu|0 fnt\n|faint|p2b: Urshifu\n|\n|win|Unstylish_Harry\n|raw|Unstylish_Harry's rating: 1549 &rarr; <strong>1571<\/strong><br \/>(+22 for winning)\n|raw|SPADE61's rating: 1583 &rarr; <strong>1561<\/strong><br \/>(-22 for losing)\n|l|\u2606SPADE61\n|player|p2|\n|l| dfdsdfd\n|l| sof.eir\n","uploadtime":1737029211,"views":23,"formatid":"gen9vgc2025regg","rating":1561,"private":0,"password":null}