{"id":"gen9vgc2025regg-2282023423","format":"[Gen 9] VGC 2025 Reg G","players":["syarisyari","sibylla_system"],"log":"|j|\u2606syarisyari\n|j|\u2606sibylla_system\n|t:|1737004741\n|gametype|doubles\n|player|p1|syarisyari|265|1529\n|player|p2|sibylla_system|1|1595\n|teamsize|p1|6\n|teamsize|p2|6\n|gen|9\n|tier|[Gen 9] VGC 2025 Reg G\n|rated|\n|rule|Species Clause: Limit one of each Pok\u00e9mon\n|rule|Item Clause: Limit 1 of each item\n|clearpoke\n|poke|p1|Iron Moth, L50|\n|poke|p1|Miraidon, L50|\n|poke|p1|Whimsicott, L50, F|\n|poke|p1|Urshifu-*, L50, F|\n|poke|p1|Farigiraf, L50, F|\n|poke|p1|Araquanid, L50, F|\n|poke|p2|Chien-Pao, L50|\n|poke|p2|Zamazenta-*, L50|\n|poke|p2|Rillaboom, L50, M|\n|poke|p2|Flutter Mane, L50|\n|poke|p2|Chi-Yu, L50|\n|poke|p2|Urshifu-*, L50, F|\n|teampreview|4\n|j| ExcessivelyAve\n|\n|t:|1737004807\n|start\n|switch|p1a: Iron Moth|Iron Moth, L50|100\/100\n|switch|p1b: Urshifu|Urshifu-Rapid-Strike, L50, F|100\/100\n|switch|p2a: Rillaboom|Rillaboom, L50, M|100\/100\n|switch|p2b: Urshifu|Urshifu-Rapid-Strike, L50, F|100\/100\n|-fieldstart|move: Grassy Terrain|[from] ability: Grassy Surge|[of] p2a: Rillaboom\n|turn|1\n|\n|t:|1737004823\n|switch|p1b: Miraidon|Miraidon, L50|100\/100\n|-fieldstart|move: Electric Terrain|[from] ability: Hadron Engine|[of] p1b: Miraidon\n|-activate|p1a: Iron Moth|ability: Quark Drive\n|-start|p1a: Iron Moth|quarkdrivespa\n|-terastallize|p1a: Iron Moth|Grass\n|move|p2a: Rillaboom|Fake Out|p1b: Miraidon\n|-damage|p1b: Miraidon|86\/100\n|move|p1a: Iron Moth|Heat Wave|p2a: Rillaboom|[spread] p2a,p2b\n|-supereffective|p2a: Rillaboom\n|-crit|p2a: Rillaboom\n|-resisted|p2b: Urshifu\n|-damage|p2a: Rillaboom|0 fnt\n|-damage|p2b: Urshifu|66\/100\n|faint|p2a: Rillaboom\n|move|p2b: Urshifu|Surging Strikes|p1a: Iron Moth\n|-resisted|p1a: Iron Moth\n|-crit|p1a: Iron Moth\n|-damage|p1a: Iron Moth|83\/100\n|-resisted|p1a: Iron Moth\n|-crit|p1a: Iron Moth\n|-damage|p1a: Iron Moth|67\/100\n|-resisted|p1a: Iron Moth\n|-crit|p1a: Iron Moth\n|-damage|p1a: Iron Moth|50\/100\n|-hitcount|p1a: Iron Moth|3\n|\n|upkeep\n|\n|t:|1737004856\n|switch|p2a: Chien-Pao|Chien-Pao, L50|100\/100\n|-ability|p2a: Chien-Pao|Sword of Ruin\n|turn|2\n|\n|t:|1737004894\n|-end|p1a: Iron Moth|Quark Drive|[silent]\n|switch|p1a: Urshifu|Urshifu-Rapid-Strike, L50, F|100\/100\n|move|p2a: Chien-Pao|Protect|p2a: Chien-Pao\n|-singleturn|p2a: Chien-Pao|Protect\n|move|p1b: Miraidon|Dazzling Gleam|p2a: Chien-Pao|[spread] p2b\n|-activate|p2a: Chien-Pao|move: Protect\n|-supereffective|p2b: Urshifu\n|-damage|p2b: Urshifu|0 fnt\n|faint|p2b: Urshifu\n|\n|upkeep\n|\n|t:|1737004903\n|switch|p2b: Zamazenta|Zamazenta-Crowned, L50|100\/100\n|-ability|p2b: Zamazenta|Dauntless Shield|boost\n|-boost|p2b: Zamazenta|def|1\n|turn|3\n|\n|t:|1737004914\n|switch|p1b: Iron Moth|Iron Moth, L50, tera:Grass|50\/100\n|-activate|p1b: Iron Moth|ability: Quark Drive\n|-start|p1b: Iron Moth|quarkdrivespa\n|move|p2a: Chien-Pao|Icicle Crash|p1b: Iron Moth\n|-supereffective|p1b: Iron Moth\n|-damage|p1b: Iron Moth|0 fnt\n|faint|p1b: Iron Moth\n|-end|p1b: Iron Moth|Quark Drive|[silent]\n|move|p2b: Zamazenta|Body Press|p1a: Urshifu\n|-damage|p1a: Urshifu|10\/100\n|move|p1a: Urshifu|Surging Strikes|p2a: Chien-Pao\n|-crit|p2a: Chien-Pao\n|-damage|p2a: Chien-Pao|68\/100\n|-crit|p2a: Chien-Pao\n|-damage|p2a: Chien-Pao|38\/100\n|-crit|p2a: Chien-Pao\n|-damage|p2a: Chien-Pao|7\/100\n|-hitcount|p2a: Chien-Pao|3\n|\n|upkeep\n|\n|t:|1737004930\n|switch|p1b: Miraidon|Miraidon, L50|86\/100\n|-activate|p1b: Miraidon|ability: Hadron Engine\n|turn|4\n|\n|t:|1737004951\n|move|p2a: Chien-Pao|Protect|p2a: Chien-Pao\n|-singleturn|p2a: Chien-Pao|Protect\n|move|p1a: Urshifu|Aqua Jet|p2a: Chien-Pao\n|-crit|p2a: Chien-Pao\n|-damage|p2a: Chien-Pao|0 fnt\n|faint|p2a: Chien-Pao\n|move|p1b: Miraidon|Electro Drift|p2b: Zamazenta\n|-damage|p2b: Zamazenta|6\/100\n|move|p2b: Zamazenta|Body Press|p1b: Miraidon\n|-damage|p1b: Miraidon|19\/100\n|\n|upkeep\n|turn|5\n|-message|sibylla_system forfeited.\n|\n|win|syarisyari\n|raw|syarisyari's rating: 1529 &rarr; <strong>1553<\/strong><br \/>(+24 for winning)\n|raw|sibylla_system's rating: 1595 &rarr; <strong>1571<\/strong><br \/>(-24 for losing)\n|l| ExcessivelyAve\n|l|\u2606syarisyari\n|player|p1|\n","uploadtime":1737005143,"views":15,"formatid":"gen9vgc2025regg","rating":1553,"private":0,"password":null}