{"id":"gen9vgc2025regg-2282187569","format":"[Gen 9] VGC 2025 Reg G","players":["koji muranishi","actuary97"],"log":"|j|\u2606koji muranishi\n|j|\u2606actuary97\n|t:|1737034272\n|gametype|doubles\n|player|p1|koji muranishi|266|1654\n|player|p2|actuary97|sabrina-frlg|1623\n|teamsize|p1|6\n|teamsize|p2|6\n|gen|9\n|tier|[Gen 9] VGC 2025 Reg G\n|rated|\n|rule|Species Clause: Limit one of each Pok\u00e9mon\n|rule|Item Clause: Limit 1 of each item\n|clearpoke\n|poke|p1|Whimsicott, L50, F|\n|poke|p1|Calyrex-Ice, L50|\n|poke|p1|Urshifu-*, L50, M|\n|poke|p1|Ogerpon-Cornerstone, L50, F|\n|poke|p1|Raging Bolt, L50|\n|poke|p1|Archaludon, L50, M|\n|poke|p2|Amoonguss, L50, M|\n|poke|p2|Comfey, L50, M|\n|poke|p2|Whimsicott, L50, M|\n|poke|p2|Rillaboom, L50, F|\n|poke|p2|Kyogre, L50|\n|poke|p2|Archaludon, L50, M|\n|teampreview|4\nactuary97 has agreed to open team sheets.\n|inactive|Battle timer is ON: inactive players will automatically lose when time's up. (requested by koji muranishi)\n|inactive|actuary97 has 60 seconds left.\n|inactive|actuary97 has 30 seconds left.\n|inactive|actuary97 has 20 seconds left.\n|inactive|actuary97 has 15 seconds left.\n|inactive|actuary97 has 10 seconds left.\n|\n|t:|1737034372\n|start\n|switch|p1a: Whimsicott|Whimsicott, L50, F|100\/100\n|switch|p1b: Archaludon|Archaludon, L50, M|100\/100\n|switch|p2a: Rillaboom|Rillaboom, L50, F, shiny|100\/100\n|switch|p2b: Archaludon|Archaludon, L50, M, shiny|100\/100\n|-fieldstart|move: Grassy Terrain|[from] ability: Grassy Surge|[of] p2a: Rillaboom\n|turn|1\n|\n|t:|1737034391\n|switch|p2b: Amoonguss|Amoonguss, L50, M, shiny|100\/100\n|move|p1a: Whimsicott|Moonblast|p2b: Amoonguss\n|-resisted|p2b: Amoonguss\n|-damage|p2b: Amoonguss|84\/100\n|move|p1b: Archaludon|Draco Meteor|p2b: Amoonguss\n|-damage|p2b: Amoonguss|24\/100\n|-unboost|p1b: Archaludon|spa|2\n|move|p2a: Rillaboom|U-turn|p1a: Whimsicott\n|-damage|p1a: Whimsicott|62\/100\n|\n|t:|1737034402\n|switch|p2a: Archaludon|Archaludon, L50, M, shiny|100\/100|[from] U-turn\n|\n|-heal|p1a: Whimsicott|67\/100|[from] Grassy Terrain\n|-heal|p2b: Amoonguss|30\/100|[from] Grassy Terrain\n|upkeep\n|turn|2\n|\n|t:|1737034415\n|switch|p2b: Rillaboom|Rillaboom, L50, F, shiny|100\/100\n|move|p1a: Whimsicott|Protect|p1a: Whimsicott\n|-singleturn|p1a: Whimsicott|Protect\n|move|p1b: Archaludon|Draco Meteor|p2b: Rillaboom\n|-damage|p2b: Rillaboom|61\/100\n|-unboost|p1b: Archaludon|spa|2\n|move|p2a: Archaludon|Flash Cannon|p1a: Whimsicott\n|-activate|p1a: Whimsicott|move: Protect\n|\n|-heal|p1a: Whimsicott|73\/100|[from] Grassy Terrain\n|-heal|p2b: Rillaboom|66\/100|[from] Grassy Terrain\n|upkeep\n|turn|3\n|\n|t:|1737034436\n|switch|p1b: Calyrex|Calyrex-Ice, L50|100\/100\n|-ability|p1b: Calyrex|As One\n|-ability|p1b: Calyrex|Unnerve\n|move|p1a: Whimsicott|Tailwind|p1a: Whimsicott\n|-sidestart|p1: koji muranishi|move: Tailwind\n|move|p2b: Rillaboom|Bullet Seed|p2a: Archaludon\n|-resisted|p2a: Archaludon\n|-damage|p2a: Archaludon|97\/100\n|-ability|p2a: Archaludon|Stamina|boost\n|-boost|p2a: Archaludon|def|1\n|-resisted|p2a: Archaludon\n|-damage|p2a: Archaludon|95\/100\n|-ability|p2a: Archaludon|Stamina|boost\n|-boost|p2a: Archaludon|def|1\n|-resisted|p2a: Archaludon\n|-damage|p2a: Archaludon|94\/100\n|-ability|p2a: Archaludon|Stamina|boost\n|-boost|p2a: Archaludon|def|1\n|-resisted|p2a: Archaludon\n|-damage|p2a: Archaludon|92\/100\n|-ability|p2a: Archaludon|Stamina|boost\n|-boost|p2a: Archaludon|def|1\n|-resisted|p2a: Archaludon\n|-damage|p2a: Archaludon|91\/100\n|-ability|p2a: Archaludon|Stamina|boost\n|-boost|p2a: Archaludon|def|1\n|-hitcount|p2a: Archaludon|5\n|move|p2a: Archaludon|Body Press|p1b: Calyrex\n|-damage|p1b: Calyrex|42\/100\n|\n|-heal|p1a: Whimsicott|79\/100|[from] Grassy Terrain\n|-heal|p1b: Calyrex|48\/100|[from] Grassy Terrain\n|-heal|p2b: Rillaboom|72\/100|[from] Grassy Terrain\n|-heal|p2a: Archaludon|97\/100|[from] Grassy Terrain\n|upkeep\n|turn|4\n|inactive|koji muranishi has 30 seconds left.\n|inactive|koji muranishi has 20 seconds left.\n|\n|t:|1737034475\n|switch|p2b: Kyogre|Kyogre, L50, shiny|100\/100\n|-weather|RainDance|[from] ability: Drizzle|[of] p2b: Kyogre\n|-terastallize|p1b: Calyrex|Ice\n|move|p1a: Whimsicott|Moonblast|p2a: Archaludon\n|-damage|p2a: Archaludon|71\/100\n|-ability|p2a: Archaludon|Stamina|boost\n|-boost|p2a: Archaludon|def|1\n|move|p1b: Calyrex|Glacial Lance|p2a: Archaludon|[spread] p2a,p2b\n|-resisted|p2b: Kyogre\n|-damage|p2a: Archaludon|53\/100\n|-damage|p2b: Kyogre|50\/100\n|move|p2a: Archaludon|Electro Shot||[still]\n|-prepare|p2a: Archaludon|Electro Shot\n|-boost|p2a: Archaludon|spa|1\n|-anim|p2a: Archaludon|Electro Shot|p1b: Calyrex\n|-damage|p1b: Calyrex|0 fnt\n|faint|p1b: Calyrex\n|\n|-weather|RainDance|[upkeep]\n|-heal|p1a: Whimsicott|85\/100|[from] Grassy Terrain\n|-heal|p2b: Kyogre|56\/100|[from] Grassy Terrain\n|-heal|p2a: Archaludon|59\/100|[from] Grassy Terrain\n|upkeep\n|j| jasonrfry1\n|\n|t:|1737034500\n|switch|p1b: Archaludon|Archaludon, L50, M|100\/100\n|turn|5\n|inactive|koji muranishi has 30 seconds left.\n|inactive|actuary97 has 30 seconds left.\n|\n|t:|1737034531\n|move|p1a: Whimsicott|Moonblast|p2a: Archaludon\n|-damage|p2a: Archaludon|32\/100\n|move|p1b: Archaludon|Draco Meteor|p2a: Archaludon\n|-damage|p2a: Archaludon|0 fnt\n|-unboost|p1b: Archaludon|spa|2\n|faint|p2a: Archaludon\n|move|p2b: Kyogre|Ice Beam|p1a: Whimsicott\n|-supereffective|p1a: Whimsicott\n|-damage|p1a: Whimsicott|0 fnt\n|faint|p1a: Whimsicott\n|\n|-weather|RainDance|[upkeep]\n|-heal|p2b: Kyogre|62\/100|[from] Grassy Terrain\n|-fieldend|move: Grassy Terrain\n|upkeep\n|\n|t:|1737034546\n|switch|p1a: Ogerpon|Ogerpon-Cornerstone, L50, F|100\/100\n|switch|p2a: Amoonguss|Amoonguss, L50, M, shiny|63\/100\n|turn|6\n|l| jasonrfry1\n|\n|t:|1737034570\n|switch|p2b: Rillaboom|Rillaboom, L50, F, shiny|72\/100\n|-fieldstart|move: Grassy Terrain|[from] ability: Grassy Surge|[of] p2b: Rillaboom\n|move|p1a: Ogerpon|Power Whip|p2b: Rillaboom\n|-resisted|p2b: Rillaboom\n|-damage|p2b: Rillaboom|23\/100\n|move|p1b: Archaludon|Electro Shot||[still]\n|-prepare|p1b: Archaludon|Electro Shot\n|-boost|p1b: Archaludon|spa|1\n|-anim|p1b: Archaludon|Electro Shot|p2b: Rillaboom\n|-resisted|p2b: Rillaboom\n|-damage|p2b: Rillaboom|6\/100\n|move|p2a: Amoonguss|Spore|p1b: Archaludon\n|-status|p1b: Archaludon|slp|[from] move: Spore\n|\n|-weather|RainDance|[upkeep]\n|-heal|p2b: Rillaboom|12\/100|[from] Grassy Terrain\n|-heal|p2a: Amoonguss|69\/100|[from] Grassy Terrain\n|-sideend|p1: koji muranishi|move: Tailwind\n|upkeep\n|turn|7\n|j| sof.eir\n|inactive|actuary97 has 30 seconds left.\n|\n|t:|1737034603\n|switch|p2b: Kyogre|Kyogre, L50, shiny|62\/100\n|cant|p1b: Archaludon|slp\n|move|p1a: Ogerpon|Ivy Cudgel|p2b: Kyogre|[anim] Ivy Cudgel Rock\n|-damage|p2b: Kyogre|8\/100\n|move|p2a: Amoonguss|Pollen Puff|p2b: Kyogre\n|-heal|p2b: Kyogre|58\/100\n|\n|-weather|RainDance|[upkeep]\n|-heal|p2b: Kyogre|64\/100|[from] Grassy Terrain\n|-heal|p2a: Amoonguss|75\/100|[from] Grassy Terrain\n|upkeep\n|turn|8\n|\n|t:|1737034621\n|-terastallize|p2b: Kyogre|Grass\n|move|p1a: Ogerpon|Power Whip|p2b: Kyogre\n|-resisted|p2b: Kyogre\n|-damage|p2b: Kyogre|24\/100\n|-curestatus|p1b: Archaludon|slp|[msg]\n|move|p1b: Archaludon|Electro Shot||[still]\n|-prepare|p1b: Archaludon|Electro Shot\n|-boost|p1b: Archaludon|spa|1\n|-anim|p1b: Archaludon|Electro Shot|p2b: Kyogre\n|-resisted|p2b: Kyogre\n|-crit|p2b: Kyogre\n|-damage|p2b: Kyogre|0 fnt\n|faint|p2b: Kyogre\n|move|p2a: Amoonguss|Pollen Puff|p2: Kyogre|[notarget]\n|-fail|p2a: Amoonguss\n|\n|-weather|none\n|-heal|p2a: Amoonguss|81\/100|[from] Grassy Terrain\n|upkeep\n|\n|t:|1737034634\n|switch|p2b: Rillaboom|Rillaboom, L50, F, shiny|12\/100\n|turn|9\n|j| jasper2452\n|\n|t:|1737034643\n|move|p1a: Ogerpon|Ivy Cudgel|p2b: Rillaboom|[anim] Ivy Cudgel Rock\n|-damage|p2b: Rillaboom|0 fnt\n|faint|p2b: Rillaboom\n|move|p1b: Archaludon|Draco Meteor|p2a: Amoonguss|[miss]\n|-miss|p1b: Archaludon|p2a: Amoonguss\n|move|p2a: Amoonguss|Pollen Puff|p1a: Ogerpon\n|-supereffective|p1a: Ogerpon\n|-damage|p1a: Ogerpon|56\/100\n|\n|-heal|p1a: Ogerpon|61\/100|[from] Grassy Terrain\n|-heal|p2a: Amoonguss|87\/100|[from] Grassy Terrain\n|upkeep\n|turn|10\n|-message|actuary97 forfeited.\n|\n|win|koji muranishi\n|raw|koji muranishi's rating: 1654 &rarr; <strong>1672<\/strong><br \/>(+18 for winning)\n|raw|actuary97's rating: 1623 &rarr; <strong>1605<\/strong><br \/>(-18 for losing)\n|l|\u2606actuary97\n|player|p2|\n|l|\u2606koji muranishi\n|player|p1|\n|l| jasper2452\n","uploadtime":1737034846,"views":18,"formatid":"gen9vgc2025regg","rating":1605,"private":0,"password":null}