{"id":"gen9vgc2025regg-2282916313","format":"[Gen 9] VGC 2025 Reg G","players":["leolc0926","Axel316"],"log":"|j|\u2606leolc0926\n|j|\u2606Axel316\n|t:|1737129855\n|gametype|doubles\n|player|p1|leolc0926|steven|1589\n|player|p2|Axel316|2|1543\n|teamsize|p1|6\n|teamsize|p2|6\n|gen|9\n|tier|[Gen 9] VGC 2025 Reg G\n|rated|\n|rule|Species Clause: Limit one of each Pok\u00e9mon\n|rule|Item Clause: Limit 1 of each item\n|clearpoke\n|poke|p1|Flutter Mane, L50|\n|poke|p1|Torkoal, L50, M|\n|poke|p1|Calyrex-Ice, L50|\n|poke|p1|Ogerpon-Cornerstone, L50, F|\n|poke|p1|Urshifu-*, L50, M|\n|poke|p1|Farigiraf, L50, F|\n|poke|p2|Calyrex-Ice, L50|\n|poke|p2|Urshifu-*, L50, M|\n|poke|p2|Iron Hands, L50|\n|poke|p2|Latios, L50, M|\n|poke|p2|Pelipper, L50, M|\n|poke|p2|Archaludon, L50, M|\n|teampreview|4\n|inactive|Battle timer is ON: inactive players will automatically lose when time's up. (requested by Axel316)\n|\n|t:|1737129893\n|start\n|switch|p1a: \u30a6\u30fc\u30e9\u30aa\u30b9|Urshifu-Rapid-Strike, L50, M|100\/100\n|switch|p1b: \u30d0\u30c9\u30ec\u30c3\u30af\u30b9|Calyrex-Ice, L50|100\/100\n|switch|p2a: Calyrex|Calyrex-Ice, L50|100\/100\n|switch|p2b: Latios|Latios, L50, M|100\/100\n|-ability|p2a: Calyrex|As One\n|-ability|p2a: Calyrex|Unnerve\n|-ability|p1b: \u30d0\u30c9\u30ec\u30c3\u30af\u30b9|As One\n|-ability|p1b: \u30d0\u30c9\u30ec\u30c3\u30af\u30b9|Unnerve\n|turn|1\n|\n|t:|1737129912\n|move|p2b: Latios|Trick|p1b: \u30d0\u30c9\u30ec\u30c3\u30af\u30b9\n|-activate|p2b: Latios|move: Trick|[of] p1b: \u30d0\u30c9\u30ec\u30c3\u30af\u30b9\n|-item|p1b: \u30d0\u30c9\u30ec\u30c3\u30af\u30b9|Choice Scarf|[from] move: Trick\n|-item|p2b: Latios|Clear Amulet|[from] move: Trick\n|move|p1a: \u30a6\u30fc\u30e9\u30aa\u30b9|Surging Strikes|p2a: Calyrex\n|-crit|p2a: Calyrex\n|-damage|p2a: Calyrex|88\/100\n|-crit|p2a: Calyrex\n|-damage|p2a: Calyrex|77\/100\n|-crit|p2a: Calyrex\n|-damage|p2a: Calyrex|65\/100\n|-hitcount|p2a: Calyrex|3\n|move|p2a: Calyrex|Seed Bomb|p1a: \u30a6\u30fc\u30e9\u30aa\u30b9\n|-supereffective|p1a: \u30a6\u30fc\u30e9\u30aa\u30b9\n|-damage|p1a: \u30a6\u30fc\u30e9\u30aa\u30b9|34\/100\n|move|p1b: \u30d0\u30c9\u30ec\u30c3\u30af\u30b9|Trick Room|p1b: \u30d0\u30c9\u30ec\u30c3\u30af\u30b9\n|-fieldstart|move: Trick Room|[of] p1b: \u30d0\u30c9\u30ec\u30c3\u30af\u30b9\n|\n|upkeep\n|turn|2\n|inactive|Axel316 has 30 seconds left.\n|\n|t:|1737129944\n|switch|p1b: Ogerpon|Ogerpon-Cornerstone, L50, F|100\/100\n|move|p2a: Calyrex|Glacial Lance|p1a: \u30a6\u30fc\u30e9\u30aa\u30b9|[spread] p1a,p1b\n|-resisted|p1a: \u30a6\u30fc\u30e9\u30aa\u30b9\n|-supereffective|p1b: Ogerpon\n|-damage|p1a: \u30a6\u30fc\u30e9\u30aa\u30b9|7\/100\n|-ability|p1b: Ogerpon|Sturdy\n|-damage|p1b: Ogerpon|1\/100\n|move|p1a: \u30a6\u30fc\u30e9\u30aa\u30b9|Surging Strikes|p2a: Calyrex\n|-crit|p2a: Calyrex\n|-damage|p2a: Calyrex|53\/100\n|-crit|p2a: Calyrex\n|-damage|p2a: Calyrex|40\/100\n|-crit|p2a: Calyrex\n|-damage|p2a: Calyrex|29\/100\n|-hitcount|p2a: Calyrex|3\n|move|p2b: Latios|Dragon Pulse|p1b: Ogerpon\n|-crit|p1b: Ogerpon\n|-damage|p1b: Ogerpon|0 fnt\n|faint|p1b: Ogerpon\n|\n|upkeep\n|\n|t:|1737129961\n|switch|p1b: \u55b7\u706b\u4fa0|Torkoal, L50, M|100\/100\n|-weather|SunnyDay|[from] ability: Drought|[of] p1b: \u55b7\u706b\u4fa0\n|turn|3\n|inactive|Axel316 has 30 seconds left.\n|\n|t:|1737129987\n|-terastallize|p1b: \u55b7\u706b\u4fa0|Fire\n|move|p2a: Calyrex|Protect|p2a: Calyrex\n|-singleturn|p2a: Calyrex|Protect\n|move|p1b: \u55b7\u706b\u4fa0|Eruption|p2b: Latios|[spread] p2b\n|-activate|p2a: Calyrex|move: Protect\n|-resisted|p2b: Latios\n|-damage|p2b: Latios|42\/100\n|move|p1a: \u30a6\u30fc\u30e9\u30aa\u30b9|Surging Strikes|p2a: Calyrex\n|-crit|p2a: Calyrex\n|-damage|p2a: Calyrex|23\/100\n|-crit|p2a: Calyrex\n|-damage|p2a: Calyrex|18\/100\n|-crit|p2a: Calyrex\n|-damage|p2a: Calyrex|12\/100\n|-hitcount|p2a: Calyrex|3\n|move|p2b: Latios|Dragon Pulse|p1a: \u30a6\u30fc\u30e9\u30aa\u30b9\n|-damage|p1a: \u30a6\u30fc\u30e9\u30aa\u30b9|0 fnt\n|faint|p1a: \u30a6\u30fc\u30e9\u30aa\u30b9\n|\n|-weather|SunnyDay|[upkeep]\n|upkeep\n|\n|t:|1737129993\n|switch|p1a: \u30d0\u30c9\u30ec\u30c3\u30af\u30b9|Calyrex-Ice, L50|100\/100\n|-ability|p1a: \u30d0\u30c9\u30ec\u30c3\u30af\u30b9|As One\n|-ability|p1a: \u30d0\u30c9\u30ec\u30c3\u30af\u30b9|Unnerve\n|turn|4\n|\n|t:|1737130017\n|move|p2a: Calyrex|Protect||[still]\n|-fail|p2a: Calyrex\n|move|p1b: \u55b7\u706b\u4fa0|Eruption|p2a: Calyrex|[spread] p2a,p2b\n|-supereffective|p2a: Calyrex\n|-resisted|p2b: Latios\n|-damage|p2a: Calyrex|0 fnt\n|-damage|p2b: Latios|0 fnt\n|faint|p2a: Calyrex\n|faint|p2b: Latios\n|move|p1a: \u30d0\u30c9\u30ec\u30c3\u30af\u30b9|Glacial Lance|p2: Calyrex|[notarget]\n|-fail|p1a: \u30d0\u30c9\u30ec\u30c3\u30af\u30b9\n|\n|-weather|SunnyDay|[upkeep]\n|upkeep\n|\n|t:|1737130029\n|switch|p2a: Pelipper|Pelipper, L50, M|100\/100\n|switch|p2b: Iron Hands|Iron Hands, L50|100\/100\n|-weather|RainDance|[from] ability: Drizzle|[of] p2a: Pelipper\n|turn|5\n|\n|t:|1737130042\n|move|p1b: \u55b7\u706b\u4fa0|Helping Hand|p1a: \u30d0\u30c9\u30ec\u30c3\u30af\u30b9\n|-singleturn|p1a: \u30d0\u30c9\u30ec\u30c3\u30af\u30b9|Helping Hand|[of] p1b: \u55b7\u706b\u4fa0\n|move|p2a: Pelipper|Wide Guard|p2a: Pelipper\n|-singleturn|p2a: Pelipper|Wide Guard\n|move|p2b: Iron Hands|Drain Punch|p1b: \u55b7\u706b\u4fa0\n|-damage|p1b: \u55b7\u706b\u4fa0|66\/100\n|move|p1a: \u30d0\u30c9\u30ec\u30c3\u30af\u30b9|Glacial Lance|p2b: Iron Hands|[spread] \n|-activate|p2a: Pelipper|move: Wide Guard\n|-activate|p2b: Iron Hands|move: Wide Guard\n|\n|-weather|RainDance|[upkeep]\n|-fieldend|move: Trick Room\n|upkeep\n|turn|6\n|inactive|Axel316 has 30 seconds left.\n|\n|t:|1737130071\n|-terastallize|p2b: Iron Hands|Water\n|move|p2a: Pelipper|Weather Ball|p1b: \u55b7\u706b\u4fa0\n|-supereffective|p1b: \u55b7\u706b\u4fa0\n|-damage|p1b: \u55b7\u706b\u4fa0|0 fnt\n|faint|p1b: \u55b7\u706b\u4fa0\n|move|p1a: \u30d0\u30c9\u30ec\u30c3\u30af\u30b9|Glacial Lance|p2b: Iron Hands|[spread] p2a,p2b\n|-resisted|p2b: Iron Hands\n|-damage|p2a: Pelipper|38\/100\n|-damage|p2b: Iron Hands|82\/100\n|move|p2b: Iron Hands|Heavy Slam|p1a: \u30d0\u30c9\u30ec\u30c3\u30af\u30b9\n|-supereffective|p1a: \u30d0\u30c9\u30ec\u30c3\u30af\u30b9\n|-damage|p1a: \u30d0\u30c9\u30ec\u30c3\u30af\u30b9|79\/100\n|\n|-weather|RainDance|[upkeep]\n|upkeep\n|turn|7\n|\n|t:|1737130087\n|move|p2a: Pelipper|Wide Guard|p2a: Pelipper\n|-singleturn|p2a: Pelipper|Wide Guard\n|move|p1a: \u30d0\u30c9\u30ec\u30c3\u30af\u30b9|Glacial Lance|p2a: Pelipper|[spread] \n|-activate|p2a: Pelipper|move: Wide Guard\n|-activate|p2b: Iron Hands|move: Wide Guard\n|move|p2b: Iron Hands|Drain Punch|p1a: \u30d0\u30c9\u30ec\u30c3\u30af\u30b9\n|-damage|p1a: \u30d0\u30c9\u30ec\u30c3\u30af\u30b9|54\/100\n|-heal|p2b: Iron Hands|92\/100|[from] drain|[of] p1a: \u30d0\u30c9\u30ec\u30c3\u30af\u30b9\n|\n|-weather|RainDance|[upkeep]\n|upkeep\n|turn|8\n|-message|leolc0926 forfeited.\n|\n|win|Axel316\n|raw|leolc0926's rating: 1589 &rarr; <strong>1566<\/strong><br \/>(-23 for losing)\n|raw|Axel316's rating: 1543 &rarr; <strong>1566<\/strong><br \/>(+23 for winning)\n|l|\u2606leolc0926\n|player|p1|\n|l|\u2606Axel316\n|player|p2|\n|j|\u2606Axel316\n|player|p2|Axel316|2|\n","uploadtime":1737130123,"views":409,"formatid":"gen9vgc2025regg","rating":1566,"private":0,"password":null}