{"id":"gen9vgc2025regg-2282347339","format":"[Gen 9] VGC 2025 Reg G","players":["Beccca","PierreDaSlick"],"log":"|j|\u2606Beccca\n|j|\u2606PierreDaSlick\n|t:|1737051314\n|gametype|doubles\n|player|p1|Beccca|1|1537\n|player|p2|PierreDaSlick|gentleman-gen4|1571\n|teamsize|p1|6\n|teamsize|p2|6\n|gen|9\n|tier|[Gen 9] VGC 2025 Reg G\n|rated|\n|rule|Species Clause: Limit one of each Pok\u00e9mon\n|rule|Item Clause: Limit 1 of each item\n|clearpoke\n|poke|p1|Calyrex-Shadow, L50|\n|poke|p1|Indeedee-F, L50, F|\n|poke|p1|Ogerpon-Cornerstone, L50, F|\n|poke|p1|Flutter Mane, L50|\n|poke|p1|Chi-Yu, L50|\n|poke|p1|Urshifu-*, L50, F|\n|poke|p2|Raging Bolt, L50|\n|poke|p2|Hitmontop, L50, M|\n|poke|p2|Kyogre, L50|\n|poke|p2|Tornadus, L50, M|\n|poke|p2|Pelipper, L50, F|\n|poke|p2|Entei, L50|\n|teampreview|4\n|inactive|Battle timer is ON: inactive players will automatically lose when time's up. (requested by PierreDaSlick)\n|inactive|Beccca has 60 seconds left.\n|inactive|Beccca has 30 seconds left.\n|inactive|Beccca has 20 seconds left.\n|\n|t:|1737051389\n|start\n|switch|p1a: Urshifu|Urshifu-Rapid-Strike, L50, F|100\/100\n|switch|p1b: Ogerpon|Ogerpon-Cornerstone, L50, F|100\/100\n|switch|p2a: Kyogre|Kyogre, L50|100\/100\n|switch|p2b: Tornadus|Tornadus, L50, M|100\/100\n|-weather|RainDance|[from] ability: Drizzle|[of] p2a: Kyogre\n|turn|1\n|\n|t:|1737051404\n|-terastallize|p2a: Kyogre|Grass\n|move|p2b: Tornadus|Tailwind|p2b: Tornadus\n|-sidestart|p2: PierreDaSlick|move: Tailwind\n|move|p2a: Kyogre|Water Spout|p1b: Ogerpon|[spread] p1a,p1b\n|-resisted|p1a: Urshifu\n|-damage|p1a: Urshifu|22\/100\n|-ability|p1b: Ogerpon|Sturdy\n|-damage|p1b: Ogerpon|1\/100\n|move|p1b: Ogerpon|Ivy Cudgel|p2b: Tornadus|[anim] Ivy Cudgel Rock\n|-supereffective|p2b: Tornadus\n|-enditem|p2b: Tornadus|Focus Sash\n|-damage|p2b: Tornadus|1\/100\n|move|p1a: Urshifu|Close Combat|p2a: Kyogre\n|-damage|p2a: Kyogre|30\/100\n|-unboost|p1a: Urshifu|def|1\n|-unboost|p1a: Urshifu|spd|1\n|\n|-weather|RainDance|[upkeep]\n|upkeep\n|turn|2\n|\n|t:|1737051426\n|move|p1b: Ogerpon|Spiky Shield|p1b: Ogerpon\n|-singleturn|p1b: Ogerpon|move: Protect\n|move|p1a: Urshifu|Detect|p1a: Urshifu\n|-singleturn|p1a: Urshifu|Protect\n|move|p2b: Tornadus|Bleakwind Storm|p1b: Ogerpon|[spread] \n|-activate|p1a: Urshifu|move: Protect\n|-activate|p1b: Ogerpon|move: Protect\n|move|p2a: Kyogre|Origin Pulse|p1b: Ogerpon|[spread] \n|-activate|p1a: Urshifu|move: Protect\n|-activate|p1b: Ogerpon|move: Protect\n|\n|-weather|RainDance|[upkeep]\n|upkeep\n|turn|3\n|inactive|Beccca has 30 seconds left.\n|\n|t:|1737051454\n|switch|p2b: Raging Bolt|Raging Bolt, L50|100\/100\n|switch|p1b: Indeedee|Indeedee-F, L50, F|100\/100\n|-fieldstart|move: Psychic Terrain|[from] ability: Psychic Surge|[of] p1b: Indeedee\n|move|p1a: Urshifu|Aqua Jet|p2b: Raging Bolt\n|-activate|p2b: Raging Bolt|move: Psychic Terrain\n|move|p2a: Kyogre|Origin Pulse|p1a: Urshifu|[spread] p1a,p1b\n|-resisted|p1a: Urshifu\n|-damage|p1a: Urshifu|0 fnt\n|-damage|p1b: Indeedee|23\/100\n|faint|p1a: Urshifu\n|\n|-weather|RainDance|[upkeep]\n|upkeep\n|\n|t:|1737051471\n|switch|p1a: Calyrex|Calyrex-Shadow, L50|100\/100\n|-ability|p1a: Calyrex|As One\n|-ability|p1a: Calyrex|Unnerve\n|turn|4\n|inactive|Beccca has 30 seconds left.\n|inactive|PierreDaSlick has 30 seconds left.\n|\n|t:|1737051496\n|move|p1a: Calyrex|Protect|p1a: Calyrex\n|-singleturn|p1a: Calyrex|Protect\n|move|p2a: Kyogre|Origin Pulse|p1b: Indeedee|[spread] p1b\n|-activate|p1a: Calyrex|move: Protect\n|-damage|p1b: Indeedee|0 fnt\n|faint|p1b: Indeedee\n|move|p2b: Raging Bolt|Thunderbolt|p1a: Calyrex\n|-activate|p1a: Calyrex|move: Protect\n|\n|-weather|RainDance|[upkeep]\n|-sideend|p2: PierreDaSlick|move: Tailwind\n|upkeep\n|\n|t:|1737051508\n|switch|p1b: Ogerpon|Ogerpon-Cornerstone, L50, F|1\/100\n|turn|5\n|\n|t:|1737051527\n|switch|p2a: Pelipper|Pelipper, L50, F|100\/100\n|-terastallize|p1b: Ogerpon|Rock\n|detailschange|p1b: Ogerpon|Ogerpon-Cornerstone-Tera, L50, F, tera:Rock\n|-ability|p1b: Ogerpon|Embody Aspect (Cornerstone)|boost\n|-boost|p1b: Ogerpon|def|1\n|move|p1a: Calyrex|Astral Barrage|p2a: Pelipper|[spread] p2a,p2b\n|-damage|p2a: Pelipper|0 fnt\n|-damage|p2b: Raging Bolt|30\/100\n|faint|p2a: Pelipper\n|-ability|p1a: Calyrex|Grim Neigh|boost\n|-boost|p1a: Calyrex|spa|1\n|-damage|p1a: Calyrex|91\/100|[from] item: Life Orb\n|move|p1b: Ogerpon|Ivy Cudgel|p2b: Raging Bolt|[anim] Ivy Cudgel Rock\n|-damage|p2b: Raging Bolt|0 fnt\n|faint|p2b: Raging Bolt\n|-end|p2b: Raging Bolt|Protosynthesis|[silent]\n|\n|-weather|none\n|upkeep\n|\n|t:|1737051537\n|switch|p2a: Kyogre|Kyogre, L50, tera:Grass|30\/100\n|switch|p2b: Tornadus|Tornadus, L50, M|1\/100\n|-weather|RainDance|[from] ability: Drizzle|[of] p2a: Kyogre\n|turn|6\n|\n|t:|1737051557\n|move|p2b: Tornadus|Tailwind|p2b: Tornadus\n|-sidestart|p2: PierreDaSlick|move: Tailwind\n|move|p2a: Kyogre|Origin Pulse|p1b: Ogerpon|[spread] \n|-miss|p2a: Kyogre|p1a: Calyrex\n|-miss|p2a: Kyogre|p1b: Ogerpon\n|move|p1a: Calyrex|Astral Barrage|p2b: Tornadus|[spread] p2a,p2b\n|-crit|p2b: Tornadus\n|-damage|p2a: Kyogre|0 fnt\n|-damage|p2b: Tornadus|0 fnt\n|faint|p2a: Kyogre\n|faint|p2b: Tornadus\n|-damage|p1a: Calyrex|82\/100|[from] item: Life Orb\n|\n|win|Beccca\n|raw|Beccca's rating: 1537 &rarr; <strong>1559<\/strong><br \/>(+22 for winning)\n|raw|PierreDaSlick's rating: 1571 &rarr; <strong>1549<\/strong><br \/>(-22 for losing)\n|l|\u2606PierreDaSlick\n|player|p2|\n|l|\u2606Beccca\n|player|p1|\n","uploadtime":1737051819,"views":7,"formatid":"gen9vgc2025regg","rating":1549,"private":0,"password":null}