{"id":"gen9vgc2025regg-2282965258","format":"[Gen 9] VGC 2025 Reg G","players":["actuary97","Farhaz_VGC"],"log":"|j|\u2606actuary97\n|j|\u2606Farhaz_VGC\n|t:|1737134796\n|gametype|doubles\n|player|p1|actuary97|sabrina-frlg|1576\n|player|p2|Farhaz_VGC|rosa|1540\n|teamsize|p1|6\n|teamsize|p2|6\n|gen|9\n|tier|[Gen 9] VGC 2025 Reg G\n|rated|\n|rule|Species Clause: Limit one of each Pok\u00e9mon\n|rule|Item Clause: Limit 1 of each item\n|clearpoke\n|poke|p1|Amoonguss, L50, F|\n|poke|p1|Comfey, L50, M|\n|poke|p1|Whimsicott, L50, M|\n|poke|p1|Rillaboom, L50, F|\n|poke|p1|Kyogre, L50|\n|poke|p1|Archaludon, L50, M|\n|poke|p2|Tornadus, L50, M|\n|poke|p2|Urshifu-*, L50, F|\n|poke|p2|Dragonite, L50, M|\n|poke|p2|Incineroar, L50, M|\n|poke|p2|Landorus-Therian, L50, M|\n|poke|p2|Calyrex-Shadow, L50|\n|teampreview|4\nactuary97 has agreed to open team sheets.\n|inactive|Battle timer is ON: inactive players will automatically lose when time's up. (requested by actuary97)\n|\n|t:|1737134871\n|start\n|switch|p1a: Whimsicott|Whimsicott, L50, M, shiny|100\/100\n|switch|p1b: Archaludon|Archaludon, L50, M, shiny|100\/100\n|switch|p2a: Tornadus|Tornadus, L50, M|100\/100\n|switch|p2b: Urshifu|Urshifu, L50, F|100\/100\n|turn|1\n|\n|t:|1737134889\n|switch|p1b: Comfey|Comfey, L50, M, shiny|100\/100\n|move|p2a: Tornadus|Tailwind|p2a: Tornadus\n|-sidestart|p2: Farhaz_VGC|move: Tailwind\n|move|p2b: Urshifu|Close Combat|p1b: Comfey\n|-resisted|p1b: Comfey\n|-damage|p1b: Comfey|61\/100\n|-unboost|p2b: Urshifu|def|1\n|-unboost|p2b: Urshifu|spd|1\n|move|p1a: Whimsicott|Moonblast|p2b: Urshifu\n|-supereffective|p2b: Urshifu\n|-enditem|p2b: Urshifu|Focus Sash\n|-damage|p2b: Urshifu|1\/100\n|\n|upkeep\n|turn|2\n|\n|t:|1737134912\n|switch|p2b: Calyrex|Calyrex-Shadow, L50|100\/100\n|-ability|p2b: Calyrex|As One\n|-ability|p2b: Calyrex|Unnerve\n|move|p1a: Whimsicott|Encore|p2a: Tornadus\n|-start|p2a: Tornadus|Encore\n|move|p2a: Tornadus|Tailwind||[still]\n|-fail|p2a: Tornadus\n|move|p1b: Comfey|Trick Room|p1b: Comfey\n|-fieldstart|move: Trick Room|[of] p1b: Comfey\n|\n|upkeep\n|turn|3\n|\n|t:|1737134936\n|switch|p1b: Archaludon|Archaludon, L50, M, shiny|100\/100\n|switch|p2a: Dragonite|Dragonite, L50, M|100\/100\n|move|p1a: Whimsicott|Moonblast|p2b: Calyrex\n|-damage|p2b: Calyrex|67\/100\n|-unboost|p2b: Calyrex|spa|1\n|move|p2b: Calyrex|Astral Barrage|p1a: Whimsicott|[spread] p1a,p1b\n|-damage|p1a: Whimsicott|16\/100\n|-damage|p1b: Archaludon|65\/100\n|-ability|p1b: Archaludon|Stamina|boost\n|-boost|p1b: Archaludon|def|1\n|\n|upkeep\n|turn|4\n|\n|t:|1737134954\n|switch|p1a: Comfey|Comfey, L50, M, shiny|61\/100\n|move|p2a: Dragonite|Extreme Speed|p1a: Comfey\n|-damage|p1a: Comfey|22\/100\n|move|p1b: Archaludon|Snarl|p2b: Calyrex|[spread] p2a,p2b\n|-supereffective|p2b: Calyrex\n|-damage|p2a: Dragonite|95\/100\n|-damage|p2b: Calyrex|21\/100\n|-unboost|p2a: Dragonite|spa|1\n|-unboost|p2b: Calyrex|spa|1\n|move|p2b: Calyrex|Astral Barrage|p1b: Archaludon|[spread] p1a,p1b\n|-damage|p1a: Comfey|0 fnt\n|-damage|p1b: Archaludon|36\/100\n|-ability|p1b: Archaludon|Stamina|boost\n|-boost|p1b: Archaludon|def|1\n|faint|p1a: Comfey\n|-ability|p2b: Calyrex|Grim Neigh|boost\n|-boost|p2b: Calyrex|spa|1\n|\n|-sideend|p2: Farhaz_VGC|move: Tailwind\n|upkeep\n|\n|t:|1737134961\n|switch|p1a: Kyogre|Kyogre, L50, shiny|100\/100\n|-weather|RainDance|[from] ability: Drizzle|[of] p1a: Kyogre\n|turn|5\n|inactive|Farhaz_VGC has 30 seconds left.\n|\n|t:|1737134993\n|switch|p2b: Tornadus|Tornadus, L50, M|100\/100\n|-terastallize|p2a: Dragonite|Normal\n|move|p2a: Dragonite|Extreme Speed|p1a: Kyogre\n|-damage|p1a: Kyogre|54\/100\n|move|p1b: Archaludon|Electro Shot||[still]\n|-prepare|p1b: Archaludon|Electro Shot\n|-boost|p1b: Archaludon|spa|1\n|-anim|p1b: Archaludon|Electro Shot|p2b: Tornadus\n|-supereffective|p2b: Tornadus\n|-damage|p2b: Tornadus|0 fnt\n|faint|p2b: Tornadus\n|move|p1a: Kyogre|Ice Beam|p2a: Dragonite\n|-damage|p2a: Dragonite|60\/100\n|\n|-weather|RainDance|[upkeep]\n|upkeep\n|\n|t:|1737135011\n|switch|p2b: Urshifu|Urshifu, L50, F|1\/100\n|turn|6\n|\n|t:|1737135022\n|move|p2a: Dragonite|Extreme Speed|p1a: Kyogre\n|-damage|p1a: Kyogre|10\/100\n|move|p2b: Urshifu|Sucker Punch|p1a: Kyogre\n|-damage|p1a: Kyogre|0 fnt\n|faint|p1a: Kyogre\n|move|p1b: Archaludon|Body Press|p2a: Dragonite\n|-supereffective|p2a: Dragonite\n|-damage|p2a: Dragonite|0 fnt\n|faint|p2a: Dragonite\n|\n|-weather|RainDance|[upkeep]\n|-fieldend|move: Trick Room\n|upkeep\n|\n|t:|1737135032\n|switch|p1a: Whimsicott|Whimsicott, L50, M, shiny|16\/100\n|switch|p2a: Calyrex|Calyrex-Shadow, L50|21\/100\n|-ability|p2a: Calyrex|As One\n|-ability|p2a: Calyrex|Unnerve\n|turn|7\n|inactive|Farhaz_VGC has 30 seconds left.\n|inactive|Farhaz_VGC has 20 seconds left.\n|\n|t:|1737135070\n|move|p1a: Whimsicott|Tailwind|p1a: Whimsicott\n|-sidestart|p1: actuary97|move: Tailwind\n|move|p2b: Urshifu|Sucker Punch|p1b: Archaludon\n|-crit|p1b: Archaludon\n|-damage|p1b: Archaludon|0 fnt\n|faint|p1b: Archaludon\n|move|p2a: Calyrex|Astral Barrage|p1a: Whimsicott\n|-damage|p1a: Whimsicott|0 fnt\n|faint|p1a: Whimsicott\n|\n|win|Farhaz_VGC\n|raw|actuary97's rating: 1576 &rarr; <strong>1554<\/strong><br \/>(-22 for losing)\n|raw|Farhaz_VGC's rating: 1540 &rarr; <strong>1562<\/strong><br \/>(+22 for winning)\n|c|\u2606actuary97|dude I hate this fucking game\n|c|\u2606Farhaz_VGC|yeh same\n|l|\u2606actuary97\n|player|p1|\n|l|\u2606Farhaz_VGC\n|player|p2|\n","uploadtime":1737135257,"views":13,"formatid":"gen9vgc2025regg","rating":1554,"private":0,"password":null}