{"id":"gen9vgc2025regg-2282277667","format":"[Gen 9] VGC 2025 Reg G","players":["PritzShow","MaxDOM"],"log":"|j|\u2606PritzShow\n|j|\u2606MaxDOM\n|t:|1737044396\n|gametype|doubles\n|player|p1|PritzShow|266|1548\n|player|p2|MaxDOM|169|1613\n|teamsize|p1|6\n|teamsize|p2|6\n|gen|9\n|tier|[Gen 9] VGC 2025 Reg G\n|rated|\n|rule|Species Clause: Limit one of each Pok\u00e9mon\n|rule|Item Clause: Limit 1 of each item\n|clearpoke\n|poke|p1|Zamazenta-*, L50|\n|poke|p1|Pelipper, L50, M|\n|poke|p1|Urshifu-*, L50, M|\n|poke|p1|Incineroar, L50, F|\n|poke|p1|Raging Bolt, L50|\n|poke|p1|Rillaboom, L50, F|\n|poke|p2|Calyrex-Ice, L50|\n|poke|p2|Indeedee-F, L50, F|\n|poke|p2|Torkoal, L50, M|\n|poke|p2|Rillaboom, L50, F|\n|poke|p2|Urshifu-*, L50, F|\n|poke|p2|Sinistcha-Masterpiece, L50|\n|teampreview|4\n|inactive|Battle timer is ON: inactive players will automatically lose when time's up. (requested by PritzShow)\n|\n|t:|1737044420\n|start\n|switch|p1a: Zamazenta|Zamazenta-Crowned, L50|100\/100\n|switch|p1b: Incineroar|Incineroar, L50, F|100\/100\n|switch|p2a: Calyrex|Calyrex-Ice, L50|100\/100\n|switch|p2b: Indeedee|Indeedee-F, L50, F|100\/100\n|-ability|p2a: Calyrex|As One\n|-ability|p2a: Calyrex|Unnerve\n|-ability|p1a: Zamazenta|Dauntless Shield|boost\n|-boost|p1a: Zamazenta|def|1\n|-fieldstart|move: Psychic Terrain|[from] ability: Psychic Surge|[of] p2b: Indeedee\n|-ability|p1b: Incineroar|Intimidate|boost\n|-fail|p2a: Calyrex|unboost|[from] item: Clear Amulet|[of] p2a: Calyrex\n|-unboost|p2b: Indeedee|atk|1\n|turn|1\n|\n|t:|1737044429\n|move|p2b: Indeedee|Follow Me|p2b: Indeedee\n|-singleturn|p2b: Indeedee|move: Follow Me\n|move|p1a: Zamazenta|Iron Defense|p1a: Zamazenta\n|-boost|p1a: Zamazenta|def|2\n|move|p1b: Incineroar|Knock Off|p2b: Indeedee\n|-supereffective|p2b: Indeedee\n|-enditem|p2b: Indeedee|Focus Sash\n|-damage|p2b: Indeedee|1\/100\n|move|p2a: Calyrex|Curse|p2a: Calyrex\n|-unboost|p2a: Calyrex|spe|1\n|-boost|p2a: Calyrex|atk|1\n|-boost|p2a: Calyrex|def|1\n|\n|upkeep\n|turn|2\n|\n|t:|1737044442\n|move|p2b: Indeedee|Follow Me|p2b: Indeedee\n|-singleturn|p2b: Indeedee|move: Follow Me\n|move|p1a: Zamazenta|Iron Defense|p1a: Zamazenta\n|-boost|p1a: Zamazenta|def|2\n|move|p1b: Incineroar|Will-O-Wisp|p2b: Indeedee\n|-status|p2b: Indeedee|brn\n|move|p2a: Calyrex|Trick Room|p2a: Calyrex\n|-fieldstart|move: Trick Room|[of] p2a: Calyrex\n|\n|-damage|p2b: Indeedee|0 fnt|[from] brn\n|faint|p2b: Indeedee\n|upkeep\n|j| Ricorav7\n|inactive|MaxDOM has 30 seconds left.\n|inactive|MaxDOM has 20 seconds left.\n|inactive|MaxDOM has 15 seconds left.\n|inactive|MaxDOM has 10 seconds left.\n|inactive|MaxDOM has 5 seconds left.\n|\n|t:|1737044497\n|switch|p2b: Torkoal|Torkoal, L50, M|100\/100\n|-weather|SunnyDay|[from] ability: Drought|[of] p2b: Torkoal\n|turn|3\n|\n|t:|1737044509\n|switch|p1b: Pelipper|Pelipper, L50, M|100\/100\n|-weather|RainDance|[from] ability: Drizzle|[of] p1b: Pelipper\n|-terastallize|p2b: Torkoal|Fire\n|-terastallize|p1a: Zamazenta|Water\n|move|p2b: Torkoal|Flamethrower|p1a: Zamazenta\n|-resisted|p1a: Zamazenta\n|-damage|p1a: Zamazenta|88\/100\n|move|p2a: Calyrex|Glacial Lance|p1a: Zamazenta|[spread] p1a,p1b\n|-resisted|p1a: Zamazenta\n|-damage|p1a: Zamazenta|82\/100\n|-damage|p1b: Pelipper|12\/100\n|move|p1a: Zamazenta|Body Press|p2a: Calyrex\n|-damage|p2a: Calyrex|44\/100\n|\n|-weather|RainDance|[upkeep]\n|upkeep\n|turn|4\n|inactive|MaxDOM has 30 seconds left.\n|\n|t:|1737044542\n|switch|p2b: Urshifu|Urshifu, L50, F|100\/100\n|move|p2a: Calyrex|Tera Blast|p1b: Pelipper\n|-damage|p1b: Pelipper|0 fnt\n|faint|p1b: Pelipper\n|-ability|p2a: Calyrex|Chilling Neigh|boost\n|-boost|p2a: Calyrex|atk|1\n|move|p1a: Zamazenta|Body Press|p2a: Calyrex\n|-damage|p2a: Calyrex|0 fnt\n|faint|p2a: Calyrex\n|\n|-weather|RainDance|[upkeep]\n|upkeep\n|\n|t:|1737044552\n|switch|p2a: Torkoal|Torkoal, L50, M, tera:Fire|100\/100\n|switch|p1b: Rillaboom|Rillaboom, L50, F|100\/100\n|-weather|SunnyDay|[from] ability: Drought|[of] p2a: Torkoal\n|-fieldstart|move: Grassy Terrain|[from] ability: Grassy Surge|[of] p1b: Rillaboom\n|turn|5\n|inactive|MaxDOM has 30 seconds left.\n|inactive|MaxDOM has 20 seconds left.\n|inactive|MaxDOM has 15 seconds left.\n|inactive|MaxDOM has 10 seconds left.\n|\n|t:|1737044600\n|move|p1b: Rillaboom|Fake Out|p2a: Torkoal\n|-damage|p2a: Torkoal|89\/100\n|cant|p2a: Torkoal|flinch\n|move|p2b: Urshifu|Wicked Blow|p1a: Zamazenta\n|-crit|p1a: Zamazenta\n|-damage|p1a: Zamazenta|40\/100\n|move|p1a: Zamazenta|Body Press|p2b: Urshifu\n|-supereffective|p2b: Urshifu\n|-damage|p2b: Urshifu|0 fnt\n|faint|p2b: Urshifu\n|\n|-weather|SunnyDay|[upkeep]\n|-heal|p2a: Torkoal|95\/100|[from] Grassy Terrain\n|-heal|p1a: Zamazenta|46\/100|[from] Grassy Terrain\n|upkeep\n|turn|6\n|\n|t:|1737044610\n|switch|p1b: Incineroar|Incineroar, L50, F|100\/100\n|-ability|p1b: Incineroar|Intimidate|boost\n|-unboost|p2a: Torkoal|atk|1\n|move|p1a: Zamazenta|Protect|p1a: Zamazenta\n|-singleturn|p1a: Zamazenta|Protect\n|move|p2a: Torkoal|Eruption|p1b: Incineroar|[spread] p1b\n|-activate|p1a: Zamazenta|move: Protect\n|-resisted|p1b: Incineroar\n|-damage|p1b: Incineroar|41\/100\n|-enditem|p1b: Incineroar|Sitrus Berry|[eat]\n|-heal|p1b: Incineroar|65\/100|[from] item: Sitrus Berry\n|\n|-weather|SunnyDay|[upkeep]\n|-heal|p2a: Torkoal|100\/100|[from] Grassy Terrain\n|-heal|p1b: Incineroar|71\/100|[from] Grassy Terrain\n|-heal|p1a: Zamazenta|52\/100|[from] Grassy Terrain\n|-fieldend|move: Trick Room\n|upkeep\n|turn|7\n|inactive|MaxDOM has 30 seconds left.\n|l| Ricorav7\n|inactive|MaxDOM has 20 seconds left.\n|c|\u2606PritzShow|just curious -- what's tera blast on caly?\n|inactive|MaxDOM has 15 seconds left.\n|c|\u2606PritzShow|tera what? Water? Fire?\n|j| Ricorav7\n|inactive|MaxDOM has 10 seconds left.\n|l| Ricorav7\n|inactive|MaxDOM has 5 seconds left.\n|\n|t:|1737044665\n|move|p1b: Incineroar|Fake Out|p2a: Torkoal\n|-damage|p2a: Torkoal|91\/100\n|move|p1a: Zamazenta|Body Press|p2a: Torkoal\n|-damage|p2a: Torkoal|0 fnt\n|faint|p2a: Torkoal\n|\n|win|PritzShow\n|raw|PritzShow's rating: 1548 &rarr; <strong>1572<\/strong><br \/>(+24 for winning)\n|raw|MaxDOM's rating: 1613 &rarr; <strong>1589<\/strong><br \/>(-24 for losing)\n|c|\u2606PritzShow|ok fine keep your secrets\n|l|\u2606PritzShow\n|player|p1|\n|l|\u2606MaxDOM\n|player|p2|\n","uploadtime":1737044820,"views":5,"formatid":"gen9vgc2025regg","rating":1572,"private":0,"password":null}