{"id":"gen9vgc2025regg-2282677662","format":"[Gen 9] VGC 2025 Reg G","players":["dnut1","PierreDaSlick"],"log":"|j|\u2606dnut1\n|j|\u2606PierreDaSlick\n|t:|1737092801\n|gametype|doubles\n|player|p1|dnut1|170|1583\n|player|p2|PierreDaSlick|gentleman-gen4|1529\n|teamsize|p1|6\n|teamsize|p2|6\n|gen|9\n|tier|[Gen 9] VGC 2025 Reg G\n|rated|\n|rule|Species Clause: Limit one of each Pok\u00e9mon\n|rule|Item Clause: Limit 1 of each item\n|clearpoke\n|poke|p1|Calyrex-Shadow, L50|\n|poke|p1|Dondozo, L50, F|\n|poke|p1|Weezing-Galar, L50, F|\n|poke|p1|Tatsugiri-Droopy, L50, F|\n|poke|p1|Roaring Moon, L50|\n|poke|p1|Iron Hands, L50|\n|poke|p2|Tornadus, L50, M|\n|poke|p2|Kyogre, L50|\n|poke|p2|Pelipper, L50, M|\n|poke|p2|Electrode-Hisui, L50|\n|poke|p2|Hitmontop, L50, M|\n|poke|p2|Urshifu-*, L50, M|\n|teampreview|4\n|inactive|Battle timer is ON: inactive players will automatically lose when time's up. (requested by PierreDaSlick)\n|\n|t:|1737092841\n|start\n|switch|p1a: Calyrex|Calyrex-Shadow, L50|100\/100\n|switch|p1b: Roaring Moon|Roaring Moon, L50|100\/100\n|switch|p2a: Electrode|Electrode-Hisui, L50|100\/100\n|switch|p2b: Tornadus|Tornadus, L50, M|100\/100\n|-ability|p1a: Calyrex|As One\n|-ability|p1a: Calyrex|Unnerve\n|-enditem|p1b: Roaring Moon|Booster Energy\n|-activate|p1b: Roaring Moon|ability: Protosynthesis|[fromitem]\n|-start|p1b: Roaring Moon|protosynthesisspe\n|turn|1\n|inactive|PierreDaSlick has 30 seconds left.\n|\n|t:|1737092872\n|move|p1b: Roaring Moon|Protect|p1b: Roaring Moon\n|-singleturn|p1b: Roaring Moon|Protect\n|move|p1a: Calyrex|Protect|p1a: Calyrex\n|-singleturn|p1a: Calyrex|Protect\n|move|p2b: Tornadus|Tailwind|p2b: Tornadus\n|-sidestart|p2: PierreDaSlick|move: Tailwind\n|move|p2a: Electrode|Thunder Wave|p1a: Calyrex\n|-activate|p1a: Calyrex|move: Protect\n|\n|upkeep\n|turn|2\n|inactive|dnut1 has 30 seconds left.\n|\n|t:|1737092898\n|switch|p1a: Iron Hands|Iron Hands, L50|100\/100\n|-terastallize|p1b: Roaring Moon|Flying\n|move|p2a: Electrode|Taunt|p1b: Roaring Moon\n|-start|p1b: Roaring Moon|move: Taunt\n|move|p2b: Tornadus|Bleakwind Storm|p1b: Roaring Moon|[spread] p1a,p1b\n|-damage|p1a: Iron Hands|74\/100\n|-damage|p1b: Roaring Moon|65\/100\n|move|p1b: Roaring Moon|Acrobatics|p2a: Electrode\n|-damage|p2a: Electrode|25\/100\n|\n|upkeep\n|turn|3\n|\n|t:|1737092922\n|move|p1a: Iron Hands|Fake Out|p2a: Electrode\n|-damage|p2a: Electrode|6\/100\n|move|p2a: Electrode|Electroweb|p1b: Roaring Moon|[spread] p1a,p1b\n|-resisted|p1a: Iron Hands\n|-supereffective|p1b: Roaring Moon\n|-damage|p1a: Iron Hands|70\/100\n|-damage|p1b: Roaring Moon|44\/100\n|-unboost|p1a: Iron Hands|spe|1\n|-unboost|p1b: Roaring Moon|spe|1\n|move|p2b: Tornadus|Bleakwind Storm|p1b: Roaring Moon|[spread] p1a,p1b\n|-damage|p1a: Iron Hands|43\/100\n|-damage|p1b: Roaring Moon|9\/100\n|-unboost|p1a: Iron Hands|spe|1\n|move|p1b: Roaring Moon|Knock Off|p2a: Electrode\n|-damage|p2a: Electrode|0 fnt\n|-enditem|p2a: Electrode|Covert Cloak|[from] move: Knock Off|[of] p1b: Roaring Moon\n|faint|p2a: Electrode\n|\n|upkeep\n|\n|t:|1737092938\n|switch|p2a: Kyogre|Kyogre, L50|100\/100\n|-weather|RainDance|[from] ability: Drizzle|[of] p2a: Kyogre\n|turn|4\n|inactive|dnut1 has 30 seconds left.\n|\n|t:|1737092968\n|move|p2b: Tornadus|Bleakwind Storm|p1b: Roaring Moon|[spread] p1a,p1b\n|-damage|p1a: Iron Hands|17\/100\n|-damage|p1b: Roaring Moon|0 fnt\n|faint|p1b: Roaring Moon\n|-end|p1b: Roaring Moon|Protosynthesis|[silent]\n|move|p2a: Kyogre|Water Spout|p1a: Iron Hands\n|-damage|p1a: Iron Hands|0 fnt\n|faint|p1a: Iron Hands\n|-end|p1a: Iron Hands|Quark Drive|[silent]\n|\n|-weather|RainDance|[upkeep]\n|-sideend|p2: PierreDaSlick|move: Tailwind\n|upkeep\n|\n|t:|1737092973\n|switch|p1b: Weezing|Weezing-Galar, L50, F|100\/100\n|switch|p1a: Calyrex|Calyrex-Shadow, L50|100\/100\n|-ability|p1a: Calyrex|As One\n|-ability|p1a: Calyrex|Unnerve\n|-ability|p1b: Weezing|Neutralizing Gas\n|turn|5\n|\n|t:|1737092995\n|move|p2a: Kyogre|Protect|p2a: Kyogre\n|-singleturn|p2a: Kyogre|Protect\n|move|p1a: Calyrex|Astral Barrage|p2b: Tornadus|[spread] p2b\n|-activate|p2a: Kyogre|move: Protect\n|-enditem|p2b: Tornadus|Focus Sash\n|-damage|p2b: Tornadus|1\/100\n|-damage|p1a: Calyrex|91\/100|[from] item: Life Orb\n|move|p2b: Tornadus|Tailwind|p2b: Tornadus\n|-sidestart|p2: PierreDaSlick|move: Tailwind\n|move|p1b: Weezing|Strange Steam|p2a: Kyogre\n|-activate|p2a: Kyogre|move: Protect\n|\n|-weather|RainDance|[upkeep]\n|upkeep\n|turn|6\n|\n|t:|1737093016\n|move|p1a: Calyrex|Protect|p1a: Calyrex\n|-singleturn|p1a: Calyrex|Protect\n|move|p2b: Tornadus|Bleakwind Storm|p1b: Weezing|[spread] p1b\n|-activate|p1a: Calyrex|move: Protect\n|-damage|p1b: Weezing|59\/100\n|move|p2a: Kyogre|Water Spout|p1a: Calyrex|[spread] p1b\n|-activate|p1a: Calyrex|move: Protect\n|-damage|p1b: Weezing|0 fnt\n|faint|p1b: Weezing\n|-end|p1b: Weezing|ability: Neutralizing Gas\n|\n|-weather|RainDance|[upkeep]\n|upkeep\n|turn|7\n|c|\u2606PierreDaSlick|gg, wp\n|-message|dnut1 forfeited.\n|\n|win|PierreDaSlick\n|raw|dnut1's rating: 1583 &rarr; <strong>1560<\/strong><br \/>(-23 for losing)\n|raw|PierreDaSlick's rating: 1529 &rarr; <strong>1552<\/strong><br \/>(+23 for winning)\n|l|\u2606dnut1\n|player|p1|\n|l|\u2606PierreDaSlick\n|player|p2|\n","uploadtime":1737093219,"views":16,"formatid":"gen9vgc2025regg","rating":1552,"private":0,"password":null}