{"id":"gen9vgc2025regg-2282601961","format":"[Gen 9] VGC 2025 Reg G","players":["Kwiper","Ninjaloki"],"log":"|j|\u2606Kwiper\n|j|\u2606Ninjaloki\n|t:|1737081067\n|gametype|doubles\n|player|p1|Kwiper|sycamore|1700\n|player|p2|Ninjaloki|2|1660\n|teamsize|p1|6\n|teamsize|p2|6\n|gen|9\n|tier|[Gen 9] VGC 2025 Reg G\n|rated|\n|rule|Species Clause: Limit one of each Pok\u00e9mon\n|rule|Item Clause: Limit 1 of each item\n|clearpoke\n|poke|p1|Koraidon, L50|\n|poke|p1|Flutter Mane, L50|\n|poke|p1|Raging Bolt, L50|\n|poke|p1|Tornadus, L50, M|\n|poke|p1|Chi-Yu, L50|\n|poke|p1|Bastiodon, L50, M|\n|poke|p2|Miraidon, L50|\n|poke|p2|Whimsicott, L50, M|\n|poke|p2|Urshifu-*, L50, M|\n|poke|p2|Ogerpon-Hearthflame, L50, F|\n|poke|p2|Farigiraf, L50, F|\n|poke|p2|Iron Hands, L50|\n|teampreview|4\n|inactive|Battle timer is ON: inactive players will automatically lose when time's up. (requested by Kwiper)\n|\n|t:|1737081087\n|start\n|switch|p1a: Tornadus|Tornadus, L50, M|100\/100\n|switch|p1b: Flutter Mane|Flutter Mane, L50|100\/100\n|switch|p2a: Miraidon|Miraidon, L50|100\/100\n|switch|p2b: Ogerpon|Ogerpon-Hearthflame, L50, F|100\/100\n|-fieldstart|move: Electric Terrain|[from] ability: Hadron Engine|[of] p2a: Miraidon\n|-ability|p2b: Ogerpon|Mold Breaker\n|turn|1\n|\n|t:|1737081104\n|-terastallize|p2a: Miraidon|Fairy\n|move|p1a: Tornadus|Tailwind|p1a: Tornadus\n|-sidestart|p1: Kwiper|move: Tailwind\n|move|p1b: Flutter Mane|Taunt|p2b: Ogerpon\n|-start|p2b: Ogerpon|move: Taunt\n|move|p2a: Miraidon|Dazzling Gleam|p1a: Tornadus|[spread] p1a,p1b\n|-damage|p1a: Tornadus|10\/100\n|-damage|p1b: Flutter Mane|31\/100\n|move|p2b: Ogerpon|Ivy Cudgel|p1b: Flutter Mane|[anim] Ivy Cudgel Fire\n|-damage|p1b: Flutter Mane|0 fnt\n|faint|p1b: Flutter Mane\n|-end|p1b: Flutter Mane|Protosynthesis|[silent]\n|\n|upkeep\n|\n|t:|1737081109\n|switch|p1b: Chi-Yu|Chi-Yu, L50|100\/100\n|-ability|p1b: Chi-Yu|Beads of Ruin\n|turn|2\n|\n|t:|1737081129\n|switch|p2a: Iron Hands|Iron Hands, L50|100\/100\n|-activate|p2a: Iron Hands|ability: Quark Drive\n|-start|p2a: Iron Hands|quarkdriveatk\n|move|p1a: Tornadus|Bleakwind Storm|p2b: Ogerpon|[spread] p2b\n|-miss|p1a: Tornadus|p2a: Iron Hands\n|-supereffective|p2b: Ogerpon\n|-crit|p2b: Ogerpon\n|-damage|p2b: Ogerpon|0 fnt\n|faint|p2b: Ogerpon\n|move|p1b: Chi-Yu|Heat Wave|p2a: Iron Hands\n|-damage|p2a: Iron Hands|51\/100\n|-status|p2a: Iron Hands|brn\n|\n|-damage|p2a: Iron Hands|45\/100 brn|[from] brn\n|upkeep\n|\n|t:|1737081145\n|switch|p2b: Whimsicott|Whimsicott, L50, M|100\/100\n|turn|3\n|inactive|Ninjaloki has 30 seconds left.\n|\n|t:|1737081175\n|switch|p1a: Koraidon|Koraidon, L50|100\/100\n|-weather|SunnyDay|[from] ability: Orichalcum Pulse|[of] p1a: Koraidon\n|-activate|p1a: Koraidon|Orichalcum Pulse|[source]\n|move|p2a: Iron Hands|Fake Out|p1b: Chi-Yu\n|-damage|p1b: Chi-Yu|84\/100\n|cant|p1b: Chi-Yu|flinch\n|move|p2b: Whimsicott|Moonblast|p1a: Koraidon\n|-supereffective|p1a: Koraidon\n|-damage|p1a: Koraidon|0 fnt\n|faint|p1a: Koraidon\n|\n|-weather|SunnyDay|[upkeep]\n|-damage|p2a: Iron Hands|39\/100 brn|[from] brn\n|upkeep\n|\n|t:|1737081181\n|switch|p1a: Tornadus|Tornadus, L50, M|10\/100\n|turn|4\n|\n|t:|1737081205\n|move|p2b: Whimsicott|Tailwind|p2b: Whimsicott\n|-sidestart|p2: Ninjaloki|move: Tailwind\n|move|p1a: Tornadus|Bleakwind Storm|p2a: Iron Hands|[spread] \n|-miss|p1a: Tornadus|p2a: Iron Hands\n|-miss|p1a: Tornadus|p2b: Whimsicott\n|move|p1b: Chi-Yu|Heat Wave|p2a: Iron Hands|[spread] p2a,p2b\n|-supereffective|p2b: Whimsicott\n|-damage|p2a: Iron Hands|0 fnt\n|-damage|p2b: Whimsicott|0 fnt\n|faint|p2a: Iron Hands\n|-end|p2a: Iron Hands|Quark Drive|[silent]\n|faint|p2b: Whimsicott\n|\n|-weather|SunnyDay|[upkeep]\n|-sideend|p1: Kwiper|move: Tailwind\n|upkeep\n|\n|t:|1737081221\n|switch|p2b: Miraidon|Miraidon, L50, tera:Fairy|100\/100\n|-activate|p2b: Miraidon|ability: Hadron Engine\n|turn|5\n|\n|t:|1737081232\n|move|p1a: Tornadus|Tailwind|p1a: Tornadus\n|-sidestart|p1: Kwiper|move: Tailwind\n|move|p2b: Miraidon|Dazzling Gleam|p1b: Chi-Yu|[spread] p1a,p1b\n|-crit|p1b: Chi-Yu\n|-damage|p1a: Tornadus|0 fnt\n|-damage|p1b: Chi-Yu|0 fnt\n|faint|p1a: Tornadus\n|faint|p1b: Chi-Yu\n|\n|win|Ninjaloki\n|raw|Kwiper's rating: 1700 &rarr; <strong>1678<\/strong><br \/>(-22 for losing)\n|raw|Ninjaloki's rating: 1660 &rarr; <strong>1682<\/strong><br \/>(+22 for winning)\n|l|\u2606Kwiper\n|player|p1|\n|l|\u2606Ninjaloki\n|player|p2|\n|j|\u2606Ninjaloki\n|player|p2|Ninjaloki|2|\n|l|\u2606Ninjaloki\n|player|p2|\n","uploadtime":1737081411,"views":105,"formatid":"gen9vgc2025regg","rating":1678,"private":0,"password":null}