{"id":"gen9vgc2025regg-2282606626","format":"[Gen 9] VGC 2025 Reg G","players":["GG=Groudon Gaming","MaxDOM"],"log":"|j|\u2606GG=Groudon Gaming\n|j|\u2606MaxDOM\n|t:|1737081695\n|gametype|doubles\n|player|p1|GG=Groudon Gaming|may-masters2|1591\n|player|p2|MaxDOM|169|1565\n|teamsize|p1|6\n|teamsize|p2|6\n|gen|9\n|tier|[Gen 9] VGC 2025 Reg G\n|rated|\n|rule|Species Clause: Limit one of each Pok\u00e9mon\n|rule|Item Clause: Limit 1 of each item\n|clearpoke\n|poke|p1|Groudon, L50|\n|poke|p1|Bronzong, L50|\n|poke|p1|Raging Bolt, L50|\n|poke|p1|Flutter Mane, L50|\n|poke|p1|Ogerpon-Cornerstone, L50, F|\n|poke|p1|Gouging Fire, L50|\n|poke|p2|Calyrex-Ice, L50|\n|poke|p2|Indeedee-F, L50, F|\n|poke|p2|Torkoal, L50, M|\n|poke|p2|Rillaboom, L50, F|\n|poke|p2|Urshifu-*, L50, M|\n|poke|p2|Flutter Mane, L50|\n|teampreview|4\n|inactive|Battle timer is ON: inactive players will automatically lose when time's up. (requested by GG=Groudon Gaming)\n|inactive|MaxDOM has 60 seconds left.\n|\n|t:|1737081736\n|start\n|switch|p1a: Groudon|Groudon, L50|100\/100\n|switch|p1b: Bronzong|Bronzong, L50|100\/100\n|switch|p2a: Calyrex|Calyrex-Ice, L50|100\/100\n|switch|p2b: Indeedee|Indeedee-F, L50, F|100\/100\n|-ability|p2a: Calyrex|As One\n|-ability|p2a: Calyrex|Unnerve\n|-fieldstart|move: Psychic Terrain|[from] ability: Psychic Surge|[of] p2b: Indeedee\n|-weather|SunnyDay|[from] ability: Drought|[of] p1a: Groudon\n|turn|1\n|\n|t:|1737081749\n|-terastallize|p1a: Groudon|Fire\n|move|p2b: Indeedee|Follow Me|p2b: Indeedee\n|-singleturn|p2b: Indeedee|move: Follow Me\n|move|p1a: Groudon|Heat Crash|p2b: Indeedee\n|-enditem|p2b: Indeedee|Focus Sash\n|-damage|p2b: Indeedee|1\/100\n|move|p2a: Calyrex|Curse|p2a: Calyrex\n|-unboost|p2a: Calyrex|spe|1\n|-boost|p2a: Calyrex|atk|1\n|-boost|p2a: Calyrex|def|1\n|move|p1b: Bronzong|Gravity|p1b: Bronzong\n|-fieldstart|move: Gravity\n|\n|-weather|SunnyDay|[upkeep]\n|upkeep\n|turn|2\n|\n|t:|1737081763\n|move|p2b: Indeedee|Follow Me|p2b: Indeedee\n|-singleturn|p2b: Indeedee|move: Follow Me\n|move|p1a: Groudon|Precipice Blades|p2b: Indeedee|[spread] p2a,p2b\n|-damage|p2a: Calyrex|79\/100\n|-damage|p2b: Indeedee|0 fnt\n|faint|p2b: Indeedee\n|move|p1b: Bronzong|Trick Room|p1b: Bronzong\n|-fieldstart|move: Trick Room|[of] p1b: Bronzong\n|move|p2a: Calyrex|Trick Room|p2a: Calyrex\n|-fieldend|move: Trick Room\n|\n|-weather|SunnyDay|[upkeep]\n|upkeep\n|\n|t:|1737081774\n|switch|p2b: Urshifu|Urshifu, L50, M|100\/100\n|turn|3\n|\n|t:|1737081784\n|-terastallize|p2a: Calyrex|Dark\n|move|p1a: Groudon|Precipice Blades|p2a: Calyrex|[spread] p2a,p2b\n|-crit|p2b: Urshifu\n|-damage|p2a: Calyrex|57\/100\n|-damage|p2b: Urshifu|30\/100\n|move|p2b: Urshifu|Wicked Blow|p1b: Bronzong\n|-supereffective|p1b: Bronzong\n|-crit|p1b: Bronzong\n|-damage|p1b: Bronzong|0 fnt\n|faint|p1b: Bronzong\n|move|p2a: Calyrex|Trick Room|p2a: Calyrex\n|-fieldstart|move: Trick Room|[of] p2a: Calyrex\n|\n|-weather|SunnyDay|[upkeep]\n|upkeep\n|inactive|GG=Groudon Gaming has 30 seconds left.\n|\n|t:|1737081816\n|switch|p1b: Ogerpon|Ogerpon-Cornerstone, L50, F|100\/100\n|turn|4\n|\n|t:|1737081825\n|move|p1b: Ogerpon|Follow Me|p1b: Ogerpon\n|-singleturn|p1b: Ogerpon|move: Follow Me\n|move|p2a: Calyrex|Curse|p2a: Calyrex\n|-unboost|p2a: Calyrex|spe|1\n|-boost|p2a: Calyrex|atk|1\n|-boost|p2a: Calyrex|def|1\n|move|p2b: Urshifu|Close Combat|p1b: Ogerpon\n|-supereffective|p1b: Ogerpon\n|-ability|p1b: Ogerpon|Sturdy\n|-damage|p1b: Ogerpon|1\/100\n|-unboost|p2b: Urshifu|def|1\n|-unboost|p2b: Urshifu|spd|1\n|move|p1a: Groudon|Precipice Blades|p2b: Urshifu|[spread] p2a,p2b\n|-damage|p2a: Calyrex|40\/100\n|-damage|p2b: Urshifu|0 fnt\n|faint|p2b: Urshifu\n|\n|-weather|SunnyDay|[upkeep]\n|upkeep\n|\n|t:|1737081827\n|switch|p2b: Torkoal|Torkoal, L50, M|100\/100\n|turn|5\n|\n|t:|1737081838\n|move|p1a: Groudon|Protect|p1a: Groudon\n|-singleturn|p1a: Groudon|Protect\n|move|p2b: Torkoal|Eruption|p1a: Groudon|[spread] p1b\n|-activate|p1a: Groudon|move: Protect\n|-damage|p1b: Ogerpon|0 fnt\n|faint|p1b: Ogerpon\n|move|p2a: Calyrex|Glacial Lance|p1a: Groudon\n|-activate|p1a: Groudon|move: Protect\n|\n|-weather|none\n|-fieldend|move: Gravity\n|-fieldend|move: Psychic Terrain\n|upkeep\n|\n|t:|1737081839\n|switch|p1b: Raging Bolt|Raging Bolt, L50|100\/100\n|turn|6\n|j| yheagrfh\n|\n|t:|1737081854\n|move|p1a: Groudon|Helping Hand|p1b: Raging Bolt\n|-singleturn|p1b: Raging Bolt|Helping Hand|[of] p1a: Groudon\n|move|p1b: Raging Bolt|Thunderclap|p2a: Calyrex\n|-damage|p2a: Calyrex|8\/100\n|move|p2b: Torkoal|Eruption|p1a: Groudon|[spread] p1a,p1b\n|-resisted|p1a: Groudon\n|-crit|p1a: Groudon\n|-resisted|p1b: Raging Bolt\n|-damage|p1a: Groudon|58\/100\n|-damage|p1b: Raging Bolt|80\/100\n|move|p2a: Calyrex|Glacial Lance|p1b: Raging Bolt|[spread] p1a,p1b\n|-resisted|p1a: Groudon\n|-supereffective|p1b: Raging Bolt\n|-crit|p1b: Raging Bolt\n|-damage|p1a: Groudon|28\/100\n|-damage|p1b: Raging Bolt|0 fnt\n|faint|p1b: Raging Bolt\n|-end|p1b: Raging Bolt|Protosynthesis|[silent]\n|-ability|p2a: Calyrex|Chilling Neigh|boost\n|-boost|p2a: Calyrex|atk|1\n|\n|upkeep\n|turn|7\n|\n|t:|1737081866\n|move|p1a: Groudon|Protect|p1a: Groudon\n|-singleturn|p1a: Groudon|Protect\n|move|p2b: Torkoal|Eruption|p1a: Groudon\n|-activate|p1a: Groudon|move: Protect\n|move|p2a: Calyrex|Tera Blast|p1a: Groudon|[anim] Tera Blast Dark\n|-activate|p1a: Groudon|move: Protect\n|\n|-fieldend|move: Trick Room\n|upkeep\n|turn|8\n|\n|t:|1737081869\n|move|p1a: Groudon|Precipice Blades|p2a: Calyrex|[spread] p2a,p2b\n|-supereffective|p2b: Torkoal\n|-damage|p2a: Calyrex|0 fnt\n|-damage|p2b: Torkoal|19\/100\n|faint|p2a: Calyrex\n|move|p2b: Torkoal|Eruption|p1a: Groudon\n|-resisted|p1a: Groudon\n|-damage|p1a: Groudon|20\/100\n|\n|upkeep\n|turn|9\n|-message|MaxDOM forfeited.\n|\n|win|GG=Groudon Gaming\n|raw|GG=Groudon Gaming's rating: 1579 &rarr; <strong>1598<\/strong><br \/>(+19 for winning)\n|raw|MaxDOM's rating: 1565 &rarr; <strong>1546<\/strong><br \/>(-19 for losing)\n|l|\u2606MaxDOM\n|player|p2|\n|l|\u2606GG=Groudon Gaming\n|player|p1|\n|l| yheagrfh\n","uploadtime":1737081874,"views":23,"formatid":"gen9vgc2025regg","rating":1546,"private":0,"password":null}