{"id":"gen9vgc2025regg-2282213363","format":"[Gen 9] VGC 2025 Reg G","players":["actuary97","koji muranishi"],"log":"|j|\u2606actuary97\n|j|\u2606koji muranishi\n|t:|1737037470\n|gametype|doubles\n|player|p1|actuary97|sabrina-frlg|1585\n|player|p2|koji muranishi|266|1630\n|teamsize|p1|6\n|teamsize|p2|6\n|gen|9\n|tier|[Gen 9] VGC 2025 Reg G\n|rated|\n|rule|Species Clause: Limit one of each Pok\u00e9mon\n|rule|Item Clause: Limit 1 of each item\n|clearpoke\n|poke|p1|Amoonguss, L50, M|\n|poke|p1|Comfey, L50, M|\n|poke|p1|Whimsicott, L50, M|\n|poke|p1|Rillaboom, L50, M|\n|poke|p1|Kyogre, L50|\n|poke|p1|Archaludon, L50, M|\n|poke|p2|Whimsicott, L50, M|\n|poke|p2|Calyrex-Ice, L50|\n|poke|p2|Urshifu-*, L50, F|\n|poke|p2|Ogerpon-Cornerstone, L50, F|\n|poke|p2|Raging Bolt, L50|\n|poke|p2|Archaludon, L50, M|\n|teampreview|4\nactuary97 has agreed to open team sheets.\n|inactive|Battle timer is ON: inactive players will automatically lose when time's up. (requested by koji muranishi)\n|inactive|actuary97 has 60 seconds left.\n|j| play sos wednesday\n|\n|t:|1737037520\n|start\n|switch|p1a: Rillaboom|Rillaboom, L50, M, shiny|100\/100\n|switch|p1b: Archaludon|Archaludon, L50, M, shiny|100\/100\n|switch|p2a: Calyrex|Calyrex-Ice, L50|100\/100\n|switch|p2b: Raging Bolt|Raging Bolt, L50|100\/100\n|-ability|p2a: Calyrex|As One\n|-ability|p2a: Calyrex|Unnerve\n|-fieldstart|move: Grassy Terrain|[from] ability: Grassy Surge|[of] p1a: Rillaboom\n|turn|1\n|\n|t:|1737037536\n|move|p1a: Rillaboom|Fake Out|p2a: Calyrex\n|-damage|p2a: Calyrex|89\/100\n|move|p2b: Raging Bolt|Draco Meteor|p1b: Archaludon\n|-damage|p1b: Archaludon|34\/100\n|-unboost|p2b: Raging Bolt|spa|2\n|-ability|p1b: Archaludon|Stamina|boost\n|-boost|p1b: Archaludon|def|1\n|-damage|p2b: Raging Bolt|91\/100|[from] item: Life Orb\n|move|p1b: Archaludon|Snarl|p2a: Calyrex|[spread] p2a,p2b\n|-supereffective|p2a: Calyrex\n|-damage|p2a: Calyrex|68\/100\n|-damage|p2b: Raging Bolt|78\/100\n|-unboost|p2a: Calyrex|spa|1\n|-unboost|p2b: Raging Bolt|spa|1\n|cant|p2a: Calyrex|flinch\n|\n|-heal|p2b: Raging Bolt|84\/100|[from] Grassy Terrain\n|-heal|p1b: Archaludon|40\/100|[from] Grassy Terrain\n|-heal|p2a: Calyrex|74\/100|[from] Grassy Terrain\n|upkeep\n|turn|2\n|inactive|actuary97 has 30 seconds left.\n|inactive|koji muranishi has 30 seconds left.\n|\n|t:|1737037569\n|-end|p2b: Raging Bolt|Protosynthesis|[silent]\n|switch|p2b: Archaludon|Archaludon, L50, M|100\/100\n|-terastallize|p2a: Calyrex|Ice\n|move|p1a: Rillaboom|U-turn|p2a: Calyrex\n|-damage|p2a: Calyrex|56\/100\n|\n|t:|1737037575\n|switch|p1a: Comfey|Comfey, L50, M, shiny|100\/100|[from] U-turn\n|move|p1b: Archaludon|Flash Cannon|p2a: Calyrex\n|-supereffective|p2a: Calyrex\n|-damage|p2a: Calyrex|0 fnt\n|faint|p2a: Calyrex\n|\n|-heal|p1b: Archaludon|46\/100|[from] Grassy Terrain\n|upkeep\n|\n|t:|1737037591\n|switch|p2a: Raging Bolt|Raging Bolt, L50|84\/100\n|turn|3\n|\n|t:|1737037598\n|move|p1a: Comfey|Floral Healing|p1b: Archaludon\n|-heal|p1b: Archaludon|100\/100\n|move|p2b: Archaludon|Electro Shot||[still]\n|-prepare|p2b: Archaludon|Electro Shot\n|-boost|p2b: Archaludon|spa|1\n|-enditem|p2b: Archaludon|Power Herb\n|-anim|p2b: Archaludon|Electro Shot|p1a: Comfey\n|-damage|p1a: Comfey|23\/100\n|move|p2a: Raging Bolt|Thunderbolt|p1a: Comfey\n|-damage|p1a: Comfey|0 fnt\n|faint|p1a: Comfey\n|-damage|p2a: Raging Bolt|74\/100|[from] item: Life Orb\n|move|p1b: Archaludon|Body Press|p2a: Raging Bolt\n|-damage|p2a: Raging Bolt|42\/100\n|\n|-heal|p2a: Raging Bolt|48\/100|[from] Grassy Terrain\n|upkeep\n|\n|t:|1737037611\n|switch|p1a: Rillaboom|Rillaboom, L50, M, shiny|100\/100\n|turn|4\n|\n|t:|1737037619\n|move|p2b: Archaludon|Protect|p2b: Archaludon\n|-singleturn|p2b: Archaludon|Protect\n|move|p2a: Raging Bolt|Protect|p2a: Raging Bolt\n|-singleturn|p2a: Raging Bolt|Protect\n|move|p1a: Rillaboom|Bullet Seed|p1b: Archaludon\n|-resisted|p1b: Archaludon\n|-damage|p1b: Archaludon|98\/100\n|-ability|p1b: Archaludon|Stamina|boost\n|-boost|p1b: Archaludon|def|1\n|-resisted|p1b: Archaludon\n|-damage|p1b: Archaludon|97\/100\n|-ability|p1b: Archaludon|Stamina|boost\n|-boost|p1b: Archaludon|def|1\n|-resisted|p1b: Archaludon\n|-damage|p1b: Archaludon|95\/100\n|-ability|p1b: Archaludon|Stamina|boost\n|-boost|p1b: Archaludon|def|1\n|-resisted|p1b: Archaludon\n|-damage|p1b: Archaludon|94\/100\n|-ability|p1b: Archaludon|Stamina|boost\n|-boost|p1b: Archaludon|def|1\n|-resisted|p1b: Archaludon\n|-damage|p1b: Archaludon|93\/100\n|-ability|p1b: Archaludon|Stamina|boost\n|-boost|p1b: Archaludon|def|1\n|-hitcount|p1b: Archaludon|5\n|move|p1b: Archaludon|Body Press|p2b: Archaludon\n|-activate|p2b: Archaludon|move: Protect\n|\n|-heal|p2a: Raging Bolt|54\/100|[from] Grassy Terrain\n|-heal|p1b: Archaludon|99\/100|[from] Grassy Terrain\n|upkeep\n|turn|5\n|inactive|koji muranishi has 30 seconds left.\n|\n|t:|1737037650\n|move|p2b: Archaludon|Draco Meteor|p1b: Archaludon\n|-damage|p1b: Archaludon|22\/100\n|-unboost|p2b: Archaludon|spa|2\n|move|p1a: Rillaboom|Knock Off|p2a: Raging Bolt\n|-damage|p2a: Raging Bolt|25\/100\n|-enditem|p2a: Raging Bolt|Life Orb|[from] move: Knock Off|[of] p1a: Rillaboom\n|move|p2a: Raging Bolt|Draco Meteor|p1b: Archaludon\n|-damage|p1b: Archaludon|0 fnt\n|-unboost|p2a: Raging Bolt|spa|2\n|faint|p1b: Archaludon\n|\n|-heal|p2a: Raging Bolt|31\/100|[from] Grassy Terrain\n|-fieldend|move: Grassy Terrain\n|upkeep\n|\n|t:|1737037660\n|switch|p1b: Kyogre|Kyogre, L50, shiny|100\/100\n|-weather|RainDance|[from] ability: Drizzle|[of] p1b: Kyogre\n|turn|6\n|\n|t:|1737037675\n|-terastallize|p1b: Kyogre|Grass\n|move|p2a: Raging Bolt|Protect|p2a: Raging Bolt\n|-singleturn|p2a: Raging Bolt|Protect\n|move|p2b: Archaludon|Electro Shot||[still]\n|-prepare|p2b: Archaludon|Electro Shot\n|-boost|p2b: Archaludon|spa|1\n|-anim|p2b: Archaludon|Electro Shot|p1b: Kyogre\n|-resisted|p1b: Kyogre\n|-damage|p1b: Kyogre|84\/100\n|move|p1b: Kyogre|Calm Mind|p1b: Kyogre\n|-boost|p1b: Kyogre|spa|1\n|-boost|p1b: Kyogre|spd|1\n|move|p1a: Rillaboom|Bullet Seed|p2a: Raging Bolt\n|-activate|p2a: Raging Bolt|move: Protect\n|\n|-weather|RainDance|[upkeep]\n|upkeep\n|turn|7\n|inactive|koji muranishi has 30 seconds left.\n|\n|t:|1737037700\n|move|p2b: Archaludon|Draco Meteor|p1a: Rillaboom\n|-damage|p1a: Rillaboom|21\/100\n|-unboost|p2b: Archaludon|spa|2\n|move|p1b: Kyogre|Ice Beam|p2b: Archaludon\n|-damage|p2b: Archaludon|31\/100\n|move|p1a: Rillaboom|Bullet Seed|p2a: Raging Bolt\n|-resisted|p2a: Raging Bolt\n|-damage|p2a: Raging Bolt|24\/100\n|-resisted|p2a: Raging Bolt\n|-damage|p2a: Raging Bolt|18\/100\n|-resisted|p2a: Raging Bolt\n|-damage|p2a: Raging Bolt|11\/100\n|-resisted|p2a: Raging Bolt\n|-damage|p2a: Raging Bolt|4\/100\n|-hitcount|p2a: Raging Bolt|4\n|move|p2a: Raging Bolt|Draco Meteor|p1a: Rillaboom|[miss]\n|-miss|p2a: Raging Bolt|p1a: Rillaboom\n|\n|-weather|RainDance|[upkeep]\n|upkeep\n|turn|8\n|inactive|koji muranishi has 30 seconds left.\n|\n|t:|1737037730\n|move|p2b: Archaludon|Draco Meteor|p1a: Rillaboom\n|-damage|p1a: Rillaboom|0 fnt\n|-unboost|p2b: Archaludon|spa|2\n|faint|p1a: Rillaboom\n|move|p1b: Kyogre|Water Spout|p2a: Raging Bolt|[spread] p2a,p2b\n|-resisted|p2a: Raging Bolt\n|-resisted|p2b: Archaludon\n|-crit|p2b: Archaludon\n|-damage|p2a: Raging Bolt|0 fnt\n|-damage|p2b: Archaludon|0 fnt\n|faint|p2a: Raging Bolt\n|-end|p2a: Raging Bolt|Protosynthesis|[silent]\n|faint|p2b: Archaludon\n|\n|-weather|RainDance|[upkeep]\n|upkeep\n|\n|t:|1737037744\n|switch|p2a: Ogerpon|Ogerpon-Cornerstone, L50, F|100\/100\n|turn|9\n|\n|t:|1737037748\n|move|p2a: Ogerpon|Ivy Cudgel|p1b: Kyogre|[anim] Ivy Cudgel Rock\n|-damage|p1b: Kyogre|32\/100\n|move|p1b: Kyogre|Ice Beam|p2a: Ogerpon\n|-supereffective|p2a: Ogerpon\n|-ability|p2a: Ogerpon|Sturdy\n|-damage|p2a: Ogerpon|1\/100\n|\n|-weather|RainDance|[upkeep]\n|upkeep\n|turn|10\n|\n|t:|1737037759\n|move|p2a: Ogerpon|Ivy Cudgel|p1b: Kyogre|[anim] Ivy Cudgel Rock\n|-damage|p1b: Kyogre|0 fnt\n|faint|p1b: Kyogre\n|\n|win|koji muranishi\n|raw|actuary97's rating: 1585 &rarr; <strong>1568<\/strong><br \/>(-17 for losing)\n|raw|koji muranishi's rating: 1630 &rarr; <strong>1647<\/strong><br \/>(+17 for winning)\n|l|\u2606actuary97\n|player|p1|\n|l| play sos wednesday\n|l|\u2606koji muranishi\n|player|p2|\n","uploadtime":1737037989,"views":19,"formatid":"gen9vgc2025regg","rating":1568,"private":0,"password":null}