{"id":"gen9vgc2025regg-2282078085","format":"[Gen 9] VGC 2025 Reg G","players":["BigSalta","bluestraggler02"],"log":"|j|\u2606BigSalta\n|j|\u2606bluestraggler02\n|t:|1737015717\n|gametype|doubles\n|player|p1|BigSalta|2|1670\n|player|p2|bluestraggler02|102|1570\n|teamsize|p1|6\n|teamsize|p2|6\n|gen|9\n|tier|[Gen 9] VGC 2025 Reg G\n|rated|\n|rule|Species Clause: Limit one of each Pok\u00e9mon\n|rule|Item Clause: Limit 1 of each item\n|clearpoke\n|poke|p1|Kyogre, L50|\n|poke|p1|Roaring Moon, L50|\n|poke|p1|Amoonguss, L50, M|\n|poke|p1|Incineroar, L50, F|\n|poke|p1|Rillaboom, L50, M|\n|poke|p1|Urshifu-*, L50, F|\n|poke|p2|Groudon, L50|\n|poke|p2|Gouging Fire, L50|\n|poke|p2|Brute Bonnet, L50|\n|poke|p2|Walking Wake, L50|\n|poke|p2|Farigiraf, L50, F|\n|poke|p2|Torkoal, L50, M|\n|teampreview|4\n|inactive|Battle timer is ON: inactive players will automatically lose when time's up. (requested by bluestraggler02)\nbluestraggler02 rejected open team sheets.\n|l|\u2606bluestraggler02\n|inactive|bluestraggler02 disconnected and has a minute to reconnect!\n|player|p2|\n|j|\u2606bluestraggler02\n|inactive|bluestraggler02 reconnected.\n|player|p2|bluestraggler02|102|\n|\n|t:|1737015758\n|start\n|switch|p1a: Roaring Moon|Roaring Moon, L50|100\/100\n|switch|p1b: Kyogre|Kyogre, L50|100\/100\n|switch|p2a: Groudon|Groudon, L50|100\/100\n|switch|p2b: Farigiraf|Farigiraf, L50, F|100\/100\n|-weather|SunnyDay|[from] ability: Drought|[of] p2a: Groudon\n|-activate|p1a: Roaring Moon|ability: Protosynthesis\n|-start|p1a: Roaring Moon|protosynthesisspe\n|-weather|RainDance|[from] ability: Drizzle|[of] p1b: Kyogre\n|-end|p1a: Roaring Moon|Protosynthesis\n|-enditem|p1a: Roaring Moon|Booster Energy\n|-activate|p1a: Roaring Moon|ability: Protosynthesis|[fromitem]\n|-start|p1a: Roaring Moon|protosynthesisspe\n|turn|1\n|\n|t:|1737015781\n|-terastallize|p2b: Farigiraf|Water\n|move|p2a: Groudon|Protect|p2a: Groudon\n|-singleturn|p2a: Groudon|Protect\n|move|p1a: Roaring Moon|Knock Off|p2a: Groudon\n|-activate|p2a: Groudon|move: Protect\n|move|p1b: Kyogre|Origin Pulse|p2b: Farigiraf|[spread] p2b\n|-activate|p2a: Groudon|move: Protect\n|-resisted|p2b: Farigiraf\n|-damage|p2b: Farigiraf|71\/100\n|move|p2b: Farigiraf|Trick Room|p2b: Farigiraf\n|-fieldstart|move: Trick Room|[of] p2b: Farigiraf\n|\n|-weather|RainDance|[upkeep]\n|upkeep\n|turn|2\n|\n|t:|1737015801\n|switch|p2a: Brute Bonnet|Brute Bonnet, L50|100\/100\n|move|p2b: Farigiraf|Hyper Voice|p1b: Kyogre|[spread] p1a,p1b\n|-damage|p1a: Roaring Moon|75\/100\n|-damage|p1b: Kyogre|85\/100\n|move|p1b: Kyogre|Origin Pulse|p2a: Brute Bonnet|[spread] p2a,p2b\n|-resisted|p2a: Brute Bonnet\n|-resisted|p2b: Farigiraf\n|-damage|p2a: Brute Bonnet|74\/100\n|-damage|p2b: Farigiraf|42\/100\n|move|p1a: Roaring Moon|Knock Off|p2a: Brute Bonnet\n|-resisted|p2a: Brute Bonnet\n|-damage|p2a: Brute Bonnet|57\/100\n|-enditem|p2a: Brute Bonnet|Covert Cloak|[from] move: Knock Off|[of] p1a: Roaring Moon\n|\n|-weather|RainDance|[upkeep]\n|-heal|p1b: Kyogre|91\/100|[from] item: Leftovers\n|upkeep\n|turn|3\n|l|\u2606bluestraggler02\n|inactive|bluestraggler02 disconnected and has a minute to reconnect!\n|player|p2|\n|j|\u2606bluestraggler02\n|inactive|bluestraggler02 reconnected and has 45 seconds left.\n|player|p2|bluestraggler02|102|\n|inactive|BigSalta has 30 seconds left.\n|\n|t:|1737015834\n|switch|p1b: Incineroar|Incineroar, L50, F|100\/100\n|-ability|p1b: Incineroar|Intimidate|boost\n|-unboost|p2a: Brute Bonnet|atk|1\n|-unboost|p2b: Farigiraf|atk|1\n|move|p2a: Brute Bonnet|Sucker Punch||[still]\n|-fail|p2a: Brute Bonnet\n|move|p2b: Farigiraf|Hyper Voice|p1a: Roaring Moon|[spread] p1a,p1b\n|-damage|p1a: Roaring Moon|52\/100\n|-damage|p1b: Incineroar|81\/100\n|move|p1a: Roaring Moon|Acrobatics|p2a: Brute Bonnet\n|-supereffective|p2a: Brute Bonnet\n|-damage|p2a: Brute Bonnet|6\/100\n|\n|-weather|RainDance|[upkeep]\n|upkeep\n|turn|4\n|inactive|BigSalta has 30 seconds left.\n|inactive|BigSalta has 20 seconds left.\n|\n|t:|1737015870\n|move|p1a: Roaring Moon|Protect|p1a: Roaring Moon\n|-singleturn|p1a: Roaring Moon|Protect\n|move|p2a: Brute Bonnet|Rage Powder|p2a: Brute Bonnet\n|-singleturn|p2a: Brute Bonnet|move: Rage Powder\n|move|p2b: Farigiraf|Hyper Voice|p1a: Roaring Moon|[spread] p1b\n|-activate|p1a: Roaring Moon|move: Protect\n|-damage|p1b: Incineroar|59\/100\n|move|p1b: Incineroar|Knock Off|p2b: Farigiraf\n|-damage|p2b: Farigiraf|12\/100\n|-enditem|p2b: Farigiraf|Mental Herb|[from] move: Knock Off|[of] p1b: Incineroar\n|\n|-weather|RainDance|[upkeep]\n|upkeep\n|turn|5\n|\n|t:|1737015891\n|-end|p1a: Roaring Moon|Protosynthesis|[silent]\n|switch|p1a: Rillaboom|Rillaboom, L50, M|100\/100\n|-fieldstart|move: Grassy Terrain|[from] ability: Grassy Surge|[of] p1a: Rillaboom\n|move|p2a: Brute Bonnet|Spore|p1a: Rillaboom\n|-immune|p1a: Rillaboom\n|move|p2b: Farigiraf|Hyper Voice|p1a: Rillaboom|[spread] p1a,p1b\n|-damage|p1a: Rillaboom|82\/100\n|-damage|p1b: Incineroar|39\/100\n|move|p1b: Incineroar|Knock Off|p2b: Farigiraf\n|-damage|p2b: Farigiraf|0 fnt\n|faint|p2b: Farigiraf\n|\n|-weather|none\n|-heal|p2a: Brute Bonnet|12\/100|[from] Grassy Terrain\n|-heal|p1b: Incineroar|45\/100|[from] Grassy Terrain\n|-heal|p1a: Rillaboom|87\/100|[from] Grassy Terrain\n|-fieldend|move: Trick Room\n|upkeep\n|\n|t:|1737015900\n|switch|p2b: Groudon|Groudon, L50|100\/100\n|-weather|SunnyDay|[from] ability: Drought|[of] p2b: Groudon\n|-activate|p2a: Brute Bonnet|ability: Protosynthesis\n|-start|p2a: Brute Bonnet|protosynthesisdef\n|turn|6\n|inactive|BigSalta has 30 seconds left.\n|inactive|bluestraggler02 has 30 seconds left.\n|\n|t:|1737015936\n|move|p1a: Rillaboom|Fake Out|p2b: Groudon\n|-damage|p2b: Groudon|91\/100\n|move|p2a: Brute Bonnet|Sucker Punch||[still]\n|-fail|p2a: Brute Bonnet\n|cant|p2b: Groudon|flinch\n|move|p1b: Incineroar|Parting Shot|p2a: Brute Bonnet\n|-unboost|p2a: Brute Bonnet|atk|1\n|-unboost|p2a: Brute Bonnet|spa|1\n|\n|t:|1737015949\n|switch|p1b: Roaring Moon|Roaring Moon, L50|52\/100|[from] Parting Shot\n|-activate|p1b: Roaring Moon|ability: Protosynthesis\n|-start|p1b: Roaring Moon|protosynthesisspe\n|\n|-weather|SunnyDay|[upkeep]\n|-heal|p1b: Roaring Moon|58\/100|[from] Grassy Terrain\n|-heal|p2b: Groudon|97\/100|[from] Grassy Terrain\n|-heal|p1a: Rillaboom|93\/100|[from] Grassy Terrain\n|-heal|p2a: Brute Bonnet|18\/100|[from] Grassy Terrain\n|upkeep\n|turn|7\n|\n|t:|1737015972\n|move|p2a: Brute Bonnet|Sucker Punch|p1a: Rillaboom\n|-damage|p1a: Rillaboom|81\/100\n|move|p1b: Roaring Moon|Tailwind|p1b: Roaring Moon\n|-sidestart|p1: BigSalta|move: Tailwind\n|move|p1a: Rillaboom|Wood Hammer|p2b: Groudon\n|-supereffective|p2b: Groudon\n|-damage|p2b: Groudon|0 fnt\n|faint|p2b: Groudon\n|-damage|p1a: Rillaboom|49\/100|[from] Recoil\n|\n|-weather|SunnyDay|[upkeep]\n|-heal|p1b: Roaring Moon|64\/100|[from] Grassy Terrain\n|-heal|p1a: Rillaboom|55\/100|[from] Grassy Terrain\n|-heal|p2a: Brute Bonnet|24\/100|[from] Grassy Terrain\n|upkeep\n|-message|bluestraggler02 forfeited.\n|\n|win|BigSalta\n|raw|BigSalta's rating: 1670 &rarr; <strong>1684<\/strong><br \/>(+14 for winning)\n|raw|bluestraggler02's rating: 1570 &rarr; <strong>1556<\/strong><br \/>(-14 for losing)\n|l|\u2606bluestraggler02\n|player|p2|\n|l|\u2606BigSalta\n|player|p1|\n","uploadtime":1737016145,"views":24,"formatid":"gen9vgc2025regg","rating":1556,"private":0,"password":null}