{"id":"gen9vgc2025regg-2282185152","format":"[Gen 9] VGC 2025 Reg G","players":["actuary97","AxeP91"],"log":"|j|\u2606actuary97\n|j|\u2606AxeP91\n|t:|1737033949\n|gametype|doubles\n|player|p1|actuary97|sabrina-frlg|1601\n|player|p2|AxeP91|169|1634\n|teamsize|p1|6\n|teamsize|p2|6\n|gen|9\n|tier|[Gen 9] VGC 2025 Reg G\n|rated|\n|rule|Species Clause: Limit one of each Pok\u00e9mon\n|rule|Item Clause: Limit 1 of each item\n|clearpoke\n|poke|p1|Amoonguss, L50, F|\n|poke|p1|Comfey, L50, M|\n|poke|p1|Whimsicott, L50, M|\n|poke|p1|Rillaboom, L50, F|\n|poke|p1|Kyogre, L50|\n|poke|p1|Archaludon, L50, M|\n|poke|p2|Terapagos, L50, M|\n|poke|p2|Urshifu-*, L50, M|\n|poke|p2|Grimmsnarl, L50, M|\n|poke|p2|Amoonguss, L50, M|\n|poke|p2|Incineroar, L50, M|\n|poke|p2|Rillaboom, L50, M|\n|teampreview|4\n|inactive|Battle timer is ON: inactive players will automatically lose when time's up. (requested by AxeP91)\nactuary97 has agreed to open team sheets.\n|inactive|actuary97 has 60 seconds left.\n|inactive|AxeP91 has 60 seconds left.\n|\n|t:|1737034009\n|start\n|switch|p1a: Rillaboom|Rillaboom, L50, F, shiny|100\/100\n|switch|p1b: Archaludon|Archaludon, L50, M, shiny|100\/100\n|switch|p2a: Terapagos|Terapagos, L50, M|100\/100\n|switch|p2b: Grimmsnarl|Grimmsnarl, L50, M|100\/100\n|-activate|p2a: Terapagos|ability: Tera Shift\n|detailschange|p2a: Terapagos|Terapagos-Terastal, L50, M\n|-heal|p2a: Terapagos|100\/100|[silent]\n|-fieldstart|move: Grassy Terrain|[from] ability: Grassy Surge|[of] p1a: Rillaboom\n|turn|1\n|\n|t:|1737034022\n|-terastallize|p2a: Terapagos|Stellar\n|detailschange|p2a: Terapagos|Terapagos-Stellar, L50, M, tera:Stellar\n|-heal|p2a: Terapagos|100\/100|[silent]\n|-ability|p2a: Terapagos|Teraform Zero\n|-fieldend|move: Grassy Terrain\n|move|p1a: Rillaboom|Fake Out|p2b: Grimmsnarl\n|-damage|p2b: Grimmsnarl|86\/100\n|cant|p2b: Grimmsnarl|flinch\n|move|p2a: Terapagos|Tera Starstorm|p1b: Archaludon|[spread] p1a,p1b\n|-damage|p1a: Rillaboom|38\/100\n|-damage|p1b: Archaludon|61\/100\n|-ability|p1b: Archaludon|Stamina|boost\n|-boost|p1b: Archaludon|def|1\n|move|p1b: Archaludon|Body Press|p2a: Terapagos\n|-supereffective|p2a: Terapagos\n|-damage|p2a: Terapagos|59\/100\n|\n|upkeep\n|turn|2\n|inactive|AxeP91 has 30 seconds left.\n|\n|t:|1737034047\n|switch|p1a: Comfey|Comfey, L50, M, shiny|100\/100\n|move|p2b: Grimmsnarl|Reflect|p2b: Grimmsnarl\n|-sidestart|p2: AxeP91|Reflect\n|move|p2a: Terapagos|Tera Starstorm|p1a: Comfey|[spread] p1a,p1b\n|-damage|p1a: Comfey|35\/100\n|-damage|p1b: Archaludon|19\/100\n|-ability|p1b: Archaludon|Stamina|boost\n|-boost|p1b: Archaludon|def|1\n|move|p1b: Archaludon|Body Press|p2a: Terapagos\n|-supereffective|p2a: Terapagos\n|-damage|p2a: Terapagos|19\/100\n|\n|upkeep\n|turn|3\n|inactive|AxeP91 has 30 seconds left.\n|\n|t:|1737034072\n|move|p1a: Comfey|Floral Healing|p1b: Archaludon\n|-heal|p1b: Archaludon|69\/100\n|move|p2b: Grimmsnarl|Thunder Wave|p1b: Archaludon\n|-status|p1b: Archaludon|par\n|move|p2a: Terapagos|Tera Starstorm|p1b: Archaludon|[spread] p1a,p1b\n|-crit|p1b: Archaludon\n|-damage|p1a: Comfey|0 fnt\n|-damage|p1b: Archaludon|6\/100 par\n|-ability|p1b: Archaludon|Stamina|boost\n|-boost|p1b: Archaludon|def|1\n|faint|p1a: Comfey\n|move|p1b: Archaludon|Body Press|p2a: Terapagos\n|-supereffective|p2a: Terapagos\n|-damage|p2a: Terapagos|0 fnt\n|faint|p2a: Terapagos\n|\n|upkeep\n|\n|t:|1737034092\n|switch|p2a: Rillaboom|Rillaboom, L50, M|100\/100\n|switch|p1a: Rillaboom|Rillaboom, L50, F, shiny|38\/100\n|-fieldstart|move: Grassy Terrain|[from] ability: Grassy Surge|[of] p2a: Rillaboom\n|turn|4\n|\n|t:|1737034110\n|move|p2a: Rillaboom|Fake Out|p1b: Archaludon\n|-resisted|p1b: Archaludon\n|-damage|p1b: Archaludon|4\/100 par\n|-ability|p1b: Archaludon|Stamina|boost\n|-boost|p1b: Archaludon|def|1\n|move|p1a: Rillaboom|Fake Out|p2a: Rillaboom\n|-damage|p2a: Rillaboom|90\/100\n|move|p2b: Grimmsnarl|Foul Play|p1b: Archaludon\n|-damage|p1b: Archaludon|0 fnt\n|faint|p1b: Archaludon\n|\n|-heal|p2a: Rillaboom|95\/100|[from] Grassy Terrain\n|-heal|p1a: Rillaboom|44\/100|[from] Grassy Terrain\n|-heal|p2b: Grimmsnarl|92\/100|[from] Grassy Terrain\n|upkeep\n|\n|t:|1737034112\n|switch|p1b: Kyogre|Kyogre, L50, shiny|100\/100\n|-weather|RainDance|[from] ability: Drizzle|[of] p1b: Kyogre\n|turn|5\n|\n|t:|1737034132\n|-terastallize|p1b: Kyogre|Grass\n|move|p2b: Grimmsnarl|Light Screen|p2b: Grimmsnarl\n|-sidestart|p2: AxeP91|move: Light Screen\n|move|p2a: Rillaboom|Drum Beating|p1b: Kyogre\n|-resisted|p1b: Kyogre\n|-damage|p1b: Kyogre|77\/100\n|move|p1b: Kyogre|Calm Mind|p1b: Kyogre\n|-boost|p1b: Kyogre|spa|1\n|-boost|p1b: Kyogre|spd|1\n|move|p1a: Rillaboom|Bullet Seed|p2b: Grimmsnarl\n|-damage|p2b: Grimmsnarl|81\/100\n|-damage|p2b: Grimmsnarl|68\/100\n|-damage|p2b: Grimmsnarl|56\/100\n|-damage|p2b: Grimmsnarl|44\/100\n|-hitcount|p2b: Grimmsnarl|4\n|\n|-weather|RainDance|[upkeep]\n|-heal|p2a: Rillaboom|100\/100|[from] Grassy Terrain\n|-heal|p1b: Kyogre|83\/100|[from] Grassy Terrain\n|-heal|p1a: Rillaboom|49\/100|[from] Grassy Terrain\n|-heal|p2b: Grimmsnarl|50\/100|[from] Grassy Terrain\n|upkeep\n|turn|6\n|inactive|actuary97 has 30 seconds left.\n|inactive|AxeP91 has 30 seconds left.\n|\n|t:|1737034160\n|move|p2b: Grimmsnarl|Thunder Wave|p1b: Kyogre\n|-status|p1b: Kyogre|par\n|move|p2a: Rillaboom|U-turn|p1a: Rillaboom\n|-supereffective|p1a: Rillaboom\n|-damage|p1a: Rillaboom|0 fnt\n|faint|p1a: Rillaboom\n|\n|t:|1737034168\n|switch|p2a: Incineroar|Incineroar, L50, M|100\/100|[from] U-turn\n|-ability|p2a: Incineroar|Intimidate|boost\n|-unboost|p1b: Kyogre|atk|1\n|move|p1b: Kyogre|Water Spout|p2a: Incineroar|[spread] p2a,p2b\n|-supereffective|p2a: Incineroar\n|-damage|p2a: Incineroar|0 fnt\n|-damage|p2b: Grimmsnarl|0 fnt\n|faint|p2a: Incineroar\n|faint|p2b: Grimmsnarl\n|\n|-weather|RainDance|[upkeep]\n|-heal|p1b: Kyogre|88\/100 par|[from] Grassy Terrain\n|upkeep\n|\n|t:|1737034180\n|switch|p2b: Rillaboom|Rillaboom, L50, M|100\/100\n|turn|7\n|\n|t:|1737034186\n|move|p2b: Rillaboom|U-turn|p1b: Kyogre\n|-supereffective|p1b: Kyogre\n|-damage|p1b: Kyogre|46\/100 par\n|move|p1b: Kyogre|Ice Beam|p2b: Rillaboom\n|-supereffective|p2b: Rillaboom\n|-damage|p2b: Rillaboom|52\/100\n|-status|p2b: Rillaboom|frz\n|\n|-weather|RainDance|[upkeep]\n|-heal|p2b: Rillaboom|58\/100 frz|[from] Grassy Terrain\n|-heal|p1b: Kyogre|51\/100 par|[from] Grassy Terrain\n|upkeep\n|turn|8\n|\n|t:|1737034196\n|cant|p2b: Rillaboom|frz\n|cant|p1b: Kyogre|par\n|\n|-weather|RainDance|[upkeep]\n|-heal|p2b: Rillaboom|64\/100 frz|[from] Grassy Terrain\n|-heal|p1b: Kyogre|57\/100 par|[from] Grassy Terrain\n|-fieldend|move: Grassy Terrain\n|upkeep\n|turn|9\n|\n|t:|1737034208\n|cant|p2b: Rillaboom|frz\n|cant|p1b: Kyogre|par\n|\n|-weather|none\n|-sideend|p2: AxeP91|Reflect\n|upkeep\n|turn|10\n|\n|t:|1737034213\n|cant|p2b: Rillaboom|frz\n|move|p1b: Kyogre|Ice Beam|p2b: Rillaboom\n|-supereffective|p2b: Rillaboom\n|-damage|p2b: Rillaboom|13\/100 frz\n|\n|upkeep\n|turn|11\n|c|\u2606AxeP91|...\n|\n|t:|1737034226\n|cant|p2b: Rillaboom|frz\n|cant|p1b: Kyogre|par\n|\n|upkeep\n|turn|12\n|c|\u2606actuary97|hey man we both got some bad lucl\n|c|\u2606actuary97|luck\n|\n|t:|1737034235\n|cant|p2b: Rillaboom|frz\n|move|p1b: Kyogre|Ice Beam|p2b: Rillaboom\n|-supereffective|p2b: Rillaboom\n|-damage|p2b: Rillaboom|0 fnt\n|faint|p2b: Rillaboom\n|\n|win|actuary97\n|raw|actuary97's rating: 1601 &rarr; <strong>1623<\/strong><br \/>(+22 for winning)\n|raw|AxeP91's rating: 1634 &rarr; <strong>1612<\/strong><br \/>(-22 for losing)\n|c|\u2606actuary97|gg\n|l|\u2606actuary97\n|player|p1|\n|l|\u2606AxeP91\n|player|p2|\n","uploadtime":1737034436,"views":18,"formatid":"gen9vgc2025regg","rating":1612,"private":0,"password":null}