{"id":"gen9vgc2025regg-2282466272","format":"[Gen 9] VGC 2025 Reg G","players":["PritzShow","dnut1"],"log":"|j|\u2606PritzShow\n|j|\u2606dnut1\n|t:|1737063557\n|gametype|doubles\n|player|p1|PritzShow|169|1557\n|player|p2|dnut1|169|1639\n|teamsize|p1|6\n|teamsize|p2|6\n|gen|9\n|tier|[Gen 9] VGC 2025 Reg G\n|rated|\n|rule|Species Clause: Limit one of each Pok\u00e9mon\n|rule|Item Clause: Limit 1 of each item\n|clearpoke\n|poke|p1|Zamazenta-*, L50|\n|poke|p1|Pelipper, L50, M|\n|poke|p1|Urshifu-*, L50, M|\n|poke|p1|Incineroar, L50, F|\n|poke|p1|Raging Bolt, L50|\n|poke|p1|Rillaboom, L50, M|\n|poke|p2|Calyrex-Shadow, L50|\n|poke|p2|Dondozo, L50, F|\n|poke|p2|Weezing-Galar, L50, M|\n|poke|p2|Tatsugiri-Droopy, L50, M|\n|poke|p2|Roaring Moon, L50|\n|poke|p2|Iron Hands, L50|\n|teampreview|4\n|inactive|Battle timer is ON: inactive players will automatically lose when time's up. (requested by PritzShow)\n|j| GoofyMcSilly\n|j| Rareasfukk\n|l| GoofyMcSilly\n|j| GoofyMcSilly\n|l| GoofyMcSilly\n|inactive|PritzShow has 60 seconds left.\n|inactive|dnut1 has 60 seconds left.\n|\n|t:|1737063602\n|start\n|switch|p1a: Zamazenta|Zamazenta-Crowned, L50|100\/100\n|switch|p1b: Incineroar|Incineroar, L50, F|100\/100\n|switch|p2a: Iron Hands|Iron Hands, L50|100\/100\n|switch|p2b: Roaring Moon|Roaring Moon, L50|100\/100\n|-ability|p1a: Zamazenta|Dauntless Shield|boost\n|-boost|p1a: Zamazenta|def|1\n|-ability|p1b: Incineroar|Intimidate|boost\n|-unboost|p2a: Iron Hands|atk|1\n|-unboost|p2b: Roaring Moon|atk|1\n|-enditem|p2b: Roaring Moon|Booster Energy\n|-activate|p2b: Roaring Moon|ability: Protosynthesis|[fromitem]\n|-start|p2b: Roaring Moon|protosynthesisspe\n|turn|1\n|inactive|dnut1 has 30 seconds left.\n|\n|t:|1737063628\n|move|p2b: Roaring Moon|Protect|p2b: Roaring Moon\n|-singleturn|p2b: Roaring Moon|Protect\n|move|p1a: Zamazenta|Iron Defense|p1a: Zamazenta\n|-boost|p1a: Zamazenta|def|2\n|move|p1b: Incineroar|Will-O-Wisp|p2a: Iron Hands|[miss]\n|-miss|p1b: Incineroar|p2a: Iron Hands\n|move|p2a: Iron Hands|Drain Punch|p1a: Zamazenta\n|-supereffective|p1a: Zamazenta\n|-damage|p1a: Zamazenta|87\/100\n|\n|upkeep\n|turn|2\n|l| Rareasfukk\n|inactive|dnut1 has 30 seconds left.\n|inactive|dnut1 has 20 seconds left.\n|\n|t:|1737063667\n|move|p2b: Roaring Moon|Tailwind|p2b: Roaring Moon\n|-sidestart|p2: dnut1|move: Tailwind\n|move|p1a: Zamazenta|Body Press|p2a: Iron Hands\n|-damage|p2a: Iron Hands|33\/100\n|-damage|p1a: Zamazenta|70\/100|[from] item: Rocky Helmet|[of] p2a: Iron Hands\n|move|p2a: Iron Hands|Drain Punch|p1b: Incineroar\n|-supereffective|p1b: Incineroar\n|-damage|p1b: Incineroar|46\/100\n|-heal|p2a: Iron Hands|56\/100|[from] drain|[of] p1b: Incineroar\n|-enditem|p1b: Incineroar|Sitrus Berry|[eat]\n|-heal|p1b: Incineroar|71\/100|[from] item: Sitrus Berry\n|move|p1b: Incineroar|Parting Shot|p2a: Iron Hands\n|-unboost|p2a: Iron Hands|atk|1\n|-unboost|p2a: Iron Hands|spa|1\n|\n|t:|1737063678\n|switch|p1b: Rillaboom|Rillaboom, L50, M|100\/100|[from] Parting Shot\n|-fieldstart|move: Grassy Terrain|[from] ability: Grassy Surge|[of] p1b: Rillaboom\n|\n|-heal|p1a: Zamazenta|77\/100|[from] Grassy Terrain\n|-heal|p2a: Iron Hands|62\/100|[from] Grassy Terrain\n|upkeep\n|turn|3\n|inactive|dnut1 has 30 seconds left.\n|\n|t:|1737063706\n|move|p2b: Roaring Moon|Protect|p2b: Roaring Moon\n|-singleturn|p2b: Roaring Moon|Protect\n|move|p1b: Rillaboom|Fake Out|p2b: Roaring Moon\n|-activate|p2b: Roaring Moon|move: Protect\n|move|p1a: Zamazenta|Body Press|p2a: Iron Hands\n|-damage|p2a: Iron Hands|0 fnt\n|-damage|p1a: Zamazenta|60\/100|[from] item: Rocky Helmet|[of] p2a: Iron Hands\n|faint|p2a: Iron Hands\n|-end|p2a: Iron Hands|Quark Drive|[silent]\n|\n|-heal|p1a: Zamazenta|66\/100|[from] Grassy Terrain\n|upkeep\n|\n|t:|1737063720\n|switch|p2a: Dondozo|Dondozo, L50, F|100\/100\n|turn|4\n|\n|t:|1737063742\n|-end|p2b: Roaring Moon|Protosynthesis|[silent]\n|switch|p2b: Tatsugiri|Tatsugiri-Droopy, L50, M|100\/100\n|-activate|p2b: Tatsugiri|ability: Commander|[of] p2a: Dondozo\n|-boost|p2a: Dondozo|atk|2\n|-boost|p2a: Dondozo|spa|2\n|-boost|p2a: Dondozo|spe|2\n|-boost|p2a: Dondozo|def|2\n|-boost|p2a: Dondozo|spd|2\n|-terastallize|p2a: Dondozo|Grass\n|move|p2a: Dondozo|Order Up|p1b: Rillaboom\n|-damage|p1b: Rillaboom|65\/100\n|-boost|p2a: Dondozo|def|1\n|move|p1a: Zamazenta|Body Press|p2a: Dondozo\n|-damage|p2a: Dondozo|91\/100\n|move|p1b: Rillaboom|U-turn|p2a: Dondozo\n|-supereffective|p2a: Dondozo\n|-damage|p2a: Dondozo|80\/100\n|\n|t:|1737063751\n|switch|p1b: Incineroar|Incineroar, L50, F|71\/100|[from] U-turn\n|-ability|p1b: Incineroar|Intimidate|boost\n|-unboost|p2a: Dondozo|atk|1\n|-unboost|p2b: Tatsugiri|atk|1\n|\n|-heal|p2a: Dondozo|86\/100|[from] Grassy Terrain\n|-heal|p2a: Dondozo|92\/100|[from] item: Leftovers\n|-heal|p1a: Zamazenta|72\/100|[from] Grassy Terrain\n|-heal|p1b: Incineroar|77\/100|[from] Grassy Terrain\n|upkeep\n|turn|5\n|\n|t:|1737063775\n|switch|p1a: Rillaboom|Rillaboom, L50, M|65\/100\n|move|p2a: Dondozo|Protect|p2a: Dondozo\n|-singleturn|p2a: Dondozo|Protect\n|move|p1b: Incineroar|Fake Out|p2a: Dondozo\n|-activate|p2a: Dondozo|move: Protect\n|\n|-heal|p2a: Dondozo|98\/100|[from] Grassy Terrain\n|-heal|p2a: Dondozo|100\/100|[from] item: Leftovers\n|-heal|p1a: Rillaboom|71\/100|[from] Grassy Terrain\n|-heal|p1b: Incineroar|83\/100|[from] Grassy Terrain\n|-sideend|p2: dnut1|move: Tailwind\n|upkeep\n|turn|6\n|\n|t:|1737063791\n|move|p1a: Rillaboom|Fake Out|p2a: Dondozo\n|-damage|p2a: Dondozo|97\/100\n|cant|p2a: Dondozo|flinch\n|move|p1b: Incineroar|Will-O-Wisp|p2a: Dondozo\n|-status|p2a: Dondozo|brn\n|\n|-heal|p2a: Dondozo|100\/100 brn|[from] Grassy Terrain\n|-heal|p1a: Rillaboom|77\/100|[from] Grassy Terrain\n|-heal|p1b: Incineroar|89\/100|[from] Grassy Terrain\n|-damage|p2a: Dondozo|94\/100 brn|[from] brn\n|-fieldend|move: Grassy Terrain\n|upkeep\n|turn|7\n|j| Seris03\n|\n|t:|1737063803\n|move|p2a: Dondozo|Order Up|p1a: Rillaboom\n|-damage|p1a: Rillaboom|62\/100\n|-boost|p2a: Dondozo|def|1\n|move|p1a: Rillaboom|U-turn|p2a: Dondozo\n|-supereffective|p2a: Dondozo\n|-damage|p2a: Dondozo|85\/100 brn\n|\n|t:|1737063808\n|switch|p1a: Pelipper|Pelipper, L50, M|100\/100|[from] U-turn\n|-weather|RainDance|[from] ability: Drizzle|[of] p1a: Pelipper\n|move|p1b: Incineroar|Parting Shot|p2a: Dondozo\n|-unboost|p2a: Dondozo|atk|1\n|-unboost|p2a: Dondozo|spa|1\n|\n|t:|1737063812\n|switch|p1b: Rillaboom|Rillaboom, L50, M|62\/100|[from] Parting Shot\n|-fieldstart|move: Grassy Terrain|[from] ability: Grassy Surge|[of] p1b: Rillaboom\n|\n|-weather|RainDance|[upkeep]\n|-heal|p2a: Dondozo|91\/100 brn|[from] Grassy Terrain\n|-heal|p2a: Dondozo|97\/100 brn|[from] item: Leftovers\n|-heal|p1b: Rillaboom|68\/100|[from] Grassy Terrain\n|-damage|p2a: Dondozo|91\/100 brn|[from] brn\n|upkeep\n|turn|8\n|\n|t:|1737063819\n|move|p2a: Dondozo|Protect|p2a: Dondozo\n|-singleturn|p2a: Dondozo|Protect\n|move|p1b: Rillaboom|Fake Out|p2a: Dondozo\n|-activate|p2a: Dondozo|move: Protect\n|move|p1a: Pelipper|Tailwind|p1a: Pelipper\n|-sidestart|p1: PritzShow|move: Tailwind\n|\n|-weather|RainDance|[upkeep]\n|-heal|p1b: Rillaboom|74\/100|[from] Grassy Terrain\n|-heal|p2a: Dondozo|97\/100 brn|[from] Grassy Terrain\n|-heal|p2a: Dondozo|100\/100 brn|[from] item: Leftovers\n|-damage|p2a: Dondozo|94\/100 brn|[from] brn\n|upkeep\n|turn|9\n|\n|t:|1737063834\n|move|p1a: Pelipper|Hurricane|p2a: Dondozo\n|-supereffective|p2a: Dondozo\n|-damage|p2a: Dondozo|54\/100 brn\n|-start|p2a: Dondozo|confusion\n|move|p1b: Rillaboom|U-turn|p2a: Dondozo\n|-supereffective|p2a: Dondozo\n|-damage|p2a: Dondozo|42\/100 brn\n|\n|t:|1737063839\n|switch|p1b: Incineroar|Incineroar, L50, F|89\/100|[from] U-turn\n|-ability|p1b: Incineroar|Intimidate|boost\n|-unboost|p2a: Dondozo|atk|1\n|-unboost|p2b: Tatsugiri|atk|1\n|-activate|p2a: Dondozo|confusion\n|move|p2a: Dondozo|Order Up|p1a: Pelipper\n|-damage|p1a: Pelipper|92\/100\n|-boost|p2a: Dondozo|def|1\n|\n|-weather|RainDance|[upkeep]\n|-heal|p1b: Incineroar|95\/100|[from] Grassy Terrain\n|-heal|p2a: Dondozo|48\/100 brn|[from] Grassy Terrain\n|-heal|p2a: Dondozo|54\/100 brn|[from] item: Leftovers\n|-damage|p2a: Dondozo|48\/100 brn|[from] brn\n|upkeep\n|turn|10\n|\n|t:|1737063845\n|-activate|p2a: Dondozo|confusion\n|-damage|p2a: Dondozo|47\/100 brn|[from] confusion\n|move|p1a: Pelipper|Hurricane|p2a: Dondozo\n|-supereffective|p2a: Dondozo\n|-crit|p2a: Dondozo\n|-damage|p2a: Dondozo|0 fnt\n|faint|p2a: Dondozo\n|move|p1b: Incineroar|Knock Off|p2b: Tatsugiri\n|-damage|p2b: Tatsugiri|21\/100\n|-enditem|p2b: Tatsugiri|Focus Sash|[from] move: Knock Off|[of] p1b: Incineroar\n|\n|-weather|RainDance|[upkeep]\n|-heal|p1b: Incineroar|100\/100|[from] Grassy Terrain\n|-heal|p2b: Tatsugiri|28\/100|[from] Grassy Terrain\n|upkeep\n|\n|t:|1737063849\n|switch|p2a: Roaring Moon|Roaring Moon, L50|100\/100\n|turn|11\n|j| surgevgc\n|l| surgevgc\n|\n|t:|1737063863\n|switch|p1b: Zamazenta|Zamazenta-Crowned, L50|72\/100\n|move|p1a: Pelipper|Hurricane|p2b: Tatsugiri\n|-damage|p2b: Tatsugiri|0 fnt\n|faint|p2b: Tatsugiri\n|move|p2a: Roaring Moon|Acrobatics|p1a: Pelipper\n|-damage|p1a: Pelipper|42\/100\n|\n|-weather|none\n|-heal|p1b: Zamazenta|79\/100|[from] Grassy Terrain\n|-sideend|p1: PritzShow|move: Tailwind\n|-fieldend|move: Grassy Terrain\n|upkeep\n|turn|12\n|\n|t:|1737063879\n|move|p2a: Roaring Moon|Acrobatics|p1a: Pelipper\n|-damage|p1a: Pelipper|0 fnt\n|faint|p1a: Pelipper\n|move|p1b: Zamazenta|Body Press|p2a: Roaring Moon\n|-supereffective|p2a: Roaring Moon\n|-damage|p2a: Roaring Moon|0 fnt\n|faint|p2a: Roaring Moon\n|-end|p2a: Roaring Moon|Protosynthesis|[silent]\n|\n|win|PritzShow\n|raw|PritzShow's rating: 1557 &rarr; <strong>1582<\/strong><br \/>(+25 for winning)\n|raw|dnut1's rating: 1639 &rarr; <strong>1614<\/strong><br \/>(-25 for losing)\n|l|\u2606PritzShow\n|player|p1|\n|l|\u2606dnut1\n|player|p2|\n|l| Seris03\n","uploadtime":1737064100,"views":13,"formatid":"gen9vgc2025regg","rating":1582,"private":0,"password":null}