{"id":"gen9vgc2025regg-2282522826","format":"[Gen 9] VGC 2025 Reg G","players":["SeaWolfMikess","eriksp2"],"log":"|j|\u2606SeaWolfMikess\n|j|\u2606eriksp2\n|t:|1737070365\n|gametype|doubles\n|player|p1|SeaWolfMikess|hugh|1595\n|player|p2|eriksp2|1|1575\n|teamsize|p1|6\n|teamsize|p2|6\n|gen|9\n|tier|[Gen 9] VGC 2025 Reg G\n|rated|\n|rule|Species Clause: Limit one of each Pok\u00e9mon\n|rule|Item Clause: Limit 1 of each item\n|clearpoke\n|poke|p1|Whimsicott, L50, F|\n|poke|p1|Chien-Pao, L50|\n|poke|p1|Urshifu-*, L50, M|\n|poke|p1|Zamazenta-*, L50|\n|poke|p1|Raging Bolt, L50|\n|poke|p1|Ogerpon-Hearthflame, L50, F|\n|poke|p2|Calyrex-Ice, L50|\n|poke|p2|Amoonguss, L50, F|\n|poke|p2|Landorus, L50, M|\n|poke|p2|Regieleki, L50|\n|poke|p2|Urshifu-*, L50, M|\n|poke|p2|Iron Valiant, L50|\n|teampreview|4\neriksp2 has agreed to open team sheets.\n|c|\u2606eriksp2|glhf\nSeaWolfMikess has agreed to open team sheets.\n|showteam|p1|Whimsicott||CovertCloak|Prankster|Moonblast,Tailwind,Encore,LightScreen|||F|||50|,,,,,Dark]Chien-Pao||FocusSash|SwordofRuin|IceSpinner,ThroatChop,SuckerPunch,Protect||||||50|,,,,,Stellar]Urshifu-Rapid-Strike||ChoiceScarf|UnseenFist|SurgingStrikes,CloseCombat,Uturn,Coaching|||M|||50|,,,,,Grass]Zamazenta-Crowned||RustedShield|DauntlessShield|BodyPress,HeavySlam,WideGuard,Protect||||||50|,,,,,Dragon]Raging Bolt||AssaultVest|Protosynthesis|DracoMeteor,Thunderbolt,Thunderclap,VoltSwitch||||||50|,,,,,Electric]Ogerpon-Hearthflame||HearthflameMask|MoldBreaker|IvyCudgel,WoodHammer,FollowMe,SpikyShield|||F|||50|,,,,,Fire\n|showteam|p2|Calyrex-Ice||ClearAmulet|AsOneGlastrier|GlacialLance,HighHorsepower,TrickRoom,Protect||||||50|,,,,,Dragon]Amoonguss||RockyHelmet|Regenerator|Spore,RagePowder,PollenPuff,Protect|||F|||50|,,,,,Fire]Landorus||LifeOrb|SheerForce|EarthPower,SludgeBomb,SandsearStorm,Protect|||M|||50|,,,,,Water]Regieleki||FocusSash|Transistor|Thunderbolt,Electroweb,LightScreen,Protect||||||50|,,,,,Electric]Urshifu||ChoiceBand|UnseenFist|CloseCombat,WickedBlow,SuckerPunch,Uturn|||M|||50|,,,,,Poison]Iron Valiant||BoosterEnergy|QuarkDrive|SpiritBreak,WideGuard,Taunt,Coaching||||||50|,,,,,Ghost\n|\n|t:|1737070404\n|start\n|switch|p1a: Ogerpon|Ogerpon-Hearthflame, L50, F|100\/100\n|switch|p1b: Zamazenta|Zamazenta-Crowned, L50|100\/100\n|switch|p2a: HiiiPoWeR|Landorus, L50, M|100\/100\n|switch|p2b: Rigamortus|Regieleki, L50|100\/100\n|-ability|p1b: Zamazenta|Dauntless Shield|boost\n|-boost|p1b: Zamazenta|def|1\n|-ability|p1a: Ogerpon|Mold Breaker\n|turn|1\n|\n|t:|1737070420\n|-terastallize|p1b: Zamazenta|Dragon\n|move|p2b: Rigamortus|Electroweb|p1b: Zamazenta|[spread] p1a,p1b\n|-resisted|p1a: Ogerpon\n|-resisted|p1b: Zamazenta\n|-damage|p1a: Ogerpon|88\/100\n|-damage|p1b: Zamazenta|92\/100\n|-unboost|p1a: Ogerpon|spe|1\n|-unboost|p1b: Zamazenta|spe|1\n|move|p2a: HiiiPoWeR|Sludge Bomb|p1a: Ogerpon\n|-supereffective|p1a: Ogerpon\n|-damage|p1a: Ogerpon|0 fnt\n|faint|p1a: Ogerpon\n|move|p1b: Zamazenta|Heavy Slam|p2a: HiiiPoWeR\n|-damage|p2a: HiiiPoWeR|39\/100\n|\n|upkeep\n|\n|t:|1737070430\n|switch|p1a: Chien-Pao|Chien-Pao, L50|100\/100\n|-ability|p1a: Chien-Pao|Sword of Ruin\n|turn|2\n|j| The_Beast1440\n|\n|t:|1737070469\n|move|p2a: HiiiPoWeR|Protect|p2a: HiiiPoWeR\n|-singleturn|p2a: HiiiPoWeR|Protect\n|move|p1a: Chien-Pao|Sucker Punch||[still]\n|-fail|p1a: Chien-Pao\n|move|p2b: Rigamortus|Thunderbolt|p1a: Chien-Pao\n|-damage|p1a: Chien-Pao|11\/100\n|move|p1b: Zamazenta|Body Press|p2b: Rigamortus\n|-enditem|p2b: Rigamortus|Focus Sash\n|-damage|p2b: Rigamortus|1\/100\n|\n|upkeep\n|turn|3\n|\n|t:|1737070486\n|move|p1a: Chien-Pao|Sucker Punch|p2b: Rigamortus\n|-crit|p2b: Rigamortus\n|-damage|p2b: Rigamortus|0 fnt\n|faint|p2b: Rigamortus\n|move|p2a: HiiiPoWeR|Earth Power|p1b: Zamazenta\n|-damage|p1b: Zamazenta|35\/100\n|move|p1b: Zamazenta|Heavy Slam|p2a: HiiiPoWeR\n|-damage|p2a: HiiiPoWeR|0 fnt\n|faint|p2a: HiiiPoWeR\n|\n|upkeep\n|\n|t:|1737070488\n|switch|p2b: untitled 05|Calyrex-Ice, L50|100\/100\n|switch|p2a: Chapter Six|Amoonguss, L50, F|100\/100\n|-ability|p2b: untitled 05|As One\n|-ability|p2b: untitled 05|Unnerve\n|turn|4\n|\n|t:|1737070517\n|move|p2b: untitled 05|Protect|p2b: untitled 05\n|-singleturn|p2b: untitled 05|Protect\n|move|p2a: Chapter Six|Protect|p2a: Chapter Six\n|-singleturn|p2a: Chapter Six|Protect\n|move|p1b: Zamazenta|Wide Guard|p1b: Zamazenta\n|-singleturn|p1b: Zamazenta|Wide Guard\n|move|p1a: Chien-Pao|Ice Spinner|p2b: untitled 05\n|-activate|p2b: untitled 05|move: Protect\n|\n|upkeep\n|turn|5\n|\n|t:|1737070545\n|-terastallize|p2b: untitled 05|Dragon\n|move|p1a: Chien-Pao|Throat Chop|p2a: Chapter Six\n|-damage|p2a: Chapter Six|57\/100\n|-start|p2a: Chapter Six|Throat Chop|[silent]\n|-damage|p1a: Chien-Pao|0 fnt|[from] item: Rocky Helmet|[of] p2a: Chapter Six\n|faint|p1a: Chien-Pao\n|move|p1b: Zamazenta|Body Press|p2a: Chapter Six\n|-resisted|p2a: Chapter Six\n|-damage|p2a: Chapter Six|30\/100\n|-damage|p1b: Zamazenta|19\/100|[from] item: Rocky Helmet|[of] p2a: Chapter Six\n|move|p2b: untitled 05|High Horsepower|p1b: Zamazenta\n|-damage|p1b: Zamazenta|3\/100\n|move|p2a: Chapter Six|Spore|p1b: Zamazenta\n|-status|p1b: Zamazenta|slp|[from] move: Spore\n|\n|upkeep\n|\n|t:|1737070549\n|switch|p1a: Raging Bolt|Raging Bolt, L50|100\/100\n|turn|6\n|\n|t:|1737070562\n|cant|p1b: Zamazenta|slp\n|move|p2a: Chapter Six|Rage Powder|p2a: Chapter Six\n|-singleturn|p2a: Chapter Six|move: Rage Powder\n|move|p1a: Raging Bolt|Draco Meteor|p2a: Chapter Six\n|-damage|p2a: Chapter Six|0 fnt\n|-unboost|p1a: Raging Bolt|spa|2\n|faint|p2a: Chapter Six\n|move|p2b: untitled 05|Glacial Lance|p1b: Zamazenta|[spread] p1a,p1b\n|-supereffective|p1a: Raging Bolt\n|-supereffective|p1b: Zamazenta\n|-damage|p1a: Raging Bolt|13\/100\n|-damage|p1b: Zamazenta|0 fnt\n|faint|p1b: Zamazenta\n|-ability|p2b: untitled 05|Chilling Neigh|boost\n|-boost|p2b: untitled 05|atk|1\n|\n|upkeep\n|turn|7\n|\n|t:|1737070571\n|move|p1a: Raging Bolt|Draco Meteor|p2b: untitled 05\n|-supereffective|p2b: untitled 05\n|-damage|p2b: untitled 05|47\/100\n|-unboost|p1a: Raging Bolt|spa|2\n|move|p2b: untitled 05|Glacial Lance|p1a: Raging Bolt\n|-supereffective|p1a: Raging Bolt\n|-crit|p1a: Raging Bolt\n|-damage|p1a: Raging Bolt|0 fnt\n|faint|p1a: Raging Bolt\n|-end|p1a: Raging Bolt|Protosynthesis|[silent]\n|\n|win|eriksp2\n|raw|SeaWolfMikess's rating: 1595 &rarr; <strong>1574<\/strong><br \/>(-21 for losing)\n|raw|eriksp2's rating: 1575 &rarr; <strong>1596<\/strong><br \/>(+21 for winning)\n|l|\u2606SeaWolfMikess\n|player|p1|\n|c|\u2606eriksp2|gg\n|l|\u2606eriksp2\n|player|p2|\n|l| The_Beast1440\n","uploadtime":1737070578,"views":44,"formatid":"gen9vgc2025regg","rating":1574,"private":0,"password":null}