{"id":"gen9vgc2025regg-2282646678","format":"[Gen 9] VGC 2025 Reg G","players":["master 792","mejian poke poke"],"log":"|j|\u2606master 792\n|j|\u2606mejian poke poke\n|t:|1737087467\n|gametype|doubles\n|player|p1|master 792|lucas|1538\n|player|p2|mejian poke poke|266|1606\n|teamsize|p1|6\n|teamsize|p2|6\n|gen|9\n|tier|[Gen 9] VGC 2025 Reg G\n|rated|\n|rule|Species Clause: Limit one of each Pok\u00e9mon\n|rule|Item Clause: Limit 1 of each item\n|clearpoke\n|poke|p1|Calyrex-Ice, L50|\n|poke|p1|Urshifu-*, L50, M|\n|poke|p1|Pelipper, L50, M|\n|poke|p1|Amoonguss, L50, M|\n|poke|p1|Iron Valiant, L50|\n|poke|p1|Landorus, L50, M|\n|poke|p2|Lunala, L50|\n|poke|p2|Maushold, L50|\n|poke|p2|Tornadus, L50, M|\n|poke|p2|Urshifu-*, L50, M|\n|poke|p2|Rillaboom, L50, M|\n|poke|p2|Landorus, L50, M|\n|teampreview|4\n|\n|t:|1737087521\n|start\n|switch|p1a: Calyrex|Calyrex-Ice, L50|100\/100\n|switch|p1b: Amoonguss|Amoonguss, L50, M|100\/100\n|switch|p2a: Lunala|Lunala, L50|100\/100\n|switch|p2b: Maushold|Maushold, L50|100\/100\n|-ability|p1a: Calyrex|As One\n|-ability|p1a: Calyrex|Unnerve\n|turn|1\n|\n|t:|1737087540\n|move|p1b: Amoonguss|Rage Powder|p1b: Amoonguss\n|-singleturn|p1b: Amoonguss|move: Rage Powder\n|move|p2b: Maushold|Super Fang|p1b: Amoonguss\n|-damage|p1b: Amoonguss|51\/100\n|-damage|p2b: Maushold|84\/100|[from] item: Rocky Helmet|[of] p1b: Amoonguss\n|move|p2a: Lunala|Meteor Beam||[still]\n|-prepare|p2a: Lunala|Meteor Beam\n|-boost|p2a: Lunala|spa|1\n|-enditem|p2a: Lunala|Power Herb\n|-anim|p2a: Lunala|Meteor Beam|p1b: Amoonguss\n|-damage|p1b: Amoonguss|0 fnt\n|faint|p1b: Amoonguss\n|move|p1a: Calyrex|Glacial Lance|p2b: Maushold|[spread] p2a,p2b\n|-damage|p2a: Lunala|85\/100\n|-damage|p2b: Maushold|24\/100\n|\n|upkeep\n|j| mr pogostick\n|\n|t:|1737087555\n|switch|p1b: Urshifu|Urshifu-Rapid-Strike, L50, M|100\/100\n|turn|2\n|\n|t:|1737087569\n|-terastallize|p2a: Lunala|Fairy\n|-terastallize|p1a: Calyrex|Grass\n|move|p2b: Maushold|Follow Me|p2b: Maushold\n|-singleturn|p2b: Maushold|move: Follow Me\n|move|p1b: Urshifu|Aqua Jet|p2b: Maushold\n|-damage|p2b: Maushold|0 fnt\n|-damage|p1b: Urshifu|84\/100|[from] item: Rocky Helmet|[of] p2b: Maushold\n|faint|p2b: Maushold\n|move|p2a: Lunala|Dazzling Gleam|p1b: Urshifu|[spread] p1a,p1b\n|-supereffective|p1b: Urshifu\n|-damage|p1a: Calyrex|64\/100\n|-damage|p1b: Urshifu|0 fnt\n|faint|p1b: Urshifu\n|move|p1a: Calyrex|Glacial Lance|p2a: Lunala\n|-damage|p2a: Lunala|20\/100\n|\n|upkeep\n|j| divineko0_0\n|\n|t:|1737087583\n|switch|p1b: Landorus|Landorus, L50, M|100\/100\n|switch|p2b: Rillaboom|Rillaboom, L50, M|100\/100\n|-fieldstart|move: Grassy Terrain|[from] ability: Grassy Surge|[of] p2b: Rillaboom\n|turn|3\n|\n|t:|1737087596\n|move|p2b: Rillaboom|Fake Out|p1b: Landorus\n|-damage|p1b: Landorus|82\/100\n|cant|p1b: Landorus|flinch\n|move|p2a: Lunala|Moongeist Beam|p1b: Landorus\n|-damage|p1b: Landorus|0 fnt\n|faint|p1b: Landorus\n|move|p1a: Calyrex|Glacial Lance|p2a: Lunala|[spread] p2a,p2b\n|-supereffective|p2b: Rillaboom\n|-damage|p2a: Lunala|0 fnt\n|-damage|p2b: Rillaboom|0 fnt\n|faint|p2a: Lunala\n|faint|p2b: Rillaboom\n|-ability|p1a: Calyrex|Chilling Neigh|boost\n|-boost|p1a: Calyrex|atk|2\n|\n|-heal|p1a: Calyrex|70\/100|[from] Grassy Terrain\n|upkeep\n|inactive|Battle timer is ON: inactive players will automatically lose when time's up. (requested by master 792)\n|\n|t:|1737087601\n|switch|p2a: Urshifu|Urshifu-Rapid-Strike, L50, M|100\/100\n|turn|4\n|\n|t:|1737087607\n|move|p2a: Urshifu|Surging Strikes|p1a: Calyrex\n|-resisted|p1a: Calyrex\n|-crit|p1a: Calyrex\n|-damage|p1a: Calyrex|64\/100\n|-resisted|p1a: Calyrex\n|-crit|p1a: Calyrex\n|-damage|p1a: Calyrex|57\/100\n|-resisted|p1a: Calyrex\n|-crit|p1a: Calyrex\n|-damage|p1a: Calyrex|51\/100\n|-hitcount|p1a: Calyrex|3\n|move|p1a: Calyrex|High Horsepower|p2a: Urshifu\n|-damage|p2a: Urshifu|19\/100\n|\n|-heal|p2a: Urshifu|25\/100|[from] Grassy Terrain\n|-heal|p1a: Calyrex|57\/100|[from] Grassy Terrain\n|upkeep\n|turn|5\n|\n|t:|1737087610\n|move|p2a: Urshifu|Close Combat|p1a: Calyrex\n|-damage|p1a: Calyrex|15\/100\n|-unboost|p2a: Urshifu|def|1\n|-unboost|p2a: Urshifu|spd|1\n|move|p1a: Calyrex|High Horsepower|p2a: Urshifu\n|-damage|p2a: Urshifu|0 fnt\n|faint|p2a: Urshifu\n|\n|win|master 792\n|raw|master 792's rating: 1538 &rarr; <strong>1562<\/strong><br \/>(+24 for winning)\n|raw|mejian poke poke's rating: 1606 &rarr; <strong>1582<\/strong><br \/>(-24 for losing)\n|l|\u2606mejian poke poke\n|player|p2|\n|l| divineko0_0\n","uploadtime":1737087775,"views":16,"formatid":"gen9vgc2025regg","rating":1562,"private":0,"password":null}