{"id":"gen9vgc2025regg-2282724433","format":"[Gen 9] VGC 2025 Reg G","players":["Read Book","TubbbbbyToucan"],"log":"|j|\u203dRead Book\n|j|\u2606TubbbbbyToucan\n|t:|1737102073\n|gametype|doubles\n|player|p1|Read Book|266|1589\n|player|p2|TubbbbbyToucan|1|1562\n|teamsize|p1|6\n|teamsize|p2|6\n|gen|9\n|tier|[Gen 9] VGC 2025 Reg G\n|rated|\n|rule|Species Clause: Limit one of each Pok\u00e9mon\n|rule|Item Clause: Limit 1 of each item\n|clearpoke\n|poke|p1|Ogerpon-Cornerstone, L50, F|\n|poke|p1|Calyrex-Ice, L50|\n|poke|p1|Raging Bolt, L50|\n|poke|p1|Clefairy, L50, F|\n|poke|p1|Iron Valiant, L50|\n|poke|p1|Urshifu-*, L50, M|\n|poke|p2|Calyrex-Shadow, L50|\n|poke|p2|Chi-Yu, L50|\n|poke|p2|Flutter Mane, L50|\n|poke|p2|Urshifu-*, L50, M|\n|poke|p2|Tornadus, L50, M|\n|poke|p2|Ogerpon-Cornerstone, L50, F|\n|teampreview|4\n|j| xiaolongH\n|inactive|Battle timer is ON: inactive players will automatically lose when time's up. (requested by Read Book)\n|inactive|TubbbbbyToucan has 60 seconds left.\n|\n|t:|1737102116\n|start\n|switch|p1a: Clefairy|Clefairy, L50, F|100\/100\n|switch|p1b: Calyrex|Calyrex-Ice, L50|100\/100\n|switch|p2a: Flutter Mane|Flutter Mane, L50|100\/100\n|switch|p2b: Calyrex|Calyrex-Shadow, L50|100\/100\n|-ability|p2b: Calyrex|As One\n|-ability|p2b: Calyrex|Unnerve\n|-ability|p1b: Calyrex|As One\n|-ability|p1b: Calyrex|Unnerve\n|turn|1\n|inactive|Read Book has 30 seconds left.\n|\n|t:|1737102142\n|-terastallize|p1b: Calyrex|Normal\n|move|p1a: Clefairy|Follow Me|p1a: Clefairy\n|-singleturn|p1a: Clefairy|move: Follow Me\n|move|p2b: Calyrex|Astral Barrage|p1a: Clefairy|[spread] p1a\n|-immune|p1b: Calyrex\n|-damage|p1a: Clefairy|38\/100\n|-damage|p2b: Calyrex|91\/100|[from] item: Life Orb\n|move|p2a: Flutter Mane|Imprison|p2a: Flutter Mane\n|-start|p2a: Flutter Mane|move: Imprison\n|cant|p1b: Calyrex|move: Imprison|Trick Room\n|\n|upkeep\n|turn|2\n|\n|t:|1737102166\n|move|p1a: Clefairy|Helping Hand|p1b: Calyrex\n|-singleturn|p1b: Calyrex|Helping Hand|[of] p1a: Clefairy\n|move|p2b: Calyrex|Astral Barrage|p1b: Calyrex|[spread] p1a\n|-immune|p1b: Calyrex\n|-damage|p1a: Clefairy|0 fnt\n|faint|p1a: Clefairy\n|-ability|p2b: Calyrex|Grim Neigh|boost\n|-boost|p2b: Calyrex|spa|1\n|-damage|p2b: Calyrex|81\/100|[from] item: Life Orb\n|move|p2a: Flutter Mane|Moonblast|p1b: Calyrex\n|-damage|p1b: Calyrex|67\/100\n|move|p1b: Calyrex|Glacial Lance|p2b: Calyrex|[spread] p2a,p2b\n|-enditem|p2a: Flutter Mane|Focus Sash\n|-damage|p2a: Flutter Mane|1\/100\n|-damage|p2b: Calyrex|0 fnt\n|faint|p2b: Calyrex\n|-ability|p1b: Calyrex|Chilling Neigh|boost\n|-boost|p1b: Calyrex|atk|1\n|\n|upkeep\n|\n|t:|1737102187\n|switch|p2b: Chi-Yu|Chi-Yu, L50|100\/100\n|switch|p1a: Urshifu|Urshifu-Rapid-Strike, L50, M|100\/100\n|-ability|p2b: Chi-Yu|Beads of Ruin\n|turn|3\n|\n|t:|1737102209\n|move|p1b: Calyrex|Protect|p1b: Calyrex\n|-singleturn|p1b: Calyrex|Protect\n|move|p1a: Urshifu|Aqua Jet|p2a: Flutter Mane\n|-damage|p2a: Flutter Mane|0 fnt\n|faint|p2a: Flutter Mane\n|-end|p2a: Flutter Mane|Protosynthesis|[silent]\n|move|p2b: Chi-Yu|Overheat|p1b: Calyrex\n|-activate|p1b: Calyrex|move: Protect\n|\n|upkeep\n|\n|t:|1737102217\n|switch|p2a: Tornadus|Tornadus, L50, M|100\/100\n|turn|4\n|\n|t:|1737102236\n|-terastallize|p2b: Chi-Yu|Ghost\n|move|p2a: Tornadus|Sunny Day|p2a: Tornadus\n|-weather|SunnyDay\n|move|p2b: Chi-Yu|Overheat|p1b: Calyrex\n|-damage|p1b: Calyrex|0 fnt\n|-unboost|p2b: Chi-Yu|spa|2\n|faint|p1b: Calyrex\n|move|p1a: Urshifu|Surging Strikes|p2b: Chi-Yu\n|-crit|p2b: Chi-Yu\n|-damage|p2b: Chi-Yu|84\/100\n|-crit|p2b: Chi-Yu\n|-damage|p2b: Chi-Yu|67\/100\n|-crit|p2b: Chi-Yu\n|-damage|p2b: Chi-Yu|46\/100\n|-hitcount|p2b: Chi-Yu|3\n|\n|-weather|SunnyDay|[upkeep]\n|upkeep\n|\n|t:|1737102253\n|switch|p1b: Raging Bolt|Raging Bolt, L50|100\/100\n|-activate|p1b: Raging Bolt|ability: Protosynthesis\n|-start|p1b: Raging Bolt|protosynthesisspa\n|turn|5\n|\n|t:|1737102262\n|move|p2a: Tornadus|Tailwind|p2a: Tornadus\n|-sidestart|p2: TubbbbbyToucan|move: Tailwind\n|move|p1b: Raging Bolt|Thunderclap|p2b: Chi-Yu\n|-damage|p2b: Chi-Yu|0 fnt\n|faint|p2b: Chi-Yu\n|-damage|p1b: Raging Bolt|91\/100|[from] item: Life Orb\n|move|p1a: Urshifu|Surging Strikes|p2a: Tornadus\n|-crit|p2a: Tornadus\n|-damage|p2a: Tornadus|88\/100\n|-crit|p2a: Tornadus\n|-damage|p2a: Tornadus|75\/100\n|-crit|p2a: Tornadus\n|-damage|p2a: Tornadus|62\/100\n|-hitcount|p2a: Tornadus|3\n|\n|-weather|SunnyDay|[upkeep]\n|upkeep\n|turn|6\n|-message|TubbbbbyToucan forfeited.\n|\n|win|Read Book\n|raw|Read Book's rating: 1589 &rarr; <strong>1607<\/strong><br \/>(+18 for winning)\n|raw|TubbbbbyToucan's rating: 1562 &rarr; <strong>1544<\/strong><br \/>(-18 for losing)\n|l|\u2606TubbbbbyToucan\n|player|p2|\n|l|\u203dRead Book\n|player|p1|\n|l| xiaolongH\n","uploadtime":1737102545,"views":17,"formatid":"gen9vgc2025regg","rating":1544,"private":0,"password":null}