{"id":"gen9vgc2025regg-2282527797","format":"[Gen 9] VGC 2025 Reg G","players":["RustyChair13","Kwiper"],"log":"|j|\u2606RustyChair13\n|j|\u2606Kwiper\n|t:|1737070994\n|gametype|doubles\n|player|p1|RustyChair13|scientist-gen4|1585\n|player|p2|Kwiper|sycamore|1616\n|teamsize|p1|6\n|teamsize|p2|6\n|gen|9\n|tier|[Gen 9] VGC 2025 Reg G\n|rated|\n|rule|Species Clause: Limit one of each Pok\u00e9mon\n|rule|Item Clause: Limit 1 of each item\n|clearpoke\n|poke|p1|Calyrex-Ice, L50|\n|poke|p1|Urshifu-*, L50, M|\n|poke|p1|Pelipper, L50, F|\n|poke|p1|Amoonguss, L50, M|\n|poke|p1|Iron Valiant, L50|\n|poke|p1|Landorus, L50, M|\n|poke|p2|Koraidon, L50|\n|poke|p2|Flutter Mane, L50|\n|poke|p2|Raging Bolt, L50|\n|poke|p2|Tornadus, L50, M|\n|poke|p2|Chi-Yu, L50|\n|poke|p2|Bastiodon, L50, F|\n|teampreview|4\n|inactive|Battle timer is ON: inactive players will automatically lose when time's up. (requested by Kwiper)\n|inactive|RustyChair13 has 60 seconds left.\n|\n|t:|1737071031\n|start\n|switch|p1a: Calyrex|Calyrex-Ice, L50|100\/100\n|switch|p1b: Pelipper|Pelipper, L50, F|100\/100\n|switch|p2a: Flutter Mane|Flutter Mane, L50|100\/100\n|switch|p2b: Chi-Yu|Chi-Yu, L50|100\/100\n|-ability|p1a: Calyrex|As One\n|-ability|p1a: Calyrex|Unnerve\n|-ability|p2b: Chi-Yu|Beads of Ruin\n|-weather|RainDance|[from] ability: Drizzle|[of] p1b: Pelipper\n|turn|1\n|\n|t:|1737071046\n|-terastallize|p1a: Calyrex|Grass\n|move|p1b: Pelipper|Wide Guard|p1b: Pelipper\n|-singleturn|p1b: Pelipper|Wide Guard\n|move|p2a: Flutter Mane|Moonblast|p1b: Pelipper\n|-damage|p1b: Pelipper|2\/100\n|move|p2b: Chi-Yu|Dark Pulse|p1b: Pelipper\n|-damage|p1b: Pelipper|0 fnt\n|faint|p1b: Pelipper\n|move|p1a: Calyrex|Trick Room|p1a: Calyrex\n|-fieldstart|move: Trick Room|[of] p1a: Calyrex\n|\n|-weather|RainDance|[upkeep]\n|upkeep\n|\n|t:|1737071056\n|switch|p1b: Amoonguss|Amoonguss, L50, M|100\/100\n|turn|2\n|j| The_Beast1440\n|\n|t:|1737071072\n|move|p1b: Amoonguss|Spore|p2a: Flutter Mane\n|-status|p2a: Flutter Mane|slp|[from] move: Spore\n|move|p1a: Calyrex|High Horsepower|p2b: Chi-Yu\n|-supereffective|p2b: Chi-Yu\n|-damage|p2b: Chi-Yu|0 fnt\n|faint|p2b: Chi-Yu\n|-ability|p1a: Calyrex|Chilling Neigh|boost\n|-boost|p1a: Calyrex|atk|1\n|cant|p2a: Flutter Mane|slp\n|\n|-weather|RainDance|[upkeep]\n|upkeep\n|\n|t:|1737071077\n|switch|p2b: Bastiodon|Bastiodon, L50, F|100\/100\n|turn|3\n|\n|t:|1737071097\n|-terastallize|p2b: Bastiodon|Grass\n|move|p1b: Amoonguss|Spore|p2b: Bastiodon\n|-immune|p2b: Bastiodon\n|move|p2b: Bastiodon|Iron Defense|p2b: Bastiodon\n|-boost|p2b: Bastiodon|def|2\n|move|p1a: Calyrex|High Horsepower|p2a: Flutter Mane\n|-enditem|p2a: Flutter Mane|Focus Sash\n|-damage|p2a: Flutter Mane|1\/100 slp\n|cant|p2a: Flutter Mane|slp\n|\n|-weather|RainDance|[upkeep]\n|upkeep\n|turn|4\n|j| ZaEric\n|\n|t:|1737071112\n|move|p2b: Bastiodon|Wide Guard|p2b: Bastiodon\n|-singleturn|p2b: Bastiodon|Wide Guard\n|move|p1b: Amoonguss|Clear Smog|p2b: Bastiodon\n|-supereffective|p2b: Bastiodon\n|-damage|p2b: Bastiodon|79\/100\n|-clearboost|p2b: Bastiodon\n|move|p1a: Calyrex|Glacial Lance|p2a: Flutter Mane|[spread] \n|-activate|p2a: Flutter Mane|move: Wide Guard\n|-activate|p2b: Bastiodon|move: Wide Guard\n|cant|p2a: Flutter Mane|slp\n|\n|-weather|RainDance|[upkeep]\n|upkeep\n|turn|5\n|\n|t:|1737071125\n|move|p1b: Amoonguss|Clear Smog|p2b: Bastiodon\n|-supereffective|p2b: Bastiodon\n|-damage|p2b: Bastiodon|60\/100\n|-clearboost|p2b: Bastiodon\n|move|p2b: Bastiodon|Foul Play|p1a: Calyrex\n|-damage|p1a: Calyrex|59\/100\n|move|p1a: Calyrex|High Horsepower|p2a: Flutter Mane\n|-damage|p2a: Flutter Mane|0 fnt\n|faint|p2a: Flutter Mane\n|-end|p2a: Flutter Mane|Protosynthesis|[silent]\n|-ability|p1a: Calyrex|Chilling Neigh|boost\n|-boost|p1a: Calyrex|atk|1\n|\n|-weather|none\n|-fieldend|move: Trick Room\n|upkeep\n|\n|t:|1737071129\n|switch|p2a: Koraidon|Koraidon, L50|100\/100\n|-weather|SunnyDay|[from] ability: Orichalcum Pulse|[of] p2a: Koraidon\n|-activate|p2a: Koraidon|Orichalcum Pulse|[source]\n|turn|6\n|\n|t:|1737071149\n|move|p2b: Bastiodon|Wide Guard|p2b: Bastiodon\n|-singleturn|p2b: Bastiodon|Wide Guard\n|move|p1b: Amoonguss|Rage Powder|p1b: Amoonguss\n|-singleturn|p1b: Amoonguss|move: Rage Powder\n|move|p2a: Koraidon|Flare Blitz|p1b: Amoonguss\n|-supereffective|p1b: Amoonguss\n|-damage|p1b: Amoonguss|0 fnt\n|-damage|p2a: Koraidon|84\/100|[from] item: Rocky Helmet|[of] p1b: Amoonguss\n|faint|p1b: Amoonguss\n|-damage|p2a: Koraidon|45\/100|[from] Recoil\n|move|p1a: Calyrex|High Horsepower|p2a: Koraidon\n|-damage|p2a: Koraidon|0 fnt\n|faint|p2a: Koraidon\n|-ability|p1a: Calyrex|Chilling Neigh|boost\n|-boost|p1a: Calyrex|atk|1\n|\n|-weather|SunnyDay|[upkeep]\n|upkeep\n|-message|Kwiper forfeited.\n|\n|win|RustyChair13\n|raw|RustyChair13's rating: 1585 &rarr; <strong>1607<\/strong><br \/>(+22 for winning)\n|raw|Kwiper's rating: 1616 &rarr; <strong>1594<\/strong><br \/>(-22 for losing)\n|l|\u2606Kwiper\n|player|p2|\n|l|\u2606RustyChair13\n|player|p1|\n|l| The_Beast1440\n|l| ZaEric\n","uploadtime":1737071420,"views":24,"formatid":"gen9vgc2025regg","rating":1594,"private":0,"password":null}