{"id":"gen9vgc2025regg-2282198992","format":"[Gen 9] VGC 2025 Reg G","players":["tz999","tyuiop112"],"log":"|j|\u2606tz999\n|j|\u2606tyuiop112\n|t:|1737035727\n|gametype|doubles\n|player|p1|tz999|102|1613\n|player|p2|tyuiop112|101|1603\n|teamsize|p1|6\n|teamsize|p2|6\n|gen|9\n|tier|[Gen 9] VGC 2025 Reg G\n|rated|\n|rule|Species Clause: Limit one of each Pok\u00e9mon\n|rule|Item Clause: Limit 1 of each item\n|clearpoke\n|poke|p1|Calyrex-Ice, L50|\n|poke|p1|Ogerpon-Hearthflame, L50, F|\n|poke|p1|Chandelure, L50, M|\n|poke|p1|Landorus, L50, M|\n|poke|p1|Farigiraf, L50, F|\n|poke|p1|Urshifu-*, L50, F|\n|poke|p2|Flutter Mane, L50|\n|poke|p2|Chi-Yu, L50|\n|poke|p2|Chien-Pao, L50|\n|poke|p2|Urshifu-*, L50, F|\n|poke|p2|Amoonguss, L50, M|\n|poke|p2|Zamazenta-*, L50|\n|teampreview|4\n|\n|t:|1737035768\n|start\n|switch|p1a: Calyrex|Calyrex-Ice, L50|100\/100\n|switch|p1b: Ogerpon|Ogerpon-Hearthflame, L50, F|100\/100\n|switch|p2a: Urshifu|Urshifu, L50, F|100\/100\n|switch|p2b: Flutter Mane|Flutter Mane, L50|100\/100\n|-ability|p1a: Calyrex|As One\n|-ability|p1a: Calyrex|Unnerve\n|-ability|p1b: Ogerpon|Mold Breaker\n|-enditem|p2b: Flutter Mane|Booster Energy\n|-activate|p2b: Flutter Mane|ability: Protosynthesis|[fromitem]\n|-start|p2b: Flutter Mane|protosynthesisspe\n|turn|1\n|\n|t:|1737035783\n|-terastallize|p1a: Calyrex|Water\n|move|p2b: Flutter Mane|Icy Wind|p1a: Calyrex|[spread] p1a,p1b\n|-resisted|p1a: Calyrex\n|-damage|p1a: Calyrex|96\/100\n|-damage|p1b: Ogerpon|86\/100\n|-unboost|p1a: Calyrex|spe|1\n|-unboost|p1b: Ogerpon|spe|1\n|move|p2a: Urshifu|Wicked Blow|p1a: Calyrex\n|-crit|p1a: Calyrex\n|-damage|p1a: Calyrex|59\/100\n|move|p1b: Ogerpon|Ivy Cudgel|p2a: Urshifu|[anim] Ivy Cudgel Fire\n|-damage|p2a: Urshifu|45\/100\n|move|p1a: Calyrex|Glacial Lance|p2b: Flutter Mane|[spread] p2a,p2b\n|-damage|p2a: Urshifu|0 fnt\n|-damage|p2b: Flutter Mane|28\/100\n|faint|p2a: Urshifu\n|-ability|p1a: Calyrex|Chilling Neigh|boost\n|-boost|p1a: Calyrex|atk|1\n|\n|upkeep\n|j| Therazer456\n|\n|t:|1737035805\n|switch|p2a: Zamazenta|Zamazenta-Crowned, L50|100\/100\n|-ability|p2a: Zamazenta|Dauntless Shield|boost\n|-boost|p2a: Zamazenta|def|1\n|turn|2\n|j| Mega Delibird X\n|\n|t:|1737035831\n|move|p1a: Calyrex|Protect|p1a: Calyrex\n|-singleturn|p1a: Calyrex|Protect\n|move|p2b: Flutter Mane|Moonblast|p1b: Ogerpon\n|-resisted|p1b: Ogerpon\n|-damage|p1b: Ogerpon|62\/100\n|-unboost|p1b: Ogerpon|spa|1\n|move|p2a: Zamazenta|Body Press|p1b: Ogerpon\n|-damage|p1b: Ogerpon|0 fnt\n|faint|p1b: Ogerpon\n|\n|upkeep\n|\n|t:|1737035842\n|switch|p1b: Landorus|Landorus, L50, M|100\/100\n|turn|3\n|j| EvanRaiko\n|\n|t:|1737035862\n|move|p2b: Flutter Mane|Icy Wind|p1a: Calyrex|[spread] p1a,p1b\n|-resisted|p1a: Calyrex\n|-supereffective|p1b: Landorus\n|-damage|p1a: Calyrex|55\/100\n|-damage|p1b: Landorus|27\/100\n|-unboost|p1a: Calyrex|spe|1\n|-unboost|p1b: Landorus|spe|1\n|move|p2a: Zamazenta|Body Press|p1b: Landorus\n|-resisted|p1b: Landorus\n|-damage|p1b: Landorus|0 fnt\n|faint|p1b: Landorus\n|move|p1a: Calyrex|Glacial Lance|p2b: Flutter Mane|[spread] p2a,p2b\n|-resisted|p2a: Zamazenta\n|-damage|p2a: Zamazenta|85\/100\n|-damage|p2b: Flutter Mane|0 fnt\n|faint|p2b: Flutter Mane\n|-end|p2b: Flutter Mane|Protosynthesis|[silent]\n|-ability|p1a: Calyrex|Chilling Neigh|boost\n|-boost|p1a: Calyrex|atk|1\n|\n|upkeep\n|\n|t:|1737035878\n|switch|p2b: Chien-Pao|Chien-Pao, L50|100\/100\n|switch|p1b: Chandelure|Chandelure, L50, M|100\/100\n|-ability|p2b: Chien-Pao|Sword of Ruin\n|turn|4\n|\n|t:|1737035898\n|-terastallize|p2a: Zamazenta|Dragon\n|move|p1b: Chandelure|Protect|p1b: Chandelure\n|-singleturn|p1b: Chandelure|Protect\n|move|p2b: Chien-Pao|Throat Chop|p1a: Calyrex\n|-damage|p1a: Calyrex|18\/100\n|-start|p1a: Calyrex|Throat Chop|[silent]\n|-enditem|p1a: Calyrex|Sitrus Berry|[eat]\n|-heal|p1a: Calyrex|43\/100|[from] item: Sitrus Berry\n|move|p2a: Zamazenta|Body Press|p1a: Calyrex\n|-damage|p1a: Calyrex|0 fnt\n|faint|p1a: Calyrex\n|\n|upkeep\n|turn|5\n|-message|tz999 forfeited.\n|\n|win|tyuiop112\n|raw|tz999's rating: 1613 &rarr; <strong>1592<\/strong><br \/>(-21 for losing)\n|raw|tyuiop112's rating: 1603 &rarr; <strong>1624<\/strong><br \/>(+21 for winning)\n|l|\u2606tz999\n|player|p1|\n|l|\u2606tyuiop112\n|player|p2|\n|l| Therazer456\n|l| Mega Delibird X\n","uploadtime":1737036075,"views":24,"formatid":"gen9vgc2025regg","rating":1592,"private":0,"password":null}