{"id":"gen9vgc2025regg-2282892502","format":"[Gen 9] VGC 2025 Reg G","players":["Chatanyan","longhq"],"log":"|j|\u2606Chatanyan\n|j|\u203dlonghq\n|t:|1737127375\n|gametype|doubles\n|player|p1|Chatanyan|2|1551\n|player|p2|longhq|dawn|1556\n|teamsize|p1|6\n|teamsize|p2|6\n|gen|9\n|tier|[Gen 9] VGC 2025 Reg G\n|rated|\n|rule|Species Clause: Limit one of each Pok\u00e9mon\n|rule|Item Clause: Limit 1 of each item\n|clearpoke\n|poke|p1|Tornadus, L50, M|\n|poke|p1|Ninetales-Alola, L50, F|\n|poke|p1|Dragonite, L50, M|\n|poke|p1|Incineroar, L50, F|\n|poke|p1|Calyrex-Ice, L50|\n|poke|p1|Amoonguss, L50, M|\n|poke|p2|Miraidon, L50|\n|poke|p2|Iron Hands, L50|\n|poke|p2|Smeargle, L50, M|\n|poke|p2|Tornadus, L50, M|\n|poke|p2|Ogerpon-Hearthflame, L50, F|\n|poke|p2|Urshifu-*, L50, M|\n|teampreview|4\n|inactive|Battle timer is ON: inactive players will automatically lose when time's up. (requested by Chatanyan)\n|j| kiabu233\n|\n|t:|1737127415\n|start\n|switch|p1a: Tornadus|Tornadus, L50, M|100\/100\n|switch|p1b: Dragonite|Dragonite, L50, M|100\/100\n|switch|p2a: Ogerpon|Ogerpon-Hearthflame, L50, F|100\/100\n|switch|p2b: Smeargle|Smeargle, L50, M|100\/100\n|-ability|p2a: Ogerpon|Mold Breaker\n|turn|1\n|\n|t:|1737127426\n|-terastallize|p2a: Ogerpon|Fire\n|detailschange|p2a: Ogerpon|Ogerpon-Hearthflame-Tera, L50, F, tera:Fire\n|-ability|p2a: Ogerpon|Embody Aspect (Hearthflame)|boost\n|-boost|p2a: Ogerpon|atk|1\n|-terastallize|p1b: Dragonite|Ground\n|move|p1a: Tornadus|Taunt|p2b: Smeargle\n|-start|p2b: Smeargle|move: Taunt\n|move|p2a: Ogerpon|Ivy Cudgel|p1a: Tornadus|[anim] Ivy Cudgel Fire\n|-damage|p1a: Tornadus|0 fnt\n|faint|p1a: Tornadus\n|cant|p2b: Smeargle|move: Taunt|Spore\n|move|p1b: Dragonite|Earthquake|p2a: Ogerpon|[spread] p2a,p2b\n|-supereffective|p2a: Ogerpon\n|-damage|p2a: Ogerpon|0 fnt\n|-enditem|p2b: Smeargle|Focus Sash\n|-damage|p2b: Smeargle|1\/100\n|faint|p2a: Ogerpon\n|\n|-ability|p2b: Smeargle|Moody|boost\n|-boost|p2b: Smeargle|spa|2\n|-unboost|p2b: Smeargle|def|1\n|upkeep\n|inactive|Chatanyan has 30 seconds left.\n|\n|t:|1737127451\n|switch|p1a: Ninetales|Ninetales-Alola, L50, F|100\/100\n|switch|p2a: Miraidon|Miraidon, L50|100\/100\n|-fieldstart|move: Electric Terrain|[from] ability: Hadron Engine|[of] p2a: Miraidon\n|-weather|Snow|[from] ability: Snow Warning|[of] p1a: Ninetales\n|turn|2\n|\n|t:|1737127462\n|switch|p2b: Iron Hands|Iron Hands, L50|100\/100\n|-activate|p2b: Iron Hands|ability: Quark Drive\n|-start|p2b: Iron Hands|quarkdriveatk\n|move|p2a: Miraidon|Draco Meteor|p1b: Dragonite\n|-damage|p1b: Dragonite|0 fnt\n|-unboost|p2a: Miraidon|spa|2\n|faint|p1b: Dragonite\n|move|p1a: Ninetales|Aurora Veil|p1a: Ninetales\n|-sidestart|p1: Chatanyan|move: Aurora Veil\n|\n|-weather|Snow|[upkeep]\n|upkeep\n|\n|t:|1737127469\n|switch|p1b: Calyrex|Calyrex-Ice, L50|100\/100\n|-ability|p1b: Calyrex|As One\n|-ability|p1b: Calyrex|Unnerve\n|turn|3\n|\n|t:|1737127492\n|switch|p2a: Smeargle|Smeargle, L50, M|1\/100\n|move|p2b: Iron Hands|Fake Out|p1b: Calyrex\n|-damage|p1b: Calyrex|95\/100\n|move|p1a: Ninetales|Moonblast|p2b: Iron Hands\n|-supereffective|p2b: Iron Hands\n|-damage|p2b: Iron Hands|70\/100\n|cant|p1b: Calyrex|flinch\n|\n|-weather|Snow|[upkeep]\n|-ability|p2a: Smeargle|Moody|boost\n|-boost|p2a: Smeargle|def|2\n|-unboost|p2a: Smeargle|atk|1\n|upkeep\n|turn|4\n|\n|t:|1737127509\n|move|p1b: Calyrex|Protect|p1b: Calyrex\n|-singleturn|p1b: Calyrex|Protect\n|move|p2a: Smeargle|Wide Guard|p2a: Smeargle\n|-singleturn|p2a: Smeargle|Wide Guard\n|move|p1a: Ninetales|Moonblast|p2b: Iron Hands\n|-supereffective|p2b: Iron Hands\n|-damage|p2b: Iron Hands|37\/100\n|move|p2b: Iron Hands|Low Kick|p1b: Calyrex\n|-activate|p1b: Calyrex|move: Protect\n|\n|-weather|Snow|[upkeep]\n|-ability|p2a: Smeargle|Moody|boost\n|-boost|p2a: Smeargle|spe|2\n|-unboost|p2a: Smeargle|def|1\n|upkeep\n|turn|5\n|inactive|longhq has 30 seconds left.\n|\n|t:|1737127537\n|move|p2a: Smeargle|Wide Guard|p2a: Smeargle\n|-singleturn|p2a: Smeargle|Wide Guard\n|move|p1a: Ninetales|Blizzard|p2b: Iron Hands|[spread] \n|-activate|p2a: Smeargle|move: Wide Guard\n|-activate|p2b: Iron Hands|move: Wide Guard\n|move|p1b: Calyrex|High Horsepower|p2b: Iron Hands\n|-supereffective|p2b: Iron Hands\n|-damage|p2b: Iron Hands|0 fnt\n|faint|p2b: Iron Hands\n|-end|p2b: Iron Hands|Quark Drive|[silent]\n|-ability|p1b: Calyrex|Chilling Neigh|boost\n|-boost|p1b: Calyrex|atk|1\n|\n|-weather|Snow|[upkeep]\n|-ability|p2a: Smeargle|Moody|boost\n|-boost|p2a: Smeargle|spd|2\n|-unboost|p2a: Smeargle|atk|1\n|upkeep\n|\n|t:|1737127547\n|switch|p2b: Miraidon|Miraidon, L50|100\/100\n|-activate|p2b: Miraidon|ability: Hadron Engine\n|turn|6\n|\n|t:|1737127566\n|move|p2a: Smeargle|Decorate|p2b: Miraidon\n|-boost|p2b: Miraidon|atk|2\n|-boost|p2b: Miraidon|spa|2\n|move|p2b: Miraidon|Electro Drift|p1b: Calyrex\n|-damage|p1b: Calyrex|0 fnt\n|faint|p1b: Calyrex\n|move|p1a: Ninetales|Blizzard|p2a: Smeargle|[spread] p2a,p2b\n|-supereffective|p2b: Miraidon\n|-damage|p2a: Smeargle|0 fnt\n|-damage|p2b: Miraidon|59\/100\n|faint|p2a: Smeargle\n|\n|-weather|none\n|-fieldend|move: Electric Terrain\n|upkeep\n|turn|7\n|\n|t:|1737127580\n|move|p2b: Miraidon|Electro Drift|p1a: Ninetales\n|-damage|p1a: Ninetales|0 fnt\n|faint|p1a: Ninetales\n|\n|win|longhq\n|raw|Chatanyan's rating: 1551 &rarr; <strong>1531<\/strong><br \/>(-20 for losing)\n|raw|longhq's rating: 1556 &rarr; <strong>1576<\/strong><br \/>(+20 for winning)\n|l|\u203dlonghq\n|player|p2|\n|l|\u2606Chatanyan\n|player|p1|\n|l| kiabu233\n","uploadtime":1737127725,"views":17,"formatid":"gen9vgc2025regg","rating":1531,"private":0,"password":null}