{"id":"gen9vgc2025regg-2282628060","format":"[Gen 9] VGC 2025 Reg G","players":["Ninjaloki","It'sJustKen VGC"],"log":"|j|\u2606Ninjaloki\n|j|\u2606It'sJustKen VGC\n|t:|1737084655\n|gametype|doubles\n|player|p1|Ninjaloki|2|1619\n|player|p2|It'sJustKen VGC|turo|1571\n|teamsize|p1|6\n|teamsize|p2|6\n|gen|9\n|tier|[Gen 9] VGC 2025 Reg G\n|rated|\n|rule|Species Clause: Limit one of each Pok\u00e9mon\n|rule|Item Clause: Limit 1 of each item\n|clearpoke\n|poke|p1|Miraidon, L50|\n|poke|p1|Whimsicott, L50, F|\n|poke|p1|Urshifu-*, L50, F|\n|poke|p1|Ogerpon-Hearthflame, L50, F|\n|poke|p1|Farigiraf, L50, M|\n|poke|p1|Iron Hands, L50|\n|poke|p2|Incineroar, L50, M|\n|poke|p2|Ogerpon-Hearthflame, L50, F|\n|poke|p2|Urshifu-*, L50, F|\n|poke|p2|Landorus, L50, M|\n|poke|p2|Rillaboom, L50, M|\n|poke|p2|Zamazenta-*, L50|\n|teampreview|4\n|inactive|Battle timer is ON: inactive players will automatically lose when time's up. (requested by It'sJustKen VGC)\n|inactive|It'sJustKen VGC has 60 seconds left.\n|j| Yukina VGC\n|\n|t:|1737084697\n|start\n|switch|p1a: Miraidon|Miraidon, L50|100\/100\n|switch|p1b: Ogerpon|Ogerpon-Hearthflame, L50, F|100\/100\n|switch|p2a: Landorus|Landorus, L50, M|100\/100\n|switch|p2b: Incineroar|Incineroar, L50, M|100\/100\n|-fieldstart|move: Electric Terrain|[from] ability: Hadron Engine|[of] p1a: Miraidon\n|-ability|p1b: Ogerpon|Mold Breaker\n|-ability|p2b: Incineroar|Intimidate|boost\n|-unboost|p1a: Miraidon|atk|1\n|-unboost|p1b: Ogerpon|atk|1\n|turn|1\n|\n|t:|1737084714\n|switch|p1b: Farigiraf|Farigiraf, L50, M|100\/100\n|-enditem|p1b: Farigiraf|Electric Seed\n|-boost|p1b: Farigiraf|def|1|[from] item: Electric Seed\n|-terastallize|p1a: Miraidon|Fairy\n|-terastallize|p2a: Landorus|Poison\n|move|p2b: Incineroar|Fake Out||[still]\n|cant|p1b: Farigiraf|ability: Armor Tail|Fake Out|[of] p2b: Incineroar\n|move|p1a: Miraidon|Dazzling Gleam|p2b: Incineroar|[spread] p2a,p2b\n|-resisted|p2a: Landorus\n|-crit|p2b: Incineroar\n|-damage|p2a: Landorus|57\/100\n|-damage|p2b: Incineroar|12\/100\n|move|p2a: Landorus|Sludge Bomb|p1b: Farigiraf\n|-damage|p1b: Farigiraf|32\/100\n|\n|upkeep\n|turn|2\n|\n|t:|1737084734\n|switch|p2b: Rillaboom|Rillaboom, L50, M, shiny|100\/100\n|-fieldstart|move: Grassy Terrain|[from] ability: Grassy Surge|[of] p2b: Rillaboom\n|move|p1b: Farigiraf|Helping Hand|p1a: Miraidon\n|-singleturn|p1a: Miraidon|Helping Hand|[of] p1b: Farigiraf\n|move|p2a: Landorus|Protect|p2a: Landorus\n|-singleturn|p2a: Landorus|Protect\n|move|p1a: Miraidon|Dazzling Gleam|p2a: Landorus|[spread] p2b\n|-activate|p2a: Landorus|move: Protect\n|-damage|p2b: Rillaboom|50\/100\n|\n|-heal|p2a: Landorus|63\/100|[from] Grassy Terrain\n|-heal|p2b: Rillaboom|55\/100|[from] Grassy Terrain\n|-heal|p1b: Farigiraf|38\/100|[from] Grassy Terrain\n|upkeep\n|turn|3\n|\n|t:|1737084754\n|move|p1b: Farigiraf|Helping Hand|p1a: Miraidon\n|-singleturn|p1a: Miraidon|Helping Hand|[of] p1b: Farigiraf\n|move|p1a: Miraidon|Dazzling Gleam|p2a: Landorus|[spread] p2a,p2b\n|-resisted|p2a: Landorus\n|-damage|p2a: Landorus|15\/100\n|-damage|p2b: Rillaboom|3\/100\n|move|p2a: Landorus|Sludge Bomb|p1a: Miraidon\n|-supereffective|p1a: Miraidon\n|-damage|p1a: Miraidon|0 fnt\n|faint|p1a: Miraidon\n|move|p2b: Rillaboom|Wood Hammer|p1b: Farigiraf\n|-damage|p1b: Farigiraf|0 fnt\n|faint|p1b: Farigiraf\n|-damage|p2b: Rillaboom|0 fnt|[from] Recoil\n|faint|p2b: Rillaboom\n|\n|-heal|p2a: Landorus|21\/100|[from] Grassy Terrain\n|upkeep\n|j| Mega Delibird X\n|\n|t:|1737084773\n|switch|p1a: Ogerpon|Ogerpon-Hearthflame, L50, F|100\/100\n|switch|p2b: Incineroar|Incineroar, L50, M|12\/100\n|switch|p1b: Iron Hands|Iron Hands, L50|100\/100\n|-ability|p1a: Ogerpon|Mold Breaker\n|-ability|p2b: Incineroar|Intimidate|boost\n|-unboost|p1a: Ogerpon|atk|1\n|-unboost|p1b: Iron Hands|atk|1\n|turn|4\n|inactive|Ninjaloki has 30 seconds left.\n|\n|t:|1737084799\n|move|p1a: Ogerpon|Spiky Shield|p1a: Ogerpon\n|-singleturn|p1a: Ogerpon|move: Protect\n|move|p2a: Landorus|Protect|p2a: Landorus\n|-singleturn|p2a: Landorus|Protect\n|move|p2b: Incineroar|Will-O-Wisp|p1b: Iron Hands\n|-status|p1b: Iron Hands|brn\n|move|p1b: Iron Hands|Wild Charge|p2a: Landorus\n|-activate|p2a: Landorus|move: Protect\n|\n|-heal|p2a: Landorus|27\/100|[from] Grassy Terrain\n|-heal|p2b: Incineroar|18\/100|[from] Grassy Terrain\n|-damage|p1b: Iron Hands|95\/100 brn|[from] brn\n|upkeep\n|turn|5\n|\n|t:|1737084817\n|switch|p2a: Zamazenta|Zamazenta-Crowned, L50|100\/100\n|-ability|p2a: Zamazenta|Dauntless Shield|boost\n|-boost|p2a: Zamazenta|def|1\n|move|p1a: Ogerpon|Ivy Cudgel|p2a: Zamazenta|[anim] Ivy Cudgel Fire\n|-supereffective|p2a: Zamazenta\n|-damage|p2a: Zamazenta|74\/100\n|move|p2b: Incineroar|Parting Shot|p1a: Ogerpon\n|-unboost|p1a: Ogerpon|atk|1\n|-unboost|p1a: Ogerpon|spa|1\n|\n|t:|1737084822\n|switch|p2b: Landorus|Landorus, L50, M, tera:Poison|27\/100|[from] Parting Shot\n|move|p1b: Iron Hands|Drain Punch|p2b: Landorus\n|-resisted|p2b: Landorus\n|-damage|p2b: Landorus|19\/100\n|-heal|p1b: Iron Hands|98\/100 brn|[from] drain|[of] p2b: Landorus\n|\n|-heal|p2a: Zamazenta|81\/100|[from] Grassy Terrain\n|-heal|p2b: Landorus|25\/100|[from] Grassy Terrain\n|-heal|p1b: Iron Hands|100\/100 brn|[from] Grassy Terrain\n|-damage|p1b: Iron Hands|95\/100 brn|[from] brn\n|upkeep\n|turn|6\n|\n|t:|1737084846\n|move|p2a: Zamazenta|Protect|p2a: Zamazenta\n|-singleturn|p2a: Zamazenta|Protect\n|move|p2b: Landorus|Protect|p2b: Landorus\n|-singleturn|p2b: Landorus|Protect\n|move|p1a: Ogerpon|Ivy Cudgel|p2b: Landorus|[anim] Ivy Cudgel Fire\n|-activate|p2b: Landorus|move: Protect\n|move|p1b: Iron Hands|Wild Charge|p2b: Landorus\n|-activate|p2b: Landorus|move: Protect\n|\n|-heal|p2a: Zamazenta|87\/100|[from] Grassy Terrain\n|-heal|p2b: Landorus|31\/100|[from] Grassy Terrain\n|-heal|p1b: Iron Hands|100\/100 brn|[from] Grassy Terrain\n|-damage|p1b: Iron Hands|95\/100 brn|[from] brn\n|-fieldend|move: Grassy Terrain\n|upkeep\n|turn|7\n|\n|t:|1737084865\n|switch|p2b: Incineroar|Incineroar, L50, M|18\/100\n|-ability|p2b: Incineroar|Intimidate|boost\n|-unboost|p1a: Ogerpon|atk|1\n|-unboost|p1b: Iron Hands|atk|1\n|move|p2a: Zamazenta|Body Press|p1a: Ogerpon\n|-damage|p1a: Ogerpon|30\/100\n|move|p1a: Ogerpon|Ivy Cudgel|p2b: Incineroar|[anim] Ivy Cudgel Fire\n|-resisted|p2b: Incineroar\n|-crit|p2b: Incineroar\n|-damage|p2b: Incineroar|0 fnt\n|faint|p2b: Incineroar\n|move|p1b: Iron Hands|Wild Charge|p2a: Zamazenta\n|-damage|p2a: Zamazenta|82\/100\n|-damage|p1b: Iron Hands|94\/100 brn|[from] Recoil\n|\n|-damage|p1b: Iron Hands|88\/100 brn|[from] brn\n|upkeep\n|\n|t:|1737084869\n|switch|p2b: Landorus|Landorus, L50, M, tera:Poison|31\/100\n|turn|8\n|\n|t:|1737084886\n|move|p2a: Zamazenta|Body Press|p1b: Iron Hands\n|-damage|p1b: Iron Hands|42\/100 brn\n|move|p1a: Ogerpon|Ivy Cudgel|p2b: Landorus|[anim] Ivy Cudgel Fire\n|-damage|p2b: Landorus|4\/100\n|move|p2b: Landorus|Earth Power|p1b: Iron Hands\n|-supereffective|p1b: Iron Hands\n|-damage|p1b: Iron Hands|0 fnt\n|faint|p1b: Iron Hands\n|-end|p1b: Iron Hands|Quark Drive|[silent]\n|\n|upkeep\n|turn|9\n|-message|Ninjaloki forfeited.\n|\n|win|It'sJustKen VGC\n|raw|Ninjaloki's rating: 1619 &rarr; <strong>1596<\/strong><br \/>(-23 for losing)\n|raw|It&apos;sJustKen VGC's rating: 1571 &rarr; <strong>1594<\/strong><br \/>(+23 for winning)\n|l|\u2606Ninjaloki\n|player|p1|\n","uploadtime":1737084901,"views":22,"formatid":"gen9vgc2025regg","rating":1594,"private":0,"password":null}