{"id":"gen9vgc2025regg-2282234770","format":"[Gen 9] VGC 2025 Reg G","players":["KDR-Alt-711","pig duck eater"],"log":"|j|\u2606KDR-Alt-711\n|j|\u2606pig duck eater\n|t:|1737039902\n|gametype|doubles\n|player|p1|KDR-Alt-711|170|1553\n|player|p2|pig duck eater|266|1700\n|teamsize|p1|6\n|teamsize|p2|6\n|gen|9\n|tier|[Gen 9] VGC 2025 Reg G\n|rated|\n|rule|Species Clause: Limit one of each Pok\u00e9mon\n|rule|Item Clause: Limit 1 of each item\n|clearpoke\n|poke|p1|Miraidon, L50|\n|poke|p1|Iron Jugulis, L50|\n|poke|p1|Iron Hands, L50|\n|poke|p1|Incineroar, L50, M|\n|poke|p1|Ogerpon-Wellspring, L50, F|\n|poke|p1|Ursaluna-Bloodmoon, L50, M|\n|poke|p2|Indeedee-F, L50, F|\n|poke|p2|Weezing-Galar, L50, M|\n|poke|p2|Kyogre, L50|\n|poke|p2|Ogerpon, L50, F|\n|poke|p2|Wyrdeer, L50, M|\n|poke|p2|Chien-Pao, L50|\n|teampreview|4\n|inactive|Battle timer is ON: inactive players will automatically lose when time's up. (requested by KDR-Alt-711)\n|\n|t:|1737039949\n|start\n|switch|p1a: Miraidon|Miraidon, L50|100\/100\n|switch|p1b: Iron Jugulis|Iron Jugulis, L50, shiny|100\/100\n|switch|p2a: Wyrdeer|Wyrdeer, L50, M|100\/100\n|switch|p2b: Indeedee|Indeedee-F, L50, F|100\/100\n|-fieldstart|move: Electric Terrain|[from] ability: Hadron Engine|[of] p1a: Miraidon\n|-activate|p1b: Iron Jugulis|ability: Quark Drive\n|-start|p1b: Iron Jugulis|quarkdrivespe\n|-fieldstart|move: Psychic Terrain|[from] ability: Psychic Surge|[of] p2b: Indeedee\n|-end|p1b: Iron Jugulis|Quark Drive\n|-ability|p2a: Wyrdeer|Intimidate|boost\n|-unboost|p1a: Miraidon|atk|1\n|-unboost|p1b: Iron Jugulis|atk|1\n|turn|1\n|\n|t:|1737039964\n|move|p1a: Miraidon|Protect|p1a: Miraidon\n|-singleturn|p1a: Miraidon|Protect\n|move|p2b: Indeedee|Follow Me|p2b: Indeedee\n|-singleturn|p2b: Indeedee|move: Follow Me\n|move|p1b: Iron Jugulis|Tailwind|p1b: Iron Jugulis\n|-sidestart|p1: KDR-Alt-711|move: Tailwind\n|move|p2a: Wyrdeer|Trick Room|p2a: Wyrdeer\n|-fieldstart|move: Trick Room|[of] p2a: Wyrdeer\n|\n|upkeep\n|turn|2\n|\n|t:|1737039982\n|switch|p2a: Weezing|Weezing-Galar, L50, M|100\/100\n|-ability|p2a: Weezing|Neutralizing Gas\n|move|p2b: Indeedee|Psychic|p1a: Miraidon\n|-damage|p1a: Miraidon|67\/100\n|move|p1b: Iron Jugulis|Dragon Cheer|p1a: Miraidon\n|-start|p1a: Miraidon|move: Dragon Cheer\n|move|p1a: Miraidon|Draco Meteor|p2b: Indeedee\n|-crit|p2b: Indeedee\n|-damage|p2b: Indeedee|5\/100\n|-unboost|p1a: Miraidon|spa|2\n|\n|upkeep\n|turn|3\n|\n|t:|1737040002\n|move|p2a: Weezing|Play Rough|p1b: Iron Jugulis\n|-supereffective|p1b: Iron Jugulis\n|-damage|p1b: Iron Jugulis|15\/100\n|move|p2b: Indeedee|Tera Blast|p1b: Iron Jugulis\n|-crit|p1b: Iron Jugulis\n|-damage|p1b: Iron Jugulis|0 fnt\n|faint|p1b: Iron Jugulis\n|-end|p1b: Iron Jugulis|Quark Drive|[silent]\n|move|p1a: Miraidon|Electro Drift|p2a: Weezing\n|-crit|p2a: Weezing\n|-damage|p2a: Weezing|31\/100\n|\n|upkeep\n|j| RCDrive\n|\n|t:|1737040011\n|switch|p1b: Iron Hands|Iron Hands, L50, shiny|100\/100\n|turn|4\n|\n|t:|1737040029\n|-terastallize|p1b: Iron Hands|Bug\n|move|p1a: Miraidon|Protect|p1a: Miraidon\n|-singleturn|p1a: Miraidon|Protect\n|move|p2b: Indeedee|Follow Me|p2b: Indeedee\n|-singleturn|p2b: Indeedee|move: Follow Me\n|move|p2a: Weezing|Play Rough|p1a: Miraidon\n|-activate|p1a: Miraidon|move: Protect\n|move|p1b: Iron Hands|Wild Charge|p2b: Indeedee\n|-damage|p2b: Indeedee|0 fnt\n|-damage|p1b: Iron Hands|84\/100|[from] item: Rocky Helmet|[of] p2b: Indeedee\n|faint|p2b: Indeedee\n|-damage|p1b: Iron Hands|83\/100|[from] Recoil\n|\n|-sideend|p1: KDR-Alt-711|move: Tailwind\n|upkeep\n|\n|t:|1737040033\n|switch|p2b: Wyrdeer|Wyrdeer, L50, M|100\/100\n|turn|5\n|\n|t:|1737040056\n|switch|p1a: Ogerpon|Ogerpon-Wellspring, L50, F|100\/100\n|move|p2a: Weezing|Gunk Shot|p1a: Ogerpon\n|-supereffective|p1a: Ogerpon\n|-damage|p1a: Ogerpon|0 fnt\n|faint|p1a: Ogerpon\n|move|p1b: Iron Hands|Wild Charge|p2a: Weezing\n|-damage|p2a: Weezing|0 fnt\n|faint|p2a: Weezing\n|-end|p2a: Weezing|ability: Neutralizing Gas\n|-ability|p2b: Wyrdeer|Intimidate|boost\n|-unboost|p1b: Iron Hands|atk|1\n|-damage|p1b: Iron Hands|78\/100|[from] Recoil\n|move|p2b: Wyrdeer|Expanding Force|p1b: Iron Hands\n|-damage|p1b: Iron Hands|37\/100\n|\n|-fieldend|move: Trick Room\n|-fieldend|move: Psychic Terrain\n|upkeep\n|\n|t:|1737040069\n|switch|p1a: Miraidon|Miraidon, L50|67\/100\n|switch|p2a: Kyogre|Kyogre, L50|100\/100\n|-weather|RainDance|[from] ability: Drizzle|[of] p2a: Kyogre\n|-fieldstart|move: Electric Terrain|[from] ability: Hadron Engine|[of] p1a: Miraidon\n|-activate|p1b: Iron Hands|ability: Quark Drive\n|-start|p1b: Iron Hands|quarkdrivedef\n|turn|6\n|\n|t:|1737040079\n|-terastallize|p2a: Kyogre|Water\n|move|p2a: Kyogre|Water Spout|p1b: Iron Hands|[spread] p1a,p1b\n|-resisted|p1a: Miraidon\n|-damage|p1a: Miraidon|15\/100\n|-damage|p1b: Iron Hands|0 fnt\n|faint|p1b: Iron Hands\n|-end|p1b: Iron Hands|Quark Drive|[silent]\n|move|p1a: Miraidon|Electro Drift|p2a: Kyogre\n|-supereffective|p2a: Kyogre\n|-damage|p2a: Kyogre|0 fnt\n|faint|p2a: Kyogre\n|move|p2b: Wyrdeer|Expanding Force|p1a: Miraidon\n|-damage|p1a: Miraidon|0 fnt\n|faint|p1a: Miraidon\n|\n|win|pig duck eater\n|raw|KDR-Alt-711's rating: 1553 &rarr; <strong>1541<\/strong><br \/>(-12 for losing)\n|raw|pig duck eater's rating: 1700 &rarr; <strong>1712<\/strong><br \/>(+12 for winning)\n|l|\u2606KDR-Alt-711\n|player|p1|\n","uploadtime":1737040311,"views":22,"formatid":"gen9vgc2025regg","rating":1541,"private":0,"password":null}